{"id":"gen9doublesou-1996771406","p1":"Imagine A Place","p2":"JustRadAlex","format":"[Gen 9] Doubles OU","log":"|j|\u2606Imagine A Place\n|j|\u2606JustRadAlex\n|t:|1700722557\n|gametype|doubles\n|player|p1|Imagine A Place|youngster-gen4dp|1284\n|player|p2|JustRadAlex|juan|1359\n|teamsize|p1|6\n|teamsize|p2|6\n|gen|9\n|tier|[Gen 9] Doubles OU\n|rated|\n|rule|Species Clause: Limit one of each Pok\u00e9mon\n|rule|OHKO Clause: OHKO moves are banned\n|rule|Evasion Moves Clause: Evasion moves are banned\n|rule|Gravity Sleep Clause: The combination of sleep-inducing moves with imperfect accuracy and Gravity or Gigantamax Orbeetle are banned\n|rule|Endless Battle Clause: Forcing endless battles is banned\n|rule|HP Percentage Mod: HP is shown in percentages\n|clearpoke\n|poke|p1|Iron Hands|\n|poke|p1|Pelipper, M|\n|poke|p1|Torkoal, M|\n|poke|p1|Volcanion|\n|poke|p1|Great Tusk|\n|poke|p1|Flutter Mane|\n|poke|p2|Iron Hands|\n|poke|p2|Grimmsnarl, M|\n|poke|p2|Cresselia, F|\n|poke|p2|Rillaboom, F|\n|poke|p2|Empoleon, M|\n|poke|p2|Landorus-Therian, M|\n|teampreview\n|\n|t:|1700722597\n|start\n|switch|p1a: Torkoal|Torkoal, M, shiny|100\/100\n|switch|p1b: Flutter Mane|Flutter Mane|100\/100\n|switch|p2a: Grimmsnarl|Grimmsnarl, M, shiny|100\/100\n|switch|p2b: Kingleon|Empoleon, M, shiny|100\/100\n|-weather|SunnyDay|[from] ability: Drought|[of] p1a: Torkoal\n|-activate|p1b: Flutter Mane|ability: Protosynthesis\n|-start|p1b: Flutter Mane|protosynthesisspa\n|turn|1\n|inactive|Battle timer is ON: inactive players will automatically lose when time's up. (requested by Imagine A Place)\n|inactive|Imagine A Place has 120 seconds left.\n|\n|t:|1700722651\n|move|p2a: Grimmsnarl|Parting Shot|p1b: Flutter Mane\n|-unboost|p1b: Flutter Mane|atk|1\n|-unboost|p1b: Flutter Mane|spa|1\n|\n|t:|1700722655\n|switch|p2a: Cresselia|Cresselia, F|100\/100|[from] Parting Shot\n|move|p1b: Flutter Mane|Moonblast|p2a: Cresselia\n|-damage|p2a: Cresselia|72\/100\n|-unboost|p2a: Cresselia|spa|1\n|move|p2b: Kingleon|Water Pledge|p1a: Torkoal\n|-supereffective|p1a: Torkoal\n|-damage|p1a: Torkoal|75\/100\n|move|p1a: Torkoal|Body Press|p2b: Kingleon\n|-supereffective|p2b: Kingleon\n|-damage|p2b: Kingleon|48\/100\n|\n|-weather|SunnyDay|[upkeep]\n|-heal|p2a: Cresselia|79\/100|[from] item: Leftovers\n|upkeep\n|turn|2\n|inactive|Imagine A Place has 120 seconds left.\n|inactive|JustRadAlex has 120 seconds left.\n|\n|t:|1700722704\n|-end|p1b: Flutter Mane|Protosynthesis|[silent]\n|switch|p1b: Iron Hands|Iron Hands|100\/100\n|move|p2a: Cresselia|Lunar Blessing|p2a: Cresselia|[spread] p2a,p2b\n|-heal|p2a: Cresselia|100\/100\n|-heal|p2b: Kingleon|73\/100\n|move|p2b: Kingleon|Water Pledge|p1a: Torkoal\n|-supereffective|p1a: Torkoal\n|-damage|p1a: Torkoal|50\/100\n|move|p1a: Torkoal|Body Press|p2b: Kingleon\n|-supereffective|p2b: Kingleon\n|-damage|p2b: Kingleon|17\/100\n|\n|-weather|SunnyDay|[upkeep]\n|upkeep\n|turn|3\n|inactive|Imagine A Place has 120 seconds left.\n|\n|t:|1700722739\n|switch|p2b: Landorus|Landorus-Therian, M|100\/100\n|-ability|p2b: Landorus|Intimidate|boost\n|-unboost|p1a: Torkoal|atk|1\n|-unboost|p1b: Iron Hands|atk|1\n|move|p1b: Iron Hands|Fake Out|p2a: Cresselia\n|-damage|p2a: Cresselia|93\/100\n|cant|p2a: Cresselia|flinch\n|move|p1a: Torkoal|Body Press|p2b: Landorus\n|-resisted|p2b: Landorus\n|-damage|p2b: Landorus|84\/100\n|\n|-weather|SunnyDay|[upkeep]\n|-heal|p2a: Cresselia|99\/100|[from] item: Leftovers\n|upkeep\n|turn|4\n|\n|t:|1700722766\n|switch|p1a: Pelipper|Pelipper, M|100\/100\n|-weather|RainDance|[from] ability: Drizzle|[of] p1a: Pelipper\n|move|p2b: Landorus|Stomping Tantrum|p1a: Pelipper\n|-immune|p1a: Pelipper\n|move|p2a: Cresselia|Calm Mind|p2a: Cresselia\n|-boost|p2a: Cresselia|spa|1\n|-boost|p2a: Cresselia|spd|1\n|move|p1b: Iron Hands|Thunder Punch|p2a: Cresselia\n|-damage|p2a: Cresselia|80\/100\n|\n|-weather|RainDance|[upkeep]\n|-heal|p2a: Cresselia|86\/100|[from] item: Leftovers\n|upkeep\n|turn|5\n|inactive|Imagine A Place has 120 seconds left.\n|\n|t:|1700722797\n|switch|p2b: Grimmsnarl|Grimmsnarl, M, shiny|100\/100\n|-end|p1b: Iron Hands|Quark Drive|[silent]\n|switch|p1b: Volcanion|Volcanion|100\/100\n|move|p2a: Cresselia|Calm Mind|p2a: Cresselia\n|-boost|p2a: Cresselia|spa|1\n|-boost|p2a: Cresselia|spd|1\n|move|p1a: Pelipper|Icy Wind|p2b: Grimmsnarl|[spread] p2a,p2b\n|-damage|p2a: Cresselia|82\/100\n|-damage|p2b: Grimmsnarl|84\/100\n|-unboost|p2a: Cresselia|spe|1\n|-unboost|p2b: Grimmsnarl|spe|1\n|-damage|p1a: Pelipper|91\/100|[from] item: Life Orb\n|\n|-weather|RainDance|[upkeep]\n|-heal|p2a: Cresselia|88\/100|[from] item: Leftovers\n|upkeep\n|turn|6\n|inactive|Imagine A Place has 120 seconds left.\n|inactive|JustRadAlex has 120 seconds left.\n|\n|t:|1700722831\n|move|p2b: Grimmsnarl|Light Screen|p2b: Grimmsnarl\n|-sidestart|p2: JustRadAlex|move: Light Screen\n|move|p1b: Volcanion|Steam Eruption|p2a: Cresselia\n|-damage|p2a: Cresselia|70\/100\n|move|p1a: Pelipper|Hurricane|p2b: Grimmsnarl\n|-damage|p2b: Grimmsnarl|39\/100\n|-damage|p1a: Pelipper|81\/100|[from] item: Life Orb\n|move|p2a: Cresselia|Psychic|p1b: Volcanion\n|-damage|p1b: Volcanion|46\/100\n|\n|-weather|RainDance|[upkeep]\n|-heal|p2a: Cresselia|76\/100|[from] item: Leftovers\n|upkeep\n|turn|7\n|inactive|Imagine A Place has 120 seconds left.\n|inactive|JustRadAlex has 120 seconds left.\n|\n|t:|1700722873\n|switch|p1b: Torkoal|Torkoal, M, shiny|50\/100\n|-weather|SunnyDay|[from] ability: Drought|[of] p1b: Torkoal\n|move|p2b: Grimmsnarl|Parting Shot|p1a: Pelipper\n|-unboost|p1a: Pelipper|atk|1\n|-unboost|p1a: Pelipper|spa|1\n|\n|t:|1700722882\n|switch|p2b: Iron Hands|Iron Hands|100\/100|[from] Parting Shot\n|move|p1a: Pelipper|Hurricane|p2b: Iron Hands|[miss]\n|-miss|p1a: Pelipper|p2b: Iron Hands\n|move|p2a: Cresselia|Calm Mind|p2a: Cresselia\n|-boost|p2a: Cresselia|spa|1\n|-boost|p2a: Cresselia|spd|1\n|\n|-weather|SunnyDay|[upkeep]\n|-heal|p2a: Cresselia|82\/100|[from] item: Leftovers\n|upkeep\n|turn|8\n|inactive|JustRadAlex has 120 seconds left.\n|inactive|Imagine A Place has 120 seconds left.\n|\n|t:|1700722916\n|switch|p1a: Great Tusk|Great Tusk|100\/100\n|-activate|p1a: Great Tusk|ability: Protosynthesis\n|-start|p1a: Great Tusk|protosynthesisspe\n|move|p2b: Iron Hands|Heavy Slam|p1a: Great Tusk\n|-damage|p1a: Great Tusk|91\/100\n|move|p2a: Cresselia|Psychic|p1b: Torkoal\n|-damage|p1b: Torkoal|14\/100\n|move|p1b: Torkoal|Heat Wave|p2a: Cresselia|[spread] p2a\n|-miss|p1b: Torkoal|p2b: Iron Hands\n|-damage|p2a: Cresselia|77\/100\n|\n|-weather|SunnyDay|[upkeep]\n|-heal|p2a: Cresselia|83\/100|[from] item: Leftovers\n|upkeep\n|turn|9\n|inactive|JustRadAlex has 120 seconds left.\n|inactive|Imagine A Place has 120 seconds left.\n|inactive|JustRadAlex has 90 seconds left.\n|\n|t:|1700722953\n|-end|p2b: Iron Hands|Quark Drive|[silent]\n|switch|p2b: Landorus|Landorus-Therian, M|84\/100\n|-ability|p2b: Landorus|Intimidate|boost\n|-unboost|p1a: Great Tusk|atk|1\n|-unboost|p1b: Torkoal|atk|1\n|switch|p1b: Volcanion|Volcanion|46\/100\n|move|p1a: Great Tusk|Headlong Rush|p2a: Cresselia\n|-immune|p2a: Cresselia|[from] ability: Levitate\n|move|p2a: Cresselia|Psychic|p1a: Great Tusk\n|-supereffective|p1a: Great Tusk\n|-damage|p1a: Great Tusk|0 fnt\n|faint|p1a: Great Tusk\n|-end|p1a: Great Tusk|Protosynthesis|[silent]\n|\n|-weather|SunnyDay|[upkeep]\n|-heal|p2a: Cresselia|89\/100|[from] item: Leftovers\n|upkeep\n|\n|t:|1700722965\n|switch|p1a: Flutter Mane|Flutter Mane|100\/100\n|-activate|p1a: Flutter Mane|ability: Protosynthesis\n|-start|p1a: Flutter Mane|protosynthesisspa\n|turn|10\n|\n|t:|1700722990\n|move|p1a: Flutter Mane|Shadow Ball|p2a: Cresselia\n|-supereffective|p2a: Cresselia\n|-damage|p2a: Cresselia|70\/100\n|move|p2b: Landorus|Stomping Tantrum|p1a: Flutter Mane\n|-damage|p1a: Flutter Mane|15\/100\n|move|p1b: Volcanion|Steam Eruption|p2b: Landorus\n|-supereffective|p2b: Landorus\n|-damage|p2b: Landorus|16\/100\n|move|p2a: Cresselia|Psychic|p1a: Flutter Mane\n|-damage|p1a: Flutter Mane|0 fnt\n|faint|p1a: Flutter Mane\n|-end|p1a: Flutter Mane|Protosynthesis|[silent]\n|\n|-weather|SunnyDay|[upkeep]\n|-heal|p2a: Cresselia|76\/100|[from] item: Leftovers\n|upkeep\n|\n|t:|1700722998\n|switch|p1a: Iron Hands|Iron Hands|100\/100\n|turn|11\n|inactive|JustRadAlex has 120 seconds left.\n|inactive|JustRadAlex has 90 seconds left.\n|inactive|JustRadAlex has 60 seconds left.\n|\n|t:|1700723090\n|move|p1a: Iron Hands|Fake Out|p2b: Landorus\n|-damage|p2b: Landorus|0 fnt\n|faint|p2b: Landorus\n|move|p1b: Volcanion|Sludge Bomb|p2a: Cresselia\n|-damage|p2a: Cresselia|71\/100\n|move|p2a: Cresselia|Psychic|p1b: Volcanion\n|-damage|p1b: Volcanion|0 fnt\n|faint|p1b: Volcanion\n|\n|-weather|none\n|-heal|p2a: Cresselia|77\/100|[from] item: Leftovers\n|upkeep\n|inactive|JustRadAlex has 60 seconds left.\n|inactive|Imagine A Place has 120 seconds left.\n|\n|t:|1700723124\n|switch|p2b: Grimmsnarl|Grimmsnarl, M, shiny|39\/100\n|switch|p1b: Pelipper|Pelipper, M|81\/100\n|-weather|RainDance|[from] ability: Drizzle|[of] p1b: Pelipper\n|turn|12\n|\n|t:|1700723139\n|-terastallize|p2a: Cresselia|Fairy\n|move|p2b: Grimmsnarl|Parting Shot|p1b: Pelipper\n|-unboost|p1b: Pelipper|atk|1\n|-unboost|p1b: Pelipper|spa|1\n|\n|t:|1700723149\n|switch|p2b: Rillaboom|Rillaboom, F|100\/100|[from] Parting Shot\n|-fieldstart|move: Grassy Terrain|[from] ability: Grassy Surge|[of] p2b: Rillaboom\n|-enditem|p2b: Rillaboom|Grassy Seed\n|-boost|p2b: Rillaboom|def|1|[from] item: Grassy Seed\n|move|p1b: Pelipper|Hurricane|p2b: Rillaboom\n|-supereffective|p2b: Rillaboom\n|-damage|p2b: Rillaboom|24\/100\n|-damage|p1b: Pelipper|71\/100|[from] item: Life Orb\n|move|p2a: Cresselia|Moonblast|p1a: Iron Hands\n|-supereffective|p1a: Iron Hands\n|-damage|p1a: Iron Hands|33\/100\n|move|p1a: Iron Hands|Play Rough|p2a: Cresselia\n|-damage|p2a: Cresselia|54\/100\n|\n|-weather|RainDance|[upkeep]\n|-heal|p2b: Rillaboom|30\/100|[from] Grassy Terrain\n|-heal|p2a: Cresselia|60\/100|[from] item: Leftovers\n|-heal|p1a: Iron Hands|39\/100|[from] Grassy Terrain\n|upkeep\n|turn|13\n|inactive|JustRadAlex has 90 seconds left.\n|\n|t:|1700723177\n|move|p2b: Rillaboom|Grassy Glide|p1a: Iron Hands\n|-damage|p1a: Iron Hands|10\/100\n|move|p1b: Pelipper|Icy Wind|p2b: Rillaboom|[spread] p2a,p2b\n|-supereffective|p2b: Rillaboom\n|-damage|p2a: Cresselia|59\/100\n|-damage|p2b: Rillaboom|10\/100\n|-unboost|p2a: Cresselia|spe|1\n|-unboost|p2b: Rillaboom|spe|1\n|-damage|p1b: Pelipper|61\/100|[from] item: Life Orb\n|move|p1a: Iron Hands|Thunder Punch|p2a: Cresselia\n|-damage|p2a: Cresselia|31\/100\n|move|p2a: Cresselia|Psychic|p1b: Pelipper\n|-damage|p1b: Pelipper|0 fnt\n|faint|p1b: Pelipper\n|\n|-weather|RainDance|[upkeep]\n|-heal|p2b: Rillaboom|16\/100|[from] Grassy Terrain\n|-heal|p1a: Iron Hands|17\/100|[from] Grassy Terrain\n|-heal|p2a: Cresselia|37\/100|[from] item: Leftovers\n|-sideend|p2: JustRadAlex|move: Light Screen\n|upkeep\n|\n|t:|1700723191\n|switch|p1b: Torkoal|Torkoal, M, shiny|14\/100\n|-weather|SunnyDay|[from] ability: Drought|[of] p1b: Torkoal\n|turn|14\n|inactive|JustRadAlex has 90 seconds left.\n|\n|t:|1700723209\n|move|p2b: Rillaboom|Grassy Glide|p1a: Iron Hands\n|-damage|p1a: Iron Hands|0 fnt\n|faint|p1a: Iron Hands\n|-end|p1a: Iron Hands|Quark Drive|[silent]\n|move|p2a: Cresselia|Psychic|p1b: Torkoal\n|-damage|p1b: Torkoal|0 fnt\n|faint|p1b: Torkoal\n|\n|win|JustRadAlex\n|raw|Imagine A Place's rating: 1284 &rarr; <strong>1264<\/strong><br \/>(-20 for losing)\n|raw|JustRadAlex's rating: 1359 &rarr; <strong>1375<\/strong><br \/>(+16 for winning)\n|l|\u2606Imagine A Place\n","uploadtime":1700723318,"views":10,"p1id":"imagineaplace","p2id":"justradalex","formatid":"gen9doublesou","rating":1264,"private":0,"password":""}