{"id":"gen9doublesou-1977773942","p1":"VM.","p2":"Pasq22","format":"[Gen 9] Doubles OU","log":"|j|\u2606VM.\n|j|\u2606Pasq22\n|t:|1698447974\n|gametype|doubles\n|player|p1|VM.|2|1143\n|player|p2|Pasq22|red|1059\n|teamsize|p1|6\n|teamsize|p2|6\n|gen|9\n|tier|[Gen 9] Doubles OU\n|rated|\n|rule|Species Clause: Limit one of each Pok\u00e9mon\n|rule|OHKO Clause: OHKO moves are banned\n|rule|Evasion Moves Clause: Evasion moves are banned\n|rule|Gravity Sleep Clause: The combination of sleep-inducing moves with imperfect accuracy and Gravity or Gigantamax Orbeetle are banned\n|rule|Endless Battle Clause: Forcing endless battles is banned\n|rule|HP Percentage Mod: HP is shown in percentages\n|clearpoke\n|poke|p1|Slowbro-Galar, M|\n|poke|p1|Diancie|\n|poke|p1|Spiritomb, M|\n|poke|p1|Vaporeon, M|\n|poke|p1|Forretress, M|\n|poke|p1|Hippowdon, M|\n|poke|p2|Ninetales-Alola, M|\n|poke|p2|Abomasnow, F|\n|poke|p2|Scizor, M|\n|poke|p2|Chien-Pao|\n|poke|p2|Eiscue, F|\n|poke|p2|Heatran, F|\n|teampreview\n|inactive|Battle timer is ON: inactive players will automatically lose when time's up. (requested by Pasq22)\n|\n|t:|1698448003\n|start\n|switch|p1a: Forretress|Forretress, M|100\/100\n|switch|p1b: Diancie|Diancie|100\/100\n|switch|p2a: Ninetales|Ninetales-Alola, M|100\/100\n|switch|p2b: Eiscue|Eiscue, F|100\/100\n|-weather|Snow|[from] ability: Snow Warning|[of] p2a: Ninetales\n|turn|1\n|\n|t:|1698448026\n|switch|p2a: Abomasnow|Abomasnow, F|100\/100\n|move|p2b: Eiscue|Aurora Veil|p2b: Eiscue\n|-sidestart|p2: Pasq22|move: Aurora Veil\n|move|p1a: Forretress|Gyro Ball|p2a: Abomasnow\n|-supereffective|p2a: Abomasnow\n|-damage|p2a: Abomasnow|76\/100\n|move|p1b: Diancie|Trick Room|p1b: Diancie\n|-fieldstart|move: Trick Room|[of] p1b: Diancie\n|\n|-weather|Snow|[upkeep]\n|upkeep\n|turn|2\n|\n|t:|1698448052\n|move|p1a: Forretress|Pin Missile|p2a: Abomasnow\n|-supereffective|p2a: Abomasnow\n|-damage|p2a: Abomasnow|64\/100\n|-supereffective|p2a: Abomasnow\n|-damage|p2a: Abomasnow|52\/100\n|-supereffective|p2a: Abomasnow\n|-damage|p2a: Abomasnow|42\/100\n|-hitcount|p2a: Abomasnow|3\n|move|p1b: Diancie|Diamond Storm|p2a: Abomasnow|[spread] p2a,p2b\n|-supereffective|p2a: Abomasnow\n|-damage|p2a: Abomasnow|7\/100\n|-activate|p2b: Eiscue|ability: Ice Face\n|-damage|p2b: Eiscue|100\/100\n|-boost|p1b: Diancie|def|2\n|detailschange|p2b: Eiscue|Eiscue-Noice, F\n|move|p2a: Abomasnow|Wood Hammer|p1b: Diancie\n|-supereffective|p1b: Diancie\n|-damage|p1b: Diancie|61\/100\n|-damage|p2a: Abomasnow|0 fnt|[from] Recoil\n|faint|p2a: Abomasnow\n|move|p2b: Eiscue|Ice Spinner|p1b: Diancie\n|-damage|p1b: Diancie|47\/100\n|\n|-weather|Snow|[upkeep]\n|-heal|p1b: Diancie|53\/100|[from] item: Leftovers\n|upkeep\n|inactive|Pasq22 has 120 seconds left.\n|\n|t:|1698448080\n|switch|p2a: Scizor|Scizor, M|100\/100\n|turn|3\n|\n|t:|1698448091\n|switch|p1b: Hippowdon|Hippowdon, M|100\/100\n|-weather|Sandstorm|[from] ability: Sand Stream|[of] p1b: Hippowdon\n|move|p1a: Forretress|Gyro Ball|p2b: Eiscue\n|-supereffective|p2b: Eiscue\n|-damage|p2b: Eiscue|36\/100\n|move|p2a: Scizor|Swords Dance|p2a: Scizor\n|-boost|p2a: Scizor|atk|2\n|move|p2b: Eiscue|Liquidation|p1b: Hippowdon\n|-supereffective|p1b: Hippowdon\n|-damage|p1b: Hippowdon|70\/100\n|\n|-weather|Sandstorm|[upkeep]\n|-damage|p2b: Eiscue|30\/100|[from] Sandstorm\n|upkeep\n|turn|4\n|\n|t:|1698448113\n|move|p2a: Scizor|Bullet Punch|p1b: Hippowdon\n|-damage|p1b: Hippowdon|21\/100\n|move|p1a: Forretress|Gyro Ball|p2b: Eiscue\n|-supereffective|p2b: Eiscue\n|-damage|p2b: Eiscue|0 fnt\n|faint|p2b: Eiscue\n|move|p1b: Hippowdon|Slack Off|p1b: Hippowdon\n|-heal|p1b: Hippowdon|71\/100\n|\n|-weather|Sandstorm|[upkeep]\n|upkeep\n|\n|t:|1698448125\n|switch|p2b: Heatran|Heatran, F|100\/100\n|-item|p2b: Heatran|Air Balloon\n|turn|5\n|\n|t:|1698448138\n|switch|p1a: Vaporeon|Vaporeon, M|100\/100\n|move|p2a: Scizor|Bullet Punch|p1b: Hippowdon\n|-damage|p1b: Hippowdon|26\/100\n|move|p1b: Hippowdon|Stone Edge|p2a: Scizor|[miss]\n|-miss|p1b: Hippowdon|p2a: Scizor\n|move|p2b: Heatran|Heat Wave|p1a: Vaporeon|[spread] p1a,p1b\n|-resisted|p1a: Vaporeon\n|-damage|p1a: Vaporeon|86\/100\n|-damage|p1b: Hippowdon|0 fnt\n|faint|p1b: Hippowdon\n|\n|-weather|Sandstorm|[upkeep]\n|-damage|p1a: Vaporeon|80\/100|[from] Sandstorm\n|-fieldend|move: Trick Room\n|upkeep\n|\n|t:|1698448159\n|switch|p1b: Slowbro|Slowbro-Galar, M|100\/100\n|turn|6\n|-activate|p1b: Slowbro|ability: Quick Draw\n|\n|t:|1698448179\n|-terastallize|p2b: Heatran|Electric\n|move|p1b: Slowbro|Fire Blast|p2a: Scizor\n|-supereffective|p2a: Scizor\n|-damage|p2a: Scizor|0 fnt\n|faint|p2a: Scizor\n|move|p2b: Heatran|Tera Blast|p1a: Vaporeon|[anim] Tera Blast Electric\n|-supereffective|p1a: Vaporeon\n|-damage|p1a: Vaporeon|12\/100\n|move|p1a: Vaporeon|Surf|p2b: Heatran|[spread] p1b,p2b\n|-crit|p2b: Heatran\n|-damage|p1b: Slowbro|45\/100\n|-damage|p2b: Heatran|40\/100\n|-enditem|p2b: Heatran|Air Balloon\n|\n|-weather|Sandstorm|[upkeep]\n|-damage|p2b: Heatran|34\/100|[from] Sandstorm\n|-damage|p1a: Vaporeon|5\/100|[from] Sandstorm\n|-damage|p1b: Slowbro|39\/100|[from] Sandstorm\n|upkeep\n|inactive|Pasq22 has 120 seconds left.\n|\n|t:|1698448201\n|switch|p2a: Chien-Pao|Chien-Pao|100\/100\n|-ability|p2a: Chien-Pao|Sword of Ruin\n|turn|7\n|inactive|Pasq22 has 120 seconds left.\n|inactive|VM. has 120 seconds left.\n|\n|t:|1698448232\n|switch|p1a: Spiritomb|Spiritomb, M|100\/100\n|switch|p1b: Forretress|Forretress, M|100\/100\n|move|p2a: Chien-Pao|Crunch|p1b: Forretress\n|-damage|p1b: Forretress|61\/100\n|move|p2b: Heatran|Heat Wave|p1a: Spiritomb|[spread] p1a,p1b\n|-supereffective|p1b: Forretress\n|-damage|p1a: Spiritomb|60\/100\n|-damage|p1b: Forretress|0 fnt\n|faint|p1b: Forretress\n|-enditem|p1a: Spiritomb|Red Card|[of] p2b: Heatran\n|drag|p2b: Ninetales|Ninetales-Alola, M|100\/100\n|-weather|Snow|[from] ability: Snow Warning|[of] p2b: Ninetales\n|\n|-weather|Snow|[upkeep]\n|upkeep\n|inactive|VM. has 120 seconds left.\n|\n|t:|1698448260\n|switch|p1b: Diancie|Diancie|53\/100\n|turn|8\n|inactive|VM. has 120 seconds left.\n|\n|t:|1698448278\n|move|p2a: Chien-Pao|Icicle Crash|p1b: Diancie\n|-damage|p1b: Diancie|7\/100\n|move|p2b: Ninetales|Dazzling Gleam|p1a: Spiritomb|[spread] p1a,p1b\n|-supereffective|p1a: Spiritomb\n|-damage|p1a: Spiritomb|8\/100\n|-damage|p1b: Diancie|0 fnt\n|faint|p1b: Diancie\n|move|p1a: Spiritomb|Trick Room|p1a: Spiritomb\n|-fieldstart|move: Trick Room|[of] p1a: Spiritomb\n|\n|-weather|Snow|[upkeep]\n|-sideend|p2: Pasq22|move: Aurora Veil\n|upkeep\n|inactive|VM. has 120 seconds left.\n|\n|t:|1698448292\n|switch|p1b: Slowbro|Slowbro-Galar, M|39\/100\n|turn|9\n|\n|t:|1698448311\n|switch|p2a: Heatran|Heatran, F, tera:Electric|34\/100\n|move|p1a: Spiritomb|Destiny Bond|p1a: Spiritomb\n|-singlemove|p1a: Spiritomb|Destiny Bond\n|move|p1b: Slowbro|Shell Side Arm|p2b: Ninetales|[anim] Shell Side Arm Special\n|-supereffective|p2b: Ninetales\n|-damage|p2b: Ninetales|0 fnt\n|-hint|Special Shell Side Arm\n|faint|p2b: Ninetales\n|\n|-weather|Snow|[upkeep]\n|upkeep\n|\n|t:|1698448322\n|switch|p2b: Chien-Pao|Chien-Pao|100\/100\n|-ability|p2b: Chien-Pao|Sword of Ruin\n|turn|10\n|inactive|Pasq22 has 120 seconds left.\n|-activate|p1b: Slowbro|ability: Quick Draw\n|\n|t:|1698448364\n|move|p1b: Slowbro|Fire Blast|p2b: Chien-Pao\n|-supereffective|p2b: Chien-Pao\n|-enditem|p2b: Chien-Pao|Focus Sash\n|-damage|p2b: Chien-Pao|1\/100\n|move|p1a: Spiritomb|Shadow Ball|p2a: Heatran\n|-damage|p2a: Heatran|2\/100\n|-unboost|p2a: Heatran|spd|1\n|move|p2a: Heatran|Heat Wave|p1b: Slowbro|[spread] p1a,p1b\n|-damage|p1a: Spiritomb|0 fnt\n|-damage|p1b: Slowbro|0 fnt\n|faint|p1a: Spiritomb\n|faint|p1b: Slowbro\n|move|p2b: Chien-Pao|Sacred Sword|p1: Spiritomb|[notarget]\n|-fail|p2b: Chien-Pao\n|\n|-weather|Snow|[upkeep]\n|upkeep\n|\n|t:|1698448385\n|switch|p1b: Vaporeon|Vaporeon, M|5\/100\n|turn|11\n|c|\u2606VM.|gg\n|\n|t:|1698448391\n|move|p1b: Vaporeon|Surf|p2a: Heatran|[spread] p2a,p2b\n|-damage|p2a: Heatran|0 fnt\n|-damage|p2b: Chien-Pao|0 fnt\n|faint|p2a: Heatran\n|faint|p2b: Chien-Pao\n|\n|win|VM.\n|raw|VM.'s rating: 1143 &rarr; <strong>1162<\/strong><br \/>(+19 for winning)\n|raw|Pasq22's rating: 1059 &rarr; <strong>1045<\/strong><br \/>(-14 for losing)\n|l|\u2606Pasq22\n","uploadtime":1698448403,"views":21,"p1id":"vm","p2id":"pasq22","formatid":"gen9doublesou","rating":1045,"private":0,"password":""}