{"id":"gen9doublesou-1971765699","p1":"dj nuh uh","p2":"Penter","format":"[Gen 9] Doubles OU","log":"|j|\u2606dj nuh uh\n|j|\u2606Penter\n|inactive|Battle timer is ON: inactive players will automatically lose when time's up.\n|t:|1697769662\n|gametype|doubles\n|player|p1|dj nuh uh|steven|\n|player|p2|Penter|n|\n|teamsize|p1|6\n|teamsize|p2|6\n|gen|9\n|tier|[Gen 9] Doubles OU\n|rated|Tournament battle\n|rule|Species Clause: Limit one of each Pok\u00e9mon\n|rule|OHKO Clause: OHKO moves are banned\n|rule|Evasion Moves Clause: Evasion moves are banned\n|rule|Gravity Sleep Clause: The combination of sleep-inducing moves with imperfect accuracy and Gravity or Gigantamax Orbeetle are banned\n|rule|Endless Battle Clause: Forcing endless battles is banned\n|rule|HP Percentage Mod: HP is shown in percentages\n|clearpoke\n|poke|p1|Ursaluna, F|\n|poke|p1|Enamorus, F|\n|poke|p1|Rabsca, F|\n|poke|p1|Pawmot, M|\n|poke|p1|Cresselia, F|\n|poke|p1|Gliscor, M|\n|poke|p2|Weezing-Galar, F|\n|poke|p2|Iron Hands|\n|poke|p2|Indeedee, M|\n|poke|p2|Azelf|\n|poke|p2|Roaring Moon|\n|poke|p2|Chi-Yu|\n|teampreview\n|j|*Lady Monita \u263d\n|c|\u2606dj nuh uh|i have a feeling im gonna lose 6-0\n|inactive|Penter has 120 seconds left.\n|\n|t:|1697769702\n|start\n|switch|p1a: Rabsca|Rabsca, F|100\/100\n|switch|p1b: Ursaluna|Ursaluna, F|100\/100\n|switch|p2a: Weezing|Weezing-Galar, F|100\/100\n|switch|p2b: Roaring Moon|Roaring Moon|100\/100\n|-ability|p2a: Weezing|Neutralizing Gas\n|-enditem|p2b: Roaring Moon|Booster Energy\n|-activate|p2b: Roaring Moon|ability: Protosynthesis|[fromitem]\n|-start|p2b: Roaring Moon|protosynthesisspe\n|turn|1\n|\n|t:|1697769721\n|move|p2b: Roaring Moon|Breaking Swipe|p1b: Ursaluna|[spread] p1a,p1b\n|-damage|p1a: Rabsca|74\/100\n|-damage|p1b: Ursaluna|84\/100\n|-unboost|p1a: Rabsca|atk|1\n|-unboost|p1b: Ursaluna|atk|1\n|move|p2a: Weezing|Taunt|p1a: Rabsca\n|-start|p1a: Rabsca|move: Taunt\n|move|p1b: Ursaluna|Close Combat|p2b: Roaring Moon\n|-supereffective|p2b: Roaring Moon\n|-damage|p2b: Roaring Moon|30\/100\n|-unboost|p1b: Ursaluna|def|1\n|-unboost|p1b: Ursaluna|spd|1\n|cant|p1a: Rabsca|move: Taunt|Trick Room\n|\n|-status|p1b: Ursaluna|brn|[from] item: Flame Orb\n|upkeep\n|turn|2\n|inactive|Penter has 120 seconds left.\n|\n|t:|1697769771\n|move|p2a: Weezing|Protect|p2a: Weezing\n|-singleturn|p2a: Weezing|Protect\n|move|p2b: Roaring Moon|Breaking Swipe|p1b: Ursaluna|[spread] p1a,p1b\n|-damage|p1a: Rabsca|49\/100\n|-damage|p1b: Ursaluna|62\/100 brn\n|-unboost|p1a: Rabsca|atk|1\n|-unboost|p1b: Ursaluna|atk|1\n|move|p1b: Ursaluna|Headlong Rush|p2a: Weezing\n|-activate|p2a: Weezing|move: Protect\n|move|p1a: Rabsca|Bug Buzz|p2b: Roaring Moon\n|-supereffective|p2b: Roaring Moon\n|-damage|p2b: Roaring Moon|0 fnt\n|faint|p2b: Roaring Moon\n|-end|p2b: Roaring Moon|Protosynthesis|[silent]\n|\n|-damage|p1b: Ursaluna|56\/100 brn|[from] brn\n|upkeep\n|inactive|Penter has 90 seconds left.\n|\n|t:|1697769787\n|switch|p2b: Azelf|Azelf|100\/100\n|turn|3\n|inactive|Penter has 90 seconds left.\n|\n|t:|1697769815\n|switch|p1b: Gliscor|Gliscor, M|100\/100\n|move|p2b: Azelf|Expanding Force|p1b: Gliscor\n|-damage|p1b: Gliscor|20\/100\n|-damage|p2b: Azelf|91\/100|[from] item: Life Orb\n|move|p2a: Weezing|Gunk Shot|p1a: Rabsca\n|-damage|p1a: Rabsca|4\/100\n|move|p1a: Rabsca|Bug Buzz|p2b: Azelf\n|-supereffective|p2b: Azelf\n|-damage|p2b: Azelf|0 fnt\n|faint|p2b: Azelf\n|\n|-end|p1a: Rabsca|move: Taunt\n|-status|p1b: Gliscor|tox|[from] item: Toxic Orb\n|upkeep\n|inactive|Penter has 90 seconds left.\n|\n|t:|1697769826\n|switch|p2b: Indeedee|Indeedee, M|100\/100\n|turn|4\n|inactive|Penter has 90 seconds left.\n|\n|t:|1697769848\n|-end|p2a: Weezing|ability: Neutralizing Gas\n|-fieldstart|move: Psychic Terrain|[from] ability: Psychic Surge|[of] p2b: Indeedee\n|switch|p2a: Chi-Yu|Chi-Yu|100\/100\n|-ability|p2a: Chi-Yu|Beads of Ruin\n|move|p2b: Indeedee|Dazzling Gleam|p1b: Gliscor|[spread] p1a,p1b\n|-damage|p1a: Rabsca|0 fnt\n|-damage|p1b: Gliscor|0 fnt\n|faint|p1a: Rabsca\n|faint|p1b: Gliscor\n|\n|upkeep\n|\n|t:|1697769867\n|switch|p1b: Cresselia|Cresselia, F|100\/100\n|switch|p1a: Pawmot|Pawmot, M|100\/100\n|turn|5\n|\n|t:|1697769897\n|move|p2b: Indeedee|Dazzling Gleam|p1b: Cresselia|[spread] p1a,p1b\n|-supereffective|p1a: Pawmot\n|-damage|p1a: Pawmot|14\/100\n|-damage|p1b: Cresselia|89\/100\n|move|p1a: Pawmot|Revival Blessing|p1a: Pawmot\n|-enditem|p1a: Pawmot|Leppa Berry|[eat]\n|-activate|p1a: Pawmot|item: Leppa Berry|Revival Blessing|[consumed]\n|\n|t:|1697769908\n|-heal|p1: Gliscor|50\/100|[from] move: Revival Blessing\n|move|p2a: Chi-Yu|Dark Pulse|p1b: Cresselia\n|-supereffective|p1b: Cresselia\n|-damage|p1b: Cresselia|31\/100\n|move|p1b: Cresselia|Light Screen|p1b: Cresselia\n|-sidestart|p1: dj nuh uh|move: Light Screen\n|\n|upkeep\n|turn|6\n|inactive|Penter has 120 seconds left.\n|\n|t:|1697769922\n|move|p2b: Indeedee|Dazzling Gleam|p1b: Cresselia|[spread] p1a,p1b\n|-supereffective|p1a: Pawmot\n|-damage|p1a: Pawmot|0 fnt\n|-damage|p1b: Cresselia|23\/100\n|faint|p1a: Pawmot\n|move|p2a: Chi-Yu|Heat Wave|p1b: Cresselia\n|-damage|p1b: Cresselia|1\/100\n|move|p1b: Cresselia|Lunar Dance|p1b: Cresselia\n|faint|p1b: Cresselia\n|\n|upkeep\n|\n|t:|1697769932\n|switch|p1a: Gliscor|Gliscor, M|50\/100\n|switch|p1b: Ursaluna|Ursaluna, F|56\/100 brn\n|-heal|p1b: Ursaluna|100\/100|[from] move: Lunar Dance\n|turn|7\n|inactive|Penter has 120 seconds left.\n|\n|t:|1697769986\n|-terastallize|p1a: Gliscor|Ground\n|-terastallize|p2a: Chi-Yu|Water\n|move|p2b: Indeedee|Dazzling Gleam|p1b: Ursaluna|[spread] p1a,p1b\n|-damage|p1a: Gliscor|28\/100\n|-damage|p1b: Ursaluna|86\/100\n|move|p1a: Gliscor|Earthquake|p2b: Indeedee|[spread] p1b,p2a,p2b\n|-crit|p2b: Indeedee\n|-damage|p1b: Ursaluna|55\/100\n|-damage|p2a: Chi-Yu|44\/100\n|-damage|p2b: Indeedee|0 fnt\n|faint|p2b: Indeedee\n|move|p2a: Chi-Yu|Heat Wave|p1a: Gliscor|[spread] p1b\n|-miss|p2a: Chi-Yu|p1a: Gliscor\n|-damage|p1b: Ursaluna|29\/100\n|move|p1b: Ursaluna|Close Combat|p2a: Chi-Yu\n|-damage|p2a: Chi-Yu|0 fnt\n|-unboost|p1b: Ursaluna|def|1\n|-unboost|p1b: Ursaluna|spd|1\n|faint|p2a: Chi-Yu\n|\n|-status|p1a: Gliscor|tox|[from] item: Toxic Orb\n|-status|p1b: Ursaluna|brn|[from] item: Flame Orb\n|upkeep\n|\n|t:|1697769991\n|switch|p2b: Weezing|Weezing-Galar, F|100\/100\n|switch|p2a: Iron Hands|Iron Hands|100\/100\n|-ability|p2b: Weezing|Neutralizing Gas\n|turn|8\n|inactive|Penter has 120 seconds left.\n|\n|t:|1697770023\n|move|p1a: Gliscor|Earthquake|p2b: Weezing|[spread] p1b,p2a,p2b\n|-supereffective|p2a: Iron Hands\n|-supereffective|p2b: Weezing\n|-damage|p1b: Ursaluna|0 fnt\n|-damage|p2a: Iron Hands|42\/100\n|-damage|p2b: Weezing|24\/100\n|faint|p1b: Ursaluna\n|move|p2b: Weezing|Gunk Shot|p1a: Gliscor\n|-resisted|p1a: Gliscor\n|-damage|p1a: Gliscor|10\/100 tox\n|move|p2a: Iron Hands|Ice Punch|p1a: Gliscor\n|-supereffective|p1a: Gliscor\n|-damage|p1a: Gliscor|0 fnt\n|faint|p1a: Gliscor\n|\n|-heal|p2b: Weezing|30\/100|[from] item: Leftovers\n|-fieldend|move: Psychic Terrain\n|upkeep\n|\n|t:|1697770038\n|switch|p1b: Enamorus|Enamorus, F|100\/100\n|turn|9\n|inactive|Penter has 120 seconds left.\n|\n|t:|1697770051\n|move|p1b: Enamorus|Springtide Storm|p2b: Weezing|[spread] p2a,p2b\n|-supereffective|p2a: Iron Hands\n|-resisted|p2b: Weezing\n|-damage|p2a: Iron Hands|2\/100\n|-damage|p2b: Weezing|10\/100\n|-unboost|p2a: Iron Hands|atk|1\n|move|p2b: Weezing|Gunk Shot|p1b: Enamorus\n|-supereffective|p1b: Enamorus\n|-damage|p1b: Enamorus|0 fnt\n|faint|p1b: Enamorus\n|\n|win|Penter\n|n|\u2606dj nuh uh|djnuhuh\n|n|\u2606Penter|penter\n|n|*Lady Monita \u263d|ladymonita\n|l|*Lady Monita \u263d\n|l|\u2606Penter\n|c|\u2606dj nuh uh|well\n|c|\u2606dj nuh uh|it wasnt 6-0\n","uploadtime":1697770618,"views":19,"p1id":"djnuhuh","p2id":"penter","formatid":"gen9doublesou","rating":0,"private":0,"password":""}