{"id":"gen9doublesou-1990373632","p1":"cgtuh.ocgoj\u201dfyxtg9","p2":"Cece420","format":"[Gen 9] Doubles OU","log":"|j|\u2606cgtuh.ocgoj\u201dfyxtg9\n|j|\u2606Cece420\n|t:|1699963815\n|gametype|doubles\n|player|p1|cgtuh.ocgoj\u201dfyxtg9|101|1197\n|player|p2|Cece420|2|1087\n|teamsize|p1|6\n|teamsize|p2|6\n|gen|9\n|tier|[Gen 9] Doubles OU\n|rated|\n|rule|Species Clause: Limit one of each Pok\u00e9mon\n|rule|OHKO Clause: OHKO moves are banned\n|rule|Evasion Moves Clause: Evasion moves are banned\n|rule|Gravity Sleep Clause: The combination of sleep-inducing moves with imperfect accuracy and Gravity or Gigantamax Orbeetle are banned\n|rule|Endless Battle Clause: Forcing endless battles is banned\n|rule|HP Percentage Mod: HP is shown in percentages\n|clearpoke\n|poke|p1|Talonflame, F|\n|poke|p1|Meowscarada, F|\n|poke|p1|Shiftry, M|\n|poke|p1|Dragonite, M|\n|poke|p1|Ribombee, F|\n|poke|p1|Brambleghast, M|\n|poke|p2|Grimmsnarl, M|\n|poke|p2|Sinistcha|\n|poke|p2|Armarouge, F|\n|poke|p2|Dragonite, F|\n|poke|p2|Amoonguss, M|\n|poke|p2|Maushold|\n|teampreview\n|inactive|Battle timer is ON: inactive players will automatically lose when time's up. (requested by Cece420)\n|c|\u2606cgtuh.ocgoj\u201dfyxtg9|glhf\n|\n|t:|1699963829\n|start\n|switch|p1a: wimdy|Talonflame, F|100\/100\n|switch|p1b: wimby|Shiftry, M|100\/100\n|switch|p2a: Grimmsnarl|Grimmsnarl, M, shiny|100\/100\n|switch|p2b: Dragonite|Dragonite, F, shiny|100\/100\n|turn|1\n|c|\u2606Cece420|you too! My first time doing anything besides randos\n|\n|t:|1699963853\n|move|p1a: wimdy|Tailwind|p1a: wimdy\n|-sidestart|p1: cgtuh.ocgoj\u201dfyxtg9|move: Tailwind\n|-ability|p1b: wimby|Wind Rider|boost\n|-boost|p1b: wimby|atk|1\n|move|p2a: Grimmsnarl|Thunder Wave|p1a: wimdy\n|-status|p1a: wimdy|par\n|move|p1b: wimby|Rock Slide|p2b: Dragonite|[spread] p2a,p2b\n|-supereffective|p2b: Dragonite\n|-damage|p2a: Grimmsnarl|68\/100\n|-damage|p2b: Dragonite|50\/100\n|move|p2b: Dragonite|Ice Spinner|p1b: wimby\n|-supereffective|p1b: wimby\n|-crit|p1b: wimby\n|-damage|p1b: wimby|0 fnt\n|faint|p1b: wimby\n|\n|upkeep\n|\n|t:|1699963882\n|switch|p1b: wimbdy|Brambleghast, M|100\/100\n|-ability|p1b: wimbdy|Wind Rider|boost\n|-boost|p1b: wimbdy|atk|1\n|turn|2\n|\n|t:|1699963902\n|move|p1a: wimdy|Air Slash|p2a: Grimmsnarl\n|-damage|p2a: Grimmsnarl|44\/100\n|cant|p2a: Grimmsnarl|flinch\n|move|p1b: wimbdy|Poltergeist|p2b: Dragonite|[miss]\n|-miss|p1b: wimbdy|p2b: Dragonite\n|move|p2b: Dragonite|Ice Spinner|p1b: wimbdy\n|-supereffective|p1b: wimbdy\n|-enditem|p1b: wimbdy|Focus Sash\n|-damage|p1b: wimbdy|1\/100\n|\n|upkeep\n|turn|3\n|c|\u2606Cece420|gale wings ignores prankster?\n|\n|t:|1699963929\n|cant|p1a: wimdy|par\n|move|p1b: wimbdy|Poltergeist|p2b: Dragonite\n|-activate|p2b: Dragonite|move: Poltergeist|Choice Band\n|-damage|p2b: Dragonite|0 fnt\n|faint|p2b: Dragonite\n|move|p2a: Grimmsnarl|Dazzling Gleam|p1b: wimbdy|[spread] p1a,p1b\n|-resisted|p1a: wimdy\n|-crit|p1b: wimbdy\n|-damage|p1a: wimdy|86\/100 par\n|-damage|p1b: wimbdy|0 fnt\n|faint|p1b: wimbdy\n|\n|upkeep\n|c|\u2606cgtuh.ocgoj\u201dfyxtg9|gale wings is also +1 priority and talonflame is faster so it goes first\n|inactive|cgtuh.ocgoj\u201dfyxtg9 has 120 seconds left.\n|c|\u2606cgtuh.ocgoj\u201dfyxtg9|I think\n|c|\u2606Cece420|oooooooo word\n|\n|t:|1699963970\n|switch|p1b: palm tree|Dragonite, M, shiny|100\/100\n|switch|p2b: Armarouge|Armarouge, F, shiny|100\/100\n|turn|4\n|\n|t:|1699963983\n|move|p1b: palm tree|Dragon Dance|p1b: palm tree\n|-boost|p1b: palm tree|atk|1\n|-boost|p1b: palm tree|spe|1\n|cant|p1a: wimdy|par\n|move|p2a: Grimmsnarl|Dazzling Gleam|p1a: wimdy|[spread] p1a,p1b\n|-resisted|p1a: wimdy\n|-supereffective|p1b: palm tree\n|-damage|p1a: wimdy|72\/100 par\n|-damage|p1b: palm tree|78\/100\n|move|p2b: Armarouge|Expanding Force|p1a: wimdy\n|-damage|p1a: wimdy|0 fnt\n|faint|p1a: wimdy\n|-damage|p2b: Armarouge|91\/100|[from] item: Life Orb\n|\n|-heal|p1b: palm tree|84\/100|[from] item: Leftovers\n|-sideend|p1: cgtuh.ocgoj\u201dfyxtg9|move: Tailwind\n|upkeep\n|\n|t:|1699963991\n|switch|p1a: winby|Ribombee, F|100\/100\n|turn|5\n|\n|t:|1699964007\n|move|p1b: palm tree|Extreme Speed|p2a: Grimmsnarl\n|-damage|p2a: Grimmsnarl|0 fnt\n|faint|p2a: Grimmsnarl\n|move|p1a: winby|Pollen Puff|p1b: palm tree\n|-heal|p1b: palm tree|100\/100\n|move|p2b: Armarouge|Armor Cannon|p1a: winby\n|-supereffective|p1a: winby\n|-damage|p1a: winby|0 fnt\n|-unboost|p2b: Armarouge|def|1\n|-unboost|p2b: Armarouge|spd|1\n|faint|p1a: winby\n|-damage|p2b: Armarouge|81\/100|[from] item: Life Orb\n|\n|upkeep\n|\n|t:|1699964023\n|switch|p1a: windy|Meowscarada, F|100\/100\n|switch|p2a: Maushold|Maushold, shiny|100\/100\n|turn|6\n|l|\u2606cgtuh.ocgoj\u201dfyxtg9\n|inactive|cgtuh.ocgoj\u201dfyxtg9 disconnected and has a minute to reconnect!\n|player|p1|\n|j|\u2606cgtuh.ocgoj\u201dfyxtg9\n|inactive|cgtuh.ocgoj\u201dfyxtg9 reconnected and has 145 seconds left.\n|player|p1|cgtuh.ocgoj\u201dfyxtg9|101\n|\n|t:|1699964047\n|-terastallize|p1b: palm tree|Normal\n|-terastallize|p2a: Maushold|Normal\n|move|p1b: palm tree|Extreme Speed|p2a: Maushold\n|-damage|p2a: Maushold|0 fnt\n|faint|p2a: Maushold\n|move|p1a: windy|Knock Off|p2b: Armarouge\n|-start|p1a: windy|typechange|Dark|[from] ability: Protean\n|-supereffective|p2b: Armarouge\n|-damage|p2b: Armarouge|0 fnt\n|-enditem|p2b: Armarouge|Life Orb|[from] move: Knock Off|[of] p1a: windy\n|faint|p2b: Armarouge\n|\n|upkeep\n|c|\u2606Cece420|yooooooooooooooooo\n|inactive|Cece420 has 120 seconds left.\n|c|\u2606Cece420|1 hko extreme speed?? I gotta add that\n|\n|t:|1699964069\n|switch|p2a: Sinistcha|Sinistcha, shiny|100\/100\n|switch|p2b: Amoonguss|Amoonguss, M, shiny|100\/100\n|turn|7\n|c|\u2606cgtuh.ocgoj\u201dfyxtg9|extreme speed is just good\n|\n|t:|1699964084\n|move|p1b: palm tree|Ice Spinner|p2b: Amoonguss\n|-supereffective|p2b: Amoonguss\n|-damage|p2b: Amoonguss|13\/100\n|-enditem|p2b: Amoonguss|Sitrus Berry|[eat]\n|-heal|p2b: Amoonguss|38\/100|[from] item: Sitrus Berry\n|move|p1a: windy|Knock Off|p2a: Sinistcha\n|-supereffective|p2a: Sinistcha\n|-damage|p2a: Sinistcha|30\/100\n|-enditem|p2a: Sinistcha|Leftovers|[from] move: Knock Off|[of] p1a: windy\n|move|p2a: Sinistcha|Matcha Gotcha|p1a: windy|[spread] p1a,p1b\n|-damage|p1a: windy|62\/100\n|-heal|p2a: Sinistcha|47\/100|[from] drain|[of] p1a: windy\n|-damage|p1b: palm tree|88\/100\n|-heal|p2a: Sinistcha|53\/100|[from] drain|[of] p1b: palm tree\n|move|p2b: Amoonguss|Spore|p1b: palm tree\n|-status|p1b: palm tree|slp|[from] move: Spore\n|\n|-heal|p1b: palm tree|95\/100 slp|[from] item: Leftovers\n|upkeep\n|turn|8\n|inactive|cgtuh.ocgoj\u201dfyxtg9 has 120 seconds left.\n|\n|t:|1699964120\n|cant|p1b: palm tree|slp\n|move|p1a: windy|Knock Off|p2a: Sinistcha\n|-supereffective|p2a: Sinistcha\n|-damage|p2a: Sinistcha|9\/100\n|move|p2a: Sinistcha|Strength Sap|p1b: palm tree\n|-unboost|p1b: palm tree|atk|1\n|-heal|p2a: Sinistcha|100\/100\n|move|p2b: Amoonguss|Pollen Puff|p1a: windy\n|-supereffective|p1a: windy\n|-damage|p1a: windy|6\/100\n|\n|-heal|p1b: palm tree|100\/100 slp|[from] item: Leftovers\n|upkeep\n|turn|9\n|inactive|cgtuh.ocgoj\u201dfyxtg9 has 120 seconds left.\n|\n|t:|1699964143\n|move|p1a: windy|Ally Switch|p1a: windy\n|swap|p1a: windy|1|[from] move: Ally Switch\n|-curestatus|p1a: palm tree|slp|[msg]\n|move|p1a: palm tree|Dragon Dance|p1a: palm tree\n|-boost|p1a: palm tree|atk|1\n|-boost|p1a: palm tree|spe|1\n|move|p2a: Sinistcha|Matcha Gotcha|p1a: palm tree|[spread] p1b\n|-miss|p2a: Sinistcha|p1a: palm tree\n|-damage|p1b: windy|0 fnt\n|faint|p1b: windy\n|move|p2b: Amoonguss|Spore|p1a: palm tree\n|-status|p1a: palm tree|slp|[from] move: Spore\n|\n|upkeep\n|turn|10\n|c|\u2606cgtuh.ocgoj\u201dfyxtg9|immense sadness\n|\n|t:|1699964165\n|cant|p1a: palm tree|slp\n|move|p2a: Sinistcha|Matcha Gotcha|p1a: palm tree\n|-damage|p1a: palm tree|84\/100 slp\n|move|p2b: Amoonguss|Pollen Puff|p1a: palm tree\n|-damage|p1a: palm tree|64\/100 slp\n|\n|-heal|p1a: palm tree|70\/100 slp|[from] item: Leftovers\n|upkeep\n|turn|11\n|c|\u2606Cece420|almost perfect with that ally switch\n|c|\u2606Cece420|except dragonite is bulky as hell\n|\n|t:|1699964193\n|-curestatus|p1a: palm tree|slp|[msg]\n|move|p1a: palm tree|Extreme Speed|p2b: Amoonguss\n|-damage|p2b: Amoonguss|0 fnt\n|faint|p2b: Amoonguss\n|move|p2a: Sinistcha|Matcha Gotcha|p1a: palm tree\n|-damage|p1a: palm tree|33\/100\n|\n|-heal|p1a: palm tree|40\/100|[from] item: Leftovers\n|upkeep\n|turn|12\n|\n|t:|1699964211\n|move|p1a: palm tree|Ice Spinner|p2a: Sinistcha\n|-supereffective|p2a: Sinistcha\n|-damage|p2a: Sinistcha|30\/100\n|move|p2a: Sinistcha|Strength Sap|p1a: palm tree\n|-unboost|p1a: palm tree|atk|1\n|-heal|p2a: Sinistcha|100\/100\n|\n|-heal|p1a: palm tree|46\/100|[from] item: Leftovers\n|upkeep\n|turn|13\n|inactive|cgtuh.ocgoj\u201dfyxtg9 has 120 seconds left.\n|c|\u2606cgtuh.ocgoj\u201dfyxtg9|i might have to go for the play lame strat\n|\n|t:|1699964260\n|move|p1a: palm tree|Iron Head|p2a: Sinistcha\n|-damage|p2a: Sinistcha|77\/100\n|move|p2a: Sinistcha|Matcha Gotcha|p1a: palm tree\n|-damage|p1a: palm tree|9\/100\n|-heal|p2a: Sinistcha|94\/100|[from] drain|[of] p1a: palm tree\n|-status|p1a: palm tree|brn\n|\n|-heal|p1a: palm tree|16\/100 brn|[from] item: Leftovers\n|-damage|p1a: palm tree|9\/100 brn|[from] brn\n|upkeep\n|turn|14\n|c|\u2606Cece420|a wins a win\n|c|\u2606Cece420|bro\n|inactive|cgtuh.ocgoj\u201dfyxtg9 has 120 seconds left.\n|c|\u2606cgtuh.ocgoj\u201dfyxtg9|I got burned i'm not winning this gg\n|c|\u2606Cece420|I think you woulda had it with 2 e speed\n|c|\u2606Cece420|WOW\n|\n|t:|1699964281\n|move|p1a: palm tree|Ice Spinner|p2a: Sinistcha\n|-supereffective|p2a: Sinistcha\n|-crit|p2a: Sinistcha\n|-damage|p2a: Sinistcha|58\/100\n|move|p2a: Sinistcha|Matcha Gotcha|p1a: palm tree\n|-damage|p1a: palm tree|0 fnt\n|-heal|p2a: Sinistcha|63\/100|[from] drain|[of] p1a: palm tree\n|faint|p1a: palm tree\n|\n|win|Cece420\n|raw|cgtuh.ocgoj\u201dfyxtg9's rating: 1197 &rarr; <strong>1166<\/strong><br \/>(-31 for losing)\n|raw|Cece420's rating: 1117 &rarr; <strong>1148<\/strong><br \/>(+31 for winning)\n|c|\u2606cgtuh.ocgoj\u201dfyxtg9|can't e speed a ghost type\n|c|\u2606Cece420|meant two ice spinner\n|c|\u2606Cece420|gg\n|l|\u2606Cece420\n|c|\u2606cgtuh.ocgoj\u201dfyxtg9|I wasn't confident in it, gg\n","uploadtime":1699964307,"views":4,"p1id":"cgtuhocgojfyxtg9","p2id":"cece420","formatid":"gen9doublesou","rating":1148,"private":0,"password":""}