{"id":"gen9doublesou-1999468886","p1":"LootGoblin22","p2":"showitben","format":"[Gen 9] Doubles OU","log":"|j|\u2606LootGoblin22\n|j|\u2606showitben\n|t:|1701085256\n|gametype|doubles\n|player|p1|LootGoblin22|gentleman-gen4dp|1163\n|player|p2|showitben|170|1060\n|teamsize|p1|6\n|teamsize|p2|6\n|gen|9\n|tier|[Gen 9] Doubles OU\n|rated|\n|rule|Species Clause: Limit one of each Pok\u00e9mon\n|rule|OHKO Clause: OHKO moves are banned\n|rule|Evasion Moves Clause: Evasion moves are banned\n|rule|Gravity Sleep Clause: The combination of sleep-inducing moves with imperfect accuracy and Gravity or Gigantamax Orbeetle are banned\n|rule|Endless Battle Clause: Forcing endless battles is banned\n|rule|HP Percentage Mod: HP is shown in percentages\n|clearpoke\n|poke|p1|Dragapult, M|\n|poke|p1|Gliscor, M|\n|poke|p1|Baxcalibur, M|\n|poke|p1|Corviknight, F|\n|poke|p1|Clefairy, F|\n|poke|p1|Scizor, M|\n|poke|p2|Golem-Alola, M|\n|poke|p2|Oranguru, F|\n|poke|p2|Ursaluna-Bloodmoon, M|\n|poke|p2|Amoonguss, F|\n|poke|p2|Rabsca, F|\n|poke|p2|Ogerpon-Hearthflame, F|\n|teampreview\n|\n|t:|1701085261\n|start\n|switch|p1a: Dragapult|Dragapult, M, shiny|100\/100\n|switch|p1b: Gliscor|Gliscor, M, shiny|100\/100\n|switch|p2a: Golem|Golem-Alola, M|100\/100\n|switch|p2b: Oranguru|Oranguru, F|100\/100\n|turn|1\n|\n|t:|1701085279\n|move|p1b: Gliscor|Protect|p1b: Gliscor\n|-singleturn|p1b: Gliscor|Protect\n|move|p1a: Dragapult|U-turn|p2b: Oranguru\n|-supereffective|p2b: Oranguru\n|-damage|p2b: Oranguru|71\/100\n|\n|t:|1701085285\n|switch|p1a: Corviknight|Corviknight, F|100\/100|[from] U-turn\n|move|p2a: Golem|Explosion|p1a: Corviknight|[spread] p1a\n|-activate|p1b: Gliscor|move: Protect\n|-activate|p2b: Oranguru|ability: Telepathy\n|-supereffective|p1a: Corviknight\n|-damage|p1a: Corviknight|0 fnt\n|faint|p2a: Golem\n|faint|p1a: Corviknight\n|move|p2b: Oranguru|Trick Room|p2b: Oranguru\n|-fieldstart|move: Trick Room|[of] p2b: Oranguru\n|\n|-status|p1b: Gliscor|tox|[from] item: Toxic Orb\n|upkeep\n|\n|t:|1701085305\n|switch|p2a: Ursaluna|Ursaluna-Bloodmoon, M|100\/100\n|switch|p1a: Dragapult|Dragapult, M, shiny|100\/100\n|turn|2\n|\n|t:|1701085315\n|-terastallize|p2a: Ursaluna|Normal\n|move|p2a: Ursaluna|Blood Moon|p1b: Gliscor\n|-damage|p1b: Gliscor|0 fnt\n|faint|p1b: Gliscor\n|move|p2b: Oranguru|Instruct|p2a: Ursaluna\n|-singleturn|p2a: Ursaluna|move: Instruct|[of] p2b: Oranguru\n|move|p2a: Ursaluna|Blood Moon|p1a: Dragapult\n|-crit|p1a: Dragapult\n|-damage|p1a: Dragapult|0 fnt\n|faint|p1a: Dragapult\n|-hint|Some effects can force a Pokemon to use Blood Moon again in a row.\n|\n|upkeep\n|\n|t:|1701085335\n|switch|p1b: Clefairy|Clefairy, F|100\/100\n|switch|p1a: Baxcalibur|Baxcalibur, M|100\/100\n|turn|3\n|\n|t:|1701085345\n|move|p2a: Ursaluna|Vacuum Wave|p1a: Baxcalibur\n|-supereffective|p1a: Baxcalibur\n|-damage|p1a: Baxcalibur|80\/100\n|move|p1b: Clefairy|Light Screen|p1b: Clefairy\n|-sidestart|p1: LootGoblin22|move: Light Screen\n|move|p2b: Oranguru|Instruct|p2a: Ursaluna\n|-singleturn|p2a: Ursaluna|move: Instruct|[of] p2b: Oranguru\n|move|p2a: Ursaluna|Vacuum Wave|p1a: Baxcalibur\n|-supereffective|p1a: Baxcalibur\n|-damage|p1a: Baxcalibur|67\/100\n|move|p1a: Baxcalibur|Glaive Rush|p2a: Ursaluna\n|-damage|p2a: Ursaluna|51\/100\n|-singlemove|p1a: Baxcalibur|Glaive Rush|[silent]\n|\n|upkeep\n|turn|4\n|\n|t:|1701085367\n|switch|p2a: Amoonguss|Amoonguss, F|100\/100\n|move|p1a: Baxcalibur|Protect|p1a: Baxcalibur\n|-singleturn|p1a: Baxcalibur|Protect\n|move|p1b: Clefairy|Life Dew||[still]|[spread] p1a,p1b\n|-heal|p1a: Baxcalibur|92\/100\n|-fail|p1b: Clefairy|heal\n|move|p2b: Oranguru|Knock Off|p1a: Baxcalibur\n|-activate|p1a: Baxcalibur|move: Protect\n|\n|upkeep\n|turn|5\n|\n|t:|1701085385\n|move|p2a: Amoonguss|Spore|p1a: Baxcalibur\n|-status|p1a: Baxcalibur|slp|[from] move: Spore\n|move|p1b: Clefairy|Dazzling Gleam|p2a: Amoonguss|[spread] p2a,p2b\n|-resisted|p2a: Amoonguss\n|-damage|p2a: Amoonguss|94\/100\n|-damage|p2b: Oranguru|61\/100\n|move|p2b: Oranguru|Taunt|p1b: Clefairy\n|-start|p1b: Clefairy|move: Taunt\n|cant|p1a: Baxcalibur|slp\n|\n|-fieldend|move: Trick Room\n|upkeep\n|turn|6\n|\n|t:|1701085403\n|switch|p2b: Ogerpon|Ogerpon-Hearthflame, F|100\/100\n|-ability|p2b: Ogerpon|Mold Breaker\n|switch|p1b: Scizor|Scizor, M|100\/100\n|cant|p1a: Baxcalibur|slp\n|move|p2a: Amoonguss|Clear Smog|p1b: Scizor\n|-immune|p1b: Scizor\n|\n|upkeep\n|turn|7\n|\n|t:|1701085426\n|-terastallize|p1a: Baxcalibur|Dragon\n|move|p2a: Amoonguss|Rage Powder|p2a: Amoonguss\n|-singleturn|p2a: Amoonguss|move: Rage Powder\n|move|p2b: Ogerpon|Ivy Cudgel|p1b: Scizor|[anim] Ivy Cudgel Fire\n|-supereffective|p1b: Scizor\n|-crit|p1b: Scizor\n|-damage|p1b: Scizor|0 fnt\n|faint|p1b: Scizor\n|-curestatus|p1a: Baxcalibur|slp|[msg]\n|move|p1a: Baxcalibur|Dragon Dance|p1a: Baxcalibur\n|-boost|p1a: Baxcalibur|atk|1\n|-boost|p1a: Baxcalibur|spe|1\n|\n|-sideend|p1: LootGoblin22|move: Light Screen\n|upkeep\n|\n|t:|1701085440\n|switch|p1b: Clefairy|Clefairy, F|100\/100\n|turn|8\n|\n|t:|1701085450\n|move|p1b: Clefairy|Follow Me|p1b: Clefairy\n|-singleturn|p1b: Clefairy|move: Follow Me\n|move|p2a: Amoonguss|Rage Powder|p2a: Amoonguss\n|-singleturn|p2a: Amoonguss|move: Rage Powder\n|move|p2b: Ogerpon|Swords Dance|p2b: Ogerpon\n|-boost|p2b: Ogerpon|atk|2\n|move|p1a: Baxcalibur|Icicle Spear|p2a: Amoonguss\n|-supereffective|p2a: Amoonguss\n|-damage|p2a: Amoonguss|45\/100\n|-supereffective|p2a: Amoonguss\n|-damage|p2a: Amoonguss|0 fnt\n|faint|p2a: Amoonguss\n|-hitcount|p2: Amoonguss|2\n|\n|upkeep\n|\n|t:|1701085468\n|switch|p2a: Ursaluna|Ursaluna-Bloodmoon, M, tera:Normal|51\/100\n|turn|9\n|\n|t:|1701085480\n|move|p1b: Clefairy|Follow Me|p1b: Clefairy\n|-singleturn|p1b: Clefairy|move: Follow Me\n|move|p2b: Ogerpon|Horn Leech|p1b: Clefairy\n|-damage|p1b: Clefairy|0 fnt\n|faint|p1b: Clefairy\n|move|p1a: Baxcalibur|Icicle Spear|p2a: Ursaluna\n|-damage|p2a: Ursaluna|34\/100\n|-damage|p2a: Ursaluna|19\/100\n|-damage|p2a: Ursaluna|1\/100\n|-damage|p2a: Ursaluna|0 fnt\n|faint|p2a: Ursaluna\n|-hitcount|p2: Ursaluna|4\n|\n|upkeep\n|\n|t:|1701085498\n|switch|p2a: Rabsca|Rabsca, F|100\/100\n|turn|10\n|\n|t:|1701085507\n|move|p2b: Ogerpon|Ivy Cudgel|p1a: Baxcalibur|[anim] Ivy Cudgel Fire\n|-resisted|p1a: Baxcalibur\n|-damage|p1a: Baxcalibur|43\/100\n|-ability|p1a: Baxcalibur|Thermal Exchange|boost\n|-boost|p1a: Baxcalibur|atk|1\n|move|p1a: Baxcalibur|Glaive Rush|p2b: Ogerpon\n|-damage|p2b: Ogerpon|0 fnt\n|-singlemove|p1a: Baxcalibur|Glaive Rush|[silent]\n|faint|p2b: Ogerpon\n|move|p2a: Rabsca|Dazzling Gleam|p1a: Baxcalibur\n|-supereffective|p1a: Baxcalibur\n|-damage|p1a: Baxcalibur|0 fnt\n|faint|p1a: Baxcalibur\n|\n|win|showitben\n|raw|LootGoblin22's rating: 1163 &rarr; <strong>1131<\/strong><br \/>(-32 for losing)\n|raw|showitben's rating: 1060 &rarr; <strong>1100<\/strong><br \/>(+40 for winning)\n|l|\u2606LootGoblin22\n","uploadtime":1701085534,"views":14,"p1id":"lootgoblin22","p2id":"showitben","formatid":"gen9doublesou","rating":1100,"private":0,"password":""}