{"id":"gen9doublesou-1991764890","p1":"jsalas19","p2":"GhastlyPixie","format":"[Gen 9] Doubles OU","log":"|j|\u2606jsalas19\n|j|\u2606GhastlyPixie\n|t:|1700113237\n|gametype|doubles\n|player|p1|jsalas19|1|1456\n|player|p2|GhastlyPixie|plasmagruntf|1557\n|teamsize|p1|6\n|teamsize|p2|6\n|gen|9\n|tier|[Gen 9] Doubles OU\n|rated|\n|rule|Species Clause: Limit one of each Pok\u00e9mon\n|rule|OHKO Clause: OHKO moves are banned\n|rule|Evasion Moves Clause: Evasion moves are banned\n|rule|Gravity Sleep Clause: The combination of sleep-inducing moves with imperfect accuracy and Gravity or Gigantamax Orbeetle are banned\n|rule|Endless Battle Clause: Forcing endless battles is banned\n|rule|HP Percentage Mod: HP is shown in percentages\n|clearpoke\n|poke|p1|Ninetales-Alola, F|\n|poke|p1|Roaring Moon|\n|poke|p1|Iron Hands|\n|poke|p1|Gallade, M|\n|poke|p1|Ogerpon-Hearthflame, F|\n|poke|p1|Flutter Mane|\n|poke|p2|Gothitelle, F|\n|poke|p2|Clefairy, F|\n|poke|p2|Flutter Mane|\n|poke|p2|Chien-Pao|\n|poke|p2|Ogerpon-Hearthflame, F|\n|poke|p2|Palafin, F|\n|teampreview\n|inactive|Battle timer is ON: inactive players will automatically lose when time's up. (requested by GhastlyPixie)\n|\n|t:|1700113266\n|start\n|switch|p1a: Iron Hands|Iron Hands|100\/100\n|switch|p1b: Roaring Moon|Roaring Moon|100\/100\n|switch|p2a: Ogerpon|Ogerpon-Hearthflame, F|100\/100\n|switch|p2b: Palafin|Palafin, F|100\/100\n|-ability|p2a: Ogerpon|Mold Breaker\n|-enditem|p1b: Roaring Moon|Booster Energy\n|-activate|p1b: Roaring Moon|ability: Protosynthesis|[fromitem]\n|-start|p1b: Roaring Moon|protosynthesisspe\n|turn|1\n|\n|t:|1700113286\n|detailschange|p2b: Palafin|Palafin-Hero, F\n|switch|p2b: Clefairy|Clefairy, F|100\/100\n|move|p2a: Ogerpon|Spiky Shield|p2a: Ogerpon\n|-singleturn|p2a: Ogerpon|move: Protect\n|move|p1b: Roaring Moon|Tailwind|p1b: Roaring Moon\n|-sidestart|p1: jsalas19|move: Tailwind\n|move|p1a: Iron Hands|Heavy Slam|p2b: Clefairy\n|-supereffective|p2b: Clefairy\n|-damage|p2b: Clefairy|14\/100\n|\n|upkeep\n|turn|2\n|\n|t:|1700113306\n|move|p2a: Ogerpon|Follow Me|p2a: Ogerpon\n|-singleturn|p2a: Ogerpon|move: Follow Me\n|move|p1b: Roaring Moon|Breaking Swipe|p2b: Clefairy|[spread] p2a\n|-immune|p2b: Clefairy\n|-damage|p2a: Ogerpon|67\/100\n|-unboost|p2a: Ogerpon|atk|1\n|move|p1a: Iron Hands|Heavy Slam|p2a: Ogerpon\n|-resisted|p2a: Ogerpon\n|-damage|p2a: Ogerpon|33\/100\n|move|p2b: Clefairy|Dazzling Gleam|p1b: Roaring Moon|[spread] p1a,p1b\n|-supereffective|p1a: Iron Hands\n|-supereffective|p1b: Roaring Moon\n|-damage|p1a: Iron Hands|85\/100\n|-damage|p1b: Roaring Moon|47\/100\n|\n|upkeep\n|turn|3\n|\n|t:|1700113323\n|switch|p2b: Gothitelle|Gothitelle, F|100\/100\n|move|p2a: Ogerpon|Spiky Shield|p2a: Ogerpon\n|-singleturn|p2a: Ogerpon|move: Protect\n|move|p1b: Roaring Moon|Knock Off|p2a: Ogerpon\n|-activate|p2a: Ogerpon|move: Protect\n|-damage|p1b: Roaring Moon|35\/100|[from] Spiky Shield|[of] p2a: Ogerpon\n|move|p1a: Iron Hands|Heavy Slam|p2b: Gothitelle\n|-damage|p2b: Gothitelle|57\/100\n|\n|upkeep\n|turn|4\n|\n|t:|1700113341\n|switch|p2a: Clefairy|Clefairy, F|14\/100\n|move|p2b: Gothitelle|Fake Out|p1b: Roaring Moon\n|-crit|p1b: Roaring Moon\n|-damage|p1b: Roaring Moon|25\/100\n|cant|p1b: Roaring Moon|flinch\n|move|p1a: Iron Hands|Drain Punch|p2a: Clefairy\n|-resisted|p2a: Clefairy\n|-damage|p2a: Clefairy|0 fnt\n|-heal|p1a: Iron Hands|89\/100|[from] drain|[of] p2a: Clefairy\n|faint|p2a: Clefairy\n|\n|-sideend|p1: jsalas19|move: Tailwind\n|upkeep\n|\n|t:|1700113348\n|switch|p2a: Flutter Mane|Flutter Mane|100\/100\n|turn|5\n|\n|t:|1700113358\n|-terastallize|p2a: Flutter Mane|Fairy\n|move|p1b: Roaring Moon|Tailwind|p1b: Roaring Moon\n|-sidestart|p1: jsalas19|move: Tailwind\n|move|p2a: Flutter Mane|Dazzling Gleam|p1a: Iron Hands|[spread] p1a,p1b\n|-supereffective|p1a: Iron Hands\n|-supereffective|p1b: Roaring Moon\n|-damage|p1a: Iron Hands|1\/100\n|-damage|p1b: Roaring Moon|0 fnt\n|faint|p1b: Roaring Moon\n|-end|p1b: Roaring Moon|Protosynthesis|[silent]\n|move|p1a: Iron Hands|Heavy Slam|p2b: Gothitelle\n|-damage|p2b: Gothitelle|19\/100\n|-enditem|p2b: Gothitelle|Sitrus Berry|[eat]\n|-heal|p2b: Gothitelle|44\/100|[from] item: Sitrus Berry\n|move|p2b: Gothitelle|Psychic|p1a: Iron Hands\n|-supereffective|p1a: Iron Hands\n|-damage|p1a: Iron Hands|0 fnt\n|faint|p1a: Iron Hands\n|-end|p1a: Iron Hands|Quark Drive|[silent]\n|\n|upkeep\n|j| 742mph\n|\n|t:|1700113384\n|switch|p1b: Ninetales|Ninetales-Alola, F|100\/100\n|switch|p1a: Ogerpon|Ogerpon-Hearthflame, F|100\/100\n|-ability|p1a: Ogerpon|Mold Breaker\n|-weather|Snow|[from] ability: Snow Warning|[of] p1b: Ninetales\n|turn|6\n|\n|t:|1700113401\n|-end|p2a: Flutter Mane|Protosynthesis|[silent]\n|switch|p2a: Palafin|Palafin-Hero, F|100\/100\n|-activate|p2a: Palafin|ability: Zero to Hero\n|-terastallize|p1a: Ogerpon|Fire\n|detailschange|p1a: Ogerpon|Ogerpon-Hearthflame-Tera, F, tera:Fire\n|-ability|p1a: Ogerpon|Embody Aspect (Hearthflame)|boost\n|-boost|p1a: Ogerpon|atk|1\n|move|p1a: Ogerpon|Ivy Cudgel|p2a: Palafin|[anim] Ivy Cudgel Fire\n|-resisted|p2a: Palafin\n|-damage|p2a: Palafin|36\/100\n|move|p1b: Ninetales|Aurora Veil|p1b: Ninetales\n|-sidestart|p1: jsalas19|move: Aurora Veil\n|move|p2b: Gothitelle|Trick Room|p2b: Gothitelle\n|-fieldstart|move: Trick Room|[of] p2b: Gothitelle\n|\n|-weather|Snow|[upkeep]\n|upkeep\n|turn|7\n|inactive|GhastlyPixie has 120 seconds left.\n|\n|t:|1700113431\n|move|p1a: Ogerpon|Spiky Shield|p1a: Ogerpon\n|-singleturn|p1a: Ogerpon|move: Protect\n|move|p2a: Palafin|Jet Punch|p1a: Ogerpon\n|-activate|p1a: Ogerpon|move: Protect\n|-damage|p2a: Palafin|23\/100|[from] Spiky Shield|[of] p1a: Ogerpon\n|move|p2b: Gothitelle|Heal Pulse|p2a: Palafin\n|-heal|p2a: Palafin|74\/100\n|move|p1b: Ninetales|Blizzard|p2a: Palafin|[spread] p2a,p2b\n|-resisted|p2a: Palafin\n|-damage|p2a: Palafin|56\/100\n|-damage|p2b: Gothitelle|13\/100\n|\n|-weather|Snow|[upkeep]\n|upkeep\n|turn|8\n|\n|t:|1700113449\n|move|p1a: Ogerpon|Spiky Shield||[still]\n|-fail|p1a: Ogerpon\n|move|p2a: Palafin|Jet Punch|p1a: Ogerpon\n|-supereffective|p1a: Ogerpon\n|-damage|p1a: Ogerpon|2\/100\n|move|p2b: Gothitelle|Psychic|p1a: Ogerpon\n|-damage|p1a: Ogerpon|0 fnt\n|faint|p1a: Ogerpon\n|move|p1b: Ninetales|Blizzard|p2b: Gothitelle|[spread] p2a,p2b\n|-resisted|p2a: Palafin\n|-damage|p2a: Palafin|38\/100\n|-damage|p2b: Gothitelle|0 fnt\n|faint|p2b: Gothitelle\n|\n|-weather|Snow|[upkeep]\n|-sideend|p1: jsalas19|move: Tailwind\n|upkeep\n|\n|t:|1700113467\n|switch|p2b: Ogerpon|Ogerpon-Hearthflame, F|33\/100\n|switch|p1a: Gallade|Gallade, M|100\/100\n|-ability|p2b: Ogerpon|Mold Breaker\n|turn|9\n|\n|t:|1700113478\n|move|p1b: Ninetales|Protect|p1b: Ninetales\n|-singleturn|p1b: Ninetales|Protect\n|move|p2b: Ogerpon|Spiky Shield|p2b: Ogerpon\n|-singleturn|p2b: Ogerpon|move: Protect\n|move|p2a: Palafin|Jet Punch|p1a: Gallade\n|-damage|p1a: Gallade|38\/100\n|move|p1a: Gallade|Sacred Sword|p2a: Palafin\n|-damage|p2a: Palafin|0 fnt\n|faint|p2a: Palafin\n|\n|-weather|Snow|[upkeep]\n|upkeep\n|\n|t:|1700113492\n|switch|p2a: Chien-Pao|Chien-Pao|100\/100\n|-ability|p2a: Chien-Pao|Sword of Ruin\n|turn|10\n|\n|t:|1700113501\n|move|p2a: Chien-Pao|Sucker Punch|p1a: Gallade\n|-damage|p1a: Gallade|0 fnt\n|faint|p1a: Gallade\n|move|p1b: Ninetales|Dazzling Gleam|p2b: Ogerpon|[spread] p2a,p2b\n|-supereffective|p2a: Chien-Pao\n|-resisted|p2b: Ogerpon\n|-damage|p2a: Chien-Pao|33\/100\n|-damage|p2b: Ogerpon|20\/100\n|move|p2b: Ogerpon|Ivy Cudgel|p1b: Ninetales|[anim] Ivy Cudgel Fire\n|-supereffective|p1b: Ninetales\n|-damage|p1b: Ninetales|0 fnt\n|faint|p1b: Ninetales\n|\n|-weather|none\n|-fieldend|move: Trick Room\n|upkeep\n|\n|t:|1700113523\n|switch|p1b: Flutter Mane|Flutter Mane|100\/100\n|turn|11\n|\n|t:|1700113533\n|move|p2b: Ogerpon|Spiky Shield|p2b: Ogerpon\n|-singleturn|p2b: Ogerpon|move: Protect\n|move|p1b: Flutter Mane|Dazzling Gleam|p2b: Ogerpon|[spread] p2a\n|-activate|p2b: Ogerpon|move: Protect\n|-supereffective|p2a: Chien-Pao\n|-damage|p2a: Chien-Pao|0 fnt\n|faint|p2a: Chien-Pao\n|\n|upkeep\n|\n|t:|1700113538\n|switch|p2a: Flutter Mane|Flutter Mane, tera:Fairy|100\/100\n|turn|12\n|\n|t:|1700113545\n|move|p1b: Flutter Mane|Dazzling Gleam|p2b: Ogerpon|[spread] p2a,p2b\n|-resisted|p2b: Ogerpon\n|-damage|p2a: Flutter Mane|63\/100\n|-damage|p2b: Ogerpon|0 fnt\n|faint|p2b: Ogerpon\n|move|p2a: Flutter Mane|Shadow Ball|p1b: Flutter Mane\n|-supereffective|p1b: Flutter Mane\n|-damage|p1b: Flutter Mane|3\/100\n|\n|upkeep\n|turn|13\n|\n|t:|1700113556\n|move|p1b: Flutter Mane|Shadow Ball|p2a: Flutter Mane\n|-damage|p2a: Flutter Mane|18\/100\n|move|p2a: Flutter Mane|Shadow Ball|p1b: Flutter Mane\n|-supereffective|p1b: Flutter Mane\n|-damage|p1b: Flutter Mane|0 fnt\n|faint|p1b: Flutter Mane\n|-end|p1b: Flutter Mane|Protosynthesis|[silent]\n|\n|win|GhastlyPixie\n|raw|jsalas19's rating: 1456 &rarr; <strong>1442<\/strong><br \/>(-14 for losing)\n|raw|GhastlyPixie's rating: 1557 &rarr; <strong>1571<\/strong><br \/>(+14 for winning)\n|l|\u2606jsalas19\n","uploadtime":1700113566,"views":17,"p1id":"jsalas19","p2id":"ghastlypixie","formatid":"gen9doublesou","rating":1442,"private":0,"password":""}