{"id":"gen9doublesou-1981415581","p1":"misternp","p2":"Saltysoul01","format":"[Gen 9] Doubles OU","log":"|j|\u2606misternp\n|j|\u2606Saltysoul01\n|t:|1698893320\n|gametype|doubles\n|player|p1|misternp|koga|1083\n|player|p2|Saltysoul01|norman|1133\n|teamsize|p1|6\n|teamsize|p2|6\n|gen|9\n|tier|[Gen 9] Doubles OU\n|rated|\n|rule|Species Clause: Limit one of each Pok\u00e9mon\n|rule|OHKO Clause: OHKO moves are banned\n|rule|Evasion Moves Clause: Evasion moves are banned\n|rule|Gravity Sleep Clause: The combination of sleep-inducing moves with imperfect accuracy and Gravity or Gigantamax Orbeetle are banned\n|rule|Endless Battle Clause: Forcing endless battles is banned\n|rule|HP Percentage Mod: HP is shown in percentages\n|clearpoke\n|poke|p1|Kommo-o, M|\n|poke|p1|Arbok, M|\n|poke|p1|Snorlax, M|\n|poke|p1|Drifblim, M|\n|poke|p1|Clefairy, F|\n|poke|p1|Farigiraf, F|\n|poke|p2|Hariyama, F|\n|poke|p2|Iron Hands|\n|poke|p2|Amoonguss, F|\n|poke|p2|Ursaluna-Bloodmoon, M|\n|poke|p2|Chien-Pao|\n|poke|p2|Delibird, F|\n|teampreview\n|\n|t:|1698893357\n|start\n|switch|p1a: Marshmallow|Snorlax, M|100\/100\n|switch|p1b: Jafar|Arbok, M|100\/100\n|switch|p2a: Ursaluna|Ursaluna-Bloodmoon, M|100\/100\n|switch|p2b: Delibird|Delibird, F|100\/100\n|-ability|p1b: Jafar|Intimidate|boost\n|-unboost|p2a: Ursaluna|atk|1\n|-unboost|p2b: Delibird|atk|1\n|turn|1\n|\n|t:|1698893386\n|move|p2b: Delibird|Fake Out|p1a: Marshmallow|[miss]\n|-miss|p2b: Delibird|p1a: Marshmallow\n|move|p1b: Jafar|Coil|p1b: Jafar\n|-boost|p1b: Jafar|atk|1\n|-boost|p1b: Jafar|def|1\n|-boost|p1b: Jafar|accuracy|1\n|move|p2a: Ursaluna|Blood Moon|p1b: Jafar\n|-damage|p1b: Jafar|0 fnt\n|faint|p1b: Jafar\n|-damage|p2a: Ursaluna|91\/100|[from] item: Life Orb\n|move|p1a: Marshmallow|Belly Drum|p1a: Marshmallow\n|-damage|p1a: Marshmallow|50\/100\n|-setboost|p1a: Marshmallow|atk|6|[from] move: Belly Drum\n|-enditem|p1a: Marshmallow|Sitrus Berry|[eat]\n|-heal|p1a: Marshmallow|75\/100|[from] item: Sitrus Berry\n|\n|upkeep\n|\n|t:|1698893402\n|switch|p1b: Clefairy|Clefairy, F|100\/100\n|turn|2\n|\n|t:|1698893420\n|move|p1b: Clefairy|Helping Hand|p1a: Marshmallow\n|-singleturn|p1a: Marshmallow|Helping Hand|[of] p1b: Clefairy\n|move|p2a: Ursaluna|Vacuum Wave|p1a: Marshmallow\n|-supereffective|p1a: Marshmallow\n|-damage|p1a: Marshmallow|54\/100\n|-damage|p2a: Ursaluna|81\/100|[from] item: Life Orb\n|move|p2b: Delibird|Agility|p2b: Delibird\n|-boost|p2b: Delibird|spe|2\n|move|p1a: Marshmallow|Facade|p2a: Ursaluna\n|-damage|p2a: Ursaluna|0 fnt\n|faint|p2a: Ursaluna\n|\n|upkeep\n|\n|t:|1698893433\n|switch|p2a: Hariyama|Hariyama, F, shiny|100\/100\n|turn|3\n|\n|t:|1698893455\n|move|p1b: Clefairy|Protect|p1b: Clefairy\n|-singleturn|p1b: Clefairy|Protect\n|move|p1a: Marshmallow|Protect|p1a: Marshmallow\n|-singleturn|p1a: Marshmallow|Protect\n|move|p2a: Hariyama|Fake Out|p1a: Marshmallow\n|-activate|p1a: Marshmallow|move: Protect\n|move|p2b: Delibird|Baton Pass|p2b: Delibird\n|\n|t:|1698893481\n|switch|p2b: Iron Hands|Iron Hands|100\/100|[from] Baton Pass\n|\n|upkeep\n|turn|4\n|\n|t:|1698893499\n|move|p2b: Iron Hands|Fake Out|p1a: Marshmallow\n|-damage|p1a: Marshmallow|48\/100\n|move|p1b: Clefairy|Follow Me|p1b: Clefairy\n|-singleturn|p1b: Clefairy|move: Follow Me\n|move|p2a: Hariyama|Close Combat|p1b: Clefairy\n|-resisted|p1b: Clefairy\n|-damage|p1b: Clefairy|84\/100\n|-unboost|p2a: Hariyama|def|1\n|-unboost|p2a: Hariyama|spd|1\n|cant|p1a: Marshmallow|flinch\n|\n|upkeep\n|turn|5\n|\n|t:|1698893526\n|move|p2a: Hariyama|Bullet Punch|p1b: Clefairy\n|-supereffective|p1b: Clefairy\n|-damage|p1b: Clefairy|67\/100\n|move|p2b: Iron Hands|Drain Punch|p1a: Marshmallow\n|-supereffective|p1a: Marshmallow\n|-damage|p1a: Marshmallow|17\/100\n|move|p1b: Clefairy|Heal Pulse|p1a: Marshmallow\n|-heal|p1a: Marshmallow|67\/100\n|move|p1a: Marshmallow|High Horsepower|p2b: Iron Hands\n|-supereffective|p2b: Iron Hands\n|-damage|p2b: Iron Hands|0 fnt\n|-damage|p1a: Marshmallow|50\/100|[from] item: Rocky Helmet|[of] p2b: Iron Hands\n|faint|p2b: Iron Hands\n|-end|p2b: Iron Hands|Quark Drive|[silent]\n|\n|upkeep\n|\n|t:|1698893540\n|switch|p2b: Amoonguss|Amoonguss, F|100\/100\n|turn|6\n|\n|t:|1698893574\n|move|p1b: Clefairy|Follow Me|p1b: Clefairy\n|-singleturn|p1b: Clefairy|move: Follow Me\n|move|p2a: Hariyama|Rock Slide|p1a: Marshmallow|[spread] p1a,p1b\n|-damage|p1a: Marshmallow|40\/100\n|-damage|p1b: Clefairy|56\/100\n|move|p2b: Amoonguss|Spore|p1b: Clefairy\n|-status|p1b: Clefairy|slp|[from] move: Spore\n|cant|p1a: Marshmallow|flinch\n|\n|upkeep\n|turn|7\n|\n|t:|1698893648\n|cant|p1b: Clefairy|slp\n|move|p1a: Marshmallow|Protect|p1a: Marshmallow\n|-singleturn|p1a: Marshmallow|Protect\n|move|p2a: Hariyama|Close Combat|p1a: Marshmallow\n|-activate|p1a: Marshmallow|move: Protect\n|move|p2b: Amoonguss|Spore|p1a: Marshmallow\n|-activate|p1a: Marshmallow|move: Protect\n|\n|upkeep\n|turn|8\n|\n|t:|1698893677\n|cant|p1b: Clefairy|slp\n|move|p2a: Hariyama|Close Combat|p1a: Marshmallow\n|-supereffective|p1a: Marshmallow\n|-damage|p1a: Marshmallow|0 fnt\n|-unboost|p2a: Hariyama|def|1\n|-unboost|p2a: Hariyama|spd|1\n|faint|p1a: Marshmallow\n|move|p2b: Amoonguss|Spore|p1b: Clefairy\n|-fail|p1b: Clefairy|slp\n|\n|upkeep\n|\n|t:|1698893688\n|switch|p1a: Scales|Kommo-o, M|100\/100\n|turn|9\n|\n|t:|1698893734\n|switch|p2a: Delibird|Delibird, F|100\/100\n|cant|p1b: Clefairy|slp\n|move|p1a: Scales|Clangorous Soul|p1a: Scales\n|-boost|p1a: Scales|atk|1\n|-boost|p1a: Scales|def|1\n|-boost|p1a: Scales|spa|1\n|-boost|p1a: Scales|spd|1\n|-boost|p1a: Scales|spe|1\n|-damage|p1a: Scales|68\/100\n|-enditem|p1a: Scales|Throat Spray\n|-boost|p1a: Scales|spa|1|[from] item: Throat Spray\n|move|p2b: Amoonguss|Spore|p1a: Scales\n|-status|p1a: Scales|slp|[from] move: Spore\n|\n|upkeep\n|turn|10\n|\n|t:|1698893759\n|switch|p2b: Chien-Pao|Chien-Pao|100\/100\n|-ability|p2b: Chien-Pao|Sword of Ruin\n|-terastallize|p1a: Scales|Steel\n|cant|p1a: Scales|slp\n|move|p2a: Delibird|Baton Pass|p2a: Delibird\n|\n|t:|1698893768\n|switch|p2a: Hariyama|Hariyama, F, shiny|100\/100|[from] Baton Pass\n|-curestatus|p1b: Clefairy|slp|[msg]\n|move|p1b: Clefairy|Heal Pulse|p1a: Scales\n|-heal|p1a: Scales|100\/100 slp\n|\n|upkeep\n|turn|11\n|\n|t:|1698893787\n|move|p2a: Hariyama|Fake Out|p1b: Clefairy\n|-crit|p1b: Clefairy\n|-damage|p1b: Clefairy|39\/100\n|cant|p1b: Clefairy|flinch\n|move|p2b: Chien-Pao|Sucker Punch|p1a: Scales\n|-damage|p1a: Scales|71\/100 slp\n|cant|p1a: Scales|slp\n|\n|upkeep\n|turn|12\n|\n|t:|1698893802\n|cant|p1a: Scales|slp\n|move|p1b: Clefairy|Protect|p1b: Clefairy\n|-singleturn|p1b: Clefairy|Protect\n|move|p2b: Chien-Pao|Ice Spinner|p1b: Clefairy\n|-activate|p1b: Clefairy|move: Protect\n|move|p2a: Hariyama|Close Combat|p1a: Scales\n|-supereffective|p1a: Scales\n|-damage|p1a: Scales|1\/100 slp\n|-unboost|p2a: Hariyama|def|1\n|-unboost|p2a: Hariyama|spd|1\n|\n|upkeep\n|turn|13\n|\n|t:|1698893825\n|move|p1b: Clefairy|Follow Me|p1b: Clefairy\n|-singleturn|p1b: Clefairy|move: Follow Me\n|move|p2b: Chien-Pao|Ice Spinner|p1b: Clefairy\n|-damage|p1b: Clefairy|3\/100\n|-curestatus|p1a: Scales|slp|[msg]\n|move|p1a: Scales|Clanging Scales|p2a: Hariyama|[spread] p2a,p2b\n|-damage|p2a: Hariyama|36\/100\n|-enditem|p2b: Chien-Pao|Focus Sash\n|-damage|p2b: Chien-Pao|1\/100\n|-unboost|p1a: Scales|def|1\n|move|p2a: Hariyama|Close Combat|p1b: Clefairy\n|-resisted|p1b: Clefairy\n|-crit|p1b: Clefairy\n|-damage|p1b: Clefairy|0 fnt\n|-unboost|p2a: Hariyama|def|1\n|-unboost|p2a: Hariyama|spd|1\n|faint|p1b: Clefairy\n|\n|upkeep\n|\n|t:|1698893840\n|switch|p1b: Farigiraf|Farigiraf, F|100\/100\n|turn|14\n|\n|t:|1698893858\n|move|p1a: Scales|Protect|p1a: Scales\n|-singleturn|p1a: Scales|Protect\n|move|p2b: Chien-Pao|Sucker Punch||[still]\n|cant|p1b: Farigiraf|ability: Armor Tail|Sucker Punch|[of] p2b: Chien-Pao\n|move|p2a: Hariyama|Bullet Punch||[still]\n|cant|p1b: Farigiraf|ability: Armor Tail|Bullet Punch|[of] p2a: Hariyama\n|move|p1b: Farigiraf|Tera Blast|p2b: Chien-Pao\n|-damage|p2b: Chien-Pao|0 fnt\n|faint|p2b: Chien-Pao\n|\n|upkeep\n|\n|t:|1698893867\n|switch|p2b: Amoonguss|Amoonguss, F|100\/100\n|turn|15\n|\n|t:|1698893879\n|move|p1a: Scales|Clanging Scales|p2b: Amoonguss|[spread] p2a,p2b\n|-crit|p2a: Hariyama\n|-damage|p2a: Hariyama|0 fnt\n|-damage|p2b: Amoonguss|43\/100\n|faint|p2a: Hariyama\n|-unboost|p1a: Scales|def|1\n|move|p1b: Farigiraf|Psychic|p2b: Amoonguss\n|-supereffective|p2b: Amoonguss\n|-damage|p2b: Amoonguss|0 fnt\n|faint|p2b: Amoonguss\n|\n|upkeep\n|-message|Saltysoul01 forfeited.\n|\n|win|misternp\n|raw|misternp's rating: 1083 &rarr; <strong>1114<\/strong><br \/>(+31 for winning)\n|raw|Saltysoul01's rating: 1133 &rarr; <strong>1104<\/strong><br \/>(-29 for losing)\n|l|\u2606Saltysoul01\n","uploadtime":1698893959,"views":23,"p1id":"misternp","p2id":"saltysoul01","formatid":"gen9doublesou","rating":1104,"private":0,"password":""}