{"id":"gen9doublesou-1974455779","p1":"Chaoss150","p2":"jzurf","format":"[Gen 9] Doubles OU","log":"|j|\u2606Chaoss150\n|j|\u2606jzurf\n|inactive|Battle timer is ON: inactive players will automatically lose when time's up.\n|t:|1698088441\n|gametype|doubles\n|player|p1|Chaoss150|hugh|\n|player|p2|jzurf|musician|\n|teamsize|p1|6\n|teamsize|p2|6\n|gen|9\n|tier|[Gen 9] Doubles OU\n|rated|Tournament battle\n|rule|Species Clause: Limit one of each Pok\u00e9mon\n|rule|OHKO Clause: OHKO moves are banned\n|rule|Evasion Moves Clause: Evasion moves are banned\n|rule|Gravity Sleep Clause: The combination of sleep-inducing moves with imperfect accuracy and Gravity or Gigantamax Orbeetle are banned\n|rule|Endless Battle Clause: Forcing endless battles is banned\n|rule|HP Percentage Mod: HP is shown in percentages\n|clearpoke\n|poke|p1|Cetoddle, M|\n|poke|p1|Shinx, M|\n|poke|p1|Diglett, F|\n|poke|p1|Wattrel, M|\n|poke|p1|Dratini, M|\n|poke|p1|Misdreavus, M|\n|poke|p2|Capsakid, M|\n|poke|p2|Rookidee, M|\n|poke|p2|Shellder, F|\n|poke|p2|Bellsprout, F|\n|poke|p2|Pawniard, M|\n|poke|p2|Qwilfish-Hisui, M|\n|teampreview\n|j|*Lady Monita \u263d\n|inactive|Chaoss150 also wants the timer to be on.\n|c|\u2606Chaoss150|glhf\n|\n|t:|1698088449\n|start\n|switch|p1a: Wattrel|Wattrel, M|100\/100\n|switch|p1b: Diglett|Diglett, F|100\/100\n|switch|p2a: Capsakid|Capsakid, M|100\/100\n|switch|p2b: Bellsprout|Bellsprout, F|100\/100\n|turn|1\n|c|\u2606jzurf|gl!\n|\n|t:|1698088471\n|-terastallize|p2a: Capsakid|Fire\n|move|p1b: Diglett|Earthquake|p2b: Bellsprout|[spread] p2a,p2b\n|-immune|p1a: Wattrel\n|-supereffective|p2a: Capsakid\n|-damage|p2a: Capsakid|0 fnt\n|-damage|p2b: Bellsprout|65\/100\n|faint|p2a: Capsakid\n|move|p1a: Wattrel|Hurricane|p2b: Bellsprout\n|-supereffective|p2b: Bellsprout\n|-damage|p2b: Bellsprout|0 fnt\n|faint|p2b: Bellsprout\n|\n|upkeep\n|j| ZacianBoi101\n|j| Da_Greenfly123\n|\n|t:|1698088486\n|switch|p2a: Qwilfish|Qwilfish-Hisui, M|100\/100\n|switch|p2b: Shellder|Shellder, F|100\/100\n|-ability|p2a: Qwilfish|Intimidate|boost\n|-unboost|p1a: Wattrel|atk|1\n|-unboost|p1b: Diglett|atk|1\n|turn|2\n|l| Da_Greenfly123\n|j| SweetNSourSpinda\n|l| SweetNSourSpinda\n|\n|t:|1698088507\n|move|p1b: Diglett|Earthquake|p2a: Qwilfish|[spread] p2a,p2b\n|-immune|p1a: Wattrel\n|-supereffective|p2a: Qwilfish\n|-damage|p2a: Qwilfish|75\/100\n|-damage|p2b: Shellder|85\/100\n|move|p1a: Wattrel|Thunderbolt|p2b: Shellder\n|-supereffective|p2b: Shellder\n|-damage|p2b: Shellder|0 fnt\n|faint|p2b: Shellder\n|move|p2a: Qwilfish|Barb Barrage|p1b: Diglett\n|-resisted|p1b: Diglett\n|-damage|p1b: Diglett|47\/100\n|\n|upkeep\n|\n|t:|1698088519\n|switch|p2b: Rookidee|Rookidee, M|100\/100\n|turn|3\n|\n|t:|1698088529\n|switch|p1b: Shinx|Shinx, M|100\/100\n|-ability|p1b: Shinx|Intimidate|boost\n|-unboost|p2a: Qwilfish|atk|1\n|-unboost|p2b: Rookidee|atk|1\n|move|p1a: Wattrel|Thunderbolt|p2b: Rookidee\n|-supereffective|p2b: Rookidee\n|-damage|p2b: Rookidee|0 fnt\n|faint|p2b: Rookidee\n|move|p2a: Qwilfish|Barb Barrage|p1b: Shinx\n|-damage|p1b: Shinx|85\/100\n|-status|p1b: Shinx|psn\n|\n|-damage|p1b: Shinx|73\/100 psn|[from] psn\n|upkeep\n|\n|t:|1698088541\n|switch|p2b: Pawniard|Pawniard, M|100\/100\n|turn|4\n|\n|t:|1698088550\n|move|p1a: Wattrel|Thunder Wave|p2a: Qwilfish\n|-status|p2a: Qwilfish|par\n|move|p2b: Pawniard|Swords Dance|p2b: Pawniard\n|-boost|p2b: Pawniard|atk|2\n|move|p1b: Shinx|Thunder Wave|p2b: Pawniard\n|-status|p2b: Pawniard|par\n|move|p2a: Qwilfish|Barb Barrage|p1a: Wattrel\n|-damage|p1a: Wattrel|54\/100\n|-status|p1a: Wattrel|psn\n|\n|-damage|p1a: Wattrel|42\/100 psn|[from] psn\n|-damage|p1b: Shinx|61\/100 psn|[from] psn\n|upkeep\n|turn|5\n|\n|t:|1698088566\n|move|p2b: Pawniard|Sucker Punch||[still]\n|-fail|p2b: Pawniard\n|move|p1a: Wattrel|Tailwind|p1a: Wattrel\n|-sidestart|p1: Chaoss150|move: Tailwind\n|-start|p1a: Wattrel|Charge|Tailwind|[from] ability: Wind Power\n|move|p1b: Shinx|Light Screen|p1b: Shinx\n|-sidestart|p1: Chaoss150|move: Light Screen\n|move|p2a: Qwilfish|Barb Barrage|p1a: Wattrel\n|-damage|p1a: Wattrel|0 fnt\n|faint|p1a: Wattrel\n|\n|-damage|p1b: Shinx|48\/100 psn|[from] psn\n|upkeep\n|\n|t:|1698088572\n|switch|p1a: Diglett|Diglett, F|47\/100\n|turn|6\n|j| ramzi65\n|\n|t:|1698088584\n|move|p2b: Pawniard|Sucker Punch|p1a: Diglett\n|-damage|p1a: Diglett|0 fnt\n|faint|p1a: Diglett\n|move|p1b: Shinx|Thunderbolt|p2b: Pawniard\n|-damage|p2b: Pawniard|71\/100 par\n|move|p2a: Qwilfish|Barb Barrage|p1b: Shinx\n|-damage|p1b: Shinx|18\/100 psn\n|\n|-damage|p1b: Shinx|6\/100 psn|[from] psn\n|upkeep\n|\n|t:|1698088587\n|switch|p1a: Misdreavus|Misdreavus, M|100\/100\n|turn|7\n|\n|t:|1698088600\n|move|p2b: Pawniard|Sucker Punch|p1a: Misdreavus\n|-supereffective|p1a: Misdreavus\n|-damage|p1a: Misdreavus|0 fnt\n|faint|p1a: Misdreavus\n|move|p1b: Shinx|Thunderbolt|p2a: Qwilfish\n|-damage|p2a: Qwilfish|64\/100 par\n|cant|p2a: Qwilfish|par\n|\n|-damage|p1b: Shinx|0 fnt|[from] psn\n|faint|p1b: Shinx\n|upkeep\n|\n|t:|1698088603\n|switch|p1a: Cetoddle|Cetoddle, M|100\/100\n|switch|p1b: Dratini|Dratini, M|100\/100\n|turn|8\n|inactive|jzurf has 120 seconds left.\n|\n|t:|1698088634\n|-terastallize|p1a: Cetoddle|Dark\n|move|p1b: Dratini|Aqua Tail|p2b: Pawniard|[miss]\n|-miss|p1b: Dratini|p2b: Pawniard\n|move|p1a: Cetoddle|Icicle Crash|p2b: Pawniard\n|-resisted|p2b: Pawniard\n|-damage|p2b: Pawniard|51\/100 par\n|move|p2a: Qwilfish|Barb Barrage|p1b: Dratini\n|-damage|p1b: Dratini|74\/100\n|-status|p1b: Dratini|psn\n|move|p2b: Pawniard|Iron Head|p1a: Cetoddle\n|-damage|p1a: Cetoddle|28\/100\n|\n|-damage|p1b: Dratini|62\/100 psn|[from] psn\n|-sideend|p1: Chaoss150|move: Tailwind\n|upkeep\n|turn|9\n|c| ramzi65|2v2 paras tho but high attackers\n|c| ramzi65|i feel like rng decides this\n|\n|t:|1698088657\n|move|p1a: Cetoddle|Ice Shard|p2b: Pawniard\n|-resisted|p2b: Pawniard\n|-damage|p2b: Pawniard|41\/100 par\n|move|p2b: Pawniard|Sucker Punch|p1b: Dratini\n|-damage|p1b: Dratini|0 fnt\n|faint|p1b: Dratini\n|move|p2a: Qwilfish|Barb Barrage|p1a: Cetoddle\n|-damage|p1a: Cetoddle|14\/100\n|\n|-sideend|p1: Chaoss150|move: Light Screen\n|upkeep\n|turn|10\n|c| ramzi65|great battle tho\n|\n|t:|1698088670\n|cant|p2b: Pawniard|par\n|move|p1a: Cetoddle|Icicle Crash|p2a: Qwilfish\n|-crit|p2a: Qwilfish\n|-damage|p2a: Qwilfish|27\/100 par\n|move|p2a: Qwilfish|Barb Barrage|p1a: Cetoddle\n|-damage|p1a: Cetoddle|0 fnt\n|faint|p1a: Cetoddle\n|\n|win|jzurf\n|n|\u2606Chaoss150|chaoss150\n|n|\u2606jzurf|jzurf\n|n|*Lady Monita \u263d|ladymonita\n|n| ZacianBoi101|zacianboi101\n|n| ramzi65|ramzi65\n","uploadtime":1698088671,"views":16,"p1id":"chaoss150","p2id":"jzurf","formatid":"gen9doublesou","rating":0,"private":0,"password":""}