{"id":"gen9doublesou-1986378584","p1":"TheAmazingBaldwin","p2":"Ositoguapo15","format":"[Gen 9] Doubles OU","log":"|j|\u2606TheAmazingBaldwin\n|j|\u2606Ositoguapo15\n|t:|1699473857\n|gametype|doubles\n|player|p1|TheAmazingBaldwin|170|1158\n|player|p2|Ositoguapo15|acetrainer-gen4dp|1195\n|teamsize|p1|6\n|teamsize|p2|6\n|gen|9\n|tier|[Gen 9] Doubles OU\n|rated|\n|rule|Species Clause: Limit one of each Pok\u00e9mon\n|rule|OHKO Clause: OHKO moves are banned\n|rule|Evasion Moves Clause: Evasion moves are banned\n|rule|Gravity Sleep Clause: The combination of sleep-inducing moves with imperfect accuracy and Gravity or Gigantamax Orbeetle are banned\n|rule|Endless Battle Clause: Forcing endless battles is banned\n|rule|HP Percentage Mod: HP is shown in percentages\n|clearpoke\n|poke|p1|Krookodile, F|\n|poke|p1|Clefairy, F|\n|poke|p1|Goodra-Hisui, M|\n|poke|p1|Chien-Pao|\n|poke|p1|Houndstone, M|\n|poke|p1|Murkrow, M|\n|poke|p2|Hatterene, F|\n|poke|p2|Murkrow, F|\n|poke|p2|Torkoal, F|\n|poke|p2|Sinistcha-Masterpiece|\n|poke|p2|Arboliva, F|\n|poke|p2|Lilligant-Hisui, F|\n|teampreview\n|inactive|Battle timer is ON: inactive players will automatically lose when time's up. (requested by TheAmazingBaldwin)\n|\n|t:|1699473870\n|start\n|switch|p1a: Goodra|Goodra-Hisui, M|100\/100\n|switch|p1b: Clefairy|Clefairy, F|100\/100\n|switch|p2a: Hatterene|Hatterene, F|100\/100\n|switch|p2b: Murkrow|Murkrow, F|100\/100\n|turn|1\n|inactive|Ositoguapo15 has 120 seconds left.\n|\n|t:|1699473910\n|switch|p2b: Sinistcha|Sinistcha-Masterpiece|100\/100\n|move|p1b: Clefairy|Follow Me|p1b: Clefairy\n|-singleturn|p1b: Clefairy|move: Follow Me\n|move|p1a: Goodra|Thunderbolt|p2b: Sinistcha\n|-resisted|p2b: Sinistcha\n|-crit|p2b: Sinistcha\n|-damage|p2b: Sinistcha|76\/100\n|move|p2a: Hatterene|Trick Room|p2a: Hatterene\n|-fieldstart|move: Trick Room|[of] p2a: Hatterene\n|\n|upkeep\n|turn|2\n|inactive|Ositoguapo15 has 120 seconds left.\n|\n|t:|1699473942\n|move|p1b: Clefairy|Follow Me|p1b: Clefairy\n|-singleturn|p1b: Clefairy|move: Follow Me\n|move|p2a: Hatterene|Dazzling Gleam|p1a: Goodra|[spread] p1a,p1b\n|-damage|p1a: Goodra|89\/100\n|-damage|p1b: Clefairy|79\/100\n|move|p1a: Goodra|Flash Cannon|p2a: Hatterene\n|-supereffective|p2a: Hatterene\n|-damage|p2a: Hatterene|20\/100\n|move|p2b: Sinistcha|Calm Mind|p2b: Sinistcha\n|-boost|p2b: Sinistcha|spa|1\n|-boost|p2b: Sinistcha|spd|1\n|\n|upkeep\n|turn|3\n|inactive|Ositoguapo15 has 120 seconds left.\n|\n|t:|1699473976\n|move|p2a: Hatterene|Psyshock|p1b: Clefairy\n|-damage|p1b: Clefairy|25\/100\n|move|p1b: Clefairy|Wish|p1b: Clefairy\n|move|p1a: Goodra|Fire Blast|p2b: Sinistcha\n|-supereffective|p2b: Sinistcha\n|-damage|p2b: Sinistcha|20\/100\n|-status|p2b: Sinistcha|brn\n|move|p2b: Sinistcha|Matcha Gotcha|p1b: Clefairy|[spread] p1b\n|-miss|p2b: Sinistcha|p1a: Goodra\n|-damage|p1b: Clefairy|0 fnt\n|-heal|p2b: Sinistcha|33\/100 brn|[from] drain|[of] p1b: Clefairy\n|faint|p1b: Clefairy\n|\n|-damage|p2b: Sinistcha|27\/100 brn|[from] brn\n|upkeep\n|\n|t:|1699473984\n|switch|p1b: Chien-Pao|Chien-Pao|100\/100\n|-ability|p1b: Chien-Pao|Sword of Ruin\n|turn|4\n|inactive|Ositoguapo15 has 120 seconds left.\n|\n|t:|1699474015\n|move|p1b: Chien-Pao|Sucker Punch|p2a: Hatterene\n|-damage|p2a: Hatterene|0 fnt\n|faint|p2a: Hatterene\n|-damage|p1b: Chien-Pao|91\/100|[from] item: Life Orb\n|move|p1a: Goodra|Dragon Pulse|p2b: Sinistcha\n|-damage|p2b: Sinistcha|0 fnt\n|faint|p2b: Sinistcha\n|\n|-heal|p1b: Chien-Pao|100\/100|[from] move: Wish|[wisher] Clefairy\n|upkeep\n|\n|t:|1699474034\n|switch|p2a: Torkoal|Torkoal, F|100\/100\n|switch|p2b: Murkrow|Murkrow, F|100\/100\n|-weather|SunnyDay|[from] ability: Drought|[of] p2a: Torkoal\n|turn|5\n|inactive|Ositoguapo15 has 90 seconds left.\n|\n|t:|1699474064\n|switch|p1b: Murkrow|Murkrow, M|100\/100\n|move|p2b: Murkrow|Tailwind|p2b: Murkrow\n|-sidestart|p2: Ositoguapo15|move: Tailwind\n|move|p2a: Torkoal|Heat Wave|p1a: Goodra|[spread] p1a,p1b\n|-damage|p1a: Goodra|69\/100\n|-damage|p1b: Murkrow|12\/100\n|move|p1a: Goodra|Thunderbolt|p2b: Murkrow\n|-supereffective|p2b: Murkrow\n|-damage|p2b: Murkrow|49\/100\n|\n|-weather|SunnyDay|[upkeep]\n|-fieldend|move: Trick Room\n|upkeep\n|turn|6\n|inactive|Ositoguapo15 has 90 seconds left.\n|\n|t:|1699474093\n|move|p2b: Murkrow|Quash|p1a: Goodra\n|-activate|p1a: Goodra|move: Quash\n|move|p1b: Murkrow|Thunder Wave|p2a: Torkoal\n|-status|p2a: Torkoal|par\n|move|p2a: Torkoal|Heat Wave|p1b: Murkrow|[spread] p1a,p1b\n|-damage|p1a: Goodra|51\/100\n|-damage|p1b: Murkrow|0 fnt\n|faint|p1b: Murkrow\n|move|p1a: Goodra|Thunderbolt|p2b: Murkrow\n|-supereffective|p2b: Murkrow\n|-damage|p2b: Murkrow|0 fnt\n|faint|p2b: Murkrow\n|\n|-weather|SunnyDay|[upkeep]\n|upkeep\n|\n|t:|1699474112\n|switch|p2b: Lilligant|Lilligant-Hisui, F|100\/100\n|switch|p1b: Krookodile|Krookodile, F|100\/100\n|-ability|p1b: Krookodile|Intimidate|boost\n|-unboost|p2a: Torkoal|atk|1\n|-unboost|p2b: Lilligant|atk|1\n|turn|7\n|inactive|Ositoguapo15 has 120 seconds left.\n|inactive|Ositoguapo15 has 90 seconds left.\n|\n|t:|1699474161\n|move|p2a: Torkoal|Helping Hand|p2b: Lilligant\n|-singleturn|p2b: Lilligant|Helping Hand|[of] p2a: Torkoal\n|move|p2b: Lilligant|Close Combat|p1a: Goodra\n|-supereffective|p1a: Goodra\n|-damage|p1a: Goodra|0 fnt\n|-unboost|p2b: Lilligant|def|1\n|-unboost|p2b: Lilligant|spd|1\n|-ability|p1a: Goodra|Gooey\n|-unboost|p2b: Lilligant|spe|1\n|faint|p1a: Goodra\n|move|p1b: Krookodile|High Horsepower|p2a: Torkoal\n|-supereffective|p2a: Torkoal\n|-damage|p2a: Torkoal|45\/100 par\n|-enditem|p2a: Torkoal|Weakness Policy\n|-boost|p2a: Torkoal|atk|2|[from] item: Weakness Policy\n|-boost|p2a: Torkoal|spa|2|[from] item: Weakness Policy\n|\n|-weather|SunnyDay|[upkeep]\n|upkeep\n|\n|t:|1699474169\n|switch|p1a: Houndstone|Houndstone, M|100\/100\n|turn|8\n|\n|t:|1699474190\n|move|p2b: Lilligant|After You|p2a: Torkoal\n|-activate|p2a: Torkoal|move: After You\n|move|p2a: Torkoal|Heat Wave|p1a: Houndstone|[spread] p1a,p1b\n|-damage|p1a: Houndstone|0 fnt\n|-damage|p1b: Krookodile|0 fnt\n|faint|p1a: Houndstone\n|faint|p1b: Krookodile\n|\n|-weather|SunnyDay|[upkeep]\n|-sideend|p2: Ositoguapo15|move: Tailwind\n|upkeep\n|-message|TheAmazingBaldwin forfeited.\n|\n|win|Ositoguapo15\n|raw|TheAmazingBaldwin's rating: 1158 &rarr; <strong>1136<\/strong><br \/>(-22 for losing)\n|raw|Ositoguapo15's rating: 1195 &rarr; <strong>1217<\/strong><br \/>(+22 for winning)\n|l|\u2606TheAmazingBaldwin\n|c|\u2606Ositoguapo15|Gg\n","uploadtime":1699474208,"views":22,"p1id":"theamazingbaldwin","p2id":"ositoguapo15","formatid":"gen9doublesou","rating":1136,"private":0,"password":""}