{"id":"gen9doublesou-1984396723","p1":"UY QUE RICO PAPI","p2":"10PelosDeNalga","format":"[Gen 9] Doubles OU","log":"|j|\u2606UY QUE RICO PAPI\n|j|\u260610PelosDeNalga\n|t:|1699256215\n|gametype|doubles\n|player|p1|UY QUE RICO PAPI|101|1308\n|player|p2|10PelosDeNalga|unknown|1293\n|teamsize|p1|6\n|teamsize|p2|6\n|gen|9\n|tier|[Gen 9] Doubles OU\n|rated|\n|rule|Species Clause: Limit one of each Pok\u00e9mon\n|rule|OHKO Clause: OHKO moves are banned\n|rule|Evasion Moves Clause: Evasion moves are banned\n|rule|Gravity Sleep Clause: The combination of sleep-inducing moves with imperfect accuracy and Gravity or Gigantamax Orbeetle are banned\n|rule|Endless Battle Clause: Forcing endless battles is banned\n|rule|HP Percentage Mod: HP is shown in percentages\n|clearpoke\n|poke|p1|Trevenant, F|\n|poke|p1|Sableye, M|\n|poke|p1|Garganacl, M|\n|poke|p1|Ting-Lu|\n|poke|p1|Cresselia, F|\n|poke|p1|Scream Tail|\n|poke|p2|Gyarados, M|\n|poke|p2|Iron Hands|\n|poke|p2|Meowscarada, M|\n|poke|p2|Hydreigon, F|\n|poke|p2|Flutter Mane|\n|poke|p2|Volcarona, F|\n|teampreview\n|inactive|Battle timer is ON: inactive players will automatically lose when time's up. (requested by 10PelosDeNalga)\n|inactive|UY QUE RICO PAPI has 120 seconds left.\n|inactive|UY QUE RICO PAPI has 90 seconds left.\n|\n|t:|1699256285\n|start\n|switch|p1a: Sableye|Sableye, M|100\/100\n|switch|p1b: Scream Tail|Scream Tail|100\/100\n|switch|p2a: Volcarona|Volcarona, F|100\/100\n|switch|p2b: Gyarados|Gyarados, M, shiny|100\/100\n|-ability|p2b: Gyarados|Intimidate|boost\n|-unboost|p1a: Sableye|atk|1\n|-unboost|p1b: Scream Tail|atk|1\n|turn|1\n|\n|t:|1699256308\n|move|p1a: Sableye|Light Screen|p1a: Sableye\n|-sidestart|p1: UY QUE RICO PAPI|move: Light Screen\n|move|p2a: Volcarona|Quiver Dance|p2a: Volcarona\n|-boost|p2a: Volcarona|spa|1\n|-boost|p2a: Volcarona|spd|1\n|-boost|p2a: Volcarona|spe|1\n|move|p1b: Scream Tail|Stealth Rock|p2a: Volcarona\n|-sidestart|p2: 10PelosDeNalga|move: Stealth Rock\n|move|p2b: Gyarados|Thunder Wave|p1a: Sableye\n|-status|p1a: Sableye|par\n|\n|upkeep\n|turn|2\n|\n|t:|1699256330\n|move|p1a: Sableye|Reflect|p1a: Sableye\n|-sidestart|p1: UY QUE RICO PAPI|Reflect\n|move|p2a: Volcarona|Quiver Dance|p2a: Volcarona\n|-boost|p2a: Volcarona|spa|1\n|-boost|p2a: Volcarona|spd|1\n|-boost|p2a: Volcarona|spe|1\n|move|p1b: Scream Tail|Perish Song|p1b: Scream Tail\n|-start|p1a: Sableye|perish3|[silent]\n|-start|p1b: Scream Tail|perish3|[silent]\n|-start|p2a: Volcarona|perish3|[silent]\n|-start|p2b: Gyarados|perish3|[silent]\n|-fieldactivate|move: Perish Song\n|move|p2b: Gyarados|Dragon Dance|p2b: Gyarados\n|-boost|p2b: Gyarados|atk|1\n|-boost|p2b: Gyarados|spe|1\n|\n|-start|p2a: Volcarona|perish3\n|-start|p2b: Gyarados|perish3\n|-start|p1b: Scream Tail|perish3\n|-start|p1a: Sableye|perish3\n|upkeep\n|turn|3\n|inactive|UY QUE RICO PAPI has 120 seconds left.\n|inactive|10PelosDeNalga has 120 seconds left.\n|inactive|10PelosDeNalga has 90 seconds left.\n|\n|t:|1699256395\n|-end|p1b: Scream Tail|Protosynthesis|[silent]\n|switch|p1b: Cresselia|Cresselia, F|100\/100\n|move|p2b: Gyarados|Helping Hand|p2a: Volcarona\n|-singleturn|p2a: Volcarona|Helping Hand|[of] p2b: Gyarados\n|move|p1a: Sableye|Skill Swap|p1b: Cresselia\n|-activate|p1a: Sableye|move: Skill Swap|||[of] p1b: Cresselia\n|move|p2a: Volcarona|Fiery Dance|p1b: Cresselia\n|-damage|p1b: Cresselia|42\/100\n|-boost|p2a: Volcarona|spa|1\n|\n|-start|p2a: Volcarona|perish2\n|-start|p2b: Gyarados|perish2\n|-start|p1a: Sableye|perish2\n|upkeep\n|turn|4\n|inactive|UY QUE RICO PAPI has 120 seconds left.\n|\n|t:|1699256417\n|switch|p1a: Ting-Lu|Ting-Lu|100\/100\n|-ability|p1a: Ting-Lu|Vessel of Ruin\n|move|p1b: Cresselia|Ally Switch|p1b: Cresselia\n|swap|p1b: Cresselia|0|[from] move: Ally Switch\n|move|p2a: Volcarona|Fiery Dance|p1a: Cresselia\n|-damage|p1a: Cresselia|3\/100\n|move|p2b: Gyarados|Thunder Wave|p1b: Ting-Lu\n|-immune|p1b: Ting-Lu\n|\n|-start|p2a: Volcarona|perish1\n|-start|p2b: Gyarados|perish1\n|upkeep\n|turn|5\n|inactive|10PelosDeNalga has 120 seconds left.\n|\n|t:|1699256437\n|switch|p2a: Iron Hands|Iron Hands|100\/100\n|-damage|p2a: Iron Hands|94\/100|[from] Stealth Rock\n|switch|p2b: Flutter Mane|Flutter Mane|100\/100\n|-damage|p2b: Flutter Mane|88\/100|[from] Stealth Rock\n|-enditem|p2b: Flutter Mane|Booster Energy\n|-activate|p2b: Flutter Mane|ability: Protosynthesis|[fromitem]\n|-start|p2b: Flutter Mane|protosynthesisspe\n|move|p1a: Cresselia|Lunar Blessing|p1a: Cresselia|[spread] p1a,p1b\n|-heal|p1a: Cresselia|28\/100\n|move|p1b: Ting-Lu|Spikes|p2b: Flutter Mane\n|-sidestart|p2: 10PelosDeNalga|Spikes\n|\n|upkeep\n|turn|6\n|\n|t:|1699256457\n|switch|p1b: Scream Tail|Scream Tail|100\/100\n|move|p2a: Iron Hands|Fake Out|p1a: Cresselia\n|-damage|p1a: Cresselia|23\/100\n|cant|p1a: Cresselia|flinch\n|move|p2b: Flutter Mane|Dazzling Gleam|p1b: Scream Tail|[spread] p1a,p1b\n|-damage|p1a: Cresselia|8\/100\n|-damage|p1b: Scream Tail|85\/100\n|\n|upkeep\n|turn|7\n|\n|t:|1699256472\n|move|p1a: Cresselia|Lunar Blessing|p1a: Cresselia|[spread] p1a,p1b\n|-heal|p1a: Cresselia|33\/100\n|-heal|p1b: Scream Tail|100\/100\n|move|p2b: Flutter Mane|Shadow Ball|p1b: Scream Tail\n|-supereffective|p1b: Scream Tail\n|-damage|p1b: Scream Tail|62\/100\n|move|p1b: Scream Tail|Amnesia|p1b: Scream Tail\n|-boost|p1b: Scream Tail|spd|2\n|move|p2a: Iron Hands|Wild Charge|p1a: Cresselia\n|-damage|p1a: Cresselia|15\/100\n|-damage|p2a: Iron Hands|91\/100|[from] Recoil\n|\n|upkeep\n|turn|8\n|\n|t:|1699256490\n|move|p1a: Cresselia|Lunar Blessing|p1a: Cresselia|[spread] p1a,p1b\n|-heal|p1a: Cresselia|40\/100\n|-heal|p1b: Scream Tail|87\/100\n|move|p2b: Flutter Mane|Dazzling Gleam|p1a: Cresselia|[spread] p1a,p1b\n|-damage|p1a: Cresselia|25\/100\n|-damage|p1b: Scream Tail|79\/100\n|move|p1b: Scream Tail|Amnesia|p1b: Scream Tail\n|-boost|p1b: Scream Tail|spd|2\n|move|p2a: Iron Hands|Wild Charge|p1a: Cresselia\n|-damage|p1a: Cresselia|4\/100\n|-damage|p2a: Iron Hands|86\/100|[from] Recoil\n|\n|-sideend|p1: UY QUE RICO PAPI|move: Light Screen\n|upkeep\n|turn|9\n|\n|t:|1699256508\n|-end|p2a: Iron Hands|Quark Drive|[silent]\n|switch|p2a: Volcarona|Volcarona, F|100\/100\n|move|p1a: Cresselia|Lunar Blessing|p1a: Cresselia|[spread] p1a,p1b\n|-heal|p1a: Cresselia|29\/100\n|-heal|p1b: Scream Tail|100\/100\n|move|p2b: Flutter Mane|Shadow Ball|p1a: Cresselia\n|-supereffective|p1a: Cresselia\n|-damage|p1a: Cresselia|0 fnt\n|faint|p1a: Cresselia\n|move|p1b: Scream Tail|Baton Pass|p1b: Scream Tail\n|\n|t:|1699256525\n|-end|p1b: Scream Tail|Protosynthesis|[silent]\n|switch|p1b: Garganacl|Garganacl, M|100\/100|[from] Baton Pass\n|\n|-sideend|p1: UY QUE RICO PAPI|Reflect\n|upkeep\n|\n|t:|1699256531\n|switch|p1a: Sableye|Sableye, M|100\/100 par\n|turn|10\n|\n|t:|1699256542\n|-end|p2b: Flutter Mane|Protosynthesis|[silent]\n|switch|p2b: Meowscarada|Meowscarada, M|100\/100\n|-damage|p2b: Meowscarada|88\/100|[from] Stealth Rock\n|-damage|p2b: Meowscarada|76\/100|[from] Spikes\n|-terastallize|p1b: Garganacl|Ghost\n|move|p1a: Sableye|Light Screen|p1a: Sableye\n|-sidestart|p1: UY QUE RICO PAPI|move: Light Screen\n|move|p2a: Volcarona|Fiery Dance|p1a: Sableye\n|-damage|p1a: Sableye|67\/100 par\n|-boost|p2a: Volcarona|spa|1\n|move|p1b: Garganacl|Salt Cure|p2a: Volcarona\n|-supereffective|p2a: Volcarona\n|-damage|p2a: Volcarona|10\/100\n|-start|p2a: Volcarona|Salt Cure\n|\n|-damage|p2a: Volcarona|0 fnt|[from] Salt Cure\n|faint|p2a: Volcarona\n|upkeep\n|\n|t:|1699256552\n|switch|p2a: Iron Hands|Iron Hands|86\/100\n|-damage|p2a: Iron Hands|80\/100|[from] Stealth Rock\n|-damage|p2a: Iron Hands|68\/100|[from] Spikes\n|turn|11\n|\n|t:|1699256564\n|move|p1b: Garganacl|Protect|p1b: Garganacl\n|-singleturn|p1b: Garganacl|Protect\n|move|p1a: Sableye|Reflect|p1a: Sableye\n|-sidestart|p1: UY QUE RICO PAPI|Reflect\n|move|p2b: Meowscarada|Knock Off|p1b: Garganacl\n|-start|p2b: Meowscarada|typechange|Dark|[from] ability: Protean\n|-activate|p1b: Garganacl|move: Protect\n|move|p2a: Iron Hands|Wild Charge|p1a: Sableye\n|-damage|p1a: Sableye|18\/100 par\n|-damage|p2a: Iron Hands|60\/100|[from] Recoil\n|\n|upkeep\n|turn|12\n|inactive|UY QUE RICO PAPI has 120 seconds left.\n|\n|t:|1699256605\n|switch|p1a: Scream Tail|Scream Tail|100\/100\n|move|p2b: Meowscarada|Knock Off|p1b: Garganacl\n|-supereffective|p1b: Garganacl\n|-damage|p1b: Garganacl|71\/100\n|-enditem|p1b: Garganacl|Leftovers|[from] move: Knock Off|[of] p2b: Meowscarada\n|move|p2a: Iron Hands|Wild Charge|p1a: Scream Tail\n|-damage|p1a: Scream Tail|80\/100\n|-damage|p2a: Iron Hands|56\/100|[from] Recoil\n|move|p1b: Garganacl|Salt Cure|p2b: Meowscarada\n|-damage|p2b: Meowscarada|55\/100\n|-start|p2b: Meowscarada|Salt Cure\n|\n|-damage|p2b: Meowscarada|43\/100|[from] Salt Cure\n|upkeep\n|turn|13\n|inactive|UY QUE RICO PAPI has 120 seconds left.\n|inactive|10PelosDeNalga has 120 seconds left.\n|\n|t:|1699256637\n|-end|p2a: Iron Hands|Quark Drive|[silent]\n|switch|p2a: Gyarados|Gyarados, M, shiny|100\/100\n|-damage|p2a: Gyarados|76\/100|[from] Stealth Rock\n|-ability|p2a: Gyarados|Intimidate|boost\n|-unboost|p1a: Scream Tail|atk|1\n|-unboost|p1b: Garganacl|atk|1\n|move|p2b: Meowscarada|U-turn|p1a: Scream Tail\n|-damage|p1a: Scream Tail|73\/100\n|inactive|10PelosDeNalga has 120 seconds left.\n|\n|t:|1699256654\n|switch|p2b: Flutter Mane|Flutter Mane|88\/100|[from] U-turn\n|-damage|p2b: Flutter Mane|76\/100|[from] Stealth Rock\n|-damage|p2b: Flutter Mane|63\/100|[from] Spikes\n|move|p1a: Scream Tail|Amnesia|p1a: Scream Tail\n|-boost|p1a: Scream Tail|spd|2\n|move|p1b: Garganacl|Salt Cure|p2a: Gyarados\n|-supereffective|p2a: Gyarados\n|-damage|p2a: Gyarados|57\/100\n|-start|p2a: Gyarados|Salt Cure\n|\n|-heal|p2a: Gyarados|63\/100|[from] item: Leftovers\n|-damage|p2a: Gyarados|38\/100|[from] Salt Cure\n|upkeep\n|turn|14\n|\n|t:|1699256672\n|move|p2a: Gyarados|Helping Hand|p2b: Flutter Mane\n|-singleturn|p2b: Flutter Mane|Helping Hand|[of] p2a: Gyarados\n|move|p2b: Flutter Mane|Shadow Ball|p1a: Scream Tail\n|-supereffective|p1a: Scream Tail\n|-damage|p1a: Scream Tail|45\/100\n|-unboost|p1a: Scream Tail|spd|1\n|-enditem|p1a: Scream Tail|Sitrus Berry|[eat]\n|-heal|p1a: Scream Tail|70\/100|[from] item: Sitrus Berry\n|move|p1a: Scream Tail|Baton Pass|p1a: Scream Tail\n|inactive|UY QUE RICO PAPI has 120 seconds left.\n|\n|t:|1699256689\n|-end|p1a: Scream Tail|Protosynthesis|[silent]\n|switch|p1a: Ting-Lu|Ting-Lu|100\/100|[from] Baton Pass\n|-ability|p1a: Ting-Lu|Vessel of Ruin\n|move|p1b: Garganacl|Recover|p1b: Garganacl\n|-heal|p1b: Garganacl|100\/100\n|\n|-heal|p2a: Gyarados|44\/100|[from] item: Leftovers\n|-damage|p2a: Gyarados|19\/100|[from] Salt Cure\n|upkeep\n|turn|15\n|\n|t:|1699256711\n|-end|p2b: Flutter Mane|Protosynthesis|[silent]\n|switch|p2b: Meowscarada|Meowscarada, M|43\/100\n|-damage|p2b: Meowscarada|31\/100|[from] Stealth Rock\n|-damage|p2b: Meowscarada|19\/100|[from] Spikes\n|move|p2a: Gyarados|Thunder Wave|p1b: Garganacl\n|-immune|p1b: Garganacl|[from] ability: Purifying Salt\n|move|p1a: Ting-Lu|Spikes|p2a: Gyarados\n|-sidestart|p2: 10PelosDeNalga|Spikes\n|move|p1b: Garganacl|Salt Cure|p2b: Meowscarada\n|-crit|p2b: Meowscarada\n|-damage|p2b: Meowscarada|0 fnt\n|faint|p2b: Meowscarada\n|\n|-heal|p2a: Gyarados|26\/100|[from] item: Leftovers\n|-damage|p2a: Gyarados|1\/100|[from] Salt Cure\n|upkeep\n|\n|t:|1699256722\n|switch|p2b: Hydreigon|Hydreigon, F, shiny|100\/100\n|-damage|p2b: Hydreigon|88\/100|[from] Stealth Rock\n|turn|16\n|inactive|10PelosDeNalga has 120 seconds left.\n|\n|t:|1699256766\n|move|p1a: Ting-Lu|Protect|p1a: Ting-Lu\n|-singleturn|p1a: Ting-Lu|Protect\n|move|p2b: Hydreigon|Dark Pulse|p1b: Garganacl\n|-supereffective|p1b: Garganacl\n|-damage|p1b: Garganacl|86\/100\n|move|p2a: Gyarados|Waterfall|p1a: Ting-Lu\n|-activate|p1a: Ting-Lu|move: Protect\n|move|p1b: Garganacl|Salt Cure|p2b: Hydreigon\n|-damage|p2b: Hydreigon|77\/100\n|-start|p2b: Hydreigon|Salt Cure\n|\n|-heal|p2a: Gyarados|7\/100|[from] item: Leftovers\n|-damage|p2b: Hydreigon|65\/100|[from] Salt Cure\n|-damage|p2a: Gyarados|0 fnt|[from] Salt Cure\n|faint|p2a: Gyarados\n|upkeep\n|\n|t:|1699256775\n|switch|p2a: Iron Hands|Iron Hands|56\/100\n|-damage|p2a: Iron Hands|50\/100|[from] Stealth Rock\n|-damage|p2a: Iron Hands|33\/100|[from] Spikes\n|turn|17\n|inactive|UY QUE RICO PAPI has 120 seconds left.\n|\n|t:|1699256823\n|move|p2b: Hydreigon|Dark Pulse|p1b: Garganacl\n|-supereffective|p1b: Garganacl\n|-damage|p1b: Garganacl|73\/100\n|move|p2a: Iron Hands|Drain Punch|p1a: Ting-Lu\n|-supereffective|p1a: Ting-Lu\n|-damage|p1a: Ting-Lu|73\/100\n|-heal|p2a: Iron Hands|47\/100|[from] drain|[of] p1a: Ting-Lu\n|move|p1b: Garganacl|Curse|p2b: Hydreigon\n|-start|p2b: Hydreigon|Curse|[of] p1b: Garganacl\n|-damage|p1b: Garganacl|23\/100\n|move|p1a: Ting-Lu|Whirlwind|p2a: Iron Hands\n|-end|p2a: Iron Hands|Quark Drive|[silent]\n|drag|p2a: Flutter Mane|Flutter Mane|63\/100\n|-damage|p2a: Flutter Mane|51\/100|[from] Stealth Rock\n|-damage|p2a: Flutter Mane|35\/100|[from] Spikes\n|\n|-heal|p1a: Ting-Lu|79\/100|[from] item: Leftovers\n|-damage|p2b: Hydreigon|40\/100|[from] Curse\n|-damage|p2b: Hydreigon|28\/100|[from] Salt Cure\n|-sideend|p1: UY QUE RICO PAPI|move: Light Screen\n|upkeep\n|turn|18\n|inactive|UY QUE RICO PAPI has 120 seconds left.\n|\n|t:|1699256852\n|move|p1b: Garganacl|Protect|p1b: Garganacl\n|-singleturn|p1b: Garganacl|Protect\n|move|p2b: Hydreigon|Dark Pulse|p1b: Garganacl\n|-activate|p1b: Garganacl|move: Protect\n|move|p2a: Flutter Mane|Dazzling Gleam|p1a: Ting-Lu|[spread] p1a\n|-activate|p1b: Garganacl|move: Protect\n|-supereffective|p1a: Ting-Lu\n|-damage|p1a: Ting-Lu|56\/100\n|move|p1a: Ting-Lu|Whirlwind|p2a: Flutter Mane\n|-end|p2a: Flutter Mane|Protosynthesis|[silent]\n|drag|p2a: Iron Hands|Iron Hands|47\/100\n|-damage|p2a: Iron Hands|41\/100|[from] Stealth Rock\n|-damage|p2a: Iron Hands|24\/100|[from] Spikes\n|\n|-heal|p1a: Ting-Lu|62\/100|[from] item: Leftovers\n|-damage|p2b: Hydreigon|3\/100|[from] Curse\n|-damage|p2b: Hydreigon|0 fnt|[from] Salt Cure\n|faint|p2b: Hydreigon\n|-sideend|p1: UY QUE RICO PAPI|Reflect\n|upkeep\n|inactive|10PelosDeNalga has 120 seconds left.\n|\n|t:|1699256863\n|switch|p2b: Flutter Mane|Flutter Mane|35\/100\n|-damage|p2b: Flutter Mane|22\/100|[from] Stealth Rock\n|-damage|p2b: Flutter Mane|6\/100|[from] Spikes\n|turn|19\n|inactive|UY QUE RICO PAPI has 120 seconds left.\n|\n|t:|1699256887\n|switch|p1a: Sableye|Sableye, M|18\/100 par\n|move|p2b: Flutter Mane|Shadow Ball|p1b: Garganacl\n|-supereffective|p1b: Garganacl\n|-damage|p1b: Garganacl|10\/100\n|-unboost|p1b: Garganacl|spd|1\n|move|p2a: Iron Hands|Drain Punch|p1a: Sableye\n|-immune|p1a: Sableye\n|move|p1b: Garganacl|Recover|p1b: Garganacl\n|-heal|p1b: Garganacl|60\/100\n|\n|upkeep\n|turn|20\n|-message|10PelosDeNalga forfeited.\n|\n|win|UY QUE RICO PAPI\n|raw|UY QUE RICO PAPI's rating: 1308 &rarr; <strong>1327<\/strong><br \/>(+19 for winning)\n|raw|10PelosDeNalga's rating: 1293 &rarr; <strong>1269<\/strong><br \/>(-24 for losing)\n|l|\u260610PelosDeNalga\n","uploadtime":1699256905,"views":7,"p1id":"uyquericopapi","p2id":"10pelosdenalga","formatid":"gen9doublesou","rating":1269,"private":0,"password":""}