{"id":"gen9doublesou-1995026427","p1":"RandomGuy 133","p2":"swunkey","format":"[Gen 9] Doubles OU","log":"|j|\u2606RandomGuy 133\n|j|\u2606swunkey\n|t:|1700514714\n|gametype|doubles\n|player|p1|RandomGuy 133|artist-gen4|1013\n|player|p2|swunkey|hau-stance|1050\n|teamsize|p1|6\n|teamsize|p2|6\n|gen|9\n|tier|[Gen 9] Doubles OU\n|rated|\n|rule|Species Clause: Limit one of each Pok\u00e9mon\n|rule|OHKO Clause: OHKO moves are banned\n|rule|Evasion Moves Clause: Evasion moves are banned\n|rule|Gravity Sleep Clause: The combination of sleep-inducing moves with imperfect accuracy and Gravity or Gigantamax Orbeetle are banned\n|rule|Endless Battle Clause: Forcing endless battles is banned\n|rule|HP Percentage Mod: HP is shown in percentages\n|clearpoke\n|poke|p1|Raichu, M|\n|poke|p1|Bellibolt, M|\n|poke|p1|Iron Valiant|\n|poke|p1|Sneasler, F|\n|poke|p1|Thundurus-Therian, M|\n|poke|p1|Rotom-Heat|\n|poke|p2|Dudunsparce-*, F|\n|poke|p2|Maushold-Four|\n|poke|p2|Flamigo, M|\n|poke|p2|Probopass, F|\n|poke|p2|Tornadus, M|\n|poke|p2|Okidogi, M|\n|teampreview\n|inactive|Battle timer is ON: inactive players will automatically lose when time's up. (requested by swunkey)\n|inactive|swunkey has 120 seconds left.\n|inactive|swunkey has 90 seconds left.\n|\n|t:|1700514784\n|start\n|switch|p1a: Raichu|Raichu, M, shiny|100\/100\n|switch|p1b: Rotom|Rotom-Heat|100\/100\n|switch|p2a: Dudunsparce|Dudunsparce-Three-Segment, F|100\/100\n|switch|p2b: Maushold|Maushold-Four|100\/100\n|turn|1\n|\n|t:|1700514797\n|-terastallize|p2a: Dudunsparce|Ghost\n|move|p1a: Raichu|Fake Out|p2b: Maushold\n|-damage|p2b: Maushold|90\/100\n|cant|p2b: Maushold|flinch\n|move|p1b: Rotom|Electric Terrain|p1b: Rotom\n|-fieldstart|move: Electric Terrain\n|move|p2a: Dudunsparce|Hyper Voice|p1b: Rotom|[spread] p1a,p1b\n|-damage|p1a: Raichu|77\/100\n|-damage|p1b: Rotom|69\/100\n|\n|upkeep\n|turn|2\n|inactive|swunkey has 120 seconds left.\n|\n|t:|1700514842\n|move|p2b: Maushold|Beat Up|p2a: Dudunsparce\n|-supereffective|p2a: Dudunsparce\n|-damage|p2a: Dudunsparce|98\/100\n|-ability|p2a: Dudunsparce|Rattled|boost\n|-boost|p2a: Dudunsparce|spe|1\n|-enditem|p2a: Dudunsparce|Weakness Policy\n|-boost|p2a: Dudunsparce|atk|2|[from] item: Weakness Policy\n|-boost|p2a: Dudunsparce|spa|2|[from] item: Weakness Policy\n|-supereffective|p2a: Dudunsparce\n|-crit|p2a: Dudunsparce\n|-damage|p2a: Dudunsparce|94\/100\n|-ability|p2a: Dudunsparce|Rattled|boost\n|-boost|p2a: Dudunsparce|spe|1\n|-supereffective|p2a: Dudunsparce\n|-damage|p2a: Dudunsparce|91\/100\n|-ability|p2a: Dudunsparce|Rattled|boost\n|-boost|p2a: Dudunsparce|spe|1\n|-supereffective|p2a: Dudunsparce\n|-damage|p2a: Dudunsparce|89\/100\n|-ability|p2a: Dudunsparce|Rattled|boost\n|-boost|p2a: Dudunsparce|spe|1\n|-supereffective|p2a: Dudunsparce\n|-damage|p2a: Dudunsparce|87\/100\n|-ability|p2a: Dudunsparce|Rattled|boost\n|-boost|p2a: Dudunsparce|spe|1\n|-supereffective|p2a: Dudunsparce\n|-damage|p2a: Dudunsparce|83\/100\n|-ability|p2a: Dudunsparce|Rattled|boost\n|-boost|p2a: Dudunsparce|spe|1\n|-hitcount|p2a: Dudunsparce|6\n|move|p2a: Dudunsparce|Hyper Voice|p1b: Rotom|[spread] p1a,p1b\n|-damage|p1a: Raichu|30\/100\n|-damage|p1b: Rotom|11\/100\n|move|p1a: Raichu|Nuzzle|p2a: Dudunsparce\n|-damage|p2a: Dudunsparce|78\/100\n|-status|p2a: Dudunsparce|par\n|move|p1b: Rotom|Hex|p2a: Dudunsparce\n|-supereffective|p2a: Dudunsparce\n|-damage|p2a: Dudunsparce|36\/100 par\n|\n|upkeep\n|turn|3\n|inactive|RandomGuy 133 has 120 seconds left.\n|\n|t:|1700514877\n|switch|p2b: Flamigo|Flamigo, M|100\/100\n|-copyboost|p2b: Flamigo|p2a: Dudunsparce|[from] ability: Costar\n|switch|p1b: Bellibolt|Bellibolt, M|100\/100\n|move|p1a: Raichu|Surf|p2b: Flamigo|[spread] p1b,p2a,p2b\n|-damage|p1b: Bellibolt|87\/100\n|-damage|p2a: Dudunsparce|24\/100 par\n|-damage|p2b: Flamigo|77\/100\n|-start|p1b: Bellibolt|Charge|Surf|[from] ability: Electromorphosis\n|-enditem|p1b: Bellibolt|Absorb Bulb\n|-boost|p1b: Bellibolt|spa|1|[from] item: Absorb Bulb\n|move|p2a: Dudunsparce|Hyper Voice|p1b: Bellibolt|[spread] p1a,p1b\n|-damage|p1a: Raichu|0 fnt\n|-damage|p1b: Bellibolt|34\/100\n|-start|p1b: Bellibolt|Charge|Hyper Voice|[from] ability: Electromorphosis\n|faint|p1a: Raichu\n|\n|upkeep\n|inactive|RandomGuy 133 has 120 seconds left.\n|\n|t:|1700514895\n|switch|p1a: Rotom|Rotom-Heat|11\/100\n|turn|4\n|inactive|swunkey has 120 seconds left.\n|\n|t:|1700514948\n|-terastallize|p1b: Bellibolt|Grass\n|move|p2b: Flamigo|Wide Guard|p2b: Flamigo\n|-singleturn|p2b: Flamigo|Wide Guard\n|move|p2a: Dudunsparce|Stored Power|p1a: Rotom\n|-damage|p1a: Rotom|0 fnt\n|faint|p1a: Rotom\n|move|p1b: Bellibolt|Parabolic Charge|p2b: Flamigo|[spread] \n|-activate|p2a: Dudunsparce|move: Wide Guard\n|-activate|p2b: Flamigo|move: Wide Guard\n|-end|p1b: Bellibolt|Charge|[silent]\n|\n|upkeep\n|\n|t:|1700514958\n|switch|p1a: Sneasler|Sneasler, F|100\/100\n|-enditem|p1a: Sneasler|Electric Seed\n|-boost|p1a: Sneasler|def|1|[from] item: Electric Seed\n|turn|5\n|inactive|swunkey has 120 seconds left.\n|inactive|swunkey has 90 seconds left.\n|inactive|RandomGuy 133 has 120 seconds left.\n|inactive|swunkey has 60 seconds left.\n|inactive|swunkey has 30 seconds left.\n|inactive|swunkey has 20 seconds left.\n|inactive|swunkey has 15 seconds left.\n|inactive|swunkey has 10 seconds left.\n|inactive|swunkey has 5 seconds left.\n|-message|swunkey lost due to inactivity.\n|\n|win|RandomGuy 133\n|raw|RandomGuy 133's rating: 1013 &rarr; <strong>1055<\/strong><br \/>(+42 for winning)\n|raw|swunkey's rating: 1050 &rarr; <strong>1031<\/strong><br \/>(-19 for losing)\n|l|\u2606RandomGuy 133\n","uploadtime":1700515351,"views":5,"p1id":"randomguy133","p2id":"swunkey","formatid":"gen9doublesou","rating":1031,"private":0,"password":""}