{"id":"gen9doublesou-1985368620","p1":"Remy savage","p2":"SoilderBoi-323","format":"[Gen 9] Doubles OU","log":"|j|\u2606Remy savage\n|j|\u2606SoilderBoi-323\n|t:|1699368783\n|gametype|doubles\n|player|p1|Remy savage|lusamine-nihilego|1321\n|player|p2|SoilderBoi-323|birdkeeper-gen4dp|1249\n|teamsize|p1|6\n|teamsize|p2|6\n|gen|9\n|tier|[Gen 9] Doubles OU\n|rated|\n|rule|Species Clause: Limit one of each Pok\u00e9mon\n|rule|OHKO Clause: OHKO moves are banned\n|rule|Evasion Moves Clause: Evasion moves are banned\n|rule|Gravity Sleep Clause: The combination of sleep-inducing moves with imperfect accuracy and Gravity or Gigantamax Orbeetle are banned\n|rule|Endless Battle Clause: Forcing endless battles is banned\n|rule|HP Percentage Mod: HP is shown in percentages\n|clearpoke\n|poke|p1|Chi-Yu|\n|poke|p1|Bellibolt, F|\n|poke|p1|Gastrodon, M|\n|poke|p1|Iron Hands|\n|poke|p1|Brute Bonnet|\n|poke|p1|Pincurchin, M|\n|poke|p2|Politoed, F|\n|poke|p2|Ludicolo, F|\n|poke|p2|Breloom, F|\n|poke|p2|Amoonguss, F|\n|poke|p2|Goodra-Hisui, M|\n|poke|p2|Milotic, F|\n|teampreview\n|inactive|Battle timer is ON: inactive players will automatically lose when time's up. (requested by Remy savage)\n|\n|t:|1699368813\n|start\n|switch|p1a: Fishy|Chi-Yu|100\/100\n|switch|p1b: tasty|Pincurchin, M|100\/100\n|switch|p2a: Ludicolo|Ludicolo, F|100\/100\n|switch|p2b: Breloom|Breloom, F|100\/100\n|-ability|p1a: Fishy|Beads of Ruin\n|-fieldstart|move: Electric Terrain|[from] ability: Electric Surge|[of] p1b: tasty\n|turn|1\n|\n|t:|1699368832\n|move|p2a: Ludicolo|Fake Out|p1b: tasty\n|-damage|p1b: tasty|93\/100\n|move|p2b: Breloom|Mach Punch|p1a: Fishy\n|-supereffective|p1a: Fishy\n|-damage|p1a: Fishy|14\/100\n|move|p1a: Fishy|Lava Plume|p2a: Ludicolo|[spread] p1b,p2a,p2b\n|-supereffective|p2b: Breloom\n|-damage|p1b: tasty|46\/100\n|-damage|p2a: Ludicolo|63\/100\n|-enditem|p2b: Breloom|Focus Sash\n|-damage|p2b: Breloom|1\/100\n|-status|p1b: tasty|brn\n|cant|p1b: tasty|flinch\n|\n|-heal|p1a: Fishy|20\/100|[from] item: Leftovers\n|-damage|p1b: tasty|40\/100 brn|[from] brn\n|upkeep\n|turn|2\n|\n|t:|1699368854\n|switch|p2b: Politoed|Politoed, F|100\/100\n|-weather|RainDance|[from] ability: Drizzle|[of] p2b: Politoed\n|move|p1a: Fishy|Protect|p1a: Fishy\n|-singleturn|p1a: Fishy|Protect\n|move|p2a: Ludicolo|Hydro Pump|p1a: Fishy\n|-activate|p1a: Fishy|move: Protect\n|move|p1b: tasty|Toxic Spikes|p2a: Ludicolo\n|-sidestart|p2: SoilderBoi-323|move: Toxic Spikes\n|\n|-weather|RainDance|[upkeep]\n|-heal|p1a: Fishy|26\/100|[from] item: Leftovers\n|-damage|p1b: tasty|34\/100 brn|[from] brn\n|upkeep\n|turn|3\n|\n|t:|1699368872\n|switch|p1a: Gastrodon|Gastrodon, M|100\/100\n|move|p2a: Ludicolo|Giga Drain|p1a: Gastrodon\n|-supereffective|p1a: Gastrodon\n|-damage|p1a: Gastrodon|0 fnt\n|-heal|p2a: Ludicolo|100\/100|[from] drain|[of] p1a: Gastrodon\n|faint|p1a: Gastrodon\n|move|p2b: Politoed|Psychic|p1b: tasty\n|-damage|p1b: tasty|0 fnt\n|faint|p1b: tasty\n|\n|-weather|RainDance|[upkeep]\n|upkeep\n|c|\u2606SoilderBoi-323|lol\n|inactive|Remy savage has 120 seconds left.\n|c|\u2606Remy savage|now I'm angry\n|\n|t:|1699368899\n|switch|p1a: Sundae|Bellibolt, F, shiny|100\/100\n|switch|p1b: Fishy|Chi-Yu|26\/100\n|-ability|p1b: Fishy|Beads of Ruin\n|turn|4\n|inactive|SoilderBoi-323 has 120 seconds left.\n|\n|t:|1699368933\n|move|p1b: Fishy|Protect|p1b: Fishy\n|-singleturn|p1b: Fishy|Protect\n|move|p2a: Ludicolo|Hydro Pump|p1b: Fishy\n|-activate|p1b: Fishy|move: Protect\n|move|p2b: Politoed|Psychic|p1a: Sundae\n|-damage|p1a: Sundae|55\/100\n|-start|p1a: Sundae|Charge|Psychic|[from] ability: Electromorphosis\n|move|p1a: Sundae|Parabolic Charge|p2b: Politoed|[spread] p2a,p2b\n|-activate|p1b: Fishy|move: Protect\n|-supereffective|p2b: Politoed\n|-damage|p2a: Ludicolo|0 fnt\n|-heal|p1a: Sundae|95\/100|[from] drain|[of] p2a: Ludicolo\n|-damage|p2b: Politoed|0 fnt\n|-heal|p1a: Sundae|100\/100|[from] drain|[of] p2b: Politoed\n|faint|p2a: Ludicolo\n|faint|p2b: Politoed\n|-end|p1a: Sundae|Charge|[silent]\n|\n|-weather|RainDance|[upkeep]\n|-heal|p1b: Fishy|32\/100|[from] item: Leftovers\n|upkeep\n|inactive|SoilderBoi-323 has 120 seconds left.\n|c|\u2606Remy savage|lmao\n|\n|t:|1699368959\n|switch|p2b: Breloom|Breloom, F|1\/100\n|switch|p2a: Milotic|Milotic, F|100\/100\n|-status|p2b: Breloom|psn\n|-status|p2a: Milotic|psn\n|turn|5\n|inactive|SoilderBoi-323 has 120 seconds left.\n|\n|t:|1699368989\n|switch|p1b: Iron Hands|Iron Hands|100\/100\n|-activate|p1b: Iron Hands|ability: Quark Drive\n|-start|p1b: Iron Hands|quarkdriveatk\n|move|p2b: Breloom|Spore|p1b: Iron Hands\n|-activate|p1b: Iron Hands|move: Electric Terrain\n|move|p2a: Milotic|Hydro Pump|p1a: Sundae\n|-crit|p1a: Sundae\n|-damage|p1a: Sundae|12\/100\n|-start|p1a: Sundae|Charge|Hydro Pump|[from] ability: Electromorphosis\n|move|p1a: Sundae|Parabolic Charge|p2b: Breloom|[spread] p1b,p2a,p2b\n|-resisted|p1b: Iron Hands\n|-supereffective|p2a: Milotic\n|-resisted|p2b: Breloom\n|-damage|p1b: Iron Hands|57\/100\n|-heal|p1a: Sundae|39\/100|[from] drain|[of] p1b: Iron Hands\n|-damage|p2a: Milotic|0 fnt\n|-heal|p1a: Sundae|78\/100|[from] drain|[of] p2a: Milotic\n|-damage|p2b: Breloom|0 fnt\n|-heal|p1a: Sundae|78\/100|[from] drain|[of] p2b: Breloom\n|faint|p2a: Milotic\n|faint|p2b: Breloom\n|-end|p1a: Sundae|Charge|[silent]\n|\n|-weather|RainDance|[upkeep]\n|upkeep\n|inactive|SoilderBoi-323 has 90 seconds left.\n|\n|t:|1699369010\n|switch|p2b: Amoonguss|Amoonguss, F|100\/100\n|switch|p2a: Goodra|Goodra-Hisui, M|100\/100\n|-sideend|p2: SoilderBoi-323|move: Toxic Spikes|[of] p2b: Amoonguss\n|turn|6\n|inactive|SoilderBoi-323 has 90 seconds left.\n|\n|t:|1699369047\n|switch|p1a: Brute Bonnet|Brute Bonnet|100\/100\n|-terastallize|p2a: Goodra|Fairy\n|move|p2a: Goodra|Tera Blast|p1b: Iron Hands|[anim] Tera Blast Fairy\n|-supereffective|p1b: Iron Hands\n|-damage|p1b: Iron Hands|15\/100\n|move|p1b: Iron Hands|Swords Dance|p1b: Iron Hands\n|-boost|p1b: Iron Hands|atk|2\n|move|p2b: Amoonguss|Pollen Puff|p1b: Iron Hands\n|-resisted|p1b: Iron Hands\n|-damage|p1b: Iron Hands|6\/100\n|\n|-weather|none\n|upkeep\n|turn|7\n|inactive|SoilderBoi-323 has 90 seconds left.\n|inactive|Remy savage has 120 seconds left.\n|\n|t:|1699369092\n|-end|p1b: Iron Hands|Quark Drive|[silent]\n|switch|p1b: Sundae|Bellibolt, F, shiny|78\/100\n|-terastallize|p1a: Brute Bonnet|Grass\n|move|p2a: Goodra|Tera Blast|p1b: Sundae|[anim] Tera Blast Fairy\n|-damage|p1b: Sundae|49\/100\n|-start|p1b: Sundae|Charge|Tera Blast|[from] ability: Electromorphosis\n|move|p1a: Brute Bonnet|Pollen Puff|p1b: Sundae\n|-heal|p1b: Sundae|99\/100\n|move|p2b: Amoonguss|Pollen Puff|p1a: Brute Bonnet\n|-supereffective|p1a: Brute Bonnet\n|-damage|p1a: Brute Bonnet|65\/100\n|\n|-heal|p1a: Brute Bonnet|71\/100|[from] item: Leftovers\n|upkeep\n|turn|8\n|inactive|Remy savage has 120 seconds left.\n|inactive|SoilderBoi-323 has 90 seconds left.\n|\n|t:|1699369121\n|move|p1a: Brute Bonnet|Sucker Punch|p2b: Amoonguss\n|-damage|p2b: Amoonguss|67\/100\n|move|p2a: Goodra|Heavy Slam|p1a: Brute Bonnet\n|-damage|p1a: Brute Bonnet|31\/100\n|move|p1b: Sundae|Parabolic Charge|p2a: Goodra|[spread] p1a,p2a,p2b\n|-resisted|p1a: Brute Bonnet\n|-resisted|p2b: Amoonguss\n|-damage|p1a: Brute Bonnet|0 fnt\n|-heal|p1b: Sundae|100\/100|[from] drain|[of] p1a: Brute Bonnet\n|-damage|p2a: Goodra|30\/100\n|-damage|p2b: Amoonguss|28\/100\n|faint|p1a: Brute Bonnet\n|-end|p1a: Brute Bonnet|Protosynthesis|[silent]\n|-end|p1b: Sundae|Charge|[silent]\n|move|p2b: Amoonguss|Leaf Storm|p1b: Sundae\n|-damage|p1b: Sundae|58\/100\n|-unboost|p2b: Amoonguss|spa|2\n|-start|p1b: Sundae|Charge|Leaf Storm|[from] ability: Electromorphosis\n|\n|-heal|p2a: Goodra|36\/100|[from] item: Leftovers\n|-fieldend|move: Electric Terrain\n|upkeep\n|inactive|Remy savage has 90 seconds left.\n|\n|t:|1699369144\n|switch|p1a: Fishy|Chi-Yu|32\/100\n|-ability|p1a: Fishy|Beads of Ruin\n|turn|9\n|inactive|SoilderBoi-323 has 90 seconds left.\n|\n|t:|1699369168\n|move|p1a: Fishy|Protect|p1a: Fishy\n|-singleturn|p1a: Fishy|Protect\n|move|p2b: Amoonguss|Protect|p2b: Amoonguss\n|-singleturn|p2b: Amoonguss|Protect\n|move|p2a: Goodra|Rock Slide|p1b: Sundae|[spread] p1b\n|-activate|p1a: Fishy|move: Protect\n|-crit|p1b: Sundae\n|-damage|p1b: Sundae|39\/100\n|-start|p1b: Sundae|Charge|Rock Slide|[from] ability: Electromorphosis\n|move|p1b: Sundae|Parabolic Charge|p2b: Amoonguss|[spread] p2a\n|-activate|p1a: Fishy|move: Protect\n|-activate|p2b: Amoonguss|move: Protect\n|-damage|p2a: Goodra|0 fnt\n|-heal|p1b: Sundae|52\/100|[from] drain|[of] p2a: Goodra\n|faint|p2a: Goodra\n|-end|p1b: Sundae|Charge|[silent]\n|\n|-heal|p1a: Fishy|38\/100|[from] item: Leftovers\n|upkeep\n|turn|10\n|inactive|Remy savage has 120 seconds left.\n|-message|SoilderBoi-323 forfeited.\n|\n|win|Remy savage\n|raw|Remy savage's rating: 1321 &rarr; <strong>1337<\/strong><br \/>(+16 for winning)\n|raw|SoilderBoi-323's rating: 1249 &rarr; <strong>1229<\/strong><br \/>(-20 for losing)\n|l|\u2606SoilderBoi-323\n|c|\u2606Remy savage|gg\n","uploadtime":1699369204,"views":8,"p1id":"remysavage","p2id":"soilderboi323","formatid":"gen9doublesou","rating":1229,"private":0,"password":""}