{"id":"gen9doublesou-1975333135","p1":"SXD2002","p2":"EldritchMoon","format":"[Gen 9] Doubles OU","log":"|j|\u2606SXD2002\n|j|\u2606EldritchMoon\n|t:|1698180657\n|gametype|doubles\n|player|p1|SXD2002|silver-masters|1042\n|player|p2|EldritchMoon|2|1002\n|teamsize|p1|6\n|teamsize|p2|6\n|gen|9\n|tier|[Gen 9] Doubles OU\n|rated|\n|rule|Species Clause: Limit one of each Pok\u00e9mon\n|rule|OHKO Clause: OHKO moves are banned\n|rule|Evasion Moves Clause: Evasion moves are banned\n|rule|Gravity Sleep Clause: The combination of sleep-inducing moves with imperfect accuracy and Gravity or Gigantamax Orbeetle are banned\n|rule|Endless Battle Clause: Forcing endless battles is banned\n|rule|HP Percentage Mod: HP is shown in percentages\n|clearpoke\n|poke|p1|Lurantis, M|\n|poke|p1|Murkrow, M|\n|poke|p1|Grimmsnarl, M|\n|poke|p1|Clefairy, F|\n|poke|p1|Talonflame, F|\n|poke|p1|Espeon, F|\n|poke|p2|Maushold-Four|\n|poke|p2|Dudunsparce-*, M|\n|poke|p2|Gliscor, F|\n|poke|p2|Mew|\n|poke|p2|Ninetales-Alola, M|\n|poke|p2|Milotic, M|\n|teampreview\n|inactive|Battle timer is ON: inactive players will automatically lose when time's up. (requested by SXD2002)\n|\n|t:|1698180663\n|start\n|switch|p1a: Talonflame|Talonflame, F|100\/100\n|switch|p1b: Lurantis|Lurantis, M|100\/100\n|switch|p2a: Maushold|Maushold-Four|100\/100\n|switch|p2b: Dudunsparce|Dudunsparce-Three-Segment, M|100\/100\n|turn|1\n|\n|t:|1698180680\n|-terastallize|p2b: Dudunsparce|Ghost\n|move|p1a: Talonflame|Defog|p1b: Lurantis\n|-boost|p1b: Lurantis|evasion|1\n|move|p2a: Maushold|Beat Up|p2b: Dudunsparce\n|-supereffective|p2b: Dudunsparce\n|-damage|p2b: Dudunsparce|98\/100\n|-ability|p2b: Dudunsparce|Rattled|boost\n|-boost|p2b: Dudunsparce|spe|1\n|-enditem|p2b: Dudunsparce|Weakness Policy\n|-boost|p2b: Dudunsparce|atk|2|[from] item: Weakness Policy\n|-boost|p2b: Dudunsparce|spa|2|[from] item: Weakness Policy\n|-supereffective|p2b: Dudunsparce\n|-damage|p2b: Dudunsparce|95\/100\n|-ability|p2b: Dudunsparce|Rattled|boost\n|-boost|p2b: Dudunsparce|spe|1\n|-supereffective|p2b: Dudunsparce\n|-damage|p2b: Dudunsparce|92\/100\n|-ability|p2b: Dudunsparce|Rattled|boost\n|-boost|p2b: Dudunsparce|spe|1\n|-supereffective|p2b: Dudunsparce\n|-damage|p2b: Dudunsparce|89\/100\n|-ability|p2b: Dudunsparce|Rattled|boost\n|-boost|p2b: Dudunsparce|spe|1\n|-supereffective|p2b: Dudunsparce\n|-damage|p2b: Dudunsparce|86\/100\n|-ability|p2b: Dudunsparce|Rattled|boost\n|-boost|p2b: Dudunsparce|spe|1\n|-supereffective|p2b: Dudunsparce\n|-damage|p2b: Dudunsparce|84\/100\n|-ability|p2b: Dudunsparce|Rattled|boost\n|-boost|p2b: Dudunsparce|spe|1\n|-hitcount|p2b: Dudunsparce|6\n|move|p2b: Dudunsparce|Coil|p2b: Dudunsparce\n|-boost|p2b: Dudunsparce|atk|1\n|-boost|p2b: Dudunsparce|def|1\n|-boost|p2b: Dudunsparce|accuracy|1\n|move|p1b: Lurantis|Leaf Storm|p2b: Dudunsparce\n|-damage|p2b: Dudunsparce|56\/100\n|-boost|p1b: Lurantis|spa|2\n|\n|upkeep\n|turn|2\n|inactive|EldritchMoon has 120 seconds left.\n|\n|t:|1698180711\n|move|p2a: Maushold|Follow Me|p2a: Maushold\n|-singleturn|p2a: Maushold|move: Follow Me\n|move|p1a: Talonflame|Defog|p2a: Maushold\n|-unboost|p2a: Maushold|evasion|1\n|move|p2b: Dudunsparce|Stored Power|p1a: Talonflame\n|-damage|p1a: Talonflame|0 fnt\n|faint|p1a: Talonflame\n|move|p1b: Lurantis|Leaf Storm|p2a: Maushold\n|-damage|p2a: Maushold|3\/100\n|-boost|p1b: Lurantis|spa|2\n|\n|upkeep\n|\n|t:|1698180726\n|switch|p1a: Grimmsnarl|Grimmsnarl, M|100\/100\n|turn|3\n|\n|t:|1698180738\n|-terastallize|p1b: Lurantis|Steel\n|move|p1a: Grimmsnarl|Fake Tears|p1b: Lurantis\n|-boost|p1b: Lurantis|spd|2\n|move|p2b: Dudunsparce|Stored Power|p1b: Lurantis\n|-resisted|p1b: Lurantis\n|-damage|p1b: Lurantis|72\/100\n|move|p2a: Maushold|Tidy Up|p2a: Maushold\n|-boost|p2a: Maushold|atk|1\n|-boost|p2a: Maushold|spe|1\n|move|p1b: Lurantis|Superpower|p2a: Maushold\n|-supereffective|p2a: Maushold\n|-damage|p2a: Maushold|0 fnt\n|-boost|p1b: Lurantis|atk|1\n|-boost|p1b: Lurantis|def|1\n|faint|p2a: Maushold\n|\n|-heal|p1b: Lurantis|78\/100|[from] item: Leftovers\n|upkeep\n|\n|t:|1698180753\n|switch|p2a: Milotic|Milotic, M|100\/100\n|turn|4\n|\n|t:|1698180765\n|move|p1a: Grimmsnarl|Scary Face|p1b: Lurantis\n|-boost|p1b: Lurantis|spe|2\n|move|p2b: Dudunsparce|Baton Pass|p2b: Dudunsparce\n|\n|t:|1698180772\n|switch|p2b: Mew|Mew|100\/100|[from] Baton Pass\n|move|p1b: Lurantis|Leaf Storm|p2a: Milotic\n|-supereffective|p2a: Milotic\n|-damage|p2a: Milotic|0 fnt\n|-boost|p1b: Lurantis|spa|2\n|faint|p2a: Milotic\n|\n|-heal|p1b: Lurantis|84\/100|[from] item: Leftovers\n|upkeep\n|\n|t:|1698180781\n|switch|p2a: Gliscor|Gliscor, F|100\/100\n|turn|5\n|\n|t:|1698180804\n|move|p1b: Lurantis|Protect|p1b: Lurantis\n|-singleturn|p1b: Lurantis|Protect\n|move|p1a: Grimmsnarl|Parting Shot|p2b: Mew\n|-unboost|p2b: Mew|atk|1\n|-unboost|p2b: Mew|spa|1\n|\n|t:|1698180809\n|switch|p1a: Clefairy|Clefairy, F|100\/100|[from] Parting Shot\n|move|p2b: Mew|Light Screen|p2b: Mew\n|-sidestart|p2: EldritchMoon|move: Light Screen\n|move|p2a: Gliscor|Taunt|p1a: Clefairy\n|-start|p1a: Clefairy|move: Taunt\n|\n|-heal|p1b: Lurantis|90\/100|[from] item: Leftovers\n|-status|p2a: Gliscor|tox|[from] item: Toxic Orb\n|upkeep\n|turn|6\n|\n|t:|1698180834\n|switch|p1a: Murkrow|Murkrow, M|100\/100\n|move|p2b: Mew|Calm Mind|p2b: Mew\n|-boost|p2b: Mew|spa|1\n|-boost|p2b: Mew|spd|1\n|move|p2a: Gliscor|Toxic|p1b: Lurantis\n|-immune|p1b: Lurantis\n|move|p1b: Lurantis|Leaf Storm|p2b: Mew\n|-damage|p2b: Mew|51\/100\n|\n|-heal|p1b: Lurantis|96\/100|[from] item: Leftovers\n|upkeep\n|turn|7\n|\n|t:|1698180853\n|move|p1a: Murkrow|Feather Dance|p1b: Lurantis|[miss]\n|-miss|p1a: Murkrow|p1b: Lurantis\n|move|p2b: Mew|Calm Mind|p2b: Mew\n|-boost|p2b: Mew|spa|1\n|-boost|p2b: Mew|spd|1\n|move|p2a: Gliscor|Taunt|p1a: Murkrow\n|-start|p1a: Murkrow|move: Taunt\n|move|p1b: Lurantis|Leech Life|p2b: Mew\n|-supereffective|p2b: Mew\n|-damage|p2b: Mew|21\/100\n|-heal|p1b: Lurantis|100\/100|[from] drain|[of] p2b: Mew\n|\n|upkeep\n|turn|8\n|\n|t:|1698180873\n|move|p2b: Mew|Baton Pass|p2b: Mew\n|\n|t:|1698180875\n|switch|p2b: Ninetales|Ninetales-Alola, M|100\/100|[from] Baton Pass\n|-weather|Snow|[from] ability: Snow Warning|[of] p2b: Ninetales\n|move|p2a: Gliscor|Toxic|p1a: Murkrow\n|-status|p1a: Murkrow|tox\n|move|p1b: Lurantis|Leech Life|p2b: Ninetales\n|-resisted|p2b: Ninetales\n|-damage|p2b: Ninetales|93\/100\n|move|p1a: Murkrow|Snarl|p2b: Ninetales|[spread] p2a,p2b\n|-resisted|p2b: Ninetales\n|-damage|p2a: Gliscor|93\/100 tox\n|-damage|p2b: Ninetales|91\/100\n|-unboost|p2a: Gliscor|spa|1\n|-unboost|p2b: Ninetales|spa|1\n|\n|-weather|Snow|[upkeep]\n|-heal|p2a: Gliscor|100\/100 tox|[from] ability: Poison Heal\n|-damage|p1a: Murkrow|94\/100 tox|[from] psn\n|upkeep\n|turn|9\n|\n|t:|1698180900\n|move|p2b: Ninetales|Aurora Veil|p2b: Ninetales\n|-sidestart|p2: EldritchMoon|move: Aurora Veil\n|move|p2a: Gliscor|Facade|p1b: Lurantis\n|-resisted|p1b: Lurantis\n|-damage|p1b: Lurantis|89\/100\n|move|p1b: Lurantis|Superpower|p2b: Ninetales\n|-damage|p2b: Ninetales|76\/100\n|-boost|p1b: Lurantis|atk|1\n|-boost|p1b: Lurantis|def|1\n|move|p1a: Murkrow|Snarl|p2b: Ninetales|[spread] p2a,p2b\n|-resisted|p2b: Ninetales\n|-damage|p2a: Gliscor|93\/100 tox\n|-damage|p2b: Ninetales|74\/100\n|-unboost|p2a: Gliscor|spa|1\n|-unboost|p2b: Ninetales|spa|1\n|\n|-weather|Snow|[upkeep]\n|-heal|p1b: Lurantis|96\/100|[from] item: Leftovers\n|-heal|p2a: Gliscor|100\/100 tox|[from] ability: Poison Heal\n|-damage|p1a: Murkrow|82\/100 tox|[from] psn\n|upkeep\n|turn|10\n|\n|t:|1698180926\n|move|p2b: Ninetales|Moonblast|p1a: Murkrow\n|-supereffective|p1a: Murkrow\n|-damage|p1a: Murkrow|0 fnt\n|faint|p1a: Murkrow\n|move|p2a: Gliscor|Facade|p1b: Lurantis|[miss]\n|-miss|p2a: Gliscor|p1b: Lurantis\n|move|p1b: Lurantis|Superpower|p2b: Ninetales\n|-damage|p2b: Ninetales|53\/100\n|-boost|p1b: Lurantis|atk|1\n|-boost|p1b: Lurantis|def|1\n|\n|-weather|Snow|[upkeep]\n|-heal|p1b: Lurantis|100\/100|[from] item: Leftovers\n|upkeep\n|\n|t:|1698180938\n|switch|p1a: Grimmsnarl|Grimmsnarl, M|100\/100\n|turn|11\n|\n|t:|1698180952\n|move|p1a: Grimmsnarl|Parting Shot|p2b: Ninetales\n|-unboost|p2b: Ninetales|atk|1\n|-unboost|p2b: Ninetales|spa|1\n|\n|t:|1698180957\n|switch|p1a: Clefairy|Clefairy, F|100\/100|[from] Parting Shot\n|move|p2b: Ninetales|Blizzard|p1b: Lurantis|[spread] p1a,p1b\n|-resisted|p1b: Lurantis\n|-damage|p1a: Clefairy|80\/100\n|-damage|p1b: Lurantis|96\/100\n|move|p2a: Gliscor|Taunt|p1a: Clefairy\n|-start|p1a: Clefairy|move: Taunt\n|move|p1b: Lurantis|Superpower|p2b: Ninetales\n|-damage|p2b: Ninetales|30\/100\n|-boost|p1b: Lurantis|atk|1\n|-boost|p1b: Lurantis|def|1\n|\n|-weather|Snow|[upkeep]\n|-heal|p1b: Lurantis|100\/100|[from] item: Leftovers\n|upkeep\n|turn|12\n|-message|EldritchMoon forfeited.\n|\n|win|SXD2002\n|raw|SXD2002's rating: 1042 &rarr; <strong>1072<\/strong><br \/>(+30 for winning)\n|raw|EldritchMoon's rating: 1002 &rarr; <strong>1000<\/strong><br \/>(-2 for losing)\n|l|\u2606EldritchMoon\n","uploadtime":1698180971,"views":17,"p1id":"sxd2002","p2id":"eldritchmoon","formatid":"gen9doublesou","rating":1000,"private":0,"password":""}