{"id":"gen9doublesou-1972734547","p1":"akramsamir456","p2":"Pizolitto","format":"[Gen 9] Doubles OU","log":"|j|\u2606akramsamir456\n|j|\u2606Pizolitto\n|t:|1697886819\n|gametype|doubles\n|player|p1|akramsamir456|psychicf-gen4|1060\n|player|p2|Pizolitto|brycenman|1079\n|teamsize|p1|6\n|teamsize|p2|6\n|gen|9\n|tier|[Gen 9] Doubles OU\n|rated|\n|rule|Species Clause: Limit one of each Pok\u00e9mon\n|rule|OHKO Clause: OHKO moves are banned\n|rule|Evasion Moves Clause: Evasion moves are banned\n|rule|Gravity Sleep Clause: The combination of sleep-inducing moves with imperfect accuracy and Gravity or Gigantamax Orbeetle are banned\n|rule|Endless Battle Clause: Forcing endless battles is banned\n|rule|HP Percentage Mod: HP is shown in percentages\n|clearpoke\n|poke|p1|Indeedee-F, F|\n|poke|p1|Armarouge, M|\n|poke|p1|Ogerpon-Wellspring, F|\n|poke|p1|Flutter Mane|\n|poke|p1|Sinistcha|\n|poke|p1|Walking Wake|\n|poke|p2|Arcanine, F|\n|poke|p2|Gothitelle, F|\n|poke|p2|Chansey, F|\n|poke|p2|Glimmora, F|\n|poke|p2|Ting-Lu|\n|poke|p2|Wo-Chien|\n|teampreview\n|\n|t:|1697886841\n|start\n|switch|p1a: Ogerpon|Ogerpon-Wellspring, F|100\/100\n|switch|p1b: Walking Wake|Walking Wake|100\/100\n|switch|p2a: Glimmora|Glimmora, F|100\/100\n|switch|p2b: Arcanine|Arcanine, F|100\/100\n|-ability|p2b: Arcanine|Intimidate|boost\n|-unboost|p1a: Ogerpon|atk|1\n|-unboost|p1b: Walking Wake|atk|1\n|turn|1\n|\n|t:|1697886862\n|move|p2b: Arcanine|Protect|p2b: Arcanine\n|-singleturn|p2b: Arcanine|Protect\n|move|p1b: Walking Wake|Hydro Steam|p2a: Glimmora\n|-supereffective|p2a: Glimmora\n|-damage|p2a: Glimmora|16\/100\n|move|p1a: Ogerpon|Ivy Cudgel|p2b: Arcanine\n|-activate|p2b: Arcanine|move: Protect\n|move|p2a: Glimmora|Toxic Spikes|p1a: Ogerpon\n|-sidestart|p1: akramsamir456|move: Toxic Spikes\n|\n|upkeep\n|turn|2\n|\n|t:|1697886899\n|move|p1b: Walking Wake|Snarl|p2b: Arcanine|[spread] p2a,p2b\n|-damage|p2a: Glimmora|1\/100\n|-damage|p2b: Arcanine|90\/100\n|-unboost|p2a: Glimmora|spa|1\n|-unboost|p2b: Arcanine|spa|1\n|move|p1a: Ogerpon|Ivy Cudgel|p2b: Arcanine\n|-supereffective|p2b: Arcanine\n|-damage|p2b: Arcanine|9\/100\n|-enditem|p2b: Arcanine|Sitrus Berry|[eat]\n|-heal|p2b: Arcanine|34\/100|[from] item: Sitrus Berry\n|move|p2a: Glimmora|Mortal Spin|p1a: Ogerpon|[spread] p1a,p1b\n|-supereffective|p1a: Ogerpon\n|-crit|p1b: Walking Wake\n|-damage|p1a: Ogerpon|91\/100\n|-damage|p1b: Walking Wake|93\/100\n|-status|p1a: Ogerpon|psn\n|-status|p1b: Walking Wake|psn\n|move|p2b: Arcanine|Flamethrower|p1a: Ogerpon\n|-damage|p1a: Ogerpon|69\/100 psn\n|\n|-heal|p1b: Walking Wake|99\/100 psn|[from] item: Leftovers\n|-damage|p1b: Walking Wake|87\/100 psn|[from] psn\n|-damage|p1a: Ogerpon|57\/100 psn|[from] psn\n|upkeep\n|turn|3\n|\n|t:|1697886930\n|switch|p2b: Wo-Chien|Wo-Chien|100\/100\n|-ability|p2b: Wo-Chien|Tablets of Ruin\n|move|p1a: Ogerpon|Spiky Shield|p1a: Ogerpon\n|-singleturn|p1a: Ogerpon|move: Protect\n|move|p2a: Glimmora|Spiky Shield|p2a: Glimmora\n|-singleturn|p2a: Glimmora|move: Protect\n|move|p1b: Walking Wake|Snarl|p2a: Glimmora|[spread] p2b\n|-activate|p2a: Glimmora|move: Protect\n|-resisted|p2b: Wo-Chien\n|-damage|p2b: Wo-Chien|96\/100\n|-unboost|p2b: Wo-Chien|spa|1\n|\n|-heal|p1b: Walking Wake|93\/100 psn|[from] item: Leftovers\n|-heal|p2b: Wo-Chien|100\/100|[from] item: Leftovers\n|-damage|p1b: Walking Wake|81\/100 psn|[from] psn\n|-damage|p1a: Ogerpon|45\/100 psn|[from] psn\n|upkeep\n|turn|4\n|\n|t:|1697886970\n|move|p1b: Walking Wake|Flamethrower|p2b: Wo-Chien\n|-supereffective|p2b: Wo-Chien\n|-damage|p2b: Wo-Chien|58\/100\n|move|p1a: Ogerpon|Horn Leech|p2b: Wo-Chien\n|-resisted|p2b: Wo-Chien\n|-damage|p2b: Wo-Chien|51\/100\n|-heal|p1a: Ogerpon|49\/100 psn|[from] drain|[of] p2b: Wo-Chien\n|move|p2a: Glimmora|Mortal Spin|p1a: Ogerpon|[spread] p1a,p1b\n|-supereffective|p1a: Ogerpon\n|-damage|p1a: Ogerpon|42\/100 psn\n|-damage|p1b: Walking Wake|77\/100 psn\n|move|p2b: Wo-Chien|Leech Seed|p1b: Walking Wake\n|-start|p1b: Walking Wake|move: Leech Seed\n|\n|-heal|p1b: Walking Wake|83\/100 psn|[from] item: Leftovers\n|-heal|p2b: Wo-Chien|57\/100|[from] item: Leftovers\n|-damage|p1b: Walking Wake|71\/100 psn|[from] Leech Seed|[of] p2b: Wo-Chien\n|-heal|p2b: Wo-Chien|68\/100|[silent]\n|-damage|p1b: Walking Wake|58\/100 psn|[from] psn\n|-damage|p1a: Ogerpon|29\/100 psn|[from] psn\n|upkeep\n|turn|5\n|\n|t:|1697886992\n|move|p2a: Glimmora|Spiky Shield|p2a: Glimmora\n|-singleturn|p2a: Glimmora|move: Protect\n|move|p2b: Wo-Chien|Protect|p2b: Wo-Chien\n|-singleturn|p2b: Wo-Chien|Protect\n|move|p1b: Walking Wake|Snarl|p2a: Glimmora|[spread] \n|-activate|p2a: Glimmora|move: Protect\n|-activate|p2b: Wo-Chien|move: Protect\n|move|p1a: Ogerpon|Ivy Cudgel|p2b: Wo-Chien\n|-activate|p2b: Wo-Chien|move: Protect\n|\n|-heal|p1b: Walking Wake|65\/100 psn|[from] item: Leftovers\n|-heal|p2b: Wo-Chien|75\/100|[from] item: Leftovers\n|-damage|p1b: Walking Wake|52\/100 psn|[from] Leech Seed|[of] p2b: Wo-Chien\n|-heal|p2b: Wo-Chien|86\/100|[silent]\n|-damage|p1b: Walking Wake|40\/100 psn|[from] psn\n|-damage|p1a: Ogerpon|17\/100 psn|[from] psn\n|upkeep\n|turn|6\n|\n|t:|1697887025\n|switch|p2a: Ting-Lu|Ting-Lu|100\/100\n|-ability|p2a: Ting-Lu|Vessel of Ruin\n|move|p1b: Walking Wake|Flamethrower|p2b: Wo-Chien\n|-supereffective|p2b: Wo-Chien\n|-damage|p2b: Wo-Chien|54\/100\n|move|p1a: Ogerpon|Ivy Cudgel|p2a: Ting-Lu\n|-supereffective|p2a: Ting-Lu\n|-damage|p2a: Ting-Lu|70\/100\n|move|p2b: Wo-Chien|Leech Seed|p1a: Ogerpon\n|-immune|p1a: Ogerpon\n|\n|-heal|p1b: Walking Wake|46\/100 psn|[from] item: Leftovers\n|-heal|p2b: Wo-Chien|60\/100|[from] item: Leftovers\n|-heal|p2a: Ting-Lu|76\/100|[from] item: Leftovers\n|-damage|p1b: Walking Wake|34\/100 psn|[from] Leech Seed|[of] p2b: Wo-Chien\n|-heal|p2b: Wo-Chien|71\/100|[silent]\n|-damage|p1b: Walking Wake|21\/100 psn|[from] psn\n|-damage|p1a: Ogerpon|4\/100 psn|[from] psn\n|upkeep\n|turn|7\n|-message|akramsamir456 forfeited.\n|\n|win|Pizolitto\n|raw|akramsamir456's rating: 1060 &rarr; <strong>1042<\/strong><br \/>(-18 for losing)\n|raw|Pizolitto's rating: 1079 &rarr; <strong>1106<\/strong><br \/>(+27 for winning)\n|l|\u2606akramsamir456\n","uploadtime":1697887050,"views":16,"p1id":"akramsamir456","p2id":"pizolitto","formatid":"gen9doublesou","rating":1042,"private":0,"password":""}