{"id":"gen9doublesou-1978732549","p1":"Arcticblast","p2":"SingleThunder","format":"[Gen 9] Doubles OU","log":"|j|\u2606Arcticblast\n|j|\u2606SingleThunder\n|t:|1698588391\n|gametype|doubles\n|player|p1|Arcticblast|will|\n|player|p2|SingleThunder|#dpl8ducks|\n|teamsize|p1|6\n|teamsize|p2|6\n|gen|9\n|tier|[Gen 9] Doubles OU\n|rule|Species Clause: Limit one of each Pok\u00e9mon\n|rule|OHKO Clause: OHKO moves are banned\n|rule|Evasion Moves Clause: Evasion moves are banned\n|rule|Gravity Sleep Clause: The combination of sleep-inducing moves with imperfect accuracy and Gravity or Gigantamax Orbeetle are banned\n|rule|Endless Battle Clause: Forcing endless battles is banned\n|rule|HP Percentage Mod: HP is shown in percentages\n|clearpoke\n|poke|p1|Ninetales-Alola, F|\n|poke|p1|Baxcalibur, F|\n|poke|p1|Heatran, M|\n|poke|p1|Iron Hands|\n|poke|p1|Ogerpon-Wellspring, F|\n|poke|p1|Diancie|\n|poke|p2|Tornadus, M|\n|poke|p2|Landorus-Therian, M|\n|poke|p2|Rillaboom, M|\n|poke|p2|Flutter Mane|\n|poke|p2|Ogerpon-Hearthflame, F|\n|poke|p2|Heatran, F|\n|teampreview\n|c|\u2606Arcticblast|glhf\n|c|\u2606Arcticblast|I'll link\n|c|\u2606Arcticblast|oh you got it\n|c|\u2606SingleThunder|yh\n|j|+zoe\n|c|\u2606SingleThunder|hf\n|j| Smudge\n|j| The mishop\n|j| Feyette\n|j| Jello1231\n|j|+Actuarily\n|\n|t:|1698588509\n|start\n|switch|p1a: Iron Hands|Iron Hands|100\/100\n|switch|p1b: Diancie|Diancie|100\/100\n|switch|p2a: Rillaboom|Rillaboom, M|100\/100\n|switch|p2b: Tornadus|Tornadus, M|100\/100\n|-fieldstart|move: Grassy Terrain|[from] ability: Grassy Surge|[of] p2a: Rillaboom\n|turn|1\n|l| Smudge\n|l| Feyette\n|\n|t:|1698588663\n|switch|p2b: Landorus|Landorus-Therian, M|100\/100\n|-ability|p2b: Landorus|Intimidate|boost\n|-unboost|p1a: Iron Hands|atk|1\n|-fail|p1b: Diancie|unboost|[from] ability: Clear Body|[of] p1b: Diancie\n|switch|p1b: Heatran|Heatran, M|100\/100\n|move|p2a: Rillaboom|Grassy Glide|p1b: Heatran\n|-resisted|p1b: Heatran\n|-crit|p1b: Heatran\n|-damage|p1b: Heatran|87\/100\n|move|p1a: Iron Hands|Drain Punch|p2a: Rillaboom\n|-damage|p2a: Rillaboom|72\/100\n|\n|-heal|p1b: Heatran|93\/100|[from] Grassy Terrain\n|-heal|p2a: Rillaboom|78\/100|[from] Grassy Terrain\n|upkeep\n|turn|2\n|\n|t:|1698588727\n|-end|p1a: Iron Hands|Quark Drive|[silent]\n|switch|p1a: Ogerpon|Ogerpon-Wellspring, F|100\/100\n|move|p1b: Heatran|Protect|p1b: Heatran\n|-singleturn|p1b: Heatran|Protect\n|move|p2b: Landorus|Stomping Tantrum|p1b: Heatran\n|-activate|p1b: Heatran|move: Protect\n|move|p2a: Rillaboom|U-turn|p1b: Heatran\n|-activate|p1b: Heatran|move: Protect\n|\n|-heal|p1b: Heatran|99\/100|[from] Grassy Terrain\n|-heal|p2a: Rillaboom|84\/100|[from] Grassy Terrain\n|upkeep\n|turn|3\n|l|+Actuarily\n|\n|t:|1698588767\n|-terastallize|p2b: Landorus|Water\n|move|p1a: Ogerpon|Follow Me|p1a: Ogerpon\n|-singleturn|p1a: Ogerpon|move: Follow Me\n|move|p1b: Heatran|Heat Wave|p2b: Landorus|[spread] p2a,p2b\n|-supereffective|p2a: Rillaboom\n|-resisted|p2b: Landorus\n|-damage|p2a: Rillaboom|9\/100\n|-damage|p2b: Landorus|73\/100\n|-damage|p1b: Heatran|89\/100|[from] item: Life Orb\n|move|p2b: Landorus|Stomping Tantrum|p1a: Ogerpon\n|-resisted|p1a: Ogerpon\n|-damage|p1a: Ogerpon|64\/100\n|move|p2a: Rillaboom|U-turn|p1a: Ogerpon\n|-supereffective|p1a: Ogerpon\n|-damage|p1a: Ogerpon|10\/100\n|j| theyummybagel\n|\n|t:|1698588806\n|switch|p2a: Tornadus|Tornadus, M|100\/100|[from] U-turn\n|\n|-heal|p1a: Ogerpon|16\/100|[from] Grassy Terrain\n|-heal|p1b: Heatran|95\/100|[from] Grassy Terrain\n|-heal|p2b: Landorus|80\/100|[from] Grassy Terrain\n|upkeep\n|turn|4\n|\n|t:|1698588839\n|switch|p1a: Iron Hands|Iron Hands|100\/100\n|switch|p2b: Heatran|Heatran, F|100\/100\n|move|p1b: Heatran|Protect|p1b: Heatran\n|-singleturn|p1b: Heatran|Protect\n|move|p2a: Tornadus|Tailwind|p2a: Tornadus\n|-sidestart|p2: SingleThunder|move: Tailwind\n|\n|-heal|p1b: Heatran|100\/100|[from] Grassy Terrain\n|upkeep\n|turn|5\n|j| GuitarheroVGC\n|j|+Actuarily\n|c| GuitarheroVGC|the battle of the goats...\n|\n|t:|1698588942\n|switch|p2a: Landorus|Landorus-Therian, M, tera:Water|80\/100\n|-ability|p2a: Landorus|Intimidate|boost\n|-unboost|p1a: Iron Hands|atk|1\n|-unboost|p1b: Heatran|atk|1\n|switch|p2b: Flutter Mane|Flutter Mane|100\/100\n|move|p1a: Iron Hands|Fake Out|p2b: Flutter Mane\n|-immune|p2b: Flutter Mane\n|move|p1b: Heatran|Earth Power|p2b: Flutter Mane\n|-damage|p2b: Flutter Mane|57\/100\n|-damage|p1b: Heatran|91\/100|[from] item: Life Orb\n|\n|-heal|p2b: Flutter Mane|63\/100|[from] Grassy Terrain\n|-heal|p2a: Landorus|86\/100|[from] Grassy Terrain\n|-heal|p1b: Heatran|97\/100|[from] Grassy Terrain\n|-fieldend|move: Grassy Terrain\n|upkeep\n|turn|6\n|\n|t:|1698589006\n|-end|p2b: Flutter Mane|Protosynthesis|[silent]\n|switch|p2b: Heatran|Heatran, F|100\/100\n|-end|p1a: Iron Hands|Quark Drive|[silent]\n|switch|p1a: Ninetales|Ninetales-Alola, F|100\/100\n|-weather|Snow|[from] ability: Snow Warning|[of] p1a: Ninetales\n|move|p2a: Landorus|U-turn|p1a: Ninetales\n|-resisted|p1a: Ninetales\n|-crit|p1a: Ninetales\n|-damage|p1a: Ninetales|74\/100\n|\n|t:|1698589030\n|switch|p2a: Ogerpon|Ogerpon-Hearthflame, F|100\/100|[from] U-turn\n|-ability|p2a: Ogerpon|Mold Breaker\n|move|p1b: Heatran|Flash Cannon|p2b: Heatran\n|-resisted|p2b: Heatran\n|-damage|p2b: Heatran|92\/100\n|-damage|p1b: Heatran|87\/100|[from] item: Life Orb\n|\n|-weather|Snow|[upkeep]\n|upkeep\n|turn|7\n|\n|t:|1698589064\n|switch|p2b: Rillaboom|Rillaboom, M|9\/100\n|-fieldstart|move: Grassy Terrain|[from] ability: Grassy Surge|[of] p2b: Rillaboom\n|switch|p1b: Iron Hands|Iron Hands|100\/100\n|move|p1a: Ninetales|Protect|p1a: Ninetales\n|-singleturn|p1a: Ninetales|Protect\n|move|p2a: Ogerpon|Ivy Cudgel|p1a: Ninetales\n|-activate|p1a: Ninetales|move: Protect\n|\n|-weather|Snow|[upkeep]\n|-heal|p2b: Rillaboom|15\/100|[from] Grassy Terrain\n|-heal|p1a: Ninetales|80\/100|[from] Grassy Terrain\n|-sideend|p2: SingleThunder|move: Tailwind\n|upkeep\n|turn|8\n|j| plant piranha\n|\n|t:|1698589133\n|switch|p1a: Ogerpon|Ogerpon-Wellspring, F|16\/100\n|move|p2b: Rillaboom|Fake Out|p1b: Iron Hands\n|-damage|p1b: Iron Hands|91\/100\n|move|p2a: Ogerpon|Ivy Cudgel|p1a: Ogerpon\n|-crit|p1a: Ogerpon\n|-damage|p1a: Ogerpon|0 fnt\n|faint|p1a: Ogerpon\n|cant|p1b: Iron Hands|flinch\n|\n|-weather|Snow|[upkeep]\n|-heal|p2b: Rillaboom|21\/100|[from] Grassy Terrain\n|-heal|p1b: Iron Hands|97\/100|[from] Grassy Terrain\n|upkeep\n|\n|t:|1698589145\n|switch|p1a: Diancie|Diancie|100\/100\n|turn|9\n|l| plant piranha\n|\n|t:|1698589196\n|-terastallize|p1a: Diancie|Fire\n|move|p2a: Ogerpon|Grassy Glide|p1a: Diancie\n|-resisted|p1a: Diancie\n|-damage|p1a: Diancie|84\/100\n|move|p2b: Rillaboom|Grassy Glide|p1a: Diancie\n|-resisted|p1a: Diancie\n|-crit|p1a: Diancie\n|-damage|p1a: Diancie|60\/100\n|move|p1b: Iron Hands|Drain Punch|p2b: Rillaboom\n|-damage|p2b: Rillaboom|0 fnt\n|-heal|p1b: Iron Hands|100\/100|[from] drain|[of] p2b: Rillaboom\n|faint|p2b: Rillaboom\n|move|p1a: Diancie|Trick Room|p1a: Diancie\n|-fieldstart|move: Trick Room|[of] p1a: Diancie\n|\n|-weather|Snow|[upkeep]\n|-heal|p1a: Diancie|66\/100|[from] Grassy Terrain\n|upkeep\n|l|+Actuarily\n|c|\u2606Arcticblast|hey I've only got so much time available to me rn, is it okay if I turn on timer\n|c|\u2606SingleThunder|k\n|inactive|Battle timer is ON: inactive players will automatically lose when time's up. (requested by Arcticblast)\n|j|+Actuarily\n|l|+Actuarily\n|\n|t:|1698589328\n|switch|p2b: Heatran|Heatran, F|92\/100\n|turn|10\n|j| Nido-Rus\n|\n|t:|1698589351\n|switch|p2a: Landorus|Landorus-Therian, M, tera:Water|86\/100\n|-ability|p2a: Landorus|Intimidate|boost\n|-fail|p1a: Diancie|unboost|[from] ability: Clear Body|[of] p1a: Diancie\n|-unboost|p1b: Iron Hands|atk|1\n|move|p1a: Diancie|Body Press|p2b: Heatran\n|-supereffective|p2b: Heatran\n|-damage|p2b: Heatran|47\/100\n|move|p1b: Iron Hands|Drain Punch|p2b: Heatran\n|-supereffective|p2b: Heatran\n|-damage|p2b: Heatran|0 fnt\n|faint|p2b: Heatran\n|\n|-weather|none\n|-heal|p1a: Diancie|73\/100|[from] Grassy Terrain\n|-heal|p2a: Landorus|92\/100|[from] Grassy Terrain\n|upkeep\n|l|+zoe\n|inactive|SingleThunder has 270 seconds left.\n|j|+Actuarily\n|inactive|SingleThunder has 240 seconds left.\n|\n|t:|1698589407\n|switch|p2b: Flutter Mane|Flutter Mane|63\/100\n|turn|11\n|l|+Actuarily\n|inactive|SingleThunder has 240 seconds left.\n|inactive|SingleThunder has 210 seconds left.\n|\n|t:|1698589458\n|move|p1a: Diancie|Diamond Storm|p2b: Flutter Mane|[spread] p2a,p2b\n|-damage|p2a: Landorus|62\/100\n|-damage|p2b: Flutter Mane|7\/100\n|move|p1b: Iron Hands|Wild Charge|p2a: Landorus\n|-supereffective|p2a: Landorus\n|-damage|p2a: Landorus|0 fnt\n|faint|p2a: Landorus\n|-damage|p1b: Iron Hands|88\/100|[from] Recoil\n|move|p2b: Flutter Mane|Moonblast|p1b: Iron Hands\n|-supereffective|p1b: Iron Hands\n|-damage|p1b: Iron Hands|7\/100\n|-unboost|p1b: Iron Hands|spa|1\n|\n|-heal|p1a: Diancie|79\/100|[from] Grassy Terrain\n|-heal|p1b: Iron Hands|13\/100|[from] Grassy Terrain\n|-heal|p2b: Flutter Mane|13\/100|[from] Grassy Terrain\n|-fieldend|move: Grassy Terrain\n|upkeep\n|j| Test Bots\n|\n|t:|1698589474\n|switch|p2a: Ogerpon|Ogerpon-Hearthflame, F|100\/100\n|-ability|p2a: Ogerpon|Mold Breaker\n|turn|12\n|inactive|SingleThunder has 210 seconds left.\n|\n|t:|1698589491\n|move|p2a: Ogerpon|Spiky Shield|p2a: Ogerpon\n|-singleturn|p2a: Ogerpon|move: Protect\n|move|p1a: Diancie|Diamond Storm|p2a: Ogerpon|[spread] p2b\n|-activate|p2a: Ogerpon|move: Protect\n|-damage|p2b: Flutter Mane|0 fnt\n|faint|p2b: Flutter Mane\n|-end|p2b: Flutter Mane|Protosynthesis|[silent]\n|move|p1b: Iron Hands|Drain Punch|p2a: Ogerpon\n|-activate|p2a: Ogerpon|move: Protect\n|-damage|p1b: Iron Hands|0 fnt|[from] Spiky Shield|[of] p2a: Ogerpon\n|faint|p1b: Iron Hands\n|-end|p1b: Iron Hands|Quark Drive|[silent]\n|\n|upkeep\n|\n|t:|1698589511\n|switch|p1b: Baxcalibur|Baxcalibur, F|100\/100\n|switch|p2b: Tornadus|Tornadus, M|100\/100\n|turn|13\n|\n|t:|1698589521\n|move|p2b: Tornadus|Sunny Day|p2b: Tornadus\n|-weather|SunnyDay\n|move|p1a: Diancie|Diamond Storm|p2a: Ogerpon|[spread] p2a,p2b\n|-supereffective|p2a: Ogerpon\n|-supereffective|p2b: Tornadus\n|-damage|p2a: Ogerpon|15\/100\n|-damage|p2b: Tornadus|21\/100\n|-boost|p1a: Diancie|def|2\n|move|p1b: Baxcalibur|Glaive Rush|p2a: Ogerpon\n|-damage|p2a: Ogerpon|0 fnt\n|-singlemove|p1b: Baxcalibur|Glaive Rush|[silent]\n|faint|p2a: Ogerpon\n|\n|-weather|SunnyDay|[upkeep]\n|-fieldend|move: Trick Room\n|upkeep\n|turn|14\n|c|\u2606SingleThunder|gg\n|c|\u2606Arcticblast|gg\n|\n|t:|1698589533\n|move|p1b: Baxcalibur|Glaive Rush|p2b: Tornadus\n|-damage|p2b: Tornadus|0 fnt\n|-singlemove|p1b: Baxcalibur|Glaive Rush|[silent]\n|faint|p2b: Tornadus\n|\n|win|Arcticblast\n|l| GuitarheroVGC\n|j| smudgerox\n|j| GuitarheroVGC\n|l| Test Bots\n|c|\u2606Arcticblast|time for XY\n|l|\u2606SingleThunder\n|l| theyummybagel\n|l| GuitarheroVGC\n|j| GuitarheroVGC\n|l| GuitarheroVGC\n|j|+Actuarily\n|l| The mishop\n|j| The mishop\n|l| Jello1231\n|l| The mishop\n|j| Pentaflecs\n|l|+Actuarily\n|l| Pentaflecs\n|l| Nido-Rus\n|j| Test Bots\n|l| Test Bots\n|j| qsns\n|l| qsns\n|j| Raf\n","uploadtime":1698589550,"views":68,"p1id":"arcticblast","p2id":"singlethunder","formatid":"gen9doublesou","rating":0,"private":0,"password":""}