{"id":"gen9doublesou-1999082858","p1":"ScovillePepper","p2":"DracoKing999","format":"[Gen 9] Doubles OU","log":"|j|\u2606ScovillePepper\n|j|\u2606DracoKing999\n|t:|1701031312\n|gametype|doubles\n|player|p1|ScovillePepper|pokemaniac|1000\n|player|p2|DracoKing999|hooligans|1000\n|teamsize|p1|6\n|teamsize|p2|6\n|gen|9\n|tier|[Gen 9] Doubles OU\n|rated|\n|rule|Species Clause: Limit one of each Pok\u00e9mon\n|rule|OHKO Clause: OHKO moves are banned\n|rule|Evasion Moves Clause: Evasion moves are banned\n|rule|Gravity Sleep Clause: The combination of sleep-inducing moves with imperfect accuracy and Gravity or Gigantamax Orbeetle are banned\n|rule|Endless Battle Clause: Forcing endless battles is banned\n|rule|HP Percentage Mod: HP is shown in percentages\n|clearpoke\n|poke|p1|Grafaiai, M|\n|poke|p1|Furret, F|\n|poke|p1|Sandaconda, M|\n|poke|p1|Skeledirge, F|\n|poke|p1|Greavard, M|\n|poke|p1|Ribombee, F|\n|poke|p2|Dragonite, M|\n|poke|p2|Amoonguss, M|\n|poke|p2|Ninetales-Alola, M|\n|poke|p2|Torkoal, M|\n|poke|p2|Grimmsnarl, M|\n|poke|p2|Tornadus, M|\n|teampreview\n|\n|t:|1701031334\n|start\n|switch|p1a: Grafaiai|Grafaiai, M, shiny|100\/100\n|switch|p1b: Furret|Furret, F, shiny|100\/100\n|switch|p2a: Dragonite|Dragonite, M, shiny|100\/100\n|switch|p2b: Grimmsnarl|Grimmsnarl, M, shiny|100\/100\n|-item|p1a: Grafaiai|Leftovers|[from] ability: Frisk|[of] p2b: Grimmsnarl|[identify]\n|-item|p1b: Furret|Life Orb|[from] ability: Frisk|[of] p2b: Grimmsnarl|[identify]\n|turn|1\n|inactive|Battle timer is ON: inactive players will automatically lose when time's up. (requested by ScovillePepper)\n|\n|t:|1701031359\n|-terastallize|p2a: Dragonite|Dragon\n|move|p1b: Furret|Tidy Up|p1b: Furret\n|-boost|p1b: Furret|atk|1\n|-boost|p1b: Furret|spe|1\n|move|p1a: Grafaiai|Gunk Shot|p2b: Grimmsnarl\n|-supereffective|p2b: Grimmsnarl\n|-damage|p2b: Grimmsnarl|6\/100\n|-status|p2b: Grimmsnarl|psn\n|move|p2a: Dragonite|Draco Meteor|p1b: Furret\n|-damage|p1b: Furret|0 fnt\n|-unboost|p2a: Dragonite|spa|2\n|faint|p1b: Furret\n|move|p2b: Grimmsnarl|Drain Punch|p1a: Grafaiai\n|-damage|p1a: Grafaiai|67\/100\n|-heal|p2b: Grimmsnarl|21\/100 psn|[from] drain|[of] p1a: Grafaiai\n|\n|-heal|p1a: Grafaiai|74\/100|[from] item: Leftovers\n|-heal|p2b: Grimmsnarl|27\/100 psn|[from] item: Leftovers\n|-damage|p2b: Grimmsnarl|15\/100 psn|[from] psn\n|upkeep\n|\n|t:|1701031383\n|switch|p1b: Ribombee|Ribombee, F, shiny|100\/100\n|turn|2\n|\n|t:|1701031410\n|switch|p2b: Ninetales|Ninetales-Alola, M, shiny|100\/100\n|-weather|Snow|[from] ability: Snow Warning|[of] p2b: Ninetales\n|move|p1b: Ribombee|Sticky Web|p2a: Dragonite\n|-sidestart|p2: DracoKing999|move: Sticky Web\n|move|p1a: Grafaiai|Knock Off|p2a: Dragonite\n|-damage|p2a: Dragonite|81\/100\n|-enditem|p2a: Dragonite|Leftovers|[from] move: Knock Off|[of] p1a: Grafaiai\n|move|p2a: Dragonite|Draco Meteor|p1b: Ribombee\n|-immune|p1b: Ribombee\n|\n|-weather|Snow|[upkeep]\n|-heal|p1a: Grafaiai|80\/100|[from] item: Leftovers\n|upkeep\n|turn|3\n|\n|t:|1701031436\n|move|p1b: Ribombee|Quiver Dance|p1b: Ribombee\n|-boost|p1b: Ribombee|spa|1\n|-boost|p1b: Ribombee|spd|1\n|-boost|p1b: Ribombee|spe|1\n|move|p2b: Ninetales|Giga Impact|p1b: Ribombee\n|-damage|p1b: Ribombee|41\/100\n|-mustrecharge|p2b: Ninetales\n|move|p1a: Grafaiai|Gunk Shot|p2b: Ninetales|[miss]\n|-miss|p1a: Grafaiai|p2b: Ninetales\n|move|p2a: Dragonite|Draco Meteor|p1a: Grafaiai\n|-damage|p1a: Grafaiai|47\/100\n|-unboost|p2a: Dragonite|spa|2\n|\n|-weather|Snow|[upkeep]\n|-heal|p1a: Grafaiai|53\/100|[from] item: Leftovers\n|upkeep\n|turn|4\n|\n|t:|1701031456\n|move|p1b: Ribombee|Dazzling Gleam|p2a: Dragonite|[spread] p2a,p2b\n|-supereffective|p2a: Dragonite\n|-damage|p2a: Dragonite|5\/100\n|-damage|p2b: Ninetales|55\/100\n|cant|p2b: Ninetales|recharge\n|move|p1a: Grafaiai|Gunk Shot|p2b: Ninetales|[miss]\n|-miss|p1a: Grafaiai|p2b: Ninetales\n|move|p2a: Dragonite|Bulldoze|p1a: Grafaiai|[spread] p2b,p1a,p1b\n|-supereffective|p1a: Grafaiai\n|-resisted|p1b: Ribombee\n|-damage|p2b: Ninetales|43\/100\n|-damage|p1a: Grafaiai|10\/100\n|-damage|p1b: Ribombee|26\/100\n|-unboost|p2b: Ninetales|spe|1\n|-unboost|p1a: Grafaiai|spe|1\n|\n|-weather|Snow|[upkeep]\n|-heal|p2b: Ninetales|50\/100|[from] item: Leftovers\n|-heal|p1a: Grafaiai|16\/100|[from] item: Leftovers\n|upkeep\n|turn|5\n|l|\u2606ScovillePepper\n|inactive|ScovillePepper disconnected and has a minute to reconnect!\n|player|p1|\n|j|\u2606ScovillePepper\n|inactive|ScovillePepper reconnected and has 130 seconds left.\n|player|p1|ScovillePepper|pokemaniac\n|inactive|ScovillePepper has 120 seconds left.\n|\n|t:|1701031491\n|switch|p2a: Torkoal|Torkoal, M, shiny|100\/100\n|-activate|p2a: Torkoal|move: Sticky Web\n|-unboost|p2a: Torkoal|spe|1\n|move|p1a: Grafaiai|Toxic|p2b: Ninetales\n|-status|p2b: Ninetales|tox\n|move|p1b: Ribombee|Dazzling Gleam|p2b: Ninetales|[spread] p2a,p2b\n|-resisted|p2a: Torkoal\n|-damage|p2a: Torkoal|73\/100\n|-damage|p2b: Ninetales|9\/100 tox\n|move|p2b: Ninetales|Disable|p1b: Ribombee\n|-start|p1b: Ribombee|Disable|Dazzling Gleam\n|\n|-weather|Snow|[upkeep]\n|-heal|p2b: Ninetales|15\/100 tox|[from] item: Leftovers\n|-heal|p1a: Grafaiai|22\/100|[from] item: Leftovers\n|-heal|p2a: Torkoal|79\/100|[from] item: Leftovers\n|-damage|p2b: Ninetales|9\/100 tox|[from] psn\n|upkeep\n|turn|6\n|inactive|ScovillePepper has 120 seconds left.\n|inactive|DracoKing999 has 120 seconds left.\n|inactive|DracoKing999 has 90 seconds left.\n|\n|t:|1701031564\n|move|p1b: Ribombee|Pollen Puff|p1a: Grafaiai\n|-heal|p1a: Grafaiai|72\/100\n|move|p2b: Ninetales|Body Slam|p1b: Ribombee\n|-crit|p1b: Ribombee\n|-damage|p1b: Ribombee|0 fnt\n|faint|p1b: Ribombee\n|move|p1a: Grafaiai|Knock Off|p2a: Torkoal\n|-damage|p2a: Torkoal|61\/100\n|-enditem|p2a: Torkoal|Leftovers|[from] move: Knock Off|[of] p1a: Grafaiai\n|move|p2a: Torkoal|Earth Power|p1a: Grafaiai\n|-supereffective|p1a: Grafaiai\n|-damage|p1a: Grafaiai|37\/100\n|\n|-weather|none\n|-heal|p2b: Ninetales|15\/100 tox|[from] item: Leftovers\n|-heal|p1a: Grafaiai|43\/100|[from] item: Leftovers\n|-damage|p2b: Ninetales|3\/100 tox|[from] psn\n|upkeep\n|inactive|ScovillePepper has 120 seconds left.\n|\n|t:|1701031586\n|switch|p1b: Sandaconda|Sandaconda, M, shiny|100\/100\n|turn|7\n|inactive|ScovillePepper has 120 seconds left.\n|\n|t:|1701031600\n|switch|p2b: Amoonguss|Amoonguss, M, shiny|100\/100\n|-activate|p2b: Amoonguss|move: Sticky Web\n|-unboost|p2b: Amoonguss|spe|1\n|move|p1a: Grafaiai|Toxic|p2a: Torkoal\n|-status|p2a: Torkoal|tox\n|move|p1b: Sandaconda|Coil|p1b: Sandaconda\n|-boost|p1b: Sandaconda|atk|1\n|-boost|p1b: Sandaconda|def|1\n|-boost|p1b: Sandaconda|accuracy|1\n|move|p2a: Torkoal|Earthquake|p1a: Grafaiai|[spread] p2b,p1a,p1b\n|-supereffective|p1a: Grafaiai\n|-crit|p1b: Sandaconda\n|-damage|p2b: Amoonguss|83\/100\n|-damage|p1a: Grafaiai|0 fnt\n|-damage|p1b: Sandaconda|86\/100\n|faint|p1a: Grafaiai\n|\n|-heal|p1b: Sandaconda|92\/100|[from] item: Leftovers\n|-heal|p2b: Amoonguss|89\/100|[from] item: Leftovers\n|-damage|p2a: Torkoal|55\/100 tox|[from] psn\n|upkeep\n|inactive|ScovillePepper has 120 seconds left.\n|\n|t:|1701031622\n|switch|p1a: Skeledirge|Skeledirge, F, shiny|100\/100\n|turn|8\n|inactive|DracoKing999 has 120 seconds left.\n|\n|t:|1701031646\n|move|p1b: Sandaconda|Stealth Rock|p2a: Torkoal\n|-sidestart|p2: DracoKing999|move: Stealth Rock\n|move|p1a: Skeledirge|Torch Song|p2b: Amoonguss\n|-supereffective|p2b: Amoonguss\n|-damage|p2b: Amoonguss|29\/100\n|-boost|p1a: Skeledirge|spa|1\n|move|p2b: Amoonguss|Giga Drain|p1b: Sandaconda\n|-supereffective|p1b: Sandaconda\n|-damage|p1b: Sandaconda|34\/100\n|-heal|p2b: Amoonguss|56\/100|[from] drain|[of] p1b: Sandaconda\n|move|p2a: Torkoal|Body Press|p1b: Sandaconda\n|-damage|p1b: Sandaconda|23\/100\n|\n|-heal|p1b: Sandaconda|29\/100|[from] item: Leftovers\n|-heal|p2b: Amoonguss|62\/100|[from] item: Leftovers\n|-damage|p2a: Torkoal|42\/100 tox|[from] psn\n|upkeep\n|turn|9\n|inactive|DracoKing999 has 120 seconds left.\n|\n|t:|1701031677\n|-terastallize|p1b: Sandaconda|Grass\n|move|p1b: Sandaconda|Rest|p1b: Sandaconda\n|-status|p1b: Sandaconda|slp|[from] move: Rest\n|-heal|p1b: Sandaconda|100\/100 slp|[silent]\n|move|p1a: Skeledirge|Torch Song|p2b: Amoonguss\n|-supereffective|p2b: Amoonguss\n|-damage|p2b: Amoonguss|0 fnt\n|-boost|p1a: Skeledirge|spa|1\n|faint|p2b: Amoonguss\n|move|p2a: Torkoal|Earth Power|p1a: Skeledirge\n|-supereffective|p1a: Skeledirge\n|-damage|p1a: Skeledirge|73\/100\n|\n|-heal|p1a: Skeledirge|79\/100|[from] item: Leftovers\n|-damage|p2a: Torkoal|24\/100 tox|[from] psn\n|upkeep\n|\n|t:|1701031692\n|switch|p2b: Tornadus|Tornadus, M, shiny|100\/100\n|-damage|p2b: Tornadus|76\/100|[from] Stealth Rock\n|turn|10\n|\n|t:|1701031708\n|move|p2b: Tornadus|Brick Break|p1b: Sandaconda\n|-damage|p1b: Sandaconda|91\/100 slp\n|cant|p1b: Sandaconda|slp\n|move|p1a: Skeledirge|Will-O-Wisp|p2b: Tornadus\n|-status|p2b: Tornadus|brn\n|move|p2a: Torkoal|Earthquake|p1a: Skeledirge|[spread] p1a,p1b\n|-immune|p2b: Tornadus\n|-supereffective|p1a: Skeledirge\n|-resisted|p1b: Sandaconda\n|-damage|p1a: Skeledirge|54\/100\n|-damage|p1b: Sandaconda|87\/100 slp\n|\n|-heal|p2b: Tornadus|82\/100 brn|[from] item: Leftovers\n|-heal|p1b: Sandaconda|93\/100 slp|[from] item: Leftovers\n|-heal|p1a: Skeledirge|60\/100|[from] item: Leftovers\n|-damage|p2a: Torkoal|0 fnt|[from] psn\n|faint|p2a: Torkoal\n|-damage|p2b: Tornadus|76\/100 brn|[from] brn\n|upkeep\n|inactive|DracoKing999 has 90 seconds left.\n|\n|t:|1701031730\n|switch|p2a: Dragonite|Dragonite, M, shiny, tera:Dragon|5\/100\n|-activate|p2a: Dragonite|move: Sticky Web\n|-unboost|p2a: Dragonite|spe|1\n|-damage|p2a: Dragonite|0 fnt|[from] Stealth Rock\n|faint|p2a: Dragonite\n|inactive|DracoKing999 has 90 seconds left.\n|\n|t:|1701031739\n|switch|p2a: Grimmsnarl|Grimmsnarl, M, shiny|15\/100 psn\n|-activate|p2a: Grimmsnarl|move: Sticky Web\n|-unboost|p2a: Grimmsnarl|spe|1\n|-damage|p2a: Grimmsnarl|2\/100 psn|[from] Stealth Rock\n|-item|p1a: Skeledirge|Leftovers|[from] ability: Frisk|[of] p2a: Grimmsnarl|[identify]\n|-item|p1b: Sandaconda|Leftovers|[from] ability: Frisk|[of] p2a: Grimmsnarl|[identify]\n|turn|11\n|\n|t:|1701031761\n|move|p2b: Tornadus|Dark Pulse|p1b: Sandaconda\n|-crit|p1b: Sandaconda\n|-damage|p1b: Sandaconda|51\/100 slp\n|cant|p1b: Sandaconda|slp\n|move|p1a: Skeledirge|Hex|p2b: Tornadus\n|-damage|p2b: Tornadus|0 fnt\n|faint|p2b: Tornadus\n|move|p2a: Grimmsnarl|Drain Punch|p1a: Skeledirge\n|-immune|p1a: Skeledirge\n|\n|-heal|p1b: Sandaconda|57\/100 slp|[from] item: Leftovers\n|-heal|p1a: Skeledirge|66\/100|[from] item: Leftovers\n|-heal|p2a: Grimmsnarl|9\/100 psn|[from] item: Leftovers\n|-damage|p2a: Grimmsnarl|0 fnt|[from] psn\n|faint|p2a: Grimmsnarl\n|upkeep\n|inactive|DracoKing999 has 90 seconds left.\n|\n|t:|1701031778\n|switch|p2b: Ninetales|Ninetales-Alola, M, shiny|3\/100 tox\n|-activate|p2b: Ninetales|move: Sticky Web\n|-unboost|p2b: Ninetales|spe|1\n|-damage|p2b: Ninetales|0 fnt|[from] Stealth Rock\n|faint|p2b: Ninetales\n|\n|win|ScovillePepper\n|raw|ScovillePepper's rating: 1000 &rarr; <strong>1040<\/strong><br \/>(+40 for winning)\n|raw|DracoKing999's rating: 1000 &rarr; <strong>1000<\/strong><br \/>(+0 for losing)\n|c|\u2606DracoKing999|GG\n|l|\u2606DracoKing999\n","uploadtime":1701031818,"views":7,"p1id":"scovillepepper","p2id":"dracoking999","formatid":"gen9doublesou","rating":1000,"private":0,"password":""}