{"id":"gen9doublesou-1968428249","p1":"Champion's Melody","p2":"puthywillow420","format":"[Gen 9] Doubles OU","log":"|html|<div class=\"broadcast-blue\"><strong>[Gen 9] Doubles OU is currently suspecting Basculegion & Flutter Mane! For information on how to participate check out the <a href=\"https:\/\/www.smogon.com\/forums\/threads\/np-sv-dou-stage-8-double-trouble.3729153\/\">suspect thread<\/a>.<\/strong><\/div>\n|j|\u2606Champion's Melody\n|j|\u2606puthywillow420\n|t:|1697417507\n|gametype|doubles\n|player|p1|Champion's Melody|cynthia|1273\n|player|p2|puthywillow420|caitlin|1210\n|teamsize|p1|6\n|teamsize|p2|6\n|gen|9\n|tier|[Gen 9] Doubles OU\n|rated|\n|rule|Species Clause: Limit one of each Pok\u00e9mon\n|rule|OHKO Clause: OHKO moves are banned\n|rule|Evasion Moves Clause: Evasion moves are banned\n|rule|Gravity Sleep Clause: The combination of sleep-inducing moves with imperfect accuracy and Gravity or Gigantamax Orbeetle are banned\n|rule|Endless Battle Clause: Forcing endless battles is banned\n|rule|HP Percentage Mod: HP is shown in percentages\n|clearpoke\n|poke|p1|Lurantis, F|\n|poke|p1|Gliscor, M|\n|poke|p1|Salazzle, F|\n|poke|p1|Kleavor, M|\n|poke|p1|Basculegion-F, F|\n|poke|p1|Empoleon, M|\n|poke|p2|Stantler, F|\n|poke|p2|Pawmot, M|\n|poke|p2|Okidogi, M|\n|poke|p2|Clefable, M|\n|poke|p2|Wyrdeer, F|\n|poke|p2|Kingambit, M|\n|teampreview\n|inactive|Battle timer is ON: inactive players will automatically lose when time's up. (requested by puthywillow420)\n|inactive|Champion's Melody also wants the timer to be on.\n|\n|t:|1697417515\n|start\n|switch|p1a: Kleavor|Kleavor, M|100\/100\n|switch|p1b: Empoleon|Empoleon, M|100\/100\n|switch|p2a: Stantler|Stantler, F|100\/100\n|switch|p2b: Okidogi|Okidogi, M|100\/100\n|-ability|p2a: Stantler|Intimidate|boost\n|-unboost|p1a: Kleavor|atk|1\n|-unboost|p1b: Empoleon|atk|1\n|-ability|p1b: Empoleon|Competitive|boost\n|-boost|p1b: Empoleon|spa|2\n|turn|1\n|\n|t:|1697417531\n|move|p1a: Kleavor|Stone Axe|p2b: Okidogi\n|-resisted|p2b: Okidogi\n|-damage|p2b: Okidogi|78\/100\n|-sidestart|p2: puthywillow420|move: Stealth Rock\n|move|p2b: Okidogi|Bulk Up|p2b: Okidogi\n|-boost|p2b: Okidogi|atk|1\n|-boost|p2b: Okidogi|def|1\n|move|p2a: Stantler|Skill Swap|p1b: Empoleon\n|-activate|p2a: Stantler|move: Skill Swap|Competitive|Intimidate|[of] p1b: Empoleon\n|-ability|p1b: Empoleon|Intimidate|boost\n|-unboost|p2a: Stantler|atk|1\n|-ability|p2a: Stantler|Competitive|boost\n|-boost|p2a: Stantler|spa|2\n|-ability|p2b: Okidogi|Guard Dog|boost\n|-boost|p2b: Okidogi|atk|1\n|-enditem|p2b: Okidogi|Adrenaline Orb\n|-boost|p2b: Okidogi|spe|1|[from] item: Adrenaline Orb\n|move|p1b: Empoleon|Blizzard|p2a: Stantler|[spread] p2a,p2b\n|-crit|p2a: Stantler\n|-damage|p2a: Stantler|0 fnt\n|-damage|p2b: Okidogi|0 fnt\n|faint|p2a: Stantler\n|faint|p2b: Okidogi\n|\n|upkeep\n|\n|t:|1697417553\n|switch|p2b: Pawmot|Pawmot, M|100\/100\n|switch|p2a: Clefable|Clefable, M|100\/100\n|-damage|p2b: Pawmot|94\/100|[from] Stealth Rock\n|-damage|p2a: Clefable|88\/100|[from] Stealth Rock\n|turn|2\n|\n|t:|1697417568\n|move|p2b: Pawmot|Close Combat|p1b: Empoleon\n|-supereffective|p1b: Empoleon\n|-damage|p1b: Empoleon|0 fnt\n|-unboost|p2b: Pawmot|def|1\n|-unboost|p2b: Pawmot|spd|1\n|faint|p1b: Empoleon\n|move|p1a: Kleavor|Stone Axe|p2a: Clefable\n|-damage|p2a: Clefable|6\/100\n|-damage|p1a: Kleavor|84\/100|[from] item: Rocky Helmet|[of] p2a: Clefable\n|move|p2a: Clefable|Icy Wind|p1a: Kleavor\n|-damage|p1a: Kleavor|65\/100\n|-unboost|p1a: Kleavor|spe|1\n|\n|upkeep\n|\n|t:|1697417584\n|switch|p1b: Basculegion|Basculegion-F, F|100\/100\n|turn|3\n|\n|t:|1697417591\n|move|p1b: Basculegion|Flip Turn|p2b: Pawmot\n|-damage|p2b: Pawmot|7\/100\n|\n|t:|1697417595\n|switch|p1b: Gliscor|Gliscor, M|100\/100|[from] Flip Turn\n|move|p2b: Pawmot|Close Combat|p1a: Kleavor\n|-damage|p1a: Kleavor|0 fnt\n|-unboost|p2b: Pawmot|def|1\n|-unboost|p2b: Pawmot|spd|1\n|faint|p1a: Kleavor\n|move|p2a: Clefable|Life Dew|p2a: Clefable|[spread] p2a,p2b\n|-heal|p2a: Clefable|31\/100\n|-heal|p2b: Pawmot|32\/100\n|\n|-status|p1b: Gliscor|tox|[from] item: Toxic Orb\n|upkeep\n|\n|t:|1697417609\n|switch|p1a: Salazzle|Salazzle, F, shiny|100\/100\n|turn|4\n|\n|t:|1697417634\n|move|p1a: Salazzle|Fake Out|p2b: Pawmot\n|-damage|p2b: Pawmot|11\/100\n|move|p2a: Clefable|Follow Me|p2a: Clefable\n|-singleturn|p2a: Clefable|move: Follow Me\n|cant|p2b: Pawmot|flinch\n|move|p1b: Gliscor|Fling|p2a: Clefable\n|-resisted|p2a: Clefable\n|-damage|p2a: Clefable|27\/100\n|-status|p2a: Clefable|tox\n|-enditem|p1b: Gliscor|Toxic Orb|[from] move: Fling\n|\n|-damage|p2a: Clefable|21\/100 tox|[from] psn\n|upkeep\n|turn|5\n|\n|t:|1697417651\n|move|p2a: Clefable|Follow Me|p2a: Clefable\n|-singleturn|p2a: Clefable|move: Follow Me\n|move|p1a: Salazzle|Sludge Bomb|p2a: Clefable\n|-supereffective|p2a: Clefable\n|-damage|p2a: Clefable|0 fnt\n|faint|p2a: Clefable\n|move|p2b: Pawmot|Revival Blessing|p2b: Pawmot\n|\n|t:|1697417666\n|-heal|p2: Okidogi|50\/100|[from] move: Revival Blessing\n|move|p1b: Gliscor|Acrobatics|p2b: Pawmot\n|-damage|p2b: Pawmot|0 fnt\n|faint|p2b: Pawmot\n|\n|upkeep\n|\n|t:|1697417673\n|switch|p2b: Wyrdeer|Wyrdeer, F|100\/100\n|switch|p2a: Kingambit|Kingambit, M|100\/100\n|-damage|p2b: Wyrdeer|88\/100|[from] Stealth Rock\n|-ability|p2b: Wyrdeer|Intimidate|boost\n|-unboost|p1a: Salazzle|atk|1\n|-unboost|p1b: Gliscor|atk|1\n|-damage|p2a: Kingambit|94\/100|[from] Stealth Rock\n|turn|6\n|\n|t:|1697417689\n|move|p2a: Kingambit|Protect|p2a: Kingambit\n|-singleturn|p2a: Kingambit|Protect\n|move|p1a: Salazzle|Fire Blast|p2a: Kingambit\n|-activate|p2a: Kingambit|move: Protect\n|move|p1b: Gliscor|Swords Dance|p1b: Gliscor\n|-boost|p1b: Gliscor|atk|2\n|move|p2b: Wyrdeer|Skill Swap|p1b: Gliscor\n|-activate|p2b: Wyrdeer|move: Skill Swap|Poison Heal|Intimidate|[of] p1b: Gliscor\n|-ability|p1b: Gliscor|Intimidate|boost\n|-unboost|p2a: Kingambit|atk|1\n|-ability|p2a: Kingambit|Defiant|boost\n|-boost|p2a: Kingambit|atk|2\n|-unboost|p2b: Wyrdeer|atk|1\n|\n|-heal|p2b: Wyrdeer|94\/100|[from] item: Leftovers\n|-damage|p1b: Gliscor|82\/100 tox|[from] psn\n|upkeep\n|turn|7\n|l|\u2606puthywillow420\n|inactive|puthywillow420 disconnected and has a minute to reconnect!\n|player|p2|\n|j|\u2606puthywillow420\n|inactive|puthywillow420 reconnected and has 120 seconds left.\n|player|p2|puthywillow420|caitlin\n|inactive|puthywillow420 has 90 seconds left.\n|\n|t:|1697417764\n|switch|p2b: Okidogi|Okidogi, M|50\/100\n|-damage|p2b: Okidogi|44\/100|[from] Stealth Rock\n|-terastallize|p2a: Kingambit|Fairy\n|move|p1a: Salazzle|Fire Blast|p2a: Kingambit\n|-damage|p2a: Kingambit|42\/100\n|move|p1b: Gliscor|Acrobatics|p2b: Okidogi\n|-supereffective|p2b: Okidogi\n|-damage|p2b: Okidogi|0 fnt\n|faint|p2b: Okidogi\n|move|p2a: Kingambit|Kowtow Cleave|p1b: Gliscor\n|-damage|p1b: Gliscor|7\/100 tox\n|\n|-damage|p1b: Gliscor|0 fnt|[from] psn\n|faint|p1b: Gliscor\n|upkeep\n|inactive|puthywillow420 has 90 seconds left.\n|\n|t:|1697417783\n|switch|p1b: Lurantis|Lurantis, F|100\/100\n|switch|p2b: Wyrdeer|Wyrdeer, F|94\/100\n|-damage|p2b: Wyrdeer|82\/100|[from] Stealth Rock\n|-ability|p2b: Wyrdeer|Intimidate|boost\n|-unboost|p1a: Salazzle|atk|1\n|-boost|p1b: Lurantis|atk|1\n|turn|8\n|inactive|puthywillow420 has 90 seconds left.\n|\n|t:|1697417813\n|move|p2a: Kingambit|Protect|p2a: Kingambit\n|-singleturn|p2a: Kingambit|Protect\n|move|p1a: Salazzle|Sludge Bomb|p2a: Kingambit\n|-activate|p2a: Kingambit|move: Protect\n|move|p2b: Wyrdeer|Psychic|p1a: Salazzle\n|-supereffective|p1a: Salazzle\n|-damage|p1a: Salazzle|0 fnt\n|faint|p1a: Salazzle\n|move|p1b: Lurantis|Superpower|p2b: Wyrdeer\n|-damage|p2b: Wyrdeer|22\/100\n|-boost|p1b: Lurantis|atk|1\n|-boost|p1b: Lurantis|def|1\n|\n|-heal|p2b: Wyrdeer|28\/100|[from] item: Leftovers\n|upkeep\n|\n|t:|1697417828\n|switch|p1a: Basculegion|Basculegion-F, F|100\/100\n|turn|9\n|\n|t:|1697417837\n|move|p2a: Kingambit|Sucker Punch|p1a: Basculegion\n|-supereffective|p1a: Basculegion\n|-damage|p1a: Basculegion|0 fnt\n|faint|p1a: Basculegion\n|move|p2b: Wyrdeer|Thunderbolt|p1b: Lurantis\n|-resisted|p1b: Lurantis\n|-damage|p1b: Lurantis|92\/100\n|move|p1b: Lurantis|Superpower|p2a: Kingambit\n|-resisted|p2a: Kingambit\n|-damage|p2a: Kingambit|14\/100\n|-boost|p1b: Lurantis|atk|1\n|-boost|p1b: Lurantis|def|1\n|-enditem|p2a: Kingambit|Aguav Berry|[eat]\n|-heal|p2a: Kingambit|47\/100|[from] item: Aguav Berry\n|\n|-heal|p2b: Wyrdeer|34\/100|[from] item: Leftovers\n|upkeep\n|turn|10\n|inactive|puthywillow420 has 120 seconds left.\n|l|\u2606puthywillow420\n|inactive|puthywillow420 disconnected and has a minute to reconnect!\n|player|p2|\n|j|\u2606puthywillow420\n|inactive|puthywillow420 reconnected and has 95 seconds left.\n|player|p2|puthywillow420|caitlin\n|inactive|puthywillow420 has 90 seconds left.\n|\n|t:|1697417881\n|move|p2a: Kingambit|Sucker Punch|p1b: Lurantis\n|-damage|p1b: Lurantis|58\/100\n|move|p2b: Wyrdeer|Skill Swap|p1b: Lurantis\n|-activate|p2b: Wyrdeer|move: Skill Swap|Contrary|Intimidate|[of] p1b: Lurantis\n|-ability|p1b: Lurantis|Intimidate|boost\n|-unboost|p2a: Kingambit|atk|1\n|-ability|p2a: Kingambit|Defiant|boost\n|-boost|p2a: Kingambit|atk|2\n|-boost|p2b: Wyrdeer|atk|1\n|move|p1b: Lurantis|Superpower|p2b: Wyrdeer\n|-damage|p2b: Wyrdeer|0 fnt\n|-unboost|p1b: Lurantis|atk|1\n|-unboost|p1b: Lurantis|def|1\n|faint|p2b: Wyrdeer\n|\n|upkeep\n|turn|11\n|\n|t:|1697417898\n|-terastallize|p1b: Lurantis|Bug\n|move|p2a: Kingambit|Protect|p2a: Kingambit\n|-singleturn|p2a: Kingambit|Protect\n|move|p1b: Lurantis|Leech Life|p2a: Kingambit\n|-activate|p2a: Kingambit|move: Protect\n|\n|upkeep\n|turn|12\n|\n|t:|1697417906\n|move|p2a: Kingambit|Iron Head|p1b: Lurantis\n|-damage|p1b: Lurantis|0 fnt\n|faint|p1b: Lurantis\n|\n|win|puthywillow420\n|raw|Champion&apos;s Melody's rating: 1273 &rarr; <strong>1244<\/strong><br \/>(-29 for losing)\n|raw|puthywillow420's rating: 1210 &rarr; <strong>1239<\/strong><br \/>(+29 for winning)\n|l|\u2606puthywillow420\n","uploadtime":1697417913,"views":8,"p1id":"championsmelody","p2id":"puthywillow420","formatid":"gen9doublesou","rating":1239,"private":0,"password":""}