{"id":"gen9doublesou-1981185743","p1":"Redzone92","p2":"riastylis","format":"[Gen 9] Doubles OU","log":"|j|\u2606Redzone92\n|j|\u2606riastylis\n|t:|1698870636\n|gametype|doubles\n|player|p1|Redzone92|alder|\n|player|p2|riastylis|veteran|\n|teamsize|p1|6\n|teamsize|p2|6\n|gen|9\n|tier|[Gen 9] Doubles OU\n|rule|Species Clause: Limit one of each Pok\u00e9mon\n|rule|OHKO Clause: OHKO moves are banned\n|rule|Evasion Moves Clause: Evasion moves are banned\n|rule|Gravity Sleep Clause: The combination of sleep-inducing moves with imperfect accuracy and Gravity or Gigantamax Orbeetle are banned\n|rule|Endless Battle Clause: Forcing endless battles is banned\n|rule|HP Percentage Mod: HP is shown in percentages\n|clearpoke\n|poke|p1|Farigiraf, F|\n|poke|p1|Landorus-Therian, M|\n|poke|p1|Diancie|\n|poke|p1|Iron Moth|\n|poke|p1|Hydreigon, F|\n|poke|p1|Kleavor, M|\n|poke|p2|Iron Leaves|\n|poke|p2|Quaquaval, M|\n|poke|p2|Garchomp, M|\n|poke|p2|Volcarona, M|\n|poke|p2|Gholdengo|\n|poke|p2|Regieleki|\n|teampreview\n|\n|t:|1698870661\n|start\n|switch|p1a: cyborg mothra|Iron Moth, shiny|100\/100\n|switch|p1b: Pete|Hydreigon, F|100\/100\n|switch|p2a: Gear4BounceMan|Regieleki, shiny|100\/100\n|switch|p2b: Gild Tesoro|Gholdengo|100\/100\n|-item|p2b: Gild Tesoro|Air Balloon\n|-enditem|p1a: cyborg mothra|Booster Energy\n|-activate|p1a: cyborg mothra|ability: Quark Drive|[fromitem]\n|-start|p1a: cyborg mothra|quarkdrivespa\n|turn|1\n|\n|t:|1698870680\n|move|p2a: Gear4BounceMan|Light Screen|p2a: Gear4BounceMan\n|-sidestart|p2: riastylis|move: Light Screen\n|move|p1a: cyborg mothra|Fiery Dance|p2b: Gild Tesoro\n|-supereffective|p2b: Gild Tesoro\n|-damage|p2b: Gild Tesoro|25\/100\n|-boost|p1a: cyborg mothra|spa|1\n|-enditem|p2b: Gild Tesoro|Air Balloon\n|move|p1b: Pete|Tailwind|p1b: Pete\n|-sidestart|p1: Redzone92|move: Tailwind\n|move|p2b: Gild Tesoro|Nasty Plot|p2b: Gild Tesoro\n|-boost|p2b: Gild Tesoro|spa|2\n|\n|upkeep\n|turn|2\n|\n|t:|1698870701\n|switch|p2b: Bon Clay|Quaquaval, M|100\/100\n|move|p1a: cyborg mothra|Fiery Dance|p2b: Bon Clay\n|-resisted|p2b: Bon Clay\n|-damage|p2b: Bon Clay|60\/100\n|-boost|p1a: cyborg mothra|spa|1\n|move|p1b: Pete|Earth Power|p2a: Gear4BounceMan\n|-supereffective|p2a: Gear4BounceMan\n|-damage|p2a: Gear4BounceMan|11\/100\n|move|p2a: Gear4BounceMan|Light Screen||[still]\n|-fail|p2a: Gear4BounceMan\n|\n|upkeep\n|turn|3\n|\n|t:|1698870723\n|move|p1a: cyborg mothra|Dazzling Gleam|p2a: Gear4BounceMan|[spread] p2a,p2b\n|-supereffective|p2b: Bon Clay\n|-damage|p2a: Gear4BounceMan|0 fnt\n|-damage|p2b: Bon Clay|0 fnt\n|faint|p2a: Gear4BounceMan\n|faint|p2b: Bon Clay\n|move|p1b: Pete|Dragon Pulse|p2: Gear4BounceMan|[notarget]\n|-fail|p1b: Pete\n|\n|upkeep\n|\n|t:|1698870734\n|switch|p2a: Cascade|Garchomp, M, shiny|100\/100\n|switch|p2b: Gild Tesoro|Gholdengo|25\/100\n|turn|4\n|\n|t:|1698870745\n|-terastallize|p2a: Cascade|Water\n|move|p1a: cyborg mothra|Dazzling Gleam|p2a: Cascade|[spread] p2a,p2b\n|-resisted|p2b: Gild Tesoro\n|-damage|p2a: Cascade|64\/100\n|-damage|p2b: Gild Tesoro|7\/100\n|-enditem|p2a: Cascade|Red Card|[of] p1a: cyborg mothra\n|-end|p1a: cyborg mothra|Quark Drive|[silent]\n|drag|p1a: Tiana|Diancie, shiny|100\/100\n|move|p1b: Pete|Heat Wave|p2b: Gild Tesoro|[spread] p2b\n|-miss|p1b: Pete|p2a: Cascade\n|-supereffective|p2b: Gild Tesoro\n|-damage|p2b: Gild Tesoro|0 fnt\n|faint|p2b: Gild Tesoro\n|move|p2a: Cascade|Swords Dance|p2a: Cascade\n|-boost|p2a: Cascade|atk|2\n|\n|-sideend|p1: Redzone92|move: Tailwind\n|upkeep\n|\n|t:|1698870768\n|switch|p2b: Chopper|Iron Leaves|100\/100\n|-enditem|p2b: Chopper|Booster Energy\n|-activate|p2b: Chopper|ability: Quark Drive|[fromitem]\n|-start|p2b: Chopper|quarkdriveatk\n|turn|5\n|\n|t:|1698870783\n|move|p1b: Pete|Heat Wave|p2a: Cascade|[spread] p2a,p2b\n|-resisted|p2a: Cascade\n|-crit|p2a: Cascade\n|-supereffective|p2b: Chopper\n|-damage|p2a: Cascade|46\/100\n|-damage|p2b: Chopper|74\/100\n|move|p2b: Chopper|Substitute|p2b: Chopper\n|-start|p2b: Chopper|Substitute\n|-damage|p2b: Chopper|49\/100\n|move|p2a: Cascade|Tera Blast|p1a: Tiana|[anim] Tera Blast Water\n|-supereffective|p1a: Tiana\n|-damage|p1a: Tiana|0 fnt\n|faint|p1a: Tiana\n|\n|upkeep\n|j| StephenStone1130\n|\n|t:|1698870811\n|switch|p1a: Edward|Kleavor, M, shiny|100\/100\n|turn|6\n|\n|t:|1698870827\n|move|p2b: Chopper|Helping Hand|p2a: Cascade\n|-singleturn|p2a: Cascade|Helping Hand|[of] p2b: Chopper\n|move|p1a: Edward|Protect|p1a: Edward\n|-singleturn|p1a: Edward|Protect\n|move|p1b: Pete|Tailwind|p1b: Pete\n|-sidestart|p1: Redzone92|move: Tailwind\n|move|p2a: Cascade|Liquidation|p1a: Edward\n|-activate|p1a: Edward|move: Protect\n|\n|upkeep\n|turn|7\n|\n|t:|1698870845\n|move|p2b: Chopper|Helping Hand|p2a: Cascade\n|-singleturn|p2a: Cascade|Helping Hand|[of] p2b: Chopper\n|move|p1b: Pete|Heat Wave|p2a: Cascade|[spread] p2a,p2b\n|-supereffective|p2b: Chopper\n|-end|p2b: Chopper|Substitute\n|-resisted|p2a: Cascade\n|-damage|p2a: Cascade|38\/100\n|move|p1a: Edward|Stone Axe|p2a: Cascade\n|-damage|p2a: Cascade|0 fnt\n|-damage|p1a: Edward|88\/100|[from] ability: Rough Skin|[of] p2a: Cascade\n|-sidestart|p2: riastylis|move: Stealth Rock\n|faint|p2a: Cascade\n|\n|upkeep\n|\n|t:|1698870859\n|switch|p2a: Mothra|Volcarona, M|100\/100\n|-damage|p2a: Mothra|50\/100|[from] Stealth Rock\n|-enditem|p2a: Mothra|Sitrus Berry|[eat]\n|-heal|p2a: Mothra|75\/100|[from] item: Sitrus Berry\n|turn|8\n|\n|t:|1698870879\n|move|p1b: Pete|Heat Wave|p2a: Mothra|[spread] p2a,p2b\n|-crit|p2a: Mothra\n|-supereffective|p2b: Chopper\n|-damage|p2a: Mothra|45\/100\n|-damage|p2b: Chopper|18\/100\n|move|p1a: Edward|Stone Axe|p2a: Mothra\n|-supereffective|p2a: Mothra\n|-damage|p2a: Mothra|0 fnt\n|faint|p2a: Mothra\n|move|p2b: Chopper|Leaf Blade|p1b: Pete\n|-resisted|p1b: Pete\n|-damage|p1b: Pete|68\/100\n|\n|-sideend|p2: riastylis|move: Light Screen\n|upkeep\n|turn|9\n|\n|t:|1698870896\n|move|p1b: Pete|Dragon Pulse|p2b: Chopper\n|-damage|p2b: Chopper|0 fnt\n|faint|p2b: Chopper\n|-end|p2b: Chopper|Quark Drive|[silent]\n|\n|win|Redzone92\n","uploadtime":1698870910,"views":39,"p1id":"redzone92","p2id":"riastylis","formatid":"gen9doublesou","rating":0,"private":0,"password":""}