{"id":"gen9doublesou-1987447999","p1":"ytz789","p2":"SappRavenger","format":"[Gen 9] Doubles OU","log":"|j|\u2606ytz789\n|j|\u2606SappRavenger\n|t:|1699593038\n|gametype|doubles\n|player|p1|ytz789|veteran|1106\n|player|p2|SappRavenger|101|1139\n|teamsize|p1|6\n|teamsize|p2|6\n|gen|9\n|tier|[Gen 9] Doubles OU\n|rated|\n|rule|Species Clause: Limit one of each Pok\u00e9mon\n|rule|OHKO Clause: OHKO moves are banned\n|rule|Evasion Moves Clause: Evasion moves are banned\n|rule|Gravity Sleep Clause: The combination of sleep-inducing moves with imperfect accuracy and Gravity or Gigantamax Orbeetle are banned\n|rule|Endless Battle Clause: Forcing endless battles is banned\n|rule|HP Percentage Mod: HP is shown in percentages\n|clearpoke\n|poke|p1|Rillaboom, M|\n|poke|p1|Kommo-o, M|\n|poke|p1|Arcanine, M|\n|poke|p1|Gyarados, M|\n|poke|p1|Ninetales-Alola, M|\n|poke|p1|Landorus-Therian, M|\n|poke|p2|Vaporeon, F|\n|poke|p2|Jolteon, M|\n|poke|p2|Flareon, M|\n|poke|p2|Espeon, M|\n|poke|p2|Leafeon, M|\n|poke|p2|Umbreon, M|\n|teampreview\n|\n|t:|1699593048\n|start\n|switch|p1a: Arcanine|Arcanine, M, shiny|100\/100\n|switch|p1b: Kommo-o|Kommo-o, M, shiny|100\/100\n|switch|p2a: Vaporeon|Vaporeon, F|100\/100\n|switch|p2b: Jolteon|Jolteon, M|100\/100\n|-ability|p1a: Arcanine|Intimidate|boost\n|-unboost|p2a: Vaporeon|atk|1\n|-unboost|p2b: Jolteon|atk|1\n|turn|1\n|inactive|Battle timer is ON: inactive players will automatically lose when time's up. (requested by ytz789)\n|\n|t:|1699593068\n|switch|p1a: Ninetales|Ninetales-Alola, M, shiny|100\/100\n|-weather|Snow|[from] ability: Snow Warning|[of] p1a: Ninetales\n|-terastallize|p2a: Vaporeon|Ground\n|move|p2b: Jolteon|Discharge|p1a: Ninetales|[spread] p1a,p1b\n|-immune|p2a: Vaporeon\n|-resisted|p1b: Kommo-o\n|-damage|p1a: Ninetales|52\/100\n|-damage|p1b: Kommo-o|78\/100\n|-status|p1a: Ninetales|par\n|-status|p1b: Kommo-o|par\n|move|p2a: Vaporeon|Acid Armor|p2a: Vaporeon\n|-boost|p2a: Vaporeon|def|2\n|move|p1b: Kommo-o|Dragon Dance|p1b: Kommo-o\n|-boost|p1b: Kommo-o|atk|1\n|-boost|p1b: Kommo-o|spe|1\n|\n|-weather|Snow|[upkeep]\n|-heal|p1b: Kommo-o|84\/100 par|[from] item: Leftovers\n|upkeep\n|turn|2\n|\n|t:|1699593094\n|move|p2b: Jolteon|Discharge|p1b: Kommo-o|[spread] p1a,p1b\n|-immune|p2a: Vaporeon\n|-resisted|p1b: Kommo-o\n|-damage|p1a: Ninetales|2\/100 par\n|-damage|p1b: Kommo-o|60\/100 par\n|move|p1b: Kommo-o|Drain Punch|p2b: Jolteon\n|-damage|p2b: Jolteon|0 fnt\n|-heal|p1b: Kommo-o|100\/100 par|[from] drain|[of] p2b: Jolteon\n|faint|p2b: Jolteon\n|move|p1a: Ninetales|Aurora Veil|p1a: Ninetales\n|-sidestart|p1: ytz789|move: Aurora Veil\n|move|p2a: Vaporeon|Calm Mind|p2a: Vaporeon\n|-boost|p2a: Vaporeon|spa|1\n|-boost|p2a: Vaporeon|spd|1\n|\n|-weather|Snow|[upkeep]\n|upkeep\n|inactive|SappRavenger has 120 seconds left.\n|\n|t:|1699593110\n|switch|p2b: Flareon|Flareon, M|100\/100\n|turn|3\n|\n|t:|1699593125\n|move|p1b: Kommo-o|Drain Punch|p2b: Flareon\n|-damage|p2b: Flareon|18\/100\n|-enditem|p2b: Flareon|Salac Berry|[eat]\n|-boost|p2b: Flareon|spe|1|[from] item: Salac Berry\n|move|p2b: Flareon|Trailblaze|p1a: Ninetales\n|-damage|p1a: Ninetales|0 fnt\n|-boost|p2b: Flareon|spe|1\n|faint|p1a: Ninetales\n|move|p2a: Vaporeon|Acid Armor|p2a: Vaporeon\n|-boost|p2a: Vaporeon|def|2\n|\n|-weather|Snow|[upkeep]\n|upkeep\n|\n|t:|1699593144\n|switch|p1a: Rillaboom|Rillaboom, M, shiny|100\/100\n|-fieldstart|move: Grassy Terrain|[from] ability: Grassy Surge|[of] p1a: Rillaboom\n|turn|4\n|\n|t:|1699593162\n|move|p1a: Rillaboom|Grassy Glide|p2b: Flareon\n|-resisted|p2b: Flareon\n|-crit|p2b: Flareon\n|-damage|p2b: Flareon|0 fnt\n|faint|p2b: Flareon\n|move|p1b: Kommo-o|Drain Punch|p2a: Vaporeon\n|-damage|p2a: Vaporeon|87\/100\n|move|p2a: Vaporeon|Icy Wind|p1b: Kommo-o|[spread] p1a,p1b\n|-supereffective|p1a: Rillaboom\n|-supereffective|p1b: Kommo-o\n|-damage|p1a: Rillaboom|74\/100\n|-damage|p1b: Kommo-o|76\/100 par\n|-unboost|p1a: Rillaboom|spe|1\n|-unboost|p1b: Kommo-o|spe|1\n|\n|-weather|Snow|[upkeep]\n|-heal|p1a: Rillaboom|80\/100|[from] Grassy Terrain\n|-heal|p2a: Vaporeon|93\/100|[from] Grassy Terrain\n|-heal|p2a: Vaporeon|99\/100|[from] item: Leftovers\n|-heal|p1b: Kommo-o|82\/100 par|[from] Grassy Terrain\n|-heal|p1b: Kommo-o|88\/100 par|[from] item: Leftovers\n|upkeep\n|\n|t:|1699593180\n|switch|p2b: Espeon|Espeon, M|100\/100\n|turn|5\n|\n|t:|1699593190\n|switch|p1b: Arcanine|Arcanine, M, shiny|100\/100\n|-ability|p1b: Arcanine|Intimidate|boost\n|-unboost|p2a: Vaporeon|atk|1\n|-unboost|p2b: Espeon|atk|1\n|move|p1a: Rillaboom|Grassy Glide|p2a: Vaporeon\n|-supereffective|p2a: Vaporeon\n|-damage|p2a: Vaporeon|74\/100\n|move|p2b: Espeon|Dazzling Gleam|p1b: Arcanine|[spread] p1a,p1b\n|-resisted|p1b: Arcanine\n|-crit|p1b: Arcanine\n|-damage|p1a: Rillaboom|60\/100\n|-damage|p1b: Arcanine|89\/100\n|move|p2a: Vaporeon|Acid Armor|p2a: Vaporeon\n|-boost|p2a: Vaporeon|def|2\n|\n|-weather|none\n|-heal|p1b: Arcanine|95\/100|[from] Grassy Terrain\n|-heal|p1a: Rillaboom|66\/100|[from] Grassy Terrain\n|-heal|p2a: Vaporeon|81\/100|[from] Grassy Terrain\n|-heal|p2a: Vaporeon|87\/100|[from] item: Leftovers\n|upkeep\n|turn|6\n|\n|t:|1699593211\n|move|p1a: Rillaboom|Grassy Glide|p2a: Vaporeon\n|-supereffective|p2a: Vaporeon\n|-damage|p2a: Vaporeon|66\/100\n|move|p2b: Espeon|Future Sight|p1a: Rillaboom\n|-start|p2b: Espeon|move: Future Sight\n|move|p1b: Arcanine|Will-O-Wisp|p2a: Vaporeon\n|-status|p2a: Vaporeon|brn\n|move|p2a: Vaporeon|Calm Mind|p2a: Vaporeon\n|-boost|p2a: Vaporeon|spa|1\n|-boost|p2a: Vaporeon|spd|1\n|\n|-heal|p1b: Arcanine|100\/100|[from] Grassy Terrain\n|-heal|p1a: Rillaboom|73\/100|[from] Grassy Terrain\n|-heal|p2a: Vaporeon|72\/100 brn|[from] Grassy Terrain\n|-heal|p2a: Vaporeon|78\/100 brn|[from] item: Leftovers\n|-damage|p2a: Vaporeon|72\/100 brn|[from] brn\n|upkeep\n|turn|7\n|\n|t:|1699593238\n|switch|p1a: Landorus|Landorus-Therian, M, shiny|100\/100\n|-ability|p1a: Landorus|Intimidate|boost\n|-unboost|p2a: Vaporeon|atk|1\n|-unboost|p2b: Espeon|atk|1\n|-terastallize|p1b: Arcanine|Dragon\n|move|p2b: Espeon|Future Sight|p1b: Arcanine\n|-start|p2b: Espeon|move: Future Sight\n|move|p1b: Arcanine|Dragon Pulse|p2a: Vaporeon\n|-damage|p2a: Vaporeon|61\/100 brn\n|move|p2a: Vaporeon|Stored Power|p1a: Landorus\n|-damage|p1a: Landorus|8\/100\n|\n|-heal|p1a: Landorus|14\/100|[from] item: Leftovers\n|-heal|p2a: Vaporeon|67\/100 brn|[from] Grassy Terrain\n|-heal|p2a: Vaporeon|74\/100 brn|[from] item: Leftovers\n|-damage|p2a: Vaporeon|67\/100 brn|[from] brn\n|upkeep\n|turn|8\n|\n|t:|1699593265\n|switch|p1b: Rillaboom|Rillaboom, M, shiny|73\/100\n|move|p2b: Espeon|Dazzling Gleam|p1b: Rillaboom|[spread] p1a,p1b\n|-damage|p1a: Landorus|0 fnt\n|-damage|p1b: Rillaboom|54\/100\n|faint|p1a: Landorus\n|move|p2a: Vaporeon|Stored Power|p1b: Rillaboom\n|-damage|p1b: Rillaboom|0 fnt\n|faint|p1b: Rillaboom\n|\n|-hint|Future Sight did not hit because the target is fainted.\n|-heal|p2a: Vaporeon|74\/100 brn|[from] Grassy Terrain\n|-heal|p2a: Vaporeon|80\/100 brn|[from] item: Leftovers\n|-damage|p2a: Vaporeon|74\/100 brn|[from] brn\n|-fieldend|move: Grassy Terrain\n|upkeep\n|inactive|ytz789 has 120 seconds left.\n|\n|t:|1699593278\n|switch|p1a: Gyarados|Gyarados, M, shiny|100\/100\n|switch|p1b: Arcanine|Arcanine, M, shiny, tera:Dragon|100\/100\n|-ability|p1a: Gyarados|Intimidate|boost\n|-unboost|p2a: Vaporeon|atk|1\n|-unboost|p2b: Espeon|atk|1\n|-ability|p1b: Arcanine|Intimidate|boost\n|-unboost|p2a: Vaporeon|atk|1\n|-unboost|p2b: Espeon|atk|1\n|turn|9\n|\n|t:|1699593290\n|move|p2b: Espeon|Dazzling Gleam|p1b: Arcanine|[spread] p1a,p1b\n|-supereffective|p1b: Arcanine\n|-damage|p1a: Gyarados|87\/100\n|-damage|p1b: Arcanine|79\/100\n|move|p1a: Gyarados|Waterfall|p2a: Vaporeon\n|-heal|p2a: Vaporeon|99\/100 brn|[from] ability: Water Absorb|[of] p1a: Gyarados\n|move|p1b: Arcanine|Dragon Pulse|p2a: Vaporeon\n|-damage|p2a: Vaporeon|88\/100 brn\n|move|p2a: Vaporeon|Icy Wind|p1a: Gyarados|[spread] p1b\n|-miss|p2a: Vaporeon|p1a: Gyarados\n|-supereffective|p1b: Arcanine\n|-damage|p1b: Arcanine|58\/100\n|-unboost|p1b: Arcanine|spe|1\n|\n|-end|p1b: Arcanine|move: Future Sight\n|-damage|p1b: Arcanine|25\/100\n|-enditem|p1b: Arcanine|Sitrus Berry|[eat]\n|-heal|p1b: Arcanine|50\/100|[from] item: Sitrus Berry\n|-heal|p1a: Gyarados|93\/100|[from] item: Leftovers\n|-heal|p2a: Vaporeon|94\/100 brn|[from] item: Leftovers\n|-damage|p2a: Vaporeon|88\/100 brn|[from] brn\n|-sideend|p1: ytz789|move: Aurora Veil\n|upkeep\n|turn|10\n|-message|ytz789 forfeited.\n|\n|win|SappRavenger\n|raw|ytz789's rating: 1106 &rarr; <strong>1083<\/strong><br \/>(-23 for losing)\n|raw|SappRavenger's rating: 1139 &rarr; <strong>1162<\/strong><br \/>(+23 for winning)\n|l|\u2606ytz789\n","uploadtime":1699593314,"views":19,"p1id":"ytz789","p2id":"sappravenger","formatid":"gen9doublesou","rating":1083,"private":0,"password":""}