{"id":"gen9doublesou-1979776206","p1":"Kingchance001","p2":"C0SuMa","format":"[Gen 9] Doubles OU","log":"|j|\u2606Kingchance001\n|j|\u2606C0SuMa\n|t:|1698712080\n|gametype|doubles\n|player|p1|Kingchance001|drayden|1448\n|player|p2|C0SuMa|caitlin|1406\n|teamsize|p1|6\n|teamsize|p2|6\n|gen|9\n|tier|[Gen 9] Doubles OU\n|rated|\n|rule|Species Clause: Limit one of each Pok\u00e9mon\n|rule|OHKO Clause: OHKO moves are banned\n|rule|Evasion Moves Clause: Evasion moves are banned\n|rule|Gravity Sleep Clause: The combination of sleep-inducing moves with imperfect accuracy and Gravity or Gigantamax Orbeetle are banned\n|rule|Endless Battle Clause: Forcing endless battles is banned\n|rule|HP Percentage Mod: HP is shown in percentages\n|clearpoke\n|poke|p1|Flutter Mane|\n|poke|p1|Iron Hands|\n|poke|p1|Heatran, F|\n|poke|p1|Tornadus, M|\n|poke|p1|Chien-Pao|\n|poke|p1|Chi-Yu|\n|poke|p2|Sinistcha-Masterpiece|\n|poke|p2|Ursaluna, F|\n|poke|p2|Diancie|\n|poke|p2|Indeedee-F, F|\n|poke|p2|Armarouge, F|\n|poke|p2|Ogerpon-Wellspring, F|\n|teampreview\n|\n|t:|1698712137\n|start\n|switch|p1a: Chien-Pao|Chien-Pao|100\/100\n|switch|p1b: Iron Hands|Iron Hands, shiny|100\/100\n|switch|p2a: Armarouge|Armarouge, F|100\/100\n|switch|p2b: Ogerpon|Ogerpon-Wellspring, F|100\/100\n|-ability|p1a: Chien-Pao|Sword of Ruin\n|turn|1\n|inactive|Battle timer is ON: inactive players will automatically lose when time's up. (requested by Kingchance001)\n|\n|t:|1698712179\n|move|p2a: Armarouge|Protect|p2a: Armarouge\n|-singleturn|p2a: Armarouge|Protect\n|move|p1b: Iron Hands|Fake Out|p2b: Ogerpon\n|-damage|p2b: Ogerpon|71\/100\n|move|p1a: Chien-Pao|Throat Chop|p2a: Armarouge\n|-activate|p2a: Armarouge|move: Protect\n|cant|p2b: Ogerpon|flinch\n|\n|upkeep\n|turn|2\n|\n|t:|1698712203\n|switch|p2a: Diancie|Diancie|100\/100\n|-terastallize|p1b: Iron Hands|Fire\n|move|p1a: Chien-Pao|Throat Chop|p2a: Diancie\n|-resisted|p2a: Diancie\n|-damage|p2a: Diancie|80\/100\n|-start|p2a: Diancie|Throat Chop|[silent]\n|move|p2b: Ogerpon|Ivy Cudgel|p1a: Chien-Pao\n|-damage|p1a: Chien-Pao|18\/100\n|move|p1b: Iron Hands|Swords Dance|p1b: Iron Hands\n|-boost|p1b: Iron Hands|atk|2\n|\n|-heal|p2a: Diancie|86\/100|[from] item: Leftovers\n|upkeep\n|turn|3\n|inactive|C0SuMa has 120 seconds left.\n|\n|t:|1698712234\n|move|p1a: Chien-Pao|Ice Spinner|p2b: Ogerpon\n|-damage|p2b: Ogerpon|3\/100\n|move|p2b: Ogerpon|Ivy Cudgel|p1b: Iron Hands\n|-supereffective|p1b: Iron Hands\n|-damage|p1b: Iron Hands|0 fnt\n|faint|p1b: Iron Hands\n|-end|p1b: Iron Hands|Quark Drive|[silent]\n|move|p2a: Diancie|Diamond Storm|p1a: Chien-Pao\n|-supereffective|p1a: Chien-Pao\n|-damage|p1a: Chien-Pao|0 fnt\n|-boost|p2a: Diancie|def|2\n|faint|p1a: Chien-Pao\n|\n|-heal|p2a: Diancie|93\/100|[from] item: Leftovers\n|-end|p2a: Diancie|Throat Chop|[silent]\n|upkeep\n|\n|t:|1698712246\n|switch|p1a: Heatran|Heatran, F, shiny|100\/100\n|switch|p1b: Chi-Yu|Chi-Yu|100\/100\n|-ability|p1b: Chi-Yu|Beads of Ruin\n|turn|4\n|inactive|C0SuMa has 120 seconds left.\n|\n|t:|1698712277\n|move|p1b: Chi-Yu|Heat Wave|p2a: Diancie|[spread] p2a,p2b\n|-resisted|p2a: Diancie\n|-damage|p2a: Diancie|73\/100\n|-damage|p2b: Ogerpon|0 fnt\n|faint|p2b: Ogerpon\n|move|p1a: Heatran|Flash Cannon|p2a: Diancie\n|-supereffective|p2a: Diancie\n|-damage|p2a: Diancie|0 fnt\n|faint|p2a: Diancie\n|\n|upkeep\n|inactive|C0SuMa has 120 seconds left.\n|\n|t:|1698712298\n|switch|p2b: Ursaluna|Ursaluna, F|100\/100\n|switch|p2a: Armarouge|Armarouge, F|100\/100\n|turn|5\n|inactive|C0SuMa has 120 seconds left.\n|\n|t:|1698712319\n|switch|p1b: Tornadus|Tornadus, M|100\/100\n|-terastallize|p2a: Armarouge|Grass\n|move|p2b: Ursaluna|Protect|p2b: Ursaluna\n|-singleturn|p2b: Ursaluna|Protect\n|move|p1a: Heatran|Earth Power|p2a: Armarouge\n|-resisted|p2a: Armarouge\n|-damage|p2a: Armarouge|83\/100\n|move|p2a: Armarouge|Trick Room|p2a: Armarouge\n|-fieldstart|move: Trick Room|[of] p2a: Armarouge\n|\n|-status|p2b: Ursaluna|brn|[from] item: Flame Orb\n|upkeep\n|turn|6\n|inactive|C0SuMa has 120 seconds left.\n|\n|t:|1698712339\n|switch|p2b: Indeedee|Indeedee-F, F|100\/100\n|-fieldstart|move: Psychic Terrain|[from] ability: Psychic Surge|[of] p2b: Indeedee\n|-enditem|p2b: Indeedee|Psychic Seed\n|-boost|p2b: Indeedee|spd|1|[from] item: Psychic Seed\n|move|p1b: Tornadus|Rain Dance|p1b: Tornadus\n|-weather|RainDance\n|move|p2a: Armarouge|Expanding Force|p1b: Tornadus|[spread] p1a,p1b\n|-resisted|p1a: Heatran\n|-damage|p1a: Heatran|79\/100\n|-damage|p1b: Tornadus|0 fnt\n|faint|p1b: Tornadus\n|-damage|p2a: Armarouge|73\/100|[from] item: Life Orb\n|move|p1a: Heatran|Earth Power|p2b: Indeedee\n|-damage|p2b: Indeedee|79\/100\n|\n|-weather|RainDance|[upkeep]\n|upkeep\n|\n|t:|1698712346\n|switch|p1b: Chi-Yu|Chi-Yu|100\/100\n|-ability|p1b: Chi-Yu|Beads of Ruin\n|turn|7\n|inactive|C0SuMa has 120 seconds left.\n|\n|t:|1698712380\n|switch|p2a: Ursaluna|Ursaluna, F|100\/100 brn\n|move|p2b: Indeedee|Follow Me|p2b: Indeedee\n|-singleturn|p2b: Indeedee|move: Follow Me\n|move|p1a: Heatran|Flash Cannon|p2b: Indeedee\n|-damage|p2b: Indeedee|40\/100\n|move|p1b: Chi-Yu|Snarl|p2b: Indeedee|[spread] p2a,p2b\n|-supereffective|p2b: Indeedee\n|-damage|p2a: Ursaluna|79\/100 brn\n|-damage|p2b: Indeedee|2\/100\n|-unboost|p2a: Ursaluna|spa|1\n|-unboost|p2b: Indeedee|spa|1\n|\n|-weather|RainDance|[upkeep]\n|-damage|p2a: Ursaluna|73\/100 brn|[from] brn\n|upkeep\n|turn|8\n|inactive|C0SuMa has 120 seconds left.\n|\n|t:|1698712411\n|switch|p1b: Flutter Mane|Flutter Mane|100\/100\n|-enditem|p1b: Flutter Mane|Booster Energy\n|-activate|p1b: Flutter Mane|ability: Protosynthesis|[fromitem]\n|-start|p1b: Flutter Mane|protosynthesisspe\n|move|p2b: Indeedee|Follow Me|p2b: Indeedee\n|-singleturn|p2b: Indeedee|move: Follow Me\n|move|p2a: Ursaluna|Headlong Rush|p1b: Flutter Mane\n|-damage|p1b: Flutter Mane|0 fnt\n|-unboost|p2a: Ursaluna|def|1\n|-unboost|p2a: Ursaluna|spd|1\n|faint|p1b: Flutter Mane\n|-end|p1b: Flutter Mane|Protosynthesis|[silent]\n|move|p1a: Heatran|Heat Wave|p2a: Ursaluna|[spread] p2a,p2b\n|-damage|p2a: Ursaluna|50\/100 brn\n|-damage|p2b: Indeedee|0 fnt\n|faint|p2b: Indeedee\n|\n|-weather|RainDance|[upkeep]\n|-damage|p2a: Ursaluna|44\/100 brn|[from] brn\n|upkeep\n|\n|t:|1698712430\n|switch|p2b: Sinistcha|Sinistcha-Masterpiece|100\/100\n|switch|p1b: Chi-Yu|Chi-Yu|100\/100\n|-heal|p2a: Ursaluna|69\/100 brn|[from] ability: Hospitality|[of] p2b: Sinistcha\n|-ability|p1b: Chi-Yu|Beads of Ruin\n|turn|9\n|\n|t:|1698712453\n|switch|p2b: Armarouge|Armarouge, F, tera:Grass|73\/100\n|move|p2a: Ursaluna|Headlong Rush|p1a: Heatran\n|-supereffective|p1a: Heatran\n|-damage|p1a: Heatran|0 fnt\n|-unboost|p2a: Ursaluna|def|1\n|-unboost|p2a: Ursaluna|spd|1\n|faint|p1a: Heatran\n|move|p1b: Chi-Yu|Dark Pulse|p2a: Ursaluna\n|-damage|p2a: Ursaluna|0 fnt\n|faint|p2a: Ursaluna\n|\n|-weather|RainDance|[upkeep]\n|-fieldend|move: Trick Room\n|upkeep\n|\n|t:|1698712464\n|switch|p2a: Sinistcha|Sinistcha-Masterpiece|100\/100\n|-heal|p2b: Armarouge|98\/100|[from] ability: Hospitality|[of] p2a: Sinistcha\n|turn|10\n|inactive|C0SuMa has 120 seconds left.\n|\n|t:|1698712505\n|move|p1b: Chi-Yu|Dark Pulse|p2a: Sinistcha\n|-supereffective|p2a: Sinistcha\n|-damage|p2a: Sinistcha|0 fnt\n|faint|p2a: Sinistcha\n|move|p2b: Armarouge|Trick Room|p2b: Armarouge\n|-fieldstart|move: Trick Room|[of] p2b: Armarouge\n|\n|-weather|none\n|-fieldend|move: Psychic Terrain\n|upkeep\n|turn|11\n|\n|t:|1698712512\n|move|p2b: Armarouge|Heat Wave|p1b: Chi-Yu\n|-resisted|p1b: Chi-Yu\n|-damage|p1b: Chi-Yu|65\/100\n|-damage|p2b: Armarouge|88\/100|[from] item: Life Orb\n|move|p1b: Chi-Yu|Dark Pulse|p2b: Armarouge\n|-damage|p2b: Armarouge|34\/100\n|\n|upkeep\n|turn|12\n|c|\u2606C0SuMa|gg\n|\n|t:|1698712521\n|move|p2b: Armarouge|Heat Wave|p1b: Chi-Yu\n|-resisted|p1b: Chi-Yu\n|-damage|p1b: Chi-Yu|30\/100\n|-damage|p2b: Armarouge|24\/100|[from] item: Life Orb\n|move|p1b: Chi-Yu|Dark Pulse|p2b: Armarouge\n|-damage|p2b: Armarouge|0 fnt\n|faint|p2b: Armarouge\n|\n|win|Kingchance001\n|raw|Kingchance001's rating: 1448 &rarr; <strong>1466<\/strong><br \/>(+18 for winning)\n|raw|C0SuMa's rating: 1406 &rarr; <strong>1388<\/strong><br \/>(-18 for losing)\n|c|\u2606Kingchance001|Gg\n|l|\u2606Kingchance001\n","uploadtime":1698712535,"views":20,"p1id":"kingchance001","p2id":"c0suma","formatid":"gen9doublesou","rating":1388,"private":0,"password":""}