{"id":"gen9doublesou-1989112939","p1":"OPieceOfHeroGhost","p2":"gbutters19","format":"[Gen 9] Doubles OU","log":"|j|\u2606OPieceOfHeroGhost\n|j|\u2606gbutters19\n|t:|1699813595\n|gametype|doubles\n|player|p1|OPieceOfHeroGhost|morty|1474\n|player|p2|gbutters19|chef|1597\n|teamsize|p1|6\n|teamsize|p2|6\n|gen|9\n|tier|[Gen 9] Doubles OU\n|rated|\n|rule|Species Clause: Limit one of each Pok\u00e9mon\n|rule|OHKO Clause: OHKO moves are banned\n|rule|Evasion Moves Clause: Evasion moves are banned\n|rule|Gravity Sleep Clause: The combination of sleep-inducing moves with imperfect accuracy and Gravity or Gigantamax Orbeetle are banned\n|rule|Endless Battle Clause: Forcing endless battles is banned\n|rule|HP Percentage Mod: HP is shown in percentages\n|clearpoke\n|poke|p1|Amoonguss, F|\n|poke|p1|Volcanion|\n|poke|p1|Iron Hands|\n|poke|p1|Flutter Mane|\n|poke|p1|Landorus-Therian, M|\n|poke|p1|Rillaboom, F|\n|poke|p2|Tornadus, M|\n|poke|p2|Flutter Mane|\n|poke|p2|Chi-Yu|\n|poke|p2|Walking Wake|\n|poke|p2|Sinistcha-Masterpiece|\n|poke|p2|Iron Hands|\n|teampreview\n|j| 098ioo0o0\n|\n|t:|1699813623\n|start\n|switch|p1a: \u53d1\u59d0\u725b\u903c|Flutter Mane|100\/100\n|switch|p1b: \u95ea\u7535\u4e94\u8fde\u62f3|Iron Hands|100\/100\n|switch|p2a: Tornadus|Tornadus, M|100\/100\n|switch|p2b: Chi-Yu|Chi-Yu|100\/100\n|-ability|p2b: Chi-Yu|Beads of Ruin\n|turn|1\n|\n|t:|1699813646\n|-terastallize|p1a: \u53d1\u59d0\u725b\u903c|Fairy\n|-terastallize|p2b: Chi-Yu|Ghost\n|move|p1b: \u95ea\u7535\u4e94\u8fde\u62f3|Fake Out|p2b: Chi-Yu\n|-immune|p2b: Chi-Yu\n|move|p2a: Tornadus|Tailwind|p2a: Tornadus\n|-sidestart|p2: gbutters19|move: Tailwind\n|move|p2b: Chi-Yu|Heat Wave|p1b: \u95ea\u7535\u4e94\u8fde\u62f3|[spread] p1a,p1b\n|-damage|p1a: \u53d1\u59d0\u725b\u903c|49\/100\n|-damage|p1b: \u95ea\u7535\u4e94\u8fde\u62f3|70\/100\n|-damage|p2b: Chi-Yu|91\/100|[from] item: Life Orb\n|move|p1a: \u53d1\u59d0\u725b\u903c|Dazzling Gleam|p2a: Tornadus|[spread] p2a,p2b\n|-damage|p2a: Tornadus|2\/100\n|-damage|p2b: Chi-Yu|22\/100\n|\n|upkeep\n|turn|2\n|l| 098ioo0o0\n|\n|t:|1699813676\n|-end|p1a: \u53d1\u59d0\u725b\u903c|Protosynthesis|[silent]\n|switch|p1a: \u8fd9\u4e2a\u5df4\u5c14\u51ef\u5c3c\u6069\u5ae9\u5e72\u4ec0\u4e48\uff1f|Volcanion|100\/100\n|move|p2a: Tornadus|Bleakwind Storm|p1b: \u95ea\u7535\u4e94\u8fde\u62f3|[spread] p1a\n|-miss|p2a: Tornadus|p1b: \u95ea\u7535\u4e94\u8fde\u62f3\n|-damage|p1a: \u8fd9\u4e2a\u5df4\u5c14\u51ef\u5c3c\u6069\u5ae9\u5e72\u4ec0\u4e48\uff1f|70\/100\n|move|p2b: Chi-Yu|Heat Wave|p1a: \u8fd9\u4e2a\u5df4\u5c14\u51ef\u5c3c\u6069\u5ae9\u5e72\u4ec0\u4e48\uff1f|[spread] p1a,p1b\n|-resisted|p1a: \u8fd9\u4e2a\u5df4\u5c14\u51ef\u5c3c\u6069\u5ae9\u5e72\u4ec0\u4e48\uff1f\n|-crit|p1a: \u8fd9\u4e2a\u5df4\u5c14\u51ef\u5c3c\u6069\u5ae9\u5e72\u4ec0\u4e48\uff1f\n|-damage|p1a: \u8fd9\u4e2a\u5df4\u5c14\u51ef\u5c3c\u6069\u5ae9\u5e72\u4ec0\u4e48\uff1f|53\/100\n|-damage|p1b: \u95ea\u7535\u4e94\u8fde\u62f3|40\/100\n|-damage|p2b: Chi-Yu|12\/100|[from] item: Life Orb\n|move|p1b: \u95ea\u7535\u4e94\u8fde\u62f3|Heavy Slam|p2b: Chi-Yu\n|-damage|p2b: Chi-Yu|0 fnt\n|faint|p2b: Chi-Yu\n|\n|upkeep\n|\n|t:|1699813691\n|switch|p2b: Flutter Mane|Flutter Mane|100\/100\n|turn|3\n|\n|t:|1699813699\n|move|p2b: Flutter Mane|Dazzling Gleam|p1a: \u8fd9\u4e2a\u5df4\u5c14\u51ef\u5c3c\u6069\u5ae9\u5e72\u4ec0\u4e48\uff1f|[spread] p1a,p1b\n|-resisted|p1a: \u8fd9\u4e2a\u5df4\u5c14\u51ef\u5c3c\u6069\u5ae9\u5e72\u4ec0\u4e48\uff1f\n|-supereffective|p1b: \u95ea\u7535\u4e94\u8fde\u62f3\n|-damage|p1a: \u8fd9\u4e2a\u5df4\u5c14\u51ef\u5c3c\u6069\u5ae9\u5e72\u4ec0\u4e48\uff1f|36\/100\n|-damage|p1b: \u95ea\u7535\u4e94\u8fde\u62f3|0 fnt\n|faint|p1b: \u95ea\u7535\u4e94\u8fde\u62f3\n|-end|p1b: \u95ea\u7535\u4e94\u8fde\u62f3|Quark Drive|[silent]\n|move|p2a: Tornadus|Bleakwind Storm|p1a: \u8fd9\u4e2a\u5df4\u5c14\u51ef\u5c3c\u6069\u5ae9\u5e72\u4ec0\u4e48\uff1f\n|-damage|p1a: \u8fd9\u4e2a\u5df4\u5c14\u51ef\u5c3c\u6069\u5ae9\u5e72\u4ec0\u4e48\uff1f|9\/100\n|move|p1a: \u8fd9\u4e2a\u5df4\u5c14\u51ef\u5c3c\u6069\u5ae9\u5e72\u4ec0\u4e48\uff1f|Heavy Slam|p2b: Flutter Mane\n|-supereffective|p2b: Flutter Mane\n|-damage|p2b: Flutter Mane|0 fnt\n|faint|p2b: Flutter Mane\n|-end|p2b: Flutter Mane|Protosynthesis|[silent]\n|\n|upkeep\n|\n|t:|1699813719\n|switch|p2b: Sinistcha|Sinistcha-Masterpiece|100\/100\n|switch|p1b: \u62cd\u6253\u7329|Rillaboom, F|100\/100\n|-heal|p2a: Tornadus|27\/100|[from] ability: Hospitality|[of] p2b: Sinistcha\n|-fieldstart|move: Grassy Terrain|[from] ability: Grassy Surge|[of] p1b: \u62cd\u6253\u7329\n|turn|4\n|\n|t:|1699813732\n|move|p1b: \u62cd\u6253\u7329|Fake Out|p2a: Tornadus\n|-damage|p2a: Tornadus|8\/100\n|move|p2a: Tornadus|Bleakwind Storm|p1b: \u62cd\u6253\u7329|[spread] p1a,p1b\n|-supereffective|p1b: \u62cd\u6253\u7329\n|-damage|p1a: \u8fd9\u4e2a\u5df4\u5c14\u51ef\u5c3c\u6069\u5ae9\u5e72\u4ec0\u4e48\uff1f|0 fnt\n|-damage|p1b: \u62cd\u6253\u7329|22\/100\n|faint|p1a: \u8fd9\u4e2a\u5df4\u5c14\u51ef\u5c3c\u6069\u5ae9\u5e72\u4ec0\u4e48\uff1f\n|move|p2b: Sinistcha|Matcha Gotcha|p1b: \u62cd\u6253\u7329\n|-resisted|p1b: \u62cd\u6253\u7329\n|-damage|p1b: \u62cd\u6253\u7329|0 fnt\n|faint|p1b: \u62cd\u6253\u7329\n|\n|-sideend|p2: gbutters19|move: Tailwind\n|upkeep\n|\n|t:|1699813749\n|switch|p1b: \u53d1\u59d0\u725b\u903c|Flutter Mane, tera:Fairy|49\/100\n|switch|p1a: \u80cc\u5f71\u6700\u5e05\u7684\u7834\u58f3\u68a6|Amoonguss, F|100\/100\n|turn|5\n|\n|t:|1699813771\n|move|p2a: Tornadus|Tailwind|p2a: Tornadus\n|-sidestart|p2: gbutters19|move: Tailwind\n|move|p2b: Sinistcha|Matcha Gotcha|p1b: \u53d1\u59d0\u725b\u903c|[spread] p1a,p1b\n|-resisted|p1a: \u80cc\u5f71\u6700\u5e05\u7684\u7834\u58f3\u68a6\n|-damage|p1a: \u80cc\u5f71\u6700\u5e05\u7684\u7834\u58f3\u68a6|94\/100\n|-damage|p1b: \u53d1\u59d0\u725b\u903c|22\/100\n|move|p1b: \u53d1\u59d0\u725b\u903c|Shadow Ball|p2b: Sinistcha\n|-supereffective|p2b: Sinistcha\n|-damage|p2b: Sinistcha|0 fnt\n|faint|p2b: Sinistcha\n|move|p1a: \u80cc\u5f71\u6700\u5e05\u7684\u7834\u58f3\u68a6|Sludge Bomb|p2a: Tornadus\n|-damage|p2a: Tornadus|0 fnt\n|faint|p2a: Tornadus\n|\n|-heal|p1b: \u53d1\u59d0\u725b\u903c|28\/100|[from] Grassy Terrain\n|-heal|p1a: \u80cc\u5f71\u6700\u5e05\u7684\u7834\u58f3\u68a6|99\/100|[from] Grassy Terrain\n|upkeep\n|\n|t:|1699813786\n|switch|p2a: Walking Wake|Walking Wake|100\/100\n|switch|p2b: Iron Hands|Iron Hands, shiny|100\/100\n|turn|6\n|\n|t:|1699813804\n|-end|p1b: \u53d1\u59d0\u725b\u903c|Protosynthesis|[silent]\n|switch|p1b: \u5de8\u722a\u7f57\u65af|Landorus-Therian, M|100\/100\n|-ability|p1b: \u5de8\u722a\u7f57\u65af|Intimidate|boost\n|-unboost|p2a: Walking Wake|atk|1\n|-unboost|p2b: Iron Hands|atk|1\n|move|p2b: Iron Hands|Fake Out|p1a: \u80cc\u5f71\u6700\u5e05\u7684\u7834\u58f3\u68a6\n|-crit|p1a: \u80cc\u5f71\u6700\u5e05\u7684\u7834\u58f3\u68a6\n|-damage|p1a: \u80cc\u5f71\u6700\u5e05\u7684\u7834\u58f3\u68a6|84\/100\n|move|p2a: Walking Wake|Hydro Steam|p1b: \u5de8\u722a\u7f57\u65af\n|-supereffective|p1b: \u5de8\u722a\u7f57\u65af\n|-damage|p1b: \u5de8\u722a\u7f57\u65af|0 fnt\n|faint|p1b: \u5de8\u722a\u7f57\u65af\n|cant|p1a: \u80cc\u5f71\u6700\u5e05\u7684\u7834\u58f3\u68a6|flinch\n|\n|-heal|p1a: \u80cc\u5f71\u6700\u5e05\u7684\u7834\u58f3\u68a6|90\/100|[from] Grassy Terrain\n|upkeep\n|\n|t:|1699813820\n|switch|p1b: \u53d1\u59d0\u725b\u903c|Flutter Mane, tera:Fairy|28\/100\n|turn|7\n|\n|t:|1699813830\n|move|p1a: \u80cc\u5f71\u6700\u5e05\u7684\u7834\u58f3\u68a6|Rage Powder|p1a: \u80cc\u5f71\u6700\u5e05\u7684\u7834\u58f3\u68a6\n|-singleturn|p1a: \u80cc\u5f71\u6700\u5e05\u7684\u7834\u58f3\u68a6|move: Rage Powder\n|move|p2a: Walking Wake|Hydro Steam|p1a: \u80cc\u5f71\u6700\u5e05\u7684\u7834\u58f3\u68a6\n|-resisted|p1a: \u80cc\u5f71\u6700\u5e05\u7684\u7834\u58f3\u68a6\n|-damage|p1a: \u80cc\u5f71\u6700\u5e05\u7684\u7834\u58f3\u68a6|66\/100\n|move|p1b: \u53d1\u59d0\u725b\u903c|Moonblast|p2a: Walking Wake\n|-supereffective|p2a: Walking Wake\n|-damage|p2a: Walking Wake|0 fnt\n|faint|p2a: Walking Wake\n|-end|p2a: Walking Wake|Protosynthesis|[silent]\n|move|p2b: Iron Hands|Heavy Slam|p1a: \u80cc\u5f71\u6700\u5e05\u7684\u7834\u58f3\u68a6\n|-damage|p1a: \u80cc\u5f71\u6700\u5e05\u7684\u7834\u58f3\u68a6|41\/100\n|-enditem|p1a: \u80cc\u5f71\u6700\u5e05\u7684\u7834\u58f3\u68a6|Sitrus Berry|[eat]\n|-heal|p1a: \u80cc\u5f71\u6700\u5e05\u7684\u7834\u58f3\u68a6|66\/100|[from] item: Sitrus Berry\n|\n|-heal|p1b: \u53d1\u59d0\u725b\u903c|34\/100|[from] Grassy Terrain\n|-heal|p1a: \u80cc\u5f71\u6700\u5e05\u7684\u7834\u58f3\u68a6|72\/100|[from] Grassy Terrain\n|upkeep\n|turn|8\n|\n|t:|1699813850\n|move|p1a: \u80cc\u5f71\u6700\u5e05\u7684\u7834\u58f3\u68a6|Rage Powder|p1a: \u80cc\u5f71\u6700\u5e05\u7684\u7834\u58f3\u68a6\n|-singleturn|p1a: \u80cc\u5f71\u6700\u5e05\u7684\u7834\u58f3\u68a6|move: Rage Powder\n|move|p1b: \u53d1\u59d0\u725b\u903c|Moonblast|p2b: Iron Hands\n|-supereffective|p2b: Iron Hands\n|-damage|p2b: Iron Hands|0 fnt\n|faint|p2b: Iron Hands\n|-end|p2b: Iron Hands|Quark Drive|[silent]\n|\n|win|OPieceOfHeroGhost\n|raw|OPieceOfHeroGhost's rating: 1474 &rarr; <strong>1501<\/strong><br \/>(+27 for winning)\n|raw|gbutters19's rating: 1597 &rarr; <strong>1570<\/strong><br \/>(-27 for losing)\n|l|\u2606gbutters19\n","uploadtime":1699813859,"views":15,"p1id":"opieceofheroghost","p2id":"gbutters19","formatid":"gen9doublesou","rating":1501,"private":0,"password":""}