{"id":"gen9doublesou-1974332640","p1":"Petir Gruffin","p2":"Guycvu","format":"[Gen 9] Doubles OU","log":"|j|\u203dPetir Gruffin\n|j|\u2606Guycvu\n|t:|1698078602\n|gametype|doubles\n|player|p1|Petir Gruffin|winona|1076\n|player|p2|Guycvu|karen|1117\n|teamsize|p1|6\n|teamsize|p2|6\n|gen|9\n|tier|[Gen 9] Doubles OU\n|rated|\n|rule|Species Clause: Limit one of each Pok\u00e9mon\n|rule|OHKO Clause: OHKO moves are banned\n|rule|Evasion Moves Clause: Evasion moves are banned\n|rule|Gravity Sleep Clause: The combination of sleep-inducing moves with imperfect accuracy and Gravity or Gigantamax Orbeetle are banned\n|rule|Endless Battle Clause: Forcing endless battles is banned\n|rule|HP Percentage Mod: HP is shown in percentages\n|clearpoke\n|poke|p1|Oricorio, M|\n|poke|p1|Volcarona, M|\n|poke|p1|Lilligant-Hisui, F|\n|poke|p1|Kommo-o, F|\n|poke|p1|Muk-Alola, M|\n|poke|p1|Clefairy, M|\n|poke|p2|Fezandipiti, M|\n|poke|p2|Gholdengo|\n|poke|p2|Murkrow, F|\n|poke|p2|Amoonguss, F|\n|poke|p2|Kingambit, M|\n|poke|p2|Ludicolo, F|\n|teampreview\n|inactive|Battle timer is ON: inactive players will automatically lose when time's up. (requested by Petir Gruffin)\n|inactive|Guycvu also wants the timer to be on.\n|\n|t:|1698078614\n|start\n|switch|p1a: Oricorio|Oricorio, M|100\/100\n|switch|p1b: Muk|Muk-Alola, M|100\/100\n|switch|p2a: Hoot hoot|Murkrow, F|100\/100\n|switch|p2b: Peacock|Fezandipiti, M|100\/100\n|turn|1\n|\n|t:|1698078630\n|move|p2a: Hoot hoot|Tailwind|p2a: Hoot hoot\n|-sidestart|p2: Guycvu|move: Tailwind\n|move|p2b: Peacock|Gunk Shot|p1a: Oricorio\n|-damage|p1a: Oricorio|35\/100\n|move|p1a: Oricorio|Tailwind|p1a: Oricorio\n|-sidestart|p1: Petir Gruffin|move: Tailwind\n|move|p1b: Muk|Substitute|p1b: Muk\n|-start|p1b: Muk|Substitute\n|-damage|p1b: Muk|76\/100\n|\n|-heal|p1a: Oricorio|41\/100|[from] item: Leftovers\n|-heal|p1b: Muk|82\/100|[from] item: Leftovers\n|upkeep\n|turn|2\n|c|\u2606Guycvu|I like mash potatoes\n|\n|t:|1698078650\n|move|p2a: Hoot hoot|Quash|p1a: Oricorio\n|-activate|p1a: Oricorio|move: Quash\n|move|p2b: Peacock|Brave Bird|p1b: Muk\n|-end|p1b: Muk|Substitute\n|-damage|p2b: Peacock|91\/100|[from] Recoil|[of] p1b: Muk\n|move|p1b: Muk|Drain Punch|p2a: Hoot hoot\n|-damage|p2a: Hoot hoot|73\/100\n|-heal|p1b: Muk|91\/100|[from] drain|[of] p2a: Hoot hoot\n|move|p1a: Oricorio|Revelation Dance|p2a: Hoot hoot\n|-damage|p2a: Hoot hoot|29\/100\n|\n|-heal|p1a: Oricorio|47\/100|[from] item: Leftovers\n|-heal|p1b: Muk|97\/100|[from] item: Leftovers\n|upkeep\n|turn|3\n|\n|t:|1698078668\n|move|p2a: Hoot hoot|Protect|p2a: Hoot hoot\n|-singleturn|p2a: Hoot hoot|Protect\n|move|p1a: Oricorio|Revelation Dance|p2a: Hoot hoot\n|-activate|p2a: Hoot hoot|move: Protect\n|move|p2b: Peacock|Gunk Shot|p1a: Oricorio\n|-damage|p1a: Oricorio|0 fnt\n|faint|p1a: Oricorio\n|-ability|p1b: Muk|Dancer|[from] ability: Power of Alchemy|[of] p1a: Oricorio\n|move|p1b: Muk|Substitute|p1b: Muk\n|-start|p1b: Muk|Substitute\n|-damage|p1b: Muk|72\/100\n|\n|-heal|p1b: Muk|78\/100|[from] item: Leftovers\n|upkeep\n|\n|t:|1698078681\n|switch|p1a: Kommo-o|Kommo-o, F|100\/100\n|turn|4\n|\n|t:|1698078694\n|switch|p2a: Amoonguss|Amoonguss, F|100\/100\n|-terastallize|p1a: Kommo-o|Steel\n|move|p1a: Kommo-o|Clangorous Soul|p1a: Kommo-o\n|-boost|p1a: Kommo-o|atk|1\n|-boost|p1a: Kommo-o|def|1\n|-boost|p1a: Kommo-o|spa|1\n|-boost|p1a: Kommo-o|spd|1\n|-boost|p1a: Kommo-o|spe|1\n|-damage|p1a: Kommo-o|68\/100\n|-activate|p1b: Muk|ability: Dancer\n|move|p1b: Muk|Clangorous Soul|p1b: Muk|[from]ability: Dancer\n|-boost|p1b: Muk|atk|1\n|-boost|p1b: Muk|def|1\n|-boost|p1b: Muk|spa|1\n|-boost|p1b: Muk|spd|1\n|-boost|p1b: Muk|spe|1\n|-damage|p1b: Muk|45\/100\n|move|p2b: Peacock|Play Rough|p1a: Kommo-o\n|-resisted|p1a: Kommo-o\n|-damage|p1a: Kommo-o|55\/100\n|move|p1b: Muk|Drain Punch|p2a: Amoonguss\n|-resisted|p2a: Amoonguss\n|-damage|p2a: Amoonguss|85\/100\n|-heal|p1b: Muk|52\/100|[from] drain|[of] p2a: Amoonguss\n|\n|-heal|p1a: Kommo-o|62\/100|[from] item: Leftovers\n|-heal|p1b: Muk|58\/100|[from] item: Leftovers\n|-heal|p2a: Amoonguss|91\/100|[from] item: Leftovers\n|-sideend|p1: Petir Gruffin|move: Tailwind\n|-sideend|p2: Guycvu|move: Tailwind\n|upkeep\n|turn|5\n|c|\u2606Guycvu|Very cool strat\n|c|\u2606Guycvu|Thought it was gonna be oricorio and volcano\n|inactive|Guycvu has 120 seconds left.\n|\n|t:|1698078730\n|move|p1a: Kommo-o|Hyper Voice|p2b: Peacock|[spread] p2a,p2b\n|-damage|p2a: Amoonguss|66\/100\n|-damage|p2b: Peacock|76\/100\n|move|p2b: Peacock|Brave Bird|p1b: Muk\n|-activate|p1b: Muk|move: Substitute|[damage]\n|-damage|p2b: Peacock|67\/100|[from] Recoil|[of] p1b: Muk\n|move|p1b: Muk|Poison Jab|p2b: Peacock\n|-damage|p2b: Peacock|0 fnt\n|faint|p2b: Peacock\n|move|p2a: Amoonguss|Spore|p1a: Kommo-o\n|-status|p1a: Kommo-o|slp|[from] move: Spore\n|\n|-heal|p1a: Kommo-o|68\/100 slp|[from] item: Leftovers\n|-heal|p1b: Muk|65\/100|[from] item: Leftovers\n|-heal|p2a: Amoonguss|72\/100|[from] item: Leftovers\n|upkeep\n|\n|t:|1698078749\n|switch|p2b: Hoot hoot|Murkrow, F|29\/100\n|turn|6\n|\n|t:|1698078757\n|switch|p2a: KING|Kingambit, M|100\/100\n|-activate|p2a: KING|ability: Supreme Overlord\n|-start|p2a: KING|fallen1|[silent]\n|move|p2b: Hoot hoot|Haze|p2b: Hoot hoot\n|-clearallboost\n|cant|p1a: Kommo-o|slp\n|move|p1b: Muk|Drain Punch|p2b: Hoot hoot\n|-damage|p2b: Hoot hoot|2\/100\n|-heal|p1b: Muk|74\/100|[from] drain|[of] p2b: Hoot hoot\n|\n|-heal|p1a: Kommo-o|74\/100 slp|[from] item: Leftovers\n|-heal|p1b: Muk|80\/100|[from] item: Leftovers\n|upkeep\n|turn|7\n|\n|t:|1698078781\n|move|p2b: Hoot hoot|Protect|p2b: Hoot hoot\n|-singleturn|p2b: Hoot hoot|Protect\n|cant|p1a: Kommo-o|slp\n|move|p1b: Muk|Drain Punch|p2a: KING\n|-supereffective|p2a: KING\n|-damage|p2a: KING|35\/100\n|-heal|p1b: Muk|100\/100|[from] drain|[of] p2a: KING\n|move|p2a: KING|Brick Break|p1a: Kommo-o\n|-supereffective|p1a: Kommo-o\n|-damage|p1a: Kommo-o|20\/100 slp\n|\n|-heal|p1a: Kommo-o|27\/100 slp|[from] item: Leftovers\n|upkeep\n|turn|8\n|\n|t:|1698078803\n|-end|p2a: KING|fallen1|[silent]\n|switch|p2a: Will of D|Gholdengo, shiny|100\/100\n|move|p2b: Hoot hoot|Tailwind|p2b: Hoot hoot\n|-sidestart|p2: Guycvu|move: Tailwind\n|cant|p1a: Kommo-o|slp\n|move|p1b: Muk|Drain Punch|p2b: Hoot hoot\n|-damage|p2b: Hoot hoot|0 fnt\n|faint|p2b: Hoot hoot\n|\n|-heal|p1a: Kommo-o|33\/100 slp|[from] item: Leftovers\n|upkeep\n|\n|t:|1698078816\n|switch|p2b: KING|Kingambit, M|35\/100\n|-activate|p2b: KING|ability: Supreme Overlord\n|-start|p2b: KING|fallen2|[silent]\n|turn|9\n|\n|t:|1698078833\n|move|p2a: Will of D|Shadow Ball|p1a: Kommo-o\n|-immune|p1a: Kommo-o|[from] ability: Bulletproof\n|-curestatus|p1a: Kommo-o|slp|[msg]\n|move|p1a: Kommo-o|Aura Sphere|p2b: KING\n|-supereffective|p2b: KING\n|-damage|p2b: KING|0 fnt\n|faint|p2b: KING\n|-end|p2b: KING|fallen2|[silent]\n|move|p1b: Muk|Knock Off|p2a: Will of D\n|-supereffective|p2a: Will of D\n|-damage|p2a: Will of D|9\/100\n|-enditem|p2a: Will of D|Leftovers|[from] move: Knock Off|[of] p1b: Muk\n|\n|-heal|p1a: Kommo-o|39\/100|[from] item: Leftovers\n|upkeep\n|\n|t:|1698078849\n|switch|p2b: Happy man|Ludicolo, F|100\/100\n|turn|10\n|\n|t:|1698078858\n|-terastallize|p2a: Will of D|Steel\n|move|p2a: Will of D|Make It Rain|p1b: Muk|[spread] p1a,p1b\n|-end|p1b: Muk|Substitute\n|-resisted|p1a: Kommo-o\n|-damage|p1a: Kommo-o|2\/100\n|-unboost|p2a: Will of D|spa|1\n|move|p2b: Happy man|Chilling Water|p1a: Kommo-o\n|-damage|p1a: Kommo-o|0 fnt\n|faint|p1a: Kommo-o\n|move|p1b: Muk|Knock Off|p2a: Will of D\n|-crit|p2a: Will of D\n|-damage|p2a: Will of D|0 fnt\n|faint|p2a: Will of D\n|\n|upkeep\n|c|\u2606Guycvu|Why doesn\u2019t make it rain count as a bullet move\n|c|\u2606Guycvu|and shadow ball does\n|\n|t:|1698078882\n|switch|p1a: Clefairy|Clefairy, M|100\/100\n|switch|p2a: Amoonguss|Amoonguss, F|72\/100\n|turn|11\n|\n|t:|1698078895\n|move|p1a: Clefairy|Follow Me|p1a: Clefairy\n|-singleturn|p1a: Clefairy|move: Follow Me\n|move|p2b: Happy man|Chilling Water|p1a: Clefairy\n|-damage|p1a: Clefairy|88\/100\n|-unboost|p1a: Clefairy|atk|1\n|move|p2a: Amoonguss|Spore|p1a: Clefairy\n|-status|p1a: Clefairy|slp|[from] move: Spore\n|move|p1b: Muk|Substitute|p1b: Muk\n|-start|p1b: Muk|Substitute\n|-damage|p1b: Muk|76\/100\n|\n|-heal|p2a: Amoonguss|79\/100|[from] item: Leftovers\n|-heal|p1b: Muk|82\/100|[from] item: Leftovers\n|-sideend|p2: Guycvu|move: Tailwind\n|upkeep\n|turn|12\n|\n|t:|1698078915\n|cant|p1a: Clefairy|slp\n|move|p2b: Happy man|Chilling Water|p1b: Muk\n|-activate|p1b: Muk|move: Substitute|[damage]\n|move|p1b: Muk|Knock Off|p2a: Amoonguss\n|-damage|p2a: Amoonguss|36\/100\n|-enditem|p2a: Amoonguss|Leftovers|[from] move: Knock Off|[of] p1b: Muk\n|move|p2a: Amoonguss|Spore||[still]\n|-fail|p2a: Amoonguss\n|\n|-heal|p1b: Muk|88\/100|[from] item: Leftovers\n|upkeep\n|turn|13\n|\n|t:|1698078932\n|-curestatus|p1a: Clefairy|slp|[msg]\n|move|p1a: Clefairy|Helping Hand|p1b: Muk\n|-singleturn|p1b: Muk|Helping Hand|[of] p1a: Clefairy\n|move|p2b: Happy man|Chilling Water|p1b: Muk\n|-crit|p1b: Muk\n|-end|p1b: Muk|Substitute\n|move|p1b: Muk|Poison Jab|p2a: Amoonguss\n|-crit|p2a: Amoonguss\n|-damage|p2a: Amoonguss|0 fnt\n|faint|p2a: Amoonguss\n|\n|-heal|p1b: Muk|94\/100|[from] item: Leftovers\n|upkeep\n|turn|14\n|c|\u2606Guycvu|I just need 100 missed\n|\n|t:|1698078958\n|move|p1a: Clefairy|Follow Me|p1a: Clefairy\n|-singleturn|p1a: Clefairy|move: Follow Me\n|move|p2b: Happy man|Chilling Water|p1a: Clefairy\n|-damage|p1a: Clefairy|75\/100\n|-unboost|p1a: Clefairy|atk|1\n|move|p1b: Muk|Poison Jab|p2b: Happy man\n|-supereffective|p2b: Happy man\n|-damage|p2b: Happy man|1\/100\n|\n|-heal|p2b: Happy man|7\/100|[from] item: Leftovers\n|-heal|p1b: Muk|99\/100|[from] item: Leftovers\n|upkeep\n|turn|15\n|\n|t:|1698078972\n|move|p1a: Clefairy|Follow Me|p1a: Clefairy\n|-singleturn|p1a: Clefairy|move: Follow Me\n|move|p2b: Happy man|Knock Off|p1a: Clefairy\n|-resisted|p1a: Clefairy\n|-damage|p1a: Clefairy|67\/100\n|-enditem|p1a: Clefairy|Eviolite|[from] move: Knock Off|[of] p2b: Happy man\n|move|p1b: Muk|Poison Jab|p2b: Happy man\n|-supereffective|p2b: Happy man\n|-damage|p2b: Happy man|0 fnt\n|faint|p2b: Happy man\n|\n|win|Petir Gruffin\n|raw|Petir Gruffin's rating: 1076 &rarr; <strong>1108<\/strong><br \/>(+32 for winning)\n|raw|Guycvu's rating: 1117 &rarr; <strong>1089<\/strong><br \/>(-28 for losing)\n","uploadtime":1698078984,"views":21,"p1id":"petirgruffin","p2id":"guycvu","formatid":"gen9doublesou","rating":1089,"private":0,"password":""}