{"id":"gen9doublesou-1968115835","p1":"Too Toed","p2":"Eagle v","format":"[Gen 9] Doubles OU","log":"|html|<div class=\"broadcast-blue\"><strong>[Gen 9] Doubles OU is currently suspecting Basculegion & Flutter Mane! For information on how to participate check out the <a href=\"https:\/\/www.smogon.com\/forums\/threads\/np-sv-dou-stage-8-double-trouble.3729153\/\">suspect thread<\/a>.<\/strong><\/div>\n|j|\u2606Too Toed\n|j|\u2606Eagle v\n|t:|1697385913\n|gametype|doubles\n|player|p1|Too Toed|waitress|1168\n|player|p2|Eagle v|veteran|1181\n|teamsize|p1|6\n|teamsize|p2|6\n|gen|9\n|tier|[Gen 9] Doubles OU\n|rated|\n|rule|Species Clause: Limit one of each Pok\u00e9mon\n|rule|OHKO Clause: OHKO moves are banned\n|rule|Evasion Moves Clause: Evasion moves are banned\n|rule|Gravity Sleep Clause: The combination of sleep-inducing moves with imperfect accuracy and Gravity or Gigantamax Orbeetle are banned\n|rule|Endless Battle Clause: Forcing endless battles is banned\n|rule|HP Percentage Mod: HP is shown in percentages\n|clearpoke\n|poke|p1|Krookodile, M|\n|poke|p1|Meowscarada, M|\n|poke|p1|Cresselia, F|\n|poke|p1|Basculegion, M|\n|poke|p1|Politoed, F|\n|poke|p1|Chi-Yu|\n|poke|p2|Torkoal, F|\n|poke|p2|Dusclops, M|\n|poke|p2|Amoonguss, F|\n|poke|p2|Indeedee-F, F|\n|poke|p2|Landorus-Therian, M|\n|poke|p2|Iron Valiant|\n|teampreview\n|inactive|Battle timer is ON: inactive players will automatically lose when time's up. (requested by Eagle v)\n|inactive|Too Toed also wants the timer to be on.\n|\n|t:|1697385930\n|start\n|switch|p1a: Krookodile|Krookodile, M|100\/100\n|switch|p1b: Meowscarada|Meowscarada, M|100\/100\n|switch|p2a: Torkoal|Torkoal, F|100\/100\n|switch|p2b: Dusclops|Dusclops, M|100\/100\n|-item|p1b: Meowscarada|Air Balloon\n|-item|p1a: Krookodile|Clear Amulet|[from] ability: Frisk|[of] p2b: Dusclops|[identify]\n|-item|p1b: Meowscarada|Air Balloon|[from] ability: Frisk|[of] p2b: Dusclops|[identify]\n|-weather|SunnyDay|[from] ability: Drought|[of] p2a: Torkoal\n|turn|1\n|\n|t:|1697385953\n|-terastallize|p1a: Krookodile|Steel\n|move|p2a: Torkoal|Protect|p2a: Torkoal\n|-singleturn|p2a: Torkoal|Protect\n|move|p1b: Meowscarada|Flower Trick|p1a: Krookodile\n|-resisted|p1a: Krookodile\n|-crit|p1a: Krookodile\n|-damage|p1a: Krookodile|70\/100\n|-setboost|p1a: Krookodile|atk|6|[from] ability: Anger Point\n|move|p1a: Krookodile|Earthquake|p2a: Torkoal|[spread] p2b\n|-activate|p2a: Torkoal|move: Protect\n|-immune|p1b: Meowscarada\n|-damage|p2b: Dusclops|10\/100\n|move|p2b: Dusclops|Trick Room|p2b: Dusclops\n|-fieldstart|move: Trick Room|[of] p2b: Dusclops\n|\n|-weather|SunnyDay|[upkeep]\n|upkeep\n|turn|2\n|\n|t:|1697385977\n|switch|p2b: Amoonguss|Amoonguss, F|100\/100\n|-terastallize|p2a: Torkoal|Fire\n|move|p1a: Krookodile|Protect|p1a: Krookodile\n|-singleturn|p1a: Krookodile|Protect\n|move|p2a: Torkoal|Eruption|p1a: Krookodile|[spread] p1b\n|-activate|p1a: Krookodile|move: Protect\n|-supereffective|p1b: Meowscarada\n|-damage|p1b: Meowscarada|0 fnt\n|-enditem|p1b: Meowscarada|Air Balloon\n|faint|p1b: Meowscarada\n|\n|-weather|SunnyDay|[upkeep]\n|upkeep\n|\n|t:|1697385988\n|switch|p1b: Politoed|Politoed, F|100\/100\n|-weather|RainDance|[from] ability: Drizzle|[of] p1b: Politoed\n|turn|3\n|\n|t:|1697385999\n|switch|p2a: Landorus|Landorus-Therian, M|100\/100\n|-ability|p2a: Landorus|Intimidate|boost\n|-fail|p1a: Krookodile|unboost|[from] item: Clear Amulet|[of] p1a: Krookodile\n|-unboost|p1b: Politoed|atk|1\n|move|p2b: Amoonguss|Protect|p2b: Amoonguss\n|-singleturn|p2b: Amoonguss|Protect\n|move|p1b: Politoed|Weather Ball|p2a: Landorus\n|-supereffective|p2a: Landorus\n|-damage|p2a: Landorus|0 fnt\n|faint|p2a: Landorus\n|move|p1a: Krookodile|Power Trip|p2b: Amoonguss\n|-activate|p2b: Amoonguss|move: Protect\n|\n|-weather|RainDance|[upkeep]\n|upkeep\n|\n|t:|1697386016\n|switch|p2a: Torkoal|Torkoal, F, tera:Fire|100\/100\n|-weather|SunnyDay|[from] ability: Drought|[of] p2a: Torkoal\n|turn|4\n|\n|t:|1697386024\n|switch|p1b: Chi-Yu|Chi-Yu|100\/100\n|-ability|p1b: Chi-Yu|Beads of Ruin\n|move|p1a: Krookodile|Protect|p1a: Krookodile\n|-singleturn|p1a: Krookodile|Protect\n|move|p2a: Torkoal|Eruption|p1b: Chi-Yu|[spread] p1b\n|-activate|p1a: Krookodile|move: Protect\n|-resisted|p1b: Chi-Yu\n|-damage|p1b: Chi-Yu|43\/100\n|move|p2b: Amoonguss|Spore|p1b: Chi-Yu\n|-status|p1b: Chi-Yu|slp|[from] move: Spore\n|\n|-weather|SunnyDay|[upkeep]\n|upkeep\n|turn|5\n|\n|t:|1697386047\n|move|p1a: Krookodile|Protect||[still]\n|-fail|p1a: Krookodile\n|move|p2a: Torkoal|Earth Power|p1a: Krookodile\n|-supereffective|p1a: Krookodile\n|-damage|p1a: Krookodile|0 fnt\n|faint|p1a: Krookodile\n|move|p2b: Amoonguss|Pollen Puff|p1b: Chi-Yu\n|-damage|p1b: Chi-Yu|23\/100 slp\n|cant|p1b: Chi-Yu|slp\n|\n|-weather|SunnyDay|[upkeep]\n|-fieldend|move: Trick Room\n|upkeep\n|\n|t:|1697386052\n|switch|p1a: Politoed|Politoed, F|100\/100\n|-weather|RainDance|[from] ability: Drizzle|[of] p1a: Politoed\n|turn|6\n|\n|t:|1697386067\n|switch|p2a: Dusclops|Dusclops, M|10\/100\n|-item|p1a: Politoed|Assault Vest|[from] ability: Frisk|[of] p2a: Dusclops|[identify]\n|-item|p1b: Chi-Yu|Choice Specs|[from] ability: Frisk|[of] p2a: Dusclops|[identify]\n|cant|p1b: Chi-Yu|slp\n|move|p1a: Politoed|Weather Ball|p2a: Dusclops\n|-damage|p2a: Dusclops|0 fnt\n|faint|p2a: Dusclops\n|move|p2b: Amoonguss|Spore|p1a: Politoed\n|-status|p1a: Politoed|slp|[from] move: Spore\n|\n|-weather|RainDance|[upkeep]\n|upkeep\n|\n|t:|1697386083\n|switch|p2a: Torkoal|Torkoal, F, tera:Fire|100\/100\n|-weather|SunnyDay|[from] ability: Drought|[of] p2a: Torkoal\n|turn|7\n|\n|t:|1697386096\n|move|p2b: Amoonguss|Rage Powder|p2b: Amoonguss\n|-singleturn|p2b: Amoonguss|move: Rage Powder\n|cant|p1b: Chi-Yu|slp\n|cant|p1a: Politoed|slp\n|move|p2a: Torkoal|Eruption|p1a: Politoed|[spread] p1a,p1b\n|-resisted|p1a: Politoed\n|-resisted|p1b: Chi-Yu\n|-damage|p1a: Politoed|59\/100 slp\n|-damage|p1b: Chi-Yu|0 fnt\n|faint|p1b: Chi-Yu\n|\n|-weather|SunnyDay|[upkeep]\n|upkeep\n|\n|t:|1697386105\n|switch|p1b: Basculegion|Basculegion, M|100\/100\n|turn|8\n|\n|t:|1697386117\n|switch|p2b: Indeedee|Indeedee-F, F|100\/100\n|-fieldstart|move: Psychic Terrain|[from] ability: Psychic Surge|[of] p2b: Indeedee\n|-enditem|p2b: Indeedee|Psychic Seed\n|-boost|p2b: Indeedee|spd|1|[from] item: Psychic Seed\n|move|p1b: Basculegion|Protect|p1b: Basculegion\n|-singleturn|p1b: Basculegion|Protect\n|-curestatus|p1a: Politoed|slp|[msg]\n|move|p1a: Politoed|Icy Wind|p2b: Indeedee|[spread] p2a,p2b\n|-resisted|p2a: Torkoal\n|-damage|p2a: Torkoal|93\/100\n|-damage|p2b: Indeedee|95\/100\n|-unboost|p2a: Torkoal|spe|1\n|-unboost|p2b: Indeedee|spe|1\n|move|p2a: Torkoal|Eruption|p1a: Politoed|[spread] p1a\n|-activate|p1b: Basculegion|move: Protect\n|-resisted|p1a: Politoed\n|-damage|p1a: Politoed|26\/100\n|\n|-weather|SunnyDay|[upkeep]\n|-heal|p2a: Torkoal|99\/100|[from] item: Leftovers\n|upkeep\n|turn|9\n|\n|t:|1697386140\n|move|p2a: Torkoal|Protect|p2a: Torkoal\n|-singleturn|p2a: Torkoal|Protect\n|move|p1a: Politoed|Hyper Voice|p2a: Torkoal|[spread] p2b\n|-activate|p2a: Torkoal|move: Protect\n|-damage|p2b: Indeedee|86\/100\n|move|p1b: Basculegion|Crunch|p2b: Indeedee\n|-supereffective|p2b: Indeedee\n|-damage|p2b: Indeedee|3\/100\n|move|p2b: Indeedee|Trick Room|p2b: Indeedee\n|-fieldstart|move: Trick Room|[of] p2b: Indeedee\n|\n|-weather|SunnyDay|[upkeep]\n|-heal|p2a: Torkoal|100\/100|[from] item: Leftovers\n|upkeep\n|turn|10\n|\n|t:|1697386158\n|switch|p1a: Cresselia|Cresselia, F|100\/100\n|move|p2b: Indeedee|Helping Hand|p2a: Torkoal\n|-singleturn|p2a: Torkoal|Helping Hand|[of] p2b: Indeedee\n|move|p1b: Basculegion|Protect|p1b: Basculegion\n|-singleturn|p1b: Basculegion|Protect\n|move|p2a: Torkoal|Eruption|p1a: Cresselia|[spread] p1a\n|-activate|p1b: Basculegion|move: Protect\n|-damage|p1a: Cresselia|26\/100\n|\n|-weather|SunnyDay|[upkeep]\n|-heal|p1a: Cresselia|32\/100|[from] item: Leftovers\n|upkeep\n|turn|11\n|\n|t:|1697386176\n|move|p2b: Indeedee|Helping Hand|p2a: Torkoal\n|-singleturn|p2a: Torkoal|Helping Hand|[of] p2b: Indeedee\n|move|p1a: Cresselia|Ally Switch|p1a: Cresselia\n|swap|p1a: Cresselia|1|[from] move: Ally Switch\n|move|p2a: Torkoal|Eruption|p1b: Cresselia|[spread] p1a,p1b\n|-resisted|p1a: Basculegion\n|-damage|p1a: Basculegion|19\/100\n|-damage|p1b: Cresselia|0 fnt\n|faint|p1b: Cresselia\n|move|p1a: Basculegion|Flip Turn|p2b: Indeedee\n|-damage|p2b: Indeedee|0 fnt\n|faint|p2b: Indeedee\n|\n|t:|1697386187\n|switch|p1a: Politoed|Politoed, F|26\/100|[from] Flip Turn\n|-weather|RainDance|[from] ability: Drizzle|[of] p1a: Politoed\n|\n|-weather|RainDance|[upkeep]\n|upkeep\n|-message|Too Toed forfeited.\n|\n|win|Eagle v\n|raw|Too Toed's rating: 1168 &rarr; <strong>1144<\/strong><br \/>(-24 for losing)\n|raw|Eagle v's rating: 1181 &rarr; <strong>1205<\/strong><br \/>(+24 for winning)\n|l|\u2606Too Toed\n","uploadtime":1697386196,"views":17,"p1id":"tootoed","p2id":"eaglev","formatid":"gen9doublesou","rating":1144,"private":0,"password":""}