{"id":"gen9doublesou-1968052566","p1":"sngm1106","p2":"zawiyar","format":"[Gen 9] Doubles OU","log":"|html|<div class=\"broadcast-blue\"><strong>[Gen 9] Doubles OU is currently suspecting Basculegion & Flutter Mane! For information on how to participate check out the <a href=\"https:\/\/www.smogon.com\/forums\/threads\/np-sv-dou-stage-8-double-trouble.3729153\/\">suspect thread<\/a>.<\/strong><\/div>\n|j|\u2606sngm1106\n|j|\u2606zawiyar\n|t:|1697379161\n|gametype|doubles\n|player|p1|sngm1106|dawn-gen4pt|1251\n|player|p2|zawiyar|dawn|1354\n|teamsize|p1|6\n|teamsize|p2|6\n|gen|9\n|tier|[Gen 9] Doubles OU\n|rated|\n|rule|Species Clause: Limit one of each Pok\u00e9mon\n|rule|OHKO Clause: OHKO moves are banned\n|rule|Evasion Moves Clause: Evasion moves are banned\n|rule|Gravity Sleep Clause: The combination of sleep-inducing moves with imperfect accuracy and Gravity or Gigantamax Orbeetle are banned\n|rule|Endless Battle Clause: Forcing endless battles is banned\n|rule|HP Percentage Mod: HP is shown in percentages\n|clearpoke\n|poke|p1|Sinistcha-Masterpiece|\n|poke|p1|Tornadus, M|\n|poke|p1|Gyarados, F|\n|poke|p1|Chien-Pao|\n|poke|p1|Dragonite, F|\n|poke|p1|Iron Hands|\n|poke|p2|Typhlosion-Hisui, F|\n|poke|p2|Great Tusk|\n|poke|p2|Ninetales, M|\n|poke|p2|Kingambit, F|\n|poke|p2|Walking Wake|\n|poke|p2|Tornadus, M|\n|teampreview\n|inactive|Battle timer is ON: inactive players will automatically lose when time's up. (requested by zawiyar)\n|\n|t:|1697379171\n|start\n|switch|p1a: Chien-Pao|Chien-Pao|100\/100\n|switch|p1b: Dragonite|Dragonite, F|100\/100\n|switch|p2a: Great Tusk|Great Tusk|100\/100\n|switch|p2b: Tornadus|Tornadus, M|100\/100\n|-ability|p1a: Chien-Pao|Sword of Ruin\n|-enditem|p2a: Great Tusk|Booster Energy\n|-activate|p2a: Great Tusk|ability: Protosynthesis|[fromitem]\n|-start|p2a: Great Tusk|protosynthesisatk\n|turn|1\n|\n|t:|1697379189\n|-terastallize|p1b: Dragonite|Normal\n|move|p1b: Dragonite|Extreme Speed|p2b: Tornadus\n|-damage|p2b: Tornadus|0 fnt\n|faint|p2b: Tornadus\n|move|p1a: Chien-Pao|Icicle Crash|p2a: Great Tusk\n|-supereffective|p2a: Great Tusk\n|-damage|p2a: Great Tusk|22\/100\n|move|p2a: Great Tusk|Ice Spinner|p1b: Dragonite\n|-damage|p1b: Dragonite|54\/100\n|\n|upkeep\n|\n|t:|1697379199\n|switch|p2b: Typhlosion|Typhlosion-Hisui, F, shiny|100\/100\n|turn|2\n|\n|t:|1697379209\n|move|p1b: Dragonite|Extreme Speed|p2a: Great Tusk\n|-damage|p2a: Great Tusk|0 fnt\n|faint|p2a: Great Tusk\n|-end|p2a: Great Tusk|Protosynthesis|[silent]\n|move|p1a: Chien-Pao|Sucker Punch|p2b: Typhlosion\n|-supereffective|p2b: Typhlosion\n|-damage|p2b: Typhlosion|0 fnt\n|faint|p2b: Typhlosion\n|\n|upkeep\n|c|\u2606zawiyar|Omg how is he hitting so hard :\/\n|c|\u2606zawiyar|I didnt expect that\n|c|\u2606zawiyar|Gg\n|inactive|zawiyar has 120 seconds left.\n|\n|t:|1697379243\n|switch|p2b: Walking Wake|Walking Wake|100\/100\n|switch|p2a: Ninetales|Ninetales, M|100\/100\n|-weather|SunnyDay|[from] ability: Drought|[of] p2a: Ninetales\n|-activate|p2b: Walking Wake|ability: Protosynthesis\n|-start|p2b: Walking Wake|protosynthesisspa\n|turn|3\n|\n|t:|1697379257\n|move|p2b: Walking Wake|Protect|p2b: Walking Wake\n|-singleturn|p2b: Walking Wake|Protect\n|move|p1b: Dragonite|Extreme Speed|p2b: Walking Wake\n|-activate|p2b: Walking Wake|move: Protect\n|move|p1a: Chien-Pao|Sacred Sword|p2a: Ninetales\n|-damage|p2a: Ninetales|43\/100\n|move|p2a: Ninetales|Heat Wave|p1a: Chien-Pao|[spread] p1a,p1b\n|-supereffective|p1a: Chien-Pao\n|-enditem|p1a: Chien-Pao|Focus Sash\n|-damage|p1a: Chien-Pao|1\/100\n|-damage|p1b: Dragonite|18\/100\n|\n|-weather|SunnyDay|[upkeep]\n|upkeep\n|turn|4\n|\n|t:|1697379277\n|-end|p2b: Walking Wake|Protosynthesis|[silent]\n|switch|p2b: Kingambit|Kingambit, F, shiny|100\/100\n|-activate|p2b: Kingambit|ability: Supreme Overlord\n|-start|p2b: Kingambit|fallen3|[silent]\n|move|p1b: Dragonite|Extreme Speed|p2b: Kingambit\n|-resisted|p2b: Kingambit\n|-damage|p2b: Kingambit|67\/100\n|move|p1a: Chien-Pao|Sacred Sword|p2a: Ninetales\n|-damage|p2a: Ninetales|0 fnt\n|faint|p2a: Ninetales\n|\n|-weather|SunnyDay|[upkeep]\n|upkeep\n|\n|t:|1697379287\n|switch|p2a: Walking Wake|Walking Wake|100\/100\n|-activate|p2a: Walking Wake|ability: Protosynthesis\n|-start|p2a: Walking Wake|protosynthesisspa\n|turn|5\n|\n|t:|1697379295\n|move|p1a: Chien-Pao|Protect|p1a: Chien-Pao\n|-singleturn|p1a: Chien-Pao|Protect\n|move|p2a: Walking Wake|Protect|p2a: Walking Wake\n|-singleturn|p2a: Walking Wake|Protect\n|move|p1b: Dragonite|Extreme Speed|p2a: Walking Wake\n|-activate|p2a: Walking Wake|move: Protect\n|move|p2b: Kingambit|Sucker Punch||[still]\n|-fail|p2b: Kingambit\n|\n|-weather|SunnyDay|[upkeep]\n|upkeep\n|turn|6\n|\n|t:|1697379307\n|move|p1b: Dragonite|Extreme Speed|p2a: Walking Wake\n|-damage|p2a: Walking Wake|1\/100\n|move|p2b: Kingambit|Sucker Punch||[still]\n|-fail|p2b: Kingambit\n|move|p1a: Chien-Pao|Sacred Sword|p2b: Kingambit\n|-supereffective|p2b: Kingambit\n|-damage|p2b: Kingambit|0 fnt\n|faint|p2b: Kingambit\n|-end|p2b: Kingambit|fallen3|[silent]\n|move|p2a: Walking Wake|Hydro Steam|p1a: Chien-Pao\n|-damage|p1a: Chien-Pao|0 fnt\n|faint|p1a: Chien-Pao\n|-damage|p2a: Walking Wake|0 fnt|[from] item: Life Orb\n|faint|p2a: Walking Wake\n|-end|p2a: Walking Wake|Protosynthesis|[silent]\n|\n|win|sngm1106\n|raw|sngm1106's rating: 1251 &rarr; <strong>1283<\/strong><br \/>(+32 for winning)\n|raw|zawiyar's rating: 1354 &rarr; <strong>1328<\/strong><br \/>(-26 for losing)\n|l|\u2606zawiyar\n","uploadtime":1697379318,"views":26,"p1id":"sngm1106","p2id":"zawiyar","formatid":"gen9doublesou","rating":1283,"private":0,"password":""}