{"id":"gen9doublesou-1970124694","p1":"Ironthornsisgood","p2":"Hokusaid","format":"[Gen 9] Doubles OU","log":"|j|\u2606Ironthornsisgood\n|j|\u2606Hokusaid\n|t:|1697596910\n|gametype|doubles\n|player|p1|Ironthornsisgood|102|1044\n|player|p2|Hokusaid|veteran|1054\n|teamsize|p1|6\n|teamsize|p2|6\n|gen|9\n|tier|[Gen 9] Doubles OU\n|rated|\n|rule|Species Clause: Limit one of each Pok\u00e9mon\n|rule|OHKO Clause: OHKO moves are banned\n|rule|Evasion Moves Clause: Evasion moves are banned\n|rule|Gravity Sleep Clause: The combination of sleep-inducing moves with imperfect accuracy and Gravity or Gigantamax Orbeetle are banned\n|rule|Endless Battle Clause: Forcing endless battles is banned\n|rule|HP Percentage Mod: HP is shown in percentages\n|clearpoke\n|poke|p1|Iron Thorns|\n|poke|p1|Tyranitar, M|\n|poke|p1|Amoonguss, M|\n|poke|p1|Arcanine-Hisui, F|\n|poke|p1|Chien-Pao|\n|poke|p1|Flutter Mane|\n|poke|p2|Skeledirge, F|\n|poke|p2|Umbreon, F|\n|poke|p2|Iron Hands|\n|poke|p2|Ting-Lu|\n|poke|p2|Gardevoir, F|\n|poke|p2|Goodra-Hisui, F|\n|teampreview\n|\n|t:|1697596927\n|start\n|switch|p1a: Flutter Mane|Flutter Mane|100\/100\n|switch|p1b: Amoonguss|Amoonguss, M, shiny|100\/100\n|switch|p2a: Skeledirge|Skeledirge, F|100\/100\n|switch|p2b: Umbreon|Umbreon, F, shiny|100\/100\n|turn|1\n|\n|t:|1697596944\n|-terastallize|p2a: Skeledirge|Fire\n|move|p1b: Amoonguss|Rage Powder|p1b: Amoonguss\n|-singleturn|p1b: Amoonguss|move: Rage Powder\n|move|p1a: Flutter Mane|Dazzling Gleam|p2a: Skeledirge|[spread] p2a,p2b\n|-resisted|p2a: Skeledirge\n|-supereffective|p2b: Umbreon\n|-damage|p2a: Skeledirge|85\/100\n|-damage|p2b: Umbreon|58\/100\n|move|p2a: Skeledirge|Torch Song|p1b: Amoonguss\n|-supereffective|p1b: Amoonguss\n|-damage|p1b: Amoonguss|15\/100\n|-boost|p2a: Skeledirge|spa|1\n|-enditem|p2a: Skeledirge|Throat Spray\n|-boost|p2a: Skeledirge|spa|1|[from] item: Throat Spray\n|move|p2b: Umbreon|Guard Swap|p1b: Amoonguss\n|-swapboost|p2b: Umbreon|p1b: Amoonguss|def, spd|[from] move: Guard Swap\n|\n|upkeep\n|turn|2\n|\n|t:|1697596993\n|move|p1a: Flutter Mane|Dazzling Gleam|p2b: Umbreon|[spread] p2a,p2b\n|-resisted|p2a: Skeledirge\n|-supereffective|p2b: Umbreon\n|-damage|p2a: Skeledirge|67\/100\n|-damage|p2b: Umbreon|16\/100\n|move|p2a: Skeledirge|Torch Song|p1b: Amoonguss\n|-supereffective|p1b: Amoonguss\n|-damage|p1b: Amoonguss|0 fnt\n|-boost|p2a: Skeledirge|spa|1\n|faint|p1b: Amoonguss\n|move|p2b: Umbreon|Shadow Ball|p1a: Flutter Mane\n|-supereffective|p1a: Flutter Mane\n|-damage|p1a: Flutter Mane|72\/100\n|\n|upkeep\n|\n|t:|1697597007\n|switch|p1b: Arcanine|Arcanine-Hisui, F|100\/100\n|-ability|p1b: Arcanine|Intimidate|boost\n|-unboost|p2a: Skeledirge|atk|1\n|-fail|p2b: Umbreon|unboost|Attack|[from] ability: Inner Focus|[of] p2b: Umbreon\n|turn|3\n|\n|t:|1697597030\n|move|p2a: Skeledirge|Protect|p2a: Skeledirge\n|-singleturn|p2a: Skeledirge|Protect\n|move|p1b: Arcanine|Extreme Speed|p2a: Skeledirge\n|-activate|p2a: Skeledirge|move: Protect\n|move|p2b: Umbreon|Quick Attack|p1b: Arcanine\n|-resisted|p1b: Arcanine\n|-damage|p1b: Arcanine|97\/100\n|move|p1a: Flutter Mane|Dazzling Gleam|p2b: Umbreon|[spread] p2b\n|-activate|p2a: Skeledirge|move: Protect\n|-supereffective|p2b: Umbreon\n|-damage|p2b: Umbreon|0 fnt\n|faint|p2b: Umbreon\n|\n|upkeep\n|\n|t:|1697597044\n|switch|p2b: Gardevoir|Gardevoir, F, shiny|100\/100\n|-ability|p2b: Gardevoir|Intimidate|boost\n|-unboost|p1a: Flutter Mane|atk|1\n|-unboost|p1b: Arcanine|atk|1\n|-ability|p2b: Gardevoir|Intimidate|[from] ability: Trace|[of] p1b: Arcanine\n|turn|4\n|\n|t:|1697597066\n|switch|p1b: Tyranitar|Tyranitar, M|100\/100\n|-weather|Sandstorm|[from] ability: Sand Stream|[of] p1b: Tyranitar\n|move|p1a: Flutter Mane|Dazzling Gleam|p2a: Skeledirge|[spread] p2a,p2b\n|-resisted|p2a: Skeledirge\n|-crit|p2a: Skeledirge\n|-crit|p2b: Gardevoir\n|-damage|p2a: Skeledirge|42\/100\n|-damage|p2b: Gardevoir|60\/100\n|move|p2a: Skeledirge|Hex|p1a: Flutter Mane\n|-supereffective|p1a: Flutter Mane\n|-damage|p1a: Flutter Mane|0 fnt\n|faint|p1a: Flutter Mane\n|-end|p1a: Flutter Mane|Protosynthesis|[silent]\n|move|p2b: Gardevoir|Trick Room|p2b: Gardevoir\n|-fieldstart|move: Trick Room|[of] p2b: Gardevoir\n|\n|-weather|Sandstorm|[upkeep]\n|-damage|p2a: Skeledirge|36\/100|[from] Sandstorm\n|-damage|p2b: Gardevoir|53\/100|[from] Sandstorm\n|upkeep\n|\n|t:|1697597086\n|switch|p1a: Iron Thorns|Iron Thorns|100\/100\n|turn|5\n|\n|t:|1697597111\n|move|p2a: Skeledirge|Overheat|p1b: Tyranitar\n|-resisted|p1b: Tyranitar\n|-damage|p1b: Tyranitar|46\/100\n|-unboost|p2a: Skeledirge|spa|2\n|move|p2b: Gardevoir|Dazzling Gleam|p1b: Tyranitar|[spread] p1a,p1b\n|-supereffective|p1b: Tyranitar\n|-damage|p1a: Iron Thorns|79\/100\n|-damage|p1b: Tyranitar|17\/100\n|move|p1b: Tyranitar|Icy Wind|p2b: Gardevoir|[spread] p2a,p2b\n|-resisted|p2a: Skeledirge\n|-crit|p2a: Skeledirge\n|-damage|p2a: Skeledirge|28\/100\n|-damage|p2b: Gardevoir|45\/100\n|-unboost|p2a: Skeledirge|spe|1\n|-unboost|p2b: Gardevoir|spe|1\n|move|p1a: Iron Thorns|Dragon Dance|p1a: Iron Thorns\n|-boost|p1a: Iron Thorns|atk|1\n|-boost|p1a: Iron Thorns|spe|1\n|\n|-weather|Sandstorm|[upkeep]\n|-damage|p2a: Skeledirge|22\/100|[from] Sandstorm\n|-damage|p2b: Gardevoir|38\/100|[from] Sandstorm\n|upkeep\n|turn|6\n|\n|t:|1697597154\n|move|p2a: Skeledirge|Overheat|p1a: Iron Thorns\n|-resisted|p1a: Iron Thorns\n|-damage|p1a: Iron Thorns|31\/100\n|-unboost|p2a: Skeledirge|spa|2\n|move|p2b: Gardevoir|Dazzling Gleam|p1b: Tyranitar|[spread] p1a,p1b\n|-supereffective|p1b: Tyranitar\n|-damage|p1a: Iron Thorns|10\/100\n|-damage|p1b: Tyranitar|0 fnt\n|faint|p1b: Tyranitar\n|move|p1a: Iron Thorns|Rock Blast|p2a: Skeledirge\n|-supereffective|p2a: Skeledirge\n|-crit|p2a: Skeledirge\n|-damage|p2a: Skeledirge|0 fnt\n|faint|p2a: Skeledirge\n|-hitcount|p2: Skeledirge|1\n|\n|-weather|Sandstorm|[upkeep]\n|-damage|p2b: Gardevoir|32\/100|[from] Sandstorm\n|upkeep\n|raw|<div class=\"broadcast-red\"><b>The server is restarting soon.<\/b><br \/>Please finish your battles quickly. No new battles can be started until the server resets in a few minutes.<\/div>\n|inactive|Battle timer is ON: inactive players will automatically lose when time's up.\n|raw|<div class=\"broadcast-red\"><b>Moderated chat was set to +!<\/b><br \/>Only users of rank + and higher can talk.<\/div>\n|\n|t:|1697597172\n|switch|p2a: Iron Hands|Iron Hands, shiny|100\/100\n|switch|p1b: Chien-Pao|Chien-Pao|100\/100\n|-ability|p1b: Chien-Pao|Sword of Ruin\n|-enditem|p2a: Iron Hands|Booster Energy\n|-activate|p2a: Iron Hands|ability: Quark Drive|[fromitem]\n|-start|p2a: Iron Hands|quarkdriveatk\n|turn|7\n|inactive|Ironthornsisgood has 120 seconds left.\n|\n|t:|1697597204\n|-terastallize|p1a: Iron Thorns|Bug\n|move|p2a: Iron Hands|Fake Out|p1a: Iron Thorns\n|-damage|p1a: Iron Thorns|0 fnt\n|faint|p1a: Iron Thorns\n|-end|p1a: Iron Thorns|Quark Drive|[silent]\n|move|p2b: Gardevoir|Dazzling Gleam|p1b: Chien-Pao\n|-supereffective|p1b: Chien-Pao\n|-damage|p1b: Chien-Pao|0 fnt\n|faint|p1b: Chien-Pao\n|\n|-weather|Sandstorm|[upkeep]\n|-damage|p2a: Iron Hands|94\/100|[from] Sandstorm\n|-damage|p2b: Gardevoir|26\/100|[from] Sandstorm\n|upkeep\n|inactive|Ironthornsisgood has 120 seconds left.\n|\n|t:|1697597213\n|switch|p1a: Arcanine|Arcanine-Hisui, F|97\/100\n|-ability|p1a: Arcanine|Intimidate|boost\n|-unboost|p2a: Iron Hands|atk|1\n|-unboost|p2b: Gardevoir|atk|1\n|turn|8\n|\n|t:|1697597229\n|switch|p2b: Ting-Lu|Ting-Lu|100\/100\n|-ability|p2b: Ting-Lu|Vessel of Ruin\n|move|p1a: Arcanine|Extreme Speed|p2b: Ting-Lu\n|-damage|p2b: Ting-Lu|88\/100\n|move|p2a: Iron Hands|Swords Dance|p2a: Iron Hands\n|-boost|p2a: Iron Hands|atk|2\n|\n|-weather|Sandstorm|[upkeep]\n|-damage|p2a: Iron Hands|88\/100|[from] Sandstorm\n|-fieldend|move: Trick Room\n|upkeep\n|turn|9\n|\n|t:|1697597246\n|move|p1a: Arcanine|Flare Blitz|p2a: Iron Hands\n|-damage|p2a: Iron Hands|55\/100\n|-damage|p1a: Arcanine|80\/100|[from] Recoil\n|move|p2a: Iron Hands|Drain Punch|p1a: Arcanine\n|-supereffective|p1a: Arcanine\n|-damage|p1a: Arcanine|0 fnt\n|-heal|p2a: Iron Hands|81\/100|[from] drain|[of] p1a: Arcanine\n|faint|p1a: Arcanine\n|\n|win|Hokusaid\n|raw|Ironthornsisgood's rating: 1044 &rarr; <strong>1028<\/strong><br \/>(-16 for losing)\n|raw|Hokusaid's rating: 1054 &rarr; <strong>1085<\/strong><br \/>(+31 for winning)\n|l|\u2606Ironthornsisgood\n","uploadtime":1697597264,"views":24,"p1id":"ironthornsisgood","p2id":"hokusaid","formatid":"gen9doublesou","rating":1028,"private":0,"password":""}