{"id":"gen9doublesou-1979547167","p1":"fourclover","p2":"cgtuh.ocgoj\u201dfyxtg9","format":"[Gen 9] Doubles OU","log":"|j|\u2606fourclover\n|j|\u2606cgtuh.ocgoj\u201dfyxtg9\n|t:|1698691282\n|gametype|doubles\n|player|p1|fourclover|169|1088\n|player|p2|cgtuh.ocgoj\u201dfyxtg9|102|1183\n|teamsize|p1|6\n|teamsize|p2|6\n|gen|9\n|tier|[Gen 9] Doubles OU\n|rated|\n|rule|Species Clause: Limit one of each Pok\u00e9mon\n|rule|OHKO Clause: OHKO moves are banned\n|rule|Evasion Moves Clause: Evasion moves are banned\n|rule|Gravity Sleep Clause: The combination of sleep-inducing moves with imperfect accuracy and Gravity or Gigantamax Orbeetle are banned\n|rule|Endless Battle Clause: Forcing endless battles is banned\n|rule|HP Percentage Mod: HP is shown in percentages\n|clearpoke\n|poke|p1|Arcanine, M|\n|poke|p1|Gyarados, M|\n|poke|p1|Jolteon, F|\n|poke|p1|Scyther, M|\n|poke|p1|Snorlax, F|\n|poke|p1|Gengar, M|\n|poke|p2|Talonflame, M|\n|poke|p2|Meowscarada, M|\n|poke|p2|Shiftry, F|\n|poke|p2|Dragonite, F|\n|poke|p2|Ribombee, F|\n|poke|p2|Brambleghast, M|\n|teampreview\n|c|\u2606cgtuh.ocgoj\u201dfyxtg9|glhf\n|\n|t:|1698691299\n|start\n|switch|p1a: Snorlax|Snorlax, F|100\/100\n|switch|p1b: Arcanine|Arcanine, M|100\/100\n|switch|p2a: Talonflame|Talonflame, M|100\/100\n|switch|p2b: Shiftry|Shiftry, F|100\/100\n|-ability|p1b: Arcanine|Intimidate|boost\n|-unboost|p2a: Talonflame|atk|1\n|-unboost|p2b: Shiftry|atk|1\n|turn|1\n|\n|t:|1698691332\n|switch|p2b: Brambleghast|Brambleghast, M|100\/100\n|move|p2a: Talonflame|Tailwind|p2a: Talonflame\n|-sidestart|p2: cgtuh.ocgoj\u201dfyxtg9|move: Tailwind\n|-ability|p2b: Brambleghast|Wind Rider|boost\n|-boost|p2b: Brambleghast|atk|1\n|move|p1b: Arcanine|Flare Blitz|p2b: Brambleghast\n|-supereffective|p2b: Brambleghast\n|-enditem|p2b: Brambleghast|Focus Sash\n|-damage|p2b: Brambleghast|1\/100\n|-damage|p1b: Arcanine|79\/100|[from] Recoil\n|move|p1a: Snorlax|Double-Edge|p2a: Talonflame\n|-damage|p2a: Talonflame|24\/100\n|-damage|p1a: Snorlax|81\/100|[from] Recoil\n|\n|upkeep\n|turn|2\n|c|\u2606fourclover|too\n|\n|t:|1698691375\n|switch|p1b: Scyther|Scyther, M|100\/100\n|move|p2a: Talonflame|Air Slash|p1b: Scyther\n|-supereffective|p1b: Scyther\n|-damage|p1b: Scyther|66\/100\n|move|p2b: Brambleghast|Poltergeist|p1b: Scyther\n|-activate|p1b: Scyther|move: Poltergeist|Eviolite\n|-damage|p1b: Scyther|2\/100\n|move|p1a: Snorlax|Heavy Slam|p2b: Brambleghast\n|-damage|p2b: Brambleghast|0 fnt\n|faint|p2b: Brambleghast\n|\n|upkeep\n|\n|t:|1698691391\n|switch|p2b: Meowscarada|Meowscarada, M|100\/100\n|turn|3\n|\n|t:|1698691409\n|move|p1b: Scyther|Protect|p1b: Scyther\n|-singleturn|p1b: Scyther|Protect\n|move|p2a: Talonflame|U-turn|p1b: Scyther\n|-activate|p1b: Scyther|move: Protect\n|move|p2b: Meowscarada|Petal Blizzard|p1b: Scyther|[spread] p2a,p1a\n|-start|p2b: Meowscarada|typechange|Grass|[from] ability: Protean\n|-activate|p1b: Scyther|move: Protect\n|-resisted|p2a: Talonflame\n|-damage|p2a: Talonflame|13\/100\n|-damage|p1a: Snorlax|57\/100\n|move|p1a: Snorlax|Double-Edge|p2b: Meowscarada\n|-damage|p2b: Meowscarada|0 fnt\n|faint|p2b: Meowscarada\n|-damage|p1a: Snorlax|36\/100|[from] Recoil\n|-enditem|p1a: Snorlax|Sitrus Berry|[eat]\n|-heal|p1a: Snorlax|61\/100|[from] item: Sitrus Berry\n|\n|upkeep\n|\n|t:|1698691423\n|switch|p2b: Shiftry|Shiftry, F|100\/100\n|-ability|p2b: Shiftry|Wind Rider|boost\n|-boost|p2b: Shiftry|atk|1\n|turn|4\n|\n|t:|1698691444\n|switch|p1b: Arcanine|Arcanine, M|79\/100\n|-ability|p1b: Arcanine|Intimidate|boost\n|-unboost|p2a: Talonflame|atk|1\n|-unboost|p2b: Shiftry|atk|1\n|move|p2a: Talonflame|Air Slash|p1b: Arcanine\n|-damage|p1b: Arcanine|63\/100\n|move|p2b: Shiftry|Brick Break|p1a: Snorlax\n|-supereffective|p1a: Snorlax\n|-damage|p1a: Snorlax|17\/100\n|move|p1a: Snorlax|Double-Edge|p2b: Shiftry\n|-damage|p2b: Shiftry|6\/100\n|-damage|p1a: Snorlax|0 fnt|[from] Recoil\n|faint|p1a: Snorlax\n|\n|-sideend|p2: cgtuh.ocgoj\u201dfyxtg9|move: Tailwind\n|upkeep\n|\n|t:|1698691461\n|switch|p1a: Jolteon|Jolteon, F|100\/100\n|turn|5\n|\n|t:|1698691488\n|switch|p2b: Dragonite|Dragonite, F|100\/100\n|move|p1a: Jolteon|Protect|p1a: Jolteon\n|-singleturn|p1a: Jolteon|Protect\n|move|p2a: Talonflame|Air Slash|p1b: Arcanine\n|-damage|p1b: Arcanine|48\/100\n|move|p1b: Arcanine|Snarl|p2b: Dragonite|[spread] p2a,p2b\n|-damage|p2a: Talonflame|2\/100\n|-damage|p2b: Dragonite|96\/100\n|-unboost|p2a: Talonflame|spa|1\n|-unboost|p2b: Dragonite|spa|1\n|\n|-heal|p2b: Dragonite|100\/100|[from] item: Leftovers\n|upkeep\n|turn|6\n|\n|t:|1698691510\n|switch|p1b: Gyarados|Gyarados, M|100\/100\n|move|p2a: Talonflame|Tailwind|p2a: Talonflame\n|-sidestart|p2: cgtuh.ocgoj\u201dfyxtg9|move: Tailwind\n|move|p2b: Dragonite|Dragon Dance|p2b: Dragonite\n|-boost|p2b: Dragonite|atk|1\n|-boost|p2b: Dragonite|spe|1\n|move|p1a: Jolteon|Volt Switch|p2a: Talonflame\n|-supereffective|p2a: Talonflame\n|-damage|p2a: Talonflame|0 fnt\n|faint|p2a: Talonflame\n|\n|t:|1698691520\n|switch|p1a: Arcanine|Arcanine, M|48\/100|[from] Volt Switch\n|-ability|p1a: Arcanine|Intimidate|boost\n|-unboost|p2b: Dragonite|atk|1\n|\n|upkeep\n|\n|t:|1698691530\n|switch|p2a: Ribombee|Ribombee, F|100\/100\n|turn|7\n|\n|t:|1698691548\n|-terastallize|p1b: Gyarados|Water\n|move|p2b: Dragonite|Dragon Dance|p2b: Dragonite\n|-boost|p2b: Dragonite|atk|1\n|-boost|p2b: Dragonite|spe|1\n|move|p2a: Ribombee|Reflect|p2a: Ribombee\n|-sidestart|p2: cgtuh.ocgoj\u201dfyxtg9|Reflect\n|move|p1b: Gyarados|Stone Edge|p2b: Dragonite|[miss]\n|-miss|p1b: Gyarados|p2b: Dragonite\n|move|p1a: Arcanine|Flare Blitz|p2a: Ribombee\n|-supereffective|p2a: Ribombee\n|-damage|p2a: Ribombee|0 fnt\n|faint|p2a: Ribombee\n|-damage|p1a: Arcanine|20\/100|[from] Recoil\n|\n|upkeep\n|\n|t:|1698691559\n|switch|p2a: Shiftry|Shiftry, F|6\/100\n|-ability|p2a: Shiftry|Wind Rider|boost\n|-boost|p2a: Shiftry|atk|1\n|turn|8\n|\n|t:|1698691571\n|switch|p1a: Gengar|Gengar, M|100\/100\n|move|p1b: Gyarados|Protect|p1b: Gyarados\n|-singleturn|p1b: Gyarados|Protect\n|move|p2b: Dragonite|Dragon Dance|p2b: Dragonite\n|-boost|p2b: Dragonite|atk|1\n|-boost|p2b: Dragonite|spe|1\n|move|p2a: Shiftry|Rock Slide|p1b: Gyarados|[spread] p1a\n|-activate|p1b: Gyarados|move: Protect\n|-damage|p1a: Gengar|54\/100\n|\n|upkeep\n|turn|9\n|\n|t:|1698691599\n|switch|p1b: Arcanine|Arcanine, M|20\/100\n|-ability|p1b: Arcanine|Intimidate|boost\n|-unboost|p2a: Shiftry|atk|1\n|-unboost|p2b: Dragonite|atk|1\n|move|p1a: Gengar|Protect|p1a: Gengar\n|-singleturn|p1a: Gengar|Protect\n|move|p2b: Dragonite|Iron Head|p1a: Gengar\n|-activate|p1a: Gengar|move: Protect\n|move|p2a: Shiftry|Leaf Blade|p1b: Arcanine\n|-resisted|p1b: Arcanine\n|-damage|p1b: Arcanine|1\/100\n|\n|-sideend|p2: cgtuh.ocgoj\u201dfyxtg9|move: Tailwind\n|upkeep\n|turn|10\n|\n|t:|1698691627\n|switch|p1a: Scyther|Scyther, M|2\/100\n|switch|p1b: Gyarados|Gyarados, M, tera:Water|100\/100\n|move|p2b: Dragonite|Extreme Speed|p1b: Gyarados\n|-damage|p1b: Gyarados|38\/100\n|move|p2a: Shiftry|Rock Slide|p1a: Scyther|[spread] p1a,p1b\n|-supereffective|p1a: Scyther\n|-damage|p1a: Scyther|0 fnt\n|-damage|p1b: Gyarados|16\/100\n|faint|p1a: Scyther\n|\n|upkeep\n|\n|t:|1698691639\n|switch|p1a: Arcanine|Arcanine, M|1\/100\n|-ability|p1a: Arcanine|Intimidate|boost\n|-unboost|p2a: Shiftry|atk|1\n|-unboost|p2b: Dragonite|atk|1\n|turn|11\n|\n|t:|1698691669\n|move|p1b: Gyarados|Protect|p1b: Gyarados\n|-singleturn|p1b: Gyarados|Protect\n|move|p2b: Dragonite|Extreme Speed|p1a: Arcanine\n|-damage|p1a: Arcanine|0 fnt\n|faint|p1a: Arcanine\n|move|p2a: Shiftry|Leaf Blade|p1b: Gyarados\n|-activate|p1b: Gyarados|move: Protect\n|\n|upkeep\n|\n|t:|1698691678\n|switch|p1a: Jolteon|Jolteon, F|100\/100\n|turn|12\n|\n|t:|1698691700\n|-terastallize|p2b: Dragonite|Normal\n|move|p2b: Dragonite|Extreme Speed|p1a: Jolteon\n|-damage|p1a: Jolteon|17\/100\n|move|p1a: Jolteon|Volt Switch|p2a: Shiftry\n|-resisted|p2a: Shiftry\n|-damage|p2a: Shiftry|0 fnt\n|faint|p2a: Shiftry\n|\n|t:|1698691708\n|switch|p1a: Gengar|Gengar, M|54\/100|[from] Volt Switch\n|move|p1b: Gyarados|Stone Edge|p2b: Dragonite|[miss]\n|-miss|p1b: Gyarados|p2b: Dragonite\n|\n|upkeep\n|turn|13\n|\n|t:|1698691729\n|move|p1b: Gyarados|Protect|p1b: Gyarados\n|-singleturn|p1b: Gyarados|Protect\n|move|p2b: Dragonite|Iron Head|p1a: Gengar\n|-damage|p1a: Gengar|0 fnt\n|faint|p1a: Gengar\n|\n|upkeep\n|\n|t:|1698691734\n|switch|p1a: Jolteon|Jolteon, F|17\/100\n|turn|14\n|\n|t:|1698691744\n|move|p1a: Jolteon|Protect|p1a: Jolteon\n|-singleturn|p1a: Jolteon|Protect\n|move|p2b: Dragonite|Extreme Speed|p1b: Gyarados\n|-damage|p1b: Gyarados|0 fnt\n|faint|p1b: Gyarados\n|\n|-sideend|p2: cgtuh.ocgoj\u201dfyxtg9|Reflect\n|upkeep\n|turn|15\n|-message|fourclover forfeited.\n|\n|win|cgtuh.ocgoj\u201dfyxtg9\n|raw|fourclover's rating: 1088 &rarr; <strong>1071<\/strong><br \/>(-17 for losing)\n|raw|cgtuh.ocgoj\u201dfyxtg9's rating: 1183 &rarr; <strong>1201<\/strong><br \/>(+18 for winning)\n|l|\u2606fourclover\n|c|\u2606cgtuh.ocgoj\u201dfyxtg9|gg\n","uploadtime":1698691768,"views":13,"p1id":"fourclover","p2id":"cgtuhocgojfyxtg9","formatid":"gen9doublesou","rating":1071,"private":0,"password":""}