{"id":"gen9doublesou-1989184418","p1":"Kaif\u2606\u5f61Plays\u2657","p2":"goodbyehope","format":"[Gen 9] Doubles OU","log":"|j|\u2606Kaif\u2606\u5f61Plays\u2657\n|j|\u2606goodbyehope\n|t:|1699821097\n|gametype|doubles\n|player|p1|Kaif\u2606\u5f61Plays\u2657|#wcop2023bangladesh|\n|player|p2|goodbyehope|delinquent|\n|teamsize|p1|6\n|teamsize|p2|6\n|gen|9\n|tier|[Gen 9] Doubles OU\n|rule|Species Clause: Limit one of each Pok\u00e9mon\n|rule|OHKO Clause: OHKO moves are banned\n|rule|Evasion Moves Clause: Evasion moves are banned\n|rule|Gravity Sleep Clause: The combination of sleep-inducing moves with imperfect accuracy and Gravity or Gigantamax Orbeetle are banned\n|rule|Endless Battle Clause: Forcing endless battles is banned\n|rule|HP Percentage Mod: HP is shown in percentages\n|clearpoke\n|poke|p1|Flutter Mane|\n|poke|p1|Ogerpon-Wellspring, F|\n|poke|p1|Iron Hands|\n|poke|p1|Glimmora, F|\n|poke|p1|Kingambit, F|\n|poke|p1|Landorus-Therian, M|\n|poke|p2|Roaring Moon|\n|poke|p2|Ogerpon-Wellspring, F|\n|poke|p2|Manaphy|\n|poke|p2|Flutter Mane|\n|poke|p2|Rillaboom, F|\n|poke|p2|Arcanine-Hisui, M|\n|teampreview\n|inactive|Battle timer is ON: inactive players will automatically lose when time's up. (requested by Kaif\u2606\u5f61Plays\u2657)\n|c|\u2606Kaif\u2606\u5f61Plays\u2657|hf\n|c|\u2606goodbyehope|u2!\n|j| R4ye\n|j| KeanuVGC\n|inactive|Kaif\u2606\u5f61Plays\u2657 has 270 seconds left.\n|j| dhaka ski lounge\n|j| IwantHOPEtositonme\n|j| Vertigo\n|j| Nuxl\n|\n|t:|1699821145\n|start\n|switch|p1a: Glimmora|Glimmora, F|100\/100\n|switch|p1b: Flutter Mane|Flutter Mane|100\/100\n|switch|p2a: NEVADA|Arcanine-Hisui, M, shiny|100\/100\n|switch|p2b: COP KILLER|Manaphy, shiny|100\/100\n|-ability|p2a: NEVADA|Intimidate|boost\n|-unboost|p1a: Glimmora|atk|1\n|-unboost|p1b: Flutter Mane|atk|1\n|-item|p1a: Glimmora|Air Balloon\n|turn|1\n|j| BurntSkywalker\n|c| KeanuVGC|vamos hope\n|j| theyummybagel\n|inactive|Kaif\u2606\u5f61Plays\u2657 has 270 seconds left.\n|inactive|goodbyehope has 270 seconds left.\n|c|\u2606goodbyehope|vamos hopey\n|j| SMB\n|inactive|Kaif\u2606\u5f61Plays\u2657 has 240 seconds left.\n|\n|t:|1699821208\n|-terastallize|p2b: COP KILLER|Poison\n|move|p1b: Flutter Mane|Moonblast|p2b: COP KILLER\n|-resisted|p2b: COP KILLER\n|-damage|p2b: COP KILLER|66\/100\n|move|p2a: NEVADA|Flare Blitz|p1b: Flutter Mane\n|-damage|p1b: Flutter Mane|30\/100\n|-damage|p2a: NEVADA|84\/100|[from] Recoil\n|move|p2b: COP KILLER|Tail Glow|p2b: COP KILLER\n|-boost|p2b: COP KILLER|spa|3\n|move|p1a: Glimmora|Sludge Bomb|p2b: COP KILLER\n|-resisted|p2b: COP KILLER\n|-damage|p2b: COP KILLER|43\/100\n|\n|-heal|p2b: COP KILLER|49\/100|[from] item: Leftovers\n|upkeep\n|turn|2\n|inactive|goodbyehope has 270 seconds left.\n|inactive|Kaif\u2606\u5f61Plays\u2657 has 240 seconds left.\n|j| Lemurro\n|\n|t:|1699821255\n|switch|p2a: COIL|Rillaboom, F, shiny|100\/100\n|-fieldstart|move: Grassy Terrain|[from] ability: Grassy Surge|[of] p2a: COIL\n|switch|p1a: Ogerpon|Ogerpon-Wellspring, F|100\/100\n|move|p2b: COP KILLER|Protect|p2b: COP KILLER\n|-singleturn|p2b: COP KILLER|Protect\n|move|p1b: Flutter Mane|Moonblast|p2a: COIL\n|-damage|p2a: COIL|46\/100\n|\n|-heal|p1b: Flutter Mane|36\/100|[from] Grassy Terrain\n|-heal|p2b: COP KILLER|55\/100|[from] Grassy Terrain\n|-heal|p2b: COP KILLER|62\/100|[from] item: Leftovers\n|-heal|p2a: COIL|52\/100|[from] Grassy Terrain\n|upkeep\n|turn|3\n|inactive|Kaif\u2606\u5f61Plays\u2657 has 240 seconds left.\n|inactive|goodbyehope has 270 seconds left.\n|\n|t:|1699821298\n|move|p2a: COIL|Fake Out|p1a: Ogerpon\n|-damage|p1a: Ogerpon|85\/100\n|move|p1b: Flutter Mane|Moonblast|p2b: COP KILLER\n|-resisted|p2b: COP KILLER\n|-damage|p2b: COP KILLER|27\/100\n|-unboost|p2b: COP KILLER|spa|1\n|move|p2b: COP KILLER|Tera Blast|p1b: Flutter Mane|[anim] Tera Blast Poison\n|-damage|p1b: Flutter Mane|0 fnt\n|faint|p1b: Flutter Mane\n|-end|p1b: Flutter Mane|Protosynthesis|[silent]\n|cant|p1a: Ogerpon|flinch\n|\n|-heal|p2b: COP KILLER|33\/100|[from] Grassy Terrain\n|-heal|p2b: COP KILLER|40\/100|[from] item: Leftovers\n|-heal|p1a: Ogerpon|91\/100|[from] Grassy Terrain\n|-heal|p2a: COIL|58\/100|[from] Grassy Terrain\n|upkeep\n|\n|t:|1699821305\n|switch|p1b: Landorus|Landorus-Therian, M|100\/100\n|-ability|p1b: Landorus|Intimidate|boost\n|-unboost|p2a: COIL|atk|1\n|-unboost|p2b: COP KILLER|atk|1\n|turn|4\n|inactive|goodbyehope has 270 seconds left.\n|\n|t:|1699821326\n|move|p2b: COP KILLER|Protect|p2b: COP KILLER\n|-singleturn|p2b: COP KILLER|Protect\n|move|p1b: Landorus|U-turn|p2a: COIL\n|-supereffective|p2a: COIL\n|-damage|p2a: COIL|7\/100\n|\n|t:|1699821335\n|switch|p1b: Iron Hands|Iron Hands|100\/100|[from] U-turn\n|move|p1a: Ogerpon|Ivy Cudgel|p2b: COP KILLER\n|-activate|p2b: COP KILLER|move: Protect\n|move|p2a: COIL|U-turn|p1b: Iron Hands\n|-resisted|p1b: Iron Hands\n|-damage|p1b: Iron Hands|94\/100\n|inactive|goodbyehope has 270 seconds left.\n|\n|t:|1699821355\n|switch|p2a: ORBS|Ogerpon-Wellspring, F|100\/100|[from] U-turn\n|\n|-heal|p2b: COP KILLER|46\/100|[from] Grassy Terrain\n|-heal|p2b: COP KILLER|52\/100|[from] item: Leftovers\n|-heal|p1a: Ogerpon|97\/100|[from] Grassy Terrain\n|-heal|p1b: Iron Hands|100\/100|[from] Grassy Terrain\n|upkeep\n|turn|5\n|inactive|goodbyehope has 270 seconds left.\n|inactive|Kaif\u2606\u5f61Plays\u2657 has 240 seconds left.\n|j| SEROO@!\n|inactive|Kaif\u2606\u5f61Plays\u2657 has 210 seconds left.\n|\n|t:|1699821417\n|switch|p2a: NEVADA|Arcanine-Hisui, M, shiny|84\/100\n|-ability|p2a: NEVADA|Intimidate|boost\n|-unboost|p1a: Ogerpon|atk|1\n|-unboost|p1b: Iron Hands|atk|1\n|-terastallize|p1a: Ogerpon|Water\n|detailschange|p1a: Ogerpon|Ogerpon-Wellspring-Tera, F, tera:Water\n|-ability|p1a: Ogerpon|Embody Aspect (Wellspring)|boost\n|-boost|p1a: Ogerpon|spd|1\n|move|p1b: Iron Hands|Fake Out|p2a: NEVADA\n|-resisted|p2a: NEVADA\n|-damage|p2a: NEVADA|79\/100\n|move|p2b: COP KILLER|Tera Blast|p1a: Ogerpon|[anim] Tera Blast Poison\n|-damage|p1a: Ogerpon|48\/100\n|move|p1a: Ogerpon|Ivy Cudgel|p2b: COP KILLER\n|-damage|p2b: COP KILLER|0 fnt\n|faint|p2b: COP KILLER\n|\n|-heal|p2a: NEVADA|85\/100|[from] Grassy Terrain\n|-heal|p1a: Ogerpon|54\/100|[from] Grassy Terrain\n|upkeep\n|inactive|goodbyehope has 240 seconds left.\n|l| IwantHOPEtositonme\n|j| Papiloco\n|inactive|goodbyehope has 210 seconds left.\n|\n|t:|1699821466\n|switch|p2b: COIL|Rillaboom, F, shiny|7\/100\n|turn|6\n|inactive|goodbyehope has 210 seconds left.\n|\n|t:|1699821494\n|move|p1a: Ogerpon|Spiky Shield|p1a: Ogerpon\n|-singleturn|p1a: Ogerpon|move: Protect\n|move|p2b: COIL|Fake Out|p1a: Ogerpon\n|-activate|p1a: Ogerpon|move: Protect\n|-damage|p2b: COIL|0 fnt|[from] Spiky Shield|[of] p1a: Ogerpon\n|faint|p2b: COIL\n|move|p2a: NEVADA|Will-O-Wisp|p1b: Iron Hands\n|-status|p1b: Iron Hands|brn\n|move|p1b: Iron Hands|Drain Punch|p2a: NEVADA\n|-supereffective|p2a: NEVADA\n|-damage|p2a: NEVADA|54\/100\n|\n|-heal|p2a: NEVADA|60\/100|[from] Grassy Terrain\n|-heal|p1a: Ogerpon|61\/100|[from] Grassy Terrain\n|-damage|p1b: Iron Hands|94\/100 brn|[from] brn\n|-fieldend|move: Grassy Terrain\n|upkeep\n|j| IwantHOPEtositonme\n|\n|t:|1699821498\n|switch|p2b: I HATE MYSELF|Roaring Moon, shiny|100\/100\n|-enditem|p2b: I HATE MYSELF|Booster Energy\n|-activate|p2b: I HATE MYSELF|ability: Protosynthesis|[fromitem]\n|-start|p2b: I HATE MYSELF|protosynthesisspe\n|turn|7\n|inactive|Kaif\u2606\u5f61Plays\u2657 has 240 seconds left.\n|inactive|goodbyehope has 210 seconds left.\n|\n|t:|1699821546\n|switch|p2a: ORBS|Ogerpon-Wellspring, F|100\/100\n|switch|p1a: Glimmora|Glimmora, F|100\/100\n|-item|p1a: Glimmora|Air Balloon\n|-end|p1b: Iron Hands|Quark Drive|[silent]\n|switch|p1b: Landorus|Landorus-Therian, M|100\/100\n|-ability|p1b: Landorus|Intimidate|boost\n|-unboost|p2a: ORBS|atk|1\n|-unboost|p2b: I HATE MYSELF|atk|1\n|move|p2b: I HATE MYSELF|Breaking Swipe|p1b: Landorus|[spread] p1a,p1b\n|-damage|p1a: Glimmora|85\/100\n|-damage|p1b: Landorus|84\/100\n|-unboost|p1a: Glimmora|atk|1\n|-unboost|p1b: Landorus|atk|1\n|-activate|p1a: Glimmora|ability: Toxic Debris\n|-sidestart|p2: goodbyehope|move: Toxic Spikes\n|-enditem|p1a: Glimmora|Air Balloon\n|\n|upkeep\n|turn|8\n|inactive|goodbyehope has 210 seconds left.\n|inactive|Kaif\u2606\u5f61Plays\u2657 has 240 seconds left.\n|inactive|goodbyehope has 180 seconds left.\n|inactive|Kaif\u2606\u5f61Plays\u2657 has 210 seconds left.\n|l| IwantHOPEtositonme\n|inactive|Kaif\u2606\u5f61Plays\u2657 has 180 seconds left.\n|inactive|Kaif\u2606\u5f61Plays\u2657 has 150 seconds left.\n|j| Feyette\n|\n|t:|1699821669\n|switch|p1a: Ogerpon|Ogerpon-Wellspring-Tera, F, tera:Water|61\/100\n|-ability|p1a: Ogerpon|Embody Aspect (Wellspring)|boost\n|-boost|p1a: Ogerpon|spd|1\n|move|p2a: ORBS|Spiky Shield|p2a: ORBS\n|-singleturn|p2a: ORBS|move: Protect\n|move|p2b: I HATE MYSELF|Breaking Swipe|p1a: Ogerpon|[spread] p1a,p1b\n|-damage|p1a: Ogerpon|47\/100\n|-damage|p1b: Landorus|66\/100\n|-unboost|p1a: Ogerpon|atk|1\n|-unboost|p1b: Landorus|atk|1\n|move|p1b: Landorus|U-turn|p2a: ORBS\n|-activate|p2a: ORBS|move: Protect\n|-damage|p1b: Landorus|54\/100|[from] Spiky Shield|[of] p2a: ORBS\n|\n|upkeep\n|turn|9\n|inactive|goodbyehope has 180 seconds left.\n|inactive|Kaif\u2606\u5f61Plays\u2657 has 150 seconds left.\n|j| Jello1231\n|inactive|goodbyehope has 150 seconds left.\n|l| Feyette\n|j| luisin\n|\n|t:|1699821736\n|switch|p2a: NEVADA|Arcanine-Hisui, M, shiny|60\/100\n|-status|p2a: NEVADA|psn\n|-ability|p2a: NEVADA|Intimidate|boost\n|-unboost|p1a: Ogerpon|atk|1\n|-unboost|p1b: Landorus|atk|1\n|move|p1a: Ogerpon|Spiky Shield|p1a: Ogerpon\n|-singleturn|p1a: Ogerpon|move: Protect\n|move|p2b: I HATE MYSELF|Breaking Swipe|p1a: Ogerpon|[spread] p1b\n|-activate|p1a: Ogerpon|move: Protect\n|-damage|p2b: I HATE MYSELF|88\/100|[from] Spiky Shield|[of] p1a: Ogerpon\n|-damage|p1b: Landorus|39\/100\n|-unboost|p1b: Landorus|atk|1\n|move|p1b: Landorus|U-turn|p2a: NEVADA\n|-resisted|p2a: NEVADA\n|-damage|p2a: NEVADA|55\/100 psn\n|\n|t:|1699821752\n|switch|p1b: Glimmora|Glimmora, F|85\/100|[from] U-turn\n|\n|-damage|p2a: NEVADA|42\/100 psn|[from] psn\n|upkeep\n|-enditem|p2a: NEVADA|Sitrus Berry|[eat]\n|-heal|p2a: NEVADA|67\/100 psn|[from] item: Sitrus Berry\n|turn|10\n|inactive|goodbyehope has 150 seconds left.\n|inactive|Kaif\u2606\u5f61Plays\u2657 has 150 seconds left.\n|inactive|goodbyehope has 120 seconds left.\n|inactive|Kaif\u2606\u5f61Plays\u2657 has 120 seconds left.\n|\n|t:|1699821802\n|switch|p2a: ORBS|Ogerpon-Wellspring, F|100\/100\n|-status|p2a: ORBS|psn\n|switch|p1a: Iron Hands|Iron Hands|94\/100 brn\n|move|p2b: I HATE MYSELF|Knock Off|p1a: Iron Hands\n|-resisted|p1a: Iron Hands\n|-damage|p1a: Iron Hands|85\/100 brn\n|-enditem|p1a: Iron Hands|Assault Vest|[from] move: Knock Off|[of] p2b: I HATE MYSELF\n|move|p1b: Glimmora|Sludge Bomb|p2b: I HATE MYSELF\n|-damage|p2b: I HATE MYSELF|45\/100\n|\n|-damage|p2a: ORBS|88\/100 psn|[from] psn\n|-damage|p1a: Iron Hands|79\/100 brn|[from] brn\n|upkeep\n|turn|11\n|inactive|goodbyehope has 120 seconds left.\n|\n|t:|1699821837\n|-end|p2b: I HATE MYSELF|Protosynthesis|[silent]\n|switch|p2b: PAIN|Flutter Mane, shiny|100\/100\n|-status|p2b: PAIN|psn\n|move|p2a: ORBS|Spiky Shield|p2a: ORBS\n|-singleturn|p2a: ORBS|move: Protect\n|move|p1a: Iron Hands|Fake Out|p2b: PAIN\n|-immune|p2b: PAIN\n|move|p1b: Glimmora|Sludge Bomb|p2b: PAIN\n|-damage|p2b: PAIN|51\/100 psn\n|\n|-damage|p2b: PAIN|39\/100 psn|[from] psn\n|-damage|p2a: ORBS|76\/100 psn|[from] psn\n|-damage|p1a: Iron Hands|72\/100 brn|[from] brn\n|upkeep\n|turn|12\n|inactive|Kaif\u2606\u5f61Plays\u2657 has 150 seconds left.\n|inactive|goodbyehope has 120 seconds left.\n|inactive|Kaif\u2606\u5f61Plays\u2657 has 120 seconds left.\n|inactive|goodbyehope has 90 seconds left.\n|\n|t:|1699821885\n|switch|p1b: Ogerpon|Ogerpon-Wellspring-Tera, F, tera:Water|47\/100\n|-ability|p1b: Ogerpon|Embody Aspect (Wellspring)|boost\n|-boost|p1b: Ogerpon|spd|1\n|move|p2b: PAIN|Moonblast|p1b: Ogerpon\n|-damage|p1b: Ogerpon|4\/100\n|-unboost|p1b: Ogerpon|spa|1\n|move|p2a: ORBS|Encore|p1a: Iron Hands\n|-start|p1a: Iron Hands|Encore\n|move|p1a: Iron Hands|Fake Out||[still]\n|-hint|Fake Out only works on your first turn out.\n|-fail|p1a: Iron Hands\n|\n|-damage|p2b: PAIN|26\/100 psn|[from] psn\n|-damage|p2a: ORBS|63\/100 psn|[from] psn\n|-damage|p1a: Iron Hands|66\/100 brn|[from] brn\n|upkeep\n|turn|13\n|inactive|goodbyehope has 90 seconds left.\n|inactive|Kaif\u2606\u5f61Plays\u2657 has 120 seconds left.\n|\n|t:|1699821916\n|switch|p2a: NEVADA|Arcanine-Hisui, M, shiny|67\/100 psn\n|-ability|p2a: NEVADA|Intimidate|boost\n|-unboost|p1a: Iron Hands|atk|1\n|-unboost|p1b: Ogerpon|atk|1\n|move|p1b: Ogerpon|Spiky Shield|p1b: Ogerpon\n|-singleturn|p1b: Ogerpon|move: Protect\n|move|p1a: Iron Hands|Fake Out||[still]\n|-hint|Fake Out only works on your first turn out.\n|-fail|p1a: Iron Hands\n|move|p2b: PAIN|Moonblast|p1a: Iron Hands\n|-supereffective|p1a: Iron Hands\n|-damage|p1a: Iron Hands|0 fnt\n|faint|p1a: Iron Hands\n|-end|p1a: Iron Hands|Quark Drive|[silent]\n|\n|-damage|p2b: PAIN|14\/100 psn|[from] psn\n|-damage|p2a: NEVADA|55\/100 psn|[from] psn\n|upkeep\n|inactive|Kaif\u2606\u5f61Plays\u2657 has 120 seconds left.\n|\n|t:|1699821925\n|switch|p1a: Landorus|Landorus-Therian, M|39\/100\n|-ability|p1a: Landorus|Intimidate|boost\n|-unboost|p2a: NEVADA|atk|1\n|-unboost|p2b: PAIN|atk|1\n|turn|14\n|inactive|goodbyehope has 90 seconds left.\n|inactive|Kaif\u2606\u5f61Plays\u2657 has 120 seconds left.\n|\n|t:|1699821953\n|move|p1a: Landorus|U-turn|p2b: PAIN\n|-resisted|p2b: PAIN\n|-damage|p2b: PAIN|2\/100 psn\n|inactive|Kaif\u2606\u5f61Plays\u2657 has 120 seconds left.\n|\n|t:|1699821960\n|switch|p1a: Glimmora|Glimmora, F|85\/100|[from] U-turn\n|move|p2b: PAIN|Moonblast|p1a: Glimmora\n|-resisted|p1a: Glimmora\n|-damage|p1a: Glimmora|45\/100\n|move|p2a: NEVADA|Rock Slide|p1a: Glimmora|[spread] p1a,p1b\n|-damage|p1a: Glimmora|28\/100\n|-damage|p1b: Ogerpon|0 fnt\n|-activate|p1a: Glimmora|ability: Toxic Debris\n|-sidestart|p2: goodbyehope|move: Toxic Spikes\n|faint|p1b: Ogerpon\n|\n|-damage|p2b: PAIN|0 fnt|[from] psn\n|faint|p2b: PAIN\n|-end|p2b: PAIN|Protosynthesis|[silent]\n|-damage|p2a: NEVADA|42\/100 psn|[from] psn\n|upkeep\n|j| Eragon11145\n|l| BurntSkywalker\n|\n|t:|1699821976\n|switch|p2b: ORBS|Ogerpon-Wellspring, F|63\/100 psn\n|switch|p1b: Landorus|Landorus-Therian, M|39\/100\n|-ability|p1b: Landorus|Intimidate|boost\n|-unboost|p2a: NEVADA|atk|1\n|-unboost|p2b: ORBS|atk|1\n|turn|15\n|inactive|Kaif\u2606\u5f61Plays\u2657 has 150 seconds left.\n|\n|t:|1699822001\n|switch|p2a: I HATE MYSELF|Roaring Moon, shiny|45\/100\n|-status|p2a: I HATE MYSELF|tox\n|move|p2b: ORBS|Spiky Shield|p2b: ORBS\n|-singleturn|p2b: ORBS|move: Protect\n|move|p1b: Landorus|Rock Slide|p2a: I HATE MYSELF|[spread] p2a\n|-activate|p2b: ORBS|move: Protect\n|-damage|p2a: I HATE MYSELF|19\/100 tox\n|move|p1a: Glimmora|Sludge Bomb|p2b: ORBS\n|-activate|p2b: ORBS|move: Protect\n|\n|-damage|p2a: I HATE MYSELF|13\/100 tox|[from] psn\n|-damage|p2b: ORBS|51\/100 psn|[from] psn\n|upkeep\n|turn|16\n|inactive|goodbyehope has 120 seconds left.\n|inactive|Kaif\u2606\u5f61Plays\u2657 has 150 seconds left.\n|inactive|Kaif\u2606\u5f61Plays\u2657 has 120 seconds left.\n|\n|t:|1699822069\n|move|p1b: Landorus|Rock Slide|p2a: I HATE MYSELF|[spread] p2a,p2b\n|-damage|p2a: I HATE MYSELF|0 fnt\n|-damage|p2b: ORBS|35\/100 psn\n|faint|p2a: I HATE MYSELF\n|-end|p2a: I HATE MYSELF|Protosynthesis|[silent]\n|move|p2b: ORBS|Ivy Cudgel|p1a: Glimmora\n|-supereffective|p1a: Glimmora\n|-damage|p1a: Glimmora|0 fnt\n|faint|p1a: Glimmora\n|\n|-damage|p2b: ORBS|22\/100 psn|[from] psn\n|upkeep\n|inactive|goodbyehope has 120 seconds left.\n|\n|t:|1699822078\n|switch|p2a: NEVADA|Arcanine-Hisui, M, shiny|42\/100 psn\n|switch|p1a: Kingambit|Kingambit, F|100\/100\n|-ability|p2a: NEVADA|Intimidate|boost\n|-unboost|p1a: Kingambit|atk|1\n|-ability|p1a: Kingambit|Defiant|boost\n|-boost|p1a: Kingambit|atk|2\n|-unboost|p1b: Landorus|atk|1\n|turn|17\n|inactive|goodbyehope has 120 seconds left.\n|inactive|Kaif\u2606\u5f61Plays\u2657 has 120 seconds left.\n|\n|t:|1699822131\n|move|p1a: Kingambit|Sucker Punch|p2b: ORBS\n|-damage|p2b: ORBS|0 fnt\n|faint|p2b: ORBS\n|move|p1b: Landorus|Rock Slide|p2a: NEVADA\n|-supereffective|p2a: NEVADA\n|-damage|p2a: NEVADA|0 fnt\n|faint|p2a: NEVADA\n|\n|win|Kaif\u2606\u5f61Plays\u2657\n|c|\u2606Kaif\u2606\u5f61Plays\u2657|gg\n|l| Papiloco\n|l| Vertigo\n|c|\u2606goodbyehope|gg!\n","uploadtime":1699822142,"views":129,"p1id":"kaifplays","p2id":"goodbyehope","formatid":"gen9doublesou","rating":0,"private":0,"password":""}