{"id":"gen9doublesou-1999960141","p1":"DeeGaming","p2":"ShinichiY","format":"[Gen 9] Doubles OU","log":"|j|\u2606DeeGaming\n|j|\u2606ShinichiY\n|t:|1701134806\n|gametype|doubles\n|player|p1|DeeGaming|unknown|1420\n|player|p2|ShinichiY|n|1357\n|teamsize|p1|6\n|teamsize|p2|6\n|gen|9\n|tier|[Gen 9] Doubles OU\n|rated|\n|rule|Species Clause: Limit one of each Pok\u00e9mon\n|rule|OHKO Clause: OHKO moves are banned\n|rule|Evasion Moves Clause: Evasion moves are banned\n|rule|Gravity Sleep Clause: The combination of sleep-inducing moves with imperfect accuracy and Gravity or Gigantamax Orbeetle are banned\n|rule|Endless Battle Clause: Forcing endless battles is banned\n|rule|HP Percentage Mod: HP is shown in percentages\n|clearpoke\n|poke|p1|Kommo-o, M|\n|poke|p1|Sinistcha-Masterpiece|\n|poke|p1|Flutter Mane|\n|poke|p1|Chi-Yu|\n|poke|p1|Tornadus, M|\n|poke|p1|Ogerpon-Wellspring, F|\n|poke|p2|Torkoal, F|\n|poke|p2|Typhlosion-Hisui, F|\n|poke|p2|Lilligant-Hisui, F|\n|poke|p2|Arcanine-Hisui, M|\n|poke|p2|Walking Wake|\n|poke|p2|Ogerpon-Hearthflame, F|\n|teampreview\n|inactive|Battle timer is ON: inactive players will automatically lose when time's up. (requested by ShinichiY)\n|inactive|DeeGaming has 120 seconds left.\n|\n|t:|1701134846\n|start\n|switch|p1a: Gay Bowser|Kommo-o, M|100\/100\n|switch|p1b: Dream Stan|Ogerpon-Wellspring, F|100\/100\n|switch|p2a: Torkoal|Torkoal, F|100\/100\n|switch|p2b: Lilligant|Lilligant-Hisui, F|100\/100\n|-weather|SunnyDay|[from] ability: Drought|[of] p2a: Torkoal\n|turn|1\n|\n|t:|1701134857\n|move|p1b: Dream Stan|Spiky Shield|p1b: Dream Stan\n|-singleturn|p1b: Dream Stan|move: Protect\n|move|p2b: Lilligant|Victory Dance|p2b: Lilligant\n|-boost|p2b: Lilligant|atk|1\n|-boost|p2b: Lilligant|def|1\n|-boost|p2b: Lilligant|spe|1\n|move|p1a: Gay Bowser|Clangorous Soul|p1a: Gay Bowser\n|-boost|p1a: Gay Bowser|atk|1\n|-boost|p1a: Gay Bowser|def|1\n|-boost|p1a: Gay Bowser|spa|1\n|-boost|p1a: Gay Bowser|spd|1\n|-boost|p1a: Gay Bowser|spe|1\n|-damage|p1a: Gay Bowser|68\/100\n|move|p2a: Torkoal|Stealth Rock|p1a: Gay Bowser\n|-sidestart|p1: DeeGaming|move: Stealth Rock\n|\n|-weather|SunnyDay|[upkeep]\n|upkeep\n|turn|2\n|\n|t:|1701134881\n|move|p2b: Lilligant|Axe Kick|p1a: Gay Bowser\n|-damage|p1a: Gay Bowser|8\/100\n|-enditem|p1a: Gay Bowser|Sitrus Berry|[eat]\n|-heal|p1a: Gay Bowser|33\/100|[from] item: Sitrus Berry\n|move|p1a: Gay Bowser|Drain Punch|p2a: Torkoal\n|-crit|p2a: Torkoal\n|-damage|p2a: Torkoal|54\/100\n|-heal|p1a: Gay Bowser|60\/100|[from] drain|[of] p2a: Torkoal\n|move|p1b: Dream Stan|Ivy Cudgel|p2a: Torkoal|[anim] Ivy Cudgel Water\n|-supereffective|p2a: Torkoal\n|-damage|p2a: Torkoal|19\/100\n|move|p2a: Torkoal|Body Press|p1b: Dream Stan\n|-damage|p1b: Dream Stan|57\/100\n|\n|-weather|SunnyDay|[upkeep]\n|upkeep\n|turn|3\n|\n|t:|1701134903\n|move|p2a: Torkoal|Helping Hand|p2b: Lilligant\n|-singleturn|p2b: Lilligant|Helping Hand|[of] p2a: Torkoal\n|move|p1b: Dream Stan|Follow Me|p1b: Dream Stan\n|-singleturn|p1b: Dream Stan|move: Follow Me\n|move|p2b: Lilligant|Axe Kick|p1b: Dream Stan\n|-damage|p1b: Dream Stan|0 fnt\n|faint|p1b: Dream Stan\n|move|p1a: Gay Bowser|Dragon Claw|p2b: Lilligant\n|-damage|p2b: Lilligant|44\/100\n|\n|-weather|SunnyDay|[upkeep]\n|-heal|p2b: Lilligant|50\/100|[from] item: Leftovers\n|upkeep\n|\n|t:|1701134914\n|switch|p1b: Air Island|Tornadus, M|100\/100\n|-damage|p1b: Air Island|76\/100|[from] Stealth Rock\n|turn|4\n|\n|t:|1701134929\n|move|p2a: Torkoal|Helping Hand|p2b: Lilligant\n|-singleturn|p2b: Lilligant|Helping Hand|[of] p2a: Torkoal\n|move|p2b: Lilligant|Tera Blast|p1b: Air Island\n|-damage|p1b: Air Island|59\/100\n|move|p1a: Gay Bowser|Dragon Claw|p2b: Lilligant\n|-damage|p2b: Lilligant|0 fnt\n|faint|p2b: Lilligant\n|move|p1b: Air Island|Bleakwind Storm|p2a: Torkoal|[miss]\n|-miss|p1b: Air Island|p2a: Torkoal\n|\n|-weather|SunnyDay|[upkeep]\n|upkeep\n|\n|t:|1701134948\n|switch|p2b: Typhlosion|Typhlosion-Hisui, F|100\/100\n|-item|p1b: Air Island|Covert Cloak|[from] ability: Frisk|[of] p2b: Typhlosion|[identify]\n|turn|5\n|\n|t:|1701134955\n|move|p2a: Torkoal|Helping Hand|p2b: Typhlosion\n|-singleturn|p2b: Typhlosion|Helping Hand|[of] p2a: Torkoal\n|move|p1b: Air Island|Taunt|p2a: Torkoal\n|-start|p2a: Torkoal|move: Taunt\n|move|p2b: Typhlosion|Eruption|p1a: Gay Bowser|[spread] p1a,p1b\n|-resisted|p1a: Gay Bowser\n|-damage|p1a: Gay Bowser|12\/100\n|-damage|p1b: Air Island|0 fnt\n|faint|p1b: Air Island\n|move|p1a: Gay Bowser|Dragon Claw|p2b: Typhlosion\n|-damage|p2b: Typhlosion|23\/100\n|\n|-weather|SunnyDay|[upkeep]\n|upkeep\n|\n|t:|1701134973\n|switch|p1b: Pheesh|Chi-Yu|100\/100\n|-damage|p1b: Pheesh|76\/100|[from] Stealth Rock\n|-ability|p1b: Pheesh|Beads of Ruin\n|turn|6\n|\n|t:|1701134994\n|move|p2b: Typhlosion|Eruption|p1b: Pheesh|[spread] p1a,p1b\n|-resisted|p1a: Gay Bowser\n|-resisted|p1b: Pheesh\n|-damage|p1a: Gay Bowser|4\/100\n|-damage|p1b: Pheesh|65\/100\n|move|p1a: Gay Bowser|Dragon Claw|p2b: Typhlosion\n|-damage|p2b: Typhlosion|0 fnt\n|faint|p2b: Typhlosion\n|move|p1b: Pheesh|Heat Wave|p2a: Torkoal\n|-resisted|p2a: Torkoal\n|-damage|p2a: Torkoal|0 fnt\n|faint|p2a: Torkoal\n|\n|-weather|SunnyDay|[upkeep]\n|upkeep\n|inactive|ShinichiY has 120 seconds left.\n|\n|t:|1701135020\n|switch|p2b: Ogerpon|Ogerpon-Hearthflame, F|100\/100\n|switch|p2a: Walking Wake|Walking Wake|100\/100\n|-ability|p2b: Ogerpon|Mold Breaker\n|-activate|p2a: Walking Wake|ability: Protosynthesis\n|-start|p2a: Walking Wake|protosynthesisspa\n|turn|7\n|\n|t:|1701135034\n|move|p2b: Ogerpon|Spiky Shield|p2b: Ogerpon\n|-singleturn|p2b: Ogerpon|move: Protect\n|move|p1a: Gay Bowser|Dragon Claw|p2a: Walking Wake\n|-supereffective|p2a: Walking Wake\n|-damage|p2a: Walking Wake|0 fnt\n|faint|p2a: Walking Wake\n|-end|p2a: Walking Wake|Protosynthesis|[silent]\n|move|p1b: Pheesh|Heat Wave|p2b: Ogerpon\n|-activate|p2b: Ogerpon|move: Protect\n|\n|-weather|SunnyDay|[upkeep]\n|upkeep\n|\n|t:|1701135043\n|switch|p2a: Arcanine|Arcanine-Hisui, M|100\/100\n|turn|8\n|inactive|ShinichiY has 120 seconds left.\n|\n|t:|1701135088\n|move|p1a: Gay Bowser|Drain Punch|p2a: Arcanine\n|-supereffective|p2a: Arcanine\n|-damage|p2a: Arcanine|0 fnt\n|-heal|p1a: Gay Bowser|60\/100|[from] drain|[of] p2a: Arcanine\n|faint|p2a: Arcanine\n|move|p2b: Ogerpon|Ivy Cudgel|p1a: Gay Bowser|[anim] Ivy Cudgel Fire\n|-resisted|p1a: Gay Bowser\n|-damage|p1a: Gay Bowser|32\/100\n|move|p1b: Pheesh|Heat Wave|p2b: Ogerpon\n|-damage|p2b: Ogerpon|0 fnt\n|faint|p2b: Ogerpon\n|\n|win|DeeGaming\n|raw|DeeGaming's rating: 1420 &rarr; <strong>1436<\/strong><br \/>(+16 for winning)\n|raw|ShinichiY's rating: 1357 &rarr; <strong>1341<\/strong><br \/>(-16 for losing)\n","uploadtime":1701135100,"views":26,"p1id":"deegaming","p2id":"shinichiy","formatid":"gen9doublesou","rating":1341,"private":0,"password":""}