{"id":"gen9doublesou-1985194593","p1":"80lpos31don","p2":"RLisanidiot","format":"[Gen 9] Doubles OU","log":"|j|\u260680lpos31don\n|j|\u2606RLisanidiot\n|t:|1699346646\n|gametype|doubles\n|player|p1|80lpos31don|169|1261\n|player|p2|RLisanidiot|cynthia-masters|1249\n|teamsize|p1|6\n|teamsize|p2|6\n|gen|9\n|tier|[Gen 9] Doubles OU\n|rated|\n|rule|Species Clause: Limit one of each Pok\u00e9mon\n|rule|OHKO Clause: OHKO moves are banned\n|rule|Evasion Moves Clause: Evasion moves are banned\n|rule|Gravity Sleep Clause: The combination of sleep-inducing moves with imperfect accuracy and Gravity or Gigantamax Orbeetle are banned\n|rule|Endless Battle Clause: Forcing endless battles is banned\n|rule|HP Percentage Mod: HP is shown in percentages\n|clearpoke\n|poke|p1|Murkrow, F|\n|poke|p1|Torkoal, M|\n|poke|p1|Typhlosion-Hisui, F|\n|poke|p1|Arcanine-Hisui, M|\n|poke|p1|Walking Wake|\n|poke|p1|Zoroark-Hisui, M|\n|poke|p2|Ninetales-Alola, F|\n|poke|p2|Chien-Pao|\n|poke|p2|Flutter Mane|\n|poke|p2|Tornadus, M|\n|poke|p2|Pachirisu, M|\n|poke|p2|Rillaboom, M|\n|teampreview\n|inactive|Battle timer is ON: inactive players will automatically lose when time's up. (requested by RLisanidiot)\n|\n|t:|1699346662\n|start\n|switch|p1a: Murkrow|Murkrow, F|100\/100\n|switch|p1b: Torkoal|Torkoal, M|100\/100\n|switch|p2a: Ninetales|Ninetales-Alola, F, shiny|100\/100\n|switch|p2b: Chien-Pao|Chien-Pao|100\/100\n|-weather|Snow|[from] ability: Snow Warning|[of] p2a: Ninetales\n|-ability|p2b: Chien-Pao|Sword of Ruin\n|-weather|SunnyDay|[from] ability: Drought|[of] p1b: Torkoal\n|turn|1\n|\n|t:|1699346682\n|-terastallize|p2b: Chien-Pao|Electric\n|move|p2a: Ninetales|Helping Hand|p2b: Chien-Pao\n|-singleturn|p2b: Chien-Pao|Helping Hand|[of] p2a: Ninetales\n|move|p1a: Murkrow|Taunt|p2a: Ninetales\n|-start|p2a: Ninetales|move: Taunt\n|move|p2b: Chien-Pao|Tera Blast|p1b: Torkoal|[anim] Tera Blast Electric\n|-damage|p1b: Torkoal|46\/100\n|move|p1b: Torkoal|Eruption|p2b: Chien-Pao|[spread] p2a,p2b\n|-supereffective|p2a: Ninetales\n|-damage|p2a: Ninetales|40\/100\n|-damage|p2b: Chien-Pao|73\/100\n|\n|-weather|SunnyDay|[upkeep]\n|upkeep\n|turn|2\n|\n|t:|1699346701\n|move|p1a: Murkrow|Tailwind|p1a: Murkrow\n|-sidestart|p1: 80lpos31don|move: Tailwind\n|move|p2a: Ninetales|Icy Wind|p1b: Torkoal|[spread] p1a,p1b\n|-supereffective|p1a: Murkrow\n|-resisted|p1b: Torkoal\n|-damage|p1a: Murkrow|76\/100\n|-damage|p1b: Torkoal|37\/100\n|-unboost|p1a: Murkrow|spe|1\n|-unboost|p1b: Torkoal|spe|1\n|move|p2b: Chien-Pao|Tera Blast|p1b: Torkoal|[anim] Tera Blast Electric\n|-damage|p1b: Torkoal|5\/100\n|move|p1b: Torkoal|Stealth Rock|p2a: Ninetales\n|-sidestart|p2: RLisanidiot|move: Stealth Rock\n|\n|-weather|SunnyDay|[upkeep]\n|upkeep\n|turn|3\n|inactive|80lpos31don has 120 seconds left.\n|\n|t:|1699346732\n|move|p2a: Ninetales|Icy Wind|p1a: Murkrow|[spread] p1a,p1b\n|-supereffective|p1a: Murkrow\n|-resisted|p1b: Torkoal\n|-damage|p1a: Murkrow|53\/100\n|-damage|p1b: Torkoal|0 fnt\n|-unboost|p1a: Murkrow|spe|1\n|faint|p1b: Torkoal\n|move|p2b: Chien-Pao|Tera Blast|p1a: Murkrow|[anim] Tera Blast Electric\n|-supereffective|p1a: Murkrow\n|-damage|p1a: Murkrow|0 fnt\n|faint|p1a: Murkrow\n|\n|-weather|SunnyDay|[upkeep]\n|upkeep\n|inactive|80lpos31don has 120 seconds left.\n|\n|t:|1699346753\n|switch|p1a: Typhlosion|Typhlosion-Hisui, F, shiny|100\/100\n|switch|p1b: Arcanine|Arcanine-Hisui, M, shiny|100\/100\n|-item|p2a: Ninetales|Light Clay|[from] ability: Frisk|[of] p1a: Typhlosion|[identify]\n|-item|p2b: Chien-Pao|Assault Vest|[from] ability: Frisk|[of] p1a: Typhlosion|[identify]\n|-ability|p1b: Arcanine|Intimidate|boost\n|-unboost|p2a: Ninetales|atk|1\n|-unboost|p2b: Chien-Pao|atk|1\n|turn|4\n|\n|t:|1699346763\n|switch|p2a: Tornadus|Tornadus, M|100\/100\n|-damage|p2a: Tornadus|76\/100|[from] Stealth Rock\n|move|p2b: Chien-Pao|Sucker Punch|p1a: Typhlosion\n|-supereffective|p1a: Typhlosion\n|-damage|p1a: Typhlosion|8\/100\n|move|p1a: Typhlosion|Eruption|p2b: Chien-Pao|[spread] p2a,p2b\n|-crit|p2a: Tornadus\n|-damage|p2a: Tornadus|62\/100\n|-damage|p2b: Chien-Pao|65\/100\n|move|p1b: Arcanine|Rock Slide|p2b: Chien-Pao|[spread] p2a\n|-miss|p1b: Arcanine|p2b: Chien-Pao\n|-supereffective|p2a: Tornadus\n|-damage|p2a: Tornadus|0 fnt\n|faint|p2a: Tornadus\n|\n|-weather|SunnyDay|[upkeep]\n|upkeep\n|\n|t:|1699346776\n|switch|p2a: Ninetales|Ninetales-Alola, F, shiny|40\/100\n|-damage|p2a: Ninetales|15\/100|[from] Stealth Rock\n|-weather|Snow|[from] ability: Snow Warning|[of] p2a: Ninetales\n|turn|5\n|\n|t:|1699346792\n|move|p1a: Typhlosion|Eruption|p2a: Ninetales|[spread] p2a,p2b\n|-supereffective|p2a: Ninetales\n|-damage|p2a: Ninetales|2\/100\n|-damage|p2b: Chien-Pao|60\/100\n|move|p1b: Arcanine|Rock Slide|p2b: Chien-Pao|[spread] p2a,p2b\n|-supereffective|p2a: Ninetales\n|-damage|p2a: Ninetales|0 fnt\n|-damage|p2b: Chien-Pao|15\/100\n|faint|p2a: Ninetales\n|move|p2b: Chien-Pao|Sacred Sword|p1b: Arcanine\n|-supereffective|p1b: Arcanine\n|-damage|p1b: Arcanine|41\/100\n|\n|-weather|Snow|[upkeep]\n|-sideend|p1: 80lpos31don|move: Tailwind\n|upkeep\n|\n|t:|1699346806\n|switch|p2a: Pachirisu|Pachirisu, M|100\/100\n|-damage|p2a: Pachirisu|88\/100|[from] Stealth Rock\n|turn|6\n|\n|t:|1699346811\n|move|p2b: Chien-Pao|Sacred Sword|p1b: Arcanine\n|-supereffective|p1b: Arcanine\n|-damage|p1b: Arcanine|0 fnt\n|faint|p1b: Arcanine\n|move|p1a: Typhlosion|Eruption|p2a: Pachirisu|[spread] p2a,p2b\n|-damage|p2a: Pachirisu|82\/100\n|-damage|p2b: Chien-Pao|10\/100\n|move|p2a: Pachirisu|Nuzzle|p1a: Typhlosion\n|-damage|p1a: Typhlosion|0 fnt\n|faint|p1a: Typhlosion\n|\n|-weather|Snow|[upkeep]\n|upkeep\n|\n|t:|1699346814\n|switch|p1a: Walking Wake|Walking Wake|100\/100\n|switch|p1b: Zoroark|Zoroark-Hisui, M, shiny|100\/100\n|turn|7\n|\n|t:|1699346829\n|-terastallize|p1a: Walking Wake|Water\n|move|p2b: Chien-Pao|Sucker Punch|p1b: Zoroark\n|-supereffective|p1b: Zoroark\n|-damage|p1b: Zoroark|0 fnt\n|faint|p1b: Zoroark\n|move|p1a: Walking Wake|Hydro Steam|p2b: Chien-Pao\n|-damage|p2b: Chien-Pao|0 fnt\n|faint|p2b: Chien-Pao\n|move|p2a: Pachirisu|Nuzzle|p1a: Walking Wake\n|-supereffective|p1a: Walking Wake\n|-damage|p1a: Walking Wake|91\/100\n|-status|p1a: Walking Wake|par\n|\n|-weather|Snow|[upkeep]\n|upkeep\n|-message|80lpos31don forfeited.\n|\n|win|RLisanidiot\n|raw|80lpos31don's rating: 1261 &rarr; <strong>1235<\/strong><br \/>(-26 for losing)\n|raw|RLisanidiot's rating: 1249 &rarr; <strong>1275<\/strong><br \/>(+26 for winning)\n|l|\u260680lpos31don\n","uploadtime":1699346848,"views":21,"p1id":"80lpos31don","p2id":"rlisanidiot","formatid":"gen9doublesou","rating":1235,"private":0,"password":""}