{"id":"gen9doublesou-1981816232","p1":"mikeyuwu","p2":"Inimicus2000","format":"[Gen 9] Doubles OU","log":"|j|\u2606mikeyuwu\n|j|\u2606Inimicus2000\n|t:|1698943775\n|gametype|doubles\n|player|p1|mikeyuwu|psychic-gen4|1186\n|player|p2|Inimicus2000|2|1191\n|teamsize|p1|6\n|teamsize|p2|6\n|gen|9\n|tier|[Gen 9] Doubles OU\n|rated|\n|rule|Species Clause: Limit one of each Pok\u00e9mon\n|rule|OHKO Clause: OHKO moves are banned\n|rule|Evasion Moves Clause: Evasion moves are banned\n|rule|Gravity Sleep Clause: The combination of sleep-inducing moves with imperfect accuracy and Gravity or Gigantamax Orbeetle are banned\n|rule|Endless Battle Clause: Forcing endless battles is banned\n|rule|HP Percentage Mod: HP is shown in percentages\n|clearpoke\n|poke|p1|Garchomp, M|\n|poke|p1|Tyranitar, F|\n|poke|p1|Vaporeon, F|\n|poke|p1|Toxicroak, M|\n|poke|p1|Pelipper, F|\n|poke|p1|Abomasnow, M|\n|poke|p2|Pelipper, F|\n|poke|p2|Basculegion-F, F|\n|poke|p2|Amoonguss, F|\n|poke|p2|Volcanion|\n|poke|p2|Dragonite, M|\n|poke|p2|Thundurus, M|\n|teampreview\n|inactive|Battle timer is ON: inactive players will automatically lose when time's up. (requested by Inimicus2000)\n|\n|t:|1698943787\n|start\n|switch|p1a: OTLHPM|Toxicroak, M|100\/100\n|switch|p1b: Harmacy|Vaporeon, F|100\/100\n|switch|p2a: Volcanion|Volcanion|100\/100\n|switch|p2b: Thundurus|Thundurus, M|100\/100\n|turn|1\n|\n|t:|1698943801\n|switch|p1a: ThcrThnSnkr|Tyranitar, F|100\/100\n|-weather|Sandstorm|[from] ability: Sand Stream|[of] p1a: ThcrThnSnkr\n|move|p2b: Thundurus|Nasty Plot|p2b: Thundurus\n|-boost|p2b: Thundurus|spa|2\n|move|p1b: Harmacy|Weather Ball|p2a: Volcanion\n|-supereffective|p2a: Volcanion\n|-damage|p2a: Volcanion|64\/100\n|move|p2a: Volcanion|Will-O-Wisp|p1a: ThcrThnSnkr\n|-status|p1a: ThcrThnSnkr|brn\n|\n|-weather|Sandstorm|[upkeep]\n|-damage|p2b: Thundurus|94\/100|[from] Sandstorm\n|-damage|p1b: Harmacy|94\/100|[from] Sandstorm\n|-damage|p2a: Volcanion|58\/100|[from] Sandstorm\n|-heal|p1b: Harmacy|100\/100|[from] item: Leftovers\n|-damage|p1a: ThcrThnSnkr|94\/100 brn|[from] brn\n|upkeep\n|turn|2\n|\n|t:|1698943828\n|switch|p2a: Pelipper|Pelipper, F, shiny|100\/100\n|-weather|RainDance|[from] ability: Drizzle|[of] p2a: Pelipper\n|move|p2b: Thundurus|Thunder|p1a: ThcrThnSnkr\n|-damage|p1a: ThcrThnSnkr|48\/100 brn\n|move|p1a: ThcrThnSnkr|Rock Slide|p2a: Pelipper|[spread] p2a,p2b\n|-supereffective|p2a: Pelipper\n|-supereffective|p2b: Thundurus\n|-damage|p2a: Pelipper|82\/100\n|-damage|p2b: Thundurus|59\/100\n|move|p1b: Harmacy|Weather Ball|p2b: Thundurus\n|-damage|p2b: Thundurus|0 fnt\n|faint|p2b: Thundurus\n|\n|-weather|RainDance|[upkeep]\n|-damage|p1a: ThcrThnSnkr|42\/100 brn|[from] brn\n|upkeep\n|inactive|Inimicus2000 has 120 seconds left.\n|\n|t:|1698943850\n|switch|p2b: Dragonite|Dragonite, M|100\/100\n|turn|3\n|\n|t:|1698943858\n|switch|p1a: Weather War|Pelipper, F|100\/100\n|switch|p2a: Amoonguss|Amoonguss, F|100\/100\n|-terastallize|p2b: Dragonite|Dragon\n|move|p2b: Dragonite|Dragon Dance|p2b: Dragonite\n|-boost|p2b: Dragonite|atk|1\n|-boost|p2b: Dragonite|spe|1\n|move|p1b: Harmacy|Icy Wind|p2a: Amoonguss|[spread] p2a,p2b\n|-supereffective|p2a: Amoonguss\n|-supereffective|p2b: Dragonite\n|-damage|p2a: Amoonguss|87\/100\n|-damage|p2b: Dragonite|89\/100\n|-unboost|p2a: Amoonguss|spe|1\n|-unboost|p2b: Dragonite|spe|1\n|\n|-weather|RainDance|[upkeep]\n|-heal|p2a: Amoonguss|93\/100|[from] item: Leftovers\n|upkeep\n|turn|4\n|\n|t:|1698943879\n|switch|p1a: Cold Shoulder|Abomasnow, M, shiny|100\/100\n|-weather|Snow|[from] ability: Snow Warning|[of] p1a: Cold Shoulder\n|move|p2b: Dragonite|Dragon Dance|p2b: Dragonite\n|-boost|p2b: Dragonite|atk|1\n|-boost|p2b: Dragonite|spe|1\n|move|p1b: Harmacy|Icy Wind|p2a: Amoonguss|[spread] p2a,p2b\n|-supereffective|p2a: Amoonguss\n|-supereffective|p2b: Dragonite\n|-damage|p2a: Amoonguss|81\/100\n|-damage|p2b: Dragonite|68\/100\n|-unboost|p2a: Amoonguss|spe|1\n|-unboost|p2b: Dragonite|spe|1\n|move|p2a: Amoonguss|Spore|p1b: Harmacy\n|-status|p1b: Harmacy|slp|[from] move: Spore\n|\n|-weather|Snow|[upkeep]\n|-heal|p2a: Amoonguss|87\/100|[from] item: Leftovers\n|upkeep\n|turn|5\n|\n|t:|1698943906\n|switch|p2a: Pelipper|Pelipper, F, shiny|82\/100\n|-weather|RainDance|[from] ability: Drizzle|[of] p2a: Pelipper\n|move|p2b: Dragonite|Dragon Claw|p1a: Cold Shoulder\n|-damage|p1a: Cold Shoulder|0 fnt\n|faint|p1a: Cold Shoulder\n|cant|p1b: Harmacy|slp\n|\n|-weather|RainDance|[upkeep]\n|-activate|p1b: Harmacy|ability: Hydration\n|-curestatus|p1b: Harmacy|slp|[msg]\n|upkeep\n|\n|t:|1698943918\n|switch|p1a: OTLHPM|Toxicroak, M|100\/100\n|turn|6\n|\n|t:|1698943947\n|switch|p1a: ThcrThnSnkr|Tyranitar, F|42\/100 brn\n|-weather|Sandstorm|[from] ability: Sand Stream|[of] p1a: ThcrThnSnkr\n|switch|p2a: Volcanion|Volcanion|58\/100\n|move|p2b: Dragonite|Dragon Claw|p1b: Harmacy\n|-damage|p1b: Harmacy|11\/100\n|move|p1b: Harmacy|Icy Wind|p2b: Dragonite|[spread] p2a,p2b\n|-resisted|p2a: Volcanion\n|-supereffective|p2b: Dragonite\n|-damage|p2a: Volcanion|56\/100\n|-damage|p2b: Dragonite|45\/100\n|-unboost|p2a: Volcanion|spe|1\n|-unboost|p2b: Dragonite|spe|1\n|\n|-weather|Sandstorm|[upkeep]\n|-damage|p2b: Dragonite|39\/100|[from] Sandstorm\n|-damage|p1b: Harmacy|5\/100|[from] Sandstorm\n|-damage|p2a: Volcanion|50\/100|[from] Sandstorm\n|-heal|p1b: Harmacy|11\/100|[from] item: Leftovers\n|-damage|p1a: ThcrThnSnkr|36\/100 brn|[from] brn\n|upkeep\n|turn|7\n|inactive|Inimicus2000 has 120 seconds left.\n|inactive|Inimicus2000 has 90 seconds left.\n|c|\u2606Inimicus2000|!weakness tyranitar\n|c| Inimicus2000|\/raw <div class=\"infobox\">Tyranitar (ignoring abilities):<br \/><span class=\"message-effect-weak\">Weaknesses<\/span>: Bug, Fairy, <b>Fighting<\/b>, Grass, Ground, Steel, Water<br \/><span class=\"message-effect-resist\">Resistances<\/span>: Dark, Fire, Flying, Ghost, Normal, Poison<br \/><span class=\"message-effect-immune\">Immunities<\/span>: Psychic, Prankster, Sandstorm damage<\/div>\n|\n|t:|1698944024\n|move|p2b: Dragonite|Extreme Speed|p1b: Harmacy\n|-damage|p1b: Harmacy|0 fnt\n|faint|p1b: Harmacy\n|move|p1a: ThcrThnSnkr|Rock Slide|p2b: Dragonite|[spread] p2a,p2b\n|-supereffective|p2a: Volcanion\n|-damage|p2a: Volcanion|32\/100\n|-damage|p2b: Dragonite|25\/100\n|-enditem|p2b: Dragonite|Aguav Berry|[eat]\n|-heal|p2b: Dragonite|58\/100|[from] item: Aguav Berry\n|move|p2a: Volcanion|Hydro Pump|p1a: ThcrThnSnkr|[miss]\n|-miss|p2a: Volcanion|p1a: ThcrThnSnkr\n|\n|-weather|Sandstorm|[upkeep]\n|-damage|p2b: Dragonite|52\/100|[from] Sandstorm\n|-damage|p2a: Volcanion|26\/100|[from] Sandstorm\n|-damage|p1a: ThcrThnSnkr|30\/100 brn|[from] brn\n|upkeep\n|c|\u2606mikeyuwu|She alsp has 738 spd in ssnd\n|\n|t:|1698944038\n|switch|p1b: Extra Spicy|Garchomp, M|100\/100\n|turn|8\n|inactive|Inimicus2000 has 90 seconds left.\n|\n|t:|1698944055\n|move|p2b: Dragonite|Extreme Speed|p1b: Extra Spicy\n|-damage|p1b: Extra Spicy|61\/100\n|-damage|p2b: Dragonite|39\/100|[from] ability: Rough Skin|[of] p1b: Extra Spicy\n|-damage|p2b: Dragonite|23\/100|[from] item: Rocky Helmet|[of] p1b: Extra Spicy\n|move|p1b: Extra Spicy|Poison Jab|p2b: Dragonite\n|-damage|p2b: Dragonite|0 fnt\n|faint|p2b: Dragonite\n|move|p1a: ThcrThnSnkr|Rock Slide|p2a: Volcanion|[miss]\n|-miss|p1a: ThcrThnSnkr|p2a: Volcanion\n|move|p2a: Volcanion|Will-O-Wisp|p1b: Extra Spicy\n|-status|p1b: Extra Spicy|brn\n|\n|-weather|Sandstorm|[upkeep]\n|-damage|p2a: Volcanion|20\/100|[from] Sandstorm\n|-enditem|p2a: Volcanion|Aguav Berry|[eat]\n|-heal|p2a: Volcanion|53\/100|[from] item: Aguav Berry\n|-damage|p1b: Extra Spicy|55\/100 brn|[from] brn\n|-damage|p1a: ThcrThnSnkr|24\/100 brn|[from] brn\n|upkeep\n|inactive|Inimicus2000 has 90 seconds left.\n|\n|t:|1698944075\n|switch|p2b: Basculegion|Basculegion-F, F|100\/100\n|turn|9\n|inactive|Inimicus2000 has 90 seconds left.\n|\n|t:|1698944092\n|move|p2b: Basculegion|Surf|p1b: Extra Spicy|[spread] p1a,p1b\n|-heal|p2a: Volcanion|78\/100|[from] ability: Water Absorb|[of] p2b: Basculegion\n|-supereffective|p1a: ThcrThnSnkr\n|-damage|p1a: ThcrThnSnkr|0 fnt\n|-damage|p1b: Extra Spicy|12\/100 brn\n|faint|p1a: ThcrThnSnkr\n|move|p1b: Extra Spicy|Poison Jab|p2a: Volcanion\n|-damage|p2a: Volcanion|68\/100\n|-status|p2a: Volcanion|psn\n|move|p2a: Volcanion|Hydro Pump|p1b: Extra Spicy\n|-damage|p1b: Extra Spicy|0 fnt\n|faint|p1b: Extra Spicy\n|\n|-weather|Sandstorm|[upkeep]\n|-damage|p2b: Basculegion|94\/100|[from] Sandstorm\n|-damage|p2a: Volcanion|62\/100 psn|[from] Sandstorm\n|-damage|p2a: Volcanion|50\/100 psn|[from] psn\n|upkeep\n|\n|t:|1698944097\n|switch|p1b: Weather War|Pelipper, F|100\/100\n|switch|p1a: OTLHPM|Toxicroak, M|100\/100\n|-weather|RainDance|[from] ability: Drizzle|[of] p1b: Weather War\n|turn|10\n|\n|t:|1698944111\n|move|p2b: Basculegion|Surf|p1b: Weather War|[spread] p1b\n|-heal|p2a: Volcanion|75\/100 psn|[from] ability: Water Absorb|[of] p2b: Basculegion\n|-immune|p1a: OTLHPM|[from] ability: Dry Skin\n|-resisted|p1b: Weather War\n|-damage|p1b: Weather War|51\/100\n|move|p1a: OTLHPM|Earthquake|p2a: Volcanion|[spread] p2a,p2b\n|-immune|p1b: Weather War\n|-supereffective|p2a: Volcanion\n|-damage|p2a: Volcanion|35\/100 psn\n|-damage|p2b: Basculegion|61\/100\n|move|p1b: Weather War|Hurricane|p2b: Basculegion\n|-damage|p2b: Basculegion|19\/100\n|move|p2a: Volcanion|Will-O-Wisp|p1a: OTLHPM\n|-status|p1a: OTLHPM|brn\n|\n|-weather|RainDance|[upkeep]\n|-damage|p2a: Volcanion|23\/100 psn|[from] psn\n|-damage|p1a: OTLHPM|94\/100 brn|[from] brn\n|upkeep\n|turn|11\n|inactive|Inimicus2000 has 120 seconds left.\n|\n|t:|1698944141\n|switch|p2b: Amoonguss|Amoonguss, F|87\/100\n|move|p1a: OTLHPM|Earthquake|p2b: Amoonguss|[spread] p2a,p2b\n|-immune|p1b: Weather War\n|-supereffective|p2a: Volcanion\n|-damage|p2a: Volcanion|2\/100 psn\n|-damage|p2b: Amoonguss|74\/100\n|move|p1b: Weather War|Hurricane|p2b: Amoonguss\n|-supereffective|p2b: Amoonguss\n|-damage|p2b: Amoonguss|24\/100\n|move|p2a: Volcanion|Hydro Pump|p1b: Weather War|[miss]\n|-miss|p2a: Volcanion|p1b: Weather War\n|\n|-weather|RainDance|[upkeep]\n|-heal|p1a: OTLHPM|100\/100 brn|[from] ability: Dry Skin\n|-heal|p2b: Amoonguss|30\/100|[from] item: Leftovers\n|-damage|p2a: Volcanion|0 fnt|[from] psn\n|faint|p2a: Volcanion\n|-damage|p1a: OTLHPM|94\/100 brn|[from] brn\n|upkeep\n|\n|t:|1698944155\n|switch|p2a: Pelipper|Pelipper, F, shiny|82\/100\n|turn|12\n|inactive|Inimicus2000 has 120 seconds left.\n|\n|t:|1698944167\n|move|p2b: Amoonguss|Protect|p2b: Amoonguss\n|-singleturn|p2b: Amoonguss|Protect\n|move|p1a: OTLHPM|Poison Jab|p2a: Pelipper\n|-damage|p2a: Pelipper|67\/100\n|move|p1b: Weather War|Hurricane|p2a: Pelipper\n|-damage|p2a: Pelipper|13\/100\n|-start|p2a: Pelipper|confusion\n|-activate|p2a: Pelipper|confusion\n|-damage|p2a: Pelipper|9\/100|[from] confusion\n|\n|-weather|RainDance|[upkeep]\n|-heal|p1a: OTLHPM|100\/100 brn|[from] ability: Dry Skin\n|-heal|p2b: Amoonguss|36\/100|[from] item: Leftovers\n|-damage|p1a: OTLHPM|94\/100 brn|[from] brn\n|upkeep\n|turn|13\n|inactive|Inimicus2000 has 120 seconds left.\n|\n|t:|1698944197\n|move|p1a: OTLHPM|Poison Jab|p2a: Pelipper\n|-damage|p2a: Pelipper|0 fnt\n|faint|p2a: Pelipper\n|move|p1b: Weather War|Hurricane|p2b: Amoonguss\n|-supereffective|p2b: Amoonguss\n|-damage|p2b: Amoonguss|0 fnt\n|faint|p2b: Amoonguss\n|\n|-weather|RainDance|[upkeep]\n|-heal|p1a: OTLHPM|100\/100 brn|[from] ability: Dry Skin\n|-damage|p1a: OTLHPM|94\/100 brn|[from] brn\n|upkeep\n|\n|t:|1698944209\n|switch|p2b: Basculegion|Basculegion-F, F|19\/100\n|turn|14\n|\n|t:|1698944222\n|move|p2b: Basculegion|Shadow Ball|p1a: OTLHPM\n|-damage|p1a: OTLHPM|26\/100 brn\n|move|p1a: OTLHPM|Poison Jab|p2b: Basculegion\n|-resisted|p2b: Basculegion\n|-damage|p2b: Basculegion|4\/100\n|move|p1b: Weather War|Chilling Water|p2b: Basculegion\n|-resisted|p2b: Basculegion\n|-damage|p2b: Basculegion|0 fnt\n|faint|p2b: Basculegion\n|\n|win|mikeyuwu\n|raw|mikeyuwu's rating: 1186 &rarr; <strong>1211<\/strong><br \/>(+25 for winning)\n|raw|Inimicus2000's rating: 1191 &rarr; <strong>1166<\/strong><br \/>(-25 for losing)\n|l|\u2606Inimicus2000\n","uploadtime":1698944593,"views":25,"p1id":"mikeyuwu","p2id":"inimicus2000","formatid":"gen9doublesou","rating":1166,"private":0,"password":""}