{"id":"gen9doublesou-1979797963","p1":"Orsenia","p2":"PokeArt2004\u2764","format":"[Gen 9] Doubles OU","log":"|j|\u2606Orsenia\n|j|\u2606PokeArt2004\u2764\n|inactive|Battle timer is ON: inactive players will automatically lose when time's up.\n|t:|1698714306\n|gametype|doubles\n|player|p1|Orsenia|diantha|\n|player|p2|PokeArt2004\u2764|teamrocket|\n|teamsize|p1|6\n|teamsize|p2|6\n|gen|9\n|tier|[Gen 9] Doubles OU\n|rated|Tournament battle\n|rule|Species Clause: Limit one of each Pok\u00e9mon\n|rule|OHKO Clause: OHKO moves are banned\n|rule|Evasion Moves Clause: Evasion moves are banned\n|rule|Gravity Sleep Clause: The combination of sleep-inducing moves with imperfect accuracy and Gravity or Gigantamax Orbeetle are banned\n|rule|Endless Battle Clause: Forcing endless battles is banned\n|rule|HP Percentage Mod: HP is shown in percentages\n|clearpoke\n|poke|p1|Tornadus, M|\n|poke|p1|Iron Hands|\n|poke|p1|Rillaboom, F|\n|poke|p1|Flutter Mane|\n|poke|p1|Ogerpon-Hearthflame, F|\n|poke|p1|Heatran, F|\n|poke|p2|Tornadus, M|\n|poke|p2|Iron Hands|\n|poke|p2|Rillaboom, M|\n|poke|p2|Flutter Mane|\n|poke|p2|Ogerpon-Hearthflame, F|\n|poke|p2|Heatran, F|\n|teampreview\n|j|*Lady Monita \u263d\n|j| BB-8-NU\n|j| Basss14\n|inactive|PokeArt2004\u2764 has 120 seconds left.\n|c|\u2606PokeArt2004\u2764|nice team\n|inactive|PokeArt2004\u2764 has 90 seconds left.\n|\n|t:|1698714367\n|start\n|switch|p1a: Tornadus|Tornadus, M|100\/100\n|switch|p1b: Flutter Mane|Flutter Mane|100\/100\n|switch|p2a: Rillaboom|Rillaboom, M|100\/100\n|switch|p2b: Flutter Mane|Flutter Mane|100\/100\n|-fieldstart|move: Grassy Terrain|[from] ability: Grassy Surge|[of] p2a: Rillaboom\n|turn|1\n|c|\u2606Orsenia|Ikr. Lol\n|j| Drageen\n|\n|t:|1698714397\n|-end|p2b: Flutter Mane|Protosynthesis|[silent]\n|switch|p2b: Iron Hands|Iron Hands|100\/100\n|move|p1a: Tornadus|Tailwind|p1a: Tornadus\n|-sidestart|p1: Orsenia|move: Tailwind\n|move|p2a: Rillaboom|Grassy Glide|p1b: Flutter Mane\n|-damage|p1b: Flutter Mane|33\/100\n|move|p1b: Flutter Mane|Shadow Ball|p2b: Iron Hands\n|-damage|p2b: Iron Hands|50\/100\n|-enditem|p2b: Iron Hands|Sitrus Berry|[eat]\n|-heal|p2b: Iron Hands|75\/100|[from] item: Sitrus Berry\n|\n|-heal|p1b: Flutter Mane|40\/100|[from] Grassy Terrain\n|-heal|p2b: Iron Hands|81\/100|[from] Grassy Terrain\n|upkeep\n|turn|2\n|inactive|PokeArt2004\u2764 has 120 seconds left.\n|\n|t:|1698714430\n|-end|p1b: Flutter Mane|Protosynthesis|[silent]\n|switch|p1b: Iron Hands|Iron Hands|100\/100\n|move|p2a: Rillaboom|Grassy Glide|p1b: Iron Hands\n|-damage|p1b: Iron Hands|70\/100\n|move|p1a: Tornadus|Bleakwind Storm|p2b: Iron Hands|[spread] p2a,p2b\n|-supereffective|p2a: Rillaboom\n|-damage|p2a: Rillaboom|55\/100\n|-damage|p2b: Iron Hands|56\/100\n|-unboost|p2a: Rillaboom|spe|1\n|move|p2b: Iron Hands|Swords Dance|p2b: Iron Hands\n|-boost|p2b: Iron Hands|atk|2\n|\n|-heal|p1b: Iron Hands|76\/100|[from] Grassy Terrain\n|-heal|p2b: Iron Hands|62\/100|[from] Grassy Terrain\n|-heal|p2a: Rillaboom|62\/100|[from] Grassy Terrain\n|upkeep\n|turn|3\n|inactive|PokeArt2004\u2764 has 120 seconds left.\n|j| kizain\n|\n|t:|1698714480\n|switch|p1a: Rillaboom|Rillaboom, F|100\/100\n|move|p1b: Iron Hands|Swords Dance|p1b: Iron Hands\n|-boost|p1b: Iron Hands|atk|2\n|move|p2b: Iron Hands|Drain Punch|p1b: Iron Hands\n|-damage|p1b: Iron Hands|16\/100\n|-heal|p2b: Iron Hands|92\/100|[from] drain|[of] p1b: Iron Hands\n|-enditem|p1b: Iron Hands|Sitrus Berry|[eat]\n|-heal|p1b: Iron Hands|41\/100|[from] item: Sitrus Berry\n|move|p2a: Rillaboom|U-turn|p1a: Rillaboom\n|-supereffective|p1a: Rillaboom\n|-damage|p1a: Rillaboom|50\/100\n|inactive|PokeArt2004\u2764 has 90 seconds left.\n|\n|t:|1698714502\n|switch|p2a: Ogerpon|Ogerpon-Hearthflame, F|100\/100|[from] U-turn\n|-ability|p2a: Ogerpon|Mold Breaker\n|\n|-heal|p1a: Rillaboom|57\/100|[from] Grassy Terrain\n|-heal|p1b: Iron Hands|47\/100|[from] Grassy Terrain\n|-heal|p2b: Iron Hands|99\/100|[from] Grassy Terrain\n|upkeep\n|turn|4\n|\n|t:|1698714525\n|move|p2a: Ogerpon|Spiky Shield|p2a: Ogerpon\n|-singleturn|p2a: Ogerpon|move: Protect\n|move|p2b: Iron Hands|Protect|p2b: Iron Hands\n|-singleturn|p2b: Iron Hands|Protect\n|move|p1a: Rillaboom|High Horsepower|p2b: Iron Hands\n|-activate|p2b: Iron Hands|move: Protect\n|move|p1b: Iron Hands|Drain Punch|p2b: Iron Hands\n|-activate|p2b: Iron Hands|move: Protect\n|\n|-heal|p1a: Rillaboom|63\/100|[from] Grassy Terrain\n|-heal|p1b: Iron Hands|53\/100|[from] Grassy Terrain\n|-heal|p2b: Iron Hands|100\/100|[from] Grassy Terrain\n|-sideend|p1: Orsenia|move: Tailwind\n|upkeep\n|turn|5\n|j| Alexandere~\n|inactive|PokeArt2004\u2764 has 120 seconds left.\n|c| Alexandere~|the mirror match is insane\n|\n|t:|1698714558\n|switch|p1a: Heatran|Heatran, F|100\/100\n|move|p1b: Iron Hands|Protect|p1b: Iron Hands\n|-singleturn|p1b: Iron Hands|Protect\n|move|p2a: Ogerpon|Ivy Cudgel|p1a: Heatran\n|-damage|p1a: Heatran|53\/100\n|move|p2b: Iron Hands|Drain Punch|p1b: Iron Hands\n|-activate|p1b: Iron Hands|move: Protect\n|\n|-heal|p1a: Heatran|60\/100|[from] Grassy Terrain\n|-heal|p1b: Iron Hands|60\/100|[from] Grassy Terrain\n|-fieldend|move: Grassy Terrain\n|upkeep\n|turn|6\n|inactive|PokeArt2004\u2764 has 120 seconds left.\n|\n|t:|1698714587\n|move|p2a: Ogerpon|Spiky Shield|p2a: Ogerpon\n|-singleturn|p2a: Ogerpon|move: Protect\n|move|p1a: Heatran|Earth Power|p2b: Iron Hands\n|-supereffective|p2b: Iron Hands\n|-damage|p2b: Iron Hands|54\/100\n|move|p2b: Iron Hands|Drain Punch|p1b: Iron Hands\n|-damage|p1b: Iron Hands|8\/100\n|-heal|p2b: Iron Hands|80\/100|[from] drain|[of] p1b: Iron Hands\n|move|p1b: Iron Hands|Drain Punch|p2b: Iron Hands\n|-damage|p2b: Iron Hands|29\/100\n|-heal|p1b: Iron Hands|34\/100|[from] drain|[of] p2b: Iron Hands\n|\n|upkeep\n|turn|7\n|inactive|PokeArt2004\u2764 has 120 seconds left.\n|j| Solstorm5\n|inactive|Orsenia has 120 seconds left.\n|\n|t:|1698714624\n|move|p2b: Iron Hands|Protect|p2b: Iron Hands\n|-singleturn|p2b: Iron Hands|Protect\n|move|p2a: Ogerpon|Ivy Cudgel|p1b: Iron Hands\n|-damage|p1b: Iron Hands|0 fnt\n|faint|p1b: Iron Hands\n|-end|p1b: Iron Hands|Quark Drive|[silent]\n|move|p1a: Heatran|Heat Wave|p2b: Iron Hands|[spread] p2a\n|-activate|p2b: Iron Hands|move: Protect\n|-damage|p2a: Ogerpon|56\/100\n|\n|upkeep\n|j| DragonPhoenix333\n|\n|t:|1698714652\n|switch|p1b: Tornadus|Tornadus, M|100\/100\n|turn|8\n|inactive|PokeArt2004\u2764 has 120 seconds left.\n|l| Alexandere~\n|\n|t:|1698714683\n|move|p1b: Tornadus|Tailwind|p1b: Tornadus\n|-sidestart|p1: Orsenia|move: Tailwind\n|move|p1a: Heatran|Earth Power|p2b: Iron Hands\n|-supereffective|p2b: Iron Hands\n|-damage|p2b: Iron Hands|0 fnt\n|faint|p2b: Iron Hands\n|-end|p2b: Iron Hands|Quark Drive|[silent]\n|move|p2a: Ogerpon|Ivy Cudgel|p1a: Heatran\n|-damage|p1a: Heatran|13\/100\n|\n|upkeep\n|\n|t:|1698714696\n|switch|p2b: Tornadus|Tornadus, M|100\/100\n|turn|9\n|\n|t:|1698714713\n|move|p2a: Ogerpon|Spiky Shield|p2a: Ogerpon\n|-singleturn|p2a: Ogerpon|move: Protect\n|move|p1b: Tornadus|Taunt|p2b: Tornadus\n|-start|p2b: Tornadus|move: Taunt\n|cant|p2b: Tornadus|move: Taunt|Tailwind\n|move|p1a: Heatran|Heat Wave|p2a: Ogerpon|[spread] p2b\n|-activate|p2a: Ogerpon|move: Protect\n|-damage|p2b: Tornadus|56\/100\n|\n|upkeep\n|turn|10\n|l| DragonPhoenix333\n|inactive|PokeArt2004\u2764 has 120 seconds left.\n|c|\u2606PokeArt2004\u2764|that is one unfortunate speed tie to lose there\n|j| Lkapkd\n|c|\u2606Orsenia|I think that determined the match tbh\n|inactive|PokeArt2004\u2764 has 90 seconds left.\n|l| Lkapkd\n|j| DragonPhoenix333\n|j| NaokiS2\n|c|\u2606Orsenia|I actually had tailwind active though so it was no tie\n|c| DragonPhoenix333|idt it was a speed tie with tailwind\n|c| DragonPhoenix333|yeah\n|c|\u2606PokeArt2004\u2764|oh right\n|inactive|PokeArt2004\u2764 has 60 seconds left.\n|l| DragonPhoenix333\n|c|\u2606PokeArt2004\u2764|that affects prankster too, right\n|j| leowooj\n|inactive|PokeArt2004\u2764 has 30 seconds left.\n|\n|t:|1698714817\n|switch|p2a: Rillaboom|Rillaboom, M|62\/100\n|-fieldstart|move: Grassy Terrain|[from] ability: Grassy Surge|[of] p2a: Rillaboom\n|switch|p2b: Heatran|Heatran, F|100\/100\n|move|p1b: Tornadus|Bleakwind Storm|p2a: Rillaboom|[spread] p2a,p2b\n|-supereffective|p2a: Rillaboom\n|-resisted|p2b: Heatran\n|-damage|p2a: Rillaboom|17\/100\n|-damage|p2b: Heatran|92\/100\n|-unboost|p2b: Heatran|spe|1\n|move|p1a: Heatran|Heat Wave|p2a: Rillaboom|[spread] p2a\n|-start|p2b: Heatran|ability: Flash Fire\n|-supereffective|p2a: Rillaboom\n|-damage|p2a: Rillaboom|0 fnt\n|faint|p2a: Rillaboom\n|\n|-heal|p1a: Heatran|19\/100|[from] Grassy Terrain\n|-heal|p2b: Heatran|98\/100|[from] Grassy Terrain\n|upkeep\n|inactive|PokeArt2004\u2764 has 30 seconds left.\n|c|\u2606Orsenia|Well if two Pok\u00e9mon are using the ability prankster naturally the one with higher speed will win and I had higher speed because of tailwind\n|inactive|PokeArt2004\u2764 has 20 seconds left.\n|inactive|PokeArt2004\u2764 has 15 seconds left.\n|inactive|PokeArt2004\u2764 has 10 seconds left.\n|\n|t:|1698714845\n|switch|p2a: Flutter Mane|Flutter Mane|100\/100\n|turn|11\n|inactive|PokeArt2004\u2764 has 30 seconds left.\n|\n|t:|1698714861\n|-terastallize|p1b: Tornadus|Steel\n|-terastallize|p2b: Heatran|Fairy\n|move|p1b: Tornadus|Bleakwind Storm|p2a: Flutter Mane|[spread] p2a,p2b\n|-damage|p2a: Flutter Mane|72\/100\n|-damage|p2b: Heatran|80\/100\n|-unboost|p2a: Flutter Mane|spe|1\n|move|p1a: Heatran|Earth Power|p2b: Heatran\n|-damage|p2b: Heatran|60\/100\n|move|p2a: Flutter Mane|Power Gem|p1b: Tornadus\n|-resisted|p1b: Tornadus\n|-damage|p1b: Tornadus|78\/100\n|move|p2b: Heatran|Earth Power|p1a: Heatran\n|-supereffective|p1a: Heatran\n|-damage|p1a: Heatran|0 fnt\n|faint|p1a: Heatran\n|\n|-heal|p1b: Tornadus|84\/100|[from] Grassy Terrain\n|-heal|p2a: Flutter Mane|79\/100|[from] Grassy Terrain\n|-heal|p2b: Heatran|66\/100|[from] Grassy Terrain\n|-sideend|p1: Orsenia|move: Tailwind\n|upkeep\n|inactive|PokeArt2004\u2764 has 30 seconds left this turn.\n|inactive|Orsenia has 120 seconds left.\n|\n|t:|1698714896\n|switch|p1a: Ogerpon|Ogerpon-Hearthflame, F|100\/100\n|-ability|p1a: Ogerpon|Mold Breaker\n|turn|12\n|inactive|Orsenia has 120 seconds left.\n|inactive|PokeArt2004\u2764 has 30 seconds left.\n|\n|t:|1698714929\n|move|p1b: Tornadus|Tailwind|p1b: Tornadus\n|-sidestart|p1: Orsenia|move: Tailwind\n|move|p1a: Ogerpon|Ivy Cudgel|p2a: Flutter Mane\n|-damage|p2a: Flutter Mane|0 fnt\n|faint|p2a: Flutter Mane\n|-end|p2a: Flutter Mane|Protosynthesis|[silent]\n|move|p2b: Heatran|Heat Wave|p1b: Tornadus|[spread] p1b\n|-miss|p2b: Heatran|p1a: Ogerpon\n|-supereffective|p1b: Tornadus\n|-damage|p1b: Tornadus|0 fnt\n|faint|p1b: Tornadus\n|\n|-heal|p2b: Heatran|73\/100|[from] Grassy Terrain\n|upkeep\n|\n|t:|1698714952\n|switch|p2a: Tornadus|Tornadus, M|56\/100\n|switch|p1b: Flutter Mane|Flutter Mane|40\/100\n|turn|13\n|inactive|PokeArt2004\u2764 has 60 seconds left.\n|\n|t:|1698714980\n|move|p2a: Tornadus|Tailwind|p2a: Tornadus\n|-sidestart|p2: PokeArt2004\u2764|move: Tailwind\n|move|p1b: Flutter Mane|Dazzling Gleam|p2a: Tornadus|[spread] p2a,p2b\n|-damage|p2a: Tornadus|3\/100\n|-damage|p2b: Heatran|42\/100\n|move|p1a: Ogerpon|Ivy Cudgel|p2a: Tornadus\n|-damage|p2a: Tornadus|0 fnt\n|faint|p2a: Tornadus\n|move|p2b: Heatran|Flash Cannon|p1b: Flutter Mane\n|-supereffective|p1b: Flutter Mane\n|-damage|p1b: Flutter Mane|0 fnt\n|faint|p1b: Flutter Mane\n|-end|p1b: Flutter Mane|Protosynthesis|[silent]\n|\n|-heal|p2b: Heatran|49\/100|[from] Grassy Terrain\n|upkeep\n|inactive|PokeArt2004\u2764 has 60 seconds left.\n|\n|t:|1698714994\n|switch|p1b: Rillaboom|Rillaboom, F|63\/100\n|switch|p2a: Ogerpon|Ogerpon-Hearthflame, F|56\/100\n|-ability|p2a: Ogerpon|Mold Breaker\n|turn|14\n|inactive|PokeArt2004\u2764 has 60 seconds left.\n|l| NaokiS2\n|inactive|Orsenia has 120 seconds left.\n|j| NaokiS2\n|\n|t:|1698715031\n|move|p1a: Ogerpon|Ivy Cudgel|p2b: Heatran\n|-crit|p2b: Heatran\n|-damage|p2b: Heatran|0 fnt\n|faint|p2b: Heatran\n|move|p2a: Ogerpon|Ivy Cudgel|p1b: Rillaboom\n|-supereffective|p1b: Rillaboom\n|-damage|p1b: Rillaboom|0 fnt\n|faint|p1b: Rillaboom\n|\n|-heal|p2a: Ogerpon|62\/100|[from] Grassy Terrain\n|-fieldend|move: Grassy Terrain\n|upkeep\n|turn|15\n|inactive|PokeArt2004\u2764 has 60 seconds left.\n|j| Lkapkd\n|inactive|Orsenia has 120 seconds left.\n|\n|t:|1698715053\n|move|p2a: Ogerpon|Spiky Shield|p2a: Ogerpon\n|-singleturn|p2a: Ogerpon|move: Protect\n|move|p1a: Ogerpon|Ivy Cudgel|p2a: Ogerpon\n|-activate|p2a: Ogerpon|move: Protect\n|\n|-sideend|p1: Orsenia|move: Tailwind\n|upkeep\n|turn|16\n|\n|t:|1698715067\n|move|p1a: Ogerpon|Spiky Shield|p1a: Ogerpon\n|-singleturn|p1a: Ogerpon|move: Protect\n|move|p2a: Ogerpon|Ivy Cudgel|p1a: Ogerpon\n|-activate|p1a: Ogerpon|move: Protect\n|\n|-sideend|p2: PokeArt2004\u2764|move: Tailwind\n|upkeep\n|turn|17\n|\n|t:|1698715075\n|move|p1a: Ogerpon|Ivy Cudgel|p2a: Ogerpon\n|-damage|p2a: Ogerpon|0 fnt\n|faint|p2a: Ogerpon\n|\n|win|Orsenia\n|n|\u2606Orsenia|orsenia\n|n|\u2606PokeArt2004\u2764|pokeart2004\n|n|*Lady Monita \u263d|ladymonita\n|n| BB-8-NU|bb8nu\n|n| Basss14|basss14\n|n| Drageen|drageen\n|n| kizain|kizain\n|n| Solstorm5|solstorm5\n|n| leowooj|leowooj\n|n| NaokiS2|naokis2\n|n| Lkapkd|lkapkd\n|l|*Lady Monita \u263d\n|c|\u2606PokeArt2004\u2764|gg\n|l| BB-8-NU\n|c|\u2606Orsenia|Gg\n|l|\u2606Orsenia\n|l| Drageen\n|l| Lkapkd\n|l| Basss14\n","uploadtime":1698715097,"views":33,"p1id":"orsenia","p2id":"pokeart2004","formatid":"gen9doublesou","rating":0,"private":0,"password":""}