{"id":"gen9doublesou-1990159345","p1":"InsrtNameHere","p2":"Nemmy23","format":"[Gen 9] Doubles OU","log":"|j|\u2606InsrtNameHere\n|j|\u2606Nemmy23\n|t:|1699931112\n|gametype|doubles\n|player|p1|InsrtNameHere|burglar|1506\n|player|p2|Nemmy23|nate|1405\n|teamsize|p1|6\n|teamsize|p2|6\n|gen|9\n|tier|[Gen 9] Doubles OU\n|rated|\n|rule|Species Clause: Limit one of each Pok\u00e9mon\n|rule|OHKO Clause: OHKO moves are banned\n|rule|Evasion Moves Clause: Evasion moves are banned\n|rule|Gravity Sleep Clause: The combination of sleep-inducing moves with imperfect accuracy and Gravity or Gigantamax Orbeetle are banned\n|rule|Endless Battle Clause: Forcing endless battles is banned\n|rule|HP Percentage Mod: HP is shown in percentages\n|clearpoke\n|poke|p1|Baxcalibur, F|\n|poke|p1|Torkoal, F|\n|poke|p1|Walking Wake|\n|poke|p1|Amoonguss, M|\n|poke|p1|Rillaboom, M|\n|poke|p1|Heatran, F|\n|poke|p2|Iron Hands|\n|poke|p2|Grimmsnarl, M|\n|poke|p2|Dragapult, F|\n|poke|p2|Flutter Mane|\n|poke|p2|Ogerpon-Wellspring, F|\n|poke|p2|Iron Moth|\n|teampreview\n|\n|t:|1699931131\n|start\n|switch|p1a: Curious George|Rillaboom, M|100\/100\n|switch|p1b: Love Fever|Heatran, F|100\/100\n|switch|p2a: Ogerpon|Ogerpon-Wellspring, F|100\/100\n|switch|p2b: Dragapult|Dragapult, F|100\/100\n|-fieldstart|move: Grassy Terrain|[from] ability: Grassy Surge|[of] p1a: Curious George\n|turn|1\n|inactive|Battle timer is ON: inactive players will automatically lose when time's up. (requested by Nemmy23)\n|\n|t:|1699931187\n|switch|p1b: Phranklin|Torkoal, F|100\/100\n|-weather|SunnyDay|[from] ability: Drought|[of] p1b: Phranklin\n|move|p2a: Ogerpon|Spiky Shield|p2a: Ogerpon\n|-singleturn|p2a: Ogerpon|move: Protect\n|move|p2b: Dragapult|Surf|p1a: Curious George|[spread] p1a,p1b\n|-activate|p2a: Ogerpon|move: Protect\n|-resisted|p1a: Curious George\n|-supereffective|p1b: Phranklin\n|-damage|p1a: Curious George|95\/100\n|-damage|p1b: Phranklin|60\/100\n|move|p1a: Curious George|Knock Off|p2b: Dragapult\n|-supereffective|p2b: Dragapult\n|-damage|p2b: Dragapult|5\/100\n|-enditem|p2b: Dragapult|Choice Specs|[from] move: Knock Off|[of] p1a: Curious George\n|\n|-weather|SunnyDay|[upkeep]\n|-heal|p2b: Dragapult|11\/100|[from] Grassy Terrain\n|-heal|p1a: Curious George|100\/100|[from] Grassy Terrain\n|-heal|p1b: Phranklin|66\/100|[from] Grassy Terrain\n|upkeep\n|turn|2\n|inactive|InsrtNameHere has 120 seconds left.\n|\n|t:|1699931218\n|move|p1a: Curious George|Grassy Glide|p2b: Dragapult\n|-resisted|p2b: Dragapult\n|-damage|p2b: Dragapult|0 fnt\n|faint|p2b: Dragapult\n|move|p2a: Ogerpon|Ivy Cudgel|p1b: Phranklin\n|-supereffective|p1b: Phranklin\n|-damage|p1b: Phranklin|33\/100\n|move|p1b: Phranklin|Yawn|p2a: Ogerpon\n|-start|p2a: Ogerpon|move: Yawn|[of] p1b: Phranklin\n|\n|-weather|SunnyDay|[upkeep]\n|-heal|p1b: Phranklin|39\/100|[from] Grassy Terrain\n|upkeep\n|inactive|Nemmy23 has 120 seconds left.\n|\n|t:|1699931236\n|switch|p2b: Iron Hands|Iron Hands|100\/100\n|turn|3\n|\n|t:|1699931251\n|switch|p2a: Grimmsnarl|Grimmsnarl, M|100\/100\n|switch|p1b: Fun Guy|Amoonguss, M|100\/100\n|move|p2b: Iron Hands|Fake Out|p1a: Curious George\n|-damage|p1a: Curious George|87\/100\n|cant|p1a: Curious George|flinch\n|\n|-weather|SunnyDay|[upkeep]\n|-heal|p1a: Curious George|93\/100|[from] Grassy Terrain\n|upkeep\n|turn|4\n|\n|t:|1699931279\n|-terastallize|p2b: Iron Hands|Grass\n|move|p2a: Grimmsnarl|Light Screen|p2a: Grimmsnarl\n|-sidestart|p2: Nemmy23|move: Light Screen\n|move|p1a: Curious George|Knock Off|p2b: Iron Hands\n|-damage|p2b: Iron Hands|79\/100\n|-enditem|p2b: Iron Hands|Assault Vest|[from] move: Knock Off|[of] p1a: Curious George\n|move|p2b: Iron Hands|Heavy Slam|p1b: Fun Guy\n|-damage|p1b: Fun Guy|46\/100\n|move|p1b: Fun Guy|Spore|p2b: Iron Hands\n|-immune|p2b: Iron Hands\n|\n|-weather|SunnyDay|[upkeep]\n|-heal|p1a: Curious George|99\/100|[from] Grassy Terrain\n|-heal|p2b: Iron Hands|85\/100|[from] Grassy Terrain\n|-heal|p1b: Fun Guy|52\/100|[from] Grassy Terrain\n|upkeep\n|turn|5\n|\n|t:|1699931301\n|move|p1b: Fun Guy|Protect|p1b: Fun Guy\n|-singleturn|p1b: Fun Guy|Protect\n|move|p2a: Grimmsnarl|Reflect|p2a: Grimmsnarl\n|-sidestart|p2: Nemmy23|Reflect\n|move|p1a: Curious George|U-turn|p2b: Iron Hands\n|-supereffective|p2b: Iron Hands\n|-damage|p2b: Iron Hands|65\/100\n|\n|t:|1699931315\n|switch|p1a: Love Fever|Heatran, F|100\/100|[from] U-turn\n|move|p2b: Iron Hands|Heavy Slam|p1b: Fun Guy\n|-activate|p1b: Fun Guy|move: Protect\n|\n|-weather|SunnyDay|[upkeep]\n|-heal|p2b: Iron Hands|71\/100|[from] Grassy Terrain\n|-heal|p1b: Fun Guy|58\/100|[from] Grassy Terrain\n|-fieldend|move: Grassy Terrain\n|upkeep\n|turn|6\n|inactive|Nemmy23 has 120 seconds left.\n|\n|t:|1699931349\n|switch|p1b: Curious George|Rillaboom, M|99\/100\n|-fieldstart|move: Grassy Terrain|[from] ability: Grassy Surge|[of] p1b: Curious George\n|move|p2a: Grimmsnarl|Parting Shot|p1a: Love Fever\n|-unboost|p1a: Love Fever|atk|1\n|-unboost|p1a: Love Fever|spa|1\n|inactive|Nemmy23 has 120 seconds left.\n|\n|t:|1699931362\n|switch|p2a: Ogerpon|Ogerpon-Wellspring, F|100\/100|[from] Parting Shot\n|move|p1a: Love Fever|Heat Wave|p2a: Ogerpon|[spread] p2a,p2b\n|-supereffective|p2b: Iron Hands\n|-damage|p2a: Ogerpon|67\/100\n|-damage|p2b: Iron Hands|22\/100\n|-status|p2b: Iron Hands|brn\n|move|p2b: Iron Hands|Drain Punch|p1a: Love Fever\n|-supereffective|p1a: Love Fever\n|-damage|p1a: Love Fever|66\/100\n|-heal|p2b: Iron Hands|35\/100 brn|[from] drain|[of] p1a: Love Fever\n|\n|-weather|SunnyDay|[upkeep]\n|-heal|p2a: Ogerpon|73\/100|[from] Grassy Terrain\n|-heal|p1b: Curious George|100\/100|[from] Grassy Terrain\n|-heal|p1a: Love Fever|72\/100|[from] Grassy Terrain\n|-heal|p2b: Iron Hands|42\/100 brn|[from] Grassy Terrain\n|-damage|p2b: Iron Hands|35\/100 brn|[from] brn\n|upkeep\n|turn|7\n|inactive|Nemmy23 has 120 seconds left.\n|\n|t:|1699931390\n|switch|p1a: Wake and Bake|Walking Wake|100\/100\n|-activate|p1a: Wake and Bake|ability: Protosynthesis\n|-start|p1a: Wake and Bake|protosynthesisspe\n|move|p1b: Curious George|Fake Out|p2b: Iron Hands\n|-damage|p2b: Iron Hands|30\/100 brn\n|move|p2a: Ogerpon|Ivy Cudgel|p1a: Wake and Bake\n|-resisted|p1a: Wake and Bake\n|-damage|p1a: Wake and Bake|92\/100\n|cant|p2b: Iron Hands|flinch\n|\n|-weather|SunnyDay|[upkeep]\n|-heal|p1a: Wake and Bake|98\/100|[from] Grassy Terrain\n|-heal|p2a: Ogerpon|79\/100|[from] Grassy Terrain\n|-heal|p2b: Iron Hands|36\/100 brn|[from] Grassy Terrain\n|-damage|p2b: Iron Hands|30\/100 brn|[from] brn\n|upkeep\n|turn|8\n|inactive|InsrtNameHere has 120 seconds left.\n|inactive|InsrtNameHere has 90 seconds left.\n|\n|t:|1699931452\n|move|p1a: Wake and Bake|Hydro Steam|p2b: Iron Hands\n|-resisted|p2b: Iron Hands\n|-damage|p2b: Iron Hands|1\/100 brn\n|move|p2a: Ogerpon|Ivy Cudgel|p1b: Curious George\n|-resisted|p1b: Curious George\n|-damage|p1b: Curious George|86\/100\n|move|p1b: Curious George|U-turn|p2b: Iron Hands\n|-supereffective|p2b: Iron Hands\n|-damage|p2b: Iron Hands|0 fnt\n|faint|p2b: Iron Hands\n|-end|p2b: Iron Hands|Quark Drive|[silent]\n|inactive|InsrtNameHere has 90 seconds left.\n|\n|t:|1699931472\n|switch|p1b: Fun Guy|Amoonguss, M|91\/100|[from] U-turn\n|\n|-weather|none\n|-end|p1a: Wake and Bake|Protosynthesis\n|-heal|p1a: Wake and Bake|100\/100|[from] Grassy Terrain\n|-heal|p2a: Ogerpon|85\/100|[from] Grassy Terrain\n|-heal|p1b: Fun Guy|97\/100|[from] Grassy Terrain\n|upkeep\n|inactive|Nemmy23 has 120 seconds left.\n|\n|t:|1699931487\n|switch|p2b: Iron Moth|Iron Moth|100\/100\n|-item|p2b: Iron Moth|Air Balloon\n|turn|9\n|inactive|InsrtNameHere has 90 seconds left.\n|\n|t:|1699931504\n|switch|p1b: Phranklin|Torkoal, F|39\/100\n|-weather|SunnyDay|[from] ability: Drought|[of] p1b: Phranklin\n|-activate|p1a: Wake and Bake|ability: Protosynthesis\n|-start|p1a: Wake and Bake|protosynthesisspe\n|move|p1a: Wake and Bake|Hydro Steam|p2b: Iron Moth\n|-supereffective|p2b: Iron Moth\n|-damage|p2b: Iron Moth|0 fnt\n|-enditem|p2b: Iron Moth|Air Balloon\n|faint|p2b: Iron Moth\n|-end|p2b: Iron Moth|Quark Drive|[silent]\n|move|p2a: Ogerpon|Horn Leech|p1a: Wake and Bake\n|-damage|p1a: Wake and Bake|42\/100\n|-heal|p2a: Ogerpon|100\/100|[from] drain|[of] p1a: Wake and Bake\n|\n|-weather|SunnyDay|[upkeep]\n|-heal|p1a: Wake and Bake|48\/100|[from] Grassy Terrain\n|-heal|p1b: Phranklin|45\/100|[from] Grassy Terrain\n|upkeep\n|\n|t:|1699931523\n|switch|p2b: Flutter Mane|Flutter Mane|100\/100\n|-activate|p2b: Flutter Mane|ability: Protosynthesis\n|-start|p2b: Flutter Mane|protosynthesisspa\n|turn|10\n|\n|t:|1699931536\n|-end|p1a: Wake and Bake|Protosynthesis|[silent]\n|switch|p1a: Fun Guy|Amoonguss, M|100\/100\n|move|p1b: Phranklin|Protect|p1b: Phranklin\n|-singleturn|p1b: Phranklin|Protect\n|move|p2b: Flutter Mane|Dazzling Gleam|p1a: Fun Guy|[spread] p1a\n|-activate|p1b: Phranklin|move: Protect\n|-resisted|p1a: Fun Guy\n|-damage|p1a: Fun Guy|86\/100\n|move|p2a: Ogerpon|Ivy Cudgel|p1b: Phranklin\n|-activate|p1b: Phranklin|move: Protect\n|\n|-weather|SunnyDay|[upkeep]\n|-heal|p1a: Fun Guy|92\/100|[from] Grassy Terrain\n|-heal|p1b: Phranklin|52\/100|[from] Grassy Terrain\n|-fieldend|move: Grassy Terrain\n|upkeep\n|turn|11\n|\n|t:|1699931555\n|switch|p1b: Curious George|Rillaboom, M|86\/100\n|-fieldstart|move: Grassy Terrain|[from] ability: Grassy Surge|[of] p1b: Curious George\n|move|p2b: Flutter Mane|Dazzling Gleam|p1b: Curious George|[spread] p1a,p1b\n|-resisted|p1a: Fun Guy\n|-damage|p1a: Fun Guy|77\/100\n|-damage|p1b: Curious George|50\/100\n|move|p2a: Ogerpon|Ivy Cudgel|p1b: Curious George\n|-resisted|p1b: Curious George\n|-crit|p1b: Curious George\n|-damage|p1b: Curious George|30\/100\n|move|p1a: Fun Guy|Spore|p2b: Flutter Mane\n|-status|p2b: Flutter Mane|slp|[from] move: Spore\n|\n|-weather|SunnyDay|[upkeep]\n|-heal|p1b: Curious George|37\/100|[from] Grassy Terrain\n|-heal|p1a: Fun Guy|83\/100|[from] Grassy Terrain\n|-sideend|p2: Nemmy23|move: Light Screen\n|upkeep\n|turn|12\n|-message|Nemmy23 forfeited.\n|\n|win|InsrtNameHere\n|raw|InsrtNameHere's rating: 1506 &rarr; <strong>1520<\/strong><br \/>(+14 for winning)\n|raw|Nemmy23's rating: 1405 &rarr; <strong>1391<\/strong><br \/>(-14 for losing)\n|l|\u2606Nemmy23\n","uploadtime":1699931589,"views":28,"p1id":"insrtnamehere","p2id":"nemmy23","formatid":"gen9doublesou","rating":1391,"private":0,"password":""}