{"id":"gen9doublesou-1978471727","p1":"Telimonster0608","p2":"Wookiebacon","format":"[Gen 9] Doubles OU","log":"|j|\u2606Telimonster0608\n|j|\u2606Wookiebacon\n|t:|1698543304\n|gametype|doubles\n|player|p1|Telimonster0608|clair|\n|player|p2|Wookiebacon|iris|\n|teamsize|p1|6\n|teamsize|p2|6\n|gen|9\n|tier|[Gen 9] Doubles OU\n|rule|Species Clause: Limit one of each Pok\u00e9mon\n|rule|OHKO Clause: OHKO moves are banned\n|rule|Evasion Moves Clause: Evasion moves are banned\n|rule|Gravity Sleep Clause: The combination of sleep-inducing moves with imperfect accuracy and Gravity or Gigantamax Orbeetle are banned\n|rule|Endless Battle Clause: Forcing endless battles is banned\n|rule|HP Percentage Mod: HP is shown in percentages\n|clearpoke\n|poke|p1|Slither Wing|\n|poke|p1|Klefki, M|\n|poke|p1|Salamence, M|\n|poke|p1|Sneasler, F|\n|poke|p1|Zapdos|\n|poke|p1|Milotic, F|\n|poke|p2|Sylveon, F|\n|poke|p2|Iron Bundle|\n|poke|p2|Dragonite, F|\n|poke|p2|Amoonguss, F|\n|poke|p2|Donphan, M|\n|poke|p2|Scizor, M|\n|teampreview\n|j| GoDDanteX\n|j| Kevin Dickey12\n|\n|t:|1698543331\n|start\n|switch|p1a: Wolverine\ud83d\udde1|Sneasler, F, shiny|100\/100\n|switch|p1b: Princess\ud83d\udc78|Milotic, F, shiny|100\/100\n|switch|p2a: Ryuko Tatsuma|Dragonite, F|100\/100\n|switch|p2b: Fat Gum|Donphan, M|100\/100\n|-item|p1a: Wolverine\ud83d\udde1|Air Balloon\n|turn|1\n|j| Redzone92\n|\n|t:|1698543363\n|switch|p2b: Hatsume's Creation|Iron Bundle|100\/100\n|move|p1b: Princess\ud83d\udc78|Protect|p1b: Princess\ud83d\udc78\n|-singleturn|p1b: Princess\ud83d\udc78|Protect\n|move|p1a: Wolverine\ud83d\udde1|Rock Slide|p2b: Hatsume's Creation|[spread] p2a,p2b\n|-supereffective|p2a: Ryuko Tatsuma\n|-supereffective|p2b: Hatsume's Creation\n|-damage|p2a: Ryuko Tatsuma|80\/100\n|-damage|p2b: Hatsume's Creation|56\/100\n|move|p2a: Ryuko Tatsuma|Dragon Dance|p2a: Ryuko Tatsuma\n|-boost|p2a: Ryuko Tatsuma|atk|1\n|-boost|p2a: Ryuko Tatsuma|spe|1\n|\n|-status|p1b: Princess\ud83d\udc78|brn|[from] item: Flame Orb\n|upkeep\n|turn|2\n|\n|t:|1698543387\n|move|p2b: Hatsume's Creation|Freeze-Dry|p1b: Princess\ud83d\udc78\n|-supereffective|p1b: Princess\ud83d\udc78\n|-damage|p1b: Princess\ud83d\udc78|42\/100 brn\n|move|p2a: Ryuko Tatsuma|Aerial Ace|p1a: Wolverine\ud83d\udde1\n|-supereffective|p1a: Wolverine\ud83d\udde1\n|-damage|p1a: Wolverine\ud83d\udde1|0 fnt\n|-enditem|p1a: Wolverine\ud83d\udde1|Air Balloon\n|faint|p1a: Wolverine\ud83d\udde1\n|move|p1b: Princess\ud83d\udc78|Ice Beam|p2a: Ryuko Tatsuma\n|-supereffective|p2a: Ryuko Tatsuma\n|-damage|p2a: Ryuko Tatsuma|0 fnt\n|faint|p2a: Ryuko Tatsuma\n|\n|-damage|p1b: Princess\ud83d\udc78|36\/100 brn|[from] brn\n|upkeep\n|\n|t:|1698543415\n|switch|p1a: Lightning Storm\u26c8\ufe0f|Zapdos, shiny|100\/100\n|switch|p2a: Fat Gum|Donphan, M|100\/100\n|turn|3\n|\n|t:|1698543437\n|move|p1b: Princess\ud83d\udc78|Protect|p1b: Princess\ud83d\udc78\n|-singleturn|p1b: Princess\ud83d\udc78|Protect\n|move|p2b: Hatsume's Creation|Freeze-Dry|p1b: Princess\ud83d\udc78\n|-activate|p1b: Princess\ud83d\udc78|move: Protect\n|move|p1a: Lightning Storm\u26c8\ufe0f|Heat Wave|p2b: Hatsume's Creation|[spread] p2a,p2b\n|-damage|p2a: Fat Gum|72\/100\n|-damage|p2b: Hatsume's Creation|14\/100\n|move|p2a: Fat Gum|Ice Spinner|p1a: Lightning Storm\u26c8\ufe0f\n|-supereffective|p1a: Lightning Storm\u26c8\ufe0f\n|-damage|p1a: Lightning Storm\u26c8\ufe0f|37\/100\n|-damage|p2a: Fat Gum|56\/100|[from] item: Rocky Helmet|[of] p1a: Lightning Storm\u26c8\ufe0f\n|\n|-damage|p1b: Princess\ud83d\udc78|30\/100 brn|[from] brn\n|upkeep\n|turn|4\n|\n|t:|1698543471\n|switch|p1b: Success\ud83e\ude99|Klefki, M, shiny|100\/100\n|move|p2b: Hatsume's Creation|Freeze-Dry|p1b: Success\ud83e\ude99\n|-resisted|p1b: Success\ud83e\ude99\n|-damage|p1b: Success\ud83e\ude99|69\/100\n|move|p1a: Lightning Storm\u26c8\ufe0f|Roost|p1a: Lightning Storm\u26c8\ufe0f\n|-heal|p1a: Lightning Storm\u26c8\ufe0f|87\/100\n|-singleturn|p1a: Lightning Storm\u26c8\ufe0f|move: Roost\n|move|p2a: Fat Gum|Ice Spinner|p1a: Lightning Storm\u26c8\ufe0f\n|-damage|p1a: Lightning Storm\u26c8\ufe0f|58\/100\n|-damage|p2a: Fat Gum|39\/100|[from] item: Rocky Helmet|[of] p1a: Lightning Storm\u26c8\ufe0f\n|\n|upkeep\n|turn|5\n|\n|t:|1698543494\n|move|p1b: Success\ud83e\ude99|Sunny Day|p1b: Success\ud83e\ude99\n|-weather|SunnyDay\n|move|p2b: Hatsume's Creation|Freeze-Dry|p1a: Lightning Storm\u26c8\ufe0f\n|-supereffective|p1a: Lightning Storm\u26c8\ufe0f\n|-damage|p1a: Lightning Storm\u26c8\ufe0f|0 fnt\n|faint|p1a: Lightning Storm\u26c8\ufe0f\n|move|p2a: Fat Gum|Ice Spinner|p1b: Success\ud83e\ude99\n|-resisted|p1b: Success\ud83e\ude99\n|-damage|p1b: Success\ud83e\ude99|53\/100\n|\n|-weather|SunnyDay|[upkeep]\n|upkeep\n|\n|t:|1698543506\n|switch|p1a: Past Mothra\ud83e\udd8b|Slither Wing|100\/100\n|-activate|p1a: Past Mothra\ud83e\udd8b|ability: Protosynthesis\n|-start|p1a: Past Mothra\ud83e\udd8b|protosynthesisatk\n|turn|6\n|\n|t:|1698543528\n|move|p1b: Success\ud83e\ude99|Light Screen|p1b: Success\ud83e\ude99\n|-sidestart|p1: Telimonster0608|move: Light Screen\n|move|p2b: Hatsume's Creation|Freeze-Dry|p1a: Past Mothra\ud83e\udd8b\n|-damage|p1a: Past Mothra\ud83e\udd8b|64\/100\n|move|p1a: Past Mothra\ud83e\udd8b|Flare Blitz|p2b: Hatsume's Creation\n|-damage|p2b: Hatsume's Creation|0 fnt\n|faint|p2b: Hatsume's Creation\n|-end|p2b: Hatsume's Creation|Quark Drive|[silent]\n|-damage|p1a: Past Mothra\ud83e\udd8b|61\/100|[from] Recoil\n|move|p2a: Fat Gum|Ice Spinner|p1a: Past Mothra\ud83e\udd8b\n|-damage|p1a: Past Mothra\ud83e\udd8b|0 fnt\n|faint|p1a: Past Mothra\ud83e\udd8b\n|-end|p1a: Past Mothra\ud83e\udd8b|Protosynthesis|[silent]\n|\n|-weather|SunnyDay|[upkeep]\n|upkeep\n|\n|t:|1698543551\n|switch|p2b: Tetsu Tetsu|Scizor, M|100\/100\n|switch|p1a: Princess\ud83d\udc78|Milotic, F, shiny|30\/100 brn\n|turn|7\n|\n|t:|1698543565\n|move|p1a: Princess\ud83d\udc78|Protect|p1a: Princess\ud83d\udc78\n|-singleturn|p1a: Princess\ud83d\udc78|Protect\n|move|p1b: Success\ud83e\ude99|Thunder Wave|p2b: Tetsu Tetsu\n|-status|p2b: Tetsu Tetsu|par\n|move|p2a: Fat Gum|Ice Spinner|p1b: Success\ud83e\ude99\n|-resisted|p1b: Success\ud83e\ude99\n|-damage|p1b: Success\ud83e\ude99|37\/100\n|cant|p2b: Tetsu Tetsu|par\n|\n|-weather|SunnyDay|[upkeep]\n|-damage|p1a: Princess\ud83d\udc78|24\/100 brn|[from] brn\n|upkeep\n|turn|8\n|\n|t:|1698543590\n|move|p1b: Success\ud83e\ude99|Reflect|p1b: Success\ud83e\ude99\n|-sidestart|p1: Telimonster0608|Reflect\n|move|p2b: Tetsu Tetsu|Bullet Punch|p1a: Princess\ud83d\udc78\n|-resisted|p1a: Princess\ud83d\udc78\n|-damage|p1a: Princess\ud83d\udc78|12\/100 brn\n|-damage|p2b: Tetsu Tetsu|91\/100 par|[from] item: Life Orb\n|move|p1a: Princess\ud83d\udc78|Recover|p1a: Princess\ud83d\udc78\n|-heal|p1a: Princess\ud83d\udc78|62\/100 brn\n|move|p2a: Fat Gum|Ice Spinner|p1b: Success\ud83e\ude99\n|-resisted|p1b: Success\ud83e\ude99\n|-damage|p1b: Success\ud83e\ude99|24\/100\n|\n|-weather|SunnyDay|[upkeep]\n|-damage|p1a: Princess\ud83d\udc78|56\/100 brn|[from] brn\n|upkeep\n|turn|9\n|\n|t:|1698543619\n|switch|p2a: Nejire Hado|Sylveon, F, shiny|100\/100\n|move|p1b: Success\ud83e\ude99|Light Screen||[still]\n|-fail|p1b: Success\ud83e\ude99\n|move|p1a: Princess\ud83d\udc78|Ice Beam|p2a: Nejire Hado\n|-damage|p2a: Nejire Hado|87\/100\n|move|p2b: Tetsu Tetsu|Swords Dance|p2b: Tetsu Tetsu\n|-boost|p2b: Tetsu Tetsu|atk|2\n|\n|-weather|SunnyDay|[upkeep]\n|-damage|p1a: Princess\ud83d\udc78|50\/100 brn|[from] brn\n|upkeep\n|turn|10\n|\n|t:|1698543637\n|move|p1b: Success\ud83e\ude99|Thunder Wave|p2a: Nejire Hado\n|-status|p2a: Nejire Hado|par\n|move|p2b: Tetsu Tetsu|Bullet Punch|p1b: Success\ud83e\ude99\n|-damage|p1b: Success\ud83e\ude99|0 fnt\n|faint|p1b: Success\ud83e\ude99\n|-damage|p2b: Tetsu Tetsu|81\/100 par|[from] item: Life Orb\n|move|p1a: Princess\ud83d\udc78|Recover|p1a: Princess\ud83d\udc78\n|-heal|p1a: Princess\ud83d\udc78|99\/100 brn\n|move|p2a: Nejire Hado|Hyper Voice|p1a: Princess\ud83d\udc78\n|-damage|p1a: Princess\ud83d\udc78|85\/100 brn\n|-enditem|p2a: Nejire Hado|Throat Spray\n|-boost|p2a: Nejire Hado|spa|1|[from] item: Throat Spray\n|\n|-weather|SunnyDay|[upkeep]\n|-damage|p1a: Princess\ud83d\udc78|79\/100 brn|[from] brn\n|-sideend|p1: Telimonster0608|move: Light Screen\n|upkeep\n|\n|t:|1698543655\n|switch|p1b: All-Might\ud83e\uddb8\u200d\u2642\ufe0f|Salamence, M|100\/100\n|-ability|p1b: All-Might\ud83e\uddb8\u200d\u2642\ufe0f|Intimidate|boost\n|-unboost|p2a: Nejire Hado|atk|1\n|-unboost|p2b: Tetsu Tetsu|atk|1\n|turn|11\n|\n|t:|1698543692\n|-terastallize|p1b: All-Might\ud83e\uddb8\u200d\u2642\ufe0f|Steel\n|move|p1b: All-Might\ud83e\uddb8\u200d\u2642\ufe0f|Iron Head|p2a: Nejire Hado\n|-supereffective|p2a: Nejire Hado\n|-damage|p2a: Nejire Hado|15\/100 par\n|move|p1a: Princess\ud83d\udc78|Ice Beam|p2b: Tetsu Tetsu\n|-resisted|p2b: Tetsu Tetsu\n|-damage|p2b: Tetsu Tetsu|68\/100 par\n|cant|p2b: Tetsu Tetsu|par\n|cant|p2a: Nejire Hado|flinch\n|\n|-weather|SunnyDay|[upkeep]\n|-damage|p1a: Princess\ud83d\udc78|73\/100 brn|[from] brn\n|upkeep\n|turn|12\n|\n|t:|1698543722\n|move|p1a: Princess\ud83d\udc78|Protect|p1a: Princess\ud83d\udc78\n|-singleturn|p1a: Princess\ud83d\udc78|Protect\n|move|p1b: All-Might\ud83e\uddb8\u200d\u2642\ufe0f|Earthquake|p2b: Tetsu Tetsu|[spread] p2a,p2b\n|-activate|p1a: Princess\ud83d\udc78|move: Protect\n|-damage|p2a: Nejire Hado|0 fnt\n|-damage|p2b: Tetsu Tetsu|41\/100 par\n|faint|p2a: Nejire Hado\n|move|p2b: Tetsu Tetsu|Aerial Ace|p1a: Princess\ud83d\udc78\n|-activate|p1a: Princess\ud83d\udc78|move: Protect\n|\n|-weather|none\n|-damage|p1a: Princess\ud83d\udc78|67\/100 brn|[from] brn\n|-sideend|p1: Telimonster0608|Reflect\n|upkeep\n|\n|t:|1698543728\n|switch|p2a: Fat Gum|Donphan, M|39\/100\n|turn|13\n|\n|t:|1698543755\n|move|p1b: All-Might\ud83e\uddb8\u200d\u2642\ufe0f|Dragon Claw|p2b: Tetsu Tetsu\n|-resisted|p2b: Tetsu Tetsu\n|-damage|p2b: Tetsu Tetsu|18\/100 par\n|move|p1a: Princess\ud83d\udc78|Ice Beam|p2a: Fat Gum\n|-supereffective|p2a: Fat Gum\n|-damage|p2a: Fat Gum|0 fnt\n|faint|p2a: Fat Gum\n|cant|p2b: Tetsu Tetsu|par\n|\n|-damage|p1a: Princess\ud83d\udc78|61\/100 brn|[from] brn\n|upkeep\n|\n|t:|1698543766\n|switch|p2a: Kinoko Komori|Amoonguss, F|100\/100\n|turn|14\n|\n|t:|1698543780\n|move|p1b: All-Might\ud83e\uddb8\u200d\u2642\ufe0f|Dragon Claw|p2b: Tetsu Tetsu\n|-resisted|p2b: Tetsu Tetsu\n|-damage|p2b: Tetsu Tetsu|0 fnt\n|faint|p2b: Tetsu Tetsu\n|move|p1a: Princess\ud83d\udc78|Ice Beam|p2a: Kinoko Komori\n|-supereffective|p2a: Kinoko Komori\n|-damage|p2a: Kinoko Komori|63\/100\n|move|p2a: Kinoko Komori|Spore|p1b: All-Might\ud83e\uddb8\u200d\u2642\ufe0f\n|-status|p1b: All-Might\ud83e\uddb8\u200d\u2642\ufe0f|slp|[from] move: Spore\n|-enditem|p1b: All-Might\ud83e\uddb8\u200d\u2642\ufe0f|Lum Berry|[eat]\n|-curestatus|p1b: All-Might\ud83e\uddb8\u200d\u2642\ufe0f|slp|[msg]\n|\n|-damage|p1a: Princess\ud83d\udc78|55\/100 brn|[from] brn\n|upkeep\n|turn|15\n|\n|t:|1698543802\n|move|p1b: All-Might\ud83e\uddb8\u200d\u2642\ufe0f|Dragon Claw|p2a: Kinoko Komori\n|-damage|p2a: Kinoko Komori|15\/100\n|-enditem|p2a: Kinoko Komori|Sitrus Berry|[eat]\n|-heal|p2a: Kinoko Komori|40\/100|[from] item: Sitrus Berry\n|move|p1a: Princess\ud83d\udc78|Ice Beam|p2a: Kinoko Komori\n|-supereffective|p2a: Kinoko Komori\n|-damage|p2a: Kinoko Komori|2\/100\n|move|p2a: Kinoko Komori|Pollen Puff|p1a: Princess\ud83d\udc78\n|-damage|p1a: Princess\ud83d\udc78|46\/100 brn\n|\n|-damage|p1a: Princess\ud83d\udc78|40\/100 brn|[from] brn\n|upkeep\n|turn|16\n|\n|t:|1698543822\n|move|p1b: All-Might\ud83e\uddb8\u200d\u2642\ufe0f|Dragon Claw|p2a: Kinoko Komori\n|-damage|p2a: Kinoko Komori|0 fnt\n|-status|p1b: All-Might\ud83e\uddb8\u200d\u2642\ufe0f|par|[from] ability: Effect Spore|[of] p2a: Kinoko Komori\n|faint|p2a: Kinoko Komori\n|\n|win|Telimonster0608\n","uploadtime":1698543827,"views":22,"p1id":"telimonster0608","p2id":"wookiebacon","formatid":"gen9doublesou","rating":0,"private":0,"password":""}