{"id":"gen9doublesou-1999691560","p1":"Capricoberry","p2":"Tony the CatNG","format":"[Gen 9] Doubles OU","log":"|j|\u2606Capricoberry\n|j|\u2606Tony the CatNG\n|t:|1701108232\n|gametype|doubles\n|player|p1|Capricoberry|169|1163\n|player|p2|Tony the CatNG|266|1053\n|teamsize|p1|6\n|teamsize|p2|6\n|gen|9\n|tier|[Gen 9] Doubles OU\n|rated|\n|rule|Species Clause: Limit one of each Pok\u00e9mon\n|rule|OHKO Clause: OHKO moves are banned\n|rule|Evasion Moves Clause: Evasion moves are banned\n|rule|Gravity Sleep Clause: The combination of sleep-inducing moves with imperfect accuracy and Gravity or Gigantamax Orbeetle are banned\n|rule|Endless Battle Clause: Forcing endless battles is banned\n|rule|HP Percentage Mod: HP is shown in percentages\n|clearpoke\n|poke|p1|Mew|\n|poke|p1|Klefki, M|\n|poke|p1|Chansey, F|\n|poke|p1|Zoroark-Hisui, M|\n|poke|p1|Stonjourner, F|\n|poke|p1|Tornadus, M|\n|poke|p2|Ceruledge, F|\n|poke|p2|Maushold-Four|\n|poke|p2|Clefable, F|\n|poke|p2|Bellibolt, F|\n|poke|p2|Chandelure, M|\n|poke|p2|Slowbro-Galar, M|\n|teampreview\n|inactive|Battle timer is ON: inactive players will automatically lose when time's up. (requested by Tony the CatNG)\n|inactive|Capricoberry has 120 seconds left.\n|\n|t:|1701108297\n|start\n|switch|p1a: Mew|Mew|100\/100\n|switch|p1b: Klefki|Klefki, M|100\/100\n|switch|p2a: Clefable|Clefable, F, shiny|100\/100\n|switch|p2b: Slowbro|Slowbro-Galar, M, shiny|100\/100\n|turn|1\n|-activate|p2b: Slowbro|ability: Quick Draw\n|\n|t:|1701108312\n|move|p1b: Klefki|Spikes|p2b: Slowbro\n|-sidestart|p2: Tony the CatNG|Spikes\n|move|p2b: Slowbro|Flamethrower|p1b: Klefki\n|-supereffective|p1b: Klefki\n|-damage|p1b: Klefki|51\/100\n|-enditem|p1b: Klefki|Red Card|[of] p2b: Slowbro\n|drag|p2b: Chandelure|Chandelure, M, shiny|100\/100\n|-damage|p2b: Chandelure|88\/100|[from] Spikes\n|move|p1a: Mew|Stealth Rock|p2b: Chandelure\n|-sidestart|p2: Tony the CatNG|move: Stealth Rock\n|move|p2a: Clefable|Substitute|p2a: Clefable\n|-start|p2a: Clefable|Substitute\n|-damage|p2a: Clefable|76\/100\n|\n|-heal|p2a: Clefable|82\/100|[from] item: Leftovers\n|upkeep\n|turn|2\n|\n|t:|1701108336\n|move|p1b: Klefki|Light Screen|p1b: Klefki\n|-sidestart|p1: Capricoberry|move: Light Screen\n|move|p2b: Chandelure|Flare Blitz|p1b: Klefki\n|-supereffective|p1b: Klefki\n|-damage|p1b: Klefki|9\/100\n|-damage|p2b: Chandelure|71\/100|[from] Recoil\n|move|p1a: Mew|Spikes|p2a: Clefable\n|-sidestart|p2: Tony the CatNG|Spikes\n|move|p2a: Clefable|Calm Mind|p2a: Clefable\n|-boost|p2a: Clefable|spa|1\n|-boost|p2a: Clefable|spd|1\n|\n|-heal|p2a: Clefable|88\/100|[from] item: Leftovers\n|upkeep\n|turn|3\n|\n|t:|1701108354\n|-terastallize|p2b: Chandelure|Electric\n|move|p1b: Klefki|Spikes|p2a: Clefable\n|-sidestart|p2: Tony the CatNG|Spikes\n|move|p2b: Chandelure|Tera Blast|p1b: Klefki|[anim] Tera Blast Electric\n|-damage|p1b: Klefki|0 fnt\n|faint|p1b: Klefki\n|move|p1a: Mew|Transform||[still]\n|-fail|p1a: Mew\n|move|p2a: Clefable|Calm Mind|p2a: Clefable\n|-boost|p2a: Clefable|spa|1\n|-boost|p2a: Clefable|spd|1\n|\n|-heal|p2a: Clefable|94\/100|[from] item: Leftovers\n|upkeep\n|\n|t:|1701108373\n|switch|p1b: Tornadus|Tornadus, M|100\/100\n|turn|4\n|\n|t:|1701108386\n|move|p1b: Tornadus|Protect|p1b: Tornadus\n|-singleturn|p1b: Tornadus|Protect\n|move|p2b: Chandelure|Tera Blast|p1b: Tornadus|[anim] Tera Blast Electric\n|-activate|p1b: Tornadus|move: Protect\n|move|p1a: Mew|Transform|p2b: Chandelure\n|-transform|p1a: Mew|p2b: Chandelure\n|move|p2a: Clefable|Calm Mind|p2a: Clefable\n|-boost|p2a: Clefable|spa|1\n|-boost|p2a: Clefable|spd|1\n|\n|-heal|p2a: Clefable|99\/100|[from] item: Leftovers\n|upkeep\n|-start|p1a: Mew|typechange|Ghost\/Fire|[silent]\n|turn|5\n|\n|t:|1701108408\n|move|p1b: Tornadus|Tailwind|p1b: Tornadus\n|-sidestart|p1: Capricoberry|move: Tailwind\n|move|p1a: Mew|Calm Mind|p1a: Mew\n|-boost|p1a: Mew|spa|1\n|-boost|p1a: Mew|spd|1\n|move|p2b: Chandelure|Tera Blast|p1b: Tornadus|[anim] Tera Blast Electric\n|-supereffective|p1b: Tornadus\n|-damage|p1b: Tornadus|23\/100\n|-enditem|p1b: Tornadus|Red Card|[of] p2b: Chandelure\n|drag|p2b: Ceruledge|Ceruledge, F, shiny|100\/100\n|-damage|p2b: Ceruledge|76\/100|[from] Spikes\n|-damage|p2b: Ceruledge|51\/100|[from] Stealth Rock\n|move|p2a: Clefable|Calm Mind|p2a: Clefable\n|-boost|p2a: Clefable|spa|1\n|-boost|p2a: Clefable|spd|1\n|\n|-heal|p2b: Ceruledge|57\/100|[from] item: Leftovers\n|-heal|p2a: Clefable|100\/100|[from] item: Leftovers\n|upkeep\n|turn|6\n|\n|t:|1701108432\n|-terastallize|p1a: Mew|Dark\n|move|p1a: Mew|Calm Mind|p1a: Mew\n|-boost|p1a: Mew|spa|1\n|-boost|p1a: Mew|spd|1\n|move|p1b: Tornadus|Knock Off|p2b: Ceruledge\n|-supereffective|p2b: Ceruledge\n|-damage|p2b: Ceruledge|0 fnt\n|-enditem|p2b: Ceruledge|Leftovers|[from] move: Knock Off|[of] p1b: Tornadus\n|faint|p2b: Ceruledge\n|move|p2a: Clefable|Stored Power|p1a: Mew\n|-immune|p1a: Mew\n|\n|-sideend|p1: Capricoberry|move: Light Screen\n|upkeep\n|inactive|Tony the CatNG has 120 seconds left.\n|\n|t:|1701108448\n|switch|p2b: Bellibolt|Bellibolt, F, shiny|100\/100\n|-damage|p2b: Bellibolt|76\/100|[from] Spikes\n|-damage|p2b: Bellibolt|63\/100|[from] Stealth Rock\n|turn|7\n|\n|t:|1701108466\n|move|p1a: Mew|Tera Blast|p2b: Bellibolt|[anim] Tera Blast Dark\n|-damage|p2b: Bellibolt|0 fnt\n|faint|p2b: Bellibolt\n|move|p1b: Tornadus|Knock Off|p2a: Clefable\n|-resisted|p2a: Clefable\n|-activate|p2a: Clefable|move: Substitute|[damage]\n|move|p2a: Clefable|Draining Kiss|p1a: Mew\n|-supereffective|p1a: Mew\n|-damage|p1a: Mew|50\/100\n|-enditem|p1a: Mew|Red Card|[of] p2a: Clefable\n|drag|p2a: Chandelure|Chandelure, M, shiny, tera:Electric|71\/100\n|-damage|p2a: Chandelure|46\/100|[from] Spikes\n|-damage|p2a: Chandelure|34\/100|[from] Stealth Rock\n|\n|upkeep\n|\n|t:|1701108481\n|switch|p2b: Maushold|Maushold-Four, shiny|100\/100\n|-damage|p2b: Maushold|76\/100|[from] Spikes\n|-damage|p2b: Maushold|63\/100|[from] Stealth Rock\n|turn|8\n|\n|t:|1701108497\n|move|p1a: Mew|Tera Blast|p2a: Chandelure|[anim] Tera Blast Dark\n|-damage|p2a: Chandelure|0 fnt\n|faint|p2a: Chandelure\n|move|p1b: Tornadus|Knock Off|p2b: Maushold\n|-damage|p2b: Maushold|35\/100\n|-enditem|p2b: Maushold|Iapapa Berry|[from] move: Knock Off|[of] p1b: Tornadus\n|move|p2b: Maushold|Population Bomb|p1b: Tornadus|[miss]\n|-miss|p2b: Maushold|p1b: Tornadus\n|\n|-sideend|p1: Capricoberry|move: Tailwind\n|upkeep\n|\n|t:|1701108509\n|switch|p2a: Slowbro|Slowbro-Galar, M, shiny|100\/100\n|-damage|p2a: Slowbro|76\/100|[from] Spikes\n|-damage|p2a: Slowbro|63\/100|[from] Stealth Rock\n|turn|9\n|c|\u2606Capricoberry|Oof\n|-activate|p2a: Slowbro|ability: Quick Draw\n|\n|t:|1701108522\n|move|p1b: Tornadus|Tailwind|p1b: Tornadus\n|-sidestart|p1: Capricoberry|move: Tailwind\n|move|p2a: Slowbro|Poison Jab|p1a: Mew\n|-damage|p1a: Mew|13\/100\n|move|p1a: Mew|Tera Blast|p2a: Slowbro|[anim] Tera Blast Dark\n|-supereffective|p2a: Slowbro\n|-damage|p2a: Slowbro|0 fnt\n|faint|p2a: Slowbro\n|move|p2b: Maushold|Crunch|p1b: Tornadus\n|-damage|p1b: Tornadus|0 fnt\n|faint|p1b: Tornadus\n|\n|upkeep\n|\n|t:|1701108537\n|switch|p1b: Stonjourner|Stonjourner, F|100\/100\n|switch|p2a: Clefable|Clefable, F, shiny|100\/100\n|turn|10\n|\n|t:|1701108554\n|move|p1b: Stonjourner|Swords Dance|p1b: Stonjourner\n|-boost|p1b: Stonjourner|atk|2\n|move|p1a: Mew|Tera Blast|p2b: Maushold|[anim] Tera Blast Dark\n|-damage|p2b: Maushold|0 fnt\n|faint|p2b: Maushold\n|move|p2a: Clefable|Substitute|p2a: Clefable\n|-start|p2a: Clefable|Substitute\n|-damage|p2a: Clefable|76\/100\n|\n|-heal|p2a: Clefable|82\/100|[from] item: Leftovers\n|upkeep\n|turn|11\n|\n|t:|1701108573\n|move|p1b: Stonjourner|Phantom Force||[still]\n|-prepare|p1b: Stonjourner|Phantom Force\n|-enditem|p1b: Stonjourner|Power Herb\n|-anim|p1b: Stonjourner|Phantom Force|p2a: Clefable\n|-end|p2a: Clefable|Substitute\n|move|p1a: Mew|Psychic|p2a: Clefable\n|-damage|p2a: Clefable|15\/100\n|move|p2a: Clefable|Draining Kiss|p1a: Mew\n|-supereffective|p1a: Mew\n|-damage|p1a: Mew|0 fnt\n|-heal|p2a: Clefable|25\/100|[from] drain|[of] p1a: Mew\n|faint|p1a: Mew\n|\n|-heal|p2a: Clefable|31\/100|[from] item: Leftovers\n|upkeep\n|\n|t:|1701108584\n|switch|p1a: Stonjourner|Stonjourner, F|100\/100\n|turn|12\n|\n|t:|1701108592\n|move|p1b: Stonjourner|Phantom Force||[still]\n|-prepare|p1b: Stonjourner|Phantom Force\n|move|p1a: Stonjourner|Heavy Slam|p2a: Clefable\n|-supereffective|p2a: Clefable\n|-damage|p2a: Clefable|0 fnt\n|faint|p2a: Clefable\n|\n|win|Capricoberry\n|raw|Capricoberry's rating: 1163 &rarr; <strong>1180<\/strong><br \/>(+17 for winning)\n|raw|Tony the CatNG's rating: 1053 &rarr; <strong>1041<\/strong><br \/>(-12 for losing)\n","uploadtime":1701108600,"views":7,"p1id":"capricoberry","p2id":"tonythecatng","formatid":"gen9doublesou","rating":1041,"private":0,"password":""}