{"id":"gen9doublesou-1993890255","p1":"tacogaming07","p2":"thesimpsons208","format":"[Gen 9] Doubles OU","log":"|j|\u2606tacogaming07\n|j|\u2606thesimpsons208\n|t:|1700370753\n|gametype|doubles\n|player|p1|tacogaming07|cynthia|1052\n|player|p2|thesimpsons208|wallace|1089\n|teamsize|p1|6\n|teamsize|p2|6\n|gen|9\n|tier|[Gen 9] Doubles OU\n|rated|\n|rule|Species Clause: Limit one of each Pok\u00e9mon\n|rule|OHKO Clause: OHKO moves are banned\n|rule|Evasion Moves Clause: Evasion moves are banned\n|rule|Gravity Sleep Clause: The combination of sleep-inducing moves with imperfect accuracy and Gravity or Gigantamax Orbeetle are banned\n|rule|Endless Battle Clause: Forcing endless battles is banned\n|rule|HP Percentage Mod: HP is shown in percentages\n|clearpoke\n|poke|p1|Chi-Yu|\n|poke|p1|Torkoal, M|\n|poke|p1|Iron Bundle|\n|poke|p1|Farigiraf, F|\n|poke|p1|Dragonite, F|\n|poke|p1|Brute Bonnet|\n|poke|p2|Goodra, M|\n|poke|p2|Pelipper, M|\n|poke|p2|Zapdos|\n|poke|p2|Scizor, M|\n|poke|p2|Gastrodon-East, M|\n|poke|p2|Arcanine, F|\n|teampreview\n|inactive|Battle timer is ON: inactive players will automatically lose when time's up. (requested by thesimpsons208)\n|\n|t:|1700370780\n|start\n|switch|p1a: Farigiraf|Farigiraf, F|100\/100\n|switch|p1b: Brute Bonnet|Brute Bonnet|100\/100\n|switch|p2a: Gastrodon|Gastrodon-East, M|100\/100\n|switch|p2b: Arcanine|Arcanine, F|100\/100\n|-ability|p2b: Arcanine|Intimidate|boost\n|-unboost|p1a: Farigiraf|atk|1\n|-unboost|p1b: Brute Bonnet|atk|1\n|turn|1\n|\n|t:|1700370810\n|switch|p2a: Goodra|Goodra, M|100\/100\n|move|p2b: Arcanine|Close Combat|p1b: Brute Bonnet\n|-supereffective|p1b: Brute Bonnet\n|-damage|p1b: Brute Bonnet|28\/100\n|-unboost|p2b: Arcanine|def|1\n|-unboost|p2b: Arcanine|spd|1\n|-damage|p2b: Arcanine|91\/100|[from] item: Life Orb\n|move|p1b: Brute Bonnet|Spore|p2b: Arcanine\n|-status|p2b: Arcanine|slp|[from] move: Spore\n|move|p1a: Farigiraf|Trick Room|p1a: Farigiraf\n|-fieldstart|move: Trick Room|[of] p1a: Farigiraf\n|\n|upkeep\n|turn|2\n|inactive|tacogaming07 has 120 seconds left.\n|\n|t:|1700370843\n|switch|p2b: Gastrodon|Gastrodon-East, M|100\/100\n|move|p1b: Brute Bonnet|Close Combat|p2a: Goodra\n|-damage|p2a: Goodra|55\/100\n|-unboost|p1b: Brute Bonnet|def|1\n|-unboost|p1b: Brute Bonnet|spd|1\n|-damage|p1b: Brute Bonnet|18\/100|[from] item: Life Orb\n|move|p1a: Farigiraf|Hyper Voice|p2b: Gastrodon|[spread] p2a,p2b\n|-damage|p2a: Goodra|43\/100\n|-damage|p2b: Gastrodon|83\/100\n|move|p2a: Goodra|Draco Meteor|p1a: Farigiraf\n|-damage|p1a: Farigiraf|37\/100\n|-unboost|p2a: Goodra|spa|2\n|\n|upkeep\n|turn|3\n|inactive|tacogaming07 has 120 seconds left.\n|\n|t:|1700370875\n|move|p1a: Farigiraf|Protect|p1a: Farigiraf\n|-singleturn|p1a: Farigiraf|Protect\n|move|p2b: Gastrodon|Ice Beam|p1b: Brute Bonnet\n|-supereffective|p1b: Brute Bonnet\n|-damage|p1b: Brute Bonnet|0 fnt\n|faint|p1b: Brute Bonnet\n|-end|p1b: Brute Bonnet|Protosynthesis|[silent]\n|move|p2a: Goodra|Sludge Bomb|p1a: Farigiraf\n|-activate|p1a: Farigiraf|move: Protect\n|\n|upkeep\n|\n|t:|1700370890\n|switch|p1b: Dragonite|Dragonite, F|100\/100\n|turn|4\n|inactive|tacogaming07 has 120 seconds left.\n|\n|t:|1700370907\n|switch|p2a: Arcanine|Arcanine, F|91\/100 slp\n|-ability|p2a: Arcanine|Intimidate|boost\n|-unboost|p1a: Farigiraf|atk|1\n|-fail|p1b: Dragonite|unboost|Attack|[from] ability: Inner Focus|[of] p1b: Dragonite\n|move|p2b: Gastrodon|Ice Beam|p1b: Dragonite\n|-supereffective|p1b: Dragonite\n|-damage|p1b: Dragonite|32\/100\n|move|p1a: Farigiraf|Hyper Voice|p2a: Arcanine|[spread] p2a,p2b\n|-damage|p2a: Arcanine|53\/100 slp\n|-damage|p2b: Gastrodon|64\/100\n|move|p1b: Dragonite|Dragon Claw|p2a: Arcanine\n|-damage|p2a: Arcanine|0 fnt\n|faint|p2a: Arcanine\n|\n|upkeep\n|\n|t:|1700370923\n|switch|p2a: Goodra|Goodra, M|43\/100\n|turn|5\n|\n|t:|1700370940\n|move|p2b: Gastrodon|Stealth Rock|p1a: Farigiraf\n|-sidestart|p1: tacogaming07|move: Stealth Rock\n|move|p1a: Farigiraf|Hyper Voice|p2b: Gastrodon|[spread] p2a,p2b\n|-damage|p2a: Goodra|31\/100\n|-damage|p2b: Gastrodon|44\/100\n|move|p1b: Dragonite|Dragon Claw|p2a: Goodra\n|-supereffective|p2a: Goodra\n|-damage|p2a: Goodra|0 fnt\n|faint|p2a: Goodra\n|\n|-fieldend|move: Trick Room\n|upkeep\n|\n|t:|1700370958\n|switch|p2a: Scizor|Scizor, M|100\/100\n|turn|6\n|\n|t:|1700370972\n|move|p1a: Farigiraf|Protect|p1a: Farigiraf\n|-singleturn|p1a: Farigiraf|Protect\n|move|p2a: Scizor|Swords Dance|p2a: Scizor\n|-boost|p2a: Scizor|atk|2\n|move|p1b: Dragonite|Dragon Claw|p2a: Scizor\n|-resisted|p2a: Scizor\n|-damage|p2a: Scizor|63\/100\n|move|p2b: Gastrodon|Ice Beam|p1b: Dragonite\n|-supereffective|p1b: Dragonite\n|-damage|p1b: Dragonite|0 fnt\n|faint|p1b: Dragonite\n|\n|upkeep\n|\n|t:|1700370984\n|switch|p1b: Torkoal|Torkoal, M|100\/100\n|-damage|p1b: Torkoal|75\/100|[from] Stealth Rock\n|-weather|SunnyDay|[from] ability: Drought|[of] p1b: Torkoal\n|turn|7\n|\n|t:|1700371009\n|switch|p2b: Pelipper|Pelipper, M|100\/100\n|-weather|RainDance|[from] ability: Drizzle|[of] p2b: Pelipper\n|move|p1a: Farigiraf|Protect||[still]\n|-fail|p1a: Farigiraf\n|move|p2a: Scizor|Lunge|p1a: Farigiraf\n|-supereffective|p1a: Farigiraf\n|-damage|p1a: Farigiraf|0 fnt\n|faint|p1a: Farigiraf\n|move|p1b: Torkoal|Eruption|p2b: Pelipper|[spread] p2a,p2b\n|-supereffective|p2a: Scizor\n|-resisted|p2b: Pelipper\n|-damage|p2a: Scizor|0 fnt\n|-damage|p2b: Pelipper|88\/100\n|faint|p2a: Scizor\n|\n|-weather|RainDance|[upkeep]\n|upkeep\n|\n|t:|1700371024\n|switch|p2a: Zapdos|Zapdos|100\/100\n|switch|p1a: Iron Bundle|Iron Bundle|100\/100\n|-damage|p1a: Iron Bundle|76\/100|[from] Stealth Rock\n|-enditem|p1a: Iron Bundle|Booster Energy\n|-activate|p1a: Iron Bundle|ability: Quark Drive|[fromitem]\n|-start|p1a: Iron Bundle|quarkdrivespe\n|turn|8\n|inactive|tacogaming07 has 120 seconds left.\n|\n|t:|1700371065\n|move|p1a: Iron Bundle|Freeze-Dry|p2b: Pelipper\n|-supereffective|p2b: Pelipper\n|-damage|p2b: Pelipper|0 fnt\n|faint|p2b: Pelipper\n|move|p2a: Zapdos|Thunder|p1a: Iron Bundle\n|-supereffective|p1a: Iron Bundle\n|-damage|p1a: Iron Bundle|0 fnt\n|faint|p1a: Iron Bundle\n|-end|p1a: Iron Bundle|Quark Drive|[silent]\n|move|p1b: Torkoal|Heat Wave|p2a: Zapdos\n|-damage|p2a: Zapdos|72\/100\n|-status|p2a: Zapdos|brn\n|\n|-weather|RainDance|[upkeep]\n|-damage|p2a: Zapdos|66\/100 brn|[from] brn\n|upkeep\n|inactive|tacogaming07 has 120 seconds left.\n|\n|t:|1700371083\n|switch|p1a: Chi-Yu|Chi-Yu|100\/100\n|switch|p2b: Gastrodon|Gastrodon-East, M|44\/100\n|-damage|p1a: Chi-Yu|76\/100|[from] Stealth Rock\n|-ability|p1a: Chi-Yu|Beads of Ruin\n|turn|9\n|inactive|tacogaming07 has 120 seconds left.\n|\n|t:|1700371119\n|move|p1a: Chi-Yu|Snarl|p2a: Zapdos|[spread] p2a,p2b\n|-damage|p2a: Zapdos|33\/100 brn\n|-damage|p2b: Gastrodon|24\/100\n|-unboost|p2a: Zapdos|spa|1\n|-unboost|p2b: Gastrodon|spa|1\n|move|p2a: Zapdos|Thunder|p1b: Torkoal\n|-damage|p1b: Torkoal|0 fnt\n|faint|p1b: Torkoal\n|move|p2b: Gastrodon|Earth Power|p1a: Chi-Yu\n|-supereffective|p1a: Chi-Yu\n|-damage|p1a: Chi-Yu|32\/100\n|\n|-weather|RainDance|[upkeep]\n|-damage|p2a: Zapdos|27\/100 brn|[from] brn\n|upkeep\n|turn|10\n|inactive|tacogaming07 has 120 seconds left.\n|\n|t:|1700371137\n|-terastallize|p1a: Chi-Yu|Fire\n|-terastallize|p2a: Zapdos|Electric\n|move|p1a: Chi-Yu|Snarl|p2b: Gastrodon|[spread] p2a,p2b\n|-damage|p2a: Zapdos|0 fnt\n|-damage|p2b: Gastrodon|4\/100\n|-unboost|p2b: Gastrodon|spa|1\n|faint|p2a: Zapdos\n|move|p2b: Gastrodon|Earth Power|p1a: Chi-Yu\n|-supereffective|p1a: Chi-Yu\n|-damage|p1a: Chi-Yu|0 fnt\n|faint|p1a: Chi-Yu\n|\n|win|thesimpsons208\n|raw|tacogaming07's rating: 1052 &rarr; <strong>1036<\/strong><br \/>(-16 for losing)\n|raw|thesimpsons208's rating: 1089 &rarr; <strong>1113<\/strong><br \/>(+24 for winning)\n","uploadtime":1700371150,"views":13,"p1id":"tacogaming07","p2id":"thesimpsons208","formatid":"gen9doublesou","rating":1036,"private":0,"password":""}