{"id":"gen9doublesou-1994074828","p1":"Moldycheezi","p2":"andyverds","format":"[Gen 9] Doubles OU","log":"|j|\u2606Moldycheezi\n|j|\u2606andyverds\n|t:|1700403557\n|gametype|doubles\n|player|p1|Moldycheezi|aromalady|1398\n|player|p2|andyverds|265|1378\n|teamsize|p1|6\n|teamsize|p2|6\n|gen|9\n|tier|[Gen 9] Doubles OU\n|rated|\n|rule|Species Clause: Limit one of each Pok\u00e9mon\n|rule|OHKO Clause: OHKO moves are banned\n|rule|Evasion Moves Clause: Evasion moves are banned\n|rule|Gravity Sleep Clause: The combination of sleep-inducing moves with imperfect accuracy and Gravity or Gigantamax Orbeetle are banned\n|rule|Endless Battle Clause: Forcing endless battles is banned\n|rule|HP Percentage Mod: HP is shown in percentages\n|clearpoke\n|poke|p1|Chien-Pao|\n|poke|p1|Goodra-Hisui, F|\n|poke|p1|Empoleon, M|\n|poke|p1|Flutter Mane|\n|poke|p1|Breloom, M|\n|poke|p1|Iron Moth|\n|poke|p2|Kommo-o, M|\n|poke|p2|Tyranitar, M|\n|poke|p2|Rillaboom, F|\n|poke|p2|Flutter Mane|\n|poke|p2|Arcanine-Hisui, F|\n|poke|p2|Iron Bundle|\n|teampreview\n|\n|t:|1700403580\n|start\n|switch|p1a: Wolverine|Chien-Pao|100\/100\n|switch|p1b: Gogeta|Breloom, M, shiny|100\/100\n|switch|p2a: Rillaboom|Rillaboom, F|100\/100\n|switch|p2b: Arcanine|Arcanine-Hisui, F|100\/100\n|-ability|p1a: Wolverine|Sword of Ruin\n|-ability|p2b: Arcanine|Intimidate|boost\n|-unboost|p1a: Wolverine|atk|1\n|-unboost|p1b: Gogeta|atk|1\n|-fieldstart|move: Grassy Terrain|[from] ability: Grassy Surge|[of] p2a: Rillaboom\n|turn|1\n|\n|t:|1700403611\n|switch|p1b: Espec\u00edfico|Empoleon, M|100\/100\n|move|p1a: Wolverine|Protect|p1a: Wolverine\n|-singleturn|p1a: Wolverine|Protect\n|move|p2a: Rillaboom|Fake Out|p1a: Wolverine\n|-activate|p1a: Wolverine|move: Protect\n|move|p2b: Arcanine|Flare Blitz|p1a: Wolverine\n|-activate|p1a: Wolverine|move: Protect\n|\n|upkeep\n|turn|2\n|\n|t:|1700403644\n|-terastallize|p2b: Arcanine|Water\n|move|p2a: Rillaboom|Grassy Glide|p1b: Espec\u00edfico\n|-damage|p1b: Espec\u00edfico|45\/100\n|move|p1a: Wolverine|Ice Spinner|p2a: Rillaboom\n|-supereffective|p2a: Rillaboom\n|-damage|p2a: Rillaboom|38\/100\n|-fieldend|move: Grassy Terrain\n|move|p2b: Arcanine|Flare Blitz|p1a: Wolverine\n|-supereffective|p1a: Wolverine\n|-enditem|p1a: Wolverine|Focus Sash\n|-damage|p1a: Wolverine|1\/100\n|-damage|p2b: Arcanine|75\/100|[from] Recoil\n|move|p1b: Espec\u00edfico|Surf|p2a: Rillaboom|[spread] p1a,p2a,p2b\n|-resisted|p2a: Rillaboom\n|-resisted|p2b: Arcanine\n|-damage|p1a: Wolverine|0 fnt\n|-damage|p2a: Rillaboom|20\/100\n|-damage|p2b: Arcanine|60\/100\n|faint|p1a: Wolverine\n|\n|-heal|p1b: Espec\u00edfico|51\/100|[from] item: Leftovers\n|upkeep\n|\n|t:|1700403683\n|switch|p1a: Gogeta|Breloom, M, shiny|100\/100\n|turn|3\n|\n|t:|1700403697\n|move|p2b: Arcanine|Flare Blitz|p1a: Gogeta\n|-supereffective|p1a: Gogeta\n|-damage|p1a: Gogeta|0 fnt\n|faint|p1a: Gogeta\n|-damage|p2b: Arcanine|38\/100|[from] Recoil\n|-enditem|p2b: Arcanine|Sitrus Berry|[eat]\n|-heal|p2b: Arcanine|63\/100|[from] item: Sitrus Berry\n|move|p2a: Rillaboom|Grassy Glide|p1b: Espec\u00edfico\n|-damage|p1b: Espec\u00edfico|21\/100\n|move|p1b: Espec\u00edfico|Ice Beam|p2a: Rillaboom\n|-supereffective|p2a: Rillaboom\n|-damage|p2a: Rillaboom|0 fnt\n|faint|p2a: Rillaboom\n|\n|-heal|p1b: Espec\u00edfico|27\/100|[from] item: Leftovers\n|upkeep\n|\n|t:|1700403716\n|switch|p1a: Flash|Iron Moth|100\/100\n|switch|p2a: Flutter Mane|Flutter Mane|100\/100\n|turn|4\n|\n|t:|1700403735\n|move|p2a: Flutter Mane|Shadow Ball|p1a: Flash\n|-damage|p1a: Flash|32\/100\n|move|p1a: Flash|Energy Ball|p2b: Arcanine\n|-supereffective|p2b: Arcanine\n|-damage|p2b: Arcanine|0 fnt\n|faint|p2b: Arcanine\n|move|p1b: Espec\u00edfico|Flash Cannon|p2a: Flutter Mane\n|-supereffective|p2a: Flutter Mane\n|-crit|p2a: Flutter Mane\n|-damage|p2a: Flutter Mane|0 fnt\n|faint|p2a: Flutter Mane\n|-end|p2a: Flutter Mane|Protosynthesis|[silent]\n|\n|-heal|p1b: Espec\u00edfico|33\/100|[from] item: Leftovers\n|upkeep\n|\n|t:|1700403751\n|switch|p2a: Iron Bundle|Iron Bundle|100\/100\n|switch|p2b: Tyranitar|Tyranitar, M|100\/100\n|-weather|Sandstorm|[from] ability: Sand Stream|[of] p2b: Tyranitar\n|-enditem|p2a: Iron Bundle|Booster Energy\n|-activate|p2a: Iron Bundle|ability: Quark Drive|[fromitem]\n|-start|p2a: Iron Bundle|quarkdrivespe\n|turn|5\n|\n|t:|1700403769\n|move|p2a: Iron Bundle|Hydro Pump|p1a: Flash\n|-supereffective|p1a: Flash\n|-damage|p1a: Flash|0 fnt\n|faint|p1a: Flash\n|-end|p1a: Flash|Quark Drive|[silent]\n|move|p2b: Tyranitar|Low Kick|p1b: Espec\u00edfico\n|-supereffective|p1b: Espec\u00edfico\n|-damage|p1b: Espec\u00edfico|0 fnt\n|faint|p1b: Espec\u00edfico\n|\n|-weather|Sandstorm|[upkeep]\n|-damage|p2a: Iron Bundle|95\/100|[from] Sandstorm\n|upkeep\n|\n|t:|1700403787\n|switch|p1a: Berlin|Goodra-Hisui, F|100\/100\n|switch|p1b: Tarot|Flutter Mane|100\/100\n|-enditem|p1b: Tarot|Booster Energy\n|-activate|p1b: Tarot|ability: Protosynthesis|[fromitem]\n|-start|p1b: Tarot|protosynthesisspe\n|turn|6\n|\n|t:|1700403809\n|-terastallize|p1a: Berlin|Water\n|move|p2a: Iron Bundle|Hydro Pump|p1b: Tarot\n|-crit|p1b: Tarot\n|-damage|p1b: Tarot|15\/100\n|move|p1b: Tarot|Moonblast|p2b: Tyranitar\n|-supereffective|p2b: Tyranitar\n|-damage|p2b: Tyranitar|58\/100\n|move|p2b: Tyranitar|Rock Slide|p1b: Tarot|[spread] p1a\n|-miss|p2b: Tyranitar|p1b: Tarot\n|-damage|p1a: Berlin|78\/100\n|move|p1a: Berlin|Shelter|p1a: Berlin\n|-boost|p1a: Berlin|def|2\n|\n|-weather|Sandstorm|[upkeep]\n|-damage|p2a: Iron Bundle|89\/100|[from] Sandstorm\n|-damage|p1b: Tarot|9\/100|[from] Sandstorm\n|-damage|p1a: Berlin|72\/100|[from] Sandstorm\n|-heal|p1a: Berlin|78\/100|[from] item: Leftovers\n|upkeep\n|turn|7\n|\n|t:|1700403844\n|move|p2a: Iron Bundle|Icy Wind|p1b: Tarot|[spread] p1a,p1b\n|-resisted|p1a: Berlin\n|-damage|p1a: Berlin|71\/100\n|-damage|p1b: Tarot|0 fnt\n|-unboost|p1a: Berlin|spe|1\n|faint|p1b: Tarot\n|-end|p1b: Tarot|Protosynthesis|[silent]\n|move|p2b: Tyranitar|Low Kick|p1a: Berlin\n|-damage|p1a: Berlin|55\/100\n|move|p1a: Berlin|Body Press|p2a: Iron Bundle\n|-supereffective|p2a: Iron Bundle\n|-damage|p2a: Iron Bundle|0 fnt\n|faint|p2a: Iron Bundle\n|-end|p2a: Iron Bundle|Quark Drive|[silent]\n|\n|-weather|Sandstorm|[upkeep]\n|-damage|p1a: Berlin|49\/100|[from] Sandstorm\n|-heal|p1a: Berlin|55\/100|[from] item: Leftovers\n|upkeep\n|\n|t:|1700403855\n|switch|p2a: Kommo-o|Kommo-o, M|100\/100\n|turn|8\n|\n|t:|1700403871\n|move|p2b: Tyranitar|Knock Off|p1a: Berlin\n|-damage|p1a: Berlin|37\/100\n|-enditem|p1a: Berlin|Leftovers|[from] move: Knock Off|[of] p2b: Tyranitar\n|move|p2a: Kommo-o|Iron Defense|p2a: Kommo-o\n|-boost|p2a: Kommo-o|def|2\n|move|p1a: Berlin|Shelter|p1a: Berlin\n|-boost|p1a: Berlin|def|2\n|\n|-weather|Sandstorm|[upkeep]\n|-damage|p2a: Kommo-o|94\/100|[from] Sandstorm\n|-damage|p1a: Berlin|31\/100|[from] Sandstorm\n|-heal|p2a: Kommo-o|100\/100|[from] item: Leftovers\n|upkeep\n|turn|9\n|\n|t:|1700403904\n|move|p2b: Tyranitar|Rock Slide|p1a: Berlin\n|-crit|p1a: Berlin\n|-damage|p1a: Berlin|0 fnt\n|faint|p1a: Berlin\n|\n|win|andyverds\n|raw|Moldycheezi's rating: 1398 &rarr; <strong>1377<\/strong><br \/>(-21 for losing)\n|raw|andyverds's rating: 1378 &rarr; <strong>1399<\/strong><br \/>(+21 for winning)\n|l|\u2606andyverds\n","uploadtime":1700403923,"views":15,"p1id":"moldycheezi","p2id":"andyverds","formatid":"gen9doublesou","rating":1377,"private":0,"password":""}