{"id":"gen9doublesou-1986177500","p1":"test 99 ou","p2":"xtevia","format":"[Gen 9] Doubles OU","log":"|j|\u2606test 99 ou\n|j|\u2606xtevia\n|t:|1699457328\n|gametype|doubles\n|player|p1|test 99 ou|lady|1583\n|player|p2|xtevia|170|1568\n|teamsize|p1|6\n|teamsize|p2|6\n|gen|9\n|tier|[Gen 9] Doubles OU\n|rated|\n|rule|Species Clause: Limit one of each Pok\u00e9mon\n|rule|OHKO Clause: OHKO moves are banned\n|rule|Evasion Moves Clause: Evasion moves are banned\n|rule|Gravity Sleep Clause: The combination of sleep-inducing moves with imperfect accuracy and Gravity or Gigantamax Orbeetle are banned\n|rule|Endless Battle Clause: Forcing endless battles is banned\n|rule|HP Percentage Mod: HP is shown in percentages\n|clearpoke\n|poke|p1|Tornadus, M|\n|poke|p1|Flutter Mane|\n|poke|p1|Landorus-Therian, M|\n|poke|p1|Chi-Yu|\n|poke|p1|Iron Hands|\n|poke|p1|Ursaluna-Bloodmoon, M|\n|poke|p2|Toxapex, F|\n|poke|p2|Goodra-Hisui, F|\n|poke|p2|Chi-Yu|\n|poke|p2|Landorus-Therian, M|\n|poke|p2|Volcanion|\n|poke|p2|Grimmsnarl, M|\n|teampreview\n|inactive|Battle timer is ON: inactive players will automatically lose when time's up. (requested by xtevia)\n|c|\u2606test 99 ou|bro do you want to be 6 ohd from eq?\n|\n|t:|1699457360\n|start\n|switch|p1a: Tornadus|Tornadus, M|100\/100\n|switch|p1b: Ursaluna|Ursaluna-Bloodmoon, M|100\/100\n|switch|p2a: Grimmsnarl|Grimmsnarl, M|100\/100\n|switch|p2b: Chi-Yu|Chi-Yu|100\/100\n|-ability|p2b: Chi-Yu|Beads of Ruin\n|turn|1\n|inactive|test 99 ou has 120 seconds left.\n|c|\u2606xtevia|what is that?\n|\n|t:|1699457402\n|move|p1a: Tornadus|Tailwind|p1a: Tornadus\n|-sidestart|p1: test 99 ou|move: Tailwind\n|move|p2a: Grimmsnarl|Parting Shot|p1b: Ursaluna\n|-unboost|p1b: Ursaluna|atk|1\n|-unboost|p1b: Ursaluna|spa|1\n|c|\u2606test 99 ou|earth quake\n|\n|t:|1699457413\n|switch|p2a: Toxapex|Toxapex, F|100\/100|[from] Parting Shot\n|move|p2b: Chi-Yu|Snarl|p1b: Ursaluna|[spread] p1a,p1b\n|-damage|p1a: Tornadus|68\/100\n|-damage|p1b: Ursaluna|64\/100\n|-unboost|p1b: Ursaluna|spa|1\n|move|p1b: Ursaluna|Blood Moon|p2b: Chi-Yu\n|-damage|p2b: Chi-Yu|38\/100\n|\n|upkeep\n|turn|2\n|\n|t:|1699457428\n|switch|p1b: Iron Hands|Iron Hands|100\/100\n|move|p2a: Toxapex|Wide Guard|p2a: Toxapex\n|-singleturn|p2a: Toxapex|Wide Guard\n|move|p1a: Tornadus|Bleakwind Storm|p2a: Toxapex|[spread] \n|-activate|p2a: Toxapex|move: Wide Guard\n|-activate|p2b: Chi-Yu|move: Wide Guard\n|move|p2b: Chi-Yu|Snarl|p1a: Tornadus|[spread] p1b\n|-miss|p2b: Chi-Yu|p1a: Tornadus\n|-resisted|p1b: Iron Hands\n|-damage|p1b: Iron Hands|90\/100\n|-unboost|p1b: Iron Hands|spa|1\n|\n|upkeep\n|turn|3\n|\n|t:|1699457450\n|switch|p2b: Landorus|Landorus-Therian, M|100\/100\n|-ability|p2b: Landorus|Intimidate|boost\n|-unboost|p1a: Tornadus|atk|1\n|-unboost|p1b: Iron Hands|atk|1\n|move|p1b: Iron Hands|Fake Out|p2b: Landorus\n|-damage|p2b: Landorus|88\/100\n|move|p1a: Tornadus|Taunt|p2a: Toxapex\n|-start|p2a: Toxapex|move: Taunt\n|move|p2a: Toxapex|Infestation|p1b: Iron Hands\n|-resisted|p1b: Iron Hands\n|-damage|p1b: Iron Hands|89\/100\n|-activate|p1b: Iron Hands|move: Infestation|[of] p2a: Toxapex\n|\n|-damage|p1b: Iron Hands|77\/100|[from] move: Infestation|[partiallytrapped]\n|upkeep\n|turn|4\n|\n|t:|1699457471\n|move|p1a: Tornadus|Protect|p1a: Tornadus\n|-singleturn|p1a: Tornadus|Protect\n|move|p1b: Iron Hands|Wild Charge|p2a: Toxapex\n|-supereffective|p2a: Toxapex\n|-damage|p2a: Toxapex|57\/100\n|-damage|p1b: Iron Hands|60\/100|[from] item: Rocky Helmet|[of] p2a: Toxapex\n|-damage|p1b: Iron Hands|53\/100|[from] Recoil\n|move|p2b: Landorus|Earth Power|p1b: Iron Hands\n|-supereffective|p1b: Iron Hands\n|-damage|p1b: Iron Hands|0 fnt\n|faint|p1b: Iron Hands\n|-end|p1b: Iron Hands|Quark Drive|[silent]\n|move|p2a: Toxapex|Icy Wind|p1a: Tornadus\n|-activate|p1a: Tornadus|move: Protect\n|\n|-sideend|p1: test 99 ou|move: Tailwind\n|upkeep\n|\n|t:|1699457481\n|switch|p1b: Ursaluna|Ursaluna-Bloodmoon, M|64\/100\n|turn|5\n|\n|t:|1699457499\n|switch|p2a: Chi-Yu|Chi-Yu|38\/100\n|-ability|p2a: Chi-Yu|Beads of Ruin\n|-terastallize|p2b: Landorus|Ice\n|move|p1a: Tornadus|Tailwind|p1a: Tornadus\n|-sidestart|p1: test 99 ou|move: Tailwind\n|move|p1b: Ursaluna|Blood Moon|p2b: Landorus\n|-damage|p2b: Landorus|0 fnt\n|faint|p2b: Landorus\n|\n|upkeep\n|\n|t:|1699457508\n|switch|p2b: Grimmsnarl|Grimmsnarl, M|100\/100\n|turn|6\n|c|\u2606test 99 ou|hihihihar\n|\n|t:|1699457520\n|switch|p2a: Toxapex|Toxapex, F|90\/100\n|move|p1a: Tornadus|Taunt|p2b: Grimmsnarl\n|-hint|Since gen 7, Dark is immune to Prankster moves.\n|-immune|p2b: Grimmsnarl\n|move|p2b: Grimmsnarl|Parting Shot|p1b: Ursaluna\n|-unboost|p1b: Ursaluna|atk|1\n|-unboost|p1b: Ursaluna|spa|1\n|\n|t:|1699457531\n|switch|p2b: Volcanion|Volcanion|100\/100|[from] Parting Shot\n|move|p1b: Ursaluna|Earth Power|p2a: Toxapex\n|-supereffective|p2a: Toxapex\n|-damage|p2a: Toxapex|36\/100\n|\n|upkeep\n|turn|7\n|\n|t:|1699457548\n|switch|p2a: Grimmsnarl|Grimmsnarl, M|100\/100\n|move|p1a: Tornadus|Taunt|p2a: Grimmsnarl\n|-hint|Since gen 7, Dark is immune to Prankster moves.\n|-immune|p2a: Grimmsnarl\n|move|p1b: Ursaluna|Blood Moon|p2b: Volcanion\n|-damage|p2b: Volcanion|30\/100\n|move|p2b: Volcanion|Steam Eruption|p1b: Ursaluna\n|-supereffective|p1b: Ursaluna\n|-damage|p1b: Ursaluna|0 fnt\n|faint|p1b: Ursaluna\n|\n|upkeep\n|\n|t:|1699457560\n|switch|p1b: Flutter Mane|Flutter Mane|100\/100\n|-enditem|p1b: Flutter Mane|Booster Energy\n|-activate|p1b: Flutter Mane|ability: Protosynthesis|[fromitem]\n|-start|p1b: Flutter Mane|protosynthesisspa\n|turn|8\n|inactive|test 99 ou has 120 seconds left.\n|inactive|test 99 ou has 90 seconds left.\n|\n|t:|1699457649\n|move|p2b: Volcanion|Protect|p2b: Volcanion\n|-singleturn|p2b: Volcanion|Protect\n|move|p2a: Grimmsnarl|Thunder Wave|p1b: Flutter Mane\n|-status|p1b: Flutter Mane|par\n|move|p1a: Tornadus|Bleakwind Storm|p2b: Volcanion|[spread] \n|-activate|p2b: Volcanion|move: Protect\n|-miss|p1a: Tornadus|p2a: Grimmsnarl\n|move|p1b: Flutter Mane|Shadow Ball|p2b: Volcanion\n|-activate|p2b: Volcanion|move: Protect\n|\n|-sideend|p1: test 99 ou|move: Tailwind\n|upkeep\n|turn|9\n|inactive|xtevia has 120 seconds left.\n|\n|t:|1699457696\n|switch|p2b: Toxapex|Toxapex, F|69\/100\n|move|p1a: Tornadus|Tailwind|p1a: Tornadus\n|-sidestart|p1: test 99 ou|move: Tailwind\n|move|p2a: Grimmsnarl|Thunder Wave|p1a: Tornadus\n|-status|p1a: Tornadus|par\n|move|p1b: Flutter Mane|Shadow Ball|p2b: Toxapex\n|-damage|p2b: Toxapex|21\/100\n|\n|upkeep\n|turn|10\n|inactive|xtevia has 120 seconds left.\n|\n|t:|1699457710\n|switch|p1a: Landorus|Landorus-Therian, M|100\/100\n|-ability|p1a: Landorus|Intimidate|boost\n|-unboost|p2a: Grimmsnarl|atk|1\n|-unboost|p2b: Toxapex|atk|1\n|move|p2b: Toxapex|Baneful Bunker|p2b: Toxapex\n|-singleturn|p2b: Toxapex|move: Protect\n|move|p2a: Grimmsnarl|Parting Shot|p1b: Flutter Mane\n|-unboost|p1b: Flutter Mane|atk|1\n|-unboost|p1b: Flutter Mane|spa|1\n|inactive|xtevia has 120 seconds left.\n|\n|t:|1699457721\n|switch|p2a: Goodra|Goodra-Hisui, F|100\/100|[from] Parting Shot\n|move|p1b: Flutter Mane|Shadow Ball|p2b: Toxapex\n|-activate|p2b: Toxapex|move: Protect\n|\n|upkeep\n|turn|11\n|inactive|test 99 ou has 120 seconds left.\n|\n|t:|1699457730\n|switch|p2b: Grimmsnarl|Grimmsnarl, M|100\/100\n|move|p1a: Landorus|Stomping Tantrum|p2a: Goodra\n|-supereffective|p2a: Goodra\n|-damage|p2a: Goodra|11\/100\n|move|p1b: Flutter Mane|Moonblast|p2a: Goodra\n|-damage|p2a: Goodra|0 fnt\n|faint|p2a: Goodra\n|\n|upkeep\n|\n|t:|1699457739\n|switch|p2a: Volcanion|Volcanion|30\/100\n|turn|12\n|\n|t:|1699457750\n|-end|p1b: Flutter Mane|Protosynthesis|[silent]\n|switch|p1b: Tornadus|Tornadus, M|68\/100 par\n|move|p2a: Volcanion|Protect|p2a: Volcanion\n|-singleturn|p2a: Volcanion|Protect\n|move|p2b: Grimmsnarl|Parting Shot|p1a: Landorus\n|-unboost|p1a: Landorus|atk|1\n|-unboost|p1a: Landorus|spa|1\n|\n|t:|1699457757\n|switch|p2b: Toxapex|Toxapex, F|54\/100|[from] Parting Shot\n|move|p1a: Landorus|Stomping Tantrum|p2a: Volcanion\n|-activate|p2a: Volcanion|move: Protect\n|\n|-sideend|p1: test 99 ou|move: Tailwind\n|upkeep\n|turn|13\n|\n|t:|1699457763\n|switch|p2a: Grimmsnarl|Grimmsnarl, M|100\/100\n|cant|p1b: Tornadus|par\n|move|p1a: Landorus|Stomping Tantrum|p2a: Grimmsnarl\n|-damage|p2a: Grimmsnarl|70\/100\n|move|p2b: Toxapex|Icy Wind|p1b: Tornadus|[spread] p1a,p1b\n|-supereffective|p1a: Landorus\n|-supereffective|p1b: Tornadus\n|-damage|p1a: Landorus|76\/100\n|-damage|p1b: Tornadus|54\/100 par\n|-unboost|p1a: Landorus|spe|1\n|\n|upkeep\n|turn|14\n|\n|t:|1699457776\n|move|p2b: Toxapex|Baneful Bunker|p2b: Toxapex\n|-singleturn|p2b: Toxapex|move: Protect\n|move|p1b: Tornadus|Tailwind|p1b: Tornadus\n|-sidestart|p1: test 99 ou|move: Tailwind\n|move|p1a: Landorus|Stomping Tantrum|p2b: Toxapex\n|-activate|p2b: Toxapex|move: Protect\n|-status|p1a: Landorus|psn\n|move|p2a: Grimmsnarl|Spirit Break|p1a: Landorus\n|-damage|p1a: Landorus|46\/100 psn\n|-unboost|p1a: Landorus|spa|1\n|-enditem|p1a: Landorus|Sitrus Berry|[eat]\n|-heal|p1a: Landorus|71\/100 psn|[from] item: Sitrus Berry\n|\n|-damage|p1a: Landorus|58\/100 psn|[from] psn\n|upkeep\n|turn|15\n|\n|t:|1699457804\n|switch|p1b: Chi-Yu|Chi-Yu|100\/100\n|-ability|p1b: Chi-Yu|Beads of Ruin\n|move|p2a: Grimmsnarl|Parting Shot|p1a: Landorus\n|-unboost|p1a: Landorus|atk|1\n|-unboost|p1a: Landorus|spa|1\n|\n|t:|1699457814\n|switch|p2a: Volcanion|Volcanion|30\/100|[from] Parting Shot\n|move|p1a: Landorus|Stomping Tantrum|p2b: Toxapex\n|-supereffective|p2b: Toxapex\n|-damage|p2b: Toxapex|23\/100\n|-damage|p1a: Landorus|42\/100 psn|[from] item: Rocky Helmet|[of] p2b: Toxapex\n|move|p2b: Toxapex|Icy Wind|p1b: Chi-Yu|[spread] p1a,p1b\n|-supereffective|p1a: Landorus\n|-resisted|p1b: Chi-Yu\n|-damage|p1a: Landorus|10\/100 psn\n|-damage|p1b: Chi-Yu|97\/100\n|-unboost|p1a: Landorus|spe|1\n|-unboost|p1b: Chi-Yu|spe|1\n|\n|-damage|p1a: Landorus|0 fnt|[from] psn\n|faint|p1a: Landorus\n|upkeep\n|\n|t:|1699457822\n|switch|p1a: Flutter Mane|Flutter Mane|100\/100 par\n|turn|16\n|\n|t:|1699457830\n|move|p2a: Volcanion|Protect|p2a: Volcanion\n|-singleturn|p2a: Volcanion|Protect\n|move|p2b: Toxapex|Baneful Bunker|p2b: Toxapex\n|-singleturn|p2b: Toxapex|move: Protect\n|move|p1b: Chi-Yu|Heat Wave|p2a: Volcanion|[spread] \n|-activate|p2a: Volcanion|move: Protect\n|-activate|p2b: Toxapex|move: Protect\n|move|p1a: Flutter Mane|Shadow Ball|p2a: Volcanion\n|-activate|p2a: Volcanion|move: Protect\n|\n|upkeep\n|turn|17\n|\n|t:|1699457843\n|switch|p2a: Chi-Yu|Chi-Yu|38\/100\n|-ability|p2a: Chi-Yu|Beads of Ruin\n|move|p2b: Toxapex|Wide Guard|p2b: Toxapex\n|-singleturn|p2b: Toxapex|Wide Guard\n|move|p1b: Chi-Yu|Heat Wave|p2a: Chi-Yu|[spread] \n|-activate|p2a: Chi-Yu|move: Wide Guard\n|-activate|p2b: Toxapex|move: Wide Guard\n|move|p1a: Flutter Mane|Shadow Ball|p2a: Chi-Yu\n|-resisted|p2a: Chi-Yu\n|-damage|p2a: Chi-Yu|12\/100\n|\n|-sideend|p1: test 99 ou|move: Tailwind\n|upkeep\n|turn|18\n|\n|t:|1699457857\n|switch|p2b: Volcanion|Volcanion|30\/100\n|move|p2a: Chi-Yu|Snarl|p1a: Flutter Mane|[spread] p1b\n|-miss|p2a: Chi-Yu|p1a: Flutter Mane\n|-resisted|p1b: Chi-Yu\n|-damage|p1b: Chi-Yu|84\/100\n|-unboost|p1b: Chi-Yu|spa|1\n|move|p1b: Chi-Yu|Heat Wave|p2a: Chi-Yu|[spread] p2a,p2b\n|-resisted|p2a: Chi-Yu\n|-resisted|p2b: Volcanion\n|-damage|p2a: Chi-Yu|0 fnt\n|-damage|p2b: Volcanion|18\/100\n|-enditem|p2b: Volcanion|Aguav Berry|[eat]\n|-heal|p2b: Volcanion|51\/100|[from] item: Aguav Berry\n|faint|p2a: Chi-Yu\n|move|p1a: Flutter Mane|Shadow Ball|p2b: Volcanion\n|-damage|p2b: Volcanion|0 fnt\n|faint|p2b: Volcanion\n|\n|upkeep\n|\n|t:|1699457874\n|switch|p2a: Grimmsnarl|Grimmsnarl, M|70\/100\n|switch|p2b: Toxapex|Toxapex, F|56\/100\n|turn|19\n|\n|t:|1699457884\n|switch|p1b: Tornadus|Tornadus, M|54\/100 par\n|move|p2b: Toxapex|Wide Guard|p2b: Toxapex\n|-singleturn|p2b: Toxapex|Wide Guard\n|cant|p1a: Flutter Mane|par\n|move|p2a: Grimmsnarl|Spirit Break|p1a: Flutter Mane\n|-damage|p1a: Flutter Mane|35\/100 par\n|-unboost|p1a: Flutter Mane|spa|1\n|\n|upkeep\n|turn|20\n|\n|t:|1699457897\n|-end|p1a: Flutter Mane|Protosynthesis|[silent]\n|switch|p1a: Chi-Yu|Chi-Yu|84\/100\n|-ability|p1a: Chi-Yu|Beads of Ruin\n|move|p2a: Grimmsnarl|Sucker Punch||[still]\n|-fail|p2a: Grimmsnarl\n|move|p1b: Tornadus|Bleakwind Storm|p2a: Grimmsnarl|[spread] p2a,p2b\n|-damage|p2a: Grimmsnarl|36\/100\n|-damage|p2b: Toxapex|25\/100\n|move|p2b: Toxapex|Icy Wind|p1b: Tornadus|[spread] p1a,p1b\n|-resisted|p1a: Chi-Yu\n|-supereffective|p1b: Tornadus\n|-damage|p1a: Chi-Yu|81\/100\n|-damage|p1b: Tornadus|37\/100 par\n|-unboost|p1a: Chi-Yu|spe|1\n|\n|upkeep\n|turn|21\n|\n|t:|1699457912\n|move|p2b: Toxapex|Wide Guard|p2b: Toxapex\n|-singleturn|p2b: Toxapex|Wide Guard\n|move|p1a: Chi-Yu|Heat Wave|p2a: Grimmsnarl|[spread] \n|-activate|p2a: Grimmsnarl|move: Wide Guard\n|-activate|p2b: Toxapex|move: Wide Guard\n|move|p2a: Grimmsnarl|Spirit Break|p1a: Chi-Yu\n|-damage|p1a: Chi-Yu|32\/100\n|-unboost|p1a: Chi-Yu|spa|1\n|move|p1b: Tornadus|Bleakwind Storm|p2a: Grimmsnarl|[spread] \n|-activate|p2a: Grimmsnarl|move: Wide Guard\n|-activate|p2b: Toxapex|move: Wide Guard\n|\n|upkeep\n|turn|22\n|\n|t:|1699457929\n|switch|p1a: Flutter Mane|Flutter Mane|35\/100 par\n|move|p2b: Toxapex|Wide Guard|p2b: Toxapex\n|-singleturn|p2b: Toxapex|Wide Guard\n|move|p2a: Grimmsnarl|Spirit Break|p1a: Flutter Mane\n|-crit|p1a: Flutter Mane\n|-damage|p1a: Flutter Mane|0 fnt\n|faint|p1a: Flutter Mane\n|-end|p1a: Flutter Mane|Protosynthesis|[silent]\n|move|p1b: Tornadus|Bleakwind Storm|p2b: Toxapex|[spread] \n|-activate|p2a: Grimmsnarl|move: Wide Guard\n|-activate|p2b: Toxapex|move: Wide Guard\n|\n|upkeep\n|\n|t:|1699457936\n|switch|p1a: Chi-Yu|Chi-Yu|32\/100\n|-ability|p1a: Chi-Yu|Beads of Ruin\n|turn|23\n|\n|t:|1699457947\n|move|p2b: Toxapex|Wide Guard|p2b: Toxapex\n|-singleturn|p2b: Toxapex|Wide Guard\n|move|p2a: Grimmsnarl|Sucker Punch|p1b: Tornadus\n|-damage|p1b: Tornadus|15\/100 par\n|move|p1a: Chi-Yu|Overheat|p2a: Grimmsnarl\n|-damage|p2a: Grimmsnarl|0 fnt\n|-unboost|p1a: Chi-Yu|spa|2\n|faint|p2a: Grimmsnarl\n|move|p1b: Tornadus|Bleakwind Storm|p2b: Toxapex\n|-activate|p2b: Toxapex|move: Wide Guard\n|\n|upkeep\n|turn|24\n|c|\u2606xtevia|gg\n|\n|t:|1699457962\n|move|p1b: Tornadus|Taunt|p2b: Toxapex\n|-start|p2b: Toxapex|move: Taunt\n|move|p1a: Chi-Yu|Overheat|p2b: Toxapex|[miss]\n|-miss|p1a: Chi-Yu|p2b: Toxapex\n|move|p2b: Toxapex|Icy Wind|p1a: Chi-Yu|[spread] p1a,p1b\n|-resisted|p1a: Chi-Yu\n|-supereffective|p1b: Tornadus\n|-damage|p1a: Chi-Yu|29\/100\n|-damage|p1b: Tornadus|0 fnt\n|-unboost|p1a: Chi-Yu|spe|1\n|faint|p1b: Tornadus\n|\n|upkeep\n|turn|25\n|\n|t:|1699457974\n|move|p1a: Chi-Yu|Overheat|p2b: Toxapex\n|-resisted|p2b: Toxapex\n|-damage|p2b: Toxapex|0 fnt\n|-unboost|p1a: Chi-Yu|spa|2\n|faint|p2b: Toxapex\n|\n|win|test 99 ou\n|raw|test 99 ou's rating: 1583 &rarr; <strong>1602<\/strong><br \/>(+19 for winning)\n|raw|xtevia's rating: 1568 &rarr; <strong>1549<\/strong><br \/>(-19 for losing)\n","uploadtime":1699458007,"views":12,"p1id":"test99ou","p2id":"xtevia","formatid":"gen9doublesou","rating":1549,"private":0,"password":""}