{"id":"gen9doublesou-1993735961","p1":"EngineerPlaysMons","p2":"PoliteGhost","format":"[Gen 9] Doubles OU","log":"|j|\u2606EngineerPlaysMons\n|j|\u2606PoliteGhost\n|t:|1700351120\n|gametype|doubles\n|player|p1|EngineerPlaysMons|schoolkid-gen4|1649\n|player|p2|PoliteGhost|giovanni|1518\n|teamsize|p1|6\n|teamsize|p2|6\n|gen|9\n|tier|[Gen 9] Doubles OU\n|rated|\n|rule|Species Clause: Limit one of each Pok\u00e9mon\n|rule|OHKO Clause: OHKO moves are banned\n|rule|Evasion Moves Clause: Evasion moves are banned\n|rule|Gravity Sleep Clause: The combination of sleep-inducing moves with imperfect accuracy and Gravity or Gigantamax Orbeetle are banned\n|rule|Endless Battle Clause: Forcing endless battles is banned\n|rule|HP Percentage Mod: HP is shown in percentages\n|clearpoke\n|poke|p1|Rillaboom, M|\n|poke|p1|Ninetales-Alola, F|\n|poke|p1|Glimmora, M|\n|poke|p1|Sinistcha-Masterpiece|\n|poke|p1|Volcanion|\n|poke|p1|Chi-Yu|\n|poke|p2|Amoonguss, M|\n|poke|p2|Iron Hands|\n|poke|p2|Landorus-Therian, M|\n|poke|p2|Flutter Mane|\n|poke|p2|Iron Bundle|\n|poke|p2|Chi-Yu|\n|teampreview\n|c|\u2606EngineerPlaysMons|Glhf\n|inactive|Battle timer is ON: inactive players will automatically lose when time's up. (requested by EngineerPlaysMons)\n|\n|t:|1700351144\n|start\n|switch|p1a: Ninetales|Ninetales-Alola, F|100\/100\n|switch|p1b: Glimmora|Glimmora, M|100\/100\n|switch|p2a: Iron Hands|Iron Hands|100\/100\n|switch|p2b: Chi-Yu|Chi-Yu|100\/100\n|-ability|p2b: Chi-Yu|Beads of Ruin\n|-weather|Snow|[from] ability: Snow Warning|[of] p1a: Ninetales\n|turn|1\n|inactive|EngineerPlaysMons has 120 seconds left.\n|\n|t:|1700351197\n|move|p1a: Ninetales|Protect|p1a: Ninetales\n|-singleturn|p1a: Ninetales|Protect\n|move|p2b: Chi-Yu|Heat Wave|p1b: Glimmora|[spread] p1b\n|-activate|p1a: Ninetales|move: Protect\n|-resisted|p1b: Glimmora\n|-damage|p1b: Glimmora|65\/100\n|move|p1b: Glimmora|Stealth Rock|p2b: Chi-Yu\n|-sidestart|p2: PoliteGhost|move: Stealth Rock\n|move|p2a: Iron Hands|Heavy Slam|p1b: Glimmora\n|-supereffective|p1b: Glimmora\n|-damage|p1b: Glimmora|0 fnt\n|-activate|p1b: Glimmora|ability: Toxic Debris\n|-sidestart|p2: PoliteGhost|move: Toxic Spikes\n|faint|p1b: Glimmora\n|\n|-weather|Snow|[upkeep]\n|upkeep\n|inactive|EngineerPlaysMons has 90 seconds left.\n|\n|t:|1700351217\n|switch|p1b: Rillaboom|Rillaboom, M|100\/100\n|-fieldstart|move: Grassy Terrain|[from] ability: Grassy Surge|[of] p1b: Rillaboom\n|turn|2\n|\n|t:|1700351227\n|move|p1b: Rillaboom|Fake Out|p2b: Chi-Yu\n|-damage|p2b: Chi-Yu|80\/100\n|cant|p2b: Chi-Yu|flinch\n|move|p1a: Ninetales|Aurora Veil|p1a: Ninetales\n|-sidestart|p1: EngineerPlaysMons|move: Aurora Veil\n|move|p2a: Iron Hands|Drain Punch|p1b: Rillaboom\n|-damage|p1b: Rillaboom|64\/100\n|\n|-weather|Snow|[upkeep]\n|-heal|p2b: Chi-Yu|86\/100|[from] Grassy Terrain\n|-heal|p1b: Rillaboom|71\/100|[from] Grassy Terrain\n|upkeep\n|turn|3\n|inactive|EngineerPlaysMons has 120 seconds left.\n|\n|t:|1700351253\n|switch|p1a: Chi-Yu|Chi-Yu|100\/100\n|-ability|p1a: Chi-Yu|Beads of Ruin\n|-terastallize|p1b: Rillaboom|Fire\n|move|p2b: Chi-Yu|Heat Wave|p1a: Chi-Yu|[spread] p1a,p1b\n|-resisted|p1a: Chi-Yu\n|-resisted|p1b: Rillaboom\n|-damage|p1a: Chi-Yu|83\/100\n|-damage|p1b: Rillaboom|54\/100\n|move|p1b: Rillaboom|Hammer Arm|p2b: Chi-Yu\n|-supereffective|p2b: Chi-Yu\n|-damage|p2b: Chi-Yu|0 fnt\n|-unboost|p1b: Rillaboom|spe|1\n|faint|p2b: Chi-Yu\n|move|p2a: Iron Hands|Drain Punch|p1a: Chi-Yu\n|-supereffective|p1a: Chi-Yu\n|-damage|p1a: Chi-Yu|0 fnt\n|faint|p1a: Chi-Yu\n|\n|-weather|Snow|[upkeep]\n|-heal|p1b: Rillaboom|60\/100|[from] Grassy Terrain\n|upkeep\n|inactive|EngineerPlaysMons has 120 seconds left.\n|c|\u2606EngineerPlaysMons|Good read\n|c|\u2606PoliteGhost|Thx\n|inactive|EngineerPlaysMons has 90 seconds left.\n|\n|t:|1700351301\n|switch|p2b: Landorus|Landorus-Therian, M|100\/100\n|switch|p1a: Sinistcha|Sinistcha-Masterpiece|100\/100\n|-damage|p2b: Landorus|88\/100|[from] Stealth Rock\n|-ability|p2b: Landorus|Intimidate|boost\n|-unboost|p1a: Sinistcha|atk|1\n|-unboost|p1b: Rillaboom|atk|1\n|-heal|p1b: Rillaboom|85\/100|[from] ability: Hospitality|[of] p1a: Sinistcha\n|turn|4\n|inactive|EngineerPlaysMons has 90 seconds left.\n|\n|t:|1700351335\n|switch|p1b: Ninetales|Ninetales-Alola, F|100\/100\n|move|p2b: Landorus|Stomping Tantrum|p1b: Ninetales\n|-damage|p1b: Ninetales|67\/100\n|move|p1a: Sinistcha|Matcha Gotcha|p2a: Iron Hands|[spread] p2a,p2b\n|-damage|p2a: Iron Hands|81\/100\n|-damage|p2b: Landorus|50\/100\n|-status|p2b: Landorus|brn\n|move|p2a: Iron Hands|Heavy Slam|p1a: Sinistcha\n|-damage|p1a: Sinistcha|70\/100\n|\n|-weather|Snow|[upkeep]\n|-heal|p1b: Ninetales|73\/100|[from] Grassy Terrain\n|-heal|p1a: Sinistcha|77\/100|[from] Grassy Terrain\n|-heal|p1a: Sinistcha|83\/100|[from] item: Leftovers\n|-heal|p2a: Iron Hands|87\/100|[from] Grassy Terrain\n|-damage|p2b: Landorus|44\/100 brn|[from] brn\n|upkeep\n|turn|5\n|inactive|EngineerPlaysMons has 90 seconds left.\n|\n|t:|1700351372\n|switch|p2b: Amoonguss|Amoonguss, M|100\/100\n|-damage|p2b: Amoonguss|88\/100|[from] Stealth Rock\n|-sideend|p2: PoliteGhost|move: Toxic Spikes|[of] p2b: Amoonguss\n|switch|p1a: Volcanion|Volcanion|100\/100\n|move|p1b: Ninetales|Blizzard|p2a: Iron Hands|[spread] p2a,p2b\n|-supereffective|p2b: Amoonguss\n|-damage|p2a: Iron Hands|71\/100\n|-damage|p2b: Amoonguss|45\/100\n|move|p2a: Iron Hands|Heavy Slam|p1b: Ninetales\n|-supereffective|p1b: Ninetales\n|-damage|p1b: Ninetales|0 fnt\n|faint|p1b: Ninetales\n|\n|-weather|none\n|-heal|p2a: Iron Hands|77\/100|[from] Grassy Terrain\n|-heal|p2b: Amoonguss|51\/100|[from] Grassy Terrain\n|upkeep\n|inactive|EngineerPlaysMons has 60 seconds left.\n|\n|t:|1700351397\n|switch|p1b: Sinistcha|Sinistcha-Masterpiece|83\/100\n|turn|6\n|inactive|EngineerPlaysMons has 60 seconds left.\n|\n|t:|1700351446\n|move|p2b: Amoonguss|Protect|p2b: Amoonguss\n|-singleturn|p2b: Amoonguss|Protect\n|move|p1b: Sinistcha|Matcha Gotcha|p2b: Amoonguss|[spread] p2a\n|-activate|p2b: Amoonguss|move: Protect\n|-damage|p2a: Iron Hands|60\/100\n|-heal|p1b: Sinistcha|96\/100|[from] drain|[of] p2a: Iron Hands\n|move|p1a: Volcanion|Heat Wave|p2a: Iron Hands|[spread] p2a\n|-activate|p2b: Amoonguss|move: Protect\n|-damage|p2a: Iron Hands|38\/100\n|move|p2a: Iron Hands|Wild Charge|p1a: Volcanion\n|-supereffective|p1a: Volcanion\n|-damage|p1a: Volcanion|40\/100\n|-damage|p2a: Iron Hands|28\/100|[from] Recoil\n|\n|-heal|p1b: Sinistcha|100\/100|[from] Grassy Terrain\n|-heal|p1a: Volcanion|46\/100|[from] Grassy Terrain\n|-heal|p2a: Iron Hands|34\/100|[from] Grassy Terrain\n|-heal|p2b: Amoonguss|57\/100|[from] Grassy Terrain\n|-fieldend|move: Grassy Terrain\n|upkeep\n|turn|7\n|c|\u2606EngineerPlaysMons|Man I can\u2019t get a read on you lol\n|c|\u2606EngineerPlaysMons|Sometimes you predict sometimes you don\u2019t\n|inactive|EngineerPlaysMons has 30 seconds left.\n|inactive|PoliteGhost has 120 seconds left.\n|\n|t:|1700351485\n|move|p1b: Sinistcha|Matcha Gotcha|p2a: Iron Hands|[spread] p2a,p2b\n|-resisted|p2b: Amoonguss\n|-crit|p2b: Amoonguss\n|-damage|p2a: Iron Hands|19\/100\n|-damage|p2b: Amoonguss|50\/100\n|-status|p2a: Iron Hands|brn\n|-status|p2b: Amoonguss|brn\n|move|p1a: Volcanion|Heat Wave|p2a: Iron Hands|[spread] p2a\n|-miss|p1a: Volcanion|p2b: Amoonguss\n|-damage|p2a: Iron Hands|0 fnt\n|faint|p2a: Iron Hands\n|-end|p2a: Iron Hands|Quark Drive|[silent]\n|move|p2b: Amoonguss|Pollen Puff|p2: Iron Hands|[notarget]\n|-fail|p2b: Amoonguss\n|\n|-damage|p2b: Amoonguss|44\/100 brn|[from] brn\n|upkeep\n|inactive|EngineerPlaysMons has 30 seconds left this turn.\n|\n|t:|1700351501\n|switch|p2a: Iron Bundle|Iron Bundle|100\/100\n|-damage|p2a: Iron Bundle|76\/100|[from] Stealth Rock\n|turn|8\n|inactive|PoliteGhost has 120 seconds left.\n|\n|t:|1700351516\n|move|p1b: Sinistcha|Protect|p1b: Sinistcha\n|-singleturn|p1b: Sinistcha|Protect\n|move|p2b: Amoonguss|Protect|p2b: Amoonguss\n|-singleturn|p2b: Amoonguss|Protect\n|move|p2a: Iron Bundle|Freeze-Dry|p1a: Volcanion\n|-damage|p1a: Volcanion|28\/100\n|move|p1a: Volcanion|Heat Wave|p2a: Iron Bundle|[spread] p2a\n|-activate|p2b: Amoonguss|move: Protect\n|-damage|p2a: Iron Bundle|0 fnt\n|faint|p2a: Iron Bundle\n|-end|p2a: Iron Bundle|Quark Drive|[silent]\n|\n|-damage|p2b: Amoonguss|38\/100 brn|[from] brn\n|upkeep\n|inactive|PoliteGhost has 120 seconds left.\n|\n|t:|1700351532\n|switch|p2a: Landorus|Landorus-Therian, M|44\/100 brn\n|-damage|p2a: Landorus|32\/100 brn|[from] Stealth Rock\n|-ability|p2a: Landorus|Intimidate|boost\n|-unboost|p1a: Volcanion|atk|1\n|-unboost|p1b: Sinistcha|atk|1\n|turn|9\n|\n|t:|1700351542\n|switch|p1a: Rillaboom|Rillaboom, M, tera:Fire|85\/100\n|-fieldstart|move: Grassy Terrain|[from] ability: Grassy Surge|[of] p1a: Rillaboom\n|move|p2a: Landorus|Stomping Tantrum|p1a: Rillaboom\n|-supereffective|p1a: Rillaboom\n|-damage|p1a: Rillaboom|48\/100\n|move|p1b: Sinistcha|Matcha Gotcha|p2b: Amoonguss|[spread] p2a\n|-miss|p1b: Sinistcha|p2b: Amoonguss\n|-damage|p2a: Landorus|0 fnt\n|faint|p2a: Landorus\n|move|p2b: Amoonguss|Pollen Puff|p2: Landorus|[notarget]\n|-fail|p2b: Amoonguss\n|\n|-heal|p1a: Rillaboom|54\/100|[from] Grassy Terrain\n|-heal|p2b: Amoonguss|44\/100 brn|[from] Grassy Terrain\n|-damage|p2b: Amoonguss|38\/100 brn|[from] brn\n|-sideend|p1: EngineerPlaysMons|move: Aurora Veil\n|upkeep\n|\n|t:|1700351555\n|switch|p2a: Flutter Mane|Flutter Mane|100\/100\n|-damage|p2a: Flutter Mane|88\/100|[from] Stealth Rock\n|-enditem|p2a: Flutter Mane|Booster Energy\n|-activate|p2a: Flutter Mane|ability: Protosynthesis|[fromitem]\n|-start|p2a: Flutter Mane|protosynthesisspe\n|turn|10\n|inactive|EngineerPlaysMons has 90 seconds left.\n|\n|t:|1700351571\n|move|p1b: Sinistcha|Protect|p1b: Sinistcha\n|-singleturn|p1b: Sinistcha|Protect\n|move|p1a: Rillaboom|Grassy Glide|p2a: Flutter Mane\n|-damage|p2a: Flutter Mane|8\/100\n|move|p2a: Flutter Mane|Shadow Ball|p1b: Sinistcha\n|-activate|p1b: Sinistcha|move: Protect\n|move|p2b: Amoonguss|Spore|p1a: Rillaboom\n|-status|p1a: Rillaboom|slp|[from] move: Spore\n|\n|-heal|p2a: Flutter Mane|14\/100|[from] Grassy Terrain\n|-heal|p1a: Rillaboom|60\/100 slp|[from] Grassy Terrain\n|-heal|p2b: Amoonguss|44\/100 brn|[from] Grassy Terrain\n|-damage|p2b: Amoonguss|38\/100 brn|[from] brn\n|upkeep\n|turn|11\n|\n|t:|1700351589\n|switch|p1b: Volcanion|Volcanion|28\/100\n|cant|p1a: Rillaboom|slp\n|move|p2a: Flutter Mane|Shadow Ball|p1b: Volcanion\n|-damage|p1b: Volcanion|0 fnt\n|faint|p1b: Volcanion\n|move|p2b: Amoonguss|Pollen Puff|p2a: Flutter Mane\n|-heal|p2a: Flutter Mane|64\/100\n|\n|-heal|p2a: Flutter Mane|70\/100|[from] Grassy Terrain\n|-heal|p1a: Rillaboom|66\/100 slp|[from] Grassy Terrain\n|-heal|p2b: Amoonguss|44\/100 brn|[from] Grassy Terrain\n|-damage|p2b: Amoonguss|38\/100 brn|[from] brn\n|upkeep\n|inactive|EngineerPlaysMons has 90 seconds left.\n|\n|t:|1700351606\n|switch|p1b: Sinistcha|Sinistcha-Masterpiece|100\/100\n|-heal|p1a: Rillaboom|91\/100 slp|[from] ability: Hospitality|[of] p1b: Sinistcha\n|turn|12\n|\n|t:|1700351627\n|move|p1b: Sinistcha|Protect|p1b: Sinistcha\n|-singleturn|p1b: Sinistcha|Protect\n|-curestatus|p1a: Rillaboom|slp|[msg]\n|move|p1a: Rillaboom|Grassy Glide|p2a: Flutter Mane\n|-damage|p2a: Flutter Mane|0 fnt\n|faint|p2a: Flutter Mane\n|-end|p2a: Flutter Mane|Protosynthesis|[silent]\n|move|p2b: Amoonguss|Pollen Puff|p1a: Rillaboom\n|-resisted|p1a: Rillaboom\n|-damage|p1a: Rillaboom|83\/100\n|\n|-heal|p1a: Rillaboom|89\/100|[from] Grassy Terrain\n|-heal|p2b: Amoonguss|44\/100 brn|[from] Grassy Terrain\n|-damage|p2b: Amoonguss|38\/100 brn|[from] brn\n|upkeep\n|turn|13\n|c|\u2606EngineerPlaysMons|Were you going for rilla if he didn\u2019t wake up\n|inactive|EngineerPlaysMons has 90 seconds left.\n|\n|t:|1700351659\n|move|p1a: Rillaboom|Wood Hammer|p2b: Amoonguss\n|-resisted|p2b: Amoonguss\n|-damage|p2b: Amoonguss|20\/100 brn\n|-damage|p1a: Rillaboom|73\/100|[from] item: Rocky Helmet|[of] p2b: Amoonguss\n|-damage|p1a: Rillaboom|66\/100|[from] Recoil\n|move|p1b: Sinistcha|Shadow Ball|p2b: Amoonguss\n|-damage|p2b: Amoonguss|0 fnt\n|faint|p2b: Amoonguss\n|\n|win|EngineerPlaysMons\n|raw|EngineerPlaysMons's rating: 1649 &rarr; <strong>1662<\/strong><br \/>(+13 for winning)\n|raw|PoliteGhost's rating: 1518 &rarr; <strong>1505<\/strong><br \/>(-13 for losing)\n|c|\u2606PoliteGhost|Yes\n|c|\u2606PoliteGhost|ggwp\n|c|\u2606EngineerPlaysMons|Very wo\n|c|\u2606EngineerPlaysMons|wp\n","uploadtime":1700351680,"views":4,"p1id":"engineerplaysmons","p2id":"politeghost","formatid":"gen9doublesou","rating":1505,"private":0,"password":""}