{"id":"gen9doublesou-1992421617","p1":"vegetasfeet","p2":"Metal Jester","format":"[Gen 9] Doubles OU","log":"|j|\u2606vegetasfeet\n|j|\u2606Metal Jester\n|t:|1700185628\n|gametype|doubles\n|player|p1|vegetasfeet|brycen|1213\n|player|p2|Metal Jester|ingo|1312\n|teamsize|p1|6\n|teamsize|p2|6\n|gen|9\n|tier|[Gen 9] Doubles OU\n|rated|\n|rule|Species Clause: Limit one of each Pok\u00e9mon\n|rule|OHKO Clause: OHKO moves are banned\n|rule|Evasion Moves Clause: Evasion moves are banned\n|rule|Gravity Sleep Clause: The combination of sleep-inducing moves with imperfect accuracy and Gravity or Gigantamax Orbeetle are banned\n|rule|Endless Battle Clause: Forcing endless battles is banned\n|rule|HP Percentage Mod: HP is shown in percentages\n|clearpoke\n|poke|p1|Rillaboom, F|\n|poke|p1|Pelipper, F|\n|poke|p1|Tornadus, M|\n|poke|p1|Flutter Mane|\n|poke|p1|Regieleki|\n|poke|p1|Goodra-Hisui, F|\n|poke|p2|Scizor, M|\n|poke|p2|Scyther, M|\n|poke|p2|Kleavor, M|\n|poke|p2|Great Tusk|\n|poke|p2|Barraskewda, M|\n|poke|p2|Chien-Pao|\n|teampreview\n|inactive|Battle timer is ON: inactive players will automatically lose when time's up. (requested by vegetasfeet)\n|\n|t:|1700185640\n|start\n|switch|p1a: Pelipper|Pelipper, F, shiny|100\/100\n|switch|p1b: Rillaboom|Rillaboom, F, shiny|100\/100\n|switch|p2a: Scyther|Scyther, M|100\/100\n|switch|p2b: Chien-Pao|Chien-Pao|100\/100\n|-ability|p2b: Chien-Pao|Sword of Ruin\n|-fieldstart|move: Grassy Terrain|[from] ability: Grassy Surge|[of] p1b: Rillaboom\n|-weather|RainDance|[from] ability: Drizzle|[of] p1a: Pelipper\n|turn|1\n|c|\u2606vegetasfeet|brothers got the whole scyther line\n|\n|t:|1700185660\n|switch|p1b: James Murray|Goodra-Hisui, F, shiny|100\/100\n|move|p2b: Chien-Pao|Ice Spinner|p1b: James Murray\n|-damage|p1b: James Murray|40\/100\n|-fieldend|move: Grassy Terrain\n|move|p2a: Scyther|Tailwind|p2a: Scyther\n|-sidestart|p2: Metal Jester|move: Tailwind\n|move|p1a: Pelipper|Knock Off|p2a: Scyther\n|-damage|p2a: Scyther|86\/100\n|-enditem|p2a: Scyther|Eviolite|[from] move: Knock Off|[of] p1a: Pelipper\n|\n|-weather|RainDance|[upkeep]\n|upkeep\n|turn|2\n|\n|t:|1700185687\n|move|p2b: Chien-Pao|Ice Spinner|p1a: Pelipper\n|-damage|p1a: Pelipper|48\/100\n|move|p2a: Scyther|Close Combat|p1b: James Murray\n|-supereffective|p1b: James Murray\n|-damage|p1b: James Murray|0 fnt\n|-unboost|p2a: Scyther|def|1\n|-unboost|p2a: Scyther|spd|1\n|faint|p1b: James Murray\n|move|p1a: Pelipper|Hurricane|p2a: Scyther\n|-supereffective|p2a: Scyther\n|-damage|p2a: Scyther|0 fnt\n|faint|p2a: Scyther\n|\n|-weather|RainDance|[upkeep]\n|upkeep\n|\n|t:|1700185708\n|switch|p2a: Kleavor|Kleavor, M, shiny|100\/100\n|switch|p1b: Tornadus|Tornadus, M, shiny|100\/100\n|turn|3\n|\n|t:|1700185719\n|switch|p1a: Flutter Mane|Flutter Mane, shiny|100\/100\n|-enditem|p1a: Flutter Mane|Booster Energy\n|-activate|p1a: Flutter Mane|ability: Protosynthesis|[fromitem]\n|-start|p1a: Flutter Mane|protosynthesisspa\n|move|p1b: Tornadus|Tailwind|p1b: Tornadus\n|-sidestart|p1: vegetasfeet|move: Tailwind\n|move|p2b: Chien-Pao|Ice Spinner|p1b: Tornadus\n|-supereffective|p1b: Tornadus\n|-damage|p1b: Tornadus|4\/100\n|move|p2a: Kleavor|Stone Axe|p1a: Flutter Mane\n|-damage|p1a: Flutter Mane|0 fnt\n|-sidestart|p1: vegetasfeet|move: Stealth Rock\n|faint|p1a: Flutter Mane\n|-end|p1a: Flutter Mane|Protosynthesis|[silent]\n|-damage|p2a: Kleavor|91\/100|[from] item: Life Orb\n|\n|-weather|RainDance|[upkeep]\n|upkeep\n|\n|t:|1700185732\n|switch|p1a: Regieleki|Regieleki, shiny|100\/100\n|-damage|p1a: Regieleki|88\/100|[from] Stealth Rock\n|turn|4\n|\n|t:|1700185744\n|move|p2b: Chien-Pao|Ice Spinner|p1a: Regieleki\n|-damage|p1a: Regieleki|0 fnt\n|faint|p1a: Regieleki\n|move|p2a: Kleavor|X-Scissor|p1b: Tornadus\n|-resisted|p1b: Tornadus\n|-damage|p1b: Tornadus|0 fnt\n|faint|p1b: Tornadus\n|-damage|p2a: Kleavor|81\/100|[from] item: Life Orb\n|\n|-weather|RainDance|[upkeep]\n|-sideend|p2: Metal Jester|move: Tailwind\n|upkeep\n|\n|t:|1700185755\n|switch|p1a: Pelipper|Pelipper, F, shiny|48\/100\n|switch|p1b: Rillaboom|Rillaboom, F, shiny|100\/100\n|-damage|p1b: Rillaboom|88\/100|[from] Stealth Rock\n|-fieldstart|move: Grassy Terrain|[from] ability: Grassy Surge|[of] p1b: Rillaboom\n|-damage|p1a: Pelipper|23\/100|[from] Stealth Rock\n|turn|5\n|\n|t:|1700185774\n|move|p1b: Rillaboom|Fake Out|p2a: Kleavor\n|-resisted|p2a: Kleavor\n|-damage|p2a: Kleavor|69\/100\n|move|p2b: Chien-Pao|Ice Spinner|p1a: Pelipper\n|-damage|p1a: Pelipper|0 fnt\n|-fieldend|move: Grassy Terrain\n|faint|p1a: Pelipper\n|cant|p2a: Kleavor|flinch\n|\n|-weather|RainDance|[upkeep]\n|upkeep\n|turn|6\n|\n|t:|1700185785\n|move|p2b: Chien-Pao|Ice Spinner|p1b: Rillaboom\n|-supereffective|p1b: Rillaboom\n|-damage|p1b: Rillaboom|0 fnt\n|faint|p1b: Rillaboom\n|\n|win|Metal Jester\n|raw|vegetasfeet's rating: 1213 &rarr; <strong>1195<\/strong><br \/>(-18 for losing)\n|raw|Metal Jester's rating: 1312 &rarr; <strong>1326<\/strong><br \/>(+14 for winning)\n|l|\u2606vegetasfeet\n","uploadtime":1700185794,"views":24,"p1id":"vegetasfeet","p2id":"metaljester","formatid":"gen9doublesou","rating":1195,"private":0,"password":""}