{"id":"gen9doublesou-1981921886","p1":"Travenant Forestry","p2":"L00t00wii","format":"[Gen 9] Doubles OU","log":"|j|\u2606Travenant Forestry\n|j|\u2606L00t00wii\n|t:|1698951897\n|gametype|doubles\n|player|p1|Travenant Forestry|102|1116\n|player|p2|L00t00wii|lillie|1071\n|teamsize|p1|6\n|teamsize|p2|6\n|gen|9\n|tier|[Gen 9] Doubles OU\n|rated|\n|rule|Species Clause: Limit one of each Pok\u00e9mon\n|rule|OHKO Clause: OHKO moves are banned\n|rule|Evasion Moves Clause: Evasion moves are banned\n|rule|Gravity Sleep Clause: The combination of sleep-inducing moves with imperfect accuracy and Gravity or Gigantamax Orbeetle are banned\n|rule|Endless Battle Clause: Forcing endless battles is banned\n|rule|HP Percentage Mod: HP is shown in percentages\n|clearpoke\n|poke|p1|Kommo-o, F|\n|poke|p1|Sinistcha-Masterpiece|\n|poke|p1|Grimmsnarl, M|\n|poke|p1|Murkrow, F|\n|poke|p1|Torterra, M|\n|poke|p1|Espathra, F|\n|poke|p2|Oranguru, M|\n|poke|p2|Oricorio-Sensu, M|\n|poke|p2|Volcarona, F|\n|poke|p2|Cresselia, F|\n|poke|p2|Slowbro-Galar, F|\n|poke|p2|Kommo-o, M|\n|teampreview\n|inactive|Battle timer is ON: inactive players will automatically lose when time's up. (requested by Travenant Forestry)\n|\n|t:|1698951911\n|start\n|switch|p1a: Espathra|Espathra, F|100\/100\n|switch|p1b: Murkrow|Murkrow, F, shiny|100\/100\n|switch|p2a: Oricorio|Oricorio-Sensu, M|100\/100\n|switch|p2b: Funky monkey|Oranguru, M|100\/100\n|turn|1\n|\n|t:|1698951933\n|move|p1a: Espathra|Protect|p1a: Espathra\n|-singleturn|p1a: Espathra|Protect\n|move|p1b: Murkrow|Thunder Wave|p2a: Oricorio\n|-status|p2a: Oricorio|par\n|move|p2b: Funky monkey|Skill Swap|p2a: Oricorio\n|-activate|p2b: Funky monkey|move: Skill Swap|||[of] p2a: Oricorio\n|move|p2a: Oricorio|Icy Wind|p1a: Espathra|[spread] p1b\n|-activate|p1a: Espathra|move: Protect\n|-supereffective|p1b: Murkrow\n|-damage|p1b: Murkrow|70\/100\n|-unboost|p1b: Murkrow|spe|1\n|\n|-ability|p1a: Espathra|Speed Boost|boost\n|-boost|p1a: Espathra|spe|1\n|upkeep\n|turn|2\n|\n|t:|1698951959\n|move|p1a: Espathra|Shadow Ball|p2a: Oricorio\n|-supereffective|p2a: Oricorio\n|-damage|p2a: Oricorio|32\/100 par\n|move|p1b: Murkrow|U-turn|p2b: Funky monkey\n|-supereffective|p2b: Funky monkey\n|-damage|p2b: Funky monkey|71\/100\n|\n|t:|1698951966\n|switch|p1b: Grimmsnarl|Grimmsnarl, M, shiny|100\/100|[from] U-turn\n|move|p2b: Funky monkey|Instruct|p2a: Oricorio\n|-singleturn|p2a: Oricorio|move: Instruct|[of] p2b: Funky monkey\n|move|p2a: Oricorio|Icy Wind|p1b: Grimmsnarl|[spread] p1b\n|-miss|p2a: Oricorio|p1a: Espathra\n|-crit|p1b: Grimmsnarl\n|-damage|p1b: Grimmsnarl|80\/100\n|-unboost|p1b: Grimmsnarl|spe|1\n|move|p2a: Oricorio|Quiver Dance|p2a: Oricorio\n|-boost|p2a: Oricorio|spa|1\n|-boost|p2a: Oricorio|spd|1\n|-boost|p2a: Oricorio|spe|1\n|-activate|p2b: Funky monkey|ability: Dancer\n|move|p2b: Funky monkey|Quiver Dance|p2b: Funky monkey|[from]ability: Dancer\n|-boost|p2b: Funky monkey|spa|1\n|-boost|p2b: Funky monkey|spd|1\n|-boost|p2b: Funky monkey|spe|1\n|\n|-ability|p1a: Espathra|Speed Boost|boost\n|-boost|p1a: Espathra|spe|1\n|upkeep\n|turn|3\n|inactive|Travenant Forestry has 120 seconds left.\n|\n|t:|1698952009\n|move|p1b: Grimmsnarl|Fake Out|p2b: Funky monkey\n|-damage|p2b: Funky monkey|59\/100\n|move|p1a: Espathra|Shadow Ball|p2a: Oricorio\n|-supereffective|p2a: Oricorio\n|-damage|p2a: Oricorio|0 fnt\n|faint|p2a: Oricorio\n|cant|p2b: Funky monkey|flinch\n|\n|-ability|p1a: Espathra|Speed Boost|boost\n|-boost|p1a: Espathra|spe|1\n|upkeep\n|inactive|L00t00wii has 120 seconds left.\n|\n|t:|1698952024\n|switch|p2a: Volcarona|Volcarona, F|100\/100\n|turn|4\n|inactive|Travenant Forestry has 120 seconds left.\n|\n|t:|1698952045\n|move|p1b: Grimmsnarl|Light Screen|p1b: Grimmsnarl\n|-sidestart|p1: Travenant Forestry|move: Light Screen\n|move|p1a: Espathra|Lumina Crash|p2a: Volcarona\n|-damage|p2a: Volcarona|71\/100\n|-unboost|p2a: Volcarona|spd|2\n|move|p2a: Volcarona|Fiery Dance|p1a: Espathra\n|-damage|p1a: Espathra|61\/100\n|-activate|p2b: Funky monkey|ability: Dancer\n|move|p2b: Funky monkey|Fiery Dance|p1a: Espathra|[from]ability: Dancer\n|-damage|p1a: Espathra|40\/100\n|move|p2b: Funky monkey|Instruct|p2a: Volcarona\n|-singleturn|p2a: Volcarona|move: Instruct|[of] p2b: Funky monkey\n|move|p2a: Volcarona|Fiery Dance|p1a: Espathra\n|-damage|p1a: Espathra|4\/100\n|-activate|p2b: Funky monkey|ability: Dancer\n|move|p2b: Funky monkey|Fiery Dance|p1a: Espathra|[from]ability: Dancer\n|-damage|p1a: Espathra|0 fnt\n|faint|p1a: Espathra\n|\n|upkeep\n|inactive|Travenant Forestry has 120 seconds left.\n|\n|t:|1698952076\n|switch|p1a: Torterra|Torterra, M, shiny|100\/100\n|turn|5\n|\n|t:|1698952091\n|move|p2a: Volcarona|Quiver Dance|p2a: Volcarona\n|-boost|p2a: Volcarona|spa|1\n|-boost|p2a: Volcarona|spd|1\n|-boost|p2a: Volcarona|spe|1\n|-activate|p2b: Funky monkey|ability: Dancer\n|move|p2b: Funky monkey|Quiver Dance|p2b: Funky monkey|[from]ability: Dancer\n|-boost|p2b: Funky monkey|spa|1\n|-boost|p2b: Funky monkey|spd|1\n|-boost|p2b: Funky monkey|spe|1\n|move|p2b: Funky monkey|Instruct|p2a: Volcarona\n|-singleturn|p2a: Volcarona|move: Instruct|[of] p2b: Funky monkey\n|move|p2a: Volcarona|Quiver Dance|p2a: Volcarona\n|-boost|p2a: Volcarona|spa|1\n|-boost|p2a: Volcarona|spd|1\n|-boost|p2a: Volcarona|spe|1\n|-activate|p2b: Funky monkey|ability: Dancer\n|move|p2b: Funky monkey|Quiver Dance|p2b: Funky monkey|[from]ability: Dancer\n|-boost|p2b: Funky monkey|spa|1\n|-boost|p2b: Funky monkey|spd|1\n|-boost|p2b: Funky monkey|spe|1\n|move|p1a: Torterra|Shell Smash|p1a: Torterra\n|-unboost|p1a: Torterra|def|1\n|-unboost|p1a: Torterra|spd|1\n|-boost|p1a: Torterra|atk|2\n|-boost|p1a: Torterra|spa|2\n|-boost|p1a: Torterra|spe|2\n|-enditem|p1a: Torterra|White Herb\n|-clearnegativeboost|p1a: Torterra|[silent]\n|move|p1b: Grimmsnarl|Spirit Break|p2b: Funky monkey\n|-damage|p2b: Funky monkey|23\/100\n|\n|upkeep\n|turn|6\n|inactive|Travenant Forestry has 120 seconds left.\n|inactive|L00t00wii has 120 seconds left.\n|\n|t:|1698952130\n|switch|p1b: Murkrow|Murkrow, F, shiny|70\/100\n|move|p2a: Volcarona|Fiery Dance|p1a: Torterra\n|-supereffective|p1a: Torterra\n|-damage|p1a: Torterra|0 fnt\n|faint|p1a: Torterra\n|-activate|p2b: Funky monkey|ability: Dancer\n|move|p2b: Funky monkey|Fiery Dance|p1b: Murkrow|[from]ability: Dancer\n|-damage|p1b: Murkrow|38\/100\n|move|p2b: Funky monkey|Instruct|p2a: Volcarona\n|-singleturn|p2a: Volcarona|move: Instruct|[of] p2b: Funky monkey\n|move|p2a: Volcarona|Fiery Dance|p1b: Murkrow\n|-damage|p1b: Murkrow|0 fnt\n|faint|p1b: Murkrow\n|-activate|p2b: Funky monkey|ability: Dancer\n|move|p2b: Funky monkey|Fiery Dance|p1: Torterra|[from]ability: Dancer|[notarget]\n|-fail|p2b: Funky monkey\n|\n|upkeep\n|inactive|Travenant Forestry has 90 seconds left.\n|\n|t:|1698952163\n|switch|p1b: Grimmsnarl|Grimmsnarl, M, shiny|80\/100\n|switch|p1a: Kommo-o|Kommo-o, F, shiny|100\/100\n|turn|7\n|inactive|Travenant Forestry has 90 seconds left.\n|\n|t:|1698952180\n|move|p1b: Grimmsnarl|Fake Out|p2b: Funky monkey\n|-damage|p2b: Funky monkey|9\/100\n|move|p2a: Volcarona|Fiery Dance|p1b: Grimmsnarl\n|-damage|p1b: Grimmsnarl|16\/100\n|-activate|p2b: Funky monkey|ability: Dancer\n|cant|p2b: Funky monkey|flinch\n|cant|p2b: Funky monkey|flinch\n|move|p1a: Kommo-o|Clangorous Soul|p1a: Kommo-o\n|-boost|p1a: Kommo-o|atk|1\n|-boost|p1a: Kommo-o|def|1\n|-boost|p1a: Kommo-o|spa|1\n|-boost|p1a: Kommo-o|spd|1\n|-boost|p1a: Kommo-o|spe|1\n|-damage|p1a: Kommo-o|67\/100\n|-activate|p2b: Funky monkey|ability: Dancer\n|cant|p2b: Funky monkey|flinch\n|\n|upkeep\n|turn|8\n|inactive|Travenant Forestry has 90 seconds left.\n|\n|t:|1698952205\n|switch|p1b: Sinistcha|Sinistcha-Masterpiece, shiny|100\/100\n|-heal|p1a: Kommo-o|92\/100|[from] ability: Hospitality|[of] p1b: Sinistcha\n|move|p2a: Volcarona|Fiery Dance|p1b: Sinistcha\n|-supereffective|p1b: Sinistcha\n|-damage|p1b: Sinistcha|0 fnt\n|-boost|p2a: Volcarona|spa|1\n|faint|p1b: Sinistcha\n|-activate|p2b: Funky monkey|ability: Dancer\n|move|p2b: Funky monkey|Fiery Dance|p1a: Kommo-o|[from]ability: Dancer\n|-resisted|p1a: Kommo-o\n|-damage|p1a: Kommo-o|83\/100\n|-boost|p2b: Funky monkey|spa|1\n|move|p2b: Funky monkey|Stored Power|p1a: Kommo-o\n|-supereffective|p1a: Kommo-o\n|-damage|p1a: Kommo-o|0 fnt\n|faint|p1a: Kommo-o\n|\n|upkeep\n|inactive|Travenant Forestry has 90 seconds left.\n|\n|t:|1698952239\n|switch|p1a: Grimmsnarl|Grimmsnarl, M, shiny|16\/100\n|turn|9\n|\n|t:|1698952245\n|move|p1a: Grimmsnarl|Fake Out|p2b: Funky monkey\n|-damage|p2b: Funky monkey|0 fnt\n|faint|p2b: Funky monkey\n|move|p2a: Volcarona|Fiery Dance|p1a: Grimmsnarl\n|-damage|p1a: Grimmsnarl|0 fnt\n|faint|p1a: Grimmsnarl\n|\n|win|L00t00wii\n|raw|Travenant Forestry's rating: 1116 &rarr; <strong>1088<\/strong><br \/>(-28 for losing)\n|raw|L00t00wii's rating: 1071 &rarr; <strong>1104<\/strong><br \/>(+33 for winning)\n|l|\u2606L00t00wii\n|j|\u2606L00t00wii\n|player|p2|L00t00wii|lillie\n|l|\u2606Travenant Forestry\n","uploadtime":1698952504,"views":16,"p1id":"travenantforestry","p2id":"l00t00wii","formatid":"gen9doublesou","rating":1088,"private":0,"password":""}