{"id":"gen9doublesou-1992914397","p1":"Frazzle99","p2":"Meta meister","format":"[Gen 9] Doubles OU","log":"|j|\u2606Frazzle99\n|j|\u2606Meta meister\n|t:|1700246389\n|gametype|doubles\n|player|p1|Frazzle99|ghetsis|1068\n|player|p2|Meta meister|170|1122\n|teamsize|p1|6\n|teamsize|p2|6\n|gen|9\n|tier|[Gen 9] Doubles OU\n|rated|\n|rule|Species Clause: Limit one of each Pok\u00e9mon\n|rule|OHKO Clause: OHKO moves are banned\n|rule|Evasion Moves Clause: Evasion moves are banned\n|rule|Gravity Sleep Clause: The combination of sleep-inducing moves with imperfect accuracy and Gravity or Gigantamax Orbeetle are banned\n|rule|Endless Battle Clause: Forcing endless battles is banned\n|rule|HP Percentage Mod: HP is shown in percentages\n|clearpoke\n|poke|p1|Iron Hands|\n|poke|p1|Farigiraf, M|\n|poke|p1|Enamorus-Therian, F|\n|poke|p1|Amoonguss, M|\n|poke|p1|Torkoal, F|\n|poke|p1|Diancie|\n|poke|p2|Golem-Alola, F|\n|poke|p2|Rabsca, F|\n|poke|p2|Noivern, F|\n|poke|p2|Dragapult, F|\n|poke|p2|Chi-Yu|\n|poke|p2|Ursaluna, M|\n|teampreview\n|\n|t:|1700246415\n|start\n|switch|p1a: Farigiraf|Farigiraf, M|100\/100\n|switch|p1b: Amoonguss|Amoonguss, M|100\/100\n|switch|p2a: Chi-Yu|Chi-Yu|100\/100\n|switch|p2b: Noivern|Noivern, F|100\/100\n|-ability|p2a: Chi-Yu|Beads of Ruin\n|turn|1\n|c|\u2606Frazzle99|Explosion alolan golem and revival blessing Luca berry rascal\n|c|\u2606Frazzle99|Nice\n|\n|t:|1700246449\n|move|p2b: Noivern|Boomburst|p1a: Farigiraf|[spread] p2a,p1a,p1b\n|-damage|p2a: Chi-Yu|81\/100\n|-damage|p1a: Farigiraf|67\/100\n|-damage|p1b: Amoonguss|67\/100\n|-enditem|p2b: Noivern|Throat Spray\n|-boost|p2b: Noivern|spa|1|[from] item: Throat Spray\n|move|p2a: Chi-Yu|Lava Plume|p1a: Farigiraf|[spread] p1a,p1b\n|-activate|p2b: Noivern|ability: Telepathy\n|-supereffective|p1b: Amoonguss\n|-damage|p1a: Farigiraf|40\/100\n|-damage|p1b: Amoonguss|9\/100\n|-status|p1a: Farigiraf|brn\n|-enditem|p1b: Amoonguss|Wiki Berry|[eat]\n|-heal|p1b: Amoonguss|42\/100|[from] item: Wiki Berry\n|move|p1b: Amoonguss|Spore|p2b: Noivern\n|-status|p2b: Noivern|slp|[from] move: Spore\n|move|p1a: Farigiraf|Trick Room|p1a: Farigiraf\n|-fieldstart|move: Trick Room|[of] p1a: Farigiraf\n|\n|-heal|p2a: Chi-Yu|87\/100|[from] item: Leftovers\n|-damage|p1a: Farigiraf|33\/100 brn|[from] brn\n|upkeep\n|turn|2\n|\n|t:|1700246478\n|switch|p1b: Enamorus|Enamorus-Therian, F|100\/100\n|move|p1a: Farigiraf|Protect|p1a: Farigiraf\n|-singleturn|p1a: Farigiraf|Protect\n|move|p2a: Chi-Yu|Protect|p2a: Chi-Yu\n|-singleturn|p2a: Chi-Yu|Protect\n|cant|p2b: Noivern|slp\n|\n|-heal|p2a: Chi-Yu|93\/100|[from] item: Leftovers\n|-damage|p1a: Farigiraf|27\/100 brn|[from] brn\n|upkeep\n|turn|3\n|\n|t:|1700246491\n|move|p1a: Farigiraf|Helping Hand|p1b: Enamorus\n|-singleturn|p1b: Enamorus|Helping Hand|[of] p1a: Farigiraf\n|move|p1b: Enamorus|Dazzling Gleam|p2a: Chi-Yu|[spread] p2a,p2b\n|-supereffective|p2b: Noivern\n|-damage|p2a: Chi-Yu|63\/100\n|-damage|p2b: Noivern|0 fnt\n|faint|p2b: Noivern\n|move|p2a: Chi-Yu|Lava Plume|p1a: Farigiraf|[spread] p1a,p1b\n|-damage|p1a: Farigiraf|0 fnt\n|-damage|p1b: Enamorus|77\/100\n|faint|p1a: Farigiraf\n|\n|-heal|p2a: Chi-Yu|69\/100|[from] item: Leftovers\n|upkeep\n|\n|t:|1700246508\n|switch|p1a: Diancie|Diancie|100\/100\n|switch|p2b: Golem|Golem-Alola, F|100\/100\n|turn|4\n|\n|t:|1700246521\n|move|p1a: Diancie|Helping Hand|p1b: Enamorus\n|-singleturn|p1b: Enamorus|Helping Hand|[of] p1a: Diancie\n|move|p2a: Chi-Yu|Protect|p2a: Chi-Yu\n|-singleturn|p2a: Chi-Yu|Protect\n|move|p2b: Golem|Explosion|p1a: Diancie|[spread] p1a,p1b\n|-activate|p2a: Chi-Yu|move: Protect\n|-resisted|p1a: Diancie\n|-damage|p1a: Diancie|63\/100\n|-damage|p1b: Enamorus|0 fnt\n|faint|p2b: Golem\n|faint|p1b: Enamorus\n|\n|-heal|p2a: Chi-Yu|75\/100|[from] item: Leftovers\n|upkeep\n|\n|t:|1700246551\n|switch|p2b: Ursaluna|Ursaluna, M|100\/100\n|switch|p1b: Torkoal|Torkoal, F|100\/100\n|-weather|SunnyDay|[from] ability: Drought|[of] p1b: Torkoal\n|turn|5\n|\n|t:|1700246568\n|switch|p2a: Rabsca|Rabsca, F|100\/100\n|-terastallize|p2b: Ursaluna|Ground\n|move|p1a: Diancie|Helping Hand|p1b: Torkoal\n|-singleturn|p1b: Torkoal|Helping Hand|[of] p1a: Diancie\n|move|p1b: Torkoal|Eruption|p2a: Rabsca|[spread] p2a,p2b\n|-supereffective|p2a: Rabsca\n|-damage|p2a: Rabsca|0 fnt\n|-damage|p2b: Ursaluna|0 fnt\n|faint|p2a: Rabsca\n|faint|p2b: Ursaluna\n|\n|-weather|SunnyDay|[upkeep]\n|-fieldend|move: Trick Room\n|upkeep\n|\n|t:|1700246581\n|switch|p2b: Dragapult|Dragapult, F|100\/100\n|switch|p2a: Chi-Yu|Chi-Yu|75\/100\n|-ability|p2a: Chi-Yu|Beads of Ruin\n|turn|6\n|\n|t:|1700246600\n|move|p2b: Dragapult|Dragon Darts|p1b: Torkoal\n|-damage|p1b: Torkoal|74\/100\n|-anim|p2b: Dragapult|Dragon Darts|p1b: Torkoal\n|-damage|p1b: Torkoal|47\/100\n|-damage|p2b: Dragapult|91\/100|[from] item: Life Orb\n|move|p2a: Chi-Yu|Lava Plume|p1b: Torkoal|[spread] p2b,p1a,p1b\n|-resisted|p2b: Dragapult\n|-resisted|p1a: Diancie\n|-resisted|p1b: Torkoal\n|-damage|p2b: Dragapult|56\/100\n|-damage|p1a: Diancie|44\/100\n|-damage|p1b: Torkoal|13\/100\n|move|p1b: Torkoal|Eruption|p2a: Chi-Yu|[spread] p2a,p2b\n|-resisted|p2a: Chi-Yu\n|-resisted|p2b: Dragapult\n|-damage|p2a: Chi-Yu|71\/100\n|-damage|p2b: Dragapult|46\/100\n|move|p1a: Diancie|Trick Room|p1a: Diancie\n|-fieldstart|move: Trick Room|[of] p1a: Diancie\n|\n|-weather|SunnyDay|[upkeep]\n|-heal|p2a: Chi-Yu|77\/100|[from] item: Leftovers\n|upkeep\n|turn|7\n|\n|t:|1700246640\n|move|p1a: Diancie|Helping Hand|p1b: Torkoal\n|-singleturn|p1b: Torkoal|Helping Hand|[of] p1a: Diancie\n|move|p2b: Dragapult|Sucker Punch|p1b: Torkoal\n|-damage|p1b: Torkoal|0 fnt\n|faint|p1b: Torkoal\n|-damage|p2b: Dragapult|36\/100|[from] item: Life Orb\n|move|p2a: Chi-Yu|Lava Plume|p1a: Diancie|[spread] p2b,p1a\n|-resisted|p2b: Dragapult\n|-resisted|p1a: Diancie\n|-damage|p2b: Dragapult|2\/100\n|-damage|p1a: Diancie|21\/100\n|-enditem|p1a: Diancie|Aguav Berry|[eat]\n|-heal|p1a: Diancie|54\/100|[from] item: Aguav Berry\n|\n|-weather|SunnyDay|[upkeep]\n|-heal|p2a: Chi-Yu|83\/100|[from] item: Leftovers\n|upkeep\n|\n|t:|1700246650\n|switch|p1b: Iron Hands|Iron Hands|100\/100\n|-enditem|p1b: Iron Hands|Booster Energy\n|-activate|p1b: Iron Hands|ability: Quark Drive|[fromitem]\n|-start|p1b: Iron Hands|quarkdriveatk\n|turn|8\n|\n|t:|1700246663\n|move|p2a: Chi-Yu|Protect|p2a: Chi-Yu\n|-singleturn|p2a: Chi-Yu|Protect\n|move|p1b: Iron Hands|Fake Out|p2a: Chi-Yu\n|-activate|p2a: Chi-Yu|move: Protect\n|move|p2b: Dragapult|Sucker Punch|p1a: Diancie\n|-resisted|p1a: Diancie\n|-damage|p1a: Diancie|40\/100\n|-damage|p2b: Dragapult|0 fnt|[from] item: Life Orb\n|faint|p2b: Dragapult\n|move|p1a: Diancie|Diamond Storm|p2a: Chi-Yu\n|-activate|p2a: Chi-Yu|move: Protect\n|\n|-weather|SunnyDay|[upkeep]\n|-heal|p2a: Chi-Yu|89\/100|[from] item: Leftovers\n|upkeep\n|turn|9\n|\n|t:|1700246674\n|move|p1a: Diancie|Diamond Storm|p2a: Chi-Yu\n|-supereffective|p2a: Chi-Yu\n|-damage|p2a: Chi-Yu|0 fnt\n|-boost|p1a: Diancie|def|2\n|faint|p2a: Chi-Yu\n|\n|win|Frazzle99\n|raw|Frazzle99's rating: 1068 &rarr; <strong>1102<\/strong><br \/>(+34 for winning)\n|raw|Meta meister's rating: 1122 &rarr; <strong>1093<\/strong><br \/>(-29 for losing)\n|l|\u2606Meta meister\n","uploadtime":1700246686,"views":7,"p1id":"frazzle99","p2id":"metameister","formatid":"gen9doublesou","rating":1093,"private":0,"password":""}