{"id":"gen9doublesou-1999223466","p1":"tamename","p2":"fe4567","format":"[Gen 9] Doubles OU","log":"|j|\u2606tamename\n|j|\u2606fe4567\n|t:|1701047465\n|gametype|doubles\n|player|p1|tamename|2|1629\n|player|p2|fe4567|pokekid|1670\n|teamsize|p1|6\n|teamsize|p2|6\n|gen|9\n|tier|[Gen 9] Doubles OU\n|rated|\n|rule|Species Clause: Limit one of each Pok\u00e9mon\n|rule|OHKO Clause: OHKO moves are banned\n|rule|Evasion Moves Clause: Evasion moves are banned\n|rule|Gravity Sleep Clause: The combination of sleep-inducing moves with imperfect accuracy and Gravity or Gigantamax Orbeetle are banned\n|rule|Endless Battle Clause: Forcing endless battles is banned\n|rule|HP Percentage Mod: HP is shown in percentages\n|clearpoke\n|poke|p1|Sableye, F|\n|poke|p1|Cinderace, F|\n|poke|p1|Kingambit, F|\n|poke|p1|Amoonguss, M|\n|poke|p1|Ursaluna-Bloodmoon, M|\n|poke|p1|Farigiraf, M|\n|poke|p2|Armarouge, F|\n|poke|p2|Indeedee-F, F|\n|poke|p2|Roaring Moon|\n|poke|p2|Torkoal, F|\n|poke|p2|Bronzong|\n|poke|p2|Ursaluna, F|\n|teampreview\n|\n|t:|1701047489\n|start\n|switch|p1a: Sableye|Sableye, F, shiny|100\/100\n|switch|p1b: Farigiraf|Farigiraf, M, shiny|100\/100\n|switch|p2a: Indeedee|Indeedee-F, F|100\/100\n|switch|p2b: Bronzong|Bronzong|100\/100\n|-fieldstart|move: Psychic Terrain|[from] ability: Psychic Surge|[of] p2a: Indeedee\n|-enditem|p2a: Indeedee|Psychic Seed\n|-boost|p2a: Indeedee|spd|1|[from] item: Psychic Seed\n|turn|1\n|\n|t:|1701047503\n|move|p2a: Indeedee|Dazzling Gleam|p1b: Farigiraf|[spread] p1a,p1b\n|-supereffective|p1a: Sableye\n|-damage|p1a: Sableye|75\/100\n|-damage|p1b: Farigiraf|88\/100\n|move|p1a: Sableye|Foul Play|p2b: Bronzong\n|-supereffective|p2b: Bronzong\n|-damage|p2b: Bronzong|63\/100\n|move|p2b: Bronzong|Iron Defense|p2b: Bronzong\n|-boost|p2b: Bronzong|def|2\n|move|p1b: Farigiraf|Trick Room|p1b: Farigiraf\n|-fieldstart|move: Trick Room|[of] p1b: Farigiraf\n|\n|upkeep\n|turn|2\n|\n|t:|1701047534\n|switch|p1b: Kingambit|Kingambit, F|100\/100\n|switch|p2a: Ursaluna|Ursaluna, F|100\/100\n|move|p1a: Sableye|Encore|p2b: Bronzong\n|-start|p2b: Bronzong|Encore\n|move|p2b: Bronzong|Iron Defense|p2b: Bronzong\n|-boost|p2b: Bronzong|def|2\n|\n|-status|p2a: Ursaluna|brn|[from] item: Flame Orb\n|upkeep\n|turn|3\n|\n|t:|1701047549\n|move|p1b: Kingambit|Protect|p1b: Kingambit\n|-singleturn|p1b: Kingambit|Protect\n|move|p2b: Bronzong|Iron Defense|p2b: Bronzong\n|-boost|p2b: Bronzong|def|2\n|move|p1a: Sableye|Foul Play|p2a: Ursaluna\n|-damage|p2a: Ursaluna|61\/100 brn\n|move|p2a: Ursaluna|Earthquake|p1a: Sableye|[spread] p1a\n|-activate|p1b: Kingambit|move: Protect\n|-immune|p2b: Bronzong|[from] ability: Levitate\n|-damage|p1a: Sableye|0 fnt\n|faint|p1a: Sableye\n|\n|-damage|p2a: Ursaluna|55\/100 brn|[from] brn\n|upkeep\n|\n|t:|1701047552\n|switch|p1a: Amoonguss|Amoonguss, M|100\/100\n|turn|4\n|\n|t:|1701047572\n|-terastallize|p1b: Kingambit|Dark\n|move|p2b: Bronzong|Iron Defense|p2b: Bronzong\n|-boost|p2b: Bronzong|def|0\n|move|p1a: Amoonguss|Pollen Puff|p1b: Kingambit\n|-immune|p1b: Kingambit\n|move|p2a: Ursaluna|Earthquake|p1a: Amoonguss|[spread] p1a,p1b\n|-immune|p2b: Bronzong|[from] ability: Levitate\n|-damage|p1a: Amoonguss|33\/100\n|-damage|p1b: Kingambit|51\/100\n|move|p1b: Kingambit|Kowtow Cleave|p2a: Ursaluna\n|-damage|p2a: Ursaluna|11\/100 brn\n|\n|-heal|p1a: Amoonguss|39\/100|[from] item: Leftovers\n|-damage|p2a: Ursaluna|5\/100 brn|[from] brn\n|-end|p2b: Bronzong|Encore\n|upkeep\n|turn|5\n|\n|t:|1701047594\n|move|p1b: Kingambit|Protect|p1b: Kingambit\n|-singleturn|p1b: Kingambit|Protect\n|move|p2b: Bronzong|Body Press|p1a: Amoonguss\n|-resisted|p1a: Amoonguss\n|-damage|p1a: Amoonguss|0 fnt\n|faint|p1a: Amoonguss\n|move|p2a: Ursaluna|Earthquake|p1b: Kingambit|[spread] \n|-activate|p1b: Kingambit|move: Protect\n|-immune|p2b: Bronzong|[from] ability: Levitate\n|\n|-damage|p2a: Ursaluna|0 fnt|[from] brn\n|faint|p2a: Ursaluna\n|-fieldend|move: Trick Room\n|-fieldend|move: Psychic Terrain\n|upkeep\n|\n|t:|1701047625\n|switch|p2a: Roaring Moon|Roaring Moon|100\/100\n|switch|p1a: Ursaluna|Ursaluna-Bloodmoon, M|100\/100\n|-enditem|p2a: Roaring Moon|Booster Energy\n|-activate|p2a: Roaring Moon|ability: Protosynthesis|[fromitem]\n|-start|p2a: Roaring Moon|protosynthesisspe\n|turn|6\n|\n|t:|1701047639\n|move|p1b: Kingambit|Sucker Punch|p2b: Bronzong\n|-supereffective|p2b: Bronzong\n|-damage|p2b: Bronzong|44\/100\n|move|p2a: Roaring Moon|U-turn|p1b: Kingambit\n|-supereffective|p1b: Kingambit\n|-damage|p1b: Kingambit|14\/100\n|\n|t:|1701047650\n|-end|p2a: Roaring Moon|Protosynthesis|[silent]\n|switch|p2a: Armarouge|Armarouge, F|100\/100|[from] U-turn\n|move|p1a: Ursaluna|Focus Blast|p2b: Bronzong\n|-damage|p2b: Bronzong|5\/100\n|-unboost|p2b: Bronzong|spd|1\n|move|p2b: Bronzong|Body Press|p1a: Ursaluna\n|-supereffective|p1a: Ursaluna\n|-damage|p1a: Ursaluna|0 fnt\n|faint|p1a: Ursaluna\n|\n|upkeep\n|-message|tamename forfeited.\n|\n|win|fe4567\n|raw|tamename's rating: 1644 &rarr; <strong>1625<\/strong><br \/>(-19 for losing)\n|raw|fe4567's rating: 1670 &rarr; <strong>1689<\/strong><br \/>(+19 for winning)\n|l|\u2606tamename\n|l|\u2606fe4567\n","uploadtime":1701047765,"views":7,"p1id":"tamename","p2id":"fe4567","formatid":"gen9doublesou","rating":1625,"private":0,"password":""}