{"id":"gen9doublesou-1996464021","p1":"12 Charlie","p2":"tuttyliketurt","format":"[Gen 9] Doubles OU","log":"|j|\u260612 Charlie\n|j|\u2606tuttyliketurt\n|t:|1700684521\n|gametype|doubles\n|player|p1|12 Charlie|2|1100\n|player|p2|tuttyliketurt|265|1000\n|teamsize|p1|6\n|teamsize|p2|6\n|gen|9\n|tier|[Gen 9] Doubles OU\n|rated|\n|rule|Species Clause: Limit one of each Pok\u00e9mon\n|rule|OHKO Clause: OHKO moves are banned\n|rule|Evasion Moves Clause: Evasion moves are banned\n|rule|Gravity Sleep Clause: The combination of sleep-inducing moves with imperfect accuracy and Gravity or Gigantamax Orbeetle are banned\n|rule|Endless Battle Clause: Forcing endless battles is banned\n|rule|HP Percentage Mod: HP is shown in percentages\n|clearpoke\n|poke|p1|Sinistcha|\n|poke|p1|Ogerpon-Wellspring, F|\n|poke|p1|Cresselia, F|\n|poke|p1|Heatran, M|\n|poke|p1|Ursaluna-Bloodmoon, M|\n|poke|p1|Iron Hands|\n|poke|p2|Vikavolt, M|\n|poke|p2|Oricorio, M|\n|poke|p2|Dragonite, F|\n|poke|p2|Kingambit, F|\n|poke|p2|Talonflame, M|\n|poke|p2|Cresselia, F|\n|teampreview\n|\n|t:|1700684542\n|start\n|switch|p1a: Heatran|Heatran, M|100\/100\n|switch|p1b: Iron Hands|Iron Hands|100\/100\n|switch|p2a: Oricorio|Oricorio, M, shiny|100\/100\n|switch|p2b: Dragonite|Dragonite, F, shiny|100\/100\n|turn|1\n|\n|t:|1700684561\n|move|p2a: Oricorio|Taunt|p1b: Iron Hands\n|-start|p1b: Iron Hands|move: Taunt\n|move|p2b: Dragonite|Dragon Dance|p2b: Dragonite\n|-boost|p2b: Dragonite|atk|1\n|-boost|p2b: Dragonite|spe|1\n|-activate|p2a: Oricorio|ability: Dancer\n|move|p2a: Oricorio|Dragon Dance|p2a: Oricorio|[from]ability: Dancer\n|-boost|p2a: Oricorio|atk|1\n|-boost|p2a: Oricorio|spe|1\n|move|p1a: Heatran|Magma Storm|p2a: Oricorio\n|-resisted|p2a: Oricorio\n|-damage|p2a: Oricorio|57\/100\n|-activate|p2a: Oricorio|move: Magma Storm|[of] p1a: Heatran\n|move|p1b: Iron Hands|Wild Charge|p2b: Dragonite\n|-damage|p2b: Dragonite|45\/100\n|-damage|p1b: Iron Hands|92\/100|[from] Recoil\n|\n|-damage|p2a: Oricorio|45\/100|[from] move: Magma Storm|[partiallytrapped]\n|upkeep\n|turn|2\n|\n|t:|1700684597\n|move|p2a: Oricorio|Dual Wingbeat|p1b: Iron Hands\n|-damage|p1b: Iron Hands|81\/100\n|-damage|p1b: Iron Hands|71\/100\n|-hitcount|p1b: Iron Hands|2\n|move|p2b: Dragonite|Aqua Tail|p1a: Heatran\n|-supereffective|p1a: Heatran\n|-damage|p1a: Heatran|8\/100\n|move|p1a: Heatran|Heat Wave|p2a: Oricorio|[spread] p2a,p2b\n|-resisted|p2a: Oricorio\n|-resisted|p2b: Dragonite\n|-damage|p2a: Oricorio|13\/100\n|-damage|p2b: Dragonite|24\/100\n|-enditem|p2b: Dragonite|Aguav Berry|[eat]\n|-heal|p2b: Dragonite|57\/100|[from] item: Aguav Berry\n|move|p1b: Iron Hands|Drain Punch|p2b: Dragonite\n|-resisted|p2b: Dragonite\n|-damage|p2b: Dragonite|24\/100\n|-heal|p1b: Iron Hands|81\/100|[from] drain|[of] p2b: Dragonite\n|\n|-damage|p2a: Oricorio|0 fnt|[from] move: Magma Storm|[partiallytrapped]\n|faint|p2a: Oricorio\n|upkeep\n|\n|t:|1700684618\n|switch|p2a: Vikavolt|Vikavolt, M, shiny|100\/100\n|turn|3\n|\n|t:|1700684639\n|-end|p1b: Iron Hands|Quark Drive|[silent]\n|switch|p1b: Ursaluna|Ursaluna-Bloodmoon, M|100\/100\n|move|p2b: Dragonite|Aqua Jet|p1a: Heatran\n|-supereffective|p1a: Heatran\n|-damage|p1a: Heatran|0 fnt\n|faint|p1a: Heatran\n|move|p2a: Vikavolt|Discharge|p1b: Ursaluna|[spread] p2b\n|-immune|p1b: Ursaluna\n|-damage|p2b: Dragonite|0 fnt\n|faint|p2b: Dragonite\n|\n|upkeep\n|\n|t:|1700684656\n|switch|p2b: Talonflame|Talonflame, M, shiny|100\/100\n|switch|p1a: Iron Hands|Iron Hands|81\/100\n|turn|4\n|\n|t:|1700684669\n|move|p2b: Talonflame|Brave Bird|p1a: Iron Hands\n|-damage|p1a: Iron Hands|50\/100\n|-damage|p2b: Talonflame|83\/100|[from] Recoil\n|move|p2a: Vikavolt|Bug Bite|p1b: Ursaluna\n|-damage|p1b: Ursaluna|89\/100\n|move|p1a: Iron Hands|Wild Charge|p2b: Talonflame\n|-supereffective|p2b: Talonflame\n|-damage|p2b: Talonflame|0 fnt\n|faint|p2b: Talonflame\n|-damage|p1a: Iron Hands|38\/100|[from] Recoil\n|move|p1b: Ursaluna|Hyper Voice|p2a: Vikavolt\n|-damage|p2a: Vikavolt|12\/100\n|-enditem|p1b: Ursaluna|Throat Spray\n|-boost|p1b: Ursaluna|spa|1|[from] item: Throat Spray\n|\n|upkeep\n|\n|t:|1700684684\n|switch|p2b: Cresselia|Cresselia, F, shiny|100\/100\n|turn|5\n|\n|t:|1700684694\n|move|p2b: Cresselia|Ally Switch|p2b: Cresselia\n|swap|p2b: Cresselia|0|[from] move: Ally Switch\n|move|p2b: Vikavolt|Bug Bite|p1b: Ursaluna\n|-damage|p1b: Ursaluna|79\/100\n|move|p1a: Iron Hands|Drain Punch|p2b: Vikavolt\n|-resisted|p2b: Vikavolt\n|-damage|p2b: Vikavolt|0 fnt\n|-heal|p1a: Iron Hands|41\/100|[from] drain|[of] p2b: Vikavolt\n|faint|p2b: Vikavolt\n|move|p1b: Ursaluna|Hyper Voice|p2a: Cresselia\n|-damage|p2a: Cresselia|46\/100\n|\n|upkeep\n|\n|t:|1700684705\n|switch|p2b: Kingambit|Kingambit, F, shiny|100\/100\n|turn|6\n|\n|t:|1700684720\n|move|p2a: Cresselia|Helping Hand|p2b: Kingambit\n|-singleturn|p2b: Kingambit|Helping Hand|[of] p2a: Cresselia\n|move|p1a: Iron Hands|Drain Punch|p2b: Kingambit\n|-supereffective|p2b: Kingambit\n|-damage|p2b: Kingambit|0 fnt\n|-heal|p1a: Iron Hands|81\/100|[from] drain|[of] p2b: Kingambit\n|faint|p2b: Kingambit\n|move|p1b: Ursaluna|Blood Moon|p2a: Cresselia\n|-crit|p2a: Cresselia\n|-damage|p2a: Cresselia|0 fnt\n|faint|p2a: Cresselia\n|\n|win|12 Charlie\n|raw|12 Charlie's rating: 1100 &rarr; <strong>1118<\/strong><br \/>(+18 for winning)\n|raw|tuttyliketurt's rating: 1000 &rarr; <strong>1000<\/strong><br \/>(+0 for losing)\n|l|\u2606tuttyliketurt\n|l|\u260612 Charlie\n|j|\u260612 Charlie\n|player|p1|12 Charlie|2\n","uploadtime":1700684814,"views":4,"p1id":"12charlie","p2id":"tuttyliketurt","formatid":"gen9doublesou","rating":1000,"private":0,"password":""}