{"id":"gen9doublesou-1973929989","p1":"sadboigaming","p2":"UwU_Kingz","format":"[Gen 9] Doubles OU","log":"|j|\u2606sadboigaming\n|j|\u2606UwU_Kingz\n|t:|1698029359\n|gametype|doubles\n|player|p1|sadboigaming|unknown|\n|player|p2|UwU_Kingz|265|\n|teamsize|p1|6\n|teamsize|p2|6\n|gen|9\n|tier|[Gen 9] Doubles OU\n|rule|Species Clause: Limit one of each Pok\u00e9mon\n|rule|OHKO Clause: OHKO moves are banned\n|rule|Evasion Moves Clause: Evasion moves are banned\n|rule|Gravity Sleep Clause: The combination of sleep-inducing moves with imperfect accuracy and Gravity or Gigantamax Orbeetle are banned\n|rule|Endless Battle Clause: Forcing endless battles is banned\n|rule|HP Percentage Mod: HP is shown in percentages\n|clearpoke\n|poke|p1|Regidrago|\n|poke|p1|Hoopa|\n|poke|p1|Torkoal, M|\n|poke|p1|Great Tusk|\n|poke|p1|Thundurus, M|\n|poke|p1|Enamorus-Therian, F|\n|poke|p2|Landorus, M|\n|poke|p2|Mesprit|\n|poke|p2|Hatterene, F|\n|poke|p2|Iron Hands|\n|poke|p2|Samurott-Hisui, M|\n|poke|p2|Arcanine-Hisui, F|\n|teampreview\n|j| riastylis\n|j| Redzone92\n|\n|t:|1698029388\n|start\n|switch|p1a: Hoopa|Hoopa|100\/100\n|switch|p1b: Enamorus|Enamorus-Therian, F|100\/100\n|switch|p2a: Mesprit|Mesprit|100\/100\n|switch|p2b: Fluffy|Arcanine-Hisui, F, shiny|100\/100\n|turn|1\n|\n|t:|1698029405\n|move|p1a: Hoopa|Shadow Ball|p2a: Mesprit\n|-supereffective|p2a: Mesprit\n|-damage|p2a: Mesprit|0 fnt\n|faint|p2a: Mesprit\n|move|p2b: Fluffy|Wild Charge|p1b: Enamorus\n|-supereffective|p1b: Enamorus\n|-damage|p1b: Enamorus|38\/100\n|move|p1b: Enamorus|Earth Power|p2b: Fluffy\n|-supereffective|p2b: Fluffy\n|-damage|p2b: Fluffy|0 fnt\n|faint|p2b: Fluffy\n|-damage|p1b: Enamorus|29\/100|[from] item: Life Orb\n|\n|upkeep\n|\n|t:|1698029426\n|switch|p2b: Iron Hands|Iron Hands|100\/100\n|switch|p2a: Landorus|Landorus, M|100\/100\n|turn|2\n|\n|t:|1698029451\n|switch|p1a: Great Tusk|Great Tusk|100\/100\n|-enditem|p1a: Great Tusk|Booster Energy\n|-activate|p1a: Great Tusk|ability: Protosynthesis|[fromitem]\n|-start|p1a: Great Tusk|protosynthesisatk\n|-terastallize|p2a: Landorus|Ice\n|move|p2a: Landorus|Tera Blast|p1a: Great Tusk|[anim] Tera Blast Ice\n|-supereffective|p1a: Great Tusk\n|-damage|p1a: Great Tusk|0 fnt\n|faint|p1a: Great Tusk\n|-end|p1a: Great Tusk|Protosynthesis|[silent]\n|move|p1b: Enamorus|Dazzling Gleam|p2b: Iron Hands|[spread] p2a,p2b\n|-supereffective|p2b: Iron Hands\n|-damage|p2a: Landorus|43\/100\n|-damage|p2b: Iron Hands|41\/100\n|-damage|p1b: Enamorus|19\/100|[from] item: Life Orb\n|move|p2b: Iron Hands|Ice Punch|p1b: Enamorus\n|-supereffective|p1b: Enamorus\n|-damage|p1b: Enamorus|0 fnt\n|faint|p1b: Enamorus\n|\n|upkeep\n|\n|t:|1698029476\n|switch|p1a: Hoopa|Hoopa|100\/100\n|switch|p1b: Torkoal|Torkoal, M, shiny|100\/100\n|turn|3\n|\n|t:|1698029495\n|move|p2a: Landorus|Tera Blast|p1a: Hoopa|[anim] Tera Blast Ice\n|-damage|p1a: Hoopa|60\/100\n|move|p1a: Hoopa|Psychic|p2b: Iron Hands\n|-supereffective|p2b: Iron Hands\n|-damage|p2b: Iron Hands|0 fnt\n|faint|p2b: Iron Hands\n|-end|p2b: Iron Hands|Quark Drive|[silent]\n|move|p1b: Torkoal|Gyro Ball|p2a: Landorus\n|-supereffective|p2a: Landorus\n|-damage|p2a: Landorus|0 fnt\n|faint|p2a: Landorus\n|\n|upkeep\n|\n|t:|1698029508\n|switch|p2a: Samurott|Samurott-Hisui, M, shiny|100\/100\n|switch|p2b: Hatterene|Hatterene, F|100\/100\n|turn|4\n|j| GoDDanteX\n|\n|t:|1698029526\n|switch|p1a: Thundurus|Thundurus, M, shiny|100\/100\n|move|p2a: Samurott|Aqua Cutter|p1b: Torkoal\n|-supereffective|p1b: Torkoal\n|-damage|p1b: Torkoal|23\/100\n|move|p2b: Hatterene|Dazzling Gleam|p1b: Torkoal|[spread] p1a,p1b\n|-resisted|p1b: Torkoal\n|-damage|p1a: Thundurus|52\/100\n|-damage|p1b: Torkoal|1\/100\n|move|p1b: Torkoal|Sludge Bomb|p2b: Hatterene\n|-supereffective|p2b: Hatterene\n|-damage|p2b: Hatterene|51\/100\n|-status|p2b: Hatterene|psn\n|\n|-heal|p2b: Hatterene|57\/100 psn|[from] item: Leftovers\n|-heal|p1b: Torkoal|7\/100|[from] item: Leftovers\n|-damage|p2b: Hatterene|45\/100 psn|[from] psn\n|upkeep\n|turn|5\n|\n|t:|1698029556\n|move|p1a: Thundurus|Thunderbolt|p2a: Samurott\n|-supereffective|p2a: Samurott\n|-enditem|p2a: Samurott|Focus Sash\n|-damage|p2a: Samurott|1\/100\n|move|p2a: Samurott|Aqua Cutter|p1b: Torkoal\n|-supereffective|p1b: Torkoal\n|-damage|p1b: Torkoal|0 fnt\n|faint|p1b: Torkoal\n|move|p2b: Hatterene|Psychic|p1a: Thundurus\n|-damage|p1a: Thundurus|0 fnt\n|faint|p1a: Thundurus\n|\n|-heal|p2b: Hatterene|50\/100 psn|[from] item: Leftovers\n|-damage|p2b: Hatterene|38\/100 psn|[from] psn\n|upkeep\n|\n|t:|1698029570\n|switch|p1a: Hoopa|Hoopa|60\/100\n|switch|p1b: Regidrago|Regidrago, shiny|100\/100\n|turn|6\n|\n|t:|1698029583\n|move|p1a: Hoopa|Shadow Ball|p2b: Hatterene\n|-supereffective|p2b: Hatterene\n|-damage|p2b: Hatterene|0 fnt\n|faint|p2b: Hatterene\n|move|p1b: Regidrago|Earth Power|p2a: Samurott\n|-damage|p2a: Samurott|0 fnt\n|faint|p2a: Samurott\n|\n|win|sadboigaming\n|l| GoDDanteX\n|l| riastylis\n","uploadtime":1698029649,"views":28,"p1id":"sadboigaming","p2id":"uwukingz","formatid":"gen9doublesou","rating":0,"private":0,"password":""}