{"id":"gen9doublesou-1980583418","p1":"nyx47747","p2":"EkCantDrawLol","format":"[Gen 9] Doubles OU","log":"|j|\u2606nyx47747\n|j|\u2606EkCantDrawLol\n|t:|1698799981\n|gametype|doubles\n|player|p1|nyx47747|roxie|1456\n|player|p2|EkCantDrawLol|skierf|1560\n|teamsize|p1|6\n|teamsize|p2|6\n|gen|9\n|tier|[Gen 9] Doubles OU\n|rated|\n|rule|Species Clause: Limit one of each Pok\u00e9mon\n|rule|OHKO Clause: OHKO moves are banned\n|rule|Evasion Moves Clause: Evasion moves are banned\n|rule|Gravity Sleep Clause: The combination of sleep-inducing moves with imperfect accuracy and Gravity or Gigantamax Orbeetle are banned\n|rule|Endless Battle Clause: Forcing endless battles is banned\n|rule|HP Percentage Mod: HP is shown in percentages\n|clearpoke\n|poke|p1|Tornadus, M|\n|poke|p1|Flutter Mane|\n|poke|p1|Roaring Moon|\n|poke|p1|Ogerpon-Hearthflame, F|\n|poke|p1|Sinistcha-Masterpiece|\n|poke|p1|Iron Hands|\n|poke|p2|Ogerpon-Hearthflame, F|\n|poke|p2|Kingambit, F|\n|poke|p2|Tornadus, M|\n|poke|p2|Flutter Mane|\n|poke|p2|Walking Wake|\n|poke|p2|Landorus-Therian, M|\n|teampreview\n|inactive|Battle timer is ON: inactive players will automatically lose when time's up. (requested by nyx47747)\n|\n|t:|1698800005\n|start\n|switch|p1a: Iron Hands|Iron Hands|100\/100\n|switch|p1b: Tornadus|Tornadus, M|100\/100\n|switch|p2a: Kingambit|Kingambit, F|100\/100\n|switch|p2b: Tornadus|Tornadus, M, shiny|100\/100\n|turn|1\n|\n|t:|1698800018\n|switch|p2a: Landorus|Landorus-Therian, M, shiny|100\/100\n|-ability|p2a: Landorus|Intimidate|boost\n|-unboost|p1a: Iron Hands|atk|1\n|-unboost|p1b: Tornadus|atk|1\n|move|p2b: Tornadus|Tailwind|p2b: Tornadus\n|-sidestart|p2: EkCantDrawLol|move: Tailwind\n|move|p1b: Tornadus|Taunt|p2b: Tornadus\n|-start|p2b: Tornadus|move: Taunt\n|-enditem|p2b: Tornadus|Mental Herb\n|-end|p2b: Tornadus|move: Taunt\n|move|p1a: Iron Hands|Drain Punch|p2a: Landorus\n|-resisted|p2a: Landorus\n|-damage|p2a: Landorus|83\/100\n|\n|upkeep\n|turn|2\n|\n|t:|1698800037\n|move|p2b: Tornadus|Protect|p2b: Tornadus\n|-singleturn|p2b: Tornadus|Protect\n|move|p1b: Tornadus|Tailwind|p1b: Tornadus\n|-sidestart|p1: nyx47747|move: Tailwind\n|move|p2a: Landorus|Earthquake|p1a: Iron Hands|[spread] p1a\n|-activate|p2b: Tornadus|move: Protect\n|-immune|p1b: Tornadus\n|-supereffective|p1a: Iron Hands\n|-damage|p1a: Iron Hands|51\/100\n|move|p1a: Iron Hands|Thunder Punch|p2b: Tornadus\n|-activate|p2b: Tornadus|move: Protect\n|\n|-heal|p1a: Iron Hands|58\/100|[from] item: Leftovers\n|upkeep\n|turn|3\n|\n|t:|1698800048\n|move|p2a: Landorus|Earthquake|p1a: Iron Hands|[spread] p1a\n|-immune|p2b: Tornadus\n|-immune|p1b: Tornadus\n|-supereffective|p1a: Iron Hands\n|-damage|p1a: Iron Hands|5\/100\n|move|p1b: Tornadus|Icy Wind|p2a: Landorus|[spread] p2a,p2b\n|-supereffective|p2a: Landorus\n|-supereffective|p2b: Tornadus\n|-damage|p2a: Landorus|0 fnt\n|-damage|p2b: Tornadus|47\/100\n|-unboost|p2b: Tornadus|spe|1\n|faint|p2a: Landorus\n|-damage|p1b: Tornadus|91\/100|[from] item: Life Orb\n|move|p2b: Tornadus|Bleakwind Storm|p1b: Tornadus|[spread] p1a,p1b\n|-damage|p1a: Iron Hands|0 fnt\n|-damage|p1b: Tornadus|35\/100\n|-unboost|p1b: Tornadus|spe|1\n|faint|p1a: Iron Hands\n|-end|p1a: Iron Hands|Quark Drive|[silent]\n|\n|upkeep\n|\n|t:|1698800065\n|switch|p2a: Flutter Mane|Flutter Mane, shiny|100\/100\n|switch|p1a: Sinistcha|Sinistcha-Masterpiece|100\/100\n|-heal|p1b: Tornadus|59\/100|[from] ability: Hospitality|[of] p1a: Sinistcha\n|-enditem|p2a: Flutter Mane|Booster Energy\n|-activate|p2a: Flutter Mane|ability: Protosynthesis|[fromitem]\n|-start|p2a: Flutter Mane|protosynthesisspe\n|turn|4\n|\n|t:|1698800072\n|move|p2b: Tornadus|Protect|p2b: Tornadus\n|-singleturn|p2b: Tornadus|Protect\n|move|p2a: Flutter Mane|Shadow Ball|p1a: Sinistcha\n|-supereffective|p1a: Sinistcha\n|-damage|p1a: Sinistcha|5\/100\n|-unboost|p1a: Sinistcha|spd|1\n|move|p1b: Tornadus|Bleakwind Storm|p2b: Tornadus|[spread] p2a\n|-activate|p2b: Tornadus|move: Protect\n|-damage|p2a: Flutter Mane|51\/100\n|-unboost|p2a: Flutter Mane|spe|1\n|-damage|p1b: Tornadus|50\/100|[from] item: Life Orb\n|move|p1a: Sinistcha|Shadow Ball|p2a: Flutter Mane\n|-supereffective|p2a: Flutter Mane\n|-damage|p2a: Flutter Mane|0 fnt\n|faint|p2a: Flutter Mane\n|-end|p2a: Flutter Mane|Protosynthesis|[silent]\n|\n|-heal|p1a: Sinistcha|11\/100|[from] item: Leftovers\n|-sideend|p2: EkCantDrawLol|move: Tailwind\n|upkeep\n|\n|t:|1698800089\n|switch|p2a: Kingambit|Kingambit, F|100\/100\n|turn|5\n|\n|t:|1698800108\n|move|p2b: Tornadus|Protect|p2b: Tornadus\n|-singleturn|p2b: Tornadus|Protect\n|move|p1b: Tornadus|Bleakwind Storm|p2a: Kingambit|[spread] p2a\n|-activate|p2b: Tornadus|move: Protect\n|-resisted|p2a: Kingambit\n|-damage|p2a: Kingambit|78\/100\n|-damage|p1b: Tornadus|40\/100|[from] item: Life Orb\n|move|p1a: Sinistcha|Strength Sap|p2a: Kingambit\n|-unboost|p2a: Kingambit|atk|1\n|-ability|p2a: Kingambit|Defiant|boost\n|-boost|p2a: Kingambit|atk|2\n|-heal|p1a: Sinistcha|100\/100\n|move|p2a: Kingambit|Kowtow Cleave|p1b: Tornadus\n|-damage|p1b: Tornadus|0 fnt\n|faint|p1b: Tornadus\n|\n|-sideend|p1: nyx47747|move: Tailwind\n|upkeep\n|\n|t:|1698800117\n|switch|p1b: Ogerpon|Ogerpon-Hearthflame, F|100\/100\n|-ability|p1b: Ogerpon|Mold Breaker\n|turn|6\n|\n|t:|1698800130\n|switch|p1a: Roaring Moon|Roaring Moon|100\/100\n|-terastallize|p2a: Kingambit|Dark\n|move|p2b: Tornadus|Tailwind|p2b: Tornadus\n|-sidestart|p2: EkCantDrawLol|move: Tailwind\n|move|p1b: Ogerpon|Ivy Cudgel|p2a: Kingambit\n|-damage|p2a: Kingambit|34\/100\n|-enditem|p2a: Kingambit|Sitrus Berry|[eat]\n|-heal|p2a: Kingambit|59\/100|[from] item: Sitrus Berry\n|move|p2a: Kingambit|Kowtow Cleave|p1b: Ogerpon\n|-damage|p1b: Ogerpon|0 fnt\n|faint|p1b: Ogerpon\n|\n|upkeep\n|\n|t:|1698800143\n|switch|p1b: Flutter Mane|Flutter Mane|100\/100\n|turn|7\n|\n|t:|1698800155\n|-terastallize|p1b: Flutter Mane|Fairy\n|move|p2a: Kingambit|Sucker Punch|p1b: Flutter Mane\n|-resisted|p1b: Flutter Mane\n|-damage|p1b: Flutter Mane|8\/100\n|move|p2b: Tornadus|Bleakwind Storm|p1b: Flutter Mane|[spread] p1a,p1b\n|-damage|p1a: Roaring Moon|64\/100\n|-damage|p1b: Flutter Mane|0 fnt\n|faint|p1b: Flutter Mane\n|-end|p1b: Flutter Mane|Protosynthesis|[silent]\n|move|p1a: Roaring Moon|Dragon Dance|p1a: Roaring Moon\n|-boost|p1a: Roaring Moon|atk|1\n|-boost|p1a: Roaring Moon|spe|1\n|\n|upkeep\n|\n|t:|1698800161\n|switch|p1b: Sinistcha|Sinistcha-Masterpiece|100\/100\n|-heal|p1a: Roaring Moon|89\/100|[from] ability: Hospitality|[of] p1b: Sinistcha\n|turn|8\n|\n|t:|1698800171\n|move|p1a: Roaring Moon|Dragon Claw|p2a: Kingambit\n|-damage|p2a: Kingambit|0 fnt\n|faint|p2a: Kingambit\n|-damage|p1a: Roaring Moon|79\/100|[from] item: Life Orb\n|move|p2b: Tornadus|Bleakwind Storm|p1b: Sinistcha|[spread] p1b\n|-miss|p2b: Tornadus|p1a: Roaring Moon\n|-supereffective|p1b: Sinistcha\n|-damage|p1b: Sinistcha|5\/100\n|-unboost|p1b: Sinistcha|spe|1\n|move|p1b: Sinistcha|Matcha Gotcha|p2b: Tornadus\n|-resisted|p2b: Tornadus\n|-crit|p2b: Tornadus\n|-damage|p2b: Tornadus|2\/100\n|-heal|p1b: Sinistcha|25\/100|[from] drain|[of] p2b: Tornadus\n|\n|-heal|p1b: Sinistcha|31\/100|[from] item: Leftovers\n|upkeep\n|\n|t:|1698800187\n|switch|p2a: Walking Wake|Walking Wake|100\/100\n|turn|9\n|\n|t:|1698800191\n|move|p2a: Walking Wake|Protect|p2a: Walking Wake\n|-singleturn|p2a: Walking Wake|Protect\n|move|p1a: Roaring Moon|Dragon Claw|p2a: Walking Wake\n|-activate|p2a: Walking Wake|move: Protect\n|move|p2b: Tornadus|Bleakwind Storm|p1a: Roaring Moon|[spread] p1a,p1b\n|-supereffective|p1b: Sinistcha\n|-damage|p1a: Roaring Moon|45\/100\n|-damage|p1b: Sinistcha|0 fnt\n|faint|p1b: Sinistcha\n|\n|-sideend|p2: EkCantDrawLol|move: Tailwind\n|upkeep\n|turn|10\n|-message|nyx47747 forfeited.\n|\n|win|EkCantDrawLol\n|raw|nyx47747's rating: 1456 &rarr; <strong>1442<\/strong><br \/>(-14 for losing)\n|raw|EkCantDrawLol's rating: 1560 &rarr; <strong>1574<\/strong><br \/>(+14 for winning)\n|l|\u2606nyx47747\n","uploadtime":1698800203,"views":18,"p1id":"nyx47747","p2id":"ekcantdrawlol","formatid":"gen9doublesou","rating":1442,"private":0,"password":""}