{"id":"gen9doublesou-1981053637","p1":"Thedylanator2277","p2":"Rungy","format":"[Gen 9] Doubles OU","log":"|j|\u2606Thedylanator2277\n|j|\u2606Rungy\n|t:|1698859910\n|gametype|doubles\n|player|p1|Thedylanator2277|101|1108\n|player|p2|Rungy|gambler|1099\n|teamsize|p1|6\n|teamsize|p2|6\n|gen|9\n|tier|[Gen 9] Doubles OU\n|rated|\n|rule|Species Clause: Limit one of each Pok\u00e9mon\n|rule|OHKO Clause: OHKO moves are banned\n|rule|Evasion Moves Clause: Evasion moves are banned\n|rule|Gravity Sleep Clause: The combination of sleep-inducing moves with imperfect accuracy and Gravity or Gigantamax Orbeetle are banned\n|rule|Endless Battle Clause: Forcing endless battles is banned\n|rule|HP Percentage Mod: HP is shown in percentages\n|clearpoke\n|poke|p1|Snorlax, F|\n|poke|p1|Sinistcha|\n|poke|p1|Landorus-Therian, M|\n|poke|p1|Iron Hands|\n|poke|p1|Clefairy, F|\n|poke|p1|Kommo-o, M|\n|poke|p2|Weezing-Galar, F|\n|poke|p2|Gastrodon-East, M|\n|poke|p2|Farigiraf, M|\n|poke|p2|Vikavolt, M|\n|poke|p2|Wyrdeer, M|\n|poke|p2|Mamoswine, F|\n|teampreview\n|\n|t:|1698859929\n|start\n|switch|p1a: Snorlax|Snorlax, F|100\/100\n|switch|p1b: Iron Hands|Iron Hands|100\/100\n|switch|p2a: Assmar|Weezing-Galar, F|100\/100\n|switch|p2b: Pearls|Mamoswine, F|100\/100\n|-fieldstart|move: Misty Terrain|[from] ability: Misty Surge|[of] p2a: Assmar\n|turn|1\n|\n|t:|1698859967\n|switch|p2a: BZZZZZT|Vikavolt, M|100\/100\n|-end|p1b: Iron Hands|Quark Drive|[silent]\n|switch|p1b: Clefairy|Clefairy, F|100\/100\n|move|p2b: Pearls|High Horsepower|p1b: Clefairy\n|-damage|p1b: Clefairy|53\/100\n|move|p1a: Snorlax|Belly Drum|p1a: Snorlax\n|-damage|p1a: Snorlax|50\/100\n|-setboost|p1a: Snorlax|atk|6|[from] move: Belly Drum\n|-enditem|p1a: Snorlax|Sitrus Berry|[eat]\n|-heal|p1a: Snorlax|75\/100|[from] item: Sitrus Berry\n|\n|upkeep\n|turn|2\n|\n|t:|1698859987\n|move|p1b: Clefairy|Follow Me|p1b: Clefairy\n|-singleturn|p1b: Clefairy|move: Follow Me\n|move|p2b: Pearls|Iron Head|p1b: Clefairy\n|-supereffective|p1b: Clefairy\n|-damage|p1b: Clefairy|0 fnt\n|faint|p1b: Clefairy\n|move|p2a: BZZZZZT|Agility|p2a: BZZZZZT\n|-boost|p2a: BZZZZZT|spe|2\n|move|p1a: Snorlax|Facade|p2a: BZZZZZT\n|-damage|p2a: BZZZZZT|0 fnt\n|faint|p2a: BZZZZZT\n|\n|upkeep\n|\n|t:|1698860017\n|switch|p2a: Assmar|Weezing-Galar, F|100\/100\n|switch|p1b: Kommo-o|Kommo-o, M|100\/100\n|turn|3\n|\n|t:|1698860031\n|-terastallize|p1b: Kommo-o|Steel\n|move|p2b: Pearls|Ice Shard|p1a: Snorlax\n|-damage|p1a: Snorlax|65\/100\n|move|p1b: Kommo-o|Clangorous Soul|p1b: Kommo-o\n|-boost|p1b: Kommo-o|atk|1\n|-boost|p1b: Kommo-o|def|1\n|-boost|p1b: Kommo-o|spa|1\n|-boost|p1b: Kommo-o|spd|1\n|-boost|p1b: Kommo-o|spe|1\n|-damage|p1b: Kommo-o|68\/100\n|-enditem|p1b: Kommo-o|Throat Spray\n|-boost|p1b: Kommo-o|spa|1|[from] item: Throat Spray\n|move|p2a: Assmar|Haze|p2a: Assmar\n|-clearallboost\n|move|p1a: Snorlax|High Horsepower|p2b: Pearls\n|-damage|p2b: Pearls|69\/100\n|\n|upkeep\n|turn|4\n|\n|t:|1698860054\n|move|p2b: Pearls|High Horsepower|p1b: Kommo-o\n|-supereffective|p1b: Kommo-o\n|-damage|p1b: Kommo-o|0 fnt\n|faint|p1b: Kommo-o\n|move|p2a: Assmar|Flamethrower|p1a: Snorlax\n|-crit|p1a: Snorlax\n|-damage|p1a: Snorlax|53\/100\n|move|p1a: Snorlax|Belly Drum|p1a: Snorlax\n|-damage|p1a: Snorlax|3\/100\n|-setboost|p1a: Snorlax|atk|6|[from] move: Belly Drum\n|\n|upkeep\n|\n|t:|1698860060\n|switch|p1b: Sinistcha|Sinistcha|100\/100\n|-heal|p1a: Snorlax|28\/100|[from] ability: Hospitality|[of] p1b: Sinistcha\n|turn|5\n|\n|t:|1698860071\n|move|p1a: Snorlax|Protect|p1a: Snorlax\n|-singleturn|p1a: Snorlax|Protect\n|move|p2b: Pearls|Ice Shard|p1b: Sinistcha\n|-supereffective|p1b: Sinistcha\n|-damage|p1b: Sinistcha|59\/100\n|move|p2a: Assmar|Haze|p2a: Assmar\n|-clearallboost\n|move|p1b: Sinistcha|Trick Room|p1b: Sinistcha\n|-fieldstart|move: Trick Room|[of] p1b: Sinistcha\n|\n|upkeep\n|turn|6\n|-message|Thedylanator2277 forfeited.\n|\n|win|Rungy\n|raw|Thedylanator2277's rating: 1108 &rarr; <strong>1082<\/strong><br \/>(-26 for losing)\n|raw|Rungy's rating: 1099 &rarr; <strong>1125<\/strong><br \/>(+26 for winning)\n|l|\u2606Thedylanator2277\n","uploadtime":1698860091,"views":40,"p1id":"thedylanator2277","p2id":"rungy","formatid":"gen9doublesou","rating":1082,"private":0,"password":""}