{"id":"gen9doublesou-1981884504","p1":"Red_Maple_tree","p2":"pakiavatar9434","format":"[Gen 9] Doubles OU","log":"|j|\u2606Red_Maple_tree\n|j|\u2606pakiavatar9434\n|t:|1698948952\n|gametype|doubles\n|player|p1|Red_Maple_tree|swimmerf2-gen7|1196\n|player|p2|pakiavatar9434|dragontamer|1155\n|teamsize|p1|6\n|teamsize|p2|6\n|gen|9\n|tier|[Gen 9] Doubles OU\n|rated|\n|rule|Species Clause: Limit one of each Pok\u00e9mon\n|rule|OHKO Clause: OHKO moves are banned\n|rule|Evasion Moves Clause: Evasion moves are banned\n|rule|Gravity Sleep Clause: The combination of sleep-inducing moves with imperfect accuracy and Gravity or Gigantamax Orbeetle are banned\n|rule|Endless Battle Clause: Forcing endless battles is banned\n|rule|HP Percentage Mod: HP is shown in percentages\n|clearpoke\n|poke|p1|Glastrier|\n|poke|p1|Clefairy, F|\n|poke|p1|Sinistcha-Masterpiece|\n|poke|p1|Kommo-o, F|\n|poke|p1|Landorus-Therian, M|\n|poke|p1|Roaring Moon|\n|poke|p2|Iron Moth|\n|poke|p2|Grimmsnarl, M|\n|poke|p2|Ogerpon-Wellspring, F|\n|poke|p2|Oricorio-Pom-Pom, M|\n|poke|p2|Golem-Alola, F|\n|poke|p2|Kilowattrel, F|\n|teampreview\n|\n|t:|1698948965\n|start\n|switch|p1a: Glastrier|Glastrier|100\/100\n|switch|p1b: Landorus|Landorus-Therian, M|100\/100\n|switch|p2a: Grimmsnarl|Grimmsnarl, M|100\/100\n|switch|p2b: Golem|Golem-Alola, F|100\/100\n|-ability|p1b: Landorus|Intimidate|boost\n|-unboost|p2a: Grimmsnarl|atk|1\n|-unboost|p2b: Golem|atk|1\n|turn|1\n|\n|t:|1698948983\n|move|p2b: Golem|Protect|p2b: Golem\n|-singleturn|p2b: Golem|Protect\n|move|p2a: Grimmsnarl|Trick|p1b: Landorus\n|-activate|p2a: Grimmsnarl|move: Trick|[of] p1b: Landorus\n|-item|p1b: Landorus|Lagging Tail|[from] move: Trick\n|-item|p2a: Grimmsnarl|Choice Scarf|[from] move: Trick\n|move|p1b: Landorus|U-turn|p2b: Golem\n|-activate|p2b: Golem|move: Protect\n|move|p1a: Glastrier|Substitute|p1a: Glastrier\n|-start|p1a: Glastrier|Substitute\n|-damage|p1a: Glastrier|75\/100\n|\n|-heal|p1a: Glastrier|82\/100|[from] item: Leftovers\n|upkeep\n|turn|2\n|l|\u2606Red_Maple_tree\n|player|p1|\n|j|\u2606Red_Maple_tree\n|player|p1|Red_Maple_tree|swimmerf2-gen7\n|inactive|Battle timer is ON: inactive players will automatically lose when time's up. (requested by pakiavatar9434)\n|\n|t:|1698949059\n|switch|p2b: Ogerpon|Ogerpon-Wellspring, F|100\/100\n|move|p2a: Grimmsnarl|Parting Shot|p1b: Landorus\n|-unboost|p1b: Landorus|atk|1\n|-unboost|p1b: Landorus|spa|1\n|\n|t:|1698949066\n|switch|p2a: Kilowattrel|Kilowattrel, F|100\/100|[from] Parting Shot\n|move|p1a: Glastrier|High Horsepower|p2b: Ogerpon\n|-resisted|p2b: Ogerpon\n|-damage|p2b: Ogerpon|81\/100\n|move|p1b: Landorus|U-turn|p2b: Ogerpon\n|-supereffective|p2b: Ogerpon\n|-damage|p2b: Ogerpon|35\/100\n|\n|t:|1698949074\n|switch|p1b: Sinistcha|Sinistcha-Masterpiece|100\/100|[from] U-turn\n|-heal|p1a: Glastrier|100\/100|[from] ability: Hospitality|[of] p1b: Sinistcha\n|\n|upkeep\n|turn|3\n|\n|t:|1698949093\n|move|p2a: Kilowattrel|U-turn|p1a: Glastrier\n|-activate|p1a: Glastrier|move: Substitute|[damage]\n|\n|t:|1698949097\n|switch|p2a: Grimmsnarl|Grimmsnarl, M|100\/100|[from] U-turn\n|move|p2b: Ogerpon|Ivy Cudgel|p1a: Glastrier\n|-end|p1a: Glastrier|Substitute\n|move|p1a: Glastrier|Icicle Crash|p2b: Ogerpon\n|-damage|p2b: Ogerpon|0 fnt\n|faint|p2b: Ogerpon\n|-ability|p1a: Glastrier|Chilling Neigh|boost\n|-boost|p1a: Glastrier|atk|1\n|move|p1b: Sinistcha|Trick Room|p1b: Sinistcha\n|-fieldstart|move: Trick Room|[of] p1b: Sinistcha\n|\n|upkeep\n|\n|t:|1698949109\n|switch|p2b: Golem|Golem-Alola, F|100\/100\n|turn|4\n|\n|t:|1698949120\n|move|p1b: Sinistcha|Rage Powder|p1b: Sinistcha\n|-singleturn|p1b: Sinistcha|move: Rage Powder\n|move|p2a: Grimmsnarl|Parting Shot|p1b: Sinistcha\n|-unboost|p1b: Sinistcha|atk|1\n|-unboost|p1b: Sinistcha|spa|1\n|\n|t:|1698949124\n|switch|p2a: Kilowattrel|Kilowattrel, F|100\/100|[from] Parting Shot\n|move|p1a: Glastrier|Substitute|p1a: Glastrier\n|-start|p1a: Glastrier|Substitute\n|-damage|p1a: Glastrier|75\/100\n|move|p2b: Golem|Explosion|p1b: Sinistcha|[spread] p1a,p1b\n|-immune|p2a: Kilowattrel|[from] ability: Volt Absorb\n|-end|p1a: Glastrier|Substitute\n|-resisted|p1b: Sinistcha\n|-damage|p1b: Sinistcha|46\/100\n|faint|p2b: Golem\n|\n|-heal|p1a: Glastrier|82\/100|[from] item: Leftovers\n|upkeep\n|\n|t:|1698949141\n|switch|p2b: Grimmsnarl|Grimmsnarl, M|100\/100\n|turn|5\n|\n|t:|1698949150\n|move|p1b: Sinistcha|Rage Powder|p1b: Sinistcha\n|-singleturn|p1b: Sinistcha|move: Rage Powder\n|move|p2b: Grimmsnarl|Trick|p1b: Sinistcha\n|-activate|p2b: Grimmsnarl|move: Trick|[of] p1b: Sinistcha\n|-item|p1b: Sinistcha|Choice Scarf|[from] move: Trick\n|-item|p2b: Grimmsnarl|Mental Herb|[from] move: Trick\n|move|p1a: Glastrier|Icicle Crash|p2a: Kilowattrel\n|-supereffective|p2a: Kilowattrel\n|-damage|p2a: Kilowattrel|0 fnt\n|faint|p2a: Kilowattrel\n|-ability|p1a: Glastrier|Chilling Neigh|boost\n|-boost|p1a: Glastrier|atk|1\n|\n|-heal|p1a: Glastrier|88\/100|[from] item: Leftovers\n|upkeep\n|\n|t:|1698949163\n|switch|p2a: Oricorio|Oricorio-Pom-Pom, M|100\/100\n|turn|6\n|\n|t:|1698949173\n|move|p2a: Oricorio|Protect|p2a: Oricorio\n|-singleturn|p2a: Oricorio|Protect\n|move|p1b: Sinistcha|Rage Powder|p1b: Sinistcha\n|-singleturn|p1b: Sinistcha|move: Rage Powder\n|move|p2b: Grimmsnarl|Taunt|p1b: Sinistcha\n|-start|p1b: Sinistcha|move: Taunt\n|move|p1a: Glastrier|Substitute|p1a: Glastrier\n|-start|p1a: Glastrier|Substitute\n|-damage|p1a: Glastrier|63\/100\n|\n|-heal|p1a: Glastrier|69\/100|[from] item: Leftovers\n|upkeep\n|turn|7\n|\n|t:|1698949195\n|switch|p1b: Clefairy|Clefairy, F|100\/100\n|-terastallize|p2a: Oricorio|Ice\n|move|p2b: Grimmsnarl|Taunt|p1a: Glastrier\n|-start|p1a: Glastrier|move: Taunt\n|move|p1a: Glastrier|Icicle Crash|p2b: Grimmsnarl|[miss]\n|-miss|p1a: Glastrier|p2b: Grimmsnarl\n|move|p2a: Oricorio|Revelation Dance|p1a: Glastrier\n|-resisted|p1a: Glastrier\n|-activate|p1a: Glastrier|move: Substitute|[damage]\n|\n|-heal|p1a: Glastrier|75\/100|[from] item: Leftovers\n|-fieldend|move: Trick Room\n|upkeep\n|turn|8\n|\n|t:|1698949222\n|move|p1b: Clefairy|Follow Me|p1b: Clefairy\n|-singleturn|p1b: Clefairy|move: Follow Me\n|move|p2b: Grimmsnarl|Taunt|p1b: Clefairy\n|-start|p1b: Clefairy|move: Taunt\n|move|p2a: Oricorio|Air Slash|p1b: Clefairy\n|-damage|p1b: Clefairy|70\/100\n|move|p1a: Glastrier|Icicle Crash|p2b: Grimmsnarl\n|-damage|p2b: Grimmsnarl|6\/100\n|\n|-heal|p1a: Glastrier|81\/100|[from] item: Leftovers\n|upkeep\n|turn|9\n|inactive|pakiavatar9434 has 120 seconds left.\n|\n|t:|1698949254\n|switch|p1b: Sinistcha|Sinistcha-Masterpiece|46\/100\n|-heal|p1a: Glastrier|100\/100|[from] ability: Hospitality|[of] p1b: Sinistcha\n|move|p2b: Grimmsnarl|Trick|p1b: Sinistcha\n|-activate|p2b: Grimmsnarl|move: Trick|[of] p1b: Sinistcha\n|-item|p1b: Sinistcha|Mental Herb|[from] move: Trick\n|-item|p2b: Grimmsnarl|Choice Scarf|[from] move: Trick\n|move|p2a: Oricorio|Air Slash|p1a: Glastrier\n|-end|p1a: Glastrier|Substitute\n|move|p1a: Glastrier|High Horsepower|p2b: Grimmsnarl\n|-damage|p2b: Grimmsnarl|0 fnt\n|faint|p2b: Grimmsnarl\n|-ability|p1a: Glastrier|Chilling Neigh|boost\n|-boost|p1a: Glastrier|atk|1\n|\n|-end|p1a: Glastrier|move: Taunt\n|upkeep\n|inactive|pakiavatar9434 has 120 seconds left.\n|\n|t:|1698949264\n|switch|p2b: Iron Moth|Iron Moth|100\/100\n|-enditem|p2b: Iron Moth|Booster Energy\n|-activate|p2b: Iron Moth|ability: Quark Drive|[fromitem]\n|-start|p2b: Iron Moth|quarkdrivespa\n|turn|10\n|inactive|Red_Maple_tree has 120 seconds left.\n|\n|t:|1698949299\n|move|p1b: Sinistcha|Rage Powder|p1b: Sinistcha\n|-singleturn|p1b: Sinistcha|move: Rage Powder\n|move|p2b: Iron Moth|Fiery Dance|p1b: Sinistcha\n|-supereffective|p1b: Sinistcha\n|-damage|p1b: Sinistcha|0 fnt\n|faint|p1b: Sinistcha\n|-activate|p2a: Oricorio|ability: Dancer\n|move|p2a: Oricorio|Fiery Dance|p1a: Glastrier|[from]ability: Dancer\n|-supereffective|p1a: Glastrier\n|-damage|p1a: Glastrier|70\/100\n|-boost|p2a: Oricorio|spa|1\n|move|p2a: Oricorio|Quiver Dance|p2a: Oricorio\n|-boost|p2a: Oricorio|spa|1\n|-boost|p2a: Oricorio|spd|1\n|-boost|p2a: Oricorio|spe|1\n|move|p1a: Glastrier|High Horsepower|p2b: Iron Moth\n|-supereffective|p2b: Iron Moth\n|-damage|p2b: Iron Moth|0 fnt\n|faint|p2b: Iron Moth\n|-end|p2b: Iron Moth|Quark Drive|[silent]\n|-ability|p1a: Glastrier|Chilling Neigh|boost\n|-boost|p1a: Glastrier|atk|1\n|\n|-heal|p1a: Glastrier|76\/100|[from] item: Leftovers\n|upkeep\n|inactive|Red_Maple_tree has 120 seconds left.\n|\n|t:|1698949323\n|switch|p1b: Clefairy|Clefairy, F|70\/100\n|turn|11\n|\n|t:|1698949333\n|move|p1b: Clefairy|Follow Me|p1b: Clefairy\n|-singleturn|p1b: Clefairy|move: Follow Me\n|move|p2a: Oricorio|Revelation Dance|p1b: Clefairy\n|-crit|p1b: Clefairy\n|-damage|p1b: Clefairy|0 fnt\n|faint|p1b: Clefairy\n|move|p1a: Glastrier|High Horsepower|p2a: Oricorio|[miss]\n|-miss|p1a: Glastrier|p2a: Oricorio\n|\n|-heal|p1a: Glastrier|82\/100|[from] item: Leftovers\n|upkeep\n|inactive|Red_Maple_tree has 120 seconds left.\n|\n|t:|1698949344\n|switch|p1b: Landorus|Landorus-Therian, M|100\/100\n|-ability|p1b: Landorus|Intimidate|boost\n|-unboost|p2a: Oricorio|atk|1\n|turn|12\n|\n|t:|1698949356\n|move|p2a: Oricorio|Air Slash|p1a: Glastrier|[miss]\n|-miss|p2a: Oricorio|p1a: Glastrier\n|move|p1a: Glastrier|High Horsepower|p2a: Oricorio\n|-damage|p2a: Oricorio|0 fnt\n|faint|p2a: Oricorio\n|\n|win|Red_Maple_tree\n|raw|Red_Maple_tree's rating: 1196 &rarr; <strong>1218<\/strong><br \/>(+22 for winning)\n|raw|pakiavatar9434's rating: 1155 &rarr; <strong>1133<\/strong><br \/>(-22 for losing)\n|l|\u2606pakiavatar9434\n","uploadtime":1698949371,"views":33,"p1id":"redmapletree","p2id":"pakiavatar9434","formatid":"gen9doublesou","rating":1133,"private":0,"password":""}