{"id":"gen9doublesou-1979112086","p1":"overtrune66","p2":"Oreng3","format":"[Gen 9] Doubles OU","log":"|j|\u2606overtrune66\n|j|\u2606Oreng3\n|t:|1698633787\n|gametype|doubles\n|player|p1|overtrune66|swimmerf-gen4dp|1276\n|player|p2|Oreng3|gardenia|1403\n|teamsize|p1|6\n|teamsize|p2|6\n|gen|9\n|tier|[Gen 9] Doubles OU\n|rated|\n|rule|Species Clause: Limit one of each Pok\u00e9mon\n|rule|OHKO Clause: OHKO moves are banned\n|rule|Evasion Moves Clause: Evasion moves are banned\n|rule|Gravity Sleep Clause: The combination of sleep-inducing moves with imperfect accuracy and Gravity or Gigantamax Orbeetle are banned\n|rule|Endless Battle Clause: Forcing endless battles is banned\n|rule|HP Percentage Mod: HP is shown in percentages\n|clearpoke\n|poke|p1|Amoonguss, F|\n|poke|p1|Chien-Pao|\n|poke|p1|Empoleon, F|\n|poke|p1|Flutter Mane|\n|poke|p1|Dragonite, F|\n|poke|p1|Ogerpon-Hearthflame, F|\n|poke|p2|Gastrodon-East, F|\n|poke|p2|Politoed, F|\n|poke|p2|Goodra-Hisui, M|\n|poke|p2|Houndstone, M|\n|poke|p2|Shaymin-Sky|\n|poke|p2|Farigiraf, M|\n|teampreview\n|inactive|Battle timer is ON: inactive players will automatically lose when time's up. (requested by Oreng3)\n|\n|t:|1698633795\n|start\n|switch|p1a: Flutter Mane|Flutter Mane|100\/100\n|switch|p1b: Empoleon|Empoleon, F|100\/100\n|switch|p2a: Gastrodon|Gastrodon-East, F, shiny|100\/100\n|switch|p2b: Politoed|Politoed, F, shiny|100\/100\n|-weather|RainDance|[from] ability: Drizzle|[of] p2b: Politoed\n|-enditem|p1a: Flutter Mane|Booster Energy\n|-activate|p1a: Flutter Mane|ability: Protosynthesis|[fromitem]\n|-start|p1a: Flutter Mane|protosynthesisspa\n|turn|1\n|\n|t:|1698633812\n|move|p1a: Flutter Mane|Dazzling Gleam|p2a: Gastrodon|[spread] p2a,p2b\n|-damage|p2a: Gastrodon|58\/100\n|-damage|p2b: Politoed|74\/100\n|move|p2b: Politoed|Surf|p1b: Empoleon|[spread] p1a,p1b\n|-ability|p2a: Gastrodon|Storm Drain|boost\n|-boost|p2a: Gastrodon|spa|1\n|-resisted|p1b: Empoleon\n|-damage|p1a: Flutter Mane|72\/100\n|-damage|p1b: Empoleon|91\/100\n|move|p1b: Empoleon|Icy Wind|p2b: Politoed|[spread] p2a,p2b\n|-resisted|p2b: Politoed\n|-damage|p2a: Gastrodon|44\/100\n|-damage|p2b: Politoed|69\/100\n|-unboost|p2a: Gastrodon|spe|1\n|-unboost|p2b: Politoed|spe|1\n|move|p2a: Gastrodon|Surf|p1b: Empoleon|[spread] p2b,p1a,p1b\n|-resisted|p2b: Politoed\n|-resisted|p1b: Empoleon\n|-damage|p2b: Politoed|47\/100\n|-damage|p1a: Flutter Mane|13\/100\n|-damage|p1b: Empoleon|69\/100\n|\n|-weather|RainDance|[upkeep]\n|-heal|p2a: Gastrodon|50\/100|[from] item: Leftovers\n|upkeep\n|turn|2\n|inactive|Oreng3 has 120 seconds left.\n|\n|t:|1698633844\n|move|p1a: Flutter Mane|Dazzling Gleam|p2a: Gastrodon|[spread] p2a,p2b\n|-damage|p2a: Gastrodon|11\/100\n|-damage|p2b: Politoed|19\/100\n|move|p1b: Empoleon|Brine|p2a: Gastrodon\n|-activate|p2a: Gastrodon|ability: Storm Drain\n|-ability|p2a: Gastrodon|Storm Drain|boost\n|-boost|p2a: Gastrodon|spa|1\n|move|p2b: Politoed|Surf|p1a: Flutter Mane|[spread] p1a,p1b\n|-ability|p2a: Gastrodon|Storm Drain|boost\n|-boost|p2a: Gastrodon|spa|1\n|-resisted|p1b: Empoleon\n|-damage|p1a: Flutter Mane|0 fnt\n|-damage|p1b: Empoleon|59\/100\n|faint|p1a: Flutter Mane\n|-end|p1a: Flutter Mane|Protosynthesis|[silent]\n|move|p2a: Gastrodon|Surf|p1b: Empoleon|[spread] p2b,p1b\n|-resisted|p2b: Politoed\n|-resisted|p1b: Empoleon\n|-damage|p2b: Politoed|0 fnt\n|-damage|p1b: Empoleon|23\/100\n|faint|p2b: Politoed\n|\n|-weather|RainDance|[upkeep]\n|-heal|p2a: Gastrodon|17\/100|[from] item: Leftovers\n|upkeep\n|\n|t:|1698633861\n|switch|p1a: Amoonguss|Amoonguss, F|100\/100\n|switch|p2b: Farigiraf|Farigiraf, M, shiny|100\/100\n|turn|3\n|\n|t:|1698633872\n|switch|p2b: Goodra|Goodra-Hisui, M, shiny|100\/100\n|move|p1b: Empoleon|Flash Cannon|p2a: Gastrodon\n|-resisted|p2a: Gastrodon\n|-damage|p2a: Gastrodon|0 fnt\n|faint|p2a: Gastrodon\n|move|p1a: Amoonguss|Pollen Puff|p1b: Empoleon\n|-heal|p1b: Empoleon|73\/100\n|\n|-weather|RainDance|[upkeep]\n|upkeep\n|\n|t:|1698633882\n|switch|p2a: Farigiraf|Farigiraf, M, shiny|100\/100\n|turn|4\n|inactive|Oreng3 has 120 seconds left.\n|\n|t:|1698633919\n|move|p2b: Goodra|Body Press|p1b: Empoleon\n|-supereffective|p1b: Empoleon\n|-damage|p1b: Empoleon|37\/100\n|move|p1b: Empoleon|Icy Wind|p2a: Farigiraf|[spread] p2a,p2b\n|-damage|p2a: Farigiraf|91\/100\n|-damage|p2b: Goodra|91\/100\n|-unboost|p2a: Farigiraf|spe|1\n|-unboost|p2b: Goodra|spe|1\n|move|p1a: Amoonguss|Spore|p2a: Farigiraf\n|-status|p2a: Farigiraf|slp|[from] move: Spore\n|cant|p2a: Farigiraf|slp\n|\n|-weather|RainDance|[upkeep]\n|-heal|p2b: Goodra|97\/100|[from] item: Leftovers\n|-heal|p2a: Farigiraf|97\/100 slp|[from] item: Leftovers\n|upkeep\n|turn|5\n|\n|t:|1698633947\n|move|p1b: Empoleon|Hydro Pump|p2b: Goodra\n|-resisted|p2b: Goodra\n|-damage|p2b: Goodra|71\/100\n|move|p2b: Goodra|Curse|p2b: Goodra\n|-unboost|p2b: Goodra|spe|1\n|-boost|p2b: Goodra|atk|1\n|-boost|p2b: Goodra|def|1\n|move|p1a: Amoonguss|Pollen Puff|p1b: Empoleon\n|-heal|p1b: Empoleon|87\/100\n|cant|p2a: Farigiraf|slp\n|\n|-weather|RainDance|[upkeep]\n|-heal|p2a: Farigiraf|100\/100 slp|[from] item: Leftovers\n|-heal|p2b: Goodra|77\/100|[from] item: Leftovers\n|upkeep\n|turn|6\n|\n|t:|1698633973\n|move|p1b: Empoleon|Brine|p2b: Goodra\n|-resisted|p2b: Goodra\n|-damage|p2b: Goodra|60\/100\n|move|p1a: Amoonguss|Pollen Puff|p2a: Farigiraf\n|-supereffective|p2a: Farigiraf\n|-damage|p2a: Farigiraf|75\/100 slp\n|move|p2b: Goodra|Curse|p2b: Goodra\n|-unboost|p2b: Goodra|spe|1\n|-boost|p2b: Goodra|atk|1\n|-boost|p2b: Goodra|def|1\n|cant|p2a: Farigiraf|slp\n|\n|-weather|RainDance|[upkeep]\n|-heal|p2a: Farigiraf|81\/100 slp|[from] item: Leftovers\n|-heal|p2b: Goodra|66\/100|[from] item: Leftovers\n|upkeep\n|turn|7\n|\n|t:|1698633997\n|move|p1b: Empoleon|Brine|p2b: Goodra\n|-resisted|p2b: Goodra\n|-crit|p2b: Goodra\n|-damage|p2b: Goodra|40\/100\n|move|p1a: Amoonguss|Pollen Puff|p2a: Farigiraf\n|-supereffective|p2a: Farigiraf\n|-damage|p2a: Farigiraf|56\/100 slp\n|move|p2b: Goodra|Curse|p2b: Goodra\n|-unboost|p2b: Goodra|spe|1\n|-boost|p2b: Goodra|atk|1\n|-boost|p2b: Goodra|def|1\n|-curestatus|p2a: Farigiraf|slp|[msg]\n|move|p2a: Farigiraf|Trick Room|p2a: Farigiraf\n|-fieldstart|move: Trick Room|[of] p2a: Farigiraf\n|\n|-weather|RainDance|[upkeep]\n|-heal|p2b: Goodra|46\/100|[from] item: Leftovers\n|-heal|p2a: Farigiraf|62\/100|[from] item: Leftovers\n|upkeep\n|turn|8\n|inactive|Oreng3 has 120 seconds left.\n|\n|t:|1698634044\n|move|p2b: Goodra|Body Press|p1b: Empoleon\n|-supereffective|p1b: Empoleon\n|-crit|p1b: Empoleon\n|-damage|p1b: Empoleon|0 fnt\n|faint|p1b: Empoleon\n|move|p2a: Farigiraf|Wish|p2a: Farigiraf\n|move|p1a: Amoonguss|Pollen Puff|p2a: Farigiraf\n|-supereffective|p2a: Farigiraf\n|-damage|p2a: Farigiraf|36\/100\n|\n|-weather|none\n|-heal|p2b: Goodra|52\/100|[from] item: Leftovers\n|-heal|p2a: Farigiraf|42\/100|[from] item: Leftovers\n|upkeep\n|inactive|overtrune66 has 120 seconds left.\n|\n|t:|1698634061\n|switch|p1b: Chien-Pao|Chien-Pao|100\/100\n|-ability|p1b: Chien-Pao|Sword of Ruin\n|turn|9\n|inactive|Oreng3 has 120 seconds left.\n|\n|t:|1698634083\n|move|p1a: Amoonguss|Rage Powder|p1a: Amoonguss\n|-singleturn|p1a: Amoonguss|move: Rage Powder\n|move|p2b: Goodra|Heavy Slam|p1a: Amoonguss\n|-damage|p1a: Amoonguss|0 fnt\n|faint|p1a: Amoonguss\n|move|p2a: Farigiraf|Psychic|p1b: Chien-Pao\n|-immune|p1b: Chien-Pao\n|move|p1b: Chien-Pao|Ice Spinner|p2b: Goodra\n|-damage|p2b: Goodra|28\/100\n|-damage|p1b: Chien-Pao|91\/100|[from] item: Life Orb\n|\n|-heal|p2a: Farigiraf|92\/100|[from] move: Wish|[wisher] Farigiraf\n|-heal|p2b: Goodra|34\/100|[from] item: Leftovers\n|-heal|p2a: Farigiraf|98\/100|[from] item: Leftovers\n|upkeep\n|inactive|overtrune66 has 120 seconds left.\n|\n|t:|1698634104\n|switch|p1a: Dragonite|Dragonite, F|100\/100\n|turn|10\n|\n|t:|1698634125\n|move|p2a: Farigiraf|Helping Hand|p2b: Goodra\n|-singleturn|p2b: Goodra|Helping Hand|[of] p2a: Farigiraf\n|move|p1b: Chien-Pao|Sucker Punch||[still]\n|cant|p2a: Farigiraf|ability: Armor Tail|Sucker Punch|[of] p1b: Chien-Pao\n|move|p2b: Goodra|Heavy Slam|p1b: Chien-Pao\n|-supereffective|p1b: Chien-Pao\n|-damage|p1b: Chien-Pao|0 fnt\n|faint|p1b: Chien-Pao\n|move|p1a: Dragonite|Fire Punch|p2b: Goodra\n|-damage|p2b: Goodra|16\/100\n|\n|-heal|p2b: Goodra|22\/100|[from] item: Leftovers\n|-heal|p2a: Farigiraf|100\/100|[from] item: Leftovers\n|upkeep\n|inactive|overtrune66 has 120 seconds left.\n|\n|t:|1698634140\n|switch|p1b: Ogerpon|Ogerpon-Hearthflame, F|100\/100\n|-ability|p1b: Ogerpon|Mold Breaker\n|turn|11\n|\n|t:|1698634158\n|move|p2b: Goodra|Heavy Slam|p1b: Ogerpon\n|-resisted|p1b: Ogerpon\n|-damage|p1b: Ogerpon|8\/100\n|move|p2a: Farigiraf|Psychic|p1a: Dragonite\n|-damage|p1a: Dragonite|72\/100\n|move|p1a: Dragonite|Fire Punch|p2b: Goodra\n|-damage|p2b: Goodra|7\/100\n|move|p1b: Ogerpon|Knock Off|p2a: Farigiraf\n|-supereffective|p2a: Farigiraf\n|-damage|p2a: Farigiraf|26\/100\n|-enditem|p2a: Farigiraf|Leftovers|[from] move: Knock Off|[of] p1b: Ogerpon\n|\n|-heal|p2b: Goodra|13\/100|[from] item: Leftovers\n|-fieldend|move: Trick Room\n|upkeep\n|turn|12\n|\n|t:|1698634182\n|-terastallize|p2b: Goodra|Water\n|move|p1b: Ogerpon|Knock Off|p2a: Farigiraf\n|-supereffective|p2a: Farigiraf\n|-damage|p2a: Farigiraf|0 fnt\n|faint|p2a: Farigiraf\n|move|p1a: Dragonite|Fire Punch|p2b: Goodra\n|-resisted|p2b: Goodra\n|-damage|p2b: Goodra|4\/100\n|move|p2b: Goodra|Heavy Slam|p1b: Ogerpon\n|-resisted|p1b: Ogerpon\n|-damage|p1b: Ogerpon|0 fnt\n|faint|p1b: Ogerpon\n|\n|-heal|p2b: Goodra|10\/100|[from] item: Leftovers\n|upkeep\n|inactive|Oreng3 has 120 seconds left.\n|\n|t:|1698634209\n|switch|p2a: Shaymin|Shaymin-Sky, shiny|100\/100\n|turn|13\n|\n|t:|1698634218\n|-terastallize|p1a: Dragonite|Normal\n|move|p2a: Shaymin|Leech Seed|p1a: Dragonite\n|-start|p1a: Dragonite|move: Leech Seed\n|move|p1a: Dragonite|Fire Punch|p2b: Goodra\n|-resisted|p2b: Goodra\n|-damage|p2b: Goodra|2\/100\n|move|p2b: Goodra|Heavy Slam|p1a: Dragonite\n|-damage|p1a: Dragonite|28\/100\n|\n|-heal|p2b: Goodra|8\/100|[from] item: Leftovers\n|-damage|p1a: Dragonite|15\/100|[from] Leech Seed|[of] p2a: Shaymin\n|upkeep\n|turn|14\n|\n|t:|1698634236\n|move|p2a: Shaymin|Zen Headbutt|p1a: Dragonite\n|-damage|p1a: Dragonite|0 fnt\n|faint|p1a: Dragonite\n|\n|win|Oreng3\n|raw|overtrune66's rating: 1276 &rarr; <strong>1260<\/strong><br \/>(-16 for losing)\n|raw|Oreng3's rating: 1403 &rarr; <strong>1416<\/strong><br \/>(+13 for winning)\n|l|\u2606overtrune66\n|c|\u2606Oreng3|gg\n","uploadtime":1698634247,"views":16,"p1id":"overtrune66","p2id":"oreng3","formatid":"gen9doublesou","rating":1260,"private":0,"password":""}