{"id":"gen9doublesou-1988591201","p1":"jagingi","p2":"abbabareal2","format":"[Gen 9] Doubles OU","log":"|j|\u2606jagingi\n|j|\u2606abbabareal2\n|t:|1699739561\n|gametype|doubles\n|player|p1|jagingi|170|1340\n|player|p2|abbabareal2|169|1330\n|teamsize|p1|6\n|teamsize|p2|6\n|gen|9\n|tier|[Gen 9] Doubles OU\n|rated|\n|rule|Species Clause: Limit one of each Pok\u00e9mon\n|rule|OHKO Clause: OHKO moves are banned\n|rule|Evasion Moves Clause: Evasion moves are banned\n|rule|Gravity Sleep Clause: The combination of sleep-inducing moves with imperfect accuracy and Gravity or Gigantamax Orbeetle are banned\n|rule|Endless Battle Clause: Forcing endless battles is banned\n|rule|HP Percentage Mod: HP is shown in percentages\n|clearpoke\n|poke|p1|Armarouge, M|\n|poke|p1|Indeedee-F, F|\n|poke|p1|Sinistcha|\n|poke|p1|Snorlax, F|\n|poke|p1|Lilligant, F|\n|poke|p1|Torkoal, M|\n|poke|p2|Iron Hands|\n|poke|p2|Armarouge, F|\n|poke|p2|Indeedee-F, F|\n|poke|p2|Ursaluna, M|\n|poke|p2|Diancie|\n|poke|p2|Amoonguss, F|\n|teampreview\n|j| illustriss\n|inactive|Battle timer is ON: inactive players will automatically lose when time's up. (requested by jagingi)\n|\n|t:|1699739592\n|start\n|switch|p1a: Lilligant|Lilligant, F|100\/100\n|switch|p1b: Torkoal|Torkoal, M|100\/100\n|switch|p2a: Armarouge|Armarouge, F|100\/100\n|switch|p2b: Ursaluna|Ursaluna, M|100\/100\n|-weather|SunnyDay|[from] ability: Drought|[of] p1b: Torkoal\n|turn|1\n|\n|t:|1699739612\n|-terastallize|p1a: Lilligant|Rock\n|move|p1a: Lilligant|Tera Blast|p2a: Armarouge|[anim] Tera Blast Rock\n|-supereffective|p2a: Armarouge\n|-damage|p2a: Armarouge|12\/100\n|move|p2b: Ursaluna|Headlong Rush|p1b: Torkoal\n|-supereffective|p1b: Torkoal\n|-damage|p1b: Torkoal|0 fnt\n|-unboost|p2b: Ursaluna|def|1\n|-unboost|p2b: Ursaluna|spd|1\n|faint|p1b: Torkoal\n|move|p2a: Armarouge|Trick Room|p2a: Armarouge\n|-fieldstart|move: Trick Room|[of] p2a: Armarouge\n|\n|-weather|SunnyDay|[upkeep]\n|-status|p2b: Ursaluna|brn|[from] item: Flame Orb\n|upkeep\n|\n|t:|1699739624\n|switch|p1b: Snorlax|Snorlax, F|100\/100\n|turn|2\n|\n|t:|1699739645\n|move|p2a: Armarouge|Protect|p2a: Armarouge\n|-singleturn|p2a: Armarouge|Protect\n|move|p1b: Snorlax|Earthquake|p2a: Armarouge|[spread] p1a,p2b\n|-activate|p2a: Armarouge|move: Protect\n|-supereffective|p1a: Lilligant\n|-damage|p1a: Lilligant|17\/100\n|-damage|p2b: Ursaluna|75\/100 brn\n|move|p2b: Ursaluna|Close Combat|p1b: Snorlax\n|-supereffective|p1b: Snorlax\n|-crit|p1b: Snorlax\n|-damage|p1b: Snorlax|0 fnt\n|-unboost|p2b: Ursaluna|def|1\n|-unboost|p2b: Ursaluna|spd|1\n|faint|p1b: Snorlax\n|move|p1a: Lilligant|Solar Beam||[still]\n|-prepare|p1a: Lilligant|Solar Beam\n|-anim|p1a: Lilligant|Solar Beam|p2b: Ursaluna\n|-supereffective|p2b: Ursaluna\n|-damage|p2b: Ursaluna|0 fnt\n|faint|p2b: Ursaluna\n|\n|-weather|SunnyDay|[upkeep]\n|upkeep\n|\n|t:|1699739670\n|switch|p1b: Sinistcha|Sinistcha|100\/100\n|switch|p2b: Indeedee|Indeedee-F, F|100\/100\n|-fieldstart|move: Psychic Terrain|[from] ability: Psychic Surge|[of] p2b: Indeedee\n|-heal|p1a: Lilligant|41\/100|[from] ability: Hospitality|[of] p1b: Sinistcha\n|turn|3\n|inactive|abbabareal2 has 120 seconds left.\n|\n|t:|1699739707\n|move|p2b: Indeedee|Helping Hand|p2a: Armarouge\n|-singleturn|p2a: Armarouge|Helping Hand|[of] p2b: Indeedee\n|move|p2a: Armarouge|Expanding Force|p1b: Sinistcha|[spread] p1a,p1b\n|-damage|p1a: Lilligant|0 fnt\n|-damage|p1b: Sinistcha|0 fnt\n|faint|p1a: Lilligant\n|faint|p1b: Sinistcha\n|-damage|p2a: Armarouge|2\/100|[from] item: Life Orb\n|\n|-weather|SunnyDay|[upkeep]\n|upkeep\n|\n|t:|1699739717\n|switch|p1b: Indeedee|Indeedee-F, F|100\/100\n|switch|p1a: Armarouge|Armarouge, M|100\/100\n|turn|4\n|l| illustriss\n|\n|t:|1699739735\n|move|p2b: Indeedee|Helping Hand|p2a: Armarouge\n|-singleturn|p2a: Armarouge|Helping Hand|[of] p2b: Indeedee\n|move|p1b: Indeedee|Helping Hand|p1a: Armarouge\n|-singleturn|p1a: Armarouge|Helping Hand|[of] p1b: Indeedee\n|move|p2a: Armarouge|Expanding Force|p1a: Armarouge|[spread] p1a,p1b\n|-resisted|p1a: Armarouge\n|-resisted|p1b: Indeedee\n|-damage|p1a: Armarouge|29\/100\n|-damage|p1b: Indeedee|41\/100\n|-damage|p2a: Armarouge|0 fnt|[from] item: Life Orb\n|faint|p2a: Armarouge\n|move|p1a: Armarouge|Expanding Force|p2b: Indeedee\n|-resisted|p2b: Indeedee\n|-damage|p2b: Indeedee|49\/100\n|\n|-weather|SunnyDay|[upkeep]\n|upkeep\n|inactive|abbabareal2 has 120 seconds left.\n|\n|t:|1699739752\n|switch|p2a: Diancie|Diancie|100\/100\n|turn|5\n|inactive|abbabareal2 has 120 seconds left.\n|\n|t:|1699739779\n|move|p2b: Indeedee|Helping Hand|p2a: Diancie\n|-singleturn|p2a: Diancie|Helping Hand|[of] p2b: Indeedee\n|move|p1b: Indeedee|Helping Hand|p1a: Armarouge\n|-singleturn|p1a: Armarouge|Helping Hand|[of] p1b: Indeedee\n|move|p2a: Diancie|Diamond Storm|p1b: Indeedee|[spread] p1a,p1b\n|-supereffective|p1a: Armarouge\n|-damage|p1a: Armarouge|0 fnt\n|-damage|p1b: Indeedee|0 fnt\n|faint|p1a: Armarouge\n|faint|p1b: Indeedee\n|\n|win|abbabareal2\n|raw|jagingi's rating: 1340 &rarr; <strong>1319<\/strong><br \/>(-21 for losing)\n|raw|abbabareal2's rating: 1330 &rarr; <strong>1351<\/strong><br \/>(+21 for winning)\n|l|\u2606jagingi\n","uploadtime":1699739792,"views":12,"p1id":"jagingi","p2id":"abbabareal2","formatid":"gen9doublesou","rating":1319,"private":0,"password":""}