{"id":"gen9doublesou-1995680484","p1":"Fusrudah","p2":"ugyugugh","format":"[Gen 9] Doubles OU","log":"|j|\u2606Fusrudah\n|j|\u2606ugyugugh\n|t:|1700593397\n|gametype|doubles\n|player|p1|Fusrudah|veteran|1022\n|player|p2|ugyugugh|swimmer-gen4|1000\n|teamsize|p1|6\n|teamsize|p2|6\n|gen|9\n|tier|[Gen 9] Doubles OU\n|rated|\n|rule|Species Clause: Limit one of each Pok\u00e9mon\n|rule|OHKO Clause: OHKO moves are banned\n|rule|Evasion Moves Clause: Evasion moves are banned\n|rule|Gravity Sleep Clause: The combination of sleep-inducing moves with imperfect accuracy and Gravity or Gigantamax Orbeetle are banned\n|rule|Endless Battle Clause: Forcing endless battles is banned\n|rule|HP Percentage Mod: HP is shown in percentages\n|clearpoke\n|poke|p1|Cresselia, F|\n|poke|p1|Dragonite, F|\n|poke|p1|Farigiraf, F|\n|poke|p1|Slaking, M|\n|poke|p1|Kommo-o, M|\n|poke|p1|Golduck, M|\n|poke|p2|Hatterene, F|\n|poke|p2|Iron Hands|\n|poke|p2|Slowking-Galar, M|\n|poke|p2|Crabominable, M|\n|poke|p2|Beartic, F|\n|poke|p2|Oranguru, F|\n|teampreview\n|inactive|Battle timer is ON: inactive players will automatically lose when time's up. (requested by ugyugugh)\n|\n|t:|1700593413\n|start\n|switch|p1a: Farigiraf|Farigiraf, F|100\/100\n|switch|p1b: Slaking|Slaking, M|100\/100\n|switch|p2a: Upchuck|Slowking-Galar, M, shiny|100\/100\n|switch|p2b: Hatterene|Hatterene, F, shiny|100\/100\n|turn|1\n|\n|t:|1700593429\n|move|p1b: Slaking|Knock Off|p2a: Upchuck\n|-supereffective|p2a: Upchuck\n|-damage|p2a: Upchuck|10\/100\n|-enditem|p2a: Upchuck|Covert Cloak|[from] move: Knock Off|[of] p1b: Slaking\n|-damage|p1b: Slaking|91\/100|[from] item: Life Orb\n|move|p1a: Farigiraf|Skill Swap|p1b: Slaking\n|-activate|p1a: Farigiraf|move: Skill Swap|||[of] p1b: Slaking\n|move|p2a: Upchuck|Chilly Reception|p2a: Upchuck\n|-weather|Snow\n|\n|t:|1700593438\n|switch|p2a: Beartic|Beartic, F, shiny|100\/100|[from] Chilly Reception\n|move|p2b: Hatterene|Trick Room|p2b: Hatterene\n|-fieldstart|move: Trick Room|[of] p2b: Hatterene\n|\n|-weather|Snow|[upkeep]\n|upkeep\n|turn|2\n|\n|t:|1700593455\n|switch|p2b: Crabominable|Crabominable, M, shiny|100\/100\n|move|p2a: Beartic|Frost Breath|p2b: Crabominable\n|-resisted|p2b: Crabominable\n|-crit|p2b: Crabominable\n|-damage|p2b: Crabominable|91\/100\n|-setboost|p2b: Crabominable|atk|6|[from] ability: Anger Point\n|cant|p1a: Farigiraf|ability: Truant\n|move|p1b: Slaking|Body Slam|p2a: Beartic\n|-damage|p2a: Beartic|48\/100\n|-status|p2a: Beartic|par\n|-damage|p1b: Slaking|81\/100|[from] item: Life Orb\n|\n|-weather|Snow|[upkeep]\n|upkeep\n|turn|3\n|c|\u2606Fusrudah|Well played\n|\n|t:|1700593482\n|switch|p2a: Oranguru|Oranguru, F, shiny|100\/100\n|-terastallize|p2b: Crabominable|Ground\n|move|p2b: Crabominable|Earthquake|p1b: Slaking|[spread] p1a,p1b\n|-activate|p2a: Oranguru|ability: Telepathy\n|-damage|p1a: Farigiraf|0 fnt\n|-damage|p1b: Slaking|0 fnt\n|faint|p1a: Farigiraf\n|faint|p1b: Slaking\n|\n|-weather|Snow|[upkeep]\n|upkeep\n|inactive|Fusrudah has 120 seconds left.\n|\n|t:|1700593496\n|switch|p1a: Cresselia|Cresselia, F|100\/100\n|switch|p1b: Dragonite|Dragonite, F|100\/100\n|turn|4\n|\n|t:|1700593510\n|move|p1b: Dragonite|Extreme Speed|p2b: Crabominable\n|-damage|p2b: Crabominable|56\/100\n|move|p2b: Crabominable|Ice Spinner|p1a: Cresselia\n|-damage|p1a: Cresselia|0 fnt\n|faint|p1a: Cresselia\n|move|p2a: Oranguru|Instruct|p2b: Crabominable\n|-singleturn|p2b: Crabominable|move: Instruct|[of] p2a: Oranguru\n|move|p2b: Crabominable|Ice Spinner|p1b: Dragonite\n|-supereffective|p1b: Dragonite\n|-damage|p1b: Dragonite|0 fnt\n|faint|p1b: Dragonite\n|\n|-weather|Snow|[upkeep]\n|upkeep\n|inactive|Fusrudah has 120 seconds left.\n|c|\u2606Fusrudah|I'm going to try this\n|\n|t:|1700593539\n|switch|p1b: Golduck|Golduck, M|100\/100\n|switch|p1a: Kommo-o|Kommo-o, M|100\/100\n|turn|5\n|\n|t:|1700593554\n|move|p2b: Crabominable|Drain Punch|p1b: Golduck\n|-damage|p1b: Golduck|0 fnt\n|-heal|p2b: Crabominable|94\/100|[from] drain|[of] p1b: Golduck\n|faint|p1b: Golduck\n|move|p2a: Oranguru|Instruct|p2b: Crabominable\n|-singleturn|p2b: Crabominable|move: Instruct|[of] p2a: Oranguru\n|move|p2b: Crabominable|Drain Punch|p1a: Kommo-o\n|-enditem|p1a: Kommo-o|Focus Sash\n|-damage|p1a: Kommo-o|1\/100\n|-heal|p2b: Crabominable|100\/100|[from] drain|[of] p1a: Kommo-o\n|move|p1a: Kommo-o|Clanging Scales|p2b: Crabominable|[spread] p2a,p2b\n|-damage|p2a: Oranguru|72\/100\n|-damage|p2b: Crabominable|70\/100\n|-unboost|p1a: Kommo-o|def|1\n|\n|-weather|none\n|-fieldend|move: Trick Room\n|upkeep\n|turn|6\n|\n|t:|1700593572\n|move|p1a: Kommo-o|Clanging Scales|p2b: Crabominable|[spread] p2a,p2b\n|-damage|p2a: Oranguru|45\/100\n|-damage|p2b: Crabominable|44\/100\n|-unboost|p1a: Kommo-o|def|1\n|move|p2a: Oranguru|Psychic|p1a: Kommo-o\n|-supereffective|p1a: Kommo-o\n|-damage|p1a: Kommo-o|0 fnt\n|faint|p1a: Kommo-o\n|\n|win|ugyugugh\n|raw|Fusrudah's rating: 1022 &rarr; <strong>1008<\/strong><br \/>(-14 for losing)\n|raw|ugyugugh's rating: 1000 &rarr; <strong>1043<\/strong><br \/>(+43 for winning)\n|l|\u2606ugyugugh\n|c|\u2606Fusrudah|gg\n","uploadtime":1700593590,"views":0,"p1id":"fusrudah","p2id":"ugyugugh","formatid":"gen9doublesou","rating":1008,"private":0,"password":""}