{"id":"gen9doublesou-1978799129","p1":"deadlydirt","p2":"ueril9867","format":"[Gen 9] Doubles OU","log":"|j|\u2606deadlydirt\n|j|\u2606ueril9867\n|t:|1698596630\n|gametype|doubles\n|player|p1|deadlydirt|harlequin|1120\n|player|p2|ueril9867|steven|1155\n|teamsize|p1|6\n|teamsize|p2|6\n|gen|9\n|tier|[Gen 9] Doubles OU\n|rated|\n|rule|Species Clause: Limit one of each Pok\u00e9mon\n|rule|OHKO Clause: OHKO moves are banned\n|rule|Evasion Moves Clause: Evasion moves are banned\n|rule|Gravity Sleep Clause: The combination of sleep-inducing moves with imperfect accuracy and Gravity or Gigantamax Orbeetle are banned\n|rule|Endless Battle Clause: Forcing endless battles is banned\n|rule|HP Percentage Mod: HP is shown in percentages\n|clearpoke\n|poke|p1|Mienshao, F|\n|poke|p1|Clefairy, F|\n|poke|p1|Sinistcha|\n|poke|p1|Dragonite, F|\n|poke|p1|Toxapex, M|\n|poke|p1|Mimikyu, F|\n|poke|p2|Ting-Lu|\n|poke|p2|Kingambit, M|\n|poke|p2|Chien-Pao|\n|poke|p2|Iron Moth|\n|poke|p2|Murkrow, F|\n|poke|p2|Landorus-Therian, M|\n|teampreview\n|inactive|Battle timer is ON: inactive players will automatically lose when time's up. (requested by deadlydirt)\n|\n|t:|1698596659\n|start\n|switch|p1a: Toxapex|Toxapex, M, shiny|100\/100\n|switch|p1b: Mimikyu|Mimikyu, F, shiny|100\/100\n|switch|p2a: Kingambit|Kingambit, M|100\/100\n|switch|p2b: Landorus|Landorus-Therian, M|100\/100\n|-ability|p2b: Landorus|Intimidate|boost\n|-unboost|p1a: Toxapex|atk|1\n|-unboost|p1b: Mimikyu|atk|1\n|turn|1\n|\n|t:|1698596687\n|move|p2b: Landorus|Protect|p2b: Landorus\n|-singleturn|p2b: Landorus|Protect\n|move|p1b: Mimikyu|Substitute|p1b: Mimikyu\n|-start|p1b: Mimikyu|Substitute\n|-damage|p1b: Mimikyu|76\/100\n|move|p2a: Kingambit|Swords Dance|p2a: Kingambit\n|-boost|p2a: Kingambit|atk|2\n|move|p1a: Toxapex|Toxic Spikes|p2b: Landorus\n|-sidestart|p2: ueril9867|move: Toxic Spikes\n|\n|-heal|p1b: Mimikyu|82\/100|[from] item: Leftovers\n|upkeep\n|turn|2\n|\n|t:|1698596711\n|move|p2b: Landorus|Fly||[still]\n|-prepare|p2b: Landorus|Fly\n|move|p1b: Mimikyu|Will-O-Wisp|p2a: Kingambit\n|-status|p2a: Kingambit|brn\n|move|p2a: Kingambit|Iron Head|p1b: Mimikyu\n|-supereffective|p1b: Mimikyu\n|-end|p1b: Mimikyu|Substitute\n|move|p1a: Toxapex|Haze|p1a: Toxapex\n|-clearallboost\n|\n|-heal|p1b: Mimikyu|88\/100|[from] item: Leftovers\n|-damage|p2a: Kingambit|94\/100 brn|[from] brn\n|upkeep\n|turn|3\n|\n|t:|1698596734\n|switch|p2a: Iron Moth|Iron Moth|100\/100\n|-sideend|p2: ueril9867|move: Toxic Spikes|[of] p2a: Iron Moth\n|move|p1a: Toxapex|Baneful Bunker|p1a: Toxapex\n|-singleturn|p1a: Toxapex|move: Protect\n|move|p2b: Landorus|Fly|p1a: Toxapex|[from]lockedmove\n|-activate|p1a: Toxapex|move: Protect\n|-status|p2b: Landorus|psn\n|move|p1b: Mimikyu|Substitute|p1b: Mimikyu\n|-start|p1b: Mimikyu|Substitute\n|-damage|p1b: Mimikyu|63\/100\n|\n|-heal|p1b: Mimikyu|69\/100|[from] item: Leftovers\n|-damage|p2b: Landorus|88\/100 psn|[from] psn\n|upkeep\n|turn|4\n|\n|t:|1698596755\n|-terastallize|p2a: Iron Moth|Flying\n|move|p2b: Landorus|Earthquake|p1a: Toxapex|[spread] p1a,p1b\n|-immune|p2a: Iron Moth\n|-end|p1b: Mimikyu|Substitute\n|-supereffective|p1a: Toxapex\n|-damage|p1a: Toxapex|27\/100\n|move|p2a: Iron Moth|Energy Ball|p1a: Toxapex\n|-damage|p1a: Toxapex|0 fnt\n|faint|p1a: Toxapex\n|-damage|p2a: Iron Moth|91\/100|[from] item: Life Orb\n|move|p1b: Mimikyu|Pain Split|p2a: Iron Moth\n|-sethp|p2a: Iron Moth|80\/100|[from] move: Pain Split|[silent]\n|-sethp|p1b: Mimikyu|80\/100|[from] move: Pain Split\n|\n|-heal|p2b: Landorus|94\/100 psn|[from] item: Leftovers\n|-heal|p1b: Mimikyu|86\/100|[from] item: Leftovers\n|-damage|p2b: Landorus|82\/100 psn|[from] psn\n|upkeep\n|inactive|deadlydirt has 120 seconds left.\n|\n|t:|1698596782\n|switch|p1a: Mienshao|Mienshao, F, shiny|100\/100\n|turn|5\n|inactive|deadlydirt has 120 seconds left.\n|\n|t:|1698596799\n|move|p2b: Landorus|Protect|p2b: Landorus\n|-singleturn|p2b: Landorus|Protect\n|move|p1a: Mienshao|Fake Out|p2a: Iron Moth\n|-damage|p2a: Iron Moth|60\/100\n|cant|p2a: Iron Moth|flinch\n|move|p1b: Mimikyu|Substitute|p1b: Mimikyu\n|-start|p1b: Mimikyu|Substitute\n|-damage|p1b: Mimikyu|61\/100\n|\n|-heal|p2b: Landorus|88\/100 psn|[from] item: Leftovers\n|-heal|p1b: Mimikyu|67\/100|[from] item: Leftovers\n|-damage|p2b: Landorus|76\/100 psn|[from] psn\n|upkeep\n|turn|6\n|inactive|deadlydirt has 120 seconds left.\n|\n|t:|1698596826\n|switch|p2b: Kingambit|Kingambit, M|94\/100 brn\n|move|p1a: Mienshao|Detect|p1a: Mienshao\n|-singleturn|p1a: Mienshao|Protect\n|move|p2a: Iron Moth|Sludge Wave|p1b: Mimikyu|[spread] p1b\n|-activate|p1a: Mienshao|move: Protect\n|-immune|p2b: Kingambit\n|-end|p1b: Mimikyu|Substitute\n|-damage|p2a: Iron Moth|50\/100|[from] item: Life Orb\n|move|p1b: Mimikyu|Pain Split|p2a: Iron Moth\n|-sethp|p2a: Iron Moth|58\/100|[from] move: Pain Split|[silent]\n|-sethp|p1b: Mimikyu|58\/100|[from] move: Pain Split\n|\n|-heal|p1b: Mimikyu|64\/100|[from] item: Leftovers\n|-heal|p2b: Kingambit|100\/100 brn|[from] item: Leftovers\n|-damage|p2b: Kingambit|94\/100 brn|[from] brn\n|upkeep\n|turn|7\n|inactive|deadlydirt has 120 seconds left.\n|inactive|ueril9867 has 120 seconds left.\n|\n|t:|1698596860\n|switch|p2b: Murkrow|Murkrow, F|100\/100\n|move|p2a: Iron Moth|Sludge Wave|p1a: Mienshao|[spread] p2b,p1a,p1b\n|-damage|p2b: Murkrow|21\/100\n|-damage|p1a: Mienshao|18\/100\n|-activate|p1b: Mimikyu|ability: Disguise\n|-damage|p1b: Mimikyu|64\/100\n|-status|p1b: Mimikyu|psn\n|-enditem|p1a: Mienshao|Sitrus Berry|[eat]\n|-heal|p1a: Mienshao|43\/100|[from] item: Sitrus Berry\n|detailschange|p1b: Mimikyu|Mimikyu-Busted, F, shiny\n|-damage|p1b: Mimikyu|52\/100 psn|[from] pokemon: Mimikyu-Busted\n|-damage|p2a: Iron Moth|48\/100|[from] item: Life Orb\n|move|p1a: Mienshao|Drain Punch|p2b: Murkrow\n|-damage|p2b: Murkrow|0 fnt\n|-heal|p1a: Mienshao|52\/100|[from] drain|[of] p2b: Murkrow\n|faint|p2b: Murkrow\n|move|p1b: Mimikyu|Will-O-Wisp|p2a: Iron Moth\n|-status|p2a: Iron Moth|brn\n|\n|-heal|p1b: Mimikyu|58\/100 psn|[from] item: Leftovers\n|-damage|p1b: Mimikyu|46\/100 psn|[from] psn\n|-damage|p2a: Iron Moth|42\/100 brn|[from] brn\n|upkeep\n|inactive|ueril9867 has 120 seconds left.\n|c|\u2606deadlydirt|Goofy team i have\n|inactive|ueril9867 has 90 seconds left.\n|c|\u2606ueril9867|U ARE SO RIET[\n|\n|t:|1698596900\n|switch|p2b: Landorus|Landorus-Therian, M|76\/100 psn\n|-ability|p2b: Landorus|Intimidate|boost\n|-unboost|p1a: Mienshao|atk|1\n|-unboost|p1b: Mimikyu|atk|1\n|turn|8\n|inactive|ueril9867 has 90 seconds left.\n|\n|t:|1698596929\n|switch|p1a: Dragonite|Dragonite, F, shiny|100\/100\n|move|p1b: Mimikyu|Shadow Sneak|p2a: Iron Moth\n|-damage|p2a: Iron Moth|29\/100 brn\n|move|p2b: Landorus|Fly||[still]\n|-prepare|p2b: Landorus|Fly\n|move|p2a: Iron Moth|Energy Ball|p1b: Mimikyu\n|-damage|p1b: Mimikyu|1\/100 psn\n|-damage|p2a: Iron Moth|19\/100 brn|[from] item: Life Orb\n|\n|-heal|p2b: Landorus|82\/100 psn|[from] item: Leftovers\n|-heal|p1b: Mimikyu|7\/100 psn|[from] item: Leftovers\n|-damage|p2b: Landorus|69\/100 psn|[from] psn\n|-damage|p1b: Mimikyu|0 fnt|[from] psn\n|faint|p1b: Mimikyu\n|-damage|p2a: Iron Moth|13\/100 brn|[from] brn\n|upkeep\n|inactive|deadlydirt has 120 seconds left.\n|\n|t:|1698596950\n|switch|p1b: Mienshao|Mienshao, F, shiny|86\/100\n|turn|9\n|\n|t:|1698596965\n|-end|p2a: Iron Moth|Quark Drive|[silent]\n|switch|p2a: Kingambit|Kingambit, M|94\/100 brn\n|move|p1b: Mienshao|Detect|p1b: Mienshao\n|-singleturn|p1b: Mienshao|Protect\n|move|p1a: Dragonite|Extreme Speed|p2a: Kingambit\n|-resisted|p2a: Kingambit\n|-damage|p2a: Kingambit|82\/100 brn\n|move|p2b: Landorus|Fly|p1a: Dragonite|[from]lockedmove\n|-damage|p1a: Dragonite|76\/100\n|\n|-heal|p2b: Landorus|75\/100 psn|[from] item: Leftovers\n|-heal|p2a: Kingambit|88\/100 brn|[from] item: Leftovers\n|-damage|p2b: Landorus|63\/100 psn|[from] psn\n|-damage|p2a: Kingambit|82\/100 brn|[from] brn\n|upkeep\n|turn|10\n|inactive|ueril9867 has 120 seconds left.\n|\n|t:|1698596990\n|move|p2a: Kingambit|Sucker Punch|p1a: Dragonite\n|-damage|p1a: Dragonite|57\/100\n|move|p2b: Landorus|Swords Dance|p2b: Landorus\n|-boost|p2b: Landorus|atk|2\n|move|p1b: Mienshao|Drain Punch|p2a: Kingambit\n|-supereffective|p2a: Kingambit\n|-damage|p2a: Kingambit|0 fnt\n|-heal|p1b: Mienshao|100\/100|[from] drain|[of] p2a: Kingambit\n|faint|p2a: Kingambit\n|move|p1a: Dragonite|Waterfall|p2b: Landorus\n|-supereffective|p2b: Landorus\n|-damage|p2b: Landorus|0 fnt\n|faint|p2b: Landorus\n|\n|upkeep\n|c|\u2606ueril9867|F\n|\n|t:|1698597010\n|switch|p2b: Ting-Lu|Ting-Lu|100\/100\n|switch|p2a: Chien-Pao|Chien-Pao|100\/100\n|-ability|p2a: Chien-Pao|Sword of Ruin\n|-ability|p2b: Ting-Lu|Vessel of Ruin\n|turn|11\n|inactive|ueril9867 has 120 seconds left.\n|\n|t:|1698597034\n|-terastallize|p1a: Dragonite|Normal\n|move|p1a: Dragonite|Extreme Speed|p2a: Chien-Pao\n|-damage|p2a: Chien-Pao|35\/100\n|move|p2a: Chien-Pao|Ice Spinner|p1a: Dragonite\n|-damage|p1a: Dragonite|0 fnt\n|faint|p1a: Dragonite\n|-damage|p2a: Chien-Pao|25\/100|[from] item: Life Orb\n|move|p1b: Mienshao|Drain Punch|p2a: Chien-Pao\n|-supereffective|p2a: Chien-Pao\n|-damage|p2a: Chien-Pao|0 fnt\n|faint|p2a: Chien-Pao\n|move|p2b: Ting-Lu|Heavy Slam|p1b: Mienshao\n|-damage|p1b: Mienshao|43\/100\n|\n|upkeep\n|c|\u2606deadlydirt|The goofy goober gang\n|inactive|ueril9867 has 120 seconds left.\n|\n|t:|1698597052\n|switch|p2a: Iron Moth|Iron Moth, tera:Flying|13\/100 brn\n|switch|p1a: Sinistcha|Sinistcha, shiny|100\/100\n|-heal|p1b: Mienshao|68\/100|[from] ability: Hospitality|[of] p1a: Sinistcha\n|turn|12\n|\n|t:|1698597067\n|move|p2a: Iron Moth|Sludge Wave|p1a: Sinistcha|[spread] p2b,p1a,p1b\n|-resisted|p2b: Ting-Lu\n|-crit|p2b: Ting-Lu\n|-damage|p2b: Ting-Lu|85\/100\n|-damage|p1a: Sinistcha|63\/100\n|-damage|p1b: Mienshao|9\/100\n|-status|p1a: Sinistcha|psn\n|-damage|p2a: Iron Moth|3\/100 brn|[from] item: Life Orb\n|move|p1b: Mienshao|Acrobatics|p2a: Iron Moth\n|-damage|p2a: Iron Moth|0 fnt\n|faint|p2a: Iron Moth\n|-end|p2a: Iron Moth|Quark Drive|[silent]\n|move|p1a: Sinistcha|Life Dew|p1a: Sinistcha|[spread] p1a,p1b\n|-heal|p1a: Sinistcha|88\/100 psn\n|-heal|p1b: Mienshao|34\/100\n|move|p2b: Ting-Lu|Throat Chop|p1a: Sinistcha\n|-supereffective|p1a: Sinistcha\n|-damage|p1a: Sinistcha|22\/100 psn\n|-start|p1a: Sinistcha|Throat Chop|[silent]\n|\n|-damage|p1a: Sinistcha|10\/100 psn|[from] psn\n|upkeep\n|turn|13\n|c|\u2606ueril9867|LOL\n|inactive|ueril9867 has 120 seconds left.\n|c|\u2606ueril9867|ting lu verss the world\n|\n|t:|1698597122\n|move|p1b: Mienshao|Drain Punch|p2b: Ting-Lu\n|-supereffective|p2b: Ting-Lu\n|-damage|p2b: Ting-Lu|45\/100\n|-heal|p1b: Mienshao|64\/100|[from] drain|[of] p2b: Ting-Lu\n|move|p1a: Sinistcha|Life Dew|p1a: Sinistcha|[spread] p1a,p1b\n|-heal|p1a: Sinistcha|35\/100 psn\n|-heal|p1b: Mienshao|89\/100\n|move|p2b: Ting-Lu|Earthquake|p1a: Sinistcha|[spread] p1a,p1b\n|-resisted|p1a: Sinistcha\n|-damage|p1a: Sinistcha|20\/100 psn\n|-damage|p1b: Mienshao|36\/100\n|\n|-damage|p1a: Sinistcha|8\/100 psn|[from] psn\n|-end|p1a: Sinistcha|Throat Chop|[silent]\n|upkeep\n|turn|14\n|c|\u2606ueril9867|gg\n|\n|t:|1698597146\n|move|p1b: Mienshao|Drain Punch|p2b: Ting-Lu\n|-supereffective|p2b: Ting-Lu\n|-damage|p2b: Ting-Lu|5\/100\n|-heal|p1b: Mienshao|66\/100|[from] drain|[of] p2b: Ting-Lu\n|move|p1a: Sinistcha|Strength Sap|p2b: Ting-Lu\n|-unboost|p2b: Ting-Lu|atk|1\n|-heal|p1a: Sinistcha|100\/100 psn\n|move|p2b: Ting-Lu|Earthquake|p1a: Sinistcha|[spread] p1a,p1b\n|-resisted|p1a: Sinistcha\n|-damage|p1a: Sinistcha|90\/100 psn\n|-damage|p1b: Mienshao|29\/100\n|\n|-damage|p1a: Sinistcha|78\/100 psn|[from] psn\n|upkeep\n|turn|15\n|inactive|ueril9867 has 120 seconds left.\n|\n|t:|1698597174\n|move|p1b: Mienshao|Drain Punch|p2b: Ting-Lu\n|-supereffective|p2b: Ting-Lu\n|-crit|p2b: Ting-Lu\n|-damage|p2b: Ting-Lu|0 fnt\n|-heal|p1b: Mienshao|32\/100|[from] drain|[of] p2b: Ting-Lu\n|faint|p2b: Ting-Lu\n|\n|win|deadlydirt\n|raw|deadlydirt's rating: 1120 &rarr; <strong>1148<\/strong><br \/>(+28 for winning)\n|raw|ueril9867's rating: 1155 &rarr; <strong>1127<\/strong><br \/>(-28 for losing)\n|c|\u2606deadlydirt|Gg\n|l|\u2606ueril9867\n","uploadtime":1698597193,"views":16,"p1id":"deadlydirt","p2id":"ueril9867","formatid":"gen9doublesou","rating":1127,"private":0,"password":""}