{"id":"gen9doublesou-1997711625","p1":"Sojjjy","p2":"shhmedium","format":"[Gen 9] Doubles OU","log":"|j|\u2606Sojjjy\n|j|\u2606shhmedium\n|t:|1700844519\n|gametype|doubles\n|player|p1|Sojjjy|1|1156\n|player|p2|shhmedium|2|1260\n|teamsize|p1|6\n|teamsize|p2|6\n|gen|9\n|tier|[Gen 9] Doubles OU\n|rated|\n|rule|Species Clause: Limit one of each Pok\u00e9mon\n|rule|OHKO Clause: OHKO moves are banned\n|rule|Evasion Moves Clause: Evasion moves are banned\n|rule|Gravity Sleep Clause: The combination of sleep-inducing moves with imperfect accuracy and Gravity or Gigantamax Orbeetle are banned\n|rule|Endless Battle Clause: Forcing endless battles is banned\n|rule|HP Percentage Mod: HP is shown in percentages\n|clearpoke\n|poke|p1|Kommo-o, F|\n|poke|p1|Gardevoir, M|\n|poke|p1|Kingambit, M|\n|poke|p1|Samurott-Hisui, M|\n|poke|p1|Gholdengo|\n|poke|p1|Ceruledge, F|\n|poke|p2|Meowscarada, M|\n|poke|p2|Mienshao, M|\n|poke|p2|Mimikyu, M|\n|poke|p2|Talonflame, M|\n|poke|p2|Sandy Shocks|\n|poke|p2|Inteleon, M|\n|teampreview\n|inactive|Battle timer is ON: inactive players will automatically lose when time's up. (requested by Sojjjy)\n|\n|t:|1700844629\n|start\n|switch|p1a: Gardevoir|Gardevoir, M|100\/100\n|switch|p1b: Ceruledge|Ceruledge, F|100\/100\n|switch|p2a: Talonflame|Talonflame, M|100\/100\n|switch|p2b: Mienshao|Mienshao, M|100\/100\n|-ability|p1a: Gardevoir|Inner Focus|[from] ability: Trace|[of] p2b: Mienshao\n|turn|1\n|\n|t:|1700844650\n|move|p2b: Mienshao|Fake Out|p1a: Gardevoir\n|-damage|p1a: Gardevoir|79\/100\n|-damage|p2b: Mienshao|91\/100|[from] item: Life Orb\n|move|p2a: Talonflame|Tailwind|p2a: Talonflame\n|-sidestart|p2: shhmedium|move: Tailwind\n|move|p1b: Ceruledge|Swords Dance|p1b: Ceruledge\n|-boost|p1b: Ceruledge|atk|2\n|move|p1a: Gardevoir|Psychic|p2b: Mienshao\n|-supereffective|p2b: Mienshao\n|-damage|p2b: Mienshao|0 fnt\n|faint|p2b: Mienshao\n|\n|-heal|p1a: Gardevoir|85\/100|[from] item: Leftovers\n|upkeep\n|inactive|shhmedium has 120 seconds left.\n|\n|t:|1700844698\n|switch|p2b: Mimikyu|Mimikyu, M|100\/100\n|turn|2\n|inactive|shhmedium has 120 seconds left.\n|inactive|Sojjjy has 120 seconds left.\n|\n|t:|1700844743\n|move|p2a: Talonflame|U-turn|p1a: Gardevoir\n|-damage|p1a: Gardevoir|64\/100\n|inactive|shhmedium has 120 seconds left.\n|inactive|shhmedium has 90 seconds left.\n|\n|t:|1700844781\n|switch|p2a: Sandy Shocks|Sandy Shocks|100\/100|[from] U-turn\n|-enditem|p2a: Sandy Shocks|Booster Energy\n|-activate|p2a: Sandy Shocks|ability: Protosynthesis|[fromitem]\n|-start|p2a: Sandy Shocks|protosynthesisspa\n|move|p2b: Mimikyu|Swords Dance|p2b: Mimikyu\n|-boost|p2b: Mimikyu|atk|2\n|move|p1b: Ceruledge|Poltergeist||[still]\n|-fail|p1b: Ceruledge\n|move|p1a: Gardevoir|Psychic|p2b: Mimikyu\n|-activate|p2b: Mimikyu|ability: Disguise\n|-damage|p2b: Mimikyu|100\/100\n|detailschange|p2b: Mimikyu|Mimikyu-Busted, M\n|-damage|p2b: Mimikyu|88\/100|[from] pokemon: Mimikyu-Busted\n|\n|-heal|p1a: Gardevoir|70\/100|[from] item: Leftovers\n|upkeep\n|turn|3\n|inactive|Sojjjy has 120 seconds left.\n|\n|t:|1700844812\n|move|p2b: Mimikyu|Shadow Sneak|p1a: Gardevoir\n|-supereffective|p1a: Gardevoir\n|-damage|p1a: Gardevoir|0 fnt\n|faint|p1a: Gardevoir\n|move|p1b: Ceruledge|Shadow Sneak|p2b: Mimikyu\n|-supereffective|p2b: Mimikyu\n|-damage|p2b: Mimikyu|0 fnt\n|faint|p2b: Mimikyu\n|move|p2a: Sandy Shocks|Earth Power|p1b: Ceruledge\n|-supereffective|p1b: Ceruledge\n|-enditem|p1b: Ceruledge|Focus Sash\n|-damage|p1b: Ceruledge|1\/100\n|\n|upkeep\n|inactive|Sojjjy has 120 seconds left.\n|\n|t:|1700844846\n|switch|p2b: Inteleon|Inteleon, M|100\/100\n|switch|p1a: Kingambit|Kingambit, M|100\/100\n|-activate|p1a: Kingambit|ability: Supreme Overlord\n|-start|p1a: Kingambit|fallen1|[silent]\n|turn|4\n|inactive|Sojjjy has 120 seconds left.\n|\n|t:|1700844860\n|move|p2a: Sandy Shocks|Protect|p2a: Sandy Shocks\n|-singleturn|p2a: Sandy Shocks|Protect\n|move|p1b: Ceruledge|Shadow Sneak|p2a: Sandy Shocks\n|-activate|p2a: Sandy Shocks|move: Protect\n|move|p1a: Kingambit|Sucker Punch||[still]\n|-fail|p1a: Kingambit\n|move|p2b: Inteleon|Snipe Shot|p1b: Ceruledge\n|-supereffective|p1b: Ceruledge\n|-crit|p1b: Ceruledge\n|-damage|p1b: Ceruledge|0 fnt\n|faint|p1b: Ceruledge\n|\n|-sideend|p2: shhmedium|move: Tailwind\n|upkeep\n|inactive|Sojjjy has 120 seconds left.\n|\n|t:|1700844878\n|switch|p1b: Kommo-o|Kommo-o, F|100\/100\n|turn|5\n|inactive|Sojjjy has 120 seconds left.\n|\n|t:|1700844900\n|-end|p1a: Kingambit|fallen1|[silent]\n|switch|p1a: Gholdengo|Gholdengo|100\/100\n|move|p2b: Inteleon|Soak|p1b: Kommo-o\n|-start|p1b: Kommo-o|typechange|Water\n|move|p2a: Sandy Shocks|Earth Power|p1a: Gholdengo\n|-supereffective|p1a: Gholdengo\n|-damage|p1a: Gholdengo|0 fnt\n|faint|p1a: Gholdengo\n|move|p1b: Kommo-o|Clangorous Soul|p1b: Kommo-o\n|-boost|p1b: Kommo-o|atk|1\n|-boost|p1b: Kommo-o|def|1\n|-boost|p1b: Kommo-o|spa|1\n|-boost|p1b: Kommo-o|spd|1\n|-boost|p1b: Kommo-o|spe|1\n|-damage|p1b: Kommo-o|68\/100\n|-enditem|p1b: Kommo-o|Throat Spray\n|-boost|p1b: Kommo-o|spa|1|[from] item: Throat Spray\n|\n|upkeep\n|inactive|Sojjjy has 120 seconds left.\n|\n|t:|1700844918\n|switch|p1a: Samurott|Samurott-Hisui, M|100\/100\n|turn|6\n|\n|t:|1700844925\n|move|p2b: Inteleon|Snipe Shot|p1a: Samurott\n|-resisted|p1a: Samurott\n|-damage|p1a: Samurott|71\/100\n|move|p1b: Kommo-o|Clanging Scales|p2a: Sandy Shocks|[spread] p2a,p2b\n|-damage|p2a: Sandy Shocks|33\/100\n|-damage|p2b: Inteleon|5\/100\n|-unboost|p1b: Kommo-o|def|1\n|move|p2a: Sandy Shocks|Thunderbolt|p1b: Kommo-o\n|-supereffective|p1b: Kommo-o\n|-damage|p1b: Kommo-o|0 fnt\n|faint|p1b: Kommo-o\n|move|p1a: Samurott|Ceaseless Edge|p2b: Inteleon\n|-damage|p2b: Inteleon|0 fnt\n|-sidestart|p2: shhmedium|Spikes\n|faint|p2b: Inteleon\n|-damage|p1a: Samurott|61\/100|[from] item: Life Orb\n|\n|upkeep\n|\n|t:|1700844944\n|switch|p2b: Talonflame|Talonflame, M|100\/100\n|switch|p1b: Kingambit|Kingambit, M|100\/100\n|-activate|p1b: Kingambit|ability: Supreme Overlord\n|-start|p1b: Kingambit|fallen4|[silent]\n|turn|7\n|\n|t:|1700844960\n|-terastallize|p1b: Kingambit|Flying\n|move|p2a: Sandy Shocks|Protect|p2a: Sandy Shocks\n|-singleturn|p2a: Sandy Shocks|Protect\n|move|p2b: Talonflame|Flare Blitz|p1b: Kingambit\n|-damage|p1b: Kingambit|66\/100\n|-damage|p2b: Talonflame|85\/100|[from] Recoil\n|move|p1a: Samurott|Aqua Cutter|p2b: Talonflame\n|-supereffective|p2b: Talonflame\n|-damage|p2b: Talonflame|0 fnt\n|faint|p2b: Talonflame\n|-damage|p1a: Samurott|51\/100|[from] item: Life Orb\n|move|p1b: Kingambit|Swords Dance|p1b: Kingambit\n|-boost|p1b: Kingambit|atk|2\n|\n|-heal|p1b: Kingambit|72\/100|[from] item: Leftovers\n|upkeep\n|\n|t:|1700844979\n|switch|p2b: Meowscarada|Meowscarada, M, shiny|100\/100\n|-damage|p2b: Meowscarada|88\/100|[from] Spikes\n|turn|8\n|\n|t:|1700844991\n|move|p1b: Kingambit|Sucker Punch|p2a: Sandy Shocks\n|-damage|p2a: Sandy Shocks|0 fnt\n|faint|p2a: Sandy Shocks\n|-end|p2a: Sandy Shocks|Protosynthesis|[silent]\n|move|p2b: Meowscarada|Thunder Punch|p1b: Kingambit\n|-start|p2b: Meowscarada|typechange|Electric|[from] ability: Protean\n|-supereffective|p1b: Kingambit\n|-crit|p1b: Kingambit\n|-damage|p1b: Kingambit|0 fnt\n|faint|p1b: Kingambit\n|-end|p1b: Kingambit|fallen4|[silent]\n|move|p1a: Samurott|Sacred Sword|p2b: Meowscarada\n|-damage|p2b: Meowscarada|0 fnt\n|faint|p2b: Meowscarada\n|-damage|p1a: Samurott|41\/100|[from] item: Life Orb\n|\n|win|Sojjjy\n|raw|Sojjjy's rating: 1156 &rarr; <strong>1188<\/strong><br \/>(+32 for winning)\n|raw|shhmedium's rating: 1260 &rarr; <strong>1228<\/strong><br \/>(-32 for losing)\n|c|\u2606shhmedium|gf\n|l|\u2606shhmedium\n","uploadtime":1700845042,"views":4,"p1id":"sojjjy","p2id":"shhmedium","formatid":"gen9doublesou","rating":1188,"private":0,"password":""}