{"id":"gen9doublesou-1968700324","p1":"xgcl","p2":"waleedayy","format":"[Gen 9] Doubles OU","log":"|j|\u2606xgcl\n|j|\u2606waleedayy\n|t:|1697455390\n|gametype|doubles\n|player|p1|xgcl|ingo|1212\n|player|p2|waleedayy|unknown|1306\n|teamsize|p1|6\n|teamsize|p2|6\n|gen|9\n|tier|[Gen 9] Doubles OU\n|rated|\n|rule|Species Clause: Limit one of each Pok\u00e9mon\n|rule|OHKO Clause: OHKO moves are banned\n|rule|Evasion Moves Clause: Evasion moves are banned\n|rule|Gravity Sleep Clause: The combination of sleep-inducing moves with imperfect accuracy and Gravity or Gigantamax Orbeetle are banned\n|rule|Endless Battle Clause: Forcing endless battles is banned\n|rule|HP Percentage Mod: HP is shown in percentages\n|clearpoke\n|poke|p1|Lucario, M|\n|poke|p1|Medicham, F|\n|poke|p1|Tornadus, M|\n|poke|p1|Flutter Mane|\n|poke|p1|Walking Wake|\n|poke|p1|Amoonguss, F|\n|poke|p2|Cresselia, F|\n|poke|p2|Landorus-Therian, M|\n|poke|p2|Lilligant-Hisui, F|\n|poke|p2|Torkoal, F|\n|poke|p2|Scizor, M|\n|poke|p2|Chien-Pao|\n|teampreview\n|inactive|Battle timer is ON: inactive players will automatically lose when time's up. (requested by xgcl)\n|\n|t:|1697455409\n|start\n|switch|p1a: Flutter Mane|Flutter Mane|100\/100\n|switch|p1b: Amoonguss|Amoonguss, F|100\/100\n|switch|p2a: Lilligant|Lilligant-Hisui, F, shiny|100\/100\n|switch|p2b: Torkoal|Torkoal, F|100\/100\n|-weather|SunnyDay|[from] ability: Drought|[of] p2b: Torkoal\n|-activate|p1a: Flutter Mane|ability: Protosynthesis\n|-start|p1a: Flutter Mane|protosynthesisspe\n|turn|1\n|\n|t:|1697455425\n|move|p2a: Lilligant|Sleep Powder|p1a: Flutter Mane\n|-status|p1a: Flutter Mane|slp|[from] move: Sleep Powder\n|cant|p1a: Flutter Mane|slp\n|move|p2b: Torkoal|Eruption|p1b: Amoonguss|[spread] p1a,p1b\n|-supereffective|p1b: Amoonguss\n|-damage|p1a: Flutter Mane|27\/100 slp\n|-damage|p1b: Amoonguss|0 fnt\n|faint|p1b: Amoonguss\n|\n|-weather|SunnyDay|[upkeep]\n|upkeep\n|\n|t:|1697455436\n|switch|p1b: Walking Wake|Walking Wake|100\/100\n|-activate|p1b: Walking Wake|ability: Protosynthesis\n|-start|p1b: Walking Wake|protosynthesisspe\n|turn|2\n|\n|t:|1697455465\n|move|p2a: Lilligant|Sleep Powder|p1b: Walking Wake\n|-status|p1b: Walking Wake|slp|[from] move: Sleep Powder\n|-curestatus|p1a: Flutter Mane|slp|[msg]\n|move|p1a: Flutter Mane|Shadow Ball|p2a: Lilligant\n|-damage|p2a: Lilligant|39\/100\n|cant|p1b: Walking Wake|slp\n|move|p2b: Torkoal|Eruption|p1a: Flutter Mane|[spread] p1a,p1b\n|-crit|p1a: Flutter Mane\n|-resisted|p1b: Walking Wake\n|-damage|p1a: Flutter Mane|0 fnt\n|-damage|p1b: Walking Wake|79\/100 slp\n|faint|p1a: Flutter Mane\n|-end|p1a: Flutter Mane|Protosynthesis|[silent]\n|\n|-weather|SunnyDay|[upkeep]\n|-heal|p2a: Lilligant|45\/100|[from] item: Leftovers\n|upkeep\n|n|!xgcl|xgcl\n|inactive|xgcl has 120 seconds left.\n|\n|t:|1697455484\n|switch|p1a: Tornadus|Tornadus, M|100\/100\n|turn|3\n|\n|t:|1697455493\n|move|p1a: Tornadus|Taunt|p2a: Lilligant\n|-start|p2a: Lilligant|move: Taunt\n|cant|p2a: Lilligant|move: Taunt|Sleep Powder\n|cant|p1b: Walking Wake|slp\n|move|p2b: Torkoal|Eruption|p1b: Walking Wake|[spread] p1a,p1b\n|-resisted|p1b: Walking Wake\n|-damage|p1a: Tornadus|34\/100\n|-damage|p1b: Walking Wake|61\/100 slp\n|\n|-weather|SunnyDay|[upkeep]\n|-heal|p2a: Lilligant|51\/100|[from] item: Leftovers\n|upkeep\n|turn|4\n|\n|t:|1697455510\n|move|p1a: Tornadus|Substitute|p1a: Tornadus\n|-start|p1a: Tornadus|Substitute\n|-damage|p1a: Tornadus|10\/100\n|move|p2a: Lilligant|Petal Blizzard|p1b: Walking Wake|[spread] p2b,p1a,p1b\n|-resisted|p1a: Tornadus\n|-activate|p1a: Tornadus|move: Substitute|[damage]\n|-resisted|p2b: Torkoal\n|-damage|p2b: Torkoal|87\/100\n|-damage|p1b: Walking Wake|25\/100 slp\n|cant|p1b: Walking Wake|slp\n|move|p2b: Torkoal|Eruption|p1a: Tornadus|[spread] p1a,p1b\n|-end|p1a: Tornadus|Substitute\n|-resisted|p1b: Walking Wake\n|-damage|p1b: Walking Wake|7\/100 slp\n|\n|-weather|SunnyDay|[upkeep]\n|-heal|p2a: Lilligant|57\/100|[from] item: Leftovers\n|-heal|p2b: Torkoal|93\/100|[from] item: Leftovers\n|upkeep\n|turn|5\n|-message|xgcl forfeited.\n|\n|win|waleedayy\n|raw|xgcl's rating: 1212 &rarr; <strong>1194<\/strong><br \/>(-18 for losing)\n|raw|waleedayy's rating: 1306 &rarr; <strong>1321<\/strong><br \/>(+15 for winning)\n|l|!xgcl\n","uploadtime":1697455470,"views":11,"p1id":"xgcl","p2id":"waleedayy","formatid":"gen9doublesou","rating":1194,"private":0,"password":""}