{"id":"gen9doublesou-1997940826","p1":"Azelf_Rod23","p2":"0Fiamma0","format":"[Gen 9] Doubles OU","log":"|j|\u2606Azelf_Rod23\n|j|\u26060Fiamma0\n|t:|1700870012\n|gametype|doubles\n|player|p1|Azelf_Rod23|carmine|1132\n|player|p2|0Fiamma0|lucas|1070\n|teamsize|p1|6\n|teamsize|p2|6\n|gen|9\n|tier|[Gen 9] Doubles OU\n|rated|\n|rule|Species Clause: Limit one of each Pok\u00e9mon\n|rule|OHKO Clause: OHKO moves are banned\n|rule|Evasion Moves Clause: Evasion moves are banned\n|rule|Gravity Sleep Clause: The combination of sleep-inducing moves with imperfect accuracy and Gravity or Gigantamax Orbeetle are banned\n|rule|Endless Battle Clause: Forcing endless battles is banned\n|rule|HP Percentage Mod: HP is shown in percentages\n|clearpoke\n|poke|p1|Ambipom, M|\n|poke|p1|Tauros-Paldea-Combat, M|\n|poke|p1|Cyclizar, M|\n|poke|p1|Clefairy, M|\n|poke|p1|Palafin, F|\n|poke|p1|Grimmsnarl, M|\n|poke|p2|Cresselia, F|\n|poke|p2|Ursaluna, F|\n|poke|p2|Ogerpon-Hearthflame, F|\n|poke|p2|Iron Valiant|\n|poke|p2|Thundurus-Therian, M|\n|poke|p2|Empoleon, F|\n|teampreview\n|c|\u2606Azelf_Rod23|glhf\n|\n|t:|1700870051\n|start\n|switch|p1a: Ambipom|Ambipom, M|100\/100\n|switch|p1b: Palafin|Palafin, F|100\/100\n|switch|p2a: Ursaluna|Ursaluna, F|100\/100\n|switch|p2b: Ogerpon|Ogerpon-Hearthflame, F|100\/100\n|-ability|p2b: Ogerpon|Mold Breaker\n|turn|1\n|\n|t:|1700870072\n|detailschange|p1b: Palafin|Palafin-Hero, F\n|switch|p1b: Tauros|Tauros-Paldea-Combat, M|100\/100\n|-ability|p1b: Tauros|Intimidate|boost\n|-unboost|p2a: Ursaluna|atk|1\n|-unboost|p2b: Ogerpon|atk|1\n|-terastallize|p1a: Ambipom|Normal\n|move|p2b: Ogerpon|Spiky Shield|p2b: Ogerpon\n|-singleturn|p2b: Ogerpon|move: Protect\n|move|p2a: Ursaluna|Protect|p2a: Ursaluna\n|-singleturn|p2a: Ursaluna|Protect\n|move|p1a: Ambipom|Fake Out|p2b: Ogerpon\n|-activate|p2b: Ogerpon|move: Protect\n|-damage|p1a: Ambipom|88\/100|[from] Spiky Shield|[of] p2b: Ogerpon\n|\n|-status|p2a: Ursaluna|brn|[from] item: Flame Orb\n|upkeep\n|turn|2\n|\n|t:|1700870108\n|switch|p2b: Iron Valiant|Iron Valiant|100\/100\n|-enditem|p2b: Iron Valiant|Booster Energy\n|-activate|p2b: Iron Valiant|ability: Quark Drive|[fromitem]\n|-start|p2b: Iron Valiant|quarkdrivespe\n|switch|p2a: Cresselia|Cresselia, F|100\/100\n|move|p1a: Ambipom|Double Hit|p2b: Iron Valiant\n|-damage|p2b: Iron Valiant|51\/100\n|-damage|p2b: Iron Valiant|0 fnt\n|faint|p2b: Iron Valiant\n|-end|p2b: Iron Valiant|Quark Drive|[silent]\n|-hitcount|p2: Iron Valiant|2\n|-damage|p1a: Ambipom|78\/100|[from] item: Life Orb\n|move|p1b: Tauros|Bulk Up|p1b: Tauros\n|-boost|p1b: Tauros|atk|1\n|-boost|p1b: Tauros|def|1\n|\n|upkeep\n|\n|t:|1700870138\n|switch|p2b: Ogerpon|Ogerpon-Hearthflame, F|100\/100\n|-ability|p2b: Ogerpon|Mold Breaker\n|turn|3\n|\n|t:|1700870155\n|move|p1a: Ambipom|Double Hit|p2a: Cresselia|[miss]\n|-miss|p1a: Ambipom|p2a: Cresselia\n|move|p2b: Ogerpon|Ivy Cudgel|p1a: Ambipom|[anim] Ivy Cudgel Fire\n|-damage|p1a: Ambipom|0 fnt\n|faint|p1a: Ambipom\n|move|p1b: Tauros|Raging Bull|p2b: Ogerpon\n|-damage|p2b: Ogerpon|0 fnt\n|faint|p2b: Ogerpon\n|-damage|p1b: Tauros|91\/100|[from] item: Life Orb\n|move|p2a: Cresselia|Trick Room|p2a: Cresselia\n|-fieldstart|move: Trick Room|[of] p2a: Cresselia\n|\n|upkeep\n|\n|t:|1700870171\n|switch|p2b: Ursaluna|Ursaluna, F|100\/100 brn\n|switch|p1a: Palafin|Palafin-Hero, F|100\/100\n|-activate|p1a: Palafin|ability: Zero to Hero\n|turn|4\n|\n|t:|1700870195\n|move|p2b: Ursaluna|Protect|p2b: Ursaluna\n|-singleturn|p2b: Ursaluna|Protect\n|move|p1a: Palafin|Protect|p1a: Palafin\n|-singleturn|p1a: Palafin|Protect\n|move|p2a: Cresselia|Thunderbolt|p1a: Palafin\n|-activate|p1a: Palafin|move: Protect\n|move|p1b: Tauros|Raging Bull|p2b: Ursaluna\n|-activate|p2b: Ursaluna|move: Protect\n|\n|-damage|p2b: Ursaluna|94\/100 brn|[from] brn\n|upkeep\n|turn|5\n|\n|t:|1700870217\n|move|p1a: Palafin|Jet Punch|p2b: Ursaluna\n|-supereffective|p2b: Ursaluna\n|-damage|p2b: Ursaluna|43\/100 brn\n|move|p2b: Ursaluna|Earthquake|p1b: Tauros|[spread] p1a,p1b\n|-immune|p2a: Cresselia|[from] ability: Levitate\n|-damage|p1a: Palafin|43\/100\n|-damage|p1b: Tauros|48\/100\n|move|p2a: Cresselia|Thunderbolt|p1a: Palafin\n|-supereffective|p1a: Palafin\n|-damage|p1a: Palafin|11\/100\n|-status|p1a: Palafin|par\n|move|p1b: Tauros|Bulk Up|p1b: Tauros\n|-boost|p1b: Tauros|atk|1\n|-boost|p1b: Tauros|def|1\n|\n|-heal|p1a: Palafin|17\/100 par|[from] item: Leftovers\n|-damage|p2b: Ursaluna|37\/100 brn|[from] brn\n|upkeep\n|turn|6\n|\n|t:|1700870257\n|move|p2b: Ursaluna|Protect|p2b: Ursaluna\n|-singleturn|p2b: Ursaluna|Protect\n|move|p1a: Palafin|Drain Punch|p2b: Ursaluna\n|-activate|p2b: Ursaluna|move: Protect\n|move|p2a: Cresselia|Lunar Blessing|p2a: Cresselia|[spread] p2a,p2b\n|-heal|p2b: Ursaluna|62\/100 brn\n|-curestatus|p2b: Ursaluna|brn|[msg]\n|move|p1b: Tauros|Wild Charge|p2a: Cresselia\n|-damage|p2a: Cresselia|49\/100\n|-damage|p1b: Tauros|32\/100|[from] Recoil\n|-damage|p1b: Tauros|22\/100|[from] item: Life Orb\n|\n|-heal|p1a: Palafin|23\/100 par|[from] item: Leftovers\n|-heal|p2a: Cresselia|55\/100|[from] item: Leftovers\n|-status|p2b: Ursaluna|brn|[from] item: Flame Orb\n|upkeep\n|turn|7\n|\n|t:|1700870279\n|move|p1a: Palafin|Jet Punch|p2b: Ursaluna\n|-supereffective|p2b: Ursaluna\n|-damage|p2b: Ursaluna|4\/100 brn\n|move|p2b: Ursaluna|Earthquake|p1a: Palafin|[spread] p1a,p1b\n|-immune|p2a: Cresselia|[from] ability: Levitate\n|-crit|p1a: Palafin\n|-damage|p1a: Palafin|0 fnt\n|-damage|p1b: Tauros|0 fnt\n|faint|p1a: Palafin\n|faint|p1b: Tauros\n|move|p2a: Cresselia|Lunar Blessing|p2a: Cresselia|[spread] p2a,p2b\n|-heal|p2a: Cresselia|80\/100\n|-heal|p2b: Ursaluna|29\/100 brn\n|-curestatus|p2b: Ursaluna|brn|[msg]\n|\n|-heal|p2a: Cresselia|87\/100|[from] item: Leftovers\n|-fieldend|move: Trick Room\n|-status|p2b: Ursaluna|brn|[from] item: Flame Orb\n|upkeep\n|\n|t:|1700870300\n|switch|p1b: Clefairy|Clefairy, M|100\/100\n|switch|p1a: Cyclizar|Cyclizar, M|100\/100\n|turn|8\n|\n|t:|1700870315\n|move|p1b: Clefairy|Helping Hand|p1a: Cyclizar\n|-singleturn|p1a: Cyclizar|Helping Hand|[of] p1b: Clefairy\n|move|p2b: Ursaluna|Protect|p2b: Ursaluna\n|-singleturn|p2b: Ursaluna|Protect\n|move|p1a: Cyclizar|Double-Edge|p2a: Cresselia\n|-damage|p2a: Cresselia|33\/100\n|-damage|p1a: Cyclizar|72\/100|[from] Recoil\n|move|p2a: Cresselia|Trick Room|p2a: Cresselia\n|-fieldstart|move: Trick Room|[of] p2a: Cresselia\n|\n|-heal|p2a: Cresselia|39\/100|[from] item: Leftovers\n|-damage|p2b: Ursaluna|23\/100 brn|[from] brn\n|upkeep\n|turn|9\n|\n|t:|1700870335\n|move|p2b: Ursaluna|Facade|p1a: Cyclizar\n|-damage|p1a: Cyclizar|0 fnt\n|faint|p1a: Cyclizar\n|move|p1b: Clefairy|Icy Wind|p2a: Cresselia|[spread] p2a,p2b\n|-supereffective|p2b: Ursaluna\n|-damage|p2a: Cresselia|36\/100\n|-damage|p2b: Ursaluna|12\/100 brn\n|-unboost|p2a: Cresselia|spe|1\n|-unboost|p2b: Ursaluna|spe|1\n|move|p2a: Cresselia|Lunar Blessing|p2a: Cresselia|[spread] p2a,p2b\n|-heal|p2a: Cresselia|61\/100\n|-heal|p2b: Ursaluna|37\/100 brn\n|-curestatus|p2b: Ursaluna|brn|[msg]\n|\n|-heal|p2a: Cresselia|67\/100|[from] item: Leftovers\n|-status|p2b: Ursaluna|brn|[from] item: Flame Orb\n|upkeep\n|-message|Azelf_Rod23 forfeited.\n|\n|win|0Fiamma0\n|raw|Azelf_Rod23's rating: 1132 &rarr; <strong>1103<\/strong><br \/>(-29 for losing)\n|raw|0Fiamma0's rating: 1070 &rarr; <strong>1105<\/strong><br \/>(+35 for winning)\n|l|\u2606Azelf_Rod23\n","uploadtime":1700870356,"views":10,"p1id":"azelfrod23","p2id":"0fiamma0","formatid":"gen9doublesou","rating":1103,"private":0,"password":""}