{"id":"gen9doublesou-1986065051","p1":"Slimthickens","p2":"Growls25","format":"[Gen 9] Doubles OU","log":"|j|\u2606Slimthickens\n|j|\u2606Growls25\n|t:|1699445976\n|gametype|doubles\n|player|p1|Slimthickens|2|1087\n|player|p2|Growls25|elesa|1077\n|teamsize|p1|6\n|teamsize|p2|6\n|gen|9\n|tier|[Gen 9] Doubles OU\n|rated|\n|rule|Species Clause: Limit one of each Pok\u00e9mon\n|rule|OHKO Clause: OHKO moves are banned\n|rule|Evasion Moves Clause: Evasion moves are banned\n|rule|Gravity Sleep Clause: The combination of sleep-inducing moves with imperfect accuracy and Gravity or Gigantamax Orbeetle are banned\n|rule|Endless Battle Clause: Forcing endless battles is banned\n|rule|HP Percentage Mod: HP is shown in percentages\n|clearpoke\n|poke|p1|Ceruledge, F|\n|poke|p1|Shaymin-Sky|\n|poke|p1|Flutter Mane|\n|poke|p1|Torkoal, M|\n|poke|p1|Politoed, F|\n|poke|p1|Inteleon, F|\n|poke|p2|Chesnaught, M|\n|poke|p2|Gallade, M|\n|poke|p2|Hawlucha, M|\n|poke|p2|Heracross, M|\n|poke|p2|Sneasler, M|\n|poke|p2|Poliwrath, M|\n|teampreview\n|inactive|Battle timer is ON: inactive players will automatically lose when time's up. (requested by Slimthickens)\n|\n|t:|1699445982\n|start\n|switch|p1a: Politoed|Politoed, F|100\/100\n|switch|p1b: TakeUWithMe|Ceruledge, F|100\/100\n|switch|p2a: Goldburg|Chesnaught, M, shiny|100\/100\n|switch|p2b: Brock Lesnar|Poliwrath, M|100\/100\n|-weather|RainDance|[from] ability: Drizzle|[of] p1a: Politoed\n|turn|1\n|\n|t:|1699445997\n|switch|p1b: Torkoal|Torkoal, M|100\/100\n|-weather|SunnyDay|[from] ability: Drought|[of] p1b: Torkoal\n|-terastallize|p1a: Politoed|Fire\n|move|p1a: Politoed|Weather Ball|p2a: Goldburg\n|-immune|p2a: Goldburg|[from] ability: Bulletproof\n|move|p2b: Brock Lesnar|Bulk Up|p2b: Brock Lesnar\n|-boost|p2b: Brock Lesnar|atk|1\n|-boost|p2b: Brock Lesnar|def|1\n|move|p2a: Goldburg|High Horsepower|p1b: Torkoal\n|-supereffective|p1b: Torkoal\n|-damage|p1b: Torkoal|55\/100\n|\n|-weather|SunnyDay|[upkeep]\n|upkeep\n|turn|2\n|\n|t:|1699446019\n|switch|p1a: GotSash|Flutter Mane|100\/100\n|-activate|p1a: GotSash|ability: Protosynthesis\n|-start|p1a: GotSash|protosynthesisspa\n|move|p2b: Brock Lesnar|Drain Punch|p1b: Torkoal\n|-damage|p1b: Torkoal|18\/100\n|move|p2a: Goldburg|High Horsepower|p1b: Torkoal\n|-supereffective|p1b: Torkoal\n|-damage|p1b: Torkoal|0 fnt\n|faint|p1b: Torkoal\n|\n|-weather|SunnyDay|[upkeep]\n|upkeep\n|\n|t:|1699446029\n|switch|p1b: Shaymin|Shaymin-Sky|100\/100\n|turn|3\n|\n|t:|1699446047\n|move|p1b: Shaymin|Giga Drain|p2b: Brock Lesnar\n|-supereffective|p2b: Brock Lesnar\n|-damage|p2b: Brock Lesnar|2\/100\n|-damage|p1b: Shaymin|91\/100|[from] item: Life Orb\n|move|p1a: GotSash|Mystical Fire|p2a: Goldburg\n|-supereffective|p2a: Goldburg\n|-damage|p2a: Goldburg|13\/100\n|-unboost|p2a: Goldburg|spa|1\n|move|p2b: Brock Lesnar|Ice Punch|p1b: Shaymin\n|-supereffective|p1b: Shaymin\n|-damage|p1b: Shaymin|0 fnt\n|faint|p1b: Shaymin\n|move|p2a: Goldburg|Dragon Claw|p1a: GotSash\n|-immune|p1a: GotSash\n|\n|-weather|SunnyDay|[upkeep]\n|upkeep\n|\n|t:|1699446053\n|switch|p1b: Wait what?|Inteleon, F|100\/100\n|turn|4\n|\n|t:|1699446072\n|move|p1a: GotSash|Dazzling Gleam|p2a: Goldburg|[spread] p2a,p2b\n|-supereffective|p2a: Goldburg\n|-supereffective|p2b: Brock Lesnar\n|-crit|p2b: Brock Lesnar\n|-damage|p2a: Goldburg|0 fnt\n|-damage|p2b: Brock Lesnar|0 fnt\n|faint|p2a: Goldburg\n|faint|p2b: Brock Lesnar\n|move|p1b: Wait what?|Weather Ball|p2: Goldburg|[notarget]\n|-fail|p1b: Wait what?\n|\n|-weather|SunnyDay|[upkeep]\n|upkeep\n|inactive|Growls25 has 120 seconds left.\n|\n|t:|1699446112\n|switch|p2b: Sting|Heracross, M|100\/100\n|switch|p2a: Jeff Hardy|Sneasler, M|100\/100\n|turn|5\n|c|\u2606Slimthickens|Let\u2019s see if all your fighting trash mon can stand uo\n|c|\u2606Slimthickens|up\n|inactive|Growls25 has 120 seconds left.\n|c|\u2606Slimthickens|lucky ice punch off poly because lucky 2 percent hp\n|c|\u2606Slimthickens|But you\u2019re still gonna lose\n|inactive|Slimthickens has 120 seconds left.\n|c|\u2606Growls25|k\n|\n|t:|1699446147\n|-terastallize|p2a: Jeff Hardy|Ghost\n|move|p2a: Jeff Hardy|Shadow Claw|p1a: GotSash\n|-supereffective|p1a: GotSash\n|-damage|p1a: GotSash|0 fnt\n|faint|p1a: GotSash\n|-end|p1a: GotSash|Protosynthesis|[silent]\n|-damage|p2a: Jeff Hardy|91\/100|[from] item: Life Orb\n|move|p1b: Wait what?|Weather Ball|p2a: Jeff Hardy\n|-damage|p2a: Jeff Hardy|15\/100\n|move|p2b: Sting|Rock Slide|p1b: Wait what?\n|-damage|p1b: Wait what?|57\/100\n|\n|-weather|none\n|upkeep\n|\n|t:|1699446153\n|switch|p1a: TakeUWithMe|Ceruledge, F|100\/100\n|turn|6\n|\n|t:|1699446176\n|move|p2a: Jeff Hardy|Shadow Claw|p1a: TakeUWithMe\n|-supereffective|p1a: TakeUWithMe\n|-damage|p1a: TakeUWithMe|0 fnt\n|faint|p1a: TakeUWithMe\n|-damage|p2a: Jeff Hardy|5\/100|[from] item: Life Orb\n|move|p1b: Wait what?|Ice Beam|p2a: Jeff Hardy\n|-damage|p2a: Jeff Hardy|0 fnt\n|faint|p2a: Jeff Hardy\n|move|p2b: Sting|Knock Off|p1b: Wait what?\n|-damage|p1b: Wait what?|0 fnt\n|-enditem|p1b: Wait what?|Razor Claw|[from] move: Knock Off|[of] p2b: Sting\n|faint|p1b: Wait what?\n|-ability|p2b: Sting|Moxie|boost\n|-boost|p2b: Sting|atk|1\n|\n|upkeep\n|inactive|Slimthickens has 120 seconds left.\n|inactive|Slimthickens has 90 seconds left.\n|inactive|Slimthickens has 60 seconds left.\n|inactive|Slimthickens has 30 seconds left.\n|inactive|Slimthickens has 20 seconds left.\n|inactive|Slimthickens has 15 seconds left.\n|inactive|Slimthickens has 10 seconds left.\n|inactive|Slimthickens has 5 seconds left.\n|-message|Slimthickens lost due to inactivity.\n|\n|win|Growls25\n|raw|Slimthickens's rating: 1087 &rarr; <strong>1063<\/strong><br \/>(-24 for losing)\n|raw|Growls25's rating: 1077 &rarr; <strong>1106<\/strong><br \/>(+29 for winning)\n","uploadtime":1699446392,"views":24,"p1id":"slimthickens","p2id":"growls25","formatid":"gen9doublesou","rating":1063,"private":0,"password":""}