{"id":"gen9doublesou-2000464334","p1":"szerrie","p2":"its-sam87","format":"[Gen 9] Doubles OU","log":"|j|\u2606szerrie\n|j|\u2606its-sam87\n|t:|1701197014\n|gametype|doubles\n|player|p1|szerrie|turo-ai|1448\n|player|p2|its-sam87|acetrainer-gen2|1497\n|teamsize|p1|6\n|teamsize|p2|6\n|gen|9\n|tier|[Gen 9] Doubles OU\n|rated|\n|rule|Species Clause: Limit one of each Pok\u00e9mon\n|rule|OHKO Clause: OHKO moves are banned\n|rule|Evasion Moves Clause: Evasion moves are banned\n|rule|Gravity Sleep Clause: The combination of sleep-inducing moves with imperfect accuracy and Gravity or Gigantamax Orbeetle are banned\n|rule|Endless Battle Clause: Forcing endless battles is banned\n|rule|HP Percentage Mod: HP is shown in percentages\n|clearpoke\n|poke|p1|Ursaluna-Bloodmoon, M|\n|poke|p1|Rillaboom, F|\n|poke|p1|Sneasler, M|\n|poke|p1|Tornadus, M|\n|poke|p1|Ogerpon-Hearthflame, F|\n|poke|p1|Milotic, M|\n|poke|p2|Tornadus, M|\n|poke|p2|Amoonguss, M|\n|poke|p2|Basculegion-F, F|\n|poke|p2|Pelipper, F|\n|poke|p2|Palafin, M|\n|poke|p2|Iron Bundle|\n|teampreview\n|inactive|Battle timer is ON: inactive players will automatically lose when time's up. (requested by its-sam87)\n|inactive|szerrie also wants the timer to be on.\n|c|\u2606its-sam87|gl hf\n|\n|t:|1701197024\n|start\n|switch|p1a: Rillaboom|Rillaboom, F, shiny|100\/100\n|switch|p1b: Sneasler|Sneasler, M, shiny|100\/100\n|switch|p2a: Tornadus|Tornadus, M, shiny|100\/100\n|switch|p2b: Palafin|Palafin, M|100\/100\n|-fieldstart|move: Grassy Terrain|[from] ability: Grassy Surge|[of] p1a: Rillaboom\n|-enditem|p1b: Sneasler|Grassy Seed\n|-boost|p1b: Sneasler|def|1|[from] item: Grassy Seed\n|turn|1\n|j| FatherSuperior7\n|\n|t:|1701197038\n|detailschange|p2b: Palafin|Palafin-Hero, M\n|switch|p2b: Amoonguss|Amoonguss, M, shiny|100\/100\n|-terastallize|p1b: Sneasler|Flying\n|move|p1a: Rillaboom|Fake Out|p2a: Tornadus\n|-damage|p2a: Tornadus|88\/100\n|move|p2a: Tornadus|Rain Dance|p2a: Tornadus\n|-weather|RainDance\n|move|p1b: Sneasler|Bulk Up|p1b: Sneasler\n|-boost|p1b: Sneasler|atk|1\n|-boost|p1b: Sneasler|def|1\n|\n|-weather|RainDance|[upkeep]\n|upkeep\n|turn|2\n|\n|t:|1701197060\n|switch|p1a: Milotic|Milotic, M|100\/100\n|move|p2b: Amoonguss|Protect|p2b: Amoonguss\n|-singleturn|p2b: Amoonguss|Protect\n|move|p1b: Sneasler|Acrobatics|p2b: Amoonguss\n|-activate|p2b: Amoonguss|move: Protect\n|move|p2a: Tornadus|Bleakwind Storm|p1a: Milotic|[spread] p1a,p1b\n|-damage|p1a: Milotic|83\/100\n|-damage|p1b: Sneasler|60\/100\n|-unboost|p1b: Sneasler|spe|1\n|\n|-weather|RainDance|[upkeep]\n|-heal|p1a: Milotic|90\/100|[from] Grassy Terrain\n|-heal|p1a: Milotic|96\/100|[from] item: Leftovers\n|upkeep\n|turn|3\n|\n|t:|1701197076\n|move|p2a: Tornadus|Tailwind|p2a: Tornadus\n|-sidestart|p2: its-sam87|move: Tailwind\n|move|p1b: Sneasler|Acrobatics|p2b: Amoonguss\n|-supereffective|p2b: Amoonguss\n|-damage|p2b: Amoonguss|0 fnt\n|-damage|p1b: Sneasler|44\/100|[from] item: Rocky Helmet|[of] p2b: Amoonguss\n|faint|p2b: Amoonguss\n|move|p1a: Milotic|Ice Beam|p2a: Tornadus\n|-supereffective|p2a: Tornadus\n|-damage|p2a: Tornadus|44\/100\n|\n|-weather|RainDance|[upkeep]\n|-heal|p1a: Milotic|100\/100|[from] Grassy Terrain\n|upkeep\n|\n|t:|1701197088\n|switch|p2b: Iron Bundle|Iron Bundle, shiny|100\/100\n|-enditem|p2b: Iron Bundle|Booster Energy\n|-activate|p2b: Iron Bundle|ability: Quark Drive|[fromitem]\n|-start|p2b: Iron Bundle|quarkdrivespe\n|turn|4\n|j| Oreomaster360\n|\n|t:|1701197106\n|switch|p1b: Ogerpon|Ogerpon-Hearthflame, F|100\/100\n|-ability|p1b: Ogerpon|Mold Breaker\n|move|p2b: Iron Bundle|Ice Beam|p1b: Ogerpon\n|-damage|p1b: Ogerpon|47\/100\n|-status|p1b: Ogerpon|frz\n|move|p2a: Tornadus|Bleakwind Storm|p1a: Milotic|[spread] p1a,p1b\n|-supereffective|p1b: Ogerpon\n|-damage|p1a: Milotic|85\/100\n|-damage|p1b: Ogerpon|0 fnt\n|-unboost|p1a: Milotic|spe|1\n|-ability|p1a: Milotic|Competitive|boost\n|-boost|p1a: Milotic|spa|2\n|faint|p1b: Ogerpon\n|move|p1a: Milotic|Ice Beam|p2a: Tornadus\n|-supereffective|p2a: Tornadus\n|-damage|p2a: Tornadus|0 fnt\n|faint|p2a: Tornadus\n|\n|-weather|RainDance|[upkeep]\n|-heal|p1a: Milotic|91\/100|[from] Grassy Terrain\n|-heal|p1a: Milotic|97\/100|[from] item: Leftovers\n|upkeep\n|c|\u2606szerrie|holy shit the dda is insane\n|c|\u2606its-sam87|what's dda\n|\n|t:|1701197134\n|switch|p1b: Rillaboom|Rillaboom, F, shiny|100\/100\n|switch|p2a: Palafin|Palafin-Hero, M|100\/100\n|-activate|p2a: Palafin|ability: Zero to Hero\n|turn|5\n|\n|t:|1701197150\n|move|p1a: Milotic|Protect|p1a: Milotic\n|-singleturn|p1a: Milotic|Protect\n|move|p1b: Rillaboom|Grassy Glide|p2a: Palafin\n|-supereffective|p2a: Palafin\n|-damage|p2a: Palafin|32\/100\n|move|p2b: Iron Bundle|Ice Beam|p1b: Rillaboom\n|-supereffective|p1b: Rillaboom\n|-damage|p1b: Rillaboom|26\/100\n|move|p2a: Palafin|Ice Punch|p1b: Rillaboom\n|-supereffective|p1b: Rillaboom\n|-damage|p1b: Rillaboom|0 fnt\n|faint|p1b: Rillaboom\n|\n|-weather|none\n|-heal|p2a: Palafin|38\/100|[from] Grassy Terrain\n|-heal|p1a: Milotic|100\/100|[from] Grassy Terrain\n|-fieldend|move: Grassy Terrain\n|upkeep\n|\n|t:|1701197166\n|switch|p1b: Tornadus|Tornadus, M|100\/100\n|turn|6\n|\n|t:|1701197174\n|move|p1b: Tornadus|Tailwind|p1b: Tornadus\n|-sidestart|p1: szerrie|move: Tailwind\n|move|p2b: Iron Bundle|Freeze-Dry|p1a: Milotic\n|-supereffective|p1a: Milotic\n|-damage|p1a: Milotic|62\/100\n|-status|p1a: Milotic|frz\n|move|p2a: Palafin|Ice Punch|p1b: Tornadus\n|-supereffective|p1b: Tornadus\n|-damage|p1b: Tornadus|0 fnt\n|faint|p1b: Tornadus\n|cant|p1a: Milotic|frz\n|\n|-heal|p1a: Milotic|69\/100 frz|[from] item: Leftovers\n|-sideend|p2: its-sam87|move: Tailwind\n|upkeep\n|c|\u2606szerrie|dude holy shit\n|c|\u2606szerrie|how many freezes\n|c|\u2606szerrie|and u wonder what dda is\n|c|\u2606its-sam87|two freezes wtf\n|-message|szerrie forfeited.\n|\n|win|its-sam87\n|raw|szerrie's rating: 1448 &rarr; <strong>1431<\/strong><br \/>(-17 for losing)\n|raw|its-sam87's rating: 1497 &rarr; <strong>1514<\/strong><br \/>(+17 for winning)\n|l|\u2606szerrie\n|l| FatherSuperior7\n|l| Oreomaster360\n|c|\u2606its-sam87|iron bundle momeny\n|c|\u2606its-sam87|*moment\\\n|c|\u2606its-sam87|*moment\n","uploadtime":1701197265,"views":14,"p1id":"szerrie","p2id":"itssam87","formatid":"gen9doublesou","rating":1431,"private":0,"password":""}