{"id":"gen9doublesou-1977074487","p1":"DiamondDiancie25","p2":"lilbookcase","format":"[Gen 9] Doubles OU","log":"|j|\u2606DiamondDiancie25\n|j|\u2606lilbookcase\n|t:|1698368669\n|gametype|doubles\n|player|p1|DiamondDiancie25|psychic-gen4|\n|player|p2|lilbookcase|rocketgruntf|\n|teamsize|p1|6\n|teamsize|p2|6\n|gen|9\n|tier|[Gen 9] Doubles OU\n|rule|Species Clause: Limit one of each Pok\u00e9mon\n|rule|OHKO Clause: OHKO moves are banned\n|rule|Evasion Moves Clause: Evasion moves are banned\n|rule|Gravity Sleep Clause: The combination of sleep-inducing moves with imperfect accuracy and Gravity or Gigantamax Orbeetle are banned\n|rule|Endless Battle Clause: Forcing endless battles is banned\n|rule|HP Percentage Mod: HP is shown in percentages\n|clearpoke\n|poke|p1|Tyranitar, M|\n|poke|p1|Houndstone, M|\n|poke|p1|Gholdengo|\n|poke|p1|Enamorus-Therian, F|\n|poke|p1|Murkrow, M|\n|poke|p1|Glimmora, F|\n|poke|p2|Roaring Moon|\n|poke|p2|Weezing-Galar, M|\n|poke|p2|Gholdengo|\n|poke|p2|Ursaluna, M|\n|poke|p2|Hatterene, F|\n|poke|p2|Gothitelle, M|\n|teampreview\n|\n|t:|1698368720\n|start\n|switch|p1a: Tyranitar|Tyranitar, M|100\/100\n|switch|p1b: Glimmora|Glimmora, F|100\/100\n|switch|p2a: Roaring Gibbous|Roaring Moon|100\/100\n|switch|p2b: Mr. Joe|Gholdengo|100\/100\n|-weather|Sandstorm|[from] ability: Sand Stream|[of] p1a: Tyranitar\n|-enditem|p2a: Roaring Gibbous|Booster Energy\n|-activate|p2a: Roaring Gibbous|ability: Protosynthesis|[fromitem]\n|-start|p2a: Roaring Gibbous|protosynthesisspe\n|turn|1\n|\n|t:|1698368775\n|-terastallize|p2b: Mr. Joe|Fairy\n|move|p1b: Glimmora|Spiky Shield|p1b: Glimmora\n|-singleturn|p1b: Glimmora|move: Protect\n|move|p2a: Roaring Gibbous|Breaking Swipe|p1a: Tyranitar|[spread] p1a\n|-activate|p1b: Glimmora|move: Protect\n|-damage|p2a: Roaring Gibbous|88\/100|[from] Spiky Shield|[of] p1b: Glimmora\n|-damage|p1a: Tyranitar|83\/100\n|-unboost|p1a: Tyranitar|atk|1\n|move|p2b: Mr. Joe|Make It Rain|p1b: Glimmora|[spread] p1a\n|-activate|p1b: Glimmora|move: Protect\n|-supereffective|p1a: Tyranitar\n|-damage|p1a: Tyranitar|23\/100\n|-unboost|p2b: Mr. Joe|spa|1\n|move|p1a: Tyranitar|Knock Off|p2b: Mr. Joe\n|-resisted|p2b: Mr. Joe\n|-damage|p2b: Mr. Joe|84\/100\n|-enditem|p2b: Mr. Joe|Choice Specs|[from] move: Knock Off|[of] p1a: Tyranitar\n|\n|-weather|Sandstorm|[upkeep]\n|-damage|p2a: Roaring Gibbous|82\/100|[from] Sandstorm\n|-damage|p2b: Mr. Joe|78\/100|[from] Sandstorm\n|upkeep\n|turn|2\n|\n|t:|1698368830\n|move|p2a: Roaring Gibbous|Tailwind|p2a: Roaring Gibbous\n|-sidestart|p2: lilbookcase|move: Tailwind\n|move|p2b: Mr. Joe|Make It Rain|p1b: Glimmora|[spread] p1a,p1b\n|-supereffective|p1a: Tyranitar\n|-supereffective|p1b: Glimmora\n|-damage|p1a: Tyranitar|0 fnt\n|-damage|p1b: Glimmora|30\/100\n|-unboost|p2b: Mr. Joe|spa|1\n|faint|p1a: Tyranitar\n|move|p1b: Glimmora|Power Gem|p2b: Mr. Joe\n|-damage|p2b: Mr. Joe|32\/100\n|\n|-weather|Sandstorm|[upkeep]\n|-damage|p2a: Roaring Gibbous|76\/100|[from] Sandstorm\n|-damage|p2b: Mr. Joe|26\/100|[from] Sandstorm\n|upkeep\n|\n|t:|1698368850\n|switch|p1a: Enamorus|Enamorus-Therian, F|100\/100\n|turn|3\n|\n|t:|1698368867\n|move|p2a: Roaring Gibbous|Knock Off|p1a: Enamorus\n|-resisted|p1a: Enamorus\n|-crit|p1a: Enamorus\n|-damage|p1a: Enamorus|66\/100\n|-enditem|p1a: Enamorus|Leftovers|[from] move: Knock Off|[of] p2a: Roaring Gibbous\n|move|p2b: Mr. Joe|Make It Rain|p1b: Glimmora|[spread] p1a,p1b\n|-supereffective|p1a: Enamorus\n|-supereffective|p1b: Glimmora\n|-damage|p1a: Enamorus|16\/100\n|-damage|p1b: Glimmora|0 fnt\n|-unboost|p2b: Mr. Joe|spa|1\n|faint|p1b: Glimmora\n|move|p1a: Enamorus|Draining Kiss|p2a: Roaring Gibbous\n|-supereffective|p2a: Roaring Gibbous\n|-damage|p2a: Roaring Gibbous|0 fnt\n|-heal|p1a: Enamorus|73\/100|[from] drain|[of] p2a: Roaring Gibbous\n|faint|p2a: Roaring Gibbous\n|-end|p2a: Roaring Gibbous|Protosynthesis|[silent]\n|\n|-weather|Sandstorm|[upkeep]\n|-damage|p2b: Mr. Joe|20\/100|[from] Sandstorm\n|upkeep\n|\n|t:|1698368888\n|switch|p2a: Waxaluna|Ursaluna, M|100\/100\n|switch|p1b: Salt|Murkrow, M|100\/100\n|turn|4\n|\n|t:|1698368916\n|switch|p2b: Smokin that Toxin|Weezing-Galar, M|100\/100\n|-ability|p2b: Smokin that Toxin|Neutralizing Gas\n|move|p2a: Waxaluna|Facade|p1b: Salt\n|-damage|p1b: Salt|44\/100\n|move|p1b: Salt|Foul Play|p2a: Waxaluna\n|-damage|p2a: Waxaluna|61\/100\n|move|p1a: Enamorus|Draining Kiss|p2b: Smokin that Toxin\n|-resisted|p2b: Smokin that Toxin\n|-damage|p2b: Smokin that Toxin|87\/100\n|-heal|p1a: Enamorus|83\/100|[from] drain|[of] p2b: Smokin that Toxin\n|\n|-weather|Sandstorm|[upkeep]\n|-damage|p2b: Smokin that Toxin|81\/100|[from] Sandstorm\n|-damage|p1b: Salt|38\/100|[from] Sandstorm\n|-damage|p1a: Enamorus|77\/100|[from] Sandstorm\n|-heal|p2b: Smokin that Toxin|87\/100|[from] item: Leftovers\n|-status|p2a: Waxaluna|brn|[from] item: Flame Orb\n|upkeep\n|turn|5\n|\n|t:|1698368939\n|move|p1a: Enamorus|Protect|p1a: Enamorus\n|-singleturn|p1a: Enamorus|Protect\n|move|p2a: Waxaluna|Facade|p1a: Enamorus\n|-activate|p1a: Enamorus|move: Protect\n|move|p2b: Smokin that Toxin|Will-O-Wisp|p1b: Salt|[miss]\n|-miss|p2b: Smokin that Toxin|p1b: Salt\n|move|p1b: Salt|Tailwind|p1b: Salt\n|-sidestart|p1: DiamondDiancie25|move: Tailwind\n|\n|-weather|none\n|-heal|p2b: Smokin that Toxin|93\/100|[from] item: Leftovers\n|-damage|p2a: Waxaluna|55\/100 brn|[from] brn\n|-sideend|p2: lilbookcase|move: Tailwind\n|upkeep\n|turn|6\n|\n|t:|1698369012\n|move|p2a: Waxaluna|Protect|p2a: Waxaluna\n|-singleturn|p2a: Waxaluna|Protect\n|move|p1b: Salt|Foul Play|p2a: Waxaluna\n|-activate|p2a: Waxaluna|move: Protect\n|move|p1a: Enamorus|Earth Power|p2b: Smokin that Toxin\n|-supereffective|p2b: Smokin that Toxin\n|-damage|p2b: Smokin that Toxin|31\/100\n|move|p2b: Smokin that Toxin|Explosion|p1a: Enamorus|[spread] p1a,p1b\n|-activate|p2a: Waxaluna|move: Protect\n|-damage|p1a: Enamorus|45\/100\n|-damage|p1b: Salt|0 fnt\n|faint|p2b: Smokin that Toxin\n|-end|p2b: Smokin that Toxin|ability: Neutralizing Gas\n|faint|p1b: Salt\n|\n|-damage|p2a: Waxaluna|48\/100 brn|[from] brn\n|upkeep\n|\n|t:|1698369029\n|switch|p1b: Gholdengo|Gholdengo|100\/100\n|switch|p2b: Trick|Hatterene, F|100\/100\n|turn|7\n|\n|t:|1698369062\n|switch|p2a: Treat|Gothitelle, M|100\/100\n|-item|p1b: Gholdengo|Kasib Berry|[from] ability: Frisk|[of] p2a: Treat|[identify]\n|move|p2b: Trick|Protect|p2b: Trick\n|-singleturn|p2b: Trick|Protect\n|move|p1b: Gholdengo|Focus Blast|p2a: Treat\n|-resisted|p2a: Treat\n|-damage|p2a: Treat|83\/100\n|move|p1a: Enamorus|Draining Kiss|p2b: Trick\n|-activate|p2b: Trick|move: Protect\n|\n|upkeep\n|turn|8\n|\n|t:|1698369112\n|move|p1a: Enamorus|Protect|p1a: Enamorus\n|-singleturn|p1a: Enamorus|Protect\n|move|p2a: Treat|Fake Out|p1b: Gholdengo\n|-immune|p1b: Gholdengo\n|move|p1b: Gholdengo|Shadow Ball|p2b: Trick\n|-supereffective|p2b: Trick\n|-damage|p2b: Trick|9\/100\n|move|p2b: Trick|Trick Room|p2b: Trick\n|-fieldstart|move: Trick Room|[of] p2b: Trick\n|\n|-sideend|p1: DiamondDiancie25|move: Tailwind\n|upkeep\n|turn|9\n|\n|t:|1698369171\n|-terastallize|p1b: Gholdengo|Steel\n|move|p2b: Trick|Psychic|p1b: Gholdengo\n|-resisted|p1b: Gholdengo\n|-damage|p1b: Gholdengo|58\/100\n|-damage|p2b: Trick|0 fnt|[from] item: Life Orb\n|faint|p2b: Trick\n|move|p1a: Enamorus|Draining Kiss|p2a: Treat\n|-damage|p2a: Treat|57\/100\n|-heal|p1a: Enamorus|64\/100|[from] drain|[of] p2a: Treat\n|move|p2a: Treat|Psychic|p1a: Enamorus\n|-damage|p1a: Enamorus|35\/100\n|move|p1b: Gholdengo|Make It Rain|p2a: Treat\n|-damage|p2a: Treat|0 fnt\n|-unboost|p1b: Gholdengo|spa|1\n|faint|p2a: Treat\n|\n|upkeep\n|\n|t:|1698369181\n|switch|p2b: Mr. Joe|Gholdengo, tera:Fairy|20\/100\n|switch|p2a: Waxaluna|Ursaluna, M|48\/100 brn\n|turn|10\n|\n|t:|1698369208\n|move|p1a: Enamorus|Draining Kiss|p2a: Waxaluna\n|-damage|p2a: Waxaluna|19\/100 brn\n|-heal|p1a: Enamorus|60\/100|[from] drain|[of] p2a: Waxaluna\n|move|p2a: Waxaluna|Headlong Rush|p1b: Gholdengo\n|-supereffective|p1b: Gholdengo\n|-damage|p1b: Gholdengo|0 fnt\n|-unboost|p2a: Waxaluna|def|1\n|-unboost|p2a: Waxaluna|spd|1\n|faint|p1b: Gholdengo\n|move|p2b: Mr. Joe|Make It Rain|p1a: Enamorus\n|-supereffective|p1a: Enamorus\n|-crit|p1a: Enamorus\n|-damage|p1a: Enamorus|0 fnt\n|-unboost|p2b: Mr. Joe|spa|1\n|faint|p1a: Enamorus\n|\n|-damage|p2a: Waxaluna|13\/100 brn|[from] brn\n|upkeep\n|\n|t:|1698369225\n|switch|p1a: Pet Named Steve|Houndstone, M|100\/100\n|turn|11\n|\n|t:|1698369233\n|move|p1a: Pet Named Steve|Protect|p1a: Pet Named Steve\n|-singleturn|p1a: Pet Named Steve|Protect\n|move|p2a: Waxaluna|Headlong Rush|p1a: Pet Named Steve\n|-activate|p1a: Pet Named Steve|move: Protect\n|move|p2b: Mr. Joe|Shadow Ball|p1a: Pet Named Steve\n|-activate|p1a: Pet Named Steve|move: Protect\n|\n|-damage|p2a: Waxaluna|6\/100 brn|[from] brn\n|upkeep\n|turn|12\n|\n|t:|1698369244\n|move|p2a: Waxaluna|Headlong Rush|p1a: Pet Named Steve\n|-damage|p1a: Pet Named Steve|0 fnt\n|-unboost|p2a: Waxaluna|def|1\n|-unboost|p2a: Waxaluna|spd|1\n|faint|p1a: Pet Named Steve\n|\n|win|lilbookcase\n","uploadtime":1698369254,"views":24,"p1id":"diamonddiancie25","p2id":"lilbookcase","formatid":"gen9doublesou","rating":0,"private":0,"password":""}