{"id":"gen9doublesou-1973500735","p1":"Magical girl 3","p2":"Oddsworth","format":"[Gen 9] Doubles OU","log":"|j|\u2606Magical girl 3\n|j|\u2606Oddsworth\n|t:|1697984274\n|gametype|doubles\n|player|p1|Magical girl 3|clerkf|1178\n|player|p2|Oddsworth|169|1000\n|teamsize|p1|6\n|teamsize|p2|6\n|gen|9\n|tier|[Gen 9] Doubles OU\n|rated|\n|rule|Species Clause: Limit one of each Pok\u00e9mon\n|rule|OHKO Clause: OHKO moves are banned\n|rule|Evasion Moves Clause: Evasion moves are banned\n|rule|Gravity Sleep Clause: The combination of sleep-inducing moves with imperfect accuracy and Gravity or Gigantamax Orbeetle are banned\n|rule|Endless Battle Clause: Forcing endless battles is banned\n|rule|HP Percentage Mod: HP is shown in percentages\n|clearpoke\n|poke|p1|Chi-Yu|\n|poke|p1|Maushold|\n|poke|p1|Scream Tail|\n|poke|p1|Hariyama, M|\n|poke|p1|Baxcalibur, M|\n|poke|p1|Grimmsnarl, M|\n|poke|p2|Infernape, M|\n|poke|p2|Empoleon, M|\n|poke|p2|Ninetales-Alola, F|\n|poke|p2|Iron Bundle|\n|poke|p2|Dragonite, M|\n|poke|p2|Dusknoir, M|\n|teampreview\n|inactive|Battle timer is ON: inactive players will automatically lose when time's up. (requested by Oddsworth)\n|\n|t:|1697984306\n|start\n|switch|p1a: Baxcalibur|Baxcalibur, M|100\/100\n|switch|p1b: Hariyama|Hariyama, M|100\/100\n|switch|p2a: Mobonkey|Infernape, M|100\/100\n|switch|p2b: Pebemgin|Empoleon, M|100\/100\n|turn|1\n|inactive|Magical girl 3 has 120 seconds left.\n|\n|t:|1697984340\n|move|p1b: Hariyama|Fake Out|p2a: Mobonkey\n|-damage|p2a: Mobonkey|83\/100\n|move|p1a: Baxcalibur|Scale Shot|p2b: Pebemgin\n|-resisted|p2b: Pebemgin\n|-damage|p2b: Pebemgin|92\/100\n|-resisted|p2b: Pebemgin\n|-damage|p2b: Pebemgin|86\/100\n|-resisted|p2b: Pebemgin\n|-damage|p2b: Pebemgin|78\/100\n|-resisted|p2b: Pebemgin\n|-damage|p2b: Pebemgin|71\/100\n|-resisted|p2b: Pebemgin\n|-damage|p2b: Pebemgin|63\/100\n|-hitcount|p2b: Pebemgin|5\n|-unboost|p1a: Baxcalibur|def|1\n|-boost|p1a: Baxcalibur|spe|1\n|cant|p2a: Mobonkey|flinch\n|move|p2b: Pebemgin|Roar|p1b: Hariyama\n|drag|p1b: Grimmsnarl|Grimmsnarl, M|100\/100\n|\n|upkeep\n|turn|2\n|inactive|Magical girl 3 has 120 seconds left.\n|\n|t:|1697984369\n|move|p1b: Grimmsnarl|Fake Out|p2a: Mobonkey\n|-damage|p2a: Mobonkey|63\/100\n|move|p1a: Baxcalibur|High Horsepower|p2b: Pebemgin\n|-supereffective|p2b: Pebemgin\n|-damage|p2b: Pebemgin|0 fnt\n|faint|p2b: Pebemgin\n|cant|p2a: Mobonkey|flinch\n|\n|upkeep\n|inactive|Oddsworth has 120 seconds left.\n|\n|t:|1697984381\n|switch|p2b: Dubusknewoir|Dusknoir, M|100\/100\n|-item|p1a: Baxcalibur|Loaded Dice|[from] ability: Frisk|[of] p2b: Dubusknewoir|[identify]\n|-item|p1b: Grimmsnarl|Mirror Herb|[from] ability: Frisk|[of] p2b: Dubusknewoir|[identify]\n|turn|3\n|\n|t:|1697984409\n|move|p1b: Grimmsnarl|Sucker Punch|p2b: Dubusknewoir\n|-supereffective|p2b: Dubusknewoir\n|-damage|p2b: Dubusknewoir|35\/100\n|move|p1a: Baxcalibur|High Horsepower|p2a: Mobonkey\n|-supereffective|p2a: Mobonkey\n|-damage|p2a: Mobonkey|0 fnt\n|faint|p2a: Mobonkey\n|move|p2b: Dubusknewoir|Blizzard|p1b: Grimmsnarl|[spread] p1b\n|-miss|p2b: Dubusknewoir|p1a: Baxcalibur\n|-damage|p1b: Grimmsnarl|67\/100\n|\n|upkeep\n|\n|t:|1697984422\n|switch|p2a: Nibinenales|Ninetales-Alola, F|100\/100\n|-weather|Snow|[from] ability: Snow Warning|[of] p2a: Nibinenales\n|turn|4\n|\n|t:|1697984449\n|-terastallize|p1a: Baxcalibur|Fire\n|move|p1b: Grimmsnarl|Sucker Punch|p2b: Dubusknewoir\n|-supereffective|p2b: Dubusknewoir\n|-damage|p2b: Dubusknewoir|0 fnt\n|faint|p2b: Dubusknewoir\n|move|p1a: Baxcalibur|Icicle Spear|p2a: Nibinenales\n|-resisted|p2a: Nibinenales\n|-damage|p2a: Nibinenales|93\/100\n|-resisted|p2a: Nibinenales\n|-damage|p2a: Nibinenales|86\/100\n|-resisted|p2a: Nibinenales\n|-damage|p2a: Nibinenales|79\/100\n|-resisted|p2a: Nibinenales\n|-damage|p2a: Nibinenales|71\/100\n|-resisted|p2a: Nibinenales\n|-damage|p2a: Nibinenales|64\/100\n|-hitcount|p2a: Nibinenales|5\n|move|p2a: Nibinenales|Blizzard|p1b: Grimmsnarl|[spread] p1a,p1b\n|-resisted|p1a: Baxcalibur\n|-damage|p1a: Baxcalibur|76\/100\n|-damage|p1b: Grimmsnarl|15\/100\n|\n|-weather|Snow|[upkeep]\n|upkeep\n|\n|t:|1697984462\n|switch|p2b: Eyeron Bnundel|Iron Bundle|100\/100\n|turn|5\n|\n|t:|1697984490\n|move|p1b: Grimmsnarl|Sucker Punch|p2b: Eyeron Bnundel\n|-damage|p2b: Eyeron Bnundel|68\/100\n|move|p1a: Baxcalibur|Scale Shot|p2b: Eyeron Bnundel\n|-damage|p2b: Eyeron Bnundel|56\/100\n|-damage|p2b: Eyeron Bnundel|44\/100\n|-damage|p2b: Eyeron Bnundel|32\/100\n|-damage|p2b: Eyeron Bnundel|21\/100\n|-hitcount|p2b: Eyeron Bnundel|4\n|-unboost|p1a: Baxcalibur|def|1\n|-boost|p1a: Baxcalibur|spe|1\n|move|p2b: Eyeron Bnundel|Blizzard|p1b: Grimmsnarl|[spread] p1a,p1b\n|-resisted|p1a: Baxcalibur\n|-damage|p1a: Baxcalibur|45\/100\n|-damage|p1b: Grimmsnarl|0 fnt\n|faint|p1b: Grimmsnarl\n|move|p2a: Nibinenales|Blizzard|p1a: Baxcalibur\n|-resisted|p1a: Baxcalibur\n|-damage|p1a: Baxcalibur|15\/100\n|-status|p1a: Baxcalibur|frz\n|\n|-weather|Snow|[upkeep]\n|upkeep\n|inactive|Magical girl 3 has 120 seconds left.\n|\n|t:|1697984514\n|switch|p1b: Hariyama|Hariyama, M|100\/100\n|turn|6\n|inactive|Magical girl 3 has 120 seconds left.\n|\n|t:|1697984530\n|move|p1b: Hariyama|Bullet Punch|p2a: Nibinenales\n|-supereffective|p2a: Nibinenales\n|-damage|p2a: Nibinenales|5\/100\n|cant|p1a: Baxcalibur|frz\n|move|p2b: Eyeron Bnundel|Blizzard|p1b: Hariyama|[spread] p1a,p1b\n|-resisted|p1a: Baxcalibur\n|-crit|p1b: Hariyama\n|-damage|p1a: Baxcalibur|0 fnt\n|-damage|p1b: Hariyama|9\/100\n|faint|p1a: Baxcalibur\n|move|p2a: Nibinenales|Blizzard|p1b: Hariyama\n|-damage|p1b: Hariyama|0 fnt\n|faint|p1b: Hariyama\n|\n|-weather|Snow|[upkeep]\n|upkeep\n|inactive|Magical girl 3 has 120 seconds left.\n|\n|t:|1697984555\n|switch|p1a: Scream Tail|Scream Tail|100\/100\n|switch|p1b: Chi-Yu|Chi-Yu|100\/100\n|-ability|p1b: Chi-Yu|Beads of Ruin\n|-enditem|p1a: Scream Tail|Booster Energy\n|-activate|p1a: Scream Tail|ability: Protosynthesis|[fromitem]\n|-start|p1a: Scream Tail|protosynthesisspe\n|turn|7\n|inactive|Magical girl 3 has 120 seconds left.\n|\n|t:|1697984582\n|move|p1a: Scream Tail|Play Rough|p2b: Eyeron Bnundel|[miss]\n|-miss|p1a: Scream Tail|p2b: Eyeron Bnundel\n|move|p2b: Eyeron Bnundel|Blizzard|p1b: Chi-Yu|[spread] p1a,p1b\n|-resisted|p1b: Chi-Yu\n|-damage|p1a: Scream Tail|46\/100\n|-damage|p1b: Chi-Yu|63\/100\n|move|p2a: Nibinenales|Blizzard|p1a: Scream Tail|[spread] p1a,p1b\n|-resisted|p1b: Chi-Yu\n|-damage|p1a: Scream Tail|2\/100\n|-damage|p1b: Chi-Yu|34\/100\n|move|p1b: Chi-Yu|Dark Pulse|p2a: Nibinenales\n|-resisted|p2a: Nibinenales\n|-damage|p2a: Nibinenales|0 fnt\n|faint|p2a: Nibinenales\n|-damage|p1b: Chi-Yu|24\/100|[from] item: Life Orb\n|\n|-weather|Snow|[upkeep]\n|upkeep\n|\n|t:|1697984593\n|switch|p2a: Drabagnite|Dragonite, M|100\/100\n|turn|8\n|inactive|Magical girl 3 has 120 seconds left.\n|\n|t:|1697984609\n|-terastallize|p2b: Eyeron Bnundel|Ice\n|move|p1a: Scream Tail|Play Rough|p2b: Eyeron Bnundel\n|-damage|p2b: Eyeron Bnundel|4\/100\n|-unboost|p2b: Eyeron Bnundel|atk|1\n|move|p2b: Eyeron Bnundel|Blizzard|p1b: Chi-Yu|[spread] p1a,p1b\n|-resisted|p1b: Chi-Yu\n|-damage|p1a: Scream Tail|0 fnt\n|-damage|p1b: Chi-Yu|0 fnt\n|faint|p1a: Scream Tail\n|-end|p1a: Scream Tail|Protosynthesis|[silent]\n|faint|p1b: Chi-Yu\n|move|p2a: Drabagnite|Blizzard|p1: Scream Tail|[notarget]\n|-fail|p2a: Drabagnite\n|\n|-weather|none\n|upkeep\n|-message|Magical girl 3 forfeited.\n|\n|win|Oddsworth\n|raw|Magical girl 3's rating: 1178 &rarr; <strong>1141<\/strong><br \/>(-37 for losing)\n|raw|Oddsworth's rating: 1000 &rarr; <strong>1059<\/strong><br \/>(+59 for winning)\n|l|\u2606Magical girl 3\n","uploadtime":1697984624,"views":20,"p1id":"magicalgirl3","p2id":"oddsworth","formatid":"gen9doublesou","rating":1059,"private":0,"password":""}