{"id":"gen9doublesou-1989148572","p1":"CyndaKill-IGT","p2":"sempra","format":"[Gen 9] Doubles OU","log":"|j|\u2606CyndaKill-IGT\n|j|\u2606sempra\n|t:|1699817395\n|gametype|doubles\n|player|p1|CyndaKill-IGT|blue|\n|player|p2|sempra|#scl3machines|\n|teamsize|p1|6\n|teamsize|p2|6\n|gen|9\n|tier|[Gen 9] Doubles OU\n|rule|Species Clause: Limit one of each Pok\u00e9mon\n|rule|OHKO Clause: OHKO moves are banned\n|rule|Evasion Moves Clause: Evasion moves are banned\n|rule|Gravity Sleep Clause: The combination of sleep-inducing moves with imperfect accuracy and Gravity or Gigantamax Orbeetle are banned\n|rule|Endless Battle Clause: Forcing endless battles is banned\n|rule|HP Percentage Mod: HP is shown in percentages\n|clearpoke\n|poke|p1|Ursaluna, F|\n|poke|p1|Flutter Mane|\n|poke|p1|Armarouge, M|\n|poke|p1|Ogerpon-Wellspring, F|\n|poke|p1|Iron Hands|\n|poke|p1|Indeedee-F, F|\n|poke|p2|Iron Hands|\n|poke|p2|Chien-Pao|\n|poke|p2|Flutter Mane|\n|poke|p2|Chi-Yu|\n|poke|p2|Ogerpon-Wellspring, F|\n|poke|p2|Landorus-Therian, M|\n|teampreview\n|inactive|Battle timer is ON: inactive players will automatically lose when time's up. (requested by sempra)\n|c|\u2606CyndaKill-IGT|glhf\n|c|\u2606sempra|Glhf\n|inactive|CyndaKill-IGT has 270 seconds left.\n|j| Nephtyrix\n|j| lemonstre1\n|l| lemonstre1\n|j| Herv Zero to Hero\n|j| Givrix\n|c| Nephtyrix|Vive la R\u00e9publique, et vive la France <3\n|j| lemonstre1\n|j| Eragon11145\n|c| Givrix|CYNDA\n|l| Eragon11145\n|inactive|CyndaKill-IGT has 240 seconds left.\n|j| BurntSkywalker\n|c| Herv Zero to Hero|sempra w flutter mane\n|j| John1240\n|c|\u2606sempra|LOL\n|j| Zoyotte\n|j| gataen42\n|c| John1240|GO FRANCE\n|j|+Mizuhime\n|c| Herv Zero to Hero|... !\n|j| luisin\n|j| FrostPixel\n|l| luisin\n|j| Feyette\n|j| Lunarr\n|inactive|CyndaKill-IGT has 210 seconds left.\n|c| Zoyotte|\u00e7a dit quoi le score l\u00e0 france ? et gl btw !\n|j| Lemurro\n|\n|t:|1699817503\n|start\n|switch|p1a: Ogerpon|Ogerpon-Wellspring, F|100\/100\n|switch|p1b: Indeedee|Indeedee-F, F|100\/100\n|switch|p2a: Chi-Yu|Chi-Yu|100\/100\n|switch|p2b: Landorus|Landorus-Therian, M, shiny|100\/100\n|-ability|p2a: Chi-Yu|Beads of Ruin\n|-ability|p2b: Landorus|Intimidate|boost\n|-unboost|p1a: Ogerpon|atk|1\n|-unboost|p1b: Indeedee|atk|1\n|-fieldstart|move: Psychic Terrain|[from] ability: Psychic Surge|[of] p1b: Indeedee\n|turn|1\n|j| EGAWalreins\n|j| ratpacker\n|j| Papiloco\n|inactive|CyndaKill-IGT has 270 seconds left.\n|j| Gatubraz\n|j| Nido-Rus\n|j| Jello1231\n|inactive|CyndaKill-IGT has 240 seconds left.\n|j|+daawesomedude1 (\n|\n|t:|1699817559\n|switch|p2a: Ogerpon|Ogerpon-Wellspring, F|100\/100\n|move|p1a: Ogerpon|Follow Me|p1a: Ogerpon\n|-singleturn|p1a: Ogerpon|move: Follow Me\n|move|p2b: Landorus|Stealth Rock|p1b: Indeedee\n|-sidestart|p1: CyndaKill-IGT|move: Stealth Rock\n|move|p1b: Indeedee|Trick Room|p1b: Indeedee\n|-fieldstart|move: Trick Room|[of] p1b: Indeedee\n|\n|upkeep\n|turn|2\n|j| elagic\n|inactive|CyndaKill-IGT has 240 seconds left.\n|\n|t:|1699817590\n|switch|p1b: Iron Hands|Iron Hands|100\/100\n|-damage|p1b: Iron Hands|94\/100|[from] Stealth Rock\n|move|p2b: Landorus|U-turn|p1b: Iron Hands\n|-resisted|p1b: Iron Hands\n|-damage|p1b: Iron Hands|86\/100\n|\n|t:|1699817597\n|switch|p2b: Iron Hands|Iron Hands, shiny|100\/100|[from] U-turn\n|move|p2a: Ogerpon|Ivy Cudgel|p1b: Iron Hands\n|-damage|p1b: Iron Hands|52\/100\n|move|p1a: Ogerpon|Encore||[still]\n|-fail|p1a: Ogerpon\n|\n|upkeep\n|turn|3\n|inactive|CyndaKill-IGT has 240 seconds left.\n|l| FrostPixel\n|j|+zoe\n|inactive|CyndaKill-IGT has 210 seconds left.\n|\n|t:|1699817656\n|switch|p2a: Landorus|Landorus-Therian, M, shiny|100\/100\n|-ability|p2a: Landorus|Intimidate|boost\n|-unboost|p1a: Ogerpon|atk|1\n|-unboost|p1b: Iron Hands|atk|1\n|move|p2b: Iron Hands|Wild Charge|p1a: Ogerpon\n|-damage|p1a: Ogerpon|46\/100\n|-damage|p2b: Iron Hands|90\/100|[from] Recoil\n|move|p1b: Iron Hands|Drain Punch|p2b: Iron Hands\n|-damage|p2b: Iron Hands|74\/100\n|-heal|p1b: Iron Hands|60\/100|[from] drain|[of] p2b: Iron Hands\n|move|p1a: Ogerpon|Power Whip|p2b: Iron Hands\n|-damage|p2b: Iron Hands|52\/100\n|\n|upkeep\n|turn|4\n|l|+zoe\n|j| SEROO@!\n|inactive|CyndaKill-IGT has 210 seconds left.\n|\n|t:|1699817688\n|move|p1a: Ogerpon|Follow Me|p1a: Ogerpon\n|-singleturn|p1a: Ogerpon|move: Follow Me\n|move|p2b: Iron Hands|Wild Charge|p1a: Ogerpon\n|-damage|p1a: Ogerpon|0 fnt\n|faint|p1a: Ogerpon\n|-damage|p2b: Iron Hands|43\/100|[from] Recoil\n|move|p1b: Iron Hands|Swords Dance|p1b: Iron Hands\n|-boost|p1b: Iron Hands|atk|2\n|move|p2a: Landorus|Stomping Tantrum|p1b: Iron Hands\n|-supereffective|p1b: Iron Hands\n|-damage|p1b: Iron Hands|12\/100\n|-enditem|p1b: Iron Hands|Sitrus Berry|[eat]\n|-heal|p1b: Iron Hands|37\/100|[from] item: Sitrus Berry\n|\n|upkeep\n|j| Akaru Kokuyo\u3075\u308f\n|inactive|CyndaKill-IGT has 180 seconds left.\n|\n|t:|1699817712\n|switch|p1a: Indeedee|Indeedee-F, F|100\/100\n|-damage|p1a: Indeedee|88\/100|[from] Stealth Rock\n|turn|5\n|inactive|CyndaKill-IGT has 180 seconds left.\n|\n|t:|1699817754\n|move|p2b: Iron Hands|Drain Punch|p1b: Iron Hands\n|-damage|p1b: Iron Hands|14\/100\n|-heal|p2b: Iron Hands|55\/100|[from] drain|[of] p1b: Iron Hands\n|move|p1b: Iron Hands|Fire Punch|p2b: Iron Hands\n|-damage|p2b: Iron Hands|29\/100\n|move|p1a: Indeedee|Psychic|p2b: Iron Hands\n|-supereffective|p2b: Iron Hands\n|-damage|p2b: Iron Hands|0 fnt\n|faint|p2b: Iron Hands\n|-end|p2b: Iron Hands|Quark Drive|[silent]\n|move|p2a: Landorus|U-turn|p1a: Indeedee\n|-supereffective|p1a: Indeedee\n|-damage|p1a: Indeedee|39\/100\n|-enditem|p1a: Indeedee|Sitrus Berry|[eat]\n|-heal|p1a: Indeedee|63\/100|[from] item: Sitrus Berry\n|\n|t:|1699817771\n|switch|p2a: Flutter Mane|Flutter Mane, shiny|100\/100|[from] U-turn\n|-enditem|p2a: Flutter Mane|Booster Energy\n|-activate|p2a: Flutter Mane|ability: Protosynthesis|[fromitem]\n|-start|p2a: Flutter Mane|protosynthesisspe\n|\n|-fieldend|move: Trick Room\n|-fieldend|move: Psychic Terrain\n|upkeep\n|\n|t:|1699817775\n|switch|p2b: Chi-Yu|Chi-Yu|100\/100\n|-ability|p2b: Chi-Yu|Beads of Ruin\n|turn|6\n|inactive|CyndaKill-IGT has 180 seconds left.\n|\n|t:|1699817790\n|move|p1a: Indeedee|Protect|p1a: Indeedee\n|-singleturn|p1a: Indeedee|Protect\n|move|p2a: Flutter Mane|Moonblast|p1b: Iron Hands\n|-supereffective|p1b: Iron Hands\n|-damage|p1b: Iron Hands|0 fnt\n|faint|p1b: Iron Hands\n|-end|p1b: Iron Hands|Quark Drive|[silent]\n|move|p2b: Chi-Yu|Snarl|p1a: Indeedee\n|-activate|p1a: Indeedee|move: Protect\n|\n|upkeep\n|inactive|CyndaKill-IGT has 180 seconds left.\n|\n|t:|1699817808\n|switch|p1b: Armarouge|Armarouge, M|100\/100\n|-damage|p1b: Armarouge|76\/100|[from] Stealth Rock\n|turn|7\n|j| GuitarheroVGC\n|\n|t:|1699817817\n|move|p1a: Indeedee|Follow Me|p1a: Indeedee\n|-singleturn|p1a: Indeedee|move: Follow Me\n|move|p2a: Flutter Mane|Icy Wind|p1a: Indeedee|[spread] p1a,p1b\n|-resisted|p1b: Armarouge\n|-damage|p1a: Indeedee|47\/100\n|-damage|p1b: Armarouge|65\/100\n|-unboost|p1a: Indeedee|spe|1\n|-unboost|p1b: Armarouge|spe|1\n|move|p2b: Chi-Yu|Snarl|p1b: Armarouge|[spread] p1a,p1b\n|-supereffective|p1a: Indeedee\n|-supereffective|p1b: Armarouge\n|-damage|p1a: Indeedee|0 fnt\n|-damage|p1b: Armarouge|0 fnt\n|faint|p1a: Indeedee\n|faint|p1b: Armarouge\n|\n|upkeep\n|j| MADARAAAA\n|\n|t:|1699817831\n|switch|p1a: Ursaluna|Ursaluna, F|100\/100\n|switch|p1b: Flutter Mane|Flutter Mane|100\/100\n|-damage|p1b: Flutter Mane|88\/100|[from] Stealth Rock\n|-damage|p1a: Ursaluna|94\/100|[from] Stealth Rock\n|turn|8\n|inactive|CyndaKill-IGT has 210 seconds left.\n|\n|t:|1699817858\n|-terastallize|p1b: Flutter Mane|Fairy\n|move|p2a: Flutter Mane|Moonblast|p1a: Ursaluna\n|-damage|p1a: Ursaluna|45\/100\n|move|p1b: Flutter Mane|Shadow Ball|p2a: Flutter Mane\n|-supereffective|p2a: Flutter Mane\n|-damage|p2a: Flutter Mane|0 fnt\n|faint|p2a: Flutter Mane\n|-end|p2a: Flutter Mane|Protosynthesis|[silent]\n|move|p2b: Chi-Yu|Snarl|p1b: Flutter Mane|[spread] p1a,p1b\n|-resisted|p1b: Flutter Mane\n|-damage|p1a: Ursaluna|13\/100\n|-damage|p1b: Flutter Mane|68\/100\n|-unboost|p1a: Ursaluna|spa|1\n|-unboost|p1b: Flutter Mane|spa|1\n|move|p1a: Ursaluna|Headlong Rush|p2b: Chi-Yu\n|-supereffective|p2b: Chi-Yu\n|-damage|p2b: Chi-Yu|0 fnt\n|-unboost|p1a: Ursaluna|def|1\n|-unboost|p1a: Ursaluna|spd|1\n|faint|p2b: Chi-Yu\n|\n|-status|p1a: Ursaluna|brn|[from] item: Flame Orb\n|upkeep\n|\n|t:|1699817866\n|switch|p2a: Chien-Pao|Chien-Pao|100\/100\n|switch|p2b: Ogerpon|Ogerpon-Wellspring, F|100\/100\n|-ability|p2a: Chien-Pao|Sword of Ruin\n|turn|9\n|inactive|CyndaKill-IGT has 210 seconds left.\n|\n|t:|1699817887\n|-terastallize|p2b: Ogerpon|Water\n|detailschange|p2b: Ogerpon|Ogerpon-Wellspring-Tera, F, tera:Water\n|-ability|p2b: Ogerpon|Embody Aspect (Wellspring)|boost\n|-boost|p2b: Ogerpon|spd|1\n|move|p1a: Ursaluna|Protect|p1a: Ursaluna\n|-singleturn|p1a: Ursaluna|Protect\n|move|p2a: Chien-Pao|Sacred Sword|p1a: Ursaluna\n|-activate|p1a: Ursaluna|move: Protect\n|move|p1b: Flutter Mane|Shadow Ball|p2b: Ogerpon\n|-damage|p2b: Ogerpon|75\/100\n|move|p2b: Ogerpon|Ivy Cudgel|p1b: Flutter Mane\n|-damage|p1b: Flutter Mane|0 fnt\n|faint|p1b: Flutter Mane\n|-end|p1b: Flutter Mane|Protosynthesis|[silent]\n|\n|-damage|p1a: Ursaluna|7\/100 brn|[from] brn\n|upkeep\n|turn|10\n|j| Grandmas Cookin\n|l| SEROO\n|l| ratpacker\n|inactive|CyndaKill-IGT has 210 seconds left.\n|l| elagic\n|\n|t:|1699817903\n|move|p2a: Chien-Pao|Sacred Sword|p1a: Ursaluna\n|-supereffective|p1a: Ursaluna\n|-damage|p1a: Ursaluna|0 fnt\n|faint|p1a: Ursaluna\n|\n|win|sempra\n|l| Herv Zero to Hero\n|c|\u2606CyndaKill-IGT|GG\n|c|\u2606sempra|gg\n|l| gataen42\n|l| lemonstre1\n|l| Akaru Kokuyo\u3075\u308f\n|l| John1240\n|l| MADARAAAA\n|l| Nido-Rus\n|l| GuitarheroVGC\n|l| Nephtyrix\n|l|+daawesomedude1 (\n|l| Grandmas Cookin\n|j| SMB\n|j| F3rrari450\n|l| Gatubraz\n|j| Akaru Kokuyo\u3075\u308f\n|l| F3rrari450\n|j| luisin\n|j| AIRedzone\n|l| AIRedzone\n|l| luisin\n|l| Lemurro\n|l| Jello1231\n|j|+ryo yamada2001\n|l|+ryo yamada2001\n|l| SMB\n|l| BurntSkywalker\n|l|+Mizuhime\n","uploadtime":1699817911,"views":60,"p1id":"cyndakilligt","p2id":"sempra","formatid":"gen9doublesou","rating":0,"private":0,"password":""}