{"id":"gen9doublesou-1989354397","p1":"redwolf55","p2":"Chilis-Son","format":"[Gen 9] Doubles OU","log":"|j|\u2606redwolf55\n|j|\u2606Chilis-Son\n|t:|1699839924\n|gametype|doubles\n|player|p1|redwolf55|dawn|1096\n|player|p2|Chilis-Son|chili|1017\n|teamsize|p1|6\n|teamsize|p2|6\n|gen|9\n|tier|[Gen 9] Doubles OU\n|rated|\n|rule|Species Clause: Limit one of each Pok\u00e9mon\n|rule|OHKO Clause: OHKO moves are banned\n|rule|Evasion Moves Clause: Evasion moves are banned\n|rule|Gravity Sleep Clause: The combination of sleep-inducing moves with imperfect accuracy and Gravity or Gigantamax Orbeetle are banned\n|rule|Endless Battle Clause: Forcing endless battles is banned\n|rule|HP Percentage Mod: HP is shown in percentages\n|clearpoke\n|poke|p1|Decidueye, M|\n|poke|p1|Empoleon, F|\n|poke|p1|Roaring Moon|\n|poke|p1|Clefable, F|\n|poke|p1|Armarouge, M|\n|poke|p1|Indeedee-F, F|\n|poke|p2|Rillaboom, M|\n|poke|p2|Ambipom, F|\n|poke|p2|Infernape, M|\n|poke|p2|Munkidori, M|\n|poke|p2|Oranguru, M|\n|poke|p2|Slaking, F|\n|teampreview\n|\n|t:|1699839927\n|start\n|switch|p1a: Decidueye|Decidueye, M|100\/100\n|switch|p1b: Empoleon|Empoleon, F|100\/100\n|switch|p2a: Oranguru|Oranguru, M, shiny|100\/100\n|switch|p2b: Slaking|Slaking, F, shiny|100\/100\n|turn|1\n|inactive|Battle timer is ON: inactive players will automatically lose when time's up. (requested by redwolf55)\n|\n|t:|1699839940\n|move|p1a: Decidueye|Grass Pledge|p2b: Slaking\n|-waiting|p1a: Decidueye|p1b: Empoleon\n|move|p1b: Empoleon|Water Pledge|p2b: Slaking|[from]move: Grass Pledge\n|-combine\n|-damage|p2b: Slaking|42\/100\n|-sidestart|p2: Chilis-Son|Grass Pledge\n|move|p2b: Slaking|Brick Break|p1b: Empoleon\n|-supereffective|p1b: Empoleon\n|-damage|p1b: Empoleon|36\/100\n|move|p2a: Oranguru|Skill Swap|p2b: Slaking\n|-activate|p2a: Oranguru|move: Skill Swap|||[of] p2b: Slaking\n|\n|-heal|p1b: Empoleon|43\/100|[from] item: Leftovers\n|upkeep\n|turn|2\n|\n|t:|1699839963\n|switch|p1a: Roaring Moon|Roaring Moon|100\/100\n|-enditem|p1a: Roaring Moon|Booster Energy\n|-activate|p1a: Roaring Moon|ability: Protosynthesis|[fromitem]\n|-start|p1a: Roaring Moon|protosynthesisatk\n|move|p1b: Empoleon|Substitute|p1b: Empoleon\n|-start|p1b: Empoleon|Substitute\n|-damage|p1b: Empoleon|18\/100\n|move|p2b: Slaking|Brick Break|p1b: Empoleon\n|-supereffective|p1b: Empoleon\n|-end|p1b: Empoleon|Substitute\n|cant|p2a: Oranguru|ability: Truant\n|\n|-heal|p1b: Empoleon|24\/100|[from] item: Leftovers\n|upkeep\n|turn|3\n|\n|t:|1699839980\n|move|p1a: Roaring Moon|Dragon Dance|p1a: Roaring Moon\n|-boost|p1a: Roaring Moon|atk|1\n|-boost|p1a: Roaring Moon|spe|1\n|move|p1b: Empoleon|Ice Beam|p2b: Slaking\n|-damage|p2b: Slaking|18\/100\n|move|p2b: Slaking|Brick Break|p1a: Roaring Moon\n|-supereffective|p1a: Roaring Moon\n|-damage|p1a: Roaring Moon|26\/100\n|move|p2a: Oranguru|Reflect|p2a: Oranguru\n|-sidestart|p2: Chilis-Son|Reflect\n|\n|-heal|p1b: Empoleon|30\/100|[from] item: Leftovers\n|upkeep\n|turn|4\n|\n|t:|1699840004\n|-terastallize|p1a: Roaring Moon|Flying\n|move|p1a: Roaring Moon|Earthquake|p2a: Oranguru|[spread] p1b,p2a,p2b\n|-supereffective|p1b: Empoleon\n|-damage|p1b: Empoleon|0 fnt\n|-damage|p2a: Oranguru|60\/100\n|-damage|p2b: Slaking|0 fnt\n|faint|p1b: Empoleon\n|faint|p2b: Slaking\n|cant|p2a: Oranguru|ability: Truant\n|\n|-sideend|p2: Chilis-Son|Grass Pledge\n|upkeep\n|\n|t:|1699840017\n|switch|p2b: Ambipom|Ambipom, F, shiny|100\/100\n|switch|p1b: Clefable|Clefable, F|100\/100\n|turn|5\n|\n|t:|1699840030\n|move|p2b: Ambipom|Fake Out|p1b: Clefable\n|-damage|p1b: Clefable|63\/100\n|move|p1a: Roaring Moon|Knock Off|p2a: Oranguru\n|-supereffective|p2a: Oranguru\n|-damage|p2a: Oranguru|0 fnt\n|-enditem|p2a: Oranguru|Aguav Berry|[from] move: Knock Off|[of] p1a: Roaring Moon\n|faint|p2a: Oranguru\n|cant|p1b: Clefable|flinch\n|\n|-heal|p1b: Clefable|69\/100|[from] item: Leftovers\n|upkeep\n|\n|t:|1699840039\n|switch|p2a: Infernape|Infernape, M, shiny|100\/100\n|turn|6\n|\n|t:|1699840046\n|move|p1b: Clefable|Follow Me|p1b: Clefable\n|-singleturn|p1b: Clefable|move: Follow Me\n|move|p2a: Infernape|Mach Punch|p1b: Clefable\n|-resisted|p1b: Clefable\n|-damage|p1b: Clefable|56\/100\n|move|p1a: Roaring Moon|Earthquake|p2b: Ambipom|[spread] p1b,p2a,p2b\n|-supereffective|p2a: Infernape\n|-damage|p1b: Clefable|10\/100\n|-damage|p2a: Infernape|0 fnt\n|-damage|p2b: Ambipom|36\/100\n|faint|p2a: Infernape\n|move|p2b: Ambipom|Double Hit|p1b: Clefable\n|-damage|p1b: Clefable|0 fnt\n|faint|p1b: Clefable\n|-hitcount|p1: Clefable|1\n|\n|upkeep\n|\n|t:|1699840059\n|switch|p2a: Munkidori|Munkidori, M|100\/100\n|switch|p1b: Decidueye|Decidueye, M|100\/100\n|turn|7\n|\n|t:|1699840070\n|move|p1a: Roaring Moon|Knock Off|p2a: Munkidori\n|-supereffective|p2a: Munkidori\n|-damage|p2a: Munkidori|0 fnt\n|-enditem|p2a: Munkidori|Aguav Berry|[from] move: Knock Off|[of] p1a: Roaring Moon\n|faint|p2a: Munkidori\n|move|p1b: Decidueye|Grass Pledge|p2b: Ambipom\n|-damage|p2b: Ambipom|0 fnt\n|faint|p2b: Ambipom\n|\n|-sideend|p2: Chilis-Son|Reflect\n|upkeep\n|\n|t:|1699840077\n|switch|p2b: Rillaboom|Rillaboom, M, shiny|100\/100\n|-fieldstart|move: Grassy Terrain|[from] ability: Grassy Surge|[of] p2b: Rillaboom\n|-enditem|p2b: Rillaboom|Grassy Seed\n|-boost|p2b: Rillaboom|def|1|[from] item: Grassy Seed\n|turn|8\n|\n|t:|1699840088\n|switch|p1b: Armarouge|Armarouge, M|100\/100\n|move|p2b: Rillaboom|Grassy Glide|p1a: Roaring Moon\n|-resisted|p1a: Roaring Moon\n|-damage|p1a: Roaring Moon|1\/100\n|move|p1a: Roaring Moon|Acrobatics|p2b: Rillaboom\n|-supereffective|p2b: Rillaboom\n|-damage|p2b: Rillaboom|0 fnt\n|faint|p2b: Rillaboom\n|\n|win|redwolf55\n|raw|redwolf55's rating: 1096 &rarr; <strong>1116<\/strong><br \/>(+20 for winning)\n|raw|Chilis-Son's rating: 1017 &rarr; <strong>1007<\/strong><br \/>(-10 for losing)\n|c|\u2606Chilis-Son|Gg\n|c|\u2606redwolf55|gg\n|l|\u2606Chilis-Son\n","uploadtime":1699840112,"views":11,"p1id":"redwolf55","p2id":"chilisson","formatid":"gen9doublesou","rating":1007,"private":0,"password":""}