{"id":"gen9doublesou-1984105426","p1":"sadboigaming","p2":"GoDDanteX","format":"[Gen 9] Doubles OU","log":"|j|\u2606sadboigaming\n|j|\u2606GoDDanteX\n|t:|1699219205\n|gametype|doubles\n|player|p1|sadboigaming|unknown|\n|player|p2|GoDDanteX|blue|\n|teamsize|p1|6\n|teamsize|p2|6\n|gen|9\n|tier|[Gen 9] Doubles OU\n|rule|Species Clause: Limit one of each Pok\u00e9mon\n|rule|OHKO Clause: OHKO moves are banned\n|rule|Evasion Moves Clause: Evasion moves are banned\n|rule|Gravity Sleep Clause: The combination of sleep-inducing moves with imperfect accuracy and Gravity or Gigantamax Orbeetle are banned\n|rule|Endless Battle Clause: Forcing endless battles is banned\n|rule|HP Percentage Mod: HP is shown in percentages\n|clearpoke\n|poke|p1|Great Tusk|\n|poke|p1|Torkoal, F|\n|poke|p1|Hoopa|\n|poke|p1|Thundurus, M|\n|poke|p1|Enamorus-Therian, F|\n|poke|p1|Regidrago|\n|poke|p2|Pawmot, M|\n|poke|p2|Arcanine, M|\n|poke|p2|Dragapult, M|\n|poke|p2|Iron Valiant|\n|poke|p2|Umbreon, M|\n|poke|p2|Espeon, F|\n|teampreview\n|\n|t:|1699219222\n|start\n|switch|p1a: Torkoal|Torkoal, F|100\/100\n|switch|p1b: Regidrago|Regidrago|100\/100\n|switch|p2a: Minerva|Espeon, F, shiny|100\/100\n|switch|p2b: Danny|Dragapult, M, shiny|100\/100\n|-weather|SunnyDay|[from] ability: Drought|[of] p1a: Torkoal\n|turn|1\n|\n|t:|1699219249\n|move|p2b: Danny|Dragon Pulse|p1b: Regidrago\n|-supereffective|p1b: Regidrago\n|-damage|p1b: Regidrago|8\/100\n|move|p2a: Minerva|Power Gem|p1a: Torkoal\n|-supereffective|p1a: Torkoal\n|-damage|p1a: Torkoal|29\/100\n|move|p1b: Regidrago|Scale Shot|p2b: Danny\n|-supereffective|p2b: Danny\n|-damage|p2b: Danny|53\/100\n|-supereffective|p2b: Danny\n|-damage|p2b: Danny|7\/100\n|-supereffective|p2b: Danny\n|-crit|p2b: Danny\n|-damage|p2b: Danny|0 fnt\n|faint|p2b: Danny\n|-hitcount|p2: Danny|3\n|-unboost|p1b: Regidrago|def|1\n|-boost|p1b: Regidrago|spe|1\n|move|p1a: Torkoal|Eruption|p2a: Minerva\n|-damage|p2a: Minerva|64\/100\n|\n|-weather|SunnyDay|[upkeep]\n|upkeep\n|j| StephenStone1130\n|\n|t:|1699219261\n|switch|p2b: XJ9|Iron Valiant, shiny|100\/100\n|-enditem|p2b: XJ9|Booster Energy\n|-activate|p2b: XJ9|ability: Quark Drive|[fromitem]\n|-start|p2b: XJ9|quarkdrivespe\n|turn|2\n|j| Redzone92\n|\n|t:|1699219285\n|-terastallize|p1b: Regidrago|Steel\n|move|p2b: XJ9|Knock Off|p1a: Torkoal\n|-damage|p1a: Torkoal|2\/100\n|-damage|p2b: XJ9|84\/100|[from] item: Rocky Helmet|[of] p1a: Torkoal\n|-enditem|p1a: Torkoal|Rocky Helmet|[from] move: Knock Off|[of] p2b: XJ9\n|move|p1b: Regidrago|Scale Shot|p2a: Minerva\n|-damage|p2a: Minerva|27\/100\n|-damage|p2a: Minerva|0 fnt\n|faint|p2a: Minerva\n|-hitcount|p2: Minerva|2\n|-unboost|p1b: Regidrago|def|1\n|-boost|p1b: Regidrago|spe|1\n|move|p1a: Torkoal|Sludge Bomb|p2b: XJ9\n|-supereffective|p2b: XJ9\n|-damage|p2b: XJ9|0 fnt\n|faint|p2b: XJ9\n|-end|p2b: XJ9|Quark Drive|[silent]\n|\n|-weather|SunnyDay|[upkeep]\n|upkeep\n|\n|t:|1699219307\n|switch|p2b: Spike|Arcanine, M, shiny|100\/100\n|switch|p2a: Ali|Pawmot, M, shiny|100\/100\n|-ability|p2b: Spike|Intimidate|boost\n|-unboost|p1a: Torkoal|atk|1\n|-unboost|p1b: Regidrago|atk|1\n|turn|3\n|j| riastylis\n|\n|t:|1699219326\n|move|p2a: Ali|Fake Out|p1b: Regidrago\n|-resisted|p1b: Regidrago\n|-damage|p1b: Regidrago|0 fnt\n|faint|p1b: Regidrago\n|move|p2b: Spike|Howl|p2b: Spike|[spread] p2a,p2b\n|-boost|p2a: Ali|atk|1\n|-boost|p2b: Spike|atk|1\n|move|p1a: Torkoal|Solar Beam||[still]\n|-prepare|p1a: Torkoal|Solar Beam\n|-anim|p1a: Torkoal|Solar Beam|p2a: Ali\n|-damage|p2a: Ali|39\/100\n|\n|-weather|SunnyDay|[upkeep]\n|upkeep\n|\n|t:|1699219341\n|switch|p1b: Great Tusk|Great Tusk|100\/100\n|-activate|p1b: Great Tusk|ability: Protosynthesis\n|-start|p1b: Great Tusk|protosynthesisatk\n|turn|4\n|\n|t:|1699219360\n|move|p2a: Ali|Seed Bomb|p1b: Great Tusk\n|-supereffective|p1b: Great Tusk\n|-damage|p1b: Great Tusk|34\/100\n|move|p2b: Spike|Flare Blitz|p1b: Great Tusk\n|-damage|p1b: Great Tusk|0 fnt\n|faint|p1b: Great Tusk\n|-end|p1b: Great Tusk|Protosynthesis|[silent]\n|-damage|p2b: Spike|88\/100|[from] Recoil\n|-damage|p2b: Spike|78\/100|[from] item: Life Orb\n|move|p1a: Torkoal|Ancient Power|p2b: Spike\n|-supereffective|p2b: Spike\n|-damage|p2b: Spike|36\/100\n|\n|-weather|SunnyDay|[upkeep]\n|upkeep\n|\n|t:|1699219374\n|switch|p1b: Enamorus|Enamorus-Therian, F|100\/100\n|turn|5\n|\n|t:|1699219381\n|move|p2a: Ali|Ice Punch|p1b: Enamorus\n|-supereffective|p1b: Enamorus\n|-damage|p1b: Enamorus|8\/100\n|move|p2b: Spike|Crunch|p1a: Torkoal\n|-damage|p1a: Torkoal|0 fnt\n|faint|p1a: Torkoal\n|-damage|p2b: Spike|26\/100|[from] item: Life Orb\n|move|p1b: Enamorus|Earth Power|p2b: Spike\n|-supereffective|p2b: Spike\n|-damage|p2b: Spike|0 fnt\n|faint|p2b: Spike\n|\n|-weather|none\n|-heal|p1b: Enamorus|14\/100|[from] item: Leftovers\n|upkeep\n|\n|t:|1699219402\n|switch|p2b: Minx|Umbreon, M, shiny|100\/100\n|switch|p1a: Hoopa|Hoopa|100\/100\n|turn|6\n|\n|t:|1699219412\n|switch|p1a: Thundurus|Thundurus, M|100\/100\n|move|p2a: Ali|Ice Punch|p1b: Enamorus\n|-supereffective|p1b: Enamorus\n|-damage|p1b: Enamorus|0 fnt\n|faint|p1b: Enamorus\n|move|p2b: Minx|Foul Play|p1a: Thundurus\n|-damage|p1a: Thundurus|34\/100\n|\n|upkeep\n|\n|t:|1699219420\n|switch|p1b: Hoopa|Hoopa|100\/100\n|turn|7\n|\n|t:|1699219437\n|move|p1b: Hoopa|Shadow Ball|p2a: Ali\n|-damage|p2a: Ali|0 fnt\n|faint|p2a: Ali\n|move|p1a: Thundurus|Acrobatics|p2b: Minx\n|-damage|p2b: Minx|66\/100\n|move|p2b: Minx|Foul Play|p1b: Hoopa\n|-supereffective|p1b: Hoopa\n|-damage|p1b: Hoopa|0 fnt\n|faint|p1b: Hoopa\n|\n|-heal|p2b: Minx|72\/100|[from] item: Leftovers\n|upkeep\n|turn|8\n|\n|t:|1699219450\n|move|p2b: Minx|Protect|p2b: Minx\n|-singleturn|p2b: Minx|Protect\n|move|p1a: Thundurus|U-turn|p2b: Minx\n|-activate|p2b: Minx|move: Protect\n|\n|-heal|p2b: Minx|78\/100|[from] item: Leftovers\n|upkeep\n|turn|9\n|\n|t:|1699219458\n|-terastallize|p2b: Minx|Fairy\n|move|p1a: Thundurus|U-turn|p2b: Minx\n|-resisted|p2b: Minx\n|-damage|p2b: Minx|71\/100\n|move|p2b: Minx|Foul Play|p1a: Thundurus\n|-damage|p1a: Thundurus|0 fnt\n|faint|p1a: Thundurus\n|\n|win|GoDDanteX\n|l|\u2606GoDDanteX\n","uploadtime":1699219467,"views":24,"p1id":"sadboigaming","p2id":"goddantex","formatid":"gen9doublesou","rating":0,"private":0,"password":""}