{"id":"gen9doublesou-1993295499","p1":"xThundercow","p2":"DavyCricket","format":"[Gen 9] Doubles OU","log":"|j|\u2606xThundercow\n|j|\u2606DavyCricket\n|t:|1700292436\n|gametype|doubles\n|player|p1|xThundercow|170|1032\n|player|p2|DavyCricket|hilbert|1091\n|teamsize|p1|6\n|teamsize|p2|6\n|gen|9\n|tier|[Gen 9] Doubles OU\n|rated|\n|rule|Species Clause: Limit one of each Pok\u00e9mon\n|rule|OHKO Clause: OHKO moves are banned\n|rule|Evasion Moves Clause: Evasion moves are banned\n|rule|Gravity Sleep Clause: The combination of sleep-inducing moves with imperfect accuracy and Gravity or Gigantamax Orbeetle are banned\n|rule|Endless Battle Clause: Forcing endless battles is banned\n|rule|HP Percentage Mod: HP is shown in percentages\n|clearpoke\n|poke|p1|Iron Moth|\n|poke|p1|Dugtrio, M|\n|poke|p1|Floatzel, M|\n|poke|p1|Brambleghast, F|\n|poke|p1|Glalie, M|\n|poke|p1|Arbok, M|\n|poke|p2|Primeape, M|\n|poke|p2|Ambipom, M|\n|poke|p2|Infernape, M|\n|poke|p2|Oranguru, M|\n|poke|p2|Rillaboom, M|\n|poke|p2|Grafaiai, F|\n|teampreview\n|inactive|Battle timer is ON: inactive players will automatically lose when time's up. (requested by xThundercow)\n|inactive|xThundercow has 120 seconds left.\n|\n|t:|1700292479\n|start\n|switch|p1a: Dugtrio|Dugtrio, M|100\/100\n|switch|p1b: Arbok|Arbok, M|100\/100\n|switch|p2a: Akuma|Infernape, M|100\/100\n|switch|p2b: Impa|Grafaiai, F|100\/100\n|-ability|p1b: Arbok|Intimidate|boost\n|-unboost|p2a: Akuma|atk|1\n|-unboost|p2b: Impa|atk|1\n|turn|1\n|inactive|xThundercow has 120 seconds left.\n|inactive|DavyCricket has 120 seconds left.\n|\n|t:|1700292516\n|move|p2b: Impa|Doodle|p1b: Arbok\n|-endability|p2a: Akuma|Blaze|[from] move: Doodle\n|-ability|p2a: Akuma|Intimidate|boost\n|-unboost|p1a: Dugtrio|atk|1\n|-unboost|p1b: Arbok|atk|1\n|-ability|p2a: Akuma|Intimidate|[from] move: Doodle\n|-endability|p2b: Impa|Prankster|[from] move: Doodle\n|-ability|p2b: Impa|Intimidate|boost\n|-unboost|p1a: Dugtrio|atk|1\n|-unboost|p1b: Arbok|atk|1\n|-ability|p2b: Impa|Intimidate|[from] move: Doodle\n|move|p1a: Dugtrio|Stealth Rock|p2b: Impa\n|-sidestart|p2: DavyCricket|move: Stealth Rock\n|move|p2a: Akuma|Fire Punch|p1a: Dugtrio\n|-damage|p1a: Dugtrio|38\/100\n|move|p1b: Arbok|Glare|p2a: Akuma\n|-status|p2a: Akuma|par\n|\n|upkeep\n|turn|2\n|inactive|xThundercow has 120 seconds left.\n|inactive|DavyCricket has 120 seconds left.\n|\n|t:|1700292542\n|move|p1a: Dugtrio|Sand Tomb|p2b: Impa\n|-supereffective|p2b: Impa\n|-damage|p2b: Impa|73\/100\n|-activate|p2b: Impa|move: Sand Tomb|[of] p1a: Dugtrio\n|move|p2b: Impa|Encore|p1a: Dugtrio\n|-start|p1a: Dugtrio|Encore\n|move|p1b: Arbok|Knock Off|p2a: Akuma\n|-resisted|p2a: Akuma\n|-damage|p2a: Akuma|92\/100 par\n|-enditem|p2a: Akuma|Punching Glove|[from] move: Knock Off|[of] p1b: Arbok\n|move|p2a: Akuma|Overheat|p1b: Arbok\n|-damage|p1b: Arbok|28\/100\n|-unboost|p2a: Akuma|spa|2\n|\n|-damage|p2b: Impa|60\/100|[from] move: Sand Tomb|[partiallytrapped]\n|upkeep\n|turn|3\n|inactive|xThundercow has 120 seconds left.\n|inactive|DavyCricket has 120 seconds left.\n|\n|t:|1700292575\n|move|p1a: Dugtrio|Sand Tomb|p2b: Impa\n|-supereffective|p2b: Impa\n|-damage|p2b: Impa|33\/100\n|move|p2b: Impa|Poison Jab|p1a: Dugtrio\n|-resisted|p1a: Dugtrio\n|-damage|p1a: Dugtrio|12\/100\n|move|p1b: Arbok|Toxic Spikes|p2b: Impa\n|-sidestart|p2: DavyCricket|move: Toxic Spikes\n|move|p2a: Akuma|Fire Punch|p1b: Arbok\n|-damage|p1b: Arbok|0 fnt\n|faint|p1b: Arbok\n|\n|-damage|p2b: Impa|20\/100|[from] move: Sand Tomb|[partiallytrapped]\n|upkeep\n|inactive|xThundercow has 120 seconds left.\n|\n|t:|1700292589\n|switch|p1b: Floatzel|Floatzel, M|100\/100\n|turn|4\n|\n|t:|1700292600\n|move|p2a: Akuma|Mach Punch|p1a: Dugtrio\n|-crit|p1a: Dugtrio\n|-damage|p1a: Dugtrio|0 fnt\n|faint|p1a: Dugtrio\n|move|p1b: Floatzel|Whirlpool|p2a: Akuma\n|-supereffective|p2a: Akuma\n|-damage|p2a: Akuma|57\/100 par\n|-activate|p2a: Akuma|move: Whirlpool|[of] p1b: Floatzel\n|move|p2b: Impa|Doodle|p1b: Floatzel\n|-endability|p2a: Akuma|Intimidate|[from] move: Doodle\n|-ability|p2a: Akuma|Swift Swim|[from] move: Doodle\n|-endability|p2b: Impa|Intimidate|[from] move: Doodle\n|-ability|p2b: Impa|Swift Swim|[from] move: Doodle\n|\n|-end|p2b: Impa|Sand Tomb|[partiallytrapped]|[silent]\n|-damage|p2a: Akuma|40\/100 par|[from] move: Whirlpool|[partiallytrapped]\n|upkeep\n|\n|t:|1700292605\n|switch|p1a: Glalie|Glalie, M|100\/100\n|turn|5\n|\n|t:|1700292622\n|switch|p2b: Monk-E|Rillaboom, M|100\/100\n|-damage|p2b: Monk-E|88\/100|[from] Stealth Rock\n|-status|p2b: Monk-E|psn\n|-fieldstart|move: Grassy Terrain|[from] ability: Grassy Surge|[of] p2b: Monk-E\n|move|p2a: Akuma|Mach Punch|p1a: Glalie\n|-supereffective|p1a: Glalie\n|-damage|p1a: Glalie|71\/100\n|move|p1b: Floatzel|Whirlpool|p2b: Monk-E\n|-resisted|p2b: Monk-E\n|-damage|p2b: Monk-E|81\/100 psn\n|-activate|p2b: Monk-E|move: Whirlpool|[of] p1b: Floatzel\n|move|p1a: Glalie|Block|p2b: Monk-E\n|-activate|p2b: Monk-E|trapped\n|\n|-heal|p1a: Glalie|77\/100|[from] Grassy Terrain\n|-heal|p2b: Monk-E|87\/100 psn|[from] Grassy Terrain\n|-heal|p2a: Akuma|47\/100 par|[from] Grassy Terrain\n|-damage|p2b: Monk-E|75\/100 psn|[from] psn\n|-damage|p2b: Monk-E|58\/100 psn|[from] move: Whirlpool|[partiallytrapped]\n|-damage|p2a: Akuma|30\/100 par|[from] move: Whirlpool|[partiallytrapped]\n|-ability|p1a: Glalie|Moody|boost\n|-boost|p1a: Glalie|atk|2\n|-unboost|p1a: Glalie|spe|1\n|upkeep\n|turn|6\n|inactive|xThundercow has 120 seconds left.\n|\n|t:|1700292653\n|move|p1a: Glalie|Protect|p1a: Glalie\n|-singleturn|p1a: Glalie|Protect\n|move|p2b: Monk-E|Grassy Glide|p1b: Floatzel\n|-supereffective|p1b: Floatzel\n|-damage|p1b: Floatzel|0 fnt\n|faint|p1b: Floatzel\n|move|p2a: Akuma|Fire Punch|p1a: Glalie\n|-activate|p1a: Glalie|move: Protect\n|\n|-heal|p2b: Monk-E|64\/100 psn|[from] Grassy Terrain\n|-heal|p1a: Glalie|83\/100|[from] Grassy Terrain\n|-heal|p2a: Akuma|36\/100 par|[from] Grassy Terrain\n|-damage|p2b: Monk-E|52\/100 psn|[from] psn\n|-end|p2b: Monk-E|Whirlpool|[partiallytrapped]|[silent]\n|-end|p2a: Akuma|Whirlpool|[partiallytrapped]|[silent]\n|-ability|p1a: Glalie|Moody|boost\n|-boost|p1a: Glalie|def|2\n|-unboost|p1a: Glalie|atk|1\n|upkeep\n|inactive|xThundercow has 120 seconds left.\n|\n|t:|1700292661\n|switch|p1b: Iron Moth|Iron Moth|100\/100\n|turn|7\n|inactive|xThundercow has 120 seconds left.\n|\n|t:|1700292692\n|switch|p2a: Impa|Grafaiai, F|20\/100\n|-damage|p2a: Impa|8\/100|[from] Stealth Rock\n|-sideend|p2: DavyCricket|move: Toxic Spikes|[of] p2a: Impa\n|-terastallize|p2b: Monk-E|Rock\n|move|p1b: Iron Moth|Air Slash|p2a: Impa\n|-damage|p2a: Impa|0 fnt\n|faint|p2a: Impa\n|move|p2b: Monk-E|High Horsepower|p1b: Iron Moth\n|-supereffective|p1b: Iron Moth\n|-crit|p1b: Iron Moth\n|-damage|p1b: Iron Moth|0 fnt\n|faint|p1b: Iron Moth\n|-end|p1b: Iron Moth|Quark Drive|[silent]\n|move|p1a: Glalie|Icicle Spear|p2b: Monk-E\n|-damage|p2b: Monk-E|41\/100 psn\n|-damage|p2b: Monk-E|29\/100 psn\n|-damage|p2b: Monk-E|18\/100 psn\n|-crit|p2b: Monk-E\n|-damage|p2b: Monk-E|2\/100 psn\n|-hitcount|p2b: Monk-E|4\n|\n|-heal|p2b: Monk-E|8\/100 psn|[from] Grassy Terrain\n|-heal|p1a: Glalie|89\/100|[from] Grassy Terrain\n|-damage|p2b: Monk-E|0 fnt|[from] psn\n|faint|p2b: Monk-E\n|-ability|p1a: Glalie|Moody|boost\n|-boost|p1a: Glalie|def|2\n|-unboost|p1a: Glalie|spd|1\n|upkeep\n|\n|t:|1700292721\n|switch|p1b: Brambleghast|Brambleghast, F|100\/100\n|switch|p2a: Ambipom|Ambipom, M|100\/100\n|switch|p2b: Akuma|Infernape, M|36\/100 par\n|-damage|p2a: Ambipom|88\/100|[from] Stealth Rock\n|-damage|p2b: Akuma|24\/100 par|[from] Stealth Rock\n|turn|8\n|\n|t:|1700292743\n|move|p1a: Glalie|Protect|p1a: Glalie\n|-singleturn|p1a: Glalie|Protect\n|move|p2a: Ambipom|Fake Out|p1a: Glalie\n|-activate|p1a: Glalie|move: Protect\n|move|p1b: Brambleghast|Poltergeist||[still]\n|-fail|p1b: Brambleghast\n|cant|p2b: Akuma|par\n|\n|-heal|p2a: Ambipom|94\/100|[from] Grassy Terrain\n|-heal|p1a: Glalie|95\/100|[from] Grassy Terrain\n|-heal|p2b: Akuma|30\/100 par|[from] Grassy Terrain\n|-ability|p1a: Glalie|Moody|boost\n|-boost|p1a: Glalie|atk|2\n|-unboost|p1a: Glalie|spd|1\n|upkeep\n|turn|9\n|\n|t:|1700292772\n|move|p2a: Ambipom|Switcheroo|p1b: Brambleghast\n|-activate|p2a: Ambipom|move: Trick|[of] p1b: Brambleghast\n|-item|p1b: Brambleghast|King's Rock|[from] move: Switcheroo\n|-item|p2a: Ambipom|Binding Band|[from] move: Switcheroo\n|move|p1b: Brambleghast|Infestation|p2b: Akuma\n|-resisted|p2b: Akuma\n|-damage|p2b: Akuma|28\/100 par\n|-activate|p2b: Akuma|move: Infestation|[of] p1b: Brambleghast\n|move|p1a: Glalie|Icicle Spear|p2a: Ambipom\n|-damage|p2a: Ambipom|66\/100\n|-damage|p2a: Ambipom|36\/100\n|-damage|p2a: Ambipom|6\/100\n|-damage|p2a: Ambipom|0 fnt\n|faint|p2a: Ambipom\n|-hitcount|p2: Ambipom|4\n|move|p2b: Akuma|Overheat|p1a: Glalie\n|-supereffective|p1a: Glalie\n|-damage|p1a: Glalie|0 fnt\n|-unboost|p2b: Akuma|spa|2\n|faint|p1a: Glalie\n|\n|-heal|p2b: Akuma|35\/100 par|[from] Grassy Terrain\n|-damage|p2b: Akuma|22\/100 par|[from] move: Infestation|[partiallytrapped]\n|-fieldend|move: Grassy Terrain\n|upkeep\n|inactive|DavyCricket has 120 seconds left.\n|\n|t:|1700292791\n|switch|p2a: boy|Primeape, M|100\/100\n|-damage|p2a: boy|94\/100|[from] Stealth Rock\n|turn|10\n|\n|t:|1700292806\n|move|p1b: Brambleghast|Substitute|p1b: Brambleghast\n|-start|p1b: Brambleghast|Substitute\n|-damage|p1b: Brambleghast|76\/100\n|move|p2a: boy|Ice Punch|p1b: Brambleghast\n|-supereffective|p1b: Brambleghast\n|-end|p1b: Brambleghast|Substitute\n|cant|p2b: Akuma|par\n|\n|-damage|p2b: Akuma|10\/100 par|[from] move: Infestation|[partiallytrapped]\n|upkeep\n|turn|11\n|\n|t:|1700292821\n|move|p1b: Brambleghast|Poltergeist|p2a: boy\n|-activate|p2a: boy|move: Poltergeist|Eviolite\n|-damage|p2a: boy|37\/100\n|cant|p2a: boy|flinch\n|move|p2b: Akuma|Fire Punch|p1b: Brambleghast\n|-supereffective|p1b: Brambleghast\n|-damage|p1b: Brambleghast|0 fnt\n|faint|p1b: Brambleghast\n|\n|win|DavyCricket\n|raw|xThundercow's rating: 1032 &rarr; <strong>1020<\/strong><br \/>(-12 for losing)\n|raw|DavyCricket's rating: 1091 &rarr; <strong>1113<\/strong><br \/>(+22 for winning)\n|l|\u2606xThundercow\n","uploadtime":1700293180,"views":12,"p1id":"xthundercow","p2id":"davycricket","formatid":"gen9doublesou","rating":1020,"private":0,"password":""}