{"id":"gen9doublesou-1974326263","p1":"serpico XD","p2":"OsitoGuapo15","format":"[Gen 9] Doubles OU","log":"|j|\u2606serpico XD\n|j|\u2606OsitoGuapo15\n|t:|1698078092\n|gametype|doubles\n|player|p1|serpico XD|gambler|1378\n|player|p2|OsitoGuapo15|acetrainer-gen4dp|1309\n|teamsize|p1|6\n|teamsize|p2|6\n|gen|9\n|tier|[Gen 9] Doubles OU\n|rated|\n|rule|Species Clause: Limit one of each Pok\u00e9mon\n|rule|OHKO Clause: OHKO moves are banned\n|rule|Evasion Moves Clause: Evasion moves are banned\n|rule|Gravity Sleep Clause: The combination of sleep-inducing moves with imperfect accuracy and Gravity or Gigantamax Orbeetle are banned\n|rule|Endless Battle Clause: Forcing endless battles is banned\n|rule|HP Percentage Mod: HP is shown in percentages\n|clearpoke\n|poke|p1|Flutter Mane|\n|poke|p1|Grimmsnarl, M|\n|poke|p1|Torkoal, F|\n|poke|p1|Rillaboom, M|\n|poke|p1|Walking Wake|\n|poke|p1|Sneasler, F|\n|poke|p2|Basculegion-F, F|\n|poke|p2|Landorus-Therian, M|\n|poke|p2|Chien-Pao|\n|poke|p2|Corviknight, M|\n|poke|p2|Walking Wake|\n|poke|p2|Cresselia, F|\n|teampreview\n|inactive|Battle timer is ON: inactive players will automatically lose when time's up. (requested by serpico XD)\n|c|\u2606serpico XD|glhf\n|\n|t:|1698078110\n|start\n|switch|p1a: NUKE city|Walking Wake|100\/100\n|switch|p1b: Morbin time|Flutter Mane|100\/100\n|switch|p2a: Corviknight|Corviknight, M|100\/100\n|switch|p2b: Cressant|Cresselia, F|100\/100\n|turn|1\n|\n|t:|1698078139\n|move|p1a: NUKE city|Flamethrower|p2a: Corviknight\n|-supereffective|p2a: Corviknight\n|-damage|p2a: Corviknight|38\/100\n|move|p1b: Morbin time|Substitute|p1b: Morbin time\n|-start|p1b: Morbin time|Substitute\n|-damage|p1b: Morbin time|76\/100\n|move|p2a: Corviknight|Brave Bird|p1b: Morbin time\n|-end|p1b: Morbin time|Substitute\n|-damage|p2a: Corviknight|33\/100|[from] Recoil|[of] p1b: Morbin time\n|move|p2b: Cressant|Moonblast|p1a: NUKE city\n|-supereffective|p1a: NUKE city\n|-damage|p1a: NUKE city|40\/100\n|-unboost|p1a: NUKE city|spa|1\n|\n|-heal|p1b: Morbin time|82\/100|[from] item: Leftovers\n|-heal|p2a: Corviknight|39\/100|[from] item: Leftovers\n|upkeep\n|turn|2\n|inactive|OsitoGuapo15 has 120 seconds left.\n|\n|t:|1698078170\n|-end|p1a: NUKE city|Protosynthesis|[silent]\n|switch|p1a: Torki :p|Torkoal, F|100\/100\n|-weather|SunnyDay|[from] ability: Drought|[of] p1a: Torki :p\n|-activate|p1b: Morbin time|ability: Protosynthesis\n|-start|p1b: Morbin time|protosynthesisspe\n|move|p1b: Morbin time|Substitute|p1b: Morbin time\n|-start|p1b: Morbin time|Substitute\n|-damage|p1b: Morbin time|57\/100\n|move|p2a: Corviknight|Rain Dance|p2a: Corviknight\n|-weather|RainDance\n|-end|p1b: Morbin time|Protosynthesis\n|move|p2b: Cressant|Moonblast|p1a: Torki :p\n|-resisted|p1a: Torki :p\n|-damage|p1a: Torki :p|85\/100\n|\n|-weather|RainDance|[upkeep]\n|-heal|p1b: Morbin time|63\/100|[from] item: Leftovers\n|-heal|p2a: Corviknight|46\/100|[from] item: Leftovers\n|upkeep\n|turn|3\n|c|\u2606OsitoGuapo15|Glhf\n|inactive|OsitoGuapo15 has 120 seconds left.\n|\n|t:|1698078208\n|switch|p1a: Based drummer|Rillaboom, M, shiny|100\/100\n|-fieldstart|move: Grassy Terrain|[from] ability: Grassy Surge|[of] p1a: Based drummer\n|move|p1b: Morbin time|Shadow Ball|p2a: Corviknight\n|-damage|p2a: Corviknight|6\/100\n|move|p2a: Corviknight|Brave Bird|p1b: Morbin time\n|-end|p1b: Morbin time|Substitute\n|-damage|p2a: Corviknight|1\/100|[from] Recoil|[of] p1b: Morbin time\n|move|p2b: Cressant|Thunder|p1a: Based drummer\n|-resisted|p1a: Based drummer\n|-damage|p1a: Based drummer|82\/100\n|-status|p1a: Based drummer|par\n|\n|-weather|RainDance|[upkeep]\n|-heal|p1b: Morbin time|69\/100|[from] Grassy Terrain\n|-heal|p1b: Morbin time|75\/100|[from] item: Leftovers\n|-heal|p2a: Corviknight|7\/100|[from] item: Leftovers\n|-heal|p1a: Based drummer|88\/100 par|[from] Grassy Terrain\n|-heal|p1a: Based drummer|95\/100 par|[from] item: Leftovers\n|upkeep\n|turn|4\n|inactive|OsitoGuapo15 has 120 seconds left.\n|\n|t:|1698078251\n|switch|p1a: Torki :p|Torkoal, F|85\/100\n|-weather|SunnyDay|[from] ability: Drought|[of] p1a: Torki :p\n|-activate|p1b: Morbin time|ability: Protosynthesis\n|-start|p1b: Morbin time|protosynthesisspe\n|move|p1b: Morbin time|Moonblast|p2a: Corviknight\n|-resisted|p2a: Corviknight\n|-damage|p2a: Corviknight|0 fnt\n|faint|p2a: Corviknight\n|move|p2b: Cressant|Moonblast|p1b: Morbin time\n|-damage|p1b: Morbin time|51\/100\n|\n|-weather|SunnyDay|[upkeep]\n|-heal|p1b: Morbin time|57\/100|[from] Grassy Terrain\n|-heal|p1b: Morbin time|63\/100|[from] item: Leftovers\n|-heal|p1a: Torki :p|91\/100|[from] Grassy Terrain\n|upkeep\n|inactive|OsitoGuapo15 has 90 seconds left.\n|\n|t:|1698078269\n|switch|p2a: Walking Wake|Walking Wake|100\/100\n|-activate|p2a: Walking Wake|ability: Protosynthesis\n|-start|p2a: Walking Wake|protosynthesisspa\n|turn|5\n|inactive|OsitoGuapo15 has 90 seconds left.\n|\n|t:|1698078290\n|-terastallize|p2a: Walking Wake|Fairy\n|move|p1b: Morbin time|Moonblast|p2a: Walking Wake\n|-damage|p2a: Walking Wake|53\/100\n|move|p2a: Walking Wake|Hydro Steam|p1b: Morbin time\n|-damage|p1b: Morbin time|0 fnt\n|faint|p1b: Morbin time\n|-end|p1b: Morbin time|Protosynthesis|[silent]\n|move|p2b: Cressant|Lunar Blessing|p2b: Cressant|[spread] p2a,p2b\n|-heal|p2a: Walking Wake|78\/100\n|move|p1a: Torki :p|Stealth Rock|p2b: Cressant\n|-sidestart|p2: OsitoGuapo15|move: Stealth Rock\n|\n|-weather|SunnyDay|[upkeep]\n|-heal|p2a: Walking Wake|84\/100|[from] Grassy Terrain\n|-heal|p1a: Torki :p|97\/100|[from] Grassy Terrain\n|upkeep\n|\n|t:|1698078302\n|switch|p1b: Quick Claws|Sneasler, F|100\/100\n|-enditem|p1b: Quick Claws|Grassy Seed\n|-boost|p1b: Quick Claws|def|1|[from] item: Grassy Seed\n|turn|6\n|inactive|OsitoGuapo15 has 90 seconds left.\n|\n|t:|1698078338\n|-end|p2a: Walking Wake|Protosynthesis|[silent]\n|switch|p2a: Landorus|Landorus-Therian, M|100\/100\n|-damage|p2a: Landorus|88\/100|[from] Stealth Rock\n|-ability|p2a: Landorus|Intimidate|boost\n|-unboost|p1a: Torki :p|atk|1\n|-unboost|p1b: Quick Claws|atk|1\n|switch|p1a: GOD of screens|Grimmsnarl, M, shiny|100\/100\n|move|p1b: Quick Claws|Dire Claw|p2a: Landorus\n|-resisted|p2a: Landorus\n|-damage|p2a: Landorus|72\/100\n|-enditem|p2a: Landorus|Red Card|[of] p1b: Quick Claws\n|drag|p1b: Based drummer|Rillaboom, M, shiny|95\/100 par\n|move|p2b: Cressant|Moonblast|p1b: Based drummer\n|-damage|p1b: Based drummer|61\/100 par\n|-unboost|p1b: Based drummer|spa|1\n|\n|-weather|SunnyDay|[upkeep]\n|-heal|p1b: Based drummer|67\/100 par|[from] Grassy Terrain\n|-heal|p1b: Based drummer|73\/100 par|[from] item: Leftovers\n|upkeep\n|turn|7\n|inactive|OsitoGuapo15 has 90 seconds left.\n|\n|t:|1698078371\n|move|p1b: Based drummer|Fake Out|p2b: Cressant\n|-damage|p2b: Cressant|91\/100\n|move|p1a: GOD of screens|Reflect|p1a: GOD of screens\n|-sidestart|p1: serpico XD|Reflect\n|move|p2a: Landorus|U-turn|p1b: Based drummer\n|-supereffective|p1b: Based drummer\n|-damage|p1b: Based drummer|32\/100 par\n|\n|t:|1698078382\n|switch|p2a: Walking Wake|Walking Wake, tera:Fairy|84\/100|[from] U-turn\n|-damage|p2a: Walking Wake|72\/100|[from] Stealth Rock\n|-activate|p2a: Walking Wake|ability: Protosynthesis\n|-start|p2a: Walking Wake|protosynthesisspa\n|cant|p2b: Cressant|flinch\n|\n|-weather|SunnyDay|[upkeep]\n|-heal|p2a: Walking Wake|78\/100|[from] Grassy Terrain\n|-heal|p1b: Based drummer|38\/100 par|[from] Grassy Terrain\n|-heal|p1b: Based drummer|44\/100 par|[from] item: Leftovers\n|-fieldend|move: Grassy Terrain\n|upkeep\n|turn|8\n|inactive|OsitoGuapo15 has 90 seconds left.\n|\n|t:|1698078408\n|move|p1a: GOD of screens|Light Screen|p1a: GOD of screens\n|-sidestart|p1: serpico XD|move: Light Screen\n|move|p2a: Walking Wake|Hydro Steam|p1a: GOD of screens\n|-damage|p1a: GOD of screens|54\/100\n|move|p2b: Cressant|Moonblast|p1b: Based drummer\n|-damage|p1b: Based drummer|21\/100 par\n|cant|p1b: Based drummer|par\n|\n|-weather|SunnyDay|[upkeep]\n|-heal|p1b: Based drummer|27\/100 par|[from] item: Leftovers\n|upkeep\n|turn|9\n|inactive|OsitoGuapo15 has 90 seconds left.\n|\n|t:|1698078426\n|move|p1a: GOD of screens|Parting Shot|p2a: Walking Wake\n|-unboost|p2a: Walking Wake|atk|1\n|-unboost|p2a: Walking Wake|spa|1\n|\n|t:|1698078429\n|switch|p1a: Torki :p|Torkoal, F|97\/100|[from] Parting Shot\n|move|p2a: Walking Wake|Flamethrower|p1a: Torki :p\n|-resisted|p1a: Torki :p\n|-damage|p1a: Torki :p|77\/100\n|move|p2b: Cressant|Moonblast|p1a: Torki :p\n|-resisted|p1a: Torki :p\n|-damage|p1a: Torki :p|66\/100\n|move|p1b: Based drummer|Knock Off|p2a: Walking Wake\n|-resisted|p2a: Walking Wake\n|-damage|p2a: Walking Wake|62\/100\n|-enditem|p2a: Walking Wake|Safety Goggles|[from] move: Knock Off|[of] p1b: Based drummer\n|\n|-weather|SunnyDay|[upkeep]\n|-heal|p1b: Based drummer|33\/100 par|[from] item: Leftovers\n|upkeep\n|turn|10\n|inactive|OsitoGuapo15 has 90 seconds left.\n|\n|t:|1698078457\n|switch|p1a: Quick Claws|Sneasler, F|100\/100\n|move|p2a: Walking Wake|Flamethrower|p1b: Based drummer\n|-supereffective|p1b: Based drummer\n|-damage|p1b: Based drummer|0 fnt\n|faint|p1b: Based drummer\n|move|p2b: Cressant|Lunar Blessing|p2b: Cressant|[spread] p2a,p2b\n|-heal|p2a: Walking Wake|87\/100\n|-heal|p2b: Cressant|100\/100\n|\n|-weather|SunnyDay|[upkeep]\n|upkeep\n|\n|t:|1698078464\n|switch|p1b: NUKE city|Walking Wake|40\/100\n|-activate|p1b: NUKE city|ability: Protosynthesis\n|-start|p1b: NUKE city|protosynthesisspa\n|turn|11\n|\n|t:|1698078486\n|move|p1b: NUKE city|Hydro Steam|p2a: Walking Wake\n|-damage|p2a: Walking Wake|12\/100\n|move|p1a: Quick Claws|Shadow Claw|p2b: Cressant\n|-supereffective|p2b: Cressant\n|-crit|p2b: Cressant\n|-damage|p2b: Cressant|44\/100\n|-enditem|p2b: Cressant|Weakness Policy\n|-boost|p2b: Cressant|atk|2|[from] item: Weakness Policy\n|-boost|p2b: Cressant|spa|2|[from] item: Weakness Policy\n|move|p2a: Walking Wake|Hydro Steam|p1a: Quick Claws\n|-damage|p1a: Quick Claws|52\/100\n|move|p2b: Cressant|Moonblast|p1b: NUKE city\n|-supereffective|p1b: NUKE city\n|-damage|p1b: NUKE city|0 fnt\n|faint|p1b: NUKE city\n|-end|p1b: NUKE city|Protosynthesis|[silent]\n|\n|-weather|none\n|-end|p2a: Walking Wake|Protosynthesis\n|upkeep\n|\n|t:|1698078496\n|switch|p1b: Torki :p|Torkoal, F|66\/100\n|-weather|SunnyDay|[from] ability: Drought|[of] p1b: Torki :p\n|-activate|p2a: Walking Wake|ability: Protosynthesis\n|-start|p2a: Walking Wake|protosynthesisspa\n|turn|12\n|inactive|OsitoGuapo15 has 120 seconds left.\n|\n|t:|1698078516\n|move|p1a: Quick Claws|Shadow Claw|p2b: Cressant\n|-supereffective|p2b: Cressant\n|-damage|p2b: Cressant|7\/100\n|move|p2a: Walking Wake|Hydro Steam|p1b: Torki :p\n|-supereffective|p1b: Torki :p\n|-damage|p1b: Torki :p|0 fnt\n|faint|p1b: Torki :p\n|move|p2b: Cressant|Stored Power|p1a: Quick Claws\n|-supereffective|p1a: Quick Claws\n|-damage|p1a: Quick Claws|0 fnt\n|faint|p1a: Quick Claws\n|\n|-weather|SunnyDay|[upkeep]\n|upkeep\n|-message|serpico XD forfeited.\n|\n|win|OsitoGuapo15\n|raw|serpico XD's rating: 1378 &rarr; <strong>1354<\/strong><br \/>(-24 for losing)\n|raw|OsitoGuapo15's rating: 1309 &rarr; <strong>1333<\/strong><br \/>(+24 for winning)\n|l|\u2606serpico XD\n|c|\u2606OsitoGuapo15|Gg\n","uploadtime":1698078541,"views":21,"p1id":"serpicoxd","p2id":"ositoguapo15","formatid":"gen9doublesou","rating":1333,"private":0,"password":""}