{"id":"gen9doublesou-2000403381","p1":"OPieceOfHeroGhost","p2":"kilil","format":"[Gen 9] Doubles OU","log":"|j|\u2606OPieceOfHeroGhost\n|j|\u2606kilil\n|t:|1701191894\n|gametype|doubles\n|player|p1|OPieceOfHeroGhost|morty|1446\n|player|p2|kilil|pokekid|1531\n|teamsize|p1|6\n|teamsize|p2|6\n|gen|9\n|tier|[Gen 9] Doubles OU\n|rated|\n|rule|Species Clause: Limit one of each Pok\u00e9mon\n|rule|OHKO Clause: OHKO moves are banned\n|rule|Evasion Moves Clause: Evasion moves are banned\n|rule|Gravity Sleep Clause: The combination of sleep-inducing moves with imperfect accuracy and Gravity or Gigantamax Orbeetle are banned\n|rule|Endless Battle Clause: Forcing endless battles is banned\n|rule|HP Percentage Mod: HP is shown in percentages\n|clearpoke\n|poke|p1|Heatran, M|\n|poke|p1|Ting-Lu|\n|poke|p1|Tornadus, M|\n|poke|p1|Rillaboom, F|\n|poke|p1|Ogerpon-Wellspring, F|\n|poke|p1|Flutter Mane|\n|poke|p2|Farigiraf, F|\n|poke|p2|Kingambit, F|\n|poke|p2|Ursaluna, M|\n|poke|p2|Hatterene, F|\n|poke|p2|Volcanion|\n|poke|p2|Iron Hands|\n|teampreview\n|\n|t:|1701191905\n|start\n|switch|p1a: \u9ed1\u68ee\u6797\u86cb\u7cd5|Ting-Lu|100\/100\n|switch|p1b: MadeInHeaven!|Tornadus, M|100\/100\n|switch|p2a: Farigiraf|Farigiraf, F|100\/100\n|switch|p2b: Iron Hands|Iron Hands|100\/100\n|-ability|p1a: \u9ed1\u68ee\u6797\u86cb\u7cd5|Vessel of Ruin\n|turn|1\n|inactive|Battle timer is ON: inactive players will automatically lose when time's up. (requested by kilil)\n|\n|t:|1701191919\n|move|p2b: Iron Hands|Fake Out|p1a: \u9ed1\u68ee\u6797\u86cb\u7cd5\n|-damage|p1a: \u9ed1\u68ee\u6797\u86cb\u7cd5|90\/100\n|move|p1b: MadeInHeaven!|Taunt||[still]\n|cant|p2a: Farigiraf|ability: Armor Tail|Taunt|[of] p1b: MadeInHeaven!\n|cant|p1a: \u9ed1\u68ee\u6797\u86cb\u7cd5|flinch\n|move|p2a: Farigiraf|Trick Room|p2a: Farigiraf\n|-fieldstart|move: Trick Room|[of] p2a: Farigiraf\n|\n|upkeep\n|turn|2\n|\n|t:|1701191941\n|move|p1a: \u9ed1\u68ee\u6797\u86cb\u7cd5|Earthquake|p2b: Iron Hands|[spread] p2a,p2b\n|-immune|p1b: MadeInHeaven!\n|-supereffective|p2b: Iron Hands\n|-damage|p2a: Farigiraf|41\/100\n|-damage|p2b: Iron Hands|29\/100\n|move|p2b: Iron Hands|Thunder Punch|p1b: MadeInHeaven!\n|-supereffective|p1b: MadeInHeaven!\n|-damage|p1b: MadeInHeaven!|8\/100\n|move|p2a: Farigiraf|Dazzling Gleam|p1a: \u9ed1\u68ee\u6797\u86cb\u7cd5|[spread] p1a,p1b\n|-supereffective|p1a: \u9ed1\u68ee\u6797\u86cb\u7cd5\n|-damage|p1a: \u9ed1\u68ee\u6797\u86cb\u7cd5|67\/100\n|-damage|p1b: MadeInHeaven!|0 fnt\n|faint|p1b: MadeInHeaven!\n|\n|upkeep\n|\n|t:|1701191953\n|switch|p1b: \u971c\u4e4b\u9057\u5b40|Ogerpon-Wellspring, F|100\/100\n|turn|3\n|\n|t:|1701191966\n|-end|p2b: Iron Hands|Quark Drive|[silent]\n|switch|p2b: Ursaluna|Ursaluna, M|100\/100\n|move|p1b: \u971c\u4e4b\u9057\u5b40|Spiky Shield|p1b: \u971c\u4e4b\u9057\u5b40\n|-singleturn|p1b: \u971c\u4e4b\u9057\u5b40|move: Protect\n|move|p1a: \u9ed1\u68ee\u6797\u86cb\u7cd5|Earthquake|p2b: Ursaluna|[spread] p2a,p2b\n|-activate|p1b: \u971c\u4e4b\u9057\u5b40|move: Protect\n|-damage|p2a: Farigiraf|0 fnt\n|-damage|p2b: Ursaluna|60\/100\n|faint|p2a: Farigiraf\n|\n|-status|p2b: Ursaluna|brn|[from] item: Flame Orb\n|upkeep\n|\n|t:|1701191974\n|switch|p2a: Iron Hands|Iron Hands|29\/100\n|turn|4\n|\n|t:|1701191985\n|move|p2a: Iron Hands|Fake Out|p1a: \u9ed1\u68ee\u6797\u86cb\u7cd5\n|-damage|p1a: \u9ed1\u68ee\u6797\u86cb\u7cd5|57\/100\n|cant|p1a: \u9ed1\u68ee\u6797\u86cb\u7cd5|flinch\n|move|p2b: Ursaluna|Facade|p1a: \u9ed1\u68ee\u6797\u86cb\u7cd5\n|-damage|p1a: \u9ed1\u68ee\u6797\u86cb\u7cd5|0 fnt\n|faint|p1a: \u9ed1\u68ee\u6797\u86cb\u7cd5\n|move|p1b: \u971c\u4e4b\u9057\u5b40|Ivy Cudgel|p2a: Iron Hands|[anim] Ivy Cudgel Water\n|-damage|p2a: Iron Hands|0 fnt\n|faint|p2a: Iron Hands\n|-end|p2a: Iron Hands|Quark Drive|[silent]\n|\n|-damage|p2b: Ursaluna|54\/100 brn|[from] brn\n|upkeep\n|\n|t:|1701192002\n|switch|p1a: \u706b\u8d5e\u4f01|Heatran, M|100\/100\n|switch|p2a: Kingambit|Kingambit, F|100\/100\n|-activate|p2a: Kingambit|ability: Supreme Overlord\n|-start|p2a: Kingambit|fallen2|[silent]\n|turn|5\n|\n|t:|1701192014\n|move|p1a: \u706b\u8d5e\u4f01|Protect|p1a: \u706b\u8d5e\u4f01\n|-singleturn|p1a: \u706b\u8d5e\u4f01|Protect\n|move|p1b: \u971c\u4e4b\u9057\u5b40|Spiky Shield|p1b: \u971c\u4e4b\u9057\u5b40\n|-singleturn|p1b: \u971c\u4e4b\u9057\u5b40|move: Protect\n|move|p2b: Ursaluna|Headlong Rush|p1a: \u706b\u8d5e\u4f01\n|-activate|p1a: \u706b\u8d5e\u4f01|move: Protect\n|move|p2a: Kingambit|Kowtow Cleave|p1a: \u706b\u8d5e\u4f01\n|-activate|p1a: \u706b\u8d5e\u4f01|move: Protect\n|\n|-damage|p2b: Ursaluna|47\/100 brn|[from] brn\n|-fieldend|move: Trick Room\n|upkeep\n|turn|6\n|\n|t:|1701192029\n|move|p1b: \u971c\u4e4b\u9057\u5b40|Swords Dance|p1b: \u971c\u4e4b\u9057\u5b40\n|-boost|p1b: \u971c\u4e4b\u9057\u5b40|atk|2\n|move|p1a: \u706b\u8d5e\u4f01|Heat Wave|p2a: Kingambit|[spread] p2a,p2b\n|-supereffective|p2a: Kingambit\n|-damage|p2a: Kingambit|17\/100\n|-damage|p2b: Ursaluna|11\/100 brn\n|move|p2b: Ursaluna|Facade|p1b: \u971c\u4e4b\u9057\u5b40\n|-crit|p1b: \u971c\u4e4b\u9057\u5b40\n|-damage|p1b: \u971c\u4e4b\u9057\u5b40|0 fnt\n|faint|p1b: \u971c\u4e4b\u9057\u5b40\n|move|p2a: Kingambit|Kowtow Cleave|p1a: \u706b\u8d5e\u4f01\n|-damage|p1a: \u706b\u8d5e\u4f01|25\/100\n|\n|-heal|p1a: \u706b\u8d5e\u4f01|31\/100|[from] item: Leftovers\n|-damage|p2b: Ursaluna|5\/100 brn|[from] brn\n|upkeep\n|\n|t:|1701192039\n|switch|p1b: \u5486\u54ee\u864e\u597d\u5144\u5f1f|Rillaboom, F|100\/100\n|-fieldstart|move: Grassy Terrain|[from] ability: Grassy Surge|[of] p1b: \u5486\u54ee\u864e\u597d\u5144\u5f1f\n|turn|7\n|\n|t:|1701192048\n|-end|p2a: Kingambit|fallen2|[silent]\n|switch|p2a: Volcanion|Volcanion|100\/100\n|move|p1a: \u706b\u8d5e\u4f01|Protect|p1a: \u706b\u8d5e\u4f01\n|-singleturn|p1a: \u706b\u8d5e\u4f01|Protect\n|move|p1b: \u5486\u54ee\u864e\u597d\u5144\u5f1f|Grassy Glide|p2b: Ursaluna\n|-supereffective|p2b: Ursaluna\n|-damage|p2b: Ursaluna|0 fnt\n|faint|p2b: Ursaluna\n|\n|-heal|p1a: \u706b\u8d5e\u4f01|38\/100|[from] Grassy Terrain\n|-heal|p1a: \u706b\u8d5e\u4f01|44\/100|[from] item: Leftovers\n|upkeep\n|\n|t:|1701192059\n|switch|p2b: Hatterene|Hatterene, F, shiny|100\/100\n|turn|8\n|\n|t:|1701192075\n|move|p1b: \u5486\u54ee\u864e\u597d\u5144\u5f1f|Grassy Glide|p2b: Hatterene\n|-damage|p2b: Hatterene|63\/100\n|move|p1a: \u706b\u8d5e\u4f01|Heavy Slam|p2b: Hatterene\n|-supereffective|p2b: Hatterene\n|-damage|p2b: Hatterene|0 fnt\n|faint|p2b: Hatterene\n|move|p2a: Volcanion|Scald|p1a: \u706b\u8d5e\u4f01\n|-supereffective|p1a: \u706b\u8d5e\u4f01\n|-damage|p1a: \u706b\u8d5e\u4f01|0 fnt\n|faint|p1a: \u706b\u8d5e\u4f01\n|\n|upkeep\n|\n|t:|1701192089\n|switch|p1a: \u53d1\u59d0\u5956\u52b1\u4f60\u770b\u88d9\u5e95\u54df|Flutter Mane|100\/100\n|switch|p2b: Kingambit|Kingambit, F|17\/100\n|-activate|p2b: Kingambit|ability: Supreme Overlord\n|-start|p2b: Kingambit|fallen4|[silent]\n|turn|9\n|\n|t:|1701192100\n|-terastallize|p1a: \u53d1\u59d0\u5956\u52b1\u4f60\u770b\u88d9\u5e95\u54df|Fairy\n|move|p2b: Kingambit|Sucker Punch|p1a: \u53d1\u59d0\u5956\u52b1\u4f60\u770b\u88d9\u5e95\u54df\n|-resisted|p1a: \u53d1\u59d0\u5956\u52b1\u4f60\u770b\u88d9\u5e95\u54df\n|-damage|p1a: \u53d1\u59d0\u5956\u52b1\u4f60\u770b\u88d9\u5e95\u54df|34\/100\n|move|p1a: \u53d1\u59d0\u5956\u52b1\u4f60\u770b\u88d9\u5e95\u54df|Moonblast|p2b: Kingambit\n|-damage|p2b: Kingambit|0 fnt\n|faint|p2b: Kingambit\n|-end|p2b: Kingambit|fallen4|[silent]\n|move|p1b: \u5486\u54ee\u864e\u597d\u5144\u5f1f|High Horsepower|p2a: Volcanion\n|-supereffective|p2a: Volcanion\n|-damage|p2a: Volcanion|54\/100\n|move|p2a: Volcanion|Flamethrower|p1b: \u5486\u54ee\u864e\u597d\u5144\u5f1f\n|-supereffective|p1b: \u5486\u54ee\u864e\u597d\u5144\u5f1f\n|-damage|p1b: \u5486\u54ee\u864e\u597d\u5144\u5f1f|18\/100\n|\n|-heal|p1a: \u53d1\u59d0\u5956\u52b1\u4f60\u770b\u88d9\u5e95\u54df|40\/100|[from] Grassy Terrain\n|-heal|p1b: \u5486\u54ee\u864e\u597d\u5144\u5f1f|24\/100|[from] Grassy Terrain\n|-heal|p2a: Volcanion|60\/100|[from] Grassy Terrain\n|upkeep\n|turn|10\n|c|\u2606kilil|gg\n|\n|t:|1701192119\n|-terastallize|p2a: Volcanion|Ground\n|move|p1a: \u53d1\u59d0\u5956\u52b1\u4f60\u770b\u88d9\u5e95\u54df|Moonblast|p2a: Volcanion\n|-damage|p2a: Volcanion|0 fnt\n|faint|p2a: Volcanion\n|\n|win|OPieceOfHeroGhost\n|raw|OPieceOfHeroGhost's rating: 1446 &rarr; <strong>1471<\/strong><br \/>(+25 for winning)\n|raw|kilil's rating: 1531 &rarr; <strong>1506<\/strong><br \/>(-25 for losing)\n|l|\u2606kilil\n","uploadtime":1701192125,"views":3,"p1id":"opieceofheroghost","p2id":"kilil","formatid":"gen9doublesou","rating":1471,"private":0,"password":""}