{"id":"gen9doublesou-1979143226","p1":"bananaszn","p2":"plantshrine","format":"[Gen 9] Doubles OU","log":"|j|\u2606bananaszn\n|j|\u2606plantshrine\n|t:|1698638275\n|gametype|doubles\n|player|p1|bananaszn|brycen|1168\n|player|p2|plantshrine|gardenia|1289\n|teamsize|p1|6\n|teamsize|p2|6\n|gen|9\n|tier|[Gen 9] Doubles OU\n|rated|\n|rule|Species Clause: Limit one of each Pok\u00e9mon\n|rule|OHKO Clause: OHKO moves are banned\n|rule|Evasion Moves Clause: Evasion moves are banned\n|rule|Gravity Sleep Clause: The combination of sleep-inducing moves with imperfect accuracy and Gravity or Gigantamax Orbeetle are banned\n|rule|Endless Battle Clause: Forcing endless battles is banned\n|rule|HP Percentage Mod: HP is shown in percentages\n|clearpoke\n|poke|p1|Grimmsnarl, M|\n|poke|p1|Avalugg, F|\n|poke|p1|Cresselia, F|\n|poke|p1|Farigiraf, M|\n|poke|p1|Ursaluna-Bloodmoon, M|\n|poke|p1|Diancie|\n|poke|p2|Poliwrath, M|\n|poke|p2|Grimmsnarl, M|\n|poke|p2|Sinistcha-Masterpiece|\n|poke|p2|Murkrow, F|\n|poke|p2|Chien-Pao|\n|poke|p2|Farigiraf, M|\n|teampreview\n|c|\u2606bananaszn|:O\n|c|\u2606bananaszn|yay\n|c|\u2606bananaszn|first poliwrath user ive seen since myself\n|\n|t:|1698638305\n|start\n|switch|p1a: Grimmsnarl|Grimmsnarl, M|100\/100\n|switch|p1b: Avalugg|Avalugg, F|100\/100\n|switch|p2a: Poliwrath|Poliwrath, M|100\/100\n|switch|p2b: Grimmsnarl|Grimmsnarl, M|100\/100\n|turn|1\n|\n|t:|1698638339\n|switch|p2b: Farigiraf|Farigiraf, M|100\/100\n|-terastallize|p2a: Poliwrath|Electric\n|move|p1a: Grimmsnarl|Swagger|p1b: Avalugg\n|-boost|p1b: Avalugg|atk|2\n|-immune|p1b: Avalugg|confusion|[from] ability: Own Tempo\n|move|p2a: Poliwrath|Belly Drum|p2a: Poliwrath\n|-damage|p2a: Poliwrath|51\/100\n|-setboost|p2a: Poliwrath|atk|6|[from] move: Belly Drum\n|move|p1b: Avalugg|Earthquake|p2b: Farigiraf|[spread] p1a,p2a,p2b\n|-supereffective|p2a: Poliwrath\n|-damage|p1a: Grimmsnarl|41\/100\n|-damage|p2a: Poliwrath|0 fnt\n|-damage|p2b: Farigiraf|55\/100\n|faint|p2a: Poliwrath\n|-enditem|p1a: Grimmsnarl|Eject Button\n|\n|t:|1698638356\n|switch|p1a: Cresselia|Cresselia, F, shiny|100\/100\n|\n|upkeep\n|\n|t:|1698638361\n|switch|p2a: Chien-Pao|Chien-Pao|100\/100\n|-ability|p2a: Chien-Pao|Sword of Ruin\n|turn|2\n|\n|t:|1698638376\n|move|p2a: Chien-Pao|Crunch|p1a: Cresselia\n|-supereffective|p1a: Cresselia\n|-damage|p1a: Cresselia|2\/100\n|-enditem|p1a: Cresselia|Figy Berry|[eat]\n|-heal|p1a: Cresselia|35\/100|[from] item: Figy Berry\n|-damage|p2a: Chien-Pao|91\/100|[from] item: Life Orb\n|move|p2b: Farigiraf|Hyper Voice|p1a: Cresselia|[spread] p1a,p1b\n|-damage|p1a: Cresselia|21\/100\n|-damage|p1b: Avalugg|56\/100\n|move|p1b: Avalugg|Gyro Ball|p2a: Chien-Pao\n|-supereffective|p2a: Chien-Pao\n|-damage|p2a: Chien-Pao|0 fnt\n|faint|p2a: Chien-Pao\n|move|p1a: Cresselia|Trick Room|p1a: Cresselia\n|-fieldstart|move: Trick Room|[of] p1a: Cresselia\n|\n|upkeep\n|\n|t:|1698638394\n|switch|p2a: Sinistcha|Sinistcha-Masterpiece|100\/100\n|-heal|p2b: Farigiraf|80\/100|[from] ability: Hospitality|[of] p2a: Sinistcha\n|turn|3\n|\n|t:|1698638404\n|move|p1b: Avalugg|Protect|p1b: Avalugg\n|-singleturn|p1b: Avalugg|Protect\n|move|p2b: Farigiraf|Ally Switch|p2b: Farigiraf\n|swap|p2b: Farigiraf|0|[from] move: Ally Switch\n|move|p1a: Cresselia|Lunar Blessing|p1a: Cresselia|[spread] p1a,p1b\n|-heal|p1a: Cresselia|46\/100\n|-heal|p1b: Avalugg|80\/100\n|move|p2b: Sinistcha|Nasty Plot|p2b: Sinistcha\n|-boost|p2b: Sinistcha|spa|2\n|\n|upkeep\n|turn|4\n|\n|t:|1698638431\n|switch|p2a: Grimmsnarl|Grimmsnarl, M|100\/100\n|move|p1a: Cresselia|Protect|p1a: Cresselia\n|-singleturn|p1a: Cresselia|Protect\n|move|p1b: Avalugg|Icicle Spear|p2b: Sinistcha\n|-supereffective|p2b: Sinistcha\n|-damage|p2b: Sinistcha|62\/100\n|-supereffective|p2b: Sinistcha\n|-damage|p2b: Sinistcha|20\/100\n|-supereffective|p2b: Sinistcha\n|-damage|p2b: Sinistcha|0 fnt\n|faint|p2b: Sinistcha\n|-hitcount|p2: Sinistcha|3\n|\n|upkeep\n|\n|t:|1698638444\n|switch|p2b: Farigiraf|Farigiraf, M|80\/100\n|turn|5\n|c|\u2606bananaszn|loaded dice icicle spear 2x atk\n|c|\u2606bananaszn|pretty decent\n|inactive|Battle timer is ON: inactive players will automatically lose when time's up. (requested by plantshrine)\n|\n|t:|1698638486\n|move|p2a: Grimmsnarl|Reflect|p2a: Grimmsnarl\n|-sidestart|p2: plantshrine|Reflect\n|move|p1b: Avalugg|Earthquake|p2b: Farigiraf|[spread] p2a,p2b\n|-immune|p1a: Cresselia|[from] ability: Levitate\n|-damage|p2a: Grimmsnarl|69\/100\n|-damage|p2b: Farigiraf|45\/100\n|move|p2b: Farigiraf|Calm Mind|p2b: Farigiraf\n|-boost|p2b: Farigiraf|spa|1\n|-boost|p2b: Farigiraf|spd|1\n|move|p1a: Cresselia|Lunar Blessing|p1a: Cresselia|[spread] p1a,p1b\n|-heal|p1a: Cresselia|71\/100\n|-heal|p1b: Avalugg|100\/100\n|\n|upkeep\n|turn|6\n|\n|t:|1698638508\n|move|p1a: Cresselia|Protect|p1a: Cresselia\n|-singleturn|p1a: Cresselia|Protect\n|move|p2a: Grimmsnarl|Parting Shot|p1b: Avalugg\n|-unboost|p1b: Avalugg|atk|1\n|-unboost|p1b: Avalugg|spa|1\n|\n|t:|1698638515\n|switch|p2a: Murkrow|Murkrow, F|100\/100|[from] Parting Shot\n|move|p1b: Avalugg|Icicle Spear|p2b: Farigiraf\n|-damage|p2b: Farigiraf|32\/100\n|-damage|p2b: Farigiraf|19\/100\n|-enditem|p2b: Farigiraf|Aguav Berry|[eat]\n|-heal|p2b: Farigiraf|52\/100|[from] item: Aguav Berry\n|-damage|p2b: Farigiraf|40\/100\n|-damage|p2b: Farigiraf|27\/100\n|-crit|p2b: Farigiraf\n|-damage|p2b: Farigiraf|0 fnt\n|faint|p2b: Farigiraf\n|-hitcount|p2: Farigiraf|5\n|\n|-fieldend|move: Trick Room\n|upkeep\n|-message|plantshrine forfeited.\n|\n|win|bananaszn\n|raw|bananaszn's rating: 1168 &rarr; <strong>1201<\/strong><br \/>(+33 for winning)\n|raw|plantshrine's rating: 1289 &rarr; <strong>1256<\/strong><br \/>(-33 for losing)\n|l|\u2606plantshrine\n","uploadtime":1698638533,"views":30,"p1id":"bananaszn","p2id":"plantshrine","formatid":"gen9doublesou","rating":1201,"private":0,"password":""}