{"id":"gen9doublesou-1998669549","p1":"KageShinda","p2":"Bohbohboh","format":"[Gen 9] Doubles OU","log":"|j|\u2606KageShinda\n|j|\u2606Bohbohboh\n|t:|1700970151\n|gametype|doubles\n|player|p1|KageShinda|rosa|1425\n|player|p2|Bohbohboh|preschooler|1417\n|teamsize|p1|6\n|teamsize|p2|6\n|gen|9\n|tier|[Gen 9] Doubles OU\n|rated|\n|rule|Species Clause: Limit one of each Pok\u00e9mon\n|rule|OHKO Clause: OHKO moves are banned\n|rule|Evasion Moves Clause: Evasion moves are banned\n|rule|Gravity Sleep Clause: The combination of sleep-inducing moves with imperfect accuracy and Gravity or Gigantamax Orbeetle are banned\n|rule|Endless Battle Clause: Forcing endless battles is banned\n|rule|HP Percentage Mod: HP is shown in percentages\n|clearpoke\n|poke|p1|Ogerpon-Hearthflame, F|\n|poke|p1|Iron Hands|\n|poke|p1|Flutter Mane|\n|poke|p1|Sinistcha-Masterpiece|\n|poke|p1|Landorus-Therian, M|\n|poke|p1|Kingambit, M|\n|poke|p2|Ogerpon-Hearthflame, F|\n|poke|p2|Sinistcha-Masterpiece|\n|poke|p2|Kommo-o, F|\n|poke|p2|Chi-Yu|\n|poke|p2|Rillaboom, F|\n|poke|p2|Torkoal, M|\n|teampreview\n|inactive|Battle timer is ON: inactive players will automatically lose when time's up. (requested by KageShinda)\n|\n|t:|1700970178\n|start\n|switch|p1a: Iron Hands|Iron Hands|100\/100\n|switch|p1b: Landorus|Landorus-Therian, M|100\/100\n|switch|p2a: Kommo-o|Kommo-o, F|100\/100\n|switch|p2b: Rillaboom|Rillaboom, F|100\/100\n|-ability|p1b: Landorus|Intimidate|boost\n|-unboost|p2a: Kommo-o|atk|1\n|-unboost|p2b: Rillaboom|atk|1\n|-fieldstart|move: Grassy Terrain|[from] ability: Grassy Surge|[of] p2b: Rillaboom\n|turn|1\n|\n|t:|1700970201\n|move|p2b: Rillaboom|Fake Out|p1a: Iron Hands\n|-crit|p1a: Iron Hands\n|-damage|p1a: Iron Hands|88\/100\n|cant|p1a: Iron Hands|flinch\n|move|p1b: Landorus|Rock Slide|p2b: Rillaboom|[spread] \n|-miss|p1b: Landorus|p2a: Kommo-o\n|-miss|p1b: Landorus|p2b: Rillaboom\n|move|p2a: Kommo-o|Clangorous Soul|p2a: Kommo-o\n|-boost|p2a: Kommo-o|atk|1\n|-boost|p2a: Kommo-o|def|1\n|-boost|p2a: Kommo-o|spa|1\n|-boost|p2a: Kommo-o|spd|1\n|-boost|p2a: Kommo-o|spe|1\n|-damage|p2a: Kommo-o|68\/100\n|-enditem|p2a: Kommo-o|Throat Spray\n|-boost|p2a: Kommo-o|spa|1|[from] item: Throat Spray\n|\n|-heal|p2a: Kommo-o|74\/100|[from] Grassy Terrain\n|-heal|p1a: Iron Hands|94\/100|[from] Grassy Terrain\n|-heal|p1a: Iron Hands|99\/100|[from] item: Leftovers\n|upkeep\n|turn|2\n|\n|t:|1700970229\n|move|p2a: Kommo-o|Protect|p2a: Kommo-o\n|-singleturn|p2a: Kommo-o|Protect\n|move|p1b: Landorus|Stealth Rock|p2b: Rillaboom\n|-sidestart|p2: Bohbohboh|move: Stealth Rock\n|move|p2b: Rillaboom|Drum Beating|p1b: Landorus\n|-damage|p1b: Landorus|63\/100\n|-unboost|p1b: Landorus|spe|1\n|move|p1a: Iron Hands|Wild Charge|p2a: Kommo-o\n|-activate|p2a: Kommo-o|move: Protect\n|\n|-heal|p2a: Kommo-o|80\/100|[from] Grassy Terrain\n|-heal|p1b: Landorus|69\/100|[from] item: Leftovers\n|-heal|p1a: Iron Hands|100\/100|[from] Grassy Terrain\n|upkeep\n|turn|3\n|\n|t:|1700970257\n|move|p1b: Landorus|Protect|p1b: Landorus\n|-singleturn|p1b: Landorus|Protect\n|move|p2a: Kommo-o|Clangorous Soul|p2a: Kommo-o\n|-boost|p2a: Kommo-o|atk|1\n|-boost|p2a: Kommo-o|def|1\n|-boost|p2a: Kommo-o|spa|1\n|-boost|p2a: Kommo-o|spd|1\n|-boost|p2a: Kommo-o|spe|1\n|-damage|p2a: Kommo-o|47\/100\n|move|p2b: Rillaboom|Drum Beating|p1b: Landorus\n|-activate|p1b: Landorus|move: Protect\n|move|p1a: Iron Hands|Drain Punch|p2a: Kommo-o\n|-damage|p2a: Kommo-o|23\/100\n|\n|-heal|p2a: Kommo-o|29\/100|[from] Grassy Terrain\n|-heal|p1b: Landorus|74\/100|[from] item: Leftovers\n|upkeep\n|turn|4\n|\n|t:|1700970281\n|switch|p2b: Ogerpon|Ogerpon-Hearthflame, F|100\/100\n|-damage|p2b: Ogerpon|76\/100|[from] Stealth Rock\n|-ability|p2b: Ogerpon|Mold Breaker\n|move|p2a: Kommo-o|Protect|p2a: Kommo-o\n|-singleturn|p2a: Kommo-o|Protect\n|move|p1b: Landorus|Rock Slide|p2a: Kommo-o|[spread] p2b\n|-activate|p2a: Kommo-o|move: Protect\n|-supereffective|p2b: Ogerpon\n|-damage|p2b: Ogerpon|19\/100\n|move|p1a: Iron Hands|Drain Punch|p2a: Kommo-o\n|-activate|p2a: Kommo-o|move: Protect\n|\n|-heal|p2a: Kommo-o|36\/100|[from] Grassy Terrain\n|-heal|p2b: Ogerpon|25\/100|[from] Grassy Terrain\n|-heal|p1b: Landorus|80\/100|[from] item: Leftovers\n|upkeep\n|turn|5\n|\n|t:|1700970302\n|move|p2a: Kommo-o|Clanging Scales|p1b: Landorus|[spread] p1a,p1b\n|-damage|p1a: Iron Hands|16\/100\n|-damage|p1b: Landorus|0 fnt\n|faint|p1b: Landorus\n|-unboost|p2a: Kommo-o|def|1\n|move|p2b: Ogerpon|Ivy Cudgel|p1a: Iron Hands|[anim] Ivy Cudgel Fire\n|-damage|p1a: Iron Hands|0 fnt\n|faint|p1a: Iron Hands\n|-end|p1a: Iron Hands|Quark Drive|[silent]\n|\n|-heal|p2a: Kommo-o|42\/100|[from] Grassy Terrain\n|-heal|p2b: Ogerpon|31\/100|[from] Grassy Terrain\n|-fieldend|move: Grassy Terrain\n|upkeep\n|\n|t:|1700970315\n|switch|p1b: Ogerpon|Ogerpon-Hearthflame, F|100\/100\n|switch|p1a: Flutter Mane|Flutter Mane|100\/100\n|-ability|p1b: Ogerpon|Mold Breaker\n|-enditem|p1a: Flutter Mane|Booster Energy\n|-activate|p1a: Flutter Mane|ability: Protosynthesis|[fromitem]\n|-start|p1a: Flutter Mane|protosynthesisspa\n|turn|6\n|\n|t:|1700970328\n|switch|p2b: Rillaboom|Rillaboom, F|100\/100\n|-damage|p2b: Rillaboom|88\/100|[from] Stealth Rock\n|-fieldstart|move: Grassy Terrain|[from] ability: Grassy Surge|[of] p2b: Rillaboom\n|-terastallize|p1a: Flutter Mane|Fairy\n|move|p2a: Kommo-o|Protect|p2a: Kommo-o\n|-singleturn|p2a: Kommo-o|Protect\n|move|p1a: Flutter Mane|Dazzling Gleam|p2a: Kommo-o|[spread] p2b\n|-activate|p2a: Kommo-o|move: Protect\n|-damage|p2b: Rillaboom|37\/100\n|move|p1b: Ogerpon|Ivy Cudgel|p2a: Kommo-o|[anim] Ivy Cudgel Fire\n|-activate|p2a: Kommo-o|move: Protect\n|\n|-heal|p2a: Kommo-o|48\/100|[from] Grassy Terrain\n|-heal|p2b: Rillaboom|43\/100|[from] Grassy Terrain\n|upkeep\n|turn|7\n|inactive|Bohbohboh has 120 seconds left.\n|\n|t:|1700970364\n|move|p2b: Rillaboom|Fake Out|p1a: Flutter Mane\n|-damage|p1a: Flutter Mane|71\/100\n|move|p2a: Kommo-o|Clanging Scales|p1b: Ogerpon|[spread] p1b\n|-immune|p1a: Flutter Mane\n|-damage|p1b: Ogerpon|0 fnt\n|faint|p1b: Ogerpon\n|-unboost|p2a: Kommo-o|def|1\n|cant|p1a: Flutter Mane|flinch\n|\n|-heal|p2a: Kommo-o|54\/100|[from] Grassy Terrain\n|-heal|p1a: Flutter Mane|77\/100|[from] Grassy Terrain\n|-heal|p2b: Rillaboom|49\/100|[from] Grassy Terrain\n|upkeep\n|\n|t:|1700970383\n|switch|p1b: Sinistcha|Sinistcha-Masterpiece|100\/100\n|-heal|p1a: Flutter Mane|100\/100|[from] ability: Hospitality|[of] p1b: Sinistcha\n|turn|8\n|\n|t:|1700970402\n|move|p2a: Kommo-o|Protect|p2a: Kommo-o\n|-singleturn|p2a: Kommo-o|Protect\n|move|p1b: Sinistcha|Rage Powder|p1b: Sinistcha\n|-singleturn|p1b: Sinistcha|move: Rage Powder\n|move|p2b: Rillaboom|Grassy Glide|p1a: Flutter Mane\n|-damage|p1a: Flutter Mane|19\/100\n|move|p1a: Flutter Mane|Dazzling Gleam|p2a: Kommo-o|[spread] p2b\n|-activate|p2a: Kommo-o|move: Protect\n|-damage|p2b: Rillaboom|0 fnt\n|faint|p2b: Rillaboom\n|\n|-heal|p2a: Kommo-o|60\/100|[from] Grassy Terrain\n|-heal|p1a: Flutter Mane|25\/100|[from] Grassy Terrain\n|upkeep\n|\n|t:|1700970415\n|switch|p2b: Ogerpon|Ogerpon-Hearthflame, F|31\/100\n|-damage|p2b: Ogerpon|6\/100|[from] Stealth Rock\n|-ability|p2b: Ogerpon|Mold Breaker\n|turn|9\n|\n|t:|1700970428\n|move|p1b: Sinistcha|Rage Powder|p1b: Sinistcha\n|-singleturn|p1b: Sinistcha|move: Rage Powder\n|move|p2b: Ogerpon|Grassy Glide|p1a: Flutter Mane\n|-damage|p1a: Flutter Mane|0 fnt\n|faint|p1a: Flutter Mane\n|-end|p1a: Flutter Mane|Protosynthesis|[silent]\n|move|p2a: Kommo-o|Flamethrower|p1b: Sinistcha\n|-supereffective|p1b: Sinistcha\n|-damage|p1b: Sinistcha|0 fnt\n|faint|p1b: Sinistcha\n|\n|-heal|p2a: Kommo-o|66\/100|[from] Grassy Terrain\n|-heal|p2b: Ogerpon|12\/100|[from] Grassy Terrain\n|upkeep\n|-message|KageShinda forfeited.\n|\n|win|Bohbohboh\n|raw|KageShinda's rating: 1425 &rarr; <strong>1405<\/strong><br \/>(-20 for losing)\n|raw|Bohbohboh's rating: 1417 &rarr; <strong>1437<\/strong><br \/>(+20 for winning)\n|l|\u2606KageShinda\n","uploadtime":1700970441,"views":19,"p1id":"kageshinda","p2id":"bohbohboh","formatid":"gen9doublesou","rating":1405,"private":0,"password":""}