{"id":"gen9doublesou-1997592541","p1":"RUMYMOME","p2":"mimkiug","format":"[Gen 9] Doubles OU","log":"|j|\u2606RUMYMOME\n|j|\u2606mimkiug\n|inactive|Battle timer is ON: inactive players will automatically lose when time's up.\n|t:|1700830270\n|gametype|doubles\n|player|p1|RUMYMOME|marshal|\n|player|p2|mimkiug|steven|\n|teamsize|p1|6\n|teamsize|p2|6\n|gen|9\n|tier|[Gen 9] Doubles OU\n|rated|Tournament battle\n|rule|Species Clause: Limit one of each Pok\u00e9mon\n|rule|OHKO Clause: OHKO moves are banned\n|rule|Evasion Moves Clause: Evasion moves are banned\n|rule|Gravity Sleep Clause: The combination of sleep-inducing moves with imperfect accuracy and Gravity or Gigantamax Orbeetle are banned\n|rule|Endless Battle Clause: Forcing endless battles is banned\n|rule|HP Percentage Mod: HP is shown in percentages\n|rule|Camomons Mod: Pok\u00e9mon have their types set to match their first two moves.\n|clearpoke\n|poke|p1|Armarouge, M|\n|poke|p1|Kingambit, M|\n|poke|p1|Hatterene, F|\n|poke|p1|Torkoal, L99, M|\n|poke|p1|Iron Hands|\n|poke|p1|Indeedee-F, F|\n|poke|p2|Dragonite, M|\n|poke|p2|Ursaluna, M|\n|poke|p2|Amoonguss, F|\n|poke|p2|Kingambit, M|\n|poke|p2|Palafin, F|\n|poke|p2|Grimmsnarl, M|\n|teampreview\n|j|*Lady Monita \u2746\n|j| Bunnysai\n|\n|t:|1700830277\n|start\n|switch|p1a: Iron Hands|Iron Hands|100\/100\n|switch|p1b: Hatterene|Hatterene, F|100\/100\n|switch|p2a: Grimmsnarl|Grimmsnarl, M|100\/100\n|switch|p2b: Palafin|Palafin, F|100\/100\n|-start|p2b: Palafin|typechange|Fighting\/Water|[silent]\n|-start|p2a: Grimmsnarl|typechange|Normal\/Psychic|[silent]\n|-start|p1a: Iron Hands|typechange|Electric\/Normal|[silent]\n|-start|p1b: Hatterene|typechange|Fairy\/Psychic|[silent]\n|-start|p1a: Iron Hands|typechange|Electric\/Normal|[silent]\n|-start|p1b: Hatterene|typechange|Fairy\/Psychic|[silent]\n|-start|p2a: Grimmsnarl|typechange|Normal\/Psychic|[silent]\n|-start|p2b: Palafin|typechange|Fighting\/Water|[silent]\n|turn|1\n|\n|t:|1700830305\n|-end|p1a: Iron Hands|Quark Drive|[silent]\n|switch|p1a: Indeedee|Indeedee-F, F|100\/100\n|-start|p1a: Indeedee|typechange|Psychic|[silent]\n|-fieldstart|move: Psychic Terrain|[from] ability: Psychic Surge|[of] p1a: Indeedee\n|-enditem|p1a: Indeedee|Psychic Seed\n|-boost|p1a: Indeedee|spd|1|[from] item: Psychic Seed\n|move|p2a: Grimmsnarl|Fake Out|p1a: Indeedee\n|-activate|p1a: Indeedee|move: Psychic Terrain\n|move|p2b: Palafin|Flip Turn|p1b: Hatterene\n|-damage|p1b: Hatterene|73\/100\n|\n|t:|1700830316\n|detailschange|p2b: Palafin|Palafin-Hero, F\n|switch|p2b: Ursaluna|Ursaluna, M|100\/100|[from] Flip Turn\n|-start|p2b: Ursaluna|typechange|Dark\/Fighting|[silent]\n|move|p1b: Hatterene|Trick Room|p1b: Hatterene\n|-fieldstart|move: Trick Room|[of] p1b: Hatterene\n|\n|-status|p2b: Ursaluna|brn|[from] item: Flame Orb\n|upkeep\n|-start|p1a: Indeedee|typechange|Psychic|[silent]\n|-start|p2b: Ursaluna|typechange|Dark\/Fighting|[silent]\n|turn|2\n|\n|t:|1700830333\n|switch|p2a: Dragonite|Dragonite, M|100\/100\n|-start|p2a: Dragonite|typechange|Dragon|[silent]\n|move|p1b: Hatterene|Dazzling Gleam|p2b: Ursaluna|[spread] p2a,p2b\n|-supereffective|p2a: Dragonite\n|-supereffective|p2b: Ursaluna\n|-damage|p2a: Dragonite|62\/100\n|-damage|p2b: Ursaluna|0 fnt\n|faint|p2b: Ursaluna\n|move|p1a: Indeedee|Dazzling Gleam|p2a: Dragonite\n|-supereffective|p2a: Dragonite\n|-damage|p2a: Dragonite|10\/100\n|\n|upkeep\n|\n|t:|1700830342\n|switch|p2b: Palafin|Palafin-Hero, F|100\/100\n|-start|p2b: Palafin|typechange|Fighting\/Water|[silent]\n|-activate|p2b: Palafin|ability: Zero to Hero\n|-start|p2a: Dragonite|typechange|Dragon|[silent]\n|-start|p2b: Palafin|typechange|Fighting\/Water|[silent]\n|turn|3\n|\n|t:|1700830364\n|move|p1b: Hatterene|Dazzling Gleam|p2b: Palafin|[spread] p2a,p2b\n|-supereffective|p2a: Dragonite\n|-supereffective|p2b: Palafin\n|-damage|p2a: Dragonite|0 fnt\n|-damage|p2b: Palafin|44\/100\n|faint|p2a: Dragonite\n|move|p1a: Indeedee|Psychic|p2b: Palafin\n|-supereffective|p2b: Palafin\n|-damage|p2b: Palafin|0 fnt\n|faint|p2b: Palafin\n|\n|upkeep\n|j| RedChashmah\n|l| RedChashmah\n|\n|t:|1700830371\n|switch|p2a: Kingambit|Kingambit, M|100\/100\n|switch|p2b: Amoonguss|Amoonguss, F|100\/100\n|-start|p2b: Amoonguss|typechange|Grass\/Poison|[silent]\n|-start|p2a: Kingambit|typechange|Normal\/Steel|[silent]\n|-start|p2a: Kingambit|typechange|Normal\/Steel|[silent]\n|turn|4\n|\n|t:|1700830393\n|move|p2b: Amoonguss|Rage Powder|p2b: Amoonguss\n|-singleturn|p2b: Amoonguss|move: Rage Powder\n|move|p1b: Hatterene|Mystical Fire|p2b: Amoonguss\n|-supereffective|p2b: Amoonguss\n|-damage|p2b: Amoonguss|46\/100\n|-unboost|p2b: Amoonguss|spa|1\n|move|p2a: Kingambit|Iron Head|p1b: Hatterene\n|-supereffective|p1b: Hatterene\n|-damage|p1b: Hatterene|0 fnt\n|faint|p1b: Hatterene\n|move|p1a: Indeedee|Psychic|p2b: Amoonguss\n|-supereffective|p2b: Amoonguss\n|-crit|p2b: Amoonguss\n|-damage|p2b: Amoonguss|0 fnt\n|faint|p2b: Amoonguss\n|\n|upkeep\n|j| Darkybtw\n|\n|t:|1700830406\n|switch|p1b: Torkoal|Torkoal, L99, M|100\/100\n|switch|p2b: Grimmsnarl|Grimmsnarl, M|100\/100\n|-start|p1b: Torkoal|typechange|Fire|[silent]\n|-weather|SunnyDay|[from] ability: Drought|[of] p1b: Torkoal\n|-start|p2b: Grimmsnarl|typechange|Normal\/Psychic|[silent]\n|-start|p2b: Grimmsnarl|typechange|Normal\/Psychic|[silent]\n|turn|5\n|\n|t:|1700830423\n|move|p2b: Grimmsnarl|Reflect|p2b: Grimmsnarl\n|-sidestart|p2: mimkiug|Reflect\n|move|p1b: Torkoal|Eruption|p2b: Grimmsnarl|[spread] p2a,p2b\n|-supereffective|p2a: Kingambit\n|-enditem|p2a: Kingambit|Focus Sash\n|-damage|p2a: Kingambit|1\/100\n|-damage|p2b: Grimmsnarl|20\/100\n|move|p2a: Kingambit|Swords Dance|p2a: Kingambit\n|-boost|p2a: Kingambit|atk|2\n|move|p1a: Indeedee|Hyper Voice|p2a: Kingambit|[spread] p2a,p2b\n|-resisted|p2a: Kingambit\n|-damage|p2a: Kingambit|0 fnt\n|-damage|p2b: Grimmsnarl|0 fnt\n|faint|p2a: Kingambit\n|faint|p2b: Grimmsnarl\n|\n|win|RUMYMOME\n|n|\u2606RUMYMOME|rumymome\n|n|\u2606mimkiug|mimkiug\n|n|*Lady Monita \u2746|ladymonita\n|n| Bunnysai|bunnysai\n|n| Darkybtw|darkybtw\n","uploadtime":1700830424,"views":6,"p1id":"rumymome","p2id":"mimkiug","formatid":"gen9doublesou","rating":0,"private":0,"password":""}