{"id":"gen9doublesou-1981173260","p1":"Shedinjanigans","p2":"jzurf","format":"[Gen 9] Doubles OU","log":"|j|\u2606Shedinjanigans\n|j|\u2606jzurf\n|inactive|Battle timer is ON: inactive players will automatically lose when time's up.\n|t:|1698869570\n|gametype|doubles\n|player|p1|Shedinjanigans|clown|\n|player|p2|jzurf|101|\n|teamsize|p1|6\n|teamsize|p2|6\n|gen|9\n|tier|[Gen 9] Doubles OU\n|rated|Tournament battle\n|rule|Species Clause: Limit one of each Pok\u00e9mon\n|rule|OHKO Clause: OHKO moves are banned\n|rule|Evasion Moves Clause: Evasion moves are banned\n|rule|Gravity Sleep Clause: The combination of sleep-inducing moves with imperfect accuracy and Gravity or Gigantamax Orbeetle are banned\n|rule|Endless Battle Clause: Forcing endless battles is banned\n|rule|HP Percentage Mod: HP is shown in percentages\n|clearpoke\n|poke|p1|Perrserker, M|\n|poke|p1|Wingull, F|\n|poke|p1|Mareanie, F|\n|poke|p1|Bramblin, F|\n|poke|p1|Seedot, M|\n|poke|p1|Pawmo, F|\n|poke|p2|Overqwil, F|\n|poke|p2|Litleo, M|\n|poke|p2|Shroomish, M|\n|poke|p2|Slugma, F|\n|poke|p2|Drifloon, M|\n|poke|p2|Lotad, F|\n|teampreview\n|j|*Lady Monita \u263d\n|c|\u2606jzurf|gl!\n|inactive|Shedinjanigans has 120 seconds left.\n|c|\u2606Shedinjanigans|u2!\n|\n|t:|1698869624\n|start\n|switch|p1a: Wingull|Wingull, F|100\/100\n|switch|p1b: Bramblin|Bramblin, F|100\/100\n|switch|p2a: Overqwil|Overqwil, F|100\/100\n|switch|p2b: Shroomish|Shroomish, M|100\/100\n|-ability|p2a: Overqwil|Intimidate|boost\n|-unboost|p1a: Wingull|atk|1\n|-unboost|p1b: Bramblin|atk|1\n|turn|1\n|j| Foosyyy\n|\n|t:|1698869645\n|move|p1a: Wingull|Tailwind|p1a: Wingull\n|-sidestart|p1: Shedinjanigans|move: Tailwind\n|-ability|p1b: Bramblin|Wind Rider|boost\n|-boost|p1b: Bramblin|atk|1\n|move|p1b: Bramblin|Poltergeist|p2b: Shroomish\n|-activate|p2b: Shroomish|move: Poltergeist|Eviolite\n|-damage|p2b: Shroomish|54\/100\n|-damage|p1b: Bramblin|91\/100|[from] item: Life Orb\n|move|p2a: Overqwil|Swords Dance|p2a: Overqwil\n|-boost|p2a: Overqwil|atk|2\n|move|p2b: Shroomish|Spore|p1a: Wingull\n|-status|p1a: Wingull|slp|[from] move: Spore\n|\n|upkeep\n|turn|2\n|inactive|Shedinjanigans has 120 seconds left.\n|\n|t:|1698869689\n|switch|p1a: Mareanie|Mareanie, F|100\/100\n|move|p1b: Bramblin|Poltergeist|p2b: Shroomish\n|-activate|p2b: Shroomish|move: Poltergeist|Eviolite\n|-damage|p2b: Shroomish|9\/100\n|-damage|p1b: Bramblin|81\/100|[from] item: Life Orb\n|move|p2a: Overqwil|Gunk Shot|p1b: Bramblin|[miss]\n|-miss|p2a: Overqwil|p1b: Bramblin\n|move|p2b: Shroomish|Leech Seed|p1a: Mareanie\n|-start|p1a: Mareanie|move: Leech Seed\n|\n|-damage|p1a: Mareanie|88\/100|[from] Leech Seed|[of] p2b: Shroomish\n|-heal|p2b: Shroomish|23\/100|[silent]\n|upkeep\n|turn|3\n|inactive|Shedinjanigans has 120 seconds left.\n|\n|t:|1698869712\n|move|p2b: Shroomish|Protect|p2b: Shroomish\n|-singleturn|p2b: Shroomish|Protect\n|move|p1b: Bramblin|Poltergeist|p2b: Shroomish\n|-activate|p2b: Shroomish|move: Protect\n|move|p2a: Overqwil|Gunk Shot|p1b: Bramblin\n|-damage|p1b: Bramblin|0 fnt\n|faint|p1b: Bramblin\n|move|p1a: Mareanie|Icy Wind|p2a: Overqwil|[spread] p2a\n|-activate|p2b: Shroomish|move: Protect\n|-crit|p2a: Overqwil\n|-damage|p2a: Overqwil|90\/100\n|-unboost|p2a: Overqwil|spe|1\n|\n|-heal|p2a: Overqwil|96\/100|[from] item: Leftovers\n|-damage|p1a: Mareanie|76\/100|[from] Leech Seed|[of] p2b: Shroomish\n|-heal|p2b: Shroomish|36\/100|[silent]\n|upkeep\n|j| DIMU179\n|\n|t:|1698869721\n|switch|p1b: Pawmo|Pawmo, F|100\/100\n|turn|4\n|inactive|Shedinjanigans has 120 seconds left.\n|\n|t:|1698869749\n|switch|p1a: Perrserker|Perrserker, M|100\/100\n|switch|p2a: Drifloon|Drifloon, M|100\/100\n|move|p1b: Pawmo|Fake Out|p2b: Shroomish\n|-damage|p2b: Shroomish|28\/100\n|cant|p2b: Shroomish|flinch\n|\n|-sideend|p1: Shedinjanigans|move: Tailwind\n|upkeep\n|turn|5\n|\n|t:|1698869775\n|switch|p2a: Overqwil|Overqwil, F|96\/100\n|-ability|p2a: Overqwil|Intimidate|boost\n|-unboost|p1a: Perrserker|atk|1\n|-unboost|p1b: Pawmo|atk|1\n|move|p1b: Pawmo|Bite|p2a: Overqwil\n|-resisted|p2a: Overqwil\n|-damage|p2a: Overqwil|91\/100\n|move|p1a: Perrserker|Iron Head|p2b: Shroomish\n|-damage|p2b: Shroomish|0 fnt\n|faint|p2b: Shroomish\n|\n|-heal|p2a: Overqwil|97\/100|[from] item: Leftovers\n|upkeep\n|inactive|jzurf has 120 seconds left.\n|\n|t:|1698869797\n|switch|p2b: Lotad|Lotad, F|100\/100\n|turn|6\n|\n|t:|1698869814\n|switch|p2a: Slugma|Slugma, F|100\/100\n|-terastallize|p1a: Perrserker|Steel\n|move|p1b: Pawmo|Helping Hand|p1a: Perrserker\n|-singleturn|p1a: Perrserker|Helping Hand|[of] p1b: Pawmo\n|move|p1a: Perrserker|Iron Head|p2a: Slugma\n|-resisted|p2a: Slugma\n|-damage|p2a: Slugma|16\/100\n|move|p2b: Lotad|Icy Wind|p1a: Perrserker|[spread] p1a,p1b\n|-resisted|p1a: Perrserker\n|-damage|p1a: Perrserker|97\/100\n|-damage|p1b: Pawmo|88\/100\n|-unboost|p1a: Perrserker|spe|1\n|-unboost|p1b: Pawmo|spe|1\n|\n|upkeep\n|turn|7\n|inactive|jzurf has 120 seconds left.\n|inactive|Shedinjanigans has 120 seconds left.\n|inactive|jzurf has 90 seconds left.\n|\n|t:|1698869876\n|move|p1b: Pawmo|Volt Switch|p2b: Lotad\n|-damage|p2b: Lotad|86\/100\n|\n|t:|1698869884\n|switch|p1b: Seedot|Seedot, M|100\/100|[from] Volt Switch\n|move|p2b: Lotad|Leech Seed|p1b: Seedot\n|-immune|p1b: Seedot\n|move|p1a: Perrserker|Iron Head|p2a: Slugma\n|-resisted|p2a: Slugma\n|-damage|p2a: Slugma|0 fnt\n|-status|p1a: Perrserker|brn|[from] ability: Flame Body|[of] p2a: Slugma\n|faint|p2a: Slugma\n|\n|-damage|p1a: Perrserker|91\/100 brn|[from] brn\n|upkeep\n|inactive|jzurf has 90 seconds left.\n|\n|t:|1698869900\n|switch|p2a: Litleo|Litleo, M|100\/100\n|-ability|p2a: Litleo|Unnerve\n|turn|8\n|\n|t:|1698869917\n|switch|p1a: Mareanie|Mareanie, F|76\/100\n|move|p1b: Seedot|Protect|p1b: Seedot\n|-singleturn|p1b: Seedot|Protect\n|move|p2a: Litleo|Hyper Voice|p1a: Mareanie|[spread] p1a\n|-activate|p1b: Seedot|move: Protect\n|-damage|p1a: Mareanie|41\/100\n|-enditem|p2a: Litleo|Throat Spray\n|-boost|p2a: Litleo|spa|1|[from] item: Throat Spray\n|move|p2b: Lotad|Teeter Dance|p1a: Mareanie|[spread] p2a,p1a\n|-activate|p1b: Seedot|move: Protect\n|-start|p2a: Litleo|confusion\n|-start|p1a: Mareanie|confusion\n|\n|upkeep\n|turn|9\n|inactive|jzurf has 120 seconds left.\n|\n|t:|1698869939\n|-activate|p2a: Litleo|confusion\n|move|p2a: Litleo|Hyper Voice|p1a: Mareanie|[spread] p1a,p1b\n|-damage|p1a: Mareanie|0 fnt\n|-damage|p1b: Seedot|25\/100\n|faint|p1a: Mareanie\n|move|p1b: Seedot|Amnesia|p1b: Seedot\n|-boost|p1b: Seedot|spd|2\n|move|p2b: Lotad|Icy Wind|p1b: Seedot|[miss]\n|-miss|p2b: Lotad|p1b: Seedot\n|\n|upkeep\n|\n|t:|1698869943\n|switch|p1a: Pawmo|Pawmo, F|88\/100\n|turn|10\n|\n|t:|1698869958\n|switch|p2a: Drifloon|Drifloon, M|100\/100\n|move|p1a: Pawmo|Fake Out|p2a: Drifloon\n|-immune|p2a: Drifloon\n|move|p2b: Lotad|Icy Wind|p1b: Seedot|[spread] p1a,p1b\n|-supereffective|p1b: Seedot\n|-damage|p1a: Pawmo|76\/100\n|-damage|p1b: Seedot|16\/100\n|-unboost|p1a: Pawmo|spe|1\n|-unboost|p1b: Seedot|spe|1\n|move|p1b: Seedot|Leech Seed|p2a: Drifloon\n|-start|p2a: Drifloon|move: Leech Seed\n|\n|-damage|p2a: Drifloon|88\/100|[from] Leech Seed|[of] p1b: Seedot\n|-heal|p1b: Seedot|29\/100|[silent]\n|upkeep\n|turn|11\n|c| Foosyyy|no revival blessing?\n|\n|t:|1698869992\n|switch|p2a: Overqwil|Overqwil, F|97\/100\n|-ability|p2a: Overqwil|Intimidate|boost\n|-unboost|p1a: Pawmo|atk|1\n|-unboost|p1b: Seedot|atk|1\n|move|p1a: Pawmo|Bite|p2a: Overqwil\n|-resisted|p2a: Overqwil\n|-damage|p2a: Overqwil|91\/100\n|move|p2b: Lotad|Icy Wind|p1b: Seedot|[spread] p1a,p1b\n|-supereffective|p1b: Seedot\n|-damage|p1a: Pawmo|63\/100\n|-damage|p1b: Seedot|20\/100\n|-unboost|p1a: Pawmo|spe|1\n|-unboost|p1b: Seedot|spe|1\n|move|p1b: Seedot|Rest|p1b: Seedot\n|-status|p1b: Seedot|slp|[from] move: Rest\n|-heal|p1b: Seedot|100\/100 slp|[silent]\n|\n|-heal|p2a: Overqwil|98\/100|[from] item: Leftovers\n|upkeep\n|turn|12\n|\n|t:|1698870014\n|switch|p1a: Wingull|Wingull, F|100\/100 slp\n|move|p2a: Overqwil|Gunk Shot|p1b: Seedot\n|-supereffective|p1b: Seedot\n|-damage|p1b: Seedot|0 fnt\n|faint|p1b: Seedot\n|move|p2b: Lotad|Leech Seed|p1a: Wingull\n|-start|p1a: Wingull|move: Leech Seed\n|\n|-heal|p2a: Overqwil|100\/100|[from] item: Leftovers\n|-damage|p1a: Wingull|88\/100 slp|[from] Leech Seed|[of] p2b: Lotad\n|-heal|p2b: Lotad|97\/100|[silent]\n|upkeep\n|\n|t:|1698870020\n|switch|p1b: Perrserker|Perrserker, M, tera:Steel|91\/100 brn\n|turn|13\n|\n|t:|1698870034\n|switch|p2a: Drifloon|Drifloon, M|88\/100\n|cant|p1a: Wingull|slp\n|move|p1b: Perrserker|Iron Head|p2a: Drifloon\n|-damage|p2a: Drifloon|0 fnt\n|faint|p2a: Drifloon\n|move|p2b: Lotad|Icy Wind|p1b: Perrserker|[spread] p1a,p1b\n|-resisted|p1b: Perrserker\n|-damage|p1a: Wingull|70\/100 slp\n|-damage|p1b: Perrserker|88\/100 brn\n|-unboost|p1a: Wingull|spe|1\n|-unboost|p1b: Perrserker|spe|1\n|\n|-damage|p1a: Wingull|58\/100 slp|[from] Leech Seed|[of] p2b: Lotad\n|-heal|p2b: Lotad|100\/100|[silent]\n|-damage|p1b: Perrserker|82\/100 brn|[from] brn\n|upkeep\n|\n|t:|1698870049\n|switch|p2a: Litleo|Litleo, M|100\/100\n|-ability|p2a: Litleo|Unnerve\n|turn|14\n|inactive|jzurf has 120 seconds left.\n|\n|t:|1698870092\n|move|p2a: Litleo|Heat Wave|p1a: Wingull|[spread] p1a\n|-miss|p2a: Litleo|p1b: Perrserker\n|-resisted|p1a: Wingull\n|-damage|p1a: Wingull|9\/100 slp\n|cant|p1a: Wingull|slp\n|move|p2b: Lotad|Icy Wind|p1b: Perrserker|[spread] p1a,p1b\n|-resisted|p1b: Perrserker\n|-damage|p1a: Wingull|0 fnt\n|-damage|p1b: Perrserker|78\/100 brn\n|-unboost|p1b: Perrserker|spe|1\n|faint|p1a: Wingull\n|move|p1b: Perrserker|Iron Head|p2a: Litleo\n|-resisted|p2a: Litleo\n|-damage|p2a: Litleo|35\/100\n|\n|-damage|p1b: Perrserker|72\/100 brn|[from] brn\n|upkeep\n|inactive|Shedinjanigans has 120 seconds left.\n|\n|t:|1698870120\n|switch|p1a: Pawmo|Pawmo, F|63\/100\n|turn|15\n|inactive|Shedinjanigans has 120 seconds left.\n|inactive|jzurf has 120 seconds left.\n|\n|t:|1698870150\n|move|p1a: Pawmo|Fake Out|p2a: Litleo\n|-damage|p2a: Litleo|14\/100\n|cant|p2a: Litleo|flinch\n|move|p2b: Lotad|Leech Seed|p1a: Pawmo\n|-start|p1a: Pawmo|move: Leech Seed\n|move|p1b: Perrserker|Iron Head|p2a: Litleo\n|-resisted|p2a: Litleo\n|-damage|p2a: Litleo|0 fnt\n|faint|p2a: Litleo\n|\n|-damage|p1a: Pawmo|51\/100|[from] Leech Seed|[of] p2b: Lotad\n|-damage|p1b: Perrserker|66\/100 brn|[from] brn\n|upkeep\n|\n|t:|1698870161\n|switch|p2a: Overqwil|Overqwil, F|100\/100\n|-ability|p2a: Overqwil|Intimidate|boost\n|-unboost|p1a: Pawmo|atk|1\n|-unboost|p1b: Perrserker|atk|1\n|turn|16\n|inactive|jzurf has 120 seconds left.\n|j| Oscarx90\n|inactive|jzurf has 90 seconds left.\n|\n|t:|1698870207\n|-terastallize|p2a: Overqwil|Water\n|move|p1a: Pawmo|Helping Hand|p1b: Perrserker\n|-singleturn|p1b: Perrserker|Helping Hand|[of] p1a: Pawmo\n|move|p2a: Overqwil|Liquidation|p1a: Pawmo\n|-damage|p1a: Pawmo|0 fnt\n|faint|p1a: Pawmo\n|move|p2b: Lotad|Leech Seed|p1b: Perrserker\n|-start|p1b: Perrserker|move: Leech Seed\n|move|p1b: Perrserker|Iron Head|p2a: Overqwil\n|-resisted|p2a: Overqwil\n|-damage|p2a: Overqwil|66\/100\n|\n|-heal|p2a: Overqwil|72\/100|[from] item: Leftovers\n|-damage|p1b: Perrserker|54\/100 brn|[from] Leech Seed|[of] p2b: Lotad\n|-damage|p1b: Perrserker|47\/100 brn|[from] brn\n|upkeep\n|turn|17\n|inactive|Shedinjanigans has 120 seconds left.\n|c| Foosyyy|perrserker on life support bruh\n|j| Calamarimar\n|l| Calamarimar\n|inactive|Shedinjanigans has 90 seconds left.\n|inactive|Shedinjanigans has 60 seconds left.\n|c| Foosyyy|is blud really wasting time\n|c|\u2606jzurf|Perrserker has them towelie eyes\n|inactive|Shedinjanigans has 30 seconds left.\n|c|\u2606jzurf|Looks faded\n|inactive|Shedinjanigans has 20 seconds left.\n|inactive|Shedinjanigans has 15 seconds left.\n|inactive|Shedinjanigans has 10 seconds left.\n|inactive|Shedinjanigans has 5 seconds left.\n|c|\u2606jzurf|gg\n|-message|Shedinjanigans lost due to inactivity.\n|\n|win|jzurf\n|n|\u2606Shedinjanigans|shedinjanigans\n|n|\u2606jzurf|jzurf\n|n|*Lady Monita \u263d|ladymonita\n|n| Foosyyy|foosyyy\n|n| DIMU179|dimu179\n|n| Oscarx90|oscarx90\n","uploadtime":1698870358,"views":16,"p1id":"shedinjanigans","p2id":"jzurf","formatid":"gen9doublesou","rating":0,"private":0,"password":""}