{"id":"gen9doublesou-1998998739","p1":"Penter","p2":"Goomy Guy12345","format":"[Gen 9] Doubles OU","log":"|j|\u2606Penter\n|j|\u2606Goomy Guy12345\n|inactive|Battle timer is ON: inactive players will automatically lose when time's up.\n|t:|1701022315\n|gametype|doubles\n|player|p1|Penter|n|\n|player|p2|Goomy Guy12345|lucas|\n|teamsize|p1|6\n|teamsize|p2|6\n|gen|9\n|tier|[Gen 9] Doubles OU\n|rated|Tournament battle\n|rule|Species Clause: Limit one of each Pok\u00e9mon\n|rule|OHKO Clause: OHKO moves are banned\n|rule|Evasion Moves Clause: Evasion moves are banned\n|rule|Gravity Sleep Clause: The combination of sleep-inducing moves with imperfect accuracy and Gravity or Gigantamax Orbeetle are banned\n|rule|Endless Battle Clause: Forcing endless battles is banned\n|rule|HP Percentage Mod: HP is shown in percentages\n|clearpoke\n|poke|p1|Glimmora, F|\n|poke|p1|Gholdengo|\n|poke|p1|Iron Hands|\n|poke|p1|Landorus-Therian, M|\n|poke|p1|Tornadus, M|\n|poke|p1|Ogerpon-Hearthflame, F|\n|poke|p2|Ting-Lu|\n|poke|p2|Landorus-Therian, M|\n|poke|p2|Rillaboom, M|\n|poke|p2|Sinistcha|\n|poke|p2|Typhlosion, F|\n|poke|p2|Torkoal, F|\n|teampreview\n|j|*Lady Monita \u2746\n|j| BB-8-NU\n|inactive|Penter has 120 seconds left.\n|c|\u2606Goomy Guy12345|Gl\n|j| chalk_prinze\n|c|\u2606Penter|hf\n|inactive|Penter has 90 seconds left.\n|\n|t:|1701022384\n|start\n|switch|p1a: Landorus|Landorus-Therian, M|100\/100\n|switch|p1b: Tornadus|Tornadus, M|100\/100\n|switch|p2a: Sinistcha|Sinistcha|100\/100\n|switch|p2b: Rillaboom|Rillaboom, M|100\/100\n|-ability|p1a: Landorus|Intimidate|boost\n|-unboost|p2a: Sinistcha|atk|1\n|-unboost|p2b: Rillaboom|atk|1\n|-fieldstart|move: Grassy Terrain|[from] ability: Grassy Surge|[of] p2b: Rillaboom\n|turn|1\n|\n|t:|1701022406\n|switch|p2b: Landorus|Landorus-Therian, M|100\/100\n|-ability|p2b: Landorus|Intimidate|boost\n|-unboost|p1a: Landorus|atk|1\n|-unboost|p1b: Tornadus|atk|1\n|move|p1b: Tornadus|Protect|p1b: Tornadus\n|-singleturn|p1b: Tornadus|Protect\n|move|p1a: Landorus|U-turn|p2b: Landorus\n|-resisted|p2b: Landorus\n|-damage|p2b: Landorus|89\/100\n|-damage|p1a: Landorus|84\/100|[from] item: Rocky Helmet|[of] p2b: Landorus\n|inactive|Penter has 120 seconds left.\n|\n|t:|1701022441\n|switch|p1a: Ogerpon|Ogerpon-Hearthflame, F|100\/100|[from] U-turn\n|-ability|p1a: Ogerpon|Mold Breaker\n|move|p2a: Sinistcha|Giga Drain|p1a: Ogerpon\n|-resisted|p1a: Ogerpon\n|-damage|p1a: Ogerpon|87\/100\n|\n|-heal|p1a: Ogerpon|93\/100|[from] Grassy Terrain\n|upkeep\n|turn|2\n|\n|t:|1701022457\n|-terastallize|p2a: Sinistcha|Water\n|move|p2b: Landorus|Rock Slide|p1a: Ogerpon|[spread] p1a,p1b\n|-supereffective|p1a: Ogerpon\n|-supereffective|p1b: Tornadus\n|-damage|p1a: Ogerpon|49\/100\n|-damage|p1b: Tornadus|57\/100\n|move|p1a: Ogerpon|Wood Hammer|p2b: Landorus\n|-damage|p2b: Landorus|0 fnt\n|-damage|p1a: Ogerpon|32\/100|[from] item: Rocky Helmet|[of] p2b: Landorus\n|faint|p2b: Landorus\n|-damage|p1a: Ogerpon|7\/100|[from] Recoil\n|cant|p1b: Tornadus|flinch\n|move|p2a: Sinistcha|Scald|p1a: Ogerpon\n|-damage|p1a: Ogerpon|0 fnt\n|faint|p1a: Ogerpon\n|\n|upkeep\n|inactive|Goomy Guy12345 has 120 seconds left.\n|\n|t:|1701022496\n|switch|p2b: Ting-Lu|Ting-Lu|100\/100\n|switch|p1a: Glimmora|Glimmora, F|100\/100\n|-ability|p2b: Ting-Lu|Vessel of Ruin\n|turn|3\n|j| Wooshmania\n|inactive|Penter has 120 seconds left.\n|\n|t:|1701022530\n|move|p1b: Tornadus|Taunt|p2a: Sinistcha\n|-start|p2a: Sinistcha|move: Taunt\n|move|p1a: Glimmora|Stealth Rock|p2b: Ting-Lu\n|-sidestart|p2: Goomy Guy12345|move: Stealth Rock\n|move|p2a: Sinistcha|Scald|p1a: Glimmora\n|-supereffective|p1a: Glimmora\n|-damage|p1a: Glimmora|17\/100\n|move|p2b: Ting-Lu|Rock Slide|p1a: Glimmora|[spread] p1a,p1b\n|-supereffective|p1b: Tornadus\n|-damage|p1a: Glimmora|0 fnt\n|-damage|p1b: Tornadus|15\/100\n|-activate|p1a: Glimmora|ability: Toxic Debris\n|-sidestart|p2: Goomy Guy12345|move: Toxic Spikes\n|faint|p1a: Glimmora\n|\n|upkeep\n|inactive|Penter has 120 seconds left.\n|\n|t:|1701022545\n|switch|p1a: Iron Hands|Iron Hands|100\/100\n|turn|4\n|\n|t:|1701022559\n|move|p1a: Iron Hands|Protect|p1a: Iron Hands\n|-singleturn|p1a: Iron Hands|Protect\n|move|p1b: Tornadus|Bleakwind Storm|p2b: Ting-Lu|[spread] p2a,p2b\n|-damage|p2a: Sinistcha|66\/100\n|-damage|p2b: Ting-Lu|81\/100\n|-unboost|p2b: Ting-Lu|spe|1\n|move|p2a: Sinistcha|Giga Drain|p1a: Iron Hands\n|-activate|p1a: Iron Hands|move: Protect\n|move|p2b: Ting-Lu|Rock Slide|p1b: Tornadus|[spread] p1b\n|-activate|p1a: Iron Hands|move: Protect\n|-supereffective|p1b: Tornadus\n|-damage|p1b: Tornadus|0 fnt\n|faint|p1b: Tornadus\n|\n|-heal|p2a: Sinistcha|72\/100|[from] Grassy Terrain\n|-heal|p2a: Sinistcha|78\/100|[from] item: Leftovers\n|-heal|p2b: Ting-Lu|87\/100|[from] Grassy Terrain\n|-heal|p2b: Ting-Lu|93\/100|[from] item: Leftovers\n|upkeep\n|\n|t:|1701022566\n|switch|p1b: Landorus|Landorus-Therian, M|84\/100\n|-ability|p1b: Landorus|Intimidate|boost\n|-unboost|p2a: Sinistcha|atk|1\n|-unboost|p2b: Ting-Lu|atk|1\n|turn|5\n|\n|t:|1701022578\n|switch|p2b: Rillaboom|Rillaboom, M|100\/100\n|-damage|p2b: Rillaboom|88\/100|[from] Stealth Rock\n|-status|p2b: Rillaboom|psn\n|-terastallize|p1a: Iron Hands|Grass\n|move|p1b: Landorus|U-turn|p2b: Rillaboom\n|-supereffective|p2b: Rillaboom\n|-damage|p2b: Rillaboom|29\/100 psn\n|\n|t:|1701022580\n|switch|p1b: Gholdengo|Gholdengo|100\/100|[from] U-turn\n|move|p2a: Sinistcha|Scald|p1b: Gholdengo\n|-damage|p1b: Gholdengo|45\/100\n|move|p1a: Iron Hands|Swords Dance|p1a: Iron Hands\n|-boost|p1a: Iron Hands|atk|2\n|\n|-heal|p1b: Gholdengo|51\/100|[from] Grassy Terrain\n|-heal|p2b: Rillaboom|35\/100 psn|[from] Grassy Terrain\n|-heal|p2b: Rillaboom|41\/100 psn|[from] item: Leftovers\n|-heal|p2a: Sinistcha|84\/100|[from] Grassy Terrain\n|-heal|p2a: Sinistcha|90\/100|[from] item: Leftovers\n|-damage|p2b: Rillaboom|29\/100 psn|[from] psn\n|-end|p2a: Sinistcha|move: Taunt\n|-fieldend|move: Grassy Terrain\n|upkeep\n|turn|6\n|inactive|Penter has 120 seconds left.\n|inactive|Penter has 90 seconds left.\n|\n|t:|1701022653\n|move|p1a: Iron Hands|Protect|p1a: Iron Hands\n|-singleturn|p1a: Iron Hands|Protect\n|move|p1b: Gholdengo|Make It Rain|p2b: Rillaboom|[spread] p2a,p2b\n|-resisted|p2a: Sinistcha\n|-damage|p2a: Sinistcha|62\/100\n|-damage|p2b: Rillaboom|0 fnt\n|-unboost|p1b: Gholdengo|spa|1\n|faint|p2b: Rillaboom\n|move|p2a: Sinistcha|Shadow Ball|p1b: Gholdengo\n|-supereffective|p1b: Gholdengo\n|-damage|p1b: Gholdengo|0 fnt\n|faint|p1b: Gholdengo\n|\n|-heal|p2a: Sinistcha|68\/100|[from] item: Leftovers\n|upkeep\n|\n|t:|1701022665\n|switch|p2b: Ting-Lu|Ting-Lu|93\/100\n|switch|p1b: Landorus|Landorus-Therian, M|84\/100\n|-ability|p1b: Landorus|Intimidate|boost\n|-unboost|p2a: Sinistcha|atk|1\n|-unboost|p2b: Ting-Lu|atk|1\n|-damage|p2b: Ting-Lu|87\/100|[from] Stealth Rock\n|-status|p2b: Ting-Lu|psn\n|-ability|p2b: Ting-Lu|Vessel of Ruin\n|turn|7\n|inactive|Penter has 120 seconds left.\n|\n|t:|1701022688\n|move|p2b: Ting-Lu|Protect|p2b: Ting-Lu\n|-singleturn|p2b: Ting-Lu|Protect\n|move|p1b: Landorus|Rock Slide|p2b: Ting-Lu|[spread] p2a\n|-activate|p2b: Ting-Lu|move: Protect\n|-crit|p2a: Sinistcha\n|-damage|p2a: Sinistcha|37\/100\n|move|p2a: Sinistcha|Scald|p1b: Landorus\n|-supereffective|p1b: Landorus\n|-damage|p1b: Landorus|7\/100\n|move|p1a: Iron Hands|Drain Punch|p2a: Sinistcha\n|-damage|p2a: Sinistcha|0 fnt\n|faint|p2a: Sinistcha\n|\n|-heal|p2b: Ting-Lu|93\/100 psn|[from] item: Leftovers\n|-damage|p2b: Ting-Lu|81\/100 psn|[from] psn\n|upkeep\n|\n|t:|1701022702\n|switch|p2a: Torkoal|Torkoal, F|100\/100\n|-damage|p2a: Torkoal|75\/100|[from] Stealth Rock\n|-status|p2a: Torkoal|psn\n|-weather|SunnyDay|[from] ability: Drought|[of] p2a: Torkoal\n|turn|8\n|inactive|Penter has 120 seconds left.\n|j| jubgrdhjj\n|j| Anghult\n|\n|t:|1701022738\n|move|p1b: Landorus|Rock Slide|p2b: Ting-Lu|[spread] p2a,p2b\n|-supereffective|p2a: Torkoal\n|-resisted|p2b: Ting-Lu\n|-damage|p2a: Torkoal|44\/100 psn\n|-damage|p2b: Ting-Lu|74\/100 psn\n|move|p1a: Iron Hands|Drain Punch|p2a: Torkoal\n|-damage|p2a: Torkoal|0 fnt\n|faint|p2a: Torkoal\n|move|p2b: Ting-Lu|Rock Slide|p1a: Iron Hands|[spread] p1a,p1b\n|-damage|p1a: Iron Hands|92\/100\n|-damage|p1b: Landorus|0 fnt\n|faint|p1b: Landorus\n|\n|-weather|SunnyDay|[upkeep]\n|-heal|p2b: Ting-Lu|80\/100 psn|[from] item: Leftovers\n|-damage|p2b: Ting-Lu|68\/100 psn|[from] psn\n|upkeep\n|\n|t:|1701022747\n|switch|p2a: Typhlosion|Typhlosion, F|100\/100\n|-damage|p2a: Typhlosion|76\/100|[from] Stealth Rock\n|-status|p2a: Typhlosion|psn\n|turn|9\n|c| chalk_prinze|omg\n|c| chalk_prinze|the myth the legend\n|c| chalk_prinze|is gonna do it\n|inactive|Penter has 120 seconds left.\n|inactive|Penter has 90 seconds left.\n|\n|t:|1701022805\n|move|p1a: Iron Hands|Protect|p1a: Iron Hands\n|-singleturn|p1a: Iron Hands|Protect\n|move|p2a: Typhlosion|Heat Wave|p1a: Iron Hands\n|-activate|p1a: Iron Hands|move: Protect\n|move|p2b: Ting-Lu|Throat Chop|p1a: Iron Hands\n|-activate|p1a: Iron Hands|move: Protect\n|\n|-weather|SunnyDay|[upkeep]\n|-heal|p2b: Ting-Lu|74\/100 psn|[from] item: Leftovers\n|-damage|p2a: Typhlosion|63\/100 psn|[from] psn\n|-damage|p2b: Ting-Lu|61\/100 psn|[from] psn\n|upkeep\n|turn|10\n|\n|t:|1701022818\n|move|p2a: Typhlosion|Heat Wave|p1a: Iron Hands|[miss]\n|-miss|p2a: Typhlosion|p1a: Iron Hands\n|move|p1a: Iron Hands|Drain Punch|p2a: Typhlosion\n|-damage|p2a: Typhlosion|0 fnt\n|-heal|p1a: Iron Hands|100\/100|[from] drain|[of] p2a: Typhlosion\n|faint|p2a: Typhlosion\n|move|p2b: Ting-Lu|Throat Chop|p1a: Iron Hands\n|-damage|p1a: Iron Hands|83\/100\n|-start|p1a: Iron Hands|Throat Chop|[silent]\n|\n|-weather|SunnyDay|[upkeep]\n|-heal|p2b: Ting-Lu|68\/100 psn|[from] item: Leftovers\n|-damage|p2b: Ting-Lu|55\/100 psn|[from] psn\n|upkeep\n|turn|11\n|\n|t:|1701022824\n|move|p1a: Iron Hands|Drain Punch|p2b: Ting-Lu\n|-supereffective|p2b: Ting-Lu\n|-damage|p2b: Ting-Lu|0 fnt\n|-heal|p1a: Iron Hands|100\/100|[from] drain|[of] p2b: Ting-Lu\n|faint|p2b: Ting-Lu\n|\n|win|Penter\n|n|\u2606Penter|penter\n|n|\u2606Goomy Guy12345|goomyguy12345\n|n|*Lady Monita \u2746|ladymonita\n|n| BB-8-NU|bb8nu\n|n| chalk_prinze|chalkprinze\n|n| Wooshmania|wooshmania\n|n| jubgrdhjj|jubgrdhjj\n|n| Anghult|anghult\n|l|*Lady Monita \u2746\n|l| BB-8-NU\n|c| jubgrdhjj|no way\n|c|\u2606Goomy Guy12345|Gg\n|c| chalk_prinze|nooo\n|c| chalk_prinze|how\n|c| Wooshmania|Wowwwww\n|c| chalk_prinze|penter is a myth\n|c| chalk_prinze|bye\n","uploadtime":1701022917,"views":8,"p1id":"penter","p2id":"goomyguy12345","formatid":"gen9doublesou","rating":0,"private":0,"password":""}