{"id":"gen9doublesou-1979764619","p1":"StellarEcl1pse","p2":"HEAVY-DUTY B0OTY","format":"[Gen 9] Doubles OU","log":"|j|\u2606StellarEcl1pse\n|j|\u2606HEAVY-DUTY B0OTY\n|inactive|Battle timer is ON: inactive players will automatically lose when time's up.\n|t:|1698710854\n|gametype|doubles\n|player|p1|StellarEcl1pse|liza-masters|\n|player|p2|HEAVY-DUTY B0OTY|swimmerf-gen6|\n|teamsize|p1|2\n|teamsize|p2|2\n|gen|9\n|tier|[Gen 9] Doubles OU\n|rated|Tournament battle\n|rule|Species Clause: Limit one of each Pok\u00e9mon\n|rule|OHKO Clause: OHKO moves are banned\n|rule|Evasion Moves Clause: Evasion moves are banned\n|rule|Gravity Sleep Clause: The combination of sleep-inducing moves with imperfect accuracy and Gravity or Gigantamax Orbeetle are banned\n|rule|Endless Battle Clause: Forcing endless battles is banned\n|rule|HP Percentage Mod: HP is shown in percentages\n|clearpoke\n|poke|p1|Charizard, M|\n|poke|p1|Tsareena, F|\n|poke|p2|Amoonguss, M|\n|poke|p2|Wyrdeer, F|\n|teampreview\n|j|*Lady Monita \u263d\n|inactive|StellarEcl1pse also wants the timer to be on.\n|j| Legobff\n|c|\u2606HEAVY-DUTY B0OTY|oh boi\n|c| Legobff|gl\n|\n|t:|1698710863\n|start\n|switch|p1a: Charizard|Charizard, M, shiny|100\/100\n|switch|p1b: Tsareena|Tsareena, F, shiny|100\/100\n|switch|p2a: Wyrdeer|Wyrdeer, F|100\/100\n|switch|p2b: Amoonguss|Amoonguss, M, shiny|100\/100\n|-ability|p2a: Wyrdeer|Intimidate|boost\n|-unboost|p1a: Charizard|atk|1\n|-unboost|p1b: Tsareena|atk|1\n|turn|1\n|c|\u2606HEAVY-DUTY B0OTY|i already lost\n|c| Legobff|shiny tsareena looks good\n|c|\u2606StellarEcl1pse|right?\n|inactive|HEAVY-DUTY B0OTY has 120 seconds left.\n|c|\u2606HEAVY-DUTY B0OTY|agreed\n|j| J0T0P\n|j| Symphonee\n|\n|t:|1698710916\n|-terastallize|p2b: Amoonguss|Water\n|move|p1a: Charizard|Heat Wave|p2b: Amoonguss|[spread] p2a,p2b\n|-resisted|p2b: Amoonguss\n|-damage|p2a: Wyrdeer|66\/100\n|-damage|p2b: Amoonguss|88\/100\n|move|p2a: Wyrdeer|Agility|p2a: Wyrdeer\n|-boost|p2a: Wyrdeer|spe|2\n|move|p1b: Tsareena|Reflect|p1b: Tsareena\n|-sidestart|p1: StellarEcl1pse|Reflect\n|move|p2b: Amoonguss|Spore|p1a: Charizard\n|-status|p1a: Charizard|slp|[from] move: Spore\n|\n|-heal|p2a: Wyrdeer|72\/100|[from] item: Leftovers\n|upkeep\n|turn|2\n|inactive|HEAVY-DUTY B0OTY has 120 seconds left.\n|\n|t:|1698710934\n|move|p2a: Wyrdeer|Calm Mind|p2a: Wyrdeer\n|-boost|p2a: Wyrdeer|spa|1\n|-boost|p2a: Wyrdeer|spd|1\n|cant|p1a: Charizard|slp\n|move|p1b: Tsareena|Sunny Day|p1b: Tsareena\n|-weather|SunnyDay\n|move|p2b: Amoonguss|Pollen Puff|p1b: Tsareena\n|-supereffective|p1b: Tsareena\n|-damage|p1b: Tsareena|73\/100\n|\n|-weather|SunnyDay|[upkeep]\n|-damage|p1a: Charizard|88\/100 slp|[from] ability: Solar Power|[of] p1a: Charizard\n|-heal|p2a: Wyrdeer|79\/100|[from] item: Leftovers\n|upkeep\n|turn|3\n|inactive|HEAVY-DUTY B0OTY has 120 seconds left.\n|\n|t:|1698710959\n|-terastallize|p1a: Charizard|Dragon\n|move|p2a: Wyrdeer|Stored Power|p1a: Charizard\n|-damage|p1a: Charizard|42\/100 slp\n|cant|p1a: Charizard|slp\n|move|p1b: Tsareena|Light Screen|p1b: Tsareena\n|-sidestart|p1: StellarEcl1pse|move: Light Screen\n|move|p2b: Amoonguss|Clear Smog|p1a: Charizard\n|-damage|p1a: Charizard|33\/100 slp\n|-clearboost|p1a: Charizard\n|\n|-weather|SunnyDay|[upkeep]\n|-damage|p1a: Charizard|20\/100 slp|[from] ability: Solar Power|[of] p1a: Charizard\n|-heal|p2a: Wyrdeer|85\/100|[from] item: Leftovers\n|upkeep\n|turn|4\n|j| brockpewtercitygym\n|\n|t:|1698710982\n|move|p2a: Wyrdeer|Stored Power|p1a: Charizard\n|-damage|p1a: Charizard|0 fnt\n|faint|p1a: Charizard\n|move|p1b: Tsareena|Solar Blade||[still]\n|-prepare|p1b: Tsareena|Solar Blade\n|-anim|p1b: Tsareena|Solar Blade|p2a: Wyrdeer\n|-damage|p2a: Wyrdeer|53\/100\n|move|p2b: Amoonguss|Pollen Puff|p1b: Tsareena\n|-supereffective|p1b: Tsareena\n|-damage|p1b: Tsareena|55\/100\n|\n|-weather|SunnyDay|[upkeep]\n|-heal|p2a: Wyrdeer|59\/100|[from] item: Leftovers\n|upkeep\n|turn|5\n|\n|t:|1698710999\n|move|p2a: Wyrdeer|Stored Power|p1b: Tsareena\n|-crit|p1b: Tsareena\n|-damage|p1b: Tsareena|0 fnt\n|faint|p1b: Tsareena\n|\n|win|HEAVY-DUTY B0OTY\n|n|\u2606StellarEcl1pse|stellarecl1pse\n|n|\u2606HEAVY-DUTY B0OTY|heavydutyb0oty\n|n|*Lady Monita \u263d|ladymonita\n|n| Legobff|legobff\n|n| J0T0P|j0t0p\n|n| Symphonee|symphonee\n|n| brockpewtercitygym|brockpewtercitygym\n","uploadtime":1698711000,"views":20,"p1id":"stellarecl1pse","p2id":"heavydutyb0oty","formatid":"gen9doublesou","rating":0,"private":0,"password":""}