{"id":"gen9doublesou-1996325414","p1":"Jaiper_Showdown","p2":"Kittyredheart","format":"[Gen 9] Doubles OU","log":"|j|\u2606Jaiper_Showdown\n|j|\u2606Kittyredheart\n|t:|1700671322\n|gametype|doubles\n|player|p1|Jaiper_Showdown|nate|1607\n|player|p2|Kittyredheart|elesa|1550\n|teamsize|p1|6\n|teamsize|p2|6\n|gen|9\n|tier|[Gen 9] Doubles OU\n|rated|\n|rule|Species Clause: Limit one of each Pok\u00e9mon\n|rule|OHKO Clause: OHKO moves are banned\n|rule|Evasion Moves Clause: Evasion moves are banned\n|rule|Gravity Sleep Clause: The combination of sleep-inducing moves with imperfect accuracy and Gravity or Gigantamax Orbeetle are banned\n|rule|Endless Battle Clause: Forcing endless battles is banned\n|rule|HP Percentage Mod: HP is shown in percentages\n|clearpoke\n|poke|p1|Glastrier|\n|poke|p1|Gallade, M|\n|poke|p1|Ting-Lu|\n|poke|p1|Ninetales-Alola, M|\n|poke|p1|Ogerpon-Hearthflame, F|\n|poke|p1|Salamence, M|\n|poke|p2|Chien-Pao|\n|poke|p2|Milotic, M|\n|poke|p2|Grimmsnarl, M|\n|poke|p2|Jirachi|\n|poke|p2|Landorus-Therian, M|\n|poke|p2|Ninetales-Alola, M|\n|teampreview\n|l|\u2606Kittyredheart\n|player|p2|\n|j|\u2606Kittyredheart\n|player|p2|Kittyredheart|elesa\n|inactive|Battle timer is ON: inactive players will automatically lose when time's up. (requested by Kittyredheart)\n|\n|t:|1700671346\n|start\n|switch|p1a: Ogerpon|Ogerpon-Hearthflame, F|100\/100\n|switch|p1b: Ninetales|Ninetales-Alola, M|100\/100\n|switch|p2a: Chicky Wicky|Grimmsnarl, M, shiny|100\/100\n|switch|p2b: Iron Fangs|Chien-Pao|100\/100\n|-ability|p1a: Ogerpon|Mold Breaker\n|-weather|Snow|[from] ability: Snow Warning|[of] p1b: Ninetales\n|-ability|p2b: Iron Fangs|Sword of Ruin\n|turn|1\n|\n|t:|1700671356\n|switch|p2b: Cloud Terra|Landorus-Therian, M|100\/100\n|-ability|p2b: Cloud Terra|Intimidate|boost\n|-unboost|p1a: Ogerpon|atk|1\n|-unboost|p1b: Ninetales|atk|1\n|move|p1a: Ogerpon|Spiky Shield|p1a: Ogerpon\n|-singleturn|p1a: Ogerpon|move: Protect\n|move|p2a: Chicky Wicky|Thunder Wave|p1a: Ogerpon\n|-activate|p1a: Ogerpon|move: Protect\n|move|p1b: Ninetales|Moonblast|p2b: Cloud Terra\n|-damage|p2b: Cloud Terra|75\/100\n|-enditem|p2b: Cloud Terra|Eject Button\n|\n|t:|1700671372\n|switch|p2b: Aqua Marine|Milotic, M|100\/100\n|\n|-weather|Snow|[upkeep]\n|upkeep\n|turn|2\n|\n|t:|1700671391\n|move|p2a: Chicky Wicky|Thunder Wave|p1a: Ogerpon\n|-status|p1a: Ogerpon|par\n|move|p1b: Ninetales|Aurora Veil|p1b: Ninetales\n|-sidestart|p1: Jaiper_Showdown|move: Aurora Veil\n|move|p2b: Aqua Marine|Coil|p2b: Aqua Marine\n|-boost|p2b: Aqua Marine|atk|1\n|-boost|p2b: Aqua Marine|def|1\n|-boost|p2b: Aqua Marine|accuracy|1\n|move|p1a: Ogerpon|Swords Dance|p1a: Ogerpon\n|-boost|p1a: Ogerpon|atk|2\n|\n|-weather|Snow|[upkeep]\n|upkeep\n|turn|3\n|\n|t:|1700671408\n|move|p2a: Chicky Wicky|Thunder Wave|p1b: Ninetales\n|-status|p1b: Ninetales|par\n|move|p2b: Aqua Marine|Coil|p2b: Aqua Marine\n|-boost|p2b: Aqua Marine|atk|1\n|-boost|p2b: Aqua Marine|def|1\n|-boost|p2b: Aqua Marine|accuracy|1\n|move|p1a: Ogerpon|Swords Dance|p1a: Ogerpon\n|-boost|p1a: Ogerpon|atk|2\n|move|p1b: Ninetales|Freeze-Dry|p2b: Aqua Marine\n|-supereffective|p2b: Aqua Marine\n|-damage|p2b: Aqua Marine|75\/100\n|\n|-weather|Snow|[upkeep]\n|upkeep\n|turn|4\n|inactive|Jaiper_Showdown has 120 seconds left.\n|\n|t:|1700671466\n|switch|p1b: Ting-Lu|Ting-Lu|100\/100\n|-ability|p1b: Ting-Lu|Vessel of Ruin\n|move|p2a: Chicky Wicky|Reflect|p2a: Chicky Wicky\n|-sidestart|p2: Kittyredheart|Reflect\n|move|p2b: Aqua Marine|Scald|p1a: Ogerpon\n|-damage|p1a: Ogerpon|86\/100 par\n|move|p1a: Ogerpon|Horn Leech|p2b: Aqua Marine\n|-supereffective|p2b: Aqua Marine\n|-damage|p2b: Aqua Marine|10\/100\n|-heal|p1a: Ogerpon|100\/100 par|[from] drain|[of] p2b: Aqua Marine\n|\n|-weather|Snow|[upkeep]\n|upkeep\n|turn|5\n|l|\u2606Kittyredheart\n|inactive|Kittyredheart disconnected and has a minute to reconnect!\n|player|p2|\n|inactive|Kittyredheart has 30 seconds to reconnect!\n|j|\u2606Kittyredheart\n|inactive|Kittyredheart reconnected and has 110 seconds left.\n|player|p2|Kittyredheart|elesa\n|j| Mr. Alola Tales\n|\n|t:|1700671524\n|-terastallize|p2b: Aqua Marine|Fairy\n|move|p2a: Chicky Wicky|Parting Shot|p1a: Ogerpon\n|-unboost|p1a: Ogerpon|atk|1\n|-unboost|p1a: Ogerpon|spa|1\n|\n|t:|1700671531\n|switch|p2a: Cloud Terra|Landorus-Therian, M|75\/100|[from] Parting Shot\n|-ability|p2a: Cloud Terra|Intimidate|boost\n|-unboost|p1a: Ogerpon|atk|1\n|-unboost|p1b: Ting-Lu|atk|1\n|move|p2b: Aqua Marine|Rest|p2b: Aqua Marine\n|-status|p2b: Aqua Marine|slp|[from] move: Rest\n|-heal|p2b: Aqua Marine|100\/100 slp|[silent]\n|-enditem|p2b: Aqua Marine|Chesto Berry|[eat]\n|-curestatus|p2b: Aqua Marine|slp|[msg]\n|move|p1a: Ogerpon|Horn Leech|p2b: Aqua Marine\n|-damage|p2b: Aqua Marine|79\/100\n|move|p1b: Ting-Lu|Stealth Rock|p2a: Cloud Terra\n|-sidestart|p2: Kittyredheart|move: Stealth Rock\n|\n|-weather|none\n|upkeep\n|turn|6\n|inactive|Jaiper_Showdown has 120 seconds left.\n|\n|t:|1700671552\n|switch|p1b: Ninetales|Ninetales-Alola, M|100\/100 par\n|-weather|Snow|[from] ability: Snow Warning|[of] p1b: Ninetales\n|move|p2a: Cloud Terra|Stealth Rock|p1b: Ninetales\n|-sidestart|p1: Jaiper_Showdown|move: Stealth Rock\n|move|p2b: Aqua Marine|Coil|p2b: Aqua Marine\n|-boost|p2b: Aqua Marine|atk|1\n|-boost|p2b: Aqua Marine|def|1\n|-boost|p2b: Aqua Marine|accuracy|1\n|move|p1a: Ogerpon|Swords Dance|p1a: Ogerpon\n|-boost|p1a: Ogerpon|atk|2\n|\n|-weather|Snow|[upkeep]\n|upkeep\n|turn|7\n|inactive|Kittyredheart has 120 seconds left.\n|\n|t:|1700671569\n|move|p2a: Cloud Terra|Rock Slide|p1a: Ogerpon|[spread] p1a,p1b\n|-supereffective|p1a: Ogerpon\n|-crit|p1a: Ogerpon\n|-supereffective|p1b: Ninetales\n|-damage|p1a: Ogerpon|11\/100 par\n|-damage|p1b: Ninetales|74\/100 par\n|move|p2b: Aqua Marine|Coil|p2b: Aqua Marine\n|-boost|p2b: Aqua Marine|atk|1\n|-boost|p2b: Aqua Marine|def|1\n|-boost|p2b: Aqua Marine|accuracy|1\n|cant|p1a: Ogerpon|flinch\n|cant|p1b: Ninetales|flinch\n|\n|-weather|Snow|[upkeep]\n|upkeep\n|turn|8\n|inactive|Kittyredheart has 120 seconds left.\n|\n|t:|1700671590\n|move|p2a: Cloud Terra|Rock Slide|p1a: Ogerpon|[spread] p1b\n|-miss|p2a: Cloud Terra|p1a: Ogerpon\n|-supereffective|p1b: Ninetales\n|-damage|p1b: Ninetales|49\/100 par\n|move|p2b: Aqua Marine|Scald|p1b: Ninetales\n|-damage|p1b: Ninetales|29\/100 par\n|move|p1a: Ogerpon|Horn Leech|p2b: Aqua Marine\n|-damage|p2b: Aqua Marine|55\/100\n|-heal|p1a: Ogerpon|24\/100 par|[from] drain|[of] p2b: Aqua Marine\n|move|p1b: Ninetales|Freeze-Dry|p2a: Cloud Terra\n|-supereffective|p2a: Cloud Terra\n|-damage|p2a: Cloud Terra|0 fnt\n|faint|p2a: Cloud Terra\n|\n|-weather|Snow|[upkeep]\n|-sideend|p2: Kittyredheart|Reflect\n|upkeep\n|inactive|Kittyredheart has 120 seconds left.\n|\n|t:|1700671610\n|switch|p2a: Iron North|Ninetales-Alola, M|100\/100\n|-damage|p2a: Iron North|76\/100|[from] Stealth Rock\n|turn|9\n|\n|t:|1700671640\n|switch|p1b: Gallade|Gallade, M|100\/100\n|-damage|p1b: Gallade|94\/100|[from] Stealth Rock\n|move|p2a: Iron North|Aurora Veil|p2a: Iron North\n|-sidestart|p2: Kittyredheart|move: Aurora Veil\n|move|p2b: Aqua Marine|Scald|p1a: Ogerpon\n|-damage|p1a: Ogerpon|4\/100 par\n|move|p1a: Ogerpon|Horn Leech|p2b: Aqua Marine\n|-damage|p2b: Aqua Marine|32\/100\n|-heal|p1a: Ogerpon|17\/100 par|[from] drain|[of] p2b: Aqua Marine\n|\n|-weather|Snow|[upkeep]\n|-sideend|p1: Jaiper_Showdown|move: Aurora Veil\n|upkeep\n|turn|10\n|\n|t:|1700671661\n|move|p2a: Iron North|Moonblast|p1b: Gallade\n|-supereffective|p1b: Gallade\n|-damage|p1b: Gallade|12\/100\n|move|p1b: Gallade|Psycho Cut|p2b: Aqua Marine\n|-damage|p2b: Aqua Marine|19\/100\n|move|p2b: Aqua Marine|Rest|p2b: Aqua Marine\n|-status|p2b: Aqua Marine|slp|[from] move: Rest\n|-heal|p2b: Aqua Marine|100\/100 slp|[silent]\n|cant|p1a: Ogerpon|par\n|\n|-weather|none\n|upkeep\n|turn|11\n|\n|t:|1700671676\n|move|p2a: Iron North|Moonblast|p1a: Ogerpon\n|-resisted|p1a: Ogerpon\n|-damage|p1a: Ogerpon|0 fnt\n|faint|p1a: Ogerpon\n|move|p1b: Gallade|Psycho Cut|p2b: Aqua Marine\n|-damage|p2b: Aqua Marine|88\/100 slp\n|cant|p2b: Aqua Marine|slp\n|\n|upkeep\n|\n|t:|1700671681\n|switch|p1a: Salamence|Salamence, M, shiny|100\/100\n|-damage|p1a: Salamence|76\/100|[from] Stealth Rock\n|-ability|p1a: Salamence|Intimidate|boost\n|-unboost|p2a: Iron North|atk|1\n|-unboost|p2b: Aqua Marine|atk|1\n|-ability|p2b: Aqua Marine|Competitive|boost\n|-boost|p2b: Aqua Marine|spa|2\n|turn|12\n|\n|t:|1700671690\n|-terastallize|p1a: Salamence|Steel\n|move|p2a: Iron North|Blizzard|p1b: Gallade|[spread] p1a\n|-miss|p2a: Iron North|p1b: Gallade\n|-resisted|p1a: Salamence\n|-damage|p1a: Salamence|57\/100\n|move|p1a: Salamence|Tera Blast|p2b: Aqua Marine|[anim] Tera Blast Steel\n|-supereffective|p2b: Aqua Marine\n|-damage|p2b: Aqua Marine|58\/100 slp\n|move|p1b: Gallade|Psycho Cut|p2a: Iron North\n|-damage|p2a: Iron North|19\/100\n|cant|p2b: Aqua Marine|slp\n|\n|upkeep\n|turn|13\n|\n|t:|1700671713\n|move|p2a: Iron North|Blizzard|p1a: Salamence|[spread] p1a,p1b\n|-resisted|p1a: Salamence\n|-damage|p1a: Salamence|38\/100\n|-damage|p1b: Gallade|0 fnt\n|faint|p1b: Gallade\n|move|p1a: Salamence|Tera Blast|p2b: Aqua Marine|[anim] Tera Blast Steel\n|-supereffective|p2b: Aqua Marine\n|-damage|p2b: Aqua Marine|26\/100 slp\n|-curestatus|p2b: Aqua Marine|slp|[msg]\n|move|p2b: Aqua Marine|Hypnosis|p1a: Salamence\n|-status|p1a: Salamence|slp|[from] move: Hypnosis\n|\n|upkeep\n|-message|Jaiper_Showdown forfeited.\n|\n|win|Kittyredheart\n|raw|Jaiper_Showdown's rating: 1577 &rarr; <strong>1555<\/strong><br \/>(-22 for losing)\n|raw|Kittyredheart's rating: 1550 &rarr; <strong>1572<\/strong><br \/>(+22 for winning)\n|l|\u2606Jaiper_Showdown\n","uploadtime":1700671744,"views":0,"p1id":"jaipershowdown","p2id":"kittyredheart","formatid":"gen9doublesou","rating":1555,"private":0,"password":""}