{"id":"gen9doublesou-1983876736","p1":"Barman.fr","p2":"Sleepoligy","format":"[Gen 9] Doubles OU","log":"|j|\u2606Barman.fr\n|j|\u2606Sleepoligy\n|t:|1699195026\n|gametype|doubles\n|player|p1|Barman.fr|backersf|1118\n|player|p2|Sleepoligy|brycen|1187\n|teamsize|p1|6\n|teamsize|p2|6\n|gen|9\n|tier|[Gen 9] Doubles OU\n|rated|\n|rule|Species Clause: Limit one of each Pok\u00e9mon\n|rule|OHKO Clause: OHKO moves are banned\n|rule|Evasion Moves Clause: Evasion moves are banned\n|rule|Gravity Sleep Clause: The combination of sleep-inducing moves with imperfect accuracy and Gravity or Gigantamax Orbeetle are banned\n|rule|Endless Battle Clause: Forcing endless battles is banned\n|rule|HP Percentage Mod: HP is shown in percentages\n|clearpoke\n|poke|p1|Regieleki|\n|poke|p1|Palafin, F|\n|poke|p1|Tornadus, M|\n|poke|p1|Arcanine, M|\n|poke|p1|Amoonguss, M|\n|poke|p1|Gholdengo|\n|poke|p2|Hippowdon, F|\n|poke|p2|Toedscruel, M|\n|poke|p2|Landorus-Therian, M|\n|poke|p2|Ursaluna-Bloodmoon, M|\n|poke|p2|Sandy Shocks|\n|poke|p2|Gliscor, M|\n|teampreview\n|c|\u2606Barman.fr|gl\n|c|\u2606Sleepoligy|u2\n|inactive|Battle timer is ON: inactive players will automatically lose when time's up. (requested by Barman.fr)\n|inactive|Sleepoligy has 120 seconds left.\n|\n|t:|1699195123\n|start\n|switch|p1a: Initial D|Regieleki|100\/100\n|switch|p1b: SurpriseDuChef|Palafin, F|100\/100\n|switch|p2a: Ursaluna|Ursaluna-Bloodmoon, M|100\/100\n|switch|p2b: Gliscor|Gliscor, M|100\/100\n|turn|1\n|inactive|Sleepoligy has 120 seconds left.\n|\n|t:|1699195159\n|switch|p1a: UwU|Tornadus, M|100\/100\n|detailschange|p1b: SurpriseDuChef|Palafin-Hero, F\n|switch|p1b: Iago|Arcanine, M|100\/100\n|-ability|p1b: Iago|Intimidate|boost\n|-unboost|p2a: Ursaluna|atk|1\n|-unboost|p2b: Gliscor|atk|1\n|switch|p2a: Landorus|Landorus-Therian, M|100\/100\n|-ability|p2a: Landorus|Intimidate|boost\n|-unboost|p1a: UwU|atk|1\n|-unboost|p1b: Iago|atk|1\n|-terastallize|p2b: Gliscor|Ghost\n|move|p2b: Gliscor|Tailwind|p2b: Gliscor\n|-sidestart|p2: Sleepoligy|move: Tailwind\n|\n|upkeep\n|turn|2\n|inactive|Sleepoligy has 120 seconds left.\n|inactive|Barman.fr has 120 seconds left.\n|\n|t:|1699195195\n|switch|p1a: Amoonguss|Amoonguss, M|100\/100\n|move|p2a: Landorus|Rock Slide|p1a: Amoonguss|[spread] p1a,p1b\n|-supereffective|p1b: Iago\n|-damage|p1a: Amoonguss|84\/100\n|-damage|p1b: Iago|65\/100\n|move|p2b: Gliscor|Fling|p1b: Iago\n|-damage|p1b: Iago|60\/100\n|-enditem|p2b: Gliscor|King's Rock|[from] move: Fling\n|cant|p1b: Iago|flinch\n|\n|-heal|p1a: Amoonguss|90\/100|[from] item: Leftovers\n|upkeep\n|turn|3\n|inactive|Sleepoligy has 120 seconds left.\n|\n|t:|1699195213\n|move|p2a: Landorus|Rock Slide|p1b: Iago|[spread] p1a,p1b\n|-supereffective|p1b: Iago\n|-damage|p1a: Amoonguss|73\/100\n|-damage|p1b: Iago|27\/100\n|move|p2b: Gliscor|Acrobatics|p1a: Amoonguss\n|-supereffective|p1a: Amoonguss\n|-damage|p1a: Amoonguss|27\/100\n|move|p1b: Iago|Will-O-Wisp|p2a: Landorus\n|-status|p2a: Landorus|brn\n|move|p1a: Amoonguss|Pollen Puff|p1b: Iago\n|-heal|p1b: Iago|77\/100\n|\n|-heal|p1a: Amoonguss|33\/100|[from] item: Leftovers\n|-damage|p2a: Landorus|94\/100 brn|[from] brn\n|upkeep\n|turn|4\n|inactive|Sleepoligy has 120 seconds left.\n|\n|t:|1699195239\n|switch|p1a: Initial D|Regieleki|100\/100\n|move|p2b: Gliscor|Protect|p2b: Gliscor\n|-singleturn|p2b: Gliscor|Protect\n|move|p2a: Landorus|Rock Slide|p1b: Iago|[spread] p1a,p1b\n|-supereffective|p1b: Iago\n|-damage|p1a: Initial D|78\/100\n|-damage|p1b: Iago|60\/100\n|move|p1b: Iago|Will-O-Wisp|p2b: Gliscor\n|-activate|p2b: Gliscor|move: Protect\n|\n|-damage|p2a: Landorus|88\/100 brn|[from] brn\n|-sideend|p2: Sleepoligy|move: Tailwind\n|upkeep\n|turn|5\n|\n|t:|1699195265\n|switch|p1a: Amoonguss|Amoonguss, M|66\/100\n|switch|p2b: Toedscruel|Toedscruel, M, shiny|100\/100\n|move|p2a: Landorus|Rock Slide|p1b: Iago|[spread] p1a,p1b\n|-supereffective|p1b: Iago\n|-damage|p1a: Amoonguss|57\/100\n|-damage|p1b: Iago|43\/100\n|move|p1b: Iago|Will-O-Wisp|p2b: Toedscruel|[miss]\n|-miss|p1b: Iago|p2b: Toedscruel\n|\n|-heal|p1a: Amoonguss|63\/100|[from] item: Leftovers\n|-damage|p2a: Landorus|82\/100 brn|[from] brn\n|upkeep\n|turn|6\n|\n|t:|1699195281\n|move|p1a: Amoonguss|Rage Powder|p1a: Amoonguss\n|-singleturn|p1a: Amoonguss|move: Rage Powder\n|move|p2a: Landorus|Rock Slide|p1b: Iago|[spread] p1a,p1b\n|-crit|p1a: Amoonguss\n|-supereffective|p1b: Iago\n|-damage|p1a: Amoonguss|49\/100\n|-damage|p1b: Iago|24\/100\n|move|p1b: Iago|Flare Blitz|p2b: Toedscruel\n|-supereffective|p2b: Toedscruel\n|-damage|p2b: Toedscruel|34\/100\n|-damage|p1b: Iago|3\/100|[from] Recoil\n|move|p2b: Toedscruel|Toxic Spikes|p1a: Amoonguss\n|-sidestart|p1: Barman.fr|move: Toxic Spikes\n|\n|-heal|p1a: Amoonguss|55\/100|[from] item: Leftovers\n|-damage|p2a: Landorus|75\/100 brn|[from] brn\n|upkeep\n|turn|7\n|\n|t:|1699195301\n|switch|p2a: Hippowdon|Hippowdon, F|100\/100\n|-weather|Sandstorm|[from] ability: Sand Stream|[of] p2a: Hippowdon\n|switch|p1a: UsstyLoverr|Gholdengo|100\/100\n|move|p1b: Iago|Will-O-Wisp|p2b: Toedscruel\n|-status|p2b: Toedscruel|brn\n|move|p2b: Toedscruel|Spore|p1a: UsstyLoverr\n|-status|p1a: UsstyLoverr|slp|[from] move: Spore\n|\n|-weather|Sandstorm|[upkeep]\n|-damage|p1b: Iago|0 fnt|[from] Sandstorm\n|faint|p1b: Iago\n|-damage|p2b: Toedscruel|28\/100 brn|[from] brn\n|upkeep\n|\n|t:|1699195312\n|switch|p1b: Amoonguss|Amoonguss, M|89\/100\n|-sideend|p1: Barman.fr|move: Toxic Spikes|[of] p1b: Amoonguss\n|turn|8\n|\n|t:|1699195327\n|switch|p1a: UwU|Tornadus, M|100\/100\n|move|p2b: Toedscruel|Hex|p1a: UwU\n|-damage|p1a: UwU|91\/100\n|move|p1b: Amoonguss|Spore|p2a: Hippowdon\n|-status|p2a: Hippowdon|slp|[from] move: Spore\n|cant|p2a: Hippowdon|slp\n|\n|-weather|Sandstorm|[upkeep]\n|-damage|p1a: UwU|85\/100|[from] Sandstorm\n|-damage|p1b: Amoonguss|83\/100|[from] Sandstorm\n|-heal|p1a: UwU|91\/100|[from] item: Leftovers\n|-heal|p1b: Amoonguss|89\/100|[from] item: Leftovers\n|-damage|p2b: Toedscruel|22\/100 brn|[from] brn\n|upkeep\n|turn|9\n|inactive|Sleepoligy has 120 seconds left.\n|\n|t:|1699195377\n|switch|p1b: SurpriseDuChef|Palafin-Hero, F|100\/100\n|-activate|p1b: SurpriseDuChef|ability: Zero to Hero\n|switch|p2a: Gliscor|Gliscor, M, tera:Ghost|100\/100\n|move|p1a: UwU|Bleakwind Storm|p2b: Toedscruel|[spread] p2a\n|-miss|p1a: UwU|p2b: Toedscruel\n|-damage|p2a: Gliscor|66\/100\n|move|p2b: Toedscruel|Spore|p1a: UwU\n|-status|p1a: UwU|slp|[from] move: Spore\n|\n|-weather|Sandstorm|[upkeep]\n|-damage|p1b: SurpriseDuChef|94\/100|[from] Sandstorm\n|-damage|p1a: UwU|85\/100 slp|[from] Sandstorm\n|-heal|p1a: UwU|91\/100 slp|[from] item: Leftovers\n|-damage|p2b: Toedscruel|16\/100 brn|[from] brn\n|upkeep\n|turn|10\n|inactive|Sleepoligy has 120 seconds left.\n|inactive|Barman.fr has 120 seconds left.\n|\n|t:|1699195419\n|switch|p1b: Amoonguss|Amoonguss, M|100\/100\n|switch|p1a: Initial D|Regieleki|78\/100\n|switch|p2a: Landorus|Landorus-Therian, M|75\/100 brn\n|-ability|p2a: Landorus|Intimidate|boost\n|-unboost|p1a: Initial D|atk|1\n|-unboost|p1b: Amoonguss|atk|1\n|move|p2b: Toedscruel|Spore|p1b: Amoonguss\n|-immune|p1b: Amoonguss\n|\n|-weather|Sandstorm|[upkeep]\n|-damage|p1a: Initial D|72\/100|[from] Sandstorm\n|-damage|p1b: Amoonguss|94\/100|[from] Sandstorm\n|-heal|p1b: Amoonguss|100\/100|[from] item: Leftovers\n|-damage|p2a: Landorus|69\/100 brn|[from] brn\n|-damage|p2b: Toedscruel|10\/100 brn|[from] brn\n|upkeep\n|turn|11\n|inactive|Sleepoligy has 120 seconds left.\n|inactive|Barman.fr has 120 seconds left.\n|\n|t:|1699195442\n|switch|p1a: UwU|Tornadus, M|91\/100 slp\n|move|p1b: Amoonguss|Rage Powder|p1b: Amoonguss\n|-singleturn|p1b: Amoonguss|move: Rage Powder\n|move|p2a: Landorus|Rock Slide|p1b: Amoonguss|[spread] p1a,p1b\n|-supereffective|p1a: UwU\n|-damage|p1a: UwU|60\/100 slp\n|-damage|p1b: Amoonguss|91\/100\n|move|p2b: Toedscruel|Spore|p1a: UwU\n|-fail|p1a: UwU|slp\n|\n|-weather|Sandstorm|[upkeep]\n|-damage|p1a: UwU|54\/100 slp|[from] Sandstorm\n|-damage|p1b: Amoonguss|85\/100|[from] Sandstorm\n|-heal|p1a: UwU|60\/100 slp|[from] item: Leftovers\n|-heal|p1b: Amoonguss|91\/100|[from] item: Leftovers\n|-damage|p2a: Landorus|63\/100 brn|[from] brn\n|-damage|p2b: Toedscruel|4\/100 brn|[from] brn\n|upkeep\n|turn|12\n|inactive|Sleepoligy has 120 seconds left.\n|\n|t:|1699195464\n|switch|p2b: Gliscor|Gliscor, M, tera:Ghost|66\/100\n|cant|p1a: UwU|slp\n|move|p2a: Landorus|Rock Slide|p1b: Amoonguss|[spread] p1a,p1b\n|-supereffective|p1a: UwU\n|-damage|p1a: UwU|30\/100 slp\n|-damage|p1b: Amoonguss|83\/100\n|move|p1b: Amoonguss|Pollen Puff|p1a: UwU\n|-heal|p1a: UwU|80\/100 slp\n|\n|-weather|Sandstorm|[upkeep]\n|-damage|p1a: UwU|74\/100 slp|[from] Sandstorm\n|-damage|p1b: Amoonguss|77\/100|[from] Sandstorm\n|-heal|p1a: UwU|80\/100 slp|[from] item: Leftovers\n|-heal|p1b: Amoonguss|83\/100|[from] item: Leftovers\n|-damage|p2a: Landorus|57\/100 brn|[from] brn\n|upkeep\n|turn|13\n|\n|t:|1699195477\n|move|p1b: Amoonguss|Rage Powder|p1b: Amoonguss\n|-singleturn|p1b: Amoonguss|move: Rage Powder\n|cant|p1a: UwU|slp\n|move|p2a: Landorus|Rock Slide|p1b: Amoonguss|[spread] p1a,p1b\n|-supereffective|p1a: UwU\n|-damage|p1a: UwU|51\/100 slp\n|-damage|p1b: Amoonguss|74\/100\n|move|p2b: Gliscor|Acrobatics|p1b: Amoonguss\n|-supereffective|p1b: Amoonguss\n|-damage|p1b: Amoonguss|0 fnt\n|faint|p1b: Amoonguss\n|\n|-weather|Sandstorm|[upkeep]\n|-damage|p1a: UwU|45\/100 slp|[from] Sandstorm\n|-heal|p1a: UwU|51\/100 slp|[from] item: Leftovers\n|-damage|p2a: Landorus|50\/100 brn|[from] brn\n|upkeep\n|\n|t:|1699195486\n|switch|p1b: SurpriseDuChef|Palafin-Hero, F|94\/100\n|turn|14\n|\n|t:|1699195504\n|switch|p2a: Toedscruel|Toedscruel, M, shiny|4\/100 brn\n|move|p2b: Gliscor|Protect|p2b: Gliscor\n|-singleturn|p2b: Gliscor|Protect\n|cant|p1a: UwU|slp\n|move|p1b: SurpriseDuChef|Surf|p2a: Toedscruel|[spread] p1a,p2a\n|-activate|p2b: Gliscor|move: Protect\n|-damage|p1a: UwU|15\/100 slp\n|-damage|p2a: Toedscruel|0 fnt\n|faint|p2a: Toedscruel\n|\n|-weather|none\n|-heal|p1a: UwU|21\/100 slp|[from] item: Leftovers\n|upkeep\n|inactive|Sleepoligy has 120 seconds left.\n|\n|t:|1699195545\n|switch|p2a: Ursaluna|Ursaluna-Bloodmoon, M|100\/100\n|turn|15\n|inactive|Sleepoligy has 120 seconds left.\n|\n|t:|1699195570\n|-curestatus|p1a: UwU|slp|[msg]\n|move|p1a: UwU|Tailwind|p1a: UwU\n|-sidestart|p1: Barman.fr|move: Tailwind\n|move|p1b: SurpriseDuChef|Surf|p2a: Ursaluna|[spread] p1a,p2a,p2b\n|-supereffective|p2a: Ursaluna\n|-damage|p1a: UwU|0 fnt\n|-damage|p2a: Ursaluna|45\/100\n|-damage|p2b: Gliscor|16\/100\n|faint|p1a: UwU\n|move|p2b: Gliscor|Tailwind|p2b: Gliscor\n|-sidestart|p2: Sleepoligy|move: Tailwind\n|move|p2a: Ursaluna|Hyper Voice|p1b: SurpriseDuChef\n|-damage|p1b: SurpriseDuChef|35\/100\n|\n|upkeep\n|\n|t:|1699195580\n|switch|p1a: Initial D|Regieleki|72\/100\n|turn|16\n|\n|t:|1699195595\n|switch|p1b: UsstyLoverr|Gholdengo|100\/100 slp\n|move|p2b: Gliscor|Protect|p2b: Gliscor\n|-singleturn|p2b: Gliscor|Protect\n|move|p1a: Initial D|Thunderbolt|p2b: Gliscor\n|-activate|p2b: Gliscor|move: Protect\n|move|p2a: Ursaluna|Hyper Voice|p1a: Initial D|[spread] p1a,p1b\n|-resisted|p1b: UsstyLoverr\n|-damage|p1a: Initial D|0 fnt\n|-damage|p1b: UsstyLoverr|78\/100 slp\n|faint|p1a: Initial D\n|\n|upkeep\n|\n|t:|1699195600\n|switch|p1a: SurpriseDuChef|Palafin-Hero, F|35\/100\n|turn|17\n|\n|t:|1699195614\n|-terastallize|p1a: SurpriseDuChef|Normal\n|move|p1a: SurpriseDuChef|Boomburst|p2a: Ursaluna|[spread] p2a\n|-immune|p1b: UsstyLoverr\n|-immune|p2b: Gliscor\n|-damage|p2a: Ursaluna|0 fnt\n|faint|p2a: Ursaluna\n|cant|p1b: UsstyLoverr|slp\n|move|p2b: Gliscor|Acrobatics|p1a: SurpriseDuChef\n|-damage|p1a: SurpriseDuChef|0 fnt\n|faint|p1a: SurpriseDuChef\n|\n|upkeep\n|-message|Barman.fr forfeited.\n|\n|win|Sleepoligy\n|raw|Barman.fr's rating: 1118 &rarr; <strong>1098<\/strong><br \/>(-20 for losing)\n|raw|Sleepoligy's rating: 1187 &rarr; <strong>1207<\/strong><br \/>(+20 for winning)\n|l|\u2606Barman.fr\n","uploadtime":1699195749,"views":8,"p1id":"barmanfr","p2id":"sleepoligy","formatid":"gen9doublesou","rating":1098,"private":0,"password":""}