{"id":"gen9doublesou-1975973985","p1":"Vylara","p2":"Rungy","format":"[Gen 9] Doubles OU","log":"|j|\u2606Vylara\n|j|\u2606Rungy\n|t:|1698253468\n|gametype|doubles\n|player|p1|Vylara|irida|\n|player|p2|Rungy|gambler|\n|teamsize|p1|6\n|teamsize|p2|6\n|gen|9\n|tier|[Gen 9] Doubles OU\n|rule|Species Clause: Limit one of each Pok\u00e9mon\n|rule|OHKO Clause: OHKO moves are banned\n|rule|Evasion Moves Clause: Evasion moves are banned\n|rule|Gravity Sleep Clause: The combination of sleep-inducing moves with imperfect accuracy and Gravity or Gigantamax Orbeetle are banned\n|rule|Endless Battle Clause: Forcing endless battles is banned\n|rule|HP Percentage Mod: HP is shown in percentages\n|clearpoke\n|poke|p1|Iron Valiant|\n|poke|p1|Greninja-*, M|\n|poke|p1|Breloom, M|\n|poke|p1|Armarouge, F|\n|poke|p1|Lokix, M|\n|poke|p1|Kingambit, M|\n|poke|p2|Weezing-Galar, M|\n|poke|p2|Farigiraf, M|\n|poke|p2|Sinistcha|\n|poke|p2|Gastrodon-East, M|\n|poke|p2|Okidogi, M|\n|poke|p2|Masquerain, F|\n|teampreview\n|c|\u2606Rungy|glhf!\n|c|\u2606Vylara|u2\n|\n|t:|1698253480\n|start\n|switch|p1a: Raid|Lokix, M|100\/100\n|switch|p1b: Butter|Greninja, M|100\/100\n|switch|p2a: Asthma|Weezing-Galar, M|100\/100\n|switch|p2b: Buzz|Masquerain, F|100\/100\n|-ability|p2b: Buzz|Intimidate|boost\n|-unboost|p1a: Raid|atk|1\n|-unboost|p1b: Butter|atk|1\n|-fieldstart|move: Misty Terrain|[from] ability: Misty Surge|[of] p2a: Asthma\n|turn|1\n|\n|t:|1698253507\n|switch|p1a: Helia|Armarouge, F|100\/100\n|switch|p2a: Mr. Rothschild|Farigiraf, M|100\/100\n|move|p1b: Butter|Blizzard|p2b: Buzz|[spread] p2a,p2b\n|-supereffective|p2b: Buzz\n|-damage|p2a: Mr. Rothschild|71\/100\n|-damage|p2b: Buzz|29\/100\n|move|p2b: Buzz|Sticky Web|p1a: Helia\n|-sidestart|p1: Vylara|move: Sticky Web\n|\n|upkeep\n|turn|2\n|\n|t:|1698253548\n|switch|p2b: SLUG|Gastrodon-East, M|100\/100\n|move|p1b: Butter|Water Shuriken||[still]\n|cant|p2a: Mr. Rothschild|ability: Armor Tail|Water Shuriken|[of] p1b: Butter\n|move|p2a: Mr. Rothschild|Dazzling Gleam|p1b: Butter|[spread] p1a,p1b\n|-resisted|p1a: Helia\n|-supereffective|p1b: Butter\n|-damage|p1a: Helia|89\/100\n|-damage|p1b: Butter|35\/100\n|move|p1a: Helia|Aura Sphere|p2a: Mr. Rothschild\n|-damage|p2a: Mr. Rothschild|36\/100\n|\n|upkeep\n|turn|3\n|\n|t:|1698253581\n|switch|p1a: F.F.F.|Iron Valiant|100\/100\n|-activate|p1a: F.F.F.|move: Sticky Web\n|-unboost|p1a: F.F.F.|spe|1\n|-enditem|p1a: F.F.F.|Booster Energy\n|-activate|p1a: F.F.F.|ability: Quark Drive|[fromitem]\n|-start|p1a: F.F.F.|quarkdrivespa\n|switch|p2b: Kratom|Sinistcha|100\/100\n|-heal|p2a: Mr. Rothschild|61\/100|[from] ability: Hospitality|[of] p2b: Kratom\n|move|p1b: Butter|U-turn|p2a: Mr. Rothschild\n|-supereffective|p2a: Mr. Rothschild\n|-damage|p2a: Mr. Rothschild|38\/100\n|\n|t:|1698253601\n|switch|p1b: Raid|Lokix, M|100\/100|[from] U-turn\n|-activate|p1b: Raid|move: Sticky Web\n|-unboost|p1b: Raid|spe|1\n|move|p2a: Mr. Rothschild|Hyper Voice|p1b: Raid|[spread] p1a,p1b\n|-damage|p1a: F.F.F.|33\/100\n|-damage|p1b: Raid|38\/100\n|-enditem|p2a: Mr. Rothschild|Throat Spray\n|-boost|p2a: Mr. Rothschild|spa|1|[from] item: Throat Spray\n|\n|upkeep\n|turn|4\n|\n|t:|1698253622\n|move|p1b: Raid|First Impression||[still]\n|cant|p2a: Mr. Rothschild|ability: Armor Tail|First Impression|[of] p1b: Raid\n|move|p2b: Kratom|Matcha Gotcha|p1b: Raid|[spread] p1a,p1b\n|-resisted|p1b: Raid\n|-damage|p1a: F.F.F.|0 fnt\n|-damage|p1b: Raid|9\/100\n|faint|p1a: F.F.F.\n|-end|p1a: F.F.F.|Quark Drive|[silent]\n|move|p2a: Mr. Rothschild|Hyper Voice|p1b: Raid\n|-damage|p1b: Raid|0 fnt\n|faint|p1b: Raid\n|\n|upkeep\n|\n|t:|1698253637\n|switch|p1a: Olive|Breloom, M|100\/100\n|switch|p1b: Helia|Armarouge, F|89\/100\n|-activate|p1b: Helia|move: Sticky Web\n|-unboost|p1b: Helia|spe|1\n|-activate|p1a: Olive|move: Sticky Web\n|-unboost|p1a: Olive|spe|1\n|turn|5\n|\n|t:|1698253653\n|move|p2b: Kratom|Scald|p1b: Helia\n|-supereffective|p1b: Helia\n|-damage|p1b: Helia|30\/100\n|move|p2a: Mr. Rothschild|Psychic|p1a: Olive\n|-supereffective|p1a: Olive\n|-damage|p1a: Olive|0 fnt\n|faint|p1a: Olive\n|move|p1b: Helia|Energy Ball|p2b: Kratom\n|-resisted|p2b: Kratom\n|-damage|p2b: Kratom|78\/100\n|\n|upkeep\n|\n|t:|1698253665\n|switch|p1a: Butter|Greninja, M|35\/100\n|-activate|p1a: Butter|move: Sticky Web\n|-unboost|p1a: Butter|spe|1\n|turn|6\n|\n|t:|1698253691\n|switch|p2a: SLUG|Gastrodon-East, M|100\/100\n|-terastallize|p1b: Helia|Grass\n|move|p2b: Kratom|Matcha Gotcha|p1a: Butter|[spread] p1a,p1b\n|-supereffective|p1a: Butter\n|-resisted|p1b: Helia\n|-damage|p1a: Butter|0 fnt\n|-heal|p2b: Kratom|100\/100|[from] drain|[of] p1a: Butter\n|-damage|p1b: Helia|14\/100\n|faint|p1a: Butter\n|move|p1b: Helia|Aura Sphere|p2a: SLUG\n|-damage|p2a: SLUG|82\/100\n|\n|upkeep\n|\n|t:|1698253703\n|switch|p1a: Genza|Kingambit, M|100\/100\n|-activate|p1a: Genza|move: Sticky Web\n|-unboost|p1a: Genza|spe|1\n|-activate|p1a: Genza|ability: Supreme Overlord\n|-start|p1a: Genza|fallen4|[silent]\n|turn|7\n|\n|t:|1698253727\n|-terastallize|p2a: SLUG|Poison\n|move|p2b: Kratom|Matcha Gotcha|p1a: Genza|[spread] p1a,p1b\n|-resisted|p1a: Genza\n|-resisted|p1b: Helia\n|-damage|p1a: Genza|92\/100\n|-damage|p1b: Helia|0 fnt\n|faint|p1b: Helia\n|move|p1a: Genza|Kowtow Cleave|p2b: Kratom\n|-supereffective|p2b: Kratom\n|-damage|p2b: Kratom|0 fnt\n|faint|p2b: Kratom\n|move|p2a: SLUG|Earth Power|p1a: Genza\n|-supereffective|p1a: Genza\n|-damage|p1a: Genza|38\/100\n|\n|upkeep\n|\n|t:|1698253739\n|switch|p2b: Mr. Rothschild|Farigiraf, M|38\/100\n|turn|8\n|c|\u2606Rungy|gg\n|\n|t:|1698253747\n|move|p2b: Mr. Rothschild|Hyper Voice|p1a: Genza\n|-resisted|p1a: Genza\n|-damage|p1a: Genza|23\/100\n|move|p1a: Genza|Zen Headbutt|p2a: SLUG\n|-supereffective|p2a: SLUG\n|-crit|p2a: SLUG\n|-damage|p2a: SLUG|0 fnt\n|faint|p2a: SLUG\n|\n|-fieldend|Misty Terrain\n|upkeep\n|c|\u2606Vylara|gg\n|\n|t:|1698253755\n|switch|p2a: Rude Dog|Okidogi, M|100\/100\n|turn|9\n|\n|t:|1698253765\n|move|p2a: Rude Dog|Drain Punch|p1a: Genza\n|-supereffective|p1a: Genza\n|-damage|p1a: Genza|0 fnt\n|faint|p1a: Genza\n|-end|p1a: Genza|fallen4|[silent]\n|\n|win|Rungy\n","uploadtime":1698253772,"views":7,"p1id":"vylara","p2id":"rungy","formatid":"gen9doublesou","rating":0,"private":0,"password":""}