{"id":"gen9doublesou-1997149809","p1":"GBarmada","p2":"latios223","format":"[Gen 9] Doubles OU","log":"|j|\u2606GBarmada\n|j|\u2606latios223\n|t:|1700769559\n|gametype|doubles\n|player|p1|GBarmada|nate|1372\n|player|p2|latios223|ghetsis-gen5bw|1332\n|teamsize|p1|6\n|teamsize|p2|6\n|gen|9\n|tier|[Gen 9] Doubles OU\n|rated|\n|rule|Species Clause: Limit one of each Pok\u00e9mon\n|rule|OHKO Clause: OHKO moves are banned\n|rule|Evasion Moves Clause: Evasion moves are banned\n|rule|Gravity Sleep Clause: The combination of sleep-inducing moves with imperfect accuracy and Gravity or Gigantamax Orbeetle are banned\n|rule|Endless Battle Clause: Forcing endless battles is banned\n|rule|HP Percentage Mod: HP is shown in percentages\n|clearpoke\n|poke|p1|Clefairy, F|\n|poke|p1|Grimmsnarl, M|\n|poke|p1|Iron Bundle|\n|poke|p1|Iron Hands|\n|poke|p1|Rillaboom, F|\n|poke|p1|Sneasler, F|\n|poke|p2|Armarouge, F|\n|poke|p2|Indeedee-F, F|\n|poke|p2|Landorus-Therian, M|\n|poke|p2|Iron Jugulis|\n|poke|p2|Gyarados, F|\n|poke|p2|Pelipper, F|\n|teampreview\n|inactive|Battle timer is ON: inactive players will automatically lose when time's up. (requested by GBarmada)\n|c|\u2606GBarmada|GLHF\n|c|\u2606latios223|glhf\n|\n|t:|1700769583\n|start\n|switch|p1a: Iron Bundle|Iron Bundle|100\/100\n|switch|p1b: Rillaboom|Rillaboom, F|100\/100\n|switch|p2a: Armarouge|Armarouge, F|100\/100\n|switch|p2b: Indeedee|Indeedee-F, F|100\/100\n|-fieldstart|move: Psychic Terrain|[from] ability: Psychic Surge|[of] p2b: Indeedee\n|-fieldstart|move: Grassy Terrain|[from] ability: Grassy Surge|[of] p1b: Rillaboom\n|turn|1\n|\n|t:|1700769606\n|move|p2a: Armarouge|Protect|p2a: Armarouge\n|-singleturn|p2a: Armarouge|Protect\n|move|p1b: Rillaboom|Fake Out|p2a: Armarouge\n|-activate|p2a: Armarouge|move: Protect\n|move|p1a: Iron Bundle|Taunt|p2b: Indeedee\n|-start|p2b: Indeedee|move: Taunt\n|cant|p2b: Indeedee|move: Taunt|Reflect\n|\n|upkeep\n|turn|2\n|inactive|GBarmada has 120 seconds left.\n|\n|t:|1700769649\n|switch|p2b: Pelipper|Pelipper, F|100\/100\n|-weather|RainDance|[from] ability: Drizzle|[of] p2b: Pelipper\n|move|p1a: Iron Bundle|Taunt|p2a: Armarouge\n|-start|p2a: Armarouge|move: Taunt\n|move|p1b: Rillaboom|U-turn|p2a: Armarouge\n|-damage|p2a: Armarouge|80\/100\n|-ability|p2a: Armarouge|Weak Armor|boost\n|-unboost|p2a: Armarouge|def|1\n|-boost|p2a: Armarouge|spe|2\n|\n|t:|1700769659\n|switch|p1b: Grimmsnarl|Grimmsnarl, M|100\/100|[from] U-turn\n|move|p2a: Armarouge|Armor Cannon|p1b: Grimmsnarl\n|-damage|p1b: Grimmsnarl|70\/100\n|-unboost|p2a: Armarouge|def|1\n|-unboost|p2a: Armarouge|spd|1\n|\n|-weather|RainDance|[upkeep]\n|-heal|p2a: Armarouge|86\/100|[from] Grassy Terrain\n|-heal|p1b: Grimmsnarl|76\/100|[from] Grassy Terrain\n|upkeep\n|turn|3\n|inactive|GBarmada has 120 seconds left.\n|inactive|GBarmada has 90 seconds left.\n|\n|t:|1700769699\n|move|p1b: Grimmsnarl|Light Screen|p1b: Grimmsnarl\n|-sidestart|p1: GBarmada|move: Light Screen\n|move|p1a: Iron Bundle|Taunt|p2b: Pelipper\n|-start|p2b: Pelipper|move: Taunt\n|move|p2a: Armarouge|Aura Sphere|p1a: Iron Bundle\n|-supereffective|p1a: Iron Bundle\n|-damage|p1a: Iron Bundle|18\/100\n|move|p2b: Pelipper|Hurricane|p1b: Grimmsnarl\n|-damage|p1b: Grimmsnarl|42\/100\n|\n|-weather|RainDance|[upkeep]\n|-heal|p1a: Iron Bundle|24\/100|[from] Grassy Terrain\n|-heal|p2a: Armarouge|92\/100|[from] Grassy Terrain\n|-heal|p1b: Grimmsnarl|48\/100|[from] Grassy Terrain\n|upkeep\n|turn|4\n|\n|t:|1700769720\n|-end|p1a: Iron Bundle|Quark Drive|[silent]\n|switch|p1a: Clefairy|Clefairy, F, shiny|100\/100\n|move|p1b: Grimmsnarl|Parting Shot|p2a: Armarouge\n|-unboost|p2a: Armarouge|atk|1\n|-unboost|p2a: Armarouge|spa|1\n|\n|t:|1700769725\n|switch|p1b: Iron Hands|Iron Hands|100\/100|[from] Parting Shot\n|move|p2a: Armarouge|Aura Sphere|p1a: Clefairy\n|-resisted|p1a: Clefairy\n|-damage|p1a: Clefairy|95\/100\n|move|p2b: Pelipper|Hurricane|p1b: Iron Hands\n|-damage|p1b: Iron Hands|74\/100\n|\n|-weather|RainDance|[upkeep]\n|-heal|p2a: Armarouge|99\/100|[from] Grassy Terrain\n|-heal|p1b: Iron Hands|80\/100|[from] Grassy Terrain\n|-heal|p1a: Clefairy|100\/100|[from] Grassy Terrain\n|-end|p2a: Armarouge|move: Taunt\n|upkeep\n|turn|5\n|inactive|GBarmada has 120 seconds left.\n|\n|t:|1700769744\n|switch|p2a: Landorus|Landorus-Therian, M|100\/100\n|-ability|p2a: Landorus|Intimidate|boost\n|-unboost|p1a: Clefairy|atk|1\n|-unboost|p1b: Iron Hands|atk|1\n|switch|p2b: Iron Jugulis|Iron Jugulis|100\/100\n|move|p1a: Clefairy|Follow Me|p1a: Clefairy\n|-singleturn|p1a: Clefairy|move: Follow Me\n|move|p1b: Iron Hands|Swords Dance|p1b: Iron Hands\n|-boost|p1b: Iron Hands|atk|2\n|\n|-weather|RainDance|[upkeep]\n|-heal|p1b: Iron Hands|86\/100|[from] Grassy Terrain\n|-fieldend|move: Grassy Terrain\n|upkeep\n|turn|6\n|inactive|GBarmada has 120 seconds left.\n|inactive|latios223 has 120 seconds left.\n|inactive|GBarmada has 90 seconds left.\n|\n|t:|1700769799\n|move|p1a: Clefairy|Helping Hand|p1b: Iron Hands\n|-singleturn|p1b: Iron Hands|Helping Hand|[of] p1a: Clefairy\n|move|p2b: Iron Jugulis|Hurricane|p1b: Iron Hands\n|-damage|p1b: Iron Hands|41\/100\n|-enditem|p1b: Iron Hands|Sitrus Berry|[eat]\n|-heal|p1b: Iron Hands|66\/100|[from] item: Sitrus Berry\n|move|p2a: Landorus|Earthquake|p1b: Iron Hands|[spread] p1a,p1b\n|-immune|p2b: Iron Jugulis\n|-supereffective|p1b: Iron Hands\n|-damage|p1a: Clefairy|55\/100\n|-damage|p1b: Iron Hands|0 fnt\n|faint|p1b: Iron Hands\n|-end|p1b: Iron Hands|Quark Drive|[silent]\n|-damage|p2a: Landorus|91\/100|[from] item: Life Orb\n|\n|-weather|RainDance|[upkeep]\n|upkeep\n|inactive|GBarmada has 90 seconds left.\n|\n|t:|1700769823\n|switch|p1b: Iron Bundle|Iron Bundle|24\/100\n|turn|7\n|inactive|GBarmada has 90 seconds left.\n|inactive|GBarmada has 60 seconds left.\n|\n|t:|1700769867\n|switch|p2a: Pelipper|Pelipper, F|100\/100\n|move|p1b: Iron Bundle|Freeze-Dry|p2b: Iron Jugulis\n|-supereffective|p2b: Iron Jugulis\n|-damage|p2b: Iron Jugulis|11\/100\n|move|p2b: Iron Jugulis|Hurricane|p1b: Iron Bundle\n|-damage|p1b: Iron Bundle|0 fnt\n|faint|p1b: Iron Bundle\n|-end|p1b: Iron Bundle|Quark Drive|[silent]\n|move|p1a: Clefairy|Heal Pulse|p1: Iron Bundle|[notarget]\n|-fail|p1a: Clefairy\n|\n|-weather|RainDance|[upkeep]\n|upkeep\n|inactive|GBarmada has 60 seconds left.\n|\n|t:|1700769881\n|switch|p1b: Rillaboom|Rillaboom, F|100\/100\n|-fieldstart|move: Grassy Terrain|[from] ability: Grassy Surge|[of] p1b: Rillaboom\n|turn|8\n|inactive|GBarmada has 60 seconds left.\n|\n|t:|1700769901\n|-end|p2b: Iron Jugulis|Quark Drive|[silent]\n|switch|p2b: Armarouge|Armarouge, F|99\/100\n|move|p1b: Rillaboom|Fake Out|p2b: Armarouge\n|-damage|p2b: Armarouge|87\/100\n|-ability|p2b: Armarouge|Weak Armor|boost\n|-unboost|p2b: Armarouge|def|1\n|-boost|p2b: Armarouge|spe|2\n|move|p2a: Pelipper|Hurricane|p1b: Rillaboom\n|-supereffective|p1b: Rillaboom\n|-damage|p1b: Rillaboom|58\/100\n|-start|p1b: Rillaboom|confusion\n|move|p1a: Clefairy|Icy Wind|p2b: Armarouge|[spread] p2a,p2b\n|-resisted|p2b: Armarouge\n|-damage|p2a: Pelipper|90\/100\n|-damage|p2b: Armarouge|84\/100\n|-unboost|p2a: Pelipper|spe|1\n|-unboost|p2b: Armarouge|spe|1\n|\n|-weather|RainDance|[upkeep]\n|-heal|p2b: Armarouge|90\/100|[from] Grassy Terrain\n|-heal|p1b: Rillaboom|64\/100|[from] Grassy Terrain\n|-heal|p1a: Clefairy|61\/100|[from] Grassy Terrain\n|upkeep\n|turn|9\n|inactive|GBarmada has 60 seconds left.\n|inactive|latios223 has 120 seconds left.\n|\n|t:|1700769933\n|move|p1a: Clefairy|Follow Me|p1a: Clefairy\n|-singleturn|p1a: Clefairy|move: Follow Me\n|move|p2b: Armarouge|Armor Cannon|p1a: Clefairy\n|-crit|p1a: Clefairy\n|-damage|p1a: Clefairy|23\/100\n|-unboost|p2b: Armarouge|def|1\n|-unboost|p2b: Armarouge|spd|1\n|-activate|p1b: Rillaboom|confusion\n|move|p1b: Rillaboom|U-turn|p2b: Armarouge\n|-damage|p2b: Armarouge|51\/100\n|-ability|p2b: Armarouge|Weak Armor|boost\n|-unboost|p2b: Armarouge|def|1\n|-boost|p2b: Armarouge|spe|2\n|\n|t:|1700769947\n|switch|p1b: Sneasler|Sneasler, F, shiny|100\/100|[from] U-turn\n|-enditem|p1b: Sneasler|Grassy Seed\n|-boost|p1b: Sneasler|def|1|[from] item: Grassy Seed\n|move|p2a: Pelipper|Hurricane|p1a: Clefairy\n|-damage|p1a: Clefairy|0 fnt\n|faint|p1a: Clefairy\n|\n|-weather|none\n|-heal|p2b: Armarouge|57\/100|[from] Grassy Terrain\n|upkeep\n|\n|t:|1700769964\n|switch|p1a: Rillaboom|Rillaboom, F|64\/100\n|turn|10\n|inactive|GBarmada has 60 seconds left.\n|inactive|latios223 has 120 seconds left.\n|inactive|GBarmada has 30 seconds left.\n|\n|t:|1700770007\n|switch|p2b: Gyarados|Gyarados, F|100\/100\n|-ability|p2b: Gyarados|Intimidate|boost\n|-unboost|p1a: Rillaboom|atk|1\n|-unboost|p1b: Sneasler|atk|1\n|move|p1a: Rillaboom|Fake Out|p2a: Pelipper\n|-damage|p2a: Pelipper|78\/100\n|move|p1b: Sneasler|Swords Dance|p1b: Sneasler\n|-boost|p1b: Sneasler|atk|2\n|cant|p2a: Pelipper|flinch\n|\n|-heal|p1a: Rillaboom|70\/100|[from] Grassy Terrain\n|-sideend|p1: GBarmada|move: Light Screen\n|upkeep\n|turn|11\n|inactive|GBarmada has 30 seconds left.\n|\n|t:|1700770040\n|switch|p1a: Grimmsnarl|Grimmsnarl, M|48\/100\n|move|p1b: Sneasler|Protect|p1b: Sneasler\n|-singleturn|p1b: Sneasler|Protect\n|move|p2b: Gyarados|Earthquake|p1a: Grimmsnarl|[spread] p1a\n|-activate|p1b: Sneasler|move: Protect\n|-immune|p2a: Pelipper\n|-damage|p1a: Grimmsnarl|35\/100\n|move|p2a: Pelipper|Hurricane|p1b: Sneasler\n|-activate|p1b: Sneasler|move: Protect\n|\n|-heal|p1a: Grimmsnarl|41\/100|[from] Grassy Terrain\n|upkeep\n|turn|12\n|\n|t:|1700770062\n|-terastallize|p1b: Sneasler|Flying\n|move|p1a: Grimmsnarl|Reflect|p1a: Grimmsnarl\n|-sidestart|p1: GBarmada|Reflect\n|move|p1b: Sneasler|Swords Dance|p1b: Sneasler\n|-boost|p1b: Sneasler|atk|2\n|move|p2b: Gyarados|Dragon Dance|p2b: Gyarados\n|-boost|p2b: Gyarados|atk|1\n|-boost|p2b: Gyarados|spe|1\n|move|p2a: Pelipper|Hurricane|p1b: Sneasler\n|-damage|p1b: Sneasler|43\/100\n|\n|-heal|p1a: Grimmsnarl|47\/100|[from] Grassy Terrain\n|-fieldend|move: Grassy Terrain\n|upkeep\n|turn|13\n|inactive|GBarmada has 30 seconds left.\n|\n|t:|1700770107\n|switch|p2a: Landorus|Landorus-Therian, M|91\/100\n|-ability|p2a: Landorus|Intimidate|boost\n|-unboost|p1a: Grimmsnarl|atk|1\n|-unboost|p1b: Sneasler|atk|1\n|move|p1a: Grimmsnarl|Parting Shot|p2b: Gyarados\n|-unboost|p2b: Gyarados|atk|1\n|-unboost|p2b: Gyarados|spa|1\n|inactive|GBarmada has 30 seconds left this turn.\n|\n|t:|1700770114\n|switch|p1a: Rillaboom|Rillaboom, F|70\/100|[from] Parting Shot\n|-fieldstart|move: Grassy Terrain|[from] ability: Grassy Surge|[of] p1a: Rillaboom\n|move|p1b: Sneasler|Swords Dance|p1b: Sneasler\n|-boost|p1b: Sneasler|atk|2\n|move|p2b: Gyarados|Earthquake|p1a: Rillaboom|[spread] p1a\n|-immune|p2a: Landorus\n|-immune|p1b: Sneasler\n|-resisted|p1a: Rillaboom\n|-damage|p1a: Rillaboom|66\/100\n|\n|-heal|p1a: Rillaboom|73\/100|[from] Grassy Terrain\n|upkeep\n|turn|14\n|inactive|GBarmada has 30 seconds left.\n|\n|t:|1700770138\n|move|p1a: Rillaboom|Fake Out|p2a: Landorus\n|-damage|p2a: Landorus|74\/100\n|move|p1b: Sneasler|Acrobatics|p2b: Gyarados\n|-damage|p2b: Gyarados|0 fnt\n|faint|p2b: Gyarados\n|cant|p2a: Landorus|flinch\n|\n|-heal|p1a: Rillaboom|79\/100|[from] Grassy Terrain\n|upkeep\n|inactive|latios223 has 120 seconds left.\n|\n|t:|1700770159\n|switch|p2b: Iron Jugulis|Iron Jugulis|11\/100\n|turn|15\n|inactive|latios223 has 120 seconds left.\n|\n|t:|1700770180\n|move|p1b: Sneasler|Protect|p1b: Sneasler\n|-singleturn|p1b: Sneasler|Protect\n|move|p2b: Iron Jugulis|Flamethrower|p1b: Sneasler\n|-activate|p1b: Sneasler|move: Protect\n|move|p2a: Landorus|Rock Slide|p1a: Rillaboom|[spread] p1a\n|-activate|p1b: Sneasler|move: Protect\n|-damage|p1a: Rillaboom|63\/100\n|-damage|p2a: Landorus|64\/100|[from] item: Life Orb\n|move|p1a: Rillaboom|U-turn|p2b: Iron Jugulis\n|-damage|p2b: Iron Jugulis|0 fnt\n|faint|p2b: Iron Jugulis\n|-end|p2b: Iron Jugulis|Quark Drive|[silent]\n|\n|t:|1700770192\n|switch|p1a: Grimmsnarl|Grimmsnarl, M|47\/100|[from] U-turn\n|\n|-heal|p1a: Grimmsnarl|53\/100|[from] Grassy Terrain\n|upkeep\n|\n|t:|1700770200\n|switch|p2b: Pelipper|Pelipper, F|78\/100\n|-weather|RainDance|[from] ability: Drizzle|[of] p2b: Pelipper\n|turn|16\n|\n|t:|1700770217\n|move|p1a: Grimmsnarl|Parting Shot|p2a: Landorus\n|-unboost|p2a: Landorus|atk|1\n|-unboost|p2a: Landorus|spa|1\n|\n|t:|1700770220\n|switch|p1a: Rillaboom|Rillaboom, F|63\/100|[from] Parting Shot\n|move|p1b: Sneasler|Acrobatics|p2b: Pelipper\n|-damage|p2b: Pelipper|0 fnt\n|faint|p2b: Pelipper\n|move|p2a: Landorus|Rock Slide|p1b: Sneasler|[spread] p1a,p1b\n|-supereffective|p1b: Sneasler\n|-damage|p1a: Rillaboom|52\/100\n|-damage|p1b: Sneasler|25\/100\n|-damage|p2a: Landorus|55\/100|[from] item: Life Orb\n|\n|-weather|RainDance|[upkeep]\n|-heal|p1a: Rillaboom|58\/100|[from] Grassy Terrain\n|upkeep\n|\n|t:|1700770234\n|switch|p2b: Indeedee|Indeedee-F, F|100\/100\n|-fieldstart|move: Psychic Terrain|[from] ability: Psychic Surge|[of] p2b: Indeedee\n|turn|17\n|inactive|GBarmada has 90 seconds left.\n|\n|t:|1700770263\n|move|p1b: Sneasler|Acrobatics|p2a: Landorus\n|-damage|p2a: Landorus|0 fnt\n|faint|p2a: Landorus\n|move|p2b: Indeedee|Reflect|p2b: Indeedee\n|-sidestart|p2: latios223|Reflect\n|move|p1a: Rillaboom|U-turn|p2b: Indeedee\n|-supereffective|p2b: Indeedee\n|-damage|p2b: Indeedee|46\/100\n|\n|t:|1700770269\n|switch|p1a: Grimmsnarl|Grimmsnarl, M|53\/100|[from] U-turn\n|\n|-weather|RainDance|[upkeep]\n|upkeep\n|\n|t:|1700770275\n|switch|p2a: Armarouge|Armarouge, F|57\/100\n|turn|18\n|\n|t:|1700770286\n|move|p2a: Armarouge|Protect|p2a: Armarouge\n|-singleturn|p2a: Armarouge|Protect\n|move|p1a: Grimmsnarl|Light Screen|p1a: Grimmsnarl\n|-sidestart|p1: GBarmada|move: Light Screen\n|move|p1b: Sneasler|Acrobatics|p2a: Armarouge\n|-activate|p2a: Armarouge|move: Protect\n|move|p2b: Indeedee|Dazzling Gleam|p1b: Sneasler|[spread] p1a,p1b\n|-supereffective|p1a: Grimmsnarl\n|-damage|p1a: Grimmsnarl|29\/100\n|-damage|p1b: Sneasler|12\/100\n|\n|-weather|RainDance|[upkeep]\n|upkeep\n|turn|19\n|inactive|GBarmada has 90 seconds left.\n|\n|t:|1700770324\n|switch|p1a: Rillaboom|Rillaboom, F|58\/100\n|-fieldstart|move: Grassy Terrain|[from] ability: Grassy Surge|[of] p1a: Rillaboom\n|move|p2a: Armarouge|Protect||[still]\n|-fail|p2a: Armarouge\n|move|p1b: Sneasler|Acrobatics|p2a: Armarouge\n|-damage|p2a: Armarouge|0 fnt\n|faint|p2a: Armarouge\n|move|p2b: Indeedee|Dazzling Gleam|p1a: Rillaboom|[spread] p1a,p1b\n|-damage|p1a: Rillaboom|51\/100\n|-damage|p1b: Sneasler|0 fnt\n|faint|p1b: Sneasler\n|\n|-weather|RainDance|[upkeep]\n|-heal|p2b: Indeedee|52\/100|[from] Grassy Terrain\n|-heal|p1a: Rillaboom|57\/100|[from] Grassy Terrain\n|-sideend|p1: GBarmada|Reflect\n|upkeep\n|inactive|GBarmada has 90 seconds left.\n|\n|t:|1700770335\n|switch|p1b: Grimmsnarl|Grimmsnarl, M|29\/100\n|turn|20\n|\n|t:|1700770347\n|move|p2b: Indeedee|Dazzling Gleam|p1a: Rillaboom|[spread] p1a,p1b\n|-supereffective|p1b: Grimmsnarl\n|-damage|p1a: Rillaboom|50\/100\n|-damage|p1b: Grimmsnarl|6\/100\n|move|p1a: Rillaboom|U-turn|p2b: Indeedee\n|-supereffective|p2b: Indeedee\n|-damage|p2b: Indeedee|4\/100\n|move|p1b: Grimmsnarl|Spirit Break|p2b: Indeedee\n|-damage|p2b: Indeedee|0 fnt\n|faint|p2b: Indeedee\n|\n|win|GBarmada\n|raw|GBarmada's rating: 1372 &rarr; <strong>1390<\/strong><br \/>(+18 for winning)\n|raw|latios223's rating: 1332 &rarr; <strong>1314<\/strong><br \/>(-18 for losing)\n|c|\u2606GBarmada|GG WP\n|c|\u2606latios223|gg\n|l|\u2606latios223\n|l|\u2606GBarmada\n|j|\u2606GBarmada\n|player|p1|GBarmada|nate\n","uploadtime":1700770361,"views":16,"p1id":"gbarmada","p2id":"latios223","formatid":"gen9doublesou","rating":1314,"private":0,"password":""}