{"id":"gen9doublesou-1995241033","p1":"biuj","p2":"vegetasfeet","format":"[Gen 9] Doubles OU","log":"|j|\u2606biuj\n|j|\u2606vegetasfeet\n|t:|1700538867\n|gametype|doubles\n|player|p1|biuj|1|1238\n|player|p2|vegetasfeet|brycen|1330\n|teamsize|p1|6\n|teamsize|p2|6\n|gen|9\n|tier|[Gen 9] Doubles OU\n|rated|\n|rule|Species Clause: Limit one of each Pok\u00e9mon\n|rule|OHKO Clause: OHKO moves are banned\n|rule|Evasion Moves Clause: Evasion moves are banned\n|rule|Gravity Sleep Clause: The combination of sleep-inducing moves with imperfect accuracy and Gravity or Gigantamax Orbeetle are banned\n|rule|Endless Battle Clause: Forcing endless battles is banned\n|rule|HP Percentage Mod: HP is shown in percentages\n|clearpoke\n|poke|p1|Regieleki|\n|poke|p1|Regidrago|\n|poke|p1|Iron Bundle|\n|poke|p1|Typhlosion-Hisui, M|\n|poke|p1|Chi-Yu|\n|poke|p1|Toxtricity, F|\n|poke|p2|Scizor, M|\n|poke|p2|Tornadus, M|\n|poke|p2|Chien-Pao|\n|poke|p2|Iron Hands|\n|poke|p2|Volcanion|\n|poke|p2|Great Tusk|\n|teampreview\n|inactive|Battle timer is ON: inactive players will automatically lose when time's up. (requested by vegetasfeet)\n|\n|t:|1700538871\n|start\n|switch|p1a: Typhlosion|Typhlosion-Hisui, M|100\/100\n|switch|p1b: Toxtricity|Toxtricity, F|100\/100\n|switch|p2a: YN Jay|Tornadus, M|100\/100\n|switch|p2b: Kawhi Leonard|Scizor, M|100\/100\n|-item|p2a: YN Jay|Focus Sash|[from] ability: Frisk|[of] p1a: Typhlosion|[identify]\n|-item|p2b: Kawhi Leonard|Choice Band|[from] ability: Frisk|[of] p1a: Typhlosion|[identify]\n|turn|1\n|\n|t:|1700538898\n|switch|p2b: Volcanion|Volcanion|100\/100\n|move|p1a: Typhlosion|Eruption|p2a: YN Jay|[spread] p2a,p2b\n|-resisted|p2b: Volcanion\n|-crit|p2b: Volcanion\n|-damage|p2a: YN Jay|21\/100\n|-damage|p2b: Volcanion|78\/100\n|move|p1b: Toxtricity|Boomburst|p2b: Volcanion|[spread] p2a,p2b\n|-immune|p1a: Typhlosion\n|-crit|p2a: YN Jay\n|-damage|p2a: YN Jay|0 fnt\n|-damage|p2b: Volcanion|32\/100\n|faint|p2a: YN Jay\n|\n|-heal|p2b: Volcanion|38\/100|[from] item: Leftovers\n|upkeep\n|inactive|vegetasfeet has 120 seconds left.\n|\n|t:|1700538909\n|switch|p2a: Great Tusk|Great Tusk|100\/100\n|turn|2\n|\n|t:|1700538918\n|move|p2b: Volcanion|Protect|p2b: Volcanion\n|-singleturn|p2b: Volcanion|Protect\n|move|p1a: Typhlosion|Eruption|p2a: Great Tusk|[spread] p2a\n|-activate|p2b: Volcanion|move: Protect\n|-damage|p2a: Great Tusk|61\/100\n|move|p1b: Toxtricity|Boomburst|p2a: Great Tusk|[spread] p2a\n|-activate|p2b: Volcanion|move: Protect\n|-immune|p1a: Typhlosion\n|-damage|p2a: Great Tusk|31\/100\n|move|p2a: Great Tusk|Headlong Rush|p1a: Typhlosion\n|-supereffective|p1a: Typhlosion\n|-damage|p1a: Typhlosion|0 fnt\n|-unboost|p2a: Great Tusk|def|1\n|-unboost|p2a: Great Tusk|spd|1\n|faint|p1a: Typhlosion\n|\n|-heal|p2b: Volcanion|44\/100|[from] item: Leftovers\n|upkeep\n|\n|t:|1700538942\n|switch|p1a: Iron Bundle|Iron Bundle|100\/100\n|-enditem|p1a: Iron Bundle|Booster Energy\n|-activate|p1a: Iron Bundle|ability: Quark Drive|[fromitem]\n|-start|p1a: Iron Bundle|quarkdrivespe\n|turn|3\n|\n|t:|1700538959\n|-end|p2a: Great Tusk|Protosynthesis|[silent]\n|switch|p2a: Kawhi Leonard|Scizor, M|100\/100\n|move|p1a: Iron Bundle|Icy Wind|p2b: Volcanion|[spread] p2a,p2b\n|-resisted|p2a: Kawhi Leonard\n|-resisted|p2b: Volcanion\n|-damage|p2a: Kawhi Leonard|87\/100\n|-damage|p2b: Volcanion|38\/100\n|-unboost|p2a: Kawhi Leonard|spe|1\n|-unboost|p2b: Volcanion|spe|1\n|move|p1b: Toxtricity|Boomburst|p2a: Kawhi Leonard|[spread] p1a,p2a,p2b\n|-resisted|p2a: Kawhi Leonard\n|-crit|p2b: Volcanion\n|-damage|p1a: Iron Bundle|10\/100\n|-damage|p2a: Kawhi Leonard|60\/100\n|-damage|p2b: Volcanion|0 fnt\n|faint|p2b: Volcanion\n|\n|upkeep\n|\n|t:|1700538976\n|switch|p2b: Great Tusk|Great Tusk|31\/100\n|turn|4\n|\n|t:|1700538983\n|move|p2a: Kawhi Leonard|Bullet Punch|p1a: Iron Bundle\n|-damage|p1a: Iron Bundle|0 fnt\n|faint|p1a: Iron Bundle\n|-end|p1a: Iron Bundle|Quark Drive|[silent]\n|move|p1b: Toxtricity|Boomburst|p2b: Great Tusk|[spread] p2a,p2b\n|-resisted|p2a: Kawhi Leonard\n|-damage|p2a: Kawhi Leonard|34\/100\n|-damage|p2b: Great Tusk|2\/100\n|move|p2b: Great Tusk|Headlong Rush|p1b: Toxtricity\n|-supereffective|p1b: Toxtricity\n|-crit|p1b: Toxtricity\n|-damage|p1b: Toxtricity|0 fnt\n|-unboost|p2b: Great Tusk|def|1\n|-unboost|p2b: Great Tusk|spd|1\n|faint|p1b: Toxtricity\n|\n|upkeep\n|\n|t:|1700538996\n|switch|p1a: Regidrago|Regidrago|100\/100\n|switch|p1b: Regieleki|Regieleki|100\/100\n|turn|5\n|\n|t:|1700539006\n|move|p2a: Kawhi Leonard|Bullet Punch|p1a: Regidrago\n|-damage|p1a: Regidrago|41\/100\n|move|p1b: Regieleki|Electroweb|p2b: Great Tusk|[spread] p2a\n|-immune|p2b: Great Tusk\n|-damage|p2a: Kawhi Leonard|0 fnt\n|faint|p2a: Kawhi Leonard\n|move|p1a: Regidrago|Dragon Energy|p2b: Great Tusk\n|-damage|p2b: Great Tusk|0 fnt\n|faint|p2b: Great Tusk\n|-end|p2b: Great Tusk|Protosynthesis|[silent]\n|\n|upkeep\n|\n|t:|1700539015\n|switch|p2b: Druski|Iron Hands|100\/100\n|switch|p2a: Iggy Azalea|Chien-Pao|100\/100\n|-ability|p2a: Iggy Azalea|Sword of Ruin\n|turn|6\n|\n|t:|1700539031\n|-terastallize|p1b: Regieleki|Electric\n|move|p2b: Druski|Fake Out|p1b: Regieleki\n|-damage|p1b: Regieleki|58\/100\n|cant|p1b: Regieleki|flinch\n|move|p2a: Iggy Azalea|Sacred Sword|p1b: Regieleki\n|-damage|p1b: Regieleki|0 fnt\n|faint|p1b: Regieleki\n|-damage|p2a: Iggy Azalea|91\/100|[from] item: Life Orb\n|move|p1a: Regidrago|Dragon Energy|p2a: Iggy Azalea|[spread] p2a,p2b\n|-damage|p2a: Iggy Azalea|15\/100\n|-damage|p2b: Druski|80\/100\n|\n|upkeep\n|\n|t:|1700539045\n|switch|p1b: Chi-Yu|Chi-Yu|100\/100\n|-ability|p1b: Chi-Yu|Beads of Ruin\n|turn|7\n|\n|t:|1700539052\n|move|p1b: Chi-Yu|Heat Wave|p2b: Druski|[spread] p2b\n|-miss|p1b: Chi-Yu|p2a: Iggy Azalea\n|-damage|p2b: Druski|55\/100\n|move|p2a: Iggy Azalea|Sacred Sword|p1b: Chi-Yu\n|-supereffective|p1b: Chi-Yu\n|-damage|p1b: Chi-Yu|0 fnt\n|faint|p1b: Chi-Yu\n|-damage|p2a: Iggy Azalea|5\/100|[from] item: Life Orb\n|move|p1a: Regidrago|Dragon Energy|p2a: Iggy Azalea|[spread] p2a,p2b\n|-damage|p2a: Iggy Azalea|0 fnt\n|-damage|p2b: Druski|33\/100\n|faint|p2a: Iggy Azalea\n|move|p2b: Druski|Close Combat|p1a: Regidrago\n|-damage|p1a: Regidrago|0 fnt\n|-unboost|p2b: Druski|def|1\n|-unboost|p2b: Druski|spd|1\n|faint|p1a: Regidrago\n|\n|win|vegetasfeet\n|raw|biuj's rating: 1238 &rarr; <strong>1219<\/strong><br \/>(-19 for losing)\n|raw|vegetasfeet's rating: 1330 &rarr; <strong>1345<\/strong><br \/>(+15 for winning)\n","uploadtime":1700539064,"views":3,"p1id":"biuj","p2id":"vegetasfeet","formatid":"gen9doublesou","rating":1219,"private":0,"password":""}