{"id":"gen9doublesou-1987070300","p1":"Bauti20","p2":"ALClippy","format":"[Gen 9] Doubles OU","log":"|j|\u2606Bauti20\n|j|\u2606ALClippy\n|t:|1699553639\n|gametype|doubles\n|player|p1|Bauti20|youngcouple|1184\n|player|p2|ALClippy|cynthia|1193\n|teamsize|p1|6\n|teamsize|p2|6\n|gen|9\n|tier|[Gen 9] Doubles OU\n|rated|\n|rule|Species Clause: Limit one of each Pok\u00e9mon\n|rule|OHKO Clause: OHKO moves are banned\n|rule|Evasion Moves Clause: Evasion moves are banned\n|rule|Gravity Sleep Clause: The combination of sleep-inducing moves with imperfect accuracy and Gravity or Gigantamax Orbeetle are banned\n|rule|Endless Battle Clause: Forcing endless battles is banned\n|rule|HP Percentage Mod: HP is shown in percentages\n|clearpoke\n|poke|p1|Cresselia, F|\n|poke|p1|Torterra, M|\n|poke|p1|Grimmsnarl, M|\n|poke|p1|Iron Hands|\n|poke|p1|Clefable, F|\n|poke|p1|Vivillon, M|\n|poke|p2|Murkrow, F|\n|poke|p2|Ninetales-Alola, M|\n|poke|p2|Iron Hands|\n|poke|p2|Palafin, M|\n|poke|p2|Sinistcha|\n|poke|p2|Gholdengo|\n|teampreview\n|\n|t:|1699553662\n|start\n|switch|p1a: Iron Hands|Iron Hands|100\/100\n|switch|p1b: Clefable|Clefable, F|100\/100\n|switch|p2a: Ninetales|Ninetales-Alola, M|100\/100\n|switch|p2b: Palafin|Palafin, M|100\/100\n|-weather|Snow|[from] ability: Snow Warning|[of] p2a: Ninetales\n|turn|1\n|\n|t:|1699553687\n|switch|p2a: Sinistcha|Sinistcha|100\/100\n|move|p1a: Iron Hands|Fake Out|p2b: Palafin\n|-damage|p2b: Palafin|79\/100\n|cant|p2b: Palafin|flinch\n|move|p1b: Clefable|Cosmic Power|p1b: Clefable\n|-boost|p1b: Clefable|def|1\n|-boost|p1b: Clefable|spd|1\n|\n|-weather|Snow|[upkeep]\n|upkeep\n|turn|2\n|\n|t:|1699553706\n|detailschange|p2b: Palafin|Palafin-Hero, M\n|switch|p2b: Ninetales|Ninetales-Alola, M|100\/100\n|move|p2a: Sinistcha|Life Dew||[still]|[still]|[spread] \n|-fail|p2a: Sinistcha|heal\n|-fail|p2b: Ninetales|heal\n|move|p1b: Clefable|Cosmic Power|p1b: Clefable\n|-boost|p1b: Clefable|def|1\n|-boost|p1b: Clefable|spd|1\n|move|p1a: Iron Hands|Wild Charge|p2b: Ninetales\n|-damage|p2b: Ninetales|47\/100\n|-damage|p1a: Iron Hands|92\/100|[from] Recoil\n|\n|-weather|Snow|[upkeep]\n|upkeep\n|turn|3\n|\n|t:|1699553725\n|move|p2a: Sinistcha|Rage Powder|p2a: Sinistcha\n|-singleturn|p2a: Sinistcha|move: Rage Powder\n|move|p2b: Ninetales|Draining Kiss|p1a: Iron Hands\n|-supereffective|p1a: Iron Hands\n|-damage|p1a: Iron Hands|64\/100\n|-heal|p2b: Ninetales|80\/100|[from] drain|[of] p1a: Iron Hands\n|move|p1b: Clefable|Cosmic Power|p1b: Clefable\n|-boost|p1b: Clefable|def|1\n|-boost|p1b: Clefable|spd|1\n|move|p1a: Iron Hands|Drain Punch|p2a: Sinistcha\n|-immune|p2a: Sinistcha\n|\n|-weather|Snow|[upkeep]\n|upkeep\n|turn|4\n|\n|t:|1699553744\n|move|p1b: Clefable|Follow Me|p1b: Clefable\n|-singleturn|p1b: Clefable|move: Follow Me\n|move|p2b: Ninetales|Blizzard|p1b: Clefable|[spread] p1a,p1b\n|-damage|p1a: Iron Hands|41\/100\n|-damage|p1b: Clefable|91\/100\n|move|p2a: Sinistcha|Life Dew||[still]|[spread] p2a,p2b\n|-fail|p2a: Sinistcha|heal\n|-heal|p2b: Ninetales|100\/100\n|move|p1a: Iron Hands|Heavy Slam|p2a: Sinistcha\n|-damage|p2a: Sinistcha|56\/100\n|\n|-weather|Snow|[upkeep]\n|-heal|p2a: Sinistcha|62\/100|[from] item: Leftovers\n|upkeep\n|turn|5\n|\n|t:|1699553776\n|move|p2b: Ninetales|Aurora Veil|p2b: Ninetales\n|-sidestart|p2: ALClippy|move: Aurora Veil\n|move|p2a: Sinistcha|Strength Sap|p1a: Iron Hands\n|-unboost|p1a: Iron Hands|atk|1\n|-heal|p2a: Sinistcha|100\/100\n|move|p1b: Clefable|Stored Power|p2a: Sinistcha\n|-damage|p2a: Sinistcha|77\/100\n|move|p1a: Iron Hands|Heavy Slam|p2b: Ninetales\n|-supereffective|p2b: Ninetales\n|-damage|p2b: Ninetales|21\/100\n|\n|-weather|none\n|-heal|p2a: Sinistcha|83\/100|[from] item: Leftovers\n|upkeep\n|turn|6\n|\n|t:|1699553794\n|-end|p1a: Iron Hands|Quark Drive|[silent]\n|switch|p1a: Grimmsnarl|Grimmsnarl, M|100\/100\n|move|p2b: Ninetales|Draining Kiss|p1a: Grimmsnarl\n|-supereffective|p1a: Grimmsnarl\n|-damage|p1a: Grimmsnarl|70\/100\n|-heal|p2b: Ninetales|53\/100|[from] drain|[of] p1a: Grimmsnarl\n|move|p2a: Sinistcha|Life Dew|p2a: Sinistcha|[spread] p2a,p2b\n|-heal|p2a: Sinistcha|100\/100\n|-heal|p2b: Ninetales|78\/100\n|move|p1b: Clefable|Cosmic Power|p1b: Clefable\n|-boost|p1b: Clefable|def|1\n|-boost|p1b: Clefable|spd|1\n|\n|upkeep\n|turn|7\n|\n|t:|1699553815\n|switch|p2b: Gholdengo|Gholdengo|100\/100\n|move|p1a: Grimmsnarl|Light Screen|p1a: Grimmsnarl\n|-sidestart|p1: Bauti20|move: Light Screen\n|move|p2a: Sinistcha|Life Dew||[still]|[spread] \n|-immune|p2b: Gholdengo|[from] ability: Good as Gold\n|-fail|p2a: Sinistcha|heal\n|move|p1b: Clefable|Cosmic Power|p1b: Clefable\n|-boost|p1b: Clefable|def|1\n|-boost|p1b: Clefable|spd|1\n|\n|upkeep\n|turn|8\n|\n|t:|1699553834\n|move|p1a: Grimmsnarl|Taunt|p2a: Sinistcha\n|-start|p2a: Sinistcha|move: Taunt\n|move|p2b: Gholdengo|Make It Rain|p1a: Grimmsnarl|[spread] p1a,p1b\n|-supereffective|p1a: Grimmsnarl\n|-supereffective|p1b: Clefable\n|-damage|p1a: Grimmsnarl|23\/100\n|-damage|p1b: Clefable|76\/100\n|-unboost|p2b: Gholdengo|spa|1\n|-enditem|p2b: Gholdengo|White Herb\n|-clearnegativeboost|p2b: Gholdengo|[silent]\n|move|p2a: Sinistcha|Matcha Gotcha|p1a: Grimmsnarl|[spread] p1a,p1b\n|-crit|p1a: Grimmsnarl\n|-crit|p1b: Clefable\n|-damage|p1a: Grimmsnarl|0 fnt\n|-damage|p1b: Clefable|47\/100\n|faint|p1a: Grimmsnarl\n|move|p1b: Clefable|Cosmic Power|p1b: Clefable\n|-boost|p1b: Clefable|def|1\n|-boost|p1b: Clefable|spd|1\n|\n|upkeep\n|\n|t:|1699553852\n|switch|p1a: Cresselia|Cresselia, F|100\/100\n|turn|9\n|\n|t:|1699553865\n|switch|p2b: Palafin|Palafin-Hero, M|79\/100\n|-activate|p2b: Palafin|ability: Zero to Hero\n|-terastallize|p1b: Clefable|Poison\n|move|p1a: Cresselia|Lunar Blessing|p1a: Cresselia|[spread] p1a,p1b\n|-heal|p1b: Clefable|72\/100\n|move|p2a: Sinistcha|Matcha Gotcha|p1b: Clefable|[spread] p1a,p1b\n|-resisted|p1b: Clefable\n|-damage|p1a: Cresselia|90\/100\n|-damage|p1b: Clefable|71\/100\n|move|p1b: Clefable|Wish|p1b: Clefable\n|\n|-heal|p1a: Cresselia|96\/100|[from] item: Leftovers\n|upkeep\n|turn|10\n|\n|t:|1699553917\n|switch|p2a: Gholdengo|Gholdengo|100\/100\n|-terastallize|p2b: Palafin|Water\n|move|p1b: Clefable|Follow Me|p1b: Clefable\n|-singleturn|p1b: Clefable|move: Follow Me\n|move|p2b: Palafin|Jet Punch|p1b: Clefable\n|-crit|p1b: Clefable\n|-damage|p1b: Clefable|0 fnt\n|-damage|p2b: Palafin|63\/100|[from] item: Rocky Helmet|[of] p1b: Clefable\n|faint|p1b: Clefable\n|move|p1a: Cresselia|Calm Mind|p1a: Cresselia\n|-boost|p1a: Cresselia|spa|1\n|-boost|p1a: Cresselia|spd|1\n|\n|-heal|p1a: Cresselia|100\/100|[from] item: Leftovers\n|upkeep\n|c|\u2606Bauti20|what????\n|\n|t:|1699553940\n|switch|p1b: Vivillon|Vivillon, M|100\/100\n|turn|11\n|c|\u2606ALClippy|max attack with water tera\n|c|\u2606ALClippy|also a crit so it bypasses stat boosts\n|\n|t:|1699553992\n|move|p2b: Palafin|Jet Punch|p1b: Vivillon\n|-enditem|p1b: Vivillon|Focus Sash\n|-damage|p1b: Vivillon|1\/100\n|move|p2a: Gholdengo|Shadow Ball|p1a: Cresselia\n|-supereffective|p1a: Cresselia\n|-damage|p1a: Cresselia|75\/100\n|move|p1b: Vivillon|Sleep Powder|p2b: Palafin\n|-status|p2b: Palafin|slp|[from] move: Sleep Powder\n|move|p1a: Cresselia|Ice Beam|p2a: Gholdengo\n|-resisted|p2a: Gholdengo\n|-damage|p2a: Gholdengo|89\/100\n|\n|-heal|p1a: Cresselia|81\/100|[from] item: Leftovers\n|upkeep\n|turn|12\n|\n|t:|1699554014\n|cant|p2b: Palafin|slp\n|move|p2a: Gholdengo|Make It Rain|p1a: Cresselia|[spread] p1a,p1b\n|-damage|p1a: Cresselia|67\/100\n|-damage|p1b: Vivillon|0 fnt\n|-unboost|p2a: Gholdengo|spa|1\n|faint|p1b: Vivillon\n|move|p1a: Cresselia|Moonblast|p2b: Palafin\n|-damage|p2b: Palafin|39\/100 slp\n|\n|-heal|p1a: Cresselia|73\/100|[from] item: Leftovers\n|-sideend|p2: ALClippy|move: Aurora Veil\n|upkeep\n|\n|t:|1699554026\n|switch|p1b: Iron Hands|Iron Hands|41\/100\n|turn|13\n|\n|t:|1699554035\n|switch|p2a: Sinistcha|Sinistcha|100\/100\n|-heal|p2b: Palafin|64\/100 slp|[from] ability: Hospitality|[of] p2a: Sinistcha\n|-curestatus|p2b: Palafin|slp|[msg]\n|move|p2b: Palafin|Jet Punch|p1b: Iron Hands\n|-damage|p1b: Iron Hands|13\/100\n|move|p1a: Cresselia|Ice Beam|p2a: Sinistcha\n|-supereffective|p2a: Sinistcha\n|-damage|p2a: Sinistcha|39\/100\n|move|p1b: Iron Hands|Wild Charge|p2b: Palafin\n|-supereffective|p2b: Palafin\n|-damage|p2b: Palafin|0 fnt\n|faint|p2b: Palafin\n|-damage|p1b: Iron Hands|0 fnt|[from] Recoil\n|faint|p1b: Iron Hands\n|-end|p1b: Iron Hands|Quark Drive|[silent]\n|\n|-heal|p1a: Cresselia|80\/100|[from] item: Leftovers\n|-heal|p2a: Sinistcha|45\/100|[from] item: Leftovers\n|upkeep\n|inactive|Battle timer is ON: inactive players will automatically lose when time's up. (requested by Bauti20)\n|\n|t:|1699554067\n|switch|p2b: Gholdengo|Gholdengo|89\/100\n|switch|p1b: Torterra|Torterra, M|100\/100\n|turn|14\n|inactive|Bauti20 has 120 seconds left.\n|\n|t:|1699554098\n|move|p2b: Gholdengo|Shadow Ball|p1a: Cresselia\n|-supereffective|p1a: Cresselia\n|-damage|p1a: Cresselia|54\/100\n|-unboost|p1a: Cresselia|spd|1\n|move|p1b: Torterra|Shell Smash|p1b: Torterra\n|-unboost|p1b: Torterra|def|1\n|-unboost|p1b: Torterra|spd|1\n|-boost|p1b: Torterra|atk|2\n|-boost|p1b: Torterra|spa|2\n|-boost|p1b: Torterra|spe|2\n|-enditem|p1b: Torterra|White Herb\n|-clearnegativeboost|p1b: Torterra|[silent]\n|move|p1a: Cresselia|Moonblast|p2b: Gholdengo\n|-resisted|p2b: Gholdengo\n|-damage|p2b: Gholdengo|69\/100\n|move|p2a: Sinistcha|Life Dew|p2a: Sinistcha|[spread] p2a\n|-immune|p2b: Gholdengo|[from] ability: Good as Gold\n|-heal|p2a: Sinistcha|70\/100\n|\n|-heal|p1a: Cresselia|60\/100|[from] item: Leftovers\n|-heal|p2a: Sinistcha|76\/100|[from] item: Leftovers\n|-sideend|p1: Bauti20|move: Light Screen\n|upkeep\n|turn|15\n|inactive|ALClippy has 120 seconds left.\n|\n|t:|1699554133\n|switch|p2b: Ninetales|Ninetales-Alola, M|78\/100\n|-weather|Snow|[from] ability: Snow Warning|[of] p2b: Ninetales\n|move|p1b: Torterra|Heavy Slam|p2a: Sinistcha\n|-damage|p2a: Sinistcha|2\/100\n|move|p1a: Cresselia|Lunar Blessing|p1a: Cresselia|[spread] p1a,p1b\n|-heal|p1a: Cresselia|85\/100\n|move|p2a: Sinistcha|Matcha Gotcha|p1a: Cresselia|[spread] p1a,p1b\n|-damage|p1a: Cresselia|69\/100\n|-heal|p2a: Sinistcha|11\/100|[from] drain|[of] p1a: Cresselia\n|-damage|p1b: Torterra|71\/100\n|-heal|p2a: Sinistcha|25\/100|[from] drain|[of] p1b: Torterra\n|\n|-weather|Snow|[upkeep]\n|-heal|p1a: Cresselia|75\/100|[from] item: Leftovers\n|-heal|p2a: Sinistcha|31\/100|[from] item: Leftovers\n|upkeep\n|turn|16\n|inactive|ALClippy has 120 seconds left.\n|\n|t:|1699554167\n|move|p1b: Torterra|Heavy Slam|p2b: Ninetales\n|-supereffective|p2b: Ninetales\n|-damage|p2b: Ninetales|0 fnt\n|faint|p2b: Ninetales\n|move|p1a: Cresselia|Calm Mind|p1a: Cresselia\n|-boost|p1a: Cresselia|spa|1\n|-boost|p1a: Cresselia|spd|1\n|move|p2a: Sinistcha|Strength Sap|p1b: Torterra\n|-unboost|p1b: Torterra|atk|1\n|-heal|p2a: Sinistcha|100\/100\n|\n|-weather|Snow|[upkeep]\n|-heal|p1a: Cresselia|81\/100|[from] item: Leftovers\n|upkeep\n|\n|t:|1699554183\n|switch|p2b: Murkrow|Murkrow, F|100\/100\n|turn|17\n|inactive|ALClippy has 120 seconds left.\n|\n|t:|1699554203\n|switch|p2a: Iron Hands|Iron Hands|100\/100\n|move|p1b: Torterra|Rock Slide|p2a: Iron Hands|[spread] p2a,p2b\n|-resisted|p2a: Iron Hands\n|-supereffective|p2b: Murkrow\n|-damage|p2a: Iron Hands|91\/100\n|-damage|p2b: Murkrow|23\/100\n|move|p2b: Murkrow|Icy Wind|p1a: Cresselia|[spread] \n|-miss|p2b: Murkrow|p1a: Cresselia\n|-miss|p2b: Murkrow|p1b: Torterra\n|move|p1a: Cresselia|Ice Beam|p2a: Iron Hands\n|-damage|p2a: Iron Hands|61\/100\n|\n|-weather|Snow|[upkeep]\n|-heal|p1a: Cresselia|87\/100|[from] item: Leftovers\n|upkeep\n|turn|18\n|inactive|ALClippy has 120 seconds left.\n|\n|t:|1699554224\n|move|p2a: Iron Hands|Fake Out|p1b: Torterra\n|-damage|p1b: Torterra|59\/100\n|cant|p1b: Torterra|flinch\n|move|p2b: Murkrow|Icy Wind|p1a: Cresselia|[spread] p1a,p1b\n|-crit|p1a: Cresselia\n|-supereffective|p1b: Torterra\n|-damage|p1a: Cresselia|80\/100\n|-damage|p1b: Torterra|16\/100\n|-unboost|p1a: Cresselia|spe|1\n|-unboost|p1b: Torterra|spe|1\n|move|p1a: Cresselia|Moonblast|p2b: Murkrow\n|-supereffective|p2b: Murkrow\n|-crit|p2b: Murkrow\n|-damage|p2b: Murkrow|0 fnt\n|faint|p2b: Murkrow\n|\n|-weather|Snow|[upkeep]\n|-heal|p1a: Cresselia|86\/100|[from] item: Leftovers\n|upkeep\n|inactive|ALClippy has 120 seconds left.\n|\n|t:|1699554240\n|switch|p2b: Gholdengo|Gholdengo|69\/100\n|turn|19\n|\n|t:|1699554254\n|move|p1b: Torterra|Wood Hammer|p2b: Gholdengo\n|-resisted|p2b: Gholdengo\n|-damage|p2b: Gholdengo|0 fnt\n|faint|p2b: Gholdengo\n|-damage|p1b: Torterra|0 fnt|[from] Recoil\n|faint|p1b: Torterra\n|move|p1a: Cresselia|Calm Mind|p1a: Cresselia\n|-boost|p1a: Cresselia|spa|1\n|-boost|p1a: Cresselia|spd|1\n|move|p2a: Iron Hands|Ice Punch|p1a: Cresselia\n|-damage|p1a: Cresselia|69\/100\n|-status|p1a: Cresselia|frz\n|\n|-weather|none\n|-heal|p1a: Cresselia|75\/100 frz|[from] item: Leftovers\n|upkeep\n|inactive|ALClippy has 120 seconds left.\n|\n|t:|1699554268\n|switch|p2b: Sinistcha|Sinistcha|100\/100\n|-heal|p2a: Iron Hands|86\/100|[from] ability: Hospitality|[of] p2b: Sinistcha\n|turn|20\n|c|\u2606Bauti20|fuck!!!!\n|\n|t:|1699554278\n|move|p2b: Sinistcha|Life Dew||[still]|[spread] p2a,p2b\n|-heal|p2a: Iron Hands|100\/100\n|-fail|p2b: Sinistcha|heal\n|cant|p1a: Cresselia|frz\n|move|p2a: Iron Hands|Ice Punch|p1a: Cresselia\n|-damage|p1a: Cresselia|56\/100 frz\n|\n|-heal|p1a: Cresselia|62\/100 frz|[from] item: Leftovers\n|upkeep\n|turn|21\n|j|%R8@!\n|l|%R8\n|\n|t:|1699554295\n|move|p2b: Sinistcha|Rage Powder|p2b: Sinistcha\n|-singleturn|p2b: Sinistcha|move: Rage Powder\n|cant|p1a: Cresselia|frz\n|move|p2a: Iron Hands|Ice Punch|p1a: Cresselia\n|-damage|p1a: Cresselia|43\/100 frz\n|\n|-heal|p1a: Cresselia|49\/100 frz|[from] item: Leftovers\n|upkeep\n|turn|22\n|\n|t:|1699554307\n|move|p2b: Sinistcha|Matcha Gotcha|p1a: Cresselia\n|-damage|p1a: Cresselia|39\/100 frz\n|-curestatus|p1a: Cresselia|frz|[msg]\n|move|p1a: Cresselia|Lunar Blessing|p1a: Cresselia\n|-heal|p1a: Cresselia|64\/100\n|move|p2a: Iron Hands|Ice Punch|p1a: Cresselia\n|-damage|p1a: Cresselia|46\/100\n|\n|-heal|p1a: Cresselia|52\/100|[from] item: Leftovers\n|upkeep\n|turn|23\n|\n|t:|1699554321\n|move|p2b: Sinistcha|Matcha Gotcha|p1a: Cresselia\n|-damage|p1a: Cresselia|42\/100\n|move|p1a: Cresselia|Ice Beam|p2b: Sinistcha\n|-supereffective|p2b: Sinistcha\n|-damage|p2b: Sinistcha|0 fnt\n|faint|p2b: Sinistcha\n|move|p2a: Iron Hands|Ice Punch|p1a: Cresselia\n|-damage|p1a: Cresselia|24\/100\n|\n|-heal|p1a: Cresselia|30\/100|[from] item: Leftovers\n|upkeep\n|turn|24\n|\n|t:|1699554332\n|move|p1a: Cresselia|Lunar Blessing|p1a: Cresselia\n|-heal|p1a: Cresselia|55\/100\n|move|p2a: Iron Hands|Ice Punch|p1a: Cresselia\n|-damage|p1a: Cresselia|36\/100\n|-status|p1a: Cresselia|frz\n|\n|-heal|p1a: Cresselia|42\/100 frz|[from] item: Leftovers\n|upkeep\n|turn|25\n|c|\u2606Bauti20|bue\n|\n|t:|1699554341\n|cant|p1a: Cresselia|frz\n|move|p2a: Iron Hands|Ice Punch|p1a: Cresselia\n|-damage|p1a: Cresselia|24\/100 frz\n|\n|-heal|p1a: Cresselia|30\/100 frz|[from] item: Leftovers\n|upkeep\n|turn|26\n|\n|t:|1699554351\n|cant|p1a: Cresselia|frz\n|move|p2a: Iron Hands|Ice Punch|p1a: Cresselia\n|-damage|p1a: Cresselia|10\/100 frz\n|\n|-heal|p1a: Cresselia|16\/100 frz|[from] item: Leftovers\n|upkeep\n|turn|27\n|\n|t:|1699554358\n|cant|p1a: Cresselia|frz\n|move|p2a: Iron Hands|Ice Punch|p1a: Cresselia\n|-damage|p1a: Cresselia|0 fnt\n|faint|p1a: Cresselia\n|\n|win|ALClippy\n|raw|Bauti20's rating: 1184 &rarr; <strong>1160<\/strong><br \/>(-24 for losing)\n|raw|ALClippy's rating: 1193 &rarr; <strong>1217<\/strong><br \/>(+24 for winning)\n","uploadtime":1699554270,"views":15,"p1id":"bauti20","p2id":"alclippy","formatid":"gen9doublesou","rating":1160,"private":0,"password":""}