{"id":"gen9doublesou-2000658896","p1":"LegLampforLife","p2":"Linxus888","format":"[Gen 9] Doubles OU","log":"|j|\u2606LegLampforLife\n|j|\u2606Linxus888\n|t:|1701215547\n|gametype|doubles\n|player|p1|LegLampforLife|169|1011\n|player|p2|Linxus888|kiawe|1013\n|teamsize|p1|6\n|teamsize|p2|6\n|gen|9\n|tier|[Gen 9] Doubles OU\n|rated|\n|rule|Species Clause: Limit one of each Pok\u00e9mon\n|rule|OHKO Clause: OHKO moves are banned\n|rule|Evasion Moves Clause: Evasion moves are banned\n|rule|Gravity Sleep Clause: The combination of sleep-inducing moves with imperfect accuracy and Gravity or Gigantamax Orbeetle are banned\n|rule|Endless Battle Clause: Forcing endless battles is banned\n|rule|HP Percentage Mod: HP is shown in percentages\n|clearpoke\n|poke|p1|Swalot, M|\n|poke|p1|Chien-Pao|\n|poke|p1|Salamence, M|\n|poke|p1|Zoroark, F|\n|poke|p1|Iron Treads|\n|poke|p1|Oranguru, M|\n|poke|p2|Oricorio-Pom-Pom, F|\n|poke|p2|Volcarona, M|\n|poke|p2|Flamigo, M|\n|poke|p2|Lurantis, M|\n|poke|p2|Espathra, M|\n|poke|p2|Torterra, F|\n|teampreview\n|\n|t:|1701215554\n|start\n|switch|p1a: Swalot|Swalot, M|100\/100\n|switch|p1b: Chien-Pao|Chien-Pao|100\/100\n|switch|p2a: Torterra|Torterra, F, shiny|100\/100\n|switch|p2b: Lurantis|Lurantis, M, shiny|100\/100\n|-ability|p1b: Chien-Pao|Sword of Ruin\n|turn|1\n|inactive|Battle timer is ON: inactive players will automatically lose when time's up. (requested by LegLampforLife)\n|\n|t:|1701215581\n|move|p1b: Chien-Pao|Ice Spinner|p2a: Torterra\n|-supereffective|p2a: Torterra\n|-damage|p2a: Torterra|0 fnt\n|faint|p2a: Torterra\n|move|p1a: Swalot|Acid Armor|p1a: Swalot\n|-boost|p1a: Swalot|def|2\n|move|p2b: Lurantis|Superpower|p1b: Chien-Pao\n|-supereffective|p1b: Chien-Pao\n|-damage|p1b: Chien-Pao|0 fnt\n|-boost|p2b: Lurantis|atk|1\n|-boost|p2b: Lurantis|def|1\n|faint|p1b: Chien-Pao\n|\n|upkeep\n|\n|t:|1701215596\n|switch|p1b: Oranguru|Oranguru, M|100\/100\n|switch|p2a: Flamigo|Flamigo, M, shiny|100\/100\n|-copyboost|p2a: Flamigo|p2b: Lurantis|[from] ability: Costar\n|turn|2\n|\n|t:|1701215621\n|-terastallize|p1b: Oranguru|Normal\n|move|p2a: Flamigo|Copycat|p2a: Flamigo\n|move|p2a: Flamigo|Superpower|p1b: Oranguru|[from]move: Copycat\n|-supereffective|p1b: Oranguru\n|-damage|p1b: Oranguru|0 fnt\n|-unboost|p2a: Flamigo|atk|1\n|-unboost|p2a: Flamigo|def|1\n|faint|p1b: Oranguru\n|move|p1a: Swalot|Acid Armor|p1a: Swalot\n|-boost|p1a: Swalot|def|2\n|move|p2b: Lurantis|Knock Off|p1a: Swalot\n|-damage|p1a: Swalot|89\/100\n|-enditem|p1a: Swalot|Black Sludge|[from] move: Knock Off|[of] p2b: Lurantis\n|\n|upkeep\n|\n|t:|1701215635\n|switch|p1b: Iron Treads|Iron Treads|100\/100\n|turn|3\n|\n|t:|1701215649\n|move|p2a: Flamigo|Swords Dance|p2a: Flamigo\n|-boost|p2a: Flamigo|atk|2\n|move|p1b: Iron Treads|Flamethrower|p2b: Lurantis\n|-supereffective|p2b: Lurantis\n|-damage|p2b: Lurantis|60\/100\n|move|p1a: Swalot|Body Press|p2a: Flamigo\n|-resisted|p2a: Flamigo\n|-damage|p2a: Flamigo|49\/100\n|move|p2b: Lurantis|Superpower|p1b: Iron Treads\n|-supereffective|p1b: Iron Treads\n|-damage|p1b: Iron Treads|0 fnt\n|-boost|p2b: Lurantis|atk|1\n|-boost|p2b: Lurantis|def|1\n|replace|p1b: Zoroark|Zoroark, F\n|-end|p1b: Zoroark|Illusion\n|faint|p1b: Zoroark\n|\n|upkeep\n|\n|t:|1701215659\n|switch|p1b: Iron Treads|Iron Treads|100\/100\n|-enditem|p1b: Iron Treads|Booster Energy\n|-activate|p1b: Iron Treads|ability: Quark Drive|[fromitem]\n|-start|p1b: Iron Treads|quarkdrivespe\n|turn|4\n|\n|t:|1701215684\n|move|p1b: Iron Treads|Megahorn|p2b: Lurantis\n|-supereffective|p2b: Lurantis\n|-crit|p2b: Lurantis\n|-damage|p2b: Lurantis|0 fnt\n|faint|p2b: Lurantis\n|move|p2a: Flamigo|Acrobatics|p1b: Iron Treads\n|-resisted|p1b: Iron Treads\n|-damage|p1b: Iron Treads|78\/100\n|move|p1a: Swalot|Body Press|p2a: Flamigo\n|-resisted|p2a: Flamigo\n|-damage|p2a: Flamigo|1\/100\n|\n|upkeep\n|\n|t:|1701215695\n|switch|p2b: Oricorio|Oricorio-Pom-Pom, F, shiny|100\/100\n|turn|5\n|\n|t:|1701215710\n|move|p1b: Iron Treads|High Horsepower|p2a: Flamigo\n|-immune|p2a: Flamigo\n|move|p2a: Flamigo|Copycat|p2a: Flamigo\n|move|p2a: Flamigo|High Horsepower|p1b: Iron Treads|[from]move: Copycat\n|-supereffective|p1b: Iron Treads\n|-damage|p1b: Iron Treads|0 fnt\n|faint|p1b: Iron Treads\n|-end|p1b: Iron Treads|Quark Drive|[silent]\n|move|p2b: Oricorio|Revelation Dance|p1a: Swalot\n|-damage|p1a: Swalot|49\/100\n|move|p1a: Swalot|Body Press|p2b: Oricorio\n|-resisted|p2b: Oricorio\n|-damage|p2b: Oricorio|48\/100\n|\n|upkeep\n|l|\u2606LegLampforLife\n|inactive|LegLampforLife disconnected and has a minute to reconnect!\n|player|p1|\n|inactive|LegLampforLife has 30 seconds to reconnect!\n|inactive|LegLampforLife has 20 seconds to reconnect!\n|inactive|LegLampforLife has 15 seconds to reconnect!\n|inactive|LegLampforLife has 10 seconds to reconnect!\n|inactive|LegLampforLife has 5 seconds to reconnect!\n|-message|LegLampforLife lost due to inactivity.\n|\n|win|Linxus888\n|raw|LegLampforLife's rating: 1000 &rarr; <strong>1000<\/strong><br \/>(+0 for losing)\n|raw|Linxus888's rating: 1013 &rarr; <strong>1050<\/strong><br \/>(+37 for winning)\n","uploadtime":1701215775,"views":10,"p1id":"leglampforlife","p2id":"linxus888","formatid":"gen9doublesou","rating":1000,"private":0,"password":""}