{"id":"gen9doublesou-1995308357","p1":"bananaszn","p2":"geronimoboys3","format":"[Gen 9] Doubles OU","log":"|j|\u2606bananaszn\n|j|\u2606geronimoboys3\n|t:|1700551016\n|gametype|doubles\n|player|p1|bananaszn|brycen|1454\n|player|p2|geronimoboys3|170|1365\n|teamsize|p1|6\n|teamsize|p2|6\n|gen|9\n|tier|[Gen 9] Doubles OU\n|rated|\n|rule|Species Clause: Limit one of each Pok\u00e9mon\n|rule|OHKO Clause: OHKO moves are banned\n|rule|Evasion Moves Clause: Evasion moves are banned\n|rule|Gravity Sleep Clause: The combination of sleep-inducing moves with imperfect accuracy and Gravity or Gigantamax Orbeetle are banned\n|rule|Endless Battle Clause: Forcing endless battles is banned\n|rule|HP Percentage Mod: HP is shown in percentages\n|clearpoke\n|poke|p1|Scizor, F|\n|poke|p1|Tornadus, M|\n|poke|p1|Chien-Pao|\n|poke|p1|Iron Hands|\n|poke|p1|Volcanion|\n|poke|p1|Great Tusk|\n|poke|p2|Chien-Pao|\n|poke|p2|Arcanine, M|\n|poke|p2|Tornadus, M|\n|poke|p2|Ting-Lu|\n|poke|p2|Iron Hands|\n|poke|p2|Ogerpon-Wellspring, F|\n|teampreview\n|inactive|Battle timer is ON: inactive players will automatically lose when time's up. (requested by bananaszn)\n|\n|t:|1700551043\n|start\n|switch|p1a: YN Jay|Tornadus, M|100\/100\n|switch|p1b: Kawhi Leonard|Scizor, F|100\/100\n|switch|p2a: Iron Hands|Iron Hands, shiny|100\/100\n|switch|p2b: Tornadus|Tornadus, M, shiny|100\/100\n|-enditem|p2a: Iron Hands|Booster Energy\n|-activate|p2a: Iron Hands|ability: Quark Drive|[fromitem]\n|-start|p2a: Iron Hands|quarkdriveatk\n|turn|1\n|\n|t:|1700551061\n|move|p2a: Iron Hands|Fake Out|p1a: YN Jay\n|-damage|p1a: YN Jay|69\/100\n|cant|p1a: YN Jay|flinch\n|move|p2b: Tornadus|Tailwind|p2b: Tornadus\n|-sidestart|p2: geronimoboys3|move: Tailwind\n|move|p1b: Kawhi Leonard|Bullet Punch|p2b: Tornadus\n|-damage|p2b: Tornadus|18\/100\n|\n|-heal|p2b: Tornadus|24\/100|[from] item: Leftovers\n|upkeep\n|turn|2\n|\n|t:|1700551083\n|switch|p1a: Great Tusk|Great Tusk|100\/100\n|move|p1b: Kawhi Leonard|Bullet Punch|p2b: Tornadus\n|-damage|p2b: Tornadus|0 fnt\n|faint|p2b: Tornadus\n|move|p2a: Iron Hands|Wild Charge|p1a: Great Tusk\n|-immune|p1a: Great Tusk\n|\n|upkeep\n|inactive|geronimoboys3 has 120 seconds left.\n|\n|t:|1700551105\n|switch|p2b: Ting-Lu|Ting-Lu|100\/100\n|-ability|p2b: Ting-Lu|Vessel of Ruin\n|turn|3\n|\n|t:|1700551123\n|move|p1b: Kawhi Leonard|Bullet Punch|p2b: Ting-Lu\n|-damage|p2b: Ting-Lu|71\/100\n|move|p1a: Great Tusk|Ice Spinner|p2b: Ting-Lu\n|-supereffective|p2b: Ting-Lu\n|-damage|p2b: Ting-Lu|43\/100\n|move|p2a: Iron Hands|Close Combat|p1a: Great Tusk\n|-damage|p1a: Great Tusk|35\/100\n|-unboost|p2a: Iron Hands|def|1\n|-unboost|p2a: Iron Hands|spd|1\n|move|p2b: Ting-Lu|Stomping Tantrum|p1b: Kawhi Leonard\n|-damage|p1b: Kawhi Leonard|62\/100\n|\n|-heal|p2b: Ting-Lu|49\/100|[from] item: Leftovers\n|upkeep\n|turn|4\n|\n|t:|1700551142\n|move|p1b: Kawhi Leonard|Bullet Punch|p2b: Ting-Lu\n|-damage|p2b: Ting-Lu|22\/100\n|move|p1a: Great Tusk|Close Combat|p2b: Ting-Lu\n|-supereffective|p2b: Ting-Lu\n|-damage|p2b: Ting-Lu|0 fnt\n|-unboost|p1a: Great Tusk|def|1\n|-unboost|p1a: Great Tusk|spd|1\n|faint|p2b: Ting-Lu\n|move|p2a: Iron Hands|Close Combat|p1a: Great Tusk\n|-crit|p1a: Great Tusk\n|-damage|p1a: Great Tusk|0 fnt\n|-unboost|p2a: Iron Hands|def|1\n|-unboost|p2a: Iron Hands|spd|1\n|faint|p1a: Great Tusk\n|-end|p1a: Great Tusk|Protosynthesis|[silent]\n|\n|-sideend|p2: geronimoboys3|move: Tailwind\n|upkeep\n|\n|t:|1700551163\n|switch|p1a: YN Jay|Tornadus, M|69\/100\n|switch|p2b: Chien-Pao|Chien-Pao|100\/100\n|-ability|p2b: Chien-Pao|Sword of Ruin\n|turn|5\n|\n|t:|1700551180\n|-terastallize|p2b: Chien-Pao|Flying\n|move|p1a: YN Jay|Tailwind|p1a: YN Jay\n|-sidestart|p1: bananaszn|move: Tailwind\n|move|p1b: Kawhi Leonard|Bullet Punch|p2b: Chien-Pao\n|-damage|p2b: Chien-Pao|28\/100\n|move|p2b: Chien-Pao|Tera Blast|p1b: Kawhi Leonard|[anim] Tera Blast Flying\n|-damage|p1b: Kawhi Leonard|12\/100\n|move|p2a: Iron Hands|Close Combat|p1b: Kawhi Leonard\n|-damage|p1b: Kawhi Leonard|0 fnt\n|-unboost|p2a: Iron Hands|def|1\n|-unboost|p2a: Iron Hands|spd|1\n|faint|p1b: Kawhi Leonard\n|\n|upkeep\n|\n|t:|1700551199\n|switch|p1b: Druski|Iron Hands|100\/100\n|turn|6\n|\n|t:|1700551208\n|-end|p2a: Iron Hands|Quark Drive|[silent]\n|switch|p2a: Arcanine|Arcanine, M|100\/100\n|-ability|p2a: Arcanine|Intimidate|boost\n|-unboost|p1a: YN Jay|atk|1\n|-unboost|p1b: Druski|atk|1\n|move|p1a: YN Jay|Bleakwind Storm|p2a: Arcanine|[spread] p2a,p2b\n|-damage|p2a: Arcanine|63\/100\n|-damage|p2b: Chien-Pao|0 fnt\n|faint|p2b: Chien-Pao\n|move|p1b: Druski|Close Combat|p2a: Arcanine\n|-damage|p2a: Arcanine|11\/100\n|-unboost|p1b: Druski|def|1\n|-unboost|p1b: Druski|spd|1\n|\n|-heal|p2a: Arcanine|17\/100|[from] item: Leftovers\n|upkeep\n|\n|t:|1700551220\n|switch|p2b: Iron Hands|Iron Hands, shiny|100\/100\n|turn|7\n|\n|t:|1700551239\n|-terastallize|p1a: YN Jay|Ghost\n|move|p2b: Iron Hands|Fake Out|p1b: Druski\n|-damage|p1b: Druski|82\/100\n|move|p1a: YN Jay|Bleakwind Storm|p2a: Arcanine|[spread] p2a,p2b\n|-damage|p2a: Arcanine|0 fnt\n|-damage|p2b: Iron Hands|63\/100\n|-unboost|p2b: Iron Hands|spe|1\n|faint|p2a: Arcanine\n|cant|p1b: Druski|flinch\n|\n|upkeep\n|-message|geronimoboys3 forfeited.\n|\n|win|bananaszn\n|raw|bananaszn's rating: 1454 &rarr; <strong>1469<\/strong><br \/>(+15 for winning)\n|raw|geronimoboys3's rating: 1365 &rarr; <strong>1350<\/strong><br \/>(-15 for losing)\n|l|\u2606geronimoboys3\n","uploadtime":1700551254,"views":1,"p1id":"bananaszn","p2id":"geronimoboys3","formatid":"gen9doublesou","rating":1350,"private":0,"password":""}