{"id":"gen9doublesou-1997927630","p1":"Cownipples","p2":"Prob63","format":"[Gen 9] Doubles OU","log":"|j|\u2606Cownipples\n|j|\u2606Prob63\n|t:|1700868436\n|gametype|doubles\n|player|p1|Cownipples|burglar|1424\n|player|p2|Prob63|cynthia|1346\n|teamsize|p1|6\n|teamsize|p2|6\n|gen|9\n|tier|[Gen 9] Doubles OU\n|rated|\n|rule|Species Clause: Limit one of each Pok\u00e9mon\n|rule|OHKO Clause: OHKO moves are banned\n|rule|Evasion Moves Clause: Evasion moves are banned\n|rule|Gravity Sleep Clause: The combination of sleep-inducing moves with imperfect accuracy and Gravity or Gigantamax Orbeetle are banned\n|rule|Endless Battle Clause: Forcing endless battles is banned\n|rule|HP Percentage Mod: HP is shown in percentages\n|clearpoke\n|poke|p1|Zoroark-Hisui, M|\n|poke|p1|Mimikyu, M|\n|poke|p1|Basculegion-F, F|\n|poke|p1|Houndstone, M|\n|poke|p1|Sableye, M|\n|poke|p1|Ceruledge, F|\n|poke|p2|Gholdengo|\n|poke|p2|Sneasler, M|\n|poke|p2|Rillaboom, F|\n|poke|p2|Ursaluna-Bloodmoon, M|\n|poke|p2|Sinistcha-Masterpiece|\n|poke|p2|Heatran, F|\n|teampreview\n|inactive|Battle timer is ON: inactive players will automatically lose when time's up. (requested by Prob63)\n|\n|t:|1700868446\n|start\n|switch|p1a: Grimace|Sableye, M|100\/100\n|switch|p1b: Mickey|Mimikyu, M, shiny|100\/100\n|switch|p2a: Rillaboom|Rillaboom, F|100\/100\n|switch|p2b: the Snizzler|Sneasler, M|100\/100\n|-fieldstart|move: Grassy Terrain|[from] ability: Grassy Surge|[of] p2a: Rillaboom\n|-enditem|p2b: the Snizzler|Grassy Seed\n|-boost|p2b: the Snizzler|def|1|[from] item: Grassy Seed\n|turn|1\n|c|\u2606Prob63|spooky\n|\n|t:|1700868472\n|move|p2a: Rillaboom|Grassy Glide|p1a: Grimace\n|-damage|p1a: Grimace|16\/100\n|replace|p1a: Fabio|Zoroark-Hisui, M, shiny\n|-end|p1a: Fabio|Illusion\n|move|p2b: the Snizzler|Acrobatics|p1a: Fabio\n|-damage|p1a: Fabio|0 fnt\n|faint|p1a: Fabio\n|move|p1b: Mickey|Play Rough|p2b: the Snizzler\n|-damage|p2b: the Snizzler|49\/100\n|-damage|p1b: Mickey|91\/100|[from] item: Life Orb\n|\n|-heal|p2b: the Snizzler|55\/100|[from] Grassy Terrain\n|-heal|p1b: Mickey|97\/100|[from] Grassy Terrain\n|upkeep\n|inactive|Cownipples has 120 seconds left.\n|\n|t:|1700868495\n|switch|p1a: Grimace|Sableye, M|100\/100\n|turn|2\n|\n|t:|1700868510\n|move|p2a: Rillaboom|Grassy Glide|p1a: Grimace\n|-damage|p1a: Grimace|60\/100\n|move|p1a: Grimace|Disable|p2b: the Snizzler\n|-start|p2b: the Snizzler|Disable|Acrobatics\n|move|p2b: the Snizzler|Dire Claw|p1b: Mickey\n|-activate|p1b: Mickey|ability: Disguise\n|-damage|p1b: Mickey|97\/100\n|detailschange|p1b: Mickey|Mimikyu-Busted, M, shiny\n|-damage|p1b: Mickey|84\/100|[from] pokemon: Mimikyu-Busted\n|move|p1b: Mickey|Curse|p2a: Rillaboom\n|-start|p2a: Rillaboom|Curse|[of] p1b: Mickey\n|-damage|p1b: Mickey|34\/100\n|\n|-heal|p2b: the Snizzler|61\/100|[from] Grassy Terrain\n|-heal|p1b: Mickey|40\/100|[from] Grassy Terrain\n|-heal|p1a: Grimace|66\/100|[from] Grassy Terrain\n|-damage|p2a: Rillaboom|75\/100|[from] Curse\n|upkeep\n|turn|3\n|\n|t:|1700868534\n|switch|p2a: Sinistcha|Sinistcha-Masterpiece|100\/100\n|-heal|p2b: the Snizzler|86\/100|[from] ability: Hospitality|[of] p2a: Sinistcha\n|move|p1a: Grimace|Reflect|p1a: Grimace\n|-sidestart|p1: Cownipples|Reflect\n|move|p2b: the Snizzler|Dire Claw|p1b: Mickey\n|-damage|p1b: Mickey|0 fnt\n|faint|p1b: Mickey\n|\n|-heal|p2b: the Snizzler|92\/100|[from] Grassy Terrain\n|-heal|p1a: Grimace|72\/100|[from] Grassy Terrain\n|upkeep\n|\n|t:|1700868548\n|switch|p1b: Britney Shears|Ceruledge, F|100\/100\n|turn|4\n|\n|t:|1700868563\n|move|p1b: Britney Shears|Protect|p1b: Britney Shears\n|-singleturn|p1b: Britney Shears|Protect\n|move|p1a: Grimace|Light Screen|p1a: Grimace\n|-sidestart|p1: Cownipples|move: Light Screen\n|move|p2b: the Snizzler|Dire Claw|p1b: Britney Shears\n|-activate|p1b: Britney Shears|move: Protect\n|move|p2a: Sinistcha|Matcha Gotcha|p1a: Grimace|[spread] p1a\n|-activate|p1b: Britney Shears|move: Protect\n|-damage|p1a: Grimace|39\/100\n|-status|p1a: Grimace|brn\n|\n|-heal|p2b: the Snizzler|98\/100|[from] Grassy Terrain\n|-heal|p1a: Grimace|45\/100 brn|[from] Grassy Terrain\n|-damage|p1a: Grimace|39\/100 brn|[from] brn\n|upkeep\n|turn|5\n|inactive|Prob63 has 120 seconds left.\n|\n|t:|1700868596\n|-terastallize|p1b: Britney Shears|Steel\n|move|p1a: Grimace|Disable|p2a: Sinistcha\n|-start|p2a: Sinistcha|Disable|Matcha Gotcha\n|move|p2b: the Snizzler|Dire Claw|p1b: Britney Shears\n|-immune|p1b: Britney Shears\n|move|p1b: Britney Shears|Bulk Up|p1b: Britney Shears\n|-boost|p1b: Britney Shears|atk|1\n|-boost|p1b: Britney Shears|def|1\n|cant|p2a: Sinistcha|Disable|Matcha Gotcha\n|\n|-heal|p2b: the Snizzler|100\/100|[from] Grassy Terrain\n|-heal|p1a: Grimace|45\/100 brn|[from] Grassy Terrain\n|-damage|p1a: Grimace|39\/100 brn|[from] brn\n|-end|p2b: the Snizzler|Disable\n|-fieldend|move: Grassy Terrain\n|upkeep\n|turn|6\n|\n|t:|1700868621\n|switch|p2a: Heatran|Heatran, F|100\/100\n|move|p1a: Grimace|Encore|p2b: the Snizzler\n|-start|p2b: the Snizzler|Encore\n|move|p2b: the Snizzler|Dire Claw|p1a: Grimace\n|-resisted|p1a: Grimace\n|-damage|p1a: Grimace|24\/100 brn\n|move|p1b: Britney Shears|Bitter Blade|p2b: the Snizzler\n|-damage|p2b: the Snizzler|17\/100\n|\n|-damage|p1a: Grimace|18\/100 brn|[from] brn\n|upkeep\n|turn|7\n|\n|t:|1700868644\n|move|p1b: Britney Shears|Protect|p1b: Britney Shears\n|-singleturn|p1b: Britney Shears|Protect\n|move|p1a: Grimace|Disable|p2b: the Snizzler\n|-start|p2b: the Snizzler|Disable|Dire Claw\n|cant|p2b: the Snizzler|Disable|Dire Claw\n|move|p2a: Heatran|Earth Power|p1b: Britney Shears\n|-activate|p1b: Britney Shears|move: Protect\n|\n|-damage|p1a: Grimace|12\/100 brn|[from] brn\n|upkeep\n|turn|8\n|\n|t:|1700868661\n|switch|p2b: Rillaboom|Rillaboom, F|75\/100\n|-fieldstart|move: Grassy Terrain|[from] ability: Grassy Surge|[of] p2b: Rillaboom\n|move|p1a: Grimace|Disable|p2a: Heatran\n|-start|p2a: Heatran|Disable|Earth Power\n|move|p1b: Britney Shears|Bulk Up|p1b: Britney Shears\n|-boost|p1b: Britney Shears|atk|1\n|-boost|p1b: Britney Shears|def|1\n|cant|p2a: Heatran|Disable|Earth Power\n|\n|-heal|p2b: Rillaboom|82\/100|[from] Grassy Terrain\n|-heal|p1a: Grimace|18\/100 brn|[from] Grassy Terrain\n|-damage|p1a: Grimace|12\/100 brn|[from] brn\n|upkeep\n|turn|9\n|c|\u2606Prob63|bro\n|\n|t:|1700868681\n|move|p2b: Rillaboom|Fake Out|p1b: Britney Shears\n|-resisted|p1b: Britney Shears\n|-damage|p1b: Britney Shears|97\/100\n|move|p1a: Grimace|Encore|p2a: Heatran\n|-start|p2a: Heatran|Encore\n|cant|p1b: Britney Shears|flinch\n|cant|p2a: Heatran|Disable|Earth Power\n|\n|-heal|p1b: Britney Shears|100\/100|[from] Grassy Terrain\n|-heal|p2b: Rillaboom|88\/100|[from] Grassy Terrain\n|-heal|p1a: Grimace|18\/100 brn|[from] Grassy Terrain\n|-damage|p1a: Grimace|12\/100 brn|[from] brn\n|upkeep\n|turn|10\n|\n|t:|1700868699\n|switch|p2a: the Snizzler|Sneasler, M|17\/100\n|move|p2b: Rillaboom|Grassy Glide|p1a: Grimace\n|-damage|p1a: Grimace|0 fnt\n|faint|p1a: Grimace\n|move|p1b: Britney Shears|Bitter Blade|p2b: Rillaboom\n|-supereffective|p2b: Rillaboom\n|-damage|p2b: Rillaboom|0 fnt\n|faint|p2b: Rillaboom\n|\n|-heal|p2a: the Snizzler|23\/100|[from] Grassy Terrain\n|-sideend|p1: Cownipples|Reflect\n|upkeep\n|\n|t:|1700868717\n|switch|p2b: Sinistcha|Sinistcha-Masterpiece|100\/100\n|switch|p1a: Tuna Turner|Basculegion-F, F|100\/100\n|-heal|p2a: the Snizzler|48\/100|[from] ability: Hospitality|[of] p2b: Sinistcha\n|turn|11\n|\n|t:|1700868735\n|move|p2b: Sinistcha|Rage Powder|p2b: Sinistcha\n|-singleturn|p2b: Sinistcha|move: Rage Powder\n|move|p2a: the Snizzler|Acrobatics|p1a: Tuna Turner\n|-damage|p1a: Tuna Turner|56\/100\n|move|p1b: Britney Shears|Bitter Blade|p2b: Sinistcha\n|-supereffective|p2b: Sinistcha\n|-crit|p2b: Sinistcha\n|-damage|p2b: Sinistcha|0 fnt\n|faint|p2b: Sinistcha\n|move|p1a: Tuna Turner|Icy Wind|p2a: the Snizzler\n|-damage|p2a: the Snizzler|23\/100\n|-unboost|p2a: the Snizzler|spe|1\n|\n|-heal|p2a: the Snizzler|29\/100|[from] Grassy Terrain\n|-heal|p1a: Tuna Turner|62\/100|[from] Grassy Terrain\n|-sideend|p1: Cownipples|move: Light Screen\n|upkeep\n|c|\u2606Prob63|why in gods name would you not protect there\n|\n|t:|1700868757\n|switch|p2b: hur hur hur|Ursaluna-Bloodmoon, M|100\/100\n|turn|12\n|\n|t:|1700868769\n|switch|p2a: Heatran|Heatran, F|100\/100\n|move|p1b: Britney Shears|Protect|p1b: Britney Shears\n|-singleturn|p1b: Britney Shears|Protect\n|move|p1a: Tuna Turner|Hydro Pump|p2b: hur hur hur\n|-supereffective|p2b: hur hur hur\n|-damage|p2b: hur hur hur|0 fnt\n|faint|p2b: hur hur hur\n|\n|-heal|p1a: Tuna Turner|68\/100|[from] Grassy Terrain\n|-fieldend|move: Grassy Terrain\n|upkeep\n|\n|t:|1700868778\n|switch|p2b: the Snizzler|Sneasler, M|29\/100\n|turn|13\n|\n|t:|1700868799\n|move|p1b: Britney Shears|Shadow Sneak|p2b: the Snizzler\n|-damage|p2b: the Snizzler|0 fnt\n|faint|p2b: the Snizzler\n|move|p1a: Tuna Turner|Hydro Pump|p2a: Heatran\n|-supereffective|p2a: Heatran\n|-damage|p2a: Heatran|24\/100\n|move|p2a: Heatran|Earth Power|p1b: Britney Shears\n|-supereffective|p1b: Britney Shears\n|-damage|p1b: Britney Shears|24\/100\n|\n|-heal|p1b: Britney Shears|30\/100|[from] item: Leftovers\n|upkeep\n|\n|t:|1700868808\n|switch|p2b: String Cheese|Gholdengo|100\/100\n|turn|14\n|\n|t:|1700868822\n|move|p1b: Britney Shears|Shadow Sneak|p2b: String Cheese\n|-supereffective|p2b: String Cheese\n|-damage|p2b: String Cheese|7\/100\n|move|p2b: String Cheese|Shadow Ball|p1a: Tuna Turner\n|-supereffective|p1a: Tuna Turner\n|-damage|p1a: Tuna Turner|0 fnt\n|faint|p1a: Tuna Turner\n|-damage|p2b: String Cheese|0 fnt|[from] item: Life Orb\n|faint|p2b: String Cheese\n|move|p2a: Heatran|Earth Power|p1b: Britney Shears\n|-supereffective|p1b: Britney Shears\n|-damage|p1b: Britney Shears|0 fnt\n|faint|p1b: Britney Shears\n|\n|upkeep\n|c|\u2606Prob63|what a stupid fucking mon\n|\n|t:|1700868840\n|switch|p1b: Grim Shady|Houndstone, M|100\/100\n|turn|15\n|\n|t:|1700868847\n|move|p1b: Grim Shady|Protect|p1b: Grim Shady\n|-singleturn|p1b: Grim Shady|Protect\n|move|p2a: Heatran|Flash Cannon|p1b: Grim Shady\n|-activate|p1b: Grim Shady|move: Protect\n|\n|upkeep\n|turn|16\n|\n|t:|1700868854\n|move|p1b: Grim Shady|Last Respects|p2a: Heatran\n|-damage|p2a: Heatran|0 fnt\n|faint|p2a: Heatran\n|\n|win|Cownipples\n|raw|Cownipples's rating: 1424 &rarr; <strong>1440<\/strong><br \/>(+16 for winning)\n|raw|Prob63's rating: 1346 &rarr; <strong>1330<\/strong><br \/>(-16 for losing)\n","uploadtime":1700868826,"views":1,"p1id":"cownipples","p2id":"prob63","formatid":"gen9doublesou","rating":1330,"private":0,"password":""}