{"id":"gen9doublesou-1974239546","p1":"sword punch suck","p2":"ItsACritt","format":"[Gen 9] Doubles OU","log":"|j|\u2606sword punch suck\n|j|\u2606ItsACritt\n|t:|1698071139\n|gametype|doubles\n|player|p1|sword punch suck|caitlin|1127\n|player|p2|ItsACritt|flannery-gen6|1096\n|teamsize|p1|6\n|teamsize|p2|6\n|gen|9\n|tier|[Gen 9] Doubles OU\n|rated|\n|rule|Species Clause: Limit one of each Pok\u00e9mon\n|rule|OHKO Clause: OHKO moves are banned\n|rule|Evasion Moves Clause: Evasion moves are banned\n|rule|Gravity Sleep Clause: The combination of sleep-inducing moves with imperfect accuracy and Gravity or Gigantamax Orbeetle are banned\n|rule|Endless Battle Clause: Forcing endless battles is banned\n|rule|HP Percentage Mod: HP is shown in percentages\n|clearpoke\n|poke|p1|Typhlosion, M|\n|poke|p1|Torkoal, M|\n|poke|p1|Arcanine-Hisui, M|\n|poke|p1|Rotom-Wash|\n|poke|p1|Tauros-Paldea-Blaze, M|\n|poke|p1|Meowscarada, M|\n|poke|p2|Ninetales, F|\n|poke|p2|Lilligant-Hisui, F|\n|poke|p2|Tyranitar, M|\n|poke|p2|Arcanine-Hisui, M|\n|poke|p2|Enamorus, F|\n|poke|p2|Houndstone, M|\n|teampreview\n|inactive|Battle timer is ON: inactive players will automatically lose when time's up. (requested by ItsACritt)\n|\n|t:|1698071157\n|start\n|switch|p1a: Meowscarada|Meowscarada, M|100\/100\n|switch|p1b: Tauros|Tauros-Paldea-Blaze, M|100\/100\n|switch|p2a: Reptar|Tyranitar, M|100\/100\n|switch|p2b: Night Guard|Houndstone, M|100\/100\n|-weather|Sandstorm|[from] ability: Sand Stream|[of] p2a: Reptar\n|turn|1\n|inactive|ItsACritt has 120 seconds left.\n|\n|t:|1698071199\n|-terastallize|p2a: Reptar|Flying\n|move|p1a: Meowscarada|Flower Trick|p1b: Tauros\n|-start|p1a: Meowscarada|typechange|Grass|[from] ability: Protean\n|-resisted|p1b: Tauros\n|-crit|p1b: Tauros\n|-damage|p1b: Tauros|79\/100\n|-setboost|p1b: Tauros|atk|6|[from] ability: Anger Point\n|move|p2b: Night Guard|Play Rough|p1a: Meowscarada|[miss]\n|-miss|p2b: Night Guard|p1a: Meowscarada\n|move|p1b: Tauros|Earthquake|p2a: Reptar|[spread] p1a,p2b\n|-immune|p2a: Reptar\n|-resisted|p1a: Meowscarada\n|-damage|p1a: Meowscarada|43\/100\n|-damage|p2b: Night Guard|7\/100\n|move|p2a: Reptar|Rock Slide|p1a: Meowscarada|[spread] p1a\n|-miss|p2a: Reptar|p1b: Tauros\n|-damage|p1a: Meowscarada|2\/100\n|\n|-weather|Sandstorm|[upkeep]\n|-damage|p1a: Meowscarada|0 fnt|[from] Sandstorm\n|-damage|p1b: Tauros|72\/100|[from] Sandstorm\n|-damage|p2a: Reptar|94\/100|[from] Sandstorm\n|faint|p1a: Meowscarada\n|upkeep\n|inactive|sword punch suck has 120 seconds left.\n|\n|t:|1698071222\n|switch|p1a: Torkoal|Torkoal, M|100\/100\n|-weather|SunnyDay|[from] ability: Drought|[of] p1a: Torkoal\n|turn|2\n|inactive|ItsACritt has 120 seconds left.\n|inactive|sword punch suck has 120 seconds left.\n|\n|t:|1698071257\n|move|p2b: Night Guard|Protect|p2b: Night Guard\n|-singleturn|p2b: Night Guard|Protect\n|move|p1b: Tauros|Earthquake|p2a: Reptar|[spread] p1a\n|-activate|p2b: Night Guard|move: Protect\n|-immune|p2a: Reptar\n|-supereffective|p1a: Torkoal\n|-damage|p1a: Torkoal|0 fnt\n|faint|p1a: Torkoal\n|move|p2a: Reptar|Rock Slide|p1b: Tauros\n|-damage|p1b: Tauros|23\/100\n|\n|-weather|SunnyDay|[upkeep]\n|upkeep\n|\n|t:|1698071270\n|switch|p1a: Rotom|Rotom-Wash, shiny|100\/100\n|turn|3\n|inactive|ItsACritt has 120 seconds left.\n|\n|t:|1698071308\n|switch|p2b: Comet|Arcanine-Hisui, M, shiny|100\/100\n|-ability|p2b: Comet|Intimidate|boost\n|-unboost|p1a: Rotom|atk|1\n|-unboost|p1b: Tauros|atk|1\n|switch|p2a: Cupid|Enamorus, F|100\/100\n|move|p1b: Tauros|Earthquake|p2a: Cupid|[spread] p2b\n|-immune|p1a: Rotom|[from] ability: Levitate\n|-immune|p2a: Cupid\n|-supereffective|p2b: Comet\n|-damage|p2b: Comet|0 fnt\n|faint|p2b: Comet\n|move|p1a: Rotom|Discharge|p2a: Cupid|[spread] p1b,p2a\n|-supereffective|p2a: Cupid\n|-damage|p1b: Tauros|0 fnt\n|-damage|p2a: Cupid|23\/100\n|faint|p1b: Tauros\n|\n|-weather|SunnyDay|[upkeep]\n|upkeep\n|inactive|ItsACritt has 120 seconds left.\n|\n|t:|1698071330\n|switch|p1b: Typhlosion|Typhlosion, M|100\/100\n|switch|p2b: She|Lilligant-Hisui, F, shiny|100\/100\n|turn|4\n|\n|t:|1698071344\n|-terastallize|p1b: Typhlosion|Fire\n|move|p2a: Cupid|Protect|p2a: Cupid\n|-singleturn|p2a: Cupid|Protect\n|move|p2b: She|Sleep Powder|p1b: Typhlosion|[miss]\n|-miss|p2b: She|p1b: Typhlosion\n|move|p1b: Typhlosion|Eruption|p2b: She|[spread] p2b\n|-activate|p2a: Cupid|move: Protect\n|-supereffective|p2b: She\n|-enditem|p2b: She|Focus Sash\n|-damage|p2b: She|1\/100\n|move|p1a: Rotom|Discharge|p2a: Cupid|[spread] p1b,p2b\n|-activate|p2a: Cupid|move: Protect\n|-resisted|p2b: She\n|-crit|p2b: She\n|-damage|p1b: Typhlosion|63\/100\n|-damage|p2b: She|0 fnt\n|faint|p2b: She\n|\n|-weather|SunnyDay|[upkeep]\n|upkeep\n|inactive|ItsACritt has 120 seconds left.\n|\n|t:|1698071369\n|switch|p2b: Celestia|Ninetales, F, shiny|100\/100\n|turn|5\n|\n|t:|1698071383\n|move|p2a: Cupid|Tailwind|p2a: Cupid\n|-sidestart|p2: ItsACritt|move: Tailwind\n|move|p2b: Celestia|Disable|p1b: Typhlosion\n|-start|p1b: Typhlosion|Disable|Eruption\n|cant|p1b: Typhlosion|Disable|Eruption\n|move|p1a: Rotom|Hydro Pump|p2b: Celestia|[miss]\n|-miss|p1a: Rotom|p2b: Celestia\n|\n|-weather|SunnyDay|[upkeep]\n|upkeep\n|turn|6\n|inactive|ItsACritt has 120 seconds left.\n|\n|t:|1698071417\n|switch|p1b: Arcanine|Arcanine-Hisui, M|100\/100\n|move|p2a: Cupid|Dazzling Gleam|p1b: Arcanine|[spread] p1a,p1b\n|-resisted|p1b: Arcanine\n|-damage|p1a: Rotom|55\/100\n|-damage|p1b: Arcanine|77\/100\n|-damage|p2a: Cupid|13\/100|[from] item: Life Orb\n|move|p2b: Celestia|Disable|p1a: Rotom\n|-start|p1a: Rotom|Disable|Hydro Pump\n|cant|p1a: Rotom|Disable|Hydro Pump\n|\n|-weather|SunnyDay|[upkeep]\n|-heal|p1a: Rotom|61\/100|[from] item: Leftovers\n|upkeep\n|turn|7\n|\n|t:|1698071445\n|move|p2a: Cupid|Dazzling Gleam|p1b: Arcanine|[spread] p1a,p1b\n|-resisted|p1b: Arcanine\n|-damage|p1a: Rotom|12\/100\n|-damage|p1b: Arcanine|49\/100\n|-damage|p2a: Cupid|4\/100|[from] item: Life Orb\n|move|p2b: Celestia|Overheat|p1a: Rotom\n|-resisted|p1a: Rotom\n|-damage|p1a: Rotom|0 fnt\n|-unboost|p2b: Celestia|spa|2\n|-enditem|p2b: Celestia|Eject Pack\n|faint|p1a: Rotom\n|\n|t:|1698071455\n|switch|p2b: Reptar|Tyranitar, M, tera:Flying|94\/100\n|-weather|Sandstorm|[from] ability: Sand Stream|[of] p2b: Reptar\n|move|p1b: Arcanine|Head Smash|p2b: Reptar\n|-supereffective|p2b: Reptar\n|-damage|p2b: Reptar|0 fnt\n|faint|p2b: Reptar\n|\n|-weather|Sandstorm|[upkeep]\n|-damage|p2a: Cupid|0 fnt|[from] Sandstorm\n|faint|p2a: Cupid\n|upkeep\n|\n|t:|1698071466\n|switch|p2a: Celestia|Ninetales, F, shiny|100\/100\n|switch|p1a: Typhlosion|Typhlosion, M, tera:Fire|63\/100\n|switch|p2b: Night Guard|Houndstone, M|7\/100\n|-weather|SunnyDay|[from] ability: Drought|[of] p2a: Celestia\n|turn|8\n|\n|t:|1698071487\n|move|p2a: Celestia|Weather Ball|p1b: Arcanine\n|-resisted|p1b: Arcanine\n|-damage|p1b: Arcanine|33\/100\n|move|p2b: Night Guard|Last Respects|p1a: Typhlosion\n|-damage|p1a: Typhlosion|0 fnt\n|faint|p1a: Typhlosion\n|move|p1b: Arcanine|Head Smash|p2a: Celestia\n|-supereffective|p2a: Celestia\n|-damage|p2a: Celestia|0 fnt\n|faint|p2a: Celestia\n|\n|-weather|SunnyDay|[upkeep]\n|-sideend|p2: ItsACritt|move: Tailwind\n|upkeep\n|turn|9\n|\n|t:|1698071500\n|move|p1b: Arcanine|Head Smash|p2b: Night Guard|[miss]\n|-miss|p1b: Arcanine|p2b: Night Guard\n|move|p2b: Night Guard|Last Respects|p1b: Arcanine\n|-damage|p1b: Arcanine|0 fnt\n|faint|p1b: Arcanine\n|\n|win|ItsACritt\n|raw|sword punch suck's rating: 1127 &rarr; <strong>1100<\/strong><br \/>(-27 for losing)\n|raw|ItsACritt's rating: 1096 &rarr; <strong>1124<\/strong><br \/>(+28 for winning)\n|l|\u2606sword punch suck\n","uploadtime":1698071512,"views":12,"p1id":"swordpunchsuck","p2id":"itsacritt","formatid":"gen9doublesou","rating":1100,"private":0,"password":""}