{"id":"gen9doublesou-1987605995","p1":"Tigercub2010","p2":"Krakakilla","format":"[Gen 9] Doubles OU","log":"|j|\u2606Tigercub2010\n|j|\u2606Krakakilla\n|t:|1699618678\n|gametype|doubles\n|player|p1|Tigercub2010|101|1165\n|player|p2|Krakakilla|1|1059\n|teamsize|p1|6\n|teamsize|p2|6\n|gen|9\n|tier|[Gen 9] Doubles OU\n|rated|\n|rule|Species Clause: Limit one of each Pok\u00e9mon\n|rule|OHKO Clause: OHKO moves are banned\n|rule|Evasion Moves Clause: Evasion moves are banned\n|rule|Gravity Sleep Clause: The combination of sleep-inducing moves with imperfect accuracy and Gravity or Gigantamax Orbeetle are banned\n|rule|Endless Battle Clause: Forcing endless battles is banned\n|rule|HP Percentage Mod: HP is shown in percentages\n|clearpoke\n|poke|p1|Ogerpon-Wellspring, F|\n|poke|p1|Slowking-Galar, F|\n|poke|p1|Iron Bundle|\n|poke|p1|Ninetales-Alola, F|\n|poke|p1|Cetitan, M|\n|poke|p1|Chien-Pao|\n|poke|p2|Ribombee, M|\n|poke|p2|Glimmora, M|\n|poke|p2|Regieleki|\n|poke|p2|Garganacl, M|\n|poke|p2|Samurott-Hisui, M|\n|poke|p2|Heatran, M|\n|teampreview\n|\n|t:|1699618688\n|start\n|switch|p1a: Iron Bundle|Iron Bundle|100\/100\n|switch|p1b: Chien-Pao|Chien-Pao|100\/100\n|switch|p2a: Ribombee|Ribombee, M, shiny|100\/100\n|switch|p2b: Glimmora|Glimmora, M, shiny|100\/100\n|-ability|p1b: Chien-Pao|Sword of Ruin\n|turn|1\n|\n|t:|1699618706\n|switch|p1b: Slowking|Slowking-Galar, F|100\/100\n|move|p1a: Iron Bundle|Hydro Pump|p2b: Glimmora\n|-supereffective|p2b: Glimmora\n|-crit|p2b: Glimmora\n|-enditem|p2b: Glimmora|Focus Sash\n|-damage|p2b: Glimmora|1\/100\n|move|p2a: Ribombee|Sticky Web|p1a: Iron Bundle\n|-sidestart|p1: Tigercub2010|move: Sticky Web\n|move|p2b: Glimmora|Stealth Rock|p1b: Slowking\n|-sidestart|p1: Tigercub2010|move: Stealth Rock\n|\n|upkeep\n|turn|2\n|\n|t:|1699618737\n|move|p1a: Iron Bundle|Freeze-Dry|p2b: Glimmora\n|-damage|p2b: Glimmora|0 fnt\n|faint|p2b: Glimmora\n|move|p2a: Ribombee|Tailwind|p2a: Ribombee\n|-sidestart|p2: Krakakilla|move: Tailwind\n|move|p1b: Slowking|Psychic|p2a: Ribombee\n|-damage|p2a: Ribombee|45\/100\n|\n|upkeep\n|\n|t:|1699618753\n|switch|p2b: Samurott|Samurott-Hisui, M, shiny|100\/100\n|turn|3\n|\n|t:|1699618765\n|move|p2a: Ribombee|Moonblast|p1a: Iron Bundle\n|-damage|p1a: Iron Bundle|16\/100\n|move|p2b: Samurott|Ceaseless Edge|p1b: Slowking\n|-supereffective|p1b: Slowking\n|-damage|p1b: Slowking|3\/100\n|-sidestart|p1: Tigercub2010|Spikes\n|move|p1a: Iron Bundle|Freeze-Dry|p2b: Samurott\n|-supereffective|p2b: Samurott\n|-damage|p2b: Samurott|20\/100\n|move|p1b: Slowking|Psychic|p2a: Ribombee\n|-damage|p2a: Ribombee|0 fnt\n|faint|p2a: Ribombee\n|\n|-heal|p1b: Slowking|9\/100|[from] item: Leftovers\n|upkeep\n|\n|t:|1699618785\n|switch|p2a: Regieleki|Regieleki, shiny|100\/100\n|turn|4\n|\n|t:|1699618802\n|-terastallize|p1a: Iron Bundle|Ground\n|move|p2a: Regieleki|Thunder Cage|p1a: Iron Bundle\n|-immune|p1a: Iron Bundle\n|move|p2b: Samurott|Ceaseless Edge|p1b: Slowking\n|-supereffective|p1b: Slowking\n|-damage|p1b: Slowking|0 fnt\n|-sidestart|p1: Tigercub2010|Spikes\n|faint|p1b: Slowking\n|move|p1a: Iron Bundle|Tera Blast|p2a: Regieleki|[anim] Tera Blast Ground\n|-supereffective|p2a: Regieleki\n|-damage|p2a: Regieleki|0 fnt\n|faint|p2a: Regieleki\n|\n|upkeep\n|\n|t:|1699618818\n|switch|p2a: Heatran|Heatran, M, shiny|100\/100\n|switch|p1b: Chien-Pao|Chien-Pao|100\/100\n|-activate|p1b: Chien-Pao|move: Sticky Web\n|-unboost|p1b: Chien-Pao|spe|1\n|-damage|p1b: Chien-Pao|76\/100|[from] Stealth Rock\n|-damage|p1b: Chien-Pao|59\/100|[from] Spikes\n|-ability|p1b: Chien-Pao|Sword of Ruin\n|turn|5\n|\n|t:|1699618842\n|move|p1b: Chien-Pao|Sucker Punch|p2b: Samurott\n|-resisted|p2b: Samurott\n|-damage|p2b: Samurott|0 fnt\n|faint|p2b: Samurott\n|move|p1a: Iron Bundle|Tera Blast|p2a: Heatran|[anim] Tera Blast Ground\n|-supereffective|p2a: Heatran\n|-damage|p2a: Heatran|0 fnt\n|faint|p2a: Heatran\n|\n|-sideend|p2: Krakakilla|move: Tailwind\n|upkeep\n|-message|Krakakilla forfeited.\n|\n|win|Tigercub2010\n|raw|Tigercub2010's rating: 1165 &rarr; <strong>1183<\/strong><br \/>(+18 for winning)\n|raw|Krakakilla's rating: 1059 &rarr; <strong>1046<\/strong><br \/>(-13 for losing)\n|l|\u2606Krakakilla\n","uploadtime":1699618862,"views":18,"p1id":"tigercub2010","p2id":"krakakilla","formatid":"gen9doublesou","rating":1046,"private":0,"password":""}