{"id":"gen9doublesou-1992712655","p1":"cotesmcgotes","p2":"LeCaillouBleu","format":"[Gen 9] Doubles OU","log":"|j|\u2606cotesmcgotes\n|j|\u2606LeCaillouBleu\n|t:|1700228142\n|gametype|doubles\n|player|p1|cotesmcgotes|flannery|1290\n|player|p2|LeCaillouBleu|ghetsis-gen5bw|1222\n|teamsize|p1|6\n|teamsize|p2|6\n|gen|9\n|tier|[Gen 9] Doubles OU\n|rated|\n|rule|Species Clause: Limit one of each Pok\u00e9mon\n|rule|OHKO Clause: OHKO moves are banned\n|rule|Evasion Moves Clause: Evasion moves are banned\n|rule|Gravity Sleep Clause: The combination of sleep-inducing moves with imperfect accuracy and Gravity or Gigantamax Orbeetle are banned\n|rule|Endless Battle Clause: Forcing endless battles is banned\n|rule|HP Percentage Mod: HP is shown in percentages\n|clearpoke\n|poke|p1|Cresselia, F|\n|poke|p1|Overqwil, M|\n|poke|p1|Tornadus, M|\n|poke|p1|Palafin, F|\n|poke|p1|Amoonguss, M|\n|poke|p1|Diancie|\n|poke|p2|Volcarona, M|\n|poke|p2|Oricorio-Sensu, M|\n|poke|p2|Lilligant, F|\n|poke|p2|Flamigo, F|\n|poke|p2|Kommo-o, M|\n|poke|p2|Dragapult, F|\n|teampreview\n|inactive|Battle timer is ON: inactive players will automatically lose when time's up. (requested by cotesmcgotes)\n|\n|t:|1700228173\n|start\n|switch|p1a: Tornadus|Tornadus, M, shiny|100\/100\n|switch|p1b: Diancie|Diancie, shiny|100\/100\n|switch|p2a: Volcarona|Volcarona, M|100\/100\n|switch|p2b: Oricorio|Oricorio-Sensu, M|100\/100\n|turn|1\n|\n|t:|1700228188\n|-terastallize|p2a: Volcarona|Water\n|move|p1a: Tornadus|Taunt|p2a: Volcarona\n|-start|p2a: Volcarona|move: Taunt\n|move|p2b: Oricorio|Substitute|p2b: Oricorio\n|-start|p2b: Oricorio|Substitute\n|-damage|p2b: Oricorio|76\/100\n|cant|p2a: Volcarona|move: Taunt|Quiver Dance\n|move|p1b: Diancie|Diamond Storm|p2b: Oricorio|[spread] p2a,p2b\n|-supereffective|p2b: Oricorio\n|-end|p2b: Oricorio|Substitute\n|-damage|p2a: Volcarona|68\/100\n|-boost|p1b: Diancie|def|2\n|\n|-heal|p2a: Volcarona|74\/100|[from] item: Leftovers\n|upkeep\n|turn|2\n|\n|t:|1700228207\n|switch|p2a: Lilligant|Lilligant, F|100\/100\n|move|p2b: Oricorio|Protect|p2b: Oricorio\n|-singleturn|p2b: Oricorio|Protect\n|move|p1a: Tornadus|Taunt|p2b: Oricorio\n|-activate|p2b: Oricorio|move: Protect\n|move|p1b: Diancie|Diamond Storm|p2a: Lilligant|[spread] p2a\n|-activate|p2b: Oricorio|move: Protect\n|-damage|p2a: Lilligant|48\/100\n|-enditem|p2a: Lilligant|Sitrus Berry|[eat]\n|-heal|p2a: Lilligant|73\/100|[from] item: Sitrus Berry\n|\n|upkeep\n|turn|3\n|\n|t:|1700228225\n|move|p1a: Tornadus|Taunt|p2a: Lilligant\n|-start|p2a: Lilligant|move: Taunt\n|move|p2b: Oricorio|Revelation Dance|p1a: Tornadus\n|-damage|p1a: Tornadus|68\/100\n|move|p2a: Lilligant|Petal Dance|p1a: Tornadus\n|-resisted|p1a: Tornadus\n|-damage|p1a: Tornadus|46\/100\n|-activate|p2b: Oricorio|ability: Dancer\n|move|p2b: Oricorio|Petal Dance|p1b: Diancie|[from]ability: Dancer\n|-supereffective|p1b: Diancie\n|-damage|p1b: Diancie|48\/100\n|move|p1b: Diancie|Diamond Storm|p2b: Oricorio|[spread] p2a,p2b\n|-supereffective|p2b: Oricorio\n|-damage|p2a: Lilligant|22\/100\n|-damage|p2b: Oricorio|0 fnt\n|faint|p2b: Oricorio\n|\n|upkeep\n|\n|t:|1700228245\n|switch|p2b: Kommo-o|Kommo-o, M|100\/100\n|turn|4\n|\n|t:|1700228257\n|move|p1a: Tornadus|Tailwind|p1a: Tornadus\n|-sidestart|p1: cotesmcgotes|move: Tailwind\n|move|p2a: Lilligant|Petal Dance|p1b: Diancie|[from]lockedmove\n|-supereffective|p1b: Diancie\n|-damage|p1b: Diancie|0 fnt\n|faint|p1b: Diancie\n|move|p2b: Kommo-o|Clangorous Soul|p2b: Kommo-o\n|-boost|p2b: Kommo-o|atk|1\n|-boost|p2b: Kommo-o|def|1\n|-boost|p2b: Kommo-o|spa|1\n|-boost|p2b: Kommo-o|spd|1\n|-boost|p2b: Kommo-o|spe|1\n|-damage|p2b: Kommo-o|68\/100\n|-enditem|p2b: Kommo-o|Throat Spray\n|-boost|p2b: Kommo-o|spa|1|[from] item: Throat Spray\n|\n|upkeep\n|\n|t:|1700228270\n|switch|p1b: Cresselia|Cresselia, F, shiny|100\/100\n|turn|5\n|\n|t:|1700228284\n|-terastallize|p1b: Cresselia|Electric\n|move|p1a: Tornadus|Bleakwind Storm|p2b: Kommo-o|[spread] p2a,p2b\n|-supereffective|p2a: Lilligant\n|-supereffective|p2b: Kommo-o\n|-damage|p2a: Lilligant|0 fnt\n|-damage|p2b: Kommo-o|16\/100\n|faint|p2a: Lilligant\n|move|p2b: Kommo-o|Boomburst|p1b: Cresselia|[spread] p1a,p1b\n|-damage|p1a: Tornadus|2\/100\n|-damage|p1b: Cresselia|60\/100\n|move|p1b: Cresselia|Moonblast|p2b: Kommo-o\n|-supereffective|p2b: Kommo-o\n|-damage|p2b: Kommo-o|0 fnt\n|faint|p2b: Kommo-o\n|\n|-heal|p1b: Cresselia|66\/100|[from] item: Leftovers\n|upkeep\n|\n|t:|1700228293\n|switch|p2a: Volcarona|Volcarona, M, tera:Water|74\/100\n|switch|p2b: Dragapult|Dragapult, F|100\/100\n|turn|6\n|\n|t:|1700228304\n|move|p1a: Tornadus|Taunt|p2a: Volcarona\n|-start|p2a: Volcarona|move: Taunt\n|move|p2b: Dragapult|Sucker Punch|p1b: Cresselia\n|-damage|p1b: Cresselia|50\/100\n|move|p1b: Cresselia|Moonblast|p2b: Dragapult\n|-supereffective|p2b: Dragapult\n|-damage|p2b: Dragapult|30\/100\n|-unboost|p2b: Dragapult|spa|1\n|cant|p2a: Volcarona|move: Taunt|Quiver Dance\n|\n|-heal|p1b: Cresselia|56\/100|[from] item: Leftovers\n|-heal|p2a: Volcarona|80\/100|[from] item: Leftovers\n|upkeep\n|turn|7\n|\n|t:|1700228324\n|move|p1a: Tornadus|Rain Dance|p1a: Tornadus\n|-weather|RainDance\n|move|p1b: Cresselia|Moonblast|p2b: Dragapult\n|-supereffective|p2b: Dragapult\n|-damage|p2b: Dragapult|0 fnt\n|faint|p2b: Dragapult\n|move|p2a: Volcarona|Fiery Dance|p1b: Cresselia\n|-damage|p1b: Cresselia|44\/100\n|-boost|p2a: Volcarona|spa|1\n|\n|-weather|RainDance|[upkeep]\n|-heal|p1b: Cresselia|50\/100|[from] item: Leftovers\n|-heal|p2a: Volcarona|87\/100|[from] item: Leftovers\n|-sideend|p1: cotesmcgotes|move: Tailwind\n|upkeep\n|\n|t:|1700228333\n|switch|p2b: Flamigo|Flamigo, F|100\/100\n|-copyboost|p2b: Flamigo|p2a: Volcarona|[from] ability: Costar\n|turn|8\n|\n|t:|1700228346\n|move|p1a: Tornadus|Tailwind|p1a: Tornadus\n|-sidestart|p1: cotesmcgotes|move: Tailwind\n|move|p1b: Cresselia|Calm Mind|p1b: Cresselia\n|-boost|p1b: Cresselia|spa|1\n|-boost|p1b: Cresselia|spd|1\n|move|p2b: Flamigo|Acrobatics|p1b: Cresselia\n|-resisted|p1b: Cresselia\n|-damage|p1b: Cresselia|30\/100\n|move|p2a: Volcarona|Struggle Bug|p1a: Tornadus|[spread] p1a,p1b\n|-resisted|p1a: Tornadus\n|-damage|p1a: Tornadus|0 fnt\n|-damage|p1b: Cresselia|20\/100\n|-unboost|p1b: Cresselia|spa|1\n|faint|p1a: Tornadus\n|\n|-weather|RainDance|[upkeep]\n|-heal|p1b: Cresselia|26\/100|[from] item: Leftovers\n|-heal|p2a: Volcarona|93\/100|[from] item: Leftovers\n|-end|p2a: Volcarona|move: Taunt\n|upkeep\n|\n|t:|1700228358\n|switch|p1a: Palafin|Palafin, F|100\/100\n|turn|9\n|\n|t:|1700228369\n|move|p1a: Palafin|Flip Turn|p2b: Flamigo\n|-damage|p2b: Flamigo|52\/100\n|\n|t:|1700228374\n|detailschange|p1a: Palafin|Palafin-Hero, F\n|switch|p1a: Overqwil|Overqwil, M|100\/100|[from] Flip Turn\n|move|p1b: Cresselia|Lunar Blessing|p1b: Cresselia|[spread] p1a,p1b\n|-heal|p1b: Cresselia|51\/100\n|move|p2b: Flamigo|Acrobatics|p1b: Cresselia\n|-resisted|p1b: Cresselia\n|-damage|p1b: Cresselia|30\/100\n|move|p2a: Volcarona|Quiver Dance|p2a: Volcarona\n|-boost|p2a: Volcarona|spa|1\n|-boost|p2a: Volcarona|spd|1\n|-boost|p2a: Volcarona|spe|1\n|\n|-weather|RainDance|[upkeep]\n|-heal|p1b: Cresselia|36\/100|[from] item: Leftovers\n|-heal|p2a: Volcarona|99\/100|[from] item: Leftovers\n|upkeep\n|turn|10\n|inactive|LeCaillouBleu has 120 seconds left.\n|\n|t:|1700228413\n|move|p1a: Overqwil|Acupressure|p1b: Cresselia\n|-boost|p1b: Cresselia|accuracy|2\n|move|p1b: Cresselia|Calm Mind|p1b: Cresselia\n|-boost|p1b: Cresselia|spa|1\n|-boost|p1b: Cresselia|spd|1\n|move|p2a: Volcarona|Fiery Dance|p1b: Cresselia\n|-damage|p1b: Cresselia|25\/100\n|move|p2b: Flamigo|Close Combat|p1a: Overqwil\n|-damage|p1a: Overqwil|24\/100\n|-unboost|p2b: Flamigo|def|1\n|-unboost|p2b: Flamigo|spd|1\n|\n|-weather|RainDance|[upkeep]\n|-heal|p1a: Overqwil|30\/100|[from] item: Black Sludge\n|-heal|p1b: Cresselia|31\/100|[from] item: Leftovers\n|-heal|p2a: Volcarona|100\/100|[from] item: Leftovers\n|upkeep\n|turn|11\n|inactive|LeCaillouBleu has 120 seconds left.\n|\n|t:|1700228441\n|move|p1a: Overqwil|Barb Barrage|p2a: Volcarona\n|-damage|p2a: Volcarona|77\/100\n|move|p1b: Cresselia|Stored Power|p2b: Flamigo\n|-supereffective|p2b: Flamigo\n|-damage|p2b: Flamigo|0 fnt\n|faint|p2b: Flamigo\n|move|p2a: Volcarona|Fiery Dance|p1b: Cresselia\n|-damage|p1b: Cresselia|19\/100\n|-boost|p2a: Volcarona|spa|1\n|\n|-weather|RainDance|[upkeep]\n|-heal|p1a: Overqwil|36\/100|[from] item: Black Sludge\n|-heal|p1b: Cresselia|25\/100|[from] item: Leftovers\n|-heal|p2a: Volcarona|83\/100|[from] item: Leftovers\n|-sideend|p1: cotesmcgotes|move: Tailwind\n|upkeep\n|turn|12\n|\n|t:|1700228452\n|move|p1a: Overqwil|Barb Barrage|p2a: Volcarona\n|-damage|p2a: Volcarona|57\/100\n|-status|p2a: Volcarona|psn\n|move|p2a: Volcarona|Quiver Dance|p2a: Volcarona\n|-boost|p2a: Volcarona|spa|1\n|-boost|p2a: Volcarona|spd|1\n|-boost|p2a: Volcarona|spe|1\n|move|p1b: Cresselia|Lunar Blessing|p1b: Cresselia|[spread] p1a,p1b\n|-heal|p1a: Overqwil|61\/100\n|-heal|p1b: Cresselia|50\/100\n|\n|-weather|RainDance|[upkeep]\n|-heal|p1a: Overqwil|67\/100|[from] item: Black Sludge\n|-heal|p2a: Volcarona|63\/100 psn|[from] item: Leftovers\n|-heal|p1b: Cresselia|56\/100|[from] item: Leftovers\n|-damage|p2a: Volcarona|51\/100 psn|[from] psn\n|upkeep\n|turn|13\n|\n|t:|1700228466\n|move|p1a: Overqwil|Barb Barrage|p2a: Volcarona\n|-damage|p2a: Volcarona|3\/100 psn\n|move|p2a: Volcarona|Quiver Dance|p2a: Volcarona\n|-boost|p2a: Volcarona|spa|1\n|-boost|p2a: Volcarona|spd|1\n|-boost|p2a: Volcarona|spe|1\n|move|p1b: Cresselia|Stored Power|p2a: Volcarona\n|-damage|p2a: Volcarona|0 fnt\n|faint|p2a: Volcarona\n|\n|win|cotesmcgotes\n|raw|cotesmcgotes's rating: 1290 &rarr; <strong>1310<\/strong><br \/>(+20 for winning)\n|raw|LeCaillouBleu's rating: 1222 &rarr; <strong>1202<\/strong><br \/>(-20 for losing)\n","uploadtime":1700228473,"views":5,"p1id":"cotesmcgotes","p2id":"lecailloubleu","formatid":"gen9doublesou","rating":1202,"private":0,"password":""}