{"id":"gen9doublesou-1969567912","p1":"Tired of Legends","p2":"oceanofmemes","format":"[Gen 9] Doubles OU","log":"|j|\u2606Tired of Legends\n|j|\u2606oceanofmemes\n|t:|1697547974\n|gametype|doubles\n|player|p1|Tired of Legends|birdkeeper-gen4dp|1164\n|player|p2|oceanofmemes|fisherman|1094\n|teamsize|p1|6\n|teamsize|p2|6\n|gen|9\n|tier|[Gen 9] Doubles OU\n|rated|\n|rule|Species Clause: Limit one of each Pok\u00e9mon\n|rule|OHKO Clause: OHKO moves are banned\n|rule|Evasion Moves Clause: Evasion moves are banned\n|rule|Gravity Sleep Clause: The combination of sleep-inducing moves with imperfect accuracy and Gravity or Gigantamax Orbeetle are banned\n|rule|Endless Battle Clause: Forcing endless battles is banned\n|rule|HP Percentage Mod: HP is shown in percentages\n|clearpoke\n|poke|p1|Poliwrath, F|\n|poke|p1|Arbok, F|\n|poke|p1|Swanna, F|\n|poke|p1|Trevenant, F|\n|poke|p1|Forretress, F|\n|poke|p1|Ambipom, F|\n|poke|p2|Scyther, F|\n|poke|p2|Tyranitar, F|\n|poke|p2|Ursaluna, M|\n|poke|p2|Decidueye-Hisui, M|\n|poke|p2|Toxtricity-Low-Key, M|\n|poke|p2|Typhlosion-Hisui, F|\n|teampreview\n|\n|t:|1697547993\n|start\n|switch|p1a: Forretress|Forretress, F|100\/100\n|switch|p1b: Swanna|Swanna, F|100\/100\n|switch|p2a: big boy himself|Scyther, F|100\/100\n|switch|p2b: dem legs!!|Decidueye-Hisui, M, shiny|100\/100\n|turn|1\n|inactive|Battle timer is ON: inactive players will automatically lose when time's up. (requested by Tired of Legends)\n|inactive|oceanofmemes has 120 seconds left.\n|inactive|oceanofmemes has 90 seconds left.\n|\n|t:|1697548064\n|switch|p2b: weed smoker|Typhlosion-Hisui, F|100\/100\n|move|p2a: big boy himself|Tailwind|p2a: big boy himself\n|-sidestart|p2: oceanofmemes|move: Tailwind\n|move|p1b: Swanna|Air Slash|p2b: weed smoker\n|-damage|p2b: weed smoker|60\/100\n|move|p1a: Forretress|Stealth Rock|p2a: big boy himself\n|-sidestart|p2: oceanofmemes|move: Stealth Rock\n|\n|-heal|p2b: weed smoker|66\/100|[from] item: Leftovers\n|upkeep\n|turn|2\n|\n|t:|1697548087\n|switch|p2a: rawrr|Tyranitar, F, shiny|100\/100\n|-damage|p2a: rawrr|88\/100|[from] Stealth Rock\n|-weather|Sandstorm|[from] ability: Sand Stream|[of] p2a: rawrr\n|move|p2b: weed smoker|Fire Blast|p1a: Forretress\n|-supereffective|p1a: Forretress\n|-ability|p1a: Forretress|Sturdy\n|-damage|p1a: Forretress|1\/100\n|move|p1b: Swanna|Chilling Water|p2b: weed smoker\n|-supereffective|p2b: weed smoker\n|-damage|p2b: weed smoker|7\/100\n|-unboost|p2b: weed smoker|atk|1\n|move|p1a: Forretress|Gyro Ball|p2a: rawrr\n|-supereffective|p2a: rawrr\n|-damage|p2a: rawrr|39\/100\n|\n|-weather|Sandstorm|[upkeep]\n|-damage|p2b: weed smoker|1\/100|[from] Sandstorm\n|-damage|p1b: Swanna|94\/100|[from] Sandstorm\n|-heal|p2b: weed smoker|7\/100|[from] item: Leftovers\n|upkeep\n|turn|3\n|inactive|oceanofmemes has 120 seconds left.\n|\n|t:|1697548133\n|move|p2b: weed smoker|Shadow Ball|p1b: Swanna\n|-damage|p1b: Swanna|29\/100\n|move|p1b: Swanna|Chilling Water|p2a: rawrr\n|-supereffective|p2a: rawrr\n|-damage|p2a: rawrr|23\/100\n|-unboost|p2a: rawrr|atk|1\n|move|p2a: rawrr|Rock Slide|p1b: Swanna|[spread] p1a\n|-miss|p2a: rawrr|p1b: Swanna\n|-damage|p1a: Forretress|0 fnt\n|faint|p1a: Forretress\n|\n|-weather|Sandstorm|[upkeep]\n|-damage|p2b: weed smoker|1\/100|[from] Sandstorm\n|-damage|p1b: Swanna|23\/100|[from] Sandstorm\n|-heal|p2b: weed smoker|7\/100|[from] item: Leftovers\n|upkeep\n|\n|t:|1697548147\n|switch|p1a: Ambipom|Ambipom, F|100\/100\n|turn|4\n|inactive|oceanofmemes has 120 seconds left.\n|\n|t:|1697548168\n|switch|p2a: dem legs!!|Decidueye-Hisui, M, shiny|100\/100\n|-damage|p2a: dem legs!!|94\/100|[from] Stealth Rock\n|move|p1a: Ambipom|Fake Out|p2a: dem legs!!\n|-damage|p2a: dem legs!!|65\/100\n|move|p2b: weed smoker|Shadow Ball|p1b: Swanna\n|-damage|p1b: Swanna|0 fnt\n|faint|p1b: Swanna\n|\n|-weather|Sandstorm|[upkeep]\n|-damage|p2b: weed smoker|1\/100|[from] Sandstorm\n|-damage|p1a: Ambipom|94\/100|[from] Sandstorm\n|-damage|p2a: dem legs!!|59\/100|[from] Sandstorm\n|-heal|p2b: weed smoker|7\/100|[from] item: Leftovers\n|-sideend|p2: oceanofmemes|move: Tailwind\n|upkeep\n|\n|t:|1697548173\n|switch|p1b: Arbok|Arbok, F|100\/100\n|-ability|p1b: Arbok|Intimidate|boost\n|-fail|p2a: dem legs!!|unboost|Attack|[from] ability: Scrappy|[of] p2a: dem legs!!\n|-unboost|p2b: weed smoker|atk|1\n|turn|5\n|\n|t:|1697548187\n|move|p1b: Arbok|Sucker Punch||[still]\n|-fail|p1b: Arbok\n|move|p1a: Ambipom|Facade|p2a: dem legs!!\n|-damage|p2a: dem legs!!|25\/100\n|-enditem|p2a: dem legs!!|Aguav Berry|[eat]\n|-heal|p2a: dem legs!!|58\/100|[from] item: Aguav Berry\n|move|p2b: weed smoker|Will-O-Wisp|p1b: Arbok\n|-status|p1b: Arbok|brn\n|move|p2a: dem legs!!|Defog|p1a: Ambipom\n|-unboost|p1a: Ambipom|evasion|1\n|-sideend|p2: oceanofmemes|Stealth Rock|[from] move: Defog|[of] p2a: dem legs!!\n|\n|-weather|Sandstorm|[upkeep]\n|-damage|p1a: Ambipom|88\/100|[from] Sandstorm\n|-damage|p2b: weed smoker|1\/100|[from] Sandstorm\n|-damage|p1b: Arbok|94\/100 brn|[from] Sandstorm\n|-damage|p2a: dem legs!!|52\/100|[from] Sandstorm\n|-heal|p2b: weed smoker|7\/100|[from] item: Leftovers\n|-heal|p1b: Arbok|100\/100 brn|[from] item: Leftovers\n|-damage|p1b: Arbok|94\/100 brn|[from] brn\n|upkeep\n|turn|6\n|inactive|oceanofmemes has 120 seconds left.\n|\n|t:|1697548223\n|switch|p1a: Trevenant|Trevenant, F|100\/100\n|move|p2b: weed smoker|Fire Blast|p1b: Arbok\n|-damage|p1b: Arbok|0 fnt\n|faint|p1b: Arbok\n|move|p2a: dem legs!!|Triple Arrows|p1a: Trevenant\n|-damage|p1a: Trevenant|60\/100\n|-unboost|p1a: Trevenant|def|1\n|\n|-weather|none\n|-heal|p2b: weed smoker|13\/100|[from] item: Leftovers\n|upkeep\n|\n|t:|1697548230\n|switch|p1b: Ambipom|Ambipom, F|88\/100\n|turn|7\n|inactive|oceanofmemes has 120 seconds left.\n|\n|t:|1697548262\n|switch|p2a: big boy himself|Scyther, F|100\/100\n|switch|p1a: Poliwrath|Poliwrath, F|100\/100\n|move|p1b: Ambipom|Fake Out|p2a: big boy himself\n|-damage|p2a: big boy himself|71\/100\n|move|p2b: weed smoker|Fire Blast|p1a: Poliwrath\n|-resisted|p1a: Poliwrath\n|-damage|p1a: Poliwrath|73\/100\n|\n|-heal|p2b: weed smoker|19\/100|[from] item: Leftovers\n|upkeep\n|turn|8\n|inactive|oceanofmemes has 120 seconds left.\n|\n|t:|1697548291\n|move|p1b: Ambipom|Knock Off|p2b: weed smoker\n|-supereffective|p2b: weed smoker\n|-damage|p2b: weed smoker|0 fnt\n|-enditem|p2b: weed smoker|Leftovers|[from] move: Knock Off|[of] p1b: Ambipom\n|faint|p2b: weed smoker\n|move|p2a: big boy himself|Tailwind|p2a: big boy himself\n|-sidestart|p2: oceanofmemes|move: Tailwind\n|move|p1a: Poliwrath|Rock Slide|p2a: big boy himself\n|-supereffective|p2a: big boy himself\n|-damage|p2a: big boy himself|0 fnt\n|faint|p2a: big boy himself\n|\n|upkeep\n|\n|t:|1697548304\n|switch|p2a: dem legs!!|Decidueye-Hisui, M, shiny|52\/100\n|switch|p2b: rawrr|Tyranitar, F, shiny|23\/100\n|-weather|Sandstorm|[from] ability: Sand Stream|[of] p2b: rawrr\n|turn|9\n|inactive|oceanofmemes has 120 seconds left.\n|\n|t:|1697548326\n|move|p1b: Ambipom|Facade|p2a: dem legs!!\n|-damage|p2a: dem legs!!|14\/100\n|move|p2b: rawrr|Knock Off|p1b: Ambipom\n|-damage|p1b: Ambipom|0 fnt\n|-enditem|p1b: Ambipom|Muscle Band|[from] move: Knock Off|[of] p2b: rawrr\n|faint|p1b: Ambipom\n|move|p2a: dem legs!!|Leaf Blade|p1a: Poliwrath\n|-supereffective|p1a: Poliwrath\n|-damage|p1a: Poliwrath|10\/100\n|move|p1a: Poliwrath|Drain Punch|p2b: rawrr\n|-supereffective|p2b: rawrr\n|-damage|p2b: rawrr|0 fnt\n|-heal|p1a: Poliwrath|22\/100|[from] drain|[of] p2b: rawrr\n|faint|p2b: rawrr\n|\n|-weather|Sandstorm|[upkeep]\n|-damage|p2a: dem legs!!|8\/100|[from] Sandstorm\n|-damage|p1a: Poliwrath|16\/100|[from] Sandstorm\n|upkeep\n|\n|t:|1697548345\n|switch|p1b: Trevenant|Trevenant, F|60\/100\n|switch|p2b: feddy fazbore|Ursaluna, M, shiny|100\/100\n|turn|10\n|\n|t:|1697548369\n|switch|p2b: hatsune miku|Toxtricity-Low-Key, M, shiny|100\/100\n|move|p2a: dem legs!!|Leaf Blade|p1a: Poliwrath\n|-supereffective|p1a: Poliwrath\n|-damage|p1a: Poliwrath|0 fnt\n|faint|p1a: Poliwrath\n|move|p1b: Trevenant|Night Shade|p2a: dem legs!!\n|-damage|p2a: dem legs!!|0 fnt\n|faint|p2a: dem legs!!\n|\n|-weather|Sandstorm|[upkeep]\n|-damage|p2b: hatsune miku|94\/100|[from] Sandstorm\n|-damage|p1b: Trevenant|53\/100|[from] Sandstorm\n|upkeep\n|\n|t:|1697548372\n|switch|p2a: feddy fazbore|Ursaluna, M, shiny|100\/100\n|turn|11\n|\n|t:|1697548379\n|move|p2b: hatsune miku|Hyper Voice|p1b: Trevenant\n|-immune|p1b: Trevenant\n|move|p2a: feddy fazbore|Headlong Rush|p1b: Trevenant\n|-resisted|p1b: Trevenant\n|-damage|p1b: Trevenant|11\/100\n|-unboost|p2a: feddy fazbore|def|1\n|-unboost|p2a: feddy fazbore|spd|1\n|-enditem|p1b: Trevenant|Salac Berry|[eat]\n|-boost|p1b: Trevenant|spe|1|[from] item: Salac Berry\n|move|p1b: Trevenant|Leech Seed|p2a: feddy fazbore\n|-start|p2a: feddy fazbore|move: Leech Seed\n|\n|-weather|Sandstorm|[upkeep]\n|-damage|p2b: hatsune miku|88\/100|[from] Sandstorm\n|-damage|p1b: Trevenant|5\/100|[from] Sandstorm\n|-damage|p2a: feddy fazbore|88\/100|[from] Leech Seed|[of] p1b: Trevenant\n|-heal|p1b: Trevenant|20\/100|[silent]\n|-sideend|p2: oceanofmemes|move: Tailwind\n|-status|p2a: feddy fazbore|brn|[from] item: Flame Orb\n|upkeep\n|turn|12\n|\n|t:|1697548394\n|move|p1b: Trevenant|Protect|p1b: Trevenant\n|-singleturn|p1b: Trevenant|Protect\n|move|p2b: hatsune miku|Overdrive|p1b: Trevenant\n|-activate|p1b: Trevenant|move: Protect\n|move|p2a: feddy fazbore|Headlong Rush|p1b: Trevenant\n|-activate|p1b: Trevenant|move: Protect\n|\n|-weather|Sandstorm|[upkeep]\n|-damage|p1b: Trevenant|14\/100|[from] Sandstorm\n|-damage|p2b: hatsune miku|82\/100|[from] Sandstorm\n|-damage|p2a: feddy fazbore|76\/100 brn|[from] Leech Seed|[of] p1b: Trevenant\n|-heal|p1b: Trevenant|29\/100|[silent]\n|-damage|p2a: feddy fazbore|70\/100 brn|[from] brn\n|-item|p1b: Trevenant|Salac Berry|[from] ability: Harvest\n|upkeep\n|turn|13\n|\n|t:|1697548412\n|move|p1b: Trevenant|Horn Leech|p2a: feddy fazbore\n|-supereffective|p2a: feddy fazbore\n|-crit|p2a: feddy fazbore\n|-damage|p2a: feddy fazbore|0 fnt\n|-heal|p1b: Trevenant|72\/100|[from] drain|[of] p2a: feddy fazbore\n|faint|p2a: feddy fazbore\n|move|p2b: hatsune miku|Overdrive|p1b: Trevenant\n|-resisted|p1b: Trevenant\n|-damage|p1b: Trevenant|51\/100\n|-enditem|p2b: hatsune miku|Throat Spray\n|-boost|p2b: hatsune miku|spa|1|[from] item: Throat Spray\n|\n|-weather|none\n|upkeep\n|turn|14\n|\n|t:|1697548424\n|move|p1b: Trevenant|Leech Seed|p2b: hatsune miku\n|-start|p2b: hatsune miku|move: Leech Seed\n|move|p2b: hatsune miku|Sludge Bomb|p1b: Trevenant\n|-damage|p1b: Trevenant|2\/100\n|-enditem|p1b: Trevenant|Salac Berry|[eat]\n|-boost|p1b: Trevenant|spe|1|[from] item: Salac Berry\n|\n|-damage|p2b: hatsune miku|69\/100|[from] Leech Seed|[of] p1b: Trevenant\n|-heal|p1b: Trevenant|14\/100|[silent]\n|-item|p1b: Trevenant|Salac Berry|[from] ability: Harvest\n|upkeep\n|-enditem|p1b: Trevenant|Salac Berry|[eat]\n|-boost|p1b: Trevenant|spe|1|[from] item: Salac Berry\n|turn|15\n|\n|t:|1697548432\n|move|p1b: Trevenant|Protect|p1b: Trevenant\n|-singleturn|p1b: Trevenant|Protect\n|move|p2b: hatsune miku|Sludge Bomb|p1b: Trevenant\n|-activate|p1b: Trevenant|move: Protect\n|\n|-damage|p2b: hatsune miku|57\/100|[from] Leech Seed|[of] p1b: Trevenant\n|-heal|p1b: Trevenant|25\/100|[silent]\n|upkeep\n|turn|16\n|\n|t:|1697548441\n|move|p1b: Trevenant|Protect||[still]\n|-fail|p1b: Trevenant\n|move|p2b: hatsune miku|Sludge Bomb|p1b: Trevenant\n|-damage|p1b: Trevenant|0 fnt\n|faint|p1b: Trevenant\n|\n|win|oceanofmemes\n|raw|Tired of Legends's rating: 1143 &rarr; <strong>1114<\/strong><br \/>(-29 for losing)\n|raw|oceanofmemes's rating: 1094 &rarr; <strong>1124<\/strong><br \/>(+30 for winning)\n|l|\u2606Tired of Legends\n|c|\u2606oceanofmemes|ggs\n","uploadtime":1697548452,"views":17,"p1id":"tiredoflegends","p2id":"oceanofmemes","formatid":"gen9doublesou","rating":1114,"private":0,"password":""}