{"id":"gen9doublesou-1974285680","p1":"Daskhiel02","p2":"LuckyUnlucky_1","format":"[Gen 9] Doubles OU","log":"|j|\u2606Daskhiel02\n|j|\u2606LuckyUnlucky_1\n|t:|1698074835\n|gametype|doubles\n|player|p1|Daskhiel02|pokekid|1379\n|player|p2|LuckyUnlucky_1|266|1308\n|teamsize|p1|6\n|teamsize|p2|6\n|gen|9\n|tier|[Gen 9] Doubles OU\n|rated|\n|rule|Species Clause: Limit one of each Pok\u00e9mon\n|rule|OHKO Clause: OHKO moves are banned\n|rule|Evasion Moves Clause: Evasion moves are banned\n|rule|Gravity Sleep Clause: The combination of sleep-inducing moves with imperfect accuracy and Gravity or Gigantamax Orbeetle are banned\n|rule|Endless Battle Clause: Forcing endless battles is banned\n|rule|HP Percentage Mod: HP is shown in percentages\n|clearpoke\n|poke|p1|Indeedee-F, F|\n|poke|p1|Arcanine-Hisui, M|\n|poke|p1|Noivern, F|\n|poke|p1|Sinistcha|\n|poke|p1|Ceruledge, M|\n|poke|p1|Kommo-o, F|\n|poke|p2|Roaring Moon|\n|poke|p2|Ursaluna, M|\n|poke|p2|Flutter Mane|\n|poke|p2|Iron Hands|\n|poke|p2|Ogerpon-Wellspring, F|\n|poke|p2|Armarouge, M|\n|teampreview\n|inactive|Battle timer is ON: inactive players will automatically lose when time's up. (requested by LuckyUnlucky_1)\n|\n|t:|1698074853\n|start\n|switch|p1a: Noivern|Noivern, F|100\/100\n|switch|p1b: Ceruledge|Ceruledge, M|100\/100\n|switch|p2a: Ursaluna|Ursaluna, M|100\/100\n|switch|p2b: Ogerpon|Ogerpon-Wellspring, F|100\/100\n|turn|1\n|\n|t:|1698074871\n|-terastallize|p1a: Noivern|Normal\n|move|p2b: Ogerpon|Spiky Shield|p2b: Ogerpon\n|-singleturn|p2b: Ogerpon|move: Protect\n|move|p1b: Ceruledge|Vacuum Wave|p1a: Noivern\n|-supereffective|p1a: Noivern\n|-damage|p1a: Noivern|85\/100\n|-enditem|p1a: Noivern|Weakness Policy\n|-boost|p1a: Noivern|atk|2|[from] item: Weakness Policy\n|-boost|p1a: Noivern|spa|2|[from] item: Weakness Policy\n|-damage|p1b: Ceruledge|91\/100|[from] item: Life Orb\n|move|p1a: Noivern|Boomburst|p2b: Ogerpon|[spread] p2a\n|-activate|p2b: Ogerpon|move: Protect\n|-immune|p1b: Ceruledge\n|-damage|p2a: Ursaluna|20\/100\n|move|p2a: Ursaluna|Rock Slide|p1a: Noivern|[spread] p1a,p1b\n|-supereffective|p1b: Ceruledge\n|-damage|p1a: Noivern|58\/100\n|-damage|p1b: Ceruledge|45\/100\n|\n|-heal|p2a: Ursaluna|26\/100|[from] item: Leftovers\n|upkeep\n|turn|2\n|inactive|LuckyUnlucky_1 has 120 seconds left.\n|\n|t:|1698074901\n|-terastallize|p2b: Ogerpon|Water\n|detailschange|p2b: Ogerpon|Ogerpon-Wellspring-Tera, F, tera:Water\n|-ability|p2b: Ogerpon|Embody Aspect (Wellspring)|boost\n|-boost|p2b: Ogerpon|spd|1\n|move|p2a: Ursaluna|Protect|p2a: Ursaluna\n|-singleturn|p2a: Ursaluna|Protect\n|move|p1b: Ceruledge|Ally Switch|p1b: Ceruledge\n|swap|p1b: Ceruledge|0|[from] move: Ally Switch\n|move|p1b: Noivern|Boomburst|p2a: Ursaluna|[spread] p2b\n|-activate|p2a: Ursaluna|move: Protect\n|-immune|p1a: Ceruledge\n|-damage|p2b: Ogerpon|45\/100\n|move|p2b: Ogerpon|Ivy Cudgel|p1a: Ceruledge\n|-supereffective|p1a: Ceruledge\n|-damage|p1a: Ceruledge|0 fnt\n|faint|p1a: Ceruledge\n|\n|-heal|p2a: Ursaluna|33\/100|[from] item: Leftovers\n|upkeep\n|inactive|Daskhiel02 has 120 seconds left.\n|\n|t:|1698074919\n|switch|p1a: Sinistcha|Sinistcha|100\/100\n|-heal|p1b: Noivern|83\/100|[from] ability: Hospitality|[of] p1a: Sinistcha\n|turn|3\n|\n|t:|1698074935\n|move|p2b: Ogerpon|Spiky Shield|p2b: Ogerpon\n|-singleturn|p2b: Ogerpon|move: Protect\n|move|p1b: Noivern|Boomburst|p2b: Ogerpon|[spread] p2a\n|-activate|p2b: Ogerpon|move: Protect\n|-immune|p1a: Sinistcha\n|-damage|p2a: Ursaluna|0 fnt\n|faint|p2a: Ursaluna\n|move|p1a: Sinistcha|Matcha Gotcha|p2b: Ogerpon\n|-activate|p2b: Ogerpon|move: Protect\n|\n|upkeep\n|\n|t:|1698074942\n|switch|p2a: Flutter Mane|Flutter Mane|100\/100\n|-enditem|p2a: Flutter Mane|Booster Energy\n|-activate|p2a: Flutter Mane|ability: Protosynthesis|[fromitem]\n|-start|p2a: Flutter Mane|protosynthesisspe\n|turn|4\n|\n|t:|1698074953\n|switch|p1a: Indeedee|Indeedee-F, F|100\/100\n|-fieldstart|move: Psychic Terrain|[from] ability: Psychic Surge|[of] p1a: Indeedee\n|move|p1b: Noivern|Protect|p1b: Noivern\n|-singleturn|p1b: Noivern|Protect\n|move|p2a: Flutter Mane|Icy Wind|p1b: Noivern|[spread] p1a\n|-activate|p1b: Noivern|move: Protect\n|-crit|p1a: Indeedee\n|-damage|p1a: Indeedee|79\/100\n|-unboost|p1a: Indeedee|spe|1\n|move|p2b: Ogerpon|U-turn|p1b: Noivern\n|-activate|p1b: Noivern|move: Protect\n|\n|upkeep\n|turn|5\n|\n|t:|1698074977\n|move|p1a: Indeedee|Follow Me|p1a: Indeedee\n|-singleturn|p1a: Indeedee|move: Follow Me\n|move|p2a: Flutter Mane|Moonblast|p1a: Indeedee\n|-damage|p1a: Indeedee|30\/100\n|-unboost|p1a: Indeedee|spa|1\n|-enditem|p1a: Indeedee|Sitrus Berry|[eat]\n|-heal|p1a: Indeedee|55\/100|[from] item: Sitrus Berry\n|move|p1b: Noivern|Hurricane|p2a: Flutter Mane\n|-damage|p2a: Flutter Mane|2\/100\n|move|p2b: Ogerpon|Ivy Cudgel|p1a: Indeedee\n|-damage|p1a: Indeedee|0 fnt\n|faint|p1a: Indeedee\n|\n|upkeep\n|\n|t:|1698074994\n|switch|p1a: Sinistcha|Sinistcha|100\/100\n|-heal|p1b: Noivern|100\/100|[from] ability: Hospitality|[of] p1a: Sinistcha\n|turn|6\n|\n|t:|1698075009\n|move|p1b: Noivern|Protect|p1b: Noivern\n|-singleturn|p1b: Noivern|Protect\n|move|p2a: Flutter Mane|Moonblast|p1b: Noivern\n|-activate|p1b: Noivern|move: Protect\n|move|p2b: Ogerpon|Ivy Cudgel|p1b: Noivern\n|-activate|p1b: Noivern|move: Protect\n|move|p1a: Sinistcha|Matcha Gotcha|p2a: Flutter Mane|[spread] p2a,p2b\n|-supereffective|p2b: Ogerpon\n|-damage|p2a: Flutter Mane|0 fnt\n|-damage|p2b: Ogerpon|0 fnt\n|faint|p2a: Flutter Mane\n|-end|p2a: Flutter Mane|Protosynthesis|[silent]\n|faint|p2b: Ogerpon\n|\n|upkeep\n|-message|LuckyUnlucky_1 forfeited.\n|\n|win|Daskhiel02\n|raw|Daskhiel02's rating: 1379 &rarr; <strong>1395<\/strong><br \/>(+16 for winning)\n|raw|LuckyUnlucky_1's rating: 1308 &rarr; <strong>1292<\/strong><br \/>(-16 for losing)\n|l|\u2606LuckyUnlucky_1\n","uploadtime":1698075026,"views":17,"p1id":"daskhiel02","p2id":"luckyunlucky1","formatid":"gen9doublesou","rating":1292,"private":0,"password":""}