{"id":"gen9doublesou-1989086260","p1":"OPieceOfHeroGhost","p2":"ohgodilovedilfs","format":"[Gen 9] Doubles OU","log":"|j|\u2606OPieceOfHeroGhost\n|j|\u2606ohgodilovedilfs\n|t:|1699810652\n|gametype|doubles\n|player|p1|OPieceOfHeroGhost|morty|1449\n|player|p2|ohgodilovedilfs|170|1330\n|teamsize|p1|6\n|teamsize|p2|6\n|gen|9\n|tier|[Gen 9] Doubles OU\n|rated|\n|rule|Species Clause: Limit one of each Pok\u00e9mon\n|rule|OHKO Clause: OHKO moves are banned\n|rule|Evasion Moves Clause: Evasion moves are banned\n|rule|Gravity Sleep Clause: The combination of sleep-inducing moves with imperfect accuracy and Gravity or Gigantamax Orbeetle are banned\n|rule|Endless Battle Clause: Forcing endless battles is banned\n|rule|HP Percentage Mod: HP is shown in percentages\n|clearpoke\n|poke|p1|Amoonguss, M|\n|poke|p1|Volcanion|\n|poke|p1|Iron Hands|\n|poke|p1|Flutter Mane|\n|poke|p1|Landorus-Therian, M|\n|poke|p1|Rillaboom, F|\n|poke|p2|Fezandipiti, M|\n|poke|p2|Iron Hands|\n|poke|p2|Hatterene, F|\n|poke|p2|Wo-Chien|\n|poke|p2|Basculegion-F, F|\n|poke|p2|Pelipper, M|\n|teampreview\n|\n|t:|1699810672\n|start\n|switch|p1a: \u8fd9\u4e2a\u5df4\u5c14\u51ef\u5c3c\u6069\u5ae9\u5e72\u4ec0\u4e48\uff1f|Volcanion|100\/100\n|switch|p1b: \u95ea\u7535\u4e94\u8fde\u62f3|Iron Hands|100\/100\n|switch|p2a: Fezandipiti|Fezandipiti, M|100\/100\n|switch|p2b: Iron Hands|Iron Hands|100\/100\n|turn|1\n|\n|t:|1699810695\n|move|p1b: \u95ea\u7535\u4e94\u8fde\u62f3|Fake Out|p2a: Fezandipiti\n|-damage|p2a: Fezandipiti|83\/100\n|move|p2b: Iron Hands|Fake Out|p1a: \u8fd9\u4e2a\u5df4\u5c14\u51ef\u5c3c\u6069\u5ae9\u5e72\u4ec0\u4e48\uff1f\n|-damage|p1a: \u8fd9\u4e2a\u5df4\u5c14\u51ef\u5c3c\u6069\u5ae9\u5e72\u4ec0\u4e48\uff1f|89\/100\n|cant|p2a: Fezandipiti|flinch\n|cant|p1a: \u8fd9\u4e2a\u5df4\u5c14\u51ef\u5c3c\u6069\u5ae9\u5e72\u4ec0\u4e48\uff1f|flinch\n|\n|upkeep\n|turn|2\n|\n|t:|1699810714\n|move|p2a: Fezandipiti|Icy Wind|p1a: \u8fd9\u4e2a\u5df4\u5c14\u51ef\u5c3c\u6069\u5ae9\u5e72\u4ec0\u4e48\uff1f|[spread] p1a,p1b\n|-resisted|p1a: \u8fd9\u4e2a\u5df4\u5c14\u51ef\u5c3c\u6069\u5ae9\u5e72\u4ec0\u4e48\uff1f\n|-damage|p1a: \u8fd9\u4e2a\u5df4\u5c14\u51ef\u5c3c\u6069\u5ae9\u5e72\u4ec0\u4e48\uff1f|87\/100\n|-damage|p1b: \u95ea\u7535\u4e94\u8fde\u62f3|95\/100\n|-unboost|p1a: \u8fd9\u4e2a\u5df4\u5c14\u51ef\u5c3c\u6069\u5ae9\u5e72\u4ec0\u4e48\uff1f|spe|1\n|-unboost|p1b: \u95ea\u7535\u4e94\u8fde\u62f3|spe|1\n|-status|p1b: \u95ea\u7535\u4e94\u8fde\u62f3|tox|[from] ability: Toxic Chain|[of] p2a: Fezandipiti\n|move|p2b: Iron Hands|Rock Slide|p1b: \u95ea\u7535\u4e94\u8fde\u62f3|[spread] p1a,p1b\n|-supereffective|p1a: \u8fd9\u4e2a\u5df4\u5c14\u51ef\u5c3c\u6069\u5ae9\u5e72\u4ec0\u4e48\uff1f\n|-resisted|p1b: \u95ea\u7535\u4e94\u8fde\u62f3\n|-crit|p1b: \u95ea\u7535\u4e94\u8fde\u62f3\n|-damage|p1a: \u8fd9\u4e2a\u5df4\u5c14\u51ef\u5c3c\u6069\u5ae9\u5e72\u4ec0\u4e48\uff1f|52\/100\n|-damage|p1b: \u95ea\u7535\u4e94\u8fde\u62f3|85\/100 tox\n|move|p1b: \u95ea\u7535\u4e94\u8fde\u62f3|Drain Punch|p2b: Iron Hands\n|-damage|p2b: Iron Hands|78\/100\n|-heal|p1b: \u95ea\u7535\u4e94\u8fde\u62f3|95\/100 tox|[from] drain|[of] p2b: Iron Hands\n|move|p1a: \u8fd9\u4e2a\u5df4\u5c14\u51ef\u5c3c\u6069\u5ae9\u5e72\u4ec0\u4e48\uff1f|Heat Wave|p2a: Fezandipiti|[spread] p2b\n|-miss|p1a: \u8fd9\u4e2a\u5df4\u5c14\u51ef\u5c3c\u6069\u5ae9\u5e72\u4ec0\u4e48\uff1f|p2a: Fezandipiti\n|-damage|p2b: Iron Hands|52\/100\n|\n|-damage|p1b: \u95ea\u7535\u4e94\u8fde\u62f3|89\/100 tox|[from] psn\n|upkeep\n|turn|3\n|\n|t:|1699810742\n|switch|p1a: \u5de8\u722a\u7f57\u65af|Landorus-Therian, M|100\/100\n|-ability|p1a: \u5de8\u722a\u7f57\u65af|Intimidate|boost\n|-unboost|p2a: Fezandipiti|atk|1\n|-unboost|p2b: Iron Hands|atk|1\n|move|p2a: Fezandipiti|Icy Wind|p1a: \u5de8\u722a\u7f57\u65af|[spread] p1a,p1b\n|-supereffective|p1a: \u5de8\u722a\u7f57\u65af\n|-damage|p1a: \u5de8\u722a\u7f57\u65af|65\/100\n|-damage|p1b: \u95ea\u7535\u4e94\u8fde\u62f3|84\/100 tox\n|-unboost|p1b: \u95ea\u7535\u4e94\u8fde\u62f3|spe|1\n|move|p2b: Iron Hands|Rock Slide|p1a: \u5de8\u722a\u7f57\u65af|[spread] p1a,p1b\n|-resisted|p1b: \u95ea\u7535\u4e94\u8fde\u62f3\n|-crit|p1b: \u95ea\u7535\u4e94\u8fde\u62f3\n|-damage|p1a: \u5de8\u722a\u7f57\u65af|52\/100\n|-damage|p1b: \u95ea\u7535\u4e94\u8fde\u62f3|73\/100 tox\n|cant|p1b: \u95ea\u7535\u4e94\u8fde\u62f3|flinch\n|\n|-damage|p1b: \u95ea\u7535\u4e94\u8fde\u62f3|60\/100 tox|[from] psn\n|upkeep\n|turn|4\n|\n|t:|1699810768\n|move|p2a: Fezandipiti|Icy Wind|p1a: \u5de8\u722a\u7f57\u65af|[spread] p1a,p1b\n|-supereffective|p1a: \u5de8\u722a\u7f57\u65af\n|-damage|p1a: \u5de8\u722a\u7f57\u65af|14\/100\n|-damage|p1b: \u95ea\u7535\u4e94\u8fde\u62f3|55\/100 tox\n|-unboost|p1b: \u95ea\u7535\u4e94\u8fde\u62f3|spe|1\n|move|p1a: \u5de8\u722a\u7f57\u65af|Stomping Tantrum|p2a: Fezandipiti|[miss]\n|-miss|p1a: \u5de8\u722a\u7f57\u65af|p2a: Fezandipiti\n|move|p2b: Iron Hands|Ice Punch|p1a: \u5de8\u722a\u7f57\u65af\n|-supereffective|p1a: \u5de8\u722a\u7f57\u65af\n|-damage|p1a: \u5de8\u722a\u7f57\u65af|0 fnt\n|faint|p1a: \u5de8\u722a\u7f57\u65af\n|move|p1b: \u95ea\u7535\u4e94\u8fde\u62f3|Volt Switch|p2b: Iron Hands\n|-resisted|p2b: Iron Hands\n|-damage|p2b: Iron Hands|47\/100\n|\n|t:|1699810784\n|-end|p1b: \u95ea\u7535\u4e94\u8fde\u62f3|Quark Drive|[silent]\n|switch|p1b: \u80cc\u5f71\u6700\u5e05\u7684\u7834\u58f3\u68a6|Amoonguss, M|100\/100|[from] Volt Switch\n|\n|upkeep\n|\n|t:|1699810795\n|switch|p1a: \u53d1\u59d0\u725b\u903c|Flutter Mane|100\/100\n|turn|5\n|\n|t:|1699810812\n|move|p1a: \u53d1\u59d0\u725b\u903c|Dazzling Gleam|p2a: Fezandipiti|[spread] p2a,p2b\n|-resisted|p2a: Fezandipiti\n|-supereffective|p2b: Iron Hands\n|-damage|p2a: Fezandipiti|63\/100\n|-damage|p2b: Iron Hands|0 fnt\n|faint|p2b: Iron Hands\n|-end|p2b: Iron Hands|Quark Drive|[silent]\n|move|p2a: Fezandipiti|Icy Wind|p1b: \u80cc\u5f71\u6700\u5e05\u7684\u7834\u58f3\u68a6|[spread] p1a,p1b\n|-supereffective|p1b: \u80cc\u5f71\u6700\u5e05\u7684\u7834\u58f3\u68a6\n|-damage|p1a: \u53d1\u59d0\u725b\u903c|92\/100\n|-damage|p1b: \u80cc\u5f71\u6700\u5e05\u7684\u7834\u58f3\u68a6|83\/100\n|-unboost|p1a: \u53d1\u59d0\u725b\u903c|spe|1\n|-unboost|p1b: \u80cc\u5f71\u6700\u5e05\u7684\u7834\u58f3\u68a6|spe|1\n|move|p1b: \u80cc\u5f71\u6700\u5e05\u7684\u7834\u58f3\u68a6|Spore|p2a: Fezandipiti\n|-status|p2a: Fezandipiti|slp|[from] move: Spore\n|\n|upkeep\n|\n|t:|1699810837\n|switch|p2b: Wo-Chien|Wo-Chien|100\/100\n|-ability|p2b: Wo-Chien|Tablets of Ruin\n|turn|6\n|\n|t:|1699810853\n|cant|p2a: Fezandipiti|slp\n|move|p1a: \u53d1\u59d0\u725b\u903c|Dazzling Gleam|p2b: Wo-Chien|[spread] p2a,p2b\n|-resisted|p2a: Fezandipiti\n|-supereffective|p2b: Wo-Chien\n|-damage|p2a: Fezandipiti|42\/100 slp\n|-damage|p2b: Wo-Chien|34\/100\n|move|p2b: Wo-Chien|Leech Seed|p1a: \u53d1\u59d0\u725b\u903c\n|-start|p1a: \u53d1\u59d0\u725b\u903c|move: Leech Seed\n|move|p1b: \u80cc\u5f71\u6700\u5e05\u7684\u7834\u58f3\u68a6|Sludge Bomb|p2b: Wo-Chien\n|-supereffective|p2b: Wo-Chien\n|-damage|p2b: Wo-Chien|0 fnt\n|faint|p2b: Wo-Chien\n|\n|upkeep\n|\n|t:|1699810876\n|switch|p2b: Pelipper|Pelipper, M|100\/100\n|-weather|RainDance|[from] ability: Drizzle|[of] p2b: Pelipper\n|turn|7\n|\n|t:|1699810894\n|switch|p1b: \u95ea\u7535\u4e94\u8fde\u62f3|Iron Hands|55\/100 tox\n|move|p2b: Pelipper|Tailwind|p2b: Pelipper\n|-sidestart|p2: ohgodilovedilfs|move: Tailwind\n|-curestatus|p2a: Fezandipiti|slp|[msg]\n|move|p2a: Fezandipiti|Icy Wind|p1a: \u53d1\u59d0\u725b\u903c|[spread] p1a,p1b\n|-damage|p1a: \u53d1\u59d0\u725b\u903c|84\/100\n|-damage|p1b: \u95ea\u7535\u4e94\u8fde\u62f3|50\/100 tox\n|-unboost|p1a: \u53d1\u59d0\u725b\u903c|spe|1\n|-unboost|p1b: \u95ea\u7535\u4e94\u8fde\u62f3|spe|1\n|move|p1a: \u53d1\u59d0\u725b\u903c|Dazzling Gleam|p2a: Fezandipiti|[spread] p2a,p2b\n|-resisted|p2a: Fezandipiti\n|-damage|p2a: Fezandipiti|20\/100\n|-damage|p2b: Pelipper|25\/100\n|\n|-weather|RainDance|[upkeep]\n|-damage|p1a: \u53d1\u59d0\u725b\u903c|72\/100|[from] Leech Seed|[of] p2b: Pelipper\n|-heal|p2b: Pelipper|39\/100|[silent]\n|-damage|p1b: \u95ea\u7535\u4e94\u8fde\u62f3|44\/100 tox|[from] psn\n|upkeep\n|turn|8\n|\n|t:|1699810934\n|switch|p2b: Basculegion|Basculegion-F, F|100\/100\n|move|p1b: \u95ea\u7535\u4e94\u8fde\u62f3|Fake Out|p2b: Basculegion\n|-immune|p2b: Basculegion\n|move|p2a: Fezandipiti|Dazzling Gleam|p1a: \u53d1\u59d0\u725b\u903c|[spread] p1a,p1b\n|-supereffective|p1b: \u95ea\u7535\u4e94\u8fde\u62f3\n|-damage|p1a: \u53d1\u59d0\u725b\u903c|54\/100\n|-damage|p1b: \u95ea\u7535\u4e94\u8fde\u62f3|24\/100 tox\n|move|p1a: \u53d1\u59d0\u725b\u903c|Dazzling Gleam|p2a: Fezandipiti|[spread] p2a,p2b\n|-resisted|p2a: Fezandipiti\n|-damage|p2a: Fezandipiti|0 fnt\n|-damage|p2b: Basculegion|52\/100\n|faint|p2a: Fezandipiti\n|\n|-weather|RainDance|[upkeep]\n|-damage|p1a: \u53d1\u59d0\u725b\u903c|42\/100|[from] Leech Seed|[of] p2b: Basculegion\n|-heal|p2b: Basculegion|62\/100|[silent]\n|-damage|p1b: \u95ea\u7535\u4e94\u8fde\u62f3|12\/100 tox|[from] psn\n|upkeep\n|\n|t:|1699810954\n|switch|p2a: Pelipper|Pelipper, M|39\/100\n|turn|9\n|\n|t:|1699810985\n|-end|p1a: \u53d1\u59d0\u725b\u903c|Protosynthesis|[silent]\n|switch|p1a: \u8fd9\u4e2a\u5df4\u5c14\u51ef\u5c3c\u6069\u5ae9\u5e72\u4ec0\u4e48\uff1f|Volcanion|52\/100\n|-terastallize|p2b: Basculegion|Water\n|move|p2a: Pelipper|Hurricane|p1a: \u8fd9\u4e2a\u5df4\u5c14\u51ef\u5c3c\u6069\u5ae9\u5e72\u4ec0\u4e48\uff1f\n|-damage|p1a: \u8fd9\u4e2a\u5df4\u5c14\u51ef\u5c3c\u6069\u5ae9\u5e72\u4ec0\u4e48\uff1f|21\/100\n|move|p2b: Basculegion|Tera Blast|p1b: \u95ea\u7535\u4e94\u8fde\u62f3|[anim] Tera Blast Water\n|-damage|p1b: \u95ea\u7535\u4e94\u8fde\u62f3|0 fnt\n|faint|p1b: \u95ea\u7535\u4e94\u8fde\u62f3\n|-end|p1b: \u95ea\u7535\u4e94\u8fde\u62f3|Quark Drive|[silent]\n|\n|-weather|RainDance|[upkeep]\n|upkeep\n|\n|t:|1699811000\n|switch|p1b: \u80cc\u5f71\u6700\u5e05\u7684\u7834\u58f3\u68a6|Amoonguss, M|100\/100\n|turn|10\n|\n|t:|1699811022\n|-terastallize|p1b: \u80cc\u5f71\u6700\u5e05\u7684\u7834\u58f3\u68a6|Dragon\n|move|p1b: \u80cc\u5f71\u6700\u5e05\u7684\u7834\u58f3\u68a6|Rage Powder|p1b: \u80cc\u5f71\u6700\u5e05\u7684\u7834\u58f3\u68a6\n|-singleturn|p1b: \u80cc\u5f71\u6700\u5e05\u7684\u7834\u58f3\u68a6|move: Rage Powder\n|move|p2a: Pelipper|Hurricane|p1b: \u80cc\u5f71\u6700\u5e05\u7684\u7834\u58f3\u68a6\n|-damage|p1b: \u80cc\u5f71\u6700\u5e05\u7684\u7834\u58f3\u68a6|59\/100\n|move|p2b: Basculegion|Shadow Ball|p1b: \u80cc\u5f71\u6700\u5e05\u7684\u7834\u58f3\u68a6\n|-damage|p1b: \u80cc\u5f71\u6700\u5e05\u7684\u7834\u58f3\u68a6|22\/100\n|-enditem|p1b: \u80cc\u5f71\u6700\u5e05\u7684\u7834\u58f3\u68a6|Sitrus Berry|[eat]\n|-heal|p1b: \u80cc\u5f71\u6700\u5e05\u7684\u7834\u58f3\u68a6|47\/100|[from] item: Sitrus Berry\n|move|p1a: \u8fd9\u4e2a\u5df4\u5c14\u51ef\u5c3c\u6069\u5ae9\u5e72\u4ec0\u4e48\uff1f|Steam Eruption|p2b: Basculegion\n|-resisted|p2b: Basculegion\n|-damage|p2b: Basculegion|15\/100\n|\n|-weather|RainDance|[upkeep]\n|-sideend|p2: ohgodilovedilfs|move: Tailwind\n|upkeep\n|turn|11\n|\n|t:|1699811068\n|move|p1b: \u80cc\u5f71\u6700\u5e05\u7684\u7834\u58f3\u68a6|Rage Powder|p1b: \u80cc\u5f71\u6700\u5e05\u7684\u7834\u58f3\u68a6\n|-singleturn|p1b: \u80cc\u5f71\u6700\u5e05\u7684\u7834\u58f3\u68a6|move: Rage Powder\n|move|p2a: Pelipper|Hurricane|p1b: \u80cc\u5f71\u6700\u5e05\u7684\u7834\u58f3\u68a6\n|-damage|p1b: \u80cc\u5f71\u6700\u5e05\u7684\u7834\u58f3\u68a6|3\/100\n|-start|p1b: \u80cc\u5f71\u6700\u5e05\u7684\u7834\u58f3\u68a6|confusion\n|move|p2b: Basculegion|Shadow Ball|p1b: \u80cc\u5f71\u6700\u5e05\u7684\u7834\u58f3\u68a6\n|-damage|p1b: \u80cc\u5f71\u6700\u5e05\u7684\u7834\u58f3\u68a6|0 fnt\n|faint|p1b: \u80cc\u5f71\u6700\u5e05\u7684\u7834\u58f3\u68a6\n|move|p1a: \u8fd9\u4e2a\u5df4\u5c14\u51ef\u5c3c\u6069\u5ae9\u5e72\u4ec0\u4e48\uff1f|Steam Eruption|p2b: Basculegion\n|-resisted|p2b: Basculegion\n|-damage|p2b: Basculegion|0 fnt\n|faint|p2b: Basculegion\n|\n|-weather|none\n|upkeep\n|\n|t:|1699811086\n|switch|p2b: Hatterene|Hatterene, F|100\/100\n|switch|p1b: \u53d1\u59d0\u725b\u903c|Flutter Mane|42\/100\n|turn|12\n|\n|t:|1699811096\n|move|p2a: Pelipper|Hurricane|p1b: \u53d1\u59d0\u725b\u903c\n|-damage|p1b: \u53d1\u59d0\u725b\u903c|3\/100\n|-start|p1b: \u53d1\u59d0\u725b\u903c|confusion\n|-activate|p1b: \u53d1\u59d0\u725b\u903c|confusion\n|move|p1b: \u53d1\u59d0\u725b\u903c|Moonblast|p2a: Pelipper\n|-damage|p2a: Pelipper|0 fnt\n|faint|p2a: Pelipper\n|move|p1a: \u8fd9\u4e2a\u5df4\u5c14\u51ef\u5c3c\u6069\u5ae9\u5e72\u4ec0\u4e48\uff1f|Heavy Slam|p2b: Hatterene\n|-supereffective|p2b: Hatterene\n|-damage|p2b: Hatterene|24\/100\n|move|p2b: Hatterene|Trick Room|p2b: Hatterene\n|-fieldstart|move: Trick Room|[of] p2b: Hatterene\n|\n|-heal|p2b: Hatterene|30\/100|[from] item: Leftovers\n|upkeep\n|turn|13\n|\n|t:|1699811121\n|switch|p1a: \u62cd\u6253\u7329|Rillaboom, F|100\/100\n|-fieldstart|move: Grassy Terrain|[from] ability: Grassy Surge|[of] p1a: \u62cd\u6253\u7329\n|move|p2b: Hatterene|Dazzling Gleam|p1b: \u53d1\u59d0\u725b\u903c|[spread] p1a,p1b\n|-damage|p1a: \u62cd\u6253\u7329|58\/100\n|-damage|p1b: \u53d1\u59d0\u725b\u903c|0 fnt\n|faint|p1b: \u53d1\u59d0\u725b\u903c\n|-end|p1b: \u53d1\u59d0\u725b\u903c|Protosynthesis|[silent]\n|\n|-heal|p2b: Hatterene|35\/100|[from] Grassy Terrain\n|-heal|p2b: Hatterene|41\/100|[from] item: Leftovers\n|-heal|p1a: \u62cd\u6253\u7329|64\/100|[from] Grassy Terrain\n|upkeep\n|\n|t:|1699811134\n|switch|p1b: \u8fd9\u4e2a\u5df4\u5c14\u51ef\u5c3c\u6069\u5ae9\u5e72\u4ec0\u4e48\uff1f|Volcanion|21\/100\n|turn|14\n|\n|t:|1699811145\n|move|p1a: \u62cd\u6253\u7329|Fake Out|p2b: Hatterene\n|-damage|p2b: Hatterene|24\/100\n|cant|p2b: Hatterene|flinch\n|move|p1b: \u8fd9\u4e2a\u5df4\u5c14\u51ef\u5c3c\u6069\u5ae9\u5e72\u4ec0\u4e48\uff1f|Heavy Slam|p2b: Hatterene\n|-supereffective|p2b: Hatterene\n|-crit|p2b: Hatterene\n|-damage|p2b: Hatterene|0 fnt\n|faint|p2b: Hatterene\n|\n|win|OPieceOfHeroGhost\n|raw|OPieceOfHeroGhost's rating: 1449 &rarr; <strong>1462<\/strong><br \/>(+13 for winning)\n|raw|ohgodilovedilfs's rating: 1330 &rarr; <strong>1317<\/strong><br \/>(-13 for losing)\n","uploadtime":1699811157,"views":4,"p1id":"opieceofheroghost","p2id":"ohgodilovedilfs","formatid":"gen9doublesou","rating":1317,"private":0,"password":""}