{"id":"gen9doublesou-1994476106","p1":"Zulneily","p2":"torreslaw","format":"[Gen 9] Doubles OU","log":"|j|\u2606Zulneily\n|j|\u2606torreslaw\n|t:|1700448320\n|gametype|doubles\n|player|p1|Zulneily|hilda-wonderlauncher|1107\n|player|p2|torreslaw|beauty-gen4dp|1102\n|teamsize|p1|6\n|teamsize|p2|6\n|gen|9\n|tier|[Gen 9] Doubles OU\n|rated|\n|rule|Species Clause: Limit one of each Pok\u00e9mon\n|rule|OHKO Clause: OHKO moves are banned\n|rule|Evasion Moves Clause: Evasion moves are banned\n|rule|Gravity Sleep Clause: The combination of sleep-inducing moves with imperfect accuracy and Gravity or Gigantamax Orbeetle are banned\n|rule|Endless Battle Clause: Forcing endless battles is banned\n|rule|HP Percentage Mod: HP is shown in percentages\n|clearpoke\n|poke|p1|Sinistcha|\n|poke|p1|Moltres-Galar|\n|poke|p1|Arcanine-Hisui, F|\n|poke|p1|Ogerpon-Wellspring, F|\n|poke|p1|Klefki, F|\n|poke|p1|Okidogi, M|\n|poke|p2|Amoonguss, M|\n|poke|p2|Rillaboom, F|\n|poke|p2|Ceruledge, M|\n|poke|p2|Palafin, M|\n|poke|p2|Iron Hands|\n|poke|p2|Grimmsnarl, M|\n|teampreview\n|inactive|Battle timer is ON: inactive players will automatically lose when time's up. (requested by torreslaw)\n|\n|t:|1700448350\n|start\n|switch|p1a: Arcanine|Arcanine-Hisui, F|100\/100\n|switch|p1b: Klefki|Klefki, F|100\/100\n|switch|p2a: Palafin|Palafin, M|100\/100\n|switch|p2b: Ceruledge|Ceruledge, M|100\/100\n|-ability|p1a: Arcanine|Intimidate|boost\n|-unboost|p2a: Palafin|atk|1\n|-unboost|p2b: Ceruledge|atk|1\n|turn|1\n|\n|t:|1700448375\n|move|p1a: Arcanine|Protect|p1a: Arcanine\n|-singleturn|p1a: Arcanine|Protect\n|move|p1b: Klefki|Reflect|p1b: Klefki\n|-sidestart|p1: Zulneily|Reflect\n|move|p2a: Palafin|Flip Turn|p2b: Ceruledge\n|-supereffective|p2b: Ceruledge\n|-damage|p2b: Ceruledge|59\/100\n|-ability|p2b: Ceruledge|Weak Armor|boost\n|-unboost|p2b: Ceruledge|def|1\n|-boost|p2b: Ceruledge|spe|2\n|-enditem|p2b: Ceruledge|Weakness Policy\n|-boost|p2b: Ceruledge|atk|2|[from] item: Weakness Policy\n|-boost|p2b: Ceruledge|spa|2|[from] item: Weakness Policy\n|\n|t:|1700448393\n|detailschange|p2a: Palafin|Palafin-Hero, M\n|switch|p2a: Grimmsnarl|Grimmsnarl, M|100\/100|[from] Flip Turn\n|move|p2b: Ceruledge|Bitter Blade|p1b: Klefki\n|-supereffective|p1b: Klefki\n|-damage|p1b: Klefki|23\/100\n|-heal|p2b: Ceruledge|100\/100|[from] drain|[of] p1b: Klefki\n|\n|upkeep\n|turn|2\n|\n|t:|1700448410\n|move|p2a: Grimmsnarl|Fake Out|p1a: Arcanine\n|-resisted|p1a: Arcanine\n|-damage|p1a: Arcanine|96\/100\n|move|p1b: Klefki|Thunder Wave|p2b: Ceruledge\n|-status|p2b: Ceruledge|par\n|cant|p1a: Arcanine|flinch\n|move|p2b: Ceruledge|Bitter Blade|p1b: Klefki\n|-supereffective|p1b: Klefki\n|-crit|p1b: Klefki\n|-damage|p1b: Klefki|0 fnt\n|faint|p1b: Klefki\n|\n|upkeep\n|\n|t:|1700448426\n|switch|p1b: Okidogi|Okidogi, M|100\/100\n|turn|3\n|inactive|torreslaw has 120 seconds left.\n|\n|t:|1700448469\n|move|p2a: Grimmsnarl|Parting Shot|p1a: Arcanine\n|-unboost|p1a: Arcanine|atk|1\n|-unboost|p1a: Arcanine|spa|1\n|\n|t:|1700448481\n|switch|p2a: Palafin|Palafin-Hero, M|100\/100|[from] Parting Shot\n|-activate|p2a: Palafin|ability: Zero to Hero\n|move|p1a: Arcanine|Rock Slide|p2b: Ceruledge|[spread] p2a,p2b\n|-supereffective|p2b: Ceruledge\n|-damage|p2a: Palafin|83\/100\n|-damage|p2b: Ceruledge|32\/100 par\n|-ability|p2b: Ceruledge|Weak Armor|boost\n|-unboost|p2b: Ceruledge|def|1\n|-boost|p2b: Ceruledge|spe|2\n|cant|p2b: Ceruledge|flinch\n|move|p1b: Okidogi|Knock Off|p2b: Ceruledge\n|-supereffective|p2b: Ceruledge\n|-damage|p2b: Ceruledge|0 fnt\n|faint|p2b: Ceruledge\n|-damage|p1b: Okidogi|90\/100|[from] item: Life Orb\n|\n|upkeep\n|inactive|torreslaw has 90 seconds left.\n|\n|t:|1700448508\n|switch|p2b: Grimmsnarl|Grimmsnarl, M|100\/100\n|turn|4\n|\n|t:|1700448521\n|switch|p1a: Ogerpon|Ogerpon-Wellspring, F|100\/100\n|move|p1b: Okidogi|Protect|p1b: Okidogi\n|-singleturn|p1b: Okidogi|Protect\n|move|p2b: Grimmsnarl|Fake Out|p1b: Okidogi\n|-activate|p1b: Okidogi|move: Protect\n|move|p2a: Palafin|Jet Punch|p1a: Ogerpon\n|-immune|p1a: Ogerpon|[from] ability: Water Absorb\n|\n|upkeep\n|turn|5\n|inactive|torreslaw has 120 seconds left.\n|\n|t:|1700448551\n|switch|p2a: Amoonguss|Amoonguss, M|100\/100\n|move|p2b: Grimmsnarl|Reflect|p2b: Grimmsnarl\n|-sidestart|p2: torreslaw|Reflect\n|move|p1a: Ogerpon|Wood Hammer|p2a: Amoonguss\n|-resisted|p2a: Amoonguss\n|-damage|p2a: Amoonguss|89\/100\n|-damage|p1a: Ogerpon|95\/100|[from] Recoil\n|move|p1b: Okidogi|Knock Off|p2a: Amoonguss\n|-damage|p2a: Amoonguss|58\/100\n|-enditem|p2a: Amoonguss|Black Sludge|[from] move: Knock Off|[of] p1b: Okidogi\n|-damage|p1b: Okidogi|80\/100|[from] item: Life Orb\n|\n|upkeep\n|turn|6\n|inactive|torreslaw has 120 seconds left.\n|\n|t:|1700448576\n|switch|p1a: Sinistcha|Sinistcha|100\/100\n|-heal|p1b: Okidogi|100\/100|[from] ability: Hospitality|[of] p1a: Sinistcha\n|move|p2b: Grimmsnarl|Parting Shot|p1b: Okidogi\n|-unboost|p1b: Okidogi|atk|1\n|-unboost|p1b: Okidogi|spa|1\n|\n|t:|1700448589\n|switch|p2b: Palafin|Palafin-Hero, M|83\/100|[from] Parting Shot\n|move|p1b: Okidogi|Knock Off|p2b: Palafin\n|-damage|p2b: Palafin|63\/100\n|-enditem|p2b: Palafin|Covert Cloak|[from] move: Knock Off|[of] p1b: Okidogi\n|-damage|p1b: Okidogi|90\/100|[from] item: Life Orb\n|move|p2a: Amoonguss|Spore|p1b: Okidogi\n|-status|p1b: Okidogi|slp|[from] move: Spore\n|\n|upkeep\n|turn|7\n|inactive|torreslaw has 120 seconds left.\n|\n|t:|1700448610\n|switch|p2a: Iron Hands|Iron Hands|100\/100\n|move|p2b: Palafin|Ice Punch|p1a: Sinistcha\n|-supereffective|p1a: Sinistcha\n|-damage|p1a: Sinistcha|64\/100\n|cant|p1b: Okidogi|slp\n|move|p1a: Sinistcha|Matcha Gotcha|p2a: Iron Hands|[spread] p2a,p2b\n|-supereffective|p2b: Palafin\n|-damage|p2a: Iron Hands|85\/100\n|-heal|p1a: Sinistcha|76\/100|[from] drain|[of] p2a: Iron Hands\n|-damage|p2b: Palafin|10\/100\n|-heal|p1a: Sinistcha|100\/100|[from] drain|[of] p2b: Palafin\n|\n|upkeep\n|turn|8\n|inactive|torreslaw has 120 seconds left.\n|\n|t:|1700448635\n|switch|p1b: Arcanine|Arcanine-Hisui, F|96\/100\n|-ability|p1b: Arcanine|Intimidate|boost\n|-unboost|p2a: Iron Hands|atk|1\n|-unboost|p2b: Palafin|atk|1\n|move|p2a: Iron Hands|Fake Out|p1a: Sinistcha\n|-immune|p1a: Sinistcha\n|move|p2b: Palafin|Drain Punch|p1b: Arcanine\n|-supereffective|p1b: Arcanine\n|-damage|p1b: Arcanine|58\/100\n|-heal|p2b: Palafin|29\/100|[from] drain|[of] p1b: Arcanine\n|move|p1a: Sinistcha|Matcha Gotcha|p2a: Iron Hands|[spread] p2a,p2b\n|-supereffective|p2b: Palafin\n|-damage|p2a: Iron Hands|71\/100\n|-damage|p2b: Palafin|0 fnt\n|-status|p2a: Iron Hands|brn\n|faint|p2b: Palafin\n|\n|-damage|p2a: Iron Hands|65\/100 brn|[from] brn\n|-sideend|p1: Zulneily|Reflect\n|upkeep\n|-message|torreslaw forfeited.\n|\n|win|Zulneily\n|raw|Zulneily's rating: 1107 &rarr; <strong>1132<\/strong><br \/>(+25 for winning)\n|raw|torreslaw's rating: 1102 &rarr; <strong>1077<\/strong><br \/>(-25 for losing)\n|l|\u2606torreslaw\n","uploadtime":1700448738,"views":6,"p1id":"zulneily","p2id":"torreslaw","formatid":"gen9doublesou","rating":1077,"private":0,"password":""}