{"id":"gen9doublesou-1970052727","p1":"villainsin","p2":"trt001","format":"[Gen 9] Doubles OU","log":"|j|\u2606villainsin\n|j|\u2606trt001\n|t:|1697589269\n|gametype|doubles\n|player|p1|villainsin|fantina|1352\n|player|p2|trt001|riley|1396\n|teamsize|p1|6\n|teamsize|p2|6\n|gen|9\n|tier|[Gen 9] Doubles OU\n|rated|\n|rule|Species Clause: Limit one of each Pok\u00e9mon\n|rule|OHKO Clause: OHKO moves are banned\n|rule|Evasion Moves Clause: Evasion moves are banned\n|rule|Gravity Sleep Clause: The combination of sleep-inducing moves with imperfect accuracy and Gravity or Gigantamax Orbeetle are banned\n|rule|Endless Battle Clause: Forcing endless battles is banned\n|rule|HP Percentage Mod: HP is shown in percentages\n|clearpoke\n|poke|p1|Palafin, F|\n|poke|p1|Ursaluna-Bloodmoon, M|\n|poke|p1|Baxcalibur, M|\n|poke|p1|Ninetales-Alola, M|\n|poke|p1|Gliscor, F|\n|poke|p1|Lucario, M|\n|poke|p2|Fezandipiti, M|\n|poke|p2|Gholdengo|\n|poke|p2|Chien-Pao|\n|poke|p2|Iron Bundle|\n|poke|p2|Landorus-Therian, M|\n|poke|p2|Samurott-Hisui, M|\n|teampreview\n|inactive|Battle timer is ON: inactive players will automatically lose when time's up. (requested by trt001)\n|\n|t:|1697589288\n|start\n|switch|p1a: snoop dogg|Lucario, M|100\/100\n|switch|p1b: zack foxx|Ninetales-Alola, M|100\/100\n|switch|p2a: Fezandipiti|Fezandipiti, M|100\/100\n|switch|p2b: Samurott|Samurott-Hisui, M|100\/100\n|-weather|Snow|[from] ability: Snow Warning|[of] p1b: zack foxx\n|turn|1\n|\n|t:|1697589303\n|move|p2b: Samurott|Protect|p2b: Samurott\n|-singleturn|p2b: Samurott|Protect\n|move|p1b: zack foxx|Aurora Veil|p1b: zack foxx\n|-sidestart|p1: villainsin|move: Aurora Veil\n|move|p1a: snoop dogg|Close Combat|p2b: Samurott\n|-activate|p2b: Samurott|move: Protect\n|move|p2a: Fezandipiti|Tailwind|p2a: Fezandipiti\n|-sidestart|p2: trt001|move: Tailwind\n|\n|-weather|Snow|[upkeep]\n|upkeep\n|turn|2\n|\n|t:|1697589318\n|move|p2b: Samurott|Razor Shell|p1a: snoop dogg\n|-damage|p1a: snoop dogg|44\/100\n|move|p2a: Fezandipiti|Dazzling Gleam|p1b: zack foxx|[spread] p1a,p1b\n|-damage|p1a: snoop dogg|21\/100\n|-damage|p1b: zack foxx|82\/100\n|-enditem|p1a: snoop dogg|Aguav Berry|[eat]\n|-heal|p1a: snoop dogg|55\/100|[from] item: Aguav Berry\n|move|p1b: zack foxx|Moonblast|p2b: Samurott\n|-supereffective|p2b: Samurott\n|-enditem|p2b: Samurott|Focus Sash\n|-damage|p2b: Samurott|1\/100\n|move|p1a: snoop dogg|Swords Dance|p1a: snoop dogg\n|-boost|p1a: snoop dogg|atk|2\n|\n|-weather|Snow|[upkeep]\n|upkeep\n|turn|3\n|\n|t:|1697589341\n|move|p1a: snoop dogg|Bullet Punch|p2a: Fezandipiti\n|-supereffective|p2a: Fezandipiti\n|-damage|p2a: Fezandipiti|14\/100\n|-enditem|p2a: Fezandipiti|Sitrus Berry|[eat]\n|-heal|p2a: Fezandipiti|39\/100|[from] item: Sitrus Berry\n|move|p2b: Samurott|Razor Shell|p1a: snoop dogg\n|-damage|p1a: snoop dogg|0 fnt\n|faint|p1a: snoop dogg\n|move|p2a: Fezandipiti|Dazzling Gleam|p1b: zack foxx\n|-crit|p1b: zack foxx\n|-damage|p1b: zack foxx|26\/100\n|move|p1b: zack foxx|Moonblast|p2b: Samurott\n|-supereffective|p2b: Samurott\n|-damage|p2b: Samurott|0 fnt\n|faint|p2b: Samurott\n|\n|-weather|Snow|[upkeep]\n|upkeep\n|\n|t:|1697589362\n|switch|p2b: Gholdengo|Gholdengo|100\/100\n|switch|p1a: tee grizzley|Ursaluna-Bloodmoon, M|100\/100\n|turn|4\n|\n|t:|1697589384\n|move|p2b: Gholdengo|Make It Rain|p1a: tee grizzley|[spread] p1a,p1b\n|-supereffective|p1b: zack foxx\n|-damage|p1a: tee grizzley|47\/100\n|-damage|p1b: zack foxx|0 fnt\n|-unboost|p2b: Gholdengo|spa|1\n|faint|p1b: zack foxx\n|move|p2a: Fezandipiti|Acid Spray|p1a: tee grizzley\n|-resisted|p1a: tee grizzley\n|-damage|p1a: tee grizzley|41\/100\n|-unboost|p1a: tee grizzley|spd|2\n|move|p1a: tee grizzley|Earth Power|p2b: Gholdengo\n|-supereffective|p2b: Gholdengo\n|-damage|p2b: Gholdengo|0 fnt\n|faint|p2b: Gholdengo\n|\n|-weather|Snow|[upkeep]\n|-sideend|p2: trt001|move: Tailwind\n|upkeep\n|\n|t:|1697589401\n|switch|p1b: playboi carti|Gliscor, F|100\/100\n|switch|p2b: Iron Bundle|Iron Bundle|100\/100\n|turn|5\n|\n|t:|1697589413\n|move|p2b: Iron Bundle|Icy Wind|p1a: tee grizzley|[spread] p1a,p1b\n|-supereffective|p1a: tee grizzley\n|-supereffective|p1b: playboi carti\n|-damage|p1a: tee grizzley|0 fnt\n|-damage|p1b: playboi carti|13\/100\n|-unboost|p1b: playboi carti|spe|1\n|faint|p1a: tee grizzley\n|move|p2a: Fezandipiti|Icy Wind|p1b: playboi carti\n|-supereffective|p1b: playboi carti\n|-damage|p1b: playboi carti|0 fnt\n|faint|p1b: playboi carti\n|\n|-weather|Snow|[upkeep]\n|-sideend|p1: villainsin|move: Aurora Veil\n|upkeep\n|\n|t:|1697589424\n|switch|p1b: drake|Baxcalibur, M|100\/100\n|switch|p1a: young dolph|Palafin, F|100\/100\n|turn|6\n|c|\u2606villainsin|gg\n|\n|t:|1697589453\n|move|p2b: Iron Bundle|Freeze-Dry|p1b: drake\n|-damage|p1b: drake|68\/100\n|move|p1a: young dolph|Drain Punch|p2b: Iron Bundle\n|-supereffective|p2b: Iron Bundle\n|-damage|p2b: Iron Bundle|55\/100\n|move|p2a: Fezandipiti|Dazzling Gleam|p1a: young dolph|[spread] p1a,p1b\n|-supereffective|p1b: drake\n|-damage|p1a: young dolph|69\/100\n|-damage|p1b: drake|27\/100\n|-status|p1a: young dolph|tox|[from] ability: Toxic Chain|[of] p2a: Fezandipiti\n|move|p1b: drake|High Horsepower|p2a: Fezandipiti\n|-supereffective|p2a: Fezandipiti\n|-damage|p2a: Fezandipiti|0 fnt\n|faint|p2a: Fezandipiti\n|\n|-weather|Snow|[upkeep]\n|-heal|p1b: drake|33\/100|[from] ability: Ice Body\n|-damage|p1a: young dolph|62\/100 tox|[from] psn\n|upkeep\n|\n|t:|1697589466\n|switch|p2a: Chien-Pao|Chien-Pao|100\/100\n|-ability|p2a: Chien-Pao|Sword of Ruin\n|turn|7\n|\n|t:|1697589480\n|move|p2b: Iron Bundle|Freeze-Dry|p1a: young dolph\n|-supereffective|p1a: young dolph\n|-damage|p1a: young dolph|0 fnt\n|faint|p1a: young dolph\n|move|p2a: Chien-Pao|Sacred Sword|p1b: drake\n|-supereffective|p1b: drake\n|-damage|p1b: drake|0 fnt\n|faint|p1b: drake\n|-damage|p2a: Chien-Pao|91\/100|[from] item: Life Orb\n|\n|win|trt001\n|raw|villainsin's rating: 1352 &rarr; <strong>1335<\/strong><br \/>(-17 for losing)\n|raw|trt001's rating: 1396 &rarr; <strong>1413<\/strong><br \/>(+17 for winning)\n|c|\u2606trt001|GG\n","uploadtime":1697589495,"views":21,"p1id":"villainsin","p2id":"trt001","formatid":"gen9doublesou","rating":1335,"private":0,"password":""}