{"id":"gen9doublesou-1974727802","p1":"ElQuake","p2":"amstan","format":"[Gen 9] Doubles OU","log":"|j|\u2606ElQuake\n|j|\u2606amstan\n|inactive|Battle timer is ON: inactive players will automatically lose when time's up.\n|t:|1698114879\n|gametype|doubles\n|player|p1|ElQuake|volkner|\n|player|p2|amstan|unknown|\n|teamsize|p1|6\n|teamsize|p2|6\n|gen|9\n|tier|[Gen 9] Doubles OU\n|rated|Tournament battle\n|rule|Species Clause: Limit one of each Pok\u00e9mon\n|rule|OHKO Clause: OHKO moves are banned\n|rule|Evasion Moves Clause: Evasion moves are banned\n|rule|Gravity Sleep Clause: The combination of sleep-inducing moves with imperfect accuracy and Gravity or Gigantamax Orbeetle are banned\n|rule|Endless Battle Clause: Forcing endless battles is banned\n|rule|HP Percentage Mod: HP is shown in percentages\n|clearpoke\n|poke|p1|Gothitelle, F|\n|poke|p1|Flutter Mane|\n|poke|p1|Chi-Yu|\n|poke|p1|Torkoal, M|\n|poke|p1|Iron Hands|\n|poke|p1|Lilligant, F|\n|poke|p2|Tornadus, M|\n|poke|p2|Iron Hands|\n|poke|p2|Rillaboom, F|\n|poke|p2|Flutter Mane|\n|poke|p2|Ogerpon-Hearthflame, F|\n|poke|p2|Heatran, M|\n|teampreview\n|j|*Lady Monita \u263d\n|\n|t:|1698114905\n|start\n|switch|p1a: Gothitelle|Gothitelle, F|100\/100\n|switch|p1b: Torkoal|Torkoal, M|100\/100\n|switch|p2a: Heatran|Heatran, M|100\/100\n|switch|p2b: Rillaboom|Rillaboom, F|100\/100\n|-fieldstart|move: Grassy Terrain|[from] ability: Grassy Surge|[of] p2b: Rillaboom\n|-item|p2a: Heatran|Assault Vest|[from] ability: Frisk|[of] p1a: Gothitelle|[identify]\n|-item|p2b: Rillaboom|Assault Vest|[from] ability: Frisk|[of] p1a: Gothitelle|[identify]\n|-weather|SunnyDay|[from] ability: Drought|[of] p1b: Torkoal\n|turn|1\n|\n|t:|1698114922\n|switch|p2b: Ogerpon|Ogerpon-Hearthflame, F|100\/100\n|-ability|p2b: Ogerpon|Mold Breaker\n|move|p1a: Gothitelle|Fake Out|p2a: Heatran\n|-resisted|p2a: Heatran\n|-damage|p2a: Heatran|98\/100\n|cant|p2a: Heatran|flinch\n|move|p1b: Torkoal|Eruption|p2b: Ogerpon|[spread] p2b\n|-start|p2a: Heatran|ability: Flash Fire\n|-damage|p2b: Ogerpon|8\/100\n|\n|-weather|SunnyDay|[upkeep]\n|-heal|p2b: Ogerpon|14\/100|[from] Grassy Terrain\n|-heal|p2a: Heatran|100\/100|[from] Grassy Terrain\n|upkeep\n|turn|2\n|\n|t:|1698114935\n|move|p2b: Ogerpon|Spiky Shield|p2b: Ogerpon\n|-singleturn|p2b: Ogerpon|move: Protect\n|move|p1b: Torkoal|Protect|p1b: Torkoal\n|-singleturn|p1b: Torkoal|Protect\n|move|p2a: Heatran|Heat Wave|p1b: Torkoal|[spread] p1a\n|-activate|p1b: Torkoal|move: Protect\n|-damage|p1a: Gothitelle|14\/100\n|-enditem|p1a: Gothitelle|Sitrus Berry|[eat]\n|-heal|p1a: Gothitelle|39\/100|[from] item: Sitrus Berry\n|move|p1a: Gothitelle|Trick Room|p1a: Gothitelle\n|-fieldstart|move: Trick Room|[of] p1a: Gothitelle\n|\n|-weather|SunnyDay|[upkeep]\n|-heal|p1a: Gothitelle|45\/100|[from] Grassy Terrain\n|-heal|p2b: Ogerpon|20\/100|[from] Grassy Terrain\n|upkeep\n|turn|3\n|\n|t:|1698114954\n|switch|p2b: Flutter Mane|Flutter Mane|100\/100\n|-activate|p2b: Flutter Mane|ability: Protosynthesis\n|-start|p2b: Flutter Mane|protosynthesisspa\n|move|p1b: Torkoal|Heat Wave|p2b: Flutter Mane|[spread] p2b\n|-immune|p2a: Heatran|[from] ability: Flash Fire\n|-damage|p2b: Flutter Mane|54\/100\n|move|p1a: Gothitelle|Hypnosis|p2a: Heatran\n|-status|p2a: Heatran|slp|[from] move: Hypnosis\n|cant|p2a: Heatran|slp\n|\n|-weather|SunnyDay|[upkeep]\n|-heal|p1a: Gothitelle|51\/100|[from] Grassy Terrain\n|-heal|p2b: Flutter Mane|60\/100|[from] Grassy Terrain\n|upkeep\n|turn|4\n|\n|t:|1698114971\n|-end|p2b: Flutter Mane|Protosynthesis|[silent]\n|switch|p2b: Rillaboom|Rillaboom, F|100\/100\n|move|p1b: Torkoal|Eruption|p2a: Heatran|[spread] p2b\n|-immune|p2a: Heatran|[from] ability: Flash Fire\n|-supereffective|p2b: Rillaboom\n|-damage|p2b: Rillaboom|0 fnt\n|faint|p2b: Rillaboom\n|move|p1a: Gothitelle|Hypnosis|p2a: Heatran|[miss]\n|-miss|p1a: Gothitelle|p2a: Heatran\n|cant|p2a: Heatran|slp\n|\n|-weather|SunnyDay|[upkeep]\n|-heal|p1a: Gothitelle|57\/100|[from] Grassy Terrain\n|upkeep\n|\n|t:|1698114977\n|switch|p2b: Iron Hands|Iron Hands|100\/100\n|turn|5\n|\n|t:|1698114986\n|move|p2b: Iron Hands|Protect|p2b: Iron Hands\n|-singleturn|p2b: Iron Hands|Protect\n|move|p1b: Torkoal|Earth Power|p2a: Heatran\n|-supereffective|p2a: Heatran\n|-damage|p2a: Heatran|41\/100 slp\n|move|p1a: Gothitelle|Hypnosis|p2b: Iron Hands\n|-activate|p2b: Iron Hands|move: Protect\n|cant|p2a: Heatran|slp\n|\n|-weather|none\n|-heal|p1a: Gothitelle|63\/100|[from] Grassy Terrain\n|-heal|p2a: Heatran|48\/100 slp|[from] Grassy Terrain\n|-fieldend|move: Grassy Terrain\n|upkeep\n|turn|6\n|c|\u2606amstan|k\n|\n|t:|1698115001\n|-terastallize|p2a: Heatran|Fairy\n|move|p1b: Torkoal|Earth Power|p2a: Heatran\n|-damage|p2a: Heatran|32\/100 slp\n|move|p1a: Gothitelle|Hypnosis|p2b: Iron Hands\n|-status|p2b: Iron Hands|slp|[from] move: Hypnosis\n|cant|p2b: Iron Hands|slp\n|-curestatus|p2a: Heatran|slp|[msg]\n|move|p2a: Heatran|Heat Wave|p1b: Torkoal|[spread] p1a,p1b\n|-resisted|p1b: Torkoal\n|-damage|p1a: Gothitelle|13\/100\n|-damage|p1b: Torkoal|58\/100\n|\n|-fieldend|move: Trick Room\n|upkeep\n|turn|7\n|\n|t:|1698115015\n|move|p1b: Torkoal|Protect|p1b: Torkoal\n|-singleturn|p1b: Torkoal|Protect\n|move|p2a: Heatran|Heat Wave|p1b: Torkoal|[spread] p1a\n|-activate|p1b: Torkoal|move: Protect\n|-damage|p1a: Gothitelle|0 fnt\n|faint|p1a: Gothitelle\n|cant|p2b: Iron Hands|slp\n|\n|upkeep\n|\n|t:|1698115029\n|switch|p1a: Iron Hands|Iron Hands|100\/100\n|turn|8\n|\n|t:|1698115042\n|-end|p2a: Heatran|ability: Flash Fire|[silent]\n|switch|p2a: Flutter Mane|Flutter Mane|60\/100\n|move|p1a: Iron Hands|Fake Out|p2a: Flutter Mane\n|-immune|p2a: Flutter Mane\n|-curestatus|p2b: Iron Hands|slp|[msg]\n|move|p2b: Iron Hands|Swords Dance|p2b: Iron Hands\n|-boost|p2b: Iron Hands|atk|2\n|move|p1b: Torkoal|Earth Power|p2a: Flutter Mane\n|-damage|p2a: Flutter Mane|39\/100\n|\n|upkeep\n|turn|9\n|\n|t:|1698115052\n|move|p2a: Flutter Mane|Dazzling Gleam|p1a: Iron Hands|[spread] p1a,p1b\n|-supereffective|p1a: Iron Hands\n|-resisted|p1b: Torkoal\n|-damage|p1a: Iron Hands|52\/100\n|-damage|p1b: Torkoal|25\/100\n|move|p2b: Iron Hands|Drain Punch|p1a: Iron Hands\n|-damage|p1a: Iron Hands|0 fnt\n|faint|p1a: Iron Hands\n|-end|p1a: Iron Hands|Quark Drive|[silent]\n|move|p1b: Torkoal|Heat Wave|p2a: Flutter Mane|[spread] p2b\n|-miss|p1b: Torkoal|p2a: Flutter Mane\n|-damage|p2b: Iron Hands|74\/100\n|-status|p2b: Iron Hands|brn\n|\n|-damage|p2b: Iron Hands|68\/100 brn|[from] brn\n|upkeep\n|\n|t:|1698115063\n|switch|p1a: Chi-Yu|Chi-Yu|100\/100\n|-ability|p1a: Chi-Yu|Beads of Ruin\n|turn|10\n|c|\u2606amstan|k\n|\n|t:|1698115068\n|move|p1b: Torkoal|Protect|p1b: Torkoal\n|-singleturn|p1b: Torkoal|Protect\n|move|p1a: Chi-Yu|Dark Pulse|p2a: Flutter Mane\n|-damage|p2a: Flutter Mane|0 fnt\n|faint|p2a: Flutter Mane\n|-end|p2a: Flutter Mane|Protosynthesis|[silent]\n|move|p2b: Iron Hands|Drain Punch|p1a: Chi-Yu\n|-supereffective|p1a: Chi-Yu\n|-damage|p1a: Chi-Yu|0 fnt\n|-heal|p2b: Iron Hands|96\/100 brn|[from] drain|[of] p1a: Chi-Yu\n|faint|p1a: Chi-Yu\n|\n|-damage|p2b: Iron Hands|90\/100 brn|[from] brn\n|upkeep\n|\n|t:|1698115078\n|switch|p2a: Tornadus|Tornadus, M|100\/100\n|switch|p1a: Flutter Mane|Flutter Mane|100\/100\n|turn|11\n|\n|t:|1698115088\n|move|p2a: Tornadus|Tailwind|p2a: Tornadus\n|-sidestart|p2: amstan|move: Tailwind\n|move|p1a: Flutter Mane|Dazzling Gleam|p2a: Tornadus|[spread] p2a,p2b\n|-crit|p2a: Tornadus\n|-supereffective|p2b: Iron Hands\n|-damage|p2a: Tornadus|31\/100\n|-damage|p2b: Iron Hands|28\/100 brn\n|-enditem|p2b: Iron Hands|Sitrus Berry|[eat]\n|-heal|p2b: Iron Hands|53\/100 brn|[from] item: Sitrus Berry\n|-damage|p1a: Flutter Mane|91\/100|[from] item: Life Orb\n|move|p2b: Iron Hands|Drain Punch|p1b: Torkoal\n|-damage|p1b: Torkoal|0 fnt\n|-heal|p2b: Iron Hands|62\/100 brn|[from] drain|[of] p1b: Torkoal\n|faint|p1b: Torkoal\n|\n|-damage|p2b: Iron Hands|56\/100 brn|[from] brn\n|upkeep\n|\n|t:|1698115090\n|switch|p1b: Lilligant|Lilligant, F|100\/100\n|turn|12\n|\n|t:|1698115119\n|move|p2a: Tornadus|Bleakwind Storm|p1b: Lilligant|[spread] p1a,p1b\n|-supereffective|p1b: Lilligant\n|-damage|p1a: Flutter Mane|57\/100\n|-damage|p1b: Lilligant|0 fnt\n|faint|p1b: Lilligant\n|move|p1a: Flutter Mane|Dazzling Gleam|p2b: Iron Hands|[spread] p2a,p2b\n|-supereffective|p2b: Iron Hands\n|-damage|p2a: Tornadus|0 fnt\n|-damage|p2b: Iron Hands|0 fnt\n|faint|p2a: Tornadus\n|faint|p2b: Iron Hands\n|-end|p2b: Iron Hands|Quark Drive|[silent]\n|-damage|p1a: Flutter Mane|47\/100|[from] item: Life Orb\n|\n|upkeep\n|\n|t:|1698115128\n|switch|p2a: Ogerpon|Ogerpon-Hearthflame, F|20\/100\n|switch|p2b: Heatran|Heatran, M, tera:Fairy|32\/100\n|-ability|p2a: Ogerpon|Mold Breaker\n|turn|13\n|\n|t:|1698115137\n|move|p1a: Flutter Mane|Protect|p1a: Flutter Mane\n|-singleturn|p1a: Flutter Mane|Protect\n|move|p2a: Ogerpon|Ivy Cudgel|p1a: Flutter Mane\n|-activate|p1a: Flutter Mane|move: Protect\n|move|p2b: Heatran|Tera Blast|p1a: Flutter Mane|[anim] Tera Blast Fairy\n|-activate|p1a: Flutter Mane|move: Protect\n|\n|upkeep\n|turn|14\n|\n|t:|1698115141\n|move|p1a: Flutter Mane|Protect|p1a: Flutter Mane\n|-singleturn|p1a: Flutter Mane|Protect\n|move|p2a: Ogerpon|Ivy Cudgel|p1a: Flutter Mane\n|-activate|p1a: Flutter Mane|move: Protect\n|move|p2b: Heatran|Tera Blast|p1a: Flutter Mane|[anim] Tera Blast Fairy\n|-activate|p1a: Flutter Mane|move: Protect\n|\n|-sideend|p2: amstan|move: Tailwind\n|upkeep\n|turn|15\n|\n|t:|1698115148\n|-terastallize|p1a: Flutter Mane|Fairy\n|move|p2a: Ogerpon|Spiky Shield|p2a: Ogerpon\n|-singleturn|p2a: Ogerpon|move: Protect\n|move|p1a: Flutter Mane|Dazzling Gleam|p2b: Heatran|[spread] p2b\n|-activate|p2a: Ogerpon|move: Protect\n|-damage|p2b: Heatran|0 fnt\n|faint|p2b: Heatran\n|-damage|p1a: Flutter Mane|37\/100|[from] item: Life Orb\n|\n|upkeep\n|turn|16\n|c|\u2606amstan|ok\n|\n|t:|1698115169\n|move|p1a: Flutter Mane|Moonblast|p2a: Ogerpon\n|-resisted|p2a: Ogerpon\n|-damage|p2a: Ogerpon|0 fnt\n|faint|p2a: Ogerpon\n|-damage|p1a: Flutter Mane|27\/100|[from] item: Life Orb\n|\n|win|ElQuake\n|n|\u2606ElQuake|elquake\n|n|\u2606amstan|amstan\n|n|*Lady Monita \u263d|ladymonita\n|l|*Lady Monita \u263d\n|c|\u2606ElQuake|ggwp\n|c|\u2606amstan|the fuck am i supposed to say\n","uploadtime":1698115184,"views":36,"p1id":"elquake","p2id":"amstan","formatid":"gen9doublesou","rating":0,"private":0,"password":""}