{"id":"gen9doublesou-1999378364","p1":"TheStrangestSandal","p2":"Asdfk1066","format":"[Gen 9] Doubles OU","log":"|j|\u2606TheStrangestSandal\n|j|\u2606Asdfk1066\n|t:|1701070057\n|gametype|doubles\n|player|p1|TheStrangestSandal|policeman-gen4|1071\n|player|p2|Asdfk1066|silver|1170\n|teamsize|p1|6\n|teamsize|p2|6\n|gen|9\n|tier|[Gen 9] Doubles OU\n|rated|\n|rule|Species Clause: Limit one of each Pok\u00e9mon\n|rule|OHKO Clause: OHKO moves are banned\n|rule|Evasion Moves Clause: Evasion moves are banned\n|rule|Gravity Sleep Clause: The combination of sleep-inducing moves with imperfect accuracy and Gravity or Gigantamax Orbeetle are banned\n|rule|Endless Battle Clause: Forcing endless battles is banned\n|rule|HP Percentage Mod: HP is shown in percentages\n|clearpoke\n|poke|p1|Dragalge, F|\n|poke|p1|Slowbro, F|\n|poke|p1|Cresselia, F|\n|poke|p1|Ursaluna, M|\n|poke|p1|Armarouge, M|\n|poke|p1|Chansey, F|\n|poke|p2|Chien-Pao|\n|poke|p2|Armarouge, F|\n|poke|p2|Amoonguss, F|\n|poke|p2|Indeedee-F, F|\n|poke|p2|Torkoal, M|\n|poke|p2|Cresselia, F|\n|teampreview\n|c|\u2606TheStrangestSandal|double trick room\n|c|\u2606TheStrangestSandal|our battle will be legendary\n|\n|t:|1701070088\n|start\n|switch|p1a: Slowbro|Slowbro, F|100\/100\n|switch|p1b: Chansey|Chansey, F|100\/100\n|switch|p2a: Chien-Pao|Chien-Pao|100\/100\n|switch|p2b: Indeedee|Indeedee-F, F, shiny|100\/100\n|-ability|p2a: Chien-Pao|Sword of Ruin\n|-fieldstart|move: Psychic Terrain|[from] ability: Psychic Surge|[of] p2b: Indeedee\n|turn|1\n|\n|t:|1701070108\n|-terastallize|p1a: Slowbro|Normal\n|move|p2b: Indeedee|Follow Me|p2b: Indeedee\n|-singleturn|p2b: Indeedee|move: Follow Me\n|move|p2a: Chien-Pao|Sacred Sword|p1b: Chansey\n|-supereffective|p1b: Chansey\n|-damage|p1b: Chansey|35\/100\n|move|p1b: Chansey|Charm|p2b: Indeedee\n|-unboost|p2b: Indeedee|atk|2\n|move|p1a: Slowbro|Trick Room|p1a: Slowbro\n|-fieldstart|move: Trick Room|[of] p1a: Slowbro\n|\n|upkeep\n|turn|2\n|\n|t:|1701070143\n|switch|p1a: Armarouge|Armarouge, M|100\/100\n|switch|p2a: Torkoal|Torkoal, M, shiny|100\/100\n|-weather|SunnyDay|[from] ability: Drought|[of] p2a: Torkoal\n|move|p1b: Chansey|Soft-Boiled|p1b: Chansey\n|-heal|p1b: Chansey|85\/100\n|move|p2b: Indeedee|Hyper Voice|p1b: Chansey|[spread] p1a,p1b\n|-damage|p1a: Armarouge|76\/100\n|-damage|p1b: Chansey|79\/100\n|\n|-weather|SunnyDay|[upkeep]\n|upkeep\n|turn|3\n|\n|t:|1701070168\n|move|p2a: Torkoal|Earth Power|p1a: Armarouge\n|-supereffective|p1a: Armarouge\n|-damage|p1a: Armarouge|18\/100\n|move|p1b: Chansey|Soft-Boiled|p1b: Chansey\n|-heal|p1b: Chansey|100\/100\n|move|p1a: Armarouge|Armor Cannon|p2b: Indeedee\n|-damage|p2b: Indeedee|0 fnt\n|-unboost|p1a: Armarouge|def|1\n|-unboost|p1a: Armarouge|spd|1\n|faint|p2b: Indeedee\n|\n|-weather|SunnyDay|[upkeep]\n|upkeep\n|\n|t:|1701070180\n|switch|p2b: Amoonguss|Amoonguss, F|100\/100\n|turn|4\n|\n|t:|1701070202\n|switch|p1a: Cresselia|Cresselia, F|100\/100\n|move|p2a: Torkoal|Solar Beam||[still]\n|-prepare|p2a: Torkoal|Solar Beam\n|-anim|p2a: Torkoal|Solar Beam|p1a: Cresselia\n|-damage|p1a: Cresselia|79\/100\n|move|p2b: Amoonguss|Spore|p1b: Chansey\n|-status|p1b: Chansey|slp|[from] move: Spore\n|cant|p1b: Chansey|slp\n|\n|-weather|SunnyDay|[upkeep]\n|-heal|p1a: Cresselia|85\/100|[from] item: Leftovers\n|upkeep\n|turn|5\n|\n|t:|1701070236\n|move|p2a: Torkoal|Heat Wave|p1b: Chansey|[spread] p1a,p1b\n|-damage|p1a: Cresselia|59\/100\n|-damage|p1b: Chansey|89\/100 slp\n|-status|p1a: Cresselia|brn\n|move|p2b: Amoonguss|Spore||[still]\n|-fail|p2b: Amoonguss\n|-curestatus|p1b: Chansey|slp|[msg]\n|move|p1b: Chansey|Seismic Toss|p2a: Torkoal\n|-damage|p2a: Torkoal|71\/100\n|move|p1a: Cresselia|Reflect|p1a: Cresselia\n|-sidestart|p1: TheStrangestSandal|Reflect\n|\n|-weather|SunnyDay|[upkeep]\n|-heal|p1a: Cresselia|65\/100 brn|[from] item: Leftovers\n|-damage|p1a: Cresselia|59\/100 brn|[from] brn\n|-fieldend|move: Trick Room\n|-fieldend|move: Psychic Terrain\n|upkeep\n|turn|6\n|\n|t:|1701070255\n|move|p1b: Chansey|Ice Beam|p2b: Amoonguss\n|-supereffective|p2b: Amoonguss\n|-damage|p2b: Amoonguss|84\/100\n|move|p2b: Amoonguss|Pollen Puff|p2a: Torkoal\n|-heal|p2a: Torkoal|100\/100\n|move|p2a: Torkoal|Heat Wave|p1b: Chansey|[spread] p1a,p1b\n|-damage|p1a: Cresselia|30\/100 brn\n|-damage|p1b: Chansey|78\/100\n|move|p1a: Cresselia|Trick Room|p1a: Cresselia\n|-fieldstart|move: Trick Room|[of] p1a: Cresselia\n|\n|-weather|none\n|-heal|p2b: Amoonguss|91\/100|[from] item: Leftovers\n|-heal|p1a: Cresselia|36\/100 brn|[from] item: Leftovers\n|-damage|p1a: Cresselia|30\/100 brn|[from] brn\n|upkeep\n|turn|7\n|\n|t:|1701070279\n|switch|p1a: Ursaluna|Ursaluna, M|100\/100\n|move|p2a: Torkoal|Heat Wave|p1a: Ursaluna|[spread] \n|-miss|p2a: Torkoal|p1a: Ursaluna\n|-miss|p2a: Torkoal|p1b: Chansey\n|move|p2b: Amoonguss|Spore|p1b: Chansey\n|-status|p1b: Chansey|slp|[from] move: Spore\n|cant|p1b: Chansey|slp\n|\n|-heal|p2b: Amoonguss|97\/100|[from] item: Leftovers\n|-status|p1a: Ursaluna|brn|[from] item: Flame Orb\n|upkeep\n|turn|8\n|\n|t:|1701070310\n|switch|p1b: Cresselia|Cresselia, F|30\/100 brn\n|move|p2b: Amoonguss|Rage Powder|p2b: Amoonguss\n|-singleturn|p2b: Amoonguss|move: Rage Powder\n|move|p2a: Torkoal|Solar Beam||[still]\n|-prepare|p2a: Torkoal|Solar Beam\n|move|p1a: Ursaluna|Earthquake|p2b: Amoonguss|[spread] p2a,p2b\n|-immune|p1b: Cresselia|[from] ability: Levitate\n|-supereffective|p2a: Torkoal\n|-damage|p2a: Torkoal|0 fnt\n|-damage|p2b: Amoonguss|43\/100\n|faint|p2a: Torkoal\n|\n|-heal|p2b: Amoonguss|49\/100|[from] item: Leftovers\n|-heal|p1b: Cresselia|36\/100 brn|[from] item: Leftovers\n|-damage|p1a: Ursaluna|94\/100 brn|[from] brn\n|-damage|p1b: Cresselia|30\/100 brn|[from] brn\n|upkeep\n|\n|t:|1701070327\n|switch|p2a: Armarouge|Armarouge, F|100\/100\n|turn|9\n|\n|t:|1701070340\n|move|p1b: Cresselia|Helping Hand|p1a: Ursaluna\n|-singleturn|p1a: Ursaluna|Helping Hand|[of] p1b: Cresselia\n|move|p2b: Amoonguss|Sludge Bomb|p1a: Ursaluna\n|-resisted|p1a: Ursaluna\n|-damage|p1a: Ursaluna|83\/100 brn\n|move|p1a: Ursaluna|Earthquake|p2b: Amoonguss|[spread] p2a,p2b\n|-immune|p1b: Cresselia|[from] ability: Levitate\n|-supereffective|p2a: Armarouge\n|-damage|p2a: Armarouge|0 fnt\n|-damage|p2b: Amoonguss|0 fnt\n|faint|p2a: Armarouge\n|faint|p2b: Amoonguss\n|\n|-heal|p1b: Cresselia|36\/100 brn|[from] item: Leftovers\n|-damage|p1a: Ursaluna|77\/100 brn|[from] brn\n|-damage|p1b: Cresselia|30\/100 brn|[from] brn\n|-sideend|p1: TheStrangestSandal|Reflect\n|upkeep\n|\n|t:|1701070347\n|switch|p2b: Cresselia|Cresselia, F|100\/100\n|switch|p2a: Chien-Pao|Chien-Pao|100\/100\n|-ability|p2a: Chien-Pao|Sword of Ruin\n|turn|10\n|\n|t:|1701070364\n|move|p1a: Ursaluna|Close Combat|p2a: Chien-Pao\n|-supereffective|p2a: Chien-Pao\n|-damage|p2a: Chien-Pao|0 fnt\n|-unboost|p1a: Ursaluna|def|1\n|-unboost|p1a: Ursaluna|spd|1\n|faint|p2a: Chien-Pao\n|move|p1b: Cresselia|Dazzling Gleam|p2b: Cresselia\n|-damage|p2b: Cresselia|91\/100\n|move|p2b: Cresselia|Lunar Blessing|p2b: Cresselia\n|-heal|p2b: Cresselia|100\/100\n|\n|-heal|p1b: Cresselia|36\/100 brn|[from] item: Leftovers\n|-damage|p1a: Ursaluna|70\/100 brn|[from] brn\n|-damage|p1b: Cresselia|30\/100 brn|[from] brn\n|-fieldend|move: Trick Room\n|upkeep\n|turn|11\n|\n|t:|1701070383\n|move|p1b: Cresselia|Helping Hand|p1a: Ursaluna\n|-singleturn|p1a: Ursaluna|Helping Hand|[of] p1b: Cresselia\n|move|p2b: Cresselia|Dazzling Gleam|p1a: Ursaluna|[spread] p1a,p1b\n|-damage|p1a: Ursaluna|58\/100 brn\n|-damage|p1b: Cresselia|24\/100 brn\n|move|p1a: Ursaluna|Facade|p2b: Cresselia\n|-damage|p2b: Cresselia|0 fnt\n|faint|p2b: Cresselia\n|\n|win|TheStrangestSandal\n|raw|TheStrangestSandal's rating: 1071 &rarr; <strong>1108<\/strong><br \/>(+37 for winning)\n|raw|Asdfk1066's rating: 1170 &rarr; <strong>1138<\/strong><br \/>(-32 for losing)\n|l|\u2606Asdfk1066\n","uploadtime":1701070396,"views":25,"p1id":"thestrangestsandal","p2id":"asdfk1066","formatid":"gen9doublesou","rating":1108,"private":0,"password":""}