{"id":"gen9doublesou-1997488539","p1":"mikeyuwu","p2":"Na5ty","format":"[Gen 9] Doubles OU","log":"|j|\u2606mikeyuwu\n|j|\u2606Na5ty\n|t:|1700814158\n|gametype|doubles\n|player|p1|mikeyuwu|psychic-gen4|1383\n|player|p2|Na5ty|265|1536\n|teamsize|p1|6\n|teamsize|p2|6\n|gen|9\n|tier|[Gen 9] Doubles OU\n|rated|\n|rule|Species Clause: Limit one of each Pok\u00e9mon\n|rule|OHKO Clause: OHKO moves are banned\n|rule|Evasion Moves Clause: Evasion moves are banned\n|rule|Gravity Sleep Clause: The combination of sleep-inducing moves with imperfect accuracy and Gravity or Gigantamax Orbeetle are banned\n|rule|Endless Battle Clause: Forcing endless battles is banned\n|rule|HP Percentage Mod: HP is shown in percentages\n|clearpoke\n|poke|p1|Garchomp, M|\n|poke|p1|Tyranitar, F|\n|poke|p1|Vaporeon, F|\n|poke|p1|Toxicroak, M|\n|poke|p1|Pelipper, F|\n|poke|p1|Abomasnow, M|\n|poke|p2|Gastrodon-East, M|\n|poke|p2|Heatran, F|\n|poke|p2|Gholdengo|\n|poke|p2|Landorus-Therian, M|\n|poke|p2|Tyranitar, M|\n|poke|p2|Diancie|\n|teampreview\n|inactive|Battle timer is ON: inactive players will automatically lose when time's up. (requested by Na5ty)\n|\n|t:|1700814178\n|start\n|switch|p1a: OTLHPM|Toxicroak, M|100\/100\n|switch|p1b: Harmacy|Vaporeon, F|100\/100\n|switch|p2a: Heatran|Heatran, F|100\/100\n|switch|p2b: Tyranitar|Tyranitar, M|100\/100\n|-weather|Sandstorm|[from] ability: Sand Stream|[of] p2b: Tyranitar\n|turn|1\n|\n|t:|1700814194\n|switch|p2b: Gastrodon|Gastrodon-East, M|100\/100\n|-terastallize|p2a: Heatran|Flying\n|move|p1a: OTLHPM|Drain Punch|p2b: Gastrodon\n|-damage|p2b: Gastrodon|64\/100\n|move|p1b: Harmacy|Weather Ball|p2a: Heatran\n|-supereffective|p2a: Heatran\n|-damage|p2a: Heatran|55\/100\n|move|p2a: Heatran|Tera Blast|p1a: OTLHPM|[anim] Tera Blast Flying\n|-supereffective|p1a: OTLHPM\n|-damage|p1a: OTLHPM|0 fnt\n|faint|p1a: OTLHPM\n|\n|-weather|Sandstorm|[upkeep]\n|-damage|p1b: Harmacy|94\/100|[from] Sandstorm\n|-damage|p2a: Heatran|49\/100|[from] Sandstorm\n|-heal|p1b: Harmacy|100\/100|[from] item: Leftovers\n|-heal|p2b: Gastrodon|70\/100|[from] item: Leftovers\n|upkeep\n|\n|t:|1700814209\n|switch|p1a: Cold Shoulder|Abomasnow, M, shiny|100\/100\n|-weather|Snow|[from] ability: Snow Warning|[of] p1a: Cold Shoulder\n|turn|2\n|\n|t:|1700814226\n|switch|p2a: Tyranitar|Tyranitar, M|100\/100\n|-weather|Sandstorm|[from] ability: Sand Stream|[of] p2a: Tyranitar\n|move|p1a: Cold Shoulder|Giga Drain|p2b: Gastrodon\n|-supereffective|p2b: Gastrodon\n|-damage|p2b: Gastrodon|0 fnt\n|faint|p2b: Gastrodon\n|move|p1b: Harmacy|Weather Ball|p2a: Tyranitar\n|-damage|p2a: Tyranitar|89\/100\n|\n|-weather|Sandstorm|[upkeep]\n|-damage|p1a: Cold Shoulder|94\/100|[from] Sandstorm\n|-damage|p1b: Harmacy|94\/100|[from] Sandstorm\n|-heal|p1b: Harmacy|100\/100|[from] item: Leftovers\n|upkeep\n|\n|t:|1700814245\n|switch|p2b: Heatran|Heatran, F, tera:Flying|49\/100\n|turn|3\n|\n|t:|1700814251\n|switch|p1a: Weather War|Pelipper, F|100\/100\n|-weather|RainDance|[from] ability: Drizzle|[of] p1a: Weather War\n|switch|p2a: Landorus|Landorus-Therian, M|100\/100\n|-ability|p2a: Landorus|Intimidate|boost\n|-unboost|p1a: Weather War|atk|1\n|-unboost|p1b: Harmacy|atk|1\n|move|p1b: Harmacy|Weather Ball|p2a: Landorus\n|-supereffective|p2a: Landorus\n|-damage|p2a: Landorus|0 fnt\n|faint|p2a: Landorus\n|move|p2b: Heatran|Heat Wave|p1b: Harmacy|[spread] p1a,p1b\n|-resisted|p1a: Weather War\n|-resisted|p1b: Harmacy\n|-damage|p1a: Weather War|78\/100\n|-damage|p1b: Harmacy|90\/100\n|\n|-weather|RainDance|[upkeep]\n|-heal|p1b: Harmacy|96\/100|[from] item: Leftovers\n|upkeep\n|\n|t:|1700814264\n|switch|p2a: Diancie|Diancie|100\/100\n|turn|4\n|\n|t:|1700814272\n|switch|p1a: Extra Spicy|Garchomp, M|100\/100\n|switch|p2b: Tyranitar|Tyranitar, M|89\/100\n|-weather|Sandstorm|[from] ability: Sand Stream|[of] p2b: Tyranitar\n|move|p1b: Harmacy|Weather Ball|p2a: Diancie\n|-damage|p2a: Diancie|85\/100\n|move|p2a: Diancie|Diamond Storm|p1b: Harmacy|[spread] p1b\n|-miss|p2a: Diancie|p1a: Extra Spicy\n|-damage|p1b: Harmacy|76\/100\n|-boost|p2a: Diancie|def|2\n|\n|-weather|Sandstorm|[upkeep]\n|-damage|p1b: Harmacy|70\/100|[from] Sandstorm\n|-heal|p1b: Harmacy|76\/100|[from] item: Leftovers\n|-heal|p2a: Diancie|91\/100|[from] item: Leftovers\n|upkeep\n|turn|5\n|\n|t:|1700814296\n|switch|p1a: Weather War|Pelipper, F|78\/100\n|-weather|RainDance|[from] ability: Drizzle|[of] p1a: Weather War\n|move|p1b: Harmacy|Weather Ball|p2a: Diancie\n|-supereffective|p2a: Diancie\n|-damage|p2a: Diancie|0 fnt\n|faint|p2a: Diancie\n|move|p2b: Tyranitar|Ice Punch|p1a: Weather War\n|-damage|p1a: Weather War|57\/100\n|\n|-weather|RainDance|[upkeep]\n|-heal|p1b: Harmacy|82\/100|[from] item: Leftovers\n|upkeep\n|-message|Na5ty forfeited.\n|\n|win|mikeyuwu\n|raw|mikeyuwu's rating: 1383 &rarr; <strong>1411<\/strong><br \/>(+28 for winning)\n|raw|Na5ty's rating: 1536 &rarr; <strong>1508<\/strong><br \/>(-28 for losing)\n|l|\u2606Na5ty\n","uploadtime":1700814317,"views":18,"p1id":"mikeyuwu","p2id":"na5ty","formatid":"gen9doublesou","rating":1411,"private":0,"password":""}