{"id":"gen9doublesou-1969906451","p1":"mikeyuwu","p2":"RoundedCube8176","format":"[Gen 9] Doubles OU","log":"|j|\u2606mikeyuwu\n|j|\u2606RoundedCube8176\n|t:|1697574880\n|gametype|doubles\n|player|p1|mikeyuwu|psychic-gen4|1330\n|player|p2|RoundedCube8176|psychic-gen4|1263\n|teamsize|p1|6\n|teamsize|p2|6\n|gen|9\n|tier|[Gen 9] Doubles OU\n|rated|\n|rule|Species Clause: Limit one of each Pok\u00e9mon\n|rule|OHKO Clause: OHKO moves are banned\n|rule|Evasion Moves Clause: Evasion moves are banned\n|rule|Gravity Sleep Clause: The combination of sleep-inducing moves with imperfect accuracy and Gravity or Gigantamax Orbeetle are banned\n|rule|Endless Battle Clause: Forcing endless battles is banned\n|rule|HP Percentage Mod: HP is shown in percentages\n|clearpoke\n|poke|p1|Garchomp, M|\n|poke|p1|Tyranitar, F|\n|poke|p1|Vaporeon, F|\n|poke|p1|Toxicroak, M|\n|poke|p1|Pelipper, F|\n|poke|p1|Abomasnow, M|\n|poke|p2|Dragapult, M|\n|poke|p2|Chien-Pao|\n|poke|p2|Iron Hands|\n|poke|p2|Volcanion|\n|poke|p2|Landorus-Therian, M|\n|poke|p2|Flutter Mane|\n|teampreview\n|\n|t:|1697574893\n|start\n|switch|p1a: OTLHPM|Toxicroak, M|100\/100\n|switch|p1b: Harmacy|Vaporeon, F|100\/100\n|switch|p2a: Iron Hands|Iron Hands|100\/100\n|switch|p2b: Volcanion|Volcanion|100\/100\n|-enditem|p2a: Iron Hands|Booster Energy\n|-activate|p2a: Iron Hands|ability: Quark Drive|[fromitem]\n|-start|p2a: Iron Hands|quarkdriveatk\n|turn|1\n|\n|t:|1697574935\n|move|p2a: Iron Hands|Fake Out|p1b: Harmacy\n|-damage|p1b: Harmacy|87\/100\n|move|p1a: OTLHPM|Earthquake|p2a: Iron Hands|[spread] p1b,p2a,p2b\n|-supereffective|p2a: Iron Hands\n|-supereffective|p2b: Volcanion\n|-damage|p1b: Harmacy|67\/100\n|-damage|p2a: Iron Hands|67\/100\n|-damage|p2b: Volcanion|61\/100\n|cant|p1b: Harmacy|flinch\n|move|p2b: Volcanion|Earth Power|p1a: OTLHPM\n|-supereffective|p1a: OTLHPM\n|-damage|p1a: OTLHPM|22\/100\n|-unboost|p1a: OTLHPM|spd|1\n|\n|-heal|p1a: OTLHPM|28\/100|[from] item: Black Sludge\n|-heal|p1b: Harmacy|73\/100|[from] item: Leftovers\n|upkeep\n|turn|2\n|\n|t:|1697574957\n|switch|p1a: Extra Spicy|Garchomp, M|100\/100\n|move|p1b: Harmacy|Icy Wind|p2a: Iron Hands|[spread] p2a,p2b\n|-resisted|p2b: Volcanion\n|-damage|p2a: Iron Hands|59\/100\n|-damage|p2b: Volcanion|60\/100\n|-unboost|p2a: Iron Hands|spe|1\n|-unboost|p2b: Volcanion|spe|1\n|move|p2b: Volcanion|Heat Wave|p1b: Harmacy|[spread] p1a,p1b\n|-resisted|p1a: Extra Spicy\n|-resisted|p1b: Harmacy\n|-damage|p1a: Extra Spicy|84\/100\n|-damage|p1b: Harmacy|59\/100\n|move|p2a: Iron Hands|Wild Charge|p1b: Harmacy\n|-supereffective|p1b: Harmacy\n|-damage|p1b: Harmacy|0 fnt\n|faint|p1b: Harmacy\n|-damage|p2a: Iron Hands|45\/100|[from] Recoil\n|\n|upkeep\n|\n|t:|1697574971\n|switch|p1b: Cold Shoulder|Abomasnow, M, shiny|100\/100\n|-weather|Snow|[from] ability: Snow Warning|[of] p1b: Cold Shoulder\n|turn|3\n|\n|t:|1697574985\n|move|p1a: Extra Spicy|Earthquake|p2a: Iron Hands|[spread] p1b,p2a,p2b\n|-resisted|p1b: Cold Shoulder\n|-supereffective|p2a: Iron Hands\n|-supereffective|p2b: Volcanion\n|-damage|p1b: Cold Shoulder|90\/100\n|-damage|p2a: Iron Hands|0 fnt\n|-damage|p2b: Volcanion|6\/100\n|faint|p2a: Iron Hands\n|-end|p2a: Iron Hands|Quark Drive|[silent]\n|move|p1b: Cold Shoulder|Blizzard|p2b: Volcanion\n|-resisted|p2b: Volcanion\n|-damage|p2b: Volcanion|1\/100\n|move|p2b: Volcanion|Heat Wave|p1a: Extra Spicy|[spread] p1a,p1b\n|-resisted|p1a: Extra Spicy\n|-supereffective|p1b: Cold Shoulder\n|-damage|p1a: Extra Spicy|66\/100\n|-damage|p1b: Cold Shoulder|0 fnt\n|faint|p1b: Cold Shoulder\n|\n|-weather|Snow|[upkeep]\n|upkeep\n|\n|t:|1697575009\n|switch|p1b: Weather War|Pelipper, F|100\/100\n|switch|p2a: Dragapult|Dragapult, M|100\/100\n|-weather|RainDance|[from] ability: Drizzle|[of] p1b: Weather War\n|turn|4\n|inactive|Battle timer is ON: inactive players will automatically lose when time's up. (requested by mikeyuwu)\n|\n|t:|1697575033\n|-terastallize|p2a: Dragapult|Dragon\n|-terastallize|p1a: Extra Spicy|Steel\n|move|p2a: Dragapult|Tera Blast|p1a: Extra Spicy|[anim] Tera Blast Dragon\n|-resisted|p1a: Extra Spicy\n|-damage|p1a: Extra Spicy|44\/100\n|-damage|p2a: Dragapult|91\/100|[from] item: Life Orb\n|move|p1a: Extra Spicy|Earthquake|p2a: Dragapult|[spread] p2a,p2b\n|-immune|p1b: Weather War\n|-supereffective|p2b: Volcanion\n|-damage|p2a: Dragapult|46\/100\n|-damage|p2b: Volcanion|0 fnt\n|faint|p2b: Volcanion\n|move|p1b: Weather War|Hurricane|p2a: Dragapult\n|-damage|p2a: Dragapult|0 fnt\n|faint|p2a: Dragapult\n|\n|-weather|RainDance|[upkeep]\n|upkeep\n|\n|t:|1697575058\n|switch|p2a: Chien-Pao|Chien-Pao|100\/100\n|switch|p2b: Landorus|Landorus-Therian, M|100\/100\n|-ability|p2a: Chien-Pao|Sword of Ruin\n|-ability|p2b: Landorus|Intimidate|boost\n|-unboost|p1a: Extra Spicy|atk|1\n|-unboost|p1b: Weather War|atk|1\n|turn|5\n|\n|t:|1697575072\n|move|p2a: Chien-Pao|Ice Spinner|p1b: Weather War\n|-damage|p1b: Weather War|58\/100\n|move|p1a: Extra Spicy|Brick Break|p2a: Chien-Pao\n|-supereffective|p2a: Chien-Pao\n|-crit|p2a: Chien-Pao\n|-enditem|p2a: Chien-Pao|Focus Sash\n|-damage|p2a: Chien-Pao|1\/100\n|move|p2b: Landorus|Stomping Tantrum|p1a: Extra Spicy\n|-supereffective|p1a: Extra Spicy\n|-damage|p1a: Extra Spicy|0 fnt\n|-damage|p2b: Landorus|88\/100|[from] ability: Rough Skin|[of] p1a: Extra Spicy\n|-damage|p2b: Landorus|72\/100|[from] item: Rocky Helmet|[of] p1a: Extra Spicy\n|faint|p1a: Extra Spicy\n|move|p1b: Weather War|Blizzard|p2a: Chien-Pao|[spread] p2a,p2b\n|-resisted|p2a: Chien-Pao\n|-supereffective|p2b: Landorus\n|-damage|p2a: Chien-Pao|0 fnt\n|-damage|p2b: Landorus|0 fnt\n|faint|p2a: Chien-Pao\n|faint|p2b: Landorus\n|\n|-weather|RainDance|[upkeep]\n|upkeep\n|c|\u2606mikeyuwu|Gg\n|\n|t:|1697575091\n|switch|p2a: Flutter Mane|Flutter Mane|100\/100\n|switch|p1a: ThcrThnSnkr|Tyranitar, F|100\/100\n|-weather|Sandstorm|[from] ability: Sand Stream|[of] p1a: ThcrThnSnkr\n|-enditem|p2a: Flutter Mane|Booster Energy\n|-activate|p2a: Flutter Mane|ability: Protosynthesis|[fromitem]\n|-start|p2a: Flutter Mane|protosynthesisspe\n|turn|6\n|\n|t:|1697575105\n|move|p2a: Flutter Mane|Dazzling Gleam|p1a: ThcrThnSnkr|[spread] p1a,p1b\n|-supereffective|p1a: ThcrThnSnkr\n|-damage|p1a: ThcrThnSnkr|82\/100\n|-damage|p1b: Weather War|15\/100\n|move|p1b: Weather War|Hurricane|p2a: Flutter Mane\n|-damage|p2a: Flutter Mane|72\/100\n|move|p1a: ThcrThnSnkr|Heavy Slam|p2a: Flutter Mane\n|-supereffective|p2a: Flutter Mane\n|-damage|p2a: Flutter Mane|0 fnt\n|faint|p2a: Flutter Mane\n|-end|p2a: Flutter Mane|Protosynthesis|[silent]\n|\n|win|mikeyuwu\n|raw|mikeyuwu's rating: 1330 &rarr; <strong>1346<\/strong><br \/>(+16 for winning)\n|raw|RoundedCube8176's rating: 1263 &rarr; <strong>1243<\/strong><br \/>(-20 for losing)\n|l|\u2606RoundedCube8176\n","uploadtime":1697575124,"views":13,"p1id":"mikeyuwu","p2id":"roundedcube8176","formatid":"gen9doublesou","rating":1243,"private":0,"password":""}