{"id":"gen9doublesou-1999002616","p1":"Swasome","p2":"Ufahh","format":"[Gen 9] Doubles OU","log":"|j|\u2606Swasome\n|j|\u2606Ufahh\n|t:|1701022737\n|gametype|doubles\n|player|p1|Swasome|linebacker|1343\n|player|p2|Ufahh|265|1571\n|teamsize|p1|6\n|teamsize|p2|6\n|gen|9\n|tier|[Gen 9] Doubles OU\n|rated|\n|rule|Species Clause: Limit one of each Pok\u00e9mon\n|rule|OHKO Clause: OHKO moves are banned\n|rule|Evasion Moves Clause: Evasion moves are banned\n|rule|Gravity Sleep Clause: The combination of sleep-inducing moves with imperfect accuracy and Gravity or Gigantamax Orbeetle are banned\n|rule|Endless Battle Clause: Forcing endless battles is banned\n|rule|HP Percentage Mod: HP is shown in percentages\n|clearpoke\n|poke|p1|Mew|\n|poke|p1|Samurott, M|\n|poke|p1|Medicham, M|\n|poke|p1|Pelipper, F|\n|poke|p1|Thundurus-Therian, M|\n|poke|p1|Tornadus-Therian, M|\n|poke|p2|Charizard, M|\n|poke|p2|Torkoal, F|\n|poke|p2|Garchomp, M|\n|poke|p2|Typhlosion-Hisui, M|\n|poke|p2|Great Tusk|\n|poke|p2|Indeedee-F, F|\n|teampreview\n|inactive|Battle timer is ON: inactive players will automatically lose when time's up. (requested by Swasome)\n|\n|t:|1701022761\n|start\n|switch|p1a: Pelipper|Pelipper, F|100\/100\n|switch|p1b: Tornadus|Tornadus-Therian, M|100\/100\n|switch|p2a: Typhlosion|Typhlosion-Hisui, M|100\/100\n|switch|p2b: Indeedee|Indeedee-F, F|100\/100\n|-item|p1a: Pelipper|Damp Rock|[from] ability: Frisk|[of] p2a: Typhlosion|[identify]\n|-item|p1b: Tornadus|Eject Button|[from] ability: Frisk|[of] p2a: Typhlosion|[identify]\n|-fieldstart|move: Psychic Terrain|[from] ability: Psychic Surge|[of] p2b: Indeedee\n|-weather|RainDance|[from] ability: Drizzle|[of] p1a: Pelipper\n|turn|1\n|\n|t:|1701022772\n|switch|p2b: Torkoal|Torkoal, F|100\/100\n|-weather|SunnyDay|[from] ability: Drought|[of] p2b: Torkoal\n|move|p1a: Pelipper|Wide Guard|p1a: Pelipper\n|-singleturn|p1a: Pelipper|Wide Guard\n|move|p2a: Typhlosion|Heat Wave|p1b: Tornadus|[spread] \n|-activate|p1a: Pelipper|move: Wide Guard\n|-activate|p1b: Tornadus|move: Wide Guard\n|move|p1b: Tornadus|Tailwind|p1b: Tornadus\n|-sidestart|p1: Swasome|move: Tailwind\n|\n|-weather|SunnyDay|[upkeep]\n|upkeep\n|turn|2\n|\n|t:|1701022790\n|move|p1a: Pelipper|Wide Guard|p1a: Pelipper\n|-singleturn|p1a: Pelipper|Wide Guard\n|move|p1b: Tornadus|Dark Pulse|p2a: Typhlosion\n|-supereffective|p2a: Typhlosion\n|-damage|p2a: Typhlosion|32\/100\n|move|p2a: Typhlosion|Heat Wave|p1a: Pelipper|[spread] \n|-activate|p1a: Pelipper|move: Wide Guard\n|-activate|p1b: Tornadus|move: Wide Guard\n|move|p2b: Torkoal|Stealth Rock|p1b: Tornadus\n|-sidestart|p1: Swasome|move: Stealth Rock\n|\n|-weather|SunnyDay|[upkeep]\n|upkeep\n|turn|3\n|-activate|p2b: Torkoal|item: Quick Claw\n|\n|t:|1701022816\n|switch|p2a: Great Tusk|Great Tusk|100\/100\n|-activate|p2a: Great Tusk|ability: Protosynthesis\n|-start|p2a: Great Tusk|protosynthesisatk\n|switch|p1a: Mew|Mew|100\/100\n|-damage|p1a: Mew|88\/100|[from] Stealth Rock\n|move|p2b: Torkoal|Yawn|p1b: Tornadus\n|-start|p1b: Tornadus|move: Yawn|[of] p2b: Torkoal\n|move|p1b: Tornadus|Bleakwind Storm|p2a: Great Tusk|[spread] p2a,p2b\n|-supereffective|p2a: Great Tusk\n|-damage|p2a: Great Tusk|35\/100\n|-damage|p2b: Torkoal|68\/100\n|-unboost|p2b: Torkoal|spe|1\n|\n|-weather|SunnyDay|[upkeep]\n|upkeep\n|turn|4\n|\n|t:|1701022838\n|switch|p1b: Pelipper|Pelipper, F|100\/100\n|-damage|p1b: Pelipper|76\/100|[from] Stealth Rock\n|-weather|RainDance|[from] ability: Drizzle|[of] p1b: Pelipper\n|-end|p2a: Great Tusk|Protosynthesis\n|switch|p2b: Indeedee|Indeedee-F, F|100\/100\n|move|p1a: Mew|Hydro Cannon|p2b: Indeedee\n|-damage|p2b: Indeedee|12\/100\n|-mustrecharge|p1a: Mew\n|move|p2a: Great Tusk|Ice Spinner|p1b: Pelipper\n|-damage|p1b: Pelipper|41\/100\n|-fieldend|move: Psychic Terrain\n|\n|-weather|RainDance|[upkeep]\n|-sideend|p1: Swasome|move: Tailwind\n|upkeep\n|turn|5\n|\n|t:|1701022856\n|-terastallize|p1b: Pelipper|Water\n|move|p2b: Indeedee|Trick|p1a: Mew\n|-activate|p2b: Indeedee|move: Trick|[of] p1a: Mew\n|-item|p1a: Mew|Choice Scarf|[from] move: Trick\n|-item|p2b: Indeedee|Covert Cloak|[from] move: Trick\n|cant|p1a: Mew|recharge\n|move|p2a: Great Tusk|Ice Spinner|p1b: Pelipper\n|-resisted|p1b: Pelipper\n|-damage|p1b: Pelipper|24\/100\n|move|p1b: Pelipper|Tailwind|p1b: Pelipper\n|-sidestart|p1: Swasome|move: Tailwind\n|\n|-weather|RainDance|[upkeep]\n|upkeep\n|turn|6\n|inactive|Ufahh has 120 seconds left.\n|\n|t:|1701022887\n|switch|p2b: Torkoal|Torkoal, F|68\/100\n|-weather|SunnyDay|[from] ability: Drought|[of] p2b: Torkoal\n|-activate|p2a: Great Tusk|ability: Protosynthesis\n|-start|p2a: Great Tusk|protosynthesisatk\n|move|p1a: Mew|Encore||[still]\n|-fail|p1a: Mew\n|move|p1b: Pelipper|Weather Ball|p2a: Great Tusk\n|-damage|p2a: Great Tusk|0 fnt\n|faint|p2a: Great Tusk\n|-end|p2a: Great Tusk|Protosynthesis|[silent]\n|\n|-weather|SunnyDay|[upkeep]\n|upkeep\n|inactive|Ufahh has 120 seconds left.\n|\n|t:|1701022905\n|switch|p2a: Garchomp|Garchomp, M|100\/100\n|turn|7\n|inactive|Swasome has 120 seconds left.\n|\n|t:|1701022949\n|switch|p1a: Medicham|Medicham, M|100\/100\n|-damage|p1a: Medicham|94\/100|[from] Stealth Rock\n|switch|p1b: Samurott|Samurott, M|100\/100\n|-damage|p1b: Samurott|88\/100|[from] Stealth Rock\n|move|p2a: Garchomp|Dragon Claw|p1b: Samurott\n|-damage|p1b: Samurott|48\/100\n|move|p2b: Torkoal|Yawn|p1a: Medicham\n|-start|p1a: Medicham|move: Yawn|[of] p2b: Torkoal\n|\n|-weather|SunnyDay|[upkeep]\n|upkeep\n|turn|8\n|inactive|Swasome has 120 seconds left.\n|-activate|p2b: Torkoal|item: Quick Claw\n|\n|t:|1701022967\n|move|p2b: Torkoal|Helping Hand|p2a: Garchomp\n|-singleturn|p2a: Garchomp|Helping Hand|[of] p2b: Torkoal\n|move|p2a: Garchomp|Dragon Claw|p1b: Samurott\n|-damage|p1b: Samurott|0 fnt\n|faint|p1b: Samurott\n|move|p1a: Medicham|Axe Kick|p1: Samurott|[notarget]\n|-fail|p1a: Medicham\n|\n|-weather|SunnyDay|[upkeep]\n|-end|p1a: Medicham|move: Yawn|[silent]\n|-status|p1a: Medicham|slp\n|-sideend|p1: Swasome|move: Tailwind\n|upkeep\n|inactive|Swasome has 120 seconds left.\n|\n|t:|1701022990\n|switch|p1b: Pelipper|Pelipper, F, tera:Water|24\/100\n|-damage|p1b: Pelipper|12\/100|[from] Stealth Rock\n|-weather|RainDance|[from] ability: Drizzle|[of] p1b: Pelipper\n|turn|9\n|\n|t:|1701023000\n|switch|p2b: Indeedee|Indeedee-F, F|12\/100\n|-fieldstart|move: Psychic Terrain|[from] ability: Psychic Surge|[of] p2b: Indeedee\n|move|p2a: Garchomp|Dragon Claw|p1b: Pelipper\n|-damage|p1b: Pelipper|0 fnt\n|faint|p1b: Pelipper\n|cant|p1a: Medicham|slp\n|\n|-weather|RainDance|[upkeep]\n|upkeep\n|\n|t:|1701023005\n|switch|p1b: Tornadus|Tornadus-Therian, M|100\/100\n|-damage|p1b: Tornadus|75\/100|[from] Stealth Rock\n|turn|10\n|\n|t:|1701023017\n|move|p2a: Garchomp|Dragon Claw|p1b: Tornadus\n|-damage|p1b: Tornadus|14\/100\n|-enditem|p1b: Tornadus|Eject Button\n|\n|t:|1701023027\n|switch|p1b: Mew|Mew|88\/100\n|-damage|p1b: Mew|76\/100|[from] Stealth Rock\n|move|p2b: Indeedee|Dazzling Gleam|p1a: Medicham|[spread] p1a,p1b\n|-supereffective|p1a: Medicham\n|-crit|p1b: Mew\n|-damage|p1a: Medicham|48\/100 slp\n|-damage|p1b: Mew|56\/100\n|cant|p1a: Medicham|slp\n|\n|-weather|RainDance|[upkeep]\n|upkeep\n|turn|11\n|\n|t:|1701023043\n|move|p2a: Garchomp|Dragon Claw|p1b: Mew\n|-damage|p1b: Mew|19\/100\n|move|p1b: Mew|Hydro Cannon|p2a: Garchomp|[miss]\n|-miss|p1b: Mew|p2a: Garchomp\n|move|p2b: Indeedee|Dazzling Gleam|p1a: Medicham|[spread] p1a,p1b\n|-supereffective|p1a: Medicham\n|-damage|p1a: Medicham|0 fnt\n|-damage|p1b: Mew|6\/100\n|faint|p1a: Medicham\n|\n|-weather|RainDance|[upkeep]\n|upkeep\n|\n|t:|1701023053\n|switch|p1a: Tornadus|Tornadus-Therian, M|47\/100\n|-damage|p1a: Tornadus|22\/100|[from] Stealth Rock\n|turn|12\n|\n|t:|1701023064\n|switch|p2a: Torkoal|Torkoal, F|68\/100\n|-weather|SunnyDay|[from] ability: Drought|[of] p2a: Torkoal\n|move|p1a: Tornadus|Tailwind|p1a: Tornadus\n|-sidestart|p1: Swasome|move: Tailwind\n|move|p1b: Mew|Hydro Cannon|p2a: Torkoal|[miss]\n|-miss|p1b: Mew|p2a: Torkoal\n|move|p2b: Indeedee|Dazzling Gleam|p1b: Mew|[spread] p1a,p1b\n|-damage|p1a: Tornadus|1\/100\n|-damage|p1b: Mew|0 fnt\n|faint|p1b: Mew\n|\n|-weather|SunnyDay|[upkeep]\n|upkeep\n|\n|t:|1701023074\n|switch|p1b: Thundurus|Thundurus-Therian, M|100\/100\n|-damage|p1b: Thundurus|76\/100|[from] Stealth Rock\n|turn|13\n|\n|t:|1701023081\n|move|p1a: Tornadus|Bleakwind Storm|p2b: Indeedee|[spread] p2a\n|-miss|p1a: Tornadus|p2b: Indeedee\n|-damage|p2a: Torkoal|34\/100\n|move|p1b: Thundurus|Wildbolt Storm|p2b: Indeedee|[spread] p2a,p2b\n|-damage|p2a: Torkoal|0 fnt\n|-damage|p2b: Indeedee|0 fnt\n|faint|p2a: Torkoal\n|faint|p2b: Indeedee\n|\n|-weather|SunnyDay|[upkeep]\n|-fieldend|move: Psychic Terrain\n|upkeep\n|\n|t:|1701023091\n|switch|p2b: Typhlosion|Typhlosion-Hisui, M|32\/100\n|switch|p2a: Garchomp|Garchomp, M|100\/100\n|-item|p1b: Thundurus|Sitrus Berry|[from] ability: Frisk|[of] p2b: Typhlosion|[identify]\n|turn|14\n|c|\u2606Swasome|The brothers are trying to sweep\n|inactive|Swasome has 120 seconds left.\n|\n|t:|1701023121\n|move|p1a: Tornadus|Dark Pulse|p2a: Garchomp\n|-damage|p2a: Garchomp|72\/100\n|move|p2a: Garchomp|Rock Slide|p1a: Tornadus|[spread] p1a,p1b\n|-supereffective|p1a: Tornadus\n|-supereffective|p1b: Thundurus\n|-damage|p1a: Tornadus|0 fnt\n|-damage|p1b: Thundurus|28\/100\n|-enditem|p1b: Thundurus|Sitrus Berry|[eat]\n|-heal|p1b: Thundurus|53\/100|[from] item: Sitrus Berry\n|faint|p1a: Tornadus\n|move|p1b: Thundurus|Wildbolt Storm|p2b: Typhlosion|[spread] p2b\n|-immune|p2a: Garchomp\n|-damage|p2b: Typhlosion|0 fnt\n|faint|p2b: Typhlosion\n|\n|-weather|SunnyDay|[upkeep]\n|upkeep\n|\n|t:|1701023137\n|switch|p2b: Charizard|Charizard, M, shiny|100\/100\n|turn|15\n|c|\u2606Swasome|GG, love how random your team is\n|\n|t:|1701023149\n|-terastallize|p2b: Charizard|Fire\n|move|p2a: Garchomp|Rock Slide|p1b: Thundurus\n|-supereffective|p1b: Thundurus\n|-damage|p1b: Thundurus|0 fnt\n|faint|p1b: Thundurus\n|\n|win|Ufahh\n|raw|Swasome's rating: 1343 &rarr; <strong>1335<\/strong><br \/>(-8 for losing)\n|raw|Ufahh's rating: 1571 &rarr; <strong>1579<\/strong><br \/>(+8 for winning)\n","uploadtime":1701023157,"views":5,"p1id":"swasome","p2id":"ufahh","formatid":"gen9doublesou","rating":1335,"private":0,"password":""}