{"id":"gen9doublesou-1983887157","p1":"Amaranth","p2":"tyo","format":"[Gen 9] Doubles OU","log":"|j|\u2606Amaranth\n|j|\u2606tyo\n|t:|1699196283\n|gametype|doubles\n|player|p1|Amaranth|#amaranth|\n|player|p2|tyo|#vgcpliiizoruas|\n|teamsize|p1|6\n|teamsize|p2|6\n|gen|9\n|tier|[Gen 9] Doubles OU\n|rule|Species Clause: Limit one of each Pok\u00e9mon\n|rule|OHKO Clause: OHKO moves are banned\n|rule|Evasion Moves Clause: Evasion moves are banned\n|rule|Gravity Sleep Clause: The combination of sleep-inducing moves with imperfect accuracy and Gravity or Gigantamax Orbeetle are banned\n|rule|Endless Battle Clause: Forcing endless battles is banned\n|rule|HP Percentage Mod: HP is shown in percentages\n|clearpoke\n|poke|p1|Landorus-Therian, M|\n|poke|p1|Gholdengo|\n|poke|p1|Ogerpon-Hearthflame, F|\n|poke|p1|Palafin, M|\n|poke|p1|Tornadus, M|\n|poke|p1|Rillaboom, F|\n|poke|p2|Gholdengo|\n|poke|p2|Tornadus, M|\n|poke|p2|Brambleghast, F|\n|poke|p2|Regidrago|\n|poke|p2|Ogerpon, F|\n|poke|p2|Volcanion|\n|teampreview\n|inactive|Battle timer is ON: inactive players will automatically lose when time's up. (requested by tyo)\n|c|\u2606tyo|glhf\n|c|\u2606Amaranth|glhf\n|inactive|Amaranth has 270 seconds left.\n|j|+paolode99\n|\n|t:|1699196329\n|start\n|switch|p1a: Ogerpon|Ogerpon-Hearthflame, F|100\/100\n|switch|p1b: Landorus|Landorus-Therian, M|100\/100\n|switch|p2a: Brambleghast|Brambleghast, F|100\/100\n|switch|p2b: Tornadus|Tornadus, M|100\/100\n|-ability|p1a: Ogerpon|Mold Breaker\n|-ability|p1b: Landorus|Intimidate|boost\n|-unboost|p2a: Brambleghast|atk|1\n|-unboost|p2b: Tornadus|atk|1\n|turn|1\n|j| dinciu patata\n|j| AIRedzone\n|j| umbry \u273f\n|j| Ninja\n|c| AIRedzone|goooo tyo\n|j| Lunarr\n|j| barrabba\n|j| Entrocefalo\n|j| Feyette\n|j| seroo\n|c| Feyette|tealgerpon\n|c| Feyette|:0\n|inactive|Amaranth has 270 seconds left.\n|j| theyummybagel\n|j| F3rrari450\n|l| seroo\n|\n|t:|1699196366\n|switch|p2a: Volcanion|Volcanion|100\/100\n|-terastallize|p1a: Ogerpon|Fire\n|detailschange|p1a: Ogerpon|Ogerpon-Hearthflame-Tera, F, tera:Fire\n|-ability|p1a: Ogerpon|Embody Aspect (Hearthflame)|boost\n|-boost|p1a: Ogerpon|atk|1\n|move|p2b: Tornadus|Tailwind|p2b: Tornadus\n|-sidestart|p2: tyo|move: Tailwind\n|move|p1a: Ogerpon|Ivy Cudgel|p2b: Tornadus\n|-enditem|p2b: Tornadus|Focus Sash\n|-damage|p2b: Tornadus|1\/100\n|move|p1b: Landorus|U-turn|p2b: Tornadus\n|-resisted|p2b: Tornadus\n|-damage|p2b: Tornadus|0 fnt\n|faint|p2b: Tornadus\n|j| Faaagamer\n|inactive|Amaranth has 270 seconds left.\n|j| Mcthelegit\n|j|+sundays.n_sundaes\n|j| ratpacker\n|j| Adhiraj8202\n|j| WhoDatMan\n|j| Aurora (oz)\u2726\n|j| TGA\n|\n|t:|1699196383\n|switch|p1b: Tornadus|Tornadus, M|100\/100|[from] U-turn\n|\n|upkeep\n|\n|t:|1699196389\n|switch|p2b: Regidrago|Regidrago|100\/100\n|turn|2\n|j| Tessera\n|\n|t:|1699196397\n|move|p1a: Ogerpon|Spiky Shield|p1a: Ogerpon\n|-singleturn|p1a: Ogerpon|move: Protect\n|move|p1b: Tornadus|Tailwind|p1b: Tornadus\n|-sidestart|p1: Amaranth|move: Tailwind\n|move|p2b: Regidrago|Dragon Energy|p1a: Ogerpon|[spread] p1b\n|-activate|p1a: Ogerpon|move: Protect\n|-enditem|p1b: Tornadus|Focus Sash\n|-damage|p1b: Tornadus|1\/100\n|move|p2a: Volcanion|Steam Eruption|p1a: Ogerpon\n|-activate|p1a: Ogerpon|move: Protect\n|\n|upkeep\n|turn|3\n|c| Tessera|Gl tyo!!\n|j| AmoghOp(\n|j| seroo\n|j| sanjaydas\n|inactive|Amaranth has 270 seconds left.\n|\n|t:|1699196433\n|move|p2b: Regidrago|Protect|p2b: Regidrago\n|-singleturn|p2b: Regidrago|Protect\n|move|p1b: Tornadus|Sunny Day|p1b: Tornadus\n|-weather|SunnyDay\n|move|p1a: Ogerpon|Wood Hammer|p2a: Volcanion\n|-damage|p2a: Volcanion|14\/100\n|-damage|p1a: Ogerpon|66\/100|[from] Recoil\n|move|p2a: Volcanion|Steam Eruption|p1a: Ogerpon\n|-supereffective|p1a: Ogerpon\n|-damage|p1a: Ogerpon|10\/100\n|\n|-weather|SunnyDay|[upkeep]\n|upkeep\n|turn|4\n|c| WhoDatMan|go go tyo\n|\n|t:|1699196449\n|move|p1b: Tornadus|Bleakwind Storm|p2a: Volcanion|[spread] p2a,p2b\n|-damage|p2a: Volcanion|0 fnt\n|-damage|p2b: Regidrago|65\/100\n|faint|p2a: Volcanion\n|move|p1a: Ogerpon|Ivy Cudgel|p2b: Regidrago\n|-resisted|p2b: Regidrago\n|-crit|p2b: Regidrago\n|-damage|p2b: Regidrago|0 fnt\n|faint|p2b: Regidrago\n|\n|-weather|SunnyDay|[upkeep]\n|-sideend|p2: tyo|move: Tailwind\n|upkeep\n|\n|t:|1699196454\n|switch|p2b: Brambleghast|Brambleghast, F|100\/100\n|switch|p2a: Ogerpon|Ogerpon, F|100\/100\n|turn|5\n|inactive|Amaranth has 270 seconds left.\n|\n|t:|1699196485\n|switch|p1b: Landorus|Landorus-Therian, M|100\/100\n|-ability|p1b: Landorus|Intimidate|boost\n|-unboost|p2a: Ogerpon|atk|1\n|-ability|p2a: Ogerpon|Defiant|boost\n|-boost|p2a: Ogerpon|atk|2\n|-unboost|p2b: Brambleghast|atk|1\n|switch|p2a: Gholdengo|Gholdengo|100\/100\n|move|p1a: Ogerpon|Spiky Shield|p1a: Ogerpon\n|-singleturn|p1a: Ogerpon|move: Protect\n|move|p2b: Brambleghast|Shadow Sneak|p1a: Ogerpon\n|-activate|p1a: Ogerpon|move: Protect\n|-damage|p2b: Brambleghast|88\/100|[from] Spiky Shield|[of] p1a: Ogerpon\n|\n|-weather|SunnyDay|[upkeep]\n|-sideend|p1: Amaranth|move: Tailwind\n|upkeep\n|turn|6\n|j| Jello1231\n|l| Feyette\n|l|+sundays.n_sundaes\n|inactive|Amaranth has 270 seconds left.\n|j| Feyette\n|\n|t:|1699196518\n|switch|p1a: Palafin|Palafin, M|100\/100\n|switch|p2a: Ogerpon|Ogerpon, F|100\/100\n|move|p2b: Brambleghast|Shadow Sneak|p1a: Palafin\n|-damage|p1a: Palafin|78\/100\n|move|p1b: Landorus|U-turn|p2b: Brambleghast\n|-damage|p2b: Brambleghast|47\/100\n|j| Xrn\n|j|+sundays.n_sundaes\n|j| Tenzai\n|inactive|Amaranth has 240 seconds left.\n|\n|t:|1699196551\n|switch|p1b: Gholdengo|Gholdengo|100\/100|[from] U-turn\n|\n|-weather|SunnyDay|[upkeep]\n|upkeep\n|turn|7\n|\n|t:|1699196566\n|switch|p2b: Gholdengo|Gholdengo|100\/100\n|detailschange|p1a: Palafin|Palafin-Hero, M\n|switch|p1a: Landorus|Landorus-Therian, M|100\/100\n|-ability|p1a: Landorus|Intimidate|boost\n|-unboost|p2a: Ogerpon|atk|1\n|-ability|p2a: Ogerpon|Defiant|boost\n|-boost|p2a: Ogerpon|atk|2\n|-unboost|p2b: Gholdengo|atk|1\n|-terastallize|p2a: Ogerpon|Grass\n|detailschange|p2a: Ogerpon|Ogerpon-Teal-Tera, F, tera:Grass\n|-ability|p2a: Ogerpon|Embody Aspect (Teal)|boost\n|-boost|p2a: Ogerpon|spe|1\n|move|p1b: Gholdengo|Protect|p1b: Gholdengo\n|-singleturn|p1b: Gholdengo|Protect\n|move|p2a: Ogerpon|Wood Hammer|p1a: Landorus\n|-damage|p1a: Landorus|0 fnt\n|faint|p1a: Landorus\n|-damage|p2a: Ogerpon|63\/100|[from] Recoil\n|\n|-weather|none\n|upkeep\n|\n|t:|1699196574\n|switch|p1a: Tornadus|Tornadus, M|1\/100\n|turn|8\n|inactive|Amaranth has 270 seconds left.\n|\n|t:|1699196613\n|move|p1a: Tornadus|Tailwind|p1a: Tornadus\n|-sidestart|p1: Amaranth|move: Tailwind\n|move|p1b: Gholdengo|Make It Rain|p2b: Gholdengo|[spread] p2a,p2b\n|-resisted|p2b: Gholdengo\n|-damage|p2a: Ogerpon|14\/100\n|-damage|p2b: Gholdengo|73\/100\n|-unboost|p1b: Gholdengo|spa|1\n|move|p2a: Ogerpon|Wood Hammer|p1a: Tornadus\n|-resisted|p1a: Tornadus\n|-damage|p1a: Tornadus|0 fnt\n|faint|p1a: Tornadus\n|-damage|p2a: Ogerpon|14\/100|[from] Recoil\n|move|p2b: Gholdengo|Shadow Ball|p1b: Gholdengo\n|-supereffective|p1b: Gholdengo\n|-damage|p1b: Gholdengo|0 fnt\n|faint|p1b: Gholdengo\n|\n|upkeep\n|inactive|Amaranth has 240 seconds left.\n|l|+sundays.n_sundaes\n|\n|t:|1699196657\n|switch|p1a: Palafin|Palafin-Hero, M|78\/100\n|switch|p1b: Ogerpon|Ogerpon-Hearthflame-Tera, F, tera:Fire|10\/100\n|-ability|p1b: Ogerpon|Embody Aspect (Hearthflame)|boost\n|-boost|p1b: Ogerpon|atk|1\n|-activate|p1a: Palafin|ability: Zero to Hero\n|turn|9\n|j| ZxBLADe\n|inactive|Amaranth has 240 seconds left.\n|\n|t:|1699196669\n|move|p2a: Ogerpon|Follow Me|p2a: Ogerpon\n|-singleturn|p2a: Ogerpon|move: Follow Me\n|move|p1b: Ogerpon|Ivy Cudgel|p2a: Ogerpon\n|-supereffective|p2a: Ogerpon\n|-damage|p2a: Ogerpon|0 fnt\n|faint|p2a: Ogerpon\n|move|p1a: Palafin|Drain Punch|p2b: Gholdengo\n|-immune|p2b: Gholdengo\n|move|p2b: Gholdengo|Shadow Ball|p1a: Palafin\n|-damage|p1a: Palafin|29\/100\n|\n|upkeep\n|\n|t:|1699196673\n|switch|p2a: Brambleghast|Brambleghast, F|47\/100\n|turn|10\n|j|+sundays.n_sundaes\n|\n|t:|1699196700\n|move|p1b: Ogerpon|Spiky Shield|p1b: Ogerpon\n|-singleturn|p1b: Ogerpon|move: Protect\n|move|p1a: Palafin|Jet Punch|p2a: Brambleghast\n|-resisted|p2a: Brambleghast\n|-damage|p2a: Brambleghast|20\/100\n|move|p2a: Brambleghast|Shadow Sneak|p1b: Ogerpon\n|-activate|p1b: Ogerpon|move: Protect\n|-damage|p2a: Brambleghast|7\/100|[from] Spiky Shield|[of] p1b: Ogerpon\n|move|p2b: Gholdengo|Shadow Ball|p1a: Palafin\n|-crit|p1a: Palafin\n|-damage|p1a: Palafin|0 fnt\n|faint|p1a: Palafin\n|\n|upkeep\n|\n|t:|1699196710\n|switch|p1a: Rillaboom|Rillaboom, F|100\/100\n|-fieldstart|move: Grassy Terrain|[from] ability: Grassy Surge|[of] p1a: Rillaboom\n|turn|11\n|l| Aurora (oz)\u2726\n|\n|t:|1699196715\n|move|p1a: Rillaboom|Grassy Glide|p2a: Brambleghast\n|-resisted|p2a: Brambleghast\n|-damage|p2a: Brambleghast|0 fnt\n|faint|p2a: Brambleghast\n|move|p1b: Ogerpon|Ivy Cudgel|p2b: Gholdengo\n|-supereffective|p2b: Gholdengo\n|-damage|p2b: Gholdengo|0 fnt\n|faint|p2b: Gholdengo\n|\n|win|Amaranth\n|c|\u2606Amaranth|gg\n|c|\u2606tyo|gg\n","uploadtime":1699196721,"views":188,"p1id":"amaranth","p2id":"tyo","formatid":"gen9doublesou","rating":0,"private":0,"password":""}