{"id":"gen9doublesou-2000147621","p1":"Kaiyedy","p2":"Cryptic_Brawler","format":"[Gen 9] Doubles OU","log":"|j|\u2606Kaiyedy\n|j|\u203dCryptic_Brawler\n|t:|1701163105\n|gametype|doubles\n|player|p1|Kaiyedy|ruinmaniac|1072\n|player|p2|Cryptic_Brawler|ghetsis-gen5bw|1171\n|teamsize|p1|6\n|teamsize|p2|6\n|gen|9\n|tier|[Gen 9] Doubles OU\n|rated|\n|rule|Species Clause: Limit one of each Pok\u00e9mon\n|rule|OHKO Clause: OHKO moves are banned\n|rule|Evasion Moves Clause: Evasion moves are banned\n|rule|Gravity Sleep Clause: The combination of sleep-inducing moves with imperfect accuracy and Gravity or Gigantamax Orbeetle are banned\n|rule|Endless Battle Clause: Forcing endless battles is banned\n|rule|HP Percentage Mod: HP is shown in percentages\n|clearpoke\n|poke|p1|Glimmora, M|\n|poke|p1|Maushold|\n|poke|p1|Cresselia, F|\n|poke|p1|Gastrodon, F|\n|poke|p1|Toedscruel, M|\n|poke|p1|Pawmot, M|\n|poke|p2|Espathra, F|\n|poke|p2|Ogerpon-Wellspring, F|\n|poke|p2|Roaring Moon|\n|poke|p2|Politoed, F|\n|poke|p2|Noivern, F|\n|poke|p2|Cinderace, M|\n|teampreview\n|\n|t:|1701163116\n|start\n|switch|p1a: Glimmora|Glimmora, M|100\/100\n|switch|p1b: Toedscruel|Toedscruel, M|100\/100\n|switch|p2a: Espathra|Espathra, F|100\/100\n|switch|p2b: Ogerpon|Ogerpon-Wellspring, F|100\/100\n|turn|1\n|\n|t:|1701163123\n|move|p2b: Ogerpon|Follow Me|p2b: Ogerpon\n|-singleturn|p2b: Ogerpon|move: Follow Me\n|move|p2a: Espathra|Calm Mind|p2a: Espathra\n|-boost|p2a: Espathra|spa|1\n|-boost|p2a: Espathra|spd|1\n|move|p1a: Glimmora|Stealth Rock|p2b: Ogerpon\n|-sidestart|p2: Cryptic_Brawler|move: Stealth Rock\n|move|p1b: Toedscruel|Spore|p2b: Ogerpon\n|-immune|p2b: Ogerpon\n|\n|-ability|p2a: Espathra|Speed Boost|boost\n|-boost|p2a: Espathra|spe|1\n|upkeep\n|turn|2\n|\n|t:|1701163151\n|switch|p1b: Gastrodon|Gastrodon, F|100\/100\n|move|p2a: Espathra|Protect|p2a: Espathra\n|-singleturn|p2a: Espathra|Protect\n|move|p2b: Ogerpon|Protect|p2b: Ogerpon\n|-singleturn|p2b: Ogerpon|Protect\n|move|p1a: Glimmora|Spikes|p2b: Ogerpon\n|-sidestart|p2: Cryptic_Brawler|Spikes\n|\n|-ability|p2a: Espathra|Speed Boost|boost\n|-boost|p2a: Espathra|spe|1\n|upkeep\n|turn|3\n|\n|t:|1701163171\n|move|p2b: Ogerpon|Follow Me|p2b: Ogerpon\n|-singleturn|p2b: Ogerpon|move: Follow Me\n|move|p2a: Espathra|Calm Mind|p2a: Espathra\n|-boost|p2a: Espathra|spa|1\n|-boost|p2a: Espathra|spd|1\n|move|p1a: Glimmora|Spikes|p2a: Espathra\n|-sidestart|p2: Cryptic_Brawler|Spikes\n|move|p1b: Gastrodon|Icy Wind|p2b: Ogerpon|[spread] p2a\n|-miss|p1b: Gastrodon|p2b: Ogerpon\n|-damage|p2a: Espathra|91\/100\n|-unboost|p2a: Espathra|spe|1\n|\n|-heal|p2a: Espathra|97\/100|[from] item: Leftovers\n|-ability|p2a: Espathra|Speed Boost|boost\n|-boost|p2a: Espathra|spe|1\n|upkeep\n|turn|4\n|\n|t:|1701163195\n|move|p2b: Ogerpon|Follow Me|p2b: Ogerpon\n|-singleturn|p2b: Ogerpon|move: Follow Me\n|move|p2a: Espathra|Calm Mind|p2a: Espathra\n|-boost|p2a: Espathra|spa|1\n|-boost|p2a: Espathra|spd|1\n|move|p1a: Glimmora|Spikes|p2a: Espathra\n|-sidestart|p2: Cryptic_Brawler|Spikes\n|move|p1b: Gastrodon|Icy Wind|p2a: Espathra|[spread] p2a,p2b\n|-crit|p2a: Espathra\n|-damage|p2a: Espathra|65\/100\n|-damage|p2b: Ogerpon|88\/100\n|-unboost|p2a: Espathra|spe|1\n|-unboost|p2b: Ogerpon|spe|1\n|\n|-heal|p2a: Espathra|71\/100|[from] item: Leftovers\n|-ability|p2a: Espathra|Speed Boost|boost\n|-boost|p2a: Espathra|spe|1\n|upkeep\n|turn|5\n|\n|t:|1701163210\n|move|p2b: Ogerpon|Helping Hand|p2a: Espathra\n|-singleturn|p2a: Espathra|Helping Hand|[of] p2b: Ogerpon\n|move|p2a: Espathra|Stored Power|p1b: Gastrodon\n|-damage|p1b: Gastrodon|0 fnt\n|faint|p1b: Gastrodon\n|move|p1a: Glimmora|Rock Slide|p2a: Espathra|[spread] p2a,p2b\n|-damage|p2a: Espathra|54\/100\n|-damage|p2b: Ogerpon|77\/100\n|\n|-heal|p2a: Espathra|60\/100|[from] item: Leftovers\n|-ability|p2a: Espathra|Speed Boost|boost\n|-boost|p2a: Espathra|spe|1\n|upkeep\n|\n|t:|1701163229\n|switch|p1b: Toedscruel|Toedscruel, M|100\/100\n|turn|6\n|\n|t:|1701163258\n|move|p2b: Ogerpon|Helping Hand|p2a: Espathra\n|-singleturn|p2a: Espathra|Helping Hand|[of] p2b: Ogerpon\n|move|p2a: Espathra|Stored Power|p1b: Toedscruel\n|-damage|p1b: Toedscruel|0 fnt\n|faint|p1b: Toedscruel\n|move|p1a: Glimmora|Rock Slide|p2a: Espathra|[spread] p2a,p2b\n|-damage|p2a: Espathra|43\/100\n|-damage|p2b: Ogerpon|64\/100\n|\n|-heal|p2a: Espathra|49\/100|[from] item: Leftovers\n|-ability|p2a: Espathra|Speed Boost|boost\n|-boost|p2a: Espathra|spe|1\n|upkeep\n|\n|t:|1701163267\n|switch|p1b: Cresselia|Cresselia, F|100\/100\n|turn|7\n|inactive|Battle timer is ON: inactive players will automatically lose when time's up. (requested by Cryptic_Brawler)\n|\n|t:|1701163277\n|move|p2b: Ogerpon|Helping Hand|p2a: Espathra\n|-singleturn|p2a: Espathra|Helping Hand|[of] p2b: Ogerpon\n|move|p2a: Espathra|Stored Power|p1b: Cresselia\n|-resisted|p1b: Cresselia\n|-damage|p1b: Cresselia|0 fnt\n|faint|p1b: Cresselia\n|move|p1a: Glimmora|Rock Slide|p2b: Ogerpon|[spread] p2a,p2b\n|-crit|p2b: Ogerpon\n|-damage|p2a: Espathra|32\/100\n|-damage|p2b: Ogerpon|48\/100\n|\n|-heal|p2a: Espathra|38\/100|[from] item: Leftovers\n|-ability|p2a: Espathra|Speed Boost|boost\n|-boost|p2a: Espathra|spe|1\n|upkeep\n|\n|t:|1701163283\n|switch|p1b: Maushold|Maushold|100\/100\n|turn|8\n|\n|t:|1701163300\n|-terastallize|p2a: Espathra|Steel\n|move|p2b: Ogerpon|Helping Hand|p2a: Espathra\n|-singleturn|p2a: Espathra|Helping Hand|[of] p2b: Ogerpon\n|move|p1b: Maushold|Protect|p1b: Maushold\n|-singleturn|p1b: Maushold|Protect\n|move|p2a: Espathra|Stored Power|p1a: Glimmora\n|-supereffective|p1a: Glimmora\n|-damage|p1a: Glimmora|0 fnt\n|faint|p1a: Glimmora\n|\n|-heal|p2a: Espathra|44\/100|[from] item: Leftovers\n|-ability|p2a: Espathra|Speed Boost|boost\n|-boost|p2a: Espathra|spe|1\n|upkeep\n|inactive|Kaiyedy has 120 seconds left.\n|\n|t:|1701163330\n|switch|p1a: Pawmot|Pawmot, M|100\/100\n|turn|9\n|\n|t:|1701163340\n|move|p2b: Ogerpon|Follow Me|p2b: Ogerpon\n|-singleturn|p2b: Ogerpon|move: Follow Me\n|move|p1a: Pawmot|Mach Punch|p2b: Ogerpon\n|-damage|p2b: Ogerpon|29\/100\n|move|p2a: Espathra|Stored Power|p1a: Pawmot\n|-supereffective|p1a: Pawmot\n|-damage|p1a: Pawmot|0 fnt\n|faint|p1a: Pawmot\n|move|p1b: Maushold|Population Bomb|p2b: Ogerpon\n|-damage|p2b: Ogerpon|17\/100\n|-damage|p2b: Ogerpon|6\/100\n|-damage|p2b: Ogerpon|0 fnt\n|faint|p2b: Ogerpon\n|-hitcount|p2: Ogerpon|3\n|\n|-heal|p2a: Espathra|50\/100|[from] item: Leftovers\n|upkeep\n|\n|t:|1701163350\n|switch|p2b: Cinderace|Cinderace, M|100\/100\n|-damage|p2b: Cinderace|76\/100|[from] Stealth Rock\n|-damage|p2b: Cinderace|51\/100|[from] Spikes\n|turn|10\n|\n|t:|1701163361\n|-terastallize|p1b: Maushold|Ghost\n|move|p2a: Espathra|Stored Power|p1b: Maushold\n|-damage|p1b: Maushold|0 fnt\n|faint|p1b: Maushold\n|\n|win|Cryptic_Brawler\n|raw|Kaiyedy's rating: 1072 &rarr; <strong>1057<\/strong><br \/>(-15 for losing)\n|raw|Cryptic_Brawler's rating: 1171 &rarr; <strong>1189<\/strong><br \/>(+18 for winning)\n|l|\u2606Kaiyedy\n","uploadtime":1701163366,"views":11,"p1id":"kaiyedy","p2id":"crypticbrawler","formatid":"gen9doublesou","rating":1057,"private":0,"password":""}