{"id":"gen9doublesou-1986897148","p1":"Sach2203","p2":"Kinqidiot","format":"[Gen 9] Doubles OU","log":"|j|\u2606Sach2203\n|j|\u2606Kinqidiot\n|t:|1699538913\n|gametype|doubles\n|player|p1|Sach2203|pokemaniac|1073\n|player|p2|Kinqidiot|n|1032\n|teamsize|p1|6\n|teamsize|p2|6\n|gen|9\n|tier|[Gen 9] Doubles OU\n|rated|\n|rule|Species Clause: Limit one of each Pok\u00e9mon\n|rule|OHKO Clause: OHKO moves are banned\n|rule|Evasion Moves Clause: Evasion moves are banned\n|rule|Gravity Sleep Clause: The combination of sleep-inducing moves with imperfect accuracy and Gravity or Gigantamax Orbeetle are banned\n|rule|Endless Battle Clause: Forcing endless battles is banned\n|rule|HP Percentage Mod: HP is shown in percentages\n|clearpoke\n|poke|p1|Politoed, F|\n|poke|p1|Torkoal, M|\n|poke|p1|Kilowattrel, M|\n|poke|p1|Scovillain, M|\n|poke|p1|Tornadus, M|\n|poke|p1|Arcanine-Hisui, F|\n|poke|p2|Gardevoir, F|\n|poke|p2|Grimmsnarl, M|\n|poke|p2|Indeedee-F, F|\n|poke|p2|Armarouge, M|\n|poke|p2|Sylveon, F|\n|poke|p2|Enamorus-Therian, F|\n|teampreview\n|inactive|Battle timer is ON: inactive players will automatically lose when time's up. (requested by Kinqidiot)\n|\n|t:|1699538950\n|start\n|switch|p1a: Tornadus|Tornadus, M|100\/100\n|switch|p1b: Politoed|Politoed, F, shiny|100\/100\n|switch|p2a: Gardevoir|Gardevoir, F, shiny|100\/100\n|switch|p2b: Grimmsnarl|Grimmsnarl, M, shiny|100\/100\n|-weather|RainDance|[from] ability: Drizzle|[of] p1b: Politoed\n|turn|1\n|\n|t:|1699538974\n|move|p1b: Politoed|Protect|p1b: Politoed\n|-singleturn|p1b: Politoed|Protect\n|move|p1a: Tornadus|Tailwind|p1a: Tornadus\n|-sidestart|p1: Sach2203|move: Tailwind\n|move|p2b: Grimmsnarl|Taunt|p1a: Tornadus\n|-start|p1a: Tornadus|move: Taunt\n|move|p2a: Gardevoir|Misty Terrain|p2a: Gardevoir\n|-fieldstart|move: Misty Terrain\n|\n|-weather|RainDance|[upkeep]\n|upkeep\n|turn|2\n|\n|t:|1699538989\n|move|p2b: Grimmsnarl|Light Screen|p2b: Grimmsnarl\n|-sidestart|p2: Kinqidiot|move: Light Screen\n|move|p1a: Tornadus|Knock Off|p2a: Gardevoir\n|-damage|p2a: Gardevoir|47\/100\n|-enditem|p2a: Gardevoir|Custap Berry|[from] move: Knock Off|[of] p1a: Tornadus\n|move|p1b: Politoed|Perish Song|p1b: Politoed\n|-start|p1a: Tornadus|perish3|[silent]\n|-start|p1b: Politoed|perish3|[silent]\n|-start|p2a: Gardevoir|perish3|[silent]\n|-start|p2b: Grimmsnarl|perish3|[silent]\n|-fieldactivate|move: Perish Song\n|move|p2a: Gardevoir|Misty Explosion|p1a: Tornadus|[spread] p2b,p1a,p1b\n|-supereffective|p2b: Grimmsnarl\n|-damage|p2b: Grimmsnarl|21\/100\n|-damage|p1a: Tornadus|24\/100\n|-damage|p1b: Politoed|51\/100\n|faint|p2a: Gardevoir\n|\n|-weather|RainDance|[upkeep]\n|-heal|p1a: Tornadus|30\/100|[from] item: Leftovers\n|-start|p1a: Tornadus|perish3\n|-start|p1b: Politoed|perish3\n|-start|p2b: Grimmsnarl|perish3\n|upkeep\n|\n|t:|1699539009\n|switch|p2a: Sylveon|Sylveon, F|100\/100\n|turn|3\n|\n|t:|1699539022\n|switch|p1b: Torkoal|Torkoal, M|100\/100\n|-weather|SunnyDay|[from] ability: Drought|[of] p1b: Torkoal\n|move|p2b: Grimmsnarl|Taunt|p1b: Torkoal\n|-start|p1b: Torkoal|move: Taunt\n|move|p1a: Tornadus|Air Slash|p2b: Grimmsnarl\n|-damage|p2b: Grimmsnarl|0 fnt\n|faint|p2b: Grimmsnarl\n|move|p2a: Sylveon|Hyper Voice|p1b: Torkoal|[spread] p1a,p1b\n|-resisted|p1b: Torkoal\n|-damage|p1a: Tornadus|0 fnt\n|-damage|p1b: Torkoal|79\/100\n|faint|p1a: Tornadus\n|-enditem|p2a: Sylveon|Throat Spray\n|-boost|p2a: Sylveon|spa|1|[from] item: Throat Spray\n|\n|-weather|SunnyDay|[upkeep]\n|-heal|p1b: Torkoal|85\/100|[from] item: Leftovers\n|upkeep\n|\n|t:|1699539041\n|switch|p1a: Scovillain|Scovillain, M|100\/100\n|switch|p2b: Enamorus|Enamorus-Therian, F|100\/100\n|turn|4\n|\n|t:|1699539053\n|move|p1a: Scovillain|Growth|p1a: Scovillain\n|-boost|p1a: Scovillain|atk|2\n|-boost|p1a: Scovillain|spa|2\n|move|p2a: Sylveon|Hyper Voice|p1a: Scovillain|[spread] p1a,p1b\n|-resisted|p1a: Scovillain\n|-resisted|p1b: Torkoal\n|-damage|p1a: Scovillain|59\/100\n|-damage|p1b: Torkoal|53\/100\n|move|p1b: Torkoal|Weather Ball|p2a: Sylveon\n|-damage|p2a: Sylveon|81\/100\n|move|p2b: Enamorus|Calm Mind|p2b: Enamorus\n|-boost|p2b: Enamorus|spa|1\n|-boost|p2b: Enamorus|spd|1\n|\n|-weather|SunnyDay|[upkeep]\n|-heal|p1b: Torkoal|59\/100|[from] item: Leftovers\n|-sideend|p1: Sach2203|move: Tailwind\n|upkeep\n|turn|5\n|\n|t:|1699539078\n|move|p1a: Scovillain|Flamethrower|p2b: Enamorus\n|-damage|p2b: Enamorus|51\/100\n|move|p2a: Sylveon|Hyper Voice|p1b: Torkoal|[spread] p1a,p1b\n|-resisted|p1a: Scovillain\n|-resisted|p1b: Torkoal\n|-damage|p1a: Scovillain|16\/100\n|-damage|p1b: Torkoal|25\/100\n|-enditem|p1a: Scovillain|Sitrus Berry|[eat]\n|-heal|p1a: Scovillain|41\/100|[from] item: Sitrus Berry\n|move|p2b: Enamorus|Mystical Fire|p1a: Scovillain\n|-damage|p1a: Scovillain|0 fnt\n|faint|p1a: Scovillain\n|move|p1b: Torkoal|Weather Ball|p2b: Enamorus\n|-damage|p2b: Enamorus|35\/100\n|\n|-weather|SunnyDay|[upkeep]\n|-heal|p1b: Torkoal|31\/100|[from] item: Leftovers\n|-end|p1b: Torkoal|move: Taunt\n|-fieldend|Misty Terrain\n|upkeep\n|inactive|Sach2203 has 120 seconds left.\n|\n|t:|1699539096\n|switch|p1a: Arcanine|Arcanine-Hisui, F, shiny|100\/100\n|turn|6\n|\n|t:|1699539112\n|-terastallize|p2a: Sylveon|Water\n|move|p1a: Arcanine|Rock Slide|p2a: Sylveon|[spread] p2a,p2b\n|-crit|p2a: Sylveon\n|-supereffective|p2b: Enamorus\n|-damage|p2a: Sylveon|28\/100\n|-damage|p2b: Enamorus|0 fnt\n|faint|p2b: Enamorus\n|move|p2a: Sylveon|Tera Blast|p1a: Arcanine|[anim] Tera Blast Water\n|-supereffective|p1a: Arcanine\n|-damage|p1a: Arcanine|0 fnt\n|faint|p1a: Arcanine\n|move|p1b: Torkoal|Yawn|p2a: Sylveon\n|-start|p2a: Sylveon|move: Yawn|[of] p1b: Torkoal\n|\n|-weather|SunnyDay|[upkeep]\n|-heal|p1b: Torkoal|38\/100|[from] item: Leftovers\n|upkeep\n|\n|t:|1699539129\n|switch|p1a: Kilowattrel|Kilowattrel, M|100\/100\n|switch|p2b: Indeedee|Indeedee-F, F, shiny|100\/100\n|-fieldstart|move: Psychic Terrain|[from] ability: Psychic Surge|[of] p2b: Indeedee\n|turn|7\n|\n|t:|1699539143\n|move|p1a: Kilowattrel|Volt Switch|p2a: Sylveon\n|-supereffective|p2a: Sylveon\n|-damage|p2a: Sylveon|0 fnt\n|faint|p2a: Sylveon\n|\n|t:|1699539161\n|switch|p1a: Politoed|Politoed, F, shiny|51\/100|[from] Volt Switch\n|-weather|RainDance|[from] ability: Drizzle|[of] p1a: Politoed\n|move|p2b: Indeedee|Dazzling Gleam|p1b: Torkoal|[spread] p1a,p1b\n|-resisted|p1b: Torkoal\n|-damage|p1a: Politoed|39\/100\n|-damage|p1b: Torkoal|30\/100\n|move|p1b: Torkoal|Stealth Rock|p2b: Indeedee\n|-sidestart|p2: Kinqidiot|move: Stealth Rock\n|\n|-weather|RainDance|[upkeep]\n|-heal|p1b: Torkoal|36\/100|[from] item: Leftovers\n|upkeep\n|\n|t:|1699539174\n|switch|p2a: Armarouge|Armarouge, M, shiny|100\/100\n|-damage|p2a: Armarouge|75\/100|[from] Stealth Rock\n|-enditem|p2a: Armarouge|Psychic Seed\n|-boost|p2a: Armarouge|spd|1|[from] item: Psychic Seed\n|turn|8\n|\n|t:|1699539186\n|move|p2b: Indeedee|Follow Me|p2b: Indeedee\n|-singleturn|p2b: Indeedee|move: Follow Me\n|move|p2a: Armarouge|Expanding Force|p1b: Torkoal|[spread] p1a,p1b\n|-damage|p1a: Politoed|0 fnt\n|-damage|p1b: Torkoal|0 fnt\n|faint|p1a: Politoed\n|faint|p1b: Torkoal\n|\n|-weather|RainDance|[upkeep]\n|upkeep\n|\n|t:|1699539194\n|switch|p1b: Kilowattrel|Kilowattrel, M|100\/100\n|turn|9\n|\n|t:|1699539199\n|move|p2b: Indeedee|Follow Me|p2b: Indeedee\n|-singleturn|p2b: Indeedee|move: Follow Me\n|move|p1b: Kilowattrel|Thunder|p2b: Indeedee\n|-crit|p2b: Indeedee\n|-damage|p2b: Indeedee|35\/100\n|move|p2a: Armarouge|Expanding Force|p1b: Kilowattrel\n|-damage|p1b: Kilowattrel|0 fnt\n|faint|p1b: Kilowattrel\n|\n|win|Kinqidiot\n|raw|Sach2203's rating: 1073 &rarr; <strong>1050<\/strong><br \/>(-23 for losing)\n|raw|Kinqidiot's rating: 1032 &rarr; <strong>1071<\/strong><br \/>(+39 for winning)\n|l|\u2606Sach2203\n","uploadtime":1699539212,"views":25,"p1id":"sach2203","p2id":"kinqidiot","formatid":"gen9doublesou","rating":1050,"private":0,"password":""}