{"id":"gen9doublesou-1979128625","p1":"Gibbygod","p2":"Fire410","format":"[Gen 9] Doubles OU","log":"|j|\u2606Gibbygod\n|j|\u2606Fire410\n|t:|1698636087\n|gametype|doubles\n|player|p1|Gibbygod|hooligans|1314\n|player|p2|Fire410|koga|1332\n|teamsize|p1|6\n|teamsize|p2|6\n|gen|9\n|tier|[Gen 9] Doubles OU\n|rated|\n|rule|Species Clause: Limit one of each Pok\u00e9mon\n|rule|OHKO Clause: OHKO moves are banned\n|rule|Evasion Moves Clause: Evasion moves are banned\n|rule|Gravity Sleep Clause: The combination of sleep-inducing moves with imperfect accuracy and Gravity or Gigantamax Orbeetle are banned\n|rule|Endless Battle Clause: Forcing endless battles is banned\n|rule|HP Percentage Mod: HP is shown in percentages\n|clearpoke\n|poke|p1|Kingambit, F|\n|poke|p1|Amoonguss, M|\n|poke|p1|Garganacl, F|\n|poke|p1|Diancie|\n|poke|p1|Volcarona, F|\n|poke|p1|Heatran, M|\n|poke|p2|Iron Hands|\n|poke|p2|Landorus-Therian, M|\n|poke|p2|Ogerpon-Wellspring, F|\n|poke|p2|Tornadus, M|\n|poke|p2|Sinistcha-Masterpiece|\n|poke|p2|Iron Bundle|\n|teampreview\n|\n|t:|1698636112\n|start\n|switch|p1a: car crash|Diancie|100\/100\n|switch|p1b: ran|Heatran, M|100\/100\n|switch|p2a: Tornadus|Tornadus, M|100\/100\n|switch|p2b: Ogerpon|Ogerpon-Wellspring, F|100\/100\n|turn|1\n|inactive|Battle timer is ON: inactive players will automatically lose when time's up. (requested by Fire410)\n|\n|t:|1698636165\n|-terastallize|p2b: Ogerpon|Water\n|detailschange|p2b: Ogerpon|Ogerpon-Wellspring-Tera, F, tera:Water\n|-ability|p2b: Ogerpon|Embody Aspect (Wellspring)|boost\n|-boost|p2b: Ogerpon|spd|1\n|-terastallize|p1b: ran|Grass\n|move|p2a: Tornadus|Rain Dance|p2a: Tornadus\n|-weather|RainDance\n|move|p2b: Ogerpon|Swords Dance|p2b: Ogerpon\n|-boost|p2b: Ogerpon|atk|2\n|move|p1b: ran|Heat Wave|p2a: Tornadus|[spread] p2a,p2b\n|-resisted|p2b: Ogerpon\n|-damage|p2a: Tornadus|77\/100\n|-damage|p2b: Ogerpon|93\/100\n|move|p1a: car crash|Trick Room|p1a: car crash\n|-fieldstart|move: Trick Room|[of] p1a: car crash\n|\n|-weather|RainDance|[upkeep]\n|upkeep\n|turn|2\n|\n|t:|1698636184\n|move|p2b: Ogerpon|Spiky Shield|p2b: Ogerpon\n|-singleturn|p2b: Ogerpon|move: Protect\n|move|p1a: car crash|Diamond Storm|p2a: Tornadus|[spread] p2a\n|-activate|p2b: Ogerpon|move: Protect\n|-supereffective|p2a: Tornadus\n|-damage|p2a: Tornadus|0 fnt\n|faint|p2a: Tornadus\n|move|p1b: ran|Tera Blast|p2b: Ogerpon|[anim] Tera Blast Grass\n|-activate|p2b: Ogerpon|move: Protect\n|\n|-weather|RainDance|[upkeep]\n|upkeep\n|\n|t:|1698636195\n|switch|p2a: Iron Hands|Iron Hands|100\/100\n|turn|3\n|c|\u2606Fire410|i didnt know she got trick room\n|c|\u2606Fire410|Wouldve played that way different\n|c|\u2606Gibbygod|fair and valid\n|inactive|Gibbygod has 120 seconds left.\n|\n|t:|1698636231\n|move|p2a: Iron Hands|Fake Out|p1b: ran\n|-damage|p1b: ran|87\/100\n|move|p1a: car crash|Diamond Storm|p2a: Iron Hands|[spread] p2a,p2b\n|-resisted|p2a: Iron Hands\n|-damage|p2a: Iron Hands|90\/100\n|-damage|p2b: Ogerpon|48\/100\n|-boost|p1a: car crash|def|2\n|cant|p1b: ran|flinch\n|move|p2b: Ogerpon|Ivy Cudgel|p1a: car crash\n|-supereffective|p1a: car crash\n|-damage|p1a: car crash|0 fnt\n|faint|p1a: car crash\n|\n|-weather|RainDance|[upkeep]\n|-heal|p2a: Iron Hands|96\/100|[from] item: Leftovers\n|upkeep\n|c|\u2606Gibbygod|was hoping that def boost could clutch\n|c|\u2606Fire410|haha\n|\n|t:|1698636257\n|switch|p1a: obvious joke|Amoonguss, M, shiny|100\/100\n|turn|4\n|c|\u2606Fire410|Swords dance plus rain is to much\n|\n|t:|1698636273\n|move|p2b: Ogerpon|Spiky Shield|p2b: Ogerpon\n|-singleturn|p2b: Ogerpon|move: Protect\n|move|p1a: obvious joke|Spore|p2a: Iron Hands\n|-status|p2a: Iron Hands|slp|[from] move: Spore\n|cant|p2a: Iron Hands|slp\n|move|p1b: ran|Tera Blast|p2b: Ogerpon|[anim] Tera Blast Grass\n|-activate|p2b: Ogerpon|move: Protect\n|\n|-weather|RainDance|[upkeep]\n|-heal|p2a: Iron Hands|100\/100 slp|[from] item: Leftovers\n|upkeep\n|turn|5\n|inactive|Gibbygod has 120 seconds left.\n|\n|t:|1698636291\n|switch|p2b: Sinistcha|Sinistcha-Masterpiece|100\/100\n|move|p1a: obvious joke|Rage Powder|p1a: obvious joke\n|-singleturn|p1a: obvious joke|move: Rage Powder\n|-curestatus|p2a: Iron Hands|slp|[msg]\n|move|p2a: Iron Hands|Ice Punch|p1a: obvious joke\n|-supereffective|p1a: obvious joke\n|-damage|p1a: obvious joke|55\/100\n|move|p1b: ran|Tera Blast|p2b: Sinistcha|[anim] Tera Blast Grass\n|-resisted|p2b: Sinistcha\n|-damage|p2b: Sinistcha|76\/100\n|\n|-weather|none\n|-fieldend|move: Trick Room\n|upkeep\n|turn|6\n|\n|t:|1698636312\n|move|p1a: obvious joke|Rage Powder|p1a: obvious joke\n|-singleturn|p1a: obvious joke|move: Rage Powder\n|move|p1b: ran|Heat Wave|p2a: Iron Hands|[spread] p2a,p2b\n|-supereffective|p2b: Sinistcha\n|-damage|p2a: Iron Hands|61\/100\n|-damage|p2b: Sinistcha|3\/100\n|move|p2b: Sinistcha|Matcha Gotcha|p1a: obvious joke|[spread] p1a,p1b\n|-resisted|p1a: obvious joke\n|-resisted|p1b: ran\n|-damage|p1a: obvious joke|50\/100\n|-heal|p2b: Sinistcha|6\/100|[from] drain|[of] p1a: obvious joke\n|-damage|p1b: ran|80\/100\n|-heal|p2b: Sinistcha|10\/100|[from] drain|[of] p1b: ran\n|-status|p1b: ran|brn\n|-enditem|p1a: obvious joke|Sitrus Berry|[eat]\n|-heal|p1a: obvious joke|75\/100|[from] item: Sitrus Berry\n|move|p2a: Iron Hands|Ice Punch|p1a: obvious joke\n|-supereffective|p1a: obvious joke\n|-damage|p1a: obvious joke|24\/100\n|\n|-heal|p2a: Iron Hands|67\/100|[from] item: Leftovers\n|-damage|p1b: ran|74\/100 brn|[from] brn\n|upkeep\n|turn|7\n|\n|t:|1698636340\n|switch|p2b: Landorus|Landorus-Therian, M|100\/100\n|-ability|p2b: Landorus|Intimidate|boost\n|-unboost|p1a: obvious joke|atk|1\n|-unboost|p1b: ran|atk|1\n|move|p1b: ran|Heat Wave|p2a: Iron Hands|[spread] p2a,p2b\n|-damage|p2a: Iron Hands|31\/100\n|-damage|p2b: Landorus|40\/100\n|move|p2a: Iron Hands|Ice Punch|p1a: obvious joke\n|-supereffective|p1a: obvious joke\n|-damage|p1a: obvious joke|0 fnt\n|faint|p1a: obvious joke\n|\n|-heal|p2a: Iron Hands|37\/100|[from] item: Leftovers\n|-damage|p1b: ran|68\/100 brn|[from] brn\n|upkeep\n|\n|t:|1698636353\n|switch|p1a: Table|Garganacl, F, shiny|100\/100\n|turn|8\n|\n|t:|1698636360\n|move|p1a: Table|Wide Guard|p1a: Table\n|-singleturn|p1a: Table|Wide Guard\n|move|p2b: Landorus|Stomping Tantrum|p1a: Table\n|-supereffective|p1a: Table\n|-damage|p1a: Table|45\/100\n|move|p1b: ran|Heat Wave|p2a: Iron Hands|[spread] p2a,p2b\n|-damage|p2a: Iron Hands|0 fnt\n|-damage|p2b: Landorus|0 fnt\n|faint|p2a: Iron Hands\n|-end|p2a: Iron Hands|Quark Drive|[silent]\n|faint|p2b: Landorus\n|\n|-heal|p1a: Table|51\/100|[from] item: Leftovers\n|-damage|p1b: ran|62\/100 brn|[from] brn\n|upkeep\n|\n|t:|1698636372\n|switch|p2b: Sinistcha|Sinistcha-Masterpiece|10\/100\n|switch|p2a: Ogerpon|Ogerpon-Wellspring-Tera, F, tera:Water|48\/100\n|-ability|p2a: Ogerpon|Embody Aspect (Wellspring)|boost\n|-boost|p2a: Ogerpon|spd|1\n|-heal|p2a: Ogerpon|73\/100|[from] ability: Hospitality|[of] p2b: Sinistcha\n|turn|9\n|\n|t:|1698636388\n|move|p1a: Table|Wide Guard|p1a: Table\n|-singleturn|p1a: Table|Wide Guard\n|move|p2a: Ogerpon|Ivy Cudgel|p1b: ran\n|-resisted|p1b: ran\n|-damage|p1b: ran|31\/100 brn\n|move|p1b: ran|Tera Blast|p2a: Ogerpon|[anim] Tera Blast Grass\n|-supereffective|p2a: Ogerpon\n|-damage|p2a: Ogerpon|0 fnt\n|faint|p2a: Ogerpon\n|move|p2b: Sinistcha|Life Dew|p2b: Sinistcha\n|-heal|p2b: Sinistcha|35\/100\n|\n|-heal|p1a: Table|57\/100|[from] item: Leftovers\n|-damage|p1b: ran|25\/100 brn|[from] brn\n|upkeep\n|c|\u2606Fire410|unlucky\n|c|\u2606Fire410|I had a dream\n|c|\u2606Fire410|lol\n|\n|t:|1698636402\n|switch|p2a: Iron Bundle|Iron Bundle|100\/100\n|-enditem|p2a: Iron Bundle|Booster Energy\n|-activate|p2a: Iron Bundle|ability: Quark Drive|[fromitem]\n|-start|p2a: Iron Bundle|quarkdrivespe\n|turn|10\n|c|\u2606Gibbygod|lol\n|\n|t:|1698636420\n|move|p2a: Iron Bundle|Ice Beam|p1b: ran\n|-supereffective|p1b: ran\n|-damage|p1b: ran|0 fnt\n|faint|p1b: ran\n|move|p2b: Sinistcha|Matcha Gotcha|p1a: Table\n|-supereffective|p1a: Table\n|-damage|p1a: Table|17\/100\n|-heal|p2b: Sinistcha|59\/100|[from] drain|[of] p1a: Table\n|move|p1a: Table|Salt Cure|p2a: Iron Bundle\n|-supereffective|p2a: Iron Bundle\n|-damage|p2a: Iron Bundle|69\/100\n|-start|p2a: Iron Bundle|Salt Cure\n|\n|-heal|p1a: Table|23\/100|[from] item: Leftovers\n|-damage|p2a: Iron Bundle|44\/100|[from] Salt Cure\n|upkeep\n|\n|t:|1698636434\n|switch|p1b: bug|Volcarona, F|100\/100\n|turn|11\n|\n|t:|1698636446\n|move|p1b: bug|Protect|p1b: bug\n|-singleturn|p1b: bug|Protect\n|move|p2a: Iron Bundle|Hydro Pump|p1b: bug\n|-activate|p1b: bug|move: Protect\n|move|p2b: Sinistcha|Life Dew|p2b: Sinistcha|[spread] p2a,p2b\n|-heal|p2a: Iron Bundle|69\/100\n|-heal|p2b: Sinistcha|84\/100\n|move|p1a: Table|Salt Cure|p2b: Sinistcha\n|-damage|p2b: Sinistcha|72\/100\n|-start|p2b: Sinistcha|Salt Cure\n|\n|-heal|p1a: Table|29\/100|[from] item: Leftovers\n|-damage|p2a: Iron Bundle|44\/100|[from] Salt Cure\n|-damage|p2b: Sinistcha|60\/100|[from] Salt Cure\n|upkeep\n|turn|12\n|\n|t:|1698636462\n|move|p1a: Table|Protect|p1a: Table\n|-singleturn|p1a: Table|Protect\n|move|p2a: Iron Bundle|Hydro Pump|p1b: bug\n|-supereffective|p1b: bug\n|-damage|p1b: bug|0 fnt\n|faint|p1b: bug\n|move|p2b: Sinistcha|Life Dew|p2b: Sinistcha|[spread] p2a,p2b\n|-heal|p2a: Iron Bundle|69\/100\n|-heal|p2b: Sinistcha|85\/100\n|\n|-heal|p1a: Table|35\/100|[from] item: Leftovers\n|-damage|p2a: Iron Bundle|44\/100|[from] Salt Cure\n|-damage|p2b: Sinistcha|73\/100|[from] Salt Cure\n|upkeep\n|\n|t:|1698636467\n|switch|p1b: GAMBA|Kingambit, F, shiny|100\/100\n|-activate|p1b: GAMBA|ability: Supreme Overlord\n|-start|p1b: GAMBA|fallen4|[silent]\n|turn|13\n|\n|t:|1698636483\n|move|p1a: Table|Wide Guard|p1a: Table\n|-singleturn|p1a: Table|Wide Guard\n|move|p2b: Sinistcha|Rage Powder|p2b: Sinistcha\n|-singleturn|p2b: Sinistcha|move: Rage Powder\n|move|p1b: GAMBA|Sucker Punch||[still]\n|-fail|p1b: GAMBA\n|move|p2a: Iron Bundle|Hydro Pump|p1a: Table\n|-supereffective|p1a: Table\n|-damage|p1a: Table|0 fnt\n|faint|p1a: Table\n|\n|-damage|p2a: Iron Bundle|19\/100|[from] Salt Cure\n|-damage|p2b: Sinistcha|60\/100|[from] Salt Cure\n|upkeep\n|turn|14\n|\n|t:|1698636498\n|move|p2b: Sinistcha|Rage Powder|p2b: Sinistcha\n|-singleturn|p2b: Sinistcha|move: Rage Powder\n|move|p1b: GAMBA|Sucker Punch||[still]\n|-fail|p1b: GAMBA\n|move|p2a: Iron Bundle|Hydro Pump|p1b: GAMBA\n|-crit|p1b: GAMBA\n|-damage|p1b: GAMBA|22\/100\n|\n|-damage|p2a: Iron Bundle|0 fnt|[from] Salt Cure\n|faint|p2a: Iron Bundle\n|-end|p2a: Iron Bundle|Quark Drive|[silent]\n|-damage|p2b: Sinistcha|48\/100|[from] Salt Cure\n|upkeep\n|turn|15\n|c|\u2606Fire410|Damn\n|c|\u2606Fire410|If i lived one more turn\n|c|\u2606Fire410|I almost got my out\n|c|\u2606Fire410|smh\n|inactive|Gibbygod has 120 seconds left.\n|c|\u2606Gibbygod|so close\n|\n|t:|1698636529\n|move|p1b: GAMBA|Protect|p1b: GAMBA\n|-singleturn|p1b: GAMBA|Protect\n|move|p2b: Sinistcha|Strength Sap|p1b: GAMBA\n|-activate|p1b: GAMBA|move: Protect\n|\n|-damage|p2b: Sinistcha|35\/100|[from] Salt Cure\n|upkeep\n|turn|16\n|\n|t:|1698636537\n|move|p1b: GAMBA|Sucker Punch||[still]\n|-fail|p1b: GAMBA\n|move|p2b: Sinistcha|Strength Sap|p1b: GAMBA\n|-unboost|p1b: GAMBA|atk|1\n|-heal|p2b: Sinistcha|100\/100\n|\n|-damage|p2b: Sinistcha|88\/100|[from] Salt Cure\n|upkeep\n|turn|17\n|c|\u2606Fire410|i actually still kind of have a chance\n|\n|t:|1698636553\n|move|p2b: Sinistcha|Strength Sap|p1b: GAMBA\n|-unboost|p1b: GAMBA|atk|1\n|-heal|p2b: Sinistcha|100\/100\n|move|p1b: GAMBA|Kowtow Cleave|p2b: Sinistcha\n|-supereffective|p2b: Sinistcha\n|-damage|p2b: Sinistcha|29\/100\n|-damage|p1b: GAMBA|5\/100|[from] item: Rocky Helmet|[of] p2b: Sinistcha\n|\n|-damage|p2b: Sinistcha|17\/100|[from] Salt Cure\n|upkeep\n|turn|18\n|c|\u2606Gibbygod|you do man\n|c|\u2606Gibbygod|its not over till its over\n|c|\u2606Fire410|no way\n|\n|t:|1698636568\n|move|p1b: GAMBA|Protect|p1b: GAMBA\n|-singleturn|p1b: GAMBA|Protect\n|move|p2b: Sinistcha|Strength Sap|p1b: GAMBA\n|-activate|p1b: GAMBA|move: Protect\n|\n|-damage|p2b: Sinistcha|5\/100|[from] Salt Cure\n|upkeep\n|turn|19\n|c|\u2606Fire410|PLEASE LIVE\n|c|\u2606Fire410|YES\n|c|\u2606Gibbygod|die please\n|c|\u2606Fire410|ITS POSSIBLE\n|\n|t:|1698636590\n|move|p1b: GAMBA|Protect|p1b: GAMBA\n|-singleturn|p1b: GAMBA|Protect\n|move|p2b: Sinistcha|Strength Sap|p1b: GAMBA\n|-activate|p1b: GAMBA|move: Protect\n|\n|-damage|p2b: Sinistcha|0 fnt|[from] Salt Cure\n|faint|p2b: Sinistcha\n|\n|win|Gibbygod\n|upkeep\n|raw|Gibbygod's rating: 1314 &rarr; <strong>1335<\/strong><br \/>(+21 for winning)\n|raw|Fire410's rating: 1332 &rarr; <strong>1311<\/strong><br \/>(-21 for losing)\n|c|\u2606Fire410|I HAVE A DREAM\n|c|\u2606Fire410|FUCK\n|c|\u2606Gibbygod|LETRS GOOOOOOOOO\n|c|\u2606Fire410|DAMN IT\n|c|\u2606Gibbygod|FUCK YEAH\n|c|\u2606Fire410|GOD DAMN TI\n|c|\u2606Gibbygod|GGS\n|c|\u2606Fire410|LMAO\n|c|\u2606Fire410|NOOOOOO\n|c|\u2606Gibbygod|LOL good shit man had me on the ropes\n|c|\u2606Fire410|I crying on the floor man\n|c|\u2606Fire410|aint no way\n|c|\u2606Gibbygod|i salute you bro\n|c|\u2606Fire410|that was such a good game\n|c|\u2606Gibbygod|i was praying the protect hit\n|c|\u2606Fire410|LMAO\n|c|\u2606Fire410|FUCK\n|c|\u2606Fire410|I had it if I it didnt\n|c|\u2606Fire410|UGH\n|c|\u2606Fire410|That hurts lmao\n|c|\u2606Gibbygod|its sad to watch\n|c|\u2606Fire410|Omg\n|c|\u2606Gibbygod|but good to play\n|c|\u2606Fire410|That was so much fun\n|c|\u2606Fire410|Gl in ur next ones\n","uploadtime":1698636662,"views":31,"p1id":"gibbygod","p2id":"fire410","formatid":"gen9doublesou","rating":1311,"private":0,"password":""}