{"id":"gen9doublesou-1989988509","p1":"Shap-Bro","p2":"mikeyuwu","format":"[Gen 9] Doubles OU","log":"|j|\u2606Shap-Bro\n|j|\u2606mikeyuwu\n|t:|1699912959\n|gametype|doubles\n|player|p1|Shap-Bro|policeman-gen4|1219\n|player|p2|mikeyuwu|psychic-gen4|1328\n|teamsize|p1|6\n|teamsize|p2|6\n|gen|9\n|tier|[Gen 9] Doubles OU\n|rated|\n|rule|Species Clause: Limit one of each Pok\u00e9mon\n|rule|OHKO Clause: OHKO moves are banned\n|rule|Evasion Moves Clause: Evasion moves are banned\n|rule|Gravity Sleep Clause: The combination of sleep-inducing moves with imperfect accuracy and Gravity or Gigantamax Orbeetle are banned\n|rule|Endless Battle Clause: Forcing endless battles is banned\n|rule|HP Percentage Mod: HP is shown in percentages\n|clearpoke\n|poke|p1|Dipplin, M|\n|poke|p1|Cetitan, M|\n|poke|p1|Tornadus, M|\n|poke|p1|Pelipper, M|\n|poke|p1|Krookodile, M|\n|poke|p1|Iron Hands|\n|poke|p2|Garchomp, M|\n|poke|p2|Tyranitar, F|\n|poke|p2|Vaporeon, F|\n|poke|p2|Toxicroak, M|\n|poke|p2|Pelipper, F|\n|poke|p2|Abomasnow, M|\n|teampreview\n|inactive|Battle timer is ON: inactive players will automatically lose when time's up. (requested by mikeyuwu)\n|\n|t:|1699912980\n|start\n|switch|p1a: Tornadus|Tornadus, M|100\/100\n|switch|p1b: Pelipper|Pelipper, M|100\/100\n|switch|p2a: OTLHPM|Toxicroak, M|100\/100\n|switch|p2b: Harmacy|Vaporeon, F|100\/100\n|-weather|RainDance|[from] ability: Drizzle|[of] p1b: Pelipper\n|turn|1\n|inactive|Shap-Bro has 120 seconds left.\n|\n|t:|1699913020\n|switch|p2a: ThcrThnSnkr|Tyranitar, F|100\/100\n|-weather|Sandstorm|[from] ability: Sand Stream|[of] p2a: ThcrThnSnkr\n|move|p1a: Tornadus|Taunt|p2b: Harmacy\n|-start|p2b: Harmacy|move: Taunt\n|move|p1b: Pelipper|Chilling Water|p2a: ThcrThnSnkr\n|-supereffective|p2a: ThcrThnSnkr\n|-damage|p2a: ThcrThnSnkr|91\/100\n|-unboost|p2a: ThcrThnSnkr|atk|1\n|move|p2b: Harmacy|Weather Ball|p1a: Tornadus\n|-supereffective|p1a: Tornadus\n|-damage|p1a: Tornadus|41\/100\n|\n|-weather|Sandstorm|[upkeep]\n|-damage|p1a: Tornadus|35\/100|[from] Sandstorm\n|-damage|p1b: Pelipper|94\/100|[from] Sandstorm\n|-damage|p2b: Harmacy|94\/100|[from] Sandstorm\n|-heal|p2b: Harmacy|100\/100|[from] item: Leftovers\n|upkeep\n|turn|2\n|inactive|Shap-Bro has 120 seconds left.\n|\n|t:|1699913047\n|switch|p1b: Krookodile|Krookodile, M, shiny|100\/100\n|-ability|p1b: Krookodile|Intimidate|boost\n|-unboost|p2a: ThcrThnSnkr|atk|1\n|-unboost|p2b: Harmacy|atk|1\n|move|p1a: Tornadus|Tailwind|p1a: Tornadus\n|-sidestart|p1: Shap-Bro|move: Tailwind\n|move|p2a: ThcrThnSnkr|Thunderbolt|p1b: Krookodile\n|-immune|p1b: Krookodile\n|move|p2b: Harmacy|Weather Ball|p1a: Tornadus\n|-supereffective|p1a: Tornadus\n|-damage|p1a: Tornadus|0 fnt\n|faint|p1a: Tornadus\n|\n|-weather|Sandstorm|[upkeep]\n|-damage|p2b: Harmacy|94\/100|[from] Sandstorm\n|-heal|p2b: Harmacy|100\/100|[from] item: Leftovers\n|upkeep\n|\n|t:|1699913059\n|switch|p1a: Pelipper|Pelipper, M|94\/100\n|-weather|RainDance|[from] ability: Drizzle|[of] p1a: Pelipper\n|turn|3\n|inactive|Shap-Bro has 120 seconds left.\n|\n|t:|1699913092\n|switch|p1b: Dipplin|Dipplin, M, shiny|100\/100\n|-ability|p1b: Dipplin|Supersweet Syrup\n|-ability|p1b: Dipplin|Supersweet Syrup|boost\n|-unboost|p2a: ThcrThnSnkr|evasion|1\n|-unboost|p2b: Harmacy|evasion|1\n|switch|p2a: Cold Shoulder|Abomasnow, M, shiny|100\/100\n|-weather|Snow|[from] ability: Snow Warning|[of] p2a: Cold Shoulder\n|move|p1a: Pelipper|Weather Ball|p2a: Cold Shoulder\n|-damage|p2a: Cold Shoulder|78\/100\n|move|p2b: Harmacy|Weather Ball|p1b: Dipplin\n|-supereffective|p1b: Dipplin\n|-damage|p1b: Dipplin|35\/100\n|\n|-weather|Snow|[upkeep]\n|-end|p2b: Harmacy|move: Taunt\n|upkeep\n|turn|4\n|inactive|Shap-Bro has 120 seconds left.\n|\n|t:|1699913118\n|switch|p1a: Cetitan|Cetitan, M, shiny|100\/100\n|switch|p2b: ThcrThnSnkr|Tyranitar, F|91\/100\n|-weather|Sandstorm|[from] ability: Sand Stream|[of] p2b: ThcrThnSnkr\n|move|p1b: Dipplin|Protect|p1b: Dipplin\n|-singleturn|p1b: Dipplin|Protect\n|move|p2a: Cold Shoulder|Weather Ball|p1a: Cetitan\n|-supereffective|p1a: Cetitan\n|-damage|p1a: Cetitan|44\/100\n|\n|-weather|Sandstorm|[upkeep]\n|-damage|p1a: Cetitan|38\/100|[from] Sandstorm\n|-damage|p1b: Dipplin|29\/100|[from] Sandstorm\n|-damage|p2a: Cold Shoulder|72\/100|[from] Sandstorm\n|upkeep\n|turn|5\n|inactive|Shap-Bro has 120 seconds left.\n|inactive|Shap-Bro has 90 seconds left.\n|\n|t:|1699913164\n|switch|p1b: Pelipper|Pelipper, M|94\/100\n|-weather|RainDance|[from] ability: Drizzle|[of] p1b: Pelipper\n|switch|p2b: OTLHPM|Toxicroak, M|100\/100\n|-terastallize|p1a: Cetitan|Water\n|move|p1a: Cetitan|High Horsepower|p2b: OTLHPM\n|-supereffective|p2b: OTLHPM\n|-damage|p2b: OTLHPM|0 fnt\n|faint|p2b: OTLHPM\n|-damage|p1a: Cetitan|28\/100|[from] item: Life Orb\n|move|p2a: Cold Shoulder|Weather Ball|p1a: Cetitan\n|-resisted|p1a: Cetitan\n|-damage|p1a: Cetitan|9\/100\n|\n|-weather|RainDance|[upkeep]\n|-sideend|p1: Shap-Bro|move: Tailwind\n|upkeep\n|inactive|mikeyuwu has 120 seconds left.\n|\n|t:|1699913187\n|switch|p2b: Harmacy|Vaporeon, F|100\/100\n|turn|6\n|inactive|Shap-Bro has 90 seconds left.\n|inactive|Shap-Bro has 60 seconds left.\n|\n|t:|1699913240\n|switch|p1b: Iron Hands|Iron Hands, shiny|100\/100\n|switch|p2a: ThcrThnSnkr|Tyranitar, F|91\/100\n|-weather|Sandstorm|[from] ability: Sand Stream|[of] p2a: ThcrThnSnkr\n|move|p1a: Cetitan|Icicle Crash|p2a: ThcrThnSnkr\n|-damage|p2a: ThcrThnSnkr|27\/100\n|move|p2b: Harmacy|Weather Ball|p1a: Cetitan\n|-damage|p1a: Cetitan|0 fnt\n|faint|p1a: Cetitan\n|\n|-weather|Sandstorm|[upkeep]\n|-damage|p1b: Iron Hands|94\/100|[from] Sandstorm\n|-damage|p2b: Harmacy|94\/100|[from] Sandstorm\n|-heal|p2b: Harmacy|100\/100|[from] item: Leftovers\n|upkeep\n|inactive|Shap-Bro has 60 seconds left.\n|\n|t:|1699913252\n|switch|p1a: Krookodile|Krookodile, M, shiny|100\/100\n|-ability|p1a: Krookodile|Intimidate|boost\n|-unboost|p2a: ThcrThnSnkr|atk|1\n|-unboost|p2b: Harmacy|atk|1\n|turn|7\n|\n|t:|1699913266\n|switch|p2a: Extra Spicy|Garchomp, M|100\/100\n|move|p1b: Iron Hands|Fake Out|p2b: Harmacy\n|-damage|p2b: Harmacy|90\/100\n|move|p1a: Krookodile|High Horsepower|p2a: Extra Spicy\n|-damage|p2a: Extra Spicy|76\/100\n|-damage|p1a: Krookodile|88\/100|[from] ability: Rough Skin|[of] p2a: Extra Spicy\n|-damage|p1a: Krookodile|71\/100|[from] item: Rocky Helmet|[of] p2a: Extra Spicy\n|cant|p2b: Harmacy|flinch\n|\n|-weather|Sandstorm|[upkeep]\n|-damage|p1b: Iron Hands|88\/100|[from] Sandstorm\n|-damage|p2b: Harmacy|84\/100|[from] Sandstorm\n|-heal|p2b: Harmacy|90\/100|[from] item: Leftovers\n|upkeep\n|turn|8\n|inactive|Shap-Bro has 90 seconds left.\n|\n|t:|1699913292\n|-end|p1b: Iron Hands|Quark Drive|[silent]\n|switch|p1b: Pelipper|Pelipper, M|94\/100\n|-weather|RainDance|[from] ability: Drizzle|[of] p1b: Pelipper\n|switch|p2b: Weather War|Pelipper, F|100\/100\n|move|p1a: Krookodile|Knock Off|p2a: Extra Spicy\n|-damage|p2a: Extra Spicy|48\/100\n|-damage|p1a: Krookodile|59\/100|[from] ability: Rough Skin|[of] p2a: Extra Spicy\n|-damage|p1a: Krookodile|42\/100|[from] item: Rocky Helmet|[of] p2a: Extra Spicy\n|-enditem|p2a: Extra Spicy|Rocky Helmet|[from] move: Knock Off|[of] p1a: Krookodile\n|move|p2a: Extra Spicy|Earthquake|p1a: Krookodile|[spread] p1a\n|-immune|p2b: Weather War\n|-immune|p1b: Pelipper\n|-damage|p1a: Krookodile|4\/100\n|\n|-weather|RainDance|[upkeep]\n|upkeep\n|turn|9\n|inactive|Shap-Bro has 90 seconds left.\n|\n|t:|1699913325\n|switch|p2a: Cold Shoulder|Abomasnow, M, shiny|72\/100\n|-weather|Snow|[from] ability: Snow Warning|[of] p2a: Cold Shoulder\n|move|p1a: Krookodile|Knock Off|p2b: Weather War\n|-damage|p2b: Weather War|69\/100\n|-enditem|p2b: Weather War|Heavy-Duty Boots|[from] move: Knock Off|[of] p1a: Krookodile\n|move|p1b: Pelipper|Ice Beam|p2a: Cold Shoulder\n|-damage|p2a: Cold Shoulder|50\/100\n|move|p2b: Weather War|Blizzard|p1a: Krookodile|[spread] p1a,p1b\n|-supereffective|p1a: Krookodile\n|-damage|p1a: Krookodile|0 fnt\n|-damage|p1b: Pelipper|70\/100\n|faint|p1a: Krookodile\n|\n|-weather|Snow|[upkeep]\n|upkeep\n|inactive|Shap-Bro has 60 seconds left.\n|\n|t:|1699913340\n|switch|p1a: Iron Hands|Iron Hands, shiny|88\/100\n|turn|10\n|inactive|Shap-Bro has 60 seconds left.\n|\n|t:|1699913364\n|move|p1a: Iron Hands|Fake Out|p2a: Cold Shoulder\n|-damage|p2a: Cold Shoulder|41\/100\n|move|p1b: Pelipper|Weather Ball|p2a: Cold Shoulder\n|-damage|p2a: Cold Shoulder|17\/100\n|move|p2b: Weather War|Soak|p1a: Iron Hands\n|-start|p1a: Iron Hands|typechange|Water\n|cant|p2a: Cold Shoulder|flinch\n|\n|-weather|Snow|[upkeep]\n|upkeep\n|turn|11\n|\n|t:|1699913381\n|switch|p2b: Extra Spicy|Garchomp, M|48\/100\n|move|p1b: Pelipper|Weather Ball|p2a: Cold Shoulder\n|-damage|p2a: Cold Shoulder|0 fnt\n|faint|p2a: Cold Shoulder\n|move|p1a: Iron Hands|Wild Charge|p2b: Extra Spicy\n|-immune|p2b: Extra Spicy\n|\n|-weather|Snow|[upkeep]\n|upkeep\n|\n|t:|1699913392\n|switch|p2a: ThcrThnSnkr|Tyranitar, F|27\/100\n|-weather|Sandstorm|[from] ability: Sand Stream|[of] p2a: ThcrThnSnkr\n|turn|12\n|inactive|Shap-Bro has 90 seconds left.\n|\n|t:|1699913419\n|-end|p1a: Iron Hands|Quark Drive|[silent]\n|switch|p1a: Dipplin|Dipplin, M, shiny|29\/100\n|move|p1b: Pelipper|Chilling Water|p2a: ThcrThnSnkr\n|-supereffective|p2a: ThcrThnSnkr\n|-damage|p2a: ThcrThnSnkr|17\/100\n|-unboost|p2a: ThcrThnSnkr|atk|1\n|move|p2b: Extra Spicy|Poison Jab|p1a: Dipplin\n|-supereffective|p1a: Dipplin\n|-crit|p1a: Dipplin\n|-damage|p1a: Dipplin|0 fnt\n|faint|p1a: Dipplin\n|move|p2a: ThcrThnSnkr|Thunderbolt|p1b: Pelipper\n|-supereffective|p1b: Pelipper\n|-damage|p1b: Pelipper|0 fnt\n|faint|p1b: Pelipper\n|\n|-weather|Sandstorm|[upkeep]\n|upkeep\n|\n|t:|1699913432\n|switch|p1a: Iron Hands|Iron Hands, shiny|88\/100\n|turn|13\n|-message|Shap-Bro forfeited.\n|\n|win|mikeyuwu\n|raw|Shap-Bro's rating: 1219 &rarr; <strong>1202<\/strong><br \/>(-17 for losing)\n|raw|mikeyuwu's rating: 1328 &rarr; <strong>1342<\/strong><br \/>(+14 for winning)\n|l|\u2606Shap-Bro\n","uploadtime":1699913449,"views":15,"p1id":"shapbro","p2id":"mikeyuwu","formatid":"gen9doublesou","rating":1202,"private":0,"password":""}