{"id":"gen9doublesou-1974996167","p1":"Lgamerz_YT","p2":"Geniusatstuff","format":"[Gen 9] Doubles OU","log":"|j|\u2606Lgamerz_YT\n|j|\u2606Geniusatstuff\n|t:|1698153336\n|gametype|doubles\n|player|p1|Lgamerz_YT|170|1177\n|player|p2|Geniusatstuff|1|1218\n|teamsize|p1|6\n|teamsize|p2|6\n|gen|9\n|tier|[Gen 9] Doubles OU\n|rated|\n|rule|Species Clause: Limit one of each Pok\u00e9mon\n|rule|OHKO Clause: OHKO moves are banned\n|rule|Evasion Moves Clause: Evasion moves are banned\n|rule|Gravity Sleep Clause: The combination of sleep-inducing moves with imperfect accuracy and Gravity or Gigantamax Orbeetle are banned\n|rule|Endless Battle Clause: Forcing endless battles is banned\n|rule|HP Percentage Mod: HP is shown in percentages\n|clearpoke\n|poke|p1|Ursaluna-Bloodmoon, M|\n|poke|p1|Grimmsnarl, M|\n|poke|p1|Rillaboom, M|\n|poke|p1|Empoleon, M|\n|poke|p1|Talonflame, M|\n|poke|p1|Dragapult, M|\n|poke|p2|Baxcalibur, F|\n|poke|p2|Milotic, M|\n|poke|p2|Oricorio-Pom-Pom, M|\n|poke|p2|Flamigo, F|\n|poke|p2|Volcarona, F|\n|poke|p2|Wyrdeer, F|\n|teampreview\n|\n|t:|1698153350\n|start\n|switch|p1a: Ursaluna|Ursaluna-Bloodmoon, M|100\/100\n|switch|p1b: Grimmsnarl|Grimmsnarl, M, shiny|100\/100\n|switch|p2a: Oricorio|Oricorio-Pom-Pom, M, shiny|100\/100\n|switch|p2b: Wyrdeer|Wyrdeer, F, shiny|100\/100\n|-ability|p2b: Wyrdeer|Intimidate|boost\n|-unboost|p1a: Ursaluna|atk|1\n|-unboost|p1b: Grimmsnarl|atk|1\n|turn|1\n|inactive|Battle timer is ON: inactive players will automatically lose when time's up. (requested by Geniusatstuff)\n|\n|t:|1698153399\n|move|p1b: Grimmsnarl|Parting Shot|p2b: Wyrdeer\n|-unboost|p2b: Wyrdeer|atk|1\n|-unboost|p2b: Wyrdeer|spa|1\n|inactive|Lgamerz_YT has 120 seconds left.\n|\n|t:|1698153438\n|switch|p1b: Dragapult|Dragapult, M, shiny|100\/100|[from] Parting Shot\n|move|p2a: Oricorio|Tailwind|p2a: Oricorio\n|-sidestart|p2: Geniusatstuff|move: Tailwind\n|move|p2b: Wyrdeer|Skill Swap|p1b: Dragapult\n|-activate|p2b: Wyrdeer|move: Skill Swap|Clear Body|Intimidate|[of] p1b: Dragapult\n|-ability|p1b: Dragapult|Intimidate|boost\n|-unboost|p2a: Oricorio|atk|1\n|-fail|p2b: Wyrdeer|unboost|[from] ability: Clear Body|[of] p2b: Wyrdeer\n|move|p1a: Ursaluna|Blood Moon|p2a: Oricorio\n|-enditem|p2a: Oricorio|Focus Sash\n|-damage|p2a: Oricorio|1\/100\n|\n|upkeep\n|turn|2\n|inactive|Lgamerz_YT has 120 seconds left.\n|inactive|Geniusatstuff has 120 seconds left.\n|\n|t:|1698153482\n|move|p2a: Oricorio|Protect|p2a: Oricorio\n|-singleturn|p2a: Oricorio|Protect\n|move|p1b: Dragapult|Dragon Darts|p2b: Wyrdeer\n|-damage|p2b: Wyrdeer|77\/100\n|-anim|p1b: Dragapult|Dragon Darts|p2b: Wyrdeer\n|-damage|p2b: Wyrdeer|52\/100\n|move|p2b: Wyrdeer|Skill Swap|p1a: Ursaluna\n|-activate|p2b: Wyrdeer|move: Skill Swap|Mind's Eye|Clear Body|[of] p1a: Ursaluna\n|move|p1a: Ursaluna|Earth Power|p2b: Wyrdeer\n|-damage|p2b: Wyrdeer|4\/100\n|\n|upkeep\n|turn|3\n|inactive|Geniusatstuff has 120 seconds left.\n|inactive|Lgamerz_YT has 120 seconds left.\n|\n|t:|1698153517\n|switch|p2a: Milotic|Milotic, M, shiny|100\/100\n|switch|p2b: Baxcalibur|Baxcalibur, F, shiny|100\/100\n|move|p1b: Dragapult|Dragon Darts|p2a: Milotic\n|-damage|p2a: Milotic|74\/100\n|-anim|p1b: Dragapult|Dragon Darts|p2b: Baxcalibur\n|-supereffective|p2b: Baxcalibur\n|-damage|p2b: Baxcalibur|50\/100\n|move|p1a: Ursaluna|Moonblast|p2a: Milotic\n|-damage|p2a: Milotic|45\/100\n|\n|-heal|p2a: Milotic|51\/100|[from] item: Leftovers\n|upkeep\n|turn|4\n|inactive|Geniusatstuff has 120 seconds left.\n|inactive|Lgamerz_YT has 120 seconds left.\n|\n|t:|1698153547\n|move|p2b: Baxcalibur|Icicle Spear|p1b: Dragapult\n|-supereffective|p1b: Dragapult\n|-damage|p1b: Dragapult|61\/100\n|-supereffective|p1b: Dragapult\n|-crit|p1b: Dragapult\n|-damage|p1b: Dragapult|3\/100\n|-supereffective|p1b: Dragapult\n|-damage|p1b: Dragapult|0 fnt\n|faint|p1b: Dragapult\n|-hitcount|p1: Dragapult|3\n|move|p2a: Milotic|Coil|p2a: Milotic\n|-boost|p2a: Milotic|atk|1\n|-boost|p2a: Milotic|def|1\n|-boost|p2a: Milotic|accuracy|1\n|move|p1a: Ursaluna|Moonblast|p2b: Baxcalibur\n|-supereffective|p2b: Baxcalibur\n|-damage|p2b: Baxcalibur|0 fnt\n|faint|p2b: Baxcalibur\n|\n|-heal|p2a: Milotic|57\/100|[from] item: Leftovers\n|-sideend|p2: Geniusatstuff|move: Tailwind\n|upkeep\n|inactive|Lgamerz_YT has 120 seconds left.\n|\n|t:|1698153575\n|switch|p1b: Talonflame|Talonflame, M|100\/100\n|switch|p2b: Oricorio|Oricorio-Pom-Pom, M, shiny|1\/100\n|turn|5\n|inactive|Lgamerz_YT has 120 seconds left.\n|\n|t:|1698153598\n|move|p1b: Talonflame|Flare Blitz|p2b: Oricorio\n|-damage|p2b: Oricorio|0 fnt\n|faint|p2b: Oricorio\n|-damage|p1b: Talonflame|99\/100|[from] Recoil\n|-damage|p1b: Talonflame|90\/100|[from] item: Life Orb\n|move|p2a: Milotic|Coil|p2a: Milotic\n|-boost|p2a: Milotic|atk|1\n|-boost|p2a: Milotic|def|1\n|-boost|p2a: Milotic|accuracy|1\n|move|p1a: Ursaluna|Moonblast|p2a: Milotic\n|-crit|p2a: Milotic\n|-damage|p2a: Milotic|17\/100\n|\n|-heal|p2a: Milotic|23\/100|[from] item: Leftovers\n|upkeep\n|inactive|Geniusatstuff has 90 seconds left.\n|\n|t:|1698153621\n|switch|p2b: Wyrdeer|Wyrdeer, F, shiny|4\/100\n|-ability|p2b: Wyrdeer|Intimidate|boost\n|-fail|p1a: Ursaluna|unboost|[from] ability: Clear Body|[of] p1a: Ursaluna\n|-unboost|p1b: Talonflame|atk|1\n|turn|6\n|\n|t:|1698153642\n|move|p1b: Talonflame|Flare Blitz|p2a: Milotic\n|-resisted|p2a: Milotic\n|-damage|p2a: Milotic|14\/100\n|-damage|p1b: Talonflame|87\/100|[from] Recoil\n|-damage|p1b: Talonflame|77\/100|[from] item: Life Orb\n|move|p2a: Milotic|Hydro Pump|p1b: Talonflame\n|-supereffective|p1b: Talonflame\n|-damage|p1b: Talonflame|0 fnt\n|faint|p1b: Talonflame\n|move|p2b: Wyrdeer|Skill Swap|p1a: Ursaluna\n|-activate|p2b: Wyrdeer|move: Skill Swap|Clear Body|Intimidate|[of] p1a: Ursaluna\n|-ability|p1a: Ursaluna|Intimidate|boost\n|-unboost|p2a: Milotic|atk|1\n|-ability|p2a: Milotic|Competitive|boost\n|-boost|p2a: Milotic|spa|2\n|-fail|p2b: Wyrdeer|unboost|[from] ability: Clear Body|[of] p2b: Wyrdeer\n|move|p1a: Ursaluna|Blood Moon|p2a: Milotic\n|-damage|p2a: Milotic|0 fnt\n|faint|p2a: Milotic\n|\n|upkeep\n|inactive|Geniusatstuff has 120 seconds left.\n|inactive|Lgamerz_YT has 120 seconds left.\n|inactive|Lgamerz_YT has 90 seconds left.\n|\n|t:|1698153709\n|switch|p1b: Rillaboom|Rillaboom, M|100\/100\n|switch|p2a: Volcarona|Volcarona, F, shiny|100\/100\n|-fieldstart|move: Grassy Terrain|[from] ability: Grassy Surge|[of] p1b: Rillaboom\n|-enditem|p1b: Rillaboom|Grassy Seed\n|-boost|p1b: Rillaboom|def|1|[from] item: Grassy Seed\n|turn|7\n|inactive|Geniusatstuff has 120 seconds left.\n|inactive|Lgamerz_YT has 90 seconds left.\n|\n|t:|1698153741\n|-terastallize|p1a: Ursaluna|Water\n|move|p1b: Rillaboom|Grassy Glide|p2b: Wyrdeer\n|-damage|p2b: Wyrdeer|0 fnt\n|faint|p2b: Wyrdeer\n|move|p2a: Volcarona|Quiver Dance|p2a: Volcarona\n|-boost|p2a: Volcarona|spa|1\n|-boost|p2a: Volcarona|spd|1\n|-boost|p2a: Volcarona|spe|1\n|move|p1a: Ursaluna|Tera Blast|p2a: Volcarona|[anim] Tera Blast Water\n|-supereffective|p2a: Volcarona\n|-damage|p2a: Volcarona|37\/100\n|-enditem|p2a: Volcarona|Sitrus Berry|[eat]\n|-heal|p2a: Volcarona|62\/100|[from] item: Sitrus Berry\n|\n|-heal|p2a: Volcarona|68\/100|[from] Grassy Terrain\n|upkeep\n|inactive|Geniusatstuff has 120 seconds left.\n|\n|t:|1698153758\n|switch|p2b: Flamigo|Flamigo, F, shiny|100\/100\n|-copyboost|p2b: Flamigo|p2a: Volcarona|[from] ability: Costar\n|turn|8\n|inactive|Lgamerz_YT has 90 seconds left.\n|\n|t:|1698153801\n|-terastallize|p2a: Volcarona|Grass\n|move|p2a: Volcarona|Giga Drain|p1a: Ursaluna\n|-supereffective|p1a: Ursaluna\n|-damage|p1a: Ursaluna|0 fnt\n|-heal|p2a: Volcarona|100\/100|[from] drain|[of] p1a: Ursaluna\n|faint|p1a: Ursaluna\n|move|p2b: Flamigo|Brave Bird|p1b: Rillaboom\n|-supereffective|p1b: Rillaboom\n|-damage|p1b: Rillaboom|6\/100\n|-damage|p2b: Flamigo|63\/100|[from] Recoil\n|-damage|p2b: Flamigo|53\/100|[from] item: Life Orb\n|move|p1b: Rillaboom|Stomping Tantrum|p2a: Volcarona\n|-resisted|p2a: Volcarona\n|-damage|p2a: Volcarona|80\/100\n|\n|-heal|p2a: Volcarona|86\/100|[from] Grassy Terrain\n|-heal|p1b: Rillaboom|13\/100|[from] Grassy Terrain\n|upkeep\n|inactive|Lgamerz_YT has 60 seconds left.\n|\n|t:|1698153823\n|switch|p1a: Grimmsnarl|Grimmsnarl, M, shiny|100\/100\n|turn|9\n|inactive|Lgamerz_YT has 60 seconds left.\n|inactive|Geniusatstuff has 120 seconds left.\n|\n|t:|1698153861\n|move|p2a: Volcarona|Protect|p2a: Volcarona\n|-singleturn|p2a: Volcarona|Protect\n|move|p1b: Rillaboom|Grassy Glide|p2b: Flamigo\n|-resisted|p2b: Flamigo\n|-damage|p2b: Flamigo|24\/100\n|move|p1a: Grimmsnarl|Light Screen|p1a: Grimmsnarl\n|-sidestart|p1: Lgamerz_YT|move: Light Screen\n|move|p2b: Flamigo|Throat Chop|p1a: Grimmsnarl\n|-resisted|p1a: Grimmsnarl\n|-damage|p1a: Grimmsnarl|90\/100\n|-start|p1a: Grimmsnarl|Throat Chop|[silent]\n|-damage|p2b: Flamigo|14\/100|[from] item: Life Orb\n|\n|-heal|p2a: Volcarona|92\/100|[from] Grassy Terrain\n|-heal|p1b: Rillaboom|19\/100|[from] Grassy Terrain\n|-heal|p1a: Grimmsnarl|96\/100|[from] Grassy Terrain\n|upkeep\n|turn|10\n|inactive|Geniusatstuff has 120 seconds left.\n|inactive|Lgamerz_YT has 60 seconds left.\n|\n|t:|1698153891\n|move|p2b: Flamigo|Protect|p2b: Flamigo\n|-singleturn|p2b: Flamigo|Protect\n|move|p1b: Rillaboom|Grassy Glide|p2b: Flamigo\n|-activate|p2b: Flamigo|move: Protect\n|move|p2a: Volcarona|Fiery Dance|p1b: Rillaboom\n|-supereffective|p1b: Rillaboom\n|-damage|p1b: Rillaboom|0 fnt\n|-boost|p2a: Volcarona|spa|1\n|faint|p1b: Rillaboom\n|move|p1a: Grimmsnarl|Spirit Break|p2b: Flamigo\n|-activate|p2b: Flamigo|move: Protect\n|\n|-heal|p2a: Volcarona|98\/100|[from] Grassy Terrain\n|-heal|p1a: Grimmsnarl|100\/100|[from] Grassy Terrain\n|-end|p1a: Grimmsnarl|Throat Chop|[silent]\n|upkeep\n|\n|t:|1698153907\n|switch|p1b: Empoleon|Empoleon, M|100\/100\n|turn|11\n|inactive|Lgamerz_YT has 60 seconds left.\n|\n|t:|1698153937\n|move|p2a: Volcarona|Giga Drain|p1b: Empoleon\n|-damage|p1b: Empoleon|34\/100\n|-heal|p2a: Volcarona|100\/100|[from] drain|[of] p1b: Empoleon\n|move|p2b: Flamigo|Brave Bird|p1a: Grimmsnarl\n|-damage|p1a: Grimmsnarl|4\/100\n|-damage|p2b: Flamigo|0 fnt|[from] Recoil\n|faint|p2b: Flamigo\n|move|p1b: Empoleon|Agility|p1b: Empoleon\n|-boost|p1b: Empoleon|spe|2\n|move|p1a: Grimmsnarl|Spirit Break|p2a: Volcarona\n|-damage|p2a: Volcarona|31\/100\n|-unboost|p2a: Volcarona|spa|1\n|-status|p1a: Grimmsnarl|brn|[from] ability: Flame Body|[of] p2a: Volcarona\n|\n|-heal|p2a: Volcarona|37\/100|[from] Grassy Terrain\n|-heal|p1b: Empoleon|40\/100|[from] Grassy Terrain\n|-heal|p1a: Grimmsnarl|10\/100 brn|[from] Grassy Terrain\n|-damage|p1a: Grimmsnarl|4\/100 brn|[from] brn\n|-fieldend|move: Grassy Terrain\n|upkeep\n|turn|12\n|inactive|Lgamerz_YT has 60 seconds left.\n|inactive|Lgamerz_YT has 30 seconds left.\n|\n|t:|1698153974\n|move|p1a: Grimmsnarl|Parting Shot|p2a: Volcarona\n|-unboost|p2a: Volcarona|atk|1\n|-unboost|p2a: Volcarona|spa|1\n|move|p2a: Volcarona|Giga Drain|p1b: Empoleon\n|-damage|p1b: Empoleon|17\/100\n|-heal|p2a: Volcarona|49\/100|[from] drain|[of] p1b: Empoleon\n|move|p1b: Empoleon|Air Slash|p2a: Volcarona\n|-supereffective|p2a: Volcarona\n|-damage|p2a: Volcarona|10\/100\n|\n|-damage|p1a: Grimmsnarl|0 fnt|[from] brn\n|faint|p1a: Grimmsnarl\n|upkeep\n|turn|13\n|\n|t:|1698154003\n|move|p2a: Volcarona|Giga Drain|p1b: Empoleon\n|-damage|p1b: Empoleon|0 fnt\n|-heal|p2a: Volcarona|19\/100|[from] drain|[of] p1b: Empoleon\n|faint|p1b: Empoleon\n|\n|win|Geniusatstuff\n|raw|Lgamerz_YT's rating: 1177 &rarr; <strong>1155<\/strong><br \/>(-22 for losing)\n|raw|Geniusatstuff's rating: 1218 &rarr; <strong>1240<\/strong><br \/>(+22 for winning)\n","uploadtime":1698154011,"views":24,"p1id":"lgamerzyt","p2id":"geniusatstuff","formatid":"gen9doublesou","rating":1155,"private":0,"password":""}