{"id":"gen9doublesou-1999038146","p1":"MrManzanilla","p2":"Dracofran","format":"[Gen 9] Doubles OU","log":"|j|\u2606MrManzanilla\n|j|\u2606Dracofran\n|t:|1701026527\n|gametype|doubles\n|player|p1|MrManzanilla|lucas|\n|player|p2|Dracofran|cynthia-gen4|\n|teamsize|p1|6\n|teamsize|p2|6\n|gen|9\n|tier|[Gen 9] Doubles OU\n|rule|Species Clause: Limit one of each Pok\u00e9mon\n|rule|OHKO Clause: OHKO moves are banned\n|rule|Evasion Moves Clause: Evasion moves are banned\n|rule|Gravity Sleep Clause: The combination of sleep-inducing moves with imperfect accuracy and Gravity or Gigantamax Orbeetle are banned\n|rule|Endless Battle Clause: Forcing endless battles is banned\n|rule|HP Percentage Mod: HP is shown in percentages\n|clearpoke\n|poke|p1|Ninetales-Alola, M|\n|poke|p1|Amoonguss, M|\n|poke|p1|Rillaboom, F|\n|poke|p1|Enamorus, F|\n|poke|p1|Azumarill, F|\n|poke|p1|Illumise, F|\n|poke|p2|Rillaboom, M|\n|poke|p2|Flutter Mane|\n|poke|p2|Arcanine, M|\n|poke|p2|Murkrow, F|\n|poke|p2|Chi-Yu|\n|poke|p2|Grimmsnarl, M|\n|teampreview\n|\n|t:|1701026550\n|start\n|switch|p1a: Azumarill|Azumarill, F|100\/100\n|switch|p1b: Illumise|Illumise, F|100\/100\n|switch|p2a: El Lich|Grimmsnarl, M|100\/100\n|switch|p2b: Arcano|Arcanine, M, shiny|100\/100\n|-ability|p2b: Arcano|Intimidate|boost\n|-unboost|p1a: Azumarill|atk|1\n|-unboost|p1b: Illumise|atk|1\n|turn|1\n|\n|t:|1701026563\n|switch|p2b: Memo Ochoa|Rillaboom, M|100\/100\n|-fieldstart|move: Grassy Terrain|[from] ability: Grassy Surge|[of] p2b: Memo Ochoa\n|move|p1b: Illumise|Substitute|p1b: Illumise\n|-start|p1b: Illumise|Substitute\n|-damage|p1b: Illumise|75\/100\n|move|p2a: El Lich|Reflect|p2a: El Lich\n|-sidestart|p2: Dracofran|Reflect\n|move|p1a: Azumarill|Aqua Tail|p2b: Memo Ochoa\n|-resisted|p2b: Memo Ochoa\n|-damage|p2b: Memo Ochoa|95\/100\n|\n|-heal|p2b: Memo Ochoa|100\/100|[from] Grassy Terrain\n|-heal|p1b: Illumise|81\/100|[from] Grassy Terrain\n|-heal|p1b: Illumise|87\/100|[from] item: Leftovers\n|upkeep\n|turn|2\n|\n|t:|1701026580\n|move|p2b: Memo Ochoa|Fake Out|p1b: Illumise\n|-activate|p1b: Illumise|move: Substitute|[damage]\n|-damage|p2b: Memo Ochoa|91\/100|[from] item: Life Orb\n|move|p1b: Illumise|Thunder Wave|p2b: Memo Ochoa\n|-status|p2b: Memo Ochoa|par\n|move|p2a: El Lich|Light Screen|p2a: El Lich\n|-sidestart|p2: Dracofran|move: Light Screen\n|move|p1a: Azumarill|Play Rough|p2a: El Lich\n|-supereffective|p2a: El Lich\n|-damage|p2a: El Lich|83\/100\n|\n|-heal|p1b: Illumise|93\/100|[from] Grassy Terrain\n|-heal|p1b: Illumise|99\/100|[from] item: Leftovers\n|-heal|p2a: El Lich|89\/100|[from] Grassy Terrain\n|-heal|p2b: Memo Ochoa|97\/100 par|[from] Grassy Terrain\n|upkeep\n|turn|3\n|j| JuanTz\n|\n|t:|1701026599\n|move|p2b: Memo Ochoa|Grassy Glide|p1a: Azumarill\n|-ability|p1a: Azumarill|Sap Sipper|boost\n|-boost|p1a: Azumarill|atk|1\n|move|p1b: Illumise|Struggle Bug|p2a: El Lich|[spread] p2a,p2b\n|-supereffective|p2b: Memo Ochoa\n|-damage|p2a: El Lich|82\/100\n|-damage|p2b: Memo Ochoa|79\/100 par\n|-unboost|p2a: El Lich|spa|1\n|-unboost|p2b: Memo Ochoa|spa|1\n|move|p2a: El Lich|Dark Pulse|p1b: Illumise\n|-end|p1b: Illumise|Substitute\n|move|p1a: Azumarill|Play Rough|p2a: El Lich\n|-supereffective|p2a: El Lich\n|-damage|p2a: El Lich|57\/100\n|\n|-heal|p1b: Illumise|100\/100|[from] Grassy Terrain\n|-heal|p2a: El Lich|63\/100|[from] Grassy Terrain\n|-heal|p2b: Memo Ochoa|85\/100 par|[from] Grassy Terrain\n|upkeep\n|turn|4\n|\n|t:|1701026618\n|move|p1b: Illumise|Substitute|p1b: Illumise\n|-start|p1b: Illumise|Substitute\n|-damage|p1b: Illumise|75\/100\n|move|p2a: El Lich|Dark Pulse|p1b: Illumise\n|-activate|p1b: Illumise|move: Substitute|[damage]\n|move|p1a: Azumarill|Play Rough|p2a: El Lich\n|-supereffective|p2a: El Lich\n|-damage|p2a: El Lich|35\/100\n|move|p2b: Memo Ochoa|U-turn|p1a: Azumarill\n|-resisted|p1a: Azumarill\n|-damage|p1a: Azumarill|87\/100\n|-damage|p2b: Memo Ochoa|75\/100 par|[from] item: Life Orb\n|l| JuanTz\n|\n|t:|1701026643\n|switch|p2b: Flutter Mane|Flutter Mane|100\/100|[from] U-turn\n|\n|-heal|p1b: Illumise|81\/100|[from] Grassy Terrain\n|-heal|p1b: Illumise|87\/100|[from] item: Leftovers\n|-heal|p2a: El Lich|41\/100|[from] Grassy Terrain\n|-heal|p1a: Azumarill|94\/100|[from] Grassy Terrain\n|upkeep\n|turn|5\n|\n|t:|1701026656\n|move|p2a: El Lich|Protect|p2a: El Lich\n|-singleturn|p2a: El Lich|Protect\n|move|p1b: Illumise|Thunder Wave|p2b: Flutter Mane\n|-status|p2b: Flutter Mane|par\n|move|p2b: Flutter Mane|Thunder Wave|p1a: Azumarill\n|-status|p1a: Azumarill|par\n|cant|p1a: Azumarill|par\n|\n|-heal|p1b: Illumise|93\/100|[from] Grassy Terrain\n|-heal|p1b: Illumise|99\/100|[from] item: Leftovers\n|-heal|p2a: El Lich|47\/100|[from] Grassy Terrain\n|-heal|p1a: Azumarill|99\/100 par|[from] Grassy Terrain\n|-fieldend|move: Grassy Terrain\n|upkeep\n|turn|6\n|\n|t:|1701026671\n|move|p1b: Illumise|Struggle Bug|p2a: El Lich|[spread] p2a,p2b\n|-resisted|p2b: Flutter Mane\n|-damage|p2a: El Lich|39\/100\n|-damage|p2b: Flutter Mane|99\/100 par\n|-unboost|p2a: El Lich|spa|1\n|-unboost|p2b: Flutter Mane|spa|1\n|move|p2b: Flutter Mane|Shadow Ball|p1a: Azumarill\n|-damage|p1a: Azumarill|73\/100 par\n|-unboost|p1a: Azumarill|spd|1\n|-damage|p2b: Flutter Mane|89\/100 par|[from] item: Life Orb\n|move|p2a: El Lich|Dark Pulse|p1b: Illumise\n|-end|p1b: Illumise|Substitute\n|move|p1a: Azumarill|Play Rough|p2a: El Lich\n|-supereffective|p2a: El Lich\n|-damage|p2a: El Lich|14\/100\n|\n|-heal|p1b: Illumise|100\/100|[from] item: Leftovers\n|upkeep\n|turn|7\n|\n|t:|1701026706\n|switch|p2a: Arcano|Arcanine, M, shiny|100\/100\n|-ability|p2a: Arcano|Intimidate|boost\n|-unboost|p1a: Azumarill|atk|1\n|-unboost|p1b: Illumise|atk|1\n|move|p1b: Illumise|Substitute|p1b: Illumise\n|-start|p1b: Illumise|Substitute\n|-damage|p1b: Illumise|75\/100\n|move|p2b: Flutter Mane|Thunder Wave||[still]\n|-fail|p2b: Flutter Mane\n|move|p1a: Azumarill|Play Rough|p2a: Arcano|[miss]\n|-miss|p1a: Azumarill|p2a: Arcano\n|\n|-heal|p1b: Illumise|81\/100|[from] item: Leftovers\n|upkeep\n|turn|8\n|\n|t:|1701026726\n|move|p2a: Arcano|Helping Hand|p2b: Flutter Mane\n|-singleturn|p2b: Flutter Mane|Helping Hand|[of] p2a: Arcano\n|move|p1b: Illumise|Thunder Wave|p2a: Arcano\n|-status|p2a: Arcano|par\n|cant|p2b: Flutter Mane|par\n|move|p1a: Azumarill|Aqua Tail|p2a: Arcano\n|-supereffective|p2a: Arcano\n|-damage|p2a: Arcano|85\/100 par\n|\n|-heal|p1b: Illumise|87\/100|[from] item: Leftovers\n|-heal|p2a: Arcano|91\/100 par|[from] item: Leftovers\n|-sideend|p2: Dracofran|Reflect\n|upkeep\n|turn|9\n|j| JuanTz\n|\n|t:|1701026753\n|switch|p1a: Amoonguss|Amoonguss, M|100\/100\n|move|p2a: Arcano|Helping Hand|p2b: Flutter Mane\n|-singleturn|p2b: Flutter Mane|Helping Hand|[of] p2a: Arcano\n|move|p1b: Illumise|Struggle Bug|p2a: Arcano|[spread] p2a,p2b\n|-resisted|p2a: Arcano\n|-crit|p2a: Arcano\n|-resisted|p2b: Flutter Mane\n|-damage|p2a: Arcano|85\/100 par\n|-damage|p2b: Flutter Mane|87\/100 par\n|-unboost|p2a: Arcano|spa|1\n|-unboost|p2b: Flutter Mane|spa|1\n|move|p2b: Flutter Mane|Shadow Ball|p1a: Amoonguss\n|-crit|p1a: Amoonguss\n|-damage|p1a: Amoonguss|0 fnt\n|faint|p1a: Amoonguss\n|-damage|p2b: Flutter Mane|77\/100 par|[from] item: Life Orb\n|\n|-heal|p1b: Illumise|93\/100|[from] item: Leftovers\n|-heal|p2a: Arcano|91\/100 par|[from] item: Leftovers\n|-sideend|p2: Dracofran|move: Light Screen\n|upkeep\n|\n|t:|1701026779\n|switch|p1a: Azumarill|Azumarill, F|73\/100 par\n|turn|10\n|\n|t:|1701026802\n|-end|p2b: Flutter Mane|Protosynthesis|[silent]\n|switch|p2b: Memo Ochoa|Rillaboom, M|75\/100 par\n|-fieldstart|move: Grassy Terrain|[from] ability: Grassy Surge|[of] p2b: Memo Ochoa\n|move|p2a: Arcano|Protect|p2a: Arcano\n|-singleturn|p2a: Arcano|Protect\n|move|p1b: Illumise|Fake Tears|p2b: Memo Ochoa\n|-unboost|p2b: Memo Ochoa|spd|2\n|move|p1a: Azumarill|Draining Kiss|p2b: Memo Ochoa\n|-damage|p2b: Memo Ochoa|44\/100 par\n|-heal|p1a: Azumarill|93\/100 par|[from] drain|[of] p2b: Memo Ochoa\n|\n|-heal|p1b: Illumise|99\/100|[from] Grassy Terrain\n|-heal|p1b: Illumise|100\/100|[from] item: Leftovers\n|-heal|p2b: Memo Ochoa|50\/100 par|[from] Grassy Terrain\n|-heal|p2a: Arcano|98\/100 par|[from] Grassy Terrain\n|-heal|p2a: Arcano|100\/100 par|[from] item: Leftovers\n|-heal|p1a: Azumarill|99\/100 par|[from] Grassy Terrain\n|upkeep\n|turn|11\n|\n|t:|1701026845\n|move|p2a: Arcano|Helping Hand|p2b: Memo Ochoa\n|-singleturn|p2b: Memo Ochoa|Helping Hand|[of] p2a: Arcano\n|move|p2b: Memo Ochoa|Grassy Glide|p1a: Azumarill\n|-ability|p1a: Azumarill|Sap Sipper|boost\n|-boost|p1a: Azumarill|atk|1\n|move|p1b: Illumise|Struggle Bug|p2a: Arcano|[spread] p2a,p2b\n|-resisted|p2a: Arcano\n|-supereffective|p2b: Memo Ochoa\n|-damage|p2a: Arcano|96\/100 par\n|-damage|p2b: Memo Ochoa|0 fnt\n|-unboost|p2a: Arcano|spa|1\n|faint|p2b: Memo Ochoa\n|move|p1a: Azumarill|Aqua Tail|p2a: Arcano\n|-supereffective|p2a: Arcano\n|-damage|p2a: Arcano|46\/100 par\n|\n|-heal|p2a: Arcano|52\/100 par|[from] Grassy Terrain\n|-heal|p2a: Arcano|58\/100 par|[from] item: Leftovers\n|-heal|p1a: Azumarill|100\/100 par|[from] Grassy Terrain\n|upkeep\n|\n|t:|1701026854\n|switch|p2b: Mugre|Murkrow, F|100\/100\n|turn|12\n|\n|t:|1701026868\n|move|p2b: Mugre|Haze|p2b: Mugre\n|-clearallboost\n|move|p1b: Illumise|Struggle Bug|p2a: Arcano|[spread] p2a,p2b\n|-resisted|p2a: Arcano\n|-damage|p2a: Arcano|54\/100 par\n|-damage|p2b: Mugre|91\/100\n|-unboost|p2a: Arcano|spa|1\n|-unboost|p2b: Mugre|spa|1\n|cant|p2a: Arcano|par\n|move|p1a: Azumarill|Play Rough|p2b: Mugre\n|-supereffective|p2b: Mugre\n|-damage|p2b: Mugre|50\/100\n|\n|-heal|p2a: Arcano|60\/100 par|[from] Grassy Terrain\n|-heal|p2a: Arcano|66\/100 par|[from] item: Leftovers\n|upkeep\n|turn|13\n|\n|t:|1701026888\n|switch|p2b: El Lich|Grimmsnarl, M|14\/100\n|move|p1b: Illumise|Struggle Bug|p2b: El Lich|[spread] p2a,p2b\n|-resisted|p2a: Arcano\n|-damage|p2a: Arcano|62\/100 par\n|-damage|p2b: El Lich|4\/100\n|-unboost|p2a: Arcano|spa|1\n|-unboost|p2b: El Lich|spa|1\n|cant|p2a: Arcano|par\n|move|p1a: Azumarill|Play Rough|p2b: El Lich\n|-supereffective|p2b: El Lich\n|-damage|p2b: El Lich|0 fnt\n|faint|p2b: El Lich\n|\n|-heal|p2a: Arcano|68\/100 par|[from] Grassy Terrain\n|-heal|p2a: Arcano|74\/100 par|[from] item: Leftovers\n|upkeep\n|\n|t:|1701026912\n|switch|p2b: Flutter Mane|Flutter Mane|77\/100 par\n|turn|14\n|\n|t:|1701026925\n|cant|p2a: Arcano|par\n|move|p1b: Illumise|Struggle Bug|p2b: Flutter Mane|[spread] p2a,p2b\n|-resisted|p2a: Arcano\n|-resisted|p2b: Flutter Mane\n|-damage|p2a: Arcano|70\/100 par\n|-damage|p2b: Flutter Mane|75\/100 par\n|-unboost|p2a: Arcano|spa|1\n|-unboost|p2b: Flutter Mane|spa|1\n|move|p2b: Flutter Mane|Shadow Ball|p1a: Azumarill\n|-damage|p1a: Azumarill|74\/100 par\n|-damage|p2b: Flutter Mane|65\/100 par|[from] item: Life Orb\n|move|p1a: Azumarill|Aqua Tail|p2a: Arcano\n|-supereffective|p2a: Arcano\n|-damage|p2a: Arcano|34\/100 par\n|\n|-heal|p2b: Flutter Mane|71\/100 par|[from] Grassy Terrain\n|-heal|p2a: Arcano|40\/100 par|[from] Grassy Terrain\n|-heal|p2a: Arcano|47\/100 par|[from] item: Leftovers\n|-heal|p1a: Azumarill|80\/100 par|[from] Grassy Terrain\n|-fieldend|move: Grassy Terrain\n|upkeep\n|turn|15\n|\n|t:|1701026962\n|cant|p2a: Arcano|par\n|move|p1b: Illumise|Fake Tears|p2b: Flutter Mane\n|-unboost|p2b: Flutter Mane|spd|2\n|move|p2b: Flutter Mane|Shadow Ball|p1a: Azumarill\n|-damage|p1a: Azumarill|52\/100 par\n|-damage|p2b: Flutter Mane|61\/100 par|[from] item: Life Orb\n|move|p1a: Azumarill|Draining Kiss|p2b: Flutter Mane\n|-damage|p2b: Flutter Mane|37\/100 par\n|-heal|p1a: Azumarill|63\/100 par|[from] drain|[of] p2b: Flutter Mane\n|\n|-heal|p2a: Arcano|53\/100 par|[from] item: Leftovers\n|upkeep\n|turn|16\n|\n|t:|1701026991\n|move|p1b: Illumise|Struggle Bug|p2a: Arcano|[spread] p2a,p2b\n|-resisted|p2a: Arcano\n|-resisted|p2b: Flutter Mane\n|-damage|p2a: Arcano|48\/100 par\n|-damage|p2b: Flutter Mane|32\/100 par\n|-unboost|p2a: Arcano|spa|1\n|-unboost|p2b: Flutter Mane|spa|1\n|move|p2b: Flutter Mane|Dazzling Gleam|p1a: Azumarill|[spread] p1a,p1b\n|-activate|p1b: Illumise|move: Substitute|[damage]\n|-damage|p1a: Azumarill|48\/100 par\n|-damage|p2b: Flutter Mane|22\/100 par|[from] item: Life Orb\n|move|p2a: Arcano|Flare Blitz|p1b: Illumise\n|-supereffective|p1b: Illumise\n|-end|p1b: Illumise|Substitute\n|-damage|p2a: Arcano|48\/100 par|[from] Recoil|[of] p1b: Illumise\n|move|p1a: Azumarill|Draining Kiss|p2b: Flutter Mane\n|-damage|p2b: Flutter Mane|0 fnt\n|-heal|p1a: Azumarill|58\/100 par|[from] drain|[of] p2b: Flutter Mane\n|faint|p2b: Flutter Mane\n|-end|p2b: Flutter Mane|Protosynthesis|[silent]\n|\n|-heal|p2a: Arcano|54\/100 par|[from] item: Leftovers\n|upkeep\n|\n|t:|1701027007\n|switch|p2b: Chillo|Chi-Yu|100\/100\n|-ability|p2b: Chillo|Beads of Ruin\n|turn|17\n|\n|t:|1701027017\n|move|p1b: Illumise|Substitute|p1b: Illumise\n|-start|p1b: Illumise|Substitute\n|-damage|p1b: Illumise|75\/100\n|move|p2b: Chillo|Ruination|p1a: Azumarill\n|-damage|p1a: Azumarill|29\/100 par\n|-damage|p2b: Chillo|91\/100|[from] item: Life Orb\n|move|p2a: Arcano|Flare Blitz|p1b: Illumise\n|-supereffective|p1b: Illumise\n|-crit|p1b: Illumise\n|-end|p1b: Illumise|Substitute\n|-damage|p2a: Arcano|47\/100 par|[from] Recoil|[of] p1b: Illumise\n|move|p1a: Azumarill|Aqua Tail|p2b: Chillo\n|-supereffective|p2b: Chillo\n|-damage|p2b: Chillo|22\/100\n|\n|-heal|p1b: Illumise|81\/100|[from] item: Leftovers\n|-heal|p2a: Arcano|54\/100 par|[from] item: Leftovers\n|upkeep\n|turn|18\n|\n|t:|1701027036\n|move|p1b: Illumise|Substitute|p1b: Illumise\n|-start|p1b: Illumise|Substitute\n|-damage|p1b: Illumise|57\/100\n|move|p1a: Azumarill|Aqua Jet|p2b: Chillo\n|-supereffective|p2b: Chillo\n|-damage|p2b: Chillo|0 fnt\n|faint|p2b: Chillo\n|move|p2a: Arcano|Flare Blitz|p1a: Azumarill\n|-resisted|p1a: Azumarill\n|-damage|p1a: Azumarill|12\/100 par\n|-damage|p2a: Arcano|48\/100 par|[from] Recoil\n|\n|-heal|p1b: Illumise|62\/100|[from] item: Leftovers\n|-heal|p2a: Arcano|54\/100 par|[from] item: Leftovers\n|upkeep\n|\n|t:|1701027045\n|switch|p2b: Mugre|Murkrow, F|50\/100\n|turn|19\n|\n|t:|1701027059\n|-terastallize|p2a: Arcano|Fire\n|cant|p1a: Azumarill|par\n|move|p1b: Illumise|Struggle Bug|p2a: Arcano|[spread] p2a,p2b\n|-resisted|p2a: Arcano\n|-damage|p2a: Arcano|50\/100 par\n|-damage|p2b: Mugre|38\/100\n|-unboost|p2a: Arcano|spa|1\n|-unboost|p2b: Mugre|spa|1\n|move|p2b: Mugre|U-turn|p1a: Azumarill\n|-resisted|p1a: Azumarill\n|-damage|p1a: Azumarill|6\/100 par\n|move|p2a: Arcano|Flare Blitz|p1b: Illumise\n|-supereffective|p1b: Illumise\n|-end|p1b: Illumise|Substitute\n|-damage|p2a: Arcano|43\/100 par|[from] Recoil|[of] p1b: Illumise\n|\n|-heal|p1b: Illumise|68\/100|[from] item: Leftovers\n|-heal|p2a: Arcano|49\/100 par|[from] item: Leftovers\n|upkeep\n|turn|20\n|\n|t:|1701027077\n|move|p1b: Illumise|Substitute|p1b: Illumise\n|-start|p1b: Illumise|Substitute\n|-damage|p1b: Illumise|43\/100\n|move|p1a: Azumarill|Aqua Jet|p2a: Arcano\n|-supereffective|p2a: Arcano\n|-damage|p2a: Arcano|32\/100 par\n|move|p2b: Mugre|U-turn|p1a: Azumarill\n|-resisted|p1a: Azumarill\n|-damage|p1a: Azumarill|0 fnt\n|faint|p1a: Azumarill\n|move|p2a: Arcano|Flare Blitz|p1b: Illumise\n|-supereffective|p1b: Illumise\n|-end|p1b: Illumise|Substitute\n|-damage|p2a: Arcano|26\/100 par|[from] Recoil|[of] p1b: Illumise\n|\n|-heal|p1b: Illumise|49\/100|[from] item: Leftovers\n|-heal|p2a: Arcano|32\/100 par|[from] item: Leftovers\n|upkeep\n|\n|t:|1701027095\n|switch|p1a: Ninetales|Ninetales-Alola, M|100\/100\n|-weather|Snow|[from] ability: Snow Warning|[of] p1a: Ninetales\n|turn|21\n|\n|t:|1701027101\n|move|p1b: Illumise|Substitute|p1b: Illumise\n|-start|p1b: Illumise|Substitute\n|-damage|p1b: Illumise|24\/100\n|move|p2b: Mugre|Tailwind|p2b: Mugre\n|-sidestart|p2: Dracofran|move: Tailwind\n|move|p1a: Ninetales|Aurora Veil|p1a: Ninetales\n|-sidestart|p1: MrManzanilla|move: Aurora Veil\n|move|p2a: Arcano|Flare Blitz|p1a: Ninetales\n|-supereffective|p1a: Ninetales\n|-damage|p1a: Ninetales|41\/100\n|-damage|p2a: Arcano|15\/100 par|[from] Recoil\n|\n|-weather|Snow|[upkeep]\n|-heal|p2a: Arcano|21\/100 par|[from] item: Leftovers\n|-heal|p1b: Illumise|30\/100|[from] item: Leftovers\n|upkeep\n|turn|22\n|\n|t:|1701027119\n|move|p2b: Mugre|Protect|p2b: Mugre\n|-singleturn|p2b: Mugre|Protect\n|move|p2a: Arcano|Protect|p2a: Arcano\n|-singleturn|p2a: Arcano|Protect\n|move|p1b: Illumise|Fake Tears|p2a: Arcano\n|-activate|p2a: Arcano|move: Protect\n|move|p1a: Ninetales|Blizzard|p2a: Arcano|[spread] \n|-activate|p2a: Arcano|move: Protect\n|-activate|p2b: Mugre|move: Protect\n|\n|-weather|Snow|[upkeep]\n|-heal|p2a: Arcano|28\/100 par|[from] item: Leftovers\n|-heal|p1b: Illumise|36\/100|[from] item: Leftovers\n|upkeep\n|turn|23\n|\n|t:|1701027135\n|-terastallize|p1a: Ninetales|Ice\n|move|p1b: Illumise|Fake Tears|p2a: Arcano\n|-unboost|p2a: Arcano|spd|2\n|move|p2b: Mugre|U-turn|p1b: Illumise\n|-activate|p1b: Illumise|move: Substitute|[damage]\n|move|p1a: Ninetales|Blizzard|p2a: Arcano|[spread] p2a,p2b\n|-resisted|p2a: Arcano\n|-supereffective|p2b: Mugre\n|-damage|p2a: Arcano|0 fnt\n|-damage|p2b: Mugre|0 fnt\n|faint|p2a: Arcano\n|faint|p2b: Mugre\n|\n|win|MrManzanilla\n|l|\u2606Dracofran\n|l| JuanTz\n","uploadtime":1701027194,"views":7,"p1id":"mrmanzanilla","p2id":"dracofran","formatid":"gen9doublesou","rating":0,"private":0,"password":""}