{"id":"gen9doublesou-1992139677","p1":"Mr. Alola Tales","p2":"iks-2013","format":"[Gen 9] Doubles OU","log":"|j|\u2606Mr. Alola Tales\n|j|\u2606iks-2013\n|t:|1700158322\n|gametype|doubles\n|player|p1|Mr. Alola Tales|archer|1457\n|player|p2|iks-2013|marshal|1439\n|teamsize|p1|6\n|teamsize|p2|6\n|gen|9\n|tier|[Gen 9] Doubles OU\n|rated|\n|rule|Species Clause: Limit one of each Pok\u00e9mon\n|rule|OHKO Clause: OHKO moves are banned\n|rule|Evasion Moves Clause: Evasion moves are banned\n|rule|Gravity Sleep Clause: The combination of sleep-inducing moves with imperfect accuracy and Gravity or Gigantamax Orbeetle are banned\n|rule|Endless Battle Clause: Forcing endless battles is banned\n|rule|HP Percentage Mod: HP is shown in percentages\n|clearpoke\n|poke|p1|Dusclops, F|\n|poke|p1|Ursaluna-Bloodmoon, M|\n|poke|p1|Ogerpon-Cornerstone, F|\n|poke|p1|Chi-Yu|\n|poke|p1|Iron Hands|\n|poke|p1|Landorus-Therian, M|\n|poke|p2|Thundurus-Therian, M|\n|poke|p2|Politoed, F|\n|poke|p2|Sinistcha|\n|poke|p2|Murkrow, M|\n|poke|p2|Palafin, M|\n|poke|p2|Ursaluna, M|\n|teampreview\n|j| MrPanda0526\n|inactive|Battle timer is ON: inactive players will automatically lose when time's up. (requested by Mr. Alola Tales)\n|\n|t:|1700158340\n|start\n|switch|p1a: Iron Hands|Iron Hands|100\/100\n|switch|p1b: Landorus|Landorus-Therian, M|100\/100\n|switch|p2a: Palafin|Palafin, M|100\/100\n|switch|p2b: Ursaluna|Ursaluna, M|100\/100\n|-ability|p1b: Landorus|Intimidate|boost\n|-unboost|p2a: Palafin|atk|1\n|-unboost|p2b: Ursaluna|atk|1\n|turn|1\n|\n|t:|1700158355\n|detailschange|p2a: Palafin|Palafin-Hero, M\n|switch|p2a: Sinistcha|Sinistcha|100\/100\n|move|p2b: Ursaluna|Protect|p2b: Ursaluna\n|-singleturn|p2b: Ursaluna|Protect\n|move|p1a: Iron Hands|Fake Out|p2a: Sinistcha\n|-immune|p2a: Sinistcha\n|move|p1b: Landorus|U-turn|p2a: Sinistcha\n|-damage|p2a: Sinistcha|74\/100\n|inactive|Mr. Alola Tales has 120 seconds left.\n|\n|t:|1700158387\n|switch|p1b: Chi-Yu|Chi-Yu|100\/100|[from] U-turn\n|-ability|p1b: Chi-Yu|Beads of Ruin\n|\n|-heal|p2a: Sinistcha|80\/100|[from] item: Leftovers\n|-status|p2b: Ursaluna|brn|[from] item: Flame Orb\n|upkeep\n|turn|2\n|inactive|Mr. Alola Tales has 120 seconds left.\n|\n|t:|1700158430\n|switch|p2a: Politoed|Politoed, F|100\/100\n|-weather|RainDance|[from] ability: Drizzle|[of] p2a: Politoed\n|move|p1b: Chi-Yu|Snarl|p2a: Politoed|[spread] p2a,p2b\n|-damage|p2a: Politoed|73\/100\n|-damage|p2b: Ursaluna|76\/100 brn\n|-unboost|p2a: Politoed|spa|1\n|-unboost|p2b: Ursaluna|spa|1\n|move|p2b: Ursaluna|Facade|p1b: Chi-Yu\n|-enditem|p1b: Chi-Yu|Focus Sash\n|-damage|p1b: Chi-Yu|1\/100\n|move|p1a: Iron Hands|Drain Punch|p2b: Ursaluna\n|-supereffective|p2b: Ursaluna\n|-damage|p2b: Ursaluna|1\/100 brn\n|\n|-weather|RainDance|[upkeep]\n|-damage|p2b: Ursaluna|0 fnt|[from] brn\n|faint|p2b: Ursaluna\n|upkeep\n|inactive|iks-2013 has 120 seconds left.\n|\n|t:|1700158451\n|switch|p2b: Thundurus|Thundurus-Therian, M|100\/100\n|turn|3\n|inactive|Mr. Alola Tales has 120 seconds left.\n|l| MrPanda0526\n|\n|t:|1700158476\n|-end|p1a: Iron Hands|Quark Drive|[silent]\n|switch|p1a: Ogerpon|Ogerpon-Cornerstone, F|100\/100\n|move|p1b: Chi-Yu|Protect|p1b: Chi-Yu\n|-singleturn|p1b: Chi-Yu|Protect\n|move|p2a: Politoed|Protect|p2a: Politoed\n|-singleturn|p2a: Politoed|Protect\n|move|p2b: Thundurus|Wildbolt Storm|p1a: Ogerpon|[spread] p1a\n|-activate|p1b: Chi-Yu|move: Protect\n|-resisted|p1a: Ogerpon\n|-damage|p1a: Ogerpon|56\/100\n|-status|p1a: Ogerpon|par\n|-damage|p2b: Thundurus|90\/100|[from] item: Life Orb\n|\n|-weather|RainDance|[upkeep]\n|upkeep\n|turn|4\n|inactive|Mr. Alola Tales has 120 seconds left.\n|\n|t:|1700158500\n|switch|p2a: Murkrow|Murkrow, M|100\/100\n|move|p2b: Thundurus|Weather Ball|p1a: Ogerpon\n|-damage|p1a: Ogerpon|0 fnt\n|faint|p1a: Ogerpon\n|-damage|p2b: Thundurus|80\/100|[from] item: Life Orb\n|move|p1b: Chi-Yu|Snarl|p2b: Thundurus|[spread] p2a,p2b\n|-resisted|p2a: Murkrow\n|-damage|p2a: Murkrow|86\/100\n|-damage|p2b: Thundurus|39\/100\n|-unboost|p2a: Murkrow|spa|1\n|-unboost|p2b: Thundurus|spa|1\n|\n|-weather|RainDance|[upkeep]\n|upkeep\n|\n|t:|1700158516\n|switch|p1a: Iron Hands|Iron Hands|100\/100\n|turn|5\n|inactive|Mr. Alola Tales has 120 seconds left.\n|\n|t:|1700158550\n|switch|p2b: Politoed|Politoed, F|73\/100\n|move|p1a: Iron Hands|Fake Out|p2a: Murkrow\n|-damage|p2a: Murkrow|68\/100\n|cant|p2a: Murkrow|flinch\n|move|p1b: Chi-Yu|Taunt|p2a: Murkrow\n|-start|p2a: Murkrow|move: Taunt\n|\n|-weather|RainDance|[upkeep]\n|upkeep\n|turn|6\n|\n|t:|1700158580\n|switch|p2a: Sinistcha|Sinistcha|80\/100\n|-heal|p2b: Politoed|98\/100|[from] ability: Hospitality|[of] p2a: Sinistcha\n|move|p1b: Chi-Yu|Snarl|p2a: Sinistcha|[spread] p2a,p2b\n|-supereffective|p2a: Sinistcha\n|-damage|p2a: Sinistcha|28\/100\n|-damage|p2b: Politoed|74\/100\n|-unboost|p2a: Sinistcha|spa|1\n|-unboost|p2b: Politoed|spa|1\n|move|p2b: Politoed|Icy Wind|p1a: Iron Hands|[spread] p1b\n|-miss|p2b: Politoed|p1a: Iron Hands\n|-resisted|p1b: Chi-Yu\n|-damage|p1b: Chi-Yu|0 fnt\n|faint|p1b: Chi-Yu\n|move|p1a: Iron Hands|Volt Switch|p2a: Sinistcha\n|-resisted|p2a: Sinistcha\n|-damage|p2a: Sinistcha|22\/100\n|inactive|Mr. Alola Tales has 90 seconds left.\n|\n|t:|1700158611\n|-end|p1a: Iron Hands|Quark Drive|[silent]\n|switch|p1a: Dusclops|Dusclops, F|100\/100|[from] Volt Switch\n|-item|p2a: Sinistcha|Leftovers|[from] ability: Frisk|[of] p1a: Dusclops|[identify]\n|-item|p2b: Politoed|Damp Rock|[from] ability: Frisk|[of] p1a: Dusclops|[identify]\n|\n|-weather|RainDance|[upkeep]\n|-heal|p2a: Sinistcha|28\/100|[from] item: Leftovers\n|upkeep\n|\n|t:|1700158619\n|switch|p1b: Ursaluna|Ursaluna-Bloodmoon, M|100\/100\n|turn|7\n|inactive|Mr. Alola Tales has 90 seconds left.\n|\n|t:|1700158628\n|move|p1b: Ursaluna|Protect|p1b: Ursaluna\n|-singleturn|p1b: Ursaluna|Protect\n|move|p2a: Sinistcha|Strength Sap|p1a: Dusclops\n|-unboost|p1a: Dusclops|atk|1\n|-heal|p2a: Sinistcha|100\/100\n|move|p2b: Politoed|Muddy Water|p1a: Dusclops|[spread] p1a\n|-activate|p1b: Ursaluna|move: Protect\n|-damage|p1a: Dusclops|81\/100\n|move|p1a: Dusclops|Trick Room|p1a: Dusclops\n|-fieldstart|move: Trick Room|[of] p1a: Dusclops\n|\n|-weather|RainDance|[upkeep]\n|upkeep\n|turn|8\n|\n|t:|1700158645\n|move|p1a: Dusclops|Helping Hand|p1b: Ursaluna\n|-singleturn|p1b: Ursaluna|Helping Hand|[of] p1a: Dusclops\n|move|p1b: Ursaluna|Hyper Voice|p2a: Sinistcha|[spread] p2a,p2b\n|-damage|p2a: Sinistcha|46\/100\n|-damage|p2b: Politoed|21\/100\n|-enditem|p1b: Ursaluna|Throat Spray\n|-boost|p1b: Ursaluna|spa|1|[from] item: Throat Spray\n|move|p2a: Sinistcha|Matcha Gotcha|p1a: Dusclops|[spread] p1a,p1b\n|-supereffective|p1b: Ursaluna\n|-damage|p1a: Dusclops|65\/100\n|-heal|p2a: Sinistcha|54\/100|[from] drain|[of] p1a: Dusclops\n|-damage|p1b: Ursaluna|67\/100\n|-heal|p2a: Sinistcha|78\/100|[from] drain|[of] p1b: Ursaluna\n|move|p2b: Politoed|Muddy Water|p1b: Ursaluna|[spread] p1a,p1b\n|-supereffective|p1b: Ursaluna\n|-damage|p1a: Dusclops|44\/100\n|-damage|p1b: Ursaluna|19\/100\n|-enditem|p1a: Dusclops|Sitrus Berry|[eat]\n|-heal|p1a: Dusclops|69\/100|[from] item: Sitrus Berry\n|\n|-weather|RainDance|[upkeep]\n|-heal|p2a: Sinistcha|84\/100|[from] item: Leftovers\n|upkeep\n|turn|9\n|inactive|Mr. Alola Tales has 120 seconds left.\n|\n|t:|1700158676\n|move|p1a: Dusclops|Helping Hand|p1b: Ursaluna\n|-singleturn|p1b: Ursaluna|Helping Hand|[of] p1a: Dusclops\n|move|p2b: Politoed|Protect|p2b: Politoed\n|-singleturn|p2b: Politoed|Protect\n|move|p1b: Ursaluna|Hyper Voice|p2b: Politoed|[spread] p2a\n|-activate|p2b: Politoed|move: Protect\n|-damage|p2a: Sinistcha|6\/100\n|move|p2a: Sinistcha|Scald|p1b: Ursaluna\n|-supereffective|p1b: Ursaluna\n|-damage|p1b: Ursaluna|0 fnt\n|faint|p1b: Ursaluna\n|\n|-weather|none\n|-heal|p2a: Sinistcha|12\/100|[from] item: Leftovers\n|upkeep\n|inactive|Mr. Alola Tales has 90 seconds left.\n|\n|t:|1700158690\n|switch|p1b: Iron Hands|Iron Hands|100\/100\n|turn|10\n|\n|t:|1700158702\n|switch|p2a: Murkrow|Murkrow, M|68\/100\n|switch|p2b: Palafin|Palafin-Hero, M|100\/100\n|-activate|p2b: Palafin|ability: Zero to Hero\n|move|p1b: Iron Hands|Fake Out|p2b: Palafin\n|-damage|p2b: Palafin|83\/100\n|move|p1a: Dusclops|Shadow Sneak|p2a: Murkrow\n|-resisted|p2a: Murkrow\n|-damage|p2a: Murkrow|63\/100\n|\n|upkeep\n|turn|11\n|inactive|Mr. Alola Tales has 120 seconds left.\n|inactive|iks-2013 has 120 seconds left.\n|\n|t:|1700158745\n|switch|p2b: Thundurus|Thundurus-Therian, M|39\/100\n|move|p1a: Dusclops|Shadow Sneak|p2b: Thundurus\n|-damage|p2b: Thundurus|23\/100\n|move|p2a: Murkrow|Tailwind|p2a: Murkrow\n|-sidestart|p2: iks-2013|move: Tailwind\n|move|p1b: Iron Hands|Drain Punch|p2a: Murkrow\n|-damage|p2a: Murkrow|13\/100\n|\n|-fieldend|move: Trick Room\n|upkeep\n|turn|12\n|inactive|iks-2013 has 120 seconds left.\n|inactive|Mr. Alola Tales has 120 seconds left.\n|\n|t:|1700158776\n|-end|p1b: Iron Hands|Quark Drive|[silent]\n|switch|p1b: Landorus|Landorus-Therian, M|100\/100\n|-ability|p1b: Landorus|Intimidate|boost\n|-unboost|p2a: Murkrow|atk|1\n|-unboost|p2b: Thundurus|atk|1\n|move|p2b: Thundurus|Dark Pulse|p1a: Dusclops\n|-supereffective|p1a: Dusclops\n|-crit|p1a: Dusclops\n|-damage|p1a: Dusclops|0 fnt\n|faint|p1a: Dusclops\n|-damage|p2b: Thundurus|13\/100|[from] item: Life Orb\n|move|p2a: Murkrow|Foul Play|p1b: Landorus\n|-damage|p1b: Landorus|31\/100\n|\n|upkeep\n|\n|t:|1700158788\n|switch|p1a: Iron Hands|Iron Hands|100\/100\n|turn|13\n|\n|t:|1700158797\n|switch|p2b: Politoed|Politoed, F|21\/100\n|-weather|RainDance|[from] ability: Drizzle|[of] p2b: Politoed\n|switch|p2a: Sinistcha|Sinistcha|12\/100\n|-heal|p2b: Politoed|46\/100|[from] ability: Hospitality|[of] p2a: Sinistcha\n|move|p1a: Iron Hands|Fake Out|p2b: Politoed\n|-damage|p2b: Politoed|33\/100\n|move|p1b: Landorus|Rock Slide|p2b: Politoed|[spread] p2a,p2b\n|-damage|p2a: Sinistcha|0 fnt\n|-damage|p2b: Politoed|12\/100\n|faint|p2a: Sinistcha\n|\n|-weather|RainDance|[upkeep]\n|upkeep\n|\n|t:|1700158814\n|switch|p2a: Palafin|Palafin-Hero, M|83\/100\n|turn|14\n|\n|t:|1700158825\n|-terastallize|p2a: Palafin|Water\n|-terastallize|p1b: Landorus|Water\n|move|p2a: Palafin|Jet Punch|p1a: Iron Hands\n|-damage|p1a: Iron Hands|54\/100\n|move|p1b: Landorus|Rock Slide|p2a: Palafin|[spread] p2a,p2b\n|-damage|p2a: Palafin|61\/100\n|-damage|p2b: Politoed|0 fnt\n|faint|p2b: Politoed\n|move|p1a: Iron Hands|Volt Switch|p2a: Palafin\n|-supereffective|p2a: Palafin\n|-damage|p2a: Palafin|34\/100\n|\n|-weather|RainDance|[upkeep]\n|-sideend|p2: iks-2013|move: Tailwind\n|upkeep\n|\n|t:|1700158841\n|switch|p2b: Thundurus|Thundurus-Therian, M|13\/100\n|turn|15\n|\n|t:|1700158858\n|move|p2a: Palafin|Jet Punch|p1a: Iron Hands\n|-damage|p1a: Iron Hands|9\/100\n|move|p1b: Landorus|Rock Slide|p2a: Palafin|[spread] p2a,p2b\n|-supereffective|p2b: Thundurus\n|-damage|p2a: Palafin|8\/100\n|-damage|p2b: Thundurus|0 fnt\n|faint|p2b: Thundurus\n|move|p1a: Iron Hands|Volt Switch|p2a: Palafin\n|-supereffective|p2a: Palafin\n|-damage|p2a: Palafin|0 fnt\n|faint|p2a: Palafin\n|\n|-weather|RainDance|[upkeep]\n|upkeep\n|\n|t:|1700158862\n|switch|p2a: Murkrow|Murkrow, M|13\/100\n|turn|16\n|c|\u2606iks-2013|gg\n|\n|t:|1700158882\n|move|p1b: Landorus|Rock Slide|p2a: Murkrow\n|-supereffective|p2a: Murkrow\n|-crit|p2a: Murkrow\n|-damage|p2a: Murkrow|0 fnt\n|faint|p2a: Murkrow\n|\n|win|Mr. Alola Tales\n|raw|Mr. Alola Tales's rating: 1457 &rarr; <strong>1476<\/strong><br \/>(+19 for winning)\n|raw|iks-2013's rating: 1439 &rarr; <strong>1420<\/strong><br \/>(-19 for losing)\n|l|\u2606iks-2013\n|c|\u2606Mr. Alola Tales|gg\n","uploadtime":1700158892,"views":7,"p1id":"mralolatales","p2id":"iks2013","formatid":"gen9doublesou","rating":1420,"private":0,"password":""}