{"id":"gen9doublesou-1969278715","p1":"Champion's Melody","p2":"tjdie","format":"[Gen 9] Doubles OU","log":"|j|\u2606Champion's Melody\n|j|\u2606tjdie\n|t:|1697509086\n|gametype|doubles\n|player|p1|Champion's Melody|cynthia|1168\n|player|p2|tjdie|266|1088\n|teamsize|p1|6\n|teamsize|p2|6\n|gen|9\n|tier|[Gen 9] Doubles OU\n|rated|\n|rule|Species Clause: Limit one of each Pok\u00e9mon\n|rule|OHKO Clause: OHKO moves are banned\n|rule|Evasion Moves Clause: Evasion moves are banned\n|rule|Gravity Sleep Clause: The combination of sleep-inducing moves with imperfect accuracy and Gravity or Gigantamax Orbeetle are banned\n|rule|Endless Battle Clause: Forcing endless battles is banned\n|rule|HP Percentage Mod: HP is shown in percentages\n|clearpoke\n|poke|p1|Lurantis, M|\n|poke|p1|Gliscor, M|\n|poke|p1|Salazzle, F|\n|poke|p1|Kleavor, M|\n|poke|p1|Basculegion-F, F|\n|poke|p1|Empoleon, M|\n|poke|p2|Torterra, M|\n|poke|p2|Rillaboom, F|\n|poke|p2|Cresselia, F|\n|poke|p2|Arboliva, M|\n|poke|p2|Overqwil, M|\n|poke|p2|Slowbro, M|\n|teampreview\n|inactive|Battle timer is ON: inactive players will automatically lose when time's up. (requested by Champion's Melody)\n|\n|t:|1697509114\n|start\n|switch|p1a: Empoleon|Empoleon, M|100\/100\n|switch|p1b: Kleavor|Kleavor, M|100\/100\n|switch|p2a: Rillaboom|Rillaboom, F|100\/100\n|switch|p2b: Slowbro|Slowbro, M|100\/100\n|-fieldstart|move: Grassy Terrain|[from] ability: Grassy Surge|[of] p2a: Rillaboom\n|turn|1\n|\n|t:|1697509131\n|-terastallize|p1a: Empoleon|Grass\n|move|p2a: Rillaboom|Fake Out|p1b: Kleavor\n|-resisted|p1b: Kleavor\n|-damage|p1b: Kleavor|92\/100\n|cant|p1b: Kleavor|flinch\n|move|p1a: Empoleon|Blizzard|p2a: Rillaboom|[spread] p2a,p2b\n|-supereffective|p2a: Rillaboom\n|-resisted|p2b: Slowbro\n|-damage|p2a: Rillaboom|23\/100\n|-damage|p2b: Slowbro|80\/100\n|-status|p2b: Slowbro|frz\n|-curestatus|p2b: Slowbro|frz|[msg]\n|move|p2b: Slowbro|Trick Room|p2b: Slowbro\n|-fieldstart|move: Trick Room|[of] p2b: Slowbro\n|\n|-heal|p2b: Slowbro|86\/100|[from] Grassy Terrain\n|-heal|p2b: Slowbro|92\/100|[from] item: Leftovers\n|-heal|p2a: Rillaboom|29\/100|[from] Grassy Terrain\n|-heal|p1b: Kleavor|98\/100|[from] Grassy Terrain\n|upkeep\n|turn|2\n|\n|t:|1697509153\n|switch|p2b: Overqwil|Overqwil, M|100\/100\n|-ability|p2b: Overqwil|Intimidate|boost\n|-unboost|p1a: Empoleon|atk|1\n|-ability|p1a: Empoleon|Competitive|boost\n|-boost|p1a: Empoleon|spa|2\n|-unboost|p1b: Kleavor|atk|1\n|switch|p2a: Cresselia|Cresselia, F|100\/100\n|move|p1a: Empoleon|Blizzard|p2a: Cresselia|[spread] p2b\n|-miss|p1a: Empoleon|p2a: Cresselia\n|-damage|p2b: Overqwil|0 fnt\n|faint|p2b: Overqwil\n|move|p1b: Kleavor|X-Scissor|p2a: Cresselia\n|-supereffective|p2a: Cresselia\n|-damage|p2a: Cresselia|30\/100\n|\n|-heal|p2a: Cresselia|36\/100|[from] item: Leftovers\n|-heal|p1b: Kleavor|100\/100|[from] Grassy Terrain\n|upkeep\n|inactive|tjdie has 120 seconds left.\n|\n|t:|1697509173\n|switch|p2b: Torterra|Torterra, M|100\/100\n|turn|3\n|\n|t:|1697509187\n|move|p2b: Torterra|Wood Hammer|p1b: Kleavor\n|-damage|p1b: Kleavor|0 fnt\n|faint|p1b: Kleavor\n|-damage|p2b: Torterra|77\/100|[from] Recoil\n|-damage|p2b: Torterra|67\/100|[from] item: Life Orb\n|move|p1a: Empoleon|Blizzard|p2a: Cresselia|[spread] \n|-miss|p1a: Empoleon|p2a: Cresselia\n|-miss|p1a: Empoleon|p2b: Torterra\n|move|p2a: Cresselia|Icy Wind|p1a: Empoleon\n|-supereffective|p1a: Empoleon\n|-damage|p1a: Empoleon|83\/100\n|-unboost|p1a: Empoleon|spe|1\n|-ability|p1a: Empoleon|Competitive|boost\n|-boost|p1a: Empoleon|spa|2\n|\n|-heal|p1a: Empoleon|89\/100|[from] Grassy Terrain\n|-heal|p2b: Torterra|73\/100|[from] Grassy Terrain\n|-heal|p2a: Cresselia|42\/100|[from] item: Leftovers\n|upkeep\n|\n|t:|1697509207\n|switch|p1b: Lurantis|Lurantis, M|100\/100\n|turn|4\n|\n|t:|1697509227\n|switch|p2b: Arboliva|Arboliva, M|100\/100\n|move|p2a: Cresselia|Protect|p2a: Cresselia\n|-singleturn|p2a: Cresselia|Protect\n|move|p1a: Empoleon|Blizzard|p2a: Cresselia|[spread] \n|-activate|p2a: Cresselia|move: Protect\n|-miss|p1a: Empoleon|p2b: Arboliva\n|move|p1b: Lurantis|Leaf Storm|p2b: Arboliva\n|-resisted|p2b: Arboliva\n|-damage|p2b: Arboliva|82\/100\n|-boost|p1b: Lurantis|spa|2\n|\n|-heal|p1a: Empoleon|95\/100|[from] Grassy Terrain\n|-heal|p2b: Arboliva|88\/100|[from] Grassy Terrain\n|-heal|p2a: Cresselia|48\/100|[from] item: Leftovers\n|upkeep\n|turn|5\n|\n|t:|1697509246\n|move|p1a: Empoleon|Blizzard|p2b: Arboliva|[spread] p2b\n|-miss|p1a: Empoleon|p2a: Cresselia\n|-supereffective|p2b: Arboliva\n|-damage|p2b: Arboliva|0 fnt\n|faint|p2b: Arboliva\n|move|p1b: Lurantis|Leaf Storm|p2a: Cresselia\n|-damage|p2a: Cresselia|0 fnt\n|-boost|p1b: Lurantis|spa|2\n|faint|p2a: Cresselia\n|\n|-heal|p1a: Empoleon|100\/100|[from] Grassy Terrain\n|-fieldend|move: Trick Room\n|-fieldend|move: Grassy Terrain\n|upkeep\n|l|\u2606tjdie\n|inactive|tjdie disconnected and has a minute to reconnect!\n|player|p2|\n|inactive|tjdie has 30 seconds to reconnect!\n|inactive|tjdie has 20 seconds to reconnect!\n|inactive|tjdie has 15 seconds to reconnect!\n|inactive|tjdie has 10 seconds to reconnect!\n|inactive|tjdie has 5 seconds to reconnect!\n|-message|tjdie lost due to inactivity.\n|\n|win|Champion's Melody\n|raw|Champion&apos;s Melody's rating: 1168 &rarr; <strong>1187<\/strong><br \/>(+19 for winning)\n|raw|tjdie's rating: 1088 &rarr; <strong>1070<\/strong><br \/>(-18 for losing)\n","uploadtime":1697509312,"views":11,"p1id":"championsmelody","p2id":"tjdie","formatid":"gen9doublesou","rating":1070,"private":0,"password":""}