{"id":"gen9doublesou-1981302546","p1":"qwedddd","p2":"Shrimpsinthesky","format":"[Gen 9] Doubles OU","log":"|j|\u2606qwedddd\n|j|\u2606Shrimpsinthesky\n|t:|1698881497\n|gametype|doubles\n|player|p1|qwedddd|101|1105\n|player|p2|Shrimpsinthesky|will|1060\n|teamsize|p1|6\n|teamsize|p2|5\n|gen|9\n|tier|[Gen 9] Doubles OU\n|rated|\n|rule|Species Clause: Limit one of each Pok\u00e9mon\n|rule|OHKO Clause: OHKO moves are banned\n|rule|Evasion Moves Clause: Evasion moves are banned\n|rule|Gravity Sleep Clause: The combination of sleep-inducing moves with imperfect accuracy and Gravity or Gigantamax Orbeetle are banned\n|rule|Endless Battle Clause: Forcing endless battles is banned\n|rule|HP Percentage Mod: HP is shown in percentages\n|clearpoke\n|poke|p1|Cresselia, F|\n|poke|p1|Gliscor, F|\n|poke|p1|Glimmora, M|\n|poke|p1|Garganacl, F|\n|poke|p1|Dondozo, F|\n|poke|p1|Regieleki|\n|poke|p2|Garganacl, F|\n|poke|p2|Rabsca, F|\n|poke|p2|Forretress, M|\n|poke|p2|Golem-Alola, F|\n|poke|p2|Pawmot, F|\n|teampreview\n|inactive|Battle timer is ON: inactive players will automatically lose when time's up. (requested by Shrimpsinthesky)\n|\n|t:|1698881507\n|start\n|switch|p1a: Cresselia|Cresselia, F|100\/100\n|switch|p1b: Gliscor|Gliscor, F|100\/100\n|switch|p2a: Golem|Golem-Alola, F|100\/100\n|switch|p2b: Rabsca|Rabsca, F|100\/100\n|turn|1\n|\n|t:|1698881519\n|switch|p2a: Garganacl|Garganacl, F|100\/100\n|move|p1b: Gliscor|Spikes|p2a: Garganacl\n|-sidestart|p2: Shrimpsinthesky|Spikes\n|move|p1a: Cresselia|Skill Swap|p1b: Gliscor\n|-activate|p1a: Cresselia|move: Skill Swap|||[of] p1b: Gliscor\n|move|p2b: Rabsca|Trick Room|p2b: Rabsca\n|-fieldstart|move: Trick Room|[of] p2b: Rabsca\n|\n|-status|p1a: Cresselia|tox|[from] item: Toxic Orb\n|upkeep\n|turn|2\n|\n|t:|1698881535\n|move|p1a: Cresselia|Protect|p1a: Cresselia\n|-singleturn|p1a: Cresselia|Protect\n|move|p2a: Garganacl|Explosion|p1b: Gliscor|[spread] p1b\n|-activate|p1a: Cresselia|move: Protect\n|-activate|p2b: Rabsca|ability: Telepathy\n|-damage|p1b: Gliscor|47\/100\n|faint|p2a: Garganacl\n|move|p2b: Rabsca|Revival Blessing|p2b: Rabsca\n|-enditem|p2b: Rabsca|Leppa Berry|[eat]\n|-activate|p2b: Rabsca|item: Leppa Berry|Revival Blessing|[consumed]\n|\n|t:|1698881540\n|-heal|p2: Garganacl|50\/100|[from] move: Revival Blessing\n|switch|p2a: Garganacl|Garganacl, F|50\/100\n|-damage|p2a: Garganacl|38\/100|[from] Spikes\n|move|p1b: Gliscor|Toxic|p2a: Garganacl\n|-status|p2a: Garganacl|tox\n|\n|-heal|p1b: Gliscor|53\/100|[from] item: Leftovers\n|-damage|p2a: Garganacl|32\/100 tox|[from] psn\n|upkeep\n|turn|3\n|c|\u2606qwedddd|no way i saw this video\n|c|\u2606Shrimpsinthesky|Hihi\n|\n|t:|1698881569\n|move|p2a: Garganacl|Explosion|p1a: Cresselia|[spread] p1a,p1b\n|-activate|p2b: Rabsca|ability: Telepathy\n|-damage|p1a: Cresselia|46\/100 tox\n|-damage|p1b: Gliscor|3\/100\n|faint|p2a: Garganacl\n|move|p2b: Rabsca|Revival Blessing|p2b: Rabsca\n|c|\u2606Shrimpsinthesky|I forgpt what the exact tzam was\n|\n|t:|1698881576\n|-heal|p2: Garganacl|50\/100|[from] move: Revival Blessing\n|switch|p2a: Garganacl|Garganacl, F|50\/100\n|-damage|p2a: Garganacl|38\/100|[from] Spikes\n|move|p1a: Cresselia|Facade|p2b: Rabsca\n|-damage|p2b: Rabsca|75\/100\n|move|p1b: Gliscor|Spikes|p2a: Garganacl\n|-sidestart|p2: Shrimpsinthesky|Spikes\n|\n|-heal|p1b: Gliscor|10\/100|[from] item: Leftovers\n|-heal|p1a: Cresselia|58\/100 tox|[from] ability: Poison Heal\n|upkeep\n|turn|4\n|\n|t:|1698881596\n|move|p1a: Cresselia|Protect|p1a: Cresselia\n|-singleturn|p1a: Cresselia|Protect\n|move|p1b: Gliscor|Protect|p1b: Gliscor\n|-singleturn|p1b: Gliscor|Protect\n|move|p2a: Garganacl|Explosion|p1a: Cresselia|[spread] \n|-activate|p1a: Cresselia|move: Protect\n|-activate|p1b: Gliscor|move: Protect\n|-activate|p2b: Rabsca|ability: Telepathy\n|faint|p2a: Garganacl\n|move|p2b: Rabsca|Bug Buzz|p1a: Cresselia\n|-activate|p1a: Cresselia|move: Protect\n|\n|-heal|p1b: Gliscor|16\/100|[from] item: Leftovers\n|-heal|p1a: Cresselia|71\/100 tox|[from] ability: Poison Heal\n|upkeep\n|\n|t:|1698881605\n|switch|p2a: Forretress|Forretress, M|100\/100\n|-damage|p2a: Forretress|84\/100|[from] Spikes\n|turn|5\n|\n|t:|1698881620\n|move|p2a: Forretress|Explosion|p1b: Gliscor|[spread] p1a,p1b\n|-activate|p2b: Rabsca|ability: Telepathy\n|-damage|p1a: Cresselia|45\/100 tox\n|-damage|p1b: Gliscor|0 fnt\n|faint|p2a: Forretress\n|faint|p1b: Gliscor\n|move|p2b: Rabsca|Bug Buzz|p1a: Cresselia\n|-supereffective|p1a: Cresselia\n|-damage|p1a: Cresselia|8\/100 tox\n|move|p1a: Cresselia|Facade|p2b: Rabsca\n|-damage|p2b: Rabsca|48\/100\n|\n|-heal|p1a: Cresselia|21\/100 tox|[from] ability: Poison Heal\n|-fieldend|move: Trick Room\n|upkeep\n|c|\u2606Shrimpsinthesky|Gg anyway\n|\n|t:|1698881638\n|switch|p1b: Glimmora|Glimmora, M|100\/100\n|switch|p2a: Golem|Golem-Alola, F|100\/100\n|-damage|p2a: Golem|84\/100|[from] Spikes\n|turn|6\n|\n|t:|1698881650\n|move|p1a: Cresselia|Protect|p1a: Cresselia\n|-singleturn|p1a: Cresselia|Protect\n|move|p1b: Glimmora|Stealth Rock|p2a: Golem\n|-sidestart|p2: Shrimpsinthesky|move: Stealth Rock\n|move|p2a: Golem|Explosion|p1b: Glimmora|[spread] p1b\n|-activate|p1a: Cresselia|move: Protect\n|-activate|p2b: Rabsca|ability: Telepathy\n|-enditem|p1b: Glimmora|Focus Sash\n|-damage|p1b: Glimmora|1\/100\n|-activate|p1b: Glimmora|ability: Toxic Debris\n|-sidestart|p2: Shrimpsinthesky|move: Toxic Spikes\n|faint|p2a: Golem\n|move|p2b: Rabsca|Trick Room|p2b: Rabsca\n|-fieldstart|move: Trick Room|[of] p2b: Rabsca\n|\n|-heal|p1a: Cresselia|33\/100 tox|[from] ability: Poison Heal\n|upkeep\n|\n|t:|1698881656\n|switch|p2a: Pawmot|Pawmot, F|100\/100\n|-damage|p2a: Pawmot|84\/100|[from] Spikes\n|-damage|p2a: Pawmot|78\/100|[from] Stealth Rock\n|-status|p2a: Pawmot|psn\n|turn|7\n|\n|t:|1698881676\n|move|p1b: Glimmora|Spiky Shield|p1b: Glimmora\n|-singleturn|p1b: Glimmora|move: Protect\n|move|p1a: Cresselia|Ally Switch||[still]\n|-fail|p1a: Cresselia\n|move|p2b: Rabsca|Psychic|p1b: Glimmora\n|-activate|p1b: Glimmora|move: Protect\n|move|p2a: Pawmot|Revival Blessing|p2a: Pawmot\n|\n|t:|1698881680\n|-heal|p2: Golem|50\/100|[from] move: Revival Blessing\n|\n|-heal|p1a: Cresselia|46\/100 tox|[from] ability: Poison Heal\n|-damage|p2a: Pawmot|66\/100 psn|[from] psn\n|upkeep\n|turn|8\n|\n|t:|1698881691\n|move|p1a: Cresselia|Protect|p1a: Cresselia\n|-singleturn|p1a: Cresselia|Protect\n|move|p2b: Rabsca|Psychic|p1b: Glimmora\n|-supereffective|p1b: Glimmora\n|-damage|p1b: Glimmora|0 fnt\n|faint|p1b: Glimmora\n|move|p2a: Pawmot|Double Shock|p1a: Cresselia\n|-activate|p1a: Cresselia|move: Protect\n|\n|-heal|p1a: Cresselia|58\/100 tox|[from] ability: Poison Heal\n|-damage|p2a: Pawmot|53\/100 psn|[from] psn\n|upkeep\n|\n|t:|1698881707\n|switch|p1b: Garganacl|Garganacl, F|100\/100\n|turn|9\n|\n|t:|1698881716\n|move|p1b: Garganacl|Salt Cure|p2a: Pawmot\n|-resisted|p2a: Pawmot\n|-damage|p2a: Pawmot|41\/100 psn\n|-start|p2a: Pawmot|Salt Cure\n|move|p2b: Rabsca|Bug Buzz|p1a: Cresselia\n|-supereffective|p1a: Cresselia\n|-damage|p1a: Cresselia|23\/100 tox\n|move|p1a: Cresselia|Facade|p2b: Rabsca\n|-damage|p2b: Rabsca|21\/100\n|move|p2a: Pawmot|Close Combat|p1b: Garganacl\n|-supereffective|p1b: Garganacl\n|-damage|p1b: Garganacl|17\/100\n|-unboost|p2a: Pawmot|def|1\n|-unboost|p2a: Pawmot|spd|1\n|\n|-heal|p1b: Garganacl|23\/100|[from] item: Leftovers\n|-heal|p1a: Cresselia|35\/100 tox|[from] ability: Poison Heal\n|-damage|p2a: Pawmot|29\/100 psn|[from] psn\n|-damage|p2a: Pawmot|16\/100 psn|[from] Salt Cure\n|upkeep\n|turn|10\n|\n|t:|1698881737\n|move|p1b: Garganacl|Protect|p1b: Garganacl\n|-singleturn|p1b: Garganacl|Protect\n|move|p1a: Cresselia|Protect|p1a: Cresselia\n|-singleturn|p1a: Cresselia|Protect\n|move|p2b: Rabsca|Bug Buzz|p1a: Cresselia\n|-activate|p1a: Cresselia|move: Protect\n|move|p2a: Pawmot|Close Combat|p1b: Garganacl\n|-activate|p1b: Garganacl|move: Protect\n|\n|-heal|p1b: Garganacl|29\/100|[from] item: Leftovers\n|-heal|p1a: Cresselia|48\/100 tox|[from] ability: Poison Heal\n|-damage|p2a: Pawmot|4\/100 psn|[from] psn\n|-damage|p2a: Pawmot|0 fnt|[from] Salt Cure\n|faint|p2a: Pawmot\n|-fieldend|move: Trick Room\n|upkeep\n|\n|t:|1698881743\n|switch|p2a: Golem|Golem-Alola, F|50\/100\n|-damage|p2a: Golem|34\/100|[from] Spikes\n|-damage|p2a: Golem|22\/100|[from] Stealth Rock\n|-status|p2a: Golem|psn\n|turn|11\n|\n|t:|1698881754\n|-terastallize|p1a: Cresselia|Normal\n|move|p1a: Cresselia|Facade|p2b: Rabsca\n|-damage|p2b: Rabsca|0 fnt\n|faint|p2b: Rabsca\n|move|p2a: Golem|Explosion|p1b: Garganacl|[spread] p1a,p1b\n|-damage|p1a: Cresselia|0 fnt\n|-damage|p1b: Garganacl|0 fnt\n|faint|p2a: Golem\n|faint|p1a: Cresselia\n|faint|p1b: Garganacl\n|\n|win|qwedddd\n|raw|qwedddd's rating: 1105 &rarr; <strong>1127<\/strong><br \/>(+22 for winning)\n|raw|Shrimpsinthesky's rating: 1060 &rarr; <strong>1043<\/strong><br \/>(-17 for losing)\n|c|\u2606qwedddd|gg\n|l|\u2606Shrimpsinthesky\n","uploadtime":1698881762,"views":20,"p1id":"qwedddd","p2id":"shrimpsinthesky","formatid":"gen9doublesou","rating":1043,"private":0,"password":""}