{"id":"gen9doublesou-1987475575","p1":"Udc max","p2":"HMercury","format":"[Gen 9] Doubles OU","log":"|j|\u2606Udc max\n|j|\u2606HMercury\n|t:|1699597754\n|gametype|doubles\n|player|p1|Udc max|lance|1055\n|player|p2|HMercury|roxie|1151\n|teamsize|p1|6\n|teamsize|p2|6\n|gen|9\n|tier|[Gen 9] Doubles OU\n|rated|\n|rule|Species Clause: Limit one of each Pok\u00e9mon\n|rule|OHKO Clause: OHKO moves are banned\n|rule|Evasion Moves Clause: Evasion moves are banned\n|rule|Gravity Sleep Clause: The combination of sleep-inducing moves with imperfect accuracy and Gravity or Gigantamax Orbeetle are banned\n|rule|Endless Battle Clause: Forcing endless battles is banned\n|rule|HP Percentage Mod: HP is shown in percentages\n|clearpoke\n|poke|p1|Pelipper, M|\n|poke|p1|Politoed, M|\n|poke|p1|Cloyster, M|\n|poke|p1|Ninetales-Alola, F|\n|poke|p1|Manaphy|\n|poke|p1|Chien-Pao|\n|poke|p2|Gliscor, M|\n|poke|p2|Empoleon, M|\n|poke|p2|Ninetales-Alola, F|\n|poke|p2|Roaring Moon|\n|poke|p2|Ribombee, F|\n|poke|p2|Ogerpon-Wellspring, F|\n|teampreview\n|inactive|Battle timer is ON: inactive players will automatically lose when time's up. (requested by HMercury)\n|\n|t:|1699597781\n|start\n|switch|p1a: Ninetales|Ninetales-Alola, F|100\/100\n|switch|p1b: Cloyster|Cloyster, M|100\/100\n|switch|p2a: Ribombee|Ribombee, F, shiny|100\/100\n|switch|p2b: Gliscor|Gliscor, M, shiny|100\/100\n|-weather|Snow|[from] ability: Snow Warning|[of] p1a: Ninetales\n|turn|1\n|\n|t:|1699597797\n|move|p2b: Gliscor|Protect|p2b: Gliscor\n|-singleturn|p2b: Gliscor|Protect\n|move|p2a: Ribombee|Sticky Web|p1a: Ninetales\n|-sidestart|p1: Udc max|move: Sticky Web\n|move|p1a: Ninetales|Aurora Veil|p1a: Ninetales\n|-sidestart|p1: Udc max|move: Aurora Veil\n|move|p1b: Cloyster|Shell Smash|p1b: Cloyster\n|-unboost|p1b: Cloyster|def|1\n|-unboost|p1b: Cloyster|spd|1\n|-boost|p1b: Cloyster|atk|2\n|-boost|p1b: Cloyster|spa|2\n|-boost|p1b: Cloyster|spe|2\n|-enditem|p1b: Cloyster|White Herb\n|-clearnegativeboost|p1b: Cloyster|[silent]\n|\n|-weather|Snow|[upkeep]\n|-status|p2b: Gliscor|tox|[from] item: Toxic Orb\n|upkeep\n|turn|2\n|inactive|HMercury has 120 seconds left.\n|\n|t:|1699597836\n|switch|p2b: Ninetales|Ninetales-Alola, F|100\/100\n|move|p1b: Cloyster|Icicle Spear|p2a: Ribombee\n|-damage|p2a: Ribombee|56\/100\n|-damage|p2a: Ribombee|10\/100\n|-damage|p2a: Ribombee|0 fnt\n|faint|p2a: Ribombee\n|-hitcount|p2: Ribombee|3\n|move|p1a: Ninetales|Freeze-Dry|p2b: Ninetales\n|-resisted|p2b: Ninetales\n|-damage|p2b: Ninetales|88\/100\n|\n|-weather|Snow|[upkeep]\n|upkeep\n|inactive|HMercury has 90 seconds left.\n|\n|t:|1699597869\n|switch|p2a: Ogerpon|Ogerpon-Wellspring, F|100\/100\n|turn|3\n|\n|t:|1699597878\n|-terastallize|p2a: Ogerpon|Water\n|detailschange|p2a: Ogerpon|Ogerpon-Wellspring-Tera, F, tera:Water\n|-ability|p2a: Ogerpon|Embody Aspect (Wellspring)|boost\n|-boost|p2a: Ogerpon|spd|1\n|move|p1b: Cloyster|Rock Blast|p2b: Ninetales\n|-supereffective|p2b: Ninetales\n|-damage|p2b: Ninetales|60\/100\n|-supereffective|p2b: Ninetales\n|-damage|p2b: Ninetales|35\/100\n|-supereffective|p2b: Ninetales\n|-damage|p2b: Ninetales|7\/100\n|-supereffective|p2b: Ninetales\n|-damage|p2b: Ninetales|0 fnt\n|faint|p2b: Ninetales\n|-hitcount|p2: Ninetales|4\n|move|p1a: Ninetales|Freeze-Dry|p2a: Ogerpon\n|-supereffective|p2a: Ogerpon\n|-damage|p2a: Ogerpon|74\/100\n|move|p2a: Ogerpon|Horn Leech|p1b: Cloyster\n|-supereffective|p1b: Cloyster\n|-damage|p1b: Cloyster|72\/100\n|-heal|p2a: Ogerpon|84\/100|[from] drain|[of] p1b: Cloyster\n|\n|-weather|Snow|[upkeep]\n|upkeep\n|\n|t:|1699597900\n|switch|p2b: Empoleon|Empoleon, M|100\/100\n|turn|4\n|\n|t:|1699597919\n|move|p1b: Cloyster|Rock Blast|p2a: Ogerpon\n|-damage|p2a: Ogerpon|68\/100\n|-damage|p2a: Ogerpon|51\/100\n|-damage|p2a: Ogerpon|35\/100\n|-damage|p2a: Ogerpon|18\/100\n|-damage|p2a: Ogerpon|0 fnt\n|faint|p2a: Ogerpon\n|-hitcount|p2: Ogerpon|5\n|move|p1a: Ninetales|Dazzling Gleam|p2b: Empoleon\n|-resisted|p2b: Empoleon\n|-damage|p2b: Empoleon|86\/100\n|move|p2b: Empoleon|Flash Cannon|p1a: Ninetales\n|-supereffective|p1a: Ninetales\n|-damage|p1a: Ninetales|0 fnt\n|faint|p1a: Ninetales\n|-damage|p2b: Empoleon|76\/100|[from] item: Life Orb\n|\n|-weather|Snow|[upkeep]\n|upkeep\n|inactive|HMercury has 120 seconds left.\n|\n|t:|1699597940\n|switch|p1a: Chien-Pao|Chien-Pao|100\/100\n|switch|p2a: Gliscor|Gliscor, M, shiny|100\/100 tox\n|-activate|p1a: Chien-Pao|move: Sticky Web\n|-unboost|p1a: Chien-Pao|spe|1\n|-ability|p1a: Chien-Pao|Sword of Ruin\n|turn|5\n|inactive|HMercury has 120 seconds left.\n|\n|t:|1699597962\n|move|p2a: Gliscor|Protect|p2a: Gliscor\n|-singleturn|p2a: Gliscor|Protect\n|move|p1b: Cloyster|Drill Run|p2b: Empoleon\n|-supereffective|p2b: Empoleon\n|-damage|p2b: Empoleon|0 fnt\n|faint|p2b: Empoleon\n|move|p1a: Chien-Pao|Swords Dance|p1a: Chien-Pao\n|-boost|p1a: Chien-Pao|atk|2\n|\n|-weather|none\n|upkeep\n|\n|t:|1699597971\n|switch|p2b: Roaring Moon|Roaring Moon|100\/100\n|-enditem|p2b: Roaring Moon|Booster Energy\n|-activate|p2b: Roaring Moon|ability: Protosynthesis|[fromitem]\n|-start|p2b: Roaring Moon|protosynthesisatk\n|turn|6\n|\n|t:|1699597982\n|move|p1a: Chien-Pao|Sucker Punch||[still]\n|-fail|p1a: Chien-Pao\n|move|p1b: Cloyster|Icicle Spear|p2b: Roaring Moon\n|-supereffective|p2b: Roaring Moon\n|-damage|p2b: Roaring Moon|23\/100\n|-supereffective|p2b: Roaring Moon\n|-damage|p2b: Roaring Moon|0 fnt\n|faint|p2b: Roaring Moon\n|-end|p2b: Roaring Moon|Protosynthesis|[silent]\n|-hitcount|p2: Roaring Moon|2\n|move|p2a: Gliscor|Toxic|p1b: Cloyster\n|-status|p1b: Cloyster|tox\n|\n|-damage|p1b: Cloyster|66\/100 tox|[from] psn\n|upkeep\n|turn|7\n|-message|HMercury forfeited.\n|\n|win|Udc max\n|raw|Udc max's rating: 1055 &rarr; <strong>1095<\/strong><br \/>(+40 for winning)\n|raw|HMercury's rating: 1151 &rarr; <strong>1119<\/strong><br \/>(-32 for losing)\n|l|\u2606HMercury\n","uploadtime":1699598000,"views":22,"p1id":"udcmax","p2id":"hmercury","formatid":"gen9doublesou","rating":1095,"private":0,"password":""}