{"id":"gen9doublesou-1999440275","p1":"ADO_95","p2":"musichat","format":"[Gen 9] Doubles OU","log":"|j|\u2606ADO_95\n|j|\u2606musichat\n|t:|1701080862\n|gametype|doubles\n|player|p1|ADO_95|ethan|1333\n|player|p2|musichat|guitarist|1435\n|teamsize|p1|6\n|teamsize|p2|6\n|gen|9\n|tier|[Gen 9] Doubles OU\n|rated|\n|rule|Species Clause: Limit one of each Pok\u00e9mon\n|rule|OHKO Clause: OHKO moves are banned\n|rule|Evasion Moves Clause: Evasion moves are banned\n|rule|Gravity Sleep Clause: The combination of sleep-inducing moves with imperfect accuracy and Gravity or Gigantamax Orbeetle are banned\n|rule|Endless Battle Clause: Forcing endless battles is banned\n|rule|HP Percentage Mod: HP is shown in percentages\n|clearpoke\n|poke|p1|Orthworm, M|\n|poke|p1|Haxorus, M|\n|poke|p1|Magnezone|\n|poke|p1|Gyarados, M|\n|poke|p1|Volcarona, M|\n|poke|p1|Glimmora, F|\n|poke|p2|Landorus-Therian, M|\n|poke|p2|Iron Hands|\n|poke|p2|Ogerpon-Hearthflame, F|\n|poke|p2|Gholdengo|\n|poke|p2|Tornadus, M|\n|poke|p2|Chien-Pao|\n|teampreview\n|inactive|Battle timer is ON: inactive players will automatically lose when time's up. (requested by musichat)\n|inactive|musichat has 120 seconds left.\n|\n|t:|1701080907\n|start\n|switch|p1a: Gyarados|Gyarados, M|100\/100\n|switch|p1b: Glimmora|Glimmora, F|100\/100\n|switch|p2a: Lemmy|Landorus-Therian, M|100\/100\n|switch|p2b: Tony Iommi|Iron Hands|100\/100\n|-ability|p1a: Gyarados|Intimidate|boost\n|-unboost|p2a: Lemmy|atk|1\n|-unboost|p2b: Tony Iommi|atk|1\n|-ability|p2a: Lemmy|Intimidate|boost\n|-unboost|p1a: Gyarados|atk|1\n|-unboost|p1b: Glimmora|atk|1\n|turn|1\n|\n|t:|1701080938\n|switch|p1a: Orthworm|Orthworm, M|100\/100\n|move|p2b: Tony Iommi|Fake Out|p1a: Orthworm\n|-resisted|p1a: Orthworm\n|-damage|p1a: Orthworm|97\/100\n|move|p1b: Glimmora|Dazzling Gleam|p2a: Lemmy|[spread] p2a,p2b\n|-supereffective|p2b: Tony Iommi\n|-damage|p2a: Lemmy|85\/100\n|-damage|p2b: Tony Iommi|79\/100\n|move|p2a: Lemmy|Stomping Tantrum|p1b: Glimmora\n|-supereffective|p1b: Glimmora\n|-damage|p1b: Glimmora|0 fnt\n|-activate|p1b: Glimmora|ability: Toxic Debris\n|-sidestart|p2: musichat|move: Toxic Spikes\n|faint|p1b: Glimmora\n|\n|-heal|p1a: Orthworm|100\/100|[from] item: Leftovers\n|upkeep\n|inactive|ADO_95 has 120 seconds left.\n|\n|t:|1701080954\n|switch|p1b: Haxorus|Haxorus, M|100\/100\n|-ability|p1b: Haxorus|Unnerve\n|turn|2\n|\n|t:|1701080965\n|move|p1b: Haxorus|Dragon Dance|p1b: Haxorus\n|-boost|p1b: Haxorus|atk|1\n|-boost|p1b: Haxorus|spe|1\n|move|p2a: Lemmy|U-turn|p1b: Haxorus\n|-damage|p1b: Haxorus|76\/100\n|\n|t:|1701080974\n|switch|p2a: tornado of souls|Tornadus, M|100\/100|[from] U-turn\n|move|p1a: Orthworm|Shed Tail|p1a: Orthworm\n|-start|p1a: Orthworm|Substitute|[from] move: Shed Tail\n|-damage|p1a: Orthworm|50\/100\n|\n|t:|1701080997\n|switch|p1a: Magnezone|Magnezone|100\/100|[from] Shed Tail\n|-item|p1a: Magnezone|Air Balloon\n|move|p2b: Tony Iommi|Close Combat|p1a: Magnezone\n|-supereffective|p1a: Magnezone\n|-crit|p1a: Magnezone\n|-end|p1a: Magnezone|Substitute\n|-enditem|p1a: Magnezone|Air Balloon\n|-unboost|p2b: Tony Iommi|def|1\n|-unboost|p2b: Tony Iommi|spd|1\n|\n|upkeep\n|turn|3\n|\n|t:|1701081016\n|move|p2a: tornado of souls|Tailwind|p2a: tornado of souls\n|-sidestart|p2: musichat|move: Tailwind\n|move|p1b: Haxorus|Dragon Claw|p2b: Tony Iommi\n|-damage|p2b: Tony Iommi|1\/100\n|move|p2b: Tony Iommi|Close Combat|p1a: Magnezone\n|-supereffective|p1a: Magnezone\n|-damage|p1a: Magnezone|9\/100\n|-unboost|p2b: Tony Iommi|def|1\n|-unboost|p2b: Tony Iommi|spd|1\n|move|p1a: Magnezone|Thunderbolt|p2a: tornado of souls\n|-supereffective|p2a: tornado of souls\n|-enditem|p2a: tornado of souls|Focus Sash\n|-damage|p2a: tornado of souls|1\/100\n|-status|p2a: tornado of souls|par\n|\n|upkeep\n|turn|4\n|inactive|musichat has 120 seconds left.\n|\n|t:|1701081056\n|move|p2a: tornado of souls|Protect|p2a: tornado of souls\n|-singleturn|p2a: tornado of souls|Protect\n|move|p1a: Magnezone|Protect|p1a: Magnezone\n|-singleturn|p1a: Magnezone|Protect\n|move|p1b: Haxorus|Dragon Claw|p2a: tornado of souls\n|-activate|p2a: tornado of souls|move: Protect\n|move|p2b: Tony Iommi|Close Combat|p1b: Haxorus\n|-damage|p1b: Haxorus|14\/100\n|-unboost|p2b: Tony Iommi|def|1\n|-unboost|p2b: Tony Iommi|spd|1\n|\n|upkeep\n|turn|5\n|inactive|musichat has 120 seconds left.\n|inactive|ADO_95 has 120 seconds left.\n|\n|t:|1701081095\n|switch|p2a: Lemmy|Landorus-Therian, M|85\/100\n|-ability|p2a: Lemmy|Intimidate|boost\n|-unboost|p1a: Magnezone|atk|1\n|-unboost|p1b: Haxorus|atk|1\n|move|p1b: Haxorus|Protect|p1b: Haxorus\n|-singleturn|p1b: Haxorus|Protect\n|move|p2b: Tony Iommi|Close Combat|p1b: Haxorus\n|-activate|p1b: Haxorus|move: Protect\n|move|p1a: Magnezone|Flash Cannon|p2a: Lemmy\n|-damage|p2a: Lemmy|42\/100\n|\n|upkeep\n|turn|6\n|inactive|ADO_95 has 120 seconds left.\n|inactive|musichat has 120 seconds left.\n|\n|t:|1701081141\n|switch|p2a: Cheese|Gholdengo|100\/100\n|switch|p1b: Orthworm|Orthworm, M|50\/100\n|switch|p1a: Gyarados|Gyarados, M|100\/100\n|-ability|p1a: Gyarados|Intimidate|boost\n|-unboost|p2a: Cheese|atk|1\n|-unboost|p2b: Tony Iommi|atk|1\n|move|p2b: Tony Iommi|Close Combat|p1b: Orthworm\n|-supereffective|p1b: Orthworm\n|-damage|p1b: Orthworm|0 fnt\n|-unboost|p2b: Tony Iommi|def|1\n|-unboost|p2b: Tony Iommi|spd|1\n|faint|p1b: Orthworm\n|\n|-sideend|p2: musichat|move: Tailwind\n|upkeep\n|inactive|ADO_95 has 120 seconds left.\n|\n|t:|1701081161\n|switch|p1b: Volcarona|Volcarona, M|100\/100\n|turn|7\n|inactive|musichat has 120 seconds left.\n|inactive|ADO_95 has 120 seconds left.\n|\n|t:|1701081186\n|move|p1b: Volcarona|Quiver Dance|p1b: Volcarona\n|-boost|p1b: Volcarona|spa|1\n|-boost|p1b: Volcarona|spd|1\n|-boost|p1b: Volcarona|spe|1\n|move|p2a: Cheese|Power Gem|p1b: Volcarona\n|-supereffective|p1b: Volcarona\n|-damage|p1b: Volcarona|0 fnt\n|faint|p1b: Volcarona\n|move|p1a: Gyarados|Waterfall|p2b: Tony Iommi\n|-damage|p2b: Tony Iommi|0 fnt\n|faint|p2b: Tony Iommi\n|-end|p2b: Tony Iommi|Quark Drive|[silent]\n|\n|upkeep\n|inactive|musichat has 120 seconds left.\n|\n|t:|1701081204\n|switch|p1b: Haxorus|Haxorus, M|14\/100\n|switch|p2b: tornado of souls|Tornadus, M|1\/100 par\n|-ability|p1b: Haxorus|Unnerve\n|turn|8\n|\n|t:|1701081217\n|-terastallize|p2a: Cheese|Steel\n|move|p1b: Haxorus|Protect|p1b: Haxorus\n|-singleturn|p1b: Haxorus|Protect\n|move|p2b: tornado of souls|Tailwind|p2b: tornado of souls\n|-sidestart|p2: musichat|move: Tailwind\n|move|p2a: Cheese|Power Gem|p1b: Haxorus\n|-activate|p1b: Haxorus|move: Protect\n|move|p1a: Gyarados|Waterfall|p2a: Cheese\n|-damage|p2a: Cheese|29\/100\n|\n|upkeep\n|turn|9\n|inactive|ADO_95 has 120 seconds left.\n|\n|t:|1701081255\n|move|p2a: Cheese|Power Gem|p1a: Gyarados\n|-supereffective|p1a: Gyarados\n|-damage|p1a: Gyarados|19\/100\n|move|p2b: tornado of souls|Bleakwind Storm|p1a: Gyarados|[spread] p1a,p1b\n|-damage|p1a: Gyarados|0 fnt\n|-damage|p1b: Haxorus|0 fnt\n|faint|p1a: Gyarados\n|faint|p1b: Haxorus\n|\n|upkeep\n|-message|ADO_95 forfeited.\n|\n|win|musichat\n|raw|ADO_95's rating: 1333 &rarr; <strong>1319<\/strong><br \/>(-14 for losing)\n|raw|musichat's rating: 1435 &rarr; <strong>1449<\/strong><br \/>(+14 for winning)\n|l|\u2606ADO_95\n","uploadtime":1701081266,"views":15,"p1id":"ado95","p2id":"musichat","formatid":"gen9doublesou","rating":1319,"private":0,"password":""}