{"id":"gen9doublesou-1970545884","p1":"Celeste7490","p2":"MythAst","format":"[Gen 9] Doubles OU","log":"|j|\u2606Celeste7490\n|j|\u2606MythAst\n|t:|1697647289\n|gametype|doubles\n|player|p1|Celeste7490|elesa|\n|player|p2|MythAst|cyrus-masters|\n|teamsize|p1|6\n|teamsize|p2|6\n|gen|9\n|tier|[Gen 9] Doubles OU\n|rule|Species Clause: Limit one of each Pok\u00e9mon\n|rule|OHKO Clause: OHKO moves are banned\n|rule|Evasion Moves Clause: Evasion moves are banned\n|rule|Gravity Sleep Clause: The combination of sleep-inducing moves with imperfect accuracy and Gravity or Gigantamax Orbeetle are banned\n|rule|Endless Battle Clause: Forcing endless battles is banned\n|rule|HP Percentage Mod: HP is shown in percentages\n|clearpoke\n|poke|p1|Torkoal, F|\n|poke|p1|Cresselia, F|\n|poke|p1|Amoonguss, F|\n|poke|p1|Diancie|\n|poke|p1|Kingambit, F|\n|poke|p1|Ursaluna-Bloodmoon, M|\n|poke|p2|Tornadus, M|\n|poke|p2|Iron Hands|\n|poke|p2|Rillaboom, F|\n|poke|p2|Flutter Mane|\n|poke|p2|Ogerpon-Hearthflame, F|\n|poke|p2|Heatran, F|\n|teampreview\n|inactive|Battle timer is ON: inactive players will automatically lose when time's up. (requested by MythAst)\n|c|\u2606MythAst|Till now i didnt expect akuma to be tako\n|\n|t:|1697647312\n|start\n|switch|p1a: Snowball|Diancie|100\/100\n|switch|p1b: Tough as Toyota|Amoonguss, F|100\/100\n|switch|p2a: Tornadus|Tornadus, M|100\/100\n|switch|p2b: Flutter Mane|Flutter Mane|100\/100\n|turn|1\n|c|\u2606Celeste7490|damn\n|\n|t:|1697647339\n|move|p2a: Tornadus|Sunny Day|p2a: Tornadus\n|-weather|SunnyDay\n|-activate|p2b: Flutter Mane|ability: Protosynthesis\n|-start|p2b: Flutter Mane|protosynthesisspa\n|move|p2b: Flutter Mane|Shadow Ball|p1b: Tough as Toyota\n|-damage|p1b: Tough as Toyota|31\/100\n|-enditem|p1b: Tough as Toyota|Sitrus Berry|[eat]\n|-heal|p1b: Tough as Toyota|56\/100|[from] item: Sitrus Berry\n|move|p1b: Tough as Toyota|Spore|p2a: Tornadus\n|-status|p2a: Tornadus|slp|[from] move: Spore\n|move|p1a: Snowball|Trick Room|p1a: Snowball\n|-fieldstart|move: Trick Room|[of] p1a: Snowball\n|\n|-weather|SunnyDay|[upkeep]\n|upkeep\n|turn|2\n|\n|t:|1697647356\n|cant|p2a: Tornadus|slp\n|move|p1b: Tough as Toyota|Spore|p2b: Flutter Mane\n|-status|p2b: Flutter Mane|slp|[from] move: Spore\n|move|p1a: Snowball|Diamond Storm|p2a: Tornadus|[spread] p2a,p2b\n|-supereffective|p2a: Tornadus\n|-damage|p2a: Tornadus|31\/100 slp\n|-damage|p2b: Flutter Mane|42\/100 slp\n|cant|p2b: Flutter Mane|slp\n|\n|-weather|SunnyDay|[upkeep]\n|upkeep\n|turn|3\n|\n|t:|1697647372\n|switch|p1b: Kawasaki|Torkoal, F|100\/100\n|-end|p2b: Flutter Mane|Protosynthesis|[silent]\n|switch|p2b: Heatran|Heatran, F|100\/100\n|cant|p2a: Tornadus|slp\n|move|p1a: Snowball|Diamond Storm|p2a: Tornadus|[spread] p2a,p2b\n|-supereffective|p2a: Tornadus\n|-crit|p2a: Tornadus\n|-damage|p2a: Tornadus|0 fnt\n|-damage|p2b: Heatran|69\/100\n|faint|p2a: Tornadus\n|\n|-weather|SunnyDay|[upkeep]\n|upkeep\n|\n|t:|1697647378\n|switch|p2a: Rillaboom|Rillaboom, F|100\/100\n|-fieldstart|move: Grassy Terrain|[from] ability: Grassy Surge|[of] p2a: Rillaboom\n|turn|4\n|\n|t:|1697647391\n|move|p2a: Rillaboom|Fake Out|p1b: Kawasaki\n|-damage|p1b: Kawasaki|89\/100\n|cant|p1b: Kawasaki|flinch\n|move|p1a: Snowball|Diamond Storm|p2b: Heatran|[spread] p2a,p2b\n|-damage|p2a: Rillaboom|66\/100\n|-damage|p2b: Heatran|35\/100\n|move|p2b: Heatran|Flash Cannon|p1a: Snowball\n|-supereffective|p1a: Snowball\n|-damage|p1a: Snowball|0 fnt\n|faint|p1a: Snowball\n|\n|-weather|SunnyDay|[upkeep]\n|-heal|p1b: Kawasaki|95\/100|[from] Grassy Terrain\n|-heal|p2a: Rillaboom|73\/100|[from] Grassy Terrain\n|-heal|p2b: Heatran|41\/100|[from] Grassy Terrain\n|upkeep\n|\n|t:|1697647403\n|switch|p1a: Freddy Fazbear|Ursaluna-Bloodmoon, M|100\/100\n|turn|5\n|\n|t:|1697647412\n|switch|p2b: Flutter Mane|Flutter Mane|42\/100 slp\n|-activate|p2b: Flutter Mane|ability: Protosynthesis\n|-start|p2b: Flutter Mane|protosynthesisspa\n|move|p2a: Rillaboom|Grassy Glide|p1a: Freddy Fazbear\n|-supereffective|p1a: Freddy Fazbear\n|-damage|p1a: Freddy Fazbear|63\/100\n|move|p1b: Kawasaki|Eruption|p2b: Flutter Mane|[spread] p2a,p2b\n|-supereffective|p2a: Rillaboom\n|-damage|p2a: Rillaboom|0 fnt\n|-damage|p2b: Flutter Mane|0 fnt\n|faint|p2a: Rillaboom\n|faint|p2b: Flutter Mane\n|-end|p2b: Flutter Mane|Protosynthesis|[silent]\n|move|p1a: Freddy Fazbear|Earth Power|p2: Rillaboom|[notarget]\n|-fail|p1a: Freddy Fazbear\n|\n|-weather|none\n|-heal|p1b: Kawasaki|100\/100|[from] Grassy Terrain\n|-heal|p1a: Freddy Fazbear|69\/100|[from] Grassy Terrain\n|-heal|p1a: Freddy Fazbear|75\/100|[from] item: Leftovers\n|-fieldend|move: Trick Room\n|upkeep\n|\n|t:|1697647429\n|switch|p2b: Heatran|Heatran, F|41\/100\n|switch|p2a: Ogerpon|Ogerpon-Hearthflame, F|100\/100\n|-ability|p2a: Ogerpon|Mold Breaker\n|turn|6\n|c|\u2606Celeste7490|wait noo i have the wrong move on this\n|inactive|Celeste7490 has 270 seconds left.\n|\n|t:|1697647475\n|switch|p1a: Tough as Toyota|Amoonguss, F|89\/100\n|-terastallize|p2a: Ogerpon|Fire\n|detailschange|p2a: Ogerpon|Ogerpon-Hearthflame-Tera, F, tera:Fire\n|-ability|p2a: Ogerpon|Embody Aspect (Hearthflame)|boost\n|-boost|p2a: Ogerpon|atk|1\n|move|p2a: Ogerpon|Horn Leech|p1a: Tough as Toyota\n|-resisted|p1a: Tough as Toyota\n|-damage|p1a: Tough as Toyota|74\/100\n|move|p2b: Heatran|Earth Power|p1b: Kawasaki\n|-supereffective|p1b: Kawasaki\n|-damage|p1b: Kawasaki|14\/100\n|move|p1b: Kawasaki|Earth Power|p2b: Heatran\n|-supereffective|p2b: Heatran\n|-damage|p2b: Heatran|0 fnt\n|faint|p2b: Heatran\n|\n|-heal|p1a: Tough as Toyota|80\/100|[from] Grassy Terrain\n|-heal|p1b: Kawasaki|20\/100|[from] Grassy Terrain\n|upkeep\n|\n|t:|1697647491\n|switch|p2b: Iron Hands|Iron Hands|100\/100\n|turn|7\n|c|\u2606Celeste7490|misclick moment\n|inactive|Celeste7490 has 270 seconds left.\n|c|\u2606MythAst|Yep\n|\n|t:|1697647524\n|switch|p1b: Goose|Cresselia, F|100\/100\n|-terastallize|p1a: Tough as Toyota|Water\n|move|p2a: Ogerpon|Ivy Cudgel|p1a: Tough as Toyota\n|-resisted|p1a: Tough as Toyota\n|-damage|p1a: Tough as Toyota|38\/100\n|move|p2b: Iron Hands|Drain Punch|p1b: Goose\n|-resisted|p1b: Goose\n|-damage|p1b: Goose|90\/100\n|move|p1a: Tough as Toyota|Spore|p2a: Ogerpon\n|-status|p2a: Ogerpon|slp|[from] move: Spore\n|\n|-heal|p1b: Goose|96\/100|[from] item: Leftovers\n|-heal|p1a: Tough as Toyota|44\/100|[from] Grassy Terrain\n|upkeep\n|turn|8\n|inactive|Celeste7490 has 270 seconds left.\n|\n|t:|1697647558\n|switch|p1a: Freddy Fazbear|Ursaluna-Bloodmoon, M|75\/100\n|cant|p2a: Ogerpon|slp\n|move|p2b: Iron Hands|Fire Punch|p1a: Freddy Fazbear\n|-damage|p1a: Freddy Fazbear|61\/100\n|move|p1b: Goose|Trick Room|p1b: Goose\n|-fieldstart|move: Trick Room|[of] p1b: Goose\n|\n|-heal|p1a: Freddy Fazbear|67\/100|[from] Grassy Terrain\n|-heal|p1a: Freddy Fazbear|73\/100|[from] item: Leftovers\n|-heal|p1b: Goose|100\/100|[from] item: Leftovers\n|-fieldend|move: Grassy Terrain\n|upkeep\n|turn|9\n|inactive|Celeste7490 has 270 seconds left.\n|\n|t:|1697647579\n|move|p1a: Freddy Fazbear|Calm Mind|p1a: Freddy Fazbear\n|-boost|p1a: Freddy Fazbear|spa|1\n|-boost|p1a: Freddy Fazbear|spd|1\n|move|p1b: Goose|Calm Mind|p1b: Goose\n|-boost|p1b: Goose|spa|1\n|-boost|p1b: Goose|spd|1\n|move|p2b: Iron Hands|Drain Punch|p1a: Freddy Fazbear\n|-supereffective|p1a: Freddy Fazbear\n|-damage|p1a: Freddy Fazbear|30\/100\n|-curestatus|p2a: Ogerpon|slp|[msg]\n|move|p2a: Ogerpon|Horn Leech|p1a: Freddy Fazbear\n|-supereffective|p1a: Freddy Fazbear\n|-damage|p1a: Freddy Fazbear|0 fnt\n|faint|p1a: Freddy Fazbear\n|\n|upkeep\n|\n|t:|1697647598\n|switch|p1a: Kawasaki|Torkoal, F|20\/100\n|-weather|SunnyDay|[from] ability: Drought|[of] p1a: Kawasaki\n|turn|10\n|\n|t:|1697647609\n|move|p2a: Ogerpon|Spiky Shield|p2a: Ogerpon\n|-singleturn|p2a: Ogerpon|move: Protect\n|move|p1a: Kawasaki|Earth Power|p2a: Ogerpon\n|-activate|p2a: Ogerpon|move: Protect\n|move|p1b: Goose|Calm Mind|p1b: Goose\n|-boost|p1b: Goose|spa|1\n|-boost|p1b: Goose|spd|1\n|move|p2b: Iron Hands|Drain Punch|p1a: Kawasaki\n|-damage|p1a: Kawasaki|0 fnt\n|faint|p1a: Kawasaki\n|\n|-weather|SunnyDay|[upkeep]\n|upkeep\n|\n|t:|1697647622\n|switch|p1a: Uno reverse|Kingambit, F|100\/100\n|-activate|p1a: Uno reverse|ability: Supreme Overlord\n|-start|p1a: Uno reverse|fallen3|[silent]\n|turn|11\n|inactive|Celeste7490 has 270 seconds left.\n|\n|t:|1697647638\n|-end|p1a: Uno reverse|fallen3|[silent]\n|switch|p1a: Tough as Toyota|Amoonguss, F, tera:Water|77\/100\n|move|p1b: Goose|Stored Power|p2a: Ogerpon\n|-damage|p2a: Ogerpon|35\/100\n|move|p2b: Iron Hands|Drain Punch|p1a: Tough as Toyota\n|-damage|p1a: Tough as Toyota|48\/100\n|move|p2a: Ogerpon|Substitute|p2a: Ogerpon\n|-start|p2a: Ogerpon|Substitute\n|-damage|p2a: Ogerpon|11\/100\n|\n|-weather|SunnyDay|[upkeep]\n|upkeep\n|turn|12\n|inactive|Celeste7490 has 270 seconds left.\n|\n|t:|1697647662\n|move|p2b: Iron Hands|Protect|p2b: Iron Hands\n|-singleturn|p2b: Iron Hands|Protect\n|move|p2a: Ogerpon|Spiky Shield|p2a: Ogerpon\n|-singleturn|p2a: Ogerpon|move: Protect\n|move|p1a: Tough as Toyota|Spore|p2b: Iron Hands\n|-activate|p2b: Iron Hands|move: Protect\n|move|p1b: Goose|Stored Power|p2a: Ogerpon\n|-activate|p2a: Ogerpon|move: Protect\n|\n|-weather|SunnyDay|[upkeep]\n|-fieldend|move: Trick Room\n|upkeep\n|turn|13\n|\n|t:|1697647684\n|move|p2a: Ogerpon|Horn Leech|p1a: Tough as Toyota\n|-supereffective|p1a: Tough as Toyota\n|-damage|p1a: Tough as Toyota|0 fnt\n|-heal|p2a: Ogerpon|43\/100|[from] drain|[of] p1a: Tough as Toyota\n|faint|p1a: Tough as Toyota\n|move|p2b: Iron Hands|Swords Dance|p2b: Iron Hands\n|-boost|p2b: Iron Hands|atk|2\n|move|p1b: Goose|Trick Room|p1b: Goose\n|-fieldstart|move: Trick Room|[of] p1b: Goose\n|\n|-weather|SunnyDay|[upkeep]\n|upkeep\n|\n|t:|1697647690\n|switch|p1a: Uno reverse|Kingambit, F|100\/100\n|-activate|p1a: Uno reverse|ability: Supreme Overlord\n|-start|p1a: Uno reverse|fallen4|[silent]\n|turn|14\n|\n|t:|1697647707\n|move|p2a: Ogerpon|Spiky Shield|p2a: Ogerpon\n|-singleturn|p2a: Ogerpon|move: Protect\n|move|p1a: Uno reverse|Sucker Punch||[still]\n|-fail|p1a: Uno reverse\n|move|p1b: Goose|Stored Power|p2b: Iron Hands\n|-supereffective|p2b: Iron Hands\n|-damage|p2b: Iron Hands|17\/100\n|-enditem|p2b: Iron Hands|Sitrus Berry|[eat]\n|-heal|p2b: Iron Hands|42\/100|[from] item: Sitrus Berry\n|move|p2b: Iron Hands|Drain Punch|p1a: Uno reverse\n|-supereffective|p1a: Uno reverse\n|-damage|p1a: Uno reverse|0 fnt\n|-heal|p2b: Iron Hands|86\/100|[from] drain|[of] p1a: Uno reverse\n|faint|p1a: Uno reverse\n|-end|p1a: Uno reverse|fallen4|[silent]\n|\n|-weather|none\n|upkeep\n|turn|15\n|\n|t:|1697647723\n|move|p1b: Goose|Stored Power|p2b: Iron Hands\n|-supereffective|p2b: Iron Hands\n|-damage|p2b: Iron Hands|2\/100\n|move|p2b: Iron Hands|Fire Punch|p1b: Goose\n|-damage|p1b: Goose|74\/100\n|move|p2a: Ogerpon|Ivy Cudgel|p1b: Goose\n|-damage|p1b: Goose|17\/100\n|\n|-heal|p1b: Goose|23\/100|[from] item: Leftovers\n|upkeep\n|turn|16\n|c|\u2606Celeste7490|gg i fucked up\n|c|\u2606Celeste7490|badly\n|c|\u2606MythAst|Yeah\n|\n|t:|1697647741\n|move|p1b: Goose|Moonlight|p1b: Goose\n|-heal|p1b: Goose|73\/100\n|move|p2b: Iron Hands|Fire Punch|p1b: Goose\n|-damage|p1b: Goose|47\/100\n|move|p2a: Ogerpon|Ivy Cudgel|p1b: Goose\n|-damage|p1b: Goose|0 fnt\n|faint|p1b: Goose\n|\n|win|MythAst\n|c|\u2606MythAst|idt u can do the changing of moves rn?\n|c|\u2606MythAst|can u?\n|c|\u2606Celeste7490|you can\n|c|\u2606MythAst|Aite send after correcting\n|c|\u2606Celeste7490|you can change pretty much everything between battles\n","uploadtime":1697647782,"views":15,"p1id":"celeste7490","p2id":"mythast","formatid":"gen9doublesou","rating":0,"private":0,"password":""}