{"id":"gen9doublesou-1976294499","p1":"Kongojongo","p2":"764468i","format":"[Gen 9] Doubles OU","log":"|j|\u2606Kongojongo\n|j|\u2606764468i\n|t:|1698283312\n|gametype|doubles\n|player|p1|Kongojongo|harlequin|1074\n|player|p2|764468i|alder|1000\n|teamsize|p1|6\n|teamsize|p2|6\n|gen|9\n|tier|[Gen 9] Doubles OU\n|rated|\n|rule|Species Clause: Limit one of each Pok\u00e9mon\n|rule|OHKO Clause: OHKO moves are banned\n|rule|Evasion Moves Clause: Evasion moves are banned\n|rule|Gravity Sleep Clause: The combination of sleep-inducing moves with imperfect accuracy and Gravity or Gigantamax Orbeetle are banned\n|rule|Endless Battle Clause: Forcing endless battles is banned\n|rule|HP Percentage Mod: HP is shown in percentages\n|clearpoke\n|poke|p1|Ogerpon-Hearthflame, F|\n|poke|p1|Ursaluna-Bloodmoon, M|\n|poke|p1|Cramorant, M|\n|poke|p1|Gastrodon-East, M|\n|poke|p1|Iron Hands|\n|poke|p1|Toxapex, F|\n|poke|p2|Indeedee-F, F|\n|poke|p2|Cetoddle, M|\n|poke|p2|Cubchoo, M|\n|poke|p2|Diancie|\n|poke|p2|Kingambit, M|\n|poke|p2|Flutter Mane|\n|teampreview\n|c|\u2606Kongojongo|uh oh\n|c|\u2606Kongojongo|time for me to be put in those silly showdown troll comps\n|\n|t:|1698283357\n|start\n|switch|p1a: Surfin Bird|Cramorant, M|100\/100\n|switch|p1b: Blumby|Gastrodon-East, M|100\/100\n|switch|p2a: Cetoddle|Cetoddle, M|100\/100\n|switch|p2b: Indeedee|Indeedee-F, F|100\/100\n|turn|1\n|\n|t:|1698283386\n|move|p2b: Indeedee|Follow Me|p2b: Indeedee\n|-singleturn|p2b: Indeedee|move: Follow Me\n|move|p1a: Surfin Bird|Surf|p2b: Indeedee|[spread] p2a,p2b\n|-ability|p1b: Blumby|Storm Drain|boost\n|-boost|p1b: Blumby|spa|1\n|-formechange|p1a: Surfin Bird|Cramorant-Gulping|\n|-damage|p2a: Cetoddle|52\/100\n|-damage|p2b: Indeedee|71\/100\n|move|p2a: Cetoddle|Snowscape|p2a: Cetoddle\n|-weather|Snow\n|move|p1b: Blumby|Earth Power|p2b: Indeedee\n|-damage|p2b: Indeedee|18\/100\n|\n|-weather|Snow|[upkeep]\n|upkeep\n|turn|2\n|\n|t:|1698283408\n|move|p2b: Indeedee|Healing Wish|p2b: Indeedee\n|faint|p2b: Indeedee\n|move|p1a: Surfin Bird|Surf|p2a: Cetoddle|[spread] p2a\n|-ability|p1b: Blumby|Storm Drain|boost\n|-boost|p1b: Blumby|spa|1\n|-damage|p2a: Cetoddle|0 fnt\n|faint|p2a: Cetoddle\n|move|p1b: Blumby|Earth Power|p2: Cetoddle|[notarget]\n|-fail|p1b: Blumby\n|\n|-weather|Snow|[upkeep]\n|upkeep\n|\n|t:|1698283419\n|switch|p2b: Diancie|Diancie|100\/100\n|switch|p2a: Cubchoo|Cubchoo, M|100\/100\n|turn|3\n|\n|t:|1698283485\n|move|p1a: Surfin Bird|Surf|p2a: Cubchoo|[spread] p2a,p2b\n|-ability|p1b: Blumby|Storm Drain|boost\n|-boost|p1b: Blumby|spa|1\n|-supereffective|p2b: Diancie\n|-damage|p2a: Cubchoo|44\/100\n|-damage|p2b: Diancie|43\/100\n|move|p2b: Diancie|Stone Edge|p1b: Blumby\n|-resisted|p1b: Blumby\n|-crit|p1b: Blumby\n|-damage|p1b: Blumby|64\/100\n|move|p1b: Blumby|Earth Power|p2a: Cubchoo\n|-damage|p2a: Cubchoo|0 fnt\n|faint|p2a: Cubchoo\n|\n|-weather|Snow|[upkeep]\n|-heal|p2b: Diancie|49\/100|[from] item: Leftovers\n|-heal|p1b: Blumby|70\/100|[from] item: Leftovers\n|upkeep\n|\n|t:|1698283491\n|switch|p2a: Flutter Mane|Flutter Mane|100\/100\n|turn|4\n|\n|t:|1698283504\n|move|p2a: Flutter Mane|Shadow Ball|p1b: Blumby\n|-damage|p1b: Blumby|42\/100\n|-unboost|p1b: Blumby|spd|1\n|move|p1a: Surfin Bird|Surf|p2b: Diancie|[spread] p2a,p2b\n|-ability|p1b: Blumby|Storm Drain|boost\n|-boost|p1b: Blumby|spa|1\n|-supereffective|p2b: Diancie\n|-damage|p2a: Flutter Mane|71\/100\n|-damage|p2b: Diancie|0 fnt\n|faint|p2b: Diancie\n|move|p1b: Blumby|Recover|p1b: Blumby\n|-heal|p1b: Blumby|92\/100\n|\n|-weather|Snow|[upkeep]\n|-heal|p1b: Blumby|98\/100|[from] item: Leftovers\n|upkeep\n|\n|t:|1698283514\n|switch|p2b: Kingambit|Kingambit, M|100\/100\n|-activate|p2b: Kingambit|ability: Supreme Overlord\n|-start|p2b: Kingambit|fallen4|[silent]\n|turn|5\n|\n|t:|1698283545\n|move|p2a: Flutter Mane|Perish Song|p2a: Flutter Mane\n|-start|p1a: Surfin Bird|perish3|[silent]\n|-start|p1b: Blumby|perish3|[silent]\n|-start|p2a: Flutter Mane|perish3|[silent]\n|-start|p2b: Kingambit|perish3|[silent]\n|-fieldactivate|move: Perish Song\n|move|p1a: Surfin Bird|Surf|p2a: Flutter Mane|[spread] p2a,p2b\n|-ability|p1b: Blumby|Storm Drain|boost\n|-boost|p1b: Blumby|spa|1\n|-damage|p2a: Flutter Mane|42\/100\n|-damage|p2b: Kingambit|70\/100\n|move|p2b: Kingambit|Shadow Claw|p1b: Blumby\n|-damage|p1b: Blumby|62\/100\n|move|p1b: Blumby|Chilling Water|p2b: Kingambit\n|-damage|p2b: Kingambit|3\/100\n|-unboost|p2b: Kingambit|atk|1\n|\n|-weather|none\n|-heal|p1b: Blumby|69\/100|[from] item: Leftovers\n|-start|p2a: Flutter Mane|perish3\n|-start|p1a: Surfin Bird|perish3\n|-start|p2b: Kingambit|perish3\n|-start|p1b: Blumby|perish3\n|upkeep\n|turn|6\n|\n|t:|1698283573\n|move|p2a: Flutter Mane|Phantom Force||[still]\n|-prepare|p2a: Flutter Mane|Phantom Force\n|move|p1a: Surfin Bird|Surf|p2a: Flutter Mane|[spread] p2b\n|-miss|p1a: Surfin Bird|p2a: Flutter Mane\n|-ability|p1b: Blumby|Storm Drain|boost\n|-boost|p1b: Blumby|spa|1\n|-damage|p2b: Kingambit|0 fnt\n|faint|p2b: Kingambit\n|-end|p2b: Kingambit|fallen4|[silent]\n|move|p1b: Blumby|Chilling Water|p2a: Flutter Mane|[miss]\n|-miss|p1b: Blumby|p2a: Flutter Mane\n|\n|-heal|p1b: Blumby|75\/100|[from] item: Leftovers\n|-start|p2a: Flutter Mane|perish2\n|-start|p1a: Surfin Bird|perish2\n|-start|p1b: Blumby|perish2\n|upkeep\n|turn|7\n|\n|t:|1698283600\n|move|p2a: Flutter Mane|Phantom Force|p2: Kingambit|[from]lockedmove|[notarget]\n|-fail|p2a: Flutter Mane\n|move|p1a: Surfin Bird|Surf|p2a: Flutter Mane|[spread] p2a\n|-immune|p1b: Blumby|[from] ability: Storm Drain\n|-damage|p2a: Flutter Mane|10\/100\n|move|p1b: Blumby|Earth Power|p2a: Flutter Mane\n|-damage|p2a: Flutter Mane|0 fnt\n|faint|p2a: Flutter Mane\n|-end|p2a: Flutter Mane|Protosynthesis|[silent]\n|\n|win|Kongojongo\n|raw|Kongojongo's rating: 1074 &rarr; <strong>1097<\/strong><br \/>(+23 for winning)\n|raw|764468i's rating: 1000 &rarr; <strong>1000<\/strong><br \/>(+0 for losing)\n|c|\u2606Kongojongo|gg\n","uploadtime":1698283612,"views":18,"p1id":"kongojongo","p2id":"764468i","formatid":"gen9doublesou","rating":1000,"private":0,"password":""}