{"id":"gen9doublesou-1999188481","p1":"ShadedNoir","p2":"LukeTheDwarf336","format":"[Gen 9] Doubles OU","log":"|j|\u2606ShadedNoir\n|j|\u2606LukeTheDwarf336\n|t:|1701043162\n|gametype|doubles\n|player|p1|ShadedNoir|olympia|1331\n|player|p2|LukeTheDwarf336|1|1356\n|teamsize|p1|6\n|teamsize|p2|6\n|gen|9\n|tier|[Gen 9] Doubles OU\n|rated|\n|rule|Species Clause: Limit one of each Pok\u00e9mon\n|rule|OHKO Clause: OHKO moves are banned\n|rule|Evasion Moves Clause: Evasion moves are banned\n|rule|Gravity Sleep Clause: The combination of sleep-inducing moves with imperfect accuracy and Gravity or Gigantamax Orbeetle are banned\n|rule|Endless Battle Clause: Forcing endless battles is banned\n|rule|HP Percentage Mod: HP is shown in percentages\n|clearpoke\n|poke|p1|Gholdengo|\n|poke|p1|Ceruledge, M|\n|poke|p1|Brambleghast, F|\n|poke|p1|Dragapult, M|\n|poke|p1|Flutter Mane|\n|poke|p1|Basculegion-F, F|\n|poke|p2|Flutter Mane|\n|poke|p2|Tornadus, M|\n|poke|p2|Amoonguss, M|\n|poke|p2|Heatran, M|\n|poke|p2|Arcanine-Hisui, M|\n|poke|p2|Chien-Pao|\n|teampreview\n|inactive|Battle timer is ON: inactive players will automatically lose when time's up. (requested by LukeTheDwarf336)\n|inactive|ShadedNoir has 120 seconds left.\n|inactiveoff|Battle timer is now OFF.\n|c|\u2606ShadedNoir|i dont even know what to lead against this\n|\n|t:|1701043239\n|start\n|switch|p1a: Brambleghast|Brambleghast, F|100\/100\n|switch|p1b: Dragapult|Dragapult, M|100\/100\n|switch|p2a: Tornadus|Tornadus, M|100\/100\n|switch|p2b: Chien-Pao|Chien-Pao|100\/100\n|-ability|p2b: Chien-Pao|Sword of Ruin\n|turn|1\n|\n|t:|1701043253\n|move|p2a: Tornadus|Tailwind|p2a: Tornadus\n|-sidestart|p2: LukeTheDwarf336|move: Tailwind\n|move|p2b: Chien-Pao|Ice Spinner|p1b: Dragapult\n|-supereffective|p1b: Dragapult\n|-crit|p1b: Dragapult\n|-damage|p1b: Dragapult|0 fnt\n|faint|p1b: Dragapult\n|-damage|p2b: Chien-Pao|91\/100|[from] item: Life Orb\n|move|p1a: Brambleghast|Strength Sap|p2b: Chien-Pao\n|-unboost|p2b: Chien-Pao|atk|1\n|\n|upkeep\n|\n|t:|1701043291\n|switch|p1b: Ceruledge|Ceruledge, M|100\/100\n|turn|2\n|\n|t:|1701043311\n|switch|p2b: Heatran|Heatran, M|100\/100\n|-terastallize|p1b: Ceruledge|Dragon\n|move|p2a: Tornadus|Bleakwind Storm|p1b: Ceruledge|[spread] p1b\n|-ability|p1a: Brambleghast|Wind Rider|boost\n|-boost|p1a: Brambleghast|atk|1\n|-damage|p1b: Ceruledge|57\/100\n|move|p1a: Brambleghast|Substitute|p1a: Brambleghast\n|-start|p1a: Brambleghast|Substitute\n|-damage|p1a: Brambleghast|76\/100\n|move|p1b: Ceruledge|Bitter Blade|p2b: Heatran\n|-start|p2b: Heatran|ability: Flash Fire\n|\n|upkeep\n|turn|3\n|\n|t:|1701043333\n|move|p2a: Tornadus|Taunt|p1a: Brambleghast\n|-start|p1a: Brambleghast|move: Taunt\n|move|p2b: Heatran|Earth Power|p1b: Ceruledge\n|-damage|p1b: Ceruledge|19\/100\n|-enditem|p1b: Ceruledge|Mago Berry|[eat]\n|-heal|p1b: Ceruledge|52\/100|[from] item: Mago Berry\n|move|p1a: Brambleghast|Power Whip|p2a: Tornadus\n|-resisted|p2a: Tornadus\n|-crit|p2a: Tornadus\n|-enditem|p2a: Tornadus|Focus Sash\n|-damage|p2a: Tornadus|1\/100\n|move|p1b: Ceruledge|Bulk Up|p1b: Ceruledge\n|-boost|p1b: Ceruledge|atk|1\n|-boost|p1b: Ceruledge|def|1\n|\n|upkeep\n|turn|4\n|\n|t:|1701043361\n|switch|p2a: Amoonguss|Amoonguss, M|100\/100\n|move|p1a: Brambleghast|Shadow Sneak|p2a: Amoonguss\n|-damage|p2a: Amoonguss|76\/100\n|move|p2b: Heatran|Earth Power|p1a: Brambleghast\n|-resisted|p1a: Brambleghast\n|-end|p1a: Brambleghast|Substitute\n|move|p1b: Ceruledge|Dragon Claw|p2b: Heatran\n|-resisted|p2b: Heatran\n|-damage|p2b: Heatran|76\/100\n|\n|-sideend|p2: LukeTheDwarf336|move: Tailwind\n|upkeep\n|turn|5\n|\n|t:|1701043386\n|move|p1a: Brambleghast|Power Whip|p2b: Heatran\n|-resisted|p2b: Heatran\n|-damage|p2b: Heatran|58\/100\n|move|p1b: Ceruledge|Bitter Blade|p2a: Amoonguss\n|-supereffective|p2a: Amoonguss\n|-damage|p2a: Amoonguss|0 fnt\n|-heal|p1b: Ceruledge|100\/100|[from] drain|[of] p2a: Amoonguss\n|faint|p2a: Amoonguss\n|move|p2b: Heatran|Earth Power|p1a: Brambleghast\n|-resisted|p1a: Brambleghast\n|-damage|p1a: Brambleghast|44\/100\n|\n|-end|p1a: Brambleghast|move: Taunt\n|upkeep\n|\n|t:|1701043400\n|switch|p2a: Arcanine|Arcanine-Hisui, M|100\/100\n|turn|6\n|\n|t:|1701043411\n|move|p2a: Arcanine|Head Smash|p1b: Ceruledge\n|-damage|p1b: Ceruledge|3\/100\n|-ability|p1b: Ceruledge|Weak Armor|boost\n|-unboost|p1b: Ceruledge|def|1\n|-boost|p1b: Ceruledge|spe|2\n|move|p1b: Ceruledge|Dragon Claw|p2a: Arcanine\n|-damage|p2a: Arcanine|29\/100\n|move|p1a: Brambleghast|Strength Sap|p2a: Arcanine\n|-unboost|p2a: Arcanine|atk|1\n|-heal|p1a: Brambleghast|100\/100\n|move|p2b: Heatran|Heat Wave|p1b: Ceruledge|[spread] p1b\n|-ability|p1a: Brambleghast|Wind Rider|boost\n|-boost|p1a: Brambleghast|atk|1\n|-resisted|p1b: Ceruledge\n|-damage|p1b: Ceruledge|0 fnt\n|faint|p1b: Ceruledge\n|\n|upkeep\n|\n|t:|1701043426\n|switch|p1b: Basculegion|Basculegion-F, F|100\/100\n|turn|7\n|\n|t:|1701043445\n|-terastallize|p2b: Heatran|Grass\n|move|p1a: Brambleghast|Shadow Sneak|p2a: Arcanine\n|-damage|p2a: Arcanine|0 fnt\n|faint|p2a: Arcanine\n|move|p1b: Basculegion|Aqua Jet|p2b: Heatran\n|-resisted|p2b: Heatran\n|-crit|p2b: Heatran\n|-damage|p2b: Heatran|44\/100\n|-damage|p1b: Basculegion|91\/100|[from] item: Life Orb\n|move|p2b: Heatran|Flash Cannon|p1a: Brambleghast\n|-damage|p1a: Brambleghast|25\/100\n|\n|upkeep\n|\n|t:|1701043456\n|switch|p2a: Flutter Mane|Flutter Mane|100\/100\n|turn|8\n|\n|t:|1701043462\n|move|p2a: Flutter Mane|Protect|p2a: Flutter Mane\n|-singleturn|p2a: Flutter Mane|Protect\n|move|p1a: Brambleghast|Shadow Sneak|p2a: Flutter Mane\n|-activate|p2a: Flutter Mane|move: Protect\n|move|p1b: Basculegion|Last Respects|p2b: Heatran\n|-damage|p2b: Heatran|0 fnt\n|faint|p2b: Heatran\n|-damage|p1b: Basculegion|81\/100|[from] item: Life Orb\n|\n|upkeep\n|\n|t:|1701043473\n|switch|p2b: Chien-Pao|Chien-Pao|91\/100\n|-ability|p2b: Chien-Pao|Sword of Ruin\n|turn|9\n|\n|t:|1701043484\n|move|p2b: Chien-Pao|Sucker Punch||[still]\n|-fail|p2b: Chien-Pao\n|move|p2a: Flutter Mane|Shadow Ball|p1b: Basculegion\n|-supereffective|p1b: Basculegion\n|-damage|p1b: Basculegion|0 fnt\n|faint|p1b: Basculegion\n|move|p1a: Brambleghast|Substitute|p1a: Brambleghast\n|-fail|p1a: Brambleghast|move: Substitute|[weak]\n|\n|upkeep\n|\n|t:|1701043489\n|switch|p1b: Flutter Mane|Flutter Mane|100\/100\n|-enditem|p1b: Flutter Mane|Booster Energy\n|-activate|p1b: Flutter Mane|ability: Protosynthesis|[fromitem]\n|-start|p1b: Flutter Mane|protosynthesisspe\n|turn|10\n|\n|t:|1701043505\n|move|p1b: Flutter Mane|Moonblast|p2b: Chien-Pao\n|-supereffective|p2b: Chien-Pao\n|-damage|p2b: Chien-Pao|0 fnt\n|faint|p2b: Chien-Pao\n|move|p2a: Flutter Mane|Shadow Ball|p1a: Brambleghast\n|-supereffective|p1a: Brambleghast\n|-damage|p1a: Brambleghast|0 fnt\n|faint|p1a: Brambleghast\n|\n|upkeep\n|\n|t:|1701043514\n|switch|p2b: Tornadus|Tornadus, M|1\/100\n|switch|p1a: Gholdengo|Gholdengo|100\/100\n|turn|11\n|\n|t:|1701043521\n|move|p2b: Tornadus|Tailwind|p2b: Tornadus\n|-sidestart|p2: LukeTheDwarf336|move: Tailwind\n|move|p2a: Flutter Mane|Shadow Ball|p1a: Gholdengo\n|-supereffective|p1a: Gholdengo\n|-damage|p1a: Gholdengo|0 fnt\n|faint|p1a: Gholdengo\n|move|p1b: Flutter Mane|Icy Wind|p2b: Tornadus|[spread] p2a,p2b\n|-supereffective|p2b: Tornadus\n|-crit|p2b: Tornadus\n|-damage|p2a: Flutter Mane|86\/100\n|-damage|p2b: Tornadus|0 fnt\n|-unboost|p2a: Flutter Mane|spe|1\n|faint|p2b: Tornadus\n|\n|upkeep\n|turn|12\n|\n|t:|1701043534\n|move|p1b: Flutter Mane|Shadow Ball|p2a: Flutter Mane\n|-supereffective|p2a: Flutter Mane\n|-damage|p2a: Flutter Mane|0 fnt\n|faint|p2a: Flutter Mane\n|-end|p2a: Flutter Mane|Protosynthesis|[silent]\n|\n|win|ShadedNoir\n|raw|ShadedNoir's rating: 1331 &rarr; <strong>1352<\/strong><br \/>(+21 for winning)\n|raw|LukeTheDwarf336's rating: 1356 &rarr; <strong>1335<\/strong><br \/>(-21 for losing)\n|c|\u2606ShadedNoir|gg\n","uploadtime":1701043542,"views":8,"p1id":"shadednoir","p2id":"lukethedwarf336","formatid":"gen9doublesou","rating":1335,"private":0,"password":""}