{"id":"gen9doublesou-1986561315","p1":"Beraldinhoo","p2":"AIRedzone","format":"[Gen 9] Doubles OU","log":"|j|\u2606Beraldinhoo\n|j|\u2606AIRedzone\n|t:|1699492145\n|gametype|doubles\n|player|p1|Beraldinhoo|#scl3dynamos|\n|player|p2|AIRedzone|#dwcopiii|\n|teamsize|p1|6\n|teamsize|p2|6\n|gen|9\n|tier|[Gen 9] Doubles OU\n|rule|Species Clause: Limit one of each Pok\u00e9mon\n|rule|OHKO Clause: OHKO moves are banned\n|rule|Evasion Moves Clause: Evasion moves are banned\n|rule|Gravity Sleep Clause: The combination of sleep-inducing moves with imperfect accuracy and Gravity or Gigantamax Orbeetle are banned\n|rule|Endless Battle Clause: Forcing endless battles is banned\n|rule|HP Percentage Mod: HP is shown in percentages\n|clearpoke\n|poke|p1|Okidogi, M|\n|poke|p1|Rillaboom, F|\n|poke|p1|Flutter Mane|\n|poke|p1|Roaring Moon|\n|poke|p1|Volcanion|\n|poke|p1|Kleavor, F|\n|poke|p2|Landorus-Therian, M|\n|poke|p2|Iron Hands|\n|poke|p2|Amoonguss, M|\n|poke|p2|Volcanion|\n|poke|p2|Diancie|\n|poke|p2|Flutter Mane|\n|teampreview\n|c|\u2606Beraldinhoo|\/log Beraldinhoo made this room public.\n|c|\u2606AIRedzone|i love okidogi\n|j| Chihiro Watanuki\n|c|\u2606AIRedzone|glhf\n|j| Smudge\n|j| Amaranth\n|c|\u2606Beraldinhoo|Hf\n|j| seraphz\n|inactive|Battle timer is ON: inactive players will automatically lose when time's up. (requested by Beraldinhoo)\n|j|+ryo yamada2001\n|j|+Mizuhime\n|n| SeraphZ\u2605|seraphz\n|j| Ninja\n|j| luisin\n|j| MADARAAAA\n|j| eragon11145\n|j| F3rrari450\n|l| eragon11145\n|inactive|AIRedzone has 270 seconds left.\n|j| LpZ IV\n|inactive|Beraldinhoo has 270 seconds left.\n|j| Tessera\n|l| MADARAAAA\n|j| Losconosciuto\n|j| tyo\n|j| Ampha\n|inactive|AIRedzone has 240 seconds left.\n|j| eragon11145\n|j| MADARAAAA\n|inactive|Beraldinhoo has 240 seconds left.\n|j| kosameno\n|j| RelicanthPrimal<><\n|inactive|AIRedzone has 210 seconds left.\n|\n|t:|1699492281\n|start\n|switch|p1a: Rillaboom|Rillaboom, F|100\/100\n|switch|p1b: Kleavor|Kleavor, F, shiny|100\/100\n|switch|p2a: One|Iron Hands|100\/100\n|switch|p2b: Viduthalai|Volcanion|100\/100\n|-fieldstart|move: Grassy Terrain|[from] ability: Grassy Surge|[of] p1a: Rillaboom\n|turn|1\n|l| eragon11145\n|inactive|AIRedzone has 270 seconds left.\n|inactive|Beraldinhoo has 270 seconds left.\n|j| eragon11145\n|\n|t:|1699492319\n|switch|p2b: Jai Hanuman|Landorus-Therian, M|100\/100\n|-ability|p2b: Jai Hanuman|Intimidate|boost\n|-unboost|p1a: Rillaboom|atk|1\n|-unboost|p1b: Kleavor|atk|1\n|move|p1a: Rillaboom|Fake Out|p2a: One\n|-damage|p2a: One|94\/100\n|move|p1b: Kleavor|Stone Axe|p2b: Jai Hanuman|[miss]\n|-miss|p1b: Kleavor|p2b: Jai Hanuman\n|cant|p2a: One|flinch\n|\n|-heal|p2a: One|100\/100|[from] Grassy Terrain\n|upkeep\n|turn|2\n|inactive|AIRedzone has 270 seconds left.\n|inactive|Beraldinhoo has 270 seconds left.\n|l| Ampha\n|j| h4v\n|\n|t:|1699492352\n|move|p1b: Kleavor|Stone Axe|p2b: Jai Hanuman\n|-damage|p2b: Jai Hanuman|64\/100\n|-sidestart|p2: AIRedzone|move: Stealth Rock\n|move|p2b: Jai Hanuman|Stealth Rock|p1b: Kleavor\n|-sidestart|p1: Beraldinhoo|move: Stealth Rock\n|move|p1a: Rillaboom|Wood Hammer|p2b: Jai Hanuman\n|-damage|p2b: Jai Hanuman|8\/100\n|-enditem|p2b: Jai Hanuman|Sitrus Berry|[eat]\n|-heal|p2b: Jai Hanuman|33\/100|[from] item: Sitrus Berry\n|-damage|p1a: Rillaboom|83\/100|[from] Recoil\n|move|p2a: One|Heavy Slam|p1b: Kleavor\n|-supereffective|p1b: Kleavor\n|-enditem|p1b: Kleavor|Focus Sash\n|-damage|p1b: Kleavor|1\/100\n|\n|-heal|p1b: Kleavor|7\/100|[from] Grassy Terrain\n|-heal|p1a: Rillaboom|89\/100|[from] Grassy Terrain\n|upkeep\n|turn|3\n|j| R4ye\n|inactive|AIRedzone has 270 seconds left.\n|inactive|Beraldinhoo has 270 seconds left.\n|inactive|AIRedzone has 240 seconds left.\n|j| kunal2\n|inactive|Beraldinhoo has 240 seconds left.\n|l| kunal2\n|j| kunal2\n|inactive|AIRedzone has 210 seconds left.\n|inactive|Beraldinhoo has 210 seconds left.\n|\n|t:|1699492449\n|switch|p2b: Aarachar|Amoonguss, M|100\/100\n|-damage|p2b: Aarachar|88\/100|[from] Stealth Rock\n|move|p1b: Kleavor|Tailwind|p1b: Kleavor\n|-sidestart|p1: Beraldinhoo|move: Tailwind\n|move|p1a: Rillaboom|Wood Hammer|p2a: One\n|-damage|p2a: One|62\/100\n|-damage|p1a: Rillaboom|75\/100|[from] Recoil\n|move|p2a: One|Drain Punch|p1a: Rillaboom\n|-damage|p1a: Rillaboom|36\/100\n|-heal|p2a: One|79\/100|[from] drain|[of] p1a: Rillaboom\n|\n|-heal|p1b: Kleavor|13\/100|[from] Grassy Terrain\n|-heal|p1a: Rillaboom|42\/100|[from] Grassy Terrain\n|-heal|p2a: One|86\/100|[from] Grassy Terrain\n|-heal|p2b: Aarachar|94\/100|[from] Grassy Terrain\n|upkeep\n|turn|4\n|inactive|AIRedzone has 210 seconds left.\n|inactive|Beraldinhoo has 210 seconds left.\n|l| eragon11145\n|j| Rapid Spin Vettel\n|inactive|AIRedzone has 180 seconds left.\n|j| eragon11145\n|inactive|Beraldinhoo has 180 seconds left.\n|l|+Mizuhime\n|inactive|Beraldinhoo has 150 seconds left.\n|\n|t:|1699492524\n|move|p1b: Kleavor|X-Scissor|p2b: Aarachar\n|-damage|p2b: Aarachar|60\/100\n|move|p1a: Rillaboom|Wood Hammer|p2a: One\n|-crit|p2a: One\n|-damage|p2a: One|2\/100\n|-damage|p1a: Rillaboom|11\/100|[from] Recoil\n|move|p2a: One|Drain Punch|p1b: Kleavor\n|-damage|p1b: Kleavor|0 fnt\n|-heal|p2a: One|6\/100|[from] drain|[of] p1b: Kleavor\n|faint|p1b: Kleavor\n|move|p2b: Aarachar|Spore|p1a: Rillaboom\n|-immune|p1a: Rillaboom\n|\n|-heal|p1a: Rillaboom|17\/100|[from] Grassy Terrain\n|-heal|p2a: One|12\/100|[from] Grassy Terrain\n|-heal|p2b: Aarachar|66\/100|[from] Grassy Terrain\n|upkeep\n|inactive|Beraldinhoo has 150 seconds left.\n|j| RiloBR\n|j|+Mizuhime\n|l| Chihiro Watanuki\n|\n|t:|1699492554\n|switch|p1b: Roaring Moon|Roaring Moon|100\/100\n|-damage|p1b: Roaring Moon|88\/100|[from] Stealth Rock\n|-enditem|p1b: Roaring Moon|Booster Energy\n|-activate|p1b: Roaring Moon|ability: Protosynthesis|[fromitem]\n|-start|p1b: Roaring Moon|protosynthesisspe\n|turn|5\n|inactive|Beraldinhoo has 150 seconds left.\n|inactive|AIRedzone has 180 seconds left.\n|j| xHys\n|inactive|Beraldinhoo has 120 seconds left.\n|l| RelicanthPrimal<><\n|inactive|AIRedzone has 150 seconds left.\n|inactive|Beraldinhoo has 90 seconds left.\n|j| ImNextUp\n|l| ImNextUp\n|\n|t:|1699492624\n|switch|p2b: Jai Hanuman|Landorus-Therian, M|33\/100\n|-damage|p2b: Jai Hanuman|21\/100|[from] Stealth Rock\n|-ability|p2b: Jai Hanuman|Intimidate|boost\n|-unboost|p1a: Rillaboom|atk|1\n|-unboost|p1b: Roaring Moon|atk|1\n|move|p1a: Rillaboom|Grassy Glide|p2a: One\n|-damage|p2a: One|0 fnt\n|faint|p2a: One\n|-end|p2a: One|Quark Drive|[silent]\n|move|p1b: Roaring Moon|Acrobatics|p2b: Jai Hanuman\n|-damage|p2b: Jai Hanuman|0 fnt\n|faint|p2b: Jai Hanuman\n|\n|-heal|p1b: Roaring Moon|94\/100|[from] Grassy Terrain\n|-heal|p1a: Rillaboom|24\/100|[from] Grassy Terrain\n|-fieldend|move: Grassy Terrain\n|upkeep\n|j| Ampha\n|j| KeanuVGC\n|j| RelicanthPrimal<><\n|inactive|AIRedzone has 120 seconds left.\n|c| KeanuVGC|vamos RedGoat\n|inactive|AIRedzone has 90 seconds left.\n|c|\u2606Beraldinhoo|!learn diancie, ally switch\n|c| Beraldinhoo|\/raw <div class=\"infobox\">In [Gen 9] Doubles OU, Diancie <span class=\"message-learn-cannotlearn\">can't<\/span> learn Ally Switch because:<ul class=\"message-learn-list\"><li>Diancie's move Ally Switch can't be transferred from Gen 8 to 9.<\/li><\/ul><\/div>\n|l| kunal2\n|\n|t:|1699492696\n|switch|p2b: Khwaab|Diancie|100\/100\n|switch|p2a: Aarachar|Amoonguss, M|99\/100\n|-damage|p2b: Khwaab|88\/100|[from] Stealth Rock\n|-damage|p2a: Aarachar|87\/100|[from] Stealth Rock\n|turn|6\n|c|\u2606AIRedzone|!learn amoonguss, ally switch\n|c| AIRedzone|\/raw <div class=\"infobox\">In [Gen 9] Doubles OU, Amoonguss <span class=\"message-learn-cannotlearn\">can't<\/span> learn Ally Switch<\/div>\n|inactive|AIRedzone has 60 seconds left.\n|\n|t:|1699492732\n|move|p1b: Roaring Moon|Protect|p1b: Roaring Moon\n|-singleturn|p1b: Roaring Moon|Protect\n|move|p2a: Aarachar|Rage Powder|p2a: Aarachar\n|-singleturn|p2a: Aarachar|move: Rage Powder\n|move|p1a: Rillaboom|Wood Hammer|p2b: Khwaab\n|-supereffective|p2b: Khwaab\n|-damage|p2b: Khwaab|38\/100\n|-enditem|p2b: Khwaab|Weakness Policy\n|-boost|p2b: Khwaab|atk|2|[from] item: Weakness Policy\n|-boost|p2b: Khwaab|spa|2|[from] item: Weakness Policy\n|-damage|p1a: Rillaboom|11\/100|[from] Recoil\n|move|p2b: Khwaab|Trick Room|p2b: Khwaab\n|-fieldstart|move: Trick Room|[of] p2b: Khwaab\n|\n|-sideend|p1: Beraldinhoo|move: Tailwind\n|upkeep\n|turn|7\n|inactive|Beraldinhoo has 120 seconds left.\n|c|\u2606Beraldinhoo|Oh\n|inactive|AIRedzone has 60 seconds left.\n|c| Ampha|PERDEMOS\n|c| LpZ IV|esse jogo\n|inactive|Beraldinhoo has 90 seconds left.\n|\n|t:|1699492777\n|move|p2a: Aarachar|Pollen Puff|p2b: Khwaab\n|-heal|p2b: Khwaab|88\/100\n|move|p2b: Khwaab|Diamond Storm|p1a: Rillaboom|[spread] p1a,p1b\n|-damage|p1a: Rillaboom|0 fnt\n|-damage|p1b: Roaring Moon|7\/100\n|faint|p1a: Rillaboom\n|move|p1b: Roaring Moon|Acrobatics|p2a: Aarachar\n|-supereffective|p2a: Aarachar\n|-damage|p2a: Aarachar|47\/100\n|-enditem|p2a: Aarachar|Sitrus Berry|[eat]\n|-heal|p2a: Aarachar|72\/100|[from] item: Sitrus Berry\n|\n|upkeep\n|j| AndreyVGC\n|c| LpZ IV|\u00e9 o suco do brasil na copa do mundo de doubles\n|c| Tessera|jai hind\n|inactive|Beraldinhoo has 60 seconds left.\n|\n|t:|1699492808\n|switch|p1a: Okidogi|Okidogi, M|100\/100\n|-damage|p1a: Okidogi|94\/100|[from] Stealth Rock\n|turn|8\n|l| AndreyVGC\n|inactive|AIRedzone has 60 seconds left.\n|\n|t:|1699492838\n|move|p1a: Okidogi|Protect|p1a: Okidogi\n|-singleturn|p1a: Okidogi|Protect\n|move|p1b: Roaring Moon|Protect|p1b: Roaring Moon\n|-singleturn|p1b: Roaring Moon|Protect\n|move|p2a: Aarachar|Spore|p1a: Okidogi\n|-activate|p1a: Okidogi|move: Protect\n|move|p2b: Khwaab|Diamond Storm|p1a: Okidogi|[spread] \n|-activate|p1a: Okidogi|move: Protect\n|-activate|p1b: Roaring Moon|move: Protect\n|\n|-heal|p1a: Okidogi|100\/100|[from] item: Leftovers\n|upkeep\n|turn|9\n|l|+Mizuhime\n|inactive|Beraldinhoo has 90 seconds left.\n|j| kunal2\n|\n|t:|1699492877\n|move|p2a: Aarachar|Spore|p1a: Okidogi\n|-status|p1a: Okidogi|slp|[from] move: Spore\n|move|p2b: Khwaab|Diamond Storm|p1a: Okidogi|[spread] p1a\n|-miss|p2b: Khwaab|p1b: Roaring Moon\n|-resisted|p1a: Okidogi\n|-damage|p1a: Okidogi|70\/100 slp\n|-boost|p2b: Khwaab|def|2\n|cant|p1a: Okidogi|slp\n|move|p1b: Roaring Moon|Acrobatics|p2a: Aarachar\n|-supereffective|p2a: Aarachar\n|-damage|p2a: Aarachar|32\/100\n|\n|-heal|p1a: Okidogi|77\/100 slp|[from] item: Leftovers\n|upkeep\n|turn|10\n|inactive|AIRedzone has 90 seconds left.\n|inactive|Beraldinhoo has 90 seconds left.\n|\n|t:|1699492902\n|switch|p2a: Viduthalai|Volcanion|100\/100\n|move|p2b: Khwaab|Diamond Storm|p1b: Roaring Moon|[spread] p1a,p1b\n|-resisted|p1a: Okidogi\n|-damage|p1a: Okidogi|48\/100 slp\n|-damage|p1b: Roaring Moon|0 fnt\n|faint|p1b: Roaring Moon\n|-end|p1b: Roaring Moon|Protosynthesis|[silent]\n|cant|p1a: Okidogi|slp\n|\n|-heal|p1a: Okidogi|54\/100 slp|[from] item: Leftovers\n|-fieldend|move: Trick Room\n|upkeep\n|inactive|Beraldinhoo has 60 seconds left.\n|\n|t:|1699492930\n|switch|p1b: Flutter Mane|Flutter Mane|100\/100\n|-damage|p1b: Flutter Mane|88\/100|[from] Stealth Rock\n|turn|11\n|inactive|Beraldinhoo has 60 seconds left.\n|inactive|AIRedzone has 90 seconds left.\n|\n|t:|1699492966\n|-terastallize|p1b: Flutter Mane|Fairy\n|move|p2b: Khwaab|Protect|p2b: Khwaab\n|-singleturn|p2b: Khwaab|Protect\n|move|p1b: Flutter Mane|Moonblast|p2b: Khwaab\n|-activate|p2b: Khwaab|move: Protect\n|-curestatus|p1a: Okidogi|slp|[msg]\n|move|p1a: Okidogi|Gunk Shot|p2b: Khwaab\n|-activate|p2b: Khwaab|move: Protect\n|move|p2a: Viduthalai|Earth Power|p1a: Okidogi\n|-supereffective|p1a: Okidogi\n|-damage|p1a: Okidogi|2\/100\n|-unboost|p1a: Okidogi|spd|1\n|\n|-heal|p1a: Okidogi|8\/100|[from] item: Leftovers\n|upkeep\n|turn|12\n|inactive|AIRedzone has 90 seconds left.\n|j|+GenOne\n|\n|t:|1699493006\n|switch|p2b: Aarachar|Amoonguss, M|65\/100\n|-damage|p2b: Aarachar|52\/100|[from] Stealth Rock\n|move|p1b: Flutter Mane|Moonblast|p2b: Aarachar\n|-resisted|p2b: Aarachar\n|-crit|p2b: Aarachar\n|-damage|p2b: Aarachar|0 fnt\n|faint|p2b: Aarachar\n|move|p1a: Okidogi|Gunk Shot|p2a: Viduthalai\n|-crit|p2a: Viduthalai\n|-damage|p2a: Viduthalai|24\/100\n|move|p2a: Viduthalai|Heat Wave|p1b: Flutter Mane|[spread] p1a,p1b\n|-damage|p1a: Okidogi|0 fnt\n|-damage|p1b: Flutter Mane|50\/100\n|faint|p1a: Okidogi\n|\n|upkeep\n|inactive|AIRedzone has 90 seconds left.\n|j| GuitarheroVGC\n|\n|t:|1699493040\n|switch|p1a: Volcanion|Volcanion|100\/100\n|switch|p2b: Navarasam|Flutter Mane|100\/100\n|-damage|p2b: Navarasam|88\/100|[from] Stealth Rock\n|-damage|p1a: Volcanion|75\/100|[from] Stealth Rock\n|turn|13\n|inactive|Beraldinhoo has 90 seconds left.\n|l|+GenOne\n|inactive|AIRedzone has 60 seconds left.\n|inactive|AIRedzone has 30 seconds left.\n|inactive|AIRedzone has 20 seconds left.\n|inactive|AIRedzone has 15 seconds left.\n|\n|t:|1699493118\n|move|p1b: Flutter Mane|Moonblast|p2a: Viduthalai\n|-resisted|p2a: Viduthalai\n|-damage|p2a: Viduthalai|0 fnt\n|faint|p2a: Viduthalai\n|move|p2b: Navarasam|Moonblast|p1b: Flutter Mane\n|-damage|p1b: Flutter Mane|6\/100\n|move|p1a: Volcanion|Steam Eruption|p2b: Navarasam\n|-crit|p2b: Navarasam\n|-damage|p2b: Navarasam|13\/100\n|\n|-heal|p1a: Volcanion|82\/100|[from] item: Leftovers\n|upkeep\n|inactive|AIRedzone has 20 seconds left this turn.\n|inactive|AIRedzone has 15 seconds left.\n|\n|t:|1699493123\n|switch|p2a: Khwaab|Diancie|88\/100\n|-damage|p2a: Khwaab|75\/100|[from] Stealth Rock\n|turn|14\n|j| Cure Etoile\n|inactive|Beraldinhoo has 90 seconds left.\n|j| Enzonana\n|\n|t:|1699493153\n|-terastallize|p2a: Khwaab|Grass\n|move|p1b: Flutter Mane|Moonblast|p2a: Khwaab\n|-damage|p2a: Khwaab|2\/100\n|move|p2b: Navarasam|Dazzling Gleam|p1b: Flutter Mane|[spread] p1a,p1b\n|-resisted|p1a: Volcanion\n|-crit|p1b: Flutter Mane\n|-damage|p1a: Volcanion|64\/100\n|-damage|p1b: Flutter Mane|0 fnt\n|faint|p1b: Flutter Mane\n|-end|p1b: Flutter Mane|Protosynthesis|[silent]\n|move|p1a: Volcanion|Steam Eruption|p2a: Khwaab\n|-resisted|p2a: Khwaab\n|-damage|p2a: Khwaab|0 fnt\n|faint|p2a: Khwaab\n|\n|-heal|p1a: Volcanion|70\/100|[from] item: Leftovers\n|upkeep\n|turn|15\n|inactive|Beraldinhoo has 90 seconds left.\n|\n|t:|1699493165\n|move|p2b: Navarasam|Shadow Ball|p1a: Volcanion\n|-damage|p1a: Volcanion|36\/100\n|move|p1a: Volcanion|Steam Eruption|p2b: Navarasam\n|-damage|p2b: Navarasam|0 fnt\n|faint|p2b: Navarasam\n|-end|p2b: Navarasam|Protosynthesis|[silent]\n|\n|win|Beraldinhoo\n|l|\u2606AIRedzone\n|c|\u2606Beraldinhoo|Gg\n|l| SeraphZ\u2605\n|l| eragon11145\n|c| RiloBR|Genio\n","uploadtime":1699493178,"views":123,"p1id":"beraldinhoo","p2id":"airedzone","formatid":"gen9doublesou","rating":0,"private":0,"password":""}