{"id":"gen9doublesou-1992321406","p1":"sihallo","p2":"MatheusHetero","format":"[Gen 9] Doubles OU","log":"|j|\u2606sihallo\n|j|\u2606MatheusHetero\n|t:|1700174471\n|gametype|doubles\n|player|p1|sihallo|harlequin|1050\n|player|p2|MatheusHetero|sage|1000\n|teamsize|p1|6\n|teamsize|p2|6\n|gen|9\n|tier|[Gen 9] Doubles OU\n|rated|\n|rule|Species Clause: Limit one of each Pok\u00e9mon\n|rule|OHKO Clause: OHKO moves are banned\n|rule|Evasion Moves Clause: Evasion moves are banned\n|rule|Gravity Sleep Clause: The combination of sleep-inducing moves with imperfect accuracy and Gravity or Gigantamax Orbeetle are banned\n|rule|Endless Battle Clause: Forcing endless battles is banned\n|rule|HP Percentage Mod: HP is shown in percentages\n|clearpoke\n|poke|p1|Politoed, F|\n|poke|p1|Gengar, F|\n|poke|p1|Basculegion-F, F|\n|poke|p1|Gastrodon, F|\n|poke|p1|Diancie|\n|poke|p1|Rillaboom, F|\n|poke|p2|Glimmora, F|\n|poke|p2|Delphox, F|\n|poke|p2|Palossand, M|\n|poke|p2|Espathra, F|\n|poke|p2|Slaking, M|\n|poke|p2|Chansey, F|\n|teampreview\n|inactive|Battle timer is ON: inactive players will automatically lose when time's up. (requested by sihallo)\n|\n|t:|1700174486\n|start\n|switch|p1a: Diancie|Diancie|100\/100\n|switch|p1b: Politoed|Politoed, F|100\/100\n|switch|p2a: Glimmora|Glimmora, F|100\/100\n|switch|p2b: Chansey|Chansey, F, shiny|100\/100\n|-weather|RainDance|[from] ability: Drizzle|[of] p1b: Politoed\n|turn|1\n|\n|t:|1700174501\n|move|p2a: Glimmora|Mortal Spin|p1a: Diancie|[spread] p1a,p1b\n|-damage|p1a: Diancie|97\/100\n|-damage|p1b: Politoed|95\/100\n|-status|p1a: Diancie|psn\n|-status|p1b: Politoed|psn\n|move|p1b: Politoed|Hyper Voice|p2b: Chansey|[spread] p2a,p2b\n|-resisted|p2a: Glimmora\n|-damage|p2a: Glimmora|85\/100\n|-damage|p2b: Chansey|94\/100\n|move|p1a: Diancie|Stealth Rock|p2a: Glimmora\n|-sidestart|p2: MatheusHetero|move: Stealth Rock\n|move|p2b: Chansey|Stealth Rock|p1b: Politoed\n|-sidestart|p1: sihallo|move: Stealth Rock\n|\n|-weather|RainDance|[upkeep]\n|-heal|p1b: Politoed|100\/100 psn|[from] item: Leftovers\n|-heal|p1a: Diancie|100\/100 psn|[from] item: Leftovers\n|-damage|p1b: Politoed|88\/100 psn|[from] psn\n|-damage|p1a: Diancie|88\/100 psn|[from] psn\n|upkeep\n|turn|2\n|inactive|sihallo has 120 seconds left.\n|\n|t:|1700174531\n|move|p2a: Glimmora|Earth Power|p1a: Diancie\n|-supereffective|p1a: Diancie\n|-damage|p1a: Diancie|48\/100 psn\n|move|p1b: Politoed|Hyper Voice|p2b: Chansey|[spread] p2a,p2b\n|-resisted|p2a: Glimmora\n|-damage|p2a: Glimmora|70\/100\n|-damage|p2b: Chansey|87\/100\n|move|p2b: Chansey|Thunderbolt|p1b: Politoed\n|-supereffective|p1b: Politoed\n|-damage|p1b: Politoed|71\/100 psn\n|move|p1a: Diancie|Encore|p2b: Chansey\n|-start|p2b: Chansey|Encore\n|\n|-weather|RainDance|[upkeep]\n|-heal|p1b: Politoed|77\/100 psn|[from] item: Leftovers\n|-heal|p1a: Diancie|54\/100 psn|[from] item: Leftovers\n|-damage|p1b: Politoed|65\/100 psn|[from] psn\n|-damage|p1a: Diancie|42\/100 psn|[from] psn\n|upkeep\n|turn|3\n|inactive|sihallo has 120 seconds left.\n|\n|t:|1700174566\n|switch|p1a: Gastrodon|Gastrodon, F|100\/100\n|-damage|p1a: Gastrodon|94\/100|[from] Stealth Rock\n|move|p2a: Glimmora|Earth Power|p1a: Gastrodon\n|-damage|p1a: Gastrodon|66\/100\n|move|p1b: Politoed|Surf|p2a: Glimmora|[spread] p2a,p2b\n|-ability|p1a: Gastrodon|Storm Drain|boost\n|-boost|p1a: Gastrodon|spa|1\n|-supereffective|p2a: Glimmora\n|-damage|p2a: Glimmora|0 fnt\n|-damage|p2b: Chansey|72\/100\n|faint|p2a: Glimmora\n|move|p2b: Chansey|Thunderbolt|p1b: Politoed\n|-supereffective|p1b: Politoed\n|-damage|p1b: Politoed|48\/100 psn\n|\n|-weather|RainDance|[upkeep]\n|-heal|p1b: Politoed|55\/100 psn|[from] item: Leftovers\n|-heal|p1a: Gastrodon|72\/100|[from] item: Leftovers\n|-damage|p1b: Politoed|42\/100 psn|[from] psn\n|upkeep\n|inactive|MatheusHetero has 120 seconds left.\n|\n|t:|1700174584\n|switch|p2a: Delphox|Delphox, F, shiny|100\/100\n|-damage|p2a: Delphox|75\/100|[from] Stealth Rock\n|turn|4\n|\n|t:|1700174595\n|move|p2a: Delphox|Skill Swap|p1a: Gastrodon\n|-activate|p2a: Delphox|move: Skill Swap|Storm Drain|Magician|[of] p1a: Gastrodon\n|move|p1b: Politoed|Surf|p2b: Chansey|[spread] p1a,p2b\n|-ability|p2a: Delphox|Storm Drain|boost\n|-boost|p2a: Delphox|spa|1\n|-damage|p1a: Gastrodon|29\/100\n|-damage|p2b: Chansey|56\/100\n|move|p2b: Chansey|Thunderbolt|p1b: Politoed\n|-supereffective|p1b: Politoed\n|-damage|p1b: Politoed|26\/100 psn\n|move|p1a: Gastrodon|Sludge Bomb|p2b: Chansey\n|-damage|p2b: Chansey|41\/100\n|-enditem|p2b: Chansey|Sitrus Berry|[eat]\n|-heal|p2b: Chansey|66\/100|[from] item: Sitrus Berry\n|\n|-weather|RainDance|[upkeep]\n|-heal|p1b: Politoed|32\/100 psn|[from] item: Leftovers\n|-heal|p1a: Gastrodon|35\/100|[from] item: Leftovers\n|-damage|p1b: Politoed|20\/100 psn|[from] psn\n|upkeep\n|turn|5\n|inactive|sihallo has 120 seconds left.\n|\n|t:|1700174630\n|move|p1b: Politoed|Protect|p1b: Politoed\n|-singleturn|p1b: Politoed|Protect\n|move|p2a: Delphox|Psychic|p1a: Gastrodon\n|-damage|p1a: Gastrodon|0 fnt\n|faint|p1a: Gastrodon\n|move|p2b: Chansey|Thunderbolt|p1b: Politoed\n|-activate|p1b: Politoed|move: Protect\n|\n|-weather|none\n|-heal|p1b: Politoed|26\/100 psn|[from] item: Leftovers\n|-damage|p1b: Politoed|14\/100 psn|[from] psn\n|-end|p2b: Chansey|Encore\n|upkeep\n|\n|t:|1700174649\n|switch|p1a: Basculegion|Basculegion-F, F|100\/100\n|-damage|p1a: Basculegion|88\/100|[from] Stealth Rock\n|turn|6\n|inactive|sihallo has 120 seconds left.\n|\n|t:|1700174676\n|switch|p1b: Rillaboom|Rillaboom, F|100\/100\n|-damage|p1b: Rillaboom|88\/100|[from] Stealth Rock\n|-fieldstart|move: Grassy Terrain|[from] ability: Grassy Surge|[of] p1b: Rillaboom\n|move|p2a: Delphox|Night Shade|p1a: Basculegion\n|-damage|p1a: Basculegion|62\/100\n|move|p1a: Basculegion|Shadow Ball|p2a: Delphox\n|-supereffective|p2a: Delphox\n|-damage|p2a: Delphox|0 fnt\n|faint|p2a: Delphox\n|move|p2b: Chansey|Thunderbolt|p1a: Basculegion\n|-supereffective|p1a: Basculegion\n|-damage|p1a: Basculegion|41\/100\n|\n|-heal|p1a: Basculegion|47\/100|[from] Grassy Terrain\n|-heal|p1b: Rillaboom|94\/100|[from] Grassy Terrain\n|-heal|p2b: Chansey|72\/100|[from] Grassy Terrain\n|upkeep\n|\n|t:|1700174693\n|switch|p2a: Espathra|Espathra, F, shiny|100\/100\n|-damage|p2a: Espathra|88\/100|[from] Stealth Rock\n|turn|7\n|\n|t:|1700174709\n|switch|p2b: Slaking|Slaking, M, shiny|100\/100\n|-damage|p2b: Slaking|88\/100|[from] Stealth Rock\n|move|p2a: Espathra|Skill Swap|p2b: Slaking\n|-activate|p2a: Espathra|move: Skill Swap|||[of] p2b: Slaking\n|move|p1a: Basculegion|Shadow Ball|p2a: Espathra\n|-supereffective|p2a: Espathra\n|-damage|p2a: Espathra|0 fnt\n|faint|p2a: Espathra\n|move|p1b: Rillaboom|U-turn|p2b: Slaking\n|-damage|p2b: Slaking|66\/100\n|inactive|sihallo has 120 seconds left.\n|\n|t:|1700174724\n|switch|p1b: Politoed|Politoed, F|14\/100 psn|[from] U-turn\n|-damage|p1b: Politoed|1\/100 psn|[from] Stealth Rock\n|-weather|RainDance|[from] ability: Drizzle|[of] p1b: Politoed\n|\n|-weather|RainDance|[upkeep]\n|-heal|p2b: Slaking|72\/100|[from] Grassy Terrain\n|-heal|p1a: Basculegion|53\/100|[from] Grassy Terrain\n|-heal|p1b: Politoed|7\/100 psn|[from] Grassy Terrain\n|-heal|p1b: Politoed|14\/100 psn|[from] item: Leftovers\n|-damage|p1b: Politoed|1\/100 psn|[from] psn\n|upkeep\n|\n|t:|1700174728\n|switch|p2a: Palossand|Palossand, M, shiny|100\/100\n|-damage|p2a: Palossand|94\/100|[from] Stealth Rock\n|turn|8\n|\n|t:|1700174755\n|move|p2b: Slaking|Knock Off|p1a: Basculegion\n|-supereffective|p1a: Basculegion\n|-damage|p1a: Basculegion|0 fnt\n|-enditem|p1a: Basculegion|Choice Specs|[from] move: Knock Off|[of] p2b: Slaking\n|faint|p1a: Basculegion\n|move|p1b: Politoed|Icy Wind|p2a: Palossand|[spread] p2a,p2b\n|-supereffective|p2a: Palossand\n|-damage|p2a: Palossand|60\/100\n|-damage|p2b: Slaking|58\/100\n|-unboost|p2a: Palossand|spe|1\n|-unboost|p2b: Slaking|spe|1\n|-enditem|p2a: Palossand|Weakness Policy\n|-boost|p2a: Palossand|atk|2|[from] item: Weakness Policy\n|-boost|p2a: Palossand|spa|2|[from] item: Weakness Policy\n|move|p2a: Palossand|Shadow Ball|p1b: Politoed\n|-damage|p1b: Politoed|0 fnt\n|faint|p1b: Politoed\n|\n|-weather|RainDance|[upkeep]\n|-heal|p2b: Slaking|64\/100|[from] Grassy Terrain\n|-heal|p2a: Palossand|66\/100|[from] Grassy Terrain\n|-ability|p2b: Slaking|Speed Boost|boost\n|-boost|p2b: Slaking|spe|1\n|upkeep\n|inactive|sihallo has 120 seconds left.\n|\n|t:|1700174780\n|switch|p1a: Gengar|Gengar, F|100\/100\n|switch|p1b: Rillaboom|Rillaboom, F|94\/100\n|-damage|p1a: Gengar|88\/100|[from] Stealth Rock\n|-damage|p1b: Rillaboom|82\/100|[from] Stealth Rock\n|turn|9\n|\n|t:|1700174799\n|-terastallize|p2a: Palossand|Fire\n|move|p1a: Gengar|Thunder|p2b: Slaking\n|-damage|p2b: Slaking|16\/100\n|-status|p2b: Slaking|par\n|move|p1b: Rillaboom|Drum Beating|p2a: Palossand\n|-resisted|p2a: Palossand\n|-damage|p2a: Palossand|45\/100\n|-unboost|p2a: Palossand|spe|1\n|move|p2b: Slaking|Knock Off|p1a: Gengar\n|-supereffective|p1a: Gengar\n|-damage|p1a: Gengar|0 fnt\n|-start|p2b: Slaking|Disable|Knock Off|[from] ability: Cursed Body|[of] p1a: Gengar\n|-enditem|p1a: Gengar|Choice Scarf|[from] move: Knock Off|[of] p2b: Slaking\n|faint|p1a: Gengar\n|move|p2a: Palossand|Shadow Ball|p1b: Rillaboom\n|-damage|p1b: Rillaboom|7\/100\n|\n|-weather|RainDance|[upkeep]\n|-heal|p1b: Rillaboom|13\/100|[from] Grassy Terrain\n|-heal|p2b: Slaking|22\/100 par|[from] Grassy Terrain\n|-heal|p2a: Palossand|51\/100|[from] Grassy Terrain\n|-ability|p2b: Slaking|Speed Boost|boost\n|-boost|p2b: Slaking|spe|1\n|upkeep\n|inactive|sihallo has 120 seconds left.\n|\n|t:|1700174810\n|switch|p1a: Diancie|Diancie|42\/100 psn\n|-damage|p1a: Diancie|29\/100 psn|[from] Stealth Rock\n|turn|10\n|inactive|sihallo has 120 seconds left.\n|\n|t:|1700174841\n|cant|p2b: Slaking|par\n|move|p1b: Rillaboom|Drain Punch|p2a: Palossand\n|-damage|p2a: Palossand|32\/100\n|-heal|p1b: Rillaboom|21\/100|[from] drain|[of] p2a: Palossand\n|move|p1a: Diancie|Body Press|p2b: Slaking\n|-supereffective|p2b: Slaking\n|-damage|p2b: Slaking|0 fnt\n|faint|p2b: Slaking\n|move|p2a: Palossand|Chilling Water|p1a: Diancie\n|-supereffective|p1a: Diancie\n|-damage|p1a: Diancie|0 fnt\n|faint|p1a: Diancie\n|\n|-weather|RainDance|[upkeep]\n|-heal|p1b: Rillaboom|27\/100|[from] Grassy Terrain\n|-heal|p2a: Palossand|38\/100|[from] Grassy Terrain\n|upkeep\n|\n|t:|1700174853\n|switch|p2b: Chansey|Chansey, F, shiny|72\/100\n|-damage|p2b: Chansey|60\/100|[from] Stealth Rock\n|turn|11\n|\n|t:|1700174871\n|-terastallize|p1b: Rillaboom|Fairy\n|move|p1b: Rillaboom|Drain Punch|p2b: Chansey\n|-supereffective|p2b: Chansey\n|-damage|p2b: Chansey|0 fnt\n|-heal|p1b: Rillaboom|81\/100|[from] drain|[of] p2b: Chansey\n|faint|p2b: Chansey\n|move|p2a: Palossand|Chilling Water|p1b: Rillaboom\n|-damage|p1b: Rillaboom|33\/100\n|-unboost|p1b: Rillaboom|atk|1\n|\n|-weather|none\n|-heal|p1b: Rillaboom|40\/100|[from] Grassy Terrain\n|-heal|p2a: Palossand|44\/100|[from] Grassy Terrain\n|upkeep\n|turn|12\n|\n|t:|1700174895\n|move|p1b: Rillaboom|Drain Punch|p2a: Palossand\n|-damage|p2a: Palossand|31\/100\n|-heal|p1b: Rillaboom|45\/100|[from] drain|[of] p2a: Palossand\n|move|p2a: Palossand|Chilling Water|p1b: Rillaboom\n|-damage|p1b: Rillaboom|9\/100\n|-unboost|p1b: Rillaboom|atk|1\n|\n|-heal|p1b: Rillaboom|15\/100|[from] Grassy Terrain\n|-heal|p2a: Palossand|37\/100|[from] Grassy Terrain\n|upkeep\n|turn|13\n|\n|t:|1700174916\n|move|p1b: Rillaboom|Drain Punch|p2a: Palossand\n|-damage|p2a: Palossand|28\/100\n|-heal|p1b: Rillaboom|19\/100|[from] drain|[of] p2a: Palossand\n|move|p2a: Palossand|Chilling Water|p1b: Rillaboom\n|-damage|p1b: Rillaboom|0 fnt\n|faint|p1b: Rillaboom\n|\n|win|MatheusHetero\n|raw|sihallo's rating: 1050 &rarr; <strong>1030<\/strong><br \/>(-20 for losing)\n|raw|MatheusHetero's rating: 1000 &rarr; <strong>1046<\/strong><br \/>(+46 for winning)\n|c|\u2606sihallo|gg\n|l|\u2606sihallo\n","uploadtime":1700174931,"views":8,"p1id":"sihallo","p2id":"matheushetero","formatid":"gen9doublesou","rating":1030,"private":0,"password":""}