{"id":"gen9doublesou-1982102649","p1":"Iygvyi","p2":"Trickroom4dumies","format":"[Gen 9] Doubles OU","log":"|j|\u2606Iygvyi\n|j|\u2606Trickroom4dumies\n|inactive|Battle timer is ON: inactive players will automatically lose when time's up.\n|t:|1698968091\n|gametype|doubles\n|player|p1|Iygvyi|102|\n|player|p2|Trickroom4dumies|hexmaniac-gen3|\n|teamsize|p1|6\n|teamsize|p2|6\n|gen|9\n|tier|[Gen 9] Doubles OU\n|rated|Tournament battle\n|rule|Species Clause: Limit one of each Pok\u00e9mon\n|rule|OHKO Clause: OHKO moves are banned\n|rule|Evasion Moves Clause: Evasion moves are banned\n|rule|Gravity Sleep Clause: The combination of sleep-inducing moves with imperfect accuracy and Gravity or Gigantamax Orbeetle are banned\n|rule|Endless Battle Clause: Forcing endless battles is banned\n|rule|HP Percentage Mod: HP is shown in percentages\n|clearpoke\n|poke|p1|Tornadus, M|\n|poke|p1|Iron Hands|\n|poke|p1|Rillaboom, M|\n|poke|p1|Flutter Mane|\n|poke|p1|Ogerpon-Hearthflame, F|\n|poke|p1|Heatran, F|\n|poke|p2|Farigiraf, F|\n|poke|p2|Gholdengo|\n|poke|p2|Regidrago|\n|poke|p2|Chien-Pao|\n|poke|p2|Diancie|\n|poke|p2|Hoopa-Unbound|\n|teampreview\n|inactive|Iygvyi also wants the timer to be on.\n|inactive|Trickroom4dumies has 120 seconds left.\n|\n|t:|1698968122\n|start\n|switch|p1a: Rillaboom|Rillaboom, M|100\/100\n|switch|p1b: Ogerpon|Ogerpon-Hearthflame, F|100\/100\n|switch|p2a: Chien-Pao|Chien-Pao|100\/100\n|switch|p2b: Hoopa|Hoopa-Unbound|100\/100\n|-ability|p2a: Chien-Pao|Sword of Ruin\n|-ability|p1b: Ogerpon|Mold Breaker\n|-fieldstart|move: Grassy Terrain|[from] ability: Grassy Surge|[of] p1a: Rillaboom\n|turn|1\n|inactive|Iygvyi has 120 seconds left.\n|inactive|Trickroom4dumies has 120 seconds left.\n|inactive|Trickroom4dumies has 90 seconds left.\n|\n|t:|1698968188\n|switch|p2a: Farigiraf|Farigiraf, F, shiny|100\/100\n|-terastallize|p1b: Ogerpon|Fire\n|detailschange|p1b: Ogerpon|Ogerpon-Hearthflame-Tera, F, tera:Fire\n|-ability|p1b: Ogerpon|Embody Aspect (Hearthflame)|boost\n|-boost|p1b: Ogerpon|atk|1\n|move|p1a: Rillaboom|Fake Out||[still]\n|cant|p2a: Farigiraf|ability: Armor Tail|Fake Out|[of] p1a: Rillaboom\n|move|p1b: Ogerpon|Ivy Cudgel|p2b: Hoopa\n|-crit|p2b: Hoopa\n|-enditem|p2b: Hoopa|Focus Sash\n|-damage|p2b: Hoopa|1\/100\n|move|p2b: Hoopa|Hyperspace Fury|p1b: Ogerpon\n|-damage|p1b: Ogerpon|23\/100\n|-unboost|p2b: Hoopa|def|1\n|\n|-heal|p1b: Ogerpon|29\/100|[from] Grassy Terrain\n|-heal|p2b: Hoopa|7\/100|[from] Grassy Terrain\n|upkeep\n|turn|2\n|inactive|Iygvyi has 120 seconds left.\n|inactive|Trickroom4dumies has 90 seconds left.\n|inactive|Trickroom4dumies has 60 seconds left.\n|\n|t:|1698968246\n|move|p1b: Ogerpon|Ivy Cudgel|p2a: Farigiraf\n|-damage|p2a: Farigiraf|14\/100\n|-enditem|p2a: Farigiraf|Sitrus Berry|[eat]\n|-heal|p2a: Farigiraf|39\/100|[from] item: Sitrus Berry\n|move|p2b: Hoopa|Hyperspace Fury|p1b: Ogerpon\n|-damage|p1b: Ogerpon|0 fnt\n|-unboost|p2b: Hoopa|def|1\n|faint|p1b: Ogerpon\n|move|p1a: Rillaboom|U-turn|p2a: Farigiraf\n|-supereffective|p2a: Farigiraf\n|-damage|p2a: Farigiraf|0 fnt\n|faint|p2a: Farigiraf\n|inactive|Iygvyi has 90 seconds left.\n|\n|t:|1698968257\n|switch|p1a: Flutter Mane|Flutter Mane|100\/100|[from] U-turn\n|\n|-heal|p2b: Hoopa|13\/100|[from] Grassy Terrain\n|upkeep\n|\n|t:|1698968264\n|switch|p1b: Rillaboom|Rillaboom, M|100\/100\n|switch|p2a: Chien-Pao|Chien-Pao|100\/100\n|-ability|p2a: Chien-Pao|Sword of Ruin\n|turn|3\n|inactive|Iygvyi has 120 seconds left.\n|inactive|Trickroom4dumies has 90 seconds left.\n|\n|t:|1698968286\n|move|p2a: Chien-Pao|Protect|p2a: Chien-Pao\n|-singleturn|p2a: Chien-Pao|Protect\n|move|p2b: Hoopa|Protect|p2b: Hoopa\n|-singleturn|p2b: Hoopa|Protect\n|move|p1b: Rillaboom|Fake Out|p2a: Chien-Pao\n|-activate|p2a: Chien-Pao|move: Protect\n|move|p1a: Flutter Mane|Dazzling Gleam|p2b: Hoopa|[spread] \n|-activate|p2a: Chien-Pao|move: Protect\n|-activate|p2b: Hoopa|move: Protect\n|\n|-heal|p2b: Hoopa|19\/100|[from] Grassy Terrain\n|upkeep\n|turn|4\n|inactive|Iygvyi has 120 seconds left.\n|inactive|Trickroom4dumies has 90 seconds left.\n|\n|t:|1698968324\n|switch|p2b: Gholdengo|Gholdengo|100\/100\n|move|p1b: Rillaboom|Grassy Glide|p2b: Gholdengo\n|-resisted|p2b: Gholdengo\n|-damage|p2b: Gholdengo|72\/100\n|move|p2a: Chien-Pao|Ice Spinner|p1a: Flutter Mane\n|-damage|p1a: Flutter Mane|17\/100\n|-fieldend|move: Grassy Terrain\n|move|p1a: Flutter Mane|Dazzling Gleam|p2a: Chien-Pao|[spread] p2a,p2b\n|-supereffective|p2a: Chien-Pao\n|-resisted|p2b: Gholdengo\n|-enditem|p2a: Chien-Pao|Focus Sash\n|-damage|p2a: Chien-Pao|1\/100\n|-damage|p2b: Gholdengo|47\/100\n|\n|upkeep\n|turn|5\n|inactive|Trickroom4dumies has 90 seconds left.\n|inactive|Iygvyi has 120 seconds left.\n|inactive|Trickroom4dumies has 60 seconds left.\n|\n|t:|1698968369\n|-end|p1a: Flutter Mane|Protosynthesis|[silent]\n|switch|p1a: Iron Hands|Iron Hands|100\/100\n|move|p2a: Chien-Pao|Ice Spinner|p1b: Rillaboom\n|-supereffective|p1b: Rillaboom\n|-damage|p1b: Rillaboom|5\/100\n|move|p2b: Gholdengo|Nasty Plot|p2b: Gholdengo\n|-boost|p2b: Gholdengo|spa|2\n|move|p1b: Rillaboom|U-turn|p2a: Chien-Pao\n|-supereffective|p2a: Chien-Pao\n|-damage|p2a: Chien-Pao|0 fnt\n|faint|p2a: Chien-Pao\n|\n|t:|1698968390\n|switch|p1b: Flutter Mane|Flutter Mane|17\/100|[from] U-turn\n|\n|upkeep\n|\n|t:|1698968399\n|switch|p2a: Diancie|Diancie, shiny|100\/100\n|turn|6\n|inactive|Iygvyi has 120 seconds left.\n|\n|t:|1698968422\n|move|p2b: Gholdengo|Protect|p2b: Gholdengo\n|-singleturn|p2b: Gholdengo|Protect\n|move|p1b: Flutter Mane|Shadow Ball|p2b: Gholdengo\n|-activate|p2b: Gholdengo|move: Protect\n|move|p1a: Iron Hands|Swords Dance|p1a: Iron Hands\n|-boost|p1a: Iron Hands|atk|2\n|move|p2a: Diancie|Trick Room|p2a: Diancie\n|-fieldstart|move: Trick Room|[of] p2a: Diancie\n|\n|upkeep\n|turn|7\n|inactive|Trickroom4dumies has 90 seconds left.\n|\n|t:|1698968441\n|-end|p1b: Flutter Mane|Protosynthesis|[silent]\n|switch|p1b: Heatran|Heatran, F|100\/100\n|move|p2a: Diancie|Diamond Storm|p1a: Iron Hands|[spread] p1a,p1b\n|-resisted|p1a: Iron Hands\n|-crit|p1b: Heatran\n|-damage|p1a: Iron Hands|89\/100\n|-damage|p1b: Heatran|56\/100\n|-boost|p2a: Diancie|def|2\n|move|p1a: Iron Hands|Fire Punch|p2b: Gholdengo\n|-supereffective|p2b: Gholdengo\n|-damage|p2b: Gholdengo|0 fnt\n|faint|p2b: Gholdengo\n|\n|upkeep\n|j| ButWhyThough_2\n|-message|Trickroom4dumies forfeited.\n|\n|win|Iygvyi\n|n|\u2606Iygvyi|iygvyi\n|n|\u2606Trickroom4dumies|trickroom4dumies\n|n| ButWhyThough_2|butwhythough2\n|l|\u2606Trickroom4dumies\n|l| ButWhyThough_2\n","uploadtime":1698969406,"views":26,"p1id":"iygvyi","p2id":"trickroom4dumies","formatid":"gen9doublesou","rating":0,"private":0,"password":""}