{"id":"gen9doublesou-1990438559","p1":"Howlpup13","p2":"cozmic56","format":"[Gen 9] Doubles OU","log":"|j|\u2606Howlpup13\n|j|\u2606cozmic56\n|t:|1699971021\n|gametype|doubles\n|player|p1|Howlpup13|dawn|1000\n|player|p2|cozmic56|hiker-gen4|1116\n|teamsize|p1|4\n|teamsize|p2|6\n|gen|9\n|tier|[Gen 9] Doubles OU\n|rated|\n|rule|Species Clause: Limit one of each Pok\u00e9mon\n|rule|OHKO Clause: OHKO moves are banned\n|rule|Evasion Moves Clause: Evasion moves are banned\n|rule|Gravity Sleep Clause: The combination of sleep-inducing moves with imperfect accuracy and Gravity or Gigantamax Orbeetle are banned\n|rule|Endless Battle Clause: Forcing endless battles is banned\n|rule|HP Percentage Mod: HP is shown in percentages\n|clearpoke\n|poke|p1|Palossand, F|\n|poke|p1|Wugtrio, M|\n|poke|p1|Gothitelle, F|\n|poke|p1|Flamigo, M|\n|poke|p2|Armarouge, F|\n|poke|p2|Indeedee-F, F|\n|poke|p2|Amoonguss, M|\n|poke|p2|Rillaboom, F|\n|poke|p2|Iron Hands|\n|poke|p2|Sinistcha|\n|teampreview\n|\n|t:|1699971030\n|start\n|switch|p1a: Palossand|Palossand, F|100\/100\n|switch|p1b: Wugtrio|Wugtrio, M|100\/100\n|switch|p2a: Armarouge|Armarouge, F|100\/100\n|switch|p2b: Indeedee|Indeedee-F, F|100\/100\n|-fieldstart|move: Psychic Terrain|[from] ability: Psychic Surge|[of] p2b: Indeedee\n|-enditem|p2a: Armarouge|Psychic Seed\n|-boost|p2a: Armarouge|spd|1|[from] item: Psychic Seed\n|turn|1\n|inactive|Battle timer is ON: inactive players will automatically lose when time's up. (requested by Howlpup13)\n|\n|t:|1699971045\n|move|p2b: Indeedee|Follow Me|p2b: Indeedee\n|-singleturn|p2b: Indeedee|move: Follow Me\n|move|p1b: Wugtrio|Triple Dive|p2b: Indeedee\n|-damage|p2b: Indeedee|85\/100\n|-damage|p2b: Indeedee|70\/100\n|-damage|p2b: Indeedee|56\/100\n|-hitcount|p2b: Indeedee|3\n|move|p1a: Palossand|Amnesia|p1a: Palossand\n|-boost|p1a: Palossand|spd|2\n|move|p2a: Armarouge|Trick Room|p2a: Armarouge\n|-fieldstart|move: Trick Room|[of] p2a: Armarouge\n|\n|upkeep\n|turn|2\n|\n|t:|1699971067\n|move|p1a: Palossand|Amnesia|p1a: Palossand\n|-boost|p1a: Palossand|spd|2\n|move|p2a: Armarouge|Expanding Force|p1b: Wugtrio|[spread] p1a,p1b\n|-damage|p1a: Palossand|75\/100\n|-enditem|p1b: Wugtrio|Focus Sash\n|-damage|p1b: Wugtrio|1\/100\n|move|p2b: Indeedee|Reflect|p2b: Indeedee\n|-sidestart|p2: cozmic56|Reflect\n|move|p1b: Wugtrio|Triple Dive|p1a: Palossand\n|-supereffective|p1a: Palossand\n|-damage|p1a: Palossand|57\/100\n|-ability|p1a: Palossand|Water Compaction|boost\n|-boost|p1a: Palossand|def|2\n|-enditem|p1a: Palossand|Weakness Policy\n|-boost|p1a: Palossand|atk|2|[from] item: Weakness Policy\n|-boost|p1a: Palossand|spa|2|[from] item: Weakness Policy\n|-supereffective|p1a: Palossand\n|-damage|p1a: Palossand|47\/100\n|-ability|p1a: Palossand|Water Compaction|boost\n|-boost|p1a: Palossand|def|2\n|-supereffective|p1a: Palossand\n|-damage|p1a: Palossand|42\/100\n|-ability|p1a: Palossand|Water Compaction|boost\n|-boost|p1a: Palossand|def|2\n|-hitcount|p1a: Palossand|3\n|\n|upkeep\n|turn|3\n|\n|t:|1699971094\n|move|p2b: Indeedee|Follow Me|p2b: Indeedee\n|-singleturn|p2b: Indeedee|move: Follow Me\n|move|p1a: Palossand|Shore Up|p1a: Palossand\n|-heal|p1a: Palossand|92\/100\n|move|p2a: Armarouge|Expanding Force|p1a: Palossand|[spread] p1a,p1b\n|-crit|p1b: Wugtrio\n|-damage|p1a: Palossand|69\/100\n|-damage|p1b: Wugtrio|0 fnt\n|faint|p1b: Wugtrio\n|\n|upkeep\n|inactive|Howlpup13 has 120 seconds left.\n|\n|t:|1699971105\n|switch|p1b: Gothitelle|Gothitelle, F|100\/100\n|turn|4\n|\n|t:|1699971118\n|move|p1a: Palossand|Earth Power|p2b: Indeedee\n|-damage|p2b: Indeedee|0 fnt\n|faint|p2b: Indeedee\n|move|p1b: Gothitelle|Psych Up|p1a: Palossand\n|-copyboost|p1b: Gothitelle|p1a: Palossand|[from] move: Psych Up\n|move|p2a: Armarouge|Expanding Force|p1b: Gothitelle|[spread] p1a,p1b\n|-resisted|p1b: Gothitelle\n|-damage|p1a: Palossand|46\/100\n|-damage|p1b: Gothitelle|91\/100\n|\n|upkeep\n|\n|t:|1699971136\n|switch|p2b: Amoonguss|Amoonguss, M|100\/100\n|turn|5\n|\n|t:|1699971147\n|move|p2b: Amoonguss|Spore|p1b: Gothitelle\n|-status|p1b: Gothitelle|slp|[from] move: Spore\n|move|p1a: Palossand|Shore Up|p1a: Palossand\n|-heal|p1a: Palossand|96\/100\n|cant|p1b: Gothitelle|slp\n|move|p2a: Armarouge|Expanding Force|p1a: Palossand|[spread] p1a,p1b\n|-resisted|p1b: Gothitelle\n|-damage|p1a: Palossand|70\/100\n|-damage|p1b: Gothitelle|82\/100 slp\n|\n|-fieldend|move: Trick Room\n|-fieldend|move: Psychic Terrain\n|upkeep\n|turn|6\n|\n|t:|1699971164\n|switch|p2a: Rillaboom|Rillaboom, F|100\/100\n|-fieldstart|move: Grassy Terrain|[from] ability: Grassy Surge|[of] p2a: Rillaboom\n|cant|p1b: Gothitelle|slp\n|move|p1a: Palossand|Earth Power|p2b: Amoonguss\n|-damage|p2b: Amoonguss|45\/100\n|move|p2b: Amoonguss|Spore|p1a: Palossand\n|-status|p1a: Palossand|slp|[from] move: Spore\n|\n|-heal|p1b: Gothitelle|88\/100 slp|[from] Grassy Terrain\n|-heal|p1a: Palossand|76\/100 slp|[from] Grassy Terrain\n|-heal|p2b: Amoonguss|51\/100|[from] Grassy Terrain\n|-heal|p2b: Amoonguss|57\/100|[from] item: Leftovers\n|upkeep\n|turn|7\n|\n|t:|1699971190\n|move|p2a: Rillaboom|Fake Out|p1b: Gothitelle\n|-damage|p1b: Gothitelle|83\/100 slp\n|-damage|p2a: Rillaboom|91\/100|[from] item: Life Orb\n|cant|p1b: Gothitelle|slp\n|cant|p1a: Palossand|slp\n|move|p2b: Amoonguss|Pollen Puff|p1b: Gothitelle\n|-supereffective|p1b: Gothitelle\n|-damage|p1b: Gothitelle|73\/100 slp\n|\n|-heal|p2a: Rillaboom|97\/100|[from] Grassy Terrain\n|-heal|p1b: Gothitelle|79\/100 slp|[from] Grassy Terrain\n|-heal|p1a: Palossand|82\/100 slp|[from] Grassy Terrain\n|-heal|p2b: Amoonguss|63\/100|[from] Grassy Terrain\n|-heal|p2b: Amoonguss|69\/100|[from] item: Leftovers\n|upkeep\n|turn|8\n|\n|t:|1699971213\n|move|p2b: Amoonguss|Rage Powder|p2b: Amoonguss\n|-singleturn|p2b: Amoonguss|move: Rage Powder\n|move|p2a: Rillaboom|Knock Off|p1a: Palossand\n|-supereffective|p1a: Palossand\n|-damage|p1a: Palossand|70\/100 slp\n|-damage|p2a: Rillaboom|87\/100|[from] item: Life Orb\n|-curestatus|p1b: Gothitelle|slp|[msg]\n|move|p1b: Gothitelle|Stored Power|p2b: Amoonguss\n|-supereffective|p2b: Amoonguss\n|-damage|p2b: Amoonguss|0 fnt\n|faint|p2b: Amoonguss\n|cant|p1a: Palossand|slp\n|\n|-heal|p2a: Rillaboom|93\/100|[from] Grassy Terrain\n|-heal|p1b: Gothitelle|85\/100|[from] Grassy Terrain\n|-heal|p1a: Palossand|76\/100 slp|[from] Grassy Terrain\n|upkeep\n|inactive|cozmic56 has 120 seconds left.\n|\n|t:|1699971230\n|switch|p2b: Sinistcha|Sinistcha|100\/100\n|-heal|p2a: Rillaboom|100\/100|[from] ability: Hospitality|[of] p2b: Sinistcha\n|turn|9\n|\n|t:|1699971249\n|move|p2a: Rillaboom|Knock Off|p1b: Gothitelle\n|-supereffective|p1b: Gothitelle\n|-damage|p1b: Gothitelle|63\/100\n|-enditem|p1b: Gothitelle|Focus Sash|[from] move: Knock Off|[of] p2a: Rillaboom\n|-damage|p2a: Rillaboom|91\/100|[from] item: Life Orb\n|move|p2b: Sinistcha|Strength Sap|p1a: Palossand\n|-unboost|p1a: Palossand|atk|1\n|move|p1b: Gothitelle|Stored Power|p2b: Sinistcha\n|-damage|p2b: Sinistcha|0 fnt\n|faint|p2b: Sinistcha\n|-curestatus|p1a: Palossand|slp|[msg]\n|move|p1a: Palossand|Earth Power|p2a: Rillaboom\n|-resisted|p2a: Rillaboom\n|-damage|p2a: Rillaboom|32\/100\n|-unboost|p2a: Rillaboom|spd|1\n|\n|-heal|p2a: Rillaboom|38\/100|[from] Grassy Terrain\n|-heal|p1b: Gothitelle|69\/100|[from] Grassy Terrain\n|-heal|p1a: Palossand|83\/100|[from] Grassy Terrain\n|-sideend|p2: cozmic56|Reflect\n|upkeep\n|inactive|cozmic56 has 120 seconds left.\n|\n|t:|1699971269\n|switch|p2b: Armarouge|Armarouge, F|100\/100\n|turn|10\n|\n|t:|1699971281\n|move|p2a: Rillaboom|Grassy Glide|p1a: Palossand\n|-supereffective|p1a: Palossand\n|-damage|p1a: Palossand|62\/100\n|-damage|p2a: Rillaboom|28\/100|[from] item: Life Orb\n|move|p1b: Gothitelle|Stored Power|p2b: Armarouge\n|-resisted|p2b: Armarouge\n|-damage|p2b: Armarouge|0 fnt\n|faint|p2b: Armarouge\n|move|p1a: Palossand|Earth Power|p2a: Rillaboom\n|-resisted|p2a: Rillaboom\n|-damage|p2a: Rillaboom|0 fnt\n|faint|p2a: Rillaboom\n|\n|-heal|p1b: Gothitelle|75\/100|[from] Grassy Terrain\n|-heal|p1a: Palossand|68\/100|[from] Grassy Terrain\n|-fieldend|move: Grassy Terrain\n|upkeep\n|l|\u2606cozmic56\n|inactive|cozmic56 disconnected and has a minute to reconnect!\n|player|p2|\n|inactive|cozmic56 has 30 seconds to reconnect!\n|inactive|cozmic56 has 20 seconds to reconnect!\n|inactive|cozmic56 has 15 seconds to reconnect!\n|inactive|cozmic56 has 10 seconds to reconnect!\n|inactive|cozmic56 has 5 seconds to reconnect!\n|-message|cozmic56 lost due to inactivity.\n|\n|win|Howlpup13\n|raw|Howlpup13's rating: 1000 &rarr; <strong>1053<\/strong><br \/>(+53 for winning)\n|raw|cozmic56's rating: 1116 &rarr; <strong>1083<\/strong><br \/>(-33 for losing)\n","uploadtime":1699971348,"views":5,"p1id":"howlpup13","p2id":"cozmic56","formatid":"gen9doublesou","rating":1053,"private":0,"password":""}