{"id":"gen9doublesou-1975051626","p1":"thejay1224","p2":"SafetyPorpuses75","format":"[Gen 9] Doubles OU","log":"|j|\u2606thejay1224\n|j|\u2606SafetyPorpuses75\n|t:|1698158097\n|gametype|doubles\n|player|p1|thejay1224|fisherman-gen4|1149\n|player|p2|SafetyPorpuses75|265|1045\n|teamsize|p1|6\n|teamsize|p2|6\n|gen|9\n|tier|[Gen 9] Doubles OU\n|rated|\n|rule|Species Clause: Limit one of each Pok\u00e9mon\n|rule|OHKO Clause: OHKO moves are banned\n|rule|Evasion Moves Clause: Evasion moves are banned\n|rule|Gravity Sleep Clause: The combination of sleep-inducing moves with imperfect accuracy and Gravity or Gigantamax Orbeetle are banned\n|rule|Endless Battle Clause: Forcing endless battles is banned\n|rule|HP Percentage Mod: HP is shown in percentages\n|clearpoke\n|poke|p1|Ambipom, M|\n|poke|p1|Dedenne, M|\n|poke|p1|Chi-Yu|\n|poke|p1|Hydreigon, F|\n|poke|p1|Landorus-Therian, M|\n|poke|p1|Volcanion|\n|poke|p2|Diancie, L99|\n|poke|p2|Flutter Mane|\n|poke|p2|Iron Hands|\n|poke|p2|Jigglypuff, L99, F|\n|poke|p2|Landorus-Therian, M|\n|poke|p2|Moltres-Galar|\n|teampreview\n|\n|t:|1698158118\n|start\n|switch|p1a: Volcanion|Volcanion|100\/100\n|switch|p1b: Landorus|Landorus-Therian, M|100\/100\n|switch|p2a: Iron Hands|Iron Hands, shiny|100\/100\n|switch|p2b: Jigglypuff|Jigglypuff, L99, F, shiny|100\/100\n|-ability|p1b: Landorus|Intimidate|boost\n|-unboost|p2a: Iron Hands|atk|1\n|-unboost|p2b: Jigglypuff|atk|1\n|turn|1\n|\n|t:|1698158141\n|switch|p1a: Hydreigon|Hydreigon, F|100\/100\n|move|p2a: Iron Hands|Fake Out|p1a: Hydreigon\n|-damage|p1a: Hydreigon|88\/100\n|move|p1b: Landorus|Earthquake|p2a: Iron Hands|[spread] p2a,p2b\n|-immune|p1a: Hydreigon|[from] ability: Levitate\n|-supereffective|p2a: Iron Hands\n|-damage|p2a: Iron Hands|34\/100\n|-damage|p2b: Jigglypuff|36\/100\n|-enditem|p2a: Iron Hands|Sitrus Berry|[eat]\n|-heal|p2a: Iron Hands|59\/100|[from] item: Sitrus Berry\n|move|p2b: Jigglypuff|Light Screen|p2b: Jigglypuff\n|-sidestart|p2: SafetyPorpuses75|move: Light Screen\n|\n|upkeep\n|turn|2\n|\n|t:|1698158180\n|move|p1a: Hydreigon|Dark Pulse|p2a: Iron Hands\n|-resisted|p2a: Iron Hands\n|-damage|p2a: Iron Hands|50\/100\n|move|p1b: Landorus|Earthquake|p2b: Jigglypuff|[spread] p2a,p2b\n|-immune|p1a: Hydreigon|[from] ability: Levitate\n|-supereffective|p2a: Iron Hands\n|-damage|p2a: Iron Hands|0 fnt\n|-damage|p2b: Jigglypuff|0 fnt\n|faint|p2a: Iron Hands\n|-end|p2a: Iron Hands|Quark Drive|[silent]\n|faint|p2b: Jigglypuff\n|\n|upkeep\n|\n|t:|1698158202\n|switch|p2a: Flutter Mane|Flutter Mane, shiny|100\/100\n|switch|p2b: Diancie|Diancie, L99, shiny|100\/100\n|turn|3\n|\n|t:|1698158212\n|switch|p1a: Volcanion|Volcanion|100\/100\n|move|p2b: Diancie|Protect|p2b: Diancie\n|-singleturn|p2b: Diancie|Protect\n|move|p2a: Flutter Mane|Moonblast|p1a: Volcanion\n|-resisted|p1a: Volcanion\n|-damage|p1a: Volcanion|79\/100\n|move|p1b: Landorus|Earthquake|p2b: Diancie|[spread] p1a,p2a\n|-activate|p2b: Diancie|move: Protect\n|-supereffective|p1a: Volcanion\n|-damage|p1a: Volcanion|0 fnt\n|-damage|p2a: Flutter Mane|6\/100\n|faint|p1a: Volcanion\n|\n|upkeep\n|\n|t:|1698158244\n|switch|p1a: Ambipom|Ambipom, M|100\/100\n|turn|4\n|\n|t:|1698158258\n|switch|p1a: Hydreigon|Hydreigon, F|88\/100\n|move|p2a: Flutter Mane|Moonblast|p1b: Landorus\n|-damage|p1b: Landorus|8\/100\n|move|p1b: Landorus|Earthquake|p2a: Flutter Mane|[spread] p2a,p2b\n|-immune|p1a: Hydreigon|[from] ability: Levitate\n|-supereffective|p2b: Diancie\n|-damage|p2a: Flutter Mane|0 fnt\n|-damage|p2b: Diancie|3\/100\n|-enditem|p2b: Diancie|Weakness Policy\n|-boost|p2b: Diancie|atk|2|[from] item: Weakness Policy\n|-boost|p2b: Diancie|spa|2|[from] item: Weakness Policy\n|faint|p2a: Flutter Mane\n|-end|p2a: Flutter Mane|Protosynthesis|[silent]\n|move|p2b: Diancie|Diamond Storm|p1b: Landorus|[spread] p1a\n|-miss|p2b: Diancie|p1b: Landorus\n|-damage|p1a: Hydreigon|12\/100\n|\n|upkeep\n|\n|t:|1698158276\n|switch|p2a: Landorus|Landorus-Therian, M, shiny|100\/100\n|-ability|p2a: Landorus|Intimidate|boost\n|-unboost|p1a: Hydreigon|atk|1\n|-unboost|p1b: Landorus|atk|1\n|turn|5\n|inactive|Battle timer is ON: inactive players will automatically lose when time's up. (requested by thejay1224)\n|\n|t:|1698158295\n|move|p2b: Diancie|Protect|p2b: Diancie\n|-singleturn|p2b: Diancie|Protect\n|move|p1a: Hydreigon|Surf|p2b: Diancie|[spread] p1b,p2a\n|-activate|p2b: Diancie|move: Protect\n|-supereffective|p1b: Landorus\n|-supereffective|p2a: Landorus\n|-damage|p1b: Landorus|0 fnt\n|-damage|p2a: Landorus|57\/100\n|faint|p1b: Landorus\n|move|p2a: Landorus|U-turn|p1a: Hydreigon\n|-supereffective|p1a: Hydreigon\n|-damage|p1a: Hydreigon|0 fnt\n|faint|p1a: Hydreigon\n|\n|t:|1698158309\n|switch|p2a: Moltres|Moltres-Galar, shiny|100\/100|[from] U-turn\n|\n|-sideend|p2: SafetyPorpuses75|move: Light Screen\n|upkeep\n|\n|t:|1698158317\n|switch|p1a: Ambipom|Ambipom, M|100\/100\n|switch|p1b: Dedenne|Dedenne, M|100\/100\n|turn|6\n|\n|t:|1698158336\n|move|p2a: Moltres|Protect|p2a: Moltres\n|-singleturn|p2a: Moltres|Protect\n|move|p1a: Ambipom|Fling|p2a: Moltres\n|-activate|p2a: Moltres|move: Protect\n|-enditem|p1a: Ambipom|King's Rock|[from] move: Fling\n|move|p1b: Dedenne|Fling|p2b: Diancie\n|-resisted|p2b: Diancie\n|-damage|p2b: Diancie|1\/100\n|-enditem|p1b: Dedenne|King's Rock|[from] move: Fling\n|cant|p2b: Diancie|flinch\n|\n|-item|p1a: Ambipom|King's Rock|[from] ability: Pickup\n|-item|p1b: Dedenne|King's Rock|[from] ability: Pickup\n|upkeep\n|turn|7\n|\n|t:|1698158362\n|move|p2b: Diancie|Protect|p2b: Diancie\n|-singleturn|p2b: Diancie|Protect\n|move|p1a: Ambipom|Fling|p2b: Diancie\n|-activate|p2b: Diancie|move: Protect\n|-enditem|p1a: Ambipom|King's Rock|[from] move: Fling\n|move|p1b: Dedenne|Fling|p2a: Moltres\n|-resisted|p2a: Moltres\n|-crit|p2a: Moltres\n|-damage|p2a: Moltres|98\/100\n|-enditem|p1b: Dedenne|King's Rock|[from] move: Fling\n|cant|p2a: Moltres|flinch\n|\n|-item|p1a: Ambipom|King's Rock|[from] ability: Pickup\n|-item|p1b: Dedenne|King's Rock|[from] ability: Pickup\n|upkeep\n|turn|8\n|inactive|SafetyPorpuses75 has 120 seconds left.\n|c|\u2606thejay1224|he he ha ha\n|c|\u2606SafetyPorpuses75|gg\n|-message|SafetyPorpuses75 forfeited.\n|\n|win|thejay1224\n|raw|thejay1224's rating: 1149 &rarr; <strong>1167<\/strong><br \/>(+18 for winning)\n|raw|SafetyPorpuses75's rating: 1045 &rarr; <strong>1033<\/strong><br \/>(-12 for losing)\n|l|\u2606SafetyPorpuses75\n|c|\u2606thejay1224|gg\n","uploadtime":1698158461,"views":16,"p1id":"thejay1224","p2id":"safetyporpuses75","formatid":"gen9doublesou","rating":1033,"private":0,"password":""}