{"id":"gen9doublesou-1988812310","p1":"DandyD","p2":"drbaegl","format":"[Gen 9] Doubles OU","log":"|j|\u2606DandyD\n|j|\u2606drbaegl\n|t:|1699766780\n|gametype|doubles\n|player|p1|DandyD|lady|1273\n|player|p2|drbaegl|hoopster|1196\n|teamsize|p1|6\n|teamsize|p2|6\n|gen|9\n|tier|[Gen 9] Doubles OU\n|rated|\n|rule|Species Clause: Limit one of each Pok\u00e9mon\n|rule|OHKO Clause: OHKO moves are banned\n|rule|Evasion Moves Clause: Evasion moves are banned\n|rule|Gravity Sleep Clause: The combination of sleep-inducing moves with imperfect accuracy and Gravity or Gigantamax Orbeetle are banned\n|rule|Endless Battle Clause: Forcing endless battles is banned\n|rule|HP Percentage Mod: HP is shown in percentages\n|clearpoke\n|poke|p1|Shiftry, M|\n|poke|p1|Volbeat, M|\n|poke|p1|Clefairy, F|\n|poke|p1|Gliscor, F|\n|poke|p1|Slowbro, F|\n|poke|p1|Flutter Mane|\n|poke|p2|Masquerain, F|\n|poke|p2|Clefairy, M|\n|poke|p2|Garchomp, M|\n|poke|p2|Hariyama, M|\n|poke|p2|Empoleon, F|\n|poke|p2|Arcanine-Hisui, M|\n|teampreview\n|\n|t:|1699766795\n|start\n|switch|p1a: Shiftry|Shiftry, M, shiny|100\/100\n|switch|p1b: Volbeat|Volbeat, M|100\/100\n|switch|p2a: Masquerain|Masquerain, F, shiny|100\/100\n|switch|p2b: Empoleon|Empoleon, F, shiny|100\/100\n|-ability|p2a: Masquerain|Intimidate|boost\n|-unboost|p1a: Shiftry|atk|1\n|-unboost|p1b: Volbeat|atk|1\n|turn|1\n|\n|t:|1699766810\n|move|p1a: Shiftry|Fake Out|p2a: Masquerain\n|-damage|p2a: Masquerain|87\/100\n|move|p1b: Volbeat|Thunder Wave|p2b: Empoleon\n|-status|p2b: Empoleon|par\n|cant|p2a: Masquerain|flinch\n|move|p2b: Empoleon|Flash Cannon|p1a: Shiftry\n|-damage|p1a: Shiftry|32\/100\n|\n|upkeep\n|turn|2\n|\n|t:|1699766821\n|move|p1b: Volbeat|Tailwind|p1b: Volbeat\n|-sidestart|p1: DandyD|move: Tailwind\n|-ability|p1a: Shiftry|Wind Rider|boost\n|-boost|p1a: Shiftry|atk|1\n|move|p1a: Shiftry|Rock Slide|p2a: Masquerain|[spread] p2a,p2b\n|-supereffective|p2a: Masquerain\n|-resisted|p2b: Empoleon\n|-damage|p2a: Masquerain|0 fnt\n|-damage|p2b: Empoleon|93\/100 par\n|faint|p2a: Masquerain\n|move|p2b: Empoleon|Flash Cannon|p1a: Shiftry\n|-damage|p1a: Shiftry|0 fnt\n|faint|p1a: Shiftry\n|\n|upkeep\n|\n|t:|1699766833\n|switch|p1a: Gliscor|Gliscor, F|100\/100\n|switch|p2a: Garchomp|Garchomp, M, shiny|100\/100\n|turn|3\n|\n|t:|1699766840\n|move|p1a: Gliscor|Protect|p1a: Gliscor\n|-singleturn|p1a: Gliscor|Protect\n|move|p1b: Volbeat|Tail Glow|p1b: Volbeat\n|-boost|p1b: Volbeat|spa|3\n|move|p2a: Garchomp|Rock Slide|p1a: Gliscor|[spread] p1b\n|-activate|p1a: Gliscor|move: Protect\n|-supereffective|p1b: Volbeat\n|-damage|p1b: Volbeat|57\/100\n|move|p2b: Empoleon|Hydro Pump|p1a: Gliscor\n|-activate|p1a: Gliscor|move: Protect\n|\n|-status|p1a: Gliscor|tox|[from] item: Toxic Orb\n|upkeep\n|turn|4\n|\n|t:|1699766859\n|-terastallize|p1a: Gliscor|Normal\n|move|p1b: Volbeat|Tail Glow|p1b: Volbeat\n|-boost|p1b: Volbeat|spa|3\n|move|p1a: Gliscor|High Horsepower|p2b: Empoleon\n|-supereffective|p2b: Empoleon\n|-crit|p2b: Empoleon\n|-damage|p2b: Empoleon|0 fnt\n|faint|p2b: Empoleon\n|move|p2a: Garchomp|Rock Slide|p1a: Gliscor|[spread] p1a,p1b\n|-supereffective|p1b: Volbeat\n|-damage|p1a: Gliscor|85\/100 tox\n|-damage|p1b: Volbeat|16\/100\n|\n|-heal|p1a: Gliscor|97\/100 tox|[from] ability: Poison Heal\n|upkeep\n|\n|t:|1699766864\n|switch|p2b: Hariyama|Hariyama, M, shiny|100\/100\n|turn|5\n|\n|t:|1699766876\n|move|p1a: Gliscor|Protect|p1a: Gliscor\n|-singleturn|p1a: Gliscor|Protect\n|move|p2b: Hariyama|Fake Out|p1a: Gliscor\n|-activate|p1a: Gliscor|move: Protect\n|move|p1b: Volbeat|Baton Pass|p1b: Volbeat\n|\n|t:|1699766882\n|switch|p1b: Slowbro|Slowbro, F|100\/100|[from] Baton Pass\n|move|p2a: Garchomp|Rock Slide|p1b: Slowbro|[spread] p1b\n|-activate|p1a: Gliscor|move: Protect\n|-damage|p1b: Slowbro|90\/100\n|\n|-heal|p1b: Slowbro|96\/100|[from] item: Leftovers\n|-heal|p1a: Gliscor|100\/100 tox|[from] ability: Poison Heal\n|-sideend|p1: DandyD|move: Tailwind\n|upkeep\n|turn|6\n|\n|t:|1699766899\n|move|p1a: Gliscor|Swords Dance|p1a: Gliscor\n|-boost|p1a: Gliscor|atk|2\n|move|p2a: Garchomp|Dragon Claw|p1a: Gliscor\n|-damage|p1a: Gliscor|68\/100 tox\n|move|p2b: Hariyama|Belly Drum|p2b: Hariyama\n|-damage|p2b: Hariyama|50\/100\n|-setboost|p2b: Hariyama|atk|6|[from] move: Belly Drum\n|-enditem|p2b: Hariyama|Sitrus Berry|[eat]\n|-heal|p2b: Hariyama|75\/100|[from] item: Sitrus Berry\n|move|p1b: Slowbro|Scald|p2a: Garchomp\n|-damage|p2a: Garchomp|0 fnt\n|faint|p2a: Garchomp\n|\n|-heal|p1b: Slowbro|100\/100|[from] item: Leftovers\n|-heal|p1a: Gliscor|81\/100 tox|[from] ability: Poison Heal\n|upkeep\n|\n|t:|1699766902\n|switch|p2a: Clefairy|Clefairy, M, shiny|100\/100\n|turn|7\n|\n|t:|1699766913\n|move|p2a: Clefairy|Follow Me|p2a: Clefairy\n|-singleturn|p2a: Clefairy|move: Follow Me\n|move|p1a: Gliscor|Facade|p2a: Clefairy\n|-damage|p2a: Clefairy|0 fnt\n|faint|p2a: Clefairy\n|move|p2b: Hariyama|Close Combat|p1a: Gliscor\n|-supereffective|p1a: Gliscor\n|-damage|p1a: Gliscor|0 fnt\n|-unboost|p2b: Hariyama|def|1\n|-unboost|p2b: Hariyama|spd|1\n|faint|p1a: Gliscor\n|move|p1b: Slowbro|Psychic|p2b: Hariyama\n|-supereffective|p2b: Hariyama\n|-crit|p2b: Hariyama\n|-damage|p2b: Hariyama|0 fnt\n|faint|p2b: Hariyama\n|\n|upkeep\n|\n|t:|1699766931\n|switch|p1a: Volbeat|Volbeat, M|16\/100\n|switch|p2b: Arcanine|Arcanine-Hisui, M, shiny|100\/100\n|turn|8\n|\n|t:|1699766939\n|move|p1a: Volbeat|Thunder Wave|p2b: Arcanine\n|-status|p2b: Arcanine|par\n|move|p2b: Arcanine|Wild Charge|p2: Clefairy|[notarget]\n|-fail|p2b: Arcanine\n|move|p1b: Slowbro|Scald|p2b: Arcanine\n|-supereffective|p2b: Arcanine\n|-damage|p2b: Arcanine|0 fnt\n|faint|p2b: Arcanine\n|\n|win|DandyD\n|raw|DandyD's rating: 1273 &rarr; <strong>1293<\/strong><br \/>(+20 for winning)\n|raw|drbaegl's rating: 1196 &rarr; <strong>1176<\/strong><br \/>(-20 for losing)\n|l|\u2606DandyD\n","uploadtime":1699766956,"views":5,"p1id":"dandyd","p2id":"drbaegl","formatid":"gen9doublesou","rating":1176,"private":0,"password":""}