{"id":"gen9doublesou-1977253269","p1":"HeyPinkmin","p2":"Julking","format":"[Gen 9] Doubles OU","log":"|j|\u2606HeyPinkmin\n|j|\u2606Julking\n|t:|1698394405\n|gametype|doubles\n|player|p1|HeyPinkmin|101|1141\n|player|p2|Julking|brawly|1034\n|teamsize|p1|6\n|teamsize|p2|6\n|gen|9\n|tier|[Gen 9] Doubles OU\n|rated|\n|rule|Species Clause: Limit one of each Pok\u00e9mon\n|rule|OHKO Clause: OHKO moves are banned\n|rule|Evasion Moves Clause: Evasion moves are banned\n|rule|Gravity Sleep Clause: The combination of sleep-inducing moves with imperfect accuracy and Gravity or Gigantamax Orbeetle are banned\n|rule|Endless Battle Clause: Forcing endless battles is banned\n|rule|HP Percentage Mod: HP is shown in percentages\n|clearpoke\n|poke|p1|Ogerpon-Hearthflame, F|\n|poke|p1|Clefairy, M|\n|poke|p1|Kommo-o, M|\n|poke|p1|Tornadus, M|\n|poke|p1|Rillaboom, F|\n|poke|p1|Landorus-Therian, M|\n|poke|p2|Aipom, M|\n|poke|p2|Ambipom, M|\n|poke|p2|Dedenne, M|\n|poke|p2|Pachirisu, M|\n|poke|p2|Munchlax, M|\n|poke|p2|Teddiursa, F|\n|teampreview\n|\n|t:|1698394411\n|start\n|switch|p1a: Rillaboom|Rillaboom, F|100\/100\n|switch|p1b: Landorus|Landorus-Therian, M|100\/100\n|switch|p2a: Monke|Aipom, M|100\/100\n|switch|p2b: Monke 2|Ambipom, M|100\/100\n|-ability|p1b: Landorus|Intimidate|boost\n|-unboost|p2a: Monke|atk|1\n|-unboost|p2b: Monke 2|atk|1\n|-fieldstart|move: Grassy Terrain|[from] ability: Grassy Surge|[of] p1a: Rillaboom\n|-enditem|p1a: Rillaboom|Grassy Seed\n|-boost|p1a: Rillaboom|def|1|[from] item: Grassy Seed\n|turn|1\n|c|\u2606Julking|hello\n|\n|t:|1698394429\n|move|p2b: Monke 2|Fake Out|p1a: Rillaboom\n|-damage|p1a: Rillaboom|92\/100\n|move|p2a: Monke|Fake Out|p1b: Landorus\n|-damage|p1b: Landorus|89\/100\n|cant|p1a: Rillaboom|flinch\n|cant|p1b: Landorus|flinch\n|\n|-heal|p1a: Rillaboom|99\/100|[from] Grassy Terrain\n|upkeep\n|turn|2\n|c|\u2606HeyPinkmin|hi\n|\n|t:|1698394447\n|move|p1a: Rillaboom|Fake Out||[still]\n|-hint|Fake Out only works on your first turn out.\n|-fail|p1a: Rillaboom\n|move|p1b: Landorus|U-turn|p2b: Monke 2\n|-damage|p2b: Monke 2|58\/100\n|\n|t:|1698394460\n|switch|p1b: Clefairy|Clefairy, M|100\/100|[from] U-turn\n|move|p2b: Monke 2|Fling|p1a: Rillaboom\n|-damage|p1a: Rillaboom|95\/100\n|-enditem|p2b: Monke 2|King's Rock|[from] move: Fling\n|move|p2a: Monke|Fling|p1b: Clefairy\n|-resisted|p1b: Clefairy\n|-damage|p1b: Clefairy|98\/100\n|-enditem|p2a: Monke|Razor Fang|[from] move: Fling\n|\n|-heal|p2b: Monke 2|64\/100|[from] Grassy Terrain\n|-heal|p1a: Rillaboom|100\/100|[from] Grassy Terrain\n|-heal|p1b: Clefairy|100\/100|[from] Grassy Terrain\n|-item|p2b: Monke 2|Razor Fang|[from] ability: Pickup\n|-item|p2a: Monke|King's Rock|[from] ability: Pickup\n|upkeep\n|turn|3\n|\n|t:|1698394486\n|move|p1b: Clefairy|Follow Me|p1b: Clefairy\n|-singleturn|p1b: Clefairy|move: Follow Me\n|move|p2b: Monke 2|Fling|p1b: Clefairy\n|-resisted|p1b: Clefairy\n|-damage|p1b: Clefairy|97\/100\n|-enditem|p2b: Monke 2|Razor Fang|[from] move: Fling\n|move|p2a: Monke|Fling|p1b: Clefairy\n|-resisted|p1b: Clefairy\n|-damage|p1b: Clefairy|94\/100\n|-enditem|p2a: Monke|King's Rock|[from] move: Fling\n|move|p1a: Rillaboom|Wood Hammer|p2b: Monke 2\n|-damage|p2b: Monke 2|0 fnt\n|faint|p2b: Monke 2\n|-damage|p1a: Rillaboom|85\/100|[from] Recoil\n|\n|-heal|p1a: Rillaboom|92\/100|[from] Grassy Terrain\n|-heal|p1b: Clefairy|99\/100|[from] Grassy Terrain\n|upkeep\n|\n|t:|1698394501\n|switch|p2b: Rat|Dedenne, M|100\/100\n|turn|4\n|\n|t:|1698394510\n|move|p1b: Clefairy|Follow Me|p1b: Clefairy\n|-singleturn|p1b: Clefairy|move: Follow Me\n|move|p2b: Rat|Fling|p1b: Clefairy\n|-resisted|p1b: Clefairy\n|-crit|p1b: Clefairy\n|-damage|p1b: Clefairy|94\/100\n|-enditem|p2b: Rat|Razor Fang|[from] move: Fling\n|move|p2a: Monke|Fling||[still]\n|-fail|p2a: Monke\n|move|p1a: Rillaboom|Wood Hammer|p2b: Rat\n|-damage|p2b: Rat|0 fnt\n|faint|p2b: Rat\n|-damage|p1a: Rillaboom|69\/100|[from] Recoil\n|\n|-heal|p1a: Rillaboom|75\/100|[from] Grassy Terrain\n|-heal|p1b: Clefairy|99\/100|[from] Grassy Terrain\n|upkeep\n|j| no legend spamer\n|\n|t:|1698394524\n|switch|p2b: Rat 2|Pachirisu, M|100\/100\n|turn|5\n|\n|t:|1698394537\n|move|p2b: Rat 2|Nuzzle|p1b: Clefairy\n|-damage|p1b: Clefairy|92\/100\n|-status|p1b: Clefairy|par\n|move|p2a: Monke|Knock Off|p1a: Rillaboom\n|-damage|p1a: Rillaboom|70\/100\n|move|p1a: Rillaboom|Wood Hammer|p2b: Rat 2\n|-damage|p2b: Rat 2|0 fnt\n|faint|p2b: Rat 2\n|-damage|p1a: Rillaboom|49\/100|[from] Recoil\n|move|p1b: Clefairy|Dazzling Gleam|p2a: Monke\n|-damage|p2a: Monke|60\/100\n|\n|-heal|p2a: Monke|66\/100|[from] Grassy Terrain\n|-heal|p1a: Rillaboom|55\/100|[from] Grassy Terrain\n|-heal|p1b: Clefairy|98\/100 par|[from] Grassy Terrain\n|-fieldend|move: Grassy Terrain\n|upkeep\n|\n|t:|1698394554\n|switch|p2b: Bear 2|Teddiursa, F|100\/100\n|turn|6\n|c|\u2606HeyPinkmin|a fucking rat\n|\n|t:|1698394564\n|move|p2a: Monke|Fling||[still]\n|-fail|p2a: Monke\n|move|p1a: Rillaboom|Wood Hammer|p2b: Bear 2\n|-damage|p2b: Bear 2|0 fnt\n|faint|p2b: Bear 2\n|-damage|p1a: Rillaboom|34\/100|[from] Recoil\n|move|p1b: Clefairy|Life Dew|p1b: Clefairy|[spread] p1a,p1b\n|-heal|p1a: Rillaboom|59\/100\n|-heal|p1b: Clefairy|100\/100 par\n|\n|upkeep\n|c| no legend spamer|very original names...\n|\n|t:|1698394575\n|switch|p2b: Bear|Munchlax, M|100\/100\n|turn|7\n|\n|t:|1698394595\n|move|p2a: Monke|Fling||[still]\n|-fail|p2a: Monke\n|move|p1a: Rillaboom|Wood Hammer|p2b: Bear\n|-damage|p2b: Bear|0 fnt\n|faint|p2b: Bear\n|-damage|p1a: Rillaboom|25\/100|[from] Recoil\n|cant|p1b: Clefairy|par\n|\n|upkeep\n|turn|8\n|inactive|Battle timer is ON: inactive players will automatically lose when time's up. (requested by Julking)\n|\n|t:|1698394624\n|switch|p1a: Kommo-o|Kommo-o, M|100\/100\n|move|p1b: Clefairy|Follow Me|p1b: Clefairy\n|-singleturn|p1b: Clefairy|move: Follow Me\n|move|p2a: Monke|Knock Off|p1b: Clefairy\n|-resisted|p1b: Clefairy\n|-damage|p1b: Clefairy|91\/100 par\n|-enditem|p1b: Clefairy|Eviolite|[from] move: Knock Off|[of] p2a: Monke\n|\n|upkeep\n|turn|9\n|c| no legend spamer|Emolganal Damage\n|\n|t:|1698394634\n|cant|p1b: Clefairy|par\n|move|p2a: Monke|Substitute|p2a: Monke\n|-start|p2a: Monke|Substitute\n|-damage|p2a: Monke|41\/100\n|move|p1a: Kommo-o|Clangorous Soul|p1a: Kommo-o\n|-boost|p1a: Kommo-o|atk|1\n|-boost|p1a: Kommo-o|def|1\n|-boost|p1a: Kommo-o|spa|1\n|-boost|p1a: Kommo-o|spd|1\n|-boost|p1a: Kommo-o|spe|1\n|-damage|p1a: Kommo-o|68\/100\n|\n|upkeep\n|turn|10\n|l| no legend spamer\n|c|\u2606Julking|emolganal damage\n|\n|t:|1698394655\n|move|p1a: Kommo-o|Dragon Dance|p1a: Kommo-o\n|-boost|p1a: Kommo-o|atk|1\n|-boost|p1a: Kommo-o|spe|1\n|move|p2a: Monke|Fling||[still]\n|-fail|p2a: Monke\n|move|p1b: Clefairy|Encore|p2a: Monke\n|-start|p2a: Monke|Encore\n|\n|upkeep\n|turn|11\n|j| no legend spamer\n|\n|t:|1698394665\n|-terastallize|p2a: Monke|Normal\n|move|p1a: Kommo-o|Clangorous Soul|p1a: Kommo-o\n|-boost|p1a: Kommo-o|atk|1\n|-boost|p1a: Kommo-o|def|1\n|-boost|p1a: Kommo-o|spa|1\n|-boost|p1a: Kommo-o|spd|1\n|-boost|p1a: Kommo-o|spe|1\n|-damage|p1a: Kommo-o|35\/100\n|-enditem|p1a: Kommo-o|Sitrus Berry|[eat]\n|-heal|p1a: Kommo-o|59\/100|[from] item: Sitrus Berry\n|move|p2a: Monke|Fling||[still]\n|-fail|p2a: Monke\n|move|p1b: Clefairy|Life Dew|p1b: Clefairy|[spread] p1a,p1b\n|-heal|p1a: Kommo-o|84\/100\n|-heal|p1b: Clefairy|100\/100 par\n|\n|-item|p2a: Monke|Sitrus Berry|[from] ability: Pickup\n|upkeep\n|-enditem|p2a: Monke|Sitrus Berry|[eat]\n|-heal|p2a: Monke|66\/100|[from] item: Sitrus Berry\n|turn|12\n|\n|t:|1698394694\n|-terastallize|p1a: Kommo-o|Steel\n|move|p1a: Kommo-o|Iron Head|p2a: Monke\n|-end|p2a: Monke|Substitute\n|move|p2a: Monke|Fling||[still]\n|-fail|p2a: Monke\n|move|p1b: Clefairy|Dazzling Gleam|p2a: Monke\n|-damage|p2a: Monke|26\/100\n|\n|upkeep\n|turn|13\n|c| no legend spamer|EMOLGANAL DAMAGE\n|-message|HeyPinkmin forfeited.\n|\n|win|Julking\n|raw|HeyPinkmin's rating: 1141 &rarr; <strong>1109<\/strong><br \/>(-32 for losing)\n|raw|Julking's rating: 1034 &rarr; <strong>1079<\/strong><br \/>(+45 for winning)\n","uploadtime":1698394560,"views":15,"p1id":"heypinkmin","p2id":"julking","formatid":"gen9doublesou","rating":1079,"private":0,"password":""}