{"id":"gen9doublesou-1994849834","p1":"trentonbee","p2":"PPROCKZSX00","format":"[Gen 9] Doubles OU","log":"|j|\u2606trentonbee\n|j|\u203dPPROCKZSX00\n|t:|1700498466\n|gametype|doubles\n|player|p1|trentonbee|101|1104\n|player|p2|PPROCKZSX00|265|1015\n|teamsize|p1|6\n|teamsize|p2|6\n|gen|9\n|tier|[Gen 9] Doubles OU\n|rated|\n|rule|Species Clause: Limit one of each Pok\u00e9mon\n|rule|OHKO Clause: OHKO moves are banned\n|rule|Evasion Moves Clause: Evasion moves are banned\n|rule|Gravity Sleep Clause: The combination of sleep-inducing moves with imperfect accuracy and Gravity or Gigantamax Orbeetle are banned\n|rule|Endless Battle Clause: Forcing endless battles is banned\n|rule|HP Percentage Mod: HP is shown in percentages\n|clearpoke\n|poke|p1|Maushold-Four|\n|poke|p1|Torkoal, M|\n|poke|p1|Bruxish, F|\n|poke|p1|Ursaluna, F|\n|poke|p1|Cresselia, F|\n|poke|p1|Dragapult, F|\n|poke|p2|Sinistcha-Masterpiece|\n|poke|p2|Gothitelle, F|\n|poke|p2|Diancie|\n|poke|p2|Hatterene, F|\n|poke|p2|Kingambit, F|\n|poke|p2|Indeedee-F, F|\n|teampreview\n|\n|t:|1700498493\n|start\n|switch|p1a: Maushold|Maushold-Four|100\/100\n|switch|p1b: Bruxish|Bruxish, F|100\/100\n|switch|p2a: Sinistcha|Sinistcha-Masterpiece, shiny|100\/100\n|switch|p2b: Gothitelle|Gothitelle, F, shiny|100\/100\n|turn|1\n|\n|t:|1700498509\n|move|p1a: Maushold|Taunt|p2b: Gothitelle\n|-start|p2b: Gothitelle|move: Taunt\n|move|p2a: Sinistcha|Nasty Plot|p2a: Sinistcha\n|-boost|p2a: Sinistcha|spa|2\n|move|p1b: Bruxish|Trick Room|p1b: Bruxish\n|-fieldstart|move: Trick Room|[of] p1b: Bruxish\n|cant|p2b: Gothitelle|move: Taunt|Trick Room\n|\n|upkeep\n|turn|2\n|\n|t:|1700498533\n|move|p2b: Gothitelle|Future Sight|p1a: Maushold\n|-start|p2b: Gothitelle|move: Future Sight\n|move|p2a: Sinistcha|Matcha Gotcha|p1a: Maushold|[spread] p1a,p1b\n|-supereffective|p1b: Bruxish\n|-damage|p1a: Maushold|3\/100\n|-enditem|p1b: Bruxish|Focus Sash\n|-damage|p1b: Bruxish|1\/100\n|move|p1b: Bruxish|Psychic Fangs|p2a: Sinistcha\n|-damage|p2a: Sinistcha|72\/100\n|move|p1a: Maushold|Taunt|p2a: Sinistcha\n|-start|p2a: Sinistcha|move: Taunt\n|\n|upkeep\n|turn|3\n|\n|t:|1700498551\n|move|p1b: Bruxish|Protect|p1b: Bruxish\n|-singleturn|p1b: Bruxish|Protect\n|move|p2b: Gothitelle|Future Sight||[still]\n|-fail|p2b: Gothitelle\n|move|p2a: Sinistcha|Matcha Gotcha|p1a: Maushold|[spread] p1a\n|-activate|p1b: Bruxish|move: Protect\n|-damage|p1a: Maushold|0 fnt\n|-heal|p2a: Sinistcha|73\/100|[from] drain|[of] p1a: Maushold\n|faint|p1a: Maushold\n|\n|-end|p2b: Gothitelle|move: Taunt\n|upkeep\n|\n|t:|1700498554\n|switch|p1a: Torkoal|Torkoal, M|100\/100\n|-weather|SunnyDay|[from] ability: Drought|[of] p1a: Torkoal\n|turn|4\n|\n|t:|1700498579\n|-terastallize|p1a: Torkoal|Fire\n|move|p2b: Gothitelle|Helping Hand|p2a: Sinistcha\n|-singleturn|p2a: Sinistcha|Helping Hand|[of] p2b: Gothitelle\n|move|p1b: Bruxish|Aqua Jet|p1a: Torkoal\n|-supereffective|p1a: Torkoal\n|-damage|p1a: Torkoal|90\/100\n|-enditem|p1a: Torkoal|Weakness Policy\n|-boost|p1a: Torkoal|atk|2|[from] item: Weakness Policy\n|-boost|p1a: Torkoal|spa|2|[from] item: Weakness Policy\n|move|p1a: Torkoal|Eruption|p2b: Gothitelle|[spread] p2a,p2b\n|-supereffective|p2a: Sinistcha\n|-damage|p2a: Sinistcha|0 fnt\n|-damage|p2b: Gothitelle|0 fnt\n|faint|p2a: Sinistcha\n|faint|p2b: Gothitelle\n|\n|-weather|SunnyDay|[upkeep]\n|-end|p1a: Torkoal|move: Future Sight\n|-damage|p1a: Torkoal|34\/100\n|upkeep\n|inactive|Battle timer is ON: inactive players will automatically lose when time's up. (requested by trentonbee)\n|\n|t:|1700498596\n|switch|p2b: Hatterene|Hatterene, F, shiny|100\/100\n|switch|p2a: Diancie|Diancie, shiny|100\/100\n|turn|5\n|\n|t:|1700498616\n|switch|p1b: Ursaluna|Ursaluna, F|100\/100\n|move|p1a: Torkoal|Solar Beam||[still]\n|-prepare|p1a: Torkoal|Solar Beam\n|-anim|p1a: Torkoal|Solar Beam|p2a: Diancie\n|-supereffective|p2a: Diancie\n|-damage|p2a: Diancie|0 fnt\n|faint|p2a: Diancie\n|move|p2b: Hatterene|Swords Dance|p2b: Hatterene\n|-boost|p2b: Hatterene|atk|2\n|\n|-weather|SunnyDay|[upkeep]\n|-fieldend|move: Trick Room\n|-status|p1b: Ursaluna|brn|[from] item: Flame Orb\n|upkeep\n|\n|t:|1700498628\n|switch|p2a: Kingambit|Kingambit, F|100\/100\n|turn|6\n|\n|t:|1700498643\n|switch|p1b: Cresselia|Cresselia, F|100\/100\n|move|p2a: Kingambit|Swords Dance|p2a: Kingambit\n|-boost|p2a: Kingambit|atk|2\n|move|p2b: Hatterene|Baton Pass|p2b: Hatterene\n|\n|t:|1700498648\n|switch|p2b: Indeedee|Indeedee-F, F|100\/100|[from] Baton Pass\n|move|p1a: Torkoal|Overheat|p2a: Kingambit\n|-supereffective|p2a: Kingambit\n|-damage|p2a: Kingambit|0 fnt\n|-unboost|p1a: Torkoal|spa|2\n|faint|p2a: Kingambit\n|\n|-weather|SunnyDay|[upkeep]\n|upkeep\n|\n|t:|1700498654\n|switch|p2a: Hatterene|Hatterene, F, shiny|100\/100\n|turn|7\n|\n|t:|1700498675\n|move|p1b: Cresselia|Lunar Blessing|p1b: Cresselia|[spread] p1a,p1b\n|-heal|p1a: Torkoal|59\/100\n|move|p2b: Indeedee|Hyper Voice|p1a: Torkoal|[spread] p1a,p1b\n|-damage|p1a: Torkoal|30\/100\n|-damage|p1b: Cresselia|88\/100\n|move|p1a: Torkoal|Earthquake|p2a: Hatterene|[spread] p2a,p2b\n|-immune|p1b: Cresselia|[from] ability: Levitate\n|-damage|p2a: Hatterene|67\/100\n|-damage|p2b: Indeedee|56\/100\n|move|p2a: Hatterene|Trick Room|p2a: Hatterene\n|-fieldstart|move: Trick Room|[of] p2a: Hatterene\n|\n|-weather|SunnyDay|[upkeep]\n|-heal|p2b: Indeedee|62\/100|[from] item: Leftovers\n|upkeep\n|turn|8\n|inactive|PPROCKZSX00 has 120 seconds left.\n|\n|t:|1700498710\n|switch|p1b: Ursaluna|Ursaluna, F|100\/100 brn\n|move|p2b: Indeedee|Helping Hand|p2a: Hatterene\n|-singleturn|p2a: Hatterene|Helping Hand|[of] p2b: Indeedee\n|move|p1a: Torkoal|Earthquake|p2a: Hatterene|[spread] p1b,p2a,p2b\n|-damage|p1b: Ursaluna|79\/100 brn\n|-damage|p2a: Hatterene|36\/100\n|-damage|p2b: Indeedee|21\/100\n|move|p2a: Hatterene|Dazzling Gleam|p1b: Ursaluna|[spread] p1a,p1b\n|-resisted|p1a: Torkoal\n|-damage|p1a: Torkoal|5\/100\n|-damage|p1b: Ursaluna|47\/100 brn\n|\n|-weather|none\n|-heal|p2b: Indeedee|27\/100|[from] item: Leftovers\n|-damage|p1b: Ursaluna|41\/100 brn|[from] brn\n|upkeep\n|turn|9\n|\n|t:|1700498730\n|move|p1a: Torkoal|Overheat|p2a: Hatterene\n|-damage|p2a: Hatterene|0 fnt\n|-unboost|p1a: Torkoal|spa|2\n|faint|p2a: Hatterene\n|move|p1b: Ursaluna|Facade|p2b: Indeedee\n|-damage|p2b: Indeedee|0 fnt\n|faint|p2b: Indeedee\n|\n|win|trentonbee\n|raw|trentonbee's rating: 1104 &rarr; <strong>1123<\/strong><br \/>(+19 for winning)\n|raw|PPROCKZSX00's rating: 1015 &rarr; <strong>1006<\/strong><br \/>(-9 for losing)\n|l|\u203dPPROCKZSX00\n","uploadtime":1700498742,"views":9,"p1id":"trentonbee","p2id":"pprockzsx00","formatid":"gen9doublesou","rating":1006,"private":0,"password":""}