{"id":"gen9doublesou-1972625417","p1":"J0T0P","p2":"sidous","format":"[Gen 9] Doubles OU","log":"|j|\u2606J0T0P\n|j|\u2606sidous\n|inactive|Battle timer is ON: inactive players will automatically lose when time's up.\n|t:|1697866406\n|gametype|doubles\n|player|p1|J0T0P|colress|\n|player|p2|sidous|tate|\n|teamsize|p1|2\n|teamsize|p2|2\n|gen|9\n|tier|[Gen 9] Doubles OU\n|rated|Tournament battle\n|rule|Species Clause: Limit one of each Pok\u00e9mon\n|rule|OHKO Clause: OHKO moves are banned\n|rule|Evasion Moves Clause: Evasion moves are banned\n|rule|Gravity Sleep Clause: The combination of sleep-inducing moves with imperfect accuracy and Gravity or Gigantamax Orbeetle are banned\n|rule|Endless Battle Clause: Forcing endless battles is banned\n|rule|HP Percentage Mod: HP is shown in percentages\n|clearpoke\n|poke|p1|Zorua-Hisui, M|\n|poke|p1|Yanma, F|\n|poke|p2|Braixen, M|\n|poke|p2|Skiploom, M|\n|teampreview\n|j|*Lady Monita \u263d\n|\n|t:|1697866426\n|start\n|switch|p1a: Yanma|Yanma, F|100\/100\n|switch|p1b: Yanma|Yanma, F|100\/100\n|switch|p2a: Skiploom|Skiploom, M, shiny|100\/100\n|switch|p2b: Braixen|Braixen, M, shiny|100\/100\n|turn|1\n|\n|t:|1697866449\n|move|p1b: Yanma|Hypnosis|p2b: Braixen\n|-status|p2b: Braixen|slp|[from] move: Hypnosis\n|move|p2a: Skiploom|Leech Seed|p1b: Yanma\n|-start|p1b: Yanma|move: Leech Seed\n|move|p1a: Yanma|Bitter Malice|p2b: Braixen\n|-damage|p2b: Braixen|52\/100 slp\n|-unboost|p2b: Braixen|atk|1\n|cant|p2b: Braixen|slp\n|\n|-damage|p1b: Yanma|88\/100|[from] Leech Seed|[of] p2a: Skiploom\n|upkeep\n|turn|2\n|\n|t:|1697866466\n|move|p1b: Yanma|Hypnosis|p2a: Skiploom\n|-status|p2a: Skiploom|slp|[from] move: Hypnosis\n|cant|p2a: Skiploom|slp\n|move|p1a: Yanma|Tera Blast|p2b: Braixen\n|-damage|p2b: Braixen|2\/100 slp\n|cant|p2b: Braixen|slp\n|\n|-damage|p1b: Yanma|76\/100|[from] Leech Seed|[of] p2a: Skiploom\n|upkeep\n|turn|3\n|c|\u2606J0T0P|ggwp\n|\n|t:|1697866478\n|move|p1b: Yanma|Struggle Bug|p2b: Braixen|[spread] p2a,p2b\n|-resisted|p2b: Braixen\n|-damage|p2a: Skiploom|90\/100 slp\n|-damage|p2b: Braixen|0 fnt\n|-unboost|p2a: Skiploom|spa|1\n|faint|p2b: Braixen\n|cant|p2a: Skiploom|slp\n|move|p1a: Yanma|Tera Blast|p2a: Skiploom\n|-damage|p2a: Skiploom|55\/100 slp\n|\n|-damage|p1b: Yanma|64\/100|[from] Leech Seed|[of] p2a: Skiploom\n|-heal|p2a: Skiploom|68\/100 slp|[silent]\n|upkeep\n|turn|4\n|\n|t:|1697866492\n|move|p1b: Yanma|Struggle Bug|p2a: Skiploom\n|-damage|p2a: Skiploom|54\/100 slp\n|-unboost|p2a: Skiploom|spa|1\n|cant|p2a: Skiploom|slp\n|move|p1a: Yanma|Tera Blast|p2a: Skiploom\n|-crit|p2a: Skiploom\n|-damage|p2a: Skiploom|1\/100 slp\n|\n|-damage|p1b: Yanma|51\/100|[from] Leech Seed|[of] p2a: Skiploom\n|-heal|p2a: Skiploom|14\/100 slp|[silent]\n|upkeep\n|turn|5\n|\n|t:|1697866501\n|move|p1b: Yanma|Struggle Bug|p2a: Skiploom\n|-damage|p2a: Skiploom|0 fnt\n|faint|p2a: Skiploom\n|\n|win|J0T0P\n|n|\u2606J0T0P|j0t0p\n|n|\u2606sidous|sidous\n|n|*Lady Monita \u263d|ladymonita\n","uploadtime":1697866503,"views":16,"p1id":"j0t0p","p2id":"sidous","formatid":"gen9doublesou","rating":0,"private":0,"password":""}