{"id":"gen9doublesou-1982017577","p1":"xtevia","p2":"not howfalcons","format":"[Gen 9] Doubles OU","log":"|j|\u2606xtevia\n|j|\u2606not howfalcons\n|t:|1698959996\n|gametype|doubles\n|player|p1|xtevia|169|1464\n|player|p2|not howfalcons|clown|1550\n|teamsize|p1|6\n|teamsize|p2|6\n|gen|9\n|tier|[Gen 9] Doubles OU\n|rated|\n|rule|Species Clause: Limit one of each Pok\u00e9mon\n|rule|OHKO Clause: OHKO moves are banned\n|rule|Evasion Moves Clause: Evasion moves are banned\n|rule|Gravity Sleep Clause: The combination of sleep-inducing moves with imperfect accuracy and Gravity or Gigantamax Orbeetle are banned\n|rule|Endless Battle Clause: Forcing endless battles is banned\n|rule|HP Percentage Mod: HP is shown in percentages\n|clearpoke\n|poke|p1|Glimmora, M|\n|poke|p1|Toxapex, M|\n|poke|p1|Kleavor, M|\n|poke|p1|Goodra-Hisui, M|\n|poke|p1|Landorus-Therian, M|\n|poke|p1|Palafin, F|\n|poke|p2|Grimmsnarl, M|\n|poke|p2|Palafin, M|\n|poke|p2|Iron Hands|\n|poke|p2|Cresselia, F|\n|poke|p2|Rillaboom, F|\n|poke|p2|Heatran, F|\n|teampreview\n|\n|t:|1698960015\n|start\n|switch|p1a: Palafin|Palafin, F|100\/100\n|switch|p1b: Glimmora|Glimmora, M|100\/100\n|switch|p2a: Billygoats Gruff|Grimmsnarl, M, shiny|100\/100\n|switch|p2b: Dolph Lundgren|Palafin, M|100\/100\n|turn|1\n|\n|t:|1698960026\n|detailschange|p1a: Palafin|Palafin-Hero, F\n|switch|p1a: Landorus|Landorus-Therian, M|100\/100\n|-ability|p1a: Landorus|Intimidate|boost\n|-unboost|p2a: Billygoats Gruff|atk|1\n|-unboost|p2b: Dolph Lundgren|atk|1\n|detailschange|p2b: Dolph Lundgren|Palafin-Hero, M\n|switch|p2b: Froggetabout it|Heatran, F|100\/100\n|move|p1b: Glimmora|Spiky Shield|p1b: Glimmora\n|-singleturn|p1b: Glimmora|move: Protect\n|move|p2a: Billygoats Gruff|Light Screen|p2a: Billygoats Gruff\n|-sidestart|p2: not howfalcons|move: Light Screen\n|\n|upkeep\n|turn|2\n|\n|t:|1698960051\n|move|p2a: Billygoats Gruff|Reflect|p2a: Billygoats Gruff\n|-sidestart|p2: not howfalcons|Reflect\n|move|p1a: Landorus|Earth Power|p2b: Froggetabout it\n|-supereffective|p2b: Froggetabout it\n|-enditem|p2b: Froggetabout it|Shuca Berry|[eat]\n|-enditem|p2b: Froggetabout it|Shuca Berry|[weaken]\n|-damage|p2b: Froggetabout it|54\/100\n|move|p1b: Glimmora|Mortal Spin|p2b: Froggetabout it|[spread] p2a\n|-immune|p2b: Froggetabout it\n|-supereffective|p2a: Billygoats Gruff\n|-damage|p2a: Billygoats Gruff|95\/100\n|-status|p2a: Billygoats Gruff|psn\n|move|p2b: Froggetabout it|Stealth Rock|p1b: Glimmora\n|-sidestart|p1: xtevia|move: Stealth Rock\n|\n|-damage|p2a: Billygoats Gruff|83\/100 psn|[from] psn\n|upkeep\n|turn|3\n|\n|t:|1698960089\n|-terastallize|p2b: Froggetabout it|Grass\n|move|p2a: Billygoats Gruff|Parting Shot|p1a: Landorus\n|-unboost|p1a: Landorus|atk|1\n|-unboost|p1a: Landorus|spa|1\n|inactive|Battle timer is ON: inactive players will automatically lose when time's up. (requested by xtevia)\n|\n|t:|1698960107\n|switch|p2a: Dolph Lundgren|Palafin-Hero, M|100\/100|[from] Parting Shot\n|-activate|p2a: Dolph Lundgren|ability: Zero to Hero\n|move|p1a: Landorus|Earth Power|p2b: Froggetabout it\n|-resisted|p2b: Froggetabout it\n|-damage|p2b: Froggetabout it|46\/100\n|move|p1b: Glimmora|Mortal Spin|p2a: Dolph Lundgren|[spread] p2a,p2b\n|-supereffective|p2b: Froggetabout it\n|-damage|p2a: Dolph Lundgren|98\/100\n|-damage|p2b: Froggetabout it|41\/100\n|-status|p2a: Dolph Lundgren|psn\n|-status|p2b: Froggetabout it|psn\n|-sideend|p1: xtevia|Stealth Rock|[from] move: Mortal Spin|[of] p1b: Glimmora\n|move|p2b: Froggetabout it|Flash Cannon|p1b: Glimmora\n|-supereffective|p1b: Glimmora\n|-enditem|p1b: Glimmora|Focus Sash\n|-damage|p1b: Glimmora|1\/100\n|\n|-heal|p2a: Dolph Lundgren|100\/100 psn|[from] item: Leftovers\n|-damage|p2a: Dolph Lundgren|88\/100 psn|[from] psn\n|-damage|p2b: Froggetabout it|29\/100 psn|[from] psn\n|upkeep\n|turn|4\n|\n|t:|1698960133\n|switch|p1a: Toxapex|Toxapex, M|100\/100\n|move|p1b: Glimmora|Spiky Shield|p1b: Glimmora\n|-singleturn|p1b: Glimmora|move: Protect\n|move|p2a: Dolph Lundgren|Bulk Up|p2a: Dolph Lundgren\n|-boost|p2a: Dolph Lundgren|atk|1\n|-boost|p2a: Dolph Lundgren|def|1\n|move|p2b: Froggetabout it|Heat Wave|p1b: Glimmora|[spread] p1a\n|-activate|p1b: Glimmora|move: Protect\n|-resisted|p1a: Toxapex\n|-damage|p1a: Toxapex|84\/100\n|-status|p1a: Toxapex|brn\n|\n|-heal|p2a: Dolph Lundgren|94\/100 psn|[from] item: Leftovers\n|-damage|p2a: Dolph Lundgren|82\/100 psn|[from] psn\n|-damage|p2b: Froggetabout it|16\/100 psn|[from] psn\n|-damage|p1a: Toxapex|78\/100 brn|[from] brn\n|upkeep\n|turn|5\n|\n|t:|1698960151\n|move|p1b: Glimmora|Venoshock|p2b: Froggetabout it\n|-supereffective|p2b: Froggetabout it\n|-damage|p2b: Froggetabout it|0 fnt\n|faint|p2b: Froggetabout it\n|move|p2a: Dolph Lundgren|Drain Punch|p1a: Toxapex\n|-resisted|p1a: Toxapex\n|-damage|p1a: Toxapex|65\/100 brn\n|-heal|p2a: Dolph Lundgren|87\/100 psn|[from] drain|[of] p1a: Toxapex\n|-damage|p2a: Dolph Lundgren|71\/100 psn|[from] item: Rocky Helmet|[of] p1a: Toxapex\n|move|p1a: Toxapex|Infestation|p2a: Dolph Lundgren\n|-damage|p2a: Dolph Lundgren|69\/100 psn\n|-activate|p2a: Dolph Lundgren|move: Infestation|[of] p1a: Toxapex\n|\n|-heal|p2a: Dolph Lundgren|75\/100 psn|[from] item: Leftovers\n|-damage|p2a: Dolph Lundgren|63\/100 psn|[from] psn\n|-damage|p1a: Toxapex|59\/100 brn|[from] brn\n|-damage|p2a: Dolph Lundgren|51\/100 psn|[from] move: Infestation|[partiallytrapped]\n|upkeep\n|\n|t:|1698960157\n|switch|p2b: Duck and Cover|Cresselia, F|100\/100\n|turn|6\n|\n|t:|1698960171\n|move|p1b: Glimmora|Spiky Shield|p1b: Glimmora\n|-singleturn|p1b: Glimmora|move: Protect\n|move|p2a: Dolph Lundgren|Bulk Up|p2a: Dolph Lundgren\n|-boost|p2a: Dolph Lundgren|atk|1\n|-boost|p2a: Dolph Lundgren|def|1\n|move|p2b: Duck and Cover|Lunar Blessing|p2b: Duck and Cover|[spread] p2a,p2b\n|-heal|p2a: Dolph Lundgren|76\/100 psn\n|-curestatus|p2a: Dolph Lundgren|psn|[msg]\n|move|p1a: Toxapex|Icy Wind|p2b: Duck and Cover|[spread] p2a\n|-miss|p1a: Toxapex|p2b: Duck and Cover\n|-resisted|p2a: Dolph Lundgren\n|-damage|p2a: Dolph Lundgren|75\/100\n|-unboost|p2a: Dolph Lundgren|spe|1\n|\n|-heal|p2a: Dolph Lundgren|81\/100|[from] item: Leftovers\n|-damage|p1a: Toxapex|53\/100 brn|[from] brn\n|-damage|p2a: Dolph Lundgren|68\/100|[from] move: Infestation|[partiallytrapped]\n|upkeep\n|turn|7\n|\n|t:|1698960189\n|move|p2a: Dolph Lundgren|Protect|p2a: Dolph Lundgren\n|-singleturn|p2a: Dolph Lundgren|Protect\n|move|p1b: Glimmora|Mortal Spin|p2a: Dolph Lundgren|[spread] p2b\n|-activate|p2a: Dolph Lundgren|move: Protect\n|-damage|p2b: Duck and Cover|99\/100\n|-status|p2b: Duck and Cover|psn\n|move|p2b: Duck and Cover|Psychic|p1b: Glimmora\n|-supereffective|p1b: Glimmora\n|-damage|p1b: Glimmora|0 fnt\n|faint|p1b: Glimmora\n|move|p1a: Toxapex|Icy Wind|p2b: Duck and Cover|[spread] p2b\n|-activate|p2a: Dolph Lundgren|move: Protect\n|-damage|p2b: Duck and Cover|96\/100 psn\n|-unboost|p2b: Duck and Cover|spe|1\n|\n|-heal|p2a: Dolph Lundgren|75\/100|[from] item: Leftovers\n|-damage|p2b: Duck and Cover|84\/100 psn|[from] psn\n|-damage|p1a: Toxapex|47\/100 brn|[from] brn\n|-damage|p2a: Dolph Lundgren|62\/100|[from] move: Infestation|[partiallytrapped]\n|upkeep\n|\n|t:|1698960207\n|switch|p1b: Landorus|Landorus-Therian, M|100\/100\n|-ability|p1b: Landorus|Intimidate|boost\n|-unboost|p2a: Dolph Lundgren|atk|1\n|-unboost|p2b: Duck and Cover|atk|1\n|turn|8\n|inactive|not howfalcons has 120 seconds left.\n|\n|t:|1698960245\n|switch|p1b: Goodra|Goodra-Hisui, M|100\/100\n|move|p2a: Dolph Lundgren|Jet Punch|p1b: Goodra\n|-resisted|p1b: Goodra\n|-damage|p1b: Goodra|80\/100\n|move|p2b: Duck and Cover|Calm Mind|p2b: Duck and Cover\n|-boost|p2b: Duck and Cover|spa|1\n|-boost|p2b: Duck and Cover|spd|1\n|move|p1a: Toxapex|Icy Wind|p2b: Duck and Cover|[spread] p2b\n|-miss|p1a: Toxapex|p2a: Dolph Lundgren\n|-damage|p2b: Duck and Cover|82\/100 psn\n|-unboost|p2b: Duck and Cover|spe|1\n|\n|-heal|p2a: Dolph Lundgren|68\/100|[from] item: Leftovers\n|-heal|p1b: Goodra|86\/100|[from] item: Leftovers\n|-damage|p2b: Duck and Cover|70\/100 psn|[from] psn\n|-damage|p1a: Toxapex|41\/100 brn|[from] brn\n|-damage|p2a: Dolph Lundgren|56\/100|[from] move: Infestation|[partiallytrapped]\n|-sideend|p2: not howfalcons|move: Light Screen\n|upkeep\n|turn|9\n|inactive|not howfalcons has 120 seconds left.\n|\n|t:|1698960275\n|switch|p1b: Landorus|Landorus-Therian, M|100\/100\n|-ability|p1b: Landorus|Intimidate|boost\n|-unboost|p2a: Dolph Lundgren|atk|1\n|-unboost|p2b: Duck and Cover|atk|1\n|move|p2a: Dolph Lundgren|Bulk Up|p2a: Dolph Lundgren\n|-boost|p2a: Dolph Lundgren|atk|1\n|-boost|p2a: Dolph Lundgren|def|1\n|move|p1a: Toxapex|Icy Wind|p2b: Duck and Cover|[spread] p2a,p2b\n|-resisted|p2a: Dolph Lundgren\n|-damage|p2a: Dolph Lundgren|54\/100\n|-damage|p2b: Duck and Cover|68\/100 psn\n|-unboost|p2a: Dolph Lundgren|spe|1\n|-unboost|p2b: Duck and Cover|spe|1\n|move|p2b: Duck and Cover|Psychic|p1a: Toxapex\n|-supereffective|p1a: Toxapex\n|-damage|p1a: Toxapex|0 fnt\n|faint|p1a: Toxapex\n|\n|-heal|p2a: Dolph Lundgren|60\/100|[from] item: Leftovers\n|-damage|p2b: Duck and Cover|55\/100 psn|[from] psn\n|-end|p2a: Dolph Lundgren|Infestation|[partiallytrapped]|[silent]\n|-sideend|p2: not howfalcons|Reflect\n|upkeep\n|inactive|xtevia has 120 seconds left.\n|\n|t:|1698960294\n|switch|p1a: Palafin|Palafin-Hero, F|100\/100\n|-activate|p1a: Palafin|ability: Zero to Hero\n|turn|10\n|\n|t:|1698960301\n|move|p1a: Palafin|Bulk Up|p1a: Palafin\n|-boost|p1a: Palafin|atk|1\n|-boost|p1a: Palafin|def|1\n|move|p1b: Landorus|Taunt|p2b: Duck and Cover\n|-start|p2b: Duck and Cover|move: Taunt\n|move|p2a: Dolph Lundgren|Bulk Up|p2a: Dolph Lundgren\n|-boost|p2a: Dolph Lundgren|atk|1\n|-boost|p2a: Dolph Lundgren|def|1\n|cant|p2b: Duck and Cover|move: Taunt|Lunar Blessing\n|\n|-heal|p2a: Dolph Lundgren|67\/100|[from] item: Leftovers\n|-damage|p2b: Duck and Cover|43\/100 psn|[from] psn\n|upkeep\n|turn|11\n|\n|t:|1698960315\n|switch|p1b: Goodra|Goodra-Hisui, M|86\/100\n|switch|p2b: Billygoats Gruff|Grimmsnarl, M, shiny|83\/100 psn\n|move|p1a: Palafin|Bulk Up|p1a: Palafin\n|-boost|p1a: Palafin|atk|1\n|-boost|p1a: Palafin|def|1\n|move|p2a: Dolph Lundgren|Bulk Up|p2a: Dolph Lundgren\n|-boost|p2a: Dolph Lundgren|atk|1\n|-boost|p2a: Dolph Lundgren|def|1\n|\n|-heal|p1b: Goodra|93\/100|[from] item: Leftovers\n|-heal|p2a: Dolph Lundgren|73\/100|[from] item: Leftovers\n|-damage|p2b: Billygoats Gruff|70\/100 psn|[from] psn\n|upkeep\n|turn|12\n|\n|t:|1698960330\n|switch|p1b: Landorus|Landorus-Therian, M|100\/100\n|-ability|p1b: Landorus|Intimidate|boost\n|-unboost|p2a: Dolph Lundgren|atk|1\n|-unboost|p2b: Billygoats Gruff|atk|1\n|move|p2b: Billygoats Gruff|Reflect|p2b: Billygoats Gruff\n|-sidestart|p2: not howfalcons|Reflect\n|move|p1a: Palafin|Bulk Up|p1a: Palafin\n|-boost|p1a: Palafin|atk|1\n|-boost|p1a: Palafin|def|1\n|move|p2a: Dolph Lundgren|Bulk Up|p2a: Dolph Lundgren\n|-boost|p2a: Dolph Lundgren|atk|1\n|-boost|p2a: Dolph Lundgren|def|1\n|\n|-heal|p2a: Dolph Lundgren|79\/100|[from] item: Leftovers\n|-damage|p2b: Billygoats Gruff|58\/100 psn|[from] psn\n|upkeep\n|turn|13\n|\n|t:|1698960344\n|move|p2b: Billygoats Gruff|Parting Shot|p1a: Palafin\n|-unboost|p1a: Palafin|atk|1\n|-unboost|p1a: Palafin|spa|1\n|\n|t:|1698960349\n|switch|p2b: Return to Monke|Rillaboom, F|100\/100|[from] Parting Shot\n|-fieldstart|move: Grassy Terrain|[from] ability: Grassy Surge|[of] p2b: Return to Monke\n|move|p1a: Palafin|Bulk Up|p1a: Palafin\n|-boost|p1a: Palafin|atk|1\n|-boost|p1a: Palafin|def|1\n|move|p1b: Landorus|Taunt|p2a: Dolph Lundgren\n|-start|p2a: Dolph Lundgren|move: Taunt\n|cant|p2a: Dolph Lundgren|move: Taunt|Bulk Up\n|\n|-heal|p2a: Dolph Lundgren|85\/100|[from] Grassy Terrain\n|-heal|p2a: Dolph Lundgren|91\/100|[from] item: Leftovers\n|upkeep\n|turn|14\n|\n|t:|1698960370\n|switch|p1b: Goodra|Goodra-Hisui, M|93\/100\n|-terastallize|p1a: Palafin|Grass\n|move|p2b: Return to Monke|Fake Out|p1a: Palafin\n|-damage|p1a: Palafin|96\/100\n|cant|p1a: Palafin|flinch\n|move|p2a: Dolph Lundgren|Drain Punch|p1a: Palafin\n|-crit|p1a: Palafin\n|-damage|p1a: Palafin|3\/100\n|-heal|p2a: Dolph Lundgren|100\/100|[from] drain|[of] p1a: Palafin\n|\n|-heal|p1a: Palafin|9\/100|[from] Grassy Terrain\n|-heal|p1b: Goodra|99\/100|[from] Grassy Terrain\n|-heal|p1b: Goodra|100\/100|[from] item: Leftovers\n|upkeep\n|turn|15\n|\n|t:|1698960390\n|switch|p1b: Landorus|Landorus-Therian, M|100\/100\n|-ability|p1b: Landorus|Intimidate|boost\n|-unboost|p2a: Dolph Lundgren|atk|1\n|-unboost|p2b: Return to Monke|atk|1\n|move|p2a: Dolph Lundgren|Jet Punch|p1b: Landorus\n|-supereffective|p1b: Landorus\n|-damage|p1b: Landorus|0 fnt\n|faint|p1b: Landorus\n|move|p1a: Palafin|Drain Punch|p2b: Return to Monke\n|-damage|p2b: Return to Monke|58\/100\n|-heal|p1a: Palafin|34\/100|[from] drain|[of] p2b: Return to Monke\n|move|p2b: Return to Monke|U-turn|p1a: Palafin\n|-supereffective|p1a: Palafin\n|-damage|p1a: Palafin|22\/100\n|\n|t:|1698960394\n|switch|p2b: Billygoats Gruff|Grimmsnarl, M, shiny|58\/100 psn|[from] U-turn\n|\n|-heal|p1a: Palafin|29\/100|[from] Grassy Terrain\n|-heal|p2b: Billygoats Gruff|64\/100 psn|[from] Grassy Terrain\n|-damage|p2b: Billygoats Gruff|52\/100 psn|[from] psn\n|-end|p2a: Dolph Lundgren|move: Taunt\n|upkeep\n|\n|t:|1698960411\n|switch|p1b: Kleavor|Kleavor, M|100\/100\n|turn|16\n|\n|t:|1698960418\n|move|p1a: Palafin|Jet Punch|p2b: Billygoats Gruff\n|-damage|p2b: Billygoats Gruff|0 fnt\n|faint|p2b: Billygoats Gruff\n|move|p1b: Kleavor|X-Scissor|p2a: Dolph Lundgren\n|-damage|p2a: Dolph Lundgren|90\/100\n|move|p2a: Dolph Lundgren|Drain Punch|p1a: Palafin\n|-damage|p1a: Palafin|10\/100\n|-heal|p2a: Dolph Lundgren|98\/100|[from] drain|[of] p1a: Palafin\n|\n|-heal|p1a: Palafin|16\/100|[from] Grassy Terrain\n|-heal|p2a: Dolph Lundgren|100\/100|[from] Grassy Terrain\n|upkeep\n|\n|t:|1698960421\n|switch|p2b: Return to Monke|Rillaboom, F|58\/100\n|turn|17\n|\n|t:|1698960434\n|move|p2b: Return to Monke|Fake Out|p1a: Palafin\n|-damage|p1a: Palafin|11\/100\n|cant|p1a: Palafin|flinch\n|move|p2a: Dolph Lundgren|Jet Punch|p1b: Kleavor\n|-supereffective|p1b: Kleavor\n|-damage|p1b: Kleavor|0 fnt\n|faint|p1b: Kleavor\n|\n|-heal|p1a: Palafin|17\/100|[from] Grassy Terrain\n|-heal|p2b: Return to Monke|65\/100|[from] Grassy Terrain\n|-fieldend|move: Grassy Terrain\n|upkeep\n|\n|t:|1698960443\n|switch|p1b: Goodra|Goodra-Hisui, M|100\/100\n|turn|18\n|\n|t:|1698960448\n|move|p1a: Palafin|Drain Punch|p2b: Return to Monke\n|-damage|p2b: Return to Monke|22\/100\n|-heal|p1a: Palafin|42\/100|[from] drain|[of] p2b: Return to Monke\n|move|p2b: Return to Monke|U-turn|p1a: Palafin\n|-supereffective|p1a: Palafin\n|-damage|p1a: Palafin|27\/100\n|\n|t:|1698960456\n|switch|p2b: Duck and Cover|Cresselia, F|43\/100 psn|[from] U-turn\n|move|p1b: Goodra|Life Dew||[still]|[spread] p1a,p1b\n|-heal|p1a: Palafin|52\/100\n|-fail|p1b: Goodra|heal\n|move|p2a: Dolph Lundgren|Drain Punch|p1a: Palafin\n|-damage|p1a: Palafin|35\/100\n|\n|-damage|p2b: Duck and Cover|31\/100 psn|[from] psn\n|upkeep\n|turn|19\n|\n|t:|1698960474\n|move|p1a: Palafin|Jet Punch|p2b: Duck and Cover\n|-damage|p2b: Duck and Cover|0 fnt\n|faint|p2b: Duck and Cover\n|move|p1b: Goodra|Life Dew||[still]|[spread] p1a,p1b\n|-heal|p1a: Palafin|59\/100\n|-fail|p1b: Goodra|heal\n|move|p2a: Dolph Lundgren|Bulk Up|p2a: Dolph Lundgren\n|-boost|p2a: Dolph Lundgren|atk|1\n|-boost|p2a: Dolph Lundgren|def|0\n|\n|-sideend|p2: not howfalcons|Reflect\n|upkeep\n|\n|t:|1698960478\n|switch|p2b: Sweet Science|Iron Hands|100\/100\n|turn|20\n|\n|t:|1698960487\n|move|p1a: Palafin|Bulk Up|p1a: Palafin\n|-boost|p1a: Palafin|atk|1\n|-boost|p1a: Palafin|def|1\n|move|p1b: Goodra|Shelter|p1b: Goodra\n|-boost|p1b: Goodra|def|2\n|move|p2b: Sweet Science|Swords Dance|p2b: Sweet Science\n|-boost|p2b: Sweet Science|atk|2\n|move|p2a: Dolph Lundgren|Drain Punch|p1b: Goodra\n|-supereffective|p1b: Goodra\n|-damage|p1b: Goodra|43\/100\n|\n|-heal|p1b: Goodra|49\/100|[from] item: Leftovers\n|upkeep\n|turn|21\n|\n|t:|1698960501\n|move|p1a: Palafin|Drain Punch|p2b: Sweet Science\n|-damage|p2b: Sweet Science|32\/100\n|-heal|p1a: Palafin|100\/100|[from] drain|[of] p2b: Sweet Science\n|move|p1b: Goodra|Life Dew||[still]|[spread] p1a,p1b\n|-fail|p1a: Palafin|heal\n|-heal|p1b: Goodra|74\/100\n|move|p2b: Sweet Science|Drain Punch|p1a: Palafin\n|-damage|p1a: Palafin|75\/100\n|-heal|p2b: Sweet Science|42\/100|[from] drain|[of] p1a: Palafin\n|move|p2a: Dolph Lundgren|Drain Punch|p1a: Palafin\n|-damage|p1a: Palafin|56\/100\n|\n|-heal|p1b: Goodra|80\/100|[from] item: Leftovers\n|-heal|p2b: Sweet Science|48\/100|[from] item: Leftovers\n|upkeep\n|turn|22\n|\n|t:|1698960520\n|move|p2b: Sweet Science|Protect|p2b: Sweet Science\n|-singleturn|p2b: Sweet Science|Protect\n|move|p1a: Palafin|Drain Punch|p2b: Sweet Science\n|-activate|p2b: Sweet Science|move: Protect\n|move|p1b: Goodra|Shelter|p1b: Goodra\n|-boost|p1b: Goodra|def|2\n|move|p2a: Dolph Lundgren|Bulk Up|p2a: Dolph Lundgren\n|-boost|p2a: Dolph Lundgren|atk|1\n|-boost|p2a: Dolph Lundgren|def|0\n|\n|-heal|p1b: Goodra|86\/100|[from] item: Leftovers\n|-heal|p2b: Sweet Science|54\/100|[from] item: Leftovers\n|upkeep\n|turn|23\n|\n|t:|1698960534\n|move|p1a: Palafin|Drain Punch|p2b: Sweet Science\n|-damage|p2b: Sweet Science|0 fnt\n|-heal|p1a: Palafin|91\/100|[from] drain|[of] p2b: Sweet Science\n|faint|p2b: Sweet Science\n|-end|p2b: Sweet Science|Quark Drive|[silent]\n|move|p1b: Goodra|Life Dew|p1b: Goodra|[spread] p1a,p1b\n|-heal|p1a: Palafin|100\/100\n|-heal|p1b: Goodra|100\/100\n|move|p2a: Dolph Lundgren|Bulk Up|p2a: Dolph Lundgren\n|-boost|p2a: Dolph Lundgren|atk|1\n|-boost|p2a: Dolph Lundgren|def|0\n|\n|upkeep\n|\n|t:|1698960538\n|switch|p2b: Return to Monke|Rillaboom, F|22\/100\n|-fieldstart|move: Grassy Terrain|[from] ability: Grassy Surge|[of] p2b: Return to Monke\n|turn|24\n|\n|t:|1698960552\n|move|p2b: Return to Monke|Fake Out|p1a: Palafin\n|-damage|p1a: Palafin|97\/100\n|cant|p1a: Palafin|flinch\n|move|p1b: Goodra|Body Press|p2b: Return to Monke\n|-damage|p2b: Return to Monke|0 fnt\n|faint|p2b: Return to Monke\n|move|p2a: Dolph Lundgren|Bulk Up|p2a: Dolph Lundgren\n|-boost|p2a: Dolph Lundgren|atk|1\n|-boost|p2a: Dolph Lundgren|def|0\n|\n|-heal|p1a: Palafin|100\/100|[from] Grassy Terrain\n|upkeep\n|turn|25\n|\n|t:|1698960566\n|move|p1a: Palafin|Bulk Up|p1a: Palafin\n|-boost|p1a: Palafin|atk|1\n|-boost|p1a: Palafin|def|1\n|move|p1b: Goodra|Shelter|p1b: Goodra\n|-boost|p1b: Goodra|def|2\n|move|p2a: Dolph Lundgren|Drain Punch|p1b: Goodra\n|-supereffective|p1b: Goodra\n|-damage|p1b: Goodra|50\/100\n|\n|-heal|p1b: Goodra|57\/100|[from] Grassy Terrain\n|-heal|p1b: Goodra|63\/100|[from] item: Leftovers\n|upkeep\n|turn|26\n|\n|t:|1698960577\n|move|p1a: Palafin|Bulk Up|p1a: Palafin\n|-boost|p1a: Palafin|atk|1\n|-boost|p1a: Palafin|def|0\n|move|p1b: Goodra|Life Dew||[still]|[spread] p1a,p1b\n|-fail|p1a: Palafin|heal\n|-heal|p1b: Goodra|88\/100\n|move|p2a: Dolph Lundgren|Drain Punch|p1b: Goodra\n|-supereffective|p1b: Goodra\n|-damage|p1b: Goodra|39\/100\n|\n|-heal|p1b: Goodra|45\/100|[from] Grassy Terrain\n|-heal|p1b: Goodra|51\/100|[from] item: Leftovers\n|upkeep\n|turn|27\n|\n|t:|1698960592\n|move|p1a: Palafin|Drain Punch|p2a: Dolph Lundgren\n|-damage|p2a: Dolph Lundgren|76\/100\n|move|p1b: Goodra|Life Dew||[still]|[spread] p1a,p1b\n|-fail|p1a: Palafin|heal\n|-heal|p1b: Goodra|76\/100\n|move|p2a: Dolph Lundgren|Drain Punch|p1b: Goodra\n|-supereffective|p1b: Goodra\n|-damage|p1b: Goodra|29\/100\n|-heal|p2a: Dolph Lundgren|97\/100|[from] drain|[of] p1b: Goodra\n|\n|-heal|p1b: Goodra|35\/100|[from] Grassy Terrain\n|-heal|p1b: Goodra|41\/100|[from] item: Leftovers\n|-heal|p2a: Dolph Lundgren|100\/100|[from] Grassy Terrain\n|upkeep\n|turn|28\n|\n|t:|1698960608\n|move|p1a: Palafin|Drain Punch|p2a: Dolph Lundgren\n|-damage|p2a: Dolph Lundgren|72\/100\n|move|p1b: Goodra|Body Press|p2a: Dolph Lundgren\n|-damage|p2a: Dolph Lundgren|57\/100\n|move|p2a: Dolph Lundgren|Drain Punch|p1b: Goodra\n|-supereffective|p1b: Goodra\n|-damage|p1b: Goodra|0 fnt\n|-heal|p2a: Dolph Lundgren|75\/100|[from] drain|[of] p1b: Goodra\n|faint|p1b: Goodra\n|\n|-heal|p2a: Dolph Lundgren|81\/100|[from] Grassy Terrain\n|-heal|p2a: Dolph Lundgren|87\/100|[from] item: Leftovers\n|-fieldend|move: Grassy Terrain\n|upkeep\n|turn|29\n|\n|t:|1698960625\n|move|p2a: Dolph Lundgren|Protect|p2a: Dolph Lundgren\n|-singleturn|p2a: Dolph Lundgren|Protect\n|move|p1a: Palafin|Drain Punch|p2a: Dolph Lundgren\n|-activate|p2a: Dolph Lundgren|move: Protect\n|\n|-heal|p2a: Dolph Lundgren|94\/100|[from] item: Leftovers\n|upkeep\n|turn|30\n|\n|t:|1698960632\n|move|p1a: Palafin|Drain Punch|p2a: Dolph Lundgren\n|-damage|p2a: Dolph Lundgren|67\/100\n|move|p2a: Dolph Lundgren|Drain Punch|p1a: Palafin\n|-damage|p1a: Palafin|74\/100\n|-heal|p2a: Dolph Lundgren|78\/100|[from] drain|[of] p1a: Palafin\n|\n|-heal|p2a: Dolph Lundgren|84\/100|[from] item: Leftovers\n|upkeep\n|turn|31\n|\n|t:|1698960641\n|move|p2a: Dolph Lundgren|Protect|p2a: Dolph Lundgren\n|-singleturn|p2a: Dolph Lundgren|Protect\n|move|p1a: Palafin|Drain Punch|p2a: Dolph Lundgren\n|-activate|p2a: Dolph Lundgren|move: Protect\n|\n|-heal|p2a: Dolph Lundgren|91\/100|[from] item: Leftovers\n|upkeep\n|turn|32\n|\n|t:|1698960649\n|move|p1a: Palafin|Drain Punch|p2a: Dolph Lundgren\n|-damage|p2a: Dolph Lundgren|65\/100\n|-heal|p1a: Palafin|89\/100|[from] drain|[of] p2a: Dolph Lundgren\n|move|p2a: Dolph Lundgren|Drain Punch|p1a: Palafin\n|-damage|p1a: Palafin|61\/100\n|-heal|p2a: Dolph Lundgren|77\/100|[from] drain|[of] p1a: Palafin\n|\n|-heal|p2a: Dolph Lundgren|83\/100|[from] item: Leftovers\n|upkeep\n|turn|33\n|\n|t:|1698960660\n|move|p1a: Palafin|Jet Punch|p2a: Dolph Lundgren\n|-resisted|p2a: Dolph Lundgren\n|-damage|p2a: Dolph Lundgren|67\/100\n|move|p2a: Dolph Lundgren|Drain Punch|p1a: Palafin\n|-crit|p1a: Palafin\n|-damage|p1a: Palafin|0 fnt\n|-heal|p2a: Dolph Lundgren|93\/100|[from] drain|[of] p1a: Palafin\n|faint|p1a: Palafin\n|\n|win|not howfalcons\n|raw|xtevia's rating: 1445 &rarr; <strong>1431<\/strong><br \/>(-14 for losing)\n|raw|not howfalcons's rating: 1550 &rarr; <strong>1564<\/strong><br \/>(+14 for winning)\n|l|\u2606xtevia\n|c|\u2606not howfalcons|Damn\n","uploadtime":1698960676,"views":14,"p1id":"xtevia","p2id":"nothowfalcons","formatid":"gen9doublesou","rating":1431,"private":0,"password":""}