{"id":"gen9doublesou-1992810363","p1":"GP_thunder","p2":"Theblazekiller","format":"[Gen 9] Doubles OU","log":"|j|\u2606GP_thunder\n|j|\u2606Theblazekiller\n|t:|1700237434\n|gametype|doubles\n|player|p1|GP_thunder|1|1053\n|player|p2|Theblazekiller|lucas|1078\n|teamsize|p1|6\n|teamsize|p2|6\n|gen|9\n|tier|[Gen 9] Doubles OU\n|rated|\n|rule|Species Clause: Limit one of each Pok\u00e9mon\n|rule|OHKO Clause: OHKO moves are banned\n|rule|Evasion Moves Clause: Evasion moves are banned\n|rule|Gravity Sleep Clause: The combination of sleep-inducing moves with imperfect accuracy and Gravity or Gigantamax Orbeetle are banned\n|rule|Endless Battle Clause: Forcing endless battles is banned\n|rule|HP Percentage Mod: HP is shown in percentages\n|clearpoke\n|poke|p1|Slowking-Galar, M|\n|poke|p1|Houndstone, M|\n|poke|p1|Amoonguss, F|\n|poke|p1|Hatterene, F|\n|poke|p1|Chien-Pao|\n|poke|p1|Avalugg-Hisui, M|\n|poke|p2|Scream Tail|\n|poke|p2|Rillaboom, M|\n|poke|p2|Empoleon, M|\n|poke|p2|Kleavor, F|\n|poke|p2|Clodsire, M|\n|poke|p2|Iron Hands|\n|teampreview\n|inactive|Battle timer is ON: inactive players will automatically lose when time's up. (requested by Theblazekiller)\n|\n|t:|1700237457\n|start\n|switch|p1a: Slowking|Slowking-Galar, M, shiny|100\/100\n|switch|p1b: Avalugg|Avalugg-Hisui, M|100\/100\n|switch|p2a: Kleavor|Kleavor, F|100\/100\n|switch|p2b: Iron Hands|Iron Hands|100\/100\n|-enditem|p2b: Iron Hands|Booster Energy\n|-activate|p2b: Iron Hands|ability: Quark Drive|[fromitem]\n|-start|p2b: Iron Hands|quarkdriveatk\n|turn|1\n|inactive|GP_thunder has 120 seconds left.\n|\n|t:|1700237497\n|move|p2b: Iron Hands|Fake Out|p1a: Slowking\n|-damage|p1a: Slowking|78\/100\n|move|p2a: Kleavor|Stone Axe|p1b: Avalugg\n|-supereffective|p1b: Avalugg\n|-damage|p1b: Avalugg|44\/100\n|-sidestart|p1: GP_thunder|move: Stealth Rock\n|move|p1b: Avalugg|Body Press|p2a: Kleavor\n|-damage|p2a: Kleavor|65\/100\n|cant|p1a: Slowking|flinch\n|\n|upkeep\n|turn|2\n|inactive|GP_thunder has 120 seconds left.\n|\n|t:|1700237514\n|switch|p1b: Hatterene|Hatterene, F|100\/100\n|-damage|p1b: Hatterene|88\/100|[from] Stealth Rock\n|move|p2a: Kleavor|X-Scissor|p1a: Slowking\n|-damage|p1a: Slowking|0 fnt\n|faint|p1a: Slowking\n|move|p2b: Iron Hands|Drain Punch|p1b: Hatterene\n|-resisted|p1b: Hatterene\n|-damage|p1b: Hatterene|71\/100\n|\n|upkeep\n|inactive|GP_thunder has 120 seconds left.\n|\n|t:|1700237526\n|switch|p1a: Amoonguss|Amoonguss, F|100\/100\n|-damage|p1a: Amoonguss|88\/100|[from] Stealth Rock\n|turn|3\n|\n|t:|1700237539\n|-end|p2b: Iron Hands|Quark Drive|[silent]\n|switch|p2b: Scream Tail|Scream Tail|100\/100\n|move|p1a: Amoonguss|Rage Powder|p1a: Amoonguss\n|-singleturn|p1a: Amoonguss|move: Rage Powder\n|move|p2a: Kleavor|X-Scissor|p1a: Amoonguss\n|-damage|p1a: Amoonguss|33\/100\n|-damage|p2a: Kleavor|48\/100|[from] item: Rocky Helmet|[of] p1a: Amoonguss\n|move|p1b: Hatterene|Trick Room|p1b: Hatterene\n|-fieldstart|move: Trick Room|[of] p1b: Hatterene\n|\n|upkeep\n|turn|4\n|\n|t:|1700237566\n|switch|p2a: Empoleon|Empoleon, M|100\/100\n|move|p1a: Amoonguss|Spore|p2b: Scream Tail\n|-activate|p2b: Scream Tail|item: Safety Goggles|Spore\n|move|p1b: Hatterene|Dazzling Gleam|p2a: Empoleon|[spread] p2a,p2b\n|-resisted|p2a: Empoleon\n|-damage|p2a: Empoleon|89\/100\n|-damage|p2b: Scream Tail|77\/100\n|move|p2b: Scream Tail|Trick Room|p2b: Scream Tail\n|-fieldend|move: Trick Room\n|\n|upkeep\n|turn|5\n|\n|t:|1700237580\n|move|p1a: Amoonguss|Rage Powder|p1a: Amoonguss\n|-singleturn|p1a: Amoonguss|move: Rage Powder\n|move|p2b: Scream Tail|Imprison|p2b: Scream Tail\n|-start|p2b: Scream Tail|move: Imprison\n|move|p2a: Empoleon|Ice Beam|p1a: Amoonguss\n|-supereffective|p1a: Amoonguss\n|-damage|p1a: Amoonguss|0 fnt\n|faint|p1a: Amoonguss\n|-damage|p2a: Empoleon|79\/100|[from] item: Life Orb\n|cant|p1b: Hatterene|move: Imprison|Trick Room\n|\n|upkeep\n|\n|t:|1700237592\n|switch|p1a: Avalugg|Avalugg-Hisui, M|44\/100\n|-damage|p1a: Avalugg|19\/100|[from] Stealth Rock\n|-enditem|p1a: Avalugg|Aguav Berry|[eat]\n|-heal|p1a: Avalugg|52\/100|[from] item: Aguav Berry\n|turn|6\n|inactive|GP_thunder has 120 seconds left.\n|inactive|Theblazekiller has 120 seconds left.\n|\n|t:|1700237625\n|switch|p2a: Iron Hands|Iron Hands|100\/100\n|move|p2b: Scream Tail|Thunder Wave|p1a: Avalugg\n|-status|p1a: Avalugg|par\n|move|p1b: Hatterene|Shadow Ball|p2b: Scream Tail\n|-supereffective|p2b: Scream Tail\n|-damage|p2b: Scream Tail|37\/100\n|-unboost|p2b: Scream Tail|spd|1\n|cant|p1a: Avalugg|par\n|\n|upkeep\n|turn|7\n|\n|t:|1700237644\n|move|p2a: Iron Hands|Fake Out|p1b: Hatterene\n|-damage|p1b: Hatterene|53\/100\n|move|p2b: Scream Tail|Psychic Fangs|p1a: Avalugg\n|-damage|p1a: Avalugg|41\/100 par\n|cant|p1b: Hatterene|flinch\n|move|p1a: Avalugg|Recover|p1a: Avalugg\n|-heal|p1a: Avalugg|91\/100 par\n|\n|upkeep\n|turn|8\n|\n|t:|1700237669\n|-end|p2b: Scream Tail|Protosynthesis|[silent]\n|switch|p2b: Empoleon|Empoleon, M|79\/100\n|move|p2a: Iron Hands|Heavy Slam|p1a: Avalugg\n|-supereffective|p1a: Avalugg\n|-damage|p1a: Avalugg|59\/100 par\n|move|p1b: Hatterene|Dazzling Gleam|p2a: Iron Hands|[spread] p2a,p2b\n|-supereffective|p2a: Iron Hands\n|-resisted|p2b: Empoleon\n|-crit|p2b: Empoleon\n|-damage|p2a: Iron Hands|37\/100\n|-damage|p2b: Empoleon|62\/100\n|move|p1a: Avalugg|Body Press|p2b: Empoleon\n|-supereffective|p2b: Empoleon\n|-damage|p2b: Empoleon|2\/100\n|\n|upkeep\n|turn|9\n|\n|t:|1700237693\n|move|p2b: Empoleon|Surf|p1b: Hatterene|[spread] p2a,p1a,p1b\n|-supereffective|p1a: Avalugg\n|-damage|p2a: Iron Hands|6\/100\n|-damage|p1a: Avalugg|0 fnt\n|-damage|p1b: Hatterene|7\/100\n|faint|p1a: Avalugg\n|-damage|p2b: Empoleon|0 fnt|[from] item: Life Orb\n|faint|p2b: Empoleon\n|move|p2a: Iron Hands|Drain Punch|p1b: Hatterene\n|-resisted|p1b: Hatterene\n|-damage|p1b: Hatterene|0 fnt\n|-heal|p2a: Iron Hands|8\/100|[from] drain|[of] p1b: Hatterene\n|faint|p1b: Hatterene\n|\n|upkeep\n|\n|t:|1700237709\n|switch|p2b: Scream Tail|Scream Tail|37\/100\n|switch|p1a: Chien-Pao|Chien-Pao|100\/100\n|switch|p1b: Houndstone|Houndstone, M, shiny|100\/100\n|-damage|p1a: Chien-Pao|76\/100|[from] Stealth Rock\n|-ability|p1a: Chien-Pao|Sword of Ruin\n|-damage|p1b: Houndstone|88\/100|[from] Stealth Rock\n|turn|10\n|inactive|GP_thunder has 120 seconds left.\n|\n|t:|1700237743\n|move|p1a: Chien-Pao|Icicle Crash|p2a: Iron Hands\n|-damage|p2a: Iron Hands|0 fnt\n|faint|p2a: Iron Hands\n|-end|p2a: Iron Hands|Quark Drive|[silent]\n|-damage|p1a: Chien-Pao|66\/100|[from] item: Life Orb\n|move|p1b: Houndstone|Last Respects|p2b: Scream Tail\n|-supereffective|p2b: Scream Tail\n|-damage|p2b: Scream Tail|0 fnt\n|faint|p2b: Scream Tail\n|-end|p2b: Scream Tail|Protosynthesis|[silent]\n|\n|upkeep\n|inactive|Theblazekiller has 120 seconds left.\n|\n|t:|1700237763\n|switch|p2b: Kleavor|Kleavor, F|48\/100\n|switch|p2a: Rillaboom|Rillaboom, M|100\/100\n|-fieldstart|move: Grassy Terrain|[from] ability: Grassy Surge|[of] p2a: Rillaboom\n|turn|11\n|\n|t:|1700237781\n|move|p2a: Rillaboom|Grassy Glide|p1b: Houndstone\n|-damage|p1b: Houndstone|71\/100\n|move|p1a: Chien-Pao|Icicle Crash|p2b: Kleavor\n|-damage|p2b: Kleavor|0 fnt\n|faint|p2b: Kleavor\n|-damage|p1a: Chien-Pao|56\/100|[from] item: Life Orb\n|move|p1b: Houndstone|Last Respects|p2a: Rillaboom\n|-damage|p2a: Rillaboom|3\/100\n|\n|-heal|p1a: Chien-Pao|62\/100|[from] Grassy Terrain\n|-heal|p2a: Rillaboom|9\/100|[from] Grassy Terrain\n|-heal|p1b: Houndstone|77\/100|[from] Grassy Terrain\n|upkeep\n|-message|Theblazekiller forfeited.\n|\n|win|GP_thunder\n|raw|GP_thunder's rating: 1053 &rarr; <strong>1087<\/strong><br \/>(+34 for winning)\n|raw|Theblazekiller's rating: 1078 &rarr; <strong>1055<\/strong><br \/>(-23 for losing)\n|l|\u2606Theblazekiller\n","uploadtime":1700237803,"views":15,"p1id":"gpthunder","p2id":"theblazekiller","formatid":"gen9doublesou","rating":1055,"private":0,"password":""}