{"id":"gen9doublesou-1995581726","p1":"SSJ Kirkuk","p2":"OPieceOfHeroGhost","format":"[Gen 9] Doubles OU","log":"|j|\u2606SSJ Kirkuk\n|j|\u2606OPieceOfHeroGhost\n|t:|1700584779\n|gametype|doubles\n|player|p1|SSJ Kirkuk|rosa|1415\n|player|p2|OPieceOfHeroGhost|morty|1512\n|teamsize|p1|6\n|teamsize|p2|6\n|gen|9\n|tier|[Gen 9] Doubles OU\n|rated|\n|rule|Species Clause: Limit one of each Pok\u00e9mon\n|rule|OHKO Clause: OHKO moves are banned\n|rule|Evasion Moves Clause: Evasion moves are banned\n|rule|Gravity Sleep Clause: The combination of sleep-inducing moves with imperfect accuracy and Gravity or Gigantamax Orbeetle are banned\n|rule|Endless Battle Clause: Forcing endless battles is banned\n|rule|HP Percentage Mod: HP is shown in percentages\n|clearpoke\n|poke|p1|Walking Wake|\n|poke|p1|Torkoal, M|\n|poke|p1|Sawsbuck, F|\n|poke|p1|Murkrow, M|\n|poke|p1|Typhlosion-Hisui, M|\n|poke|p1|Roaring Moon|\n|poke|p2|Heatran, F|\n|poke|p2|Rillaboom, M|\n|poke|p2|Flutter Mane|\n|poke|p2|Chien-Pao|\n|poke|p2|Iron Hands|\n|poke|p2|Landorus-Therian, M|\n|teampreview\n|inactive|Battle timer is ON: inactive players will automatically lose when time's up. (requested by SSJ Kirkuk)\n|\n|t:|1700584791\n|start\n|switch|p1a: Fireflies|Torkoal, M|100\/100\n|switch|p1b: DinosaurLaserFight|Walking Wake|100\/100\n|switch|p2a: \u989d\u554a\uff01\u8150\u8680\u80c6\u6c41\uff01|Heatran, F|100\/100\n|switch|p2b: \u571f\u732b\u8e29\u6211|Landorus-Therian, M|100\/100\n|-ability|p2b: \u571f\u732b\u8e29\u6211|Intimidate|boost\n|-unboost|p1a: Fireflies|atk|1\n|-unboost|p1b: DinosaurLaserFight|atk|1\n|-weather|SunnyDay|[from] ability: Drought|[of] p1a: Fireflies\n|-activate|p1b: DinosaurLaserFight|ability: Protosynthesis\n|-start|p1b: DinosaurLaserFight|protosynthesisspa\n|turn|1\n|\n|t:|1700584818\n|move|p2a: \u989d\u554a\uff01\u8150\u8680\u80c6\u6c41\uff01|Protect|p2a: \u989d\u554a\uff01\u8150\u8680\u80c6\u6c41\uff01\n|-singleturn|p2a: \u989d\u554a\uff01\u8150\u8680\u80c6\u6c41\uff01|Protect\n|move|p2b: \u571f\u732b\u8e29\u6211|U-turn|p1b: DinosaurLaserFight\n|-damage|p1b: DinosaurLaserFight|73\/100\n|\n|t:|1700584825\n|switch|p2b: \u4f60\u62cd\u4e94\uff0c\u6211\u62cd\u516d\uff0c\u51fb\u638c\u5947\u88ad\u754f\u4e2a\u7f29|Iron Hands|100\/100|[from] U-turn\n|move|p1b: DinosaurLaserFight|Hydro Steam|p2b: \u4f60\u62cd\u4e94\uff0c\u6211\u62cd\u516d\uff0c\u51fb\u638c\u5947\u88ad\u754f\u4e2a\u7f29\n|-damage|p2b: \u4f60\u62cd\u4e94\uff0c\u6211\u62cd\u516d\uff0c\u51fb\u638c\u5947\u88ad\u754f\u4e2a\u7f29|48\/100\n|-damage|p1b: DinosaurLaserFight|63\/100|[from] item: Life Orb\n|move|p1a: Fireflies|Earth Power|p2a: \u989d\u554a\uff01\u8150\u8680\u80c6\u6c41\uff01\n|-activate|p2a: \u989d\u554a\uff01\u8150\u8680\u80c6\u6c41\uff01|move: Protect\n|\n|-weather|SunnyDay|[upkeep]\n|upkeep\n|turn|2\n|\n|t:|1700584844\n|-terastallize|p2a: \u989d\u554a\uff01\u8150\u8680\u80c6\u6c41\uff01|Grass\n|move|p2b: \u4f60\u62cd\u4e94\uff0c\u6211\u62cd\u516d\uff0c\u51fb\u638c\u5947\u88ad\u754f\u4e2a\u7f29|Fake Out|p1b: DinosaurLaserFight\n|-damage|p1b: DinosaurLaserFight|46\/100\n|cant|p1b: DinosaurLaserFight|flinch\n|move|p2a: \u989d\u554a\uff01\u8150\u8680\u80c6\u6c41\uff01|Earth Power|p1a: Fireflies\n|-supereffective|p1a: Fireflies\n|-damage|p1a: Fireflies|46\/100\n|move|p1a: Fireflies|Earth Power|p2a: \u989d\u554a\uff01\u8150\u8680\u80c6\u6c41\uff01\n|-resisted|p2a: \u989d\u554a\uff01\u8150\u8680\u80c6\u6c41\uff01\n|-damage|p2a: \u989d\u554a\uff01\u8150\u8680\u80c6\u6c41\uff01|90\/100\n|\n|-weather|SunnyDay|[upkeep]\n|-heal|p2a: \u989d\u554a\uff01\u8150\u8680\u80c6\u6c41\uff01|96\/100|[from] item: Leftovers\n|upkeep\n|turn|3\n|\n|t:|1700584867\n|-end|p2b: \u4f60\u62cd\u4e94\uff0c\u6211\u62cd\u516d\uff0c\u51fb\u638c\u5947\u88ad\u754f\u4e2a\u7f29|Quark Drive|[silent]\n|switch|p2b: \u4f60\u53d1\u59d0\u6c38\u8fdc\u662f\u4f60\u53d1\u59d0|Flutter Mane|100\/100\n|-activate|p2b: \u4f60\u53d1\u59d0\u6c38\u8fdc\u662f\u4f60\u53d1\u59d0|ability: Protosynthesis\n|-start|p2b: \u4f60\u53d1\u59d0\u6c38\u8fdc\u662f\u4f60\u53d1\u59d0|protosynthesisspa\n|move|p1b: DinosaurLaserFight|Hydro Steam|p2b: \u4f60\u53d1\u59d0\u6c38\u8fdc\u662f\u4f60\u53d1\u59d0\n|-damage|p2b: \u4f60\u53d1\u59d0\u6c38\u8fdc\u662f\u4f60\u53d1\u59d0|10\/100\n|-damage|p1b: DinosaurLaserFight|36\/100|[from] item: Life Orb\n|move|p2a: \u989d\u554a\uff01\u8150\u8680\u80c6\u6c41\uff01|Earth Power|p1a: Fireflies\n|-supereffective|p1a: Fireflies\n|-damage|p1a: Fireflies|0 fnt\n|faint|p1a: Fireflies\n|\n|-weather|SunnyDay|[upkeep]\n|-heal|p2a: \u989d\u554a\uff01\u8150\u8680\u80c6\u6c41\uff01|100\/100|[from] item: Leftovers\n|upkeep\n|inactive|SSJ Kirkuk has 120 seconds left.\n|\n|t:|1700584893\n|switch|p1a: Street Fight|Typhlosion-Hisui, M|100\/100\n|turn|4\n|\n|t:|1700584920\n|-end|p2b: \u4f60\u53d1\u59d0\u6c38\u8fdc\u662f\u4f60\u53d1\u59d0|Protosynthesis|[silent]\n|switch|p2b: \u4f60\u62cd\u4e94\uff0c\u6211\u62cd\u516d\uff0c\u51fb\u638c\u5947\u88ad\u754f\u4e2a\u7f29|Iron Hands|48\/100\n|move|p2a: \u989d\u554a\uff01\u8150\u8680\u80c6\u6c41\uff01|Protect|p2a: \u989d\u554a\uff01\u8150\u8680\u80c6\u6c41\uff01\n|-singleturn|p2a: \u989d\u554a\uff01\u8150\u8680\u80c6\u6c41\uff01|Protect\n|move|p1a: Street Fight|Eruption|p2b: \u4f60\u62cd\u4e94\uff0c\u6211\u62cd\u516d\uff0c\u51fb\u638c\u5947\u88ad\u754f\u4e2a\u7f29|[spread] p2b\n|-activate|p2a: \u989d\u554a\uff01\u8150\u8680\u80c6\u6c41\uff01|move: Protect\n|-damage|p2b: \u4f60\u62cd\u4e94\uff0c\u6211\u62cd\u516d\uff0c\u51fb\u638c\u5947\u88ad\u754f\u4e2a\u7f29|9\/100\n|move|p1b: DinosaurLaserFight|Hydro Steam|p2b: \u4f60\u62cd\u4e94\uff0c\u6211\u62cd\u516d\uff0c\u51fb\u638c\u5947\u88ad\u754f\u4e2a\u7f29\n|-damage|p2b: \u4f60\u62cd\u4e94\uff0c\u6211\u62cd\u516d\uff0c\u51fb\u638c\u5947\u88ad\u754f\u4e2a\u7f29|0 fnt\n|faint|p2b: \u4f60\u62cd\u4e94\uff0c\u6211\u62cd\u516d\uff0c\u51fb\u638c\u5947\u88ad\u754f\u4e2a\u7f29\n|-end|p2b: \u4f60\u62cd\u4e94\uff0c\u6211\u62cd\u516d\uff0c\u51fb\u638c\u5947\u88ad\u754f\u4e2a\u7f29|Quark Drive|[silent]\n|-damage|p1b: DinosaurLaserFight|26\/100|[from] item: Life Orb\n|\n|-weather|SunnyDay|[upkeep]\n|upkeep\n|inactive|OPieceOfHeroGhost has 120 seconds left.\n|\n|t:|1700584933\n|switch|p2b: ku\ud83d\udcb0\u70ae|Chien-Pao|100\/100\n|-ability|p2b: ku\ud83d\udcb0\u70ae|Sword of Ruin\n|turn|5\n|\n|t:|1700584951\n|move|p2b: ku\ud83d\udcb0\u70ae|Protect|p2b: ku\ud83d\udcb0\u70ae\n|-singleturn|p2b: ku\ud83d\udcb0\u70ae|Protect\n|move|p1a: Street Fight|Eruption|p2b: ku\ud83d\udcb0\u70ae|[spread] \n|-activate|p2b: ku\ud83d\udcb0\u70ae|move: Protect\n|-start|p2a: \u989d\u554a\uff01\u8150\u8680\u80c6\u6c41\uff01|ability: Flash Fire\n|move|p1b: DinosaurLaserFight|Flamethrower|p2a: \u989d\u554a\uff01\u8150\u8680\u80c6\u6c41\uff01\n|-immune|p2a: \u989d\u554a\uff01\u8150\u8680\u80c6\u6c41\uff01|[from] ability: Flash Fire\n|move|p2a: \u989d\u554a\uff01\u8150\u8680\u80c6\u6c41\uff01|Tera Blast|p1b: DinosaurLaserFight|[anim] Tera Blast Grass\n|-damage|p1b: DinosaurLaserFight|0 fnt\n|faint|p1b: DinosaurLaserFight\n|-end|p1b: DinosaurLaserFight|Protosynthesis|[silent]\n|\n|-weather|none\n|upkeep\n|\n|t:|1700584964\n|switch|p1b: Find Your Flame|Murkrow, M|100\/100\n|turn|6\n|\n|t:|1700584975\n|move|p2b: ku\ud83d\udcb0\u70ae|Sucker Punch|p1a: Street Fight\n|-supereffective|p1a: Street Fight\n|-damage|p1a: Street Fight|0 fnt\n|faint|p1a: Street Fight\n|move|p1b: Find Your Flame|Sunny Day|p1b: Find Your Flame\n|-weather|SunnyDay\n|move|p2a: \u989d\u554a\uff01\u8150\u8680\u80c6\u6c41\uff01|Heat Wave|p1b: Find Your Flame\n|-damage|p1b: Find Your Flame|0 fnt\n|faint|p1b: Find Your Flame\n|\n|-weather|SunnyDay|[upkeep]\n|upkeep\n|\n|t:|1700584984\n|switch|p1a: Deer Maria|Sawsbuck, F|100\/100\n|switch|p1b: In The End|Roaring Moon|100\/100\n|-activate|p1b: In The End|ability: Protosynthesis\n|-start|p1b: In The End|protosynthesisatk\n|turn|7\n|\n|t:|1700585005\n|-terastallize|p1b: In The End|Steel\n|move|p2a: \u989d\u554a\uff01\u8150\u8680\u80c6\u6c41\uff01|Protect|p2a: \u989d\u554a\uff01\u8150\u8680\u80c6\u6c41\uff01\n|-singleturn|p2a: \u989d\u554a\uff01\u8150\u8680\u80c6\u6c41\uff01|Protect\n|move|p1a: Deer Maria|Double-Edge|p2b: ku\ud83d\udcb0\u70ae\n|-damage|p2b: ku\ud83d\udcb0\u70ae|4\/100\n|-damage|p1a: Deer Maria|69\/100|[from] Recoil\n|-damage|p1a: Deer Maria|59\/100|[from] item: Life Orb\n|move|p2b: ku\ud83d\udcb0\u70ae|Icicle Crash|p1b: In The End\n|-resisted|p1b: In The End\n|-damage|p1b: In The End|67\/100\n|move|p1b: In The End|Dragon Dance|p1b: In The End\n|-boost|p1b: In The End|atk|1\n|-boost|p1b: In The End|spe|1\n|\n|-weather|SunnyDay|[upkeep]\n|-heal|p1b: In The End|73\/100|[from] item: Leftovers\n|upkeep\n|turn|8\n|inactive|SSJ Kirkuk has 120 seconds left.\n|\n|t:|1700585041\n|move|p2b: ku\ud83d\udcb0\u70ae|Sucker Punch|p1a: Deer Maria\n|-damage|p1a: Deer Maria|0 fnt\n|faint|p1a: Deer Maria\n|move|p1b: In The End|Crunch|p2a: \u989d\u554a\uff01\u8150\u8680\u80c6\u6c41\uff01\n|-damage|p2a: \u989d\u554a\uff01\u8150\u8680\u80c6\u6c41\uff01|0 fnt\n|faint|p2a: \u989d\u554a\uff01\u8150\u8680\u80c6\u6c41\uff01\n|\n|-weather|SunnyDay|[upkeep]\n|-heal|p1b: In The End|79\/100|[from] item: Leftovers\n|upkeep\n|\n|t:|1700585052\n|switch|p2a: \u62cd\u6253\u7329|Rillaboom, M|100\/100\n|-fieldstart|move: Grassy Terrain|[from] ability: Grassy Surge|[of] p2a: \u62cd\u6253\u7329\n|turn|9\n|\n|t:|1700585058\n|move|p2a: \u62cd\u6253\u7329|Fake Out|p1b: In The End\n|-resisted|p1b: In The End\n|-damage|p1b: In The End|67\/100\n|cant|p1b: In The End|flinch\n|move|p2b: ku\ud83d\udcb0\u70ae|Sacred Sword|p1b: In The End\n|-supereffective|p1b: In The End\n|-damage|p1b: In The End|0 fnt\n|faint|p1b: In The End\n|-end|p1b: In The End|Protosynthesis|[silent]\n|\n|win|OPieceOfHeroGhost\n|raw|SSJ Kirkuk's rating: 1415 &rarr; <strong>1400<\/strong><br \/>(-15 for losing)\n|raw|OPieceOfHeroGhost's rating: 1512 &rarr; <strong>1527<\/strong><br \/>(+15 for winning)\n|l|\u2606SSJ Kirkuk\n","uploadtime":1700585071,"views":4,"p1id":"ssjkirkuk","p2id":"opieceofheroghost","formatid":"gen9doublesou","rating":1400,"private":0,"password":""}