{"id":"gen9doublesou-1984274096","p1":"Electricratman","p2":"Copy Caleb","format":"[Gen 9] Doubles OU","log":"|j|\u2606Electricratman\n|j|\u2606Copy Caleb\n|t:|1699237676\n|gametype|doubles\n|player|p1|Electricratman|169|1049\n|player|p2|Copy Caleb|clair|1000\n|teamsize|p1|6\n|teamsize|p2|6\n|gen|9\n|tier|[Gen 9] Doubles OU\n|rated|\n|rule|Species Clause: Limit one of each Pok\u00e9mon\n|rule|OHKO Clause: OHKO moves are banned\n|rule|Evasion Moves Clause: Evasion moves are banned\n|rule|Gravity Sleep Clause: The combination of sleep-inducing moves with imperfect accuracy and Gravity or Gigantamax Orbeetle are banned\n|rule|Endless Battle Clause: Forcing endless battles is banned\n|rule|HP Percentage Mod: HP is shown in percentages\n|clearpoke\n|poke|p1|Arboliva, F|\n|poke|p1|Torkoal, F|\n|poke|p1|Flutter Mane|\n|poke|p1|Glimmora, F|\n|poke|p1|Palafin, F|\n|poke|p1|Roaring Moon|\n|poke|p2|Ceruledge, F|\n|poke|p2|Kingambit, F|\n|poke|p2|Walking Wake|\n|poke|p2|Glimmora, F|\n|poke|p2|Maushold-Four|\n|poke|p2|Oricorio-Pom-Pom, M|\n|teampreview\n|\n|t:|1699237698\n|start\n|switch|p1a: Palafin|Palafin, F|100\/100\n|switch|p1b: Glimmora|Glimmora, F|100\/100\n|switch|p2a: Ceruledge|Ceruledge, F, shiny|100\/100\n|switch|p2b: Kingambit|Kingambit, F, shiny|100\/100\n|turn|1\n|\n|t:|1699237737\n|move|p1a: Palafin|Flip Turn|p2a: Ceruledge\n|-supereffective|p2a: Ceruledge\n|-damage|p2a: Ceruledge|33\/100\n|\n|t:|1699237754\n|detailschange|p1a: Palafin|Palafin-Hero, F\n|switch|p1a: Arboliva|Arboliva, F|100\/100|[from] Flip Turn\n|move|p1b: Glimmora|Stealth Rock|p2a: Ceruledge\n|-sidestart|p2: Copy Caleb|move: Stealth Rock\n|move|p2a: Ceruledge|Phantom Force||[still]\n|-prepare|p2a: Ceruledge|Phantom Force\n|move|p2b: Kingambit|Iron Head|p1b: Glimmora\n|-supereffective|p1b: Glimmora\n|-damage|p1b: Glimmora|8\/100\n|-activate|p1b: Glimmora|ability: Toxic Debris\n|-sidestart|p2: Copy Caleb|move: Toxic Spikes\n|\n|upkeep\n|turn|2\n|\n|t:|1699237792\n|move|p1b: Glimmora|Spikes|p2b: Kingambit\n|-sidestart|p2: Copy Caleb|Spikes\n|move|p2a: Ceruledge|Phantom Force|p1a: Arboliva|[from]lockedmove\n|-immune|p1a: Arboliva\n|move|p2b: Kingambit|Poison Jab|p1a: Arboliva\n|-supereffective|p1a: Arboliva\n|-damage|p1a: Arboliva|39\/100\n|-fieldstart|move: Grassy Terrain|[from] ability: Seed Sower|[of] p1a: Arboliva\n|move|p1a: Arboliva|Strength Sap|p2b: Kingambit\n|-unboost|p2b: Kingambit|atk|1\n|-heal|p1a: Arboliva|100\/100\n|\n|-heal|p1b: Glimmora|14\/100|[from] Grassy Terrain\n|-heal|p2a: Ceruledge|39\/100|[from] Grassy Terrain\n|upkeep\n|turn|3\n|\n|t:|1699237836\n|move|p1b: Glimmora|Spikes|p2a: Ceruledge\n|-sidestart|p2: Copy Caleb|Spikes\n|move|p2a: Ceruledge|Bitter Blade|p1a: Arboliva\n|-supereffective|p1a: Arboliva\n|-damage|p1a: Arboliva|5\/100\n|-heal|p2a: Ceruledge|98\/100|[from] drain|[of] p1a: Arboliva\n|-heal|p2a: Ceruledge|100\/100|[from] item: Shell Bell|[of] p1a: Arboliva\n|move|p2b: Kingambit|Iron Head|p1b: Glimmora\n|-supereffective|p1b: Glimmora\n|-damage|p1b: Glimmora|0 fnt\n|-activate|p1b: Glimmora|ability: Toxic Debris\n|-sidestart|p2: Copy Caleb|move: Toxic Spikes\n|faint|p1b: Glimmora\n|move|p1a: Arboliva|Strength Sap|p2b: Kingambit\n|-unboost|p2b: Kingambit|atk|1\n|-heal|p1a: Arboliva|80\/100\n|\n|-heal|p1a: Arboliva|86\/100|[from] Grassy Terrain\n|-heal|p1a: Arboliva|92\/100|[from] item: Leftovers\n|upkeep\n|\n|t:|1699237873\n|switch|p1b: Torkoal|Torkoal, F|100\/100\n|-weather|SunnyDay|[from] ability: Drought|[of] p1b: Torkoal\n|turn|4\n|\n|t:|1699237911\n|-end|p2b: Kingambit|fallenundefined|[silent]\n|switch|p2b: Walking Wake|Walking Wake|100\/100\n|-damage|p2b: Walking Wake|88\/100|[from] Stealth Rock\n|-status|p2b: Walking Wake|tox\n|-damage|p2b: Walking Wake|72\/100 tox|[from] Spikes\n|-activate|p2b: Walking Wake|ability: Protosynthesis\n|-start|p2b: Walking Wake|protosynthesisspa\n|move|p1a: Arboliva|Helping Hand|p1b: Torkoal\n|-singleturn|p1b: Torkoal|Helping Hand|[of] p1a: Arboliva\n|move|p2a: Ceruledge|Bitter Blade|p1a: Arboliva\n|-supereffective|p1a: Arboliva\n|-damage|p1a: Arboliva|0 fnt\n|faint|p1a: Arboliva\n|move|p1b: Torkoal|Earth Power|p2a: Ceruledge\n|-supereffective|p2a: Ceruledge\n|-damage|p2a: Ceruledge|17\/100\n|\n|-weather|SunnyDay|[upkeep]\n|-heal|p2b: Walking Wake|78\/100 tox|[from] Grassy Terrain\n|-heal|p2a: Ceruledge|24\/100|[from] Grassy Terrain\n|-damage|p2b: Walking Wake|72\/100 tox|[from] psn\n|upkeep\n|\n|t:|1699237940\n|switch|p1a: Flutter Mane|Flutter Mane|100\/100\n|-activate|p1a: Flutter Mane|ability: Protosynthesis\n|-start|p1a: Flutter Mane|protosynthesisspe\n|turn|5\n|\n|t:|1699237976\n|-terastallize|p1b: Torkoal|Ground\n|move|p1a: Flutter Mane|Dazzling Gleam|p2a: Ceruledge|[spread] p2a,p2b\n|-resisted|p2a: Ceruledge\n|-supereffective|p2b: Walking Wake\n|-damage|p2a: Ceruledge|0 fnt\n|-damage|p2b: Walking Wake|0 fnt\n|faint|p2a: Ceruledge\n|faint|p2b: Walking Wake\n|-end|p2b: Walking Wake|Protosynthesis|[silent]\n|-damage|p1a: Flutter Mane|91\/100|[from] item: Life Orb\n|move|p1b: Torkoal|Earth Power|p2: Ceruledge|[notarget]\n|-fail|p1b: Torkoal\n|\n|-weather|SunnyDay|[upkeep]\n|-heal|p1a: Flutter Mane|97\/100|[from] Grassy Terrain\n|upkeep\n|\n|t:|1699237995\n|switch|p2b: Glimmora|Glimmora, F, shiny|100\/100\n|switch|p2a: Oricorio|Oricorio-Pom-Pom, M, shiny|100\/100\n|-damage|p2b: Glimmora|88\/100|[from] Stealth Rock\n|-sideend|p2: Copy Caleb|move: Toxic Spikes|[of] p2b: Glimmora\n|-damage|p2b: Glimmora|72\/100|[from] Spikes\n|-damage|p2a: Oricorio|76\/100|[from] Stealth Rock\n|turn|6\n|\n|t:|1699238022\n|move|p1a: Flutter Mane|Icy Wind|p2a: Oricorio|[spread] p2a,p2b\n|-supereffective|p2a: Oricorio\n|-damage|p2a: Oricorio|39\/100\n|-damage|p2b: Glimmora|46\/100\n|-unboost|p2a: Oricorio|spe|1\n|-unboost|p2b: Glimmora|spe|1\n|-damage|p1a: Flutter Mane|87\/100|[from] item: Life Orb\n|move|p2b: Glimmora|Sludge Wave|p1a: Flutter Mane|[spread] p2a,p1a,p1b\n|-resisted|p1b: Torkoal\n|-damage|p2a: Oricorio|8\/100\n|-damage|p1a: Flutter Mane|45\/100\n|-damage|p1b: Torkoal|75\/100\n|-status|p2a: Oricorio|psn\n|move|p2a: Oricorio|Attract|p1b: Torkoal\n|-start|p1b: Torkoal|Attract\n|-activate|p1b: Torkoal|move: Attract|[of] p2a: Oricorio\n|cant|p1b: Torkoal|Attract\n|\n|-weather|SunnyDay|[upkeep]\n|-heal|p1a: Flutter Mane|51\/100|[from] Grassy Terrain\n|-heal|p2b: Glimmora|52\/100|[from] Grassy Terrain\n|-heal|p1b: Torkoal|81\/100|[from] Grassy Terrain\n|-damage|p2a: Oricorio|0 fnt|[from] psn\n|faint|p2a: Oricorio\n|-fieldend|move: Grassy Terrain\n|upkeep\n|-end|p1b: Torkoal|Attract|[silent]\n|\n|t:|1699238044\n|switch|p2a: Maushold|Maushold-Four, shiny|100\/100\n|-damage|p2a: Maushold|88\/100|[from] Stealth Rock\n|-damage|p2a: Maushold|71\/100|[from] Spikes\n|turn|7\n|\n|t:|1699238072\n|move|p1a: Flutter Mane|Dazzling Gleam|p2a: Maushold|[spread] p2a,p2b\n|-resisted|p2b: Glimmora\n|-damage|p2a: Maushold|13\/100\n|-damage|p2b: Glimmora|24\/100\n|-damage|p1a: Flutter Mane|41\/100|[from] item: Life Orb\n|move|p2a: Maushold|Population Bomb|p1b: Torkoal\n|-damage|p1b: Torkoal|73\/100\n|-damage|p1b: Torkoal|64\/100\n|-damage|p1b: Torkoal|55\/100\n|-damage|p1b: Torkoal|46\/100\n|-damage|p1b: Torkoal|39\/100\n|-damage|p1b: Torkoal|31\/100\n|-damage|p1b: Torkoal|23\/100\n|-hitcount|p1b: Torkoal|7\n|move|p2b: Glimmora|Earth Power|p1b: Torkoal\n|-damage|p1b: Torkoal|0 fnt\n|faint|p1b: Torkoal\n|\n|-weather|SunnyDay|[upkeep]\n|upkeep\n|\n|t:|1699238094\n|switch|p1b: Roaring Moon|Roaring Moon|100\/100\n|-activate|p1b: Roaring Moon|ability: Protosynthesis\n|-start|p1b: Roaring Moon|protosynthesisspe\n|turn|8\n|\n|t:|1699238115\n|-terastallize|p2a: Maushold|Fighting\n|move|p1a: Flutter Mane|Icy Wind|p2a: Maushold|[spread] p2a,p2b\n|-crit|p2a: Maushold\n|-damage|p2a: Maushold|0 fnt\n|-damage|p2b: Glimmora|1\/100\n|-unboost|p2b: Glimmora|spe|1\n|faint|p2a: Maushold\n|-damage|p1a: Flutter Mane|31\/100|[from] item: Life Orb\n|move|p2b: Glimmora|Earth Power|p1a: Flutter Mane\n|-damage|p1a: Flutter Mane|0 fnt\n|faint|p1a: Flutter Mane\n|-end|p1a: Flutter Mane|Protosynthesis|[silent]\n|move|p1b: Roaring Moon|Roar|p2b: Glimmora\n|drag|p2b: Kingambit|Kingambit, F, shiny|100\/100\n|-damage|p2b: Kingambit|94\/100|[from] Stealth Rock\n|-damage|p2b: Kingambit|78\/100|[from] Spikes\n|-activate|p2b: Kingambit|ability: Supreme Overlord\n|-start|p2b: Kingambit|fallen4|[silent]\n|\n|-weather|SunnyDay|[upkeep]\n|upkeep\n|\n|t:|1699238137\n|switch|p1a: Palafin|Palafin-Hero, F|100\/100\n|switch|p2a: Glimmora|Glimmora, F, shiny|1\/100\n|-activate|p1a: Palafin|ability: Zero to Hero\n|-damage|p2a: Glimmora|0 fnt|[from] Stealth Rock\n|faint|p2a: Glimmora\n|turn|9\n|\n|t:|1699238164\n|move|p1b: Roaring Moon|Knock Off|p2b: Kingambit\n|-resisted|p2b: Kingambit\n|-damage|p2b: Kingambit|66\/100\n|move|p1a: Palafin|Close Combat|p2b: Kingambit\n|-supereffective|p2b: Kingambit\n|-damage|p2b: Kingambit|0 fnt\n|-unboost|p1a: Palafin|def|1\n|-unboost|p1a: Palafin|spd|1\n|faint|p2b: Kingambit\n|-end|p2b: Kingambit|fallen4|[silent]\n|\n|win|Electricratman\n|raw|Electricratman's rating: 1049 &rarr; <strong>1077<\/strong><br \/>(+28 for winning)\n|raw|Copy Caleb's rating: 1000 &rarr; <strong>1000<\/strong><br \/>(+0 for losing)\n|c|\u2606Copy Caleb|GG\n|c|\u2606Electricratman|Gg\n|l|\u2606Copy Caleb\n","uploadtime":1699238188,"views":10,"p1id":"electricratman","p2id":"copycaleb","formatid":"gen9doublesou","rating":1000,"private":0,"password":""}