{"id":"gen9doublesou-1982048489","p1":"foodandnaps","p2":"I am the Hurricane","format":"[Gen 9] Doubles OU","log":"|j|\u2606foodandnaps\n|j|\u2606I am the Hurricane\n|t:|1698962772\n|gametype|doubles\n|player|p1|foodandnaps|1|1537\n|player|p2|I am the Hurricane|102|1540\n|teamsize|p1|6\n|teamsize|p2|6\n|gen|9\n|tier|[Gen 9] Doubles OU\n|rated|\n|rule|Species Clause: Limit one of each Pok\u00e9mon\n|rule|OHKO Clause: OHKO moves are banned\n|rule|Evasion Moves Clause: Evasion moves are banned\n|rule|Gravity Sleep Clause: The combination of sleep-inducing moves with imperfect accuracy and Gravity or Gigantamax Orbeetle are banned\n|rule|Endless Battle Clause: Forcing endless battles is banned\n|rule|HP Percentage Mod: HP is shown in percentages\n|clearpoke\n|poke|p1|Tornadus, M|\n|poke|p1|Baxcalibur, M|\n|poke|p1|Iron Bundle|\n|poke|p1|Ninetales-Alola, F|\n|poke|p1|Ursaluna-Bloodmoon, M|\n|poke|p1|Weavile, M|\n|poke|p2|Rillaboom, F|\n|poke|p2|Pelipper, M|\n|poke|p2|Sinistcha-Masterpiece|\n|poke|p2|Basculegion-F, F|\n|poke|p2|Ogerpon-Wellspring, F|\n|poke|p2|Ninetales-Alola, M|\n|teampreview\n|inactive|Battle timer is ON: inactive players will automatically lose when time's up. (requested by foodandnaps)\n|inactive|I am the Hurricane has 120 seconds left.\n|inactive|I am the Hurricane has 90 seconds left.\n|\n|t:|1698962863\n|start\n|switch|p1a: Ninetales|Ninetales-Alola, F|100\/100\n|switch|p1b: Weavile|Weavile, M|100\/100\n|switch|p2a: Ninetales|Ninetales-Alola, M|100\/100\n|switch|p2b: Rillaboom|Rillaboom, F|100\/100\n|-weather|Snow|[from] ability: Snow Warning|[of] p1a: Ninetales\n|-fieldstart|move: Grassy Terrain|[from] ability: Grassy Surge|[of] p2b: Rillaboom\n|turn|1\n|\n|t:|1698962890\n|switch|p2b: Basculegion|Basculegion-F, F|100\/100\n|move|p1b: Weavile|Fake Out|p2a: Ninetales\n|-damage|p2a: Ninetales|90\/100\n|move|p1a: Ninetales|Aurora Veil|p1a: Ninetales\n|-sidestart|p1: foodandnaps|move: Aurora Veil\n|cant|p2a: Ninetales|flinch\n|\n|-weather|Snow|[upkeep]\n|-heal|p2a: Ninetales|97\/100|[from] Grassy Terrain\n|upkeep\n|turn|2\n|\n|t:|1698962904\n|switch|p1a: Baxcalibur|Baxcalibur, M|100\/100\n|move|p2b: Basculegion|Protect|p2b: Basculegion\n|-singleturn|p2b: Basculegion|Protect\n|move|p1b: Weavile|Knock Off|p2b: Basculegion\n|-activate|p2b: Basculegion|move: Protect\n|move|p2a: Ninetales|Aurora Veil|p2a: Ninetales\n|-sidestart|p2: I am the Hurricane|move: Aurora Veil\n|\n|-weather|Snow|[upkeep]\n|-heal|p2a: Ninetales|100\/100|[from] Grassy Terrain\n|upkeep\n|turn|3\n|\n|t:|1698962920\n|switch|p2b: Ogerpon|Ogerpon-Wellspring, F|100\/100\n|move|p1b: Weavile|Brick Break|p2a: Ninetales\n|-sideend|p2: I am the Hurricane|move: Aurora Veil\n|-damage|p2a: Ninetales|80\/100\n|move|p2a: Ninetales|Moonblast|p1b: Weavile\n|-supereffective|p1b: Weavile\n|-damage|p1b: Weavile|45\/100\n|-unboost|p1b: Weavile|spa|1\n|move|p1a: Baxcalibur|Iron Head|p2a: Ninetales\n|-supereffective|p2a: Ninetales\n|-damage|p2a: Ninetales|2\/100\n|\n|-weather|Snow|[upkeep]\n|-heal|p1b: Weavile|51\/100|[from] Grassy Terrain\n|-heal|p2a: Ninetales|8\/100|[from] Grassy Terrain\n|upkeep\n|turn|4\n|inactive|foodandnaps has 120 seconds left.\n|\n|t:|1698962951\n|switch|p1b: Iron Bundle|Iron Bundle|100\/100\n|-enditem|p1b: Iron Bundle|Booster Energy\n|-activate|p1b: Iron Bundle|ability: Quark Drive|[fromitem]\n|-start|p1b: Iron Bundle|quarkdrivespa\n|switch|p2a: Pelipper|Pelipper, M|100\/100\n|-weather|RainDance|[from] ability: Drizzle|[of] p2a: Pelipper\n|move|p2b: Ogerpon|Ivy Cudgel|p1b: Iron Bundle\n|-resisted|p1b: Iron Bundle\n|-damage|p1b: Iron Bundle|65\/100\n|move|p1a: Baxcalibur|Iron Head|p2a: Pelipper\n|-resisted|p2a: Pelipper\n|-damage|p2a: Pelipper|91\/100\n|\n|-weather|RainDance|[upkeep]\n|-heal|p1b: Iron Bundle|71\/100|[from] Grassy Terrain\n|upkeep\n|turn|5\n|inactive|I am the Hurricane has 120 seconds left.\n|\n|t:|1698962992\n|move|p2a: Pelipper|Protect|p2a: Pelipper\n|-singleturn|p2a: Pelipper|Protect\n|move|p1b: Iron Bundle|Blizzard|p2b: Ogerpon|[spread] p2b\n|-activate|p2a: Pelipper|move: Protect\n|-damage|p2b: Ogerpon|32\/100\n|move|p2b: Ogerpon|Horn Leech|p1b: Iron Bundle\n|-supereffective|p1b: Iron Bundle\n|-damage|p1b: Iron Bundle|0 fnt\n|-heal|p2b: Ogerpon|62\/100|[from] drain|[of] p1b: Iron Bundle\n|faint|p1b: Iron Bundle\n|-end|p1b: Iron Bundle|Quark Drive|[silent]\n|move|p1a: Baxcalibur|Icicle Spear|p2a: Pelipper\n|-activate|p2a: Pelipper|move: Protect\n|\n|-weather|RainDance|[upkeep]\n|-heal|p2b: Ogerpon|68\/100|[from] Grassy Terrain\n|-fieldend|move: Grassy Terrain\n|upkeep\n|inactive|foodandnaps has 120 seconds left.\n|j| dusttrustblueberry\n|\n|t:|1698963031\n|switch|p1b: Ursaluna|Ursaluna-Bloodmoon, M|100\/100\n|turn|6\n|inactive|I am the Hurricane has 120 seconds left.\n|inactive|I am the Hurricane has 90 seconds left.\n|\n|t:|1698963089\n|-terastallize|p1b: Ursaluna|Normal\n|move|p2b: Ogerpon|Ivy Cudgel|p1b: Ursaluna\n|-damage|p1b: Ursaluna|59\/100\n|move|p1a: Baxcalibur|Icicle Spear|p2a: Pelipper\n|-damage|p2a: Pelipper|80\/100\n|-damage|p2a: Pelipper|71\/100\n|-damage|p2a: Pelipper|61\/100\n|-damage|p2a: Pelipper|52\/100\n|-damage|p2a: Pelipper|43\/100\n|-hitcount|p2a: Pelipper|5\n|move|p2a: Pelipper|Weather Ball|p1b: Ursaluna\n|-damage|p1b: Ursaluna|23\/100\n|-enditem|p1b: Ursaluna|Sitrus Berry|[eat]\n|-heal|p1b: Ursaluna|48\/100|[from] item: Sitrus Berry\n|move|p1b: Ursaluna|Blood Moon|p2b: Ogerpon\n|-damage|p2b: Ogerpon|0 fnt\n|faint|p2b: Ogerpon\n|\n|-weather|RainDance|[upkeep]\n|upkeep\n|\n|t:|1698963106\n|switch|p2b: Ninetales|Ninetales-Alola, M|8\/100\n|-weather|Snow|[from] ability: Snow Warning|[of] p2b: Ninetales\n|turn|7\n|inactive|foodandnaps has 120 seconds left.\n|\n|t:|1698963149\n|switch|p2a: Sinistcha|Sinistcha-Masterpiece|100\/100\n|-heal|p2b: Ninetales|33\/100|[from] ability: Hospitality|[of] p2a: Sinistcha\n|move|p1a: Baxcalibur|Ice Shard|p2b: Ninetales\n|-resisted|p2b: Ninetales\n|-damage|p2b: Ninetales|27\/100\n|move|p2b: Ninetales|Aurora Veil|p2b: Ninetales\n|-sidestart|p2: I am the Hurricane|move: Aurora Veil\n|move|p1b: Ursaluna|Focus Blast|p2a: Sinistcha|[miss]\n|-miss|p1b: Ursaluna|p2a: Sinistcha\n|\n|-weather|Snow|[upkeep]\n|upkeep\n|turn|8\n|inactive|foodandnaps has 120 seconds left.\n|\n|t:|1698963167\n|move|p2b: Ninetales|Moonblast|p1a: Baxcalibur\n|-supereffective|p1a: Baxcalibur\n|-damage|p1a: Baxcalibur|65\/100\n|move|p1a: Baxcalibur|Icicle Spear|p2a: Sinistcha\n|-supereffective|p2a: Sinistcha\n|-damage|p2a: Sinistcha|87\/100\n|-supereffective|p2a: Sinistcha\n|-damage|p2a: Sinistcha|75\/100\n|-supereffective|p2a: Sinistcha\n|-damage|p2a: Sinistcha|62\/100\n|-supereffective|p2a: Sinistcha\n|-damage|p2a: Sinistcha|50\/100\n|-hitcount|p2a: Sinistcha|4\n|move|p2a: Sinistcha|Strength Sap|p1a: Baxcalibur\n|-unboost|p1a: Baxcalibur|atk|1\n|-heal|p2a: Sinistcha|100\/100\n|move|p1b: Ursaluna|Blood Moon|p2b: Ninetales\n|-damage|p2b: Ninetales|0 fnt\n|faint|p2b: Ninetales\n|\n|-weather|Snow|[upkeep]\n|-sideend|p1: foodandnaps|move: Aurora Veil\n|upkeep\n|\n|t:|1698963186\n|switch|p2b: Rillaboom|Rillaboom, F|100\/100\n|-fieldstart|move: Grassy Terrain|[from] ability: Grassy Surge|[of] p2b: Rillaboom\n|turn|9\n|inactive|I am the Hurricane has 120 seconds left.\n|\n|t:|1698963201\n|switch|p1a: Weavile|Weavile, M|51\/100\n|move|p2b: Rillaboom|Fake Out|p1b: Ursaluna\n|-damage|p1b: Ursaluna|38\/100\n|move|p2a: Sinistcha|Strength Sap|p1a: Weavile\n|-unboost|p1a: Weavile|atk|1\n|cant|p1b: Ursaluna|flinch\n|\n|-weather|Snow|[upkeep]\n|-heal|p1a: Weavile|57\/100|[from] Grassy Terrain\n|-heal|p1b: Ursaluna|44\/100|[from] Grassy Terrain\n|upkeep\n|turn|10\n|\n|t:|1698963217\n|move|p1a: Weavile|Brick Break|p2b: Rillaboom\n|-sideend|p2: I am the Hurricane|move: Aurora Veil\n|-damage|p2b: Rillaboom|83\/100\n|move|p2b: Rillaboom|U-turn|p1a: Weavile\n|-supereffective|p1a: Weavile\n|-damage|p1a: Weavile|0 fnt\n|faint|p1a: Weavile\n|\n|t:|1698963224\n|switch|p2b: Pelipper|Pelipper, M|43\/100|[from] U-turn\n|-weather|RainDance|[from] ability: Drizzle|[of] p2b: Pelipper\n|move|p2a: Sinistcha|Matcha Gotcha|p1b: Ursaluna\n|-crit|p1b: Ursaluna\n|-damage|p1b: Ursaluna|0 fnt\n|faint|p1b: Ursaluna\n|\n|-weather|RainDance|[upkeep]\n|upkeep\n|\n|t:|1698963239\n|switch|p1a: Ninetales|Ninetales-Alola, F|100\/100\n|switch|p1b: Baxcalibur|Baxcalibur, M|65\/100\n|-weather|Snow|[from] ability: Snow Warning|[of] p1a: Ninetales\n|turn|11\n|inactive|I am the Hurricane has 120 seconds left.\n|\n|t:|1698963274\n|switch|p2b: Rillaboom|Rillaboom, F|83\/100\n|move|p1a: Ninetales|Blizzard|p2a: Sinistcha|[spread] p2a,p2b\n|-supereffective|p2a: Sinistcha\n|-supereffective|p2b: Rillaboom\n|-damage|p2a: Sinistcha|48\/100\n|-damage|p2b: Rillaboom|43\/100\n|move|p1b: Baxcalibur|Icicle Spear|p2a: Sinistcha\n|-supereffective|p2a: Sinistcha\n|-damage|p2a: Sinistcha|32\/100\n|-supereffective|p2a: Sinistcha\n|-damage|p2a: Sinistcha|15\/100\n|-supereffective|p2a: Sinistcha\n|-damage|p2a: Sinistcha|0 fnt\n|faint|p2a: Sinistcha\n|-hitcount|p2: Sinistcha|3\n|\n|-weather|Snow|[upkeep]\n|-heal|p1b: Baxcalibur|71\/100|[from] Grassy Terrain\n|-heal|p2b: Rillaboom|49\/100|[from] Grassy Terrain\n|upkeep\n|\n|t:|1698963289\n|switch|p2a: Basculegion|Basculegion-F, F|100\/100\n|turn|12\n|\n|t:|1698963306\n|switch|p2b: Pelipper|Pelipper, M|43\/100\n|-weather|RainDance|[from] ability: Drizzle|[of] p2b: Pelipper\n|move|p2a: Basculegion|Shadow Ball|p1b: Baxcalibur\n|-damage|p1b: Baxcalibur|35\/100\n|-unboost|p1b: Baxcalibur|spd|1\n|move|p1a: Ninetales|Blizzard|p2b: Pelipper|[spread] p2a\n|-miss|p1a: Ninetales|p2b: Pelipper\n|-resisted|p2a: Basculegion\n|-damage|p2a: Basculegion|88\/100\n|move|p1b: Baxcalibur|Scale Shot|p2a: Basculegion\n|-damage|p2a: Basculegion|73\/100\n|-damage|p2a: Basculegion|57\/100\n|-damage|p2a: Basculegion|41\/100\n|-damage|p2a: Basculegion|25\/100\n|-damage|p2a: Basculegion|9\/100\n|-hitcount|p2a: Basculegion|5\n|-unboost|p1b: Baxcalibur|def|1\n|-boost|p1b: Baxcalibur|spe|1\n|\n|-weather|RainDance|[upkeep]\n|-heal|p2a: Basculegion|15\/100|[from] Grassy Terrain\n|-heal|p1b: Baxcalibur|42\/100|[from] Grassy Terrain\n|upkeep\n|turn|13\n|l| dusttrustblueberry\n|inactive|foodandnaps has 120 seconds left.\n|\n|t:|1698963363\n|switch|p1a: Tornadus|Tornadus, M|100\/100\n|move|p2b: Pelipper|Wide Guard|p2b: Pelipper\n|-singleturn|p2b: Pelipper|Wide Guard\n|move|p2a: Basculegion|Shadow Ball|p1b: Baxcalibur\n|-damage|p1b: Baxcalibur|0 fnt\n|faint|p1b: Baxcalibur\n|\n|-weather|RainDance|[upkeep]\n|-heal|p2a: Basculegion|21\/100|[from] Grassy Terrain\n|-fieldend|move: Grassy Terrain\n|upkeep\n|inactive|foodandnaps has 90 seconds left.\n|\n|t:|1698963374\n|switch|p1b: Ninetales|Ninetales-Alola, F|100\/100\n|-weather|Snow|[from] ability: Snow Warning|[of] p1b: Ninetales\n|turn|14\n|\n|t:|1698963382\n|switch|p2b: Rillaboom|Rillaboom, F|49\/100\n|-fieldstart|move: Grassy Terrain|[from] ability: Grassy Surge|[of] p2b: Rillaboom\n|move|p2a: Basculegion|Protect|p2a: Basculegion\n|-singleturn|p2a: Basculegion|Protect\n|move|p1a: Tornadus|Tailwind|p1a: Tornadus\n|-sidestart|p1: foodandnaps|move: Tailwind\n|move|p1b: Ninetales|Aurora Veil|p1b: Ninetales\n|-sidestart|p1: foodandnaps|move: Aurora Veil\n|\n|-weather|Snow|[upkeep]\n|-heal|p2a: Basculegion|27\/100|[from] Grassy Terrain\n|-heal|p2b: Rillaboom|55\/100|[from] Grassy Terrain\n|upkeep\n|turn|15\n|\n|t:|1698963396\n|move|p2b: Rillaboom|Fake Out|p1a: Tornadus\n|-damage|p1a: Tornadus|86\/100\n|cant|p1a: Tornadus|flinch\n|move|p1b: Ninetales|Blizzard|p2b: Rillaboom|[spread] p2a,p2b\n|-resisted|p2a: Basculegion\n|-crit|p2a: Basculegion\n|-supereffective|p2b: Rillaboom\n|-damage|p2a: Basculegion|7\/100\n|-damage|p2b: Rillaboom|19\/100\n|move|p2a: Basculegion|Ice Beam|p1a: Tornadus\n|-supereffective|p1a: Tornadus\n|-damage|p1a: Tornadus|26\/100\n|\n|-weather|Snow|[upkeep]\n|-heal|p2a: Basculegion|13\/100|[from] Grassy Terrain\n|-heal|p2b: Rillaboom|25\/100|[from] Grassy Terrain\n|upkeep\n|turn|16\n|\n|t:|1698963426\n|switch|p2b: Pelipper|Pelipper, M|43\/100\n|-weather|RainDance|[from] ability: Drizzle|[of] p2b: Pelipper\n|move|p2a: Basculegion|Protect|p2a: Basculegion\n|-singleturn|p2a: Basculegion|Protect\n|move|p1a: Tornadus|Bleakwind Storm|p2b: Pelipper|[spread] p2b\n|-activate|p2a: Basculegion|move: Protect\n|-damage|p2b: Pelipper|0 fnt\n|faint|p2b: Pelipper\n|move|p1b: Ninetales|Blizzard|p2a: Basculegion\n|-activate|p2a: Basculegion|move: Protect\n|\n|-weather|RainDance|[upkeep]\n|-heal|p2a: Basculegion|19\/100|[from] Grassy Terrain\n|upkeep\n|\n|t:|1698963439\n|switch|p2b: Rillaboom|Rillaboom, F|25\/100\n|turn|17\n|\n|t:|1698963450\n|move|p2b: Rillaboom|Fake Out|p1a: Tornadus\n|-damage|p1a: Tornadus|12\/100\n|cant|p1a: Tornadus|flinch\n|move|p1b: Ninetales|Blizzard|p2a: Basculegion|[spread] \n|-miss|p1b: Ninetales|p2a: Basculegion\n|-miss|p1b: Ninetales|p2b: Rillaboom\n|move|p2a: Basculegion|Shadow Ball|p1a: Tornadus\n|-damage|p1a: Tornadus|0 fnt\n|faint|p1a: Tornadus\n|\n|-weather|RainDance|[upkeep]\n|-heal|p2a: Basculegion|25\/100|[from] Grassy Terrain\n|-heal|p2b: Rillaboom|31\/100|[from] Grassy Terrain\n|-sideend|p1: foodandnaps|move: Tailwind\n|upkeep\n|turn|18\n|\n|t:|1698963476\n|-terastallize|p2b: Rillaboom|Grass\n|move|p2b: Rillaboom|Grassy Glide|p1b: Ninetales\n|-damage|p1b: Ninetales|60\/100\n|move|p2a: Basculegion|Shadow Ball|p1b: Ninetales\n|-damage|p1b: Ninetales|34\/100\n|move|p1b: Ninetales|Blizzard|p2a: Basculegion|[spread] p2a,p2b\n|-resisted|p2a: Basculegion\n|-supereffective|p2b: Rillaboom\n|-damage|p2a: Basculegion|11\/100\n|-damage|p2b: Rillaboom|0 fnt\n|faint|p2b: Rillaboom\n|\n|-weather|RainDance|[upkeep]\n|-heal|p2a: Basculegion|17\/100|[from] Grassy Terrain\n|-heal|p1b: Ninetales|40\/100|[from] Grassy Terrain\n|-fieldend|move: Grassy Terrain\n|upkeep\n|turn|19\n|\n|t:|1698963491\n|move|p2a: Basculegion|Surf|p1b: Ninetales\n|-damage|p1b: Ninetales|0 fnt\n|faint|p1b: Ninetales\n|\n|win|I am the Hurricane\n|raw|foodandnaps's rating: 1537 &rarr; <strong>1517<\/strong><br \/>(-20 for losing)\n|raw|I am the Hurricane's rating: 1540 &rarr; <strong>1560<\/strong><br \/>(+20 for winning)\n","uploadtime":1698963498,"views":12,"p1id":"foodandnaps","p2id":"iamthehurricane","formatid":"gen9doublesou","rating":1517,"private":0,"password":""}