{"id":"gen9doublesou-1976367767","p1":"mikeyuwu","p2":"kledm333","format":"[Gen 9] Doubles OU","log":"|j|\u2606mikeyuwu\n|j|\u2606kledm333\n|t:|1698292077\n|gametype|doubles\n|player|p1|mikeyuwu|psychic-gen4|1270\n|player|p2|kledm333|misty-gen1rb|1142\n|teamsize|p1|6\n|teamsize|p2|6\n|gen|9\n|tier|[Gen 9] Doubles OU\n|rated|\n|rule|Species Clause: Limit one of each Pok\u00e9mon\n|rule|OHKO Clause: OHKO moves are banned\n|rule|Evasion Moves Clause: Evasion moves are banned\n|rule|Gravity Sleep Clause: The combination of sleep-inducing moves with imperfect accuracy and Gravity or Gigantamax Orbeetle are banned\n|rule|Endless Battle Clause: Forcing endless battles is banned\n|rule|HP Percentage Mod: HP is shown in percentages\n|clearpoke\n|poke|p1|Garchomp, M|\n|poke|p1|Tyranitar, F|\n|poke|p1|Vaporeon, F|\n|poke|p1|Toxicroak, M|\n|poke|p1|Pelipper, F|\n|poke|p1|Abomasnow, M|\n|poke|p2|Mimikyu, F|\n|poke|p2|Garganacl, M|\n|poke|p2|Iron Hands|\n|poke|p2|Roaring Moon|\n|poke|p2|Amoonguss, M|\n|poke|p2|Iron Bundle|\n|teampreview\n|inactive|Battle timer is ON: inactive players will automatically lose when time's up. (requested by mikeyuwu)\n|\n|t:|1698292110\n|start\n|switch|p1a: OTLHPM|Toxicroak, M|100\/100\n|switch|p1b: Cold Shoulder|Abomasnow, M, shiny|100\/100\n|switch|p2a: Garganacl|Garganacl, M|100\/100\n|switch|p2b: Iron Bundle|Iron Bundle|100\/100\n|-weather|Snow|[from] ability: Snow Warning|[of] p1b: Cold Shoulder\n|turn|1\n|\n|t:|1698292117\n|-end|p2b: Iron Bundle|Quark Drive|[silent]\n|switch|p2b: Iron Hands|Iron Hands|100\/100\n|-terastallize|p2a: Garganacl|Ghost\n|move|p1a: OTLHPM|Drain Punch|p2b: Iron Hands\n|-damage|p2b: Iron Hands|77\/100\n|move|p1b: Cold Shoulder|Leech Seed|p2a: Garganacl\n|-start|p2a: Garganacl|move: Leech Seed\n|move|p2a: Garganacl|Salt Cure|p1a: OTLHPM\n|-resisted|p1a: OTLHPM\n|-damage|p1a: OTLHPM|91\/100\n|-start|p1a: OTLHPM|Salt Cure\n|\n|-weather|Snow|[upkeep]\n|-heal|p1a: OTLHPM|97\/100|[from] item: Black Sludge\n|-damage|p2a: Garganacl|88\/100|[from] Leech Seed|[of] p1b: Cold Shoulder\n|-damage|p1a: OTLHPM|84\/100|[from] Salt Cure\n|upkeep\n|turn|2\n|\n|t:|1698292139\n|switch|p1a: Extra Spicy|Garchomp, M|100\/100\n|move|p2b: Iron Hands|Fake Out|p1a: Extra Spicy\n|-damage|p1a: Extra Spicy|91\/100\n|-damage|p2b: Iron Hands|64\/100|[from] ability: Rough Skin|[of] p1a: Extra Spicy\n|-damage|p2b: Iron Hands|48\/100|[from] item: Rocky Helmet|[of] p1a: Extra Spicy\n|move|p1b: Cold Shoulder|Leech Seed|p2b: Iron Hands\n|-start|p2b: Iron Hands|move: Leech Seed\n|move|p2a: Garganacl|Salt Cure|p1b: Cold Shoulder\n|-supereffective|p1b: Cold Shoulder\n|-crit|p1b: Cold Shoulder\n|-damage|p1b: Cold Shoulder|78\/100\n|-start|p1b: Cold Shoulder|Salt Cure\n|\n|-weather|Snow|[upkeep]\n|-heal|p2a: Garganacl|94\/100|[from] item: Leftovers\n|-damage|p2b: Iron Hands|35\/100|[from] Leech Seed|[of] p1b: Cold Shoulder\n|-heal|p1b: Cold Shoulder|95\/100|[silent]\n|-damage|p2a: Garganacl|82\/100|[from] Leech Seed|[of] p1b: Cold Shoulder\n|-heal|p1b: Cold Shoulder|100\/100|[silent]\n|-damage|p1b: Cold Shoulder|88\/100|[from] Salt Cure\n|upkeep\n|turn|3\n|\n|t:|1698292152\n|-end|p2b: Iron Hands|Quark Drive|[silent]\n|switch|p2b: Amoonguss|Amoonguss, M|100\/100\n|move|p1a: Extra Spicy|Earthquake|p2a: Garganacl|[spread] p1b,p2a,p2b\n|-resisted|p1b: Cold Shoulder\n|-damage|p1b: Cold Shoulder|79\/100\n|-damage|p2a: Garganacl|62\/100\n|-damage|p2b: Amoonguss|74\/100\n|move|p1b: Cold Shoulder|Blizzard|p2b: Amoonguss|[spread] p2a,p2b\n|-supereffective|p2b: Amoonguss\n|-damage|p2a: Garganacl|42\/100\n|-damage|p2b: Amoonguss|25\/100\n|move|p2a: Garganacl|Salt Cure|p1a: Extra Spicy\n|-resisted|p1a: Extra Spicy\n|-damage|p1a: Extra Spicy|86\/100\n|-start|p1a: Extra Spicy|Salt Cure\n|\n|-weather|Snow|[upkeep]\n|-heal|p2a: Garganacl|48\/100|[from] item: Leftovers\n|-damage|p2a: Garganacl|36\/100|[from] Leech Seed|[of] p1b: Cold Shoulder\n|-heal|p1b: Cold Shoulder|93\/100|[silent]\n|-damage|p1a: Extra Spicy|74\/100|[from] Salt Cure\n|-damage|p1b: Cold Shoulder|81\/100|[from] Salt Cure\n|upkeep\n|turn|4\n|\n|t:|1698292174\n|switch|p1a: Harmacy|Vaporeon, F|100\/100\n|move|p2a: Garganacl|Wide Guard|p2a: Garganacl\n|-singleturn|p2a: Garganacl|Wide Guard\n|move|p1b: Cold Shoulder|Blizzard|p2a: Garganacl|[spread] \n|-activate|p2a: Garganacl|move: Wide Guard\n|-activate|p2b: Amoonguss|move: Wide Guard\n|move|p2b: Amoonguss|Spore|p1a: Harmacy\n|-status|p1a: Harmacy|slp|[from] move: Spore\n|\n|-weather|Snow|[upkeep]\n|-heal|p2a: Garganacl|42\/100|[from] item: Leftovers\n|-damage|p2a: Garganacl|30\/100|[from] Leech Seed|[of] p1b: Cold Shoulder\n|-heal|p1b: Cold Shoulder|95\/100|[silent]\n|-damage|p1b: Cold Shoulder|83\/100|[from] Salt Cure\n|upkeep\n|turn|5\n|inactive|kledm333 has 120 seconds left.\n|\n|t:|1698292205\n|switch|p1a: OTLHPM|Toxicroak, M|84\/100\n|move|p2a: Garganacl|Wide Guard|p2a: Garganacl\n|-singleturn|p2a: Garganacl|Wide Guard\n|move|p1b: Cold Shoulder|Weather Ball|p2b: Amoonguss\n|-supereffective|p2b: Amoonguss\n|-damage|p2b: Amoonguss|0 fnt\n|faint|p2b: Amoonguss\n|\n|-weather|none\n|-heal|p1a: OTLHPM|91\/100|[from] item: Black Sludge\n|-heal|p2a: Garganacl|36\/100|[from] item: Leftovers\n|-damage|p2a: Garganacl|24\/100|[from] Leech Seed|[of] p1b: Cold Shoulder\n|-heal|p1b: Cold Shoulder|97\/100|[silent]\n|-damage|p1b: Cold Shoulder|85\/100|[from] Salt Cure\n|upkeep\n|inactive|kledm333 has 120 seconds left.\n|\n|t:|1698292216\n|switch|p2b: Roaring Moon|Roaring Moon|100\/100\n|-enditem|p2b: Roaring Moon|Booster Energy\n|-activate|p2b: Roaring Moon|ability: Protosynthesis|[fromitem]\n|-start|p2b: Roaring Moon|protosynthesisatk\n|turn|6\n|\n|t:|1698292220\n|switch|p1b: Weather War|Pelipper, F|100\/100\n|-weather|RainDance|[from] ability: Drizzle|[of] p1b: Weather War\n|move|p2b: Roaring Moon|Acrobatics|p1a: OTLHPM\n|-supereffective|p1a: OTLHPM\n|-damage|p1a: OTLHPM|0 fnt\n|faint|p1a: OTLHPM\n|move|p2a: Garganacl|Recover|p2a: Garganacl\n|-heal|p2a: Garganacl|74\/100\n|\n|-weather|RainDance|[upkeep]\n|-heal|p2a: Garganacl|80\/100|[from] item: Leftovers\n|-damage|p2a: Garganacl|67\/100|[from] Leech Seed|[of] p1b: Weather War\n|upkeep\n|\n|t:|1698292231\n|switch|p1a: Extra Spicy|Garchomp, M|74\/100\n|turn|7\n|\n|t:|1698292243\n|switch|p2a: Iron Hands|Iron Hands|35\/100\n|move|p2b: Roaring Moon|Protect|p2b: Roaring Moon\n|-singleturn|p2b: Roaring Moon|Protect\n|move|p1a: Extra Spicy|Earthquake|p2b: Roaring Moon|[spread] p2a\n|-activate|p2b: Roaring Moon|move: Protect\n|-immune|p1b: Weather War\n|-supereffective|p2a: Iron Hands\n|-damage|p2a: Iron Hands|0 fnt\n|faint|p2a: Iron Hands\n|-end|p2a: Iron Hands|Quark Drive|[silent]\n|move|p1b: Weather War|Hurricane|p2b: Roaring Moon\n|-activate|p2b: Roaring Moon|move: Protect\n|\n|-weather|RainDance|[upkeep]\n|upkeep\n|inactive|kledm333 has 120 seconds left.\n|\n|t:|1698292279\n|switch|p2a: Iron Bundle|Iron Bundle|100\/100\n|turn|8\n|\n|t:|1698292292\n|switch|p1b: ThcrThnSnkr|Tyranitar, F|100\/100\n|-weather|Sandstorm|[from] ability: Sand Stream|[of] p1b: ThcrThnSnkr\n|-terastallize|p1a: Extra Spicy|Steel\n|move|p2a: Iron Bundle|Freeze-Dry|p1b: ThcrThnSnkr\n|-damage|p1b: ThcrThnSnkr|90\/100\n|move|p2b: Roaring Moon|Dragon Dance|p2b: Roaring Moon\n|-boost|p2b: Roaring Moon|atk|1\n|-boost|p2b: Roaring Moon|spe|1\n|move|p1a: Extra Spicy|Brick Break|p2b: Roaring Moon\n|-supereffective|p2b: Roaring Moon\n|-damage|p2b: Roaring Moon|55\/100\n|\n|-weather|Sandstorm|[upkeep]\n|-damage|p2b: Roaring Moon|49\/100|[from] Sandstorm\n|-damage|p2a: Iron Bundle|95\/100|[from] Sandstorm\n|upkeep\n|turn|9\n|\n|t:|1698292314\n|switch|p1b: Cold Shoulder|Abomasnow, M, shiny|85\/100\n|-weather|Snow|[from] ability: Snow Warning|[of] p1b: Cold Shoulder\n|move|p2b: Roaring Moon|Acrobatics|p1a: Extra Spicy\n|-resisted|p1a: Extra Spicy\n|-damage|p1a: Extra Spicy|51\/100\n|-damage|p2b: Roaring Moon|36\/100|[from] ability: Rough Skin|[of] p1a: Extra Spicy\n|-damage|p2b: Roaring Moon|20\/100|[from] item: Rocky Helmet|[of] p1a: Extra Spicy\n|move|p2a: Iron Bundle|Hydro Pump|p1b: Cold Shoulder\n|-resisted|p1b: Cold Shoulder\n|-damage|p1b: Cold Shoulder|57\/100\n|move|p1a: Extra Spicy|Brick Break|p2b: Roaring Moon\n|-supereffective|p2b: Roaring Moon\n|-damage|p2b: Roaring Moon|0 fnt\n|faint|p2b: Roaring Moon\n|-end|p2b: Roaring Moon|Protosynthesis|[silent]\n|\n|-weather|Snow|[upkeep]\n|upkeep\n|\n|t:|1698292317\n|switch|p2b: Mimikyu|Mimikyu, F|100\/100\n|turn|10\n|\n|t:|1698292329\n|move|p2b: Mimikyu|Shadow Sneak|p2a: Iron Bundle\n|-damage|p2a: Iron Bundle|78\/100\n|-damage|p2b: Mimikyu|91\/100|[from] item: Life Orb\n|move|p2a: Iron Bundle|Freeze-Dry|p2b: Mimikyu\n|-activate|p2b: Mimikyu|ability: Disguise\n|-damage|p2b: Mimikyu|91\/100\n|detailschange|p2b: Mimikyu|Mimikyu-Busted, F\n|-damage|p2b: Mimikyu|78\/100|[from] pokemon: Mimikyu-Busted\n|move|p1a: Extra Spicy|Poison Jab|p2b: Mimikyu\n|-damage|p2b: Mimikyu|44\/100\n|move|p1b: Cold Shoulder|Giga Drain|p2a: Iron Bundle\n|-supereffective|p2a: Iron Bundle\n|-damage|p2a: Iron Bundle|0 fnt\n|-heal|p1b: Cold Shoulder|85\/100|[from] drain|[of] p2a: Iron Bundle\n|faint|p2a: Iron Bundle\n|-end|p2a: Iron Bundle|Quark Drive|[silent]\n|\n|-weather|Snow|[upkeep]\n|upkeep\n|c|\u2606mikeyuwu|You okay?\n|inactive|kledm333 has 120 seconds left.\n|\n|t:|1698292363\n|switch|p2a: Garganacl|Garganacl, M, tera:Ghost|67\/100\n|turn|11\n|\n|t:|1698292370\n|move|p2b: Mimikyu|Shadow Sneak|p2a: Garganacl\n|-supereffective|p2a: Garganacl\n|-damage|p2a: Garganacl|53\/100\n|-damage|p2b: Mimikyu|34\/100|[from] item: Life Orb\n|move|p1a: Extra Spicy|Poison Jab|p2b: Mimikyu\n|-damage|p2b: Mimikyu|0 fnt\n|faint|p2b: Mimikyu\n|move|p1b: Cold Shoulder|Leech Seed|p2a: Garganacl\n|-start|p2a: Garganacl|move: Leech Seed\n|move|p2a: Garganacl|Salt Cure|p2: Mimikyu|[notarget]\n|-fail|p2a: Garganacl\n|\n|-weather|Snow|[upkeep]\n|-heal|p2a: Garganacl|59\/100|[from] item: Leftovers\n|-damage|p2a: Garganacl|47\/100|[from] Leech Seed|[of] p1b: Cold Shoulder\n|-heal|p1b: Cold Shoulder|99\/100|[silent]\n|upkeep\n|turn|12\n|\n|t:|1698292381\n|switch|p1a: ThcrThnSnkr|Tyranitar, F|90\/100\n|-weather|Sandstorm|[from] ability: Sand Stream|[of] p1a: ThcrThnSnkr\n|move|p1b: Cold Shoulder|Giga Drain|p2a: Garganacl\n|-damage|p2a: Garganacl|25\/100\n|-heal|p1b: Cold Shoulder|100\/100|[from] drain|[of] p2a: Garganacl\n|move|p2a: Garganacl|Salt Cure|p1b: Cold Shoulder\n|-supereffective|p1b: Cold Shoulder\n|-crit|p1b: Cold Shoulder\n|-damage|p1b: Cold Shoulder|64\/100\n|-start|p1b: Cold Shoulder|Salt Cure\n|\n|-weather|Sandstorm|[upkeep]\n|-damage|p1b: Cold Shoulder|58\/100|[from] Sandstorm\n|-damage|p2a: Garganacl|19\/100|[from] Sandstorm\n|-heal|p2a: Garganacl|25\/100|[from] item: Leftovers\n|-damage|p2a: Garganacl|13\/100|[from] Leech Seed|[of] p1b: Cold Shoulder\n|-heal|p1b: Cold Shoulder|72\/100|[silent]\n|-damage|p1b: Cold Shoulder|60\/100|[from] Salt Cure\n|upkeep\n|turn|13\n|\n|t:|1698292388\n|switch|p1b: Harmacy|Vaporeon, F|100\/100 slp\n|move|p1a: ThcrThnSnkr|Knock Off|p2a: Garganacl\n|-supereffective|p2a: Garganacl\n|-damage|p2a: Garganacl|0 fnt\n|-enditem|p2a: Garganacl|Leftovers|[from] move: Knock Off|[of] p1a: ThcrThnSnkr\n|faint|p2a: Garganacl\n|\n|win|mikeyuwu\n|raw|mikeyuwu's rating: 1270 &rarr; <strong>1287<\/strong><br \/>(+17 for winning)\n|raw|kledm333's rating: 1160 &rarr; <strong>1143<\/strong><br \/>(-17 for losing)\n","uploadtime":1698292404,"views":18,"p1id":"mikeyuwu","p2id":"kledm333","formatid":"gen9doublesou","rating":1143,"private":0,"password":""}