{"id":"gen9doublesou-1983943815","p1":"Sleepoligy","p2":"LyonsRoar2","format":"[Gen 9] Doubles OU","log":"|j|\u2606Sleepoligy\n|j|\u2606LyonsRoar2\n|t:|1699202614\n|gametype|doubles\n|player|p1|Sleepoligy|brycen|1280\n|player|p2|LyonsRoar2|pokemonbreeder-gen4|1207\n|teamsize|p1|6\n|teamsize|p2|6\n|gen|9\n|tier|[Gen 9] Doubles OU\n|rated|\n|rule|Species Clause: Limit one of each Pok\u00e9mon\n|rule|OHKO Clause: OHKO moves are banned\n|rule|Evasion Moves Clause: Evasion moves are banned\n|rule|Gravity Sleep Clause: The combination of sleep-inducing moves with imperfect accuracy and Gravity or Gigantamax Orbeetle are banned\n|rule|Endless Battle Clause: Forcing endless battles is banned\n|rule|HP Percentage Mod: HP is shown in percentages\n|clearpoke\n|poke|p1|Hippowdon, F|\n|poke|p1|Toedscruel, F|\n|poke|p1|Landorus-Therian, M|\n|poke|p1|Ursaluna-Bloodmoon, M|\n|poke|p1|Sandy Shocks|\n|poke|p1|Gliscor, M|\n|poke|p2|Quaquaval, F|\n|poke|p2|Flamigo, F|\n|poke|p2|Oricorio-Sensu, F|\n|poke|p2|Lilligant, F|\n|poke|p2|Volcarona, M|\n|poke|p2|Kommo-o, F|\n|teampreview\n|inactive|Battle timer is ON: inactive players will automatically lose when time's up. (requested by Sleepoligy)\n|inactive|Sleepoligy has 120 seconds left.\n|\n|t:|1699202684\n|start\n|switch|p1a: Hippowdon|Hippowdon, F|100\/100\n|switch|p1b: Gliscor|Gliscor, M|100\/100\n|switch|p2a: Oricorio|Oricorio-Sensu, F|100\/100\n|switch|p2b: Lilligant|Lilligant, F|100\/100\n|-weather|Sandstorm|[from] ability: Sand Stream|[of] p1a: Hippowdon\n|turn|1\n|inactive|Sleepoligy has 120 seconds left.\n|\n|t:|1699202728\n|-terastallize|p1b: Gliscor|Ghost\n|move|p2a: Oricorio|Taunt|p1a: Hippowdon\n|-start|p1a: Hippowdon|move: Taunt\n|move|p2b: Lilligant|Sleep Powder|p1b: Gliscor|[miss]\n|-miss|p2b: Lilligant|p1b: Gliscor\n|-enditem|p2b: Lilligant|Blunder Policy\n|-boost|p2b: Lilligant|spe|2\n|move|p1b: Gliscor|Stealth Rock|p2a: Oricorio\n|-sidestart|p2: LyonsRoar2|move: Stealth Rock\n|cant|p1a: Hippowdon|move: Taunt|Curse\n|\n|-weather|Sandstorm|[upkeep]\n|-damage|p2b: Lilligant|94\/100|[from] Sandstorm\n|-damage|p2a: Oricorio|94\/100|[from] Sandstorm\n|upkeep\n|turn|2\n|inactive|Sleepoligy has 120 seconds left.\n|inactive|LyonsRoar2 has 120 seconds left.\n|\n|t:|1699202762\n|switch|p1b: Toedscruel|Toedscruel, F, shiny|100\/100\n|move|p2b: Lilligant|Quiver Dance|p2b: Lilligant\n|-boost|p2b: Lilligant|spa|1\n|-boost|p2b: Lilligant|spd|1\n|-boost|p2b: Lilligant|spe|1\n|-activate|p2a: Oricorio|ability: Dancer\n|move|p2a: Oricorio|Quiver Dance|p2a: Oricorio|[from]ability: Dancer\n|-boost|p2a: Oricorio|spa|1\n|-boost|p2a: Oricorio|spd|1\n|-boost|p2a: Oricorio|spe|1\n|move|p2a: Oricorio|Revelation Dance|p1b: Toedscruel\n|-damage|p1b: Toedscruel|67\/100\n|move|p1a: Hippowdon|Rock Slide|p2a: Oricorio|[spread] p2a,p2b\n|-supereffective|p2a: Oricorio\n|-damage|p2a: Oricorio|59\/100\n|-damage|p2b: Lilligant|74\/100\n|\n|-weather|Sandstorm|[upkeep]\n|-damage|p2b: Lilligant|68\/100|[from] Sandstorm\n|-damage|p2a: Oricorio|53\/100|[from] Sandstorm\n|upkeep\n|turn|3\n|\n|t:|1699202782\n|move|p2b: Lilligant|Quiver Dance|p2b: Lilligant\n|-boost|p2b: Lilligant|spa|1\n|-boost|p2b: Lilligant|spd|1\n|-boost|p2b: Lilligant|spe|1\n|-activate|p2a: Oricorio|ability: Dancer\n|move|p2a: Oricorio|Quiver Dance|p2a: Oricorio|[from]ability: Dancer\n|-boost|p2a: Oricorio|spa|1\n|-boost|p2a: Oricorio|spd|1\n|-boost|p2a: Oricorio|spe|1\n|move|p2a: Oricorio|Quiver Dance|p2a: Oricorio\n|-boost|p2a: Oricorio|spa|1\n|-boost|p2a: Oricorio|spd|1\n|-boost|p2a: Oricorio|spe|1\n|move|p1a: Hippowdon|Rock Slide|p2b: Lilligant|[spread] p2a,p2b\n|-supereffective|p2a: Oricorio\n|-damage|p2a: Oricorio|13\/100\n|-damage|p2b: Lilligant|48\/100\n|move|p1b: Toedscruel|Trick Room|p1b: Toedscruel\n|-fieldstart|move: Trick Room|[of] p1b: Toedscruel\n|\n|-weather|Sandstorm|[upkeep]\n|-damage|p2a: Oricorio|7\/100|[from] Sandstorm\n|-damage|p2b: Lilligant|42\/100|[from] Sandstorm\n|-end|p1a: Hippowdon|move: Taunt\n|upkeep\n|turn|4\n|inactive|Sleepoligy has 120 seconds left.\n|inactive|LyonsRoar2 has 120 seconds left.\n|\n|t:|1699202838\n|move|p1a: Hippowdon|Rock Slide|p2a: Oricorio|[spread] p2a,p2b\n|-supereffective|p2a: Oricorio\n|-damage|p2a: Oricorio|0 fnt\n|-damage|p2b: Lilligant|20\/100\n|faint|p2a: Oricorio\n|move|p2b: Lilligant|Giga Drain|p1a: Hippowdon\n|-supereffective|p1a: Hippowdon\n|-damage|p1a: Hippowdon|0 fnt\n|-heal|p2b: Lilligant|94\/100|[from] drain|[of] p1a: Hippowdon\n|faint|p1a: Hippowdon\n|move|p1b: Toedscruel|Toxic Spikes|p2b: Lilligant\n|-sidestart|p2: LyonsRoar2|move: Toxic Spikes\n|\n|-weather|Sandstorm|[upkeep]\n|-damage|p2b: Lilligant|88\/100|[from] Sandstorm\n|upkeep\n|\n|t:|1699202860\n|switch|p1a: Landorus|Landorus-Therian, M|100\/100\n|switch|p2a: Volcarona|Volcarona, M|100\/100\n|-ability|p1a: Landorus|Intimidate|boost\n|-unboost|p2a: Volcarona|atk|1\n|-fail|p2b: Lilligant|unboost|Attack|[from] ability: Own Tempo|[of] p2b: Lilligant\n|turn|5\n|inactive|Sleepoligy has 120 seconds left.\n|\n|t:|1699202893\n|move|p2a: Volcarona|Quiver Dance|p2a: Volcarona\n|-boost|p2a: Volcarona|spa|1\n|-boost|p2a: Volcarona|spd|1\n|-boost|p2a: Volcarona|spe|1\n|move|p1a: Landorus|U-turn|p2b: Lilligant\n|-supereffective|p2b: Lilligant\n|-damage|p2b: Lilligant|6\/100\n|inactive|Sleepoligy has 90 seconds left.\n|\n|t:|1699202913\n|switch|p1a: Gliscor|Gliscor, M, tera:Ghost|100\/100|[from] U-turn\n|move|p2b: Lilligant|Sleep Powder|p1a: Gliscor\n|-status|p1a: Gliscor|slp|[from] move: Sleep Powder\n|move|p1b: Toedscruel|Spore|p2a: Volcarona\n|-status|p2a: Volcarona|slp|[from] move: Spore\n|\n|-weather|Sandstorm|[upkeep]\n|-damage|p2a: Volcarona|94\/100 slp|[from] Sandstorm\n|-damage|p2b: Lilligant|0 fnt|[from] Sandstorm\n|faint|p2b: Lilligant\n|upkeep\n|\n|t:|1699202926\n|switch|p2b: Kommo-o|Kommo-o, F|100\/100\n|-damage|p2b: Kommo-o|94\/100|[from] Stealth Rock\n|-status|p2b: Kommo-o|psn\n|turn|6\n|inactive|Sleepoligy has 90 seconds left.\n|\n|t:|1699202956\n|cant|p1a: Gliscor|slp\n|move|p2b: Kommo-o|Clangorous Soul|p2b: Kommo-o\n|-boost|p2b: Kommo-o|atk|1\n|-boost|p2b: Kommo-o|def|1\n|-boost|p2b: Kommo-o|spa|1\n|-boost|p2b: Kommo-o|spd|1\n|-boost|p2b: Kommo-o|spe|1\n|-damage|p2b: Kommo-o|61\/100 psn\n|-enditem|p2b: Kommo-o|Throat Spray\n|-boost|p2b: Kommo-o|spa|1|[from] item: Throat Spray\n|cant|p2a: Volcarona|slp\n|move|p1b: Toedscruel|Spore||[still]\n|-fail|p1b: Toedscruel\n|\n|-weather|Sandstorm|[upkeep]\n|-damage|p2b: Kommo-o|55\/100 psn|[from] Sandstorm\n|-damage|p2a: Volcarona|88\/100 slp|[from] Sandstorm\n|-damage|p2b: Kommo-o|43\/100 psn|[from] psn\n|upkeep\n|turn|7\n|inactive|Sleepoligy has 90 seconds left.\n|inactive|LyonsRoar2 has 120 seconds left.\n|\n|t:|1699202989\n|move|p1b: Toedscruel|Hex|p2b: Kommo-o\n|-damage|p2b: Kommo-o|26\/100 psn\n|cant|p1a: Gliscor|slp\n|move|p2b: Kommo-o|Flamethrower|p1b: Toedscruel\n|-supereffective|p1b: Toedscruel\n|-damage|p1b: Toedscruel|0 fnt\n|faint|p1b: Toedscruel\n|cant|p2a: Volcarona|slp\n|\n|-weather|Sandstorm|[upkeep]\n|-damage|p2b: Kommo-o|19\/100 psn|[from] Sandstorm\n|-damage|p2a: Volcarona|82\/100 slp|[from] Sandstorm\n|-damage|p2b: Kommo-o|7\/100 psn|[from] psn\n|-fieldend|move: Trick Room\n|upkeep\n|inactive|Sleepoligy has 90 seconds left.\n|inactive|Sleepoligy has 60 seconds left.\n|\n|t:|1699203045\n|switch|p1b: Sandy Shocks|Sandy Shocks, shiny|100\/100\n|-enditem|p1b: Sandy Shocks|Booster Energy\n|-activate|p1b: Sandy Shocks|ability: Protosynthesis|[fromitem]\n|-start|p1b: Sandy Shocks|protosynthesisspe\n|turn|8\n|inactive|Sleepoligy has 60 seconds left.\n|inactive|LyonsRoar2 has 120 seconds left.\n|\n|t:|1699203083\n|move|p1b: Sandy Shocks|Protect|p1b: Sandy Shocks\n|-singleturn|p1b: Sandy Shocks|Protect\n|-curestatus|p2a: Volcarona|slp|[msg]\n|move|p2a: Volcarona|Giga Drain|p1b: Sandy Shocks\n|-activate|p1b: Sandy Shocks|move: Protect\n|move|p2b: Kommo-o|Clanging Scales|p1a: Gliscor|[spread] \n|-activate|p1b: Sandy Shocks|move: Protect\n|-miss|p2b: Kommo-o|p1a: Gliscor\n|cant|p1a: Gliscor|slp\n|\n|-weather|none\n|-damage|p2b: Kommo-o|0 fnt|[from] psn\n|faint|p2b: Kommo-o\n|upkeep\n|\n|t:|1699203088\n|switch|p2b: Flamigo|Flamigo, F|100\/100\n|-damage|p2b: Flamigo|88\/100|[from] Stealth Rock\n|-copyboost|p2b: Flamigo|p2a: Volcarona|[from] ability: Costar\n|turn|9\n|inactive|LyonsRoar2 has 120 seconds left.\n|inactive|Sleepoligy has 60 seconds left.\n|\n|t:|1699203119\n|-curestatus|p1a: Gliscor|slp|[msg]\n|move|p1a: Gliscor|Protect|p1a: Gliscor\n|-singleturn|p1a: Gliscor|Protect\n|move|p1b: Sandy Shocks|Discharge|p2b: Flamigo|[spread] p2a,p2b\n|-activate|p1a: Gliscor|move: Protect\n|-supereffective|p2b: Flamigo\n|-damage|p2a: Volcarona|64\/100\n|-damage|p2b: Flamigo|25\/100\n|move|p2a: Volcarona|Heat Wave|p1b: Sandy Shocks|[spread] p1b\n|-activate|p1a: Gliscor|move: Protect\n|-damage|p1b: Sandy Shocks|30\/100\n|move|p2b: Flamigo|Close Combat|p1b: Sandy Shocks\n|-crit|p1b: Sandy Shocks\n|-damage|p1b: Sandy Shocks|0 fnt\n|-unboost|p2b: Flamigo|def|1\n|-unboost|p2b: Flamigo|spd|1\n|faint|p1b: Sandy Shocks\n|-end|p1b: Sandy Shocks|Protosynthesis|[silent]\n|-damage|p2b: Flamigo|15\/100|[from] item: Life Orb\n|\n|upkeep\n|inactive|Sleepoligy has 60 seconds left.\n|\n|t:|1699203136\n|switch|p1b: Landorus|Landorus-Therian, M|100\/100\n|-ability|p1b: Landorus|Intimidate|boost\n|-unboost|p2a: Volcarona|atk|1\n|-unboost|p2b: Flamigo|atk|1\n|turn|10\n|\n|t:|1699203151\n|move|p2a: Volcarona|Quiver Dance|p2a: Volcarona\n|-boost|p2a: Volcarona|spa|1\n|-boost|p2a: Volcarona|spd|1\n|-boost|p2a: Volcarona|spe|1\n|move|p1b: Landorus|Rock Slide|p2b: Flamigo|[spread] p2a,p2b\n|-supereffective|p2a: Volcarona\n|-damage|p2a: Volcarona|0 fnt\n|-damage|p2b: Flamigo|0 fnt\n|faint|p2a: Volcarona\n|faint|p2b: Flamigo\n|move|p1a: Gliscor|Tailwind|p1a: Gliscor\n|-sidestart|p1: Sleepoligy|move: Tailwind\n|\n|upkeep\n|c|\u2606Sleepoligy|gigagreed\n|inactive|LyonsRoar2 has 120 seconds left.\n|inactive|LyonsRoar2 has 90 seconds left.\n|\n|t:|1699203222\n|switch|p2a: Quaquaval|Quaquaval, F|100\/100\n|-damage|p2a: Quaquaval|94\/100|[from] Stealth Rock\n|-status|p2a: Quaquaval|psn\n|turn|11\n|inactive|LyonsRoar2 has 90 seconds left.\n|inactive|Sleepoligy has 90 seconds left.\n|\n|t:|1699203240\n|switch|p1b: Ursaluna|Ursaluna-Bloodmoon, M|100\/100\n|-terastallize|p2a: Quaquaval|Steel\n|move|p1a: Gliscor|Rock Slide|p2a: Quaquaval\n|-resisted|p2a: Quaquaval\n|-damage|p2a: Quaquaval|80\/100 psn\n|move|p2a: Quaquaval|Knock Off|p1a: Gliscor\n|-supereffective|p1a: Gliscor\n|-damage|p1a: Gliscor|36\/100\n|-enditem|p1a: Gliscor|Bright Powder|[from] move: Knock Off|[of] p2a: Quaquaval\n|\n|-damage|p2a: Quaquaval|68\/100 psn|[from] psn\n|upkeep\n|turn|12\n|c|\u2606LyonsRoar2|lol nice still\n|inactive|LyonsRoar2 has 90 seconds left.\n|\n|t:|1699203264\n|move|p1a: Gliscor|Rock Slide|p2a: Quaquaval\n|-resisted|p2a: Quaquaval\n|-damage|p2a: Quaquaval|55\/100 psn\n|move|p2a: Quaquaval|Aqua Step|p1b: Ursaluna\n|-supereffective|p1b: Ursaluna\n|-damage|p1b: Ursaluna|25\/100\n|-boost|p2a: Quaquaval|spe|1\n|move|p1b: Ursaluna|Earth Power|p2a: Quaquaval\n|-supereffective|p2a: Quaquaval\n|-damage|p2a: Quaquaval|0 fnt\n|faint|p2a: Quaquaval\n|\n|win|Sleepoligy\n|raw|Sleepoligy's rating: 1280 &rarr; <strong>1300<\/strong><br \/>(+20 for winning)\n|raw|LyonsRoar2's rating: 1207 &rarr; <strong>1187<\/strong><br \/>(-20 for losing)\n|c|\u2606Sleepoligy|gg\n|c|\u2606LyonsRoar2|gg\n|l|\u2606LyonsRoar2\n","uploadtime":1699203697,"views":7,"p1id":"sleepoligy","p2id":"lyonsroar2","formatid":"gen9doublesou","rating":1187,"private":0,"password":""}