{"id":"gen9doublesou-1972664525","p1":"ynnig","p2":"Thehombre","format":"[Gen 9] Doubles OU","log":"|j|\u2606ynnig\n|j|\u2606Thehombre\n|t:|1697873405\n|gametype|doubles\n|player|p1|ynnig|cynthia-gen4|1078\n|player|p2|Thehombre|169|1091\n|teamsize|p1|6\n|teamsize|p2|6\n|gen|9\n|tier|[Gen 9] Doubles OU\n|rated|\n|rule|Species Clause: Limit one of each Pok\u00e9mon\n|rule|OHKO Clause: OHKO moves are banned\n|rule|Evasion Moves Clause: Evasion moves are banned\n|rule|Gravity Sleep Clause: The combination of sleep-inducing moves with imperfect accuracy and Gravity or Gigantamax Orbeetle are banned\n|rule|Endless Battle Clause: Forcing endless battles is banned\n|rule|HP Percentage Mod: HP is shown in percentages\n|clearpoke\n|poke|p1|Meloetta|\n|poke|p1|Farigiraf, F|\n|poke|p1|Oranguru, F|\n|poke|p1|Wyrdeer, F|\n|poke|p1|Indeedee-F, F|\n|poke|p1|Weezing-Galar, F|\n|poke|p2|Fezandipiti, M|\n|poke|p2|Ninetales-Alola, M|\n|poke|p2|Infernape, M|\n|poke|p2|Umbreon, M|\n|poke|p2|Maushold-Four|\n|poke|p2|Great Tusk|\n|teampreview\n|inactive|Battle timer is ON: inactive players will automatically lose when time's up. (requested by Thehombre)\n|\n|t:|1697873417\n|start\n|switch|p1a: Farigiraf|Farigiraf, F|100\/100\n|switch|p1b: Oranguru|Oranguru, F|100\/100\n|switch|p2a: Maushold|Maushold-Four|100\/100\n|switch|p2b: Ninetales|Ninetales-Alola, M|100\/100\n|-weather|Snow|[from] ability: Snow Warning|[of] p2b: Ninetales\n|turn|1\n|\n|t:|1697873431\n|move|p2a: Maushold|Population Bomb|p1b: Oranguru\n|-damage|p1b: Oranguru|90\/100\n|-damage|p1b: Oranguru|79\/100\n|-damage|p1b: Oranguru|70\/100\n|-damage|p1b: Oranguru|60\/100\n|-damage|p1b: Oranguru|50\/100\n|-damage|p1b: Oranguru|41\/100\n|-damage|p1b: Oranguru|31\/100\n|-damage|p1b: Oranguru|20\/100\n|-damage|p1b: Oranguru|10\/100\n|-damage|p1b: Oranguru|0 fnt\n|faint|p1b: Oranguru\n|-hitcount|p1: Oranguru|10\n|move|p2b: Ninetales|Blizzard|p1a: Farigiraf\n|-damage|p1a: Farigiraf|54\/100\n|move|p1a: Farigiraf|Nasty Plot|p1a: Farigiraf\n|-boost|p1a: Farigiraf|spa|2\n|\n|-weather|Snow|[upkeep]\n|upkeep\n|inactive|ynnig has 120 seconds left.\n|\n|t:|1697873460\n|switch|p1b: Indeedee|Indeedee-F, F|100\/100\n|-fieldstart|move: Psychic Terrain|[from] ability: Psychic Surge|[of] p1b: Indeedee\n|turn|2\n|\n|t:|1697873470\n|move|p1b: Indeedee|Follow Me|p1b: Indeedee\n|-singleturn|p1b: Indeedee|move: Follow Me\n|move|p2a: Maushold|Population Bomb|p1b: Indeedee\n|-damage|p1b: Indeedee|87\/100\n|-damage|p1b: Indeedee|74\/100\n|-damage|p1b: Indeedee|62\/100\n|-damage|p1b: Indeedee|48\/100\n|-damage|p1b: Indeedee|36\/100\n|-damage|p1b: Indeedee|23\/100\n|-damage|p1b: Indeedee|10\/100\n|-damage|p1b: Indeedee|0 fnt\n|faint|p1b: Indeedee\n|-hitcount|p1: Indeedee|8\n|move|p2b: Ninetales|Blizzard|p1a: Farigiraf\n|-damage|p1a: Farigiraf|9\/100\n|-enditem|p1a: Farigiraf|Sitrus Berry|[eat]\n|-heal|p1a: Farigiraf|34\/100|[from] item: Sitrus Berry\n|move|p1a: Farigiraf|Dazzling Gleam|p2b: Ninetales|[spread] p2a,p2b\n|-damage|p2a: Maushold|42\/100\n|-damage|p2b: Ninetales|50\/100\n|\n|-weather|Snow|[upkeep]\n|upkeep\n|\n|t:|1697873493\n|switch|p1b: Meloetta|Meloetta|100\/100\n|turn|3\n|\n|t:|1697873500\n|move|p2a: Maushold|Population Bomb|p1b: Meloetta\n|-damage|p1b: Meloetta|84\/100\n|-damage|p1b: Meloetta|67\/100\n|-damage|p1b: Meloetta|50\/100\n|-damage|p1b: Meloetta|34\/100\n|-damage|p1b: Meloetta|17\/100\n|-damage|p1b: Meloetta|2\/100\n|-crit|p1b: Meloetta\n|-damage|p1b: Meloetta|0 fnt\n|faint|p1b: Meloetta\n|-hitcount|p1: Meloetta|7\n|move|p2b: Ninetales|Blizzard|p1a: Farigiraf\n|-damage|p1a: Farigiraf|0 fnt\n|faint|p1a: Farigiraf\n|\n|-weather|Snow|[upkeep]\n|upkeep\n|\n|t:|1697873519\n|switch|p1b: Wyrdeer|Wyrdeer, F|100\/100\n|switch|p1a: Weezing|Weezing-Galar, F|100\/100\n|-fieldstart|move: Misty Terrain|[from] ability: Misty Surge|[of] p1a: Weezing\n|turn|4\n|\n|t:|1697873530\n|move|p2a: Maushold|Population Bomb|p1b: Wyrdeer\n|-damage|p1b: Wyrdeer|87\/100\n|-damage|p1b: Wyrdeer|72\/100\n|-hitcount|p1b: Wyrdeer|2\n|move|p2b: Ninetales|Blizzard|p1b: Wyrdeer|[spread] p1a,p1b\n|-damage|p1a: Weezing|70\/100\n|-damage|p1b: Wyrdeer|41\/100\n|move|p1b: Wyrdeer|Psyshield Bash|p2a: Maushold\n|-damage|p2a: Maushold|0 fnt\n|-boost|p1b: Wyrdeer|def|1\n|faint|p2a: Maushold\n|move|p1a: Weezing|Gunk Shot|p2b: Ninetales\n|-supereffective|p2b: Ninetales\n|-damage|p2b: Ninetales|0 fnt\n|faint|p2b: Ninetales\n|\n|-weather|Snow|[upkeep]\n|upkeep\n|\n|t:|1697873542\n|switch|p2a: Infernape|Infernape, M|100\/100\n|switch|p2b: Fezandipiti|Fezandipiti, M|100\/100\n|turn|5\n|\n|t:|1697873570\n|move|p2a: Infernape|Flamethrower|p1b: Wyrdeer\n|-damage|p1b: Wyrdeer|5\/100\n|move|p2b: Fezandipiti|Beat Up|p1b: Wyrdeer\n|-supereffective|p1b: Wyrdeer\n|-damage|p1b: Wyrdeer|0 fnt\n|faint|p1b: Wyrdeer\n|-hitcount|p1: Wyrdeer|1\n|move|p1a: Weezing|Gunk Shot|p2a: Infernape\n|-damage|p2a: Infernape|4\/100\n|\n|-weather|none\n|-heal|p2a: Infernape|10\/100|[from] item: Leftovers\n|upkeep\n|turn|6\n|-message|ynnig forfeited.\n|\n|win|Thehombre\n|raw|ynnig's rating: 1078 &rarr; <strong>1057<\/strong><br \/>(-21 for losing)\n|raw|Thehombre's rating: 1091 &rarr; <strong>1116<\/strong><br \/>(+25 for winning)\n|l|\u2606ynnig\n","uploadtime":1697873590,"views":20,"p1id":"ynnig","p2id":"thehombre","formatid":"gen9doublesou","rating":1057,"private":0,"password":""}