{"id":"gen9doublesou-1978467302","p1":"Telimonster0608","p2":"Wookiebacon","format":"[Gen 9] Doubles OU","log":"|j|\u2606Telimonster0608\n|j|\u2606Wookiebacon\n|t:|1698542736\n|gametype|doubles\n|player|p1|Telimonster0608|clair|\n|player|p2|Wookiebacon|iris|\n|teamsize|p1|6\n|teamsize|p2|6\n|gen|9\n|tier|[Gen 9] Doubles OU\n|rule|Species Clause: Limit one of each Pok\u00e9mon\n|rule|OHKO Clause: OHKO moves are banned\n|rule|Evasion Moves Clause: Evasion moves are banned\n|rule|Gravity Sleep Clause: The combination of sleep-inducing moves with imperfect accuracy and Gravity or Gigantamax Orbeetle are banned\n|rule|Endless Battle Clause: Forcing endless battles is banned\n|rule|HP Percentage Mod: HP is shown in percentages\n|clearpoke\n|poke|p1|Slither Wing|\n|poke|p1|Klefki, M|\n|poke|p1|Salamence, F|\n|poke|p1|Sneasler, M|\n|poke|p1|Zapdos|\n|poke|p1|Milotic, F|\n|poke|p2|Sylveon, F|\n|poke|p2|Iron Bundle|\n|poke|p2|Dragonite, F|\n|poke|p2|Amoonguss, F|\n|poke|p2|Donphan, M|\n|poke|p2|Scizor, M|\n|teampreview\n|\n|t:|1698542753\n|start\n|switch|p1a: Success\ud83e\ude99|Klefki, M, shiny|100\/100\n|switch|p1b: Past Mothra\ud83e\udd8b|Slither Wing|100\/100\n|switch|p2a: Ryuko Tatsuma|Dragonite, F|100\/100\n|switch|p2b: Tetsu Tetsu|Scizor, M|100\/100\n|-enditem|p1b: Past Mothra\ud83e\udd8b|Booster Energy\n|-activate|p1b: Past Mothra\ud83e\udd8b|ability: Protosynthesis|[fromitem]\n|-start|p1b: Past Mothra\ud83e\udd8b|protosynthesisatk\n|turn|1\n|\n|t:|1698542799\n|move|p1a: Success\ud83e\ude99|Sunny Day|p1a: Success\ud83e\ude99\n|-weather|SunnyDay\n|move|p1b: Past Mothra\ud83e\udd8b|Flare Blitz|p2b: Tetsu Tetsu\n|-supereffective|p2b: Tetsu Tetsu\n|-damage|p2b: Tetsu Tetsu|0 fnt\n|faint|p2b: Tetsu Tetsu\n|-damage|p1b: Past Mothra\ud83e\udd8b|64\/100|[from] Recoil\n|move|p2a: Ryuko Tatsuma|Aerial Ace|p1b: Past Mothra\ud83e\udd8b\n|-supereffective|p1b: Past Mothra\ud83e\udd8b\n|-damage|p1b: Past Mothra\ud83e\udd8b|0 fnt\n|faint|p1b: Past Mothra\ud83e\udd8b\n|-end|p1b: Past Mothra\ud83e\udd8b|Protosynthesis|[silent]\n|\n|-weather|SunnyDay|[upkeep]\n|upkeep\n|\n|t:|1698542822\n|switch|p1b: Lightning Storm\u26c8\ufe0f|Zapdos, shiny|100\/100\n|switch|p2b: Fat Gum|Donphan, M|100\/100\n|turn|2\n|j| Redzone92\n|\n|t:|1698542843\n|move|p1a: Success\ud83e\ude99|Thunder Wave|p2a: Ryuko Tatsuma\n|-status|p2a: Ryuko Tatsuma|par\n|move|p1b: Lightning Storm\u26c8\ufe0f|Thunderbolt|p2a: Ryuko Tatsuma\n|-damage|p2a: Ryuko Tatsuma|81\/100 par\n|move|p2b: Fat Gum|Ice Spinner|p1b: Lightning Storm\u26c8\ufe0f\n|-supereffective|p1b: Lightning Storm\u26c8\ufe0f\n|-damage|p1b: Lightning Storm\u26c8\ufe0f|37\/100\n|-damage|p2b: Fat Gum|84\/100|[from] item: Rocky Helmet|[of] p1b: Lightning Storm\u26c8\ufe0f\n|move|p2a: Ryuko Tatsuma|Brick Break|p1a: Success\ud83e\ude99\n|-damage|p1a: Success\ud83e\ude99|77\/100\n|\n|-weather|SunnyDay|[upkeep]\n|upkeep\n|turn|3\n|\n|t:|1698542866\n|move|p1a: Success\ud83e\ude99|Light Screen|p1a: Success\ud83e\ude99\n|-sidestart|p1: Telimonster0608|move: Light Screen\n|move|p1b: Lightning Storm\u26c8\ufe0f|Roost|p1b: Lightning Storm\u26c8\ufe0f\n|-heal|p1b: Lightning Storm\u26c8\ufe0f|87\/100\n|-singleturn|p1b: Lightning Storm\u26c8\ufe0f|move: Roost\n|move|p2b: Fat Gum|Ice Spinner|p1b: Lightning Storm\u26c8\ufe0f\n|-damage|p1b: Lightning Storm\u26c8\ufe0f|57\/100\n|-damage|p2b: Fat Gum|68\/100|[from] item: Rocky Helmet|[of] p1b: Lightning Storm\u26c8\ufe0f\n|move|p2a: Ryuko Tatsuma|Brick Break|p1a: Success\ud83e\ude99\n|-sideend|p1: Telimonster0608|move: Light Screen\n|-damage|p1a: Success\ud83e\ude99|51\/100\n|\n|-weather|SunnyDay|[upkeep]\n|upkeep\n|turn|4\n|j| Kevin Dickey12\n|j| GoDDanteX\n|\n|t:|1698542901\n|switch|p1a: Wolverine\ud83d\udde1|Sneasler, M, shiny|100\/100\n|-item|p1a: Wolverine\ud83d\udde1|Air Balloon\n|move|p1b: Lightning Storm\u26c8\ufe0f|Volt Switch|p2a: Ryuko Tatsuma\n|-damage|p2a: Ryuko Tatsuma|51\/100 par\n|\n|t:|1698542914\n|switch|p1b: All-Might\ud83e\uddb8\u200d\u2642\ufe0f|Salamence, F|100\/100|[from] Volt Switch\n|-ability|p1b: All-Might\ud83e\uddb8\u200d\u2642\ufe0f|Intimidate|boost\n|-unboost|p2a: Ryuko Tatsuma|atk|1\n|-unboost|p2b: Fat Gum|atk|1\n|move|p2b: Fat Gum|Ice Spinner|p1b: All-Might\ud83e\uddb8\u200d\u2642\ufe0f\n|-supereffective|p1b: All-Might\ud83e\uddb8\u200d\u2642\ufe0f\n|-damage|p1b: All-Might\ud83e\uddb8\u200d\u2642\ufe0f|0 fnt\n|faint|p1b: All-Might\ud83e\uddb8\u200d\u2642\ufe0f\n|move|p2a: Ryuko Tatsuma|Dragon Claw|p1a: Wolverine\ud83d\udde1\n|-damage|p1a: Wolverine\ud83d\udde1|39\/100\n|-enditem|p1a: Wolverine\ud83d\udde1|Air Balloon\n|\n|-weather|SunnyDay|[upkeep]\n|upkeep\n|\n|t:|1698542931\n|switch|p1b: Princess\ud83d\udc78|Milotic, F, shiny|100\/100\n|turn|5\n|\n|t:|1698542950\n|switch|p2b: Hatsume's Creation|Iron Bundle|100\/100\n|move|p1a: Wolverine\ud83d\udde1|Rock Slide|p2a: Ryuko Tatsuma|[spread] p2a,p2b\n|-supereffective|p2a: Ryuko Tatsuma\n|-supereffective|p2b: Hatsume's Creation\n|-damage|p2a: Ryuko Tatsuma|4\/100 par\n|-damage|p2b: Hatsume's Creation|57\/100\n|move|p1b: Princess\ud83d\udc78|Scald|p2b: Hatsume's Creation\n|-resisted|p2b: Hatsume's Creation\n|-damage|p2b: Hatsume's Creation|44\/100\n|move|p2a: Ryuko Tatsuma|Aerial Ace|p1a: Wolverine\ud83d\udde1\n|-supereffective|p1a: Wolverine\ud83d\udde1\n|-damage|p1a: Wolverine\ud83d\udde1|0 fnt\n|faint|p1a: Wolverine\ud83d\udde1\n|\n|-weather|SunnyDay|[upkeep]\n|-status|p1b: Princess\ud83d\udc78|brn|[from] item: Flame Orb\n|upkeep\n|\n|t:|1698542971\n|switch|p1a: Lightning Storm\u26c8\ufe0f|Zapdos, shiny|57\/100\n|turn|6\n|\n|t:|1698542986\n|move|p1b: Princess\ud83d\udc78|Protect|p1b: Princess\ud83d\udc78\n|-singleturn|p1b: Princess\ud83d\udc78|Protect\n|move|p2b: Hatsume's Creation|Freeze-Dry|p1b: Princess\ud83d\udc78\n|-activate|p1b: Princess\ud83d\udc78|move: Protect\n|move|p1a: Lightning Storm\u26c8\ufe0f|Heat Wave|p2b: Hatsume's Creation|[spread] p2a\n|-miss|p1a: Lightning Storm\u26c8\ufe0f|p2b: Hatsume's Creation\n|-resisted|p2a: Ryuko Tatsuma\n|-crit|p2a: Ryuko Tatsuma\n|-damage|p2a: Ryuko Tatsuma|0 fnt\n|faint|p2a: Ryuko Tatsuma\n|\n|-weather|SunnyDay|[upkeep]\n|-damage|p1b: Princess\ud83d\udc78|94\/100 brn|[from] brn\n|upkeep\n|\n|t:|1698542998\n|switch|p2a: Fat Gum|Donphan, M|68\/100\n|turn|7\n|\n|t:|1698543011\n|move|p2b: Hatsume's Creation|Freeze-Dry|p1b: Princess\ud83d\udc78\n|-supereffective|p1b: Princess\ud83d\udc78\n|-damage|p1b: Princess\ud83d\udc78|35\/100 brn\n|move|p1a: Lightning Storm\u26c8\ufe0f|Heat Wave|p2a: Fat Gum|[spread] p2b\n|-miss|p1a: Lightning Storm\u26c8\ufe0f|p2a: Fat Gum\n|-damage|p2b: Hatsume's Creation|0 fnt\n|faint|p2b: Hatsume's Creation\n|-end|p2b: Hatsume's Creation|Quark Drive|[silent]\n|move|p1b: Princess\ud83d\udc78|Scald|p2a: Fat Gum\n|-supereffective|p2a: Fat Gum\n|-damage|p2a: Fat Gum|31\/100\n|move|p2a: Fat Gum|Seed Bomb|p1b: Princess\ud83d\udc78\n|-supereffective|p1b: Princess\ud83d\udc78\n|-damage|p1b: Princess\ud83d\udc78|0 fnt\n|faint|p1b: Princess\ud83d\udc78\n|\n|-weather|SunnyDay|[upkeep]\n|upkeep\n|\n|t:|1698543029\n|switch|p2b: Kinoko Komori|Amoonguss, F|100\/100\n|switch|p1b: Success\ud83e\ude99|Klefki, M, shiny|51\/100\n|turn|8\n|\n|t:|1698543044\n|move|p1b: Success\ud83e\ude99|Thunder Wave|p2b: Kinoko Komori\n|-status|p2b: Kinoko Komori|par\n|move|p1a: Lightning Storm\u26c8\ufe0f|Heat Wave|p2b: Kinoko Komori|[spread] p2a,p2b\n|-supereffective|p2b: Kinoko Komori\n|-damage|p2a: Fat Gum|0 fnt\n|-damage|p2b: Kinoko Komori|43\/100 par\n|-enditem|p2b: Kinoko Komori|Sitrus Berry|[eat]\n|-heal|p2b: Kinoko Komori|68\/100 par|[from] item: Sitrus Berry\n|faint|p2a: Fat Gum\n|cant|p2b: Kinoko Komori|par\n|\n|-weather|none\n|upkeep\n|\n|t:|1698543057\n|switch|p2a: Nejire Hado|Sylveon, F, shiny|100\/100\n|turn|9\n|\n|t:|1698543077\n|move|p1b: Success\ud83e\ude99|Sunny Day|p1b: Success\ud83e\ude99\n|-weather|SunnyDay\n|move|p1a: Lightning Storm\u26c8\ufe0f|Heat Wave|p2b: Kinoko Komori|[spread] p2a,p2b\n|-supereffective|p2b: Kinoko Komori\n|-damage|p2a: Nejire Hado|79\/100\n|-damage|p2b: Kinoko Komori|10\/100 par\n|-status|p2a: Nejire Hado|brn\n|move|p2a: Nejire Hado|Wish|p2a: Nejire Hado\n|move|p2b: Kinoko Komori|Spore|p1a: Lightning Storm\u26c8\ufe0f\n|-status|p1a: Lightning Storm\u26c8\ufe0f|slp|[from] move: Spore\n|\n|-weather|SunnyDay|[upkeep]\n|-damage|p2a: Nejire Hado|73\/100 brn|[from] brn\n|upkeep\n|turn|10\n|\n|t:|1698543101\n|move|p1b: Success\ud83e\ude99|Light Screen|p1b: Success\ud83e\ude99\n|-sidestart|p1: Telimonster0608|move: Light Screen\n|cant|p1a: Lightning Storm\u26c8\ufe0f|slp\n|move|p2a: Nejire Hado|Calm Mind|p2a: Nejire Hado\n|-boost|p2a: Nejire Hado|spa|1\n|-boost|p2a: Nejire Hado|spd|1\n|move|p2b: Kinoko Komori|Synthesis|p2b: Kinoko Komori\n|-heal|p2b: Kinoko Komori|77\/100 par\n|\n|-weather|SunnyDay|[upkeep]\n|-heal|p2a: Nejire Hado|100\/100 brn|[from] move: Wish|[wisher] Nejire Hado\n|-damage|p2a: Nejire Hado|94\/100 brn|[from] brn\n|upkeep\n|turn|11\n|\n|t:|1698543119\n|move|p1b: Success\ud83e\ude99|Reflect|p1b: Success\ud83e\ude99\n|-sidestart|p1: Telimonster0608|Reflect\n|cant|p1a: Lightning Storm\u26c8\ufe0f|slp\n|move|p2a: Nejire Hado|Hyper Voice|p1a: Lightning Storm\u26c8\ufe0f|[spread] p1a,p1b\n|-resisted|p1b: Success\ud83e\ude99\n|-damage|p1a: Lightning Storm\u26c8\ufe0f|30\/100 slp\n|-damage|p1b: Success\ud83e\ude99|34\/100\n|-enditem|p2a: Nejire Hado|Throat Spray\n|-boost|p2a: Nejire Hado|spa|1|[from] item: Throat Spray\n|move|p2b: Kinoko Komori|Pollen Puff|p1b: Success\ud83e\ude99\n|-resisted|p1b: Success\ud83e\ude99\n|-damage|p1b: Success\ud83e\ude99|30\/100\n|\n|-weather|SunnyDay|[upkeep]\n|-damage|p2a: Nejire Hado|88\/100 brn|[from] brn\n|upkeep\n|turn|12\n|\n|t:|1698543155\n|move|p1b: Success\ud83e\ude99|Sunny Day||[still]\n|-fail|p1b: Success\ud83e\ude99\n|cant|p1a: Lightning Storm\u26c8\ufe0f|slp\n|move|p2a: Nejire Hado|Hyper Voice|p1a: Lightning Storm\u26c8\ufe0f|[spread] p1a,p1b\n|-resisted|p1b: Success\ud83e\ude99\n|-damage|p1a: Lightning Storm\u26c8\ufe0f|0 fnt\n|-damage|p1b: Success\ud83e\ude99|6\/100\n|faint|p1a: Lightning Storm\u26c8\ufe0f\n|move|p2b: Kinoko Komori|Pollen Puff|p1b: Success\ud83e\ude99\n|-resisted|p1b: Success\ud83e\ude99\n|-damage|p1b: Success\ud83e\ude99|3\/100\n|\n|-weather|SunnyDay|[upkeep]\n|-damage|p2a: Nejire Hado|82\/100 brn|[from] brn\n|upkeep\n|turn|13\n|\n|t:|1698543172\n|move|p1b: Success\ud83e\ude99|Light Screen||[still]\n|-fail|p1b: Success\ud83e\ude99\n|move|p2a: Nejire Hado|Hyper Voice|p1b: Success\ud83e\ude99\n|-resisted|p1b: Success\ud83e\ude99\n|-damage|p1b: Success\ud83e\ude99|0 fnt\n|faint|p1b: Success\ud83e\ude99\n|\n|win|Wookiebacon\n|l| GoDDanteX\n|l|\u2606Telimonster0608\n|l|\u2606Wookiebacon\n","uploadtime":1698543180,"views":18,"p1id":"telimonster0608","p2id":"wookiebacon","formatid":"gen9doublesou","rating":0,"private":0,"password":""}