{"id":"gen9doublesou-1989332793","p1":"King of Congo","p2":"viscusman","format":"[Gen 9] Doubles OU","log":"|j|\u2606King of Congo\n|j|\u2606viscusman\n|t:|1699837415\n|gametype|doubles\n|player|p1|King of Congo|rood|1138\n|player|p2|viscusman|hilbert-wonderlauncher|1000\n|teamsize|p1|6\n|teamsize|p2|6\n|gen|9\n|tier|[Gen 9] Doubles OU\n|rated|\n|rule|Species Clause: Limit one of each Pok\u00e9mon\n|rule|OHKO Clause: OHKO moves are banned\n|rule|Evasion Moves Clause: Evasion moves are banned\n|rule|Gravity Sleep Clause: The combination of sleep-inducing moves with imperfect accuracy and Gravity or Gigantamax Orbeetle are banned\n|rule|Endless Battle Clause: Forcing endless battles is banned\n|rule|HP Percentage Mod: HP is shown in percentages\n|clearpoke\n|poke|p1|Noivern, M|\n|poke|p1|Electrode-Hisui|\n|poke|p1|Alomomola, M|\n|poke|p1|Walking Wake|\n|poke|p1|Blissey, F|\n|poke|p1|Hatterene, F|\n|poke|p2|Muk-Alola, M|\n|poke|p2|Espathra, F|\n|poke|p2|Clefairy, F|\n|poke|p2|Vikavolt, M|\n|poke|p2|Heracross, M|\n|poke|p2|Carbink|\n|teampreview\n|inactive|Battle timer is ON: inactive players will automatically lose when time's up. (requested by viscusman)\n|\n|t:|1699837440\n|start\n|switch|p1a: Noivern|Noivern, M, shiny|100\/100\n|switch|p1b: Electrode|Electrode-Hisui|100\/100\n|switch|p2a: Muk|Muk-Alola, M, shiny|100\/100\n|switch|p2b: Espathra|Espathra, F, shiny|100\/100\n|turn|1\n|\n|t:|1699837454\n|-terastallize|p1a: Noivern|Normal\n|move|p1b: Electrode|Thunder Wave|p2a: Muk|[miss]\n|-miss|p1b: Electrode|p2a: Muk\n|move|p1a: Noivern|Boomburst|p2a: Muk|[spread] p2a,p2b\n|-immune|p1b: Electrode|[from] ability: Soundproof\n|-enditem|p1a: Noivern|Normal Gem|[from] gem\n|-damage|p2a: Muk|55\/100\n|-damage|p2b: Espathra|49\/100\n|move|p2a: Muk|Curse|p2a: Muk\n|-unboost|p2a: Muk|spe|1\n|-boost|p2a: Muk|atk|1\n|-boost|p2a: Muk|def|1\n|move|p2b: Espathra|Trick Room|p2b: Espathra\n|-fieldstart|move: Trick Room|[of] p2b: Espathra\n|\n|-heal|p2a: Muk|61\/100|[from] item: Black Sludge\n|upkeep\n|turn|2\n|\n|t:|1699837473\n|move|p2a: Muk|Drain Punch|p1a: Noivern\n|-supereffective|p1a: Noivern\n|-damage|p1a: Noivern|10\/100\n|-heal|p2a: Muk|95\/100|[from] drain|[of] p1a: Noivern\n|move|p2b: Espathra|Light Screen|p2b: Espathra\n|-sidestart|p2: viscusman|move: Light Screen\n|move|p1a: Noivern|Boomburst|p2b: Espathra|[spread] p2a,p2b\n|-immune|p1b: Electrode|[from] ability: Soundproof\n|-damage|p2a: Muk|58\/100\n|-damage|p2b: Espathra|12\/100\n|move|p1b: Electrode|Thunder Wave|p2a: Muk\n|-status|p2a: Muk|par\n|\n|-heal|p2a: Muk|64\/100 par|[from] item: Black Sludge\n|upkeep\n|turn|3\n|inactive|King of Congo has 120 seconds left.\n|\n|t:|1699837522\n|move|p2a: Muk|Poison Jab|p1b: Electrode\n|-supereffective|p1b: Electrode\n|-damage|p1b: Electrode|0 fnt\n|faint|p1b: Electrode\n|move|p2b: Espathra|Body Slam|p1a: Noivern\n|-damage|p1a: Noivern|0 fnt\n|faint|p1a: Noivern\n|\n|-heal|p2a: Muk|70\/100 par|[from] item: Black Sludge\n|upkeep\n|\n|t:|1699837532\n|switch|p1a: Hatterene|Hatterene, F|100\/100\n|switch|p1b: Blissey|Blissey, F|100\/100\n|turn|4\n|inactive|King of Congo has 120 seconds left.\n|\n|t:|1699837548\n|cant|p2a: Muk|par\n|move|p1a: Hatterene|Dazzling Gleam|p2b: Espathra|[spread] p2a\n|-miss|p1a: Hatterene|p2b: Espathra\n|-damage|p2a: Muk|50\/100 par\n|move|p1b: Blissey|Seismic Toss|p2b: Espathra\n|-damage|p2b: Espathra|0 fnt\n|faint|p2b: Espathra\n|-ability|p2a: Muk|Opportunist|[from] ability: Power of Alchemy|[of] p2b: Espathra\n|\n|-heal|p2a: Muk|56\/100 par|[from] item: Black Sludge\n|upkeep\n|\n|t:|1699837555\n|switch|p2b: Clefairy|Clefairy, F, shiny|100\/100\n|turn|5\n|\n|t:|1699837570\n|move|p2b: Clefairy|Protect|p2b: Clefairy\n|-singleturn|p2b: Clefairy|Protect\n|cant|p2a: Muk|par\n|move|p1a: Hatterene|Nuzzle|p2b: Clefairy\n|-activate|p2b: Clefairy|move: Protect\n|move|p1b: Blissey|Seismic Toss|p2a: Muk\n|-damage|p2a: Muk|31\/100 par\n|\n|-heal|p2a: Muk|37\/100 par|[from] item: Black Sludge\n|-fieldend|move: Trick Room\n|upkeep\n|turn|6\n|\n|t:|1699837587\n|move|p1b: Blissey|Seismic Toss|p2a: Muk\n|-damage|p2a: Muk|13\/100 par\n|move|p2b: Clefairy|Heal Pulse|p2a: Muk\n|-heal|p2a: Muk|63\/100 par\n|move|p1a: Hatterene|Dazzling Gleam|p2a: Muk|[spread] p2a,p2b\n|-damage|p2a: Muk|47\/100 par\n|-damage|p2b: Clefairy|87\/100\n|move|p2a: Muk|Knock Off|p1a: Hatterene\n|-damage|p1a: Hatterene|16\/100\n|-enditem|p1a: Hatterene|Assault Vest|[from] move: Knock Off|[of] p2a: Muk\n|\n|-heal|p2a: Muk|53\/100 par|[from] item: Black Sludge\n|-sideend|p2: viscusman|move: Light Screen\n|upkeep\n|turn|7\n|\n|t:|1699837605\n|move|p2b: Clefairy|Protect|p2b: Clefairy\n|-singleturn|p2b: Clefairy|Protect\n|move|p1b: Blissey|Seismic Toss|p2a: Muk\n|-damage|p2a: Muk|29\/100 par\n|move|p1a: Hatterene|Nuzzle|p2b: Clefairy\n|-activate|p2b: Clefairy|move: Protect\n|move|p2a: Muk|Knock Off|p1a: Hatterene\n|-damage|p1a: Hatterene|0 fnt\n|faint|p1a: Hatterene\n|\n|-heal|p2a: Muk|35\/100 par|[from] item: Black Sludge\n|upkeep\n|c|\u2606King of Congo|!data oppurtunist\nNo Pok\u00e9mon, item, move, ability or nature named 'oppurtunist' was found. Showing the data of 'Opportunist' instead.\n|raw|<ul class=\"utilichart\"><li class=\"result\"><span class=\"col namecol\"><a href=\"https:\/\/dex.pokemonshowdown.com\/abilities\/opportunist\">Opportunist<\/a><\/span> <span class=\"col abilitydesccol\">When an opposing Pokemon has a stat stage raised, this Pokemon copies the effect.<\/span> <\/li><li style=\"clear:both\"><\/li><\/ul>\n\n|\n|t:|1699837621\n|switch|p1a: Alomomola|Alomomola, M|100\/100\n|turn|8\n|\n|t:|1699837630\n|move|p2b: Clefairy|Follow Me|p2b: Clefairy\n|-singleturn|p2b: Clefairy|move: Follow Me\n|move|p1a: Alomomola|Body Slam|p2b: Clefairy\n|-damage|p2b: Clefairy|68\/100\n|move|p1b: Blissey|Seismic Toss|p2b: Clefairy\n|-damage|p2b: Clefairy|39\/100\n|move|p2a: Muk|Drain Punch|p1b: Blissey\n|-supereffective|p1b: Blissey\n|-damage|p1b: Blissey|31\/100\n|-heal|p2a: Muk|95\/100 par|[from] drain|[of] p1b: Blissey\n|\n|-heal|p1b: Blissey|37\/100|[from] item: Leftovers\n|-heal|p2a: Muk|100\/100 par|[from] item: Black Sludge\n|upkeep\n|turn|9\n|\n|t:|1699837646\n|move|p2b: Clefairy|Helping Hand|p2a: Muk\n|-singleturn|p2a: Muk|Helping Hand|[of] p2b: Clefairy\n|move|p1a: Alomomola|Protect|p1a: Alomomola\n|-singleturn|p1a: Alomomola|Protect\n|move|p1b: Blissey|Sunny Day|p1b: Blissey\n|-weather|SunnyDay\n|move|p2a: Muk|Knock Off|p1a: Alomomola\n|-activate|p1a: Alomomola|move: Protect\n|\n|-weather|SunnyDay|[upkeep]\n|-heal|p1b: Blissey|43\/100|[from] item: Leftovers\n|upkeep\n|turn|10\n|\n|t:|1699837657\n|switch|p1b: Walking Wake|Walking Wake|100\/100\n|-activate|p1b: Walking Wake|ability: Protosynthesis\n|-start|p1b: Walking Wake|protosynthesisspa\n|move|p2b: Clefairy|Follow Me|p2b: Clefairy\n|-singleturn|p2b: Clefairy|move: Follow Me\n|move|p1a: Alomomola|Surf|p2b: Clefairy|[spread] p1b,p2a,p2b\n|-resisted|p1b: Walking Wake\n|-damage|p1b: Walking Wake|99\/100\n|-damage|p2a: Muk|97\/100 par\n|-damage|p2b: Clefairy|36\/100\n|-enditem|p1b: Walking Wake|Absorb Bulb\n|-boost|p1b: Walking Wake|spa|1|[from] item: Absorb Bulb\n|-ability|p2a: Muk|Opportunist|boost\n|-boost|p2a: Muk|spa|1\n|cant|p2a: Muk|par\n|\n|-weather|SunnyDay|[upkeep]\n|-heal|p2a: Muk|100\/100 par|[from] item: Black Sludge\n|upkeep\n|turn|11\n|\n|t:|1699837675\n|move|p2b: Clefairy|Follow Me|p2b: Clefairy\n|-singleturn|p2b: Clefairy|move: Follow Me\n|move|p1b: Walking Wake|Hydro Steam|p2b: Clefairy\n|-damage|p2b: Clefairy|0 fnt\n|faint|p2b: Clefairy\n|move|p1a: Alomomola|Body Slam|p2a: Muk\n|-damage|p2a: Muk|89\/100 par\n|move|p2a: Muk|Poison Jab|p1b: Walking Wake\n|-damage|p1b: Walking Wake|39\/100\n|-status|p1b: Walking Wake|psn\n|\n|-weather|SunnyDay|[upkeep]\n|-heal|p2a: Muk|95\/100 par|[from] item: Black Sludge\n|-damage|p1b: Walking Wake|27\/100 psn|[from] psn\n|upkeep\n|\n|t:|1699837687\n|switch|p2b: Carbink|Carbink|100\/100\n|turn|12\n|\n|t:|1699837697\n|move|p1b: Walking Wake|Hydro Steam|p2a: Muk\n|-damage|p2a: Muk|5\/100 par\n|move|p1a: Alomomola|Surf|p2b: Carbink|[spread] p1b,p2a,p2b\n|-resisted|p1b: Walking Wake\n|-supereffective|p2b: Carbink\n|-crit|p2b: Carbink\n|-damage|p1b: Walking Wake|26\/100 psn\n|-damage|p2a: Muk|0 fnt\n|-damage|p2b: Carbink|91\/100\n|faint|p2a: Muk\n|move|p2b: Carbink|Trick Room|p2b: Carbink\n|-fieldstart|move: Trick Room|[of] p2b: Carbink\n|\n|-weather|SunnyDay|[upkeep]\n|-heal|p2b: Carbink|97\/100|[from] item: Leftovers\n|-damage|p1b: Walking Wake|13\/100 psn|[from] psn\n|upkeep\n|\n|t:|1699837700\n|switch|p2a: Vikavolt|Vikavolt, M, shiny|100\/100\n|turn|13\n|-message|King of Congo forfeited.\n|\n|win|viscusman\n|raw|King of Congo's rating: 1138 &rarr; <strong>1104<\/strong><br \/>(-34 for losing)\n|raw|viscusman's rating: 1000 &rarr; <strong>1055<\/strong><br \/>(+55 for winning)\n|l|\u2606King of Congo\n","uploadtime":1699837727,"views":13,"p1id":"kingofcongo","p2id":"viscusman","formatid":"gen9doublesou","rating":1055,"private":0,"password":""}