{"id":"gen9doublesou-1998991242","p1":"Nido-Rus","p2":"MADARAAAA","format":"[Gen 9] Doubles OU","log":"|j|\u2606Nido-Rus\n|j|\u2606MADARAAAA\n|t:|1701021496\n|gametype|doubles\n|player|p1|Nido-Rus|cheryl|\n|player|p2|MADARAAAA|#dpl8ducks|\n|teamsize|p1|6\n|teamsize|p2|6\n|gen|9\n|tier|[Gen 9] Doubles OU\n|rule|Species Clause: Limit one of each Pok\u00e9mon\n|rule|OHKO Clause: OHKO moves are banned\n|rule|Evasion Moves Clause: Evasion moves are banned\n|rule|Gravity Sleep Clause: The combination of sleep-inducing moves with imperfect accuracy and Gravity or Gigantamax Orbeetle are banned\n|rule|Endless Battle Clause: Forcing endless battles is banned\n|rule|HP Percentage Mod: HP is shown in percentages\n|clearpoke\n|poke|p1|Dragapult, F|\n|poke|p1|Glimmora, F|\n|poke|p1|Flutter Mane|\n|poke|p1|Ogerpon-Wellspring, F|\n|poke|p1|Landorus-Therian, M|\n|poke|p1|Iron Hands|\n|poke|p2|Glimmora, F|\n|poke|p2|Tornadus, M|\n|poke|p2|Chi-Yu|\n|poke|p2|Flutter Mane|\n|poke|p2|Ogerpon-Wellspring, F|\n|poke|p2|Rillaboom, F|\n|teampreview\n|j| F3rrari450\n|j| Waffle2O23\n|j| pane di segale\n|j| Tessera\n|j| Pratik2007\n|c|\u2606MADARAAAA|Glhf\n|j| WhoDatMan\n|j|+sundays.n_sundaes\n|j| Faaagamer\n|j| pipppo\n|j| Ciro\u273fNapoli\n|j|+paolode99\n|c| WhoDatMan|gogo nido\n|j| the figo\n|j| Lawrence_lmao\n|j| Spitfire arcanine\n|j| diegoyuhhi\n|inactive|Battle timer is ON: inactive players will automatically lose when time's up. (requested by Nido-Rus)\n|c| Spitfire arcanine|if the world is against nido, i am against the world.\n|j| Quaxly\n|c| the figo|what\n|j| Smudge\n|j| streamed round one\n|j| Eragon11145\n|j| Peter Pan GC\n|inactive|MADARAAAA has 270 seconds left.\n|l| Eragon11145\n|j| theyummybagel\n|j| AIRedzone\n|j|+ryo yamada2001\n|inactive|MADARAAAA has 240 seconds left.\n|\n|t:|1701021660\n|start\n|switch|p1a: Dragapult|Dragapult, F|100\/100\n|switch|p1b: Landorus|Landorus-Therian, M|100\/100\n|switch|p2a: Glimmora|Glimmora, F|100\/100\n|switch|p2b: Tornadus|Tornadus, M|100\/100\n|-ability|p1b: Landorus|Intimidate|boost\n|-unboost|p2a: Glimmora|atk|1\n|-unboost|p2b: Tornadus|atk|1\n|turn|1\n|l| AIRedzone\n|j| AmoghOp(\n|c| AmoghOp(|Goo nido\n|inactive|MADARAAAA has 270 seconds left.\n|j| AIRedzone\n|inactive|MADARAAAA has 240 seconds left.\n|\n|t:|1701021723\n|move|p2b: Tornadus|Tailwind|p2b: Tornadus\n|-sidestart|p2: MADARAAAA|move: Tailwind\n|move|p2a: Glimmora|Power Gem|p1a: Dragapult\n|-damage|p1a: Dragapult|47\/100\n|-enditem|p1a: Dragapult|Sitrus Berry|[eat]\n|-heal|p1a: Dragapult|72\/100|[from] item: Sitrus Berry\n|move|p1b: Landorus|Rock Slide|p2b: Tornadus|[spread] p2a\n|-miss|p1b: Landorus|p2b: Tornadus\n|-damage|p2a: Glimmora|72\/100\n|-activate|p2a: Glimmora|ability: Toxic Debris\n|-sidestart|p1: Nido-Rus|move: Toxic Spikes\n|move|p1a: Dragapult|Thunder Wave|p2b: Tornadus\n|-status|p2b: Tornadus|par\n|\n|upkeep\n|turn|2\n|j| Rapid Spin Vettel\n|inactive|MADARAAAA has 240 seconds left.\n|l| Rapid Spin Vettel\n|\n|t:|1701021753\n|move|p2b: Tornadus|Taunt|p1a: Dragapult\n|-start|p1a: Dragapult|move: Taunt\n|move|p2a: Glimmora|Power Gem|p1b: Landorus\n|-damage|p1b: Landorus|44\/100\n|move|p1a: Dragapult|Hex|p2b: Tornadus\n|-damage|p2b: Tornadus|48\/100 par\n|move|p1b: Landorus|Rock Slide|p2b: Tornadus|[spread] p2a,p2b\n|-supereffective|p2b: Tornadus\n|-damage|p2a: Glimmora|45\/100\n|-damage|p2b: Tornadus|7\/100 par\n|-activate|p2a: Glimmora|ability: Toxic Debris\n|-sidestart|p1: Nido-Rus|move: Toxic Spikes\n|\n|upkeep\n|turn|3\n|j| deigo64\n|inactive|MADARAAAA has 240 seconds left.\n|l| deigo64\n|\n|t:|1701021801\n|switch|p1b: Glimmora|Glimmora, F|100\/100\n|-sideend|p1: Nido-Rus|move: Toxic Spikes|[of] p1b: Glimmora\n|move|p2a: Glimmora|Power Gem|p1b: Glimmora\n|-damage|p1b: Glimmora|43\/100\n|move|p1a: Dragapult|Hex|p2b: Tornadus\n|-damage|p2b: Tornadus|0 fnt\n|faint|p2b: Tornadus\n|\n|upkeep\n|inactive|MADARAAAA has 210 seconds left.\n|j|+daawesomedude1 (\n|\n|t:|1701021824\n|switch|p2b: Flutter Mane|Flutter Mane|100\/100\n|-enditem|p2b: Flutter Mane|Booster Energy\n|-activate|p2b: Flutter Mane|ability: Protosynthesis|[fromitem]\n|-start|p2b: Flutter Mane|protosynthesisspe\n|turn|4\n|l| AIRedzone\n|inactive|MADARAAAA has 210 seconds left.\n|inactive|Nido-Rus has 270 seconds left.\n|j| jomatoes\n|\n|t:|1701021859\n|move|p1b: Glimmora|Spiky Shield|p1b: Glimmora\n|-singleturn|p1b: Glimmora|move: Protect\n|move|p2b: Flutter Mane|Dazzling Gleam|p1b: Glimmora|[spread] p1a\n|-activate|p1b: Glimmora|move: Protect\n|-supereffective|p1a: Dragapult\n|-damage|p1a: Dragapult|2\/100\n|move|p2a: Glimmora|Earth Power|p1b: Glimmora\n|-activate|p1b: Glimmora|move: Protect\n|move|p1a: Dragapult|Hex|p2b: Flutter Mane\n|-supereffective|p2b: Flutter Mane\n|-damage|p2b: Flutter Mane|58\/100\n|\n|-end|p1a: Dragapult|move: Taunt\n|-sideend|p2: MADARAAAA|move: Tailwind\n|upkeep\n|turn|5\n|inactive|MADARAAAA has 210 seconds left.\n|inactive|Nido-Rus has 270 seconds left.\n|j| AIRedzone\n|inactive|MADARAAAA has 180 seconds left.\n|j| ratpacker\n|\n|t:|1701021926\n|move|p2b: Flutter Mane|Dazzling Gleam|p1a: Dragapult|[spread] p1a,p1b\n|-supereffective|p1a: Dragapult\n|-resisted|p1b: Glimmora\n|-damage|p1a: Dragapult|0 fnt\n|-damage|p1b: Glimmora|24\/100\n|faint|p1a: Dragapult\n|move|p1b: Glimmora|Power Gem|p2a: Glimmora\n|-damage|p2a: Glimmora|0 fnt\n|faint|p2a: Glimmora\n|\n|upkeep\n|j| SHONE\n|j| The JRL\n|inactive|MADARAAAA has 180 seconds left.\n|j|+Yoda2798\n|\n|t:|1701021955\n|switch|p1a: Flutter Mane|Flutter Mane|100\/100\n|switch|p2a: Chi-Yu|Chi-Yu|100\/100\n|-ability|p2a: Chi-Yu|Beads of Ruin\n|-enditem|p1a: Flutter Mane|Booster Energy\n|-activate|p1a: Flutter Mane|ability: Protosynthesis|[fromitem]\n|-start|p1a: Flutter Mane|protosynthesisspe\n|turn|6\n|l| The JRL\n|inactive|MADARAAAA has 180 seconds left.\n|inactive|Nido-Rus has 270 seconds left.\n|inactive|MADARAAAA has 150 seconds left.\n|l| AIRedzone\n|inactive|MADARAAAA has 120 seconds left.\n|\n|t:|1701022036\n|-terastallize|p1a: Flutter Mane|Fairy\n|move|p2b: Flutter Mane|Dazzling Gleam|p1a: Flutter Mane|[spread] p1a,p1b\n|-resisted|p1b: Glimmora\n|-damage|p1a: Flutter Mane|57\/100\n|-damage|p1b: Glimmora|0 fnt\n|faint|p1b: Glimmora\n|move|p1a: Flutter Mane|Moonblast|p2b: Flutter Mane\n|-damage|p2b: Flutter Mane|0 fnt\n|faint|p2b: Flutter Mane\n|-end|p2b: Flutter Mane|Protosynthesis|[silent]\n|move|p2a: Chi-Yu|Heat Wave|p1a: Flutter Mane\n|-damage|p1a: Flutter Mane|0 fnt\n|faint|p1a: Flutter Mane\n|-end|p1a: Flutter Mane|Protosynthesis|[silent]\n|-damage|p2a: Chi-Yu|91\/100|[from] item: Life Orb\n|\n|upkeep\n|inactive|Nido-Rus has 270 seconds left.\n|inactive|MADARAAAA has 120 seconds left.\n|j| AIRedzone\n|inactive|MADARAAAA has 90 seconds left.\n|inactive|Nido-Rus has 240 seconds left.\n|l| AIRedzone\n|inactive|MADARAAAA has 60 seconds left.\n|j| LoSconosciuto\n|inactive|MADARAAAA has 30 seconds left.\n|\n|t:|1701022147\n|switch|p2b: Ogerpon|Ogerpon-Wellspring, F|100\/100\n|switch|p1a: Ogerpon|Ogerpon-Wellspring, F|100\/100\n|switch|p1b: Landorus|Landorus-Therian, M|44\/100\n|-ability|p1b: Landorus|Intimidate|boost\n|-unboost|p2a: Chi-Yu|atk|1\n|-unboost|p2b: Ogerpon|atk|1\n|turn|7\n|inactive|Nido-Rus has 240 seconds left.\n|j| AIRedzone\n|\n|t:|1701022169\n|move|p2a: Chi-Yu|Protect|p2a: Chi-Yu\n|-singleturn|p2a: Chi-Yu|Protect\n|move|p2b: Ogerpon|Spiky Shield|p2b: Ogerpon\n|-singleturn|p2b: Ogerpon|move: Protect\n|move|p1b: Landorus|Rock Slide|p2a: Chi-Yu|[spread] \n|-activate|p2a: Chi-Yu|move: Protect\n|-activate|p2b: Ogerpon|move: Protect\n|move|p1a: Ogerpon|Ivy Cudgel|p2a: Chi-Yu|[anim] Ivy Cudgel Water\n|-activate|p2a: Chi-Yu|move: Protect\n|\n|upkeep\n|turn|8\n|j| GuitarheroVGC\n|j| Eragon11145\n|inactive|MADARAAAA has 30 seconds left.\n|inactive|MADARAAAA has 20 seconds left.\n|j| Fritz420\n|\n|t:|1701022211\n|switch|p2a: Rillaboom|Rillaboom, F|100\/100\n|-fieldstart|move: Grassy Terrain|[from] ability: Grassy Surge|[of] p2a: Rillaboom\n|move|p1b: Landorus|Rock Slide|p2b: Ogerpon|[spread] p2a,p2b\n|-damage|p2a: Rillaboom|78\/100\n|-damage|p2b: Ogerpon|77\/100\n|move|p1a: Ogerpon|Encore|p2b: Ogerpon\n|-start|p2b: Ogerpon|Encore\n|move|p2b: Ogerpon|Spiky Shield||[still]\n|-fail|p2b: Ogerpon\n|\n|-heal|p2b: Ogerpon|83\/100|[from] Grassy Terrain\n|-heal|p2a: Rillaboom|84\/100|[from] Grassy Terrain\n|upkeep\n|turn|9\n|inactive|Nido-Rus has 270 seconds left.\n|l| AIRedzone\n|j| Ann Nonima\n|j| AIRedzone\n|inactive|MADARAAAA has 30 seconds left.\n|l| Eragon11145\n|inactive|MADARAAAA has 20 seconds left.\n|l| Fritz420\n|inactive|MADARAAAA has 15 seconds left.\n|\n|t:|1701022245\n|switch|p1b: Iron Hands|Iron Hands|100\/100\n|move|p2b: Ogerpon|Spiky Shield|p2b: Ogerpon\n|-singleturn|p2b: Ogerpon|move: Protect\n|move|p2a: Rillaboom|Grassy Glide|p1b: Iron Hands\n|-damage|p1b: Iron Hands|71\/100\n|move|p1a: Ogerpon|Ivy Cudgel|p2b: Ogerpon|[anim] Ivy Cudgel Water\n|-activate|p2b: Ogerpon|move: Protect\n|\n|-heal|p2b: Ogerpon|89\/100|[from] Grassy Terrain\n|-heal|p2a: Rillaboom|90\/100|[from] Grassy Terrain\n|-heal|p1b: Iron Hands|77\/100|[from] Grassy Terrain\n|upkeep\n|turn|10\n|inactive|Nido-Rus has 270 seconds left.\n|inactive|MADARAAAA has 30 seconds left.\n|inactive|MADARAAAA has 20 seconds left.\n|\n|t:|1701022266\n|switch|p2b: Chi-Yu|Chi-Yu|91\/100\n|-ability|p2b: Chi-Yu|Beads of Ruin\n|move|p1a: Ogerpon|Follow Me|p1a: Ogerpon\n|-singleturn|p1a: Ogerpon|move: Follow Me\n|move|p2a: Rillaboom|U-turn|p1a: Ogerpon\n|-supereffective|p1a: Ogerpon\n|-damage|p1a: Ogerpon|41\/100\n|inactive|MADARAAAA has 25 seconds left this turn.\n|inactive|MADARAAAA has 20 seconds left.\n|\n|t:|1701022274\n|switch|p2a: Ogerpon|Ogerpon-Wellspring, F|89\/100|[from] U-turn\n|move|p1b: Iron Hands|Swords Dance|p1b: Iron Hands\n|-boost|p1b: Iron Hands|atk|2\n|\n|-heal|p2b: Chi-Yu|97\/100|[from] Grassy Terrain\n|-heal|p1a: Ogerpon|47\/100|[from] Grassy Terrain\n|-heal|p2a: Ogerpon|95\/100|[from] Grassy Terrain\n|-heal|p1b: Iron Hands|84\/100|[from] Grassy Terrain\n|upkeep\n|turn|11\n|inactive|MADARAAAA has 30 seconds left.\n|\n|t:|1701022292\n|move|p1a: Ogerpon|Spiky Shield|p1a: Ogerpon\n|-singleturn|p1a: Ogerpon|move: Protect\n|move|p1b: Iron Hands|Protect|p1b: Iron Hands\n|-singleturn|p1b: Iron Hands|Protect\n|move|p2a: Ogerpon|Follow Me|p2a: Ogerpon\n|-singleturn|p2a: Ogerpon|move: Follow Me\n|move|p2b: Chi-Yu|Overheat|p1b: Iron Hands\n|-activate|p1b: Iron Hands|move: Protect\n|\n|-heal|p2b: Chi-Yu|100\/100|[from] Grassy Terrain\n|-heal|p1a: Ogerpon|53\/100|[from] Grassy Terrain\n|-heal|p2a: Ogerpon|100\/100|[from] Grassy Terrain\n|-heal|p1b: Iron Hands|90\/100|[from] Grassy Terrain\n|upkeep\n|turn|12\n|l| GuitarheroVGC\n|j| Schister\n|\n|t:|1701022312\n|move|p1a: Ogerpon|Follow Me|p1a: Ogerpon\n|-singleturn|p1a: Ogerpon|move: Follow Me\n|move|p2a: Ogerpon|Follow Me|p2a: Ogerpon\n|-singleturn|p2a: Ogerpon|move: Follow Me\n|move|p2b: Chi-Yu|Overheat|p1a: Ogerpon\n|-damage|p1a: Ogerpon|0 fnt\n|-unboost|p2b: Chi-Yu|spa|2\n|faint|p1a: Ogerpon\n|-damage|p2b: Chi-Yu|91\/100|[from] item: Life Orb\n|move|p1b: Iron Hands|Drain Punch|p2a: Ogerpon\n|-damage|p2a: Ogerpon|0 fnt\n|-heal|p1b: Iron Hands|100\/100|[from] drain|[of] p2a: Ogerpon\n|faint|p2a: Ogerpon\n|\n|-heal|p2b: Chi-Yu|97\/100|[from] Grassy Terrain\n|-fieldend|move: Grassy Terrain\n|upkeep\n|\n|t:|1701022318\n|switch|p1a: Landorus|Landorus-Therian, M|44\/100\n|switch|p2a: Rillaboom|Rillaboom, F|90\/100\n|-ability|p1a: Landorus|Intimidate|boost\n|-unboost|p2a: Rillaboom|atk|1\n|-unboost|p2b: Chi-Yu|atk|1\n|-fieldstart|move: Grassy Terrain|[from] ability: Grassy Surge|[of] p2a: Rillaboom\n|turn|13\n|j| Sunrose\n|j| GuitarheroVGC\n|j| KeanuVGC\n|inactive|MADARAAAA has 60 seconds left.\n|inactive|Nido-Rus has 270 seconds left.\n|\n|t:|1701022350\n|-terastallize|p2b: Chi-Yu|Ghost\n|move|p2a: Rillaboom|Fake Out|p1a: Landorus\n|-damage|p1a: Landorus|32\/100\n|cant|p1a: Landorus|flinch\n|move|p2b: Chi-Yu|Heat Wave|p1a: Landorus|[spread] p1b\n|-miss|p2b: Chi-Yu|p1a: Landorus\n|-damage|p1b: Iron Hands|75\/100\n|-damage|p2b: Chi-Yu|87\/100|[from] item: Life Orb\n|move|p1b: Iron Hands|Drain Punch|p2a: Rillaboom\n|-damage|p2a: Rillaboom|0 fnt\n|-heal|p1b: Iron Hands|100\/100|[from] drain|[of] p2a: Rillaboom\n|faint|p2a: Rillaboom\n|\n|-heal|p2b: Chi-Yu|93\/100|[from] Grassy Terrain\n|upkeep\n|turn|14\n|j| socks or dies\u2603\n|\n|t:|1701022363\n|move|p1a: Landorus|Stomping Tantrum|p2b: Chi-Yu\n|-damage|p2b: Chi-Yu|0 fnt\n|faint|p2b: Chi-Yu\n|\n|win|Nido-Rus\n|l|+paolode99\n|c| AmoghOp(|Goat\n|c|\u2606Nido-Rus|gg\n|l| diegoyuhhi\n|c| AIRedzone|NIDOOOOO\n|l| Ann Nonima\n|c|\u2606MADARAAAA|gg\n|c| Tessera|king\n|l| ratpacker\n|c|+sundays.n_sundaes|GOAT\n|l|\u2606MADARAAAA\n|c| the figo|GO NIDO\n|l| Faaagamer\n|l| AIRedzone\n|l|+daawesomedude1 (\n|l| Smudge\n|c|+sundays.n_sundaes|LETS GO\n|l|+sundays.n_sundaes\n|l| Sunrose\n|l| AmoghOp(\n|l| Lawrence_lmao\n|j|+sundays.n_sundaes\n|l| GuitarheroVGC\n|l| WhoDatMan\n|l| Waffle2O23\n|l| SHONE\n|l| socks or dies\u2603\n|l| KeanuVGC\n|l| the figo\n|l| Pratik2007\n|l|+sundays.n_sundaes\n|l| LoSconosciuto\n|j| luisin\n|j| Eragon11145\n|l| Eragon11145\n|l| pipppo\n|l| F3rrari450\n|l| luisin\n|j|+Litwick\n","uploadtime":1701022380,"views":105,"p1id":"nidorus","p2id":"madaraaaa","formatid":"gen9doublesou","rating":0,"private":0,"password":""}