{"id":"gen9doublesou-1985103122","p1":"smexydevvi","p2":"idcap","format":"[Gen 9] Doubles OU","log":"|j|\u2606smexydevvi\n|j|\u2606idcap\n|t:|1699331233\n|gametype|doubles\n|player|p1|smexydevvi|cynthia-gen4|1073\n|player|p2|idcap|265|1121\n|teamsize|p1|6\n|teamsize|p2|6\n|gen|9\n|tier|[Gen 9] Doubles OU\n|rated|\n|rule|Species Clause: Limit one of each Pok\u00e9mon\n|rule|OHKO Clause: OHKO moves are banned\n|rule|Evasion Moves Clause: Evasion moves are banned\n|rule|Gravity Sleep Clause: The combination of sleep-inducing moves with imperfect accuracy and Gravity or Gigantamax Orbeetle are banned\n|rule|Endless Battle Clause: Forcing endless battles is banned\n|rule|HP Percentage Mod: HP is shown in percentages\n|clearpoke\n|poke|p1|Arboliva, M|\n|poke|p1|Torkoal, F|\n|poke|p1|Vaporeon, M|\n|poke|p1|Overqwil, F|\n|poke|p1|Hatterene, F|\n|poke|p1|Scream Tail|\n|poke|p2|Breloom, M|\n|poke|p2|Tornadus, M|\n|poke|p2|Iron Bundle|\n|poke|p2|Wo-Chien|\n|poke|p2|Volcanion|\n|poke|p2|Garganacl, F|\n|teampreview\n|\n|t:|1699331259\n|start\n|switch|p1a: Overqwil|Overqwil, F|100\/100\n|switch|p1b: Torkoal|Torkoal, F|100\/100\n|switch|p2a: Breloom|Breloom, M|100\/100\n|switch|p2b: Tornadus|Tornadus, M|100\/100\n|-ability|p1a: Overqwil|Intimidate|boost\n|-unboost|p2a: Breloom|atk|1\n|-unboost|p2b: Tornadus|atk|1\n|-weather|SunnyDay|[from] ability: Drought|[of] p1b: Torkoal\n|turn|1\n|\n|t:|1699331277\n|move|p2b: Tornadus|Tailwind|p2b: Tornadus\n|-sidestart|p2: idcap|move: Tailwind\n|move|p2a: Breloom|Spore|p1b: Torkoal\n|-status|p1b: Torkoal|slp|[from] move: Spore\n|move|p1a: Overqwil|Toxic|p2a: Breloom\n|-status|p2a: Breloom|tox\n|cant|p1b: Torkoal|slp\n|\n|-weather|SunnyDay|[upkeep]\n|-damage|p2a: Breloom|94\/100 tox|[from] psn\n|upkeep\n|turn|2\n|\n|t:|1699331296\n|move|p2b: Tornadus|Bleakwind Storm|p1a: Overqwil|[spread] p1a,p1b\n|-damage|p1a: Overqwil|56\/100\n|-damage|p1b: Torkoal|73\/100 slp\n|move|p2a: Breloom|Leech Seed|p1a: Overqwil\n|-start|p1a: Overqwil|move: Leech Seed\n|move|p1a: Overqwil|Barb Barrage|p2a: Breloom\n|-supereffective|p2a: Breloom\n|-damage|p2a: Breloom|0 fnt\n|faint|p2a: Breloom\n|cant|p1b: Torkoal|slp\n|\n|-weather|SunnyDay|[upkeep]\n|-heal|p1a: Overqwil|62\/100|[from] item: Leftovers\n|upkeep\n|\n|t:|1699331316\n|switch|p2a: Garganacl|Garganacl, F|100\/100\n|turn|3\n|\n|t:|1699331346\n|switch|p1a: Scream Tail|Scream Tail|100\/100\n|-activate|p1a: Scream Tail|ability: Protosynthesis\n|-start|p1a: Scream Tail|protosynthesisspe\n|move|p2b: Tornadus|Bleakwind Storm|p1b: Torkoal|[spread] p1a,p1b\n|-damage|p1a: Scream Tail|78\/100\n|-damage|p1b: Torkoal|45\/100 slp\n|-unboost|p1a: Scream Tail|spe|1\n|-unboost|p1b: Torkoal|spe|1\n|move|p2a: Garganacl|Salt Cure|p1b: Torkoal\n|-supereffective|p1b: Torkoal\n|-damage|p1b: Torkoal|24\/100 slp\n|-start|p1b: Torkoal|Salt Cure\n|-curestatus|p1b: Torkoal|slp|[msg]\n|move|p1b: Torkoal|Iron Defense|p1b: Torkoal\n|-boost|p1b: Torkoal|def|2\n|\n|-weather|SunnyDay|[upkeep]\n|-heal|p1a: Scream Tail|84\/100|[from] item: Leftovers\n|-damage|p1b: Torkoal|11\/100|[from] Salt Cure\n|upkeep\n|turn|4\n|\n|t:|1699331377\n|move|p2b: Tornadus|Bleakwind Storm|p1a: Scream Tail|[spread] p1a,p1b\n|-damage|p1a: Scream Tail|63\/100\n|-damage|p1b: Torkoal|0 fnt\n|faint|p1b: Torkoal\n|move|p1a: Scream Tail|Thunder Wave|p2b: Tornadus|[miss]\n|-miss|p1a: Scream Tail|p2b: Tornadus\n|move|p2a: Garganacl|Salt Cure|p1a: Scream Tail\n|-damage|p1a: Scream Tail|51\/100\n|-start|p1a: Scream Tail|Salt Cure\n|\n|-weather|SunnyDay|[upkeep]\n|-heal|p1a: Scream Tail|58\/100|[from] item: Leftovers\n|-damage|p1a: Scream Tail|45\/100|[from] Salt Cure\n|-sideend|p2: idcap|move: Tailwind\n|upkeep\n|\n|t:|1699331392\n|switch|p1b: Vaporeon|Vaporeon, M|100\/100\n|turn|5\n|\n|t:|1699331402\n|-end|p1a: Scream Tail|Protosynthesis|[silent]\n|switch|p1a: Overqwil|Overqwil, F|62\/100\n|-ability|p1a: Overqwil|Intimidate|boost\n|-unboost|p2a: Garganacl|atk|1\n|-unboost|p2b: Tornadus|atk|1\n|move|p2b: Tornadus|Tailwind|p2b: Tornadus\n|-sidestart|p2: idcap|move: Tailwind\n|move|p2a: Garganacl|Salt Cure|p1b: Vaporeon\n|-crit|p1b: Vaporeon\n|-damage|p1b: Vaporeon|78\/100\n|-start|p1b: Vaporeon|Salt Cure\n|move|p1b: Vaporeon|Calm Mind|p1b: Vaporeon\n|-boost|p1b: Vaporeon|spa|1\n|-boost|p1b: Vaporeon|spd|1\n|\n|-weather|SunnyDay|[upkeep]\n|-heal|p1a: Overqwil|68\/100|[from] item: Leftovers\n|-heal|p1b: Vaporeon|84\/100|[from] item: Leftovers\n|-damage|p1b: Vaporeon|59\/100|[from] Salt Cure\n|upkeep\n|turn|6\n|\n|t:|1699331431\n|move|p2b: Tornadus|Bleakwind Storm|p1a: Overqwil|[spread] p1a,p1b\n|-damage|p1a: Overqwil|16\/100\n|-damage|p1b: Vaporeon|43\/100\n|-unboost|p1a: Overqwil|spe|1\n|-unboost|p1b: Vaporeon|spe|1\n|move|p1a: Overqwil|Toxic|p2b: Tornadus\n|-status|p2b: Tornadus|tox\n|move|p2a: Garganacl|Salt Cure|p1a: Overqwil\n|-damage|p1a: Overqwil|5\/100\n|-start|p1a: Overqwil|Salt Cure\n|move|p1b: Vaporeon|Muddy Water|p2a: Garganacl|[spread] p2a,p2b\n|-supereffective|p2a: Garganacl\n|-damage|p2a: Garganacl|51\/100\n|-damage|p2b: Tornadus|80\/100 tox\n|-unboost|p2b: Tornadus|accuracy|1\n|\n|-weather|SunnyDay|[upkeep]\n|-heal|p1a: Overqwil|11\/100|[from] item: Leftovers\n|-heal|p2a: Garganacl|58\/100|[from] item: Leftovers\n|-heal|p1b: Vaporeon|50\/100|[from] item: Leftovers\n|-damage|p2b: Tornadus|73\/100 tox|[from] psn\n|-damage|p1a: Overqwil|0 fnt|[from] Salt Cure\n|faint|p1a: Overqwil\n|-damage|p1b: Vaporeon|25\/100|[from] Salt Cure\n|upkeep\n|\n|t:|1699331457\n|switch|p1a: Hatterene|Hatterene, F|100\/100\n|turn|7\n|\n|t:|1699331478\n|move|p2b: Tornadus|U-turn|p1a: Hatterene\n|-damage|p1a: Hatterene|91\/100\n|\n|t:|1699331485\n|switch|p2b: Volcanion|Volcanion|100\/100|[from] U-turn\n|move|p2a: Garganacl|Salt Cure|p1a: Hatterene\n|-damage|p1a: Hatterene|82\/100\n|-start|p1a: Hatterene|Salt Cure\n|move|p1b: Vaporeon|Baton Pass|p1b: Vaporeon\n|\n|t:|1699331492\n|switch|p1b: Arboliva|Arboliva, M|100\/100|[from] Baton Pass\n|move|p1a: Hatterene|Giga Drain|p2a: Garganacl\n|-supereffective|p2a: Garganacl\n|-damage|p2a: Garganacl|1\/100\n|-heal|p1a: Hatterene|100\/100|[from] drain|[of] p2a: Garganacl\n|\n|-weather|SunnyDay|[upkeep]\n|-heal|p2a: Garganacl|7\/100|[from] item: Leftovers\n|-damage|p1a: Hatterene|88\/100|[from] Salt Cure\n|upkeep\n|turn|8\n|\n|t:|1699331516\n|move|p2b: Volcanion|Will-O-Wisp|p1b: Arboliva|[miss]\n|-miss|p2b: Volcanion|p1b: Arboliva\n|move|p2a: Garganacl|Salt Cure|p1b: Arboliva\n|-damage|p1b: Arboliva|91\/100\n|-start|p1b: Arboliva|Salt Cure\n|move|p1a: Hatterene|Giga Drain|p2a: Garganacl\n|-supereffective|p2a: Garganacl\n|-damage|p2a: Garganacl|0 fnt\n|-heal|p1a: Hatterene|93\/100|[from] drain|[of] p2a: Garganacl\n|faint|p2a: Garganacl\n|move|p1b: Arboliva|Leech Seed|p2b: Volcanion\n|-start|p2b: Volcanion|move: Leech Seed\n|\n|-weather|none\n|-damage|p2b: Volcanion|88\/100|[from] Leech Seed|[of] p1b: Arboliva\n|-heal|p1b: Arboliva|100\/100|[silent]\n|-damage|p1a: Hatterene|80\/100|[from] Salt Cure\n|-damage|p1b: Arboliva|88\/100|[from] Salt Cure\n|-sideend|p2: idcap|move: Tailwind\n|upkeep\n|\n|t:|1699331540\n|switch|p2a: Tornadus|Tornadus, M|73\/100 tox\n|turn|9\n|\n|t:|1699331582\n|move|p1b: Arboliva|Protect|p1b: Arboliva\n|-singleturn|p1b: Arboliva|Protect\n|move|p2a: Tornadus|Tailwind|p2a: Tornadus\n|-sidestart|p2: idcap|move: Tailwind\n|move|p2b: Volcanion|Sludge Bomb|p1b: Arboliva\n|-activate|p1b: Arboliva|move: Protect\n|move|p1a: Hatterene|Mystical Fire|p2b: Volcanion\n|-resisted|p2b: Volcanion\n|-damage|p2b: Volcanion|81\/100\n|-unboost|p2b: Volcanion|spa|1\n|\n|-damage|p2b: Volcanion|69\/100|[from] Leech Seed|[of] p1b: Arboliva\n|-heal|p1b: Arboliva|100\/100|[silent]\n|-damage|p2a: Tornadus|67\/100 tox|[from] psn\n|-damage|p1a: Hatterene|68\/100|[from] Salt Cure\n|-damage|p1b: Arboliva|88\/100|[from] Salt Cure\n|upkeep\n|turn|10\n|\n|t:|1699331605\n|move|p2a: Tornadus|Bleakwind Storm|p1b: Arboliva|[spread] p1a\n|-miss|p2a: Tornadus|p1b: Arboliva\n|-damage|p1a: Hatterene|47\/100\n|-unboost|p1a: Hatterene|spe|1\n|move|p2b: Volcanion|Sludge Bomb|p1b: Arboliva\n|-supereffective|p1b: Arboliva\n|-damage|p1b: Arboliva|68\/100\n|move|p1b: Arboliva|Leech Seed|p2a: Tornadus\n|-start|p2a: Tornadus|move: Leech Seed\n|move|p1a: Hatterene|Mystical Fire|p2b: Volcanion\n|-resisted|p2b: Volcanion\n|-damage|p2b: Volcanion|62\/100\n|-unboost|p2b: Volcanion|spa|1\n|\n|-damage|p2a: Tornadus|55\/100 tox|[from] Leech Seed|[of] p1b: Arboliva\n|-heal|p1b: Arboliva|81\/100|[silent]\n|-damage|p2b: Volcanion|49\/100|[from] Leech Seed|[of] p1b: Arboliva\n|-heal|p1b: Arboliva|93\/100|[silent]\n|-damage|p2a: Tornadus|43\/100 tox|[from] psn\n|-damage|p1b: Arboliva|81\/100|[from] Salt Cure\n|-damage|p1a: Hatterene|35\/100|[from] Salt Cure\n|upkeep\n|turn|11\n|\n|t:|1699331635\n|switch|p1a: Scream Tail|Scream Tail|45\/100\n|move|p2a: Tornadus|U-turn|p1b: Arboliva\n|-supereffective|p1b: Arboliva\n|-damage|p1b: Arboliva|49\/100\n|-enditem|p1b: Arboliva|Sitrus Berry|[eat]\n|-heal|p1b: Arboliva|73\/100|[from] item: Sitrus Berry\n|\n|t:|1699331646\n|switch|p2a: Wo-Chien|Wo-Chien|100\/100|[from] U-turn\n|-ability|p2a: Wo-Chien|Tablets of Ruin\n|move|p2b: Volcanion|Sludge Bomb|p1b: Arboliva\n|-supereffective|p1b: Arboliva\n|-damage|p1b: Arboliva|58\/100\n|-status|p1b: Arboliva|psn\n|move|p1b: Arboliva|Giga Drain|p2b: Volcanion\n|-damage|p2b: Volcanion|5\/100\n|-heal|p1b: Arboliva|80\/100 psn|[from] drain|[of] p2b: Volcanion\n|\n|-heal|p1a: Scream Tail|51\/100|[from] item: Leftovers\n|-damage|p2b: Volcanion|0 fnt|[from] Leech Seed|[of] p1b: Arboliva\n|-heal|p1b: Arboliva|85\/100 psn|[silent]\n|faint|p2b: Volcanion\n|-damage|p1b: Arboliva|73\/100 psn|[from] psn\n|-damage|p1b: Arboliva|60\/100 psn|[from] Salt Cure\n|-item|p1b: Arboliva|Sitrus Berry|[from] ability: Harvest\n|upkeep\n|\n|t:|1699331665\n|switch|p2b: Iron Bundle|Iron Bundle, shiny|100\/100\n|-enditem|p2b: Iron Bundle|Booster Energy\n|-activate|p2b: Iron Bundle|ability: Quark Drive|[fromitem]\n|-start|p2b: Iron Bundle|quarkdrivespe\n|turn|12\n|\n|t:|1699331687\n|move|p1b: Arboliva|Protect|p1b: Arboliva\n|-singleturn|p1b: Arboliva|Protect\n|move|p2b: Iron Bundle|Freeze-Dry|p1b: Arboliva\n|-activate|p1b: Arboliva|move: Protect\n|move|p1a: Scream Tail|Sunny Day|p1a: Scream Tail\n|-weather|SunnyDay\n|-activate|p1a: Scream Tail|ability: Protosynthesis\n|-start|p1a: Scream Tail|protosynthesisspe\n|move|p2a: Wo-Chien|Pollen Puff|p1b: Arboliva\n|-activate|p1b: Arboliva|move: Protect\n|\n|-weather|SunnyDay|[upkeep]\n|-heal|p1a: Scream Tail|58\/100|[from] item: Leftovers\n|-damage|p1b: Arboliva|48\/100 psn|[from] psn\n|-damage|p1b: Arboliva|36\/100 psn|[from] Salt Cure\n|-sideend|p2: idcap|move: Tailwind\n|upkeep\n|-enditem|p1b: Arboliva|Sitrus Berry|[eat]\n|-heal|p1b: Arboliva|61\/100 psn|[from] item: Sitrus Berry\n|turn|13\n|\n|t:|1699331738\n|-terastallize|p1b: Arboliva|Ghost\n|move|p2b: Iron Bundle|Freeze-Dry|p1b: Arboliva\n|-damage|p1b: Arboliva|44\/100 psn\n|move|p1a: Scream Tail|Thunder Wave|p2b: Iron Bundle\n|-status|p2b: Iron Bundle|par\n|move|p2a: Wo-Chien|Pollen Puff|p1b: Arboliva\n|-resisted|p1b: Arboliva\n|-damage|p1b: Arboliva|40\/100 psn\n|move|p1b: Arboliva|Giga Drain|p2b: Iron Bundle\n|-supereffective|p2b: Iron Bundle\n|-damage|p2b: Iron Bundle|0 fnt\n|-heal|p1b: Arboliva|75\/100 psn|[from] drain|[of] p2b: Iron Bundle\n|faint|p2b: Iron Bundle\n|-end|p2b: Iron Bundle|Quark Drive|[silent]\n|\n|-weather|SunnyDay|[upkeep]\n|-heal|p1a: Scream Tail|64\/100|[from] item: Leftovers\n|-damage|p1b: Arboliva|63\/100 psn|[from] psn\n|-damage|p1b: Arboliva|51\/100 psn|[from] Salt Cure\n|-item|p1b: Arboliva|Sitrus Berry|[from] ability: Harvest\n|upkeep\n|\n|t:|1699331757\n|switch|p2b: Tornadus|Tornadus, M|43\/100 tox\n|turn|14\n|\n|t:|1699331768\n|move|p1b: Arboliva|Protect|p1b: Arboliva\n|-singleturn|p1b: Arboliva|Protect\n|move|p2b: Tornadus|Tailwind|p2b: Tornadus\n|-sidestart|p2: idcap|move: Tailwind\n|move|p1a: Scream Tail|Thunder Wave|p2a: Wo-Chien\n|-status|p2a: Wo-Chien|par\n|cant|p2a: Wo-Chien|par\n|\n|-weather|SunnyDay|[upkeep]\n|-heal|p1a: Scream Tail|70\/100|[from] item: Leftovers\n|-damage|p2b: Tornadus|37\/100 tox|[from] psn\n|-damage|p1b: Arboliva|38\/100 psn|[from] psn\n|-damage|p1b: Arboliva|26\/100 psn|[from] Salt Cure\n|upkeep\n|-enditem|p1b: Arboliva|Sitrus Berry|[eat]\n|-heal|p1b: Arboliva|51\/100 psn|[from] item: Sitrus Berry\n|turn|15\n|\n|t:|1699331798\n|move|p1a: Scream Tail|Encore|p2b: Tornadus\n|-start|p2b: Tornadus|Encore\n|move|p2b: Tornadus|Tailwind||[still]\n|-fail|p2b: Tornadus\n|move|p2a: Wo-Chien|Knock Off|p1b: Arboliva\n|-supereffective|p1b: Arboliva\n|-damage|p1b: Arboliva|12\/100 psn\n|move|p1b: Arboliva|Giga Drain|p2b: Tornadus\n|-resisted|p2b: Tornadus\n|-damage|p2b: Tornadus|18\/100 tox\n|-heal|p1b: Arboliva|22\/100 psn|[from] drain|[of] p2b: Tornadus\n|\n|-weather|SunnyDay|[upkeep]\n|-heal|p1a: Scream Tail|76\/100|[from] item: Leftovers\n|-damage|p2b: Tornadus|6\/100 tox|[from] psn\n|-damage|p1b: Arboliva|9\/100 psn|[from] psn\n|-damage|p1b: Arboliva|0 fnt|[from] Salt Cure\n|faint|p1b: Arboliva\n|upkeep\n|\n|t:|1699331813\n|switch|p1b: Vaporeon|Vaporeon, M|25\/100\n|turn|16\n|\n|t:|1699331846\n|move|p2b: Tornadus|Tailwind||[still]\n|-fail|p2b: Tornadus\n|move|p1a: Scream Tail|Psychic Fangs|p2b: Tornadus\n|-damage|p2b: Tornadus|0 fnt\n|faint|p2b: Tornadus\n|move|p1b: Vaporeon|Weather Ball|p2a: Wo-Chien\n|-supereffective|p2a: Wo-Chien\n|-damage|p2a: Wo-Chien|44\/100 par\n|cant|p2a: Wo-Chien|par\n|\n|-weather|none\n|-end|p1a: Scream Tail|Protosynthesis\n|-heal|p1a: Scream Tail|83\/100|[from] item: Leftovers\n|-heal|p1b: Vaporeon|31\/100|[from] item: Leftovers\n|upkeep\n|turn|17\n|\n|t:|1699331862\n|move|p1a: Scream Tail|Sunny Day|p1a: Scream Tail\n|-weather|SunnyDay\n|-activate|p1a: Scream Tail|ability: Protosynthesis\n|-start|p1a: Scream Tail|protosynthesisspe\n|move|p1b: Vaporeon|Weather Ball|p2a: Wo-Chien\n|-supereffective|p2a: Wo-Chien\n|-damage|p2a: Wo-Chien|0 fnt\n|faint|p2a: Wo-Chien\n|\n|win|smexydevvi\n|raw|smexydevvi's rating: 1073 &rarr; <strong>1106<\/strong><br \/>(+33 for winning)\n|raw|idcap's rating: 1121 &rarr; <strong>1093<\/strong><br \/>(-28 for losing)\n|l|\u2606idcap\n","uploadtime":1699331872,"views":10,"p1id":"smexydevvi","p2id":"idcap","formatid":"gen9doublesou","rating":1093,"private":0,"password":""}