{"id":"gen9doublesou-1985231061","p1":"SuperAndroid99","p2":"menhict","format":"[Gen 9] Doubles OU","log":"|j|\u2606SuperAndroid99\n|j|\u2606menhict\n|t:|1699352528\n|gametype|doubles\n|player|p1|SuperAndroid99|gambler|1171\n|player|p2|menhict|266|1286\n|teamsize|p1|6\n|teamsize|p2|6\n|gen|9\n|tier|[Gen 9] Doubles OU\n|rated|\n|rule|Species Clause: Limit one of each Pok\u00e9mon\n|rule|OHKO Clause: OHKO moves are banned\n|rule|Evasion Moves Clause: Evasion moves are banned\n|rule|Gravity Sleep Clause: The combination of sleep-inducing moves with imperfect accuracy and Gravity or Gigantamax Orbeetle are banned\n|rule|Endless Battle Clause: Forcing endless battles is banned\n|rule|HP Percentage Mod: HP is shown in percentages\n|clearpoke\n|poke|p1|Bronzong|\n|poke|p1|Iron Hands|\n|poke|p1|Kingambit, F|\n|poke|p1|Skeledirge, F|\n|poke|p1|Flutter Mane|\n|poke|p1|Samurott-Hisui, F|\n|poke|p2|Weezing-Galar, M|\n|poke|p2|Slaking, F|\n|poke|p2|Rillaboom, F|\n|poke|p2|Toedscruel, M|\n|poke|p2|Clefable, F|\n|poke|p2|Torkoal, M|\n|teampreview\n|\n|t:|1699352568\n|start\n|switch|p1a: Iron Hands|Iron Hands|100\/100\n|switch|p1b: Bronzong|Bronzong, shiny|100\/100\n|switch|p2a: Rillaboom|Rillaboom, F|100\/100\n|switch|p2b: Torkoal|Torkoal, M|100\/100\n|-fieldstart|move: Grassy Terrain|[from] ability: Grassy Surge|[of] p2a: Rillaboom\n|-weather|SunnyDay|[from] ability: Drought|[of] p2b: Torkoal\n|turn|1\n|\n|t:|1699352594\n|switch|p1b: Samurott|Samurott-Hisui, F|100\/100\n|move|p2a: Rillaboom|Fake Out|p1a: Iron Hands\n|-damage|p1a: Iron Hands|88\/100\n|-damage|p2a: Rillaboom|91\/100|[from] item: Life Orb\n|cant|p1a: Iron Hands|flinch\n|move|p2b: Torkoal|Eruption|p1b: Samurott|[spread] p1a,p1b\n|-resisted|p1b: Samurott\n|-damage|p1a: Iron Hands|33\/100\n|-damage|p1b: Samurott|36\/100\n|\n|-weather|SunnyDay|[upkeep]\n|-heal|p1b: Samurott|42\/100|[from] Grassy Terrain\n|-heal|p2a: Rillaboom|97\/100|[from] Grassy Terrain\n|-heal|p1a: Iron Hands|39\/100|[from] Grassy Terrain\n|upkeep\n|turn|2\n|\n|t:|1699352626\n|move|p1b: Samurott|Sucker Punch|p2a: Rillaboom\n|-damage|p2a: Rillaboom|63\/100\n|move|p2a: Rillaboom|Grassy Glide|p1b: Samurott\n|-supereffective|p1b: Samurott\n|-damage|p1b: Samurott|0 fnt\n|faint|p1b: Samurott\n|-damage|p2a: Rillaboom|53\/100|[from] item: Life Orb\n|move|p1a: Iron Hands|Drain Punch|p2b: Torkoal\n|-damage|p2b: Torkoal|66\/100\n|-heal|p1a: Iron Hands|51\/100|[from] drain|[of] p2b: Torkoal\n|move|p2b: Torkoal|Earth Power|p1a: Iron Hands\n|-supereffective|p1a: Iron Hands\n|-damage|p1a: Iron Hands|20\/100\n|\n|-weather|SunnyDay|[upkeep]\n|-heal|p2a: Rillaboom|59\/100|[from] Grassy Terrain\n|-heal|p1a: Iron Hands|26\/100|[from] Grassy Terrain\n|-heal|p2b: Torkoal|73\/100|[from] Grassy Terrain\n|upkeep\n|\n|t:|1699352644\n|switch|p1b: Skeledirge|Skeledirge, F, shiny|100\/100\n|turn|3\n|\n|t:|1699352657\n|move|p2a: Rillaboom|U-turn|p1a: Iron Hands\n|-resisted|p1a: Iron Hands\n|-damage|p1a: Iron Hands|15\/100\n|-damage|p2a: Rillaboom|49\/100|[from] item: Life Orb\n|\n|t:|1699352672\n|switch|p2a: Slaking|Slaking, F|100\/100|[from] U-turn\n|move|p1b: Skeledirge|Torch Song|p2a: Slaking\n|-damage|p2a: Slaking|48\/100\n|-boost|p1b: Skeledirge|spa|1\n|move|p1a: Iron Hands|Drain Punch|p2b: Torkoal\n|-damage|p2b: Torkoal|37\/100\n|-heal|p1a: Iron Hands|28\/100|[from] drain|[of] p2b: Torkoal\n|move|p2b: Torkoal|Earth Power|p1b: Skeledirge\n|-supereffective|p1b: Skeledirge\n|-damage|p1b: Skeledirge|65\/100\n|\n|-weather|SunnyDay|[upkeep]\n|-heal|p2a: Slaking|54\/100|[from] Grassy Terrain\n|-heal|p1b: Skeledirge|71\/100|[from] Grassy Terrain\n|-heal|p1b: Skeledirge|77\/100|[from] item: Leftovers\n|-heal|p1a: Iron Hands|34\/100|[from] Grassy Terrain\n|-heal|p2b: Torkoal|43\/100|[from] Grassy Terrain\n|upkeep\n|turn|4\n|\n|t:|1699352699\n|switch|p2b: Weezing|Weezing-Galar, M|100\/100\n|-ability|p2b: Weezing|Neutralizing Gas\n|move|p2a: Slaking|Rock Slide|p1a: Iron Hands|[spread] p1a,p1b\n|-resisted|p1a: Iron Hands\n|-supereffective|p1b: Skeledirge\n|-damage|p1a: Iron Hands|23\/100\n|-damage|p1b: Skeledirge|23\/100\n|-damage|p2a: Slaking|44\/100|[from] item: Life Orb\n|move|p1b: Skeledirge|Torch Song|p2a: Slaking\n|-damage|p2a: Slaking|0 fnt\n|-boost|p1b: Skeledirge|spa|1\n|faint|p2a: Slaking\n|move|p1a: Iron Hands|Drain Punch|p2b: Weezing\n|-resisted|p2b: Weezing\n|-damage|p2b: Weezing|90\/100\n|-heal|p1a: Iron Hands|26\/100|[from] drain|[of] p2b: Weezing\n|\n|-weather|SunnyDay|[upkeep]\n|-heal|p2b: Weezing|96\/100|[from] Grassy Terrain\n|-heal|p2b: Weezing|100\/100|[from] item: Black Sludge\n|-heal|p1b: Skeledirge|29\/100|[from] Grassy Terrain\n|-heal|p1b: Skeledirge|35\/100|[from] item: Leftovers\n|-heal|p1a: Iron Hands|32\/100|[from] Grassy Terrain\n|upkeep\n|\n|t:|1699352728\n|switch|p2a: Rillaboom|Rillaboom, F|49\/100\n|turn|5\n|\n|t:|1699352740\n|move|p2a: Rillaboom|Grassy Glide|p1b: Skeledirge\n|-resisted|p1b: Skeledirge\n|-damage|p1b: Skeledirge|12\/100\n|-damage|p2a: Rillaboom|39\/100|[from] item: Life Orb\n|move|p2b: Weezing|Dazzling Gleam|p1a: Iron Hands|[spread] p1a,p1b\n|-supereffective|p1a: Iron Hands\n|-resisted|p1b: Skeledirge\n|-damage|p1a: Iron Hands|11\/100\n|-damage|p1b: Skeledirge|5\/100\n|move|p1b: Skeledirge|Slack Off|p1b: Skeledirge\n|-heal|p1b: Skeledirge|55\/100\n|move|p1a: Iron Hands|Drain Punch|p2a: Rillaboom\n|-damage|p2a: Rillaboom|0 fnt\n|-heal|p1a: Iron Hands|24\/100|[from] drain|[of] p2a: Rillaboom\n|faint|p2a: Rillaboom\n|\n|-weather|none\n|-heal|p1b: Skeledirge|61\/100|[from] Grassy Terrain\n|-heal|p1b: Skeledirge|67\/100|[from] item: Leftovers\n|-heal|p1a: Iron Hands|30\/100|[from] Grassy Terrain\n|-fieldend|move: Grassy Terrain\n|upkeep\n|\n|t:|1699352763\n|switch|p2a: Clefable|Clefable, F|100\/100\n|turn|6\n|\n|t:|1699352787\n|move|p2b: Weezing|Clear Smog|p1b: Skeledirge\n|-resisted|p1b: Skeledirge\n|-damage|p1b: Skeledirge|62\/100\n|-clearboost|p1b: Skeledirge\n|move|p2a: Clefable|Night Shade|p1a: Iron Hands\n|-damage|p1a: Iron Hands|10\/100\n|-damage|p2a: Clefable|91\/100|[from] item: Life Orb\n|move|p1b: Skeledirge|Torch Song|p2b: Weezing\n|-damage|p2b: Weezing|61\/100\n|-boost|p1b: Skeledirge|spa|1\n|move|p1a: Iron Hands|Volt Switch|p2a: Clefable\n|-damage|p2a: Clefable|78\/100\n|\n|t:|1699352803\n|-end|p1a: Iron Hands|Quark Drive|[silent]\n|switch|p1a: Bronzong|Bronzong, shiny|100\/100|[from] Volt Switch\n|\n|-heal|p2b: Weezing|67\/100|[from] item: Black Sludge\n|-heal|p1b: Skeledirge|68\/100|[from] item: Leftovers\n|upkeep\n|turn|7\n|\n|t:|1699352815\n|move|p2b: Weezing|Dazzling Gleam|p1a: Bronzong|[spread] p1a,p1b\n|-resisted|p1a: Bronzong\n|-resisted|p1b: Skeledirge\n|-damage|p1a: Bronzong|93\/100\n|-damage|p1b: Skeledirge|61\/100\n|move|p2a: Clefable|Flamethrower|p1a: Bronzong\n|-supereffective|p1a: Bronzong\n|-damage|p1a: Bronzong|34\/100\n|-status|p1a: Bronzong|brn\n|-damage|p2a: Clefable|68\/100|[from] item: Life Orb\n|move|p1b: Skeledirge|Torch Song|p2b: Weezing\n|-damage|p2b: Weezing|6\/100\n|-boost|p1b: Skeledirge|spa|1\n|move|p1a: Bronzong|Heavy Slam|p2a: Clefable\n|-supereffective|p2a: Clefable\n|-damage|p2a: Clefable|32\/100\n|\n|-heal|p2b: Weezing|12\/100|[from] item: Black Sludge\n|-heal|p1b: Skeledirge|67\/100|[from] item: Leftovers\n|-damage|p1a: Bronzong|28\/100 brn|[from] brn\n|upkeep\n|turn|8\n|\n|t:|1699352842\n|move|p2b: Weezing|Protect|p2b: Weezing\n|-singleturn|p2b: Weezing|Protect\n|move|p1a: Bronzong|Protect|p1a: Bronzong\n|-singleturn|p1a: Bronzong|Protect\n|move|p2a: Clefable|Flamethrower|p1a: Bronzong\n|-activate|p1a: Bronzong|move: Protect\n|move|p1b: Skeledirge|Torch Song|p2b: Weezing\n|-activate|p2b: Weezing|move: Protect\n|\n|-heal|p2b: Weezing|18\/100|[from] item: Black Sludge\n|-heal|p1b: Skeledirge|73\/100|[from] item: Leftovers\n|-damage|p1a: Bronzong|22\/100 brn|[from] brn\n|upkeep\n|turn|9\n|\n|t:|1699352867\n|-end|p2b: Weezing|ability: Neutralizing Gas\n|switch|p2b: Torkoal|Torkoal, M|43\/100\n|-weather|SunnyDay|[from] ability: Drought|[of] p2b: Torkoal\n|switch|p1a: Iron Hands|Iron Hands|10\/100\n|move|p2a: Clefable|Flamethrower|p1a: Iron Hands\n|-crit|p1a: Iron Hands\n|-damage|p1a: Iron Hands|0 fnt\n|faint|p1a: Iron Hands\n|-end|p1a: Iron Hands|Quark Drive|[silent]\n|move|p1b: Skeledirge|Torch Song|p2b: Torkoal\n|-resisted|p2b: Torkoal\n|-damage|p2b: Torkoal|0 fnt\n|-boost|p1b: Skeledirge|spa|1\n|faint|p2b: Torkoal\n|\n|-weather|SunnyDay|[upkeep]\n|-heal|p1b: Skeledirge|79\/100|[from] item: Leftovers\n|upkeep\n|\n|t:|1699352896\n|switch|p1a: Flutter Mane|Flutter Mane|100\/100\n|switch|p2b: Weezing|Weezing-Galar, M|18\/100\n|-ability|p2b: Weezing|Neutralizing Gas\n|-activate|p1a: Flutter Mane|ability: Protosynthesis\n|-start|p1a: Flutter Mane|protosynthesisspe\n|turn|10\n|\n|t:|1699352918\n|-terastallize|p2a: Clefable|Fairy\n|move|p1a: Flutter Mane|Dazzling Gleam|p2a: Clefable|[spread] p2a,p2b\n|-resisted|p2b: Weezing\n|-damage|p2a: Clefable|0 fnt\n|-damage|p2b: Weezing|0 fnt\n|faint|p2a: Clefable\n|faint|p2b: Weezing\n|-end|p2b: Weezing|ability: Neutralizing Gas\n|move|p1b: Skeledirge|Torch Song|p2: Clefable|[notarget]\n|-fail|p1b: Skeledirge\n|\n|-weather|SunnyDay|[upkeep]\n|-heal|p1b: Skeledirge|85\/100|[from] item: Leftovers\n|upkeep\n|-message|menhict forfeited.\n|\n|win|SuperAndroid99\n|raw|SuperAndroid99's rating: 1171 &rarr; <strong>1204<\/strong><br \/>(+33 for winning)\n|raw|menhict's rating: 1286 &rarr; <strong>1253<\/strong><br \/>(-33 for losing)\n|l|\u2606menhict\n","uploadtime":1699352938,"views":9,"p1id":"superandroid99","p2id":"menhict","formatid":"gen9doublesou","rating":1204,"private":0,"password":""}