{"id":"gen9doublesou-1993569892","p1":"AmAVeryBigNoob","p2":"Yugi Ogami","format":"[Gen 9] Doubles OU","log":"|j|\u2606AmAVeryBigNoob\n|j|\u2606Yugi Ogami\n|t:|1700332851\n|gametype|doubles\n|player|p1|AmAVeryBigNoob|cyrus|1080\n|player|p2|Yugi Ogami|nurse|1051\n|teamsize|p1|6\n|teamsize|p2|6\n|gen|9\n|tier|[Gen 9] Doubles OU\n|rated|\n|rule|Species Clause: Limit one of each Pok\u00e9mon\n|rule|OHKO Clause: OHKO moves are banned\n|rule|Evasion Moves Clause: Evasion moves are banned\n|rule|Gravity Sleep Clause: The combination of sleep-inducing moves with imperfect accuracy and Gravity or Gigantamax Orbeetle are banned\n|rule|Endless Battle Clause: Forcing endless battles is banned\n|rule|HP Percentage Mod: HP is shown in percentages\n|clearpoke\n|poke|p1|Mudsdale, F|\n|poke|p1|Indeedee, M|\n|poke|p1|Snorlax, M|\n|poke|p1|Slowking-Galar, F|\n|poke|p1|Armarouge, F|\n|poke|p1|Sinistcha-Masterpiece|\n|poke|p2|Cresselia, F|\n|poke|p2|Diancie|\n|poke|p2|Mudsdale, F|\n|poke|p2|Wyrdeer, M|\n|poke|p2|Ninetales-Alola, F|\n|poke|p2|Zarude|\n|teampreview\n|\n|t:|1700332873\n|start\n|switch|p1a: Seabiscuit|Mudsdale, F|100\/100\n|switch|p1b: Food idk|Sinistcha-Masterpiece, shiny|100\/100\n|switch|p2a: Cresselia|Cresselia, F|100\/100\n|switch|p2b: Mudsdale|Mudsdale, F|100\/100\n|turn|1\n|\n|t:|1700332888\n|move|p1a: Seabiscuit|Earthquake|p2b: Mudsdale|[spread] p1b,p2b\n|-immune|p2a: Cresselia|[from] ability: Levitate\n|-resisted|p1b: Food idk\n|-damage|p1b: Food idk|78\/100\n|-damage|p2b: Mudsdale|43\/100\n|-ability|p2b: Mudsdale|Stamina|boost\n|-boost|p2b: Mudsdale|def|1\n|-enditem|p1b: Food idk|Red Card|[of] p1a: Seabiscuit\n|drag|p1a: Rose|Armarouge, F, shiny|100\/100\n|move|p2b: Mudsdale|Earthquake|p1a: Rose|[spread] p1a,p1b\n|-immune|p2a: Cresselia|[from] ability: Levitate\n|-supereffective|p1a: Rose\n|-crit|p1a: Rose\n|-resisted|p1b: Food idk\n|-enditem|p1a: Rose|Focus Sash\n|-damage|p1a: Rose|1\/100\n|-damage|p1b: Food idk|66\/100\n|move|p2a: Cresselia|Trick Room|p2a: Cresselia\n|-fieldstart|move: Trick Room|[of] p2a: Cresselia\n|move|p1b: Food idk|Trick Room|p1b: Food idk\n|-fieldend|move: Trick Room\n|\n|upkeep\n|turn|2\n|\n|t:|1700332920\n|move|p1a: Rose|Armor Cannon|p2a: Cresselia\n|-damage|p2a: Cresselia|55\/100\n|-unboost|p1a: Rose|def|1\n|-unboost|p1a: Rose|spd|1\n|move|p2a: Cresselia|Dazzling Gleam|p1a: Rose|[spread] p1a,p1b\n|-resisted|p1a: Rose\n|-damage|p1a: Rose|0 fnt\n|-damage|p1b: Food idk|47\/100\n|faint|p1a: Rose\n|move|p1b: Food idk|Matcha Gotcha|p2b: Mudsdale|[spread] p2b\n|-miss|p1b: Food idk|p2a: Cresselia\n|-supereffective|p2b: Mudsdale\n|-damage|p2b: Mudsdale|12\/100\n|-heal|p1b: Food idk|65\/100|[from] drain|[of] p2b: Mudsdale\n|-ability|p2b: Mudsdale|Stamina|boost\n|-boost|p2b: Mudsdale|def|1\n|move|p2b: Mudsdale|Heavy Slam|p1b: Food idk\n|-damage|p1b: Food idk|35\/100\n|\n|-heal|p2a: Cresselia|61\/100|[from] item: Leftovers\n|upkeep\n|\n|t:|1700332932\n|switch|p1a: Seabiscuit|Mudsdale, F|100\/100\n|turn|3\n|\n|t:|1700332949\n|switch|p2b: Diancie|Diancie|100\/100\n|move|p2a: Cresselia|Lunar Blessing|p2a: Cresselia|[spread] p2a,p2b\n|-heal|p2a: Cresselia|86\/100\n|move|p1b: Food idk|Matcha Gotcha|p2b: Diancie|[spread] p2a\n|-miss|p1b: Food idk|p2b: Diancie\n|-damage|p2a: Cresselia|71\/100\n|-heal|p1b: Food idk|45\/100|[from] drain|[of] p2a: Cresselia\n|move|p1a: Seabiscuit|Iron Head|p2a: Cresselia\n|-damage|p2a: Cresselia|41\/100\n|\n|-heal|p2a: Cresselia|47\/100|[from] item: Leftovers\n|upkeep\n|turn|4\n|\n|t:|1700332978\n|move|p2a: Cresselia|Lunar Blessing|p2a: Cresselia|[spread] p2a,p2b\n|-heal|p2a: Cresselia|72\/100\n|move|p1b: Food idk|Life Dew||[still]|[spread] p1a,p1b\n|-fail|p1a: Seabiscuit|heal\n|-heal|p1b: Food idk|70\/100\n|move|p2b: Diancie|Dazzling Gleam|p1b: Food idk|[spread] p1a,p1b\n|-damage|p1a: Seabiscuit|73\/100\n|-damage|p1b: Food idk|41\/100\n|move|p1a: Seabiscuit|Iron Head|p2b: Diancie\n|-supereffective|p2b: Diancie\n|-damage|p2b: Diancie|0 fnt\n|faint|p2b: Diancie\n|\n|-heal|p2a: Cresselia|78\/100|[from] item: Leftovers\n|upkeep\n|\n|t:|1700332983\n|switch|p2b: Ninetales|Ninetales-Alola, F|100\/100\n|-weather|Snow|[from] ability: Snow Warning|[of] p2b: Ninetales\n|turn|5\n|\n|t:|1700332991\n|move|p2b: Ninetales|Aurora Veil|p2b: Ninetales\n|-sidestart|p2: Yugi Ogami|move: Aurora Veil\n|move|p2a: Cresselia|Dazzling Gleam|p1b: Food idk|[spread] p1a,p1b\n|-damage|p1a: Seabiscuit|57\/100\n|-damage|p1b: Food idk|22\/100\n|move|p1a: Seabiscuit|Iron Head|p2b: Ninetales\n|-supereffective|p2b: Ninetales\n|-crit|p2b: Ninetales\n|-damage|p2b: Ninetales|0 fnt\n|faint|p2b: Ninetales\n|move|p1b: Food idk|Trick Room|p1b: Food idk\n|-fieldstart|move: Trick Room|[of] p1b: Food idk\n|\n|-weather|Snow|[upkeep]\n|-heal|p2a: Cresselia|84\/100|[from] item: Leftovers\n|upkeep\n|\n|t:|1700333017\n|switch|p2b: Wyrdeer|Wyrdeer, M|100\/100\n|-ability|p2b: Wyrdeer|Intimidate|boost\n|-fail|p1a: Seabiscuit|unboost|Attack|[from] ability: Own Tempo|[of] p1a: Seabiscuit\n|-unboost|p1b: Food idk|atk|1\n|turn|6\n|\n|t:|1700333031\n|switch|p1a: Chonks|Snorlax, M, shiny|100\/100\n|move|p1b: Food idk|Matcha Gotcha|p2a: Cresselia|[spread] p2a,p2b\n|-damage|p2a: Cresselia|73\/100\n|-heal|p1b: Food idk|29\/100|[from] drain|[of] p2a: Cresselia\n|-damage|p2b: Wyrdeer|83\/100\n|-heal|p1b: Food idk|40\/100|[from] drain|[of] p2b: Wyrdeer\n|move|p2b: Wyrdeer|Psyshield Bash|p1b: Food idk\n|-damage|p1b: Food idk|17\/100\n|-boost|p2b: Wyrdeer|def|1\n|move|p2a: Cresselia|Lunar Blessing|p2a: Cresselia|[spread] p2a,p2b\n|-heal|p2a: Cresselia|98\/100\n|-heal|p2b: Wyrdeer|100\/100\n|\n|-weather|Snow|[upkeep]\n|-heal|p2a: Cresselia|100\/100|[from] item: Leftovers\n|upkeep\n|turn|7\n|\n|t:|1700333049\n|move|p1a: Chonks|Belly Drum|p1a: Chonks\n|-damage|p1a: Chonks|50\/100\n|-setboost|p1a: Chonks|atk|6|[from] move: Belly Drum\n|-enditem|p1a: Chonks|Sitrus Berry|[eat]\n|-heal|p1a: Chonks|75\/100|[from] item: Sitrus Berry\n|move|p1b: Food idk|Life Dew|p1b: Food idk|[spread] p1a,p1b\n|-heal|p1a: Chonks|100\/100\n|-heal|p1b: Food idk|42\/100\n|move|p2b: Wyrdeer|Body Slam|p1a: Chonks\n|-damage|p1a: Chonks|59\/100\n|move|p2a: Cresselia|Dazzling Gleam|p1b: Food idk|[spread] p1a,p1b\n|-damage|p1a: Chonks|50\/100\n|-damage|p1b: Food idk|24\/100\n|\n|-weather|Snow|[upkeep]\n|upkeep\n|turn|8\n|\n|t:|1700333072\n|move|p1a: Chonks|Hammer Arm|p2b: Wyrdeer\n|-damage|p2b: Wyrdeer|30\/100\n|-unboost|p1a: Chonks|spe|1\n|move|p1b: Food idk|Matcha Gotcha|p2a: Cresselia|[spread] p2a,p2b\n|-damage|p2a: Cresselia|90\/100\n|-heal|p1b: Food idk|31\/100|[from] drain|[of] p2a: Cresselia\n|-damage|p2b: Wyrdeer|12\/100\n|-heal|p1b: Food idk|42\/100|[from] drain|[of] p2b: Wyrdeer\n|-status|p2a: Cresselia|brn\n|move|p2b: Wyrdeer|Body Slam|p1a: Chonks\n|-damage|p1a: Chonks|12\/100\n|-status|p1a: Chonks|par\n|move|p2a: Cresselia|Dazzling Gleam|p1b: Food idk|[spread] p1a,p1b\n|-damage|p1a: Chonks|3\/100 par\n|-damage|p1b: Food idk|23\/100\n|\n|-weather|Snow|[upkeep]\n|-heal|p2a: Cresselia|96\/100 brn|[from] item: Leftovers\n|-damage|p2a: Cresselia|90\/100 brn|[from] brn\n|upkeep\n|turn|9\n|\n|t:|1700333099\n|move|p1a: Chonks|Body Slam|p2a: Cresselia\n|-damage|p2a: Cresselia|15\/100 brn\n|move|p1b: Food idk|Life Dew|p1b: Food idk|[spread] p1a,p1b\n|-heal|p1a: Chonks|28\/100 par\n|-heal|p1b: Food idk|48\/100\n|move|p2b: Wyrdeer|Body Slam|p1a: Chonks\n|-damage|p1a: Chonks|0 fnt\n|faint|p1a: Chonks\n|move|p2a: Cresselia|Lunar Blessing|p2a: Cresselia|[spread] p2a,p2b\n|-heal|p2a: Cresselia|40\/100 brn\n|-curestatus|p2a: Cresselia|brn|[msg]\n|-heal|p2b: Wyrdeer|37\/100\n|\n|-weather|none\n|-heal|p2a: Cresselia|46\/100|[from] item: Leftovers\n|-fieldend|move: Trick Room\n|upkeep\n|\n|t:|1700333112\n|switch|p1a: Princess Poison|Slowking-Galar, F, shiny|100\/100\n|turn|10\n|\n|t:|1700333135\n|move|p1b: Food idk|Rage Powder|p1b: Food idk\n|-singleturn|p1b: Food idk|move: Rage Powder\n|move|p2a: Cresselia|Lunar Blessing|p2a: Cresselia|[spread] p2a,p2b\n|-heal|p2a: Cresselia|71\/100\n|-heal|p2b: Wyrdeer|62\/100\n|move|p2b: Wyrdeer|Body Slam|p1b: Food idk\n|-immune|p1b: Food idk\n|move|p1a: Princess Poison|Nasty Plot|p1a: Princess Poison\n|-boost|p1a: Princess Poison|spa|2\n|\n|-heal|p2a: Cresselia|77\/100|[from] item: Leftovers\n|upkeep\n|turn|11\n|\n|t:|1700333158\n|move|p2a: Cresselia|Lunar Blessing|p2a: Cresselia|[spread] p2a,p2b\n|-heal|p2a: Cresselia|100\/100\n|-heal|p2b: Wyrdeer|87\/100\n|move|p2b: Wyrdeer|Body Slam|p1a: Princess Poison\n|-damage|p1a: Princess Poison|54\/100\n|-damage|p2b: Wyrdeer|70\/100|[from] item: Rocky Helmet|[of] p1a: Princess Poison\n|move|p1b: Food idk|Matcha Gotcha|p2a: Cresselia|[spread] p2a\n|-miss|p1b: Food idk|p2b: Wyrdeer\n|-damage|p2a: Cresselia|91\/100\n|-heal|p1b: Food idk|54\/100|[from] drain|[of] p2a: Cresselia\n|move|p1a: Princess Poison|Sludge Bomb|p2b: Wyrdeer\n|-damage|p2b: Wyrdeer|7\/100\n|\n|-heal|p2a: Cresselia|97\/100|[from] item: Leftovers\n|upkeep\n|turn|12\n|\n|t:|1700333178\n|move|p2a: Cresselia|Dazzling Gleam|p1a: Princess Poison|[spread] p1a,p1b\n|-resisted|p1a: Princess Poison\n|-damage|p1a: Princess Poison|47\/100\n|-damage|p1b: Food idk|37\/100\n|move|p2b: Wyrdeer|Psyshield Bash|p1a: Princess Poison\n|-damage|p1a: Princess Poison|11\/100\n|-boost|p2b: Wyrdeer|def|1\n|-damage|p2b: Wyrdeer|0 fnt|[from] item: Rocky Helmet|[of] p1a: Princess Poison\n|faint|p2b: Wyrdeer\n|move|p1a: Princess Poison|Sludge Bomb|p2a: Cresselia\n|-damage|p2a: Cresselia|60\/100\n|move|p1b: Food idk|Trick Room|p1b: Food idk\n|-fieldstart|move: Trick Room|[of] p1b: Food idk\n|\n|-heal|p2a: Cresselia|66\/100|[from] item: Leftovers\n|-sideend|p2: Yugi Ogami|move: Aurora Veil\n|upkeep\n|\n|t:|1700333186\n|switch|p2b: Zarude|Zarude|100\/100\n|turn|13\n|\n|t:|1700333198\n|move|p1a: Princess Poison|Sludge Bomb|p2b: Zarude\n|-supereffective|p2b: Zarude\n|-damage|p2b: Zarude|0 fnt\n|faint|p2b: Zarude\n|move|p1b: Food idk|Life Dew|p1b: Food idk|[spread] p1a,p1b\n|-heal|p1a: Princess Poison|36\/100\n|-heal|p1b: Food idk|62\/100\n|move|p2a: Cresselia|Dazzling Gleam|p1b: Food idk|[spread] p1a,p1b\n|-resisted|p1a: Princess Poison\n|-damage|p1a: Princess Poison|30\/100\n|-damage|p1b: Food idk|44\/100\n|\n|-heal|p2a: Cresselia|72\/100|[from] item: Leftovers\n|upkeep\n|\n|t:|1700333202\n|switch|p2b: Mudsdale|Mudsdale, F|12\/100\n|turn|14\n|-message|Yugi Ogami forfeited.\n|\n|win|AmAVeryBigNoob\n|raw|AmAVeryBigNoob's rating: 1080 &rarr; <strong>1106<\/strong><br \/>(+26 for winning)\n|raw|Yugi Ogami's rating: 1051 &rarr; <strong>1035<\/strong><br \/>(-16 for losing)\n|l|\u2606Yugi Ogami\n","uploadtime":1700333215,"views":4,"p1id":"amaverybignoob","p2id":"yugiogami","formatid":"gen9doublesou","rating":1035,"private":0,"password":""}