{"id":"gen9doublesou-1970376864","p1":"pannuracotta","p2":"naditza","format":"[Gen 9] Doubles OU","log":"|j|\u2606pannuracotta\n|j|\u2606naditza\n|inactive|Battle timer is ON: inactive players will automatically lose when time's up.\n|t:|1697633534\n|gametype|doubles\n|player|p1|pannuracotta|#pannuracotta|\n|player|p2|naditza|grusha|\n|teamsize|p1|6\n|teamsize|p2|6\n|gen|9\n|tier|[Gen 9] Doubles OU\n|rated|Tournament battle\n|rule|Species Clause: Limit one of each Pok\u00e9mon\n|rule|OHKO Clause: OHKO moves are banned\n|rule|Evasion Moves Clause: Evasion moves are banned\n|rule|Gravity Sleep Clause: The combination of sleep-inducing moves with imperfect accuracy and Gravity or Gigantamax Orbeetle are banned\n|rule|Endless Battle Clause: Forcing endless battles is banned\n|rule|HP Percentage Mod: HP is shown in percentages\n|clearpoke\n|poke|p1|Dragapult, F|\n|poke|p1|Chien-Pao|\n|poke|p1|Flutter Mane|\n|poke|p1|Volcanion|\n|poke|p1|Dragonite, M|\n|poke|p1|Great Tusk|\n|poke|p2|Torkoal, L99, M|\n|poke|p2|Flutter Mane|\n|poke|p2|Diancie, L99|\n|poke|p2|Ogerpon-Hearthflame, F|\n|poke|p2|Rillaboom, F|\n|poke|p2|Volcanion|\n|teampreview\n|j|*Lady Monita \u263d\n|inactive|pannuracotta also wants the timer to be on.\n|j|+cjw405\n|c|\u2606naditza|glhf\n|\n|t:|1697633560\n|start\n|switch|p1a: Great Tusk|Great Tusk|100\/100\n|switch|p1b: Chien-Pao|Chien-Pao|100\/100\n|switch|p2a: Diancie|Diancie, L99|100\/100\n|switch|p2b: Rillaboom|Rillaboom, F|100\/100\n|-ability|p1b: Chien-Pao|Sword of Ruin\n|-fieldstart|move: Grassy Terrain|[from] ability: Grassy Surge|[of] p2b: Rillaboom\n|turn|1\n|\n|t:|1697633586\n|move|p2b: Rillaboom|Fake Out|p1a: Great Tusk\n|-damage|p1a: Great Tusk|87\/100\n|move|p1b: Chien-Pao|Ice Spinner|p2b: Rillaboom\n|-supereffective|p2b: Rillaboom\n|-damage|p2b: Rillaboom|0 fnt\n|-fieldend|move: Grassy Terrain\n|faint|p2b: Rillaboom\n|cant|p1a: Great Tusk|flinch\n|move|p2a: Diancie|Trick Room|p2a: Diancie\n|-fieldstart|move: Trick Room|[of] p2a: Diancie\n|\n|upkeep\n|inactive|naditza has 120 seconds left.\n|\n|t:|1697633599\n|switch|p2b: Volcanion|Volcanion|100\/100\n|turn|2\n|\n|t:|1697633614\n|move|p1b: Chien-Pao|Sucker Punch|p2b: Volcanion\n|-damage|p2b: Volcanion|60\/100\n|move|p2a: Diancie|Diamond Storm|p1a: Great Tusk|[spread] p1a,p1b\n|-resisted|p1a: Great Tusk\n|-supereffective|p1b: Chien-Pao\n|-damage|p1a: Great Tusk|80\/100\n|-damage|p1b: Chien-Pao|6\/100\n|-boost|p2a: Diancie|def|2\n|move|p2b: Volcanion|Steam Eruption|p1a: Great Tusk\n|-supereffective|p1a: Great Tusk\n|-damage|p1a: Great Tusk|0 fnt\n|faint|p1a: Great Tusk\n|-end|p1a: Great Tusk|Protosynthesis|[silent]\n|\n|-heal|p2b: Volcanion|66\/100|[from] item: Leftovers\n|upkeep\n|\n|t:|1697633626\n|switch|p1a: Volcanion|Volcanion|100\/100\n|turn|3\n|\n|t:|1697633635\n|-terastallize|p1a: Volcanion|Normal\n|move|p1b: Chien-Pao|Sucker Punch|p2b: Volcanion\n|-damage|p2b: Volcanion|28\/100\n|move|p2a: Diancie|Diamond Storm|p1b: Chien-Pao|[spread] p1a\n|-miss|p2a: Diancie|p1b: Chien-Pao\n|-damage|p1a: Volcanion|61\/100\n|move|p1a: Volcanion|Steam Eruption|p2a: Diancie\n|-supereffective|p2a: Diancie\n|-damage|p2a: Diancie|0 fnt\n|faint|p2a: Diancie\n|move|p2b: Volcanion|Earth Power|p1a: Volcanion\n|-damage|p1a: Volcanion|36\/100\n|\n|-heal|p2b: Volcanion|34\/100|[from] item: Leftovers\n|upkeep\n|\n|t:|1697633651\n|switch|p2a: Torkoal|Torkoal, L99, M|100\/100\n|-weather|SunnyDay|[from] ability: Drought|[of] p2a: Torkoal\n|turn|4\n|\n|t:|1697633662\n|move|p1b: Chien-Pao|Protect|p1b: Chien-Pao\n|-singleturn|p1b: Chien-Pao|Protect\n|move|p2a: Torkoal|Heat Wave|p1a: Volcanion|[spread] p1a\n|-activate|p1b: Chien-Pao|move: Protect\n|-damage|p1a: Volcanion|0 fnt\n|faint|p1a: Volcanion\n|move|p2b: Volcanion|Heat Wave|p1b: Chien-Pao\n|-activate|p1b: Chien-Pao|move: Protect\n|\n|-weather|SunnyDay|[upkeep]\n|-heal|p2b: Volcanion|40\/100|[from] item: Leftovers\n|upkeep\n|\n|t:|1697633668\n|switch|p1a: Dragonite|Dragonite, M|100\/100\n|turn|5\n|\n|t:|1697633690\n|move|p1a: Dragonite|Extreme Speed|p2b: Volcanion\n|-damage|p2b: Volcanion|0 fnt\n|faint|p2b: Volcanion\n|move|p1b: Chien-Pao|Sucker Punch|p2a: Torkoal\n|-damage|p2a: Torkoal|63\/100\n|move|p2a: Torkoal|Heat Wave|p1a: Dragonite|[spread] p1a,p1b\n|-resisted|p1a: Dragonite\n|-supereffective|p1b: Chien-Pao\n|-damage|p1a: Dragonite|70\/100\n|-damage|p1b: Chien-Pao|0 fnt\n|faint|p1b: Chien-Pao\n|\n|-weather|SunnyDay|[upkeep]\n|-fieldend|move: Trick Room\n|upkeep\n|\n|t:|1697633708\n|switch|p1b: Flutter Mane|Flutter Mane|100\/100\n|switch|p2b: Ogerpon|Ogerpon-Hearthflame, F|100\/100\n|-activate|p1b: Flutter Mane|ability: Protosynthesis\n|-start|p1b: Flutter Mane|protosynthesisspe\n|-ability|p2b: Ogerpon|Mold Breaker\n|turn|6\n|\n|t:|1697633716\n|move|p2b: Ogerpon|Follow Me|p2b: Ogerpon\n|-singleturn|p2b: Ogerpon|move: Follow Me\n|move|p1a: Dragonite|Extreme Speed|p2b: Ogerpon\n|-damage|p2b: Ogerpon|38\/100\n|move|p1b: Flutter Mane|Shadow Ball|p2b: Ogerpon\n|-damage|p2b: Ogerpon|0 fnt\n|faint|p2b: Ogerpon\n|move|p2a: Torkoal|Heat Wave|p1b: Flutter Mane|[spread] p1a,p1b\n|-resisted|p1a: Dragonite\n|-damage|p1a: Dragonite|39\/100\n|-damage|p1b: Flutter Mane|32\/100\n|\n|-weather|SunnyDay|[upkeep]\n|upkeep\n|\n|t:|1697633728\n|switch|p2b: Flutter Mane|Flutter Mane|100\/100\n|-activate|p2b: Flutter Mane|ability: Protosynthesis\n|-start|p2b: Flutter Mane|protosynthesisspe\n|turn|7\n|\n|t:|1697633739\n|-terastallize|p2b: Flutter Mane|Fairy\n|move|p1a: Dragonite|Extreme Speed|p2a: Torkoal\n|-damage|p2a: Torkoal|26\/100\n|move|p1b: Flutter Mane|Shadow Ball|p2b: Flutter Mane\n|-damage|p2b: Flutter Mane|59\/100\n|move|p2b: Flutter Mane|Dazzling Gleam|p1b: Flutter Mane|[spread] p1a,p1b\n|-supereffective|p1a: Dragonite\n|-damage|p1a: Dragonite|0 fnt\n|-damage|p1b: Flutter Mane|0 fnt\n|faint|p1a: Dragonite\n|faint|p1b: Flutter Mane\n|-end|p1b: Flutter Mane|Protosynthesis|[silent]\n|move|p2a: Torkoal|Heat Wave|p1: Dragonite|[notarget]\n|-fail|p2a: Torkoal\n|\n|-weather|SunnyDay|[upkeep]\n|upkeep\n|-message|pannuracotta forfeited.\n|\n|win|naditza\n|n|\u2606pannuracotta|pannuracotta\n|n|\u2606naditza|naditza\n|n|*Lady Monita \u263d|ladymonita\n|n| cjw405|cjw405\n|l|*Lady Monita \u263d\n|l|\u2606pannuracotta\n|c|\u2606naditza|gg\n","uploadtime":1697633755,"views":19,"p1id":"pannuracotta","p2id":"naditza","formatid":"gen9doublesou","rating":0,"private":0,"password":""}