{"id":"gen9doublesou-1981988228","p1":"cgtuh.ocgoj\u201dfyxtg9","p2":"absol_alex","format":"[Gen 9] Doubles OU","log":"|j|\u2606cgtuh.ocgoj\u201dfyxtg9\n|j|\u2606absol_alex\n|t:|1698957430\n|gametype|doubles\n|player|p1|cgtuh.ocgoj\u201dfyxtg9|266|1172\n|player|p2|absol_alex|iris|1226\n|teamsize|p1|6\n|teamsize|p2|6\n|gen|9\n|tier|[Gen 9] Doubles OU\n|rated|\n|rule|Species Clause: Limit one of each Pok\u00e9mon\n|rule|OHKO Clause: OHKO moves are banned\n|rule|Evasion Moves Clause: Evasion moves are banned\n|rule|Gravity Sleep Clause: The combination of sleep-inducing moves with imperfect accuracy and Gravity or Gigantamax Orbeetle are banned\n|rule|Endless Battle Clause: Forcing endless battles is banned\n|rule|HP Percentage Mod: HP is shown in percentages\n|clearpoke\n|poke|p1|Talonflame, F|\n|poke|p1|Meowscarada, M|\n|poke|p1|Shiftry, F|\n|poke|p1|Dragonite, M|\n|poke|p1|Ribombee, F|\n|poke|p1|Brambleghast, M|\n|poke|p2|Dragonite, M|\n|poke|p2|Breloom, M|\n|poke|p2|Cryogonal|\n|poke|p2|Dragapult, M|\n|poke|p2|Infernape, M|\n|poke|p2|Sylveon, F|\n|teampreview\n|c|\u2606cgtuh.ocgoj\u201dfyxtg9|glhf\n|c|\u2606absol_alex|glhf\n|\n|t:|1698957463\n|start\n|switch|p1a: wimdy|Talonflame, F|100\/100\n|switch|p1b: wimbdy|Brambleghast, M|100\/100\n|switch|p2a: Dimmy|Dragonite, M, shiny|100\/100\n|switch|p2b: Infernape|Infernape, M|100\/100\n|turn|1\n|\n|t:|1698957477\n|move|p1a: wimdy|Tailwind|p1a: wimdy\n|-sidestart|p1: cgtuh.ocgoj\u201dfyxtg9|move: Tailwind\n|-ability|p1b: wimbdy|Wind Rider|boost\n|-boost|p1b: wimbdy|atk|1\n|move|p1b: wimbdy|Poltergeist|p2b: Infernape\n|-activate|p2b: Infernape|move: Poltergeist|Life Orb\n|-damage|p2b: Infernape|0 fnt\n|faint|p2b: Infernape\n|move|p2a: Dimmy|Tailwind|p2a: Dimmy\n|-sidestart|p2: absol_alex|move: Tailwind\n|\n|upkeep\n|\n|t:|1698957516\n|switch|p2b: Hyde|Dragapult, M, shiny|100\/100\n|turn|2\n|\n|t:|1698957530\n|move|p1a: wimdy|Air Slash|p2b: Hyde|[miss]\n|-miss|p1a: wimdy|p2b: Hyde\n|move|p2b: Hyde|Shadow Ball|p1b: wimbdy\n|-supereffective|p1b: wimbdy\n|-enditem|p1b: wimbdy|Focus Sash\n|-damage|p1b: wimbdy|1\/100\n|move|p1b: wimbdy|Poltergeist|p2b: Hyde\n|-activate|p2b: Hyde|move: Poltergeist|Choice Specs\n|-supereffective|p2b: Hyde\n|-crit|p2b: Hyde\n|-damage|p2b: Hyde|0 fnt\n|faint|p2b: Hyde\n|move|p2a: Dimmy|Rock Slide|p1a: wimdy|[spread] p1a,p1b\n|-supereffective|p1a: wimdy\n|-damage|p1a: wimdy|0 fnt\n|-damage|p1b: wimbdy|0 fnt\n|faint|p1a: wimdy\n|faint|p1b: wimbdy\n|\n|upkeep\n|\n|t:|1698957553\n|switch|p2b: Cryogonal|Cryogonal|100\/100\n|switch|p1a: wimby|Shiftry, F|100\/100\n|switch|p1b: windy|Meowscarada, M|100\/100\n|-ability|p1a: wimby|Wind Rider|boost\n|-boost|p1a: wimby|atk|1\n|turn|3\n|\n|t:|1698957565\n|-terastallize|p1a: wimby|Water\n|move|p2a: Dimmy|Extreme Speed|p1b: windy\n|-damage|p1b: windy|56\/100\n|move|p1b: windy|Petal Blizzard|p2b: Cryogonal|[spread] p2a,p2b\n|-start|p1b: windy|typechange|Grass|[from] ability: Protean\n|-ability|p1a: wimby|Wind Rider|boost\n|-boost|p1a: wimby|atk|1\n|-resisted|p2a: Dimmy\n|-damage|p2a: Dimmy|96\/100\n|-damage|p2b: Cryogonal|39\/100\n|move|p2b: Cryogonal|Freeze-Dry|p1a: wimby\n|-supereffective|p1a: wimby\n|-damage|p1a: wimby|13\/100\n|move|p1a: wimby|Rock Slide|p2b: Cryogonal|[spread] p2a,p2b\n|-supereffective|p2a: Dimmy\n|-supereffective|p2b: Cryogonal\n|-damage|p2a: Dimmy|15\/100\n|-damage|p2b: Cryogonal|0 fnt\n|-enditem|p2a: Dimmy|Weakness Policy\n|-boost|p2a: Dimmy|atk|2|[from] item: Weakness Policy\n|-boost|p2a: Dimmy|spa|2|[from] item: Weakness Policy\n|faint|p2b: Cryogonal\n|\n|upkeep\n|\n|t:|1698957573\n|switch|p2b: Breloom|Breloom, M|100\/100\n|turn|4\n|\n|t:|1698957604\n|move|p1b: windy|Ally Switch|p1b: windy\n|swap|p1b: windy|0|[from] move: Ally Switch\n|move|p2a: Dimmy|Extreme Speed|p1b: wimby\n|-damage|p1b: wimby|0 fnt\n|faint|p1b: wimby\n|move|p2b: Breloom|Mach Punch|p1a: windy\n|-damage|p1a: windy|6\/100\n|\n|-sideend|p1: cgtuh.ocgoj\u201dfyxtg9|move: Tailwind\n|-sideend|p2: absol_alex|move: Tailwind\n|upkeep\n|\n|t:|1698957624\n|switch|p1b: palm tree|Dragonite, M, shiny|100\/100\n|turn|5\n|\n|t:|1698957645\n|move|p1a: windy|Ally Switch|p1a: windy\n|swap|p1a: windy|1|[from] move: Ally Switch\n|move|p1a: palm tree|Extreme Speed|p2a: Dimmy\n|-damage|p2a: Dimmy|0 fnt\n|faint|p2a: Dimmy\n|move|p2b: Breloom|Spore|p1b: windy\n|-immune|p1b: windy\n|\n|upkeep\n|\n|t:|1698957651\n|switch|p2a: Val|Sylveon, F|100\/100\n|turn|6\n|\n|t:|1698957708\n|move|p1b: windy|Knock Off|p2a: Val\n|-resisted|p2a: Val\n|-damage|p2a: Val|81\/100\n|-enditem|p2a: Val|Throat Spray|[from] move: Knock Off|[of] p1b: windy\n|move|p2b: Breloom|Bullet Seed|p1b: windy\n|-resisted|p1b: windy\n|-damage|p1b: windy|0 fnt\n|faint|p1b: windy\n|-hitcount|p1: windy|1\n|move|p1a: palm tree|Iron Head|p2a: Val\n|-supereffective|p2a: Val\n|-damage|p2a: Val|7\/100\n|cant|p2a: Val|flinch\n|\n|upkeep\n|\n|t:|1698957725\n|switch|p1b: winby|Ribombee, F|100\/100\n|turn|7\n|\n|t:|1698957756\n|move|p2a: Val|Protect|p2a: Val\n|-singleturn|p2a: Val|Protect\n|move|p1a: palm tree|Extreme Speed|p2a: Val\n|-activate|p2a: Val|move: Protect\n|move|p1b: winby|Reflect|p1b: winby\n|-sidestart|p1: cgtuh.ocgoj\u201dfyxtg9|Reflect\n|move|p2b: Breloom|Spore|p1a: palm tree\n|-block|p1a: palm tree|ability: Sweet Veil|[of] p1b: winby\n|\n|upkeep\n|turn|8\n|-message|absol_alex forfeited.\n|\n|win|cgtuh.ocgoj\u201dfyxtg9\n|raw|cgtuh.ocgoj\u201dfyxtg9's rating: 1172 &rarr; <strong>1201<\/strong><br \/>(+29 for winning)\n|raw|absol_alex's rating: 1226 &rarr; <strong>1197<\/strong><br \/>(-29 for losing)\n|l|\u2606absol_alex\n|l|\u2606cgtuh.ocgoj\u201dfyxtg9\n|j|\u2606cgtuh.ocgoj\u201dfyxtg9\n|player|p1|cgtuh.ocgoj\u201dfyxtg9|266\n","uploadtime":1698957918,"views":13,"p1id":"cgtuhocgojfyxtg9","p2id":"absolalex","formatid":"gen9doublesou","rating":1197,"private":0,"password":""}