{"id":"gen9doublesou-1997874844","p1":"ZingiestImp","p2":"papi de quatro","format":"[Gen 9] Doubles OU","log":"|j|\u2606ZingiestImp\n|j|\u2606papi de quatro\n|t:|1700862401\n|gametype|doubles\n|player|p1|ZingiestImp|pokekid|1315\n|player|p2|papi de quatro|169|1372\n|teamsize|p1|6\n|teamsize|p2|6\n|gen|9\n|tier|[Gen 9] Doubles OU\n|rated|\n|rule|Species Clause: Limit one of each Pok\u00e9mon\n|rule|OHKO Clause: OHKO moves are banned\n|rule|Evasion Moves Clause: Evasion moves are banned\n|rule|Gravity Sleep Clause: The combination of sleep-inducing moves with imperfect accuracy and Gravity or Gigantamax Orbeetle are banned\n|rule|Endless Battle Clause: Forcing endless battles is banned\n|rule|HP Percentage Mod: HP is shown in percentages\n|clearpoke\n|poke|p1|Skeledirge, F|\n|poke|p1|Meowscarada, F|\n|poke|p1|Diancie|\n|poke|p1|Rillaboom, M|\n|poke|p1|Walking Wake|\n|poke|p1|Empoleon, M|\n|poke|p2|Farigiraf, M|\n|poke|p2|Hatterene, F|\n|poke|p2|Ursaluna, M|\n|poke|p2|Sinistcha|\n|poke|p2|Kommo-o, M|\n|poke|p2|Kingambit, M|\n|teampreview\n|inactive|Battle timer is ON: inactive players will automatically lose when time's up. (requested by papi de quatro)\n|\n|t:|1700862411\n|start\n|switch|p1a: Skeledirge|Skeledirge, F, shiny|100\/100\n|switch|p1b: Meowscarada|Meowscarada, F|100\/100\n|switch|p2a: Farigiraf|Farigiraf, M|100\/100\n|switch|p2b: Ursaluna|Ursaluna, M, shiny|100\/100\n|turn|1\n|\n|t:|1700862429\n|move|p1b: Meowscarada|Grass Pledge|p2a: Farigiraf\n|-waiting|p1b: Meowscarada|p1a: Skeledirge\n|move|p1a: Skeledirge|Fire Pledge|p2a: Farigiraf|[from]move: Grass Pledge\n|-combine\n|-damage|p2a: Farigiraf|27\/100\n|-sidestart|p2: papi de quatro|Fire Pledge\n|move|p2b: Ursaluna|Headlong Rush|p1a: Skeledirge\n|-supereffective|p1a: Skeledirge\n|-damage|p1a: Skeledirge|0 fnt\n|-unboost|p2b: Ursaluna|def|1\n|-unboost|p2b: Ursaluna|spd|1\n|faint|p1a: Skeledirge\n|move|p2a: Farigiraf|Trick Room|p2a: Farigiraf\n|-fieldstart|move: Trick Room|[of] p2a: Farigiraf\n|\n|-damage|p2b: Ursaluna|88\/100|[from] Fire Pledge\n|-damage|p2a: Farigiraf|14\/100|[from] Fire Pledge\n|-status|p2b: Ursaluna|brn|[from] item: Flame Orb\n|upkeep\n|\n|t:|1700862452\n|switch|p1a: Rillaboom|Rillaboom, M|100\/100\n|-fieldstart|move: Grassy Terrain|[from] ability: Grassy Surge|[of] p1a: Rillaboom\n|turn|2\n|\n|t:|1700862471\n|move|p1a: Rillaboom|Fake Out||[still]\n|cant|p2a: Farigiraf|ability: Armor Tail|Fake Out|[of] p1a: Rillaboom\n|move|p2b: Ursaluna|Ice Punch|p1a: Rillaboom\n|-supereffective|p1a: Rillaboom\n|-damage|p1a: Rillaboom|19\/100\n|move|p2a: Farigiraf|Dazzling Gleam|p1b: Meowscarada|[spread] p1a,p1b\n|-supereffective|p1b: Meowscarada\n|-damage|p1a: Rillaboom|0 fnt\n|-damage|p1b: Meowscarada|40\/100\n|faint|p1a: Rillaboom\n|move|p1b: Meowscarada|Flower Trick|p2a: Farigiraf\n|-crit|p2a: Farigiraf\n|-damage|p2a: Farigiraf|0 fnt\n|faint|p2a: Farigiraf\n|\n|-damage|p2b: Ursaluna|75\/100 brn|[from] Fire Pledge\n|-heal|p2b: Ursaluna|82\/100 brn|[from] Grassy Terrain\n|-heal|p1b: Meowscarada|46\/100|[from] Grassy Terrain\n|-damage|p2b: Ursaluna|75\/100 brn|[from] brn\n|upkeep\n|\n|t:|1700862492\n|switch|p2a: Hatterene|Hatterene, F, shiny|100\/100\n|switch|p1a: Walking Wake|Walking Wake|100\/100\n|-enditem|p1a: Walking Wake|Booster Energy\n|-activate|p1a: Walking Wake|ability: Protosynthesis|[fromitem]\n|-start|p1a: Walking Wake|protosynthesisspa\n|turn|3\n|\n|t:|1700862516\n|move|p1a: Walking Wake|Protect|p1a: Walking Wake\n|-singleturn|p1a: Walking Wake|Protect\n|move|p1b: Meowscarada|Protect|p1b: Meowscarada\n|-singleturn|p1b: Meowscarada|Protect\n|move|p2a: Hatterene|Draining Kiss|p1b: Meowscarada\n|-activate|p1b: Meowscarada|move: Protect\n|move|p2b: Ursaluna|Facade|p1a: Walking Wake\n|-activate|p1a: Walking Wake|move: Protect\n|\n|-damage|p2a: Hatterene|88\/100|[from] Fire Pledge\n|-heal|p2a: Hatterene|94\/100|[from] Grassy Terrain\n|-heal|p2a: Hatterene|99\/100|[from] item: Leftovers\n|-damage|p2b: Ursaluna|63\/100 brn|[from] Fire Pledge\n|-heal|p2b: Ursaluna|69\/100 brn|[from] Grassy Terrain\n|-heal|p1b: Meowscarada|52\/100|[from] Grassy Terrain\n|-damage|p2b: Ursaluna|63\/100 brn|[from] brn\n|upkeep\n|turn|4\n|inactive|ZingiestImp has 120 seconds left.\n|\n|t:|1700862546\n|switch|p1b: Empoleon|Empoleon, M|100\/100\n|move|p2a: Hatterene|Draining Kiss|p1a: Walking Wake\n|-supereffective|p1a: Walking Wake\n|-damage|p1a: Walking Wake|30\/100\n|-heal|p2a: Hatterene|100\/100|[from] drain|[of] p1a: Walking Wake\n|move|p2b: Ursaluna|Facade|p1b: Empoleon\n|-resisted|p1b: Empoleon\n|-damage|p1b: Empoleon|41\/100\n|move|p1a: Walking Wake|Hydro Steam|p2b: Ursaluna\n|-supereffective|p2b: Ursaluna\n|-damage|p2b: Ursaluna|0 fnt\n|faint|p2b: Ursaluna\n|\n|-damage|p2a: Hatterene|88\/100|[from] Fire Pledge\n|-heal|p2a: Hatterene|94\/100|[from] Grassy Terrain\n|-heal|p2a: Hatterene|99\/100|[from] item: Leftovers\n|-heal|p1b: Empoleon|47\/100|[from] Grassy Terrain\n|-heal|p1a: Walking Wake|36\/100|[from] Grassy Terrain\n|-sideend|p2: papi de quatro|Fire Pledge\n|upkeep\n|inactive|papi de quatro has 120 seconds left.\n|\n|t:|1700862566\n|switch|p2b: Sinistcha|Sinistcha, shiny|100\/100\n|-heal|p2a: Hatterene|100\/100|[from] ability: Hospitality|[of] p2b: Sinistcha\n|turn|5\n|\n|t:|1700862577\n|move|p1b: Empoleon|Protect|p1b: Empoleon\n|-singleturn|p1b: Empoleon|Protect\n|move|p1a: Walking Wake|Protect|p1a: Walking Wake\n|-singleturn|p1a: Walking Wake|Protect\n|move|p2a: Hatterene|Calm Mind|p2a: Hatterene\n|-boost|p2a: Hatterene|spa|1\n|-boost|p2a: Hatterene|spd|1\n|move|p2b: Sinistcha|Calm Mind|p2b: Sinistcha\n|-boost|p2b: Sinistcha|spa|1\n|-boost|p2b: Sinistcha|spd|1\n|\n|-heal|p1b: Empoleon|54\/100|[from] Grassy Terrain\n|-heal|p1a: Walking Wake|42\/100|[from] Grassy Terrain\n|-fieldend|move: Trick Room\n|upkeep\n|turn|6\n|\n|t:|1700862599\n|-terastallize|p1a: Walking Wake|Fire\n|move|p2b: Sinistcha|Rage Powder|p2b: Sinistcha\n|-singleturn|p2b: Sinistcha|move: Rage Powder\n|move|p1a: Walking Wake|Flamethrower|p2b: Sinistcha\n|-supereffective|p2b: Sinistcha\n|-damage|p2b: Sinistcha|3\/100\n|-status|p2b: Sinistcha|brn\n|-enditem|p2b: Sinistcha|Sitrus Berry|[eat]\n|-heal|p2b: Sinistcha|28\/100 brn|[from] item: Sitrus Berry\n|move|p1b: Empoleon|Flash Cannon|p2b: Sinistcha\n|-damage|p2b: Sinistcha|0 fnt\n|faint|p2b: Sinistcha\n|move|p2a: Hatterene|Trick Room|p2a: Hatterene\n|-fieldstart|move: Trick Room|[of] p2a: Hatterene\n|\n|-heal|p1b: Empoleon|60\/100|[from] Grassy Terrain\n|-heal|p1a: Walking Wake|48\/100|[from] Grassy Terrain\n|-fieldend|move: Grassy Terrain\n|upkeep\n|\n|t:|1700862614\n|switch|p2b: Kingambit|Kingambit, M|100\/100\n|-activate|p2b: Kingambit|ability: Supreme Overlord\n|-start|p2b: Kingambit|fallen3|[silent]\n|turn|7\n|\n|t:|1700862639\n|-terastallize|p2b: Kingambit|Flying\n|move|p1b: Empoleon|Protect|p1b: Empoleon\n|-singleturn|p1b: Empoleon|Protect\n|move|p1a: Walking Wake|Protect|p1a: Walking Wake\n|-singleturn|p1a: Walking Wake|Protect\n|move|p2b: Kingambit|Sucker Punch||[still]\n|-fail|p2b: Kingambit\n|move|p2a: Hatterene|Calm Mind|p2a: Hatterene\n|-boost|p2a: Hatterene|spa|1\n|-boost|p2a: Hatterene|spd|1\n|\n|upkeep\n|turn|8\n|\n|t:|1700862659\n|move|p2a: Hatterene|Draining Kiss|p1a: Walking Wake\n|-resisted|p1a: Walking Wake\n|-damage|p1a: Walking Wake|14\/100\n|move|p2b: Kingambit|Kowtow Cleave|p1b: Empoleon\n|-damage|p1b: Empoleon|0 fnt\n|faint|p1b: Empoleon\n|move|p1a: Walking Wake|Draco Meteor|p2b: Kingambit\n|-damage|p2b: Kingambit|49\/100\n|-unboost|p1a: Walking Wake|spa|2\n|\n|upkeep\n|\n|t:|1700862673\n|switch|p1b: Diancie|Diancie|100\/100\n|turn|9\n|\n|t:|1700862694\n|-end|p1a: Walking Wake|Protosynthesis|[silent]\n|switch|p1a: Meowscarada|Meowscarada, F|52\/100\n|move|p1b: Diancie|Protect|p1b: Diancie\n|-singleturn|p1b: Diancie|Protect\n|move|p2a: Hatterene|Draining Kiss|p1a: Meowscarada\n|-supereffective|p1a: Meowscarada\n|-damage|p1a: Meowscarada|0 fnt\n|faint|p1a: Meowscarada\n|move|p2b: Kingambit|Iron Head|p1b: Diancie\n|-activate|p1b: Diancie|move: Protect\n|\n|upkeep\n|\n|t:|1700862708\n|switch|p1a: Walking Wake|Walking Wake, tera:Fire|14\/100\n|turn|10\n|\n|t:|1700862725\n|move|p1b: Diancie|Protect|p1b: Diancie\n|-singleturn|p1b: Diancie|Protect\n|move|p2a: Hatterene|Draining Kiss|p1a: Walking Wake\n|-resisted|p1a: Walking Wake\n|-damage|p1a: Walking Wake|0 fnt\n|faint|p1a: Walking Wake\n|-end|p1a: Walking Wake|Protosynthesis|[silent]\n|move|p2b: Kingambit|Iron Head|p1b: Diancie\n|-activate|p1b: Diancie|move: Protect\n|\n|-fieldend|move: Trick Room\n|upkeep\n|turn|11\n|\n|t:|1700862743\n|move|p1b: Diancie|Diamond Storm|p2b: Kingambit|[spread] p2a,p2b\n|-supereffective|p2b: Kingambit\n|-damage|p2a: Hatterene|70\/100\n|-damage|p2b: Kingambit|8\/100\n|move|p2b: Kingambit|Iron Head|p1b: Diancie\n|-supereffective|p1b: Diancie\n|-damage|p1b: Diancie|0 fnt\n|faint|p1b: Diancie\n|\n|win|papi de quatro\n|raw|ZingiestImp's rating: 1315 &rarr; <strong>1298<\/strong><br \/>(-17 for losing)\n|raw|papi de quatro's rating: 1372 &rarr; <strong>1389<\/strong><br \/>(+17 for winning)\n","uploadtime":1700862759,"views":2,"p1id":"zingiestimp","p2id":"papidequatro","formatid":"gen9doublesou","rating":1298,"private":0,"password":""}