{"id":"gen9doublesou-1974911882","p1":"DingTest","p2":"Marreant","format":"[Gen 9] Doubles OU","log":"|j|\u2606DingTest\n|j|\u2606Marreant\n|t:|1698143629\n|gametype|doubles\n|player|p1|DingTest|dawn-gen4pt|1092\n|player|p2|Marreant|preschooler|1105\n|teamsize|p1|6\n|teamsize|p2|6\n|gen|9\n|tier|[Gen 9] Doubles OU\n|rated|\n|rule|Species Clause: Limit one of each Pok\u00e9mon\n|rule|OHKO Clause: OHKO moves are banned\n|rule|Evasion Moves Clause: Evasion moves are banned\n|rule|Gravity Sleep Clause: The combination of sleep-inducing moves with imperfect accuracy and Gravity or Gigantamax Orbeetle are banned\n|rule|Endless Battle Clause: Forcing endless battles is banned\n|rule|HP Percentage Mod: HP is shown in percentages\n|clearpoke\n|poke|p1|Chien-Pao|\n|poke|p1|Tornadus, M|\n|poke|p1|Dragonite, F|\n|poke|p1|Chi-Yu|\n|poke|p1|Flutter Mane|\n|poke|p1|Landorus, M|\n|poke|p2|Tyranitar, F|\n|poke|p2|Dragonite, F|\n|poke|p2|Tinkaton, F|\n|poke|p2|Goodra-Hisui, M|\n|poke|p2|Typhlosion-Hisui, F|\n|poke|p2|Brute Bonnet|\n|teampreview\n|inactive|Battle timer is ON: inactive players will automatically lose when time's up. (requested by DingTest)\n|inactive|Marreant also wants the timer to be on.\n|inactive|DingTest has 120 seconds left.\n|\n|t:|1698143670\n|start\n|switch|p1a: Landorus|Landorus, M|100\/100\n|switch|p1b: Chi-Yu|Chi-Yu|100\/100\n|switch|p2a: Tinkaton|Tinkaton, F, shiny|100\/100\n|switch|p2b: Brute Bonnet|Brute Bonnet|100\/100\n|-ability|p1b: Chi-Yu|Beads of Ruin\n|turn|1\n|\n|t:|1698143687\n|-terastallize|p2a: Tinkaton|Fire\n|move|p1b: Chi-Yu|Heat Wave|p2a: Tinkaton|[spread] p2a,p2b\n|-resisted|p2a: Tinkaton\n|-supereffective|p2b: Brute Bonnet\n|-damage|p2a: Tinkaton|83\/100\n|-damage|p2b: Brute Bonnet|39\/100\n|move|p1a: Landorus|Sandsear Storm|p2b: Brute Bonnet|[spread] \n|-miss|p1a: Landorus|p2a: Tinkaton\n|-miss|p1a: Landorus|p2b: Brute Bonnet\n|move|p2a: Tinkaton|Thunder Wave|p1b: Chi-Yu\n|-status|p1b: Chi-Yu|par\n|move|p2b: Brute Bonnet|Spore|p1a: Landorus\n|-status|p1a: Landorus|slp|[from] move: Spore\n|\n|upkeep\n|turn|2\n|\n|t:|1698143706\n|-end|p2b: Brute Bonnet|Protosynthesis|[silent]\n|switch|p2b: Tyranitar|Tyranitar, F|100\/100\n|-weather|Sandstorm|[from] ability: Sand Stream|[of] p2b: Tyranitar\n|cant|p1a: Landorus|slp\n|move|p1b: Chi-Yu|Heat Wave|p2b: Tyranitar|[spread] p2a,p2b\n|-resisted|p2a: Tinkaton\n|-resisted|p2b: Tyranitar\n|-damage|p2a: Tinkaton|65\/100\n|-damage|p2b: Tyranitar|91\/100\n|move|p2a: Tinkaton|Gigaton Hammer|p1b: Chi-Yu\n|-resisted|p1b: Chi-Yu\n|-damage|p1b: Chi-Yu|62\/100 par\n|\n|-weather|Sandstorm|[upkeep]\n|-damage|p1b: Chi-Yu|56\/100 par|[from] Sandstorm\n|-damage|p2a: Tinkaton|59\/100|[from] Sandstorm\n|upkeep\n|turn|3\n|\n|t:|1698143722\n|move|p2a: Tinkaton|Protect|p2a: Tinkaton\n|-singleturn|p2a: Tinkaton|Protect\n|cant|p1a: Landorus|slp\n|move|p1b: Chi-Yu|Heat Wave|p2b: Tyranitar|[spread] p2b\n|-activate|p2a: Tinkaton|move: Protect\n|-resisted|p2b: Tyranitar\n|-damage|p2b: Tyranitar|83\/100\n|-status|p2b: Tyranitar|brn\n|move|p2b: Tyranitar|Knock Off|p1b: Chi-Yu\n|-resisted|p1b: Chi-Yu\n|-damage|p1b: Chi-Yu|34\/100 par\n|-enditem|p1b: Chi-Yu|Choice Scarf|[from] move: Knock Off|[of] p2b: Tyranitar\n|\n|-weather|Sandstorm|[upkeep]\n|-damage|p2a: Tinkaton|52\/100|[from] Sandstorm\n|-damage|p1b: Chi-Yu|28\/100 par|[from] Sandstorm\n|-damage|p2b: Tyranitar|76\/100 brn|[from] brn\n|upkeep\n|turn|4\n|\n|t:|1698143740\n|-curestatus|p1a: Landorus|slp|[msg]\n|move|p1a: Landorus|Earth Power|p2b: Tyranitar\n|-supereffective|p2b: Tyranitar\n|-damage|p2b: Tyranitar|8\/100 brn\n|move|p2a: Tinkaton|Gigaton Hammer|p1a: Landorus\n|-damage|p1a: Landorus|48\/100\n|cant|p1b: Chi-Yu|par\n|move|p2b: Tyranitar|Knock Off|p1a: Landorus\n|-damage|p1a: Landorus|17\/100\n|-enditem|p1a: Landorus|Life Orb|[from] move: Knock Off|[of] p2b: Tyranitar\n|\n|-weather|Sandstorm|[upkeep]\n|-damage|p2a: Tinkaton|46\/100|[from] Sandstorm\n|-damage|p1b: Chi-Yu|22\/100 par|[from] Sandstorm\n|-enditem|p2a: Tinkaton|Sitrus Berry|[eat]\n|-heal|p2a: Tinkaton|71\/100|[from] item: Sitrus Berry\n|-damage|p2b: Tyranitar|2\/100 brn|[from] brn\n|upkeep\n|turn|5\n|\n|t:|1698143765\n|move|p2a: Tinkaton|Protect|p2a: Tinkaton\n|-singleturn|p2a: Tinkaton|Protect\n|move|p1a: Landorus|Sandsear Storm|p2a: Tinkaton|[spread] \n|-activate|p2a: Tinkaton|move: Protect\n|-miss|p1a: Landorus|p2b: Tyranitar\n|move|p1b: Chi-Yu|Dark Pulse|p2a: Tinkaton\n|-activate|p2a: Tinkaton|move: Protect\n|move|p2b: Tyranitar|Rock Slide|p1a: Landorus|[spread] p1a,p1b\n|-supereffective|p1b: Chi-Yu\n|-damage|p1a: Landorus|0 fnt\n|-damage|p1b: Chi-Yu|0 fnt\n|faint|p1a: Landorus\n|faint|p1b: Chi-Yu\n|\n|-weather|Sandstorm|[upkeep]\n|-damage|p2a: Tinkaton|65\/100|[from] Sandstorm\n|-damage|p2b: Tyranitar|0 fnt|[from] brn\n|faint|p2b: Tyranitar\n|upkeep\n|\n|t:|1698143783\n|switch|p1a: Tornadus|Tornadus, M|100\/100\n|switch|p1b: Flutter Mane|Flutter Mane|100\/100\n|switch|p2b: Brute Bonnet|Brute Bonnet|39\/100\n|turn|6\n|\n|t:|1698143801\n|move|p2b: Brute Bonnet|Sucker Punch|p1b: Flutter Mane\n|-damage|p1b: Flutter Mane|34\/100\n|move|p1b: Flutter Mane|Shadow Ball|p2a: Tinkaton\n|-damage|p2a: Tinkaton|17\/100\n|move|p1a: Tornadus|Bleakwind Storm|p2a: Tinkaton|[spread] p2b\n|-miss|p1a: Tornadus|p2a: Tinkaton\n|-supereffective|p2b: Brute Bonnet\n|-damage|p2b: Brute Bonnet|0 fnt\n|faint|p2b: Brute Bonnet\n|-end|p2b: Brute Bonnet|Protosynthesis|[silent]\n|move|p2a: Tinkaton|Thunder Wave|p1a: Tornadus\n|-status|p1a: Tornadus|par\n|\n|-weather|none\n|upkeep\n|\n|t:|1698143814\n|switch|p2b: Typhlosion|Typhlosion-Hisui, F, shiny|100\/100\n|-item|p1a: Tornadus|Focus Sash|[from] ability: Frisk|[of] p2b: Typhlosion|[identify]\n|-item|p1b: Flutter Mane|Choice Specs|[from] ability: Frisk|[of] p2b: Typhlosion|[identify]\n|turn|7\n|\n|t:|1698143823\n|move|p1a: Tornadus|Tailwind|p1a: Tornadus\n|-sidestart|p1: DingTest|move: Tailwind\n|move|p1b: Flutter Mane|Shadow Ball|p2b: Typhlosion\n|-supereffective|p2b: Typhlosion\n|-damage|p2b: Typhlosion|0 fnt\n|faint|p2b: Typhlosion\n|move|p2a: Tinkaton|Gigaton Hammer|p1a: Tornadus\n|-damage|p1a: Tornadus|39\/100 par\n|\n|upkeep\n|\n|t:|1698143833\n|switch|p2b: Dragonite|Dragonite, F, shiny|100\/100\n|turn|8\n|\n|t:|1698143842\n|move|p2a: Tinkaton|Protect|p2a: Tinkaton\n|-singleturn|p2a: Tinkaton|Protect\n|move|p1b: Flutter Mane|Shadow Ball|p2b: Dragonite\n|-damage|p2b: Dragonite|46\/100\n|move|p1a: Tornadus|Bleakwind Storm|p2a: Tinkaton|[spread] p2b\n|-activate|p2a: Tinkaton|move: Protect\n|-damage|p2b: Dragonite|11\/100\n|move|p2b: Dragonite|Iron Head|p1b: Flutter Mane\n|-supereffective|p1b: Flutter Mane\n|-damage|p1b: Flutter Mane|0 fnt\n|faint|p1b: Flutter Mane\n|-end|p1b: Flutter Mane|Protosynthesis|[silent]\n|\n|upkeep\n|\n|t:|1698143846\n|switch|p1b: Dragonite|Dragonite, F, shiny|100\/100\n|turn|9\n|\n|t:|1698143858\n|move|p1b: Dragonite|Extreme Speed|p2b: Dragonite\n|-damage|p2b: Dragonite|0 fnt\n|faint|p2b: Dragonite\n|cant|p1a: Tornadus|par\n|move|p2a: Tinkaton|Thunder Wave|p1b: Dragonite\n|-status|p1b: Dragonite|par\n|\n|upkeep\n|\n|t:|1698143866\n|switch|p2b: Goodra|Goodra-Hisui, M|100\/100\n|turn|10\n|\n|t:|1698143878\n|move|p2a: Tinkaton|Protect|p2a: Tinkaton\n|-singleturn|p2a: Tinkaton|Protect\n|move|p1b: Dragonite|Extreme Speed|p2b: Goodra\n|-resisted|p2b: Goodra\n|-damage|p2b: Goodra|86\/100\n|move|p1a: Tornadus|Bleakwind Storm|p2b: Goodra|[spread] \n|-activate|p2a: Tinkaton|move: Protect\n|-miss|p1a: Tornadus|p2b: Goodra\n|move|p2b: Goodra|Knock Off|p1b: Dragonite\n|-damage|p1b: Dragonite|77\/100 par\n|-enditem|p1b: Dragonite|Choice Band|[from] move: Knock Off|[of] p2b: Goodra\n|\n|-heal|p2b: Goodra|92\/100|[from] item: Leftovers\n|-sideend|p1: DingTest|move: Tailwind\n|upkeep\n|turn|11\n|\n|t:|1698143895\n|move|p2a: Tinkaton|Gigaton Hammer|p1b: Dragonite\n|-damage|p1b: Dragonite|36\/100 par\n|move|p1a: Tornadus|Bleakwind Storm|p2a: Tinkaton|[spread] p2b\n|-miss|p1a: Tornadus|p2a: Tinkaton\n|-resisted|p2b: Goodra\n|-crit|p2b: Goodra\n|-damage|p2b: Goodra|72\/100\n|move|p2b: Goodra|Shelter|p2b: Goodra\n|-boost|p2b: Goodra|def|2\n|move|p1b: Dragonite|Iron Head|p2b: Goodra\n|-resisted|p2b: Goodra\n|-damage|p2b: Goodra|68\/100\n|\n|-heal|p2b: Goodra|74\/100|[from] item: Leftovers\n|upkeep\n|turn|12\n|\n|t:|1698143909\n|move|p2a: Tinkaton|Protect|p2a: Tinkaton\n|-singleturn|p2a: Tinkaton|Protect\n|move|p1b: Dragonite|Extreme Speed|p2a: Tinkaton\n|-activate|p2a: Tinkaton|move: Protect\n|move|p1a: Tornadus|Bleakwind Storm|p2a: Tinkaton|[spread] p2b\n|-activate|p2a: Tinkaton|move: Protect\n|-resisted|p2b: Goodra\n|-damage|p2b: Goodra|62\/100\n|move|p2b: Goodra|Life Dew|p2b: Goodra|[spread] p2a,p2b\n|-heal|p2a: Tinkaton|42\/100\n|-heal|p2b: Goodra|87\/100\n|\n|-heal|p2b: Goodra|93\/100|[from] item: Leftovers\n|upkeep\n|turn|13\n|\n|t:|1698143928\n|cant|p1b: Dragonite|par\n|move|p2a: Tinkaton|Gigaton Hammer|p1b: Dragonite\n|-damage|p1b: Dragonite|0 fnt\n|faint|p1b: Dragonite\n|move|p1a: Tornadus|Bleakwind Storm|p2b: Goodra|[spread] p2a,p2b\n|-resisted|p2b: Goodra\n|-damage|p2a: Tinkaton|16\/100\n|-damage|p2b: Goodra|80\/100\n|-unboost|p2a: Tinkaton|spe|1\n|move|p2b: Goodra|Body Press|p1a: Tornadus\n|-resisted|p1a: Tornadus\n|-damage|p1a: Tornadus|3\/100 par\n|\n|-heal|p2b: Goodra|86\/100|[from] item: Leftovers\n|upkeep\n|\n|t:|1698143933\n|switch|p1b: Chien-Pao|Chien-Pao|100\/100\n|-ability|p1b: Chien-Pao|Sword of Ruin\n|turn|14\n|\n|t:|1698143945\n|move|p2a: Tinkaton|Protect|p2a: Tinkaton\n|-singleturn|p2a: Tinkaton|Protect\n|move|p1b: Chien-Pao|Sacred Sword|p2b: Goodra\n|-supereffective|p2b: Goodra\n|-damage|p2b: Goodra|31\/100\n|move|p1a: Tornadus|Bleakwind Storm|p2b: Goodra|[spread] p2b\n|-activate|p2a: Tinkaton|move: Protect\n|-resisted|p2b: Goodra\n|-damage|p2b: Goodra|19\/100\n|move|p2b: Goodra|Shelter|p2b: Goodra\n|-boost|p2b: Goodra|def|2\n|\n|-heal|p2b: Goodra|25\/100|[from] item: Leftovers\n|upkeep\n|turn|15\n|\n|t:|1698143965\n|move|p1b: Chien-Pao|Sacred Sword|p2a: Tinkaton\n|-damage|p2a: Tinkaton|0 fnt\n|faint|p2a: Tinkaton\n|move|p1a: Tornadus|Bleakwind Storm|p2b: Goodra|[miss]\n|-miss|p1a: Tornadus|p2b: Goodra\n|move|p2b: Goodra|Body Press|p1a: Tornadus\n|-resisted|p1a: Tornadus\n|-damage|p1a: Tornadus|0 fnt\n|faint|p1a: Tornadus\n|\n|-heal|p2b: Goodra|31\/100|[from] item: Leftovers\n|upkeep\n|turn|16\n|\n|t:|1698143977\n|move|p1b: Chien-Pao|Sacred Sword|p2b: Goodra\n|-supereffective|p2b: Goodra\n|-damage|p2b: Goodra|0 fnt\n|faint|p2b: Goodra\n|\n|win|DingTest\n|raw|DingTest's rating: 1092 &rarr; <strong>1119<\/strong><br \/>(+27 for winning)\n|raw|Marreant's rating: 1105 &rarr; <strong>1079<\/strong><br \/>(-26 for losing)\n|l|\u2606Marreant\n","uploadtime":1698143985,"views":23,"p1id":"dingtest","p2id":"marreant","formatid":"gen9doublesou","rating":1079,"private":0,"password":""}