{"id":"gen9doublesou-1977020057","p1":"postmanPATo7","p2":"Rod182","format":"[Gen 9] Doubles OU","log":"|j|\u203dpostmanPATo7\n|j|\u2606Rod182\n|t:|1698362544\n|gametype|doubles\n|player|p1|postmanPATo7|red-masters|1077\n|player|p2|Rod182|1|1170\n|teamsize|p1|6\n|teamsize|p2|6\n|gen|9\n|tier|[Gen 9] Doubles OU\n|rated|\n|rule|Species Clause: Limit one of each Pok\u00e9mon\n|rule|OHKO Clause: OHKO moves are banned\n|rule|Evasion Moves Clause: Evasion moves are banned\n|rule|Gravity Sleep Clause: The combination of sleep-inducing moves with imperfect accuracy and Gravity or Gigantamax Orbeetle are banned\n|rule|Endless Battle Clause: Forcing endless battles is banned\n|rule|HP Percentage Mod: HP is shown in percentages\n|clearpoke\n|poke|p1|Pelipper, M|\n|poke|p1|Torkoal, M|\n|poke|p1|Tyranitar, M|\n|poke|p1|Rillaboom, M|\n|poke|p1|Ninetales-Alola, M|\n|poke|p1|Diancie|\n|poke|p2|Kilowattrel, M|\n|poke|p2|Brambleghast, F|\n|poke|p2|Ceruledge, M|\n|poke|p2|Garganacl, F|\n|poke|p2|Rabsca, F|\n|poke|p2|Iron Valiant|\n|teampreview\n|\n|t:|1698362553\n|start\n|switch|p1a: Torkoal|Torkoal, M, shiny|100\/100\n|switch|p1b: Diancie|Diancie|100\/100\n|switch|p2a: Kilowattrel|Kilowattrel, M|100\/100\n|switch|p2b: Ceruledge|Ceruledge, M|100\/100\n|-weather|SunnyDay|[from] ability: Drought|[of] p1a: Torkoal\n|turn|1\n|inactive|Battle timer is ON: inactive players will automatically lose when time's up. (requested by Rod182)\n|\n|t:|1698362575\n|switch|p2b: Garganacl|Garganacl, F|100\/100\n|move|p1b: Diancie|Protect|p1b: Diancie\n|-singleturn|p1b: Diancie|Protect\n|move|p2a: Kilowattrel|Tailwind|p2a: Kilowattrel\n|-sidestart|p2: Rod182|move: Tailwind\n|-start|p2a: Kilowattrel|Charge|Tailwind|[from] ability: Wind Power\n|move|p1a: Torkoal|Eruption|p2a: Kilowattrel|[spread] p2a,p2b\n|-resisted|p2b: Garganacl\n|-enditem|p2a: Kilowattrel|Focus Sash\n|-damage|p2a: Kilowattrel|1\/100\n|-damage|p2b: Garganacl|62\/100\n|\n|-weather|SunnyDay|[upkeep]\n|-heal|p2b: Garganacl|68\/100|[from] item: Leftovers\n|upkeep\n|turn|2\n|\n|t:|1698362602\n|move|p1a: Torkoal|Protect|p1a: Torkoal\n|-singleturn|p1a: Torkoal|Protect\n|move|p2a: Kilowattrel|Thunderbolt|p1a: Torkoal\n|-activate|p1a: Torkoal|move: Protect\n|-end|p2a: Kilowattrel|Charge|[silent]\n|move|p2b: Garganacl|Stomping Tantrum|p1b: Diancie\n|-supereffective|p1b: Diancie\n|-damage|p1b: Diancie|74\/100\n|move|p1b: Diancie|Trick Room|p1b: Diancie\n|-fieldstart|move: Trick Room|[of] p1b: Diancie\n|\n|-weather|SunnyDay|[upkeep]\n|-heal|p2b: Garganacl|74\/100|[from] item: Leftovers\n|upkeep\n|turn|3\n|\n|t:|1698362625\n|move|p1a: Torkoal|Eruption|p2a: Kilowattrel|[spread] p2a,p2b\n|-resisted|p2b: Garganacl\n|-damage|p2a: Kilowattrel|0 fnt\n|-damage|p2b: Garganacl|32\/100\n|faint|p2a: Kilowattrel\n|move|p1b: Diancie|Body Press|p2b: Garganacl\n|-supereffective|p2b: Garganacl\n|-damage|p2b: Garganacl|6\/100\n|move|p2b: Garganacl|Salt Cure|p1a: Torkoal\n|-supereffective|p1a: Torkoal\n|-damage|p1a: Torkoal|81\/100\n|-start|p1a: Torkoal|Salt Cure\n|\n|-weather|SunnyDay|[upkeep]\n|-heal|p2b: Garganacl|12\/100|[from] item: Leftovers\n|-damage|p1a: Torkoal|68\/100|[from] Salt Cure\n|upkeep\n|inactive|Rod182 has 120 seconds left.\n|\n|t:|1698362641\n|switch|p2a: Rabsca|Rabsca, F|100\/100\n|turn|4\n|\n|t:|1698362650\n|move|p2b: Garganacl|Protect|p2b: Garganacl\n|-singleturn|p2b: Garganacl|Protect\n|move|p2a: Rabsca|Protect|p2a: Rabsca\n|-singleturn|p2a: Rabsca|Protect\n|move|p1a: Torkoal|Heat Wave|p2a: Rabsca|[spread] \n|-activate|p2a: Rabsca|move: Protect\n|-activate|p2b: Garganacl|move: Protect\n|move|p1b: Diancie|Body Press|p2b: Garganacl\n|-activate|p2b: Garganacl|move: Protect\n|\n|-weather|SunnyDay|[upkeep]\n|-heal|p2b: Garganacl|18\/100|[from] item: Leftovers\n|-damage|p1a: Torkoal|56\/100|[from] Salt Cure\n|-sideend|p2: Rod182|move: Tailwind\n|upkeep\n|turn|5\n|\n|t:|1698362671\n|switch|p2b: Ceruledge|Ceruledge, M|100\/100\n|move|p1a: Torkoal|Heat Wave|p2b: Ceruledge|[spread] p2a\n|-start|p2b: Ceruledge|ability: Flash Fire\n|-supereffective|p2a: Rabsca\n|-damage|p2a: Rabsca|20\/100\n|move|p1b: Diancie|Body Press|p2b: Ceruledge\n|-immune|p2b: Ceruledge\n|move|p2a: Rabsca|Light Screen|p2a: Rabsca\n|-sidestart|p2: Rod182|move: Light Screen\n|\n|-weather|none\n|-damage|p1a: Torkoal|44\/100|[from] Salt Cure\n|upkeep\n|turn|6\n|\n|t:|1698362700\n|switch|p1a: Tyranitar|Tyranitar, M, shiny|100\/100\n|-weather|Sandstorm|[from] ability: Sand Stream|[of] p1a: Tyranitar\n|-end|p2b: Ceruledge|ability: Flash Fire|[silent]\n|switch|p2b: Garganacl|Garganacl, F|18\/100\n|move|p1b: Diancie|Diamond Storm|p2b: Garganacl|[spread] p2a,p2b\n|-supereffective|p2a: Rabsca\n|-damage|p2a: Rabsca|0 fnt\n|-damage|p2b: Garganacl|5\/100\n|faint|p2a: Rabsca\n|\n|-weather|Sandstorm|[upkeep]\n|-heal|p2b: Garganacl|12\/100|[from] item: Leftovers\n|-fieldend|move: Trick Room\n|upkeep\n|inactive|Rod182 has 120 seconds left.\n|\n|t:|1698362723\n|switch|p2a: Iron Valiant|Iron Valiant|100\/100\n|-enditem|p2a: Iron Valiant|Booster Energy\n|-activate|p2a: Iron Valiant|ability: Quark Drive|[fromitem]\n|-start|p2a: Iron Valiant|quarkdrivespe\n|turn|7\n|\n|t:|1698362739\n|move|p1b: Diancie|Protect|p1b: Diancie\n|-singleturn|p1b: Diancie|Protect\n|move|p2a: Iron Valiant|Aura Sphere|p1a: Tyranitar\n|-supereffective|p1a: Tyranitar\n|-crit|p1a: Tyranitar\n|-damage|p1a: Tyranitar|0 fnt\n|faint|p1a: Tyranitar\n|move|p2b: Garganacl|Recover|p2b: Garganacl\n|-heal|p2b: Garganacl|62\/100\n|\n|-weather|Sandstorm|[upkeep]\n|-damage|p2a: Iron Valiant|94\/100|[from] Sandstorm\n|-heal|p2b: Garganacl|68\/100|[from] item: Leftovers\n|upkeep\n|\n|t:|1698362746\n|switch|p1a: Ninetales|Ninetales-Alola, M, shiny|100\/100\n|-weather|Snow|[from] ability: Snow Warning|[of] p1a: Ninetales\n|turn|8\n|inactive|Rod182 has 120 seconds left.\n|\n|t:|1698362786\n|move|p2a: Iron Valiant|Dazzling Gleam|p1a: Ninetales|[spread] p1a,p1b\n|-damage|p1a: Ninetales|67\/100\n|-damage|p1b: Diancie|56\/100\n|move|p1a: Ninetales|Dazzling Gleam|p2a: Iron Valiant|[spread] p2a,p2b\n|-supereffective|p2a: Iron Valiant\n|-damage|p2a: Iron Valiant|40\/100\n|-damage|p2b: Garganacl|54\/100\n|move|p2b: Garganacl|Salt Cure|p1a: Ninetales\n|-supereffective|p1a: Ninetales\n|-damage|p1a: Ninetales|40\/100\n|-start|p1a: Ninetales|Salt Cure\n|move|p1b: Diancie|Body Press|p2b: Garganacl\n|-supereffective|p2b: Garganacl\n|-crit|p2b: Garganacl\n|-damage|p2b: Garganacl|18\/100\n|\n|-weather|Snow|[upkeep]\n|-heal|p2b: Garganacl|24\/100|[from] item: Leftovers\n|-damage|p1a: Ninetales|27\/100|[from] Salt Cure\n|upkeep\n|turn|9\n|inactive|Rod182 has 120 seconds left.\n|\n|t:|1698362816\n|move|p1a: Ninetales|Protect|p1a: Ninetales\n|-singleturn|p1a: Ninetales|Protect\n|move|p2b: Garganacl|Protect|p2b: Garganacl\n|-singleturn|p2b: Garganacl|Protect\n|move|p2a: Iron Valiant|Dazzling Gleam|p1b: Diancie|[spread] p1b\n|-activate|p1a: Ninetales|move: Protect\n|-damage|p1b: Diancie|39\/100\n|move|p1b: Diancie|Body Press|p2b: Garganacl\n|-activate|p2b: Garganacl|move: Protect\n|\n|-weather|Snow|[upkeep]\n|-heal|p2b: Garganacl|30\/100|[from] item: Leftovers\n|-damage|p1a: Ninetales|15\/100|[from] Salt Cure\n|upkeep\n|turn|10\n|\n|t:|1698362840\n|switch|p1a: Rillaboom|Rillaboom, M, shiny|100\/100\n|-fieldstart|move: Grassy Terrain|[from] ability: Grassy Surge|[of] p1a: Rillaboom\n|move|p2a: Iron Valiant|Aura Sphere|p1b: Diancie\n|-damage|p1b: Diancie|14\/100\n|move|p2b: Garganacl|Recover|p2b: Garganacl\n|-heal|p2b: Garganacl|80\/100\n|move|p1b: Diancie|Body Press|p2b: Garganacl\n|-supereffective|p2b: Garganacl\n|-damage|p2b: Garganacl|52\/100\n|\n|-weather|Snow|[upkeep]\n|-heal|p2a: Iron Valiant|47\/100|[from] Grassy Terrain\n|-heal|p2b: Garganacl|59\/100|[from] Grassy Terrain\n|-heal|p2b: Garganacl|65\/100|[from] item: Leftovers\n|-heal|p1b: Diancie|20\/100|[from] Grassy Terrain\n|upkeep\n|turn|11\n|\n|t:|1698362865\n|move|p2b: Garganacl|Protect|p2b: Garganacl\n|-singleturn|p2b: Garganacl|Protect\n|move|p1b: Diancie|Protect|p1b: Diancie\n|-singleturn|p1b: Diancie|Protect\n|move|p1a: Rillaboom|Grassy Glide|p2a: Iron Valiant\n|-damage|p2a: Iron Valiant|0 fnt\n|faint|p2a: Iron Valiant\n|-end|p2a: Iron Valiant|Quark Drive|[silent]\n|\n|-weather|Snow|[upkeep]\n|-heal|p2b: Garganacl|71\/100|[from] Grassy Terrain\n|-heal|p2b: Garganacl|77\/100|[from] item: Leftovers\n|-heal|p1b: Diancie|26\/100|[from] Grassy Terrain\n|upkeep\n|\n|t:|1698362880\n|switch|p2a: Brambleghast|Brambleghast, F|100\/100\n|turn|12\n|\n|t:|1698362893\n|move|p1a: Rillaboom|Grassy Glide|p2b: Garganacl\n|-supereffective|p2b: Garganacl\n|-damage|p2b: Garganacl|38\/100\n|move|p2a: Brambleghast|Power Whip|p1b: Diancie\n|-supereffective|p1b: Diancie\n|-damage|p1b: Diancie|0 fnt\n|faint|p1b: Diancie\n|-damage|p2a: Brambleghast|91\/100|[from] item: Life Orb\n|move|p2b: Garganacl|Salt Cure|p1a: Rillaboom\n|-damage|p1a: Rillaboom|86\/100\n|-start|p1a: Rillaboom|Salt Cure\n|\n|-weather|none\n|-heal|p2a: Brambleghast|97\/100|[from] Grassy Terrain\n|-heal|p1a: Rillaboom|93\/100|[from] Grassy Terrain\n|-heal|p2b: Garganacl|44\/100|[from] Grassy Terrain\n|-heal|p2b: Garganacl|50\/100|[from] item: Leftovers\n|-damage|p1a: Rillaboom|80\/100|[from] Salt Cure\n|-sideend|p2: Rod182|move: Light Screen\n|upkeep\n|\n|t:|1698362900\n|switch|p1b: Torkoal|Torkoal, M, shiny|44\/100\n|-weather|SunnyDay|[from] ability: Drought|[of] p1b: Torkoal\n|turn|13\n|inactive|Rod182 has 120 seconds left.\n|\n|t:|1698362951\n|move|p2a: Brambleghast|Power Whip|p1b: Torkoal\n|-resisted|p1b: Torkoal\n|-damage|p1b: Torkoal|10\/100\n|-damage|p2a: Brambleghast|87\/100|[from] item: Life Orb\n|move|p1a: Rillaboom|High Horsepower|p2a: Brambleghast\n|-resisted|p2a: Brambleghast\n|-damage|p2a: Brambleghast|53\/100\n|move|p2b: Garganacl|Salt Cure|p1b: Torkoal\n|-supereffective|p1b: Torkoal\n|-damage|p1b: Torkoal|0 fnt\n|faint|p1b: Torkoal\n|\n|-weather|SunnyDay|[upkeep]\n|-heal|p2a: Brambleghast|59\/100|[from] Grassy Terrain\n|-heal|p1a: Rillaboom|86\/100|[from] Grassy Terrain\n|-heal|p2b: Garganacl|57\/100|[from] Grassy Terrain\n|-heal|p2b: Garganacl|63\/100|[from] item: Leftovers\n|-damage|p1a: Rillaboom|74\/100|[from] Salt Cure\n|upkeep\n|\n|t:|1698362970\n|switch|p1b: Ninetales|Ninetales-Alola, M, shiny|15\/100\n|-weather|Snow|[from] ability: Snow Warning|[of] p1b: Ninetales\n|turn|14\n|inactive|Rod182 has 120 seconds left.\n|\n|t:|1698362984\n|move|p1b: Ninetales|Protect|p1b: Ninetales\n|-singleturn|p1b: Ninetales|Protect\n|move|p2a: Brambleghast|Shadow Sneak|p1b: Ninetales\n|-activate|p1b: Ninetales|move: Protect\n|move|p1a: Rillaboom|Grassy Glide|p2b: Garganacl\n|-supereffective|p2b: Garganacl\n|-damage|p2b: Garganacl|24\/100\n|move|p2b: Garganacl|Recover|p2b: Garganacl\n|-heal|p2b: Garganacl|74\/100\n|\n|-weather|Snow|[upkeep]\n|-heal|p1b: Ninetales|21\/100|[from] Grassy Terrain\n|-heal|p2a: Brambleghast|65\/100|[from] Grassy Terrain\n|-heal|p1a: Rillaboom|80\/100|[from] Grassy Terrain\n|-heal|p2b: Garganacl|80\/100|[from] Grassy Terrain\n|-heal|p2b: Garganacl|87\/100|[from] item: Leftovers\n|-damage|p1a: Rillaboom|68\/100|[from] Salt Cure\n|-fieldend|move: Grassy Terrain\n|upkeep\n|turn|15\n|\n|t:|1698363012\n|move|p2a: Brambleghast|Shadow Sneak|p1b: Ninetales\n|-damage|p1b: Ninetales|0 fnt\n|faint|p1b: Ninetales\n|-damage|p2a: Brambleghast|55\/100|[from] item: Life Orb\n|move|p1a: Rillaboom|High Horsepower|p2a: Brambleghast\n|-resisted|p2a: Brambleghast\n|-damage|p2a: Brambleghast|20\/100\n|move|p2b: Garganacl|Salt Cure|p1a: Rillaboom\n|-damage|p1a: Rillaboom|54\/100\n|\n|-weather|Snow|[upkeep]\n|-heal|p2b: Garganacl|93\/100|[from] item: Leftovers\n|-damage|p1a: Rillaboom|41\/100|[from] Salt Cure\n|upkeep\n|\n|t:|1698363019\n|switch|p1b: Pelipper|Pelipper, M, shiny|100\/100\n|-weather|RainDance|[from] ability: Drizzle|[of] p1b: Pelipper\n|turn|16\n|\n|t:|1698363033\n|move|p2a: Brambleghast|Strength Sap|p1a: Rillaboom\n|-unboost|p1a: Rillaboom|atk|1\n|-heal|p2a: Brambleghast|100\/100\n|move|p1a: Rillaboom|High Horsepower|p2a: Brambleghast\n|-resisted|p2a: Brambleghast\n|-damage|p2a: Brambleghast|78\/100\n|move|p1b: Pelipper|Hurricane|p2a: Brambleghast\n|-ability|p2a: Brambleghast|Wind Rider|boost\n|-boost|p2a: Brambleghast|atk|1\n|move|p2b: Garganacl|Salt Cure|p1b: Pelipper\n|-supereffective|p1b: Pelipper\n|-damage|p1b: Pelipper|64\/100\n|-start|p1b: Pelipper|Salt Cure\n|\n|-weather|RainDance|[upkeep]\n|-heal|p1b: Pelipper|70\/100|[from] item: Leftovers\n|-heal|p2b: Garganacl|99\/100|[from] item: Leftovers\n|-damage|p1a: Rillaboom|29\/100|[from] Salt Cure\n|-damage|p1b: Pelipper|45\/100|[from] Salt Cure\n|upkeep\n|turn|17\n|\n|t:|1698363059\n|move|p2a: Brambleghast|Power Whip|p1b: Pelipper\n|-damage|p1b: Pelipper|0 fnt\n|faint|p1b: Pelipper\n|-damage|p2a: Brambleghast|68\/100|[from] item: Life Orb\n|move|p1a: Rillaboom|High Horsepower|p2a: Brambleghast\n|-resisted|p2a: Brambleghast\n|-damage|p2a: Brambleghast|48\/100\n|move|p2b: Garganacl|Stomping Tantrum|p1a: Rillaboom\n|-resisted|p1a: Rillaboom\n|-damage|p1a: Rillaboom|19\/100\n|\n|-weather|RainDance|[upkeep]\n|-heal|p2b: Garganacl|100\/100|[from] item: Leftovers\n|-damage|p1a: Rillaboom|7\/100|[from] Salt Cure\n|upkeep\n|turn|18\n|-message|postmanPATo7 forfeited.\n|\n|win|Rod182\n|raw|postmanPATo7's rating: 1077 &rarr; <strong>1061<\/strong><br \/>(-16 for losing)\n|raw|Rod182's rating: 1170 &rarr; <strong>1188<\/strong><br \/>(+18 for winning)\n|l|\u203dpostmanPATo7\n","uploadtime":1698363085,"views":27,"p1id":"postmanpato7","p2id":"rod182","formatid":"gen9doublesou","rating":1061,"private":0,"password":""}