{"id":"gen9doublesou-1987715648","p1":"djsxhnsksksjdjjdh","p2":"buddhist ameba","format":"[Gen 9] Doubles OU","log":"|j|\u2606djsxhnsksksjdjjdh\n|j|\u2606buddhist ameba\n|t:|1699630339\n|gametype|doubles\n|player|p1|djsxhnsksksjdjjdh|2|1632\n|player|p2|buddhist ameba|266|1648\n|teamsize|p1|6\n|teamsize|p2|6\n|gen|9\n|tier|[Gen 9] Doubles OU\n|rated|\n|rule|Species Clause: Limit one of each Pok\u00e9mon\n|rule|OHKO Clause: OHKO moves are banned\n|rule|Evasion Moves Clause: Evasion moves are banned\n|rule|Gravity Sleep Clause: The combination of sleep-inducing moves with imperfect accuracy and Gravity or Gigantamax Orbeetle are banned\n|rule|Endless Battle Clause: Forcing endless battles is banned\n|rule|HP Percentage Mod: HP is shown in percentages\n|clearpoke\n|poke|p1|Pelipper, M|\n|poke|p1|Thundurus, M|\n|poke|p1|Landorus-Therian, M|\n|poke|p1|Chien-Pao|\n|poke|p1|Indeedee-F, F|\n|poke|p1|Scizor, M|\n|poke|p2|Iron Hands|\n|poke|p2|Iron Bundle|\n|poke|p2|Chi-Yu|\n|poke|p2|Diancie|\n|poke|p2|Ninetales-Alola, M|\n|poke|p2|Heatran, F|\n|teampreview\n|inactive|Battle timer is ON: inactive players will automatically lose when time's up. (requested by buddhist ameba)\n|\n|t:|1699630359\n|start\n|switch|p1a: Thundurus|Thundurus, M|100\/100\n|switch|p1b: Landorus|Landorus-Therian, M|100\/100\n|switch|p2a: Chi-Yu|Chi-Yu|100\/100\n|switch|p2b: Iron Hands|Iron Hands|100\/100\n|-ability|p2a: Chi-Yu|Beads of Ruin\n|-ability|p1b: Landorus|Intimidate|boost\n|-unboost|p2a: Chi-Yu|atk|1\n|-unboost|p2b: Iron Hands|atk|1\n|turn|1\n|\n|t:|1699630376\n|switch|p1a: Indeedee|Indeedee-F, F|100\/100\n|-fieldstart|move: Psychic Terrain|[from] ability: Psychic Surge|[of] p1a: Indeedee\n|-item|p1a: Indeedee|Air Balloon\n|-terastallize|p1b: Landorus|Ground\n|move|p2b: Iron Hands|Fake Out|p1b: Landorus\n|-activate|p1b: Landorus|move: Psychic Terrain\n|move|p2a: Chi-Yu|Heat Wave|p1a: Indeedee|[spread] p1a,p1b\n|-damage|p1a: Indeedee|45\/100\n|-damage|p1b: Landorus|5\/100\n|-enditem|p1a: Indeedee|Air Balloon\n|move|p1b: Landorus|Earthquake|p2a: Chi-Yu|[spread] p1a,p2a,p2b\n|-supereffective|p2a: Chi-Yu\n|-supereffective|p2b: Iron Hands\n|-damage|p1a: Indeedee|0 fnt\n|-damage|p2a: Chi-Yu|0 fnt\n|-damage|p2b: Iron Hands|0 fnt\n|faint|p1a: Indeedee\n|faint|p2a: Chi-Yu\n|faint|p2b: Iron Hands\n|-end|p2b: Iron Hands|Quark Drive|[silent]\n|\n|upkeep\n|\n|t:|1699630398\n|switch|p2a: Ninetales|Ninetales-Alola, M|100\/100\n|switch|p1a: Thundurus|Thundurus, M|100\/100\n|switch|p2b: Iron Bundle|Iron Bundle|100\/100\n|-weather|Snow|[from] ability: Snow Warning|[of] p2a: Ninetales\n|-enditem|p2b: Iron Bundle|Booster Energy\n|-activate|p2b: Iron Bundle|ability: Quark Drive|[fromitem]\n|-start|p2b: Iron Bundle|quarkdrivespe\n|turn|2\n|inactive|djsxhnsksksjdjjdh has 120 seconds left.\n|inactive|djsxhnsksksjdjjdh has 90 seconds left.\n|\n|t:|1699630487\n|switch|p1b: Pelipper|Pelipper, M|100\/100\n|-weather|RainDance|[from] ability: Drizzle|[of] p1b: Pelipper\n|move|p1a: Thundurus|Thunder Wave|p2b: Iron Bundle\n|-activate|p2b: Iron Bundle|move: Psychic Terrain\n|move|p2b: Iron Bundle|Icy Wind|p1a: Thundurus|[spread] p1a,p1b\n|-supereffective|p1a: Thundurus\n|-damage|p1a: Thundurus|40\/100\n|-damage|p1b: Pelipper|64\/100\n|-unboost|p1a: Thundurus|spe|1\n|-unboost|p1b: Pelipper|spe|1\n|move|p2a: Ninetales|Aurora Veil||[still]\n|-fail|p2a: Ninetales\n|\n|-weather|RainDance|[upkeep]\n|upkeep\n|turn|3\n|inactive|buddhist ameba has 120 seconds left.\n|inactive|buddhist ameba has 90 seconds left.\n|\n|t:|1699630557\n|move|p1b: Pelipper|Wide Guard|p1b: Pelipper\n|-singleturn|p1b: Pelipper|Wide Guard\n|move|p2b: Iron Bundle|Icy Wind|p1a: Thundurus|[spread] \n|-activate|p1a: Thundurus|move: Wide Guard\n|-activate|p1b: Pelipper|move: Wide Guard\n|move|p2a: Ninetales|Moonblast|p1b: Pelipper\n|-damage|p1b: Pelipper|0 fnt\n|faint|p1b: Pelipper\n|move|p1a: Thundurus|Wildbolt Storm|p2a: Ninetales|[spread] p2a,p2b\n|-supereffective|p2b: Iron Bundle\n|-damage|p2a: Ninetales|54\/100\n|-damage|p2b: Iron Bundle|0 fnt\n|faint|p2b: Iron Bundle\n|-end|p2b: Iron Bundle|Quark Drive|[silent]\n|\n|-weather|RainDance|[upkeep]\n|upkeep\n|inactive|djsxhnsksksjdjjdh has 90 seconds left.\n|inactive|buddhist ameba has 90 seconds left.\n|\n|t:|1699630595\n|switch|p2b: Diancie|Diancie|100\/100\n|switch|p1b: Landorus|Landorus-Therian, M, tera:Ground|5\/100\n|-ability|p1b: Landorus|Intimidate|boost\n|-unboost|p2a: Ninetales|atk|1\n|-fail|p2b: Diancie|unboost|[from] ability: Clear Body|[of] p2b: Diancie\n|turn|4\n|inactive|buddhist ameba has 90 seconds left.\n|\n|t:|1699630629\n|switch|p1b: Scizor|Scizor, M|100\/100\n|-terastallize|p2b: Diancie|Grass\n|move|p2a: Ninetales|Blizzard|p1b: Scizor|[spread] p1a,p1b\n|-supereffective|p1a: Thundurus\n|-resisted|p1b: Scizor\n|-damage|p1a: Thundurus|0 fnt\n|-damage|p1b: Scizor|82\/100\n|-status|p1b: Scizor|frz\n|faint|p1a: Thundurus\n|move|p2b: Diancie|Diamond Storm|p1b: Scizor\n|-damage|p1b: Scizor|32\/100 frz\n|\n|-weather|RainDance|[upkeep]\n|upkeep\n|inactive|djsxhnsksksjdjjdh has 90 seconds left.\n|\n|t:|1699630647\n|switch|p1a: Chien-Pao|Chien-Pao|100\/100\n|-ability|p1a: Chien-Pao|Sword of Ruin\n|turn|5\n|inactive|buddhist ameba has 90 seconds left.\n|\n|t:|1699630669\n|move|p2b: Diancie|Protect|p2b: Diancie\n|-singleturn|p2b: Diancie|Protect\n|move|p1a: Chien-Pao|Sacred Sword|p2a: Ninetales\n|-damage|p2a: Ninetales|0 fnt\n|faint|p2a: Ninetales\n|-damage|p1a: Chien-Pao|91\/100|[from] item: Life Orb\n|cant|p1b: Scizor|frz\n|\n|-weather|RainDance|[upkeep]\n|-fieldend|move: Psychic Terrain\n|upkeep\n|\n|t:|1699630675\n|switch|p2a: Heatran|Heatran, F|100\/100\n|turn|6\n|inactive|djsxhnsksksjdjjdh has 120 seconds left.\n|c|\u2606buddhist ameba|you got the upper hand this time\n|\n|t:|1699630717\n|cant|p1b: Scizor|frz\n|move|p1a: Chien-Pao|Crunch|p2b: Diancie\n|-damage|p2b: Diancie|43\/100\n|-damage|p1a: Chien-Pao|81\/100|[from] item: Life Orb\n|move|p2a: Heatran|Heat Wave|p1a: Chien-Pao|[spread] p1a,p1b\n|-supereffective|p1a: Chien-Pao\n|-supereffective|p1b: Scizor\n|-damage|p1a: Chien-Pao|20\/100\n|-damage|p1b: Scizor|0 fnt\n|faint|p1b: Scizor\n|move|p2b: Diancie|Diamond Storm|p1a: Chien-Pao\n|-supereffective|p1a: Chien-Pao\n|-damage|p1a: Chien-Pao|0 fnt\n|faint|p1a: Chien-Pao\n|\n|-weather|none\n|upkeep\n|\n|t:|1699630720\n|switch|p1b: Landorus|Landorus-Therian, M, tera:Ground|5\/100\n|-ability|p1b: Landorus|Intimidate|boost\n|-unboost|p2a: Heatran|atk|1\n|-fail|p2b: Diancie|unboost|[from] ability: Clear Body|[of] p2b: Diancie\n|turn|7\n|c|\u2606buddhist ameba|oh maybe not :o no icicle crash?\n|inactive|buddhist ameba has 120 seconds left.\n|\n|t:|1699630744\n|move|p1b: Landorus|Earthquake|p2a: Heatran|[spread] p2a,p2b\n|-supereffective|p2a: Heatran\n|-resisted|p2b: Diancie\n|-damage|p2a: Heatran|0 fnt\n|-damage|p2b: Diancie|5\/100\n|faint|p2a: Heatran\n|move|p2b: Diancie|Body Press|p1b: Landorus\n|-damage|p1b: Landorus|0 fnt\n|faint|p1b: Landorus\n|\n|win|buddhist ameba\n|raw|djsxhnsksksjdjjdh's rating: 1632 &rarr; <strong>1613<\/strong><br \/>(-19 for losing)\n|raw|buddhist ameba's rating: 1648 &rarr; <strong>1667<\/strong><br \/>(+19 for winning)\n|c|\u2606buddhist ameba|gg\n","uploadtime":1699630763,"views":5,"p1id":"djsxhnsksksjdjjdh","p2id":"buddhistameba","formatid":"gen9doublesou","rating":1613,"private":0,"password":""}