{"id":"gen9doublesou-1975901505","p1":"UY QUE RICO PAPI!","p2":"sdmiiu","format":"[Gen 9] Doubles OU","log":"|j|\u2606UY QUE RICO PAPI!\n|j|\u2606sdmiiu\n|t:|1698247798\n|gametype|doubles\n|player|p1|UY QUE RICO PAPI!|1|1284\n|player|p2|sdmiiu|red|1174\n|teamsize|p1|6\n|teamsize|p2|6\n|gen|9\n|tier|[Gen 9] Doubles OU\n|rated|\n|rule|Species Clause: Limit one of each Pok\u00e9mon\n|rule|OHKO Clause: OHKO moves are banned\n|rule|Evasion Moves Clause: Evasion moves are banned\n|rule|Gravity Sleep Clause: The combination of sleep-inducing moves with imperfect accuracy and Gravity or Gigantamax Orbeetle are banned\n|rule|Endless Battle Clause: Forcing endless battles is banned\n|rule|HP Percentage Mod: HP is shown in percentages\n|clearpoke\n|poke|p1|Bronzong|\n|poke|p1|Weavile, M|\n|poke|p1|Hatterene, F|\n|poke|p1|Ursaluna, F|\n|poke|p1|Trevenant, F|\n|poke|p1|Orthworm, M|\n|poke|p2|Ursaluna, F|\n|poke|p2|Talonflame, M|\n|poke|p2|Hydreigon, F|\n|poke|p2|Scizor, F|\n|poke|p2|Gengar, F|\n|poke|p2|Gardevoir, F|\n|teampreview\n|inactive|Battle timer is ON: inactive players will automatically lose when time's up. (requested by sdmiiu)\n|\n|t:|1698247806\n|start\n|switch|p1a: Bronzong|Bronzong|100\/100\n|switch|p1b: Weavile|Weavile, M|100\/100\n|switch|p2a: Talonflame|Talonflame, M|100\/100\n|switch|p2b: Gengar|Gengar, F|100\/100\n|turn|1\n|\n|t:|1698247827\n|move|p1b: Weavile|Fake Out|p2a: Talonflame\n|-damage|p2a: Talonflame|82\/100\n|move|p2a: Talonflame|Tailwind|p2a: Talonflame\n|-sidestart|p2: sdmiiu|move: Tailwind\n|move|p2b: Gengar|Nasty Plot|p2b: Gengar\n|-boost|p2b: Gengar|spa|2\n|move|p1a: Bronzong|Trick Room|p1a: Bronzong\n|-fieldstart|move: Trick Room|[of] p1a: Bronzong\n|\n|upkeep\n|turn|2\n|inactive|sdmiiu has 120 seconds left.\n|\n|t:|1698247857\n|move|p1b: Weavile|Ice Shard|p2b: Gengar\n|-damage|p2b: Gengar|60\/100\n|move|p1a: Bronzong|Stealth Rock|p2a: Talonflame\n|-sidestart|p2: sdmiiu|move: Stealth Rock\n|move|p2b: Gengar|Shadow Ball|p1a: Bronzong\n|-supereffective|p1a: Bronzong\n|-enditem|p1a: Bronzong|Focus Sash\n|-damage|p1a: Bronzong|1\/100\n|move|p2a: Talonflame|Defog|p1a: Bronzong\n|-unboost|p1a: Bronzong|evasion|1\n|-sideend|p2: sdmiiu|Stealth Rock|[from] move: Defog|[of] p2a: Talonflame\n|\n|upkeep\n|turn|3\n|inactive|sdmiiu has 120 seconds left.\n|\n|t:|1698247892\n|move|p1a: Bronzong|Stealth Rock|p2a: Talonflame\n|-sidestart|p2: sdmiiu|move: Stealth Rock\n|move|p1b: Weavile|Taunt|p2a: Talonflame\n|-start|p2a: Talonflame|move: Taunt\n|move|p2b: Gengar|Shadow Ball|p1b: Weavile\n|-resisted|p1b: Weavile\n|-crit|p1b: Weavile\n|-damage|p1b: Weavile|7\/100\n|cant|p2a: Talonflame|move: Taunt|Defog\n|\n|upkeep\n|turn|4\n|\n|t:|1698247909\n|move|p1b: Weavile|Ice Shard|p2a: Talonflame\n|-damage|p2a: Talonflame|49\/100\n|move|p1a: Bronzong|Steel Beam|p2b: Gengar\n|-damage|p2b: Gengar|0 fnt\n|-start|p1a: Bronzong|Disable|Steel Beam|[from] ability: Cursed Body|[of] p2b: Gengar\n|-damage|p1a: Bronzong|0 fnt|[from] steelbeam\n|faint|p1a: Bronzong\n|faint|p2b: Gengar\n|move|p2a: Talonflame|Brave Bird|p1b: Weavile\n|-damage|p1b: Weavile|0 fnt\n|faint|p1b: Weavile\n|-damage|p2a: Talonflame|47\/100|[from] Recoil\n|\n|-sideend|p2: sdmiiu|move: Tailwind\n|upkeep\n|\n|t:|1698247937\n|switch|p1a: Orthworm|Orthworm, M|100\/100\n|switch|p2b: Scizor|Scizor, F|100\/100\n|switch|p1b: Ursaluna|Ursaluna, F|100\/100\n|-damage|p2b: Scizor|88\/100|[from] Stealth Rock\n|turn|5\n|inactive|UY QUE RICO PAPI! has 120 seconds left.\n|\n|t:|1698247968\n|move|p1b: Ursaluna|Facade|p2a: Talonflame\n|-damage|p2a: Talonflame|0 fnt\n|faint|p2a: Talonflame\n|move|p1a: Orthworm|Shed Tail|p1a: Orthworm\n|-start|p1a: Orthworm|Substitute|[from] move: Shed Tail\n|-damage|p1a: Orthworm|50\/100\n|-enditem|p1a: Orthworm|Sitrus Berry|[eat]\n|-heal|p1a: Orthworm|75\/100|[from] item: Sitrus Berry\n|inactive|UY QUE RICO PAPI! has 120 seconds left.\n|\n|t:|1698247982\n|switch|p1a: Trevenant|Trevenant, F|100\/100|[from] Shed Tail\n|move|p2b: Scizor|Swords Dance|p2b: Scizor\n|-boost|p2b: Scizor|atk|2\n|\n|-fieldend|move: Trick Room\n|-status|p1b: Ursaluna|brn|[from] item: Flame Orb\n|upkeep\n|\n|t:|1698247992\n|switch|p2a: Gardevoir|Gardevoir, F|100\/100\n|-damage|p2a: Gardevoir|88\/100|[from] Stealth Rock\n|turn|6\n|\n|t:|1698248008\n|move|p1b: Ursaluna|Protect|p1b: Ursaluna\n|-singleturn|p1b: Ursaluna|Protect\n|move|p2a: Gardevoir|Dazzling Gleam|p1b: Ursaluna|[spread] p1a\n|-activate|p1b: Ursaluna|move: Protect\n|-end|p1a: Trevenant|Substitute\n|move|p2b: Scizor|Close Combat|p1b: Ursaluna\n|-activate|p1b: Ursaluna|move: Protect\n|move|p1a: Trevenant|Trick Room|p1a: Trevenant\n|-fieldstart|move: Trick Room|[of] p1a: Trevenant\n|\n|-damage|p1b: Ursaluna|94\/100 brn|[from] brn\n|upkeep\n|turn|7\n|\n|t:|1698248028\n|-terastallize|p1b: Ursaluna|Ground\n|move|p1a: Trevenant|Ally Switch|p1a: Trevenant\n|swap|p1a: Trevenant|1|[from] move: Ally Switch\n|move|p1a: Ursaluna|Earthquake|p2a: Gardevoir|[spread] p1b,p2a,p2b\n|-resisted|p1b: Trevenant\n|-crit|p1b: Trevenant\n|-damage|p1b: Trevenant|22\/100\n|-damage|p2a: Gardevoir|0 fnt\n|-damage|p2b: Scizor|3\/100\n|-enditem|p1b: Trevenant|Sitrus Berry|[eat]\n|-heal|p1b: Trevenant|47\/100|[from] item: Sitrus Berry\n|faint|p2a: Gardevoir\n|move|p2b: Scizor|Close Combat|p1b: Trevenant\n|-immune|p1b: Trevenant\n|\n|-damage|p1a: Ursaluna|88\/100 brn|[from] brn\n|-item|p1b: Trevenant|Sitrus Berry|[from] ability: Harvest\n|upkeep\n|-enditem|p1b: Trevenant|Sitrus Berry|[eat]\n|-heal|p1b: Trevenant|72\/100|[from] item: Sitrus Berry\n|\n|t:|1698248044\n|switch|p2a: Ursaluna|Ursaluna, F|100\/100\n|-damage|p2a: Ursaluna|94\/100|[from] Stealth Rock\n|turn|8\n|\n|t:|1698248058\n|switch|p2b: Hydreigon|Hydreigon, F|100\/100\n|-damage|p2b: Hydreigon|88\/100|[from] Stealth Rock\n|move|p1a: Ursaluna|Protect|p1a: Ursaluna\n|-singleturn|p1a: Ursaluna|Protect\n|move|p2a: Ursaluna|Protect|p2a: Ursaluna\n|-singleturn|p2a: Ursaluna|Protect\n|move|p1b: Trevenant|Destiny Bond|p1b: Trevenant\n|-singlemove|p1b: Trevenant|Destiny Bond\n|\n|-damage|p1a: Ursaluna|82\/100 brn|[from] brn\n|-status|p2a: Ursaluna|brn|[from] item: Flame Orb\n|upkeep\n|turn|9\n|inactive|sdmiiu has 120 seconds left.\n|\n|t:|1698248089\n|move|p1a: Ursaluna|Earthquake|p2a: Ursaluna|[spread] p1b,p2a\n|-immune|p2b: Hydreigon|[from] ability: Levitate\n|-resisted|p1b: Trevenant\n|-crit|p2a: Ursaluna\n|-damage|p1b: Trevenant|20\/100\n|-damage|p2a: Ursaluna|0 fnt\n|faint|p2a: Ursaluna\n|move|p1b: Trevenant|Disable||[still]\n|-fail|p1b: Trevenant\n|move|p2b: Hydreigon|Dark Pulse|p1b: Trevenant\n|-supereffective|p1b: Trevenant\n|-damage|p1b: Trevenant|0 fnt\n|faint|p1b: Trevenant\n|\n|-damage|p1a: Ursaluna|75\/100 brn|[from] brn\n|upkeep\n|\n|t:|1698248110\n|switch|p1b: Orthworm|Orthworm, M|75\/100\n|switch|p2a: Scizor|Scizor, F|3\/100\n|-damage|p2a: Scizor|0 fnt|[from] Stealth Rock\n|faint|p2a: Scizor\n|turn|10\n|\n|t:|1698248121\n|-terastallize|p2b: Hydreigon|Fairy\n|move|p1a: Ursaluna|Facade|p2b: Hydreigon\n|-damage|p2b: Hydreigon|0 fnt\n|faint|p2b: Hydreigon\n|\n|win|UY QUE RICO PAPI!\n|raw|UY QUE RICO PAPI!'s rating: 1284 &rarr; <strong>1301<\/strong><br \/>(+17 for winning)\n|raw|sdmiiu's rating: 1174 &rarr; <strong>1157<\/strong><br \/>(-17 for losing)\n|l|\u2606sdmiiu\n","uploadtime":1698248132,"views":10,"p1id":"uyquericopapi","p2id":"sdmiiu","formatid":"gen9doublesou","rating":1157,"private":0,"password":""}