{"id":"gen9doublesou-1973393079","p1":"The mighty OKAN","p2":"testerkitchen","format":"[Gen 9] Doubles OU","log":"|j|\u2606The mighty OKAN\n|j|\u2606testerkitchen\n|t:|1697967640\n|gametype|doubles\n|player|p1|The mighty OKAN|supernerd|1414\n|player|p2|testerkitchen|101|1304\n|teamsize|p1|6\n|teamsize|p2|6\n|gen|9\n|tier|[Gen 9] Doubles OU\n|rated|\n|rule|Species Clause: Limit one of each Pok\u00e9mon\n|rule|OHKO Clause: OHKO moves are banned\n|rule|Evasion Moves Clause: Evasion moves are banned\n|rule|Gravity Sleep Clause: The combination of sleep-inducing moves with imperfect accuracy and Gravity or Gigantamax Orbeetle are banned\n|rule|Endless Battle Clause: Forcing endless battles is banned\n|rule|HP Percentage Mod: HP is shown in percentages\n|clearpoke\n|poke|p1|Jumpluff, F|\n|poke|p1|Ursaluna, M|\n|poke|p1|Hydreigon, M|\n|poke|p1|Azumarill, M|\n|poke|p1|Cinderace, F|\n|poke|p1|Iron Hands|\n|poke|p2|Baxcalibur, F|\n|poke|p2|Torkoal, F|\n|poke|p2|Walking Wake|\n|poke|p2|Gholdengo|\n|poke|p2|Amoonguss, F|\n|poke|p2|Rillaboom, F|\n|teampreview\n|inactive|Battle timer is ON: inactive players will automatically lose when time's up. (requested by The mighty OKAN)\n|\n|t:|1697967670\n|start\n|switch|p1a: Cinderace|Cinderace, F|100\/100\n|switch|p1b: Ursaluna|Ursaluna, M, shiny|100\/100\n|switch|p2a: Rillaboom|Rillaboom, F|100\/100\n|switch|p2b: Walking Wake|Walking Wake|100\/100\n|-fieldstart|move: Grassy Terrain|[from] ability: Grassy Surge|[of] p2a: Rillaboom\n|turn|1\n|\n|t:|1697967684\n|move|p1b: Ursaluna|Protect|p1b: Ursaluna\n|-singleturn|p1b: Ursaluna|Protect\n|move|p2a: Rillaboom|Fake Out|p1a: Cinderace\n|-damage|p1a: Cinderace|79\/100\n|cant|p1a: Cinderace|flinch\n|move|p2b: Walking Wake|Hydro Steam|p1a: Cinderace\n|-supereffective|p1a: Cinderace\n|-damage|p1a: Cinderace|0 fnt\n|faint|p1a: Cinderace\n|\n|-status|p1b: Ursaluna|brn|[from] item: Flame Orb\n|upkeep\n|\n|t:|1697967707\n|switch|p1a: Iron Hands|Iron Hands|100\/100\n|turn|2\n|\n|t:|1697967731\n|-end|p2b: Walking Wake|Protosynthesis|[silent]\n|switch|p2b: Gholdengo|Gholdengo|100\/100\n|-terastallize|p1b: Ursaluna|Dragon\n|move|p1a: Iron Hands|Fake Out|p2a: Rillaboom\n|-damage|p2a: Rillaboom|85\/100\n|cant|p2a: Rillaboom|flinch\n|move|p1b: Ursaluna|Facade|p2b: Gholdengo\n|-immune|p2b: Gholdengo\n|\n|-heal|p2a: Rillaboom|91\/100|[from] Grassy Terrain\n|-damage|p1b: Ursaluna|94\/100 brn|[from] brn\n|upkeep\n|turn|3\n|inactive|testerkitchen has 120 seconds left.\n|\n|t:|1697967767\n|move|p2a: Rillaboom|Knock Off|p1a: Iron Hands\n|-resisted|p1a: Iron Hands\n|-damage|p1a: Iron Hands|89\/100\n|-enditem|p1a: Iron Hands|Punching Glove|[from] move: Knock Off|[of] p2a: Rillaboom\n|move|p2b: Gholdengo|Nasty Plot|p2b: Gholdengo\n|-boost|p2b: Gholdengo|spa|2\n|move|p1a: Iron Hands|Volt Switch|p2b: Gholdengo\n|-damage|p2b: Gholdengo|88\/100\n|\n|t:|1697967780\n|-end|p1a: Iron Hands|Quark Drive|[silent]\n|switch|p1a: Jumpluff|Jumpluff, F, shiny|100\/100|[from] Volt Switch\n|move|p1b: Ursaluna|Earthquake|p2b: Gholdengo|[spread] p2a,p2b\n|-immune|p1a: Jumpluff\n|-resisted|p2a: Rillaboom\n|-supereffective|p2b: Gholdengo\n|-damage|p2a: Rillaboom|75\/100\n|-damage|p2b: Gholdengo|27\/100\n|\n|-heal|p2a: Rillaboom|81\/100|[from] Grassy Terrain\n|-heal|p2b: Gholdengo|34\/100|[from] Grassy Terrain\n|-heal|p2b: Gholdengo|40\/100|[from] item: Leftovers\n|-heal|p1b: Ursaluna|100\/100 brn|[from] Grassy Terrain\n|-damage|p1b: Ursaluna|94\/100 brn|[from] brn\n|upkeep\n|turn|4\n|inactive|testerkitchen has 120 seconds left.\n|inactive|The mighty OKAN has 120 seconds left.\n|\n|t:|1697967826\n|-terastallize|p2b: Gholdengo|Flying\n|move|p1a: Jumpluff|Rage Powder|p1a: Jumpluff\n|-singleturn|p1a: Jumpluff|move: Rage Powder\n|move|p2a: Rillaboom|U-turn|p1a: Jumpluff\n|-damage|p1a: Jumpluff|57\/100\n|inactive|testerkitchen has 120 seconds left.\n|\n|t:|1697967840\n|switch|p2a: Torkoal|Torkoal, F|100\/100|[from] U-turn\n|-weather|SunnyDay|[from] ability: Drought|[of] p2a: Torkoal\n|move|p2b: Gholdengo|Shadow Ball|p1a: Jumpluff\n|-damage|p1a: Jumpluff|0 fnt\n|faint|p1a: Jumpluff\n|move|p1b: Ursaluna|Earthquake|p2b: Gholdengo|[spread] p2a\n|-immune|p2b: Gholdengo\n|-supereffective|p2a: Torkoal\n|-damage|p2a: Torkoal|63\/100\n|\n|-weather|SunnyDay|[upkeep]\n|-heal|p2b: Gholdengo|46\/100|[from] item: Leftovers\n|-heal|p1b: Ursaluna|100\/100 brn|[from] Grassy Terrain\n|-heal|p2a: Torkoal|69\/100|[from] Grassy Terrain\n|-damage|p1b: Ursaluna|94\/100 brn|[from] brn\n|upkeep\n|\n|t:|1697967850\n|switch|p1a: Iron Hands|Iron Hands|89\/100\n|turn|5\n|inactive|The mighty OKAN has 120 seconds left.\n|inactive|testerkitchen has 120 seconds left.\n|\n|t:|1697967901\n|switch|p2b: Rillaboom|Rillaboom, F|81\/100\n|move|p1a: Iron Hands|Fake Out|p2b: Rillaboom\n|-damage|p2b: Rillaboom|67\/100\n|move|p1b: Ursaluna|Facade|p2b: Rillaboom\n|-damage|p2b: Rillaboom|0 fnt\n|faint|p2b: Rillaboom\n|move|p2a: Torkoal|Yawn|p1a: Iron Hands\n|-start|p1a: Iron Hands|move: Yawn|[of] p2a: Torkoal\n|\n|-weather|SunnyDay|[upkeep]\n|-heal|p1a: Iron Hands|95\/100|[from] Grassy Terrain\n|-heal|p1b: Ursaluna|100\/100 brn|[from] Grassy Terrain\n|-heal|p2a: Torkoal|75\/100|[from] Grassy Terrain\n|-damage|p1b: Ursaluna|94\/100 brn|[from] brn\n|-fieldend|move: Grassy Terrain\n|upkeep\n|inactive|testerkitchen has 90 seconds left.\n|\n|t:|1697967921\n|switch|p2b: Walking Wake|Walking Wake|100\/100\n|-activate|p2b: Walking Wake|ability: Protosynthesis\n|-start|p2b: Walking Wake|protosynthesisspe\n|turn|6\n|inactive|testerkitchen has 90 seconds left.\n|\n|t:|1697967944\n|move|p1b: Ursaluna|Protect|p1b: Ursaluna\n|-singleturn|p1b: Ursaluna|Protect\n|move|p2b: Walking Wake|Dragon Pulse|p1b: Ursaluna\n|-activate|p1b: Ursaluna|move: Protect\n|move|p1a: Iron Hands|Volt Switch|p2b: Walking Wake\n|-damage|p2b: Walking Wake|85\/100\n|\n|t:|1697967952\n|-end|p1a: Iron Hands|Quark Drive|[silent]\n|switch|p1a: Hydreigon|Hydreigon, M|100\/100|[from] Volt Switch\n|move|p2a: Torkoal|Lava Plume|p1b: Ursaluna|[spread] p2b,p1a\n|-activate|p1b: Ursaluna|move: Protect\n|-resisted|p2b: Walking Wake\n|-resisted|p1a: Hydreigon\n|-damage|p2b: Walking Wake|77\/100\n|-damage|p1a: Hydreigon|84\/100\n|-status|p2b: Walking Wake|brn\n|-status|p1a: Hydreigon|brn\n|\n|-weather|SunnyDay|[upkeep]\n|-damage|p2b: Walking Wake|71\/100 brn|[from] brn\n|-damage|p1a: Hydreigon|78\/100 brn|[from] brn\n|-damage|p1b: Ursaluna|88\/100 brn|[from] brn\n|upkeep\n|turn|7\n|inactive|testerkitchen has 90 seconds left.\n|\n|t:|1697967977\n|switch|p1b: Azumarill|Azumarill, M|100\/100\n|switch|p2a: Amoonguss|Amoonguss, F|100\/100\n|move|p2b: Walking Wake|Dragon Pulse|p1a: Hydreigon\n|-supereffective|p1a: Hydreigon\n|-damage|p1a: Hydreigon|0 fnt\n|faint|p1a: Hydreigon\n|\n|-weather|SunnyDay|[upkeep]\n|-damage|p2b: Walking Wake|65\/100 brn|[from] brn\n|upkeep\n|\n|t:|1697967987\n|switch|p1a: Ursaluna|Ursaluna, M, shiny, tera:Dragon|88\/100 brn\n|turn|8\n|\n|t:|1697968004\n|move|p2a: Amoonguss|Rage Powder|p2a: Amoonguss\n|-singleturn|p2a: Amoonguss|move: Rage Powder\n|move|p2b: Walking Wake|Dragon Pulse|p1a: Ursaluna\n|-supereffective|p1a: Ursaluna\n|-damage|p1a: Ursaluna|0 fnt\n|faint|p1a: Ursaluna\n|move|p1b: Azumarill|Play Rough|p2a: Amoonguss\n|-resisted|p2a: Amoonguss\n|-damage|p2a: Amoonguss|68\/100\n|-unboost|p2a: Amoonguss|atk|1\n|\n|-weather|SunnyDay|[upkeep]\n|-damage|p2b: Walking Wake|59\/100 brn|[from] brn\n|upkeep\n|\n|t:|1697968010\n|switch|p1a: Iron Hands|Iron Hands|95\/100\n|turn|9\n|inactive|testerkitchen has 120 seconds left.\n|\n|t:|1697968029\n|-end|p2b: Walking Wake|Protosynthesis|[silent]\n|switch|p2b: Gholdengo|Gholdengo, tera:Flying|46\/100\n|move|p1a: Iron Hands|Fake Out|p2a: Amoonguss\n|-damage|p2a: Amoonguss|52\/100\n|move|p1b: Azumarill|Play Rough|p2b: Gholdengo\n|-damage|p2b: Gholdengo|0 fnt\n|faint|p2b: Gholdengo\n|cant|p2a: Amoonguss|flinch\n|\n|-weather|SunnyDay|[upkeep]\n|upkeep\n|inactive|testerkitchen has 120 seconds left.\n|\n|t:|1697968047\n|switch|p2b: Walking Wake|Walking Wake|59\/100 brn\n|-activate|p2b: Walking Wake|ability: Protosynthesis\n|-start|p2b: Walking Wake|protosynthesisspe\n|turn|10\n|\n|t:|1697968057\n|move|p2a: Amoonguss|Rage Powder|p2a: Amoonguss\n|-singleturn|p2a: Amoonguss|move: Rage Powder\n|move|p2b: Walking Wake|Hydro Steam|p1a: Iron Hands\n|-damage|p1a: Iron Hands|14\/100\n|move|p1a: Iron Hands|Thunder Punch|p2a: Amoonguss\n|-resisted|p2a: Amoonguss\n|-damage|p2a: Amoonguss|29\/100\n|move|p1b: Azumarill|Play Rough|p2a: Amoonguss\n|-resisted|p2a: Amoonguss\n|-damage|p2a: Amoonguss|0 fnt\n|faint|p2a: Amoonguss\n|\n|-weather|SunnyDay|[upkeep]\n|-damage|p2b: Walking Wake|53\/100 brn|[from] brn\n|upkeep\n|inactive|testerkitchen has 120 seconds left.\n|\n|t:|1697968076\n|switch|p2a: Torkoal|Torkoal, F|75\/100\n|turn|11\n|\n|t:|1697968083\n|move|p2b: Walking Wake|Hydro Steam|p1a: Iron Hands\n|-damage|p1a: Iron Hands|0 fnt\n|faint|p1a: Iron Hands\n|-end|p1a: Iron Hands|Quark Drive|[silent]\n|move|p1b: Azumarill|Play Rough|p2b: Walking Wake|[miss]\n|-miss|p1b: Azumarill|p2b: Walking Wake\n|move|p2a: Torkoal|Yawn|p1b: Azumarill\n|-start|p1b: Azumarill|move: Yawn|[of] p2a: Torkoal\n|\n|-weather|none\n|-end|p2b: Walking Wake|Protosynthesis\n|-damage|p2b: Walking Wake|47\/100 brn|[from] brn\n|upkeep\n|turn|12\n|\n|t:|1697968105\n|move|p2a: Torkoal|Helping Hand|p2b: Walking Wake\n|-singleturn|p2b: Walking Wake|Helping Hand|[of] p2a: Torkoal\n|move|p2b: Walking Wake|Hydro Steam|p1b: Azumarill\n|-resisted|p1b: Azumarill\n|-damage|p1b: Azumarill|54\/100\n|move|p1b: Azumarill|Liquidation|p2a: Torkoal\n|-supereffective|p2a: Torkoal\n|-crit|p2a: Torkoal\n|-damage|p2a: Torkoal|0 fnt\n|faint|p2a: Torkoal\n|\n|-damage|p2b: Walking Wake|41\/100 brn|[from] brn\n|-end|p1b: Azumarill|move: Yawn|[silent]\n|-status|p1b: Azumarill|slp\n|upkeep\n|\n|t:|1697968120\n|switch|p2a: Baxcalibur|Baxcalibur, F|100\/100\n|turn|13\n|\n|t:|1697968126\n|move|p2b: Walking Wake|Hydro Steam|p1b: Azumarill\n|-resisted|p1b: Azumarill\n|-damage|p1b: Azumarill|25\/100 slp\n|-enditem|p1b: Azumarill|Sitrus Berry|[eat]\n|-heal|p1b: Azumarill|50\/100 slp|[from] item: Sitrus Berry\n|move|p2a: Baxcalibur|Dragon Dance|p2a: Baxcalibur\n|-boost|p2a: Baxcalibur|atk|1\n|-boost|p2a: Baxcalibur|spe|1\n|cant|p1b: Azumarill|slp\n|\n|-damage|p2b: Walking Wake|34\/100 brn|[from] brn\n|upkeep\n|turn|14\n|\n|t:|1697968142\n|move|p2a: Baxcalibur|Icicle Spear|p1b: Azumarill\n|-resisted|p1b: Azumarill\n|-damage|p1b: Azumarill|38\/100 slp\n|-resisted|p1b: Azumarill\n|-damage|p1b: Azumarill|25\/100 slp\n|-resisted|p1b: Azumarill\n|-damage|p1b: Azumarill|13\/100 slp\n|-resisted|p1b: Azumarill\n|-damage|p1b: Azumarill|1\/100 slp\n|-hitcount|p1b: Azumarill|4\n|move|p2b: Walking Wake|Hydro Steam|p1b: Azumarill\n|-resisted|p1b: Azumarill\n|-damage|p1b: Azumarill|0 fnt\n|faint|p1b: Azumarill\n|\n|win|testerkitchen\n|raw|The mighty OKAN's rating: 1414 &rarr; <strong>1388<\/strong><br \/>(-26 for losing)\n|raw|testerkitchen's rating: 1304 &rarr; <strong>1330<\/strong><br \/>(+26 for winning)\n|l|\u2606The mighty OKAN\n","uploadtime":1697968566,"views":15,"p1id":"themightyokan","p2id":"testerkitchen","formatid":"gen9doublesou","rating":1330,"private":0,"password":""}