{"id":"gen9doublesou-1990948050","p1":"DeeGaming","p2":"ct1314","format":"[Gen 9] Doubles OU","log":"|j|\u2606DeeGaming\n|j|\u2606ct1314\n|t:|1700018502\n|gametype|doubles\n|player|p1|DeeGaming|unknown|1285\n|player|p2|ct1314|steven|1256\n|teamsize|p1|6\n|teamsize|p2|6\n|gen|9\n|tier|[Gen 9] Doubles OU\n|rated|\n|rule|Species Clause: Limit one of each Pok\u00e9mon\n|rule|OHKO Clause: OHKO moves are banned\n|rule|Evasion Moves Clause: Evasion moves are banned\n|rule|Gravity Sleep Clause: The combination of sleep-inducing moves with imperfect accuracy and Gravity or Gigantamax Orbeetle are banned\n|rule|Endless Battle Clause: Forcing endless battles is banned\n|rule|HP Percentage Mod: HP is shown in percentages\n|clearpoke\n|poke|p1|Landorus-Therian, M|\n|poke|p1|Indeedee-F, F|\n|poke|p1|Flutter Mane|\n|poke|p1|Walking Wake|\n|poke|p1|Tornadus-Therian, M|\n|poke|p1|Ogerpon-Hearthflame, F|\n|poke|p2|Murkrow, M|\n|poke|p2|Dragonite, M|\n|poke|p2|Ceruledge, F|\n|poke|p2|Ogerpon-Wellspring, F|\n|poke|p2|Diancie|\n|poke|p2|Amoonguss, M|\n|teampreview\n|\n|t:|1700018519\n|start\n|switch|p1a: Silence of Lambs|Indeedee-F, F|100\/100\n|switch|p1b: Sweet Heart|Landorus-Therian, M|100\/100\n|switch|p2a: Murkrow|Murkrow, M, shiny|100\/100\n|switch|p2b: Dragonite|Dragonite, M, shiny|100\/100\n|-ability|p1b: Sweet Heart|Intimidate|boost\n|-unboost|p2a: Murkrow|atk|1\n|-fail|p2b: Dragonite|unboost|Attack|[from] ability: Inner Focus|[of] p2b: Dragonite\n|-fieldstart|move: Psychic Terrain|[from] ability: Psychic Surge|[of] p1a: Silence of Lambs\n|turn|1\n|inactive|Battle timer is ON: inactive players will automatically lose when time's up. (requested by ct1314)\n|\n|t:|1700018550\n|move|p2a: Murkrow|Tailwind|p2a: Murkrow\n|-sidestart|p2: ct1314|move: Tailwind\n|move|p2b: Dragonite|Ice Spinner|p1b: Sweet Heart\n|-supereffective|p1b: Sweet Heart\n|-damage|p1b: Sweet Heart|0 fnt\n|-damage|p2b: Dragonite|84\/100|[from] item: Rocky Helmet|[of] p1b: Sweet Heart\n|-fieldend|move: Psychic Terrain\n|faint|p1b: Sweet Heart\n|move|p1a: Silence of Lambs|Psychic|p2b: Dragonite\n|-damage|p2b: Dragonite|57\/100\n|\n|upkeep\n|\n|t:|1700018561\n|switch|p1b: Ghost of Apathy|Flutter Mane|100\/100\n|turn|2\n|\n|t:|1700018581\n|move|p1a: Silence of Lambs|Follow Me|p1a: Silence of Lambs\n|-singleturn|p1a: Silence of Lambs|move: Follow Me\n|move|p2a: Murkrow|Brave Bird|p1a: Silence of Lambs\n|-damage|p1a: Silence of Lambs|66\/100\n|-damage|p2a: Murkrow|85\/100|[from] Recoil\n|move|p1b: Ghost of Apathy|Dazzling Gleam|p2a: Murkrow|[spread] p2a,p2b\n|-supereffective|p2a: Murkrow\n|-supereffective|p2b: Dragonite\n|-damage|p2a: Murkrow|0 fnt\n|-damage|p2b: Dragonite|0 fnt\n|faint|p2a: Murkrow\n|faint|p2b: Dragonite\n|\n|-heal|p1a: Silence of Lambs|72\/100|[from] item: Leftovers\n|upkeep\n|\n|t:|1700018596\n|switch|p2a: Ogerpon|Ogerpon-Wellspring, F|100\/100\n|switch|p2b: Ceruledge|Ceruledge, F, shiny|100\/100\n|turn|3\n|\n|t:|1700018606\n|-terastallize|p2b: Ceruledge|Grass\n|move|p1a: Silence of Lambs|Follow Me|p1a: Silence of Lambs\n|-singleturn|p1a: Silence of Lambs|move: Follow Me\n|move|p2a: Ogerpon|Ivy Cudgel|p1a: Silence of Lambs|[anim] Ivy Cudgel Water\n|-crit|p1a: Silence of Lambs\n|-damage|p1a: Silence of Lambs|0 fnt\n|faint|p1a: Silence of Lambs\n|move|p2b: Ceruledge|Swords Dance|p2b: Ceruledge\n|-boost|p2b: Ceruledge|atk|2\n|move|p1b: Ghost of Apathy|Shadow Ball|p2b: Ceruledge\n|-damage|p2b: Ceruledge|59\/100\n|\n|upkeep\n|\n|t:|1700018626\n|switch|p1a: Weird Dino|Walking Wake|100\/100\n|turn|4\n|inactive|ct1314 has 120 seconds left.\n|\n|t:|1700018662\n|move|p2b: Ceruledge|Shadow Sneak|p1b: Ghost of Apathy\n|-supereffective|p1b: Ghost of Apathy\n|-damage|p1b: Ghost of Apathy|0 fnt\n|faint|p1b: Ghost of Apathy\n|-end|p1b: Ghost of Apathy|Protosynthesis|[silent]\n|move|p2a: Ogerpon|Ivy Cudgel|p1a: Weird Dino|[anim] Ivy Cudgel Water\n|-resisted|p1a: Weird Dino\n|-crit|p1a: Weird Dino\n|-damage|p1a: Weird Dino|75\/100\n|move|p1a: Weird Dino|Draco Meteor|p2b: Ceruledge\n|-damage|p2b: Ceruledge|0 fnt\n|-unboost|p1a: Weird Dino|spa|2\n|faint|p2b: Ceruledge\n|\n|-sideend|p2: ct1314|move: Tailwind\n|upkeep\n|\n|t:|1700018674\n|switch|p1b: Air Island|Tornadus-Therian, M, shiny|100\/100\n|switch|p2b: Amoonguss|Amoonguss, M, shiny|100\/100\n|turn|5\n|\n|t:|1700018690\n|-end|p1a: Weird Dino|Protosynthesis|[silent]\n|switch|p1a: Dream Stan|Ogerpon-Hearthflame, F|100\/100\n|-ability|p1a: Dream Stan|Mold Breaker\n|move|p1b: Air Island|Heat Wave|p2b: Amoonguss|[spread] p2a,p2b\n|-supereffective|p2b: Amoonguss\n|-damage|p2a: Ogerpon|79\/100\n|-damage|p2b: Amoonguss|73\/100\n|move|p2a: Ogerpon|Ivy Cudgel|p1b: Air Island|[anim] Ivy Cudgel Water\n|-damage|p1b: Air Island|31\/100\n|move|p2b: Amoonguss|Spore|p1a: Dream Stan\n|-immune|p1a: Dream Stan\n|\n|upkeep\n|turn|6\n|\n|t:|1700018716\n|move|p1b: Air Island|Bleakwind Storm|p2b: Amoonguss|[spread] p2a,p2b\n|-supereffective|p2a: Ogerpon\n|-supereffective|p2b: Amoonguss\n|-damage|p2a: Ogerpon|14\/100\n|-damage|p2b: Amoonguss|29\/100\n|-unboost|p2a: Ogerpon|spe|1\n|-enditem|p2b: Amoonguss|Sitrus Berry|[eat]\n|-heal|p2b: Amoonguss|54\/100|[from] item: Sitrus Berry\n|move|p1a: Dream Stan|Ivy Cudgel|p2b: Amoonguss|[anim] Ivy Cudgel Fire\n|-supereffective|p2b: Amoonguss\n|-damage|p2b: Amoonguss|0 fnt\n|faint|p2b: Amoonguss\n|move|p2a: Ogerpon|U-turn|p1a: Dream Stan\n|-damage|p1a: Dream Stan|65\/100\n|inactive|ct1314 has 120 seconds left.\n|\n|t:|1700018728\n|switch|p2a: Diancie|Diancie, shiny|100\/100|[from] U-turn\n|\n|upkeep\n|\n|t:|1700018731\n|switch|p2b: Ogerpon|Ogerpon-Wellspring, F|14\/100\n|turn|7\n|\n|t:|1700018742\n|move|p1b: Air Island|Heat Wave|p2a: Diancie|[spread] p2a,p2b\n|-resisted|p2a: Diancie\n|-damage|p2a: Diancie|94\/100\n|-damage|p2b: Ogerpon|0 fnt\n|-status|p2a: Diancie|brn\n|faint|p2b: Ogerpon\n|move|p1a: Dream Stan|Horn Leech|p2a: Diancie\n|-supereffective|p2a: Diancie\n|-damage|p2a: Diancie|23\/100 brn\n|-heal|p1a: Dream Stan|100\/100|[from] drain|[of] p2a: Diancie\n|-enditem|p2a: Diancie|Weakness Policy\n|-boost|p2a: Diancie|atk|2|[from] item: Weakness Policy\n|-boost|p2a: Diancie|spa|2|[from] item: Weakness Policy\n|move|p2a: Diancie|Trick Room|p2a: Diancie\n|-fieldstart|move: Trick Room|[of] p2a: Diancie\n|\n|-damage|p2a: Diancie|16\/100 brn|[from] brn\n|upkeep\n|turn|8\n|c|\u2606ct1314|gg\n|c|\u2606DeeGaming|gg\n|\n|t:|1700018768\n|move|p2a: Diancie|Diamond Storm|p1b: Air Island|[spread] p1a,p1b\n|-supereffective|p1a: Dream Stan\n|-supereffective|p1b: Air Island\n|-damage|p1a: Dream Stan|22\/100\n|-damage|p1b: Air Island|0 fnt\n|-boost|p2a: Diancie|def|2\n|faint|p1b: Air Island\n|move|p1a: Dream Stan|Horn Leech|p2a: Diancie\n|-supereffective|p2a: Diancie\n|-damage|p2a: Diancie|0 fnt\n|-heal|p1a: Dream Stan|30\/100|[from] drain|[of] p2a: Diancie\n|faint|p2a: Diancie\n|\n|win|DeeGaming\n|raw|DeeGaming's rating: 1285 &rarr; <strong>1308<\/strong><br \/>(+23 for winning)\n|raw|ct1314's rating: 1256 &rarr; <strong>1233<\/strong><br \/>(-23 for losing)\n","uploadtime":1700018782,"views":44,"p1id":"deegaming","p2id":"ct1314","formatid":"gen9doublesou","rating":1233,"private":0,"password":""}