{"id":"gen9doublesou-1975006115","p1":"hitr_ssbm","p2":"ChimeBliss","format":"[Gen 9] Doubles OU","log":"|j|\u2606hitr_ssbm\n|j|\u2606ChimeBliss\n|t:|1698154264\n|gametype|doubles\n|player|p1|hitr_ssbm|102|1334\n|player|p2|ChimeBliss|dawn-gen4pt|1452\n|teamsize|p1|6\n|teamsize|p2|6\n|gen|9\n|tier|[Gen 9] Doubles OU\n|rated|\n|rule|Species Clause: Limit one of each Pok\u00e9mon\n|rule|OHKO Clause: OHKO moves are banned\n|rule|Evasion Moves Clause: Evasion moves are banned\n|rule|Gravity Sleep Clause: The combination of sleep-inducing moves with imperfect accuracy and Gravity or Gigantamax Orbeetle are banned\n|rule|Endless Battle Clause: Forcing endless battles is banned\n|rule|HP Percentage Mod: HP is shown in percentages\n|clearpoke\n|poke|p1|Decidueye-Hisui, M|\n|poke|p1|Tyranitar, F|\n|poke|p1|Kleavor, F|\n|poke|p1|Corviknight, F|\n|poke|p1|Mimikyu, F|\n|poke|p1|Gastrodon, F|\n|poke|p2|Chien-Pao|\n|poke|p2|Tornadus, M|\n|poke|p2|Dragonite, F|\n|poke|p2|Chi-Yu|\n|poke|p2|Flutter Mane|\n|poke|p2|Landorus, M|\n|teampreview\n|inactive|Battle timer is ON: inactive players will automatically lose when time's up. (requested by ChimeBliss)\n|inactive|ChimeBliss has 120 seconds left.\n|\n|t:|1698154312\n|start\n|switch|p1a: Zilla|Tyranitar, F|100\/100\n|switch|p1b: Corviknight|Corviknight, F, shiny|100\/100\n|switch|p2a: Chien-Pao|Chien-Pao|100\/100\n|switch|p2b: Dragonite|Dragonite, F, shiny|100\/100\n|-ability|p2a: Chien-Pao|Sword of Ruin\n|-weather|Sandstorm|[from] ability: Sand Stream|[of] p1a: Zilla\n|turn|1\n|\n|t:|1698154337\n|switch|p2b: Chi-Yu|Chi-Yu|100\/100\n|-ability|p2b: Chi-Yu|Beads of Ruin\n|move|p1a: Zilla|Protect|p1a: Zilla\n|-singleturn|p1a: Zilla|Protect\n|move|p2a: Chien-Pao|Sacred Sword|p1a: Zilla\n|-activate|p1a: Zilla|move: Protect\n|move|p1b: Corviknight|Tailwind|p1b: Corviknight\n|-sidestart|p1: hitr_ssbm|move: Tailwind\n|\n|-weather|Sandstorm|[upkeep]\n|-damage|p2b: Chi-Yu|95\/100|[from] Sandstorm\n|-damage|p2a: Chien-Pao|95\/100|[from] Sandstorm\n|upkeep\n|turn|2\n|\n|t:|1698154352\n|switch|p2b: Tornadus|Tornadus, M|100\/100\n|switch|p1a: Mimikyu|Mimikyu, F|100\/100\n|move|p2a: Chien-Pao|Sacred Sword|p1a: Mimikyu\n|-immune|p1a: Mimikyu\n|move|p1b: Corviknight|Iron Head|p2a: Chien-Pao\n|-supereffective|p2a: Chien-Pao\n|-damage|p2a: Chien-Pao|0 fnt\n|faint|p2a: Chien-Pao\n|\n|-weather|Sandstorm|[upkeep]\n|-damage|p1a: Mimikyu|95\/100|[from] Sandstorm\n|-damage|p2b: Tornadus|94\/100|[from] Sandstorm\n|upkeep\n|\n|t:|1698154358\n|switch|p2a: Chi-Yu|Chi-Yu|95\/100\n|-ability|p2a: Chi-Yu|Beads of Ruin\n|turn|3\n|\n|t:|1698154378\n|move|p2b: Tornadus|Tailwind|p2b: Tornadus\n|-sidestart|p2: ChimeBliss|move: Tailwind\n|move|p2a: Chi-Yu|Heat Wave|p1b: Corviknight|[spread] p1a\n|-miss|p2a: Chi-Yu|p1b: Corviknight\n|-activate|p1a: Mimikyu|ability: Disguise\n|-damage|p1a: Mimikyu|95\/100\n|detailschange|p1a: Mimikyu|Mimikyu-Busted, F\n|-damage|p1a: Mimikyu|82\/100|[from] pokemon: Mimikyu-Busted\n|move|p1a: Mimikyu|Play Rough|p2a: Chi-Yu\n|-damage|p2a: Chi-Yu|34\/100\n|move|p1b: Corviknight|Drill Peck|p2a: Chi-Yu\n|-damage|p2a: Chi-Yu|0 fnt\n|faint|p2a: Chi-Yu\n|\n|-weather|Sandstorm|[upkeep]\n|-damage|p2b: Tornadus|88\/100|[from] Sandstorm\n|-damage|p1a: Mimikyu|76\/100|[from] Sandstorm\n|upkeep\n|\n|t:|1698154397\n|switch|p2a: Flutter Mane|Flutter Mane|100\/100\n|turn|4\n|\n|t:|1698154405\n|move|p2a: Flutter Mane|Shadow Ball|p1b: Corviknight\n|-damage|p1b: Corviknight|34\/100\n|move|p2b: Tornadus|Bleakwind Storm|p1b: Corviknight|[spread] p1a,p1b\n|-resisted|p1b: Corviknight\n|-damage|p1a: Mimikyu|43\/100\n|-damage|p1b: Corviknight|17\/100\n|move|p1a: Mimikyu|Phantom Force||[still]\n|-prepare|p1a: Mimikyu|Phantom Force\n|move|p1b: Corviknight|Iron Head|p2a: Flutter Mane\n|-supereffective|p2a: Flutter Mane\n|-damage|p2a: Flutter Mane|0 fnt\n|faint|p2a: Flutter Mane\n|-end|p2a: Flutter Mane|Protosynthesis|[silent]\n|\n|-weather|Sandstorm|[upkeep]\n|-damage|p2b: Tornadus|82\/100|[from] Sandstorm\n|-damage|p1a: Mimikyu|37\/100|[from] Sandstorm\n|-sideend|p1: hitr_ssbm|move: Tailwind\n|upkeep\n|\n|t:|1698154408\n|switch|p2a: Dragonite|Dragonite, F, shiny|100\/100\n|turn|5\n|\n|t:|1698154433\n|move|p2a: Dragonite|Extreme Speed|p1b: Corviknight\n|-resisted|p1b: Corviknight\n|-damage|p1b: Corviknight|0 fnt\n|faint|p1b: Corviknight\n|move|p2b: Tornadus|Bleakwind Storm|p1a: Mimikyu|[miss]\n|-miss|p2b: Tornadus|p1a: Mimikyu\n|move|p1a: Mimikyu|Phantom Force|p2a: Dragonite|[from]lockedmove\n|-damage|p2a: Dragonite|61\/100\n|\n|-weather|none\n|upkeep\n|\n|t:|1698154443\n|switch|p1b: Gastrodon|Gastrodon, F|100\/100\n|turn|6\n|\n|t:|1698154450\n|-terastallize|p2a: Dragonite|Normal\n|move|p2a: Dragonite|Extreme Speed|p1b: Gastrodon\n|-damage|p1b: Gastrodon|29\/100\n|move|p2b: Tornadus|Bleakwind Storm|p1b: Gastrodon|[spread] p1a\n|-miss|p2b: Tornadus|p1b: Gastrodon\n|-damage|p1a: Mimikyu|6\/100\n|move|p1a: Mimikyu|Play Rough|p2b: Tornadus\n|-crit|p2b: Tornadus\n|-damage|p2b: Tornadus|0 fnt\n|faint|p2b: Tornadus\n|move|p1b: Gastrodon|Icy Wind|p2a: Dragonite\n|-damage|p2a: Dragonite|46\/100\n|-unboost|p2a: Dragonite|spe|1\n|\n|-sideend|p2: ChimeBliss|move: Tailwind\n|upkeep\n|\n|t:|1698154452\n|switch|p2b: Landorus|Landorus, M|100\/100\n|turn|7\n|\n|t:|1698154471\n|move|p2a: Dragonite|Extreme Speed|p1b: Gastrodon\n|-damage|p1b: Gastrodon|0 fnt\n|faint|p1b: Gastrodon\n|move|p2b: Landorus|Earth Power|p1a: Mimikyu\n|-damage|p1a: Mimikyu|0 fnt\n|faint|p1a: Mimikyu\n|\n|upkeep\n|\n|t:|1698154485\n|switch|p1a: Zilla|Tyranitar, F|100\/100\n|switch|p1b: Decidueye|Decidueye-Hisui, M|100\/100\n|-weather|Sandstorm|[from] ability: Sand Stream|[of] p1a: Zilla\n|turn|8\n|\n|t:|1698154503\n|move|p1a: Zilla|Protect|p1a: Zilla\n|-singleturn|p1a: Zilla|Protect\n|move|p2a: Dragonite|Extreme Speed|p1b: Decidueye\n|-damage|p1b: Decidueye|25\/100\n|move|p2b: Landorus|Sandsear Storm|p1b: Decidueye|[spread] p1b\n|-activate|p1a: Zilla|move: Protect\n|-resisted|p1b: Decidueye\n|-damage|p1b: Decidueye|7\/100\n|move|p1b: Decidueye|Triple Arrows|p2a: Dragonite\n|-supereffective|p2a: Dragonite\n|-damage|p2a: Dragonite|0 fnt\n|faint|p2a: Dragonite\n|\n|-weather|Sandstorm|[upkeep]\n|-damage|p1b: Decidueye|1\/100|[from] Sandstorm\n|upkeep\n|turn|9\n|\n|t:|1698154522\n|-terastallize|p1a: Zilla|Flying\n|move|p1b: Decidueye|Shadow Sneak|p2b: Landorus\n|-damage|p2b: Landorus|85\/100\n|move|p2b: Landorus|Sandsear Storm|p1a: Zilla|[spread] p1b\n|-immune|p1a: Zilla\n|-resisted|p1b: Decidueye\n|-crit|p1b: Decidueye\n|-damage|p1b: Decidueye|0 fnt\n|faint|p1b: Decidueye\n|move|p1a: Zilla|Tera Blast|p2b: Landorus|[anim] Tera Blast Flying\n|-damage|p2b: Landorus|37\/100\n|\n|-weather|Sandstorm|[upkeep]\n|-damage|p1a: Zilla|94\/100|[from] Sandstorm\n|upkeep\n|-message|ChimeBliss forfeited.\n|\n|win|hitr_ssbm\n|raw|hitr_ssbm's rating: 1334 &rarr; <strong>1361<\/strong><br \/>(+27 for winning)\n|raw|ChimeBliss's rating: 1452 &rarr; <strong>1425<\/strong><br \/>(-27 for losing)\n","uploadtime":1698154530,"views":20,"p1id":"hitrssbm","p2id":"chimebliss","formatid":"gen9doublesou","rating":1361,"private":0,"password":""}