{"id":"gen9doublesou-1994248143","p1":"Saltysoul01","p2":"Geniusatstuff","format":"[Gen 9] Doubles OU","log":"|j|\u2606Saltysoul01\n|j|\u2606Geniusatstuff\n|t:|1700423230\n|gametype|doubles\n|player|p1|Saltysoul01|norman|1237\n|player|p2|Geniusatstuff|265|1321\n|teamsize|p1|6\n|teamsize|p2|6\n|gen|9\n|tier|[Gen 9] Doubles OU\n|rated|\n|rule|Species Clause: Limit one of each Pok\u00e9mon\n|rule|OHKO Clause: OHKO moves are banned\n|rule|Evasion Moves Clause: Evasion moves are banned\n|rule|Gravity Sleep Clause: The combination of sleep-inducing moves with imperfect accuracy and Gravity or Gigantamax Orbeetle are banned\n|rule|Endless Battle Clause: Forcing endless battles is banned\n|rule|HP Percentage Mod: HP is shown in percentages\n|clearpoke\n|poke|p1|Hariyama, M|\n|poke|p1|Iron Hands|\n|poke|p1|Amoonguss, F|\n|poke|p1|Ursaluna-Bloodmoon, M|\n|poke|p1|Chien-Pao|\n|poke|p1|Delibird, M|\n|poke|p2|Gyarados, M|\n|poke|p2|Armarouge, M|\n|poke|p2|Chien-Pao|\n|poke|p2|Indeedee-F, F|\n|poke|p2|Tornadus, M|\n|poke|p2|Sneasler, F|\n|teampreview\n|\n|t:|1700423243\n|start\n|switch|p1a: Ursaluna|Ursaluna-Bloodmoon, M|100\/100\n|switch|p1b: Delibird|Delibird, M|100\/100\n|switch|p2a: Gyarados|Gyarados, M|100\/100\n|switch|p2b: Tornadus|Tornadus, M|100\/100\n|-ability|p2a: Gyarados|Intimidate|boost\n|-unboost|p1a: Ursaluna|atk|1\n|-unboost|p1b: Delibird|atk|1\n|turn|1\n|\n|t:|1700423267\n|-terastallize|p1a: Ursaluna|Dragon\n|move|p1b: Delibird|Fake Out|p2b: Tornadus\n|-damage|p2b: Tornadus|92\/100\n|move|p2a: Gyarados|Waterfall|p1a: Ursaluna\n|-resisted|p1a: Ursaluna\n|-damage|p1a: Ursaluna|84\/100\n|cant|p2b: Tornadus|flinch\n|move|p1a: Ursaluna|Blood Moon|p2a: Gyarados\n|-crit|p2a: Gyarados\n|-damage|p2a: Gyarados|0 fnt\n|faint|p2a: Gyarados\n|-damage|p1a: Ursaluna|75\/100|[from] item: Life Orb\n|\n|upkeep\n|\n|t:|1700423286\n|switch|p2a: Chien-Pao|Chien-Pao|100\/100\n|-ability|p2a: Chien-Pao|Sword of Ruin\n|turn|2\n|\n|t:|1700423303\n|move|p1a: Ursaluna|Vacuum Wave|p2a: Chien-Pao\n|-supereffective|p2a: Chien-Pao\n|-damage|p2a: Chien-Pao|0 fnt\n|faint|p2a: Chien-Pao\n|-damage|p1a: Ursaluna|65\/100|[from] item: Life Orb\n|move|p2b: Tornadus|Bleakwind Storm|p1a: Ursaluna|[spread] p1a,p1b\n|-damage|p1a: Ursaluna|24\/100\n|-damage|p1b: Delibird|21\/100\n|move|p1b: Delibird|Agility|p1b: Delibird\n|-boost|p1b: Delibird|spe|2\n|\n|upkeep\n|\n|t:|1700423319\n|switch|p2a: Indeedee|Indeedee-F, F|100\/100\n|-fieldstart|move: Psychic Terrain|[from] ability: Psychic Surge|[of] p2a: Indeedee\n|turn|3\n|\n|t:|1700423332\n|move|p2a: Indeedee|Follow Me|p2a: Indeedee\n|-singleturn|p2a: Indeedee|move: Follow Me\n|move|p1b: Delibird|Agility|p1b: Delibird\n|-boost|p1b: Delibird|spe|2\n|move|p2b: Tornadus|Bleakwind Storm|p1b: Delibird|[spread] p1a,p1b\n|-damage|p1a: Ursaluna|0 fnt\n|-damage|p1b: Delibird|0 fnt\n|faint|p1a: Ursaluna\n|faint|p1b: Delibird\n|\n|upkeep\n|\n|t:|1700423342\n|switch|p1b: Chien-Pao|Chien-Pao|100\/100\n|switch|p1a: Amoonguss|Amoonguss, F|100\/100\n|-ability|p1b: Chien-Pao|Sword of Ruin\n|turn|4\n|\n|t:|1700423360\n|move|p2a: Indeedee|Follow Me|p2a: Indeedee\n|-singleturn|p2a: Indeedee|move: Follow Me\n|move|p1b: Chien-Pao|Ice Spinner|p2a: Indeedee\n|-damage|p2a: Indeedee|42\/100\n|-damage|p1b: Chien-Pao|84\/100|[from] item: Rocky Helmet|[of] p2a: Indeedee\n|-fieldend|move: Psychic Terrain\n|move|p2b: Tornadus|Bleakwind Storm|p1a: Amoonguss|[spread] p1a,p1b\n|-supereffective|p1a: Amoonguss\n|-damage|p1a: Amoonguss|27\/100\n|-damage|p1b: Chien-Pao|6\/100\n|-unboost|p1b: Chien-Pao|spe|1\n|move|p1a: Amoonguss|Spore|p2a: Indeedee\n|-status|p2a: Indeedee|slp|[from] move: Spore\n|\n|-heal|p1a: Amoonguss|34\/100|[from] item: Leftovers\n|upkeep\n|turn|5\n|inactive|Battle timer is ON: inactive players will automatically lose when time's up. (requested by Geniusatstuff)\n|\n|t:|1700423426\n|switch|p2a: Armarouge|Armarouge, M|100\/100\n|move|p2b: Tornadus|Taunt|p1a: Amoonguss\n|-start|p1a: Amoonguss|move: Taunt\n|move|p1b: Chien-Pao|Ice Spinner|p2b: Tornadus\n|-supereffective|p2b: Tornadus\n|-damage|p2b: Tornadus|0 fnt\n|faint|p2b: Tornadus\n|move|p1a: Amoonguss|Pollen Puff|p1b: Chien-Pao\n|-heal|p1b: Chien-Pao|56\/100\n|\n|-heal|p1a: Amoonguss|40\/100|[from] item: Leftovers\n|upkeep\n|\n|t:|1700423442\n|switch|p2b: Indeedee|Indeedee-F, F|42\/100 slp\n|-fieldstart|move: Psychic Terrain|[from] ability: Psychic Surge|[of] p2b: Indeedee\n|turn|6\n|\n|t:|1700423464\n|move|p1b: Chien-Pao|Sucker Punch|p2a: Armarouge\n|-activate|p2a: Armarouge|move: Psychic Terrain\n|move|p2a: Armarouge|Armor Cannon|p1b: Chien-Pao\n|-supereffective|p1b: Chien-Pao\n|-damage|p1b: Chien-Pao|0 fnt\n|-unboost|p2a: Armarouge|def|1\n|-unboost|p2a: Armarouge|spd|1\n|faint|p1b: Chien-Pao\n|cant|p2b: Indeedee|slp\n|move|p1a: Amoonguss|Pollen Puff|p2b: Indeedee\n|-supereffective|p2b: Indeedee\n|-damage|p2b: Indeedee|11\/100 slp\n|\n|-heal|p1a: Amoonguss|46\/100|[from] item: Leftovers\n|upkeep\n|\n|t:|1700423470\n|switch|p1b: Hariyama|Hariyama, M, shiny|100\/100\n|turn|7\n|\n|t:|1700423489\n|move|p2a: Armarouge|Expanding Force|p1a: Amoonguss|[spread] p1a,p1b\n|-supereffective|p1a: Amoonguss\n|-supereffective|p1b: Hariyama\n|-damage|p1a: Amoonguss|0 fnt\n|-damage|p1b: Hariyama|32\/100\n|faint|p1a: Amoonguss\n|cant|p2b: Indeedee|slp\n|move|p1b: Hariyama|Rock Slide|p2b: Indeedee|[spread] p2a,p2b\n|-supereffective|p2a: Armarouge\n|-damage|p2a: Armarouge|53\/100\n|-damage|p2b: Indeedee|0 fnt\n|-ability|p2a: Armarouge|Weak Armor|boost\n|-unboost|p2a: Armarouge|def|1\n|-boost|p2a: Armarouge|spe|2\n|faint|p2b: Indeedee\n|\n|upkeep\n|\n|t:|1700423504\n|switch|p2b: Sneasler|Sneasler, F|100\/100\n|switch|p1a: Iron Hands|Iron Hands|100\/100\n|-enditem|p2b: Sneasler|Psychic Seed\n|-boost|p2b: Sneasler|spd|1|[from] item: Psychic Seed\n|turn|8\n|\n|t:|1700423516\n|-terastallize|p2b: Sneasler|Rock\n|move|p2b: Sneasler|Rock Slide|p1b: Hariyama|[spread] p1a,p1b\n|-resisted|p1a: Iron Hands\n|-resisted|p1b: Hariyama\n|-damage|p1a: Iron Hands|90\/100\n|-damage|p1b: Hariyama|20\/100\n|move|p2a: Armarouge|Expanding Force|p1a: Iron Hands|[spread] p1a,p1b\n|-supereffective|p1a: Iron Hands\n|-supereffective|p1b: Hariyama\n|-damage|p1a: Iron Hands|1\/100\n|-damage|p1b: Hariyama|0 fnt\n|faint|p1b: Hariyama\n|move|p1a: Iron Hands|Wild Charge|p2b: Sneasler\n|-damage|p2b: Sneasler|41\/100\n|-damage|p1a: Iron Hands|0 fnt|[from] Recoil\n|faint|p1a: Iron Hands\n|-end|p1a: Iron Hands|Quark Drive|[silent]\n|\n|win|Geniusatstuff\n|raw|Saltysoul01's rating: 1237 &rarr; <strong>1218<\/strong><br \/>(-19 for losing)\n|raw|Geniusatstuff's rating: 1321 &rarr; <strong>1336<\/strong><br \/>(+15 for winning)\n","uploadtime":1700423534,"views":10,"p1id":"saltysoul01","p2id":"geniusatstuff","formatid":"gen9doublesou","rating":1218,"private":0,"password":""}