{"id":"gen9doublesou-1993160731","p1":"papelu","p2":"XxPeruxX Jedset83","format":"[Gen 9] Doubles OU","log":"|j|\u2606papelu\n|j|\u203dXxPeruxX Jedset83\n|t:|1700272144\n|gametype|doubles\n|player|p1|papelu|silver|1311\n|player|p2|XxPeruxX Jedset83|101|1240\n|teamsize|p1|6\n|teamsize|p2|6\n|gen|9\n|tier|[Gen 9] Doubles OU\n|rated|\n|rule|Species Clause: Limit one of each Pok\u00e9mon\n|rule|OHKO Clause: OHKO moves are banned\n|rule|Evasion Moves Clause: Evasion moves are banned\n|rule|Gravity Sleep Clause: The combination of sleep-inducing moves with imperfect accuracy and Gravity or Gigantamax Orbeetle are banned\n|rule|Endless Battle Clause: Forcing endless battles is banned\n|rule|HP Percentage Mod: HP is shown in percentages\n|clearpoke\n|poke|p1|Polteageist|\n|poke|p1|Landorus, M|\n|poke|p1|Thundurus, M|\n|poke|p1|Enamorus, F|\n|poke|p1|Tornadus, M|\n|poke|p1|Tinkaton, F|\n|poke|p2|Roaring Moon|\n|poke|p2|Rillaboom, M|\n|poke|p2|Arbok, M|\n|poke|p2|Kingambit, M|\n|poke|p2|Mudsdale, M|\n|poke|p2|Rotom-Wash|\n|teampreview\n|inactive|Battle timer is ON: inactive players will automatically lose when time's up. (requested by XxPeruxX Jedset83)\n|\n|t:|1700272190\n|start\n|switch|p1a: Enamorus|Enamorus, F|100\/100\n|switch|p1b: Tornadus|Tornadus, M|100\/100\n|switch|p2a: Roaring Moon|Roaring Moon|100\/100\n|switch|p2b: Rillaboom|Rillaboom, M, shiny|100\/100\n|-fieldstart|move: Grassy Terrain|[from] ability: Grassy Surge|[of] p2b: Rillaboom\n|-enditem|p2a: Roaring Moon|Booster Energy\n|-activate|p2a: Roaring Moon|ability: Protosynthesis|[fromitem]\n|-start|p2a: Roaring Moon|protosynthesisatk\n|turn|1\n|\n|t:|1700272217\n|switch|p1a: Tinkaton|Tinkaton, F|100\/100\n|-ability|p1a: Tinkaton|Mold Breaker\n|-terastallize|p2a: Roaring Moon|Flying\n|move|p2b: Rillaboom|Fake Out|p1b: Tornadus\n|-damage|p1b: Tornadus|78\/100\n|cant|p1b: Tornadus|flinch\n|move|p2a: Roaring Moon|Acrobatics|p1b: Tornadus\n|-damage|p1b: Tornadus|0 fnt\n|faint|p1b: Tornadus\n|\n|upkeep\n|inactive|papelu has 120 seconds left.\n|\n|t:|1700272238\n|switch|p1b: Thundurus|Thundurus, M|100\/100\n|turn|2\n|\n|t:|1700272255\n|move|p1b: Thundurus|Rain Dance|p1b: Thundurus\n|-weather|RainDance\n|move|p2a: Roaring Moon|Acrobatics|p1b: Thundurus\n|-resisted|p1b: Thundurus\n|-damage|p1b: Thundurus|48\/100\n|-enditem|p1b: Thundurus|Sitrus Berry|[eat]\n|-heal|p1b: Thundurus|73\/100|[from] item: Sitrus Berry\n|move|p1a: Tinkaton|Reflect|p1a: Tinkaton\n|-sidestart|p1: papelu|Reflect\n|move|p2b: Rillaboom|High Horsepower|p1a: Tinkaton\n|-supereffective|p1a: Tinkaton\n|-damage|p1a: Tinkaton|48\/100\n|\n|-weather|RainDance|[upkeep]\n|-heal|p1a: Tinkaton|55\/100|[from] Grassy Terrain\n|upkeep\n|turn|3\n|\n|t:|1700272281\n|switch|p1a: Landorus|Landorus, M|100\/100\n|switch|p2b: Arbok|Arbok, M|100\/100\n|-ability|p2b: Arbok|Intimidate|boost\n|-unboost|p1a: Landorus|atk|1\n|-unboost|p1b: Thundurus|atk|1\n|move|p2a: Roaring Moon|Dragon Claw|p1b: Thundurus\n|-damage|p1b: Thundurus|20\/100\n|move|p1b: Thundurus|Wildbolt Storm|p2b: Arbok|[spread] p2a,p2b\n|-supereffective|p2a: Roaring Moon\n|-damage|p2a: Roaring Moon|24\/100\n|-damage|p2b: Arbok|59\/100\n|\n|-weather|RainDance|[upkeep]\n|-heal|p2b: Arbok|65\/100|[from] Grassy Terrain\n|upkeep\n|turn|4\n|\n|t:|1700272304\n|switch|p1b: Tinkaton|Tinkaton, F|55\/100\n|-ability|p1b: Tinkaton|Mold Breaker\n|switch|p2b: Mudsdale|Mudsdale, M, shiny|100\/100\n|move|p1a: Landorus|Sandsear Storm|p2a: Roaring Moon|[spread] p2b\n|-immune|p2a: Roaring Moon\n|-damage|p2b: Mudsdale|36\/100\n|move|p2a: Roaring Moon|Acrobatics|p1b: Tinkaton\n|-resisted|p1b: Tinkaton\n|-damage|p1b: Tinkaton|27\/100\n|\n|-weather|RainDance|[upkeep]\n|-heal|p1b: Tinkaton|33\/100|[from] Grassy Terrain\n|-heal|p2b: Mudsdale|43\/100|[from] Grassy Terrain\n|-heal|p2b: Mudsdale|49\/100|[from] item: Leftovers\n|upkeep\n|turn|5\n|\n|t:|1700272331\n|move|p1b: Tinkaton|Fake Out|p2a: Roaring Moon\n|-damage|p2a: Roaring Moon|16\/100\n|move|p1a: Landorus|Sandsear Storm|p2a: Roaring Moon|[spread] p2b\n|-immune|p2a: Roaring Moon\n|-damage|p2b: Mudsdale|0 fnt\n|faint|p2b: Mudsdale\n|cant|p2a: Roaring Moon|flinch\n|\n|-weather|RainDance|[upkeep]\n|-heal|p1b: Tinkaton|39\/100|[from] Grassy Terrain\n|-fieldend|move: Grassy Terrain\n|upkeep\n|inactive|XxPeruxX Jedset83 has 120 seconds left.\n|\n|t:|1700272341\n|switch|p2b: Rillaboom|Rillaboom, M, shiny|100\/100\n|-fieldstart|move: Grassy Terrain|[from] ability: Grassy Surge|[of] p2b: Rillaboom\n|turn|6\n|\n|t:|1700272360\n|switch|p1a: Polteageist|Polteageist|100\/100\n|move|p2b: Rillaboom|Fake Out|p1b: Tinkaton\n|-resisted|p1b: Tinkaton\n|-damage|p1b: Tinkaton|34\/100\n|move|p2a: Roaring Moon|Acrobatics|p1a: Polteageist\n|-crit|p1a: Polteageist\n|-damage|p1a: Polteageist|0 fnt\n|faint|p1a: Polteageist\n|cant|p1b: Tinkaton|flinch\n|\n|-weather|none\n|-heal|p1b: Tinkaton|40\/100|[from] Grassy Terrain\n|-sideend|p1: papelu|Reflect\n|upkeep\n|inactive|papelu has 120 seconds left.\n|\n|t:|1700272392\n|switch|p1a: Landorus|Landorus, M|100\/100\n|turn|7\n|inactive|XxPeruxX Jedset83 has 120 seconds left.\n|\n|t:|1700272425\n|move|p1a: Landorus|Rock Slide|p2a: Roaring Moon|[spread] p2a,p2b\n|-supereffective|p2a: Roaring Moon\n|-damage|p2a: Roaring Moon|0 fnt\n|-damage|p2b: Rillaboom|78\/100\n|faint|p2a: Roaring Moon\n|-end|p2a: Roaring Moon|Protosynthesis|[silent]\n|move|p1b: Tinkaton|Gigaton Hammer|p2b: Rillaboom\n|-damage|p2b: Rillaboom|23\/100\n|-enditem|p2b: Rillaboom|Figy Berry|[eat]\n|-heal|p2b: Rillaboom|56\/100|[from] item: Figy Berry\n|move|p2b: Rillaboom|High Horsepower|p1b: Tinkaton\n|-supereffective|p1b: Tinkaton\n|-damage|p1b: Tinkaton|0 fnt\n|faint|p1b: Tinkaton\n|\n|-heal|p2b: Rillaboom|62\/100|[from] Grassy Terrain\n|upkeep\n|\n|t:|1700272445\n|switch|p2a: Rotom|Rotom-Wash|100\/100\n|switch|p1b: Thundurus|Thundurus, M|20\/100\n|turn|8\n|\n|t:|1700272468\n|switch|p1a: Enamorus|Enamorus, F|100\/100\n|move|p1b: Thundurus|Eerie Impulse|p1a: Enamorus\n|-boost|p1a: Enamorus|spa|2\n|move|p2b: Rillaboom|Grassy Glide|p1a: Enamorus\n|-resisted|p1a: Enamorus\n|-damage|p1a: Enamorus|68\/100\n|move|p2a: Rotom|Hydro Pump|p1b: Thundurus\n|-damage|p1b: Thundurus|0 fnt\n|faint|p1b: Thundurus\n|\n|-heal|p2b: Rillaboom|68\/100|[from] Grassy Terrain\n|upkeep\n|\n|t:|1700272479\n|switch|p1b: Landorus|Landorus, M|100\/100\n|turn|9\n|\n|t:|1700272497\n|switch|p2b: Arbok|Arbok, M|65\/100\n|-ability|p2b: Arbok|Intimidate|boost\n|-boost|p1a: Enamorus|atk|1\n|-unboost|p1b: Landorus|atk|1\n|-terastallize|p1a: Enamorus|Fairy\n|move|p1a: Enamorus|Dazzling Gleam|p2a: Rotom|[spread] p2a,p2b\n|-resisted|p2b: Arbok\n|-damage|p2a: Rotom|0 fnt\n|-damage|p2b: Arbok|17\/100\n|faint|p2a: Rotom\n|move|p1b: Landorus|Focus Blast|p2b: Arbok\n|-resisted|p2b: Arbok\n|-damage|p2b: Arbok|0 fnt\n|faint|p2b: Arbok\n|\n|-heal|p1a: Enamorus|75\/100|[from] Grassy Terrain\n|upkeep\n|\n|t:|1700272512\n|switch|p2a: Kingambit|Kingambit, M|100\/100\n|switch|p2b: Rillaboom|Rillaboom, M, shiny|68\/100\n|turn|10\n|\n|t:|1700272527\n|move|p2b: Rillaboom|Fake Out|p1a: Enamorus\n|-damage|p1a: Enamorus|48\/100\n|cant|p1a: Enamorus|flinch\n|move|p1b: Landorus|Focus Blast|p2a: Kingambit\n|-supereffective|p2a: Kingambit\n|-damage|p2a: Kingambit|0 fnt\n|faint|p2a: Kingambit\n|\n|-heal|p1a: Enamorus|54\/100|[from] Grassy Terrain\n|-heal|p2b: Rillaboom|75\/100|[from] Grassy Terrain\n|-fieldend|move: Grassy Terrain\n|upkeep\n|turn|11\n|\n|t:|1700272544\n|move|p1a: Enamorus|Dazzling Gleam|p2b: Rillaboom\n|-damage|p2b: Rillaboom|0 fnt\n|faint|p2b: Rillaboom\n|\n|win|papelu\n|raw|papelu's rating: 1311 &rarr; <strong>1327<\/strong><br \/>(+16 for winning)\n|raw|XxPeruxX Jedset83's rating: 1240 &rarr; <strong>1220<\/strong><br \/>(-20 for losing)\n|l|\u203dXxPeruxX Jedset83\n","uploadtime":1700272555,"views":10,"p1id":"papelu","p2id":"xxperuxxjedset83","formatid":"gen9doublesou","rating":1220,"private":0,"password":""}