{"id":"gen9doublesou-1970650942","p1":"Fourthmatch","p2":"Thingsandsturf","format":"[Gen 9] Doubles OU","log":"|j|\u2606Fourthmatch\n|j|\u2606Thingsandsturf\n|t:|1697655356\n|gametype|doubles\n|player|p1|Fourthmatch|dawn|1460\n|player|p2|Thingsandsturf|2|1346\n|teamsize|p1|6\n|teamsize|p2|6\n|gen|9\n|tier|[Gen 9] Doubles OU\n|rated|\n|rule|Species Clause: Limit one of each Pok\u00e9mon\n|rule|OHKO Clause: OHKO moves are banned\n|rule|Evasion Moves Clause: Evasion moves are banned\n|rule|Gravity Sleep Clause: The combination of sleep-inducing moves with imperfect accuracy and Gravity or Gigantamax Orbeetle are banned\n|rule|Endless Battle Clause: Forcing endless battles is banned\n|rule|HP Percentage Mod: HP is shown in percentages\n|clearpoke\n|poke|p1|Sylveon, F|\n|poke|p1|Indeedee-F, F|\n|poke|p1|Amoonguss, M|\n|poke|p1|Glastrier|\n|poke|p1|Ursaluna, M|\n|poke|p1|Hatterene, F|\n|poke|p2|Milotic, F|\n|poke|p2|Dusclops, F|\n|poke|p2|Iron Hands|\n|poke|p2|Farigiraf, M|\n|poke|p2|Kingambit, F|\n|poke|p2|Gastrodon, M|\n|teampreview\n|inactive|Battle timer is ON: inactive players will automatically lose when time's up. (requested by Thingsandsturf)\n|inactive|Thingsandsturf has 120 seconds left.\n|c|\u2606Fourthmatch|milotic :3\n|\n|t:|1697655402\n|start\n|switch|p1a: Ms. Deeds|Indeedee-F, F|100\/100\n|switch|p1b: Susus Amogus|Amoonguss, M|100\/100\n|switch|p2a: Kingambit|Kingambit, F|100\/100\n|switch|p2b: Gastrodon|Gastrodon, M|100\/100\n|-fieldstart|move: Psychic Terrain|[from] ability: Psychic Surge|[of] p1a: Ms. Deeds\n|turn|1\n|\n|t:|1697655418\n|-terastallize|p2b: Gastrodon|Grass\n|move|p1b: Susus Amogus|Rage Powder|p1b: Susus Amogus\n|-singleturn|p1b: Susus Amogus|move: Rage Powder\n|move|p2a: Kingambit|Kowtow Cleave|p1b: Susus Amogus\n|-damage|p1b: Susus Amogus|48\/100\n|-enditem|p1b: Susus Amogus|Sitrus Berry|[eat]\n|-heal|p1b: Susus Amogus|73\/100|[from] item: Sitrus Berry\n|move|p2b: Gastrodon|Muddy Water|p1a: Ms. Deeds|[spread] p1a,p1b\n|-resisted|p1b: Susus Amogus\n|-damage|p1a: Ms. Deeds|81\/100\n|-damage|p1b: Susus Amogus|65\/100\n|-unboost|p1a: Ms. Deeds|accuracy|1\n|move|p1a: Ms. Deeds|Trick Room|p1a: Ms. Deeds\n|-fieldstart|move: Trick Room|[of] p1a: Ms. Deeds\n|\n|upkeep\n|turn|2\n|\n|t:|1697655446\n|switch|p1a: Glastrier|Glastrier|100\/100\n|move|p1b: Susus Amogus|Spore|p2a: Kingambit\n|-status|p2a: Kingambit|slp|[from] move: Spore\n|move|p2b: Gastrodon|Ice Beam|p1b: Susus Amogus\n|-supereffective|p1b: Susus Amogus\n|-damage|p1b: Susus Amogus|32\/100\n|cant|p2a: Kingambit|slp\n|\n|upkeep\n|turn|3\n|\n|t:|1697655467\n|switch|p1b: Freddy|Ursaluna, M|100\/100\n|switch|p2b: Iron Hands|Iron Hands|100\/100\n|move|p1a: Glastrier|Swords Dance|p1a: Glastrier\n|-boost|p1a: Glastrier|atk|2\n|cant|p2a: Kingambit|slp\n|\n|-status|p1b: Freddy|brn|[from] item: Flame Orb\n|upkeep\n|turn|4\n|\n|t:|1697655489\n|-terastallize|p1a: Glastrier|Ground\n|cant|p2a: Kingambit|slp\n|move|p1a: Glastrier|Stomping Tantrum|p2b: Iron Hands\n|-supereffective|p2b: Iron Hands\n|-damage|p2b: Iron Hands|0 fnt\n|faint|p2b: Iron Hands\n|-end|p2b: Iron Hands|Quark Drive|[silent]\n|-ability|p1a: Glastrier|Chilling Neigh|boost\n|-boost|p1a: Glastrier|atk|1\n|move|p1b: Freddy|Headlong Rush|p2a: Kingambit\n|-supereffective|p2a: Kingambit\n|-damage|p2a: Kingambit|0 fnt\n|-unboost|p1b: Freddy|def|1\n|-unboost|p1b: Freddy|spd|1\n|faint|p2a: Kingambit\n|\n|-damage|p1b: Freddy|94\/100 brn|[from] brn\n|upkeep\n|\n|t:|1697655503\n|switch|p2a: Dusclops|Dusclops, F|100\/100\n|switch|p2b: Milotic|Milotic, F|100\/100\n|-item|p1a: Glastrier|Safety Goggles|[from] ability: Frisk|[of] p2a: Dusclops|[identify]\n|-item|p1b: Freddy|Flame Orb|[from] ability: Frisk|[of] p2a: Dusclops|[identify]\n|turn|5\n|\n|t:|1697655526\n|move|p2a: Dusclops|Will-O-Wisp|p1a: Glastrier\n|-status|p1a: Glastrier|brn\n|move|p1a: Glastrier|Close Combat|p2b: Milotic\n|-damage|p2b: Milotic|42\/100\n|-unboost|p1a: Glastrier|def|1\n|-unboost|p1a: Glastrier|spd|1\n|move|p1b: Freddy|Crunch|p2a: Dusclops\n|-supereffective|p2a: Dusclops\n|-damage|p2a: Dusclops|37\/100\n|move|p2b: Milotic|Coil|p2b: Milotic\n|-boost|p2b: Milotic|atk|1\n|-boost|p2b: Milotic|def|1\n|-boost|p2b: Milotic|accuracy|1\n|\n|-heal|p2b: Milotic|48\/100|[from] item: Leftovers\n|-damage|p1a: Glastrier|94\/100 brn|[from] brn\n|-damage|p1b: Freddy|88\/100 brn|[from] brn\n|-fieldend|move: Trick Room\n|-fieldend|move: Psychic Terrain\n|upkeep\n|turn|6\n|j| videl lol\n|\n|t:|1697655552\n|switch|p1a: Bayoneta|Hatterene, F|100\/100\n|move|p2b: Milotic|Recover|p2b: Milotic\n|-heal|p2b: Milotic|98\/100\n|move|p1b: Freddy|Crunch|p2a: Dusclops\n|-supereffective|p2a: Dusclops\n|-damage|p2a: Dusclops|0 fnt\n|faint|p2a: Dusclops\n|\n|-heal|p2b: Milotic|100\/100|[from] item: Leftovers\n|-damage|p1b: Freddy|82\/100 brn|[from] brn\n|upkeep\n|\n|t:|1697655562\n|switch|p2a: Gastrodon|Gastrodon, M, tera:Grass|100\/100\n|turn|7\n|c| videl lol|sup fourthmatch\n|c|\u2606Fourthmatch|hi :3\n|\n|t:|1697655576\n|switch|p1b: Nova|Sylveon, F|100\/100\n|move|p2b: Milotic|Scald|p2a: Gastrodon\n|-activate|p2a: Gastrodon|ability: Storm Drain\n|-ability|p2a: Gastrodon|Storm Drain|boost\n|-boost|p2a: Gastrodon|spa|1\n|move|p2a: Gastrodon|Muddy Water|p1a: Bayoneta|[spread] p1a,p1b\n|-damage|p1a: Bayoneta|59\/100\n|-damage|p1b: Nova|71\/100\n|move|p1a: Bayoneta|Trick Room|p1a: Bayoneta\n|-fieldstart|move: Trick Room|[of] p1a: Bayoneta\n|\n|-heal|p1a: Bayoneta|65\/100|[from] item: Leftovers\n|upkeep\n|turn|8\n|c| videl lol|i forgot about the ego shards halving on a new season\n|\n|t:|1697655601\n|switch|p1a: Glastrier|Glastrier, tera:Ground|94\/100 brn\n|move|p2a: Gastrodon|Muddy Water|p1b: Nova|[spread] p1b\n|-miss|p2a: Gastrodon|p1a: Glastrier\n|-damage|p1b: Nova|44\/100\n|move|p1b: Nova|Hyper Voice|p2b: Milotic|[spread] p2a,p2b\n|-damage|p2a: Gastrodon|38\/100\n|-damage|p2b: Milotic|62\/100\n|move|p2b: Milotic|Hypnosis|p1b: Nova\n|-status|p1b: Nova|slp|[from] move: Hypnosis\n|\n|-heal|p2a: Gastrodon|44\/100|[from] item: Leftovers\n|-heal|p2b: Milotic|69\/100|[from] item: Leftovers\n|-damage|p1a: Glastrier|88\/100 brn|[from] brn\n|upkeep\n|turn|9\n|c| videl lol|so i have to do rr2 if i want that ardor blossom spark\n|c| videl lol|its my only way of easily getting egoshard crates rn, which is cycle 3 rose sign reward\n|\n|t:|1697655630\n|switch|p1b: Susus Amogus|Amoonguss, M|32\/100\n|move|p1a: Glastrier|Icicle Crash|p2a: Gastrodon\n|-supereffective|p2a: Gastrodon\n|-damage|p2a: Gastrodon|0 fnt\n|faint|p2a: Gastrodon\n|-ability|p1a: Glastrier|Chilling Neigh|boost\n|-boost|p1a: Glastrier|atk|1\n|move|p2b: Milotic|Coil|p2b: Milotic\n|-boost|p2b: Milotic|atk|1\n|-boost|p2b: Milotic|def|1\n|-boost|p2b: Milotic|accuracy|1\n|\n|-heal|p2b: Milotic|75\/100|[from] item: Leftovers\n|-damage|p1a: Glastrier|82\/100 brn|[from] brn\n|upkeep\n|\n|t:|1697655637\n|switch|p2a: Farigiraf|Farigiraf, M|100\/100\n|turn|10\n|\n|t:|1697655652\n|move|p2a: Farigiraf|Ally Switch|p2a: Farigiraf\n|swap|p2a: Farigiraf|1|[from] move: Ally Switch\n|move|p1b: Susus Amogus|Spore|p2b: Farigiraf\n|-status|p2b: Farigiraf|slp|[from] move: Spore\n|move|p1a: Glastrier|Stomping Tantrum|p2a: Milotic\n|-damage|p2a: Milotic|56\/100\n|move|p2a: Milotic|Scald|p1b: Susus Amogus\n|-resisted|p1b: Susus Amogus\n|-damage|p1b: Susus Amogus|23\/100\n|-status|p1b: Susus Amogus|brn\n|\n|-heal|p2a: Milotic|62\/100|[from] item: Leftovers\n|-damage|p1b: Susus Amogus|17\/100 brn|[from] brn\n|-damage|p1a: Glastrier|76\/100 brn|[from] brn\n|upkeep\n|turn|11\n|\n|t:|1697655671\n|move|p1b: Susus Amogus|Spore|p2a: Milotic\n|-status|p2a: Milotic|slp|[from] move: Spore\n|move|p1a: Glastrier|Stomping Tantrum|p2b: Farigiraf\n|-damage|p2b: Farigiraf|72\/100 slp\n|cant|p2b: Farigiraf|slp\n|cant|p2a: Milotic|slp\n|\n|-heal|p2a: Milotic|69\/100 slp|[from] item: Leftovers\n|-damage|p1b: Susus Amogus|11\/100 brn|[from] brn\n|-damage|p1a: Glastrier|69\/100 brn|[from] brn\n|-fieldend|move: Trick Room\n|upkeep\n|turn|12\n|\n|t:|1697655689\n|switch|p1b: Bayoneta|Hatterene, F|65\/100\n|cant|p2a: Milotic|slp\n|cant|p2b: Farigiraf|slp\n|move|p1a: Glastrier|Swords Dance|p1a: Glastrier\n|-boost|p1a: Glastrier|atk|2\n|\n|-heal|p2a: Milotic|75\/100 slp|[from] item: Leftovers\n|-heal|p1b: Bayoneta|71\/100|[from] item: Leftovers\n|-damage|p1a: Glastrier|63\/100 brn|[from] brn\n|upkeep\n|turn|13\n|l| videl lol\n|\n|t:|1697655704\n|cant|p2a: Milotic|slp\n|-curestatus|p2b: Farigiraf|slp|[msg]\n|move|p2b: Farigiraf|Twin Beam|p1a: Glastrier\n|-damage|p1a: Glastrier|52\/100 brn\n|-damage|p1a: Glastrier|40\/100 brn\n|-hitcount|p1a: Glastrier|2\n|move|p1a: Glastrier|Swords Dance|p1a: Glastrier\n|-boost|p1a: Glastrier|atk|2\n|move|p1b: Bayoneta|Trick Room|p1b: Bayoneta\n|-fieldstart|move: Trick Room|[of] p1b: Bayoneta\n|\n|-heal|p1b: Bayoneta|77\/100|[from] item: Leftovers\n|-heal|p2a: Milotic|81\/100 slp|[from] item: Leftovers\n|-damage|p1a: Glastrier|34\/100 brn|[from] brn\n|upkeep\n|turn|14\n|\n|t:|1697655731\n|move|p2b: Farigiraf|Ally Switch|p2b: Farigiraf\n|swap|p2b: Farigiraf|0|[from] move: Ally Switch\n|move|p1a: Glastrier|Icicle Crash|p2b: Milotic\n|-resisted|p2b: Milotic\n|-damage|p2b: Milotic|61\/100 slp\n|move|p1b: Bayoneta|Heal Pulse|p1a: Glastrier\n|-heal|p1a: Glastrier|84\/100 brn\n|-curestatus|p2b: Milotic|slp|[msg]\n|cant|p2b: Milotic|flinch\n|\n|-heal|p1b: Bayoneta|83\/100|[from] item: Leftovers\n|-heal|p2b: Milotic|67\/100|[from] item: Leftovers\n|-damage|p1a: Glastrier|77\/100 brn|[from] brn\n|upkeep\n|turn|15\n|\n|t:|1697655753\n|move|p1a: Glastrier|Icicle Crash|p2b: Milotic\n|-resisted|p2b: Milotic\n|-crit|p2b: Milotic\n|-damage|p2b: Milotic|3\/100\n|move|p1b: Bayoneta|Dazzling Gleam|p2a: Farigiraf|[spread] p2a,p2b\n|-damage|p2a: Farigiraf|44\/100\n|-damage|p2b: Milotic|0 fnt\n|faint|p2b: Milotic\n|move|p2a: Farigiraf|Twin Beam|p1a: Glastrier\n|-damage|p1a: Glastrier|66\/100 brn\n|-damage|p1a: Glastrier|55\/100 brn\n|-hitcount|p1a: Glastrier|2\n|\n|-heal|p1b: Bayoneta|89\/100|[from] item: Leftovers\n|-damage|p1a: Glastrier|49\/100 brn|[from] brn\n|upkeep\n|turn|16\n|-message|Thingsandsturf forfeited.\n|\n|win|Fourthmatch\n|raw|Fourthmatch's rating: 1460 &rarr; <strong>1474<\/strong><br \/>(+14 for winning)\n|raw|Thingsandsturf's rating: 1346 &rarr; <strong>1332<\/strong><br \/>(-14 for losing)\n|l|\u2606Thingsandsturf\n","uploadtime":1697657394,"views":15,"p1id":"fourthmatch","p2id":"thingsandsturf","formatid":"gen9doublesou","rating":1332,"private":0,"password":""}