{"id":"gen9doublesou-1982514952","p1":"MeGotNoDollar","p2":"kingkelly2277","format":"[Gen 9] Doubles OU","log":"|j|\u2606MeGotNoDollar\n|j|\u203dkingkelly2277\n|t:|1699021912\n|gametype|doubles\n|player|p1|MeGotNoDollar|n|1040\n|player|p2|kingkelly2277|1|1128\n|teamsize|p1|6\n|teamsize|p2|6\n|gen|9\n|tier|[Gen 9] Doubles OU\n|rated|\n|rule|Species Clause: Limit one of each Pok\u00e9mon\n|rule|OHKO Clause: OHKO moves are banned\n|rule|Evasion Moves Clause: Evasion moves are banned\n|rule|Gravity Sleep Clause: The combination of sleep-inducing moves with imperfect accuracy and Gravity or Gigantamax Orbeetle are banned\n|rule|Endless Battle Clause: Forcing endless battles is banned\n|rule|HP Percentage Mod: HP is shown in percentages\n|clearpoke\n|poke|p1|Snorlax, F|\n|poke|p1|Sinistcha|\n|poke|p1|Iron Hands|\n|poke|p1|Landorus-Therian, M|\n|poke|p1|Clefairy, F|\n|poke|p1|Kommo-o, F|\n|poke|p2|Snorlax, F|\n|poke|p2|Sinistcha-Masterpiece|\n|poke|p2|Clefairy, M|\n|poke|p2|Landorus-Therian, M|\n|poke|p2|Iron Hands|\n|poke|p2|Kommo-o, M|\n|teampreview\n|\n|t:|1699021934\n|start\n|switch|p1a: Kommo-o|Kommo-o, F, shiny|100\/100\n|switch|p1b: Landorus|Landorus-Therian, M, shiny|100\/100\n|switch|p2a: Iron Hands|Iron Hands|100\/100\n|switch|p2b: Snorlax|Snorlax, F|100\/100\n|-ability|p1b: Landorus|Intimidate|boost\n|-unboost|p2a: Iron Hands|atk|1\n|-unboost|p2b: Snorlax|atk|1\n|turn|1\n|\n|t:|1699021952\n|move|p2a: Iron Hands|Fake Out|p1a: Kommo-o\n|-damage|p1a: Kommo-o|92\/100\n|move|p1b: Landorus|U-turn|p2b: Snorlax\n|-damage|p2b: Snorlax|81\/100\n|\n|t:|1699021958\n|switch|p1b: Clefairy|Clefairy, F, shiny|100\/100|[from] U-turn\n|cant|p1a: Kommo-o|flinch\n|move|p2b: Snorlax|Belly Drum|p2b: Snorlax\n|-damage|p2b: Snorlax|31\/100\n|-setboost|p2b: Snorlax|atk|6|[from] move: Belly Drum\n|-enditem|p2b: Snorlax|Sitrus Berry|[eat]\n|-heal|p2b: Snorlax|56\/100|[from] item: Sitrus Berry\n|\n|upkeep\n|turn|2\n|\n|t:|1699021979\n|-end|p2a: Iron Hands|Quark Drive|[silent]\n|switch|p2a: Sinistcha|Sinistcha-Masterpiece|100\/100\n|-heal|p2b: Snorlax|81\/100|[from] ability: Hospitality|[of] p2a: Sinistcha\n|move|p1b: Clefairy|Follow Me|p1b: Clefairy\n|-singleturn|p1b: Clefairy|move: Follow Me\n|move|p1a: Kommo-o|Clangorous Soul|p1a: Kommo-o\n|-boost|p1a: Kommo-o|atk|1\n|-boost|p1a: Kommo-o|def|1\n|-boost|p1a: Kommo-o|spa|1\n|-boost|p1a: Kommo-o|spd|1\n|-boost|p1a: Kommo-o|spe|1\n|-damage|p1a: Kommo-o|59\/100\n|-enditem|p1a: Kommo-o|Throat Spray\n|-boost|p1a: Kommo-o|spa|1|[from] item: Throat Spray\n|move|p2b: Snorlax|Facade|p1b: Clefairy\n|-damage|p1b: Clefairy|0 fnt\n|faint|p1b: Clefairy\n|\n|upkeep\n|c|\u2606MeGotNoDollar|Bruh\n|c|\u2606MeGotNoDollar|why we using the exact same team\n|\n|t:|1699022000\n|switch|p1b: Landorus|Landorus-Therian, M, shiny|100\/100\n|-ability|p1b: Landorus|Intimidate|boost\n|-unboost|p2a: Sinistcha|atk|1\n|-unboost|p2b: Snorlax|atk|1\n|turn|3\n|\n|t:|1699022016\n|move|p2b: Snorlax|Protect|p2b: Snorlax\n|-singleturn|p2b: Snorlax|Protect\n|move|p1b: Landorus|Rock Slide|p2a: Sinistcha|[spread] p2a\n|-activate|p2b: Snorlax|move: Protect\n|-damage|p2a: Sinistcha|84\/100\n|move|p1a: Kommo-o|Clanging Scales|p2a: Sinistcha|[spread] p2a\n|-activate|p2b: Snorlax|move: Protect\n|-damage|p2a: Sinistcha|8\/100\n|-unboost|p1a: Kommo-o|def|1\n|move|p2a: Sinistcha|Trick Room|p2a: Sinistcha\n|-fieldstart|move: Trick Room|[of] p2a: Sinistcha\n|\n|upkeep\n|turn|4\n|\n|t:|1699022048\n|switch|p1b: Sinistcha|Sinistcha, shiny|100\/100\n|-heal|p1a: Kommo-o|84\/100|[from] ability: Hospitality|[of] p1b: Sinistcha\n|move|p1a: Kommo-o|Protect|p1a: Kommo-o\n|-singleturn|p1a: Kommo-o|Protect\n|move|p2b: Snorlax|Facade|p1a: Kommo-o\n|-activate|p1a: Kommo-o|move: Protect\n|move|p2a: Sinistcha|Strength Sap|p1b: Sinistcha\n|-unboost|p1b: Sinistcha|atk|1\n|-heal|p2a: Sinistcha|41\/100\n|\n|upkeep\n|turn|5\n|\n|t:|1699022071\n|move|p1b: Sinistcha|Rage Powder|p1b: Sinistcha\n|-singleturn|p1b: Sinistcha|move: Rage Powder\n|move|p2b: Snorlax|Facade|p1b: Sinistcha\n|-immune|p1b: Sinistcha\n|move|p2a: Sinistcha|Strength Sap|p1a: Kommo-o\n|-unboost|p1a: Kommo-o|atk|1\n|-heal|p2a: Sinistcha|100\/100\n|move|p1a: Kommo-o|Clanging Scales|p2a: Sinistcha|[spread] p2a,p2b\n|-damage|p2a: Sinistcha|30\/100\n|-damage|p2b: Snorlax|35\/100\n|-unboost|p1a: Kommo-o|def|1\n|\n|upkeep\n|turn|6\n|\n|t:|1699022105\n|switch|p2a: Clefairy|Clefairy, M|100\/100\n|move|p1a: Kommo-o|Protect|p1a: Kommo-o\n|-singleturn|p1a: Kommo-o|Protect\n|move|p2b: Snorlax|High Horsepower|p1a: Kommo-o\n|-activate|p1a: Kommo-o|move: Protect\n|move|p1b: Sinistcha|Trick Room|p1b: Sinistcha\n|-fieldend|move: Trick Room\n|\n|upkeep\n|turn|7\n|\n|t:|1699022134\n|switch|p2a: Sinistcha|Sinistcha-Masterpiece|30\/100\n|-heal|p2b: Snorlax|60\/100|[from] ability: Hospitality|[of] p2a: Sinistcha\n|-terastallize|p1a: Kommo-o|Steel\n|move|p1b: Sinistcha|Rage Powder|p1b: Sinistcha\n|-singleturn|p1b: Sinistcha|move: Rage Powder\n|move|p1a: Kommo-o|Flash Cannon|p2a: Sinistcha\n|-damage|p2a: Sinistcha|0 fnt\n|faint|p2a: Sinistcha\n|move|p2b: Snorlax|High Horsepower|p1b: Sinistcha\n|-resisted|p1b: Sinistcha\n|-damage|p1b: Sinistcha|62\/100\n|\n|upkeep\n|\n|t:|1699022167\n|switch|p2a: Iron Hands|Iron Hands|100\/100\n|turn|8\n|\n|t:|1699022181\n|move|p1a: Kommo-o|Protect|p1a: Kommo-o\n|-singleturn|p1a: Kommo-o|Protect\n|move|p2a: Iron Hands|Fake Out|p1a: Kommo-o\n|-activate|p1a: Kommo-o|move: Protect\n|move|p1b: Sinistcha|Matcha Gotcha|p2b: Snorlax|[spread] p2a,p2b\n|-damage|p2a: Iron Hands|89\/100\n|-heal|p1b: Sinistcha|70\/100|[from] drain|[of] p2a: Iron Hands\n|-damage|p2b: Snorlax|44\/100\n|-heal|p1b: Sinistcha|81\/100|[from] drain|[of] p2b: Snorlax\n|move|p2b: Snorlax|High Horsepower|p1a: Kommo-o\n|-activate|p1a: Kommo-o|move: Protect\n|\n|upkeep\n|turn|9\n|\n|t:|1699022218\n|-end|p2a: Iron Hands|Quark Drive|[silent]\n|switch|p2a: Clefairy|Clefairy, M|100\/100\n|move|p1b: Sinistcha|Rage Powder|p1b: Sinistcha\n|-singleturn|p1b: Sinistcha|move: Rage Powder\n|move|p1a: Kommo-o|Clanging Scales|p2b: Snorlax|[spread] p2b\n|-immune|p2a: Clefairy\n|-damage|p2b: Snorlax|6\/100\n|-unboost|p1a: Kommo-o|def|1\n|move|p2b: Snorlax|High Horsepower|p1b: Sinistcha\n|-resisted|p1b: Sinistcha\n|-damage|p1b: Sinistcha|41\/100\n|\n|upkeep\n|turn|10\n|\n|t:|1699022256\n|move|p1b: Sinistcha|Rage Powder|p1b: Sinistcha\n|-singleturn|p1b: Sinistcha|move: Rage Powder\n|move|p1a: Kommo-o|Flash Cannon|p2a: Clefairy\n|-supereffective|p2a: Clefairy\n|-damage|p2a: Clefairy|0 fnt\n|faint|p2a: Clefairy\n|move|p2b: Snorlax|High Horsepower|p1b: Sinistcha\n|-resisted|p1b: Sinistcha\n|-damage|p1b: Sinistcha|0 fnt\n|faint|p1b: Sinistcha\n|\n|upkeep\n|\n|t:|1699022265\n|switch|p1b: Landorus|Landorus-Therian, M, shiny|100\/100\n|switch|p2a: Iron Hands|Iron Hands|89\/100\n|-ability|p1b: Landorus|Intimidate|boost\n|-unboost|p2a: Iron Hands|atk|1\n|-unboost|p2b: Snorlax|atk|1\n|turn|11\n|\n|t:|1699022290\n|move|p1a: Kommo-o|Protect|p1a: Kommo-o\n|-singleturn|p1a: Kommo-o|Protect\n|move|p2a: Iron Hands|Fake Out|p1a: Kommo-o\n|-activate|p1a: Kommo-o|move: Protect\n|move|p1b: Landorus|U-turn|p2b: Snorlax\n|-damage|p2b: Snorlax|0 fnt\n|faint|p2b: Snorlax\n|\n|t:|1699022301\n|switch|p1b: Iron Hands|Iron Hands, shiny|100\/100|[from] U-turn\n|\n|upkeep\n|\n|t:|1699022306\n|switch|p2b: Landorus|Landorus-Therian, M|100\/100\n|-ability|p2b: Landorus|Intimidate|boost\n|-unboost|p1a: Kommo-o|atk|1\n|-unboost|p1b: Iron Hands|atk|1\n|turn|12\n|\n|t:|1699022348\n|-end|p2a: Iron Hands|Quark Drive|[silent]\n|switch|p2a: Kommo-o|Kommo-o, M|100\/100\n|move|p1b: Iron Hands|Fake Out|p2a: Kommo-o\n|-damage|p2a: Kommo-o|90\/100\n|move|p2b: Landorus|Stomping Tantrum|p1b: Iron Hands\n|-supereffective|p1b: Iron Hands\n|-damage|p1b: Iron Hands|37\/100\n|move|p1a: Kommo-o|Clanging Scales|p2b: Landorus|[spread] p2a,p2b\n|-supereffective|p2a: Kommo-o\n|-damage|p2a: Kommo-o|0 fnt\n|-damage|p2b: Landorus|0 fnt\n|faint|p2a: Kommo-o\n|faint|p2b: Landorus\n|-unboost|p1a: Kommo-o|def|1\n|\n|upkeep\n|-message|kingkelly2277 forfeited.\n|\n|win|MeGotNoDollar\n|raw|MeGotNoDollar's rating: 1040 &rarr; <strong>1082<\/strong><br \/>(+42 for winning)\n|raw|kingkelly2277's rating: 1128 &rarr; <strong>1097<\/strong><br \/>(-31 for losing)\n|l|\u203dkingkelly2277\n","uploadtime":1699022374,"views":13,"p1id":"megotnodollar","p2id":"kingkelly2277","formatid":"gen9doublesou","rating":1082,"private":0,"password":""}