{"id":"gen9doublesou-1986575259","p1":"treystar","p2":"shinjischair","format":"[Gen 9] Doubles OU","log":"|j|\u2606treystar\n|j|\u2606shinjischair\n|t:|1699493700\n|gametype|doubles\n|player|p1|treystar|101|1197\n|player|p2|shinjischair|depotagent|1335\n|teamsize|p1|6\n|teamsize|p2|6\n|gen|9\n|tier|[Gen 9] Doubles OU\n|rated|\n|rule|Species Clause: Limit one of each Pok\u00e9mon\n|rule|OHKO Clause: OHKO moves are banned\n|rule|Evasion Moves Clause: Evasion moves are banned\n|rule|Gravity Sleep Clause: The combination of sleep-inducing moves with imperfect accuracy and Gravity or Gigantamax Orbeetle are banned\n|rule|Endless Battle Clause: Forcing endless battles is banned\n|rule|HP Percentage Mod: HP is shown in percentages\n|clearpoke\n|poke|p1|Ogerpon-Hearthflame, F|\n|poke|p1|Rillaboom, M|\n|poke|p1|Volbeat, M|\n|poke|p1|Flutter Mane|\n|poke|p1|Chien-Pao|\n|poke|p1|Arcanine-Hisui, M|\n|poke|p2|Ogerpon-Wellspring, F|\n|poke|p2|Hatterene, F|\n|poke|p2|Diancie|\n|poke|p2|Gholdengo|\n|poke|p2|Iron Hands|\n|poke|p2|Ursaluna-Bloodmoon, M|\n|teampreview\n|\n|t:|1699493725\n|start\n|switch|p1a: Volbeat|Volbeat, M|100\/100\n|switch|p1b: Rillaboom|Rillaboom, M|100\/100\n|switch|p2a: the mindbender|Diancie|100\/100\n|switch|p2b: the fanatic|Gholdengo|100\/100\n|-fieldstart|move: Grassy Terrain|[from] ability: Grassy Surge|[of] p1b: Rillaboom\n|turn|1\n|\n|t:|1699493740\n|move|p1b: Rillaboom|Fake Out|p2a: the mindbender\n|-resisted|p2a: the mindbender\n|-damage|p2a: the mindbender|96\/100\n|move|p1a: Volbeat|Tailwind|p1a: Volbeat\n|-sidestart|p1: treystar|move: Tailwind\n|move|p2b: the fanatic|Trick|p1b: Rillaboom\n|-activate|p2b: the fanatic|move: Trick|[of] p1b: Rillaboom\n|-item|p1b: Rillaboom|Choice Scarf|[from] move: Trick\n|-item|p2b: the fanatic|Assault Vest|[from] move: Trick\n|cant|p2a: the mindbender|flinch\n|\n|-heal|p2a: the mindbender|100\/100|[from] Grassy Terrain\n|upkeep\n|turn|2\n|\n|t:|1699493757\n|move|p1a: Volbeat|Taunt|p2a: the mindbender\n|-start|p2a: the mindbender|move: Taunt\n|move|p1b: Rillaboom|U-turn|p2b: the fanatic\n|-resisted|p2b: the fanatic\n|-damage|p2b: the fanatic|95\/100\n|\n|t:|1699493772\n|switch|p1b: Arcanine|Arcanine-Hisui, M|100\/100|[from] U-turn\n|-ability|p1b: Arcanine|Intimidate|boost\n|-fail|p2a: the mindbender|unboost|[from] ability: Clear Body|[of] p2a: the mindbender\n|-unboost|p2b: the fanatic|atk|1\n|move|p2b: the fanatic|Thunderbolt|p1a: Volbeat\n|-damage|p1a: Volbeat|67\/100\n|cant|p2a: the mindbender|move: Taunt|Trick Room\n|\n|-heal|p1a: Volbeat|73\/100|[from] Grassy Terrain\n|-heal|p2b: the fanatic|100\/100|[from] Grassy Terrain\n|upkeep\n|turn|3\n|l|\u2606treystar\n|player|p1|\n|inactive|Battle timer is ON: inactive players will automatically lose when time's up. (requested by shinjischair)\n|j|\u2606treystar\n|inactive|treystar reconnected and has 135 seconds left.\n|player|p1|treystar|101\n|\n|t:|1699493839\n|move|p1a: Volbeat|Thunder Wave|p2a: the mindbender\n|-status|p2a: the mindbender|par\n|move|p1b: Arcanine|Flare Blitz|p2b: the fanatic\n|-supereffective|p2b: the fanatic\n|-crit|p2b: the fanatic\n|-damage|p2b: the fanatic|0 fnt\n|faint|p2b: the fanatic\n|-damage|p1b: Arcanine|69\/100|[from] Recoil\n|move|p2a: the mindbender|Diamond Storm|p1b: Arcanine|[spread] p1a,p1b\n|-supereffective|p1a: Volbeat\n|-supereffective|p1b: Arcanine\n|-damage|p1a: Volbeat|6\/100\n|-damage|p1b: Arcanine|0 fnt\n|faint|p1b: Arcanine\n|\n|-heal|p1a: Volbeat|12\/100|[from] Grassy Terrain\n|upkeep\n|\n|t:|1699493858\n|switch|p1b: Ogerpon|Ogerpon-Hearthflame, F|100\/100\n|switch|p2b: the mad bomber|Hatterene, F|100\/100\n|-ability|p1b: Ogerpon|Mold Breaker\n|turn|4\n|\n|t:|1699493873\n|-terastallize|p1b: Ogerpon|Fire\n|detailschange|p1b: Ogerpon|Ogerpon-Hearthflame-Tera, F, tera:Fire\n|-ability|p1b: Ogerpon|Embody Aspect (Hearthflame)|boost\n|-boost|p1b: Ogerpon|atk|1\n|move|p1b: Ogerpon|Grassy Glide|p2a: the mindbender\n|-supereffective|p2a: the mindbender\n|-damage|p2a: the mindbender|17\/100 par\n|-enditem|p2a: the mindbender|Weakness Policy\n|-boost|p2a: the mindbender|atk|2|[from] item: Weakness Policy\n|-boost|p2a: the mindbender|spa|2|[from] item: Weakness Policy\n|move|p1a: Volbeat|Taunt|p2b: the mad bomber\n|-start|p2b: the mad bomber|move: Taunt\n|move|p2a: the mindbender|Diamond Storm|p1a: Volbeat|[spread] p1a,p1b\n|-supereffective|p1a: Volbeat\n|-supereffective|p1b: Ogerpon\n|-damage|p1a: Volbeat|0 fnt\n|-damage|p1b: Ogerpon|0 fnt\n|faint|p1a: Volbeat\n|faint|p1b: Ogerpon\n|cant|p2b: the mad bomber|move: Taunt|Trick Room\n|\n|-activate|p2b: the mad bomber|ability: Healer\n|-curestatus|p2a: the mindbender|par|[msg]\n|-heal|p2a: the mindbender|23\/100|[from] Grassy Terrain\n|-end|p2a: the mindbender|move: Taunt\n|-sideend|p1: treystar|move: Tailwind\n|upkeep\n|n|!shinjischair|shinjischair\n|\n|t:|1699493888\n|switch|p1b: Flutter Mane|Flutter Mane|100\/100\n|switch|p1a: Rillaboom|Rillaboom, M|100\/100\n|turn|5\n|\n|t:|1699493916\n|switch|p2b: the trickster|Ogerpon-Wellspring, F|100\/100\n|-terastallize|p2a: the mindbender|Fighting\n|move|p1a: Rillaboom|Grassy Glide|p2b: the trickster\n|-damage|p2b: the trickster|68\/100\n|move|p1b: Flutter Mane|Dazzling Gleam|p2a: the mindbender|[spread] p2a,p2b\n|-supereffective|p2a: the mindbender\n|-damage|p2a: the mindbender|0 fnt\n|-damage|p2b: the trickster|15\/100\n|faint|p2a: the mindbender\n|\n|-heal|p2b: the trickster|21\/100|[from] Grassy Terrain\n|-fieldend|move: Grassy Terrain\n|upkeep\n|inactive|shinjischair has 120 seconds left.\n|\n|t:|1699493935\n|switch|p2a: the mad bomber|Hatterene, F|100\/100\n|turn|6\n|\n|t:|1699493946\n|move|p2b: the trickster|Spiky Shield|p2b: the trickster\n|-singleturn|p2b: the trickster|move: Protect\n|move|p1b: Flutter Mane|Dazzling Gleam|p2b: the trickster|[spread] p2a\n|-activate|p2b: the trickster|move: Protect\n|-damage|p2a: the mad bomber|52\/100\n|move|p1a: Rillaboom|Grassy Glide|p2b: the trickster\n|-activate|p2b: the trickster|move: Protect\n|-damage|p1a: Rillaboom|88\/100|[from] Spiky Shield|[of] p2b: the trickster\n|move|p2a: the mad bomber|Trick Room|p2a: the mad bomber\n|-fieldstart|move: Trick Room|[of] p2a: the mad bomber\n|\n|upkeep\n|turn|7\n|inactive|shinjischair has 120 seconds left.\n|\n|t:|1699493987\n|switch|p1a: Chien-Pao|Chien-Pao|100\/100\n|-ability|p1a: Chien-Pao|Sword of Ruin\n|move|p2a: the mad bomber|Psychic|p1b: Flutter Mane\n|-damage|p1b: Flutter Mane|29\/100\n|-damage|p2a: the mad bomber|42\/100|[from] item: Life Orb\n|move|p2b: the trickster|Ivy Cudgel|p1b: Flutter Mane\n|-damage|p1b: Flutter Mane|0 fnt\n|faint|p1b: Flutter Mane\n|-end|p1b: Flutter Mane|Protosynthesis|[silent]\n|\n|upkeep\n|\n|t:|1699493989\n|switch|p1b: Rillaboom|Rillaboom, M|88\/100\n|-fieldstart|move: Grassy Terrain|[from] ability: Grassy Surge|[of] p1b: Rillaboom\n|turn|8\n|\n|t:|1699494008\n|move|p1a: Chien-Pao|Protect|p1a: Chien-Pao\n|-singleturn|p1a: Chien-Pao|Protect\n|move|p1b: Rillaboom|Grassy Glide|p2b: the trickster\n|-crit|p2b: the trickster\n|-damage|p2b: the trickster|0 fnt\n|faint|p2b: the trickster\n|move|p2a: the mad bomber|Dazzling Gleam|p1b: Rillaboom|[spread] p1b\n|-activate|p1a: Chien-Pao|move: Protect\n|-damage|p1b: Rillaboom|37\/100\n|-damage|p2a: the mad bomber|33\/100|[from] item: Life Orb\n|\n|-heal|p2a: the mad bomber|39\/100|[from] Grassy Terrain\n|-heal|p1b: Rillaboom|43\/100|[from] Grassy Terrain\n|upkeep\n|inactive|shinjischair has 120 seconds left.\n|\n|t:|1699494021\n|switch|p2b: craig|Iron Hands|100\/100\n|turn|9\n|\n|t:|1699494032\n|move|p1b: Rillaboom|Grassy Glide|p2a: the mad bomber\n|-damage|p2a: the mad bomber|0 fnt\n|faint|p2a: the mad bomber\n|move|p2b: craig|Drain Punch|p1a: Chien-Pao\n|-supereffective|p1a: Chien-Pao\n|-enditem|p1a: Chien-Pao|Focus Sash\n|-damage|p1a: Chien-Pao|1\/100\n|move|p1a: Chien-Pao|Throat Chop|p2b: craig\n|-resisted|p2b: craig\n|-damage|p2b: craig|83\/100\n|-start|p2b: craig|Throat Chop|[silent]\n|\n|-heal|p2b: craig|89\/100|[from] Grassy Terrain\n|-heal|p1b: Rillaboom|49\/100|[from] Grassy Terrain\n|-heal|p1a: Chien-Pao|7\/100|[from] Grassy Terrain\n|upkeep\n|\n|t:|1699494046\n|switch|p2a: craig 2|Ursaluna-Bloodmoon, M|100\/100\n|turn|10\n|\n|t:|1699494059\n|move|p1a: Chien-Pao|Protect|p1a: Chien-Pao\n|-singleturn|p1a: Chien-Pao|Protect\n|move|p1b: Rillaboom|Grassy Glide|p2a: craig 2\n|-supereffective|p2a: craig 2\n|-damage|p2a: craig 2|42\/100\n|move|p2b: craig|Drain Punch|p1b: Rillaboom\n|-damage|p1b: Rillaboom|12\/100\n|-heal|p2b: craig|100\/100|[from] drain|[of] p1b: Rillaboom\n|move|p2a: craig 2|Blood Moon|p1b: Rillaboom\n|-damage|p1b: Rillaboom|0 fnt\n|faint|p1b: Rillaboom\n|\n|-heal|p2a: craig 2|48\/100|[from] Grassy Terrain\n|-heal|p2a: craig 2|54\/100|[from] item: Leftovers\n|-heal|p1a: Chien-Pao|13\/100|[from] Grassy Terrain\n|-end|p2b: craig|Throat Chop|[silent]\n|-fieldend|move: Trick Room\n|upkeep\n|turn|11\n|\n|t:|1699494078\n|move|p1a: Chien-Pao|Ice Spinner|p2a: craig 2\n|-supereffective|p2a: craig 2\n|-damage|p2a: craig 2|0 fnt\n|-fieldend|move: Grassy Terrain\n|faint|p2a: craig 2\n|move|p2b: craig|Drain Punch|p1a: Chien-Pao\n|-supereffective|p1a: Chien-Pao\n|-damage|p1a: Chien-Pao|0 fnt\n|faint|p1a: Chien-Pao\n|\n|win|shinjischair\n|raw|treystar's rating: 1197 &rarr; <strong>1181<\/strong><br \/>(-16 for losing)\n|raw|shinjischair's rating: 1335 &rarr; <strong>1347<\/strong><br \/>(+12 for winning)\n","uploadtime":1699493887,"views":15,"p1id":"treystar","p2id":"shinjischair","formatid":"gen9doublesou","rating":1181,"private":0,"password":""}