{"id":"gen9doublesou-1993812044","p1":"minhbeossss","p2":"tranthaiyeah","format":"[Gen 9] Doubles OU","log":"|j|\u2606minhbeossss\n|j|\u2606tranthaiyeah\n|t:|1700360288\n|gametype|doubles\n|player|p1|minhbeossss|policeman-gen4|1357\n|player|p2|tranthaiyeah|nate|1233\n|teamsize|p1|6\n|teamsize|p2|6\n|gen|9\n|tier|[Gen 9] Doubles OU\n|rated|\n|rule|Species Clause: Limit one of each Pok\u00e9mon\n|rule|OHKO Clause: OHKO moves are banned\n|rule|Evasion Moves Clause: Evasion moves are banned\n|rule|Gravity Sleep Clause: The combination of sleep-inducing moves with imperfect accuracy and Gravity or Gigantamax Orbeetle are banned\n|rule|Endless Battle Clause: Forcing endless battles is banned\n|rule|HP Percentage Mod: HP is shown in percentages\n|clearpoke\n|poke|p1|Palafin, M|\n|poke|p1|Regieleki|\n|poke|p1|Sinistcha-Masterpiece|\n|poke|p1|Chien-Pao|\n|poke|p1|Iron Hands|\n|poke|p1|Pelipper, M|\n|poke|p2|Grimmsnarl, M|\n|poke|p2|Empoleon, M|\n|poke|p2|Hatterene, F|\n|poke|p2|Indeedee-F, F|\n|poke|p2|Kingambit, M|\n|poke|p2|Landorus-Therian, M|\n|teampreview\n|inactive|Battle timer is ON: inactive players will automatically lose when time's up. (requested by minhbeossss)\n|\n|t:|1700360309\n|start\n|switch|p1a: Regieleki|Regieleki|100\/100\n|switch|p1b: Palafin|Palafin, M|100\/100\n|switch|p2a: Hatterene|Hatterene, F, shiny|100\/100\n|switch|p2b: Indeedee|Indeedee-F, F|100\/100\n|-fieldstart|move: Psychic Terrain|[from] ability: Psychic Surge|[of] p2b: Indeedee\n|-enditem|p2b: Indeedee|Psychic Seed\n|-boost|p2b: Indeedee|spd|1|[from] item: Psychic Seed\n|turn|1\n|\n|t:|1700360320\n|move|p2b: Indeedee|Follow Me|p2b: Indeedee\n|-singleturn|p2b: Indeedee|move: Follow Me\n|move|p1a: Regieleki|Volt Switch|p2b: Indeedee\n|-damage|p2b: Indeedee|70\/100\n|\n|t:|1700360325\n|switch|p1a: Pelipper|Pelipper, M|100\/100|[from] Volt Switch\n|-weather|RainDance|[from] ability: Drizzle|[of] p1a: Pelipper\n|move|p1b: Palafin|Flip Turn|p2b: Indeedee\n|-damage|p2b: Indeedee|4\/100\n|\n|t:|1700360333\n|detailschange|p1b: Palafin|Palafin-Hero, M\n|switch|p1b: Iron Hands|Iron Hands|100\/100|[from] Flip Turn\n|move|p2a: Hatterene|Trick Room|p2a: Hatterene\n|-fieldstart|move: Trick Room|[of] p2a: Hatterene\n|\n|-weather|RainDance|[upkeep]\n|upkeep\n|turn|2\n|\n|t:|1700360352\n|switch|p2b: Grimmsnarl|Grimmsnarl, M, shiny|100\/100\n|move|p1a: Pelipper|Protect|p1a: Pelipper\n|-singleturn|p1a: Pelipper|Protect\n|move|p2a: Hatterene|Dazzling Gleam|p1a: Pelipper|[spread] p1b\n|-activate|p1a: Pelipper|move: Protect\n|-supereffective|p1b: Iron Hands\n|-damage|p1b: Iron Hands|63\/100\n|-damage|p2a: Hatterene|91\/100|[from] item: Life Orb\n|move|p1b: Iron Hands|Drain Punch|p2b: Grimmsnarl\n|-crit|p2b: Grimmsnarl\n|-damage|p2b: Grimmsnarl|21\/100\n|-heal|p1b: Iron Hands|97\/100|[from] drain|[of] p2b: Grimmsnarl\n|\n|-weather|RainDance|[upkeep]\n|upkeep\n|turn|3\n|inactive|tranthaiyeah has 120 seconds left.\n|\n|t:|1700360383\n|move|p2b: Grimmsnarl|Trick|p1a: Pelipper\n|-activate|p2b: Grimmsnarl|move: Trick|[of] p1a: Pelipper\n|-item|p1a: Pelipper|Lagging Tail|[from] move: Trick\n|-item|p2b: Grimmsnarl|Damp Rock|[from] move: Trick\n|move|p2a: Hatterene|Dazzling Gleam|p1a: Pelipper|[spread] p1a,p1b\n|-supereffective|p1b: Iron Hands\n|-damage|p1a: Pelipper|52\/100\n|-damage|p1b: Iron Hands|56\/100\n|-damage|p2a: Hatterene|81\/100|[from] item: Life Orb\n|move|p1b: Iron Hands|Drain Punch|p2b: Grimmsnarl\n|-damage|p2b: Grimmsnarl|0 fnt\n|-heal|p1b: Iron Hands|64\/100|[from] drain|[of] p2b: Grimmsnarl\n|faint|p2b: Grimmsnarl\n|move|p1a: Pelipper|Hurricane|p2a: Hatterene\n|-damage|p2a: Hatterene|53\/100\n|\n|-weather|RainDance|[upkeep]\n|upkeep\n|inactive|tranthaiyeah has 120 seconds left.\n|\n|t:|1700360398\n|switch|p2b: Empoleon|Empoleon, M, shiny|100\/100\n|turn|4\n|\n|t:|1700360410\n|switch|p1a: Sinistcha|Sinistcha-Masterpiece|100\/100\n|-heal|p1b: Iron Hands|89\/100|[from] ability: Hospitality|[of] p1a: Sinistcha\n|move|p2a: Hatterene|Dazzling Gleam|p1a: Sinistcha|[spread] p1a,p1b\n|-supereffective|p1b: Iron Hands\n|-damage|p1a: Sinistcha|58\/100\n|-damage|p1b: Iron Hands|49\/100\n|-damage|p2a: Hatterene|43\/100|[from] item: Life Orb\n|move|p1b: Iron Hands|Drain Punch|p2b: Empoleon\n|-supereffective|p2b: Empoleon\n|-damage|p2b: Empoleon|12\/100\n|-heal|p1b: Iron Hands|84\/100|[from] drain|[of] p2b: Empoleon\n|move|p2b: Empoleon|Hydro Pump|p1b: Iron Hands\n|-damage|p1b: Iron Hands|27\/100\n|-damage|p2b: Empoleon|2\/100|[from] item: Life Orb\n|\n|-weather|RainDance|[upkeep]\n|upkeep\n|turn|5\n|\n|t:|1700360435\n|switch|p2b: Landorus|Landorus-Therian, M, shiny|100\/100\n|-ability|p2b: Landorus|Intimidate|boost\n|-unboost|p1a: Sinistcha|atk|1\n|-unboost|p1b: Iron Hands|atk|1\n|-terastallize|p2a: Hatterene|Fairy\n|move|p2a: Hatterene|Dazzling Gleam|p1b: Iron Hands|[spread] p1a,p1b\n|-supereffective|p1b: Iron Hands\n|-damage|p1a: Sinistcha|0 fnt\n|-damage|p1b: Iron Hands|0 fnt\n|faint|p1a: Sinistcha\n|faint|p1b: Iron Hands\n|-end|p1b: Iron Hands|Quark Drive|[silent]\n|-damage|p2a: Hatterene|33\/100|[from] item: Life Orb\n|\n|-weather|RainDance|[upkeep]\n|-fieldend|move: Trick Room\n|-fieldend|move: Psychic Terrain\n|upkeep\n|\n|t:|1700360448\n|switch|p1a: Palafin|Palafin-Hero, M|100\/100\n|switch|p1b: Chien-Pao|Chien-Pao|100\/100\n|-ability|p1b: Chien-Pao|Sword of Ruin\n|-activate|p1a: Palafin|ability: Zero to Hero\n|turn|6\n|\n|t:|1700360469\n|switch|p2b: Indeedee|Indeedee-F, F|4\/100\n|-fieldstart|move: Psychic Terrain|[from] ability: Psychic Surge|[of] p2b: Indeedee\n|move|p1b: Chien-Pao|Ice Spinner|p2b: Indeedee\n|-damage|p2b: Indeedee|0 fnt\n|-fieldend|move: Psychic Terrain\n|faint|p2b: Indeedee\n|move|p1a: Palafin|Flip Turn|p2a: Hatterene\n|-damage|p2a: Hatterene|0 fnt\n|faint|p2a: Hatterene\n|\n|t:|1700360481\n|switch|p1a: Regieleki|Regieleki|100\/100|[from] Flip Turn\n|\n|-weather|RainDance|[upkeep]\n|upkeep\n|\n|t:|1700360487\n|switch|p2b: Kingambit|Kingambit, M|100\/100\n|switch|p2a: Landorus|Landorus-Therian, M, shiny|100\/100\n|-ability|p2a: Landorus|Intimidate|boost\n|-unboost|p1a: Regieleki|atk|1\n|-unboost|p1b: Chien-Pao|atk|1\n|turn|7\n|\n|t:|1700360499\n|move|p1a: Regieleki|Protect|p1a: Regieleki\n|-singleturn|p1a: Regieleki|Protect\n|move|p1b: Chien-Pao|Ice Spinner|p2a: Landorus\n|-supereffective|p2a: Landorus\n|-damage|p2a: Landorus|0 fnt\n|faint|p2a: Landorus\n|move|p2b: Kingambit|Swords Dance|p2b: Kingambit\n|-boost|p2b: Kingambit|atk|2\n|\n|-weather|RainDance|[upkeep]\n|upkeep\n|\n|t:|1700360506\n|switch|p2a: Empoleon|Empoleon, M, shiny|2\/100\n|turn|8\n|\n|t:|1700360523\n|move|p2a: Empoleon|Protect|p2a: Empoleon\n|-singleturn|p2a: Empoleon|Protect\n|move|p1a: Regieleki|Volt Switch|p2a: Empoleon\n|-activate|p2a: Empoleon|move: Protect\n|move|p1b: Chien-Pao|Sacred Sword|p2b: Kingambit\n|-supereffective|p2b: Kingambit\n|-damage|p2b: Kingambit|28\/100\n|move|p2b: Kingambit|Iron Head|p1b: Chien-Pao\n|-supereffective|p1b: Chien-Pao\n|-enditem|p1b: Chien-Pao|Focus Sash\n|-damage|p1b: Chien-Pao|1\/100\n|\n|-weather|none\n|upkeep\n|turn|9\n|\n|t:|1700360539\n|move|p1b: Chien-Pao|Ice Shard|p2a: Empoleon\n|-resisted|p2a: Empoleon\n|-damage|p2a: Empoleon|0 fnt\n|faint|p2a: Empoleon\n|move|p2b: Kingambit|Sucker Punch||[still]\n|-fail|p2b: Kingambit\n|move|p1a: Regieleki|Volt Switch|p2b: Kingambit\n|-damage|p2b: Kingambit|0 fnt\n|faint|p2b: Kingambit\n|\n|win|minhbeossss\n|raw|minhbeossss's rating: 1357 &rarr; <strong>1370<\/strong><br \/>(+13 for winning)\n|raw|tranthaiyeah's rating: 1233 &rarr; <strong>1217<\/strong><br \/>(-16 for losing)\n|l|\u2606tranthaiyeah\n","uploadtime":1700360559,"views":15,"p1id":"minhbeossss","p2id":"tranthaiyeah","formatid":"gen9doublesou","rating":1217,"private":0,"password":""}