{"id":"gen9doublesou-1989041754","p1":"Janiux","p2":"pinksaltshaker","format":"[Gen 9] Doubles OU","log":"|j|\u2606Janiux\n|j|\u2606pinksaltshaker\n|t:|1699805621\n|gametype|doubles\n|player|p1|Janiux|flannery|1213\n|player|p2|pinksaltshaker|ethan|1120\n|teamsize|p1|6\n|teamsize|p2|6\n|gen|9\n|tier|[Gen 9] Doubles OU\n|rated|\n|rule|Species Clause: Limit one of each Pok\u00e9mon\n|rule|OHKO Clause: OHKO moves are banned\n|rule|Evasion Moves Clause: Evasion moves are banned\n|rule|Gravity Sleep Clause: The combination of sleep-inducing moves with imperfect accuracy and Gravity or Gigantamax Orbeetle are banned\n|rule|Endless Battle Clause: Forcing endless battles is banned\n|rule|HP Percentage Mod: HP is shown in percentages\n|clearpoke\n|poke|p1|Sableye, F|\n|poke|p1|Pelipper, F|\n|poke|p1|Toxicroak, M|\n|poke|p1|Landorus-Therian, M|\n|poke|p1|Tsareena, F|\n|poke|p1|Chien-Pao|\n|poke|p2|Ursaluna, F|\n|poke|p2|Sinistcha|\n|poke|p2|Farigiraf, F|\n|poke|p2|Ogerpon-Hearthflame, F|\n|poke|p2|Samurott-Hisui, F|\n|poke|p2|Iron Hands|\n|teampreview\n|\n|t:|1699805650\n|start\n|switch|p1a: Landorus|Landorus-Therian, M|100\/100\n|switch|p1b: Pelipper|Pelipper, F, shiny|100\/100\n|switch|p2a: Samurott|Samurott-Hisui, F|100\/100\n|switch|p2b: Iron Hands|Iron Hands|100\/100\n|-ability|p1a: Landorus|Intimidate|boost\n|-unboost|p2a: Samurott|atk|1\n|-unboost|p2b: Iron Hands|atk|1\n|-weather|RainDance|[from] ability: Drizzle|[of] p1b: Pelipper\n|turn|1\n|inactive|Battle timer is ON: inactive players will automatically lose when time's up. (requested by Janiux)\n|\n|t:|1699805669\n|move|p2b: Iron Hands|Fake Out|p1b: Pelipper\n|-damage|p1b: Pelipper|90\/100\n|move|p1a: Landorus|Earthquake|p2a: Samurott|[spread] p2a,p2b\n|-immune|p1b: Pelipper\n|-supereffective|p2b: Iron Hands\n|-damage|p2a: Samurott|43\/100\n|-damage|p2b: Iron Hands|46\/100\n|move|p2a: Samurott|Ceaseless Edge|p1a: Landorus|[miss]\n|-miss|p2a: Samurott|p1a: Landorus\n|cant|p1b: Pelipper|flinch\n|\n|-weather|RainDance|[upkeep]\n|upkeep\n|turn|2\n|\n|t:|1699805688\n|-end|p2b: Iron Hands|Quark Drive|[silent]\n|switch|p2b: Sinistcha|Sinistcha|100\/100\n|-heal|p2a: Samurott|68\/100|[from] ability: Hospitality|[of] p2b: Sinistcha\n|-terastallize|p2a: Samurott|Water\n|move|p2a: Samurott|Aqua Jet|p1a: Landorus\n|-supereffective|p1a: Landorus\n|-damage|p1a: Landorus|44\/100\n|move|p1a: Landorus|U-turn|p2a: Samurott\n|-damage|p2a: Samurott|35\/100\n|\n|t:|1699805697\n|switch|p1a: Sableye|Sableye, F, shiny|100\/100|[from] U-turn\n|move|p1b: Pelipper|Tailwind|p1b: Pelipper\n|-sidestart|p1: Janiux|move: Tailwind\n|\n|-weather|RainDance|[upkeep]\n|upkeep\n|turn|3\n|\n|t:|1699805713\n|move|p1b: Pelipper|Wide Guard|p1b: Pelipper\n|-singleturn|p1b: Pelipper|Wide Guard\n|move|p1a: Sableye|Taunt|p2b: Sinistcha\n|-start|p2b: Sinistcha|move: Taunt\n|move|p2a: Samurott|Encore|p1b: Pelipper\n|-start|p1b: Pelipper|Encore\n|move|p2b: Sinistcha|Scald|p1a: Sableye\n|-damage|p1a: Sableye|46\/100\n|\n|-weather|RainDance|[upkeep]\n|upkeep\n|turn|4\n|inactive|pinksaltshaker has 120 seconds left.\n|\n|t:|1699805746\n|switch|p1b: Tsareena|Tsareena, F, shiny|100\/100\n|switch|p2a: Iron Hands|Iron Hands|46\/100\n|move|p1a: Sableye|Rest|p1a: Sableye\n|-status|p1a: Sableye|slp|[from] move: Rest\n|-heal|p1a: Sableye|100\/100 slp|[silent]\n|-enditem|p1a: Sableye|Chesto Berry|[eat]\n|-curestatus|p1a: Sableye|slp|[msg]\n|move|p2b: Sinistcha|Scald|p1a: Sableye\n|-damage|p1a: Sableye|39\/100\n|\n|-weather|RainDance|[upkeep]\n|upkeep\n|turn|5\n|inactive|pinksaltshaker has 120 seconds left.\n|\n|t:|1699805778\n|switch|p1a: Toxicroak|Toxicroak, M|100\/100\n|switch|p2b: Ogerpon|Ogerpon-Hearthflame, F|100\/100\n|-ability|p2b: Ogerpon|Mold Breaker\n|move|p1b: Tsareena|U-turn|p2b: Ogerpon\n|-damage|p2b: Ogerpon|66\/100\n|\n|t:|1699805787\n|switch|p1b: Landorus|Landorus-Therian, M|44\/100|[from] U-turn\n|-ability|p1b: Landorus|Intimidate|boost\n|-unboost|p2a: Iron Hands|atk|1\n|-unboost|p2b: Ogerpon|atk|1\n|move|p2a: Iron Hands|Drain Punch|p1b: Landorus\n|-resisted|p1b: Landorus\n|-damage|p1b: Landorus|27\/100\n|-heal|p2a: Iron Hands|51\/100|[from] drain|[of] p1b: Landorus\n|\n|-weather|RainDance|[upkeep]\n|-sideend|p1: Janiux|move: Tailwind\n|upkeep\n|turn|6\n|\n|t:|1699805801\n|switch|p2b: Sinistcha|Sinistcha|100\/100\n|-heal|p2a: Iron Hands|76\/100|[from] ability: Hospitality|[of] p2b: Sinistcha\n|switch|p1a: Pelipper|Pelipper, F, shiny|90\/100\n|move|p1b: Landorus|Earthquake|p2b: Sinistcha|[spread] p2a,p2b\n|-immune|p1a: Pelipper\n|-supereffective|p2a: Iron Hands\n|-resisted|p2b: Sinistcha\n|-damage|p2a: Iron Hands|20\/100\n|-damage|p2b: Sinistcha|81\/100\n|move|p2a: Iron Hands|Ice Punch|p1b: Landorus\n|-supereffective|p1b: Landorus\n|-damage|p1b: Landorus|0 fnt\n|faint|p1b: Landorus\n|\n|-weather|RainDance|[upkeep]\n|-heal|p2b: Sinistcha|87\/100|[from] item: Leftovers\n|upkeep\n|\n|t:|1699805812\n|switch|p1b: Chien-Pao|Chien-Pao|100\/100\n|-ability|p1b: Chien-Pao|Sword of Ruin\n|turn|7\n|\n|t:|1699805831\n|switch|p2b: Farigiraf|Farigiraf, F|100\/100\n|-end|p2a: Iron Hands|Quark Drive|[silent]\n|switch|p2a: Samurott|Samurott-Hisui, F, tera:Water|35\/100\n|-terastallize|p1a: Pelipper|Ground\n|move|p1b: Chien-Pao|Ice Spinner|p2b: Farigiraf\n|-damage|p2b: Farigiraf|56\/100\n|move|p1a: Pelipper|Hurricane|p2a: Samurott\n|-damage|p2a: Samurott|0 fnt\n|faint|p2a: Samurott\n|\n|-weather|RainDance|[upkeep]\n|upkeep\n|\n|t:|1699805842\n|switch|p2a: Iron Hands|Iron Hands|20\/100\n|turn|8\n|\n|t:|1699805853\n|switch|p1a: Tsareena|Tsareena, F, shiny|100\/100\n|move|p2a: Iron Hands|Fake Out||[still]\n|cant|p1a: Tsareena|ability: Queenly Majesty|Fake Out|[of] p2a: Iron Hands\n|move|p1b: Chien-Pao|Ice Spinner|p2b: Farigiraf\n|-crit|p2b: Farigiraf\n|-damage|p2b: Farigiraf|0 fnt\n|faint|p2b: Farigiraf\n|\n|-weather|none\n|upkeep\n|\n|t:|1699805867\n|switch|p2b: Sinistcha|Sinistcha|87\/100\n|-heal|p2a: Iron Hands|45\/100|[from] ability: Hospitality|[of] p2b: Sinistcha\n|turn|9\n|\n|t:|1699805885\n|switch|p1b: Sableye|Sableye, F, shiny|39\/100\n|switch|p2b: Ogerpon|Ogerpon-Hearthflame, F|66\/100\n|-ability|p2b: Ogerpon|Mold Breaker\n|move|p1a: Tsareena|Taunt|p2b: Ogerpon\n|-start|p2b: Ogerpon|move: Taunt\n|move|p2a: Iron Hands|Drain Punch|p1b: Sableye\n|-immune|p1b: Sableye\n|\n|upkeep\n|turn|10\n|\n|t:|1699805910\n|move|p1b: Sableye|Fake Out|p2b: Ogerpon\n|-damage|p2b: Ogerpon|52\/100\n|cant|p2b: Ogerpon|flinch\n|move|p1a: Tsareena|U-turn|p2b: Ogerpon\n|-damage|p2b: Ogerpon|17\/100\n|\n|t:|1699805916\n|switch|p1a: Chien-Pao|Chien-Pao|100\/100|[from] U-turn\n|-ability|p1a: Chien-Pao|Sword of Ruin\n|move|p2a: Iron Hands|Wild Charge|p1b: Sableye\n|-damage|p1b: Sableye|0 fnt\n|faint|p1b: Sableye\n|-damage|p2a: Iron Hands|39\/100|[from] Recoil\n|\n|upkeep\n|\n|t:|1699805923\n|switch|p1b: Pelipper|Pelipper, F, shiny, tera:Ground|90\/100\n|-weather|RainDance|[from] ability: Drizzle|[of] p1b: Pelipper\n|turn|11\n|\n|t:|1699805946\n|switch|p2b: Sinistcha|Sinistcha|87\/100\n|-heal|p2a: Iron Hands|64\/100|[from] ability: Hospitality|[of] p2b: Sinistcha\n|move|p1a: Chien-Pao|Ice Spinner|p2b: Sinistcha\n|-supereffective|p2b: Sinistcha\n|-damage|p2b: Sinistcha|0 fnt\n|faint|p2b: Sinistcha\n|move|p1b: Pelipper|Hurricane|p2a: Iron Hands\n|-damage|p2a: Iron Hands|43\/100\n|-start|p2a: Iron Hands|confusion\n|-activate|p2a: Iron Hands|confusion\n|move|p2a: Iron Hands|Wild Charge|p1a: Chien-Pao\n|-damage|p1a: Chien-Pao|26\/100\n|-damage|p2a: Iron Hands|32\/100|[from] Recoil\n|\n|-weather|RainDance|[upkeep]\n|upkeep\n|\n|t:|1699805961\n|switch|p2b: Ogerpon|Ogerpon-Hearthflame, F|17\/100\n|-ability|p2b: Ogerpon|Mold Breaker\n|turn|12\n|\n|t:|1699805967\n|-end|p2a: Iron Hands|Quark Drive|[silent]\n|switch|p2a: Ursaluna|Ursaluna, F|100\/100\n|move|p2b: Ogerpon|Spiky Shield|p2b: Ogerpon\n|-singleturn|p2b: Ogerpon|move: Protect\n|move|p1a: Chien-Pao|Ice Shard|p2b: Ogerpon\n|-activate|p2b: Ogerpon|move: Protect\n|move|p1b: Pelipper|Tailwind|p1b: Pelipper\n|-sidestart|p1: Janiux|move: Tailwind\n|\n|-weather|RainDance|[upkeep]\n|-status|p2a: Ursaluna|brn|[from] item: Flame Orb\n|upkeep\n|turn|13\n|\n|t:|1699805985\n|move|p1a: Chien-Pao|Ice Spinner|p2a: Ursaluna\n|-supereffective|p2a: Ursaluna\n|-damage|p2a: Ursaluna|31\/100 brn\n|move|p1b: Pelipper|Hydro Pump|p2b: Ogerpon|[miss]\n|-miss|p1b: Pelipper|p2b: Ogerpon\n|move|p2b: Ogerpon|Horn Leech|p1b: Pelipper\n|-supereffective|p1b: Pelipper\n|-crit|p1b: Pelipper\n|-damage|p1b: Pelipper|0 fnt\n|-heal|p2b: Ogerpon|65\/100|[from] drain|[of] p1b: Pelipper\n|faint|p1b: Pelipper\n|move|p2a: Ursaluna|Facade|p1a: Chien-Pao\n|-damage|p1a: Chien-Pao|0 fnt\n|faint|p1a: Chien-Pao\n|\n|-weather|RainDance|[upkeep]\n|-damage|p2a: Ursaluna|25\/100 brn|[from] brn\n|upkeep\n|\n|t:|1699805993\n|switch|p1a: Tsareena|Tsareena, F, shiny|100\/100\n|switch|p1b: Toxicroak|Toxicroak, M|100\/100\n|turn|14\n|\n|t:|1699806023\n|move|p2a: Ursaluna|Protect|p2a: Ursaluna\n|-singleturn|p2a: Ursaluna|Protect\n|move|p1b: Toxicroak|Sucker Punch||[still]\n|-fail|p1b: Toxicroak\n|move|p1a: Tsareena|Acrobatics|p2b: Ogerpon\n|-supereffective|p2b: Ogerpon\n|-crit|p2b: Ogerpon\n|-damage|p2b: Ogerpon|0 fnt\n|faint|p2b: Ogerpon\n|\n|-weather|RainDance|[upkeep]\n|-damage|p2a: Ursaluna|19\/100 brn|[from] brn\n|upkeep\n|inactive|pinksaltshaker has 120 seconds left.\n|\n|t:|1699806033\n|switch|p2b: Iron Hands|Iron Hands|32\/100\n|turn|15\n|\n|t:|1699806042\n|move|p2a: Ursaluna|Protect|p2a: Ursaluna\n|-singleturn|p2a: Ursaluna|Protect\n|move|p1b: Toxicroak|Drain Punch|p2a: Ursaluna\n|-activate|p2a: Ursaluna|move: Protect\n|move|p1a: Tsareena|Acrobatics|p2b: Iron Hands\n|-damage|p2b: Iron Hands|20\/100\n|move|p2b: Iron Hands|Drain Punch|p1a: Tsareena\n|-damage|p1a: Tsareena|54\/100\n|-heal|p2b: Iron Hands|36\/100|[from] drain|[of] p1a: Tsareena\n|\n|-weather|RainDance|[upkeep]\n|-damage|p2a: Ursaluna|12\/100 brn|[from] brn\n|-sideend|p1: Janiux|move: Tailwind\n|upkeep\n|turn|16\n|\n|t:|1699806058\n|move|p2a: Ursaluna|Protect||[still]\n|-fail|p2a: Ursaluna\n|move|p1b: Toxicroak|Drain Punch|p2a: Ursaluna\n|-supereffective|p2a: Ursaluna\n|-damage|p2a: Ursaluna|0 fnt\n|faint|p2a: Ursaluna\n|move|p1a: Tsareena|Seed Bomb|p2b: Iron Hands\n|-damage|p2b: Iron Hands|8\/100\n|move|p2b: Iron Hands|Drain Punch|p1a: Tsareena\n|-damage|p1a: Tsareena|11\/100\n|-heal|p2b: Iron Hands|23\/100|[from] drain|[of] p1a: Tsareena\n|\n|-weather|RainDance|[upkeep]\n|upkeep\n|turn|17\n|\n|t:|1699806074\n|move|p2b: Iron Hands|Fake Out||[still]\n|cant|p1a: Tsareena|ability: Queenly Majesty|Fake Out|[of] p2b: Iron Hands\n|move|p1b: Toxicroak|Drain Punch|p2b: Iron Hands\n|-damage|p2b: Iron Hands|0 fnt\n|faint|p2b: Iron Hands\n|-end|p2b: Iron Hands|Quark Drive|[silent]\n|\n|win|Janiux\n|raw|Janiux's rating: 1213 &rarr; <strong>1231<\/strong><br \/>(+18 for winning)\n|raw|pinksaltshaker's rating: 1120 &rarr; <strong>1102<\/strong><br \/>(-18 for losing)\n|c|\u2606Janiux|fg\n|l|\u2606pinksaltshaker\n|c|\u2606Janiux|gg\n","uploadtime":1699806085,"views":10,"p1id":"janiux","p2id":"pinksaltshaker","formatid":"gen9doublesou","rating":1102,"private":0,"password":""}