{"id":"gen9doublesou-1969023933","p1":"Lenoxum","p2":"carlolucarelli","format":"[Gen 9] Doubles OU","log":"|j|\u2606Lenoxum\n|j|\u2606carlolucarelli\n|inactive|Battle timer is ON: inactive players will automatically lose when time's up.\n|t:|1697483644\n|gametype|doubles\n|player|p1|Lenoxum|turo-ai|\n|player|p2|carlolucarelli|steven|\n|teamsize|p1|6\n|teamsize|p2|6\n|gen|9\n|tier|[Gen 9] Doubles OU\n|rated|Tournament battle\n|rule|Species Clause: Limit one of each Pok\u00e9mon\n|rule|OHKO Clause: OHKO moves are banned\n|rule|Evasion Moves Clause: Evasion moves are banned\n|rule|Gravity Sleep Clause: The combination of sleep-inducing moves with imperfect accuracy and Gravity or Gigantamax Orbeetle are banned\n|rule|Endless Battle Clause: Forcing endless battles is banned\n|rule|HP Percentage Mod: HP is shown in percentages\n|clearpoke\n|poke|p1|Dragonair, M|\n|poke|p1|Cufant, F|\n|poke|p1|Drakloak, F|\n|poke|p1|Flabe\u0301be\u0301, F|\n|poke|p1|Fuecoco, M|\n|poke|p1|Gimmighoul|\n|poke|p2|Diglett-Alola, M|\n|poke|p2|Qwilfish-Hisui, M|\n|poke|p2|Meowth-Galar, F|\n|poke|p2|Rookidee, F|\n|poke|p2|Sobble, M|\n|poke|p2|Misdreavus, F|\n|teampreview\n|j|*Lady Monita \u263d\n|j| Yeet259\n|c|\u2606Lenoxum|glhf\n|inactive|Lenoxum has 120 seconds left.\n|\n|t:|1697483678\n|start\n|switch|p1a: Demon Fangs 2|Gimmighoul, shiny|100\/100\n|switch|p1b: sqqueaks 1|Drakloak, F, shiny|100\/100\n|switch|p2a: Diglett|Diglett-Alola, M|100\/100\n|switch|p2b: Rookidee|Rookidee, F|100\/100\n|turn|1\n|c|\u2606Lenoxum|named my mons after the guys i caught them from btw\n|j| DumDieCutie\n|\n|t:|1697483699\n|move|p1b: sqqueaks 1|Phantom Force||[still]\n|-prepare|p1b: sqqueaks 1|Phantom Force\n|move|p2a: Diglett|Earthquake|p1b: sqqueaks 1|[spread] p1a\n|-miss|p2a: Diglett|p1b: sqqueaks 1\n|-immune|p2b: Rookidee\n|-damage|p1a: Demon Fangs 2|56\/100\n|move|p2b: Rookidee|Dual Wingbeat|p1a: Demon Fangs 2\n|-damage|p1a: Demon Fangs 2|34\/100\n|-damage|p1a: Demon Fangs 2|12\/100\n|-hitcount|p1a: Demon Fangs 2|2\n|move|p1a: Demon Fangs 2|Reflect|p1a: Demon Fangs 2\n|-sidestart|p1: Lenoxum|Reflect\n|\n|upkeep\n|turn|2\n|\n|t:|1697483713\n|move|p1b: sqqueaks 1|Phantom Force|p2a: Diglett|[from]lockedmove\n|-enditem|p2a: Diglett|Focus Sash\n|-damage|p2a: Diglett|1\/100\n|-ability|p2a: Diglett|Tangling Hair\n|-unboost|p1b: sqqueaks 1|spe|1\n|move|p2a: Diglett|Earthquake|p1b: sqqueaks 1|[spread] p1a,p1b\n|-immune|p2b: Rookidee\n|-damage|p1a: Demon Fangs 2|0 fnt\n|-damage|p1b: sqqueaks 1|75\/100\n|faint|p1a: Demon Fangs 2\n|move|p2b: Rookidee|Thief|p1b: sqqueaks 1\n|-supereffective|p1b: sqqueaks 1\n|-damage|p1b: sqqueaks 1|50\/100\n|\n|upkeep\n|\n|t:|1697483732\n|switch|p1a: Lenoxum 1|Dragonair, M, shiny|100\/100\n|turn|3\n|l| DumDieCutie\n|\n|t:|1697483756\n|move|p1a: Lenoxum 1|Extreme Speed|p2a: Diglett\n|-resisted|p2a: Diglett\n|-damage|p2a: Diglett|0 fnt\n|-ability|p2a: Diglett|Tangling Hair\n|-unboost|p1a: Lenoxum 1|spe|1\n|faint|p2a: Diglett\n|move|p1b: sqqueaks 1|Phantom Force||[still]\n|-prepare|p1b: sqqueaks 1|Phantom Force\n|move|p2b: Rookidee|Dual Wingbeat|p1a: Lenoxum 1\n|-damage|p1a: Lenoxum 1|91\/100\n|-damage|p1a: Lenoxum 1|80\/100\n|-hitcount|p1a: Lenoxum 1|2\n|\n|upkeep\n|\n|t:|1697483766\n|switch|p2a: Meowth|Meowth-Galar, F|100\/100\n|turn|4\n|\n|t:|1697483782\n|switch|p1a: Demon Fangs 1|Fuecoco, M, shiny|100\/100\n|move|p1b: sqqueaks 1|Phantom Force|p2b: Rookidee|[from]lockedmove\n|-damage|p2b: Rookidee|33\/100\n|move|p2b: Rookidee|Dual Wingbeat|p1b: sqqueaks 1|[miss]\n|-miss|p2b: Rookidee|p1b: sqqueaks 1\n|move|p2a: Meowth|Crunch|p1b: sqqueaks 1\n|-supereffective|p1b: sqqueaks 1\n|-damage|p1b: sqqueaks 1|2\/100\n|-start|p2a: Meowth|Disable|Crunch|[from] ability: Cursed Body|[of] p1b: sqqueaks 1\n|\n|upkeep\n|turn|5\n|inactive|Lenoxum has 120 seconds left.\n|\n|t:|1697483815\n|switch|p1b: Lenoxum 2|Cufant, F, shiny|100\/100\n|switch|p2a: Sobble|Sobble, M|100\/100\n|move|p1a: Demon Fangs 1|Flamethrower|p2a: Sobble\n|-resisted|p2a: Sobble\n|-damage|p2a: Sobble|78\/100\n|move|p2b: Rookidee|Dual Wingbeat|p1a: Demon Fangs 1\n|-damage|p1a: Demon Fangs 1|89\/100\n|-damage|p1a: Demon Fangs 1|78\/100\n|-hitcount|p1a: Demon Fangs 1|2\n|\n|upkeep\n|turn|6\n|\n|t:|1697483836\n|switch|p1a: sqqueaks 2|Flabe\u0301be\u0301, F, shiny|100\/100\n|move|p2a: Sobble|Hydro Pump|p1a: sqqueaks 2\n|-damage|p1a: sqqueaks 2|50\/100\n|move|p2b: Rookidee|Dual Wingbeat|p1a: sqqueaks 2\n|-damage|p1a: sqqueaks 2|33\/100\n|-damage|p1a: sqqueaks 2|16\/100\n|-hitcount|p1a: sqqueaks 2|2\n|move|p1b: Lenoxum 2|Iron Head|p2b: Rookidee\n|-damage|p2b: Rookidee|0 fnt\n|faint|p2b: Rookidee\n|\n|upkeep\n|inactive|carlolucarelli has 120 seconds left.\n|\n|t:|1697483858\n|switch|p2b: Meowth|Meowth-Galar, F|100\/100\n|turn|7\n|\n|t:|1697483880\n|move|p1a: sqqueaks 2|Energy Ball|p2a: Sobble\n|-supereffective|p2a: Sobble\n|-damage|p2a: Sobble|21\/100\n|-unboost|p2a: Sobble|spd|1\n|move|p2a: Sobble|Hydro Pump|p1a: sqqueaks 2\n|-damage|p1a: sqqueaks 2|0 fnt\n|faint|p1a: sqqueaks 2\n|move|p2b: Meowth|Iron Head|p1b: Lenoxum 2\n|-resisted|p1b: Lenoxum 2\n|-damage|p1b: Lenoxum 2|85\/100\n|move|p1b: Lenoxum 2|Earthquake|p2b: Meowth|[spread] p2a,p2b\n|-supereffective|p2b: Meowth\n|-damage|p2a: Sobble|0 fnt\n|-damage|p2b: Meowth|47\/100\n|faint|p2a: Sobble\n|\n|upkeep\n|\n|t:|1697483903\n|switch|p1a: sqqueaks 1|Drakloak, F, shiny|2\/100\n|switch|p2a: Misdreavus|Misdreavus, F|100\/100\n|turn|8\n|\n|t:|1697483912\n|move|p2b: Meowth|Protect|p2b: Meowth\n|-singleturn|p2b: Meowth|Protect\n|move|p1a: sqqueaks 1|Phantom Force||[still]\n|-prepare|p1a: sqqueaks 1|Phantom Force\n|move|p2a: Misdreavus|Thunderbolt|p1b: Lenoxum 2\n|-damage|p1b: Lenoxum 2|56\/100\n|move|p1b: Lenoxum 2|Earthquake|p2b: Meowth|[spread] \n|-miss|p1b: Lenoxum 2|p1a: sqqueaks 1\n|-activate|p2b: Meowth|move: Protect\n|-immune|p2a: Misdreavus|[from] ability: Levitate\n|\n|-sideend|p1: Lenoxum|Reflect\n|upkeep\n|turn|9\n|j| lobatos\n|\n|t:|1697483929\n|switch|p2a: Qwilfish|Qwilfish-Hisui, M|100\/100\n|-ability|p2a: Qwilfish|Intimidate|boost\n|-unboost|p1a: sqqueaks 1|atk|1\n|-unboost|p1b: Lenoxum 2|atk|1\n|move|p1a: sqqueaks 1|Phantom Force|p2a: Qwilfish|[from]lockedmove\n|-resisted|p2a: Qwilfish\n|-damage|p2a: Qwilfish|92\/100\n|move|p1b: Lenoxum 2|Earthquake|p2a: Qwilfish|[spread] p1a,p2a,p2b\n|-supereffective|p2a: Qwilfish\n|-supereffective|p2b: Meowth\n|-damage|p1a: sqqueaks 1|0 fnt\n|-damage|p2a: Qwilfish|68\/100\n|-damage|p2b: Meowth|17\/100\n|-start|p1b: Lenoxum 2|Disable|Earthquake|[from] ability: Cursed Body|[of] p1a: sqqueaks 1\n|faint|p1a: sqqueaks 1\n|move|p2b: Meowth|Crunch|p1b: Lenoxum 2\n|-crit|p1b: Lenoxum 2\n|-damage|p1b: Lenoxum 2|15\/100\n|\n|upkeep\n|\n|t:|1697483947\n|switch|p1a: Demon Fangs 1|Fuecoco, M, shiny|78\/100\n|turn|10\n|l| lobatos\n|\n|t:|1697483966\n|move|p2b: Meowth|Protect|p2b: Meowth\n|-singleturn|p2b: Meowth|Protect\n|move|p2a: Qwilfish|Crunch|p1b: Lenoxum 2\n|-damage|p1b: Lenoxum 2|0 fnt\n|faint|p1b: Lenoxum 2\n|move|p1a: Demon Fangs 1|Flamethrower|p2b: Meowth\n|-activate|p2b: Meowth|move: Protect\n|\n|upkeep\n|\n|t:|1697483970\n|switch|p1b: Lenoxum 1|Dragonair, M, shiny|80\/100\n|turn|11\n|j| ossaketip\n|j| DumDieCutie\n|l| DumDieCutie\n|\n|t:|1697483989\n|switch|p2a: Misdreavus|Misdreavus, F|100\/100\n|-terastallize|p1b: Lenoxum 1|Normal\n|move|p1b: Lenoxum 1|Extreme Speed|p2a: Misdreavus\n|-immune|p2a: Misdreavus\n|move|p1a: Demon Fangs 1|Flamethrower|p2b: Meowth\n|-supereffective|p2b: Meowth\n|-damage|p2b: Meowth|0 fnt\n|faint|p2b: Meowth\n|\n|upkeep\n|\n|t:|1697483995\n|switch|p2b: Qwilfish|Qwilfish-Hisui, M|68\/100\n|-ability|p2b: Qwilfish|Intimidate|boost\n|-unboost|p1a: Demon Fangs 1|atk|1\n|-unboost|p1b: Lenoxum 1|atk|1\n|turn|12\n|\n|t:|1697484019\n|-terastallize|p2b: Qwilfish|Water\n|move|p1b: Lenoxum 1|Extreme Speed|p2b: Qwilfish\n|-damage|p2b: Qwilfish|50\/100\n|move|p2a: Misdreavus|Dazzling Gleam|p1a: Demon Fangs 1|[spread] p1a,p1b\n|-resisted|p1a: Demon Fangs 1\n|-damage|p1a: Demon Fangs 1|65\/100\n|-damage|p1b: Lenoxum 1|59\/100\n|move|p2b: Qwilfish|Liquidation|p1a: Demon Fangs 1\n|-supereffective|p1a: Demon Fangs 1\n|-damage|p1a: Demon Fangs 1|0 fnt\n|faint|p1a: Demon Fangs 1\n|\n|upkeep\n|turn|13\n|c|\u2606Lenoxum|gg\n|inactive|Lenoxum has 120 seconds left.\n|inactive|carlolucarelli has 120 seconds left.\n|\n|t:|1697484059\n|move|p1b: Lenoxum 1|Iron Head|p2a: Misdreavus\n|-damage|p2a: Misdreavus|84\/100\n|move|p2b: Qwilfish|Liquidation|p1b: Lenoxum 1\n|-crit|p1b: Lenoxum 1\n|-damage|p1b: Lenoxum 1|0 fnt\n|faint|p1b: Lenoxum 1\n|\n|win|carlolucarelli\n|n|\u2606Lenoxum|lenoxum\n|n|\u2606carlolucarelli|carlolucarelli\n|n|*Lady Monita \u263d|ladymonita\n|n| Yeet259|yeet259\n|n| ossaketip|ossaketip\n","uploadtime":1697484061,"views":11,"p1id":"lenoxum","p2id":"carlolucarelli","formatid":"gen9doublesou","rating":0,"private":0,"password":""}