{"id":"gen9doublesou-1968301527","p1":"Streetside","p2":"dxghmjkgxhk","format":"[Gen 9] Doubles OU","log":"|html|<div class=\"broadcast-blue\"><strong>[Gen 9] Doubles OU is currently suspecting Basculegion & Flutter Mane! For information on how to participate check out the <a href=\"https:\/\/www.smogon.com\/forums\/threads\/np-sv-dou-stage-8-double-trouble.3729153\/\">suspect thread<\/a>.<\/strong><\/div>\n|j|\u2606Streetside\n|j|\u2606dxghmjkgxhk\n|t:|1697403940\n|gametype|doubles\n|player|p1|Streetside|ghetsis|1100\n|player|p2|dxghmjkgxhk|169|1000\n|teamsize|p1|6\n|teamsize|p2|6\n|gen|9\n|tier|[Gen 9] Doubles OU\n|rated|\n|rule|Species Clause: Limit one of each Pok\u00e9mon\n|rule|OHKO Clause: OHKO moves are banned\n|rule|Evasion Moves Clause: Evasion moves are banned\n|rule|Gravity Sleep Clause: The combination of sleep-inducing moves with imperfect accuracy and Gravity or Gigantamax Orbeetle are banned\n|rule|Endless Battle Clause: Forcing endless battles is banned\n|rule|HP Percentage Mod: HP is shown in percentages\n|clearpoke\n|poke|p1|Ogerpon-Wellspring, F|\n|poke|p1|Iron Hands|\n|poke|p1|Amoonguss, F|\n|poke|p1|Munkidori, M|\n|poke|p1|Sinistcha|\n|poke|p1|Chi-Yu|\n|poke|p2|Muk-Alola, M|\n|poke|p2|Oricorio, F|\n|poke|p2|Dragonite, F|\n|poke|p2|Volcarona, F|\n|poke|p2|Quaquaval, M|\n|poke|p2|Lilligant-Hisui, F|\n|teampreview\n|inactive|Battle timer is ON: inactive players will automatically lose when time's up. (requested by dxghmjkgxhk)\n|\n|t:|1697403969\n|start\n|switch|p1a: The Chariot|Iron Hands|100\/100\n|switch|p1b: The Heirophant|Munkidori, M|100\/100\n|switch|p2a: Immortal|Oricorio, F|100\/100\n|switch|p2b: spelt backwards|Muk-Alola, M|100\/100\n|turn|1\n|\n|t:|1697403990\n|move|p1a: The Chariot|Fake Out|p2b: spelt backwards\n|-damage|p2b: spelt backwards|81\/100\n|move|p1b: The Heirophant|Psychic|p2b: spelt backwards\n|-immune|p2b: spelt backwards\n|move|p2a: Immortal|Tailwind|p2a: Immortal\n|-sidestart|p2: dxghmjkgxhk|move: Tailwind\n|cant|p2b: spelt backwards|flinch\n|\n|-heal|p2b: spelt backwards|87\/100|[from] item: Black Sludge\n|upkeep\n|turn|2\n|\n|t:|1697404012\n|switch|p1b: The Fool|Ogerpon-Wellspring, F|100\/100\n|move|p2a: Immortal|Icy Wind|p1b: The Fool|[spread] p1a,p1b\n|-damage|p1a: The Chariot|93\/100\n|-damage|p1b: The Fool|91\/100\n|-unboost|p1a: The Chariot|spe|1\n|-unboost|p1b: The Fool|spe|1\n|move|p2b: spelt backwards|Substitute|p2b: spelt backwards\n|-start|p2b: spelt backwards|Substitute\n|-damage|p2b: spelt backwards|62\/100\n|move|p1a: The Chariot|Rock Slide|p2b: spelt backwards|[spread] p2a,p2b\n|-end|p2b: spelt backwards|Substitute\n|-supereffective|p2a: Immortal\n|-enditem|p2a: Immortal|Focus Sash\n|-damage|p2a: Immortal|1\/100\n|\n|-heal|p2b: spelt backwards|68\/100|[from] item: Black Sludge\n|upkeep\n|turn|3\n|inactive|Streetside has 120 seconds left.\n|\n|t:|1697404066\n|move|p2b: spelt backwards|Protect|p2b: spelt backwards\n|-singleturn|p2b: spelt backwards|Protect\n|move|p2a: Immortal|Air Cutter|p1a: The Chariot|[spread] p1a\n|-miss|p2a: Immortal|p1b: The Fool\n|-damage|p1a: The Chariot|83\/100\n|move|p1b: The Fool|Ivy Cudgel|p2b: spelt backwards\n|-activate|p2b: spelt backwards|move: Protect\n|move|p1a: The Chariot|Rock Slide|p2b: spelt backwards|[spread] p2a\n|-activate|p2b: spelt backwards|move: Protect\n|-supereffective|p2a: Immortal\n|-damage|p2a: Immortal|0 fnt\n|faint|p2a: Immortal\n|-ability|p2b: spelt backwards|Dancer|[from] ability: Power of Alchemy|[of] p2a: Immortal\n|\n|-heal|p2b: spelt backwards|74\/100|[from] item: Black Sludge\n|upkeep\n|\n|t:|1697404075\n|switch|p2a: Lilligant|Lilligant-Hisui, F|100\/100\n|turn|4\n|inactive|Streetside has 120 seconds left.\n|\n|t:|1697404089\n|-end|p1a: The Chariot|Quark Drive|[silent]\n|switch|p1a: The Hunger|Amoonguss, F, shiny|100\/100\n|move|p1b: The Fool|Spiky Shield|p1b: The Fool\n|-singleturn|p1b: The Fool|move: Protect\n|move|p2a: Lilligant|Victory Dance|p2a: Lilligant\n|-boost|p2a: Lilligant|atk|1\n|-boost|p2a: Lilligant|def|1\n|-boost|p2a: Lilligant|spe|1\n|-activate|p2b: spelt backwards|ability: Dancer\n|move|p2b: spelt backwards|Victory Dance|p2b: spelt backwards|[from]ability: Dancer\n|-boost|p2b: spelt backwards|atk|1\n|-boost|p2b: spelt backwards|def|1\n|-boost|p2b: spelt backwards|spe|1\n|move|p2b: spelt backwards|Substitute|p2b: spelt backwards\n|-start|p2b: spelt backwards|Substitute\n|-damage|p2b: spelt backwards|49\/100\n|\n|-heal|p2b: spelt backwards|56\/100|[from] item: Black Sludge\n|-sideend|p2: dxghmjkgxhk|move: Tailwind\n|upkeep\n|turn|5\n|c|\u2606Streetside|okay thats fair that was clever\n|inactive|Streetside has 120 seconds left.\n|\n|t:|1697404122\n|move|p2b: spelt backwards|Protect|p2b: spelt backwards\n|-singleturn|p2b: spelt backwards|Protect\n|move|p2a: Lilligant|Victory Dance|p2a: Lilligant\n|-boost|p2a: Lilligant|atk|1\n|-boost|p2a: Lilligant|def|1\n|-boost|p2a: Lilligant|spe|1\n|-activate|p2b: spelt backwards|ability: Dancer\n|move|p2b: spelt backwards|Victory Dance|p2b: spelt backwards|[from]ability: Dancer\n|-boost|p2b: spelt backwards|atk|1\n|-boost|p2b: spelt backwards|def|1\n|-boost|p2b: spelt backwards|spe|1\n|move|p1b: The Fool|Ivy Cudgel|p2a: Lilligant\n|-resisted|p2a: Lilligant\n|-damage|p2a: Lilligant|80\/100\n|move|p1a: The Hunger|Clear Smog|p2a: Lilligant\n|-supereffective|p2a: Lilligant\n|-damage|p2a: Lilligant|35\/100\n|-clearboost|p2a: Lilligant\n|\n|-heal|p2b: spelt backwards|62\/100|[from] item: Black Sludge\n|upkeep\n|turn|6\n|inactive|Streetside has 120 seconds left.\n|\n|t:|1697404149\n|move|p2b: spelt backwards|Knock Off|p1a: The Hunger\n|-damage|p1a: The Hunger|16\/100\n|-enditem|p1a: The Hunger|Black Sludge|[from] move: Knock Off|[of] p2b: spelt backwards\n|move|p2a: Lilligant|Poison Jab|p1a: The Hunger\n|-damage|p1a: The Hunger|0 fnt\n|faint|p1a: The Hunger\n|move|p1b: The Fool|Ivy Cudgel|p2a: Lilligant\n|-resisted|p2a: Lilligant\n|-damage|p2a: Lilligant|0 fnt\n|faint|p2a: Lilligant\n|\n|-heal|p2b: spelt backwards|68\/100|[from] item: Black Sludge\n|upkeep\n|inactive|Streetside has 120 seconds left.\n|\n|t:|1697404172\n|switch|p2a: Quaquaval|Quaquaval, M|100\/100\n|switch|p1a: The Chariot|Iron Hands|83\/100\n|turn|7\n|\n|t:|1697404186\n|move|p1a: The Chariot|Fake Out|p2a: Quaquaval\n|-damage|p2a: Quaquaval|80\/100\n|move|p2b: spelt backwards|Rock Slide|p1b: The Fool|[spread] p1a,p1b\n|-resisted|p1a: The Chariot\n|-damage|p1a: The Chariot|72\/100\n|-damage|p1b: The Fool|50\/100\n|cant|p2a: Quaquaval|flinch\n|move|p1b: The Fool|Horn Leech|p2a: Quaquaval\n|-supereffective|p2a: Quaquaval\n|-damage|p2a: Quaquaval|0 fnt\n|-heal|p1b: The Fool|91\/100|[from] drain|[of] p2a: Quaquaval\n|faint|p2a: Quaquaval\n|\n|-heal|p2b: spelt backwards|74\/100|[from] item: Black Sludge\n|upkeep\n|\n|t:|1697404201\n|switch|p2a: Porunga|Dragonite, F, shiny|100\/100\n|turn|8\n|\n|t:|1697404211\n|-terastallize|p1b: The Fool|Water\n|detailschange|p1b: The Fool|Ogerpon-Wellspring-Tera, F, tera:Water\n|-ability|p1b: The Fool|Embody Aspect (Wellspring)|boost\n|-boost|p1b: The Fool|spd|1\n|move|p2b: spelt backwards|Knock Off|p1b: The Fool\n|-damage|p1b: The Fool|13\/100\n|move|p2a: Porunga|Dragon Dance|p2a: Porunga\n|-boost|p2a: Porunga|atk|1\n|-boost|p2a: Porunga|spe|1\n|-activate|p2b: spelt backwards|ability: Dancer\n|move|p2b: spelt backwards|Dragon Dance|p2b: spelt backwards|[from]ability: Dancer\n|-boost|p2b: spelt backwards|atk|1\n|-boost|p2b: spelt backwards|spe|1\n|move|p1b: The Fool|Ivy Cudgel|p2a: Porunga\n|-resisted|p2a: Porunga\n|-damage|p2a: Porunga|82\/100\n|move|p1a: The Chariot|Wild Charge|p2a: Porunga\n|-damage|p2a: Porunga|24\/100\n|-damage|p1a: The Chariot|63\/100|[from] Recoil\n|\n|-heal|p2b: spelt backwards|81\/100|[from] item: Black Sludge\n|-heal|p2a: Porunga|30\/100|[from] item: Leftovers\n|upkeep\n|turn|9\n|\n|t:|1697404238\n|-end|p1a: The Chariot|Quark Drive|[silent]\n|switch|p1a: The Lovers|Sinistcha|100\/100\n|-heal|p1b: The Fool|38\/100|[from] ability: Hospitality|[of] p1a: The Lovers\n|move|p1b: The Fool|Spiky Shield|p1b: The Fool\n|-singleturn|p1b: The Fool|move: Protect\n|move|p2b: spelt backwards|Rock Slide|p1a: The Lovers|[spread] \n|-activate|p1b: The Fool|move: Protect\n|-miss|p2b: spelt backwards|p1a: The Lovers\n|move|p2a: Porunga|Rock Slide|p1a: The Lovers|[spread] \n|-activate|p1b: The Fool|move: Protect\n|-miss|p2a: Porunga|p1a: The Lovers\n|\n|-heal|p2b: spelt backwards|87\/100|[from] item: Black Sludge\n|-heal|p2a: Porunga|36\/100|[from] item: Leftovers\n|upkeep\n|turn|10\n|\n|t:|1697404267\n|move|p2b: spelt backwards|Knock Off|p1a: The Lovers\n|-supereffective|p1a: The Lovers\n|-damage|p1a: The Lovers|0 fnt\n|-enditem|p1a: The Lovers|Leftovers|[from] move: Knock Off|[of] p2b: spelt backwards\n|faint|p1a: The Lovers\n|move|p2a: Porunga|Dragon Dance|p2a: Porunga\n|-boost|p2a: Porunga|atk|1\n|-boost|p2a: Porunga|spe|1\n|-activate|p2b: spelt backwards|ability: Dancer\n|move|p2b: spelt backwards|Dragon Dance|p2b: spelt backwards|[from]ability: Dancer\n|-boost|p2b: spelt backwards|atk|1\n|-boost|p2b: spelt backwards|spe|1\n|move|p1b: The Fool|Ivy Cudgel|p2a: Porunga\n|-resisted|p2a: Porunga\n|-damage|p2a: Porunga|4\/100\n|\n|-heal|p2b: spelt backwards|93\/100|[from] item: Black Sludge\n|-heal|p2a: Porunga|10\/100|[from] item: Leftovers\n|upkeep\n|inactive|Streetside has 120 seconds left.\n|\n|t:|1697404285\n|switch|p1a: The Chariot|Iron Hands|63\/100\n|turn|11\n|\n|t:|1697404296\n|move|p1a: The Chariot|Fake Out|p2a: Porunga\n|-damage|p2a: Porunga|0 fnt\n|faint|p2a: Porunga\n|move|p2b: spelt backwards|Rock Slide|p1b: The Fool|[spread] \n|-miss|p2b: spelt backwards|p1a: The Chariot\n|-miss|p2b: spelt backwards|p1b: The Fool\n|move|p1b: The Fool|Horn Leech|p2b: spelt backwards\n|-resisted|p2b: spelt backwards\n|-activate|p2b: spelt backwards|move: Substitute|[damage]\n|-heal|p1b: The Fool|45\/100|[from] drain|[of] p2b: spelt backwards\n|\n|-heal|p2b: spelt backwards|99\/100|[from] item: Black Sludge\n|upkeep\n|\n|t:|1697404302\n|switch|p2a: Volcarona|Volcarona, F|100\/100\n|turn|12\n|\n|t:|1697404321\n|move|p1b: The Fool|Spiky Shield|p1b: The Fool\n|-singleturn|p1b: The Fool|move: Protect\n|move|p2b: spelt backwards|Rock Slide|p1b: The Fool|[spread] p1a\n|-activate|p1b: The Fool|move: Protect\n|-resisted|p1a: The Chariot\n|-damage|p1a: The Chariot|47\/100\n|move|p2a: Volcarona|Quiver Dance|p2a: Volcarona\n|-boost|p2a: Volcarona|spa|1\n|-boost|p2a: Volcarona|spd|1\n|-boost|p2a: Volcarona|spe|1\n|-activate|p2b: spelt backwards|ability: Dancer\n|move|p2b: spelt backwards|Quiver Dance|p2b: spelt backwards|[from]ability: Dancer\n|-boost|p2b: spelt backwards|spa|1\n|-boost|p2b: spelt backwards|spd|1\n|-boost|p2b: spelt backwards|spe|1\n|move|p1a: The Chariot|Drain Punch|p2b: spelt backwards\n|-end|p2b: spelt backwards|Substitute\n|-heal|p1a: The Chariot|52\/100|[from] drain|[of] p2b: spelt backwards\n|\n|-heal|p2b: spelt backwards|100\/100|[from] item: Black Sludge\n|upkeep\n|turn|13\n|\n|t:|1697404351\n|-terastallize|p2a: Volcarona|Steel\n|move|p2b: spelt backwards|Protect|p2b: spelt backwards\n|-singleturn|p2b: spelt backwards|Protect\n|move|p2a: Volcarona|Quiver Dance|p2a: Volcarona\n|-boost|p2a: Volcarona|spa|1\n|-boost|p2a: Volcarona|spd|1\n|-boost|p2a: Volcarona|spe|1\n|-activate|p2b: spelt backwards|ability: Dancer\n|move|p2b: spelt backwards|Quiver Dance|p2b: spelt backwards|[from]ability: Dancer\n|-boost|p2b: spelt backwards|spa|1\n|-boost|p2b: spelt backwards|spd|1\n|-boost|p2b: spelt backwards|spe|1\n|move|p1b: The Fool|Ivy Cudgel|p2a: Volcarona\n|-damage|p2a: Volcarona|13\/100\n|move|p1a: The Chariot|Rock Slide|p2b: spelt backwards|[spread] p2a\n|-activate|p2b: spelt backwards|move: Protect\n|-resisted|p2a: Volcarona\n|-damage|p2a: Volcarona|0 fnt\n|faint|p2a: Volcarona\n|\n|upkeep\n|turn|14\n|\n|t:|1697404372\n|move|p2b: spelt backwards|Rock Slide|p1a: The Chariot|[spread] p1a,p1b\n|-resisted|p1a: The Chariot\n|-damage|p1a: The Chariot|36\/100\n|-damage|p1b: The Fool|0 fnt\n|faint|p1b: The Fool\n|cant|p1a: The Chariot|flinch\n|\n|upkeep\n|\n|t:|1697404381\n|switch|p1b: The Empress|Chi-Yu|100\/100\n|-ability|p1b: The Empress|Beads of Ruin\n|turn|15\n|\n|t:|1697404393\n|move|p2b: spelt backwards|Rock Slide|p1b: The Empress|[spread] p1b\n|-miss|p2b: spelt backwards|p1a: The Chariot\n|-supereffective|p1b: The Empress\n|-damage|p1b: The Empress|0 fnt\n|faint|p1b: The Empress\n|move|p1a: The Chariot|Drain Punch|p2b: spelt backwards\n|-damage|p2b: spelt backwards|70\/100\n|-heal|p1a: The Chariot|46\/100|[from] drain|[of] p2b: spelt backwards\n|\n|-heal|p2b: spelt backwards|76\/100|[from] item: Black Sludge\n|upkeep\n|\n|t:|1697404404\n|switch|p1b: The Heirophant|Munkidori, M|100\/100\n|turn|16\n|\n|t:|1697404414\n|move|p1b: The Heirophant|Protect|p1b: The Heirophant\n|-singleturn|p1b: The Heirophant|Protect\n|move|p2b: spelt backwards|Knock Off|p1b: The Heirophant\n|-activate|p1b: The Heirophant|move: Protect\n|move|p1a: The Chariot|Drain Punch|p2b: spelt backwards\n|-damage|p2b: spelt backwards|48\/100\n|-heal|p1a: The Chariot|56\/100|[from] drain|[of] p2b: spelt backwards\n|\n|-heal|p2b: spelt backwards|54\/100|[from] item: Black Sludge\n|upkeep\n|turn|17\n|\n|t:|1697404427\n|move|p2b: spelt backwards|Protect|p2b: spelt backwards\n|-singleturn|p2b: spelt backwards|Protect\n|move|p1b: The Heirophant|Hex|p2b: spelt backwards\n|-activate|p2b: spelt backwards|move: Protect\n|move|p1a: The Chariot|Drain Punch|p2b: spelt backwards\n|-activate|p2b: spelt backwards|move: Protect\n|\n|-heal|p2b: spelt backwards|60\/100|[from] item: Black Sludge\n|upkeep\n|turn|18\n|\n|t:|1697404439\n|move|p2b: spelt backwards|Knock Off|p1a: The Chariot\n|-resisted|p1a: The Chariot\n|-damage|p1a: The Chariot|13\/100\n|-enditem|p1a: The Chariot|Assault Vest|[from] move: Knock Off|[of] p2b: spelt backwards\n|move|p1b: The Heirophant|Hex|p2b: spelt backwards\n|-resisted|p2b: spelt backwards\n|-damage|p2b: spelt backwards|54\/100\n|-damage|p1b: The Heirophant|91\/100|[from] item: Life Orb\n|move|p1a: The Chariot|Drain Punch|p2b: spelt backwards\n|-damage|p2b: spelt backwards|25\/100\n|-heal|p1a: The Chariot|23\/100|[from] drain|[of] p2b: spelt backwards\n|\n|-heal|p2b: spelt backwards|31\/100|[from] item: Black Sludge\n|upkeep\n|turn|19\n|\n|t:|1697404454\n|move|p2b: spelt backwards|Protect|p2b: spelt backwards\n|-singleturn|p2b: spelt backwards|Protect\n|move|p1b: The Heirophant|Hex|p2b: spelt backwards\n|-activate|p2b: spelt backwards|move: Protect\n|move|p1a: The Chariot|Drain Punch|p2b: spelt backwards\n|-activate|p2b: spelt backwards|move: Protect\n|\n|-heal|p2b: spelt backwards|37\/100|[from] item: Black Sludge\n|upkeep\n|turn|20\n|\n|t:|1697404464\n|move|p2b: spelt backwards|Knock Off|p1b: The Heirophant\n|-supereffective|p1b: The Heirophant\n|-damage|p1b: The Heirophant|0 fnt\n|-enditem|p1b: The Heirophant|Life Orb|[from] move: Knock Off|[of] p2b: spelt backwards\n|faint|p1b: The Heirophant\n|move|p1a: The Chariot|Drain Punch|p2b: spelt backwards\n|-damage|p2b: spelt backwards|10\/100\n|-heal|p1a: The Chariot|33\/100|[from] drain|[of] p2b: spelt backwards\n|\n|-heal|p2b: spelt backwards|16\/100|[from] item: Black Sludge\n|upkeep\n|turn|21\n|\n|t:|1697404476\n|move|p2b: spelt backwards|Protect|p2b: spelt backwards\n|-singleturn|p2b: spelt backwards|Protect\n|move|p1a: The Chariot|Drain Punch|p2b: spelt backwards\n|-activate|p2b: spelt backwards|move: Protect\n|\n|-heal|p2b: spelt backwards|22\/100|[from] item: Black Sludge\n|upkeep\n|turn|22\n|\n|t:|1697404485\n|move|p2b: spelt backwards|Rock Slide|p1a: The Chariot|[miss]\n|-miss|p2b: spelt backwards|p1a: The Chariot\n|move|p1a: The Chariot|Wild Charge|p2b: spelt backwards\n|-damage|p2b: spelt backwards|0 fnt\n|faint|p2b: spelt backwards\n|-damage|p1a: The Chariot|29\/100|[from] Recoil\n|\n|win|Streetside\n|raw|Streetside's rating: 1100 &rarr; <strong>1118<\/strong><br \/>(+18 for winning)\n|raw|dxghmjkgxhk's rating: 1000 &rarr; <strong>1000<\/strong><br \/>(+0 for losing)\n|c|\u2606Streetside|gg\n","uploadtime":1697404497,"views":16,"p1id":"streetside","p2id":"dxghmjkgxhk","formatid":"gen9doublesou","rating":1000,"private":0,"password":""}