{"id":"gen9doublesou-1993414710","p1":"iluvtrickroom","p2":"Daddypoodoo","format":"[Gen 9] Doubles OU","log":"|j|\u2606iluvtrickroom\n|j|\u2606Daddypoodoo\n|t:|1700314756\n|gametype|doubles\n|player|p1|iluvtrickroom|hilda|1113\n|player|p2|Daddypoodoo|rocketgruntf|1000\n|teamsize|p1|6\n|teamsize|p2|6\n|gen|9\n|tier|[Gen 9] Doubles OU\n|rated|\n|rule|Species Clause: Limit one of each Pok\u00e9mon\n|rule|OHKO Clause: OHKO moves are banned\n|rule|Evasion Moves Clause: Evasion moves are banned\n|rule|Gravity Sleep Clause: The combination of sleep-inducing moves with imperfect accuracy and Gravity or Gigantamax Orbeetle are banned\n|rule|Endless Battle Clause: Forcing endless battles is banned\n|rule|HP Percentage Mod: HP is shown in percentages\n|clearpoke\n|poke|p1|Espeon, F|\n|poke|p1|Masquerain, F|\n|poke|p1|Kingambit, F|\n|poke|p1|Empoleon, F|\n|poke|p1|Gardevoir, M|\n|poke|p1|Rotom-Heat|\n|poke|p2|Shiftry, M|\n|poke|p2|Roaring Moon|\n|poke|p2|Pelipper, M|\n|poke|p2|Brambleghast, F|\n|poke|p2|Kilowattrel, M|\n|poke|p2|Wattrel, M|\n|teampreview\n|c|\u2606iluvtrickroom|huh\n|\n|t:|1700314781\n|start\n|switch|p1a: everyone's idol|Espeon, F|100\/100\n|switch|p1b: he IS Intimidate|Masquerain, F|100\/100\n|switch|p2a: Shiftry|Shiftry, M|100\/100\n|switch|p2b: Roaring Moon|Roaring Moon|100\/100\n|-ability|p1b: he IS Intimidate|Intimidate|boost\n|-unboost|p2a: Shiftry|atk|1\n|-unboost|p2b: Roaring Moon|atk|1\n|-enditem|p2b: Roaring Moon|Booster Energy\n|-activate|p2b: Roaring Moon|ability: Protosynthesis|[fromitem]\n|-start|p2b: Roaring Moon|protosynthesisspe\n|turn|1\n|\n|t:|1700314799\n|switch|p2a: Brambleghast|Brambleghast, F|100\/100\n|move|p2b: Roaring Moon|Tailwind|p2b: Roaring Moon\n|-sidestart|p2: Daddypoodoo|move: Tailwind\n|-ability|p2a: Brambleghast|Wind Rider|boost\n|-boost|p2a: Brambleghast|atk|1\n|move|p1a: everyone's idol|Skill Swap|p2a: Brambleghast\n|-activate|p1a: everyone's idol|move: Skill Swap|Wind Rider|Magic Bounce|[of] p2a: Brambleghast\n|move|p1b: he IS Intimidate|Bug Buzz|p2a: Brambleghast\n|-damage|p2a: Brambleghast|59\/100\n|\n|upkeep\n|turn|2\n|\n|t:|1700314822\n|move|p2b: Roaring Moon|Crunch|p1a: everyone's idol\n|-supereffective|p1a: everyone's idol\n|-damage|p1a: everyone's idol|0 fnt\n|faint|p1a: everyone's idol\n|move|p2a: Brambleghast|Phantom Force||[still]\n|-prepare|p2a: Brambleghast|Phantom Force\n|move|p1b: he IS Intimidate|Sticky Web|p2b: Roaring Moon\n|move|p2a: Brambleghast|Sticky Web|p1b: he IS Intimidate|[from]ability: Magic Bounce\n|-sidestart|p1: iluvtrickroom|move: Sticky Web\n|\n|upkeep\n|\n|t:|1700314842\n|switch|p1a: Kieran|Kingambit, F|100\/100\n|-activate|p1a: Kieran|move: Sticky Web\n|-unboost|p1a: Kieran|spe|1\n|-ability|p1a: Kieran|Defiant|boost\n|-boost|p1a: Kieran|atk|2\n|turn|3\n|\n|t:|1700314861\n|-terastallize|p1a: Kieran|Fairy\n|move|p2b: Roaring Moon|Acrobatics|p1a: Kieran\n|-damage|p1a: Kieran|79\/100\n|move|p2a: Brambleghast|Phantom Force|p1a: Kieran|[from]lockedmove\n|-damage|p1a: Kieran|32\/100\n|move|p1a: Kieran|Tera Blast|p2b: Roaring Moon|[anim] Tera Blast Fairy\n|-supereffective|p2b: Roaring Moon\n|-damage|p2b: Roaring Moon|0 fnt\n|faint|p2b: Roaring Moon\n|-end|p2b: Roaring Moon|Protosynthesis|[silent]\n|move|p1b: he IS Intimidate|Whirlwind|p2a: Brambleghast\n|move|p2a: Brambleghast|Whirlwind|p1b: he IS Intimidate|[from]ability: Magic Bounce\n|drag|p1b: pizza|Rotom-Heat|100\/100\n|\n|upkeep\n|\n|t:|1700314874\n|switch|p2b: Shiftry|Shiftry, M|100\/100\n|-ability|p2b: Shiftry|Wind Rider|boost\n|-boost|p2b: Shiftry|atk|1\n|turn|4\n|\n|t:|1700314896\n|move|p1a: Kieran|Sucker Punch|p2a: Brambleghast\n|-supereffective|p2a: Brambleghast\n|-damage|p2a: Brambleghast|0 fnt\n|faint|p2a: Brambleghast\n|move|p2b: Shiftry|X-Scissor|p1a: Kieran\n|-resisted|p1a: Kieran\n|-damage|p1a: Kieran|20\/100\n|move|p1b: pizza|Overheat|p2b: Shiftry\n|-supereffective|p2b: Shiftry\n|-damage|p2b: Shiftry|0 fnt\n|-unboost|p1b: pizza|spa|2\n|faint|p2b: Shiftry\n|\n|-sideend|p2: Daddypoodoo|move: Tailwind\n|upkeep\n|\n|t:|1700314910\n|switch|p2a: Wattrel|Wattrel, M|100\/100\n|switch|p2b: Kilowattrel|Kilowattrel, M|100\/100\n|turn|5\n|\n|t:|1700314935\n|switch|p2b: Pelipper|Pelipper, M|100\/100\n|-weather|RainDance|[from] ability: Drizzle|[of] p2b: Pelipper\n|switch|p1b: 4x to Salt Cure|Empoleon, F|100\/100\n|-activate|p1b: 4x to Salt Cure|move: Sticky Web\n|-unboost|p1b: 4x to Salt Cure|spe|1\n|-ability|p1b: 4x to Salt Cure|Competitive|boost\n|-boost|p1b: 4x to Salt Cure|spa|2\n|move|p1a: Kieran|Sucker Punch||[still]\n|-fail|p1a: Kieran\n|move|p2a: Wattrel|Hurricane|p1a: Kieran\n|-damage|p1a: Kieran|0 fnt\n|faint|p1a: Kieran\n|\n|-weather|RainDance|[upkeep]\n|upkeep\n|\n|t:|1700314961\n|switch|p1a: he IS Intimidate|Masquerain, F|100\/100\n|-ability|p1a: he IS Intimidate|Intimidate|boost\n|-unboost|p2a: Wattrel|atk|1\n|-ability|p2a: Wattrel|Competitive|boost\n|-boost|p2a: Wattrel|spa|2\n|-unboost|p2b: Pelipper|atk|1\n|turn|6\n|\n|t:|1700314979\n|move|p2b: Pelipper|Wide Guard|p2b: Pelipper\n|-singleturn|p2b: Pelipper|Wide Guard\n|move|p2a: Wattrel|Discharge|p1a: he IS Intimidate|[spread] p1a,p1b\n|-activate|p2b: Pelipper|move: Wide Guard\n|-supereffective|p1a: he IS Intimidate\n|-supereffective|p1b: 4x to Salt Cure\n|-damage|p1a: he IS Intimidate|15\/100\n|-damage|p1b: 4x to Salt Cure|29\/100\n|move|p1a: he IS Intimidate|Stun Spore|p2b: Pelipper|[miss]\n|-miss|p1a: he IS Intimidate|p2b: Pelipper\n|move|p1b: 4x to Salt Cure|Flash Cannon|p2b: Pelipper\n|-resisted|p2b: Pelipper\n|-damage|p2b: Pelipper|31\/100\n|-damage|p1b: 4x to Salt Cure|19\/100|[from] item: Life Orb\n|\n|-weather|RainDance|[upkeep]\n|upkeep\n|turn|7\n|\n|t:|1700315002\n|move|p1b: 4x to Salt Cure|Aqua Jet|p2a: Wattrel\n|-damage|p2a: Wattrel|42\/100\n|-damage|p1b: 4x to Salt Cure|9\/100|[from] item: Life Orb\n|move|p2a: Wattrel|Discharge|p1a: he IS Intimidate|[spread] p2b,p1a,p1b\n|-supereffective|p2b: Pelipper\n|-supereffective|p1a: he IS Intimidate\n|-supereffective|p1b: 4x to Salt Cure\n|-damage|p2b: Pelipper|0 fnt\n|-damage|p1a: he IS Intimidate|0 fnt\n|-damage|p1b: 4x to Salt Cure|0 fnt\n|faint|p2b: Pelipper\n|faint|p1a: he IS Intimidate\n|faint|p1b: 4x to Salt Cure\n|\n|-weather|RainDance|[upkeep]\n|upkeep\n|\n|t:|1700315015\n|switch|p1a: pizza|Rotom-Heat|100\/100\n|switch|p2b: Kilowattrel|Kilowattrel, M|100\/100\n|switch|p1b: where's my mega|Gardevoir, M|100\/100\n|-activate|p1b: where's my mega|move: Sticky Web\n|-unboost|p1b: where's my mega|spe|1\n|-ability|p1b: where's my mega|Competitive|[from] ability: Trace|[of] p2a: Wattrel\n|turn|8\n|\n|t:|1700315047\n|-terastallize|p2b: Kilowattrel|Ground\n|move|p2b: Kilowattrel|Thunder|p1b: where's my mega\n|-damage|p1b: where's my mega|57\/100\n|move|p1a: pizza|Overheat|p2b: Kilowattrel\n|-crit|p2b: Kilowattrel\n|-damage|p2b: Kilowattrel|0 fnt\n|-unboost|p1a: pizza|spa|2\n|faint|p2b: Kilowattrel\n|move|p2a: Wattrel|Discharge|p1b: where's my mega|[spread] p1a,p1b\n|-resisted|p1a: pizza\n|-damage|p1a: pizza|76\/100\n|-damage|p1b: where's my mega|35\/100\n|move|p1b: where's my mega|Psychic|p2a: Wattrel\n|-damage|p2a: Wattrel|0 fnt\n|faint|p2a: Wattrel\n|\n|win|iluvtrickroom\n|raw|iluvtrickroom's rating: 1113 &rarr; <strong>1130<\/strong><br \/>(+17 for winning)\n|raw|Daddypoodoo's rating: 1000 &rarr; <strong>1000<\/strong><br \/>(+0 for losing)\n|l|\u2606Daddypoodoo\n","uploadtime":1700315095,"views":5,"p1id":"iluvtrickroom","p2id":"daddypoodoo","formatid":"gen9doublesou","rating":1000,"private":0,"password":""}