{"id":"gen9doublesou-1988532116","p1":"AubreyOmori1","p2":"materlight2","format":"[Gen 9] Doubles OU","log":"|j|\u2606AubreyOmori1\n|j|\u2606materlight2\n|t:|1699733036\n|gametype|doubles\n|player|p1|AubreyOmori1|ghetsis-gen5bw|1330\n|player|p2|materlight2|1|1351\n|teamsize|p1|6\n|teamsize|p2|6\n|gen|9\n|tier|[Gen 9] Doubles OU\n|rated|\n|rule|Species Clause: Limit one of each Pok\u00e9mon\n|rule|OHKO Clause: OHKO moves are banned\n|rule|Evasion Moves Clause: Evasion moves are banned\n|rule|Gravity Sleep Clause: The combination of sleep-inducing moves with imperfect accuracy and Gravity or Gigantamax Orbeetle are banned\n|rule|Endless Battle Clause: Forcing endless battles is banned\n|rule|HP Percentage Mod: HP is shown in percentages\n|clearpoke\n|poke|p1|Pelipper, M|\n|poke|p1|Basculegion-F, F|\n|poke|p1|Ogerpon-Wellspring, F|\n|poke|p1|Rillaboom, M|\n|poke|p1|Iron Hands|\n|poke|p1|Farigiraf, M|\n|poke|p2|Ninetales-Alola, F|\n|poke|p2|Dipplin, F|\n|poke|p2|Heatran, M|\n|poke|p2|Sinistcha-Masterpiece|\n|poke|p2|Tornadus, M|\n|poke|p2|Chi-Yu|\n|teampreview\n|\n|t:|1699733070\n|start\n|switch|p1a: Wario|Iron Hands, shiny|100\/100\n|switch|p1b: Sunny|Farigiraf, M, shiny|100\/100\n|switch|p2a: Tornadus|Tornadus, M|100\/100\n|switch|p2b: Chi-Yu|Chi-Yu|100\/100\n|-ability|p2b: Chi-Yu|Beads of Ruin\n|turn|1\n|\n|t:|1699733105\n|move|p1a: Wario|Fake Out|p2b: Chi-Yu\n|-damage|p2b: Chi-Yu|85\/100\n|move|p2a: Tornadus|Bleakwind Storm|p1a: Wario|[spread] p1b\n|-miss|p2a: Tornadus|p1a: Wario\n|-damage|p1b: Sunny|58\/100\n|-unboost|p1b: Sunny|spe|1\n|move|p2b: Chi-Yu|Ruination|p1a: Wario|[miss]\n|-miss|p2b: Chi-Yu|p1a: Wario\n|move|p1b: Sunny|Trick Room|p1b: Sunny\n|-fieldstart|move: Trick Room|[of] p1b: Sunny\n|\n|upkeep\n|turn|2\n|\n|t:|1699733129\n|switch|p2a: Sinistcha|Sinistcha-Masterpiece|100\/100\n|-heal|p2b: Chi-Yu|100\/100|[from] ability: Hospitality|[of] p2a: Sinistcha\n|move|p1b: Sunny|Psychic|p2a: Sinistcha\n|-damage|p2a: Sinistcha|40\/100\n|move|p1a: Wario|Close Combat|p2b: Chi-Yu\n|-supereffective|p2b: Chi-Yu\n|-damage|p2b: Chi-Yu|0 fnt\n|-unboost|p1a: Wario|def|1\n|-unboost|p1a: Wario|spd|1\n|faint|p2b: Chi-Yu\n|\n|-heal|p2a: Sinistcha|46\/100|[from] item: Leftovers\n|upkeep\n|\n|t:|1699733169\n|switch|p2b: Heatran|Heatran, M|100\/100\n|turn|3\n|\n|t:|1699733183\n|switch|p2a: Dipplin|Dipplin, F|100\/100\n|-ability|p2a: Dipplin|Supersweet Syrup\n|-ability|p2a: Dipplin|Supersweet Syrup|boost\n|-unboost|p1a: Wario|evasion|1\n|-unboost|p1b: Sunny|evasion|1\n|move|p1b: Sunny|Psychic|p2a: Dipplin\n|-damage|p2a: Dipplin|71\/100\n|move|p1a: Wario|Close Combat|p2b: Heatran\n|-supereffective|p2b: Heatran\n|-damage|p2b: Heatran|0 fnt\n|-unboost|p1a: Wario|def|1\n|-unboost|p1a: Wario|spd|1\n|faint|p2b: Heatran\n|\n|upkeep\n|\n|t:|1699733200\n|switch|p2b: Sinistcha|Sinistcha-Masterpiece|46\/100\n|-heal|p2a: Dipplin|96\/100|[from] ability: Hospitality|[of] p2b: Sinistcha\n|turn|4\n|\n|t:|1699733214\n|switch|p2b: Tornadus|Tornadus, M|100\/100\n|move|p1b: Sunny|Psychic|p2b: Tornadus\n|-damage|p2b: Tornadus|55\/100\n|-unboost|p2b: Tornadus|spd|1\n|move|p2a: Dipplin|Infestation|p1b: Sunny\n|-supereffective|p1b: Sunny\n|-damage|p1b: Sunny|47\/100\n|-activate|p1b: Sunny|move: Infestation|[of] p2a: Dipplin\n|-enditem|p1b: Sunny|Sitrus Berry|[eat]\n|-heal|p1b: Sunny|72\/100|[from] item: Sitrus Berry\n|move|p1a: Wario|Close Combat|p2a: Dipplin\n|-damage|p2a: Dipplin|36\/100\n|-unboost|p1a: Wario|def|1\n|-unboost|p1a: Wario|spd|1\n|\n|-damage|p1b: Sunny|60\/100|[from] move: Infestation|[partiallytrapped]\n|upkeep\n|turn|5\n|\n|t:|1699733238\n|switch|p2a: Sinistcha|Sinistcha-Masterpiece|46\/100\n|-heal|p2b: Tornadus|80\/100|[from] ability: Hospitality|[of] p2a: Sinistcha\n|move|p1b: Sunny|Protect|p1b: Sunny\n|-singleturn|p1b: Sunny|Protect\n|move|p2b: Tornadus|Tailwind|p2b: Tornadus\n|-sidestart|p2: materlight2|move: Tailwind\n|move|p1a: Wario|Wild Charge|p2b: Tornadus\n|-supereffective|p2b: Tornadus\n|-damage|p2b: Tornadus|0 fnt\n|faint|p2b: Tornadus\n|-damage|p1a: Wario|84\/100|[from] Recoil\n|\n|-heal|p2a: Sinistcha|53\/100|[from] item: Leftovers\n|-end|p1b: Sunny|Infestation|[partiallytrapped]|[silent]\n|-fieldend|move: Trick Room\n|-activate|p1b: Sunny|ability: Cud Chew\n|-enditem|p1b: Sunny|Sitrus Berry|[eat]\n|-heal|p1b: Sunny|85\/100|[from] item: Sitrus Berry\n|upkeep\n|\n|t:|1699733256\n|switch|p2b: Ninetales|Ninetales-Alola, F|100\/100\n|-weather|Snow|[from] ability: Snow Warning|[of] p2b: Ninetales\n|turn|6\n|\n|t:|1699733262\n|-end|p1a: Wario|Quark Drive|[silent]\n|switch|p1a: Tree|Rillaboom, M, shiny|100\/100\n|-fieldstart|move: Grassy Terrain|[from] ability: Grassy Surge|[of] p1a: Tree\n|move|p2b: Ninetales|Blizzard|p1b: Sunny|[spread] p1a,p1b\n|-supereffective|p1a: Tree\n|-damage|p1a: Tree|53\/100\n|-damage|p1b: Sunny|51\/100\n|-status|p1b: Sunny|frz\n|move|p2a: Sinistcha|Matcha Gotcha|p1b: Sunny|[spread] p1a,p1b\n|-resisted|p1a: Tree\n|-crit|p1b: Sunny\n|-damage|p1a: Tree|42\/100\n|-heal|p2a: Sinistcha|59\/100|[from] drain|[of] p1a: Tree\n|-damage|p1b: Sunny|0 fnt\n|-heal|p2a: Sinistcha|91\/100|[from] drain|[of] p1b: Sunny\n|faint|p1b: Sunny\n|\n|-weather|Snow|[upkeep]\n|-heal|p2a: Sinistcha|97\/100|[from] Grassy Terrain\n|-heal|p2a: Sinistcha|100\/100|[from] item: Leftovers\n|-heal|p1a: Tree|48\/100|[from] Grassy Terrain\n|upkeep\n|\n|t:|1699733268\n|switch|p1b: Tarta Bird|Pelipper, M, shiny|100\/100\n|-weather|RainDance|[from] ability: Drizzle|[of] p1b: Tarta Bird\n|turn|7\n|\n|t:|1699733285\n|move|p1a: Tree|Fake Out|p2b: Ninetales\n|-damage|p2b: Ninetales|83\/100\n|cant|p2b: Ninetales|flinch\n|move|p2a: Sinistcha|Matcha Gotcha|p1a: Tree|[spread] p1a,p1b\n|-resisted|p1a: Tree\n|-damage|p1a: Tree|38\/100\n|-damage|p1b: Tarta Bird|49\/100\n|-enditem|p1b: Tarta Bird|Eject Button\n|\n|t:|1699733298\n|switch|p1b: Leafy|Ogerpon-Wellspring, F|100\/100\n|\n|-weather|RainDance|[upkeep]\n|-heal|p2b: Ninetales|89\/100|[from] Grassy Terrain\n|-heal|p1a: Tree|44\/100|[from] Grassy Terrain\n|upkeep\n|turn|8\n|\n|t:|1699733315\n|move|p1b: Leafy|Spiky Shield|p1b: Leafy\n|-singleturn|p1b: Leafy|move: Protect\n|move|p1a: Tree|Grassy Glide|p2b: Ninetales\n|-damage|p2b: Ninetales|35\/100\n|move|p2b: Ninetales|Blizzard|p1b: Leafy|[spread] p1a\n|-activate|p1b: Leafy|move: Protect\n|-supereffective|p1a: Tree\n|-damage|p1a: Tree|1\/100\n|move|p2a: Sinistcha|Matcha Gotcha|p1a: Tree|[spread] p1a\n|-activate|p1b: Leafy|move: Protect\n|-resisted|p1a: Tree\n|-damage|p1a: Tree|0 fnt\n|faint|p1a: Tree\n|\n|-weather|RainDance|[upkeep]\n|-heal|p2b: Ninetales|41\/100|[from] Grassy Terrain\n|-sideend|p2: materlight2|move: Tailwind\n|upkeep\n|\n|t:|1699733327\n|switch|p1a: Wario|Iron Hands, shiny|84\/100\n|turn|9\n|\n|t:|1699733344\n|switch|p2b: Dipplin|Dipplin, F|36\/100\n|move|p1a: Wario|Fake Out|p2b: Dipplin\n|-damage|p2b: Dipplin|24\/100\n|move|p1b: Leafy|Ivy Cudgel|p2a: Sinistcha\n|-resisted|p2a: Sinistcha\n|-damage|p2a: Sinistcha|65\/100\n|move|p2a: Sinistcha|Strength Sap|p1a: Wario\n|-unboost|p1a: Wario|atk|1\n|-heal|p2a: Sinistcha|100\/100\n|\n|-weather|RainDance|[upkeep]\n|-heal|p1a: Wario|91\/100|[from] Grassy Terrain\n|-heal|p2b: Dipplin|30\/100|[from] Grassy Terrain\n|upkeep\n|turn|10\n|\n|t:|1699733366\n|move|p1b: Leafy|Ivy Cudgel|p2a: Sinistcha\n|-resisted|p2a: Sinistcha\n|-damage|p2a: Sinistcha|59\/100\n|move|p2a: Sinistcha|Matcha Gotcha|p1b: Leafy|[spread] p1a,p1b\n|-damage|p1a: Wario|73\/100\n|-heal|p2a: Sinistcha|71\/100|[from] drain|[of] p1a: Wario\n|-damage|p1b: Leafy|61\/100\n|-heal|p2a: Sinistcha|88\/100|[from] drain|[of] p1b: Leafy\n|move|p1a: Wario|Close Combat|p2b: Dipplin\n|-damage|p2b: Dipplin|0 fnt\n|-unboost|p1a: Wario|def|1\n|-unboost|p1a: Wario|spd|1\n|faint|p2b: Dipplin\n|\n|-weather|RainDance|[upkeep]\n|-heal|p1b: Leafy|67\/100|[from] Grassy Terrain\n|-heal|p2a: Sinistcha|94\/100|[from] Grassy Terrain\n|-heal|p2a: Sinistcha|99\/100|[from] item: Leftovers\n|-heal|p1a: Wario|79\/100|[from] Grassy Terrain\n|-fieldend|move: Grassy Terrain\n|upkeep\n|\n|t:|1699733383\n|switch|p2b: Ninetales|Ninetales-Alola, F|41\/100\n|-weather|Snow|[from] ability: Snow Warning|[of] p2b: Ninetales\n|turn|11\n|\n|t:|1699733403\n|-terastallize|p2b: Ninetales|Ghost\n|move|p1b: Leafy|Follow Me|p1b: Leafy\n|-singleturn|p1b: Leafy|move: Follow Me\n|move|p2b: Ninetales|Blizzard|p1b: Leafy|[spread] p1a,p1b\n|-damage|p1a: Wario|52\/100\n|-damage|p1b: Leafy|24\/100\n|move|p2a: Sinistcha|Matcha Gotcha|p1b: Leafy|[spread] p1a,p1b\n|-damage|p1a: Wario|30\/100\n|-heal|p2a: Sinistcha|100\/100|[from] drain|[of] p1a: Wario\n|-damage|p1b: Leafy|0 fnt\n|faint|p1b: Leafy\n|move|p1a: Wario|Close Combat|p2b: Ninetales\n|-immune|p2b: Ninetales\n|\n|-weather|Snow|[upkeep]\n|upkeep\n|\n|t:|1699733412\n|switch|p1b: Tarta Bird|Pelipper, M, shiny|49\/100\n|-weather|RainDance|[from] ability: Drizzle|[of] p1b: Tarta Bird\n|turn|12\n|\n|t:|1699733439\n|move|p1b: Tarta Bird|Protect|p1b: Tarta Bird\n|-singleturn|p1b: Tarta Bird|Protect\n|move|p2b: Ninetales|Draining Kiss|p1a: Wario\n|-supereffective|p1a: Wario\n|-damage|p1a: Wario|0 fnt\n|-heal|p2b: Ninetales|74\/100|[from] drain|[of] p1a: Wario\n|faint|p1a: Wario\n|-end|p1a: Wario|Quark Drive|[silent]\n|move|p2a: Sinistcha|Matcha Gotcha|p1b: Tarta Bird\n|-activate|p1b: Tarta Bird|move: Protect\n|\n|-weather|RainDance|[upkeep]\n|upkeep\n|\n|t:|1699733447\n|switch|p1a: Undyne|Basculegion-F, F, shiny|100\/100\n|turn|13\n|\n|t:|1699733463\n|move|p1b: Tarta Bird|Protect||[still]\n|-fail|p1b: Tarta Bird\n|move|p1a: Undyne|Last Respects|p2a: Sinistcha\n|-supereffective|p2a: Sinistcha\n|-damage|p2a: Sinistcha|0 fnt\n|faint|p2a: Sinistcha\n|-damage|p1a: Undyne|91\/100|[from] item: Life Orb\n|move|p2b: Ninetales|Draining Kiss|p1a: Undyne\n|-damage|p1a: Undyne|68\/100\n|-heal|p2b: Ninetales|95\/100|[from] drain|[of] p1a: Undyne\n|\n|-weather|RainDance|[upkeep]\n|upkeep\n|turn|14\n|\n|t:|1699733479\n|move|p1a: Undyne|Last Respects|p2b: Ninetales\n|-supereffective|p2b: Ninetales\n|-damage|p2b: Ninetales|0 fnt\n|faint|p2b: Ninetales\n|-damage|p1a: Undyne|59\/100|[from] item: Life Orb\n|\n|win|AubreyOmori1\n|raw|AubreyOmori1's rating: 1330 &rarr; <strong>1351<\/strong><br \/>(+21 for winning)\n|raw|materlight2's rating: 1351 &rarr; <strong>1330<\/strong><br \/>(-21 for losing)\n","uploadtime":1699733485,"views":12,"p1id":"aubreyomori1","p2id":"materlight2","formatid":"gen9doublesou","rating":1330,"private":0,"password":""}