{"id":"gen9doublesou-1993512166","p1":"Kiky14","p2":"klaylton","format":"[Gen 9] Doubles OU","log":"|j|\u2606Kiky14\n|j|\u2606klaylton\n|t:|1700326568\n|gametype|doubles\n|player|p1|Kiky14|hilda-wonderlauncher|1412\n|player|p2|klaylton|elesa|1409\n|teamsize|p1|6\n|teamsize|p2|6\n|gen|9\n|tier|[Gen 9] Doubles OU\n|rated|\n|rule|Species Clause: Limit one of each Pok\u00e9mon\n|rule|OHKO Clause: OHKO moves are banned\n|rule|Evasion Moves Clause: Evasion moves are banned\n|rule|Gravity Sleep Clause: The combination of sleep-inducing moves with imperfect accuracy and Gravity or Gigantamax Orbeetle are banned\n|rule|Endless Battle Clause: Forcing endless battles is banned\n|rule|HP Percentage Mod: HP is shown in percentages\n|clearpoke\n|poke|p1|Sinistcha|\n|poke|p1|Moltres-Galar|\n|poke|p1|Arcanine-Hisui, F|\n|poke|p1|Ogerpon-Wellspring, F|\n|poke|p1|Klefki, F|\n|poke|p1|Okidogi, M|\n|poke|p2|Kilowattrel, M|\n|poke|p2|Oricorio-Pom-Pom, M|\n|poke|p2|Iron Hands|\n|poke|p2|Rotom-Frost|\n|poke|p2|Iron Thorns|\n|poke|p2|Regieleki|\n|teampreview\n|\n|t:|1700326596\n|start\n|switch|p1a: Moltres|Moltres-Galar|100\/100\n|switch|p1b: Klefki|Klefki, F|100\/100\n|switch|p2a: Kilowattrel|Kilowattrel, M|100\/100\n|switch|p2b: Rotom|Rotom-Frost|100\/100\n|turn|1\n|\n|t:|1700326605\n|move|p1b: Klefki|Light Screen|p1b: Klefki\n|-sidestart|p1: Kiky14|move: Light Screen\n|move|p2a: Kilowattrel|Tailwind|p2a: Kilowattrel\n|-sidestart|p2: klaylton|move: Tailwind\n|-start|p2a: Kilowattrel|Charge|Tailwind|[from] ability: Wind Power\n|move|p2b: Rotom|Nasty Plot|p2b: Rotom\n|-boost|p2b: Rotom|spa|2\n|move|p1a: Moltres|Agility|p1a: Moltres\n|-boost|p1a: Moltres|spe|2\n|\n|upkeep\n|turn|2\n|\n|t:|1700326622\n|move|p2a: Kilowattrel|Thunderbolt|p1a: Moltres\n|-supereffective|p1a: Moltres\n|-damage|p1a: Moltres|35\/100\n|-enditem|p1a: Moltres|Weakness Policy\n|-boost|p1a: Moltres|atk|2|[from] item: Weakness Policy\n|-boost|p1a: Moltres|spa|2|[from] item: Weakness Policy\n|-ability|p1a: Moltres|Berserk|boost\n|-boost|p1a: Moltres|spa|1\n|-end|p2a: Kilowattrel|Charge|[silent]\n|move|p1a: Moltres|Agility|p1a: Moltres\n|-boost|p1a: Moltres|spe|2\n|move|p2b: Rotom|Blizzard|p1b: Klefki|[spread] p1b\n|-miss|p2b: Rotom|p1a: Moltres\n|-enditem|p2b: Rotom|Blunder Policy\n|-boost|p2b: Rotom|spe|2\n|-resisted|p1b: Klefki\n|-damage|p1b: Klefki|73\/100\n|move|p1b: Klefki|Dazzling Gleam|p2a: Kilowattrel|[spread] p2a,p2b\n|-damage|p2a: Kilowattrel|71\/100\n|-damage|p2b: Rotom|81\/100\n|\n|upkeep\n|turn|3\n|\n|t:|1700326641\n|switch|p1b: Sinistcha|Sinistcha|100\/100\n|-heal|p1a: Moltres|60\/100|[from] ability: Hospitality|[of] p1b: Sinistcha\n|-terastallize|p1a: Moltres|Dark\n|move|p2b: Rotom|Blizzard|p1a: Moltres|[spread] p1b\n|-miss|p2b: Rotom|p1a: Moltres\n|-supereffective|p1b: Sinistcha\n|-damage|p1b: Sinistcha|0 fnt\n|faint|p1b: Sinistcha\n|move|p2a: Kilowattrel|Thunderbolt|p1a: Moltres\n|-damage|p1a: Moltres|42\/100\n|-ability|p1a: Moltres|Berserk|boost\n|-boost|p1a: Moltres|spa|1\n|move|p1a: Moltres|Fiery Wrath|p2b: Rotom|[spread] p2a,p2b\n|-crit|p2a: Kilowattrel\n|-crit|p2b: Rotom\n|-damage|p2a: Kilowattrel|0 fnt\n|-damage|p2b: Rotom|0 fnt\n|faint|p2a: Kilowattrel\n|faint|p2b: Rotom\n|\n|upkeep\n|\n|t:|1700326660\n|switch|p2a: Oricorio|Oricorio-Pom-Pom, M|100\/100\n|switch|p2b: Regieleki|Regieleki|100\/100\n|switch|p1b: Klefki|Klefki, F|73\/100\n|turn|4\n|\n|t:|1700326671\n|-terastallize|p2a: Oricorio|Fairy\n|move|p1a: Moltres|Protect|p1a: Moltres\n|-singleturn|p1a: Moltres|Protect\n|move|p1b: Klefki|Reflect|p1b: Klefki\n|-sidestart|p1: Kiky14|Reflect\n|move|p2b: Regieleki|Electroweb|p1b: Klefki|[spread] p1b\n|-activate|p1a: Moltres|move: Protect\n|-damage|p1b: Klefki|57\/100\n|-unboost|p1b: Klefki|spe|1\n|move|p2a: Oricorio|Revelation Dance|p1a: Moltres\n|-activate|p1a: Moltres|move: Protect\n|\n|-sideend|p2: klaylton|move: Tailwind\n|upkeep\n|turn|5\n|\n|t:|1700326693\n|move|p1b: Klefki|Thunder Wave|p2a: Oricorio\n|-status|p2a: Oricorio|par\n|move|p1a: Moltres|Air Slash|p2a: Oricorio\n|-damage|p2a: Oricorio|0 fnt\n|faint|p2a: Oricorio\n|move|p2b: Regieleki|Electroweb|p1a: Moltres|[spread] p1a,p1b\n|-damage|p1a: Moltres|31\/100\n|-damage|p1b: Klefki|40\/100\n|-unboost|p1a: Moltres|spe|1\n|-unboost|p1b: Klefki|spe|1\n|\n|upkeep\n|\n|t:|1700326703\n|switch|p2a: Iron Hands|Iron Hands|100\/100\n|-enditem|p2a: Iron Hands|Booster Energy\n|-activate|p2a: Iron Hands|ability: Quark Drive|[fromitem]\n|-start|p2a: Iron Hands|quarkdriveatk\n|turn|6\n|\n|t:|1700326713\n|move|p1a: Moltres|Protect|p1a: Moltres\n|-singleturn|p1a: Moltres|Protect\n|move|p2b: Regieleki|Volt Switch|p1a: Moltres\n|-activate|p1a: Moltres|move: Protect\n|move|p2a: Iron Hands|Swords Dance|p2a: Iron Hands\n|-boost|p2a: Iron Hands|atk|2\n|move|p1b: Klefki|Dazzling Gleam|p2a: Iron Hands|[spread] p2a,p2b\n|-supereffective|p2a: Iron Hands\n|-damage|p2a: Iron Hands|70\/100\n|-damage|p2b: Regieleki|69\/100\n|\n|upkeep\n|turn|7\n|\n|t:|1700326733\n|move|p1a: Moltres|Fiery Wrath|p2b: Regieleki|[spread] p2a,p2b\n|-resisted|p2a: Iron Hands\n|-damage|p2a: Iron Hands|21\/100\n|-damage|p2b: Regieleki|0 fnt\n|faint|p2b: Regieleki\n|cant|p2a: Iron Hands|flinch\n|move|p1b: Klefki|Dazzling Gleam|p2a: Iron Hands\n|-supereffective|p2a: Iron Hands\n|-damage|p2a: Iron Hands|0 fnt\n|faint|p2a: Iron Hands\n|-end|p2a: Iron Hands|Quark Drive|[silent]\n|\n|upkeep\n|-message|klaylton forfeited.\n|\n|win|Kiky14\n|raw|Kiky14's rating: 1412 &rarr; <strong>1432<\/strong><br \/>(+20 for winning)\n|raw|klaylton's rating: 1409 &rarr; <strong>1389<\/strong><br \/>(-20 for losing)\n|l|\u2606klaylton\n","uploadtime":1700326789,"views":7,"p1id":"kiky14","p2id":"klaylton","formatid":"gen9doublesou","rating":1389,"private":0,"password":""}