{"id":"gen9doublesou-1978581651","p1":"Na5ty","p2":"Deriverse","format":"[Gen 9] Doubles OU","log":"|j|\u2606Na5ty\n|j|\u2606Deriverse\n|t:|1698560094\n|gametype|doubles\n|player|p1|Na5ty|101|1496\n|player|p2|Deriverse|roxanne|1417\n|teamsize|p1|6\n|teamsize|p2|6\n|gen|9\n|tier|[Gen 9] Doubles OU\n|rated|\n|rule|Species Clause: Limit one of each Pok\u00e9mon\n|rule|OHKO Clause: OHKO moves are banned\n|rule|Evasion Moves Clause: Evasion moves are banned\n|rule|Gravity Sleep Clause: The combination of sleep-inducing moves with imperfect accuracy and Gravity or Gigantamax Orbeetle are banned\n|rule|Endless Battle Clause: Forcing endless battles is banned\n|rule|HP Percentage Mod: HP is shown in percentages\n|clearpoke\n|poke|p1|Gastrodon-East, M|\n|poke|p1|Heatran, F|\n|poke|p1|Gholdengo|\n|poke|p1|Landorus-Therian, M|\n|poke|p1|Tyranitar, M|\n|poke|p1|Diancie|\n|poke|p2|Iron Hands|\n|poke|p2|Amoonguss, M|\n|poke|p2|Iron Bundle|\n|poke|p2|Probopass, F|\n|poke|p2|Shaymin-Sky|\n|poke|p2|Gyarados, M|\n|teampreview\n|inactive|Battle timer is ON: inactive players will automatically lose when time's up. (requested by Na5ty)\n|\n|t:|1698560114\n|start\n|switch|p1a: Tyranitar|Tyranitar, M|100\/100\n|switch|p1b: Landorus|Landorus-Therian, M|100\/100\n|switch|p2a: Gyarados|Gyarados, M|100\/100\n|switch|p2b: Amoonguss|Amoonguss, M|100\/100\n|-ability|p1b: Landorus|Intimidate|boost\n|-unboost|p2a: Gyarados|atk|1\n|-unboost|p2b: Amoonguss|atk|1\n|-ability|p2a: Gyarados|Intimidate|boost\n|-unboost|p1a: Tyranitar|atk|1\n|-unboost|p1b: Landorus|atk|1\n|-weather|Sandstorm|[from] ability: Sand Stream|[of] p1a: Tyranitar\n|turn|1\n|\n|t:|1698560129\n|switch|p1a: Gastrodon|Gastrodon-East, M|100\/100\n|move|p1b: Landorus|U-turn|p2b: Amoonguss\n|-damage|p2b: Amoonguss|75\/100\n|\n|t:|1698560136\n|switch|p1b: Gholdengo|Gholdengo|100\/100|[from] U-turn\n|move|p2a: Gyarados|Dragon Dance|p2a: Gyarados\n|-boost|p2a: Gyarados|atk|1\n|-boost|p2a: Gyarados|spe|1\n|move|p2b: Amoonguss|Spore|p1a: Gastrodon\n|-status|p1a: Gastrodon|slp|[from] move: Spore\n|\n|-weather|Sandstorm|[upkeep]\n|-damage|p2a: Gyarados|94\/100|[from] Sandstorm\n|-damage|p2b: Amoonguss|69\/100|[from] Sandstorm\n|-heal|p2b: Amoonguss|75\/100|[from] item: Leftovers\n|upkeep\n|turn|2\n|\n|t:|1698560153\n|switch|p1b: Landorus|Landorus-Therian, M|100\/100\n|-ability|p1b: Landorus|Intimidate|boost\n|-unboost|p2a: Gyarados|atk|1\n|-unboost|p2b: Amoonguss|atk|1\n|move|p2a: Gyarados|Dragon Dance|p2a: Gyarados\n|-boost|p2a: Gyarados|atk|1\n|-boost|p2a: Gyarados|spe|1\n|move|p2b: Amoonguss|Energy Ball|p1a: Gastrodon\n|-supereffective|p1a: Gastrodon\n|-damage|p1a: Gastrodon|0 fnt\n|faint|p1a: Gastrodon\n|\n|-weather|Sandstorm|[upkeep]\n|-damage|p2a: Gyarados|88\/100|[from] Sandstorm\n|-damage|p2b: Amoonguss|69\/100|[from] Sandstorm\n|-heal|p2b: Amoonguss|75\/100|[from] item: Leftovers\n|upkeep\n|\n|t:|1698560169\n|switch|p1a: Diancie|Diancie|100\/100\n|turn|3\n|\n|t:|1698560178\n|move|p2a: Gyarados|Protect|p2a: Gyarados\n|-singleturn|p2a: Gyarados|Protect\n|move|p1b: Landorus|U-turn|p2b: Amoonguss\n|-damage|p2b: Amoonguss|40\/100\n|\n|t:|1698560186\n|switch|p1b: Heatran|Heatran, F|100\/100|[from] U-turn\n|move|p2b: Amoonguss|Spore|p1a: Diancie\n|-status|p1a: Diancie|slp|[from] move: Spore\n|cant|p1a: Diancie|slp\n|\n|-weather|Sandstorm|[upkeep]\n|-damage|p2a: Gyarados|82\/100|[from] Sandstorm\n|-damage|p2b: Amoonguss|33\/100|[from] Sandstorm\n|-heal|p2b: Amoonguss|40\/100|[from] item: Leftovers\n|upkeep\n|turn|4\n|\n|t:|1698560202\n|switch|p2b: Probopass|Probopass, F|100\/100\n|-item|p2b: Probopass|Air Balloon\n|move|p2a: Gyarados|Dragon Dance|p2a: Gyarados\n|-boost|p2a: Gyarados|atk|1\n|-boost|p2a: Gyarados|spe|1\n|move|p1b: Heatran|Ancient Power|p2a: Gyarados\n|-supereffective|p2a: Gyarados\n|-damage|p2a: Gyarados|13\/100\n|-boost|p1b: Heatran|atk|1\n|-boost|p1b: Heatran|def|1\n|-boost|p1b: Heatran|spa|1\n|-boost|p1b: Heatran|spd|1\n|-boost|p1b: Heatran|spe|1\n|cant|p1a: Diancie|slp\n|\n|-weather|Sandstorm|[upkeep]\n|-damage|p2a: Gyarados|7\/100|[from] Sandstorm\n|upkeep\n|turn|5\n|inactive|Na5ty has 120 seconds left.\n|inactive|Na5ty has 90 seconds left.\n|\n|t:|1698560277\n|-terastallize|p1b: Heatran|Flying\n|move|p2a: Gyarados|Waterfall|p1b: Heatran\n|-damage|p1b: Heatran|63\/100\n|move|p1b: Heatran|Ancient Power|p2a: Gyarados\n|-supereffective|p2a: Gyarados\n|-damage|p2a: Gyarados|0 fnt\n|faint|p2a: Gyarados\n|cant|p1a: Diancie|slp\n|move|p2b: Probopass|Stealth Rock|p1a: Diancie\n|-sidestart|p1: Na5ty|move: Stealth Rock\n|\n|-weather|none\n|upkeep\n|\n|t:|1698560290\n|switch|p2a: Iron Bundle|Iron Bundle|100\/100\n|turn|6\n|\n|t:|1698560301\n|move|p2a: Iron Bundle|Protect|p2a: Iron Bundle\n|-singleturn|p2a: Iron Bundle|Protect\n|move|p1b: Heatran|Ancient Power|p2a: Iron Bundle\n|-activate|p2a: Iron Bundle|move: Protect\n|-curestatus|p1a: Diancie|slp|[msg]\n|move|p1a: Diancie|Diamond Storm|p2a: Iron Bundle|[spread] p2b\n|-activate|p2a: Iron Bundle|move: Protect\n|-resisted|p2b: Probopass\n|-damage|p2b: Probopass|91\/100\n|-enditem|p2b: Probopass|Air Balloon\n|move|p2b: Probopass|Thunder Wave|p1b: Heatran\n|-status|p1b: Heatran|par\n|\n|upkeep\n|turn|7\n|inactive|Na5ty has 120 seconds left.\n|\n|t:|1698560326\n|move|p2a: Iron Bundle|Freeze-Dry|p1b: Heatran\n|-supereffective|p1b: Heatran\n|-damage|p1b: Heatran|26\/100 par\n|move|p1b: Heatran|Ancient Power|p2a: Iron Bundle\n|-supereffective|p2a: Iron Bundle\n|-damage|p2a: Iron Bundle|0 fnt\n|faint|p2a: Iron Bundle\n|-end|p2a: Iron Bundle|Quark Drive|[silent]\n|move|p1a: Diancie|Diamond Storm|p2b: Probopass\n|-resisted|p2b: Probopass\n|-crit|p2b: Probopass\n|-damage|p2b: Probopass|71\/100\n|move|p2b: Probopass|Power Gem|p1b: Heatran\n|-supereffective|p1b: Heatran\n|-damage|p1b: Heatran|0 fnt\n|faint|p1b: Heatran\n|\n|upkeep\n|inactive|Na5ty has 120 seconds left.\n|\n|t:|1698560348\n|switch|p2a: Amoonguss|Amoonguss, M|73\/100\n|switch|p1b: Landorus|Landorus-Therian, M|100\/100\n|-damage|p1b: Landorus|88\/100|[from] Stealth Rock\n|-ability|p1b: Landorus|Intimidate|boost\n|-unboost|p2a: Amoonguss|atk|1\n|-unboost|p2b: Probopass|atk|1\n|turn|8\n|\n|t:|1698560362\n|move|p1b: Landorus|Stomping Tantrum|p2b: Probopass\n|-supereffective|p2b: Probopass\n|-damage|p2b: Probopass|0 fnt\n|faint|p2b: Probopass\n|move|p1a: Diancie|Skill Swap|p2a: Amoonguss\n|-activate|p1a: Diancie|move: Skill Swap|Regenerator|Clear Body|[of] p2a: Amoonguss\n|move|p2a: Amoonguss|Spore|p1a: Diancie\n|-status|p1a: Diancie|slp|[from] move: Spore\n|\n|-heal|p2a: Amoonguss|79\/100|[from] item: Leftovers\n|upkeep\n|\n|t:|1698560371\n|switch|p2b: Iron Hands|Iron Hands|100\/100\n|turn|9\n|\n|t:|1698560390\n|move|p2a: Amoonguss|Rage Powder|p2a: Amoonguss\n|-singleturn|p2a: Amoonguss|move: Rage Powder\n|move|p1b: Landorus|Stomping Tantrum|p2a: Amoonguss\n|-damage|p2a: Amoonguss|23\/100\n|move|p2b: Iron Hands|Swords Dance|p2b: Iron Hands\n|-boost|p2b: Iron Hands|atk|2\n|cant|p1a: Diancie|slp\n|\n|-heal|p2a: Amoonguss|29\/100|[from] item: Leftovers\n|upkeep\n|turn|10\n|\n|t:|1698560404\n|switch|p2a: Shaymin|Shaymin-Sky|100\/100\n|-terastallize|p2b: Iron Hands|Grass\n|move|p1b: Landorus|Stomping Tantrum|p2b: Iron Hands\n|-resisted|p2b: Iron Hands\n|-damage|p2b: Iron Hands|82\/100\n|move|p2b: Iron Hands|Ice Punch|p1b: Landorus\n|-supereffective|p1b: Landorus\n|-damage|p1b: Landorus|0 fnt\n|faint|p1b: Landorus\n|cant|p1a: Diancie|slp\n|\n|-heal|p2b: Iron Hands|88\/100|[from] item: Leftovers\n|upkeep\n|\n|t:|1698560426\n|switch|p1b: Tyranitar|Tyranitar, M|100\/100\n|-damage|p1b: Tyranitar|88\/100|[from] Stealth Rock\n|-weather|Sandstorm|[from] ability: Sand Stream|[of] p1b: Tyranitar\n|turn|11\n|\n|t:|1698560437\n|move|p2a: Shaymin|Substitute|p2a: Shaymin\n|-start|p2a: Shaymin|Substitute\n|-damage|p2a: Shaymin|76\/100\n|move|p1b: Tyranitar|Ice Punch|p2b: Iron Hands\n|-supereffective|p2b: Iron Hands\n|-damage|p2b: Iron Hands|54\/100\n|move|p2b: Iron Hands|Drain Punch|p1b: Tyranitar\n|-supereffective|p1b: Tyranitar\n|-damage|p1b: Tyranitar|0 fnt\n|-heal|p2b: Iron Hands|83\/100|[from] drain|[of] p1b: Tyranitar\n|faint|p1b: Tyranitar\n|cant|p1a: Diancie|slp\n|\n|-weather|Sandstorm|[upkeep]\n|-damage|p2a: Shaymin|69\/100|[from] Sandstorm\n|-damage|p2b: Iron Hands|77\/100|[from] Sandstorm\n|-heal|p2b: Iron Hands|83\/100|[from] item: Leftovers\n|upkeep\n|\n|t:|1698560453\n|switch|p1b: Gholdengo|Gholdengo|100\/100\n|-damage|p1b: Gholdengo|94\/100|[from] Stealth Rock\n|turn|12\n|\n|t:|1698560461\n|move|p2a: Shaymin|Seed Flare|p1a: Diancie\n|-supereffective|p1a: Diancie\n|-damage|p1a: Diancie|44\/100 slp\n|-unboost|p1a: Diancie|spd|2\n|move|p1b: Gholdengo|Shadow Ball|p2b: Iron Hands\n|-damage|p2b: Iron Hands|39\/100\n|move|p2b: Iron Hands|Wild Charge|p1b: Gholdengo\n|-damage|p1b: Gholdengo|0 fnt\n|faint|p1b: Gholdengo\n|-damage|p2b: Iron Hands|25\/100|[from] Recoil\n|-curestatus|p1a: Diancie|slp|[msg]\n|move|p1a: Diancie|Diamond Storm|p2a: Shaymin|[spread] p2a,p2b\n|-supereffective|p2a: Shaymin\n|-end|p2a: Shaymin|Substitute\n|-damage|p2b: Iron Hands|10\/100\n|\n|-weather|Sandstorm|[upkeep]\n|-damage|p2a: Shaymin|63\/100|[from] Sandstorm\n|-damage|p2b: Iron Hands|4\/100|[from] Sandstorm\n|-heal|p2b: Iron Hands|10\/100|[from] item: Leftovers\n|-heal|p1a: Diancie|50\/100|[from] item: Leftovers\n|upkeep\n|turn|13\n|-activate|p2a: Shaymin|item: Quick Claw\n|\n|t:|1698560487\n|move|p2a: Shaymin|Seed Flare|p1a: Diancie\n|-supereffective|p1a: Diancie\n|-damage|p1a: Diancie|0 fnt\n|faint|p1a: Diancie\n|\n|win|Deriverse\n|raw|Na5ty's rating: 1496 &rarr; <strong>1472<\/strong><br \/>(-24 for losing)\n|raw|Deriverse's rating: 1417 &rarr; <strong>1441<\/strong><br \/>(+24 for winning)\n|l|\u2606Na5ty\n|l|\u2606Deriverse\n|j|\u2606Deriverse\n|player|p2|Deriverse|roxanne\n","uploadtime":1698560538,"views":22,"p1id":"na5ty","p2id":"deriverse","formatid":"gen9doublesou","rating":1441,"private":0,"password":""}