{"id":"gen9doublesou-1979811146","p1":"God of Drago","p2":"abi558","format":"[Gen 9] Doubles OU","log":"|j|\u2606God of Drago\n|j|\u2606abi558\n|t:|1698715683\n|gametype|doubles\n|player|p1|God of Drago|ingo|\n|player|p2|abi558|2|\n|teamsize|p1|6\n|teamsize|p2|6\n|gen|9\n|tier|[Gen 9] Doubles OU\n|rule|Species Clause: Limit one of each Pok\u00e9mon\n|rule|OHKO Clause: OHKO moves are banned\n|rule|Evasion Moves Clause: Evasion moves are banned\n|rule|Gravity Sleep Clause: The combination of sleep-inducing moves with imperfect accuracy and Gravity or Gigantamax Orbeetle are banned\n|rule|Endless Battle Clause: Forcing endless battles is banned\n|rule|HP Percentage Mod: HP is shown in percentages\n|clearpoke\n|poke|p1|Maushold-Four|\n|poke|p1|Cinderace, F|\n|poke|p1|Skeledirge, F|\n|poke|p1|Glimmora, F|\n|poke|p1|Hatterene, F|\n|poke|p1|Walking Wake|\n|poke|p2|Dipplin, M|\n|poke|p2|Krookodile, F|\n|poke|p2|Vaporeon, F|\n|poke|p2|Clefable, F|\n|poke|p2|Meowscarada, F|\n|poke|p2|Amoonguss, F|\n|teampreview\n|\n|t:|1698715696\n|start\n|switch|p1a: Glimmora|Glimmora, F, shiny|100\/100\n|switch|p1b: Maushold|Maushold-Four|100\/100\n|switch|p2a: Meowscarada|Meowscarada, F|100\/100\n|switch|p2b: Steal Yo Grl|Krookodile, F, shiny|100\/100\n|turn|1\n|\n|t:|1698715726\n|-terastallize|p2b: Steal Yo Grl|Dark\n|move|p2a: Meowscarada|Flower Trick|p2b: Steal Yo Grl\n|-crit|p2b: Steal Yo Grl\n|-damage|p2b: Steal Yo Grl|63\/100\n|-setboost|p2b: Steal Yo Grl|atk|6|[from] ability: Anger Point\n|move|p2b: Steal Yo Grl|Earthquake|p1a: Glimmora|[spread] p2a,p1a,p1b\n|-resisted|p2a: Meowscarada\n|-supereffective|p1a: Glimmora\n|-damage|p2a: Meowscarada|23\/100\n|-enditem|p1a: Glimmora|Focus Sash\n|-damage|p1a: Glimmora|1\/100\n|-damage|p1b: Maushold|0 fnt\n|-activate|p1a: Glimmora|ability: Toxic Debris\n|-sidestart|p2: abi558|move: Toxic Spikes\n|faint|p1b: Maushold\n|move|p1a: Glimmora|Dazzling Gleam|p2a: Meowscarada|[spread] p2a,p2b\n|-supereffective|p2a: Meowscarada\n|-supereffective|p2b: Steal Yo Grl\n|-damage|p2a: Meowscarada|0 fnt\n|-damage|p2b: Steal Yo Grl|19\/100\n|-enditem|p2b: Steal Yo Grl|Salac Berry|[eat]\n|-boost|p2b: Steal Yo Grl|spe|1|[from] item: Salac Berry\n|faint|p2a: Meowscarada\n|\n|upkeep\n|\n|t:|1698715755\n|switch|p2a: Amoonguss|Amoonguss, F, shiny|100\/100\n|switch|p1b: Hatterene|Hatterene, F, shiny|100\/100\n|-sideend|p2: abi558|move: Toxic Spikes|[of] p2a: Amoonguss\n|turn|2\n|\n|t:|1698715790\n|switch|p2a: Nipplin|Dipplin, M, shiny|100\/100\n|-ability|p2a: Nipplin|Supersweet Syrup\n|-ability|p2a: Nipplin|Supersweet Syrup|boost\n|-unboost|p1a: Glimmora|evasion|1\n|-unboost|p1b: Hatterene|evasion|1\n|move|p2b: Steal Yo Grl|Earthquake|p1a: Glimmora|[spread] p2a,p1a,p1b\n|-resisted|p2a: Nipplin\n|-crit|p2a: Nipplin\n|-supereffective|p1a: Glimmora\n|-damage|p2a: Nipplin|50\/100\n|-damage|p1a: Glimmora|0 fnt\n|-damage|p1b: Hatterene|0 fnt\n|-activate|p1a: Glimmora|ability: Toxic Debris\n|-sidestart|p2: abi558|move: Toxic Spikes\n|faint|p1a: Glimmora\n|faint|p1b: Hatterene\n|\n|upkeep\n|\n|t:|1698715810\n|switch|p1a: Walking Wake|Walking Wake|100\/100\n|switch|p1b: Cinderace|Cinderace, F, shiny|100\/100\n|turn|3\n|\n|t:|1698715835\n|move|p2a: Nipplin|Sucker Punch|p1b: Cinderace\n|-damage|p1b: Cinderace|87\/100\n|move|p2b: Steal Yo Grl|Earthquake|p1a: Walking Wake|[spread] p2a,p1a,p1b\n|-resisted|p2a: Nipplin\n|-supereffective|p1b: Cinderace\n|-damage|p2a: Nipplin|16\/100\n|-damage|p1a: Walking Wake|0 fnt\n|-damage|p1b: Cinderace|0 fnt\n|faint|p1a: Walking Wake\n|-end|p1a: Walking Wake|Protosynthesis|[silent]\n|faint|p1b: Cinderace\n|\n|upkeep\n|\n|t:|1698715851\n|switch|p1b: Skeledirge|Skeledirge, F, shiny|100\/100\n|turn|4\n|\n|t:|1698715867\n|switch|p2a: Amoonguss|Amoonguss, F, shiny|100\/100\n|-sideend|p2: abi558|move: Toxic Spikes|[of] p2a: Amoonguss\n|-terastallize|p1b: Skeledirge|Grass\n|move|p2b: Steal Yo Grl|Earthquake|p1b: Skeledirge|[spread] p2a,p1b\n|-resisted|p1b: Skeledirge\n|-damage|p2a: Amoonguss|9\/100\n|-damage|p1b: Skeledirge|55\/100\n|move|p1b: Skeledirge|Overheat|p2b: Steal Yo Grl|[miss]\n|-miss|p1b: Skeledirge|p2b: Steal Yo Grl\n|\n|-heal|p2a: Amoonguss|15\/100|[from] item: Leftovers\n|upkeep\n|turn|5\n|\n|t:|1698715886\n|move|p2b: Steal Yo Grl|Knock Off|p1b: Skeledirge\n|-damage|p1b: Skeledirge|0 fnt\n|faint|p1b: Skeledirge\n|\n|win|abi558\n|l|\u2606God of Drago\n","uploadtime":1698715901,"views":36,"p1id":"godofdrago","p2id":"abi558","formatid":"gen9doublesou","rating":0,"private":0,"password":""}