{"id":"gen9doublesou-1988806193","p1":"asdzx109","p2":"mikeyuwu","format":"[Gen 9] Doubles OU","log":"|j|\u2606asdzx109\n|j|\u2606mikeyuwu\n|t:|1699765836\n|gametype|doubles\n|player|p1|asdzx109|265|1162\n|player|p2|mikeyuwu|psychic-gen4|1250\n|teamsize|p1|6\n|teamsize|p2|6\n|gen|9\n|tier|[Gen 9] Doubles OU\n|rated|\n|rule|Species Clause: Limit one of each Pok\u00e9mon\n|rule|OHKO Clause: OHKO moves are banned\n|rule|Evasion Moves Clause: Evasion moves are banned\n|rule|Gravity Sleep Clause: The combination of sleep-inducing moves with imperfect accuracy and Gravity or Gigantamax Orbeetle are banned\n|rule|Endless Battle Clause: Forcing endless battles is banned\n|rule|HP Percentage Mod: HP is shown in percentages\n|clearpoke\n|poke|p1|Palafin, M|\n|poke|p1|Amoonguss, M|\n|poke|p1|Pelipper, M|\n|poke|p1|Gliscor, F|\n|poke|p1|Dragapult, M|\n|poke|p1|Grimmsnarl, M|\n|poke|p2|Garchomp, M|\n|poke|p2|Tyranitar, F|\n|poke|p2|Vaporeon, F|\n|poke|p2|Toxicroak, M|\n|poke|p2|Pelipper, F|\n|poke|p2|Abomasnow, M|\n|teampreview\n|inactive|Battle timer is ON: inactive players will automatically lose when time's up. (requested by asdzx109)\n|\n|t:|1699765866\n|start\n|switch|p1a: Grimmsnarl|Grimmsnarl, M|100\/100\n|switch|p1b: Gliscor|Gliscor, F|100\/100\n|switch|p2a: OTLHPM|Toxicroak, M|100\/100\n|switch|p2b: Harmacy|Vaporeon, F|100\/100\n|turn|1\n|\n|t:|1699765886\n|switch|p2a: Cold Shoulder|Abomasnow, M, shiny|100\/100\n|-weather|Snow|[from] ability: Snow Warning|[of] p2a: Cold Shoulder\n|move|p1b: Gliscor|Protect|p1b: Gliscor\n|-singleturn|p1b: Gliscor|Protect\n|move|p1a: Grimmsnarl|Reflect|p1a: Grimmsnarl\n|-sidestart|p1: asdzx109|Reflect\n|move|p2b: Harmacy|Weather Ball|p1b: Gliscor\n|-activate|p1b: Gliscor|move: Protect\n|\n|-weather|Snow|[upkeep]\n|-status|p1b: Gliscor|tox|[from] item: Toxic Orb\n|upkeep\n|turn|2\n|inactive|asdzx109 has 120 seconds left.\n|\n|t:|1699765920\n|switch|p1b: Pelipper|Pelipper, M|100\/100\n|-weather|RainDance|[from] ability: Drizzle|[of] p1b: Pelipper\n|move|p1a: Grimmsnarl|Thunder Wave|p2b: Harmacy|[miss]\n|-miss|p1a: Grimmsnarl|p2b: Harmacy\n|move|p2a: Cold Shoulder|Blizzard|p1a: Grimmsnarl|[spread] p1a,p1b\n|-damage|p1a: Grimmsnarl|68\/100\n|-damage|p1b: Pelipper|65\/100\n|move|p2b: Harmacy|Copycat|p2b: Harmacy\n|move|p2b: Harmacy|Blizzard|p1b: Pelipper|[from]move: Copycat|[spread] p1a,p1b\n|-damage|p1a: Grimmsnarl|44\/100\n|-damage|p1b: Pelipper|38\/100\n|\n|-weather|RainDance|[upkeep]\n|upkeep\n|turn|3\n|\n|t:|1699765945\n|switch|p2a: ThcrThnSnkr|Tyranitar, F|100\/100\n|-weather|Sandstorm|[from] ability: Sand Stream|[of] p2a: ThcrThnSnkr\n|move|p2b: Harmacy|Copycat|p2b: Harmacy\n|move|p2b: Harmacy|Blizzard|p1b: Pelipper|[from]move: Copycat|[spread] p1a,p1b\n|-damage|p1a: Grimmsnarl|21\/100\n|-damage|p1b: Pelipper|14\/100\n|move|p1b: Pelipper|Hurricane|p2b: Harmacy|[miss]\n|-miss|p1b: Pelipper|p2b: Harmacy\n|move|p1a: Grimmsnarl|False Surrender|p2a: ThcrThnSnkr\n|-resisted|p2a: ThcrThnSnkr\n|-damage|p2a: ThcrThnSnkr|80\/100\n|\n|-weather|Sandstorm|[upkeep]\n|-damage|p2b: Harmacy|94\/100|[from] Sandstorm\n|-damage|p1b: Pelipper|7\/100|[from] Sandstorm\n|-damage|p1a: Grimmsnarl|15\/100|[from] Sandstorm\n|-heal|p2b: Harmacy|100\/100|[from] item: Leftovers\n|upkeep\n|turn|4\n|\n|t:|1699765972\n|switch|p1b: Gliscor|Gliscor, F|100\/100 tox\n|move|p1a: Grimmsnarl|Thunder Wave|p2b: Harmacy\n|-status|p2b: Harmacy|par\n|move|p2a: ThcrThnSnkr|Heavy Slam|p1a: Grimmsnarl\n|-supereffective|p1a: Grimmsnarl\n|-damage|p1a: Grimmsnarl|0 fnt\n|faint|p1a: Grimmsnarl\n|move|p2b: Harmacy|Weather Ball|p1b: Gliscor\n|-damage|p1b: Gliscor|66\/100 tox\n|\n|-weather|Sandstorm|[upkeep]\n|-damage|p2b: Harmacy|94\/100 par|[from] Sandstorm\n|-heal|p2b: Harmacy|100\/100 par|[from] item: Leftovers\n|-heal|p1b: Gliscor|79\/100 tox|[from] ability: Poison Heal\n|upkeep\n|inactive|asdzx109 has 120 seconds left.\n|\n|t:|1699765989\n|switch|p1a: Palafin|Palafin, M|100\/100\n|turn|5\n|\n|t:|1699766000\n|switch|p2a: Weather War|Pelipper, F|100\/100\n|-weather|RainDance|[from] ability: Drizzle|[of] p2a: Weather War\n|move|p1a: Palafin|Flip Turn|p2a: Weather War\n|-resisted|p2a: Weather War\n|-damage|p2a: Weather War|85\/100\n|\n|t:|1699766009\n|detailschange|p1a: Palafin|Palafin-Hero, M\n|switch|p1a: Amoonguss|Amoonguss, M|100\/100|[from] Flip Turn\n|move|p1b: Gliscor|Swords Dance|p1b: Gliscor\n|-boost|p1b: Gliscor|atk|2\n|move|p2b: Harmacy|Icy Wind|p1a: Amoonguss|[spread] p1a,p1b\n|-supereffective|p1a: Amoonguss\n|-supereffective|p1b: Gliscor\n|-damage|p1a: Amoonguss|83\/100\n|-damage|p1b: Gliscor|18\/100 tox\n|-unboost|p1a: Amoonguss|spe|1\n|-unboost|p1b: Gliscor|spe|1\n|\n|-weather|RainDance|[upkeep]\n|-activate|p2b: Harmacy|ability: Hydration\n|-curestatus|p2b: Harmacy|par|[msg]\n|-heal|p1a: Amoonguss|89\/100|[from] item: Black Sludge\n|-heal|p1b: Gliscor|30\/100 tox|[from] ability: Poison Heal\n|-sideend|p1: asdzx109|Reflect\n|upkeep\n|turn|6\n|\n|t:|1699766033\n|switch|p2b: Cold Shoulder|Abomasnow, M, shiny|100\/100\n|-weather|Snow|[from] ability: Snow Warning|[of] p2b: Cold Shoulder\n|move|p1b: Gliscor|Protect|p1b: Gliscor\n|-singleturn|p1b: Gliscor|Protect\n|move|p2a: Weather War|Blizzard|p1b: Gliscor|[spread] p1a\n|-activate|p1b: Gliscor|move: Protect\n|-supereffective|p1a: Amoonguss\n|-damage|p1a: Amoonguss|60\/100\n|move|p1a: Amoonguss|Giga Drain|p2b: Cold Shoulder\n|-resisted|p2b: Cold Shoulder\n|-damage|p2b: Cold Shoulder|87\/100\n|-heal|p1a: Amoonguss|67\/100|[from] drain|[of] p2b: Cold Shoulder\n|\n|-weather|Snow|[upkeep]\n|-heal|p1a: Amoonguss|73\/100|[from] item: Black Sludge\n|-heal|p1b: Gliscor|43\/100 tox|[from] ability: Poison Heal\n|upkeep\n|turn|7\n|inactive|asdzx109 has 120 seconds left.\n|\n|t:|1699766073\n|move|p1b: Gliscor|Quick Attack|p2a: Weather War\n|-damage|p2a: Weather War|69\/100\n|move|p2a: Weather War|Blizzard|p1a: Amoonguss|[spread] p1a,p1b\n|-supereffective|p1a: Amoonguss\n|-supereffective|p1b: Gliscor\n|-damage|p1a: Amoonguss|40\/100\n|-damage|p1b: Gliscor|0 fnt\n|faint|p1b: Gliscor\n|move|p2b: Cold Shoulder|Blizzard|p1a: Amoonguss\n|-supereffective|p1a: Amoonguss\n|-damage|p1a: Amoonguss|0 fnt\n|faint|p1a: Amoonguss\n|\n|-weather|Snow|[upkeep]\n|upkeep\n|\n|t:|1699766086\n|switch|p1b: Palafin|Palafin-Hero, M|100\/100\n|switch|p1a: Pelipper|Pelipper, M|7\/100\n|-activate|p1b: Palafin|ability: Zero to Hero\n|-weather|RainDance|[from] ability: Drizzle|[of] p1a: Pelipper\n|turn|8\n|inactive|asdzx109 has 120 seconds left.\n|\n|t:|1699766109\n|switch|p2b: Extra Spicy|Garchomp, M|100\/100\n|move|p1a: Pelipper|Wide Guard|p1a: Pelipper\n|-singleturn|p1a: Pelipper|Wide Guard\n|move|p1b: Palafin|Drain Punch|p2b: Extra Spicy\n|-crit|p2b: Extra Spicy\n|-damage|p2b: Extra Spicy|72\/100\n|-damage|p1b: Palafin|88\/100|[from] ability: Rough Skin|[of] p2b: Extra Spicy\n|-damage|p1b: Palafin|72\/100|[from] item: Rocky Helmet|[of] p2b: Extra Spicy\n|move|p2a: Weather War|Hurricane|p1a: Pelipper\n|-damage|p1a: Pelipper|0 fnt\n|faint|p1a: Pelipper\n|\n|-weather|RainDance|[upkeep]\n|upkeep\n|\n|t:|1699766123\n|switch|p1a: Dragapult|Dragapult, M|100\/100\n|turn|9\n|inactive|asdzx109 has 120 seconds left.\n|c|\u2606mikeyuwu|Do you like the weather\n|\n|t:|1699766159\n|switch|p2b: OTLHPM|Toxicroak, M|100\/100\n|move|p1a: Dragapult|Dragon Darts|p2b: OTLHPM\n|-damage|p2b: OTLHPM|68\/100\n|-anim|p1a: Dragapult|Dragon Darts|p2a: Weather War\n|-damage|p2a: Weather War|51\/100\n|move|p1b: Palafin|Drain Punch|p2b: OTLHPM\n|-resisted|p2b: OTLHPM\n|-damage|p2b: OTLHPM|47\/100\n|-heal|p1b: Palafin|82\/100|[from] drain|[of] p2b: OTLHPM\n|move|p2a: Weather War|Chilling Water|p1a: Dragapult\n|-resisted|p1a: Dragapult\n|-damage|p1a: Dragapult|90\/100\n|\n|-weather|RainDance|[upkeep]\n|-heal|p2b: OTLHPM|60\/100|[from] ability: Dry Skin\n|-heal|p2b: OTLHPM|66\/100|[from] item: Black Sludge\n|upkeep\n|turn|10\n|\n|t:|1699766189\n|switch|p2b: Cold Shoulder|Abomasnow, M, shiny|87\/100\n|-weather|Snow|[from] ability: Snow Warning|[of] p2b: Cold Shoulder\n|move|p1a: Dragapult|Dragon Darts|p2a: Weather War\n|-damage|p2a: Weather War|31\/100\n|-anim|p1a: Dragapult|Dragon Darts|p2b: Cold Shoulder\n|-damage|p2b: Cold Shoulder|73\/100\n|move|p1b: Palafin|Drain Punch|p2a: Weather War\n|-resisted|p2a: Weather War\n|-damage|p2a: Weather War|19\/100\n|-heal|p1b: Palafin|88\/100|[from] drain|[of] p2a: Weather War\n|move|p2a: Weather War|Blizzard|p1b: Palafin|[spread] p1a,p1b\n|-supereffective|p1a: Dragapult\n|-resisted|p1b: Palafin\n|-damage|p1a: Dragapult|56\/100\n|-damage|p1b: Palafin|78\/100\n|\n|-weather|Snow|[upkeep]\n|upkeep\n|turn|11\n|\n|t:|1699766214\n|switch|p2a: Harmacy|Vaporeon, F|100\/100\n|-terastallize|p1a: Dragapult|Electric\n|-terastallize|p2b: Cold Shoulder|Water\n|move|p1a: Dragapult|Dragon Darts|p2a: Harmacy\n|-damage|p2a: Harmacy|83\/100\n|-anim|p1a: Dragapult|Dragon Darts|p2b: Cold Shoulder\n|-damage|p2b: Cold Shoulder|53\/100\n|move|p1b: Palafin|Drain Punch|p2b: Cold Shoulder\n|-damage|p2b: Cold Shoulder|28\/100\n|-heal|p1b: Palafin|91\/100|[from] drain|[of] p2b: Cold Shoulder\n|move|p2b: Cold Shoulder|Blizzard|p1a: Dragapult|[spread] p1a,p1b\n|-resisted|p1b: Palafin\n|-damage|p1a: Dragapult|28\/100\n|-damage|p1b: Palafin|74\/100\n|\n|-weather|Snow|[upkeep]\n|-heal|p2a: Harmacy|89\/100|[from] item: Leftovers\n|upkeep\n|turn|12\n|\n|t:|1699766236\n|switch|p2b: OTLHPM|Toxicroak, M|66\/100\n|move|p1a: Dragapult|Thunder|p2a: Harmacy|[miss]\n|-miss|p1a: Dragapult|p2a: Harmacy\n|move|p1b: Palafin|Drain Punch|p2b: OTLHPM\n|-resisted|p2b: OTLHPM\n|-damage|p2b: OTLHPM|45\/100\n|-heal|p1b: Palafin|85\/100|[from] drain|[of] p2b: OTLHPM\n|move|p2a: Harmacy|Icy Wind|p1b: Palafin|[spread] p1a,p1b\n|-resisted|p1b: Palafin\n|-damage|p1a: Dragapult|19\/100\n|-damage|p1b: Palafin|79\/100\n|-unboost|p1b: Palafin|spe|1\n|\n|-weather|Snow|[upkeep]\n|-heal|p2b: OTLHPM|51\/100|[from] item: Black Sludge\n|-heal|p2a: Harmacy|96\/100|[from] item: Leftovers\n|upkeep\n|turn|13\n|inactive|asdzx109 has 120 seconds left.\n|\n|t:|1699766268\n|switch|p2a: Extra Spicy|Garchomp, M|72\/100\n|move|p1a: Dragapult|Sucker Punch||[still]\n|-fail|p1a: Dragapult\n|move|p1b: Palafin|Drain Punch|p2a: Extra Spicy\n|-damage|p2a: Extra Spicy|55\/100\n|-heal|p1b: Palafin|90\/100|[from] drain|[of] p2a: Extra Spicy\n|-damage|p1b: Palafin|78\/100|[from] ability: Rough Skin|[of] p2a: Extra Spicy\n|-damage|p1b: Palafin|61\/100|[from] item: Rocky Helmet|[of] p2a: Extra Spicy\n|move|p2b: OTLHPM|Earthquake|p1b: Palafin|[spread] p2a,p1a,p1b\n|-supereffective|p1a: Dragapult\n|-damage|p2a: Extra Spicy|41\/100\n|-damage|p1a: Dragapult|0 fnt\n|-damage|p1b: Palafin|34\/100\n|faint|p1a: Dragapult\n|\n|-weather|Snow|[upkeep]\n|-heal|p2b: OTLHPM|57\/100|[from] item: Black Sludge\n|upkeep\n|turn|14\n|\n|t:|1699766291\n|switch|p2a: Harmacy|Vaporeon, F|96\/100\n|switch|p2b: Cold Shoulder|Abomasnow, M, shiny, tera:Water|28\/100\n|move|p1b: Palafin|Wave Crash|p2b: Cold Shoulder\n|-resisted|p2b: Cold Shoulder\n|-damage|p2b: Cold Shoulder|0 fnt\n|faint|p2b: Cold Shoulder\n|-damage|p1b: Palafin|25\/100|[from] Recoil\n|\n|-weather|none\n|-heal|p2a: Harmacy|100\/100|[from] item: Leftovers\n|upkeep\n|\n|t:|1699766300\n|switch|p2b: OTLHPM|Toxicroak, M|57\/100\n|turn|15\n|\n|t:|1699766306\n|move|p1b: Palafin|Drain Punch|p2a: Harmacy\n|-damage|p2a: Harmacy|78\/100\n|-heal|p1b: Palafin|40\/100|[from] drain|[of] p2a: Harmacy\n|move|p2b: OTLHPM|Poison Jab|p1b: Palafin\n|-damage|p1b: Palafin|2\/100\n|move|p2a: Harmacy|Copycat|p2a: Harmacy\n|move|p2a: Harmacy|Poison Jab|p1b: Palafin|[from]move: Copycat\n|-damage|p1b: Palafin|0 fnt\n|faint|p1b: Palafin\n|\n|win|mikeyuwu\n|raw|asdzx109's rating: 1162 &rarr; <strong>1143<\/strong><br \/>(-19 for losing)\n|raw|mikeyuwu's rating: 1250 &rarr; <strong>1269<\/strong><br \/>(+19 for winning)\n|l|\u2606asdzx109\n","uploadtime":1699766316,"views":6,"p1id":"asdzx109","p2id":"mikeyuwu","formatid":"gen9doublesou","rating":1143,"private":0,"password":""}