{"id":"gen9doublesou-1980774057","p1":"keykiko","p2":"X-Drags","format":"[Gen 9] Doubles OU","log":"|j|\u2606keykiko\n|j|\u2606X-Drags\n|t:|1698830571\n|gametype|doubles\n|player|p1|keykiko|lillie|1116\n|player|p2|X-Drags|elesa|1218\n|teamsize|p1|6\n|teamsize|p2|6\n|gen|9\n|tier|[Gen 9] Doubles OU\n|rated|\n|rule|Species Clause: Limit one of each Pok\u00e9mon\n|rule|OHKO Clause: OHKO moves are banned\n|rule|Evasion Moves Clause: Evasion moves are banned\n|rule|Gravity Sleep Clause: The combination of sleep-inducing moves with imperfect accuracy and Gravity or Gigantamax Orbeetle are banned\n|rule|Endless Battle Clause: Forcing endless battles is banned\n|rule|HP Percentage Mod: HP is shown in percentages\n|clearpoke\n|poke|p1|Volcanion|\n|poke|p1|Ninetales, F|\n|poke|p1|Torkoal, M|\n|poke|p1|Walking Wake|\n|poke|p1|Chi-Yu|\n|poke|p1|Coalossal, M|\n|poke|p2|Tinkaton, F|\n|poke|p2|Fezandipiti, M|\n|poke|p2|Ogerpon-Hearthflame, F|\n|poke|p2|Toxapex, M|\n|poke|p2|Sinistcha-Masterpiece|\n|poke|p2|Clefable, M|\n|teampreview\n|inactive|Battle timer is ON: inactive players will automatically lose when time's up. (requested by X-Drags)\n|inactive|X-Drags has 120 seconds left.\n|\n|t:|1698830615\n|start\n|switch|p1a: Coalossal|Coalossal, M|100\/100\n|switch|p1b: Walking Wake|Walking Wake|100\/100\n|switch|p2a: Fezandipiti|Fezandipiti, M|100\/100\n|switch|p2b: Toxapex|Toxapex, M, shiny|100\/100\n|turn|1\n|inactive|keykiko has 120 seconds left.\n|\n|t:|1698830649\n|move|p1b: Walking Wake|Aqua Jet|p1a: Coalossal\n|-supereffective|p1a: Coalossal\n|-damage|p1a: Coalossal|66\/100\n|-ability|p1a: Coalossal|Steam Engine|boost\n|-boost|p1a: Coalossal|spe|6\n|-enditem|p1a: Coalossal|Weakness Policy\n|-boost|p1a: Coalossal|atk|2|[from] item: Weakness Policy\n|-boost|p1a: Coalossal|spa|2|[from] item: Weakness Policy\n|move|p1a: Coalossal|Earth Power|p2b: Toxapex\n|-supereffective|p2b: Toxapex\n|-damage|p2b: Toxapex|31\/100\n|move|p2a: Fezandipiti|Dazzling Gleam|p1a: Coalossal|[spread] p1a,p1b\n|-resisted|p1a: Coalossal\n|-supereffective|p1b: Walking Wake\n|-damage|p1a: Coalossal|58\/100\n|-damage|p1b: Walking Wake|64\/100\n|-status|p1a: Coalossal|tox|[from] ability: Toxic Chain|[of] p2a: Fezandipiti\n|move|p2b: Toxapex|Hydro Pump|p1a: Coalossal\n|-supereffective|p1a: Coalossal\n|-damage|p1a: Coalossal|0 fnt\n|faint|p1a: Coalossal\n|\n|upkeep\n|inactive|keykiko has 120 seconds left.\n|\n|t:|1698830668\n|switch|p1a: Ninetales|Ninetales, F|100\/100\n|-weather|SunnyDay|[from] ability: Drought|[of] p1a: Ninetales\n|-activate|p1b: Walking Wake|ability: Protosynthesis\n|-start|p1b: Walking Wake|protosynthesisspe\n|turn|2\n|inactive|keykiko has 120 seconds left.\n|inactive|X-Drags has 120 seconds left.\n|\n|t:|1698830709\n|switch|p2b: Ogerpon|Ogerpon-Hearthflame, F|100\/100\n|-ability|p2b: Ogerpon|Mold Breaker\n|move|p1b: Walking Wake|Hydro Steam|p2b: Ogerpon\n|-damage|p2b: Ogerpon|32\/100\n|move|p2a: Fezandipiti|Tailwind|p2a: Fezandipiti\n|-sidestart|p2: X-Drags|move: Tailwind\n|move|p1a: Ninetales|Heat Wave|p2a: Fezandipiti|[spread] p2a,p2b\n|-damage|p2a: Fezandipiti|70\/100\n|-damage|p2b: Ogerpon|0 fnt\n|faint|p2b: Ogerpon\n|\n|-weather|SunnyDay|[upkeep]\n|-heal|p2a: Fezandipiti|77\/100|[from] item: Leftovers\n|upkeep\n|\n|t:|1698830726\n|switch|p2b: Toxapex|Toxapex, M, shiny|65\/100\n|turn|3\n|\n|t:|1698830735\n|move|p1a: Ninetales|Helping Hand|p1b: Walking Wake\n|-singleturn|p1b: Walking Wake|Helping Hand|[of] p1a: Ninetales\n|move|p2a: Fezandipiti|Dazzling Gleam|p1b: Walking Wake|[spread] p1a,p1b\n|-resisted|p1a: Ninetales\n|-crit|p1a: Ninetales\n|-supereffective|p1b: Walking Wake\n|-damage|p1a: Ninetales|87\/100\n|-damage|p1b: Walking Wake|30\/100\n|-status|p1b: Walking Wake|tox|[from] ability: Toxic Chain|[of] p2a: Fezandipiti\n|move|p1b: Walking Wake|Hydro Steam|p2a: Fezandipiti\n|-damage|p2a: Fezandipiti|4\/100\n|move|p2b: Toxapex|Hydro Pump|p1a: Ninetales\n|-supereffective|p1a: Ninetales\n|-damage|p1a: Ninetales|60\/100\n|\n|-weather|SunnyDay|[upkeep]\n|-heal|p2a: Fezandipiti|10\/100|[from] item: Leftovers\n|-damage|p1b: Walking Wake|24\/100 tox|[from] psn\n|upkeep\n|turn|4\n|\n|t:|1698830757\n|move|p1b: Walking Wake|Protect|p1b: Walking Wake\n|-singleturn|p1b: Walking Wake|Protect\n|move|p2a: Fezandipiti|Dazzling Gleam|p1a: Ninetales|[spread] p1a\n|-activate|p1b: Walking Wake|move: Protect\n|-resisted|p1a: Ninetales\n|-damage|p1a: Ninetales|51\/100\n|move|p1a: Ninetales|Heat Wave|p2b: Toxapex|[spread] p2a,p2b\n|-resisted|p2b: Toxapex\n|-damage|p2a: Fezandipiti|0 fnt\n|-damage|p2b: Toxapex|48\/100\n|faint|p2a: Fezandipiti\n|move|p2b: Toxapex|Toxic|p1a: Ninetales\n|-status|p1a: Ninetales|tox\n|\n|-weather|SunnyDay|[upkeep]\n|-damage|p1b: Walking Wake|12\/100 tox|[from] psn\n|-damage|p1a: Ninetales|45\/100 tox|[from] psn\n|upkeep\n|inactive|X-Drags has 120 seconds left.\n|\n|t:|1698830778\n|switch|p2a: Sinistcha|Sinistcha-Masterpiece, shiny|100\/100\n|turn|5\n|\n|t:|1698830790\n|move|p1a: Ninetales|Helping Hand|p1b: Walking Wake\n|-singleturn|p1b: Walking Wake|Helping Hand|[of] p1a: Ninetales\n|move|p1b: Walking Wake|Dragon Pulse|p2b: Toxapex\n|-damage|p2b: Toxapex|0 fnt\n|faint|p2b: Toxapex\n|move|p2a: Sinistcha|Hex|p1a: Ninetales\n|-damage|p1a: Ninetales|0 fnt\n|faint|p1a: Ninetales\n|\n|-weather|SunnyDay|[upkeep]\n|-damage|p1b: Walking Wake|0 fnt|[from] psn\n|faint|p1b: Walking Wake\n|-end|p1b: Walking Wake|Protosynthesis|[silent]\n|-sideend|p2: X-Drags|move: Tailwind\n|upkeep\n|\n|t:|1698830807\n|switch|p1b: Volcanion|Volcanion|100\/100\n|switch|p1a: Chi-Yu|Chi-Yu|100\/100\n|switch|p2b: Clefable|Clefable, M|100\/100\n|-ability|p1a: Chi-Yu|Beads of Ruin\n|turn|6\n|\n|t:|1698830831\n|-terastallize|p2a: Sinistcha|Normal\n|move|p1a: Chi-Yu|Heat Wave|p2a: Sinistcha|[spread] p2a,p2b\n|-damage|p2a: Sinistcha|56\/100\n|-damage|p2b: Clefable|51\/100\n|move|p1b: Volcanion|Heat Wave|p2a: Sinistcha|[spread] p2a,p2b\n|-damage|p2a: Sinistcha|11\/100\n|-damage|p2b: Clefable|0 fnt\n|faint|p2b: Clefable\n|move|p2a: Sinistcha|Calm Mind|p2a: Sinistcha\n|-boost|p2a: Sinistcha|spa|1\n|-boost|p2a: Sinistcha|spd|1\n|\n|-weather|none\n|upkeep\n|-message|X-Drags forfeited.\n|\n|win|keykiko\n|raw|keykiko's rating: 1116 &rarr; <strong>1148<\/strong><br \/>(+32 for winning)\n|raw|X-Drags's rating: 1218 &rarr; <strong>1186<\/strong><br \/>(-32 for losing)\n|l|\u2606X-Drags\n","uploadtime":1698830856,"views":29,"p1id":"keykiko","p2id":"xdrags","formatid":"gen9doublesou","rating":1148,"private":0,"password":""}