{"id":"gen9doublesou-1983324457","p1":"Deriverse","p2":"MisterPoke","format":"[Gen 9] Doubles OU","log":"|j|\u2606Deriverse\n|j|\u2606MisterPoke\n|t:|1699118295\n|gametype|doubles\n|player|p1|Deriverse|roxanne|1513\n|player|p2|MisterPoke|archie-gen6|1401\n|teamsize|p1|6\n|teamsize|p2|6\n|gen|9\n|tier|[Gen 9] Doubles OU\n|rated|\n|rule|Species Clause: Limit one of each Pok\u00e9mon\n|rule|OHKO Clause: OHKO moves are banned\n|rule|Evasion Moves Clause: Evasion moves are banned\n|rule|Gravity Sleep Clause: The combination of sleep-inducing moves with imperfect accuracy and Gravity or Gigantamax Orbeetle are banned\n|rule|Endless Battle Clause: Forcing endless battles is banned\n|rule|HP Percentage Mod: HP is shown in percentages\n|clearpoke\n|poke|p1|Golem-Alola, F|\n|poke|p1|Probopass, M|\n|poke|p1|Farigiraf, M|\n|poke|p1|Amoonguss, F|\n|poke|p1|Iron Hands|\n|poke|p1|Kingambit, F|\n|poke|p2|Empoleon, M|\n|poke|p2|Cresselia, F|\n|poke|p2|Diancie|\n|poke|p2|Kingambit, M|\n|poke|p2|Skeledirge, F|\n|poke|p2|Weezing-Galar, F|\n|teampreview\n|inactive|Battle timer is ON: inactive players will automatically lose when time's up. (requested by MisterPoke)\n|inactive|Deriverse has 120 seconds left.\n|\n|t:|1699118362\n|start\n|switch|p1a: Amoonguss|Amoonguss, F|100\/100\n|switch|p1b: Probopass|Probopass, M, shiny|100\/100\n|switch|p2a: Cresselia|Cresselia, F, shiny|100\/100\n|switch|p2b: Diancie|Diancie, shiny|100\/100\n|-item|p1b: Probopass|Air Balloon\n|turn|1\n|\n|t:|1699118377\n|move|p2b: Diancie|Diamond Storm|p1b: Probopass|[spread] p1a,p1b\n|-resisted|p1b: Probopass\n|-damage|p1a: Amoonguss|75\/100\n|-damage|p1b: Probopass|90\/100\n|-enditem|p1b: Probopass|Air Balloon\n|move|p1b: Probopass|Stealth Rock|p2b: Diancie\n|-sidestart|p2: MisterPoke|move: Stealth Rock\n|move|p1a: Amoonguss|Pollen Puff|p2a: Cresselia\n|-supereffective|p2a: Cresselia\n|-damage|p2a: Cresselia|81\/100\n|move|p2a: Cresselia|Trick Room|p2a: Cresselia\n|-fieldstart|move: Trick Room|[of] p2a: Cresselia\n|\n|-heal|p1a: Amoonguss|82\/100|[from] item: Leftovers\n|-heal|p2a: Cresselia|87\/100|[from] item: Leftovers\n|upkeep\n|turn|2\n|\n|t:|1699118394\n|move|p1a: Amoonguss|Spore|p2b: Diancie\n|-status|p2b: Diancie|slp|[from] move: Spore\n|move|p1b: Probopass|Thunder Wave|p2a: Cresselia\n|-status|p2a: Cresselia|par\n|move|p2a: Cresselia|Psychic|p1a: Amoonguss\n|-supereffective|p1a: Amoonguss\n|-damage|p1a: Amoonguss|50\/100\n|cant|p2b: Diancie|slp\n|\n|-heal|p2a: Cresselia|93\/100 par|[from] item: Leftovers\n|-heal|p1a: Amoonguss|57\/100|[from] item: Leftovers\n|upkeep\n|turn|3\n|\n|t:|1699118418\n|switch|p1a: Golem|Golem-Alola, F|100\/100\n|-item|p1a: Golem|Air Balloon\n|move|p2a: Cresselia|Psychic|p1a: Golem\n|-damage|p1a: Golem|70\/100\n|-enditem|p1a: Golem|Air Balloon\n|move|p1b: Probopass|Power Gem|p2a: Cresselia\n|-damage|p2a: Cresselia|78\/100 par\n|cant|p2b: Diancie|slp\n|\n|-heal|p2a: Cresselia|84\/100 par|[from] item: Leftovers\n|upkeep\n|turn|4\n|\n|t:|1699118442\n|move|p2a: Cresselia|Lunar Blessing|p2a: Cresselia|[spread] p2a,p2b\n|-heal|p2a: Cresselia|100\/100 par\n|-curestatus|p2a: Cresselia|par|[msg]\n|-curestatus|p2b: Diancie|slp|[msg]\n|move|p1b: Probopass|Power Gem|p2b: Diancie\n|-damage|p2b: Diancie|84\/100\n|move|p2b: Diancie|Body Press|p1b: Probopass\n|-supereffective|p1b: Probopass\n|-damage|p1b: Probopass|13\/100\n|move|p1a: Golem|Explosion|p2a: Cresselia|[spread] p1b,p2a,p2b\n|-damage|p1b: Probopass|0 fnt\n|-damage|p2a: Cresselia|18\/100\n|-damage|p2b: Diancie|0 fnt\n|faint|p1a: Golem\n|faint|p1b: Probopass\n|faint|p2b: Diancie\n|\n|-heal|p2a: Cresselia|24\/100|[from] item: Leftovers\n|upkeep\n|\n|t:|1699118466\n|switch|p1b: Amoonguss|Amoonguss, F|90\/100\n|switch|p2b: Skeledirge|Skeledirge, F, shiny|100\/100\n|switch|p1a: Farigiraf|Farigiraf, M|100\/100\n|-damage|p2b: Skeledirge|76\/100|[from] Stealth Rock\n|turn|5\n|\n|t:|1699118479\n|move|p1b: Amoonguss|Spore|p2b: Skeledirge\n|-status|p2b: Skeledirge|slp|[from] move: Spore\n|cant|p2b: Skeledirge|slp\n|move|p1a: Farigiraf|Hyper Voice|p2a: Cresselia|[spread] p2a\n|-immune|p2b: Skeledirge\n|-damage|p2a: Cresselia|6\/100\n|move|p2a: Cresselia|Lunar Blessing|p2a: Cresselia|[spread] p2a,p2b\n|-heal|p2a: Cresselia|31\/100\n|-heal|p2b: Skeledirge|100\/100 slp\n|-curestatus|p2b: Skeledirge|slp|[msg]\n|\n|-heal|p1b: Amoonguss|96\/100|[from] item: Leftovers\n|-heal|p2a: Cresselia|37\/100|[from] item: Leftovers\n|-fieldend|move: Trick Room\n|upkeep\n|turn|6\n|\n|t:|1699118502\n|move|p2a: Cresselia|Lunar Blessing|p2a: Cresselia|[spread] p2a,p2b\n|-heal|p2a: Cresselia|62\/100\n|move|p1a: Farigiraf|Hyper Voice|p2a: Cresselia|[spread] p2a\n|-immune|p2b: Skeledirge\n|-damage|p2a: Cresselia|46\/100\n|move|p2b: Skeledirge|Torch Song|p1b: Amoonguss\n|-supereffective|p1b: Amoonguss\n|-damage|p1b: Amoonguss|24\/100\n|-boost|p2b: Skeledirge|spa|1\n|-damage|p2b: Skeledirge|91\/100|[from] item: Life Orb\n|move|p1b: Amoonguss|Pollen Puff|p2a: Cresselia\n|-supereffective|p2a: Cresselia\n|-damage|p2a: Cresselia|27\/100\n|\n|-heal|p2a: Cresselia|33\/100|[from] item: Leftovers\n|-heal|p1b: Amoonguss|30\/100|[from] item: Leftovers\n|upkeep\n|turn|7\n|inactive|Deriverse has 120 seconds left.\n|\n|t:|1699118533\n|move|p1a: Farigiraf|Ally Switch|p1a: Farigiraf\n|swap|p1a: Farigiraf|1|[from] move: Ally Switch\n|move|p2a: Cresselia|Lunar Blessing|p2a: Cresselia|[spread] p2a,p2b\n|-heal|p2a: Cresselia|58\/100\n|-heal|p2b: Skeledirge|100\/100\n|move|p2b: Skeledirge|Torch Song|p1b: Farigiraf\n|-damage|p1b: Farigiraf|24\/100\n|-boost|p2b: Skeledirge|spa|1\n|-damage|p2b: Skeledirge|91\/100|[from] item: Life Orb\n|move|p1a: Amoonguss|Spore|p2b: Skeledirge\n|-status|p2b: Skeledirge|slp|[from] move: Spore\n|\n|-heal|p2a: Cresselia|64\/100|[from] item: Leftovers\n|-heal|p1b: Farigiraf|30\/100|[from] item: Leftovers\n|-heal|p1a: Amoonguss|37\/100|[from] item: Leftovers\n|upkeep\n|turn|8\n|\n|t:|1699118555\n|switch|p1a: Kingambit|Kingambit, F|100\/100\n|-activate|p1a: Kingambit|ability: Supreme Overlord\n|-start|p1a: Kingambit|fallen2|[silent]\n|move|p2a: Cresselia|Lunar Blessing|p2a: Cresselia|[spread] p2a,p2b\n|-heal|p2a: Cresselia|89\/100\n|-heal|p2b: Skeledirge|100\/100 slp\n|-curestatus|p2b: Skeledirge|slp|[msg]\n|move|p1b: Farigiraf|Future Sight|p2b: Skeledirge\n|-start|p1b: Farigiraf|move: Future Sight\n|move|p2b: Skeledirge|Hyper Voice|p1b: Farigiraf|[spread] p1a,p1b\n|-resisted|p1a: Kingambit\n|-damage|p1a: Kingambit|72\/100\n|-damage|p1b: Farigiraf|0 fnt\n|faint|p1b: Farigiraf\n|-damage|p2b: Skeledirge|91\/100|[from] item: Life Orb\n|\n|-heal|p2a: Cresselia|95\/100|[from] item: Leftovers\n|-heal|p1a: Kingambit|78\/100|[from] item: Leftovers\n|upkeep\n|inactive|Deriverse has 120 seconds left.\n|\n|t:|1699118572\n|switch|p1b: Amoonguss|Amoonguss, F|70\/100\n|turn|9\n|inactive|Deriverse has 120 seconds left.\n|\n|t:|1699118593\n|-terastallize|p1a: Kingambit|Dark\n|move|p1b: Amoonguss|Rage Powder|p1b: Amoonguss\n|-singleturn|p1b: Amoonguss|move: Rage Powder\n|move|p1a: Kingambit|Sucker Punch|p2b: Skeledirge\n|-supereffective|p2b: Skeledirge\n|-damage|p2b: Skeledirge|0 fnt\n|faint|p2b: Skeledirge\n|move|p2a: Cresselia|Psychic|p1b: Amoonguss\n|-supereffective|p1b: Amoonguss\n|-damage|p1b: Amoonguss|36\/100\n|\n|-heal|p2a: Cresselia|100\/100|[from] item: Leftovers\n|-heal|p1a: Kingambit|84\/100|[from] item: Leftovers\n|-heal|p1b: Amoonguss|42\/100|[from] item: Leftovers\n|upkeep\n|\n|t:|1699118603\n|switch|p2b: Empoleon|Empoleon, M|100\/100\n|-damage|p2b: Empoleon|94\/100|[from] Stealth Rock\n|turn|10\n|\n|t:|1699118625\n|switch|p1b: Iron Hands|Iron Hands|100\/100\n|move|p2a: Cresselia|Moonblast|p1a: Kingambit\n|-supereffective|p1a: Kingambit\n|-damage|p1a: Kingambit|52\/100\n|move|p2b: Empoleon|Ice Beam|p1b: Iron Hands\n|-damage|p1b: Iron Hands|70\/100\n|move|p1a: Kingambit|Kowtow Cleave|p2a: Cresselia\n|-supereffective|p2a: Cresselia\n|-damage|p2a: Cresselia|0 fnt\n|faint|p2a: Cresselia\n|\n|-end|p2b: Empoleon|move: Future Sight\n|-resisted|p2b: Empoleon\n|-damage|p2b: Empoleon|77\/100\n|-heal|p1a: Kingambit|59\/100|[from] item: Leftovers\n|-heal|p1b: Iron Hands|76\/100|[from] item: Leftovers\n|upkeep\n|\n|t:|1699118628\n|switch|p2a: Weezing|Weezing-Galar, F|100\/100\n|-ability|p2a: Weezing|Neutralizing Gas\n|-damage|p2a: Weezing|88\/100|[from] Stealth Rock\n|turn|11\n|\n|t:|1699118644\n|move|p2a: Weezing|Strange Steam|p1a: Kingambit\n|-supereffective|p1a: Kingambit\n|-damage|p1a: Kingambit|5\/100\n|move|p2b: Empoleon|Hydro Pump|p1b: Iron Hands\n|-damage|p1b: Iron Hands|22\/100\n|move|p1b: Iron Hands|Drain Punch|p2b: Empoleon\n|-supereffective|p2b: Empoleon\n|-damage|p2b: Empoleon|0 fnt\n|-heal|p1b: Iron Hands|50\/100|[from] drain|[of] p2b: Empoleon\n|faint|p2b: Empoleon\n|move|p1a: Kingambit|Iron Head|p2a: Weezing\n|-supereffective|p2a: Weezing\n|-damage|p2a: Weezing|3\/100\n|\n|-heal|p2a: Weezing|9\/100|[from] item: Leftovers\n|-heal|p1a: Kingambit|11\/100|[from] item: Leftovers\n|-heal|p1b: Iron Hands|56\/100|[from] item: Leftovers\n|upkeep\n|\n|t:|1699118648\n|switch|p2b: Kingambit|Kingambit, M, shiny|100\/100\n|-damage|p2b: Kingambit|94\/100|[from] Stealth Rock\n|turn|12\n|\n|t:|1699118665\n|-terastallize|p2b: Kingambit|Ghost\n|move|p1a: Kingambit|Sucker Punch|p2a: Weezing\n|-resisted|p2a: Weezing\n|-damage|p2a: Weezing|0 fnt\n|faint|p2a: Weezing\n|-end|p2a: Weezing|ability: Neutralizing Gas\n|-activate|p1a: Kingambit|ability: Supreme Overlord\n|-start|p1a: Kingambit|fallen3|[silent]\n|-activate|p2b: Kingambit|ability: Supreme Overlord\n|-start|p2b: Kingambit|fallen5|[silent]\n|move|p1b: Iron Hands|Drain Punch|p2b: Kingambit\n|-immune|p2b: Kingambit\n|move|p2b: Kingambit|Kowtow Cleave|p1b: Iron Hands\n|-resisted|p1b: Iron Hands\n|-damage|p1b: Iron Hands|24\/100\n|\n|-heal|p1a: Kingambit|17\/100|[from] item: Leftovers\n|-heal|p1b: Iron Hands|30\/100|[from] item: Leftovers\n|upkeep\n|turn|13\n|\n|t:|1699118682\n|move|p1a: Kingambit|Sucker Punch|p2b: Kingambit\n|-supereffective|p2b: Kingambit\n|-damage|p2b: Kingambit|0 fnt\n|faint|p2b: Kingambit\n|-end|p2b: Kingambit|fallen5|[silent]\n|\n|win|Deriverse\n|raw|Deriverse's rating: 1513 &rarr; <strong>1527<\/strong><br \/>(+14 for winning)\n|raw|MisterPoke's rating: 1401 &rarr; <strong>1387<\/strong><br \/>(-14 for losing)\n|l|\u2606MisterPoke\n","uploadtime":1699118746,"views":10,"p1id":"deriverse","p2id":"misterpoke","formatid":"gen9doublesou","rating":1387,"private":0,"password":""}