{"id":"gen9doublesou-1993219971","p1":"Sumlax","p2":"The_Kadu","format":"[Gen 9] Doubles OU","log":"|j|\u2606Sumlax\n|j|\u2606The_Kadu\n|t:|1700279786\n|gametype|doubles\n|player|p1|Sumlax|hilda-wonderlauncher|1403\n|player|p2|The_Kadu|palmer|1534\n|teamsize|p1|6\n|teamsize|p2|6\n|gen|9\n|tier|[Gen 9] Doubles OU\n|rated|\n|rule|Species Clause: Limit one of each Pok\u00e9mon\n|rule|OHKO Clause: OHKO moves are banned\n|rule|Evasion Moves Clause: Evasion moves are banned\n|rule|Gravity Sleep Clause: The combination of sleep-inducing moves with imperfect accuracy and Gravity or Gigantamax Orbeetle are banned\n|rule|Endless Battle Clause: Forcing endless battles is banned\n|rule|HP Percentage Mod: HP is shown in percentages\n|clearpoke\n|poke|p1|Kommo-o, F|\n|poke|p1|Glimmora, M|\n|poke|p1|Ninetales-Alola, F|\n|poke|p1|Rillaboom, F|\n|poke|p1|Milotic, F|\n|poke|p1|Umbreon, M|\n|poke|p2|Armarouge, F|\n|poke|p2|Indeedee-F, F|\n|poke|p2|Ursaluna-Bloodmoon, M|\n|poke|p2|Tyranitar, M|\n|poke|p2|Houndstone, M|\n|poke|p2|Roaring Moon|\n|teampreview\n|\n|t:|1700279795\n|start\n|switch|p1a: Glimmora|Glimmora, M|100\/100\n|switch|p1b: Rillaboom|Rillaboom, F|100\/100\n|switch|p2a: Armarouge|Armarouge, F|100\/100\n|switch|p2b: Indeedee|Indeedee-F, F, shiny|100\/100\n|-fieldstart|move: Grassy Terrain|[from] ability: Grassy Surge|[of] p1b: Rillaboom\n|-fieldstart|move: Psychic Terrain|[from] ability: Psychic Surge|[of] p2b: Indeedee\n|turn|1\n|inactive|Battle timer is ON: inactive players will automatically lose when time's up. (requested by The_Kadu)\n|\n|t:|1700279814\n|switch|p1a: Umbreon|Umbreon, M|100\/100\n|switch|p1b: Milotic|Milotic, F|100\/100\n|move|p2b: Indeedee|Follow Me|p2b: Indeedee\n|-singleturn|p2b: Indeedee|move: Follow Me\n|move|p2a: Armarouge|Trick Room|p2a: Armarouge\n|-fieldstart|move: Trick Room|[of] p2a: Armarouge\n|\n|upkeep\n|turn|2\n|\n|t:|1700279843\n|move|p1a: Umbreon|Foul Play|p2a: Armarouge\n|-supereffective|p2a: Armarouge\n|-damage|p2a: Armarouge|70\/100\n|move|p2a: Armarouge|Aura Sphere|p1a: Umbreon\n|-supereffective|p1a: Umbreon\n|-damage|p1a: Umbreon|60\/100\n|-damage|p2a: Armarouge|60\/100|[from] item: Life Orb\n|move|p1b: Milotic|Life Dew||[still]|[spread] p1a,p1b\n|-heal|p1a: Umbreon|85\/100\n|-fail|p1b: Milotic|heal\n|move|p2b: Indeedee|Dazzling Gleam|p1b: Milotic|[spread] p1a,p1b\n|-supereffective|p1a: Umbreon\n|-damage|p1a: Umbreon|72\/100\n|-damage|p1b: Milotic|93\/100\n|\n|-heal|p1a: Umbreon|78\/100|[from] item: Leftovers\n|-heal|p1b: Milotic|99\/100|[from] item: Leftovers\n|upkeep\n|turn|3\n|\n|t:|1700279865\n|move|p2b: Indeedee|Helping Hand|p2a: Armarouge\n|-singleturn|p2a: Armarouge|Helping Hand|[of] p2b: Indeedee\n|move|p1a: Umbreon|Wish|p1a: Umbreon\n|move|p2a: Armarouge|Aura Sphere|p1a: Umbreon\n|-supereffective|p1a: Umbreon\n|-damage|p1a: Umbreon|13\/100\n|-damage|p2a: Armarouge|50\/100|[from] item: Life Orb\n|move|p1b: Milotic|Scald|p2a: Armarouge\n|-supereffective|p2a: Armarouge\n|-damage|p2a: Armarouge|0 fnt\n|faint|p2a: Armarouge\n|\n|-heal|p1a: Umbreon|20\/100|[from] item: Leftovers\n|-heal|p1b: Milotic|100\/100|[from] item: Leftovers\n|upkeep\n|inactive|The_Kadu has 120 seconds left.\n|\n|t:|1700279882\n|switch|p2a: Ursaluna|Ursaluna-Bloodmoon, M|100\/100\n|turn|4\n|\n|t:|1700279900\n|switch|p1a: Glimmora|Glimmora, M|100\/100\n|move|p2b: Indeedee|Helping Hand|p2a: Ursaluna\n|-singleturn|p2a: Ursaluna|Helping Hand|[of] p2b: Indeedee\n|move|p2a: Ursaluna|Blood Moon|p1b: Milotic\n|-damage|p1b: Milotic|31\/100\n|move|p1b: Milotic|Dragon Tail|p2b: Indeedee\n|-damage|p2b: Indeedee|92\/100\n|drag|p2b: Roaring Moon|Roaring Moon|100\/100\n|-enditem|p2b: Roaring Moon|Booster Energy\n|-activate|p2b: Roaring Moon|ability: Protosynthesis|[fromitem]\n|-start|p2b: Roaring Moon|protosynthesisatk\n|\n|-heal|p1b: Milotic|37\/100|[from] item: Leftovers\n|upkeep\n|turn|5\n|\n|t:|1700279925\n|move|p1b: Milotic|Protect|p1b: Milotic\n|-singleturn|p1b: Milotic|Protect\n|move|p2a: Ursaluna|Earth Power|p1a: Glimmora\n|-supereffective|p1a: Glimmora\n|-enditem|p1a: Glimmora|Focus Sash\n|-damage|p1a: Glimmora|1\/100\n|move|p1a: Glimmora|Mortal Spin|p2a: Ursaluna|[spread] p2a,p2b\n|-resisted|p2a: Ursaluna\n|-damage|p2a: Ursaluna|99\/100\n|-damage|p2b: Roaring Moon|95\/100\n|-status|p2a: Ursaluna|psn\n|-status|p2b: Roaring Moon|psn\n|move|p2b: Roaring Moon|Dragon Dance|p2b: Roaring Moon\n|-boost|p2b: Roaring Moon|atk|1\n|-boost|p2b: Roaring Moon|spe|1\n|\n|-heal|p1b: Milotic|43\/100|[from] item: Leftovers\n|-damage|p2a: Ursaluna|87\/100 psn|[from] psn\n|-damage|p2b: Roaring Moon|82\/100 psn|[from] psn\n|-fieldend|move: Trick Room\n|upkeep\n|turn|6\n|inactive|Sumlax has 120 seconds left.\n|\n|t:|1700279956\n|switch|p1b: Umbreon|Umbreon, M|20\/100\n|move|p2b: Roaring Moon|Crunch|p1b: Umbreon\n|-resisted|p1b: Umbreon\n|-damage|p1b: Umbreon|0 fnt\n|faint|p1b: Umbreon\n|move|p1a: Glimmora|Sludge Wave|p2a: Ursaluna|[spread] p2a,p2b\n|-resisted|p2a: Ursaluna\n|-crit|p2a: Ursaluna\n|-crit|p2b: Roaring Moon\n|-damage|p2a: Ursaluna|54\/100 psn\n|-damage|p2b: Roaring Moon|20\/100 psn\n|move|p2a: Ursaluna|Hyper Voice|p1a: Glimmora\n|-resisted|p1a: Glimmora\n|-damage|p1a: Glimmora|0 fnt\n|faint|p1a: Glimmora\n|\n|-damage|p2b: Roaring Moon|7\/100 psn|[from] psn\n|-damage|p2a: Ursaluna|42\/100 psn|[from] psn\n|upkeep\n|inactive|Sumlax has 120 seconds left.\n|\n|t:|1700279983\n|switch|p1a: Ninetales|Ninetales-Alola, F|100\/100\n|switch|p1b: Rillaboom|Rillaboom, F|100\/100\n|-weather|Snow|[from] ability: Snow Warning|[of] p1a: Ninetales\n|-fieldstart|move: Grassy Terrain|[from] ability: Grassy Surge|[of] p1b: Rillaboom\n|turn|7\n|j| jerket\n|inactive|Sumlax has 120 seconds left.\n|\n|t:|1700279998\n|switch|p1b: Milotic|Milotic, F|43\/100\n|switch|p2a: Indeedee|Indeedee-F, F, shiny|92\/100\n|-fieldstart|move: Psychic Terrain|[from] ability: Psychic Surge|[of] p2a: Indeedee\n|-terastallize|p1a: Ninetales|Fire\n|move|p2b: Roaring Moon|Iron Head|p1a: Ninetales\n|-resisted|p1a: Ninetales\n|-damage|p1a: Ninetales|60\/100\n|move|p1a: Ninetales|Aurora Veil|p1a: Ninetales\n|-sidestart|p1: Sumlax|move: Aurora Veil\n|\n|-weather|Snow|[upkeep]\n|-heal|p1b: Milotic|49\/100|[from] item: Leftovers\n|-damage|p2b: Roaring Moon|0 fnt|[from] psn\n|faint|p2b: Roaring Moon\n|-end|p2b: Roaring Moon|Protosynthesis|[silent]\n|upkeep\n|\n|t:|1700280017\n|switch|p2b: Ursaluna|Ursaluna-Bloodmoon, M|42\/100 psn\n|turn|8\n|\n|t:|1700280028\n|move|p1a: Ninetales|Blizzard|p2b: Ursaluna|[spread] p2a,p2b\n|-supereffective|p2b: Ursaluna\n|-damage|p2a: Indeedee|70\/100\n|-damage|p2b: Ursaluna|0 fnt\n|faint|p2b: Ursaluna\n|move|p2a: Indeedee|Heal Pulse|p2: Ursaluna|[notarget]\n|-fail|p2a: Indeedee\n|move|p1b: Milotic|Life Dew|p1b: Milotic|[spread] p1a,p1b\n|-heal|p1a: Ninetales|85\/100\n|-heal|p1b: Milotic|75\/100\n|\n|-weather|Snow|[upkeep]\n|-heal|p1b: Milotic|81\/100|[from] item: Leftovers\n|upkeep\n|\n|t:|1700280041\n|switch|p2b: Tyranitar|Tyranitar, M|100\/100\n|-weather|Sandstorm|[from] ability: Sand Stream|[of] p2b: Tyranitar\n|turn|9\n|\n|t:|1700280049\n|switch|p1a: Kommo-o|Kommo-o, F|100\/100\n|switch|p1b: Rillaboom|Rillaboom, F|100\/100\n|-fieldstart|move: Grassy Terrain|[from] ability: Grassy Surge|[of] p1b: Rillaboom\n|move|p2a: Indeedee|Follow Me|p2a: Indeedee\n|-singleturn|p2a: Indeedee|move: Follow Me\n|move|p2b: Tyranitar|Dragon Dance|p2b: Tyranitar\n|-boost|p2b: Tyranitar|atk|1\n|-boost|p2b: Tyranitar|spe|1\n|\n|-weather|Sandstorm|[upkeep]\n|-damage|p2a: Indeedee|64\/100|[from] Sandstorm\n|-damage|p1b: Rillaboom|94\/100|[from] Sandstorm\n|-heal|p1b: Rillaboom|100\/100|[from] Grassy Terrain\n|-heal|p2a: Indeedee|70\/100|[from] Grassy Terrain\n|upkeep\n|turn|10\n|\n|t:|1700280071\n|move|p2a: Indeedee|Helping Hand|p2b: Tyranitar\n|-singleturn|p2b: Tyranitar|Helping Hand|[of] p2a: Indeedee\n|move|p1b: Rillaboom|Fake Out|p2a: Indeedee\n|-crit|p2a: Indeedee\n|-damage|p2a: Indeedee|48\/100\n|move|p2b: Tyranitar|Earthquake|p1a: Kommo-o|[spread] p2a,p1a,p1b\n|-resisted|p1b: Rillaboom\n|-damage|p2a: Indeedee|17\/100\n|-damage|p1a: Kommo-o|82\/100\n|-damage|p1b: Rillaboom|91\/100\n|move|p1a: Kommo-o|Drain Punch|p2b: Tyranitar\n|-supereffective|p2b: Tyranitar\n|-damage|p2b: Tyranitar|0 fnt\n|-heal|p1a: Kommo-o|100\/100|[from] drain|[of] p2b: Tyranitar\n|faint|p2b: Tyranitar\n|\n|-weather|Sandstorm|[upkeep]\n|-damage|p2a: Indeedee|11\/100|[from] Sandstorm\n|-damage|p1b: Rillaboom|85\/100|[from] Sandstorm\n|-heal|p1b: Rillaboom|91\/100|[from] Grassy Terrain\n|-heal|p2a: Indeedee|17\/100|[from] Grassy Terrain\n|upkeep\n|inactive|The_Kadu has 120 seconds left.\n|\n|t:|1700280091\n|switch|p2b: Houndstone|Houndstone, M|100\/100\n|turn|11\n|\n|t:|1700280100\n|-terastallize|p2b: Houndstone|Ghost\n|move|p2a: Indeedee|Helping Hand|p2b: Houndstone\n|-singleturn|p2b: Houndstone|Helping Hand|[of] p2a: Indeedee\n|move|p2b: Houndstone|Last Respects|p1b: Rillaboom\n|-damage|p1b: Rillaboom|0 fnt\n|faint|p1b: Rillaboom\n|move|p1a: Kommo-o|Shadow Claw|p2b: Houndstone\n|-supereffective|p2b: Houndstone\n|-damage|p2b: Houndstone|41\/100\n|\n|-weather|Sandstorm|[upkeep]\n|-damage|p2a: Indeedee|11\/100|[from] Sandstorm\n|-heal|p2b: Houndstone|47\/100|[from] Grassy Terrain\n|-heal|p2a: Indeedee|17\/100|[from] Grassy Terrain\n|upkeep\n|\n|t:|1700280113\n|switch|p1b: Ninetales|Ninetales-Alola, F, tera:Fire|85\/100\n|-weather|Snow|[from] ability: Snow Warning|[of] p1b: Ninetales\n|turn|12\n|\n|t:|1700280122\n|move|p2a: Indeedee|Follow Me|p2a: Indeedee\n|-singleturn|p2a: Indeedee|move: Follow Me\n|move|p1b: Ninetales|Blizzard|p2b: Houndstone|[spread] p2a,p2b\n|-damage|p2a: Indeedee|0 fnt\n|-damage|p2b: Houndstone|25\/100\n|faint|p2a: Indeedee\n|move|p2b: Houndstone|Last Respects|p1a: Kommo-o\n|-damage|p1a: Kommo-o|0 fnt\n|faint|p1a: Kommo-o\n|\n|-weather|Snow|[upkeep]\n|-heal|p1b: Ninetales|91\/100|[from] Grassy Terrain\n|-heal|p2b: Houndstone|31\/100|[from] Grassy Terrain\n|upkeep\n|\n|t:|1700280129\n|switch|p1a: Milotic|Milotic, F|81\/100\n|turn|13\n|\n|t:|1700280140\n|move|p1b: Ninetales|Blizzard|p2b: Houndstone\n|-damage|p2b: Houndstone|4\/100\n|move|p2b: Houndstone|Last Respects|p1b: Ninetales\n|-damage|p1b: Ninetales|0 fnt\n|faint|p1b: Ninetales\n|move|p1a: Milotic|Scald|p2b: Houndstone\n|-damage|p2b: Houndstone|0 fnt\n|faint|p2b: Houndstone\n|\n|win|Sumlax\n|raw|Sumlax's rating: 1403 &rarr; <strong>1430<\/strong><br \/>(+27 for winning)\n|raw|The_Kadu's rating: 1534 &rarr; <strong>1507<\/strong><br \/>(-27 for losing)\n|c|\u2606Sumlax|gg\n|l|\u2606The_Kadu\n","uploadtime":1700280176,"views":32,"p1id":"sumlax","p2id":"thekadu","formatid":"gen9doublesou","rating":1430,"private":0,"password":""}