{"id":"gen9doublesou-1980878104","p1":"TheSavageShadow","p2":"atfer","format":"[Gen 9] Doubles OU","log":"|j|\u2606TheSavageShadow\n|j|\u2606atfer\n|t:|1698845174\n|gametype|doubles\n|player|p1|TheSavageShadow|benga|\n|player|p2|atfer|iris-gen5bw2|\n|teamsize|p1|6\n|teamsize|p2|6\n|gen|9\n|tier|[Gen 9] Doubles OU\n|rule|Species Clause: Limit one of each Pok\u00e9mon\n|rule|OHKO Clause: OHKO moves are banned\n|rule|Evasion Moves Clause: Evasion moves are banned\n|rule|Gravity Sleep Clause: The combination of sleep-inducing moves with imperfect accuracy and Gravity or Gigantamax Orbeetle are banned\n|rule|Endless Battle Clause: Forcing endless battles is banned\n|rule|HP Percentage Mod: HP is shown in percentages\n|clearpoke\n|poke|p1|Armarouge, F|\n|poke|p1|Torkoal, M|\n|poke|p1|Basculegion-F, F|\n|poke|p1|Charizard, M|\n|poke|p1|Flutter Mane|\n|poke|p1|Roaring Moon|\n|poke|p2|Chien-Pao|\n|poke|p2|Diancie|\n|poke|p2|Volcanion|\n|poke|p2|Kingambit, M|\n|poke|p2|Farigiraf, F|\n|poke|p2|Sinistcha-Masterpiece|\n|teampreview\n|\n|t:|1698845188\n|start\n|switch|p1a: Torkoal|Torkoal, M, shiny|100\/100\n|switch|p1b: Roaring Moon|Roaring Moon|100\/100\n|switch|p2a: Volcanion|Volcanion|100\/100\n|switch|p2b: Farigiraf|Farigiraf, F|100\/100\n|-weather|SunnyDay|[from] ability: Drought|[of] p1a: Torkoal\n|-activate|p1b: Roaring Moon|ability: Protosynthesis\n|-start|p1b: Roaring Moon|protosynthesisatk\n|turn|1\n|\n|t:|1698845224\n|switch|p1a: Charizard|Charizard, M, shiny|100\/100\n|move|p1b: Roaring Moon|Earthquake|p2b: Farigiraf|[spread] p2a,p2b\n|-immune|p1a: Charizard\n|-supereffective|p2a: Volcanion\n|-damage|p2a: Volcanion|43\/100\n|-damage|p2b: Farigiraf|64\/100\n|move|p2a: Volcanion|Focus Blast|p1a: Charizard\n|-resisted|p1a: Charizard\n|-damage|p1a: Charizard|79\/100\n|move|p2b: Farigiraf|Dazzling Gleam|p1a: Charizard|[spread] p1a,p1b\n|-resisted|p1a: Charizard\n|-supereffective|p1b: Roaring Moon\n|-damage|p1a: Charizard|66\/100\n|-damage|p1b: Roaring Moon|24\/100\n|\n|-weather|SunnyDay|[upkeep]\n|-damage|p1a: Charizard|53\/100|[from] ability: Solar Power|[of] p1a: Charizard\n|upkeep\n|turn|2\n|\n|t:|1698845256\n|move|p2b: Farigiraf|Ally Switch|p2b: Farigiraf\n|swap|p2b: Farigiraf|0|[from] move: Ally Switch\n|move|p1b: Roaring Moon|Earthquake|p2b: Volcanion|[spread] p2a,p2b\n|-immune|p1a: Charizard\n|-supereffective|p2b: Volcanion\n|-damage|p2a: Farigiraf|29\/100\n|-damage|p2b: Volcanion|0 fnt\n|faint|p2b: Volcanion\n|move|p1a: Charizard|Flamethrower|p2a: Farigiraf\n|-damage|p2a: Farigiraf|0 fnt\n|faint|p2a: Farigiraf\n|-damage|p1a: Charizard|44\/100|[from] item: Life Orb\n|\n|-weather|SunnyDay|[upkeep]\n|-damage|p1a: Charizard|31\/100|[from] ability: Solar Power|[of] p1a: Charizard\n|upkeep\n|\n|t:|1698845272\n|switch|p2b: Diancie|Diancie|100\/100\n|switch|p2a: Sinistcha|Sinistcha-Masterpiece|100\/100\n|turn|3\n|\n|t:|1698845295\n|move|p1b: Roaring Moon|Earthquake|p2a: Sinistcha|[spread] p2a,p2b\n|-immune|p1a: Charizard\n|-resisted|p2a: Sinistcha\n|-supereffective|p2b: Diancie\n|-damage|p2a: Sinistcha|89\/100\n|-damage|p2b: Diancie|43\/100\n|move|p1a: Charizard|Flamethrower|p2a: Sinistcha\n|-supereffective|p2a: Sinistcha\n|-damage|p2a: Sinistcha|0 fnt\n|faint|p2a: Sinistcha\n|-damage|p1a: Charizard|21\/100|[from] item: Life Orb\n|move|p2b: Diancie|Reflect|p2b: Diancie\n|-sidestart|p2: atfer|Reflect\n|\n|-weather|SunnyDay|[upkeep]\n|-damage|p1a: Charizard|9\/100|[from] ability: Solar Power|[of] p1a: Charizard\n|upkeep\n|\n|t:|1698845311\n|switch|p2a: Chien-Pao|Chien-Pao|100\/100\n|-ability|p2a: Chien-Pao|Sword of Ruin\n|turn|4\n|\n|t:|1698845324\n|move|p1b: Roaring Moon|Earthquake|p2a: Chien-Pao|[spread] p2a,p2b\n|-immune|p1a: Charizard\n|-supereffective|p2b: Diancie\n|-crit|p2b: Diancie\n|-damage|p2a: Chien-Pao|67\/100\n|-damage|p2b: Diancie|0 fnt\n|faint|p2b: Diancie\n|move|p2a: Chien-Pao|Facade|p1a: Charizard\n|-damage|p1a: Charizard|0 fnt\n|faint|p1a: Charizard\n|\n|-weather|SunnyDay|[upkeep]\n|upkeep\n|\n|t:|1698845337\n|switch|p1a: Armarouge|Armarouge, F, shiny|100\/100\n|switch|p2b: Kingambit|Kingambit, M|100\/100\n|-activate|p2b: Kingambit|ability: Supreme Overlord\n|-start|p2b: Kingambit|fallen4|[silent]\n|turn|5\n|\n|t:|1698845365\n|move|p1b: Roaring Moon|Knock Off|p2a: Chien-Pao\n|-resisted|p2a: Chien-Pao\n|-damage|p2a: Chien-Pao|45\/100\n|move|p2a: Chien-Pao|Facade|p1b: Roaring Moon\n|-damage|p1b: Roaring Moon|0 fnt\n|faint|p1b: Roaring Moon\n|-end|p1b: Roaring Moon|Protosynthesis|[silent]\n|move|p1a: Armarouge|Armor Cannon|p2b: Kingambit\n|-supereffective|p2b: Kingambit\n|-damage|p2b: Kingambit|0 fnt\n|-unboost|p1a: Armarouge|def|1\n|-unboost|p1a: Armarouge|spd|1\n|faint|p2b: Kingambit\n|-end|p2b: Kingambit|fallen4|[silent]\n|\n|-weather|SunnyDay|[upkeep]\n|upkeep\n|\n|t:|1698845383\n|switch|p1b: Flutter Mane|Flutter Mane, shiny|100\/100\n|-activate|p1b: Flutter Mane|ability: Protosynthesis\n|-start|p1b: Flutter Mane|protosynthesisspe\n|turn|6\n|\n|t:|1698845411\n|-terastallize|p1a: Armarouge|Fighting\n|move|p1b: Flutter Mane|Dazzling Gleam|p2a: Chien-Pao\n|-supereffective|p2a: Chien-Pao\n|-damage|p2a: Chien-Pao|0 fnt\n|faint|p2a: Chien-Pao\n|\n|win|TheSavageShadow\n","uploadtime":1698845422,"views":20,"p1id":"thesavageshadow","p2id":"atfer","formatid":"gen9doublesou","rating":0,"private":0,"password":""}