{"id":"gen9doublesou-1979647320","p1":"Sammie93","p2":"Bluesnowflakes","format":"[Gen 9] Doubles OU","log":"|j|\u2606Sammie93\n|j|\u2606Bluesnowflakes\n|t:|1698699644\n|gametype|doubles\n|player|p1|Sammie93|biker|1030\n|player|p2|Bluesnowflakes|waitress|1022\n|teamsize|p1|6\n|teamsize|p2|6\n|gen|9\n|tier|[Gen 9] Doubles OU\n|rated|\n|rule|Species Clause: Limit one of each Pok\u00e9mon\n|rule|OHKO Clause: OHKO moves are banned\n|rule|Evasion Moves Clause: Evasion moves are banned\n|rule|Gravity Sleep Clause: The combination of sleep-inducing moves with imperfect accuracy and Gravity or Gigantamax Orbeetle are banned\n|rule|Endless Battle Clause: Forcing endless battles is banned\n|rule|HP Percentage Mod: HP is shown in percentages\n|clearpoke\n|poke|p1|Maushold-Four|\n|poke|p1|Toedscruel, F|\n|poke|p1|Pyroar, M|\n|poke|p1|Gallade, M|\n|poke|p1|Luxray, M|\n|poke|p1|Greninja-*, M|\n|poke|p2|Pachirisu, F|\n|poke|p2|Chi-Yu|\n|poke|p2|Basculegion-F, F|\n|poke|p2|Dipplin, F|\n|poke|p2|Volcarona, F|\n|poke|p2|Goodra-Hisui, F|\n|teampreview\n|\n|t:|1698699654\n|start\n|switch|p1a: Maushold|Maushold-Four|100\/100\n|switch|p1b: Pyroar|Pyroar, M|100\/100\n|switch|p2a: Pachirisu|Pachirisu, F, shiny|100\/100\n|switch|p2b: Volcarona|Volcarona, F, shiny|100\/100\n|turn|1\n|\n|t:|1698699667\n|move|p2a: Pachirisu|Follow Me|p2a: Pachirisu\n|-singleturn|p2a: Pachirisu|move: Follow Me\n|move|p1a: Maushold|Population Bomb|p2a: Pachirisu\n|-damage|p2a: Pachirisu|87\/100\n|-damage|p2a: Pachirisu|74\/100\n|-damage|p2a: Pachirisu|61\/100\n|-damage|p2a: Pachirisu|46\/100\n|-damage|p2a: Pachirisu|31\/100\n|-damage|p2a: Pachirisu|17\/100\n|-damage|p2a: Pachirisu|3\/100\n|-damage|p2a: Pachirisu|0 fnt\n|faint|p2a: Pachirisu\n|-hitcount|p2: Pachirisu|8\n|move|p1b: Pyroar|Fire Blast|p2b: Volcarona\n|-damage|p2b: Volcarona|45\/100\n|move|p2b: Volcarona|Quiver Dance|p2b: Volcarona\n|-boost|p2b: Volcarona|spa|1\n|-boost|p2b: Volcarona|spd|1\n|-boost|p2b: Volcarona|spe|1\n|\n|upkeep\n|\n|t:|1698699684\n|switch|p2a: Dipplin|Dipplin, F, shiny|100\/100\n|-ability|p2a: Dipplin|Supersweet Syrup\n|-ability|p2a: Dipplin|Supersweet Syrup|boost\n|-unboost|p1a: Maushold|evasion|1\n|-unboost|p1b: Pyroar|evasion|1\n|turn|2\n|\n|t:|1698699698\n|move|p2b: Volcarona|Giga Drain|p1a: Maushold\n|-damage|p1a: Maushold|39\/100\n|-heal|p2b: Volcarona|74\/100|[from] drain|[of] p1a: Maushold\n|move|p1a: Maushold|Population Bomb|p2a: Dipplin\n|-damage|p2a: Dipplin|91\/100\n|-damage|p2a: Dipplin|81\/100\n|-damage|p2a: Dipplin|72\/100\n|-damage|p2a: Dipplin|63\/100\n|-damage|p2a: Dipplin|54\/100\n|-damage|p2a: Dipplin|45\/100\n|-damage|p2a: Dipplin|36\/100\n|-damage|p2a: Dipplin|27\/100\n|-damage|p2a: Dipplin|17\/100\n|-damage|p2a: Dipplin|8\/100\n|-hitcount|p2a: Dipplin|10\n|move|p1b: Pyroar|Fire Blast|p2b: Volcarona\n|-damage|p2b: Volcarona|39\/100\n|move|p2a: Dipplin|Pollen Puff|p2b: Volcarona\n|-heal|p2b: Volcarona|89\/100\n|-damage|p2a: Dipplin|0 fnt|[from] item: Life Orb\n|faint|p2a: Dipplin\n|\n|upkeep\n|\n|t:|1698699727\n|switch|p2a: Goodra|Goodra-Hisui, F, shiny|100\/100\n|turn|3\n|\n|t:|1698699741\n|move|p2b: Volcarona|Fiery Dance|p1b: Pyroar\n|-resisted|p1b: Pyroar\n|-damage|p1b: Pyroar|46\/100\n|move|p1a: Maushold|Population Bomb|p2b: Volcarona\n|-damage|p2b: Volcarona|72\/100\n|-damage|p2b: Volcarona|54\/100\n|-damage|p2b: Volcarona|36\/100\n|-status|p1a: Maushold|brn|[from] ability: Flame Body|[of] p2b: Volcarona\n|-damage|p2b: Volcarona|28\/100\n|-damage|p2b: Volcarona|19\/100\n|-damage|p2b: Volcarona|11\/100\n|-damage|p2b: Volcarona|2\/100\n|-damage|p2b: Volcarona|0 fnt\n|faint|p2b: Volcarona\n|-hitcount|p2: Volcarona|8\n|move|p1b: Pyroar|Fire Blast|p2a: Goodra\n|-damage|p2a: Goodra|67\/100\n|move|p2a: Goodra|Acid Armor|p2a: Goodra\n|-boost|p2a: Goodra|def|2\n|\n|-heal|p2a: Goodra|73\/100|[from] item: Leftovers\n|-damage|p1a: Maushold|32\/100 brn|[from] brn\n|upkeep\n|\n|t:|1698699751\n|switch|p2b: Chi-Yu|Chi-Yu|100\/100\n|-ability|p2b: Chi-Yu|Beads of Ruin\n|turn|4\n|\n|t:|1698699775\n|move|p1a: Maushold|Population Bomb|p2b: Chi-Yu\n|-damage|p2b: Chi-Yu|90\/100\n|-damage|p2b: Chi-Yu|79\/100\n|-damage|p2b: Chi-Yu|69\/100\n|-damage|p2b: Chi-Yu|59\/100\n|-damage|p2b: Chi-Yu|49\/100\n|-damage|p2b: Chi-Yu|39\/100\n|-damage|p2b: Chi-Yu|29\/100\n|-damage|p2b: Chi-Yu|20\/100\n|-damage|p2b: Chi-Yu|10\/100\n|-damage|p2b: Chi-Yu|0 fnt\n|faint|p2b: Chi-Yu\n|-hitcount|p2: Chi-Yu|10\n|move|p1b: Pyroar|Hyper Voice|p2a: Goodra\n|-resisted|p2a: Goodra\n|-damage|p2a: Goodra|60\/100\n|move|p2a: Goodra|Acid Armor|p2a: Goodra\n|-boost|p2a: Goodra|def|2\n|\n|-heal|p2a: Goodra|66\/100|[from] item: Leftovers\n|-damage|p1a: Maushold|26\/100 brn|[from] brn\n|upkeep\n|\n|t:|1698699779\n|switch|p2b: Basculegion|Basculegion-F, F, shiny|100\/100\n|turn|5\n|\n|t:|1698699821\n|move|p2b: Basculegion|Last Respects|p1a: Maushold\n|-immune|p1a: Maushold\n|move|p1a: Maushold|Population Bomb|p2b: Basculegion\n|-immune|p2b: Basculegion\n|move|p1b: Pyroar|Fire Blast|p2a: Goodra\n|-damage|p2a: Goodra|35\/100\n|move|p2a: Goodra|Body Press|p1b: Pyroar\n|-supereffective|p1b: Pyroar\n|-damage|p1b: Pyroar|0 fnt\n|faint|p1b: Pyroar\n|\n|-heal|p2a: Goodra|41\/100|[from] item: Leftovers\n|-damage|p1a: Maushold|20\/100 brn|[from] brn\n|upkeep\n|\n|t:|1698699837\n|switch|p1b: Luxray|Luxray, M|100\/100\n|-ability|p1b: Luxray|Intimidate|boost\n|-unboost|p2a: Goodra|atk|1\n|-unboost|p2b: Basculegion|atk|1\n|turn|6\n|\n|t:|1698699848\n|move|p2b: Basculegion|Last Respects|p1b: Luxray\n|-damage|p1b: Luxray|0 fnt\n|faint|p1b: Luxray\n|move|p1a: Maushold|Population Bomb|p2a: Goodra\n|-resisted|p2a: Goodra\n|-damage|p2a: Goodra|41\/100\n|-resisted|p2a: Goodra\n|-damage|p2a: Goodra|40\/100\n|-resisted|p2a: Goodra\n|-damage|p2a: Goodra|39\/100\n|-resisted|p2a: Goodra\n|-damage|p2a: Goodra|39\/100\n|-resisted|p2a: Goodra\n|-damage|p2a: Goodra|38\/100\n|-resisted|p2a: Goodra\n|-damage|p2a: Goodra|38\/100\n|-resisted|p2a: Goodra\n|-damage|p2a: Goodra|37\/100\n|-resisted|p2a: Goodra\n|-damage|p2a: Goodra|37\/100\n|-resisted|p2a: Goodra\n|-damage|p2a: Goodra|36\/100\n|-resisted|p2a: Goodra\n|-damage|p2a: Goodra|35\/100\n|-hitcount|p2a: Goodra|10\n|move|p2a: Goodra|Body Press|p1a: Maushold\n|-supereffective|p1a: Maushold\n|-damage|p1a: Maushold|0 fnt\n|faint|p1a: Maushold\n|\n|-heal|p2a: Goodra|42\/100|[from] item: Leftovers\n|upkeep\n|\n|t:|1698699859\n|switch|p1a: Toedscruel|Toedscruel, F|100\/100\n|switch|p1b: Gallade|Gallade, M|100\/100\n|turn|7\n|\n|t:|1698699871\n|move|p2b: Basculegion|Last Respects|p1b: Gallade\n|-supereffective|p1b: Gallade\n|-damage|p1b: Gallade|0 fnt\n|faint|p1b: Gallade\n|move|p2a: Goodra|Heavy Slam|p1a: Toedscruel\n|-damage|p1a: Toedscruel|59\/100\n|move|p1a: Toedscruel|Spore|p2b: Basculegion\n|-status|p2b: Basculegion|slp|[from] move: Spore\n|\n|-heal|p2a: Goodra|48\/100|[from] item: Leftovers\n|upkeep\n|\n|t:|1698699885\n|switch|p1b: Greninja|Greninja, M|100\/100\n|turn|8\n|\n|t:|1698699894\n|cant|p2b: Basculegion|slp\n|move|p1b: Greninja|Blizzard|p2a: Goodra|[spread] p2a,p2b\n|-resisted|p2b: Basculegion\n|-damage|p2a: Goodra|31\/100\n|-damage|p2b: Basculegion|86\/100 slp\n|move|p2a: Goodra|Body Press|p1b: Greninja\n|-supereffective|p1b: Greninja\n|-damage|p1b: Greninja|0 fnt\n|faint|p1b: Greninja\n|move|p1a: Toedscruel|Spore|p2a: Goodra\n|-status|p2a: Goodra|slp|[from] move: Spore\n|\n|-heal|p2a: Goodra|38\/100 slp|[from] item: Leftovers\n|upkeep\n|turn|9\n|\n|t:|1698699907\n|cant|p2a: Goodra|slp\n|cant|p2b: Basculegion|slp\n|move|p1a: Toedscruel|Leaf Storm|p2b: Basculegion\n|-supereffective|p2b: Basculegion\n|-damage|p2b: Basculegion|0 fnt\n|-unboost|p1a: Toedscruel|spa|2\n|faint|p2b: Basculegion\n|\n|-heal|p2a: Goodra|44\/100 slp|[from] item: Leftovers\n|upkeep\n|turn|10\n|\n|t:|1698699917\n|move|p1a: Toedscruel|Leaf Storm|p2a: Goodra\n|-ability|p2a: Goodra|Sap Sipper|boost\n|-boost|p2a: Goodra|atk|1\n|-curestatus|p2a: Goodra|slp|[msg]\n|move|p2a: Goodra|Heavy Slam|p1a: Toedscruel\n|-damage|p1a: Toedscruel|4\/100\n|\n|-heal|p2a: Goodra|50\/100|[from] item: Leftovers\n|upkeep\n|turn|11\n|\n|t:|1698699926\n|move|p2a: Goodra|Protect|p2a: Goodra\n|-singleturn|p2a: Goodra|Protect\n|move|p1a: Toedscruel|Leaf Storm|p2a: Goodra\n|-activate|p2a: Goodra|move: Protect\n|\n|-heal|p2a: Goodra|56\/100|[from] item: Leftovers\n|upkeep\n|turn|12\n|\n|t:|1698699931\n|move|p1a: Toedscruel|Leaf Storm|p2a: Goodra\n|-ability|p2a: Goodra|Sap Sipper|boost\n|-boost|p2a: Goodra|atk|1\n|move|p2a: Goodra|Heavy Slam|p1a: Toedscruel\n|-damage|p1a: Toedscruel|0 fnt\n|faint|p1a: Toedscruel\n|\n|win|Bluesnowflakes\n|raw|Sammie93's rating: 1030 &rarr; <strong>1015<\/strong><br \/>(-15 for losing)\n|raw|Bluesnowflakes's rating: 1022 &rarr; <strong>1060<\/strong><br \/>(+38 for winning)\n|l|\u2606Sammie93\n|c|\u2606Bluesnowflakes|Gg\n","uploadtime":1698699951,"views":18,"p1id":"sammie93","p2id":"bluesnowflakes","formatid":"gen9doublesou","rating":1015,"private":0,"password":""}