{"id":"gen9doublesou-1983883863","p1":"Janiux","p2":"mikeyuwu","format":"[Gen 9] Doubles OU","log":"|j|\u2606Janiux\n|j|\u2606mikeyuwu\n|t:|1699195893\n|gametype|doubles\n|player|p1|Janiux|flannery|1193\n|player|p2|mikeyuwu|psychic-gen4|1317\n|teamsize|p1|6\n|teamsize|p2|6\n|gen|9\n|tier|[Gen 9] Doubles OU\n|rated|\n|rule|Species Clause: Limit one of each Pok\u00e9mon\n|rule|OHKO Clause: OHKO moves are banned\n|rule|Evasion Moves Clause: Evasion moves are banned\n|rule|Gravity Sleep Clause: The combination of sleep-inducing moves with imperfect accuracy and Gravity or Gigantamax Orbeetle are banned\n|rule|Endless Battle Clause: Forcing endless battles is banned\n|rule|HP Percentage Mod: HP is shown in percentages\n|clearpoke\n|poke|p1|Toxicroak, F|\n|poke|p1|Pelipper, M|\n|poke|p1|Tornadus, M|\n|poke|p1|Politoed, F|\n|poke|p1|Ogerpon-Wellspring, F|\n|poke|p1|Thundurus-Therian, M|\n|poke|p2|Garchomp, M|\n|poke|p2|Tyranitar, F|\n|poke|p2|Vaporeon, F|\n|poke|p2|Toxicroak, M|\n|poke|p2|Pelipper, F|\n|poke|p2|Abomasnow, M|\n|teampreview\n|inactive|Battle timer is ON: inactive players will automatically lose when time's up. (requested by Janiux)\n|\n|t:|1699195902\n|start\n|switch|p1a: Thundurus|Thundurus-Therian, M|100\/100\n|switch|p1b: Tornadus|Tornadus, M|100\/100\n|switch|p2a: OTLHPM|Toxicroak, M|100\/100\n|switch|p2b: Cold Shoulder|Abomasnow, M, shiny|100\/100\n|-weather|Snow|[from] ability: Snow Warning|[of] p2b: Cold Shoulder\n|turn|1\n|\n|t:|1699195908\n|switch|p2a: ThcrThnSnkr|Tyranitar, F|100\/100\n|-weather|Sandstorm|[from] ability: Sand Stream|[of] p2a: ThcrThnSnkr\n|move|p1b: Tornadus|Tailwind|p1b: Tornadus\n|-sidestart|p1: Janiux|move: Tailwind\n|move|p1a: Thundurus|Psychic|p2a: ThcrThnSnkr\n|-immune|p2a: ThcrThnSnkr\n|move|p2b: Cold Shoulder|Weather Ball|p1b: Tornadus\n|-supereffective|p1b: Tornadus\n|-damage|p1b: Tornadus|62\/100\n|\n|-weather|Sandstorm|[upkeep]\n|-damage|p1a: Thundurus|94\/100|[from] Sandstorm\n|-damage|p1b: Tornadus|56\/100|[from] Sandstorm\n|-damage|p2b: Cold Shoulder|94\/100|[from] Sandstorm\n|upkeep\n|turn|2\n|\n|t:|1699195929\n|switch|p1a: Ogerpon|Ogerpon-Wellspring, F|100\/100\n|move|p1b: Tornadus|Rain Dance|p1b: Tornadus\n|-weather|RainDance\n|move|p2b: Cold Shoulder|Weather Ball|p1a: Ogerpon\n|-immune|p1a: Ogerpon|[from] ability: Water Absorb\n|move|p2a: ThcrThnSnkr|Rock Slide|p1a: Ogerpon|[spread] p1a,p1b\n|-supereffective|p1b: Tornadus\n|-damage|p1a: Ogerpon|67\/100\n|-damage|p1b: Tornadus|0 fnt\n|faint|p1b: Tornadus\n|\n|-weather|RainDance|[upkeep]\n|upkeep\n|inactive|Janiux has 120 seconds left.\n|\n|t:|1699195947\n|switch|p1b: Thundurus|Thundurus-Therian, M|94\/100\n|turn|3\n|\n|t:|1699195960\n|switch|p2a: Extra Spicy|Garchomp, M|100\/100\n|move|p1a: Ogerpon|U-turn|p2b: Cold Shoulder\n|-supereffective|p2b: Cold Shoulder\n|-damage|p2b: Cold Shoulder|42\/100\n|\n|t:|1699195967\n|switch|p1a: Politoed|Politoed, F|100\/100|[from] U-turn\n|move|p1b: Thundurus|Weather Ball|p2a: Extra Spicy\n|-damage|p2a: Extra Spicy|21\/100\n|move|p2b: Cold Shoulder|Blizzard|p1b: Thundurus|[spread] p1a,p1b\n|-resisted|p1a: Politoed\n|-supereffective|p1b: Thundurus\n|-crit|p1b: Thundurus\n|-damage|p1a: Politoed|94\/100\n|-damage|p1b: Thundurus|0 fnt\n|faint|p1b: Thundurus\n|\n|-weather|RainDance|[upkeep]\n|upkeep\n|\n|t:|1699195982\n|switch|p1b: Toxicroak|Toxicroak, F, shiny|100\/100\n|turn|4\n|\n|t:|1699195991\n|switch|p2a: Harmacy|Vaporeon, F|100\/100\n|switch|p2b: OTLHPM|Toxicroak, M|100\/100\n|move|p1b: Toxicroak|Poison Jab|p2b: OTLHPM\n|-resisted|p2b: OTLHPM\n|-damage|p2b: OTLHPM|77\/100\n|move|p1a: Politoed|Muddy Water|p2b: OTLHPM|[spread] p2a\n|-heal|p2b: OTLHPM|100\/100|[from] ability: Dry Skin|[of] p1a: Politoed\n|-resisted|p2a: Harmacy\n|-damage|p2a: Harmacy|89\/100\n|\n|-weather|RainDance|[upkeep]\n|-heal|p2a: Harmacy|96\/100|[from] item: Leftovers\n|-sideend|p1: Janiux|move: Tailwind\n|upkeep\n|turn|5\n|\n|t:|1699196011\n|move|p1b: Toxicroak|Knock Off|p2a: Harmacy\n|-damage|p2a: Harmacy|74\/100\n|-enditem|p2a: Harmacy|Leftovers|[from] move: Knock Off|[of] p1b: Toxicroak\n|move|p2b: OTLHPM|Sunny Day|p2b: OTLHPM\n|-weather|SunnyDay\n|move|p1a: Politoed|Earth Power|p2b: OTLHPM\n|-supereffective|p2b: OTLHPM\n|-damage|p2b: OTLHPM|51\/100\n|move|p2a: Harmacy|Weather Ball|p1b: Toxicroak\n|-damage|p1b: Toxicroak|24\/100\n|\n|-weather|SunnyDay|[upkeep]\n|-damage|p1b: Toxicroak|11\/100|[from] ability: Dry Skin|[of] p1b: Toxicroak\n|-damage|p2b: OTLHPM|39\/100|[from] ability: Dry Skin|[of] p2b: OTLHPM\n|-heal|p2b: OTLHPM|45\/100|[from] item: Black Sludge\n|upkeep\n|turn|6\n|\n|t:|1699196035\n|switch|p1a: Pelipper|Pelipper, M|100\/100\n|-weather|RainDance|[from] ability: Drizzle|[of] p1a: Pelipper\n|-terastallize|p1b: Toxicroak|Water\n|move|p1b: Toxicroak|Drain Punch|p2b: OTLHPM\n|-resisted|p2b: OTLHPM\n|-damage|p2b: OTLHPM|19\/100\n|-heal|p1b: Toxicroak|25\/100|[from] drain|[of] p2b: OTLHPM\n|move|p2b: OTLHPM|Earthquake|p1b: Toxicroak|[spread] p2a,p1b\n|-immune|p1a: Pelipper\n|-damage|p2a: Harmacy|58\/100\n|-damage|p1b: Toxicroak|0 fnt\n|faint|p1b: Toxicroak\n|move|p2a: Harmacy|Icy Wind|p1a: Pelipper\n|-damage|p1a: Pelipper|77\/100\n|-unboost|p1a: Pelipper|spe|1\n|-enditem|p1a: Pelipper|Eject Button\n|\n|t:|1699196053\n|switch|p1a: Ogerpon|Ogerpon-Wellspring, F|67\/100\n|\n|-weather|RainDance|[upkeep]\n|-heal|p2b: OTLHPM|32\/100|[from] ability: Dry Skin\n|-heal|p2b: OTLHPM|38\/100|[from] item: Black Sludge\n|upkeep\n|\n|t:|1699196056\n|switch|p1b: Pelipper|Pelipper, M|77\/100\n|turn|7\n|\n|t:|1699196066\n|switch|p2a: Cold Shoulder|Abomasnow, M, shiny|42\/100\n|-weather|Snow|[from] ability: Snow Warning|[of] p2a: Cold Shoulder\n|move|p1a: Ogerpon|Follow Me|p1a: Ogerpon\n|-singleturn|p1a: Ogerpon|move: Follow Me\n|move|p1b: Pelipper|Hurricane|p2b: OTLHPM|[miss]\n|-miss|p1b: Pelipper|p2b: OTLHPM\n|move|p2b: OTLHPM|Poison Jab|p1a: Ogerpon\n|-supereffective|p1a: Ogerpon\n|-damage|p1a: Ogerpon|0 fnt\n|faint|p1a: Ogerpon\n|\n|-weather|Snow|[upkeep]\n|-heal|p2b: OTLHPM|44\/100|[from] item: Black Sludge\n|upkeep\n|-message|Janiux forfeited.\n|\n|win|mikeyuwu\n|raw|Janiux's rating: 1193 &rarr; <strong>1177<\/strong><br \/>(-16 for losing)\n|raw|mikeyuwu's rating: 1317 &rarr; <strong>1330<\/strong><br \/>(+13 for winning)\n|l|\u2606Janiux\n|c|\u2606mikeyuwu|Gg\n","uploadtime":1699196084,"views":14,"p1id":"janiux","p2id":"mikeyuwu","formatid":"gen9doublesou","rating":1177,"private":0,"password":""}