{"id":"gen9doublesou-1979461902","p1":"simzjr","p2":"my3rdaccbruh","format":"[Gen 9] Doubles OU","log":"|j|\u203dsimzjr\n|j|\u2606my3rdaccbruh\n|t:|1698684553\n|gametype|doubles\n|player|p1|simzjr|benga|1086\n|player|p2|my3rdaccbruh|marlon|1066\n|teamsize|p1|6\n|teamsize|p2|6\n|gen|9\n|tier|[Gen 9] Doubles OU\n|rated|\n|rule|Species Clause: Limit one of each Pok\u00e9mon\n|rule|OHKO Clause: OHKO moves are banned\n|rule|Evasion Moves Clause: Evasion moves are banned\n|rule|Gravity Sleep Clause: The combination of sleep-inducing moves with imperfect accuracy and Gravity or Gigantamax Orbeetle are banned\n|rule|Endless Battle Clause: Forcing endless battles is banned\n|rule|HP Percentage Mod: HP is shown in percentages\n|clearpoke\n|poke|p1|Snorlax, F|\n|poke|p1|Clefairy, F|\n|poke|p1|Landorus-Therian, M|\n|poke|p1|Iron Hands|\n|poke|p1|Sinistcha|\n|poke|p1|Kommo-o, F|\n|poke|p2|Shaymin-Sky|\n|poke|p2|Amoonguss, F|\n|poke|p2|Flutter Mane|\n|poke|p2|Torkoal, M|\n|poke|p2|Ogerpon-Hearthflame, F|\n|poke|p2|Espathra, M|\n|teampreview\n|inactive|Battle timer is ON: inactive players will automatically lose when time's up. (requested by my3rdaccbruh)\n|\n|t:|1698684559\n|start\n|switch|p1a: Snorlax|Snorlax, F|100\/100\n|switch|p1b: Iron Hands|Iron Hands|100\/100\n|switch|p2a: Ogerpon|Ogerpon-Hearthflame, F|100\/100\n|switch|p2b: Espathra|Espathra, M|100\/100\n|-ability|p2a: Ogerpon|Mold Breaker\n|turn|1\n|\n|t:|1698684579\n|move|p1b: Iron Hands|Fake Out|p2a: Ogerpon\n|-damage|p2a: Ogerpon|85\/100\n|cant|p2a: Ogerpon|flinch\n|move|p2b: Espathra|Calm Mind|p2b: Espathra\n|-boost|p2b: Espathra|spa|1\n|-boost|p2b: Espathra|spd|1\n|move|p1a: Snorlax|Belly Drum|p1a: Snorlax\n|-damage|p1a: Snorlax|51\/100\n|-setboost|p1a: Snorlax|atk|6|[from] move: Belly Drum\n|\n|-ability|p2b: Espathra|Speed Boost|boost\n|-boost|p2b: Espathra|spe|1\n|upkeep\n|turn|2\n|\n|t:|1698684597\n|-end|p1b: Iron Hands|Quark Drive|[silent]\n|switch|p1b: Clefairy|Clefairy, F|100\/100\n|move|p1a: Snorlax|Protect|p1a: Snorlax\n|-singleturn|p1a: Snorlax|Protect\n|move|p2a: Ogerpon|Follow Me|p2a: Ogerpon\n|-singleturn|p2a: Ogerpon|move: Follow Me\n|move|p2b: Espathra|Calm Mind|p2b: Espathra\n|-boost|p2b: Espathra|spa|1\n|-boost|p2b: Espathra|spd|1\n|\n|-ability|p2b: Espathra|Speed Boost|boost\n|-boost|p2b: Espathra|spe|1\n|upkeep\n|turn|3\n|\n|t:|1698684627\n|move|p1b: Clefairy|Follow Me|p1b: Clefairy\n|-singleturn|p1b: Clefairy|move: Follow Me\n|move|p2b: Espathra|Stored Power|p1b: Clefairy\n|-damage|p1b: Clefairy|0 fnt\n|faint|p1b: Clefairy\n|move|p2a: Ogerpon|Taunt|p1a: Snorlax\n|-start|p1a: Snorlax|move: Taunt\n|move|p1a: Snorlax|High Horsepower|p2b: Espathra\n|-damage|p2b: Espathra|0 fnt\n|faint|p2b: Espathra\n|\n|upkeep\n|c|\u2606my3rdaccbruh|oh\n|\n|t:|1698684640\n|switch|p2b: Shaymin|Shaymin-Sky|100\/100\n|switch|p1b: Sinistcha|Sinistcha|100\/100\n|-heal|p1a: Snorlax|75\/100|[from] ability: Hospitality|[of] p1b: Sinistcha\n|turn|4\n|c|\u2606my3rdaccbruh|BRO\n|c|\u2606my3rdaccbruh|u stole wolfey vgc setupp\n|inactive|simzjr has 120 seconds left.\n|\n|t:|1698684683\n|move|p2a: Ogerpon|Follow Me|p2a: Ogerpon\n|-singleturn|p2a: Ogerpon|move: Follow Me\n|move|p1b: Sinistcha|Rage Powder|p1b: Sinistcha\n|-singleturn|p1b: Sinistcha|move: Rage Powder\n|move|p2b: Shaymin|Leech Seed|p1a: Snorlax\n|-start|p1a: Snorlax|move: Leech Seed\n|move|p1a: Snorlax|High Horsepower|p2a: Ogerpon\n|-damage|p2a: Ogerpon|0 fnt\n|faint|p2a: Ogerpon\n|\n|-damage|p1a: Snorlax|63\/100|[from] Leech Seed|[of] p2b: Shaymin\n|upkeep\n|inactive|my3rdaccbruh has 120 seconds left.\n|\n|t:|1698684694\n|switch|p2a: Amoonguss|Amoonguss, F|100\/100\n|turn|5\n|inactive|simzjr has 120 seconds left.\n|\n|t:|1698684723\n|move|p2b: Shaymin|Protect|p2b: Shaymin\n|-singleturn|p2b: Shaymin|Protect\n|move|p1b: Sinistcha|Matcha Gotcha|p2b: Shaymin|[spread] p2a\n|-activate|p2b: Shaymin|move: Protect\n|-resisted|p2a: Amoonguss\n|-damage|p2a: Amoonguss|96\/100\n|move|p1a: Snorlax|High Horsepower|p2a: Amoonguss|[miss]\n|-miss|p1a: Snorlax|p2a: Amoonguss\n|move|p2a: Amoonguss|Toxic|p1a: Snorlax\n|-status|p1a: Snorlax|tox\n|\n|-heal|p2a: Amoonguss|100\/100|[from] item: Black Sludge\n|-damage|p1a: Snorlax|51\/100 tox|[from] Leech Seed|[of] p2b: Shaymin\n|-damage|p1a: Snorlax|45\/100 tox|[from] psn\n|-end|p1a: Snorlax|move: Taunt\n|upkeep\n|-enditem|p1a: Snorlax|Sitrus Berry|[eat]\n|-heal|p1a: Snorlax|70\/100 tox|[from] item: Sitrus Berry\n|turn|6\n|\n|t:|1698684750\n|switch|p1b: Kommo-o|Kommo-o, F|100\/100\n|move|p2b: Shaymin|Air Slash|p1a: Snorlax\n|-damage|p1a: Snorlax|52\/100 tox\n|cant|p1a: Snorlax|flinch\n|move|p2a: Amoonguss|Spore|p1b: Kommo-o\n|-status|p1b: Kommo-o|slp|[from] move: Spore\n|\n|-damage|p1a: Snorlax|40\/100 tox|[from] Leech Seed|[of] p2b: Shaymin\n|-damage|p1a: Snorlax|28\/100 tox|[from] psn\n|upkeep\n|turn|7\n|inactive|my3rdaccbruh has 120 seconds left.\n|\n|t:|1698684794\n|move|p2b: Shaymin|Air Slash|p1b: Kommo-o\n|-supereffective|p1b: Kommo-o\n|-damage|p1b: Kommo-o|40\/100 slp\n|cant|p1b: Kommo-o|slp\n|move|p1a: Snorlax|High Horsepower|p2a: Amoonguss\n|-damage|p2a: Amoonguss|0 fnt\n|faint|p2a: Amoonguss\n|\n|-damage|p1a: Snorlax|15\/100 tox|[from] Leech Seed|[of] p2b: Shaymin\n|-damage|p1a: Snorlax|0 fnt|[from] psn\n|faint|p1a: Snorlax\n|upkeep\n|\n|t:|1698684807\n|switch|p1a: Sinistcha|Sinistcha|100\/100\n|switch|p2a: Torkoal|Torkoal, M|100\/100\n|-heal|p1b: Kommo-o|65\/100 slp|[from] ability: Hospitality|[of] p1a: Sinistcha\n|-weather|SunnyDay|[from] ability: Drought|[of] p2a: Torkoal\n|turn|8\n|\n|t:|1698684824\n|-terastallize|p1b: Kommo-o|Steel\n|move|p1a: Sinistcha|Rage Powder|p1a: Sinistcha\n|-singleturn|p1a: Sinistcha|move: Rage Powder\n|move|p2b: Shaymin|Air Slash|p1b: Kommo-o\n|-resisted|p1b: Kommo-o\n|-damage|p1b: Kommo-o|49\/100 slp\n|cant|p1b: Kommo-o|slp\n|move|p2a: Torkoal|Eruption|p1b: Kommo-o|[spread] p1a,p1b\n|-supereffective|p1a: Sinistcha\n|-supereffective|p1b: Kommo-o\n|-damage|p1a: Sinistcha|5\/100\n|-damage|p1b: Kommo-o|0 fnt\n|faint|p1b: Kommo-o\n|\n|-weather|SunnyDay|[upkeep]\n|upkeep\n|\n|t:|1698684841\n|switch|p1b: Iron Hands|Iron Hands|100\/100\n|turn|9\n|-message|simzjr forfeited.\n|\n|win|my3rdaccbruh\n|raw|simzjr's rating: 1086 &rarr; <strong>1062<\/strong><br \/>(-24 for losing)\n|raw|my3rdaccbruh's rating: 1066 &rarr; <strong>1098<\/strong><br \/>(+32 for winning)\n|l|\u203dsimzjr\n|c|\u2606my3rdaccbruh|gg\n","uploadtime":1698684864,"views":10,"p1id":"simzjr","p2id":"my3rdaccbruh","formatid":"gen9doublesou","rating":1062,"private":0,"password":""}