{"id":"gen9doublesou-1977965265","p1":"Gen1victoryroad","p2":"Mirngea","format":"[Gen 9] Doubles OU","log":"|j|\u2606Gen1victoryroad\n|j|\u2606Mirngea\n|t:|1698474489\n|gametype|doubles\n|player|p1|Gen1victoryroad|170|1079\n|player|p2|Mirngea|ingo|1063\n|teamsize|p1|6\n|teamsize|p2|6\n|gen|9\n|tier|[Gen 9] Doubles OU\n|rated|\n|rule|Species Clause: Limit one of each Pok\u00e9mon\n|rule|OHKO Clause: OHKO moves are banned\n|rule|Evasion Moves Clause: Evasion moves are banned\n|rule|Gravity Sleep Clause: The combination of sleep-inducing moves with imperfect accuracy and Gravity or Gigantamax Orbeetle are banned\n|rule|Endless Battle Clause: Forcing endless battles is banned\n|rule|HP Percentage Mod: HP is shown in percentages\n|clearpoke\n|poke|p1|Baxcalibur, F|\n|poke|p1|Torkoal, F|\n|poke|p1|Walking Wake|\n|poke|p1|Gholdengo|\n|poke|p1|Amoonguss, F|\n|poke|p1|Rillaboom, F|\n|poke|p2|Ninetales, F|\n|poke|p2|Amoonguss, F|\n|poke|p2|Heatran, M|\n|poke|p2|Arcanine-Hisui, M|\n|poke|p2|Armarouge, M|\n|poke|p2|Ogerpon-Hearthflame, F|\n|teampreview\n|l|\u2606Gen1victoryroad\n|player|p1|\n|j|\u2606Gen1victoryroad\n|player|p1|Gen1victoryroad|170\n|\n|t:|1698474570\n|start\n|switch|p1a: Torkoal|Torkoal, F|100\/100\n|switch|p1b: Walking Wake|Walking Wake|100\/100\n|switch|p2a: Ninetales|Ninetales, F, shiny|100\/100\n|switch|p2b: Ogerpon|Ogerpon-Hearthflame, F|100\/100\n|-ability|p2b: Ogerpon|Mold Breaker\n|-weather|SunnyDay|[from] ability: Drought|[of] p2a: Ninetales\n|-activate|p1b: Walking Wake|ability: Protosynthesis\n|-start|p1b: Walking Wake|protosynthesisspe\n|turn|1\n|\n|t:|1698474611\n|move|p1a: Torkoal|Helping Hand|p1b: Walking Wake\n|-singleturn|p1b: Walking Wake|Helping Hand|[of] p1a: Torkoal\n|move|p1b: Walking Wake|Dragon Pulse|p2b: Ogerpon\n|-damage|p2b: Ogerpon|0 fnt\n|faint|p2b: Ogerpon\n|move|p2a: Ninetales|Nasty Plot|p2a: Ninetales\n|-boost|p2a: Ninetales|spa|2\n|\n|-weather|SunnyDay|[upkeep]\n|upkeep\n|\n|t:|1698474624\n|switch|p2b: Arcanine|Arcanine-Hisui, M, shiny|100\/100\n|-ability|p2b: Arcanine|Intimidate|boost\n|-unboost|p1a: Torkoal|atk|1\n|-unboost|p1b: Walking Wake|atk|1\n|turn|2\n|l|\u2606Gen1victoryroad\n|player|p1|\n|j|\u2606Gen1victoryroad\n|player|p1|Gen1victoryroad|170\n|\n|t:|1698474693\n|-terastallize|p2b: Arcanine|Grass\n|move|p1a: Torkoal|Helping Hand|p1b: Walking Wake\n|-singleturn|p1b: Walking Wake|Helping Hand|[of] p1a: Torkoal\n|move|p2b: Arcanine|Extreme Speed|p1a: Torkoal\n|-damage|p1a: Torkoal|87\/100\n|move|p1b: Walking Wake|Dragon Pulse|p2a: Ninetales\n|-damage|p2a: Ninetales|0 fnt\n|faint|p2a: Ninetales\n|\n|-weather|SunnyDay|[upkeep]\n|upkeep\n|\n|t:|1698474707\n|switch|p2a: Amoonguss|Amoonguss, F|100\/100\n|turn|3\n|l|\u2606Gen1victoryroad\n|player|p1|\n|j|\u2606Gen1victoryroad\n|player|p1|Gen1victoryroad|170\n|\n|t:|1698474746\n|-end|p1b: Walking Wake|Protosynthesis|[silent]\n|switch|p1b: Amoonguss|Amoonguss, F|100\/100\n|move|p1a: Torkoal|Protect|p1a: Torkoal\n|-singleturn|p1a: Torkoal|Protect\n|move|p2b: Arcanine|Will-O-Wisp|p1b: Amoonguss|[miss]\n|-miss|p2b: Arcanine|p1b: Amoonguss\n|move|p2a: Amoonguss|Toxic|p1b: Amoonguss\n|-immune|p1b: Amoonguss\n|\n|-weather|SunnyDay|[upkeep]\n|upkeep\n|turn|4\n|\n|t:|1698474769\n|move|p1b: Amoonguss|Protect|p1b: Amoonguss\n|-singleturn|p1b: Amoonguss|Protect\n|move|p2b: Arcanine|Flare Blitz|p1b: Amoonguss\n|-activate|p1b: Amoonguss|move: Protect\n|move|p2a: Amoonguss|Pollen Puff|p2b: Arcanine\n|-immune|p2b: Arcanine\n|move|p1a: Torkoal|Yawn|p2a: Amoonguss\n|-start|p2a: Amoonguss|move: Yawn|[of] p1a: Torkoal\n|\n|-weather|SunnyDay|[upkeep]\n|upkeep\n|turn|5\n|\n|t:|1698474814\n|switch|p1a: Rillaboom|Rillaboom, F|100\/100\n|-fieldstart|move: Grassy Terrain|[from] ability: Grassy Surge|[of] p1a: Rillaboom\n|move|p2b: Arcanine|Flare Blitz|p1b: Amoonguss\n|-supereffective|p1b: Amoonguss\n|-damage|p1b: Amoonguss|0 fnt\n|faint|p1b: Amoonguss\n|-damage|p2b: Arcanine|58\/100|[from] Recoil\n|move|p2a: Amoonguss|Toxic|p1a: Rillaboom\n|-status|p1a: Rillaboom|tox\n|\n|-weather|none\n|-heal|p2b: Arcanine|64\/100|[from] Grassy Terrain\n|-damage|p1a: Rillaboom|94\/100 tox|[from] psn\n|-end|p2a: Amoonguss|move: Yawn|[silent]\n|-status|p2a: Amoonguss|slp\n|upkeep\n|\n|t:|1698474828\n|switch|p1b: Torkoal|Torkoal, F|87\/100\n|-weather|SunnyDay|[from] ability: Drought|[of] p1b: Torkoal\n|turn|6\n|\n|t:|1698474850\n|switch|p2a: Armarouge|Armarouge, M|100\/100\n|move|p1a: Rillaboom|Fake Out|p2b: Arcanine\n|-damage|p2b: Arcanine|44\/100\n|cant|p2b: Arcanine|flinch\n|move|p1b: Torkoal|Lava Plume|p2a: Armarouge|[spread] p1a,p2b\n|-start|p2a: Armarouge|ability: Flash Fire\n|-supereffective|p1a: Rillaboom\n|-supereffective|p2b: Arcanine\n|-damage|p1a: Rillaboom|53\/100 tox\n|-damage|p2b: Arcanine|0 fnt\n|faint|p2b: Arcanine\n|\n|-weather|SunnyDay|[upkeep]\n|-heal|p1a: Rillaboom|59\/100 tox|[from] Grassy Terrain\n|-heal|p1b: Torkoal|93\/100|[from] Grassy Terrain\n|-damage|p1a: Rillaboom|47\/100 tox|[from] psn\n|upkeep\n|\n|t:|1698474870\n|switch|p2b: Heatran|Heatran, M|100\/100\n|turn|7\n|\n|t:|1698474901\n|move|p1b: Torkoal|Protect|p1b: Torkoal\n|-singleturn|p1b: Torkoal|Protect\n|move|p2a: Armarouge|Armor Cannon|p1a: Rillaboom\n|-supereffective|p1a: Rillaboom\n|-damage|p1a: Rillaboom|0 fnt\n|-unboost|p2a: Armarouge|def|1\n|-unboost|p2a: Armarouge|spd|1\n|faint|p1a: Rillaboom\n|-damage|p2a: Armarouge|91\/100|[from] item: Life Orb\n|move|p2b: Heatran|Iron Head|p1b: Torkoal\n|-activate|p1b: Torkoal|move: Protect\n|\n|-weather|SunnyDay|[upkeep]\n|-heal|p2a: Armarouge|97\/100|[from] Grassy Terrain\n|-heal|p1b: Torkoal|99\/100|[from] Grassy Terrain\n|upkeep\n|\n|t:|1698474922\n|switch|p1a: Baxcalibur|Baxcalibur, F|100\/100\n|turn|8\n|\n|t:|1698474939\n|switch|p2b: Amoonguss|Amoonguss, F|100\/100 slp\n|move|p1a: Baxcalibur|Glaive Rush|p2a: Armarouge\n|-damage|p2a: Armarouge|0 fnt\n|-singlemove|p1a: Baxcalibur|Glaive Rush|[silent]\n|faint|p2a: Armarouge\n|move|p1b: Torkoal|Yawn||[still]\n|-fail|p1b: Torkoal\n|\n|-weather|SunnyDay|[upkeep]\n|-heal|p1b: Torkoal|100\/100|[from] Grassy Terrain\n|upkeep\n|\n|t:|1698474951\n|switch|p2a: Heatran|Heatran, M|100\/100\n|turn|9\n|\n|t:|1698474969\n|move|p1a: Baxcalibur|Protect|p1a: Baxcalibur\n|-singleturn|p1a: Baxcalibur|Protect\n|move|p2a: Heatran|Flare Blitz|p1a: Baxcalibur\n|-activate|p1a: Baxcalibur|move: Protect\n|cant|p2b: Amoonguss|slp\n|move|p1b: Torkoal|Yawn|p2a: Heatran\n|-start|p2a: Heatran|move: Yawn|[of] p1b: Torkoal\n|\n|-weather|SunnyDay|[upkeep]\n|-fieldend|move: Grassy Terrain\n|upkeep\n|turn|10\n|\n|t:|1698474988\n|move|p1a: Baxcalibur|Icicle Spear|p2b: Amoonguss\n|-supereffective|p2b: Amoonguss\n|-damage|p2b: Amoonguss|68\/100 slp\n|-supereffective|p2b: Amoonguss\n|-damage|p2b: Amoonguss|40\/100 slp\n|-supereffective|p2b: Amoonguss\n|-damage|p2b: Amoonguss|7\/100 slp\n|-supereffective|p2b: Amoonguss\n|-damage|p2b: Amoonguss|0 fnt\n|faint|p2b: Amoonguss\n|-hitcount|p2: Amoonguss|4\n|move|p2a: Heatran|Flare Blitz|p1a: Baxcalibur\n|-damage|p1a: Baxcalibur|49\/100\n|-ability|p1a: Baxcalibur|Thermal Exchange|boost\n|-boost|p1a: Baxcalibur|atk|1\n|-damage|p2a: Heatran|84\/100|[from] Recoil\n|move|p1b: Torkoal|Lava Plume|p2a: Heatran|[spread] p1a\n|-start|p2a: Heatran|ability: Flash Fire\n|-damage|p1a: Baxcalibur|23\/100\n|-ability|p1a: Baxcalibur|Thermal Exchange|boost\n|-boost|p1a: Baxcalibur|atk|1\n|\n|-weather|SunnyDay|[upkeep]\n|-end|p2a: Heatran|move: Yawn|[silent]\n|-status|p2a: Heatran|slp\n|upkeep\n|turn|11\n|\n|t:|1698475013\n|switch|p1b: Walking Wake|Walking Wake|100\/100\n|-activate|p1b: Walking Wake|ability: Protosynthesis\n|-start|p1b: Walking Wake|protosynthesisspe\n|move|p1a: Baxcalibur|Glaive Rush|p2a: Heatran\n|-resisted|p2a: Heatran\n|-damage|p2a: Heatran|28\/100 slp\n|-singlemove|p1a: Baxcalibur|Glaive Rush|[silent]\n|cant|p2a: Heatran|slp\n|\n|-weather|SunnyDay|[upkeep]\n|upkeep\n|turn|12\n|\n|t:|1698475048\n|move|p1b: Walking Wake|Hydro Steam|p2a: Heatran\n|-supereffective|p2a: Heatran\n|-damage|p2a: Heatran|0 fnt\n|faint|p2a: Heatran\n|\n|win|Gen1victoryroad\n|raw|Gen1victoryroad's rating: 1079 &rarr; <strong>1106<\/strong><br \/>(+27 for winning)\n|raw|Mirngea's rating: 1063 &rarr; <strong>1044<\/strong><br \/>(-19 for losing)\n","uploadtime":1698475052,"views":26,"p1id":"gen1victoryroad","p2id":"mirngea","formatid":"gen9doublesou","rating":1044,"private":0,"password":""}