{"id":"gen9doublesou-1989798678","p1":"its-sam87","p2":"xr21","format":"[Gen 9] Doubles OU","log":"|j|\u2606its-sam87\n|j|\u2606xr21\n|t:|1699896673\n|gametype|doubles\n|player|p1|its-sam87|acetrainer-gen2|1512\n|player|p2|xr21|265|1497\n|teamsize|p1|6\n|teamsize|p2|6\n|gen|9\n|tier|[Gen 9] Doubles OU\n|rated|\n|rule|Species Clause: Limit one of each Pok\u00e9mon\n|rule|OHKO Clause: OHKO moves are banned\n|rule|Evasion Moves Clause: Evasion moves are banned\n|rule|Gravity Sleep Clause: The combination of sleep-inducing moves with imperfect accuracy and Gravity or Gigantamax Orbeetle are banned\n|rule|Endless Battle Clause: Forcing endless battles is banned\n|rule|HP Percentage Mod: HP is shown in percentages\n|clearpoke\n|poke|p1|Tornadus, M|\n|poke|p1|Amoonguss, M|\n|poke|p1|Basculegion-F, F|\n|poke|p1|Pelipper, M|\n|poke|p1|Palafin, M|\n|poke|p1|Regieleki|\n|poke|p2|Tyranitar, F|\n|poke|p2|Landorus-Therian, M|\n|poke|p2|Amoonguss, F|\n|poke|p2|Scizor, F|\n|poke|p2|Gyarados, F|\n|poke|p2|Cresselia, F|\n|teampreview\n|inactive|Battle timer is ON: inactive players will automatically lose when time's up. (requested by its-sam87)\n|c|\u2606its-sam87|gl hf\n|\n|t:|1699896689\n|start\n|switch|p1a: Tornadus|Tornadus, M, shiny|100\/100\n|switch|p1b: Palafin|Palafin, M|100\/100\n|switch|p2a: Amoonguss|Amoonguss, F|100\/100\n|switch|p2b: Cresselia|Cresselia, F|100\/100\n|turn|1\n|\n|t:|1699896702\n|detailschange|p1b: Palafin|Palafin-Hero, M\n|switch|p1b: Amoonguss|Amoonguss, M, shiny|100\/100\n|move|p1a: Tornadus|Taunt|p2a: Amoonguss\n|-start|p2a: Amoonguss|move: Taunt\n|move|p2b: Cresselia|Calm Mind|p2b: Cresselia\n|-boost|p2b: Cresselia|spa|1\n|-boost|p2b: Cresselia|spd|1\n|cant|p2a: Amoonguss|move: Taunt|Spore\n|\n|upkeep\n|turn|2\n|\n|t:|1699896719\n|switch|p2a: Tyranitar|Tyranitar, F|100\/100\n|-weather|Sandstorm|[from] ability: Sand Stream|[of] p2a: Tyranitar\n|move|p1a: Tornadus|Bleakwind Storm|p2b: Cresselia|[spread] p2b\n|-miss|p1a: Tornadus|p2a: Tyranitar\n|-damage|p2b: Cresselia|86\/100\n|move|p2b: Cresselia|Icy Wind|p1b: Amoonguss|[spread] p1a,p1b\n|-supereffective|p1a: Tornadus\n|-supereffective|p1b: Amoonguss\n|-damage|p1a: Tornadus|74\/100\n|-damage|p1b: Amoonguss|83\/100\n|-unboost|p1b: Amoonguss|spe|1\n|move|p1b: Amoonguss|Spore|p2b: Cresselia\n|-activate|p2b: Cresselia|item: Safety Goggles|Spore\n|\n|-weather|Sandstorm|[upkeep]\n|-damage|p1a: Tornadus|68\/100|[from] Sandstorm\n|-damage|p1b: Amoonguss|77\/100|[from] Sandstorm\n|upkeep\n|turn|3\n|\n|t:|1699896741\n|switch|p2a: Amoonguss|Amoonguss, F|100\/100\n|move|p1a: Tornadus|Rain Dance|p1a: Tornadus\n|-weather|RainDance\n|move|p2b: Cresselia|Icy Wind|p1a: Tornadus|[spread] p1a,p1b\n|-supereffective|p1a: Tornadus\n|-crit|p1a: Tornadus\n|-supereffective|p1b: Amoonguss\n|-damage|p1a: Tornadus|30\/100\n|-damage|p1b: Amoonguss|59\/100\n|-unboost|p1b: Amoonguss|spe|1\n|move|p1b: Amoonguss|Spore|p2b: Cresselia\n|-activate|p2b: Cresselia|item: Safety Goggles|Spore\n|\n|-weather|RainDance|[upkeep]\n|upkeep\n|turn|4\n|\n|t:|1699896764\n|move|p1b: Amoonguss|Protect|p1b: Amoonguss\n|-singleturn|p1b: Amoonguss|Protect\n|move|p1a: Tornadus|Taunt|p2a: Amoonguss\n|-start|p2a: Amoonguss|move: Taunt\n|move|p2b: Cresselia|Icy Wind|p1b: Amoonguss|[spread] p1a\n|-activate|p1b: Amoonguss|move: Protect\n|-supereffective|p1a: Tornadus\n|-damage|p1a: Tornadus|6\/100\n|move|p2a: Amoonguss|Pollen Puff|p2b: Cresselia\n|-heal|p2b: Cresselia|100\/100\n|\n|-weather|RainDance|[upkeep]\n|upkeep\n|turn|5\n|\n|t:|1699896791\n|move|p1a: Tornadus|Taunt|p2b: Cresselia\n|-start|p2b: Cresselia|move: Taunt\n|move|p2b: Cresselia|Icy Wind|p1a: Tornadus|[spread] p1a,p1b\n|-supereffective|p1a: Tornadus\n|-supereffective|p1b: Amoonguss\n|-damage|p1a: Tornadus|0 fnt\n|-damage|p1b: Amoonguss|40\/100\n|-unboost|p1b: Amoonguss|spe|1\n|faint|p1a: Tornadus\n|move|p2a: Amoonguss|Clear Smog|p1b: Amoonguss\n|-damage|p1b: Amoonguss|28\/100\n|-clearboost|p1b: Amoonguss\n|move|p1b: Amoonguss|Pollen Puff|p1: Tornadus|[notarget]\n|-fail|p1b: Amoonguss\n|\n|-weather|RainDance|[upkeep]\n|upkeep\n|\n|t:|1699896799\n|switch|p1a: Palafin|Palafin-Hero, M|100\/100\n|-activate|p1a: Palafin|ability: Zero to Hero\n|turn|6\n|\n|t:|1699896811\n|switch|p2a: Tyranitar|Tyranitar, F|100\/100\n|-weather|Sandstorm|[from] ability: Sand Stream|[of] p2a: Tyranitar\n|move|p1a: Palafin|Wave Crash|p2b: Cresselia\n|-damage|p2b: Cresselia|34\/100\n|-damage|p1a: Palafin|76\/100|[from] Recoil\n|move|p2b: Cresselia|Icy Wind|p1a: Palafin|[spread] p1a,p1b\n|-resisted|p1a: Palafin\n|-supereffective|p1b: Amoonguss\n|-damage|p1a: Palafin|71\/100\n|-damage|p1b: Amoonguss|11\/100\n|-unboost|p1a: Palafin|spe|1\n|-unboost|p1b: Amoonguss|spe|1\n|move|p1b: Amoonguss|Pollen Puff|p1a: Palafin\n|-heal|p1a: Palafin|100\/100\n|\n|-weather|Sandstorm|[upkeep]\n|-damage|p1a: Palafin|94\/100|[from] Sandstorm\n|-damage|p1b: Amoonguss|5\/100|[from] Sandstorm\n|upkeep\n|turn|7\n|\n|t:|1699896835\n|switch|p2a: Amoonguss|Amoonguss, F|100\/100\n|switch|p1b: Pelipper|Pelipper, M, shiny|100\/100\n|-weather|RainDance|[from] ability: Drizzle|[of] p1b: Pelipper\n|move|p2b: Cresselia|Icy Wind|p1a: Palafin|[spread] p1a,p1b\n|-resisted|p1a: Palafin\n|-damage|p1a: Palafin|90\/100\n|-damage|p1b: Pelipper|84\/100\n|-unboost|p1a: Palafin|spe|1\n|-unboost|p1b: Pelipper|spe|1\n|move|p1a: Palafin|Wave Crash|p2a: Amoonguss\n|-resisted|p2a: Amoonguss\n|-damage|p2a: Amoonguss|12\/100\n|-damage|p1a: Palafin|58\/100|[from] Recoil\n|\n|-weather|RainDance|[upkeep]\n|-heal|p2a: Amoonguss|19\/100|[from] item: Leftovers\n|-end|p2b: Cresselia|move: Taunt\n|upkeep\n|turn|8\n|\n|t:|1699896857\n|switch|p2a: Tyranitar|Tyranitar, F|100\/100\n|-weather|Sandstorm|[from] ability: Sand Stream|[of] p2a: Tyranitar\n|move|p2b: Cresselia|Icy Wind|p1b: Pelipper|[spread] p1a,p1b\n|-resisted|p1a: Palafin\n|-damage|p1a: Palafin|53\/100\n|-damage|p1b: Pelipper|67\/100\n|-unboost|p1a: Palafin|spe|1\n|-unboost|p1b: Pelipper|spe|1\n|move|p1a: Palafin|Wave Crash|p2a: Tyranitar\n|-supereffective|p2a: Tyranitar\n|-damage|p2a: Tyranitar|0 fnt\n|faint|p2a: Tyranitar\n|-damage|p1a: Palafin|21\/100|[from] Recoil\n|move|p1b: Pelipper|U-turn|p2b: Cresselia\n|-supereffective|p2b: Cresselia\n|-damage|p2b: Cresselia|26\/100\n|\n|t:|1699896870\n|switch|p1b: Amoonguss|Amoonguss, M, shiny|38\/100|[from] U-turn\n|\n|-weather|Sandstorm|[upkeep]\n|-damage|p1b: Amoonguss|32\/100|[from] Sandstorm\n|-damage|p1a: Palafin|14\/100|[from] Sandstorm\n|upkeep\n|\n|t:|1699896876\n|switch|p2a: Amoonguss|Amoonguss, F|52\/100\n|turn|9\n|\n|t:|1699896889\n|move|p2b: Cresselia|Lunar Blessing|p2b: Cresselia|[spread] p2a,p2b\n|-heal|p2a: Amoonguss|77\/100\n|-heal|p2b: Cresselia|51\/100\n|move|p1b: Amoonguss|Pollen Puff|p1a: Palafin\n|-heal|p1a: Palafin|64\/100\n|move|p1a: Palafin|Wave Crash|p2a: Amoonguss\n|-resisted|p2a: Amoonguss\n|-damage|p2a: Amoonguss|10\/100\n|-damage|p1a: Palafin|41\/100|[from] Recoil\n|move|p2a: Amoonguss|Spore|p1a: Palafin\n|-status|p1a: Palafin|slp|[from] move: Spore\n|\n|-weather|Sandstorm|[upkeep]\n|-damage|p1b: Amoonguss|26\/100|[from] Sandstorm\n|-damage|p1a: Palafin|35\/100 slp|[from] Sandstorm\n|-damage|p2a: Amoonguss|4\/100|[from] Sandstorm\n|-heal|p2a: Amoonguss|10\/100|[from] item: Leftovers\n|upkeep\n|turn|10\n|\n|t:|1699896915\n|switch|p1b: Regieleki|Regieleki, shiny|100\/100\n|switch|p2a: Gyarados|Gyarados, F|100\/100\n|move|p2b: Cresselia|Lunar Blessing|p2b: Cresselia|[spread] p2a,p2b\n|-heal|p2b: Cresselia|76\/100\n|cant|p1a: Palafin|slp\n|\n|-weather|Sandstorm|[upkeep]\n|-damage|p1b: Regieleki|95\/100|[from] Sandstorm\n|-damage|p2a: Gyarados|94\/100|[from] Sandstorm\n|-damage|p1a: Palafin|28\/100 slp|[from] Sandstorm\n|upkeep\n|turn|11\n|\n|t:|1699896934\n|-terastallize|p1b: Regieleki|Ice\n|-terastallize|p2a: Gyarados|Ground\n|move|p1b: Regieleki|Tera Blast|p2a: Gyarados|[anim] Tera Blast Ice\n|-supereffective|p2a: Gyarados\n|-damage|p2a: Gyarados|10\/100\n|move|p2a: Gyarados|Earthquake|p1a: Palafin|[spread] p1a,p1b\n|-immune|p2b: Cresselia|[from] ability: Levitate\n|-damage|p1a: Palafin|0 fnt\n|-damage|p1b: Regieleki|19\/100\n|faint|p1a: Palafin\n|-ability|p2a: Gyarados|Moxie|boost\n|-boost|p2a: Gyarados|atk|1\n|move|p2b: Cresselia|Calm Mind|p2b: Cresselia\n|-boost|p2b: Cresselia|spa|1\n|-boost|p2b: Cresselia|spd|1\n|\n|-weather|Sandstorm|[upkeep]\n|-damage|p1b: Regieleki|13\/100|[from] Sandstorm\n|upkeep\n|\n|t:|1699896949\n|switch|p1a: Amoonguss|Amoonguss, M, shiny|60\/100\n|turn|12\n|\n|t:|1699896964\n|move|p1b: Regieleki|Tera Blast|p2a: Gyarados|[anim] Tera Blast Ice\n|-supereffective|p2a: Gyarados\n|-damage|p2a: Gyarados|0 fnt\n|faint|p2a: Gyarados\n|move|p2b: Cresselia|Icy Wind|p1a: Amoonguss|[spread] p1a,p1b\n|-supereffective|p1a: Amoonguss\n|-resisted|p1b: Regieleki\n|-damage|p1a: Amoonguss|35\/100\n|-damage|p1b: Regieleki|0 fnt\n|-unboost|p1a: Amoonguss|spe|1\n|faint|p1b: Regieleki\n|move|p1a: Amoonguss|Pollen Puff|p1: Regieleki|[notarget]\n|-fail|p1a: Amoonguss\n|\n|-weather|none\n|upkeep\n|j| arcane river\n|l| arcane river\n|\n|t:|1699896981\n|switch|p1b: Basculegion|Basculegion-F, F|100\/100\n|switch|p2a: Landorus|Landorus-Therian, M|100\/100\n|-ability|p2a: Landorus|Intimidate|boost\n|-unboost|p1a: Amoonguss|atk|1\n|-unboost|p1b: Basculegion|atk|1\n|turn|13\n|j| arcane river\n|l| arcane river\n|\n|t:|1699896998\n|switch|p1b: Pelipper|Pelipper, M, shiny|67\/100\n|-weather|RainDance|[from] ability: Drizzle|[of] p1b: Pelipper\n|move|p2a: Landorus|U-turn|p1a: Amoonguss\n|-damage|p1a: Amoonguss|12\/100\n|-damage|p2a: Landorus|84\/100|[from] item: Rocky Helmet|[of] p1a: Amoonguss\n|j| arcane river\n|l| arcane river\n|\n|t:|1699897005\n|switch|p2a: Amoonguss|Amoonguss, F|43\/100|[from] U-turn\n|move|p2b: Cresselia|Icy Wind|p1a: Amoonguss|[spread] p1a,p1b\n|-supereffective|p1a: Amoonguss\n|-damage|p1a: Amoonguss|0 fnt\n|-damage|p1b: Pelipper|45\/100\n|-unboost|p1b: Pelipper|spe|1\n|faint|p1a: Amoonguss\n|\n|-weather|RainDance|[upkeep]\n|-heal|p2a: Amoonguss|50\/100|[from] item: Leftovers\n|upkeep\n|\n|t:|1699897008\n|switch|p1a: Basculegion|Basculegion-F, F|100\/100\n|turn|14\n|\n|t:|1699897031\n|move|p1b: Pelipper|Wide Guard|p1b: Pelipper\n|-singleturn|p1b: Pelipper|Wide Guard\n|move|p2a: Amoonguss|Rage Powder|p2a: Amoonguss\n|-singleturn|p2a: Amoonguss|move: Rage Powder\n|move|p1a: Basculegion|Last Respects|p2a: Amoonguss\n|-damage|p2a: Amoonguss|0 fnt\n|faint|p2a: Amoonguss\n|move|p2b: Cresselia|Icy Wind|p1a: Basculegion|[spread] \n|-activate|p1a: Basculegion|move: Wide Guard\n|-activate|p1b: Pelipper|move: Wide Guard\n|\n|-weather|RainDance|[upkeep]\n|upkeep\n|\n|t:|1699897042\n|switch|p2a: Landorus|Landorus-Therian, M|84\/100\n|-ability|p2a: Landorus|Intimidate|boost\n|-unboost|p1a: Basculegion|atk|1\n|-unboost|p1b: Pelipper|atk|1\n|turn|15\n|\n|t:|1699897053\n|move|p1a: Basculegion|Last Respects|p2b: Cresselia\n|-supereffective|p2b: Cresselia\n|-damage|p2b: Cresselia|0 fnt\n|faint|p2b: Cresselia\n|move|p2a: Landorus|U-turn|p1b: Pelipper\n|-resisted|p1b: Pelipper\n|-damage|p1b: Pelipper|35\/100\n|\n|t:|1699897059\n|switch|p2a: Scizor|Scizor, F|100\/100|[from] U-turn\n|move|p1b: Pelipper|Hydro Pump|p2a: Scizor\n|-crit|p2a: Scizor\n|-damage|p2a: Scizor|0 fnt\n|faint|p2a: Scizor\n|\n|-weather|RainDance|[upkeep]\n|upkeep\n|-message|xr21 forfeited.\n|\n|win|its-sam87\n|raw|its-sam87's rating: 1512 &rarr; <strong>1531<\/strong><br \/>(+19 for winning)\n|raw|xr21's rating: 1497 &rarr; <strong>1478<\/strong><br \/>(-19 for losing)\n|l|\u2606xr21\n","uploadtime":1699897079,"views":12,"p1id":"itssam87","p2id":"xr21","formatid":"gen9doublesou","rating":1478,"private":0,"password":""}