{"id":"gen9doublesou-1988960119","p1":"AlphaAcount","p2":"goodra61","format":"[Gen 9] Doubles OU","log":"|j|\u2606AlphaAcount\n|j|\u2606goodra61\n|t:|1699794825\n|gametype|doubles\n|player|p1|AlphaAcount|benga|1382\n|player|p2|goodra61|lucas-gen4pt|1551\n|teamsize|p1|6\n|teamsize|p2|6\n|gen|9\n|tier|[Gen 9] Doubles OU\n|rated|\n|rule|Species Clause: Limit one of each Pok\u00e9mon\n|rule|OHKO Clause: OHKO moves are banned\n|rule|Evasion Moves Clause: Evasion moves are banned\n|rule|Gravity Sleep Clause: The combination of sleep-inducing moves with imperfect accuracy and Gravity or Gigantamax Orbeetle are banned\n|rule|Endless Battle Clause: Forcing endless battles is banned\n|rule|HP Percentage Mod: HP is shown in percentages\n|clearpoke\n|poke|p1|Tornadus, M|\n|poke|p1|Flutter Mane|\n|poke|p1|Ursaluna-Bloodmoon, M|\n|poke|p1|Ogerpon-Wellspring, F|\n|poke|p1|Basculegion-F, F|\n|poke|p1|Regidrago|\n|poke|p2|Ursaluna-Bloodmoon, M|\n|poke|p2|Sinistcha-Masterpiece|\n|poke|p2|Farigiraf, M|\n|poke|p2|Iron Hands|\n|poke|p2|Torkoal, F|\n|poke|p2|Gallade, M|\n|teampreview\n|\n|t:|1699794861\n|start\n|switch|p1a: KING of WIND|Tornadus, M, shiny|100\/100\n|switch|p1b: Charizard face|Regidrago|100\/100\n|switch|p2a: Iron Hands|Iron Hands|100\/100\n|switch|p2b: Farigiraf|Farigiraf, M|100\/100\n|turn|1\n|\n|t:|1699794882\n|-terastallize|p1b: Charizard face|Dragon\n|move|p2a: Iron Hands|Fake Out|p1b: Charizard face\n|-damage|p1b: Charizard face|84\/100\n|move|p1a: KING of WIND|Tailwind|p1a: KING of WIND\n|-sidestart|p1: AlphaAcount|move: Tailwind\n|cant|p1b: Charizard face|flinch\n|move|p2b: Farigiraf|Trick Room|p2b: Farigiraf\n|-fieldstart|move: Trick Room|[of] p2b: Farigiraf\n|\n|upkeep\n|turn|2\n|\n|t:|1699794911\n|move|p2a: Iron Hands|Ice Punch|p1a: KING of WIND\n|-supereffective|p1a: KING of WIND\n|-damage|p1a: KING of WIND|9\/100\n|-status|p1a: KING of WIND|frz\n|move|p2b: Farigiraf|Hyper Voice|p1a: KING of WIND|[spread] p1a,p1b\n|-damage|p1a: KING of WIND|0 fnt\n|-damage|p1b: Charizard face|45\/100\n|faint|p1a: KING of WIND\n|-enditem|p2b: Farigiraf|Throat Spray\n|-boost|p2b: Farigiraf|spa|1|[from] item: Throat Spray\n|move|p1b: Charizard face|Dragon Energy|p2b: Farigiraf|[spread] p2a,p2b\n|-damage|p2a: Iron Hands|70\/100\n|-damage|p2b: Farigiraf|30\/100\n|\n|upkeep\n|\n|t:|1699794922\n|switch|p1a: BLOOD|Ursaluna-Bloodmoon, M|100\/100\n|turn|3\n|\n|t:|1699794932\n|switch|p1b: TROLL BONK|Ogerpon-Wellspring, F|100\/100\n|move|p2a: Iron Hands|Drain Punch|p1a: BLOOD\n|-supereffective|p1a: BLOOD\n|-damage|p1a: BLOOD|38\/100\n|-heal|p2a: Iron Hands|96\/100|[from] drain|[of] p1a: BLOOD\n|move|p2b: Farigiraf|Hyper Voice|p1b: TROLL BONK|[spread] p1a,p1b\n|-damage|p1a: BLOOD|0 fnt\n|-damage|p1b: TROLL BONK|44\/100\n|faint|p1a: BLOOD\n|\n|upkeep\n|\n|t:|1699794945\n|switch|p1a: CUTE|Flutter Mane, shiny|100\/100\n|turn|4\n|\n|t:|1699794959\n|move|p1b: TROLL BONK|Spiky Shield|p1b: TROLL BONK\n|-singleturn|p1b: TROLL BONK|move: Protect\n|move|p1a: CUTE|Protect|p1a: CUTE\n|-singleturn|p1a: CUTE|Protect\n|move|p2a: Iron Hands|Thunder Punch|p1a: CUTE\n|-activate|p1a: CUTE|move: Protect\n|move|p2b: Farigiraf|Hyper Voice|p1b: TROLL BONK|[spread] \n|-activate|p1a: CUTE|move: Protect\n|-activate|p1b: TROLL BONK|move: Protect\n|\n|-sideend|p1: AlphaAcount|move: Tailwind\n|upkeep\n|turn|5\n|\n|t:|1699794990\n|move|p2a: Iron Hands|Thunder Punch|p1a: CUTE\n|-damage|p1a: CUTE|2\/100\n|move|p2b: Farigiraf|Hyper Voice|p1b: TROLL BONK|[spread] p1b\n|-immune|p1a: CUTE\n|-damage|p1b: TROLL BONK|0 fnt\n|faint|p1b: TROLL BONK\n|move|p1a: CUTE|Wish|p1a: CUTE\n|\n|-fieldend|move: Trick Room\n|upkeep\n|\n|t:|1699794999\n|switch|p1b: Charizard face|Regidrago, tera:Dragon|45\/100\n|turn|6\n|\n|t:|1699795010\n|move|p1a: CUTE|Dazzling Gleam|p2a: Iron Hands|[spread] p2a,p2b\n|-supereffective|p2a: Iron Hands\n|-damage|p2a: Iron Hands|59\/100\n|-damage|p2b: Farigiraf|0 fnt\n|faint|p2b: Farigiraf\n|move|p1b: Charizard face|Draco Meteor|p2a: Iron Hands|[miss]\n|-miss|p1b: Charizard face|p2a: Iron Hands\n|move|p2a: Iron Hands|Ice Punch|p1b: Charizard face\n|-supereffective|p1b: Charizard face\n|-damage|p1b: Charizard face|0 fnt\n|faint|p1b: Charizard face\n|\n|-heal|p1a: CUTE|52\/100|[from] move: Wish|[wisher] CUTE\n|upkeep\n|inactive|Battle timer is ON: inactive players will automatically lose when time's up. (requested by AlphaAcount)\n|\n|t:|1699795029\n|switch|p1b: FISH|Basculegion-F, F, shiny|100\/100\n|switch|p2b: Sinistcha|Sinistcha-Masterpiece|100\/100\n|-heal|p2a: Iron Hands|84\/100|[from] ability: Hospitality|[of] p2b: Sinistcha\n|turn|7\n|\n|t:|1699795046\n|-terastallize|p2b: Sinistcha|Normal\n|move|p1b: FISH|Last Respects|p2b: Sinistcha\n|-immune|p2b: Sinistcha\n|move|p1a: CUTE|Wish|p1a: CUTE\n|move|p2a: Iron Hands|Thunder Punch|p1b: FISH\n|-supereffective|p1b: FISH\n|-damage|p1b: FISH|0 fnt\n|faint|p1b: FISH\n|move|p2b: Sinistcha|Trick Room|p2b: Sinistcha\n|-fieldstart|move: Trick Room|[of] p2b: Sinistcha\n|\n|upkeep\n|turn|8\n|-message|AlphaAcount forfeited.\n|\n|win|goodra61\n|raw|AlphaAcount's rating: 1382 &rarr; <strong>1371<\/strong><br \/>(-11 for losing)\n|raw|goodra61's rating: 1551 &rarr; <strong>1562<\/strong><br \/>(+11 for winning)\n|l|\u2606AlphaAcount\n","uploadtime":1699795083,"views":4,"p1id":"alphaacount","p2id":"goodra61","formatid":"gen9doublesou","rating":1371,"private":0,"password":""}