{"id":"gen9doublesou-1981510351","p1":"Ghastlypixie","p2":"z693611670","format":"[Gen 9] Doubles OU","log":"|j|\u2606Ghastlypixie\n|j|\u2606z693611670\n|t:|1698909468\n|gametype|doubles\n|player|p1|Ghastlypixie|plasmagruntf|1492\n|player|p2|z693611670|emmet|1617\n|teamsize|p1|6\n|teamsize|p2|6\n|gen|9\n|tier|[Gen 9] Doubles OU\n|rated|\n|rule|Species Clause: Limit one of each Pok\u00e9mon\n|rule|OHKO Clause: OHKO moves are banned\n|rule|Evasion Moves Clause: Evasion moves are banned\n|rule|Gravity Sleep Clause: The combination of sleep-inducing moves with imperfect accuracy and Gravity or Gigantamax Orbeetle are banned\n|rule|Endless Battle Clause: Forcing endless battles is banned\n|rule|HP Percentage Mod: HP is shown in percentages\n|clearpoke\n|poke|p1|Flutter Mane|\n|poke|p1|Alomomola, F|\n|poke|p1|Heatran, F|\n|poke|p1|Baxcalibur, F|\n|poke|p1|Gyarados, F|\n|poke|p1|Murkrow, F|\n|poke|p2|Muk-Alola, F|\n|poke|p2|Scovillain, M|\n|poke|p2|Chansey, F|\n|poke|p2|Grimmsnarl, M|\n|poke|p2|Sinistcha-Masterpiece|\n|poke|p2|Toxapex, M|\n|teampreview\n|inactive|Battle timer is ON: inactive players will automatically lose when time's up. (requested by Ghastlypixie)\n|inactive|z693611670 has 120 seconds left.\n|\n|t:|1698909521\n|start\n|switch|p1a: Murkrow|Murkrow, F, shiny|100\/100\n|switch|p1b: Baxcalibur|Baxcalibur, F|100\/100\n|switch|p2a: xiao8|Toxapex, M|100\/100\n|switch|p2b: xinq|Grimmsnarl, M|100\/100\n|turn|1\n|\n|t:|1698909540\n|move|p2b: xinq|Fake Out|p1b: Baxcalibur\n|-damage|p1b: Baxcalibur|89\/100\n|move|p1a: Murkrow|Tailwind|p1a: Murkrow\n|-sidestart|p1: Ghastlypixie|move: Tailwind\n|cant|p1b: Baxcalibur|flinch\n|move|p2a: xiao8|Toxic|p1a: Murkrow\n|-status|p1a: Murkrow|tox\n|\n|-damage|p1a: Murkrow|94\/100 tox|[from] psn\n|upkeep\n|turn|2\n|inactive|z693611670 has 120 seconds left.\n|inactive|Ghastlypixie has 120 seconds left.\n|inactive|z693611670 has 90 seconds left.\n|\n|t:|1698909612\n|switch|p1a: Heatran|Heatran, F|100\/100\n|move|p2b: xinq|Reflect|p2b: xinq\n|-sidestart|p2: z693611670|Reflect\n|move|p1b: Baxcalibur|Dragon Dance|p1b: Baxcalibur\n|-boost|p1b: Baxcalibur|atk|1\n|-boost|p1b: Baxcalibur|spe|1\n|move|p2a: xiao8|Toxic|p1b: Baxcalibur\n|-status|p1b: Baxcalibur|tox\n|\n|-damage|p1b: Baxcalibur|83\/100 tox|[from] psn\n|upkeep\n|turn|3\n|inactive|z693611670 has 90 seconds left.\n|inactive|Ghastlypixie has 120 seconds left.\n|\n|t:|1698909642\n|move|p2b: xinq|Light Screen|p2b: xinq\n|-sidestart|p2: z693611670|move: Light Screen\n|move|p1b: Baxcalibur|Icicle Spear|p2b: xinq\n|-damage|p2b: xinq|87\/100\n|-damage|p2b: xinq|72\/100\n|-damage|p2b: xinq|58\/100\n|-damage|p2b: xinq|44\/100\n|-damage|p2b: xinq|29\/100\n|-hitcount|p2b: xinq|5\n|move|p1a: Heatran|Flash Cannon|p2b: xinq\n|-supereffective|p2b: xinq\n|-damage|p2b: xinq|0 fnt\n|faint|p2b: xinq\n|move|p2a: xiao8|Toxic Spikes|p1a: Heatran\n|-sidestart|p1: Ghastlypixie|move: Toxic Spikes\n|\n|-damage|p1b: Baxcalibur|71\/100 tox|[from] psn\n|upkeep\n|inactive|z693611670 has 90 seconds left.\n|inactive|z693611670 has 60 seconds left.\n|\n|t:|1698909699\n|switch|p2b: faith_bian|Chansey, F|100\/100\n|turn|4\n|inactive|z693611670 has 60 seconds left.\n|\n|t:|1698909709\n|move|p1b: Baxcalibur|Icicle Spear|p2b: faith_bian\n|-crit|p2b: faith_bian\n|-damage|p2b: faith_bian|77\/100\n|-damage|p2b: faith_bian|65\/100\n|-damage|p2b: faith_bian|53\/100\n|-damage|p2b: faith_bian|42\/100\n|-crit|p2b: faith_bian\n|-damage|p2b: faith_bian|18\/100\n|-hitcount|p2b: faith_bian|5\n|move|p1a: Heatran|Heat Wave|p2a: xiao8|[spread] p2a,p2b\n|-resisted|p2a: xiao8\n|-damage|p2a: xiao8|92\/100\n|-damage|p2b: faith_bian|11\/100\n|move|p2b: faith_bian|Charm|p1b: Baxcalibur\n|-unboost|p1b: Baxcalibur|atk|2\n|move|p2a: xiao8|Toxic Spikes|p1b: Baxcalibur\n|-sidestart|p1: Ghastlypixie|move: Toxic Spikes\n|\n|-damage|p1b: Baxcalibur|52\/100 tox|[from] psn\n|-sideend|p1: Ghastlypixie|move: Tailwind\n|upkeep\n|turn|5\n|inactive|z693611670 has 60 seconds left.\n|\n|t:|1698909750\n|switch|p1b: Gyarados|Gyarados, F|100\/100\n|-ability|p1b: Gyarados|Intimidate|boost\n|-unboost|p2a: xiao8|atk|1\n|-unboost|p2b: faith_bian|atk|1\n|switch|p2b: Y'|Scovillain, M|100\/100\n|move|p2a: xiao8|Wide Guard|p2a: xiao8\n|-singleturn|p2a: xiao8|Wide Guard\n|move|p1a: Heatran|Flash Cannon|p2b: Y'\n|-resisted|p2b: Y'\n|-damage|p2b: Y'|79\/100\n|\n|-ability|p2b: Y'|Moody|boost\n|-boost|p2b: Y'|def|2\n|-unboost|p2b: Y'|atk|1\n|upkeep\n|turn|6\n|inactive|z693611670 has 60 seconds left.\n|\n|t:|1698909773\n|switch|p2a: Ame|Muk-Alola, F|100\/100\n|move|p2b: Y'|Will-O-Wisp|p1b: Gyarados\n|-status|p1b: Gyarados|brn\n|move|p1b: Gyarados|Taunt|p2a: Ame\n|-start|p2a: Ame|move: Taunt\n|move|p1a: Heatran|Earth Power|p2a: Ame\n|-supereffective|p2a: Ame\n|-damage|p2a: Ame|68\/100\n|-unboost|p2a: Ame|spd|1\n|\n|-heal|p2a: Ame|74\/100|[from] item: Leftovers\n|-damage|p1b: Gyarados|94\/100 brn|[from] brn\n|-ability|p2b: Y'|Moody|boost\n|-boost|p2b: Y'|atk|2\n|-unboost|p2b: Y'|spd|1\n|upkeep\n|turn|7\n|inactive|z693611670 has 60 seconds left.\n|\n|t:|1698909811\n|move|p2b: Y'|Leech Seed|p1a: Heatran\n|-start|p1a: Heatran|move: Leech Seed\n|move|p1b: Gyarados|Thunder Wave|p2a: Ame|[miss]\n|-miss|p1b: Gyarados|p2a: Ame\n|move|p1a: Heatran|Heat Wave|p2b: Y'|[spread] p2a,p2b\n|-damage|p2a: Ame|42\/100\n|-damage|p2b: Y'|15\/100\n|move|p2a: Ame|Knock Off|p1a: Heatran\n|-damage|p1a: Heatran|73\/100\n|-enditem|p1a: Heatran|Assault Vest|[from] move: Knock Off|[of] p2a: Ame\n|\n|-heal|p2a: Ame|48\/100|[from] item: Leftovers\n|-damage|p1a: Heatran|61\/100|[from] Leech Seed|[of] p2b: Y'\n|-heal|p2b: Y'|30\/100|[silent]\n|-damage|p1b: Gyarados|88\/100 brn|[from] brn\n|-ability|p2b: Y'|Moody|boost\n|-boost|p2b: Y'|spd|2\n|-unboost|p2b: Y'|atk|1\n|upkeep\n|turn|8\n|inactive|z693611670 has 60 seconds left.\n|\n|t:|1698909834\n|move|p2b: Y'|Rage Powder|p2b: Y'\n|-singleturn|p2b: Y'|move: Rage Powder\n|move|p1b: Gyarados|Thunder Wave|p2b: Y'|[miss]\n|-miss|p1b: Gyarados|p2b: Y'\n|move|p1a: Heatran|Heat Wave|p2b: Y'|[spread] p2b\n|-miss|p1a: Heatran|p2a: Ame\n|-damage|p2b: Y'|4\/100\n|move|p2a: Ame|Knock Off|p1b: Gyarados\n|-damage|p1b: Gyarados|51\/100 brn\n|-enditem|p1b: Gyarados|Sitrus Berry|[from] move: Knock Off|[of] p2a: Ame\n|\n|-heal|p2a: Ame|54\/100|[from] item: Leftovers\n|-damage|p1a: Heatran|48\/100|[from] Leech Seed|[of] p2b: Y'\n|-heal|p2b: Y'|18\/100|[silent]\n|-damage|p1b: Gyarados|45\/100 brn|[from] brn\n|-end|p2a: Ame|move: Taunt\n|-ability|p2b: Y'|Moody|boost\n|-boost|p2b: Y'|spa|2\n|-unboost|p2b: Y'|spe|1\n|upkeep\n|turn|9\n|inactive|z693611670 has 60 seconds left.\n|inactive|z693611670 has 30 seconds left.\n|\n|t:|1698909882\n|move|p2a: Ame|Protect|p2a: Ame\n|-singleturn|p2a: Ame|Protect\n|move|p1b: Gyarados|Waterfall|p2b: Y'\n|-damage|p2b: Y'|10\/100\n|move|p1a: Heatran|Heat Wave|p2a: Ame|[spread] p2b\n|-activate|p2a: Ame|move: Protect\n|-damage|p2b: Y'|0 fnt\n|faint|p2b: Y'\n|-ability|p2a: Ame|Moody|[from] ability: Power of Alchemy|[of] p2b: Y'\n|\n|-heal|p2a: Ame|60\/100|[from] item: Leftovers\n|-damage|p1b: Gyarados|39\/100 brn|[from] brn\n|-sideend|p2: z693611670|Reflect\n|-ability|p2a: Ame|Moody|boost\n|-boost|p2a: Ame|spd|2\n|-unboost|p2a: Ame|atk|1\n|upkeep\n|inactive|z693611670 has 30 seconds left this turn.\n|inactive|z693611670 has 20 seconds left.\n|inactive|z693611670 has 15 seconds left.\n|\n|t:|1698909902\n|switch|p2b: nothingtosay|Sinistcha-Masterpiece|100\/100\n|-heal|p2a: Ame|85\/100|[from] ability: Hospitality|[of] p2b: nothingtosay\n|turn|10\n|inactive|z693611670 has 30 seconds left.\n|inactive|z693611670 has 20 seconds left.\n|inactive|z693611670 has 15 seconds left.\n|\n|t:|1698909930\n|move|p2b: nothingtosay|Rage Powder|p2b: nothingtosay\n|-singleturn|p2b: nothingtosay|move: Rage Powder\n|move|p1b: Gyarados|Thunder Wave|p2b: nothingtosay\n|-status|p2b: nothingtosay|par\n|move|p1a: Heatran|Heat Wave|p2b: nothingtosay|[spread] p2a,p2b\n|-supereffective|p2b: nothingtosay\n|-damage|p2a: Ame|70\/100\n|-damage|p2b: nothingtosay|45\/100 par\n|move|p2a: Ame|Substitute|p2a: Ame\n|-start|p2a: Ame|Substitute\n|-damage|p2a: Ame|45\/100\n|\n|-heal|p2a: Ame|51\/100|[from] item: Leftovers\n|-heal|p2b: nothingtosay|51\/100 par|[from] item: Leftovers\n|-damage|p1a: Heatran|36\/100|[from] Leech Seed|[of] p2b: nothingtosay\n|-heal|p2b: nothingtosay|65\/100 par|[silent]\n|-damage|p1b: Gyarados|32\/100 brn|[from] brn\n|-sideend|p2: z693611670|move: Light Screen\n|-ability|p2a: Ame|Moody|boost\n|-boost|p2a: Ame|spe|2\n|-unboost|p2a: Ame|atk|1\n|upkeep\n|turn|11\n|inactive|z693611670 has 30 seconds left.\n|inactive|z693611670 has 20 seconds left.\n|inactive|z693611670 has 15 seconds left.\n|inactive|Ghastlypixie has 120 seconds left.\n|inactive|z693611670 has 10 seconds left.\n|\n|t:|1698909962\n|move|p2a: Ame|Protect|p2a: Ame\n|-singleturn|p2a: Ame|Protect\n|move|p1b: Gyarados|Taunt|p2b: nothingtosay\n|-start|p2b: nothingtosay|move: Taunt\n|move|p1a: Heatran|Heat Wave|p2b: nothingtosay|[spread] p2b\n|-activate|p2a: Ame|move: Protect\n|-supereffective|p2b: nothingtosay\n|-damage|p2b: nothingtosay|0 fnt\n|faint|p2b: nothingtosay\n|\n|-heal|p2a: Ame|57\/100|[from] item: Leftovers\n|-damage|p1b: Gyarados|26\/100 brn|[from] brn\n|-ability|p2a: Ame|Moody|boost\n|-boost|p2a: Ame|spa|2\n|-unboost|p2a: Ame|spd|1\n|upkeep\n|inactive|z693611670 has 15 seconds left this turn.\n|inactive|z693611670 has 10 seconds left.\n|\n|t:|1698909968\n|switch|p2b: faith_bian|Chansey, F|11\/100\n|turn|12\n|inactive|z693611670 has 30 seconds left.\n|\n|t:|1698909980\n|move|p2a: Ame|Knock Off|p1b: Gyarados\n|-damage|p1b: Gyarados|13\/100 brn\n|move|p1b: Gyarados|Waterfall|p2b: faith_bian\n|-damage|p2b: faith_bian|0 fnt\n|faint|p2b: faith_bian\n|move|p1a: Heatran|Heat Wave|p2a: Ame\n|-end|p2a: Ame|Substitute\n|\n|-heal|p2a: Ame|63\/100|[from] item: Leftovers\n|-damage|p1b: Gyarados|7\/100 brn|[from] brn\n|-ability|p2a: Ame|Moody|boost\n|-boost|p2a: Ame|spd|2\n|-unboost|p2a: Ame|atk|1\n|upkeep\n|inactive|z693611670 has 30 seconds left.\n|\n|t:|1698909990\n|switch|p2b: xiao8|Toxapex, M|100\/100\n|turn|13\n|\n|t:|1698910000\n|move|p2b: xiao8|Wide Guard|p2b: xiao8\n|-singleturn|p2b: xiao8|Wide Guard\n|move|p2a: Ame|Knock Off|p1b: Gyarados\n|-damage|p1b: Gyarados|0 fnt\n|faint|p1b: Gyarados\n|move|p1a: Heatran|Earth Power|p2a: Ame\n|-supereffective|p2a: Ame\n|-damage|p2a: Ame|36\/100\n|\n|-heal|p2a: Ame|42\/100|[from] item: Leftovers\n|-damage|p1a: Heatran|23\/100|[from] Leech Seed|[of] p2b: xiao8\n|-ability|p2a: Ame|Moody|boost\n|-boost|p2a: Ame|def|2\n|-unboost|p2a: Ame|atk|1\n|upkeep\n|\n|t:|1698910014\n|switch|p1b: Murkrow|Murkrow, F, shiny|94\/100 tox\n|turn|14\n|inactive|z693611670 has 60 seconds left.\n|\n|t:|1698910030\n|switch|p1a: Alomomola|Alomomola, F|100\/100\n|-status|p1a: Alomomola|tox\n|move|p1b: Murkrow|Perish Song|p1b: Murkrow\n|-start|p1a: Alomomola|perish3|[silent]\n|-start|p1b: Murkrow|perish3|[silent]\n|-start|p2a: Ame|perish3|[silent]\n|-start|p2b: xiao8|perish3|[silent]\n|-fieldactivate|move: Perish Song\n|move|p2a: Ame|Substitute|p2a: Ame\n|-start|p2a: Ame|Substitute\n|-damage|p2a: Ame|17\/100\n|move|p2b: xiao8|Poison Jab|p1b: Murkrow\n|-damage|p1b: Murkrow|72\/100 tox\n|\n|-heal|p2a: Ame|23\/100|[from] item: Leftovers\n|-damage|p1b: Murkrow|66\/100 tox|[from] psn\n|-damage|p1a: Alomomola|94\/100 tox|[from] psn\n|-start|p2a: Ame|perish3\n|-start|p1b: Murkrow|perish3\n|-start|p1a: Alomomola|perish3\n|-start|p2b: xiao8|perish3\n|-ability|p2a: Ame|Moody|boost\n|-boost|p2a: Ame|def|2\n|-unboost|p2a: Ame|atk|1\n|upkeep\n|turn|15\n|-message|z693611670 forfeited.\n|\n|win|Ghastlypixie\n|raw|Ghastlypixie's rating: 1492 &rarr; <strong>1519<\/strong><br \/>(+27 for winning)\n|raw|z693611670's rating: 1617 &rarr; <strong>1590<\/strong><br \/>(-27 for losing)\n","uploadtime":1698910055,"views":21,"p1id":"ghastlypixie","p2id":"z693611670","formatid":"gen9doublesou","rating":1519,"private":0,"password":""}