{"id":"gen9doublesou-1973503776","p1":"Ottomusprime","p2":"slimeree","format":"[Gen 9] Doubles OU","log":"|j|\u2606Ottomusprime\n|j|\u2606slimeree\n|t:|1697984641\n|gametype|doubles\n|player|p1|Ottomusprime|265|1345\n|player|p2|slimeree|dawn|1452\n|teamsize|p1|6\n|teamsize|p2|6\n|gen|9\n|tier|[Gen 9] Doubles OU\n|rated|\n|rule|Species Clause: Limit one of each Pok\u00e9mon\n|rule|OHKO Clause: OHKO moves are banned\n|rule|Evasion Moves Clause: Evasion moves are banned\n|rule|Gravity Sleep Clause: The combination of sleep-inducing moves with imperfect accuracy and Gravity or Gigantamax Orbeetle are banned\n|rule|Endless Battle Clause: Forcing endless battles is banned\n|rule|HP Percentage Mod: HP is shown in percentages\n|clearpoke\n|poke|p1|Chi-Yu|\n|poke|p1|Kingambit, M|\n|poke|p1|Tornadus, M|\n|poke|p1|Gliscor, M|\n|poke|p1|Iron Hands|\n|poke|p1|Fezandipiti, M|\n|poke|p2|Ninetales-Alola, M|\n|poke|p2|Arcanine-Hisui, M|\n|poke|p2|Sinistcha-Masterpiece|\n|poke|p2|Iron Hands|\n|poke|p2|Flutter Mane|\n|poke|p2|Landorus, M|\n|teampreview\n|inactive|Battle timer is ON: inactive players will automatically lose when time's up. (requested by Ottomusprime)\n|\n|t:|1697984668\n|start\n|switch|p1a: Kingambit|Kingambit, M|100\/100\n|switch|p1b: Fezandipiti|Fezandipiti, M|100\/100\n|switch|p2a: Sinistcha|Sinistcha-Masterpiece, shiny|100\/100\n|switch|p2b: Flutter Mane|Flutter Mane|100\/100\n|-enditem|p2b: Flutter Mane|Booster Energy\n|-activate|p2b: Flutter Mane|ability: Protosynthesis|[fromitem]\n|-start|p2b: Flutter Mane|protosynthesisspa\n|turn|1\n|inactive|slimeree has 120 seconds left.\n|\n|t:|1697984704\n|-terastallize|p2a: Sinistcha|Water\n|move|p2a: Sinistcha|Rage Powder|p2a: Sinistcha\n|-singleturn|p2a: Sinistcha|move: Rage Powder\n|move|p2b: Flutter Mane|Moonblast|p1a: Kingambit\n|-damage|p1a: Kingambit|57\/100\n|move|p1b: Fezandipiti|Swords Dance|p1b: Fezandipiti\n|-boost|p1b: Fezandipiti|atk|2\n|move|p1a: Kingambit|Iron Head|p2a: Sinistcha\n|-resisted|p2a: Sinistcha\n|-damage|p2a: Sinistcha|81\/100\n|-damage|p1a: Kingambit|40\/100|[from] item: Rocky Helmet|[of] p2a: Sinistcha\n|\n|upkeep\n|turn|2\n|inactive|slimeree has 120 seconds left.\n|inactive|Ottomusprime has 120 seconds left.\n|\n|t:|1697984762\n|-end|p2b: Flutter Mane|Protosynthesis|[silent]\n|switch|p2b: Landorus|Landorus, M|100\/100\n|-end|p1a: Kingambit|fallenundefined|[silent]\n|switch|p1a: Chi-Yu|Chi-Yu|100\/100\n|-ability|p1a: Chi-Yu|Beads of Ruin\n|move|p1b: Fezandipiti|Dual Wingbeat|p2b: Landorus\n|-damage|p2b: Landorus|69\/100\n|-damage|p2b: Landorus|38\/100\n|-hitcount|p2b: Landorus|2\n|move|p2a: Sinistcha|Strength Sap|p1b: Fezandipiti\n|-unboost|p1b: Fezandipiti|atk|1\n|-heal|p2a: Sinistcha|100\/100\n|\n|upkeep\n|turn|3\n|inactive|Ottomusprime has 120 seconds left.\n|\n|t:|1697984796\n|move|p2b: Landorus|Protect|p2b: Landorus\n|-singleturn|p2b: Landorus|Protect\n|move|p1a: Chi-Yu|Heat Wave|p2a: Sinistcha|[spread] \n|-activate|p2b: Landorus|move: Protect\n|-miss|p1a: Chi-Yu|p2a: Sinistcha\n|move|p1b: Fezandipiti|Dual Wingbeat|p2a: Sinistcha\n|-damage|p2a: Sinistcha|79\/100\n|-damage|p1b: Fezandipiti|84\/100|[from] item: Rocky Helmet|[of] p2a: Sinistcha\n|-damage|p2a: Sinistcha|59\/100\n|-damage|p1b: Fezandipiti|68\/100|[from] item: Rocky Helmet|[of] p2a: Sinistcha\n|-hitcount|p2a: Sinistcha|2\n|move|p2a: Sinistcha|Trick Room|p2a: Sinistcha\n|-fieldstart|move: Trick Room|[of] p2a: Sinistcha\n|\n|upkeep\n|turn|4\n|inactive|Ottomusprime has 120 seconds left.\n|\n|t:|1697984816\n|move|p1a: Chi-Yu|Protect|p1a: Chi-Yu\n|-singleturn|p1a: Chi-Yu|Protect\n|move|p2a: Sinistcha|Strength Sap|p1b: Fezandipiti\n|-unboost|p1b: Fezandipiti|atk|1\n|-heal|p2a: Sinistcha|100\/100\n|move|p2b: Landorus|Sandsear Storm|p1b: Fezandipiti|[spread] p1b\n|-activate|p1a: Chi-Yu|move: Protect\n|-supereffective|p1b: Fezandipiti\n|-damage|p1b: Fezandipiti|0 fnt\n|faint|p1b: Fezandipiti\n|\n|upkeep\n|\n|t:|1697984831\n|switch|p1b: Iron Hands|Iron Hands|100\/100\n|turn|5\n|inactive|Ottomusprime has 120 seconds left.\n|\n|t:|1697984844\n|switch|p1a: Gliscor|Gliscor, M, shiny|100\/100\n|move|p2b: Landorus|Protect|p2b: Landorus\n|-singleturn|p2b: Landorus|Protect\n|move|p1b: Iron Hands|Wild Charge|p2a: Sinistcha\n|-supereffective|p2a: Sinistcha\n|-damage|p2a: Sinistcha|11\/100\n|-damage|p1b: Iron Hands|84\/100|[from] item: Rocky Helmet|[of] p2a: Sinistcha\n|-damage|p1b: Iron Hands|69\/100|[from] Recoil\n|move|p2a: Sinistcha|Strength Sap|p1b: Iron Hands\n|-unboost|p1b: Iron Hands|atk|1\n|-heal|p2a: Sinistcha|100\/100\n|\n|-status|p1a: Gliscor|tox|[from] item: Toxic Orb\n|upkeep\n|turn|6\n|inactive|Ottomusprime has 120 seconds left.\n|inactive|slimeree has 120 seconds left.\n|inactive|slimeree has 90 seconds left.\n|\n|t:|1697984918\n|switch|p2a: Ninetales|Ninetales-Alola, M|100\/100\n|-weather|Snow|[from] ability: Snow Warning|[of] p2a: Ninetales\n|move|p1b: Iron Hands|Ice Punch|p2b: Landorus\n|-supereffective|p2b: Landorus\n|-damage|p2b: Landorus|0 fnt\n|faint|p2b: Landorus\n|move|p1a: Gliscor|Stealth Rock|p2a: Ninetales\n|-sidestart|p2: slimeree|move: Stealth Rock\n|\n|-weather|Snow|[upkeep]\n|upkeep\n|\n|t:|1697984934\n|switch|p2b: Flutter Mane|Flutter Mane|100\/100\n|-damage|p2b: Flutter Mane|88\/100|[from] Stealth Rock\n|turn|7\n|j| ArveilVGC\n|inactive|slimeree has 90 seconds left.\n|\n|t:|1697984945\n|move|p1a: Gliscor|Protect|p1a: Gliscor\n|-singleturn|p1a: Gliscor|Protect\n|move|p1b: Iron Hands|Wild Charge|p2b: Flutter Mane\n|-damage|p2b: Flutter Mane|12\/100\n|-damage|p1b: Iron Hands|59\/100|[from] Recoil\n|move|p2a: Ninetales|Blizzard|p1a: Gliscor|[spread] p1b\n|-activate|p1a: Gliscor|move: Protect\n|-damage|p1b: Iron Hands|32\/100\n|-status|p1b: Iron Hands|frz\n|move|p2b: Flutter Mane|Moonblast|p1b: Iron Hands\n|-supereffective|p1b: Iron Hands\n|-damage|p1b: Iron Hands|0 fnt\n|faint|p1b: Iron Hands\n|-end|p1b: Iron Hands|Quark Drive|[silent]\n|\n|-weather|Snow|[upkeep]\n|-fieldend|move: Trick Room\n|upkeep\n|\n|t:|1697984963\n|switch|p1b: Tornadus|Tornadus, M|100\/100\n|turn|8\n|\n|t:|1697984986\n|move|p1b: Tornadus|Tailwind|p1b: Tornadus\n|-sidestart|p1: Ottomusprime|move: Tailwind\n|move|p1a: Gliscor|Earthquake|p2a: Ninetales|[spread] p2a,p2b\n|-immune|p1b: Tornadus\n|-damage|p2a: Ninetales|72\/100\n|-damage|p2b: Flutter Mane|0 fnt\n|faint|p2b: Flutter Mane\n|-end|p2b: Flutter Mane|Protosynthesis|[silent]\n|move|p2a: Ninetales|Blizzard|p1b: Tornadus|[spread] p1a,p1b\n|-supereffective|p1a: Gliscor\n|-supereffective|p1b: Tornadus\n|-damage|p1a: Gliscor|0 fnt\n|-damage|p1b: Tornadus|16\/100\n|faint|p1a: Gliscor\n|\n|-weather|Snow|[upkeep]\n|upkeep\n|inactive|slimeree has 120 seconds left.\n|\n|t:|1697985002\n|switch|p2b: Sinistcha|Sinistcha-Masterpiece, shiny, tera:Water|100\/100\n|switch|p1a: Chi-Yu|Chi-Yu|100\/100\n|-ability|p1a: Chi-Yu|Beads of Ruin\n|-damage|p2b: Sinistcha|88\/100|[from] Stealth Rock\n|-heal|p2a: Ninetales|97\/100|[from] ability: Hospitality|[of] p2b: Sinistcha\n|turn|9\n|\n|t:|1697985022\n|move|p1a: Chi-Yu|Snarl|p2a: Ninetales|[spread] p2a,p2b\n|-resisted|p2a: Ninetales\n|-damage|p2a: Ninetales|79\/100\n|-damage|p2b: Sinistcha|56\/100\n|-unboost|p2a: Ninetales|spa|1\n|-unboost|p2b: Sinistcha|spa|1\n|move|p1b: Tornadus|Bleakwind Storm|p2b: Sinistcha|[spread] p2a,p2b\n|-damage|p2a: Ninetales|9\/100\n|-damage|p2b: Sinistcha|0 fnt\n|faint|p2b: Sinistcha\n|move|p2a: Ninetales|Aurora Veil|p2a: Ninetales\n|-sidestart|p2: slimeree|move: Aurora Veil\n|\n|-weather|Snow|[upkeep]\n|upkeep\n|inactive|slimeree has 120 seconds left.\n|\n|t:|1697985042\n|switch|p2b: Arcanine|Arcanine-Hisui, M, shiny|100\/100\n|-damage|p2b: Arcanine|76\/100|[from] Stealth Rock\n|-ability|p2b: Arcanine|Intimidate|boost\n|-unboost|p1a: Chi-Yu|atk|1\n|-unboost|p1b: Tornadus|atk|1\n|turn|10\n|\n|t:|1697985061\n|switch|p2a: Iron Hands|Iron Hands|100\/100\n|-damage|p2a: Iron Hands|94\/100|[from] Stealth Rock\n|move|p1a: Chi-Yu|Protect|p1a: Chi-Yu\n|-singleturn|p1a: Chi-Yu|Protect\n|move|p1b: Tornadus|Bleakwind Storm|p2b: Arcanine|[spread] p2b\n|-miss|p1b: Tornadus|p2a: Iron Hands\n|-resisted|p2b: Arcanine\n|-damage|p2b: Arcanine|55\/100\n|move|p2b: Arcanine|Rock Slide|p1b: Tornadus|[spread] \n|-activate|p1a: Chi-Yu|move: Protect\n|-miss|p2b: Arcanine|p1b: Tornadus\n|\n|-weather|none\n|upkeep\n|turn|11\n|inactive|Ottomusprime has 120 seconds left.\n|\n|t:|1697985097\n|-terastallize|p1a: Chi-Yu|Flying\n|move|p2a: Iron Hands|Fake Out|p1a: Chi-Yu\n|-damage|p1a: Chi-Yu|76\/100\n|move|p1a: Chi-Yu|Tera Blast|p2a: Iron Hands|[anim] Tera Blast Flying\n|-damage|p2a: Iron Hands|70\/100\n|move|p1b: Tornadus|Bleakwind Storm|p2a: Iron Hands|[spread] p2a\n|-miss|p1b: Tornadus|p2b: Arcanine\n|-damage|p2a: Iron Hands|48\/100\n|move|p2b: Arcanine|Rock Slide|p1b: Tornadus|[spread] p1a,p1b\n|-supereffective|p1a: Chi-Yu\n|-supereffective|p1b: Tornadus\n|-damage|p1a: Chi-Yu|0 fnt\n|-damage|p1b: Tornadus|0 fnt\n|faint|p1a: Chi-Yu\n|faint|p1b: Tornadus\n|\n|-sideend|p1: Ottomusprime|move: Tailwind\n|upkeep\n|l| ArveilVGC\n|\n|t:|1697985111\n|switch|p1b: Kingambit|Kingambit, M|40\/100\n|-activate|p1b: Kingambit|ability: Supreme Overlord\n|-start|p1b: Kingambit|fallen5|[silent]\n|turn|12\n|-message|Ottomusprime forfeited.\n|\n|win|slimeree\n|raw|Ottomusprime's rating: 1345 &rarr; <strong>1331<\/strong><br \/>(-14 for losing)\n|raw|slimeree's rating: 1452 &rarr; <strong>1466<\/strong><br \/>(+14 for winning)\n|l|\u2606Ottomusprime\n","uploadtime":1697985119,"views":17,"p1id":"ottomusprime","p2id":"slimeree","formatid":"gen9doublesou","rating":1331,"private":0,"password":""}