{"id":"gen9doublesou-1983960270","p1":"JustBasil","p2":"Wisdom1472","format":"[Gen 9] Doubles OU","log":"|j|\u2606JustBasil\n|j|\u2606Wisdom1472\n|t:|1699204348\n|gametype|doubles\n|player|p1|JustBasil|n|1204\n|player|p2|Wisdom1472|swimmer|1211\n|teamsize|p1|6\n|teamsize|p2|6\n|gen|9\n|tier|[Gen 9] Doubles OU\n|rated|\n|rule|Species Clause: Limit one of each Pok\u00e9mon\n|rule|OHKO Clause: OHKO moves are banned\n|rule|Evasion Moves Clause: Evasion moves are banned\n|rule|Gravity Sleep Clause: The combination of sleep-inducing moves with imperfect accuracy and Gravity or Gigantamax Orbeetle are banned\n|rule|Endless Battle Clause: Forcing endless battles is banned\n|rule|HP Percentage Mod: HP is shown in percentages\n|clearpoke\n|poke|p1|Ting-Lu|\n|poke|p1|Brute Bonnet|\n|poke|p1|Torkoal, F|\n|poke|p1|Hatterene, F|\n|poke|p1|Bronzong|\n|poke|p1|Iron Hands|\n|poke|p2|Glimmora, M|\n|poke|p2|Sinistcha|\n|poke|p2|Ursaluna-Bloodmoon, M|\n|poke|p2|Okidogi, M|\n|poke|p2|Flutter Mane|\n|poke|p2|Kommo-o, F|\n|teampreview\n|inactive|Battle timer is ON: inactive players will automatically lose when time's up. (requested by JustBasil)\n|\n|t:|1699204368\n|start\n|switch|p1a: Ting-Lu|Ting-Lu|100\/100\n|switch|p1b: Bronzong|Bronzong|100\/100\n|switch|p2a: Tea time|Sinistcha|100\/100\n|switch|p2b: Kommo-o|Kommo-o, F|100\/100\n|-ability|p1a: Ting-Lu|Vessel of Ruin\n|turn|1\n|\n|t:|1699204388\n|move|p2b: Kommo-o|Clangorous Soul|p2b: Kommo-o\n|-boost|p2b: Kommo-o|atk|1\n|-boost|p2b: Kommo-o|def|1\n|-boost|p2b: Kommo-o|spa|1\n|-boost|p2b: Kommo-o|spd|1\n|-boost|p2b: Kommo-o|spe|1\n|-damage|p2b: Kommo-o|68\/100\n|move|p1a: Ting-Lu|Earthquake|p2a: Tea time|[spread] p2a,p2b\n|-immune|p1b: Bronzong|[from] ability: Levitate\n|-resisted|p2a: Tea time\n|-damage|p2a: Tea time|87\/100\n|-damage|p2b: Kommo-o|44\/100\n|move|p2a: Tea time|Trick Room|p2a: Tea time\n|-fieldstart|move: Trick Room|[of] p2a: Tea time\n|move|p1b: Bronzong|Trick Room|p1b: Bronzong\n|-fieldend|move: Trick Room\n|\n|-heal|p2b: Kommo-o|50\/100|[from] item: Leftovers\n|-heal|p2a: Tea time|93\/100|[from] item: Leftovers\n|upkeep\n|turn|2\n|\n|t:|1699204409\n|move|p1a: Ting-Lu|Protect|p1a: Ting-Lu\n|-singleturn|p1a: Ting-Lu|Protect\n|move|p2b: Kommo-o|Drain Punch|p1a: Ting-Lu\n|-activate|p1a: Ting-Lu|move: Protect\n|move|p2a: Tea time|Life Dew|p2a: Tea time|[spread] p2a,p2b\n|-heal|p2a: Tea time|100\/100\n|-heal|p2b: Kommo-o|75\/100\n|move|p1b: Bronzong|Iron Defense|p1b: Bronzong\n|-boost|p1b: Bronzong|def|2\n|\n|-heal|p2b: Kommo-o|82\/100|[from] item: Leftovers\n|upkeep\n|turn|3\n|\n|t:|1699204430\n|move|p2a: Tea time|Rage Powder|p2a: Tea time\n|-singleturn|p2a: Tea time|move: Rage Powder\n|move|p2b: Kommo-o|Clangorous Soul|p2b: Kommo-o\n|-boost|p2b: Kommo-o|atk|1\n|-boost|p2b: Kommo-o|def|1\n|-boost|p2b: Kommo-o|spa|1\n|-boost|p2b: Kommo-o|spd|1\n|-boost|p2b: Kommo-o|spe|1\n|-damage|p2b: Kommo-o|49\/100\n|move|p1a: Ting-Lu|Earthquake|p2a: Tea time|[spread] p2a,p2b\n|-immune|p1b: Bronzong|[from] ability: Levitate\n|-resisted|p2a: Tea time\n|-damage|p2a: Tea time|88\/100\n|-damage|p2b: Kommo-o|33\/100\n|move|p1b: Bronzong|Trick Room|p1b: Bronzong\n|-fieldstart|move: Trick Room|[of] p1b: Bronzong\n|\n|-heal|p2a: Tea time|94\/100|[from] item: Leftovers\n|-heal|p2b: Kommo-o|39\/100|[from] item: Leftovers\n|upkeep\n|turn|4\n|inactive|JustBasil has 120 seconds left.\n|\n|t:|1699204465\n|-terastallize|p1b: Bronzong|Normal\n|move|p2a: Tea time|Rage Powder|p2a: Tea time\n|-singleturn|p2a: Tea time|move: Rage Powder\n|move|p1b: Bronzong|Iron Defense|p1b: Bronzong\n|-boost|p1b: Bronzong|def|2\n|move|p1a: Ting-Lu|Earthquake|p2b: Kommo-o|[spread] p2a,p2b\n|-immune|p1b: Bronzong|[from] ability: Levitate\n|-resisted|p2a: Tea time\n|-crit|p2a: Tea time\n|-damage|p2a: Tea time|74\/100\n|-damage|p2b: Kommo-o|21\/100\n|move|p2b: Kommo-o|Drain Punch|p1a: Ting-Lu\n|-supereffective|p1a: Ting-Lu\n|-damage|p1a: Ting-Lu|20\/100\n|-heal|p2b: Kommo-o|85\/100|[from] drain|[of] p1a: Ting-Lu\n|-enditem|p1a: Ting-Lu|Weakness Policy\n|-boost|p1a: Ting-Lu|atk|2|[from] item: Weakness Policy\n|-boost|p1a: Ting-Lu|spa|2|[from] item: Weakness Policy\n|\n|-heal|p2a: Tea time|81\/100|[from] item: Leftovers\n|-heal|p2b: Kommo-o|92\/100|[from] item: Leftovers\n|upkeep\n|turn|5\n|inactive|JustBasil has 120 seconds left.\n|inactive|Wisdom1472 has 120 seconds left.\n|\n|t:|1699204502\n|move|p1b: Bronzong|Body Press|p2b: Kommo-o\n|-crit|p2b: Kommo-o\n|-damage|p2b: Kommo-o|7\/100\n|move|p1a: Ting-Lu|Earthquake|p2b: Kommo-o|[spread] p2a,p2b\n|-immune|p1b: Bronzong|[from] ability: Levitate\n|-resisted|p2a: Tea time\n|-damage|p2a: Tea time|55\/100\n|-damage|p2b: Kommo-o|0 fnt\n|faint|p2b: Kommo-o\n|move|p2a: Tea time|Trick Room|p2a: Tea time\n|-fieldend|move: Trick Room\n|\n|-heal|p2a: Tea time|61\/100|[from] item: Leftovers\n|upkeep\n|\n|t:|1699204515\n|switch|p2b: Flutter Mane|Flutter Mane|100\/100\n|turn|6\n|\n|t:|1699204522\n|move|p1a: Ting-Lu|Protect|p1a: Ting-Lu\n|-singleturn|p1a: Ting-Lu|Protect\n|move|p2b: Flutter Mane|Dazzling Gleam|p1a: Ting-Lu|[spread] p1b\n|-activate|p1a: Ting-Lu|move: Protect\n|-damage|p1b: Bronzong|75\/100\n|move|p2a: Tea time|Matcha Gotcha|p1a: Ting-Lu|[spread] p1b\n|-activate|p1a: Ting-Lu|move: Protect\n|-damage|p1b: Bronzong|62\/100\n|-heal|p2a: Tea time|67\/100|[from] drain|[of] p1b: Bronzong\n|move|p1b: Bronzong|Iron Defense|p1b: Bronzong\n|-boost|p1b: Bronzong|def|2\n|\n|-heal|p2a: Tea time|73\/100|[from] item: Leftovers\n|upkeep\n|turn|7\n|\n|t:|1699204545\n|move|p2b: Flutter Mane|Dazzling Gleam|p1b: Bronzong|[spread] p1a,p1b\n|-supereffective|p1a: Ting-Lu\n|-damage|p1a: Ting-Lu|0 fnt\n|-damage|p1b: Bronzong|38\/100\n|faint|p1a: Ting-Lu\n|move|p2a: Tea time|Matcha Gotcha|p1b: Bronzong\n|-damage|p1b: Bronzong|19\/100\n|-heal|p2a: Tea time|83\/100|[from] drain|[of] p1b: Bronzong\n|move|p1b: Bronzong|Trick Room|p1b: Bronzong\n|-fieldstart|move: Trick Room|[of] p1b: Bronzong\n|\n|-heal|p2a: Tea time|89\/100|[from] item: Leftovers\n|upkeep\n|\n|t:|1699204557\n|switch|p1a: Brute Bonnet|Brute Bonnet|100\/100\n|turn|8\n|\n|t:|1699204568\n|move|p2a: Tea time|Rage Powder|p2a: Tea time\n|-singleturn|p2a: Tea time|move: Rage Powder\n|move|p1b: Bronzong|Bulldoze|p2b: Flutter Mane|[spread] p1a,p2a,p2b\n|-resisted|p1a: Brute Bonnet\n|-resisted|p2a: Tea time\n|-damage|p1a: Brute Bonnet|96\/100\n|-damage|p2a: Tea time|86\/100\n|-damage|p2b: Flutter Mane|79\/100\n|-unboost|p1a: Brute Bonnet|spe|1\n|-unboost|p2a: Tea time|spe|1\n|-unboost|p2b: Flutter Mane|spe|1\n|move|p1a: Brute Bonnet|Spore|p2a: Tea time\n|-immune|p2a: Tea time\n|move|p2b: Flutter Mane|Dazzling Gleam|p1b: Bronzong|[spread] p1a,p1b\n|-supereffective|p1a: Brute Bonnet\n|-damage|p1a: Brute Bonnet|16\/100\n|-damage|p1b: Bronzong|0 fnt\n|faint|p1b: Bronzong\n|\n|-heal|p2a: Tea time|92\/100|[from] item: Leftovers\n|upkeep\n|\n|t:|1699204583\n|switch|p1b: Torkoal|Torkoal, F|100\/100\n|-weather|SunnyDay|[from] ability: Drought|[of] p1b: Torkoal\n|-activate|p1a: Brute Bonnet|ability: Protosynthesis\n|-start|p1a: Brute Bonnet|protosynthesisatk\n|-activate|p2b: Flutter Mane|ability: Protosynthesis\n|-start|p2b: Flutter Mane|protosynthesisspa\n|turn|9\n|\n|t:|1699204598\n|move|p2a: Tea time|Rage Powder|p2a: Tea time\n|-singleturn|p2a: Tea time|move: Rage Powder\n|move|p1b: Torkoal|Eruption|p2a: Tea time|[spread] p2a,p2b\n|-supereffective|p2a: Tea time\n|-damage|p2a: Tea time|0 fnt\n|-damage|p2b: Flutter Mane|0 fnt\n|faint|p2a: Tea time\n|faint|p2b: Flutter Mane\n|-end|p2b: Flutter Mane|Protosynthesis|[silent]\n|move|p1a: Brute Bonnet|Spore|p2: Tea time|[notarget]\n|-fail|p1a: Brute Bonnet\n|\n|-weather|SunnyDay|[upkeep]\n|upkeep\n|\n|t:|1699204612\n|switch|p2a: Glimmorbin time|Glimmora, M|100\/100\n|switch|p2b: Bowow|Okidogi, M|100\/100\n|-item|p2a: Glimmorbin time|Air Balloon\n|turn|10\n|\n|t:|1699204626\n|move|p1b: Torkoal|Eruption|p2a: Glimmorbin time|[spread] p2a,p2b\n|-resisted|p2a: Glimmorbin time\n|-damage|p2a: Glimmorbin time|49\/100\n|-damage|p2b: Bowow|40\/100\n|-enditem|p2a: Glimmorbin time|Air Balloon\n|move|p1a: Brute Bonnet|Spore|p2b: Bowow\n|-status|p2b: Bowow|slp|[from] move: Spore\n|cant|p2b: Bowow|slp\n|move|p2a: Glimmorbin time|Mortal Spin|p1a: Brute Bonnet|[spread] p1a,p1b\n|-supereffective|p1a: Brute Bonnet\n|-damage|p1a: Brute Bonnet|8\/100\n|-damage|p1b: Torkoal|98\/100\n|-status|p1a: Brute Bonnet|psn\n|-status|p1b: Torkoal|psn\n|\n|-weather|SunnyDay|[upkeep]\n|-damage|p1b: Torkoal|85\/100 psn|[from] psn\n|-damage|p1a: Brute Bonnet|0 fnt|[from] psn\n|faint|p1a: Brute Bonnet\n|-end|p1a: Brute Bonnet|Protosynthesis|[silent]\n|upkeep\n|\n|t:|1699204650\n|switch|p1a: Iron Hands|Iron Hands|100\/100\n|-enditem|p1a: Iron Hands|Booster Energy\n|-activate|p1a: Iron Hands|ability: Quark Drive|[fromitem]\n|-start|p1a: Iron Hands|quarkdriveatk\n|turn|11\n|\n|t:|1699204666\n|move|p1b: Torkoal|Eruption|p2b: Bowow|[spread] p2a,p2b\n|-resisted|p2a: Glimmorbin time\n|-damage|p2a: Glimmorbin time|8\/100\n|-damage|p2b: Bowow|0 fnt\n|faint|p2b: Bowow\n|move|p1a: Iron Hands|Ice Punch|p2a: Glimmorbin time\n|-damage|p2a: Glimmorbin time|0 fnt\n|-activate|p2a: Glimmorbin time|ability: Toxic Debris\n|-sidestart|p1: JustBasil|move: Toxic Spikes\n|faint|p2a: Glimmorbin time\n|\n|-weather|SunnyDay|[upkeep]\n|-damage|p1b: Torkoal|73\/100 psn|[from] psn\n|-fieldend|move: Trick Room\n|upkeep\n|\n|t:|1699204673\n|switch|p2a: Baloo|Ursaluna-Bloodmoon, M|100\/100\n|turn|12\n|\n|t:|1699204684\n|-terastallize|p2a: Baloo|Normal\n|move|p1b: Torkoal|Protect|p1b: Torkoal\n|-singleturn|p1b: Torkoal|Protect\n|move|p2a: Baloo|Earth Power|p1a: Iron Hands\n|-supereffective|p1a: Iron Hands\n|-damage|p1a: Iron Hands|0 fnt\n|faint|p1a: Iron Hands\n|-end|p1a: Iron Hands|Quark Drive|[silent]\n|\n|-weather|SunnyDay|[upkeep]\n|-damage|p1b: Torkoal|60\/100 psn|[from] psn\n|upkeep\n|\n|t:|1699204694\n|switch|p1a: Hatterene|Hatterene, F|100\/100\n|-status|p1a: Hatterene|psn\n|turn|13\n|\n|t:|1699204706\n|move|p2a: Baloo|Blood Moon|p1a: Hatterene\n|-crit|p1a: Hatterene\n|-damage|p1a: Hatterene|0 fnt\n|faint|p1a: Hatterene\n|move|p1b: Torkoal|Earth Power|p2a: Baloo\n|-damage|p2a: Baloo|74\/100\n|\n|-weather|none\n|-damage|p1b: Torkoal|48\/100 psn|[from] psn\n|upkeep\n|turn|14\n|\n|t:|1699204720\n|move|p2a: Baloo|Earth Power|p1b: Torkoal\n|-supereffective|p1b: Torkoal\n|-damage|p1b: Torkoal|0 fnt\n|faint|p1b: Torkoal\n|\n|win|Wisdom1472\n|raw|JustBasil's rating: 1204 &rarr; <strong>1180<\/strong><br \/>(-24 for losing)\n|raw|Wisdom1472's rating: 1211 &rarr; <strong>1235<\/strong><br \/>(+24 for winning)\n|l|\u2606JustBasil\n","uploadtime":1699204729,"views":10,"p1id":"justbasil","p2id":"wisdom1472","formatid":"gen9doublesou","rating":1180,"private":0,"password":""}