{"id":"gen9doublesou-1995496185","p1":"JaG0n","p2":"TheBossViraj","format":"[Gen 9] Doubles OU","log":"|j|\u2606JaG0n\n|j|\u2606TheBossViraj\n|t:|1700577082\n|gametype|doubles\n|player|p1|JaG0n|shadowtriad|1000\n|player|p2|TheBossViraj|2|1048\n|teamsize|p1|6\n|teamsize|p2|6\n|gen|9\n|tier|[Gen 9] Doubles OU\n|rated|\n|rule|Species Clause: Limit one of each Pok\u00e9mon\n|rule|OHKO Clause: OHKO moves are banned\n|rule|Evasion Moves Clause: Evasion moves are banned\n|rule|Gravity Sleep Clause: The combination of sleep-inducing moves with imperfect accuracy and Gravity or Gigantamax Orbeetle are banned\n|rule|Endless Battle Clause: Forcing endless battles is banned\n|rule|HP Percentage Mod: HP is shown in percentages\n|clearpoke\n|poke|p1|Clodsire, F|\n|poke|p1|Ogerpon-Hearthflame, F|\n|poke|p1|Braviary-Hisui, M|\n|poke|p1|Thundurus, M|\n|poke|p1|Landorus, M|\n|poke|p1|Politoed, F|\n|poke|p2|Azelf|\n|poke|p2|Golem, M|\n|poke|p2|Regieleki|\n|poke|p2|Volcanion|\n|poke|p2|Kingambit, F|\n|poke|p2|Clefairy, F|\n|teampreview\n|inactive|Battle timer is ON: inactive players will automatically lose when time's up. (requested by TheBossViraj)\n|\n|t:|1700577099\n|start\n|switch|p1a: Thundurus|Thundurus, M, shiny|100\/100\n|switch|p1b: Politoed|Politoed, F, shiny|100\/100\n|switch|p2a: Azelf|Azelf|100\/100\n|switch|p2b: Golem|Golem, M|100\/100\n|-weather|RainDance|[from] ability: Drizzle|[of] p1b: Politoed\n|turn|1\n|\n|t:|1700577118\n|move|p2a: Azelf|Explosion|p1b: Politoed|[spread] p2b,p1a,p1b\n|-resisted|p2b: Golem\n|-damage|p2b: Golem|73\/100\n|-damage|p1a: Thundurus|0 fnt\n|-damage|p1b: Politoed|17\/100\n|faint|p2a: Azelf\n|faint|p1a: Thundurus\n|move|p2b: Golem|Explosion|p1b: Politoed\n|-damage|p1b: Politoed|0 fnt\n|faint|p2b: Golem\n|faint|p1b: Politoed\n|\n|-weather|RainDance|[upkeep]\n|upkeep\n|\n|t:|1700577137\n|switch|p2a: Volcanion|Volcanion|100\/100\n|switch|p1a: Landorus|Landorus, M|100\/100\n|switch|p1b: Braviary|Braviary-Hisui, M, shiny|100\/100\n|switch|p2b: Regieleki|Regieleki|100\/100\n|turn|2\n|c|\u2606TheBossViraj|i am just trying this for science\n|\n|t:|1700577154\n|-terastallize|p1a: Landorus|Ground\n|move|p2b: Regieleki|Explosion|p1a: Landorus|[spread] p2a,p1a,p1b\n|-damage|p2a: Volcanion|19\/100\n|-damage|p1a: Landorus|0 fnt\n|-damage|p1b: Braviary|11\/100\n|faint|p2b: Regieleki\n|faint|p1a: Landorus\n|move|p2a: Volcanion|Explosion|p1b: Braviary\n|-damage|p1b: Braviary|0 fnt\n|faint|p2a: Volcanion\n|faint|p1b: Braviary\n|\n|-weather|RainDance|[upkeep]\n|upkeep\n|\n|t:|1700577167\n|switch|p2b: Clefairy|Clefairy, F|100\/100\n|switch|p1a: Clodsire|Clodsire, F, shiny|100\/100\n|switch|p2a: Kingambit|Kingambit, F|100\/100\n|switch|p1b: Ogerpon|Ogerpon-Hearthflame, F|100\/100\n|-ability|p1b: Ogerpon|Mold Breaker\n|-activate|p2a: Kingambit|ability: Supreme Overlord\n|-start|p2a: Kingambit|fallen4|[silent]\n|turn|3\n|c|\u2606JaG0n|toxic\n|inactive|TheBossViraj has 120 seconds left.\n|\n|t:|1700577221\n|-terastallize|p2a: Kingambit|Fire\n|move|p2b: Clefairy|Follow Me|p2b: Clefairy\n|-singleturn|p2b: Clefairy|move: Follow Me\n|move|p2a: Kingambit|Sucker Punch||[still]\n|-fail|p2a: Kingambit\n|move|p1b: Ogerpon|Ivy Cudgel|p2b: Clefairy|[anim] Ivy Cudgel Fire\n|-damage|p2b: Clefairy|73\/100\n|move|p1a: Clodsire|Toxic|p2b: Clefairy\n|-status|p2b: Clefairy|tox\n|\n|-weather|RainDance|[upkeep]\n|-damage|p2b: Clefairy|67\/100 tox|[from] psn\n|upkeep\n|turn|4\n|inactive|TheBossViraj has 120 seconds left.\n|c|\u2606JaG0n|brain dead\n|\n|t:|1700577240\n|move|p2b: Clefairy|Follow Me|p2b: Clefairy\n|-singleturn|p2b: Clefairy|move: Follow Me\n|move|p1b: Ogerpon|Horn Leech|p2b: Clefairy\n|-damage|p2b: Clefairy|27\/100 tox\n|move|p2a: Kingambit|Kowtow Cleave|p1a: Clodsire\n|-damage|p1a: Clodsire|24\/100\n|move|p1a: Clodsire|Toxic|p2b: Clefairy\n|-fail|p2b: Clefairy|tox\n|\n|-weather|RainDance|[upkeep]\n|-heal|p1a: Clodsire|30\/100|[from] item: Leftovers\n|-damage|p2b: Clefairy|15\/100 tox|[from] psn\n|upkeep\n|turn|5\n|inactive|TheBossViraj has 120 seconds left.\n|\n|t:|1700577263\n|move|p1b: Ogerpon|Swords Dance|p1b: Ogerpon\n|-boost|p1b: Ogerpon|atk|2\n|move|p2a: Kingambit|Kowtow Cleave|p1a: Clodsire\n|-damage|p1a: Clodsire|0 fnt\n|faint|p1a: Clodsire\n|move|p2b: Clefairy|Life Dew||[still]|[spread] p2a,p2b\n|-fail|p2a: Kingambit|heal\n|-heal|p2b: Clefairy|40\/100 tox\n|\n|-weather|none\n|-damage|p2b: Clefairy|21\/100 tox|[from] psn\n|upkeep\n|turn|6\n|\n|t:|1700577286\n|move|p1b: Ogerpon|Knock Off|p2a: Kingambit\n|-damage|p2a: Kingambit|40\/100\n|-enditem|p2a: Kingambit|Lum Berry|[from] move: Knock Off|[of] p1b: Ogerpon\n|move|p2a: Kingambit|Kowtow Cleave|p1b: Ogerpon\n|-damage|p1b: Ogerpon|12\/100\n|move|p2b: Clefairy|Life Dew|p2b: Clefairy|[spread] p2a,p2b\n|-heal|p2a: Kingambit|64\/100\n|-heal|p2b: Clefairy|46\/100 tox\n|\n|-damage|p2b: Clefairy|22\/100 tox|[from] psn\n|upkeep\n|turn|7\n|\n|t:|1700577311\n|move|p2b: Clefairy|Helping Hand|p2a: Kingambit\n|-singleturn|p2a: Kingambit|Helping Hand|[of] p2b: Clefairy\n|move|p1b: Ogerpon|Knock Off|p2a: Kingambit\n|-damage|p2a: Kingambit|23\/100\n|move|p2a: Kingambit|Iron Head|p1b: Ogerpon\n|-resisted|p1b: Ogerpon\n|-damage|p1b: Ogerpon|0 fnt\n|faint|p1b: Ogerpon\n|\n|win|TheBossViraj\n|raw|JaG0n's rating: 1000 &rarr; <strong>1000<\/strong><br \/>(+0 for losing)\n|raw|TheBossViraj's rating: 1048 &rarr; <strong>1076<\/strong><br \/>(+28 for winning)\n|c|\u2606TheBossViraj|GGs\n|c|\u2606TheBossViraj|and sorry\n|c|\u2606JaG0n|its alright\n|l|\u2606JaG0n\n","uploadtime":1700577357,"views":15,"p1id":"jag0n","p2id":"thebossviraj","formatid":"gen9doublesou","rating":1000,"private":0,"password":""}