{"id":"gen9doublesou-1981397331","p1":"LDP333","p2":"An archaeologist","format":"[Gen 9] Doubles OU","log":"|j|\u2606LDP333\n|j|\u2606An archaeologist\n|t:|1698891302\n|gametype|doubles\n|player|p1|LDP333|riley|1532\n|player|p2|An archaeologist|hiker-gen4|1442\n|teamsize|p1|6\n|teamsize|p2|6\n|gen|9\n|tier|[Gen 9] Doubles OU\n|rated|\n|rule|Species Clause: Limit one of each Pok\u00e9mon\n|rule|OHKO Clause: OHKO moves are banned\n|rule|Evasion Moves Clause: Evasion moves are banned\n|rule|Gravity Sleep Clause: The combination of sleep-inducing moves with imperfect accuracy and Gravity or Gigantamax Orbeetle are banned\n|rule|Endless Battle Clause: Forcing endless battles is banned\n|rule|HP Percentage Mod: HP is shown in percentages\n|clearpoke\n|poke|p1|Kommo-o, F|\n|poke|p1|Iron Hands|\n|poke|p1|Ursaluna-Bloodmoon, M|\n|poke|p1|Dusclops, F|\n|poke|p1|Cresselia, F|\n|poke|p1|Indeedee-F, F|\n|poke|p2|Pelipper, M|\n|poke|p2|Drednaw, F|\n|poke|p2|Basculegion-F, F|\n|poke|p2|Vikavolt, F|\n|poke|p2|Iron Hands|\n|poke|p2|Glimmora, M|\n|teampreview\n|\n|t:|1698891323\n|start\n|switch|p1a: Ursaluna|Ursaluna-Bloodmoon, M|100\/100\n|switch|p1b: Dusclops|Dusclops, F|100\/100\n|switch|p2a: Vikavolt|Vikavolt, F|100\/100\n|switch|p2b: Glimmora|Glimmora, M|100\/100\n|-ability|p1b: Dusclops|Pressure\n|turn|1\n|\n|t:|1698891338\n|move|p1a: Ursaluna|Protect|p1a: Ursaluna\n|-singleturn|p1a: Ursaluna|Protect\n|move|p2b: Glimmora|Mortal Spin|p1a: Ursaluna|[spread] p1b\n|-activate|p1a: Ursaluna|move: Protect\n|-resisted|p1b: Dusclops\n|-crit|p1b: Dusclops\n|-damage|p1b: Dusclops|99\/100\n|-status|p1b: Dusclops|psn\n|move|p2a: Vikavolt|Bug Buzz|p1a: Ursaluna\n|-activate|p1a: Ursaluna|move: Protect\n|move|p1b: Dusclops|Trick Room|p1b: Dusclops\n|-fieldstart|move: Trick Room|[of] p1b: Dusclops\n|\n|-damage|p1b: Dusclops|86\/100 psn|[from] psn\n|upkeep\n|turn|2\n|\n|t:|1698891363\n|move|p1b: Dusclops|Pain Split|p2b: Glimmora\n|-sethp|p2b: Glimmora|90\/100|[from] move: Pain Split|[silent]\n|-sethp|p1b: Dusclops|97\/100 psn|[from] move: Pain Split\n|move|p1a: Ursaluna|Earth Power|p2b: Glimmora\n|-supereffective|p2b: Glimmora\n|-damage|p2b: Glimmora|0 fnt\n|faint|p2b: Glimmora\n|move|p2a: Vikavolt|Bug Buzz|p1a: Ursaluna\n|-damage|p1a: Ursaluna|40\/100\n|-enditem|p2a: Vikavolt|Throat Spray\n|-boost|p2a: Vikavolt|spa|1|[from] item: Throat Spray\n|\n|-damage|p1b: Dusclops|85\/100 psn|[from] psn\n|upkeep\n|\n|t:|1698891377\n|switch|p2b: Pelipper|Pelipper, M|100\/100\n|-weather|RainDance|[from] ability: Drizzle|[of] p2b: Pelipper\n|turn|3\n|\n|t:|1698891420\n|-terastallize|p1a: Ursaluna|Normal\n|move|p1b: Dusclops|Brick Break|p1a: Ursaluna\n|-supereffective|p1a: Ursaluna\n|-damage|p1a: Ursaluna|21\/100\n|-enditem|p1a: Ursaluna|Weakness Policy\n|-boost|p1a: Ursaluna|atk|2|[from] item: Weakness Policy\n|-boost|p1a: Ursaluna|spa|2|[from] item: Weakness Policy\n|move|p1a: Ursaluna|Blood Moon|p2a: Vikavolt\n|-damage|p2a: Vikavolt|0 fnt\n|faint|p2a: Vikavolt\n|move|p2b: Pelipper|Weather Ball|p1a: Ursaluna\n|-damage|p1a: Ursaluna|0 fnt\n|faint|p1a: Ursaluna\n|\n|-weather|RainDance|[upkeep]\n|-damage|p1b: Dusclops|73\/100 psn|[from] psn\n|upkeep\n|\n|t:|1698891440\n|switch|p1a: Iron Hands|Iron Hands|100\/100\n|switch|p2a: Iron Hands|Iron Hands|100\/100\n|-enditem|p2a: Iron Hands|Booster Energy\n|-activate|p2a: Iron Hands|ability: Quark Drive|[fromitem]\n|-start|p2a: Iron Hands|quarkdriveatk\n|turn|4\n|\n|t:|1698891457\n|switch|p1b: Kommo-o|Kommo-o, F|100\/100\n|move|p2a: Iron Hands|Fake Out|p1a: Iron Hands\n|-damage|p1a: Iron Hands|86\/100\n|cant|p1a: Iron Hands|flinch\n|move|p2b: Pelipper|Hurricane|p1a: Iron Hands\n|-damage|p1a: Iron Hands|56\/100\n|\n|-weather|RainDance|[upkeep]\n|upkeep\n|turn|5\n|\n|t:|1698891476\n|move|p1a: Iron Hands|Wild Charge|p2b: Pelipper\n|-supereffective|p2b: Pelipper\n|-damage|p2b: Pelipper|0 fnt\n|faint|p2b: Pelipper\n|-damage|p1a: Iron Hands|41\/100|[from] Recoil\n|move|p2a: Iron Hands|Drain Punch|p1a: Iron Hands\n|-damage|p1a: Iron Hands|1\/100\n|move|p1b: Kommo-o|Iron Defense|p1b: Kommo-o\n|-boost|p1b: Kommo-o|def|2\n|\n|-weather|RainDance|[upkeep]\n|-fieldend|move: Trick Room\n|upkeep\n|\n|t:|1698891492\n|switch|p2b: Basculegion|Basculegion-F, F|100\/100\n|turn|6\n|\n|t:|1698891502\n|-terastallize|p2b: Basculegion|Ghost\n|move|p1b: Kommo-o|Protect|p1b: Kommo-o\n|-singleturn|p1b: Kommo-o|Protect\n|move|p2b: Basculegion|Last Respects|p1b: Kommo-o\n|-activate|p1b: Kommo-o|move: Protect\n|move|p2a: Iron Hands|Drain Punch|p1a: Iron Hands\n|-damage|p1a: Iron Hands|0 fnt\n|faint|p1a: Iron Hands\n|-end|p1a: Iron Hands|Quark Drive|[silent]\n|\n|-weather|RainDance|[upkeep]\n|upkeep\n|\n|t:|1698891512\n|switch|p1a: Indeedee|Indeedee-F, F|100\/100\n|-fieldstart|move: Psychic Terrain|[from] ability: Psychic Surge|[of] p1a: Indeedee\n|turn|7\n|\n|t:|1698891524\n|move|p1a: Indeedee|Follow Me|p1a: Indeedee\n|-singleturn|p1a: Indeedee|move: Follow Me\n|move|p2b: Basculegion|Last Respects|p1a: Indeedee\n|-immune|p1a: Indeedee\n|move|p1b: Kommo-o|Iron Defense|p1b: Kommo-o\n|-boost|p1b: Kommo-o|def|2\n|move|p2a: Iron Hands|Drain Punch|p1a: Indeedee\n|-damage|p1a: Indeedee|44\/100\n|-damage|p2a: Iron Hands|84\/100|[from] item: Rocky Helmet|[of] p1a: Indeedee\n|\n|-weather|RainDance|[upkeep]\n|upkeep\n|turn|8\n|\n|t:|1698891540\n|switch|p1a: Cresselia|Cresselia, F|100\/100\n|move|p2b: Basculegion|Wave Crash|p1a: Cresselia\n|-damage|p1a: Cresselia|43\/100\n|-damage|p2b: Basculegion|84\/100|[from] item: Rocky Helmet|[of] p1a: Cresselia\n|-damage|p2b: Basculegion|62\/100|[from] Recoil\n|-damage|p2b: Basculegion|52\/100|[from] item: Life Orb\n|move|p1b: Kommo-o|Body Press|p2a: Iron Hands\n|-damage|p2a: Iron Hands|23\/100\n|move|p2a: Iron Hands|Drain Punch|p1a: Cresselia\n|-resisted|p1a: Cresselia\n|-damage|p1a: Cresselia|29\/100\n|-heal|p2a: Iron Hands|29\/100|[from] drain|[of] p1a: Cresselia\n|-damage|p2a: Iron Hands|12\/100|[from] item: Rocky Helmet|[of] p1a: Cresselia\n|\n|-weather|RainDance|[upkeep]\n|upkeep\n|turn|9\n|\n|t:|1698891565\n|move|p1b: Kommo-o|Protect|p1b: Kommo-o\n|-singleturn|p1b: Kommo-o|Protect\n|move|p2b: Basculegion|Last Respects|p1a: Cresselia\n|-supereffective|p1a: Cresselia\n|-damage|p1a: Cresselia|0 fnt\n|faint|p1a: Cresselia\n|-damage|p2b: Basculegion|42\/100|[from] item: Life Orb\n|move|p2a: Iron Hands|Drain Punch|p1b: Kommo-o\n|-activate|p1b: Kommo-o|move: Protect\n|\n|-weather|RainDance|[upkeep]\n|upkeep\n|\n|t:|1698891572\n|switch|p1a: Indeedee|Indeedee-F, F|44\/100\n|turn|10\n|\n|t:|1698891585\n|move|p1a: Indeedee|Follow Me|p1a: Indeedee\n|-singleturn|p1a: Indeedee|move: Follow Me\n|move|p2b: Basculegion|Wave Crash|p1a: Indeedee\n|-damage|p1a: Indeedee|0 fnt\n|-damage|p2b: Basculegion|25\/100|[from] item: Rocky Helmet|[of] p1a: Indeedee\n|faint|p1a: Indeedee\n|-damage|p2b: Basculegion|13\/100|[from] Recoil\n|-damage|p2b: Basculegion|3\/100|[from] item: Life Orb\n|move|p1b: Kommo-o|Iron Defense|p1b: Kommo-o\n|-boost|p1b: Kommo-o|def|2\n|move|p2a: Iron Hands|Drain Punch|p1b: Kommo-o\n|-damage|p1b: Kommo-o|89\/100\n|-heal|p2a: Iron Hands|16\/100|[from] drain|[of] p1b: Kommo-o\n|\n|-weather|none\n|-heal|p1b: Kommo-o|95\/100|[from] item: Leftovers\n|upkeep\n|\n|t:|1698891597\n|switch|p1a: Dusclops|Dusclops, F|73\/100 psn\n|-ability|p1a: Dusclops|Pressure\n|turn|11\n|\n|t:|1698891613\n|move|p2b: Basculegion|Last Respects|p1b: Kommo-o\n|-damage|p1b: Kommo-o|63\/100\n|-damage|p2b: Basculegion|0 fnt|[from] item: Life Orb\n|faint|p2b: Basculegion\n|move|p1b: Kommo-o|Body Press|p2a: Iron Hands\n|-damage|p2a: Iron Hands|0 fnt\n|faint|p2a: Iron Hands\n|-end|p2a: Iron Hands|Quark Drive|[silent]\n|move|p1a: Dusclops|Trick Room|p1a: Dusclops\n|-fieldstart|move: Trick Room|[of] p1a: Dusclops\n|\n|-heal|p1b: Kommo-o|69\/100|[from] item: Leftovers\n|-damage|p1a: Dusclops|60\/100 psn|[from] psn\n|-fieldend|move: Psychic Terrain\n|upkeep\n|\n|t:|1698891628\n|switch|p2b: Drednaw|Drednaw, F|100\/100\n|turn|12\n|\n|t:|1698891638\n|move|p1a: Dusclops|Helping Hand|p1b: Kommo-o\n|-singleturn|p1b: Kommo-o|Helping Hand|[of] p1a: Dusclops\n|move|p1b: Kommo-o|Body Press|p2b: Drednaw\n|-supereffective|p2b: Drednaw\n|-enditem|p2b: Drednaw|Focus Sash\n|-damage|p2b: Drednaw|1\/100\n|move|p2b: Drednaw|Shell Smash|p2b: Drednaw\n|-unboost|p2b: Drednaw|def|1\n|-unboost|p2b: Drednaw|spd|1\n|-boost|p2b: Drednaw|atk|2\n|-boost|p2b: Drednaw|spa|2\n|-boost|p2b: Drednaw|spe|2\n|\n|-heal|p1b: Kommo-o|75\/100|[from] item: Leftovers\n|-damage|p1a: Dusclops|48\/100 psn|[from] psn\n|upkeep\n|turn|13\n|\n|t:|1698891655\n|move|p1a: Dusclops|Helping Hand|p1b: Kommo-o\n|-singleturn|p1b: Kommo-o|Helping Hand|[of] p1a: Dusclops\n|move|p1b: Kommo-o|Body Press|p2b: Drednaw\n|-supereffective|p2b: Drednaw\n|-damage|p2b: Drednaw|0 fnt\n|faint|p2b: Drednaw\n|\n|win|LDP333\n|raw|LDP333's rating: 1532 &rarr; <strong>1547<\/strong><br \/>(+15 for winning)\n|raw|An archaeologist's rating: 1442 &rarr; <strong>1427<\/strong><br \/>(-15 for losing)\n|l|\u2606An archaeologist\n","uploadtime":1698891664,"views":29,"p1id":"ldp333","p2id":"anarchaeologist","formatid":"gen9doublesou","rating":1427,"private":0,"password":""}