{"id":"gen9doublesou-1980528426","p1":"ProbablyJamesLive","p2":"Nurvis","format":"[Gen 9] Doubles OU","log":"|j|\u2606ProbablyJamesLive\n|j|\u2606Nurvis\n|t:|1698793881\n|gametype|doubles\n|player|p1|ProbablyJamesLive|biker-gen4|\n|player|p2|Nurvis|musician|\n|teamsize|p1|6\n|teamsize|p2|6\n|gen|9\n|tier|[Gen 9] Doubles OU\n|rule|Species Clause: Limit one of each Pok\u00e9mon\n|rule|OHKO Clause: OHKO moves are banned\n|rule|Evasion Moves Clause: Evasion moves are banned\n|rule|Gravity Sleep Clause: The combination of sleep-inducing moves with imperfect accuracy and Gravity or Gigantamax Orbeetle are banned\n|rule|Endless Battle Clause: Forcing endless battles is banned\n|rule|HP Percentage Mod: HP is shown in percentages\n|clearpoke\n|poke|p1|Magneton|\n|poke|p1|Heatran, M|\n|poke|p1|Maushold|\n|poke|p1|Great Tusk|\n|poke|p1|Zarude|\n|poke|p1|Ribombee, F|\n|poke|p2|Hawlucha, F|\n|poke|p2|Zoroark-Hisui, F|\n|poke|p2|Goodra-Hisui, M|\n|poke|p2|Rotom-Wash|\n|poke|p2|Skeledirge, M|\n|poke|p2|Arboliva, M|\n|teampreview\n|\n|t:|1698793923\n|start\n|switch|p1a: Heatran|Heatran, M|100\/100\n|switch|p1b: Tera|Magneton|100\/100\n|switch|p2a: Not-yo Libre|Hawlucha, F, shiny|100\/100\n|switch|p2b: White Mage MF|Arboliva, M|100\/100\n|turn|1\n|\n|t:|1698793950\n|switch|p2a: Tera|Rotom-Wash|100\/100\n|move|p1b: Tera|Protect|p1b: Tera\n|-singleturn|p1b: Tera|Protect\n|move|p2b: White Mage MF|Flamethrower|p1b: Tera\n|-activate|p1b: Tera|move: Protect\n|move|p1a: Heatran|Flamethrower|p2b: White Mage MF\n|-damage|p2b: White Mage MF|42\/100\n|replace|p2b: Immortal Man|Zoroark-Hisui, F, shiny\n|-end|p2b: Immortal Man|Illusion\n|\n|upkeep\n|turn|2\n|\n|t:|1698793989\n|switch|p2b: Immortal Snail|Goodra-Hisui, M|100\/100\n|switch|p1b: Zarude|Zarude|100\/100\n|move|p1a: Heatran|Flamethrower|p2b: Immortal Snail\n|-damage|p2b: Immortal Snail|68\/100\n|-status|p2b: Immortal Snail|brn\n|move|p2a: Tera|Hydro Pump|p1a: Heatran|[miss]\n|-miss|p2a: Tera|p1a: Heatran\n|\n|-damage|p2b: Immortal Snail|62\/100 brn|[from] brn\n|upkeep\n|turn|3\n|\n|t:|1698794072\n|switch|p1a: Great Tusk|Great Tusk|100\/100\n|-terastallize|p2a: Tera|Electric\n|move|p1b: Zarude|Power Whip|p2a: Tera\n|-damage|p2a: Tera|12\/100\n|move|p2a: Tera|Thunderbolt|p1b: Zarude\n|-resisted|p1b: Zarude\n|-damage|p1b: Zarude|71\/100\n|move|p2b: Immortal Snail|Substitute|p2b: Immortal Snail\n|-start|p2b: Immortal Snail|Substitute\n|-damage|p2b: Immortal Snail|38\/100 brn\n|\n|-damage|p2b: Immortal Snail|32\/100 brn|[from] brn\n|upkeep\n|turn|4\n|\n|t:|1698794107\n|move|p1a: Great Tusk|Close Combat|p2b: Immortal Snail\n|-supereffective|p2b: Immortal Snail\n|-end|p2b: Immortal Snail|Substitute\n|-unboost|p1a: Great Tusk|def|1\n|-unboost|p1a: Great Tusk|spd|1\n|move|p1b: Zarude|Crunch|p2a: Tera\n|-crit|p2a: Tera\n|-damage|p2a: Tera|0 fnt\n|faint|p2a: Tera\n|move|p2b: Immortal Snail|Muddy Water|p1a: Great Tusk|[spread] p1a,p1b\n|-supereffective|p1a: Great Tusk\n|-enditem|p1a: Great Tusk|Passho Berry|[eat]\n|-enditem|p1a: Great Tusk|Passho Berry|[weaken]\n|-resisted|p1b: Zarude\n|-damage|p1a: Great Tusk|62\/100\n|-damage|p1b: Zarude|63\/100\n|\n|-damage|p2b: Immortal Snail|26\/100 brn|[from] brn\n|upkeep\n|\n|t:|1698794127\n|switch|p2a: White Mage MF|Arboliva, M|42\/100\n|turn|5\n|\n|t:|1698794155\n|switch|p1b: Ribombee|Ribombee, F|100\/100\n|move|p2a: White Mage MF|Flamethrower|p1b: Ribombee\n|-supereffective|p1b: Ribombee\n|-damage|p1b: Ribombee|0 fnt\n|faint|p1b: Ribombee\n|move|p1a: Great Tusk|Close Combat|p2b: Immortal Snail\n|-supereffective|p2b: Immortal Snail\n|-damage|p2b: Immortal Snail|0 fnt\n|-unboost|p1a: Great Tusk|def|1\n|-unboost|p1a: Great Tusk|spd|1\n|faint|p2b: Immortal Snail\n|\n|upkeep\n|\n|t:|1698794176\n|switch|p1b: Heatran|Heatran, M|100\/100\n|switch|p2b: White Mage MF|Arboliva, M|100\/100\n|turn|6\n|\n|t:|1698794199\n|switch|p2a: Not-yo Libre|Hawlucha, F, shiny|100\/100\n|move|p1a: Great Tusk|Headlong Rush|p2a: Not-yo Libre\n|-immune|p2a: Not-yo Libre\n|move|p1b: Heatran|Flamethrower|p2b: White Mage MF\n|-supereffective|p2b: White Mage MF\n|-damage|p2b: White Mage MF|3\/100\n|-status|p2b: White Mage MF|brn\n|-enditem|p2b: White Mage MF|Aguav Berry|[eat]\n|-heal|p2b: White Mage MF|36\/100 brn|[from] item: Aguav Berry\n|move|p2b: White Mage MF|Reflect|p2b: White Mage MF\n|-sidestart|p2: Nurvis|Reflect\n|\n|-damage|p2b: White Mage MF|30\/100 brn|[from] brn\n|upkeep\n|turn|7\n|\n|t:|1698794226\n|-end|p1a: Great Tusk|Protosynthesis|[silent]\n|switch|p1a: Maushold|Maushold|100\/100\n|move|p2a: Not-yo Libre|Fling|p1a: Maushold\n|-damage|p1a: Maushold|96\/100\n|-enditem|p2a: Not-yo Libre|Focus Sash|[from] move: Fling\n|move|p1b: Heatran|Flamethrower|p2b: White Mage MF\n|-supereffective|p2b: White Mage MF\n|-damage|p2b: White Mage MF|0 fnt\n|faint|p2b: White Mage MF\n|\n|upkeep\n|\n|t:|1698794245\n|switch|p2b: Silly Lil' Guy|Skeledirge, M|100\/100\n|turn|8\n|\n|t:|1698794282\n|move|p2a: Not-yo Libre|Close Combat|p1b: Heatran\n|-supereffective|p1b: Heatran\n|-damage|p1b: Heatran|4\/100\n|-unboost|p2a: Not-yo Libre|def|1\n|-unboost|p2a: Not-yo Libre|spd|1\n|move|p1a: Maushold|Population Bomb|p2a: Not-yo Libre\n|-damage|p2a: Not-yo Libre|84\/100\n|-damage|p2a: Not-yo Libre|68\/100\n|-damage|p2a: Not-yo Libre|52\/100\n|-damage|p2a: Not-yo Libre|35\/100\n|-damage|p2a: Not-yo Libre|18\/100\n|-damage|p2a: Not-yo Libre|3\/100\n|-damage|p2a: Not-yo Libre|0 fnt\n|faint|p2a: Not-yo Libre\n|-hitcount|p2: Not-yo Libre|7\n|move|p1b: Heatran|Earth Power|p2b: Silly Lil' Guy\n|-supereffective|p2b: Silly Lil' Guy\n|-damage|p2b: Silly Lil' Guy|27\/100\n|-unboost|p2b: Silly Lil' Guy|spd|1\n|move|p2b: Silly Lil' Guy|Torch Song|p1a: Maushold\n|-damage|p1a: Maushold|0 fnt\n|-boost|p2b: Silly Lil' Guy|spa|1\n|faint|p1a: Maushold\n|\n|upkeep\n|\n|t:|1698794312\n|switch|p2a: Silly Lil' Guy|Skeledirge, M|42\/100\n|switch|p1a: Great Tusk|Great Tusk|62\/100\n|turn|9\n|\n|t:|1698794327\n|move|p2a: Silly Lil' Guy|Shadow Ball|p1b: Heatran\n|-damage|p1b: Heatran|0 fnt\n|faint|p1b: Heatran\n|move|p1a: Great Tusk|Headlong Rush|p2a: Silly Lil' Guy\n|-damage|p2a: Silly Lil' Guy|0 fnt\n|-unboost|p1a: Great Tusk|def|1\n|-unboost|p1a: Great Tusk|spd|1\n|replace|p2a: Immortal Man|Zoroark-Hisui, F, shiny\n|-end|p2a: Immortal Man|Illusion\n|faint|p2a: Immortal Man\n|move|p2b: Silly Lil' Guy|Torch Song|p1a: Great Tusk\n|-damage|p1a: Great Tusk|0 fnt\n|-boost|p2b: Silly Lil' Guy|spa|1\n|faint|p1a: Great Tusk\n|-end|p1a: Great Tusk|Protosynthesis|[silent]\n|\n|upkeep\n|\n|t:|1698794334\n|switch|p1a: Tera|Magneton|100\/100\n|switch|p1b: Zarude|Zarude|63\/100\n|turn|10\n|\n|t:|1698794352\n|-terastallize|p1a: Tera|Poison\n|move|p1b: Zarude|Crunch|p2b: Silly Lil' Guy\n|-supereffective|p2b: Silly Lil' Guy\n|-damage|p2b: Silly Lil' Guy|0 fnt\n|faint|p2b: Silly Lil' Guy\n|\n|win|ProbablyJamesLive\n","uploadtime":1698794363,"views":34,"p1id":"probablyjameslive","p2id":"nurvis","formatid":"gen9doublesou","rating":0,"private":0,"password":""}