{"id":"gen9doublesou-1995568620","p1":"OPieceOfHeroGhost","p2":"user27323","format":"[Gen 9] Doubles OU","log":"|j|\u2606OPieceOfHeroGhost\n|j|\u2606user27323\n|t:|1700583653\n|gametype|doubles\n|player|p1|OPieceOfHeroGhost|morty|1521\n|player|p2|user27323|caitlin|1569\n|teamsize|p1|6\n|teamsize|p2|6\n|gen|9\n|tier|[Gen 9] Doubles OU\n|rated|\n|rule|Species Clause: Limit one of each Pok\u00e9mon\n|rule|OHKO Clause: OHKO moves are banned\n|rule|Evasion Moves Clause: Evasion moves are banned\n|rule|Gravity Sleep Clause: The combination of sleep-inducing moves with imperfect accuracy and Gravity or Gigantamax Orbeetle are banned\n|rule|Endless Battle Clause: Forcing endless battles is banned\n|rule|HP Percentage Mod: HP is shown in percentages\n|clearpoke\n|poke|p1|Heatran, F|\n|poke|p1|Rillaboom, M|\n|poke|p1|Flutter Mane|\n|poke|p1|Chien-Pao|\n|poke|p1|Iron Hands|\n|poke|p1|Landorus-Therian, M|\n|poke|p2|Flutter Mane|\n|poke|p2|Sylveon, F|\n|poke|p2|Jirachi|\n|poke|p2|Dragonite, M|\n|poke|p2|Iron Bundle|\n|poke|p2|Volcanion|\n|teampreview\n|\n|t:|1700583664\n|start\n|switch|p1a: \u989d\u554a\uff01\u8150\u8680\u80c6\u6c41\uff01|Heatran, F|100\/100\n|switch|p1b: \u4f60\u62cd\u4e94\uff0c\u6211\u62cd\u516d\uff0c\u51fb\u638c\u5947\u88ad\u754f\u4e2a\u7f29|Iron Hands|100\/100\n|switch|p2a: shooting star \u2606|Jirachi|100\/100\n|switch|p2b: barbie moviegoer|Dragonite, M|100\/100\n|turn|1\n|inactive|Battle timer is ON: inactive players will automatically lose when time's up. (requested by user27323)\n|\n|t:|1700583680\n|move|p1b: \u4f60\u62cd\u4e94\uff0c\u6211\u62cd\u516d\uff0c\u51fb\u638c\u5947\u88ad\u754f\u4e2a\u7f29|Fake Out|p2a: shooting star \u2606\n|-resisted|p2a: shooting star \u2606\n|-damage|p2a: shooting star \u2606|93\/100\n|cant|p2a: shooting star \u2606|flinch\n|move|p2b: barbie moviegoer|Stomping Tantrum|p1a: \u989d\u554a\uff01\u8150\u8680\u80c6\u6c41\uff01\n|-supereffective|p1a: \u989d\u554a\uff01\u8150\u8680\u80c6\u6c41\uff01\n|-damage|p1a: \u989d\u554a\uff01\u8150\u8680\u80c6\u6c41\uff01|0 fnt\n|faint|p1a: \u989d\u554a\uff01\u8150\u8680\u80c6\u6c41\uff01\n|-damage|p2b: barbie moviegoer|91\/100|[from] item: Life Orb\n|\n|upkeep\n|\n|t:|1700583693\n|switch|p1a: \u571f\u732b\u8e29\u6211|Landorus-Therian, M|100\/100\n|-ability|p1a: \u571f\u732b\u8e29\u6211|Intimidate|boost\n|-unboost|p2a: shooting star \u2606|atk|1\n|-fail|p2b: barbie moviegoer|unboost|Attack|[from] ability: Inner Focus|[of] p2b: barbie moviegoer\n|turn|2\n|\n|t:|1700583705\n|switch|p2a: ariana's ender \u2661|Sylveon, F|100\/100\n|move|p1a: \u571f\u732b\u8e29\u6211|U-turn|p2a: ariana's ender \u2661\n|-resisted|p2a: ariana's ender \u2661\n|-damage|p2a: ariana's ender \u2661|86\/100\n|\n|t:|1700583715\n|switch|p1a: \u4f60\u53d1\u59d0\u6c38\u8fdc\u662f\u4f60\u53d1\u59d0|Flutter Mane|100\/100|[from] U-turn\n|move|p2b: barbie moviegoer|Ice Spinner|p1a: \u4f60\u53d1\u59d0\u6c38\u8fdc\u662f\u4f60\u53d1\u59d0\n|-damage|p1a: \u4f60\u53d1\u59d0\u6c38\u8fdc\u662f\u4f60\u53d1\u59d0|33\/100\n|-damage|p2b: barbie moviegoer|81\/100|[from] item: Life Orb\n|move|p1b: \u4f60\u62cd\u4e94\uff0c\u6211\u62cd\u516d\uff0c\u51fb\u638c\u5947\u88ad\u754f\u4e2a\u7f29|Drain Punch|p2a: ariana's ender \u2661\n|-resisted|p2a: ariana's ender \u2661\n|-damage|p2a: ariana's ender \u2661|63\/100\n|\n|upkeep\n|turn|3\n|\n|t:|1700583737\n|-end|p1a: \u4f60\u53d1\u59d0\u6c38\u8fdc\u662f\u4f60\u53d1\u59d0|Protosynthesis|[silent]\n|switch|p1a: \u62cd\u6253\u7329|Rillaboom, M|100\/100\n|-fieldstart|move: Grassy Terrain|[from] ability: Grassy Surge|[of] p1a: \u62cd\u6253\u7329\n|switch|p2b: kenergy|Volcanion|100\/100\n|-terastallize|p2a: ariana's ender \u2661|Fairy\n|move|p2a: ariana's ender \u2661|Hyper Voice|p1b: \u4f60\u62cd\u4e94\uff0c\u6211\u62cd\u516d\uff0c\u51fb\u638c\u5947\u88ad\u754f\u4e2a\u7f29|[spread] p1a,p1b\n|-supereffective|p1b: \u4f60\u62cd\u4e94\uff0c\u6211\u62cd\u516d\uff0c\u51fb\u638c\u5947\u88ad\u754f\u4e2a\u7f29\n|-damage|p1a: \u62cd\u6253\u7329|10\/100\n|-damage|p1b: \u4f60\u62cd\u4e94\uff0c\u6211\u62cd\u516d\uff0c\u51fb\u638c\u5947\u88ad\u754f\u4e2a\u7f29|19\/100\n|move|p1b: \u4f60\u62cd\u4e94\uff0c\u6211\u62cd\u516d\uff0c\u51fb\u638c\u5947\u88ad\u754f\u4e2a\u7f29|Heavy Slam|p2a: ariana's ender \u2661\n|-supereffective|p2a: ariana's ender \u2661\n|-damage|p2a: ariana's ender \u2661|0 fnt\n|faint|p2a: ariana's ender \u2661\n|\n|-heal|p1a: \u62cd\u6253\u7329|16\/100|[from] Grassy Terrain\n|-heal|p1b: \u4f60\u62cd\u4e94\uff0c\u6211\u62cd\u516d\uff0c\u51fb\u638c\u5947\u88ad\u754f\u4e2a\u7f29|26\/100|[from] Grassy Terrain\n|upkeep\n|\n|t:|1700583761\n|switch|p2a: barbie moviegoer|Dragonite, M|81\/100\n|turn|4\n|\n|t:|1700583779\n|switch|p2b: shooting star \u2606|Jirachi|93\/100\n|move|p1a: \u62cd\u6253\u7329|Fake Out|p2b: shooting star \u2606\n|-resisted|p2b: shooting star \u2606\n|-damage|p2b: shooting star \u2606|85\/100\n|move|p2a: barbie moviegoer|Extreme Speed|p1a: \u62cd\u6253\u7329\n|-damage|p1a: \u62cd\u6253\u7329|0 fnt\n|faint|p1a: \u62cd\u6253\u7329\n|-damage|p2a: barbie moviegoer|71\/100|[from] item: Life Orb\n|move|p1b: \u4f60\u62cd\u4e94\uff0c\u6211\u62cd\u516d\uff0c\u51fb\u638c\u5947\u88ad\u754f\u4e2a\u7f29|Drain Punch|p2b: shooting star \u2606\n|-damage|p2b: shooting star \u2606|46\/100\n|-heal|p1b: \u4f60\u62cd\u4e94\uff0c\u6211\u62cd\u516d\uff0c\u51fb\u638c\u5947\u88ad\u754f\u4e2a\u7f29|39\/100|[from] drain|[of] p2b: shooting star \u2606\n|\n|-heal|p2b: shooting star \u2606|52\/100|[from] Grassy Terrain\n|-heal|p1b: \u4f60\u62cd\u4e94\uff0c\u6211\u62cd\u516d\uff0c\u51fb\u638c\u5947\u88ad\u754f\u4e2a\u7f29|45\/100|[from] Grassy Terrain\n|upkeep\n|\n|t:|1700583794\n|switch|p1a: \u4f60\u53d1\u59d0\u6c38\u8fdc\u662f\u4f60\u53d1\u59d0|Flutter Mane|33\/100\n|turn|5\n|\n|t:|1700583804\n|move|p2b: shooting star \u2606|Iron Head|p1a: \u4f60\u53d1\u59d0\u6c38\u8fdc\u662f\u4f60\u53d1\u59d0\n|-supereffective|p1a: \u4f60\u53d1\u59d0\u6c38\u8fdc\u662f\u4f60\u53d1\u59d0\n|-damage|p1a: \u4f60\u53d1\u59d0\u6c38\u8fdc\u662f\u4f60\u53d1\u59d0|0 fnt\n|faint|p1a: \u4f60\u53d1\u59d0\u6c38\u8fdc\u662f\u4f60\u53d1\u59d0\n|-end|p1a: \u4f60\u53d1\u59d0\u6c38\u8fdc\u662f\u4f60\u53d1\u59d0|Protosynthesis|[silent]\n|move|p2a: barbie moviegoer|Stomping Tantrum|p1b: \u4f60\u62cd\u4e94\uff0c\u6211\u62cd\u516d\uff0c\u51fb\u638c\u5947\u88ad\u754f\u4e2a\u7f29\n|-supereffective|p1b: \u4f60\u62cd\u4e94\uff0c\u6211\u62cd\u516d\uff0c\u51fb\u638c\u5947\u88ad\u754f\u4e2a\u7f29\n|-damage|p1b: \u4f60\u62cd\u4e94\uff0c\u6211\u62cd\u516d\uff0c\u51fb\u638c\u5947\u88ad\u754f\u4e2a\u7f29|0 fnt\n|faint|p1b: \u4f60\u62cd\u4e94\uff0c\u6211\u62cd\u516d\uff0c\u51fb\u638c\u5947\u88ad\u754f\u4e2a\u7f29\n|-end|p1b: \u4f60\u62cd\u4e94\uff0c\u6211\u62cd\u516d\uff0c\u51fb\u638c\u5947\u88ad\u754f\u4e2a\u7f29|Quark Drive|[silent]\n|-damage|p2a: barbie moviegoer|61\/100|[from] item: Life Orb\n|\n|-heal|p2b: shooting star \u2606|59\/100|[from] Grassy Terrain\n|upkeep\n|\n|t:|1700583811\n|switch|p1a: \u571f\u732b\u8e29\u6211|Landorus-Therian, M|100\/100\n|switch|p1b: ku\ud83d\udcb0\u70ae|Chien-Pao|100\/100\n|-ability|p1a: \u571f\u732b\u8e29\u6211|Intimidate|boost\n|-fail|p2a: barbie moviegoer|unboost|Attack|[from] ability: Inner Focus|[of] p2a: barbie moviegoer\n|-unboost|p2b: shooting star \u2606|atk|1\n|-ability|p1b: ku\ud83d\udcb0\u70ae|Sword of Ruin\n|turn|6\n|\n|t:|1700583828\n|-terastallize|p1a: \u571f\u732b\u8e29\u6211|Flying\n|move|p1b: ku\ud83d\udcb0\u70ae|Sucker Punch|p2b: shooting star \u2606\n|-supereffective|p2b: shooting star \u2606\n|-damage|p2b: shooting star \u2606|0 fnt\n|faint|p2b: shooting star \u2606\n|move|p1a: \u571f\u732b\u8e29\u6211|Tera Blast|p2a: barbie moviegoer|[anim] Tera Blast Flying\n|-damage|p2a: barbie moviegoer|0 fnt\n|faint|p2a: barbie moviegoer\n|\n|upkeep\n|\n|t:|1700583843\n|switch|p2b: kenergy|Volcanion|100\/100\n|switch|p2a: bella thorns x|Flutter Mane|100\/100\n|-enditem|p2a: bella thorns x|Booster Energy\n|-activate|p2a: bella thorns x|ability: Protosynthesis|[fromitem]\n|-start|p2a: bella thorns x|protosynthesisspa\n|turn|7\n|\n|t:|1700583863\n|move|p2a: bella thorns x|Protect|p2a: bella thorns x\n|-singleturn|p2a: bella thorns x|Protect\n|move|p1b: ku\ud83d\udcb0\u70ae|Sucker Punch|p2b: kenergy\n|-crit|p2b: kenergy\n|-damage|p2b: kenergy|37\/100\n|move|p1a: \u571f\u732b\u8e29\u6211|Tera Blast|p2b: kenergy|[anim] Tera Blast Flying\n|-damage|p2b: kenergy|0 fnt\n|faint|p2b: kenergy\n|\n|-fieldend|move: Grassy Terrain\n|upkeep\n|\n|t:|1700583870\n|switch|p2b: qu33fed|Iron Bundle|100\/100\n|turn|8\n|\n|t:|1700583894\n|move|p2a: bella thorns x|Protect||[still]\n|-fail|p2a: bella thorns x\n|move|p1a: \u571f\u732b\u8e29\u6211|Tera Blast|p2a: bella thorns x|[anim] Tera Blast Flying\n|-damage|p2a: bella thorns x|0 fnt\n|faint|p2a: bella thorns x\n|-end|p2a: bella thorns x|Protosynthesis|[silent]\n|move|p2b: qu33fed|Freeze-Dry|p1a: \u571f\u732b\u8e29\u6211\n|-supereffective|p1a: \u571f\u732b\u8e29\u6211\n|-damage|p1a: \u571f\u732b\u8e29\u6211|23\/100\n|move|p1b: ku\ud83d\udcb0\u70ae|Sacred Sword|p2b: qu33fed\n|-supereffective|p2b: qu33fed\n|-enditem|p2b: qu33fed|Focus Sash\n|-damage|p2b: qu33fed|1\/100\n|\n|upkeep\n|turn|9\n|c|\u2606user27323|gg\n|\n|t:|1700583910\n|move|p1b: ku\ud83d\udcb0\u70ae|Sucker Punch||[still]\n|-fail|p1b: ku\ud83d\udcb0\u70ae\n|move|p1a: \u571f\u732b\u8e29\u6211|Tera Blast|p2b: qu33fed|[anim] Tera Blast Flying\n|-damage|p2b: qu33fed|0 fnt\n|faint|p2b: qu33fed\n|-end|p2b: qu33fed|Quark Drive|[silent]\n|\n|win|OPieceOfHeroGhost\n|raw|OPieceOfHeroGhost's rating: 1521 &rarr; <strong>1544<\/strong><br \/>(+23 for winning)\n|raw|user27323's rating: 1569 &rarr; <strong>1546<\/strong><br \/>(-23 for losing)\n|l|\u2606user27323\n","uploadtime":1700583924,"views":5,"p1id":"opieceofheroghost","p2id":"user27323","formatid":"gen9doublesou","rating":1544,"private":0,"password":""}