{"id":"gen9doublesou-1992299809","p1":"Igorajax28","p2":"vegetasfeet","format":"[Gen 9] Doubles OU","log":"|j|\u2606Igorajax28\n|j|\u2606vegetasfeet\n|t:|1700172319\n|gametype|doubles\n|player|p1|Igorajax28|2|1082\n|player|p2|vegetasfeet|brycen|1061\n|teamsize|p1|6\n|teamsize|p2|6\n|gen|9\n|tier|[Gen 9] Doubles OU\n|rated|\n|rule|Species Clause: Limit one of each Pok\u00e9mon\n|rule|OHKO Clause: OHKO moves are banned\n|rule|Evasion Moves Clause: Evasion moves are banned\n|rule|Gravity Sleep Clause: The combination of sleep-inducing moves with imperfect accuracy and Gravity or Gigantamax Orbeetle are banned\n|rule|Endless Battle Clause: Forcing endless battles is banned\n|rule|HP Percentage Mod: HP is shown in percentages\n|clearpoke\n|poke|p1|Vespiquen, F|\n|poke|p1|Pawmot, F|\n|poke|p1|Iron Valiant|\n|poke|p1|Palafin, M|\n|poke|p1|Weavile, F|\n|poke|p1|Garganacl, F|\n|poke|p2|Rillaboom, F|\n|poke|p2|Pelipper, M|\n|poke|p2|Tornadus, M|\n|poke|p2|Heatran, M|\n|poke|p2|Flutter Mane|\n|poke|p2|Amoonguss, M|\n|teampreview\n|inactive|Battle timer is ON: inactive players will automatically lose when time's up. (requested by vegetasfeet)\n|\n|t:|1700172330\n|start\n|switch|p1a: Pawmot|Pawmot, F|100\/100\n|switch|p1b: Palafin|Palafin, M|100\/100\n|switch|p2a: Pelipper|Pelipper, M, shiny|100\/100\n|switch|p2b: Rillaboom|Rillaboom, F, shiny|100\/100\n|-fieldstart|move: Grassy Terrain|[from] ability: Grassy Surge|[of] p2b: Rillaboom\n|-weather|RainDance|[from] ability: Drizzle|[of] p2a: Pelipper\n|turn|1\n|\n|t:|1700172347\n|move|p2a: Pelipper|Protect|p2a: Pelipper\n|-singleturn|p2a: Pelipper|Protect\n|move|p1a: Pawmot|Fake Out|p2b: Rillaboom\n|-damage|p2b: Rillaboom|87\/100\n|cant|p2b: Rillaboom|flinch\n|move|p1b: Palafin|Flip Turn|p2b: Rillaboom\n|-resisted|p2b: Rillaboom\n|-damage|p2b: Rillaboom|69\/100\n|\n|t:|1700172357\n|detailschange|p1b: Palafin|Palafin-Hero, M\n|switch|p1b: Weavile|Weavile, F, shiny|100\/100|[from] Flip Turn\n|-ability|p1b: Weavile|Pressure\n|\n|-weather|RainDance|[upkeep]\n|-heal|p2b: Rillaboom|75\/100|[from] Grassy Terrain\n|upkeep\n|turn|2\n|\n|t:|1700172377\n|switch|p2b: Gobba Goo|Heatran, M, shiny|100\/100\n|move|p1b: Weavile|Ice Punch|p2b: Gobba Goo\n|-resisted|p2b: Gobba Goo\n|-damage|p2b: Gobba Goo|91\/100\n|move|p1a: Pawmot|Double Shock|p2a: Pelipper\n|-supereffective|p2a: Pelipper\n|-damage|p2a: Pelipper|0 fnt\n|-start|p1a: Pawmot|typechange|???\/Fighting|[from] move: Double Shock\n|faint|p2a: Pelipper\n|\n|-weather|RainDance|[upkeep]\n|-heal|p2b: Gobba Goo|97\/100|[from] Grassy Terrain\n|upkeep\n|\n|t:|1700172390\n|switch|p2a: Flutter Mane|Flutter Mane, shiny|100\/100\n|-enditem|p2a: Flutter Mane|Grassy Seed\n|-boost|p2a: Flutter Mane|def|1|[from] item: Grassy Seed\n|turn|3\n|\n|t:|1700172401\n|switch|p1b: Garganacl|Garganacl, F|100\/100\n|move|p1a: Pawmot|Mach Punch|p2b: Gobba Goo\n|-supereffective|p2b: Gobba Goo\n|-damage|p2b: Gobba Goo|50\/100\n|move|p2a: Flutter Mane|Dazzling Gleam|p1b: Garganacl|[spread] p1a,p1b\n|-supereffective|p1a: Pawmot\n|-damage|p1a: Pawmot|0 fnt\n|-damage|p1b: Garganacl|81\/100\n|faint|p1a: Pawmot\n|move|p2b: Gobba Goo|Heat Wave|p1b: Garganacl\n|-resisted|p1b: Garganacl\n|-damage|p1b: Garganacl|72\/100\n|\n|-weather|RainDance|[upkeep]\n|-heal|p2b: Gobba Goo|56\/100|[from] Grassy Terrain\n|-heal|p1b: Garganacl|78\/100|[from] Grassy Terrain\n|-heal|p1b: Garganacl|84\/100|[from] item: Leftovers\n|upkeep\n|\n|t:|1700172420\n|switch|p1a: Weavile|Weavile, F, shiny|100\/100\n|-ability|p1a: Weavile|Pressure\n|turn|4\n|\n|t:|1700172438\n|switch|p2b: Rillaboom|Rillaboom, F, shiny|75\/100\n|move|p1b: Garganacl|Wide Guard|p1b: Garganacl\n|-singleturn|p1b: Garganacl|Wide Guard\n|move|p2a: Flutter Mane|Dazzling Gleam|p1b: Garganacl|[spread] \n|-activate|p1a: Weavile|move: Wide Guard\n|-activate|p1b: Garganacl|move: Wide Guard\n|move|p1a: Weavile|Foul Play|p2a: Flutter Mane\n|-damage|p2a: Flutter Mane|83\/100\n|\n|-weather|RainDance|[upkeep]\n|-heal|p2a: Flutter Mane|89\/100|[from] Grassy Terrain\n|-heal|p2b: Rillaboom|81\/100|[from] Grassy Terrain\n|-heal|p1b: Garganacl|91\/100|[from] Grassy Terrain\n|-heal|p1b: Garganacl|97\/100|[from] item: Leftovers\n|upkeep\n|turn|5\n|\n|t:|1700172460\n|-terastallize|p1a: Weavile|Ice\n|move|p2b: Rillaboom|Fake Out|p1a: Weavile\n|-damage|p1a: Weavile|79\/100\n|move|p2a: Flutter Mane|Calm Mind|p2a: Flutter Mane\n|-boost|p2a: Flutter Mane|spa|1\n|-boost|p2a: Flutter Mane|spd|1\n|cant|p1a: Weavile|flinch\n|move|p1b: Garganacl|Salt Cure|p2a: Flutter Mane\n|-damage|p2a: Flutter Mane|72\/100\n|-start|p2a: Flutter Mane|Salt Cure\n|\n|-weather|RainDance|[upkeep]\n|-heal|p2a: Flutter Mane|78\/100|[from] Grassy Terrain\n|-heal|p1a: Weavile|85\/100|[from] Grassy Terrain\n|-heal|p2b: Rillaboom|87\/100|[from] Grassy Terrain\n|-heal|p1b: Garganacl|100\/100|[from] Grassy Terrain\n|-damage|p2a: Flutter Mane|66\/100|[from] Salt Cure\n|-fieldend|move: Grassy Terrain\n|upkeep\n|turn|6\n|\n|t:|1700172489\n|move|p2a: Flutter Mane|Dazzling Gleam|p1b: Garganacl|[spread] p1a,p1b\n|-damage|p1a: Weavile|29\/100\n|-damage|p1b: Garganacl|71\/100\n|move|p1a: Weavile|Poison Jab|p2a: Flutter Mane\n|-damage|p2a: Flutter Mane|31\/100\n|move|p2b: Rillaboom|Brick Break|p1a: Weavile\n|-supereffective|p1a: Weavile\n|-damage|p1a: Weavile|0 fnt\n|faint|p1a: Weavile\n|move|p1b: Garganacl|Salt Cure|p2b: Rillaboom\n|-damage|p2b: Rillaboom|75\/100\n|-start|p2b: Rillaboom|Salt Cure\n|\n|-weather|RainDance|[upkeep]\n|-heal|p1b: Garganacl|77\/100|[from] item: Leftovers\n|-damage|p2a: Flutter Mane|19\/100|[from] Salt Cure\n|-damage|p2b: Rillaboom|63\/100|[from] Salt Cure\n|upkeep\n|inactive|Igorajax28 has 120 seconds left.\n|l|\u2606Igorajax28\n|inactive|Igorajax28 disconnected and has a minute to reconnect!\n|player|p1|\n|j|\u2606Igorajax28\n|inactive|Igorajax28 reconnected and has 95 seconds left.\n|player|p1|Igorajax28|2\n|\n|t:|1700172529\n|switch|p1a: Iron Valiant|Iron Valiant|100\/100\n|-enditem|p1a: Iron Valiant|Booster Energy\n|-activate|p1a: Iron Valiant|ability: Quark Drive|[fromitem]\n|-start|p1a: Iron Valiant|quarkdriveatk\n|turn|7\n|\n|t:|1700172542\n|-end|p2a: Flutter Mane|Protosynthesis|[silent]\n|switch|p2a: Gobba Goo|Heatran, M, shiny|56\/100\n|switch|p2b: Amoonguss|Amoonguss, M, shiny|100\/100\n|move|p1a: Iron Valiant|Shadow Sneak|p2a: Gobba Goo\n|-damage|p2a: Gobba Goo|37\/100\n|move|p1b: Garganacl|Salt Cure|p2b: Amoonguss\n|-damage|p2b: Amoonguss|88\/100\n|-start|p2b: Amoonguss|Salt Cure\n|\n|-weather|RainDance|[upkeep]\n|-heal|p1b: Garganacl|83\/100|[from] item: Leftovers\n|-damage|p2b: Amoonguss|75\/100|[from] Salt Cure\n|upkeep\n|turn|8\n|\n|t:|1700172562\n|switch|p2a: Flutter Mane|Flutter Mane, shiny|19\/100\n|move|p1a: Iron Valiant|Close Combat|p2a: Flutter Mane\n|-immune|p2a: Flutter Mane\n|move|p1b: Garganacl|Salt Cure|p2b: Amoonguss\n|-damage|p2b: Amoonguss|61\/100\n|move|p2b: Amoonguss|Spore|p1a: Iron Valiant\n|-status|p1a: Iron Valiant|slp|[from] move: Spore\n|\n|-weather|none\n|-heal|p1b: Garganacl|89\/100|[from] item: Leftovers\n|-damage|p2b: Amoonguss|49\/100|[from] Salt Cure\n|upkeep\n|turn|9\n|inactive|vegetasfeet has 120 seconds left.\n|\n|t:|1700172602\n|-end|p1a: Iron Valiant|Quark Drive|[silent]\n|switch|p1a: Vespiquen|Vespiquen, F|100\/100\n|-ability|p1a: Vespiquen|Pressure\n|move|p2a: Flutter Mane|Shadow Ball|p1a: Vespiquen\n|-damage|p1a: Vespiquen|71\/100\n|move|p1b: Garganacl|Salt Cure|p2a: Flutter Mane\n|-damage|p2a: Flutter Mane|0 fnt\n|faint|p2a: Flutter Mane\n|-end|p2a: Flutter Mane|Protosynthesis|[silent]\n|move|p2b: Amoonguss|Pollen Puff|p2: Flutter Mane|[notarget]\n|-fail|p2b: Amoonguss\n|\n|-heal|p1b: Garganacl|96\/100|[from] item: Leftovers\n|-heal|p1a: Vespiquen|78\/100|[from] item: Leftovers\n|-damage|p2b: Amoonguss|36\/100|[from] Salt Cure\n|upkeep\n|\n|t:|1700172614\n|switch|p2a: Rillaboom|Rillaboom, F, shiny|63\/100\n|-fieldstart|move: Grassy Terrain|[from] ability: Grassy Surge|[of] p2a: Rillaboom\n|turn|10\n|\n|t:|1700172627\n|switch|p1b: Iron Valiant|Iron Valiant|100\/100 slp\n|switch|p2b: Tornadus|Tornadus, M, shiny|100\/100\n|move|p2a: Rillaboom|Fake Out|p1a: Vespiquen\n|-damage|p1a: Vespiquen|65\/100\n|cant|p1a: Vespiquen|flinch\n|\n|-heal|p2a: Rillaboom|69\/100|[from] Grassy Terrain\n|-heal|p1a: Vespiquen|71\/100|[from] item: Leftovers\n|upkeep\n|turn|11\n|\n|t:|1700172655\n|switch|p2a: Gobba Goo|Heatran, M, shiny|37\/100\n|move|p2b: Tornadus|Rain Dance|p2b: Tornadus\n|-weather|RainDance\n|cant|p1b: Iron Valiant|slp\n|move|p1a: Vespiquen|Pollen Puff|p2a: Gobba Goo\n|-resisted|p2a: Gobba Goo\n|-damage|p2a: Gobba Goo|34\/100\n|\n|-weather|RainDance|[upkeep]\n|-heal|p2a: Gobba Goo|40\/100|[from] Grassy Terrain\n|-heal|p1a: Vespiquen|77\/100|[from] item: Leftovers\n|upkeep\n|turn|12\n|\n|t:|1700172672\n|cant|p1b: Iron Valiant|slp\n|move|p2b: Tornadus|Bleakwind Storm|p1b: Iron Valiant|[spread] p1a,p1b\n|-supereffective|p1a: Vespiquen\n|-supereffective|p1b: Iron Valiant\n|-damage|p1a: Vespiquen|30\/100\n|-damage|p1b: Iron Valiant|0 fnt\n|faint|p1b: Iron Valiant\n|-end|p1b: Iron Valiant|Quark Drive|[silent]\n|move|p2a: Gobba Goo|Flash Cannon|p1a: Vespiquen\n|-damage|p1a: Vespiquen|0 fnt\n|faint|p1a: Vespiquen\n|\n|-weather|RainDance|[upkeep]\n|-heal|p2a: Gobba Goo|46\/100|[from] Grassy Terrain\n|upkeep\n|\n|t:|1700172686\n|switch|p1b: Palafin|Palafin-Hero, M|100\/100\n|switch|p1a: Garganacl|Garganacl, F|96\/100\n|-activate|p1b: Palafin|ability: Zero to Hero\n|turn|13\n|\n|t:|1700172707\n|-terastallize|p2a: Gobba Goo|Grass\n|move|p1b: Palafin|Jet Punch|p2b: Tornadus\n|-damage|p2b: Tornadus|24\/100\n|move|p2b: Tornadus|Tailwind|p2b: Tornadus\n|-sidestart|p2: vegetasfeet|move: Tailwind\n|move|p2a: Gobba Goo|Tera Blast|p1b: Palafin|[anim] Tera Blast Grass\n|-supereffective|p1b: Palafin\n|-damage|p1b: Palafin|0 fnt\n|faint|p1b: Palafin\n|move|p1a: Garganacl|Salt Cure|p2b: Tornadus\n|-supereffective|p2b: Tornadus\n|-damage|p2b: Tornadus|0 fnt\n|faint|p2b: Tornadus\n|\n|-weather|RainDance|[upkeep]\n|-heal|p2a: Gobba Goo|52\/100|[from] Grassy Terrain\n|-heal|p1a: Garganacl|100\/100|[from] Grassy Terrain\n|upkeep\n|\n|t:|1700172718\n|switch|p2b: Rillaboom|Rillaboom, F, shiny|69\/100\n|turn|14\n|\n|t:|1700172728\n|move|p2b: Rillaboom|Grassy Glide|p1a: Garganacl\n|-supereffective|p1a: Garganacl\n|-damage|p1a: Garganacl|55\/100\n|move|p2a: Gobba Goo|Tera Blast|p1a: Garganacl|[anim] Tera Blast Grass\n|-supereffective|p1a: Garganacl\n|-damage|p1a: Garganacl|0 fnt\n|faint|p1a: Garganacl\n|\n|win|vegetasfeet\n|raw|Igorajax28's rating: 1082 &rarr; <strong>1058<\/strong><br \/>(-24 for losing)\n|raw|vegetasfeet's rating: 1061 &rarr; <strong>1094<\/strong><br \/>(+33 for winning)\n","uploadtime":1700172735,"views":22,"p1id":"igorajax28","p2id":"vegetasfeet","formatid":"gen9doublesou","rating":1058,"private":0,"password":""}