{"id":"gen9doublesou-1968899843","p1":"Champion's Melody","p2":"KazJF","format":"[Gen 9] Doubles OU","log":"|j|\u2606Champion's Melody\n|j|\u2606KazJF\n|t:|1697473924\n|gametype|doubles\n|player|p1|Champion's Melody|cynthia|1169\n|player|p2|KazJF|101|1083\n|teamsize|p1|6\n|teamsize|p2|6\n|gen|9\n|tier|[Gen 9] Doubles OU\n|rated|\n|rule|Species Clause: Limit one of each Pok\u00e9mon\n|rule|OHKO Clause: OHKO moves are banned\n|rule|Evasion Moves Clause: Evasion moves are banned\n|rule|Gravity Sleep Clause: The combination of sleep-inducing moves with imperfect accuracy and Gravity or Gigantamax Orbeetle are banned\n|rule|Endless Battle Clause: Forcing endless battles is banned\n|rule|HP Percentage Mod: HP is shown in percentages\n|clearpoke\n|poke|p1|Lurantis, M|\n|poke|p1|Gliscor, M|\n|poke|p1|Salazzle, F|\n|poke|p1|Kleavor, M|\n|poke|p1|Basculegion-F, F|\n|poke|p1|Empoleon, M|\n|poke|p2|Gyarados, M|\n|poke|p2|Gliscor, F|\n|poke|p2|Gastrodon-East, M|\n|poke|p2|Amoonguss, M|\n|poke|p2|Conkeldurr, F|\n|poke|p2|Arbok, M|\n|teampreview\n|inactive|Battle timer is ON: inactive players will automatically lose when time's up. (requested by Champion's Melody)\n|\n|t:|1697473935\n|start\n|switch|p1a: Gliscor|Gliscor, M|100\/100\n|switch|p1b: Lurantis|Lurantis, M|100\/100\n|switch|p2a: Conkeldurr|Conkeldurr, F|100\/100\n|switch|p2b: Arbok|Arbok, M|100\/100\n|-ability|p2b: Arbok|Intimidate|boost\n|-unboost|p1a: Gliscor|atk|1\n|-boost|p1b: Lurantis|atk|1\n|turn|1\n|\n|t:|1697473957\n|switch|p2b: Gyarados|Gyarados, M|100\/100\n|-ability|p2b: Gyarados|Intimidate|boost\n|-unboost|p1a: Gliscor|atk|1\n|-boost|p1b: Lurantis|atk|1\n|-terastallize|p1b: Lurantis|Bug\n|move|p1a: Gliscor|Bulldoze|p2a: Conkeldurr|[spread] p1b,p2a\n|-immune|p2b: Gyarados\n|-resisted|p1b: Lurantis\n|-damage|p1b: Lurantis|96\/100\n|-damage|p2a: Conkeldurr|92\/100\n|-boost|p1b: Lurantis|spe|1\n|-unboost|p2a: Conkeldurr|spe|1\n|move|p1b: Lurantis|Leaf Storm|p2a: Conkeldurr\n|-damage|p2a: Conkeldurr|45\/100\n|-boost|p1b: Lurantis|spa|2\n|move|p2a: Conkeldurr|Knock Off|p1a: Gliscor\n|-damage|p1a: Gliscor|65\/100\n|-enditem|p1a: Gliscor|Toxic Orb|[from] move: Knock Off|[of] p2a: Conkeldurr\n|\n|-status|p2a: Conkeldurr|brn|[from] item: Flame Orb\n|upkeep\n|turn|2\n|inactive|KazJF has 120 seconds left.\n|\n|t:|1697474004\n|move|p2a: Conkeldurr|Mach Punch|p1b: Lurantis\n|-resisted|p1b: Lurantis\n|-damage|p1b: Lurantis|76\/100\n|move|p1a: Gliscor|Acrobatics|p2a: Conkeldurr\n|-supereffective|p2a: Conkeldurr\n|-damage|p2a: Conkeldurr|3\/100 brn\n|move|p1b: Lurantis|Leaf Storm|p2b: Gyarados\n|-damage|p2b: Gyarados|23\/100\n|-boost|p1b: Lurantis|spa|2\n|move|p2b: Gyarados|Avalanche|p1b: Lurantis\n|-damage|p1b: Lurantis|22\/100\n|-damage|p2b: Gyarados|13\/100|[from] item: Life Orb\n|\n|-damage|p2a: Conkeldurr|0 fnt|[from] brn\n|faint|p2a: Conkeldurr\n|upkeep\n|\n|t:|1697474020\n|switch|p2a: Gliscor|Gliscor, F|100\/100\n|turn|3\n|\n|t:|1697474040\n|move|p2a: Gliscor|Crabhammer|p1b: Lurantis\n|-damage|p1b: Lurantis|0 fnt\n|faint|p1b: Lurantis\n|move|p1a: Gliscor|Acrobatics|p2b: Gyarados\n|-damage|p2b: Gyarados|0 fnt\n|faint|p2b: Gyarados\n|\n|-status|p2a: Gliscor|tox|[from] item: Toxic Orb\n|upkeep\n|inactive|KazJF has 120 seconds left.\n|\n|t:|1697474067\n|switch|p2b: Gastrodon|Gastrodon-East, M|100\/100\n|switch|p1b: Empoleon|Empoleon, M|100\/100\n|turn|4\n|\n|t:|1697474080\n|switch|p1a: Kleavor|Kleavor, M|100\/100\n|move|p2a: Gliscor|Swords Dance|p2a: Gliscor\n|-boost|p2a: Gliscor|atk|2\n|move|p1b: Empoleon|Blizzard|p2b: Gastrodon|[spread] p2a\n|-miss|p1b: Empoleon|p2b: Gastrodon\n|-supereffective|p2a: Gliscor\n|-damage|p2a: Gliscor|0 fnt\n|faint|p2a: Gliscor\n|move|p2b: Gastrodon|Acid Armor|p2b: Gastrodon\n|-boost|p2b: Gastrodon|def|2\n|\n|upkeep\n|inactive|KazJF has 120 seconds left.\n|\n|t:|1697474116\n|switch|p2a: Amoonguss|Amoonguss, M|100\/100\n|turn|5\n|\n|t:|1697474126\n|move|p1a: Kleavor|X-Scissor|p2a: Amoonguss\n|-crit|p2a: Amoonguss\n|-damage|p2a: Amoonguss|0 fnt\n|faint|p2a: Amoonguss\n|move|p1b: Empoleon|Blizzard|p2b: Gastrodon\n|-damage|p2b: Gastrodon|65\/100\n|move|p2b: Gastrodon|Bulldoze|p1a: Kleavor|[spread] p1a,p1b\n|-supereffective|p1b: Empoleon\n|-damage|p1a: Kleavor|84\/100\n|-damage|p1b: Empoleon|73\/100\n|-unboost|p1a: Kleavor|spe|1\n|-unboost|p1b: Empoleon|spe|1\n|-ability|p1b: Empoleon|Competitive|boost\n|-boost|p1b: Empoleon|spa|2\n|\n|-heal|p2b: Gastrodon|71\/100|[from] item: Leftovers\n|upkeep\n|inactive|KazJF has 120 seconds left.\n|\n|t:|1697474150\n|switch|p2a: Arbok|Arbok, M|100\/100\n|-ability|p2a: Arbok|Intimidate|boost\n|-unboost|p1a: Kleavor|atk|1\n|-unboost|p1b: Empoleon|atk|1\n|-ability|p1b: Empoleon|Competitive|boost\n|-boost|p1b: Empoleon|spa|2\n|turn|6\n|\n|t:|1697474158\n|move|p2a: Arbok|Bulldoze|p1a: Kleavor|[spread] p2b,p1a,p1b\n|-supereffective|p1b: Empoleon\n|-damage|p2b: Gastrodon|65\/100\n|-damage|p1a: Kleavor|67\/100\n|-damage|p1b: Empoleon|48\/100\n|-unboost|p2b: Gastrodon|spe|1\n|-unboost|p1a: Kleavor|spe|1\n|-unboost|p1b: Empoleon|spe|1\n|-ability|p1b: Empoleon|Competitive|boost\n|-boost|p1b: Empoleon|spa|2\n|move|p1a: Kleavor|X-Scissor|p2a: Arbok\n|-resisted|p2a: Arbok\n|-damage|p2a: Arbok|37\/100\n|move|p1b: Empoleon|Blizzard|p2a: Arbok|[spread] p2a,p2b\n|-damage|p2a: Arbok|0 fnt\n|-damage|p2b: Gastrodon|0 fnt\n|faint|p2a: Arbok\n|faint|p2b: Gastrodon\n|\n|win|Champion's Melody\n|raw|Champion&apos;s Melody's rating: 1169 &rarr; <strong>1188<\/strong><br \/>(+19 for winning)\n|raw|KazJF's rating: 1083 &rarr; <strong>1066<\/strong><br \/>(-17 for losing)\n","uploadtime":1697474174,"views":19,"p1id":"championsmelody","p2id":"kazjf","formatid":"gen9doublesou","rating":1066,"private":0,"password":""}