{"id":"gen9doublesou-1983602504","p1":"Pedrohjv","p2":"chuggachuggachooo","format":"[Gen 9] Doubles OU","log":"|j|\u2606Pedrohjv\n|j|\u2606chuggachuggachooo\n|inactive|Battle timer is ON: inactive players will automatically lose when time's up.\n|t:|1699148251\n|gametype|doubles\n|player|p1|Pedrohjv|preschooler|\n|player|p2|chuggachuggachooo|ghetsis-gen5bw|\n|teamsize|p1|6\n|teamsize|p2|6\n|gen|9\n|tier|[Gen 9] Doubles OU\n|rated|Tournament battle\n|rule|Species Clause: Limit one of each Pok\u00e9mon\n|rule|OHKO Clause: OHKO moves are banned\n|rule|Evasion Moves Clause: Evasion moves are banned\n|rule|Gravity Sleep Clause: The combination of sleep-inducing moves with imperfect accuracy and Gravity or Gigantamax Orbeetle are banned\n|rule|Endless Battle Clause: Forcing endless battles is banned\n|rule|HP Percentage Mod: HP is shown in percentages\n|clearpoke\n|poke|p1|Arcanine-Hisui, M|\n|poke|p1|Rabsca, M|\n|poke|p1|Volcarona, M|\n|poke|p1|Amoonguss, M|\n|poke|p1|Maushold|\n|poke|p1|Quaquaval, M|\n|poke|p2|Torterra, F|\n|poke|p2|Azumarill, F|\n|poke|p2|Whiscash, M|\n|poke|p2|Altaria, F|\n|poke|p2|Magneton|\n|poke|p2|Weavile, M|\n|teampreview\n|j|*Lady Monita \u263d\n|inactive|chuggachuggachooo also wants the timer to be on.\n|inactive|Pedrohjv has 120 seconds left.\n|\n|t:|1699148281\n|start\n|switch|p1a: Maushold|Maushold|100\/100\n|switch|p1b: Quaquaval|Quaquaval, M|100\/100\n|switch|p2a: Weavile|Weavile, M|100\/100\n|switch|p2b: Torterra|Torterra, F|100\/100\n|-ability|p2a: Weavile|Pressure\n|turn|1\n|inactive|chuggachuggachooo has 120 seconds left.\n|\n|t:|1699148313\n|move|p2a: Weavile|Fake Out|p1a: Maushold\n|-damage|p1a: Maushold|80\/100\n|cant|p1a: Maushold|flinch\n|move|p1b: Quaquaval|Aqua Step|p2b: Torterra\n|-damage|p2b: Torterra|68\/100\n|-boost|p1b: Quaquaval|spe|1\n|move|p2b: Torterra|Shell Smash|p2b: Torterra\n|-unboost|p2b: Torterra|def|1\n|-unboost|p2b: Torterra|spd|1\n|-boost|p2b: Torterra|atk|2\n|-boost|p2b: Torterra|spa|2\n|-boost|p2b: Torterra|spe|2\n|-enditem|p2b: Torterra|White Herb\n|-clearnegativeboost|p2b: Torterra|[silent]\n|\n|upkeep\n|turn|2\n|\n|t:|1699148332\n|move|p1a: Maushold|Follow Me|p1a: Maushold\n|-singleturn|p1a: Maushold|move: Follow Me\n|move|p1b: Quaquaval|Aqua Step|p2b: Torterra\n|-damage|p2b: Torterra|33\/100\n|-boost|p1b: Quaquaval|spe|1\n|move|p2b: Torterra|Seed Bomb|p1a: Maushold\n|-crit|p1a: Maushold\n|-damage|p1a: Maushold|0 fnt\n|faint|p1a: Maushold\n|move|p2a: Weavile|Knock Off|p1b: Quaquaval\n|-resisted|p1b: Quaquaval\n|-damage|p1b: Quaquaval|71\/100\n|-enditem|p1b: Quaquaval|Leftovers|[from] move: Knock Off|[of] p2a: Weavile\n|\n|upkeep\n|\n|t:|1699148340\n|switch|p1a: Volcarona|Volcarona, M|100\/100\n|turn|3\n|\n|t:|1699148364\n|move|p1b: Quaquaval|Aqua Step|p2b: Torterra\n|-damage|p2b: Torterra|0 fnt\n|-boost|p1b: Quaquaval|spe|1\n|faint|p2b: Torterra\n|-ability|p1b: Quaquaval|Moxie|boost\n|-boost|p1b: Quaquaval|atk|1\n|move|p2a: Weavile|Knock Off|p1a: Volcarona\n|-crit|p1a: Volcarona\n|-damage|p1a: Volcarona|25\/100\n|-enditem|p1a: Volcarona|Sitrus Berry|[from] move: Knock Off|[of] p2a: Weavile\n|move|p1a: Volcarona|Quiver Dance|p1a: Volcarona\n|-boost|p1a: Volcarona|spa|1\n|-boost|p1a: Volcarona|spd|1\n|-boost|p1a: Volcarona|spe|1\n|\n|upkeep\n|\n|t:|1699148369\n|switch|p2b: Azumarill|Azumarill, F|100\/100\n|turn|4\n|\n|t:|1699148377\n|-terastallize|p1a: Volcarona|Steel\n|move|p2b: Azumarill|Aqua Jet|p1a: Volcarona\n|-damage|p1a: Volcarona|0 fnt\n|faint|p1a: Volcarona\n|move|p1b: Quaquaval|Knock Off|p2b: Azumarill\n|-resisted|p2b: Azumarill\n|-damage|p2b: Azumarill|78\/100\n|-enditem|p2b: Azumarill|Choice Band|[from] move: Knock Off|[of] p1b: Quaquaval\n|move|p2a: Weavile|Knock Off|p1b: Quaquaval\n|-resisted|p1b: Quaquaval\n|-damage|p1b: Quaquaval|51\/100\n|\n|upkeep\n|\n|t:|1699148384\n|switch|p1a: Arcanine|Arcanine-Hisui, M|100\/100\n|-ability|p1a: Arcanine|Intimidate|boost\n|-unboost|p2a: Weavile|atk|1\n|-unboost|p2b: Azumarill|atk|1\n|turn|5\n|\n|t:|1699148406\n|switch|p2a: Whiscash|Whiscash, M|100\/100\n|switch|p1a: Amoonguss|Amoonguss, M|100\/100\n|move|p2b: Azumarill|Aqua Jet|p1a: Amoonguss\n|-resisted|p1a: Amoonguss\n|-damage|p1a: Amoonguss|93\/100\n|-damage|p2b: Azumarill|61\/100|[from] item: Rocky Helmet|[of] p1a: Amoonguss\n|move|p1b: Quaquaval|Close Combat|p2a: Whiscash\n|-damage|p2a: Whiscash|12\/100\n|-unboost|p1b: Quaquaval|def|1\n|-unboost|p1b: Quaquaval|spd|1\n|\n|-heal|p2a: Whiscash|18\/100|[from] item: Leftovers\n|upkeep\n|turn|6\n|\n|t:|1699148425\n|move|p1b: Quaquaval|Knock Off|p2a: Whiscash\n|-damage|p2a: Whiscash|0 fnt\n|-enditem|p2a: Whiscash|Leftovers|[from] move: Knock Off|[of] p1b: Quaquaval\n|faint|p2a: Whiscash\n|-ability|p1b: Quaquaval|Moxie|boost\n|-boost|p1b: Quaquaval|atk|1\n|move|p2b: Azumarill|Play Rough|p1b: Quaquaval\n|-supereffective|p1b: Quaquaval\n|-damage|p1b: Quaquaval|0 fnt\n|faint|p1b: Quaquaval\n|move|p1a: Amoonguss|Spore|p2b: Azumarill\n|-status|p2b: Azumarill|slp|[from] move: Spore\n|\n|upkeep\n|\n|t:|1699148445\n|switch|p1b: Arcanine|Arcanine-Hisui, M|100\/100\n|switch|p2a: Weavile|Weavile, M|100\/100\n|-ability|p2a: Weavile|Pressure\n|-ability|p1b: Arcanine|Intimidate|boost\n|-unboost|p2a: Weavile|atk|1\n|-unboost|p2b: Azumarill|atk|1\n|turn|7\n|\n|t:|1699148454\n|move|p2a: Weavile|Icicle Crash|p1a: Amoonguss\n|-supereffective|p1a: Amoonguss\n|-damage|p1a: Amoonguss|41\/100\n|move|p1b: Arcanine|Rock Slide|p2b: Azumarill|[spread] p2a,p2b\n|-supereffective|p2a: Weavile\n|-damage|p2a: Weavile|14\/100\n|-damage|p2b: Azumarill|32\/100 slp\n|cant|p2b: Azumarill|slp\n|move|p1a: Amoonguss|Giga Drain|p2b: Azumarill\n|-supereffective|p2b: Azumarill\n|-damage|p2b: Azumarill|0 fnt\n|-heal|p1a: Amoonguss|57\/100|[from] drain|[of] p2b: Azumarill\n|faint|p2b: Azumarill\n|\n|upkeep\n|\n|t:|1699148469\n|switch|p2b: Magneton|Magneton|100\/100\n|turn|8\n|\n|t:|1699148486\n|move|p1b: Arcanine|Extreme Speed|p2a: Weavile\n|-damage|p2a: Weavile|0 fnt\n|faint|p2a: Weavile\n|move|p2b: Magneton|Volt Switch|p1b: Arcanine\n|-damage|p1b: Arcanine|74\/100\n|\n|t:|1699148489\n|switch|p2b: Altaria|Altaria, F|100\/100|[from] Volt Switch\n|move|p1a: Amoonguss|Spore|p2b: Altaria\n|-status|p2b: Altaria|slp|[from] move: Spore\n|\n|upkeep\n|\n|t:|1699148493\n|switch|p2a: Magneton|Magneton|100\/100\n|turn|9\n|\n|t:|1699148507\n|switch|p1b: Rabsca|Rabsca, M|100\/100\n|move|p2a: Magneton|Flash Cannon|p1b: Rabsca\n|-damage|p1b: Rabsca|60\/100\n|cant|p2b: Altaria|slp\n|move|p1a: Amoonguss|Spore|p2a: Magneton\n|-status|p2a: Magneton|slp|[from] move: Spore\n|\n|upkeep\n|turn|10\n|\n|t:|1699148516\n|cant|p2a: Magneton|slp\n|-curestatus|p2b: Altaria|slp|[msg]\n|move|p2b: Altaria|Tailwind|p2b: Altaria\n|-sidestart|p2: chuggachuggachooo|move: Tailwind\n|move|p1b: Rabsca|Revival Blessing|p1b: Rabsca\n|-enditem|p1b: Rabsca|Leppa Berry|[eat]\n|-activate|p1b: Rabsca|item: Leppa Berry|Revival Blessing|[consumed]\n|\n|t:|1699148522\n|-heal|p1: Maushold|50\/100|[from] move: Revival Blessing\n|move|p1a: Amoonguss|Sludge Bomb|p2b: Altaria\n|-damage|p2b: Altaria|79\/100\n|-status|p2b: Altaria|psn\n|\n|-heal|p2b: Altaria|85\/100 psn|[from] item: Leftovers\n|-damage|p2b: Altaria|73\/100 psn|[from] psn\n|upkeep\n|turn|11\n|\n|t:|1699148537\n|switch|p1a: Arcanine|Arcanine-Hisui, M|74\/100\n|-ability|p1a: Arcanine|Intimidate|boost\n|-unboost|p2a: Magneton|atk|1\n|-unboost|p2b: Altaria|atk|1\n|-terastallize|p2a: Magneton|Ice\n|cant|p2a: Magneton|slp\n|move|p2b: Altaria|Roost|p2b: Altaria\n|-heal|p2b: Altaria|100\/100 psn\n|-singleturn|p2b: Altaria|move: Roost\n|move|p1b: Rabsca|Revival Blessing|p1b: Rabsca\n|\n|t:|1699148552\n|-heal|p1: Volcarona|50\/100|[from] move: Revival Blessing\n|\n|-damage|p2b: Altaria|88\/100 psn|[from] psn\n|upkeep\n|turn|12\n|\n|t:|1699148568\n|move|p2b: Altaria|Helping Hand|p2a: Magneton\n|-singleturn|p2a: Magneton|Helping Hand|[of] p2b: Altaria\n|cant|p2a: Magneton|slp\n|move|p1a: Arcanine|Rock Slide|p2b: Altaria|[spread] p2a,p2b\n|-supereffective|p2a: Magneton\n|-crit|p2a: Magneton\n|-supereffective|p2b: Altaria\n|-crit|p2b: Altaria\n|-damage|p2a: Magneton|23\/100 slp\n|-damage|p2b: Altaria|5\/100 psn\n|move|p1b: Rabsca|Power Gem|p2b: Altaria\n|-supereffective|p2b: Altaria\n|-damage|p2b: Altaria|0 fnt\n|faint|p2b: Altaria\n|\n|upkeep\n|turn|13\n|\n|t:|1699148579\n|-curestatus|p2a: Magneton|slp|[msg]\n|move|p2a: Magneton|Flash Cannon|p1a: Arcanine\n|-damage|p1a: Arcanine|43\/100\n|move|p1a: Arcanine|Flare Blitz|p2a: Magneton\n|-supereffective|p2a: Magneton\n|-crit|p2a: Magneton\n|-damage|p2a: Magneton|0 fnt\n|faint|p2a: Magneton\n|-damage|p1a: Arcanine|38\/100|[from] Recoil\n|\n|win|Pedrohjv\n|n|\u2606Pedrohjv|pedrohjv\n|n|\u2606chuggachuggachooo|chuggachuggachooo\n|n|*Lady Monita \u263d|ladymonita\n","uploadtime":1699148580,"views":12,"p1id":"pedrohjv","p2id":"chuggachuggachooo","formatid":"gen9doublesou","rating":0,"private":0,"password":""}