{"id":"gen9doublesou-1978757471","p1":"Hzty","p2":"phongggg","format":"[Gen 9] Doubles OU","log":"|j|\u2606Hzty\n|j|\u2606phongggg\n|t:|1698591532\n|gametype|doubles\n|player|p1|Hzty|265|1200\n|player|p2|phongggg|steven|1138\n|teamsize|p1|6\n|teamsize|p2|6\n|gen|9\n|tier|[Gen 9] Doubles OU\n|rated|\n|rule|Species Clause: Limit one of each Pok\u00e9mon\n|rule|OHKO Clause: OHKO moves are banned\n|rule|Evasion Moves Clause: Evasion moves are banned\n|rule|Gravity Sleep Clause: The combination of sleep-inducing moves with imperfect accuracy and Gravity or Gigantamax Orbeetle are banned\n|rule|Endless Battle Clause: Forcing endless battles is banned\n|rule|HP Percentage Mod: HP is shown in percentages\n|clearpoke\n|poke|p1|Iron Hands|\n|poke|p1|Sinistcha|\n|poke|p1|Ogerpon-Wellspring, F|\n|poke|p1|Kommo-o, M|\n|poke|p1|Clefairy, M|\n|poke|p1|Cresselia, F|\n|poke|p2|Dragapult, M|\n|poke|p2|Gliscor, F|\n|poke|p2|Rillaboom, F|\n|poke|p2|Gholdengo|\n|poke|p2|Ninetales-Alola, F|\n|poke|p2|Clefairy, F|\n|teampreview\n|inactive|Battle timer is ON: inactive players will automatically lose when time's up. (requested by phongggg)\n|\n|t:|1698591545\n|start\n|switch|p1a: Iron Hands|Iron Hands|100\/100\n|switch|p1b: Ogerpon|Ogerpon-Wellspring, F|100\/100\n|switch|p2a: Gliscor|Gliscor, F|100\/100\n|switch|p2b: Ninetales|Ninetales-Alola, F|100\/100\n|-weather|Snow|[from] ability: Snow Warning|[of] p2b: Ninetales\n|turn|1\n|\n|t:|1698591574\n|move|p1a: Iron Hands|Fake Out|p2a: Gliscor\n|-damage|p2a: Gliscor|88\/100\n|move|p1b: Ogerpon|Ivy Cudgel|p2a: Gliscor\n|-supereffective|p2a: Gliscor\n|-damage|p2a: Gliscor|0 fnt\n|faint|p2a: Gliscor\n|move|p2b: Ninetales|Aurora Veil|p2b: Ninetales\n|-sidestart|p2: phongggg|move: Aurora Veil\n|\n|-weather|Snow|[upkeep]\n|upkeep\n|inactive|phongggg has 120 seconds left.\n|inactive|phongggg has 90 seconds left.\n|\n|t:|1698591616\n|switch|p2a: Gholdengo|Gholdengo|100\/100\n|turn|2\n|\n|t:|1698591630\n|move|p1b: Ogerpon|Swords Dance|p1b: Ogerpon\n|-boost|p1b: Ogerpon|atk|2\n|move|p2b: Ninetales|Dazzling Gleam|p1b: Ogerpon|[spread] p1a,p1b\n|-supereffective|p1a: Iron Hands\n|-damage|p1a: Iron Hands|77\/100\n|-damage|p1b: Ogerpon|75\/100\n|move|p2a: Gholdengo|Nasty Plot|p2a: Gholdengo\n|-boost|p2a: Gholdengo|spa|2\n|move|p1a: Iron Hands|Heavy Slam|p2b: Ninetales\n|-supereffective|p2b: Ninetales\n|-enditem|p2b: Ninetales|Focus Sash\n|-damage|p2b: Ninetales|1\/100\n|\n|-weather|Snow|[upkeep]\n|upkeep\n|turn|3\n|inactive|phongggg has 120 seconds left.\n|\n|t:|1698591653\n|move|p1b: Ogerpon|Ivy Cudgel|p2a: Gholdengo\n|-damage|p2a: Gholdengo|7\/100\n|move|p2b: Ninetales|Dazzling Gleam|p1a: Iron Hands|[spread] p1a,p1b\n|-supereffective|p1a: Iron Hands\n|-damage|p1a: Iron Hands|56\/100\n|-damage|p1b: Ogerpon|49\/100\n|move|p2a: Gholdengo|Dazzling Gleam|p1a: Iron Hands|[spread] p1a,p1b\n|-supereffective|p1a: Iron Hands\n|-damage|p1a: Iron Hands|0 fnt\n|-damage|p1b: Ogerpon|0 fnt\n|faint|p1a: Iron Hands\n|-end|p1a: Iron Hands|Quark Drive|[silent]\n|faint|p1b: Ogerpon\n|-damage|p2a: Gholdengo|0 fnt|[from] item: Life Orb\n|faint|p2a: Gholdengo\n|\n|-weather|Snow|[upkeep]\n|upkeep\n|\n|t:|1698591672\n|switch|p1b: Kommo-o|Kommo-o, M|100\/100\n|switch|p2a: Clefairy|Clefairy, F|100\/100\n|switch|p1a: Clefairy|Clefairy, M|100\/100\n|turn|4\n|inactive|phongggg has 120 seconds left.\n|\n|t:|1698591704\n|move|p1a: Clefairy|Follow Me|p1a: Clefairy\n|-singleturn|p1a: Clefairy|move: Follow Me\n|move|p2b: Ninetales|Blizzard|p1b: Kommo-o|[spread] p1a,p1b\n|-supereffective|p1b: Kommo-o\n|-damage|p1a: Clefairy|74\/100\n|-damage|p1b: Kommo-o|43\/100\n|move|p1b: Kommo-o|Clangorous Soul|p1b: Kommo-o\n|-boost|p1b: Kommo-o|atk|1\n|-boost|p1b: Kommo-o|def|1\n|-boost|p1b: Kommo-o|spa|1\n|-boost|p1b: Kommo-o|spd|1\n|-boost|p1b: Kommo-o|spe|1\n|-damage|p1b: Kommo-o|10\/100\n|move|p2a: Clefairy|Dazzling Gleam|p1a: Clefairy|[spread] p1a,p1b\n|-supereffective|p1b: Kommo-o\n|-crit|p1b: Kommo-o\n|-damage|p1a: Clefairy|62\/100\n|-damage|p1b: Kommo-o|0 fnt\n|faint|p1b: Kommo-o\n|\n|-weather|Snow|[upkeep]\n|upkeep\n|\n|t:|1698591719\n|switch|p1b: Cresselia|Cresselia, F|100\/100\n|turn|5\n|\n|t:|1698591727\n|-terastallize|p2b: Ninetales|Ice\n|move|p2a: Clefairy|Helping Hand|p2b: Ninetales\n|-singleturn|p2b: Ninetales|Helping Hand|[of] p2a: Clefairy\n|move|p1a: Clefairy|Protect|p1a: Clefairy\n|-singleturn|p1a: Clefairy|Protect\n|move|p2b: Ninetales|Blizzard|p1a: Clefairy|[spread] p1b\n|-activate|p1a: Clefairy|move: Protect\n|-damage|p1b: Cresselia|56\/100\n|move|p1b: Cresselia|Calm Mind|p1b: Cresselia\n|-boost|p1b: Cresselia|spa|1\n|-boost|p1b: Cresselia|spd|1\n|\n|-weather|none\n|-sideend|p2: phongggg|move: Aurora Veil\n|upkeep\n|turn|6\n|\n|t:|1698591752\n|switch|p2b: Rillaboom|Rillaboom, F|100\/100\n|-fieldstart|move: Grassy Terrain|[from] ability: Grassy Surge|[of] p2b: Rillaboom\n|-enditem|p2b: Rillaboom|Grassy Seed\n|-boost|p2b: Rillaboom|def|1|[from] item: Grassy Seed\n|move|p1b: Cresselia|Calm Mind|p1b: Cresselia\n|-boost|p1b: Cresselia|spa|1\n|-boost|p1b: Cresselia|spd|1\n|move|p2a: Clefairy|Encore|p1b: Cresselia\n|-start|p1b: Cresselia|Encore\n|move|p1a: Clefairy|Heal Pulse|p1b: Cresselia\n|-heal|p1b: Cresselia|100\/100\n|\n|-heal|p1a: Clefairy|68\/100|[from] Grassy Terrain\n|upkeep\n|turn|7\n|inactive|phongggg has 120 seconds left.\n|\n|t:|1698591789\n|move|p2a: Clefairy|Helping Hand|p2b: Rillaboom\n|-singleturn|p2b: Rillaboom|Helping Hand|[of] p2a: Clefairy\n|move|p1a: Clefairy|Follow Me|p1a: Clefairy\n|-singleturn|p1a: Clefairy|move: Follow Me\n|move|p2b: Rillaboom|Knock Off|p1a: Clefairy\n|-resisted|p1a: Clefairy\n|-damage|p1a: Clefairy|45\/100\n|-start|p2b: Rillaboom|Attract|[from] ability: Cute Charm|[of] p1a: Clefairy\n|-enditem|p1a: Clefairy|Eviolite|[from] move: Knock Off|[of] p2b: Rillaboom\n|move|p1b: Cresselia|Calm Mind|p1b: Cresselia\n|-boost|p1b: Cresselia|spa|1\n|-boost|p1b: Cresselia|spd|1\n|\n|-heal|p1a: Clefairy|51\/100|[from] Grassy Terrain\n|upkeep\n|turn|8\n|\n|t:|1698591812\n|move|p2a: Clefairy|Helping Hand|p2b: Rillaboom\n|-singleturn|p2b: Rillaboom|Helping Hand|[of] p2a: Clefairy\n|move|p1a: Clefairy|Protect|p1a: Clefairy\n|-singleturn|p1a: Clefairy|Protect\n|-activate|p2b: Rillaboom|move: Attract|[of] p1a: Clefairy\n|cant|p2b: Rillaboom|Attract\n|move|p1b: Cresselia|Calm Mind|p1b: Cresselia\n|-boost|p1b: Cresselia|spa|1\n|-boost|p1b: Cresselia|spd|1\n|\n|-heal|p1a: Clefairy|57\/100|[from] Grassy Terrain\n|upkeep\n|turn|9\n|\n|t:|1698591830\n|switch|p2b: Dragapult|Dragapult, M|100\/100\n|move|p1a: Clefairy|Follow Me|p1a: Clefairy\n|-singleturn|p1a: Clefairy|move: Follow Me\n|move|p1b: Cresselia|Calm Mind|p1b: Cresselia\n|-boost|p1b: Cresselia|spa|1\n|-boost|p1b: Cresselia|spd|1\n|move|p2a: Clefairy|Encore|p1a: Clefairy\n|-start|p1a: Clefairy|Encore\n|\n|-heal|p1a: Clefairy|63\/100|[from] Grassy Terrain\n|-end|p1b: Cresselia|Encore\n|upkeep\n|turn|10\n|inactive|phongggg has 120 seconds left.\n|\n|t:|1698591868\n|move|p2a: Clefairy|Helping Hand|p2b: Dragapult\n|-singleturn|p2b: Dragapult|Helping Hand|[of] p2a: Clefairy\n|move|p1a: Clefairy|Follow Me|p1a: Clefairy\n|-singleturn|p1a: Clefairy|move: Follow Me\n|move|p2b: Dragapult|U-turn|p1a: Clefairy\n|-resisted|p1a: Clefairy\n|-damage|p1a: Clefairy|28\/100\n|\n|t:|1698591880\n|switch|p2b: Ninetales|Ninetales-Alola, F, tera:Ice|1\/100|[from] U-turn\n|-weather|Snow|[from] ability: Snow Warning|[of] p2b: Ninetales\n|move|p1b: Cresselia|Dazzling Gleam|p2a: Clefairy|[spread] p2a,p2b\n|-damage|p2a: Clefairy|58\/100\n|-damage|p2b: Ninetales|0 fnt\n|faint|p2b: Ninetales\n|\n|-weather|Snow|[upkeep]\n|-heal|p2a: Clefairy|64\/100|[from] Grassy Terrain\n|-heal|p1a: Clefairy|34\/100|[from] Grassy Terrain\n|-fieldend|move: Grassy Terrain\n|upkeep\n|inactive|phongggg has 90 seconds left.\n|\n|t:|1698591934\n|switch|p2b: Dragapult|Dragapult, M|100\/100\n|turn|11\n|\n|t:|1698591954\n|move|p1a: Clefairy|Follow Me|p1a: Clefairy\n|-singleturn|p1a: Clefairy|move: Follow Me\n|move|p2a: Clefairy|Follow Me|p2a: Clefairy\n|-singleturn|p2a: Clefairy|move: Follow Me\n|move|p2b: Dragapult|Phantom Force||[still]\n|-prepare|p2b: Dragapult|Phantom Force\n|move|p1b: Cresselia|Dazzling Gleam|p2a: Clefairy|[spread] p2a\n|-miss|p1b: Cresselia|p2b: Dragapult\n|-damage|p2a: Clefairy|23\/100\n|\n|-weather|Snow|[upkeep]\n|upkeep\n|turn|12\n|inactive|phongggg has 90 seconds left.\n|\n|t:|1698591967\n|-terastallize|p1b: Cresselia|Fighting\n|move|p2a: Clefairy|Helping Hand|p2b: Dragapult\n|-singleturn|p2b: Dragapult|Helping Hand|[of] p2a: Clefairy\n|move|p1a: Clefairy|Follow Me|p1a: Clefairy\n|-singleturn|p1a: Clefairy|move: Follow Me\n|move|p2b: Dragapult|Phantom Force|p1a: Clefairy|[from]lockedmove\n|-damage|p1a: Clefairy|0 fnt\n|faint|p1a: Clefairy\n|move|p1b: Cresselia|Dazzling Gleam|p2b: Dragapult|[spread] p2a,p2b\n|-supereffective|p2b: Dragapult\n|-damage|p2a: Clefairy|0 fnt\n|-damage|p2b: Dragapult|0 fnt\n|faint|p2a: Clefairy\n|faint|p2b: Dragapult\n|\n|-weather|Snow|[upkeep]\n|upkeep\n|\n|t:|1698591983\n|switch|p2a: Rillaboom|Rillaboom, F|100\/100\n|switch|p1a: Sinistcha|Sinistcha|100\/100\n|-fieldstart|move: Grassy Terrain|[from] ability: Grassy Surge|[of] p2a: Rillaboom\n|turn|13\n|\n|t:|1698591997\n|move|p2a: Rillaboom|Grassy Glide|p1b: Cresselia\n|-damage|p1b: Cresselia|73\/100\n|move|p1b: Cresselia|Tera Blast|p2a: Rillaboom|[anim] Tera Blast Fighting\n|-damage|p2a: Rillaboom|0 fnt\n|faint|p2a: Rillaboom\n|\n|win|Hzty\n|raw|Hzty's rating: 1200 &rarr; <strong>1221<\/strong><br \/>(+21 for winning)\n|raw|phongggg's rating: 1138 &rarr; <strong>1117<\/strong><br \/>(-21 for losing)\n","uploadtime":1698592006,"views":25,"p1id":"hzty","p2id":"phongggg","formatid":"gen9doublesou","rating":1117,"private":0,"password":""}