{"id":"gen9doublesou-1972136095","p1":"StalinRiseAgain","p2":"BriefMarigold4","format":"[Gen 9] Doubles OU","log":"|j|\u2606StalinRiseAgain\n|j|\u2606BriefMarigold4\n|t:|1697815789\n|gametype|doubles\n|player|p1|StalinRiseAgain|drayden|1626\n|player|p2|BriefMarigold4|102|1583\n|teamsize|p1|6\n|teamsize|p2|6\n|gen|9\n|tier|[Gen 9] Doubles OU\n|rated|\n|rule|Species Clause: Limit one of each Pok\u00e9mon\n|rule|OHKO Clause: OHKO moves are banned\n|rule|Evasion Moves Clause: Evasion moves are banned\n|rule|Gravity Sleep Clause: The combination of sleep-inducing moves with imperfect accuracy and Gravity or Gigantamax Orbeetle are banned\n|rule|Endless Battle Clause: Forcing endless battles is banned\n|rule|HP Percentage Mod: HP is shown in percentages\n|clearpoke\n|poke|p1|Weezing, F|\n|poke|p1|Slaking, F|\n|poke|p1|Diancie|\n|poke|p1|Ceruledge, F|\n|poke|p1|Sinistcha-Masterpiece|\n|poke|p1|Rillaboom, M|\n|poke|p2|Cresselia, F|\n|poke|p2|Volcanion|\n|poke|p2|Landorus-Therian, M|\n|poke|p2|Amoonguss, M|\n|poke|p2|Rillaboom, F|\n|poke|p2|Snorlax, M|\n|teampreview\n|inactive|Battle timer is ON: inactive players will automatically lose when time's up. (requested by StalinRiseAgain)\n|\n|t:|1697815818\n|start\n|switch|p1a: Blue|Slaking, F|100\/100\n|switch|p1b: Sleezy|Weezing, F|100\/100\n|switch|p2a: \u0d9e|Amoonguss, M|100\/100\n|switch|p2b: demomanlaugh.wav|Rillaboom, F|100\/100\n|-ability|p1b: Sleezy|Neutralizing Gas\n|turn|1\n|\n|t:|1697815832\n|move|p1a: Blue|Rock Slide|p2a: \u0d9e|[spread] p2a,p2b\n|-damage|p2a: \u0d9e|79\/100\n|-damage|p2b: demomanlaugh.wav|78\/100\n|move|p2b: demomanlaugh.wav|Taunt|p1b: Sleezy\n|-start|p1b: Sleezy|move: Taunt\n|cant|p1b: Sleezy|move: Taunt|Taunt\n|move|p2a: \u0d9e|Spore|p1a: Blue\n|-status|p1a: Blue|slp|[from] move: Spore\n|\n|upkeep\n|turn|2\n|\n|t:|1697815852\n|switch|p1a: Diancie|Diancie|100\/100\n|switch|p2b: *boom vine effect*|Landorus-Therian, M|100\/100\n|-end|p1b: Sleezy|ability: Neutralizing Gas\n|-ability|p2b: *boom vine effect*|Intimidate|boost\n|-fail|p1a: Diancie|unboost|[from] ability: Clear Body|[of] p1a: Diancie\n|-unboost|p1b: Sleezy|atk|1\n|switch|p1b: Rillaboom|Rillaboom, M|100\/100\n|-fieldstart|move: Grassy Terrain|[from] ability: Grassy Surge|[of] p1b: Rillaboom\n|switch|p2a: 30%|Volcanion|100\/100\n|\n|upkeep\n|turn|3\n|\n|t:|1697815873\n|switch|p2b: demomanlaugh.wav|Rillaboom, F|78\/100\n|-terastallize|p1a: Diancie|Grass\n|move|p2a: 30%|Protect|p2a: 30%\n|-singleturn|p2a: 30%|Protect\n|move|p1b: Rillaboom|Fake Out|p2a: 30%\n|-activate|p2a: 30%|move: Protect\n|move|p1a: Diancie|Diamond Storm|p2a: 30%|[spread] p2b\n|-activate|p2a: 30%|move: Protect\n|-crit|p2b: demomanlaugh.wav\n|-damage|p2b: demomanlaugh.wav|37\/100\n|-damage|p1a: Diancie|91\/100|[from] item: Life Orb\n|\n|-heal|p2b: demomanlaugh.wav|44\/100|[from] Grassy Terrain\n|-heal|p1a: Diancie|97\/100|[from] Grassy Terrain\n|upkeep\n|turn|4\n|l|\u2606BriefMarigold4\n|inactive|BriefMarigold4 disconnected and has a minute to reconnect!\n|player|p2|\n|inactive|BriefMarigold4 has 30 seconds to reconnect!\n|j|\u2606BriefMarigold4\n|inactive|BriefMarigold4 reconnected and has 100 seconds left.\n|player|p2|BriefMarigold4|102\n|inactive|StalinRiseAgain has 120 seconds left.\n|\n|t:|1697815932\n|-terastallize|p2a: 30%|Fire\n|move|p2b: demomanlaugh.wav|Fake Out|p1b: Rillaboom\n|-damage|p1b: Rillaboom|87\/100\n|cant|p1b: Rillaboom|flinch\n|move|p2a: 30%|Heat Wave|p1a: Diancie|[spread] p1a,p1b\n|-supereffective|p1a: Diancie\n|-supereffective|p1b: Rillaboom\n|-damage|p1a: Diancie|33\/100\n|-damage|p1b: Rillaboom|6\/100\n|move|p1a: Diancie|Diamond Storm|p2b: demomanlaugh.wav|[spread] p2a,p2b\n|-supereffective|p2a: 30%\n|-damage|p2a: 30%|44\/100\n|-damage|p2b: demomanlaugh.wav|12\/100\n|-boost|p1a: Diancie|def|2\n|-damage|p1a: Diancie|23\/100|[from] item: Life Orb\n|\n|-heal|p2b: demomanlaugh.wav|19\/100|[from] Grassy Terrain\n|-heal|p1b: Rillaboom|12\/100|[from] Grassy Terrain\n|-heal|p2a: 30%|50\/100|[from] Grassy Terrain\n|-heal|p2a: 30%|56\/100|[from] item: Leftovers\n|-heal|p1a: Diancie|29\/100|[from] Grassy Terrain\n|upkeep\n|turn|5\n|\n|t:|1697815955\n|switch|p1b: Ceruledge|Ceruledge, F|100\/100\n|move|p2b: demomanlaugh.wav|Grassy Glide|p1b: Ceruledge\n|-resisted|p1b: Ceruledge\n|-damage|p1b: Ceruledge|73\/100\n|-ability|p1b: Ceruledge|Weak Armor|boost\n|-unboost|p1b: Ceruledge|def|1\n|-boost|p1b: Ceruledge|spe|2\n|move|p2a: 30%|Heat Wave|p1a: Diancie|[spread] p1a,p1b\n|-supereffective|p1a: Diancie\n|-resisted|p1b: Ceruledge\n|-damage|p1a: Diancie|0 fnt\n|-damage|p1b: Ceruledge|39\/100\n|faint|p1a: Diancie\n|\n|-heal|p1b: Ceruledge|45\/100|[from] Grassy Terrain\n|-heal|p2b: demomanlaugh.wav|25\/100|[from] Grassy Terrain\n|-heal|p2a: 30%|62\/100|[from] Grassy Terrain\n|-heal|p2a: 30%|68\/100|[from] item: Leftovers\n|upkeep\n|inactive|StalinRiseAgain has 120 seconds left.\n|\n|t:|1697815976\n|switch|p1a: Sinistcha|Sinistcha-Masterpiece|100\/100\n|-heal|p1b: Ceruledge|70\/100|[from] ability: Hospitality|[of] p1a: Sinistcha\n|turn|6\n|\n|t:|1697815987\n|move|p1b: Ceruledge|Endure|p1b: Ceruledge\n|-singleturn|p1b: Ceruledge|move: Endure\n|move|p2b: demomanlaugh.wav|Grassy Glide|p1b: Ceruledge\n|-resisted|p1b: Ceruledge\n|-damage|p1b: Ceruledge|33\/100\n|-ability|p1b: Ceruledge|Weak Armor|boost\n|-unboost|p1b: Ceruledge|def|1\n|-boost|p1b: Ceruledge|spe|2\n|move|p2a: 30%|Heat Wave|p1a: Sinistcha|[spread] p1a,p1b\n|-supereffective|p1a: Sinistcha\n|-resisted|p1b: Ceruledge\n|-damage|p1a: Sinistcha|22\/100\n|-activate|p1b: Ceruledge|move: Endure\n|-damage|p1b: Ceruledge|1\/100\n|move|p1a: Sinistcha|Shadow Ball|p2a: 30%\n|-damage|p2a: 30%|20\/100\n|\n|-heal|p1b: Ceruledge|7\/100|[from] Grassy Terrain\n|-heal|p2b: demomanlaugh.wav|31\/100|[from] Grassy Terrain\n|-heal|p2a: 30%|26\/100|[from] Grassy Terrain\n|-heal|p2a: 30%|32\/100|[from] item: Leftovers\n|-heal|p1a: Sinistcha|28\/100|[from] Grassy Terrain\n|-fieldend|move: Grassy Terrain\n|upkeep\n|turn|7\n|inactive|BriefMarigold4 has 120 seconds left.\n|\n|t:|1697816020\n|switch|p2b: *boom vine effect*|Landorus-Therian, M|100\/100\n|-ability|p2b: *boom vine effect*|Intimidate|boost\n|-unboost|p1a: Sinistcha|atk|1\n|-unboost|p1b: Ceruledge|atk|1\n|switch|p2a: Absolute Fatass|Snorlax, M|100\/100\n|move|p1b: Ceruledge|Bitter Blade|p2b: *boom vine effect*\n|-damage|p2b: *boom vine effect*|65\/100\n|-heal|p1b: Ceruledge|28\/100|[from] drain|[of] p2b: *boom vine effect*\n|move|p1a: Sinistcha|Shadow Ball|p2a: Absolute Fatass\n|-immune|p2a: Absolute Fatass\n|\n|upkeep\n|turn|8\n|\n|t:|1697816041\n|move|p1b: Ceruledge|Endure|p1b: Ceruledge\n|-singleturn|p1b: Ceruledge|move: Endure\n|move|p2b: *boom vine effect*|U-turn|p1a: Sinistcha\n|-damage|p1a: Sinistcha|1\/100\n|\n|t:|1697816046\n|switch|p2b: demomanlaugh.wav|Rillaboom, F|31\/100|[from] U-turn\n|-fieldstart|move: Grassy Terrain|[from] ability: Grassy Surge|[of] p2b: demomanlaugh.wav\n|move|p1a: Sinistcha|Matcha Gotcha|p2b: demomanlaugh.wav|[spread] p2a,p2b\n|-resisted|p2b: demomanlaugh.wav\n|-damage|p2a: Absolute Fatass|72\/100\n|-heal|p1a: Sinistcha|21\/100|[from] drain|[of] p2a: Absolute Fatass\n|-damage|p2b: demomanlaugh.wav|6\/100\n|-heal|p1a: Sinistcha|35\/100|[from] drain|[of] p2b: demomanlaugh.wav\n|move|p2a: Absolute Fatass|High Horsepower|p1b: Ceruledge\n|-supereffective|p1b: Ceruledge\n|-activate|p1b: Ceruledge|move: Endure\n|-damage|p1b: Ceruledge|1\/100\n|-ability|p1b: Ceruledge|Weak Armor|boost\n|-unboost|p1b: Ceruledge|def|1\n|-boost|p1b: Ceruledge|spe|2\n|-enditem|p1b: Ceruledge|Weakness Policy\n|-boost|p1b: Ceruledge|atk|2|[from] item: Weakness Policy\n|-boost|p1b: Ceruledge|spa|2|[from] item: Weakness Policy\n|\n|-heal|p1b: Ceruledge|7\/100|[from] Grassy Terrain\n|-heal|p2b: demomanlaugh.wav|13\/100|[from] Grassy Terrain\n|-heal|p1a: Sinistcha|42\/100|[from] Grassy Terrain\n|-heal|p2a: Absolute Fatass|78\/100|[from] Grassy Terrain\n|-heal|p2a: Absolute Fatass|84\/100|[from] item: Leftovers\n|upkeep\n|turn|9\n|\n|t:|1697816075\n|move|p2a: Absolute Fatass|Protect|p2a: Absolute Fatass\n|-singleturn|p2a: Absolute Fatass|Protect\n|move|p1b: Ceruledge|Shadow Sneak|p2b: demomanlaugh.wav\n|-damage|p2b: demomanlaugh.wav|0 fnt\n|faint|p2b: demomanlaugh.wav\n|move|p1a: Sinistcha|Matcha Gotcha|p2a: Absolute Fatass\n|-activate|p2a: Absolute Fatass|move: Protect\n|\n|-heal|p1b: Ceruledge|13\/100|[from] Grassy Terrain\n|-heal|p1a: Sinistcha|48\/100|[from] Grassy Terrain\n|-heal|p2a: Absolute Fatass|90\/100|[from] Grassy Terrain\n|-heal|p2a: Absolute Fatass|97\/100|[from] item: Leftovers\n|upkeep\n|\n|t:|1697816081\n|switch|p2b: *boom vine effect*|Landorus-Therian, M|65\/100\n|-ability|p2b: *boom vine effect*|Intimidate|boost\n|-unboost|p1a: Sinistcha|atk|1\n|-unboost|p1b: Ceruledge|atk|1\n|turn|10\n|\n|t:|1697816104\n|move|p1b: Ceruledge|Bitter Blade|p2a: Absolute Fatass\n|-damage|p2a: Absolute Fatass|80\/100\n|-heal|p1b: Ceruledge|27\/100|[from] drain|[of] p2a: Absolute Fatass\n|move|p2b: *boom vine effect*|U-turn|p1a: Sinistcha\n|-damage|p1a: Sinistcha|22\/100\n|\n|t:|1697816116\n|switch|p2b: 30%|Volcanion, tera:Fire|32\/100|[from] U-turn\n|move|p1a: Sinistcha|Matcha Gotcha|p2b: 30%|[spread] p2a,p2b\n|-resisted|p2b: 30%\n|-damage|p2a: Absolute Fatass|50\/100\n|-heal|p1a: Sinistcha|42\/100|[from] drain|[of] p2a: Absolute Fatass\n|-damage|p2b: 30%|9\/100\n|-heal|p1a: Sinistcha|54\/100|[from] drain|[of] p2b: 30%\n|-status|p2a: Absolute Fatass|brn\n|move|p2a: Absolute Fatass|High Horsepower|p1b: Ceruledge\n|-supereffective|p1b: Ceruledge\n|-damage|p1b: Ceruledge|0 fnt\n|faint|p1b: Ceruledge\n|\n|-heal|p2b: 30%|15\/100|[from] Grassy Terrain\n|-heal|p2b: 30%|21\/100|[from] item: Leftovers\n|-heal|p1a: Sinistcha|60\/100|[from] Grassy Terrain\n|-heal|p2a: Absolute Fatass|56\/100 brn|[from] Grassy Terrain\n|-heal|p2a: Absolute Fatass|62\/100 brn|[from] item: Leftovers\n|-damage|p2a: Absolute Fatass|56\/100 brn|[from] brn\n|upkeep\n|inactive|StalinRiseAgain has 120 seconds left.\n|\n|t:|1697816142\n|switch|p1b: Rillaboom|Rillaboom, M|12\/100\n|turn|11\n|inactive|BriefMarigold4 has 120 seconds left.\n|inactive|BriefMarigold4 has 90 seconds left.\n|\n|t:|1697816210\n|switch|p2a: *boom vine effect*|Landorus-Therian, M|65\/100\n|-ability|p2a: *boom vine effect*|Intimidate|boost\n|-unboost|p1a: Sinistcha|atk|1\n|-unboost|p1b: Rillaboom|atk|1\n|move|p2b: 30%|Protect|p2b: 30%\n|-singleturn|p2b: 30%|Protect\n|move|p1b: Rillaboom|Drum Beating|p2b: 30%\n|-activate|p2b: 30%|move: Protect\n|move|p1a: Sinistcha|Matcha Gotcha|p2b: 30%|[spread] p2a\n|-activate|p2b: 30%|move: Protect\n|-damage|p2a: *boom vine effect*|12\/100\n|-heal|p1a: Sinistcha|87\/100|[from] drain|[of] p2a: *boom vine effect*\n|\n|-heal|p1b: Rillaboom|18\/100|[from] Grassy Terrain\n|-heal|p2b: 30%|27\/100|[from] Grassy Terrain\n|-heal|p2b: 30%|34\/100|[from] item: Leftovers\n|-heal|p1a: Sinistcha|93\/100|[from] Grassy Terrain\n|upkeep\n|turn|12\n|\n|t:|1697816237\n|move|p1b: Rillaboom|Grassy Glide|p2a: *boom vine effect*\n|-damage|p2a: *boom vine effect*|0 fnt\n|faint|p2a: *boom vine effect*\n|move|p2b: 30%|Heat Wave|p1a: Sinistcha|[spread] p1a\n|-miss|p2b: 30%|p1b: Rillaboom\n|-supereffective|p1a: Sinistcha\n|-damage|p1a: Sinistcha|5\/100\n|move|p1a: Sinistcha|Matcha Gotcha|p2b: 30%\n|-resisted|p2b: 30%\n|-damage|p2b: 30%|2\/100\n|-heal|p1a: Sinistcha|21\/100|[from] drain|[of] p2b: 30%\n|\n|-heal|p1b: Rillaboom|24\/100|[from] Grassy Terrain\n|-heal|p2b: 30%|8\/100|[from] Grassy Terrain\n|-heal|p2b: 30%|15\/100|[from] item: Leftovers\n|-heal|p1a: Sinistcha|27\/100|[from] Grassy Terrain\n|-fieldend|move: Grassy Terrain\n|upkeep\n|\n|t:|1697816250\n|switch|p2a: Meet the Medic|Cresselia, F|100\/100\n|turn|13\n|\n|t:|1697816271\n|move|p2b: 30%|Protect|p2b: 30%\n|-singleturn|p2b: 30%|Protect\n|move|p1b: Rillaboom|Drum Beating|p2a: Meet the Medic\n|-damage|p2a: Meet the Medic|83\/100\n|-unboost|p2a: Meet the Medic|spe|1\n|move|p1a: Sinistcha|Matcha Gotcha|p2b: 30%|[spread] p2a\n|-activate|p2b: 30%|move: Protect\n|-damage|p2a: Meet the Medic|67\/100\n|-heal|p1a: Sinistcha|37\/100|[from] drain|[of] p2a: Meet the Medic\n|move|p2a: Meet the Medic|Lunar Blessing|p2a: Meet the Medic|[spread] p2a,p2b\n|-heal|p2a: Meet the Medic|92\/100\n|-heal|p2b: 30%|40\/100\n|\n|-heal|p2b: 30%|46\/100|[from] item: Leftovers\n|upkeep\n|turn|14\n|\n|t:|1697816291\n|move|p2a: Meet the Medic|Ally Switch|p2a: Meet the Medic\n|swap|p2a: Meet the Medic|1|[from] move: Ally Switch\n|move|p1b: Rillaboom|Stomping Tantrum|p2b: Meet the Medic\n|-immune|p2b: Meet the Medic|[from] ability: Levitate\n|move|p2a: 30%|Heat Wave|p1a: Sinistcha|[spread] p1a,p1b\n|-supereffective|p1a: Sinistcha\n|-supereffective|p1b: Rillaboom\n|-damage|p1a: Sinistcha|0 fnt\n|-damage|p1b: Rillaboom|0 fnt\n|faint|p1a: Sinistcha\n|faint|p1b: Rillaboom\n|\n|-heal|p2a: 30%|52\/100|[from] item: Leftovers\n|upkeep\n|\n|t:|1697816301\n|switch|p1b: Sleezy|Weezing, F|100\/100\n|switch|p1a: Blue|Slaking, F|100\/100 slp\n|-ability|p1b: Sleezy|Neutralizing Gas\n|turn|15\n|\n|t:|1697816308\n|cant|p1a: Blue|slp\n|move|p2a: 30%|Heat Wave|p1a: Blue|[spread] p1a,p1b\n|-damage|p1a: Blue|41\/100 slp\n|-damage|p1b: Sleezy|45\/100\n|move|p1b: Sleezy|Taunt|p2b: Meet the Medic\n|-start|p2b: Meet the Medic|move: Taunt\n|move|p2b: Meet the Medic|Psychic|p1a: Blue\n|-damage|p1a: Blue|15\/100 slp\n|\n|-heal|p2a: 30%|58\/100|[from] item: Leftovers\n|-heal|p1b: Sleezy|51\/100|[from] item: Leftovers\n|upkeep\n|turn|16\n|\n|t:|1697816322\n|-curestatus|p1a: Blue|slp|[msg]\n|move|p1a: Blue|Rock Slide|p2a: 30%|[spread] p2a,p2b\n|-supereffective|p2a: 30%\n|-crit|p2b: Meet the Medic\n|-damage|p2a: 30%|14\/100\n|-damage|p2b: Meet the Medic|69\/100\n|move|p2a: 30%|Heat Wave|p1a: Blue|[spread] p1a,p1b\n|-damage|p1a: Blue|0 fnt\n|-damage|p1b: Sleezy|0 fnt\n|faint|p1a: Blue\n|faint|p1b: Sleezy\n|-end|p1b: Sleezy|ability: Neutralizing Gas\n|\n|win|BriefMarigold4\n|raw|StalinRiseAgain's rating: 1626 &rarr; <strong>1604<\/strong><br \/>(-22 for losing)\n|raw|BriefMarigold4's rating: 1583 &rarr; <strong>1605<\/strong><br \/>(+22 for winning)\n|l|\u2606StalinRiseAgain\n","uploadtime":1697816414,"views":9,"p1id":"stalinriseagain","p2id":"briefmarigold4","formatid":"gen9doublesou","rating":1604,"private":0,"password":""}