{"id":"gen9doublesou-1997524468","p1":"sentic.D","p2":"Cryptic_Brawler","format":"[Gen 9] Doubles OU","log":"|j|\u2606sentic.D\n|j|\u2606Cryptic_Brawler\n|t:|1700820024\n|gametype|doubles\n|player|p1|sentic.D|clown|1057\n|player|p2|Cryptic_Brawler|ghetsis-gen5bw|1000\n|teamsize|p1|6\n|teamsize|p2|6\n|gen|9\n|tier|[Gen 9] Doubles OU\n|rated|\n|rule|Species Clause: Limit one of each Pok\u00e9mon\n|rule|OHKO Clause: OHKO moves are banned\n|rule|Evasion Moves Clause: Evasion moves are banned\n|rule|Gravity Sleep Clause: The combination of sleep-inducing moves with imperfect accuracy and Gravity or Gigantamax Orbeetle are banned\n|rule|Endless Battle Clause: Forcing endless battles is banned\n|rule|HP Percentage Mod: HP is shown in percentages\n|clearpoke\n|poke|p1|Torkoal, F|\n|poke|p1|Trevenant, F|\n|poke|p1|Diancie|\n|poke|p1|Kingambit, M|\n|poke|p1|Ursaluna-Bloodmoon, M|\n|poke|p1|Farigiraf, F|\n|poke|p2|Espathra, F|\n|poke|p2|Ogerpon-Wellspring, F|\n|poke|p2|Roaring Moon|\n|poke|p2|Politoed, M|\n|poke|p2|Noivern, M|\n|poke|p2|Cinderace, M|\n|teampreview\n|\n|t:|1700820036\n|start\n|switch|p1a: Torkoal|Torkoal, F|100\/100\n|switch|p1b: Trevenant|Trevenant, F|100\/100\n|switch|p2a: Espathra|Espathra, F|100\/100\n|switch|p2b: Ogerpon|Ogerpon-Wellspring, F|100\/100\n|-weather|SunnyDay|[from] ability: Drought|[of] p1a: Torkoal\n|turn|1\n|\n|t:|1700820050\n|move|p2b: Ogerpon|Follow Me|p2b: Ogerpon\n|-singleturn|p2b: Ogerpon|move: Follow Me\n|move|p2a: Espathra|Calm Mind|p2a: Espathra\n|-boost|p2a: Espathra|spa|1\n|-boost|p2a: Espathra|spd|1\n|move|p1a: Torkoal|Yawn|p2b: Ogerpon\n|-start|p2b: Ogerpon|move: Yawn|[of] p1a: Torkoal\n|move|p1b: Trevenant|Trick Room|p1b: Trevenant\n|-fieldstart|move: Trick Room|[of] p1b: Trevenant\n|\n|-weather|SunnyDay|[upkeep]\n|-ability|p2a: Espathra|Speed Boost|boost\n|-boost|p2a: Espathra|spe|1\n|upkeep\n|turn|2\n|\n|t:|1700820078\n|move|p2b: Ogerpon|Helping Hand|p2a: Espathra\n|-singleturn|p2a: Espathra|Helping Hand|[of] p2b: Ogerpon\n|move|p1a: Torkoal|Iron Defense|p1a: Torkoal\n|-boost|p1a: Torkoal|def|2\n|move|p1b: Trevenant|Shadow Claw|p2b: Ogerpon\n|-crit|p2b: Ogerpon\n|-damage|p2b: Ogerpon|61\/100\n|move|p2a: Espathra|Stored Power|p1a: Torkoal\n|-damage|p1a: Torkoal|0 fnt\n|faint|p1a: Torkoal\n|\n|-weather|SunnyDay|[upkeep]\n|-end|p2b: Ogerpon|move: Yawn|[silent]\n|-status|p2b: Ogerpon|slp\n|-ability|p2a: Espathra|Speed Boost|boost\n|-boost|p2a: Espathra|spe|1\n|upkeep\n|\n|t:|1700820111\n|switch|p1a: Ursaluna|Ursaluna-Bloodmoon, M|100\/100\n|turn|3\n|\n|t:|1700820133\n|cant|p2b: Ogerpon|slp\n|move|p2a: Espathra|Protect|p2a: Espathra\n|-singleturn|p2a: Espathra|Protect\n|move|p1a: Ursaluna|Blood Moon|p2b: Ogerpon\n|-damage|p2b: Ogerpon|0 fnt\n|faint|p2b: Ogerpon\n|move|p1b: Trevenant|Shadow Claw|p2a: Espathra\n|-activate|p2a: Espathra|move: Protect\n|\n|-weather|SunnyDay|[upkeep]\n|-ability|p2a: Espathra|Speed Boost|boost\n|-boost|p2a: Espathra|spe|1\n|upkeep\n|\n|t:|1700820143\n|switch|p2b: Politoed|Politoed, M|100\/100\n|-weather|RainDance|[from] ability: Drizzle|[of] p2b: Politoed\n|turn|4\n|\n|t:|1700820161\n|move|p1a: Ursaluna|Thunder Punch|p2b: Politoed\n|-supereffective|p2b: Politoed\n|-damage|p2b: Politoed|71\/100\n|move|p1b: Trevenant|Shadow Claw|p2a: Espathra\n|-supereffective|p2a: Espathra\n|-damage|p2a: Espathra|22\/100\n|move|p2b: Politoed|Ice Beam|p1b: Trevenant\n|-supereffective|p1b: Trevenant\n|-damage|p1b: Trevenant|59\/100\n|-status|p1b: Trevenant|frz\n|move|p2a: Espathra|Stored Power|p1a: Ursaluna\n|-damage|p1a: Ursaluna|11\/100\n|\n|-weather|RainDance|[upkeep]\n|-heal|p2a: Espathra|28\/100|[from] item: Leftovers\n|-ability|p2a: Espathra|Speed Boost|boost\n|-boost|p2a: Espathra|spe|1\n|upkeep\n|turn|5\n|\n|t:|1700820187\n|switch|p1b: Farigiraf|Farigiraf, F|100\/100\n|move|p2a: Espathra|Protect|p2a: Espathra\n|-singleturn|p2a: Espathra|Protect\n|move|p1a: Ursaluna|Blood Moon|p2b: Politoed\n|-damage|p2b: Politoed|2\/100\n|move|p2b: Politoed|Chilling Water|p1a: Ursaluna\n|-supereffective|p1a: Ursaluna\n|-damage|p1a: Ursaluna|0 fnt\n|faint|p1a: Ursaluna\n|\n|-weather|RainDance|[upkeep]\n|-heal|p2a: Espathra|34\/100|[from] item: Leftovers\n|-fieldend|move: Trick Room\n|-ability|p2a: Espathra|Speed Boost|boost\n|-boost|p2a: Espathra|spe|1\n|upkeep\n|\n|t:|1700820212\n|switch|p1a: Diancie|Diancie|100\/100\n|turn|6\n|\n|t:|1700820223\n|move|p2a: Espathra|Stored Power|p1a: Diancie\n|-damage|p1a: Diancie|33\/100\n|move|p2b: Politoed|Earth Power|p1a: Diancie\n|-supereffective|p1a: Diancie\n|-damage|p1a: Diancie|0 fnt\n|faint|p1a: Diancie\n|move|p1b: Farigiraf|Light Screen|p1b: Farigiraf\n|-sidestart|p1: sentic.D|move: Light Screen\n|\n|-weather|RainDance|[upkeep]\n|-heal|p2a: Espathra|40\/100|[from] item: Leftovers\n|-ability|p2a: Espathra|Speed Boost|boost\n|-boost|p2a: Espathra|spe|1\n|upkeep\n|\n|t:|1700820236\n|switch|p1a: Trevenant|Trevenant, F|59\/100 frz\n|turn|7\n|\n|t:|1700820262\n|move|p2a: Espathra|Stored Power|p1b: Farigiraf\n|-resisted|p1b: Farigiraf\n|-damage|p1b: Farigiraf|70\/100\n|move|p2b: Politoed|Chilling Water|p1a: Trevenant\n|-resisted|p1a: Trevenant\n|-damage|p1a: Trevenant|50\/100 frz\n|-unboost|p1a: Trevenant|atk|1\n|-enditem|p1a: Trevenant|Sitrus Berry|[eat]\n|-heal|p1a: Trevenant|75\/100 frz|[from] item: Sitrus Berry\n|move|p1b: Farigiraf|Psychic|p2b: Politoed\n|-damage|p2b: Politoed|0 fnt\n|faint|p2b: Politoed\n|cant|p1a: Trevenant|frz\n|\n|-weather|RainDance|[upkeep]\n|-heal|p2a: Espathra|46\/100|[from] item: Leftovers\n|-heal|p1b: Farigiraf|76\/100|[from] item: Leftovers\n|upkeep\n|\n|t:|1700820266\n|switch|p2b: Roaring Moon|Roaring Moon|100\/100\n|-enditem|p2b: Roaring Moon|Booster Energy\n|-activate|p2b: Roaring Moon|ability: Protosynthesis|[fromitem]\n|-start|p2b: Roaring Moon|protosynthesisatk\n|turn|8\n|\n|t:|1700820311\n|move|p2a: Espathra|Calm Mind|p2a: Espathra\n|-boost|p2a: Espathra|spa|1\n|-boost|p2a: Espathra|spd|1\n|move|p2b: Roaring Moon|Dragon Dance|p2b: Roaring Moon\n|-boost|p2b: Roaring Moon|atk|1\n|-boost|p2b: Roaring Moon|spe|1\n|move|p1b: Farigiraf|Psychic|p2b: Roaring Moon\n|-immune|p2b: Roaring Moon\n|cant|p1a: Trevenant|frz\n|\n|-weather|RainDance|[upkeep]\n|-heal|p2a: Espathra|52\/100|[from] item: Leftovers\n|-heal|p1b: Farigiraf|82\/100|[from] item: Leftovers\n|-item|p1a: Trevenant|Sitrus Berry|[from] ability: Harvest\n|upkeep\n|turn|9\n|inactive|Battle timer is ON: inactive players will automatically lose when time's up. (requested by Cryptic_Brawler)\n|\n|t:|1700820341\n|move|p1b: Farigiraf|Helping Hand|p1a: Trevenant\n|-singleturn|p1a: Trevenant|Helping Hand|[of] p1b: Farigiraf\n|move|p2a: Espathra|Stored Power|p1a: Trevenant\n|-damage|p1a: Trevenant|0 fnt\n|faint|p1a: Trevenant\n|move|p2b: Roaring Moon|Iron Head|p1b: Farigiraf\n|-damage|p1b: Farigiraf|18\/100\n|\n|-weather|RainDance|[upkeep]\n|-heal|p2a: Espathra|58\/100|[from] item: Leftovers\n|-heal|p1b: Farigiraf|24\/100|[from] item: Leftovers\n|upkeep\n|-message|sentic.D forfeited.\n|\n|win|Cryptic_Brawler\n|raw|sentic.D's rating: 1057 &rarr; <strong>1035<\/strong><br \/>(-22 for losing)\n|raw|Cryptic_Brawler's rating: 1000 &rarr; <strong>1047<\/strong><br \/>(+47 for winning)\n|l|\u2606sentic.D\n","uploadtime":1700820358,"views":5,"p1id":"senticd","p2id":"crypticbrawler","formatid":"gen9doublesou","rating":1035,"private":0,"password":""}