{"id":"gen9doublesou-1988727375","p1":"Joojosias","p2":"Mr.X&Y97","format":"[Gen 9] Doubles OU","log":"|j|\u2606Joojosias\n|j|\u2606Mr.X&Y97\n|t:|1699755518\n|gametype|doubles\n|player|p1|Joojosias|265|1541\n|player|p2|Mr.X&Y97|blue|1657\n|teamsize|p1|6\n|teamsize|p2|6\n|gen|9\n|tier|[Gen 9] Doubles OU\n|rated|\n|rule|Species Clause: Limit one of each Pok\u00e9mon\n|rule|OHKO Clause: OHKO moves are banned\n|rule|Evasion Moves Clause: Evasion moves are banned\n|rule|Gravity Sleep Clause: The combination of sleep-inducing moves with imperfect accuracy and Gravity or Gigantamax Orbeetle are banned\n|rule|Endless Battle Clause: Forcing endless battles is banned\n|rule|HP Percentage Mod: HP is shown in percentages\n|clearpoke\n|poke|p1|Tornadus, M|\n|poke|p1|Landorus-Therian, M|\n|poke|p1|Farigiraf, M|\n|poke|p1|Kommo-o, F|\n|poke|p1|Flutter Mane|\n|poke|p1|Gholdengo|\n|poke|p2|Armarouge, M|\n|poke|p2|Indeedee-F, F|\n|poke|p2|Stonjourner, F|\n|poke|p2|Kingambit, M|\n|poke|p2|Gholdengo|\n|poke|p2|Conkeldurr, F|\n|teampreview\n|inactive|Battle timer is ON: inactive players will automatically lose when time's up. (requested by Mr.X&Y97)\n|\n|t:|1699755525\n|start\n|switch|p1a: Tornadus|Tornadus, M|100\/100\n|switch|p1b: Landorus|Landorus-Therian, M|100\/100\n|switch|p2a: Amelia Bedelia|Indeedee-F, F|100\/100\n|switch|p2b: Mega Man X|Armarouge, M|100\/100\n|-ability|p1b: Landorus|Intimidate|boost\n|-unboost|p2a: Amelia Bedelia|atk|1\n|-unboost|p2b: Mega Man X|atk|1\n|-fieldstart|move: Psychic Terrain|[from] ability: Psychic Surge|[of] p2a: Amelia Bedelia\n|turn|1\n|\n|t:|1699755540\n|-terastallize|p2b: Mega Man X|Grass\n|move|p2a: Amelia Bedelia|Follow Me|p2a: Amelia Bedelia\n|-singleturn|p2a: Amelia Bedelia|move: Follow Me\n|move|p1a: Tornadus|Tailwind|p1a: Tornadus\n|-sidestart|p1: Joojosias|move: Tailwind\n|move|p1b: Landorus|Rock Slide|p2b: Mega Man X|[spread] p2b\n|-miss|p1b: Landorus|p2a: Amelia Bedelia\n|-damage|p2b: Mega Man X|81\/100\n|cant|p2b: Mega Man X|flinch\n|\n|upkeep\n|turn|2\n|\n|t:|1699755556\n|move|p2b: Mega Man X|Protect|p2b: Mega Man X\n|-singleturn|p2b: Mega Man X|Protect\n|move|p1a: Tornadus|Bleakwind Storm|p2b: Mega Man X|[spread] p2a\n|-activate|p2b: Mega Man X|move: Protect\n|-damage|p2a: Amelia Bedelia|70\/100\n|-unboost|p2a: Amelia Bedelia|spe|1\n|move|p1b: Landorus|Rock Slide|p2a: Amelia Bedelia|[spread] p2a\n|-activate|p2b: Mega Man X|move: Protect\n|-damage|p2a: Amelia Bedelia|45\/100\n|move|p2a: Amelia Bedelia|Trick Room|p2a: Amelia Bedelia\n|-fieldstart|move: Trick Room|[of] p2a: Amelia Bedelia\n|\n|upkeep\n|turn|3\n|inactive|Joojosias has 120 seconds left.\n|\n|t:|1699755587\n|switch|p1b: Farigiraf|Farigiraf, M|100\/100\n|move|p2a: Amelia Bedelia|Helping Hand|p2b: Mega Man X\n|-singleturn|p2b: Mega Man X|Helping Hand|[of] p2a: Amelia Bedelia\n|move|p2b: Mega Man X|Expanding Force|p1b: Farigiraf|[spread] p1a,p1b\n|-resisted|p1b: Farigiraf\n|-damage|p1a: Tornadus|0 fnt\n|-damage|p1b: Farigiraf|42\/100\n|faint|p1a: Tornadus\n|-damage|p2b: Mega Man X|71\/100|[from] item: Life Orb\n|\n|-heal|p1b: Farigiraf|48\/100|[from] item: Leftovers\n|upkeep\n|inactive|Joojosias has 120 seconds left.\n|\n|t:|1699755620\n|switch|p1a: Gholdengo|Gholdengo|100\/100\n|turn|4\n|\n|t:|1699755624\n|move|p2a: Amelia Bedelia|Helping Hand|p2b: Mega Man X\n|-singleturn|p2b: Mega Man X|Helping Hand|[of] p2a: Amelia Bedelia\n|move|p1b: Farigiraf|Protect|p1b: Farigiraf\n|-singleturn|p1b: Farigiraf|Protect\n|move|p1a: Gholdengo|Protect|p1a: Gholdengo\n|-singleturn|p1a: Gholdengo|Protect\n|move|p2b: Mega Man X|Heat Wave|p1a: Gholdengo|[spread] \n|-activate|p1a: Gholdengo|move: Protect\n|-activate|p1b: Farigiraf|move: Protect\n|\n|-heal|p1b: Farigiraf|54\/100|[from] item: Leftovers\n|-sideend|p1: Joojosias|move: Tailwind\n|upkeep\n|turn|5\n|\n|t:|1699755645\n|move|p2a: Amelia Bedelia|Helping Hand|p2b: Mega Man X\n|-singleturn|p2b: Mega Man X|Helping Hand|[of] p2a: Amelia Bedelia\n|move|p2b: Mega Man X|Heat Wave|p1a: Gholdengo|[spread] p1a,p1b\n|-supereffective|p1a: Gholdengo\n|-crit|p1a: Gholdengo\n|-damage|p1a: Gholdengo|0 fnt\n|-damage|p1b: Farigiraf|0 fnt\n|faint|p1a: Gholdengo\n|faint|p1b: Farigiraf\n|-damage|p2b: Mega Man X|61\/100|[from] item: Life Orb\n|\n|-fieldend|move: Psychic Terrain\n|upkeep\n|inactive|Joojosias has 120 seconds left.\n|\n|t:|1699755657\n|switch|p1b: Kommo-o|Kommo-o, F|100\/100\n|switch|p1a: Flutter Mane|Flutter Mane|100\/100\n|-enditem|p1a: Flutter Mane|Booster Energy\n|-activate|p1a: Flutter Mane|ability: Protosynthesis|[fromitem]\n|-start|p1a: Flutter Mane|protosynthesisspa\n|turn|6\n|\n|t:|1699755664\n|move|p2a: Amelia Bedelia|Helping Hand|p2b: Mega Man X\n|-singleturn|p2b: Mega Man X|Helping Hand|[of] p2a: Amelia Bedelia\n|move|p1b: Kommo-o|Protect|p1b: Kommo-o\n|-singleturn|p1b: Kommo-o|Protect\n|move|p1a: Flutter Mane|Protect|p1a: Flutter Mane\n|-singleturn|p1a: Flutter Mane|Protect\n|move|p2b: Mega Man X|Heat Wave|p1b: Kommo-o|[spread] \n|-activate|p1a: Flutter Mane|move: Protect\n|-activate|p1b: Kommo-o|move: Protect\n|\n|-fieldend|move: Trick Room\n|upkeep\n|turn|7\n|\n|t:|1699755679\n|move|p1a: Flutter Mane|Dazzling Gleam|p2a: Amelia Bedelia|[spread] p2a,p2b\n|-damage|p2a: Amelia Bedelia|8\/100\n|-damage|p2b: Mega Man X|14\/100\n|move|p1b: Kommo-o|Clanging Scales|p2a: Amelia Bedelia|[spread] p2a,p2b\n|-damage|p2a: Amelia Bedelia|0 fnt\n|-damage|p2b: Mega Man X|0 fnt\n|faint|p2a: Amelia Bedelia\n|faint|p2b: Mega Man X\n|-unboost|p1b: Kommo-o|def|1\n|-enditem|p1b: Kommo-o|Throat Spray\n|-boost|p1b: Kommo-o|spa|1|[from] item: Throat Spray\n|\n|upkeep\n|\n|t:|1699755692\n|switch|p2a: Stoney J.|Stonjourner, F|100\/100\n|switch|p2b: String Cheese|Gholdengo|100\/100\n|turn|8\n|\n|t:|1699755701\n|move|p1a: Flutter Mane|Protect|p1a: Flutter Mane\n|-singleturn|p1a: Flutter Mane|Protect\n|move|p2a: Stoney J.|Wide Guard|p2a: Stoney J.\n|-singleturn|p2a: Stoney J.|Wide Guard\n|move|p1b: Kommo-o|Clangorous Soul|p1b: Kommo-o\n|-boost|p1b: Kommo-o|atk|1\n|-boost|p1b: Kommo-o|def|1\n|-boost|p1b: Kommo-o|spa|1\n|-boost|p1b: Kommo-o|spd|1\n|-boost|p1b: Kommo-o|spe|1\n|-damage|p1b: Kommo-o|68\/100\n|move|p2b: String Cheese|Make It Rain|p1a: Flutter Mane|[spread] p1b\n|-activate|p1a: Flutter Mane|move: Protect\n|-damage|p1b: Kommo-o|0 fnt\n|-unboost|p2b: String Cheese|spa|1\n|faint|p1b: Kommo-o\n|\n|upkeep\n|\n|t:|1699755718\n|switch|p1b: Landorus|Landorus-Therian, M|100\/100\n|-ability|p1b: Landorus|Intimidate|boost\n|-unboost|p2a: Stoney J.|atk|1\n|-unboost|p2b: String Cheese|atk|1\n|turn|9\n|\n|t:|1699755727\n|move|p2a: Stoney J.|Wide Guard|p2a: Stoney J.\n|-singleturn|p2a: Stoney J.|Wide Guard\n|move|p1a: Flutter Mane|Shadow Ball|p2b: String Cheese\n|-supereffective|p2b: String Cheese\n|-damage|p2b: String Cheese|4\/100\n|move|p1b: Landorus|Stomping Tantrum|p2a: Stoney J.\n|-supereffective|p2a: Stoney J.\n|-damage|p2a: Stoney J.|36\/100\n|move|p2b: String Cheese|Make It Rain|p1a: Flutter Mane|[spread] p1a,p1b\n|-supereffective|p1a: Flutter Mane\n|-crit|p1b: Landorus\n|-damage|p1a: Flutter Mane|0 fnt\n|-damage|p1b: Landorus|0 fnt\n|-unboost|p2b: String Cheese|spa|1\n|faint|p1a: Flutter Mane\n|-end|p1a: Flutter Mane|Protosynthesis|[silent]\n|faint|p1b: Landorus\n|\n|win|Mr.X&Y97\n|raw|Joojosias's rating: 1541 &rarr; <strong>1527<\/strong><br \/>(-14 for losing)\n|raw|Mr.X&amp;Y97's rating: 1657 &rarr; <strong>1671<\/strong><br \/>(+14 for winning)\n|l|\u2606Joojosias\n","uploadtime":1699755745,"views":10,"p1id":"joojosias","p2id":"mrxy97","formatid":"gen9doublesou","rating":1527,"private":0,"password":""}