{"id":"gen9doublesou-1995555943","p1":"Messy fighter","p2":"Comic Acme","format":"[Gen 9] Doubles OU","log":"|j|\u2606Messy fighter\n|j|\u2606Comic Acme\n|t:|1700582542\n|gametype|doubles\n|player|p1|Messy fighter|swimmer-gen4dp|1497\n|player|p2|Comic Acme|169|1469\n|teamsize|p1|6\n|teamsize|p2|6\n|gen|9\n|tier|[Gen 9] Doubles OU\n|rated|\n|rule|Species Clause: Limit one of each Pok\u00e9mon\n|rule|OHKO Clause: OHKO moves are banned\n|rule|Evasion Moves Clause: Evasion moves are banned\n|rule|Gravity Sleep Clause: The combination of sleep-inducing moves with imperfect accuracy and Gravity or Gigantamax Orbeetle are banned\n|rule|Endless Battle Clause: Forcing endless battles is banned\n|rule|HP Percentage Mod: HP is shown in percentages\n|clearpoke\n|poke|p1|Iron Hands|\n|poke|p1|Cresselia, F|\n|poke|p1|Ursaluna-Bloodmoon, M|\n|poke|p1|Roaring Moon|\n|poke|p1|Farigiraf, M|\n|poke|p1|Basculegion-F, F|\n|poke|p2|Gliscor, F|\n|poke|p2|Arcanine, M|\n|poke|p2|Iron Hands|\n|poke|p2|Flutter Mane|\n|poke|p2|Tornadus, M|\n|poke|p2|Walking Wake|\n|teampreview\n|inactive|Battle timer is ON: inactive players will automatically lose when time's up. (requested by Messy fighter)\n|\n|t:|1700582583\n|start\n|switch|p1a: Cresselia|Cresselia, F|100\/100\n|switch|p1b: Ursaluna|Ursaluna-Bloodmoon, M|100\/100\n|switch|p2a: Tornadus|Tornadus, M|100\/100\n|switch|p2b: Walking Wake|Walking Wake|100\/100\n|turn|1\n|\n|t:|1700582598\n|-terastallize|p1b: Ursaluna|Grass\n|move|p2a: Tornadus|Taunt|p1a: Cresselia\n|-start|p1a: Cresselia|move: Taunt\n|-enditem|p1a: Cresselia|Mental Herb\n|-end|p1a: Cresselia|move: Taunt\n|move|p2b: Walking Wake|Scald|p1b: Ursaluna\n|-resisted|p1b: Ursaluna\n|-damage|p1b: Ursaluna|69\/100\n|-status|p1b: Ursaluna|brn\n|move|p1b: Ursaluna|Calm Mind|p1b: Ursaluna\n|-boost|p1b: Ursaluna|spa|1\n|-boost|p1b: Ursaluna|spd|1\n|move|p1a: Cresselia|Trick Room|p1a: Cresselia\n|-fieldstart|move: Trick Room|[of] p1a: Cresselia\n|\n|-damage|p1b: Ursaluna|63\/100 brn|[from] brn\n|upkeep\n|turn|2\n|inactive|Comic Acme has 120 seconds left.\n|\n|t:|1700582638\n|-end|p2b: Walking Wake|Protosynthesis|[silent]\n|switch|p2b: Gliscor|Gliscor, F|100\/100\n|move|p1b: Ursaluna|Moonblast|p2b: Gliscor\n|-damage|p2b: Gliscor|36\/100\n|-unboost|p2b: Gliscor|spa|1\n|move|p1a: Cresselia|Lunar Blessing|p1a: Cresselia|[spread] p1a,p1b\n|-heal|p1b: Ursaluna|88\/100 brn\n|-curestatus|p1b: Ursaluna|brn|[msg]\n|move|p2a: Tornadus|Bleakwind Storm|p1a: Cresselia|[spread] p1a,p1b\n|-supereffective|p1b: Ursaluna\n|-damage|p1a: Cresselia|84\/100\n|-damage|p1b: Ursaluna|31\/100\n|\n|-status|p2b: Gliscor|tox|[from] item: Toxic Orb\n|upkeep\n|turn|3\n|inactive|Comic Acme has 120 seconds left.\n|\n|t:|1700582657\n|move|p2b: Gliscor|Protect|p2b: Gliscor\n|-singleturn|p2b: Gliscor|Protect\n|move|p1b: Ursaluna|Blood Moon|p2a: Tornadus\n|-damage|p2a: Tornadus|0 fnt\n|faint|p2a: Tornadus\n|move|p1a: Cresselia|Lunar Blessing|p1a: Cresselia|[spread] p1a,p1b\n|-heal|p1a: Cresselia|100\/100\n|-heal|p1b: Ursaluna|56\/100\n|\n|-heal|p2b: Gliscor|49\/100 tox|[from] ability: Poison Heal\n|upkeep\n|inactive|Comic Acme has 120 seconds left.\n|\n|t:|1700582670\n|switch|p2a: Arcanine|Arcanine, M|100\/100\n|-ability|p2a: Arcanine|Intimidate|boost\n|-unboost|p1a: Cresselia|atk|1\n|-unboost|p1b: Ursaluna|atk|1\n|turn|4\n|inactive|Messy fighter has 120 seconds left.\n|\n|t:|1700582706\n|move|p1b: Ursaluna|Moonblast|p2b: Gliscor\n|-crit|p2b: Gliscor\n|-damage|p2b: Gliscor|0 fnt\n|faint|p2b: Gliscor\n|move|p2a: Arcanine|Flare Blitz|p1b: Ursaluna\n|-supereffective|p1b: Ursaluna\n|-damage|p1b: Ursaluna|0 fnt\n|faint|p1b: Ursaluna\n|-damage|p2a: Arcanine|79\/100|[from] Recoil\n|move|p1a: Cresselia|Trick Room|p1a: Cresselia\n|-fieldend|move: Trick Room\n|\n|upkeep\n|\n|t:|1700582728\n|switch|p2b: Flutter Mane|Flutter Mane|100\/100\n|switch|p1b: Roaring Moon|Roaring Moon|100\/100\n|-enditem|p2b: Flutter Mane|Booster Energy\n|-activate|p2b: Flutter Mane|ability: Protosynthesis|[fromitem]\n|-start|p2b: Flutter Mane|protosynthesisspa\n|turn|5\n|\n|t:|1700582740\n|move|p1a: Cresselia|Helping Hand|p1b: Roaring Moon\n|-singleturn|p1b: Roaring Moon|Helping Hand|[of] p1a: Cresselia\n|move|p1b: Roaring Moon|Rock Slide|p2b: Flutter Mane|[spread] p2a,p2b\n|-supereffective|p2a: Arcanine\n|-damage|p2a: Arcanine|13\/100\n|-damage|p2b: Flutter Mane|32\/100\n|cant|p2b: Flutter Mane|flinch\n|move|p2a: Arcanine|Close Combat|p1b: Roaring Moon\n|-supereffective|p1b: Roaring Moon\n|-damage|p1b: Roaring Moon|0 fnt\n|-unboost|p2a: Arcanine|def|1\n|-unboost|p2a: Arcanine|spd|1\n|faint|p1b: Roaring Moon\n|-end|p1b: Roaring Moon|Protosynthesis|[silent]\n|\n|upkeep\n|\n|t:|1700582754\n|switch|p1b: Basculegion|Basculegion-F, F|100\/100\n|turn|6\n|\n|t:|1700582766\n|move|p1b: Basculegion|Aqua Jet|p2b: Flutter Mane\n|-damage|p2b: Flutter Mane|0 fnt\n|faint|p2b: Flutter Mane\n|-end|p2b: Flutter Mane|Protosynthesis|[silent]\n|move|p2a: Arcanine|Wild Charge|p1b: Basculegion\n|-supereffective|p1b: Basculegion\n|-damage|p1b: Basculegion|41\/100\n|-damage|p2a: Arcanine|0 fnt|[from] Recoil\n|faint|p2a: Arcanine\n|move|p1a: Cresselia|Trick Room|p1a: Cresselia\n|-fieldstart|move: Trick Room|[of] p1a: Cresselia\n|\n|upkeep\n|\n|t:|1700582782\n|switch|p2a: Iron Hands|Iron Hands|100\/100\n|switch|p2b: Walking Wake|Walking Wake|100\/100\n|turn|7\n|\n|t:|1700582798\n|-terastallize|p2a: Iron Hands|Grass\n|move|p2a: Iron Hands|Swords Dance|p2a: Iron Hands\n|-boost|p2a: Iron Hands|atk|2\n|move|p1b: Basculegion|Psychic Fangs|p2a: Iron Hands\n|-damage|p2a: Iron Hands|85\/100\n|move|p1a: Cresselia|Moonblast|p2a: Iron Hands\n|-crit|p2a: Iron Hands\n|-damage|p2a: Iron Hands|64\/100\n|move|p2b: Walking Wake|Scald|p1a: Cresselia\n|-damage|p1a: Cresselia|71\/100\n|\n|-heal|p2a: Iron Hands|71\/100|[from] item: Leftovers\n|upkeep\n|turn|8\n|\n|t:|1700582821\n|move|p2a: Iron Hands|Thunder Punch|p1b: Basculegion\n|-supereffective|p1b: Basculegion\n|-damage|p1b: Basculegion|0 fnt\n|faint|p1b: Basculegion\n|move|p1a: Cresselia|Moonblast|p2b: Walking Wake\n|-supereffective|p2b: Walking Wake\n|-damage|p2b: Walking Wake|60\/100\n|move|p2b: Walking Wake|Scald|p1a: Cresselia\n|-damage|p1a: Cresselia|40\/100\n|\n|-heal|p2a: Iron Hands|77\/100|[from] item: Leftovers\n|upkeep\n|\n|t:|1700582832\n|switch|p1b: Iron Hands|Iron Hands|100\/100\n|-enditem|p1b: Iron Hands|Booster Energy\n|-activate|p1b: Iron Hands|ability: Quark Drive|[fromitem]\n|-start|p1b: Iron Hands|quarkdriveatk\n|turn|9\n|\n|t:|1700582841\n|move|p1a: Cresselia|Helping Hand|p1b: Iron Hands\n|-singleturn|p1b: Iron Hands|Helping Hand|[of] p1a: Cresselia\n|move|p1b: Iron Hands|Ice Punch|p2a: Iron Hands\n|-supereffective|p2a: Iron Hands\n|-damage|p2a: Iron Hands|8\/100\n|move|p2a: Iron Hands|Drain Punch|p1b: Iron Hands\n|-damage|p1b: Iron Hands|45\/100\n|-heal|p2a: Iron Hands|36\/100|[from] drain|[of] p1b: Iron Hands\n|move|p2b: Walking Wake|Scald|p1a: Cresselia\n|-damage|p1a: Cresselia|10\/100\n|\n|-heal|p2a: Iron Hands|42\/100|[from] item: Leftovers\n|upkeep\n|turn|10\n|\n|t:|1700582857\n|move|p1a: Cresselia|Helping Hand|p1b: Iron Hands\n|-singleturn|p1b: Iron Hands|Helping Hand|[of] p1a: Cresselia\n|move|p1b: Iron Hands|Drain Punch|p2a: Iron Hands\n|-damage|p2a: Iron Hands|0 fnt\n|-heal|p1b: Iron Hands|66\/100|[from] drain|[of] p2a: Iron Hands\n|faint|p2a: Iron Hands\n|-end|p2a: Iron Hands|Quark Drive|[silent]\n|move|p2b: Walking Wake|Scald|p1a: Cresselia\n|-damage|p1a: Cresselia|0 fnt\n|faint|p1a: Cresselia\n|\n|-fieldend|move: Trick Room\n|upkeep\n|\n|t:|1700582866\n|switch|p1a: Farigiraf|Farigiraf, M|100\/100\n|turn|11\n|\n|t:|1700582879\n|move|p1a: Farigiraf|Ally Switch|p1a: Farigiraf\n|swap|p1a: Farigiraf|1|[from] move: Ally Switch\n|move|p2b: Walking Wake|Scald|p1a: Iron Hands\n|-damage|p1a: Iron Hands|8\/100\n|move|p1a: Iron Hands|Drain Punch|p2b: Walking Wake\n|-damage|p2b: Walking Wake|0 fnt\n|-heal|p1a: Iron Hands|29\/100|[from] drain|[of] p2b: Walking Wake\n|faint|p2b: Walking Wake\n|-end|p2b: Walking Wake|Protosynthesis|[silent]\n|\n|win|Messy fighter\n|raw|Messy fighter's rating: 1497 &rarr; <strong>1515<\/strong><br \/>(+18 for winning)\n|raw|Comic Acme's rating: 1469 &rarr; <strong>1451<\/strong><br \/>(-18 for losing)\n|l|\u2606Comic Acme\n|c|\u2606Messy fighter|Gg\n","uploadtime":1700582897,"views":1,"p1id":"messyfighter","p2id":"comicacme","formatid":"gen9doublesou","rating":1451,"private":0,"password":""}