{"id":"gen9doublesou-1973942855","p1":"lotus2233","p2":"Abowlofmagnemites","format":"[Gen 9] Doubles OU","log":"|j|\u2606lotus2233\n|j|\u2606Abowlofmagnemites\n|t:|1698030961\n|gametype|doubles\n|player|p1|lotus2233|li|1116\n|player|p2|Abowlofmagnemites|plasmagruntf-gen5bw|1079\n|teamsize|p1|6\n|teamsize|p2|6\n|gen|9\n|tier|[Gen 9] Doubles OU\n|rated|\n|rule|Species Clause: Limit one of each Pok\u00e9mon\n|rule|OHKO Clause: OHKO moves are banned\n|rule|Evasion Moves Clause: Evasion moves are banned\n|rule|Gravity Sleep Clause: The combination of sleep-inducing moves with imperfect accuracy and Gravity or Gigantamax Orbeetle are banned\n|rule|Endless Battle Clause: Forcing endless battles is banned\n|rule|HP Percentage Mod: HP is shown in percentages\n|clearpoke\n|poke|p1|Sinistcha-Masterpiece|\n|poke|p1|Kingambit, F|\n|poke|p1|Hatterene, F|\n|poke|p1|Torkoal, M|\n|poke|p1|Vikavolt, F|\n|poke|p1|Rillaboom, F|\n|poke|p2|Furret, F|\n|poke|p2|Slowbro-Galar, F|\n|poke|p2|Volcanion|\n|poke|p2|Ceruledge, F|\n|poke|p2|Ambipom, M|\n|poke|p2|Shaymin-Sky|\n|teampreview\n|\n|t:|1698030977\n|start\n|switch|p1a: Rillaboom|Rillaboom, F|100\/100\n|switch|p1b: Hatterene|Hatterene, F|100\/100\n|switch|p2a: Furret|Furret, F|100\/100\n|switch|p2b: Slowbro|Slowbro-Galar, F|100\/100\n|-fieldstart|move: Grassy Terrain|[from] ability: Grassy Surge|[of] p1a: Rillaboom\n|turn|1\n|inactive|Battle timer is ON: inactive players will automatically lose when time's up. (requested by Abowlofmagnemites)\n|\n|t:|1698031013\n|move|p2a: Furret|Tidy Up|p2a: Furret\n|-boost|p2a: Furret|atk|1\n|-boost|p2a: Furret|spe|1\n|move|p1a: Rillaboom|Seed Bomb|p2b: Slowbro\n|-resisted|p2b: Slowbro\n|-damage|p2b: Slowbro|68\/100\n|-damage|p1a: Rillaboom|91\/100|[from] item: Life Orb\n|move|p2b: Slowbro|Nasty Plot|p2b: Slowbro\n|-boost|p2b: Slowbro|spa|2\n|move|p1b: Hatterene|Trick Room|p1b: Hatterene\n|-fieldstart|move: Trick Room|[of] p1b: Hatterene\n|\n|-heal|p2b: Slowbro|74\/100|[from] Grassy Terrain\n|-heal|p1a: Rillaboom|97\/100|[from] Grassy Terrain\n|upkeep\n|turn|2\n|inactiveoff|Battle timer is now OFF.\n|\n|t:|1698031039\n|move|p1b: Hatterene|Calm Mind|p1b: Hatterene\n|-boost|p1b: Hatterene|spa|1\n|-boost|p1b: Hatterene|spd|1\n|move|p2b: Slowbro|Shell Side Arm|p1b: Hatterene|[anim] Shell Side Arm Special\n|-supereffective|p1b: Hatterene\n|-damage|p1b: Hatterene|13\/100\n|-hint|Special Shell Side Arm\n|move|p1a: Rillaboom|Knock Off|p2a: Furret\n|-damage|p2a: Furret|29\/100\n|-enditem|p2a: Furret|Focus Sash|[from] move: Knock Off|[of] p1a: Rillaboom\n|-damage|p1a: Rillaboom|87\/100|[from] item: Life Orb\n|move|p2a: Furret|Coil|p2a: Furret\n|-boost|p2a: Furret|atk|1\n|-boost|p2a: Furret|def|1\n|-boost|p2a: Furret|accuracy|1\n|\n|-heal|p1b: Hatterene|19\/100|[from] Grassy Terrain\n|-heal|p1b: Hatterene|25\/100|[from] item: Leftovers\n|-heal|p2b: Slowbro|80\/100|[from] Grassy Terrain\n|-heal|p1a: Rillaboom|93\/100|[from] Grassy Terrain\n|-heal|p2a: Furret|36\/100|[from] Grassy Terrain\n|upkeep\n|turn|3\n|-activate|p2b: Slowbro|item: Quick Claw\n|\n|t:|1698031075\n|-terastallize|p2b: Slowbro|Dark\n|move|p2b: Slowbro|Shell Side Arm|p1a: Rillaboom|[anim] Shell Side Arm Special\n|-supereffective|p1a: Rillaboom\n|-damage|p1a: Rillaboom|0 fnt\n|-hint|Special Shell Side Arm\n|faint|p1a: Rillaboom\n|move|p1b: Hatterene|Draining Kiss|p2a: Furret\n|-damage|p2a: Furret|0 fnt\n|-heal|p1b: Hatterene|51\/100|[from] drain|[of] p2a: Furret\n|faint|p2a: Furret\n|\n|-heal|p1b: Hatterene|57\/100|[from] Grassy Terrain\n|-heal|p1b: Hatterene|63\/100|[from] item: Leftovers\n|-heal|p2b: Slowbro|86\/100|[from] Grassy Terrain\n|upkeep\n|\n|t:|1698031092\n|switch|p1a: Torkoal|Torkoal, M|100\/100\n|switch|p2a: Ambipom|Ambipom, M|100\/100\n|-weather|SunnyDay|[from] ability: Drought|[of] p1a: Torkoal\n|turn|4\n|-activate|p2b: Slowbro|ability: Quick Draw\n|\n|t:|1698031111\n|switch|p1b: Sinistcha|Sinistcha-Masterpiece|100\/100\n|move|p2a: Ambipom|Fake Out|p1a: Torkoal\n|-damage|p1a: Torkoal|78\/100\n|move|p2b: Slowbro|Shell Side Arm|p1a: Torkoal|[anim] Shell Side Arm Special\n|-damage|p1a: Torkoal|0 fnt\n|-hint|Special Shell Side Arm\n|faint|p1a: Torkoal\n|\n|-weather|SunnyDay|[upkeep]\n|-heal|p2b: Slowbro|92\/100|[from] Grassy Terrain\n|upkeep\n|\n|t:|1698031137\n|switch|p1a: Vikavolt|Vikavolt, F|100\/100\n|turn|5\n|\n|t:|1698031160\n|switch|p2a: Volcanion|Volcanion|100\/100\n|move|p2b: Slowbro|Shell Side Arm|p1a: Vikavolt|[anim] Shell Side Arm Special\n|-damage|p1a: Vikavolt|2\/100\n|-hint|Special Shell Side Arm\n|move|p1a: Vikavolt|Bug Buzz|p2b: Slowbro\n|-supereffective|p2b: Slowbro\n|-damage|p2b: Slowbro|0 fnt\n|faint|p2b: Slowbro\n|move|p1b: Sinistcha|Strength Sap|p2a: Volcanion\n|-unboost|p2a: Volcanion|atk|1\n|\n|-weather|SunnyDay|[upkeep]\n|-fieldend|move: Trick Room\n|-fieldend|move: Grassy Terrain\n|upkeep\n|\n|t:|1698031176\n|switch|p2b: Ambipom|Ambipom, M|100\/100\n|turn|6\n|\n|t:|1698031191\n|move|p2b: Ambipom|Fake Out|p1a: Vikavolt\n|-damage|p1a: Vikavolt|0 fnt\n|faint|p1a: Vikavolt\n|move|p2a: Volcanion|Flamethrower|p1b: Sinistcha\n|-supereffective|p1b: Sinistcha\n|-damage|p1b: Sinistcha|0 fnt\n|faint|p1b: Sinistcha\n|\n|-weather|SunnyDay|[upkeep]\n|upkeep\n|\n|t:|1698031201\n|switch|p1b: Hatterene|Hatterene, F|63\/100\n|switch|p1a: Kingambit|Kingambit, F|100\/100\n|-activate|p1a: Kingambit|ability: Supreme Overlord\n|-start|p1a: Kingambit|fallen4|[silent]\n|turn|7\n|\n|t:|1698031218\n|move|p1a: Kingambit|Sucker Punch|p2b: Ambipom\n|-damage|p2b: Ambipom|7\/100\n|move|p2b: Ambipom|Brick Break|p1a: Kingambit\n|-supereffective|p1a: Kingambit\n|-damage|p1a: Kingambit|34\/100\n|move|p2a: Volcanion|Flamethrower|p1a: Kingambit\n|-supereffective|p1a: Kingambit\n|-damage|p1a: Kingambit|0 fnt\n|faint|p1a: Kingambit\n|-end|p1a: Kingambit|fallen4|[silent]\n|move|p1b: Hatterene|Trick Room|p1b: Hatterene\n|-fieldstart|move: Trick Room|[of] p1b: Hatterene\n|\n|-weather|SunnyDay|[upkeep]\n|-heal|p1b: Hatterene|69\/100|[from] item: Leftovers\n|upkeep\n|turn|8\n|-message|lotus2233 forfeited.\n|\n|win|Abowlofmagnemites\n|raw|lotus2233's rating: 1116 &rarr; <strong>1088<\/strong><br \/>(-28 for losing)\n|raw|Abowlofmagnemites's rating: 1079 &rarr; <strong>1110<\/strong><br \/>(+31 for winning)\n|l|\u2606lotus2233\n","uploadtime":1698031241,"views":13,"p1id":"lotus2233","p2id":"abowlofmagnemites","formatid":"gen9doublesou","rating":1088,"private":0,"password":""}