{"id":"gen9doublesou-1993527963","p1":"Kiky14","p2":"Ger0o","format":"[Gen 9] Doubles OU","log":"|j|\u2606Kiky14\n|j|\u2606Ger0o\n|t:|1700328297\n|gametype|doubles\n|player|p1|Kiky14|hilda-wonderlauncher|1358\n|player|p2|Ger0o|clerk|1233\n|teamsize|p1|6\n|teamsize|p2|6\n|gen|9\n|tier|[Gen 9] Doubles OU\n|rated|\n|rule|Species Clause: Limit one of each Pok\u00e9mon\n|rule|OHKO Clause: OHKO moves are banned\n|rule|Evasion Moves Clause: Evasion moves are banned\n|rule|Gravity Sleep Clause: The combination of sleep-inducing moves with imperfect accuracy and Gravity or Gigantamax Orbeetle are banned\n|rule|Endless Battle Clause: Forcing endless battles is banned\n|rule|HP Percentage Mod: HP is shown in percentages\n|clearpoke\n|poke|p1|Sinistcha|\n|poke|p1|Moltres-Galar|\n|poke|p1|Arcanine-Hisui, F|\n|poke|p1|Ogerpon-Wellspring, F|\n|poke|p1|Klefki, F|\n|poke|p1|Okidogi, M|\n|poke|p2|Tornadus, M|\n|poke|p2|Chien-Pao|\n|poke|p2|Flutter Mane|\n|poke|p2|Heatran, M|\n|poke|p2|Roaring Moon|\n|poke|p2|Ursaluna-Bloodmoon, M|\n|teampreview\n|l|\u2606Kiky14\n|player|p1|\n|j|\u2606Kiky14\n|player|p1|Kiky14|hilda-wonderlauncher\n|inactive|Battle timer is ON: inactive players will automatically lose when time's up. (requested by Ger0o)\n|l|\u2606Kiky14\n|inactive|Kiky14 disconnected and has a minute to reconnect!\n|player|p1|\n|c|\u2606Ger0o|?\n|j|\u2606Kiky14\n|inactive|Kiky14 reconnected and has 135 seconds left.\n|player|p1|Kiky14|hilda-wonderlauncher\n|\n|t:|1700328392\n|start\n|switch|p1a: Klefki|Klefki, F|100\/100\n|switch|p1b: Arcanine|Arcanine-Hisui, F|100\/100\n|switch|p2a: Tornadus|Tornadus, M, shiny|100\/100\n|switch|p2b: Flutter Mane|Flutter Mane|100\/100\n|-ability|p1b: Arcanine|Intimidate|boost\n|-unboost|p2a: Tornadus|atk|1\n|-unboost|p2b: Flutter Mane|atk|1\n|turn|1\n|\n|t:|1700328415\n|move|p2a: Tornadus|Taunt|p1a: Klefki\n|-start|p1a: Klefki|move: Taunt\n|cant|p1a: Klefki|move: Taunt|Light Screen\n|move|p2b: Flutter Mane|Icy Wind|p1a: Klefki|[spread] p1a\n|-miss|p2b: Flutter Mane|p1b: Arcanine\n|-resisted|p1a: Klefki\n|-damage|p1a: Klefki|92\/100\n|-unboost|p1a: Klefki|spe|1\n|move|p1b: Arcanine|Rock Slide|p2b: Flutter Mane|[spread] p2a,p2b\n|-supereffective|p2a: Tornadus\n|-damage|p2a: Tornadus|29\/100\n|-damage|p2b: Flutter Mane|52\/100\n|\n|upkeep\n|turn|2\n|\n|t:|1700328436\n|move|p2a: Tornadus|Sunny Day|p2a: Tornadus\n|-weather|SunnyDay\n|-activate|p2b: Flutter Mane|ability: Protosynthesis\n|-start|p2b: Flutter Mane|protosynthesisspa\n|move|p2b: Flutter Mane|Shadow Ball|p1b: Arcanine\n|-damage|p1b: Arcanine|33\/100\n|-enditem|p1b: Arcanine|Sitrus Berry|[eat]\n|-heal|p1b: Arcanine|57\/100|[from] item: Sitrus Berry\n|move|p1b: Arcanine|Rock Slide|p2a: Tornadus|[spread] p2a,p2b\n|-supereffective|p2a: Tornadus\n|-damage|p2a: Tornadus|0 fnt\n|-damage|p2b: Flutter Mane|0 fnt\n|faint|p2a: Tornadus\n|faint|p2b: Flutter Mane\n|-end|p2b: Flutter Mane|Protosynthesis|[silent]\n|move|p1a: Klefki|Dazzling Gleam|p2: Tornadus|[notarget]\n|-fail|p1a: Klefki\n|\n|-weather|SunnyDay|[upkeep]\n|upkeep\n|inactive|Ger0o has 120 seconds left.\n|\n|t:|1700328454\n|switch|p2b: Chien-Pao|Chien-Pao|100\/100\n|switch|p2a: Roaring Moon|Roaring Moon|100\/100\n|-ability|p2b: Chien-Pao|Sword of Ruin\n|-activate|p2a: Roaring Moon|ability: Protosynthesis\n|-start|p2a: Roaring Moon|protosynthesisatk\n|turn|3\n|\n|t:|1700328482\n|-terastallize|p2a: Roaring Moon|Flying\n|move|p1b: Arcanine|Protect|p1b: Arcanine\n|-singleturn|p1b: Arcanine|Protect\n|move|p2b: Chien-Pao|Sacred Sword|p1b: Arcanine\n|-activate|p1b: Arcanine|move: Protect\n|move|p2a: Roaring Moon|Dragon Dance|p2a: Roaring Moon\n|-boost|p2a: Roaring Moon|atk|1\n|-boost|p2a: Roaring Moon|spe|1\n|move|p1a: Klefki|Dazzling Gleam|p2a: Roaring Moon|[spread] p2a,p2b\n|-supereffective|p2b: Chien-Pao\n|-damage|p2a: Roaring Moon|83\/100\n|-damage|p2b: Chien-Pao|40\/100\n|\n|-weather|SunnyDay|[upkeep]\n|-end|p1a: Klefki|move: Taunt\n|upkeep\n|turn|4\n|inactive|Ger0o has 120 seconds left.\n|\n|t:|1700328513\n|switch|p1b: Sinistcha|Sinistcha|100\/100\n|-heal|p1a: Klefki|100\/100|[from] ability: Hospitality|[of] p1b: Sinistcha\n|move|p1a: Klefki|Reflect|p1a: Klefki\n|-sidestart|p1: Kiky14|Reflect\n|move|p2a: Roaring Moon|Crunch|p1b: Sinistcha\n|-supereffective|p1b: Sinistcha\n|-damage|p1b: Sinistcha|0 fnt\n|faint|p1b: Sinistcha\n|move|p2b: Chien-Pao|Sacred Sword|p1a: Klefki\n|-damage|p1a: Klefki|71\/100\n|-damage|p2b: Chien-Pao|30\/100|[from] item: Life Orb\n|\n|-weather|SunnyDay|[upkeep]\n|upkeep\n|\n|t:|1700328527\n|switch|p1b: Arcanine|Arcanine-Hisui, F|57\/100\n|-ability|p1b: Arcanine|Intimidate|boost\n|-unboost|p2a: Roaring Moon|atk|1\n|-unboost|p2b: Chien-Pao|atk|1\n|turn|5\n|\n|t:|1700328539\n|move|p1a: Klefki|Thunder Wave|p2a: Roaring Moon\n|-status|p2a: Roaring Moon|par\n|move|p2b: Chien-Pao|Sacred Sword|p1a: Klefki\n|-damage|p1a: Klefki|49\/100\n|-damage|p2b: Chien-Pao|20\/100|[from] item: Life Orb\n|move|p1b: Arcanine|Rock Slide|p2a: Roaring Moon|[spread] p2a,p2b\n|-supereffective|p2a: Roaring Moon\n|-supereffective|p2b: Chien-Pao\n|-damage|p2a: Roaring Moon|3\/100 par\n|-damage|p2b: Chien-Pao|0 fnt\n|faint|p2b: Chien-Pao\n|move|p2a: Roaring Moon|Iron Head|p1a: Klefki\n|-damage|p1a: Klefki|24\/100\n|\n|-weather|SunnyDay|[upkeep]\n|upkeep\n|\n|t:|1700328553\n|switch|p2b: Heatran|Heatran, M|100\/100\n|-item|p2b: Heatran|Air Balloon\n|turn|6\n|\n|t:|1700328568\n|move|p1a: Klefki|Thunder Wave|p2b: Heatran\n|-status|p2b: Heatran|par\n|move|p1b: Arcanine|Snarl|p2b: Heatran|[spread] p2a,p2b\n|-crit|p2b: Heatran\n|-damage|p2a: Roaring Moon|0 fnt\n|-damage|p2b: Heatran|90\/100 par\n|-unboost|p2b: Heatran|spa|1\n|-enditem|p2b: Heatran|Air Balloon\n|faint|p2a: Roaring Moon\n|-end|p2a: Roaring Moon|Protosynthesis|[silent]\n|move|p2b: Heatran|Lava Plume|p1a: Klefki|[spread] p1a,p1b\n|-supereffective|p1a: Klefki\n|-resisted|p1b: Arcanine\n|-damage|p1a: Klefki|0 fnt\n|-damage|p1b: Arcanine|48\/100\n|faint|p1a: Klefki\n|\n|-weather|none\n|upkeep\n|\n|t:|1700328583\n|switch|p2a: Ursaluna|Ursaluna-Bloodmoon, M|100\/100\n|switch|p1a: Ogerpon|Ogerpon-Wellspring, F|100\/100\n|turn|7\n|\n|t:|1700328592\n|-terastallize|p1a: Ogerpon|Water\n|detailschange|p1a: Ogerpon|Ogerpon-Wellspring-Tera, F, tera:Water\n|-ability|p1a: Ogerpon|Embody Aspect (Wellspring)|boost\n|-boost|p1a: Ogerpon|spd|1\n|move|p1b: Arcanine|Snarl|p2b: Heatran|[spread] p2a,p2b\n|-damage|p2a: Ursaluna|91\/100\n|-damage|p2b: Heatran|82\/100 par\n|-unboost|p2a: Ursaluna|spa|1\n|-unboost|p2b: Heatran|spa|1\n|move|p1a: Ogerpon|Ivy Cudgel|p2b: Heatran|[anim] Ivy Cudgel Water\n|-supereffective|p2b: Heatran\n|-damage|p2b: Heatran|0 fnt\n|faint|p2b: Heatran\n|move|p2a: Ursaluna|Calm Mind|p2a: Ursaluna\n|-boost|p2a: Ursaluna|spa|1\n|-boost|p2a: Ursaluna|spd|1\n|\n|-heal|p2a: Ursaluna|97\/100|[from] item: Leftovers\n|upkeep\n|turn|8\n|-message|Ger0o forfeited.\n|\n|win|Kiky14\n|raw|Kiky14's rating: 1358 &rarr; <strong>1371<\/strong><br \/>(+13 for winning)\n|raw|Ger0o's rating: 1233 &rarr; <strong>1217<\/strong><br \/>(-16 for losing)\n|l|\u2606Ger0o\n","uploadtime":1700328643,"views":9,"p1id":"kiky14","p2id":"ger0o","formatid":"gen9doublesou","rating":1217,"private":0,"password":""}