{"id":"gen9doublesou-1992418171","p1":"Leecheater","p2":"Metal Jester","format":"[Gen 9] Doubles OU","log":"|j|\u2606Leecheater\n|j|\u2606Metal Jester\n|t:|1700185229\n|gametype|doubles\n|player|p1|Leecheater|hiker-gen4|1245\n|player|p2|Metal Jester|ingo|1290\n|teamsize|p1|6\n|teamsize|p2|6\n|gen|9\n|tier|[Gen 9] Doubles OU\n|rated|\n|rule|Species Clause: Limit one of each Pok\u00e9mon\n|rule|OHKO Clause: OHKO moves are banned\n|rule|Evasion Moves Clause: Evasion moves are banned\n|rule|Gravity Sleep Clause: The combination of sleep-inducing moves with imperfect accuracy and Gravity or Gigantamax Orbeetle are banned\n|rule|Endless Battle Clause: Forcing endless battles is banned\n|rule|HP Percentage Mod: HP is shown in percentages\n|clearpoke\n|poke|p1|Chi-Yu|\n|poke|p1|Iron Hands|\n|poke|p1|Roaring Moon|\n|poke|p1|Iron Bundle|\n|poke|p1|Sinistcha|\n|poke|p1|Landorus-Therian, M|\n|poke|p2|Scizor, M|\n|poke|p2|Scyther, M|\n|poke|p2|Kleavor, M|\n|poke|p2|Great Tusk|\n|poke|p2|Barraskewda, M|\n|poke|p2|Chien-Pao|\n|teampreview\n|inactive|Battle timer is ON: inactive players will automatically lose when time's up. (requested by Metal Jester)\n|\n|t:|1700185242\n|start\n|switch|p1a: Chi-Yu|Chi-Yu|100\/100\n|switch|p1b: Iron Hands|Iron Hands|100\/100\n|switch|p2a: Barraskewda|Barraskewda, M, shiny|100\/100\n|switch|p2b: Chien-Pao|Chien-Pao|100\/100\n|-ability|p2b: Chien-Pao|Sword of Ruin\n|-ability|p1a: Chi-Yu|Beads of Ruin\n|turn|1\n|\n|t:|1700185257\n|move|p1a: Chi-Yu|Protect|p1a: Chi-Yu\n|-singleturn|p1a: Chi-Yu|Protect\n|move|p1b: Iron Hands|Fake Out|p2b: Chien-Pao\n|-damage|p2b: Chien-Pao|81\/100\n|cant|p2b: Chien-Pao|flinch\n|move|p2a: Barraskewda|Waterfall|p1a: Chi-Yu\n|-activate|p1a: Chi-Yu|move: Protect\n|\n|upkeep\n|turn|2\n|inactive|Leecheater has 120 seconds left.\n|\n|t:|1700185291\n|switch|p2b: Scyther|Scyther, M|100\/100\n|switch|p1a: Sinistcha|Sinistcha|100\/100\n|move|p2a: Barraskewda|Waterfall|p1a: Sinistcha\n|-resisted|p1a: Sinistcha\n|-damage|p1a: Sinistcha|79\/100\n|-damage|p2a: Barraskewda|84\/100|[from] item: Rocky Helmet|[of] p1a: Sinistcha\n|move|p1b: Iron Hands|Drain Punch|p2b: Scyther\n|-resisted|p2b: Scyther\n|-damage|p2b: Scyther|90\/100\n|\n|upkeep\n|turn|3\n|\n|t:|1700185316\n|switch|p2a: Great Tusk|Great Tusk|100\/100\n|-enditem|p2a: Great Tusk|Booster Energy\n|-activate|p2a: Great Tusk|ability: Protosynthesis|[fromitem]\n|-start|p2a: Great Tusk|protosynthesisatk\n|move|p1a: Sinistcha|Protect|p1a: Sinistcha\n|-singleturn|p1a: Sinistcha|Protect\n|move|p2b: Scyther|Tailwind|p2b: Scyther\n|-sidestart|p2: Metal Jester|move: Tailwind\n|move|p1b: Iron Hands|Wild Charge|p2a: Great Tusk\n|-immune|p2a: Great Tusk\n|\n|upkeep\n|turn|4\n|\n|t:|1700185336\n|move|p2b: Scyther|Dual Wingbeat|p1a: Sinistcha\n|-supereffective|p1a: Sinistcha\n|-damage|p1a: Sinistcha|40\/100\n|-damage|p2b: Scyther|73\/100|[from] item: Rocky Helmet|[of] p1a: Sinistcha\n|-supereffective|p1a: Sinistcha\n|-damage|p1a: Sinistcha|1\/100\n|-damage|p2b: Scyther|57\/100|[from] item: Rocky Helmet|[of] p1a: Sinistcha\n|-hitcount|p1a: Sinistcha|2\n|move|p2a: Great Tusk|Headlong Rush|p1b: Iron Hands\n|-supereffective|p1b: Iron Hands\n|-damage|p1b: Iron Hands|3\/100\n|-unboost|p2a: Great Tusk|def|1\n|-unboost|p2a: Great Tusk|spd|1\n|move|p1a: Sinistcha|Matcha Gotcha|p2b: Scyther|[spread] p2a,p2b\n|-supereffective|p2a: Great Tusk\n|-resisted|p2b: Scyther\n|-damage|p2a: Great Tusk|0 fnt\n|-heal|p1a: Sinistcha|55\/100|[from] drain|[of] p2a: Great Tusk\n|-damage|p2b: Scyther|51\/100\n|-heal|p1a: Sinistcha|57\/100|[from] drain|[of] p2b: Scyther\n|faint|p2a: Great Tusk\n|-end|p2a: Great Tusk|Protosynthesis|[silent]\n|move|p1b: Iron Hands|Heavy Slam|p2b: Scyther\n|-damage|p2b: Scyther|5\/100\n|\n|upkeep\n|inactive|Metal Jester has 120 seconds left.\n|\n|t:|1700185365\n|switch|p2a: Kleavor|Kleavor, M, shiny|100\/100\n|turn|5\n|\n|t:|1700185380\n|move|p1a: Sinistcha|Rage Powder|p1a: Sinistcha\n|-singleturn|p1a: Sinistcha|move: Rage Powder\n|move|p2b: Scyther|Dual Wingbeat|p1a: Sinistcha\n|-supereffective|p1a: Sinistcha\n|-damage|p1a: Sinistcha|21\/100\n|-damage|p2b: Scyther|0 fnt|[from] item: Rocky Helmet|[of] p1a: Sinistcha\n|faint|p2b: Scyther\n|-hitcount|p1a: Sinistcha|1\n|move|p2a: Kleavor|Stone Axe|p1a: Sinistcha\n|-damage|p1a: Sinistcha|0 fnt\n|-damage|p2a: Kleavor|84\/100|[from] item: Rocky Helmet|[of] p1a: Sinistcha\n|-sidestart|p1: Leecheater|move: Stealth Rock\n|faint|p1a: Sinistcha\n|-damage|p2a: Kleavor|74\/100|[from] item: Life Orb\n|move|p1b: Iron Hands|Heavy Slam|p2a: Kleavor\n|-supereffective|p2a: Kleavor\n|-damage|p2a: Kleavor|0 fnt\n|faint|p2a: Kleavor\n|\n|upkeep\n|\n|t:|1700185400\n|switch|p2b: Scizor|Scizor, M|100\/100\n|switch|p2a: Barraskewda|Barraskewda, M, shiny|84\/100\n|switch|p1a: Roaring Moon|Roaring Moon|100\/100\n|-damage|p1a: Roaring Moon|88\/100|[from] Stealth Rock\n|-enditem|p1a: Roaring Moon|Booster Energy\n|-activate|p1a: Roaring Moon|ability: Protosynthesis|[fromitem]\n|-start|p1a: Roaring Moon|protosynthesisatk\n|turn|6\n|\n|t:|1700185428\n|-terastallize|p1a: Roaring Moon|Flying\n|move|p2b: Scizor|Bullet Punch|p1b: Iron Hands\n|-resisted|p1b: Iron Hands\n|-damage|p1b: Iron Hands|0 fnt\n|faint|p1b: Iron Hands\n|-end|p1b: Iron Hands|Quark Drive|[silent]\n|-damage|p2b: Scizor|91\/100|[from] item: Life Orb\n|move|p2a: Barraskewda|Close Combat|p1a: Roaring Moon\n|-resisted|p1a: Roaring Moon\n|-damage|p1a: Roaring Moon|46\/100\n|-unboost|p2a: Barraskewda|def|1\n|-unboost|p2a: Barraskewda|spd|1\n|move|p1a: Roaring Moon|Acrobatics|p2b: Scizor\n|-damage|p2b: Scizor|10\/100\n|\n|-sideend|p2: Metal Jester|move: Tailwind\n|upkeep\n|inactive|Leecheater has 120 seconds left.\n|\n|t:|1700185446\n|switch|p1b: Iron Bundle|Iron Bundle|100\/100\n|-damage|p1b: Iron Bundle|76\/100|[from] Stealth Rock\n|turn|7\n|\n|t:|1700185461\n|move|p2b: Scizor|Bullet Punch|p1a: Roaring Moon\n|-damage|p1a: Roaring Moon|0 fnt\n|faint|p1a: Roaring Moon\n|-end|p1a: Roaring Moon|Protosynthesis|[silent]\n|-damage|p2b: Scizor|0 fnt|[from] item: Life Orb\n|faint|p2b: Scizor\n|move|p2a: Barraskewda|Close Combat|p1b: Iron Bundle\n|-supereffective|p1b: Iron Bundle\n|-damage|p1b: Iron Bundle|0 fnt\n|-unboost|p2a: Barraskewda|def|1\n|-unboost|p2a: Barraskewda|spd|1\n|faint|p1b: Iron Bundle\n|-end|p1b: Iron Bundle|Quark Drive|[silent]\n|\n|upkeep\n|\n|t:|1700185477\n|switch|p1b: Landorus|Landorus-Therian, M|100\/100\n|switch|p1a: Chi-Yu|Chi-Yu|100\/100\n|switch|p2b: Chien-Pao|Chien-Pao|81\/100\n|-ability|p2b: Chien-Pao|Sword of Ruin\n|-damage|p1a: Chi-Yu|75\/100|[from] Stealth Rock\n|-ability|p1a: Chi-Yu|Beads of Ruin\n|-damage|p1b: Landorus|88\/100|[from] Stealth Rock\n|-ability|p1b: Landorus|Intimidate|boost\n|-unboost|p2a: Barraskewda|atk|1\n|-unboost|p2b: Chien-Pao|atk|1\n|turn|8\n|\n|t:|1700185496\n|-terastallize|p2b: Chien-Pao|Fighting\n|move|p1a: Chi-Yu|Protect|p1a: Chi-Yu\n|-singleturn|p1a: Chi-Yu|Protect\n|move|p2b: Chien-Pao|Ice Spinner|p1b: Landorus\n|-supereffective|p1b: Landorus\n|-damage|p1b: Landorus|0 fnt\n|faint|p1b: Landorus\n|move|p2a: Barraskewda|Close Combat|p1a: Chi-Yu\n|-activate|p1a: Chi-Yu|move: Protect\n|\n|upkeep\n|turn|9\n|\n|t:|1700185517\n|move|p2b: Chien-Pao|Ice Spinner|p1a: Chi-Yu\n|-resisted|p1a: Chi-Yu\n|-damage|p1a: Chi-Yu|43\/100\n|move|p2a: Barraskewda|Close Combat|p1a: Chi-Yu\n|-supereffective|p1a: Chi-Yu\n|-damage|p1a: Chi-Yu|0 fnt\n|-unboost|p2a: Barraskewda|def|1\n|-unboost|p2a: Barraskewda|spd|1\n|faint|p1a: Chi-Yu\n|\n|win|Metal Jester\n|raw|Leecheater's rating: 1245 &rarr; <strong>1223<\/strong><br \/>(-22 for losing)\n|raw|Metal Jester's rating: 1290 &rarr; <strong>1312<\/strong><br \/>(+22 for winning)\n","uploadtime":1700185525,"views":15,"p1id":"leecheater","p2id":"metaljester","formatid":"gen9doublesou","rating":1223,"private":0,"password":""}