{"id":"gen9doublesou-1989103691","p1":"fespy","p2":"SMB","format":"[Gen 9] Doubles OU","log":"|j|\u2606fespy\n|j|\u2606SMB\n|t:|1699812571\n|gametype|doubles\n|player|p1|fespy|#dwcopiii|\n|player|p2|SMB|#dpl8ducks|\n|teamsize|p1|6\n|teamsize|p2|6\n|gen|9\n|tier|[Gen 9] Doubles OU\n|rule|Species Clause: Limit one of each Pok\u00e9mon\n|rule|OHKO Clause: OHKO moves are banned\n|rule|Evasion Moves Clause: Evasion moves are banned\n|rule|Gravity Sleep Clause: The combination of sleep-inducing moves with imperfect accuracy and Gravity or Gigantamax Orbeetle are banned\n|rule|Endless Battle Clause: Forcing endless battles is banned\n|rule|HP Percentage Mod: HP is shown in percentages\n|clearpoke\n|poke|p1|Landorus-Therian, M|\n|poke|p1|Sinistcha|\n|poke|p1|Heatran, F|\n|poke|p1|Roaring Moon|\n|poke|p1|Flutter Mane|\n|poke|p1|Rillaboom, F|\n|poke|p2|Gholdengo|\n|poke|p2|Palafin, M|\n|poke|p2|Rillaboom, M|\n|poke|p2|Ogerpon-Wellspring, F|\n|poke|p2|Tornadus, M|\n|poke|p2|Kommo-o, F|\n|teampreview\n|c|\u2606fespy|glhf\n|c|\u2606SMB|glhf\n|j| smudge\n|j| KeanuVGC\n|j|+Yoda2798\n|l| smudge\n|j| theyummybagel\n|j| Alolan HTH\n|j| Nido-Rus\n|j| Jello1231\n|j| qsns\n|j| Lunarr\n|j| smudge\n|j| frania \u2654\n|j| Eragon11145\n|j|+ryo yamada2001\n|j|+Mizuhime\n|j| MADARAAAA\n|\n|t:|1699812650\n|start\n|switch|p1a: Landorus|Landorus-Therian, M|100\/100\n|switch|p1b: Heatran|Heatran, F|100\/100\n|switch|p2a: Palafin|Palafin, M|100\/100\n|switch|p2b: Tornadus|Tornadus, M|100\/100\n|-ability|p1a: Landorus|Intimidate|boost\n|-unboost|p2a: Palafin|atk|1\n|-unboost|p2b: Tornadus|atk|1\n|turn|1\n|j| Peter Pan GC\n|j| RelicanthPrimal<><\n|\n|t:|1699812679\n|move|p2b: Tornadus|Protect|p2b: Tornadus\n|-singleturn|p2b: Tornadus|Protect\n|move|p2a: Palafin|Flip Turn|p1a: Landorus\n|-supereffective|p1a: Landorus\n|-damage|p1a: Landorus|54\/100\n|j| ratpacker\n|\n|t:|1699812688\n|detailschange|p2a: Palafin|Palafin-Hero, M\n|switch|p2a: Rillaboom|Rillaboom, M|100\/100|[from] Flip Turn\n|-fieldstart|move: Grassy Terrain|[from] ability: Grassy Surge|[of] p2a: Rillaboom\n|move|p1a: Landorus|U-turn|p2a: Rillaboom\n|-supereffective|p2a: Rillaboom\n|-damage|p2a: Rillaboom|51\/100\n|-enditem|p2a: Rillaboom|Eject Button\n|\n|t:|1699812696\n|switch|p2a: Kommo-o|Kommo-o, F|100\/100\n|move|p1b: Heatran|Substitute|p1b: Heatran\n|-start|p1b: Heatran|Substitute\n|-damage|p1b: Heatran|76\/100\n|\n|-heal|p1b: Heatran|82\/100|[from] Grassy Terrain\n|-heal|p1b: Heatran|88\/100|[from] item: Leftovers\n|upkeep\n|turn|2\n|j| Lemurro\n|j| SEROO@!\n|\n|t:|1699812727\n|move|p2a: Kommo-o|Clangorous Soul|p2a: Kommo-o\n|-boost|p2a: Kommo-o|atk|1\n|-boost|p2a: Kommo-o|def|1\n|-boost|p2a: Kommo-o|spa|1\n|-boost|p2a: Kommo-o|spd|1\n|-boost|p2a: Kommo-o|spe|1\n|-damage|p2a: Kommo-o|68\/100\n|-enditem|p2a: Kommo-o|Throat Spray\n|-boost|p2a: Kommo-o|spa|1|[from] item: Throat Spray\n|move|p2b: Tornadus|Bleakwind Storm|p1a: Landorus|[spread] p1a,p1b\n|-resisted|p1b: Heatran\n|-activate|p1b: Heatran|move: Substitute|[damage]\n|-damage|p1a: Landorus|27\/100\n|-enditem|p1a: Landorus|Sitrus Berry|[eat]\n|-heal|p1a: Landorus|52\/100|[from] item: Sitrus Berry\n|move|p1a: Landorus|U-turn|p2a: Kommo-o\n|-resisted|p2a: Kommo-o\n|-damage|p2a: Kommo-o|60\/100\n|j| GuitarheroVGC\n|l|+Mizuhime\n|l| Eragon11145\n|j| AIRedzone\n|l| smudge\n|l| Alolan HTH\n|j| Eragon11145\n|inactive|Battle timer is ON: inactive players will automatically lose when time's up. (requested by SMB)\n|\n|t:|1699812839\n|switch|p1a: Flutter Mane|Flutter Mane|100\/100|[from] U-turn\n|move|p1b: Heatran|Heat Wave|p2a: Kommo-o|[spread] p2b\n|-miss|p1b: Heatran|p2a: Kommo-o\n|-damage|p2b: Tornadus|66\/100\n|\n|-heal|p2a: Kommo-o|66\/100|[from] Grassy Terrain\n|-heal|p1b: Heatran|94\/100|[from] Grassy Terrain\n|-heal|p1b: Heatran|100\/100|[from] item: Leftovers\n|upkeep\n|turn|3\n|l| MADARAAAA\n|j| smudge\n|j| MADARAAAA\n|l| smudge\n|inactive|SMB has 270 seconds left.\n|j| smudge\n|j|+daawesomedude1 (\n|l| Eragon11145\n|j| Eragon11145\n|inactive|SMB has 240 seconds left.\n|inactive|SMB has 210 seconds left.\n|\n|t:|1699812948\n|move|p2a: Kommo-o|Protect|p2a: Kommo-o\n|-singleturn|p2a: Kommo-o|Protect\n|move|p2b: Tornadus|Tailwind|p2b: Tornadus\n|-sidestart|p2: SMB|move: Tailwind\n|move|p1a: Flutter Mane|Dazzling Gleam|p2b: Tornadus|[spread] p2b\n|-activate|p2a: Kommo-o|move: Protect\n|-damage|p2b: Tornadus|32\/100\n|move|p1b: Heatran|Heat Wave|p2a: Kommo-o|[spread] p2b\n|-activate|p2a: Kommo-o|move: Protect\n|-damage|p2b: Tornadus|2\/100\n|\n|-heal|p2a: Kommo-o|72\/100|[from] Grassy Terrain\n|upkeep\n|turn|4\n|c|\u2606fespy|ebutton rilla was cool\n|inactive|SMB has 210 seconds left.\n|l| qsns\n|inactive|fespy has 270 seconds left.\n|inactive|SMB has 180 seconds left.\n|l|\u2606SMB\n|inactive|SMB disconnected and has 300 seconds to reconnect!\n|player|p2|\n|c|+Yoda2798|ebutton smb was not cool\n|c|\u2606fespy|lmao\n|inactive|fespy has 240 seconds left.\n|j|\u2606SMB\n|inactive|SMB reconnected and has 175 seconds left.\n|player|p2|SMB|#dpl8ducks\n|c|\u2606SMB|test\n|inactive|fespy has 210 seconds left.\n|\n|t:|1699813040\n|-end|p1a: Flutter Mane|Protosynthesis|[silent]\n|switch|p1a: Landorus|Landorus-Therian, M|52\/100\n|-ability|p1a: Landorus|Intimidate|boost\n|-unboost|p2a: Kommo-o|atk|1\n|-unboost|p2b: Tornadus|atk|1\n|move|p1b: Heatran|Protect|p1b: Heatran\n|-singleturn|p1b: Heatran|Protect\n|move|p2a: Kommo-o|Flash Cannon|p1a: Landorus\n|-damage|p1a: Landorus|14\/100\n|move|p2b: Tornadus|Bleakwind Storm|p1a: Landorus|[spread] p1a\n|-activate|p1b: Heatran|move: Protect\n|-damage|p1a: Landorus|0 fnt\n|faint|p1a: Landorus\n|\n|-heal|p2a: Kommo-o|78\/100|[from] Grassy Terrain\n|upkeep\n|inactive|fespy has 210 seconds left.\n|l| AIRedzone\n|inactive|fespy has 180 seconds left.\n|\n|t:|1699813100\n|switch|p1a: Rillaboom|Rillaboom, F|100\/100\n|turn|5\n|l|\u2606SMB\n|inactive|SMB disconnected and has 275 seconds to reconnect!\n|player|p2|\n|inactive|fespy has 180 seconds left.\n|inactive|SMB has 270 seconds to reconnect!\n|l| frania \u2654\n|inactive|SMB has 240 seconds to reconnect!\n|inactive|fespy has 150 seconds left.\n|j|\u2606SMB\n|inactive|SMB reconnected and has 200 seconds left.\n|player|p2|SMB|#dpl8ducks\n|inactive|SMB has 180 seconds left.\n|\n|t:|1699813182\n|move|p2b: Tornadus|Protect|p2b: Tornadus\n|-singleturn|p2b: Tornadus|Protect\n|move|p2a: Kommo-o|Protect|p2a: Kommo-o\n|-singleturn|p2a: Kommo-o|Protect\n|move|p1a: Rillaboom|Grassy Glide|p2b: Tornadus\n|-activate|p2b: Tornadus|move: Protect\n|move|p1b: Heatran|Heat Wave|p2b: Tornadus|[spread] \n|-activate|p2a: Kommo-o|move: Protect\n|-activate|p2b: Tornadus|move: Protect\n|\n|-heal|p2a: Kommo-o|84\/100|[from] Grassy Terrain\n|-fieldend|move: Grassy Terrain\n|upkeep\n|turn|6\n|inactive|fespy has 150 seconds left.\n|j| John1240\n|inactive|SMB has 180 seconds left.\n|j| frania \u2654\n|\n|t:|1699813231\n|switch|p1a: Flutter Mane|Flutter Mane|100\/100\n|move|p2b: Tornadus|Rain Dance|p2b: Tornadus\n|-weather|RainDance\n|move|p2a: Kommo-o|Clangorous Soul|p2a: Kommo-o\n|-boost|p2a: Kommo-o|atk|1\n|-boost|p2a: Kommo-o|def|1\n|-boost|p2a: Kommo-o|spa|1\n|-boost|p2a: Kommo-o|spd|1\n|-boost|p2a: Kommo-o|spe|1\n|-damage|p2a: Kommo-o|51\/100\n|move|p1b: Heatran|Heat Wave|p2b: Tornadus|[spread] p2a,p2b\n|-resisted|p2a: Kommo-o\n|-crit|p2b: Tornadus\n|-damage|p2a: Kommo-o|46\/100\n|-damage|p2b: Tornadus|0 fnt\n|faint|p2b: Tornadus\n|\n|-weather|RainDance|[upkeep]\n|-sideend|p2: SMB|move: Tailwind\n|upkeep\n|inactive|SMB has 150 seconds left.\n|l|\u2606SMB\n|inactive|SMB disconnected and has 215 seconds to reconnect!\n|player|p2|\n|inactive|SMB has 210 seconds to reconnect!\n|j|\u2606SMB\n|inactive|SMB reconnected and has 125 seconds left.\n|player|p2|SMB|#dpl8ducks\n|inactive|SMB has 120 seconds left.\n|inactiveoff|Battle timer is now OFF.\n|l| Eragon11145\n|c|\u2606SMB|sorry\n|c|\u2606SMB|idk what's happening\n|c|\u2606fespy|all g haha\n|\n|t:|1699813304\n|switch|p2b: Ogerpon|Ogerpon-Wellspring, F|100\/100\n|turn|7\n|j| Eragon11145\n|j| AIRedzone\n|l| Eragon11145\n|j| Eragon11145\n|\n|t:|1699813450\n|-end|p1a: Flutter Mane|Protosynthesis|[silent]\n|switch|p1a: Sinistcha|Sinistcha|100\/100\n|move|p2a: Kommo-o|Protect|p2a: Kommo-o\n|-singleturn|p2a: Kommo-o|Protect\n|move|p2b: Ogerpon|Ivy Cudgel|p1a: Sinistcha\n|-resisted|p1a: Sinistcha\n|-damage|p1a: Sinistcha|64\/100\n|move|p1b: Heatran|Earth Power|p2a: Kommo-o\n|-activate|p2a: Kommo-o|move: Protect\n|\n|-weather|RainDance|[upkeep]\n|upkeep\n|turn|8\n|j| the JRL\n|\n|t:|1699813486\n|switch|p2b: Rillaboom|Rillaboom, M|51\/100\n|-fieldstart|move: Grassy Terrain|[from] ability: Grassy Surge|[of] p2b: Rillaboom\n|move|p2a: Kommo-o|Clanging Scales|p1a: Sinistcha|[spread] p1a,p1b\n|-resisted|p1b: Heatran\n|-damage|p1a: Sinistcha|0 fnt\n|-damage|p1b: Heatran|67\/100\n|faint|p1a: Sinistcha\n|-unboost|p2a: Kommo-o|def|1\n|move|p1b: Heatran|Earth Power|p2a: Kommo-o\n|-damage|p2a: Kommo-o|28\/100\n|\n|-weather|RainDance|[upkeep]\n|-heal|p2a: Kommo-o|34\/100|[from] Grassy Terrain\n|-heal|p2b: Rillaboom|58\/100|[from] Grassy Terrain\n|-heal|p1b: Heatran|73\/100|[from] Grassy Terrain\n|-heal|p1b: Heatran|80\/100|[from] item: Leftovers\n|upkeep\n|l| Eragon11145\n|j| Entrocefalo\n|l| AIRedzone\n|\n|t:|1699813527\n|switch|p1a: Roaring Moon|Roaring Moon|100\/100\n|-enditem|p1a: Roaring Moon|Grassy Seed\n|-boost|p1a: Roaring Moon|def|1|[from] item: Grassy Seed\n|turn|9\n|j| Eragon11145\n|j| AIRedzone\n|\n|t:|1699813574\n|move|p1a: Roaring Moon|Protect|p1a: Roaring Moon\n|-singleturn|p1a: Roaring Moon|Protect\n|move|p2a: Kommo-o|Clanging Scales|p1b: Heatran|[spread] p1b\n|-activate|p1a: Roaring Moon|move: Protect\n|-resisted|p1b: Heatran\n|-damage|p1b: Heatran|43\/100\n|-unboost|p2a: Kommo-o|def|1\n|move|p2b: Rillaboom|U-turn|p1b: Heatran\n|-resisted|p1b: Heatran\n|-activate|p1b: Heatran|move: Substitute|[damage]\n|\n|t:|1699813592\n|switch|p2b: Palafin|Palafin-Hero, M|100\/100|[from] U-turn\n|-activate|p2b: Palafin|ability: Zero to Hero\n|move|p1b: Heatran|Earth Power|p2a: Kommo-o\n|-damage|p2a: Kommo-o|14\/100\n|-unboost|p2a: Kommo-o|spd|1\n|\n|-weather|RainDance|[upkeep]\n|-heal|p2a: Kommo-o|20\/100|[from] Grassy Terrain\n|-heal|p1b: Heatran|49\/100|[from] Grassy Terrain\n|-heal|p1b: Heatran|56\/100|[from] item: Leftovers\n|upkeep\n|turn|10\n|j| Voltiix\n|l| smudge\n|j| Nine Schmeckles\n|l| Eragon11145\n|\n|t:|1699813693\n|-end|p1a: Roaring Moon|Protosynthesis|[silent]\n|switch|p1a: Rillaboom|Rillaboom, F|100\/100\n|move|p2a: Kommo-o|Clanging Scales|p1b: Heatran|[spread] p1a,p1b\n|-resisted|p1b: Heatran\n|-damage|p1a: Rillaboom|28\/100\n|-damage|p1b: Heatran|21\/100\n|-unboost|p2a: Kommo-o|def|1\n|move|p2b: Palafin|Flip Turn|p1b: Heatran\n|-supereffective|p1b: Heatran\n|-end|p1b: Heatran|Substitute\n|j| Eragon11145\n|\n|t:|1699813731\n|switch|p2b: Ogerpon|Ogerpon-Wellspring, F|100\/100|[from] Flip Turn\n|move|p1b: Heatran|Earth Power|p2a: Kommo-o\n|-damage|p2a: Kommo-o|0 fnt\n|faint|p2a: Kommo-o\n|\n|-weather|RainDance|[upkeep]\n|-heal|p1a: Rillaboom|34\/100|[from] Grassy Terrain\n|-heal|p1b: Heatran|28\/100|[from] Grassy Terrain\n|-heal|p1b: Heatran|34\/100|[from] item: Leftovers\n|upkeep\n|l| Eragon11145\n|j| Eragon11145\n|l| Eragon11145\n|\n|t:|1699813788\n|switch|p2a: Palafin|Palafin-Hero, M|100\/100\n|turn|11\n|j| Shiritu\n|j| Eragon11145\n|l| AIRedzone\n|j| AIRedzone\n|l| AIRedzone\n|\n|t:|1699813901\n|switch|p1b: Roaring Moon|Roaring Moon|100\/100\n|move|p1a: Rillaboom|Fake Out|p2a: Palafin\n|-damage|p2a: Palafin|87\/100\n|cant|p2a: Palafin|flinch\n|move|p2b: Ogerpon|Ivy Cudgel|p1b: Roaring Moon\n|-resisted|p1b: Roaring Moon\n|-damage|p1b: Roaring Moon|58\/100\n|\n|-weather|RainDance|[upkeep]\n|-heal|p1b: Roaring Moon|64\/100|[from] Grassy Terrain\n|-heal|p2a: Palafin|93\/100|[from] Grassy Terrain\n|-heal|p1a: Rillaboom|40\/100|[from] Grassy Terrain\n|upkeep\n|turn|12\n|l| Jello1231\n|l| the JRL\n|j| the JRL\n|\n|t:|1699814008\n|switch|p1a: Heatran|Heatran, F|34\/100\n|-terastallize|p2a: Palafin|Water\n|move|p1b: Roaring Moon|Protect|p1b: Roaring Moon\n|-singleturn|p1b: Roaring Moon|Protect\n|move|p2a: Palafin|Jet Punch|p1a: Heatran\n|-supereffective|p1a: Heatran\n|-damage|p1a: Heatran|0 fnt\n|faint|p1a: Heatran\n|move|p2b: Ogerpon|Encore|p1b: Roaring Moon\n|-activate|p1b: Roaring Moon|move: Protect\n|\n|-weather|RainDance|[upkeep]\n|-heal|p1b: Roaring Moon|70\/100|[from] Grassy Terrain\n|-heal|p2a: Palafin|99\/100|[from] Grassy Terrain\n|-fieldend|move: Grassy Terrain\n|upkeep\n|\n|t:|1699814023\n|switch|p1a: Rillaboom|Rillaboom, F|40\/100\n|-fieldstart|move: Grassy Terrain|[from] ability: Grassy Surge|[of] p1a: Rillaboom\n|turn|13\n|\n|t:|1699814040\n|move|p1a: Rillaboom|Fake Out|p2b: Ogerpon\n|-damage|p2b: Ogerpon|83\/100\n|move|p2a: Palafin|Jet Punch|p1a: Rillaboom\n|-resisted|p1a: Rillaboom\n|-damage|p1a: Rillaboom|0 fnt\n|faint|p1a: Rillaboom\n|move|p1b: Roaring Moon|Dragon Dance|p1b: Roaring Moon\n|-boost|p1b: Roaring Moon|atk|1\n|-boost|p1b: Roaring Moon|spe|1\n|cant|p2b: Ogerpon|flinch\n|\n|-weather|none\n|-heal|p1b: Roaring Moon|76\/100|[from] Grassy Terrain\n|-heal|p2b: Ogerpon|90\/100|[from] Grassy Terrain\n|-heal|p2a: Palafin|100\/100|[from] Grassy Terrain\n|upkeep\n|j| xHys\n|\n|t:|1699814047\n|switch|p1a: Flutter Mane|Flutter Mane|100\/100\n|turn|14\n|\n|t:|1699814113\n|move|p2a: Palafin|Jet Punch|p1a: Flutter Mane\n|-damage|p1a: Flutter Mane|0 fnt\n|faint|p1a: Flutter Mane\n|-end|p1a: Flutter Mane|Protosynthesis|[silent]\n|move|p1b: Roaring Moon|Knock Off|p2a: Palafin\n|-damage|p2a: Palafin|27\/100\n|-enditem|p2a: Palafin|Choice Band|[from] move: Knock Off|[of] p1b: Roaring Moon\n|move|p2b: Ogerpon|Encore|p1b: Roaring Moon\n|-start|p1b: Roaring Moon|Encore\n|\n|-heal|p1b: Roaring Moon|82\/100|[from] Grassy Terrain\n|-heal|p2b: Ogerpon|96\/100|[from] Grassy Terrain\n|-heal|p2a: Palafin|34\/100|[from] Grassy Terrain\n|upkeep\n|turn|15\n|j| Akaru Kokuyo\u3075\u308f\n|\n|t:|1699814129\n|move|p2b: Ogerpon|Follow Me|p2b: Ogerpon\n|-singleturn|p2b: Ogerpon|move: Follow Me\n|move|p1b: Roaring Moon|Knock Off|p2b: Ogerpon\n|-damage|p2b: Ogerpon|41\/100\n|move|p2a: Palafin|Close Combat|p1b: Roaring Moon\n|-supereffective|p1b: Roaring Moon\n|-damage|p1b: Roaring Moon|0 fnt\n|-unboost|p2a: Palafin|def|1\n|-unboost|p2a: Palafin|spd|1\n|faint|p1b: Roaring Moon\n|-end|p1b: Roaring Moon|Protosynthesis|[silent]\n|\n|win|SMB\n|l| John1240\n|c|\u2606SMB|gg\n|c|\u2606fespy|gg\n|l|\u2606fespy\n|l| ratpacker\n|l|+daawesomedude1 (\n","uploadtime":1699814140,"views":150,"p1id":"fespy","p2id":"smb","formatid":"gen9doublesou","rating":0,"private":0,"password":""}