{"id":"gen9doublesou-1990066711","p1":"Critian Caceorte","p2":"Justy-pregymleader","format":"[Gen 9] Doubles OU","log":"|j|\u2606Critian Caceorte\n|j|\u2606Justy-pregymleader\n|t:|1699920947\n|gametype|doubles\n|player|p1|Critian Caceorte|hilda|1224\n|player|p2|Justy-pregymleader|lucian|1300\n|teamsize|p1|6\n|teamsize|p2|6\n|gen|9\n|tier|[Gen 9] Doubles OU\n|rated|\n|rule|Species Clause: Limit one of each Pok\u00e9mon\n|rule|OHKO Clause: OHKO moves are banned\n|rule|Evasion Moves Clause: Evasion moves are banned\n|rule|Gravity Sleep Clause: The combination of sleep-inducing moves with imperfect accuracy and Gravity or Gigantamax Orbeetle are banned\n|rule|Endless Battle Clause: Forcing endless battles is banned\n|rule|HP Percentage Mod: HP is shown in percentages\n|clearpoke\n|poke|p1|Torkoal, M|\n|poke|p1|Ninetales, M|\n|poke|p1|Scovillain, F|\n|poke|p1|Lilligant-Hisui, F|\n|poke|p1|Dachsbun, M|\n|poke|p1|Walking Wake|\n|poke|p2|Landorus-Therian, M|\n|poke|p2|Stonjourner, M|\n|poke|p2|Azumarill, F|\n|poke|p2|Gastrodon, M|\n|poke|p2|Great Tusk|\n|poke|p2|Iron Treads|\n|teampreview\n|inactive|Battle timer is ON: inactive players will automatically lose when time's up. (requested by Justy-pregymleader)\n|\n|t:|1699920951\n|start\n|switch|p1a: Torkoal|Torkoal, M|100\/100\n|switch|p1b: Dachsbun|Dachsbun, M|100\/100\n|switch|p2a: Great Tusk|Great Tusk|100\/100\n|switch|p2b: Iron Treads|Iron Treads|100\/100\n|-weather|SunnyDay|[from] ability: Drought|[of] p1a: Torkoal\n|-activate|p2a: Great Tusk|ability: Protosynthesis\n|-start|p2a: Great Tusk|protosynthesisspe\n|-enditem|p2b: Iron Treads|Booster Energy\n|-activate|p2b: Iron Treads|ability: Quark Drive|[fromitem]\n|-start|p2b: Iron Treads|quarkdrivespe\n|turn|1\n|\n|t:|1699920964\n|move|p2b: Iron Treads|Knock Off|p1a: Torkoal\n|-damage|p1a: Torkoal|73\/100\n|-enditem|p1a: Torkoal|Choice Specs|[from] move: Knock Off|[of] p2b: Iron Treads\n|move|p2a: Great Tusk|Headlong Rush|p1a: Torkoal\n|-supereffective|p1a: Torkoal\n|-damage|p1a: Torkoal|0 fnt\n|-unboost|p2a: Great Tusk|def|1\n|-unboost|p2a: Great Tusk|spd|1\n|faint|p1a: Torkoal\n|move|p1b: Dachsbun|Agility|p1b: Dachsbun\n|-boost|p1b: Dachsbun|spe|2\n|\n|-weather|SunnyDay|[upkeep]\n|upkeep\n|\n|t:|1699920981\n|switch|p1a: Lilligant|Lilligant-Hisui, F|100\/100\n|turn|2\n|\n|t:|1699920991\n|move|p1a: Lilligant|Leaf Blade|p2a: Great Tusk\n|-supereffective|p2a: Great Tusk\n|-damage|p2a: Great Tusk|12\/100\n|move|p2b: Iron Treads|Ice Spinner|p1b: Dachsbun\n|-damage|p1b: Dachsbun|77\/100\n|move|p1b: Dachsbun|Baton Pass|p1b: Dachsbun\n|\n|t:|1699920998\n|switch|p1b: Walking Wake|Walking Wake|100\/100|[from] Baton Pass\n|-activate|p1b: Walking Wake|ability: Protosynthesis\n|-start|p1b: Walking Wake|protosynthesisspe\n|move|p2a: Great Tusk|Heavy Slam|p1b: Walking Wake\n|-resisted|p1b: Walking Wake\n|-damage|p1b: Walking Wake|94\/100\n|\n|-weather|SunnyDay|[upkeep]\n|upkeep\n|turn|3\n|\n|t:|1699921013\n|move|p1b: Walking Wake|Hydro Steam|p2b: Iron Treads\n|-supereffective|p2b: Iron Treads\n|-damage|p2b: Iron Treads|0 fnt\n|faint|p2b: Iron Treads\n|-end|p2b: Iron Treads|Quark Drive|[silent]\n|move|p1a: Lilligant|Leaf Blade|p2a: Great Tusk\n|-supereffective|p2a: Great Tusk\n|-damage|p2a: Great Tusk|0 fnt\n|faint|p2a: Great Tusk\n|-end|p2a: Great Tusk|Protosynthesis|[silent]\n|\n|-weather|SunnyDay|[upkeep]\n|upkeep\n|\n|t:|1699921021\n|switch|p2b: Stonjourner|Stonjourner, M|100\/100\n|switch|p2a: Landorus|Landorus-Therian, M|100\/100\n|-ability|p2a: Landorus|Intimidate|boost\n|-unboost|p1a: Lilligant|atk|1\n|-unboost|p1b: Walking Wake|atk|1\n|turn|4\n|\n|t:|1699921032\n|switch|p2b: Gastrodon|Gastrodon, M|100\/100\n|move|p1b: Walking Wake|Hydro Steam|p2b: Gastrodon\n|-activate|p2b: Gastrodon|ability: Storm Drain\n|-ability|p2b: Gastrodon|Storm Drain|boost\n|-boost|p2b: Gastrodon|spa|1\n|move|p1a: Lilligant|Leaf Blade|p2b: Gastrodon\n|-supereffective|p2b: Gastrodon\n|-damage|p2b: Gastrodon|19\/100\n|move|p2a: Landorus|Sludge Bomb|p1a: Lilligant\n|-supereffective|p1a: Lilligant\n|-damage|p1a: Lilligant|15\/100\n|-status|p1a: Lilligant|psn\n|\n|-weather|SunnyDay|[upkeep]\n|-damage|p1a: Lilligant|3\/100 psn|[from] psn\n|upkeep\n|turn|5\n|\n|t:|1699921057\n|move|p2b: Gastrodon|Protect|p2b: Gastrodon\n|-singleturn|p2b: Gastrodon|Protect\n|move|p1b: Walking Wake|Dragon Pulse|p2a: Landorus\n|-damage|p2a: Landorus|39\/100\n|move|p1a: Lilligant|Leaf Blade|p2b: Gastrodon\n|-activate|p2b: Gastrodon|move: Protect\n|move|p2a: Landorus|Sandsear Storm|p1a: Lilligant|[spread] p1b\n|-miss|p2a: Landorus|p1a: Lilligant\n|-damage|p1b: Walking Wake|65\/100\n|-status|p1b: Walking Wake|brn\n|-heal|p2a: Landorus|43\/100|[from] item: Shell Bell|[of] p1b: Walking Wake\n|\n|-weather|none\n|-end|p1b: Walking Wake|Protosynthesis\n|-damage|p1a: Lilligant|0 fnt|[from] psn\n|faint|p1a: Lilligant\n|-damage|p1b: Walking Wake|59\/100 brn|[from] brn\n|upkeep\n|inactive|Critian Caceorte has 120 seconds left.\n|\n|t:|1699921074\n|switch|p1a: Ninetales|Ninetales, M|100\/100\n|-weather|SunnyDay|[from] ability: Drought|[of] p1a: Ninetales\n|-activate|p1b: Walking Wake|ability: Protosynthesis\n|-start|p1b: Walking Wake|protosynthesisspe\n|turn|6\n|\n|t:|1699921083\n|move|p1b: Walking Wake|Dragon Pulse|p2a: Landorus\n|-damage|p2a: Landorus|0 fnt\n|faint|p2a: Landorus\n|move|p1a: Ninetales|Solar Beam||[still]\n|-prepare|p1a: Ninetales|Solar Beam\n|-anim|p1a: Ninetales|Solar Beam|p2b: Gastrodon\n|-supereffective|p2b: Gastrodon\n|-damage|p2b: Gastrodon|0 fnt\n|faint|p2b: Gastrodon\n|\n|-weather|SunnyDay|[upkeep]\n|-damage|p1b: Walking Wake|52\/100 brn|[from] brn\n|upkeep\n|\n|t:|1699921089\n|switch|p2a: Azumarill|Azumarill, F|100\/100\n|switch|p2b: Stonjourner|Stonjourner, M|100\/100\n|turn|7\n|\n|t:|1699921111\n|move|p2b: Stonjourner|Protect|p2b: Stonjourner\n|-singleturn|p2b: Stonjourner|Protect\n|move|p1b: Walking Wake|Hydro Steam|p2b: Stonjourner\n|-activate|p2b: Stonjourner|move: Protect\n|move|p1a: Ninetales|Will-O-Wisp|p2a: Azumarill|[miss]\n|-miss|p1a: Ninetales|p2a: Azumarill\n|move|p2a: Azumarill|Belly Drum|p2a: Azumarill\n|-damage|p2a: Azumarill|50\/100\n|-setboost|p2a: Azumarill|atk|6|[from] move: Belly Drum\n|\n|-weather|SunnyDay|[upkeep]\n|-heal|p2a: Azumarill|57\/100|[from] item: Leftovers\n|-damage|p1b: Walking Wake|46\/100 brn|[from] brn\n|upkeep\n|turn|8\n|\n|t:|1699921129\n|move|p2a: Azumarill|Aqua Jet|p1a: Ninetales\n|-supereffective|p1a: Ninetales\n|-crit|p1a: Ninetales\n|-damage|p1a: Ninetales|0 fnt\n|faint|p1a: Ninetales\n|move|p1b: Walking Wake|Hydro Steam|p2b: Stonjourner\n|-supereffective|p2b: Stonjourner\n|-damage|p2b: Stonjourner|0 fnt\n|faint|p2b: Stonjourner\n|\n|-weather|SunnyDay|[upkeep]\n|-heal|p2a: Azumarill|63\/100|[from] item: Leftovers\n|-damage|p1b: Walking Wake|40\/100 brn|[from] brn\n|upkeep\n|\n|t:|1699921140\n|switch|p1a: Scovillain|Scovillain, F|100\/100\n|turn|9\n|\n|t:|1699921156\n|-terastallize|p1a: Scovillain|Grass\n|move|p2a: Azumarill|Protect|p2a: Azumarill\n|-singleturn|p2a: Azumarill|Protect\n|move|p1b: Walking Wake|Dragon Pulse|p2a: Azumarill\n|-activate|p2a: Azumarill|move: Protect\n|move|p1a: Scovillain|Solar Beam||[still]\n|-prepare|p1a: Scovillain|Solar Beam\n|-anim|p1a: Scovillain|Solar Beam|p2a: Azumarill\n|-activate|p2a: Azumarill|move: Protect\n|\n|-weather|SunnyDay|[upkeep]\n|-heal|p2a: Azumarill|69\/100|[from] item: Leftovers\n|-damage|p1b: Walking Wake|34\/100 brn|[from] brn\n|upkeep\n|turn|10\n|\n|t:|1699921176\n|-terastallize|p2a: Azumarill|Water\n|move|p2a: Azumarill|Aqua Jet|p1a: Scovillain\n|-resisted|p1a: Scovillain\n|-damage|p1a: Scovillain|56\/100\n|move|p1b: Walking Wake|Hydro Steam|p2a: Azumarill\n|-resisted|p2a: Azumarill\n|-crit|p2a: Azumarill\n|-damage|p2a: Azumarill|25\/100\n|move|p1a: Scovillain|Solar Beam||[still]\n|-prepare|p1a: Scovillain|Solar Beam\n|-anim|p1a: Scovillain|Solar Beam|p2a: Azumarill\n|-supereffective|p2a: Azumarill\n|-damage|p2a: Azumarill|0 fnt\n|faint|p2a: Azumarill\n|-damage|p1a: Scovillain|46\/100|[from] item: Life Orb\n|\n|win|Critian Caceorte\n|raw|Critian Caceorte's rating: 1224 &rarr; <strong>1254<\/strong><br \/>(+30 for winning)\n|raw|Justy-pregymleader's rating: 1300 &rarr; <strong>1270<\/strong><br \/>(-30 for losing)\n|c|\u2606Critian Caceorte|gg\n|c|\u2606Justy-pregymleader|GG\n|l|\u2606Justy-pregymleader\n","uploadtime":1699921194,"views":8,"p1id":"critiancaceorte","p2id":"justypregymleader","formatid":"gen9doublesou","rating":1254,"private":0,"password":""}