{"id":"gen9doublesou-1974801459","p1":"Mait27","p2":"Doggle4","format":"[Gen 9] Doubles OU","log":"|j|\u2606Mait27\n|j|\u2606Doggle4\n|t:|1698126736\n|gametype|doubles\n|player|p1|Mait27|burglar|1481\n|player|p2|Doggle4|102|1369\n|teamsize|p1|6\n|teamsize|p2|6\n|gen|9\n|tier|[Gen 9] Doubles OU\n|rated|\n|rule|Species Clause: Limit one of each Pok\u00e9mon\n|rule|OHKO Clause: OHKO moves are banned\n|rule|Evasion Moves Clause: Evasion moves are banned\n|rule|Gravity Sleep Clause: The combination of sleep-inducing moves with imperfect accuracy and Gravity or Gigantamax Orbeetle are banned\n|rule|Endless Battle Clause: Forcing endless battles is banned\n|rule|HP Percentage Mod: HP is shown in percentages\n|clearpoke\n|poke|p1|Baxcalibur, F|\n|poke|p1|Torkoal, M|\n|poke|p1|Walking Wake|\n|poke|p1|Gholdengo|\n|poke|p1|Amoonguss, F|\n|poke|p1|Rillaboom, M|\n|poke|p2|Okidogi, M|\n|poke|p2|Grimmsnarl, M|\n|poke|p2|Dragonite, F|\n|poke|p2|Sinistcha-Masterpiece|\n|poke|p2|Goodra-Hisui, M|\n|poke|p2|Gholdengo|\n|teampreview\n|\n|t:|1698126755\n|start\n|switch|p1a: Rillaboom|Rillaboom, M|100\/100\n|switch|p1b: Walking Wake|Walking Wake|100\/100\n|switch|p2a: Okidogi|Okidogi, M|100\/100\n|switch|p2b: Dragonite|Dragonite, F|100\/100\n|-fieldstart|move: Grassy Terrain|[from] ability: Grassy Surge|[of] p1a: Rillaboom\n|turn|1\n|\n|t:|1698126795\n|-end|p1b: Walking Wake|Protosynthesis|[silent]\n|switch|p1b: Torkoal|Torkoal, M|100\/100\n|-weather|SunnyDay|[from] ability: Drought|[of] p1b: Torkoal\n|switch|p2b: Grimmsnarl|Grimmsnarl, M|100\/100\n|move|p1a: Rillaboom|Fake Out|p2a: Okidogi\n|-damage|p2a: Okidogi|89\/100\n|cant|p2a: Okidogi|flinch\n|\n|-weather|SunnyDay|[upkeep]\n|-heal|p2a: Okidogi|95\/100|[from] Grassy Terrain\n|upkeep\n|turn|2\n|\n|t:|1698126831\n|switch|p1a: Amoonguss|Amoonguss, F|100\/100\n|move|p2b: Grimmsnarl|Light Screen|p2b: Grimmsnarl\n|-sidestart|p2: Doggle4|move: Light Screen\n|move|p2a: Okidogi|Knock Off|p1b: Torkoal\n|-damage|p1b: Torkoal|84\/100\n|-enditem|p1b: Torkoal|Heat Rock|[from] move: Knock Off|[of] p2a: Okidogi\n|move|p1b: Torkoal|Yawn|p2a: Okidogi\n|-start|p2a: Okidogi|move: Yawn|[of] p1b: Torkoal\n|\n|-weather|SunnyDay|[upkeep]\n|-heal|p2a: Okidogi|100\/100|[from] Grassy Terrain\n|-heal|p1b: Torkoal|90\/100|[from] Grassy Terrain\n|upkeep\n|turn|3\n|\n|t:|1698126871\n|switch|p1a: Baxcalibur|Baxcalibur, F|100\/100\n|move|p2a: Okidogi|Ice Punch|p1a: Baxcalibur\n|-damage|p1a: Baxcalibur|78\/100\n|move|p2b: Grimmsnarl|Spirit Break|p1b: Torkoal\n|-resisted|p1b: Torkoal\n|-damage|p1b: Torkoal|82\/100\n|-unboost|p1b: Torkoal|spa|1\n|move|p1b: Torkoal|Lava Plume|p2a: Okidogi|[spread] p1a,p2a,p2b\n|-damage|p1a: Baxcalibur|61\/100\n|-damage|p2a: Okidogi|94\/100\n|-damage|p2b: Grimmsnarl|90\/100\n|-status|p2a: Okidogi|brn\n|-ability|p1a: Baxcalibur|Thermal Exchange|boost\n|-boost|p1a: Baxcalibur|atk|1\n|\n|-weather|SunnyDay|[upkeep]\n|-heal|p1a: Baxcalibur|67\/100|[from] Grassy Terrain\n|-heal|p2a: Okidogi|99\/100 brn|[from] Grassy Terrain\n|-heal|p2b: Grimmsnarl|96\/100|[from] Grassy Terrain\n|-heal|p1b: Torkoal|88\/100|[from] Grassy Terrain\n|-damage|p2a: Okidogi|94\/100 brn|[from] brn\n|-end|p2a: Okidogi|move: Yawn|[silent]\n|upkeep\n|turn|4\n|\n|t:|1698126903\n|-terastallize|p1a: Baxcalibur|Steel\n|move|p1a: Baxcalibur|Dragon Dance|p1a: Baxcalibur\n|-boost|p1a: Baxcalibur|atk|1\n|-boost|p1a: Baxcalibur|spe|1\n|move|p2a: Okidogi|Drain Punch|p1a: Baxcalibur\n|-supereffective|p1a: Baxcalibur\n|-damage|p1a: Baxcalibur|37\/100\n|-heal|p2a: Okidogi|100\/100 brn|[from] drain|[of] p1a: Baxcalibur\n|move|p2b: Grimmsnarl|Spirit Break|p1a: Baxcalibur\n|-resisted|p1a: Baxcalibur\n|-damage|p1a: Baxcalibur|23\/100\n|-unboost|p1a: Baxcalibur|spa|1\n|move|p1b: Torkoal|Yawn|p2b: Grimmsnarl\n|-start|p2b: Grimmsnarl|move: Yawn|[of] p1b: Torkoal\n|\n|-weather|SunnyDay|[upkeep]\n|-heal|p1a: Baxcalibur|29\/100|[from] Grassy Terrain\n|-heal|p2b: Grimmsnarl|100\/100|[from] Grassy Terrain\n|-heal|p1b: Torkoal|94\/100|[from] Grassy Terrain\n|-damage|p2a: Okidogi|94\/100 brn|[from] brn\n|upkeep\n|turn|5\n|\n|t:|1698126929\n|move|p1b: Torkoal|Helping Hand|p1a: Baxcalibur\n|-singleturn|p1a: Baxcalibur|Helping Hand|[of] p1b: Torkoal\n|move|p2b: Grimmsnarl|Parting Shot|p1a: Baxcalibur\n|-unboost|p1a: Baxcalibur|atk|1\n|-unboost|p1a: Baxcalibur|spa|1\n|\n|t:|1698126944\n|switch|p2b: Goodra|Goodra-Hisui, M|100\/100|[from] Parting Shot\n|move|p1a: Baxcalibur|Icicle Spear|p2a: Okidogi\n|-damage|p2a: Okidogi|70\/100 brn\n|-damage|p2a: Okidogi|45\/100 brn\n|-damage|p2a: Okidogi|22\/100 brn\n|-damage|p2a: Okidogi|0 fnt\n|faint|p2a: Okidogi\n|-hitcount|p2: Okidogi|4\n|\n|-weather|SunnyDay|[upkeep]\n|-heal|p1a: Baxcalibur|36\/100|[from] Grassy Terrain\n|-heal|p1b: Torkoal|99\/100|[from] Grassy Terrain\n|-fieldend|move: Grassy Terrain\n|upkeep\n|\n|t:|1698126959\n|switch|p2a: Grimmsnarl|Grimmsnarl, M|100\/100\n|turn|6\n|\n|t:|1698126973\n|move|p1a: Baxcalibur|Protect|p1a: Baxcalibur\n|-singleturn|p1a: Baxcalibur|Protect\n|move|p2a: Grimmsnarl|Reflect|p2a: Grimmsnarl\n|-sidestart|p2: Doggle4|Reflect\n|move|p2b: Goodra|Body Press|p1a: Baxcalibur\n|-activate|p1a: Baxcalibur|move: Protect\n|move|p1b: Torkoal|Yawn|p2b: Goodra\n|-start|p2b: Goodra|move: Yawn|[of] p1b: Torkoal\n|\n|-weather|SunnyDay|[upkeep]\n|upkeep\n|turn|7\n|\n|t:|1698127000\n|switch|p1a: Gholdengo|Gholdengo|100\/100\n|move|p2a: Grimmsnarl|Parting Shot|p1a: Gholdengo\n|-immune|p1a: Gholdengo|[from] ability: Good as Gold\n|move|p2b: Goodra|Body Press|p1a: Gholdengo\n|-immune|p1a: Gholdengo\n|move|p1b: Torkoal|Yawn|p2a: Grimmsnarl\n|-start|p2a: Grimmsnarl|move: Yawn|[of] p1b: Torkoal\n|\n|-weather|SunnyDay|[upkeep]\n|-end|p2b: Goodra|move: Yawn|[silent]\n|-status|p2b: Goodra|slp\n|upkeep\n|-enditem|p2b: Goodra|Chesto Berry|[eat]\n|-curestatus|p2b: Goodra|slp|[msg]\n|turn|8\n|\n|t:|1698127039\n|move|p1b: Torkoal|Protect|p1b: Torkoal\n|-singleturn|p1b: Torkoal|Protect\n|move|p2a: Grimmsnarl|Parting Shot|p1b: Torkoal\n|-activate|p1b: Torkoal|move: Protect\n|move|p1a: Gholdengo|Nasty Plot|p1a: Gholdengo\n|-boost|p1a: Gholdengo|spa|2\n|move|p2b: Goodra|Acid Armor|p2b: Goodra\n|-boost|p2b: Goodra|def|2\n|\n|-weather|none\n|-end|p2a: Grimmsnarl|move: Yawn|[silent]\n|-status|p2a: Grimmsnarl|slp\n|upkeep\n|turn|9\n|\n|t:|1698127067\n|switch|p2a: Gholdengo|Gholdengo|100\/100\n|move|p1b: Torkoal|Helping Hand|p1a: Gholdengo\n|-immune|p1a: Gholdengo|[from] ability: Good as Gold\n|move|p1a: Gholdengo|Shadow Ball|p2b: Goodra\n|-damage|p2b: Goodra|66\/100\n|move|p2b: Goodra|Heavy Slam|p1a: Gholdengo\n|-resisted|p1a: Gholdengo\n|-damage|p1a: Gholdengo|83\/100\n|\n|-heal|p1a: Gholdengo|89\/100|[from] item: Leftovers\n|-sideend|p2: Doggle4|move: Light Screen\n|upkeep\n|turn|10\n|\n|t:|1698127100\n|move|p2a: Gholdengo|Power Gem|p1b: Torkoal\n|-supereffective|p1b: Torkoal\n|-damage|p1b: Torkoal|0 fnt\n|faint|p1b: Torkoal\n|move|p1a: Gholdengo|Shadow Ball|p2a: Gholdengo\n|-supereffective|p2a: Gholdengo\n|-crit|p2a: Gholdengo\n|-damage|p2a: Gholdengo|0 fnt\n|faint|p2a: Gholdengo\n|move|p2b: Goodra|Rest|p2b: Goodra\n|-status|p2b: Goodra|slp|[from] move: Rest\n|-heal|p2b: Goodra|100\/100 slp|[silent]\n|\n|-heal|p1a: Gholdengo|95\/100|[from] item: Leftovers\n|upkeep\n|\n|t:|1698127122\n|switch|p2a: Dragonite|Dragonite, F|100\/100\n|switch|p1b: Rillaboom|Rillaboom, M|100\/100\n|-fieldstart|move: Grassy Terrain|[from] ability: Grassy Surge|[of] p1b: Rillaboom\n|turn|11\n|\n|t:|1698127133\n|move|p1b: Rillaboom|Knock Off|p2a: Dragonite\n|-damage|p2a: Dragonite|89\/100\n|-enditem|p2a: Dragonite|Choice Band|[from] move: Knock Off|[of] p1b: Rillaboom\n|move|p1a: Gholdengo|Nasty Plot|p1a: Gholdengo\n|-boost|p1a: Gholdengo|spa|2\n|move|p2a: Dragonite|Fire Punch|p1a: Gholdengo\n|-supereffective|p1a: Gholdengo\n|-crit|p1a: Gholdengo\n|-damage|p1a: Gholdengo|14\/100\n|cant|p2b: Goodra|slp\n|\n|-heal|p1a: Gholdengo|20\/100|[from] Grassy Terrain\n|-heal|p1a: Gholdengo|26\/100|[from] item: Leftovers\n|upkeep\n|turn|12\n|\n|t:|1698127206\n|switch|p1b: Amoonguss|Amoonguss, F|100\/100\n|switch|p2a: Grimmsnarl|Grimmsnarl, M|100\/100 slp\n|move|p1a: Gholdengo|Shadow Ball|p2a: Grimmsnarl\n|-resisted|p2a: Grimmsnarl\n|-damage|p2a: Grimmsnarl|42\/100 slp\n|cant|p2b: Goodra|slp\n|\n|-heal|p1a: Gholdengo|32\/100|[from] Grassy Terrain\n|-heal|p1a: Gholdengo|38\/100|[from] item: Leftovers\n|-heal|p2a: Grimmsnarl|48\/100 slp|[from] Grassy Terrain\n|upkeep\n|turn|13\n|\n|t:|1698127227\n|move|p1b: Amoonguss|Rage Powder|p1b: Amoonguss\n|-singleturn|p1b: Amoonguss|move: Rage Powder\n|cant|p2a: Grimmsnarl|slp\n|move|p1a: Gholdengo|Recover|p1a: Gholdengo\n|-heal|p1a: Gholdengo|88\/100\n|-curestatus|p2b: Goodra|slp|[msg]\n|move|p2b: Goodra|Heavy Slam|p1b: Amoonguss\n|-damage|p1b: Amoonguss|58\/100\n|\n|-heal|p1a: Gholdengo|94\/100|[from] Grassy Terrain\n|-heal|p1a: Gholdengo|100\/100|[from] item: Leftovers\n|-heal|p2a: Grimmsnarl|54\/100 slp|[from] Grassy Terrain\n|-heal|p1b: Amoonguss|64\/100|[from] Grassy Terrain\n|-sideend|p2: Doggle4|Reflect\n|upkeep\n|turn|14\n|\n|t:|1698127247\n|-curestatus|p2a: Grimmsnarl|slp|[msg]\n|move|p2a: Grimmsnarl|Light Screen|p2a: Grimmsnarl\n|-sidestart|p2: Doggle4|move: Light Screen\n|move|p1a: Gholdengo|Shadow Ball|p2a: Grimmsnarl\n|-resisted|p2a: Grimmsnarl\n|-damage|p2a: Grimmsnarl|14\/100\n|move|p2b: Goodra|Heavy Slam|p1a: Gholdengo\n|-resisted|p1a: Gholdengo\n|-damage|p1a: Gholdengo|80\/100\n|move|p1b: Amoonguss|Spore|p2b: Goodra\n|-status|p2b: Goodra|slp|[from] move: Spore\n|\n|-heal|p1a: Gholdengo|86\/100|[from] Grassy Terrain\n|-heal|p1a: Gholdengo|92\/100|[from] item: Leftovers\n|-heal|p2a: Grimmsnarl|21\/100|[from] Grassy Terrain\n|-heal|p1b: Amoonguss|70\/100|[from] Grassy Terrain\n|upkeep\n|turn|15\n|\n|t:|1698127275\n|move|p1a: Gholdengo|Nasty Plot|p1a: Gholdengo\n|-boost|p1a: Gholdengo|spa|2\n|move|p2a: Grimmsnarl|Spirit Break|p1a: Gholdengo\n|-resisted|p1a: Gholdengo\n|-damage|p1a: Gholdengo|77\/100\n|-unboost|p1a: Gholdengo|spa|1\n|cant|p2b: Goodra|slp\n|move|p1b: Amoonguss|Clear Smog|p2a: Grimmsnarl\n|-supereffective|p2a: Grimmsnarl\n|-damage|p2a: Grimmsnarl|1\/100\n|-clearboost|p2a: Grimmsnarl\n|\n|-heal|p1a: Gholdengo|84\/100|[from] Grassy Terrain\n|-heal|p1a: Gholdengo|90\/100|[from] item: Leftovers\n|-heal|p2a: Grimmsnarl|7\/100|[from] Grassy Terrain\n|-heal|p1b: Amoonguss|76\/100|[from] Grassy Terrain\n|-fieldend|move: Grassy Terrain\n|upkeep\n|turn|16\n|\n|t:|1698127298\n|move|p1b: Amoonguss|Rage Powder|p1b: Amoonguss\n|-singleturn|p1b: Amoonguss|move: Rage Powder\n|move|p1a: Gholdengo|Shadow Ball|p2b: Goodra\n|-damage|p2b: Goodra|39\/100 slp\n|move|p2a: Grimmsnarl|Spirit Break|p1b: Amoonguss\n|-resisted|p1b: Amoonguss\n|-damage|p1b: Amoonguss|60\/100\n|-unboost|p1b: Amoonguss|spa|1\n|cant|p2b: Goodra|slp\n|\n|-heal|p1a: Gholdengo|96\/100|[from] item: Leftovers\n|upkeep\n|turn|17\n|\n|t:|1698127313\n|move|p1b: Amoonguss|Rage Powder|p1b: Amoonguss\n|-singleturn|p1b: Amoonguss|move: Rage Powder\n|move|p1a: Gholdengo|Shadow Ball|p2b: Goodra\n|-damage|p2b: Goodra|0 fnt\n|faint|p2b: Goodra\n|move|p2a: Grimmsnarl|Spirit Break|p1b: Amoonguss\n|-resisted|p1b: Amoonguss\n|-damage|p1b: Amoonguss|44\/100\n|-unboost|p1b: Amoonguss|spa|1\n|\n|-heal|p1a: Gholdengo|100\/100|[from] item: Leftovers\n|upkeep\n|\n|t:|1698127332\n|switch|p2b: Sinistcha|Sinistcha-Masterpiece|100\/100\n|-heal|p2a: Grimmsnarl|32\/100|[from] ability: Hospitality|[of] p2b: Sinistcha\n|turn|18\n|\n|t:|1698127348\n|switch|p1b: Rillaboom|Rillaboom, M|100\/100\n|-fieldstart|move: Grassy Terrain|[from] ability: Grassy Surge|[of] p1b: Rillaboom\n|move|p1a: Gholdengo|Shadow Ball|p2b: Sinistcha\n|-supereffective|p2b: Sinistcha\n|-damage|p2b: Sinistcha|0 fnt\n|faint|p2b: Sinistcha\n|move|p2a: Grimmsnarl|Spirit Break|p1a: Gholdengo\n|-resisted|p1a: Gholdengo\n|-damage|p1a: Gholdengo|87\/100\n|-unboost|p1a: Gholdengo|spa|1\n|\n|-heal|p1a: Gholdengo|93\/100|[from] Grassy Terrain\n|-heal|p1a: Gholdengo|99\/100|[from] item: Leftovers\n|-heal|p2a: Grimmsnarl|38\/100|[from] Grassy Terrain\n|upkeep\n|\n|t:|1698127360\n|switch|p2b: Dragonite|Dragonite, F|89\/100\n|turn|19\n|\n|t:|1698127369\n|move|p1b: Rillaboom|Fake Out|p2b: Dragonite\n|-damage|p2b: Dragonite|75\/100\n|move|p1a: Gholdengo|Make It Rain|p2a: Grimmsnarl|[spread] p2a,p2b\n|-supereffective|p2a: Grimmsnarl\n|-damage|p2a: Grimmsnarl|0 fnt\n|-damage|p2b: Dragonite|0 fnt\n|-unboost|p1a: Gholdengo|spa|1\n|faint|p2a: Grimmsnarl\n|faint|p2b: Dragonite\n|\n|win|Mait27\n|raw|Mait27's rating: 1481 &rarr; <strong>1495<\/strong><br \/>(+14 for winning)\n|raw|Doggle4's rating: 1369 &rarr; <strong>1355<\/strong><br \/>(-14 for losing)\n|l|\u2606Doggle4\n","uploadtime":1698127398,"views":25,"p1id":"mait27","p2id":"doggle4","formatid":"gen9doublesou","rating":1355,"private":0,"password":""}