{"id":"gen9doublesou-1979126516","p1":"dzxt","p2":"Frezhtart5","format":"[Gen 9] Doubles OU","log":"|j|\u2606dzxt\n|j|\u2606Frezhtart5\n|t:|1698635792\n|gametype|doubles\n|player|p1|dzxt|102|1262\n|player|p2|Frezhtart5|nita|1239\n|teamsize|p1|6\n|teamsize|p2|6\n|gen|9\n|tier|[Gen 9] Doubles OU\n|rated|\n|rule|Species Clause: Limit one of each Pok\u00e9mon\n|rule|OHKO Clause: OHKO moves are banned\n|rule|Evasion Moves Clause: Evasion moves are banned\n|rule|Gravity Sleep Clause: The combination of sleep-inducing moves with imperfect accuracy and Gravity or Gigantamax Orbeetle are banned\n|rule|Endless Battle Clause: Forcing endless battles is banned\n|rule|HP Percentage Mod: HP is shown in percentages\n|clearpoke\n|poke|p1|Amoonguss, F|\n|poke|p1|Cresselia, F|\n|poke|p1|Ursaluna-Bloodmoon, M|\n|poke|p1|Heatran, F|\n|poke|p1|Landorus-Therian, M|\n|poke|p1|Iron Hands|\n|poke|p2|Lilligant-Hisui, F|\n|poke|p2|Torkoal, F|\n|poke|p2|Scovillain, F|\n|poke|p2|Iron Leaves|\n|poke|p2|Scream Tail|\n|poke|p2|Ninetales, F|\n|teampreview\n|\n|t:|1698635801\n|start\n|switch|p1a: Iron Hands|Iron Hands|100\/100\n|switch|p1b: Cresselia|Cresselia, F|100\/100\n|switch|p2a: Japon|Scovillain, F|100\/100\n|switch|p2b: Taelz|Ninetales, F, shiny|100\/100\n|-weather|SunnyDay|[from] ability: Drought|[of] p2b: Taelz\n|turn|1\n|\n|t:|1698635811\n|move|p1a: Iron Hands|Fake Out|p2a: Japon\n|-damage|p2a: Japon|70\/100\n|cant|p2a: Japon|flinch\n|move|p2b: Taelz|Dark Pulse|p1b: Cresselia\n|-supereffective|p1b: Cresselia\n|-damage|p1b: Cresselia|74\/100\n|-damage|p2b: Taelz|91\/100|[from] item: Life Orb\n|move|p1b: Cresselia|Trick Room|p1b: Cresselia\n|-fieldstart|move: Trick Room|[of] p1b: Cresselia\n|\n|-weather|SunnyDay|[upkeep]\n|upkeep\n|turn|2\n|\n|t:|1698635831\n|move|p1a: Iron Hands|Drain Punch|p2a: Japon\n|-damage|p2a: Japon|0 fnt\n|faint|p2a: Japon\n|move|p1b: Cresselia|Psychic|p2b: Taelz\n|-damage|p2b: Taelz|63\/100\n|move|p2b: Taelz|Extrasensory|p1a: Iron Hands\n|-supereffective|p1a: Iron Hands\n|-damage|p1a: Iron Hands|60\/100\n|-damage|p2b: Taelz|54\/100|[from] item: Life Orb\n|\n|-weather|SunnyDay|[upkeep]\n|-heal|p1a: Iron Hands|66\/100|[from] item: Leftovers\n|upkeep\n|\n|t:|1698635839\n|switch|p2a: Bonfire|Torkoal, F|100\/100\n|turn|3\n|\n|t:|1698635863\n|-end|p1a: Iron Hands|Quark Drive|[silent]\n|switch|p1a: Heatran|Heatran, F|100\/100\n|-terastallize|p2a: Bonfire|Fire\n|move|p2a: Bonfire|Eruption|p1b: Cresselia|[spread] p1b\n|-start|p1a: Heatran|ability: Flash Fire\n|-damage|p1b: Cresselia|0 fnt\n|faint|p1b: Cresselia\n|move|p2b: Taelz|Dark Pulse|p1a: Heatran\n|-damage|p1a: Heatran|86\/100\n|-damage|p2b: Taelz|44\/100|[from] item: Life Orb\n|\n|-weather|SunnyDay|[upkeep]\n|upkeep\n|\n|t:|1698635879\n|switch|p1b: Iron Hands|Iron Hands|66\/100\n|turn|4\n|\n|t:|1698635887\n|switch|p2a: Da Babee|Scream Tail|100\/100\n|-activate|p2a: Da Babee|ability: Protosynthesis\n|-start|p2a: Da Babee|protosynthesisspe\n|move|p1b: Iron Hands|Fake Out|p2a: Da Babee\n|-crit|p2a: Da Babee\n|-damage|p2a: Da Babee|80\/100\n|move|p1a: Heatran|Earth Power|p2a: Da Babee\n|-damage|p2a: Da Babee|57\/100\n|move|p2b: Taelz|Extrasensory|p1b: Iron Hands\n|-supereffective|p1b: Iron Hands\n|-damage|p1b: Iron Hands|24\/100\n|-damage|p2b: Taelz|34\/100|[from] item: Life Orb\n|\n|-weather|SunnyDay|[upkeep]\n|-heal|p1b: Iron Hands|30\/100|[from] item: Leftovers\n|-heal|p2a: Da Babee|63\/100|[from] item: Leftovers\n|upkeep\n|turn|5\n|\n|t:|1698635911\n|-end|p1b: Iron Hands|Quark Drive|[silent]\n|switch|p1b: Amoonguss|Amoonguss, F|100\/100\n|move|p1a: Heatran|Earth Power|p2b: Taelz\n|-supereffective|p2b: Taelz\n|-damage|p2b: Taelz|0 fnt\n|faint|p2b: Taelz\n|move|p2a: Da Babee|Light Screen|p2a: Da Babee\n|-sidestart|p2: Frezhtart5|move: Light Screen\n|\n|-weather|none\n|-end|p2a: Da Babee|Protosynthesis\n|-heal|p2a: Da Babee|69\/100|[from] item: Leftovers\n|-fieldend|move: Trick Room\n|upkeep\n|\n|t:|1698635922\n|switch|p2b: SteelFlower|Iron Leaves|100\/100\n|-enditem|p2b: SteelFlower|Booster Energy\n|-activate|p2b: SteelFlower|ability: Quark Drive|[fromitem]\n|-start|p2b: SteelFlower|quarkdriveatk\n|turn|6\n|\n|t:|1698635937\n|-terastallize|p1a: Heatran|Grass\n|move|p2a: Da Babee|Helping Hand|p2b: SteelFlower\n|-singleturn|p2b: SteelFlower|Helping Hand|[of] p2a: Da Babee\n|move|p1b: Amoonguss|Protect|p1b: Amoonguss\n|-singleturn|p1b: Amoonguss|Protect\n|move|p2b: SteelFlower|Psyblade|p1b: Amoonguss\n|-activate|p1b: Amoonguss|move: Protect\n|move|p1a: Heatran|Heat Wave|p2b: SteelFlower|[spread] p2b\n|-miss|p1a: Heatran|p2a: Da Babee\n|-supereffective|p2b: SteelFlower\n|-damage|p2b: SteelFlower|12\/100\n|\n|-heal|p2a: Da Babee|76\/100|[from] item: Leftovers\n|upkeep\n|turn|7\n|\n|t:|1698635963\n|move|p2a: Da Babee|Helping Hand|p2b: SteelFlower\n|-singleturn|p2b: SteelFlower|Helping Hand|[of] p2a: Da Babee\n|move|p2b: SteelFlower|Psyblade|p1a: Heatran\n|-damage|p1a: Heatran|18\/100\n|move|p1a: Heatran|Heat Wave|p2b: SteelFlower|[spread] p2a,p2b\n|-supereffective|p2b: SteelFlower\n|-damage|p2a: Da Babee|51\/100\n|-damage|p2b: SteelFlower|0 fnt\n|faint|p2b: SteelFlower\n|-end|p2b: SteelFlower|Quark Drive|[silent]\n|move|p1b: Amoonguss|Spore|p2a: Da Babee\n|-status|p2a: Da Babee|slp|[from] move: Spore\n|\n|-heal|p2a: Da Babee|57\/100 slp|[from] item: Leftovers\n|upkeep\n|\n|t:|1698635972\n|switch|p2b: Lillil|Lilligant-Hisui, F|100\/100\n|turn|8\n|\n|t:|1698635995\n|-end|p2a: Da Babee|Protosynthesis|[silent]\n|switch|p2a: Bonfire|Torkoal, F, tera:Fire|100\/100\n|-weather|SunnyDay|[from] ability: Drought|[of] p2a: Bonfire\n|-end|p1a: Heatran|ability: Flash Fire|[silent]\n|switch|p1a: Landorus|Landorus-Therian, M|100\/100\n|-ability|p1a: Landorus|Intimidate|boost\n|-unboost|p2a: Bonfire|atk|1\n|-unboost|p2b: Lillil|atk|1\n|move|p1b: Amoonguss|Rage Powder|p1b: Amoonguss\n|-singleturn|p1b: Amoonguss|move: Rage Powder\n|move|p2b: Lillil|Close Combat|p1a: Landorus\n|-resisted|p1a: Landorus\n|-damage|p1a: Landorus|83\/100\n|-unboost|p2b: Lillil|def|1\n|-unboost|p2b: Lillil|spd|1\n|\n|-weather|SunnyDay|[upkeep]\n|upkeep\n|turn|9\n|\n|t:|1698636025\n|move|p2b: Lillil|After You|p2a: Bonfire\n|-activate|p2a: Bonfire|move: After You\n|move|p2a: Bonfire|Eruption|p1b: Amoonguss|[spread] p1a,p1b\n|-supereffective|p1b: Amoonguss\n|-damage|p1a: Landorus|0 fnt\n|-damage|p1b: Amoonguss|0 fnt\n|faint|p1a: Landorus\n|faint|p1b: Amoonguss\n|\n|-weather|SunnyDay|[upkeep]\n|-sideend|p2: Frezhtart5|move: Light Screen\n|upkeep\n|\n|t:|1698636035\n|switch|p1a: Iron Hands|Iron Hands|30\/100\n|switch|p1b: Heatran|Heatran, F, tera:Grass|18\/100\n|turn|10\n|\n|t:|1698636044\n|switch|p2a: Da Babee|Scream Tail|57\/100 slp\n|-activate|p2a: Da Babee|ability: Protosynthesis\n|-start|p2a: Da Babee|protosynthesisspe\n|move|p1a: Iron Hands|Fake Out|p2a: Da Babee\n|-damage|p2a: Da Babee|44\/100 slp\n|move|p2b: Lillil|Close Combat|p1b: Heatran\n|-damage|p1b: Heatran|0 fnt\n|-unboost|p2b: Lillil|def|1\n|-unboost|p2b: Lillil|spd|1\n|faint|p1b: Heatran\n|\n|-weather|SunnyDay|[upkeep]\n|-heal|p2a: Da Babee|50\/100 slp|[from] item: Leftovers\n|-heal|p1a: Iron Hands|36\/100|[from] item: Leftovers\n|upkeep\n|\n|t:|1698636054\n|switch|p1b: Ursaluna|Ursaluna-Bloodmoon, M|100\/100\n|turn|11\n|\n|t:|1698636063\n|move|p2b: Lillil|Solar Blade||[still]\n|-prepare|p2b: Lillil|Solar Blade\n|-anim|p2b: Lillil|Solar Blade|p1b: Ursaluna\n|-supereffective|p1b: Ursaluna\n|-damage|p1b: Ursaluna|47\/100\n|cant|p2a: Da Babee|slp\n|move|p1a: Iron Hands|Drain Punch|p2b: Lillil\n|-enditem|p2b: Lillil|Focus Sash\n|-damage|p2b: Lillil|1\/100\n|-heal|p1a: Iron Hands|68\/100|[from] drain|[of] p2b: Lillil\n|move|p1b: Ursaluna|Focus Blast|p2a: Da Babee|[miss]\n|-miss|p1b: Ursaluna|p2a: Da Babee\n|\n|-weather|SunnyDay|[upkeep]\n|-heal|p2a: Da Babee|56\/100 slp|[from] item: Leftovers\n|-heal|p1a: Iron Hands|74\/100|[from] item: Leftovers\n|upkeep\n|turn|12\n|-message|dzxt forfeited.\n|\n|win|Frezhtart5\n|raw|dzxt's rating: 1262 &rarr; <strong>1235<\/strong><br \/>(-27 for losing)\n|raw|Frezhtart5's rating: 1239 &rarr; <strong>1266<\/strong><br \/>(+27 for winning)\n|l|\u2606dzxt\n","uploadtime":1698636414,"views":28,"p1id":"dzxt","p2id":"frezhtart5","formatid":"gen9doublesou","rating":1235,"private":0,"password":""}