{"id":"gen9doublesou-1968294693","p1":"Yuuuuj","p2":"Vargs-99","format":"[Gen 9] Doubles OU","log":"|html|<div class=\"broadcast-blue\"><strong>[Gen 9] Doubles OU is currently suspecting Basculegion & Flutter Mane! For information on how to participate check out the <a href=\"https:\/\/www.smogon.com\/forums\/threads\/np-sv-dou-stage-8-double-trouble.3729153\/\">suspect thread<\/a>.<\/strong><\/div>\n|j|\u2606Yuuuuj\n|j|\u2606Vargs-99\n|t:|1697403278\n|gametype|doubles\n|player|p1|Yuuuuj|170|1210\n|player|p2|Vargs-99|preschooler|1301\n|teamsize|p1|6\n|teamsize|p2|6\n|gen|9\n|tier|[Gen 9] Doubles OU\n|rated|\n|rule|Species Clause: Limit one of each Pok\u00e9mon\n|rule|OHKO Clause: OHKO moves are banned\n|rule|Evasion Moves Clause: Evasion moves are banned\n|rule|Gravity Sleep Clause: The combination of sleep-inducing moves with imperfect accuracy and Gravity or Gigantamax Orbeetle are banned\n|rule|Endless Battle Clause: Forcing endless battles is banned\n|rule|HP Percentage Mod: HP is shown in percentages\n|clearpoke\n|poke|p1|Luxray, F|\n|poke|p1|Talonflame, F|\n|poke|p1|Squawkabilly, F|\n|poke|p1|Dragonite, F|\n|poke|p1|Ursaluna, F|\n|poke|p1|Rotom-Wash|\n|poke|p2|Oricorio-Pom-Pom, F|\n|poke|p2|Volcarona, F|\n|poke|p2|Grimmsnarl, M|\n|poke|p2|Quaquaval, M|\n|poke|p2|Mamoswine, F|\n|poke|p2|Roaring Moon|\n|teampreview\n|inactive|Battle timer is ON: inactive players will automatically lose when time's up. (requested by Yuuuuj)\n|\n|t:|1697403298\n|start\n|switch|p1a: Dragonite|Dragonite, F|100\/100\n|switch|p1b: Squawkabilly|Squawkabilly, F|100\/100\n|switch|p2a: Grimmsnarl|Grimmsnarl, M|100\/100\n|switch|p2b: Quaquaval|Quaquaval, M|100\/100\n|turn|1\n|inactive|Vargs-99 has 120 seconds left.\n|\n|t:|1697403336\n|switch|p2b: Mamoswine|Mamoswine, F|100\/100\n|move|p1a: Dragonite|Extreme Speed|p2b: Mamoswine\n|-damage|p2b: Mamoswine|59\/100\n|move|p2a: Grimmsnarl|Reflect|p2a: Grimmsnarl\n|-sidestart|p2: Vargs-99|Reflect\n|move|p1b: Squawkabilly|Mimic|p1a: Dragonite\n|-start|p1b: Squawkabilly|Mimic|Extreme Speed\n|\n|-heal|p2b: Mamoswine|65\/100|[from] item: Leftovers\n|-status|p1b: Squawkabilly|brn|[from] item: Flame Orb\n|upkeep\n|turn|2\n|inactive|Vargs-99 has 120 seconds left.\n|\n|t:|1697403368\n|switch|p1a: Rotom|Rotom-Wash|100\/100\n|move|p1b: Squawkabilly|Protect|p1b: Squawkabilly\n|-singleturn|p1b: Squawkabilly|Protect\n|move|p2b: Mamoswine|Ice Shard|p1b: Squawkabilly\n|-activate|p1b: Squawkabilly|move: Protect\n|move|p2a: Grimmsnarl|Spirit Break|p1a: Rotom\n|-damage|p1a: Rotom|58\/100\n|-unboost|p1a: Rotom|spa|1\n|\n|-heal|p2b: Mamoswine|71\/100|[from] item: Leftovers\n|-damage|p1b: Squawkabilly|94\/100 brn|[from] brn\n|upkeep\n|turn|3\n|inactive|Vargs-99 has 120 seconds left.\n|\n|t:|1697403390\n|-terastallize|p1b: Squawkabilly|Normal\n|move|p1b: Squawkabilly|Extreme Speed|p2b: Mamoswine\n|-crit|p2b: Mamoswine\n|-damage|p2b: Mamoswine|0 fnt\n|faint|p2b: Mamoswine\n|move|p2a: Grimmsnarl|Light Screen|p2a: Grimmsnarl\n|-sidestart|p2: Vargs-99|move: Light Screen\n|move|p1a: Rotom|Will-O-Wisp|p2a: Grimmsnarl\n|-status|p2a: Grimmsnarl|brn\n|\n|-damage|p1b: Squawkabilly|88\/100 brn|[from] brn\n|-damage|p2a: Grimmsnarl|94\/100 brn|[from] brn\n|upkeep\n|\n|t:|1697403415\n|switch|p2b: Quaquaval|Quaquaval, M|100\/100\n|turn|4\n|inactive|Vargs-99 has 120 seconds left.\n|\n|t:|1697403431\n|move|p1b: Squawkabilly|Protect|p1b: Squawkabilly\n|-singleturn|p1b: Squawkabilly|Protect\n|move|p1a: Rotom|Will-O-Wisp|p2b: Quaquaval\n|-status|p2b: Quaquaval|brn\n|move|p2b: Quaquaval|Close Combat|p1b: Squawkabilly\n|-activate|p1b: Squawkabilly|move: Protect\n|move|p2a: Grimmsnarl|Spirit Break|p1a: Rotom\n|-damage|p1a: Rotom|39\/100\n|-unboost|p1a: Rotom|spa|1\n|\n|-damage|p2b: Quaquaval|94\/100 brn|[from] brn\n|-damage|p1b: Squawkabilly|82\/100 brn|[from] brn\n|-damage|p2a: Grimmsnarl|88\/100 brn|[from] brn\n|upkeep\n|turn|5\n|inactive|Vargs-99 has 120 seconds left.\n|\n|t:|1697403466\n|switch|p1b: Luxray|Luxray, F|100\/100\n|move|p1a: Rotom|Will-O-Wisp|p1b: Luxray\n|-status|p1b: Luxray|brn\n|move|p2b: Quaquaval|Flip Turn|p1a: Rotom\n|-resisted|p1a: Rotom\n|-damage|p1a: Rotom|30\/100\n|\n|t:|1697403476\n|switch|p2b: Volcarona|Volcarona, F|100\/100|[from] Flip Turn\n|move|p2a: Grimmsnarl|Spirit Break|p1a: Rotom\n|-damage|p1a: Rotom|8\/100\n|-unboost|p1a: Rotom|spa|1\n|\n|-damage|p1b: Luxray|94\/100 brn|[from] brn\n|-damage|p2a: Grimmsnarl|82\/100 brn|[from] brn\n|upkeep\n|turn|6\n|inactive|Vargs-99 has 120 seconds left.\n|\n|t:|1697403510\n|switch|p1b: Ursaluna|Ursaluna, F|100\/100\n|-terastallize|p2b: Volcarona|Grass\n|move|p2a: Grimmsnarl|Parting Shot|p1a: Rotom\n|-unboost|p1a: Rotom|atk|1\n|-unboost|p1a: Rotom|spa|1\n|\n|t:|1697403518\n|switch|p2a: Oricorio|Oricorio-Pom-Pom, F|100\/100|[from] Parting Shot\n|move|p1a: Rotom|Will-O-Wisp|p1b: Ursaluna\n|-status|p1b: Ursaluna|brn\n|move|p2b: Volcarona|Quiver Dance|p2b: Volcarona\n|-boost|p2b: Volcarona|spa|1\n|-boost|p2b: Volcarona|spd|1\n|-boost|p2b: Volcarona|spe|1\n|-activate|p2a: Oricorio|ability: Dancer\n|move|p2a: Oricorio|Quiver Dance|p2a: Oricorio|[from]ability: Dancer\n|-boost|p2a: Oricorio|spa|1\n|-boost|p2a: Oricorio|spd|1\n|-boost|p2a: Oricorio|spe|1\n|\n|-damage|p1b: Ursaluna|94\/100 brn|[from] brn\n|upkeep\n|turn|7\n|inactive|Vargs-99 has 120 seconds left.\n|inactive|Vargs-99 has 90 seconds left.\n|\n|t:|1697403573\n|switch|p1b: Dragonite|Dragonite, F|100\/100\n|move|p2a: Oricorio|Protect|p2a: Oricorio\n|-singleturn|p2a: Oricorio|Protect\n|move|p2b: Volcarona|Fiery Dance|p1a: Rotom\n|-resisted|p1a: Rotom\n|-damage|p1a: Rotom|0 fnt\n|faint|p1a: Rotom\n|-activate|p2a: Oricorio|ability: Dancer\n|move|p2a: Oricorio|Fiery Dance|p1b: Dragonite|[from]ability: Dancer\n|-resisted|p1b: Dragonite\n|-damage|p1b: Dragonite|82\/100\n|-boost|p2a: Oricorio|spa|1\n|\n|upkeep\n|\n|t:|1697403590\n|switch|p1a: Talonflame|Talonflame, F|100\/100\n|turn|8\n|inactive|Vargs-99 has 90 seconds left.\n|\n|t:|1697403610\n|move|p2b: Volcarona|Protect|p2b: Volcarona\n|-singleturn|p2b: Volcarona|Protect\n|move|p1b: Dragonite|Extreme Speed|p2a: Oricorio\n|-damage|p2a: Oricorio|59\/100\n|move|p1a: Talonflame|Tailwind|p1a: Talonflame\n|-sidestart|p1: Yuuuuj|move: Tailwind\n|move|p2a: Oricorio|Revelation Dance|p1a: Talonflame\n|-supereffective|p1a: Talonflame\n|-enditem|p1a: Talonflame|Focus Sash\n|-damage|p1a: Talonflame|1\/100\n|\n|-sideend|p2: Vargs-99|Reflect\n|upkeep\n|turn|9\n|inactive|Vargs-99 has 90 seconds left.\n|inactive|Vargs-99 has 60 seconds left.\n|inactive|Vargs-99 has 30 seconds left.\n|\n|t:|1697403698\n|switch|p2a: Grimmsnarl|Grimmsnarl, M|82\/100 brn\n|move|p1b: Dragonite|Extreme Speed|p2b: Volcarona\n|-damage|p2b: Volcarona|60\/100\n|-status|p1b: Dragonite|brn|[from] ability: Flame Body|[of] p2b: Volcarona\n|move|p1a: Talonflame|Brave Bird|p2b: Volcarona\n|-supereffective|p2b: Volcarona\n|-damage|p2b: Volcarona|0 fnt\n|faint|p2b: Volcarona\n|-damage|p1a: Talonflame|0 fnt|[from] Recoil\n|faint|p1a: Talonflame\n|\n|-damage|p1b: Dragonite|76\/100 brn|[from] brn\n|-damage|p2a: Grimmsnarl|76\/100 brn|[from] brn\n|upkeep\n|inactive|Vargs-99 has 30 seconds left.\n|\n|t:|1697403729\n|switch|p1a: Squawkabilly|Squawkabilly, F, tera:Normal|82\/100 brn\n|switch|p2b: Roaring Moon|Roaring Moon|100\/100\n|-enditem|p2b: Roaring Moon|Booster Energy\n|-activate|p2b: Roaring Moon|ability: Protosynthesis|[fromitem]\n|-start|p2b: Roaring Moon|protosynthesisatk\n|turn|10\n|\n|t:|1697403743\n|move|p1b: Dragonite|Extreme Speed|p2a: Grimmsnarl\n|-damage|p2a: Grimmsnarl|56\/100 brn\n|move|p2a: Grimmsnarl|Reflect|p2a: Grimmsnarl\n|-sidestart|p2: Vargs-99|Reflect\n|move|p1a: Squawkabilly|Mimic|p1b: Dragonite\n|-start|p1a: Squawkabilly|Mimic|Extreme Speed\n|move|p2b: Roaring Moon|Acrobatics|p1a: Squawkabilly\n|-damage|p1a: Squawkabilly|0 fnt\n|faint|p1a: Squawkabilly\n|\n|-damage|p1b: Dragonite|70\/100 brn|[from] brn\n|-damage|p2a: Grimmsnarl|50\/100 brn|[from] brn\n|-sideend|p2: Vargs-99|move: Light Screen\n|upkeep\n|\n|t:|1697403757\n|switch|p1a: Ursaluna|Ursaluna, F|94\/100 brn\n|turn|11\n|inactive|Vargs-99 has 60 seconds left.\n|\n|t:|1697403767\n|move|p1b: Dragonite|Extreme Speed|p2b: Roaring Moon\n|-damage|p2b: Roaring Moon|84\/100\n|move|p2b: Roaring Moon|Dragon Claw|p1b: Dragonite\n|-supereffective|p1b: Dragonite\n|-damage|p1b: Dragonite|0 fnt\n|faint|p1b: Dragonite\n|move|p1a: Ursaluna|Ice Punch|p2b: Roaring Moon\n|-supereffective|p2b: Roaring Moon\n|-damage|p2b: Roaring Moon|12\/100\n|move|p2a: Grimmsnarl|Spirit Break|p1a: Ursaluna\n|-damage|p1a: Ursaluna|85\/100 brn\n|-unboost|p1a: Ursaluna|spa|1\n|\n|-damage|p1a: Ursaluna|79\/100 brn|[from] brn\n|-damage|p2a: Grimmsnarl|44\/100 brn|[from] brn\n|-sideend|p1: Yuuuuj|move: Tailwind\n|upkeep\n|\n|t:|1697403777\n|switch|p1b: Luxray|Luxray, F|94\/100 brn\n|turn|12\n|\n|t:|1697403803\n|move|p1b: Luxray|Quick Attack|p2b: Roaring Moon\n|-damage|p2b: Roaring Moon|0 fnt\n|faint|p2b: Roaring Moon\n|-end|p2b: Roaring Moon|Protosynthesis|[silent]\n|-damage|p1b: Luxray|84\/100 brn|[from] item: Life Orb\n|move|p2a: Grimmsnarl|Parting Shot|p1b: Luxray\n|-unboost|p1b: Luxray|atk|1\n|-unboost|p1b: Luxray|spa|1\n|\n|t:|1697403813\n|switch|p2a: Quaquaval|Quaquaval, M|94\/100 brn|[from] Parting Shot\n|move|p1a: Ursaluna|Drain Punch|p2a: Quaquaval\n|-damage|p2a: Quaquaval|52\/100 brn\n|-heal|p1a: Ursaluna|95\/100 brn|[from] drain|[of] p2a: Quaquaval\n|\n|-damage|p2a: Quaquaval|46\/100 brn|[from] brn\n|-damage|p1b: Luxray|78\/100 brn|[from] brn\n|-damage|p1a: Ursaluna|89\/100 brn|[from] brn\n|upkeep\n|inactive|Vargs-99 has 60 seconds left.\n|\n|t:|1697403824\n|switch|p2b: Oricorio|Oricorio-Pom-Pom, F|59\/100\n|turn|13\n|\n|t:|1697403842\n|move|p2b: Oricorio|Protect|p2b: Oricorio\n|-singleturn|p2b: Oricorio|Protect\n|move|p2a: Quaquaval|Aqua Step|p1a: Ursaluna\n|-supereffective|p1a: Ursaluna\n|-damage|p1a: Ursaluna|65\/100 brn\n|-boost|p2a: Quaquaval|spe|1\n|-activate|p2b: Oricorio|ability: Dancer\n|move|p2b: Oricorio|Aqua Step|p1a: Ursaluna|[from]ability: Dancer\n|-supereffective|p1a: Ursaluna\n|-damage|p1a: Ursaluna|50\/100 brn\n|-boost|p2b: Oricorio|spe|1\n|move|p1b: Luxray|Facade|p2a: Quaquaval\n|-damage|p2a: Quaquaval|0 fnt\n|faint|p2a: Quaquaval\n|-damage|p1b: Luxray|68\/100 brn|[from] item: Life Orb\n|move|p1a: Ursaluna|Facade|p2b: Oricorio\n|-activate|p2b: Oricorio|move: Protect\n|\n|-damage|p1b: Luxray|62\/100 brn|[from] brn\n|-damage|p1a: Ursaluna|44\/100 brn|[from] brn\n|upkeep\n|inactive|Vargs-99 has 60 seconds left.\n|\n|t:|1697403867\n|switch|p2a: Grimmsnarl|Grimmsnarl, M|44\/100 brn\n|turn|14\n|\n|t:|1697403885\n|move|p2a: Grimmsnarl|Parting Shot|p1a: Ursaluna\n|-unboost|p1a: Ursaluna|atk|1\n|-unboost|p1a: Ursaluna|spa|1\n|move|p2b: Oricorio|Air Slash|p1a: Ursaluna\n|-damage|p1a: Ursaluna|22\/100 brn\n|move|p1b: Luxray|Facade|p2b: Oricorio\n|-damage|p2b: Oricorio|0 fnt\n|faint|p2b: Oricorio\n|-damage|p1b: Luxray|52\/100 brn|[from] item: Life Orb\n|cant|p1a: Ursaluna|flinch\n|\n|-damage|p1b: Luxray|46\/100 brn|[from] brn\n|-damage|p2a: Grimmsnarl|37\/100 brn|[from] brn\n|-damage|p1a: Ursaluna|15\/100 brn|[from] brn\n|upkeep\n|turn|15\n|\n|t:|1697403906\n|move|p1b: Luxray|Facade|p2a: Grimmsnarl\n|-crit|p2a: Grimmsnarl\n|-damage|p2a: Grimmsnarl|0 fnt\n|faint|p2a: Grimmsnarl\n|-damage|p1b: Luxray|36\/100 brn|[from] item: Life Orb\n|\n|win|Yuuuuj\n|raw|Yuuuuj's rating: 1210 &rarr; <strong>1241<\/strong><br \/>(+31 for winning)\n|raw|Vargs-99's rating: 1301 &rarr; <strong>1276<\/strong><br \/>(-25 for losing)\n|c|\u2606Yuuuuj|Gg\n|c|\u2606Vargs-99|Gg\n|l|\u2606Vargs-99\n|c|\u2606Yuuuuj|Did you learn anything\n","uploadtime":1697403936,"views":10,"p1id":"yuuuuj","p2id":"vargs99","formatid":"gen9doublesou","rating":1241,"private":0,"password":""}