{"id":"gen9doublesou-1989259671","p1":"Korge123456","p2":"ryryebread","format":"[Gen 9] Doubles OU","log":"|j|\u2606Korge123456\n|j|\u2606ryryebread\n|t:|1699829027\n|gametype|doubles\n|player|p1|Korge123456|marlon|1187\n|player|p2|ryryebread|furisodegirl-pink|1000\n|teamsize|p1|6\n|teamsize|p2|6\n|gen|9\n|tier|[Gen 9] Doubles OU\n|rated|\n|rule|Species Clause: Limit one of each Pok\u00e9mon\n|rule|OHKO Clause: OHKO moves are banned\n|rule|Evasion Moves Clause: Evasion moves are banned\n|rule|Gravity Sleep Clause: The combination of sleep-inducing moves with imperfect accuracy and Gravity or Gigantamax Orbeetle are banned\n|rule|Endless Battle Clause: Forcing endless battles is banned\n|rule|HP Percentage Mod: HP is shown in percentages\n|clearpoke\n|poke|p1|Sneasler, F|\n|poke|p1|Fezandipiti, M|\n|poke|p1|Rillaboom, F|\n|poke|p1|Goodra-Hisui, M|\n|poke|p1|Samurott-Hisui, M|\n|poke|p1|Landorus, M|\n|poke|p2|Lurantis, F|\n|poke|p2|Gastrodon, M|\n|poke|p2|Pincurchin, M|\n|poke|p2|Garganacl, M|\n|poke|p2|Samurott-Hisui, M|\n|poke|p2|Heatran, M|\n|teampreview\n|inactive|Battle timer is ON: inactive players will automatically lose when time's up. (requested by ryryebread)\n|\n|t:|1699829039\n|start\n|switch|p1a: Samurott|Samurott-Hisui, M|100\/100\n|switch|p1b: Fezandipiti|Fezandipiti, M|100\/100\n|switch|p2a: popipo|Pincurchin, M|100\/100\n|switch|p2b: centrifugal force|Lurantis, F, shiny|100\/100\n|-fieldstart|move: Electric Terrain|[from] ability: Electric Surge|[of] p2a: popipo\n|turn|1\n|\n|t:|1699829058\n|move|p1b: Fezandipiti|Tailwind|p1b: Fezandipiti\n|-sidestart|p1: Korge123456|move: Tailwind\n|move|p1a: Samurott|Air Slash|p2b: centrifugal force\n|-supereffective|p2b: centrifugal force\n|-damage|p2b: centrifugal force|23\/100\n|-damage|p1a: Samurott|91\/100|[from] item: Life Orb\n|move|p2b: centrifugal force|Leaf Storm|p1a: Samurott\n|-supereffective|p1a: Samurott\n|-damage|p1a: Samurott|0 fnt\n|-boost|p2b: centrifugal force|spa|2\n|faint|p1a: Samurott\n|move|p2a: popipo|Toxic Spikes|p1b: Fezandipiti\n|-sidestart|p1: Korge123456|move: Toxic Spikes\n|\n|-heal|p2b: centrifugal force|29\/100|[from] item: Leftovers\n|upkeep\n|inactive|Korge123456 has 120 seconds left.\n|\n|t:|1699829078\n|switch|p1a: Landorus|Landorus, M|100\/100\n|turn|2\n|\n|t:|1699829095\n|move|p1a: Landorus|Sandsear Storm|p2b: centrifugal force|[spread] p2a,p2b\n|-supereffective|p2a: popipo\n|-resisted|p2b: centrifugal force\n|-damage|p2a: popipo|0 fnt\n|-damage|p2b: centrifugal force|4\/100\n|faint|p2a: popipo\n|move|p1b: Fezandipiti|Heat Wave|p2b: centrifugal force\n|-supereffective|p2b: centrifugal force\n|-damage|p2b: centrifugal force|0 fnt\n|faint|p2b: centrifugal force\n|\n|upkeep\n|\n|t:|1699829108\n|switch|p2b: sal|Garganacl, M, shiny|100\/100\n|switch|p2a: sashimi|Samurott-Hisui, M, shiny|100\/100\n|turn|3\n|-activate|p2a: sashimi|item: Quick Claw\n|\n|t:|1699829127\n|move|p2a: sashimi|Aqua Cutter|p1a: Landorus\n|-supereffective|p1a: Landorus\n|-damage|p1a: Landorus|0 fnt\n|faint|p1a: Landorus\n|move|p1b: Fezandipiti|Dazzling Gleam|p2b: sal|[spread] p2a,p2b\n|-supereffective|p2a: sashimi\n|-damage|p2a: sashimi|46\/100\n|-damage|p2b: sal|82\/100\n|-status|p2b: sal|tox|[from] ability: Toxic Chain|[of] p1b: Fezandipiti\n|move|p2b: sal|Salt Cure|p1b: Fezandipiti\n|-damage|p1b: Fezandipiti|84\/100\n|-start|p1b: Fezandipiti|Salt Cure\n|\n|-damage|p2b: sal|76\/100 tox|[from] psn\n|-damage|p1b: Fezandipiti|72\/100|[from] Salt Cure\n|upkeep\n|\n|t:|1699829146\n|switch|p1a: Rillaboom|Rillaboom, F|100\/100\n|-status|p1a: Rillaboom|psn\n|-fieldstart|move: Grassy Terrain|[from] ability: Grassy Surge|[of] p1a: Rillaboom\n|turn|4\n|\n|t:|1699829157\n|switch|p2a: heebie jeebies|Heatran, M|100\/100\n|move|p1a: Rillaboom|Fake Out|p2a: heebie jeebies\n|-resisted|p2a: heebie jeebies\n|-damage|p2a: heebie jeebies|93\/100\n|move|p1b: Fezandipiti|Icy Wind|p2a: heebie jeebies|[spread] p2a,p2b\n|-resisted|p2a: heebie jeebies\n|-damage|p2a: heebie jeebies|91\/100\n|-damage|p2b: sal|69\/100 tox\n|-unboost|p2a: heebie jeebies|spe|1\n|move|p2b: sal|Iron Defense|p2b: sal\n|-boost|p2b: sal|def|2\n|\n|-heal|p1b: Fezandipiti|78\/100|[from] Grassy Terrain\n|-heal|p2a: heebie jeebies|97\/100|[from] Grassy Terrain\n|-heal|p2a: heebie jeebies|100\/100|[from] item: Leftovers\n|-heal|p2b: sal|75\/100 tox|[from] Grassy Terrain\n|-damage|p1a: Rillaboom|88\/100 psn|[from] psn\n|-damage|p2b: sal|63\/100 tox|[from] psn\n|-damage|p1b: Fezandipiti|65\/100|[from] Salt Cure\n|-sideend|p1: Korge123456|move: Tailwind\n|upkeep\n|turn|5\n|inactive|Korge123456 has 120 seconds left.\n|\n|t:|1699829187\n|move|p1a: Rillaboom|Grassy Glide|p2b: sal\n|-supereffective|p2b: sal\n|-damage|p2b: sal|43\/100 tox\n|-damage|p1a: Rillaboom|72\/100 psn|[from] item: Rocky Helmet|[of] p2b: sal\n|move|p1b: Fezandipiti|Dazzling Gleam|p2a: heebie jeebies|[spread] p2a,p2b\n|-resisted|p2a: heebie jeebies\n|-damage|p2a: heebie jeebies|95\/100\n|-damage|p2b: sal|25\/100 tox\n|move|p2a: heebie jeebies|Magma Storm|p1a: Rillaboom\n|-supereffective|p1a: Rillaboom\n|-damage|p1a: Rillaboom|0 fnt\n|faint|p1a: Rillaboom\n|move|p2b: sal|Salt Cure|p1b: Fezandipiti\n|-damage|p1b: Fezandipiti|48\/100\n|-enditem|p1b: Fezandipiti|Sitrus Berry|[eat]\n|-heal|p1b: Fezandipiti|72\/100|[from] item: Sitrus Berry\n|\n|-heal|p1b: Fezandipiti|78\/100|[from] Grassy Terrain\n|-heal|p2a: heebie jeebies|100\/100|[from] Grassy Terrain\n|-heal|p2b: sal|32\/100 tox|[from] Grassy Terrain\n|-damage|p2b: sal|13\/100 tox|[from] psn\n|-damage|p1b: Fezandipiti|66\/100|[from] Salt Cure\n|upkeep\n|inactive|Korge123456 has 120 seconds left.\n|\n|t:|1699829214\n|switch|p1a: Sneasler|Sneasler, F, shiny|100\/100\n|-sideend|p1: Korge123456|move: Toxic Spikes|[of] p1a: Sneasler\n|turn|6\n|inactive|Korge123456 has 120 seconds left.\n|\n|t:|1699829223\n|move|p1a: Sneasler|Fake Out|p2a: heebie jeebies\n|-resisted|p2a: heebie jeebies\n|-damage|p2a: heebie jeebies|93\/100\n|move|p1b: Fezandipiti|Tailwind|p1b: Fezandipiti\n|-sidestart|p1: Korge123456|move: Tailwind\n|cant|p2a: heebie jeebies|flinch\n|move|p2b: sal|Recover|p2b: sal\n|-heal|p2b: sal|63\/100 tox\n|\n|-heal|p1b: Fezandipiti|72\/100|[from] Grassy Terrain\n|-heal|p2a: heebie jeebies|99\/100|[from] Grassy Terrain\n|-heal|p2a: heebie jeebies|100\/100|[from] item: Leftovers\n|-heal|p2b: sal|69\/100 tox|[from] Grassy Terrain\n|-damage|p2b: sal|45\/100 tox|[from] psn\n|-damage|p1b: Fezandipiti|60\/100|[from] Salt Cure\n|upkeep\n|turn|7\n|inactive|Korge123456 has 120 seconds left.\n|\n|t:|1699829250\n|move|p1a: Sneasler|Close Combat|p2a: heebie jeebies\n|-supereffective|p2a: heebie jeebies\n|-damage|p2a: heebie jeebies|0 fnt\n|-unboost|p1a: Sneasler|def|1\n|-unboost|p1a: Sneasler|spd|1\n|faint|p2a: heebie jeebies\n|move|p1b: Fezandipiti|Icy Wind|p2b: sal\n|-damage|p2b: sal|34\/100 tox\n|move|p2b: sal|Recover|p2b: sal\n|-heal|p2b: sal|84\/100 tox\n|\n|-heal|p1b: Fezandipiti|66\/100|[from] Grassy Terrain\n|-heal|p2b: sal|90\/100 tox|[from] Grassy Terrain\n|-damage|p2b: sal|59\/100 tox|[from] psn\n|-damage|p1b: Fezandipiti|53\/100|[from] Salt Cure\n|upkeep\n|\n|t:|1699829256\n|switch|p2a: goopy|Gastrodon, M, shiny|100\/100\n|turn|8\n|\n|t:|1699829279\n|switch|p1b: Goodra|Goodra-Hisui, M, shiny|100\/100\n|-enditem|p1b: Goodra|Grassy Seed\n|-boost|p1b: Goodra|def|1|[from] item: Grassy Seed\n|move|p1a: Sneasler|Close Combat|p2b: sal\n|-supereffective|p2b: sal\n|-crit|p2b: sal\n|-damage|p2b: sal|0 fnt\n|-unboost|p1a: Sneasler|def|1\n|-unboost|p1a: Sneasler|spd|1\n|-damage|p1a: Sneasler|84\/100|[from] item: Rocky Helmet|[of] p2b: sal\n|faint|p2b: sal\n|move|p2a: goopy|Earthquake|p1b: Goodra|[spread] p1a,p1b\n|-supereffective|p1a: Sneasler\n|-supereffective|p1b: Goodra\n|-damage|p1a: Sneasler|0 fnt\n|-damage|p1b: Goodra|85\/100\n|faint|p1a: Sneasler\n|-damage|p2a: goopy|91\/100|[from] item: Life Orb\n|\n|-heal|p1b: Goodra|91\/100|[from] Grassy Terrain\n|-heal|p2a: goopy|97\/100|[from] Grassy Terrain\n|-fieldend|move: Grassy Terrain\n|upkeep\n|\n|t:|1699829300\n|switch|p1a: Fezandipiti|Fezandipiti, M|53\/100\n|switch|p2b: sashimi|Samurott-Hisui, M, shiny|46\/100\n|turn|9\n|-activate|p2b: sashimi|item: Quick Claw\n|\n|t:|1699829315\n|move|p2b: sashimi|Sacred Sword|p1b: Goodra\n|-supereffective|p1b: Goodra\n|-crit|p1b: Goodra\n|-damage|p1b: Goodra|0 fnt\n|faint|p1b: Goodra\n|move|p1a: Fezandipiti|Dazzling Gleam|p2b: sashimi|[spread] p2a,p2b\n|-supereffective|p2b: sashimi\n|-damage|p2a: goopy|77\/100\n|-damage|p2b: sashimi|0 fnt\n|-status|p2a: goopy|tox|[from] ability: Toxic Chain|[of] p1a: Fezandipiti\n|faint|p2b: sashimi\n|move|p2a: goopy|Earthquake|p1a: Fezandipiti\n|-supereffective|p1a: Fezandipiti\n|-damage|p1a: Fezandipiti|0 fnt\n|faint|p1a: Fezandipiti\n|-damage|p2a: goopy|67\/100 tox|[from] item: Life Orb\n|\n|win|ryryebread\n|raw|Korge123456's rating: 1187 &rarr; <strong>1150<\/strong><br \/>(-37 for losing)\n|raw|ryryebread's rating: 1000 &rarr; <strong>1060<\/strong><br \/>(+60 for winning)\n|c|\u2606ryryebread|gg\n","uploadtime":1699829332,"views":7,"p1id":"korge123456","p2id":"ryryebread","formatid":"gen9doublesou","rating":1060,"private":0,"password":""}