{"id":"gen9doublesou-1985066502","p1":"KeanuVGC","p2":"AIRedzone","format":"[Gen 9] Doubles OU","log":"|j|\u2606KeanuVGC\n|j|\u2606AIRedzone\n|t:|1699326613\n|gametype|doubles\n|player|p1|KeanuVGC|ash|\n|player|p2|AIRedzone|#dwcopiii|\n|teamsize|p1|6\n|teamsize|p2|6\n|gen|9\n|tier|[Gen 9] Doubles OU\n|rule|Species Clause: Limit one of each Pok\u00e9mon\n|rule|OHKO Clause: OHKO moves are banned\n|rule|Evasion Moves Clause: Evasion moves are banned\n|rule|Gravity Sleep Clause: The combination of sleep-inducing moves with imperfect accuracy and Gravity or Gigantamax Orbeetle are banned\n|rule|Endless Battle Clause: Forcing endless battles is banned\n|rule|HP Percentage Mod: HP is shown in percentages\n|clearpoke\n|poke|p1|Roaring Moon|\n|poke|p1|Ogerpon-Wellspring, F|\n|poke|p1|Arcanine-Hisui, M|\n|poke|p1|Manaphy|\n|poke|p1|Gholdengo|\n|poke|p1|Rillaboom, F|\n|poke|p2|Regidrago|\n|poke|p2|Gholdengo|\n|poke|p2|Tornadus, M|\n|poke|p2|Rillaboom, F|\n|poke|p2|Landorus-Therian, M|\n|poke|p2|Volcanion|\n|teampreview\n|c|\u2606KeanuVGC|glhf\n|c|\u2606AIRedzone|u2\n|j| theyummybagel\n|j|+ryo yamada2001\n|j| LC Enjoyer Fan\n|j| Concept Everything\n|j| spcplayzz\n|j| Lunarr\n|j| Viper\n|j| Schister\n|l| LC Enjoyer Fan\n|j| luisin\n|j| eragon11145\n|j| Jello1231\n|j| Bellingham5\n|j| EGAWalreins\n|\n|t:|1699326682\n|start\n|switch|p1a: Roaring Moon|Roaring Moon|100\/100\n|switch|p1b: Arcanine|Arcanine-Hisui, M|100\/100\n|switch|p2a: L.E.D.|Gholdengo|100\/100\n|switch|p2b: Dicker's Done|Landorus-Therian, M|100\/100\n|-ability|p1b: Arcanine|Intimidate|boost\n|-unboost|p2a: L.E.D.|atk|1\n|-unboost|p2b: Dicker's Done|atk|1\n|-ability|p2b: Dicker's Done|Intimidate|boost\n|-unboost|p1a: Roaring Moon|atk|1\n|-unboost|p1b: Arcanine|atk|1\n|-enditem|p1a: Roaring Moon|Booster Energy\n|-activate|p1a: Roaring Moon|ability: Protosynthesis|[fromitem]\n|-start|p1a: Roaring Moon|protosynthesisspe\n|turn|1\n|j| sunk or swam\n|inactive|Battle timer is ON: inactive players will automatically lose when time's up. (requested by KeanuVGC)\n|j| IwantKEANU2sitonme\n|j| Piyush21\n|j| Ninja\n|l| sunk or swam\n|j| Lemurro\n|c| Piyush21|Chak de India\n|inactive|AIRedzone has 270 seconds left.\n|c|\u2606KeanuVGC|bro cheese these nicknames\n|\n|t:|1699326740\n|move|p1a: Roaring Moon|Tailwind|p1a: Roaring Moon\n|-sidestart|p1: KeanuVGC|move: Tailwind\n|move|p1b: Arcanine|Will-O-Wisp|p2b: Dicker's Done\n|-status|p2b: Dicker's Done|brn\n|move|p2b: Dicker's Done|Stealth Rock|p1b: Arcanine\n|-sidestart|p1: KeanuVGC|move: Stealth Rock\n|move|p2a: L.E.D.|Make It Rain|p1a: Roaring Moon|[spread] p1a,p1b\n|-damage|p1a: Roaring Moon|51\/100\n|-damage|p1b: Arcanine|39\/100\n|-unboost|p2a: L.E.D.|spa|1\n|-enditem|p1b: Arcanine|Sitrus Berry|[eat]\n|-heal|p1b: Arcanine|64\/100|[from] item: Sitrus Berry\n|\n|-damage|p2b: Dicker's Done|94\/100 brn|[from] brn\n|upkeep\n|turn|2\n|c|\u2606KeanuVGC|lmao\n|inactive|KeanuVGC has 270 seconds left.\n|\n|t:|1699326772\n|move|p2a: L.E.D.|Protect|p2a: L.E.D.\n|-singleturn|p2a: L.E.D.|Protect\n|move|p1a: Roaring Moon|Knock Off|p2b: Dicker's Done\n|-damage|p2b: Dicker's Done|66\/100 brn\n|-enditem|p2b: Dicker's Done|Sitrus Berry|[from] move: Knock Off|[of] p1a: Roaring Moon\n|move|p1b: Arcanine|Stealth Rock|p2b: Dicker's Done\n|-sidestart|p2: AIRedzone|move: Stealth Rock\n|move|p2b: Dicker's Done|U-turn|p1a: Roaring Moon\n|-supereffective|p1a: Roaring Moon\n|-damage|p1a: Roaring Moon|33\/100\n|c|\u2606AIRedzone|i would like to introduce y'all to a wonderful band named Tallah\n|j| Toxinalpaca\n|j| Smudge\n|\n|t:|1699326787\n|switch|p2b: Wendrid|Rillaboom, F|100\/100|[from] U-turn\n|-damage|p2b: Wendrid|88\/100|[from] Stealth Rock\n|-fieldstart|move: Grassy Terrain|[from] ability: Grassy Surge|[of] p2b: Wendrid\n|\n|-heal|p1a: Roaring Moon|39\/100|[from] Grassy Terrain\n|-heal|p1b: Arcanine|70\/100|[from] Grassy Terrain\n|-heal|p2b: Wendrid|94\/100|[from] Grassy Terrain\n|upkeep\n|turn|3\n|j| EternalSnowman\n|c| Toxinalpaca|What\u2019s Done?\n|\n|t:|1699326812\n|move|p2b: Wendrid|Fake Out|p1a: Roaring Moon\n|-damage|p1a: Roaring Moon|25\/100\n|cant|p1a: Roaring Moon|flinch\n|move|p1b: Arcanine|Will-O-Wisp|p2b: Wendrid\n|-status|p2b: Wendrid|brn\n|move|p2a: L.E.D.|Nasty Plot|p2a: L.E.D.\n|-boost|p2a: L.E.D.|spa|2\n|\n|-heal|p1a: Roaring Moon|31\/100|[from] Grassy Terrain\n|-heal|p1b: Arcanine|76\/100|[from] Grassy Terrain\n|-heal|p2b: Wendrid|99\/100 brn|[from] Grassy Terrain\n|-damage|p2b: Wendrid|94\/100 brn|[from] brn\n|upkeep\n|turn|4\n|\n|t:|1699326828\n|switch|p2b: Dicker's Done|Landorus-Therian, M|66\/100 brn\n|-damage|p2b: Dicker's Done|54\/100 brn|[from] Stealth Rock\n|-ability|p2b: Dicker's Done|Intimidate|boost\n|-unboost|p1a: Roaring Moon|atk|1\n|-unboost|p1b: Arcanine|atk|1\n|move|p1a: Roaring Moon|Breaking Swipe|p2b: Dicker's Done|[spread] p2a,p2b\n|-resisted|p2a: L.E.D.\n|-crit|p2b: Dicker's Done\n|-damage|p2a: L.E.D.|96\/100\n|-damage|p2b: Dicker's Done|23\/100 brn\n|-unboost|p2a: L.E.D.|atk|1\n|-unboost|p2b: Dicker's Done|atk|1\n|move|p1b: Arcanine|Flare Blitz|p2a: L.E.D.\n|-supereffective|p2a: L.E.D.\n|-damage|p2a: L.E.D.|48\/100\n|-status|p2a: L.E.D.|brn\n|-damage|p1b: Arcanine|61\/100|[from] Recoil\n|move|p2a: L.E.D.|Make It Rain|p1b: Arcanine|[spread] p1a,p1b\n|-damage|p1a: Roaring Moon|0 fnt\n|-damage|p1b: Arcanine|0 fnt\n|-unboost|p2a: L.E.D.|spa|1\n|faint|p1a: Roaring Moon\n|-end|p1a: Roaring Moon|Protosynthesis|[silent]\n|faint|p1b: Arcanine\n|\n|-heal|p2a: L.E.D.|54\/100 brn|[from] Grassy Terrain\n|-damage|p2b: Dicker's Done|17\/100 brn|[from] brn\n|-damage|p2a: L.E.D.|48\/100 brn|[from] brn\n|-sideend|p1: KeanuVGC|move: Tailwind\n|upkeep\n|inactive|KeanuVGC has 270 seconds left.\n|l| Jello1231\n|\n|t:|1699326852\n|switch|p1a: Manaphy|Manaphy|100\/100\n|switch|p1b: Ogerpon|Ogerpon-Wellspring, F|100\/100\n|-damage|p1a: Manaphy|88\/100|[from] Stealth Rock\n|-damage|p1b: Ogerpon|88\/100|[from] Stealth Rock\n|turn|5\n|j|+Arcticblast\n|inactive|KeanuVGC has 270 seconds left.\n|j| Jello1231\n|\n|t:|1699326880\n|switch|p2a: Wendrid|Rillaboom, F|94\/100 brn\n|-damage|p2a: Wendrid|82\/100 brn|[from] Stealth Rock\n|move|p1a: Manaphy|Tail Glow|p1a: Manaphy\n|-boost|p1a: Manaphy|spa|3\n|move|p1b: Ogerpon|Ivy Cudgel|p2a: Wendrid\n|-resisted|p2a: Wendrid\n|-crit|p2a: Wendrid\n|-damage|p2a: Wendrid|51\/100 brn\n|move|p2b: Dicker's Done|Taunt|p1a: Manaphy\n|-start|p1a: Manaphy|move: Taunt\n|\n|-heal|p1a: Manaphy|94\/100|[from] Grassy Terrain\n|-heal|p1a: Manaphy|100\/100|[from] item: Leftovers\n|-heal|p1b: Ogerpon|94\/100|[from] Grassy Terrain\n|-heal|p2a: Wendrid|57\/100 brn|[from] Grassy Terrain\n|-damage|p2b: Dicker's Done|11\/100 brn|[from] brn\n|-damage|p2a: Wendrid|51\/100 brn|[from] brn\n|upkeep\n|turn|6\n|l| Smudge\n|inactive|KeanuVGC has 270 seconds left.\n|\n|t:|1699326911\n|-terastallize|p1a: Manaphy|Poison\n|move|p2a: Wendrid|Fake Out|p1a: Manaphy\n|-damage|p1a: Manaphy|94\/100\n|cant|p1a: Manaphy|flinch\n|move|p2b: Dicker's Done|U-turn|p1b: Ogerpon\n|-supereffective|p1b: Ogerpon\n|-damage|p1b: Ogerpon|82\/100\n|j| Smudge\n|inactive|AIRedzone has 270 seconds left.\n|l| Schister\n|j| Schister\n|\n|t:|1699326964\n|switch|p2b: L.E.D.|Gholdengo|48\/100 brn|[from] U-turn\n|-damage|p2b: L.E.D.|42\/100 brn|[from] Stealth Rock\n|move|p1b: Ogerpon|Encore|p2a: Wendrid\n|-start|p2a: Wendrid|Encore\n|\n|-heal|p1a: Manaphy|99\/100|[from] Grassy Terrain\n|-heal|p1a: Manaphy|100\/100|[from] item: Leftovers\n|-heal|p1b: Ogerpon|88\/100|[from] Grassy Terrain\n|-heal|p2b: L.E.D.|48\/100 brn|[from] Grassy Terrain\n|-heal|p2a: Wendrid|57\/100 brn|[from] Grassy Terrain\n|-damage|p2b: L.E.D.|42\/100 brn|[from] brn\n|-damage|p2a: Wendrid|51\/100 brn|[from] brn\n|-fieldend|move: Grassy Terrain\n|upkeep\n|turn|7\n|l| Schister\n|j| Meminger21\n|\n|t:|1699326987\n|switch|p2a: Dicker's Done|Landorus-Therian, M|11\/100 brn\n|-damage|p2a: Dicker's Done|0 fnt|[from] Stealth Rock\n|faint|p2a: Dicker's Done\n|move|p1a: Manaphy|Surf|p2b: L.E.D.|[spread] p2b\n|-heal|p1b: Ogerpon|100\/100|[from] ability: Water Absorb|[of] p1a: Manaphy\n|-damage|p2b: L.E.D.|0 fnt\n|faint|p2b: L.E.D.\n|move|p1b: Ogerpon|Ivy Cudgel|p2: Dicker's Done|[notarget]\n|-fail|p1b: Ogerpon\n|\n|upkeep\n|\n|t:|1699327001\n|switch|p2a: Vanilla Paste|Tornadus, M|100\/100\n|switch|p2b: Overconfidence|Volcanion|100\/100\n|-damage|p2a: Vanilla Paste|76\/100|[from] Stealth Rock\n|-damage|p2b: Overconfidence|75\/100|[from] Stealth Rock\n|turn|8\n|j| Schister\n|j| kaori\n|j|+daawesomedude1 (\n|inactive|KeanuVGC has 270 seconds left.\n|inactive|KeanuVGC has 240 seconds left.\n|inactive|AIRedzone has 270 seconds left.\n|inactive|AIRedzone has 240 seconds left.\n|\n|t:|1699327097\n|move|p2a: Vanilla Paste|Tailwind|p2a: Vanilla Paste\n|-sidestart|p2: AIRedzone|move: Tailwind\n|move|p2b: Overconfidence|Haze|p2b: Overconfidence\n|-clearallboost\n|move|p1a: Manaphy|Tera Blast|p2b: Overconfidence|[anim] Tera Blast Poison\n|-damage|p2b: Overconfidence|43\/100\n|move|p1b: Ogerpon|Ivy Cudgel|p2a: Vanilla Paste\n|-crit|p2a: Vanilla Paste\n|-damage|p2a: Vanilla Paste|0 fnt\n|faint|p2a: Vanilla Paste\n|\n|-heal|p2b: Overconfidence|49\/100|[from] item: Leftovers\n|-end|p1a: Manaphy|move: Taunt\n|upkeep\n|\n|t:|1699327102\n|switch|p2a: Telescope|Regidrago|100\/100\n|-damage|p2a: Telescope|88\/100|[from] Stealth Rock\n|turn|9\n|inactive|KeanuVGC has 240 seconds left.\n|\n|t:|1699327117\n|move|p1a: Manaphy|Protect|p1a: Manaphy\n|-singleturn|p1a: Manaphy|Protect\n|move|p1b: Ogerpon|Spiky Shield|p1b: Ogerpon\n|-singleturn|p1b: Ogerpon|move: Protect\n|move|p2a: Telescope|Dragon Energy|p1b: Ogerpon|[spread] \n|-activate|p1a: Manaphy|move: Protect\n|-activate|p1b: Ogerpon|move: Protect\n|move|p2b: Overconfidence|Heat Wave|p1b: Ogerpon|[spread] \n|-activate|p1a: Manaphy|move: Protect\n|-activate|p1b: Ogerpon|move: Protect\n|\n|-heal|p2b: Overconfidence|55\/100|[from] item: Leftovers\n|upkeep\n|turn|10\n|j| R4ye\n|\n|t:|1699327139\n|move|p2a: Telescope|Dragon Energy|p1b: Ogerpon|[spread] p1a,p1b\n|-damage|p1a: Manaphy|16\/100\n|-damage|p1b: Ogerpon|16\/100\n|move|p2b: Overconfidence|Heat Wave|p1b: Ogerpon|[spread] p1a,p1b\n|-damage|p1a: Manaphy|0 fnt\n|-damage|p1b: Ogerpon|0 fnt\n|faint|p1a: Manaphy\n|faint|p1b: Ogerpon\n|\n|-heal|p2b: Overconfidence|61\/100|[from] item: Leftovers\n|upkeep\n|\n|t:|1699327144\n|switch|p1a: Gholdengo|Gholdengo|100\/100\n|switch|p1b: Rillaboom|Rillaboom, F|100\/100\n|-damage|p1a: Gholdengo|94\/100|[from] Stealth Rock\n|-damage|p1b: Rillaboom|88\/100|[from] Stealth Rock\n|-fieldstart|move: Grassy Terrain|[from] ability: Grassy Surge|[of] p1b: Rillaboom\n|turn|11\n|inactive|KeanuVGC has 240 seconds left.\n|inactive|AIRedzone has 270 seconds left.\n|\n|t:|1699327213\n|move|p1b: Rillaboom|Fake Out|p2b: Overconfidence\n|-damage|p2b: Overconfidence|50\/100\n|move|p2a: Telescope|Dragon Energy|p1a: Gholdengo|[spread] p1a,p1b\n|-resisted|p1a: Gholdengo\n|-damage|p1a: Gholdengo|50\/100\n|-damage|p1b: Rillaboom|29\/100\n|cant|p2b: Overconfidence|flinch\n|move|p1a: Gholdengo|Shadow Ball|p2a: Telescope\n|-damage|p2a: Telescope|16\/100\n|-unboost|p2a: Telescope|spd|1\n|\n|-heal|p2a: Telescope|22\/100|[from] Grassy Terrain\n|-heal|p2b: Overconfidence|56\/100|[from] Grassy Terrain\n|-heal|p2b: Overconfidence|62\/100|[from] item: Leftovers\n|-heal|p1a: Gholdengo|56\/100|[from] Grassy Terrain\n|-heal|p1b: Rillaboom|36\/100|[from] Grassy Terrain\n|-sideend|p2: AIRedzone|move: Tailwind\n|upkeep\n|turn|12\n|inactive|KeanuVGC has 210 seconds left.\n|inactive|AIRedzone has 240 seconds left.\n|l| Ninja\n|\n|t:|1699327270\n|move|p1a: Gholdengo|Shadow Ball|p2a: Telescope\n|-damage|p2a: Telescope|0 fnt\n|faint|p2a: Telescope\n|move|p1b: Rillaboom|Wood Hammer|p2b: Overconfidence\n|-damage|p2b: Overconfidence|0 fnt\n|faint|p2b: Overconfidence\n|-damage|p1b: Rillaboom|17\/100|[from] Recoil\n|\n|-heal|p1a: Gholdengo|62\/100|[from] Grassy Terrain\n|-heal|p1b: Rillaboom|24\/100|[from] Grassy Terrain\n|upkeep\n|\n|t:|1699327276\n|switch|p2b: Wendrid|Rillaboom, F|51\/100 brn\n|-damage|p2b: Wendrid|39\/100 brn|[from] Stealth Rock\n|turn|13\n|inactive|AIRedzone has 240 seconds left.\n|\n|t:|1699327281\n|move|p1a: Gholdengo|Shadow Ball|p2b: Wendrid\n|-damage|p2b: Wendrid|0 fnt\n|faint|p2b: Wendrid\n|\n|win|KeanuVGC\n|c|\u2606AIRedzone|gg\n|c|\u2606KeanuVGC|gg\n|l| Bellingham5\n|l|iwantkeanu2sitonme\n|l| R4ye\n|l| eragon11145\n","uploadtime":1699327286,"views":163,"p1id":"keanuvgc","p2id":"airedzone","formatid":"gen9doublesou","rating":0,"private":0,"password":""}