{"id":"gen9doublesou-1993210478","p1":"Phasmosix","p2":"Nitrobinet","format":"[Gen 9] Doubles OU","log":"|j|\u2606Phasmosix\n|j|\u2606Nitrobinet\n|inactive|Battle timer is ON: inactive players will automatically lose when time's up.\n|t:|1700278508\n|gametype|doubles\n|player|p1|Phasmosix|n-masters|\n|player|p2|Nitrobinet|nate|\n|teamsize|p1|6\n|teamsize|p2|6\n|gen|9\n|tier|[Gen 9] Doubles OU\n|rated|Tournament battle\n|rule|Species Clause: Limit one of each Pok\u00e9mon\n|rule|OHKO Clause: OHKO moves are banned\n|rule|Evasion Moves Clause: Evasion moves are banned\n|rule|Gravity Sleep Clause: The combination of sleep-inducing moves with imperfect accuracy and Gravity or Gigantamax Orbeetle are banned\n|rule|Endless Battle Clause: Forcing endless battles is banned\n|rule|HP Percentage Mod: HP is shown in percentages\n|clearpoke\n|poke|p1|Toxapex, M|\n|poke|p1|Beartic, M|\n|poke|p1|Pyroar, M|\n|poke|p1|Lokix, F|\n|poke|p1|Maushold-Four|\n|poke|p1|Tinkaton, F|\n|poke|p2|Crabominable, M|\n|poke|p2|Salamence, M|\n|poke|p2|Houndstone, M|\n|poke|p2|Arctibax, F|\n|poke|p2|Toxicroak, M|\n|poke|p2|Floragato, M|\n|teampreview\n|j|*Lady Monita \u2746\n|inactive|Nitrobinet also wants the timer to be on.\n|\n|t:|1700278531\n|start\n|switch|p1a: Tinkaton|Tinkaton, F|100\/100\n|switch|p1b: Lokix|Lokix, F|100\/100\n|switch|p2a: Toxicroak|Toxicroak, M|100\/100\n|switch|p2b: Salamence|Salamence, M, shiny|100\/100\n|-ability|p2b: Salamence|Intimidate|boost\n|-unboost|p1a: Tinkaton|atk|1\n|-unboost|p1b: Lokix|atk|1\n|-ability|p1a: Tinkaton|Mold Breaker\n|turn|1\n|\n|t:|1700278561\n|switch|p2b: Houndstone|Houndstone, M|100\/100\n|move|p1a: Tinkaton|Fake Out|p2b: Houndstone\n|-immune|p2b: Houndstone\n|move|p2a: Toxicroak|Fake Out|p1b: Lokix\n|-damage|p1b: Lokix|82\/100\n|cant|p1b: Lokix|flinch\n|\n|upkeep\n|turn|2\n|\n|t:|1700278577\n|switch|p2b: Salamence|Salamence, M, shiny|100\/100\n|-ability|p2b: Salamence|Intimidate|boost\n|-unboost|p1a: Tinkaton|atk|1\n|-unboost|p1b: Lokix|atk|1\n|move|p1a: Tinkaton|Gigaton Hammer|p2a: Toxicroak\n|-damage|p2a: Toxicroak|51\/100\n|move|p1b: Lokix|Knock Off|p2b: Salamence\n|-damage|p2b: Salamence|71\/100\n|-enditem|p2b: Salamence|Life Orb|[from] move: Knock Off|[of] p1b: Lokix\n|move|p2a: Toxicroak|Drain Punch|p1a: Tinkaton\n|-damage|p1a: Tinkaton|53\/100\n|-heal|p2a: Toxicroak|75\/100|[from] drain|[of] p1a: Tinkaton\n|\n|upkeep\n|turn|3\n|\n|t:|1700278609\n|switch|p1a: Beartic|Beartic, M|100\/100\n|move|p2b: Salamence|Iron Head|p1a: Beartic\n|-supereffective|p1a: Beartic\n|-crit|p1a: Beartic\n|-damage|p1a: Beartic|6\/100\n|move|p1b: Lokix|Knock Off|p2a: Toxicroak\n|-resisted|p2a: Toxicroak\n|-damage|p2a: Toxicroak|42\/100\n|-enditem|p2a: Toxicroak|Assault Vest|[from] move: Knock Off|[of] p1b: Lokix\n|move|p2a: Toxicroak|Poison Jab|p1b: Lokix\n|-damage|p1b: Lokix|31\/100\n|-status|p1b: Lokix|psn\n|\n|-heal|p1a: Beartic|12\/100|[from] item: Leftovers\n|-damage|p1b: Lokix|19\/100 psn|[from] psn\n|upkeep\n|turn|4\n|\n|t:|1700278630\n|move|p2b: Salamence|Tailwind|p2b: Salamence\n|-sidestart|p2: Nitrobinet|move: Tailwind\n|move|p2a: Toxicroak|Drain Punch|p1b: Lokix\n|-damage|p1b: Lokix|0 fnt\n|-heal|p2a: Toxicroak|50\/100|[from] drain|[of] p1b: Lokix\n|faint|p1b: Lokix\n|move|p1a: Beartic|Yawn|p2b: Salamence\n|-start|p2b: Salamence|move: Yawn|[of] p1a: Beartic\n|\n|-heal|p1a: Beartic|18\/100|[from] item: Leftovers\n|upkeep\n|\n|t:|1700278643\n|switch|p1b: Tinkaton|Tinkaton, F|53\/100\n|-ability|p1b: Tinkaton|Mold Breaker\n|turn|5\n|\n|t:|1700278666\n|switch|p1a: Toxapex|Toxapex, M|100\/100\n|move|p1b: Tinkaton|Fake Out|p2a: Toxicroak\n|-damage|p2a: Toxicroak|34\/100\n|cant|p2a: Toxicroak|flinch\n|move|p2b: Salamence|Iron Head|p1b: Tinkaton\n|-damage|p1b: Tinkaton|11\/100\n|-enditem|p1b: Tinkaton|Aguav Berry|[eat]\n|-heal|p1b: Tinkaton|45\/100|[from] item: Aguav Berry\n|\n|-end|p2b: Salamence|move: Yawn|[silent]\n|-status|p2b: Salamence|slp\n|upkeep\n|turn|6\n|inactive|Phasmosix has 120 seconds left.\n|\n|t:|1700278700\n|switch|p2b: Floragato|Floragato, M|100\/100\n|switch|p2a: Crabominable|Crabominable, M|100\/100\n|move|p1a: Toxapex|Baneful Bunker|p1a: Toxapex\n|-singleturn|p1a: Toxapex|move: Protect\n|move|p1b: Tinkaton|Gigaton Hammer|p2a: Crabominable\n|-supereffective|p2a: Crabominable\n|-damage|p2a: Crabominable|0 fnt\n|faint|p2a: Crabominable\n|\n|upkeep\n|\n|t:|1700278714\n|switch|p2a: Houndstone|Houndstone, M|100\/100\n|turn|7\n|\n|t:|1700278727\n|move|p2b: Floragato|Thunder Punch|p1a: Toxapex\n|-start|p2b: Floragato|typechange|Electric|[from] ability: Protean\n|-supereffective|p1a: Toxapex\n|-damage|p1a: Toxapex|51\/100\n|move|p2a: Houndstone|Last Respects|p1b: Tinkaton\n|-damage|p1b: Tinkaton|0 fnt\n|faint|p1b: Tinkaton\n|move|p1a: Toxapex|Toxic|p2a: Houndstone\n|-status|p2a: Houndstone|tox\n|\n|-heal|p1a: Toxapex|57\/100|[from] item: Leftovers\n|-damage|p2a: Houndstone|94\/100 tox|[from] psn\n|-sideend|p2: Nitrobinet|move: Tailwind\n|upkeep\n|\n|t:|1700278749\n|switch|p1b: Maushold|Maushold-Four|100\/100\n|turn|8\n|j| Mekl\n|j| BigSilverBilver\n|\n|t:|1700278761\n|switch|p2a: Toxicroak|Toxicroak, M|34\/100\n|move|p1a: Toxapex|Baneful Bunker|p1a: Toxapex\n|-singleturn|p1a: Toxapex|move: Protect\n|move|p1b: Maushold|Population Bomb|p2b: Floragato\n|-damage|p2b: Floragato|78\/100\n|-hitcount|p2b: Floragato|1\n|move|p2b: Floragato|Thunder Punch|p1a: Toxapex\n|-activate|p1a: Toxapex|move: Protect\n|-status|p2b: Floragato|psn\n|\n|-heal|p1a: Toxapex|64\/100|[from] item: Leftovers\n|-damage|p2b: Floragato|66\/100 psn|[from] psn\n|upkeep\n|turn|9\n|\n|t:|1700278785\n|switch|p1a: Beartic|Beartic, M|18\/100\n|move|p2a: Toxicroak|Fake Out|p1b: Maushold\n|-damage|p1b: Maushold|80\/100\n|cant|p1b: Maushold|flinch\n|move|p2b: Floragato|Thunder Punch|p1a: Beartic\n|-damage|p1a: Beartic|0 fnt\n|faint|p1a: Beartic\n|\n|-damage|p2b: Floragato|54\/100 psn|[from] psn\n|upkeep\n|j| theshankskank\n|\n|t:|1700278792\n|switch|p1a: Toxapex|Toxapex, M|97\/100\n|turn|10\n|\n|t:|1700278805\n|switch|p2b: Salamence|Salamence, M, shiny|71\/100 slp\n|-ability|p2b: Salamence|Intimidate|boost\n|-unboost|p1a: Toxapex|atk|1\n|-unboost|p1b: Maushold|atk|1\n|move|p1a: Toxapex|Baneful Bunker|p1a: Toxapex\n|-singleturn|p1a: Toxapex|move: Protect\n|move|p1b: Maushold|Population Bomb|p2b: Salamence\n|-damage|p2b: Salamence|61\/100 slp\n|-damage|p2b: Salamence|52\/100 slp\n|-damage|p2b: Salamence|41\/100 slp\n|-hitcount|p2b: Salamence|3\n|move|p2a: Toxicroak|Drain Punch|p1b: Maushold\n|-supereffective|p1b: Maushold\n|-damage|p1b: Maushold|0 fnt\n|-heal|p2a: Toxicroak|71\/100|[from] drain|[of] p1b: Maushold\n|faint|p1b: Maushold\n|\n|-heal|p1a: Toxapex|100\/100|[from] item: Leftovers\n|upkeep\n|\n|t:|1700278817\n|switch|p1b: Pyroar|Pyroar, M|100\/100\n|turn|11\n|l| theshankskank\n|\n|t:|1700278832\n|move|p1b: Pyroar|Heat Wave|p2b: Salamence|[spread] p2a,p2b\n|-resisted|p2b: Salamence\n|-damage|p2a: Toxicroak|8\/100\n|-damage|p2b: Salamence|23\/100 slp\n|cant|p2b: Salamence|slp\n|move|p2a: Toxicroak|Drain Punch|p1b: Pyroar\n|-supereffective|p1b: Pyroar\n|-damage|p1b: Pyroar|22\/100\n|-heal|p2a: Toxicroak|56\/100|[from] drain|[of] p1b: Pyroar\n|move|p1a: Toxapex|Poison Jab|p2b: Salamence\n|-damage|p2b: Salamence|5\/100 slp\n|\n|upkeep\n|turn|12\n|\n|t:|1700278845\n|move|p1a: Toxapex|Baneful Bunker|p1a: Toxapex\n|-singleturn|p1a: Toxapex|move: Protect\n|move|p1b: Pyroar|Heat Wave|p2a: Toxicroak|[spread] p2b\n|-miss|p1b: Pyroar|p2a: Toxicroak\n|-resisted|p2b: Salamence\n|-damage|p2b: Salamence|0 fnt\n|faint|p2b: Salamence\n|-ability|p1b: Pyroar|Moxie|boost\n|-boost|p1b: Pyroar|atk|1\n|move|p2a: Toxicroak|Drain Punch|p1b: Pyroar\n|-supereffective|p1b: Pyroar\n|-damage|p1b: Pyroar|0 fnt\n|-heal|p2a: Toxicroak|69\/100|[from] drain|[of] p1b: Pyroar\n|faint|p1b: Pyroar\n|\n|upkeep\n|\n|t:|1700278850\n|switch|p2b: Floragato|Floragato, M|54\/100 psn\n|turn|13\n|j| Bhaviswar 2\n|\n|t:|1700278866\n|move|p2a: Toxicroak|Sucker Punch|p1a: Toxapex\n|-damage|p1a: Toxapex|88\/100\n|move|p2b: Floragato|Thunder Punch|p1a: Toxapex\n|-start|p2b: Floragato|typechange|Electric|[from] ability: Protean\n|-supereffective|p1a: Toxapex\n|-damage|p1a: Toxapex|39\/100\n|move|p1a: Toxapex|Poison Jab|p2b: Floragato\n|-damage|p2b: Floragato|31\/100 psn\n|\n|-heal|p1a: Toxapex|45\/100|[from] item: Leftovers\n|-damage|p2b: Floragato|19\/100 psn|[from] psn\n|upkeep\n|turn|14\n|\n|t:|1700278876\n|move|p1a: Toxapex|Baneful Bunker|p1a: Toxapex\n|-singleturn|p1a: Toxapex|move: Protect\n|move|p2a: Toxicroak|Sucker Punch||[still]\n|-fail|p2a: Toxicroak\n|move|p2b: Floragato|Thunder Punch|p1a: Toxapex\n|-activate|p1a: Toxapex|move: Protect\n|\n|-heal|p1a: Toxapex|51\/100|[from] item: Leftovers\n|-damage|p2b: Floragato|7\/100 psn|[from] psn\n|upkeep\n|turn|15\n|\n|t:|1700278892\n|-terastallize|p1a: Toxapex|Poison\n|move|p2a: Toxicroak|Sucker Punch||[still]\n|-fail|p2a: Toxicroak\n|move|p2b: Floragato|Thunder Punch|p1a: Toxapex\n|-damage|p1a: Toxapex|25\/100\n|-status|p1a: Toxapex|par\n|move|p1a: Toxapex|Recover|p1a: Toxapex\n|-heal|p1a: Toxapex|75\/100 par\n|\n|-heal|p1a: Toxapex|81\/100 par|[from] item: Leftovers\n|-damage|p2b: Floragato|0 fnt|[from] psn\n|faint|p2b: Floragato\n|upkeep\n|\n|t:|1700278901\n|switch|p2b: Arctibax|Arctibax, F, shiny|100\/100\n|turn|16\n|\n|t:|1700278910\n|move|p2a: Toxicroak|Poison Jab|p1a: Toxapex\n|-resisted|p1a: Toxapex\n|-damage|p1a: Toxapex|70\/100 par\n|move|p2b: Arctibax|Swords Dance|p2b: Arctibax\n|-boost|p2b: Arctibax|atk|2\n|cant|p1a: Toxapex|par\n|\n|-heal|p1a: Toxapex|76\/100 par|[from] item: Leftovers\n|upkeep\n|turn|17\n|\n|t:|1700278918\n|move|p1a: Toxapex|Baneful Bunker|p1a: Toxapex\n|-singleturn|p1a: Toxapex|move: Protect\n|move|p2a: Toxicroak|Poison Jab|p1a: Toxapex\n|-activate|p1a: Toxapex|move: Protect\n|move|p2b: Arctibax|Icicle Spear|p1a: Toxapex\n|-activate|p1a: Toxapex|move: Protect\n|\n|-heal|p1a: Toxapex|82\/100 par|[from] item: Leftovers\n|upkeep\n|turn|18\n|\n|t:|1700278929\n|move|p2a: Toxicroak|Poison Jab|p1a: Toxapex\n|-resisted|p1a: Toxapex\n|-damage|p1a: Toxapex|71\/100 par\n|move|p2b: Arctibax|Icicle Spear|p1a: Toxapex\n|-damage|p1a: Toxapex|58\/100 par\n|-damage|p1a: Toxapex|45\/100 par\n|-damage|p1a: Toxapex|30\/100 par\n|-damage|p1a: Toxapex|17\/100 par\n|-hitcount|p1a: Toxapex|4\n|move|p1a: Toxapex|Toxic|p2b: Arctibax\n|-status|p2b: Arctibax|tox\n|\n|-heal|p1a: Toxapex|23\/100 par|[from] item: Leftovers\n|-damage|p2b: Arctibax|94\/100 tox|[from] psn\n|upkeep\n|turn|19\n|\n|t:|1700278947\n|move|p2a: Toxicroak|Poison Jab|p1a: Toxapex\n|-resisted|p1a: Toxapex\n|-damage|p1a: Toxapex|12\/100 par\n|move|p2b: Arctibax|Icicle Spear|p1a: Toxapex\n|-damage|p1a: Toxapex|0 fnt\n|faint|p1a: Toxapex\n|-hitcount|p1: Toxapex|1\n|\n|win|Nitrobinet\n|n|\u2606Phasmosix|phasmosix\n|n|\u2606Nitrobinet|nitrobinet\n|n|*Lady Monita \u2746|ladymonita\n|n| Mekl|mekl\n|n| BigSilverBilver|bigsilverbilver\n|n| Bhaviswar 2|bhaviswar2\n","uploadtime":1700278948,"views":7,"p1id":"phasmosix","p2id":"nitrobinet","formatid":"gen9doublesou","rating":0,"private":0,"password":""}