{"id":"gen9doublesou-1999762085","p1":"nfjcjjdndnfnkd","p2":"PandaOpticon","format":"[Gen 9] Doubles OU","log":"|j|\u2606nfjcjjdndnfnkd\n|j|\u2606PandaOpticon\n|inactive|Battle timer is ON: inactive players will automatically lose when time's up.\n|t:|1701114394\n|gametype|doubles\n|player|p1|nfjcjjdndnfnkd|cheryl|\n|player|p2|PandaOpticon|n-masters|\n|teamsize|p1|6\n|teamsize|p2|6\n|gen|9\n|tier|[Gen 9] Doubles OU\n|rated|Tournament battle\n|rule|Species Clause: Limit one of each Pok\u00e9mon\n|rule|OHKO Clause: OHKO moves are banned\n|rule|Evasion Moves Clause: Evasion moves are banned\n|rule|Gravity Sleep Clause: The combination of sleep-inducing moves with imperfect accuracy and Gravity or Gigantamax Orbeetle are banned\n|rule|Endless Battle Clause: Forcing endless battles is banned\n|rule|HP Percentage Mod: HP is shown in percentages\n|clearpoke\n|poke|p1|Conkeldurr, F|\n|poke|p1|Sableye, F|\n|poke|p1|Sinistcha-Masterpiece|\n|poke|p1|Landorus-Therian, M|\n|poke|p1|Cresselia, F|\n|poke|p1|Diancie|\n|poke|p2|Okidogi, M|\n|poke|p2|Ninetales-Alola, M|\n|poke|p2|Baxcalibur, M|\n|poke|p2|Ogerpon-Hearthflame, F|\n|poke|p2|Landorus, M|\n|poke|p2|Flutter Mane|\n|teampreview\n|inactive|PandaOpticon has 120 seconds left.\n|\n|t:|1701114445\n|start\n|switch|p1a: Conkeldurr|Conkeldurr, F, shiny|100\/100\n|switch|p1b: Sableye|Sableye, F|100\/100\n|switch|p2a: Okidogi|Okidogi, M|100\/100\n|switch|p2b: Ogerpon|Ogerpon-Hearthflame, F|100\/100\n|-ability|p2b: Ogerpon|Mold Breaker\n|turn|1\n|\n|t:|1701114463\n|move|p2b: Ogerpon|Follow Me|p2b: Ogerpon\n|-singleturn|p2b: Ogerpon|move: Follow Me\n|move|p1b: Sableye|Reflect|p1b: Sableye\n|-sidestart|p1: nfjcjjdndnfnkd|Reflect\n|move|p2a: Okidogi|Bulk Up|p2a: Okidogi\n|-boost|p2a: Okidogi|atk|1\n|-boost|p2a: Okidogi|def|1\n|move|p1a: Conkeldurr|Bulk Up|p1a: Conkeldurr\n|-boost|p1a: Conkeldurr|atk|1\n|-boost|p1a: Conkeldurr|def|1\n|\n|upkeep\n|turn|2\n|j|+AIRedzone\n|inactive|PandaOpticon has 120 seconds left.\n|\n|t:|1701114495\n|switch|p1b: Cresselia|Cresselia, F|100\/100\n|-terastallize|p1a: Conkeldurr|Poison\n|move|p2b: Ogerpon|Follow Me|p2b: Ogerpon\n|-singleturn|p2b: Ogerpon|move: Follow Me\n|move|p2a: Okidogi|Knock Off|p1b: Cresselia\n|-supereffective|p1b: Cresselia\n|-damage|p1b: Cresselia|62\/100\n|-enditem|p1b: Cresselia|Safety Goggles|[from] move: Knock Off|[of] p2a: Okidogi\n|move|p1a: Conkeldurr|Bulk Up|p1a: Conkeldurr\n|-boost|p1a: Conkeldurr|atk|1\n|-boost|p1a: Conkeldurr|def|1\n|\n|upkeep\n|turn|3\n|inactive|PandaOpticon has 120 seconds left.\n|\n|t:|1701114528\n|move|p2b: Ogerpon|Ivy Cudgel|p1b: Cresselia|[anim] Ivy Cudgel Fire\n|-damage|p1b: Cresselia|36\/100\n|move|p2a: Okidogi|Knock Off|p1b: Cresselia\n|-supereffective|p1b: Cresselia\n|-damage|p1b: Cresselia|8\/100\n|move|p1a: Conkeldurr|Bulk Up|p1a: Conkeldurr\n|-boost|p1a: Conkeldurr|atk|1\n|-boost|p1a: Conkeldurr|def|1\n|move|p1b: Cresselia|Trick Room|p1b: Cresselia\n|-fieldstart|move: Trick Room|[of] p1b: Cresselia\n|\n|upkeep\n|turn|4\n|\n|t:|1701114544\n|move|p2b: Ogerpon|Follow Me|p2b: Ogerpon\n|-singleturn|p2b: Ogerpon|move: Follow Me\n|move|p1a: Conkeldurr|Drain Punch|p2b: Ogerpon\n|-damage|p2b: Ogerpon|0 fnt\n|faint|p2b: Ogerpon\n|move|p1b: Cresselia|Psychic|p2a: Okidogi\n|-supereffective|p2a: Okidogi\n|-damage|p2a: Okidogi|24\/100\n|move|p2a: Okidogi|Bulk Up|p2a: Okidogi\n|-boost|p2a: Okidogi|atk|1\n|-boost|p2a: Okidogi|def|1\n|\n|upkeep\n|inactive|PandaOpticon has 120 seconds left.\n|\n|t:|1701114580\n|switch|p2b: Ninetales|Ninetales-Alola, M|100\/100\n|-weather|Snow|[from] ability: Snow Warning|[of] p2b: Ninetales\n|turn|5\n|\n|t:|1701114606\n|-terastallize|p2a: Okidogi|Dark\n|move|p2b: Ninetales|Protect|p2b: Ninetales\n|-singleturn|p2b: Ninetales|Protect\n|move|p1a: Conkeldurr|Drain Punch|p2b: Ninetales\n|-activate|p2b: Ninetales|move: Protect\n|move|p1b: Cresselia|Psychic|p2b: Ninetales\n|-activate|p2b: Ninetales|move: Protect\n|move|p2a: Okidogi|Drain Punch|p1b: Cresselia\n|-resisted|p1b: Cresselia\n|-damage|p1b: Cresselia|0 fnt\n|-heal|p2a: Okidogi|29\/100|[from] drain|[of] p1b: Cresselia\n|faint|p1b: Cresselia\n|\n|-weather|Snow|[upkeep]\n|upkeep\n|\n|t:|1701114613\n|switch|p1b: Diancie|Diancie|100\/100\n|turn|6\n|inactive|PandaOpticon has 120 seconds left.\n|\n|t:|1701114636\n|switch|p2a: Flutter Mane|Flutter Mane|100\/100\n|-enditem|p2a: Flutter Mane|Booster Energy\n|-activate|p2a: Flutter Mane|ability: Protosynthesis|[fromitem]\n|-start|p2a: Flutter Mane|protosynthesisspe\n|move|p1a: Conkeldurr|Drain Punch|p2a: Flutter Mane\n|-immune|p2a: Flutter Mane\n|move|p1b: Diancie|Diamond Storm|p2b: Ninetales|[spread] p2a,p2b\n|-supereffective|p2b: Ninetales\n|-damage|p2a: Flutter Mane|51\/100\n|-damage|p2b: Ninetales|46\/100\n|move|p2b: Ninetales|Aurora Veil|p2b: Ninetales\n|-sidestart|p2: PandaOpticon|move: Aurora Veil\n|\n|-weather|Snow|[upkeep]\n|upkeep\n|turn|7\n|\n|t:|1701114649\n|move|p2a: Flutter Mane|Protect|p2a: Flutter Mane\n|-singleturn|p2a: Flutter Mane|Protect\n|move|p1a: Conkeldurr|Knock Off|p2a: Flutter Mane\n|-activate|p2a: Flutter Mane|move: Protect\n|move|p1b: Diancie|Diamond Storm|p2b: Ninetales|[spread] p2b\n|-activate|p2a: Flutter Mane|move: Protect\n|-supereffective|p2b: Ninetales\n|-damage|p2b: Ninetales|8\/100\n|-boost|p1b: Diancie|def|2\n|move|p2b: Ninetales|Blizzard|p1b: Diancie|[spread] p1a,p1b\n|-damage|p1a: Conkeldurr|77\/100\n|-damage|p1b: Diancie|78\/100\n|\n|-weather|Snow|[upkeep]\n|-fieldend|move: Trick Room\n|upkeep\n|turn|8\n|\n|t:|1701114672\n|move|p1a: Conkeldurr|Protect|p1a: Conkeldurr\n|-singleturn|p1a: Conkeldurr|Protect\n|move|p2a: Flutter Mane|Moonblast|p1b: Diancie\n|-damage|p1b: Diancie|45\/100\n|move|p2b: Ninetales|Moonblast|p1b: Diancie\n|-crit|p1b: Diancie\n|-damage|p1b: Diancie|11\/100\n|move|p1b: Diancie|Trick Room|p1b: Diancie\n|-fieldstart|move: Trick Room|[of] p1b: Diancie\n|\n|-weather|Snow|[upkeep]\n|-sideend|p1: nfjcjjdndnfnkd|Reflect\n|upkeep\n|turn|9\n|\n|t:|1701114683\n|move|p2b: Ninetales|Protect|p2b: Ninetales\n|-singleturn|p2b: Ninetales|Protect\n|move|p1a: Conkeldurr|Knock Off|p2a: Flutter Mane\n|-damage|p2a: Flutter Mane|0 fnt\n|faint|p2a: Flutter Mane\n|-end|p2a: Flutter Mane|Protosynthesis|[silent]\n|move|p1b: Diancie|Diamond Storm|p2b: Ninetales\n|-activate|p2b: Ninetales|move: Protect\n|\n|-weather|none\n|upkeep\n|\n|t:|1701114690\n|switch|p2a: Baxcalibur|Baxcalibur, M|100\/100\n|turn|10\n|\n|t:|1701114705\n|switch|p1b: Sableye|Sableye, F|100\/100\n|switch|p2a: Landorus|Landorus, M|100\/100\n|switch|p2b: Okidogi|Okidogi, M, tera:Dark|29\/100\n|move|p1a: Conkeldurr|Drain Punch|p2a: Landorus\n|-resisted|p2a: Landorus\n|-damage|p2a: Landorus|66\/100\n|-heal|p1a: Conkeldurr|90\/100|[from] drain|[of] p2a: Landorus\n|\n|upkeep\n|turn|11\n|\n|t:|1701114721\n|switch|p2b: Ninetales|Ninetales-Alola, M|8\/100\n|-weather|Snow|[from] ability: Snow Warning|[of] p2b: Ninetales\n|move|p2a: Landorus|Protect|p2a: Landorus\n|-singleturn|p2a: Landorus|Protect\n|move|p1b: Sableye|Light Screen|p1b: Sableye\n|-sidestart|p1: nfjcjjdndnfnkd|move: Light Screen\n|move|p1a: Conkeldurr|Knock Off|p2a: Landorus\n|-activate|p2a: Landorus|move: Protect\n|\n|-weather|Snow|[upkeep]\n|upkeep\n|turn|12\n|\n|t:|1701114737\n|switch|p2a: Baxcalibur|Baxcalibur, M|100\/100\n|move|p1a: Conkeldurr|Knock Off|p2a: Baxcalibur\n|-damage|p2a: Baxcalibur|65\/100\n|-enditem|p2a: Baxcalibur|Assault Vest|[from] move: Knock Off|[of] p1a: Conkeldurr\n|move|p1b: Sableye|Knock Off|p2a: Baxcalibur\n|-damage|p2a: Baxcalibur|59\/100\n|move|p2b: Ninetales|Moonblast|p1b: Sableye\n|-supereffective|p1b: Sableye\n|-damage|p1b: Sableye|51\/100\n|\n|-weather|Snow|[upkeep]\n|-fieldend|move: Trick Room\n|upkeep\n|turn|13\n|\n|t:|1701114760\n|move|p1b: Sableye|Reflect|p1b: Sableye\n|-sidestart|p1: nfjcjjdndnfnkd|Reflect\n|move|p2b: Ninetales|Blizzard|p1b: Sableye|[spread] p1a,p1b\n|-damage|p1a: Conkeldurr|74\/100\n|-damage|p1b: Sableye|31\/100\n|move|p2a: Baxcalibur|High Horsepower|p1a: Conkeldurr\n|-supereffective|p1a: Conkeldurr\n|-damage|p1a: Conkeldurr|56\/100\n|move|p1a: Conkeldurr|Drain Punch|p2a: Baxcalibur\n|-supereffective|p2a: Baxcalibur\n|-damage|p2a: Baxcalibur|0 fnt\n|-heal|p1a: Conkeldurr|86\/100|[from] drain|[of] p2a: Baxcalibur\n|faint|p2a: Baxcalibur\n|\n|-weather|Snow|[upkeep]\n|-sideend|p2: PandaOpticon|move: Aurora Veil\n|upkeep\n|\n|t:|1701114770\n|switch|p2a: Landorus|Landorus, M|66\/100\n|turn|14\n|\n|t:|1701114785\n|switch|p1b: Sinistcha|Sinistcha-Masterpiece, shiny|100\/100\n|-heal|p1a: Conkeldurr|100\/100|[from] ability: Hospitality|[of] p1b: Sinistcha\n|move|p2a: Landorus|Earth Power|p1a: Conkeldurr\n|-supereffective|p1a: Conkeldurr\n|-damage|p1a: Conkeldurr|21\/100\n|move|p2b: Ninetales|Moonblast|p1b: Sinistcha\n|-damage|p1b: Sinistcha|75\/100\n|move|p1a: Conkeldurr|Knock Off|p2a: Landorus\n|-damage|p2a: Landorus|0 fnt\n|-enditem|p2a: Landorus|Life Orb|[from] move: Knock Off|[of] p1a: Conkeldurr\n|faint|p2a: Landorus\n|\n|-weather|Snow|[upkeep]\n|upkeep\n|\n|t:|1701114789\n|switch|p2a: Okidogi|Okidogi, M, tera:Dark|29\/100\n|turn|15\n|\n|t:|1701114808\n|move|p1a: Conkeldurr|Protect|p1a: Conkeldurr\n|-singleturn|p1a: Conkeldurr|Protect\n|move|p2b: Ninetales|Blizzard|p1a: Conkeldurr|[spread] p1b\n|-activate|p1a: Conkeldurr|move: Protect\n|-supereffective|p1b: Sinistcha\n|-damage|p1b: Sinistcha|34\/100\n|-enditem|p1b: Sinistcha|Sitrus Berry|[eat]\n|-heal|p1b: Sinistcha|59\/100|[from] item: Sitrus Berry\n|move|p2a: Okidogi|Knock Off|p1b: Sinistcha\n|-supereffective|p1b: Sinistcha\n|-damage|p1b: Sinistcha|24\/100\n|move|p1b: Sinistcha|Trick Room|p1b: Sinistcha\n|-fieldstart|move: Trick Room|[of] p1b: Sinistcha\n|\n|-weather|none\n|upkeep\n|turn|16\n|j| Grandpas Eatin\n|\n|t:|1701114819\n|move|p1a: Conkeldurr|Drain Punch|p2a: Okidogi\n|-supereffective|p2a: Okidogi\n|-damage|p2a: Okidogi|0 fnt\n|-heal|p1a: Conkeldurr|33\/100|[from] drain|[of] p2a: Okidogi\n|faint|p2a: Okidogi\n|move|p1b: Sinistcha|Strength Sap|p1a: Conkeldurr\n|-fail|p1a: Conkeldurr|unboost|[from] item: Clear Amulet|[of] p1a: Conkeldurr\n|-heal|p1b: Sinistcha|100\/100\n|move|p2b: Ninetales|Blizzard|p1b: Sinistcha|[spread] p1a,p1b\n|-supereffective|p1b: Sinistcha\n|-damage|p1a: Conkeldurr|18\/100\n|-damage|p1b: Sinistcha|59\/100\n|-status|p1a: Conkeldurr|frz\n|\n|upkeep\n|turn|17\n|\n|t:|1701114833\n|-curestatus|p1a: Conkeldurr|frz|[msg]\n|move|p1a: Conkeldurr|Drain Punch|p2b: Ninetales\n|-damage|p2b: Ninetales|0 fnt\n|-heal|p1a: Conkeldurr|21\/100|[from] drain|[of] p2b: Ninetales\n|faint|p2b: Ninetales\n|\n|win|nfjcjjdndnfnkd\n|n|\u2606nfjcjjdndnfnkd|nfjcjjdndnfnkd\n|n|\u2606PandaOpticon|pandaopticon\n|n| AIRedzone|airedzone\n|n| Grandpas Eatin|grandpaseatin\n|l|\u2606PandaOpticon\n|l| Grandpas Eatin\n","uploadtime":1701114978,"views":16,"p1id":"nfjcjjdndnfnkd","p2id":"pandaopticon","formatid":"gen9doublesou","rating":0,"private":0,"password":""}