{"id":"gen9doublesou-1996211546","p1":"mikeyuwu","p2":"DargonMan","format":"[Gen 9] Doubles OU","log":"|j|\u2606mikeyuwu\n|j|\u2606DargonMan\n|t:|1700659680\n|gametype|doubles\n|player|p1|mikeyuwu|psychic-gen4|1336\n|player|p2|DargonMan|pokemaniac|1313\n|teamsize|p1|6\n|teamsize|p2|6\n|gen|9\n|tier|[Gen 9] Doubles OU\n|rated|\n|rule|Species Clause: Limit one of each Pok\u00e9mon\n|rule|OHKO Clause: OHKO moves are banned\n|rule|Evasion Moves Clause: Evasion moves are banned\n|rule|Gravity Sleep Clause: The combination of sleep-inducing moves with imperfect accuracy and Gravity or Gigantamax Orbeetle are banned\n|rule|Endless Battle Clause: Forcing endless battles is banned\n|rule|HP Percentage Mod: HP is shown in percentages\n|clearpoke\n|poke|p1|Garchomp, M|\n|poke|p1|Tyranitar, F|\n|poke|p1|Vaporeon, F|\n|poke|p1|Toxicroak, M|\n|poke|p1|Pelipper, F|\n|poke|p1|Abomasnow, M|\n|poke|p2|Fezandipiti, M|\n|poke|p2|Sinistcha|\n|poke|p2|Ursaluna-Bloodmoon, M|\n|poke|p2|Kommo-o, F|\n|poke|p2|Flutter Mane|\n|poke|p2|Cresselia, F|\n|teampreview\n|inactive|Battle timer is ON: inactive players will automatically lose when time's up. (requested by DargonMan)\n|\n|t:|1700659705\n|start\n|switch|p1a: OTLHPM|Toxicroak, M|100\/100\n|switch|p1b: Cold Shoulder|Abomasnow, M, shiny|100\/100\n|switch|p2a: Fezandipiti|Fezandipiti, M|100\/100\n|switch|p2b: Ursaluna|Ursaluna-Bloodmoon, M|100\/100\n|-weather|Snow|[from] ability: Snow Warning|[of] p1b: Cold Shoulder\n|turn|1\n|\n|t:|1700659727\n|move|p2b: Ursaluna|Protect|p2b: Ursaluna\n|-singleturn|p2b: Ursaluna|Protect\n|move|p2a: Fezandipiti|Icy Wind|p1a: OTLHPM|[spread] p1a,p1b\n|-damage|p1a: OTLHPM|92\/100\n|-damage|p1b: Cold Shoulder|93\/100\n|-unboost|p1a: OTLHPM|spe|1\n|-unboost|p1b: Cold Shoulder|spe|1\n|-status|p1b: Cold Shoulder|tox|[from] ability: Toxic Chain|[of] p2a: Fezandipiti\n|move|p1a: OTLHPM|Drain Punch|p2b: Ursaluna\n|-activate|p2b: Ursaluna|move: Protect\n|move|p1b: Cold Shoulder|Blizzard|p2a: Fezandipiti|[spread] p2a\n|-activate|p2b: Ursaluna|move: Protect\n|-damage|p2a: Fezandipiti|89\/100\n|\n|-weather|Snow|[upkeep]\n|-heal|p1a: OTLHPM|98\/100|[from] item: Black Sludge\n|-damage|p1b: Cold Shoulder|87\/100 tox|[from] psn\n|upkeep\n|turn|2\n|inactive|DargonMan has 120 seconds left.\n|\n|t:|1700659761\n|move|p2a: Fezandipiti|Icy Wind|p1b: Cold Shoulder|[spread] p1a,p1b\n|-damage|p1a: OTLHPM|89\/100\n|-damage|p1b: Cold Shoulder|78\/100 tox\n|-unboost|p1a: OTLHPM|spe|1\n|-unboost|p1b: Cold Shoulder|spe|1\n|move|p1a: OTLHPM|Drain Punch|p2b: Ursaluna\n|-supereffective|p2b: Ursaluna\n|-crit|p2b: Ursaluna\n|-damage|p2b: Ursaluna|25\/100\n|-heal|p1a: OTLHPM|100\/100|[from] drain|[of] p2b: Ursaluna\n|move|p2b: Ursaluna|Calm Mind|p2b: Ursaluna\n|-boost|p2b: Ursaluna|spa|1\n|-boost|p2b: Ursaluna|spd|1\n|move|p1b: Cold Shoulder|Blizzard|p2b: Ursaluna|[spread] p2a,p2b\n|-supereffective|p2b: Ursaluna\n|-damage|p2a: Fezandipiti|77\/100\n|-damage|p2b: Ursaluna|0 fnt\n|faint|p2b: Ursaluna\n|\n|-weather|Snow|[upkeep]\n|-damage|p1b: Cold Shoulder|66\/100 tox|[from] psn\n|upkeep\n|inactive|DargonMan has 120 seconds left.\n|\n|t:|1700659782\n|switch|p2b: Flutter Mane|Flutter Mane|100\/100\n|turn|3\n|inactive|DargonMan has 120 seconds left.\n|\n|t:|1700659795\n|switch|p1b: ThcrThnSnkr|Tyranitar, F|100\/100\n|-weather|Sandstorm|[from] ability: Sand Stream|[of] p1b: ThcrThnSnkr\n|move|p2b: Flutter Mane|Moonblast|p1a: OTLHPM\n|-damage|p1a: OTLHPM|7\/100\n|move|p2a: Fezandipiti|Venoshock|p1b: ThcrThnSnkr\n|-resisted|p1b: ThcrThnSnkr\n|-damage|p1b: ThcrThnSnkr|98\/100\n|move|p1a: OTLHPM|Poison Jab|p2b: Flutter Mane\n|-damage|p2b: Flutter Mane|8\/100\n|\n|-weather|Sandstorm|[upkeep]\n|-damage|p2b: Flutter Mane|2\/100|[from] Sandstorm\n|-damage|p2a: Fezandipiti|71\/100|[from] Sandstorm\n|-damage|p1a: OTLHPM|0 fnt|[from] Sandstorm\n|faint|p1a: OTLHPM\n|upkeep\n|\n|t:|1700659810\n|switch|p1a: Harmacy|Vaporeon, F|100\/100\n|turn|4\n|\n|t:|1700659828\n|move|p2b: Flutter Mane|Moonblast|p1b: ThcrThnSnkr\n|-supereffective|p1b: ThcrThnSnkr\n|-damage|p1b: ThcrThnSnkr|56\/100\n|move|p2a: Fezandipiti|U-turn|p1a: Harmacy\n|-damage|p1a: Harmacy|91\/100\n|\n|t:|1700659835\n|switch|p2a: Cresselia|Cresselia, F|100\/100|[from] U-turn\n|move|p1b: ThcrThnSnkr|Heavy Slam|p2a: Cresselia\n|-crit|p2a: Cresselia\n|-damage|p2a: Cresselia|81\/100\n|move|p1a: Harmacy|Icy Wind|p2b: Flutter Mane|[spread] p2a,p2b\n|-damage|p2a: Cresselia|76\/100\n|-damage|p2b: Flutter Mane|0 fnt\n|-unboost|p2a: Cresselia|spe|1\n|faint|p2b: Flutter Mane\n|-end|p2b: Flutter Mane|Protosynthesis|[silent]\n|\n|-weather|Sandstorm|[upkeep]\n|-damage|p1a: Harmacy|85\/100|[from] Sandstorm\n|-damage|p2a: Cresselia|70\/100|[from] Sandstorm\n|-heal|p1a: Harmacy|91\/100|[from] item: Leftovers\n|-heal|p2a: Cresselia|76\/100|[from] item: Leftovers\n|upkeep\n|\n|t:|1700659845\n|switch|p2b: Kommo-o|Kommo-o, F, shiny|100\/100\n|turn|5\n|\n|t:|1700659860\n|switch|p1b: Weather War|Pelipper, F|100\/100\n|-weather|RainDance|[from] ability: Drizzle|[of] p1b: Weather War\n|move|p2a: Cresselia|Ally Switch|p2a: Cresselia\n|swap|p2a: Cresselia|1|[from] move: Ally Switch\n|move|p2a: Kommo-o|Clangorous Soul|p2a: Kommo-o\n|-boost|p2a: Kommo-o|atk|1\n|-boost|p2a: Kommo-o|def|1\n|-boost|p2a: Kommo-o|spa|1\n|-boost|p2a: Kommo-o|spd|1\n|-boost|p2a: Kommo-o|spe|1\n|-damage|p2a: Kommo-o|68\/100\n|move|p1a: Harmacy|Icy Wind|p2a: Kommo-o|[spread] p2a,p2b\n|-supereffective|p2a: Kommo-o\n|-damage|p2a: Kommo-o|54\/100\n|-damage|p2b: Cresselia|71\/100\n|-unboost|p2a: Kommo-o|spe|1\n|-unboost|p2b: Cresselia|spe|1\n|\n|-weather|RainDance|[upkeep]\n|-heal|p1a: Harmacy|97\/100|[from] item: Leftovers\n|-heal|p2b: Cresselia|77\/100|[from] item: Leftovers\n|upkeep\n|turn|6\n|\n|t:|1700659879\n|switch|p1a: Cold Shoulder|Abomasnow, M, shiny|66\/100 tox\n|-weather|Snow|[from] ability: Snow Warning|[of] p1a: Cold Shoulder\n|move|p2b: Cresselia|Ally Switch||[still]\n|-fail|p2b: Cresselia\n|move|p2a: Kommo-o|Clanging Scales|p1a: Cold Shoulder|[spread] p1a,p1b\n|-damage|p1a: Cold Shoulder|4\/100 tox\n|-damage|p1b: Weather War|15\/100\n|-unboost|p2a: Kommo-o|def|1\n|-damage|p2a: Kommo-o|44\/100|[from] item: Life Orb\n|move|p1b: Weather War|Blizzard|p2b: Cresselia|[spread] p2a,p2b\n|-supereffective|p2a: Kommo-o\n|-damage|p2a: Kommo-o|23\/100\n|-damage|p2b: Cresselia|69\/100\n|\n|-weather|Snow|[upkeep]\n|-heal|p2b: Cresselia|75\/100|[from] item: Leftovers\n|-damage|p1a: Cold Shoulder|0 fnt|[from] psn\n|faint|p1a: Cold Shoulder\n|upkeep\n|\n|t:|1700659889\n|switch|p1a: Harmacy|Vaporeon, F|97\/100\n|turn|7\n|inactive|DargonMan has 120 seconds left.\n|\n|t:|1700659923\n|switch|p1b: ThcrThnSnkr|Tyranitar, F|56\/100\n|-weather|Sandstorm|[from] ability: Sand Stream|[of] p1b: ThcrThnSnkr\n|-terastallize|p2a: Kommo-o|Steel\n|move|p2b: Cresselia|Helping Hand|p2a: Kommo-o\n|-singleturn|p2a: Kommo-o|Helping Hand|[of] p2b: Cresselia\n|move|p2a: Kommo-o|Clanging Scales|p1a: Harmacy|[spread] p1a,p1b\n|-damage|p1a: Harmacy|37\/100\n|-damage|p1b: ThcrThnSnkr|31\/100\n|-unboost|p2a: Kommo-o|def|1\n|-damage|p2a: Kommo-o|13\/100|[from] item: Life Orb\n|move|p1a: Harmacy|Icy Wind|p2a: Kommo-o|[spread] p2a,p2b\n|-resisted|p2a: Kommo-o\n|-damage|p2a: Kommo-o|10\/100\n|-damage|p2b: Cresselia|70\/100\n|-unboost|p2a: Kommo-o|spe|1\n|-unboost|p2b: Cresselia|spe|1\n|\n|-weather|Sandstorm|[upkeep]\n|-damage|p1a: Harmacy|31\/100|[from] Sandstorm\n|-damage|p2b: Cresselia|64\/100|[from] Sandstorm\n|-heal|p1a: Harmacy|37\/100|[from] item: Leftovers\n|-heal|p2b: Cresselia|70\/100|[from] item: Leftovers\n|upkeep\n|turn|8\n|\n|t:|1700659946\n|move|p2b: Cresselia|Ally Switch|p2b: Cresselia\n|swap|p2b: Cresselia|0|[from] move: Ally Switch\n|move|p2b: Kommo-o|Aura Sphere|p1b: ThcrThnSnkr\n|-supereffective|p1b: ThcrThnSnkr\n|-damage|p1b: ThcrThnSnkr|0 fnt\n|faint|p1b: ThcrThnSnkr\n|-damage|p2b: Kommo-o|0 fnt|[from] item: Life Orb\n|faint|p2b: Kommo-o\n|move|p1a: Harmacy|Icy Wind|p2a: Cresselia\n|-crit|p2a: Cresselia\n|-damage|p2a: Cresselia|60\/100\n|-unboost|p2a: Cresselia|spe|1\n|\n|-weather|Sandstorm|[upkeep]\n|-damage|p1a: Harmacy|31\/100|[from] Sandstorm\n|-damage|p2a: Cresselia|54\/100|[from] Sandstorm\n|-heal|p1a: Harmacy|37\/100|[from] item: Leftovers\n|-heal|p2a: Cresselia|60\/100|[from] item: Leftovers\n|upkeep\n|\n|t:|1700659965\n|switch|p2b: Fezandipiti|Fezandipiti, M|71\/100\n|switch|p1b: Weather War|Pelipper, F|15\/100\n|-weather|RainDance|[from] ability: Drizzle|[of] p1b: Weather War\n|turn|9\n|\n|t:|1700659978\n|switch|p1b: Extra Spicy|Garchomp, M|100\/100\n|switch|p2a: Sinistcha|Sinistcha|100\/100\n|-heal|p2b: Fezandipiti|96\/100|[from] ability: Hospitality|[of] p2a: Sinistcha\n|-terastallize|p1a: Harmacy|Steel\n|move|p2b: Fezandipiti|Dazzling Gleam|p1a: Harmacy|[spread] p1a,p1b\n|-resisted|p1a: Harmacy\n|-supereffective|p1b: Extra Spicy\n|-damage|p1a: Harmacy|31\/100\n|-damage|p1b: Extra Spicy|70\/100\n|move|p1a: Harmacy|Wish|p1a: Harmacy\n|\n|-weather|RainDance|[upkeep]\n|-heal|p1a: Harmacy|37\/100|[from] item: Leftovers\n|upkeep\n|turn|10\n|\n|t:|1700659998\n|move|p2a: Sinistcha|Matcha Gotcha|p1b: Extra Spicy|[spread] p1a,p1b\n|-resisted|p1a: Harmacy\n|-crit|p1b: Extra Spicy\n|-damage|p1a: Harmacy|25\/100\n|-damage|p1b: Extra Spicy|26\/100\n|-status|p1a: Harmacy|brn\n|move|p1b: Extra Spicy|Poison Jab|p2a: Sinistcha\n|-damage|p2a: Sinistcha|72\/100\n|move|p2b: Fezandipiti|Icy Wind|p1a: Harmacy|[spread] p1a,p1b\n|-resisted|p1a: Harmacy\n|-supereffective|p1b: Extra Spicy\n|-damage|p1a: Harmacy|23\/100 brn\n|-damage|p1b: Extra Spicy|0 fnt\n|-unboost|p1a: Harmacy|spe|1\n|faint|p1b: Extra Spicy\n|move|p1a: Harmacy|Icy Wind|p2b: Fezandipiti|[spread] p2a,p2b\n|-supereffective|p2a: Sinistcha\n|-damage|p2a: Sinistcha|40\/100\n|-damage|p2b: Fezandipiti|92\/100\n|-unboost|p2a: Sinistcha|spe|1\n|-unboost|p2b: Fezandipiti|spe|1\n|\n|-weather|RainDance|[upkeep]\n|-heal|p1a: Harmacy|73\/100 brn|[from] move: Wish|[wisher] Harmacy\n|-activate|p1a: Harmacy|ability: Hydration\n|-curestatus|p1a: Harmacy|brn|[msg]\n|-heal|p1a: Harmacy|79\/100|[from] item: Leftovers\n|upkeep\n|\n|t:|1700660011\n|switch|p1b: Weather War|Pelipper, F|15\/100\n|turn|11\n|\n|t:|1700660022\n|move|p2a: Sinistcha|Matcha Gotcha|p1b: Weather War|[spread] p1a,p1b\n|-resisted|p1a: Harmacy\n|-damage|p1a: Harmacy|67\/100\n|-heal|p2a: Sinistcha|50\/100|[from] drain|[of] p1a: Harmacy\n|-damage|p1b: Weather War|0 fnt\n|-heal|p2a: Sinistcha|58\/100|[from] drain|[of] p1b: Weather War\n|-status|p1a: Harmacy|brn\n|faint|p1b: Weather War\n|move|p2b: Fezandipiti|Dazzling Gleam|p1a: Harmacy\n|-resisted|p1a: Harmacy\n|-damage|p1a: Harmacy|60\/100 brn\n|move|p1a: Harmacy|Copycat|p1a: Harmacy\n|move|p1a: Harmacy|Dazzling Gleam|p2a: Sinistcha|[from]move: Copycat|[spread] p2a,p2b\n|-resisted|p2b: Fezandipiti\n|-damage|p2a: Sinistcha|39\/100\n|-damage|p2b: Fezandipiti|88\/100\n|\n|-weather|RainDance|[upkeep]\n|-activate|p1a: Harmacy|ability: Hydration\n|-curestatus|p1a: Harmacy|brn|[msg]\n|-heal|p1a: Harmacy|66\/100|[from] item: Leftovers\n|upkeep\n|turn|12\n|\n|t:|1700660040\n|move|p2a: Sinistcha|Matcha Gotcha|p1a: Harmacy\n|-resisted|p1a: Harmacy\n|-damage|p1a: Harmacy|50\/100\n|-heal|p2a: Sinistcha|52\/100|[from] drain|[of] p1a: Harmacy\n|move|p2b: Fezandipiti|Icy Wind|p1a: Harmacy\n|-resisted|p1a: Harmacy\n|-damage|p1a: Harmacy|46\/100\n|-unboost|p1a: Harmacy|spe|1\n|move|p1a: Harmacy|Icy Wind|p2b: Fezandipiti|[spread] p2a,p2b\n|-supereffective|p2a: Sinistcha\n|-damage|p2a: Sinistcha|24\/100\n|-damage|p2b: Fezandipiti|85\/100\n|-unboost|p2a: Sinistcha|spe|1\n|-unboost|p2b: Fezandipiti|spe|1\n|\n|-weather|RainDance|[upkeep]\n|-heal|p1a: Harmacy|52\/100|[from] item: Leftovers\n|upkeep\n|turn|13\n|\n|t:|1700660046\n|move|p2a: Sinistcha|Matcha Gotcha|p1a: Harmacy\n|-resisted|p1a: Harmacy\n|-damage|p1a: Harmacy|37\/100\n|-heal|p2a: Sinistcha|37\/100|[from] drain|[of] p1a: Harmacy\n|move|p2b: Fezandipiti|Icy Wind|p1a: Harmacy\n|-resisted|p1a: Harmacy\n|-damage|p1a: Harmacy|33\/100\n|-unboost|p1a: Harmacy|spe|1\n|move|p1a: Harmacy|Wish|p1a: Harmacy\n|\n|-weather|none\n|-heal|p1a: Harmacy|39\/100|[from] item: Leftovers\n|upkeep\n|turn|14\n|\n|t:|1700660066\n|switch|p2a: Cresselia|Cresselia, F|60\/100\n|move|p2b: Fezandipiti|Icy Wind|p1a: Harmacy\n|-resisted|p1a: Harmacy\n|-crit|p1a: Harmacy\n|-damage|p1a: Harmacy|34\/100\n|-unboost|p1a: Harmacy|spe|1\n|move|p1a: Harmacy|Copycat|p1a: Harmacy\n|move|p1a: Harmacy|Icy Wind|p2a: Cresselia|[from]move: Copycat|[spread] p2a,p2b\n|-damage|p2a: Cresselia|55\/100\n|-damage|p2b: Fezandipiti|81\/100\n|-unboost|p2a: Cresselia|spe|1\n|-unboost|p2b: Fezandipiti|spe|1\n|\n|-heal|p1a: Harmacy|84\/100|[from] move: Wish|[wisher] Harmacy\n|-heal|p2a: Cresselia|61\/100|[from] item: Leftovers\n|-heal|p1a: Harmacy|90\/100|[from] item: Leftovers\n|upkeep\n|turn|15\n|inactive|DargonMan has 120 seconds left.\n|\n|t:|1700660102\n|switch|p2b: Sinistcha|Sinistcha|37\/100\n|-heal|p2a: Cresselia|86\/100|[from] ability: Hospitality|[of] p2b: Sinistcha\n|move|p2a: Cresselia|Psyshock|p1a: Harmacy\n|-resisted|p1a: Harmacy\n|-damage|p1a: Harmacy|81\/100\n|move|p1a: Harmacy|Icy Wind|p2b: Sinistcha|[spread] p2a,p2b\n|-supereffective|p2b: Sinistcha\n|-damage|p2a: Cresselia|81\/100\n|-damage|p2b: Sinistcha|7\/100\n|-unboost|p2a: Cresselia|spe|1\n|-unboost|p2b: Sinistcha|spe|1\n|\n|-heal|p2a: Cresselia|87\/100|[from] item: Leftovers\n|-heal|p1a: Harmacy|88\/100|[from] item: Leftovers\n|upkeep\n|turn|16\n|\n|t:|1700660118\n|move|p2b: Sinistcha|Shadow Ball|p1a: Harmacy\n|-damage|p1a: Harmacy|58\/100\n|move|p2a: Cresselia|Lunar Blessing|p2a: Cresselia|[spread] p2a,p2b\n|-heal|p2a: Cresselia|100\/100\n|-heal|p2b: Sinistcha|32\/100\n|move|p1a: Harmacy|Icy Wind|p2a: Cresselia|[spread] p2a,p2b\n|-supereffective|p2b: Sinistcha\n|-damage|p2a: Cresselia|95\/100\n|-damage|p2b: Sinistcha|2\/100\n|-unboost|p2a: Cresselia|spe|1\n|-unboost|p2b: Sinistcha|spe|1\n|\n|-heal|p2a: Cresselia|100\/100|[from] item: Leftovers\n|-heal|p1a: Harmacy|64\/100|[from] item: Leftovers\n|upkeep\n|turn|17\n|\n|t:|1700660131\n|move|p2b: Sinistcha|Shadow Ball|p1a: Harmacy\n|-damage|p1a: Harmacy|34\/100\n|move|p2a: Cresselia|Lunar Blessing|p2a: Cresselia|[spread] p2a,p2b\n|-heal|p2b: Sinistcha|27\/100\n|move|p1a: Harmacy|Icy Wind|p2a: Cresselia|[spread] p2a,p2b\n|-supereffective|p2b: Sinistcha\n|-damage|p2a: Cresselia|96\/100\n|-damage|p2b: Sinistcha|0 fnt\n|-unboost|p2a: Cresselia|spe|1\n|faint|p2b: Sinistcha\n|\n|-heal|p2a: Cresselia|100\/100|[from] item: Leftovers\n|-heal|p1a: Harmacy|40\/100|[from] item: Leftovers\n|upkeep\n|\n|t:|1700660139\n|switch|p2b: Fezandipiti|Fezandipiti, M|81\/100\n|turn|18\n|\n|t:|1700660160\n|move|p2a: Cresselia|Helping Hand|p2b: Fezandipiti\n|-singleturn|p2b: Fezandipiti|Helping Hand|[of] p2a: Cresselia\n|move|p2b: Fezandipiti|Dazzling Gleam|p1a: Harmacy\n|-resisted|p1a: Harmacy\n|-damage|p1a: Harmacy|29\/100\n|move|p1a: Harmacy|Wish|p1a: Harmacy\n|\n|-heal|p1a: Harmacy|35\/100|[from] item: Leftovers\n|upkeep\n|turn|19\n|\n|t:|1700660181\n|move|p2b: Fezandipiti|Dazzling Gleam|p1a: Harmacy\n|-resisted|p1a: Harmacy\n|-damage|p1a: Harmacy|26\/100\n|move|p2a: Cresselia|Psyshock|p1a: Harmacy\n|-resisted|p1a: Harmacy\n|-damage|p1a: Harmacy|19\/100\n|move|p1a: Harmacy|Icy Wind|p2a: Cresselia|[spread] p2a,p2b\n|-damage|p2a: Cresselia|95\/100\n|-damage|p2b: Fezandipiti|77\/100\n|-unboost|p2a: Cresselia|spe|1\n|-unboost|p2b: Fezandipiti|spe|1\n|\n|-heal|p1a: Harmacy|69\/100|[from] move: Wish|[wisher] Harmacy\n|-heal|p2a: Cresselia|100\/100|[from] item: Leftovers\n|-heal|p1a: Harmacy|75\/100|[from] item: Leftovers\n|upkeep\n|turn|20\n|\n|t:|1700660189\n|move|p2a: Cresselia|Helping Hand|p2b: Fezandipiti\n|-singleturn|p2b: Fezandipiti|Helping Hand|[of] p2a: Cresselia\n|move|p2b: Fezandipiti|Icy Wind|p1a: Harmacy\n|-resisted|p1a: Harmacy\n|-crit|p1a: Harmacy\n|-damage|p1a: Harmacy|67\/100\n|-unboost|p1a: Harmacy|spe|1\n|move|p1a: Harmacy|Copycat|p1a: Harmacy\n|move|p1a: Harmacy|Icy Wind|p2b: Fezandipiti|[from]move: Copycat|[spread] p2a,p2b\n|-damage|p2a: Cresselia|96\/100\n|-damage|p2b: Fezandipiti|74\/100\n|-unboost|p2a: Cresselia|spe|1\n|-unboost|p2b: Fezandipiti|spe|1\n|\n|-heal|p2a: Cresselia|100\/100|[from] item: Leftovers\n|-heal|p1a: Harmacy|73\/100|[from] item: Leftovers\n|upkeep\n|turn|21\n|\n|t:|1700660207\n|move|p2b: Fezandipiti|Dazzling Gleam|p1a: Harmacy\n|-resisted|p1a: Harmacy\n|-damage|p1a: Harmacy|65\/100\n|move|p2a: Cresselia|Psyshock|p1a: Harmacy\n|-resisted|p1a: Harmacy\n|-damage|p1a: Harmacy|58\/100\n|move|p1a: Harmacy|Icy Wind|p2b: Fezandipiti|[spread] p2a,p2b\n|-damage|p2a: Cresselia|95\/100\n|-damage|p2b: Fezandipiti|70\/100\n|-unboost|p2b: Fezandipiti|spe|1\n|\n|-heal|p2a: Cresselia|100\/100|[from] item: Leftovers\n|-heal|p1a: Harmacy|64\/100|[from] item: Leftovers\n|upkeep\n|turn|22\n|\n|t:|1700660218\n|move|p2b: Fezandipiti|Icy Wind|p1a: Harmacy\n|-resisted|p1a: Harmacy\n|-damage|p1a: Harmacy|61\/100\n|-unboost|p1a: Harmacy|spe|1\n|move|p2a: Cresselia|Lunar Blessing|p2a: Cresselia|[spread] p2a,p2b\n|-heal|p2b: Fezandipiti|95\/100\n|move|p1a: Harmacy|Copycat|p1a: Harmacy\n|move|p1a: Harmacy|Lunar Blessing|p1a: Harmacy|[from]move: Copycat\n|-heal|p1a: Harmacy|86\/100\n|\n|-heal|p1a: Harmacy|92\/100|[from] item: Leftovers\n|upkeep\n|turn|23\n|\n|t:|1700660236\n|move|p2b: Fezandipiti|Dazzling Gleam|p1a: Harmacy\n|-resisted|p1a: Harmacy\n|-crit|p1a: Harmacy\n|-damage|p1a: Harmacy|80\/100\n|move|p2a: Cresselia|Psyshock|p1a: Harmacy\n|-resisted|p1a: Harmacy\n|-damage|p1a: Harmacy|72\/100\n|move|p1a: Harmacy|Icy Wind|p2a: Cresselia|[spread] p2a,p2b\n|-damage|p2a: Cresselia|95\/100\n|-damage|p2b: Fezandipiti|91\/100\n|-unboost|p2b: Fezandipiti|spe|1\n|\n|-heal|p2a: Cresselia|100\/100|[from] item: Leftovers\n|-heal|p1a: Harmacy|78\/100|[from] item: Leftovers\n|upkeep\n|turn|24\n|c|\u2606DargonMan|The battle of the support mons\n|\n|t:|1700660259\n|move|p2b: Fezandipiti|Dazzling Gleam|p1a: Harmacy\n|-resisted|p1a: Harmacy\n|-damage|p1a: Harmacy|70\/100\n|move|p2a: Cresselia|Psyshock|p1a: Harmacy\n|-resisted|p1a: Harmacy\n|-damage|p1a: Harmacy|62\/100\n|move|p1a: Harmacy|Copycat|p1a: Harmacy\n|move|p1a: Harmacy|Psyshock|p2a: Cresselia|[from]move: Copycat\n|-resisted|p2a: Cresselia\n|-damage|p2a: Cresselia|94\/100\n|\n|-heal|p2a: Cresselia|99\/100|[from] item: Leftovers\n|-heal|p1a: Harmacy|68\/100|[from] item: Leftovers\n|upkeep\n|turn|25\n|\n|t:|1700660276\n|move|p2b: Fezandipiti|Dazzling Gleam|p1a: Harmacy\n|-resisted|p1a: Harmacy\n|-damage|p1a: Harmacy|60\/100\n|move|p2a: Cresselia|Psyshock|p1a: Harmacy\n|-resisted|p1a: Harmacy\n|-damage|p1a: Harmacy|52\/100\n|move|p1a: Harmacy|Icy Wind|p2a: Cresselia|[spread] p2a,p2b\n|-damage|p2a: Cresselia|95\/100\n|-damage|p2b: Fezandipiti|88\/100\n|-unboost|p2b: Fezandipiti|spe|1\n|\n|-heal|p2a: Cresselia|100\/100|[from] item: Leftovers\n|-heal|p1a: Harmacy|58\/100|[from] item: Leftovers\n|upkeep\n|turn|26\n|\n|t:|1700660300\n|move|p2b: Fezandipiti|Dazzling Gleam|p1a: Harmacy\n|-resisted|p1a: Harmacy\n|-damage|p1a: Harmacy|49\/100\n|move|p2a: Cresselia|Psyshock|p1a: Harmacy\n|-resisted|p1a: Harmacy\n|-damage|p1a: Harmacy|41\/100\n|move|p1a: Harmacy|Wish|p1a: Harmacy\n|\n|-heal|p1a: Harmacy|47\/100|[from] item: Leftovers\n|upkeep\n|turn|27\n|c|\u2606DargonMan|why did you bring 3 types of weather?\n|\n|t:|1700660315\n|move|p2a: Cresselia|Helping Hand|p2b: Fezandipiti\n|-singleturn|p2b: Fezandipiti|Helping Hand|[of] p2a: Cresselia\n|move|p2b: Fezandipiti|Dazzling Gleam|p1a: Harmacy\n|-resisted|p1a: Harmacy\n|-damage|p1a: Harmacy|35\/100\n|move|p1a: Harmacy|Copycat|p1a: Harmacy\n|move|p1a: Harmacy|Dazzling Gleam|p2b: Fezandipiti|[from]move: Copycat|[spread] p2a,p2b\n|-resisted|p2b: Fezandipiti\n|-damage|p2a: Cresselia|93\/100\n|-damage|p2b: Fezandipiti|85\/100\n|\n|-heal|p1a: Harmacy|85\/100|[from] move: Wish|[wisher] Harmacy\n|-heal|p2a: Cresselia|99\/100|[from] item: Leftovers\n|-heal|p1a: Harmacy|91\/100|[from] item: Leftovers\n|upkeep\n|turn|28\n|\n|t:|1700660331\n|move|p2b: Fezandipiti|Dazzling Gleam|p1a: Harmacy\n|-resisted|p1a: Harmacy\n|-damage|p1a: Harmacy|84\/100\n|move|p2a: Cresselia|Psyshock|p1a: Harmacy\n|-resisted|p1a: Harmacy\n|-damage|p1a: Harmacy|76\/100\n|move|p1a: Harmacy|Copycat|p1a: Harmacy\n|move|p1a: Harmacy|Psyshock|p2a: Cresselia|[from]move: Copycat\n|-resisted|p2a: Cresselia\n|-damage|p2a: Cresselia|92\/100\n|\n|-heal|p2a: Cresselia|98\/100|[from] item: Leftovers\n|-heal|p1a: Harmacy|82\/100|[from] item: Leftovers\n|upkeep\n|turn|29\n|c|\u2606mikeyuwu|I brought 4\n|c|\u2606DargonMan|Why\n|c|\u2606mikeyuwu|Toxicroak has sunny day\n|c|\u2606mikeyuwu|For\n|c|\u2606DargonMan|Oh no\n|\n|t:|1700660352\n|move|p2b: Fezandipiti|Dazzling Gleam|p1a: Harmacy\n|-resisted|p1a: Harmacy\n|-damage|p1a: Harmacy|75\/100\n|move|p2a: Cresselia|Psyshock|p1a: Harmacy\n|-resisted|p1a: Harmacy\n|-damage|p1a: Harmacy|67\/100\n|move|p1a: Harmacy|Weather Ball|p2b: Fezandipiti\n|-damage|p2b: Fezandipiti|80\/100\n|\n|-heal|p2a: Cresselia|100\/100|[from] item: Leftovers\n|-heal|p1a: Harmacy|73\/100|[from] item: Leftovers\n|upkeep\n|turn|30\n|c|\u2606DargonMan|for what?\n|\n|t:|1700660367\n|move|p2b: Fezandipiti|Dazzling Gleam|p1a: Harmacy\n|-resisted|p1a: Harmacy\n|-damage|p1a: Harmacy|66\/100\n|move|p2a: Cresselia|Psyshock|p1a: Harmacy\n|-resisted|p1a: Harmacy\n|-damage|p1a: Harmacy|58\/100\n|move|p1a: Harmacy|Copycat|p1a: Harmacy\n|move|p1a: Harmacy|Psyshock|p2a: Cresselia|[from]move: Copycat\n|-resisted|p2a: Cresselia\n|-damage|p2a: Cresselia|94\/100\n|\n|-heal|p2a: Cresselia|99\/100|[from] item: Leftovers\n|-heal|p1a: Harmacy|64\/100|[from] item: Leftovers\n|upkeep\n|turn|31\n|c|\u2606mikeyuwu|Vaporeon weather ball\n|c|\u2606DargonMan|Oh\n|\n|t:|1700660390\n|move|p2b: Fezandipiti|Dazzling Gleam|p1a: Harmacy\n|-resisted|p1a: Harmacy\n|-damage|p1a: Harmacy|56\/100\n|move|p2a: Cresselia|Psyshock|p1a: Harmacy\n|-resisted|p1a: Harmacy\n|-damage|p1a: Harmacy|48\/100\n|move|p1a: Harmacy|Copycat|p1a: Harmacy\n|move|p1a: Harmacy|Psyshock|p2a: Cresselia|[from]move: Copycat\n|-resisted|p2a: Cresselia\n|-damage|p2a: Cresselia|93\/100\n|\n|-heal|p2a: Cresselia|99\/100|[from] item: Leftovers\n|-heal|p1a: Harmacy|54\/100|[from] item: Leftovers\n|upkeep\n|turn|32\n|c|\u2606DargonMan|Cool strategy\n|c|\u2606mikeyuwu|Because no grass types expect her to be able to eat a grass hit and then swing back with a 100 power weather ball\n|c|\u2606DargonMan|yeah\n|inactive|DargonMan has 120 seconds left.\n|\n|t:|1700660425\n|move|p2b: Fezandipiti|Dazzling Gleam|p1a: Harmacy\n|-resisted|p1a: Harmacy\n|-damage|p1a: Harmacy|47\/100\n|move|p2a: Cresselia|Psyshock|p1a: Harmacy\n|-resisted|p1a: Harmacy\n|-damage|p1a: Harmacy|38\/100\n|move|p1a: Harmacy|Wish|p1a: Harmacy\n|\n|-heal|p2a: Cresselia|100\/100|[from] item: Leftovers\n|-heal|p1a: Harmacy|44\/100|[from] item: Leftovers\n|upkeep\n|turn|33\n|\n|t:|1700660440\n|move|p2b: Fezandipiti|Dazzling Gleam|p1a: Harmacy\n|-resisted|p1a: Harmacy\n|-damage|p1a: Harmacy|37\/100\n|move|p2a: Cresselia|Psyshock|p1a: Harmacy\n|-resisted|p1a: Harmacy\n|-damage|p1a: Harmacy|29\/100\n|move|p1a: Harmacy|Wish||[still]\n|-fail|p1a: Harmacy\n|\n|-heal|p1a: Harmacy|79\/100|[from] move: Wish|[wisher] Harmacy\n|-heal|p1a: Harmacy|85\/100|[from] item: Leftovers\n|upkeep\n|turn|34\n|c|\u2606DargonMan|I hate this\n|\n|t:|1700660459\n|move|p2b: Fezandipiti|Icy Wind|p1a: Harmacy\n|-resisted|p1a: Harmacy\n|-damage|p1a: Harmacy|81\/100\n|move|p2a: Cresselia|Psyshock|p1a: Harmacy\n|-resisted|p1a: Harmacy\n|-damage|p1a: Harmacy|73\/100\n|move|p1a: Harmacy|Copycat|p1a: Harmacy\n|move|p1a: Harmacy|Psyshock|p2a: Cresselia|[from]move: Copycat\n|-resisted|p2a: Cresselia\n|-damage|p2a: Cresselia|93\/100\n|\n|-heal|p2a: Cresselia|99\/100|[from] item: Leftovers\n|-heal|p1a: Harmacy|79\/100|[from] item: Leftovers\n|upkeep\n|turn|35\n|\n|t:|1700660478\n|move|p2b: Fezandipiti|Icy Wind|p1a: Harmacy\n|-resisted|p1a: Harmacy\n|-crit|p1a: Harmacy\n|-damage|p1a: Harmacy|73\/100\n|move|p2a: Cresselia|Psyshock|p1a: Harmacy\n|-resisted|p1a: Harmacy\n|-damage|p1a: Harmacy|65\/100\n|move|p1a: Harmacy|Copycat|p1a: Harmacy\n|move|p1a: Harmacy|Psyshock|p2b: Fezandipiti|[from]move: Copycat\n|-supereffective|p2b: Fezandipiti\n|-damage|p2b: Fezandipiti|37\/100\n|\n|-heal|p2a: Cresselia|100\/100|[from] item: Leftovers\n|-heal|p1a: Harmacy|71\/100|[from] item: Leftovers\n|upkeep\n|turn|36\n|c|\u2606mikeyuwu|Man copycat target rng is not my friend right now\n|c|\u2606DargonMan|I ran out of pp for d am\n|c|\u2606DargonMan|*d gleam\n|c|\u2606mikeyuwu|Ysy\n|\n|t:|1700660497\n|move|p2b: Fezandipiti|Icy Wind|p1a: Harmacy\n|-resisted|p1a: Harmacy\n|-damage|p1a: Harmacy|67\/100\n|move|p2a: Cresselia|Psyshock|p1a: Harmacy\n|-resisted|p1a: Harmacy\n|-crit|p1a: Harmacy\n|-damage|p1a: Harmacy|55\/100\n|move|p1a: Harmacy|Copycat|p1a: Harmacy\n|move|p1a: Harmacy|Psyshock|p2b: Fezandipiti|[from]move: Copycat\n|-supereffective|p2b: Fezandipiti\n|-damage|p2b: Fezandipiti|0 fnt\n|faint|p2b: Fezandipiti\n|\n|-heal|p1a: Harmacy|61\/100|[from] item: Leftovers\n|upkeep\n|turn|37\n|c|\u2606DargonMan|No\n|inactive|DargonMan has 120 seconds left.\n|c|\u2606DargonMan|I dont have any attacking moves lweft\n|c|\u2606mikeyuwu|Rip\n|-message|DargonMan forfeited.\n|\n|win|mikeyuwu\n|raw|mikeyuwu's rating: 1336 &rarr; <strong>1355<\/strong><br \/>(+19 for winning)\n|raw|DargonMan's rating: 1313 &rarr; <strong>1294<\/strong><br \/>(-19 for losing)\n|c|\u2606DargonMan|gg\n|c|\u2606mikeyuwu|Gg\n|l|\u2606DargonMan\n","uploadtime":1700660553,"views":10,"p1id":"mikeyuwu","p2id":"dargonman","formatid":"gen9doublesou","rating":1294,"private":0,"password":""}