{"id":"gen9doublesou-1999108421","p1":"Osmatic","p2":"Zulneily","format":"[Gen 9] Doubles OU","log":"|j|\u2606Osmatic\n|j|\u2606Zulneily\n|t:|1701034017\n|gametype|doubles\n|player|p1|Osmatic|ingo|1092\n|player|p2|Zulneily|hilda-wonderlauncher|1178\n|teamsize|p1|6\n|teamsize|p2|6\n|gen|9\n|tier|[Gen 9] Doubles OU\n|rated|\n|rule|Species Clause: Limit one of each Pok\u00e9mon\n|rule|OHKO Clause: OHKO moves are banned\n|rule|Evasion Moves Clause: Evasion moves are banned\n|rule|Gravity Sleep Clause: The combination of sleep-inducing moves with imperfect accuracy and Gravity or Gigantamax Orbeetle are banned\n|rule|Endless Battle Clause: Forcing endless battles is banned\n|rule|HP Percentage Mod: HP is shown in percentages\n|clearpoke\n|poke|p1|Palafin, M|\n|poke|p1|Flutter Mane|\n|poke|p1|Sinistcha-Masterpiece|\n|poke|p1|Gholdengo|\n|poke|p1|Volcarona, F|\n|poke|p1|Oricorio-Sensu, M|\n|poke|p2|Cinderace, M|\n|poke|p2|Chien-Pao|\n|poke|p2|Indeedee-F, F|\n|poke|p2|Amoonguss, F|\n|poke|p2|Flutter Mane|\n|poke|p2|Palafin, M|\n|teampreview\n|inactive|Battle timer is ON: inactive players will automatically lose when time's up. (requested by Osmatic)\n|\n|t:|1701034045\n|start\n|switch|p1a: Volcarona|Volcarona, F|100\/100\n|switch|p1b: Oricorio|Oricorio-Sensu, M|100\/100\n|switch|p2a: Palafin|Palafin, M|100\/100\n|switch|p2b: Amoonguss|Amoonguss, F|100\/100\n|turn|1\n|\n|t:|1701034062\n|move|p2a: Palafin|Flip Turn|p1a: Volcarona\n|-supereffective|p1a: Volcarona\n|-damage|p1a: Volcarona|40\/100\n|-status|p2a: Palafin|brn|[from] ability: Flame Body|[of] p1a: Volcarona\n|\n|t:|1701034073\n|detailschange|p2a: Palafin|Palafin-Hero, M\n|switch|p2a: Flutter Mane|Flutter Mane|100\/100|[from] Flip Turn\n|-enditem|p2a: Flutter Mane|Booster Energy\n|-activate|p2a: Flutter Mane|ability: Protosynthesis|[fromitem]\n|-start|p2a: Flutter Mane|protosynthesisspe\n|move|p1b: Oricorio|Hurricane|p2b: Amoonguss|[miss]\n|-miss|p1b: Oricorio|p2b: Amoonguss\n|move|p1a: Volcarona|Quiver Dance|p1a: Volcarona\n|-boost|p1a: Volcarona|spa|1\n|-boost|p1a: Volcarona|spd|1\n|-boost|p1a: Volcarona|spe|1\n|-activate|p1b: Oricorio|ability: Dancer\n|move|p1b: Oricorio|Quiver Dance|p1b: Oricorio|[from]ability: Dancer\n|-boost|p1b: Oricorio|spa|1\n|-boost|p1b: Oricorio|spd|1\n|-boost|p1b: Oricorio|spe|1\n|move|p2b: Amoonguss|Spore|p1b: Oricorio\n|-status|p1b: Oricorio|slp|[from] move: Spore\n|\n|upkeep\n|turn|2\n|\n|t:|1701034098\n|move|p2b: Amoonguss|Rage Powder|p2b: Amoonguss\n|-singleturn|p2b: Amoonguss|move: Rage Powder\n|move|p2a: Flutter Mane|Shadow Ball|p1a: Volcarona\n|-damage|p1a: Volcarona|12\/100\n|cant|p1b: Oricorio|slp\n|move|p1a: Volcarona|Heat Wave|p2b: Amoonguss|[spread] p2a,p2b\n|-supereffective|p2b: Amoonguss\n|-damage|p2a: Flutter Mane|34\/100\n|-damage|p2b: Amoonguss|6\/100\n|\n|-heal|p2b: Amoonguss|12\/100|[from] item: Black Sludge\n|upkeep\n|turn|3\n|\n|t:|1701034123\n|move|p1a: Volcarona|Protect|p1a: Volcarona\n|-singleturn|p1a: Volcarona|Protect\n|move|p2a: Flutter Mane|Shadow Ball|p1a: Volcarona\n|-activate|p1a: Volcarona|move: Protect\n|cant|p1b: Oricorio|slp\n|move|p2b: Amoonguss|Pollen Puff|p2a: Flutter Mane\n|-heal|p2a: Flutter Mane|84\/100\n|\n|-heal|p2b: Amoonguss|19\/100|[from] item: Black Sludge\n|upkeep\n|turn|4\n|\n|t:|1701034148\n|switch|p2b: Palafin|Palafin-Hero, M|100\/100 brn\n|-activate|p2b: Palafin|ability: Zero to Hero\n|move|p2a: Flutter Mane|Shadow Ball|p1a: Volcarona\n|-damage|p1a: Volcarona|0 fnt\n|faint|p1a: Volcarona\n|cant|p1b: Oricorio|slp\n|\n|-damage|p2b: Palafin|94\/100 brn|[from] brn\n|upkeep\n|\n|t:|1701034160\n|switch|p1a: Sinistcha|Sinistcha-Masterpiece|100\/100\n|turn|5\n|\n|t:|1701034181\n|-terastallize|p2a: Flutter Mane|Ghost\n|-terastallize|p1a: Sinistcha|Grass\n|move|p1a: Sinistcha|Rage Powder|p1a: Sinistcha\n|-singleturn|p1a: Sinistcha|move: Rage Powder\n|move|p2a: Flutter Mane|Shadow Ball|p1a: Sinistcha\n|-damage|p1a: Sinistcha|34\/100\n|-curestatus|p1b: Oricorio|slp|[msg]\n|move|p1b: Oricorio|Revelation Dance|p2a: Flutter Mane\n|-supereffective|p2a: Flutter Mane\n|-damage|p2a: Flutter Mane|0 fnt\n|faint|p2a: Flutter Mane\n|-end|p2a: Flutter Mane|Protosynthesis|[silent]\n|move|p2b: Palafin|Ice Punch|p1a: Sinistcha\n|-supereffective|p1a: Sinistcha\n|-damage|p1a: Sinistcha|16\/100\n|\n|-heal|p1a: Sinistcha|22\/100|[from] item: Leftovers\n|-damage|p2b: Palafin|88\/100 brn|[from] brn\n|upkeep\n|inactive|Zulneily has 120 seconds left.\n|\n|t:|1701034207\n|switch|p2a: Chien-Pao|Chien-Pao|100\/100\n|-ability|p2a: Chien-Pao|Sword of Ruin\n|turn|6\n|\n|t:|1701034217\n|move|p1b: Oricorio|Helping Hand|p1a: Sinistcha\n|-singleturn|p1a: Sinistcha|Helping Hand|[of] p1b: Oricorio\n|move|p2a: Chien-Pao|Icicle Crash|p1a: Sinistcha\n|-supereffective|p1a: Sinistcha\n|-damage|p1a: Sinistcha|0 fnt\n|faint|p1a: Sinistcha\n|move|p2b: Palafin|Ice Punch|p1b: Oricorio\n|-supereffective|p1b: Oricorio\n|-damage|p1b: Oricorio|39\/100\n|\n|-damage|p2b: Palafin|82\/100 brn|[from] brn\n|upkeep\n|\n|t:|1701034230\n|switch|p1a: Gholdengo|Gholdengo|100\/100\n|turn|7\n|\n|t:|1701034240\n|move|p1b: Oricorio|Hurricane|p2b: Palafin\n|-damage|p2b: Palafin|33\/100 brn\n|move|p2a: Chien-Pao|Crunch|p1b: Oricorio\n|-supereffective|p1b: Oricorio\n|-damage|p1b: Oricorio|0 fnt\n|faint|p1b: Oricorio\n|move|p2b: Palafin|Flip Turn|p1a: Gholdengo\n|-damage|p1a: Gholdengo|78\/100\n|\n|t:|1701034256\n|switch|p2b: Indeedee|Indeedee-F, F|100\/100|[from] Flip Turn\n|-fieldstart|move: Psychic Terrain|[from] ability: Psychic Surge|[of] p2b: Indeedee\n|move|p1a: Gholdengo|Make It Rain|p2b: Indeedee|[spread] p2a,p2b\n|-supereffective|p2a: Chien-Pao\n|-enditem|p2a: Chien-Pao|Focus Sash\n|-damage|p2a: Chien-Pao|1\/100\n|-damage|p2b: Indeedee|63\/100\n|-unboost|p1a: Gholdengo|spa|1\n|\n|-heal|p1a: Gholdengo|84\/100|[from] item: Leftovers\n|upkeep\n|\n|t:|1701034271\n|switch|p1b: Palafin|Palafin, M|100\/100\n|turn|8\n|\n|t:|1701034284\n|move|p2a: Chien-Pao|Protect|p2a: Chien-Pao\n|-singleturn|p2a: Chien-Pao|Protect\n|move|p1b: Palafin|Jet Punch|p2a: Chien-Pao\n|-activate|p2a: Chien-Pao|move: Psychic Terrain\n|move|p2b: Indeedee|Psychic|p1b: Palafin\n|-damage|p1b: Palafin|42\/100\n|move|p1a: Gholdengo|Nasty Plot|p1a: Gholdengo\n|-boost|p1a: Gholdengo|spa|2\n|\n|-heal|p1a: Gholdengo|90\/100|[from] item: Leftovers\n|upkeep\n|turn|9\n|\n|t:|1701034304\n|detailschange|p1b: Palafin|Palafin-Hero, M\n|switch|p1b: Flutter Mane|Flutter Mane|100\/100\n|-enditem|p1b: Flutter Mane|Booster Energy\n|-activate|p1b: Flutter Mane|ability: Protosynthesis|[fromitem]\n|-start|p1b: Flutter Mane|protosynthesisspe\n|move|p1a: Gholdengo|Protect|p1a: Gholdengo\n|-singleturn|p1a: Gholdengo|Protect\n|move|p2b: Indeedee|Follow Me|p2b: Indeedee\n|-singleturn|p2b: Indeedee|move: Follow Me\n|move|p2a: Chien-Pao|Crunch|p1a: Gholdengo\n|-activate|p1a: Gholdengo|move: Protect\n|\n|-heal|p1a: Gholdengo|96\/100|[from] item: Leftovers\n|upkeep\n|turn|10\n|\n|t:|1701034322\n|move|p2b: Indeedee|Follow Me|p2b: Indeedee\n|-singleturn|p2b: Indeedee|move: Follow Me\n|move|p1b: Flutter Mane|Moonblast|p2b: Indeedee\n|-damage|p2b: Indeedee|24\/100\n|-unboost|p2b: Indeedee|spa|1\n|move|p2a: Chien-Pao|Crunch|p1b: Flutter Mane\n|-damage|p1b: Flutter Mane|0 fnt\n|faint|p1b: Flutter Mane\n|-end|p1b: Flutter Mane|Protosynthesis|[silent]\n|move|p1a: Gholdengo|Nasty Plot|p1a: Gholdengo\n|-boost|p1a: Gholdengo|spa|2\n|\n|-heal|p1a: Gholdengo|100\/100|[from] item: Leftovers\n|upkeep\n|\n|t:|1701034337\n|switch|p1b: Palafin|Palafin-Hero, M|42\/100\n|-activate|p1b: Palafin|ability: Zero to Hero\n|turn|11\n|\n|t:|1701034350\n|move|p2b: Indeedee|Follow Me|p2b: Indeedee\n|-singleturn|p2b: Indeedee|move: Follow Me\n|move|p2a: Chien-Pao|Crunch|p1a: Gholdengo\n|-supereffective|p1a: Gholdengo\n|-damage|p1a: Gholdengo|0 fnt\n|faint|p1a: Gholdengo\n|move|p1b: Palafin|Liquidation|p2b: Indeedee\n|-damage|p2b: Indeedee|0 fnt\n|faint|p2b: Indeedee\n|\n|upkeep\n|-message|Osmatic forfeited.\n|\n|win|Zulneily\n|raw|Osmatic's rating: 1092 &rarr; <strong>1074<\/strong><br \/>(-18 for losing)\n|raw|Zulneily's rating: 1178 &rarr; <strong>1197<\/strong><br \/>(+19 for winning)\n|l|\u2606Osmatic\n","uploadtime":1701034394,"views":6,"p1id":"osmatic","p2id":"zulneily","formatid":"gen9doublesou","rating":1074,"private":0,"password":""}