{"id":"gen9doublesou-1997752638","p1":"Zaeran00","p2":"Carso","format":"[Gen 9] Doubles OU","log":"|j|\u2606Zaeran00\n|j|\u2606Carso\n|t:|1700848939\n|gametype|doubles\n|player|p1|Zaeran00|n|1508\n|player|p2|Carso|nate|1514\n|teamsize|p1|6\n|teamsize|p2|6\n|gen|9\n|tier|[Gen 9] Doubles OU\n|rated|\n|rule|Species Clause: Limit one of each Pok\u00e9mon\n|rule|OHKO Clause: OHKO moves are banned\n|rule|Evasion Moves Clause: Evasion moves are banned\n|rule|Gravity Sleep Clause: The combination of sleep-inducing moves with imperfect accuracy and Gravity or Gigantamax Orbeetle are banned\n|rule|Endless Battle Clause: Forcing endless battles is banned\n|rule|HP Percentage Mod: HP is shown in percentages\n|clearpoke\n|poke|p1|Tyranitar, F|\n|poke|p1|Samurott-Hisui, M|\n|poke|p1|Kleavor, M|\n|poke|p1|Armarouge, M|\n|poke|p1|Amoonguss, M|\n|poke|p1|Tinkaton, F|\n|poke|p2|Ogerpon-Wellspring, F|\n|poke|p2|Arcanine-Hisui, M|\n|poke|p2|Grimmsnarl, M|\n|poke|p2|Iron Hands|\n|poke|p2|Rillaboom, F|\n|poke|p2|Walking Wake|\n|teampreview\n|inactive|Battle timer is ON: inactive players will automatically lose when time's up. (requested by Carso)\n|\n|t:|1700848955\n|start\n|switch|p1a: Axell|Kleavor, M|100\/100\n|switch|p1b: Hamera|Tinkaton, F|100\/100\n|switch|p2a: Arcanine|Arcanine-Hisui, M|100\/100\n|switch|p2b: Rillaboom|Rillaboom, F|100\/100\n|-item|p1b: Hamera|Air Balloon\n|-ability|p2a: Arcanine|Intimidate|boost\n|-unboost|p1a: Axell|atk|1\n|-fail|p1b: Hamera|unboost|Attack|[from] ability: Own Tempo|[of] p1b: Hamera\n|-fieldstart|move: Grassy Terrain|[from] ability: Grassy Surge|[of] p2b: Rillaboom\n|turn|1\n|\n|t:|1700848962\n|move|p1b: Hamera|Fake Out|p2b: Rillaboom\n|-damage|p2b: Rillaboom|91\/100\n|cant|p2b: Rillaboom|flinch\n|move|p2a: Arcanine|Flare Blitz|p1a: Axell\n|-damage|p1a: Axell|26\/100\n|-damage|p2a: Arcanine|80\/100|[from] Recoil\n|move|p1a: Axell|Stone Axe|p2a: Arcanine\n|-supereffective|p2a: Arcanine\n|-damage|p2a: Arcanine|0 fnt\n|-sidestart|p2: Carso|move: Stealth Rock\n|faint|p2a: Arcanine\n|\n|-heal|p1a: Axell|32\/100|[from] Grassy Terrain\n|-heal|p2b: Rillaboom|97\/100|[from] Grassy Terrain\n|upkeep\n|\n|t:|1700848983\n|switch|p2a: Ogerpon|Ogerpon-Wellspring, F|100\/100\n|-damage|p2a: Ogerpon|88\/100|[from] Stealth Rock\n|turn|2\n|\n|t:|1700849001\n|move|p2a: Ogerpon|Ivy Cudgel|p1a: Axell|[anim] Ivy Cudgel Water\n|-supereffective|p1a: Axell\n|-damage|p1a: Axell|0 fnt\n|faint|p1a: Axell\n|move|p1b: Hamera|Thunder Wave|p2a: Ogerpon\n|-status|p2a: Ogerpon|par\n|move|p2b: Rillaboom|High Horsepower|p1b: Hamera\n|-immune|p1b: Hamera\n|\n|-heal|p2b: Rillaboom|100\/100|[from] Grassy Terrain\n|-heal|p2a: Ogerpon|94\/100 par|[from] Grassy Terrain\n|upkeep\n|\n|t:|1700849020\n|switch|p1a: Red X|Armarouge, M|100\/100\n|turn|3\n|\n|t:|1700849028\n|switch|p1b: Kojiro|Samurott-Hisui, M|100\/100\n|move|p2b: Rillaboom|High Horsepower|p1a: Red X\n|-supereffective|p1a: Red X\n|-damage|p1a: Red X|11\/100\n|-damage|p2b: Rillaboom|91\/100|[from] item: Life Orb\n|move|p1a: Red X|Heat Wave|p2b: Rillaboom|[spread] p2a,p2b\n|-crit|p2a: Ogerpon\n|-supereffective|p2b: Rillaboom\n|-damage|p2a: Ogerpon|2\/100 par\n|-damage|p2b: Rillaboom|0 fnt\n|faint|p2b: Rillaboom\n|-damage|p1a: Red X|2\/100|[from] item: Life Orb\n|cant|p2a: Ogerpon|par\n|\n|-heal|p1a: Red X|8\/100|[from] Grassy Terrain\n|-heal|p2a: Ogerpon|8\/100 par|[from] Grassy Terrain\n|upkeep\n|\n|t:|1700849040\n|switch|p2b: Iron Hands|Iron Hands|100\/100\n|-damage|p2b: Iron Hands|94\/100|[from] Stealth Rock\n|turn|4\n|\n|t:|1700849059\n|move|p2b: Iron Hands|Fake Out|p1a: Red X\n|-damage|p1a: Red X|0 fnt\n|faint|p1a: Red X\n|move|p1b: Kojiro|Ceaseless Edge|p2a: Ogerpon\n|-damage|p2a: Ogerpon|0 fnt\n|-sidestart|p2: Carso|Spikes\n|faint|p2a: Ogerpon\n|\n|-heal|p2b: Iron Hands|100\/100|[from] Grassy Terrain\n|upkeep\n|\n|t:|1700849071\n|switch|p2a: Grimmsnarl|Grimmsnarl, M|100\/100\n|switch|p1a: Hamera|Tinkaton, F|100\/100\n|-item|p1a: Hamera|Air Balloon\n|-damage|p2a: Grimmsnarl|88\/100|[from] Stealth Rock\n|-damage|p2a: Grimmsnarl|76\/100|[from] Spikes\n|turn|5\n|\n|t:|1700849097\n|move|p1a: Hamera|Fake Out|p2b: Iron Hands\n|-damage|p2b: Iron Hands|94\/100\n|move|p2a: Grimmsnarl|Reflect|p2a: Grimmsnarl\n|-sidestart|p2: Carso|Reflect\n|move|p1b: Kojiro|Razor Shell|p2b: Iron Hands\n|-damage|p2b: Iron Hands|72\/100\n|-unboost|p2b: Iron Hands|def|1\n|cant|p2b: Iron Hands|flinch\n|\n|-heal|p2a: Grimmsnarl|82\/100|[from] Grassy Terrain\n|-heal|p2b: Iron Hands|78\/100|[from] Grassy Terrain\n|-fieldend|move: Grassy Terrain\n|upkeep\n|turn|6\n|inactive|Carso has 120 seconds left.\n|\n|t:|1700849134\n|move|p2a: Grimmsnarl|Thunder Wave|p1a: Hamera\n|-status|p1a: Hamera|par\n|move|p1b: Kojiro|Razor Shell|p2b: Iron Hands\n|-damage|p2b: Iron Hands|46\/100\n|move|p1a: Hamera|Gigaton Hammer|p2a: Grimmsnarl\n|-supereffective|p2a: Grimmsnarl\n|-damage|p2a: Grimmsnarl|0 fnt\n|faint|p2a: Grimmsnarl\n|move|p2b: Iron Hands|Drain Punch|p1b: Kojiro\n|-supereffective|p1b: Kojiro\n|-damage|p1b: Kojiro|8\/100\n|-heal|p2b: Iron Hands|80\/100|[from] drain|[of] p1b: Kojiro\n|\n|upkeep\n|\n|t:|1700849147\n|switch|p2a: Walking Wake|Walking Wake|100\/100\n|-damage|p2a: Walking Wake|88\/100|[from] Stealth Rock\n|-damage|p2a: Walking Wake|76\/100|[from] Spikes\n|turn|7\n|\n|t:|1700849167\n|move|p2a: Walking Wake|Flamethrower|p1b: Kojiro\n|-resisted|p1b: Kojiro\n|-damage|p1b: Kojiro|0 fnt\n|faint|p1b: Kojiro\n|move|p1a: Hamera|Thunder Wave|p2a: Walking Wake\n|-status|p2a: Walking Wake|par\n|move|p2b: Iron Hands|Drain Punch|p1a: Hamera\n|-damage|p1a: Hamera|34\/100 par\n|-heal|p2b: Iron Hands|100\/100|[from] drain|[of] p1a: Hamera\n|-enditem|p1a: Hamera|Air Balloon\n|\n|upkeep\n|\n|t:|1700849180\n|switch|p1b: Champ|Amoonguss, M|100\/100\n|turn|8\n|\n|t:|1700849190\n|cant|p2a: Walking Wake|par\n|cant|p1a: Hamera|par\n|move|p1b: Champ|Spore|p2b: Iron Hands\n|-status|p2b: Iron Hands|slp|[from] move: Spore\n|cant|p2b: Iron Hands|slp\n|\n|upkeep\n|turn|9\n|\n|t:|1700849209\n|move|p2a: Walking Wake|Flamethrower|p1a: Hamera\n|-supereffective|p1a: Hamera\n|-damage|p1a: Hamera|0 fnt\n|faint|p1a: Hamera\n|move|p1b: Champ|Pollen Puff|p2a: Walking Wake\n|-crit|p2a: Walking Wake\n|-damage|p2a: Walking Wake|46\/100 par\n|-curestatus|p2b: Iron Hands|slp|[msg]\n|move|p2b: Iron Hands|Drain Punch|p1b: Champ\n|-resisted|p1b: Champ\n|-damage|p1b: Champ|77\/100\n|\n|upkeep\n|\n|t:|1700849224\n|switch|p1a: Esmeralda|Tyranitar, F|100\/100\n|-weather|Sandstorm|[from] ability: Sand Stream|[of] p1a: Esmeralda\n|turn|10\n|\n|t:|1700849235\n|-terastallize|p1a: Esmeralda|Rock\n|move|p2a: Walking Wake|Flamethrower|p1a: Esmeralda\n|-resisted|p1a: Esmeralda\n|-damage|p1a: Esmeralda|87\/100\n|move|p1a: Esmeralda|Rock Slide|p2b: Iron Hands|[spread] p2a,p2b\n|-resisted|p2b: Iron Hands\n|-damage|p2a: Walking Wake|21\/100 par\n|-damage|p2b: Iron Hands|91\/100\n|move|p1b: Champ|Spore|p1a: Esmeralda\n|-status|p1a: Esmeralda|slp|[from] move: Spore\n|cant|p2b: Iron Hands|flinch\n|\n|-weather|Sandstorm|[upkeep]\n|-damage|p2a: Walking Wake|15\/100 par|[from] Sandstorm\n|-damage|p1b: Champ|70\/100|[from] Sandstorm\n|-damage|p2b: Iron Hands|85\/100|[from] Sandstorm\n|upkeep\n|turn|11\n|\n|t:|1700849252\n|move|p2a: Walking Wake|Flamethrower|p1b: Champ\n|-supereffective|p1b: Champ\n|-damage|p1b: Champ|14\/100\n|-enditem|p1b: Champ|Aguav Berry|[eat]\n|-heal|p1b: Champ|48\/100|[from] item: Aguav Berry\n|cant|p1a: Esmeralda|slp\n|move|p1b: Champ|Spore|p2b: Iron Hands\n|-status|p2b: Iron Hands|slp|[from] move: Spore\n|cant|p2b: Iron Hands|slp\n|\n|-weather|Sandstorm|[upkeep]\n|-damage|p2a: Walking Wake|8\/100 par|[from] Sandstorm\n|-damage|p1b: Champ|41\/100|[from] Sandstorm\n|-damage|p2b: Iron Hands|79\/100 slp|[from] Sandstorm\n|upkeep\n|turn|12\n|inactive|Zaeran00 has 120 seconds left.\n|inactive|Zaeran00 has 90 seconds left.\n|\n|t:|1700849313\n|cant|p2a: Walking Wake|par\n|-curestatus|p1a: Esmeralda|slp|[msg]\n|move|p1a: Esmeralda|Rock Slide|p2b: Iron Hands|[spread] p2a,p2b\n|-resisted|p2b: Iron Hands\n|-damage|p2a: Walking Wake|0 fnt\n|-damage|p2b: Iron Hands|68\/100 slp\n|faint|p2a: Walking Wake\n|-end|p2a: Walking Wake|Protosynthesis|[silent]\n|move|p1b: Champ|Pollen Puff|p2b: Iron Hands\n|-resisted|p2b: Iron Hands\n|-damage|p2b: Iron Hands|62\/100 slp\n|-curestatus|p2b: Iron Hands|slp|[msg]\n|move|p2b: Iron Hands|Drain Punch|p1a: Esmeralda\n|-supereffective|p1a: Esmeralda\n|-damage|p1a: Esmeralda|39\/100\n|-heal|p2b: Iron Hands|81\/100|[from] drain|[of] p1a: Esmeralda\n|-enditem|p1a: Esmeralda|Weakness Policy\n|-boost|p1a: Esmeralda|atk|2|[from] item: Weakness Policy\n|-boost|p1a: Esmeralda|spa|2|[from] item: Weakness Policy\n|\n|-weather|Sandstorm|[upkeep]\n|-damage|p1b: Champ|35\/100|[from] Sandstorm\n|-damage|p2b: Iron Hands|75\/100|[from] Sandstorm\n|-sideend|p2: Carso|Reflect\n|upkeep\n|turn|13\n|\n|t:|1700849332\n|move|p1a: Esmeralda|Earthquake|p2b: Iron Hands|[spread] p1b,p2b\n|-supereffective|p2b: Iron Hands\n|-damage|p1b: Champ|0 fnt\n|-damage|p2b: Iron Hands|0 fnt\n|faint|p1b: Champ\n|faint|p2b: Iron Hands\n|-end|p2b: Iron Hands|Quark Drive|[silent]\n|\n|win|Zaeran00\n|raw|Zaeran00's rating: 1508 &rarr; <strong>1528<\/strong><br \/>(+20 for winning)\n|raw|Carso's rating: 1514 &rarr; <strong>1494<\/strong><br \/>(-20 for losing)\n|l|\u2606Carso\n","uploadtime":1700849442,"views":1,"p1id":"zaeran00","p2id":"carso","formatid":"gen9doublesou","rating":1494,"private":0,"password":""}