{"id":"gen9doublesou-1985711653","p1":"SaturnFr3ak","p2":"Jun Yamada","format":"[Gen 9] Doubles OU","log":"|j|\u2606SaturnFr3ak\n|j|\u2606Jun Yamada\n|t:|1699398222\n|gametype|doubles\n|player|p1|SaturnFr3ak|mina|1382\n|player|p2|Jun Yamada|101|1486\n|teamsize|p1|6\n|teamsize|p2|6\n|gen|9\n|tier|[Gen 9] Doubles OU\n|rated|\n|rule|Species Clause: Limit one of each Pok\u00e9mon\n|rule|OHKO Clause: OHKO moves are banned\n|rule|Evasion Moves Clause: Evasion moves are banned\n|rule|Gravity Sleep Clause: The combination of sleep-inducing moves with imperfect accuracy and Gravity or Gigantamax Orbeetle are banned\n|rule|Endless Battle Clause: Forcing endless battles is banned\n|rule|HP Percentage Mod: HP is shown in percentages\n|clearpoke\n|poke|p1|Stonjourner, F|\n|poke|p1|Chi-Yu|\n|poke|p1|Passimian, M|\n|poke|p1|Flutter Mane|\n|poke|p1|Muk-Alola, M|\n|poke|p1|Sinistcha-Masterpiece|\n|poke|p2|Iron Hands|\n|poke|p2|Cresselia, F|\n|poke|p2|Amoonguss, F|\n|poke|p2|Kingambit, M|\n|poke|p2|Diancie|\n|poke|p2|Heatran, M|\n|teampreview\n|\n|t:|1699398231\n|start\n|switch|p1a: Roxie|Stonjourner, F, shiny|100\/100\n|switch|p1b: OJ|Passimian, M, shiny|100\/100\n|switch|p2a: Cresselia|Cresselia, F|100\/100\n|switch|p2b: Iron Hands|Iron Hands|100\/100\n|turn|1\n|inactive|Battle timer is ON: inactive players will automatically lose when time's up. (requested by Jun Yamada)\n|\n|t:|1699398250\n|move|p2b: Iron Hands|Fake Out|p1b: OJ\n|-damage|p1b: OJ|82\/100\n|cant|p1b: OJ|flinch\n|move|p1a: Roxie|Sunny Day|p1a: Roxie\n|-weather|SunnyDay\n|move|p2a: Cresselia|Trick Room|p2a: Cresselia\n|-fieldstart|move: Trick Room|[of] p2a: Cresselia\n|\n|-weather|SunnyDay|[upkeep]\n|upkeep\n|turn|2\n|\n|t:|1699398270\n|move|p2b: Iron Hands|Close Combat|p1a: Roxie\n|-supereffective|p1a: Roxie\n|-damage|p1a: Roxie|20\/100\n|-unboost|p2b: Iron Hands|def|1\n|-unboost|p2b: Iron Hands|spd|1\n|move|p2a: Cresselia|Psychic|p1b: OJ\n|-supereffective|p1b: OJ\n|-damage|p1b: OJ|9\/100\n|move|p1a: Roxie|Heat Crash|p2a: Cresselia\n|-damage|p2a: Cresselia|71\/100\n|move|p1b: OJ|Close Combat|p2b: Iron Hands\n|-damage|p2b: Iron Hands|14\/100\n|-unboost|p1b: OJ|def|1\n|-unboost|p1b: OJ|spd|1\n|\n|-weather|SunnyDay|[upkeep]\n|upkeep\n|turn|3\n|inactive|SaturnFr3ak has 120 seconds left.\n|inactive|SaturnFr3ak has 90 seconds left.\n|\n|t:|1699398356\n|switch|p1b: Greed|Muk-Alola, M, shiny|100\/100\n|move|p2b: Iron Hands|Close Combat|p1a: Roxie\n|-supereffective|p1a: Roxie\n|-damage|p1a: Roxie|0 fnt\n|-unboost|p2b: Iron Hands|def|1\n|-unboost|p2b: Iron Hands|spd|1\n|faint|p1a: Roxie\n|-ability|p1b: Greed|Power Spot|[from] ability: Power of Alchemy|[of] p1a: Roxie\n|move|p2a: Cresselia|Psychic|p1b: Greed\n|-immune|p1b: Greed\n|\n|-weather|SunnyDay|[upkeep]\n|upkeep\n|inactive|SaturnFr3ak has 60 seconds left.\n|\n|t:|1699398374\n|switch|p1a: OJ|Passimian, M, shiny|9\/100\n|turn|4\n|\n|t:|1699398387\n|-end|p2b: Iron Hands|Quark Drive|[silent]\n|switch|p2b: Amoonguss|Amoonguss, F|100\/100\n|move|p1b: Greed|Shadow Sneak|p2b: Amoonguss\n|-crit|p2b: Amoonguss\n|-damage|p2b: Amoonguss|86\/100\n|move|p2a: Cresselia|Psychic|p1a: OJ\n|-supereffective|p1a: OJ\n|-damage|p1a: OJ|0 fnt\n|faint|p1a: OJ\n|\n|-weather|SunnyDay|[upkeep]\n|upkeep\n|inactive|SaturnFr3ak has 60 seconds left.\n|\n|t:|1699398402\n|switch|p1a: Soba|Sinistcha-Masterpiece|100\/100\n|turn|5\n|\n|t:|1699398419\n|switch|p2a: Heatran|Heatran, M|100\/100\n|switch|p1a: Nemo|Chi-Yu|100\/100\n|-ability|p1a: Nemo|Beads of Ruin\n|move|p2b: Amoonguss|Spore|p1b: Greed\n|-status|p1b: Greed|slp|[from] move: Spore\n|cant|p1b: Greed|slp\n|\n|-weather|SunnyDay|[upkeep]\n|-fieldend|move: Trick Room\n|upkeep\n|turn|6\n|inactive|SaturnFr3ak has 90 seconds left.\n|inactive|Jun Yamada has 120 seconds left.\n|\n|t:|1699398452\n|move|p2b: Amoonguss|Rage Powder|p2b: Amoonguss\n|-singleturn|p2b: Amoonguss|move: Rage Powder\n|move|p1a: Nemo|Heat Wave|p2b: Amoonguss|[spread] p2b\n|-start|p2a: Heatran|ability: Flash Fire\n|-supereffective|p2b: Amoonguss\n|-damage|p2b: Amoonguss|0 fnt\n|faint|p2b: Amoonguss\n|move|p2a: Heatran|Earth Power|p1a: Nemo\n|-supereffective|p1a: Nemo\n|-damage|p1a: Nemo|22\/100\n|cant|p1b: Greed|slp\n|\n|-weather|SunnyDay|[upkeep]\n|upkeep\n|inactive|Jun Yamada has 120 seconds left.\n|\n|t:|1699398460\n|switch|p2b: Diancie|Diancie|100\/100\n|turn|7\n|inactive|SaturnFr3ak has 90 seconds left.\n|\n|t:|1699398486\n|move|p1a: Nemo|Heat Wave|p2a: Heatran|[spread] p2b\n|-immune|p2a: Heatran|[from] ability: Flash Fire\n|-resisted|p2b: Diancie\n|-damage|p2b: Diancie|62\/100\n|move|p2a: Heatran|Earth Power|p1a: Nemo\n|-supereffective|p1a: Nemo\n|-damage|p1a: Nemo|0 fnt\n|faint|p1a: Nemo\n|cant|p1b: Greed|slp\n|move|p2b: Diancie|Trick Room|p2b: Diancie\n|-fieldstart|move: Trick Room|[of] p2b: Diancie\n|\n|-weather|SunnyDay|[upkeep]\n|upkeep\n|\n|t:|1699398504\n|switch|p1a: Soba|Sinistcha-Masterpiece|100\/100\n|turn|8\n|\n|t:|1699398518\n|move|p2b: Diancie|Diamond Storm|p1a: Soba|[spread] p1a,p1b\n|-damage|p1a: Soba|78\/100\n|-damage|p1b: Greed|64\/100 slp\n|-boost|p2b: Diancie|def|2\n|-curestatus|p1b: Greed|slp|[msg]\n|move|p1b: Greed|Knock Off|p2a: Heatran\n|-damage|p2a: Heatran|61\/100\n|-enditem|p2a: Heatran|Aguav Berry|[from] move: Knock Off|[of] p1b: Greed\n|move|p1a: Soba|Reflect|p1a: Soba\n|-sidestart|p1: SaturnFr3ak|Reflect\n|move|p2a: Heatran|Heat Wave|p1a: Soba|[spread] p1b\n|-miss|p2a: Heatran|p1a: Soba\n|-damage|p1b: Greed|16\/100\n|\n|-weather|none\n|upkeep\n|turn|9\n|inactive|SaturnFr3ak has 90 seconds left.\n|inactive|SaturnFr3ak has 60 seconds left.\n|\n|t:|1699398572\n|move|p2b: Diancie|Diamond Storm|p1b: Greed|[spread] p1a\n|-miss|p2b: Diancie|p1b: Greed\n|-damage|p1a: Soba|62\/100\n|move|p1b: Greed|Knock Off|p2a: Heatran\n|-damage|p2a: Heatran|35\/100\n|move|p1a: Soba|Life Dew|p1a: Soba|[spread] p1a,p1b\n|-heal|p1a: Soba|87\/100\n|-heal|p1b: Greed|41\/100\n|move|p2a: Heatran|Heat Wave|p1a: Soba|[spread] p1a,p1b\n|-supereffective|p1a: Soba\n|-damage|p1a: Soba|0 fnt\n|-damage|p1b: Greed|9\/100\n|faint|p1a: Soba\n|\n|upkeep\n|inactive|SaturnFr3ak has 60 seconds left.\n|\n|t:|1699398589\n|switch|p1a: Missy|Flutter Mane|100\/100\n|turn|10\n|\n|t:|1699398601\n|-terastallize|p1a: Missy|Fairy\n|move|p2b: Diancie|Diamond Storm|p1b: Greed|[spread] \n|-miss|p2b: Diancie|p1a: Missy\n|-miss|p2b: Diancie|p1b: Greed\n|move|p1b: Greed|Knock Off|p2a: Heatran\n|-damage|p2a: Heatran|5\/100\n|move|p2a: Heatran|Flash Cannon|p1a: Missy\n|-supereffective|p1a: Missy\n|-damage|p1a: Missy|0 fnt\n|faint|p1a: Missy\n|-end|p1a: Missy|Protosynthesis|[silent]\n|\n|upkeep\n|turn|11\n|\n|t:|1699398627\n|move|p2b: Diancie|Body Press|p1b: Greed\n|-damage|p1b: Greed|0 fnt\n|faint|p1b: Greed\n|\n|win|Jun Yamada\n|raw|SaturnFr3ak's rating: 1382 &rarr; <strong>1368<\/strong><br \/>(-14 for losing)\n|raw|Jun Yamada's rating: 1486 &rarr; <strong>1500<\/strong><br \/>(+14 for winning)\n|l|\u2606Jun Yamada\n|c|\u2606SaturnFr3ak|!data Diamond Storm\n|raw|<ul class=\"utilichart\"><li class=\"result\"><span class=\"col movenamecol\"><a href=\"https:\/\/dex.pokemonshowdown.com\/moves\/diamondstorm\">Diamond Storm<\/a><\/span> <span class=\"col typecol\"><img src=\"\/\/play.pokemonshowdown.com\/sprites\/types\/Rock.png\" alt=\"Rock\" width=\"32\" height=\"14\"><img src=\"\/\/play.pokemonshowdown.com\/sprites\/categories\/Physical.png\" alt=\"Physical\" width=\"32\" height=\"14\"><\/span> <span class=\"col labelcol\"><em>Power<\/em><br>100<\/span> <span class=\"col widelabelcol\"><em>Accuracy<\/em><br>95%<\/span> <span class=\"col pplabelcol\"><em>PP<\/em><br>8<\/span> <span class=\"col movedesccol\">50% chance to raise user's Defense by 2.<\/span> <\/li><li style=\"clear:both\"><\/li><\/ul>\n\n","uploadtime":1699398649,"views":11,"p1id":"saturnfr3ak","p2id":"junyamada","formatid":"gen9doublesou","rating":1368,"private":0,"password":""}