{"id":"gen9doublesou-1974581424","p1":"Console_8","p2":"God_of_STANK!","format":"[Gen 9] Doubles OU","log":"|j|\u2606Console_8\n|j|\u2606God_of_STANK!\n|t:|1698099422\n|gametype|doubles\n|player|p1|Console_8|pokemonbreeder|1451\n|player|p2|God_of_STANK!|psychic|1392\n|teamsize|p1|6\n|teamsize|p2|6\n|gen|9\n|tier|[Gen 9] Doubles OU\n|rated|\n|rule|Species Clause: Limit one of each Pok\u00e9mon\n|rule|OHKO Clause: OHKO moves are banned\n|rule|Evasion Moves Clause: Evasion moves are banned\n|rule|Gravity Sleep Clause: The combination of sleep-inducing moves with imperfect accuracy and Gravity or Gigantamax Orbeetle are banned\n|rule|Endless Battle Clause: Forcing endless battles is banned\n|rule|HP Percentage Mod: HP is shown in percentages\n|clearpoke\n|poke|p1|Chien-Pao|\n|poke|p1|Dragapult, M|\n|poke|p1|Gyarados, F|\n|poke|p1|Ting-Lu|\n|poke|p1|Dondozo, F|\n|poke|p1|Iron Hands|\n|poke|p2|Grimmsnarl, M|\n|poke|p2|Okidogi, M|\n|poke|p2|Cresselia, F|\n|poke|p2|Iron Hands|\n|poke|p2|Tornadus, M|\n|poke|p2|Volcanion|\n|teampreview\n|inactive|Battle timer is ON: inactive players will automatically lose when time's up. (requested by God_of_STANK!)\n|inactive|God_of_STANK! has 120 seconds left.\n|\n|t:|1698099459\n|start\n|switch|p1a: Iron Hands|Iron Hands|100\/100\n|switch|p1b: Chien-Pao|Chien-Pao|100\/100\n|switch|p2a: Grimmsnarl|Grimmsnarl, M|100\/100\n|switch|p2b: Iron Hands|Iron Hands|100\/100\n|-ability|p1b: Chien-Pao|Sword of Ruin\n|turn|1\n|\n|t:|1698099468\n|move|p1b: Chien-Pao|Protect|p1b: Chien-Pao\n|-singleturn|p1b: Chien-Pao|Protect\n|move|p2b: Iron Hands|Protect|p2b: Iron Hands\n|-singleturn|p2b: Iron Hands|Protect\n|move|p2a: Grimmsnarl|Fake Out|p1b: Chien-Pao\n|-activate|p1b: Chien-Pao|move: Protect\n|move|p1a: Iron Hands|Heavy Slam|p2a: Grimmsnarl\n|-supereffective|p2a: Grimmsnarl\n|-damage|p2a: Grimmsnarl|0 fnt\n|faint|p2a: Grimmsnarl\n|\n|upkeep\n|\n|t:|1698099474\n|switch|p2a: Cresselia|Cresselia, F|100\/100\n|turn|2\n|\n|t:|1698099484\n|move|p1b: Chien-Pao|Sucker Punch||[still]\n|-fail|p1b: Chien-Pao\n|move|p1a: Iron Hands|Drain Punch|p2b: Iron Hands\n|-damage|p2b: Iron Hands|63\/100\n|move|p2b: Iron Hands|Belly Drum|p2b: Iron Hands\n|-damage|p2b: Iron Hands|13\/100\n|-setboost|p2b: Iron Hands|atk|6|[from] move: Belly Drum\n|-enditem|p2b: Iron Hands|Sitrus Berry|[eat]\n|-heal|p2b: Iron Hands|38\/100|[from] item: Sitrus Berry\n|move|p2a: Cresselia|Trick Room|p2a: Cresselia\n|-fieldstart|move: Trick Room|[of] p2a: Cresselia\n|\n|upkeep\n|turn|3\n|\n|t:|1698099502\n|-terastallize|p2b: Iron Hands|Fairy\n|move|p1b: Chien-Pao|Sucker Punch|p2b: Iron Hands\n|-resisted|p2b: Iron Hands\n|-damage|p2b: Iron Hands|25\/100\n|move|p2b: Iron Hands|Drain Punch|p1a: Iron Hands\n|-damage|p1a: Iron Hands|0 fnt\n|-heal|p2b: Iron Hands|80\/100|[from] drain|[of] p1a: Iron Hands\n|faint|p1a: Iron Hands\n|-end|p1a: Iron Hands|Quark Drive|[silent]\n|move|p2a: Cresselia|Lunar Blessing|p2a: Cresselia|[spread] p2a,p2b\n|-heal|p2b: Iron Hands|100\/100\n|\n|upkeep\n|\n|t:|1698099511\n|switch|p1a: Gyarados|Gyarados, F|100\/100\n|-ability|p1a: Gyarados|Intimidate|boost\n|-unboost|p2a: Cresselia|atk|1\n|-unboost|p2b: Iron Hands|atk|1\n|turn|4\n|\n|t:|1698099523\n|move|p2a: Cresselia|Ally Switch|p2a: Cresselia\n|swap|p2a: Cresselia|1|[from] move: Ally Switch\n|move|p2a: Iron Hands|Iron Head|p1a: Gyarados\n|-resisted|p1a: Gyarados\n|-damage|p1a: Gyarados|36\/100\n|cant|p1a: Gyarados|flinch\n|move|p1b: Chien-Pao|Ice Spinner|p2a: Iron Hands\n|-damage|p2a: Iron Hands|69\/100\n|\n|upkeep\n|turn|5\n|\n|t:|1698099538\n|move|p2a: Iron Hands|Drain Punch|p1b: Chien-Pao\n|-supereffective|p1b: Chien-Pao\n|-enditem|p1b: Chien-Pao|Focus Sash\n|-damage|p1b: Chien-Pao|1\/100\n|-heal|p2a: Iron Hands|100\/100|[from] drain|[of] p1b: Chien-Pao\n|move|p1a: Gyarados|Thunder Wave|p2b: Cresselia|[miss]\n|-miss|p1a: Gyarados|p2b: Cresselia\n|move|p2b: Cresselia|Lunar Blessing||[still]|[spread] \n|-fail|p2b: Cresselia\n|move|p1b: Chien-Pao|Ice Spinner|p2a: Iron Hands\n|-damage|p2a: Iron Hands|67\/100\n|\n|upkeep\n|turn|6\n|\n|t:|1698099555\n|move|p1b: Chien-Pao|Sucker Punch|p2a: Iron Hands\n|-resisted|p2a: Iron Hands\n|-damage|p2a: Iron Hands|53\/100\n|move|p2a: Iron Hands|Drain Punch|p1a: Gyarados\n|-resisted|p1a: Gyarados\n|-damage|p1a: Gyarados|0 fnt\n|-heal|p2a: Iron Hands|68\/100|[from] drain|[of] p1a: Gyarados\n|faint|p1a: Gyarados\n|move|p2b: Cresselia|Moonblast|p1b: Chien-Pao\n|-supereffective|p1b: Chien-Pao\n|-damage|p1b: Chien-Pao|0 fnt\n|faint|p1b: Chien-Pao\n|\n|-fieldend|move: Trick Room\n|upkeep\n|\n|t:|1698099564\n|switch|p1b: Dondozo|Dondozo, F|100\/100\n|switch|p1a: Dragapult|Dragapult, M|100\/100\n|turn|7\n|\n|t:|1698099575\n|-terastallize|p1a: Dragapult|Ghost\n|move|p2a: Iron Hands|Protect|p2a: Iron Hands\n|-singleturn|p2a: Iron Hands|Protect\n|move|p1a: Dragapult|Phantom Force||[still]\n|-prepare|p1a: Dragapult|Phantom Force\n|move|p1b: Dondozo|Heavy Slam|p2a: Iron Hands\n|-activate|p2a: Iron Hands|move: Protect\n|move|p2b: Cresselia|Trick Room|p2b: Cresselia\n|-fieldstart|move: Trick Room|[of] p2b: Cresselia\n|\n|upkeep\n|turn|8\n|\n|t:|1698099585\n|move|p2b: Cresselia|Ally Switch|p2b: Cresselia\n|swap|p2b: Cresselia|0|[from] move: Ally Switch\n|move|p2b: Iron Hands|Drain Punch|p1b: Dondozo\n|-damage|p1b: Dondozo|33\/100\n|-heal|p2b: Iron Hands|100\/100|[from] drain|[of] p1b: Dondozo\n|move|p1b: Dondozo|Heavy Slam|p2a: Cresselia\n|-damage|p2a: Cresselia|89\/100\n|move|p1a: Dragapult|Phantom Force|p2b: Iron Hands|[from]lockedmove\n|-damage|p2b: Iron Hands|50\/100\n|\n|-heal|p1b: Dondozo|40\/100|[from] item: Leftovers\n|upkeep\n|turn|9\n|\n|t:|1698099600\n|move|p2b: Iron Hands|Iron Head|p1a: Dragapult\n|-damage|p1a: Dragapult|0 fnt\n|faint|p1a: Dragapult\n|move|p1b: Dondozo|Heavy Slam|p2b: Iron Hands\n|-supereffective|p2b: Iron Hands\n|-damage|p2b: Iron Hands|37\/100\n|move|p2a: Cresselia|Lunar Blessing|p2a: Cresselia|[spread] p2a,p2b\n|-heal|p2a: Cresselia|100\/100\n|-heal|p2b: Iron Hands|62\/100\n|\n|-heal|p1b: Dondozo|46\/100|[from] item: Leftovers\n|upkeep\n|\n|t:|1698099604\n|switch|p1a: Ting-Lu|Ting-Lu|100\/100\n|-ability|p1a: Ting-Lu|Vessel of Ruin\n|turn|10\n|\n|t:|1698099619\n|move|p2a: Cresselia|Ally Switch|p2a: Cresselia\n|swap|p2a: Cresselia|1|[from] move: Ally Switch\n|move|p2a: Iron Hands|Drain Punch|p1a: Ting-Lu\n|-supereffective|p1a: Ting-Lu\n|-damage|p1a: Ting-Lu|0 fnt\n|-heal|p2a: Iron Hands|100\/100|[from] drain|[of] p1a: Ting-Lu\n|faint|p1a: Ting-Lu\n|move|p1b: Dondozo|Wave Crash|p2b: Cresselia\n|-damage|p2b: Cresselia|67\/100\n|-damage|p1b: Dondozo|36\/100|[from] Recoil\n|\n|-heal|p1b: Dondozo|43\/100|[from] item: Leftovers\n|upkeep\n|turn|11\n|c|\u2606God_of_STANK!|gg\n|\n|t:|1698099633\n|move|p2a: Iron Hands|Drain Punch|p1b: Dondozo\n|-damage|p1b: Dondozo|0 fnt\n|faint|p1b: Dondozo\n|\n|win|God_of_STANK!\n|raw|Console_8's rating: 1451 &rarr; <strong>1428<\/strong><br \/>(-23 for losing)\n|raw|God_of_STANK!'s rating: 1392 &rarr; <strong>1415<\/strong><br \/>(+23 for winning)\n","uploadtime":1698099643,"views":7,"p1id":"console8","p2id":"godofstank","formatid":"gen9doublesou","rating":1415,"private":0,"password":""}