{"id":"gen9doublesou-1991125646","p1":"FrogGangg","p2":"SteelMan2007","format":"[Gen 9] Doubles OU","log":"|j|\u2606FrogGangg\n|j|\u2606SteelMan2007\n|t:|1700046847\n|gametype|doubles\n|player|p1|FrogGangg|n|1086\n|player|p2|SteelMan2007|265|1137\n|teamsize|p1|6\n|teamsize|p2|6\n|gen|9\n|tier|[Gen 9] Doubles OU\n|rated|\n|rule|Species Clause: Limit one of each Pok\u00e9mon\n|rule|OHKO Clause: OHKO moves are banned\n|rule|Evasion Moves Clause: Evasion moves are banned\n|rule|Gravity Sleep Clause: The combination of sleep-inducing moves with imperfect accuracy and Gravity or Gigantamax Orbeetle are banned\n|rule|Endless Battle Clause: Forcing endless battles is banned\n|rule|HP Percentage Mod: HP is shown in percentages\n|clearpoke\n|poke|p1|Greninja-*, F|\n|poke|p1|Politoed, M|\n|poke|p1|Poliwrath, F|\n|poke|p1|Bellibolt, F|\n|poke|p1|Toxicroak, M|\n|poke|p1|Clefairy, M|\n|poke|p2|Glimmora, M|\n|poke|p2|Sinistcha-Masterpiece|\n|poke|p2|Amoonguss, M|\n|poke|p2|Gastrodon, M|\n|poke|p2|Ninetales-Alola, M|\n|poke|p2|Walking Wake|\n|teampreview\n|\n|t:|1700046855\n|start\n|switch|p1a: Greninja|Greninja, F|100\/100\n|switch|p1b: Politoed|Politoed, M|100\/100\n|switch|p2a: Aftermath|Glimmora, M|100\/100\n|switch|p2b: Sea me later|Gastrodon, M|100\/100\n|-weather|RainDance|[from] ability: Drizzle|[of] p1b: Politoed\n|turn|1\n|\n|t:|1700046871\n|-terastallize|p2a: Aftermath|Steel\n|move|p1a: Greninja|Dark Pulse|p2b: Sea me later\n|-damage|p2b: Sea me later|76\/100\n|-enditem|p2b: Sea me later|Red Card|[of] p1a: Greninja\n|drag|p1a: Clefairy|Clefairy, M|100\/100\n|move|p2a: Aftermath|Stealth Rock|p1a: Clefairy\n|-sidestart|p1: FrogGangg|move: Stealth Rock\n|move|p1b: Politoed|Ice Beam|p2b: Sea me later\n|-damage|p2b: Sea me later|58\/100\n|-status|p2b: Sea me later|frz\n|-curestatus|p2b: Sea me later|frz|[msg]\n|move|p2b: Sea me later|Spikes|p1b: Politoed\n|-sidestart|p1: FrogGangg|Spikes\n|\n|-weather|RainDance|[upkeep]\n|upkeep\n|turn|2\n|\n|t:|1700046895\n|move|p1a: Clefairy|Helping Hand|p1b: Politoed\n|-singleturn|p1b: Politoed|Helping Hand|[of] p1a: Clefairy\n|move|p2a: Aftermath|Spikes|p1b: Politoed\n|-sidestart|p1: FrogGangg|Spikes\n|move|p1b: Politoed|Ice Beam|p2b: Sea me later\n|-damage|p2b: Sea me later|31\/100\n|move|p2b: Sea me later|Spikes|p1a: Clefairy\n|-sidestart|p1: FrogGangg|Spikes\n|\n|-weather|RainDance|[upkeep]\n|upkeep\n|turn|3\n|\n|t:|1700046912\n|move|p1a: Clefairy|Helping Hand|p1b: Politoed\n|-singleturn|p1b: Politoed|Helping Hand|[of] p1a: Clefairy\n|move|p2a: Aftermath|Mortal Spin|p1a: Clefairy|[spread] p1a,p1b\n|-supereffective|p1a: Clefairy\n|-damage|p1a: Clefairy|92\/100\n|-damage|p1b: Politoed|97\/100\n|-status|p1a: Clefairy|psn\n|-status|p1b: Politoed|psn\n|move|p1b: Politoed|Ice Beam|p2b: Sea me later\n|-damage|p2b: Sea me later|6\/100\n|move|p2b: Sea me later|Muddy Water|p1a: Clefairy|[spread] p1b\n|-miss|p2b: Sea me later|p1a: Clefairy\n|-resisted|p1b: Politoed\n|-damage|p1b: Politoed|86\/100 psn\n|-unboost|p1b: Politoed|accuracy|1\n|\n|-weather|RainDance|[upkeep]\n|-damage|p1b: Politoed|73\/100 psn|[from] psn\n|-damage|p1a: Clefairy|79\/100 psn|[from] psn\n|upkeep\n|turn|4\n|\n|t:|1700046933\n|move|p2a: Aftermath|Spiky Shield|p2a: Aftermath\n|-singleturn|p2a: Aftermath|move: Protect\n|move|p2b: Sea me later|Protect|p2b: Sea me later\n|-singleturn|p2b: Sea me later|Protect\n|move|p1a: Clefairy|Protect|p1a: Clefairy\n|-singleturn|p1a: Clefairy|Protect\n|move|p1b: Politoed|Ice Beam|p2b: Sea me later\n|-activate|p2b: Sea me later|move: Protect\n|\n|-weather|RainDance|[upkeep]\n|-damage|p1b: Politoed|61\/100 psn|[from] psn\n|-damage|p1a: Clefairy|67\/100 psn|[from] psn\n|upkeep\n|turn|5\n|\n|t:|1700046948\n|move|p2a: Aftermath|Mortal Spin|p1b: Politoed|[spread] p1a,p1b\n|-supereffective|p1a: Clefairy\n|-damage|p1a: Clefairy|57\/100 psn\n|-damage|p1b: Politoed|58\/100 psn\n|move|p1b: Politoed|Ice Beam|p2b: Sea me later\n|-damage|p2b: Sea me later|0 fnt\n|faint|p2b: Sea me later\n|move|p1a: Clefairy|Heal Pulse|p1b: Politoed\n|-heal|p1b: Politoed|100\/100 psn\n|\n|-weather|RainDance|[upkeep]\n|-damage|p1b: Politoed|88\/100 psn|[from] psn\n|-damage|p1a: Clefairy|45\/100 psn|[from] psn\n|upkeep\n|\n|t:|1700046963\n|switch|p2b: Tea anyone|Sinistcha-Masterpiece|100\/100\n|turn|6\n|\n|t:|1700046972\n|switch|p1b: Poliwrath|Poliwrath, F|100\/100\n|-damage|p1b: Poliwrath|94\/100|[from] Stealth Rock\n|-damage|p1b: Poliwrath|69\/100|[from] Spikes\n|move|p1a: Clefairy|Protect|p1a: Clefairy\n|-singleturn|p1a: Clefairy|Protect\n|move|p2a: Aftermath|Mortal Spin|p1b: Poliwrath|[spread] p1b\n|-activate|p1a: Clefairy|move: Protect\n|-damage|p1b: Poliwrath|66\/100\n|-status|p1b: Poliwrath|psn\n|move|p2b: Tea anyone|Matcha Gotcha|p1b: Poliwrath|[spread] p1b\n|-activate|p1a: Clefairy|move: Protect\n|-supereffective|p1b: Poliwrath\n|-damage|p1b: Poliwrath|38\/100 psn\n|\n|-weather|RainDance|[upkeep]\n|-damage|p1b: Poliwrath|25\/100 psn|[from] psn\n|-damage|p1a: Clefairy|32\/100 psn|[from] psn\n|upkeep\n|turn|7\n|\n|t:|1700046997\n|move|p1a: Clefairy|Helping Hand|p1b: Poliwrath\n|-singleturn|p1b: Poliwrath|Helping Hand|[of] p1a: Clefairy\n|move|p2a: Aftermath|Spiky Shield|p2a: Aftermath\n|-singleturn|p2a: Aftermath|move: Protect\n|move|p2b: Tea anyone|Protect|p2b: Tea anyone\n|-singleturn|p2b: Tea anyone|Protect\n|move|p1b: Poliwrath|Drain Punch|p2a: Aftermath\n|-activate|p2a: Aftermath|move: Protect\n|-damage|p1b: Poliwrath|13\/100 psn|[from] Spiky Shield|[of] p2a: Aftermath\n|\n|-weather|RainDance|[upkeep]\n|-damage|p1b: Poliwrath|0 fnt|[from] psn\n|faint|p1b: Poliwrath\n|-damage|p1a: Clefairy|20\/100 psn|[from] psn\n|upkeep\n|\n|t:|1700047009\n|switch|p1b: Bellibolt|Bellibolt, F|100\/100\n|-damage|p1b: Bellibolt|88\/100|[from] Stealth Rock\n|-damage|p1b: Bellibolt|63\/100|[from] Spikes\n|turn|8\n|\n|t:|1700047019\n|move|p2a: Aftermath|Mortal Spin|p1b: Bellibolt|[spread] p1a,p1b\n|-supereffective|p1a: Clefairy\n|-damage|p1a: Clefairy|10\/100 psn\n|-damage|p1b: Bellibolt|61\/100\n|-status|p1b: Bellibolt|psn\n|-status|p2a: Aftermath|par|[from] ability: Static|[of] p1b: Bellibolt\n|move|p2b: Tea anyone|Scald|p1b: Bellibolt\n|-damage|p1b: Bellibolt|31\/100 psn\n|move|p1b: Bellibolt|Toxic|p2b: Tea anyone\n|-status|p2b: Tea anyone|tox\n|move|p1a: Clefairy|Heal Pulse|p1b: Bellibolt\n|-heal|p1b: Bellibolt|81\/100 psn\n|\n|-weather|none\n|-damage|p2b: Tea anyone|94\/100 tox|[from] psn\n|-damage|p1b: Bellibolt|69\/100 psn|[from] psn\n|-damage|p1a: Clefairy|0 fnt|[from] psn\n|faint|p1a: Clefairy\n|upkeep\n|\n|t:|1700047036\n|switch|p1a: Politoed|Politoed, M|88\/100 psn\n|-damage|p1a: Politoed|76\/100 psn|[from] Stealth Rock\n|-damage|p1a: Politoed|51\/100 psn|[from] Spikes\n|-weather|RainDance|[from] ability: Drizzle|[of] p1a: Politoed\n|turn|9\n|\n|t:|1700047057\n|switch|p2b: Pink Ice|Ninetales-Alola, M, shiny|100\/100\n|-weather|Snow|[from] ability: Snow Warning|[of] p2b: Pink Ice\n|move|p1a: Politoed|Earth Power|p2a: Aftermath\n|-supereffective|p2a: Aftermath\n|-damage|p2a: Aftermath|59\/100 par\n|move|p1b: Bellibolt|Thunder|p2b: Pink Ice\n|-damage|p2b: Pink Ice|51\/100\n|move|p2a: Aftermath|Mortal Spin|p1b: Bellibolt|[spread] p1a,p1b\n|-damage|p1a: Politoed|46\/100 psn\n|-damage|p1b: Bellibolt|65\/100 psn\n|\n|-weather|Snow|[upkeep]\n|-damage|p1a: Politoed|34\/100 psn|[from] psn\n|-damage|p1b: Bellibolt|53\/100 psn|[from] psn\n|upkeep\n|turn|10\n|\n|t:|1700047084\n|switch|p1a: Toxicroak|Toxicroak, M|100\/100\n|-damage|p1a: Toxicroak|94\/100|[from] Stealth Rock\n|-damage|p1a: Toxicroak|70\/100|[from] Spikes\n|cant|p2a: Aftermath|par\n|move|p2b: Pink Ice|Blizzard|p1a: Toxicroak|[spread] p1a,p1b\n|-damage|p1a: Toxicroak|16\/100\n|-damage|p1b: Bellibolt|14\/100 psn\n|-enditem|p1a: Toxicroak|Aguav Berry|[eat]\n|-heal|p1a: Toxicroak|49\/100|[from] item: Aguav Berry\n|-damage|p2b: Pink Ice|41\/100|[from] item: Life Orb\n|move|p1b: Bellibolt|Thunder|p2b: Pink Ice\n|-crit|p2b: Pink Ice\n|-damage|p2b: Pink Ice|0 fnt\n|faint|p2b: Pink Ice\n|\n|-weather|Snow|[upkeep]\n|-damage|p1b: Bellibolt|1\/100 psn|[from] psn\n|upkeep\n|\n|t:|1700047096\n|switch|p2b: Run Boi|Walking Wake|100\/100\n|-enditem|p2b: Run Boi|Booster Energy\n|-activate|p2b: Run Boi|ability: Protosynthesis|[fromitem]\n|-start|p2b: Run Boi|protosynthesisspe\n|turn|11\n|\n|t:|1700047107\n|cant|p2a: Aftermath|par\n|move|p1a: Toxicroak|Close Combat|p2a: Aftermath\n|-supereffective|p2a: Aftermath\n|-damage|p2a: Aftermath|0 fnt\n|-unboost|p1a: Toxicroak|def|1\n|-unboost|p1a: Toxicroak|spd|1\n|-activate|p2a: Aftermath|ability: Toxic Debris\n|-sidestart|p1: FrogGangg|move: Toxic Spikes\n|faint|p2a: Aftermath\n|move|p1b: Bellibolt|Toxic|p2b: Run Boi\n|-status|p2b: Run Boi|tox\n|move|p2b: Run Boi|Dragon Tail|p1a: Toxicroak\n|-damage|p1a: Toxicroak|23\/100\n|drag|p1a: Politoed|Politoed, M|34\/100 psn\n|-damage|p1a: Politoed|21\/100 psn|[from] Stealth Rock\n|-damage|p1a: Politoed|0 fnt|[from] Spikes\n|faint|p1a: Politoed\n|\n|-weather|Snow|[upkeep]\n|-damage|p2b: Run Boi|94\/100 tox|[from] psn\n|-damage|p1b: Bellibolt|0 fnt|[from] psn\n|faint|p1b: Bellibolt\n|upkeep\n|\n|t:|1700047127\n|switch|p2a: Spore this|Amoonguss, M, shiny|100\/100\n|switch|p1a: Toxicroak|Toxicroak, M|23\/100\n|switch|p1b: Greninja|Greninja, F|100\/100\n|-damage|p1b: Greninja|88\/100|[from] Stealth Rock\n|-damage|p1b: Greninja|63\/100|[from] Spikes\n|-status|p1b: Greninja|psn\n|-damage|p1a: Toxicroak|16\/100|[from] Stealth Rock\n|-damage|p1a: Toxicroak|0 fnt|[from] Spikes\n|-sideend|p1: FrogGangg|move: Toxic Spikes|[of] p1a: Toxicroak\n|faint|p1a: Toxicroak\n|turn|12\n|\n|t:|1700047146\n|move|p1b: Greninja|Protect|p1b: Greninja\n|-singleturn|p1b: Greninja|Protect\n|move|p2b: Run Boi|Dragon Pulse|p1b: Greninja\n|-activate|p1b: Greninja|move: Protect\n|move|p2a: Spore this|Spore|p1b: Greninja\n|-activate|p1b: Greninja|move: Protect\n|\n|-weather|Snow|[upkeep]\n|-damage|p2b: Run Boi|82\/100 tox|[from] psn\n|-damage|p1b: Greninja|51\/100 psn|[from] psn\n|upkeep\n|turn|13\n|\n|t:|1700047155\n|-terastallize|p1b: Greninja|Grass\n|move|p2b: Run Boi|Dragon Pulse|p1b: Greninja\n|-damage|p1b: Greninja|1\/100 psn\n|move|p1b: Greninja|Ice Beam|p2a: Spore this\n|-supereffective|p2a: Spore this\n|-damage|p2a: Spore this|70\/100\n|-status|p2a: Spore this|frz\n|-curestatus|p2a: Spore this|frz|[msg]\n|move|p2a: Spore this|Spore|p1b: Greninja\n|-immune|p1b: Greninja\n|\n|-weather|none\n|-damage|p2b: Run Boi|64\/100 tox|[from] psn\n|-damage|p1b: Greninja|0 fnt|[from] psn\n|faint|p1b: Greninja\n|\n|win|SteelMan2007\n|upkeep\n|raw|FrogGangg's rating: 1086 &rarr; <strong>1066<\/strong><br \/>(-20 for losing)\n|raw|SteelMan2007's rating: 1137 &rarr; <strong>1158<\/strong><br \/>(+21 for winning)\n|l|\u2606FrogGangg\n|c|\u2606SteelMan2007|gg\n","uploadtime":1700047174,"views":6,"p1id":"froggangg","p2id":"steelman2007","formatid":"gen9doublesou","rating":1066,"private":0,"password":""}