{"id":"gen9doublesou-1970946920","p1":"Chibidaemon","p2":"Okayyyyletsgo","format":"[Gen 9] Doubles OU","log":"|j|\u2606Chibidaemon\n|j|\u2606Okayyyyletsgo\n|t:|1697683799\n|gametype|doubles\n|player|p1|Chibidaemon|barry|1072\n|player|p2|Okayyyyletsgo|shadowtriad|1026\n|teamsize|p1|6\n|teamsize|p2|6\n|gen|9\n|tier|[Gen 9] Doubles OU\n|rated|\n|rule|Species Clause: Limit one of each Pok\u00e9mon\n|rule|OHKO Clause: OHKO moves are banned\n|rule|Evasion Moves Clause: Evasion moves are banned\n|rule|Gravity Sleep Clause: The combination of sleep-inducing moves with imperfect accuracy and Gravity or Gigantamax Orbeetle are banned\n|rule|Endless Battle Clause: Forcing endless battles is banned\n|rule|HP Percentage Mod: HP is shown in percentages\n|clearpoke\n|poke|p1|Furret, F|\n|poke|p1|Dunsparce, M|\n|poke|p1|Cinderace, M|\n|poke|p1|Goodra-Hisui, F|\n|poke|p1|Meowscarada, F|\n|poke|p1|Clodsire, M|\n|poke|p2|Dachsbun, M|\n|poke|p2|Chi-Yu|\n|poke|p2|Weavile, F|\n|poke|p2|Lucario, F|\n|poke|p2|Gallade, M|\n|poke|p2|Sinistcha|\n|teampreview\n|inactive|Battle timer is ON: inactive players will automatically lose when time's up. (requested by Okayyyyletsgo)\n|\n|t:|1697683808\n|start\n|switch|p1a: Flips|Furret, F|100\/100\n|switch|p1b: Clodsire|Clodsire, M|100\/100\n|switch|p2a: Weavile|Weavile, F|100\/100\n|switch|p2b: Lucario|Lucario, F, shiny|100\/100\n|-item|p2a: Weavile|Heavy-Duty Boots|[from] ability: Frisk|[of] p1a: Flips|[identify]\n|-item|p2b: Lucario|Leftovers|[from] ability: Frisk|[of] p1a: Flips|[identify]\n|-ability|p2a: Weavile|Pressure\n|turn|1\n|inactive|Chibidaemon has 120 seconds left.\n|\n|t:|1697683846\n|move|p1a: Flips|Protect|p1a: Flips\n|-singleturn|p1a: Flips|Protect\n|move|p2a: Weavile|Fake Out|p1a: Flips\n|-activate|p1a: Flips|move: Protect\n|move|p2b: Lucario|Bullet Punch|p1b: Clodsire\n|-damage|p1b: Clodsire|87\/100\n|move|p1b: Clodsire|Stealth Rock|p2b: Lucario\n|-sidestart|p2: Okayyyyletsgo|move: Stealth Rock\n|\n|-heal|p1b: Clodsire|94\/100|[from] item: Leftovers\n|upkeep\n|turn|2\n|\n|t:|1697683865\n|switch|p1a: Cinderace|Cinderace, M|100\/100\n|move|p2a: Weavile|Beat Up|p2b: Lucario\n|-resisted|p2b: Lucario\n|-damage|p2b: Lucario|93\/100\n|-ability|p2b: Lucario|Justified|boost\n|-boost|p2b: Lucario|atk|1\n|-resisted|p2b: Lucario\n|-damage|p2b: Lucario|87\/100\n|-ability|p2b: Lucario|Justified|boost\n|-boost|p2b: Lucario|atk|1\n|-resisted|p2b: Lucario\n|-damage|p2b: Lucario|81\/100\n|-ability|p2b: Lucario|Justified|boost\n|-boost|p2b: Lucario|atk|1\n|-resisted|p2b: Lucario\n|-damage|p2b: Lucario|76\/100\n|-ability|p2b: Lucario|Justified|boost\n|-boost|p2b: Lucario|atk|1\n|-resisted|p2b: Lucario\n|-damage|p2b: Lucario|70\/100\n|-ability|p2b: Lucario|Justified|boost\n|-boost|p2b: Lucario|atk|1\n|-resisted|p2b: Lucario\n|-damage|p2b: Lucario|65\/100\n|-ability|p2b: Lucario|Justified|boost\n|-boost|p2b: Lucario|atk|1\n|-hitcount|p2b: Lucario|6\n|move|p2b: Lucario|Close Combat|p1a: Cinderace\n|-damage|p1a: Cinderace|0 fnt\n|-unboost|p2b: Lucario|def|1\n|-unboost|p2b: Lucario|spd|1\n|faint|p1a: Cinderace\n|move|p1b: Clodsire|Toxic Spikes|p2b: Lucario\n|-sidestart|p2: Okayyyyletsgo|move: Toxic Spikes\n|\n|-heal|p2b: Lucario|71\/100|[from] item: Leftovers\n|-heal|p1b: Clodsire|99\/100|[from] item: Leftovers\n|upkeep\n|inactive|Chibidaemon has 120 seconds left.\n|inactive|Chibidaemon has 90 seconds left.\n|\n|t:|1697683909\n|switch|p1a: Meowscarada|Meowscarada, F|100\/100\n|turn|3\n|\n|t:|1697683932\n|-terastallize|p1b: Clodsire|Ground\n|move|p2b: Lucario|Bullet Punch|p1a: Meowscarada\n|-damage|p1a: Meowscarada|0 fnt\n|faint|p1a: Meowscarada\n|move|p2a: Weavile|Ice Spinner|p1b: Clodsire\n|-supereffective|p1b: Clodsire\n|-damage|p1b: Clodsire|40\/100\n|move|p1b: Clodsire|Earthquake|p2a: Weavile|[spread] p2a,p2b\n|-supereffective|p2b: Lucario\n|-damage|p2a: Weavile|52\/100\n|-damage|p2b: Lucario|0 fnt\n|faint|p2b: Lucario\n|\n|-heal|p1b: Clodsire|46\/100|[from] item: Leftovers\n|upkeep\n|\n|t:|1697683947\n|switch|p1a: Flips|Furret, F|100\/100\n|switch|p2b: Gallade|Gallade, M|100\/100\n|-item|p2a: Weavile|Heavy-Duty Boots|[from] ability: Frisk|[of] p1a: Flips|[identify]\n|-item|p2b: Gallade|Scope Lens|[from] ability: Frisk|[of] p1a: Flips|[identify]\n|-damage|p2b: Gallade|94\/100|[from] Stealth Rock\n|-status|p2b: Gallade|psn\n|turn|4\n|inactive|Chibidaemon has 120 seconds left.\n|\n|t:|1697683968\n|-terastallize|p2b: Gallade|Fighting\n|move|p1a: Flips|Double-Edge|p2a: Weavile\n|-damage|p2a: Weavile|0 fnt\n|faint|p2a: Weavile\n|-damage|p1a: Flips|85\/100|[from] Recoil\n|move|p2b: Gallade|Leaf Blade|p1b: Clodsire\n|-supereffective|p1b: Clodsire\n|-damage|p1b: Clodsire|0 fnt\n|faint|p1b: Clodsire\n|\n|-damage|p2b: Gallade|82\/100 psn|[from] psn\n|upkeep\n|\n|t:|1697683981\n|switch|p2a: Sinistcha|Sinistcha|100\/100\n|switch|p1b: Dunsparce|Dunsparce, M|100\/100\n|-damage|p2a: Sinistcha|88\/100|[from] Stealth Rock\n|-status|p2a: Sinistcha|psn\n|-heal|p2b: Gallade|100\/100 psn|[from] ability: Hospitality|[of] p2a: Sinistcha\n|turn|5\n|\n|t:|1697683996\n|move|p1a: Flips|Double-Edge|p2b: Gallade\n|-crit|p2b: Gallade\n|-damage|p2b: Gallade|0 fnt\n|faint|p2b: Gallade\n|-damage|p1a: Flips|56\/100|[from] Recoil\n|move|p2a: Sinistcha|Matcha Gotcha|p1b: Dunsparce|[spread] p1a,p1b\n|-damage|p1a: Flips|4\/100\n|-heal|p2a: Sinistcha|100\/100 psn|[from] drain|[of] p1a: Flips\n|-damage|p1b: Dunsparce|76\/100\n|-status|p1a: Flips|brn\n|-status|p1b: Dunsparce|brn\n|move|p1b: Dunsparce|Glare||[still]\n|-fail|p1b: Dunsparce\n|\n|-damage|p2a: Sinistcha|88\/100 psn|[from] psn\n|-damage|p1a: Flips|0 fnt|[from] brn\n|faint|p1a: Flips\n|-damage|p1b: Dunsparce|70\/100 brn|[from] brn\n|upkeep\n|\n|t:|1697684017\n|switch|p1a: Goodra|Goodra-Hisui, F|100\/100\n|switch|p2b: Chi-Yu|Chi-Yu|100\/100\n|-damage|p2b: Chi-Yu|76\/100|[from] Stealth Rock\n|-status|p2b: Chi-Yu|psn\n|-ability|p2b: Chi-Yu|Beads of Ruin\n|turn|6\n|\n|t:|1697684035\n|switch|p2a: Dachsbun|Dachsbun, M|100\/100\n|-damage|p2a: Dachsbun|88\/100|[from] Stealth Rock\n|-status|p2a: Dachsbun|psn\n|move|p2b: Chi-Yu|Protect|p2b: Chi-Yu\n|-singleturn|p2b: Chi-Yu|Protect\n|move|p1a: Goodra|Surf|p2b: Chi-Yu|[spread] p1b,p2a\n|-activate|p2b: Chi-Yu|move: Protect\n|-damage|p1b: Dunsparce|36\/100 brn\n|-damage|p2a: Dachsbun|17\/100 psn\n|move|p1b: Dunsparce|Ancient Power|p2b: Chi-Yu\n|-activate|p2b: Chi-Yu|move: Protect\n|\n|-damage|p2b: Chi-Yu|63\/100 psn|[from] psn\n|-damage|p2a: Dachsbun|4\/100 psn|[from] psn\n|-damage|p1b: Dunsparce|29\/100 brn|[from] brn\n|upkeep\n|turn|7\n|inactive|Okayyyyletsgo has 120 seconds left.\n|\n|t:|1697684071\n|move|p2b: Chi-Yu|Lava Plume|p1a: Goodra|[spread] p1a,p1b\n|-ability|p2a: Dachsbun|Well-Baked Body|boost\n|-boost|p2a: Dachsbun|def|2\n|-damage|p1a: Goodra|67\/100\n|-damage|p1b: Dunsparce|0 fnt\n|-status|p1a: Goodra|brn\n|faint|p1b: Dunsparce\n|move|p2a: Dachsbun|Baton Pass|p2a: Dachsbun\n|\n|t:|1697684078\n|switch|p2a: Sinistcha|Sinistcha|88\/100 psn|[from] Baton Pass\n|-damage|p2a: Sinistcha|76\/100 psn|[from] Stealth Rock\n|-heal|p2b: Chi-Yu|88\/100 psn|[from] ability: Hospitality|[of] p2a: Sinistcha\n|move|p1a: Goodra|Surf|p2b: Chi-Yu|[spread] p2a,p2b\n|-resisted|p2a: Sinistcha\n|-supereffective|p2b: Chi-Yu\n|-crit|p2b: Chi-Yu\n|-damage|p2a: Sinistcha|43\/100 psn\n|-damage|p2b: Chi-Yu|0 fnt\n|faint|p2b: Chi-Yu\n|\n|-heal|p2a: Sinistcha|49\/100 psn|[from] item: Leftovers\n|-damage|p2a: Sinistcha|37\/100 psn|[from] psn\n|-damage|p1a: Goodra|61\/100 brn|[from] brn\n|upkeep\n|\n|t:|1697684094\n|switch|p2b: Dachsbun|Dachsbun, M|4\/100 psn\n|-damage|p2b: Dachsbun|0 fnt|[from] Stealth Rock\n|faint|p2b: Dachsbun\n|turn|8\n|\n|t:|1697684100\n|move|p2a: Sinistcha|Shadow Ball|p1a: Goodra\n|-damage|p1a: Goodra|35\/100 brn\n|move|p1a: Goodra|Surf|p2a: Sinistcha\n|-resisted|p2a: Sinistcha\n|-damage|p2a: Sinistcha|6\/100 psn\n|\n|-heal|p2a: Sinistcha|12\/100 psn|[from] item: Leftovers\n|-damage|p2a: Sinistcha|0 fnt|[from] psn\n|faint|p2a: Sinistcha\n|\n|win|Chibidaemon\n|upkeep\n|raw|Chibidaemon's rating: 1072 &rarr; <strong>1097<\/strong><br \/>(+25 for winning)\n|raw|Okayyyyletsgo's rating: 1026 &rarr; <strong>1014<\/strong><br \/>(-12 for losing)\n|l|\u2606Okayyyyletsgo\n","uploadtime":1697684238,"views":21,"p1id":"chibidaemon","p2id":"okayyyyletsgo","formatid":"gen9doublesou","rating":1014,"private":0,"password":""}