{"id":"gen9doublesou-1981136173","p1":"ttTuzi","p2":"KingNether","format":"[Gen 9] Doubles OU","log":"|j|\u2606ttTuzi\n|j|\u2606KingNether\n|t:|1698866466\n|gametype|doubles\n|player|p1|ttTuzi|clair|1157\n|player|p2|KingNether|cynthia|1198\n|teamsize|p1|6\n|teamsize|p2|6\n|gen|9\n|tier|[Gen 9] Doubles OU\n|rated|\n|rule|Species Clause: Limit one of each Pok\u00e9mon\n|rule|OHKO Clause: OHKO moves are banned\n|rule|Evasion Moves Clause: Evasion moves are banned\n|rule|Gravity Sleep Clause: The combination of sleep-inducing moves with imperfect accuracy and Gravity or Gigantamax Orbeetle are banned\n|rule|Endless Battle Clause: Forcing endless battles is banned\n|rule|HP Percentage Mod: HP is shown in percentages\n|clearpoke\n|poke|p1|Glaceon, F|\n|poke|p1|Ninetales-Alola, F|\n|poke|p1|Ting-Lu|\n|poke|p1|Flutter Mane|\n|poke|p1|Iron Hands|\n|poke|p1|Ogerpon-Hearthflame, F|\n|poke|p2|Glimmora, M|\n|poke|p2|Ursaluna, F|\n|poke|p2|Heatran, M|\n|poke|p2|Gholdengo|\n|poke|p2|Chien-Pao|\n|poke|p2|Flutter Mane|\n|teampreview\n|inactive|Battle timer is ON: inactive players will automatically lose when time's up. (requested by KingNether)\n|\n|t:|1698866475\n|start\n|switch|p1a: nina|Ninetales-Alola, F, shiny|100\/100\n|switch|p1b: Ting-Lu|Ting-Lu|100\/100\n|switch|p2a: Glimmora|Glimmora, M|100\/100\n|switch|p2b: Heatran|Heatran, M|100\/100\n|-weather|Snow|[from] ability: Snow Warning|[of] p1a: nina\n|-item|p2b: Heatran|Air Balloon\n|-ability|p1b: Ting-Lu|Vessel of Ruin\n|turn|1\n|\n|t:|1698866504\n|move|p1a: nina|Aurora Veil|p1a: nina\n|-sidestart|p1: ttTuzi|move: Aurora Veil\n|move|p2b: Heatran|Lava Plume|p1b: Ting-Lu|[spread] p2a,p1a,p1b\n|-resisted|p2a: Glimmora\n|-supereffective|p1a: nina\n|-damage|p2a: Glimmora|89\/100\n|-damage|p1a: nina|63\/100\n|-damage|p1b: Ting-Lu|89\/100\n|move|p2a: Glimmora|Light Screen|p2a: Glimmora\n|-sidestart|p2: KingNether|move: Light Screen\n|move|p1b: Ting-Lu|Stomping Tantrum|p2b: Heatran\n|-immune|p2b: Heatran\n|\n|-weather|Snow|[upkeep]\n|upkeep\n|turn|2\n|\n|t:|1698866531\n|switch|p1a: Iron Hands|Iron Hands|100\/100\n|move|p2b: Heatran|Iron Head|p1a: Iron Hands\n|-resisted|p1a: Iron Hands\n|-damage|p1a: Iron Hands|96\/100\n|move|p2a: Glimmora|Stealth Rock|p1b: Ting-Lu\n|-sidestart|p1: ttTuzi|move: Stealth Rock\n|move|p1b: Ting-Lu|Heavy Slam|p2a: Glimmora\n|-supereffective|p2a: Glimmora\n|-damage|p2a: Glimmora|23\/100\n|-activate|p2a: Glimmora|ability: Toxic Debris\n|-sidestart|p1: ttTuzi|move: Toxic Spikes\n|\n|-weather|Snow|[upkeep]\n|upkeep\n|turn|3\n|\n|t:|1698866553\n|move|p2b: Heatran|Rock Slide|p1b: Ting-Lu|[spread] p1b\n|-miss|p2b: Heatran|p1a: Iron Hands\n|-resisted|p1b: Ting-Lu\n|-damage|p1b: Ting-Lu|86\/100\n|move|p2a: Glimmora|Reflect|p2a: Glimmora\n|-sidestart|p2: KingNether|Reflect\n|move|p1a: Iron Hands|Low Kick|p2b: Heatran\n|-supereffective|p2b: Heatran\n|-damage|p2b: Heatran|4\/100\n|-status|p1a: Iron Hands|brn|[from] ability: Flame Body|[of] p2b: Heatran\n|-enditem|p2b: Heatran|Air Balloon\n|move|p1b: Ting-Lu|Ruination|p2b: Heatran\n|-damage|p2b: Heatran|2\/100\n|\n|-weather|Snow|[upkeep]\n|-damage|p1a: Iron Hands|90\/100 brn|[from] brn\n|upkeep\n|turn|4\n|inactive|ttTuzi has 120 seconds left.\n|\n|t:|1698866589\n|move|p2b: Heatran|Dark Pulse|p1a: Iron Hands\n|-resisted|p1a: Iron Hands\n|-damage|p1a: Iron Hands|86\/100 brn\n|move|p2a: Glimmora|Tera Blast|p1a: Iron Hands\n|-damage|p1a: Iron Hands|80\/100 brn\n|move|p1a: Iron Hands|Brick Break|p2a: Glimmora\n|-sideend|p2: KingNether|Reflect\n|-sideend|p2: KingNether|move: Light Screen\n|-damage|p2a: Glimmora|3\/100\n|-activate|p2a: Glimmora|ability: Toxic Debris\n|-sidestart|p1: ttTuzi|move: Toxic Spikes\n|move|p1b: Ting-Lu|Stomping Tantrum|p2b: Heatran\n|-supereffective|p2b: Heatran\n|-damage|p2b: Heatran|0 fnt\n|faint|p2b: Heatran\n|\n|-weather|Snow|[upkeep]\n|-damage|p1a: Iron Hands|74\/100 brn|[from] brn\n|upkeep\n|inactive|KingNether has 120 seconds left.\n|\n|t:|1698866613\n|switch|p2b: Flutter Mane|Flutter Mane|100\/100\n|-enditem|p2b: Flutter Mane|Booster Energy\n|-activate|p2b: Flutter Mane|ability: Protosynthesis|[fromitem]\n|-start|p2b: Flutter Mane|protosynthesisspa\n|turn|5\n|\n|t:|1698866633\n|switch|p1b: Ogerpon|Ogerpon-Hearthflame, F|100\/100\n|-damage|p1b: Ogerpon|76\/100|[from] Stealth Rock\n|-status|p1b: Ogerpon|tox\n|-ability|p1b: Ogerpon|Mold Breaker\n|move|p2b: Flutter Mane|Dazzling Gleam|p1a: Iron Hands|[spread] p1a,p1b\n|-supereffective|p1a: Iron Hands\n|-resisted|p1b: Ogerpon\n|-damage|p1a: Iron Hands|43\/100 brn\n|-damage|p1b: Ogerpon|59\/100 tox\n|move|p2a: Glimmora|Reflect|p2a: Glimmora\n|-sidestart|p2: KingNether|Reflect\n|move|p1a: Iron Hands|Wild Charge|p2b: Flutter Mane\n|-damage|p2b: Flutter Mane|63\/100\n|-damage|p1a: Iron Hands|38\/100 brn|[from] Recoil\n|\n|-weather|none\n|-damage|p1b: Ogerpon|53\/100 tox|[from] psn\n|-damage|p1a: Iron Hands|32\/100 brn|[from] brn\n|upkeep\n|turn|6\n|inactive|ttTuzi has 120 seconds left.\n|\n|t:|1698866670\n|-end|p1a: Iron Hands|Quark Drive|[silent]\n|switch|p1a: nina|Ninetales-Alola, F, shiny|63\/100\n|-damage|p1a: nina|38\/100|[from] Stealth Rock\n|-status|p1a: nina|tox\n|-weather|Snow|[from] ability: Snow Warning|[of] p1a: nina\n|move|p2b: Flutter Mane|Dazzling Gleam|p1b: Ogerpon|[spread] p1a,p1b\n|-resisted|p1b: Ogerpon\n|-damage|p1a: nina|3\/100 tox\n|-damage|p1b: Ogerpon|35\/100 tox\n|move|p1b: Ogerpon|Ivy Cudgel|p2b: Flutter Mane\n|-damage|p2b: Flutter Mane|0 fnt\n|faint|p2b: Flutter Mane\n|-end|p2b: Flutter Mane|Protosynthesis|[silent]\n|move|p2a: Glimmora|Light Screen|p2a: Glimmora\n|-sidestart|p2: KingNether|move: Light Screen\n|\n|-weather|Snow|[upkeep]\n|-damage|p1b: Ogerpon|23\/100 tox|[from] psn\n|-damage|p1a: nina|0 fnt|[from] psn\n|faint|p1a: nina\n|upkeep\n|\n|t:|1698866693\n|switch|p2b: Gholdengo|Gholdengo|100\/100\n|switch|p1a: Ting-Lu|Ting-Lu|86\/100\n|-damage|p1a: Ting-Lu|80\/100|[from] Stealth Rock\n|-status|p1a: Ting-Lu|tox\n|-enditem|p1a: Ting-Lu|Lum Berry|[eat]\n|-curestatus|p1a: Ting-Lu|tox|[msg]\n|-ability|p1a: Ting-Lu|Vessel of Ruin\n|turn|7\n|\n|t:|1698866714\n|move|p1b: Ogerpon|Ivy Cudgel|p2b: Gholdengo\n|-supereffective|p2b: Gholdengo\n|-damage|p2b: Gholdengo|23\/100\n|move|p2b: Gholdengo|Focus Blast|p1a: Ting-Lu\n|-supereffective|p1a: Ting-Lu\n|-damage|p1a: Ting-Lu|37\/100\n|move|p2a: Glimmora|Tera Blast|p1a: Ting-Lu\n|-damage|p1a: Ting-Lu|30\/100\n|move|p1a: Ting-Lu|Stomping Tantrum|p2b: Gholdengo\n|-supereffective|p2b: Gholdengo\n|-damage|p2b: Gholdengo|0 fnt\n|faint|p2b: Gholdengo\n|\n|-weather|Snow|[upkeep]\n|-damage|p1b: Ogerpon|4\/100 tox|[from] psn\n|upkeep\n|\n|t:|1698866729\n|switch|p2b: Ursaluna|Ursaluna, F|100\/100\n|turn|8\n|\n|t:|1698866741\n|move|p2b: Ursaluna|Protect|p2b: Ursaluna\n|-singleturn|p2b: Ursaluna|Protect\n|move|p1b: Ogerpon|Wood Hammer|p2a: Glimmora\n|-damage|p2a: Glimmora|0 fnt\n|faint|p2a: Glimmora\n|-damage|p1b: Ogerpon|4\/100 tox|[from] Recoil\n|move|p1a: Ting-Lu|Heavy Slam|p2b: Ursaluna\n|-activate|p2b: Ursaluna|move: Protect\n|\n|-weather|Snow|[upkeep]\n|-damage|p1b: Ogerpon|0 fnt|[from] psn\n|faint|p1b: Ogerpon\n|-sideend|p1: ttTuzi|move: Aurora Veil\n|-status|p2b: Ursaluna|brn|[from] item: Flame Orb\n|upkeep\n|\n|t:|1698866755\n|switch|p1b: Glaceon|Glaceon, F, shiny|100\/100\n|switch|p2a: Chien-Pao|Chien-Pao|100\/100\n|-ability|p2a: Chien-Pao|Sword of Ruin\n|-damage|p1b: Glaceon|76\/100|[from] Stealth Rock\n|-status|p1b: Glaceon|tox\n|turn|9\n|\n|t:|1698866783\n|move|p2a: Chien-Pao|Sacred Sword|p1b: Glaceon|[miss]\n|-miss|p2a: Chien-Pao|p1b: Glaceon\n|move|p1b: Glaceon|Blizzard|p2a: Chien-Pao|[spread] p2a,p2b\n|-resisted|p2a: Chien-Pao\n|-supereffective|p2b: Ursaluna\n|-damage|p2a: Chien-Pao|85\/100\n|-damage|p2b: Ursaluna|59\/100 brn\n|move|p2b: Ursaluna|Facade|p1a: Ting-Lu\n|-damage|p1a: Ting-Lu|0 fnt\n|faint|p1a: Ting-Lu\n|\n|-weather|Snow|[upkeep]\n|-damage|p1b: Glaceon|69\/100 tox|[from] psn\n|-damage|p2b: Ursaluna|53\/100 brn|[from] brn\n|-sideend|p2: KingNether|Reflect\n|upkeep\n|inactive|ttTuzi has 120 seconds left.\n|\n|t:|1698866799\n|switch|p1a: Flutter Mane|Flutter Mane|100\/100\n|-damage|p1a: Flutter Mane|88\/100|[from] Stealth Rock\n|-status|p1a: Flutter Mane|tox\n|turn|10\n|\n|t:|1698866819\n|-terastallize|p1a: Flutter Mane|Fairy\n|move|p2a: Chien-Pao|Sacred Sword|p1b: Glaceon\n|-supereffective|p1b: Glaceon\n|-damage|p1b: Glaceon|0 fnt\n|faint|p1b: Glaceon\n|move|p1a: Flutter Mane|Dazzling Gleam|p2a: Chien-Pao|[spread] p2a,p2b\n|-supereffective|p2a: Chien-Pao\n|-damage|p2a: Chien-Pao|0 fnt\n|-damage|p2b: Ursaluna|17\/100 brn\n|faint|p2a: Chien-Pao\n|-damage|p1a: Flutter Mane|78\/100 tox|[from] item: Life Orb\n|move|p2b: Ursaluna|Rock Slide|p1a: Flutter Mane\n|-damage|p1a: Flutter Mane|0 fnt\n|faint|p1a: Flutter Mane\n|-end|p1a: Flutter Mane|Protosynthesis|[silent]\n|\n|-weather|none\n|-damage|p2b: Ursaluna|11\/100 brn|[from] brn\n|-sideend|p2: KingNether|move: Light Screen\n|upkeep\n|inactive|ttTuzi has 120 seconds left.\n|c|\u2606KingNether|gg\n|c|\u2606ttTuzi|gg\n|\n|t:|1698866847\n|switch|p1b: Iron Hands|Iron Hands|32\/100 brn\n|-damage|p1b: Iron Hands|26\/100 brn|[from] Stealth Rock\n|turn|11\n|\n|t:|1698866856\n|move|p1b: Iron Hands|Fake Out|p2b: Ursaluna\n|-damage|p2b: Ursaluna|5\/100 brn\n|cant|p2b: Ursaluna|flinch\n|\n|-damage|p2b: Ursaluna|0 fnt|[from] brn\n|faint|p2b: Ursaluna\n|\n|win|ttTuzi\n|upkeep\n|raw|ttTuzi's rating: 1157 &rarr; <strong>1185<\/strong><br \/>(+28 for winning)\n|raw|KingNether's rating: 1198 &rarr; <strong>1170<\/strong><br \/>(-28 for losing)\n|l|\u2606KingNether\n","uploadtime":1698866878,"views":23,"p1id":"tttuzi","p2id":"kingnether","formatid":"gen9doublesou","rating":1170,"private":0,"password":""}