{"id":"gen9doublesou-1982331829","p1":"Quaay","p2":"90210n","format":"[Gen 9] Doubles OU","log":"|j|\u2606Quaay\n|j|\u260690210n\n|t:|1698998960\n|gametype|doubles\n|player|p1|Quaay|blue|1172\n|player|p2|90210n|unknown|1189\n|teamsize|p1|6\n|teamsize|p2|6\n|gen|9\n|tier|[Gen 9] Doubles OU\n|rated|\n|rule|Species Clause: Limit one of each Pok\u00e9mon\n|rule|OHKO Clause: OHKO moves are banned\n|rule|Evasion Moves Clause: Evasion moves are banned\n|rule|Gravity Sleep Clause: The combination of sleep-inducing moves with imperfect accuracy and Gravity or Gigantamax Orbeetle are banned\n|rule|Endless Battle Clause: Forcing endless battles is banned\n|rule|HP Percentage Mod: HP is shown in percentages\n|clearpoke\n|poke|p1|Amoonguss, F|\n|poke|p1|Gastrodon-East, F|\n|poke|p1|Regieleki|\n|poke|p1|Torkoal, F|\n|poke|p1|Ogerpon-Hearthflame, F|\n|poke|p1|Walking Wake|\n|poke|p2|Avalugg-Hisui, F|\n|poke|p2|Hatterene, F|\n|poke|p2|Iron Hands|\n|poke|p2|Torkoal, L99, M|\n|poke|p2|Amoonguss, M|\n|poke|p2|Indeedee-F, F|\n|teampreview\n|inactive|Battle timer is ON: inactive players will automatically lose when time's up. (requested by 90210n)\n|c|\u260690210n|fellow torkoal appreciator\n|c|\u260690210n|glhf\n|\n|t:|1698998976\n|start\n|switch|p1a: Regieleki|Regieleki|100\/100\n|switch|p1b: Ogerpon|Ogerpon-Hearthflame, F|100\/100\n|switch|p2a: Hatterene|Hatterene, F|100\/100\n|switch|p2b: Iron Hands|Iron Hands|100\/100\n|-ability|p1b: Ogerpon|Mold Breaker\n|turn|1\n|\n|t:|1698998997\n|-terastallize|p1b: Ogerpon|Fire\n|detailschange|p1b: Ogerpon|Ogerpon-Hearthflame-Tera, F, tera:Fire\n|-ability|p1b: Ogerpon|Embody Aspect (Hearthflame)|boost\n|-boost|p1b: Ogerpon|atk|1\n|move|p2b: Iron Hands|Fake Out|p1b: Ogerpon\n|-damage|p1b: Ogerpon|77\/100\n|move|p1a: Regieleki|Electroweb|p2a: Hatterene|[spread] p2a,p2b\n|-resisted|p2b: Iron Hands\n|-damage|p2a: Hatterene|77\/100\n|-damage|p2b: Iron Hands|93\/100\n|-unboost|p2b: Iron Hands|spe|1\n|-damage|p1a: Regieleki|91\/100|[from] item: Life Orb\n|cant|p1b: Ogerpon|flinch\n|move|p2a: Hatterene|Trick Room|p2a: Hatterene\n|-fieldstart|move: Trick Room|[of] p2a: Hatterene\n|\n|upkeep\n|turn|2\n|\n|t:|1698999019\n|-end|p2b: Iron Hands|Quark Drive|[silent]\n|switch|p2b: Indeedee|Indeedee-F, F|100\/100\n|-fieldstart|move: Psychic Terrain|[from] ability: Psychic Surge|[of] p2b: Indeedee\n|-enditem|p2b: Indeedee|Psychic Seed\n|-boost|p2b: Indeedee|spd|1|[from] item: Psychic Seed\n|switch|p1b: Gastrodon|Gastrodon-East, F|100\/100\n|switch|p1a: Torkoal|Torkoal, F|100\/100\n|-weather|SunnyDay|[from] ability: Drought|[of] p1a: Torkoal\n|move|p2a: Hatterene|Psychic|p1b: Gastrodon\n|-damage|p1b: Gastrodon|50\/100\n|\n|-weather|SunnyDay|[upkeep]\n|-heal|p1b: Gastrodon|56\/100|[from] item: Leftovers\n|upkeep\n|turn|3\n|\n|t:|1698999038\n|move|p1a: Torkoal|Lava Plume|p2a: Hatterene|[spread] p1b,p2a,p2b\n|-resisted|p1b: Gastrodon\n|-damage|p1b: Gastrodon|46\/100\n|-damage|p2a: Hatterene|50\/100\n|-damage|p2b: Indeedee|83\/100\n|move|p2a: Hatterene|Dazzling Gleam|p1b: Gastrodon|[spread] p1a,p1b\n|-resisted|p1a: Torkoal\n|-damage|p1a: Torkoal|77\/100\n|-damage|p1b: Gastrodon|17\/100\n|move|p1b: Gastrodon|Recover|p1b: Gastrodon\n|-heal|p1b: Gastrodon|67\/100\n|move|p2b: Indeedee|Psychic|p1a: Torkoal\n|-damage|p1a: Torkoal|27\/100\n|\n|-weather|SunnyDay|[upkeep]\n|-heal|p1b: Gastrodon|73\/100|[from] item: Leftovers\n|upkeep\n|turn|4\n|\n|t:|1698999057\n|move|p1a: Torkoal|Lava Plume|p2a: Hatterene|[spread] p1b,p2a,p2b\n|-resisted|p1b: Gastrodon\n|-damage|p1b: Gastrodon|62\/100\n|-damage|p2a: Hatterene|24\/100\n|-damage|p2b: Indeedee|65\/100\n|move|p2a: Hatterene|Dazzling Gleam|p1a: Torkoal|[spread] p1a,p1b\n|-resisted|p1a: Torkoal\n|-damage|p1a: Torkoal|3\/100\n|-damage|p1b: Gastrodon|34\/100\n|move|p1b: Gastrodon|Earth Power|p2a: Hatterene\n|-damage|p2a: Hatterene|0 fnt\n|faint|p2a: Hatterene\n|move|p2b: Indeedee|Psychic|p1a: Torkoal\n|-damage|p1a: Torkoal|0 fnt\n|faint|p1a: Torkoal\n|\n|-weather|SunnyDay|[upkeep]\n|-heal|p1b: Gastrodon|40\/100|[from] item: Leftovers\n|upkeep\n|\n|t:|1698999075\n|switch|p1a: Amoonguss|Amoonguss, F, shiny|100\/100\n|switch|p2a: Amoonguss|Amoonguss, M|100\/100\n|turn|5\n|\n|t:|1698999091\n|move|p2a: Amoonguss|Spore|p1b: Gastrodon\n|-status|p1b: Gastrodon|slp|[from] move: Spore\n|move|p1a: Amoonguss|Spore|p2b: Indeedee\n|-status|p2b: Indeedee|slp|[from] move: Spore\n|cant|p1b: Gastrodon|slp\n|cant|p2b: Indeedee|slp\n|\n|-weather|SunnyDay|[upkeep]\n|-heal|p1b: Gastrodon|46\/100 slp|[from] item: Leftovers\n|-fieldend|move: Trick Room\n|upkeep\n|turn|6\n|\n|t:|1698999118\n|switch|p1b: Regieleki|Regieleki|91\/100\n|switch|p1a: Ogerpon|Ogerpon-Hearthflame-Tera, F, tera:Fire|77\/100\n|-ability|p1a: Ogerpon|Embody Aspect (Hearthflame)|boost\n|-boost|p1a: Ogerpon|atk|1\n|move|p2a: Amoonguss|Pollen Puff|p1b: Regieleki\n|-damage|p1b: Regieleki|50\/100\n|-curestatus|p2b: Indeedee|slp|[msg]\n|move|p2b: Indeedee|Trick Room|p2b: Indeedee\n|-fieldstart|move: Trick Room|[of] p2b: Indeedee\n|\n|-weather|SunnyDay|[upkeep]\n|-fieldend|move: Psychic Terrain\n|upkeep\n|turn|7\n|\n|t:|1698999136\n|move|p2a: Amoonguss|Spore|p1a: Ogerpon\n|-status|p1a: Ogerpon|slp|[from] move: Spore\n|move|p2b: Indeedee|Psychic|p1b: Regieleki\n|-damage|p1b: Regieleki|2\/100\n|cant|p1a: Ogerpon|slp\n|move|p1b: Regieleki|Electroweb|p2a: Amoonguss|[spread] p2a,p2b\n|-resisted|p2a: Amoonguss\n|-damage|p2a: Amoonguss|90\/100\n|-damage|p2b: Indeedee|51\/100\n|-unboost|p2a: Amoonguss|spe|1\n|-unboost|p2b: Indeedee|spe|1\n|-enditem|p2a: Amoonguss|Eject Button\n|-damage|p1b: Regieleki|0 fnt|[from] item: Life Orb\n|faint|p1b: Regieleki\n|\n|t:|1698999149\n|switch|p2a: Iron Hands|Iron Hands|93\/100\n|\n|-weather|SunnyDay|[upkeep]\n|upkeep\n|\n|t:|1698999158\n|switch|p1b: Gastrodon|Gastrodon-East, F|46\/100 slp\n|turn|8\n|\n|t:|1698999167\n|move|p2a: Iron Hands|Close Combat|p1a: Ogerpon\n|-damage|p1a: Ogerpon|0 fnt\n|-unboost|p2a: Iron Hands|def|1\n|-unboost|p2a: Iron Hands|spd|1\n|faint|p1a: Ogerpon\n|move|p2b: Indeedee|Psychic|p1b: Gastrodon\n|-damage|p1b: Gastrodon|22\/100 slp\n|-curestatus|p1b: Gastrodon|slp|[msg]\n|move|p1b: Gastrodon|Earth Power|p2b: Indeedee\n|-damage|p2b: Indeedee|31\/100\n|\n|-weather|SunnyDay|[upkeep]\n|-heal|p1b: Gastrodon|28\/100|[from] item: Leftovers\n|upkeep\n|\n|t:|1698999182\n|switch|p1a: Amoonguss|Amoonguss, F, shiny|100\/100\n|turn|9\n|\n|t:|1698999194\n|move|p2a: Iron Hands|Heavy Slam|p1a: Amoonguss\n|-damage|p1a: Amoonguss|59\/100\n|-damage|p2a: Iron Hands|76\/100|[from] item: Rocky Helmet|[of] p1a: Amoonguss\n|move|p1a: Amoonguss|Spore|p2b: Indeedee\n|-status|p2b: Indeedee|slp|[from] move: Spore\n|cant|p2b: Indeedee|slp\n|move|p1b: Gastrodon|Earth Power|p2a: Iron Hands\n|-supereffective|p2a: Iron Hands\n|-damage|p2a: Iron Hands|27\/100\n|\n|-weather|none\n|-heal|p1b: Gastrodon|34\/100|[from] item: Leftovers\n|upkeep\n|turn|10\n|\n|t:|1698999217\n|-end|p2a: Iron Hands|Quark Drive|[silent]\n|switch|p2a: Torkoal|Torkoal, L99, M|100\/100\n|-weather|SunnyDay|[from] ability: Drought|[of] p2a: Torkoal\n|switch|p2b: Amoonguss|Amoonguss, M|100\/100\n|move|p1a: Amoonguss|Giga Drain|p2b: Amoonguss\n|-resisted|p2b: Amoonguss\n|-damage|p2b: Amoonguss|95\/100\n|-heal|p1a: Amoonguss|62\/100|[from] drain|[of] p2b: Amoonguss\n|move|p1b: Gastrodon|Recover|p1b: Gastrodon\n|-heal|p1b: Gastrodon|84\/100\n|\n|-weather|SunnyDay|[upkeep]\n|-heal|p1b: Gastrodon|90\/100|[from] item: Leftovers\n|-fieldend|move: Trick Room\n|upkeep\n|turn|11\n|inactive|Quaay has 120 seconds left.\n|\n|t:|1698999266\n|move|p2b: Amoonguss|Rage Powder|p2b: Amoonguss\n|-singleturn|p2b: Amoonguss|move: Rage Powder\n|move|p1b: Gastrodon|Ice Beam|p2b: Amoonguss\n|-supereffective|p2b: Amoonguss\n|-damage|p2b: Amoonguss|57\/100\n|move|p1a: Amoonguss|Spore|p2a: Torkoal\n|-status|p2a: Torkoal|slp|[from] move: Spore\n|cant|p2a: Torkoal|slp\n|\n|-weather|SunnyDay|[upkeep]\n|-heal|p1b: Gastrodon|96\/100|[from] item: Leftovers\n|upkeep\n|turn|12\n|inactive|Quaay has 120 seconds left.\n|\n|t:|1698999292\n|-terastallize|p2b: Amoonguss|Water\n|move|p1b: Gastrodon|Ice Beam|p2b: Amoonguss\n|-resisted|p2b: Amoonguss\n|-damage|p2b: Amoonguss|48\/100\n|move|p1a: Amoonguss|Giga Drain|p2b: Amoonguss\n|-supereffective|p2b: Amoonguss\n|-damage|p2b: Amoonguss|6\/100\n|-heal|p1a: Amoonguss|83\/100|[from] drain|[of] p2b: Amoonguss\n|move|p2b: Amoonguss|Spore|p1b: Gastrodon\n|-status|p1b: Gastrodon|slp|[from] move: Spore\n|-curestatus|p2a: Torkoal|slp|[msg]\n|move|p2a: Torkoal|Solar Beam||[still]\n|-prepare|p2a: Torkoal|Solar Beam\n|-anim|p2a: Torkoal|Solar Beam|p1b: Gastrodon\n|-supereffective|p1b: Gastrodon\n|-damage|p1b: Gastrodon|0 fnt\n|faint|p1b: Gastrodon\n|\n|-weather|SunnyDay|[upkeep]\n|upkeep\n|\n|t:|1698999312\n|switch|p1b: Walking Wake|Walking Wake|100\/100\n|-activate|p1b: Walking Wake|ability: Protosynthesis\n|-start|p1b: Walking Wake|protosynthesisspa\n|turn|13\n|\n|t:|1698999324\n|move|p2b: Amoonguss|Rage Powder|p2b: Amoonguss\n|-singleturn|p2b: Amoonguss|move: Rage Powder\n|move|p1b: Walking Wake|Hydro Pump|p2b: Amoonguss|[miss]\n|-miss|p1b: Walking Wake|p2b: Amoonguss\n|move|p1a: Amoonguss|Giga Drain|p2b: Amoonguss\n|-supereffective|p2b: Amoonguss\n|-damage|p2b: Amoonguss|0 fnt\n|-heal|p1a: Amoonguss|85\/100|[from] drain|[of] p2b: Amoonguss\n|faint|p2b: Amoonguss\n|move|p2a: Torkoal|Solar Beam||[still]\n|-prepare|p2a: Torkoal|Solar Beam\n|-anim|p2a: Torkoal|Solar Beam|p1b: Walking Wake\n|-damage|p1b: Walking Wake|45\/100\n|\n|-weather|SunnyDay|[upkeep]\n|upkeep\n|\n|t:|1698999336\n|switch|p2b: Iron Hands|Iron Hands|27\/100\n|turn|14\n|\n|t:|1698999358\n|move|p2b: Iron Hands|Fake Out|p1b: Walking Wake\n|-damage|p1b: Walking Wake|28\/100\n|cant|p1b: Walking Wake|flinch\n|move|p1a: Amoonguss|Spore|p2a: Torkoal\n|-status|p2a: Torkoal|slp|[from] move: Spore\n|cant|p2a: Torkoal|slp\n|\n|-weather|none\n|-end|p1b: Walking Wake|Protosynthesis\n|upkeep\n|turn|15\n|\n|t:|1698999380\n|switch|p2a: Indeedee|Indeedee-F, F|31\/100 slp\n|-fieldstart|move: Psychic Terrain|[from] ability: Psychic Surge|[of] p2a: Indeedee\n|move|p1b: Walking Wake|Draco Meteor|p2b: Iron Hands\n|-damage|p2b: Iron Hands|0 fnt\n|-unboost|p1b: Walking Wake|spa|2\n|faint|p2b: Iron Hands\n|-end|p2b: Iron Hands|Quark Drive|[silent]\n|move|p1a: Amoonguss|Giga Drain|p2a: Indeedee\n|-damage|p2a: Indeedee|11\/100 slp\n|-heal|p1a: Amoonguss|94\/100|[from] drain|[of] p2a: Indeedee\n|\n|upkeep\n|\n|t:|1698999388\n|switch|p2b: Avalugg|Avalugg-Hisui, F, shiny|100\/100\n|turn|16\n|\n|t:|1698999404\n|cant|p2a: Indeedee|slp\n|move|p1b: Walking Wake|Flamethrower|p2b: Avalugg\n|-damage|p2b: Avalugg|72\/100\n|move|p1a: Amoonguss|Spore|p2b: Avalugg\n|-status|p2b: Avalugg|slp|[from] move: Spore\n|cant|p2b: Avalugg|slp\n|\n|-heal|p2b: Avalugg|78\/100 slp|[from] item: Leftovers\n|upkeep\n|turn|17\n|\n|t:|1698999423\n|move|p1b: Walking Wake|Dragon Pulse|p2b: Avalugg\n|-damage|p2b: Avalugg|39\/100 slp\n|move|p1a: Amoonguss|Spore|p2a: Indeedee\n|-fail|p2a: Indeedee|slp\n|cant|p2b: Avalugg|slp\n|cant|p2a: Indeedee|slp\n|\n|-heal|p2b: Avalugg|45\/100 slp|[from] item: Leftovers\n|upkeep\n|turn|18\n|\n|t:|1698999439\n|-curestatus|p2a: Indeedee|slp|[msg]\n|move|p2a: Indeedee|Follow Me|p2a: Indeedee\n|-singleturn|p2a: Indeedee|move: Follow Me\n|move|p1b: Walking Wake|Dragon Pulse|p2a: Indeedee\n|-damage|p2a: Indeedee|0 fnt\n|faint|p2a: Indeedee\n|move|p1a: Amoonguss|Spore|p2b: Avalugg\n|-fail|p2b: Avalugg|slp\n|cant|p2b: Avalugg|slp\n|\n|-heal|p2b: Avalugg|51\/100 slp|[from] item: Leftovers\n|upkeep\n|\n|t:|1698999450\n|switch|p2a: Torkoal|Torkoal, L99, M|100\/100 slp\n|-weather|SunnyDay|[from] ability: Drought|[of] p2a: Torkoal\n|-activate|p1b: Walking Wake|ability: Protosynthesis\n|-start|p1b: Walking Wake|protosynthesisspe\n|turn|19\n|\n|t:|1698999464\n|move|p1b: Walking Wake|Hydro Pump|p2a: Torkoal\n|-supereffective|p2a: Torkoal\n|-damage|p2a: Torkoal|61\/100 slp\n|move|p1a: Amoonguss|Spore|p2b: Avalugg\n|-fail|p2b: Avalugg|slp\n|-curestatus|p2b: Avalugg|slp|[msg]\n|move|p2b: Avalugg|Rock Slide|p1b: Walking Wake|[spread] p1a,p1b\n|-damage|p1a: Amoonguss|68\/100\n|-damage|p1b: Walking Wake|0 fnt\n|faint|p1b: Walking Wake\n|-end|p1b: Walking Wake|Protosynthesis|[silent]\n|-curestatus|p2a: Torkoal|slp|[msg]\n|move|p2a: Torkoal|Earth Power|p1a: Amoonguss\n|-damage|p1a: Amoonguss|38\/100\n|\n|-weather|SunnyDay|[upkeep]\n|-heal|p2b: Avalugg|57\/100|[from] item: Leftovers\n|-fieldend|move: Psychic Terrain\n|upkeep\n|turn|20\n|\n|t:|1698999484\n|move|p1a: Amoonguss|Spore|p2a: Torkoal\n|-status|p2a: Torkoal|slp|[from] move: Spore\n|move|p2b: Avalugg|Ice Fang|p1a: Amoonguss\n|-supereffective|p1a: Amoonguss\n|-damage|p1a: Amoonguss|0 fnt\n|-damage|p2b: Avalugg|41\/100|[from] item: Rocky Helmet|[of] p1a: Amoonguss\n|faint|p1a: Amoonguss\n|\n|win|90210n\n|raw|Quaay's rating: 1172 &rarr; <strong>1148<\/strong><br \/>(-24 for losing)\n|raw|90210n's rating: 1189 &rarr; <strong>1213<\/strong><br \/>(+24 for winning)\n|l|\u2606Quaay\n","uploadtime":1698999494,"views":24,"p1id":"quaay","p2id":"90210n","formatid":"gen9doublesou","rating":1148,"private":0,"password":""}