{"id":"gen9doublesou-1997427561","p1":"bananaszn","p2":"Kittyredheart","format":"[Gen 9] Doubles OU","log":"|j|\u2606bananaszn\n|j|\u2606Kittyredheart\n|t:|1700803446\n|gametype|doubles\n|player|p1|bananaszn|brycen|1439\n|player|p2|Kittyredheart|elesa|1570\n|teamsize|p1|6\n|teamsize|p2|6\n|gen|9\n|tier|[Gen 9] Doubles OU\n|rated|\n|rule|Species Clause: Limit one of each Pok\u00e9mon\n|rule|OHKO Clause: OHKO moves are banned\n|rule|Evasion Moves Clause: Evasion moves are banned\n|rule|Gravity Sleep Clause: The combination of sleep-inducing moves with imperfect accuracy and Gravity or Gigantamax Orbeetle are banned\n|rule|Endless Battle Clause: Forcing endless battles is banned\n|rule|HP Percentage Mod: HP is shown in percentages\n|clearpoke\n|poke|p1|Scizor, M|\n|poke|p1|Tornadus, M|\n|poke|p1|Chien-Pao|\n|poke|p1|Iron Hands|\n|poke|p1|Volcanion|\n|poke|p1|Great Tusk|\n|poke|p2|Chien-Pao|\n|poke|p2|Milotic, M|\n|poke|p2|Grimmsnarl, M|\n|poke|p2|Jirachi|\n|poke|p2|Landorus-Therian, M|\n|poke|p2|Ninetales-Alola, M|\n|teampreview\n|inactive|Battle timer is ON: inactive players will automatically lose when time's up. (requested by Kittyredheart)\n|\n|t:|1700803465\n|start\n|switch|p1a: Volcanion|Volcanion|100\/100\n|switch|p1b: Kawhi Leonard|Scizor, M|100\/100\n|switch|p2a: Chicky Wicky|Grimmsnarl, M, shiny|100\/100\n|switch|p2b: Iron Fangs|Chien-Pao|100\/100\n|-ability|p2b: Iron Fangs|Sword of Ruin\n|turn|1\n|\n|t:|1700803483\n|switch|p2b: Cloud Terra|Landorus-Therian, M|100\/100\n|-ability|p2b: Cloud Terra|Intimidate|boost\n|-unboost|p1a: Volcanion|atk|1\n|-unboost|p1b: Kawhi Leonard|atk|1\n|move|p1a: Volcanion|Protect|p1a: Volcanion\n|-singleturn|p1a: Volcanion|Protect\n|move|p2a: Chicky Wicky|Thunder Wave|p1b: Kawhi Leonard\n|-status|p1b: Kawhi Leonard|par\n|move|p1b: Kawhi Leonard|U-turn|p2b: Cloud Terra\n|-resisted|p2b: Cloud Terra\n|-damage|p2b: Cloud Terra|79\/100\n|-enditem|p2b: Cloud Terra|Eject Button\n|\n|t:|1700803504\n|switch|p2b: Iron North|Ninetales-Alola, M|100\/100\n|-weather|Snow|[from] ability: Snow Warning|[of] p2b: Iron North\n|\n|-weather|Snow|[upkeep]\n|upkeep\n|turn|2\n|\n|t:|1700803528\n|move|p2a: Chicky Wicky|Reflect|p2a: Chicky Wicky\n|-sidestart|p2: Kittyredheart|Reflect\n|move|p2b: Iron North|Encore|p1a: Volcanion\n|-start|p1a: Volcanion|Encore\n|move|p1a: Volcanion|Protect||[still]\n|-fail|p1a: Volcanion\n|move|p1b: Kawhi Leonard|U-turn|p2b: Iron North\n|-resisted|p2b: Iron North\n|-damage|p2b: Iron North|87\/100\n|\n|t:|1700803543\n|switch|p1b: YN Jay|Tornadus, M|100\/100|[from] U-turn\n|\n|-weather|Snow|[upkeep]\n|upkeep\n|turn|3\n|\n|t:|1700803558\n|switch|p1b: Kawhi Leonard|Scizor, M|100\/100 par\n|move|p1a: Volcanion|Protect|p1a: Volcanion\n|-singleturn|p1a: Volcanion|Protect\n|move|p2a: Chicky Wicky|Thunder Wave|p1b: Kawhi Leonard\n|-fail|p1b: Kawhi Leonard|par\n|move|p2b: Iron North|Encore||[still]\n|-fail|p2b: Iron North\n|\n|-weather|Snow|[upkeep]\n|upkeep\n|turn|4\n|j| teenios\n|\n|t:|1700803583\n|switch|p2b: Cloud Terra|Landorus-Therian, M|79\/100\n|-ability|p2b: Cloud Terra|Intimidate|boost\n|-unboost|p1a: Volcanion|atk|1\n|-unboost|p1b: Kawhi Leonard|atk|1\n|switch|p1a: Druski|Iron Hands|100\/100\n|move|p2a: Chicky Wicky|Thunder Wave|p1a: Druski\n|-immune|p1a: Druski\n|cant|p1b: Kawhi Leonard|par\n|\n|-weather|Snow|[upkeep]\n|upkeep\n|turn|5\n|\n|t:|1700803602\n|switch|p2b: Iron Wish|Jirachi|100\/100\n|move|p1a: Druski|Fake Out|p2b: Iron Wish\n|-resisted|p2b: Iron Wish\n|-damage|p2b: Iron Wish|96\/100\n|move|p2a: Chicky Wicky|Parting Shot|p1a: Druski\n|-unboost|p1a: Druski|atk|1\n|-unboost|p1a: Druski|spa|1\n|\n|t:|1700803611\n|switch|p2a: Cloud Terra|Landorus-Therian, M|79\/100|[from] Parting Shot\n|-ability|p2a: Cloud Terra|Intimidate|boost\n|-unboost|p1a: Druski|atk|1\n|-unboost|p1b: Kawhi Leonard|atk|1\n|move|p1b: Kawhi Leonard|Bullet Punch|p2a: Cloud Terra\n|-damage|p2a: Cloud Terra|61\/100\n|\n|-weather|none\n|-heal|p2b: Iron Wish|100\/100|[from] item: Leftovers\n|upkeep\n|turn|6\n|inactive|bananaszn has 120 seconds left.\n|\n|t:|1700803644\n|switch|p1b: YN Jay|Tornadus, M|100\/100\n|move|p2a: Cloud Terra|Stealth Rock|p1a: Druski\n|-sidestart|p1: bananaszn|move: Stealth Rock\n|move|p2b: Iron Wish|Wish|p2b: Iron Wish\n|move|p1a: Druski|Volt Switch|p2b: Iron Wish\n|-damage|p2b: Iron Wish|94\/100\n|inactive|bananaszn has 120 seconds left.\n|\n|t:|1700803653\n|-end|p1a: Druski|Quark Drive|[silent]\n|switch|p1a: Great Tusk|Great Tusk|100\/100|[from] Volt Switch\n|-damage|p1a: Great Tusk|98\/100|[from] Stealth Rock\n|\n|-heal|p2b: Iron Wish|100\/100|[from] item: Leftovers\n|-sideend|p2: Kittyredheart|Reflect\n|upkeep\n|turn|7\n|\n|t:|1700803669\n|switch|p2a: Aqua Marine|Milotic, M|100\/100\n|switch|p2b: Chicky Wicky|Grimmsnarl, M, shiny|100\/100\n|move|p1b: YN Jay|Tailwind|p1b: YN Jay\n|-sidestart|p1: bananaszn|move: Tailwind\n|move|p1a: Great Tusk|Ice Spinner|p2a: Aqua Marine\n|-resisted|p2a: Aqua Marine\n|-damage|p2a: Aqua Marine|88\/100\n|\n|upkeep\n|turn|8\n|\n|t:|1700803695\n|move|p2b: Chicky Wicky|Reflect|p2b: Chicky Wicky\n|-sidestart|p2: Kittyredheart|Reflect\n|move|p1b: YN Jay|Bleakwind Storm|p2a: Aqua Marine|[spread] p2a\n|-miss|p1b: YN Jay|p2b: Chicky Wicky\n|-crit|p2a: Aqua Marine\n|-damage|p2a: Aqua Marine|52\/100\n|-unboost|p2a: Aqua Marine|spe|1\n|-ability|p2a: Aqua Marine|Competitive|boost\n|-boost|p2a: Aqua Marine|spa|2\n|move|p1a: Great Tusk|Headlong Rush|p2a: Aqua Marine\n|-damage|p2a: Aqua Marine|19\/100\n|-unboost|p1a: Great Tusk|def|1\n|-unboost|p1a: Great Tusk|spd|1\n|move|p2a: Aqua Marine|Coil|p2a: Aqua Marine\n|-boost|p2a: Aqua Marine|atk|1\n|-boost|p2a: Aqua Marine|def|1\n|-boost|p2a: Aqua Marine|accuracy|1\n|\n|upkeep\n|turn|9\n|\n|t:|1700803716\n|move|p2b: Chicky Wicky|Parting Shot|p1a: Great Tusk\n|-unboost|p1a: Great Tusk|atk|1\n|-unboost|p1a: Great Tusk|spa|1\n|\n|t:|1700803719\n|switch|p2b: Cloud Terra|Landorus-Therian, M|61\/100|[from] Parting Shot\n|-ability|p2b: Cloud Terra|Intimidate|boost\n|-unboost|p1a: Great Tusk|atk|1\n|-unboost|p1b: YN Jay|atk|1\n|move|p1b: YN Jay|Bleakwind Storm|p2b: Cloud Terra|[spread] p2a,p2b\n|-damage|p2a: Aqua Marine|0 fnt\n|-damage|p2b: Cloud Terra|23\/100\n|faint|p2a: Aqua Marine\n|move|p1a: Great Tusk|Rapid Spin|p2b: Cloud Terra\n|-damage|p2b: Cloud Terra|17\/100\n|-boost|p1a: Great Tusk|spe|1\n|-sideend|p1: bananaszn|Stealth Rock|[from] move: Rapid Spin|[of] p1a: Great Tusk\n|\n|upkeep\n|\n|t:|1700803737\n|switch|p2a: Iron North|Ninetales-Alola, M|87\/100\n|-weather|Snow|[from] ability: Snow Warning|[of] p2a: Iron North\n|turn|10\n|\n|t:|1700803758\n|-end|p1a: Great Tusk|Protosynthesis|[silent]\n|switch|p1a: Druski|Iron Hands|100\/100\n|switch|p2b: Iron Wish|Jirachi|100\/100\n|move|p1b: YN Jay|Bleakwind Storm|p2b: Iron Wish|[spread] p2a,p2b\n|-resisted|p2b: Iron Wish\n|-damage|p2a: Iron North|45\/100\n|-damage|p2b: Iron Wish|88\/100\n|move|p2a: Iron North|Aurora Veil|p2a: Iron North\n|-sidestart|p2: Kittyredheart|move: Aurora Veil\n|\n|-weather|Snow|[upkeep]\n|-heal|p2b: Iron Wish|94\/100|[from] item: Leftovers\n|-sideend|p1: bananaszn|move: Tailwind\n|upkeep\n|turn|11\n|\n|t:|1700803783\n|switch|p2a: Cloud Terra|Landorus-Therian, M|17\/100\n|-ability|p2a: Cloud Terra|Intimidate|boost\n|-unboost|p1a: Druski|atk|1\n|-unboost|p1b: YN Jay|atk|1\n|-end|p1a: Druski|Quark Drive|[silent]\n|switch|p1a: Volcanion|Volcanion|100\/100\n|move|p1b: YN Jay|Taunt|p2b: Iron Wish\n|-start|p2b: Iron Wish|move: Taunt\n|cant|p2b: Iron Wish|move: Taunt|Cosmic Power\n|\n|-weather|Snow|[upkeep]\n|-heal|p2b: Iron Wish|99\/100|[from] item: Leftovers\n|upkeep\n|turn|12\n|\n|t:|1700803804\n|switch|p2a: Iron North|Ninetales-Alola, M|45\/100\n|switch|p2b: Chicky Wicky|Grimmsnarl, M, shiny|100\/100\n|switch|p1a: Great Tusk|Great Tusk|98\/100\n|move|p1b: YN Jay|Bleakwind Storm|p2a: Iron North|[spread] p2b\n|-miss|p1b: YN Jay|p2a: Iron North\n|-damage|p2b: Chicky Wicky|78\/100\n|-unboost|p2b: Chicky Wicky|spe|1\n|\n|-weather|Snow|[upkeep]\n|-sideend|p2: Kittyredheart|Reflect\n|upkeep\n|turn|13\n|\n|t:|1700803830\n|-end|p1a: Great Tusk|Protosynthesis|[silent]\n|switch|p1a: Kawhi Leonard|Scizor, M|100\/100 par\n|move|p1b: YN Jay|Tailwind|p1b: YN Jay\n|-sidestart|p1: bananaszn|move: Tailwind\n|move|p2b: Chicky Wicky|Reflect|p2b: Chicky Wicky\n|-sidestart|p2: Kittyredheart|Reflect\n|move|p2a: Iron North|Blizzard|p1a: Kawhi Leonard|[spread] p1a,p1b\n|-resisted|p1a: Kawhi Leonard\n|-supereffective|p1b: YN Jay\n|-damage|p1a: Kawhi Leonard|83\/100 par\n|-damage|p1b: YN Jay|6\/100\n|\n|-weather|Snow|[upkeep]\n|upkeep\n|turn|14\n|\n|t:|1700803854\n|switch|p2a: Cloud Terra|Landorus-Therian, M|17\/100\n|-ability|p2a: Cloud Terra|Intimidate|boost\n|-unboost|p1a: Kawhi Leonard|atk|1\n|-unboost|p1b: YN Jay|atk|1\n|switch|p1a: Volcanion|Volcanion|100\/100\n|move|p2b: Chicky Wicky|Light Screen|p2b: Chicky Wicky\n|-sidestart|p2: Kittyredheart|move: Light Screen\n|move|p1b: YN Jay|Bleakwind Storm|p2b: Chicky Wicky|[spread] p2a,p2b\n|-damage|p2a: Cloud Terra|0 fnt\n|-damage|p2b: Chicky Wicky|56\/100\n|faint|p2a: Cloud Terra\n|\n|-weather|none\n|upkeep\n|\n|t:|1700803865\n|switch|p2a: Iron Wish|Jirachi|99\/100\n|turn|15\n|\n|t:|1700803872\n|-terastallize|p2a: Iron Wish|Dark\n|move|p1b: YN Jay|Taunt|p2a: Iron Wish\n|-hint|Since gen 7, Dark is immune to Prankster moves.\n|-immune|p2a: Iron Wish\n|move|p2b: Chicky Wicky|Thunder Wave|p1a: Volcanion\n|-status|p1a: Volcanion|par\n|move|p2a: Iron Wish|Cosmic Power|p2a: Iron Wish\n|-boost|p2a: Iron Wish|def|1\n|-boost|p2a: Iron Wish|spd|1\n|cant|p1a: Volcanion|par\n|\n|-heal|p2a: Iron Wish|100\/100|[from] item: Leftovers\n|upkeep\n|turn|16\n|\n|t:|1700803888\n|move|p2b: Chicky Wicky|Parting Shot|p1a: Volcanion\n|-unboost|p1a: Volcanion|atk|1\n|-unboost|p1a: Volcanion|spa|1\n|\n|t:|1700803892\n|switch|p2b: Iron North|Ninetales-Alola, M|45\/100|[from] Parting Shot\n|-weather|Snow|[from] ability: Snow Warning|[of] p2b: Iron North\n|move|p1b: YN Jay|Bleakwind Storm|p2b: Iron North|[spread] p2a,p2b\n|-damage|p2a: Iron Wish|89\/100\n|-damage|p2b: Iron North|16\/100\n|-unboost|p2b: Iron North|spe|1\n|move|p2a: Iron Wish|Cosmic Power|p2a: Iron Wish\n|-boost|p2a: Iron Wish|def|1\n|-boost|p2a: Iron Wish|spd|1\n|cant|p1a: Volcanion|par\n|\n|-weather|Snow|[upkeep]\n|-heal|p2a: Iron Wish|95\/100|[from] item: Leftovers\n|-sideend|p1: bananaszn|move: Tailwind\n|upkeep\n|turn|17\n|l|\u2606Kittyredheart\n|inactive|Kittyredheart disconnected and has a minute to reconnect!\n|player|p2|\n|c|\u2606bananaszn|triple screens is diabolical\n|j|\u2606Kittyredheart\n|inactive|Kittyredheart reconnected and has 130 seconds left.\n|player|p2|Kittyredheart|elesa\n|inactive|bananaszn has 120 seconds left.\n|inactive|Kittyredheart has 120 seconds left.\n|\n|t:|1700803936\n|switch|p2b: Chicky Wicky|Grimmsnarl, M, shiny|56\/100\n|move|p1a: Volcanion|Protect|p1a: Volcanion\n|-singleturn|p1a: Volcanion|Protect\n|move|p1b: YN Jay|Tailwind|p1b: YN Jay\n|-sidestart|p1: bananaszn|move: Tailwind\n|move|p2a: Iron Wish|Cosmic Power|p2a: Iron Wish\n|-boost|p2a: Iron Wish|def|1\n|-boost|p2a: Iron Wish|spd|1\n|\n|-weather|Snow|[upkeep]\n|-heal|p2a: Iron Wish|100\/100|[from] item: Leftovers\n|-sideend|p2: Kittyredheart|Reflect\n|-sideend|p2: Kittyredheart|move: Aurora Veil\n|upkeep\n|turn|18\n|inactive|Kittyredheart has 120 seconds left.\n|\n|t:|1700803953\n|move|p2b: Chicky Wicky|Thunder Wave|p1b: YN Jay\n|-status|p1b: YN Jay|par\n|move|p1b: YN Jay|Bleakwind Storm|p2b: Chicky Wicky|[spread] p2a\n|-miss|p1b: YN Jay|p2b: Chicky Wicky\n|-damage|p2a: Iron Wish|93\/100\n|move|p2a: Iron Wish|Cosmic Power|p2a: Iron Wish\n|-boost|p2a: Iron Wish|def|1\n|-boost|p2a: Iron Wish|spd|1\n|cant|p1a: Volcanion|par\n|\n|-weather|Snow|[upkeep]\n|-heal|p2a: Iron Wish|99\/100|[from] item: Leftovers\n|-sideend|p2: Kittyredheart|move: Light Screen\n|upkeep\n|turn|19\n|\n|t:|1700803970\n|move|p1b: YN Jay|Tailwind||[still]\n|-fail|p1b: YN Jay\n|move|p2b: Chicky Wicky|Light Screen|p2b: Chicky Wicky\n|-sidestart|p2: Kittyredheart|move: Light Screen\n|move|p2a: Iron Wish|Cosmic Power|p2a: Iron Wish\n|-boost|p2a: Iron Wish|def|1\n|-boost|p2a: Iron Wish|spd|1\n|move|p1a: Volcanion|Heat Wave|p2a: Iron Wish|[spread] p2a,p2b\n|-damage|p2a: Iron Wish|96\/100\n|-damage|p2b: Chicky Wicky|40\/100\n|\n|-weather|Snow|[upkeep]\n|-heal|p2a: Iron Wish|100\/100|[from] item: Leftovers\n|upkeep\n|turn|20\n|c| teenios|btw can I ask why you switched 3 times at turn 10, 11 and 12\n|c| teenios|@bananaszn\n|inactive|bananaszn has 120 seconds left.\n|c|\u2606bananaszn|lemme see when that was\n|c|\u2606bananaszn|im lowkey improvising\n|c| teenios|np\n|c| teenios|I'll ask you again when you are done\n|inactive|bananaszn has 90 seconds left.\n|l|\u2606Kittyredheart\n|inactive|Kittyredheart disconnected and has a minute to reconnect!\n|player|p2|\n|j|\u2606Kittyredheart\n|inactive|Kittyredheart reconnected.\n|player|p2|Kittyredheart|elesa\n|inactive|bananaszn has 60 seconds left.\n|inactive|bananaszn has 30 seconds left.\n|\n|t:|1700804093\n|move|p1b: YN Jay|Protect|p1b: YN Jay\n|-singleturn|p1b: YN Jay|Protect\n|cant|p1a: Volcanion|par\n|move|p2b: Chicky Wicky|Reflect|p2b: Chicky Wicky\n|-sidestart|p2: Kittyredheart|Reflect\n|move|p2a: Iron Wish|Cosmic Power|p2a: Iron Wish\n|-boost|p2a: Iron Wish|def|1\n|-boost|p2a: Iron Wish|spd|1\n|\n|-weather|none\n|-sideend|p1: bananaszn|move: Tailwind\n|upkeep\n|turn|21\n|c|\u2606Kittyredheart|;D\n|c|\u2606bananaszn|i have a plan\n|inactive|Kittyredheart has 120 seconds left.\n|c|\u2606bananaszn|its kinda balls\n|c|\u2606bananaszn|but it might work\n|\n|t:|1700804128\n|cant|p1a: Volcanion|par\n|cant|p1b: YN Jay|par\n|move|p2b: Chicky Wicky|Parting Shot|p1a: Volcanion\n|-unboost|p1a: Volcanion|atk|1\n|-unboost|p1a: Volcanion|spa|1\n|c|\u2606bananaszn|WOAH\n|inactive|Kittyredheart has 120 seconds left.\n|\n|t:|1700804135\n|switch|p2b: Iron North|Ninetales-Alola, M|16\/100|[from] Parting Shot\n|-weather|Snow|[from] ability: Snow Warning|[of] p2b: Iron North\n|move|p2a: Iron Wish|Stored Power|p1a: Volcanion\n|-damage|p1a: Volcanion|4\/100 par\n|\n|-weather|Snow|[upkeep]\n|-heal|p1a: Volcanion|10\/100 par|[from] item: Leftovers\n|upkeep\n|turn|22\n|inactive|bananaszn has 60 seconds left.\n|c| teenios|this is just sadge\n|\n|t:|1700804154\n|move|p1a: Volcanion|Protect|p1a: Volcanion\n|-singleturn|p1a: Volcanion|Protect\n|move|p1b: YN Jay|Tailwind|p1b: YN Jay\n|-sidestart|p1: bananaszn|move: Tailwind\n|move|p2b: Iron North|Aurora Veil|p2b: Iron North\n|-sidestart|p2: Kittyredheart|move: Aurora Veil\n|move|p2a: Iron Wish|Stored Power|p1b: YN Jay\n|-damage|p1b: YN Jay|0 fnt\n|faint|p1b: YN Jay\n|\n|-weather|Snow|[upkeep]\n|-heal|p1a: Volcanion|16\/100 par|[from] item: Leftovers\n|upkeep\n|c|\u2606bananaszn|finally\n|\n|t:|1700804166\n|switch|p1b: Iggy Azalea|Chien-Pao|100\/100\n|-ability|p1b: Iggy Azalea|Sword of Ruin\n|turn|23\n|inactive|bananaszn has 60 seconds left.\n|c|\u2606bananaszn|operation haul ass\n|\n|t:|1700804185\n|switch|p2b: Iron Fangs|Chien-Pao|100\/100\n|-ability|p2b: Iron Fangs|Sword of Ruin\n|switch|p1a: Kawhi Leonard|Scizor, M|83\/100 par\n|move|p1b: Iggy Azalea|Sacred Sword|p2a: Iron Wish\n|-supereffective|p2a: Iron Wish\n|-damage|p2a: Iron Wish|47\/100\n|-damage|p1b: Iggy Azalea|91\/100|[from] item: Life Orb\n|move|p2a: Iron Wish|Fire Punch|p1b: Iggy Azalea\n|-supereffective|p1b: Iggy Azalea\n|-damage|p1b: Iggy Azalea|57\/100\n|\n|-weather|Snow|[upkeep]\n|-heal|p2a: Iron Wish|53\/100|[from] item: Leftovers\n|-sideend|p2: Kittyredheart|move: Light Screen\n|upkeep\n|turn|24\n|inactive|Kittyredheart has 120 seconds left.\n|\n|t:|1700804217\n|move|p1b: Iggy Azalea|Sacred Sword|p2a: Iron Wish\n|-supereffective|p2a: Iron Wish\n|-damage|p2a: Iron Wish|2\/100\n|-damage|p1b: Iggy Azalea|47\/100|[from] item: Life Orb\n|move|p2b: Iron Fangs|Sacred Sword|p1b: Iggy Azalea\n|-supereffective|p1b: Iggy Azalea\n|-damage|p1b: Iggy Azalea|0 fnt\n|faint|p1b: Iggy Azalea\n|move|p2a: Iron Wish|Wish|p2a: Iron Wish\n|move|p1a: Kawhi Leonard|U-turn|p2a: Iron Wish\n|-supereffective|p2a: Iron Wish\n|-crit|p2a: Iron Wish\n|-damage|p2a: Iron Wish|0 fnt\n|faint|p2a: Iron Wish\n|inactive|bananaszn has 60 seconds left.\n|\n|t:|1700804235\n|switch|p1a: Druski|Iron Hands|100\/100|[from] U-turn\n|\n|-weather|Snow|[upkeep]\n|-sideend|p2: Kittyredheart|Reflect\n|upkeep\n|\n|t:|1700804246\n|switch|p1b: Kawhi Leonard|Scizor, M|83\/100 par\n|switch|p2a: Chicky Wicky|Grimmsnarl, M, shiny|40\/100\n|turn|25\n|\n|t:|1700804260\n|switch|p2b: Iron North|Ninetales-Alola, M|16\/100\n|move|p1a: Druski|Fake Out|p2a: Chicky Wicky\n|-damage|p2a: Chicky Wicky|27\/100\n|cant|p2a: Chicky Wicky|flinch\n|move|p1b: Kawhi Leonard|Close Combat|p2b: Iron North\n|-damage|p2b: Iron North|0 fnt\n|-unboost|p1b: Kawhi Leonard|def|1\n|-unboost|p1b: Kawhi Leonard|spd|1\n|faint|p2b: Iron North\n|\n|-weather|none\n|-heal|p2a: Chicky Wicky|79\/100|[from] move: Wish|[wisher] Iron Wish\n|-sideend|p1: bananaszn|move: Tailwind\n|upkeep\n|\n|t:|1700804269\n|switch|p2b: Iron Fangs|Chien-Pao|100\/100\n|-ability|p2b: Iron Fangs|Sword of Ruin\n|turn|26\n|inactive|bananaszn has 120 seconds left.\n|\n|t:|1700804284\n|switch|p1b: Volcanion|Volcanion|16\/100 par\n|move|p2a: Chicky Wicky|Parting Shot|p1a: Druski\n|-unboost|p1a: Druski|atk|1\n|-unboost|p1a: Druski|spa|1\n|move|p2b: Iron Fangs|Sacred Sword|p1b: Volcanion\n|-crit|p1b: Volcanion\n|-damage|p1b: Volcanion|0 fnt\n|faint|p1b: Volcanion\n|move|p1a: Druski|Close Combat|p2b: Iron Fangs\n|-supereffective|p2b: Iron Fangs\n|-damage|p2b: Iron Fangs|0 fnt\n|-unboost|p1a: Druski|def|1\n|-unboost|p1a: Druski|spd|1\n|faint|p2b: Iron Fangs\n|\n|upkeep\n|inactive|bananaszn has 120 seconds left.\n|-message|Kittyredheart forfeited.\n|\n|win|bananaszn\n|raw|bananaszn's rating: 1439 &rarr; <strong>1466<\/strong><br \/>(+27 for winning)\n|raw|Kittyredheart's rating: 1570 &rarr; <strong>1543<\/strong><br \/>(-27 for losing)\n|l|\u2606Kittyredheart\n|c| teenios|I think at turn 11 your play should have been heat wave + tailwind. It would have nailed the Anine switch\n|c| teenios|@bananaszn\n|c| teenios|just my suggestion tho\n|c|\u2606bananaszn|ah turn 11 the idea was to reset tusk\n|c| teenios|oh sry turn 12 then\n|c|\u2606bananaszn|but i taunted the cosmic power\n|c|\u2606bananaszn|so i coulde still heat waved\n|c| teenios|yeah it would have dealt damage since lando was low and whatever switching in will takedamage\n|c|\u2606bananaszn|yea it couldve sealed the game faster\n|c| teenios|at that turn rachi has not terraed so heat wave will either supereffective rachi damage the switch in\n|c| teenios|anyway you played well ggs\n|c|\u2606bananaszn|thanks\n|l| teenios\n","uploadtime":1700804525,"views":11,"p1id":"bananaszn","p2id":"kittyredheart","formatid":"gen9doublesou","rating":1466,"private":0,"password":""}