{"id":"gen9doublesou-1978849582","p1":"SMB","p2":"Nido-Rus","format":"[Gen 9] Doubles OU","log":"|j|\u2606SMB\n|j|\u2606Nido-Rus\n|t:|1698602474\n|gametype|doubles\n|player|p1|SMB|#dpl8ducks|\n|player|p2|Nido-Rus|cheryl|\n|teamsize|p1|6\n|teamsize|p2|6\n|gen|9\n|tier|[Gen 9] Doubles OU\n|rule|Species Clause: Limit one of each Pok\u00e9mon\n|rule|OHKO Clause: OHKO moves are banned\n|rule|Evasion Moves Clause: Evasion moves are banned\n|rule|Gravity Sleep Clause: The combination of sleep-inducing moves with imperfect accuracy and Gravity or Gigantamax Orbeetle are banned\n|rule|Endless Battle Clause: Forcing endless battles is banned\n|rule|HP Percentage Mod: HP is shown in percentages\n|clearpoke\n|poke|p1|Ogerpon-Wellspring, F|\n|poke|p1|Ninetales-Alola, F|\n|poke|p1|Baxcalibur, M|\n|poke|p1|Iron Hands|\n|poke|p1|Heatran, M|\n|poke|p1|Flutter Mane|\n|poke|p2|Palafin, M|\n|poke|p2|Ogerpon-Hearthflame, F|\n|poke|p2|Landorus-Therian, M|\n|poke|p2|Gholdengo|\n|poke|p2|Rillaboom, F|\n|poke|p2|Pelipper, F|\n|teampreview\n|c|\u2606SMB|glhf\n|c|\u2606Nido-Rus|gl HF\n|j| Roseye\n|j|+Yoda2798\n|j| Raf\n|\n|t:|1698602520\n|start\n|switch|p1a: Ogerpon|Ogerpon-Wellspring, F|100\/100\n|switch|p1b: Heatran|Heatran, M|100\/100\n|switch|p2a: Palafin|Palafin, M|100\/100\n|switch|p2b: Landorus|Landorus-Therian, M|100\/100\n|-ability|p2b: Landorus|Intimidate|boost\n|-unboost|p1a: Ogerpon|atk|1\n|-unboost|p1b: Heatran|atk|1\n|turn|1\n|j| tyo\n|j| eragon11145\n|l| eragon11145\n|j| eragon11145\n|c| eragon11145|go nido\n|j| Toxinalpaca\n|c| Toxinalpaca|Go smb\n|\n|t:|1698602572\n|detailschange|p2a: Palafin|Palafin-Hero, M\n|switch|p2a: Ogerpon|Ogerpon-Hearthflame, F|100\/100\n|-ability|p2a: Ogerpon|Mold Breaker\n|move|p2b: Landorus|Stealth Rock|p1a: Ogerpon\n|-sidestart|p1: SMB|move: Stealth Rock\n|move|p1b: Heatran|Stealth Rock|p2b: Landorus\n|-sidestart|p2: Nido-Rus|move: Stealth Rock\n|move|p1a: Ogerpon|Ivy Cudgel|p2b: Landorus\n|-supereffective|p2b: Landorus\n|-damage|p2b: Landorus|16\/100\n|\n|upkeep\n|turn|2\n|c|+Yoda2798|someone call WWF, we've found a palafin in the wild\n|j|+ryo yamada2001\n|c| Toxinalpaca|what\u2019s Wff?\n|j| AIRedzone\n|\n|t:|1698602614\n|switch|p2b: Palafin|Palafin-Hero, M|100\/100\n|-damage|p2b: Palafin|88\/100|[from] Stealth Rock\n|-activate|p2b: Palafin|ability: Zero to Hero\n|switch|p1b: Iron Hands|Iron Hands|100\/100\n|-damage|p1b: Iron Hands|94\/100|[from] Stealth Rock\n|move|p1a: Ogerpon|Swords Dance|p1a: Ogerpon\n|-boost|p1a: Ogerpon|atk|2\n|move|p2a: Ogerpon|Horn Leech|p1a: Ogerpon\n|-damage|p1a: Ogerpon|45\/100\n|\n|upkeep\n|turn|3\n|c| AIRedzone|worldwide fund for animal somethingy\n|c| AIRedzone|Jai Hind!\n|\n|t:|1698602650\n|move|p2b: Palafin|Protect|p2b: Palafin\n|-singleturn|p2b: Palafin|Protect\n|move|p2a: Ogerpon|Spiky Shield|p2a: Ogerpon\n|-singleturn|p2a: Ogerpon|move: Protect\n|move|p1b: Iron Hands|Fake Out|p2a: Ogerpon\n|-activate|p2a: Ogerpon|move: Protect\n|-damage|p1b: Iron Hands|82\/100|[from] Spiky Shield|[of] p2a: Ogerpon\n|move|p1a: Ogerpon|Horn Leech|p2b: Palafin\n|-activate|p2b: Palafin|move: Protect\n|\n|upkeep\n|turn|4\n|j| Feyette\n|\n|t:|1698602691\n|-terastallize|p2b: Palafin|Fighting\n|move|p2a: Ogerpon|Follow Me|p2a: Ogerpon\n|-singleturn|p2a: Ogerpon|move: Follow Me\n|move|p1a: Ogerpon|Ivy Cudgel|p2a: Ogerpon\n|-crit|p2a: Ogerpon\n|-damage|p2a: Ogerpon|0 fnt\n|faint|p2a: Ogerpon\n|move|p2b: Palafin|Bulk Up|p2b: Palafin\n|-boost|p2b: Palafin|atk|1\n|-boost|p2b: Palafin|def|1\n|move|p1b: Iron Hands|Close Combat|p2b: Palafin\n|-damage|p2b: Palafin|52\/100\n|-unboost|p1b: Iron Hands|def|1\n|-unboost|p1b: Iron Hands|spd|1\n|\n|upkeep\n|j| RelicanthPrimal<><\n|\n|t:|1698602699\n|switch|p2a: Landorus|Landorus-Therian, M|16\/100\n|-damage|p2a: Landorus|4\/100|[from] Stealth Rock\n|-ability|p2a: Landorus|Intimidate|boost\n|-unboost|p1a: Ogerpon|atk|1\n|-unboost|p1b: Iron Hands|atk|1\n|turn|5\n|j| glimmeraqua\n|j| Jello1231\n|j|+Actuarily\n|\n|t:|1698602762\n|-terastallize|p1b: Iron Hands|Fighting\n|move|p1a: Ogerpon|Spiky Shield|p1a: Ogerpon\n|-singleturn|p1a: Ogerpon|move: Protect\n|move|p2a: Landorus|U-turn|p1a: Ogerpon\n|-activate|p1a: Ogerpon|move: Protect\n|-damage|p2a: Landorus|0 fnt|[from] Spiky Shield|[of] p1a: Ogerpon\n|faint|p2a: Landorus\n|move|p2b: Palafin|Drain Punch|p1b: Iron Hands\n|-damage|p1b: Iron Hands|14\/100\n|-heal|p2b: Palafin|92\/100|[from] drain|[of] p1b: Iron Hands\n|move|p1b: Iron Hands|Close Combat|p2b: Palafin\n|-damage|p2b: Palafin|57\/100\n|-unboost|p1b: Iron Hands|def|1\n|-unboost|p1b: Iron Hands|spd|1\n|\n|upkeep\n|j| VGCLTE Lem\n|c| Toxinalpaca|35 is wild\n|c| glimmeraqua|it do be a -1 user hitting a +1 defense target\n|\n|t:|1698602800\n|switch|p2a: Rillaboom|Rillaboom, F|100\/100\n|-damage|p2a: Rillaboom|88\/100|[from] Stealth Rock\n|-fieldstart|move: Grassy Terrain|[from] ability: Grassy Surge|[of] p2a: Rillaboom\n|turn|6\n|j| mishimono\n|c| Toxinalpaca|oh right lmao\n|\n|t:|1698602819\n|switch|p1a: Flutter Mane|Flutter Mane|100\/100\n|-damage|p1a: Flutter Mane|88\/100|[from] Stealth Rock\n|move|p2a: Rillaboom|Grassy Glide|p1a: Flutter Mane\n|-damage|p1a: Flutter Mane|6\/100\n|move|p2b: Palafin|Drain Punch|p1b: Iron Hands\n|-damage|p1b: Iron Hands|0 fnt\n|-heal|p2b: Palafin|66\/100|[from] drain|[of] p1b: Iron Hands\n|faint|p1b: Iron Hands\n|-end|p1b: Iron Hands|Quark Drive|[silent]\n|\n|-heal|p1a: Flutter Mane|13\/100|[from] Grassy Terrain\n|-heal|p2b: Palafin|72\/100|[from] Grassy Terrain\n|-heal|p2a: Rillaboom|94\/100|[from] Grassy Terrain\n|upkeep\n|c| Raf|palafin is so back\n|\n|t:|1698602862\n|switch|p1b: Ninetales|Ninetales-Alola, F|100\/100\n|-damage|p1b: Ninetales|76\/100|[from] Stealth Rock\n|-weather|Snow|[from] ability: Snow Warning|[of] p1b: Ninetales\n|turn|7\n|\n|t:|1698602876\n|switch|p2a: Pelipper|Pelipper, F|100\/100\n|-damage|p2a: Pelipper|76\/100|[from] Stealth Rock\n|-weather|RainDance|[from] ability: Drizzle|[of] p2a: Pelipper\n|move|p2b: Palafin|Jet Punch|p1a: Flutter Mane\n|-damage|p1a: Flutter Mane|0 fnt\n|faint|p1a: Flutter Mane\n|-end|p1a: Flutter Mane|Protosynthesis|[silent]\n|move|p1b: Ninetales|Blizzard|p2a: Pelipper|[spread] p2a\n|-miss|p1b: Ninetales|p2b: Palafin\n|-damage|p2a: Pelipper|46\/100\n|-enditem|p2a: Pelipper|Eject Button\n|j| Pentaflecs\n|j|+Arcticblast\n|\n|t:|1698602891\n|switch|p2a: Rillaboom|Rillaboom, F|94\/100\n|-damage|p2a: Rillaboom|82\/100|[from] Stealth Rock\n|\n|-weather|RainDance|[upkeep]\n|-heal|p1b: Ninetales|82\/100|[from] Grassy Terrain\n|-heal|p2b: Palafin|78\/100|[from] Grassy Terrain\n|-heal|p2a: Rillaboom|88\/100|[from] Grassy Terrain\n|upkeep\n|l| glimmeraqua\n|\n|t:|1698602920\n|switch|p1a: Ogerpon|Ogerpon-Wellspring, F|45\/100\n|-damage|p1a: Ogerpon|33\/100|[from] Stealth Rock\n|turn|8\n|l| Toxinalpaca\n|\n|t:|1698602936\n|move|p2b: Palafin|Jet Punch|p1b: Ninetales\n|-damage|p1b: Ninetales|0 fnt\n|faint|p1b: Ninetales\n|move|p2a: Rillaboom|Grassy Glide|p1a: Ogerpon\n|-damage|p1a: Ogerpon|0 fnt\n|faint|p1a: Ogerpon\n|\n|-weather|RainDance|[upkeep]\n|-heal|p2b: Palafin|84\/100|[from] Grassy Terrain\n|-heal|p2a: Rillaboom|94\/100|[from] Grassy Terrain\n|upkeep\n|\n|t:|1698602947\n|switch|p1a: Baxcalibur|Baxcalibur, M|100\/100\n|switch|p1b: Heatran|Heatran, M|100\/100\n|-damage|p1b: Heatran|88\/100|[from] Stealth Rock\n|-damage|p1a: Baxcalibur|76\/100|[from] Stealth Rock\n|turn|9\n|\n|t:|1698602967\n|move|p2b: Palafin|Jet Punch|p1b: Heatran\n|-supereffective|p1b: Heatran\n|-damage|p1b: Heatran|0 fnt\n|faint|p1b: Heatran\n|move|p1a: Baxcalibur|Icicle Crash|p2b: Palafin\n|-damage|p2b: Palafin|52\/100\n|move|p2a: Rillaboom|Wood Hammer|p1a: Baxcalibur\n|-resisted|p1a: Baxcalibur\n|-damage|p1a: Baxcalibur|29\/100\n|-damage|p2a: Rillaboom|79\/100|[from] Recoil\n|\n|-weather|RainDance|[upkeep]\n|-heal|p2b: Palafin|58\/100|[from] Grassy Terrain\n|-heal|p1a: Baxcalibur|35\/100|[from] Grassy Terrain\n|-heal|p2a: Rillaboom|85\/100|[from] Grassy Terrain\n|upkeep\n|turn|10\n|l|+Actuarily\n|\n|t:|1698602977\n|move|p2b: Palafin|Jet Punch|p1a: Baxcalibur\n|-resisted|p1a: Baxcalibur\n|-damage|p1a: Baxcalibur|0 fnt\n|faint|p1a: Baxcalibur\n|\n|win|Nido-Rus\n|c|\u2606SMB|gg\n|c|\u2606Nido-Rus|gg\n|l|\u2606SMB\n","uploadtime":1698602985,"views":116,"p1id":"smb","p2id":"nidorus","formatid":"gen9doublesou","rating":0,"private":0,"password":""}