{"id":"gen9doublesou-1982924830","p1":"Sumlax","p2":"vfjfhjfhc","format":"[Gen 9] Doubles OU","log":"|j|\u2606Sumlax\n|j|\u2606vfjfhjfhc\n|t:|1699059288\n|gametype|doubles\n|player|p1|Sumlax|265|1299\n|player|p2|vfjfhjfhc|265|1253\n|teamsize|p1|6\n|teamsize|p2|6\n|gen|9\n|tier|[Gen 9] Doubles OU\n|rated|\n|rule|Species Clause: Limit one of each Pok\u00e9mon\n|rule|OHKO Clause: OHKO moves are banned\n|rule|Evasion Moves Clause: Evasion moves are banned\n|rule|Gravity Sleep Clause: The combination of sleep-inducing moves with imperfect accuracy and Gravity or Gigantamax Orbeetle are banned\n|rule|Endless Battle Clause: Forcing endless battles is banned\n|rule|HP Percentage Mod: HP is shown in percentages\n|clearpoke\n|poke|p1|Chandelure, F|\n|poke|p1|Rillaboom, F|\n|poke|p1|Kommo-o, M|\n|poke|p1|Slowking-Galar, M|\n|poke|p1|Milotic, M|\n|poke|p1|Glimmora, F|\n|poke|p2|Cresselia, F|\n|poke|p2|Amoonguss, F|\n|poke|p2|Diancie|\n|poke|p2|Tyranitar, F|\n|poke|p2|Sylveon, M|\n|poke|p2|Iron Hands|\n|teampreview\n|\n|t:|1699059309\n|start\n|switch|p1a: Glimmora|Glimmora, F|100\/100\n|switch|p1b: Rillaboom|Rillaboom, F|100\/100\n|switch|p2a: Cresselia|Cresselia, F|100\/100\n|switch|p2b: Iron Hands|Iron Hands|100\/100\n|-fieldstart|move: Grassy Terrain|[from] ability: Grassy Surge|[of] p1b: Rillaboom\n|turn|1\n|inactive|Battle timer is ON: inactive players will automatically lose when time's up. (requested by vfjfhjfhc)\n|\n|t:|1699059331\n|-terastallize|p2b: Iron Hands|Flying\n|move|p1b: Rillaboom|Fake Out|p2b: Iron Hands\n|-damage|p2b: Iron Hands|92\/100\n|move|p1a: Glimmora|Mortal Spin|p2b: Iron Hands|[spread] p2a,p2b\n|-damage|p2a: Cresselia|98\/100\n|-damage|p2b: Iron Hands|89\/100\n|-status|p2a: Cresselia|psn\n|-status|p2b: Iron Hands|psn\n|cant|p2b: Iron Hands|flinch\n|move|p2a: Cresselia|Trick Room|p2a: Cresselia\n|-fieldstart|move: Trick Room|[of] p2a: Cresselia\n|\n|-heal|p2a: Cresselia|100\/100 psn|[from] item: Leftovers\n|-damage|p2b: Iron Hands|76\/100 psn|[from] psn\n|-damage|p2a: Cresselia|88\/100 psn|[from] psn\n|upkeep\n|turn|2\n|inactive|Sumlax has 120 seconds left.\n|\n|t:|1699059379\n|switch|p1b: Milotic|Milotic, M|100\/100\n|move|p2b: Iron Hands|Belly Drum|p2b: Iron Hands\n|-damage|p2b: Iron Hands|27\/100 psn\n|-setboost|p2b: Iron Hands|atk|6|[from] move: Belly Drum\n|-enditem|p2b: Iron Hands|Sitrus Berry|[eat]\n|-heal|p2b: Iron Hands|51\/100 psn|[from] item: Sitrus Berry\n|move|p2a: Cresselia|Lunar Blessing|p2a: Cresselia|[spread] p2a,p2b\n|-heal|p2a: Cresselia|100\/100 psn\n|-curestatus|p2a: Cresselia|psn|[msg]\n|-heal|p2b: Iron Hands|76\/100 psn\n|-curestatus|p2b: Iron Hands|psn|[msg]\n|move|p1a: Glimmora|Power Gem|p2b: Iron Hands\n|-supereffective|p2b: Iron Hands\n|-damage|p2b: Iron Hands|0 fnt\n|faint|p2b: Iron Hands\n|-end|p2b: Iron Hands|Quark Drive|[silent]\n|\n|upkeep\n|inactive|vfjfhjfhc has 120 seconds left.\n|\n|t:|1699059402\n|switch|p2b: Amoonguss|Amoonguss, F|100\/100\n|turn|3\n|\n|t:|1699059416\n|switch|p1b: Rillaboom|Rillaboom, F|100\/100\n|switch|p2a: Diancie|Diancie|100\/100\n|-terastallize|p1a: Glimmora|Grass\n|move|p2b: Amoonguss|Toxic|p1b: Rillaboom\n|-status|p1b: Rillaboom|tox\n|move|p1a: Glimmora|Stealth Rock|p2a: Diancie\n|-sidestart|p2: vfjfhjfhc|move: Stealth Rock\n|\n|-damage|p1b: Rillaboom|94\/100 tox|[from] psn\n|upkeep\n|turn|4\n|\n|t:|1699059433\n|move|p2a: Diancie|Protect|p2a: Diancie\n|-singleturn|p2a: Diancie|Protect\n|move|p1b: Rillaboom|Grassy Glide|p2a: Diancie\n|-activate|p2a: Diancie|move: Protect\n|move|p2b: Amoonguss|Toxic|p1a: Glimmora\n|-status|p1a: Glimmora|tox\n|move|p1a: Glimmora|Power Gem|p2a: Diancie\n|-activate|p2a: Diancie|move: Protect\n|\n|-heal|p1b: Rillaboom|100\/100 tox|[from] Grassy Terrain\n|-damage|p1b: Rillaboom|88\/100 tox|[from] psn\n|-damage|p1a: Glimmora|94\/100 tox|[from] psn\n|upkeep\n|turn|5\n|\n|t:|1699059450\n|switch|p2a: Cresselia|Cresselia, F|100\/100\n|-damage|p2a: Cresselia|88\/100|[from] Stealth Rock\n|move|p1b: Rillaboom|Grassy Glide|p2a: Cresselia\n|-damage|p2a: Cresselia|60\/100\n|move|p2b: Amoonguss|Pollen Puff|p2a: Cresselia\n|-heal|p2a: Cresselia|100\/100\n|move|p1a: Glimmora|Power Gem|p2a: Cresselia\n|-damage|p2a: Cresselia|80\/100\n|\n|-heal|p1b: Rillaboom|94\/100 tox|[from] Grassy Terrain\n|-heal|p2a: Cresselia|86\/100|[from] item: Leftovers\n|-heal|p1a: Glimmora|100\/100 tox|[from] Grassy Terrain\n|-damage|p1b: Rillaboom|76\/100 tox|[from] psn\n|-damage|p1a: Glimmora|88\/100 tox|[from] psn\n|-fieldend|move: Trick Room\n|-fieldend|move: Grassy Terrain\n|upkeep\n|turn|6\n|\n|t:|1699059473\n|switch|p1a: Slowking|Slowking-Galar, M|100\/100\n|switch|p1b: Kommo-o|Kommo-o, M|100\/100\n|move|p2a: Cresselia|Ice Beam|p1b: Kommo-o\n|-supereffective|p1b: Kommo-o\n|-damage|p1b: Kommo-o|68\/100\n|move|p2b: Amoonguss|Pollen Puff|p1b: Kommo-o\n|-resisted|p1b: Kommo-o\n|-damage|p1b: Kommo-o|59\/100\n|\n|-heal|p2a: Cresselia|92\/100|[from] item: Leftovers\n|upkeep\n|turn|7\n|\n|t:|1699059497\n|switch|p1b: Chandelure|Chandelure, F|100\/100\n|move|p2a: Cresselia|Ice Beam|p1b: Chandelure\n|-resisted|p1b: Chandelure\n|-damage|p1b: Chandelure|91\/100\n|move|p2b: Amoonguss|Spore|p1a: Slowking\n|-status|p1a: Slowking|slp|[from] move: Spore\n|cant|p1a: Slowking|slp\n|\n|-heal|p2a: Cresselia|98\/100|[from] item: Leftovers\n|upkeep\n|turn|8\n|\n|t:|1699059514\n|switch|p2b: Diancie|Diancie|100\/100\n|-damage|p2b: Diancie|88\/100|[from] Stealth Rock\n|switch|p1a: Rillaboom|Rillaboom, F|76\/100 tox\n|-fieldstart|move: Grassy Terrain|[from] ability: Grassy Surge|[of] p1a: Rillaboom\n|move|p1b: Chandelure|Heat Wave|p2a: Cresselia|[spread] p2a,p2b\n|-resisted|p2b: Diancie\n|-damage|p2a: Cresselia|68\/100\n|-damage|p2b: Diancie|68\/100\n|-status|p2b: Diancie|brn\n|-damage|p1b: Chandelure|82\/100|[from] item: Life Orb\n|move|p2a: Cresselia|Trick Room|p2a: Cresselia\n|-fieldstart|move: Trick Room|[of] p2a: Cresselia\n|\n|-heal|p2b: Diancie|74\/100 brn|[from] Grassy Terrain\n|-heal|p1a: Rillaboom|82\/100 tox|[from] Grassy Terrain\n|-heal|p1b: Chandelure|88\/100|[from] Grassy Terrain\n|-heal|p2a: Cresselia|74\/100|[from] item: Leftovers\n|-damage|p1a: Rillaboom|76\/100 tox|[from] psn\n|-damage|p2b: Diancie|68\/100 brn|[from] brn\n|upkeep\n|turn|9\n|\n|t:|1699059542\n|switch|p1b: Milotic|Milotic, M|100\/100\n|move|p2b: Diancie|Protect|p2b: Diancie\n|-singleturn|p2b: Diancie|Protect\n|move|p1a: Rillaboom|Grassy Glide|p2b: Diancie\n|-activate|p2b: Diancie|move: Protect\n|move|p2a: Cresselia|Lunar Blessing|p2a: Cresselia|[spread] p2a,p2b\n|-heal|p2a: Cresselia|99\/100\n|-heal|p2b: Diancie|93\/100 brn\n|-curestatus|p2b: Diancie|brn|[msg]\n|\n|-heal|p2b: Diancie|99\/100|[from] Grassy Terrain\n|-heal|p1a: Rillaboom|82\/100 tox|[from] Grassy Terrain\n|-heal|p2a: Cresselia|100\/100|[from] item: Leftovers\n|-damage|p1a: Rillaboom|70\/100 tox|[from] psn\n|upkeep\n|turn|10\n|\n|t:|1699059562\n|switch|p2b: Amoonguss|Amoonguss, F|100\/100\n|-damage|p2b: Amoonguss|88\/100|[from] Stealth Rock\n|move|p1a: Rillaboom|Grassy Glide|p2b: Amoonguss\n|-resisted|p2b: Amoonguss\n|-damage|p2b: Amoonguss|78\/100\n|move|p2a: Cresselia|Ice Beam|p1a: Rillaboom\n|-supereffective|p1a: Rillaboom\n|-damage|p1a: Rillaboom|46\/100 tox\n|move|p1b: Milotic|Dragon Tail|p2b: Amoonguss|[miss]\n|-miss|p1b: Milotic|p2b: Amoonguss\n|\n|-heal|p2b: Amoonguss|84\/100|[from] Grassy Terrain\n|-heal|p1a: Rillaboom|52\/100 tox|[from] Grassy Terrain\n|-damage|p1a: Rillaboom|33\/100 tox|[from] psn\n|upkeep\n|turn|11\n|\n|t:|1699059590\n|switch|p1a: Slowking|Slowking-Galar, M|100\/100 slp\n|switch|p1b: Kommo-o|Kommo-o, M|59\/100\n|move|p2b: Amoonguss|Toxic|p1b: Kommo-o\n|-status|p1b: Kommo-o|tox\n|move|p2a: Cresselia|Ice Beam|p1a: Slowking\n|-crit|p1a: Slowking\n|-damage|p1a: Slowking|86\/100 slp\n|\n|-heal|p1a: Slowking|92\/100 slp|[from] Grassy Terrain\n|-heal|p1a: Slowking|98\/100 slp|[from] item: Black Sludge\n|-heal|p2b: Amoonguss|90\/100|[from] Grassy Terrain\n|-heal|p1b: Kommo-o|65\/100 tox|[from] Grassy Terrain\n|-damage|p1b: Kommo-o|59\/100 tox|[from] psn\n|upkeep\n|turn|12\n|inactive|Sumlax has 120 seconds left.\n|\n|t:|1699059620\n|switch|p1b: Chandelure|Chandelure, F|88\/100\n|cant|p1a: Slowking|slp\n|move|p2b: Amoonguss|Pollen Puff|p1a: Slowking\n|-damage|p1a: Slowking|89\/100 slp\n|move|p2a: Cresselia|Ice Beam|p1b: Chandelure\n|-resisted|p1b: Chandelure\n|-damage|p1b: Chandelure|78\/100\n|\n|-heal|p1a: Slowking|95\/100 slp|[from] Grassy Terrain\n|-heal|p1a: Slowking|100\/100 slp|[from] item: Black Sludge\n|-heal|p2b: Amoonguss|96\/100|[from] Grassy Terrain\n|-heal|p1b: Chandelure|84\/100|[from] Grassy Terrain\n|-fieldend|move: Trick Room\n|-fieldend|move: Grassy Terrain\n|upkeep\n|turn|13\n|inactive|Sumlax has 120 seconds left.\n|\n|t:|1699059651\n|switch|p1b: Glimmora|Glimmora, F, tera:Grass|88\/100 tox\n|switch|p2b: Tyranitar|Tyranitar, F|100\/100\n|-damage|p2b: Tyranitar|88\/100|[from] Stealth Rock\n|-weather|Sandstorm|[from] ability: Sand Stream|[of] p2b: Tyranitar\n|-curestatus|p1a: Slowking|slp|[msg]\n|move|p1a: Slowking|Acid Spray|p2a: Cresselia\n|-damage|p2a: Cresselia|92\/100\n|-unboost|p2a: Cresselia|spd|2\n|move|p2a: Cresselia|Trick Room|p2a: Cresselia\n|-fieldstart|move: Trick Room|[of] p2a: Cresselia\n|\n|-weather|Sandstorm|[upkeep]\n|-damage|p1a: Slowking|94\/100|[from] Sandstorm\n|-damage|p2a: Cresselia|86\/100|[from] Sandstorm\n|-damage|p1b: Glimmora|82\/100 tox|[from] Sandstorm\n|-heal|p1a: Slowking|100\/100|[from] item: Black Sludge\n|-heal|p2a: Cresselia|92\/100|[from] item: Leftovers\n|-damage|p1b: Glimmora|76\/100 tox|[from] psn\n|upkeep\n|turn|14\n|inactive|Sumlax has 120 seconds left.\n|\n|t:|1699059679\n|switch|p1a: Milotic|Milotic, M|100\/100\n|switch|p2b: Sylveon|Sylveon, M|100\/100\n|-damage|p2b: Sylveon|88\/100|[from] Stealth Rock\n|switch|p2a: Amoonguss|Amoonguss, F|100\/100\n|-damage|p2a: Amoonguss|88\/100|[from] Stealth Rock\n|move|p1b: Glimmora|Power Gem|p2a: Amoonguss\n|-damage|p2a: Amoonguss|58\/100\n|\n|-weather|Sandstorm|[upkeep]\n|-damage|p2a: Amoonguss|52\/100|[from] Sandstorm\n|-damage|p2b: Sylveon|82\/100|[from] Sandstorm\n|-damage|p1a: Milotic|94\/100|[from] Sandstorm\n|-damage|p1b: Glimmora|70\/100 tox|[from] Sandstorm\n|-heal|p1a: Milotic|100\/100|[from] item: Leftovers\n|-damage|p1b: Glimmora|57\/100 tox|[from] psn\n|upkeep\n|turn|15\n|\n|t:|1699059706\n|move|p2a: Amoonguss|Spore|p1a: Milotic\n|-status|p1a: Milotic|slp|[from] move: Spore\n|move|p2b: Sylveon|Hyper Voice|p1a: Milotic|[spread] p1a,p1b\n|-crit|p1a: Milotic\n|-damage|p1a: Milotic|71\/100 slp\n|-damage|p1b: Glimmora|19\/100 tox\n|-enditem|p2b: Sylveon|Throat Spray\n|-boost|p2b: Sylveon|spa|1|[from] item: Throat Spray\n|cant|p1a: Milotic|slp\n|move|p1b: Glimmora|Mortal Spin|p2b: Sylveon|[spread] p2a,p2b\n|-supereffective|p2b: Sylveon\n|-damage|p2a: Amoonguss|47\/100\n|-damage|p2b: Sylveon|71\/100\n|-status|p2b: Sylveon|psn\n|\n|-weather|Sandstorm|[upkeep]\n|-damage|p2a: Amoonguss|41\/100|[from] Sandstorm\n|-damage|p2b: Sylveon|65\/100 psn|[from] Sandstorm\n|-damage|p1a: Milotic|64\/100 slp|[from] Sandstorm\n|-damage|p1b: Glimmora|13\/100 tox|[from] Sandstorm\n|-heal|p1a: Milotic|71\/100 slp|[from] item: Leftovers\n|-damage|p2b: Sylveon|53\/100 psn|[from] psn\n|-damage|p1b: Glimmora|0 fnt|[from] psn\n|faint|p1b: Glimmora\n|upkeep\n|\n|t:|1699059716\n|switch|p1b: Slowking|Slowking-Galar, M|100\/100\n|turn|16\n|\n|t:|1699059731\n|move|p1b: Slowking|Psyshock|p2a: Amoonguss\n|-supereffective|p2a: Amoonguss\n|-damage|p2a: Amoonguss|0 fnt\n|faint|p2a: Amoonguss\n|move|p2b: Sylveon|Hyper Voice|p1b: Slowking|[spread] p1a,p1b\n|-resisted|p1b: Slowking\n|-damage|p1a: Milotic|44\/100 slp\n|-damage|p1b: Slowking|87\/100\n|cant|p1a: Milotic|slp\n|\n|-weather|Sandstorm|[upkeep]\n|-damage|p1b: Slowking|81\/100|[from] Sandstorm\n|-damage|p2b: Sylveon|47\/100 psn|[from] Sandstorm\n|-damage|p1a: Milotic|38\/100 slp|[from] Sandstorm\n|-heal|p1b: Slowking|87\/100|[from] item: Black Sludge\n|-heal|p1a: Milotic|44\/100 slp|[from] item: Leftovers\n|-damage|p2b: Sylveon|34\/100 psn|[from] psn\n|upkeep\n|\n|t:|1699059747\n|switch|p2a: Cresselia|Cresselia, F|92\/100\n|-damage|p2a: Cresselia|80\/100|[from] Stealth Rock\n|turn|17\n|\n|t:|1699059760\n|move|p1b: Slowking|Psyshock|p2b: Sylveon\n|-damage|p2b: Sylveon|0 fnt\n|faint|p2b: Sylveon\n|-curestatus|p1a: Milotic|slp|[msg]\n|move|p1a: Milotic|Life Dew|p1a: Milotic|[spread] p1a,p1b\n|-heal|p1a: Milotic|70\/100\n|-heal|p1b: Slowking|100\/100\n|move|p2a: Cresselia|Lunar Blessing|p2a: Cresselia\n|-heal|p2a: Cresselia|100\/100\n|\n|-weather|none\n|-heal|p1a: Milotic|76\/100|[from] item: Leftovers\n|-fieldend|move: Trick Room\n|upkeep\n|inactive|vfjfhjfhc has 120 seconds left.\n|\n|t:|1699059813\n|switch|p2b: Diancie|Diancie|99\/100\n|-damage|p2b: Diancie|87\/100|[from] Stealth Rock\n|turn|18\n|\n|t:|1699059837\n|move|p2a: Cresselia|Lunar Blessing|p2a: Cresselia|[spread] p2a,p2b\n|-heal|p2b: Diancie|100\/100\n|move|p1a: Milotic|Life Dew||[still]|[spread] p1a,p1b\n|-heal|p1a: Milotic|100\/100\n|-fail|p1b: Slowking|heal\n|move|p2b: Diancie|Diamond Storm|p1a: Milotic|[spread] p1a,p1b\n|-damage|p1a: Milotic|66\/100\n|-damage|p1b: Slowking|67\/100\n|move|p1b: Slowking|Acid Spray|p1a: Milotic\n|-damage|p1a: Milotic|56\/100\n|-unboost|p1a: Milotic|spd|2\n|\n|-heal|p1a: Milotic|62\/100|[from] item: Leftovers\n|-heal|p1b: Slowking|73\/100|[from] item: Black Sludge\n|upkeep\n|turn|19\n|inactive|vfjfhjfhc has 120 seconds left.\n|inactive|Sumlax has 120 seconds left.\n|\n|t:|1699059869\n|switch|p1a: Rillaboom|Rillaboom, F|33\/100 tox\n|-fieldstart|move: Grassy Terrain|[from] ability: Grassy Surge|[of] p1a: Rillaboom\n|move|p2a: Cresselia|Ice Beam|p1a: Rillaboom\n|-supereffective|p1a: Rillaboom\n|-damage|p1a: Rillaboom|8\/100 tox\n|move|p2b: Diancie|Diamond Storm|p1b: Slowking|[spread] p1a\n|-miss|p2b: Diancie|p1b: Slowking\n|-damage|p1a: Rillaboom|0 fnt\n|-boost|p2b: Diancie|def|2\n|faint|p1a: Rillaboom\n|move|p1b: Slowking|Psyshock|p2b: Diancie\n|-damage|p2b: Diancie|88\/100\n|\n|-heal|p2b: Diancie|94\/100|[from] Grassy Terrain\n|-heal|p1b: Slowking|79\/100|[from] Grassy Terrain\n|-heal|p1b: Slowking|85\/100|[from] item: Black Sludge\n|upkeep\n|inactive|Sumlax has 120 seconds left.\n|\n|t:|1699059887\n|switch|p1a: Chandelure|Chandelure, F|84\/100\n|turn|20\n|inactive|Sumlax has 120 seconds left.\n|\n|t:|1699059911\n|move|p2a: Cresselia|Ice Beam|p1b: Slowking\n|-damage|p1b: Slowking|75\/100\n|move|p1a: Chandelure|Energy Ball|p2b: Diancie\n|-supereffective|p2b: Diancie\n|-crit|p2b: Diancie\n|-damage|p2b: Diancie|0 fnt\n|faint|p2b: Diancie\n|-damage|p1a: Chandelure|74\/100|[from] item: Life Orb\n|move|p1b: Slowking|Psyshock|p2a: Cresselia\n|-resisted|p2a: Cresselia\n|-damage|p2a: Cresselia|89\/100\n|\n|-heal|p2a: Cresselia|95\/100|[from] item: Leftovers\n|-heal|p1a: Chandelure|80\/100|[from] Grassy Terrain\n|-heal|p1b: Slowking|81\/100|[from] Grassy Terrain\n|-heal|p1b: Slowking|87\/100|[from] item: Black Sludge\n|upkeep\n|inactive|vfjfhjfhc has 120 seconds left.\n|l|\u2606vfjfhjfhc\n|inactive|vfjfhjfhc disconnected and has a minute to reconnect!\n|player|p2|\n|inactive|vfjfhjfhc has 30 seconds to reconnect!\n|inactive|vfjfhjfhc has 20 seconds to reconnect!\n|inactive|vfjfhjfhc has 15 seconds to reconnect!\n|inactive|vfjfhjfhc has 10 seconds to reconnect!\n|inactive|vfjfhjfhc has 5 seconds to reconnect!\n|-message|vfjfhjfhc lost due to inactivity.\n|\n|win|Sumlax\n|raw|Sumlax's rating: 1299 &rarr; <strong>1321<\/strong><br \/>(+22 for winning)\n|raw|vfjfhjfhc's rating: 1253 &rarr; <strong>1231<\/strong><br \/>(-22 for losing)\n","uploadtime":1699060005,"views":21,"p1id":"sumlax","p2id":"vfjfhjfhc","formatid":"gen9doublesou","rating":1231,"private":0,"password":""}