{"id":"gen9doublesou-1991460114","p1":"MatheusHetero","p2":"xman4","format":"[Gen 9] Doubles OU","log":"|j|\u2606MatheusHetero\n|j|\u2606xman4\n|t:|1700079008\n|gametype|doubles\n|player|p1|MatheusHetero|sage|1107\n|player|p2|xman4|1|1000\n|teamsize|p1|6\n|teamsize|p2|6\n|gen|9\n|tier|[Gen 9] Doubles OU\n|rated|\n|rule|Species Clause: Limit one of each Pok\u00e9mon\n|rule|OHKO Clause: OHKO moves are banned\n|rule|Evasion Moves Clause: Evasion moves are banned\n|rule|Gravity Sleep Clause: The combination of sleep-inducing moves with imperfect accuracy and Gravity or Gigantamax Orbeetle are banned\n|rule|Endless Battle Clause: Forcing endless battles is banned\n|rule|HP Percentage Mod: HP is shown in percentages\n|clearpoke\n|poke|p1|Glimmora, F|\n|poke|p1|Ribombee, F|\n|poke|p1|Enamorus, F|\n|poke|p1|Clodsire, M|\n|poke|p1|Meowscarada, F|\n|poke|p1|Ting-Lu|\n|poke|p2|Ceruledge, M|\n|poke|p2|Quaquaval, M|\n|poke|p2|Gholdengo|\n|poke|p2|Oricorio-Sensu, M|\n|poke|p2|Volcarona, M|\n|poke|p2|Flutter Mane|\n|teampreview\n|inactive|Battle timer is ON: inactive players will automatically lose when time's up. (requested by MatheusHetero)\n|\n|t:|1700079018\n|start\n|switch|p1a: Glimmora|Glimmora, F, shiny|100\/100\n|switch|p1b: Ribombee|Ribombee, F, shiny|100\/100\n|switch|p2a: Volcarona|Volcarona, M|100\/100\n|switch|p2b: Oricorio|Oricorio-Sensu, M|100\/100\n|turn|1\n|\n|t:|1700079047\n|move|p1b: Ribombee|Sticky Web|p2b: Oricorio\n|-sidestart|p2: xman4|move: Sticky Web\n|move|p2a: Volcarona|Flamethrower|p1b: Ribombee\n|-supereffective|p1b: Ribombee\n|-damage|p1b: Ribombee|0 fnt\n|faint|p1b: Ribombee\n|-damage|p2a: Volcarona|91\/100|[from] item: Life Orb\n|move|p1a: Glimmora|Mortal Spin|p2a: Volcarona|[spread] p2a,p2b\n|-resisted|p2b: Oricorio\n|-damage|p2a: Volcarona|82\/100\n|-damage|p2b: Oricorio|97\/100\n|-status|p2a: Volcarona|psn\n|-status|p2b: Oricorio|psn\n|move|p2b: Oricorio|Quiver Dance|p2b: Oricorio\n|-boost|p2b: Oricorio|spa|1\n|-boost|p2b: Oricorio|spd|1\n|-boost|p2b: Oricorio|spe|1\n|\n|-heal|p2b: Oricorio|100\/100 psn|[from] item: Leftovers\n|-damage|p2b: Oricorio|88\/100 psn|[from] psn\n|-damage|p2a: Volcarona|70\/100 psn|[from] psn\n|upkeep\n|\n|t:|1700079065\n|switch|p1b: Clodsire|Clodsire, M|100\/100\n|turn|2\n|\n|t:|1700079093\n|move|p2b: Oricorio|Substitute|p2b: Oricorio\n|-start|p2b: Oricorio|Substitute\n|-damage|p2b: Oricorio|63\/100 psn\n|move|p2a: Volcarona|Leech Life|p1b: Clodsire\n|-resisted|p1b: Clodsire\n|-damage|p1b: Clodsire|85\/100\n|-heal|p2a: Volcarona|80\/100 psn|[from] drain|[of] p1b: Clodsire\n|-damage|p2a: Volcarona|70\/100 psn|[from] item: Life Orb\n|move|p1a: Glimmora|Stealth Rock|p2a: Volcarona\n|-sidestart|p2: xman4|move: Stealth Rock\n|move|p1b: Clodsire|High Horsepower|p2a: Volcarona\n|-damage|p2a: Volcarona|10\/100 psn\n|\n|-heal|p2b: Oricorio|70\/100 psn|[from] item: Leftovers\n|-heal|p1b: Clodsire|92\/100|[from] item: Leftovers\n|-damage|p2b: Oricorio|57\/100 psn|[from] psn\n|-damage|p2a: Volcarona|0 fnt|[from] psn\n|faint|p2a: Volcarona\n|upkeep\n|inactive|xman4 has 120 seconds left.\n|\n|t:|1700079116\n|switch|p2a: Quaquaval|Quaquaval, M|100\/100\n|-activate|p2a: Quaquaval|move: Sticky Web\n|-unboost|p2a: Quaquaval|spe|1\n|-damage|p2a: Quaquaval|94\/100|[from] Stealth Rock\n|turn|3\n|inactive|xman4 has 120 seconds left.\n|\n|t:|1700079131\n|move|p1b: Clodsire|Protect|p1b: Clodsire\n|-singleturn|p1b: Clodsire|Protect\n|move|p2b: Oricorio|Air Slash|p1b: Clodsire\n|-activate|p1b: Clodsire|move: Protect\n|move|p1a: Glimmora|Mortal Spin|p2a: Quaquaval|[spread] p2a,p2b\n|-resisted|p2b: Oricorio\n|-activate|p2b: Oricorio|move: Substitute|[damage]\n|-damage|p2a: Quaquaval|88\/100\n|-status|p2a: Quaquaval|psn\n|move|p2a: Quaquaval|Aqua Step|p1b: Clodsire\n|-activate|p1b: Clodsire|move: Protect\n|\n|-heal|p2b: Oricorio|63\/100 psn|[from] item: Leftovers\n|-heal|p1b: Clodsire|98\/100|[from] item: Leftovers\n|-damage|p2b: Oricorio|51\/100 psn|[from] psn\n|-damage|p2a: Quaquaval|76\/100 psn|[from] psn\n|upkeep\n|turn|4\n|\n|t:|1700079157\n|move|p2b: Oricorio|Air Slash|p1a: Glimmora\n|-resisted|p1a: Glimmora\n|-damage|p1a: Glimmora|62\/100\n|move|p1a: Glimmora|Earth Power|p2a: Quaquaval\n|-damage|p2a: Quaquaval|36\/100 psn\n|move|p2a: Quaquaval|Aqua Step|p1b: Clodsire\n|-heal|p1b: Clodsire|100\/100|[from] ability: Water Absorb|[of] p2a: Quaquaval\n|move|p1b: Clodsire|Sludge Bomb|p2a: Quaquaval\n|-damage|p2a: Quaquaval|11\/100 psn\n|\n|-heal|p2b: Oricorio|57\/100 psn|[from] item: Leftovers\n|-damage|p2b: Oricorio|45\/100 psn|[from] psn\n|-damage|p2a: Quaquaval|0 fnt|[from] psn\n|faint|p2a: Quaquaval\n|upkeep\n|inactive|xman4 has 120 seconds left.\n|\n|t:|1700079173\n|switch|p2a: Gholdengo|Gholdengo|100\/100\n|-damage|p2a: Gholdengo|94\/100|[from] Stealth Rock\n|-item|p2a: Gholdengo|Air Balloon\n|turn|5\n|\n|t:|1700079199\n|switch|p1b: Ting-Lu|Ting-Lu|100\/100\n|-ability|p1b: Ting-Lu|Vessel of Ruin\n|move|p1a: Glimmora|Spiky Shield|p1a: Glimmora\n|-singleturn|p1a: Glimmora|move: Protect\n|move|p2a: Gholdengo|Protect|p2a: Gholdengo\n|-singleturn|p2a: Gholdengo|Protect\n|move|p2b: Oricorio|Air Slash|p1b: Ting-Lu\n|-crit|p1b: Ting-Lu\n|-damage|p1b: Ting-Lu|51\/100\n|\n|-heal|p2b: Oricorio|51\/100 psn|[from] item: Leftovers\n|-damage|p2b: Oricorio|39\/100 psn|[from] psn\n|-status|p1b: Ting-Lu|brn|[from] item: Flame Orb\n|upkeep\n|turn|6\n|\n|t:|1700079225\n|move|p2b: Oricorio|Air Slash|p1b: Ting-Lu\n|-damage|p1b: Ting-Lu|17\/100 brn\n|move|p1a: Glimmora|Earth Power|p2b: Oricorio\n|-immune|p2b: Oricorio\n|move|p2a: Gholdengo|Make It Rain|p1a: Glimmora|[spread] p1a,p1b\n|-supereffective|p1a: Glimmora\n|-damage|p1a: Glimmora|0 fnt\n|-damage|p1b: Ting-Lu|0 fnt\n|-unboost|p2a: Gholdengo|spa|1\n|faint|p1a: Glimmora\n|faint|p1b: Ting-Lu\n|\n|-heal|p2b: Oricorio|45\/100 psn|[from] item: Leftovers\n|-damage|p2b: Oricorio|32\/100 psn|[from] psn\n|upkeep\n|inactive|MatheusHetero has 120 seconds left.\n|\n|t:|1700079237\n|switch|p1a: Meowscarada|Meowscarada, F, shiny|100\/100\n|switch|p1b: Enamorus|Enamorus, F, shiny|100\/100\n|turn|7\n|\n|t:|1700079263\n|-terastallize|p1b: Enamorus|Steel\n|move|p2b: Oricorio|Quiver Dance|p2b: Oricorio\n|-boost|p2b: Oricorio|spa|1\n|-boost|p2b: Oricorio|spd|1\n|-boost|p2b: Oricorio|spe|1\n|move|p1a: Meowscarada|Knock Off|p2a: Gholdengo\n|-supereffective|p2a: Gholdengo\n|-damage|p2a: Gholdengo|0 fnt\n|-enditem|p2a: Gholdengo|Air Balloon\n|faint|p2a: Gholdengo\n|move|p1b: Enamorus|Tailwind|p1b: Enamorus\n|-sidestart|p1: MatheusHetero|move: Tailwind\n|\n|-heal|p2b: Oricorio|39\/100 psn|[from] item: Leftovers\n|-damage|p2b: Oricorio|26\/100 psn|[from] psn\n|upkeep\n|inactive|xman4 has 120 seconds left.\n|\n|t:|1700079279\n|switch|p2a: Flutter Mane|Flutter Mane|100\/100\n|turn|8\n|\n|t:|1700079292\n|switch|p1b: Clodsire|Clodsire, M|100\/100\n|move|p1a: Meowscarada|Knock Off|p2a: Flutter Mane\n|-damage|p2a: Flutter Mane|14\/100\n|-enditem|p2a: Flutter Mane|Heavy-Duty Boots|[from] move: Knock Off|[of] p1a: Meowscarada\n|move|p2b: Oricorio|Air Slash|p1a: Meowscarada\n|-supereffective|p1a: Meowscarada\n|-damage|p1a: Meowscarada|0 fnt\n|faint|p1a: Meowscarada\n|move|p2a: Flutter Mane|Trick Room|p2a: Flutter Mane\n|-fieldstart|move: Trick Room|[of] p2a: Flutter Mane\n|\n|-heal|p2b: Oricorio|32\/100 psn|[from] item: Leftovers\n|-damage|p2b: Oricorio|20\/100 psn|[from] psn\n|upkeep\n|\n|t:|1700079306\n|switch|p1a: Enamorus|Enamorus, F, shiny, tera:Steel|100\/100\n|turn|9\n|inactive|xman4 has 120 seconds left.\n|\n|t:|1700079344\n|move|p1b: Clodsire|Protect|p1b: Clodsire\n|-singleturn|p1b: Clodsire|Protect\n|move|p2a: Flutter Mane|Moonblast|p1b: Clodsire\n|-activate|p1b: Clodsire|move: Protect\n|move|p1a: Enamorus|Moonblast|p2a: Flutter Mane\n|-damage|p2a: Flutter Mane|0 fnt\n|faint|p2a: Flutter Mane\n|-end|p2a: Flutter Mane|Protosynthesis|[silent]\n|move|p2b: Oricorio|Air Slash|p1b: Clodsire\n|-activate|p1b: Clodsire|move: Protect\n|\n|-heal|p2b: Oricorio|26\/100 psn|[from] item: Leftovers\n|-damage|p2b: Oricorio|14\/100 psn|[from] psn\n|upkeep\n|\n|t:|1700079357\n|switch|p2a: Ceruledge|Ceruledge, M|100\/100\n|-activate|p2a: Ceruledge|move: Sticky Web\n|-unboost|p2a: Ceruledge|spe|1\n|-damage|p2a: Ceruledge|76\/100|[from] Stealth Rock\n|turn|10\n|inactive|xman4 has 120 seconds left.\n|\n|t:|1700079387\n|move|p1b: Clodsire|Toxic|p2a: Ceruledge\n|-status|p2a: Ceruledge|tox\n|move|p2a: Ceruledge|Close Combat|p1b: Clodsire\n|-resisted|p1b: Clodsire\n|-damage|p1b: Clodsire|69\/100\n|-unboost|p2a: Ceruledge|def|1\n|-unboost|p2a: Ceruledge|spd|1\n|move|p1a: Enamorus|Moonblast|p2a: Ceruledge\n|-resisted|p2a: Ceruledge\n|-damage|p2a: Ceruledge|29\/100 tox\n|move|p2b: Oricorio|Air Slash|p1b: Clodsire\n|-damage|p1b: Clodsire|19\/100\n|\n|-heal|p1b: Clodsire|26\/100|[from] item: Leftovers\n|-heal|p2b: Oricorio|20\/100 psn|[from] item: Leftovers\n|-damage|p2a: Ceruledge|23\/100 tox|[from] psn\n|-damage|p2b: Oricorio|8\/100 psn|[from] psn\n|-sideend|p1: MatheusHetero|move: Tailwind\n|upkeep\n|turn|11\n|inactive|xman4 has 120 seconds left.\n|inactive|MatheusHetero has 120 seconds left.\n|\n|t:|1700079422\n|-terastallize|p2b: Oricorio|Normal\n|move|p2a: Ceruledge|Shadow Sneak|p1b: Clodsire\n|-damage|p1b: Clodsire|0 fnt\n|faint|p1b: Clodsire\n|move|p1a: Enamorus|Moonblast|p2b: Oricorio\n|-end|p2b: Oricorio|Substitute\n|move|p2b: Oricorio|Revelation Dance|p1a: Enamorus\n|-resisted|p1a: Enamorus\n|-damage|p1a: Enamorus|40\/100\n|\n|-heal|p2b: Oricorio|14\/100 psn|[from] item: Leftovers\n|-damage|p2a: Ceruledge|11\/100 tox|[from] psn\n|-damage|p2b: Oricorio|2\/100 psn|[from] psn\n|upkeep\n|turn|12\n|inactive|xman4 has 120 seconds left.\n|\n|t:|1700079445\n|move|p2a: Ceruledge|Shadow Sneak|p1a: Enamorus\n|-damage|p1a: Enamorus|3\/100\n|move|p1a: Enamorus|Superpower|p2b: Oricorio\n|-supereffective|p2b: Oricorio\n|-damage|p2b: Oricorio|0 fnt\n|-boost|p1a: Enamorus|atk|1\n|-boost|p1a: Enamorus|def|1\n|faint|p2b: Oricorio\n|\n|-damage|p2a: Ceruledge|0 fnt|[from] psn\n|faint|p2a: Ceruledge\n|\n|win|MatheusHetero\n|upkeep\n|raw|MatheusHetero's rating: 1107 &rarr; <strong>1125<\/strong><br \/>(+18 for winning)\n|raw|xman4's rating: 1000 &rarr; <strong>1000<\/strong><br \/>(+0 for losing)\n","uploadtime":1700079460,"views":18,"p1id":"matheushetero","p2id":"xman4","formatid":"gen9doublesou","rating":1000,"private":0,"password":""}