{"id":"gen9doublesou-1988176055","p1":"lolIwatchYT","p2":"matchacastella","format":"[Gen 9] Doubles OU","log":"|j|\u2606lolIwatchYT\n|j|\u2606matchacastella\n|t:|1699679842\n|gametype|doubles\n|player|p1|lolIwatchYT|169|1349\n|player|p2|matchacastella|266|1272\n|teamsize|p1|6\n|teamsize|p2|6\n|gen|9\n|tier|[Gen 9] Doubles OU\n|rated|\n|rule|Species Clause: Limit one of each Pok\u00e9mon\n|rule|OHKO Clause: OHKO moves are banned\n|rule|Evasion Moves Clause: Evasion moves are banned\n|rule|Gravity Sleep Clause: The combination of sleep-inducing moves with imperfect accuracy and Gravity or Gigantamax Orbeetle are banned\n|rule|Endless Battle Clause: Forcing endless battles is banned\n|rule|HP Percentage Mod: HP is shown in percentages\n|clearpoke\n|poke|p1|Azumarill, M|\n|poke|p1|Arcanine-Hisui, M|\n|poke|p1|Typhlosion-Hisui, F|\n|poke|p1|Gastrodon, M|\n|poke|p1|Tornadus, M|\n|poke|p1|Klefki, F|\n|poke|p2|Pelipper, F|\n|poke|p2|Drednaw, F|\n|poke|p2|Manaphy|\n|poke|p2|Volcanion|\n|poke|p2|Ting-Lu|\n|poke|p2|Landorus, M|\n|teampreview\n|\n|t:|1699679851\n|start\n|switch|p1a: Arcanine|Arcanine-Hisui, M|100\/100\n|switch|p1b: Typhlosion|Typhlosion-Hisui, F|100\/100\n|switch|p2a: Pelipper|Pelipper, F|100\/100\n|switch|p2b: Drednaw|Drednaw, F|100\/100\n|-item|p2a: Pelipper|Damp Rock|[from] ability: Frisk|[of] p1b: Typhlosion|[identify]\n|-item|p2b: Drednaw|Choice Band|[from] ability: Frisk|[of] p1b: Typhlosion|[identify]\n|-ability|p1a: Arcanine|Intimidate|boost\n|-unboost|p2a: Pelipper|atk|1\n|-unboost|p2b: Drednaw|atk|1\n|-item|p1a: Arcanine|Air Balloon\n|-weather|RainDance|[from] ability: Drizzle|[of] p2a: Pelipper\n|turn|1\n|\n|t:|1699679885\n|switch|p1b: Gastrodon|Gastrodon, M|100\/100\n|move|p2b: Drednaw|Liquidation|p1b: Gastrodon\n|-activate|p1b: Gastrodon|ability: Storm Drain\n|-ability|p1b: Gastrodon|Storm Drain|boost\n|-boost|p1b: Gastrodon|spa|1\n|move|p1a: Arcanine|Head Smash|p2a: Pelipper|[miss]\n|-miss|p1a: Arcanine|p2a: Pelipper\n|move|p2a: Pelipper|Tailwind|p2a: Pelipper\n|-sidestart|p2: matchacastella|move: Tailwind\n|\n|-weather|RainDance|[upkeep]\n|upkeep\n|turn|2\n|\n|t:|1699679925\n|switch|p2b: Landorus|Landorus, M|100\/100\n|move|p2a: Pelipper|Protect|p2a: Pelipper\n|-singleturn|p2a: Pelipper|Protect\n|move|p1a: Arcanine|Protect|p1a: Arcanine\n|-singleturn|p1a: Arcanine|Protect\n|move|p1b: Gastrodon|Muddy Water|p2b: Landorus|[spread] \n|-activate|p2a: Pelipper|move: Protect\n|-miss|p1b: Gastrodon|p2b: Landorus\n|\n|-weather|RainDance|[upkeep]\n|upkeep\n|turn|3\n|\n|t:|1699679958\n|move|p2b: Landorus|Sandsear Storm|p1a: Arcanine|[spread] p1b\n|-immune|p1a: Arcanine\n|-damage|p1b: Gastrodon|41\/100\n|move|p2a: Pelipper|Hurricane|p1b: Gastrodon\n|-damage|p1b: Gastrodon|7\/100\n|move|p1a: Arcanine|Head Smash|p2a: Pelipper\n|-supereffective|p2a: Pelipper\n|-damage|p2a: Pelipper|0 fnt\n|faint|p2a: Pelipper\n|-damage|p1a: Arcanine|57\/100|[from] Recoil\n|move|p1b: Gastrodon|Muddy Water|p2b: Landorus\n|-supereffective|p2b: Landorus\n|-damage|p2b: Landorus|0 fnt\n|faint|p2b: Landorus\n|\n|-weather|RainDance|[upkeep]\n|-heal|p1b: Gastrodon|13\/100|[from] item: Leftovers\n|upkeep\n|\n|t:|1699679988\n|switch|p2b: Volcanion|Volcanion|100\/100\n|switch|p2a: Manaphy|Manaphy|100\/100\n|turn|4\n|\n|t:|1699680003\n|switch|p1b: Klefki|Klefki, F|100\/100\n|-item|p1b: Klefki|Air Balloon\n|move|p2a: Manaphy|Tail Glow|p2a: Manaphy\n|-boost|p2a: Manaphy|spa|3\n|move|p2b: Volcanion|Earth Power|p1b: Klefki\n|-immune|p1b: Klefki\n|move|p1a: Arcanine|Head Smash|p2b: Volcanion\n|-supereffective|p2b: Volcanion\n|-damage|p2b: Volcanion|0 fnt\n|faint|p2b: Volcanion\n|-damage|p1a: Arcanine|8\/100|[from] Recoil\n|\n|-weather|RainDance|[upkeep]\n|-sideend|p2: matchacastella|move: Tailwind\n|upkeep\n|\n|t:|1699680027\n|switch|p2b: Drednaw|Drednaw, F|100\/100\n|turn|5\n|\n|t:|1699680063\n|move|p1b: Klefki|Light Screen|p1b: Klefki\n|-sidestart|p1: lolIwatchYT|move: Light Screen\n|move|p2b: Drednaw|Ice Spinner|p1b: Klefki\n|-resisted|p1b: Klefki\n|-damage|p1b: Klefki|79\/100\n|-enditem|p1b: Klefki|Air Balloon\n|move|p1a: Arcanine|Close Combat|p2b: Drednaw\n|-supereffective|p2b: Drednaw\n|-damage|p2b: Drednaw|28\/100\n|-unboost|p1a: Arcanine|def|1\n|-unboost|p1a: Arcanine|spd|1\n|move|p2a: Manaphy|Surf|p1b: Klefki|[spread] p2b,p1a,p1b\n|-supereffective|p1a: Arcanine\n|-damage|p2b: Drednaw|0 fnt\n|-damage|p1a: Arcanine|0 fnt\n|-damage|p1b: Klefki|0 fnt\n|-enditem|p1a: Arcanine|Air Balloon\n|faint|p2b: Drednaw\n|faint|p1a: Arcanine\n|faint|p1b: Klefki\n|\n|-weather|RainDance|[upkeep]\n|upkeep\n|\n|t:|1699680091\n|switch|p1a: Tornadus|Tornadus, M|100\/100\n|switch|p2b: Ting-Lu|Ting-Lu|100\/100\n|switch|p1b: Typhlosion|Typhlosion-Hisui, F|100\/100\n|-item|p2a: Manaphy|Leftovers|[from] ability: Frisk|[of] p1b: Typhlosion|[identify]\n|-item|p2b: Ting-Lu|Leftovers|[from] ability: Frisk|[of] p1b: Typhlosion|[identify]\n|-ability|p2b: Ting-Lu|Vessel of Ruin\n|turn|6\n|\n|t:|1699680135\n|move|p1b: Typhlosion|Protect|p1b: Typhlosion\n|-singleturn|p1b: Typhlosion|Protect\n|move|p1a: Tornadus|Tailwind|p1a: Tornadus\n|-sidestart|p1: lolIwatchYT|move: Tailwind\n|move|p2a: Manaphy|Tail Glow|p2a: Manaphy\n|-boost|p2a: Manaphy|spa|3\n|move|p2b: Ting-Lu|Throat Chop|p1b: Typhlosion\n|-activate|p1b: Typhlosion|move: Protect\n|\n|-weather|RainDance|[upkeep]\n|upkeep\n|turn|7\n|\n|t:|1699680187\n|switch|p1b: Gastrodon|Gastrodon, M|13\/100\n|move|p1a: Tornadus|Bleakwind Storm|p2b: Ting-Lu|[spread] p2a,p2b\n|-damage|p2a: Manaphy|76\/100\n|-damage|p2b: Ting-Lu|80\/100\n|-unboost|p2b: Ting-Lu|spe|1\n|move|p2a: Manaphy|Surf|p1a: Tornadus|[spread] p2b,p1a\n|-ability|p1b: Gastrodon|Storm Drain|boost\n|-boost|p1b: Gastrodon|spa|1\n|-supereffective|p2b: Ting-Lu\n|-damage|p2b: Ting-Lu|0 fnt\n|-damage|p1a: Tornadus|0 fnt\n|faint|p2b: Ting-Lu\n|faint|p1a: Tornadus\n|\n|-weather|RainDance|[upkeep]\n|-heal|p2a: Manaphy|82\/100|[from] item: Leftovers\n|-heal|p1b: Gastrodon|20\/100|[from] item: Leftovers\n|upkeep\n|c|\u2606lolIwatchYT|thx for taking  out your partner\n|\n|t:|1699680210\n|switch|p1a: Azumarill|Azumarill, M|100\/100\n|turn|8\n|c|\u2606matchacastella|its doomed anyway\n|\n|t:|1699680228\n|move|p1a: Azumarill|Play Rough|p2a: Manaphy\n|-damage|p2a: Manaphy|30\/100\n|move|p2a: Manaphy|Stored Power|p1a: Azumarill\n|-damage|p1a: Azumarill|0 fnt\n|faint|p1a: Azumarill\n|move|p1b: Gastrodon|Earth Power|p2a: Manaphy\n|-damage|p2a: Manaphy|0 fnt\n|faint|p2a: Manaphy\n|\n|win|lolIwatchYT\n|raw|lolIwatchYT's rating: 1349 &rarr; <strong>1365<\/strong><br \/>(+16 for winning)\n|raw|matchacastella's rating: 1272 &rarr; <strong>1252<\/strong><br \/>(-20 for losing)\n|l|\u2606matchacastella\n","uploadtime":1699680246,"views":5,"p1id":"loliwatchyt","p2id":"matchacastella","formatid":"gen9doublesou","rating":1252,"private":0,"password":""}