{"id":"gen9doublesou-1979392165","p1":"tongolele","p2":"Da1mon!","format":"[Gen 9] Doubles OU","log":"|j|\u2606tongolele\n|j|\u2606Da1mon!\n|t:|1698679044\n|gametype|doubles\n|player|p1|tongolele|170|1254\n|player|p2|Da1mon!|palmer|1351\n|teamsize|p1|6\n|teamsize|p2|6\n|gen|9\n|tier|[Gen 9] Doubles OU\n|rated|\n|rule|Species Clause: Limit one of each Pok\u00e9mon\n|rule|OHKO Clause: OHKO moves are banned\n|rule|Evasion Moves Clause: Evasion moves are banned\n|rule|Gravity Sleep Clause: The combination of sleep-inducing moves with imperfect accuracy and Gravity or Gigantamax Orbeetle are banned\n|rule|Endless Battle Clause: Forcing endless battles is banned\n|rule|HP Percentage Mod: HP is shown in percentages\n|clearpoke\n|poke|p1|Glimmora, M|\n|poke|p1|Gholdengo|\n|poke|p1|Grimmsnarl, M|\n|poke|p1|Gastrodon, F|\n|poke|p1|Goodra, M|\n|poke|p1|Orthworm, M|\n|poke|p2|Ursaluna-Bloodmoon, M|\n|poke|p2|Sinistcha-Masterpiece|\n|poke|p2|Goodra-Hisui, F|\n|poke|p2|Arcanine, F|\n|poke|p2|Iron Hands|\n|poke|p2|Chien-Pao|\n|teampreview\n|inactive|Battle timer is ON: inactive players will automatically lose when time's up. (requested by tongolele)\n|\n|t:|1698679050\n|start\n|switch|p1a: Grimmsnarl|Grimmsnarl, M|100\/100\n|switch|p1b: Glimmora|Glimmora, M|100\/100\n|switch|p2a: Ursaluna|Ursaluna-Bloodmoon, M|100\/100\n|switch|p2b: Iron Hands|Iron Hands|100\/100\n|turn|1\n|\n|t:|1698679071\n|move|p1b: Glimmora|Spiky Shield|p1b: Glimmora\n|-singleturn|p1b: Glimmora|move: Protect\n|move|p2b: Iron Hands|Fake Out|p1a: Grimmsnarl\n|-damage|p1a: Grimmsnarl|88\/100\n|cant|p1a: Grimmsnarl|flinch\n|move|p2a: Ursaluna|Blood Moon|p1a: Grimmsnarl\n|-damage|p1a: Grimmsnarl|0 fnt\n|faint|p1a: Grimmsnarl\n|-damage|p2a: Ursaluna|91\/100|[from] item: Life Orb\n|\n|upkeep\n|\n|t:|1698679085\n|switch|p1a: Gastrodon|Gastrodon, F|100\/100\n|turn|2\n|\n|t:|1698679096\n|-end|p2b: Iron Hands|Quark Drive|[silent]\n|switch|p2b: Sinistcha|Sinistcha-Masterpiece|100\/100\n|-heal|p2a: Ursaluna|100\/100|[from] ability: Hospitality|[of] p2b: Sinistcha\n|move|p2a: Ursaluna|Protect|p2a: Ursaluna\n|-singleturn|p2a: Ursaluna|Protect\n|move|p1b: Glimmora|Stealth Rock|p2a: Ursaluna\n|-sidestart|p2: Da1mon!|move: Stealth Rock\n|move|p1a: Gastrodon|Earth Power|p2b: Sinistcha\n|-resisted|p2b: Sinistcha\n|-damage|p2b: Sinistcha|87\/100\n|-unboost|p2b: Sinistcha|spd|1\n|\n|-heal|p2b: Sinistcha|93\/100|[from] item: Leftovers\n|upkeep\n|turn|3\n|\n|t:|1698679113\n|switch|p1b: Goodra|Goodra, M|100\/100\n|-terastallize|p1a: Gastrodon|Ice\n|move|p2b: Sinistcha|Matcha Gotcha|p1a: Gastrodon|[spread] p1a\n|-ability|p1b: Goodra|Sap Sipper|boost\n|-boost|p1b: Goodra|atk|1\n|-damage|p1a: Gastrodon|80\/100\n|-heal|p2b: Sinistcha|100\/100|[from] drain|[of] p1a: Gastrodon\n|move|p2a: Ursaluna|Earth Power|p1b: Goodra\n|-damage|p1b: Goodra|76\/100\n|-damage|p2a: Ursaluna|91\/100|[from] item: Life Orb\n|move|p1a: Gastrodon|Icy Wind|p2a: Ursaluna|[spread] p2a,p2b\n|-supereffective|p2a: Ursaluna\n|-supereffective|p2b: Sinistcha\n|-damage|p2a: Ursaluna|59\/100\n|-damage|p2b: Sinistcha|64\/100\n|-unboost|p2a: Ursaluna|spe|1\n|-unboost|p2b: Sinistcha|spe|1\n|\n|-heal|p2b: Sinistcha|70\/100|[from] item: Leftovers\n|upkeep\n|turn|4\n|\n|t:|1698679138\n|switch|p2b: Arcanine|Arcanine, F|100\/100\n|-damage|p2b: Arcanine|75\/100|[from] Stealth Rock\n|-ability|p2b: Arcanine|Intimidate|boost\n|-unboost|p1a: Gastrodon|atk|1\n|-unboost|p1b: Goodra|atk|1\n|move|p2a: Ursaluna|Vacuum Wave|p1a: Gastrodon\n|-supereffective|p1a: Gastrodon\n|-damage|p1a: Gastrodon|47\/100\n|-damage|p2a: Ursaluna|50\/100|[from] item: Life Orb\n|move|p1b: Goodra|Surf|p2a: Ursaluna|[spread] p2a,p2b\n|-ability|p1a: Gastrodon|Storm Drain|boost\n|-boost|p1a: Gastrodon|spa|1\n|-supereffective|p2a: Ursaluna\n|-supereffective|p2b: Arcanine\n|-damage|p2a: Ursaluna|14\/100\n|-damage|p2b: Arcanine|41\/100\n|-enditem|p2b: Arcanine|Sitrus Berry|[eat]\n|-heal|p2b: Arcanine|66\/100|[from] item: Sitrus Berry\n|move|p1a: Gastrodon|Icy Wind|p2b: Arcanine|[spread] p2a,p2b\n|-supereffective|p2a: Ursaluna\n|-resisted|p2b: Arcanine\n|-damage|p2a: Ursaluna|0 fnt\n|-damage|p2b: Arcanine|54\/100\n|-unboost|p2b: Arcanine|spe|1\n|faint|p2a: Ursaluna\n|\n|upkeep\n|inactive|Da1mon! has 120 seconds left.\n|\n|t:|1698679158\n|switch|p2a: Iron Hands|Iron Hands|100\/100\n|-damage|p2a: Iron Hands|94\/100|[from] Stealth Rock\n|turn|5\n|\n|t:|1698679167\n|move|p1a: Gastrodon|Protect|p1a: Gastrodon\n|-singleturn|p1a: Gastrodon|Protect\n|move|p2a: Iron Hands|Fake Out|p1b: Goodra\n|-damage|p1b: Goodra|56\/100\n|move|p2b: Arcanine|Flare Blitz|p1a: Gastrodon\n|-activate|p1a: Gastrodon|move: Protect\n|cant|p1b: Goodra|flinch\n|\n|upkeep\n|turn|6\n|\n|t:|1698679184\n|switch|p1a: Glimmora|Glimmora, M|100\/100\n|move|p2b: Arcanine|Snarl|p1a: Glimmora|[spread] p1a,p1b\n|-damage|p1a: Glimmora|91\/100\n|-damage|p1b: Goodra|53\/100\n|-unboost|p1a: Glimmora|spa|1\n|-unboost|p1b: Goodra|spa|1\n|move|p1b: Goodra|Thunderbolt|p2b: Arcanine\n|-damage|p2b: Arcanine|39\/100\n|move|p2a: Iron Hands|Close Combat|p1a: Glimmora\n|-damage|p1a: Glimmora|36\/100\n|-unboost|p2a: Iron Hands|def|1\n|-unboost|p2a: Iron Hands|spd|1\n|-damage|p2a: Iron Hands|78\/100|[from] item: Rocky Helmet|[of] p1a: Glimmora\n|-activate|p1a: Glimmora|ability: Toxic Debris\n|-sidestart|p2: Da1mon!|move: Toxic Spikes\n|\n|upkeep\n|turn|7\n|\n|t:|1698679203\n|move|p1a: Glimmora|Spiky Shield|p1a: Glimmora\n|-singleturn|p1a: Glimmora|move: Protect\n|move|p2b: Arcanine|Snarl|p1a: Glimmora|[spread] p1b\n|-activate|p1a: Glimmora|move: Protect\n|-damage|p1b: Goodra|50\/100\n|-unboost|p1b: Goodra|spa|1\n|move|p1b: Goodra|Surf|p2a: Iron Hands|[spread] p2a,p2b\n|-activate|p1a: Glimmora|move: Protect\n|-supereffective|p2b: Arcanine\n|-damage|p2a: Iron Hands|71\/100\n|-damage|p2b: Arcanine|22\/100\n|move|p2a: Iron Hands|Close Combat|p1b: Goodra\n|-damage|p1b: Goodra|0 fnt\n|-unboost|p2a: Iron Hands|def|1\n|-unboost|p2a: Iron Hands|spd|1\n|faint|p1b: Goodra\n|\n|upkeep\n|\n|t:|1698679221\n|switch|p1b: Gholdengo|Gholdengo|100\/100\n|turn|8\n|\n|t:|1698679241\n|move|p1b: Gholdengo|Make It Rain|p2b: Arcanine|[spread] p2a,p2b\n|-resisted|p2a: Iron Hands\n|-resisted|p2b: Arcanine\n|-damage|p2a: Iron Hands|45\/100\n|-damage|p2b: Arcanine|0 fnt\n|-unboost|p1b: Gholdengo|spa|1\n|faint|p2b: Arcanine\n|move|p1a: Glimmora|Earth Power|p2a: Iron Hands\n|-supereffective|p2a: Iron Hands\n|-damage|p2a: Iron Hands|10\/100\n|move|p2a: Iron Hands|Wild Charge|p1b: Gholdengo\n|-damage|p1b: Gholdengo|36\/100\n|-damage|p2a: Iron Hands|0 fnt|[from] Recoil\n|faint|p2a: Iron Hands\n|-end|p2a: Iron Hands|Quark Drive|[silent]\n|\n|upkeep\n|inactive|Da1mon! has 120 seconds left.\n|\n|t:|1698679262\n|switch|p2b: Goodra|Goodra-Hisui, F|100\/100\n|switch|p2a: Chien-Pao|Chien-Pao|100\/100\n|-damage|p2a: Chien-Pao|76\/100|[from] Stealth Rock\n|-status|p2a: Chien-Pao|psn\n|-ability|p2a: Chien-Pao|Sword of Ruin\n|-damage|p2b: Goodra|94\/100|[from] Stealth Rock\n|turn|9\n|\n|t:|1698679284\n|switch|p1b: Gastrodon|Gastrodon, F, tera:Ice|47\/100\n|move|p1a: Glimmora|Spiky Shield|p1a: Glimmora\n|-singleturn|p1a: Glimmora|move: Protect\n|move|p2b: Goodra|Protect|p2b: Goodra\n|-singleturn|p2b: Goodra|Protect\n|move|p2a: Chien-Pao|Sucker Punch||[still]\n|-fail|p2a: Chien-Pao\n|\n|-damage|p2a: Chien-Pao|63\/100 psn|[from] psn\n|upkeep\n|turn|10\n|\n|t:|1698679313\n|move|p1b: Gastrodon|Protect|p1b: Gastrodon\n|-singleturn|p1b: Gastrodon|Protect\n|move|p2a: Chien-Pao|Sacred Sword|p1b: Gastrodon\n|-activate|p1b: Gastrodon|move: Protect\n|move|p1a: Glimmora|Earth Power|p2a: Chien-Pao\n|-damage|p2a: Chien-Pao|37\/100 psn\n|move|p2b: Goodra|Heavy Slam|p1a: Glimmora\n|-supereffective|p1a: Glimmora\n|-damage|p1a: Glimmora|0 fnt\n|-damage|p2b: Goodra|78\/100|[from] item: Rocky Helmet|[of] p1a: Glimmora\n|-activate|p1a: Glimmora|ability: Toxic Debris\n|-sidestart|p2: Da1mon!|move: Toxic Spikes\n|faint|p1a: Glimmora\n|\n|-damage|p2a: Chien-Pao|24\/100 psn|[from] psn\n|upkeep\n|inactive|tongolele has 120 seconds left.\n|\n|t:|1698679336\n|switch|p1a: Gholdengo|Gholdengo|36\/100\n|turn|11\n|\n|t:|1698679348\n|move|p1a: Gholdengo|Trick|p2b: Goodra\n|-activate|p1a: Gholdengo|move: Trick|[of] p2b: Goodra\n|-item|p2b: Goodra|Choice Scarf|[from] move: Trick\n|-item|p1a: Gholdengo|Covert Cloak|[from] move: Trick\n|move|p2a: Chien-Pao|Sacred Sword|p1b: Gastrodon\n|-supereffective|p1b: Gastrodon\n|-damage|p1b: Gastrodon|0 fnt\n|faint|p1b: Gastrodon\n|move|p2b: Goodra|Curse|p2b: Goodra\n|-unboost|p2b: Goodra|spe|1\n|-boost|p2b: Goodra|atk|1\n|-boost|p2b: Goodra|def|1\n|\n|-damage|p2a: Chien-Pao|12\/100 psn|[from] psn\n|upkeep\n|inactive|tongolele has 120 seconds left.\n|\n|t:|1698679361\n|switch|p1b: Orthworm|Orthworm, M|100\/100\n|turn|12\n|inactive|tongolele has 120 seconds left.\n|inactive|Da1mon! has 120 seconds left.\n|\n|t:|1698679423\n|switch|p2b: Sinistcha|Sinistcha-Masterpiece|70\/100\n|-damage|p2b: Sinistcha|58\/100|[from] Stealth Rock\n|-status|p2b: Sinistcha|tox\n|-heal|p2a: Chien-Pao|37\/100 psn|[from] ability: Hospitality|[of] p2b: Sinistcha\n|move|p2a: Chien-Pao|Sacred Sword|p1b: Orthworm\n|-supereffective|p1b: Orthworm\n|-damage|p1b: Orthworm|53\/100\n|-enditem|p1b: Orthworm|Red Card|[of] p2a: Chien-Pao\n|drag|p2a: Goodra|Goodra-Hisui, F|78\/100\n|-damage|p2a: Goodra|72\/100|[from] Stealth Rock\n|move|p1a: Gholdengo|Thunder Wave||[still]\n|-fail|p1a: Gholdengo\n|move|p1b: Orthworm|Iron Defense|p1b: Orthworm\n|-boost|p1b: Orthworm|def|2\n|\n|-heal|p2b: Sinistcha|64\/100 tox|[from] item: Leftovers\n|-damage|p2b: Sinistcha|58\/100 tox|[from] psn\n|upkeep\n|turn|13\n|inactive|Da1mon! has 120 seconds left.\n|inactive|Da1mon! has 90 seconds left.\n|\n|t:|1698679470\n|-terastallize|p2b: Sinistcha|Water\n|move|p1a: Gholdengo|Shadow Ball|p2b: Sinistcha\n|-damage|p2b: Sinistcha|23\/100 tox\n|move|p2a: Goodra|Heavy Slam|p1a: Gholdengo\n|-resisted|p1a: Gholdengo\n|-damage|p1a: Gholdengo|11\/100\n|move|p2b: Sinistcha|Life Dew|p2b: Sinistcha|[spread] p2a,p2b\n|-heal|p2a: Goodra|97\/100\n|-heal|p2b: Sinistcha|47\/100 tox\n|move|p1b: Orthworm|Body Press|p2a: Goodra\n|-supereffective|p2a: Goodra\n|-damage|p2a: Goodra|5\/100\n|\n|-heal|p2b: Sinistcha|54\/100 tox|[from] item: Leftovers\n|-damage|p2b: Sinistcha|41\/100 tox|[from] psn\n|upkeep\n|turn|14\n|inactive|tongolele has 120 seconds left.\n|inactive|Da1mon! has 90 seconds left.\n|\n|t:|1698679498\n|move|p1a: Gholdengo|Shadow Ball|p2b: Sinistcha\n|-damage|p2b: Sinistcha|3\/100 tox\n|move|p2a: Goodra|Heavy Slam|p1a: Gholdengo\n|-resisted|p1a: Gholdengo\n|-damage|p1a: Gholdengo|0 fnt\n|faint|p1a: Gholdengo\n|move|p2b: Sinistcha|Life Dew|p2b: Sinistcha|[spread] p2a,p2b\n|-heal|p2a: Goodra|30\/100\n|-heal|p2b: Sinistcha|28\/100 tox\n|move|p1b: Orthworm|Earthquake|p2a: Goodra|[spread] p2a,p2b\n|-supereffective|p2a: Goodra\n|-damage|p2a: Goodra|8\/100\n|-damage|p2b: Sinistcha|14\/100 tox\n|\n|-heal|p2b: Sinistcha|20\/100 tox|[from] item: Leftovers\n|-damage|p2b: Sinistcha|2\/100 tox|[from] psn\n|upkeep\n|turn|15\n|inactive|tongolele has 120 seconds left.\n|\n|t:|1698679521\n|move|p1b: Orthworm|Protect|p1b: Orthworm\n|-singleturn|p1b: Orthworm|Protect\n|move|p2a: Goodra|Heavy Slam|p1b: Orthworm\n|-activate|p1b: Orthworm|move: Protect\n|move|p2b: Sinistcha|Matcha Gotcha|p1b: Orthworm\n|-activate|p1b: Orthworm|move: Protect\n|\n|-heal|p2b: Sinistcha|8\/100 tox|[from] item: Leftovers\n|-damage|p2b: Sinistcha|0 fnt|[from] psn\n|faint|p2b: Sinistcha\n|upkeep\n|\n|t:|1698679524\n|switch|p2b: Chien-Pao|Chien-Pao|37\/100 psn\n|-damage|p2b: Chien-Pao|12\/100 psn|[from] Stealth Rock\n|-ability|p2b: Chien-Pao|Sword of Ruin\n|turn|16\n|inactive|tongolele has 120 seconds left.\n|\n|t:|1698679539\n|move|p2b: Chien-Pao|Sacred Sword|p1b: Orthworm\n|-supereffective|p1b: Orthworm\n|-damage|p1b: Orthworm|6\/100\n|move|p2a: Goodra|Heavy Slam|p1b: Orthworm\n|-resisted|p1b: Orthworm\n|-crit|p1b: Orthworm\n|-damage|p1b: Orthworm|0 fnt\n|faint|p1b: Orthworm\n|\n|win|Da1mon!\n|raw|tongolele's rating: 1254 &rarr; <strong>1236<\/strong><br \/>(-18 for losing)\n|raw|Da1mon!'s rating: 1351 &rarr; <strong>1366<\/strong><br \/>(+15 for winning)\n","uploadtime":1698679553,"views":9,"p1id":"tongolele","p2id":"da1mon","formatid":"gen9doublesou","rating":1236,"private":0,"password":""}