{"id":"gen9doublesou-1983299842","p1":"TheVoid20th","p2":"KLCarter23","format":"[Gen 9] Doubles OU","log":"|j|\u2606TheVoid20th\n|j|\u2606KLCarter23\n|t:|1699115718\n|gametype|doubles\n|player|p1|TheVoid20th|2|1125\n|player|p2|KLCarter23|gambler|1014\n|teamsize|p1|6\n|teamsize|p2|6\n|gen|9\n|tier|[Gen 9] Doubles OU\n|rated|\n|rule|Species Clause: Limit one of each Pok\u00e9mon\n|rule|OHKO Clause: OHKO moves are banned\n|rule|Evasion Moves Clause: Evasion moves are banned\n|rule|Gravity Sleep Clause: The combination of sleep-inducing moves with imperfect accuracy and Gravity or Gigantamax Orbeetle are banned\n|rule|Endless Battle Clause: Forcing endless battles is banned\n|rule|HP Percentage Mod: HP is shown in percentages\n|clearpoke\n|poke|p1|Ursaluna-Bloodmoon, M|\n|poke|p1|Chien-Pao|\n|poke|p1|Iron Hands|\n|poke|p1|Sinistcha-Masterpiece|\n|poke|p1|Cresselia, F|\n|poke|p1|Landorus-Therian, M|\n|poke|p2|Dragonite, M|\n|poke|p2|Gliscor, F|\n|poke|p2|Infernape, M|\n|poke|p2|Tyranitar, M|\n|poke|p2|Cloyster, M|\n|poke|p2|Goodra-Hisui, F|\n|teampreview\n|inactive|Battle timer is ON: inactive players will automatically lose when time's up. (requested by KLCarter23)\n|\n|t:|1699115731\n|start\n|switch|p1a: Sinistcha|Sinistcha-Masterpiece|100\/100\n|switch|p1b: Landorus|Landorus-Therian, M|100\/100\n|switch|p2a: Dragonite|Dragonite, M|100\/100\n|switch|p2b: Goodra|Goodra-Hisui, F|100\/100\n|-ability|p1b: Landorus|Intimidate|boost\n|-unboost|p2a: Dragonite|atk|1\n|-unboost|p2b: Goodra|atk|1\n|turn|1\n|\n|t:|1699115747\n|move|p1b: Landorus|U-turn|p2a: Dragonite\n|-resisted|p2a: Dragonite\n|-damage|p2a: Dragonite|94\/100\n|\n|t:|1699115750\n|switch|p1b: Ursaluna|Ursaluna-Bloodmoon, M|100\/100|[from] U-turn\n|move|p2a: Dragonite|Hurricane|p1a: Sinistcha|[miss]\n|-miss|p2a: Dragonite|p1a: Sinistcha\n|move|p2b: Goodra|Ice Spinner|p1a: Sinistcha\n|-supereffective|p1a: Sinistcha\n|-damage|p1a: Sinistcha|84\/100\n|move|p1a: Sinistcha|Trick Room|p1a: Sinistcha\n|-fieldstart|move: Trick Room|[of] p1a: Sinistcha\n|\n|-heal|p2a: Dragonite|100\/100|[from] item: Leftovers\n|upkeep\n|turn|2\n|\n|t:|1699115773\n|-terastallize|p1a: Sinistcha|Fire\n|move|p1b: Ursaluna|Blood Moon|p2a: Dragonite\n|-damage|p2a: Dragonite|59\/100\n|move|p2b: Goodra|Ice Spinner|p1a: Sinistcha\n|-resisted|p1a: Sinistcha\n|-damage|p1a: Sinistcha|80\/100\n|move|p1a: Sinistcha|Matcha Gotcha|p2a: Dragonite|[spread] p2b\n|-miss|p1a: Sinistcha|p2a: Dragonite\n|-resisted|p2b: Goodra\n|-damage|p2b: Goodra|96\/100\n|-heal|p1a: Sinistcha|82\/100|[from] drain|[of] p2b: Goodra\n|move|p2a: Dragonite|Hurricane|p1a: Sinistcha\n|-damage|p1a: Sinistcha|34\/100\n|-enditem|p1a: Sinistcha|Sitrus Berry|[eat]\n|-heal|p1a: Sinistcha|59\/100|[from] item: Sitrus Berry\n|\n|-heal|p2b: Goodra|100\/100|[from] item: Leftovers\n|-heal|p2a: Dragonite|66\/100|[from] item: Leftovers\n|upkeep\n|turn|3\n|\n|t:|1699115790\n|move|p1b: Ursaluna|Calm Mind|p1b: Ursaluna\n|-boost|p1b: Ursaluna|spa|1\n|-boost|p1b: Ursaluna|spd|1\n|move|p2b: Goodra|Draco Meteor|p1a: Sinistcha\n|-damage|p1a: Sinistcha|0 fnt\n|-unboost|p2b: Goodra|spa|2\n|faint|p1a: Sinistcha\n|move|p2a: Dragonite|Draco Meteor|p1b: Ursaluna\n|-damage|p1b: Ursaluna|68\/100\n|-unboost|p2a: Dragonite|spa|2\n|\n|-heal|p1b: Ursaluna|74\/100|[from] item: Leftovers\n|-heal|p2a: Dragonite|72\/100|[from] item: Leftovers\n|upkeep\n|\n|t:|1699115792\n|switch|p1a: Cresselia|Cresselia, F|100\/100\n|turn|4\n|\n|t:|1699115801\n|move|p1b: Ursaluna|Blood Moon|p2b: Goodra\n|-resisted|p2b: Goodra\n|-damage|p2b: Goodra|63\/100\n|move|p2b: Goodra|Ice Spinner|p1b: Ursaluna\n|-supereffective|p1b: Ursaluna\n|-damage|p1b: Ursaluna|57\/100\n|move|p1a: Cresselia|Ice Beam|p2a: Dragonite\n|-supereffective|p2a: Dragonite\n|-damage|p2a: Dragonite|16\/100\n|move|p2a: Dragonite|Draco Meteor|p1b: Ursaluna\n|-damage|p1b: Ursaluna|40\/100\n|-unboost|p2a: Dragonite|spa|2\n|\n|-heal|p1b: Ursaluna|46\/100|[from] item: Leftovers\n|-heal|p2b: Goodra|69\/100|[from] item: Leftovers\n|-heal|p2a: Dragonite|23\/100|[from] item: Leftovers\n|upkeep\n|turn|5\n|\n|t:|1699115822\n|move|p1b: Ursaluna|Earth Power|p2a: Dragonite\n|-immune|p2a: Dragonite\n|move|p2b: Goodra|Draco Meteor|p1b: Ursaluna\n|-damage|p1b: Ursaluna|25\/100\n|-unboost|p2b: Goodra|spa|2\n|move|p1a: Cresselia|Lunar Blessing|p1a: Cresselia|[spread] p1a,p1b\n|-heal|p1b: Ursaluna|50\/100\n|move|p2a: Dragonite|Draco Meteor|p1b: Ursaluna\n|-damage|p1b: Ursaluna|37\/100\n|-unboost|p2a: Dragonite|spa|2\n|\n|-heal|p1b: Ursaluna|44\/100|[from] item: Leftovers\n|-heal|p2b: Goodra|75\/100|[from] item: Leftovers\n|-heal|p2a: Dragonite|29\/100|[from] item: Leftovers\n|-fieldend|move: Trick Room\n|upkeep\n|turn|6\n|\n|t:|1699115835\n|move|p2a: Dragonite|Tailwind|p2a: Dragonite\n|-sidestart|p2: KLCarter23|move: Tailwind\n|move|p2b: Goodra|Ice Spinner|p1b: Ursaluna\n|-supereffective|p1b: Ursaluna\n|-damage|p1b: Ursaluna|27\/100\n|move|p1a: Cresselia|Lunar Blessing|p1a: Cresselia|[spread] p1a,p1b\n|-heal|p1b: Ursaluna|52\/100\n|move|p1b: Ursaluna|Earth Power|p2b: Goodra\n|-supereffective|p2b: Goodra\n|-damage|p2b: Goodra|0 fnt\n|faint|p2b: Goodra\n|\n|-heal|p2a: Dragonite|35\/100|[from] item: Leftovers\n|-heal|p1b: Ursaluna|58\/100|[from] item: Leftovers\n|upkeep\n|\n|t:|1699115842\n|switch|p2b: Cloyster|Cloyster, M|100\/100\n|turn|7\n|\n|t:|1699115856\n|move|p2a: Dragonite|Draco Meteor|p1b: Ursaluna\n|-damage|p1b: Ursaluna|49\/100\n|move|p2b: Cloyster|Life Dew||[still]|[spread] p2a,p2b\n|-heal|p2a: Dragonite|60\/100\n|-fail|p2b: Cloyster|heal\n|move|p1a: Cresselia|Lunar Blessing|p1a: Cresselia|[spread] p1a,p1b\n|-heal|p1b: Ursaluna|74\/100\n|move|p1b: Ursaluna|Blood Moon|p2b: Cloyster\n|-damage|p2b: Cloyster|0 fnt\n|faint|p2b: Cloyster\n|\n|-heal|p2a: Dragonite|66\/100|[from] item: Leftovers\n|-heal|p1b: Ursaluna|80\/100|[from] item: Leftovers\n|upkeep\n|\n|t:|1699115861\n|switch|p2b: Gliscor|Gliscor, F, shiny|100\/100\n|turn|8\n|\n|t:|1699115876\n|move|p1b: Ursaluna|Protect|p1b: Ursaluna\n|-singleturn|p1b: Ursaluna|Protect\n|move|p2b: Gliscor|Crabhammer|p1b: Ursaluna\n|-activate|p1b: Ursaluna|move: Protect\n|move|p2a: Dragonite|Hurricane|p1a: Cresselia\n|-damage|p1a: Cresselia|96\/100\n|move|p1a: Cresselia|Trick Room|p1a: Cresselia\n|-fieldstart|move: Trick Room|[of] p1a: Cresselia\n|\n|-heal|p1b: Ursaluna|86\/100|[from] item: Leftovers\n|-heal|p2a: Dragonite|73\/100|[from] item: Leftovers\n|-status|p2b: Gliscor|tox|[from] item: Toxic Orb\n|upkeep\n|turn|9\n|\n|t:|1699115896\n|switch|p2a: Infernape|Infernape, M|100\/100\n|move|p1a: Cresselia|Helping Hand|p1b: Ursaluna\n|-singleturn|p1b: Ursaluna|Helping Hand|[of] p1a: Cresselia\n|move|p1b: Ursaluna|Blood Moon|p2b: Gliscor\n|-damage|p2b: Gliscor|0 fnt\n|faint|p2b: Gliscor\n|\n|-heal|p1b: Ursaluna|92\/100|[from] item: Leftovers\n|-sideend|p2: KLCarter23|move: Tailwind\n|upkeep\n|\n|t:|1699115908\n|switch|p2b: Tyranitar|Tyranitar, M|100\/100\n|-weather|Sandstorm|[from] ability: Sand Stream|[of] p2b: Tyranitar\n|turn|10\n|c|\u2606KLCarter23|good team\n|\n|t:|1699115926\n|move|p1a: Cresselia|Helping Hand|p1b: Ursaluna\n|-singleturn|p1b: Ursaluna|Helping Hand|[of] p1a: Cresselia\n|move|p1b: Ursaluna|Earth Power|p2a: Infernape\n|-supereffective|p2a: Infernape\n|-damage|p2a: Infernape|0 fnt\n|faint|p2a: Infernape\n|move|p2b: Tyranitar|Icy Wind|p1a: Cresselia|[spread] p1a,p1b\n|-supereffective|p1b: Ursaluna\n|-damage|p1a: Cresselia|92\/100\n|-damage|p1b: Ursaluna|79\/100\n|-unboost|p1a: Cresselia|spe|1\n|-unboost|p1b: Ursaluna|spe|1\n|\n|-weather|Sandstorm|[upkeep]\n|-heal|p1b: Ursaluna|85\/100|[from] item: Leftovers\n|upkeep\n|\n|t:|1699115938\n|switch|p2a: Dragonite|Dragonite, M|73\/100\n|turn|11\n|\n|t:|1699115948\n|move|p1b: Ursaluna|Blood Moon|p2b: Tyranitar\n|-resisted|p2b: Tyranitar\n|-damage|p2b: Tyranitar|80\/100\n|move|p1a: Cresselia|Ice Beam|p2a: Dragonite\n|-supereffective|p2a: Dragonite\n|-damage|p2a: Dragonite|12\/100\n|move|p2b: Tyranitar|Icy Wind|p1a: Cresselia|[spread] p1a,p1b\n|-supereffective|p1b: Ursaluna\n|-damage|p1a: Cresselia|88\/100\n|-damage|p1b: Ursaluna|71\/100\n|-unboost|p1a: Cresselia|spe|1\n|-unboost|p1b: Ursaluna|spe|1\n|move|p2a: Dragonite|Draco Meteor|p1a: Cresselia\n|-damage|p1a: Cresselia|66\/100\n|-unboost|p2a: Dragonite|spa|2\n|\n|-weather|Sandstorm|[upkeep]\n|-damage|p2a: Dragonite|6\/100|[from] Sandstorm\n|-heal|p1b: Ursaluna|77\/100|[from] item: Leftovers\n|-heal|p2a: Dragonite|12\/100|[from] item: Leftovers\n|upkeep\n|turn|12\n|\n|t:|1699115971\n|move|p1b: Ursaluna|Protect|p1b: Ursaluna\n|-singleturn|p1b: Ursaluna|Protect\n|move|p1a: Cresselia|Lunar Blessing|p1a: Cresselia|[spread] p1a,p1b\n|-heal|p1a: Cresselia|91\/100\n|-heal|p1b: Ursaluna|100\/100\n|move|p2b: Tyranitar|Dark Pulse|p1a: Cresselia\n|-supereffective|p1a: Cresselia\n|-damage|p1a: Cresselia|65\/100\n|move|p2a: Dragonite|Hurricane|p1b: Ursaluna\n|-activate|p1b: Ursaluna|move: Protect\n|\n|-weather|Sandstorm|[upkeep]\n|-damage|p2a: Dragonite|6\/100|[from] Sandstorm\n|-heal|p2a: Dragonite|12\/100|[from] item: Leftovers\n|-fieldend|move: Trick Room\n|upkeep\n|turn|13\n|inactive|KLCarter23 has 120 seconds left.\n|\n|t:|1699116008\n|-terastallize|p2b: Tyranitar|Rock\n|move|p2a: Dragonite|Draco Meteor|p1a: Cresselia\n|-damage|p1a: Cresselia|55\/100\n|-unboost|p2a: Dragonite|spa|2\n|move|p2b: Tyranitar|Icy Wind|p1b: Ursaluna|[spread] p1a,p1b\n|-supereffective|p1b: Ursaluna\n|-damage|p1a: Cresselia|50\/100\n|-damage|p1b: Ursaluna|86\/100\n|-unboost|p1a: Cresselia|spe|1\n|-unboost|p1b: Ursaluna|spe|1\n|move|p1b: Ursaluna|Blood Moon|p2a: Dragonite\n|-damage|p2a: Dragonite|0 fnt\n|faint|p2a: Dragonite\n|move|p1a: Cresselia|Trick Room|p1a: Cresselia\n|-fieldstart|move: Trick Room|[of] p1a: Cresselia\n|\n|-weather|Sandstorm|[upkeep]\n|-heal|p1b: Ursaluna|92\/100|[from] item: Leftovers\n|upkeep\n|turn|14\n|\n|t:|1699116020\n|move|p1b: Ursaluna|Earth Power|p2b: Tyranitar\n|-supereffective|p2b: Tyranitar\n|-damage|p2b: Tyranitar|23\/100\n|move|p1a: Cresselia|Ice Beam|p2b: Tyranitar\n|-damage|p2b: Tyranitar|17\/100\n|move|p2b: Tyranitar|Icy Wind|p1b: Ursaluna|[spread] p1a,p1b\n|-crit|p1a: Cresselia\n|-supereffective|p1b: Ursaluna\n|-damage|p1a: Cresselia|44\/100\n|-damage|p1b: Ursaluna|78\/100\n|-unboost|p1a: Cresselia|spe|1\n|-unboost|p1b: Ursaluna|spe|1\n|\n|-weather|none\n|-heal|p1b: Ursaluna|84\/100|[from] item: Leftovers\n|upkeep\n|turn|15\n|\n|t:|1699116029\n|move|p1a: Cresselia|Helping Hand|p1b: Ursaluna\n|-singleturn|p1b: Ursaluna|Helping Hand|[of] p1a: Cresselia\n|move|p1b: Ursaluna|Earth Power|p2b: Tyranitar\n|-supereffective|p2b: Tyranitar\n|-crit|p2b: Tyranitar\n|-damage|p2b: Tyranitar|0 fnt\n|faint|p2b: Tyranitar\n|\n|win|TheVoid20th\n|raw|TheVoid20th's rating: 1125 &rarr; <strong>1142<\/strong><br \/>(+17 for winning)\n|raw|KLCarter23's rating: 1014 &rarr; <strong>1006<\/strong><br \/>(-8 for losing)\n|l|\u2606KLCarter23\n","uploadtime":1699116043,"views":14,"p1id":"thevoid20th","p2id":"klcarter23","formatid":"gen9doublesou","rating":1006,"private":0,"password":""}