{"id":"gen9doublesou-1968028535","p1":"YELL GRUNT 40","p2":"sngm1105","format":"[Gen 9] Doubles OU","log":"|html|<div class=\"broadcast-blue\"><strong>[Gen 9] Doubles OU is currently suspecting Basculegion & Flutter Mane! For information on how to participate check out the <a href=\"https:\/\/www.smogon.com\/forums\/threads\/np-sv-dou-stage-8-double-trouble.3729153\/\">suspect thread<\/a>.<\/strong><\/div>\n|j|\u2606YELL GRUNT 40\n|j|\u2606sngm1105\n|t:|1697376204\n|gametype|doubles\n|player|p1|YELL GRUNT 40|guitarist|1200\n|player|p2|sngm1105|dawn-gen4pt|1271\n|teamsize|p1|6\n|teamsize|p2|6\n|gen|9\n|tier|[Gen 9] Doubles OU\n|rated|\n|rule|Species Clause: Limit one of each Pok\u00e9mon\n|rule|OHKO Clause: OHKO moves are banned\n|rule|Evasion Moves Clause: Evasion moves are banned\n|rule|Gravity Sleep Clause: The combination of sleep-inducing moves with imperfect accuracy and Gravity or Gigantamax Orbeetle are banned\n|rule|Endless Battle Clause: Forcing endless battles is banned\n|rule|HP Percentage Mod: HP is shown in percentages\n|clearpoke\n|poke|p1|Iron Hands|\n|poke|p1|Sinistcha-Masterpiece|\n|poke|p1|Glimmora, F|\n|poke|p1|Diancie|\n|poke|p1|Illumise, F|\n|poke|p1|Great Tusk|\n|poke|p2|Sinistcha-Masterpiece|\n|poke|p2|Tornadus, M|\n|poke|p2|Gyarados, M|\n|poke|p2|Chi-Yu|\n|poke|p2|Flutter Mane|\n|poke|p2|Iron Hands|\n|teampreview\n|inactive|Battle timer is ON: inactive players will automatically lose when time's up. (requested by YELL GRUNT 40)\n|\n|t:|1697376226\n|start\n|switch|p1a: Iron Hands|Iron Hands|100\/100\n|switch|p1b: Glimmora|Glimmora, F|100\/100\n|switch|p2a: Chi-Yu|Chi-Yu|100\/100\n|switch|p2b: Flutter Mane|Flutter Mane|100\/100\n|-ability|p2a: Chi-Yu|Beads of Ruin\n|-enditem|p2b: Flutter Mane|Booster Energy\n|-activate|p2b: Flutter Mane|ability: Protosynthesis|[fromitem]\n|-start|p2b: Flutter Mane|protosynthesisspe\n|-enditem|p1a: Iron Hands|Booster Energy\n|-activate|p1a: Iron Hands|ability: Quark Drive|[fromitem]\n|-start|p1a: Iron Hands|quarkdriveatk\n|turn|1\n|inactive|sngm1105 has 120 seconds left.\n|\n|t:|1697376257\n|move|p2a: Chi-Yu|Protect|p2a: Chi-Yu\n|-singleturn|p2a: Chi-Yu|Protect\n|move|p1a: Iron Hands|Fake Out|p2a: Chi-Yu\n|-activate|p2a: Chi-Yu|move: Protect\n|move|p2b: Flutter Mane|Taunt|p1b: Glimmora\n|-start|p1b: Glimmora|move: Taunt\n|move|p1b: Glimmora|Mortal Spin|p2b: Flutter Mane|[spread] p2b\n|-activate|p2a: Chi-Yu|move: Protect\n|-damage|p2b: Flutter Mane|93\/100\n|-status|p2b: Flutter Mane|psn\n|\n|-damage|p2b: Flutter Mane|80\/100 psn|[from] psn\n|upkeep\n|turn|2\n|\n|t:|1697376278\n|-end|p1a: Iron Hands|Quark Drive|[silent]\n|switch|p1a: Illumise|Illumise, F|100\/100\n|move|p2b: Flutter Mane|Dazzling Gleam|p1a: Illumise|[spread] p1a,p1b\n|-resisted|p1b: Glimmora\n|-crit|p1b: Glimmora\n|-damage|p1a: Illumise|60\/100\n|-damage|p1b: Glimmora|67\/100\n|move|p2a: Chi-Yu|Heat Wave|p1b: Glimmora|[spread] p1b\n|-miss|p2a: Chi-Yu|p1a: Illumise\n|-resisted|p1b: Glimmora\n|-damage|p1b: Glimmora|31\/100\n|-damage|p2a: Chi-Yu|91\/100|[from] item: Life Orb\n|move|p1b: Glimmora|Mortal Spin|p2a: Chi-Yu|[spread] p2a,p2b\n|-damage|p2a: Chi-Yu|83\/100\n|-damage|p2b: Flutter Mane|73\/100 psn\n|-status|p2a: Chi-Yu|psn\n|\n|-damage|p2b: Flutter Mane|60\/100 psn|[from] psn\n|-damage|p2a: Chi-Yu|71\/100 psn|[from] psn\n|upkeep\n|turn|3\n|\n|t:|1697376300\n|move|p1a: Illumise|Light Screen|p1a: Illumise\n|-sidestart|p1: YELL GRUNT 40|move: Light Screen\n|move|p2b: Flutter Mane|Dazzling Gleam|p1a: Illumise|[spread] p1a,p1b\n|-resisted|p1b: Glimmora\n|-damage|p1a: Illumise|36\/100\n|-damage|p1b: Glimmora|15\/100\n|move|p2a: Chi-Yu|Heat Wave|p1a: Illumise|[spread] p1a,p1b\n|-supereffective|p1a: Illumise\n|-resisted|p1b: Glimmora\n|-damage|p1a: Illumise|0 fnt\n|-damage|p1b: Glimmora|0 fnt\n|faint|p1a: Illumise\n|faint|p1b: Glimmora\n|-damage|p2a: Chi-Yu|61\/100 psn|[from] item: Life Orb\n|\n|-damage|p2b: Flutter Mane|48\/100 psn|[from] psn\n|-damage|p2a: Chi-Yu|49\/100 psn|[from] psn\n|upkeep\n|inactive|YELL GRUNT 40 has 120 seconds left.\n|\n|t:|1697376323\n|switch|p1b: Sinistcha|Sinistcha-Masterpiece, shiny|100\/100\n|switch|p1a: Diancie|Diancie|100\/100\n|turn|4\n|\n|t:|1697376341\n|-end|p2b: Flutter Mane|Protosynthesis|[silent]\n|switch|p2b: Iron Hands|Iron Hands|100\/100\n|-terastallize|p2a: Chi-Yu|Grass\n|-terastallize|p1b: Sinistcha|Water\n|move|p2a: Chi-Yu|Dark Pulse|p1b: Sinistcha\n|-damage|p1b: Sinistcha|58\/100\n|-damage|p2a: Chi-Yu|39\/100 psn|[from] item: Life Orb\n|move|p1b: Sinistcha|Life Dew||[still]|[spread] p1a,p1b\n|-fail|p1a: Diancie|heal\n|-heal|p1b: Sinistcha|83\/100\n|move|p1a: Diancie|Diamond Storm|p2b: Iron Hands|[spread] p2a,p2b\n|-resisted|p2b: Iron Hands\n|-damage|p2a: Chi-Yu|0 fnt\n|-damage|p2b: Iron Hands|93\/100\n|-boost|p1a: Diancie|def|2\n|faint|p2a: Chi-Yu\n|\n|-heal|p1b: Sinistcha|89\/100|[from] item: Leftovers\n|upkeep\n|\n|t:|1697376359\n|switch|p2a: Sinistcha|Sinistcha-Masterpiece|100\/100\n|-heal|p2b: Iron Hands|100\/100|[from] ability: Hospitality|[of] p2a: Sinistcha\n|turn|5\n|\n|t:|1697376381\n|move|p2b: Iron Hands|Fake Out|p1a: Diancie\n|-resisted|p1a: Diancie\n|-damage|p1a: Diancie|99\/100\n|move|p2a: Sinistcha|Calm Mind|p2a: Sinistcha\n|-boost|p2a: Sinistcha|spa|1\n|-boost|p2a: Sinistcha|spd|1\n|move|p1b: Sinistcha|Matcha Gotcha|p2a: Sinistcha|[spread] p2b\n|-miss|p1b: Sinistcha|p2a: Sinistcha\n|-damage|p2b: Iron Hands|88\/100\n|-heal|p1b: Sinistcha|99\/100|[from] drain|[of] p2b: Iron Hands\n|cant|p1a: Diancie|flinch\n|\n|-heal|p1b: Sinistcha|100\/100|[from] item: Leftovers\n|upkeep\n|turn|6\n|\n|t:|1697376399\n|move|p2a: Sinistcha|Matcha Gotcha|p1a: Diancie|[spread] p1a\n|-miss|p2a: Sinistcha|p1b: Sinistcha\n|-supereffective|p1a: Diancie\n|-damage|p1a: Diancie|53\/100\n|move|p1b: Sinistcha|Matcha Gotcha|p2b: Iron Hands|[spread] \n|-miss|p1b: Sinistcha|p2a: Sinistcha\n|-miss|p1b: Sinistcha|p2b: Iron Hands\n|move|p2b: Iron Hands|Ice Punch|p1a: Diancie\n|-damage|p1a: Diancie|45\/100\n|move|p1a: Diancie|Diamond Storm|p2a: Sinistcha|[spread] p2a,p2b\n|-resisted|p2b: Iron Hands\n|-damage|p2a: Sinistcha|83\/100\n|-damage|p2b: Iron Hands|79\/100\n|-boost|p1a: Diancie|def|2\n|\n|upkeep\n|turn|7\n|\n|t:|1697376426\n|move|p2a: Sinistcha|Matcha Gotcha|p1b: Sinistcha|[spread] p1a,p1b\n|-supereffective|p1a: Diancie\n|-supereffective|p1b: Sinistcha\n|-damage|p1a: Diancie|1\/100\n|-heal|p2a: Sinistcha|100\/100|[from] drain|[of] p1a: Diancie\n|-damage|p1b: Sinistcha|58\/100\n|-enditem|p1a: Diancie|Salac Berry|[eat]\n|-boost|p1a: Diancie|spe|1|[from] item: Salac Berry\n|move|p1a: Diancie|Psychic|p2a: Sinistcha\n|-damage|p2a: Sinistcha|85\/100\n|move|p1b: Sinistcha|Life Dew|p1b: Sinistcha|[spread] p1a,p1b\n|-heal|p1a: Diancie|26\/100\n|-heal|p1b: Sinistcha|83\/100\n|move|p2b: Iron Hands|Wild Charge|p1b: Sinistcha\n|-supereffective|p1b: Sinistcha\n|-damage|p1b: Sinistcha|0 fnt\n|faint|p1b: Sinistcha\n|-damage|p2b: Iron Hands|67\/100|[from] Recoil\n|\n|-sideend|p1: YELL GRUNT 40|move: Light Screen\n|upkeep\n|\n|t:|1697376441\n|switch|p1b: Great Tusk|Great Tusk|100\/100\n|-enditem|p1b: Great Tusk|Booster Energy\n|-activate|p1b: Great Tusk|ability: Protosynthesis|[fromitem]\n|-start|p1b: Great Tusk|protosynthesisatk\n|turn|8\n|\n|t:|1697376454\n|-end|p2b: Iron Hands|Quark Drive|[silent]\n|switch|p2b: Gyarados|Gyarados, M|100\/100\n|-ability|p2b: Gyarados|Intimidate|boost\n|-fail|p1a: Diancie|unboost|[from] ability: Clear Body|[of] p1a: Diancie\n|-unboost|p1b: Great Tusk|atk|1\n|move|p1b: Great Tusk|Knock Off|p2a: Sinistcha\n|-supereffective|p2a: Sinistcha\n|-damage|p2a: Sinistcha|45\/100\n|-damage|p1b: Great Tusk|84\/100|[from] item: Rocky Helmet|[of] p2a: Sinistcha\n|-enditem|p2a: Sinistcha|Rocky Helmet|[from] move: Knock Off|[of] p1b: Great Tusk\n|move|p1a: Diancie|Psychic|p2b: Gyarados\n|-damage|p2b: Gyarados|80\/100\n|move|p2a: Sinistcha|Matcha Gotcha|p1a: Diancie|[spread] p1b\n|-miss|p2a: Sinistcha|p1a: Diancie\n|-supereffective|p1b: Great Tusk\n|-damage|p1b: Great Tusk|0 fnt\n|-heal|p2a: Sinistcha|92\/100|[from] drain|[of] p1b: Great Tusk\n|faint|p1b: Great Tusk\n|-end|p1b: Great Tusk|Protosynthesis|[silent]\n|\n|upkeep\n|\n|t:|1697376463\n|switch|p1b: Iron Hands|Iron Hands|100\/100\n|turn|9\n|\n|t:|1697376485\n|move|p2b: Gyarados|Protect|p2b: Gyarados\n|-singleturn|p2b: Gyarados|Protect\n|move|p1b: Iron Hands|Fake Out|p2b: Gyarados\n|-activate|p2b: Gyarados|move: Protect\n|move|p1a: Diancie|Diamond Storm|p2a: Sinistcha|[spread] p2a\n|-activate|p2b: Gyarados|move: Protect\n|-damage|p2a: Sinistcha|73\/100\n|move|p2a: Sinistcha|Matcha Gotcha|p1a: Diancie|[spread] p1a,p1b\n|-supereffective|p1a: Diancie\n|-crit|p1b: Iron Hands\n|-damage|p1a: Diancie|0 fnt\n|-heal|p2a: Sinistcha|84\/100|[from] drain|[of] p1a: Diancie\n|-damage|p1b: Iron Hands|61\/100\n|-heal|p2a: Sinistcha|100\/100|[from] drain|[of] p1b: Iron Hands\n|faint|p1a: Diancie\n|\n|upkeep\n|turn|10\n|c|\u2606YELL GRUNT 40|gg\n|\n|t:|1697376506\n|move|p2b: Gyarados|Waterfall|p1b: Iron Hands\n|-damage|p1b: Iron Hands|37\/100\n|move|p2a: Sinistcha|Matcha Gotcha|p1b: Iron Hands\n|-damage|p1b: Iron Hands|5\/100\n|move|p1b: Iron Hands|Ice Punch|p2a: Sinistcha\n|-supereffective|p2a: Sinistcha\n|-damage|p2a: Sinistcha|69\/100\n|\n|upkeep\n|turn|11\n|\n|t:|1697376515\n|move|p2b: Gyarados|Waterfall|p1b: Iron Hands\n|-damage|p1b: Iron Hands|0 fnt\n|faint|p1b: Iron Hands\n|-end|p1b: Iron Hands|Quark Drive|[silent]\n|\n|win|sngm1105\n|raw|YELL GRUNT 40's rating: 1200 &rarr; <strong>1180<\/strong><br \/>(-20 for losing)\n|raw|sngm1105's rating: 1271 &rarr; <strong>1291<\/strong><br \/>(+20 for winning)\n|l|\u2606YELL GRUNT 40\n|l|\u2606sngm1105\n","uploadtime":1697376542,"views":18,"p1id":"yellgrunt40","p2id":"sngm1105","formatid":"gen9doublesou","rating":1180,"private":0,"password":""}