{"id":"gen9doublesou-1979653305","p1":"IAMAGUYPROBABLY","p2":"Artemis Vera","format":"[Gen 9] Doubles OU","log":"|j|\u2606IAMAGUYPROBABLY\n|j|\u2606Artemis Vera\n|t:|1698700188\n|gametype|doubles\n|player|p1|IAMAGUYPROBABLY|cynthia-gen4|1313\n|player|p2|Artemis Vera|giovanni|1213\n|teamsize|p1|6\n|teamsize|p2|6\n|gen|9\n|tier|[Gen 9] Doubles OU\n|rated|\n|rule|Species Clause: Limit one of each Pok\u00e9mon\n|rule|OHKO Clause: OHKO moves are banned\n|rule|Evasion Moves Clause: Evasion moves are banned\n|rule|Gravity Sleep Clause: The combination of sleep-inducing moves with imperfect accuracy and Gravity or Gigantamax Orbeetle are banned\n|rule|Endless Battle Clause: Forcing endless battles is banned\n|rule|HP Percentage Mod: HP is shown in percentages\n|clearpoke\n|poke|p1|Indeedee-F, F|\n|poke|p1|Armarouge, F|\n|poke|p1|Iron Hands|\n|poke|p1|Iron Bundle|\n|poke|p1|Hatterene, F|\n|poke|p1|Amoonguss, F|\n|poke|p2|Farigiraf, F|\n|poke|p2|Kingambit, F|\n|poke|p2|Rabsca, F|\n|poke|p2|Sinistcha|\n|poke|p2|Gastrodon-East, F|\n|poke|p2|Coalossal, M|\n|teampreview\n|inactive|Battle timer is ON: inactive players will automatically lose when time's up. (requested by Artemis Vera)\n|\n|t:|1698700198\n|start\n|switch|p1a: Armarouge|Armarouge, F|100\/100\n|switch|p1b: Indeedee|Indeedee-F, F|100\/100\n|switch|p2a: Farigiraf|Farigiraf, F|100\/100\n|switch|p2b: Gastrodon|Gastrodon-East, F|100\/100\n|-fieldstart|move: Psychic Terrain|[from] ability: Psychic Surge|[of] p1b: Indeedee\n|-enditem|p1b: Indeedee|Psychic Seed\n|-boost|p1b: Indeedee|spd|1|[from] item: Psychic Seed\n|turn|1\n|\n|t:|1698700220\n|-terastallize|p1b: Indeedee|Fairy\n|move|p1b: Indeedee|Follow Me|p1b: Indeedee\n|-singleturn|p1b: Indeedee|move: Follow Me\n|move|p2b: Gastrodon|Earth Power|p1b: Indeedee\n|-damage|p1b: Indeedee|81\/100\n|move|p2a: Farigiraf|Trick Room|p2a: Farigiraf\n|-fieldstart|move: Trick Room|[of] p2a: Farigiraf\n|move|p1a: Armarouge|Trick Room|p1a: Armarouge\n|-fieldend|move: Trick Room\n|\n|upkeep\n|turn|2\n|\n|t:|1698700241\n|move|p1b: Indeedee|Helping Hand|p1a: Armarouge\n|-singleturn|p1a: Armarouge|Helping Hand|[of] p1b: Indeedee\n|move|p2a: Farigiraf|Calm Mind|p2a: Farigiraf\n|-boost|p2a: Farigiraf|spa|1\n|-boost|p2a: Farigiraf|spd|1\n|move|p1a: Armarouge|Expanding Force|p2a: Farigiraf|[spread] p2a,p2b\n|-resisted|p2a: Farigiraf\n|-damage|p2a: Farigiraf|63\/100\n|-damage|p2b: Gastrodon|0 fnt\n|faint|p2b: Gastrodon\n|\n|upkeep\n|inactive|Artemis Vera has 120 seconds left.\n|\n|t:|1698700259\n|switch|p2b: Coalossal|Coalossal, M|100\/100\n|turn|3\n|\n|t:|1698700270\n|move|p1b: Indeedee|Helping Hand|p1a: Armarouge\n|-singleturn|p1a: Armarouge|Helping Hand|[of] p1b: Indeedee\n|move|p2a: Farigiraf|Dazzling Gleam|p1a: Armarouge|[spread] p1a,p1b\n|-resisted|p1a: Armarouge\n|-damage|p1a: Armarouge|88\/100\n|-damage|p1b: Indeedee|69\/100\n|move|p1a: Armarouge|Expanding Force|p2a: Farigiraf|[spread] p2a,p2b\n|-resisted|p2a: Farigiraf\n|-damage|p2a: Farigiraf|25\/100\n|-damage|p2b: Coalossal|41\/100\n|-enditem|p2a: Farigiraf|Wiki Berry|[eat]\n|-heal|p2a: Farigiraf|59\/100|[from] item: Wiki Berry\n|move|p2b: Coalossal|Rock Slide|p1b: Indeedee|[spread] p1a,p1b\n|-supereffective|p1a: Armarouge\n|-damage|p1a: Armarouge|51\/100\n|-damage|p1b: Indeedee|37\/100\n|\n|upkeep\n|turn|4\n|\n|t:|1698700289\n|move|p1b: Indeedee|Helping Hand|p1a: Armarouge\n|-singleturn|p1a: Armarouge|Helping Hand|[of] p1b: Indeedee\n|move|p2a: Farigiraf|Psychic|p1a: Armarouge\n|-resisted|p1a: Armarouge\n|-damage|p1a: Armarouge|16\/100\n|move|p1a: Armarouge|Expanding Force|p2a: Farigiraf|[spread] p2a,p2b\n|-resisted|p2a: Farigiraf\n|-damage|p2a: Farigiraf|21\/100\n|-damage|p2b: Coalossal|0 fnt\n|faint|p2b: Coalossal\n|\n|upkeep\n|\n|t:|1698700305\n|switch|p2b: Sinistcha|Sinistcha|100\/100\n|-heal|p2a: Farigiraf|46\/100|[from] ability: Hospitality|[of] p2b: Sinistcha\n|turn|5\n|\n|t:|1698700316\n|move|p1b: Indeedee|Follow Me|p1b: Indeedee\n|-singleturn|p1b: Indeedee|move: Follow Me\n|move|p2a: Farigiraf|Psychic|p1b: Indeedee\n|-damage|p1b: Indeedee|4\/100\n|move|p1a: Armarouge|Armor Cannon|p2b: Sinistcha\n|-supereffective|p2b: Sinistcha\n|-damage|p2b: Sinistcha|0 fnt\n|-unboost|p1a: Armarouge|def|1\n|-unboost|p1a: Armarouge|spd|1\n|faint|p2b: Sinistcha\n|\n|-fieldend|move: Psychic Terrain\n|upkeep\n|\n|t:|1698700332\n|switch|p2b: Kingambit|Kingambit, F|100\/100\n|turn|6\n|\n|t:|1698700340\n|move|p1b: Indeedee|Follow Me|p1b: Indeedee\n|-singleturn|p1b: Indeedee|move: Follow Me\n|move|p2b: Kingambit|Sucker Punch||[still]\n|-fail|p2b: Kingambit\n|move|p2a: Farigiraf|Dazzling Gleam|p1b: Indeedee|[spread] p1a,p1b\n|-resisted|p1a: Armarouge\n|-damage|p1a: Armarouge|0 fnt\n|-damage|p1b: Indeedee|0 fnt\n|faint|p1a: Armarouge\n|faint|p1b: Indeedee\n|\n|upkeep\n|\n|t:|1698700349\n|switch|p1b: Iron Bundle|Iron Bundle|100\/100\n|switch|p1a: Iron Hands|Iron Hands|100\/100\n|-enditem|p1a: Iron Hands|Booster Energy\n|-activate|p1a: Iron Hands|ability: Quark Drive|[fromitem]\n|-start|p1a: Iron Hands|quarkdriveatk\n|turn|7\n|\n|t:|1698700368\n|-terastallize|p2b: Kingambit|Ghost\n|move|p1b: Iron Bundle|Freeze-Dry|p2a: Farigiraf\n|-damage|p2a: Farigiraf|20\/100\n|move|p1a: Iron Hands|Drain Punch|p2b: Kingambit\n|-immune|p2b: Kingambit\n|move|p2b: Kingambit|Iron Head|p1b: Iron Bundle\n|-damage|p1b: Iron Bundle|42\/100\n|move|p2a: Farigiraf|Trick Room|p2a: Farigiraf\n|-fieldstart|move: Trick Room|[of] p2a: Farigiraf\n|\n|upkeep\n|turn|8\n|\n|t:|1698700389\n|move|p1a: Iron Hands|Swords Dance|p1a: Iron Hands\n|-boost|p1a: Iron Hands|atk|2\n|move|p2b: Kingambit|Kowtow Cleave|p1b: Iron Bundle\n|-damage|p1b: Iron Bundle|0 fnt\n|faint|p1b: Iron Bundle\n|-end|p1b: Iron Bundle|Quark Drive|[silent]\n|move|p2a: Farigiraf|Psychic|p1a: Iron Hands\n|-supereffective|p1a: Iron Hands\n|-damage|p1a: Iron Hands|6\/100\n|-unboost|p1a: Iron Hands|spd|1\n|\n|upkeep\n|\n|t:|1698700401\n|switch|p1b: Amoonguss|Amoonguss, F|100\/100\n|turn|9\n|\n|t:|1698700410\n|move|p1b: Amoonguss|Rage Powder|p1b: Amoonguss\n|-singleturn|p1b: Amoonguss|move: Rage Powder\n|move|p2b: Kingambit|Sucker Punch||[still]\n|-fail|p2b: Kingambit\n|move|p1a: Iron Hands|Thunder Punch|p2b: Kingambit\n|-damage|p2b: Kingambit|12\/100\n|move|p2a: Farigiraf|Psychic|p1b: Amoonguss\n|-supereffective|p1b: Amoonguss\n|-damage|p1b: Amoonguss|30\/100\n|\n|upkeep\n|turn|10\n|\n|t:|1698700431\n|move|p1b: Amoonguss|Rage Powder|p1b: Amoonguss\n|-singleturn|p1b: Amoonguss|move: Rage Powder\n|move|p2b: Kingambit|Kowtow Cleave|p1b: Amoonguss\n|-damage|p1b: Amoonguss|0 fnt\n|-damage|p2b: Kingambit|0 fnt|[from] item: Rocky Helmet|[of] p1b: Amoonguss\n|faint|p1b: Amoonguss\n|faint|p2b: Kingambit\n|move|p1a: Iron Hands|Thunder Punch|p2a: Farigiraf\n|-damage|p2a: Farigiraf|0 fnt\n|faint|p2a: Farigiraf\n|\n|upkeep\n|\n|t:|1698700458\n|switch|p1b: Hatterene|Hatterene, F|100\/100\n|switch|p2b: Rabsca|Rabsca, F|100\/100\n|turn|11\n|\n|t:|1698700468\n|move|p1b: Hatterene|Dark Pulse|p2b: Rabsca\n|-supereffective|p2b: Rabsca\n|-damage|p2b: Rabsca|34\/100\n|move|p2b: Rabsca|Revival Blessing|p2b: Rabsca\n|-enditem|p2b: Rabsca|Leppa Berry|[eat]\n|-activate|p2b: Rabsca|item: Leppa Berry|Revival Blessing|[consumed]\n|\n|t:|1698700477\n|-heal|p2: Kingambit|50\/100|[from] move: Revival Blessing\n|move|p1a: Iron Hands|Thunder Punch|p2b: Rabsca\n|-damage|p2b: Rabsca|0 fnt\n|faint|p2b: Rabsca\n|\n|-fieldend|move: Trick Room\n|upkeep\n|\n|t:|1698700498\n|switch|p2b: Kingambit|Kingambit, F|50\/100\n|turn|12\n|\n|t:|1698700512\n|move|p2b: Kingambit|Sucker Punch|p1a: Iron Hands\n|-resisted|p1a: Iron Hands\n|-crit|p1a: Iron Hands\n|-damage|p1a: Iron Hands|0 fnt\n|faint|p1a: Iron Hands\n|-end|p1a: Iron Hands|Quark Drive|[silent]\n|move|p1b: Hatterene|Dazzling Gleam|p2b: Kingambit\n|-damage|p2b: Kingambit|18\/100\n|\n|upkeep\n|turn|13\n|\n|t:|1698700522\n|move|p2b: Kingambit|Iron Head|p1b: Hatterene\n|-supereffective|p1b: Hatterene\n|-damage|p1b: Hatterene|0 fnt\n|faint|p1b: Hatterene\n|\n|win|Artemis Vera\n|raw|IAMAGUYPROBABLY's rating: 1313 &rarr; <strong>1287<\/strong><br \/>(-26 for losing)\n|raw|Artemis Vera's rating: 1213 &rarr; <strong>1245<\/strong><br \/>(+32 for winning)\n|l|\u2606IAMAGUYPROBABLY\n","uploadtime":1698700543,"views":20,"p1id":"iamaguyprobably","p2id":"artemisvera","formatid":"gen9doublesou","rating":1245,"private":0,"password":""}