{"id":"gen9doublesou-1995912215","p1":"JPSP 233","p2":"0v4n","format":"[Gen 9] Doubles OU","log":"|j|\u2606JPSP 233\n|j|\u26060v4n\n|t:|1700616611\n|gametype|doubles\n|player|p1|JPSP 233|hiker-gen4|1080\n|player|p2|0v4n|crasherwake|1080\n|teamsize|p1|6\n|teamsize|p2|6\n|gen|9\n|tier|[Gen 9] Doubles OU\n|rated|\n|rule|Species Clause: Limit one of each Pok\u00e9mon\n|rule|OHKO Clause: OHKO moves are banned\n|rule|Evasion Moves Clause: Evasion moves are banned\n|rule|Gravity Sleep Clause: The combination of sleep-inducing moves with imperfect accuracy and Gravity or Gigantamax Orbeetle are banned\n|rule|Endless Battle Clause: Forcing endless battles is banned\n|rule|HP Percentage Mod: HP is shown in percentages\n|clearpoke\n|poke|p1|Quaquaval, M|\n|poke|p1|Kilowattrel, M|\n|poke|p1|Orthworm, F|\n|poke|p1|Brambleghast, M|\n|poke|p1|Toedscruel, M|\n|poke|p1|Cyclizar, M|\n|poke|p2|Rillaboom, F|\n|poke|p2|Ceruledge, M|\n|poke|p2|Clefable, M|\n|poke|p2|Greninja-*, M|\n|poke|p2|Cinderace, F|\n|poke|p2|Corviknight, F|\n|teampreview\n|\n|t:|1700616615\n|start\n|switch|p1a: Kilowattrel|Kilowattrel, M|100\/100\n|switch|p1b: Toedscruel|Toedscruel, M|100\/100\n|switch|p2a: CYCLONE|Rillaboom, F, shiny|100\/100\n|switch|p2b: JOKER|Ceruledge, M|100\/100\n|-fieldstart|move: Grassy Terrain|[from] ability: Grassy Surge|[of] p2a: CYCLONE\n|turn|1\n|\n|t:|1700616632\n|move|p2a: CYCLONE|Fake Out|p1b: Toedscruel\n|-damage|p1b: Toedscruel|82\/100\n|move|p1a: Kilowattrel|Tailwind|p1a: Kilowattrel\n|-sidestart|p1: JPSP 233|move: Tailwind\n|-start|p1a: Kilowattrel|Charge|Tailwind|[from] ability: Wind Power\n|cant|p1b: Toedscruel|flinch\n|move|p2b: JOKER|Swords Dance|p2b: JOKER\n|-boost|p2b: JOKER|atk|2\n|\n|-heal|p1b: Toedscruel|88\/100|[from] Grassy Terrain\n|upkeep\n|turn|2\n|\n|t:|1700616654\n|move|p1a: Kilowattrel|Air Slash|p2a: CYCLONE\n|-supereffective|p2a: CYCLONE\n|-damage|p2a: CYCLONE|17\/100\n|-enditem|p2a: CYCLONE|Eject Button\n|inactive|Battle timer is ON: inactive players will automatically lose when time's up. (requested by JPSP 233)\n|\n|t:|1700616663\n|switch|p2a: LUNA|Clefable, M, shiny|100\/100\n|move|p1b: Toedscruel|Earth Power|p2b: JOKER\n|-supereffective|p2b: JOKER\n|-damage|p2b: JOKER|41\/100\n|move|p2b: JOKER|Bitter Blade|p1b: Toedscruel\n|-supereffective|p1b: Toedscruel\n|-damage|p1b: Toedscruel|0 fnt\n|-heal|p2b: JOKER|96\/100|[from] drain|[of] p1b: Toedscruel\n|faint|p1b: Toedscruel\n|\n|-heal|p2b: JOKER|100\/100|[from] Grassy Terrain\n|-status|p2a: LUNA|tox|[from] item: Toxic Orb\n|upkeep\n|\n|t:|1700616684\n|switch|p1b: Brambleghast|Brambleghast, M|100\/100\n|-ability|p1b: Brambleghast|Wind Rider|boost\n|-boost|p1b: Brambleghast|atk|1\n|turn|3\n|inactive|JPSP 233 has 120 seconds left.\n|\n|t:|1700616723\n|move|p1b: Brambleghast|Shadow Sneak|p2b: JOKER\n|-supereffective|p2b: JOKER\n|-enditem|p2b: JOKER|Focus Sash\n|-damage|p2b: JOKER|1\/100\n|move|p1a: Kilowattrel|Electro Ball|p2a: LUNA\n|-damage|p2a: LUNA|17\/100 tox\n|-end|p1a: Kilowattrel|Charge|[silent]\n|move|p2b: JOKER|Bitter Blade|p1b: Brambleghast\n|-supereffective|p1b: Brambleghast\n|-damage|p1b: Brambleghast|0 fnt\n|-heal|p2b: JOKER|44\/100|[from] drain|[of] p1b: Brambleghast\n|faint|p1b: Brambleghast\n|move|p2a: LUNA|Wish|p2a: LUNA\n|\n|-heal|p2b: JOKER|50\/100|[from] Grassy Terrain\n|-heal|p2a: LUNA|23\/100 tox|[from] Grassy Terrain\n|upkeep\n|\n|t:|1700616741\n|switch|p1b: Quaquaval|Quaquaval, M|100\/100\n|turn|4\n|inactive|JPSP 233 has 120 seconds left.\n|\n|t:|1700616758\n|move|p2a: LUNA|Follow Me|p2a: LUNA\n|-singleturn|p2a: LUNA|move: Follow Me\n|move|p2b: JOKER|Shadow Sneak|p1b: Quaquaval\n|-damage|p1b: Quaquaval|43\/100\n|-enditem|p1b: Quaquaval|Sitrus Berry|[eat]\n|-heal|p1b: Quaquaval|68\/100|[from] item: Sitrus Berry\n|move|p1a: Kilowattrel|Electro Ball|p2a: LUNA\n|-damage|p2a: LUNA|0 fnt\n|faint|p2a: LUNA\n|move|p1b: Quaquaval|Aqua Step|p2b: JOKER\n|-supereffective|p2b: JOKER\n|-damage|p2b: JOKER|0 fnt\n|-boost|p1b: Quaquaval|spe|1\n|faint|p2b: JOKER\n|-ability|p1b: Quaquaval|Moxie|boost\n|-boost|p1b: Quaquaval|atk|1\n|\n|-heal|p1b: Quaquaval|75\/100|[from] Grassy Terrain\n|-sideend|p1: JPSP 233|move: Tailwind\n|upkeep\n|inactive|0v4n has 120 seconds left.\n|\n|t:|1700616785\n|switch|p2b: METAL|Corviknight, F, shiny|100\/100\n|switch|p2a: CYCLONE|Rillaboom, F, shiny|17\/100\n|turn|5\n|\n|t:|1700616799\n|-terastallize|p2b: METAL|Electric\n|move|p2a: CYCLONE|Grassy Glide|p1b: Quaquaval\n|-supereffective|p1b: Quaquaval\n|-damage|p1b: Quaquaval|0 fnt\n|faint|p1b: Quaquaval\n|move|p1a: Kilowattrel|Tailwind|p1a: Kilowattrel\n|-sidestart|p1: JPSP 233|move: Tailwind\n|-start|p1a: Kilowattrel|Charge|Tailwind|[from] ability: Wind Power\n|move|p2b: METAL|Bulk Up|p2b: METAL\n|-boost|p2b: METAL|atk|1\n|-boost|p2b: METAL|def|1\n|\n|-heal|p2a: CYCLONE|23\/100|[from] Grassy Terrain\n|-fieldend|move: Grassy Terrain\n|upkeep\n|\n|t:|1700616816\n|switch|p1b: Cyclizar|Cyclizar, M|100\/100\n|turn|6\n|\n|t:|1700616829\n|switch|p2a: HEAT|Cinderace, F|100\/100\n|move|p1a: Kilowattrel|Air Slash|p2a: HEAT\n|-damage|p2a: HEAT|55\/100\n|move|p1b: Cyclizar|Draco Meteor|p2b: METAL\n|-damage|p2b: METAL|13\/100\n|-unboost|p1b: Cyclizar|spa|2\n|move|p2b: METAL|Body Press|p1b: Cyclizar\n|-supereffective|p1b: Cyclizar\n|-damage|p1b: Cyclizar|0 fnt\n|faint|p1b: Cyclizar\n|\n|-heal|p2b: METAL|19\/100|[from] item: Leftovers\n|upkeep\n|\n|t:|1700616846\n|switch|p1b: Orthworm|Orthworm, F|100\/100\n|turn|7\n|\n|t:|1700616856\n|move|p1a: Kilowattrel|Electro Ball|p2a: HEAT\n|-damage|p2a: HEAT|0 fnt\n|faint|p2a: HEAT\n|-end|p1a: Kilowattrel|Charge|[silent]\n|move|p1b: Orthworm|Body Press|p2b: METAL\n|-damage|p2b: METAL|6\/100\n|move|p2b: METAL|Roost|p2b: METAL\n|-heal|p2b: METAL|57\/100\n|\n|-heal|p2b: METAL|63\/100|[from] item: Leftovers\n|upkeep\n|\n|t:|1700616868\n|switch|p2a: CYCLONE|Rillaboom, F, shiny|23\/100\n|-fieldstart|move: Grassy Terrain|[from] ability: Grassy Surge|[of] p2a: CYCLONE\n|turn|8\n|\n|t:|1700616884\n|-terastallize|p1a: Kilowattrel|Electric\n|move|p2a: CYCLONE|Fake Out|p1a: Kilowattrel\n|-damage|p1a: Kilowattrel|75\/100\n|cant|p1a: Kilowattrel|flinch\n|move|p1b: Orthworm|Body Press|p2a: CYCLONE\n|-damage|p2a: CYCLONE|0 fnt\n|faint|p2a: CYCLONE\n|move|p2b: METAL|Body Press|p1b: Orthworm\n|-supereffective|p1b: Orthworm\n|-damage|p1b: Orthworm|54\/100\n|\n|-heal|p1a: Kilowattrel|81\/100|[from] Grassy Terrain\n|-heal|p1b: Orthworm|60\/100|[from] Grassy Terrain\n|-heal|p1b: Orthworm|66\/100|[from] item: Leftovers\n|-heal|p2b: METAL|69\/100|[from] Grassy Terrain\n|-heal|p2b: METAL|75\/100|[from] item: Leftovers\n|-sideend|p1: JPSP 233|move: Tailwind\n|upkeep\n|\n|t:|1700616902\n|switch|p2a: TRIGGER|Greninja, M|100\/100\n|turn|9\n|\n|t:|1700616924\n|move|p1b: Orthworm|Helping Hand|p1a: Kilowattrel\n|-singleturn|p1a: Kilowattrel|Helping Hand|[of] p1b: Orthworm\n|move|p1a: Kilowattrel|Electro Ball|p2b: METAL\n|-resisted|p2b: METAL\n|-damage|p2b: METAL|37\/100\n|move|p2a: TRIGGER|Dark Pulse|p1b: Orthworm\n|-damage|p1b: Orthworm|0 fnt\n|faint|p1b: Orthworm\n|-ability|p2a: TRIGGER|Battle Bond|boost\n|-boost|p2a: TRIGGER|atk|1\n|-boost|p2a: TRIGGER|spa|1\n|-boost|p2a: TRIGGER|spe|1\n|-activate|p2a: TRIGGER|ability: Battle Bond\n|-damage|p2a: TRIGGER|91\/100|[from] item: Life Orb\n|move|p2b: METAL|Body Press|p1a: Kilowattrel\n|-damage|p1a: Kilowattrel|8\/100\n|\n|-heal|p2a: TRIGGER|97\/100|[from] Grassy Terrain\n|-heal|p1a: Kilowattrel|14\/100|[from] Grassy Terrain\n|-heal|p2b: METAL|44\/100|[from] Grassy Terrain\n|-heal|p2b: METAL|50\/100|[from] item: Leftovers\n|upkeep\n|turn|10\n|-message|JPSP 233 forfeited.\n|\n|win|0v4n\n|raw|JPSP 233's rating: 1080 &rarr; <strong>1058<\/strong><br \/>(-22 for losing)\n|raw|0v4n's rating: 1080 &rarr; <strong>1108<\/strong><br \/>(+28 for winning)\n|l|\u2606JPSP 233\n","uploadtime":1700616960,"views":2,"p1id":"jpsp233","p2id":"0v4n","formatid":"gen9doublesou","rating":1058,"private":0,"password":""}