{"id":"gen9doublesou-1970909646","p1":"swimmerdudee","p2":"TheKingDrac","format":"[Gen 9] Doubles OU","log":"|j|\u2606swimmerdudee\n|j|\u2606TheKingDrac\n|t:|1697679765\n|gametype|doubles\n|player|p1|swimmerdudee|juniper|1176\n|player|p2|TheKingDrac|gambler|1267\n|teamsize|p1|6\n|teamsize|p2|6\n|gen|9\n|tier|[Gen 9] Doubles OU\n|rated|\n|rule|Species Clause: Limit one of each Pok\u00e9mon\n|rule|OHKO Clause: OHKO moves are banned\n|rule|Evasion Moves Clause: Evasion moves are banned\n|rule|Gravity Sleep Clause: The combination of sleep-inducing moves with imperfect accuracy and Gravity or Gigantamax Orbeetle are banned\n|rule|Endless Battle Clause: Forcing endless battles is banned\n|rule|HP Percentage Mod: HP is shown in percentages\n|clearpoke\n|poke|p1|Grimmsnarl, M|\n|poke|p1|Ursaluna, F|\n|poke|p1|Weezing-Galar, M|\n|poke|p1|Leavanny, M|\n|poke|p1|Slaking, M|\n|poke|p1|Flutter Mane|\n|poke|p2|Gholdengo|\n|poke|p2|Iron Hands|\n|poke|p2|Flutter Mane|\n|poke|p2|Amoonguss, M|\n|poke|p2|Ogerpon-Wellspring, F|\n|poke|p2|Heatran, M|\n|teampreview\n|\n|t:|1697679770\n|start\n|switch|p1a: Slaking|Slaking, M, shiny|100\/100\n|switch|p1b: Weezing|Weezing-Galar, M, shiny|100\/100\n|switch|p2a: Gholdengo|Gholdengo|100\/100\n|switch|p2b: Iron Hands|Iron Hands|100\/100\n|-ability|p1b: Weezing|Neutralizing Gas\n|turn|1\n|\n|t:|1697679797\n|-terastallize|p1a: Slaking|Ghost\n|move|p1b: Weezing|Protect|p1b: Weezing\n|-singleturn|p1b: Weezing|Protect\n|move|p2b: Iron Hands|Fake Out|p1b: Weezing\n|-activate|p1b: Weezing|move: Protect\n|move|p2a: Gholdengo|Nasty Plot|p2a: Gholdengo\n|-boost|p2a: Gholdengo|spa|2\n|move|p1a: Slaking|Body Slam|p2b: Iron Hands\n|-damage|p2b: Iron Hands|63\/100\n|\n|upkeep\n|turn|2\n|\n|t:|1697679820\n|move|p2a: Gholdengo|Shadow Ball|p1a: Slaking\n|-supereffective|p1a: Slaking\n|-damage|p1a: Slaking|0 fnt\n|faint|p1a: Slaking\n|move|p1b: Weezing|Toxic Spikes|p2a: Gholdengo\n|-sidestart|p2: TheKingDrac|move: Toxic Spikes\n|move|p2b: Iron Hands|Drain Punch|p1b: Weezing\n|-resisted|p1b: Weezing\n|-damage|p1b: Weezing|94\/100\n|-heal|p2b: Iron Hands|65\/100|[from] drain|[of] p1b: Weezing\n|\n|upkeep\n|\n|t:|1697679826\n|switch|p1a: Leavanny|Leavanny, M, shiny|100\/100\n|turn|3\n|\n|t:|1697679836\n|move|p1a: Leavanny|Sticky Web|p2b: Iron Hands\n|-sidestart|p2: TheKingDrac|move: Sticky Web\n|move|p2a: Gholdengo|Make It Rain|p1a: Leavanny|[spread] p1a,p1b\n|-supereffective|p1b: Weezing\n|-enditem|p1a: Leavanny|Focus Sash\n|-damage|p1a: Leavanny|1\/100\n|-damage|p1b: Weezing|0 fnt\n|-unboost|p2a: Gholdengo|spa|1\n|faint|p1b: Weezing\n|-end|p1b: Weezing|ability: Neutralizing Gas\n|move|p2b: Iron Hands|Drain Punch|p1a: Leavanny\n|-resisted|p1a: Leavanny\n|-crit|p1a: Leavanny\n|-damage|p1a: Leavanny|0 fnt\n|-heal|p2b: Iron Hands|66\/100|[from] drain|[of] p1a: Leavanny\n|faint|p1a: Leavanny\n|\n|upkeep\n|\n|t:|1697679853\n|switch|p1a: Grimmsnarl|Grimmsnarl, M, shiny|100\/100\n|switch|p1b: Ursaluna|Ursaluna, F, shiny|100\/100\n|turn|4\n|\n|t:|1697679865\n|-terastallize|p2a: Gholdengo|Steel\n|move|p1b: Ursaluna|Protect|p1b: Ursaluna\n|-singleturn|p1b: Ursaluna|Protect\n|move|p1a: Grimmsnarl|Light Screen|p1a: Grimmsnarl\n|-sidestart|p1: swimmerdudee|move: Light Screen\n|move|p2a: Gholdengo|Make It Rain|p1a: Grimmsnarl|[spread] p1a\n|-activate|p1b: Ursaluna|move: Protect\n|-supereffective|p1a: Grimmsnarl\n|-damage|p1a: Grimmsnarl|0 fnt\n|-unboost|p2a: Gholdengo|spa|1\n|faint|p1a: Grimmsnarl\n|move|p2b: Iron Hands|Drain Punch|p1b: Ursaluna\n|-activate|p1b: Ursaluna|move: Protect\n|\n|-status|p1b: Ursaluna|brn|[from] item: Flame Orb\n|upkeep\n|\n|t:|1697679875\n|switch|p1a: Flutter Mane|Flutter Mane, shiny|100\/100\n|-enditem|p1a: Flutter Mane|Booster Energy\n|-activate|p1a: Flutter Mane|ability: Protosynthesis|[fromitem]\n|-start|p1a: Flutter Mane|protosynthesisspa\n|turn|5\n|\n|t:|1697679893\n|move|p1a: Flutter Mane|Protect|p1a: Flutter Mane\n|-singleturn|p1a: Flutter Mane|Protect\n|move|p2a: Gholdengo|Shadow Ball|p1a: Flutter Mane\n|-activate|p1a: Flutter Mane|move: Protect\n|move|p2b: Iron Hands|Drain Punch|p1b: Ursaluna\n|-supereffective|p1b: Ursaluna\n|-damage|p1b: Ursaluna|37\/100 brn\n|-heal|p2b: Iron Hands|96\/100|[from] drain|[of] p1b: Ursaluna\n|move|p1b: Ursaluna|Headlong Rush|p2a: Gholdengo\n|-supereffective|p2a: Gholdengo\n|-damage|p2a: Gholdengo|0 fnt\n|-unboost|p1b: Ursaluna|def|1\n|-unboost|p1b: Ursaluna|spd|1\n|faint|p2a: Gholdengo\n|\n|-damage|p1b: Ursaluna|31\/100 brn|[from] brn\n|upkeep\n|\n|t:|1697679911\n|switch|p2a: Ogerpon|Ogerpon-Wellspring, F|100\/100\n|-status|p2a: Ogerpon|psn\n|-activate|p2a: Ogerpon|move: Sticky Web\n|-unboost|p2a: Ogerpon|spe|1\n|turn|6\n|\n|t:|1697679922\n|move|p2a: Ogerpon|Spiky Shield|p2a: Ogerpon\n|-singleturn|p2a: Ogerpon|move: Protect\n|move|p1a: Flutter Mane|Moonblast|p2b: Iron Hands\n|-supereffective|p2b: Iron Hands\n|-damage|p2b: Iron Hands|21\/100\n|-unboost|p2b: Iron Hands|spa|1\n|move|p1b: Ursaluna|Drain Punch|p2a: Ogerpon\n|-activate|p2a: Ogerpon|move: Protect\n|-damage|p1b: Ursaluna|19\/100 brn|[from] Spiky Shield|[of] p2a: Ogerpon\n|move|p2b: Iron Hands|Drain Punch|p1b: Ursaluna\n|-supereffective|p1b: Ursaluna\n|-damage|p1b: Ursaluna|0 fnt\n|-heal|p2b: Iron Hands|30\/100|[from] drain|[of] p1b: Ursaluna\n|faint|p1b: Ursaluna\n|\n|-damage|p2a: Ogerpon|88\/100 psn|[from] psn\n|upkeep\n|turn|7\n|\n|t:|1697679953\n|move|p1a: Flutter Mane|Dazzling Gleam|p2a: Ogerpon|[spread] p2a,p2b\n|-supereffective|p2b: Iron Hands\n|-damage|p2a: Ogerpon|38\/100 psn\n|-damage|p2b: Iron Hands|0 fnt\n|faint|p2b: Iron Hands\n|-end|p2b: Iron Hands|Quark Drive|[silent]\n|move|p2a: Ogerpon|Ivy Cudgel|p1a: Flutter Mane\n|-damage|p1a: Flutter Mane|0 fnt\n|faint|p1a: Flutter Mane\n|-end|p1a: Flutter Mane|Protosynthesis|[silent]\n|\n|win|TheKingDrac\n|raw|swimmerdudee's rating: 1176 &rarr; <strong>1157<\/strong><br \/>(-19 for losing)\n|raw|TheKingDrac's rating: 1267 &rarr; <strong>1286<\/strong><br \/>(+19 for winning)\n|l|\u2606swimmerdudee\n","uploadtime":1697679984,"views":6,"p1id":"swimmerdudee","p2id":"thekingdrac","formatid":"gen9doublesou","rating":1157,"private":0,"password":""}