{"id":"gen9doublesou-1997111689","p1":"plogan3008","p2":"Cryptic_Brawler","format":"[Gen 9] Doubles OU","log":"|j|\u2606plogan3008\n|j|\u2606Cryptic_Brawler\n|t:|1700765665\n|gametype|doubles\n|player|p1|plogan3008|265|1167\n|player|p2|Cryptic_Brawler|ghetsis-gen5bw|1106\n|teamsize|p1|6\n|teamsize|p2|6\n|gen|9\n|tier|[Gen 9] Doubles OU\n|rated|\n|rule|Species Clause: Limit one of each Pok\u00e9mon\n|rule|OHKO Clause: OHKO moves are banned\n|rule|Evasion Moves Clause: Evasion moves are banned\n|rule|Gravity Sleep Clause: The combination of sleep-inducing moves with imperfect accuracy and Gravity or Gigantamax Orbeetle are banned\n|rule|Endless Battle Clause: Forcing endless battles is banned\n|rule|HP Percentage Mod: HP is shown in percentages\n|clearpoke\n|poke|p1|Torterra, M|\n|poke|p1|Arboliva, F|\n|poke|p1|Slaking, M|\n|poke|p1|Grafaiai, M|\n|poke|p1|Flutter Mane|\n|poke|p1|Heatran, F|\n|poke|p2|Froslass, F|\n|poke|p2|Tauros-Paldea-Blaze, M|\n|poke|p2|Ursaluna, M|\n|poke|p2|Iron Valiant|\n|poke|p2|Heracross, M|\n|poke|p2|Haxorus, M|\n|teampreview\n|\n|t:|1700765679\n|start\n|switch|p1a: Grafaiai|Grafaiai, M|100\/100\n|switch|p1b: Arboliva|Arboliva, F|100\/100\n|switch|p2a: Froslass|Froslass, F|100\/100\n|switch|p2b: Tauros|Tauros-Paldea-Blaze, M|100\/100\n|turn|1\n|\n|t:|1700765705\n|move|p2a: Froslass|Frost Breath|p2b: Tauros\n|-resisted|p2b: Tauros\n|-crit|p2b: Tauros\n|-damage|p2b: Tauros|74\/100\n|-setboost|p2b: Tauros|atk|6|[from] ability: Anger Point\n|move|p1a: Grafaiai|Knock Off|p2a: Froslass\n|-supereffective|p2a: Froslass\n|-damage|p2a: Froslass|12\/100\n|-enditem|p2a: Froslass|Choice Scarf|[from] move: Knock Off|[of] p1a: Grafaiai\n|move|p2b: Tauros|Raging Bull|p1b: Arboliva\n|-supereffective|p1b: Arboliva\n|-damage|p1b: Arboliva|0 fnt\n|-fieldstart|move: Grassy Terrain|[from] ability: Seed Sower|[of] p1b: Arboliva\n|faint|p1b: Arboliva\n|-damage|p2b: Tauros|64\/100|[from] item: Life Orb\n|\n|-heal|p2a: Froslass|18\/100|[from] Grassy Terrain\n|-heal|p2b: Tauros|70\/100|[from] Grassy Terrain\n|upkeep\n|\n|t:|1700765711\n|switch|p1b: Torterra|Torterra, M|100\/100\n|turn|2\n|\n|t:|1700765723\n|move|p1a: Grafaiai|Parting Shot|p2b: Tauros\n|-unboost|p2b: Tauros|atk|1\n|-unboost|p2b: Tauros|spa|1\n|\n|t:|1700765727\n|switch|p1a: Heatran|Heatran, F|100\/100|[from] Parting Shot\n|-item|p1a: Heatran|Air Balloon\n|move|p2a: Froslass|Psychic|p1a: Heatran\n|-resisted|p1a: Heatran\n|-damage|p1a: Heatran|91\/100\n|-unboost|p1a: Heatran|spd|1\n|-enditem|p1a: Heatran|Air Balloon\n|move|p2b: Tauros|Raging Bull|p1b: Torterra\n|-supereffective|p1b: Torterra\n|-damage|p1b: Torterra|0 fnt\n|faint|p1b: Torterra\n|-damage|p2b: Tauros|60\/100|[from] item: Life Orb\n|\n|-heal|p2a: Froslass|24\/100|[from] Grassy Terrain\n|-heal|p2b: Tauros|66\/100|[from] Grassy Terrain\n|-heal|p1a: Heatran|97\/100|[from] Grassy Terrain\n|upkeep\n|\n|t:|1700765733\n|switch|p1b: Flutter Mane|Flutter Mane|100\/100\n|turn|3\n|\n|t:|1700765759\n|move|p1b: Flutter Mane|Moonblast|p2b: Tauros\n|-damage|p2b: Tauros|0 fnt\n|faint|p2b: Tauros\n|move|p2a: Froslass|Shadow Ball|p1b: Flutter Mane\n|-supereffective|p1b: Flutter Mane\n|-damage|p1b: Flutter Mane|38\/100\n|move|p1a: Heatran|Magma Storm|p2a: Froslass\n|-supereffective|p2a: Froslass\n|-damage|p2a: Froslass|0 fnt\n|faint|p2a: Froslass\n|\n|-heal|p1b: Flutter Mane|44\/100|[from] Grassy Terrain\n|-heal|p1a: Heatran|100\/100|[from] Grassy Terrain\n|upkeep\n|\n|t:|1700765767\n|switch|p2a: Ursaluna|Ursaluna, M|100\/100\n|switch|p2b: Iron Valiant|Iron Valiant|100\/100\n|-enditem|p2b: Iron Valiant|Booster Energy\n|-activate|p2b: Iron Valiant|ability: Quark Drive|[fromitem]\n|-start|p2b: Iron Valiant|quarkdrivespe\n|turn|4\n|\n|t:|1700765806\n|move|p2b: Iron Valiant|Close Combat|p1a: Heatran\n|-supereffective|p1a: Heatran\n|-damage|p1a: Heatran|0 fnt\n|-unboost|p2b: Iron Valiant|def|1\n|-unboost|p2b: Iron Valiant|spd|1\n|faint|p1a: Heatran\n|move|p1b: Flutter Mane|Moonblast|p2b: Iron Valiant\n|-supereffective|p2b: Iron Valiant\n|-damage|p2b: Iron Valiant|0 fnt\n|faint|p2b: Iron Valiant\n|-end|p2b: Iron Valiant|Quark Drive|[silent]\n|move|p2a: Ursaluna|Crunch|p1b: Flutter Mane\n|-damage|p1b: Flutter Mane|0 fnt\n|faint|p1b: Flutter Mane\n|-end|p1b: Flutter Mane|Protosynthesis|[silent]\n|\n|upkeep\n|\n|t:|1700765817\n|switch|p1b: Slaking|Slaking, M|100\/100\n|switch|p2b: Heracross|Heracross, M|100\/100\n|switch|p1a: Grafaiai|Grafaiai, M|100\/100\n|turn|5\n|\n|t:|1700765840\n|move|p1a: Grafaiai|Doodle|p2b: Heracross\n|-endability|p1a: Grafaiai|Prankster|[from] move: Doodle\n|-ability|p1a: Grafaiai|Guts|[from] move: Doodle\n|-endability|p1b: Slaking|Truant|[from] move: Doodle\n|-ability|p1b: Slaking|Guts|[from] move: Doodle\n|move|p2b: Heracross|Close Combat|p1b: Slaking\n|-supereffective|p1b: Slaking\n|-damage|p1b: Slaking|18\/100\n|-unboost|p2b: Heracross|def|1\n|-unboost|p2b: Heracross|spd|1\n|move|p1b: Slaking|Drain Punch|p2a: Ursaluna\n|-supereffective|p2a: Ursaluna\n|-damage|p2a: Ursaluna|53\/100\n|-heal|p1b: Slaking|40\/100|[from] drain|[of] p2a: Ursaluna\n|move|p2a: Ursaluna|Bulldoze|p1a: Grafaiai|[spread] p2b,p1a,p1b\n|-resisted|p2b: Heracross\n|-supereffective|p1a: Grafaiai\n|-damage|p2b: Heracross|87\/100\n|-damage|p1a: Grafaiai|51\/100\n|-damage|p1b: Slaking|31\/100\n|-unboost|p2b: Heracross|spe|1\n|-unboost|p1a: Grafaiai|spe|1\n|-unboost|p1b: Slaking|spe|1\n|\n|-heal|p1a: Grafaiai|57\/100|[from] Grassy Terrain\n|-heal|p2b: Heracross|93\/100|[from] Grassy Terrain\n|-heal|p1b: Slaking|37\/100|[from] Grassy Terrain\n|-heal|p2a: Ursaluna|59\/100|[from] Grassy Terrain\n|-fieldend|move: Grassy Terrain\n|-status|p2b: Heracross|brn|[from] item: Flame Orb\n|upkeep\n|turn|6\n|\n|t:|1700765872\n|move|p1a: Grafaiai|Knock Off|p2a: Ursaluna\n|-damage|p2a: Ursaluna|39\/100\n|-enditem|p2a: Ursaluna|Assault Vest|[from] move: Knock Off|[of] p1a: Grafaiai\n|move|p2b: Heracross|Close Combat|p1b: Slaking\n|-supereffective|p1b: Slaking\n|-damage|p1b: Slaking|0 fnt\n|-unboost|p2b: Heracross|def|1\n|-unboost|p2b: Heracross|spd|1\n|faint|p1b: Slaking\n|move|p2a: Ursaluna|Bulldoze|p1a: Grafaiai|[spread] p2b,p1a\n|-resisted|p2b: Heracross\n|-supereffective|p1a: Grafaiai\n|-damage|p2b: Heracross|51\/100 brn\n|-damage|p1a: Grafaiai|0 fnt\n|-unboost|p2b: Heracross|spe|1\n|faint|p1a: Grafaiai\n|\n|win|Cryptic_Brawler\n|raw|plogan3008's rating: 1167 &rarr; <strong>1138<\/strong><br \/>(-29 for losing)\n|raw|Cryptic_Brawler's rating: 1106 &rarr; <strong>1135<\/strong><br \/>(+29 for winning)\n|l|\u2606plogan3008\n|c|\u2606Cryptic_Brawler|gg\n","uploadtime":1700765889,"views":9,"p1id":"plogan3008","p2id":"crypticbrawler","formatid":"gen9doublesou","rating":1135,"private":0,"password":""}