{"id":"gen9doublesou-1973659554","p1":"Altoid 15","p2":"bigbranonbampus","format":"[Gen 9] Doubles OU","log":"|j|\u2606Altoid 15\n|j|\u2606bigbranonbampus\n|t:|1698000716\n|gametype|doubles\n|player|p1|Altoid 15|aaron|1314\n|player|p2|bigbranonbampus|hiker|1307\n|teamsize|p1|6\n|teamsize|p2|6\n|gen|9\n|tier|[Gen 9] Doubles OU\n|rated|\n|rule|Species Clause: Limit one of each Pok\u00e9mon\n|rule|OHKO Clause: OHKO moves are banned\n|rule|Evasion Moves Clause: Evasion moves are banned\n|rule|Gravity Sleep Clause: The combination of sleep-inducing moves with imperfect accuracy and Gravity or Gigantamax Orbeetle are banned\n|rule|Endless Battle Clause: Forcing endless battles is banned\n|rule|HP Percentage Mod: HP is shown in percentages\n|clearpoke\n|poke|p1|Murkrow, F|\n|poke|p1|Chi-Yu|\n|poke|p1|Palafin, F|\n|poke|p1|Zoroark-Hisui, F|\n|poke|p1|Baxcalibur, M|\n|poke|p1|Garganacl, M|\n|poke|p2|Ninetales, F|\n|poke|p2|Ceruledge, F|\n|poke|p2|Sinistcha-Masterpiece|\n|poke|p2|Chi-Yu|\n|poke|p2|Walking Wake|\n|poke|p2|Clefable, F|\n|teampreview\n|inactive|Battle timer is ON: inactive players will automatically lose when time's up. (requested by bigbranonbampus)\n|\n|t:|1698000727\n|start\n|switch|p1a: Mockingcrow|Murkrow, F, shiny|100\/100\n|switch|p1b: Boldfish|Chi-Yu|100\/100\n|switch|p2a: Clefable|Clefable, F|100\/100\n|switch|p2b: Walking Wake|Walking Wake|100\/100\n|-ability|p1b: Boldfish|Beads of Ruin\n|turn|1\n|\n|t:|1698000754\n|-terastallize|p1b: Boldfish|Grass\n|move|p1a: Mockingcrow|Tailwind|p1a: Mockingcrow\n|-sidestart|p1: Altoid 15|move: Tailwind\n|move|p1b: Boldfish|Tera Blast|p2b: Walking Wake|[anim] Tera Blast Grass\n|-damage|p2b: Walking Wake|29\/100\n|move|p2b: Walking Wake|Draco Meteor|p1b: Boldfish\n|-damage|p1b: Boldfish|30\/100\n|-unboost|p2b: Walking Wake|spa|2\n|move|p2a: Clefable|Dazzling Gleam|p1a: Mockingcrow|[spread] p1a,p1b\n|-supereffective|p1a: Mockingcrow\n|-damage|p1a: Mockingcrow|8\/100\n|-damage|p1b: Boldfish|0 fnt\n|faint|p1b: Boldfish\n|\n|upkeep\n|\n|t:|1698000773\n|switch|p1b: You|Garganacl, M, shiny|100\/100\n|turn|2\n|\n|t:|1698000793\n|move|p1a: Mockingcrow|Taunt|p2a: Clefable\n|-start|p2a: Clefable|move: Taunt\n|move|p1b: You|Grass Knot|p2b: Walking Wake\n|-crit|p2b: Walking Wake\n|-damage|p2b: Walking Wake|0 fnt\n|faint|p2b: Walking Wake\n|-end|p2b: Walking Wake|Protosynthesis|[silent]\n|move|p2a: Clefable|Dazzling Gleam|p1a: Mockingcrow|[spread] p1a,p1b\n|-supereffective|p1a: Mockingcrow\n|-damage|p1a: Mockingcrow|0 fnt\n|-damage|p1b: You|24\/100\n|replace|p1b: Spirit|Zoroark-Hisui, F, shiny\n|-end|p1b: Spirit|Illusion\n|faint|p1a: Mockingcrow\n|\n|upkeep\n|\n|t:|1698000821\n|switch|p2b: Ninetales|Ninetales, F|100\/100\n|switch|p1a: Willy|Palafin, F, shiny|100\/100\n|-weather|SunnyDay|[from] ability: Drought|[of] p2b: Ninetales\n|turn|3\n|\n|t:|1698000837\n|move|p2b: Ninetales|Protect|p2b: Ninetales\n|-singleturn|p2b: Ninetales|Protect\n|move|p1b: Spirit|Sludge Bomb|p2a: Clefable\n|-supereffective|p2a: Clefable\n|-damage|p2a: Clefable|33\/100\n|move|p1a: Willy|Flip Turn|p2b: Ninetales\n|-activate|p2b: Ninetales|move: Protect\n|move|p2a: Clefable|Dazzling Gleam|p1a: Willy|[spread] p1a,p1b\n|-damage|p1a: Willy|66\/100\n|-damage|p1b: Spirit|0 fnt\n|faint|p1b: Spirit\n|\n|-weather|SunnyDay|[upkeep]\n|upkeep\n|\n|t:|1698000851\n|switch|p1b: Excalbrrrrrr|Baxcalibur, M|100\/100\n|turn|4\n|\n|t:|1698000863\n|move|p1a: Willy|Flip Turn|p2b: Ninetales\n|-supereffective|p2b: Ninetales\n|-damage|p2b: Ninetales|71\/100\n|\n|t:|1698000866\n|detailschange|p1a: Willy|Palafin-Hero, F, shiny\n|switch|p1a: You|Garganacl, M, shiny|100\/100|[from] Flip Turn\n|move|p1b: Excalbrrrrrr|Icicle Spear|p2a: Clefable\n|-damage|p2a: Clefable|18\/100\n|-damage|p2a: Clefable|2\/100\n|-damage|p2a: Clefable|0 fnt\n|faint|p2a: Clefable\n|-hitcount|p2: Clefable|3\n|move|p2b: Ninetales|Foul Play|p1b: Excalbrrrrrr\n|-damage|p1b: Excalbrrrrrr|63\/100\n|\n|-weather|SunnyDay|[upkeep]\n|-sideend|p1: Altoid 15|move: Tailwind\n|upkeep\n|\n|t:|1698000883\n|switch|p2a: Chi-Yu|Chi-Yu|100\/100\n|-ability|p2a: Chi-Yu|Beads of Ruin\n|turn|5\n|inactive|bigbranonbampus has 120 seconds left.\n|\n|t:|1698000921\n|move|p2b: Ninetales|Protect|p2b: Ninetales\n|-singleturn|p2b: Ninetales|Protect\n|move|p2a: Chi-Yu|Dark Pulse|p1a: You\n|-damage|p1a: You|39\/100\n|move|p1b: Excalbrrrrrr|High Horsepower|p2b: Ninetales\n|-activate|p2b: Ninetales|move: Protect\n|cant|p1a: You|flinch\n|\n|-weather|SunnyDay|[upkeep]\n|-heal|p1a: You|45\/100|[from] item: Leftovers\n|upkeep\n|turn|6\n|inactive|bigbranonbampus has 120 seconds left.\n|\n|t:|1698000944\n|switch|p2b: Sinistcha|Sinistcha-Masterpiece|100\/100\n|move|p2a: Chi-Yu|Dark Pulse|p1a: You\n|-damage|p1a: You|0 fnt\n|faint|p1a: You\n|move|p1b: Excalbrrrrrr|High Horsepower|p2b: Sinistcha\n|-resisted|p2b: Sinistcha\n|-damage|p2b: Sinistcha|88\/100\n|\n|-weather|SunnyDay|[upkeep]\n|-heal|p2b: Sinistcha|94\/100|[from] item: Leftovers\n|upkeep\n|\n|t:|1698000953\n|switch|p1a: Willy|Palafin-Hero, F, shiny|66\/100\n|-activate|p1a: Willy|ability: Zero to Hero\n|turn|7\n|\n|t:|1698000982\n|move|p2b: Sinistcha|Rage Powder|p2b: Sinistcha\n|-singleturn|p2b: Sinistcha|move: Rage Powder\n|move|p2a: Chi-Yu|Lava Plume|p1a: Willy|[spread] p2b,p1a,p1b\n|-supereffective|p2b: Sinistcha\n|-resisted|p1a: Willy\n|-damage|p2b: Sinistcha|0 fnt\n|-damage|p1a: Willy|42\/100\n|-damage|p1b: Excalbrrrrrr|18\/100\n|-ability|p1b: Excalbrrrrrr|Thermal Exchange|boost\n|-boost|p1b: Excalbrrrrrr|atk|1\n|faint|p2b: Sinistcha\n|move|p1a: Willy|Wave Crash|p2a: Chi-Yu\n|-supereffective|p2a: Chi-Yu\n|-enditem|p2a: Chi-Yu|Focus Sash\n|-damage|p2a: Chi-Yu|1\/100\n|-damage|p1a: Willy|18\/100|[from] Recoil\n|move|p1b: Excalbrrrrrr|High Horsepower|p2a: Chi-Yu\n|-supereffective|p2a: Chi-Yu\n|-damage|p2a: Chi-Yu|0 fnt\n|faint|p2a: Chi-Yu\n|\n|-weather|SunnyDay|[upkeep]\n|upkeep\n|inactive|bigbranonbampus has 120 seconds left.\n|\n|t:|1698001001\n|switch|p2a: Ceruledge|Ceruledge, F|100\/100\n|switch|p2b: Ninetales|Ninetales, F|71\/100\n|turn|8\n|\n|t:|1698001011\n|move|p2a: Ceruledge|Shadow Sneak|p1a: Willy\n|-damage|p1a: Willy|0 fnt\n|faint|p1a: Willy\n|move|p2b: Ninetales|Foul Play|p1b: Excalbrrrrrr\n|-damage|p1b: Excalbrrrrrr|0 fnt\n|faint|p1b: Excalbrrrrrr\n|\n|win|bigbranonbampus\n|raw|Altoid 15's rating: 1314 &rarr; <strong>1294<\/strong><br \/>(-20 for losing)\n|raw|bigbranonbampus's rating: 1307 &rarr; <strong>1327<\/strong><br \/>(+20 for winning)\n|l|\u2606Altoid 15\n|l|\u2606bigbranonbampus\n|j|\u2606bigbranonbampus\n|player|p2|bigbranonbampus|hiker\n","uploadtime":1698001361,"views":14,"p1id":"altoid15","p2id":"bigbranonbampus","formatid":"gen9doublesou","rating":1294,"private":0,"password":""}