{"id":"gen9doublesou-1983067391","p1":"nicofer044","p2":"UY QUE RICO PAPI","format":"[Gen 9] Doubles OU","log":"|j|\u2606nicofer044\n|j|\u2606UY QUE RICO PAPI\n|t:|1699078740\n|gametype|doubles\n|player|p1|nicofer044|red|1197\n|player|p2|UY QUE RICO PAPI|169|1384\n|teamsize|p1|6\n|teamsize|p2|6\n|gen|9\n|tier|[Gen 9] Doubles OU\n|rated|\n|rule|Species Clause: Limit one of each Pok\u00e9mon\n|rule|OHKO Clause: OHKO moves are banned\n|rule|Evasion Moves Clause: Evasion moves are banned\n|rule|Gravity Sleep Clause: The combination of sleep-inducing moves with imperfect accuracy and Gravity or Gigantamax Orbeetle are banned\n|rule|Endless Battle Clause: Forcing endless battles is banned\n|rule|HP Percentage Mod: HP is shown in percentages\n|clearpoke\n|poke|p1|Grimmsnarl, M|\n|poke|p1|Toxapex, M|\n|poke|p1|Snorlax, M|\n|poke|p1|Arcanine-Hisui, M|\n|poke|p1|Charizard, M|\n|poke|p1|Lilligant, F|\n|poke|p2|Trevenant, M|\n|poke|p2|Grimmsnarl, M|\n|poke|p2|Garganacl, M|\n|poke|p2|Ting-Lu|\n|poke|p2|Cresselia, F|\n|poke|p2|Scream Tail|\n|teampreview\n|inactive|Battle timer is ON: inactive players will automatically lose when time's up. (requested by UY QUE RICO PAPI)\n|\n|t:|1699078764\n|start\n|switch|p1a: Grimmsnarl|Grimmsnarl, M, shiny|100\/100\n|switch|p1b: Snorlax|Snorlax, M, shiny|100\/100\n|switch|p2a: Ting-Lu|Ting-Lu|100\/100\n|switch|p2b: Scream Tail|Scream Tail|100\/100\n|-ability|p2a: Ting-Lu|Vessel of Ruin\n|turn|1\n|\n|t:|1699078792\n|move|p1a: Grimmsnarl|Fake Out|p2a: Ting-Lu\n|-damage|p2a: Ting-Lu|96\/100\n|move|p2b: Scream Tail|Wish|p2b: Scream Tail\n|move|p1b: Snorlax|Belly Drum|p1b: Snorlax\n|-damage|p1b: Snorlax|50\/100\n|-setboost|p1b: Snorlax|atk|6|[from] move: Belly Drum\n|cant|p2a: Ting-Lu|flinch\n|\n|-heal|p2a: Ting-Lu|100\/100|[from] item: Leftovers\n|-heal|p1b: Snorlax|57\/100|[from] item: Leftovers\n|upkeep\n|turn|2\n|\n|t:|1699078808\n|switch|p1a: Lilligant|Lilligant, F, shiny|100\/100\n|move|p2a: Ting-Lu|Protect|p2a: Ting-Lu\n|-singleturn|p2a: Ting-Lu|Protect\n|move|p1b: Snorlax|Protect|p1b: Snorlax\n|-singleturn|p1b: Snorlax|Protect\n|move|p2b: Scream Tail|Roar|p1b: Snorlax\n|drag|p1b: Grimmsnarl|Grimmsnarl, M, shiny|100\/100\n|\n|upkeep\n|turn|3\n|\n|t:|1699078826\n|move|p1b: Grimmsnarl|Fake Out|p2b: Scream Tail\n|-damage|p2b: Scream Tail|95\/100\n|move|p1a: Lilligant|Quiver Dance|p1a: Lilligant\n|-boost|p1a: Lilligant|spa|1\n|-boost|p1a: Lilligant|spd|1\n|-boost|p1a: Lilligant|spe|1\n|cant|p2b: Scream Tail|flinch\n|move|p2a: Ting-Lu|Mean Look|p1a: Lilligant\n|-activate|p1a: Lilligant|trapped\n|\n|-heal|p2b: Scream Tail|100\/100|[from] item: Leftovers\n|upkeep\n|turn|4\n|c|\u2606nicofer044|dale loco\n|c|\u2606nicofer044|no deberia no funcionar si hago protec?\n|\n|t:|1699078847\n|move|p2a: Ting-Lu|Protect|p2a: Ting-Lu\n|-singleturn|p2a: Ting-Lu|Protect\n|move|p1b: Grimmsnarl|Light Screen|p1b: Grimmsnarl\n|-sidestart|p1: nicofer044|move: Light Screen\n|move|p1a: Lilligant|Giga Drain|p2a: Ting-Lu\n|-activate|p2a: Ting-Lu|move: Protect\n|move|p2b: Scream Tail|Perish Song|p2b: Scream Tail\n|-start|p1a: Lilligant|perish3|[silent]\n|-start|p1b: Grimmsnarl|perish3|[silent]\n|-start|p2a: Ting-Lu|perish3|[silent]\n|-start|p2b: Scream Tail|perish3|[silent]\n|-fieldactivate|move: Perish Song\n|\n|-start|p1a: Lilligant|perish3\n|-start|p2b: Scream Tail|perish3\n|-start|p1b: Grimmsnarl|perish3\n|-start|p2a: Ting-Lu|perish3\n|upkeep\n|turn|5\n|inactive|UY QUE RICO PAPI has 120 seconds left.\n|\n|t:|1699078889\n|-end|p2b: Scream Tail|Protosynthesis|[silent]\n|switch|p2b: Grimmsnarl|Grimmsnarl, M|100\/100\n|switch|p1b: Arcanine|Arcanine-Hisui, M, shiny|100\/100\n|-ability|p1b: Arcanine|Intimidate|boost\n|-unboost|p2a: Ting-Lu|atk|1\n|-unboost|p2b: Grimmsnarl|atk|1\n|-terastallize|p2a: Ting-Lu|Poison\n|move|p1a: Lilligant|Giga Drain|p2a: Ting-Lu\n|-resisted|p2a: Ting-Lu\n|-damage|p2a: Ting-Lu|83\/100\n|move|p2a: Ting-Lu|Spikes|p1b: Arcanine\n|-sidestart|p1: nicofer044|Spikes\n|\n|-heal|p2a: Ting-Lu|89\/100|[from] item: Leftovers\n|-start|p1a: Lilligant|perish2\n|-start|p2a: Ting-Lu|perish2\n|upkeep\n|turn|6\n|c|\u2606nicofer044|por tu nombre\n|c|\u2606nicofer044|me entendes\n|inactive|UY QUE RICO PAPI has 120 seconds left.\n|\n|t:|1699078918\n|move|p2a: Ting-Lu|Protect|p2a: Ting-Lu\n|-singleturn|p2a: Ting-Lu|Protect\n|move|p2b: Grimmsnarl|Light Screen|p2b: Grimmsnarl\n|-sidestart|p2: UY QUE RICO PAPI|move: Light Screen\n|move|p1a: Lilligant|Pollen Puff|p2b: Grimmsnarl\n|-damage|p2b: Grimmsnarl|76\/100\n|move|p1b: Arcanine|Stealth Rock|p2a: Ting-Lu\n|-sidestart|p2: UY QUE RICO PAPI|move: Stealth Rock\n|\n|-heal|p2a: Ting-Lu|95\/100|[from] item: Leftovers\n|-start|p1a: Lilligant|perish1\n|-start|p2a: Ting-Lu|perish1\n|upkeep\n|turn|7\n|inactive|UY QUE RICO PAPI has 120 seconds left.\n|\n|t:|1699078941\n|switch|p1b: Toxapex|Toxapex, M, shiny|100\/100\n|-damage|p1b: Toxapex|88\/100|[from] Spikes\n|switch|p2a: Scream Tail|Scream Tail|100\/100\n|-damage|p2a: Scream Tail|88\/100|[from] Stealth Rock\n|move|p2b: Grimmsnarl|Reflect|p2b: Grimmsnarl\n|-sidestart|p2: UY QUE RICO PAPI|Reflect\n|move|p1a: Lilligant|Giga Drain|p2b: Grimmsnarl\n|-damage|p2b: Grimmsnarl|36\/100\n|\n|-heal|p2a: Scream Tail|94\/100|[from] item: Leftovers\n|-heal|p1b: Toxapex|94\/100|[from] item: Leftovers\n|-start|p1a: Lilligant|perish0\n|faint|p1a: Lilligant\n|upkeep\n|inactive|nicofer044 has 120 seconds left.\n|\n|t:|1699078959\n|switch|p1a: Grimmsnarl|Grimmsnarl, M, shiny|100\/100\n|-damage|p1a: Grimmsnarl|88\/100|[from] Spikes\n|turn|8\n|\n|t:|1699078968\n|switch|p2b: Garganacl|Garganacl, M|100\/100\n|-damage|p2b: Garganacl|88\/100|[from] Stealth Rock\n|move|p2a: Scream Tail|Protect|p2a: Scream Tail\n|-singleturn|p2a: Scream Tail|Protect\n|move|p1a: Grimmsnarl|Fake Out|p2a: Scream Tail\n|-activate|p2a: Scream Tail|move: Protect\n|move|p1b: Toxapex|Toxic Spikes|p2b: Garganacl\n|-sidestart|p2: UY QUE RICO PAPI|move: Toxic Spikes\n|\n|-heal|p2a: Scream Tail|100\/100|[from] item: Leftovers\n|-heal|p1a: Grimmsnarl|94\/100|[from] item: Leftovers\n|-heal|p1b: Toxapex|99\/100|[from] item: Leftovers\n|-heal|p2b: Garganacl|94\/100|[from] item: Leftovers\n|-sideend|p1: nicofer044|move: Light Screen\n|upkeep\n|turn|9\n|inactive|UY QUE RICO PAPI has 120 seconds left.\n|\n|t:|1699079001\n|move|p1a: Grimmsnarl|Light Screen|p1a: Grimmsnarl\n|-sidestart|p1: nicofer044|move: Light Screen\n|move|p2a: Scream Tail|Wish|p2a: Scream Tail\n|move|p1b: Toxapex|Poison Jab|p2a: Scream Tail\n|-supereffective|p2a: Scream Tail\n|-crit|p2a: Scream Tail\n|-damage|p2a: Scream Tail|59\/100\n|-status|p2a: Scream Tail|psn\n|move|p2b: Garganacl|Salt Cure|p1b: Toxapex\n|-damage|p1b: Toxapex|88\/100\n|-start|p1b: Toxapex|Salt Cure\n|\n|-heal|p2a: Scream Tail|65\/100 psn|[from] item: Leftovers\n|-heal|p1a: Grimmsnarl|99\/100|[from] item: Leftovers\n|-heal|p1b: Toxapex|94\/100|[from] item: Leftovers\n|-heal|p2b: Garganacl|100\/100|[from] item: Leftovers\n|-damage|p2a: Scream Tail|53\/100 psn|[from] psn\n|-damage|p1b: Toxapex|70\/100|[from] Salt Cure\n|upkeep\n|turn|10\n|c|\u2606nicofer044|el q lee es gay\n|c|\u2606nicofer044|seguro lo leiste xd\n|c|\u2606nicofer044|uy yo igual\n|c|\u2606nicofer044|dea\n|inactive|UY QUE RICO PAPI has 120 seconds left.\n|\n|t:|1699079027\n|switch|p1b: Snorlax|Snorlax, M, shiny|57\/100\n|-damage|p1b: Snorlax|44\/100|[from] Spikes\n|move|p1a: Grimmsnarl|Reflect|p1a: Grimmsnarl\n|-sidestart|p1: nicofer044|Reflect\n|move|p2b: Garganacl|Salt Cure|p1a: Grimmsnarl\n|-damage|p1a: Grimmsnarl|89\/100\n|-start|p1a: Grimmsnarl|Salt Cure\n|move|p2a: Scream Tail|Roar|p1a: Grimmsnarl\n|drag|p1a: Charizard|Charizard, M, shiny|100\/100\n|\n|-heal|p2a: Scream Tail|100\/100 psn|[from] move: Wish|[wisher] Scream Tail\n|-heal|p1b: Snorlax|50\/100|[from] item: Leftovers\n|-damage|p2a: Scream Tail|88\/100 psn|[from] psn\n|upkeep\n|turn|11\n|\n|t:|1699079053\n|-end|p2a: Scream Tail|Protosynthesis|[silent]\n|switch|p2a: Ting-Lu|Ting-Lu, tera:Poison|95\/100\n|-damage|p2a: Ting-Lu|83\/100|[from] Stealth Rock\n|-sideend|p2: UY QUE RICO PAPI|move: Toxic Spikes|[of] p2a: Ting-Lu\n|-ability|p2a: Ting-Lu|Vessel of Ruin\n|move|p1a: Charizard|Protect|p1a: Charizard\n|-singleturn|p1a: Charizard|Protect\n|move|p2b: Garganacl|Salt Cure|p1a: Charizard\n|-activate|p1a: Charizard|move: Protect\n|move|p1b: Snorlax|Body Slam|p2b: Garganacl\n|-resisted|p2b: Garganacl\n|-damage|p2b: Garganacl|95\/100\n|\n|-heal|p2a: Ting-Lu|89\/100|[from] item: Leftovers\n|-heal|p2b: Garganacl|100\/100|[from] item: Leftovers\n|-heal|p1b: Snorlax|57\/100|[from] item: Leftovers\n|upkeep\n|turn|12\n|\n|t:|1699079075\n|switch|p1a: Toxapex|Toxapex, M, shiny|70\/100\n|-damage|p1a: Toxapex|57\/100|[from] Spikes\n|move|p1b: Snorlax|Protect|p1b: Snorlax\n|-singleturn|p1b: Snorlax|Protect\n|move|p2a: Ting-Lu|Mean Look|p1a: Toxapex\n|-activate|p1a: Toxapex|trapped\n|move|p2b: Garganacl|Salt Cure|p1a: Toxapex\n|-damage|p1a: Toxapex|49\/100\n|-start|p1a: Toxapex|Salt Cure\n|\n|-heal|p2a: Ting-Lu|95\/100|[from] item: Leftovers\n|-heal|p1a: Toxapex|55\/100|[from] item: Leftovers\n|-heal|p1b: Snorlax|63\/100|[from] item: Leftovers\n|-damage|p1a: Toxapex|30\/100|[from] Salt Cure\n|upkeep\n|turn|13\n|\n|t:|1699079095\n|move|p2b: Garganacl|Salt Cure|p1b: Snorlax\n|-crit|p1b: Snorlax\n|-damage|p1b: Snorlax|48\/100\n|-start|p1b: Snorlax|Salt Cure\n|move|p1a: Toxapex|Toxic Spikes|p2a: Ting-Lu\n|-sidestart|p2: UY QUE RICO PAPI|move: Toxic Spikes\n|move|p1b: Snorlax|Belly Drum||[still]\n|-fail|p1b: Snorlax\n|move|p2a: Ting-Lu|Whirlwind|p1b: Snorlax\n|drag|p1b: Grimmsnarl|Grimmsnarl, M, shiny|89\/100\n|-damage|p1b: Grimmsnarl|77\/100|[from] Spikes\n|\n|-heal|p1b: Grimmsnarl|83\/100|[from] item: Leftovers\n|-heal|p2a: Ting-Lu|100\/100|[from] item: Leftovers\n|-heal|p1a: Toxapex|36\/100|[from] item: Leftovers\n|-damage|p1a: Toxapex|11\/100|[from] Salt Cure\n|-sideend|p2: UY QUE RICO PAPI|move: Light Screen\n|-sideend|p1: nicofer044|move: Light Screen\n|upkeep\n|turn|14\n|\n|t:|1699079116\n|move|p1b: Grimmsnarl|Fake Out|p2a: Ting-Lu\n|-damage|p2a: Ting-Lu|98\/100\n|cant|p2a: Ting-Lu|flinch\n|move|p2b: Garganacl|Salt Cure|p1b: Grimmsnarl\n|-damage|p1b: Grimmsnarl|72\/100\n|-start|p1b: Grimmsnarl|Salt Cure\n|move|p1a: Toxapex|Liquidation|p2b: Garganacl\n|-supereffective|p2b: Garganacl\n|-damage|p2b: Garganacl|85\/100\n|\n|-heal|p1b: Grimmsnarl|78\/100|[from] item: Leftovers\n|-heal|p2a: Ting-Lu|100\/100|[from] item: Leftovers\n|-heal|p2b: Garganacl|91\/100|[from] item: Leftovers\n|-heal|p1a: Toxapex|17\/100|[from] item: Leftovers\n|-damage|p1b: Grimmsnarl|66\/100|[from] Salt Cure\n|-damage|p1a: Toxapex|0 fnt|[from] Salt Cure\n|faint|p1a: Toxapex\n|-sideend|p1: nicofer044|Reflect\n|-sideend|p2: UY QUE RICO PAPI|Reflect\n|upkeep\n|c|\u2606nicofer044|jugas como un cagon\n|inactive|nicofer044 has 120 seconds left.\n|c|\u2606nicofer044|por si no sabias\n|\n|t:|1699079136\n|switch|p1a: Arcanine|Arcanine-Hisui, M, shiny|100\/100\n|-damage|p1a: Arcanine|88\/100|[from] Spikes\n|-ability|p1a: Arcanine|Intimidate|boost\n|-unboost|p2a: Ting-Lu|atk|1\n|-unboost|p2b: Garganacl|atk|1\n|turn|15\n|c|\u2606nicofer044|o cagona\n|\n|t:|1699079160\n|move|p2a: Ting-Lu|Protect|p2a: Ting-Lu\n|-singleturn|p2a: Ting-Lu|Protect\n|move|p1a: Arcanine|Flare Blitz|p2a: Ting-Lu\n|-activate|p2a: Ting-Lu|move: Protect\n|move|p1b: Grimmsnarl|Dazzling Gleam|p2b: Garganacl|[spread] p2b\n|-activate|p2a: Ting-Lu|move: Protect\n|-damage|p2b: Garganacl|76\/100\n|move|p2b: Garganacl|Curse|p2b: Garganacl\n|-unboost|p2b: Garganacl|spe|1\n|-boost|p2b: Garganacl|atk|1\n|-boost|p2b: Garganacl|def|1\n|\n|-heal|p1a: Arcanine|94\/100|[from] item: Leftovers\n|-heal|p1b: Grimmsnarl|72\/100|[from] item: Leftovers\n|-heal|p2b: Garganacl|82\/100|[from] item: Leftovers\n|-damage|p1b: Grimmsnarl|59\/100|[from] Salt Cure\n|upkeep\n|turn|16\n|c|\u2606nicofer044|no c que seras\n|c|\u2606nicofer044|o como te identificas\n|c|\u2606nicofer044|amige\n|c|\u2606nicofer044|me dio cancer al escribir so\n|c|\u2606nicofer044|eso\n|\n|t:|1699079185\n|switch|p1a: Snorlax|Snorlax, M, shiny|48\/100\n|-damage|p1a: Snorlax|35\/100|[from] Spikes\n|switch|p1b: Charizard|Charizard, M, shiny|100\/100\n|move|p2a: Ting-Lu|Spikes|p1a: Snorlax\n|-sidestart|p1: nicofer044|Spikes\n|move|p2b: Garganacl|Salt Cure|p1a: Snorlax\n|-damage|p1a: Snorlax|25\/100\n|-start|p1a: Snorlax|Salt Cure\n|\n|-heal|p1a: Snorlax|31\/100|[from] item: Leftovers\n|-heal|p2b: Garganacl|88\/100|[from] item: Leftovers\n|-damage|p1a: Snorlax|18\/100|[from] Salt Cure\n|upkeep\n|turn|17\n|\n|t:|1699079205\n|move|p1b: Charizard|Flamethrower|p2b: Garganacl\n|-resisted|p2b: Garganacl\n|-damage|p2b: Garganacl|73\/100\n|move|p2a: Ting-Lu|Mean Look|p1b: Charizard\n|-activate|p1b: Charizard|trapped\n|move|p1a: Snorlax|Body Slam|p2b: Garganacl\n|-resisted|p2b: Garganacl\n|-damage|p2b: Garganacl|67\/100\n|move|p2b: Garganacl|Curse|p2b: Garganacl\n|-unboost|p2b: Garganacl|spe|1\n|-boost|p2b: Garganacl|atk|1\n|-boost|p2b: Garganacl|def|1\n|\n|-heal|p1a: Snorlax|25\/100|[from] item: Leftovers\n|-heal|p2b: Garganacl|73\/100|[from] item: Leftovers\n|-damage|p1a: Snorlax|12\/100|[from] Salt Cure\n|upkeep\n|turn|18\n|c|\u2606UY QUE RICO PAPI|SI PAPI ME TIENES LOQUITA\n|\n|t:|1699079232\n|move|p1b: Charizard|Flamethrower|p2a: Ting-Lu\n|-damage|p2a: Ting-Lu|72\/100\n|move|p2a: Ting-Lu|Spikes|p1b: Charizard\n|-sidestart|p1: nicofer044|Spikes\n|move|p1a: Snorlax|Ice Punch|p2a: Ting-Lu\n|-damage|p2a: Ting-Lu|62\/100\n|move|p2b: Garganacl|Salt Cure|p1b: Charizard\n|-supereffective|p1b: Charizard\n|-damage|p1b: Charizard|0 fnt\n|faint|p1b: Charizard\n|\n|-heal|p2a: Ting-Lu|69\/100|[from] item: Leftovers\n|-heal|p1a: Snorlax|18\/100|[from] item: Leftovers\n|-heal|p2b: Garganacl|79\/100|[from] item: Leftovers\n|-damage|p1a: Snorlax|6\/100|[from] Salt Cure\n|upkeep\n|c|\u2606nicofer044|?\n|c|\u2606nicofer044|seguro sos gringo\n|c|\u2606nicofer044|sabes q\n|c|\u2606nicofer044|me retiro de esta humillacion\n|c|\u2606nicofer044|chau\n|inactive|nicofer044 has 120 seconds left.\n|-message|nicofer044 forfeited.\n|\n|win|UY QUE RICO PAPI\n|raw|nicofer044's rating: 1197 &rarr; <strong>1184<\/strong><br \/>(-13 for losing)\n|raw|UY QUE RICO PAPI's rating: 1384 &rarr; <strong>1394<\/strong><br \/>(+10 for winning)\n|c|\u2606UY QUE RICO PAPI|NO BEBE\n|l|\u2606nicofer044\n","uploadtime":1699079259,"views":15,"p1id":"nicofer044","p2id":"uyquericopapi","formatid":"gen9doublesou","rating":1184,"private":0,"password":""}