{"id":"gen9doublesou-1976147384","p1":"Sushi Bum","p2":"NottyNoun","format":"[Gen 9] Doubles OU","log":"|j|\u203dSushi Bum\n|j|\u2606NottyNoun\n|t:|1698267865\n|gametype|doubles\n|player|p1|Sushi Bum|hexmaniac-gen6|1409\n|player|p2|NottyNoun|clair|1334\n|teamsize|p1|6\n|teamsize|p2|6\n|gen|9\n|tier|[Gen 9] Doubles OU\n|rated|\n|rule|Species Clause: Limit one of each Pok\u00e9mon\n|rule|OHKO Clause: OHKO moves are banned\n|rule|Evasion Moves Clause: Evasion moves are banned\n|rule|Gravity Sleep Clause: The combination of sleep-inducing moves with imperfect accuracy and Gravity or Gigantamax Orbeetle are banned\n|rule|Endless Battle Clause: Forcing endless battles is banned\n|rule|HP Percentage Mod: HP is shown in percentages\n|clearpoke\n|poke|p1|Tropius, M|\n|poke|p1|Indeedee, M|\n|poke|p1|Dragapult, M|\n|poke|p1|Ogerpon-Hearthflame, F|\n|poke|p1|Iron Valiant|\n|poke|p1|Chien-Pao|\n|poke|p2|Politoed, M|\n|poke|p2|Palafin, F|\n|poke|p2|Chien-Pao|\n|poke|p2|Ogerpon-Wellspring, F|\n|poke|p2|Dragonite, F|\n|poke|p2|Tornadus, M|\n|teampreview\n|inactive|Battle timer is ON: inactive players will automatically lose when time's up. (requested by NottyNoun)\n|inactive|Sushi Bum has 120 seconds left.\n|\n|t:|1698267900\n|start\n|switch|p1a: Tropius|Tropius, M|100\/100\n|switch|p1b: Chien-Pao|Chien-Pao|100\/100\n|switch|p2a: Plop Plop|Chien-Pao|100\/100\n|switch|p2b: Tornadus|Tornadus, M|100\/100\n|-ability|p1b: Chien-Pao|Sword of Ruin\n|-ability|p2a: Plop Plop|Sword of Ruin\n|turn|1\n|\n|t:|1698267913\n|move|p2b: Tornadus|Tailwind|p2b: Tornadus\n|-sidestart|p2: NottyNoun|move: Tailwind\n|move|p2a: Plop Plop|Sacred Sword|p1b: Chien-Pao\n|-supereffective|p1b: Chien-Pao\n|-enditem|p1b: Chien-Pao|Focus Sash\n|-damage|p1b: Chien-Pao|1\/100\n|move|p1b: Chien-Pao|Sacred Sword|p2a: Plop Plop\n|-supereffective|p2a: Plop Plop\n|-enditem|p2a: Plop Plop|Focus Sash\n|-damage|p2a: Plop Plop|1\/100\n|move|p1a: Tropius|Tailwind|p1a: Tropius\n|-sidestart|p1: Sushi Bum|move: Tailwind\n|\n|upkeep\n|turn|2\n|\n|t:|1698267933\n|switch|p2b: The Blues|Politoed, M|100\/100\n|-weather|RainDance|[from] ability: Drizzle|[of] p2b: The Blues\n|move|p1a: Tropius|Wide Guard|p1a: Tropius\n|-singleturn|p1a: Tropius|Wide Guard\n|move|p2a: Plop Plop|Sucker Punch|p1b: Chien-Pao\n|-resisted|p1b: Chien-Pao\n|-damage|p1b: Chien-Pao|0 fnt\n|faint|p1b: Chien-Pao\n|\n|-weather|RainDance|[upkeep]\n|upkeep\n|\n|t:|1698267945\n|switch|p1b: Indeedee|Indeedee, M|100\/100\n|-fieldstart|move: Psychic Terrain|[from] ability: Psychic Surge|[of] p1b: Indeedee\n|turn|3\n|\n|t:|1698267956\n|move|p1b: Indeedee|Hyper Voice|p2a: Plop Plop|[spread] p2a,p2b\n|-damage|p2a: Plop Plop|0 fnt\n|-damage|p2b: The Blues|74\/100\n|faint|p2a: Plop Plop\n|move|p2b: The Blues|Ice Beam|p1a: Tropius\n|-supereffective|p1a: Tropius\n|-crit|p1a: Tropius\n|-damage|p1a: Tropius|16\/100\n|-enditem|p1a: Tropius|Sitrus Berry|[eat]\n|-heal|p1a: Tropius|41\/100|[from] item: Sitrus Berry\n|move|p1a: Tropius|Giga Drain|p2b: The Blues\n|-supereffective|p2b: The Blues\n|-damage|p2b: The Blues|40\/100\n|-heal|p1a: Tropius|57\/100|[from] drain|[of] p2b: The Blues\n|\n|-weather|RainDance|[upkeep]\n|upkeep\n|\n|t:|1698267972\n|switch|p2a: Crash Nebula|Palafin, F, shiny|100\/100\n|turn|4\n|inactive|Sushi Bum has 120 seconds left.\n|\n|t:|1698268003\n|detailschange|p2a: Crash Nebula|Palafin-Hero, F, shiny\n|switch|p2a: Tornadus|Tornadus, M|100\/100\n|move|p1b: Indeedee|Hyper Voice|p2a: Tornadus|[spread] p2a,p2b\n|-damage|p2a: Tornadus|66\/100\n|-damage|p2b: The Blues|15\/100\n|move|p2b: The Blues|Ice Beam|p1a: Tropius\n|-supereffective|p1a: Tropius\n|-damage|p1a: Tropius|0 fnt\n|faint|p1a: Tropius\n|\n|-weather|RainDance|[upkeep]\n|-sideend|p1: Sushi Bum|move: Tailwind\n|-sideend|p2: NottyNoun|move: Tailwind\n|upkeep\n|inactive|Sushi Bum has 120 seconds left.\n|\n|t:|1698268019\n|switch|p1a: Dragapult|Dragapult, M|100\/100\n|turn|5\n|\n|t:|1698268024\n|switch|p2b: Puff|Dragonite, F, shiny|100\/100\n|-terastallize|p1a: Dragapult|Steel\n|move|p2a: Tornadus|Tailwind|p2a: Tornadus\n|-sidestart|p2: NottyNoun|move: Tailwind\n|move|p1b: Indeedee|Hyper Voice|p2a: Tornadus|[spread] p2a,p2b\n|-damage|p2a: Tornadus|36\/100\n|-damage|p2b: Puff|71\/100\n|-enditem|p2a: Tornadus|Sitrus Berry|[eat]\n|-heal|p2a: Tornadus|61\/100|[from] item: Sitrus Berry\n|move|p1a: Dragapult|Dragon Dance|p1a: Dragapult\n|-boost|p1a: Dragapult|atk|1\n|-boost|p1a: Dragapult|spe|1\n|\n|-weather|RainDance|[upkeep]\n|upkeep\n|turn|6\n|\n|t:|1698268044\n|move|p2a: Tornadus|Taunt|p1a: Dragapult\n|-activate|p1a: Dragapult|move: Psychic Terrain\n|move|p1a: Dragapult|Dragon Darts|p2a: Tornadus\n|-damage|p2a: Tornadus|0 fnt\n|-anim|p1a: Dragapult|Dragon Darts|p2b: Puff\n|-supereffective|p2b: Puff\n|-damage|p2b: Puff|0 fnt\n|faint|p2a: Tornadus\n|faint|p2b: Puff\n|-damage|p1a: Dragapult|91\/100|[from] item: Life Orb\n|move|p1b: Indeedee|Hyper Voice|p2: Tornadus|[notarget]\n|-fail|p1b: Indeedee\n|\n|-weather|RainDance|[upkeep]\n|upkeep\n|\n|t:|1698268057\n|switch|p2b: Oglina|Ogerpon-Wellspring, F|100\/100\n|switch|p2a: Crash Nebula|Palafin-Hero, F, shiny|100\/100\n|-activate|p2a: Crash Nebula|ability: Zero to Hero\n|turn|7\n|\n|t:|1698268066\n|move|p1a: Dragapult|Protect|p1a: Dragapult\n|-singleturn|p1a: Dragapult|Protect\n|move|p2a: Crash Nebula|Drain Punch|p1a: Dragapult\n|-activate|p1a: Dragapult|move: Protect\n|move|p2b: Oglina|Knock Off|p1b: Indeedee\n|-supereffective|p1b: Indeedee\n|-damage|p1b: Indeedee|0 fnt\n|-enditem|p1b: Indeedee|Choice Scarf|[from] move: Knock Off|[of] p2b: Oglina\n|faint|p1b: Indeedee\n|\n|-weather|RainDance|[upkeep]\n|-fieldend|move: Psychic Terrain\n|upkeep\n|\n|t:|1698268075\n|switch|p1b: Iron Valiant|Iron Valiant|100\/100\n|-enditem|p1b: Iron Valiant|Booster Energy\n|-activate|p1b: Iron Valiant|ability: Quark Drive|[fromitem]\n|-start|p1b: Iron Valiant|quarkdrivespe\n|turn|8\n|\n|t:|1698268087\n|-terastallize|p2b: Oglina|Water\n|detailschange|p2b: Oglina|Ogerpon-Wellspring-Tera, F, tera:Water\n|-ability|p2b: Oglina|Embody Aspect (Wellspring)|boost\n|-boost|p2b: Oglina|spd|1\n|move|p2a: Crash Nebula|Drain Punch|p1a: Dragapult\n|-supereffective|p1a: Dragapult\n|-crit|p1a: Dragapult\n|-damage|p1a: Dragapult|0 fnt\n|faint|p1a: Dragapult\n|move|p2b: Oglina|Ivy Cudgel|p1b: Iron Valiant\n|-damage|p1b: Iron Valiant|0 fnt\n|faint|p1b: Iron Valiant\n|-end|p1b: Iron Valiant|Quark Drive|[silent]\n|\n|-weather|RainDance|[upkeep]\n|-sideend|p2: NottyNoun|move: Tailwind\n|upkeep\n|inactive|Sushi Bum has 120 seconds left.\n|l|\u203dSushi Bum\n|inactive|Sushi Bum disconnected and has a minute to reconnect!\n|player|p1|\n|inactive|Sushi Bum has 30 seconds to reconnect!\n|inactive|Sushi Bum has 20 seconds to reconnect!\n|inactive|Sushi Bum has 15 seconds to reconnect!\n|inactive|Sushi Bum has 10 seconds to reconnect!\n|inactive|Sushi Bum has 5 seconds to reconnect!\n|-message|Sushi Bum lost due to inactivity.\n|\n|win|NottyNoun\n|raw|Sushi Bum's rating: 1409 &rarr; <strong>1385<\/strong><br \/>(-24 for losing)\n|raw|NottyNoun's rating: 1334 &rarr; <strong>1358<\/strong><br \/>(+24 for winning)\n","uploadtime":1698268189,"views":20,"p1id":"sushibum","p2id":"nottynoun","formatid":"gen9doublesou","rating":1358,"private":0,"password":""}