{"id":"gen9doublesou-1998597225","p1":"EJGaming0915","p2":"jojitos","format":"[Gen 9] Doubles OU","log":"|j|\u2606EJGaming0915\n|j|\u2606jojitos\n|t:|1700961007\n|gametype|doubles\n|player|p1|EJGaming0915|pokemaniac|1205\n|player|p2|jojitos|gentleman-gen4|1299\n|teamsize|p1|6\n|teamsize|p2|6\n|gen|9\n|tier|[Gen 9] Doubles OU\n|rated|\n|rule|Species Clause: Limit one of each Pok\u00e9mon\n|rule|OHKO Clause: OHKO moves are banned\n|rule|Evasion Moves Clause: Evasion moves are banned\n|rule|Gravity Sleep Clause: The combination of sleep-inducing moves with imperfect accuracy and Gravity or Gigantamax Orbeetle are banned\n|rule|Endless Battle Clause: Forcing endless battles is banned\n|rule|HP Percentage Mod: HP is shown in percentages\n|clearpoke\n|poke|p1|Snorlax, F|\n|poke|p1|Kommo-o, F|\n|poke|p1|Landorus-Therian, M|\n|poke|p1|Sinistcha-Masterpiece|\n|poke|p1|Clefairy, M|\n|poke|p1|Iron Hands|\n|poke|p2|Okidogi, M|\n|poke|p2|Kleavor, F|\n|poke|p2|Sinistcha-Masterpiece|\n|poke|p2|Grimmsnarl, M|\n|poke|p2|Infernape, F|\n|poke|p2|Farigiraf, F|\n|teampreview\n|\n|t:|1700961017\n|start\n|switch|p1a: Snorlax|Snorlax, F, shiny|100\/100\n|switch|p1b: Landorus|Landorus-Therian, M|100\/100\n|switch|p2a: Kleavor|Kleavor, F, shiny|100\/100\n|switch|p2b: Farigiraf|Farigiraf, F|100\/100\n|-ability|p1b: Landorus|Intimidate|boost\n|-unboost|p2a: Kleavor|atk|1\n|-unboost|p2b: Farigiraf|atk|1\n|turn|1\n|\n|t:|1700961030\n|move|p1b: Landorus|U-turn|p2a: Kleavor\n|-damage|p2a: Kleavor|65\/100\n|\n|t:|1700961038\n|switch|p1b: Sinistcha|Sinistcha-Masterpiece|100\/100|[from] U-turn\n|move|p2a: Kleavor|Stone Axe|p1b: Sinistcha\n|-damage|p1b: Sinistcha|72\/100\n|-sidestart|p1: EJGaming0915|move: Stealth Rock\n|move|p2b: Farigiraf|Reflect|p2b: Farigiraf\n|-sidestart|p2: jojitos|Reflect\n|move|p1a: Snorlax|Belly Drum|p1a: Snorlax\n|-damage|p1a: Snorlax|50\/100\n|-setboost|p1a: Snorlax|atk|6|[from] move: Belly Drum\n|-enditem|p2a: Kleavor|Mirror Herb\n|-boost|p2a: Kleavor|atk|6|[from] item: Mirror Herb\n|-enditem|p1a: Snorlax|Sitrus Berry|[eat]\n|-heal|p1a: Snorlax|75\/100|[from] item: Sitrus Berry\n|\n|upkeep\n|turn|2\n|\n|t:|1700961076\n|-terastallize|p2a: Kleavor|Flying\n|move|p1b: Sinistcha|Rage Powder|p1b: Sinistcha\n|-singleturn|p1b: Sinistcha|move: Rage Powder\n|move|p2a: Kleavor|Aerial Ace|p1b: Sinistcha\n|-supereffective|p1b: Sinistcha\n|-damage|p1b: Sinistcha|0 fnt\n|faint|p1b: Sinistcha\n|move|p2b: Farigiraf|Hyper Voice|p1a: Snorlax\n|-damage|p1a: Snorlax|50\/100\n|-enditem|p2b: Farigiraf|Throat Spray\n|-boost|p2b: Farigiraf|spa|1|[from] item: Throat Spray\n|move|p1a: Snorlax|High Horsepower|p2a: Kleavor\n|-immune|p2a: Kleavor\n|\n|upkeep\n|\n|t:|1700961093\n|switch|p1b: Iron Hands|Iron Hands|100\/100\n|-damage|p1b: Iron Hands|94\/100|[from] Stealth Rock\n|turn|3\n|\n|t:|1700961121\n|-terastallize|p1a: Snorlax|Water\n|move|p1b: Iron Hands|Fake Out||[still]\n|cant|p2b: Farigiraf|ability: Armor Tail|Fake Out|[of] p1b: Iron Hands\n|move|p2a: Kleavor|Rock Slide|p1b: Iron Hands|[spread] p1a,p1b\n|-resisted|p1b: Iron Hands\n|-damage|p1a: Snorlax|0 fnt\n|-damage|p1b: Iron Hands|57\/100\n|faint|p1a: Snorlax\n|move|p2b: Farigiraf|Hyper Voice|p1b: Iron Hands\n|-damage|p1b: Iron Hands|24\/100\n|\n|upkeep\n|\n|t:|1700961134\n|switch|p1a: Kommo-o|Kommo-o, F|100\/100\n|-damage|p1a: Kommo-o|95\/100|[from] Stealth Rock\n|turn|4\n|\n|t:|1700961155\n|move|p2a: Kleavor|Aerial Ace|p1a: Kommo-o\n|-supereffective|p1a: Kommo-o\n|-damage|p1a: Kommo-o|0 fnt\n|faint|p1a: Kommo-o\n|move|p2b: Farigiraf|Agility|p2b: Farigiraf\n|-boost|p2b: Farigiraf|spe|2\n|move|p1b: Iron Hands|Wild Charge|p2a: Kleavor\n|-supereffective|p2a: Kleavor\n|-damage|p2a: Kleavor|0 fnt\n|faint|p2a: Kleavor\n|-damage|p1b: Iron Hands|15\/100|[from] Recoil\n|\n|upkeep\n|\n|t:|1700961175\n|switch|p2a: Sinistcha|Sinistcha-Masterpiece|100\/100\n|switch|p1a: Clefairy|Clefairy, M|100\/100\n|-damage|p1a: Clefairy|88\/100|[from] Stealth Rock\n|turn|5\n|\n|t:|1700961200\n|move|p2b: Farigiraf|Hyper Voice|p1a: Clefairy|[spread] p1a,p1b\n|-damage|p1a: Clefairy|48\/100\n|-damage|p1b: Iron Hands|0 fnt\n|faint|p1b: Iron Hands\n|-end|p1b: Iron Hands|Quark Drive|[silent]\n|move|p2a: Sinistcha|Calm Mind|p2a: Sinistcha\n|-boost|p2a: Sinistcha|spa|1\n|-boost|p2a: Sinistcha|spd|1\n|move|p1a: Clefairy|Heal Pulse|p1: Iron Hands|[notarget]\n|-fail|p1a: Clefairy\n|\n|-sideend|p2: jojitos|Reflect\n|upkeep\n|-message|EJGaming0915 forfeited.\n|\n|win|jojitos\n|raw|EJGaming0915's rating: 1205 &rarr; <strong>1187<\/strong><br \/>(-18 for losing)\n|raw|jojitos's rating: 1299 &rarr; <strong>1317<\/strong><br \/>(+18 for winning)\n|l|\u2606EJGaming0915\n|l|\u2606jojitos\n|j|\u2606jojitos\n|player|p2|jojitos|gentleman-gen4\n","uploadtime":1700961252,"views":8,"p1id":"ejgaming0915","p2id":"jojitos","formatid":"gen9doublesou","rating":1187,"private":0,"password":""}