{"id":"gen9doublesou-1990566691","p1":"Milklv","p2":"coburnn","format":"[Gen 9] Doubles OU","log":"|j|\u2606Milklv\n|j|\u2606coburnn\n|t:|1699981995\n|gametype|doubles\n|player|p1|Milklv|raifort|1321\n|player|p2|coburnn|265|1404\n|teamsize|p1|6\n|teamsize|p2|6\n|gen|9\n|tier|[Gen 9] Doubles OU\n|rated|\n|rule|Species Clause: Limit one of each Pok\u00e9mon\n|rule|OHKO Clause: OHKO moves are banned\n|rule|Evasion Moves Clause: Evasion moves are banned\n|rule|Gravity Sleep Clause: The combination of sleep-inducing moves with imperfect accuracy and Gravity or Gigantamax Orbeetle are banned\n|rule|Endless Battle Clause: Forcing endless battles is banned\n|rule|HP Percentage Mod: HP is shown in percentages\n|clearpoke\n|poke|p1|Rillaboom, F|\n|poke|p1|Farigiraf, M|\n|poke|p1|Flutter Mane|\n|poke|p1|Tornadus, M|\n|poke|p1|Chi-Yu|\n|poke|p1|Grimmsnarl, M|\n|poke|p2|Farigiraf, M|\n|poke|p2|Clefairy, M|\n|poke|p2|Ogerpon-Hearthflame, F|\n|poke|p2|Ursaluna-Bloodmoon, M|\n|poke|p2|Okidogi, M|\n|poke|p2|Inteleon, F|\n|teampreview\n|inactive|Battle timer is ON: inactive players will automatically lose when time's up. (requested by coburnn)\n|inactive|Milklv also wants the timer to be on.\n|\n|t:|1699982022\n|start\n|switch|p1a: Rillaboom|Rillaboom, F|100\/100\n|switch|p1b: Grimmsnarl|Grimmsnarl, M|100\/100\n|switch|p2a: Okidogi|Okidogi, M|100\/100\n|switch|p2b: Inteleon|Inteleon, F, shiny|100\/100\n|-fieldstart|move: Grassy Terrain|[from] ability: Grassy Surge|[of] p1a: Rillaboom\n|turn|1\n|inactive|coburnn has 120 seconds left.\n|inactive|coburnn has 90 seconds left.\n|\n|t:|1699982091\n|switch|p2b: Ogerpon|Ogerpon-Hearthflame, F|100\/100\n|-ability|p2b: Ogerpon|Mold Breaker\n|move|p1a: Rillaboom|Fake Out|p2a: Okidogi\n|-damage|p2a: Okidogi|89\/100\n|move|p1b: Grimmsnarl|Thunder Wave|p2b: Ogerpon\n|-status|p2b: Ogerpon|par\n|cant|p2a: Okidogi|flinch\n|\n|-heal|p2a: Okidogi|95\/100|[from] Grassy Terrain\n|upkeep\n|turn|2\n|\n|t:|1699982110\n|move|p1b: Grimmsnarl|Reflect|p1b: Grimmsnarl\n|-sidestart|p1: Milklv|Reflect\n|move|p1a: Rillaboom|U-turn|p2b: Ogerpon\n|-damage|p2b: Ogerpon|75\/100 par\n|\n|t:|1699982121\n|switch|p1a: Tornadus|Tornadus, M|100\/100|[from] U-turn\n|move|p2a: Okidogi|Poison Jab|p1b: Grimmsnarl\n|-supereffective|p1b: Grimmsnarl\n|-damage|p1b: Grimmsnarl|41\/100\n|move|p2b: Ogerpon|Ivy Cudgel|p1a: Tornadus|[anim] Ivy Cudgel Fire\n|-damage|p1a: Tornadus|52\/100\n|\n|-heal|p2a: Okidogi|100\/100|[from] Grassy Terrain\n|-heal|p2b: Ogerpon|81\/100 par|[from] Grassy Terrain\n|-heal|p1b: Grimmsnarl|47\/100|[from] Grassy Terrain\n|upkeep\n|turn|3\n|inactive|coburnn has 120 seconds left.\n|\n|t:|1699982138\n|move|p1b: Grimmsnarl|Thunder Wave|p2a: Okidogi\n|-status|p2a: Okidogi|par\n|move|p1a: Tornadus|Air Slash|p2b: Ogerpon\n|-supereffective|p2b: Ogerpon\n|-damage|p2b: Ogerpon|8\/100 par\n|cant|p2b: Ogerpon|par\n|move|p2a: Okidogi|Poison Jab|p1b: Grimmsnarl\n|-supereffective|p1b: Grimmsnarl\n|-damage|p1b: Grimmsnarl|0 fnt\n|faint|p1b: Grimmsnarl\n|\n|-heal|p2b: Ogerpon|14\/100 par|[from] Grassy Terrain\n|upkeep\n|\n|t:|1699982153\n|switch|p1b: Farigiraf|Farigiraf, M|100\/100\n|turn|4\n|\n|t:|1699982163\n|switch|p2b: Clefairy|Clefairy, M, shiny|100\/100\n|switch|p2a: Farigiraf|Farigiraf, M, shiny|100\/100\n|move|p1a: Tornadus|Air Slash|p2b: Clefairy\n|-damage|p2b: Clefairy|67\/100\n|move|p1b: Farigiraf|Psychic Fangs|p2a: Farigiraf\n|-resisted|p2a: Farigiraf\n|-damage|p2a: Farigiraf|88\/100\n|\n|-heal|p2a: Farigiraf|94\/100|[from] Grassy Terrain\n|-heal|p2b: Clefairy|73\/100|[from] Grassy Terrain\n|upkeep\n|turn|5\n|\n|t:|1699982186\n|switch|p2b: Ursaluna|Ursaluna-Bloodmoon, M|100\/100\n|move|p1a: Tornadus|Icy Wind|p2b: Ursaluna|[spread] p2a,p2b\n|-supereffective|p2b: Ursaluna\n|-damage|p2a: Farigiraf|81\/100\n|-damage|p2b: Ursaluna|74\/100\n|-unboost|p2a: Farigiraf|spe|1\n|-unboost|p2b: Ursaluna|spe|1\n|move|p1b: Farigiraf|Crunch|p2a: Farigiraf\n|-supereffective|p2a: Farigiraf\n|-damage|p2a: Farigiraf|39\/100\n|-enditem|p2a: Farigiraf|Sitrus Berry|[eat]\n|-heal|p2a: Farigiraf|64\/100|[from] item: Sitrus Berry\n|move|p2a: Farigiraf|Trick Room|p2a: Farigiraf\n|-fieldstart|move: Trick Room|[of] p2a: Farigiraf\n|\n|-heal|p2b: Ursaluna|80\/100|[from] Grassy Terrain\n|-heal|p2a: Farigiraf|70\/100|[from] Grassy Terrain\n|-fieldend|move: Grassy Terrain\n|upkeep\n|turn|6\n|\n|t:|1699982210\n|move|p1a: Tornadus|Protect|p1a: Tornadus\n|-singleturn|p1a: Tornadus|Protect\n|move|p2b: Ursaluna|Blood Moon|p1a: Tornadus\n|-activate|p1a: Tornadus|move: Protect\n|move|p2a: Farigiraf|Nasty Plot|p2a: Farigiraf\n|-boost|p2a: Farigiraf|spa|2\n|move|p1b: Farigiraf|Psychic Fangs|p2b: Ursaluna\n|-damage|p2b: Ursaluna|57\/100\n|\n|upkeep\n|turn|7\n|inactive|coburnn has 120 seconds left.\n|\n|t:|1699982274\n|move|p2b: Ursaluna|Hyper Voice|p1b: Farigiraf|[spread] p1a,p1b\n|-damage|p1a: Tornadus|0 fnt\n|-damage|p1b: Farigiraf|45\/100\n|faint|p1a: Tornadus\n|-damage|p2b: Ursaluna|47\/100|[from] item: Life Orb\n|move|p2a: Farigiraf|Nasty Plot|p2a: Farigiraf\n|-boost|p2a: Farigiraf|spa|2\n|move|p1b: Farigiraf|Crunch|p2a: Farigiraf\n|-supereffective|p2a: Farigiraf\n|-damage|p2a: Farigiraf|29\/100\n|\n|-heal|p1b: Farigiraf|51\/100|[from] item: Leftovers\n|upkeep\n|inactive|Milklv has 120 seconds left.\n|\n|t:|1699982296\n|switch|p1a: Rillaboom|Rillaboom, F|100\/100\n|-fieldstart|move: Grassy Terrain|[from] ability: Grassy Surge|[of] p1a: Rillaboom\n|turn|8\n|\n|t:|1699982307\n|move|p1b: Farigiraf|Ally Switch|p1b: Farigiraf\n|swap|p1b: Farigiraf|0|[from] move: Ally Switch\n|move|p2b: Ursaluna|Hyper Voice|p1b: Rillaboom|[spread] p1a,p1b\n|-damage|p1a: Farigiraf|3\/100\n|-damage|p1b: Rillaboom|65\/100\n|-damage|p2b: Ursaluna|37\/100|[from] item: Life Orb\n|move|p2a: Farigiraf|Dazzling Gleam|p1b: Rillaboom|[spread] p1a,p1b\n|-damage|p1a: Farigiraf|0 fnt\n|-damage|p1b: Rillaboom|31\/100\n|faint|p1a: Farigiraf\n|move|p1b: Rillaboom|Wood Hammer|p2b: Ursaluna\n|-supereffective|p2b: Ursaluna\n|-damage|p2b: Ursaluna|0 fnt\n|faint|p2b: Ursaluna\n|-damage|p1b: Rillaboom|18\/100|[from] Recoil\n|\n|-heal|p2a: Farigiraf|35\/100|[from] Grassy Terrain\n|-heal|p1b: Rillaboom|24\/100|[from] Grassy Terrain\n|upkeep\n|\n|t:|1699982323\n|switch|p2b: Clefairy|Clefairy, M, shiny|73\/100\n|switch|p1a: Flutter Mane|Flutter Mane|100\/100\n|-enditem|p1a: Flutter Mane|Booster Energy\n|-activate|p1a: Flutter Mane|ability: Protosynthesis|[fromitem]\n|-start|p1a: Flutter Mane|protosynthesisspe\n|turn|9\n|\n|t:|1699982335\n|move|p1a: Flutter Mane|Protect|p1a: Flutter Mane\n|-singleturn|p1a: Flutter Mane|Protect\n|move|p2b: Clefairy|Follow Me|p2b: Clefairy\n|-singleturn|p2b: Clefairy|move: Follow Me\n|move|p2a: Farigiraf|Dazzling Gleam|p1a: Flutter Mane|[spread] p1b\n|-activate|p1a: Flutter Mane|move: Protect\n|-damage|p1b: Rillaboom|0 fnt\n|faint|p1b: Rillaboom\n|\n|-heal|p2b: Clefairy|80\/100|[from] Grassy Terrain\n|-heal|p2a: Farigiraf|41\/100|[from] Grassy Terrain\n|-sideend|p1: Milklv|Reflect\n|-fieldend|move: Trick Room\n|upkeep\n|\n|t:|1699982343\n|switch|p1b: Chi-Yu|Chi-Yu|100\/100\n|-ability|p1b: Chi-Yu|Beads of Ruin\n|turn|10\n|\n|t:|1699982356\n|-terastallize|p2a: Farigiraf|Fire\n|move|p2b: Clefairy|Follow Me|p2b: Clefairy\n|-singleturn|p2b: Clefairy|move: Follow Me\n|move|p1a: Flutter Mane|Dazzling Gleam|p2a: Farigiraf|[spread] p2a,p2b\n|-resisted|p2a: Farigiraf\n|-damage|p2a: Farigiraf|25\/100\n|-damage|p2b: Clefairy|40\/100\n|move|p1b: Chi-Yu|Heat Wave|p2b: Clefairy|[spread] p2a,p2b\n|-resisted|p2a: Farigiraf\n|-damage|p2a: Farigiraf|6\/100\n|-damage|p2b: Clefairy|0 fnt\n|faint|p2b: Clefairy\n|move|p2a: Farigiraf|Trick Room|p2a: Farigiraf\n|-fieldstart|move: Trick Room|[of] p2a: Farigiraf\n|\n|-heal|p2a: Farigiraf|12\/100|[from] Grassy Terrain\n|upkeep\n|\n|t:|1699982368\n|switch|p2b: Okidogi|Okidogi, M|100\/100 par\n|turn|11\n|\n|t:|1699982379\n|move|p2b: Okidogi|Poison Jab|p1a: Flutter Mane\n|-damage|p1a: Flutter Mane|0 fnt\n|faint|p1a: Flutter Mane\n|-end|p1a: Flutter Mane|Protosynthesis|[silent]\n|move|p2a: Farigiraf|Dazzling Gleam|p1b: Chi-Yu\n|-damage|p1b: Chi-Yu|22\/100\n|move|p1b: Chi-Yu|Heat Wave|p2b: Okidogi|[spread] p2a,p2b\n|-resisted|p2a: Farigiraf\n|-damage|p2a: Farigiraf|0 fnt\n|-damage|p2b: Okidogi|68\/100 par\n|faint|p2a: Farigiraf\n|\n|-heal|p2b: Okidogi|74\/100 par|[from] Grassy Terrain\n|-heal|p1b: Chi-Yu|28\/100|[from] Grassy Terrain\n|upkeep\n|c|\u2606coburnn|gg\n|\n|t:|1699982385\n|switch|p2a: Ogerpon|Ogerpon-Hearthflame, F|14\/100 par\n|-ability|p2a: Ogerpon|Mold Breaker\n|turn|12\n|-message|Milklv forfeited.\n|\n|win|coburnn\n|raw|Milklv's rating: 1321 &rarr; <strong>1306<\/strong><br \/>(-15 for losing)\n|raw|coburnn's rating: 1404 &rarr; <strong>1419<\/strong><br \/>(+15 for winning)\n|l|\u2606Milklv\n","uploadtime":1699982407,"views":8,"p1id":"milklv","p2id":"coburnn","formatid":"gen9doublesou","rating":1306,"private":0,"password":""}