{"id":"gen9doublesou-1993472914","p1":"buenocomoeloro","p2":"ModerateE","format":"[Gen 9] Doubles OU","log":"|j|\u2606buenocomoeloro\n|j|\u2606ModerateE\n|t:|1700322122\n|gametype|doubles\n|player|p1|buenocomoeloro|2|1423\n|player|p2|ModerateE|crasherwake|1355\n|teamsize|p1|6\n|teamsize|p2|6\n|gen|9\n|tier|[Gen 9] Doubles OU\n|rated|\n|rule|Species Clause: Limit one of each Pok\u00e9mon\n|rule|OHKO Clause: OHKO moves are banned\n|rule|Evasion Moves Clause: Evasion moves are banned\n|rule|Gravity Sleep Clause: The combination of sleep-inducing moves with imperfect accuracy and Gravity or Gigantamax Orbeetle are banned\n|rule|Endless Battle Clause: Forcing endless battles is banned\n|rule|HP Percentage Mod: HP is shown in percentages\n|clearpoke\n|poke|p1|Gastrodon, M|\n|poke|p1|Torterra, M|\n|poke|p1|Dragonite, M|\n|poke|p1|Goodra-Hisui, M|\n|poke|p1|Corviknight, M|\n|poke|p1|Gothitelle, M|\n|poke|p2|Sinistcha-Masterpiece|\n|poke|p2|Iron Hands|\n|poke|p2|Chien-Pao|\n|poke|p2|Arcanine-Hisui, M|\n|poke|p2|Flutter Mane|\n|poke|p2|Landorus-Therian, M|\n|teampreview\n|\n|t:|1700322152\n|start\n|switch|p1a: Goodra|Goodra-Hisui, M|100\/100\n|switch|p1b: Torterra|Torterra, M|100\/100\n|switch|p2a: Chin-Poo|Chien-Pao|100\/100\n|switch|p2b: Ryan Hands|Iron Hands|100\/100\n|-ability|p2a: Chin-Poo|Sword of Ruin\n|turn|1\n|\n|t:|1700322173\n|switch|p1a: Gothitelle|Gothitelle, M|100\/100\n|-item|p2a: Chin-Poo|Focus Sash|[from] ability: Frisk|[of] p1a: Gothitelle|[identify]\n|-item|p2b: Ryan Hands|Assault Vest|[from] ability: Frisk|[of] p1a: Gothitelle|[identify]\n|-terastallize|p1b: Torterra|Water\n|move|p2b: Ryan Hands|Fake Out|p1a: Gothitelle\n|-damage|p1a: Gothitelle|80\/100\n|move|p2a: Chin-Poo|Ice Spinner|p1b: Torterra\n|-resisted|p1b: Torterra\n|-damage|p1b: Torterra|80\/100\n|move|p1b: Torterra|Shell Smash|p1b: Torterra\n|-unboost|p1b: Torterra|def|1\n|-unboost|p1b: Torterra|spd|1\n|-boost|p1b: Torterra|atk|2\n|-boost|p1b: Torterra|spa|2\n|-boost|p1b: Torterra|spe|2\n|-enditem|p1b: Torterra|White Herb\n|-clearnegativeboost|p1b: Torterra|[silent]\n|\n|upkeep\n|turn|2\n|\n|t:|1700322206\n|switch|p2a: Blanderous|Landorus-Therian, M, shiny|100\/100\n|-ability|p2a: Blanderous|Intimidate|boost\n|-unboost|p1a: Gothitelle|atk|1\n|-unboost|p1b: Torterra|atk|1\n|move|p1b: Torterra|High Horsepower|p2b: Ryan Hands\n|-supereffective|p2b: Ryan Hands\n|-damage|p2b: Ryan Hands|21\/100\n|move|p1a: Gothitelle|Psychic|p2b: Ryan Hands\n|-supereffective|p2b: Ryan Hands\n|-damage|p2b: Ryan Hands|0 fnt\n|faint|p2b: Ryan Hands\n|-end|p2b: Ryan Hands|Quark Drive|[silent]\n|\n|upkeep\n|\n|t:|1700322233\n|switch|p2b: Chin-Poo|Chien-Pao|100\/100\n|-ability|p2b: Chin-Poo|Sword of Ruin\n|turn|3\n|\n|t:|1700322265\n|-terastallize|p2b: Chin-Poo|Dark\n|move|p2b: Chin-Poo|Sucker Punch|p1b: Torterra\n|-damage|p1b: Torterra|26\/100\n|move|p2a: Blanderous|U-turn|p1a: Gothitelle\n|-supereffective|p1a: Gothitelle\n|-damage|p1a: Gothitelle|16\/100\n|\n|t:|1700322275\n|switch|p2a: Buttermane|Flutter Mane, shiny|100\/100|[from] U-turn\n|-enditem|p2a: Buttermane|Booster Energy\n|-activate|p2a: Buttermane|ability: Protosynthesis|[fromitem]\n|-start|p2a: Buttermane|protosynthesisspe\n|move|p1b: Torterra|High Horsepower|p2b: Chin-Poo\n|-damage|p2b: Chin-Poo|12\/100\n|move|p1a: Gothitelle|Trick Room|p1a: Gothitelle\n|-fieldstart|move: Trick Room|[of] p1a: Gothitelle\n|\n|upkeep\n|turn|4\n|\n|t:|1700322297\n|move|p2a: Buttermane|Protect|p2a: Buttermane\n|-singleturn|p2a: Buttermane|Protect\n|move|p2b: Chin-Poo|Sucker Punch|p1b: Torterra\n|-damage|p1b: Torterra|0 fnt\n|faint|p1b: Torterra\n|move|p1a: Gothitelle|Thunderbolt|p2b: Chin-Poo\n|-damage|p2b: Chin-Poo|0 fnt\n|faint|p2b: Chin-Poo\n|\n|upkeep\n|\n|t:|1700322314\n|switch|p1b: Corviknight|Corviknight, M|100\/100\n|switch|p2b: Blanderous|Landorus-Therian, M, shiny|100\/100\n|-ability|p1b: Corviknight|Unnerve\n|-ability|p2b: Blanderous|Intimidate|boost\n|-unboost|p1a: Gothitelle|atk|1\n|-unboost|p1b: Corviknight|atk|1\n|turn|5\n|\n|t:|1700322330\n|-end|p2a: Buttermane|Protosynthesis|[silent]\n|switch|p2a: Dave|Arcanine-Hisui, M, shiny|100\/100\n|-ability|p2a: Dave|Intimidate|boost\n|-unboost|p1a: Gothitelle|atk|1\n|-unboost|p1b: Corviknight|atk|1\n|move|p1a: Gothitelle|Thunderbolt|p2a: Dave\n|-damage|p2a: Dave|79\/100\n|move|p1b: Corviknight|Heavy Slam|p2a: Dave\n|-crit|p2a: Dave\n|-damage|p2a: Dave|56\/100\n|move|p2b: Blanderous|Rock Slide|p1a: Gothitelle|[spread] p1a,p1b\n|-damage|p1a: Gothitelle|0 fnt\n|-damage|p1b: Corviknight|85\/100\n|faint|p1a: Gothitelle\n|\n|-heal|p1b: Corviknight|92\/100|[from] item: Leftovers\n|upkeep\n|\n|t:|1700322339\n|switch|p1a: Gastrodon|Gastrodon, M|100\/100\n|turn|6\n|\n|t:|1700322357\n|switch|p1b: Dragonite|Dragonite, M|100\/100\n|switch|p2b: Cha Cha|Sinistcha-Masterpiece|100\/100\n|-heal|p2a: Dave|81\/100|[from] ability: Hospitality|[of] p2b: Cha Cha\n|move|p1a: Gastrodon|Muddy Water|p2b: Cha Cha|[spread] p2a,p2b\n|-supereffective|p2a: Dave\n|-resisted|p2b: Cha Cha\n|-damage|p2a: Dave|0 fnt\n|-damage|p2b: Cha Cha|86\/100\n|faint|p2a: Dave\n|\n|upkeep\n|\n|t:|1700322368\n|switch|p2a: Blanderous|Landorus-Therian, M, shiny|100\/100\n|-ability|p2a: Blanderous|Intimidate|boost\n|-unboost|p1a: Gastrodon|atk|1\n|-fail|p1b: Dragonite|unboost|Attack|[from] ability: Inner Focus|[of] p1b: Dragonite\n|turn|7\n|\n|t:|1700322383\n|move|p1a: Gastrodon|Ice Beam|p2a: Blanderous\n|-supereffective|p2a: Blanderous\n|-damage|p2a: Blanderous|0 fnt\n|faint|p2a: Blanderous\n|move|p2b: Cha Cha|Strength Sap|p1b: Dragonite\n|-unboost|p1b: Dragonite|atk|1\n|-heal|p2b: Cha Cha|100\/100\n|move|p1b: Dragonite|Dragon Dance|p1b: Dragonite\n|-boost|p1b: Dragonite|atk|1\n|-boost|p1b: Dragonite|spe|1\n|\n|-fieldend|move: Trick Room\n|upkeep\n|\n|t:|1700322394\n|switch|p2a: Buttermane|Flutter Mane, shiny|100\/100\n|turn|8\n|\n|t:|1700322410\n|move|p2a: Buttermane|Dazzling Gleam|p1b: Dragonite|[spread] p1a,p1b\n|-supereffective|p1b: Dragonite\n|-damage|p1a: Gastrodon|73\/100\n|-damage|p1b: Dragonite|47\/100\n|move|p1b: Dragonite|Ice Punch|p2b: Cha Cha\n|-supereffective|p2b: Cha Cha\n|-damage|p2b: Cha Cha|66\/100\n|move|p2b: Cha Cha|Matcha Gotcha|p1a: Gastrodon|[spread] p1a,p1b\n|-supereffective|p1a: Gastrodon\n|-resisted|p1b: Dragonite\n|-damage|p1a: Gastrodon|0 fnt\n|-heal|p2b: Cha Cha|100\/100|[from] drain|[of] p1a: Gastrodon\n|-damage|p1b: Dragonite|43\/100\n|faint|p1a: Gastrodon\n|\n|-heal|p1b: Dragonite|49\/100|[from] item: Leftovers\n|upkeep\n|\n|t:|1700322420\n|switch|p1a: Goodra|Goodra-Hisui, M|100\/100\n|turn|9\n|\n|t:|1700322433\n|switch|p1b: Corviknight|Corviknight, M|92\/100\n|-ability|p1b: Corviknight|Unnerve\n|move|p2a: Buttermane|Protect|p2a: Buttermane\n|-singleturn|p2a: Buttermane|Protect\n|move|p2b: Cha Cha|Matcha Gotcha|p1b: Corviknight|[spread] p1a,p1b\n|-resisted|p1a: Goodra\n|-resisted|p1b: Corviknight\n|-damage|p1a: Goodra|97\/100\n|-damage|p1b: Corviknight|87\/100\n|move|p1a: Goodra|Heavy Slam|p2a: Buttermane\n|-activate|p2a: Buttermane|move: Protect\n|\n|-heal|p1b: Corviknight|93\/100|[from] item: Leftovers\n|upkeep\n|turn|10\n|\n|t:|1700322459\n|move|p2a: Buttermane|Shadow Ball|p1a: Goodra\n|-damage|p1a: Goodra|68\/100\n|move|p2b: Cha Cha|Strength Sap|p1a: Goodra\n|-unboost|p1a: Goodra|atk|1\n|move|p1b: Corviknight|Heavy Slam|p2a: Buttermane\n|-supereffective|p2a: Buttermane\n|-damage|p2a: Buttermane|0 fnt\n|faint|p2a: Buttermane\n|-end|p2a: Buttermane|Protosynthesis|[silent]\n|move|p1a: Goodra|Heavy Slam|p2b: Cha Cha\n|-damage|p2b: Cha Cha|82\/100\n|\n|-heal|p1b: Corviknight|99\/100|[from] item: Leftovers\n|upkeep\n|turn|11\n|\n|t:|1700322476\n|switch|p1a: Dragonite|Dragonite, M|49\/100\n|move|p2b: Cha Cha|Strength Sap|p1b: Corviknight\n|-unboost|p1b: Corviknight|atk|1\n|-heal|p2b: Cha Cha|100\/100\n|move|p1b: Corviknight|Brave Bird|p2b: Cha Cha\n|-supereffective|p2b: Cha Cha\n|-damage|p2b: Cha Cha|66\/100\n|-damage|p1b: Corviknight|88\/100|[from] Recoil\n|\n|-heal|p1a: Dragonite|55\/100|[from] item: Leftovers\n|-heal|p1b: Corviknight|94\/100|[from] item: Leftovers\n|upkeep\n|turn|12\n|\n|t:|1700322490\n|move|p1a: Dragonite|Protect|p1a: Dragonite\n|-singleturn|p1a: Dragonite|Protect\n|move|p2b: Cha Cha|Strength Sap|p1a: Dragonite\n|-activate|p1a: Dragonite|move: Protect\n|move|p1b: Corviknight|U-turn|p2b: Cha Cha\n|-damage|p2b: Cha Cha|59\/100\n|\n|t:|1700322496\n|switch|p1b: Goodra|Goodra-Hisui, M|68\/100|[from] U-turn\n|\n|-heal|p1a: Dragonite|61\/100|[from] item: Leftovers\n|upkeep\n|turn|13\n|\n|t:|1700322508\n|move|p1a: Dragonite|Dragon Dance|p1a: Dragonite\n|-boost|p1a: Dragonite|atk|1\n|-boost|p1a: Dragonite|spe|1\n|move|p2b: Cha Cha|Strength Sap|p1a: Dragonite\n|-unboost|p1a: Dragonite|atk|1\n|-heal|p2b: Cha Cha|100\/100\n|move|p1b: Goodra|Acid Armor|p1b: Goodra\n|-boost|p1b: Goodra|def|2\n|\n|-heal|p1a: Dragonite|67\/100|[from] item: Leftovers\n|upkeep\n|turn|14\n|\n|t:|1700322523\n|move|p1a: Dragonite|Dragon Dance|p1a: Dragonite\n|-boost|p1a: Dragonite|atk|1\n|-boost|p1a: Dragonite|spe|1\n|move|p2b: Cha Cha|Matcha Gotcha|p1a: Dragonite|[spread] p1a,p1b\n|-resisted|p1a: Dragonite\n|-resisted|p1b: Goodra\n|-damage|p1a: Dragonite|62\/100\n|-damage|p1b: Goodra|64\/100\n|move|p1b: Goodra|Acid Armor|p1b: Goodra\n|-boost|p1b: Goodra|def|2\n|\n|-heal|p1a: Dragonite|69\/100|[from] item: Leftovers\n|upkeep\n|turn|15\n|\n|t:|1700322535\n|move|p1a: Dragonite|Ice Punch|p2b: Cha Cha\n|-supereffective|p2b: Cha Cha\n|-damage|p2b: Cha Cha|51\/100\n|move|p2b: Cha Cha|Strength Sap|p1a: Dragonite\n|-unboost|p1a: Dragonite|atk|1\n|-heal|p2b: Cha Cha|100\/100\n|move|p1b: Goodra|Heavy Slam|p2b: Cha Cha\n|-crit|p2b: Cha Cha\n|-damage|p2b: Cha Cha|61\/100\n|\n|-heal|p1a: Dragonite|75\/100|[from] item: Leftovers\n|upkeep\n|turn|16\n|\n|t:|1700322548\n|move|p1a: Dragonite|Dragon Dance|p1a: Dragonite\n|-boost|p1a: Dragonite|atk|1\n|-boost|p1a: Dragonite|spe|1\n|move|p2b: Cha Cha|Strength Sap|p1a: Dragonite\n|-unboost|p1a: Dragonite|atk|1\n|-heal|p2b: Cha Cha|100\/100\n|move|p1b: Goodra|Heavy Slam|p2b: Cha Cha\n|-damage|p2b: Cha Cha|74\/100\n|\n|-heal|p1a: Dragonite|81\/100|[from] item: Leftovers\n|upkeep\n|turn|17\n|\n|t:|1700322558\n|move|p1a: Dragonite|Protect|p1a: Dragonite\n|-singleturn|p1a: Dragonite|Protect\n|move|p2b: Cha Cha|Matcha Gotcha|p1b: Goodra|[spread] p1b\n|-activate|p1a: Dragonite|move: Protect\n|-resisted|p1b: Goodra\n|-damage|p1b: Goodra|60\/100\n|-heal|p2b: Cha Cha|76\/100|[from] drain|[of] p1b: Goodra\n|move|p1b: Goodra|Heavy Slam|p2b: Cha Cha\n|-damage|p2b: Cha Cha|50\/100\n|-enditem|p2b: Cha Cha|Sitrus Berry|[eat]\n|-heal|p2b: Cha Cha|75\/100|[from] item: Sitrus Berry\n|\n|-heal|p1a: Dragonite|87\/100|[from] item: Leftovers\n|upkeep\n|turn|18\n|\n|t:|1700322574\n|move|p1a: Dragonite|Dragon Dance|p1a: Dragonite\n|-boost|p1a: Dragonite|atk|1\n|-boost|p1a: Dragonite|spe|1\n|move|p2b: Cha Cha|Matcha Gotcha|p1a: Dragonite|[spread] p1a,p1b\n|-resisted|p1a: Dragonite\n|-resisted|p1b: Goodra\n|-damage|p1a: Dragonite|82\/100\n|-heal|p2b: Cha Cha|78\/100|[from] drain|[of] p1a: Dragonite\n|-damage|p1b: Goodra|56\/100\n|-heal|p2b: Cha Cha|79\/100|[from] drain|[of] p1b: Goodra\n|move|p1b: Goodra|Heavy Slam|p2b: Cha Cha\n|-damage|p2b: Cha Cha|53\/100\n|\n|-heal|p1a: Dragonite|89\/100|[from] item: Leftovers\n|upkeep\n|turn|19\n|\n|t:|1700322592\n|move|p1a: Dragonite|Dragon Dance|p1a: Dragonite\n|-boost|p1a: Dragonite|atk|1\n|-boost|p1a: Dragonite|spe|1\n|move|p2b: Cha Cha|Strength Sap|p1a: Dragonite\n|-unboost|p1a: Dragonite|atk|1\n|-heal|p2b: Cha Cha|100\/100\n|move|p1b: Goodra|Heavy Slam|p2b: Cha Cha\n|-damage|p2b: Cha Cha|71\/100\n|\n|-heal|p1a: Dragonite|95\/100|[from] item: Leftovers\n|upkeep\n|turn|20\n|\n|t:|1700322604\n|move|p1a: Dragonite|Ice Punch|p2b: Cha Cha\n|-supereffective|p2b: Cha Cha\n|-damage|p2b: Cha Cha|21\/100\n|move|p2b: Cha Cha|Strength Sap|p1a: Dragonite\n|-unboost|p1a: Dragonite|atk|1\n|-heal|p2b: Cha Cha|100\/100\n|move|p1b: Goodra|Heavy Slam|p2b: Cha Cha\n|-damage|p2b: Cha Cha|72\/100\n|\n|-heal|p1a: Dragonite|100\/100|[from] item: Leftovers\n|upkeep\n|turn|21\n|\n|t:|1700322623\n|move|p1a: Dragonite|Dragon Dance|p1a: Dragonite\n|-boost|p1a: Dragonite|atk|1\n|-boost|p1a: Dragonite|spe|1\n|move|p2b: Cha Cha|Matcha Gotcha|p1b: Goodra|[spread] p1a,p1b\n|-resisted|p1a: Dragonite\n|-resisted|p1b: Goodra\n|-damage|p1a: Dragonite|95\/100\n|-heal|p2b: Cha Cha|75\/100|[from] drain|[of] p1a: Dragonite\n|-damage|p1b: Goodra|53\/100\n|-heal|p2b: Cha Cha|77\/100|[from] drain|[of] p1b: Goodra\n|-status|p1b: Goodra|brn\n|move|p1b: Goodra|Heavy Slam|p2b: Cha Cha\n|-damage|p2b: Cha Cha|62\/100\n|\n|-heal|p1a: Dragonite|100\/100|[from] item: Leftovers\n|-damage|p1b: Goodra|47\/100 brn|[from] brn\n|upkeep\n|turn|22\n|\n|t:|1700322641\n|switch|p1b: Corviknight|Corviknight, M|94\/100\n|-ability|p1b: Corviknight|Unnerve\n|move|p1a: Dragonite|Dragon Dance|p1a: Dragonite\n|-boost|p1a: Dragonite|atk|1\n|-boost|p1a: Dragonite|spe|0\n|move|p2b: Cha Cha|Strength Sap|p1a: Dragonite\n|-unboost|p1a: Dragonite|atk|1\n|-heal|p2b: Cha Cha|100\/100\n|\n|-heal|p1b: Corviknight|100\/100|[from] item: Leftovers\n|upkeep\n|turn|23\n|\n|t:|1700322653\n|move|p1a: Dragonite|Dragon Dance|p1a: Dragonite\n|-boost|p1a: Dragonite|atk|1\n|-boost|p1a: Dragonite|spe|0\n|move|p2b: Cha Cha|Matcha Gotcha|p1b: Corviknight|[spread] p1a,p1b\n|-resisted|p1a: Dragonite\n|-resisted|p1b: Corviknight\n|-damage|p1a: Dragonite|96\/100\n|-damage|p1b: Corviknight|95\/100\n|move|p1b: Corviknight|U-turn|p2b: Cha Cha\n|-damage|p2b: Cha Cha|90\/100\n|\n|t:|1700322656\n|switch|p1b: Goodra|Goodra-Hisui, M|47\/100 brn|[from] U-turn\n|\n|-heal|p1a: Dragonite|100\/100|[from] item: Leftovers\n|-damage|p1b: Goodra|41\/100 brn|[from] brn\n|upkeep\n|turn|24\n|\n|t:|1700322668\n|switch|p1b: Corviknight|Corviknight, M|95\/100\n|-ability|p1b: Corviknight|Unnerve\n|move|p1a: Dragonite|Dragon Dance|p1a: Dragonite\n|-boost|p1a: Dragonite|atk|1\n|-boost|p1a: Dragonite|spe|0\n|move|p2b: Cha Cha|Strength Sap|p1b: Corviknight\n|-unboost|p1b: Corviknight|atk|1\n|-heal|p2b: Cha Cha|100\/100\n|\n|-heal|p1b: Corviknight|100\/100|[from] item: Leftovers\n|upkeep\n|turn|25\n|\n|t:|1700322681\n|move|p1a: Dragonite|Dragon Dance|p1a: Dragonite\n|-boost|p1a: Dragonite|atk|1\n|-boost|p1a: Dragonite|spe|0\n|move|p2b: Cha Cha|Strength Sap|p1a: Dragonite\n|-unboost|p1a: Dragonite|atk|1\n|move|p1b: Corviknight|U-turn|p2b: Cha Cha\n|-damage|p2b: Cha Cha|94\/100\n|\n|t:|1700322685\n|switch|p1b: Goodra|Goodra-Hisui, M|41\/100 brn|[from] U-turn\n|\n|-damage|p1b: Goodra|35\/100 brn|[from] brn\n|upkeep\n|turn|26\n|\n|t:|1700322692\n|switch|p1b: Corviknight|Corviknight, M|100\/100\n|-ability|p1b: Corviknight|Unnerve\n|move|p1a: Dragonite|Protect|p1a: Dragonite\n|-singleturn|p1a: Dragonite|Protect\n|move|p2b: Cha Cha|Matcha Gotcha|p1a: Dragonite|[spread] p1b\n|-activate|p1a: Dragonite|move: Protect\n|-resisted|p1b: Corviknight\n|-damage|p1b: Corviknight|95\/100\n|-heal|p2b: Cha Cha|96\/100|[from] drain|[of] p1b: Corviknight\n|\n|-heal|p1b: Corviknight|100\/100|[from] item: Leftovers\n|upkeep\n|turn|27\n|\n|t:|1700322706\n|move|p1a: Dragonite|Ice Punch|p2b: Cha Cha\n|-supereffective|p2b: Cha Cha\n|-damage|p2b: Cha Cha|16\/100\n|move|p2b: Cha Cha|Matcha Gotcha|p1a: Dragonite|[spread] p1a,p1b\n|-resisted|p1a: Dragonite\n|-resisted|p1b: Corviknight\n|-damage|p1a: Dragonite|96\/100\n|-heal|p2b: Cha Cha|18\/100|[from] drain|[of] p1a: Dragonite\n|-damage|p1b: Corviknight|96\/100\n|-heal|p2b: Cha Cha|20\/100|[from] drain|[of] p1b: Corviknight\n|-status|p1b: Corviknight|brn\n|move|p1b: Corviknight|Brave Bird|p2b: Cha Cha\n|-supereffective|p2b: Cha Cha\n|-crit|p2b: Cha Cha\n|-damage|p2b: Cha Cha|0 fnt\n|faint|p2b: Cha Cha\n|-damage|p1b: Corviknight|90\/100 brn|[from] Recoil\n|\n|win|buenocomoeloro\n|raw|buenocomoeloro's rating: 1423 &rarr; <strong>1439<\/strong><br \/>(+16 for winning)\n|raw|ModerateE's rating: 1355 &rarr; <strong>1339<\/strong><br \/>(-16 for losing)\n","uploadtime":1700322723,"views":16,"p1id":"buenocomoeloro","p2id":"moderatee","formatid":"gen9doublesou","rating":1339,"private":0,"password":""}