{"id":"gen9doublesou-1988792593","p1":"CodyReborn","p2":"jec3","format":"[Gen 9] Doubles OU","log":"|j|\u2606CodyReborn\n|j|\u2606jec3\n|t:|1699763875\n|gametype|doubles\n|player|p1|CodyReborn|pokemaniac|1416\n|player|p2|jec3|1|1519\n|teamsize|p1|6\n|teamsize|p2|6\n|gen|9\n|tier|[Gen 9] Doubles OU\n|rated|\n|rule|Species Clause: Limit one of each Pok\u00e9mon\n|rule|OHKO Clause: OHKO moves are banned\n|rule|Evasion Moves Clause: Evasion moves are banned\n|rule|Gravity Sleep Clause: The combination of sleep-inducing moves with imperfect accuracy and Gravity or Gigantamax Orbeetle are banned\n|rule|Endless Battle Clause: Forcing endless battles is banned\n|rule|HP Percentage Mod: HP is shown in percentages\n|clearpoke\n|poke|p1|Milotic, F|\n|poke|p1|Kingambit, M|\n|poke|p1|Heatran, M|\n|poke|p1|Dragapult, M|\n|poke|p1|Zapdos|\n|poke|p1|Rillaboom, M|\n|poke|p2|Breloom, F|\n|poke|p2|Rillaboom, M|\n|poke|p2|Drifblim, M|\n|poke|p2|Heatran, M|\n|poke|p2|Talonflame, F|\n|poke|p2|Shiftry, M|\n|teampreview\n|\n|t:|1699763911\n|start\n|switch|p1a: Heatran|Heatran, M, shiny|100\/100\n|switch|p1b: Rillaboom|Rillaboom, M, shiny|100\/100\n|switch|p2a: Talonflame|Talonflame, F|100\/100\n|switch|p2b: Shiftry|Shiftry, M|100\/100\n|-fieldstart|move: Grassy Terrain|[from] ability: Grassy Surge|[of] p1b: Rillaboom\n|turn|1\n|\n|t:|1699763949\n|switch|p2b: Heatran|Heatran, M|100\/100\n|move|p1b: Rillaboom|Fake Out|p2a: Talonflame\n|-crit|p2a: Talonflame\n|-damage|p2a: Talonflame|76\/100\n|cant|p2a: Talonflame|flinch\n|move|p1a: Heatran|Magma Storm|p2b: Heatran\n|-start|p2b: Heatran|ability: Flash Fire\n|\n|upkeep\n|turn|2\n|\n|t:|1699763984\n|-terastallize|p1b: Rillaboom|Fire\n|move|p2a: Talonflame|Tailwind|p2a: Talonflame\n|-sidestart|p2: jec3|move: Tailwind\n|move|p2b: Heatran|Earth Power|p1a: Heatran\n|-supereffective|p1a: Heatran\n|-damage|p1a: Heatran|9\/100\n|move|p1b: Rillaboom|Brick Break|p2b: Heatran\n|-supereffective|p2b: Heatran\n|-damage|p2b: Heatran|59\/100\n|move|p1a: Heatran|Earth Power|p2b: Heatran\n|-supereffective|p2b: Heatran\n|-damage|p2b: Heatran|0 fnt\n|faint|p2b: Heatran\n|\n|-heal|p1a: Heatran|16\/100|[from] Grassy Terrain\n|-heal|p1a: Heatran|22\/100|[from] item: Leftovers\n|upkeep\n|\n|t:|1699764002\n|switch|p2b: Shiftry|Shiftry, M|100\/100\n|-ability|p2b: Shiftry|Wind Rider|boost\n|-boost|p2b: Shiftry|atk|1\n|turn|3\n|\n|t:|1699764011\n|move|p2a: Talonflame|Hurricane|p2b: Shiftry\n|-ability|p2b: Shiftry|Wind Rider|boost\n|-boost|p2b: Shiftry|atk|1\n|move|p2b: Shiftry|Rock Slide|p1a: Heatran|[spread] p1a,p1b\n|-crit|p1a: Heatran\n|-supereffective|p1b: Rillaboom\n|-damage|p1a: Heatran|0 fnt\n|-damage|p1b: Rillaboom|47\/100\n|faint|p1a: Heatran\n|move|p1b: Rillaboom|U-turn|p2b: Shiftry\n|-supereffective|p2b: Shiftry\n|-enditem|p2b: Shiftry|Focus Sash\n|-damage|p2b: Shiftry|1\/100\n|\n|t:|1699764023\n|switch|p1b: Milotic|Milotic, F, shiny|100\/100|[from] U-turn\n|\n|-heal|p2b: Shiftry|7\/100|[from] Grassy Terrain\n|-status|p1b: Milotic|brn|[from] item: Flame Orb\n|upkeep\n|\n|t:|1699764033\n|switch|p1a: Kingambit|Kingambit, M, shiny|100\/100\n|turn|4\n|\n|t:|1699764048\n|move|p2b: Shiftry|Protect|p2b: Shiftry\n|-singleturn|p2b: Shiftry|Protect\n|move|p1a: Kingambit|Sucker Punch||[still]\n|-fail|p1a: Kingambit\n|move|p2a: Talonflame|Hurricane|p1a: Kingambit\n|-resisted|p1a: Kingambit\n|-damage|p1a: Kingambit|79\/100\n|move|p1b: Milotic|Scald|p2a: Talonflame\n|-supereffective|p2a: Talonflame\n|-damage|p2a: Talonflame|5\/100\n|\n|-heal|p2b: Shiftry|13\/100|[from] Grassy Terrain\n|-heal|p1a: Kingambit|85\/100|[from] Grassy Terrain\n|-damage|p1b: Milotic|94\/100 brn|[from] brn\n|upkeep\n|turn|5\n|\n|t:|1699764065\n|move|p2b: Shiftry|Protect||[still]\n|-fail|p2b: Shiftry\n|move|p1a: Kingambit|Sucker Punch||[still]\n|-fail|p1a: Kingambit\n|move|p2a: Talonflame|Hurricane|p1a: Kingambit\n|-resisted|p1a: Kingambit\n|-damage|p1a: Kingambit|65\/100\n|move|p1b: Milotic|Scald|p2a: Talonflame\n|-supereffective|p2a: Talonflame\n|-damage|p2a: Talonflame|0 fnt\n|faint|p2a: Talonflame\n|\n|-heal|p2b: Shiftry|20\/100|[from] Grassy Terrain\n|-heal|p1b: Milotic|100\/100 brn|[from] Grassy Terrain\n|-heal|p1a: Kingambit|71\/100|[from] Grassy Terrain\n|-damage|p1b: Milotic|94\/100 brn|[from] brn\n|-sideend|p2: jec3|move: Tailwind\n|-fieldend|move: Grassy Terrain\n|upkeep\n|\n|t:|1699764075\n|switch|p2a: Breloom|Breloom, F|100\/100\n|turn|6\n|\n|t:|1699764088\n|move|p2a: Breloom|Mach Punch|p1a: Kingambit\n|-supereffective|p1a: Kingambit\n|-damage|p1a: Kingambit|0 fnt\n|faint|p1a: Kingambit\n|move|p2b: Shiftry|Leaf Blade|p1b: Milotic\n|-supereffective|p1b: Milotic\n|-damage|p1b: Milotic|3\/100 brn\n|move|p1b: Milotic|Icy Wind|p2b: Shiftry|[spread] p2a\n|-ability|p2b: Shiftry|Wind Rider|boost\n|-boost|p2b: Shiftry|atk|1\n|-supereffective|p2a: Breloom\n|-damage|p2a: Breloom|66\/100\n|-unboost|p2a: Breloom|spe|1\n|\n|-damage|p1b: Milotic|0 fnt|[from] brn\n|faint|p1b: Milotic\n|upkeep\n|\n|t:|1699764103\n|switch|p1b: Rillaboom|Rillaboom, M, shiny, tera:Fire|47\/100\n|switch|p1a: Dragapult|Dragapult, M, shiny|100\/100\n|-fieldstart|move: Grassy Terrain|[from] ability: Grassy Surge|[of] p1b: Rillaboom\n|turn|7\n|\n|t:|1699764117\n|switch|p2a: Drifblim|Drifblim, M|100\/100\n|-enditem|p2a: Drifblim|Grassy Seed\n|-boost|p2a: Drifblim|def|1|[from] item: Grassy Seed\n|move|p2b: Shiftry|Protect|p2b: Shiftry\n|-singleturn|p2b: Shiftry|Protect\n|move|p1b: Rillaboom|Fake Out|p2b: Shiftry\n|-activate|p2b: Shiftry|move: Protect\n|move|p1a: Dragapult|Dragon Darts|p2a: Drifblim\n|-damage|p2a: Drifblim|59\/100\n|-anim|p1a: Dragapult|Dragon Darts|p2a: Drifblim\n|-damage|p2a: Drifblim|21\/100\n|\n|-heal|p2b: Shiftry|26\/100|[from] Grassy Terrain\n|-heal|p1b: Rillaboom|53\/100|[from] Grassy Terrain\n|upkeep\n|turn|8\n|\n|t:|1699764140\n|move|p2a: Drifblim|Tailwind|p2a: Drifblim\n|-sidestart|p2: jec3|move: Tailwind\n|-ability|p2b: Shiftry|Wind Rider|boost\n|-boost|p2b: Shiftry|atk|1\n|move|p2b: Shiftry|Rock Slide|p1a: Dragapult|[spread] p1a,p1b\n|-supereffective|p1b: Rillaboom\n|-damage|p1a: Dragapult|29\/100\n|-damage|p1b: Rillaboom|0 fnt\n|faint|p1b: Rillaboom\n|cant|p1a: Dragapult|flinch\n|\n|-heal|p2b: Shiftry|32\/100|[from] Grassy Terrain\n|-heal|p1a: Dragapult|35\/100|[from] Grassy Terrain\n|upkeep\n|c|\u2606CodyReborn|OF COURSE\n|c|\u2606CodyReborn|suck gamefreaks cock\n|n|\u203dCodyReborn|codyreborn\n|c|&|\/log CodyReborn was locked from talking by Artemis. (\u2606CodyReborn: suck gamefreaks cock)\n|c|&|\/raw <small>This action was done automatically. Want to learn more about the AI? <a href=\"https:\/\/www.smogon.com\/forums\/threads\/3570628\/#post-9056769\">Visit the information thread<\/a>.<\/small>\n|-message|CodyReborn forfeited.\n|\n|win|jec3\n|raw|CodyReborn's rating: 1416 &rarr; <strong>1402<\/strong><br \/>(-14 for losing)\n|raw|jec3's rating: 1519 &rarr; <strong>1533<\/strong><br \/>(+14 for winning)\n|l|\u203dCodyReborn\n","uploadtime":1699764161,"views":6,"p1id":"codyreborn","p2id":"jec3","formatid":"gen9doublesou","rating":1402,"private":0,"password":""}