{"id":"gen9doublesou-1996829278","p1":"Tigifee139","p2":"Todaisal","format":"[Gen 9] Doubles OU","log":"|j|\u2606Tigifee139\n|j|\u2606Todaisal\n|t:|1700732024\n|gametype|doubles\n|player|p1|Tigifee139|1|1108\n|player|p2|Todaisal|ethan|1314\n|teamsize|p1|6\n|teamsize|p2|6\n|gen|9\n|tier|[Gen 9] Doubles OU\n|rated|\n|rule|Species Clause: Limit one of each Pok\u00e9mon\n|rule|OHKO Clause: OHKO moves are banned\n|rule|Evasion Moves Clause: Evasion moves are banned\n|rule|Gravity Sleep Clause: The combination of sleep-inducing moves with imperfect accuracy and Gravity or Gigantamax Orbeetle are banned\n|rule|Endless Battle Clause: Forcing endless battles is banned\n|rule|HP Percentage Mod: HP is shown in percentages\n|clearpoke\n|poke|p1|Landorus-Therian, M|\n|poke|p1|Ogerpon-Hearthflame, F|\n|poke|p1|Grimmsnarl, M|\n|poke|p1|Gholdengo|\n|poke|p1|Iron Hands|\n|poke|p1|Flutter Mane|\n|poke|p2|Oricorio-Pom-Pom, M|\n|poke|p2|Volcarona, F|\n|poke|p2|Sinistcha|\n|poke|p2|Lilligant-Hisui, F|\n|poke|p2|Krookodile, M|\n|poke|p2|Ninetales, M|\n|teampreview\n|\n|t:|1700732046\n|start\n|switch|p1a: Landorus|Landorus-Therian, M, shiny|100\/100\n|switch|p1b: Grimmsnarl|Grimmsnarl, M, shiny|100\/100\n|switch|p2a: Oricorio|Oricorio-Pom-Pom, M|100\/100\n|switch|p2b: Volcarona|Volcarona, F|100\/100\n|-ability|p1a: Landorus|Intimidate|boost\n|-unboost|p2a: Oricorio|atk|1\n|-unboost|p2b: Volcarona|atk|1\n|turn|1\n|c|\u2606Tigifee139|ohh nooo\n|c|\u2606Tigifee139|not quiver dance\n|c|\u2606Todaisal|I'm sorry...\n|\n|t:|1700732091\n|move|p2a: Oricorio|Protect|p2a: Oricorio\n|-singleturn|p2a: Oricorio|Protect\n|move|p1b: Grimmsnarl|Light Screen|p1b: Grimmsnarl\n|-sidestart|p1: Tigifee139|move: Light Screen\n|move|p1a: Landorus|Stone Edge|p2b: Volcarona|[miss]\n|-miss|p1a: Landorus|p2b: Volcarona\n|move|p2b: Volcarona|Will-O-Wisp|p1a: Landorus|[miss]\n|-miss|p2b: Volcarona|p1a: Landorus\n|\n|upkeep\n|turn|2\n|\n|t:|1700732109\n|switch|p2b: Krookodile|Krookodile, M|100\/100\n|-ability|p2b: Krookodile|Intimidate|boost\n|-unboost|p1a: Landorus|atk|1\n|-unboost|p1b: Grimmsnarl|atk|1\n|move|p1a: Landorus|Stone Edge|p2a: Oricorio\n|-supereffective|p2a: Oricorio\n|-damage|p2a: Oricorio|50\/100\n|move|p2a: Oricorio|Quiver Dance|p2a: Oricorio\n|-boost|p2a: Oricorio|spa|1\n|-boost|p2a: Oricorio|spd|1\n|-boost|p2a: Oricorio|spe|1\n|move|p1b: Grimmsnarl|Spirit Break|p2a: Oricorio\n|-damage|p2a: Oricorio|29\/100\n|-unboost|p2a: Oricorio|spa|1\n|\n|-heal|p2a: Oricorio|35\/100|[from] item: Leftovers\n|upkeep\n|turn|3\n|\n|t:|1700732140\n|move|p2a: Oricorio|Protect|p2a: Oricorio\n|-singleturn|p2a: Oricorio|Protect\n|move|p1a: Landorus|Stone Edge|p2b: Krookodile\n|-resisted|p2b: Krookodile\n|-damage|p2b: Krookodile|84\/100\n|move|p2b: Krookodile|Knock Off|p1a: Landorus\n|-damage|p1a: Landorus|48\/100\n|-enditem|p1a: Landorus|Choice Scarf|[from] move: Knock Off|[of] p2b: Krookodile\n|move|p1b: Grimmsnarl|Spirit Break|p2a: Oricorio\n|-activate|p2a: Oricorio|move: Protect\n|\n|-heal|p2a: Oricorio|41\/100|[from] item: Leftovers\n|upkeep\n|turn|4\n|\n|t:|1700732172\n|-terastallize|p2a: Oricorio|Ice\n|move|p1b: Grimmsnarl|Parting Shot|p2b: Krookodile\n|-hint|Since gen 7, Dark is immune to Prankster moves.\n|-immune|p2b: Krookodile\n|move|p2a: Oricorio|Revelation Dance|p1a: Landorus\n|-supereffective|p1a: Landorus\n|-damage|p1a: Landorus|0 fnt\n|faint|p1a: Landorus\n|move|p2b: Krookodile|Knock Off|p1b: Grimmsnarl\n|-resisted|p1b: Grimmsnarl\n|-damage|p1b: Grimmsnarl|91\/100\n|-enditem|p1b: Grimmsnarl|Light Clay|[from] move: Knock Off|[of] p2b: Krookodile\n|\n|-heal|p2a: Oricorio|47\/100|[from] item: Leftovers\n|upkeep\n|\n|t:|1700732191\n|switch|p1a: Ogerpon|Ogerpon-Hearthflame, F|100\/100\n|-ability|p1a: Ogerpon|Mold Breaker\n|turn|5\n|\n|t:|1700732213\n|move|p1b: Grimmsnarl|Parting Shot|p2a: Oricorio\n|-unboost|p2a: Oricorio|atk|1\n|-unboost|p2a: Oricorio|spa|1\n|\n|t:|1700732220\n|switch|p1b: Iron Hands|Iron Hands, shiny|100\/100|[from] Parting Shot\n|move|p2a: Oricorio|Air Cutter|p1b: Iron Hands|[spread] p1a,p1b\n|-supereffective|p1a: Ogerpon\n|-damage|p1a: Ogerpon|85\/100\n|-damage|p1b: Iron Hands|95\/100\n|move|p1a: Ogerpon|Play Rough|p2b: Krookodile\n|-supereffective|p2b: Krookodile\n|-damage|p2b: Krookodile|0 fnt\n|faint|p2b: Krookodile\n|\n|-heal|p2a: Oricorio|54\/100|[from] item: Leftovers\n|upkeep\n|\n|t:|1700732239\n|switch|p2b: Volcarona|Volcarona, F|100\/100\n|turn|6\n|\n|t:|1700732254\n|move|p2a: Oricorio|Protect|p2a: Oricorio\n|-singleturn|p2a: Oricorio|Protect\n|move|p1a: Ogerpon|Ivy Cudgel|p2a: Oricorio|[anim] Ivy Cudgel Fire\n|-activate|p2a: Oricorio|move: Protect\n|move|p2b: Volcarona|Will-O-Wisp|p1b: Iron Hands\n|-status|p1b: Iron Hands|brn\n|move|p1b: Iron Hands|Drain Punch|p2b: Volcarona\n|-resisted|p2b: Volcarona\n|-damage|p2b: Volcarona|83\/100\n|-heal|p1b: Iron Hands|100\/100 brn|[from] drain|[of] p2b: Volcarona\n|-damage|p1b: Iron Hands|90\/100 brn|[from] item: Life Orb\n|\n|-heal|p2a: Oricorio|60\/100|[from] item: Leftovers\n|-damage|p1b: Iron Hands|84\/100 brn|[from] brn\n|upkeep\n|turn|7\n|\n|t:|1700732282\n|move|p2a: Oricorio|Air Cutter|p1a: Ogerpon|[spread] p1a,p1b\n|-supereffective|p1a: Ogerpon\n|-damage|p1a: Ogerpon|67\/100\n|-damage|p1b: Iron Hands|79\/100 brn\n|move|p1a: Ogerpon|Ivy Cudgel|p2a: Oricorio|[anim] Ivy Cudgel Fire\n|-supereffective|p2a: Oricorio\n|-damage|p2a: Oricorio|0 fnt\n|faint|p2a: Oricorio\n|move|p2b: Volcarona|Fiery Dance|p1a: Ogerpon\n|-damage|p1a: Ogerpon|36\/100\n|move|p1b: Iron Hands|Ice Punch|p2b: Volcarona\n|-resisted|p2b: Volcarona\n|-damage|p2b: Volcarona|70\/100\n|-damage|p1b: Iron Hands|69\/100 brn|[from] item: Life Orb\n|\n|-damage|p1b: Iron Hands|62\/100 brn|[from] brn\n|upkeep\n|c|\u2606Tigifee139|YES\n|c|\u2606Tigifee139|I HAVE KILLED YOUR DANCING BIRB\n|\n|t:|1700732314\n|switch|p2a: Ninetales|Ninetales, M|100\/100\n|-weather|SunnyDay|[from] ability: Drought|[of] p2a: Ninetales\n|turn|8\n|\n|t:|1700732334\n|-end|p1b: Iron Hands|Quark Drive|[silent]\n|switch|p1b: Flutter Mane|Flutter Mane|100\/100\n|-activate|p1b: Flutter Mane|ability: Protosynthesis\n|-start|p1b: Flutter Mane|protosynthesisspe\n|move|p1a: Ogerpon|Play Rough|p2b: Volcarona\n|-resisted|p2b: Volcarona\n|-damage|p2b: Volcarona|44\/100\n|move|p2b: Volcarona|Tailwind|p2b: Volcarona\n|-sidestart|p2: Todaisal|move: Tailwind\n|move|p2a: Ninetales|Heat Wave|p1b: Flutter Mane|[spread] p1a,p1b\n|-damage|p1a: Ogerpon|0 fnt\n|-damage|p1b: Flutter Mane|64\/100\n|faint|p1a: Ogerpon\n|\n|-weather|SunnyDay|[upkeep]\n|-sideend|p1: Tigifee139|move: Light Screen\n|upkeep\n|\n|t:|1700732348\n|switch|p1a: Grimmsnarl|Grimmsnarl, M, shiny|91\/100\n|turn|9\n|c|\u2606Todaisal|Yes, but I'm not done yet!\n|\n|t:|1700732362\n|move|p1b: Flutter Mane|Protect|p1b: Flutter Mane\n|-singleturn|p1b: Flutter Mane|Protect\n|move|p1a: Grimmsnarl|Reflect|p1a: Grimmsnarl\n|-sidestart|p1: Tigifee139|Reflect\n|move|p2b: Volcarona|Fiery Dance|p1b: Flutter Mane\n|-activate|p1b: Flutter Mane|move: Protect\n|move|p2a: Ninetales|Heat Wave|p1b: Flutter Mane|[spread] p1a\n|-activate|p1b: Flutter Mane|move: Protect\n|-crit|p1a: Grimmsnarl\n|-damage|p1a: Grimmsnarl|10\/100\n|\n|-weather|SunnyDay|[upkeep]\n|upkeep\n|turn|10\n|\n|t:|1700732381\n|move|p1a: Grimmsnarl|Parting Shot|p2a: Ninetales\n|-unboost|p2a: Ninetales|atk|1\n|-unboost|p2a: Ninetales|spa|1\n|\n|t:|1700732391\n|switch|p1a: Gholdengo|Gholdengo, shiny|100\/100|[from] Parting Shot\n|move|p1b: Flutter Mane|Shadow Ball|p2a: Ninetales\n|-damage|p2a: Ninetales|50\/100\n|move|p2b: Volcarona|Fiery Dance|p1b: Flutter Mane\n|-crit|p1b: Flutter Mane\n|-damage|p1b: Flutter Mane|0 fnt\n|faint|p1b: Flutter Mane\n|-end|p1b: Flutter Mane|Protosynthesis|[silent]\n|move|p2a: Ninetales|Heat Wave|p1a: Gholdengo\n|-supereffective|p1a: Gholdengo\n|-damage|p1a: Gholdengo|15\/100\n|\n|-weather|SunnyDay|[upkeep]\n|-heal|p1a: Gholdengo|22\/100|[from] item: Leftovers\n|upkeep\n|\n|t:|1700732421\n|switch|p1b: Iron Hands|Iron Hands, shiny|62\/100 brn\n|turn|11\n|-message|Tigifee139 forfeited.\n|\n|win|Todaisal\n|raw|Tigifee139's rating: 1108 &rarr; <strong>1096<\/strong><br \/>(-12 for losing)\n|raw|Todaisal's rating: 1314 &rarr; <strong>1323<\/strong><br \/>(+9 for winning)\n|l|\u2606Tigifee139\n","uploadtime":1700732461,"views":2,"p1id":"tigifee139","p2id":"todaisal","formatid":"gen9doublesou","rating":1096,"private":0,"password":""}