{"id":"gen9doublesou-1998411074","p1":"gonegeb","p2":"MattCol","format":"[Gen 9] Doubles OU","log":"|j|\u2606gonegeb\n|j|\u2606MattCol\n|t:|1700939295\n|gametype|doubles\n|player|p1|gonegeb|alain|\n|player|p2|MattCol|2|\n|teamsize|p1|6\n|teamsize|p2|6\n|gen|9\n|tier|[Gen 9] Doubles OU\n|rule|Species Clause: Limit one of each Pok\u00e9mon\n|rule|OHKO Clause: OHKO moves are banned\n|rule|Evasion Moves Clause: Evasion moves are banned\n|rule|Gravity Sleep Clause: The combination of sleep-inducing moves with imperfect accuracy and Gravity or Gigantamax Orbeetle are banned\n|rule|Endless Battle Clause: Forcing endless battles is banned\n|rule|HP Percentage Mod: HP is shown in percentages\n|clearpoke\n|poke|p1|Lucario, M|\n|poke|p1|Umbreon, M|\n|poke|p1|Arcanine, F|\n|poke|p1|Maushold|\n|poke|p1|Ceruledge, M|\n|poke|p1|Torkoal, M|\n|poke|p2|Kilowattrel, F|\n|poke|p2|Iron Hands|\n|poke|p2|Oricorio-Pom-Pom, M|\n|poke|p2|Toxtricity-Low-Key, M|\n|poke|p2|Rotom-Wash|\n|poke|p2|Luxray, M|\n|teampreview\n|c|\u2606gonegeb|oh shiiiiitt we're fuckin electric today baybeee\n|c|\u2606MattCol|Can\u2019t let the hoes know what I\u2019ve been cooking\n|\n|t:|1700939332\n|start\n|switch|p1a: Arcanine|Arcanine, F, shiny|100\/100\n|switch|p1b: Maushold|Maushold|100\/100\n|switch|p2a: Kilowattrel|Kilowattrel, F|100\/100\n|switch|p2b: Oricorio|Oricorio-Pom-Pom, M|100\/100\n|-ability|p1a: Arcanine|Intimidate|boost\n|-unboost|p2a: Kilowattrel|atk|1\n|-unboost|p2b: Oricorio|atk|1\n|turn|1\n|\n|t:|1700939357\n|switch|p1a: Torkoal|Torkoal, M, shiny|100\/100\n|-weather|SunnyDay|[from] ability: Drought|[of] p1a: Torkoal\n|move|p2a: Kilowattrel|Tailwind|p2a: Kilowattrel\n|-sidestart|p2: MattCol|move: Tailwind\n|-start|p2a: Kilowattrel|Charge|Tailwind|[from] ability: Wind Power\n|move|p2b: Oricorio|Quiver Dance|p2b: Oricorio\n|-boost|p2b: Oricorio|spa|1\n|-boost|p2b: Oricorio|spd|1\n|-boost|p2b: Oricorio|spe|1\n|move|p1b: Maushold|Encore|p2a: Kilowattrel\n|-start|p2a: Kilowattrel|Encore\n|\n|-weather|SunnyDay|[upkeep]\n|upkeep\n|turn|2\n|\n|t:|1700939393\n|switch|p2a: Luxray|Luxray, M|100\/100\n|-ability|p2a: Luxray|Intimidate|boost\n|-unboost|p1a: Torkoal|atk|1\n|-unboost|p1b: Maushold|atk|1\n|switch|p1b: Ceruledge|Ceruledge, M, shiny|100\/100\n|move|p2b: Oricorio|Substitute|p2b: Oricorio\n|-start|p2b: Oricorio|Substitute\n|-damage|p2b: Oricorio|76\/100\n|move|p1a: Torkoal|Lava Plume|p2b: Oricorio|[spread] p2a,p2b\n|-start|p1b: Ceruledge|ability: Flash Fire\n|-end|p2b: Oricorio|Substitute\n|-damage|p2a: Luxray|59\/100\n|-status|p2a: Luxray|brn\n|\n|-weather|SunnyDay|[upkeep]\n|-damage|p2a: Luxray|53\/100 brn|[from] brn\n|upkeep\n|turn|3\n|\n|t:|1700939421\n|move|p1a: Torkoal|Protect|p1a: Torkoal\n|-singleturn|p1a: Torkoal|Protect\n|move|p2b: Oricorio|Air Slash|p1b: Ceruledge\n|-damage|p1b: Ceruledge|60\/100\n|move|p2a: Luxray|Crunch|p1b: Ceruledge\n|-supereffective|p1b: Ceruledge\n|-damage|p1b: Ceruledge|23\/100\n|-enditem|p1b: Ceruledge|Weakness Policy\n|-boost|p1b: Ceruledge|atk|2|[from] item: Weakness Policy\n|-boost|p1b: Ceruledge|spa|2|[from] item: Weakness Policy\n|move|p1b: Ceruledge|Bitter Blade|p2b: Oricorio\n|-damage|p2b: Oricorio|0 fnt\n|-heal|p1b: Ceruledge|54\/100|[from] drain|[of] p2b: Oricorio\n|faint|p2b: Oricorio\n|\n|-weather|SunnyDay|[upkeep]\n|-damage|p2a: Luxray|47\/100 brn|[from] brn\n|upkeep\n|-enditem|p2a: Luxray|Sitrus Berry|[eat]\n|-heal|p2a: Luxray|72\/100 brn|[from] item: Sitrus Berry\n|c|\u2606MattCol|Lol\n|c|\u2606gonegeb|lmao\n|\n|t:|1700939449\n|switch|p2b: Iron Hands|Iron Hands|100\/100\n|turn|4\n|c|\u2606gonegeb|def dont want to let the hoes know whats been cooking\n|\n|t:|1700939472\n|switch|p1a: Arcanine|Arcanine, F, shiny|100\/100\n|-ability|p1a: Arcanine|Intimidate|boost\n|-unboost|p2a: Luxray|atk|1\n|-unboost|p2b: Iron Hands|atk|1\n|move|p2a: Luxray|Crunch|p1b: Ceruledge\n|-supereffective|p1b: Ceruledge\n|-damage|p1b: Ceruledge|30\/100\n|move|p2b: Iron Hands|Volt Switch|p1b: Ceruledge\n|-damage|p1b: Ceruledge|21\/100\n|c|\u2606gonegeb|lmao\n|\n|t:|1700939485\n|-end|p2b: Iron Hands|Quark Drive|[silent]\n|switch|p2b: Rotom|Rotom-Wash|100\/100|[from] Volt Switch\n|move|p1b: Ceruledge|Bitter Blade|p2a: Luxray\n|-damage|p2a: Luxray|0 fnt\n|-heal|p1b: Ceruledge|58\/100|[from] drain|[of] p2a: Luxray\n|faint|p2a: Luxray\n|\n|-weather|SunnyDay|[upkeep]\n|-sideend|p2: MattCol|move: Tailwind\n|upkeep\n|\n|t:|1700939509\n|switch|p2a: Iron Hands|Iron Hands|100\/100\n|turn|5\n|\n|t:|1700939518\n|switch|p1a: Maushold|Maushold|100\/100\n|move|p1b: Ceruledge|Protect|p1b: Ceruledge\n|-singleturn|p1b: Ceruledge|Protect\n|move|p2a: Iron Hands|Fake Out|p1b: Ceruledge\n|-activate|p1b: Ceruledge|move: Protect\n|move|p2b: Rotom|Electric Terrain|p2b: Rotom\n|-fieldstart|move: Electric Terrain\n|-activate|p2a: Iron Hands|ability: Quark Drive\n|-start|p2a: Iron Hands|quarkdriveatk\n|\n|-weather|none\n|upkeep\n|turn|6\n|c|\u2606MattCol|Today years old when I found out fake out was normal type\n|\n|t:|1700939563\n|-terastallize|p1b: Ceruledge|Water\n|move|p1a: Maushold|Encore|p2a: Iron Hands\n|-start|p2a: Iron Hands|Encore\n|move|p2b: Rotom|Hydro Pump|p1b: Ceruledge\n|-resisted|p1b: Ceruledge\n|-damage|p1b: Ceruledge|44\/100\n|move|p1b: Ceruledge|Bitter Blade|p2b: Rotom\n|-resisted|p2b: Rotom\n|-damage|p2b: Rotom|41\/100\n|-heal|p1b: Ceruledge|69\/100|[from] drain|[of] p2b: Rotom\n|move|p2a: Iron Hands|Fake Out||[still]\n|-hint|Fake Out only works on your first turn out.\n|-fail|p2a: Iron Hands\n|\n|upkeep\n|turn|7\n|c|\u2606gonegeb|yes sir\n|c|\u2606gonegeb|now do it again\n|\n|t:|1700939610\n|-end|p2a: Iron Hands|Quark Drive|[silent]\n|switch|p2a: Toxtricity|Toxtricity-Low-Key, M|100\/100\n|move|p1a: Maushold|Follow Me|p1a: Maushold\n|-singleturn|p1a: Maushold|move: Follow Me\n|move|p2b: Rotom|Foul Play|p1a: Maushold\n|-damage|p1a: Maushold|79\/100\n|move|p1b: Ceruledge|Bitter Blade|p2b: Rotom\n|-resisted|p2b: Rotom\n|-damage|p2b: Rotom|0 fnt\n|-heal|p1b: Ceruledge|87\/100|[from] drain|[of] p2b: Rotom\n|faint|p2b: Rotom\n|\n|upkeep\n|c|\u2606gonegeb|nop\n|\n|t:|1700939632\n|switch|p2b: Kilowattrel|Kilowattrel, F|100\/100\n|turn|8\n|\n|t:|1700939657\n|move|p1b: Ceruledge|Protect|p1b: Ceruledge\n|-singleturn|p1b: Ceruledge|Protect\n|move|p2b: Kilowattrel|Tailwind|p2b: Kilowattrel\n|-sidestart|p2: MattCol|move: Tailwind\n|-start|p2b: Kilowattrel|Charge|Tailwind|[from] ability: Wind Power\n|move|p2a: Toxtricity|Discharge|p1a: Maushold|[spread] p2b,p1a\n|-activate|p1b: Ceruledge|move: Protect\n|-damage|p2b: Kilowattrel|29\/100\n|-damage|p1a: Maushold|29\/100\n|-enditem|p1a: Maushold|Sitrus Berry|[eat]\n|-heal|p1a: Maushold|54\/100|[from] item: Sitrus Berry\n|-heal|p1a: Maushold|87\/100|[from] ability: Cheek Pouch\n|move|p1a: Maushold|Encore|p2b: Kilowattrel\n|-start|p2b: Kilowattrel|Encore\n|\n|upkeep\n|turn|9\n|\n|t:|1700939689\n|switch|p2b: Iron Hands|Iron Hands|100\/100\n|-activate|p2b: Iron Hands|ability: Quark Drive\n|-start|p2b: Iron Hands|quarkdriveatk\n|switch|p1a: Torkoal|Torkoal, M, shiny|100\/100\n|-weather|SunnyDay|[from] ability: Drought|[of] p1a: Torkoal\n|move|p2a: Toxtricity|Sludge Bomb|p1b: Ceruledge\n|-damage|p1b: Ceruledge|52\/100\n|move|p1b: Ceruledge|Bitter Blade|p2a: Toxtricity\n|-crit|p2a: Toxtricity\n|-damage|p2a: Toxtricity|0 fnt\n|-heal|p1b: Ceruledge|100\/100|[from] drain|[of] p2a: Toxtricity\n|faint|p2a: Toxtricity\n|\n|-weather|SunnyDay|[upkeep]\n|-fieldend|move: Electric Terrain\n|-end|p2b: Iron Hands|Quark Drive\n|upkeep\n|\n|t:|1700939703\n|switch|p2a: Kilowattrel|Kilowattrel, F|29\/100\n|turn|10\n|\n|t:|1700939732\n|switch|p1a: Arcanine|Arcanine, F, shiny|100\/100\n|-ability|p1a: Arcanine|Intimidate|boost\n|-unboost|p2a: Kilowattrel|atk|1\n|-unboost|p2b: Iron Hands|atk|1\n|move|p1b: Ceruledge|Protect|p1b: Ceruledge\n|-singleturn|p1b: Ceruledge|Protect\n|move|p2b: Iron Hands|Fake Out|p1a: Arcanine\n|-damage|p1a: Arcanine|92\/100\n|move|p2a: Kilowattrel|Thunderbolt|p1b: Ceruledge\n|-activate|p1b: Ceruledge|move: Protect\n|\n|-weather|SunnyDay|[upkeep]\n|upkeep\n|turn|11\n|\n|t:|1700939756\n|switch|p1a: Torkoal|Torkoal, M, shiny|100\/100\n|move|p1b: Ceruledge|Shadow Sneak|p2a: Kilowattrel\n|-damage|p2a: Kilowattrel|0 fnt\n|faint|p2a: Kilowattrel\n|move|p2b: Iron Hands|Drain Punch|p1a: Torkoal\n|-damage|p1a: Torkoal|79\/100\n|\n|-weather|SunnyDay|[upkeep]\n|-sideend|p2: MattCol|move: Tailwind\n|upkeep\n|turn|12\n|\n|t:|1700939766\n|switch|p1a: Arcanine|Arcanine, F, shiny|92\/100\n|-ability|p1a: Arcanine|Intimidate|boost\n|-unboost|p2b: Iron Hands|atk|1\n|move|p2b: Iron Hands|Fake Out||[still]\n|-hint|Fake Out only works on your first turn out.\n|-fail|p2b: Iron Hands\n|move|p1b: Ceruledge|Bulk Up|p1b: Ceruledge\n|-boost|p1b: Ceruledge|atk|1\n|-boost|p1b: Ceruledge|def|1\n|\n|-weather|SunnyDay|[upkeep]\n|upkeep\n|turn|13\n|\n|t:|1700939779\n|move|p2b: Iron Hands|Fake Out||[still]\n|-hint|Fake Out only works on your first turn out.\n|-fail|p2b: Iron Hands\n|move|p1a: Arcanine|Will-O-Wisp|p2b: Iron Hands\n|-status|p2b: Iron Hands|brn\n|move|p1b: Ceruledge|Bulk Up|p1b: Ceruledge\n|-boost|p1b: Ceruledge|atk|1\n|-boost|p1b: Ceruledge|def|1\n|\n|-weather|none\n|-damage|p2b: Iron Hands|94\/100 brn|[from] brn\n|upkeep\n|turn|14\n|c|\u2606gonegeb|behold what i think of iron hands\n|\n|t:|1700939792\n|switch|p1a: Torkoal|Torkoal, M, shiny|79\/100\n|-weather|SunnyDay|[from] ability: Drought|[of] p1a: Torkoal\n|move|p2b: Iron Hands|Fake Out||[still]\n|-hint|Fake Out only works on your first turn out.\n|-fail|p2b: Iron Hands\n|move|p1b: Ceruledge|Bulk Up|p1b: Ceruledge\n|-boost|p1b: Ceruledge|atk|1\n|-boost|p1b: Ceruledge|def|1\n|\n|-weather|SunnyDay|[upkeep]\n|-damage|p2b: Iron Hands|88\/100 brn|[from] brn\n|upkeep\n|turn|15\n|c|\u2606MattCol|It\u2019s not over\n|\n|t:|1700939806\n|switch|p1a: Arcanine|Arcanine, F, shiny|92\/100\n|-ability|p1a: Arcanine|Intimidate|boost\n|-unboost|p2b: Iron Hands|atk|1\n|-terastallize|p2b: Iron Hands|Fighting\n|move|p2b: Iron Hands|Fake Out||[still]\n|-hint|Fake Out only works on your first turn out.\n|-fail|p2b: Iron Hands\n|move|p1b: Ceruledge|Bulk Up|p1b: Ceruledge\n|-boost|p1b: Ceruledge|atk|1\n|-boost|p1b: Ceruledge|def|1\n|\n|-weather|SunnyDay|[upkeep]\n|-damage|p2b: Iron Hands|82\/100 brn|[from] brn\n|upkeep\n|turn|16\n|c|\u2606gonegeb|youre right\n|c|\u2606gonegeb|its only joever when its joever\n|\n|t:|1700939828\n|switch|p1a: Torkoal|Torkoal, M, shiny|79\/100\n|move|p2b: Iron Hands|Fake Out||[still]\n|-hint|Fake Out only works on your first turn out.\n|-fail|p2b: Iron Hands\n|move|p1b: Ceruledge|Bulk Up|p1b: Ceruledge\n|-boost|p1b: Ceruledge|atk|0\n|-boost|p1b: Ceruledge|def|1\n|\n|-weather|SunnyDay|[upkeep]\n|-damage|p2b: Iron Hands|76\/100 brn|[from] brn\n|upkeep\n|turn|17\n|\n|t:|1700939842\n|switch|p1a: Arcanine|Arcanine, F, shiny|92\/100\n|-ability|p1a: Arcanine|Intimidate|boost\n|-unboost|p2b: Iron Hands|atk|1\n|move|p2b: Iron Hands|Fake Out||[still]\n|-hint|Fake Out only works on your first turn out.\n|-fail|p2b: Iron Hands\n|move|p1b: Ceruledge|Bulk Up|p1b: Ceruledge\n|-boost|p1b: Ceruledge|atk|0\n|-boost|p1b: Ceruledge|def|1\n|\n|-weather|SunnyDay|[upkeep]\n|-damage|p2b: Iron Hands|70\/100 brn|[from] brn\n|upkeep\n|turn|18\n|\n|t:|1700939859\n|switch|p1a: Maushold|Maushold|87\/100\n|move|p1b: Ceruledge|Protect|p1b: Ceruledge\n|-singleturn|p1b: Ceruledge|Protect\n|move|p2b: Iron Hands|Fake Out||[still]\n|-hint|Fake Out only works on your first turn out.\n|-fail|p2b: Iron Hands\n|\n|-weather|none\n|-damage|p2b: Iron Hands|64\/100 brn|[from] brn\n|upkeep\n|turn|19\n|c|\u2606MattCol|Almost out of fake outs man\n|\n|t:|1700939874\n|move|p2b: Iron Hands|Fake Out||[still]\n|-hint|Fake Out only works on your first turn out.\n|-fail|p2b: Iron Hands\n|move|p1a: Maushold|Encore|p2b: Iron Hands\n|-start|p2b: Iron Hands|Encore\n|move|p1b: Ceruledge|Bulk Up|p1b: Ceruledge\n|-boost|p1b: Ceruledge|atk|0\n|-boost|p1b: Ceruledge|def|0\n|\n|-damage|p2b: Iron Hands|58\/100 brn|[from] brn\n|upkeep\n|turn|20\n|c|\u2606gonegeb|well you betta do it again\n|\n|t:|1700939892\n|switch|p1a: Torkoal|Torkoal, M, shiny|79\/100\n|-weather|SunnyDay|[from] ability: Drought|[of] p1a: Torkoal\n|move|p2b: Iron Hands|Fake Out||[still]\n|-hint|Fake Out only works on your first turn out.\n|-fail|p2b: Iron Hands\n|move|p1b: Ceruledge|Bulk Up|p1b: Ceruledge\n|-boost|p1b: Ceruledge|atk|0\n|-boost|p1b: Ceruledge|def|0\n|\n|-weather|SunnyDay|[upkeep]\n|-damage|p2b: Iron Hands|52\/100 brn|[from] brn\n|upkeep\n|turn|21\n|\n|t:|1700939907\n|switch|p1a: Lucario|Lucario, M|100\/100\n|move|p1b: Ceruledge|Protect|p1b: Ceruledge\n|-singleturn|p1b: Ceruledge|Protect\n|move|p2b: Iron Hands|Fake Out||[still]\n|-hint|Fake Out only works on your first turn out.\n|-fail|p2b: Iron Hands\n|\n|-weather|SunnyDay|[upkeep]\n|-damage|p2b: Iron Hands|46\/100 brn|[from] brn\n|upkeep\n|turn|22\n|c|\u2606MattCol|You actually can\u2019t bulk up again due to the stat cap\n|\n|t:|1700939925\n|move|p2b: Iron Hands|Fake Out||[still]\n|-hint|Fake Out only works on your first turn out.\n|-fail|p2b: Iron Hands\n|move|p1a: Lucario|Swords Dance|p1a: Lucario\n|-boost|p1a: Lucario|atk|2\n|move|p1b: Ceruledge|Bulk Up|p1b: Ceruledge\n|-boost|p1b: Ceruledge|atk|0\n|-boost|p1b: Ceruledge|def|0\n|\n|-weather|SunnyDay|[upkeep]\n|-damage|p2b: Iron Hands|40\/100 brn|[from] brn\n|-end|p2b: Iron Hands|Encore\n|upkeep\n|turn|23\n|c|\u2606MattCol|It\u2019s not optimal\n|c|\u2606gonegeb|are you sure about that\n|\n|t:|1700939949\n|move|p2b: Iron Hands|Fake Out||[still]\n|-hint|Fake Out only works on your first turn out.\n|-fail|p2b: Iron Hands\n|move|p1a: Lucario|Swords Dance|p1a: Lucario\n|-boost|p1a: Lucario|atk|2\n|move|p1b: Ceruledge|Bulk Up|p1b: Ceruledge\n|-boost|p1b: Ceruledge|atk|0\n|-boost|p1b: Ceruledge|def|0\n|\n|-weather|SunnyDay|[upkeep]\n|-damage|p2b: Iron Hands|34\/100 brn|[from] brn\n|upkeep\n|turn|24\n|c|\u2606gonegeb|and ima do it again\n|\n|t:|1700939962\n|move|p2b: Iron Hands|Fake Out||[still]\n|-hint|Fake Out only works on your first turn out.\n|-fail|p2b: Iron Hands\n|move|p1a: Lucario|Swords Dance|p1a: Lucario\n|-boost|p1a: Lucario|atk|2\n|move|p1b: Ceruledge|Bulk Up|p1b: Ceruledge\n|-boost|p1b: Ceruledge|atk|0\n|-boost|p1b: Ceruledge|def|0\n|\n|-weather|none\n|-damage|p2b: Iron Hands|28\/100 brn|[from] brn\n|upkeep\n|turn|25\n|c|\u2606gonegeb|youve faked your last out\n|\n|t:|1700939979\n|move|p1a: Lucario|Protect|p1a: Lucario\n|-singleturn|p1a: Lucario|Protect\n|move|p1b: Ceruledge|Protect|p1b: Ceruledge\n|-singleturn|p1b: Ceruledge|Protect\n|move|p2b: Iron Hands|Fire Punch|p1b: Ceruledge\n|-activate|p1b: Ceruledge|move: Protect\n|\n|-damage|p2b: Iron Hands|22\/100 brn|[from] brn\n|upkeep\n|turn|26\n|\n|t:|1700939998\n|move|p1a: Lucario|Protect|p1a: Lucario\n|-singleturn|p1a: Lucario|Protect\n|move|p1b: Ceruledge|Protect||[still]\n|-fail|p1b: Ceruledge\n|move|p2b: Iron Hands|Fire Punch|p1b: Ceruledge\n|-immune|p1b: Ceruledge|[from] ability: Flash Fire\n|\n|-damage|p2b: Iron Hands|16\/100 brn|[from] brn\n|upkeep\n|turn|27\n|\n|t:|1700940022\n|move|p1b: Ceruledge|Protect|p1b: Ceruledge\n|-singleturn|p1b: Ceruledge|Protect\n|move|p1a: Lucario|Drain Punch|p1b: Ceruledge\n|-activate|p1b: Ceruledge|move: Protect\n|move|p2b: Iron Hands|Fire Punch|p1b: Ceruledge\n|-activate|p1b: Ceruledge|move: Protect\n|\n|-damage|p2b: Iron Hands|10\/100 brn|[from] brn\n|upkeep\n|turn|28\n|\n|t:|1700940035\n|move|p1a: Lucario|Protect|p1a: Lucario\n|-singleturn|p1a: Lucario|Protect\n|move|p1b: Ceruledge|Bitter Blade|p1a: Lucario\n|-activate|p1a: Lucario|move: Protect\n|move|p2b: Iron Hands|Fire Punch|p1b: Ceruledge\n|-immune|p1b: Ceruledge|[from] ability: Flash Fire\n|\n|-damage|p2b: Iron Hands|3\/100 brn|[from] brn\n|upkeep\n|turn|29\n|\n|t:|1700940057\n|move|p1b: Ceruledge|Shadow Sneak|p1a: Lucario\n|-enditem|p1a: Lucario|Focus Sash\n|-damage|p1a: Lucario|1\/100\n|move|p1a: Lucario|Drain Punch|p2b: Iron Hands\n|-damage|p2b: Iron Hands|0 fnt\n|-heal|p1a: Lucario|4\/100|[from] drain|[of] p2b: Iron Hands\n|-damage|p1a: Lucario|0 fnt|[from] item: Rocky Helmet|[of] p2b: Iron Hands\n|faint|p2b: Iron Hands\n|-end|p2b: Iron Hands|Quark Drive|[silent]\n|faint|p1a: Lucario\n|\n|win|gonegeb\n|c|\u2606MattCol|Gg\n|c|\u2606MattCol|close one\n|c|\u2606gonegeb|gg\n|c|\u2606gonegeb|almost had me there\n|c|\u2606MattCol|30 moves w a mono team is impressive\n|c|\u2606MattCol|Especially one that\u2019s meta\n|c|\u2606gonegeb|hell yeah brother\n|l|\u2606MattCol\n","uploadtime":1700940102,"views":8,"p1id":"gonegeb","p2id":"mattcol","formatid":"gen9doublesou","rating":0,"private":0,"password":""}