{"id":"gen9doublesou-1995708239","p1":"Kssc","p2":"Gerri_Scoppy","format":"[Gen 9] Doubles OU","log":"|j|\u2606Kssc\n|j|\u2606Gerri_Scoppy\n|t:|1700595815\n|gametype|doubles\n|player|p1|Kssc|1|1255\n|player|p2|Gerri_Scoppy|n|1163\n|teamsize|p1|6\n|teamsize|p2|6\n|gen|9\n|tier|[Gen 9] Doubles OU\n|rated|\n|rule|Species Clause: Limit one of each Pok\u00e9mon\n|rule|OHKO Clause: OHKO moves are banned\n|rule|Evasion Moves Clause: Evasion moves are banned\n|rule|Gravity Sleep Clause: The combination of sleep-inducing moves with imperfect accuracy and Gravity or Gigantamax Orbeetle are banned\n|rule|Endless Battle Clause: Forcing endless battles is banned\n|rule|HP Percentage Mod: HP is shown in percentages\n|clearpoke\n|poke|p1|Kommo-o, F|\n|poke|p1|Flamigo, F|\n|poke|p1|Sinistcha-Masterpiece|\n|poke|p1|Grimmsnarl, M|\n|poke|p1|Gyarados, M|\n|poke|p1|Cresselia, F|\n|poke|p2|Torkoal, F|\n|poke|p2|Victreebel, M|\n|poke|p2|Chi-Yu|\n|poke|p2|Dudunsparce-*, M|\n|poke|p2|Electrode-Hisui|\n|poke|p2|Avalugg-Hisui, M|\n|teampreview\n|inactive|Battle timer is ON: inactive players will automatically lose when time's up. (requested by Gerri_Scoppy)\n|\n|t:|1700595833\n|start\n|switch|p1a: Grimmsnarl|Grimmsnarl, M, shiny|100\/100\n|switch|p1b: Gyarados|Gyarados, M, shiny|100\/100\n|switch|p2a: Torkoal|Torkoal, F|100\/100\n|switch|p2b: Victreebel|Victreebel, M, shiny|100\/100\n|-ability|p1b: Gyarados|Intimidate|boost\n|-unboost|p2a: Torkoal|atk|1\n|-unboost|p2b: Victreebel|atk|1\n|-weather|SunnyDay|[from] ability: Drought|[of] p2a: Torkoal\n|turn|1\n|\n|t:|1700595843\n|move|p1a: Grimmsnarl|Thunder Wave|p2b: Victreebel\n|-status|p2b: Victreebel|par\n|move|p1b: Gyarados|Dragon Dance|p1b: Gyarados\n|-boost|p1b: Gyarados|atk|1\n|-boost|p1b: Gyarados|spe|1\n|move|p2b: Victreebel|Growth|p2b: Victreebel\n|-boost|p2b: Victreebel|atk|2\n|-boost|p2b: Victreebel|spa|2\n|move|p2a: Torkoal|Yawn|p1a: Grimmsnarl\n|-start|p1a: Grimmsnarl|move: Yawn|[of] p2a: Torkoal\n|\n|-weather|SunnyDay|[upkeep]\n|upkeep\n|turn|2\n|\n|t:|1700595865\n|move|p1a: Grimmsnarl|Parting Shot|p2a: Torkoal\n|-unboost|p2a: Torkoal|atk|1\n|-unboost|p2a: Torkoal|spa|1\n|\n|t:|1700595871\n|switch|p1a: Cresselia|Cresselia, F, shiny|100\/100|[from] Parting Shot\n|move|p1b: Gyarados|Earthquake|p2a: Torkoal|[spread] p2a,p2b\n|-immune|p1a: Cresselia|[from] ability: Levitate\n|-supereffective|p2a: Torkoal\n|-crit|p2b: Victreebel\n|-damage|p2a: Torkoal|42\/100\n|-damage|p2b: Victreebel|1\/100 par\n|move|p2b: Victreebel|Solar Beam||[still]\n|-prepare|p2b: Victreebel|Solar Beam\n|-anim|p2b: Victreebel|Solar Beam|p1b: Gyarados\n|-damage|p1b: Gyarados|0 fnt\n|faint|p1b: Gyarados\n|-damage|p2b: Victreebel|0 fnt|[from] item: Life Orb\n|faint|p2b: Victreebel\n|move|p2a: Torkoal|Clear Smog|p1a: Cresselia\n|-damage|p1a: Cresselia|97\/100\n|-clearboost|p1a: Cresselia\n|\n|-weather|SunnyDay|[upkeep]\n|-heal|p1a: Cresselia|100\/100|[from] item: Leftovers\n|-heal|p2a: Torkoal|48\/100|[from] item: Leftovers\n|upkeep\n|\n|t:|1700595885\n|switch|p1b: Grimmsnarl|Grimmsnarl, M, shiny|100\/100\n|switch|p2b: Chi-Yu|Chi-Yu|100\/100\n|-ability|p2b: Chi-Yu|Beads of Ruin\n|turn|3\n|\n|t:|1700595913\n|move|p1b: Grimmsnarl|Parting Shot|p2b: Chi-Yu\n|-hint|Since gen 7, Dark is immune to Prankster moves.\n|-immune|p2b: Chi-Yu\n|move|p2b: Chi-Yu|Dark Pulse|p1a: Cresselia\n|-supereffective|p1a: Cresselia\n|-damage|p1a: Cresselia|42\/100\n|move|p1a: Cresselia|Psychic|p2a: Torkoal\n|-damage|p2a: Torkoal|13\/100\n|move|p2a: Torkoal|Yawn|p1b: Grimmsnarl\n|-start|p1b: Grimmsnarl|move: Yawn|[of] p2a: Torkoal\n|\n|-weather|SunnyDay|[upkeep]\n|-heal|p1a: Cresselia|48\/100|[from] item: Leftovers\n|-heal|p2a: Torkoal|19\/100|[from] item: Leftovers\n|upkeep\n|turn|4\n|\n|t:|1700595924\n|move|p1a: Cresselia|Ally Switch|p1a: Cresselia\n|swap|p1a: Cresselia|1|[from] move: Ally Switch\n|move|p1a: Grimmsnarl|Parting Shot|p2a: Torkoal\n|-unboost|p2a: Torkoal|atk|1\n|-unboost|p2a: Torkoal|spa|1\n|\n|t:|1700595931\n|switch|p1a: Kommo-o|Kommo-o, F|100\/100|[from] Parting Shot\n|move|p2b: Chi-Yu|Nasty Plot|p2b: Chi-Yu\n|-boost|p2b: Chi-Yu|spa|2\n|move|p2a: Torkoal|Yawn|p1a: Kommo-o\n|-start|p1a: Kommo-o|move: Yawn|[of] p2a: Torkoal\n|\n|-weather|SunnyDay|[upkeep]\n|-heal|p1b: Cresselia|55\/100|[from] item: Leftovers\n|-heal|p2a: Torkoal|25\/100|[from] item: Leftovers\n|upkeep\n|turn|5\n|\n|t:|1700595955\n|move|p2b: Chi-Yu|Psychic|p1b: Cresselia\n|-resisted|p1b: Cresselia\n|-damage|p1b: Cresselia|33\/100\n|move|p1a: Kommo-o|Clangorous Soul|p1a: Kommo-o\n|-boost|p1a: Kommo-o|atk|1\n|-boost|p1a: Kommo-o|def|1\n|-boost|p1a: Kommo-o|spa|1\n|-boost|p1a: Kommo-o|spd|1\n|-boost|p1a: Kommo-o|spe|1\n|-damage|p1a: Kommo-o|68\/100\n|-enditem|p1a: Kommo-o|Throat Spray\n|-boost|p1a: Kommo-o|spa|1|[from] item: Throat Spray\n|move|p1b: Cresselia|Lunar Blessing|p1b: Cresselia|[spread] p1a,p1b\n|-heal|p1a: Kommo-o|93\/100\n|-heal|p1b: Cresselia|58\/100\n|move|p2a: Torkoal|Yawn||[still]\n|-fail|p2a: Torkoal\n|\n|-weather|none\n|-heal|p1b: Cresselia|64\/100|[from] item: Leftovers\n|-heal|p2a: Torkoal|31\/100|[from] item: Leftovers\n|-end|p1a: Kommo-o|move: Yawn|[silent]\n|-status|p1a: Kommo-o|slp\n|upkeep\n|turn|6\n|\n|t:|1700595981\n|-terastallize|p1a: Kommo-o|Fire\n|cant|p1a: Kommo-o|slp\n|move|p2b: Chi-Yu|Dark Pulse|p1b: Cresselia\n|-supereffective|p1b: Cresselia\n|-damage|p1b: Cresselia|0 fnt\n|faint|p1b: Cresselia\n|move|p2a: Torkoal|Clear Smog|p1a: Kommo-o\n|-damage|p1a: Kommo-o|87\/100 slp\n|-clearboost|p1a: Kommo-o\n|\n|-heal|p2a: Torkoal|37\/100|[from] item: Leftovers\n|upkeep\n|-message|Kssc forfeited.\n|\n|win|Gerri_Scoppy\n|raw|Kssc's rating: 1255 &rarr; <strong>1224<\/strong><br \/>(-31 for losing)\n|raw|Gerri_Scoppy's rating: 1163 &rarr; <strong>1194<\/strong><br \/>(+31 for winning)\n|l|\u2606Kssc\n","uploadtime":1700595996,"views":0,"p1id":"kssc","p2id":"gerriscoppy","formatid":"gen9doublesou","rating":1194,"private":0,"password":""}