{"id":"gen9doublesou-1988096055","p1":"Elite.4.Challenger","p2":"Tooper Sr","format":"[Gen 9] Doubles OU","log":"|j|\u2606Elite.4.Challenger\n|j|\u2606Tooper Sr\n|t:|1699669013\n|gametype|doubles\n|player|p1|Elite.4.Challenger|koga|1325\n|player|p2|Tooper Sr|2|1181\n|teamsize|p1|6\n|teamsize|p2|6\n|gen|9\n|tier|[Gen 9] Doubles OU\n|rated|\n|rule|Species Clause: Limit one of each Pok\u00e9mon\n|rule|OHKO Clause: OHKO moves are banned\n|rule|Evasion Moves Clause: Evasion moves are banned\n|rule|Gravity Sleep Clause: The combination of sleep-inducing moves with imperfect accuracy and Gravity or Gigantamax Orbeetle are banned\n|rule|Endless Battle Clause: Forcing endless battles is banned\n|rule|HP Percentage Mod: HP is shown in percentages\n|clearpoke\n|poke|p1|Zapdos|\n|poke|p1|Grimmsnarl, M|\n|poke|p1|Basculegion-F, F|\n|poke|p1|Goodra-Hisui, M|\n|poke|p1|Politoed, F|\n|poke|p1|Toxicroak, F|\n|poke|p2|Maushold|\n|poke|p2|Ursaluna, F|\n|poke|p2|Sinistcha|\n|poke|p2|Landorus-Therian, M|\n|poke|p2|Cetitan, F|\n|poke|p2|Flamigo, F|\n|teampreview\n|inactive|Battle timer is ON: inactive players will automatically lose when time's up. (requested by Tooper Sr)\n|\n|t:|1699669038\n|start\n|switch|p1a: Gollum|Grimmsnarl, M|100\/100\n|switch|p1b: Big Bird|Zapdos|100\/100\n|switch|p2a: Landorus|Landorus-Therian, M|100\/100\n|switch|p2b: Ursaluna|Ursaluna, F|100\/100\n|-ability|p2a: Landorus|Intimidate|boost\n|-unboost|p1a: Gollum|atk|1\n|-unboost|p1b: Big Bird|atk|1\n|turn|1\n|\n|t:|1699669059\n|move|p2b: Ursaluna|Protect|p2b: Ursaluna\n|-singleturn|p2b: Ursaluna|Protect\n|move|p1a: Gollum|Reflect|p1a: Gollum\n|-sidestart|p1: Elite.4.Challenger|Reflect\n|move|p2a: Landorus|Rock Slide|p1b: Big Bird|[spread] p1a,p1b\n|-supereffective|p1b: Big Bird\n|-damage|p1a: Gollum|83\/100\n|-damage|p1b: Big Bird|66\/100\n|move|p1b: Big Bird|Tailwind|p1b: Big Bird\n|-sidestart|p1: Elite.4.Challenger|move: Tailwind\n|\n|-status|p2b: Ursaluna|brn|[from] item: Flame Orb\n|upkeep\n|turn|2\n|\n|t:|1699669076\n|move|p1a: Gollum|Parting Shot|p2b: Ursaluna\n|-unboost|p2b: Ursaluna|atk|1\n|-unboost|p2b: Ursaluna|spa|1\n|\n|t:|1699669079\n|switch|p1a: Kermit the Frog|Politoed, F|100\/100|[from] Parting Shot\n|-weather|RainDance|[from] ability: Drizzle|[of] p1a: Kermit the Frog\n|move|p1b: Big Bird|Hurricane|p2b: Ursaluna\n|-damage|p2b: Ursaluna|46\/100 brn\n|move|p2a: Landorus|Rock Slide|p1b: Big Bird|[spread] p1b\n|-miss|p2a: Landorus|p1a: Kermit the Frog\n|-supereffective|p1b: Big Bird\n|-damage|p1b: Big Bird|32\/100\n|move|p2b: Ursaluna|Facade|p1b: Big Bird\n|-damage|p1b: Big Bird|0 fnt\n|faint|p1b: Big Bird\n|\n|-weather|RainDance|[upkeep]\n|-damage|p2b: Ursaluna|40\/100 brn|[from] brn\n|upkeep\n|\n|t:|1699669095\n|switch|p1b: Michael Phelps|Basculegion-F, F|100\/100\n|turn|3\n|\n|t:|1699669116\n|switch|p2a: Sinistcha|Sinistcha|100\/100\n|-heal|p2b: Ursaluna|65\/100 brn|[from] ability: Hospitality|[of] p2a: Sinistcha\n|move|p1a: Kermit the Frog|Helping Hand|p1b: Michael Phelps\n|-singleturn|p1b: Michael Phelps|Helping Hand|[of] p1a: Kermit the Frog\n|move|p2b: Ursaluna|Protect|p2b: Ursaluna\n|-singleturn|p2b: Ursaluna|Protect\n|move|p1b: Michael Phelps|Surf|p2b: Ursaluna|[spread] p1a,p2a\n|-activate|p2b: Ursaluna|move: Protect\n|-resisted|p1a: Kermit the Frog\n|-resisted|p2a: Sinistcha\n|-damage|p1a: Kermit the Frog|63\/100\n|-damage|p2a: Sinistcha|42\/100\n|-enditem|p1a: Kermit the Frog|Eject Button\n|\n|t:|1699669132\n|switch|p1a: Kermit the Dawg|Toxicroak, F|100\/100\n|\n|-weather|RainDance|[upkeep]\n|-damage|p2b: Ursaluna|59\/100 brn|[from] brn\n|upkeep\n|turn|4\n|\n|t:|1699669156\n|switch|p2b: Landorus|Landorus-Therian, M|100\/100\n|-ability|p2b: Landorus|Intimidate|boost\n|-unboost|p1a: Kermit the Dawg|atk|1\n|-unboost|p1b: Michael Phelps|atk|1\n|move|p1b: Michael Phelps|Surf|p2a: Sinistcha|[spread] p2a,p2b\n|-immune|p1a: Kermit the Dawg|[from] ability: Dry Skin\n|-resisted|p2a: Sinistcha\n|-supereffective|p2b: Landorus\n|-damage|p2a: Sinistcha|0 fnt\n|-damage|p2b: Landorus|0 fnt\n|faint|p2a: Sinistcha\n|faint|p2b: Landorus\n|move|p1a: Kermit the Dawg|Knock Off|p2: Sinistcha|[notarget]\n|-fail|p1a: Kermit the Dawg\n|\n|-weather|RainDance|[upkeep]\n|-sideend|p1: Elite.4.Challenger|move: Tailwind\n|upkeep\n|\n|t:|1699669168\n|switch|p2b: Cetitan|Cetitan, F|100\/100\n|switch|p2a: Maushold|Maushold|100\/100\n|turn|5\n|\n|t:|1699669182\n|-terastallize|p2b: Cetitan|Water\n|move|p1b: Michael Phelps|Surf|p2a: Maushold|[spread] p2a,p2b\n|-immune|p1a: Kermit the Dawg|[from] ability: Dry Skin\n|-resisted|p2b: Cetitan\n|-damage|p2a: Maushold|10\/100\n|-damage|p2b: Cetitan|75\/100\n|move|p2a: Maushold|Super Fang|p1b: Michael Phelps\n|-immune|p1b: Michael Phelps\n|move|p1a: Kermit the Dawg|Close Combat|p2b: Cetitan\n|-damage|p2b: Cetitan|42\/100\n|-unboost|p1a: Kermit the Dawg|def|1\n|-unboost|p1a: Kermit the Dawg|spd|1\n|-enditem|p2b: Cetitan|Sitrus Berry|[eat]\n|-heal|p2b: Cetitan|67\/100|[from] item: Sitrus Berry\n|-damage|p1a: Kermit the Dawg|91\/100|[from] item: Life Orb\n|move|p2b: Cetitan|Belly Drum|p2b: Cetitan\n|-damage|p2b: Cetitan|17\/100\n|-setboost|p2b: Cetitan|atk|6|[from] move: Belly Drum\n|\n|-weather|RainDance|[upkeep]\n|-heal|p1a: Kermit the Dawg|100\/100|[from] ability: Dry Skin\n|upkeep\n|turn|6\n|inactive|Elite.4.Challenger has 120 seconds left.\n|inactive|Tooper Sr has 120 seconds left.\n|\n|t:|1699669225\n|move|p2b: Cetitan|Protect|p2b: Cetitan\n|-singleturn|p2b: Cetitan|Protect\n|move|p1b: Michael Phelps|Surf|p2b: Cetitan|[spread] p2a\n|-activate|p2b: Cetitan|move: Protect\n|-immune|p1a: Kermit the Dawg|[from] ability: Dry Skin\n|-damage|p2a: Maushold|0 fnt\n|faint|p2a: Maushold\n|move|p1a: Kermit the Dawg|Close Combat|p2b: Cetitan\n|-activate|p2b: Cetitan|move: Protect\n|\n|-weather|none\n|upkeep\n|\n|t:|1699669235\n|switch|p2a: Flamigo|Flamigo, F|100\/100\n|-copyboost|p2a: Flamigo|p2b: Cetitan|[from] ability: Costar\n|turn|7\n|inactive|Tooper Sr has 120 seconds left.\n|\n|t:|1699669248\n|switch|p1a: Kermit the Frog|Politoed, F|63\/100\n|-weather|RainDance|[from] ability: Drizzle|[of] p1a: Kermit the Frog\n|move|p1b: Michael Phelps|Surf|p2a: Flamigo|[spread] p1a,p2a,p2b\n|-resisted|p1a: Kermit the Frog\n|-resisted|p2b: Cetitan\n|-damage|p1a: Kermit the Frog|37\/100\n|-damage|p2a: Flamigo|0 fnt\n|-damage|p2b: Cetitan|0 fnt\n|faint|p2a: Flamigo\n|faint|p2b: Cetitan\n|\n|-weather|RainDance|[upkeep]\n|upkeep\n|inactive|Tooper Sr has 120 seconds left.\n|c|\u2606Elite.4.Challenger|gg\n|-message|Tooper Sr forfeited.\n|\n|win|Elite.4.Challenger\n|raw|Elite.4.Challenger's rating: 1325 &rarr; <strong>1337<\/strong><br \/>(+12 for winning)\n|raw|Tooper Sr's rating: 1181 &rarr; <strong>1166<\/strong><br \/>(-15 for losing)\n|l|\u2606Tooper Sr\n","uploadtime":1699669375,"views":8,"p1id":"elite4challenger","p2id":"toopersr","formatid":"gen9doublesou","rating":1166,"private":0,"password":""}