{"id":"gen9doublesou-1986012898","p1":"SrNickson","p2":"Ghetsin'Time","format":"[Gen 9] Doubles OU","log":"|j|\u2606SrNickson\n|j|\u2606Ghetsin'Time\n|t:|1699438569\n|gametype|doubles\n|player|p1|SrNickson|brycen|1075\n|player|p2|Ghetsin'Time|ghetsis|1202\n|teamsize|p1|6\n|teamsize|p2|6\n|gen|9\n|tier|[Gen 9] Doubles OU\n|rated|\n|rule|Species Clause: Limit one of each Pok\u00e9mon\n|rule|OHKO Clause: OHKO moves are banned\n|rule|Evasion Moves Clause: Evasion moves are banned\n|rule|Gravity Sleep Clause: The combination of sleep-inducing moves with imperfect accuracy and Gravity or Gigantamax Orbeetle are banned\n|rule|Endless Battle Clause: Forcing endless battles is banned\n|rule|HP Percentage Mod: HP is shown in percentages\n|clearpoke\n|poke|p1|Gliscor, F|\n|poke|p1|Goodra-Hisui, F|\n|poke|p1|Slither Wing|\n|poke|p1|Sinistcha|\n|poke|p1|Zapdos|\n|poke|p1|Murkrow, F|\n|poke|p2|Garchomp, M|\n|poke|p2|Kilowattrel, F|\n|poke|p2|Garganacl, M|\n|poke|p2|Sylveon, F|\n|poke|p2|Ceruledge, F|\n|poke|p2|Wo-Chien|\n|teampreview\n|inactive|Battle timer is ON: inactive players will automatically lose when time's up. (requested by Ghetsin'Time)\n|\n|t:|1699438590\n|start\n|switch|p1a: Gliscor|Gliscor, F|100\/100\n|switch|p1b: Slither Wing|Slither Wing|100\/100\n|switch|p2a: Kilowattrel|Kilowattrel, F|100\/100\n|switch|p2b: Garchomp|Garchomp, M|100\/100\n|turn|1\n|inactive|SrNickson has 120 seconds left.\n|\n|t:|1699438620\n|move|p2a: Kilowattrel|Tailwind|p2a: Kilowattrel\n|-sidestart|p2: Ghetsin'Time|move: Tailwind\n|move|p2b: Garchomp|Dragon Claw|p1a: Gliscor\n|-damage|p1a: Gliscor|61\/100\n|move|p1b: Slither Wing|U-turn|p2b: Garchomp\n|-damage|p2b: Garchomp|38\/100\n|-damage|p1b: Slither Wing|88\/100|[from] ability: Rough Skin|[of] p2b: Garchomp\n|inactive|SrNickson has 120 seconds left.\n|\n|t:|1699438638\n|-end|p1b: Slither Wing|Protosynthesis|[silent]\n|switch|p1b: Goodra|Goodra-Hisui, F|100\/100|[from] U-turn\n|move|p1a: Gliscor|Knock Off|p2b: Garchomp\n|-damage|p2b: Garchomp|18\/100\n|-damage|p1a: Gliscor|49\/100|[from] ability: Rough Skin|[of] p2b: Garchomp\n|-enditem|p2b: Garchomp|Choice Band|[from] move: Knock Off|[of] p1a: Gliscor\n|\n|-status|p1a: Gliscor|tox|[from] item: Toxic Orb\n|upkeep\n|turn|2\n|inactive|SrNickson has 120 seconds left.\n|\n|t:|1699438660\n|switch|p1b: Sinistcha|Sinistcha|100\/100\n|-heal|p1a: Gliscor|74\/100 tox|[from] ability: Hospitality|[of] p1b: Sinistcha\n|move|p1a: Gliscor|Protect|p1a: Gliscor\n|-singleturn|p1a: Gliscor|Protect\n|move|p2a: Kilowattrel|Air Slash|p1a: Gliscor\n|-activate|p1a: Gliscor|move: Protect\n|move|p2b: Garchomp|Dragon Claw|p1a: Gliscor\n|-activate|p1a: Gliscor|move: Protect\n|\n|-heal|p1a: Gliscor|86\/100 tox|[from] ability: Poison Heal\n|upkeep\n|turn|3\n|\n|t:|1699438680\n|switch|p1b: Zapdos|Zapdos|100\/100\n|move|p2a: Kilowattrel|Air Slash|p1b: Zapdos\n|-resisted|p1b: Zapdos\n|-damage|p1b: Zapdos|83\/100\n|move|p2b: Garchomp|Crunch|p1b: Zapdos\n|-damage|p1b: Zapdos|48\/100\n|move|p1a: Gliscor|Earthquake|p2b: Garchomp|[spread] p2b\n|-immune|p1b: Zapdos\n|-immune|p2a: Kilowattrel\n|-damage|p2b: Garchomp|0 fnt\n|faint|p2b: Garchomp\n|\n|-heal|p1a: Gliscor|99\/100 tox|[from] ability: Poison Heal\n|upkeep\n|\n|t:|1699438695\n|switch|p2b: Garganacl|Garganacl, M|100\/100\n|turn|4\n|\n|t:|1699438715\n|move|p2a: Kilowattrel|Protect|p2a: Kilowattrel\n|-singleturn|p2a: Kilowattrel|Protect\n|move|p1a: Gliscor|Protect|p1a: Gliscor\n|-singleturn|p1a: Gliscor|Protect\n|move|p1b: Zapdos|Volt Switch|p2a: Kilowattrel\n|-activate|p2a: Kilowattrel|move: Protect\n|move|p2b: Garganacl|Iron Defense|p2b: Garganacl\n|-boost|p2b: Garganacl|def|2\n|\n|-heal|p1a: Gliscor|100\/100 tox|[from] ability: Poison Heal\n|-sideend|p2: Ghetsin'Time|move: Tailwind\n|upkeep\n|turn|5\n|\n|t:|1699438733\n|move|p2a: Kilowattrel|Air Slash|p1a: Gliscor\n|-damage|p1a: Gliscor|58\/100 tox\n|move|p1b: Zapdos|Volt Switch|p2b: Garganacl\n|-damage|p2b: Garganacl|65\/100\n|\n|t:|1699438738\n|switch|p1b: Slither Wing|Slither Wing|88\/100|[from] Volt Switch\n|move|p1a: Gliscor|Toxic|p2b: Garganacl|[miss]\n|-miss|p1a: Gliscor|p2b: Garganacl\n|move|p2b: Garganacl|Salt Cure|p1b: Slither Wing\n|-damage|p1b: Slither Wing|69\/100\n|-start|p1b: Slither Wing|Salt Cure\n|\n|-heal|p2b: Garganacl|72\/100|[from] item: Leftovers\n|-heal|p1a: Gliscor|70\/100 tox|[from] ability: Poison Heal\n|-damage|p1b: Slither Wing|56\/100|[from] Salt Cure\n|upkeep\n|turn|6\n|\n|t:|1699438758\n|move|p1a: Gliscor|Protect|p1a: Gliscor\n|-singleturn|p1a: Gliscor|Protect\n|move|p2a: Kilowattrel|Air Slash|p1b: Slither Wing\n|-supereffective|p1b: Slither Wing\n|-damage|p1b: Slither Wing|0 fnt\n|faint|p1b: Slither Wing\n|-end|p1b: Slither Wing|Protosynthesis|[silent]\n|move|p2b: Garganacl|Iron Defense|p2b: Garganacl\n|-boost|p2b: Garganacl|def|2\n|\n|-heal|p2b: Garganacl|78\/100|[from] item: Leftovers\n|-heal|p1a: Gliscor|83\/100 tox|[from] ability: Poison Heal\n|upkeep\n|\n|t:|1699438772\n|switch|p1b: Goodra|Goodra-Hisui, F|100\/100\n|turn|7\n|\n|t:|1699438790\n|move|p2a: Kilowattrel|Air Slash|p1a: Gliscor\n|-damage|p1a: Gliscor|39\/100 tox\n|move|p1a: Gliscor|Knock Off|p2a: Kilowattrel\n|-damage|p2a: Kilowattrel|63\/100\n|-enditem|p2a: Kilowattrel|Focus Sash|[from] move: Knock Off|[of] p1a: Gliscor\n|move|p1b: Goodra|Flash Cannon|p2b: Garganacl\n|-supereffective|p2b: Garganacl\n|-damage|p2b: Garganacl|22\/100\n|move|p2b: Garganacl|Salt Cure|p1a: Gliscor\n|-damage|p1a: Gliscor|30\/100 tox\n|-start|p1a: Gliscor|Salt Cure\n|\n|-heal|p2b: Garganacl|28\/100|[from] item: Leftovers\n|-heal|p1a: Gliscor|43\/100 tox|[from] ability: Poison Heal\n|-damage|p1a: Gliscor|30\/100 tox|[from] Salt Cure\n|upkeep\n|turn|8\n|\n|t:|1699438819\n|switch|p1a: Murkrow|Murkrow, F|100\/100\n|move|p2a: Kilowattrel|Tailwind|p2a: Kilowattrel\n|-sidestart|p2: Ghetsin'Time|move: Tailwind\n|move|p1b: Goodra|Flash Cannon|p2b: Garganacl\n|-supereffective|p2b: Garganacl\n|-damage|p2b: Garganacl|0 fnt\n|faint|p2b: Garganacl\n|\n|upkeep\n|inactive|Ghetsin'Time has 120 seconds left.\n|\n|t:|1699438844\n|switch|p2b: Sylveon|Sylveon, F|100\/100\n|turn|9\n|\n|t:|1699438865\n|switch|p1a: Gliscor|Gliscor, F|30\/100 tox\n|-terastallize|p1b: Goodra|Flying\n|move|p2b: Sylveon|Protect|p2b: Sylveon\n|-singleturn|p2b: Sylveon|Protect\n|move|p2a: Kilowattrel|Thunderbolt|p1a: Gliscor\n|-immune|p1a: Gliscor\n|move|p1b: Goodra|Flash Cannon|p2a: Kilowattrel\n|-resisted|p2a: Kilowattrel\n|-damage|p2a: Kilowattrel|26\/100\n|-unboost|p2a: Kilowattrel|spd|1\n|\n|-heal|p1a: Gliscor|43\/100 tox|[from] ability: Poison Heal\n|upkeep\n|turn|10\n|\n|t:|1699438890\n|move|p1a: Gliscor|Protect|p1a: Gliscor\n|-singleturn|p1a: Gliscor|Protect\n|move|p2a: Kilowattrel|Thunderbolt|p1b: Goodra\n|-supereffective|p1b: Goodra\n|-damage|p1b: Goodra|59\/100\n|move|p2b: Sylveon|Calm Mind|p2b: Sylveon\n|-boost|p2b: Sylveon|spa|1\n|-boost|p2b: Sylveon|spd|1\n|move|p1b: Goodra|Fire Blast|p2b: Sylveon\n|-damage|p2b: Sylveon|81\/100\n|\n|-heal|p1a: Gliscor|55\/100 tox|[from] ability: Poison Heal\n|upkeep\n|turn|11\n|\n|t:|1699438907\n|move|p2a: Kilowattrel|Air Slash|p1a: Gliscor\n|-damage|p1a: Gliscor|16\/100 tox\n|move|p2b: Sylveon|Hyper Voice|p1b: Goodra|[spread] p1a,p1b\n|-damage|p1a: Gliscor|0 fnt\n|-damage|p1b: Goodra|33\/100\n|faint|p1a: Gliscor\n|-enditem|p2b: Sylveon|Throat Spray\n|-boost|p2b: Sylveon|spa|1|[from] item: Throat Spray\n|move|p1b: Goodra|Flash Cannon|p2a: Kilowattrel\n|-resisted|p2a: Kilowattrel\n|-damage|p2a: Kilowattrel|0 fnt\n|faint|p2a: Kilowattrel\n|\n|-sideend|p2: Ghetsin'Time|move: Tailwind\n|upkeep\n|\n|t:|1699438926\n|switch|p2a: Wo-Chien|Wo-Chien|100\/100\n|switch|p1a: Sinistcha|Sinistcha|100\/100\n|-heal|p1b: Goodra|58\/100|[from] ability: Hospitality|[of] p1a: Sinistcha\n|-ability|p2a: Wo-Chien|Tablets of Ruin\n|turn|12\n|\n|t:|1699438937\n|move|p1a: Sinistcha|Calm Mind|p1a: Sinistcha\n|-boost|p1a: Sinistcha|spa|1\n|-boost|p1a: Sinistcha|spd|1\n|move|p2b: Sylveon|Calm Mind|p2b: Sylveon\n|-boost|p2b: Sylveon|spa|1\n|-boost|p2b: Sylveon|spd|1\n|move|p2a: Wo-Chien|Snarl|p1a: Sinistcha|[spread] p1a,p1b\n|-supereffective|p1a: Sinistcha\n|-damage|p1a: Sinistcha|79\/100\n|-damage|p1b: Goodra|51\/100\n|-unboost|p1a: Sinistcha|spa|1\n|-unboost|p1b: Goodra|spa|1\n|move|p1b: Goodra|Fire Blast|p2a: Wo-Chien\n|-supereffective|p2a: Wo-Chien\n|-damage|p2a: Wo-Chien|67\/100\n|\n|-heal|p1a: Sinistcha|85\/100|[from] item: Leftovers\n|-heal|p2a: Wo-Chien|73\/100|[from] item: Leftovers\n|upkeep\n|turn|13\n|\n|t:|1699438959\n|move|p1a: Sinistcha|Calm Mind|p1a: Sinistcha\n|-boost|p1a: Sinistcha|spa|1\n|-boost|p1a: Sinistcha|spd|1\n|move|p2b: Sylveon|Calm Mind|p2b: Sylveon\n|-boost|p2b: Sylveon|spa|1\n|-boost|p2b: Sylveon|spd|1\n|move|p2a: Wo-Chien|Snarl|p1b: Goodra|[spread] p1a,p1b\n|-supereffective|p1a: Sinistcha\n|-damage|p1a: Sinistcha|69\/100\n|-damage|p1b: Goodra|45\/100\n|-unboost|p1a: Sinistcha|spa|1\n|-unboost|p1b: Goodra|spa|1\n|move|p1b: Goodra|Fire Blast|p2a: Wo-Chien\n|-supereffective|p2a: Wo-Chien\n|-damage|p2a: Wo-Chien|49\/100\n|\n|-heal|p1a: Sinistcha|75\/100|[from] item: Leftovers\n|-heal|p2a: Wo-Chien|56\/100|[from] item: Leftovers\n|upkeep\n|turn|14\n|\n|t:|1699438977\n|switch|p1a: Murkrow|Murkrow, F|100\/100\n|move|p2b: Sylveon|Hyper Voice|p1a: Murkrow|[spread] p1a,p1b\n|-supereffective|p1a: Murkrow\n|-damage|p1a: Murkrow|0 fnt\n|-damage|p1b: Goodra|0 fnt\n|faint|p1a: Murkrow\n|faint|p1b: Goodra\n|move|p2a: Wo-Chien|Ruination|p1: Murkrow|[notarget]\n|-fail|p2a: Wo-Chien\n|\n|-heal|p2a: Wo-Chien|62\/100|[from] item: Leftovers\n|upkeep\n|\n|t:|1699438987\n|switch|p1a: Sinistcha|Sinistcha|75\/100\n|switch|p1b: Zapdos|Zapdos|48\/100\n|-heal|p1b: Zapdos|72\/100|[from] ability: Hospitality|[of] p1a: Sinistcha\n|turn|15\n|\n|t:|1699439002\n|move|p1b: Zapdos|Thunderbolt|p2b: Sylveon\n|-damage|p2b: Sylveon|63\/100\n|-status|p2b: Sylveon|par\n|move|p1a: Sinistcha|Matcha Gotcha|p2a: Wo-Chien|[spread] p2a,p2b\n|-resisted|p2a: Wo-Chien\n|-damage|p2a: Wo-Chien|54\/100\n|-heal|p1a: Sinistcha|79\/100|[from] drain|[of] p2a: Wo-Chien\n|-damage|p2b: Sylveon|55\/100 par\n|-heal|p1a: Sinistcha|83\/100|[from] drain|[of] p2b: Sylveon\n|move|p2a: Wo-Chien|Snarl|p1a: Sinistcha|[spread] p1a,p1b\n|-supereffective|p1a: Sinistcha\n|-damage|p1a: Sinistcha|50\/100\n|-damage|p1b: Zapdos|56\/100\n|-unboost|p1a: Sinistcha|spa|1\n|-unboost|p1b: Zapdos|spa|1\n|move|p2b: Sylveon|Hyper Voice|p1b: Zapdos|[spread] p1a,p1b\n|-damage|p1a: Sinistcha|0 fnt\n|-damage|p1b: Zapdos|0 fnt\n|faint|p1a: Sinistcha\n|faint|p1b: Zapdos\n|\n|win|Ghetsin'Time\n|raw|SrNickson's rating: 1075 &rarr; <strong>1061<\/strong><br \/>(-14 for losing)\n|raw|Ghetsin&apos;Time's rating: 1202 &rarr; <strong>1218<\/strong><br \/>(+16 for winning)\n","uploadtime":1699439009,"views":16,"p1id":"srnickson","p2id":"ghetsintime","formatid":"gen9doublesou","rating":1061,"private":0,"password":""}