{"id":"gen9doublesou-1985921140","p1":"Ravvenn98","p2":"viegooooo","format":"[Gen 9] Doubles OU","log":"|j|\u2606Ravvenn98\n|j|\u2606viegooooo\n|t:|1699423012\n|gametype|doubles\n|player|p1|Ravvenn98|clair|1219\n|player|p2|viegooooo|steven|1116\n|teamsize|p1|6\n|teamsize|p2|6\n|gen|9\n|tier|[Gen 9] Doubles OU\n|rated|\n|rule|Species Clause: Limit one of each Pok\u00e9mon\n|rule|OHKO Clause: OHKO moves are banned\n|rule|Evasion Moves Clause: Evasion moves are banned\n|rule|Gravity Sleep Clause: The combination of sleep-inducing moves with imperfect accuracy and Gravity or Gigantamax Orbeetle are banned\n|rule|Endless Battle Clause: Forcing endless battles is banned\n|rule|HP Percentage Mod: HP is shown in percentages\n|clearpoke\n|poke|p1|Maushold|\n|poke|p1|Quagsire, F|\n|poke|p1|Dipplin, M|\n|poke|p1|Tornadus, M|\n|poke|p1|Chien-Pao|\n|poke|p1|Volcanion|\n|poke|p2|Indeedee-F, F|\n|poke|p2|Hatterene, F|\n|poke|p2|Armarouge, F|\n|poke|p2|Ursaluna, F|\n|poke|p2|Torkoal, F|\n|poke|p2|Kingambit, M|\n|teampreview\n|\n|t:|1699423034\n|start\n|switch|p1a: Quagsire|Quagsire, F|100\/100\n|switch|p1b: Tornadus|Tornadus, M|100\/100\n|switch|p2a: Indeedee|Indeedee-F, F|100\/100\n|switch|p2b: Hatterene|Hatterene, F|100\/100\n|-fieldstart|move: Psychic Terrain|[from] ability: Psychic Surge|[of] p2a: Indeedee\n|-enditem|p2a: Indeedee|Psychic Seed\n|-boost|p2a: Indeedee|spd|1|[from] item: Psychic Seed\n|turn|1\n|inactive|Battle timer is ON: inactive players will automatically lose when time's up. (requested by viegooooo)\n|\n|t:|1699423075\n|move|p1b: Tornadus|Swagger|p1a: Quagsire\n|-boost|p1a: Quagsire|atk|2\n|-start|p1a: Quagsire|confusion\n|-enditem|p1a: Quagsire|Lum Berry|[eat]\n|-end|p1a: Quagsire|confusion\n|move|p2a: Indeedee|Psychic|p1b: Tornadus\n|-damage|p1b: Tornadus|56\/100\n|move|p1a: Quagsire|Earthquake|p2a: Indeedee|[spread] p2a,p2b\n|-immune|p1b: Tornadus\n|-damage|p2a: Indeedee|33\/100\n|-damage|p2b: Hatterene|20\/100\n|-enditem|p2b: Hatterene|Sitrus Berry|[eat]\n|-heal|p2b: Hatterene|45\/100|[from] item: Sitrus Berry\n|move|p2b: Hatterene|Dazzling Gleam|p1b: Tornadus|[spread] p1a,p1b\n|-damage|p1a: Quagsire|55\/100\n|-damage|p1b: Tornadus|12\/100\n|\n|upkeep\n|turn|2\n|\n|t:|1699423101\n|move|p2a: Indeedee|Follow Me|p2a: Indeedee\n|-singleturn|p2a: Indeedee|move: Follow Me\n|move|p1b: Tornadus|Bleakwind Storm|p2b: Hatterene|[spread] p2a\n|-miss|p1b: Tornadus|p2b: Hatterene\n|-damage|p2a: Indeedee|16\/100\n|move|p1a: Quagsire|Earthquake|p2a: Indeedee|[spread] p2a,p2b\n|-immune|p1b: Tornadus\n|-damage|p2a: Indeedee|0 fnt\n|-damage|p2b: Hatterene|0 fnt\n|faint|p2a: Indeedee\n|faint|p2b: Hatterene\n|\n|upkeep\n|inactive|viegooooo has 120 seconds left.\n|\n|t:|1699423121\n|switch|p2a: Kingambit|Kingambit, M|100\/100\n|switch|p2b: Ursaluna|Ursaluna, F|100\/100\n|turn|3\n|\n|t:|1699423137\n|-terastallize|p2a: Kingambit|Flying\n|move|p2b: Ursaluna|Protect|p2b: Ursaluna\n|-singleturn|p2b: Ursaluna|Protect\n|move|p1b: Tornadus|Tailwind|p1b: Tornadus\n|-sidestart|p1: Ravvenn98|move: Tailwind\n|move|p2a: Kingambit|Sucker Punch||[still]\n|-fail|p2a: Kingambit\n|move|p1a: Quagsire|Earthquake|p2a: Kingambit|[spread] \n|-activate|p2b: Ursaluna|move: Protect\n|-immune|p1b: Tornadus\n|-immune|p2a: Kingambit\n|\n|-status|p2b: Ursaluna|brn|[from] item: Flame Orb\n|upkeep\n|turn|4\n|\n|t:|1699423157\n|move|p2a: Kingambit|Sucker Punch|p1b: Tornadus\n|-hint|Psychic Terrain doesn't affect Pok\u00e9mon immune to Ground.\n|-damage|p1b: Tornadus|0 fnt\n|faint|p1b: Tornadus\n|-damage|p2a: Kingambit|91\/100|[from] item: Life Orb\n|move|p1a: Quagsire|Ice Punch|p2a: Kingambit\n|-supereffective|p2a: Kingambit\n|-damage|p2a: Kingambit|32\/100\n|move|p2b: Ursaluna|Facade|p1a: Quagsire\n|-damage|p1a: Quagsire|0 fnt\n|faint|p1a: Quagsire\n|\n|-damage|p2b: Ursaluna|94\/100 brn|[from] brn\n|upkeep\n|\n|t:|1699423176\n|switch|p1b: Dipplin|Dipplin, M, shiny|100\/100\n|switch|p1a: Maushold|Maushold|100\/100\n|-ability|p1b: Dipplin|Supersweet Syrup\n|-ability|p1b: Dipplin|Supersweet Syrup|boost\n|-unboost|p2a: Kingambit|evasion|1\n|-ability|p2a: Kingambit|Defiant|boost\n|-boost|p2a: Kingambit|atk|2\n|-unboost|p2b: Ursaluna|evasion|1\n|turn|5\n|\n|t:|1699423196\n|-terastallize|p1a: Maushold|Ghost\n|move|p1b: Dipplin|Protect|p1b: Dipplin\n|-singleturn|p1b: Dipplin|Protect\n|move|p2a: Kingambit|Sucker Punch||[still]\n|-fail|p2a: Kingambit\n|move|p2b: Ursaluna|Drain Punch|p1b: Dipplin\n|-activate|p1b: Dipplin|move: Protect\n|move|p1a: Maushold|Switcheroo|p2b: Ursaluna\n|-activate|p1a: Maushold|move: Trick|[of] p2b: Ursaluna\n|-item|p2b: Ursaluna|Lagging Tail|[from] move: Switcheroo\n|-item|p1a: Maushold|Flame Orb|[from] move: Switcheroo\n|\n|-damage|p2b: Ursaluna|88\/100 brn|[from] brn\n|-fieldend|move: Psychic Terrain\n|-status|p1a: Maushold|brn|[from] item: Flame Orb\n|upkeep\n|turn|6\n|\n|t:|1699423217\n|move|p2a: Kingambit|Sucker Punch||[still]\n|-fail|p2a: Kingambit\n|move|p1a: Maushold|Switcheroo|p2a: Kingambit\n|-activate|p1a: Maushold|move: Trick|[of] p2a: Kingambit\n|-item|p2a: Kingambit|Flame Orb|[from] move: Switcheroo\n|-item|p1a: Maushold|Life Orb|[from] move: Switcheroo\n|move|p1b: Dipplin|Giga Drain|p2b: Ursaluna\n|-supereffective|p2b: Ursaluna\n|-damage|p2b: Ursaluna|36\/100 brn\n|move|p2b: Ursaluna|Drain Punch|p1b: Dipplin\n|-damage|p1b: Dipplin|81\/100\n|-heal|p2b: Ursaluna|43\/100 brn|[from] drain|[of] p1b: Dipplin\n|\n|-damage|p1a: Maushold|94\/100 brn|[from] brn\n|-damage|p2b: Ursaluna|37\/100 brn|[from] brn\n|-sideend|p1: Ravvenn98|move: Tailwind\n|-status|p2a: Kingambit|brn|[from] item: Flame Orb\n|upkeep\n|turn|7\n|\n|t:|1699423237\n|move|p1a: Maushold|Taunt|p2a: Kingambit\n|-start|p2a: Kingambit|move: Taunt\n|move|p1b: Dipplin|Giga Drain|p2b: Ursaluna\n|-supereffective|p2b: Ursaluna\n|-damage|p2b: Ursaluna|0 fnt\n|-heal|p1b: Dipplin|100\/100|[from] drain|[of] p2b: Ursaluna\n|faint|p2b: Ursaluna\n|move|p2a: Kingambit|Kowtow Cleave|p1a: Maushold\n|-supereffective|p1a: Maushold\n|-damage|p1a: Maushold|0 fnt\n|faint|p1a: Maushold\n|\n|-damage|p2a: Kingambit|25\/100 brn|[from] brn\n|upkeep\n|\n|t:|1699423257\n|switch|p1a: Chien-Pao|Chien-Pao|100\/100\n|switch|p2b: Torkoal|Torkoal, F|100\/100\n|-ability|p1a: Chien-Pao|Sword of Ruin\n|-weather|SunnyDay|[from] ability: Drought|[of] p2b: Torkoal\n|turn|8\n|\n|t:|1699423269\n|move|p2a: Kingambit|Sucker Punch|p1a: Chien-Pao\n|-resisted|p1a: Chien-Pao\n|-damage|p1a: Chien-Pao|71\/100\n|move|p1a: Chien-Pao|Icicle Crash|p2a: Kingambit\n|-supereffective|p2a: Kingambit\n|-damage|p2a: Kingambit|0 fnt\n|faint|p2a: Kingambit\n|move|p1b: Dipplin|Dragon Pulse|p2b: Torkoal\n|-damage|p2b: Torkoal|57\/100\n|move|p2b: Torkoal|Eruption|p1b: Dipplin|[spread] p1a,p1b\n|-supereffective|p1a: Chien-Pao\n|-damage|p1a: Chien-Pao|0 fnt\n|-damage|p1b: Dipplin|73\/100\n|faint|p1a: Chien-Pao\n|\n|-weather|SunnyDay|[upkeep]\n|upkeep\n|\n|t:|1699423282\n|switch|p1a: Volcanion|Volcanion|100\/100\n|switch|p2a: Armarouge|Armarouge, F|100\/100\n|turn|9\n|\n|t:|1699423304\n|move|p1b: Dipplin|Protect|p1b: Dipplin\n|-singleturn|p1b: Dipplin|Protect\n|move|p1a: Volcanion|Steam Eruption|p2a: Armarouge\n|-supereffective|p2a: Armarouge\n|-damage|p2a: Armarouge|25\/100\n|move|p2a: Armarouge|Expanding Force|p1b: Dipplin\n|-activate|p1b: Dipplin|move: Protect\n|move|p2b: Torkoal|Heat Wave|p1b: Dipplin|[spread] p1a\n|-activate|p1b: Dipplin|move: Protect\n|-resisted|p1a: Volcanion\n|-damage|p1a: Volcanion|93\/100\n|\n|-weather|SunnyDay|[upkeep]\n|upkeep\n|turn|10\n|\n|t:|1699423323\n|move|p1a: Volcanion|Steam Eruption|p2a: Armarouge\n|-supereffective|p2a: Armarouge\n|-damage|p2a: Armarouge|0 fnt\n|faint|p2a: Armarouge\n|move|p1b: Dipplin|Pollen Puff|p1a: Volcanion\n|-heal|p1a: Volcanion|100\/100\n|move|p2b: Torkoal|Heat Wave|p1b: Dipplin|[spread] p1a,p1b\n|-resisted|p1a: Volcanion\n|-damage|p1a: Volcanion|94\/100\n|-damage|p1b: Dipplin|42\/100\n|\n|-weather|SunnyDay|[upkeep]\n|upkeep\n|turn|11\n|-message|viegooooo forfeited.\n|\n|win|Ravvenn98\n|raw|Ravvenn98's rating: 1219 &rarr; <strong>1237<\/strong><br \/>(+18 for winning)\n|raw|viegooooo's rating: 1116 &rarr; <strong>1098<\/strong><br \/>(-18 for losing)\n|l|\u2606viegooooo\n","uploadtime":1699423369,"views":14,"p1id":"ravvenn98","p2id":"viegooooo","formatid":"gen9doublesou","rating":1098,"private":0,"password":""}