{"id":"gen9doublesou-1991006769","p1":"idiotwithacat","p2":"SimpIySimpIe","format":"[Gen 9] Doubles OU","log":"|j|\u2606idiotwithacat\n|j|\u2606SimpIySimpIe\n|t:|1700026844\n|gametype|doubles\n|player|p1|idiotwithacat|bellelba|1005\n|player|p2|SimpIySimpIe|1|1029\n|teamsize|p1|6\n|teamsize|p2|6\n|gen|9\n|tier|[Gen 9] Doubles OU\n|rated|\n|rule|Species Clause: Limit one of each Pok\u00e9mon\n|rule|OHKO Clause: OHKO moves are banned\n|rule|Evasion Moves Clause: Evasion moves are banned\n|rule|Gravity Sleep Clause: The combination of sleep-inducing moves with imperfect accuracy and Gravity or Gigantamax Orbeetle are banned\n|rule|Endless Battle Clause: Forcing endless battles is banned\n|rule|HP Percentage Mod: HP is shown in percentages\n|clearpoke\n|poke|p1|Armarouge, F|\n|poke|p1|Amoonguss, M|\n|poke|p1|Palafin, F|\n|poke|p1|Gholdengo|\n|poke|p1|Dragonite, F|\n|poke|p1|Grimmsnarl, M|\n|poke|p2|Slaking, F|\n|poke|p2|Espathra, F|\n|poke|p2|Quaquaval, M|\n|poke|p2|Gothitelle, M|\n|poke|p2|Flamigo, M|\n|poke|p2|Torkoal, M|\n|teampreview\n|\n|t:|1700026899\n|start\n|switch|p1a: megamind|Armarouge, F|100\/100\n|switch|p1b: amogus|Amoonguss, M, shiny|100\/100\n|switch|p2a: Slaking|Slaking, F|100\/100\n|switch|p2b: Espathra|Espathra, F|100\/100\n|turn|1\n|\n|t:|1700026915\n|move|p2b: Espathra|Helping Hand|p2a: Slaking\n|-singleturn|p2a: Slaking|Helping Hand|[of] p2b: Espathra\n|move|p2a: Slaking|Knock Off|p1a: megamind\n|-supereffective|p1a: megamind\n|-damage|p1a: megamind|0 fnt\n|-enditem|p1a: megamind|Leftovers|[from] move: Knock Off|[of] p2a: Slaking\n|faint|p1a: megamind\n|move|p1b: amogus|Spore|p2b: Espathra\n|-status|p2b: Espathra|slp|[from] move: Spore\n|\n|-ability|p2b: Espathra|Speed Boost|boost\n|-boost|p2b: Espathra|spe|1\n|upkeep\n|\n|t:|1700026927\n|switch|p1a: moneyman|Gholdengo, shiny|100\/100\n|turn|2\n|\n|t:|1700026947\n|cant|p2b: Espathra|slp\n|cant|p2a: Slaking|ability: Truant\n|move|p1a: moneyman|Shadow Ball|p2b: Espathra\n|-supereffective|p2b: Espathra\n|-damage|p2b: Espathra|0 fnt\n|faint|p2b: Espathra\n|move|p1b: amogus|Spore|p2a: Slaking\n|-status|p2a: Slaking|slp|[from] move: Spore\n|\n|upkeep\n|\n|t:|1700026961\n|switch|p2b: Torkoal|Torkoal, M|100\/100\n|turn|3\n|\n|t:|1700026978\n|cant|p2a: Slaking|slp\n|move|p1a: moneyman|Power Gem|p2b: Torkoal\n|-supereffective|p2b: Torkoal\n|-damage|p2b: Torkoal|27\/100\n|move|p1b: amogus|Spore|p2b: Torkoal\n|-status|p2b: Torkoal|slp|[from] move: Spore\n|cant|p2b: Torkoal|slp\n|\n|-heal|p2b: Torkoal|33\/100 slp|[from] item: Leftovers\n|upkeep\n|turn|4\n|\n|t:|1700027001\n|cant|p2a: Slaking|slp\n|move|p1a: moneyman|Thunderbolt|p2a: Slaking\n|-damage|p2a: Slaking|65\/100 slp\n|move|p1b: amogus|Seed Bomb|p2b: Torkoal\n|-resisted|p2b: Torkoal\n|-damage|p2b: Torkoal|23\/100 slp\n|cant|p2b: Torkoal|slp\n|\n|-heal|p2a: Slaking|71\/100 slp|[from] item: Leftovers\n|-heal|p2b: Torkoal|29\/100 slp|[from] item: Leftovers\n|upkeep\n|turn|5\n|\n|t:|1700027017\n|-curestatus|p2a: Slaking|slp|[msg]\n|move|p2a: Slaking|Earthquake|p1b: amogus|[spread] p2b,p1a,p1b\n|-supereffective|p2b: Torkoal\n|-supereffective|p1a: moneyman\n|-damage|p2b: Torkoal|0 fnt\n|-damage|p1a: moneyman|41\/100\n|-damage|p1b: amogus|76\/100\n|faint|p2b: Torkoal\n|move|p1a: moneyman|Power Gem|p2a: Slaking\n|-damage|p2a: Slaking|41\/100\n|move|p1b: amogus|Seed Bomb|p2a: Slaking\n|-damage|p2a: Slaking|23\/100\n|\n|-heal|p2a: Slaking|29\/100|[from] item: Leftovers\n|-heal|p1a: moneyman|47\/100|[from] item: Leftovers\n|-heal|p1b: amogus|83\/100|[from] item: Leftovers\n|upkeep\n|\n|t:|1700027025\n|switch|p2b: Quaquaval|Quaquaval, M|100\/100\n|turn|6\n|\n|t:|1700027056\n|move|p2b: Quaquaval|Aqua Cutter|p1a: moneyman\n|-damage|p1a: moneyman|9\/100\n|cant|p2a: Slaking|ability: Truant\n|move|p1a: moneyman|Thunderbolt|p2b: Quaquaval\n|-supereffective|p2b: Quaquaval\n|-damage|p2b: Quaquaval|0 fnt\n|faint|p2b: Quaquaval\n|move|p1b: amogus|Spore|p2a: Slaking\n|-status|p2a: Slaking|slp|[from] move: Spore\n|\n|-heal|p2a: Slaking|36\/100 slp|[from] item: Leftovers\n|-heal|p1a: moneyman|15\/100|[from] item: Leftovers\n|-heal|p1b: amogus|89\/100|[from] item: Leftovers\n|upkeep\n|\n|t:|1700027067\n|switch|p2b: Gothitelle|Gothitelle, M|100\/100\n|turn|7\n|\n|t:|1700027082\n|move|p2b: Gothitelle|Fake Out|p1a: moneyman\n|-immune|p1a: moneyman\n|cant|p2a: Slaking|slp\n|move|p1a: moneyman|Recover|p1a: moneyman\n|-heal|p1a: moneyman|65\/100\n|move|p1b: amogus|Spore|p2b: Gothitelle\n|-status|p2b: Gothitelle|slp|[from] move: Spore\n|\n|-heal|p2a: Slaking|42\/100 slp|[from] item: Leftovers\n|-heal|p1a: moneyman|71\/100|[from] item: Leftovers\n|-heal|p1b: amogus|95\/100|[from] item: Leftovers\n|upkeep\n|turn|8\n|c|\u2606SimpIySimpIe|im dumb for that\n|\n|t:|1700027104\n|cant|p2a: Slaking|slp\n|move|p1a: moneyman|Thunderbolt|p2a: Slaking\n|-damage|p2a: Slaking|10\/100 slp\n|cant|p2b: Gothitelle|slp\n|move|p1b: amogus|Seed Bomb|p2a: Slaking\n|-damage|p2a: Slaking|0 fnt\n|faint|p2a: Slaking\n|\n|-heal|p1a: moneyman|77\/100|[from] item: Leftovers\n|-heal|p1b: amogus|100\/100|[from] item: Leftovers\n|upkeep\n|\n|t:|1700027115\n|switch|p2a: Flamigo|Flamigo, M|100\/100\n|-copyboost|p2a: Flamigo|p2b: Gothitelle|[from] ability: Costar\n|turn|9\n|\n|t:|1700027141\n|move|p2a: Flamigo|Dual Wingbeat|p1b: amogus\n|-supereffective|p1b: amogus\n|-damage|p1b: amogus|77\/100\n|-status|p2a: Flamigo|par|[from] ability: Effect Spore|[of] p1b: amogus\n|-supereffective|p1b: amogus\n|-damage|p1b: amogus|56\/100\n|-hitcount|p1b: amogus|2\n|move|p1a: moneyman|Thunderbolt|p2a: Flamigo\n|-supereffective|p2a: Flamigo\n|-damage|p2a: Flamigo|41\/100 par\n|-curestatus|p2b: Gothitelle|slp|[msg]\n|move|p2b: Gothitelle|Psyshock|p1a: moneyman\n|-resisted|p1a: moneyman\n|-damage|p1a: moneyman|59\/100\n|move|p1b: amogus|Spore||[still]\n|-fail|p1b: amogus\n|\n|-heal|p1a: moneyman|65\/100|[from] item: Leftovers\n|-heal|p2a: Flamigo|47\/100 par|[from] item: Leftovers\n|-heal|p1b: amogus|62\/100|[from] item: Leftovers\n|upkeep\n|turn|10\n|\n|t:|1700027176\n|move|p1a: moneyman|Shadow Ball|p2b: Gothitelle\n|-supereffective|p2b: Gothitelle\n|-damage|p2b: Gothitelle|12\/100\n|-unboost|p2b: Gothitelle|spd|1\n|-ability|p2b: Gothitelle|Competitive|boost\n|-boost|p2b: Gothitelle|spa|2\n|-enditem|p2b: Gothitelle|Sitrus Berry|[eat]\n|-heal|p2b: Gothitelle|37\/100|[from] item: Sitrus Berry\n|move|p2b: Gothitelle|Heal Pulse|p2a: Flamigo\n|-heal|p2a: Flamigo|97\/100 par\n|move|p2a: Flamigo|Dual Wingbeat|p1b: amogus\n|-supereffective|p1b: amogus\n|-crit|p1b: amogus\n|-damage|p1b: amogus|29\/100\n|-supereffective|p1b: amogus\n|-damage|p1b: amogus|8\/100\n|-hitcount|p1b: amogus|2\n|move|p1b: amogus|Seed Bomb|p2a: Flamigo\n|-resisted|p2a: Flamigo\n|-damage|p2a: Flamigo|82\/100 par\n|\n|-heal|p1a: moneyman|71\/100|[from] item: Leftovers\n|-heal|p2a: Flamigo|88\/100 par|[from] item: Leftovers\n|-heal|p1b: amogus|14\/100|[from] item: Leftovers\n|upkeep\n|turn|11\n|\n|t:|1700027221\n|-terastallize|p2a: Flamigo|Flying\n|move|p1a: moneyman|Thunderbolt|p2a: Flamigo\n|-supereffective|p2a: Flamigo\n|-damage|p2a: Flamigo|29\/100 par\n|move|p2b: Gothitelle|Dark Pulse|p1a: moneyman\n|-supereffective|p1a: moneyman\n|-damage|p1a: moneyman|0 fnt\n|faint|p1a: moneyman\n|move|p2a: Flamigo|Close Combat|p1b: amogus\n|-resisted|p1b: amogus\n|-damage|p1b: amogus|0 fnt\n|-unboost|p2a: Flamigo|def|1\n|-unboost|p2a: Flamigo|spd|1\n|faint|p1b: amogus\n|\n|-heal|p2a: Flamigo|35\/100 par|[from] item: Leftovers\n|upkeep\n|c|\u2606SimpIySimpIe|Maybe I have a chance?\n|\n|t:|1700027243\n|switch|p1a: Nya!|Palafin, F|100\/100\n|switch|p1b: bigblackman|Grimmsnarl, M|100\/100\n|turn|12\n|\n|t:|1700027273\n|move|p1a: Nya!|Ice Punch|p2a: Flamigo\n|-supereffective|p2a: Flamigo\n|-damage|p2a: Flamigo|0 fnt\n|faint|p2a: Flamigo\n|move|p1b: bigblackman|Dark Pulse|p2b: Gothitelle\n|-supereffective|p2b: Gothitelle\n|-damage|p2b: Gothitelle|0 fnt\n|faint|p2b: Gothitelle\n|\n|win|idiotwithacat\n|raw|idiotwithacat's rating: 1005 &rarr; <strong>1047<\/strong><br \/>(+42 for winning)\n|raw|SimpIySimpIe's rating: 1029 &rarr; <strong>1014<\/strong><br \/>(-15 for losing)\n|c|\u2606SimpIySimpIe|nvn\n|c|\u2606SimpIySimpIe|ggs\n|c|\u2606idiotwithacat|ggs\n|c|\u2606SimpIySimpIe|I hate spore to much\n|player|p1|idiotwithacat|bellelba\n|l|\u2606SimpIySimpIe\n","uploadtime":1700027308,"views":25,"p1id":"idiotwithacat","p2id":"simpiysimpie","formatid":"gen9doublesou","rating":1014,"private":0,"password":""}