{"id":"gen9doublesou-1969135775","p1":"JBERGEY13","p2":"Granolant","format":"[Gen 9] Doubles OU","log":"|j|\u2606JBERGEY13\n|j|\u2606Granolant\n|t:|1697493227\n|gametype|doubles\n|player|p1|JBERGEY13|preschooler|1039\n|player|p2|Granolant|169|1080\n|teamsize|p1|6\n|teamsize|p2|6\n|gen|9\n|tier|[Gen 9] Doubles OU\n|rated|\n|rule|Species Clause: Limit one of each Pok\u00e9mon\n|rule|OHKO Clause: OHKO moves are banned\n|rule|Evasion Moves Clause: Evasion moves are banned\n|rule|Gravity Sleep Clause: The combination of sleep-inducing moves with imperfect accuracy and Gravity or Gigantamax Orbeetle are banned\n|rule|Endless Battle Clause: Forcing endless battles is banned\n|rule|HP Percentage Mod: HP is shown in percentages\n|clearpoke\n|poke|p1|Garganacl, M|\n|poke|p1|Rabsca, M|\n|poke|p1|Grafaiai, F|\n|poke|p1|Forretress, M|\n|poke|p1|Staraptor, M|\n|poke|p1|Houndstone, M|\n|poke|p2|Arcanine-Hisui, M|\n|poke|p2|Farigiraf, F|\n|poke|p2|Gholdengo|\n|poke|p2|Empoleon, F|\n|poke|p2|Fezandipiti, M|\n|poke|p2|Milotic, F|\n|teampreview\n|inactive|Battle timer is ON: inactive players will automatically lose when time's up. (requested by JBERGEY13)\n|\n|t:|1697493251\n|start\n|switch|p1a: Forretress|Forretress, M|100\/100\n|switch|p1b: Staraptor|Staraptor, M|100\/100\n|switch|p2a: Milotic|Milotic, F|100\/100\n|switch|p2b: Arcanine|Arcanine-Hisui, M|100\/100\n|turn|1\n|\n|t:|1697493279\n|move|p1a: Forretress|Protect|p1a: Forretress\n|-singleturn|p1a: Forretress|Protect\n|move|p1b: Staraptor|Close Combat|p2b: Arcanine\n|-supereffective|p2b: Arcanine\n|-damage|p2b: Arcanine|23\/100\n|-unboost|p1b: Staraptor|def|1\n|-unboost|p1b: Staraptor|spd|1\n|move|p2b: Arcanine|Rock Slide|p1a: Forretress|[spread] p1b\n|-activate|p1a: Forretress|move: Protect\n|-supereffective|p1b: Staraptor\n|-damage|p1b: Staraptor|0 fnt\n|faint|p1b: Staraptor\n|move|p2a: Milotic|Coil|p2a: Milotic\n|-boost|p2a: Milotic|atk|1\n|-boost|p2a: Milotic|def|1\n|-boost|p2a: Milotic|accuracy|1\n|\n|upkeep\n|inactive|JBERGEY13 has 120 seconds left.\n|\n|t:|1697493294\n|switch|p1b: Grafaiai|Grafaiai, F|100\/100\n|turn|2\n|\n|t:|1697493301\n|move|p1b: Grafaiai|Protect|p1b: Grafaiai\n|-singleturn|p1b: Grafaiai|Protect\n|move|p2b: Arcanine|Protect|p2b: Arcanine\n|-singleturn|p2b: Arcanine|Protect\n|move|p2a: Milotic|Scald|p1b: Grafaiai\n|-activate|p1b: Grafaiai|move: Protect\n|move|p1a: Forretress|Explosion|p2b: Arcanine|[spread] p2a\n|-activate|p1b: Grafaiai|move: Protect\n|-activate|p2b: Arcanine|move: Protect\n|-damage|p2a: Milotic|68\/100\n|faint|p1a: Forretress\n|\n|upkeep\n|\n|t:|1697493313\n|switch|p1a: Rabsca|Rabsca, M|100\/100\n|turn|3\n|\n|t:|1697493325\n|move|p1b: Grafaiai|Copycat|p1b: Grafaiai\n|move|p1b: Grafaiai|Explosion|p2a: Milotic|[from]move: Copycat|[spread] p2a,p2b\n|-activate|p1a: Rabsca|ability: Telepathy\n|-resisted|p2b: Arcanine\n|-damage|p2a: Milotic|0 fnt\n|-damage|p2b: Arcanine|0 fnt\n|faint|p1b: Grafaiai\n|faint|p2a: Milotic\n|faint|p2b: Arcanine\n|move|p1a: Rabsca|Trick Room|p1a: Rabsca\n|-fieldstart|move: Trick Room|[of] p1a: Rabsca\n|\n|upkeep\n|\n|t:|1697493349\n|switch|p2a: Gholdengo|Gholdengo|100\/100\n|switch|p2b: Fezandipiti|Fezandipiti, M|100\/100\n|switch|p1b: Garganacl|Garganacl, M|100\/100\n|turn|4\n|inactive|JBERGEY13 has 120 seconds left.\n|\n|t:|1697493380\n|switch|p2a: Farigiraf|Farigiraf, F|100\/100\n|move|p1b: Garganacl|Earthquake|p2b: Fezandipiti|[spread] p2a,p2b\n|-activate|p1a: Rabsca|ability: Telepathy\n|-supereffective|p2b: Fezandipiti\n|-damage|p2a: Farigiraf|65\/100\n|-damage|p2b: Fezandipiti|17\/100\n|move|p1a: Rabsca|Bug Buzz|p2a: Farigiraf\n|-supereffective|p2a: Farigiraf\n|-damage|p2a: Farigiraf|12\/100\n|move|p2b: Fezandipiti|Icy Wind|p1a: Rabsca|[spread] p1a,p1b\n|-damage|p1a: Rabsca|94\/100\n|-damage|p1b: Garganacl|92\/100\n|-unboost|p1a: Rabsca|spe|1\n|-unboost|p1b: Garganacl|spe|1\n|-status|p1a: Rabsca|tox|[from] ability: Toxic Chain|[of] p2b: Fezandipiti\n|\n|-damage|p1a: Rabsca|88\/100 tox|[from] psn\n|upkeep\n|turn|5\n|inactive|JBERGEY13 has 120 seconds left.\n|\n|t:|1697493406\n|switch|p1a: Houndstone|Houndstone, M|100\/100\n|move|p2a: Farigiraf|Protect|p2a: Farigiraf\n|-singleturn|p2a: Farigiraf|Protect\n|move|p2b: Fezandipiti|Protect|p2b: Fezandipiti\n|-singleturn|p2b: Fezandipiti|Protect\n|move|p1b: Garganacl|Earthquake|p2a: Farigiraf|[spread] p1a\n|-activate|p2a: Farigiraf|move: Protect\n|-activate|p2b: Fezandipiti|move: Protect\n|-damage|p1a: Houndstone|62\/100\n|\n|upkeep\n|turn|6\n|\n|t:|1697493434\n|switch|p2b: Empoleon|Empoleon, F|100\/100\n|move|p1a: Houndstone|Shadow Sneak||[still]\n|cant|p2a: Farigiraf|ability: Armor Tail|Shadow Sneak|[of] p1a: Houndstone\n|move|p1b: Garganacl|Earthquake|p2a: Farigiraf|[spread] p1a,p2a,p2b\n|-supereffective|p2b: Empoleon\n|-damage|p1a: Houndstone|28\/100\n|-damage|p2a: Farigiraf|0 fnt\n|-damage|p2b: Empoleon|25\/100\n|faint|p2a: Farigiraf\n|\n|-heal|p2b: Empoleon|31\/100|[from] item: Leftovers\n|upkeep\n|inactive|Granolant has 120 seconds left.\n|\n|t:|1697493446\n|switch|p2a: Gholdengo|Gholdengo|100\/100\n|turn|7\n|\n|t:|1697493452\n|move|p2b: Empoleon|Protect|p2b: Empoleon\n|-singleturn|p2b: Empoleon|Protect\n|move|p2a: Gholdengo|Protect|p2a: Gholdengo\n|-singleturn|p2a: Gholdengo|Protect\n|move|p1b: Garganacl|Earthquake|p2a: Gholdengo|[spread] p1a\n|-activate|p2a: Gholdengo|move: Protect\n|-activate|p2b: Empoleon|move: Protect\n|-damage|p1a: Houndstone|0 fnt\n|faint|p1a: Houndstone\n|\n|-heal|p2b: Empoleon|37\/100|[from] item: Leftovers\n|-fieldend|move: Trick Room\n|upkeep\n|\n|t:|1697493463\n|switch|p1a: Rabsca|Rabsca, M|88\/100 tox\n|turn|8\n|\n|t:|1697493469\n|switch|p2a: Fezandipiti|Fezandipiti, M|17\/100\n|-terastallize|p2b: Empoleon|Water\n|move|p2b: Empoleon|Hydro Pump|p1b: Garganacl\n|-supereffective|p1b: Garganacl\n|-damage|p1b: Garganacl|0 fnt\n|faint|p1b: Garganacl\n|move|p1a: Rabsca|Trick Room|p1a: Rabsca\n|-fieldstart|move: Trick Room|[of] p1a: Rabsca\n|\n|-heal|p2b: Empoleon|43\/100|[from] item: Leftovers\n|-damage|p1a: Rabsca|81\/100 tox|[from] psn\n|upkeep\n|turn|9\n|\n|t:|1697493484\n|move|p1a: Rabsca|Revival Blessing|p1a: Rabsca\n|-enditem|p1a: Rabsca|Leppa Berry|[eat]\n|-activate|p1a: Rabsca|item: Leppa Berry|Revival Blessing|[consumed]\n|\n|t:|1697493494\n|-heal|p1: Garganacl|50\/100|[from] move: Revival Blessing\n|switch|p1b: Garganacl|Garganacl, M|50\/100\n|move|p2b: Empoleon|Hydro Pump|p1a: Rabsca\n|-damage|p1a: Rabsca|30\/100 tox\n|move|p2a: Fezandipiti|Icy Wind|p1a: Rabsca|[spread] p1a,p1b\n|-damage|p1a: Rabsca|23\/100 tox\n|-damage|p1b: Garganacl|42\/100\n|-unboost|p1a: Rabsca|spe|1\n|-unboost|p1b: Garganacl|spe|1\n|\n|-heal|p2b: Empoleon|49\/100|[from] item: Leftovers\n|-damage|p1a: Rabsca|10\/100 tox|[from] psn\n|upkeep\n|turn|10\n|\n|t:|1697493517\n|move|p2b: Empoleon|Protect|p2b: Empoleon\n|-singleturn|p2b: Empoleon|Protect\n|move|p2a: Fezandipiti|Protect|p2a: Fezandipiti\n|-singleturn|p2a: Fezandipiti|Protect\n|move|p1b: Garganacl|Explosion|p2b: Empoleon|[spread] \n|-activate|p2a: Fezandipiti|move: Protect\n|-activate|p2b: Empoleon|move: Protect\n|-activate|p1a: Rabsca|ability: Telepathy\n|faint|p1b: Garganacl\n|move|p1a: Rabsca|Revival Blessing|p1a: Rabsca\n|\n|t:|1697493528\n|-heal|p1: Garganacl|50\/100|[from] move: Revival Blessing\n|\n|-heal|p2b: Empoleon|56\/100|[from] item: Leftovers\n|-damage|p1a: Rabsca|0 fnt|[from] psn\n|faint|p1a: Rabsca\n|upkeep\n|switch|p1b: Garganacl|Garganacl, M|50\/100\n|turn|11\n|inactive|Granolant has 120 seconds left.\n|-message|JBERGEY13 forfeited.\n|\n|win|Granolant\n|raw|JBERGEY13's rating: 1039 &rarr; <strong>1025<\/strong><br \/>(-14 for losing)\n|raw|Granolant's rating: 1080 &rarr; <strong>1105<\/strong><br \/>(+25 for winning)\n|l|\u2606JBERGEY13\n","uploadtime":1697493589,"views":21,"p1id":"jbergey13","p2id":"granolant","formatid":"gen9doublesou","rating":1025,"private":0,"password":""}