{"id":"gen9doublesou-1991505396","p1":"sgkoopa","p2":"Bluejay123","format":"[Gen 9] Doubles OU","log":"|j|\u2606sgkoopa\n|j|\u2606Bluejay123\n|t:|1700083102\n|gametype|doubles\n|player|p1|sgkoopa|preschooler|1074\n|player|p2|Bluejay123|hugh|1156\n|teamsize|p1|6\n|teamsize|p2|6\n|gen|9\n|tier|[Gen 9] Doubles OU\n|rated|\n|rule|Species Clause: Limit one of each Pok\u00e9mon\n|rule|OHKO Clause: OHKO moves are banned\n|rule|Evasion Moves Clause: Evasion moves are banned\n|rule|Gravity Sleep Clause: The combination of sleep-inducing moves with imperfect accuracy and Gravity or Gigantamax Orbeetle are banned\n|rule|Endless Battle Clause: Forcing endless battles is banned\n|rule|HP Percentage Mod: HP is shown in percentages\n|clearpoke\n|poke|p1|Milotic, F|\n|poke|p1|Golem-Alola, F|\n|poke|p1|Mamoswine, M|\n|poke|p1|Gliscor, F|\n|poke|p1|Roaring Moon|\n|poke|p1|Abomasnow, F|\n|poke|p2|Glimmora, M|\n|poke|p2|Samurott-Hisui, M|\n|poke|p2|Garchomp, M|\n|poke|p2|Hatterene, F|\n|poke|p2|Iron Hands|\n|poke|p2|Torkoal, M|\n|teampreview\n|inactive|Battle timer is ON: inactive players will automatically lose when time's up. (requested by sgkoopa)\n|\n|t:|1700083116\n|start\n|switch|p1a: Goyem|Golem-Alola, F, shiny|100\/100\n|switch|p1b: Gert|Gliscor, F, shiny|100\/100\n|switch|p2a: The Crazy Friend|Glimmora, M|100\/100\n|switch|p2b: Weeb Friend|Samurott-Hisui, M|100\/100\n|turn|1\n|\n|t:|1700083131\n|move|p2a: The Crazy Friend|Stealth Rock|p1b: Gert\n|-sidestart|p1: sgkoopa|move: Stealth Rock\n|move|p2b: Weeb Friend|Ceaseless Edge|p1a: Goyem\n|-damage|p1a: Goyem|66\/100\n|-sidestart|p1: sgkoopa|Spikes\n|move|p1b: Gert|Tailwind|p1b: Gert\n|-sidestart|p1: sgkoopa|move: Tailwind\n|move|p1a: Goyem|Body Slam|p2b: Weeb Friend\n|-supereffective|p2b: Weeb Friend\n|-enditem|p2b: Weeb Friend|Focus Sash\n|-damage|p2b: Weeb Friend|1\/100\n|-status|p2b: Weeb Friend|par\n|\n|-status|p1b: Gert|tox|[from] item: Toxic Orb\n|upkeep\n|turn|2\n|inactive|sgkoopa has 120 seconds left.\n|\n|t:|1700083166\n|move|p2b: Weeb Friend|Aqua Jet|p1a: Goyem\n|-supereffective|p1a: Goyem\n|-damage|p1a: Goyem|38\/100\n|move|p1b: Gert|Fire Fang|p2a: The Crazy Friend\n|-resisted|p2a: The Crazy Friend\n|-damage|p2a: The Crazy Friend|89\/100\n|-activate|p2a: The Crazy Friend|ability: Toxic Debris\n|-sidestart|p1: sgkoopa|move: Toxic Spikes\n|move|p2a: The Crazy Friend|Rock Slide|p1b: Gert|[spread] p1a,p1b\n|-damage|p1a: Goyem|25\/100\n|-damage|p1b: Gert|84\/100 tox\n|cant|p1a: Goyem|flinch\n|\n|-heal|p1b: Gert|96\/100 tox|[from] ability: Poison Heal\n|upkeep\n|turn|3\n|\n|t:|1700083189\n|move|p2b: Weeb Friend|Aqua Jet|p1a: Goyem\n|-supereffective|p1a: Goyem\n|-damage|p1a: Goyem|0 fnt\n|faint|p1a: Goyem\n|move|p1b: Gert|Fire Fang|p2b: Weeb Friend\n|-resisted|p2b: Weeb Friend\n|-damage|p2b: Weeb Friend|0 fnt\n|faint|p2b: Weeb Friend\n|move|p2a: The Crazy Friend|Rock Slide|p1b: Gert\n|-damage|p1b: Gert|74\/100 tox\n|\n|-heal|p1b: Gert|86\/100 tox|[from] ability: Poison Heal\n|upkeep\n|\n|t:|1700083212\n|switch|p2b: Catch These Hands|Iron Hands|100\/100\n|switch|p1a: Chang|Roaring Moon, shiny|100\/100\n|-damage|p1a: Chang|88\/100|[from] Stealth Rock\n|-damage|p1a: Chang|75\/100|[from] Spikes\n|-status|p1a: Chang|psn\n|-enditem|p1a: Chang|Booster Energy\n|-activate|p1a: Chang|ability: Protosynthesis|[fromitem]\n|-start|p1a: Chang|protosynthesisatk\n|-enditem|p2b: Catch These Hands|Booster Energy\n|-activate|p2b: Catch These Hands|ability: Quark Drive|[fromitem]\n|-start|p2b: Catch These Hands|quarkdriveatk\n|turn|4\n|\n|t:|1700083240\n|move|p2b: Catch These Hands|Fake Out|p1a: Chang\n|-damage|p1a: Chang|47\/100 psn\n|cant|p1a: Chang|flinch\n|move|p1b: Gert|Bulldoze|p2b: Catch These Hands|[spread] p1a,p2a,p2b\n|-supereffective|p2a: The Crazy Friend\n|-supereffective|p2b: Catch These Hands\n|-damage|p1a: Chang|23\/100 psn\n|-damage|p2a: The Crazy Friend|0 fnt\n|-damage|p2b: Catch These Hands|77\/100\n|-unboost|p1a: Chang|spe|1\n|-unboost|p2b: Catch These Hands|spe|1\n|-activate|p2a: The Crazy Friend|ability: Toxic Debris\n|-sidestart|p1: sgkoopa|move: Toxic Spikes\n|faint|p2a: The Crazy Friend\n|\n|-heal|p1b: Gert|99\/100 tox|[from] ability: Poison Heal\n|-damage|p1a: Chang|10\/100 psn|[from] psn\n|-sideend|p1: sgkoopa|move: Tailwind\n|upkeep\n|inactive|Bluejay123 has 120 seconds left.\n|\n|t:|1700083257\n|switch|p2a: Team Dad|Garchomp, M|100\/100\n|turn|5\n|\n|t:|1700083274\n|move|p1b: Gert|Bulldoze|p2a: Team Dad|[spread] p1a,p2a,p2b\n|-supereffective|p2b: Catch These Hands\n|-damage|p1a: Chang|0 fnt\n|-damage|p2a: Team Dad|80\/100\n|-damage|p2b: Catch These Hands|55\/100\n|-unboost|p2a: Team Dad|spe|1\n|-unboost|p2b: Catch These Hands|spe|1\n|faint|p1a: Chang\n|-end|p1a: Chang|Protosynthesis|[silent]\n|move|p2b: Catch These Hands|Drain Punch|p1b: Gert\n|-resisted|p1b: Gert\n|-damage|p1b: Gert|69\/100 tox\n|-heal|p2b: Catch These Hands|63\/100|[from] drain|[of] p1b: Gert\n|move|p2a: Team Dad|Dragon Tail|p1b: Gert\n|-damage|p1b: Gert|36\/100 tox\n|drag|p1b: Aloe|Abomasnow, F, shiny|100\/100\n|-damage|p1b: Aloe|76\/100|[from] Stealth Rock\n|-damage|p1b: Aloe|63\/100|[from] Spikes\n|-status|p1b: Aloe|tox\n|-weather|Snow|[from] ability: Snow Warning|[of] p1b: Aloe\n|\n|-weather|Snow|[upkeep]\n|-damage|p1b: Aloe|57\/100 tox|[from] psn\n|upkeep\n|\n|t:|1700083278\n|switch|p1a: Gert|Gliscor, F, shiny|36\/100 tox\n|-damage|p1a: Gert|23\/100 tox|[from] Stealth Rock\n|turn|6\n|\n|t:|1700083301\n|move|p1a: Gert|Tailwind|p1a: Gert\n|-sidestart|p1: sgkoopa|move: Tailwind\n|move|p1b: Aloe|Aurora Veil|p1b: Aloe\n|-sidestart|p1: sgkoopa|move: Aurora Veil\n|move|p2b: Catch These Hands|Fire Punch|p1b: Aloe\n|-supereffective|p1b: Aloe\n|-enditem|p1b: Aloe|Occa Berry|[eat]\n|-enditem|p1b: Aloe|Occa Berry|[weaken]\n|-damage|p1b: Aloe|12\/100 tox\n|move|p2a: Team Dad|Dragon Tail|p1a: Gert\n|-damage|p1a: Gert|2\/100 tox\n|drag|p1a: Roberto|Mamoswine, M, shiny|100\/100\n|-damage|p1a: Roberto|88\/100|[from] Stealth Rock\n|-damage|p1a: Roberto|76\/100|[from] Spikes\n|-status|p1a: Roberto|tox\n|\n|-weather|Snow|[upkeep]\n|-damage|p1a: Roberto|69\/100 tox|[from] psn\n|-damage|p1b: Aloe|0 fnt|[from] psn\n|faint|p1b: Aloe\n|upkeep\n|\n|t:|1700083313\n|switch|p1b: Gert|Gliscor, F, shiny|2\/100 tox\n|-damage|p1b: Gert|0 fnt|[from] Stealth Rock\n|faint|p1b: Gert\n|\n|t:|1700083314\n|switch|p1b: Drag|Milotic, F, shiny|100\/100\n|-damage|p1b: Drag|88\/100|[from] Stealth Rock\n|-damage|p1b: Drag|76\/100|[from] Spikes\n|-status|p1b: Drag|tox\n|turn|7\n|\n|t:|1700083328\n|-terastallize|p2a: Team Dad|Fire\n|move|p1a: Roberto|Icicle Spear|p2a: Team Dad\n|-resisted|p2a: Team Dad\n|-damage|p2a: Team Dad|74\/100\n|-resisted|p2a: Team Dad\n|-damage|p2a: Team Dad|67\/100\n|-resisted|p2a: Team Dad\n|-damage|p2a: Team Dad|61\/100\n|-resisted|p2a: Team Dad\n|-damage|p2a: Team Dad|54\/100\n|-resisted|p2a: Team Dad\n|-damage|p2a: Team Dad|48\/100\n|-hitcount|p2a: Team Dad|5\n|move|p1b: Drag|Life Dew|p1b: Drag|[spread] p1a,p1b\n|-heal|p1a: Roberto|94\/100 tox\n|-heal|p1b: Drag|100\/100 tox\n|move|p2a: Team Dad|Fire Fang|p1a: Roberto\n|-supereffective|p1a: Roberto\n|-damage|p1a: Roberto|60\/100 tox\n|move|p2b: Catch These Hands|Thunder Punch|p1b: Drag\n|-supereffective|p1b: Drag\n|-damage|p1b: Drag|55\/100 tox\n|\n|-weather|Snow|[upkeep]\n|-damage|p1a: Roberto|48\/100 tox|[from] psn\n|-damage|p1b: Drag|49\/100 tox|[from] psn\n|upkeep\n|turn|8\n|\n|t:|1700083353\n|move|p1a: Roberto|Rock Blast|p2a: Team Dad\n|-supereffective|p2a: Team Dad\n|-damage|p2a: Team Dad|30\/100\n|-supereffective|p2a: Team Dad\n|-damage|p2a: Team Dad|14\/100\n|-supereffective|p2a: Team Dad\n|-damage|p2a: Team Dad|0 fnt\n|faint|p2a: Team Dad\n|-hitcount|p2: Team Dad|3\n|move|p1b: Drag|Life Dew|p1b: Drag|[spread] p1a,p1b\n|-heal|p1a: Roberto|73\/100 tox\n|-heal|p1b: Drag|74\/100 tox\n|move|p2b: Catch These Hands|Thunder Punch|p1b: Drag\n|-supereffective|p1b: Drag\n|-damage|p1b: Drag|25\/100 tox\n|\n|-weather|Snow|[upkeep]\n|-damage|p1a: Roberto|55\/100 tox|[from] psn\n|-damage|p1b: Drag|13\/100 tox|[from] psn\n|upkeep\n|inactive|Bluejay123 has 120 seconds left.\n|\n|t:|1700083371\n|switch|p2a: Adopted Introvert|Torkoal, M|100\/100\n|-weather|SunnyDay|[from] ability: Drought|[of] p2a: Adopted Introvert\n|turn|9\n|\n|t:|1700083380\n|move|p1a: Roberto|Rock Blast|p2a: Adopted Introvert\n|-supereffective|p2a: Adopted Introvert\n|-damage|p2a: Adopted Introvert|84\/100\n|-supereffective|p2a: Adopted Introvert\n|-damage|p2a: Adopted Introvert|68\/100\n|-supereffective|p2a: Adopted Introvert\n|-damage|p2a: Adopted Introvert|51\/100\n|-supereffective|p2a: Adopted Introvert\n|-damage|p2a: Adopted Introvert|34\/100\n|-hitcount|p2a: Adopted Introvert|4\n|move|p1b: Drag|Weather Ball|p2a: Adopted Introvert\n|-resisted|p2a: Adopted Introvert\n|-damage|p2a: Adopted Introvert|5\/100\n|move|p2a: Adopted Introvert|Heat Wave|p1b: Drag|[spread] p1a,p1b\n|-supereffective|p1a: Roberto\n|-resisted|p1b: Drag\n|-damage|p1a: Roberto|0 fnt\n|-damage|p1b: Drag|1\/100 tox\n|faint|p1a: Roberto\n|move|p2b: Catch These Hands|Thunder Punch|p1b: Drag\n|-supereffective|p1b: Drag\n|-damage|p1b: Drag|0 fnt\n|faint|p1b: Drag\n|\n|win|Bluejay123\n|raw|sgkoopa's rating: 1074 &rarr; <strong>1058<\/strong><br \/>(-16 for losing)\n|raw|Bluejay123's rating: 1156 &rarr; <strong>1175<\/strong><br \/>(+19 for winning)\n|c|\u2606Bluejay123|gg\n|l|\u2606sgkoopa\n","uploadtime":1700083401,"views":8,"p1id":"sgkoopa","p2id":"bluejay123","formatid":"gen9doublesou","rating":1058,"private":0,"password":""}