{"id":"gen9doublesou-1973223970","p1":"Kelp5854","p2":"cotesmcgotes","format":"[Gen 9] Doubles OU","log":"|j|\u2606Kelp5854\n|j|\u2606cotesmcgotes\n|t:|1697941341\n|gametype|doubles\n|player|p1|Kelp5854|brawly|1314\n|player|p2|cotesmcgotes|flannery|1339\n|teamsize|p1|6\n|teamsize|p2|6\n|gen|9\n|tier|[Gen 9] Doubles OU\n|rated|\n|rule|Species Clause: Limit one of each Pok\u00e9mon\n|rule|OHKO Clause: OHKO moves are banned\n|rule|Evasion Moves Clause: Evasion moves are banned\n|rule|Gravity Sleep Clause: The combination of sleep-inducing moves with imperfect accuracy and Gravity or Gigantamax Orbeetle are banned\n|rule|Endless Battle Clause: Forcing endless battles is banned\n|rule|HP Percentage Mod: HP is shown in percentages\n|clearpoke\n|poke|p1|Tinkaton, F|\n|poke|p1|Gastrodon, M|\n|poke|p1|Volcanion|\n|poke|p1|Iron Hands|\n|poke|p1|Landorus-Therian, M|\n|poke|p1|Articuno|\n|poke|p2|Manaphy|\n|poke|p2|Espathra, M|\n|poke|p2|Goodra-Hisui, M|\n|poke|p2|Ursaluna-Bloodmoon, M|\n|poke|p2|Ogerpon-Hearthflame, F|\n|poke|p2|Chien-Pao|\n|teampreview\n|inactive|Battle timer is ON: inactive players will automatically lose when time's up. (requested by cotesmcgotes)\n|\n|t:|1697941370\n|start\n|switch|p1a: Iron Hands|Iron Hands|100\/100\n|switch|p1b: Articuno|Articuno, shiny|100\/100\n|switch|p2a: Ogerpon|Ogerpon-Hearthflame, F|100\/100\n|switch|p2b: Chien-Pao|Chien-Pao|100\/100\n|-ability|p2b: Chien-Pao|Sword of Ruin\n|-ability|p2a: Ogerpon|Mold Breaker\n|-enditem|p1a: Iron Hands|Booster Energy\n|-activate|p1a: Iron Hands|ability: Quark Drive|[fromitem]\n|-start|p1a: Iron Hands|quarkdriveatk\n|turn|1\n|inactive|Kelp5854 has 120 seconds left.\n|\n|t:|1697941401\n|switch|p2b: Espathra|Espathra, M|100\/100\n|move|p2a: Ogerpon|Spiky Shield|p2a: Ogerpon\n|-singleturn|p2a: Ogerpon|move: Protect\n|move|p1a: Iron Hands|Fake Out|p2b: Espathra\n|-damage|p2b: Espathra|75\/100\n|move|p1b: Articuno|Tailwind|p1b: Articuno\n|-sidestart|p1: Kelp5854|move: Tailwind\n|\n|upkeep\n|turn|2\n|inactive|Kelp5854 has 120 seconds left.\n|\n|t:|1697941439\n|-end|p1a: Iron Hands|Quark Drive|[silent]\n|switch|p1a: Landorus|Landorus-Therian, M|100\/100\n|-ability|p1a: Landorus|Intimidate|boost\n|-unboost|p2a: Ogerpon|atk|1\n|-unboost|p2b: Espathra|atk|1\n|move|p1b: Articuno|Blizzard|p2b: Espathra|[spread] \n|-miss|p1b: Articuno|p2a: Ogerpon\n|-miss|p1b: Articuno|p2b: Espathra\n|move|p2a: Ogerpon|Ivy Cudgel|p1b: Articuno\n|-supereffective|p1b: Articuno\n|-damage|p1b: Articuno|24\/100\n|move|p2b: Espathra|Lumina Crash|p1a: Landorus\n|-damage|p1a: Landorus|66\/100\n|-unboost|p1a: Landorus|spd|2\n|\n|-ability|p2b: Espathra|Speed Boost|boost\n|-boost|p2b: Espathra|spe|1\n|upkeep\n|turn|3\n|inactive|Kelp5854 has 120 seconds left.\n|\n|t:|1697941462\n|move|p1b: Articuno|Protect|p1b: Articuno\n|-singleturn|p1b: Articuno|Protect\n|move|p2b: Espathra|Protect|p2b: Espathra\n|-singleturn|p2b: Espathra|Protect\n|move|p2a: Ogerpon|Spiky Shield|p2a: Ogerpon\n|-singleturn|p2a: Ogerpon|move: Protect\n|move|p1a: Landorus|Earthquake|p2b: Espathra|[spread] \n|-activate|p1b: Articuno|move: Protect\n|-activate|p2a: Ogerpon|move: Protect\n|-activate|p2b: Espathra|move: Protect\n|\n|-ability|p2b: Espathra|Speed Boost|boost\n|-boost|p2b: Espathra|spe|1\n|upkeep\n|turn|4\n|inactive|Kelp5854 has 120 seconds left.\n|\n|t:|1697941483\n|move|p2b: Espathra|Lumina Crash|p1a: Landorus\n|-damage|p1a: Landorus|0 fnt\n|faint|p1a: Landorus\n|move|p1b: Articuno|Blizzard|p2a: Ogerpon|[spread] p2a,p2b\n|-damage|p2a: Ogerpon|63\/100\n|-damage|p2b: Espathra|35\/100\n|move|p2a: Ogerpon|Ivy Cudgel|p1b: Articuno\n|-supereffective|p1b: Articuno\n|-damage|p1b: Articuno|0 fnt\n|faint|p1b: Articuno\n|\n|-sideend|p1: Kelp5854|move: Tailwind\n|-ability|p2b: Espathra|Speed Boost|boost\n|-boost|p2b: Espathra|spe|1\n|upkeep\n|inactive|Kelp5854 has 120 seconds left.\n|\n|t:|1697941503\n|switch|p1a: Volcanion|Volcanion|100\/100\n|switch|p1b: Tinkaton|Tinkaton, F|100\/100\n|-ability|p1b: Tinkaton|Mold Breaker\n|turn|5\n|\n|t:|1697941525\n|switch|p2a: Manaphy|Manaphy|100\/100\n|move|p1b: Tinkaton|Fake Out|p2b: Espathra\n|-damage|p2b: Espathra|21\/100\n|cant|p2b: Espathra|flinch\n|move|p1a: Volcanion|Heat Wave|p2a: Manaphy|[spread] p2a,p2b\n|-resisted|p2a: Manaphy\n|-damage|p2a: Manaphy|85\/100\n|-damage|p2b: Espathra|0 fnt\n|faint|p2b: Espathra\n|\n|upkeep\n|inactive|cotesmcgotes has 120 seconds left.\n|\n|t:|1697941543\n|switch|p2b: Ursaluna|Ursaluna-Bloodmoon, M|100\/100\n|turn|6\n|l|\u2606Kelp5854\n|inactive|Kelp5854 disconnected and has a minute to reconnect!\n|player|p1|\n|inactive|Kelp5854 has 30 seconds to reconnect!\n|j|\u2606Kelp5854\n|inactive|Kelp5854 reconnected and has 115 seconds left.\n|player|p1|Kelp5854|brawly\n|j| gkmister\n|inactive|Kelp5854 has 90 seconds left.\n|\n|t:|1697941613\n|move|p1b: Tinkaton|Protect|p1b: Tinkaton\n|-singleturn|p1b: Tinkaton|Protect\n|move|p2a: Manaphy|Tail Glow|p2a: Manaphy\n|-boost|p2a: Manaphy|spa|3\n|move|p1a: Volcanion|Steam Eruption|p2b: Ursaluna\n|-supereffective|p2b: Ursaluna\n|-damage|p2b: Ursaluna|34\/100\n|move|p2b: Ursaluna|Earth Power|p1a: Volcanion\n|-supereffective|p1a: Volcanion\n|-damage|p1a: Volcanion|18\/100\n|-unboost|p1a: Volcanion|spd|1\n|\n|-heal|p1a: Volcanion|25\/100|[from] item: Leftovers\n|upkeep\n|turn|7\n|inactive|Kelp5854 has 90 seconds left.\n|inactive|cotesmcgotes has 120 seconds left.\n|\n|t:|1697941661\n|move|p2b: Ursaluna|Vacuum Wave|p1a: Volcanion\n|-damage|p1a: Volcanion|6\/100\n|move|p2a: Manaphy|Scald|p1b: Tinkaton\n|-damage|p1b: Tinkaton|1\/100\n|-status|p1b: Tinkaton|brn\n|-enditem|p1b: Tinkaton|Sitrus Berry|[eat]\n|-heal|p1b: Tinkaton|26\/100 brn|[from] item: Sitrus Berry\n|move|p1b: Tinkaton|Gigaton Hammer|p2a: Manaphy\n|-resisted|p2a: Manaphy\n|-damage|p2a: Manaphy|69\/100\n|move|p1a: Volcanion|Steam Eruption|p2b: Ursaluna\n|-supereffective|p2b: Ursaluna\n|-damage|p2b: Ursaluna|0 fnt\n|faint|p2b: Ursaluna\n|\n|-heal|p1a: Volcanion|12\/100|[from] item: Leftovers\n|-damage|p1b: Tinkaton|20\/100 brn|[from] brn\n|upkeep\n|inactive|cotesmcgotes has 90 seconds left.\n|\n|t:|1697941696\n|switch|p2b: Ogerpon|Ogerpon-Hearthflame, F|63\/100\n|-ability|p2b: Ogerpon|Mold Breaker\n|turn|8\n|inactive|Kelp5854 has 90 seconds left.\n|\n|t:|1697941723\n|switch|p1b: Iron Hands|Iron Hands|100\/100\n|move|p1a: Volcanion|Protect|p1a: Volcanion\n|-singleturn|p1a: Volcanion|Protect\n|move|p2b: Ogerpon|Horn Leech|p1a: Volcanion\n|-activate|p1a: Volcanion|move: Protect\n|move|p2a: Manaphy|Tail Glow|p2a: Manaphy\n|-boost|p2a: Manaphy|spa|3\n|\n|-heal|p1a: Volcanion|18\/100|[from] item: Leftovers\n|upkeep\n|turn|9\n|inactive|Kelp5854 has 90 seconds left.\n|\n|t:|1697941752\n|-terastallize|p2a: Manaphy|Psychic\n|move|p1a: Volcanion|Protect||[still]\n|-fail|p1a: Volcanion\n|move|p2b: Ogerpon|Horn Leech|p1a: Volcanion\n|-damage|p1a: Volcanion|0 fnt\n|-heal|p2b: Ogerpon|73\/100|[from] drain|[of] p1a: Volcanion\n|faint|p1a: Volcanion\n|move|p2a: Manaphy|Stored Power|p1b: Iron Hands\n|-supereffective|p1b: Iron Hands\n|-crit|p1b: Iron Hands\n|-damage|p1b: Iron Hands|0 fnt\n|faint|p1b: Iron Hands\n|-end|p1b: Iron Hands|Quark Drive|[silent]\n|\n|upkeep\n|inactive|Kelp5854 has 90 seconds left.\n|\n|t:|1697941766\n|switch|p1a: Tinkaton|Tinkaton, F|20\/100 brn\n|switch|p1b: Gastrodon|Gastrodon, M|100\/100\n|-ability|p1a: Tinkaton|Mold Breaker\n|turn|10\n|inactive|cotesmcgotes has 120 seconds left.\n|\n|t:|1697941779\n|-terastallize|p1b: Gastrodon|Fire\n|move|p1a: Tinkaton|Fake Out|p2a: Manaphy\n|-damage|p2a: Manaphy|64\/100\n|move|p2b: Ogerpon|Horn Leech|p1b: Gastrodon\n|-resisted|p1b: Gastrodon\n|-damage|p1b: Gastrodon|75\/100\n|-heal|p2b: Ogerpon|91\/100|[from] drain|[of] p1b: Gastrodon\n|cant|p2a: Manaphy|flinch\n|move|p1b: Gastrodon|Muddy Water|p2b: Ogerpon|[spread] p2a,p2b\n|-damage|p2a: Manaphy|35\/100\n|-damage|p2b: Ogerpon|52\/100\n|-enditem|p2a: Manaphy|Sitrus Berry|[eat]\n|-heal|p2a: Manaphy|60\/100|[from] item: Sitrus Berry\n|\n|-damage|p1a: Tinkaton|14\/100 brn|[from] brn\n|upkeep\n|turn|11\n|inactive|Kelp5854 has 120 seconds left.\n|\n|t:|1697941812\n|move|p1a: Tinkaton|Protect|p1a: Tinkaton\n|-singleturn|p1a: Tinkaton|Protect\n|move|p2b: Ogerpon|Ivy Cudgel|p1a: Tinkaton\n|-activate|p1a: Tinkaton|move: Protect\n|move|p2a: Manaphy|Stored Power|p1b: Gastrodon\n|-damage|p1b: Gastrodon|0 fnt\n|faint|p1b: Gastrodon\n|\n|-damage|p1a: Tinkaton|8\/100 brn|[from] brn\n|upkeep\n|turn|12\n|-message|Kelp5854 forfeited.\n|\n|win|cotesmcgotes\n|raw|Kelp5854's rating: 1314 &rarr; <strong>1295<\/strong><br \/>(-19 for losing)\n|raw|cotesmcgotes's rating: 1339 &rarr; <strong>1358<\/strong><br \/>(+19 for winning)\n|l|\u2606Kelp5854\n","uploadtime":1697941827,"views":19,"p1id":"kelp5854","p2id":"cotesmcgotes","formatid":"gen9doublesou","rating":1295,"private":0,"password":""}