{"id":"gen9doublesou-1981044951","p1":"DIMU179","p2":"Lenoxum","format":"[Gen 9] Doubles OU","log":"|j|\u2606DIMU179\n|j|\u2606Lenoxum\n|inactive|Battle timer is ON: inactive players will automatically lose when time's up.\n|t:|1698859234\n|gametype|doubles\n|player|p1|DIMU179|102|\n|player|p2|Lenoxum|turo-ai|\n|teamsize|p1|6\n|teamsize|p2|6\n|gen|9\n|tier|[Gen 9] Doubles OU\n|rated|Tournament battle\n|rule|Species Clause: Limit one of each Pok\u00e9mon\n|rule|OHKO Clause: OHKO moves are banned\n|rule|Evasion Moves Clause: Evasion moves are banned\n|rule|Gravity Sleep Clause: The combination of sleep-inducing moves with imperfect accuracy and Gravity or Gigantamax Orbeetle are banned\n|rule|Endless Battle Clause: Forcing endless battles is banned\n|rule|HP Percentage Mod: HP is shown in percentages\n|clearpoke\n|poke|p1|Skeledirge, M|\n|poke|p1|Clefairy, M|\n|poke|p1|Dartrix, M|\n|poke|p1|Milotic, F|\n|poke|p1|Perrserker, M|\n|poke|p1|Kilowattrel, M|\n|poke|p2|Hatterene, F|\n|poke|p2|Arcanine-Hisui, F|\n|poke|p2|Swanna, M|\n|poke|p2|Fletchinder, M|\n|poke|p2|Zoroark-Hisui, F|\n|poke|p2|Samurott-Hisui, M|\n|teampreview\n|j|*Lady Monita \u263d\n|inactive|DIMU179 also wants the timer to be on.\n|j| DreamyFleur\n|j| Keqinamu\n|c|\u2606Lenoxum|glhf\n|c|\u2606DIMU179|u2\n|\n|t:|1698859260\n|start\n|switch|p1a: Clefairy|Clefairy, M|100\/100\n|switch|p1b: Kilowattrel|Kilowattrel, M|100\/100\n|switch|p2a: Samurott|Samurott-Hisui, M, shiny|100\/100\n|switch|p2b: Hatterene|Hatterene, F, shiny|100\/100\n|turn|1\n|\n|t:|1698859272\n|move|p1a: Clefairy|Follow Me|p1a: Clefairy\n|-singleturn|p1a: Clefairy|move: Follow Me\n|move|p1b: Kilowattrel|Thunderbolt|p2a: Samurott\n|-supereffective|p2a: Samurott\n|-damage|p2a: Samurott|9\/100\n|move|p2b: Hatterene|Hyper Voice|p1b: Kilowattrel|[spread] p1a,p1b\n|-damage|p1a: Clefairy|72\/100\n|-damage|p1b: Kilowattrel|44\/100\n|move|p2a: Samurott|Ceaseless Edge|p1a: Clefairy\n|-resisted|p1a: Clefairy\n|-damage|p1a: Clefairy|51\/100\n|-sidestart|p1: DIMU179|Spikes\n|\n|upkeep\n|turn|2\n|j| sjjjjjjj\n|\n|t:|1698859286\n|move|p2a: Samurott|Protect|p2a: Samurott\n|-singleturn|p2a: Samurott|Protect\n|move|p1a: Clefairy|Follow Me|p1a: Clefairy\n|-singleturn|p1a: Clefairy|move: Follow Me\n|move|p1b: Kilowattrel|Thunderbolt|p2a: Samurott\n|-activate|p2a: Samurott|move: Protect\n|move|p2b: Hatterene|Hyper Voice|p1b: Kilowattrel|[spread] p1a,p1b\n|-damage|p1a: Clefairy|21\/100\n|-damage|p1b: Kilowattrel|0 fnt\n|faint|p1b: Kilowattrel\n|\n|upkeep\n|\n|t:|1698859307\n|switch|p1b: Skeledirge|Skeledirge, M|100\/100\n|-damage|p1b: Skeledirge|88\/100|[from] Spikes\n|turn|3\n|\n|t:|1698859327\n|move|p1a: Clefairy|Follow Me|p1a: Clefairy\n|-singleturn|p1a: Clefairy|move: Follow Me\n|move|p2b: Hatterene|Bitter Malice|p1a: Clefairy\n|-damage|p1a: Clefairy|0 fnt\n|faint|p1a: Clefairy\n|move|p2a: Samurott|Ceaseless Edge|p1b: Skeledirge\n|-supereffective|p1b: Skeledirge\n|-damage|p1b: Skeledirge|14\/100\n|-sidestart|p1: DIMU179|Spikes\n|move|p1b: Skeledirge|Heat Wave|p2b: Hatterene|[spread] p2b\n|-miss|p1b: Skeledirge|p2a: Samurott\n|-damage|p2b: Hatterene|43\/100\n|-status|p2b: Hatterene|brn\n|replace|p2b: Zoroark|Zoroark-Hisui, F, shiny\n|-end|p2b: Zoroark|Illusion\n|\n|-heal|p1b: Skeledirge|20\/100|[from] item: Leftovers\n|-damage|p2b: Zoroark|37\/100 brn|[from] brn\n|upkeep\n|inactive|DIMU179 has 120 seconds left.\n|\n|t:|1698859368\n|switch|p1a: Milotic|Milotic, F|100\/100\n|-damage|p1a: Milotic|84\/100|[from] Spikes\n|turn|4\n|\n|t:|1698859384\n|switch|p2b: Swanna|Swanna, M, shiny|100\/100\n|move|p2a: Samurott|Ceaseless Edge|p1b: Skeledirge\n|-supereffective|p1b: Skeledirge\n|-damage|p1b: Skeledirge|0 fnt\n|-sidestart|p1: DIMU179|Spikes\n|faint|p1b: Skeledirge\n|move|p1a: Milotic|Coil|p1a: Milotic\n|-boost|p1a: Milotic|atk|1\n|-boost|p1a: Milotic|def|1\n|-boost|p1a: Milotic|accuracy|1\n|\n|-heal|p1a: Milotic|90\/100|[from] item: Leftovers\n|upkeep\n|inactive|DIMU179 has 120 seconds left.\n|\n|t:|1698859405\n|switch|p1b: Dartrix|Dartrix, M|100\/100\n|turn|5\n|\n|t:|1698859425\n|move|p2b: Swanna|Icy Wind|p1b: Dartrix|[spread] p1a,p1b\n|-resisted|p1a: Milotic\n|-supereffective|p1b: Dartrix\n|-damage|p1a: Milotic|87\/100\n|-damage|p1b: Dartrix|62\/100\n|-unboost|p1a: Milotic|spe|1\n|-ability|p1a: Milotic|Competitive|boost\n|-boost|p1a: Milotic|spa|2\n|-unboost|p1b: Dartrix|spe|1\n|move|p2a: Samurott|Sacred Sword|p1a: Milotic\n|-damage|p1a: Milotic|47\/100\n|move|p1a: Milotic|Coil|p1a: Milotic\n|-boost|p1a: Milotic|atk|1\n|-boost|p1a: Milotic|def|1\n|-boost|p1a: Milotic|accuracy|1\n|move|p1b: Dartrix|Leaf Blade|p2a: Samurott\n|-supereffective|p2a: Samurott\n|-damage|p2a: Samurott|0 fnt\n|faint|p2a: Samurott\n|\n|-heal|p1a: Milotic|53\/100|[from] item: Leftovers\n|upkeep\n|inactive|Lenoxum has 120 seconds left.\n|l| DreamyFleur\n|\n|t:|1698859448\n|switch|p2a: Arcanine|Arcanine-Hisui, F, shiny|100\/100\n|turn|6\n|\n|t:|1698859455\n|move|p2b: Swanna|Air Slash|p1a: Milotic\n|-damage|p1a: Milotic|33\/100\n|move|p2a: Arcanine|Wild Charge|p1a: Milotic\n|-supereffective|p1a: Milotic\n|-crit|p1a: Milotic\n|-damage|p1a: Milotic|0 fnt\n|faint|p1a: Milotic\n|-damage|p2a: Arcanine|91\/100|[from] item: Life Orb\n|move|p1b: Dartrix|Knock Off|p2a: Arcanine\n|-damage|p2a: Arcanine|57\/100\n|-enditem|p2a: Arcanine|Life Orb|[from] move: Knock Off|[of] p1b: Dartrix\n|\n|upkeep\n|\n|t:|1698859462\n|switch|p1a: Perrserker|Perrserker, M|100\/100\n|-damage|p1a: Perrserker|76\/100|[from] Spikes\n|turn|7\n|\n|t:|1698859473\n|move|p2b: Swanna|Air Slash|p1b: Dartrix|[miss]\n|-miss|p2b: Swanna|p1b: Dartrix\n|move|p2a: Arcanine|Flare Blitz|p1a: Perrserker\n|-supereffective|p1a: Perrserker\n|-damage|p1a: Perrserker|0 fnt\n|faint|p1a: Perrserker\n|move|p1b: Dartrix|Knock Off|p2b: Swanna\n|-damage|p2b: Swanna|56\/100\n|-enditem|p2b: Swanna|Assault Vest|[from] move: Knock Off|[of] p1b: Dartrix\n|\n|upkeep\n|turn|8\n|c|\u2606Lenoxum|gg\n|c|\u2606DIMU179|gg\n|\n|t:|1698859485\n|move|p2b: Swanna|Air Slash|p1b: Dartrix\n|-supereffective|p1b: Dartrix\n|-damage|p1b: Dartrix|5\/100\n|move|p2a: Arcanine|Flare Blitz|p1b: Dartrix\n|-supereffective|p1b: Dartrix\n|-damage|p1b: Dartrix|0 fnt\n|faint|p1b: Dartrix\n|\n|win|Lenoxum\n|n|\u2606DIMU179|dimu179\n|n|\u2606Lenoxum|lenoxum\n|n|*Lady Monita \u263d|ladymonita\n|n| Keqinamu|keqinamu\n|n| sjjjjjjj|sjjjjjjj\n","uploadtime":1698859489,"views":25,"p1id":"dimu179","p2id":"lenoxum","formatid":"gen9doublesou","rating":0,"private":0,"password":""}