{"id":"gen9doublesou-1988224972","p1":"xxgodzilla1.0","p2":"pogchimp970314","format":"[Gen 9] Doubles OU","log":"|j|\u2606xxgodzilla1.0\n|j|\u2606pogchimp970314\n|inactive|Battle timer is ON: inactive players will automatically lose when time's up.\n|t:|1699688917\n|gametype|doubles\n|player|p1|xxgodzilla1.0|nate|\n|player|p2|pogchimp970314|mai|\n|teamsize|p1|6\n|teamsize|p2|6\n|gen|9\n|tier|[Gen 9] Doubles OU\n|rated|Tournament battle\n|rule|Species Clause: Limit one of each Pok\u00e9mon\n|rule|OHKO Clause: OHKO moves are banned\n|rule|Evasion Moves Clause: Evasion moves are banned\n|rule|Gravity Sleep Clause: The combination of sleep-inducing moves with imperfect accuracy and Gravity or Gigantamax Orbeetle are banned\n|rule|Endless Battle Clause: Forcing endless battles is banned\n|rule|HP Percentage Mod: HP is shown in percentages\n|clearpoke\n|poke|p1|Maushold-Four|\n|poke|p1|Fomantis, M|\n|poke|p1|Bounsweet, F|\n|poke|p1|Tyranitar, M|\n|poke|p1|Pawmot, M|\n|poke|p1|Luxio, M|\n|poke|p2|Cubchoo, M|\n|poke|p2|Toxapex, F|\n|poke|p2|Mabosstiff, F|\n|poke|p2|Sinistea|\n|poke|p2|Hattrem, F|\n|poke|p2|Ursaluna-Bloodmoon, M|\n|teampreview\n|j|*Lady Monita \u263d\n|inactive|pogchimp970314 also wants the timer to be on.\n|c|\u2606xxgodzilla1.0|glhf\n|j| mystiic2812\n|c|\u2606pogchimp970314|gl\n|j| Emdimd\n|l| Emdimd\n|inactive|xxgodzilla1.0 has 120 seconds left.\n|\n|t:|1699688951\n|start\n|switch|p1a: cherry|Bounsweet, F|100\/100\n|switch|p1b: spark|Luxio, M|100\/100\n|switch|p2a: Sinistea|Sinistea|100\/100\n|switch|p2b: Ursaluna|Ursaluna-Bloodmoon, M|100\/100\n|-ability|p1b: spark|Intimidate|boost\n|-unboost|p2a: Sinistea|atk|1\n|-unboost|p2b: Ursaluna|atk|1\n|turn|1\n|\n|t:|1699688969\n|move|p2b: Ursaluna|Protect|p2b: Ursaluna\n|-singleturn|p2b: Ursaluna|Protect\n|move|p1b: spark|Volt Switch|p2a: Sinistea\n|-damage|p2a: Sinistea|89\/100\n|\n|t:|1699688979\n|switch|p1b: groot|Fomantis, M, shiny|100\/100|[from] Volt Switch\n|move|p1a: cherry|Light Screen|p1a: cherry\n|-sidestart|p1: xxgodzilla1.0|move: Light Screen\n|move|p2a: Sinistea|Trick Room|p2a: Sinistea\n|-fieldstart|move: Trick Room|[of] p2a: Sinistea\n|\n|upkeep\n|turn|2\n|\n|t:|1699689008\n|switch|p2a: Toxapex|Toxapex, F|100\/100\n|switch|p2b: Mabosstiff|Mabosstiff, F|100\/100\n|-ability|p2b: Mabosstiff|Intimidate|boost\n|-fail|p1a: cherry|unboost|Attack|[from] ability: Oblivious|[of] p1a: cherry\n|-boost|p1b: groot|atk|1\n|move|p1a: cherry|Helping Hand|p1b: groot\n|-singleturn|p1b: groot|Helping Hand|[of] p1a: cherry\n|move|p1b: groot|Leaf Storm|p2b: Mabosstiff\n|-damage|p2b: Mabosstiff|25\/100\n|-boost|p1b: groot|spa|2\n|-enditem|p2b: Mabosstiff|Sitrus Berry|[eat]\n|-heal|p2b: Mabosstiff|50\/100|[from] item: Sitrus Berry\n|\n|upkeep\n|turn|3\n|\n|t:|1699689038\n|move|p1b: groot|Protect|p1b: groot\n|-singleturn|p1b: groot|Protect\n|move|p2b: Mabosstiff|Protect|p2b: Mabosstiff\n|-singleturn|p2b: Mabosstiff|Protect\n|move|p1a: cherry|Reflect|p1a: cherry\n|-sidestart|p1: xxgodzilla1.0|Reflect\n|move|p2a: Toxapex|Toxic|p1b: groot\n|-activate|p1b: groot|move: Protect\n|\n|upkeep\n|turn|4\n|\n|t:|1699689054\n|move|p1a: cherry|Helping Hand|p1b: groot\n|-singleturn|p1b: groot|Helping Hand|[of] p1a: cherry\n|move|p1b: groot|Leaf Storm|p2a: Toxapex\n|-damage|p2a: Toxapex|20\/100\n|-boost|p1b: groot|spa|2\n|-enditem|p2a: Toxapex|Sitrus Berry|[eat]\n|-heal|p2a: Toxapex|45\/100|[from] item: Sitrus Berry\n|move|p2a: Toxapex|Toxic|p1b: groot\n|-status|p1b: groot|tox\n|move|p2b: Mabosstiff|Psychic Fangs|p1a: cherry\n|-sideend|p1: xxgodzilla1.0|Reflect\n|-sideend|p1: xxgodzilla1.0|move: Light Screen\n|-damage|p1a: cherry|58\/100\n|\n|-damage|p1b: groot|94\/100 tox|[from] psn\n|upkeep\n|turn|5\n|\n|t:|1699689072\n|move|p1a: cherry|Reflect|p1a: cherry\n|-sidestart|p1: xxgodzilla1.0|Reflect\n|move|p1b: groot|Leaf Storm|p2b: Mabosstiff\n|-damage|p2b: Mabosstiff|0 fnt\n|-boost|p1b: groot|spa|2\n|faint|p2b: Mabosstiff\n|move|p2a: Toxapex|Venoshock|p1b: groot\n|-supereffective|p1b: groot\n|-crit|p1b: groot\n|-damage|p1b: groot|0 fnt\n|faint|p1b: groot\n|\n|-fieldend|move: Trick Room\n|upkeep\n|\n|t:|1699689086\n|switch|p2b: Cubchoo|Cubchoo, M|100\/100\n|switch|p1b: spark|Luxio, M|100\/100\n|-ability|p1b: spark|Intimidate|boost\n|-unboost|p2a: Toxapex|atk|1\n|-unboost|p2b: Cubchoo|atk|1\n|-ability|p2b: Cubchoo|Rattled|boost\n|-boost|p2b: Cubchoo|spe|1\n|turn|6\n|inactive|pogchimp970314 has 120 seconds left.\n|\n|t:|1699689120\n|move|p1a: cherry|Protect|p1a: cherry\n|-singleturn|p1a: cherry|Protect\n|move|p1b: spark|Volt Switch|p2b: Cubchoo\n|-damage|p2b: Cubchoo|79\/100\n|inactive|xxgodzilla1.0 has 120 seconds left.\n|\n|t:|1699689138\n|switch|p1b: godzilla|Tyranitar, M|100\/100|[from] Volt Switch\n|-weather|Sandstorm|[from] ability: Sand Stream|[of] p1b: godzilla\n|move|p2a: Toxapex|Toxic|p1b: godzilla\n|-status|p1b: godzilla|tox\n|move|p2b: Cubchoo|Avalanche|p1a: cherry\n|-activate|p1a: cherry|move: Protect\n|\n|-weather|Sandstorm|[upkeep]\n|-damage|p2b: Cubchoo|72\/100|[from] Sandstorm\n|-damage|p2a: Toxapex|39\/100|[from] Sandstorm\n|-damage|p1a: cherry|52\/100|[from] Sandstorm\n|-damage|p1b: godzilla|94\/100 tox|[from] psn\n|upkeep\n|turn|7\n|inactive|xxgodzilla1.0 has 120 seconds left.\n|inactive|xxgodzilla1.0 has 90 seconds left.\n|\n|t:|1699689189\n|move|p1a: cherry|Helping Hand|p1b: godzilla\n|-singleturn|p1b: godzilla|Helping Hand|[of] p1a: cherry\n|move|p2a: Toxapex|Wide Guard|p2a: Toxapex\n|-singleturn|p2a: Toxapex|Wide Guard\n|move|p2b: Cubchoo|Charm|p1b: godzilla\n|-unboost|p1b: godzilla|atk|2\n|move|p1b: godzilla|Crunch|p2a: Toxapex\n|-damage|p2a: Toxapex|16\/100\n|\n|-weather|Sandstorm|[upkeep]\n|-damage|p2b: Cubchoo|66\/100|[from] Sandstorm\n|-damage|p2a: Toxapex|10\/100|[from] Sandstorm\n|-damage|p1a: cherry|46\/100|[from] Sandstorm\n|-damage|p1b: godzilla|82\/100 tox|[from] psn\n|upkeep\n|turn|8\n|c| mystiic2812|close!!\n|inactive|xxgodzilla1.0 has 90 seconds left.\n|\n|t:|1699689242\n|move|p1a: cherry|Protect|p1a: cherry\n|-singleturn|p1a: cherry|Protect\n|move|p2b: Cubchoo|Charm|p1b: godzilla\n|-unboost|p1b: godzilla|atk|2\n|move|p1b: godzilla|Stone Edge|p2b: Cubchoo\n|-supereffective|p2b: Cubchoo\n|-damage|p2b: Cubchoo|13\/100\n|move|p2a: Toxapex|Toxic|p1a: cherry\n|-activate|p1a: cherry|move: Protect\n|\n|-weather|Sandstorm|[upkeep]\n|-damage|p2b: Cubchoo|7\/100|[from] Sandstorm\n|-damage|p2a: Toxapex|4\/100|[from] Sandstorm\n|-damage|p1a: cherry|40\/100|[from] Sandstorm\n|-damage|p1b: godzilla|63\/100 tox|[from] psn\n|upkeep\n|turn|9\n|\n|t:|1699689267\n|switch|p1b: spark|Luxio, M|100\/100\n|-ability|p1b: spark|Intimidate|boost\n|-unboost|p2a: Toxapex|atk|1\n|-unboost|p2b: Cubchoo|atk|1\n|-ability|p2b: Cubchoo|Rattled|boost\n|-boost|p2b: Cubchoo|spe|1\n|move|p2b: Cubchoo|Rock Slide|p1b: spark|[spread] p1b\n|-miss|p2b: Cubchoo|p1a: cherry\n|-damage|p1b: spark|94\/100\n|move|p2a: Toxapex|Venoshock|p1a: cherry\n|-supereffective|p1a: cherry\n|-damage|p1a: cherry|14\/100\n|move|p1a: cherry|Light Screen|p1a: cherry\n|-sidestart|p1: xxgodzilla1.0|move: Light Screen\n|\n|-weather|Sandstorm|[upkeep]\n|-damage|p1b: spark|88\/100|[from] Sandstorm\n|-damage|p2b: Cubchoo|1\/100|[from] Sandstorm\n|-damage|p2a: Toxapex|0 fnt|[from] Sandstorm\n|-damage|p1a: cherry|9\/100|[from] Sandstorm\n|faint|p2a: Toxapex\n|-sideend|p1: xxgodzilla1.0|Reflect\n|upkeep\n|\n|t:|1699689283\n|switch|p2a: Hattrem|Hattrem, F|100\/100\n|turn|10\n|inactive|xxgodzilla1.0 has 90 seconds left.\n|\n|t:|1699689314\n|move|p1a: cherry|Helping Hand|p1b: spark\n|-singleturn|p1b: spark|Helping Hand|[of] p1a: cherry\n|move|p1b: spark|Volt Switch|p2a: Hattrem\n|-damage|p2a: Hattrem|87\/100\n|\n|t:|1699689327\n|switch|p1b: Maus family|Maushold-Four|100\/100|[from] Volt Switch\n|move|p2b: Cubchoo|Yawn|p1b: Maus family\n|-start|p1b: Maus family|move: Yawn|[of] p2b: Cubchoo\n|move|p2a: Hattrem|Dazzling Gleam|p1b: Maus family|[spread] p1a,p1b\n|-damage|p1a: cherry|0 fnt\n|-damage|p1b: Maus family|89\/100\n|faint|p1a: cherry\n|\n|-weather|none\n|upkeep\n|inactive|xxgodzilla1.0 has 60 seconds left.\n|\n|t:|1699689350\n|switch|p1a: godzilla|Tyranitar, M|63\/100 tox\n|-weather|Sandstorm|[from] ability: Sand Stream|[of] p1a: godzilla\n|turn|11\n|inactive|xxgodzilla1.0 has 60 seconds left.\n|\n|t:|1699689367\n|switch|p1b: spark|Luxio, M|88\/100\n|-ability|p1b: spark|Intimidate|boost\n|-unboost|p2a: Hattrem|atk|1\n|-unboost|p2b: Cubchoo|atk|1\n|-ability|p2b: Cubchoo|Rattled|boost\n|-boost|p2b: Cubchoo|spe|1\n|switch|p2a: Sinistea|Sinistea|89\/100\n|move|p2b: Cubchoo|Charm|p1a: godzilla\n|-unboost|p1a: godzilla|atk|2\n|move|p1a: godzilla|Crunch|p2a: Sinistea\n|-supereffective|p2a: Sinistea\n|-damage|p2a: Sinistea|9\/100\n|\n|-weather|Sandstorm|[upkeep]\n|-damage|p2b: Cubchoo|0 fnt|[from] Sandstorm\n|-damage|p1b: spark|82\/100|[from] Sandstorm\n|-damage|p2a: Sinistea|3\/100|[from] Sandstorm\n|faint|p2b: Cubchoo\n|-damage|p1a: godzilla|57\/100 tox|[from] psn\n|upkeep\n|\n|t:|1699689382\n|switch|p2b: Hattrem|Hattrem, F|87\/100\n|turn|12\n|\n|t:|1699689397\n|switch|p1a: Maus family|Maushold-Four|89\/100\n|move|p1b: spark|Volt Switch|p2b: Hattrem\n|-damage|p2b: Hattrem|78\/100\n|\n|t:|1699689407\n|switch|p1b: punch|Pawmot, M|100\/100|[from] Volt Switch\n|move|p2b: Hattrem|Dazzling Gleam|p1b: punch|[spread] p1a,p1b\n|-crit|p1a: Maus family\n|-supereffective|p1b: punch\n|-damage|p1a: Maus family|64\/100\n|-damage|p1b: punch|71\/100\n|move|p2a: Sinistea|Trick Room|p2a: Sinistea\n|-fieldstart|move: Trick Room|[of] p2a: Sinistea\n|\n|-weather|Sandstorm|[upkeep]\n|-damage|p2b: Hattrem|72\/100|[from] Sandstorm\n|-damage|p2a: Sinistea|0 fnt|[from] Sandstorm\n|-damage|p1b: punch|65\/100|[from] Sandstorm\n|-damage|p1a: Maus family|58\/100|[from] Sandstorm\n|faint|p2a: Sinistea\n|upkeep\n|\n|t:|1699689413\n|switch|p2a: Ursaluna|Ursaluna-Bloodmoon, M|100\/100\n|turn|13\n|inactive|xxgodzilla1.0 has 90 seconds left.\n|inactive|pogchimp970314 has 120 seconds left.\n|inactive|xxgodzilla1.0 has 60 seconds left.\n|\n|t:|1699689483\n|move|p1a: Maus family|Protect|p1a: Maus family\n|-singleturn|p1a: Maus family|Protect\n|move|p1b: punch|Fake Out|p2a: Ursaluna\n|-damage|p2a: Ursaluna|91\/100\n|move|p2b: Hattrem|Life Dew|p2b: Hattrem|[spread] p2a,p2b\n|-heal|p2a: Ursaluna|100\/100\n|-heal|p2b: Hattrem|97\/100\n|move|p2a: Ursaluna|Earth Power|p1b: punch\n|-supereffective|p1b: punch\n|-damage|p1b: punch|0 fnt\n|faint|p1b: punch\n|\n|-weather|Sandstorm|[upkeep]\n|-damage|p2b: Hattrem|91\/100|[from] Sandstorm\n|-damage|p1a: Maus family|52\/100|[from] Sandstorm\n|-sideend|p1: xxgodzilla1.0|move: Light Screen\n|upkeep\n|c|\u2606pogchimp970314|epic covert cloak\n|inactive|xxgodzilla1.0 has 30 seconds left.\n|\n|t:|1699689499\n|switch|p1b: spark|Luxio, M|82\/100\n|-ability|p1b: spark|Intimidate|boost\n|-unboost|p2a: Ursaluna|atk|1\n|-unboost|p2b: Hattrem|atk|1\n|turn|14\n|c|\u2606xxgodzilla1.0|oh shit\n|c|\u2606xxgodzilla1.0|i lost bud\n|inactive|xxgodzilla1.0 has 30 seconds left.\n|\n|t:|1699689531\n|move|p1b: spark|Helping Hand|p1a: Maus family\n|-singleturn|p1a: Maus family|Helping Hand|[of] p1b: spark\n|move|p2b: Hattrem|Dazzling Gleam|p1a: Maus family|[spread] p1a,p1b\n|-damage|p1a: Maus family|33\/100\n|-damage|p1b: spark|69\/100\n|move|p2a: Ursaluna|Earth Power|p1b: spark\n|-supereffective|p1b: spark\n|-damage|p1b: spark|0 fnt\n|faint|p1b: spark\n|move|p1a: Maus family|Population Bomb|p2a: Ursaluna\n|-damage|p2a: Ursaluna|88\/100\n|-damage|p2a: Ursaluna|77\/100\n|-damage|p2a: Ursaluna|66\/100\n|-damage|p2a: Ursaluna|55\/100\n|-damage|p2a: Ursaluna|43\/100\n|-damage|p2a: Ursaluna|31\/100\n|-damage|p2a: Ursaluna|21\/100\n|-crit|p2a: Ursaluna\n|-damage|p2a: Ursaluna|4\/100\n|-damage|p2a: Ursaluna|0 fnt\n|faint|p2a: Ursaluna\n|-hitcount|p2: Ursaluna|9\n|\n|-weather|Sandstorm|[upkeep]\n|-damage|p2b: Hattrem|85\/100|[from] Sandstorm\n|-damage|p1a: Maus family|26\/100|[from] Sandstorm\n|upkeep\n|inactive|xxgodzilla1.0 has 30 seconds left this turn.\n|c|\u2606xxgodzilla1.0|whoa\n|inactive|xxgodzilla1.0 has 20 seconds left.\n|c|\u2606pogchimp970314|u wide lens\n|\n|t:|1699689544\n|switch|p1b: godzilla|Tyranitar, M|57\/100 tox\n|turn|15\n|c|\u2606xxgodzilla1.0|yup\n|c|\u2606xxgodzilla1.0|why didnt u kill maus?\n|inactive|xxgodzilla1.0 has 30 seconds left.\n|c|\u2606pogchimp970314|it sucks\n|inactive|xxgodzilla1.0 has 20 seconds left.\n|c|\u2606pogchimp970314|i can still take this though\n|inactive|xxgodzilla1.0 has 15 seconds left.\n|inactive|xxgodzilla1.0 has 10 seconds left.\n|\n|t:|1699689580\n|-terastallize|p2b: Hattrem|Steel\n|-terastallize|p1b: godzilla|Fairy\n|move|p1a: Maus family|Protect|p1a: Maus family\n|-singleturn|p1a: Maus family|Protect\n|move|p2b: Hattrem|Dazzling Gleam|p1b: godzilla|[spread] p1b\n|-activate|p1a: Maus family|move: Protect\n|-damage|p1b: godzilla|46\/100 tox\n|-enditem|p1b: godzilla|Sitrus Berry|[eat]\n|-heal|p1b: godzilla|71\/100 tox|[from] item: Sitrus Berry\n|move|p1b: godzilla|Crunch|p2b: Hattrem\n|-damage|p2b: Hattrem|36\/100\n|\n|-weather|none\n|-damage|p1b: godzilla|65\/100 tox|[from] psn\n|upkeep\n|turn|16\n|inactive|xxgodzilla1.0 has 30 seconds left.\n|inactive|xxgodzilla1.0 has 20 seconds left.\n|\n|t:|1699689600\n|move|p2b: Hattrem|Life Dew|p2b: Hattrem\n|-heal|p2b: Hattrem|61\/100\n|move|p1b: godzilla|Crunch|p2b: Hattrem\n|-damage|p2b: Hattrem|9\/100\n|move|p1a: Maus family|Population Bomb|p2b: Hattrem\n|-resisted|p2b: Hattrem\n|-damage|p2b: Hattrem|4\/100\n|-resisted|p2b: Hattrem\n|-damage|p2b: Hattrem|0 fnt\n|faint|p2b: Hattrem\n|-hitcount|p2: Hattrem|2\n|\n|win|xxgodzilla1.0\n|inactive|xxgodzilla1.0 has 25 seconds left this turn.\n|n|\u2606xxgodzilla1.0|xxgodzilla10\n|n|\u2606pogchimp970314|pogchimp970314\n|n|*Lady Monita \u263d|ladymonita\n|n| mystiic2812|mystiic2812\n|l|*Lady Monita \u263d\n|c|\u2606pogchimp970314|nvm\n|c|\u2606pogchimp970314|gg\n|c|\u2606xxgodzilla1.0|ggs\n|l|\u2606pogchimp970314\n|l| mystiic2812\n|j| FlareUchiha30\n|l| FlareUchiha30\n","uploadtime":1699689601,"views":6,"p1id":"xxgodzilla10","p2id":"pogchimp970314","formatid":"gen9doublesou","rating":0,"private":0,"password":""}