{"id":"gen9doublesou-1974391035","p1":"Rex Complex","p2":"Smol Rain Time","format":"[Gen 9] Doubles OU","log":"|j|\u2606Rex Complex\n|j|\u2606Smol Rain Time\n|t:|1698083233\n|gametype|doubles\n|player|p1|Rex Complex|swimmer-gen4dp|1194\n|player|p2|Smol Rain Time|170|1116\n|teamsize|p1|6\n|teamsize|p2|6\n|gen|9\n|tier|[Gen 9] Doubles OU\n|rated|\n|rule|Species Clause: Limit one of each Pok\u00e9mon\n|rule|OHKO Clause: OHKO moves are banned\n|rule|Evasion Moves Clause: Evasion moves are banned\n|rule|Gravity Sleep Clause: The combination of sleep-inducing moves with imperfect accuracy and Gravity or Gigantamax Orbeetle are banned\n|rule|Endless Battle Clause: Forcing endless battles is banned\n|rule|HP Percentage Mod: HP is shown in percentages\n|clearpoke\n|poke|p1|Orthworm, F|\n|poke|p1|Lucario, M|\n|poke|p1|Bronzong|\n|poke|p1|Probopass, M|\n|poke|p1|Klefki, F|\n|poke|p1|Gholdengo|\n|poke|p2|Sinistcha|\n|poke|p2|Goodra-Hisui, F|\n|poke|p2|Basculegion-F, F|\n|poke|p2|Ogerpon-Wellspring, F|\n|poke|p2|Pelipper, F|\n|poke|p2|Walking Wake|\n|teampreview\n|\n|t:|1698083257\n|start\n|switch|p1a: Bronzong|Bronzong|100\/100\n|switch|p1b: Klefki|Klefki, F|100\/100\n|switch|p2a: Perry|Pelipper, F|100\/100\n|switch|p2b: Garry|Goodra-Hisui, F|100\/100\n|-weather|RainDance|[from] ability: Drizzle|[of] p2a: Perry\n|turn|1\n|\n|t:|1698083269\n|move|p1b: Klefki|Sandstorm|p1b: Klefki\n|-weather|Sandstorm\n|move|p2a: Perry|Hurricane|p1b: Klefki|[miss]\n|-miss|p2a: Perry|p1b: Klefki\n|move|p2b: Garry|Shelter|p2b: Garry\n|-boost|p2b: Garry|def|2\n|move|p1a: Bronzong|Trick Room|p1a: Bronzong\n|-fieldstart|move: Trick Room|[of] p1a: Bronzong\n|\n|-weather|Sandstorm|[upkeep]\n|-damage|p2a: Perry|94\/100|[from] Sandstorm\n|upkeep\n|turn|2\n|\n|t:|1698083282\n|switch|p1b: Orthworm|Orthworm, F|100\/100\n|move|p2a: Perry|Protect|p2a: Perry\n|-singleturn|p2a: Perry|Protect\n|move|p1a: Bronzong|Earthquake|p2b: Garry|[spread] p2b\n|-activate|p2a: Perry|move: Protect\n|-immune|p1b: Orthworm|[from] ability: Earth Eater\n|-supereffective|p2b: Garry\n|-damage|p2b: Garry|84\/100\n|-enditem|p2b: Garry|Kee Berry|[eat]\n|-boost|p2b: Garry|def|1|[from] item: Kee Berry\n|move|p2b: Garry|Shelter|p2b: Garry\n|-boost|p2b: Garry|def|2\n|\n|-weather|Sandstorm|[upkeep]\n|-damage|p2a: Perry|88\/100|[from] Sandstorm\n|upkeep\n|turn|3\n|\n|t:|1698083300\n|switch|p2a: Sirry|Sinistcha|100\/100\n|-heal|p2b: Garry|100\/100|[from] ability: Hospitality|[of] p2a: Sirry\n|move|p1a: Bronzong|Earthquake|p2b: Garry|[spread] p2a,p2b\n|-immune|p1b: Orthworm|[from] ability: Earth Eater\n|-resisted|p2a: Sirry\n|-supereffective|p2b: Garry\n|-damage|p2a: Sirry|93\/100\n|-damage|p2b: Garry|89\/100\n|move|p2b: Garry|Body Press|p1b: Orthworm\n|-supereffective|p1b: Orthworm\n|-damage|p1b: Orthworm|0 fnt\n|faint|p1b: Orthworm\n|\n|-weather|Sandstorm|[upkeep]\n|-damage|p2a: Sirry|87\/100|[from] Sandstorm\n|-heal|p2a: Sirry|93\/100|[from] item: Leftovers\n|upkeep\n|\n|t:|1698083322\n|switch|p1b: Klefki|Klefki, F|100\/100\n|turn|4\n|\n|t:|1698083350\n|move|p1a: Bronzong|Earthquake|p2b: Garry|[spread] p1b,p2a,p2b\n|-supereffective|p1b: Klefki\n|-resisted|p2a: Sirry\n|-supereffective|p2b: Garry\n|-damage|p1b: Klefki|43\/100\n|-damage|p2a: Sirry|85\/100\n|-damage|p2b: Garry|78\/100\n|move|p2b: Garry|Body Press|p1b: Klefki\n|-damage|p1b: Klefki|0 fnt\n|faint|p1b: Klefki\n|move|p2a: Sirry|Matcha Gotcha|p1a: Bronzong\n|-resisted|p1a: Bronzong\n|-damage|p1a: Bronzong|85\/100\n|-heal|p2a: Sirry|92\/100|[from] drain|[of] p1a: Bronzong\n|\n|-weather|Sandstorm|[upkeep]\n|-damage|p2a: Sirry|85\/100|[from] Sandstorm\n|-heal|p1a: Bronzong|91\/100|[from] item: Leftovers\n|-heal|p2a: Sirry|92\/100|[from] item: Leftovers\n|upkeep\n|\n|t:|1698083368\n|switch|p1b: Probopass|Probopass, M|100\/100\n|-item|p1b: Probopass|Air Balloon\n|turn|5\n|\n|t:|1698083380\n|move|p2a: Sirry|Rage Powder|p2a: Sirry\n|-singleturn|p2a: Sirry|move: Rage Powder\n|move|p1a: Bronzong|Iron Head|p2a: Sirry\n|-crit|p2a: Sirry\n|-damage|p2a: Sirry|54\/100\n|move|p1b: Probopass|Earth Power|p2a: Sirry\n|-resisted|p2a: Sirry\n|-crit|p2a: Sirry\n|-damage|p2a: Sirry|34\/100\n|move|p2b: Garry|Body Press|p1b: Probopass\n|-supereffective|p1b: Probopass\n|-damage|p1b: Probopass|0 fnt\n|-enditem|p1b: Probopass|Air Balloon\n|faint|p1b: Probopass\n|\n|-weather|none\n|-heal|p1a: Bronzong|98\/100|[from] item: Leftovers\n|-heal|p2a: Sirry|40\/100|[from] item: Leftovers\n|-fieldend|move: Trick Room\n|upkeep\n|\n|t:|1698083397\n|switch|p1b: Gholdengo|Gholdengo|100\/100\n|-item|p1b: Gholdengo|Air Balloon\n|turn|6\n|\n|t:|1698083411\n|switch|p2a: Perry|Pelipper, F|88\/100\n|-weather|RainDance|[from] ability: Drizzle|[of] p2a: Perry\n|move|p1b: Gholdengo|Shadow Ball|p2a: Perry\n|-damage|p2a: Perry|25\/100\n|move|p2b: Garry|Body Press|p1a: Bronzong\n|-damage|p1a: Bronzong|6\/100\n|move|p1a: Bronzong|Iron Head|p2a: Perry\n|-resisted|p2a: Perry\n|-damage|p2a: Perry|11\/100\n|\n|-weather|RainDance|[upkeep]\n|-heal|p1a: Bronzong|12\/100|[from] item: Leftovers\n|upkeep\n|turn|7\n|\n|t:|1698083431\n|move|p2a: Perry|Protect|p2a: Perry\n|-singleturn|p2a: Perry|Protect\n|move|p1b: Gholdengo|Dazzling Gleam|p2b: Garry|[spread] p2b\n|-activate|p2a: Perry|move: Protect\n|-damage|p2b: Garry|62\/100\n|move|p2b: Garry|Body Press|p1a: Bronzong\n|-damage|p1a: Bronzong|0 fnt\n|faint|p1a: Bronzong\n|\n|-weather|RainDance|[upkeep]\n|upkeep\n|\n|t:|1698083441\n|switch|p1a: Lucario|Lucario, M|100\/100\n|turn|8\n|\n|t:|1698083463\n|switch|p2a: Sirry|Sinistcha|40\/100\n|-heal|p2b: Garry|87\/100|[from] ability: Hospitality|[of] p2a: Sirry\n|-terastallize|p2b: Garry|Water\n|move|p1a: Lucario|Bullet Punch|p2a: Sirry\n|-crit|p2a: Sirry\n|-damage|p2a: Sirry|18\/100\n|move|p1b: Gholdengo|Shadow Ball|p2b: Garry\n|-damage|p2b: Garry|54\/100\n|move|p2b: Garry|Body Press|p1a: Lucario\n|-supereffective|p1a: Lucario\n|-damage|p1a: Lucario|0 fnt\n|faint|p1a: Lucario\n|\n|-weather|RainDance|[upkeep]\n|-heal|p2a: Sirry|24\/100|[from] item: Leftovers\n|upkeep\n|turn|9\n|\n|t:|1698083507\n|move|p1b: Gholdengo|Shadow Ball|p2a: Sirry\n|-supereffective|p2a: Sirry\n|-damage|p2a: Sirry|0 fnt\n|faint|p2a: Sirry\n|move|p2b: Garry|Heavy Slam|p1b: Gholdengo\n|-resisted|p1b: Gholdengo\n|-crit|p1b: Gholdengo\n|-damage|p1b: Gholdengo|67\/100\n|-enditem|p1b: Gholdengo|Air Balloon\n|\n|-weather|RainDance|[upkeep]\n|upkeep\n|\n|t:|1698083519\n|switch|p2a: Wally|Walking Wake|100\/100\n|turn|10\n|\n|t:|1698083524\n|move|p2a: Wally|Hydro Steam|p1b: Gholdengo\n|-damage|p1b: Gholdengo|0 fnt\n|faint|p1b: Gholdengo\n|\n|win|Smol Rain Time\n|raw|Rex Complex's rating: 1194 &rarr; <strong>1163<\/strong><br \/>(-31 for losing)\n|raw|Smol Rain Time's rating: 1116 &rarr; <strong>1147<\/strong><br \/>(+31 for winning)\n|c|\u2606Smol Rain Time|gg\n|c|\u2606Rex Complex|GG\n|l|\u2606Rex Complex\n","uploadtime":1698083536,"views":12,"p1id":"rexcomplex","p2id":"smolraintime","formatid":"gen9doublesou","rating":1147,"private":0,"password":""}