{"id":"gen9doublesou-1968132807","p1":"Jello1231","p2":"Raf","format":"[Gen 9] Doubles OU","log":"|html|<div class=\"broadcast-blue\"><strong>[Gen 9] Doubles OU is currently suspecting Basculegion & Flutter Mane! For information on how to participate check out the <a href=\"https:\/\/www.smogon.com\/forums\/threads\/np-sv-dou-stage-8-double-trouble.3729153\/\">suspect thread<\/a>.<\/strong><\/div>\n|j|\u2606Jello1231\n|j|\u2606Raf\n|t:|1697387599\n|gametype|doubles\n|player|p1|Jello1231|sonia-professor|\n|player|p2|Raf|#scl3dynamos2|\n|teamsize|p1|6\n|teamsize|p2|6\n|gen|9\n|tier|[Gen 9] Doubles OU\n|rule|Species Clause: Limit one of each Pok\u00e9mon\n|rule|OHKO Clause: OHKO moves are banned\n|rule|Evasion Moves Clause: Evasion moves are banned\n|rule|Gravity Sleep Clause: The combination of sleep-inducing moves with imperfect accuracy and Gravity or Gigantamax Orbeetle are banned\n|rule|Endless Battle Clause: Forcing endless battles is banned\n|rule|HP Percentage Mod: HP is shown in percentages\n|clearpoke\n|poke|p1|Kommo-o, F|\n|poke|p1|Kingambit, F|\n|poke|p1|Diancie|\n|poke|p1|Rillaboom, M|\n|poke|p1|Ogerpon-Hearthflame, F|\n|poke|p1|Tornadus, M|\n|poke|p2|Roaring Moon|\n|poke|p2|Weezing, F|\n|poke|p2|Flutter Mane|\n|poke|p2|Iron Hands|\n|poke|p2|Palafin, F|\n|poke|p2|Chi-Yu|\n|teampreview\n|inactive|Battle timer is ON: inactive players will automatically lose when time's up. (requested by Raf)\n|c|\u2606Raf|he brought his own..\n|c|\u2606Raf|\/log Raf made this room public.\n|j| Alolan HTH\n|j| eragon11145\n|inactive|Jello1231 has 270 seconds left.\n|inactive|Raf has 270 seconds left.\n|j| Flying Beagle\n|c|\u2606Jello1231|Basc is not cool\n|c|\u2606Jello1231|Uncool = sabatoge\n|c|\u2606Raf|no basc gaming\n|inactive|Jello1231 has 240 seconds left.\n|inactive|Raf has 240 seconds left.\n|j| Entrocefalo\n|j| AlouetteEnna\n|j| Pigwarrior19\n|j| Anna's songbird\n|inactive|Jello1231 has 210 seconds left.\n|\n|t:|1697387693\n|start\n|switch|p1a: Tornadus|Tornadus, M|100\/100\n|switch|p1b: Ogerpon|Ogerpon-Hearthflame, F|100\/100\n|switch|p2a: Chi-Yu|Chi-Yu|100\/100\n|switch|p2b: Palafin|Palafin, F|100\/100\n|-ability|p2a: Chi-Yu|Beads of Ruin\n|-ability|p1b: Ogerpon|Mold Breaker\n|turn|1\n|\n|t:|1697387716\n|detailschange|p2b: Palafin|Palafin-Hero, F\n|switch|p2b: Weezing|Weezing, F|100\/100\n|-ability|p2b: Weezing|Neutralizing Gas\n|switch|p1a: Diancie|Diancie|100\/100\n|move|p1b: Ogerpon|Spiky Shield|p1b: Ogerpon\n|-singleturn|p1b: Ogerpon|move: Protect\n|move|p2a: Chi-Yu|Overheat|p1a: Diancie\n|-resisted|p1a: Diancie\n|-damage|p1a: Diancie|74\/100\n|-unboost|p2a: Chi-Yu|spa|2\n|\n|upkeep\n|turn|2\n|j| Heerv\n|c|\u2606Raf|flop\n|j| Nido-Rus\n|inactive|Jello1231 has 270 seconds left.\n|inactive|Raf has 270 seconds left.\n|inactive|Jello1231 has 240 seconds left.\n|\n|t:|1697387791\n|switch|p2a: Iron Hands|Iron Hands|100\/100\n|switch|p1a: Kommo-o|Kommo-o, F|100\/100\n|move|p1b: Ogerpon|Ivy Cudgel|p2b: Weezing\n|-damage|p2b: Weezing|54\/100\n|move|p2b: Weezing|Sludge Bomb|p1b: Ogerpon\n|-supereffective|p1b: Ogerpon\n|-damage|p1b: Ogerpon|41\/100\n|\n|upkeep\n|turn|3\n|inactive|Jello1231 has 240 seconds left.\n|inactive|Raf has 270 seconds left.\n|inactive|Jello1231 has 210 seconds left.\n|inactive|Raf has 240 seconds left.\n|\n|t:|1697387849\n|-end|p2a: Iron Hands|Quark Drive|[silent]\n|switch|p2a: Flutter Mane|Flutter Mane|100\/100\n|move|p1b: Ogerpon|Spiky Shield|p1b: Ogerpon\n|-singleturn|p1b: Ogerpon|move: Protect\n|move|p1a: Kommo-o|Protect|p1a: Kommo-o\n|-singleturn|p1a: Kommo-o|Protect\n|move|p2b: Weezing|Sludge Bomb|p1b: Ogerpon\n|-activate|p1b: Ogerpon|move: Protect\n|\n|upkeep\n|turn|4\n|inactive|Raf has 240 seconds left.\n|j| Toxinalpaca\n|l| Toxinalpaca\n|j| Toxinalpaca\n|inactive|Raf has 210 seconds left.\n|l| Toxinalpaca\n|\n|t:|1697387909\n|-terastallize|p1a: Kommo-o|Poison\n|move|p2a: Flutter Mane|Moonblast|p1b: Ogerpon\n|-resisted|p1b: Ogerpon\n|-damage|p1b: Ogerpon|0 fnt\n|faint|p1b: Ogerpon\n|move|p1a: Kommo-o|Clangorous Soul|p1a: Kommo-o\n|-boost|p1a: Kommo-o|atk|1\n|-boost|p1a: Kommo-o|def|1\n|-boost|p1a: Kommo-o|spa|1\n|-boost|p1a: Kommo-o|spd|1\n|-boost|p1a: Kommo-o|spe|1\n|-damage|p1a: Kommo-o|68\/100\n|-enditem|p1a: Kommo-o|Throat Spray\n|-boost|p1a: Kommo-o|spa|1|[from] item: Throat Spray\n|move|p2b: Weezing|Haze|p2b: Weezing\n|-clearallboost\n|\n|upkeep\n|inactive|Jello1231 has 210 seconds left.\n|c|\u2606Jello1231|Gassed\n|c|\u2606Raf|rips bong\n|\n|t:|1697387938\n|switch|p1b: Kingambit|Kingambit, F|100\/100\n|turn|5\n|inactive|Jello1231 has 210 seconds left.\n|inactive|Raf has 210 seconds left.\n|\n|t:|1697387984\n|-end|p2a: Flutter Mane|Protosynthesis|[silent]\n|switch|p2a: Palafin|Palafin-Hero, F|100\/100\n|-activate|p2a: Palafin|ability: Zero to Hero\n|switch|p1b: Rillaboom|Rillaboom, M|100\/100\n|move|p1a: Kommo-o|Clangorous Soul|p1a: Kommo-o\n|-boost|p1a: Kommo-o|atk|1\n|-boost|p1a: Kommo-o|def|1\n|-boost|p1a: Kommo-o|spa|1\n|-boost|p1a: Kommo-o|spd|1\n|-boost|p1a: Kommo-o|spe|1\n|-damage|p1a: Kommo-o|35\/100\n|move|p2b: Weezing|Haze|p2b: Weezing\n|-clearallboost\n|\n|upkeep\n|turn|6\n|inactive|Raf has 210 seconds left.\n|c|\u2606Raf|no terrain for u\n|inactive|Raf has 180 seconds left.\n|\n|t:|1697388039\n|move|p1b: Rillaboom|Fake Out|p2a: Palafin\n|-damage|p2a: Palafin|87\/100\n|cant|p2a: Palafin|flinch\n|move|p1a: Kommo-o|Clanging Scales|p2a: Palafin|[spread] p2a,p2b\n|-crit|p2a: Palafin\n|-crit|p2b: Weezing\n|-damage|p2a: Palafin|22\/100\n|-damage|p2b: Weezing|1\/100\n|-unboost|p1a: Kommo-o|def|1\n|move|p2b: Weezing|Sludge Bomb|p1b: Rillaboom\n|-supereffective|p1b: Rillaboom\n|-damage|p1b: Rillaboom|64\/100\n|\n|upkeep\n|turn|7\n|inactive|Jello1231 has 240 seconds left.\n|inactive|Raf has 180 seconds left.\n|j| ryo yamada2001\n|\n|t:|1697388075\n|move|p2b: Weezing|Protect|p2b: Weezing\n|-singleturn|p2b: Weezing|Protect\n|move|p2a: Palafin|Flip Turn|p1b: Rillaboom\n|-resisted|p1b: Rillaboom\n|-damage|p1b: Rillaboom|40\/100\n|j| Toxinalpaca\n|inactive|Raf has 150 seconds left.\n|\n|t:|1697388085\n|switch|p2a: Chi-Yu|Chi-Yu|100\/100|[from] Flip Turn\n|move|p1a: Kommo-o|Clanging Scales|p2a: Chi-Yu|[spread] p2a\n|-activate|p2b: Weezing|move: Protect\n|-damage|p2a: Chi-Yu|60\/100\n|-unboost|p1a: Kommo-o|def|1\n|move|p1b: Rillaboom|U-turn|p2a: Chi-Yu\n|-damage|p2a: Chi-Yu|21\/100\n|\n|t:|1697388093\n|switch|p1b: Tornadus|Tornadus, M|100\/100|[from] U-turn\n|\n|upkeep\n|turn|8\n|l| Toxinalpaca\n|\n|t:|1697388110\n|move|p2a: Chi-Yu|Heat Wave|p1b: Tornadus|[spread] p1a\n|-miss|p2a: Chi-Yu|p1b: Tornadus\n|-damage|p1a: Kommo-o|0 fnt\n|faint|p1a: Kommo-o\n|move|p1b: Tornadus|Tailwind|p1b: Tornadus\n|-sidestart|p1: Jello1231|move: Tailwind\n|move|p2b: Weezing|Sludge Bomb|p1b: Tornadus\n|-damage|p1b: Tornadus|69\/100\n|\n|upkeep\n|inactive|Jello1231 has 270 seconds left.\n|c|\u2606Raf|sad\n|\n|t:|1697388126\n|switch|p1a: Diancie|Diancie|74\/100\n|turn|9\n|inactive|Raf has 180 seconds left.\n|\n|t:|1697388151\n|move|p1b: Tornadus|Bleakwind Storm|p2b: Weezing|[spread] p2b\n|-miss|p1b: Tornadus|p2a: Chi-Yu\n|-damage|p2b: Weezing|0 fnt\n|faint|p2b: Weezing\n|-end|p2b: Weezing|ability: Neutralizing Gas\n|-ability|p2a: Chi-Yu|Beads of Ruin\n|move|p2a: Chi-Yu|Heat Wave|p1b: Tornadus|[spread] p1a,p1b\n|-resisted|p1a: Diancie\n|-damage|p1a: Diancie|54\/100\n|-damage|p1b: Tornadus|7\/100\n|move|p1a: Diancie|Trick Room|p1a: Diancie\n|-fieldstart|move: Trick Room|[of] p1a: Diancie\n|\n|upkeep\n|c|\u2606Raf|uh\n|l| AlouetteEnna\n|inactive|Raf has 150 seconds left.\n|\n|t:|1697388182\n|switch|p2b: Iron Hands|Iron Hands|100\/100\n|turn|10\n|\n|t:|1697388186\n|move|p1a: Diancie|Protect|p1a: Diancie\n|-singleturn|p1a: Diancie|Protect\n|move|p2b: Iron Hands|Heavy Slam|p1a: Diancie\n|-activate|p1a: Diancie|move: Protect\n|move|p2a: Chi-Yu|Heat Wave|p1b: Tornadus|[spread] \n|-activate|p1a: Diancie|move: Protect\n|-miss|p2a: Chi-Yu|p1b: Tornadus\n|move|p1b: Tornadus|Bleakwind Storm|p2b: Iron Hands|[spread] p2a,p2b\n|-damage|p2a: Chi-Yu|0 fnt\n|-damage|p2b: Iron Hands|74\/100\n|-unboost|p2b: Iron Hands|spe|1\n|faint|p2a: Chi-Yu\n|\n|upkeep\n|\n|t:|1697388198\n|switch|p2a: Flutter Mane|Flutter Mane|100\/100\n|turn|11\n|\n|t:|1697388210\n|switch|p1a: Kingambit|Kingambit, F|100\/100\n|move|p1b: Tornadus|Protect|p1b: Tornadus\n|-singleturn|p1b: Tornadus|Protect\n|move|p2b: Iron Hands|Heavy Slam|p1a: Kingambit\n|-resisted|p1a: Kingambit\n|-damage|p1a: Kingambit|90\/100\n|move|p2a: Flutter Mane|Dazzling Gleam|p1b: Tornadus|[spread] p1a\n|-activate|p1b: Tornadus|move: Protect\n|-damage|p1a: Kingambit|53\/100\n|\n|-sideend|p1: Jello1231|move: Tailwind\n|upkeep\n|turn|12\n|inactive|Raf has 210 seconds left.\n|inactive|Jello1231 has 270 seconds left.\n|l| Anna's songbird\n|inactive|Jello1231 has 240 seconds left.\n|l| Pigwarrior19\n|inactive|Jello1231 has 210 seconds left.\n|\n|t:|1697388306\n|-end|p2a: Flutter Mane|Protosynthesis|[silent]\n|switch|p2a: Roaring Moon|Roaring Moon|100\/100\n|-enditem|p2a: Roaring Moon|Booster Energy\n|-activate|p2a: Roaring Moon|ability: Protosynthesis|[fromitem]\n|-start|p2a: Roaring Moon|protosynthesisspe\n|move|p1a: Kingambit|Sucker Punch||[still]\n|-fail|p1a: Kingambit\n|move|p2b: Iron Hands|Drain Punch|p1a: Kingambit\n|-supereffective|p1a: Kingambit\n|-damage|p1a: Kingambit|0 fnt\n|-heal|p2b: Iron Hands|97\/100|[from] drain|[of] p1a: Kingambit\n|faint|p1a: Kingambit\n|move|p1b: Tornadus|Bleakwind Storm|p2a: Roaring Moon|[spread] p2b\n|-miss|p1b: Tornadus|p2a: Roaring Moon\n|-damage|p2b: Iron Hands|77\/100\n|\n|upkeep\n|inactive|Jello1231 has 180 seconds left.\n|c|\u2606Jello1231|These certainly could have been much more fun to play\n|c|\u2606Jello1231|If i did not suck\n|c|\u2606Jello1231|But alas\n|c|\u2606Jello1231|Ggs\n|-message|Jello1231 forfeited.\n|\n|win|Raf\n|c|\u2606Raf|ggs bro\n|c|\u2606Raf|uve been doing really well lately dont sweat it\n|c|\u2606Raf|gl in rest\n","uploadtime":1697388382,"views":58,"p1id":"jello1231","p2id":"raf","formatid":"gen9doublesou","rating":0,"private":0,"password":""}