{"id":"gen9doublesou-1993138836","p1":"Redzone92","p2":"sadboigaming","format":"[Gen 9] Doubles OU","log":"|j|\u2606Redzone92\n|j|\u2606sadboigaming\n|t:|1700269381\n|gametype|doubles\n|player|p1|Redzone92|alder|\n|player|p2|sadboigaming|unknown|\n|teamsize|p1|6\n|teamsize|p2|6\n|gen|9\n|tier|[Gen 9] Doubles OU\n|rule|Species Clause: Limit one of each Pok\u00e9mon\n|rule|OHKO Clause: OHKO moves are banned\n|rule|Evasion Moves Clause: Evasion moves are banned\n|rule|Gravity Sleep Clause: The combination of sleep-inducing moves with imperfect accuracy and Gravity or Gigantamax Orbeetle are banned\n|rule|Endless Battle Clause: Forcing endless battles is banned\n|rule|HP Percentage Mod: HP is shown in percentages\n|clearpoke\n|poke|p1|Farigiraf, F|\n|poke|p1|Landorus-Therian, M|\n|poke|p1|Diancie|\n|poke|p1|Iron Moth|\n|poke|p1|Hydreigon, F|\n|poke|p1|Kleavor, M|\n|poke|p2|Great Tusk|\n|poke|p2|Torkoal, M|\n|poke|p2|Hoopa|\n|poke|p2|Thundurus, M|\n|poke|p2|Enamorus-Therian, F|\n|poke|p2|Regidrago|\n|teampreview\n|j| Wookiebacon\n|\n|t:|1700269403\n|start\n|switch|p1a: Pete|Hydreigon, F|100\/100\n|switch|p1b: Edward|Kleavor, M, shiny|100\/100\n|switch|p2a: Torkoal|Torkoal, M, shiny|100\/100\n|switch|p2b: Great Tusk|Great Tusk|100\/100\n|-weather|SunnyDay|[from] ability: Drought|[of] p2a: Torkoal\n|-activate|p2b: Great Tusk|ability: Protosynthesis\n|-start|p2b: Great Tusk|protosynthesisatk\n|turn|1\n|j| Kevin Dickey12\n|\n|t:|1700269421\n|move|p2b: Great Tusk|Ice Spinner|p1a: Pete\n|-supereffective|p1a: Pete\n|-damage|p1a: Pete|9\/100\n|move|p1a: Pete|Tailwind|p1a: Pete\n|-sidestart|p1: Redzone92|move: Tailwind\n|move|p1b: Edward|Stone Axe|p2a: Torkoal\n|-supereffective|p2a: Torkoal\n|-damage|p2a: Torkoal|27\/100\n|-damage|p1b: Edward|84\/100|[from] item: Rocky Helmet|[of] p2a: Torkoal\n|-sidestart|p2: sadboigaming|move: Stealth Rock\n|move|p2a: Torkoal|Yawn|p1b: Edward\n|-start|p1b: Edward|move: Yawn|[of] p2a: Torkoal\n|\n|-weather|SunnyDay|[upkeep]\n|upkeep\n|turn|2\n|\n|t:|1700269446\n|move|p1b: Edward|Protect|p1b: Edward\n|-singleturn|p1b: Edward|Protect\n|move|p1a: Pete|Surf|p2a: Torkoal|[spread] p2a,p2b\n|-activate|p1b: Edward|move: Protect\n|-supereffective|p2a: Torkoal\n|-supereffective|p2b: Great Tusk\n|-damage|p2a: Torkoal|0 fnt\n|-damage|p2b: Great Tusk|64\/100\n|faint|p2a: Torkoal\n|move|p2b: Great Tusk|Ice Spinner|p1a: Pete\n|-supereffective|p1a: Pete\n|-damage|p1a: Pete|0 fnt\n|faint|p1a: Pete\n|\n|-weather|SunnyDay|[upkeep]\n|-end|p1b: Edward|move: Yawn|[silent]\n|-status|p1b: Edward|slp\n|upkeep\n|\n|t:|1700269479\n|switch|p1a: Martty|Farigiraf, F|100\/100\n|switch|p2a: Hoopa|Hoopa|100\/100\n|-damage|p2a: Hoopa|88\/100|[from] Stealth Rock\n|turn|3\n|\n|t:|1700269507\n|cant|p1b: Edward|slp\n|move|p1a: Martty|Shadow Ball|p2a: Hoopa\n|-supereffective|p2a: Hoopa\n|-damage|p2a: Hoopa|0 fnt\n|faint|p2a: Hoopa\n|move|p2b: Great Tusk|Heavy Slam|p1b: Edward\n|-supereffective|p1b: Edward\n|-damage|p1b: Edward|0 fnt\n|faint|p1b: Edward\n|\n|-weather|SunnyDay|[upkeep]\n|upkeep\n|\n|t:|1700269521\n|switch|p1b: cyborg mothra|Iron Moth, shiny|100\/100\n|switch|p2a: Thundurus|Thundurus, M, shiny|100\/100\n|-damage|p2a: Thundurus|76\/100|[from] Stealth Rock\n|-enditem|p1b: cyborg mothra|Booster Energy\n|-activate|p1b: cyborg mothra|ability: Quark Drive|[fromitem]\n|-start|p1b: cyborg mothra|quarkdrivespa\n|turn|4\n|\n|t:|1700269542\n|-terastallize|p1b: cyborg mothra|Bug\n|move|p1a: Martty|Protect|p1a: Martty\n|-singleturn|p1a: Martty|Protect\n|move|p1b: cyborg mothra|Fiery Dance|p2b: Great Tusk\n|-damage|p2b: Great Tusk|0 fnt\n|faint|p2b: Great Tusk\n|-end|p2b: Great Tusk|Protosynthesis|[silent]\n|move|p2a: Thundurus|Dark Pulse|p1a: Martty\n|-activate|p1a: Martty|move: Protect\n|\n|-weather|SunnyDay|[upkeep]\n|-sideend|p1: Redzone92|move: Tailwind\n|upkeep\n|\n|t:|1700269573\n|switch|p2b: Regidrago|Regidrago, shiny|100\/100\n|-damage|p2b: Regidrago|88\/100|[from] Stealth Rock\n|turn|5\n|\n|t:|1700269582\n|-terastallize|p2b: Regidrago|Steel\n|move|p2a: Thundurus|Dark Pulse|p1a: Martty\n|-supereffective|p1a: Martty\n|-damage|p1a: Martty|50\/100\n|-enditem|p1a: Martty|Sitrus Berry|[eat]\n|-heal|p1a: Martty|75\/100|[from] item: Sitrus Berry\n|move|p1b: cyborg mothra|Sludge Wave|p2a: Thundurus|[spread] p1a,p2a\n|-immune|p2b: Regidrago\n|-damage|p1a: Martty|24\/100\n|-damage|p2a: Thundurus|6\/100\n|move|p2b: Regidrago|Scale Shot|p1b: cyborg mothra\n|-crit|p1b: cyborg mothra\n|-damage|p1b: cyborg mothra|61\/100\n|-damage|p1b: cyborg mothra|33\/100\n|-damage|p1b: cyborg mothra|4\/100\n|-crit|p1b: cyborg mothra\n|-damage|p1b: cyborg mothra|0 fnt\n|faint|p1b: cyborg mothra\n|-end|p1b: cyborg mothra|Quark Drive|[silent]\n|-hitcount|p1: cyborg mothra|4\n|-unboost|p2b: Regidrago|def|1\n|-boost|p2b: Regidrago|spe|1\n|move|p1a: Martty|Dazzling Gleam|p2b: Regidrago|[spread] p2a,p2b\n|-resisted|p2b: Regidrago\n|-damage|p2a: Thundurus|0 fnt\n|-damage|p2b: Regidrago|78\/100\n|faint|p2a: Thundurus\n|\n|-weather|none\n|upkeep\n|\n|t:|1700269612\n|switch|p2a: Enamorus|Enamorus-Therian, F|100\/100\n|switch|p1b: Rufus|Landorus-Therian, M|100\/100\n|-ability|p1b: Rufus|Intimidate|boost\n|-unboost|p2a: Enamorus|atk|1\n|-unboost|p2b: Regidrago|atk|1\n|-damage|p2a: Enamorus|75\/100|[from] Stealth Rock\n|turn|6\n|\n|t:|1700269624\n|move|p1a: Martty|Protect|p1a: Martty\n|-singleturn|p1a: Martty|Protect\n|move|p2b: Regidrago|Scale Shot|p1b: Rufus\n|-damage|p1b: Rufus|88\/100\n|-damage|p1b: Rufus|75\/100\n|-damage|p1b: Rufus|61\/100\n|-damage|p1b: Rufus|47\/100\n|-damage|p1b: Rufus|35\/100\n|-hitcount|p1b: Rufus|5\n|-unboost|p2b: Regidrago|def|1\n|-boost|p2b: Regidrago|spe|1\n|move|p1b: Rufus|Earthquake|p2b: Regidrago|[spread] p2b\n|-activate|p1a: Martty|move: Protect\n|-immune|p2a: Enamorus\n|-supereffective|p2b: Regidrago\n|-damage|p2b: Regidrago|0 fnt\n|faint|p2b: Regidrago\n|move|p2a: Enamorus|Extrasensory|p1a: Martty\n|-activate|p1a: Martty|move: Protect\n|\n|-heal|p2a: Enamorus|82\/100|[from] item: Leftovers\n|upkeep\n|turn|7\n|\n|t:|1700269648\n|switch|p1b: Tiana|Diancie, shiny|100\/100\n|move|p1a: Martty|Shadow Ball|p2a: Enamorus\n|-damage|p2a: Enamorus|56\/100\n|move|p2a: Enamorus|Dazzling Gleam|p1a: Martty|[spread] p1a,p1b\n|-damage|p1a: Martty|0 fnt\n|-damage|p1b: Tiana|74\/100\n|faint|p1a: Martty\n|\n|-heal|p2a: Enamorus|63\/100|[from] item: Leftovers\n|-heal|p1b: Tiana|80\/100|[from] item: Leftovers\n|upkeep\n|\n|t:|1700269659\n|switch|p1a: Rufus|Landorus-Therian, M|35\/100\n|-ability|p1a: Rufus|Intimidate|boost\n|-unboost|p2a: Enamorus|atk|1\n|turn|8\n|\n|t:|1700269666\n|move|p1a: Rufus|Rock Slide|p2a: Enamorus\n|-supereffective|p2a: Enamorus\n|-damage|p2a: Enamorus|0 fnt\n|faint|p2a: Enamorus\n|\n|win|Redzone92\n|l| Wookiebacon\n","uploadtime":1700269672,"views":13,"p1id":"redzone92","p2id":"sadboigaming","formatid":"gen9doublesou","rating":0,"private":0,"password":""}