{"id":"gen9doublesou-1972543394","p1":"VsNpc","p2":"animeksani","format":"[Gen 9] Doubles OU","log":"|j|\u2606VsNpc\n|j|\u2606animeksani\n|inactive|Battle timer is ON: inactive players will automatically lose when time's up.\n|t:|1697855060\n|gametype|doubles\n|player|p1|VsNpc|benga|\n|player|p2|animeksani|red|\n|teamsize|p1|6\n|teamsize|p2|6\n|gen|9\n|tier|[Gen 9] Doubles OU\n|rated|Tournament battle\n|rule|Species Clause: Limit one of each Pok\u00e9mon\n|rule|OHKO Clause: OHKO moves are banned\n|rule|Evasion Moves Clause: Evasion moves are banned\n|rule|Gravity Sleep Clause: The combination of sleep-inducing moves with imperfect accuracy and Gravity or Gigantamax Orbeetle are banned\n|rule|Endless Battle Clause: Forcing endless battles is banned\n|rule|HP Percentage Mod: HP is shown in percentages\n|clearpoke\n|poke|p1|Wooper, F|\n|poke|p1|Litleo, M|\n|poke|p1|Gholdengo|\n|poke|p1|Toedscool, F|\n|poke|p1|Scorbunny, F|\n|poke|p1|Mudbray, M|\n|poke|p2|Drizzile, F|\n|poke|p2|Munchlax, M|\n|poke|p2|Sandygast, F|\n|poke|p2|Mareanie, F|\n|poke|p2|Aipom, F|\n|poke|p2|Flittle, F|\n|teampreview\n|j|*Lady Monita \u263d\n|c|\u2606VsNpc|glhf\n|\n|t:|1697855076\n|start\n|switch|p1a: Wooper|Wooper, F|100\/100\n|switch|p1b: Toedscool|Toedscool, F|100\/100\n|switch|p2a: Sandygast|Sandygast, F|100\/100\n|switch|p2b: Flittle|Flittle, F|100\/100\n|-item|p1a: Wooper|Eviolite|[from] ability: Frisk|[of] p2b: Flittle|[identify]\n|-item|p1b: Toedscool|Eviolite|[from] ability: Frisk|[of] p2b: Flittle|[identify]\n|turn|1\n|j| jfebhjbeebhjf\n|inactive|animeksani has 120 seconds left.\n|j| DreamyFleur\n|\n|t:|1697855131\n|move|p2b: Flittle|Reflect|p2b: Flittle\n|-sidestart|p2: animeksani|Reflect\n|move|p2a: Sandygast|Shadow Ball|p1b: Toedscool\n|-damage|p1b: Toedscool|75\/100\n|-unboost|p1b: Toedscool|spd|1\n|move|p1a: Wooper|Stealth Rock|p2b: Flittle\n|-sidestart|p2: animeksani|move: Stealth Rock\n|move|p1b: Toedscool|Spore|p2b: Flittle\n|-status|p2b: Flittle|slp|[from] move: Spore\n|\n|upkeep\n|turn|2\n|inactive|animeksani has 120 seconds left.\n|inactive|animeksani has 90 seconds left.\n|\n|t:|1697855182\n|cant|p2b: Flittle|slp\n|move|p1b: Toedscool|Knock Off|p2a: Sandygast\n|-supereffective|p2a: Sandygast\n|-damage|p2a: Sandygast|88\/100\n|-enditem|p2a: Sandygast|Eviolite|[from] move: Knock Off|[of] p1b: Toedscool\n|move|p2a: Sandygast|Shadow Ball|p1b: Toedscool\n|-damage|p1b: Toedscool|40\/100\n|-unboost|p1b: Toedscool|spd|1\n|move|p1a: Wooper|Icy Wind|p2a: Sandygast|[spread] p2a,p2b\n|-supereffective|p2a: Sandygast\n|-damage|p2a: Sandygast|75\/100\n|-damage|p2b: Flittle|90\/100 slp\n|-unboost|p2a: Sandygast|spe|1\n|-unboost|p2b: Flittle|spe|1\n|\n|upkeep\n|turn|3\n|inactive|animeksani has 90 seconds left.\n|\n|t:|1697855207\n|move|p1b: Toedscool|Knock Off|p2b: Flittle\n|-supereffective|p2b: Flittle\n|-damage|p2b: Flittle|40\/100 slp\n|-enditem|p2b: Flittle|Light Clay|[from] move: Knock Off|[of] p1b: Toedscool\n|-curestatus|p2b: Flittle|slp|[msg]\n|move|p2b: Flittle|Light Screen|p2b: Flittle\n|-sidestart|p2: animeksani|move: Light Screen\n|move|p1a: Wooper|Spikes|p2a: Sandygast\n|-sidestart|p2: animeksani|Spikes\n|move|p2a: Sandygast|Shadow Ball|p1b: Toedscool\n|-damage|p1b: Toedscool|0 fnt\n|faint|p1b: Toedscool\n|\n|upkeep\n|\n|t:|1697855220\n|switch|p1b: Litleo|Litleo, M|100\/100\n|-ability|p1b: Litleo|Unnerve\n|turn|4\n|inactive|animeksani has 90 seconds left.\n|\n|t:|1697855258\n|move|p2b: Flittle|Agility|p2b: Flittle\n|-boost|p2b: Flittle|spe|2\n|move|p1b: Litleo|Heat Wave|p2a: Sandygast|[spread] p2a,p2b\n|-damage|p2a: Sandygast|48\/100\n|-damage|p2b: Flittle|0 fnt\n|faint|p2b: Flittle\n|move|p1a: Wooper|Spikes|p2a: Sandygast\n|-sidestart|p2: animeksani|Spikes\n|move|p2a: Sandygast|Earth Power|p1b: Litleo\n|-supereffective|p1b: Litleo\n|-damage|p1b: Litleo|53\/100\n|\n|upkeep\n|\n|t:|1697855278\n|switch|p2b: Munchlax|Munchlax, M|100\/100\n|-damage|p2b: Munchlax|88\/100|[from] Stealth Rock\n|-damage|p2b: Munchlax|71\/100|[from] Spikes\n|turn|5\n|\n|t:|1697855291\n|move|p1b: Litleo|Yawn|p2b: Munchlax\n|-start|p2b: Munchlax|move: Yawn|[of] p1b: Litleo\n|move|p1a: Wooper|Icy Wind|p2a: Sandygast|[spread] p2a,p2b\n|-supereffective|p2a: Sandygast\n|-damage|p2a: Sandygast|39\/100\n|-damage|p2b: Munchlax|70\/100\n|-unboost|p2a: Sandygast|spe|1\n|-unboost|p2b: Munchlax|spe|1\n|move|p2a: Sandygast|Earth Power|p1b: Litleo\n|-supereffective|p1b: Litleo\n|-damage|p1b: Litleo|0 fnt\n|faint|p1b: Litleo\n|move|p2b: Munchlax|Rock Slide|p1a: Wooper\n|-resisted|p1a: Wooper\n|-damage|p1a: Wooper|92\/100\n|\n|upkeep\n|l| DreamyFleur\n|\n|t:|1697855311\n|switch|p1b: Mudbray|Mudbray, M|100\/100\n|turn|6\n|\n|t:|1697855331\n|switch|p2b: Mareanie|Mareanie, F|100\/100\n|-damage|p2b: Mareanie|88\/100|[from] Stealth Rock\n|-damage|p2b: Mareanie|72\/100|[from] Spikes\n|move|p1b: Mudbray|High Horsepower|p2a: Sandygast|[miss]\n|-miss|p1b: Mudbray|p2a: Sandygast\n|move|p1a: Wooper|Icy Wind|p2b: Mareanie|[spread] p2a,p2b\n|-supereffective|p2a: Sandygast\n|-resisted|p2b: Mareanie\n|-crit|p2b: Mareanie\n|-damage|p2a: Sandygast|30\/100\n|-damage|p2b: Mareanie|68\/100\n|-unboost|p2a: Sandygast|spe|1\n|-unboost|p2b: Mareanie|spe|1\n|move|p2a: Sandygast|Shore Up|p2a: Sandygast\n|-heal|p2a: Sandygast|80\/100\n|\n|upkeep\n|turn|7\n|\n|t:|1697855352\n|move|p1b: Mudbray|High Horsepower|p2b: Mareanie\n|-supereffective|p2b: Mareanie\n|-damage|p2b: Mareanie|39\/100\n|move|p2b: Mareanie|Hydro Pump|p1b: Mudbray|[miss]\n|-miss|p2b: Mareanie|p1b: Mudbray\n|move|p1a: Wooper|Icy Wind|p2b: Mareanie|[spread] p2a,p2b\n|-supereffective|p2a: Sandygast\n|-resisted|p2b: Mareanie\n|-damage|p2a: Sandygast|70\/100\n|-damage|p2b: Mareanie|37\/100\n|-unboost|p2a: Sandygast|spe|1\n|-unboost|p2b: Mareanie|spe|1\n|move|p2a: Sandygast|Shadow Ball|p1a: Wooper\n|-damage|p1a: Wooper|34\/100\n|\n|-sideend|p2: animeksani|move: Light Screen\n|upkeep\n|turn|8\n|l| jfebhjbeebhjf\n|inactive|animeksani has 120 seconds left.\n|\n|t:|1697855375\n|move|p1b: Mudbray|Protect|p1b: Mudbray\n|-singleturn|p1b: Mudbray|Protect\n|move|p1a: Wooper|Icy Wind|p2b: Mareanie|[spread] p2a,p2b\n|-supereffective|p2a: Sandygast\n|-resisted|p2b: Mareanie\n|-damage|p2a: Sandygast|54\/100\n|-damage|p2b: Mareanie|35\/100\n|-unboost|p2a: Sandygast|spe|1\n|-unboost|p2b: Mareanie|spe|1\n|move|p2b: Mareanie|Hydro Pump|p1b: Mudbray\n|-activate|p1b: Mudbray|move: Protect\n|move|p2a: Sandygast|Shadow Ball|p1a: Wooper\n|-damage|p1a: Wooper|0 fnt\n|faint|p1a: Wooper\n|\n|-sideend|p2: animeksani|Reflect\n|upkeep\n|\n|t:|1697855390\n|switch|p1a: Gholdengo|Gholdengo|100\/100\n|turn|9\n|\n|t:|1697855405\n|move|p1a: Gholdengo|Make It Rain|p2a: Sandygast|[spread] p2a,p2b\n|-resisted|p2b: Mareanie\n|-crit|p2b: Mareanie\n|-damage|p2a: Sandygast|0 fnt\n|-damage|p2b: Mareanie|0 fnt\n|-unboost|p1a: Gholdengo|spa|1\n|-enditem|p1a: Gholdengo|Eject Pack\n|faint|p2a: Sandygast\n|faint|p2b: Mareanie\n|\n|t:|1697855414\n|switch|p1a: Scorbunny|Scorbunny, F|100\/100\n|move|p1b: Mudbray|High Horsepower|p2: Sandygast|[notarget]\n|-fail|p1b: Mudbray\n|\n|upkeep\n|inactive|animeksani has 120 seconds left.\n|\n|t:|1697855435\n|switch|p2b: Drizzile|Drizzile, F|100\/100\n|switch|p2a: Munchlax|Munchlax, M|70\/100\n|-damage|p2b: Drizzile|88\/100|[from] Stealth Rock\n|-damage|p2b: Drizzile|72\/100|[from] Spikes\n|-damage|p2a: Munchlax|58\/100|[from] Stealth Rock\n|-damage|p2a: Munchlax|41\/100|[from] Spikes\n|turn|10\n|\n|t:|1697855450\n|move|p1a: Scorbunny|Protect|p1a: Scorbunny\n|-start|p1a: Scorbunny|typechange|Normal|[from] ability: Libero\n|-singleturn|p1a: Scorbunny|Protect\n|move|p2b: Drizzile|Hydro Pump|p1b: Mudbray\n|-supereffective|p1b: Mudbray\n|-damage|p1b: Mudbray|10\/100\n|-ability|p1b: Mudbray|Stamina|boost\n|-boost|p1b: Mudbray|def|1\n|move|p1b: Mudbray|High Horsepower|p2b: Drizzile\n|-damage|p2b: Drizzile|0 fnt\n|faint|p2b: Drizzile\n|move|p2a: Munchlax|Rock Slide|p1b: Mudbray|[spread] p1b\n|-activate|p1a: Scorbunny|move: Protect\n|-resisted|p1b: Mudbray\n|-damage|p1b: Mudbray|6\/100\n|-ability|p1b: Mudbray|Stamina|boost\n|-boost|p1b: Mudbray|def|1\n|\n|upkeep\n|\n|t:|1697855458\n|switch|p2b: Aipom|Aipom, F|100\/100\n|-damage|p2b: Aipom|88\/100|[from] Stealth Rock\n|-damage|p2b: Aipom|72\/100|[from] Spikes\n|turn|11\n|\n|t:|1697855477\n|move|p2b: Aipom|Fake Out|p1a: Scorbunny\n|-damage|p1a: Scorbunny|66\/100\n|-damage|p2b: Aipom|62\/100|[from] item: Life Orb\n|cant|p1a: Scorbunny|flinch\n|move|p1b: Mudbray|Rock Slide|p2a: Munchlax|[spread] p2a,p2b\n|-damage|p2a: Munchlax|29\/100\n|-damage|p2b: Aipom|32\/100\n|move|p2a: Munchlax|Rock Slide|p1b: Mudbray|[spread] p1a,p1b\n|-resisted|p1b: Mudbray\n|-damage|p1a: Scorbunny|33\/100\n|-damage|p1b: Mudbray|4\/100\n|-ability|p1b: Mudbray|Stamina|boost\n|-boost|p1b: Mudbray|def|1\n|\n|upkeep\n|turn|12\n|\n|t:|1697855497\n|move|p2b: Aipom|Knock Off|p1a: Scorbunny\n|-damage|p1a: Scorbunny|0 fnt\n|-enditem|p1a: Scorbunny|Eviolite|[from] move: Knock Off|[of] p2b: Aipom\n|faint|p1a: Scorbunny\n|-damage|p2b: Aipom|22\/100|[from] item: Life Orb\n|move|p1b: Mudbray|Rock Slide|p2b: Aipom|[spread] p2a,p2b\n|-damage|p2a: Munchlax|17\/100\n|-damage|p2b: Aipom|0 fnt\n|faint|p2b: Aipom\n|cant|p2a: Munchlax|flinch\n|\n|upkeep\n|\n|t:|1697855509\n|switch|p1a: Gholdengo|Gholdengo|100\/100\n|turn|13\n|\n|t:|1697855521\n|move|p1a: Gholdengo|Make It Rain|p2a: Munchlax\n|-damage|p2a: Munchlax|0 fnt\n|-unboost|p1a: Gholdengo|spa|1\n|faint|p2a: Munchlax\n|\n|win|VsNpc\n|n|\u2606VsNpc|vsnpc\n|n|\u2606animeksani|animeksani\n|n|*Lady Monita \u263d|ladymonita\n","uploadtime":1697855522,"views":19,"p1id":"vsnpc","p2id":"animeksani","formatid":"gen9doublesou","rating":0,"private":0,"password":""}