{"id":"gen9doublesou-1972014359","p1":"Lorin2005","p2":"PearlHarbor1996","format":"[Gen 9] Doubles OU","log":"|j|\u2606Lorin2005\n|j|\u2606PearlHarbor1996\n|t:|1697804903\n|gametype|doubles\n|player|p1|Lorin2005|169|1217\n|player|p2|PearlHarbor1996|rocketgrunt|1206\n|teamsize|p1|6\n|teamsize|p2|6\n|gen|9\n|tier|[Gen 9] Doubles OU\n|rated|\n|rule|Species Clause: Limit one of each Pok\u00e9mon\n|rule|OHKO Clause: OHKO moves are banned\n|rule|Evasion Moves Clause: Evasion moves are banned\n|rule|Gravity Sleep Clause: The combination of sleep-inducing moves with imperfect accuracy and Gravity or Gigantamax Orbeetle are banned\n|rule|Endless Battle Clause: Forcing endless battles is banned\n|rule|HP Percentage Mod: HP is shown in percentages\n|clearpoke\n|poke|p1|Iron Bundle|\n|poke|p1|Ninetales-Alola, M|\n|poke|p1|Volcarona, F|\n|poke|p1|Sinistcha-Masterpiece|\n|poke|p1|Gholdengo|\n|poke|p1|Chien-Pao|\n|poke|p2|Coalossal, F|\n|poke|p2|Ludicolo, M|\n|poke|p2|Medicham, M|\n|poke|p2|Palafin, F|\n|poke|p2|Torkoal, M|\n|poke|p2|Pelipper, M|\n|teampreview\n|inactive|Battle timer is ON: inactive players will automatically lose when time's up. (requested by PearlHarbor1996)\n|j| NesteaLemon\n|\n|t:|1697804928\n|start\n|switch|p1a: Ninetales|Ninetales-Alola, M|100\/100\n|switch|p1b: Iron Bundle|Iron Bundle|100\/100\n|switch|p2a: Palafin|Palafin, F|100\/100\n|switch|p2b: Coalossal|Coalossal, F|100\/100\n|-weather|Snow|[from] ability: Snow Warning|[of] p1a: Ninetales\n|-enditem|p1b: Iron Bundle|Booster Energy\n|-activate|p1b: Iron Bundle|ability: Quark Drive|[fromitem]\n|-start|p1b: Iron Bundle|quarkdrivespe\n|turn|1\n|\n|t:|1697804950\n|-terastallize|p2b: Coalossal|Water\n|move|p1b: Iron Bundle|Hydro Pump|p2b: Coalossal\n|-resisted|p2b: Coalossal\n|-damage|p2b: Coalossal|76\/100\n|-ability|p2b: Coalossal|Steam Engine|boost\n|-boost|p2b: Coalossal|spe|6\n|-enditem|p2b: Coalossal|Absorb Bulb\n|-boost|p2b: Coalossal|spa|1|[from] item: Absorb Bulb\n|move|p2a: Palafin|Flip Turn|p2b: Coalossal\n|-resisted|p2b: Coalossal\n|-damage|p2b: Coalossal|70\/100\n|\n|t:|1697804960\n|detailschange|p2a: Palafin|Palafin-Hero, F\n|switch|p2a: Torkoal|Torkoal, M|100\/100|[from] Flip Turn\n|-weather|SunnyDay|[from] ability: Drought|[of] p2a: Torkoal\n|move|p2b: Coalossal|Heat Wave|p1b: Iron Bundle|[spread] p1a,p1b\n|-supereffective|p1a: Ninetales\n|-damage|p1a: Ninetales|0 fnt\n|-damage|p1b: Iron Bundle|0 fnt\n|faint|p1a: Ninetales\n|faint|p1b: Iron Bundle\n|-end|p1b: Iron Bundle|Quark Drive|[silent]\n|\n|-weather|SunnyDay|[upkeep]\n|upkeep\n|\n|t:|1697804980\n|switch|p1b: Gholdengo|Gholdengo|100\/100\n|switch|p1a: Chien-Pao|Chien-Pao|100\/100\n|-ability|p1a: Chien-Pao|Sword of Ruin\n|turn|2\n|\n|t:|1697804994\n|-terastallize|p1b: Gholdengo|Water\n|move|p1a: Chien-Pao|Sucker Punch|p2b: Coalossal\n|-damage|p2b: Coalossal|27\/100\n|-damage|p1a: Chien-Pao|91\/100|[from] item: Life Orb\n|move|p2b: Coalossal|Heat Wave|p1a: Chien-Pao|[spread] p1a,p1b\n|-supereffective|p1a: Chien-Pao\n|-resisted|p1b: Gholdengo\n|-damage|p1a: Chien-Pao|0 fnt\n|-damage|p1b: Gholdengo|69\/100\n|faint|p1a: Chien-Pao\n|move|p1b: Gholdengo|Power Gem|p2b: Coalossal\n|-damage|p2b: Coalossal|0 fnt\n|faint|p2b: Coalossal\n|move|p2a: Torkoal|Eruption|p1b: Gholdengo\n|-resisted|p1b: Gholdengo\n|-damage|p1b: Gholdengo|35\/100\n|\n|-weather|SunnyDay|[upkeep]\n|-heal|p1b: Gholdengo|41\/100|[from] item: Leftovers\n|upkeep\n|\n|t:|1697805014\n|switch|p1a: Sinistcha|Sinistcha-Masterpiece|100\/100\n|switch|p2b: Ludicolo|Ludicolo, M|100\/100\n|-heal|p1b: Gholdengo|66\/100|[from] ability: Hospitality|[of] p1a: Sinistcha\n|turn|3\n|\n|t:|1697805035\n|move|p2a: Torkoal|Helping Hand|p2b: Ludicolo\n|-singleturn|p2b: Ludicolo|Helping Hand|[of] p2a: Torkoal\n|move|p2b: Ludicolo|Solar Beam||[still]\n|-prepare|p2b: Ludicolo|Solar Beam\n|-anim|p2b: Ludicolo|Solar Beam|p1b: Gholdengo\n|-supereffective|p1b: Gholdengo\n|-damage|p1b: Gholdengo|0 fnt\n|faint|p1b: Gholdengo\n|-damage|p2b: Ludicolo|91\/100|[from] item: Life Orb\n|move|p1a: Sinistcha|Matcha Gotcha|p2a: Torkoal|[spread] p2a\n|-miss|p1a: Sinistcha|p2b: Ludicolo\n|-resisted|p2a: Torkoal\n|-damage|p2a: Torkoal|70\/100\n|\n|-weather|SunnyDay|[upkeep]\n|upkeep\n|inactive|Lorin2005 has 120 seconds left.\n|\n|t:|1697805050\n|switch|p1b: Volcarona|Volcarona, F|100\/100\n|turn|4\n|\n|t:|1697805058\n|switch|p2a: Pelipper|Pelipper, M|100\/100\n|-weather|RainDance|[from] ability: Drizzle|[of] p2a: Pelipper\n|move|p2b: Ludicolo|Surf|p1a: Sinistcha|[spread] p2a,p1a,p1b\n|-resisted|p2a: Pelipper\n|-resisted|p1a: Sinistcha\n|-supereffective|p1b: Volcarona\n|-damage|p2a: Pelipper|61\/100\n|-damage|p1a: Sinistcha|67\/100\n|-damage|p1b: Volcarona|0 fnt\n|faint|p1b: Volcarona\n|-damage|p2b: Ludicolo|81\/100|[from] item: Life Orb\n|move|p1a: Sinistcha|Matcha Gotcha|p2a: Pelipper|[spread] p2a,p2b\n|-damage|p2a: Pelipper|0 fnt\n|-heal|p1a: Sinistcha|96\/100|[from] drain|[of] p2a: Pelipper\n|-damage|p2b: Ludicolo|28\/100\n|-heal|p1a: Sinistcha|100\/100|[from] drain|[of] p2b: Ludicolo\n|faint|p2a: Pelipper\n|\n|-weather|RainDance|[upkeep]\n|upkeep\n|\n|t:|1697805077\n|switch|p2a: Palafin|Palafin-Hero, F|100\/100\n|-activate|p2a: Palafin|ability: Zero to Hero\n|turn|5\n|\n|t:|1697805086\n|move|p2a: Palafin|Ice Punch|p1a: Sinistcha\n|-supereffective|p1a: Sinistcha\n|-damage|p1a: Sinistcha|43\/100\n|move|p2b: Ludicolo|Ice Beam|p1a: Sinistcha\n|-supereffective|p1a: Sinistcha\n|-damage|p1a: Sinistcha|0 fnt\n|faint|p1a: Sinistcha\n|-damage|p2b: Ludicolo|18\/100|[from] item: Life Orb\n|\n|win|PearlHarbor1996\n|raw|Lorin2005's rating: 1217 &rarr; <strong>1191<\/strong><br \/>(-26 for losing)\n|raw|PearlHarbor1996's rating: 1206 &rarr; <strong>1232<\/strong><br \/>(+26 for winning)\n|c|\u2606PearlHarbor1996|gg\n|l|\u2606Lorin2005\n|l| NesteaLemon\n","uploadtime":1697805109,"views":26,"p1id":"lorin2005","p2id":"pearlharbor1996","formatid":"gen9doublesou","rating":1191,"private":0,"password":""}