{"id":"gen9doublesou-1996641203","p1":"AdamSandlerCult","p2":"Nurvis","format":"[Gen 9] Doubles OU","log":"|j|\u2606AdamSandlerCult\n|j|\u2606Nurvis\n|t:|1700704074\n|gametype|doubles\n|player|p1|AdamSandlerCult|2|\n|player|p2|Nurvis|musician|\n|teamsize|p1|6\n|teamsize|p2|6\n|gen|9\n|tier|[Gen 9] Doubles OU\n|rule|Species Clause: Limit one of each Pok\u00e9mon\n|rule|OHKO Clause: OHKO moves are banned\n|rule|Evasion Moves Clause: Evasion moves are banned\n|rule|Gravity Sleep Clause: The combination of sleep-inducing moves with imperfect accuracy and Gravity or Gigantamax Orbeetle are banned\n|rule|Endless Battle Clause: Forcing endless battles is banned\n|rule|HP Percentage Mod: HP is shown in percentages\n|clearpoke\n|poke|p1|Grimmsnarl, M|\n|poke|p1|Dragapult, M|\n|poke|p1|Tyranitar, M|\n|poke|p1|Corviknight, F|\n|poke|p1|Volcanion|\n|poke|p1|Heracross, M|\n|poke|p2|Ogerpon-Wellspring, F|\n|poke|p2|Hawlucha, F|\n|poke|p2|Skeledirge, M|\n|poke|p2|Goodra-Hisui, M|\n|poke|p2|Rotom-Wash|\n|poke|p2|Zoroark-Hisui, M|\n|teampreview\n|\n|t:|1700704148\n|start\n|switch|p1a: Grimgrrrrrr|Grimmsnarl, M|100\/100\n|switch|p1b: Basaliskta|Dragapult, M|100\/100\n|switch|p2a: Silly Lil' Guy|Skeledirge, M|100\/100\n|switch|p2b: Immortal Snail|Goodra-Hisui, M|100\/100\n|turn|1\n|\n|t:|1700704228\n|move|p1b: Basaliskta|Sucker Punch|p2a: Silly Lil' Guy\n|-supereffective|p2a: Silly Lil' Guy\n|-crit|p2a: Silly Lil' Guy\n|-damage|p2a: Silly Lil' Guy|31\/100\n|-damage|p1b: Basaliskta|91\/100|[from] item: Life Orb\n|move|p1a: Grimgrrrrrr|Light Screen|p1a: Grimgrrrrrr\n|-sidestart|p1: AdamSandlerCult|move: Light Screen\n|move|p2b: Immortal Snail|Flamethrower|p1a: Grimgrrrrrr\n|-damage|p1a: Grimgrrrrrr|65\/100\n|move|p2a: Silly Lil' Guy|Shadow Ball|p1b: Basaliskta\n|-supereffective|p1b: Basaliskta\n|-damage|p1b: Basaliskta|36\/100\n|\n|upkeep\n|turn|2\n|\n|t:|1700704278\n|move|p1b: Basaliskta|Phantom Force||[still]\n|-prepare|p1b: Basaliskta|Phantom Force\n|move|p2b: Immortal Snail|Flamethrower|p1b: Basaliskta|[miss]\n|-miss|p2b: Immortal Snail|p1b: Basaliskta\n|move|p2a: Silly Lil' Guy|Hyper Voice|p1a: Grimgrrrrrr|[spread] p1a\n|-miss|p2a: Silly Lil' Guy|p1b: Basaliskta\n|-damage|p1a: Grimgrrrrrr|54\/100\n|move|p1a: Grimgrrrrrr|Spirit Break|p2b: Immortal Snail\n|-damage|p2b: Immortal Snail|40\/100\n|-unboost|p2b: Immortal Snail|spa|1\n|replace|p2b: Immortal Man|Zoroark-Hisui, M, shiny\n|-end|p2b: Immortal Man|Illusion\n|\n|upkeep\n|turn|3\n|\n|t:|1700704315\n|switch|p2a: Immortal Snail|Goodra-Hisui, M|100\/100\n|move|p1b: Basaliskta|Phantom Force|p2a: Immortal Snail|[from]lockedmove\n|-damage|p2a: Immortal Snail|63\/100\n|-ability|p2a: Immortal Snail|Gooey\n|-fail|p1b: Basaliskta|unboost|[from] ability: Clear Body|[of] p1b: Basaliskta\n|-damage|p1b: Basaliskta|27\/100|[from] item: Life Orb\n|move|p2b: Immortal Man|Flamethrower|p1b: Basaliskta\n|-resisted|p1b: Basaliskta\n|-damage|p1b: Basaliskta|14\/100\n|move|p1a: Grimgrrrrrr|Spirit Break|p2b: Immortal Man\n|-damage|p2b: Immortal Man|0 fnt\n|faint|p2b: Immortal Man\n|\n|-damage|p2a: Immortal Snail|50\/100|[from] item: Black Sludge\n|upkeep\n|\n|t:|1700704363\n|switch|p2b: Not-yo Libre|Hawlucha, F, shiny|100\/100\n|turn|4\n|\n|t:|1700704377\n|move|p1b: Basaliskta|Dragon Darts|p2a: Immortal Snail\n|-damage|p2a: Immortal Snail|27\/100\n|-anim|p1b: Basaliskta|Dragon Darts|p2b: Not-yo Libre\n|-damage|p2b: Not-yo Libre|51\/100\n|-damage|p1b: Basaliskta|4\/100|[from] item: Life Orb\n|move|p2b: Not-yo Libre|Fling|p1b: Basaliskta\n|-supereffective|p1b: Basaliskta\n|-damage|p1b: Basaliskta|0 fnt\n|-enditem|p2b: Not-yo Libre|Focus Sash|[from] move: Fling\n|faint|p1b: Basaliskta\n|move|p1a: Grimgrrrrrr|Spirit Break|p2b: Not-yo Libre\n|-supereffective|p2b: Not-yo Libre\n|-damage|p2b: Not-yo Libre|0 fnt\n|faint|p2b: Not-yo Libre\n|move|p2a: Immortal Snail|Life Dew|p2a: Immortal Snail\n|-heal|p2a: Immortal Snail|52\/100\n|\n|-damage|p2a: Immortal Snail|39\/100|[from] item: Black Sludge\n|upkeep\n|\n|t:|1700704401\n|switch|p1b: Shaq Icy-Hot|Volcanion|100\/100\n|switch|p2b: War Criminal|Ogerpon-Wellspring, F|100\/100\n|turn|5\n|\n|t:|1700704441\n|move|p1a: Grimgrrrrrr|Taunt|p2b: War Criminal\n|-start|p2b: War Criminal|move: Taunt\n|cant|p2b: War Criminal|move: Taunt|Swords Dance\n|move|p1b: Shaq Icy-Hot|Heat Wave|p2b: War Criminal|[spread] p2a,p2b\n|-damage|p2a: Immortal Snail|13\/100\n|-damage|p2b: War Criminal|55\/100\n|move|p2a: Immortal Snail|Acid Armor|p2a: Immortal Snail\n|-boost|p2a: Immortal Snail|def|2\n|\n|-damage|p2a: Immortal Snail|0 fnt|[from] item: Black Sludge\n|faint|p2a: Immortal Snail\n|upkeep\n|\n|t:|1700704455\n|switch|p2a: Tera|Rotom-Wash|100\/100\n|turn|6\n|\n|t:|1700704489\n|-terastallize|p2a: Tera|Electric\n|move|p1a: Grimgrrrrrr|Taunt|p2a: Tera\n|-start|p2a: Tera|move: Taunt\n|move|p2b: War Criminal|Ivy Cudgel|p1a: Grimgrrrrrr|[anim] Ivy Cudgel Water\n|-damage|p1a: Grimgrrrrrr|3\/100\n|move|p2a: Tera|Thunderbolt|p1b: Shaq Icy-Hot\n|-supereffective|p1b: Shaq Icy-Hot\n|-damage|p1b: Shaq Icy-Hot|0 fnt\n|faint|p1b: Shaq Icy-Hot\n|\n|upkeep\n|\n|t:|1700704506\n|switch|p1b: Battle-Bug|Heracross, M|100\/100\n|turn|7\n|\n|t:|1700704580\n|move|p2b: War Criminal|Play Rough|p1b: Battle-Bug\n|-supereffective|p1b: Battle-Bug\n|-damage|p1b: Battle-Bug|4\/100\n|move|p2a: Tera|Thunderbolt|p1a: Grimgrrrrrr\n|-damage|p1a: Grimgrrrrrr|0 fnt\n|faint|p1a: Grimgrrrrrr\n|move|p1b: Battle-Bug|Megahorn|p2b: War Criminal\n|-supereffective|p2b: War Criminal\n|-damage|p2b: War Criminal|0 fnt\n|faint|p2b: War Criminal\n|\n|-status|p1b: Battle-Bug|brn|[from] item: Flame Orb\n|upkeep\n|\n|t:|1700704597\n|switch|p2b: Silly Lil' Guy|Skeledirge, M|31\/100\n|switch|p1a: Dame Corvi|Corviknight, F|100\/100\n|turn|8\n|\n|t:|1700704621\n|-terastallize|p1a: Dame Corvi|Dragon\n|move|p2a: Tera|Thunderbolt|p1b: Battle-Bug\n|-damage|p1b: Battle-Bug|0 fnt\n|faint|p1b: Battle-Bug\n|move|p1a: Dame Corvi|Brave Bird|p2b: Silly Lil' Guy\n|-damage|p2b: Silly Lil' Guy|1\/100\n|-damage|p1a: Dame Corvi|90\/100|[from] Recoil\n|move|p2b: Silly Lil' Guy|Torch Song|p1a: Dame Corvi\n|-resisted|p1a: Dame Corvi\n|-damage|p1a: Dame Corvi|81\/100\n|-boost|p2b: Silly Lil' Guy|spa|1\n|\n|-heal|p1a: Dame Corvi|87\/100|[from] item: Leftovers\n|-end|p2a: Tera|move: Taunt\n|-sideend|p1: AdamSandlerCult|move: Light Screen\n|upkeep\n|\n|t:|1700704638\n|switch|p1b: God-Fkn-Zilla|Tyranitar, M|100\/100\n|-ability|p1b: God-Fkn-Zilla|Unnerve\n|turn|9\n|\n|t:|1700704663\n|move|p2a: Tera|Hydro Pump|p1b: God-Fkn-Zilla\n|-supereffective|p1b: God-Fkn-Zilla\n|-damage|p1b: God-Fkn-Zilla|20\/100\n|move|p1a: Dame Corvi|Brave Bird|p2a: Tera\n|-resisted|p2a: Tera\n|-damage|p2a: Tera|81\/100\n|-damage|p1a: Dame Corvi|82\/100|[from] Recoil\n|move|p2b: Silly Lil' Guy|Hyper Voice|p1b: God-Fkn-Zilla|[spread] p1a,p1b\n|-resisted|p1b: God-Fkn-Zilla\n|-damage|p1a: Dame Corvi|59\/100\n|-damage|p1b: God-Fkn-Zilla|14\/100\n|move|p1b: God-Fkn-Zilla|Earthquake|p2a: Tera|[spread] p1a,p2b\n|-immune|p2a: Tera|[from] ability: Levitate\n|-supereffective|p2b: Silly Lil' Guy\n|-damage|p1a: Dame Corvi|43\/100\n|-damage|p2b: Silly Lil' Guy|0 fnt\n|faint|p2b: Silly Lil' Guy\n|\n|-heal|p1a: Dame Corvi|49\/100|[from] item: Leftovers\n|upkeep\n|turn|10\n|\n|t:|1700704692\n|move|p2a: Tera|Shadow Ball|p1b: God-Fkn-Zilla\n|-resisted|p1b: God-Fkn-Zilla\n|-damage|p1b: God-Fkn-Zilla|6\/100\n|move|p1a: Dame Corvi|Roost|p1a: Dame Corvi\n|-heal|p1a: Dame Corvi|99\/100\n|move|p1b: God-Fkn-Zilla|Stone Edge|p2a: Tera\n|-damage|p2a: Tera|15\/100\n|\n|-heal|p1a: Dame Corvi|100\/100|[from] item: Leftovers\n|upkeep\n|turn|11\n|\n|t:|1700704708\n|move|p2a: Tera|Hydro Pump|p1b: God-Fkn-Zilla\n|-supereffective|p1b: God-Fkn-Zilla\n|-damage|p1b: God-Fkn-Zilla|0 fnt\n|faint|p1b: God-Fkn-Zilla\n|move|p1a: Dame Corvi|Brave Bird|p2a: Tera\n|-resisted|p2a: Tera\n|-damage|p2a: Tera|0 fnt\n|faint|p2a: Tera\n|-damage|p1a: Dame Corvi|97\/100|[from] Recoil\n|\n|win|AdamSandlerCult\n","uploadtime":1700704725,"views":27,"p1id":"adamsandlercult","p2id":"nurvis","formatid":"gen9doublesou","rating":0,"private":0,"password":""}