{"id":"gen9doublesou-1996768257","p1":"fathermalcolm","p2":"defnotapenguin","format":"[Gen 9] Doubles OU","log":"|j|\u2606fathermalcolm\n|j|\u2606defnotapenguin\n|t:|1700722003\n|gametype|doubles\n|player|p1|fathermalcolm|n|1176\n|player|p2|defnotapenguin|266|1102\n|teamsize|p1|6\n|teamsize|p2|6\n|gen|9\n|tier|[Gen 9] Doubles OU\n|rated|\n|rule|Species Clause: Limit one of each Pok\u00e9mon\n|rule|OHKO Clause: OHKO moves are banned\n|rule|Evasion Moves Clause: Evasion moves are banned\n|rule|Gravity Sleep Clause: The combination of sleep-inducing moves with imperfect accuracy and Gravity or Gigantamax Orbeetle are banned\n|rule|Endless Battle Clause: Forcing endless battles is banned\n|rule|HP Percentage Mod: HP is shown in percentages\n|clearpoke\n|poke|p1|Snorlax, F|\n|poke|p1|Iron Hands|\n|poke|p1|Landorus-Therian, M|\n|poke|p1|Sinistcha|\n|poke|p1|Clefairy, M|\n|poke|p1|Kommo-o, F|\n|poke|p2|Amoonguss, M|\n|poke|p2|Flutter Mane|\n|poke|p2|Landorus-Therian, M|\n|poke|p2|Gholdengo|\n|poke|p2|Sinistcha-Masterpiece|\n|poke|p2|Chi-Yu|\n|teampreview\n|inactive|Battle timer is ON: inactive players will automatically lose when time's up. (requested by defnotapenguin)\n|\n|t:|1700722018\n|start\n|switch|p1a: Kommo-o|Kommo-o, F|100\/100\n|switch|p1b: Clefairy|Clefairy, M|100\/100\n|switch|p2a: No awake 4 u|Amoonguss, M|100\/100\n|switch|p2b: Chi-Yu|Chi-Yu|100\/100\n|-ability|p2b: Chi-Yu|Beads of Ruin\n|turn|1\n|\n|t:|1700722038\n|-terastallize|p2b: Chi-Yu|Fire\n|move|p1b: Clefairy|Follow Me|p1b: Clefairy\n|-singleturn|p1b: Clefairy|move: Follow Me\n|move|p2b: Chi-Yu|Heat Wave|p1a: Kommo-o|[spread] p1a,p1b\n|-resisted|p1a: Kommo-o\n|-damage|p1a: Kommo-o|61\/100\n|-damage|p1b: Clefairy|19\/100\n|move|p1a: Kommo-o|Clangorous Soul|p1a: Kommo-o\n|-boost|p1a: Kommo-o|atk|1\n|-boost|p1a: Kommo-o|def|1\n|-boost|p1a: Kommo-o|spa|1\n|-boost|p1a: Kommo-o|spd|1\n|-boost|p1a: Kommo-o|spe|1\n|-damage|p1a: Kommo-o|28\/100\n|-enditem|p1a: Kommo-o|Throat Spray\n|-boost|p1a: Kommo-o|spa|1|[from] item: Throat Spray\n|move|p2a: No awake 4 u|Spore|p1b: Clefairy\n|-status|p1b: Clefairy|slp|[from] move: Spore\n|\n|upkeep\n|turn|2\n|\n|t:|1700722062\n|move|p2a: No awake 4 u|Rage Powder|p2a: No awake 4 u\n|-singleturn|p2a: No awake 4 u|move: Rage Powder\n|move|p1a: Kommo-o|Clanging Scales|p2a: No awake 4 u|[spread] p2a,p2b\n|-damage|p2a: No awake 4 u|16\/100\n|-damage|p2b: Chi-Yu|12\/100\n|-enditem|p2a: No awake 4 u|Sitrus Berry|[eat]\n|-heal|p2a: No awake 4 u|41\/100|[from] item: Sitrus Berry\n|-unboost|p1a: Kommo-o|def|1\n|move|p2b: Chi-Yu|Heat Wave|p1b: Clefairy|[spread] p1a,p1b\n|-resisted|p1a: Kommo-o\n|-damage|p1a: Kommo-o|2\/100\n|-damage|p1b: Clefairy|0 fnt\n|faint|p1b: Clefairy\n|\n|upkeep\n|\n|t:|1700722075\n|switch|p1b: Sinistcha|Sinistcha|100\/100\n|-heal|p1a: Kommo-o|27\/100|[from] ability: Hospitality|[of] p1b: Sinistcha\n|turn|3\n|inactive|defnotapenguin has 120 seconds left.\n|\n|t:|1700722117\n|switch|p2b: No support 4 u|Gholdengo|100\/100\n|move|p2a: No awake 4 u|Rage Powder|p2a: No awake 4 u\n|-singleturn|p2a: No awake 4 u|move: Rage Powder\n|move|p1a: Kommo-o|Clanging Scales|p2a: No awake 4 u|[spread] p2a,p2b\n|-resisted|p2b: No support 4 u\n|-damage|p2a: No awake 4 u|0 fnt\n|-damage|p2b: No support 4 u|58\/100\n|faint|p2a: No awake 4 u\n|-unboost|p1a: Kommo-o|def|1\n|move|p1b: Sinistcha|Matcha Gotcha|p2b: No support 4 u\n|-resisted|p2b: No support 4 u\n|-damage|p2b: No support 4 u|40\/100\n|\n|upkeep\n|\n|t:|1700722141\n|switch|p2a: No pokemon 4 u|Flutter Mane|100\/100\n|-enditem|p2a: No pokemon 4 u|Booster Energy\n|-activate|p2a: No pokemon 4 u|ability: Protosynthesis|[fromitem]\n|-start|p2a: No pokemon 4 u|protosynthesisspe\n|turn|4\n|inactive|fathermalcolm has 120 seconds left.\n|\n|t:|1700722172\n|move|p2a: No pokemon 4 u|Dazzling Gleam|p1a: Kommo-o|[spread] p1a,p1b\n|-supereffective|p1a: Kommo-o\n|-damage|p1a: Kommo-o|0 fnt\n|-damage|p1b: Sinistcha|73\/100\n|faint|p1a: Kommo-o\n|move|p2b: No support 4 u|Shadow Ball|p1b: Sinistcha\n|-supereffective|p1b: Sinistcha\n|-damage|p1b: Sinistcha|0 fnt\n|faint|p1b: Sinistcha\n|\n|upkeep\n|inactive|fathermalcolm has 120 seconds left.\n|\n|t:|1700722189\n|switch|p1a: Snorlax|Snorlax, F|100\/100\n|switch|p1b: Landorus|Landorus-Therian, M|100\/100\n|-ability|p1b: Landorus|Intimidate|boost\n|-unboost|p2a: No pokemon 4 u|atk|1\n|-unboost|p2b: No support 4 u|atk|1\n|turn|5\n|inactive|fathermalcolm has 120 seconds left.\n|inactive|defnotapenguin has 120 seconds left.\n|\n|t:|1700722217\n|switch|p2b: Sinistcha|Sinistcha-Masterpiece|100\/100\n|move|p2a: No pokemon 4 u|Confuse Ray|p1a: Snorlax\n|-start|p1a: Snorlax|confusion\n|move|p1b: Landorus|U-turn|p2a: No pokemon 4 u\n|-resisted|p2a: No pokemon 4 u\n|-crit|p2a: No pokemon 4 u\n|-damage|p2a: No pokemon 4 u|78\/100\n|\n|t:|1700722225\n|switch|p1b: Iron Hands|Iron Hands|100\/100|[from] U-turn\n|-activate|p1a: Snorlax|confusion\n|-damage|p1a: Snorlax|90\/100|[from] confusion\n|\n|upkeep\n|turn|6\n|\n|t:|1700722245\n|-terastallize|p1a: Snorlax|Water\n|-activate|p1a: Snorlax|confusion\n|move|p1a: Snorlax|Protect|p1a: Snorlax\n|-singleturn|p1a: Snorlax|Protect\n|move|p2a: No pokemon 4 u|Dazzling Gleam|p1b: Iron Hands|[spread] p1b\n|-activate|p1a: Snorlax|move: Protect\n|-supereffective|p1b: Iron Hands\n|-damage|p1b: Iron Hands|67\/100\n|move|p2b: Sinistcha|Life Dew||[still]|[spread] p2a,p2b\n|-heal|p2a: No pokemon 4 u|100\/100\n|-fail|p2b: Sinistcha|heal\n|move|p1b: Iron Hands|Heavy Slam|p2a: No pokemon 4 u\n|-supereffective|p2a: No pokemon 4 u\n|-damage|p2a: No pokemon 4 u|0 fnt\n|faint|p2a: No pokemon 4 u\n|-end|p2a: No pokemon 4 u|Protosynthesis|[silent]\n|\n|upkeep\n|inactive|defnotapenguin has 120 seconds left.\n|\n|t:|1700722269\n|switch|p2a: Chi-Yu|Chi-Yu, tera:Fire|12\/100\n|-ability|p2a: Chi-Yu|Beads of Ruin\n|turn|7\n|\n|t:|1700722285\n|move|p2a: Chi-Yu|Heat Wave|p1a: Snorlax|[spread] p1a,p1b\n|-resisted|p1a: Snorlax\n|-damage|p1a: Snorlax|75\/100\n|-damage|p1b: Iron Hands|18\/100\n|move|p2b: Sinistcha|Matcha Gotcha|p1b: Iron Hands|[spread] p1a,p1b\n|-supereffective|p1a: Snorlax\n|-damage|p1a: Snorlax|23\/100\n|-damage|p1b: Iron Hands|0 fnt\n|-enditem|p1a: Snorlax|Sitrus Berry|[eat]\n|-heal|p1a: Snorlax|47\/100|[from] item: Sitrus Berry\n|faint|p1b: Iron Hands\n|-end|p1b: Iron Hands|Quark Drive|[silent]\n|-activate|p1a: Snorlax|confusion\n|move|p1a: Snorlax|Belly Drum||[still]\n|-fail|p1a: Snorlax\n|\n|upkeep\n|\n|t:|1700722298\n|switch|p1b: Landorus|Landorus-Therian, M|100\/100\n|-ability|p1b: Landorus|Intimidate|boost\n|-unboost|p2a: Chi-Yu|atk|1\n|-unboost|p2b: Sinistcha|atk|1\n|turn|8\n|\n|t:|1700722320\n|move|p1b: Landorus|Stomping Tantrum|p2a: Chi-Yu\n|-supereffective|p2a: Chi-Yu\n|-damage|p2a: Chi-Yu|0 fnt\n|faint|p2a: Chi-Yu\n|move|p2b: Sinistcha|Matcha Gotcha|p1a: Snorlax|[spread] p1a,p1b\n|-supereffective|p1a: Snorlax\n|-damage|p1a: Snorlax|9\/100\n|-damage|p1b: Landorus|62\/100\n|-end|p1a: Snorlax|confusion\n|move|p1a: Snorlax|High Horsepower|p2b: Sinistcha\n|-resisted|p2b: Sinistcha\n|-damage|p2b: Sinistcha|87\/100\n|\n|upkeep\n|\n|t:|1700722335\n|switch|p2a: Pls no kill :(|Landorus-Therian, M|100\/100\n|-ability|p2a: Pls no kill :(|Intimidate|boost\n|-unboost|p1a: Snorlax|atk|1\n|-unboost|p1b: Landorus|atk|1\n|turn|9\n|\n|t:|1700722356\n|move|p1b: Landorus|Stomping Tantrum|p2b: Sinistcha\n|-resisted|p2b: Sinistcha\n|-damage|p2b: Sinistcha|75\/100\n|move|p2a: Pls no kill :(|Stomping Tantrum|p1b: Landorus\n|-immune|p1b: Landorus\n|move|p2b: Sinistcha|Matcha Gotcha|p1b: Landorus|[spread] p1b\n|-miss|p2b: Sinistcha|p1a: Snorlax\n|-damage|p1b: Landorus|23\/100\n|-heal|p2b: Sinistcha|93\/100|[from] drain|[of] p1b: Landorus\n|move|p1a: Snorlax|Facade|p2a: Pls no kill :(\n|-damage|p2a: Pls no kill :(|77\/100\n|\n|upkeep\n|turn|10\n|-message|fathermalcolm forfeited.\n|\n|win|defnotapenguin\n|raw|fathermalcolm's rating: 1176 &rarr; <strong>1146<\/strong><br \/>(-30 for losing)\n|raw|defnotapenguin's rating: 1102 &rarr; <strong>1132<\/strong><br \/>(+30 for winning)\n|l|\u2606fathermalcolm\n","uploadtime":1700722574,"views":1,"p1id":"fathermalcolm","p2id":"defnotapenguin","formatid":"gen9doublesou","rating":1132,"private":0,"password":""}