{"id":"gen9doublesou-1970625289","p1":"tin-lu777","p2":"Mizukegoner","format":"[Gen 9] Doubles OU","log":"|j|\u2606tin-lu777\n|j|\u2606Mizukegoner\n|t:|1697653373\n|gametype|doubles\n|player|p1|tin-lu777|266|1302\n|player|p2|Mizukegoner|ethan|1274\n|teamsize|p1|6\n|teamsize|p2|6\n|gen|9\n|tier|[Gen 9] Doubles OU\n|rated|\n|rule|Species Clause: Limit one of each Pok\u00e9mon\n|rule|OHKO Clause: OHKO moves are banned\n|rule|Evasion Moves Clause: Evasion moves are banned\n|rule|Gravity Sleep Clause: The combination of sleep-inducing moves with imperfect accuracy and Gravity or Gigantamax Orbeetle are banned\n|rule|Endless Battle Clause: Forcing endless battles is banned\n|rule|HP Percentage Mod: HP is shown in percentages\n|clearpoke\n|poke|p1|Amoonguss, M|\n|poke|p1|Ursaluna-Bloodmoon, M|\n|poke|p1|Heatran, F|\n|poke|p1|Chien-Pao|\n|poke|p1|Iron Hands|\n|poke|p1|Cresselia, F|\n|poke|p2|Pelipper, M|\n|poke|p2|Sneasler, M|\n|poke|p2|Rillaboom, M|\n|poke|p2|Gliscor, M|\n|poke|p2|Empoleon, M|\n|poke|p2|Floatzel, M|\n|teampreview\n|inactive|Battle timer is ON: inactive players will automatically lose when time's up. (requested by Mizukegoner)\n|c|\u2606Mizukegoner|Wow\n|\n|t:|1697653392\n|start\n|switch|p1a: Iron Hands|Iron Hands|100\/100\n|switch|p1b: Cresselia|Cresselia, F|100\/100\n|switch|p2a: Rillaboom|Rillaboom, M|100\/100\n|switch|p2b: Gliggy|Gliscor, M|100\/100\n|-fieldstart|move: Grassy Terrain|[from] ability: Grassy Surge|[of] p2a: Rillaboom\n|turn|1\n|c|\u2606Mizukegoner|That's to much meta\n|\n|t:|1697653409\n|move|p2a: Rillaboom|Fake Out|p1b: Cresselia\n|-damage|p1b: Cresselia|90\/100\n|move|p1a: Iron Hands|Fake Out|p2b: Gliggy\n|-damage|p2b: Gliggy|89\/100\n|cant|p2b: Gliggy|flinch\n|cant|p1b: Cresselia|flinch\n|\n|-status|p2b: Gliggy|tox|[from] item: Toxic Orb\n|upkeep\n|turn|2\n|\n|t:|1697653423\n|-end|p1a: Iron Hands|Quark Drive|[silent]\n|switch|p1a: Amoonguss|Amoonguss, M|100\/100\n|move|p2b: Gliggy|Toxic|p1a: Amoonguss\n|-immune|p1a: Amoonguss\n|move|p2a: Rillaboom|Knock Off|p1b: Cresselia\n|-supereffective|p1b: Cresselia\n|-damage|p1b: Cresselia|44\/100\n|-enditem|p1b: Cresselia|Safety Goggles|[from] move: Knock Off|[of] p2a: Rillaboom\n|move|p1b: Cresselia|Trick Room|p1b: Cresselia\n|-fieldstart|move: Trick Room|[of] p1b: Cresselia\n|\n|-heal|p2b: Gliggy|100\/100 tox|[from] ability: Poison Heal\n|upkeep\n|turn|3\n|\n|t:|1697653438\n|move|p2a: Rillaboom|Grassy Glide|p1b: Cresselia\n|-damage|p1b: Cresselia|18\/100\n|move|p1a: Amoonguss|Pollen Puff|p2a: Rillaboom\n|-supereffective|p2a: Rillaboom\n|-damage|p2a: Rillaboom|73\/100\n|move|p1b: Cresselia|Lunar Blessing|p1b: Cresselia|[spread] p1a,p1b\n|-heal|p1b: Cresselia|42\/100\n|move|p2b: Gliggy|Stealth Rock|p1a: Amoonguss\n|-sidestart|p1: tin-lu777|move: Stealth Rock\n|\n|-heal|p2a: Rillaboom|79\/100|[from] Grassy Terrain\n|upkeep\n|turn|4\n|\n|t:|1697653469\n|switch|p2a: Pelipper|Pelipper, M, shiny|100\/100\n|-weather|RainDance|[from] ability: Drizzle|[of] p2a: Pelipper\n|move|p1a: Amoonguss|Pollen Puff|p1b: Cresselia\n|-heal|p1b: Cresselia|92\/100\n|move|p1b: Cresselia|Psychic|p2a: Pelipper\n|-damage|p2a: Pelipper|59\/100\n|-unboost|p2a: Pelipper|spd|1\n|move|p2b: Gliggy|Earthquake|p1b: Cresselia|[spread] p1a\n|-immune|p2a: Pelipper\n|-immune|p1b: Cresselia|[from] ability: Levitate\n|-crit|p1a: Amoonguss\n|-damage|p1a: Amoonguss|84\/100\n|\n|-weather|RainDance|[upkeep]\n|-heal|p1a: Amoonguss|90\/100|[from] Grassy Terrain\n|upkeep\n|turn|5\n|inactive|tin-lu777 has 120 seconds left.\n|\n|t:|1697653508\n|switch|p1b: Ursaluna|Ursaluna-Bloodmoon, M|100\/100\n|-damage|p1b: Ursaluna|94\/100|[from] Stealth Rock\n|move|p1a: Amoonguss|Spore|p2a: Pelipper\n|-status|p2a: Pelipper|slp|[from] move: Spore\n|move|p2b: Gliggy|Toxic|p1b: Ursaluna\n|-status|p1b: Ursaluna|tox\n|cant|p2a: Pelipper|slp\n|\n|-weather|RainDance|[upkeep]\n|-heal|p1a: Amoonguss|96\/100|[from] Grassy Terrain\n|-heal|p1b: Ursaluna|100\/100 tox|[from] Grassy Terrain\n|-damage|p1b: Ursaluna|94\/100 tox|[from] psn\n|-fieldend|move: Grassy Terrain\n|upkeep\n|turn|6\n|\n|t:|1697653536\n|switch|p1a: Cresselia|Cresselia, F|92\/100\n|-damage|p1a: Cresselia|80\/100|[from] Stealth Rock\n|move|p2b: Gliggy|Protect|p2b: Gliggy\n|-singleturn|p2b: Gliggy|Protect\n|move|p1b: Ursaluna|Hyper Voice|p2b: Gliggy|[spread] p2a\n|-activate|p2b: Gliggy|move: Protect\n|-damage|p2a: Pelipper|0 fnt\n|faint|p2a: Pelipper\n|-enditem|p1b: Ursaluna|Throat Spray\n|-boost|p1b: Ursaluna|spa|1|[from] item: Throat Spray\n|\n|-weather|RainDance|[upkeep]\n|-damage|p1b: Ursaluna|82\/100 tox|[from] psn\n|-fieldend|move: Trick Room\n|upkeep\n|inactive|Mizukegoner has 120 seconds left.\n|\n|t:|1697653546\n|switch|p2a: Rillaboom|Rillaboom, M|79\/100\n|-fieldstart|move: Grassy Terrain|[from] ability: Grassy Surge|[of] p2a: Rillaboom\n|turn|7\n|\n|t:|1697653560\n|-terastallize|p1b: Ursaluna|Ghost\n|move|p2a: Rillaboom|Fake Out|p1b: Ursaluna\n|-immune|p1b: Ursaluna\n|move|p2b: Gliggy|Toxic|p1a: Cresselia|[miss]\n|-miss|p2b: Gliggy|p1a: Cresselia\n|move|p1a: Cresselia|Lunar Blessing|p1a: Cresselia|[spread] p1a,p1b\n|-heal|p1a: Cresselia|100\/100\n|-heal|p1b: Ursaluna|100\/100 tox\n|-curestatus|p1b: Ursaluna|tox|[msg]\n|move|p1b: Ursaluna|Hyper Voice|p2a: Rillaboom|[spread] p2a,p2b\n|-damage|p2a: Rillaboom|37\/100\n|-damage|p2b: Gliggy|44\/100 tox\n|\n|-weather|RainDance|[upkeep]\n|-heal|p2a: Rillaboom|43\/100|[from] Grassy Terrain\n|-heal|p2b: Gliggy|57\/100 tox|[from] ability: Poison Heal\n|upkeep\n|turn|8\n|\n|t:|1697653580\n|move|p2b: Gliggy|Toxic|p1a: Cresselia\n|-status|p1a: Cresselia|tox\n|move|p2a: Rillaboom|Knock Off|p1b: Ursaluna\n|-supereffective|p1b: Ursaluna\n|-damage|p1b: Ursaluna|65\/100\n|move|p1b: Ursaluna|Hyper Voice|p2a: Rillaboom|[spread] p2a,p2b\n|-damage|p2a: Rillaboom|2\/100\n|-damage|p2b: Gliggy|6\/100 tox\n|move|p1a: Cresselia|Trick Room|p1a: Cresselia\n|-fieldstart|move: Trick Room|[of] p1a: Cresselia\n|\n|-weather|RainDance|[upkeep]\n|-heal|p1b: Ursaluna|71\/100|[from] Grassy Terrain\n|-heal|p2a: Rillaboom|8\/100|[from] Grassy Terrain\n|-damage|p1a: Cresselia|94\/100 tox|[from] psn\n|-heal|p2b: Gliggy|18\/100 tox|[from] ability: Poison Heal\n|upkeep\n|turn|9\n|\n|t:|1697653594\n|move|p2b: Gliggy|Protect|p2b: Gliggy\n|-singleturn|p2b: Gliggy|Protect\n|move|p2a: Rillaboom|Grassy Glide|p1b: Ursaluna\n|-damage|p1b: Ursaluna|42\/100\n|move|p1b: Ursaluna|Hyper Voice|p2a: Rillaboom|[spread] p2a\n|-activate|p2b: Gliggy|move: Protect\n|-damage|p2a: Rillaboom|0 fnt\n|faint|p2a: Rillaboom\n|move|p1a: Cresselia|Lunar Blessing|p1a: Cresselia|[spread] p1a,p1b\n|-heal|p1a: Cresselia|100\/100 tox\n|-curestatus|p1a: Cresselia|tox|[msg]\n|-heal|p1b: Ursaluna|67\/100\n|\n|-weather|RainDance|[upkeep]\n|-heal|p1b: Ursaluna|73\/100|[from] Grassy Terrain\n|-heal|p2b: Gliggy|31\/100 tox|[from] ability: Poison Heal\n|upkeep\n|\n|t:|1697653605\n|switch|p2a: Empoleon|Empoleon, M|100\/100\n|turn|10\n|\n|t:|1697653627\n|move|p1b: Ursaluna|Hyper Voice|p2b: Gliggy|[spread] p2a,p2b\n|-resisted|p2a: Empoleon\n|-damage|p2a: Empoleon|78\/100\n|-damage|p2b: Gliggy|0 fnt\n|faint|p2b: Gliggy\n|move|p2a: Empoleon|Water Pledge|p1b: Ursaluna\n|-damage|p1b: Ursaluna|3\/100\n|move|p1a: Cresselia|Lunar Blessing|p1a: Cresselia|[spread] p1a,p1b\n|-heal|p1b: Ursaluna|28\/100\n|\n|-weather|RainDance|[upkeep]\n|-heal|p1b: Ursaluna|34\/100|[from] Grassy Terrain\n|-heal|p2a: Empoleon|84\/100|[from] Grassy Terrain\n|upkeep\n|\n|t:|1697653639\n|switch|p2b: Hidrothor|Floatzel, M, shiny|100\/100\n|turn|11\n|inactive|tin-lu777 has 120 seconds left.\n|\n|t:|1697653673\n|-terastallize|p2b: Hidrothor|Water\n|move|p1a: Cresselia|Ally Switch|p1a: Cresselia\n|swap|p1a: Cresselia|1|[from] move: Ally Switch\n|move|p2b: Hidrothor|Aqua Jet|p1b: Cresselia\n|-damage|p1b: Cresselia|64\/100\n|move|p1a: Ursaluna|Earth Power|p2a: Empoleon\n|-supereffective|p2a: Empoleon\n|-crit|p2a: Empoleon\n|-damage|p2a: Empoleon|0 fnt\n|faint|p2a: Empoleon\n|\n|-weather|none\n|-heal|p1a: Ursaluna|40\/100|[from] Grassy Terrain\n|-fieldend|move: Grassy Terrain\n|upkeep\n|\n|t:|1697653682\n|switch|p2a: Sneasler|Sneasler, M|100\/100\n|turn|12\n|\n|t:|1697653694\n|move|p1a: Ursaluna|Protect|p1a: Ursaluna\n|-singleturn|p1a: Ursaluna|Protect\n|move|p2a: Sneasler|Fake Out|p1b: Cresselia\n|-damage|p1b: Cresselia|54\/100\n|move|p2b: Hidrothor|Aqua Jet|p1a: Ursaluna\n|-activate|p1a: Ursaluna|move: Protect\n|cant|p1b: Cresselia|flinch\n|\n|-fieldend|move: Trick Room\n|upkeep\n|turn|13\n|\n|t:|1697653714\n|move|p2b: Hidrothor|Aqua Jet|p1b: Cresselia\n|-damage|p1b: Cresselia|32\/100\n|move|p1a: Ursaluna|Vacuum Wave|p2b: Hidrothor\n|-damage|p2b: Hidrothor|61\/100\n|move|p2a: Sneasler|Acrobatics|p1a: Ursaluna\n|-damage|p1a: Ursaluna|25\/100\n|move|p1b: Cresselia|Trick Room|p1b: Cresselia\n|-fieldstart|move: Trick Room|[of] p1b: Cresselia\n|\n|upkeep\n|turn|14\n|\n|t:|1697653731\n|move|p1a: Ursaluna|Protect|p1a: Ursaluna\n|-singleturn|p1a: Ursaluna|Protect\n|move|p2b: Hidrothor|Aqua Jet|p1a: Ursaluna\n|-activate|p1a: Ursaluna|move: Protect\n|move|p1b: Cresselia|Lunar Blessing|p1b: Cresselia|[spread] p1a,p1b\n|-heal|p1a: Ursaluna|50\/100\n|-heal|p1b: Cresselia|57\/100\n|move|p2a: Sneasler|Acrobatics|p1a: Ursaluna\n|-activate|p1a: Ursaluna|move: Protect\n|\n|upkeep\n|turn|15\n|c|\u2606tin-lu777|gg\n|\n|t:|1697653746\n|move|p2b: Hidrothor|Aqua Jet|p1b: Cresselia\n|-damage|p1b: Cresselia|33\/100\n|move|p1a: Ursaluna|Hyper Voice|p2a: Sneasler|[spread] p2a,p2b\n|-damage|p2a: Sneasler|31\/100\n|-damage|p2b: Hidrothor|0 fnt\n|faint|p2b: Hidrothor\n|move|p1b: Cresselia|Psychic|p2a: Sneasler\n|-supereffective|p2a: Sneasler\n|-damage|p2a: Sneasler|0 fnt\n|faint|p2a: Sneasler\n|\n|win|tin-lu777\n|raw|tin-lu777's rating: 1302 &rarr; <strong>1320<\/strong><br \/>(+18 for winning)\n|raw|Mizukegoner's rating: 1274 &rarr; <strong>1251<\/strong><br \/>(-23 for losing)\n|l|\u2606Mizukegoner\n","uploadtime":1697653761,"views":11,"p1id":"tinlu777","p2id":"mizukegoner","formatid":"gen9doublesou","rating":1251,"private":0,"password":""}