{"id":"gen9doublesou-1974436105","p1":"bananaszn","p2":"nsvda","format":"[Gen 9] Doubles OU","log":"|j|\u2606bananaszn\n|j|\u2606nsvda\n|t:|1698086819\n|gametype|doubles\n|player|p1|bananaszn|brycen|1141\n|player|p2|nsvda|hugh|1122\n|teamsize|p1|6\n|teamsize|p2|6\n|gen|9\n|tier|[Gen 9] Doubles OU\n|rated|\n|rule|Species Clause: Limit one of each Pok\u00e9mon\n|rule|OHKO Clause: OHKO moves are banned\n|rule|Evasion Moves Clause: Evasion moves are banned\n|rule|Gravity Sleep Clause: The combination of sleep-inducing moves with imperfect accuracy and Gravity or Gigantamax Orbeetle are banned\n|rule|Endless Battle Clause: Forcing endless battles is banned\n|rule|HP Percentage Mod: HP is shown in percentages\n|clearpoke\n|poke|p1|Poliwrath, M|\n|poke|p1|Pelipper, F|\n|poke|p1|Basculegion-F, F|\n|poke|p1|Zapdos|\n|poke|p1|Landorus-Therian, M|\n|poke|p1|Tsareena, F|\n|poke|p2|Moltres-Galar|\n|poke|p2|Chien-Pao|\n|poke|p2|Bombirdier, M|\n|poke|p2|Samurott-Hisui, M|\n|poke|p2|Grimmsnarl, M|\n|poke|p2|Mandibuzz, F|\n|teampreview\n|\n|t:|1698086835\n|start\n|switch|p1a: Pelipper|Pelipper, F|100\/100\n|switch|p1b: Poliwrath|Poliwrath, M|100\/100\n|switch|p2a: Samurott|Samurott-Hisui, M|100\/100\n|switch|p2b: Bombirdier|Bombirdier, M|100\/100\n|-weather|RainDance|[from] ability: Drizzle|[of] p1a: Pelipper\n|turn|1\n|c|\u2606bananaszn|mono dark holy\n|\n|t:|1698086855\n|switch|p1a: Zapdos|Zapdos|100\/100\n|-terastallize|p2a: Samurott|Water\n|move|p1b: Poliwrath|Close Combat|p2a: Samurott\n|-damage|p2a: Samurott|0 fnt\n|-unboost|p1b: Poliwrath|def|1\n|-unboost|p1b: Poliwrath|spd|1\n|faint|p2a: Samurott\n|move|p2b: Bombirdier|Rock Blast|p1a: Zapdos\n|-supereffective|p1a: Zapdos\n|-damage|p1a: Zapdos|76\/100\n|-supereffective|p1a: Zapdos\n|-damage|p1a: Zapdos|52\/100\n|-hitcount|p1a: Zapdos|2\n|\n|-weather|RainDance|[upkeep]\n|upkeep\n|\n|t:|1698086882\n|switch|p2a: Grimmsnarl|Grimmsnarl, M|100\/100\n|turn|2\n|\n|t:|1698086893\n|move|p2a: Grimmsnarl|Reflect|p2a: Grimmsnarl\n|-sidestart|p2: nsvda|Reflect\n|move|p1b: Poliwrath|Close Combat|p2a: Grimmsnarl\n|-damage|p2a: Grimmsnarl|33\/100\n|-unboost|p1b: Poliwrath|def|1\n|-unboost|p1b: Poliwrath|spd|1\n|move|p2b: Bombirdier|Rock Blast|p1a: Zapdos\n|-supereffective|p1a: Zapdos\n|-damage|p1a: Zapdos|28\/100\n|-supereffective|p1a: Zapdos\n|-damage|p1a: Zapdos|4\/100\n|-hitcount|p1a: Zapdos|2\n|move|p1a: Zapdos|Thunder|p2b: Bombirdier\n|-supereffective|p2b: Bombirdier\n|-damage|p2b: Bombirdier|0 fnt\n|faint|p2b: Bombirdier\n|\n|-weather|RainDance|[upkeep]\n|upkeep\n|c|\u2606nsvda|yuh\n|c|\u2606bananaszn|wish i had b break\n|c|\u2606bananaszn|next cc should kill tho so im fine\n|\n|t:|1698086926\n|switch|p2b: Moltres|Moltres-Galar|100\/100\n|turn|3\n|c|\u2606nsvda|i wish i had samurott\n|\n|t:|1698086940\n|move|p2a: Grimmsnarl|Light Screen|p2a: Grimmsnarl\n|-sidestart|p2: nsvda|move: Light Screen\n|move|p1b: Poliwrath|Close Combat|p2a: Grimmsnarl\n|-damage|p2a: Grimmsnarl|0 fnt\n|-unboost|p1b: Poliwrath|def|1\n|-unboost|p1b: Poliwrath|spd|1\n|faint|p2a: Grimmsnarl\n|move|p2b: Moltres|Fiery Wrath|p1b: Poliwrath|[spread] p1a,p1b\n|-resisted|p1b: Poliwrath\n|-damage|p1a: Zapdos|0 fnt\n|-damage|p1b: Poliwrath|42\/100\n|faint|p1a: Zapdos\n|\n|-weather|RainDance|[upkeep]\n|upkeep\n|\n|t:|1698086986\n|switch|p1a: Basculegion|Basculegion-F, F|100\/100\n|switch|p2a: Mandibuzz|Mandibuzz, F|100\/100\n|turn|4\n|\n|t:|1698086999\n|-terastallize|p1a: Basculegion|Water\n|move|p1b: Poliwrath|Close Combat|p2b: Moltres\n|-crit|p2b: Moltres\n|-damage|p2b: Moltres|0 fnt\n|-unboost|p1b: Poliwrath|def|1\n|-unboost|p1b: Poliwrath|spd|1\n|faint|p2b: Moltres\n|move|p2a: Mandibuzz|Tailwind|p2a: Mandibuzz\n|-sidestart|p2: nsvda|move: Tailwind\n|move|p1a: Basculegion|Ice Beam|p2a: Mandibuzz\n|-supereffective|p2a: Mandibuzz\n|-damage|p2a: Mandibuzz|77\/100\n|\n|-weather|RainDance|[upkeep]\n|-heal|p2a: Mandibuzz|83\/100|[from] item: Leftovers\n|upkeep\n|c|\u2606bananaszn|holy crit\n|\n|t:|1698087010\n|switch|p2b: Chien-Pao|Chien-Pao|100\/100\n|-ability|p2b: Chien-Pao|Sword of Ruin\n|turn|5\n|c|\u2606nsvda|this is the worst ive done with this team yet i sware\n|c|\u2606bananaszn|my defense r in the 50s\n|c|\u2606nsvda|im usualy pretty good\n|c|\u2606nsvda|T0T\n|\n|t:|1698087039\n|move|p2b: Chien-Pao|Protect|p2b: Chien-Pao\n|-singleturn|p2b: Chien-Pao|Protect\n|move|p1b: Poliwrath|Close Combat|p2b: Chien-Pao\n|-activate|p2b: Chien-Pao|move: Protect\n|move|p2a: Mandibuzz|Air Slash|p1b: Poliwrath\n|-supereffective|p1b: Poliwrath\n|-damage|p1b: Poliwrath|0 fnt\n|faint|p1b: Poliwrath\n|move|p1a: Basculegion|Ice Beam|p2a: Mandibuzz\n|-supereffective|p2a: Mandibuzz\n|-damage|p2a: Mandibuzz|58\/100\n|\n|-weather|RainDance|[upkeep]\n|-heal|p2a: Mandibuzz|64\/100|[from] item: Leftovers\n|upkeep\n|c|\u2606bananaszn|i still got the dead fish so\n|c|\u2606bananaszn|yikes\n|\n|t:|1698087059\n|switch|p1b: Tsareena|Tsareena, F|100\/100\n|turn|6\n|c|\u2606nsvda|did u rain dance or just drizzle?\n|c|\u2606bananaszn|drizzle\n|c|\u2606bananaszn|damp rock\n|\n|t:|1698087075\n|move|p2b: Chien-Pao|Protect||[still]\n|-fail|p2b: Chien-Pao\n|move|p2a: Mandibuzz|Tailwind||[still]\n|-fail|p2a: Mandibuzz\n|move|p1a: Basculegion|Ice Beam|p2a: Mandibuzz\n|-supereffective|p2a: Mandibuzz\n|-damage|p2a: Mandibuzz|38\/100\n|-status|p2a: Mandibuzz|frz\n|move|p1b: Tsareena|High Jump Kick|p2b: Chien-Pao\n|-supereffective|p2b: Chien-Pao\n|-enditem|p2b: Chien-Pao|Focus Sash\n|-damage|p2b: Chien-Pao|1\/100\n|\n|-weather|RainDance|[upkeep]\n|-heal|p2a: Mandibuzz|44\/100 frz|[from] item: Leftovers\n|upkeep\n|turn|7\n|c|\u2606nsvda|wait\n|c|\u2606bananaszn|HOLY FREEZE\n|c|\u2606nsvda|did i tail wind earlier\n|c|\u2606bananaszn|yes\n|c|\u2606bananaszn|its still up\n|c|\u2606bananaszn|1 more turn\n|c|\u2606nsvda|that was a misclick\n|c|\u2606nsvda|but im glad i did it ig\n|\n|t:|1698087114\n|move|p2b: Chien-Pao|Throat Chop|p1a: Basculegion\n|-damage|p1a: Basculegion|40\/100\n|-start|p1a: Basculegion|Throat Chop|[silent]\n|cant|p2a: Mandibuzz|frz\n|move|p1b: Tsareena|U-turn|p2a: Mandibuzz\n|-damage|p2a: Mandibuzz|25\/100 frz\n|-ability|p2a: Mandibuzz|Weak Armor|boost\n|-unboost|p2a: Mandibuzz|def|1\n|-boost|p2a: Mandibuzz|spe|2\n|\n|t:|1698087123\n|switch|p1b: Landorus|Landorus-Therian, M|100\/100|[from] U-turn\n|-ability|p1b: Landorus|Intimidate|boost\n|-unboost|p2a: Mandibuzz|atk|1\n|-unboost|p2b: Chien-Pao|atk|1\n|move|p1a: Basculegion|Ice Beam|p2b: Chien-Pao\n|-resisted|p2b: Chien-Pao\n|-damage|p2b: Chien-Pao|0 fnt\n|faint|p2b: Chien-Pao\n|\n|-weather|RainDance|[upkeep]\n|-heal|p2a: Mandibuzz|31\/100 frz|[from] item: Leftovers\n|-sideend|p2: nsvda|move: Tailwind\n|upkeep\n|turn|8\n|\n|t:|1698087137\n|cant|p2a: Mandibuzz|frz\n|move|p1b: Landorus|U-turn|p2a: Mandibuzz\n|-damage|p2a: Mandibuzz|9\/100 frz\n|-ability|p2a: Mandibuzz|Weak Armor|boost\n|-unboost|p2a: Mandibuzz|def|1\n|-boost|p2a: Mandibuzz|spe|2\n|\n|t:|1698087145\n|switch|p1b: Tsareena|Tsareena, F|100\/100|[from] U-turn\n|move|p1a: Basculegion|Ice Beam|p2a: Mandibuzz\n|-supereffective|p2a: Mandibuzz\n|-damage|p2a: Mandibuzz|0 fnt\n|faint|p2a: Mandibuzz\n|\n|win|bananaszn\n|raw|bananaszn's rating: 1141 &rarr; <strong>1165<\/strong><br \/>(+24 for winning)\n|raw|nsvda's rating: 1122 &rarr; <strong>1098<\/strong><br \/>(-24 for losing)\n|c|\u2606bananaszn|gg\n|c|\u2606nsvda|gg\n|l|\u2606nsvda\n|c|\u2606bananaszn|unlucky matchup\n","uploadtime":1698087161,"views":14,"p1id":"bananaszn","p2id":"nsvda","formatid":"gen9doublesou","rating":1098,"private":0,"password":""}