{"id":"gen9doublesou-1973609546","p1":"Slwshie","p2":"blueslushpop","format":"[Gen 9] Doubles OU","log":"|j|\u2606Slwshie\n|j|\u2606blueslushpop\n|t:|1697995820\n|gametype|doubles\n|player|p1|Slwshie|169|1077\n|player|p2|blueslushpop|102|1000\n|teamsize|p1|6\n|teamsize|p2|6\n|gen|9\n|tier|[Gen 9] Doubles OU\n|rated|\n|rule|Species Clause: Limit one of each Pok\u00e9mon\n|rule|OHKO Clause: OHKO moves are banned\n|rule|Evasion Moves Clause: Evasion moves are banned\n|rule|Gravity Sleep Clause: The combination of sleep-inducing moves with imperfect accuracy and Gravity or Gigantamax Orbeetle are banned\n|rule|Endless Battle Clause: Forcing endless battles is banned\n|rule|HP Percentage Mod: HP is shown in percentages\n|clearpoke\n|poke|p1|Flutter Mane|\n|poke|p1|Murkrow, M|\n|poke|p1|Grimmsnarl, M|\n|poke|p1|Ursaluna-Bloodmoon, M|\n|poke|p1|Cresselia, F|\n|poke|p1|Torkoal, F|\n|poke|p2|Lurantis, F|\n|poke|p2|Hatterene, F|\n|poke|p2|Lilligant-Hisui, F|\n|poke|p2|Diancie|\n|poke|p2|Torkoal, F|\n|poke|p2|Cresselia, F|\n|teampreview\n|inactive|Battle timer is ON: inactive players will automatically lose when time's up. (requested by Slwshie)\n|\n|t:|1697995843\n|start\n|switch|p1a: Murkrow|Murkrow, M|100\/100\n|switch|p1b: Grimmsnarl|Grimmsnarl, M|100\/100\n|switch|p2a: Cresselia|Cresselia, F|100\/100\n|switch|p2b: Torkoal|Torkoal, F|100\/100\n|turn|1\n|\n|t:|1697995855\n|move|p1a: Murkrow|Perish Song|p1a: Murkrow\n|-start|p1a: Murkrow|perish3|[silent]\n|-start|p1b: Grimmsnarl|perish3|[silent]\n|-start|p2a: Cresselia|perish3|[silent]\n|-start|p2b: Torkoal|perish3|[silent]\n|-fieldactivate|move: Perish Song\n|move|p1b: Grimmsnarl|Light Screen|p1b: Grimmsnarl\n|-sidestart|p1: Slwshie|move: Light Screen\n|move|p2a: Cresselia|Light Screen|p2a: Cresselia\n|-sidestart|p2: blueslushpop|move: Light Screen\n|move|p2b: Torkoal|Shell Smash|p2b: Torkoal\n|-unboost|p2b: Torkoal|def|1\n|-unboost|p2b: Torkoal|spd|1\n|-boost|p2b: Torkoal|atk|2\n|-boost|p2b: Torkoal|spa|2\n|-boost|p2b: Torkoal|spe|2\n|\n|-start|p2a: Cresselia|perish3\n|-start|p1a: Murkrow|perish3\n|-start|p1b: Grimmsnarl|perish3\n|-start|p2b: Torkoal|perish3\n|upkeep\n|turn|2\n|inactive|blueslushpop has 120 seconds left.\n|\n|t:|1697995891\n|move|p1a: Murkrow|Tailwind|p1a: Murkrow\n|-sidestart|p1: Slwshie|move: Tailwind\n|move|p1b: Grimmsnarl|Reflect|p1b: Grimmsnarl\n|-sidestart|p1: Slwshie|Reflect\n|move|p2a: Cresselia|Lunar Blessing||[still]|[spread] \n|-fail|p2a: Cresselia\n|move|p2b: Torkoal|Heat Wave|p1b: Grimmsnarl|[spread] p1a,p1b\n|-damage|p1a: Murkrow|48\/100\n|-damage|p1b: Grimmsnarl|57\/100\n|\n|-start|p1a: Murkrow|perish2\n|-start|p1b: Grimmsnarl|perish2\n|-start|p2a: Cresselia|perish2\n|-start|p2b: Torkoal|perish2\n|upkeep\n|turn|3\n|inactive|Slwshie has 120 seconds left.\n|c|\u2606blueslushpop|ya messed up\n|\n|t:|1697995926\n|switch|p1b: Ursaluna|Ursaluna-Bloodmoon, M|100\/100\n|move|p2a: Cresselia|Helping Hand|p2b: Torkoal\n|-singleturn|p2b: Torkoal|Helping Hand|[of] p2a: Cresselia\n|move|p1a: Murkrow|U-turn|p2b: Torkoal\n|-resisted|p2b: Torkoal\n|-damage|p2b: Torkoal|93\/100\n|\n|t:|1697995936\n|switch|p1a: Torkoal|Torkoal, F|100\/100|[from] U-turn\n|-weather|SunnyDay|[from] ability: Drought|[of] p1a: Torkoal\n|move|p2b: Torkoal|Heat Wave|p1b: Ursaluna|[spread] p1a,p1b\n|-resisted|p1a: Torkoal\n|-damage|p1a: Torkoal|37\/100\n|-damage|p1b: Ursaluna|0 fnt\n|faint|p1b: Ursaluna\n|\n|-weather|SunnyDay|[upkeep]\n|-start|p2a: Cresselia|perish1\n|-start|p2b: Torkoal|perish1\n|upkeep\n|\n|t:|1697995951\n|switch|p1b: Murkrow|Murkrow, M|48\/100\n|turn|4\n|\n|t:|1697995964\n|switch|p2a: Diancie|Diancie|100\/100\n|switch|p2b: Hatterene|Hatterene, F|100\/100\n|move|p1b: Murkrow|Tailwind||[still]\n|-fail|p1b: Murkrow\n|move|p1a: Torkoal|Stealth Rock|p2a: Diancie\n|-sidestart|p2: blueslushpop|move: Stealth Rock\n|\n|-weather|SunnyDay|[upkeep]\n|upkeep\n|turn|5\n|\n|t:|1697995981\n|move|p1b: Murkrow|Perish Song|p1b: Murkrow\n|-start|p1a: Torkoal|perish3|[silent]\n|-start|p1b: Murkrow|perish3|[silent]\n|-start|p2a: Diancie|perish3|[silent]\n|-start|p2b: Hatterene|perish3|[silent]\n|-fieldactivate|move: Perish Song\n|move|p1a: Torkoal|Solar Beam||[still]\n|-prepare|p1a: Torkoal|Solar Beam\n|-anim|p1a: Torkoal|Solar Beam|p2a: Diancie\n|-supereffective|p2a: Diancie\n|-damage|p2a: Diancie|58\/100\n|move|p2a: Diancie|Diamond Storm|p1b: Murkrow|[spread] p1a,p1b\n|-supereffective|p1a: Torkoal\n|-crit|p1a: Torkoal\n|-supereffective|p1b: Murkrow\n|-damage|p1a: Torkoal|0 fnt\n|-damage|p1b: Murkrow|0 fnt\n|faint|p1a: Torkoal\n|faint|p1b: Murkrow\n|move|p2b: Hatterene|Calm Mind|p2b: Hatterene\n|-boost|p2b: Hatterene|spa|1\n|-boost|p2b: Hatterene|spd|1\n|\n|-weather|SunnyDay|[upkeep]\n|-start|p2a: Diancie|perish3\n|-start|p2b: Hatterene|perish3\n|-sideend|p1: Slwshie|move: Tailwind\n|upkeep\n|\n|t:|1697996001\n|switch|p1b: Flutter Mane|Flutter Mane|100\/100\n|switch|p1a: Cresselia|Cresselia, F|100\/100\n|-activate|p1b: Flutter Mane|ability: Protosynthesis\n|-start|p1b: Flutter Mane|protosynthesisspe\n|turn|6\n|\n|t:|1697996028\n|move|p1b: Flutter Mane|Calm Mind|p1b: Flutter Mane\n|-boost|p1b: Flutter Mane|spa|1\n|-boost|p1b: Flutter Mane|spd|1\n|move|p1a: Cresselia|Lunar Blessing||[still]|[spread] \n|-fail|p1a: Cresselia\n|move|p2a: Diancie|Diamond Storm|p1b: Flutter Mane|[spread] p1a,p1b\n|-damage|p1a: Cresselia|82\/100\n|-damage|p1b: Flutter Mane|43\/100\n|-boost|p2a: Diancie|def|2\n|move|p2b: Hatterene|Dazzling Gleam|p1a: Cresselia|[spread] p1a,p1b\n|-damage|p1a: Cresselia|62\/100\n|-damage|p1b: Flutter Mane|20\/100\n|\n|-weather|SunnyDay|[upkeep]\n|-start|p2a: Diancie|perish2\n|-start|p2b: Hatterene|perish2\n|upkeep\n|turn|7\n|\n|t:|1697996046\n|move|p1b: Flutter Mane|Dazzling Gleam|p2b: Hatterene|[spread] p2a,p2b\n|-damage|p2a: Diancie|22\/100\n|-damage|p2b: Hatterene|64\/100\n|-damage|p1b: Flutter Mane|10\/100|[from] item: Life Orb\n|move|p1a: Cresselia|Lunar Blessing|p1a: Cresselia|[spread] p1a,p1b\n|-heal|p1a: Cresselia|87\/100\n|-heal|p1b: Flutter Mane|35\/100\n|move|p2a: Diancie|Diamond Storm|p1b: Flutter Mane|[spread] p1a,p1b\n|-damage|p1a: Cresselia|70\/100\n|-damage|p1b: Flutter Mane|0 fnt\n|faint|p1b: Flutter Mane\n|-end|p1b: Flutter Mane|Protosynthesis|[silent]\n|move|p2b: Hatterene|Dazzling Gleam|p1a: Cresselia\n|-crit|p1a: Cresselia\n|-damage|p1a: Cresselia|9\/100\n|\n|-weather|none\n|-start|p2a: Diancie|perish1\n|-start|p2b: Hatterene|perish1\n|upkeep\n|\n|t:|1697996063\n|switch|p1b: Grimmsnarl|Grimmsnarl, M|57\/100\n|turn|8\n|\n|t:|1697996071\n|switch|p2a: Torkoal|Torkoal, F|93\/100\n|-damage|p2a: Torkoal|68\/100|[from] Stealth Rock\n|switch|p2b: Cresselia|Cresselia, F|100\/100\n|-damage|p2b: Cresselia|88\/100|[from] Stealth Rock\n|move|p1a: Cresselia|Lunar Blessing|p1a: Cresselia|[spread] p1a,p1b\n|-heal|p1a: Cresselia|34\/100\n|-heal|p1b: Grimmsnarl|82\/100\n|move|p1b: Grimmsnarl|Dark Pulse|p2a: Torkoal\n|-damage|p2a: Torkoal|43\/100\n|\n|-sideend|p2: blueslushpop|move: Light Screen\n|-sideend|p1: Slwshie|move: Light Screen\n|upkeep\n|turn|9\n|\n|t:|1697996089\n|move|p2b: Cresselia|Helping Hand|p2a: Torkoal\n|-singleturn|p2a: Torkoal|Helping Hand|[of] p2b: Cresselia\n|move|p1a: Cresselia|Lunar Blessing|p1a: Cresselia|[spread] p1a,p1b\n|-heal|p1a: Cresselia|59\/100\n|-heal|p1b: Grimmsnarl|100\/100\n|move|p1b: Grimmsnarl|Dark Pulse|p2a: Torkoal\n|-damage|p2a: Torkoal|10\/100\n|move|p2a: Torkoal|Heat Wave|p1a: Cresselia|[spread] p1a,p1b\n|-damage|p1a: Cresselia|29\/100\n|-damage|p1b: Grimmsnarl|54\/100\n|\n|-sideend|p1: Slwshie|Reflect\n|upkeep\n|turn|10\n|\n|t:|1697996110\n|switch|p2a: Lurantis|Lurantis, F, shiny|100\/100\n|-damage|p2a: Lurantis|88\/100|[from] Stealth Rock\n|move|p2b: Cresselia|Psybeam|p1a: Cresselia\n|-resisted|p1a: Cresselia\n|-damage|p1a: Cresselia|23\/100\n|move|p1a: Cresselia|Lunar Blessing|p1a: Cresselia|[spread] p1a,p1b\n|-heal|p1a: Cresselia|48\/100\n|-heal|p1b: Grimmsnarl|79\/100\n|move|p1b: Grimmsnarl|Dark Pulse|p2a: Lurantis\n|-damage|p2a: Lurantis|56\/100\n|\n|upkeep\n|turn|11\n|\n|t:|1697996131\n|move|p2b: Cresselia|Lunar Blessing|p2b: Cresselia|[spread] p2a,p2b\n|-heal|p2a: Lurantis|80\/100\n|-heal|p2b: Cresselia|100\/100\n|move|p1a: Cresselia|Lunar Blessing|p1a: Cresselia|[spread] p1a,p1b\n|-heal|p1a: Cresselia|73\/100\n|-heal|p1b: Grimmsnarl|100\/100\n|move|p1b: Grimmsnarl|Dark Pulse|p2a: Lurantis\n|-damage|p2a: Lurantis|50\/100\n|cant|p2a: Lurantis|flinch\n|\n|upkeep\n|turn|12\n|\n|t:|1697996148\n|move|p2b: Cresselia|Lunar Blessing|p2b: Cresselia|[spread] p2a,p2b\n|-heal|p2a: Lurantis|75\/100\n|move|p1a: Cresselia|Shadow Ball|p2a: Lurantis\n|-damage|p2a: Lurantis|59\/100\n|move|p1b: Grimmsnarl|Dark Pulse|p2a: Lurantis\n|-damage|p2a: Lurantis|27\/100\n|cant|p2a: Lurantis|flinch\n|\n|upkeep\n|turn|13\n|\n|t:|1697996165\n|move|p2b: Cresselia|Lunar Blessing|p2b: Cresselia|[spread] p2a,p2b\n|-heal|p2a: Lurantis|52\/100\n|move|p1a: Cresselia|Shadow Ball|p2b: Cresselia\n|-supereffective|p2b: Cresselia\n|-damage|p2b: Cresselia|82\/100\n|move|p1b: Grimmsnarl|Dark Pulse|p2a: Lurantis\n|-damage|p2a: Lurantis|24\/100\n|move|p2a: Lurantis|Swords Dance|p2a: Lurantis\n|-boost|p2a: Lurantis|atk|2\n|\n|upkeep\n|turn|14\n|\n|t:|1697996189\n|-terastallize|p2a: Lurantis|Ground\n|move|p2b: Cresselia|Lunar Blessing|p2b: Cresselia|[spread] p2a,p2b\n|-heal|p2a: Lurantis|49\/100\n|-heal|p2b: Cresselia|100\/100\n|move|p1a: Cresselia|Shadow Ball|p2a: Lurantis\n|-damage|p2a: Lurantis|32\/100\n|move|p1b: Grimmsnarl|Dark Pulse|p2a: Lurantis\n|-damage|p2a: Lurantis|0 fnt\n|faint|p2a: Lurantis\n|\n|upkeep\n|inactive|blueslushpop has 120 seconds left.\n|\n|t:|1697996204\n|switch|p2a: Lilligant|Lilligant-Hisui, F|100\/100\n|-damage|p2a: Lilligant|94\/100|[from] Stealth Rock\n|turn|15\n|inactive|blueslushpop has 120 seconds left.\n|\n|t:|1697996237\n|move|p2a: Lilligant|Victory Dance|p2a: Lilligant\n|-boost|p2a: Lilligant|atk|1\n|-boost|p2a: Lilligant|def|1\n|-boost|p2a: Lilligant|spe|1\n|move|p2b: Cresselia|Psybeam|p1b: Grimmsnarl\n|-immune|p1b: Grimmsnarl\n|move|p1a: Cresselia|Shadow Ball|p2a: Lilligant\n|-damage|p2a: Lilligant|71\/100\n|move|p1b: Grimmsnarl|Dark Pulse|p2a: Lilligant\n|-resisted|p2a: Lilligant\n|-damage|p2a: Lilligant|51\/100\n|\n|upkeep\n|turn|16\n|\n|t:|1697996262\n|move|p2a: Lilligant|Axe Kick|p1b: Grimmsnarl\n|-damage|p1b: Grimmsnarl|0 fnt\n|faint|p1b: Grimmsnarl\n|move|p2b: Cresselia|Lunar Blessing|p2b: Cresselia|[spread] p2a,p2b\n|-heal|p2a: Lilligant|76\/100\n|move|p1a: Cresselia|Lunar Blessing|p1a: Cresselia\n|-heal|p1a: Cresselia|98\/100\n|\n|upkeep\n|turn|17\n|inactive|blueslushpop has 120 seconds left.\n|\n|t:|1697996293\n|move|p2a: Lilligant|Solar Blade||[still]\n|-prepare|p2a: Lilligant|Solar Blade\n|move|p2b: Cresselia|Psybeam|p1a: Cresselia\n|-resisted|p1a: Cresselia\n|-damage|p1a: Cresselia|93\/100\n|move|p1a: Cresselia|Moonblast|p2a: Lilligant\n|-supereffective|p2a: Lilligant\n|-damage|p2a: Lilligant|19\/100\n|\n|upkeep\n|turn|18\n|\n|t:|1697996311\n|move|p2b: Cresselia|Helping Hand|p2a: Lilligant\n|-singleturn|p2a: Lilligant|Helping Hand|[of] p2b: Cresselia\n|move|p2a: Lilligant|Solar Blade|p1a: Cresselia|[from]lockedmove|[miss]\n|-miss|p2a: Lilligant|p1a: Cresselia\n|move|p1a: Cresselia|Moonblast|p2a: Lilligant\n|-supereffective|p2a: Lilligant\n|-damage|p2a: Lilligant|0 fnt\n|faint|p2a: Lilligant\n|\n|upkeep\n|\n|t:|1697996331\n|switch|p2a: Hatterene|Hatterene, F|64\/100\n|-damage|p2a: Hatterene|51\/100|[from] Stealth Rock\n|turn|19\n|\n|t:|1697996341\n|move|p2b: Cresselia|Helping Hand|p2a: Hatterene\n|-singleturn|p2a: Hatterene|Helping Hand|[of] p2b: Cresselia\n|move|p1a: Cresselia|Shadow Ball|p2a: Hatterene\n|-supereffective|p2a: Hatterene\n|-damage|p2a: Hatterene|15\/100\n|move|p2a: Hatterene|Dazzling Gleam|p1a: Cresselia\n|-damage|p1a: Cresselia|52\/100\n|\n|upkeep\n|turn|20\n|\n|t:|1697996360\n|move|p2b: Cresselia|Helping Hand|p2a: Hatterene\n|-singleturn|p2a: Hatterene|Helping Hand|[of] p2b: Cresselia\n|move|p1a: Cresselia|Shadow Ball|p2a: Hatterene\n|-supereffective|p2a: Hatterene\n|-damage|p2a: Hatterene|0 fnt\n|faint|p2a: Hatterene\n|\n|upkeep\n|\n|t:|1697996369\n|switch|p2a: Diancie|Diancie|22\/100\n|-damage|p2a: Diancie|9\/100|[from] Stealth Rock\n|turn|21\n|\n|t:|1697996376\n|move|p2b: Cresselia|Psybeam|p1a: Cresselia\n|-resisted|p1a: Cresselia\n|-damage|p1a: Cresselia|47\/100\n|move|p1a: Cresselia|Shadow Ball|p2a: Diancie\n|-damage|p2a: Diancie|0 fnt\n|faint|p2a: Diancie\n|\n|upkeep\n|\n|t:|1697996383\n|switch|p2a: Torkoal|Torkoal, F|10\/100\n|-damage|p2a: Torkoal|0 fnt|[from] Stealth Rock\n|faint|p2a: Torkoal\n|turn|22\n|\n|t:|1697996405\n|move|p2b: Cresselia|Light Screen|p2b: Cresselia\n|-sidestart|p2: blueslushpop|move: Light Screen\n|move|p1a: Cresselia|Shadow Ball|p2b: Cresselia\n|-supereffective|p2b: Cresselia\n|-damage|p2b: Cresselia|88\/100\n|-unboost|p2b: Cresselia|spd|1\n|\n|upkeep\n|turn|23\n|\n|t:|1697996421\n|move|p2b: Cresselia|Psybeam|p1a: Cresselia\n|-resisted|p1a: Cresselia\n|-damage|p1a: Cresselia|41\/100\n|move|p1a: Cresselia|Lunar Blessing|p1a: Cresselia\n|-heal|p1a: Cresselia|66\/100\n|\n|upkeep\n|turn|24\n|\n|t:|1697996431\n|move|p2b: Cresselia|Psybeam|p1a: Cresselia\n|-resisted|p1a: Cresselia\n|-damage|p1a: Cresselia|61\/100\n|-start|p1a: Cresselia|confusion\n|-activate|p1a: Cresselia|confusion\n|move|p1a: Cresselia|Shadow Ball|p2b: Cresselia\n|-supereffective|p2b: Cresselia\n|-damage|p2b: Cresselia|69\/100\n|-unboost|p2b: Cresselia|spd|1\n|\n|upkeep\n|turn|25\n|\n|t:|1697996443\n|move|p2b: Cresselia|Psybeam|p1a: Cresselia\n|-resisted|p1a: Cresselia\n|-damage|p1a: Cresselia|55\/100\n|-activate|p1a: Cresselia|confusion\n|-damage|p1a: Cresselia|51\/100|[from] confusion\n|\n|upkeep\n|turn|26\n|\n|t:|1697996461\n|move|p2b: Cresselia|Psybeam|p1a: Cresselia\n|-resisted|p1a: Cresselia\n|-damage|p1a: Cresselia|46\/100\n|-end|p1a: Cresselia|confusion\n|move|p1a: Cresselia|Shadow Ball|p2b: Cresselia\n|-supereffective|p2b: Cresselia\n|-damage|p2b: Cresselia|42\/100\n|\n|upkeep\n|turn|27\n|\n|t:|1697996471\n|move|p2b: Cresselia|Lunar Blessing|p2b: Cresselia\n|-heal|p2b: Cresselia|67\/100\n|move|p1a: Cresselia|Shadow Ball|p2b: Cresselia\n|-supereffective|p2b: Cresselia\n|-damage|p2b: Cresselia|42\/100\n|\n|upkeep\n|turn|28\n|\n|t:|1697996480\n|move|p2b: Cresselia|Psybeam|p1a: Cresselia\n|-resisted|p1a: Cresselia\n|-damage|p1a: Cresselia|40\/100\n|-start|p1a: Cresselia|confusion\n|-activate|p1a: Cresselia|confusion\n|move|p1a: Cresselia|Shadow Ball|p2b: Cresselia\n|-supereffective|p2b: Cresselia\n|-damage|p2b: Cresselia|15\/100\n|\n|upkeep\n|turn|29\n|\n|t:|1697996489\n|move|p2b: Cresselia|Lunar Blessing|p2b: Cresselia\n|-heal|p2b: Cresselia|40\/100\n|-activate|p1a: Cresselia|confusion\n|move|p1a: Cresselia|Shadow Ball|p2b: Cresselia\n|-supereffective|p2b: Cresselia\n|-damage|p2b: Cresselia|13\/100\n|\n|-sideend|p2: blueslushpop|move: Light Screen\n|upkeep\n|turn|30\n|\n|t:|1697996509\n|move|p2b: Cresselia|Psybeam|p1a: Cresselia\n|-resisted|p1a: Cresselia\n|-damage|p1a: Cresselia|35\/100\n|-end|p1a: Cresselia|confusion\n|move|p1a: Cresselia|Shadow Ball|p2b: Cresselia\n|-supereffective|p2b: Cresselia\n|-damage|p2b: Cresselia|0 fnt\n|faint|p2b: Cresselia\n|\n|win|Slwshie\n|raw|Slwshie's rating: 1077 &rarr; <strong>1099<\/strong><br \/>(+22 for winning)\n|raw|blueslushpop's rating: 1000 &rarr; <strong>1000<\/strong><br \/>(+0 for losing)\n|l|\u2606blueslushpop\n|c|\u2606Slwshie|ggs\n","uploadtime":1697996541,"views":14,"p1id":"slwshie","p2id":"blueslushpop","formatid":"gen9doublesou","rating":1000,"private":0,"password":""}