{"id":"gen9doublesou-1976792861","p1":"Zacozolt","p2":"TwyZZ0Rie","format":"[Gen 9] Doubles OU","log":"|j|\u2606Zacozolt\n|j|\u2606TwyZZ0Rie\n|t:|1698341777\n|gametype|doubles\n|player|p1|Zacozolt|fisherman-gen4|1099\n|player|p2|TwyZZ0Rie|101|1000\n|teamsize|p1|6\n|teamsize|p2|6\n|gen|9\n|tier|[Gen 9] Doubles OU\n|rated|\n|rule|Species Clause: Limit one of each Pok\u00e9mon\n|rule|OHKO Clause: OHKO moves are banned\n|rule|Evasion Moves Clause: Evasion moves are banned\n|rule|Gravity Sleep Clause: The combination of sleep-inducing moves with imperfect accuracy and Gravity or Gigantamax Orbeetle are banned\n|rule|Endless Battle Clause: Forcing endless battles is banned\n|rule|HP Percentage Mod: HP is shown in percentages\n|clearpoke\n|poke|p1|Torterra, M|\n|poke|p1|Murkrow, M|\n|poke|p1|Clefable, F|\n|poke|p1|Espathra, M|\n|poke|p1|Manaphy|\n|poke|p1|Bisharp, M|\n|poke|p2|Dragapult, M|\n|poke|p2|Rillaboom, F|\n|poke|p2|Iron Hands|\n|poke|p2|Flutter Mane|\n|poke|p2|Torkoal, M|\n|poke|p2|Ogerpon-Hearthflame, F|\n|teampreview\n|\n|t:|1698341819\n|start\n|switch|p1a: Torterra|Torterra, M|100\/100\n|switch|p1b: Murkrow|Murkrow, M|100\/100\n|switch|p2a: Ferarri|Rillaboom, F, shiny|100\/100\n|switch|p2b: Benz|Iron Hands|100\/100\n|-fieldstart|move: Grassy Terrain|[from] ability: Grassy Surge|[of] p2a: Ferarri\n|turn|1\n|\n|t:|1698341834\n|move|p2a: Ferarri|Fake Out|p1b: Murkrow\n|-damage|p1b: Murkrow|82\/100\n|move|p2b: Benz|Fake Out|p1a: Torterra\n|-damage|p1a: Torterra|85\/100\n|cant|p1b: Murkrow|flinch\n|cant|p1a: Torterra|flinch\n|\n|-heal|p1a: Torterra|91\/100|[from] Grassy Terrain\n|upkeep\n|turn|2\n|\n|t:|1698341846\n|move|p1b: Murkrow|Taunt|p2b: Benz\n|-start|p2b: Benz|move: Taunt\n|move|p1a: Torterra|Shell Smash|p1a: Torterra\n|-unboost|p1a: Torterra|def|1\n|-unboost|p1a: Torterra|spd|1\n|-boost|p1a: Torterra|atk|2\n|-boost|p1a: Torterra|spa|2\n|-boost|p1a: Torterra|spe|2\n|move|p2a: Ferarri|U-turn|p1a: Torterra\n|-supereffective|p1a: Torterra\n|-damage|p1a: Torterra|27\/100\n|\n|t:|1698341859\n|switch|p2a: MBM|Torkoal, M|100\/100|[from] U-turn\n|-weather|SunnyDay|[from] ability: Drought|[of] p2a: MBM\n|move|p2b: Benz|Drain Punch|p1b: Murkrow\n|-damage|p1b: Murkrow|28\/100\n|\n|-weather|SunnyDay|[upkeep]\n|-heal|p1a: Torterra|33\/100|[from] Grassy Terrain\n|upkeep\n|turn|3\n|\n|t:|1698341878\n|move|p1b: Murkrow|Tailwind|p1b: Murkrow\n|-sidestart|p1: Zacozolt|move: Tailwind\n|move|p1a: Torterra|Earthquake|p2a: MBM|[spread] p2a,p2b\n|-immune|p1b: Murkrow\n|-supereffective|p2a: MBM\n|-supereffective|p2b: Benz\n|-damage|p2a: MBM|45\/100\n|-damage|p2b: Benz|55\/100\n|move|p2b: Benz|Thunderbolt|p1b: Murkrow\n|-supereffective|p1b: Murkrow\n|-damage|p1b: Murkrow|1\/100\n|move|p2a: MBM|Eruption|p1a: Torterra|[spread] p1a,p1b\n|-supereffective|p1a: Torterra\n|-damage|p1a: Torterra|0 fnt\n|-damage|p1b: Murkrow|0 fnt\n|faint|p1a: Torterra\n|faint|p1b: Murkrow\n|\n|-weather|SunnyDay|[upkeep]\n|-heal|p2b: Benz|61\/100|[from] Grassy Terrain\n|-heal|p2a: MBM|51\/100|[from] Grassy Terrain\n|upkeep\n|\n|t:|1698341920\n|switch|p1b: Manaphy|Manaphy|100\/100\n|switch|p1a: Clefable|Clefable, F|100\/100\n|turn|4\n|\n|t:|1698341937\n|move|p1a: Clefable|Follow Me|p1a: Clefable\n|-singleturn|p1a: Clefable|move: Follow Me\n|move|p1b: Manaphy|Tail Glow|p1b: Manaphy\n|-boost|p1b: Manaphy|spa|3\n|move|p2b: Benz|Heavy Slam|p1a: Clefable\n|-supereffective|p1a: Clefable\n|-damage|p1a: Clefable|14\/100\n|move|p2a: MBM|Solar Beam||[still]\n|-prepare|p2a: MBM|Solar Beam\n|-anim|p2a: MBM|Solar Beam|p1a: Clefable\n|-crit|p1a: Clefable\n|-damage|p1a: Clefable|0 fnt\n|faint|p1a: Clefable\n|\n|-weather|SunnyDay|[upkeep]\n|-heal|p2b: Benz|67\/100|[from] Grassy Terrain\n|-heal|p2a: MBM|57\/100|[from] Grassy Terrain\n|-end|p2b: Benz|move: Taunt\n|upkeep\n|\n|t:|1698341954\n|switch|p1a: Espathra|Espathra, M|100\/100\n|turn|5\n|inactive|Battle timer is ON: inactive players will automatically lose when time's up. (requested by Zacozolt)\n|\n|t:|1698342009\n|-end|p2b: Benz|Quark Drive|[silent]\n|switch|p2b: France|Dragapult, M|100\/100\n|move|p1a: Espathra|Ally Switch|p1a: Espathra\n|swap|p1a: Espathra|1|[from] move: Ally Switch\n|move|p1a: Manaphy|Scald|p2b: France\n|-resisted|p2b: France\n|-damage|p2b: France|67\/100\n|move|p2a: MBM|Solar Beam||[still]\n|-prepare|p2a: MBM|Solar Beam\n|-anim|p2a: MBM|Solar Beam|p1b: Espathra\n|-damage|p1b: Espathra|37\/100\n|\n|-weather|SunnyDay|[upkeep]\n|-heal|p1b: Espathra|43\/100|[from] Grassy Terrain\n|-heal|p1b: Espathra|49\/100|[from] item: Leftovers\n|-heal|p2b: France|73\/100|[from] Grassy Terrain\n|-heal|p2a: MBM|63\/100|[from] Grassy Terrain\n|-fieldend|move: Grassy Terrain\n|-ability|p1b: Espathra|Speed Boost|boost\n|-boost|p1b: Espathra|spe|1\n|upkeep\n|turn|6\n|\n|t:|1698342032\n|move|p1b: Espathra|Protect||[still]\n|-fail|p1b: Espathra\n|move|p2a: MBM|Protect|p2a: MBM\n|-singleturn|p2a: MBM|Protect\n|move|p1a: Manaphy|Scald|p2a: MBM\n|-activate|p2a: MBM|move: Protect\n|move|p2b: France|Draco Meteor|p1a: Manaphy\n|-damage|p1a: Manaphy|29\/100\n|-unboost|p2b: France|spa|2\n|\n|-weather|none\n|-heal|p1b: Espathra|56\/100|[from] item: Leftovers\n|-heal|p1a: Manaphy|35\/100|[from] item: Leftovers\n|-sideend|p1: Zacozolt|move: Tailwind\n|-ability|p1b: Espathra|Speed Boost|boost\n|-boost|p1b: Espathra|spe|1\n|upkeep\n|turn|7\n|inactive|Zacozolt has 120 seconds left.\n|\n|t:|1698342070\n|switch|p2a: Benz|Iron Hands|67\/100\n|move|p1b: Espathra|Protect|p1b: Espathra\n|-singleturn|p1b: Espathra|Protect\n|move|p2b: France|Draco Meteor|p1b: Espathra\n|-activate|p1b: Espathra|move: Protect\n|move|p1a: Manaphy|Scald|p2a: Benz\n|-damage|p2a: Benz|4\/100\n|-enditem|p2a: Benz|Sitrus Berry|[eat]\n|-heal|p2a: Benz|29\/100|[from] item: Sitrus Berry\n|\n|-heal|p1b: Espathra|62\/100|[from] item: Leftovers\n|-heal|p1a: Manaphy|41\/100|[from] item: Leftovers\n|-ability|p1b: Espathra|Speed Boost|boost\n|-boost|p1b: Espathra|spe|1\n|upkeep\n|turn|8\n|inactive|Zacozolt has 120 seconds left.\n|\n|t:|1698342090\n|move|p2a: Benz|Fake Out|p1a: Manaphy\n|-damage|p1a: Manaphy|29\/100\n|move|p1b: Espathra|Dazzling Gleam|p2a: Benz|[spread] p2a,p2b\n|-supereffective|p2a: Benz\n|-supereffective|p2b: France\n|-damage|p2a: Benz|11\/100\n|-damage|p2b: France|34\/100\n|move|p2b: France|Draco Meteor|p1a: Manaphy\n|-damage|p1a: Manaphy|0 fnt\n|-unboost|p2b: France|spa|2\n|faint|p1a: Manaphy\n|\n|-heal|p1b: Espathra|68\/100|[from] item: Leftovers\n|-ability|p1b: Espathra|Speed Boost|boost\n|-boost|p1b: Espathra|spe|1\n|upkeep\n|inactive|Zacozolt has 120 seconds left.\n|\n|t:|1698342104\n|switch|p1a: Bisharp|Bisharp, M, shiny|100\/100\n|turn|9\n|\n|t:|1698342121\n|move|p1a: Bisharp|Sucker Punch|p2a: Benz\n|-resisted|p2a: Benz\n|-damage|p2a: Benz|0 fnt\n|faint|p2a: Benz\n|-end|p2a: Benz|Quark Drive|[silent]\n|move|p1b: Espathra|Skill Swap|p1a: Bisharp\n|-activate|p1b: Espathra|move: Skill Swap|||[of] p1a: Bisharp\n|move|p2b: France|Draco Meteor|p1b: Espathra\n|-damage|p1b: Espathra|32\/100\n|-unboost|p2b: France|spa|2\n|\n|-heal|p1b: Espathra|38\/100|[from] item: Leftovers\n|-ability|p1a: Bisharp|Speed Boost|boost\n|-boost|p1a: Bisharp|spe|1\n|upkeep\n|\n|t:|1698342133\n|switch|p2a: MBM|Torkoal, M|63\/100\n|-weather|SunnyDay|[from] ability: Drought|[of] p2a: MBM\n|turn|10\n|inactive|TwyZZ0Rie has 120 seconds left.\n|inactive|TwyZZ0Rie has 90 seconds left.\n|\n|t:|1698342200\n|switch|p2b: Steady|Ogerpon-Hearthflame, F|100\/100\n|-ability|p2b: Steady|Mold Breaker\n|-terastallize|p1a: Bisharp|Ghost\n|move|p1a: Bisharp|Sucker Punch|p2a: MBM\n|-damage|p2a: MBM|35\/100\n|move|p1b: Espathra|Dazzling Gleam|p2b: Steady|[spread] p2a,p2b\n|-resisted|p2a: MBM\n|-resisted|p2b: Steady\n|-damage|p2a: MBM|26\/100\n|-damage|p2b: Steady|92\/100\n|move|p2a: MBM|Eruption|p1b: Espathra|[spread] p1a,p1b\n|-damage|p1a: Bisharp|80\/100\n|-damage|p1b: Espathra|11\/100\n|\n|-weather|SunnyDay|[upkeep]\n|-heal|p1b: Espathra|17\/100|[from] item: Leftovers\n|-ability|p1a: Bisharp|Speed Boost|boost\n|-boost|p1a: Bisharp|spe|1\n|upkeep\n|turn|11\n|inactive|Zacozolt has 120 seconds left.\n|\n|t:|1698342232\n|move|p2b: Steady|Spiky Shield|p2b: Steady\n|-singleturn|p2b: Steady|move: Protect\n|move|p1b: Espathra|Ally Switch|p1b: Espathra\n|swap|p1b: Espathra|0|[from] move: Ally Switch\n|move|p1b: Bisharp|Swords Dance|p1b: Bisharp\n|-boost|p1b: Bisharp|atk|2\n|move|p2a: MBM|Earth Power|p1b: Bisharp\n|-damage|p1b: Bisharp|56\/100\n|\n|-weather|SunnyDay|[upkeep]\n|-heal|p1a: Espathra|23\/100|[from] item: Leftovers\n|-ability|p1b: Bisharp|Speed Boost|boost\n|-boost|p1b: Bisharp|spe|1\n|upkeep\n|turn|12\n|\n|t:|1698342253\n|move|p1b: Bisharp|Sucker Punch|p2a: MBM\n|-damage|p2a: MBM|0 fnt\n|faint|p2a: MBM\n|move|p1a: Espathra|Dazzling Gleam|p2b: Steady\n|-resisted|p2b: Steady\n|-damage|p2b: Steady|81\/100\n|move|p2b: Steady|U-turn|p1a: Espathra\n|-supereffective|p1a: Espathra\n|-damage|p1a: Espathra|0 fnt\n|faint|p1a: Espathra\n|\n|t:|1698342266\n|switch|p2b: Japan|Flutter Mane|100\/100|[from] U-turn\n|-activate|p2b: Japan|ability: Protosynthesis\n|-start|p2b: Japan|protosynthesisspa\n|\n|-weather|SunnyDay|[upkeep]\n|-ability|p1b: Bisharp|Speed Boost|boost\n|-boost|p1b: Bisharp|spe|1\n|upkeep\n|\n|t:|1698342276\n|switch|p2a: Ferarri|Rillaboom, F, shiny|100\/100\n|-fieldstart|move: Grassy Terrain|[from] ability: Grassy Surge|[of] p2a: Ferarri\n|turn|13\n|inactive|TwyZZ0Rie has 120 seconds left.\n|\n|t:|1698342284\n|move|p2a: Ferarri|Fake Out|p1b: Bisharp\n|-immune|p1b: Bisharp\n|move|p1b: Bisharp|Sucker Punch|p2b: Japan\n|-damage|p2b: Japan|0 fnt\n|faint|p2b: Japan\n|-end|p2b: Japan|Protosynthesis|[silent]\n|\n|-weather|SunnyDay|[upkeep]\n|-heal|p1b: Bisharp|62\/100|[from] Grassy Terrain\n|-ability|p1b: Bisharp|Speed Boost|boost\n|-boost|p1b: Bisharp|spe|1\n|upkeep\n|\n|t:|1698342289\n|switch|p2b: Steady|Ogerpon-Hearthflame, F|81\/100\n|-ability|p2b: Steady|Mold Breaker\n|turn|14\n|\n|t:|1698342300\n|move|p2a: Ferarri|Grassy Glide|p1b: Bisharp\n|-damage|p1b: Bisharp|36\/100\n|move|p1b: Bisharp|Poison Jab|p2a: Ferarri\n|-supereffective|p2a: Ferarri\n|-damage|p2a: Ferarri|4\/100\n|move|p2b: Steady|Ivy Cudgel|p1b: Bisharp\n|-damage|p1b: Bisharp|0 fnt\n|faint|p1b: Bisharp\n|\n|win|TwyZZ0Rie\n|raw|Zacozolt's rating: 1099 &rarr; <strong>1067<\/strong><br \/>(-32 for losing)\n|raw|TwyZZ0Rie's rating: 1000 &rarr; <strong>1051<\/strong><br \/>(+51 for winning)\n|l|\u2606Zacozolt\n|c|\u2606TwyZZ0Rie|gg\n","uploadtime":1698342324,"views":13,"p1id":"zacozolt","p2id":"twyzz0rie","formatid":"gen9doublesou","rating":1051,"private":0,"password":""}