{"id":"gen9doublesou-1993256026","p1":"Cactuscoolish","p2":"OPieceOfHeroGhost","format":"[Gen 9] Doubles OU","log":"|j|\u2606Cactuscoolish\n|j|\u2606OPieceOfHeroGhost\n|t:|1700285171\n|gametype|doubles\n|player|p1|Cactuscoolish|fisherman|1536\n|player|p2|OPieceOfHeroGhost|morty|1505\n|teamsize|p1|6\n|teamsize|p2|6\n|gen|9\n|tier|[Gen 9] Doubles OU\n|rated|\n|rule|Species Clause: Limit one of each Pok\u00e9mon\n|rule|OHKO Clause: OHKO moves are banned\n|rule|Evasion Moves Clause: Evasion moves are banned\n|rule|Gravity Sleep Clause: The combination of sleep-inducing moves with imperfect accuracy and Gravity or Gigantamax Orbeetle are banned\n|rule|Endless Battle Clause: Forcing endless battles is banned\n|rule|HP Percentage Mod: HP is shown in percentages\n|clearpoke\n|poke|p1|Cresselia, F|\n|poke|p1|Iron Hands|\n|poke|p1|Iron Bundle|\n|poke|p1|Tornadus, M|\n|poke|p1|Landorus-Therian, M|\n|poke|p1|Ogerpon-Hearthflame, F|\n|poke|p2|Heatran, M|\n|poke|p2|Rillaboom, M|\n|poke|p2|Flutter Mane|\n|poke|p2|Chien-Pao|\n|poke|p2|Iron Hands|\n|poke|p2|Landorus-Therian, M|\n|teampreview\n|\n|t:|1700285185\n|start\n|switch|p1a: Iron Bundle|Iron Bundle|100\/100\n|switch|p1b: Landorus|Landorus-Therian, M|100\/100\n|switch|p2a: \u62cd\u6253\u7329|Rillaboom, M|100\/100\n|switch|p2b: \u571f\u732b\u8e29\u6211|Landorus-Therian, M|100\/100\n|-ability|p2b: \u571f\u732b\u8e29\u6211|Intimidate|boost\n|-unboost|p1a: Iron Bundle|atk|1\n|-unboost|p1b: Landorus|atk|1\n|-ability|p1b: Landorus|Intimidate|boost\n|-unboost|p2a: \u62cd\u6253\u7329|atk|1\n|-unboost|p2b: \u571f\u732b\u8e29\u6211|atk|1\n|-fieldstart|move: Grassy Terrain|[from] ability: Grassy Surge|[of] p2a: \u62cd\u6253\u7329\n|turn|1\n|\n|t:|1700285206\n|move|p1a: Iron Bundle|Protect|p1a: Iron Bundle\n|-singleturn|p1a: Iron Bundle|Protect\n|move|p2a: \u62cd\u6253\u7329|Fake Out|p1a: Iron Bundle\n|-activate|p1a: Iron Bundle|move: Protect\n|move|p2b: \u571f\u732b\u8e29\u6211|U-turn|p1a: Iron Bundle\n|-activate|p1a: Iron Bundle|move: Protect\n|move|p1b: Landorus|U-turn|p2a: \u62cd\u6253\u7329\n|-supereffective|p2a: \u62cd\u6253\u7329\n|-crit|p2a: \u62cd\u6253\u7329\n|-damage|p2a: \u62cd\u6253\u7329|22\/100\n|\n|t:|1700285224\n|switch|p1b: Tornadus|Tornadus, M|100\/100|[from] U-turn\n|\n|-heal|p2a: \u62cd\u6253\u7329|28\/100|[from] Grassy Terrain\n|upkeep\n|turn|2\n|\n|t:|1700285247\n|switch|p2b: \u4f60\u53d1\u59d0\u6c38\u8fdc\u662f\u4f60\u53d1\u59d0|Flutter Mane|100\/100\n|-end|p1a: Iron Bundle|Quark Drive|[silent]\n|switch|p1a: Iron Hands|Iron Hands|100\/100\n|move|p2a: \u62cd\u6253\u7329|Grassy Glide|p1a: Iron Hands\n|-damage|p1a: Iron Hands|80\/100\n|move|p1b: Tornadus|Bleakwind Storm|p2b: \u4f60\u53d1\u59d0\u6c38\u8fdc\u662f\u4f60\u53d1\u59d0|[spread] p2a,p2b\n|-supereffective|p2a: \u62cd\u6253\u7329\n|-damage|p2a: \u62cd\u6253\u7329|0 fnt\n|-damage|p2b: \u4f60\u53d1\u59d0\u6c38\u8fdc\u662f\u4f60\u53d1\u59d0|68\/100\n|-unboost|p2b: \u4f60\u53d1\u59d0\u6c38\u8fdc\u662f\u4f60\u53d1\u59d0|spe|1\n|faint|p2a: \u62cd\u6253\u7329\n|\n|-heal|p2b: \u4f60\u53d1\u59d0\u6c38\u8fdc\u662f\u4f60\u53d1\u59d0|74\/100|[from] Grassy Terrain\n|-heal|p1a: Iron Hands|87\/100|[from] Grassy Terrain\n|-heal|p1a: Iron Hands|93\/100|[from] item: Leftovers\n|upkeep\n|\n|t:|1700285266\n|switch|p2a: \u989d\u554a\uff01\u8150\u8680\u80c6\u6c41\uff01|Heatran, M|100\/100\n|turn|3\n|\n|t:|1700285288\n|-end|p2b: \u4f60\u53d1\u59d0\u6c38\u8fdc\u662f\u4f60\u53d1\u59d0|Protosynthesis|[silent]\n|switch|p2b: \u571f\u732b\u8e29\u6211|Landorus-Therian, M|100\/100\n|-ability|p2b: \u571f\u732b\u8e29\u6211|Intimidate|boost\n|-unboost|p1a: Iron Hands|atk|1\n|-unboost|p1b: Tornadus|atk|1\n|move|p2a: \u989d\u554a\uff01\u8150\u8680\u80c6\u6c41\uff01|Protect|p2a: \u989d\u554a\uff01\u8150\u8680\u80c6\u6c41\uff01\n|-singleturn|p2a: \u989d\u554a\uff01\u8150\u8680\u80c6\u6c41\uff01|Protect\n|move|p1a: Iron Hands|Protect|p1a: Iron Hands\n|-singleturn|p1a: Iron Hands|Protect\n|move|p1b: Tornadus|Bleakwind Storm|p2a: \u989d\u554a\uff01\u8150\u8680\u80c6\u6c41\uff01|[spread] p2b\n|-activate|p2a: \u989d\u554a\uff01\u8150\u8680\u80c6\u6c41\uff01|move: Protect\n|-damage|p2b: \u571f\u732b\u8e29\u6211|54\/100\n|\n|-heal|p1a: Iron Hands|99\/100|[from] Grassy Terrain\n|-heal|p1a: Iron Hands|100\/100|[from] item: Leftovers\n|upkeep\n|turn|4\n|\n|t:|1700285311\n|-end|p1a: Iron Hands|Quark Drive|[silent]\n|switch|p1a: Cresselia|Cresselia, F|100\/100\n|move|p2b: \u571f\u732b\u8e29\u6211|U-turn|p1b: Tornadus\n|-resisted|p1b: Tornadus\n|-damage|p1b: Tornadus|81\/100\n|\n|t:|1700285321\n|switch|p2b: \u4f60\u53d1\u59d0\u6c38\u8fdc\u662f\u4f60\u53d1\u59d0|Flutter Mane|74\/100|[from] U-turn\n|move|p1b: Tornadus|Bleakwind Storm|p2b: \u4f60\u53d1\u59d0\u6c38\u8fdc\u662f\u4f60\u53d1\u59d0|[spread] p2a,p2b\n|-resisted|p2a: \u989d\u554a\uff01\u8150\u8680\u80c6\u6c41\uff01\n|-damage|p2a: \u989d\u554a\uff01\u8150\u8680\u80c6\u6c41\uff01|84\/100\n|-damage|p2b: \u4f60\u53d1\u59d0\u6c38\u8fdc\u662f\u4f60\u53d1\u59d0|45\/100\n|-unboost|p2a: \u989d\u554a\uff01\u8150\u8680\u80c6\u6c41\uff01|spe|1\n|-unboost|p2b: \u4f60\u53d1\u59d0\u6c38\u8fdc\u662f\u4f60\u53d1\u59d0|spe|1\n|move|p2a: \u989d\u554a\uff01\u8150\u8680\u80c6\u6c41\uff01|Earth Power|p1a: Cresselia\n|-immune|p1a: Cresselia|[from] ability: Levitate\n|\n|-heal|p2b: \u4f60\u53d1\u59d0\u6c38\u8fdc\u662f\u4f60\u53d1\u59d0|51\/100|[from] Grassy Terrain\n|-heal|p2a: \u989d\u554a\uff01\u8150\u8680\u80c6\u6c41\uff01|90\/100|[from] Grassy Terrain\n|-heal|p2a: \u989d\u554a\uff01\u8150\u8680\u80c6\u6c41\uff01|97\/100|[from] item: Leftovers\n|upkeep\n|turn|5\n|\n|t:|1700285341\n|switch|p1b: Iron Hands|Iron Hands|100\/100\n|move|p2b: \u4f60\u53d1\u59d0\u6c38\u8fdc\u662f\u4f60\u53d1\u59d0|Moonblast|p1b: Iron Hands\n|-supereffective|p1b: Iron Hands\n|-damage|p1b: Iron Hands|0 fnt\n|faint|p1b: Iron Hands\n|-end|p1b: Iron Hands|Quark Drive|[silent]\n|move|p1a: Cresselia|Thunder Wave|p2b: \u4f60\u53d1\u59d0\u6c38\u8fdc\u662f\u4f60\u53d1\u59d0\n|-status|p2b: \u4f60\u53d1\u59d0\u6c38\u8fdc\u662f\u4f60\u53d1\u59d0|par\n|move|p2a: \u989d\u554a\uff01\u8150\u8680\u80c6\u6c41\uff01|Heat Wave|p1a: Cresselia\n|-damage|p1a: Cresselia|69\/100\n|\n|-heal|p1a: Cresselia|75\/100|[from] item: Leftovers\n|-heal|p2a: \u989d\u554a\uff01\u8150\u8680\u80c6\u6c41\uff01|100\/100|[from] Grassy Terrain\n|-heal|p2b: \u4f60\u53d1\u59d0\u6c38\u8fdc\u662f\u4f60\u53d1\u59d0|57\/100 par|[from] Grassy Terrain\n|-fieldend|move: Grassy Terrain\n|upkeep\n|\n|t:|1700285348\n|switch|p1b: Iron Bundle|Iron Bundle|100\/100\n|turn|6\n|\n|t:|1700285371\n|-end|p2b: \u4f60\u53d1\u59d0\u6c38\u8fdc\u662f\u4f60\u53d1\u59d0|Protosynthesis|[silent]\n|switch|p2b: \u4f60\u62cd\u4e94\uff0c\u6211\u62cd\u516d\uff0c\u51fb\u638c\u5947\u88ad\u754f\u4e2a\u7f29|Iron Hands|100\/100\n|move|p2a: \u989d\u554a\uff01\u8150\u8680\u80c6\u6c41\uff01|Protect|p2a: \u989d\u554a\uff01\u8150\u8680\u80c6\u6c41\uff01\n|-singleturn|p2a: \u989d\u554a\uff01\u8150\u8680\u80c6\u6c41\uff01|Protect\n|move|p1a: Cresselia|Ally Switch|p1a: Cresselia\n|swap|p1a: Cresselia|1|[from] move: Ally Switch\n|move|p1a: Iron Bundle|Hydro Pump|p2a: \u989d\u554a\uff01\u8150\u8680\u80c6\u6c41\uff01\n|-activate|p2a: \u989d\u554a\uff01\u8150\u8680\u80c6\u6c41\uff01|move: Protect\n|\n|-heal|p1b: Cresselia|82\/100|[from] item: Leftovers\n|upkeep\n|turn|7\n|\n|t:|1700285388\n|-end|p1a: Iron Bundle|Quark Drive|[silent]\n|switch|p1a: Landorus|Landorus-Therian, M|100\/100\n|-ability|p1a: Landorus|Intimidate|boost\n|-unboost|p2a: \u989d\u554a\uff01\u8150\u8680\u80c6\u6c41\uff01|atk|1\n|-unboost|p2b: \u4f60\u62cd\u4e94\uff0c\u6211\u62cd\u516d\uff0c\u51fb\u638c\u5947\u88ad\u754f\u4e2a\u7f29|atk|1\n|move|p2b: \u4f60\u62cd\u4e94\uff0c\u6211\u62cd\u516d\uff0c\u51fb\u638c\u5947\u88ad\u754f\u4e2a\u7f29|Fake Out|p1b: Cresselia\n|-damage|p1b: Cresselia|76\/100\n|cant|p1b: Cresselia|flinch\n|move|p2a: \u989d\u554a\uff01\u8150\u8680\u80c6\u6c41\uff01|Heat Wave|p1b: Cresselia|[spread] p1a,p1b\n|-damage|p1a: Landorus|70\/100\n|-damage|p1b: Cresselia|50\/100\n|\n|-heal|p1b: Cresselia|57\/100|[from] item: Leftovers\n|upkeep\n|turn|8\n|\n|t:|1700285407\n|move|p2a: \u989d\u554a\uff01\u8150\u8680\u80c6\u6c41\uff01|Protect|p2a: \u989d\u554a\uff01\u8150\u8680\u80c6\u6c41\uff01\n|-singleturn|p2a: \u989d\u554a\uff01\u8150\u8680\u80c6\u6c41\uff01|Protect\n|move|p1a: Landorus|Earthquake|p2a: \u989d\u554a\uff01\u8150\u8680\u80c6\u6c41\uff01|[spread] p2b\n|-activate|p2a: \u989d\u554a\uff01\u8150\u8680\u80c6\u6c41\uff01|move: Protect\n|-immune|p1b: Cresselia|[from] ability: Levitate\n|-supereffective|p2b: \u4f60\u62cd\u4e94\uff0c\u6211\u62cd\u516d\uff0c\u51fb\u638c\u5947\u88ad\u754f\u4e2a\u7f29\n|-damage|p2b: \u4f60\u62cd\u4e94\uff0c\u6211\u62cd\u516d\uff0c\u51fb\u638c\u5947\u88ad\u754f\u4e2a\u7f29|40\/100\n|move|p1b: Cresselia|Lunar Blessing|p1b: Cresselia|[spread] p1a,p1b\n|-heal|p1a: Landorus|94\/100\n|-heal|p1b: Cresselia|82\/100\n|move|p2b: \u4f60\u62cd\u4e94\uff0c\u6211\u62cd\u516d\uff0c\u51fb\u638c\u5947\u88ad\u754f\u4e2a\u7f29|Volt Switch|p1b: Cresselia\n|-damage|p1b: Cresselia|73\/100\n|\n|t:|1700285425\n|-end|p2b: \u4f60\u62cd\u4e94\uff0c\u6211\u62cd\u516d\uff0c\u51fb\u638c\u5947\u88ad\u754f\u4e2a\u7f29|Quark Drive|[silent]\n|switch|p2b: ku\ud83d\udcb0\u70ae|Chien-Pao|100\/100|[from] Volt Switch\n|-ability|p2b: ku\ud83d\udcb0\u70ae|Sword of Ruin\n|\n|-heal|p1b: Cresselia|80\/100|[from] item: Leftovers\n|upkeep\n|turn|9\n|\n|t:|1700285443\n|-terastallize|p2a: \u989d\u554a\uff01\u8150\u8680\u80c6\u6c41\uff01|Grass\n|move|p2b: ku\ud83d\udcb0\u70ae|Icicle Crash|p1a: Landorus\n|-supereffective|p1a: Landorus\n|-crit|p1a: Landorus\n|-damage|p1a: Landorus|0 fnt\n|faint|p1a: Landorus\n|move|p1b: Cresselia|Thunder Wave|p2b: ku\ud83d\udcb0\u70ae\n|-status|p2b: ku\ud83d\udcb0\u70ae|par\n|move|p2a: \u989d\u554a\uff01\u8150\u8680\u80c6\u6c41\uff01|Tera Blast|p1b: Cresselia|[anim] Tera Blast Grass\n|-damage|p1b: Cresselia|51\/100\n|\n|-heal|p1b: Cresselia|57\/100|[from] item: Leftovers\n|upkeep\n|\n|t:|1700285451\n|switch|p1a: Ogerpon|Ogerpon-Hearthflame, F|100\/100\n|-ability|p1a: Ogerpon|Mold Breaker\n|turn|10\n|\n|t:|1700285466\n|switch|p2b: \u571f\u732b\u8e29\u6211|Landorus-Therian, M|54\/100\n|-ability|p2b: \u571f\u732b\u8e29\u6211|Intimidate|boost\n|-unboost|p1a: Ogerpon|atk|1\n|-unboost|p1b: Cresselia|atk|1\n|move|p1a: Ogerpon|Spiky Shield|p1a: Ogerpon\n|-singleturn|p1a: Ogerpon|move: Protect\n|move|p2a: \u989d\u554a\uff01\u8150\u8680\u80c6\u6c41\uff01|Protect|p2a: \u989d\u554a\uff01\u8150\u8680\u80c6\u6c41\uff01\n|-singleturn|p2a: \u989d\u554a\uff01\u8150\u8680\u80c6\u6c41\uff01|Protect\n|move|p1b: Cresselia|Dazzling Gleam|p2b: \u571f\u732b\u8e29\u6211|[spread] p2b\n|-activate|p2a: \u989d\u554a\uff01\u8150\u8680\u80c6\u6c41\uff01|move: Protect\n|-damage|p2b: \u571f\u732b\u8e29\u6211|41\/100\n|\n|-heal|p1b: Cresselia|63\/100|[from] item: Leftovers\n|upkeep\n|turn|11\n|\n|t:|1700285491\n|switch|p1a: Tornadus|Tornadus, M|81\/100\n|move|p2b: \u571f\u732b\u8e29\u6211|U-turn|p1a: Tornadus\n|-resisted|p1a: Tornadus\n|-damage|p1a: Tornadus|61\/100\n|\n|t:|1700285498\n|switch|p2b: ku\ud83d\udcb0\u70ae|Chien-Pao|100\/100 par|[from] U-turn\n|-ability|p2b: ku\ud83d\udcb0\u70ae|Sword of Ruin\n|move|p1b: Cresselia|Dazzling Gleam|p2b: ku\ud83d\udcb0\u70ae|[spread] p2a,p2b\n|-supereffective|p2b: ku\ud83d\udcb0\u70ae\n|-damage|p2a: \u989d\u554a\uff01\u8150\u8680\u80c6\u6c41\uff01|91\/100\n|-damage|p2b: ku\ud83d\udcb0\u70ae|65\/100 par\n|move|p2a: \u989d\u554a\uff01\u8150\u8680\u80c6\u6c41\uff01|Heat Wave|p1b: Cresselia|[spread] \n|-miss|p2a: \u989d\u554a\uff01\u8150\u8680\u80c6\u6c41\uff01|p1a: Tornadus\n|-miss|p2a: \u989d\u554a\uff01\u8150\u8680\u80c6\u6c41\uff01|p1b: Cresselia\n|\n|-heal|p1b: Cresselia|69\/100|[from] item: Leftovers\n|-heal|p2a: \u989d\u554a\uff01\u8150\u8680\u80c6\u6c41\uff01|98\/100|[from] item: Leftovers\n|upkeep\n|turn|12\n|\n|t:|1700285523\n|move|p1a: Tornadus|Bleakwind Storm|p2a: \u989d\u554a\uff01\u8150\u8680\u80c6\u6c41\uff01|[spread] p2a,p2b\n|-supereffective|p2a: \u989d\u554a\uff01\u8150\u8680\u80c6\u6c41\uff01\n|-damage|p2a: \u989d\u554a\uff01\u8150\u8680\u80c6\u6c41\uff01|30\/100\n|-damage|p2b: ku\ud83d\udcb0\u70ae|4\/100 par\n|move|p1b: Cresselia|Lunar Blessing|p1b: Cresselia|[spread] p1a,p1b\n|-heal|p1a: Tornadus|86\/100\n|-heal|p1b: Cresselia|94\/100\n|move|p2b: ku\ud83d\udcb0\u70ae|Icicle Crash|p1a: Tornadus\n|-supereffective|p1a: Tornadus\n|-damage|p1a: Tornadus|0 fnt\n|faint|p1a: Tornadus\n|move|p2a: \u989d\u554a\uff01\u8150\u8680\u80c6\u6c41\uff01|Heat Wave|p1b: Cresselia\n|-damage|p1b: Cresselia|61\/100\n|\n|-heal|p1b: Cresselia|67\/100|[from] item: Leftovers\n|-heal|p2a: \u989d\u554a\uff01\u8150\u8680\u80c6\u6c41\uff01|36\/100|[from] item: Leftovers\n|upkeep\n|\n|t:|1700285535\n|switch|p1a: Iron Bundle|Iron Bundle|100\/100\n|turn|13\n|\n|t:|1700285546\n|switch|p1b: Ogerpon|Ogerpon-Hearthflame, F|100\/100\n|-ability|p1b: Ogerpon|Mold Breaker\n|move|p2a: \u989d\u554a\uff01\u8150\u8680\u80c6\u6c41\uff01|Protect|p2a: \u989d\u554a\uff01\u8150\u8680\u80c6\u6c41\uff01\n|-singleturn|p2a: \u989d\u554a\uff01\u8150\u8680\u80c6\u6c41\uff01|Protect\n|cant|p2b: ku\ud83d\udcb0\u70ae|par\n|move|p1a: Iron Bundle|Icy Wind|p2b: ku\ud83d\udcb0\u70ae|[spread] p2b\n|-activate|p2a: \u989d\u554a\uff01\u8150\u8680\u80c6\u6c41\uff01|move: Protect\n|-resisted|p2b: ku\ud83d\udcb0\u70ae\n|-damage|p2b: ku\ud83d\udcb0\u70ae|0 fnt\n|faint|p2b: ku\ud83d\udcb0\u70ae\n|\n|-heal|p2a: \u989d\u554a\uff01\u8150\u8680\u80c6\u6c41\uff01|42\/100|[from] item: Leftovers\n|upkeep\n|\n|t:|1700285565\n|switch|p2b: \u571f\u732b\u8e29\u6211|Landorus-Therian, M|41\/100\n|-ability|p2b: \u571f\u732b\u8e29\u6211|Intimidate|boost\n|-unboost|p1a: Iron Bundle|atk|1\n|-unboost|p1b: Ogerpon|atk|1\n|turn|14\n|\n|t:|1700285597\n|switch|p2a: \u4f60\u62cd\u4e94\uff0c\u6211\u62cd\u516d\uff0c\u51fb\u638c\u5947\u88ad\u754f\u4e2a\u7f29|Iron Hands|40\/100\n|-terastallize|p1b: Ogerpon|Fire\n|detailschange|p1b: Ogerpon|Ogerpon-Hearthflame-Tera, F, tera:Fire\n|-ability|p1b: Ogerpon|Embody Aspect (Hearthflame)|boost\n|-boost|p1b: Ogerpon|atk|1\n|move|p1a: Iron Bundle|Protect|p1a: Iron Bundle\n|-singleturn|p1a: Iron Bundle|Protect\n|move|p2b: \u571f\u732b\u8e29\u6211|U-turn|p1a: Iron Bundle\n|-activate|p1a: Iron Bundle|move: Protect\n|move|p1b: Ogerpon|Ivy Cudgel|p2b: \u571f\u732b\u8e29\u6211|[anim] Ivy Cudgel Fire\n|-damage|p2b: \u571f\u732b\u8e29\u6211|0 fnt\n|faint|p2b: \u571f\u732b\u8e29\u6211\n|\n|upkeep\n|\n|t:|1700285615\n|switch|p2b: \u989d\u554a\uff01\u8150\u8680\u80c6\u6c41\uff01|Heatran, M, tera:Grass|42\/100\n|turn|15\n|\n|t:|1700285622\n|-end|p1a: Iron Bundle|Quark Drive|[silent]\n|switch|p1a: Cresselia|Cresselia, F|67\/100\n|move|p1b: Ogerpon|Spiky Shield|p1b: Ogerpon\n|-singleturn|p1b: Ogerpon|move: Protect\n|move|p2a: \u4f60\u62cd\u4e94\uff0c\u6211\u62cd\u516d\uff0c\u51fb\u638c\u5947\u88ad\u754f\u4e2a\u7f29|Fake Out|p1a: Cresselia\n|-damage|p1a: Cresselia|59\/100\n|move|p2b: \u989d\u554a\uff01\u8150\u8680\u80c6\u6c41\uff01|Earth Power|p1b: Ogerpon\n|-activate|p1b: Ogerpon|move: Protect\n|\n|-heal|p1a: Cresselia|65\/100|[from] item: Leftovers\n|-heal|p2b: \u989d\u554a\uff01\u8150\u8680\u80c6\u6c41\uff01|49\/100|[from] item: Leftovers\n|upkeep\n|turn|16\n|\n|t:|1700285656\n|move|p1b: Ogerpon|Ivy Cudgel|p2a: \u4f60\u62cd\u4e94\uff0c\u6211\u62cd\u516d\uff0c\u51fb\u638c\u5947\u88ad\u754f\u4e2a\u7f29|[anim] Ivy Cudgel Fire\n|-damage|p2a: \u4f60\u62cd\u4e94\uff0c\u6211\u62cd\u516d\uff0c\u51fb\u638c\u5947\u88ad\u754f\u4e2a\u7f29|0 fnt\n|faint|p2a: \u4f60\u62cd\u4e94\uff0c\u6211\u62cd\u516d\uff0c\u51fb\u638c\u5947\u88ad\u754f\u4e2a\u7f29\n|-end|p2a: \u4f60\u62cd\u4e94\uff0c\u6211\u62cd\u516d\uff0c\u51fb\u638c\u5947\u88ad\u754f\u4e2a\u7f29|Quark Drive|[silent]\n|move|p1a: Cresselia|Thunder Wave|p2b: \u989d\u554a\uff01\u8150\u8680\u80c6\u6c41\uff01\n|-status|p2b: \u989d\u554a\uff01\u8150\u8680\u80c6\u6c41\uff01|par\n|move|p2b: \u989d\u554a\uff01\u8150\u8680\u80c6\u6c41\uff01|Earth Power|p1b: Ogerpon\n|-supereffective|p1b: Ogerpon\n|-damage|p1b: Ogerpon|24\/100\n|\n|-heal|p1a: Cresselia|71\/100|[from] item: Leftovers\n|-heal|p2b: \u989d\u554a\uff01\u8150\u8680\u80c6\u6c41\uff01|55\/100 par|[from] item: Leftovers\n|upkeep\n|\n|t:|1700285670\n|switch|p2a: \u4f60\u53d1\u59d0\u6c38\u8fdc\u662f\u4f60\u53d1\u59d0|Flutter Mane|57\/100 par\n|turn|17\n|\n|t:|1700285718\n|move|p1b: Ogerpon|Ivy Cudgel|p2a: \u4f60\u53d1\u59d0\u6c38\u8fdc\u662f\u4f60\u53d1\u59d0|[anim] Ivy Cudgel Fire\n|-damage|p2a: \u4f60\u53d1\u59d0\u6c38\u8fdc\u662f\u4f60\u53d1\u59d0|0 fnt\n|faint|p2a: \u4f60\u53d1\u59d0\u6c38\u8fdc\u662f\u4f60\u53d1\u59d0\n|-end|p2a: \u4f60\u53d1\u59d0\u6c38\u8fdc\u662f\u4f60\u53d1\u59d0|Protosynthesis|[silent]\n|move|p1a: Cresselia|Lunar Blessing|p1a: Cresselia|[spread] p1a,p1b\n|-heal|p1a: Cresselia|96\/100\n|-heal|p1b: Ogerpon|49\/100\n|move|p2b: \u989d\u554a\uff01\u8150\u8680\u80c6\u6c41\uff01|Earth Power|p1b: Ogerpon\n|-supereffective|p1b: Ogerpon\n|-crit|p1b: Ogerpon\n|-damage|p1b: Ogerpon|0 fnt\n|faint|p1b: Ogerpon\n|\n|-heal|p1a: Cresselia|100\/100|[from] item: Leftovers\n|-heal|p2b: \u989d\u554a\uff01\u8150\u8680\u80c6\u6c41\uff01|61\/100 par|[from] item: Leftovers\n|upkeep\n|\n|t:|1700285729\n|switch|p1b: Iron Bundle|Iron Bundle|100\/100\n|turn|18\n|\n|t:|1700285738\n|move|p1b: Iron Bundle|Freeze-Dry|p2b: \u989d\u554a\uff01\u8150\u8680\u80c6\u6c41\uff01\n|-supereffective|p2b: \u989d\u554a\uff01\u8150\u8680\u80c6\u6c41\uff01\n|-damage|p2b: \u989d\u554a\uff01\u8150\u8680\u80c6\u6c41\uff01|0 fnt\n|faint|p2b: \u989d\u554a\uff01\u8150\u8680\u80c6\u6c41\uff01\n|\n|win|Cactuscoolish\n|raw|Cactuscoolish's rating: 1536 &rarr; <strong>1554<\/strong><br \/>(+18 for winning)\n|raw|OPieceOfHeroGhost's rating: 1505 &rarr; <strong>1487<\/strong><br \/>(-18 for losing)\n|c|\u2606OPieceOfHeroGhost|GG\n|l|\u2606Cactuscoolish\n","uploadtime":1700285757,"views":7,"p1id":"cactuscoolish","p2id":"opieceofheroghost","formatid":"gen9doublesou","rating":1487,"private":0,"password":""}