{"id":"gen9doublesou-1985550389","p1":"Satoru Gozou","p2":"zdorg","format":"[Gen 9] Doubles OU","log":"|j|\u2606Satoru Gozou\n|j|\u2606zdorg\n|t:|1699383851\n|gametype|doubles\n|player|p1|Satoru Gozou|doctor|1483\n|player|p2|zdorg|drayden|1470\n|teamsize|p1|6\n|teamsize|p2|6\n|gen|9\n|tier|[Gen 9] Doubles OU\n|rated|\n|rule|Species Clause: Limit one of each Pok\u00e9mon\n|rule|OHKO Clause: OHKO moves are banned\n|rule|Evasion Moves Clause: Evasion moves are banned\n|rule|Gravity Sleep Clause: The combination of sleep-inducing moves with imperfect accuracy and Gravity or Gigantamax Orbeetle are banned\n|rule|Endless Battle Clause: Forcing endless battles is banned\n|rule|HP Percentage Mod: HP is shown in percentages\n|clearpoke\n|poke|p1|Gliscor, M|\n|poke|p1|Rillaboom, M|\n|poke|p1|Gastrodon, F|\n|poke|p1|Iron Hands|\n|poke|p1|Chien-Pao|\n|poke|p1|Pelipper, M|\n|poke|p2|Thundurus, M|\n|poke|p2|Mamoswine, F|\n|poke|p2|Heatran, M|\n|poke|p2|Cresselia, F|\n|poke|p2|Sneasler, F|\n|poke|p2|Dachsbun, M|\n|teampreview\n|inactive|Battle timer is ON: inactive players will automatically lose when time's up. (requested by Satoru Gozou)\n|c|\u2606zdorg|Hello again!\n|inactive|zdorg has 120 seconds left.\n|j| Negonheh\n|\n|t:|1699383899\n|start\n|switch|p1a: Pelipper|Pelipper, M|100\/100\n|switch|p1b: Prod\u00edgio do Gozo|Gastrodon, F|100\/100\n|switch|p2a: Heatran|Heatran, M|100\/100\n|switch|p2b: Thundurus|Thundurus, M|100\/100\n|-weather|RainDance|[from] ability: Drizzle|[of] p1a: Pelipper\n|turn|1\n|c|\u2606Satoru Gozou|Ay\n|c| Negonheh|Time merda, ainda me ganhou\n|c|\u2606zdorg|oh\n|inactive|zdorg has 120 seconds left.\n|\n|t:|1699383938\n|-terastallize|p2a: Heatran|Grass\n|move|p1b: Prod\u00edgio do Gozo|Protect|p1b: Prod\u00edgio do Gozo\n|-singleturn|p1b: Prod\u00edgio do Gozo|Protect\n|move|p2b: Thundurus|Wildbolt Storm|p1a: Pelipper|[spread] p1a\n|-activate|p1b: Prod\u00edgio do Gozo|move: Protect\n|-supereffective|p1a: Pelipper\n|-damage|p1a: Pelipper|0 fnt\n|faint|p1a: Pelipper\n|move|p2a: Heatran|Tera Blast|p1b: Prod\u00edgio do Gozo|[anim] Tera Blast Grass\n|-activate|p1b: Prod\u00edgio do Gozo|move: Protect\n|\n|-weather|RainDance|[upkeep]\n|upkeep\n|\n|t:|1699383951\n|switch|p1a: Shen mau|Chien-Pao|100\/100\n|-ability|p1a: Shen mau|Sword of Ruin\n|turn|2\n|\n|t:|1699383973\n|switch|p2a: Mamoswine|Mamoswine, F|100\/100\n|switch|p1b: Todou previd\u00eancia|Rillaboom, M|100\/100\n|-fieldstart|move: Grassy Terrain|[from] ability: Grassy Surge|[of] p1b: Todou previd\u00eancia\n|move|p1a: Shen mau|Ice Spinner|p2a: Mamoswine\n|-damage|p2a: Mamoswine|72\/100\n|-fieldend|move: Grassy Terrain\n|move|p2b: Thundurus|Volt Switch|p1a: Shen mau\n|-crit|p1a: Shen mau\n|-damage|p1a: Shen mau|31\/100\n|inactive|zdorg has 120 seconds left.\n|c| Negonheh|Bela jogada\n|\n|t:|1699383991\n|switch|p2b: Sneasler|Sneasler, F|100\/100|[from] Volt Switch\n|\n|-weather|RainDance|[upkeep]\n|upkeep\n|turn|3\n|c| Negonheh|Grassa glide \u00e9 meu ovo\n|inactive|zdorg has 120 seconds left.\n|c|\u2606Satoru Gozou|KKKKKKKKKKKKK\n|c|\u2606Satoru Gozou|Ice Spinner\n|c|\u2606Satoru Gozou|Com sacred sword\n|c|\u2606Satoru Gozou|R\u00e9h\n|inactive|zdorg has 90 seconds left.\n|c| Negonheh|Poe icicle crash\n|\n|t:|1699384051\n|move|p1a: Shen mau|Protect|p1a: Shen mau\n|-singleturn|p1a: Shen mau|Protect\n|move|p2b: Sneasler|Protect|p2b: Sneasler\n|-singleturn|p2b: Sneasler|Protect\n|move|p2a: Mamoswine|Ice Shard|p1a: Shen mau\n|-activate|p1a: Shen mau|move: Protect\n|move|p1b: Todou previd\u00eancia|Drain Punch|p2a: Mamoswine\n|-supereffective|p2a: Mamoswine\n|-damage|p2a: Mamoswine|0 fnt\n|faint|p2a: Mamoswine\n|\n|-weather|RainDance|[upkeep]\n|upkeep\n|c| Negonheh|Tu nao \u00e9 azarado\n|\n|t:|1699384065\n|switch|p2a: Thundurus|Thundurus, M|100\/100\n|turn|4\n|\n|t:|1699384079\n|switch|p1a: Rodrigo Tinoco|Iron Hands|100\/100\n|move|p2a: Thundurus|Swagger|p1b: Todou previd\u00eancia\n|-boost|p1b: Todou previd\u00eancia|atk|2\n|-enditem|p2b: Sneasler|Mirror Herb\n|-boost|p2b: Sneasler|atk|2|[from] item: Mirror Herb\n|-start|p1b: Todou previd\u00eancia|confusion\n|move|p2b: Sneasler|Rock Slide|p1b: Todou previd\u00eancia|[spread] p1a,p1b\n|-resisted|p1a: Rodrigo Tinoco\n|-damage|p1a: Rodrigo Tinoco|87\/100\n|-damage|p1b: Todou previd\u00eancia|64\/100\n|-activate|p1b: Todou previd\u00eancia|confusion\n|move|p1b: Todou previd\u00eancia|Knock Off|p2a: Thundurus\n|-damage|p2a: Thundurus|7\/100\n|-enditem|p2a: Thundurus|Wide Lens|[from] move: Knock Off|[of] p1b: Todou previd\u00eancia\n|\n|-weather|RainDance|[upkeep]\n|upkeep\n|turn|5\n|c| Negonheh|G\u00eanio\n|inactive|zdorg has 90 seconds left.\n|\n|t:|1699384113\n|switch|p1b: Prod\u00edgio do Gozo|Gastrodon, F|100\/100\n|move|p1a: Rodrigo Tinoco|Fake Out|p2a: Thundurus\n|-damage|p2a: Thundurus|0 fnt\n|faint|p2a: Thundurus\n|move|p2b: Sneasler|Close Combat|p1a: Rodrigo Tinoco\n|-damage|p1a: Rodrigo Tinoco|0 fnt\n|-unboost|p2b: Sneasler|def|1\n|-unboost|p2b: Sneasler|spd|1\n|faint|p1a: Rodrigo Tinoco\n|-end|p1a: Rodrigo Tinoco|Quark Drive|[silent]\n|\n|-weather|none\n|upkeep\n|\n|t:|1699384135\n|switch|p2a: Heatran|Heatran, M, tera:Grass|100\/100\n|switch|p1a: Shen mau|Chien-Pao|31\/100\n|-ability|p1a: Shen mau|Sword of Ruin\n|turn|6\n|inactive|zdorg has 120 seconds left.\n|c| Negonheh|Nao da ice spinner\n|c| Negonheh|Ele \u00e9 unburden\n|\n|t:|1699384159\n|move|p2b: Sneasler|Protect|p2b: Sneasler\n|-singleturn|p2b: Sneasler|Protect\n|move|p1a: Shen mau|Ice Spinner|p2a: Heatran\n|-supereffective|p2a: Heatran\n|-damage|p2a: Heatran|11\/100\n|move|p2a: Heatran|Lava Plume|p1a: Shen mau|[spread] p1a,p1b\n|-activate|p2b: Sneasler|move: Protect\n|-supereffective|p1a: Shen mau\n|-resisted|p1b: Prod\u00edgio do Gozo\n|-damage|p1a: Shen mau|0 fnt\n|-damage|p1b: Prod\u00edgio do Gozo|88\/100\n|faint|p1a: Shen mau\n|move|p1b: Prod\u00edgio do Gozo|Earth Power|p2b: Sneasler\n|-activate|p2b: Sneasler|move: Protect\n|\n|upkeep\n|c| Negonheh|Ai o gringo me mata\n|c| Negonheh|Porra gringo\n|\n|t:|1699384189\n|switch|p1a: Todou previd\u00eancia|Rillaboom, M|64\/100\n|-fieldstart|move: Grassy Terrain|[from] ability: Grassy Surge|[of] p1a: Todou previd\u00eancia\n|turn|7\n|inactive|zdorg has 120 seconds left.\n|c|\u2606zdorg|seu amigo?\n|\n|t:|1699384221\n|switch|p2a: Cresselia|Cresselia, F|100\/100\n|-terastallize|p1b: Prod\u00edgio do Gozo|Fire\n|move|p1a: Todou previd\u00eancia|Fake Out|p2b: Sneasler\n|-damage|p2b: Sneasler|59\/100\n|cant|p2b: Sneasler|flinch\n|move|p1b: Prod\u00edgio do Gozo|Tera Blast|p2b: Sneasler|[anim] Tera Blast Fire\n|-damage|p2b: Sneasler|0 fnt\n|faint|p2b: Sneasler\n|\n|-heal|p1a: Todou previd\u00eancia|70\/100|[from] Grassy Terrain\n|-heal|p1b: Prod\u00edgio do Gozo|94\/100|[from] Grassy Terrain\n|upkeep\n|\n|t:|1699384237\n|switch|p2b: Heatran|Heatran, M, tera:Grass|11\/100\n|turn|8\n|c| Negonheh|As vezes ele \u00e9 burro e genio ao mesmo tempo\n|c| Negonheh|E tem sorte tamb\u00e9m\n|\n|t:|1699384255\n|switch|p1a: Sirigrelo|Gliscor, M|100\/100\n|-enditem|p1a: Sirigrelo|Grassy Seed\n|-boost|p1a: Sirigrelo|def|1|[from] item: Grassy Seed\n|move|p1b: Prod\u00edgio do Gozo|Protect|p1b: Prod\u00edgio do Gozo\n|-singleturn|p1b: Prod\u00edgio do Gozo|Protect\n|move|p2b: Heatran|Earth Power|p1b: Prod\u00edgio do Gozo\n|-activate|p1b: Prod\u00edgio do Gozo|move: Protect\n|move|p2a: Cresselia|Calm Mind|p2a: Cresselia\n|-boost|p2a: Cresselia|spa|1\n|-boost|p2a: Cresselia|spd|1\n|\n|-heal|p2b: Heatran|17\/100|[from] Grassy Terrain\n|-heal|p1b: Prod\u00edgio do Gozo|99\/100|[from] Grassy Terrain\n|upkeep\n|turn|9\n|inactive|zdorg has 120 seconds left.\n|inactive|zdorg has 90 seconds left.\n|\n|t:|1699384296\n|move|p1a: Sirigrelo|Acrobatics|p2b: Heatran\n|-supereffective|p2b: Heatran\n|-damage|p2b: Heatran|0 fnt\n|faint|p2b: Heatran\n|move|p2a: Cresselia|Calm Mind|p2a: Cresselia\n|-boost|p2a: Cresselia|spa|1\n|-boost|p2a: Cresselia|spd|1\n|move|p1b: Prod\u00edgio do Gozo|Muddy Water|p2a: Cresselia\n|-damage|p2a: Cresselia|86\/100\n|-unboost|p2a: Cresselia|accuracy|1\n|\n|-heal|p2a: Cresselia|92\/100|[from] item: Leftovers\n|-heal|p1b: Prod\u00edgio do Gozo|100\/100|[from] Grassy Terrain\n|upkeep\n|inactive|zdorg has 90 seconds left.\n|\n|t:|1699384307\n|switch|p2b: Dachsbun|Dachsbun, M|100\/100\n|turn|10\n|\n|t:|1699384332\n|move|p1a: Sirigrelo|Toxic|p2a: Cresselia\n|-status|p2a: Cresselia|tox\n|move|p2b: Dachsbun|Body Press|p1b: Prod\u00edgio do Gozo\n|-damage|p1b: Prod\u00edgio do Gozo|69\/100\n|move|p2a: Cresselia|Stored Power|p1a: Sirigrelo\n|-damage|p1a: Sirigrelo|0 fnt\n|faint|p1a: Sirigrelo\n|move|p1b: Prod\u00edgio do Gozo|Earth Power|p2b: Dachsbun\n|-damage|p2b: Dachsbun|45\/100\n|\n|-heal|p2b: Dachsbun|51\/100|[from] Grassy Terrain\n|-heal|p2a: Cresselia|98\/100 tox|[from] item: Leftovers\n|-heal|p1b: Prod\u00edgio do Gozo|75\/100|[from] Grassy Terrain\n|-damage|p2a: Cresselia|92\/100 tox|[from] psn\n|upkeep\n|\n|t:|1699384337\n|switch|p1a: Todou previd\u00eancia|Rillaboom, M|70\/100\n|turn|11\n|inactive|zdorg has 120 seconds left.\n|\n|t:|1699384353\n|move|p1b: Prod\u00edgio do Gozo|Protect|p1b: Prod\u00edgio do Gozo\n|-singleturn|p1b: Prod\u00edgio do Gozo|Protect\n|move|p1a: Todou previd\u00eancia|Fake Out|p2a: Cresselia\n|-damage|p2a: Cresselia|81\/100 tox\n|move|p2b: Dachsbun|Wish|p2b: Dachsbun\n|cant|p2a: Cresselia|flinch\n|\n|-heal|p2b: Dachsbun|57\/100|[from] Grassy Terrain\n|-heal|p1a: Todou previd\u00eancia|76\/100|[from] Grassy Terrain\n|-heal|p2a: Cresselia|87\/100 tox|[from] item: Leftovers\n|-heal|p1b: Prod\u00edgio do Gozo|81\/100|[from] Grassy Terrain\n|-damage|p2a: Cresselia|75\/100 tox|[from] psn\n|-fieldend|move: Grassy Terrain\n|upkeep\n|turn|12\n|inactive|zdorg has 120 seconds left.\n|\n|t:|1699384382\n|move|p2b: Dachsbun|Body Press|p1a: Todou previd\u00eancia\n|-crit|p1a: Todou previd\u00eancia\n|-damage|p1a: Todou previd\u00eancia|39\/100\n|move|p1a: Todou previd\u00eancia|Knock Off|p2a: Cresselia\n|-supereffective|p2a: Cresselia\n|-damage|p2a: Cresselia|19\/100 tox\n|-enditem|p2a: Cresselia|Leftovers|[from] move: Knock Off|[of] p1a: Todou previd\u00eancia\n|move|p2a: Cresselia|Lunar Blessing|p2a: Cresselia|[spread] p2a,p2b\n|-heal|p2a: Cresselia|44\/100 tox\n|-curestatus|p2a: Cresselia|tox|[msg]\n|-heal|p2b: Dachsbun|82\/100\n|move|p1b: Prod\u00edgio do Gozo|Muddy Water|p2b: Dachsbun|[spread] p2a\n|-miss|p1b: Prod\u00edgio do Gozo|p2b: Dachsbun\n|-damage|p2a: Cresselia|35\/100\n|\n|-heal|p2b: Dachsbun|100\/100|[from] move: Wish|[wisher] Dachsbun\n|upkeep\n|turn|13\n|inactive|zdorg has 120 seconds left.\n|\n|t:|1699384419\n|move|p2b: Dachsbun|Body Press|p1a: Todou previd\u00eancia\n|-damage|p1a: Todou previd\u00eancia|13\/100\n|move|p2a: Cresselia|Lunar Blessing|p2a: Cresselia|[spread] p2a,p2b\n|-heal|p2a: Cresselia|60\/100\n|move|p1a: Todou previd\u00eancia|Grassy Glide|p2a: Cresselia\n|-damage|p2a: Cresselia|39\/100\n|move|p1b: Prod\u00edgio do Gozo|Muddy Water|p2a: Cresselia|[spread] p2a,p2b\n|-damage|p2a: Cresselia|29\/100\n|-damage|p2b: Dachsbun|61\/100\n|\n|upkeep\n|turn|14\n|inactive|zdorg has 120 seconds left.\n|\n|t:|1699384435\n|move|p1b: Prod\u00edgio do Gozo|Protect|p1b: Prod\u00edgio do Gozo\n|-singleturn|p1b: Prod\u00edgio do Gozo|Protect\n|move|p2b: Dachsbun|Body Press|p1a: Todou previd\u00eancia\n|-damage|p1a: Todou previd\u00eancia|0 fnt\n|faint|p1a: Todou previd\u00eancia\n|move|p2a: Cresselia|Stored Power|p1b: Prod\u00edgio do Gozo\n|-activate|p1b: Prod\u00edgio do Gozo|move: Protect\n|\n|upkeep\n|turn|15\n|-message|Satoru Gozou forfeited.\n|\n|win|zdorg\n|raw|Satoru Gozou's rating: 1483 &rarr; <strong>1462<\/strong><br \/>(-21 for losing)\n|raw|zdorg's rating: 1470 &rarr; <strong>1491<\/strong><br \/>(+21 for winning)\n","uploadtime":1699384190,"views":8,"p1id":"satorugozou","p2id":"zdorg","formatid":"gen9doublesou","rating":1462,"private":0,"password":""}