{"id":"gen9doublesou-1984949175","p1":"etroy","p2":"ac1516","format":"[Gen 9] Doubles OU","log":"|j|\u2606etroy\n|j|\u2606ac1516\n|t:|1699313847\n|gametype|doubles\n|player|p1|etroy|gambler|1360\n|player|p2|ac1516|supernerd|1475\n|teamsize|p1|6\n|teamsize|p2|6\n|gen|9\n|tier|[Gen 9] Doubles OU\n|rated|\n|rule|Species Clause: Limit one of each Pok\u00e9mon\n|rule|OHKO Clause: OHKO moves are banned\n|rule|Evasion Moves Clause: Evasion moves are banned\n|rule|Gravity Sleep Clause: The combination of sleep-inducing moves with imperfect accuracy and Gravity or Gigantamax Orbeetle are banned\n|rule|Endless Battle Clause: Forcing endless battles is banned\n|rule|HP Percentage Mod: HP is shown in percentages\n|clearpoke\n|poke|p1|Ursaluna-Bloodmoon, M|\n|poke|p1|Iron Hands|\n|poke|p1|Cresselia, F|\n|poke|p1|Amoonguss, M|\n|poke|p1|Ogerpon-Hearthflame, F|\n|poke|p1|Flutter Mane|\n|poke|p2|Armarouge, M|\n|poke|p2|Iron Bundle|\n|poke|p2|Indeedee-F, F|\n|poke|p2|Flamigo, M|\n|poke|p2|Klefki, F|\n|poke|p2|Kommo-o, M|\n|teampreview\n|\n|t:|1699313876\n|start\n|switch|p1a: Flutter Mane|Flutter Mane|100\/100\n|switch|p1b: Amoonguss|Amoonguss, M|100\/100\n|switch|p2a: Klefki|Klefki, F|100\/100\n|switch|p2b: Kommo-o|Kommo-o, M|100\/100\n|-enditem|p1a: Flutter Mane|Booster Energy\n|-activate|p1a: Flutter Mane|ability: Protosynthesis|[fromitem]\n|-start|p1a: Flutter Mane|protosynthesisspe\n|turn|1\n|\n|t:|1699313905\n|-terastallize|p1a: Flutter Mane|Fairy\n|-terastallize|p2b: Kommo-o|Steel\n|move|p1b: Amoonguss|Rage Powder|p1b: Amoonguss\n|-singleturn|p1b: Amoonguss|move: Rage Powder\n|move|p2a: Klefki|Light Screen|p2a: Klefki\n|-sidestart|p2: ac1516|move: Light Screen\n|move|p1a: Flutter Mane|Dazzling Gleam|p2b: Kommo-o|[spread] p2a,p2b\n|-resisted|p2a: Klefki\n|-resisted|p2b: Kommo-o\n|-damage|p2a: Klefki|87\/100\n|-damage|p2b: Kommo-o|85\/100\n|move|p2b: Kommo-o|Clangorous Soul|p2b: Kommo-o\n|-boost|p2b: Kommo-o|atk|1\n|-boost|p2b: Kommo-o|def|1\n|-boost|p2b: Kommo-o|spa|1\n|-boost|p2b: Kommo-o|spd|1\n|-boost|p2b: Kommo-o|spe|1\n|-damage|p2b: Kommo-o|52\/100\n|-enditem|p2b: Kommo-o|Throat Spray\n|-boost|p2b: Kommo-o|spa|1|[from] item: Throat Spray\n|\n|upkeep\n|turn|2\n|\n|t:|1699313930\n|-end|p1a: Flutter Mane|Protosynthesis|[silent]\n|switch|p1a: Cresselia|Cresselia, F|100\/100\n|move|p2a: Klefki|Reflect|p2a: Klefki\n|-sidestart|p2: ac1516|Reflect\n|move|p2b: Kommo-o|Clangorous Soul|p2b: Kommo-o\n|-boost|p2b: Kommo-o|atk|1\n|-boost|p2b: Kommo-o|def|1\n|-boost|p2b: Kommo-o|spa|1\n|-boost|p2b: Kommo-o|spd|1\n|-boost|p2b: Kommo-o|spe|1\n|-damage|p2b: Kommo-o|20\/100\n|move|p1b: Amoonguss|Clear Smog|p2b: Kommo-o\n|-immune|p2b: Kommo-o\n|\n|upkeep\n|turn|3\n|\n|t:|1699313953\n|move|p2a: Klefki|Imprison|p2a: Klefki\n|-start|p2a: Klefki|move: Imprison\n|move|p2b: Kommo-o|Clanging Scales|p1b: Amoonguss|[spread] p1a,p1b\n|-crit|p1b: Amoonguss\n|-damage|p1a: Cresselia|45\/100\n|-damage|p1b: Amoonguss|0 fnt\n|faint|p1b: Amoonguss\n|-unboost|p2b: Kommo-o|def|1\n|cant|p1a: Cresselia|move: Imprison|Trick Room\n|\n|upkeep\n|\n|t:|1699313972\n|switch|p1b: Iron Hands|Iron Hands|100\/100\n|turn|4\n|\n|t:|1699313985\n|switch|p2a: Flamigo|Flamigo, M|100\/100\n|-copyboost|p2a: Flamigo|p2b: Kommo-o|[from] ability: Costar\n|move|p1a: Cresselia|Helping Hand|p1b: Iron Hands\n|-singleturn|p1b: Iron Hands|Helping Hand|[of] p1a: Cresselia\n|move|p1b: Iron Hands|Fake Out|p2b: Kommo-o\n|-resisted|p2b: Kommo-o\n|-damage|p2b: Kommo-o|14\/100\n|cant|p2b: Kommo-o|flinch\n|\n|upkeep\n|turn|5\n|\n|t:|1699314024\n|-end|p1b: Iron Hands|Quark Drive|[silent]\n|switch|p1b: Ogerpon|Ogerpon-Hearthflame, F|100\/100\n|-ability|p1b: Ogerpon|Mold Breaker\n|move|p2b: Kommo-o|Clanging Scales|p1b: Ogerpon|[spread] p1a,p1b\n|-damage|p1a: Cresselia|0 fnt\n|-damage|p1b: Ogerpon|0 fnt\n|faint|p1a: Cresselia\n|faint|p1b: Ogerpon\n|-unboost|p2b: Kommo-o|def|1\n|move|p2a: Flamigo|Brave Bird|p1: Cresselia|[notarget]\n|-fail|p2a: Flamigo\n|\n|upkeep\n|inactive|Battle timer is ON: inactive players will automatically lose when time's up. (requested by etroy)\n|\n|t:|1699314047\n|switch|p1b: Flutter Mane|Flutter Mane, tera:Fairy|100\/100\n|switch|p1a: Iron Hands|Iron Hands|100\/100\n|turn|6\n|\n|t:|1699314077\n|move|p1a: Iron Hands|Fake Out|p2a: Flamigo\n|-damage|p2a: Flamigo|92\/100\n|move|p2b: Kommo-o|Flash Cannon|p1b: Flutter Mane\n|-supereffective|p1b: Flutter Mane\n|-damage|p1b: Flutter Mane|0 fnt\n|faint|p1b: Flutter Mane\n|-end|p1b: Flutter Mane|Protosynthesis|[silent]\n|cant|p2a: Flamigo|flinch\n|\n|upkeep\n|\n|t:|1699314086\n|switch|p1b: Ursaluna|Ursaluna-Bloodmoon, M|100\/100\n|turn|7\n|-message|etroy forfeited.\n|\n|win|ac1516\n|raw|etroy's rating: 1360 &rarr; <strong>1346<\/strong><br \/>(-14 for losing)\n|raw|ac1516's rating: 1475 &rarr; <strong>1489<\/strong><br \/>(+14 for winning)\n|l|\u2606etroy\n","uploadtime":1699314507,"views":16,"p1id":"etroy","p2id":"ac1516","formatid":"gen9doublesou","rating":1346,"private":0,"password":""}