{"id":"gen9doublesou-1972310799","p1":"END MEEEEE","p2":"Lilyrayi","format":"[Gen 9] Doubles OU","log":"|j|\u2606END MEEEEE\n|j|\u2606Lilyrayi\n|t:|1697830238\n|gametype|doubles\n|player|p1|END MEEEEE|102|\n|player|p2|Lilyrayi|elesa-masters|\n|teamsize|p1|6\n|teamsize|p2|6\n|gen|9\n|tier|[Gen 9] Doubles OU\n|rule|Species Clause: Limit one of each Pok\u00e9mon\n|rule|OHKO Clause: OHKO moves are banned\n|rule|Evasion Moves Clause: Evasion moves are banned\n|rule|Gravity Sleep Clause: The combination of sleep-inducing moves with imperfect accuracy and Gravity or Gigantamax Orbeetle are banned\n|rule|Endless Battle Clause: Forcing endless battles is banned\n|rule|HP Percentage Mod: HP is shown in percentages\n|clearpoke\n|poke|p1|Arboliva, F|\n|poke|p1|Spiritomb, M|\n|poke|p1|Hatterene, F|\n|poke|p1|Kingambit, M|\n|poke|p1|Crawdaunt, M|\n|poke|p1|Frosmoth, F|\n|poke|p2|Hatterene, F|\n|poke|p2|Garganacl, F|\n|poke|p2|Banette, F|\n|poke|p2|Spiritomb, M|\n|poke|p2|Pincurchin, F|\n|poke|p2|Dragalge, F|\n|teampreview\n|c|\u2606END MEEEEE|Copier\n|c|\u2606END MEEEEE|:3\n|c|\u2606Lilyrayi|omg hi\n|c|\u2606Lilyrayi|hiiii\n|c|\u2606Lilyrayi|i looooooooooove hatterene\n|inactive|Battle timer is ON: inactive players will automatically lose when time's up. (requested by END MEEEEE)\n|c|\u2606END MEEEEE|Omg omg\n|c|\u2606END MEEEEE|i don\u2019t\u2026\n|\n|t:|1697830293\n|start\n|switch|p1a: Janice Everfrost|Frosmoth, F, shiny|100\/100\n|switch|p1b: NYAN NEKO SAMURAI|Kingambit, M, shiny|100\/100\n|switch|p2a: run bitch run|Hatterene, F|100\/100\n|switch|p2b: best doll|Banette, F|100\/100\n|-item|p1a: Janice Everfrost|Heavy-Duty Boots|[from] ability: Frisk|[of] p2b: best doll|[identify]\n|-item|p1b: NYAN NEKO SAMURAI|Weakness Policy|[from] ability: Frisk|[of] p2b: best doll|[identify]\n|turn|1\n|c|\u2606Lilyrayi|i use only the mons ilike on this team\n|c|\u2606END MEEEEE|ohhhh\n|inactive|Lilyrayi has 270 seconds left.\n|c|\u2606END MEEEEE|i just use underrated mond\n|c|\u2606END MEEEEE|with some good ones\n|\n|t:|1697830342\n|switch|p1a: Bitch slap|Hatterene, F|100\/100\n|move|p1b: NYAN NEKO SAMURAI|Iron Head|p2a: run bitch run\n|-supereffective|p2a: run bitch run\n|-damage|p2a: run bitch run|0 fnt\n|faint|p2a: run bitch run\n|move|p2b: best doll|Knock Off|p1a: Bitch slap\n|-damage|p1a: Bitch slap|55\/100\n|-enditem|p1a: Bitch slap|Focus Sash|[from] move: Knock Off|[of] p2b: best doll\n|-damage|p2b: best doll|91\/100|[from] item: Life Orb\n|\n|upkeep\n|c|\u2606END MEEEEE|like my gen 8 team\n|\n|t:|1697830353\n|switch|p2a: evil itself|Spiritomb, M|100\/100\n|turn|2\n|inactive|Lilyrayi has 270 seconds left.\n|\n|t:|1697830368\n|switch|p1a: Olive Garden|Arboliva, F, shiny|100\/100\n|-terastallize|p1b: NYAN NEKO SAMURAI|Fairy\n|move|p1b: NYAN NEKO SAMURAI|Tera Blast|p2a: evil itself|[anim] Tera Blast Fairy\n|-supereffective|p2a: evil itself\n|-crit|p2a: evil itself\n|-damage|p2a: evil itself|0 fnt\n|faint|p2a: evil itself\n|move|p2b: best doll|Shadow Claw|p1a: Olive Garden\n|-immune|p1a: Olive Garden\n|\n|upkeep\n|\n|t:|1697830387\n|switch|p2a: sea dragon|Dragalge, F|100\/100\n|turn|3\n|c|\u2606Lilyrayi|ehokay,,,,\n|inactive|Lilyrayi has 270 seconds left.\n|\n|t:|1697830397\n|move|p1b: NYAN NEKO SAMURAI|Kowtow Cleave|p2a: sea dragon\n|-damage|p2a: sea dragon|40\/100\n|move|p2b: best doll|Knock Off|p1a: Olive Garden\n|-damage|p1a: Olive Garden|61\/100\n|-fieldstart|move: Grassy Terrain|[from] ability: Seed Sower|[of] p1a: Olive Garden\n|-enditem|p1a: Olive Garden|Wise Glasses|[from] move: Knock Off|[of] p2b: best doll\n|-damage|p2b: best doll|81\/100|[from] item: Life Orb\n|move|p2a: sea dragon|Sludge Bomb|p1b: NYAN NEKO SAMURAI\n|-supereffective|p1b: NYAN NEKO SAMURAI\n|-damage|p1b: NYAN NEKO SAMURAI|10\/100\n|-status|p1b: NYAN NEKO SAMURAI|psn\n|-enditem|p1b: NYAN NEKO SAMURAI|Weakness Policy\n|-boost|p1b: NYAN NEKO SAMURAI|atk|2|[from] item: Weakness Policy\n|-boost|p1b: NYAN NEKO SAMURAI|spa|2|[from] item: Weakness Policy\n|move|p1a: Olive Garden|Pollen Puff|p1b: NYAN NEKO SAMURAI\n|-heal|p1b: NYAN NEKO SAMURAI|60\/100 psn\n|\n|-heal|p1b: NYAN NEKO SAMURAI|66\/100 psn|[from] Grassy Terrain\n|-heal|p2b: best doll|87\/100|[from] Grassy Terrain\n|-heal|p2a: sea dragon|46\/100|[from] Grassy Terrain\n|-heal|p2a: sea dragon|52\/100|[from] item: Black Sludge\n|-heal|p1a: Olive Garden|67\/100|[from] Grassy Terrain\n|-damage|p1b: NYAN NEKO SAMURAI|54\/100 psn|[from] psn\n|upkeep\n|turn|4\n|c|\u2606Lilyrayi|ah\n|inactive|Lilyrayi has 270 seconds left.\n|c|\u2606Lilyrayi|so thats how it operates\n|\n|t:|1697830439\n|move|p1b: NYAN NEKO SAMURAI|Sucker Punch|p2a: sea dragon\n|-damage|p2a: sea dragon|0 fnt\n|faint|p2a: sea dragon\n|move|p2b: best doll|Shadow Claw|p1b: NYAN NEKO SAMURAI\n|-damage|p1b: NYAN NEKO SAMURAI|20\/100 psn\n|-damage|p2b: best doll|77\/100|[from] item: Life Orb\n|move|p1a: Olive Garden|Pollen Puff|p1b: NYAN NEKO SAMURAI\n|-heal|p1b: NYAN NEKO SAMURAI|70\/100 psn\n|\n|-heal|p1b: NYAN NEKO SAMURAI|76\/100 psn|[from] Grassy Terrain\n|-heal|p2b: best doll|83\/100|[from] Grassy Terrain\n|-heal|p1a: Olive Garden|73\/100|[from] Grassy Terrain\n|-damage|p1b: NYAN NEKO SAMURAI|64\/100 psn|[from] psn\n|upkeep\n|\n|t:|1697830450\n|switch|p2a: baby|Pincurchin, F|100\/100\n|-fieldstart|move: Electric Terrain|[from] ability: Electric Surge|[of] p2a: baby\n|turn|5\n|c|\u2606Lilyrayi|GO GO URCHIN\n|\n|t:|1697830472\n|move|p1b: NYAN NEKO SAMURAI|Sucker Punch||[still]\n|-fail|p1b: NYAN NEKO SAMURAI\n|move|p2b: best doll|Destiny Bond|p2b: best doll\n|-singlemove|p2b: best doll|Destiny Bond\n|move|p1a: Olive Garden|Earth Power|p2a: baby\n|-supereffective|p2a: baby\n|-damage|p2a: baby|27\/100\n|move|p2a: baby|Poison Jab|p1b: NYAN NEKO SAMURAI\n|-supereffective|p1b: NYAN NEKO SAMURAI\n|-damage|p1b: NYAN NEKO SAMURAI|8\/100 psn\n|\n|-damage|p1b: NYAN NEKO SAMURAI|0 fnt|[from] psn\n|faint|p1b: NYAN NEKO SAMURAI\n|upkeep\n|\n|t:|1697830499\n|switch|p1b: Phantom Menace|Spiritomb, M, shiny|100\/100\n|turn|6\n|inactive|Lilyrayi has 270 seconds left.\n|\n|t:|1697830517\n|move|p2b: best doll|Knock Off|p1b: Phantom Menace\n|-damage|p1b: Phantom Menace|58\/100\n|-enditem|p1b: Phantom Menace|Roseli Berry|[from] move: Knock Off|[of] p2b: best doll\n|-damage|p2b: best doll|74\/100|[from] item: Life Orb\n|move|p1a: Olive Garden|Energy Ball|p2a: baby\n|-damage|p2a: baby|0 fnt\n|faint|p2a: baby\n|move|p1b: Phantom Menace|Trick Room|p1b: Phantom Menace\n|-fieldstart|move: Trick Room|[of] p1b: Phantom Menace\n|\n|upkeep\n|c|\u2606Lilyrayi|HOHOO\n|c|\u2606Lilyrayi|fun fact\n|c|\u2606Lilyrayi|this team was trick room from start\n|c|\u2606Lilyrayi|you just never let me set it up\n|\n|t:|1697830546\n|switch|p2a: roc|Garganacl, F|100\/100\n|turn|7\n|c|\u2606Lilyrayi|which i DONT know why\n|\n|t:|1697830563\n|-terastallize|p2a: roc|Ghost\n|move|p1a: Olive Garden|Strength Sap|p2a: roc\n|-unboost|p2a: roc|atk|1\n|-heal|p1a: Olive Garden|100\/100\n|move|p1b: Phantom Menace|Will-O-Wisp|p2a: roc\n|-immune|p2a: roc|[from] ability: Purifying Salt\n|move|p2b: best doll|Swords Dance|p2b: best doll\n|-boost|p2b: best doll|atk|2\n|move|p2a: roc|Avalanche|p1a: Olive Garden\n|-supereffective|p1a: Olive Garden\n|-damage|p1a: Olive Garden|83\/100\n|-fieldstart|move: Grassy Terrain|[from] ability: Seed Sower|[of] p1a: Olive Garden\n|\n|-heal|p1a: Olive Garden|89\/100|[from] Grassy Terrain\n|-heal|p1b: Phantom Menace|64\/100|[from] Grassy Terrain\n|-heal|p2b: best doll|80\/100|[from] Grassy Terrain\n|upkeep\n|turn|8\n|c|\u2606END MEEEEE|because\n|inactive|Lilyrayi has 270 seconds left.\n|c|\u2606END MEEEEE|i knew all of them would outspeef me if I had it up\n|inactive|END MEEEEE has 270 seconds left.\n|\n|t:|1697830598\n|move|p2a: roc|Salt Cure|p1b: Phantom Menace\n|-damage|p1b: Phantom Menace|55\/100\n|-start|p1b: Phantom Menace|Salt Cure\n|move|p1a: Olive Garden|Energy Ball|p2b: best doll\n|-damage|p2b: best doll|6\/100\n|move|p1b: Phantom Menace|Night Shade|p2b: best doll\n|-damage|p2b: best doll|0 fnt\n|faint|p2b: best doll\n|\n|-heal|p1a: Olive Garden|95\/100|[from] Grassy Terrain\n|-heal|p1b: Phantom Menace|61\/100|[from] Grassy Terrain\n|-damage|p1b: Phantom Menace|48\/100|[from] Salt Cure\n|upkeep\n|turn|9\n|inactive|Lilyrayi has 270 seconds left.\n|c|\u2606Lilyrayi|wtf targetting\n|\n|t:|1697830616\n|switch|p1b: BIG MEATY CLAWS|Crawdaunt, M, shiny|100\/100\n|move|p2a: roc|Recover||[still]\n|-fail|p2a: roc|heal\n|move|p1a: Olive Garden|Strength Sap|p2a: roc\n|-unboost|p2a: roc|atk|1\n|-heal|p1a: Olive Garden|100\/100\n|\n|upkeep\n|turn|10\n|\n|t:|1697830626\n|move|p2a: roc|Salt Cure|p1b: BIG MEATY CLAWS\n|-damage|p1b: BIG MEATY CLAWS|91\/100\n|-start|p1b: BIG MEATY CLAWS|Salt Cure\n|move|p1a: Olive Garden|Energy Ball|p2a: roc\n|-damage|p2a: roc|59\/100\n|move|p1b: BIG MEATY CLAWS|Knock Off|p2a: roc\n|-supereffective|p2a: roc\n|-damage|p2a: roc|0 fnt\n|-enditem|p2a: roc|Leftovers|[from] move: Knock Off|[of] p1b: BIG MEATY CLAWS\n|faint|p2a: roc\n|\n|win|END MEEEEE\n|c|\u2606Lilyrayi|death\n|c|\u2606Lilyrayi|heat death of the universe\n|c|\u2606END MEEEEE|I WINNN\n|c|\u2606Lilyrayi|CONGRATTATATIONS\n|c|\u2606END MEEEEE|MUEHAHAHAHAAJWJWODHAS\n|c|\u2606Lilyrayi|ONE OUT OF 3 GAMES ONE\n|c|\u2606END MEEEEE|SHUT UP I JUST MADE THOSE IN RHE START\n|c|\u2606Lilyrayi|hskjhkhjekhkhkg\n|c|\u2606END MEEEEE|GEGRGEHWHAJAJS\n|c|\u2606Lilyrayi|mine is literally troll\n|c|\u2606END MEEEEE|But mines a bigger troll\n|c|\u2606Lilyrayi|yours is\n|c|\u2606Lilyrayi|well rounded\n|c|\u2606Lilyrayi|actually\n|c|\u2606END MEEEEE|used TO DEFEAT THE LIKES OF CALYEX\n|c|\u2606Lilyrayi|- points for not using mons you like though\n|c|\u2606END MEEEEE|DODONZO\n|c|\u2606END MEEEEE|WTF\n|c|\u2606END MEEEEE|I LOVE CRAWDAUNT\n|c|\u2606END MEEEEE|HELL I ORIGINALLY MADE THIS TEAM FOR SPIRITOMB\n","uploadtime":1697830764,"views":10,"p1id":"endmeeeee","p2id":"lilyrayi","formatid":"gen9doublesou","rating":0,"private":0,"password":""}