{"id":"gen9doublesou-1967876222","p1":"Empoleonop0706","p2":"Wwafflee","format":"[Gen 9] Doubles OU","log":"|html|<div class=\"broadcast-blue\"><strong>[Gen 9] Doubles OU is currently suspecting Basculegion & Flutter Mane! For information on how to participate check out the <a href=\"https:\/\/www.smogon.com\/forums\/threads\/np-sv-dou-stage-8-double-trouble.3729153\/\">suspect thread<\/a>.<\/strong><\/div>\n|j|\u2606Empoleonop0706\n|j|\u2606Wwafflee\n|t:|1697350791\n|gametype|doubles\n|player|p1|Empoleonop0706|101|1390\n|player|p2|Wwafflee|170|1347\n|teamsize|p1|6\n|teamsize|p2|6\n|gen|9\n|tier|[Gen 9] Doubles OU\n|rated|\n|rule|Species Clause: Limit one of each Pok\u00e9mon\n|rule|OHKO Clause: OHKO moves are banned\n|rule|Evasion Moves Clause: Evasion moves are banned\n|rule|Gravity Sleep Clause: The combination of sleep-inducing moves with imperfect accuracy and Gravity or Gigantamax Orbeetle are banned\n|rule|Endless Battle Clause: Forcing endless battles is banned\n|rule|HP Percentage Mod: HP is shown in percentages\n|clearpoke\n|poke|p1|Chien-Pao|\n|poke|p1|Flutter Mane|\n|poke|p1|Ogerpon, F|\n|poke|p1|Arcanine-Hisui, M|\n|poke|p1|Basculegion, M|\n|poke|p1|Iron Hands|\n|poke|p2|Indeedee-F, F|\n|poke|p2|Armarouge, M|\n|poke|p2|Torkoal, F|\n|poke|p2|Flutter Mane|\n|poke|p2|Walking Wake|\n|poke|p2|Sinistcha|\n|teampreview\n|\n|t:|1697350832\n|start\n|switch|p1a: Chien-Pao|Chien-Pao|100\/100\n|switch|p1b: Arcanine|Arcanine-Hisui, M|100\/100\n|switch|p2a: Torkoal|Torkoal, F|100\/100\n|switch|p2b: Walking Wake|Walking Wake|100\/100\n|-ability|p1a: Chien-Pao|Sword of Ruin\n|-ability|p1b: Arcanine|Intimidate|boost\n|-unboost|p2a: Torkoal|atk|1\n|-unboost|p2b: Walking Wake|atk|1\n|-weather|SunnyDay|[from] ability: Drought|[of] p2a: Torkoal\n|-activate|p2b: Walking Wake|ability: Protosynthesis\n|-start|p2b: Walking Wake|protosynthesisspe\n|turn|1\n|\n|t:|1697350861\n|switch|p1b: Iron Hands|Iron Hands|100\/100\n|move|p1a: Chien-Pao|Protect|p1a: Chien-Pao\n|-singleturn|p1a: Chien-Pao|Protect\n|move|p2b: Walking Wake|Hydro Steam|p1b: Iron Hands\n|-damage|p1b: Iron Hands|72\/100\n|move|p2a: Torkoal|Eruption|p1b: Iron Hands|[spread] p1b\n|-activate|p1a: Chien-Pao|move: Protect\n|-damage|p1b: Iron Hands|37\/100\n|-damage|p2a: Torkoal|91\/100|[from] item: Life Orb\n|\n|-weather|SunnyDay|[upkeep]\n|upkeep\n|turn|2\n|\n|t:|1697350892\n|switch|p1a: Basculegion|Basculegion, M|100\/100\n|-terastallize|p2b: Walking Wake|Steel\n|move|p2b: Walking Wake|Tera Blast|p1a: Basculegion|[anim] Tera Blast Steel\n|-resisted|p1a: Basculegion\n|-damage|p1a: Basculegion|82\/100\n|move|p1b: Iron Hands|Drain Punch|p2a: Torkoal\n|-damage|p2a: Torkoal|62\/100\n|-heal|p1b: Iron Hands|48\/100|[from] drain|[of] p2a: Torkoal\n|move|p2a: Torkoal|Eruption|p1a: Basculegion|[spread] p1a,p1b\n|-resisted|p1a: Basculegion\n|-damage|p1a: Basculegion|59\/100\n|-damage|p1b: Iron Hands|25\/100\n|-damage|p2a: Torkoal|53\/100|[from] item: Life Orb\n|\n|-weather|SunnyDay|[upkeep]\n|upkeep\n|turn|3\n|\n|t:|1697350929\n|-end|p1b: Iron Hands|Quark Drive|[silent]\n|switch|p1b: Flutter Mane|Flutter Mane, shiny|100\/100\n|-activate|p1b: Flutter Mane|ability: Protosynthesis\n|-start|p1b: Flutter Mane|protosynthesisspe\n|move|p2a: Torkoal|Helping Hand|p2b: Walking Wake\n|-singleturn|p2b: Walking Wake|Helping Hand|[of] p2a: Torkoal\n|move|p2b: Walking Wake|Hydro Steam|p1b: Flutter Mane\n|-damage|p1b: Flutter Mane|21\/100\n|move|p1a: Basculegion|Flip Turn|p2a: Torkoal\n|-supereffective|p2a: Torkoal\n|-damage|p2a: Torkoal|30\/100\n|inactive|Battle timer is ON: inactive players will automatically lose when time's up. (requested by Wwafflee)\n|inactive|Empoleonop0706 has 120 seconds left.\n|\n|t:|1697350962\n|switch|p1a: Arcanine|Arcanine-Hisui, M|100\/100|[from] Flip Turn\n|-ability|p1a: Arcanine|Intimidate|boost\n|-unboost|p2a: Torkoal|atk|1\n|-unboost|p2b: Walking Wake|atk|1\n|\n|-weather|SunnyDay|[upkeep]\n|upkeep\n|turn|4\n|\n|t:|1697350984\n|switch|p1a: Ogerpon|Ogerpon, F|100\/100\n|move|p1b: Flutter Mane|Icy Wind|p2a: Torkoal|[spread] p2a,p2b\n|-resisted|p2a: Torkoal\n|-resisted|p2b: Walking Wake\n|-damage|p2a: Torkoal|21\/100\n|-damage|p2b: Walking Wake|93\/100\n|-unboost|p2a: Torkoal|spe|1\n|-unboost|p2b: Walking Wake|spe|1\n|move|p2b: Walking Wake|Hydro Steam|p1a: Ogerpon\n|-resisted|p1a: Ogerpon\n|-damage|p1a: Ogerpon|74\/100\n|move|p2a: Torkoal|Clear Smog|p1b: Flutter Mane\n|-damage|p1b: Flutter Mane|8\/100\n|-clearboost|p1b: Flutter Mane\n|-damage|p2a: Torkoal|11\/100|[from] item: Life Orb\n|\n|-weather|SunnyDay|[upkeep]\n|upkeep\n|turn|5\n|inactive|Empoleonop0706 has 120 seconds left.\n|\n|t:|1697351035\n|move|p2a: Torkoal|Helping Hand|p2b: Walking Wake\n|-singleturn|p2b: Walking Wake|Helping Hand|[of] p2a: Torkoal\n|move|p1b: Flutter Mane|Shadow Ball|p2b: Walking Wake\n|-damage|p2b: Walking Wake|55\/100\n|-unboost|p2b: Walking Wake|spd|1\n|move|p2b: Walking Wake|Draco Meteor|p1a: Ogerpon\n|-damage|p1a: Ogerpon|0 fnt\n|-unboost|p2b: Walking Wake|spa|2\n|faint|p1a: Ogerpon\n|\n|-weather|none\n|-end|p1b: Flutter Mane|Protosynthesis\n|-end|p2b: Walking Wake|Protosynthesis\n|upkeep\n|-enditem|p1b: Flutter Mane|Booster Energy\n|-activate|p1b: Flutter Mane|ability: Protosynthesis|[fromitem]\n|-start|p1b: Flutter Mane|protosynthesisspe\n|inactive|Empoleonop0706 has 90 seconds left.\n|\n|t:|1697351058\n|switch|p1a: Basculegion|Basculegion, M|59\/100\n|turn|6\n|\n|t:|1697351070\n|-end|p2b: Walking Wake|Protosynthesis|[silent]\n|switch|p2b: Flutter Mane|Flutter Mane|100\/100\n|switch|p2a: Sinistcha|Sinistcha|100\/100\n|move|p1b: Flutter Mane|Shadow Ball|p2b: Flutter Mane\n|-supereffective|p2b: Flutter Mane\n|-damage|p2b: Flutter Mane|16\/100\n|-unboost|p2b: Flutter Mane|spd|1\n|move|p1a: Basculegion|Flip Turn|p2a: Sinistcha\n|-resisted|p2a: Sinistcha\n|-damage|p2a: Sinistcha|84\/100\n|inactive|Empoleonop0706 has 90 seconds left.\n|\n|t:|1697351090\n|switch|p1a: Arcanine|Arcanine-Hisui, M|100\/100|[from] Flip Turn\n|-ability|p1a: Arcanine|Intimidate|boost\n|-unboost|p2a: Sinistcha|atk|1\n|-unboost|p2b: Flutter Mane|atk|1\n|\n|upkeep\n|turn|7\n|\n|t:|1697351102\n|move|p1b: Flutter Mane|Icy Wind|p2b: Flutter Mane|[spread] p2a,p2b\n|-supereffective|p2a: Sinistcha\n|-damage|p2a: Sinistcha|57\/100\n|-damage|p2b: Flutter Mane|0 fnt\n|-unboost|p2a: Sinistcha|spe|1\n|faint|p2b: Flutter Mane\n|-end|p2b: Flutter Mane|Protosynthesis|[silent]\n|move|p1a: Arcanine|Rock Slide|p2a: Sinistcha\n|-damage|p2a: Sinistcha|3\/100\n|move|p2a: Sinistcha|Matcha Gotcha|p1b: Flutter Mane|[spread] p1a,p1b\n|-damage|p1a: Arcanine|75\/100\n|-heal|p2a: Sinistcha|17\/100|[from] drain|[of] p1a: Arcanine\n|-damage|p1b: Flutter Mane|0 fnt\n|-heal|p2a: Sinistcha|20\/100|[from] drain|[of] p1b: Flutter Mane\n|faint|p1b: Flutter Mane\n|-end|p1b: Flutter Mane|Protosynthesis|[silent]\n|\n|upkeep\n|inactive|Empoleonop0706 has 120 seconds left.\n|\n|t:|1697351136\n|switch|p1b: Iron Hands|Iron Hands|25\/100\n|switch|p2b: Torkoal|Torkoal, F|11\/100\n|-weather|SunnyDay|[from] ability: Drought|[of] p2b: Torkoal\n|turn|8\n|inactive|Empoleonop0706 has 120 seconds left.\n|\n|t:|1697351169\n|move|p2b: Torkoal|Helping Hand|p2a: Sinistcha\n|-singleturn|p2a: Sinistcha|Helping Hand|[of] p2b: Torkoal\n|move|p1a: Arcanine|Rock Slide|p2b: Torkoal|[spread] p2a,p2b\n|-supereffective|p2b: Torkoal\n|-damage|p2a: Sinistcha|0 fnt\n|-damage|p2b: Torkoal|0 fnt\n|faint|p2a: Sinistcha\n|faint|p2b: Torkoal\n|move|p1b: Iron Hands|Drain Punch|p2: Sinistcha|[notarget]\n|-fail|p1b: Iron Hands\n|\n|-weather|SunnyDay|[upkeep]\n|upkeep\n|\n|t:|1697351180\n|switch|p2a: Indeedee|Indeedee-F, F|100\/100\n|switch|p2b: Armarouge|Armarouge, M|100\/100\n|-fieldstart|move: Psychic Terrain|[from] ability: Psychic Surge|[of] p2a: Indeedee\n|turn|9\n|inactive|Empoleonop0706 has 120 seconds left.\n|\n|t:|1697351199\n|-end|p1b: Iron Hands|Quark Drive|[silent]\n|switch|p1b: Chien-Pao|Chien-Pao|100\/100\n|-ability|p1b: Chien-Pao|Sword of Ruin\n|move|p2a: Indeedee|Follow Me|p2a: Indeedee\n|-singleturn|p2a: Indeedee|move: Follow Me\n|move|p1a: Arcanine|Rock Slide|p2a: Indeedee|[spread] p2a,p2b\n|-supereffective|p2b: Armarouge\n|-damage|p2a: Indeedee|36\/100\n|-damage|p2b: Armarouge|0 fnt\n|faint|p2b: Armarouge\n|\n|-weather|SunnyDay|[upkeep]\n|upkeep\n|\n|t:|1697351210\n|switch|p2b: Walking Wake|Walking Wake, tera:Steel|55\/100\n|-activate|p2b: Walking Wake|ability: Protosynthesis\n|-start|p2b: Walking Wake|protosynthesisspe\n|turn|10\n|\n|t:|1697351224\n|move|p2b: Walking Wake|Tera Blast|p1b: Chien-Pao|[anim] Tera Blast Steel\n|-supereffective|p1b: Chien-Pao\n|-enditem|p1b: Chien-Pao|Focus Sash\n|-damage|p1b: Chien-Pao|1\/100\n|move|p1b: Chien-Pao|Ice Spinner|p2a: Indeedee\n|-damage|p2a: Indeedee|0 fnt\n|-damage|p1b: Chien-Pao|0 fnt|[from] item: Rocky Helmet|[of] p2a: Indeedee\n|faint|p2a: Indeedee\n|faint|p1b: Chien-Pao\n|move|p1a: Arcanine|Rock Slide|p2b: Walking Wake|[miss]\n|-miss|p1a: Arcanine|p2b: Walking Wake\n|\n|-weather|SunnyDay|[upkeep]\n|upkeep\n|inactive|Empoleonop0706 has 120 seconds left.\n|\n|t:|1697351244\n|switch|p1b: Basculegion|Basculegion, M|59\/100\n|turn|11\n|\n|t:|1697351251\n|-terastallize|p1b: Basculegion|Fairy\n|move|p2b: Walking Wake|Hydro Steam|p1a: Arcanine\n|-supereffective|p1a: Arcanine\n|-damage|p1a: Arcanine|0 fnt\n|faint|p1a: Arcanine\n|move|p1b: Basculegion|Last Respects|p2b: Walking Wake\n|-damage|p2b: Walking Wake|0 fnt\n|faint|p2b: Walking Wake\n|-end|p2b: Walking Wake|Protosynthesis|[silent]\n|\n|win|Empoleonop0706\n|raw|Empoleonop0706's rating: 1390 &rarr; <strong>1408<\/strong><br \/>(+18 for winning)\n|raw|Wwafflee's rating: 1347 &rarr; <strong>1329<\/strong><br \/>(-18 for losing)\n|l|\u2606Wwafflee\n","uploadtime":1697351458,"views":23,"p1id":"empoleonop0706","p2id":"wwafflee","formatid":"gen9doublesou","rating":1329,"private":0,"password":""}