{"id":"gen9doublesou-1976137251","p1":"God_of_STANK!","p2":"Cicciogamba","format":"[Gen 9] Doubles OU","log":"|j|\u2606God_of_STANK!\n|j|\u2606Cicciogamba\n|t:|1698266917\n|gametype|doubles\n|player|p1|God_of_STANK!|psychic|1287\n|player|p2|Cicciogamba|colress|1315\n|teamsize|p1|6\n|teamsize|p2|6\n|gen|9\n|tier|[Gen 9] Doubles OU\n|rated|\n|rule|Species Clause: Limit one of each Pok\u00e9mon\n|rule|OHKO Clause: OHKO moves are banned\n|rule|Evasion Moves Clause: Evasion moves are banned\n|rule|Gravity Sleep Clause: The combination of sleep-inducing moves with imperfect accuracy and Gravity or Gigantamax Orbeetle are banned\n|rule|Endless Battle Clause: Forcing endless battles is banned\n|rule|HP Percentage Mod: HP is shown in percentages\n|clearpoke\n|poke|p1|Grimmsnarl, M|\n|poke|p1|Chien-Pao|\n|poke|p1|Cresselia, F|\n|poke|p1|Iron Hands|\n|poke|p1|Tornadus, M|\n|poke|p1|Walking Wake|\n|poke|p2|Oranguru, F|\n|poke|p2|Torkoal, M|\n|poke|p2|Hatterene, F|\n|poke|p2|Amoonguss, F|\n|poke|p2|Armarouge, M|\n|poke|p2|Golem, F|\n|teampreview\n|inactive|Battle timer is ON: inactive players will automatically lose when time's up. (requested by God_of_STANK!)\n|\n|t:|1698266925\n|start\n|switch|p1a: Grimmsnarl|Grimmsnarl, M|100\/100\n|switch|p1b: Iron Hands|Iron Hands|100\/100\n|switch|p2a: Armarouge|Armarouge, M|100\/100\n|switch|p2b: Amoonguss|Amoonguss, F|100\/100\n|turn|1\n|\n|t:|1698266938\n|move|p2b: Amoonguss|Protect|p2b: Amoonguss\n|-singleturn|p2b: Amoonguss|Protect\n|move|p1a: Grimmsnarl|Fake Out|p2b: Amoonguss\n|-activate|p2b: Amoonguss|move: Protect\n|move|p1b: Iron Hands|Belly Drum|p1b: Iron Hands\n|-damage|p1b: Iron Hands|51\/100\n|-setboost|p1b: Iron Hands|atk|6|[from] move: Belly Drum\n|move|p2a: Armarouge|Trick Room|p2a: Armarouge\n|-fieldstart|move: Trick Room|[of] p2a: Armarouge\n|\n|upkeep\n|turn|2\n|\n|t:|1698266965\n|move|p1b: Iron Hands|Protect|p1b: Iron Hands\n|-singleturn|p1b: Iron Hands|Protect\n|move|p1a: Grimmsnarl|Parting Shot|p2a: Armarouge\n|-unboost|p2a: Armarouge|atk|1\n|-unboost|p2a: Armarouge|spa|1\n|inactive|God_of_STANK! has 120 seconds left.\n|\n|t:|1698266996\n|switch|p1a: Cresselia|Cresselia, F|100\/100|[from] Parting Shot\n|move|p2b: Amoonguss|Spore|p1b: Iron Hands\n|-activate|p1b: Iron Hands|move: Protect\n|move|p2a: Armarouge|Expanding Force|p1b: Iron Hands\n|-activate|p1b: Iron Hands|move: Protect\n|\n|upkeep\n|turn|3\n|\n|t:|1698267013\n|move|p2b: Amoonguss|Spore|p1b: Iron Hands\n|-status|p1b: Iron Hands|slp|[from] move: Spore\n|cant|p1b: Iron Hands|slp\n|move|p2a: Armarouge|Expanding Force|p1b: Iron Hands\n|-supereffective|p1b: Iron Hands\n|-damage|p1b: Iron Hands|9\/100 slp\n|-enditem|p1b: Iron Hands|Sitrus Berry|[eat]\n|-heal|p1b: Iron Hands|34\/100 slp|[from] item: Sitrus Berry\n|move|p1a: Cresselia|Lunar Blessing|p1a: Cresselia|[spread] p1a,p1b\n|-heal|p1b: Iron Hands|59\/100 slp\n|-curestatus|p1b: Iron Hands|slp|[msg]\n|\n|upkeep\n|turn|4\n|\n|t:|1698267035\n|move|p1a: Cresselia|Ally Switch|p1a: Cresselia\n|swap|p1a: Cresselia|1|[from] move: Ally Switch\n|move|p2b: Amoonguss|Clear Smog|p1b: Cresselia\n|-damage|p1b: Cresselia|90\/100\n|-clearboost|p1b: Cresselia\n|move|p1a: Iron Hands|Drain Punch|p2a: Armarouge\n|-resisted|p2a: Armarouge\n|-damage|p2a: Armarouge|35\/100\n|-heal|p1a: Iron Hands|86\/100|[from] drain|[of] p2a: Armarouge\n|move|p2a: Armarouge|Expanding Force|p1b: Cresselia\n|-resisted|p1b: Cresselia\n|-damage|p1b: Cresselia|79\/100\n|\n|upkeep\n|turn|5\n|inactive|Cicciogamba has 120 seconds left.\n|\n|t:|1698267065\n|move|p1a: Iron Hands|Protect|p1a: Iron Hands\n|-singleturn|p1a: Iron Hands|Protect\n|move|p2b: Amoonguss|Toxic|p1a: Iron Hands\n|-activate|p1a: Iron Hands|move: Protect\n|move|p2a: Armarouge|Expanding Force|p1a: Iron Hands\n|-activate|p1a: Iron Hands|move: Protect\n|move|p1b: Cresselia|Lunar Blessing|p1b: Cresselia|[spread] p1a,p1b\n|-heal|p1a: Iron Hands|100\/100\n|-heal|p1b: Cresselia|100\/100\n|\n|-fieldend|move: Trick Room\n|upkeep\n|turn|6\n|inactive|Cicciogamba has 120 seconds left.\n|\n|t:|1698267105\n|switch|p2a: Torkoal|Torkoal, M|100\/100\n|-weather|SunnyDay|[from] ability: Drought|[of] p2a: Torkoal\n|move|p1b: Cresselia|Ally Switch|p1b: Cresselia\n|swap|p1b: Cresselia|0|[from] move: Ally Switch\n|move|p1b: Iron Hands|Iron Head|p2b: Amoonguss\n|-damage|p2b: Amoonguss|7\/100\n|-damage|p1b: Iron Hands|84\/100|[from] item: Rocky Helmet|[of] p2b: Amoonguss\n|move|p2b: Amoonguss|Spore|p1a: Cresselia\n|-status|p1a: Cresselia|slp|[from] move: Spore\n|\n|-weather|SunnyDay|[upkeep]\n|upkeep\n|turn|7\n|inactive|Cicciogamba has 120 seconds left.\n|\n|t:|1698267126\n|-terastallize|p2a: Torkoal|Fire\n|cant|p1a: Cresselia|slp\n|move|p1b: Iron Hands|Drain Punch|p2a: Torkoal\n|-damage|p2a: Torkoal|0 fnt\n|-heal|p1b: Iron Hands|100\/100|[from] drain|[of] p2a: Torkoal\n|faint|p2a: Torkoal\n|move|p2b: Amoonguss|Spore|p1b: Iron Hands\n|-status|p1b: Iron Hands|slp|[from] move: Spore\n|\n|-weather|SunnyDay|[upkeep]\n|upkeep\n|\n|t:|1698267138\n|switch|p2a: Hatterene|Hatterene, F|100\/100\n|turn|8\n|\n|t:|1698267146\n|-curestatus|p1a: Cresselia|slp|[msg]\n|move|p1a: Cresselia|Moonblast|p2b: Amoonguss\n|-resisted|p2b: Amoonguss\n|-damage|p2b: Amoonguss|0 fnt\n|faint|p2b: Amoonguss\n|cant|p1b: Iron Hands|slp\n|move|p2a: Hatterene|Dazzling Gleam|p1b: Iron Hands|[spread] p1a,p1b\n|-supereffective|p1b: Iron Hands\n|-damage|p1a: Cresselia|70\/100\n|-damage|p1b: Iron Hands|39\/100 slp\n|\n|-weather|SunnyDay|[upkeep]\n|upkeep\n|inactive|Cicciogamba has 120 seconds left.\n|\n|t:|1698267163\n|switch|p2b: Armarouge|Armarouge, M|35\/100\n|turn|9\n|\n|t:|1698267170\n|-terastallize|p1b: Iron Hands|Fairy\n|move|p1a: Cresselia|Lunar Blessing|p1a: Cresselia|[spread] p1a,p1b\n|-heal|p1a: Cresselia|95\/100\n|-heal|p1b: Iron Hands|64\/100 slp\n|-curestatus|p1b: Iron Hands|slp|[msg]\n|move|p1b: Iron Hands|Iron Head|p2a: Hatterene\n|-supereffective|p2a: Hatterene\n|-damage|p2a: Hatterene|0 fnt\n|faint|p2a: Hatterene\n|move|p2b: Armarouge|Trick Room|p2b: Armarouge\n|-fieldstart|move: Trick Room|[of] p2b: Armarouge\n|\n|-weather|SunnyDay|[upkeep]\n|upkeep\n|\n|t:|1698267184\n|switch|p2a: Golem|Golem, F|100\/100\n|turn|10\n|\n|t:|1698267200\n|move|p1b: Iron Hands|Protect|p1b: Iron Hands\n|-singleturn|p1b: Iron Hands|Protect\n|move|p2a: Golem|Double-Edge|p1b: Iron Hands\n|-activate|p1b: Iron Hands|move: Protect\n|move|p2b: Armarouge|Expanding Force|p1b: Iron Hands\n|-activate|p1b: Iron Hands|move: Protect\n|move|p1a: Cresselia|Lunar Blessing|p1a: Cresselia|[spread] p1a,p1b\n|-heal|p1a: Cresselia|100\/100\n|-heal|p1b: Iron Hands|89\/100\n|\n|-weather|none\n|upkeep\n|turn|11\n|\n|t:|1698267222\n|move|p1a: Cresselia|Ally Switch|p1a: Cresselia\n|swap|p1a: Cresselia|1|[from] move: Ally Switch\n|move|p2a: Golem|Double-Edge|p1b: Cresselia\n|-enditem|p2a: Golem|Normal Gem|[from] gem\n|-damage|p1b: Cresselia|61\/100\n|move|p1a: Iron Hands|Drain Punch|p2a: Golem\n|-supereffective|p2a: Golem\n|-damage|p2a: Golem|0 fnt\n|-heal|p1a: Iron Hands|100\/100|[from] drain|[of] p2a: Golem\n|faint|p2a: Golem\n|move|p2b: Armarouge|Expanding Force|p1b: Cresselia\n|-resisted|p1b: Cresselia\n|-damage|p1b: Cresselia|47\/100\n|\n|upkeep\n|c|\u2606God_of_STANK!|gg\n|\n|t:|1698267234\n|switch|p2a: Oranguru|Oranguru, F|100\/100\n|turn|12\n|\n|t:|1698267244\n|move|p1a: Iron Hands|Protect|p1a: Iron Hands\n|-singleturn|p1a: Iron Hands|Protect\n|move|p2a: Oranguru|Hyper Voice|p1a: Iron Hands|[spread] p1b\n|-activate|p1a: Iron Hands|move: Protect\n|-crit|p1b: Cresselia\n|-damage|p1b: Cresselia|29\/100\n|move|p2b: Armarouge|Armor Cannon|p1a: Iron Hands\n|-activate|p1a: Iron Hands|move: Protect\n|move|p1b: Cresselia|Moonblast|p2b: Armarouge\n|-resisted|p2b: Armarouge\n|-damage|p2b: Armarouge|22\/100\n|-unboost|p2b: Armarouge|spa|1\n|\n|upkeep\n|turn|13\n|\n|t:|1698267261\n|move|p1b: Cresselia|Ally Switch|p1b: Cresselia\n|swap|p1b: Cresselia|0|[from] move: Ally Switch\n|move|p1b: Iron Hands|Drain Punch|p2a: Oranguru\n|-damage|p2a: Oranguru|0 fnt\n|faint|p2a: Oranguru\n|move|p2b: Armarouge|Armor Cannon|p1a: Cresselia\n|-damage|p1a: Cresselia|0 fnt\n|-unboost|p2b: Armarouge|def|1\n|-unboost|p2b: Armarouge|spd|1\n|faint|p1a: Cresselia\n|\n|-fieldend|move: Trick Room\n|upkeep\n|\n|t:|1698267268\n|switch|p1a: Grimmsnarl|Grimmsnarl, M|100\/100\n|turn|14\n|\n|t:|1698267276\n|move|p1a: Grimmsnarl|Fake Out|p2b: Armarouge\n|-damage|p2b: Armarouge|8\/100\n|cant|p2b: Armarouge|flinch\n|move|p1b: Iron Hands|Iron Head|p2b: Armarouge\n|-resisted|p2b: Armarouge\n|-damage|p2b: Armarouge|0 fnt\n|faint|p2b: Armarouge\n|\n|win|God_of_STANK!\n|raw|God_of_STANK!'s rating: 1287 &rarr; <strong>1314<\/strong><br \/>(+27 for winning)\n|raw|Cicciogamba's rating: 1315 &rarr; <strong>1293<\/strong><br \/>(-22 for losing)\n","uploadtime":1698267287,"views":16,"p1id":"godofstank","p2id":"cicciogamba","formatid":"gen9doublesou","rating":1293,"private":0,"password":""}