{"id":"gen9doublesou-1998778230","p1":"nerfbeastboostpls","p2":"Sleepjudging","format":"[Gen 9] Doubles OU","log":"|j|\u2606nerfbeastboostpls\n|j|\u2606Sleepjudging\n|t:|1700988893\n|gametype|doubles\n|player|p1|nerfbeastboostpls|cameraman|1408\n|player|p2|Sleepjudging|steven-masters2|1546\n|teamsize|p1|6\n|teamsize|p2|6\n|gen|9\n|tier|[Gen 9] Doubles OU\n|rated|\n|rule|Species Clause: Limit one of each Pok\u00e9mon\n|rule|OHKO Clause: OHKO moves are banned\n|rule|Evasion Moves Clause: Evasion moves are banned\n|rule|Gravity Sleep Clause: The combination of sleep-inducing moves with imperfect accuracy and Gravity or Gigantamax Orbeetle are banned\n|rule|Endless Battle Clause: Forcing endless battles is banned\n|rule|HP Percentage Mod: HP is shown in percentages\n|clearpoke\n|poke|p1|Sinistcha-Masterpiece|\n|poke|p1|Iron Hands|\n|poke|p1|Gliscor, F|\n|poke|p1|Volcanion|\n|poke|p1|Clefairy, M|\n|poke|p1|Cresselia, F|\n|poke|p2|Scream Tail|\n|poke|p2|Rillaboom, F|\n|poke|p2|Chien-Pao|\n|poke|p2|Diancie|\n|poke|p2|Goodra-Hisui, M|\n|poke|p2|Landorus-Therian, M|\n|teampreview\n|inactive|Battle timer is ON: inactive players will automatically lose when time's up. (requested by Sleepjudging)\n|inactive|nerfbeastboostpls also wants the timer to be on.\n|\n|t:|1700988920\n|start\n|switch|p1a: Gliscor|Gliscor, F|100\/100\n|switch|p1b: Clefairy|Clefairy, M|100\/100\n|switch|p2a: Landorus|Landorus-Therian, M|100\/100\n|switch|p2b: Scream Tail|Scream Tail|100\/100\n|-ability|p2a: Landorus|Intimidate|boost\n|-unboost|p1a: Gliscor|atk|1\n|-unboost|p1b: Clefairy|atk|1\n|turn|1\n|\n|t:|1700988930\n|move|p1b: Clefairy|Follow Me|p1b: Clefairy\n|-singleturn|p1b: Clefairy|move: Follow Me\n|move|p2a: Landorus|Rock Slide|p1b: Clefairy|[spread] p1a,p1b\n|-damage|p1a: Gliscor|91\/100\n|-damage|p1b: Clefairy|82\/100\n|cant|p1a: Gliscor|flinch\n|move|p2b: Scream Tail|Stealth Rock|p1a: Gliscor\n|-sidestart|p1: nerfbeastboostpls|move: Stealth Rock\n|\n|-status|p1a: Gliscor|tox|[from] item: Toxic Orb\n|upkeep\n|turn|2\n|inactive|Sleepjudging has 120 seconds left.\n|\n|t:|1700988966\n|-end|p2b: Scream Tail|Protosynthesis|[silent]\n|switch|p2b: Rillaboom|Rillaboom, F|100\/100\n|-fieldstart|move: Grassy Terrain|[from] ability: Grassy Surge|[of] p2b: Rillaboom\n|move|p2a: Landorus|Rock Slide|p1a: Gliscor|[spread] p1a,p1b\n|-damage|p1a: Gliscor|82\/100 tox\n|-damage|p1b: Clefairy|61\/100\n|move|p1a: Gliscor|Toxic Spikes|p2a: Landorus\n|-sidestart|p2: Sleepjudging|move: Toxic Spikes\n|move|p1b: Clefairy|Life Dew|p1b: Clefairy|[spread] p1a,p1b\n|-heal|p1a: Gliscor|100\/100 tox\n|-heal|p1b: Clefairy|86\/100\n|\n|-heal|p1b: Clefairy|92\/100|[from] Grassy Terrain\n|upkeep\n|turn|3\n|inactive|Sleepjudging has 120 seconds left.\n|\n|t:|1700988988\n|switch|p2a: Chien-Pao|Chien-Pao|100\/100\n|-status|p2a: Chien-Pao|psn\n|-ability|p2a: Chien-Pao|Sword of Ruin\n|move|p2b: Rillaboom|Fake Out|p1a: Gliscor\n|-damage|p1a: Gliscor|92\/100 tox\n|move|p1b: Clefairy|Follow Me|p1b: Clefairy\n|-singleturn|p1b: Clefairy|move: Follow Me\n|cant|p1a: Gliscor|flinch\n|\n|-heal|p1b: Clefairy|98\/100|[from] Grassy Terrain\n|-damage|p2a: Chien-Pao|88\/100 psn|[from] psn\n|-heal|p1a: Gliscor|100\/100 tox|[from] ability: Poison Heal\n|upkeep\n|turn|4\n|inactive|Sleepjudging has 120 seconds left.\n|\n|t:|1700989015\n|-terastallize|p2b: Rillaboom|Grass\n|move|p2a: Chien-Pao|Protect|p2a: Chien-Pao\n|-singleturn|p2a: Chien-Pao|Protect\n|move|p1a: Gliscor|Protect|p1a: Gliscor\n|-singleturn|p1a: Gliscor|Protect\n|move|p2b: Rillaboom|Wood Hammer|p1b: Clefairy\n|-damage|p1b: Clefairy|0 fnt\n|faint|p1b: Clefairy\n|-damage|p2b: Rillaboom|73\/100|[from] Recoil\n|\n|-heal|p2a: Chien-Pao|94\/100 psn|[from] Grassy Terrain\n|-heal|p2b: Rillaboom|79\/100|[from] Grassy Terrain\n|-damage|p2a: Chien-Pao|82\/100 psn|[from] psn\n|upkeep\n|\n|t:|1700989030\n|switch|p1b: Iron Hands|Iron Hands|100\/100\n|-damage|p1b: Iron Hands|94\/100|[from] Stealth Rock\n|turn|5\n|\n|t:|1700989050\n|-terastallize|p1a: Gliscor|Fairy\n|move|p2a: Chien-Pao|Icicle Crash|p1b: Iron Hands\n|-damage|p1b: Iron Hands|56\/100\n|move|p1a: Gliscor|Toxic Spikes|p2b: Rillaboom\n|-sidestart|p2: Sleepjudging|move: Toxic Spikes\n|move|p2b: Rillaboom|Wood Hammer|p1a: Gliscor\n|-damage|p1a: Gliscor|0 fnt\n|faint|p1a: Gliscor\n|-damage|p2b: Rillaboom|49\/100|[from] Recoil\n|move|p1b: Iron Hands|Drain Punch|p2a: Chien-Pao\n|-supereffective|p2a: Chien-Pao\n|-damage|p2a: Chien-Pao|0 fnt\n|-heal|p1b: Iron Hands|83\/100|[from] drain|[of] p2a: Chien-Pao\n|faint|p2a: Chien-Pao\n|\n|-heal|p2b: Rillaboom|55\/100|[from] Grassy Terrain\n|-heal|p1b: Iron Hands|89\/100|[from] Grassy Terrain\n|upkeep\n|\n|t:|1700989069\n|switch|p2a: Landorus|Landorus-Therian, M|100\/100\n|switch|p1a: Sinistcha|Sinistcha-Masterpiece|100\/100\n|-ability|p2a: Landorus|Intimidate|boost\n|-unboost|p1a: Sinistcha|atk|1\n|-unboost|p1b: Iron Hands|atk|1\n|-damage|p1a: Sinistcha|88\/100|[from] Stealth Rock\n|-heal|p1b: Iron Hands|100\/100|[from] ability: Hospitality|[of] p1a: Sinistcha\n|turn|6\n|\n|t:|1700989078\n|move|p2a: Landorus|Stomping Tantrum|p1b: Iron Hands\n|-supereffective|p1b: Iron Hands\n|-damage|p1b: Iron Hands|42\/100\n|move|p2b: Rillaboom|High Horsepower|p1b: Iron Hands\n|-supereffective|p1b: Iron Hands\n|-damage|p1b: Iron Hands|0 fnt\n|faint|p1b: Iron Hands\n|-end|p1b: Iron Hands|Quark Drive|[silent]\n|move|p1a: Sinistcha|Strength Sap|p2b: Rillaboom\n|-unboost|p2b: Rillaboom|atk|1\n|-heal|p1a: Sinistcha|100\/100\n|\n|-heal|p2b: Rillaboom|61\/100|[from] Grassy Terrain\n|-fieldend|move: Grassy Terrain\n|upkeep\n|\n|t:|1700989091\n|switch|p1b: Cresselia|Cresselia, F|100\/100\n|-damage|p1b: Cresselia|88\/100|[from] Stealth Rock\n|turn|7\n|inactive|Sleepjudging has 120 seconds left.\n|\n|t:|1700989142\n|switch|p2a: Goodra|Goodra-Hisui, M|100\/100\n|switch|p2b: Scream Tail|Scream Tail|100\/100\n|-status|p2b: Scream Tail|tox\n|move|p1a: Sinistcha|Matcha Gotcha|p2a: Goodra|[spread] p2b\n|-ability|p2a: Goodra|Sap Sipper|boost\n|-boost|p2a: Goodra|atk|1\n|-damage|p2b: Scream Tail|85\/100 tox\n|move|p1b: Cresselia|Ice Beam|p2a: Goodra\n|-damage|p2a: Goodra|89\/100\n|\n|-heal|p2b: Scream Tail|91\/100 tox|[from] item: Leftovers\n|-heal|p1b: Cresselia|94\/100|[from] item: Leftovers\n|-heal|p2a: Goodra|96\/100|[from] item: Leftovers\n|-damage|p2b: Scream Tail|85\/100 tox|[from] psn\n|upkeep\n|turn|8\n|inactive|Sleepjudging has 120 seconds left.\n|inactive|Sleepjudging has 90 seconds left.\n|\n|t:|1700989197\n|switch|p1a: Volcanion|Volcanion|100\/100\n|-damage|p1a: Volcanion|76\/100|[from] Stealth Rock\n|move|p1b: Cresselia|Protect|p1b: Cresselia\n|-singleturn|p1b: Cresselia|Protect\n|move|p2b: Scream Tail|Encore||[still]\n|-fail|p2b: Scream Tail\n|move|p2a: Goodra|Heavy Slam|p1a: Volcanion\n|-resisted|p1a: Volcanion\n|-damage|p1a: Volcanion|71\/100\n|\n|-heal|p2b: Scream Tail|91\/100 tox|[from] item: Leftovers\n|-heal|p1a: Volcanion|77\/100|[from] item: Leftovers\n|-heal|p1b: Cresselia|99\/100|[from] item: Leftovers\n|-heal|p2a: Goodra|100\/100|[from] item: Leftovers\n|-damage|p2b: Scream Tail|79\/100 tox|[from] psn\n|upkeep\n|turn|9\n|inactive|Sleepjudging has 90 seconds left.\n|\n|t:|1700989214\n|switch|p1b: Sinistcha|Sinistcha-Masterpiece|100\/100\n|-damage|p1b: Sinistcha|88\/100|[from] Stealth Rock\n|-heal|p1a: Volcanion|100\/100|[from] ability: Hospitality|[of] p1b: Sinistcha\n|move|p2b: Scream Tail|Encore||[still]\n|-fail|p2b: Scream Tail\n|move|p1a: Volcanion|Substitute|p1a: Volcanion\n|-start|p1a: Volcanion|Substitute\n|-damage|p1a: Volcanion|76\/100\n|move|p2a: Goodra|Shelter|p2a: Goodra\n|-boost|p2a: Goodra|def|2\n|\n|-heal|p2b: Scream Tail|85\/100 tox|[from] item: Leftovers\n|-heal|p1a: Volcanion|82\/100|[from] item: Leftovers\n|-heal|p1b: Sinistcha|94\/100|[from] item: Leftovers\n|-damage|p2b: Scream Tail|66\/100 tox|[from] psn\n|upkeep\n|turn|10\n|\n|t:|1700989233\n|move|p1a: Volcanion|Protect|p1a: Volcanion\n|-singleturn|p1a: Volcanion|Protect\n|move|p2b: Scream Tail|Encore|p1a: Volcanion\n|-activate|p1a: Volcanion|move: Protect\n|move|p1b: Sinistcha|Matcha Gotcha|p2b: Scream Tail|[spread] p2b\n|-ability|p2a: Goodra|Sap Sipper|boost\n|-boost|p2a: Goodra|atk|1\n|-damage|p2b: Scream Tail|50\/100 tox\n|-heal|p1b: Sinistcha|100\/100|[from] drain|[of] p2b: Scream Tail\n|move|p2a: Goodra|Shelter|p2a: Goodra\n|-boost|p2a: Goodra|def|2\n|\n|-heal|p2b: Scream Tail|56\/100 tox|[from] item: Leftovers\n|-heal|p1a: Volcanion|88\/100|[from] item: Leftovers\n|-damage|p2b: Scream Tail|32\/100 tox|[from] psn\n|upkeep\n|turn|11\n|inactive|Sleepjudging has 120 seconds left.\n|inactive|nerfbeastboostpls has 120 seconds left.\n|\n|t:|1700989277\n|move|p1b: Sinistcha|Protect|p1b: Sinistcha\n|-singleturn|p1b: Sinistcha|Protect\n|move|p2b: Scream Tail|Encore|p1a: Volcanion\n|-start|p1a: Volcanion|Encore\n|move|p1a: Volcanion|Protect||[still]\n|-fail|p1a: Volcanion\n|move|p2a: Goodra|Body Press|p1a: Volcanion\n|-end|p1a: Volcanion|Substitute\n|\n|-heal|p2b: Scream Tail|38\/100 tox|[from] item: Leftovers\n|-heal|p1a: Volcanion|94\/100|[from] item: Leftovers\n|-damage|p2b: Scream Tail|7\/100 tox|[from] psn\n|upkeep\n|turn|12\n|inactive|nerfbeastboostpls has 120 seconds left.\n|\n|t:|1700989302\n|switch|p1b: Cresselia|Cresselia, F|99\/100\n|-damage|p1b: Cresselia|88\/100|[from] Stealth Rock\n|move|p1a: Volcanion|Protect|p1a: Volcanion\n|-singleturn|p1a: Volcanion|Protect\n|move|p2b: Scream Tail|Dazzling Gleam|p1a: Volcanion|[spread] p1b\n|-activate|p1a: Volcanion|move: Protect\n|-damage|p1b: Cresselia|78\/100\n|move|p2a: Goodra|Body Press|p1a: Volcanion\n|-activate|p1a: Volcanion|move: Protect\n|\n|-heal|p2b: Scream Tail|13\/100 tox|[from] item: Leftovers\n|-heal|p1a: Volcanion|99\/100|[from] item: Leftovers\n|-heal|p1b: Cresselia|84\/100|[from] item: Leftovers\n|-damage|p2b: Scream Tail|0 fnt|[from] psn\n|faint|p2b: Scream Tail\n|-end|p2b: Scream Tail|Protosynthesis|[silent]\n|upkeep\n|inactive|Sleepjudging has 120 seconds left.\n|\n|t:|1700989315\n|switch|p2b: Landorus|Landorus-Therian, M|100\/100\n|-ability|p2b: Landorus|Intimidate|boost\n|-unboost|p1a: Volcanion|atk|1\n|-unboost|p1b: Cresselia|atk|1\n|turn|13\n|\n|t:|1700989321\n|switch|p1a: Sinistcha|Sinistcha-Masterpiece|100\/100\n|-damage|p1a: Sinistcha|88\/100|[from] Stealth Rock\n|-heal|p1b: Cresselia|100\/100|[from] ability: Hospitality|[of] p1a: Sinistcha\n|move|p2b: Landorus|Rock Slide|p1a: Sinistcha|[spread] p1a,p1b\n|-damage|p1a: Sinistcha|72\/100\n|-damage|p1b: Cresselia|87\/100\n|cant|p1b: Cresselia|flinch\n|move|p2a: Goodra|Body Press|p1a: Sinistcha\n|-immune|p1a: Sinistcha\n|\n|-heal|p1a: Sinistcha|78\/100|[from] item: Leftovers\n|-heal|p1b: Cresselia|93\/100|[from] item: Leftovers\n|upkeep\n|turn|14\n|\n|t:|1700989335\n|move|p1a: Sinistcha|Protect|p1a: Sinistcha\n|-singleturn|p1a: Sinistcha|Protect\n|move|p2b: Landorus|Rock Slide|p1b: Cresselia|[spread] p1b\n|-activate|p1a: Sinistcha|move: Protect\n|-damage|p1b: Cresselia|79\/100\n|move|p1b: Cresselia|Ice Beam|p2b: Landorus\n|-supereffective|p2b: Landorus\n|-damage|p2b: Landorus|23\/100\n|move|p2a: Goodra|Heavy Slam|p1a: Sinistcha\n|-activate|p1a: Sinistcha|move: Protect\n|\n|-heal|p1a: Sinistcha|84\/100|[from] item: Leftovers\n|-heal|p1b: Cresselia|85\/100|[from] item: Leftovers\n|upkeep\n|turn|15\n|inactive|Sleepjudging has 120 seconds left.\n|\n|t:|1700989374\n|switch|p2b: Diancie|Diancie|100\/100\n|-status|p2b: Diancie|tox\n|switch|p1a: Volcanion|Volcanion|99\/100\n|-damage|p1a: Volcanion|75\/100|[from] Stealth Rock\n|move|p1b: Cresselia|Psychic|p2b: Diancie\n|-damage|p2b: Diancie|82\/100 tox\n|move|p2a: Goodra|Heavy Slam|p1a: Volcanion\n|-resisted|p1a: Volcanion\n|-damage|p1a: Volcanion|69\/100\n|\n|-heal|p1a: Volcanion|75\/100|[from] item: Leftovers\n|-heal|p1b: Cresselia|91\/100|[from] item: Leftovers\n|-heal|p2b: Diancie|89\/100 tox|[from] item: Leftovers\n|-damage|p2b: Diancie|82\/100 tox|[from] psn\n|upkeep\n|turn|16\n|inactive|Sleepjudging has 120 seconds left.\n|\n|t:|1700989422\n|move|p1a: Volcanion|Protect|p1a: Volcanion\n|-singleturn|p1a: Volcanion|Protect\n|move|p1b: Cresselia|Lunar Blessing|p1b: Cresselia|[spread] p1a,p1b\n|-heal|p1a: Volcanion|100\/100\n|-heal|p1b: Cresselia|100\/100\n|move|p2a: Goodra|Body Press|p1a: Volcanion\n|-activate|p1a: Volcanion|move: Protect\n|move|p2b: Diancie|Trick Room|p2b: Diancie\n|-fieldstart|move: Trick Room|[of] p2b: Diancie\n|\n|-heal|p2b: Diancie|89\/100 tox|[from] item: Leftovers\n|-damage|p2b: Diancie|76\/100 tox|[from] psn\n|upkeep\n|turn|17\n|\n|t:|1700989443\n|move|p2b: Diancie|Diamond Storm|p1a: Volcanion|[spread] p1a,p1b\n|-supereffective|p1a: Volcanion\n|-damage|p1a: Volcanion|62\/100\n|-damage|p1b: Cresselia|85\/100\n|move|p2a: Goodra|Body Press|p1a: Volcanion\n|-damage|p1a: Volcanion|1\/100\n|move|p1b: Cresselia|Lunar Blessing|p1b: Cresselia|[spread] p1a,p1b\n|-heal|p1a: Volcanion|26\/100\n|-heal|p1b: Cresselia|100\/100\n|move|p1a: Volcanion|Flamethrower|p2a: Goodra\n|-damage|p2a: Goodra|76\/100\n|\n|-heal|p2b: Diancie|82\/100 tox|[from] item: Leftovers\n|-heal|p2a: Goodra|82\/100|[from] item: Leftovers\n|-heal|p1a: Volcanion|32\/100|[from] item: Leftovers\n|-damage|p2b: Diancie|64\/100 tox|[from] psn\n|upkeep\n|turn|18\n|\n|t:|1700989460\n|move|p1a: Volcanion|Protect|p1a: Volcanion\n|-singleturn|p1a: Volcanion|Protect\n|move|p2b: Diancie|Diamond Storm|p1a: Volcanion|[spread] p1b\n|-activate|p1a: Volcanion|move: Protect\n|-damage|p1b: Cresselia|85\/100\n|move|p2a: Goodra|Shelter|p2a: Goodra\n|-boost|p2a: Goodra|def|2\n|move|p1b: Cresselia|Lunar Blessing|p1b: Cresselia|[spread] p1a,p1b\n|-heal|p1a: Volcanion|57\/100\n|-heal|p1b: Cresselia|100\/100\n|\n|-heal|p2b: Diancie|70\/100 tox|[from] item: Leftovers\n|-heal|p2a: Goodra|88\/100|[from] item: Leftovers\n|-heal|p1a: Volcanion|63\/100|[from] item: Leftovers\n|-damage|p2b: Diancie|45\/100 tox|[from] psn\n|upkeep\n|turn|19\n|\n|t:|1700989485\n|switch|p1a: Sinistcha|Sinistcha-Masterpiece|84\/100\n|-damage|p1a: Sinistcha|72\/100|[from] Stealth Rock\n|move|p1b: Cresselia|Protect|p1b: Cresselia\n|-singleturn|p1b: Cresselia|Protect\n|move|p2b: Diancie|Diamond Storm|p1b: Cresselia|[spread] p1a\n|-activate|p1b: Cresselia|move: Protect\n|-damage|p1a: Sinistcha|55\/100\n|move|p2a: Goodra|Body Press|p1a: Sinistcha\n|-immune|p1a: Sinistcha\n|\n|-heal|p2b: Diancie|51\/100 tox|[from] item: Leftovers\n|-heal|p2a: Goodra|94\/100|[from] item: Leftovers\n|-heal|p1a: Sinistcha|61\/100|[from] item: Leftovers\n|-damage|p2b: Diancie|20\/100 tox|[from] psn\n|upkeep\n|turn|20\n|\n|t:|1700989515\n|move|p1a: Sinistcha|Protect|p1a: Sinistcha\n|-singleturn|p1a: Sinistcha|Protect\n|move|p2b: Diancie|Diamond Storm|p1b: Cresselia|[spread] p1b\n|-activate|p1a: Sinistcha|move: Protect\n|-damage|p1b: Cresselia|85\/100\n|move|p2a: Goodra|Body Press|p1b: Cresselia\n|-resisted|p1b: Cresselia\n|-damage|p1b: Cresselia|55\/100\n|move|p1b: Cresselia|Ice Beam|p2a: Goodra\n|-damage|p2a: Goodra|83\/100\n|-status|p2a: Goodra|frz\n|\n|-heal|p2b: Diancie|26\/100 tox|[from] item: Leftovers\n|-heal|p2a: Goodra|89\/100 frz|[from] item: Leftovers\n|-heal|p1b: Cresselia|61\/100|[from] item: Leftovers\n|-heal|p1a: Sinistcha|67\/100|[from] item: Leftovers\n|-damage|p2b: Diancie|0 fnt|[from] psn\n|faint|p2b: Diancie\n|-fieldend|move: Trick Room\n|upkeep\n|\n|t:|1700989530\n|switch|p2b: Rillaboom|Rillaboom, F, tera:Grass|61\/100\n|-status|p2b: Rillaboom|tox\n|-fieldstart|move: Grassy Terrain|[from] ability: Grassy Surge|[of] p2b: Rillaboom\n|turn|21\n|\n|t:|1700989542\n|move|p1b: Cresselia|Protect|p1b: Cresselia\n|-singleturn|p1b: Cresselia|Protect\n|move|p2b: Rillaboom|Wood Hammer|p1b: Cresselia\n|-activate|p1b: Cresselia|move: Protect\n|move|p1a: Sinistcha|Strength Sap|p2b: Rillaboom\n|-unboost|p2b: Rillaboom|atk|1\n|-heal|p1a: Sinistcha|100\/100\n|cant|p2a: Goodra|frz\n|\n|-heal|p2b: Rillaboom|67\/100 tox|[from] Grassy Terrain\n|-heal|p1b: Cresselia|68\/100|[from] item: Leftovers\n|-heal|p2a: Goodra|95\/100 frz|[from] Grassy Terrain\n|-heal|p2a: Goodra|100\/100 frz|[from] item: Leftovers\n|-damage|p2b: Rillaboom|61\/100 tox|[from] psn\n|upkeep\n|turn|22\n|\n|t:|1700989551\n|move|p2b: Rillaboom|Wood Hammer|p1b: Cresselia\n|-damage|p1b: Cresselia|17\/100\n|-damage|p2b: Rillaboom|43\/100 tox|[from] Recoil\n|move|p1a: Sinistcha|Life Dew||[still]|[spread] p1a,p1b\n|-fail|p1a: Sinistcha|heal\n|-heal|p1b: Cresselia|42\/100\n|move|p1b: Cresselia|Ice Beam|p2b: Rillaboom\n|-supereffective|p2b: Rillaboom\n|-damage|p2b: Rillaboom|20\/100 tox\n|-curestatus|p2a: Goodra|frz|[msg]\n|move|p2a: Goodra|Heavy Slam|p1a: Sinistcha\n|-damage|p1a: Sinistcha|43\/100\n|\n|-heal|p2b: Rillaboom|26\/100 tox|[from] Grassy Terrain\n|-heal|p1a: Sinistcha|49\/100|[from] Grassy Terrain\n|-heal|p1a: Sinistcha|55\/100|[from] item: Leftovers\n|-heal|p1b: Cresselia|48\/100|[from] item: Leftovers\n|-damage|p2b: Rillaboom|14\/100 tox|[from] psn\n|upkeep\n|turn|23\n|inactive|nerfbeastboostpls has 120 seconds left.\n|\n|t:|1700989583\n|move|p1b: Cresselia|Protect|p1b: Cresselia\n|-singleturn|p1b: Cresselia|Protect\n|move|p2b: Rillaboom|Wood Hammer|p1a: Sinistcha\n|-resisted|p1a: Sinistcha\n|-damage|p1a: Sinistcha|29\/100\n|-damage|p2b: Rillaboom|6\/100 tox|[from] Recoil\n|move|p1a: Sinistcha|Strength Sap|p2b: Rillaboom\n|-unboost|p2b: Rillaboom|atk|1\n|-heal|p1a: Sinistcha|100\/100\n|move|p2a: Goodra|Heavy Slam|p1a: Sinistcha\n|-damage|p1a: Sinistcha|48\/100\n|\n|-heal|p2b: Rillaboom|12\/100 tox|[from] Grassy Terrain\n|-heal|p1a: Sinistcha|54\/100|[from] Grassy Terrain\n|-heal|p1a: Sinistcha|60\/100|[from] item: Leftovers\n|-heal|p1b: Cresselia|54\/100|[from] item: Leftovers\n|-damage|p2b: Rillaboom|0 fnt|[from] psn\n|faint|p2b: Rillaboom\n|upkeep\n|\n|t:|1700989595\n|switch|p2b: Landorus|Landorus-Therian, M|23\/100\n|-ability|p2b: Landorus|Intimidate|boost\n|-unboost|p1a: Sinistcha|atk|1\n|-unboost|p1b: Cresselia|atk|1\n|turn|24\n|\n|t:|1700989618\n|move|p1a: Sinistcha|Protect|p1a: Sinistcha\n|-singleturn|p1a: Sinistcha|Protect\n|move|p2b: Landorus|U-turn|p1a: Sinistcha\n|-activate|p1a: Sinistcha|move: Protect\n|move|p1b: Cresselia|Lunar Blessing|p1b: Cresselia|[spread] p1a,p1b\n|-heal|p1a: Sinistcha|85\/100\n|-heal|p1b: Cresselia|79\/100\n|move|p2a: Goodra|Heavy Slam|p1a: Sinistcha\n|-activate|p1a: Sinistcha|move: Protect\n|\n|-heal|p1a: Sinistcha|91\/100|[from] Grassy Terrain\n|-heal|p1a: Sinistcha|97\/100|[from] item: Leftovers\n|-heal|p1b: Cresselia|86\/100|[from] item: Leftovers\n|upkeep\n|turn|25\n|\n|t:|1700989632\n|move|p2b: Landorus|U-turn|p1b: Cresselia\n|-supereffective|p1b: Cresselia\n|-damage|p1b: Cresselia|54\/100\n|move|p1a: Sinistcha|Life Dew|p1a: Sinistcha|[spread] p1a,p1b\n|-heal|p1a: Sinistcha|100\/100\n|-heal|p1b: Cresselia|79\/100\n|move|p1b: Cresselia|Ice Beam|p2b: Landorus\n|-supereffective|p2b: Landorus\n|-damage|p2b: Landorus|0 fnt\n|faint|p2b: Landorus\n|move|p2a: Goodra|Heavy Slam|p1b: Cresselia\n|-damage|p1b: Cresselia|44\/100\n|\n|-heal|p1b: Cresselia|51\/100|[from] item: Leftovers\n|-fieldend|move: Grassy Terrain\n|upkeep\n|turn|26\n|\n|t:|1700989653\n|move|p1a: Sinistcha|Life Dew||[still]|[spread] p1a,p1b\n|-fail|p1a: Sinistcha|heal\n|-heal|p1b: Cresselia|76\/100\n|move|p1b: Cresselia|Ice Beam|p2a: Goodra\n|-damage|p2a: Goodra|89\/100\n|move|p2a: Goodra|Heavy Slam|p1b: Cresselia\n|-damage|p1b: Cresselia|42\/100\n|\n|-heal|p1b: Cresselia|48\/100|[from] item: Leftovers\n|-heal|p2a: Goodra|95\/100|[from] item: Leftovers\n|upkeep\n|turn|27\n|\n|t:|1700989664\n|move|p1b: Cresselia|Protect|p1b: Cresselia\n|-singleturn|p1b: Cresselia|Protect\n|move|p1a: Sinistcha|Life Dew||[still]|[spread] p1a,p1b\n|-fail|p1a: Sinistcha|heal\n|-heal|p1b: Cresselia|73\/100\n|move|p2a: Goodra|Heavy Slam|p1b: Cresselia\n|-activate|p1b: Cresselia|move: Protect\n|\n|-heal|p1b: Cresselia|79\/100|[from] item: Leftovers\n|-heal|p2a: Goodra|100\/100|[from] item: Leftovers\n|upkeep\n|turn|28\n|\n|t:|1700989675\n|move|p1a: Sinistcha|Life Dew||[still]|[spread] p1a,p1b\n|-fail|p1a: Sinistcha|heal\n|-heal|p1b: Cresselia|100\/100\n|move|p1b: Cresselia|Ice Beam|p2a: Goodra\n|-damage|p2a: Goodra|89\/100\n|-status|p2a: Goodra|frz\n|cant|p2a: Goodra|frz\n|\n|-heal|p2a: Goodra|95\/100 frz|[from] item: Leftovers\n|upkeep\n|turn|29\n|\n|t:|1700989686\n|switch|p1a: Volcanion|Volcanion|63\/100\n|-damage|p1a: Volcanion|39\/100|[from] Stealth Rock\n|move|p1b: Cresselia|Ice Beam|p2a: Goodra\n|-damage|p2a: Goodra|85\/100 frz\n|cant|p2a: Goodra|frz\n|\n|-heal|p1a: Volcanion|45\/100|[from] item: Leftovers\n|-heal|p2a: Goodra|91\/100 frz|[from] item: Leftovers\n|upkeep\n|turn|30\n|\n|t:|1700989696\n|move|p1a: Volcanion|Substitute|p1a: Volcanion\n|-start|p1a: Volcanion|Substitute\n|-damage|p1a: Volcanion|20\/100\n|move|p1b: Cresselia|Ice Beam|p2a: Goodra\n|-damage|p2a: Goodra|80\/100 frz\n|-curestatus|p2a: Goodra|frz|[msg]\n|move|p2a: Goodra|Body Press|p1a: Volcanion\n|-end|p1a: Volcanion|Substitute\n|\n|-heal|p1a: Volcanion|26\/100|[from] item: Leftovers\n|-heal|p2a: Goodra|86\/100|[from] item: Leftovers\n|upkeep\n|turn|31\n|\n|t:|1700989717\n|move|p1a: Volcanion|Steam Eruption|p2a: Goodra\n|-resisted|p2a: Goodra\n|-damage|p2a: Goodra|71\/100\n|move|p1b: Cresselia|Ice Beam|p2a: Goodra\n|-damage|p2a: Goodra|60\/100\n|move|p2a: Goodra|Heavy Slam|p1b: Cresselia\n|-damage|p1b: Cresselia|68\/100\n|\n|-heal|p1a: Volcanion|32\/100|[from] item: Leftovers\n|-heal|p1b: Cresselia|74\/100|[from] item: Leftovers\n|-heal|p2a: Goodra|66\/100|[from] item: Leftovers\n|upkeep\n|turn|32\n|\n|t:|1700989737\n|move|p1a: Volcanion|Protect|p1a: Volcanion\n|-singleturn|p1a: Volcanion|Protect\n|move|p1b: Cresselia|Lunar Blessing|p1b: Cresselia|[spread] p1a,p1b\n|-heal|p1a: Volcanion|57\/100\n|-heal|p1b: Cresselia|99\/100\n|move|p2a: Goodra|Life Dew|p2a: Goodra\n|-heal|p2a: Goodra|91\/100\n|\n|-heal|p1a: Volcanion|63\/100|[from] item: Leftovers\n|-heal|p1b: Cresselia|100\/100|[from] item: Leftovers\n|-heal|p2a: Goodra|97\/100|[from] item: Leftovers\n|upkeep\n|turn|33\n|\n|t:|1700989765\n|move|p1a: Volcanion|Steam Eruption|p2a: Goodra\n|-resisted|p2a: Goodra\n|-damage|p2a: Goodra|80\/100\n|move|p1b: Cresselia|Psychic|p2a: Goodra\n|-resisted|p2a: Goodra\n|-damage|p2a: Goodra|73\/100\n|move|p2a: Goodra|Body Press|p1a: Volcanion\n|-damage|p1a: Volcanion|0 fnt\n|faint|p1a: Volcanion\n|\n|-heal|p2a: Goodra|79\/100|[from] item: Leftovers\n|upkeep\n|\n|t:|1700989773\n|switch|p1a: Sinistcha|Sinistcha-Masterpiece|100\/100\n|-damage|p1a: Sinistcha|88\/100|[from] Stealth Rock\n|turn|34\n|\n|t:|1700989785\n|move|p1a: Sinistcha|Strength Sap|p1b: Cresselia\n|-unboost|p1b: Cresselia|atk|1\n|-heal|p1a: Sinistcha|100\/100\n|move|p1b: Cresselia|Ice Beam|p2a: Goodra\n|-damage|p2a: Goodra|68\/100\n|move|p2a: Goodra|Shelter|p2a: Goodra\n|-boost|p2a: Goodra|def|0\n|\n|-heal|p2a: Goodra|74\/100|[from] item: Leftovers\n|upkeep\n|turn|35\n|\n|t:|1700989800\n|move|p1a: Sinistcha|Strength Sap|p1b: Cresselia\n|-unboost|p1b: Cresselia|atk|1\n|move|p1b: Cresselia|Ice Beam|p2a: Goodra\n|-damage|p2a: Goodra|64\/100\n|move|p2a: Goodra|Shelter|p2a: Goodra\n|-boost|p2a: Goodra|def|0\n|\n|-heal|p2a: Goodra|70\/100|[from] item: Leftovers\n|upkeep\n|turn|36\n|\n|t:|1700989821\n|move|p1a: Sinistcha|Strength Sap|p1b: Cresselia\n|-unboost|p1b: Cresselia|atk|1\n|move|p1b: Cresselia|Ice Beam|p2a: Goodra\n|-damage|p2a: Goodra|60\/100\n|move|p2a: Goodra|Life Dew|p2a: Goodra\n|-heal|p2a: Goodra|85\/100\n|\n|-heal|p2a: Goodra|91\/100|[from] item: Leftovers\n|upkeep\n|turn|37\n|j| magicgril\n|\n|t:|1700989831\n|move|p1a: Sinistcha|Strength Sap|p1b: Cresselia\n|-unboost|p1b: Cresselia|atk|1\n|move|p1b: Cresselia|Ice Beam|p2a: Goodra\n|-damage|p2a: Goodra|80\/100\n|move|p2a: Goodra|Shelter|p2a: Goodra\n|-boost|p2a: Goodra|def|0\n|\n|-heal|p2a: Goodra|86\/100|[from] item: Leftovers\n|upkeep\n|turn|38\n|\n|t:|1700989842\n|move|p1a: Sinistcha|Strength Sap||[still]\n|-fail|p1a: Sinistcha\n|move|p1b: Cresselia|Ice Beam|p2a: Goodra\n|-damage|p2a: Goodra|76\/100\n|move|p2a: Goodra|Shelter|p2a: Goodra\n|-boost|p2a: Goodra|def|0\n|\n|-heal|p2a: Goodra|82\/100|[from] item: Leftovers\n|upkeep\n|turn|39\n|\n|t:|1700989858\n|move|p1a: Sinistcha|Strength Sap||[still]\n|-fail|p1a: Sinistcha\n|move|p1b: Cresselia|Ice Beam|p2a: Goodra\n|-damage|p2a: Goodra|72\/100\n|move|p2a: Goodra|Heavy Slam|p1a: Sinistcha\n|-crit|p1a: Sinistcha\n|-damage|p1a: Sinistcha|20\/100\n|\n|-heal|p1a: Sinistcha|27\/100|[from] item: Leftovers\n|-heal|p2a: Goodra|78\/100|[from] item: Leftovers\n|upkeep\n|turn|40\n|\n|t:|1700989872\n|move|p1a: Sinistcha|Strength Sap||[still]\n|-fail|p1a: Sinistcha\n|move|p1b: Cresselia|Psychic|p2a: Goodra\n|-resisted|p2a: Goodra\n|-damage|p2a: Goodra|70\/100\n|move|p2a: Goodra|Heavy Slam|p1b: Cresselia\n|-damage|p1b: Cresselia|67\/100\n|\n|-heal|p1a: Sinistcha|33\/100|[from] item: Leftovers\n|-heal|p1b: Cresselia|73\/100|[from] item: Leftovers\n|-heal|p2a: Goodra|77\/100|[from] item: Leftovers\n|upkeep\n|turn|41\n|\n|t:|1700989880\n|move|p1b: Cresselia|Protect|p1b: Cresselia\n|-singleturn|p1b: Cresselia|Protect\n|move|p1a: Sinistcha|Life Dew|p1a: Sinistcha|[spread] p1a,p1b\n|-heal|p1a: Sinistcha|58\/100\n|-heal|p1b: Cresselia|98\/100\n|move|p2a: Goodra|Heavy Slam|p1a: Sinistcha\n|-damage|p1a: Sinistcha|1\/100\n|\n|-heal|p1a: Sinistcha|7\/100|[from] item: Leftovers\n|-heal|p1b: Cresselia|100\/100|[from] item: Leftovers\n|-heal|p2a: Goodra|83\/100|[from] item: Leftovers\n|upkeep\n|turn|42\n|\n|t:|1700989896\n|move|p1a: Sinistcha|Protect|p1a: Sinistcha\n|-singleturn|p1a: Sinistcha|Protect\n|move|p1b: Cresselia|Psychic|p2a: Goodra\n|-resisted|p2a: Goodra\n|-damage|p2a: Goodra|75\/100\n|move|p2a: Goodra|Shelter|p2a: Goodra\n|-boost|p2a: Goodra|def|0\n|\n|-heal|p1a: Sinistcha|13\/100|[from] item: Leftovers\n|-heal|p2a: Goodra|81\/100|[from] item: Leftovers\n|upkeep\n|turn|43\n|\n|t:|1700989908\n|move|p1a: Sinistcha|Protect|p1a: Sinistcha\n|-singleturn|p1a: Sinistcha|Protect\n|move|p1b: Cresselia|Psychic|p2a: Goodra\n|-resisted|p2a: Goodra\n|-damage|p2a: Goodra|73\/100\n|move|p2a: Goodra|Heavy Slam|p1a: Sinistcha\n|-activate|p1a: Sinistcha|move: Protect\n|\n|-heal|p1a: Sinistcha|19\/100|[from] item: Leftovers\n|-heal|p2a: Goodra|79\/100|[from] item: Leftovers\n|upkeep\n|turn|44\n|\n|t:|1700989918\n|move|p1a: Sinistcha|Protect||[still]\n|-fail|p1a: Sinistcha\n|move|p1b: Cresselia|Psychic|p2a: Goodra\n|-resisted|p2a: Goodra\n|-damage|p2a: Goodra|72\/100\n|-unboost|p2a: Goodra|spd|1\n|move|p2a: Goodra|Heavy Slam|p1a: Sinistcha\n|-damage|p1a: Sinistcha|0 fnt\n|faint|p1a: Sinistcha\n|\n|-heal|p2a: Goodra|78\/100|[from] item: Leftovers\n|upkeep\n|turn|45\n|l| magicgril\n|\n|t:|1700989928\n|move|p1b: Cresselia|Psychic|p2a: Goodra\n|-resisted|p2a: Goodra\n|-damage|p2a: Goodra|66\/100\n|move|p2a: Goodra|Body Press|p1b: Cresselia\n|-resisted|p1b: Cresselia\n|-damage|p1b: Cresselia|70\/100\n|\n|-heal|p1b: Cresselia|76\/100|[from] item: Leftovers\n|-heal|p2a: Goodra|72\/100|[from] item: Leftovers\n|upkeep\n|turn|46\n|\n|t:|1700989934\n|move|p1b: Cresselia|Psychic|p2a: Goodra\n|-resisted|p2a: Goodra\n|-damage|p2a: Goodra|60\/100\n|move|p2a: Goodra|Life Dew|p2a: Goodra\n|-heal|p2a: Goodra|85\/100\n|\n|-heal|p1b: Cresselia|82\/100|[from] item: Leftovers\n|-heal|p2a: Goodra|91\/100|[from] item: Leftovers\n|upkeep\n|turn|47\n|j| magicgril\n|\n|t:|1700989945\n|move|p1b: Cresselia|Protect|p1b: Cresselia\n|-singleturn|p1b: Cresselia|Protect\n|move|p2a: Goodra|Body Press|p1b: Cresselia\n|-activate|p1b: Cresselia|move: Protect\n|\n|-heal|p1b: Cresselia|88\/100|[from] item: Leftovers\n|-heal|p2a: Goodra|97\/100|[from] item: Leftovers\n|upkeep\n|turn|48\n|\n|t:|1700989950\n|move|p1b: Cresselia|Psychic|p2a: Goodra\n|-resisted|p2a: Goodra\n|-damage|p2a: Goodra|86\/100\n|move|p2a: Goodra|Heavy Slam|p1b: Cresselia\n|-damage|p1b: Cresselia|54\/100\n|\n|-heal|p1b: Cresselia|60\/100|[from] item: Leftovers\n|-heal|p2a: Goodra|92\/100|[from] item: Leftovers\n|upkeep\n|turn|49\n|\n|t:|1700989961\n|move|p1b: Cresselia|Psychic|p2a: Goodra\n|-resisted|p2a: Goodra\n|-crit|p2a: Goodra\n|-damage|p2a: Goodra|75\/100\n|move|p2a: Goodra|Shelter|p2a: Goodra\n|-boost|p2a: Goodra|def|0\n|\n|-heal|p1b: Cresselia|66\/100|[from] item: Leftovers\n|-heal|p2a: Goodra|81\/100|[from] item: Leftovers\n|upkeep\n|turn|50\n|\n|t:|1700989967\n|move|p1b: Cresselia|Psychic|p2a: Goodra\n|-resisted|p2a: Goodra\n|-damage|p2a: Goodra|70\/100\n|move|p2a: Goodra|Shelter|p2a: Goodra\n|-boost|p2a: Goodra|def|0\n|\n|-heal|p1b: Cresselia|72\/100|[from] item: Leftovers\n|-heal|p2a: Goodra|76\/100|[from] item: Leftovers\n|upkeep\n|turn|51\n|\n|t:|1700989978\n|move|p1b: Cresselia|Psychic|p2a: Goodra\n|-resisted|p2a: Goodra\n|-damage|p2a: Goodra|64\/100\n|move|p2a: Goodra|Life Dew|p2a: Goodra\n|-heal|p2a: Goodra|89\/100\n|\n|-heal|p1b: Cresselia|79\/100|[from] item: Leftovers\n|-heal|p2a: Goodra|95\/100|[from] item: Leftovers\n|upkeep\n|turn|52\n|\n|t:|1700989985\n|move|p1b: Cresselia|Psychic|p2a: Goodra\n|-resisted|p2a: Goodra\n|-damage|p2a: Goodra|83\/100\n|move|p2a: Goodra|Shelter|p2a: Goodra\n|-boost|p2a: Goodra|def|0\n|\n|-heal|p1b: Cresselia|85\/100|[from] item: Leftovers\n|-heal|p2a: Goodra|89\/100|[from] item: Leftovers\n|upkeep\n|turn|53\n|\n|t:|1700989989\n|move|p1b: Cresselia|Psychic|p2a: Goodra\n|-resisted|p2a: Goodra\n|-damage|p2a: Goodra|77\/100\n|move|p2a: Goodra|Shelter|p2a: Goodra\n|-boost|p2a: Goodra|def|0\n|\n|-heal|p1b: Cresselia|91\/100|[from] item: Leftovers\n|-heal|p2a: Goodra|83\/100|[from] item: Leftovers\n|upkeep\n|turn|54\n|\n|t:|1700989995\n|move|p1b: Cresselia|Psychic|p2a: Goodra\n|-resisted|p2a: Goodra\n|-damage|p2a: Goodra|70\/100\n|move|p2a: Goodra|Shelter|p2a: Goodra\n|-boost|p2a: Goodra|def|0\n|\n|-heal|p1b: Cresselia|97\/100|[from] item: Leftovers\n|-heal|p2a: Goodra|76\/100|[from] item: Leftovers\n|upkeep\n|turn|55\n|\n|t:|1700990002\n|move|p1b: Cresselia|Psychic|p2a: Goodra\n|-resisted|p2a: Goodra\n|-damage|p2a: Goodra|64\/100\n|move|p2a: Goodra|Shelter|p2a: Goodra\n|-boost|p2a: Goodra|def|0\n|\n|-heal|p1b: Cresselia|100\/100|[from] item: Leftovers\n|-heal|p2a: Goodra|70\/100|[from] item: Leftovers\n|upkeep\n|turn|56\n|\n|t:|1700990010\n|move|p1b: Cresselia|Protect|p1b: Cresselia\n|-singleturn|p1b: Cresselia|Protect\n|move|p2a: Goodra|Life Dew|p2a: Goodra\n|-heal|p2a: Goodra|96\/100\n|\n|-heal|p2a: Goodra|100\/100|[from] item: Leftovers\n|upkeep\n|turn|57\n|\n|t:|1700990014\n|move|p1b: Cresselia|Protect|p1b: Cresselia\n|-singleturn|p1b: Cresselia|Protect\n|move|p2a: Goodra|Shelter|p2a: Goodra\n|-boost|p2a: Goodra|def|0\n|\n|upkeep\n|turn|58\n|c|\u2606nerfbeastboostpls|gg\n|-message|nerfbeastboostpls forfeited.\n|\n|win|Sleepjudging\n|raw|nerfbeastboostpls's rating: 1408 &rarr; <strong>1396<\/strong><br \/>(-12 for losing)\n|raw|Sleepjudging's rating: 1546 &rarr; <strong>1558<\/strong><br \/>(+12 for winning)\n|l|\u2606nerfbeastboostpls\n|c|\u2606Sleepjudging|gg\n|l|\u2606Sleepjudging\n|j|\u2606Sleepjudging\n|player|p2|Sleepjudging|steven-masters2\n","uploadtime":1700990065,"views":8,"p1id":"nerfbeastboostpls","p2id":"sleepjudging","formatid":"gen9doublesou","rating":1396,"private":0,"password":""}