{"id":"gen9doublesou-1990698828","p1":"vegetasfeet","p2":"player 7282373","format":"[Gen 9] Doubles OU","log":"|j|\u2606vegetasfeet\n|j|\u2606player 7282373\n|t:|1699992793\n|gametype|doubles\n|player|p1|vegetasfeet|brycen|1122\n|player|p2|player 7282373|acetrainer-gen4|1130\n|teamsize|p1|6\n|teamsize|p2|6\n|gen|9\n|tier|[Gen 9] Doubles OU\n|rated|\n|rule|Species Clause: Limit one of each Pok\u00e9mon\n|rule|OHKO Clause: OHKO moves are banned\n|rule|Evasion Moves Clause: Evasion moves are banned\n|rule|Gravity Sleep Clause: The combination of sleep-inducing moves with imperfect accuracy and Gravity or Gigantamax Orbeetle are banned\n|rule|Endless Battle Clause: Forcing endless battles is banned\n|rule|HP Percentage Mod: HP is shown in percentages\n|clearpoke\n|poke|p1|Amoonguss, F|\n|poke|p1|Glimmora, M|\n|poke|p1|Heatran, M|\n|poke|p1|Tyranitar, M|\n|poke|p1|Landorus, M|\n|poke|p1|Cresselia, F|\n|poke|p2|Polteageist|\n|poke|p2|Dondozo, M|\n|poke|p2|Gliscor, F|\n|poke|p2|Clefairy, M|\n|poke|p2|Murkrow, F|\n|poke|p2|Fezandipiti, M|\n|teampreview\n|\n|t:|1699992803\n|start\n|switch|p1a: Tyranitar|Tyranitar, M|100\/100\n|switch|p1b: Amoonguss|Amoonguss, F|100\/100\n|switch|p2a: Murkrow|Murkrow, F|100\/100\n|switch|p2b: Gliscor|Gliscor, F|100\/100\n|-weather|Sandstorm|[from] ability: Sand Stream|[of] p1a: Tyranitar\n|turn|1\n|\n|t:|1699992818\n|move|p2b: Gliscor|Protect|p2b: Gliscor\n|-singleturn|p2b: Gliscor|Protect\n|move|p2a: Murkrow|Tailwind|p2a: Murkrow\n|-sidestart|p2: player 7282373|move: Tailwind\n|move|p1a: Tyranitar|Icy Wind|p2b: Gliscor|[spread] p2a\n|-activate|p2b: Gliscor|move: Protect\n|-supereffective|p2a: Murkrow\n|-damage|p2a: Murkrow|83\/100\n|-unboost|p2a: Murkrow|spe|1\n|move|p1b: Amoonguss|Spore|p2b: Gliscor\n|-activate|p2b: Gliscor|move: Protect\n|\n|-weather|Sandstorm|[upkeep]\n|-damage|p2a: Murkrow|76\/100|[from] Sandstorm\n|-damage|p1b: Amoonguss|94\/100|[from] Sandstorm\n|-status|p2b: Gliscor|tox|[from] item: Toxic Orb\n|upkeep\n|turn|2\n|\n|t:|1699992851\n|switch|p2a: Polteageist|Polteageist|100\/100\n|switch|p1b: Landorus|Landorus, M|100\/100\n|move|p1a: Tyranitar|Protect|p1a: Tyranitar\n|-singleturn|p1a: Tyranitar|Protect\n|move|p2b: Gliscor|Taunt|p1b: Landorus\n|-start|p1b: Landorus|move: Taunt\n|\n|-weather|Sandstorm|[upkeep]\n|-damage|p2a: Polteageist|94\/100|[from] Sandstorm\n|upkeep\n|turn|3\n|inactive|Battle timer is ON: inactive players will automatically lose when time's up. (requested by player 7282373)\n|\n|t:|1699992879\n|move|p2b: Gliscor|Toxic|p1a: Tyranitar\n|-status|p1a: Tyranitar|tox\n|move|p2a: Polteageist|Shell Smash|p2a: Polteageist\n|-unboost|p2a: Polteageist|def|1\n|-unboost|p2a: Polteageist|spd|1\n|-boost|p2a: Polteageist|atk|2\n|-boost|p2a: Polteageist|spa|2\n|-boost|p2a: Polteageist|spe|2\n|move|p1b: Landorus|Crunch|p2a: Polteageist\n|-supereffective|p2a: Polteageist\n|-damage|p2a: Polteageist|0 fnt\n|faint|p2a: Polteageist\n|move|p1a: Tyranitar|Icy Wind|p2b: Gliscor|[miss]\n|-miss|p1a: Tyranitar|p2b: Gliscor\n|\n|-weather|Sandstorm|[upkeep]\n|-damage|p1a: Tyranitar|94\/100 tox|[from] psn\n|upkeep\n|\n|t:|1699992898\n|switch|p2a: Dondozo|Dondozo, M|100\/100\n|turn|4\n|\n|t:|1699992911\n|move|p1a: Tyranitar|Protect|p1a: Tyranitar\n|-singleturn|p1a: Tyranitar|Protect\n|move|p2b: Gliscor|Knock Off|p1b: Landorus\n|-damage|p1b: Landorus|71\/100\n|-enditem|p1b: Landorus|Leftovers|[from] move: Knock Off|[of] p2b: Gliscor\n|move|p1b: Landorus|Earth Power|p2a: Dondozo\n|-damage|p2a: Dondozo|65\/100\n|move|p2a: Dondozo|Curse|p2a: Dondozo\n|-unboost|p2a: Dondozo|spe|1\n|-boost|p2a: Dondozo|atk|1\n|-boost|p2a: Dondozo|def|1\n|\n|-weather|Sandstorm|[upkeep]\n|-damage|p2a: Dondozo|59\/100|[from] Sandstorm\n|-heal|p2a: Dondozo|65\/100|[from] item: Leftovers\n|-damage|p1a: Tyranitar|82\/100 tox|[from] psn\n|-end|p1b: Landorus|move: Taunt\n|-sideend|p2: player 7282373|move: Tailwind\n|upkeep\n|turn|5\n|inactive|player 7282373 has 120 seconds left.\n|\n|t:|1699992942\n|move|p1b: Landorus|Crunch|p2b: Gliscor\n|-damage|p2b: Gliscor|72\/100 tox\n|move|p2b: Gliscor|Taunt|p1b: Landorus\n|-start|p1b: Landorus|move: Taunt\n|move|p1a: Tyranitar|Icy Wind|p2b: Gliscor|[spread] p2a,p2b\n|-resisted|p2a: Dondozo\n|-supereffective|p2b: Gliscor\n|-damage|p2a: Dondozo|61\/100\n|-damage|p2b: Gliscor|18\/100 tox\n|-unboost|p2a: Dondozo|spe|1\n|-unboost|p2b: Gliscor|spe|1\n|move|p2a: Dondozo|Curse|p2a: Dondozo\n|-unboost|p2a: Dondozo|spe|1\n|-boost|p2a: Dondozo|atk|1\n|-boost|p2a: Dondozo|def|1\n|\n|-weather|Sandstorm|[upkeep]\n|-damage|p2a: Dondozo|55\/100|[from] Sandstorm\n|-heal|p2a: Dondozo|61\/100|[from] item: Leftovers\n|-heal|p2b: Gliscor|30\/100 tox|[from] ability: Poison Heal\n|-damage|p1a: Tyranitar|63\/100 tox|[from] psn\n|upkeep\n|turn|6\n|\n|t:|1699992966\n|move|p2b: Gliscor|Protect|p2b: Gliscor\n|-singleturn|p2b: Gliscor|Protect\n|move|p1b: Landorus|Earth Power|p2a: Dondozo\n|-damage|p2a: Dondozo|28\/100\n|move|p1a: Tyranitar|Icy Wind|p2a: Dondozo|[spread] p2a\n|-activate|p2b: Gliscor|move: Protect\n|-resisted|p2a: Dondozo\n|-damage|p2a: Dondozo|25\/100\n|-unboost|p2a: Dondozo|spe|1\n|move|p2a: Dondozo|Yawn|p1b: Landorus\n|-start|p1b: Landorus|move: Yawn|[of] p2a: Dondozo\n|\n|-weather|Sandstorm|[upkeep]\n|-damage|p2a: Dondozo|19\/100|[from] Sandstorm\n|-heal|p2a: Dondozo|25\/100|[from] item: Leftovers\n|-heal|p2b: Gliscor|43\/100 tox|[from] ability: Poison Heal\n|-damage|p1a: Tyranitar|39\/100 tox|[from] psn\n|upkeep\n|turn|7\n|\n|t:|1699992993\n|switch|p1b: Amoonguss|Amoonguss, F|100\/100\n|move|p2b: Gliscor|Protect|p2b: Gliscor\n|-singleturn|p2b: Gliscor|Protect\n|move|p1a: Tyranitar|Icy Wind|p2a: Dondozo|[spread] p2a\n|-activate|p2b: Gliscor|move: Protect\n|-resisted|p2a: Dondozo\n|-damage|p2a: Dondozo|22\/100\n|-unboost|p2a: Dondozo|spe|1\n|move|p2a: Dondozo|Rest|p2a: Dondozo\n|-status|p2a: Dondozo|slp|[from] move: Rest\n|-heal|p2a: Dondozo|100\/100 slp|[silent]\n|\n|-weather|Sandstorm|[upkeep]\n|-damage|p1b: Amoonguss|94\/100|[from] Sandstorm\n|-damage|p2a: Dondozo|94\/100 slp|[from] Sandstorm\n|-heal|p2a: Dondozo|100\/100 slp|[from] item: Leftovers\n|-heal|p2b: Gliscor|55\/100 tox|[from] ability: Poison Heal\n|-damage|p1a: Tyranitar|8\/100 tox|[from] psn\n|upkeep\n|turn|8\n|inactive|vegetasfeet has 120 seconds left.\n|\n|t:|1699993024\n|switch|p1a: Landorus|Landorus, M|71\/100\n|move|p2b: Gliscor|Taunt|p1b: Amoonguss\n|-start|p1b: Amoonguss|move: Taunt\n|move|p1b: Amoonguss|Pollen Puff|p2a: Dondozo\n|-damage|p2a: Dondozo|86\/100 slp\n|cant|p2a: Dondozo|slp\n|\n|-weather|none\n|-heal|p2a: Dondozo|92\/100 slp|[from] item: Leftovers\n|-heal|p2b: Gliscor|68\/100 tox|[from] ability: Poison Heal\n|upkeep\n|turn|9\n|\n|t:|1699993052\n|switch|p1a: Tyranitar|Tyranitar, M|8\/100 tox\n|-weather|Sandstorm|[from] ability: Sand Stream|[of] p1a: Tyranitar\n|move|p2b: Gliscor|Knock Off|p1b: Amoonguss\n|-damage|p1b: Amoonguss|74\/100\n|-enditem|p1b: Amoonguss|Sitrus Berry|[from] move: Knock Off|[of] p2b: Gliscor\n|move|p1b: Amoonguss|Clear Smog|p2a: Dondozo\n|-damage|p2a: Dondozo|81\/100 slp\n|-clearboost|p2a: Dondozo\n|cant|p2a: Dondozo|slp\n|\n|-weather|Sandstorm|[upkeep]\n|-damage|p2a: Dondozo|75\/100 slp|[from] Sandstorm\n|-damage|p1b: Amoonguss|67\/100|[from] Sandstorm\n|-heal|p2a: Dondozo|81\/100 slp|[from] item: Leftovers\n|-heal|p2b: Gliscor|80\/100 tox|[from] ability: Poison Heal\n|-damage|p1a: Tyranitar|1\/100 tox|[from] psn\n|upkeep\n|turn|10\n|inactive|player 7282373 has 120 seconds left.\n|\n|t:|1699993090\n|switch|p1a: Glimmora|Glimmora, M|100\/100\n|move|p2b: Gliscor|Taunt||[still]\n|-fail|p2b: Gliscor\n|-curestatus|p2a: Dondozo|slp|[msg]\n|move|p2a: Dondozo|Yawn|p1b: Amoonguss\n|-start|p1b: Amoonguss|move: Yawn|[of] p2a: Dondozo\n|move|p1b: Amoonguss|Pollen Puff|p2a: Dondozo\n|-damage|p2a: Dondozo|66\/100\n|\n|-weather|Sandstorm|[upkeep]\n|-damage|p2a: Dondozo|60\/100|[from] Sandstorm\n|-damage|p1b: Amoonguss|61\/100|[from] Sandstorm\n|-heal|p2a: Dondozo|66\/100|[from] item: Leftovers\n|-heal|p2b: Gliscor|92\/100 tox|[from] ability: Poison Heal\n|-end|p1b: Amoonguss|move: Taunt\n|upkeep\n|turn|11\n|inactive|player 7282373 has 120 seconds left.\n|\n|t:|1699993124\n|switch|p1b: Cresselia|Cresselia, F|100\/100\n|move|p1a: Glimmora|Mortal Spin|p2a: Dondozo|[spread] p2a,p2b\n|-resisted|p2b: Gliscor\n|-damage|p2a: Dondozo|64\/100\n|-damage|p2b: Gliscor|90\/100 tox\n|-status|p2a: Dondozo|psn\n|move|p2b: Gliscor|Taunt|p1b: Cresselia\n|-start|p1b: Cresselia|move: Taunt\n|move|p2a: Dondozo|Curse|p2a: Dondozo\n|-unboost|p2a: Dondozo|spe|1\n|-boost|p2a: Dondozo|atk|1\n|-boost|p2a: Dondozo|def|1\n|\n|-weather|Sandstorm|[upkeep]\n|-damage|p2a: Dondozo|58\/100 psn|[from] Sandstorm\n|-heal|p2a: Dondozo|64\/100 psn|[from] item: Leftovers\n|-heal|p2b: Gliscor|100\/100 tox|[from] ability: Poison Heal\n|-damage|p2a: Dondozo|51\/100 psn|[from] psn\n|upkeep\n|turn|12\n|inactive|player 7282373 has 120 seconds left.\n|inactive|vegetasfeet has 120 seconds left.\n|\n|t:|1699993173\n|move|p1a: Glimmora|Stealth Rock|p2b: Gliscor\n|-sidestart|p2: player 7282373|move: Stealth Rock\n|move|p2b: Gliscor|Toxic|p1b: Cresselia|[miss]\n|-miss|p2b: Gliscor|p1b: Cresselia\n|move|p1b: Cresselia|Psychic|p2b: Gliscor\n|-damage|p2b: Gliscor|63\/100 tox\n|move|p2a: Dondozo|Order Up|p1b: Cresselia\n|-damage|p1b: Cresselia|78\/100\n|\n|-weather|Sandstorm|[upkeep]\n|-damage|p2a: Dondozo|45\/100 psn|[from] Sandstorm\n|-heal|p2a: Dondozo|51\/100 psn|[from] item: Leftovers\n|-heal|p2b: Gliscor|75\/100 tox|[from] ability: Poison Heal\n|-damage|p2a: Dondozo|39\/100 psn|[from] psn\n|upkeep\n|turn|13\n|inactive|vegetasfeet has 120 seconds left.\n|inactive|player 7282373 has 120 seconds left.\n|\n|t:|1699993217\n|move|p1a: Glimmora|Sludge Bomb|p2a: Dondozo\n|-damage|p2a: Dondozo|1\/100 psn\n|move|p2b: Gliscor|Taunt|p1a: Glimmora\n|-start|p1a: Glimmora|move: Taunt\n|move|p1b: Cresselia|Psychic|p2b: Gliscor\n|-crit|p2b: Gliscor\n|-damage|p2b: Gliscor|21\/100 tox\n|move|p2a: Dondozo|Curse|p2a: Dondozo\n|-unboost|p2a: Dondozo|spe|1\n|-boost|p2a: Dondozo|atk|1\n|-boost|p2a: Dondozo|def|1\n|\n|-weather|Sandstorm|[upkeep]\n|-damage|p2a: Dondozo|0 fnt|[from] Sandstorm\n|faint|p2a: Dondozo\n|-heal|p2b: Gliscor|34\/100 tox|[from] ability: Poison Heal\n|-end|p1b: Cresselia|move: Taunt\n|upkeep\n|inactive|player 7282373 has 90 seconds left.\n|\n|t:|1699993237\n|switch|p2a: Murkrow|Murkrow, F|76\/100\n|-damage|p2a: Murkrow|51\/100|[from] Stealth Rock\n|turn|14\n|\n|t:|1699993249\n|move|p2b: Gliscor|Protect|p2b: Gliscor\n|-singleturn|p2b: Gliscor|Protect\n|move|p2a: Murkrow|Tailwind|p2a: Murkrow\n|-sidestart|p2: player 7282373|move: Tailwind\n|move|p1a: Glimmora|Mortal Spin|p2a: Murkrow|[spread] p2a\n|-activate|p2b: Gliscor|move: Protect\n|-damage|p2a: Murkrow|47\/100\n|-status|p2a: Murkrow|psn\n|move|p1b: Cresselia|Psychic|p2b: Gliscor\n|-activate|p2b: Gliscor|move: Protect\n|\n|-weather|Sandstorm|[upkeep]\n|-damage|p2a: Murkrow|41\/100 psn|[from] Sandstorm\n|-damage|p2a: Murkrow|28\/100 psn|[from] psn\n|-heal|p2b: Gliscor|46\/100 tox|[from] ability: Poison Heal\n|upkeep\n|turn|15\n|inactive|player 7282373 has 90 seconds left.\n|\n|t:|1699993285\n|move|p2a: Murkrow|Foul Play|p1b: Cresselia\n|-supereffective|p1b: Cresselia\n|-damage|p1b: Cresselia|53\/100\n|move|p2b: Gliscor|Toxic|p1b: Cresselia\n|-status|p1b: Cresselia|tox\n|move|p1a: Glimmora|Sludge Bomb|p2a: Murkrow\n|-damage|p2a: Murkrow|0 fnt\n|faint|p2a: Murkrow\n|move|p1b: Cresselia|Reflect|p1b: Cresselia\n|-sidestart|p1: vegetasfeet|Reflect\n|\n|-weather|Sandstorm|[upkeep]\n|-heal|p2b: Gliscor|59\/100 tox|[from] ability: Poison Heal\n|-damage|p1b: Cresselia|47\/100 tox|[from] psn\n|upkeep\n|\n|t:|1699993300\n|switch|p2a: Clefairy|Clefairy, M|100\/100\n|-damage|p2a: Clefairy|88\/100|[from] Stealth Rock\n|turn|16\n|inactive|vegetasfeet has 120 seconds left.\n|\n|t:|1699993344\n|move|p2b: Gliscor|Knock Off|p1b: Cresselia\n|-supereffective|p1b: Cresselia\n|-damage|p1b: Cresselia|20\/100 tox\n|-enditem|p1b: Cresselia|Safety Goggles|[from] move: Knock Off|[of] p2b: Gliscor\n|move|p1a: Glimmora|Sludge Bomb|p2a: Clefairy\n|-supereffective|p2a: Clefairy\n|-damage|p2a: Clefairy|7\/100\n|move|p2a: Clefairy|Heal Pulse|p2b: Gliscor\n|-heal|p2b: Gliscor|100\/100 tox\n|move|p1b: Cresselia|Lunar Blessing|p1b: Cresselia|[spread] p1a,p1b\n|-heal|p1b: Cresselia|45\/100 tox\n|-curestatus|p1b: Cresselia|tox|[msg]\n|\n|-weather|none\n|-end|p1a: Glimmora|move: Taunt\n|upkeep\n|turn|17\n|inactive|vegetasfeet has 120 seconds left.\n|inactive|player 7282373 has 90 seconds left.\n|\n|t:|1699993380\n|move|p2a: Clefairy|Follow Me|p2a: Clefairy\n|-singleturn|p2a: Clefairy|move: Follow Me\n|move|p2b: Gliscor|Knock Off|p1b: Cresselia\n|-supereffective|p1b: Cresselia\n|-damage|p1b: Cresselia|26\/100\n|move|p1a: Glimmora|Mortal Spin|p2a: Clefairy|[spread] p2a,p2b\n|-supereffective|p2a: Clefairy\n|-resisted|p2b: Gliscor\n|-damage|p2a: Clefairy|0 fnt\n|-damage|p2b: Gliscor|99\/100 tox\n|faint|p2a: Clefairy\n|move|p1b: Cresselia|Psychic|p2b: Gliscor\n|-damage|p2b: Gliscor|63\/100 tox\n|\n|-heal|p2b: Gliscor|75\/100 tox|[from] ability: Poison Heal\n|-sideend|p2: player 7282373|move: Tailwind\n|upkeep\n|\n|t:|1699993395\n|switch|p2a: Fezandipiti|Fezandipiti, M|100\/100\n|-damage|p2a: Fezandipiti|88\/100|[from] Stealth Rock\n|turn|18\n|inactive|player 7282373 has 90 seconds left.\n|\n|t:|1699993409\n|move|p1a: Glimmora|Spiky Shield|p1a: Glimmora\n|-singleturn|p1a: Glimmora|move: Protect\n|move|p2a: Fezandipiti|Icy Wind|p1a: Glimmora|[spread] \n|-activate|p1a: Glimmora|move: Protect\n|-miss|p2a: Fezandipiti|p1b: Cresselia\n|move|p2b: Gliscor|Toxic|p1b: Cresselia\n|-status|p1b: Cresselia|tox\n|move|p1b: Cresselia|Psychic|p2a: Fezandipiti\n|-supereffective|p2a: Fezandipiti\n|-damage|p2a: Fezandipiti|53\/100\n|\n|-heal|p2a: Fezandipiti|59\/100|[from] item: Leftovers\n|-heal|p2b: Gliscor|87\/100 tox|[from] ability: Poison Heal\n|-damage|p1b: Cresselia|20\/100 tox|[from] psn\n|upkeep\n|turn|19\n|inactive|player 7282373 has 90 seconds left.\n|inactive|vegetasfeet has 120 seconds left.\n|\n|t:|1699993445\n|move|p2a: Fezandipiti|Icy Wind|p1a: Glimmora|[spread] p1a,p1b\n|-crit|p1b: Cresselia\n|-damage|p1a: Glimmora|89\/100\n|-damage|p1b: Cresselia|14\/100 tox\n|-unboost|p1a: Glimmora|spe|1\n|-unboost|p1b: Cresselia|spe|1\n|move|p2b: Gliscor|Taunt|p1a: Glimmora\n|-start|p1a: Glimmora|move: Taunt\n|move|p1a: Glimmora|Sludge Bomb|p2a: Fezandipiti\n|-damage|p2a: Fezandipiti|23\/100\n|move|p1b: Cresselia|Lunar Blessing|p1b: Cresselia|[spread] p1a,p1b\n|-heal|p1a: Glimmora|100\/100\n|-heal|p1b: Cresselia|39\/100 tox\n|-curestatus|p1b: Cresselia|tox|[msg]\n|\n|-heal|p2a: Fezandipiti|29\/100|[from] item: Leftovers\n|-heal|p2b: Gliscor|99\/100 tox|[from] ability: Poison Heal\n|-sideend|p1: vegetasfeet|Reflect\n|upkeep\n|turn|20\n|l|\u2606player 7282373\n|inactive|player 7282373 disconnected and has a minute to reconnect!\n|player|p2|\n|inactive|player 7282373 has 30 seconds to reconnect!\n|inactive|player 7282373 has 20 seconds to reconnect!\n|inactive|player 7282373 has 15 seconds to reconnect!\n|inactive|player 7282373 has 10 seconds to reconnect!\n|inactive|player 7282373 has 5 seconds to reconnect!\n|-message|player 7282373 lost due to inactivity.\n|\n|win|vegetasfeet\n|raw|vegetasfeet's rating: 1122 &rarr; <strong>1148<\/strong><br \/>(+26 for winning)\n|raw|player 7282373's rating: 1130 &rarr; <strong>1104<\/strong><br \/>(-26 for losing)\n","uploadtime":1699993558,"views":12,"p1id":"vegetasfeet","p2id":"player7282373","formatid":"gen9doublesou","rating":1104,"private":0,"password":""}