{"id":"gen9doublesou-1998680609","p1":"Gen fiverrr","p2":"Shelmett","format":"[Gen 9] Doubles OU","log":"|j|\u2606Gen fiverrr\n|j|\u2606Shelmett\n|t:|1700971647\n|gametype|doubles\n|player|p1|Gen fiverrr|alder|1212\n|player|p2|Shelmett|roxie|1242\n|teamsize|p1|6\n|teamsize|p2|6\n|gen|9\n|tier|[Gen 9] Doubles OU\n|rated|\n|rule|Species Clause: Limit one of each Pok\u00e9mon\n|rule|OHKO Clause: OHKO moves are banned\n|rule|Evasion Moves Clause: Evasion moves are banned\n|rule|Gravity Sleep Clause: The combination of sleep-inducing moves with imperfect accuracy and Gravity or Gigantamax Orbeetle are banned\n|rule|Endless Battle Clause: Forcing endless battles is banned\n|rule|HP Percentage Mod: HP is shown in percentages\n|clearpoke\n|poke|p1|Stantler, M|\n|poke|p1|Articuno-Galar|\n|poke|p1|Kleavor, M|\n|poke|p1|Tinkaton, F|\n|poke|p1|Tauros-Paldea-Aqua, M|\n|poke|p1|Dragapult, M|\n|poke|p2|Ogerpon, F|\n|poke|p2|Skuntank, F|\n|poke|p2|Delibird, F|\n|poke|p2|Cresselia, F|\n|poke|p2|Flutter Mane|\n|poke|p2|Shroodle, F|\n|teampreview\n|\n|t:|1700971660\n|start\n|switch|p1a: Kleavor|Kleavor, M|100\/100\n|switch|p1b: Tinkaton|Tinkaton, F|100\/100\n|switch|p2a: Ogerpon|Ogerpon, F|100\/100\n|switch|p2b: Delibird|Delibird, F|100\/100\n|-ability|p1b: Tinkaton|Mold Breaker\n|turn|1\n|\n|t:|1700971688\n|move|p1b: Tinkaton|Fake Out|p2a: Ogerpon\n|-damage|p2a: Ogerpon|88\/100\n|move|p2b: Delibird|Ice Shard|p2a: Ogerpon\n|-supereffective|p2a: Ogerpon\n|-damage|p2a: Ogerpon|54\/100\n|-enditem|p2a: Ogerpon|Weakness Policy\n|-boost|p2a: Ogerpon|atk|2|[from] item: Weakness Policy\n|-boost|p2a: Ogerpon|spa|2|[from] item: Weakness Policy\n|move|p1a: Kleavor|Stone Axe|p2b: Delibird|[miss]\n|-miss|p1a: Kleavor|p2b: Delibird\n|cant|p2a: Ogerpon|flinch\n|\n|upkeep\n|turn|2\n|\n|t:|1700971719\n|move|p2b: Delibird|Helping Hand|p2a: Ogerpon\n|-singleturn|p2a: Ogerpon|Helping Hand|[of] p2b: Delibird\n|move|p1a: Kleavor|Stone Axe|p2b: Delibird\n|-supereffective|p2b: Delibird\n|-crit|p2b: Delibird\n|-damage|p2b: Delibird|0 fnt\n|-sidestart|p2: Shelmett|move: Stealth Rock\n|faint|p2b: Delibird\n|move|p2a: Ogerpon|Horn Leech|p1a: Kleavor\n|-crit|p1a: Kleavor\n|-damage|p1a: Kleavor|0 fnt\n|-heal|p2a: Ogerpon|100\/100|[from] drain|[of] p1a: Kleavor\n|faint|p1a: Kleavor\n|move|p1b: Tinkaton|Gigaton Hammer|p2a: Ogerpon\n|-damage|p2a: Ogerpon|28\/100\n|\n|upkeep\n|\n|t:|1700971736\n|switch|p1a: Dragapult|Dragapult, M|100\/100\n|switch|p2b: Shroodle|Shroodle, F|100\/100\n|-damage|p2b: Shroodle|88\/100|[from] Stealth Rock\n|turn|3\n|\n|t:|1700971748\n|move|p2a: Ogerpon|Spiky Shield|p2a: Ogerpon\n|-singleturn|p2a: Ogerpon|move: Protect\n|move|p2b: Shroodle|Copycat||[still]\n|-fail|p2b: Shroodle\n|move|p1a: Dragapult|U-turn|p2a: Ogerpon\n|-activate|p2a: Ogerpon|move: Protect\n|-damage|p1a: Dragapult|88\/100|[from] Spiky Shield|[of] p2a: Ogerpon\n|move|p1b: Tinkaton|Thunder Wave|p2b: Shroodle\n|-status|p2b: Shroodle|par\n|\n|upkeep\n|turn|4\n|\n|t:|1700971774\n|cant|p2b: Shroodle|par\n|move|p1a: Dragapult|U-turn|p2a: Ogerpon\n|-supereffective|p2a: Ogerpon\n|-crit|p2a: Ogerpon\n|-damage|p2a: Ogerpon|0 fnt\n|faint|p2a: Ogerpon\n|-damage|p1a: Dragapult|78\/100|[from] item: Life Orb\n|\n|t:|1700971782\n|switch|p1a: Tauros|Tauros-Paldea-Aqua, M|100\/100|[from] U-turn\n|move|p1b: Tinkaton|Gigaton Hammer|p2b: Shroodle\n|-damage|p2b: Shroodle|0 fnt\n|faint|p2b: Shroodle\n|\n|upkeep\n|\n|t:|1700971791\n|switch|p2a: Cresselia|Cresselia, F|100\/100\n|switch|p2b: Flutter Mane|Flutter Mane|100\/100\n|-damage|p2b: Flutter Mane|88\/100|[from] Stealth Rock\n|-damage|p2a: Cresselia|88\/100|[from] Stealth Rock\n|-enditem|p2b: Flutter Mane|Booster Energy\n|-activate|p2b: Flutter Mane|ability: Protosynthesis|[fromitem]\n|-start|p2b: Flutter Mane|protosynthesisspe\n|turn|5\n|\n|t:|1700971810\n|move|p2b: Flutter Mane|Dazzling Gleam|p1b: Tinkaton|[spread] p1a,p1b\n|-supereffective|p1a: Tauros\n|-resisted|p1b: Tinkaton\n|-damage|p1a: Tauros|3\/100\n|-damage|p1b: Tinkaton|83\/100\n|-enditem|p1a: Tauros|Aguav Berry|[eat]\n|-heal|p1a: Tauros|36\/100|[from] item: Aguav Berry\n|move|p1a: Tauros|Raging Bull|p2b: Flutter Mane\n|-damage|p2b: Flutter Mane|0 fnt\n|faint|p2b: Flutter Mane\n|-end|p2b: Flutter Mane|Protosynthesis|[silent]\n|move|p1b: Tinkaton|Thunder Wave|p2a: Cresselia\n|-status|p2a: Cresselia|par\n|move|p2a: Cresselia|Calm Mind|p2a: Cresselia\n|-boost|p2a: Cresselia|spa|1\n|-boost|p2a: Cresselia|spd|1\n|\n|-heal|p1b: Tinkaton|89\/100|[from] item: Leftovers\n|-heal|p2a: Cresselia|94\/100 par|[from] item: Leftovers\n|upkeep\n|\n|t:|1700971820\n|switch|p2b: Skuntank|Skuntank, F|100\/100\n|-damage|p2b: Skuntank|88\/100|[from] Stealth Rock\n|turn|6\n|\n|t:|1700971840\n|-terastallize|p2a: Cresselia|Electric\n|move|p2b: Skuntank|Sucker Punch|p1a: Tauros\n|-resisted|p1a: Tauros\n|-damage|p1a: Tauros|18\/100\n|move|p1a: Tauros|Raging Bull|p2a: Cresselia\n|-damage|p2a: Cresselia|66\/100 par\n|move|p1b: Tinkaton|Gigaton Hammer|p2a: Cresselia\n|-resisted|p2a: Cresselia\n|-damage|p2a: Cresselia|46\/100 par\n|move|p2a: Cresselia|Calm Mind|p2a: Cresselia\n|-boost|p2a: Cresselia|spa|1\n|-boost|p2a: Cresselia|spd|1\n|\n|-heal|p1b: Tinkaton|95\/100|[from] item: Leftovers\n|-heal|p2a: Cresselia|52\/100 par|[from] item: Leftovers\n|-activate|p1a: Tauros|ability: Cud Chew\n|-enditem|p1a: Tauros|Aguav Berry|[eat]\n|-heal|p1a: Tauros|52\/100|[from] item: Aguav Berry\n|upkeep\n|turn|7\n|\n|t:|1700971863\n|move|p1a: Tauros|Bulk Up|p1a: Tauros\n|-boost|p1a: Tauros|atk|1\n|-boost|p1a: Tauros|def|1\n|move|p1b: Tinkaton|Thunder Wave|p2b: Skuntank\n|-status|p2b: Skuntank|par\n|move|p2b: Skuntank|Gunk Shot|p1a: Tauros|[miss]\n|-miss|p2b: Skuntank|p1a: Tauros\n|move|p2a: Cresselia|Moonlight|p2a: Cresselia\n|-heal|p2a: Cresselia|100\/100 par\n|\n|-heal|p1b: Tinkaton|100\/100|[from] item: Leftovers\n|upkeep\n|turn|8\n|\n|t:|1700971882\n|move|p1a: Tauros|Raging Bull|p2a: Cresselia\n|-damage|p2a: Cresselia|53\/100 par\n|move|p1b: Tinkaton|Gigaton Hammer|p2a: Cresselia\n|-resisted|p2a: Cresselia\n|-damage|p2a: Cresselia|32\/100 par\n|move|p2b: Skuntank|Gunk Shot|p1a: Tauros\n|-damage|p1a: Tauros|11\/100\n|-status|p1a: Tauros|psn\n|move|p2a: Cresselia|Thunderbolt|p1b: Tinkaton\n|-damage|p1b: Tinkaton|29\/100\n|\n|-heal|p1b: Tinkaton|35\/100|[from] item: Leftovers\n|-heal|p2a: Cresselia|38\/100 par|[from] item: Leftovers\n|-damage|p1a: Tauros|0 fnt|[from] psn\n|faint|p1a: Tauros\n|upkeep\n|\n|t:|1700971898\n|switch|p1a: Stantler|Stantler, M|100\/100\n|-ability|p1a: Stantler|Intimidate|boost\n|-unboost|p2a: Cresselia|atk|1\n|-unboost|p2b: Skuntank|atk|1\n|turn|9\n|\n|t:|1700971926\n|move|p1b: Tinkaton|Encore|p2b: Skuntank|[miss]\n|-miss|p1b: Tinkaton|p2b: Skuntank\n|move|p1a: Stantler|Bulldoze|p2a: Cresselia|[spread] p1b,p2b\n|-immune|p2a: Cresselia|[from] ability: Levitate\n|-supereffective|p1b: Tinkaton\n|-supereffective|p2b: Skuntank\n|-damage|p1b: Tinkaton|6\/100\n|-damage|p2b: Skuntank|63\/100 par\n|-unboost|p1b: Tinkaton|spe|1\n|-unboost|p2b: Skuntank|spe|1\n|move|p2a: Cresselia|Moonlight|p2a: Cresselia\n|-heal|p2a: Cresselia|88\/100 par\n|move|p2b: Skuntank|Knock Off|p1a: Stantler\n|-damage|p1a: Stantler|76\/100\n|-enditem|p1a: Stantler|Eviolite|[from] move: Knock Off|[of] p2b: Skuntank\n|\n|-heal|p1b: Tinkaton|12\/100|[from] item: Leftovers\n|-heal|p2a: Cresselia|94\/100 par|[from] item: Leftovers\n|upkeep\n|turn|10\n|\n|t:|1700971955\n|move|p1b: Tinkaton|Gigaton Hammer|p2b: Skuntank\n|-damage|p2b: Skuntank|0 fnt\n|faint|p2b: Skuntank\n|move|p1a: Stantler|Bulldoze|p2a: Cresselia|[spread] p1b\n|-immune|p2a: Cresselia|[from] ability: Levitate\n|-supereffective|p1b: Tinkaton\n|-damage|p1b: Tinkaton|0 fnt\n|faint|p1b: Tinkaton\n|move|p2a: Cresselia|Thunderbolt|p1a: Stantler\n|-damage|p1a: Stantler|8\/100\n|\n|-heal|p2a: Cresselia|99\/100 par|[from] item: Leftovers\n|upkeep\n|\n|t:|1700971969\n|switch|p1b: Dragapult|Dragapult, M|78\/100\n|turn|11\n|\n|t:|1700971988\n|-terastallize|p1b: Dragapult|Dragon\n|move|p1b: Dragapult|Dragon Darts|p2a: Cresselia\n|-damage|p2a: Cresselia|65\/100 par\n|-anim|p1b: Dragapult|Dragon Darts|p2a: Cresselia\n|-damage|p2a: Cresselia|31\/100 par\n|-damage|p1b: Dragapult|69\/100|[from] item: Life Orb\n|move|p1a: Stantler|Skill Swap|p1b: Dragapult\n|-activate|p1a: Stantler|move: Skill Swap|||[of] p1b: Dragapult\n|-ability|p1b: Dragapult|Intimidate|boost\n|-unboost|p2a: Cresselia|atk|1\n|move|p2a: Cresselia|Ice Beam|p1b: Dragapult\n|-supereffective|p1b: Dragapult\n|-damage|p1b: Dragapult|0 fnt\n|faint|p1b: Dragapult\n|\n|-heal|p2a: Cresselia|37\/100 par|[from] item: Leftovers\n|upkeep\n|\n|t:|1700972002\n|switch|p1b: Articuno|Articuno-Galar|100\/100\n|turn|12\n|\n|t:|1700972014\n|move|p1b: Articuno|Protect|p1b: Articuno\n|-singleturn|p1b: Articuno|Protect\n|move|p1a: Stantler|Skill Swap|p2a: Cresselia\n|-activate|p1a: Stantler|move: Skill Swap|Levitate|Clear Body|[of] p2a: Cresselia\n|move|p2a: Cresselia|Moonlight|p2a: Cresselia\n|-heal|p2a: Cresselia|87\/100 par\n|\n|-heal|p2a: Cresselia|94\/100 par|[from] item: Leftovers\n|upkeep\n|turn|13\n|\n|t:|1700972028\n|move|p1b: Articuno|Freezing Glare|p2a: Cresselia\n|-damage|p2a: Cresselia|79\/100 par\n|move|p1a: Stantler|Bulldoze|p2a: Cresselia|[spread] p2a\n|-immune|p1b: Articuno\n|-supereffective|p2a: Cresselia\n|-damage|p2a: Cresselia|65\/100 par\n|move|p2a: Cresselia|Thunderbolt|p1b: Articuno\n|-supereffective|p1b: Articuno\n|-damage|p1b: Articuno|0 fnt\n|faint|p1b: Articuno\n|\n|-heal|p2a: Cresselia|71\/100 par|[from] item: Leftovers\n|upkeep\n|turn|14\n|-message|Gen fiverrr forfeited.\n|\n|win|Shelmett\n|raw|Gen fiverrr's rating: 1212 &rarr; <strong>1189<\/strong><br \/>(-23 for losing)\n|raw|Shelmett's rating: 1242 &rarr; <strong>1265<\/strong><br \/>(+23 for winning)\n|l|\u2606Gen fiverrr\n","uploadtime":1700972040,"views":6,"p1id":"genfiverrr","p2id":"shelmett","formatid":"gen9doublesou","rating":1189,"private":0,"password":""}