{"id":"gen9doublesou-1971687636","p1":"CadenPowered","p2":"kronos_daffodil","format":"[Gen 9] Doubles OU","log":"|j|\u2606CadenPowered\n|j|\u2606kronos_daffodil\n|t:|1697761219\n|gametype|doubles\n|player|p1|CadenPowered|hilbert-wonderlauncher|1064\n|player|p2|kronos_daffodil|n|1125\n|teamsize|p1|6\n|teamsize|p2|6\n|gen|9\n|tier|[Gen 9] Doubles OU\n|rated|\n|rule|Species Clause: Limit one of each Pok\u00e9mon\n|rule|OHKO Clause: OHKO moves are banned\n|rule|Evasion Moves Clause: Evasion moves are banned\n|rule|Gravity Sleep Clause: The combination of sleep-inducing moves with imperfect accuracy and Gravity or Gigantamax Orbeetle are banned\n|rule|Endless Battle Clause: Forcing endless battles is banned\n|rule|HP Percentage Mod: HP is shown in percentages\n|clearpoke\n|poke|p1|Meowscarada, M|\n|poke|p1|Tauros-Paldea-Blaze, M|\n|poke|p1|Flamigo, F|\n|poke|p1|Froslass, F|\n|poke|p1|Slaking, M|\n|poke|p1|Corviknight, F|\n|poke|p2|Torkoal, M|\n|poke|p2|Lilligant-Hisui, F|\n|poke|p2|Chi-Yu|\n|poke|p2|Amoonguss, F|\n|poke|p2|Landorus-Therian, M|\n|poke|p2|Flutter Mane|\n|teampreview\n|inactive|Battle timer is ON: inactive players will automatically lose when time's up. (requested by kronos_daffodil)\n|\n|t:|1697761248\n|start\n|switch|p1a: Tauros|Tauros-Paldea-Blaze, M|100\/100\n|switch|p1b: Froslass|Froslass, F|100\/100\n|switch|p2a: Flutter Mane|Flutter Mane|100\/100\n|switch|p2b: Landorus|Landorus-Therian, M|100\/100\n|-item|p1b: Froslass|Air Balloon\n|-ability|p2b: Landorus|Intimidate|boost\n|-unboost|p1a: Tauros|atk|1\n|-unboost|p1b: Froslass|atk|1\n|turn|1\n|inactive|CadenPowered has 120 seconds left.\n|inactive|CadenPowered has 90 seconds left.\n|inactive|CadenPowered has 60 seconds left.\n|inactive|CadenPowered has 30 seconds left.\n|\n|t:|1697761376\n|switch|p2b: Torkoal|Torkoal, M|100\/100\n|-weather|SunnyDay|[from] ability: Drought|[of] p2b: Torkoal\n|-activate|p2a: Flutter Mane|ability: Protosynthesis\n|-start|p2a: Flutter Mane|protosynthesisspe\n|move|p2a: Flutter Mane|Calm Mind|p2a: Flutter Mane\n|-boost|p2a: Flutter Mane|spa|1\n|-boost|p2a: Flutter Mane|spd|1\n|move|p1b: Froslass|Frost Breath|p1a: Tauros\n|-resisted|p1a: Tauros\n|-crit|p1a: Tauros\n|-damage|p1a: Tauros|87\/100\n|-setboost|p1a: Tauros|atk|6|[from] ability: Anger Point\n|move|p1a: Tauros|Flame Charge|p2a: Flutter Mane\n|-enditem|p2a: Flutter Mane|Focus Sash\n|-damage|p2a: Flutter Mane|1\/100\n|-boost|p1a: Tauros|spe|1\n|\n|-weather|SunnyDay|[upkeep]\n|upkeep\n|turn|2\n|inactive|CadenPowered has 30 seconds left.\n|\n|t:|1697761403\n|move|p2a: Flutter Mane|Moonblast|p1a: Tauros\n|-damage|p1a: Tauros|11\/100\n|move|p1a: Tauros|Earthquake|p2a: Flutter Mane|[spread] p2a,p2b\n|-immune|p1b: Froslass\n|-supereffective|p2b: Torkoal\n|-damage|p2a: Flutter Mane|0 fnt\n|-damage|p2b: Torkoal|0 fnt\n|faint|p2a: Flutter Mane\n|-end|p2a: Flutter Mane|Protosynthesis|[silent]\n|faint|p2b: Torkoal\n|move|p1b: Froslass|Destiny Bond|p1b: Froslass\n|-singlemove|p1b: Froslass|Destiny Bond\n|\n|-weather|SunnyDay|[upkeep]\n|upkeep\n|inactive|CadenPowered has 30 seconds left this turn.\n|\n|t:|1697761416\n|switch|p2a: Lilligant|Lilligant-Hisui, F|100\/100\n|switch|p2b: Chi-Yu|Chi-Yu|100\/100\n|-ability|p2b: Chi-Yu|Beads of Ruin\n|turn|3\n|\n|t:|1697761433\n|switch|p1b: Flamigo|Flamigo, F|100\/100\n|-copyboost|p1b: Flamigo|p1a: Tauros|[from] ability: Costar\n|move|p2a: Lilligant|After You|p2b: Chi-Yu\n|-activate|p2b: Chi-Yu|move: After You\n|move|p2b: Chi-Yu|Psychic|p1a: Tauros\n|-supereffective|p1a: Tauros\n|-damage|p1a: Tauros|0 fnt\n|faint|p1a: Tauros\n|\n|-weather|SunnyDay|[upkeep]\n|upkeep\n|\n|t:|1697761445\n|switch|p1a: Corviknight|Corviknight, F|100\/100\n|turn|4\n|\n|t:|1697761459\n|switch|p2a: Landorus|Landorus-Therian, M|100\/100\n|-ability|p2a: Landorus|Intimidate|boost\n|-ability|p1a: Corviknight|Mirror Armor\n|-unboost|p2a: Landorus|atk|1\n|-unboost|p1b: Flamigo|atk|1\n|switch|p2b: Amoonguss|Amoonguss, F|100\/100\n|move|p1b: Flamigo|Close Combat|p2b: Amoonguss\n|-resisted|p2b: Amoonguss\n|-damage|p2b: Amoonguss|12\/100\n|-unboost|p1b: Flamigo|def|1\n|-unboost|p1b: Flamigo|spd|1\n|-damage|p1b: Flamigo|84\/100|[from] item: Rocky Helmet|[of] p2b: Amoonguss\n|move|p1a: Corviknight|Bulk Up|p1a: Corviknight\n|-boost|p1a: Corviknight|atk|1\n|-boost|p1a: Corviknight|def|1\n|\n|-weather|SunnyDay|[upkeep]\n|upkeep\n|turn|5\n|\n|t:|1697761484\n|move|p1b: Flamigo|Liquidation|p2a: Landorus\n|-supereffective|p2a: Landorus\n|-damage|p2a: Landorus|0 fnt\n|faint|p2a: Landorus\n|move|p1a: Corviknight|Brave Bird|p2b: Amoonguss\n|-supereffective|p2b: Amoonguss\n|-damage|p2b: Amoonguss|0 fnt\n|-damage|p1a: Corviknight|84\/100|[from] item: Rocky Helmet|[of] p2b: Amoonguss\n|faint|p2b: Amoonguss\n|-damage|p1a: Corviknight|80\/100|[from] Recoil\n|\n|-weather|none\n|-heal|p1a: Corviknight|86\/100|[from] item: Leftovers\n|upkeep\n|\n|t:|1697761489\n|switch|p2a: Chi-Yu|Chi-Yu|100\/100\n|switch|p2b: Lilligant|Lilligant-Hisui, F|100\/100\n|-ability|p2a: Chi-Yu|Beads of Ruin\n|turn|6\n|\n|t:|1697761501\n|-terastallize|p1b: Flamigo|Flying\n|-terastallize|p2a: Chi-Yu|Fire\n|move|p1b: Flamigo|Acrobatics|p2b: Lilligant\n|-supereffective|p2b: Lilligant\n|-enditem|p2b: Lilligant|Focus Sash\n|-damage|p2b: Lilligant|1\/100\n|move|p2a: Chi-Yu|Heat Wave|p1b: Flamigo|[spread] \n|-miss|p2a: Chi-Yu|p1a: Corviknight\n|-miss|p2a: Chi-Yu|p1b: Flamigo\n|move|p2b: Lilligant|Victory Dance|p2b: Lilligant\n|-boost|p2b: Lilligant|atk|1\n|-boost|p2b: Lilligant|def|1\n|-boost|p2b: Lilligant|spe|1\n|move|p1a: Corviknight|Brave Bird|p2b: Lilligant\n|-supereffective|p2b: Lilligant\n|-damage|p2b: Lilligant|0 fnt\n|faint|p2b: Lilligant\n|-damage|p1a: Corviknight|86\/100|[from] Recoil\n|\n|-heal|p1a: Corviknight|92\/100|[from] item: Leftovers\n|upkeep\n|turn|7\n|inactive|CadenPowered has 120 seconds left.\n|l|\u2606kronos_daffodil\n|inactive|kronos_daffodil disconnected and has a minute to reconnect!\n|player|p2|\n|c|\u2606CadenPowered|ggs\n|n|!CadenPowered|cadenpowered\n|inactive|kronos_daffodil has 30 seconds to reconnect!\n|inactive|kronos_daffodil has 20 seconds to reconnect!\n|inactive|kronos_daffodil has 15 seconds to reconnect!\n|inactive|kronos_daffodil has 10 seconds to reconnect!\n|inactive|kronos_daffodil has 5 seconds to reconnect!\n|-message|kronos_daffodil lost due to inactivity.\n|\n|win|CadenPowered\n|raw|CadenPowered's rating: 1064 &rarr; <strong>1100<\/strong><br \/>(+36 for winning)\n|raw|kronos_daffodil's rating: 1125 &rarr; <strong>1096<\/strong><br \/>(-29 for losing)\n","uploadtime":1697761538,"views":14,"p1id":"cadenpowered","p2id":"kronosdaffodil","formatid":"gen9doublesou","rating":1096,"private":0,"password":""}