{"id":"gen9doublesou-1984187823","p1":"mikeyuwu","p2":"ApollotheBug","format":"[Gen 9] Doubles OU","log":"|j|\u2606mikeyuwu\n|j|\u2606ApollotheBug\n|t:|1699228034\n|gametype|doubles\n|player|p1|mikeyuwu|psychic-gen4|1372\n|player|p2|ApollotheBug|alder|1483\n|teamsize|p1|6\n|teamsize|p2|6\n|gen|9\n|tier|[Gen 9] Doubles OU\n|rated|\n|rule|Species Clause: Limit one of each Pok\u00e9mon\n|rule|OHKO Clause: OHKO moves are banned\n|rule|Evasion Moves Clause: Evasion moves are banned\n|rule|Gravity Sleep Clause: The combination of sleep-inducing moves with imperfect accuracy and Gravity or Gigantamax Orbeetle are banned\n|rule|Endless Battle Clause: Forcing endless battles is banned\n|rule|HP Percentage Mod: HP is shown in percentages\n|clearpoke\n|poke|p1|Garchomp, M|\n|poke|p1|Tyranitar, F|\n|poke|p1|Vaporeon, F|\n|poke|p1|Toxicroak, M|\n|poke|p1|Pelipper, F|\n|poke|p1|Abomasnow, M|\n|poke|p2|Volcarona, M|\n|poke|p2|Torkoal, F|\n|poke|p2|Flutter Mane|\n|poke|p2|Lilligant, F|\n|poke|p2|Ogerpon-Hearthflame, F|\n|poke|p2|Roaring Moon|\n|teampreview\n|\n|t:|1699228059\n|start\n|switch|p1a: OTLHPM|Toxicroak, M|100\/100\n|switch|p1b: Harmacy|Vaporeon, F|100\/100\n|switch|p2a: volcanic shock|Torkoal, F, shiny|100\/100\n|switch|p2b: Roaring Moon|Roaring Moon, shiny|100\/100\n|-weather|SunnyDay|[from] ability: Drought|[of] p2a: volcanic shock\n|-activate|p2b: Roaring Moon|ability: Protosynthesis\n|-start|p2b: Roaring Moon|protosynthesisspe\n|turn|1\n|\n|t:|1699228093\n|switch|p1a: Weather War|Pelipper, F|100\/100\n|-weather|RainDance|[from] ability: Drizzle|[of] p1a: Weather War\n|-end|p2b: Roaring Moon|Protosynthesis\n|move|p2b: Roaring Moon|Knock Off|p1b: Harmacy\n|-damage|p1b: Harmacy|65\/100\n|-enditem|p1b: Harmacy|Leftovers|[from] move: Knock Off|[of] p2b: Roaring Moon\n|move|p1b: Harmacy|Icy Wind|p2b: Roaring Moon|[spread] p2a,p2b\n|-resisted|p2a: volcanic shock\n|-supereffective|p2b: Roaring Moon\n|-damage|p2a: volcanic shock|94\/100\n|-damage|p2b: Roaring Moon|87\/100\n|-unboost|p2a: volcanic shock|spe|1\n|-unboost|p2b: Roaring Moon|spe|1\n|move|p2a: volcanic shock|Earth Power|p1a: Weather War\n|-immune|p1a: Weather War\n|\n|-weather|RainDance|[upkeep]\n|-heal|p2a: volcanic shock|99\/100|[from] item: Leftovers\n|upkeep\n|turn|2\n|\n|t:|1699228134\n|-terastallize|p2b: Roaring Moon|Steel\n|move|p2a: volcanic shock|Protect|p2a: volcanic shock\n|-singleturn|p2a: volcanic shock|Protect\n|move|p2b: Roaring Moon|Dragon Claw|p1a: Weather War\n|-damage|p1a: Weather War|68\/100\n|move|p1a: Weather War|Hurricane|p2a: volcanic shock\n|-activate|p2a: volcanic shock|move: Protect\n|move|p1b: Harmacy|Copycat|p1b: Harmacy\n|move|p1b: Harmacy|Hurricane|p2b: Roaring Moon|[from]move: Copycat\n|-resisted|p2b: Roaring Moon\n|-damage|p2b: Roaring Moon|78\/100\n|\n|-weather|RainDance|[upkeep]\n|-heal|p2a: volcanic shock|100\/100|[from] item: Leftovers\n|upkeep\n|turn|3\n|inactive|Battle timer is ON: inactive players will automatically lose when time's up. (requested by mikeyuwu)\n|\n|t:|1699228172\n|switch|p2a: Lilligant|Lilligant, F, shiny|100\/100\n|move|p2b: Roaring Moon|Rock Slide|p1a: Weather War|[spread] p1a,p1b\n|-supereffective|p1a: Weather War\n|-damage|p1a: Weather War|35\/100\n|-damage|p1b: Harmacy|49\/100\n|move|p1a: Weather War|Chilling Water|p2b: Roaring Moon\n|-damage|p2b: Roaring Moon|64\/100\n|-unboost|p2b: Roaring Moon|atk|1\n|cant|p1b: Harmacy|flinch\n|\n|-weather|RainDance|[upkeep]\n|upkeep\n|turn|4\n|\n|t:|1699228191\n|-end|p2b: Roaring Moon|Protosynthesis|[silent]\n|switch|p2b: volcanic shock|Torkoal, F, shiny|100\/100\n|-weather|SunnyDay|[from] ability: Drought|[of] p2b: volcanic shock\n|switch|p1b: OTLHPM|Toxicroak, M|100\/100\n|move|p2a: Lilligant|Giga Drain|p1b: OTLHPM\n|-resisted|p1b: OTLHPM\n|-damage|p1b: OTLHPM|77\/100\n|move|p1a: Weather War|Hurricane|p2a: Lilligant\n|-supereffective|p2a: Lilligant\n|-damage|p2a: Lilligant|0 fnt\n|faint|p2a: Lilligant\n|\n|-weather|SunnyDay|[upkeep]\n|-damage|p1b: OTLHPM|65\/100|[from] ability: Dry Skin|[of] p1b: OTLHPM\n|-heal|p1b: OTLHPM|71\/100|[from] item: Black Sludge\n|upkeep\n|inactive|ApollotheBug has 120 seconds left.\n|\n|t:|1699228213\n|switch|p2a: Roaring Moon|Roaring Moon, shiny, tera:Steel|64\/100\n|-activate|p2a: Roaring Moon|ability: Protosynthesis\n|-start|p2a: Roaring Moon|protosynthesisspe\n|turn|5\n|\n|t:|1699228227\n|switch|p1a: Cold Shoulder|Abomasnow, M, shiny|100\/100\n|-weather|Snow|[from] ability: Snow Warning|[of] p1a: Cold Shoulder\n|-end|p2a: Roaring Moon|Protosynthesis\n|move|p2a: Roaring Moon|Knock Off|p1a: Cold Shoulder\n|-damage|p1a: Cold Shoulder|69\/100\n|-enditem|p1a: Cold Shoulder|Wide Lens|[from] move: Knock Off|[of] p2a: Roaring Moon\n|move|p1b: OTLHPM|Drain Punch|p2a: Roaring Moon\n|-supereffective|p2a: Roaring Moon\n|-damage|p2a: Roaring Moon|0 fnt\n|-heal|p1b: OTLHPM|100\/100|[from] drain|[of] p2a: Roaring Moon\n|faint|p2a: Roaring Moon\n|-end|p2a: Roaring Moon|Protosynthesis|[silent]\n|move|p2b: volcanic shock|Earth Power|p1b: OTLHPM\n|-supereffective|p1b: OTLHPM\n|-damage|p1b: OTLHPM|41\/100\n|-unboost|p1b: OTLHPM|spd|1\n|\n|-weather|Snow|[upkeep]\n|-heal|p1b: OTLHPM|47\/100|[from] item: Black Sludge\n|upkeep\n|\n|t:|1699228246\n|switch|p2a: hestia|Ogerpon-Hearthflame, F|100\/100\n|-ability|p2a: hestia|Mold Breaker\n|turn|6\n|\n|t:|1699228257\n|switch|p1b: Extra Spicy|Garchomp, M|100\/100\n|switch|p1a: Weather War|Pelipper, F|35\/100\n|-weather|RainDance|[from] ability: Drizzle|[of] p1a: Weather War\n|move|p2a: hestia|Spiky Shield|p2a: hestia\n|-singleturn|p2a: hestia|move: Protect\n|move|p2b: volcanic shock|Eruption|p1a: Weather War|[spread] p1a,p1b\n|-resisted|p1a: Weather War\n|-resisted|p1b: Extra Spicy\n|-damage|p1a: Weather War|19\/100\n|-damage|p1b: Extra Spicy|90\/100\n|\n|-weather|RainDance|[upkeep]\n|upkeep\n|turn|7\n|\n|t:|1699228281\n|switch|p2b: Lilith|Flutter Mane, shiny|100\/100\n|move|p2a: hestia|Horn Leech|p1b: Extra Spicy\n|-damage|p1b: Extra Spicy|65\/100\n|-damage|p2a: hestia|88\/100|[from] ability: Rough Skin|[of] p1b: Extra Spicy\n|-damage|p2a: hestia|72\/100|[from] item: Rocky Helmet|[of] p1b: Extra Spicy\n|move|p1b: Extra Spicy|Poison Jab|p2a: hestia\n|-supereffective|p2a: hestia\n|-damage|p2a: hestia|12\/100\n|move|p1a: Weather War|Hurricane|p2a: hestia\n|-supereffective|p2a: hestia\n|-damage|p2a: hestia|0 fnt\n|faint|p2a: hestia\n|\n|-weather|RainDance|[upkeep]\n|upkeep\n|\n|t:|1699228295\n|switch|p2a: volcanic shock|Torkoal, F, shiny|100\/100\n|-weather|SunnyDay|[from] ability: Drought|[of] p2a: volcanic shock\n|-activate|p2b: Lilith|ability: Protosynthesis\n|-start|p2b: Lilith|protosynthesisspe\n|turn|8\n|\n|t:|1699228317\n|switch|p1b: Harmacy|Vaporeon, F|49\/100\n|switch|p1a: OTLHPM|Toxicroak, M|47\/100\n|move|p2b: Lilith|Dazzling Gleam|p1a: OTLHPM|[spread] p1a,p1b\n|-damage|p1a: OTLHPM|11\/100\n|-damage|p1b: Harmacy|25\/100\n|move|p2a: volcanic shock|Eruption|p1a: OTLHPM|[spread] p1a,p1b\n|-resisted|p1b: Harmacy\n|-damage|p1a: OTLHPM|0 fnt\n|-damage|p1b: Harmacy|0 fnt\n|faint|p1a: OTLHPM\n|faint|p1b: Harmacy\n|\n|-weather|SunnyDay|[upkeep]\n|upkeep\n|\n|t:|1699228328\n|switch|p1a: Cold Shoulder|Abomasnow, M, shiny|69\/100\n|switch|p1b: ThcrThnSnkr|Tyranitar, F|100\/100\n|-weather|Snow|[from] ability: Snow Warning|[of] p1a: Cold Shoulder\n|-end|p2b: Lilith|Protosynthesis\n|-weather|Sandstorm|[from] ability: Sand Stream|[of] p1b: ThcrThnSnkr\n|turn|9\n|\n|t:|1699228358\n|move|p2b: Lilith|Dazzling Gleam|p1b: ThcrThnSnkr|[spread] p1a,p1b\n|-supereffective|p1b: ThcrThnSnkr\n|-damage|p1a: Cold Shoulder|36\/100\n|-damage|p1b: ThcrThnSnkr|78\/100\n|move|p1a: Cold Shoulder|Weather Ball|p2a: volcanic shock\n|-supereffective|p2a: volcanic shock\n|-crit|p2a: volcanic shock\n|-damage|p2a: volcanic shock|7\/100\n|move|p1b: ThcrThnSnkr|Heavy Slam|p2b: Lilith\n|-supereffective|p2b: Lilith\n|-damage|p2b: Lilith|0 fnt\n|faint|p2b: Lilith\n|-end|p2b: Lilith|Protosynthesis|[silent]\n|move|p2a: volcanic shock|Eruption|p1a: Cold Shoulder|[spread] p1a,p1b\n|-supereffective|p1a: Cold Shoulder\n|-resisted|p1b: ThcrThnSnkr\n|-damage|p1a: Cold Shoulder|21\/100\n|-damage|p1b: ThcrThnSnkr|77\/100\n|\n|-weather|Sandstorm|[upkeep]\n|-damage|p1a: Cold Shoulder|15\/100|[from] Sandstorm\n|-damage|p2a: volcanic shock|1\/100|[from] Sandstorm\n|-heal|p2a: volcanic shock|7\/100|[from] item: Leftovers\n|upkeep\n|inactive|ApollotheBug has 120 seconds left.\n|c|\u2606ApollotheBug|gg\n|\n|t:|1699228375\n|switch|p2b: apollo|Volcarona, M, shiny|100\/100\n|turn|10\n|c|\u2606mikeyuwu|Gg\n|\n|t:|1699228389\n|move|p2b: apollo|Heat Wave|p1b: ThcrThnSnkr|[spread] p1a,p1b\n|-supereffective|p1a: Cold Shoulder\n|-resisted|p1b: ThcrThnSnkr\n|-damage|p1a: Cold Shoulder|0 fnt\n|-damage|p1b: ThcrThnSnkr|72\/100\n|faint|p1a: Cold Shoulder\n|move|p1b: ThcrThnSnkr|Rock Slide|p2a: volcanic shock|[spread] p2a,p2b\n|-supereffective|p2a: volcanic shock\n|-supereffective|p2b: apollo\n|-damage|p2a: volcanic shock|0 fnt\n|-enditem|p2b: apollo|Focus Sash\n|-damage|p2b: apollo|1\/100\n|faint|p2a: volcanic shock\n|\n|-weather|Sandstorm|[upkeep]\n|-damage|p2b: apollo|0 fnt|[from] Sandstorm\n|faint|p2b: apollo\n|\n|win|mikeyuwu\n|upkeep\n|raw|mikeyuwu's rating: 1372 &rarr; <strong>1398<\/strong><br \/>(+26 for winning)\n|raw|ApollotheBug's rating: 1483 &rarr; <strong>1457<\/strong><br \/>(-26 for losing)\n|l|\u2606ApollotheBug\n","uploadtime":1699228409,"views":7,"p1id":"mikeyuwu","p2id":"apollothebug","formatid":"gen9doublesou","rating":1398,"private":0,"password":""}