{"id":"gen9doublesou-1970743731","p1":"watger","p2":"randomplayer0","format":"[Gen 9] Doubles OU","log":"|j|\u2606watger\n|j|\u2606randomplayer0\n|t:|1697663048\n|gametype|doubles\n|player|p1|watger|acerola|\n|player|p2|randomplayer0|2|\n|teamsize|p1|6\n|teamsize|p2|6\n|gen|9\n|tier|[Gen 9] Doubles OU\n|rule|Species Clause: Limit one of each Pok\u00e9mon\n|rule|OHKO Clause: OHKO moves are banned\n|rule|Evasion Moves Clause: Evasion moves are banned\n|rule|Gravity Sleep Clause: The combination of sleep-inducing moves with imperfect accuracy and Gravity or Gigantamax Orbeetle are banned\n|rule|Endless Battle Clause: Forcing endless battles is banned\n|rule|HP Percentage Mod: HP is shown in percentages\n|clearpoke\n|poke|p1|Ogerpon-Wellspring, F|\n|poke|p1|Sinistcha|\n|poke|p1|Chi-Yu|\n|poke|p1|Ninetales-Alola, F|\n|poke|p1|Kingambit, F|\n|poke|p1|Okidogi, M|\n|poke|p2|Chien-Pao|\n|poke|p2|Torkoal, M|\n|poke|p2|Ogerpon-Hearthflame, F|\n|poke|p2|Tornadus, M|\n|poke|p2|Ursaluna-Bloodmoon, M|\n|poke|p2|Oranguru, M|\n|teampreview\n|\n|t:|1697663082\n|start\n|switch|p1a: Ninetales|Ninetales-Alola, F|100\/100\n|switch|p1b: Chi-Yu|Chi-Yu|100\/100\n|switch|p2a: Tornadus|Tornadus, M|100\/100\n|switch|p2b: Chien-Pao|Chien-Pao|100\/100\n|-ability|p2b: Chien-Pao|Sword of Ruin\n|-weather|Snow|[from] ability: Snow Warning|[of] p1a: Ninetales\n|-ability|p1b: Chi-Yu|Beads of Ruin\n|turn|1\n|\n|t:|1697663111\n|-terastallize|p2b: Chien-Pao|Fairy\n|move|p2a: Tornadus|Tailwind|p2a: Tornadus\n|-sidestart|p2: randomplayer0|move: Tailwind\n|move|p2b: Chien-Pao|Brick Break|p1b: Chi-Yu\n|-supereffective|p1b: Chi-Yu\n|-damage|p1b: Chi-Yu|0 fnt\n|faint|p1b: Chi-Yu\n|move|p1a: Ninetales|Aurora Veil|p1a: Ninetales\n|-sidestart|p1: watger|move: Aurora Veil\n|\n|-weather|Snow|[upkeep]\n|upkeep\n|\n|t:|1697663141\n|switch|p1b: Okidogi|Okidogi, M|100\/100\n|turn|2\n|\n|t:|1697663176\n|switch|p2a: Oranguru|Oranguru, M|100\/100\n|move|p2b: Chien-Pao|Brick Break|p1b: Okidogi\n|-sideend|p1: watger|move: Aurora Veil\n|-resisted|p1b: Okidogi\n|-damage|p1b: Okidogi|90\/100\n|move|p1a: Ninetales|Calm Mind|p1a: Ninetales\n|-boost|p1a: Ninetales|spa|1\n|-boost|p1a: Ninetales|spd|1\n|move|p1b: Okidogi|Poison Fang|p2b: Chien-Pao\n|-supereffective|p2b: Chien-Pao\n|-damage|p2b: Chien-Pao|47\/100\n|-status|p2b: Chien-Pao|tox\n|\n|-weather|Snow|[upkeep]\n|-heal|p1b: Okidogi|96\/100|[from] item: Leftovers\n|-damage|p2b: Chien-Pao|41\/100 tox|[from] psn\n|upkeep\n|turn|3\n|\n|t:|1697663214\n|move|p2b: Chien-Pao|Icicle Crash|p1a: Ninetales|[miss]\n|-miss|p2b: Chien-Pao|p1a: Ninetales\n|move|p2a: Oranguru|Instruct|p2b: Chien-Pao\n|-singleturn|p2b: Chien-Pao|move: Instruct|[of] p2a: Oranguru\n|move|p2b: Chien-Pao|Icicle Crash|p1a: Ninetales\n|-resisted|p1a: Ninetales\n|-damage|p1a: Ninetales|69\/100\n|cant|p1a: Ninetales|flinch\n|move|p1b: Okidogi|Poison Fang|p2b: Chien-Pao\n|-supereffective|p2b: Chien-Pao\n|-damage|p2b: Chien-Pao|0 fnt\n|faint|p2b: Chien-Pao\n|\n|-weather|Snow|[upkeep]\n|-heal|p1b: Okidogi|100\/100|[from] item: Leftovers\n|upkeep\n|\n|t:|1697663236\n|switch|p2b: Tornadus|Tornadus, M|100\/100\n|turn|4\n|\n|t:|1697663255\n|move|p2b: Tornadus|Bleakwind Storm|p1a: Ninetales|[spread] p1a,p1b\n|-supereffective|p1b: Okidogi\n|-damage|p1a: Ninetales|35\/100\n|-damage|p1b: Okidogi|10\/100\n|move|p2a: Oranguru|Knock Off|p1b: Okidogi\n|-resisted|p1b: Okidogi\n|-damage|p1b: Okidogi|6\/100\n|-enditem|p1b: Okidogi|Leftovers|[from] move: Knock Off|[of] p2a: Oranguru\n|move|p1a: Ninetales|Calm Mind|p1a: Ninetales\n|-boost|p1a: Ninetales|spa|1\n|-boost|p1a: Ninetales|spd|1\n|move|p1b: Okidogi|Crunch|p2a: Oranguru\n|-supereffective|p2a: Oranguru\n|-damage|p2a: Oranguru|46\/100\n|-unboost|p2a: Oranguru|def|1\n|\n|-weather|Snow|[upkeep]\n|-heal|p2a: Oranguru|53\/100|[from] item: Leftovers\n|-sideend|p2: randomplayer0|move: Tailwind\n|upkeep\n|turn|5\n|\n|t:|1697663281\n|switch|p1b: Sinistcha|Sinistcha|100\/100\n|-heal|p1a: Ninetales|59\/100|[from] ability: Hospitality|[of] p1b: Sinistcha\n|move|p1a: Ninetales|Baton Pass|p1a: Ninetales\n|\n|t:|1697663292\n|switch|p1a: Ogerpon|Ogerpon-Wellspring, F|100\/100|[from] Baton Pass\n|move|p2b: Tornadus|Bleakwind Storm|p1a: Ogerpon|[spread] p1a,p1b\n|-supereffective|p1a: Ogerpon\n|-supereffective|p1b: Sinistcha\n|-damage|p1a: Ogerpon|55\/100\n|-damage|p1b: Sinistcha|0 fnt\n|faint|p1b: Sinistcha\n|move|p2a: Oranguru|Chilling Water|p1a: Ogerpon\n|-heal|p1a: Ogerpon|80\/100|[from] ability: Water Absorb|[of] p2a: Oranguru\n|\n|-weather|none\n|-heal|p2a: Oranguru|59\/100|[from] item: Leftovers\n|upkeep\n|\n|t:|1697663304\n|switch|p1b: Ninetales|Ninetales-Alola, F|59\/100\n|-weather|Snow|[from] ability: Snow Warning|[of] p1b: Ninetales\n|turn|6\n|\n|t:|1697663324\n|move|p2b: Tornadus|Tailwind|p2b: Tornadus\n|-sidestart|p2: randomplayer0|move: Tailwind\n|move|p2a: Oranguru|Knock Off|p1a: Ogerpon\n|-damage|p1a: Ogerpon|66\/100\n|move|p1a: Ogerpon|Knock Off|p2a: Oranguru\n|-supereffective|p2a: Oranguru\n|-damage|p2a: Oranguru|0 fnt\n|-enditem|p2a: Oranguru|Leftovers|[from] move: Knock Off|[of] p1a: Ogerpon\n|faint|p2a: Oranguru\n|move|p1b: Ninetales|Aurora Veil|p1b: Ninetales\n|-sidestart|p1: watger|move: Aurora Veil\n|\n|-weather|Snow|[upkeep]\n|upkeep\n|\n|t:|1697663329\n|switch|p2a: Ogerpon|Ogerpon-Hearthflame, F|100\/100\n|-ability|p2a: Ogerpon|Mold Breaker\n|turn|7\n|c|\u2606watger|fyi u cant knock off the mask\n|c|\u2606randomplayer0|yeah duh\n|\n|t:|1697663372\n|switch|p1b: Okidogi|Okidogi, M|6\/100\n|move|p1a: Ogerpon|Spiky Shield|p1a: Ogerpon\n|-singleturn|p1a: Ogerpon|move: Protect\n|move|p2b: Tornadus|Heat Wave|p1a: Ogerpon|[spread] p1b\n|-activate|p1a: Ogerpon|move: Protect\n|-damage|p1b: Okidogi|0 fnt\n|faint|p1b: Okidogi\n|move|p2a: Ogerpon|Ivy Cudgel|p1a: Ogerpon\n|-activate|p1a: Ogerpon|move: Protect\n|\n|-weather|Snow|[upkeep]\n|upkeep\n|\n|t:|1697663384\n|switch|p1b: Ninetales|Ninetales-Alola, F|59\/100\n|turn|8\n|\n|t:|1697663419\n|move|p2b: Tornadus|Heat Wave|p1b: Ninetales|[spread] p1a,p1b\n|-supereffective|p1b: Ninetales\n|-damage|p1a: Ogerpon|55\/100\n|-damage|p1b: Ninetales|14\/100\n|-status|p1b: Ninetales|brn\n|move|p2a: Ogerpon|Ivy Cudgel|p1a: Ogerpon\n|-damage|p1a: Ogerpon|10\/100\n|move|p1a: Ogerpon|Ivy Cudgel|p2a: Ogerpon\n|-damage|p2a: Ogerpon|19\/100\n|move|p1b: Ninetales|Extrasensory|p2b: Tornadus\n|-damage|p2b: Tornadus|70\/100\n|\n|-weather|Snow|[upkeep]\n|-damage|p1b: Ninetales|9\/100 brn|[from] brn\n|upkeep\n|turn|9\n|\n|t:|1697663439\n|move|p2a: Ogerpon|Spiky Shield|p2a: Ogerpon\n|-singleturn|p2a: Ogerpon|move: Protect\n|move|p1a: Ogerpon|Spiky Shield|p1a: Ogerpon\n|-singleturn|p1a: Ogerpon|move: Protect\n|move|p2b: Tornadus|U-turn|p1a: Ogerpon\n|-activate|p1a: Ogerpon|move: Protect\n|-damage|p2b: Tornadus|58\/100|[from] Spiky Shield|[of] p1a: Ogerpon\n|move|p1b: Ninetales|Extrasensory|p2a: Ogerpon\n|-activate|p2a: Ogerpon|move: Protect\n|\n|-weather|Snow|[upkeep]\n|-damage|p1b: Ninetales|3\/100 brn|[from] brn\n|-sideend|p2: randomplayer0|move: Tailwind\n|upkeep\n|turn|10\n|\n|t:|1697663474\n|move|p1a: Ogerpon|Spiky Shield|p1a: Ogerpon\n|-singleturn|p1a: Ogerpon|move: Protect\n|move|p2b: Tornadus|Tailwind|p2b: Tornadus\n|-sidestart|p2: randomplayer0|move: Tailwind\n|move|p2a: Ogerpon|Trailblaze|p1a: Ogerpon\n|-activate|p1a: Ogerpon|move: Protect\n|-damage|p2a: Ogerpon|6\/100|[from] Spiky Shield|[of] p1a: Ogerpon\n|move|p1b: Ninetales|Extrasensory|p2a: Ogerpon\n|-damage|p2a: Ogerpon|0 fnt\n|faint|p2a: Ogerpon\n|\n|-weather|none\n|-damage|p1b: Ninetales|0 fnt|[from] brn\n|faint|p1b: Ninetales\n|-sideend|p1: watger|move: Aurora Veil\n|upkeep\n|\n|t:|1697663492\n|switch|p1b: Kingambit|Kingambit, F|100\/100\n|switch|p2a: Torkoal|Torkoal, M|100\/100\n|-weather|SunnyDay|[from] ability: Drought|[of] p2a: Torkoal\n|-activate|p1b: Kingambit|ability: Supreme Overlord\n|-start|p1b: Kingambit|fallen4|[silent]\n|turn|11\n|\n|t:|1697663543\n|-terastallize|p1b: Kingambit|Dark\n|move|p2b: Tornadus|Bleakwind Storm|p1b: Kingambit|[spread] p1a,p1b\n|-supereffective|p1a: Ogerpon\n|-damage|p1a: Ogerpon|0 fnt\n|-damage|p1b: Kingambit|72\/100\n|-unboost|p1b: Kingambit|spe|1\n|faint|p1a: Ogerpon\n|move|p2a: Torkoal|Ancient Power|p1b: Kingambit\n|-damage|p1b: Kingambit|62\/100\n|move|p1b: Kingambit|Stone Edge|p2b: Tornadus\n|-supereffective|p2b: Tornadus\n|-crit|p2b: Tornadus\n|-damage|p2b: Tornadus|0 fnt\n|faint|p2b: Tornadus\n|\n|-weather|SunnyDay|[upkeep]\n|upkeep\n|\n|t:|1697663548\n|switch|p2b: Ursaluna|Ursaluna-Bloodmoon, M|100\/100\n|turn|12\n|\n|t:|1697663579\n|move|p2b: Ursaluna|Blood Moon|p1b: Kingambit\n|-damage|p1b: Kingambit|0 fnt\n|faint|p1b: Kingambit\n|-end|p1b: Kingambit|fallen4|[silent]\n|-damage|p2b: Ursaluna|91\/100|[from] item: Life Orb\n|\n|win|randomplayer0\n|c|\u2606watger|gg\n|l|\u2606watger\n","uploadtime":1697663630,"views":16,"p1id":"watger","p2id":"randomplayer0","formatid":"gen9doublesou","rating":0,"private":0,"password":""}