{"id":"gen9doublesou-1973158825","p1":"Ghastlypixie","p2":"Sr. Batata122","format":"[Gen 9] Doubles OU","log":"|j|\u2606Ghastlypixie\n|j|\u2606Sr. Batata122\n|t:|1697934156\n|gametype|doubles\n|player|p1|Ghastlypixie|plasmagruntf|1199\n|player|p2|Sr. Batata122|pokemaniac|1101\n|teamsize|p1|6\n|teamsize|p2|6\n|gen|9\n|tier|[Gen 9] Doubles OU\n|rated|\n|rule|Species Clause: Limit one of each Pok\u00e9mon\n|rule|OHKO Clause: OHKO moves are banned\n|rule|Evasion Moves Clause: Evasion moves are banned\n|rule|Gravity Sleep Clause: The combination of sleep-inducing moves with imperfect accuracy and Gravity or Gigantamax Orbeetle are banned\n|rule|Endless Battle Clause: Forcing endless battles is banned\n|rule|HP Percentage Mod: HP is shown in percentages\n|clearpoke\n|poke|p1|Tornadus, M|\n|poke|p1|Kingambit, F|\n|poke|p1|Ogerpon-Wellspring, F|\n|poke|p1|Iron Bundle|\n|poke|p1|Ursaluna-Bloodmoon, M|\n|poke|p1|Sinistcha-Masterpiece|\n|poke|p2|Kommo-o, M|\n|poke|p2|Torkoal, M|\n|poke|p2|Oranguru, M|\n|poke|p2|Gholdengo|\n|poke|p2|Clefable, F|\n|poke|p2|Armarouge, F|\n|teampreview\n|inactive|Battle timer is ON: inactive players will automatically lose when time's up. (requested by Ghastlypixie)\n|\n|t:|1697934167\n|start\n|switch|p1a: Tornadus|Tornadus, M|100\/100\n|switch|p1b: Iron Bundle|Iron Bundle, shiny|100\/100\n|switch|p2a: Henry just Henry|Oranguru, M|100\/100\n|switch|p2b: George III|Torkoal, M|100\/100\n|-weather|SunnyDay|[from] ability: Drought|[of] p2b: George III\n|turn|1\n|inactive|Sr. Batata122 has 120 seconds left.\n|\n|t:|1697934197\n|move|p1a: Tornadus|Rain Dance|p1a: Tornadus\n|-weather|RainDance\n|move|p1b: Iron Bundle|Icy Wind|p2b: George III|[spread] p2a,p2b\n|-resisted|p2b: George III\n|-damage|p2a: Henry just Henry|75\/100\n|-damage|p2b: George III|76\/100\n|-unboost|p2a: Henry just Henry|spe|1\n|-unboost|p2b: George III|spe|1\n|move|p2b: George III|Solar Beam||[still]\n|-prepare|p2b: George III|Solar Beam\n|move|p2a: Henry just Henry|Trick Room|p2a: Henry just Henry\n|-fieldstart|move: Trick Room|[of] p2a: Henry just Henry\n|\n|-weather|RainDance|[upkeep]\n|upkeep\n|turn|2\n|\n|t:|1697934217\n|-end|p1b: Iron Bundle|Quark Drive|[silent]\n|switch|p1b: Sinistcha|Sinistcha-Masterpiece, shiny|100\/100\n|move|p2b: George III|Solar Beam|p1b: Sinistcha|[from]lockedmove\n|-resisted|p1b: Sinistcha\n|-damage|p1b: Sinistcha|91\/100\n|move|p2a: Henry just Henry|Light Screen|p2a: Henry just Henry\n|-sidestart|p2: Sr. Batata122|move: Light Screen\n|move|p1a: Tornadus|Bleakwind Storm|p2a: Henry just Henry|[spread] p2a,p2b\n|-crit|p2b: George III\n|-damage|p2a: Henry just Henry|58\/100\n|-damage|p2b: George III|0 fnt\n|-unboost|p2a: Henry just Henry|spe|1\n|faint|p2b: George III\n|\n|-weather|RainDance|[upkeep]\n|-heal|p1b: Sinistcha|97\/100|[from] item: Leftovers\n|upkeep\n|inactive|Sr. Batata122 has 120 seconds left.\n|\n|t:|1697934235\n|switch|p2b: Mommy|Clefable, F|100\/100\n|turn|3\n|\n|t:|1697934252\n|move|p1a: Tornadus|Taunt|p2b: Mommy\n|-start|p2b: Mommy|move: Taunt\n|move|p2a: Henry just Henry|Reflect|p2a: Henry just Henry\n|-sidestart|p2: Sr. Batata122|Reflect\n|cant|p2b: Mommy|move: Taunt|Metronome\n|move|p1b: Sinistcha|Matcha Gotcha|p2b: Mommy|[spread] p2a,p2b\n|-damage|p2a: Henry just Henry|45\/100\n|-heal|p1b: Sinistcha|100\/100|[from] drain|[of] p2a: Henry just Henry\n|-damage|p2b: Mommy|85\/100\n|-status|p2b: Mommy|brn\n|\n|-weather|RainDance|[upkeep]\n|-damage|p2b: Mommy|79\/100 brn|[from] brn\n|upkeep\n|turn|4\n|inactive|Sr. Batata122 has 120 seconds left.\n|\n|t:|1697934282\n|switch|p2a: Joana D'Arc|Armarouge, F|100\/100\n|move|p2b: Mommy|Blizzard|p1a: Tornadus|[spread] p1a\n|-miss|p2b: Mommy|p1b: Sinistcha\n|-supereffective|p1a: Tornadus\n|-damage|p1a: Tornadus|45\/100\n|move|p1b: Sinistcha|Scald|p2a: Joana D'Arc\n|-supereffective|p2a: Joana D'Arc\n|-damage|p2a: Joana D'Arc|45\/100\n|move|p1a: Tornadus|Bleakwind Storm|p2a: Joana D'Arc|[spread] p2a,p2b\n|-damage|p2a: Joana D'Arc|19\/100\n|-damage|p2b: Mommy|61\/100 brn\n|-unboost|p2a: Joana D'Arc|spe|1\n|\n|-weather|RainDance|[upkeep]\n|-damage|p2b: Mommy|55\/100 brn|[from] brn\n|upkeep\n|turn|5\n|\n|t:|1697934308\n|switch|p1b: Iron Bundle|Iron Bundle, shiny|100\/100\n|move|p1a: Tornadus|Tailwind|p1a: Tornadus\n|-sidestart|p1: Ghastlypixie|move: Tailwind\n|move|p2a: Joana D'Arc|Armor Cannon|p1b: Iron Bundle\n|-damage|p1b: Iron Bundle|0 fnt\n|-unboost|p2a: Joana D'Arc|def|1\n|-unboost|p2a: Joana D'Arc|spd|1\n|faint|p1b: Iron Bundle\n|-end|p1b: Iron Bundle|Quark Drive|[silent]\n|move|p2b: Mommy|Blizzard|p1a: Tornadus|[miss]\n|-miss|p2b: Mommy|p1a: Tornadus\n|\n|-weather|none\n|-damage|p2b: Mommy|48\/100 brn|[from] brn\n|-end|p2b: Mommy|move: Taunt\n|-fieldend|move: Trick Room\n|upkeep\n|inactive|Ghastlypixie has 120 seconds left.\n|\n|t:|1697934324\n|switch|p1b: Ursaluna|Ursaluna-Bloodmoon, M|100\/100\n|turn|6\n|\n|t:|1697934333\n|-terastallize|p1b: Ursaluna|Normal\n|move|p1a: Tornadus|Bleakwind Storm|p2a: Joana D'Arc|[spread] p2a,p2b\n|-damage|p2a: Joana D'Arc|0 fnt\n|-damage|p2b: Mommy|28\/100 brn\n|faint|p2a: Joana D'Arc\n|move|p1b: Ursaluna|Hyper Voice|p2b: Mommy\n|-damage|p2b: Mommy|0 fnt\n|faint|p2b: Mommy\n|\n|-sideend|p2: Sr. Batata122|move: Light Screen\n|upkeep\n|\n|t:|1697934344\n|switch|p2a: Serial killer|Kommo-o, M, shiny|100\/100\n|switch|p2b: Henry just Henry|Oranguru, M|45\/100\n|turn|7\n|\n|t:|1697934359\n|move|p1a: Tornadus|Taunt|p2b: Henry just Henry\n|-start|p2b: Henry just Henry|move: Taunt\n|move|p1b: Ursaluna|Moonblast|p2a: Serial killer\n|-supereffective|p2a: Serial killer\n|-damage|p2a: Serial killer|0 fnt\n|faint|p2a: Serial killer\n|cant|p2b: Henry just Henry|move: Taunt|Instruct\n|\n|-sideend|p2: Sr. Batata122|Reflect\n|upkeep\n|\n|t:|1697934368\n|switch|p2a: Gold...|Gholdengo|100\/100\n|turn|8\n|\n|t:|1697934377\n|move|p1a: Tornadus|Bleakwind Storm|p2a: Gold...|[spread] p2a\n|-miss|p1a: Tornadus|p2b: Henry just Henry\n|-resisted|p2a: Gold...\n|-damage|p2a: Gold...|79\/100\n|move|p1b: Ursaluna|Earth Power|p2a: Gold...\n|-supereffective|p2a: Gold...\n|-damage|p2a: Gold...|0 fnt\n|faint|p2a: Gold...\n|-activate|p2b: Henry just Henry|move: Struggle\n|move|p2b: Henry just Henry|Struggle|p1a: Tornadus\n|-damage|p1a: Tornadus|36\/100\n|-damage|p2b: Henry just Henry|20\/100|[from] recoil\n|-enditem|p2b: Henry just Henry|Aguav Berry|[eat]\n|-heal|p2b: Henry just Henry|53\/100|[from] item: Aguav Berry\n|\n|-sideend|p1: Ghastlypixie|move: Tailwind\n|upkeep\n|turn|9\n|\n|t:|1697934392\n|move|p1a: Tornadus|Tailwind|p1a: Tornadus\n|-sidestart|p1: Ghastlypixie|move: Tailwind\n|move|p1b: Ursaluna|Blood Moon|p2b: Henry just Henry\n|-damage|p2b: Henry just Henry|0 fnt\n|faint|p2b: Henry just Henry\n|\n|win|Ghastlypixie\n|raw|Ghastlypixie's rating: 1199 &rarr; <strong>1217<\/strong><br \/>(+18 for winning)\n|raw|Sr. Batata122's rating: 1101 &rarr; <strong>1083<\/strong><br \/>(-18 for losing)\n","uploadtime":1697934400,"views":14,"p1id":"ghastlypixie","p2id":"srbatata122","formatid":"gen9doublesou","rating":1083,"private":0,"password":""}