{"id":"gen9doublesou-1982763140","p1":"peeweepeewee","p2":"Shadow Ballers","format":"[Gen 9] Doubles OU","log":"|j|\u2606peeweepeewee\n|j|\u2606Shadow Ballers\n|t:|1699042562\n|gametype|doubles\n|player|p1|peeweepeewee|101|1540\n|player|p2|Shadow Ballers|roughneck|1495\n|teamsize|p1|6\n|teamsize|p2|6\n|gen|9\n|tier|[Gen 9] Doubles OU\n|rated|\n|rule|Species Clause: Limit one of each Pok\u00e9mon\n|rule|OHKO Clause: OHKO moves are banned\n|rule|Evasion Moves Clause: Evasion moves are banned\n|rule|Gravity Sleep Clause: The combination of sleep-inducing moves with imperfect accuracy and Gravity or Gigantamax Orbeetle are banned\n|rule|Endless Battle Clause: Forcing endless battles is banned\n|rule|HP Percentage Mod: HP is shown in percentages\n|clearpoke\n|poke|p1|Great Tusk|\n|poke|p1|Chien-Pao|\n|poke|p1|Dragonite, F|\n|poke|p1|Rillaboom, F|\n|poke|p1|Flutter Mane|\n|poke|p1|Tornadus, M|\n|poke|p2|Sneasler, M|\n|poke|p2|Armarouge, F|\n|poke|p2|Ogerpon-Wellspring, F|\n|poke|p2|Indeedee, M|\n|poke|p2|Chien-Pao|\n|poke|p2|Weezing-Galar, F|\n|teampreview\n|inactive|Battle timer is ON: inactive players will automatically lose when time's up. (requested by Shadow Ballers)\n|\n|t:|1699042581\n|start\n|switch|p1a: Dragonite|Dragonite, F|100\/100\n|switch|p1b: Chien-Pao|Chien-Pao|100\/100\n|switch|p2a: Indeedee|Indeedee, M, shiny|100\/100\n|switch|p2b: Weezing|Weezing-Galar, F, shiny|100\/100\n|-ability|p2b: Weezing|Neutralizing Gas\n|-block|p2a: Indeedee|item: Ability Shield\n|-fieldstart|move: Psychic Terrain|[from] ability: Psychic Surge|[of] p2a: Indeedee\n|-enditem|p2b: Weezing|Psychic Seed\n|-boost|p2b: Weezing|spd|1|[from] item: Psychic Seed\n|turn|1\n|inactive|peeweepeewee has 120 seconds left.\n|\n|t:|1699042619\n|-terastallize|p1a: Dragonite|Normal\n|-terastallize|p2b: Weezing|Ice\n|move|p2a: Indeedee|Fake Out|p1a: Dragonite\n|-activate|p1a: Dragonite|move: Psychic Terrain\n|move|p1b: Chien-Pao|Ice Spinner|p2b: Weezing\n|-resisted|p2b: Weezing\n|-damage|p2b: Weezing|80\/100\n|-fieldend|move: Psychic Terrain\n|move|p1a: Dragonite|Iron Head|p2b: Weezing\n|-supereffective|p2b: Weezing\n|-damage|p2b: Weezing|5\/100\n|move|p2b: Weezing|Tera Blast|p1a: Dragonite|[anim] Tera Blast Ice\n|-damage|p1a: Dragonite|58\/100\n|\n|upkeep\n|turn|2\n|l|\u2606Shadow Ballers\n|inactive|Shadow Ballers disconnected and has a minute to reconnect!\n|player|p2|\n|j|\u2606Shadow Ballers\n|inactive|Shadow Ballers reconnected and has 120 seconds left.\n|player|p2|Shadow Ballers|roughneck\n|inactive|Shadow Ballers has 90 seconds left.\n|\n|t:|1699042680\n|switch|p2a: Armarouge|Armarouge, F, shiny|100\/100\n|-end|p2b: Weezing|ability: Neutralizing Gas\n|-ability|p1b: Chien-Pao|Sword of Ruin\n|switch|p2b: Ogerpon|Ogerpon-Wellspring, F|100\/100\n|move|p1b: Chien-Pao|Ice Spinner|p2b: Ogerpon\n|-damage|p2b: Ogerpon|29\/100\n|move|p1a: Dragonite|Iron Head|p2b: Ogerpon\n|-resisted|p2b: Ogerpon\n|-damage|p2b: Ogerpon|0 fnt\n|faint|p2b: Ogerpon\n|\n|upkeep\n|inactive|Shadow Ballers has 90 seconds left.\n|\n|t:|1699042696\n|switch|p2b: Indeedee|Indeedee, M, shiny|100\/100\n|-fieldstart|move: Psychic Terrain|[from] ability: Psychic Surge|[of] p2b: Indeedee\n|-enditem|p2a: Armarouge|Psychic Seed\n|-boost|p2a: Armarouge|spd|1|[from] item: Psychic Seed\n|turn|3\n|\n|t:|1699042706\n|move|p1b: Chien-Pao|Ice Spinner|p2b: Indeedee\n|-damage|p2b: Indeedee|0 fnt\n|-fieldend|move: Psychic Terrain\n|faint|p2b: Indeedee\n|move|p1a: Dragonite|Iron Head|p2a: Armarouge\n|-resisted|p2a: Armarouge\n|-damage|p2a: Armarouge|70\/100\n|move|p2a: Armarouge|Armor Cannon|p1b: Chien-Pao\n|-supereffective|p1b: Chien-Pao\n|-enditem|p1b: Chien-Pao|Focus Sash\n|-damage|p1b: Chien-Pao|1\/100\n|-unboost|p2a: Armarouge|def|1\n|-unboost|p2a: Armarouge|spd|1\n|\n|upkeep\n|\n|t:|1699042721\n|switch|p2b: Sneasler|Sneasler, M, shiny|100\/100\n|-ability|p2b: Sneasler|Pressure\n|turn|4\n|\n|t:|1699042733\n|switch|p1a: Tornadus|Tornadus, M|100\/100\n|move|p2b: Sneasler|Fake Out|p1b: Chien-Pao\n|-damage|p1b: Chien-Pao|0 fnt\n|faint|p1b: Chien-Pao\n|move|p2a: Armarouge|Armor Cannon|p1a: Tornadus\n|-damage|p1a: Tornadus|11\/100\n|-unboost|p2a: Armarouge|def|1\n|-unboost|p2a: Armarouge|spd|1\n|\n|upkeep\n|\n|t:|1699042742\n|switch|p1b: Dragonite|Dragonite, F, tera:Normal|58\/100\n|turn|5\n|\n|t:|1699042749\n|switch|p2a: Weezing|Weezing-Galar, F, shiny, tera:Ice|5\/100\n|-ability|p2a: Weezing|Neutralizing Gas\n|move|p1b: Dragonite|Extreme Speed|p2a: Weezing\n|-damage|p2a: Weezing|0 fnt\n|faint|p2a: Weezing\n|-end|p2a: Weezing|ability: Neutralizing Gas\n|-ability|p2b: Sneasler|Pressure\n|move|p1a: Tornadus|Tailwind|p1a: Tornadus\n|-sidestart|p1: peeweepeewee|move: Tailwind\n|move|p2b: Sneasler|Close Combat|p1b: Dragonite\n|-supereffective|p1b: Dragonite\n|-damage|p1b: Dragonite|0 fnt\n|-unboost|p2b: Sneasler|def|1\n|-unboost|p2b: Sneasler|spd|1\n|faint|p1b: Dragonite\n|\n|upkeep\n|\n|t:|1699042778\n|switch|p1b: Rillaboom|Rillaboom, F|100\/100\n|switch|p2a: Chien-Pao|Chien-Pao|100\/100\n|-fieldstart|move: Grassy Terrain|[from] ability: Grassy Surge|[of] p1b: Rillaboom\n|-ability|p2a: Chien-Pao|Sword of Ruin\n|turn|6\n|\n|t:|1699042791\n|switch|p2b: Armarouge|Armarouge, F, shiny|70\/100\n|move|p1a: Tornadus|Rain Dance|p1a: Tornadus\n|-weather|RainDance\n|move|p2a: Chien-Pao|Sucker Punch||[still]\n|-fail|p2a: Chien-Pao\n|move|p1b: Rillaboom|High Horsepower|p2b: Armarouge\n|-supereffective|p2b: Armarouge\n|-damage|p2b: Armarouge|0 fnt\n|faint|p2b: Armarouge\n|\n|-weather|RainDance|[upkeep]\n|upkeep\n|\n|t:|1699042804\n|switch|p2b: Sneasler|Sneasler, M, shiny|100\/100\n|-ability|p2b: Sneasler|Pressure\n|turn|7\n|\n|t:|1699042830\n|move|p2b: Sneasler|Fake Out|p1a: Tornadus\n|-damage|p1a: Tornadus|0 fnt\n|-damage|p2b: Sneasler|84\/100|[from] item: Rocky Helmet|[of] p1a: Tornadus\n|faint|p1a: Tornadus\n|move|p1b: Rillaboom|High Horsepower|p2b: Sneasler\n|-supereffective|p2b: Sneasler\n|-damage|p2b: Sneasler|0 fnt\n|faint|p2b: Sneasler\n|move|p2a: Chien-Pao|Ice Spinner|p1b: Rillaboom\n|-supereffective|p1b: Rillaboom\n|-damage|p1b: Rillaboom|0 fnt\n|-fieldend|move: Grassy Terrain\n|faint|p1b: Rillaboom\n|\n|-weather|RainDance|[upkeep]\n|upkeep\n|\n|t:|1699042832\n|switch|p1a: Flutter Mane|Flutter Mane|100\/100\n|switch|p1b: Great Tusk|Great Tusk|100\/100\n|-enditem|p1a: Flutter Mane|Booster Energy\n|-activate|p1a: Flutter Mane|ability: Protosynthesis|[fromitem]\n|-start|p1a: Flutter Mane|protosynthesisspe\n|-enditem|p1b: Great Tusk|Booster Energy\n|-activate|p1b: Great Tusk|ability: Protosynthesis|[fromitem]\n|-start|p1b: Great Tusk|protosynthesisatk\n|turn|8\n|\n|t:|1699042852\n|move|p2a: Chien-Pao|Sucker Punch|p1a: Flutter Mane\n|-damage|p1a: Flutter Mane|0 fnt\n|faint|p1a: Flutter Mane\n|-end|p1a: Flutter Mane|Protosynthesis|[silent]\n|move|p1b: Great Tusk|Close Combat|p2a: Chien-Pao\n|-supereffective|p2a: Chien-Pao\n|-enditem|p2a: Chien-Pao|Focus Sash\n|-damage|p2a: Chien-Pao|1\/100\n|-unboost|p1b: Great Tusk|def|1\n|-unboost|p1b: Great Tusk|spd|1\n|\n|-weather|RainDance|[upkeep]\n|-sideend|p1: peeweepeewee|move: Tailwind\n|upkeep\n|turn|9\n|c|\u2606Shadow Ballers|Gg\n|\n|t:|1699042874\n|move|p2a: Chien-Pao|Ice Spinner|p1b: Great Tusk\n|-supereffective|p1b: Great Tusk\n|-damage|p1b: Great Tusk|0 fnt\n|faint|p1b: Great Tusk\n|-end|p1b: Great Tusk|Protosynthesis|[silent]\n|\n|win|Shadow Ballers\n|raw|peeweepeewee's rating: 1540 &rarr; <strong>1517<\/strong><br \/>(-23 for losing)\n|raw|Shadow Ballers's rating: 1495 &rarr; <strong>1518<\/strong><br \/>(+23 for winning)\n|l|\u2606peeweepeewee\n","uploadtime":1699042890,"views":19,"p1id":"peeweepeewee","p2id":"shadowballers","formatid":"gen9doublesou","rating":1517,"private":0,"password":""}