{"id":"gen9doublesou-1980189207","p1":"Naruto587","p2":"Iwidesence","format":"[Gen 9] Doubles OU","log":"|j|\u2606Naruto587\n|j|\u2606Iwidesence\n|t:|1698764908\n|gametype|doubles\n|player|p1|Naruto587|steven|1109\n|player|p2|Iwidesence|ghetsis-gen5bw|1078\n|teamsize|p1|6\n|teamsize|p2|6\n|gen|9\n|tier|[Gen 9] Doubles OU\n|rated|\n|rule|Species Clause: Limit one of each Pok\u00e9mon\n|rule|OHKO Clause: OHKO moves are banned\n|rule|Evasion Moves Clause: Evasion moves are banned\n|rule|Gravity Sleep Clause: The combination of sleep-inducing moves with imperfect accuracy and Gravity or Gigantamax Orbeetle are banned\n|rule|Endless Battle Clause: Forcing endless battles is banned\n|rule|HP Percentage Mod: HP is shown in percentages\n|clearpoke\n|poke|p1|Oricorio-Pom-Pom, M|\n|poke|p1|Volcarona, F|\n|poke|p1|Torkoal, F|\n|poke|p1|Roaring Moon|\n|poke|p1|Palafin, F|\n|poke|p1|Pelipper, M|\n|poke|p2|Hoopa-Unbound|\n|poke|p2|Ambipom, F|\n|poke|p2|Landorus-Therian, M|\n|poke|p2|Gliscor, M|\n|poke|p2|Slowking-Galar, F|\n|poke|p2|Stonjourner, M|\n|teampreview\n|\n|t:|1698764922\n|start\n|switch|p1a: Oricorio|Oricorio-Pom-Pom, M, shiny|100\/100\n|switch|p1b: Volcarona|Volcarona, F|100\/100\n|switch|p2a: Ambipom|Ambipom, F|100\/100\n|switch|p2b: Stonjourner|Stonjourner, M|100\/100\n|turn|1\n|\n|t:|1698764944\n|move|p2a: Ambipom|Brick Break|p1b: Volcarona\n|-resisted|p1b: Volcarona\n|-damage|p1b: Volcarona|89\/100\n|move|p1a: Oricorio|Tailwind|p1a: Oricorio\n|-sidestart|p1: Naruto587|move: Tailwind\n|move|p1b: Volcarona|Quiver Dance|p1b: Volcarona\n|-boost|p1b: Volcarona|spa|1\n|-boost|p1b: Volcarona|spd|1\n|-boost|p1b: Volcarona|spe|1\n|-activate|p1a: Oricorio|ability: Dancer\n|move|p1a: Oricorio|Quiver Dance|p1a: Oricorio|[from]ability: Dancer\n|-boost|p1a: Oricorio|spa|1\n|-boost|p1a: Oricorio|spd|1\n|-boost|p1a: Oricorio|spe|1\n|move|p2b: Stonjourner|Rock Blast|p1a: Oricorio\n|-supereffective|p1a: Oricorio\n|-damage|p1a: Oricorio|57\/100\n|-supereffective|p1a: Oricorio\n|-damage|p1a: Oricorio|10\/100\n|-supereffective|p1a: Oricorio\n|-damage|p1a: Oricorio|0 fnt\n|faint|p1a: Oricorio\n|-hitcount|p1: Oricorio|3\n|\n|-heal|p1b: Volcarona|95\/100|[from] item: Leftovers\n|upkeep\n|\n|t:|1698764973\n|switch|p1a: Palafin|Palafin, F|100\/100\n|turn|2\n|\n|t:|1698764986\n|move|p1a: Palafin|Jet Punch|p2b: Stonjourner\n|-supereffective|p2b: Stonjourner\n|-damage|p2b: Stonjourner|67\/100\n|move|p1b: Volcarona|Will-O-Wisp|p2a: Ambipom\n|-status|p2a: Ambipom|brn\n|move|p2a: Ambipom|Agility|p2a: Ambipom\n|-boost|p2a: Ambipom|spe|2\n|move|p2b: Stonjourner|Rock Blast|p1b: Volcarona\n|-supereffective|p1b: Volcarona\n|-damage|p1b: Volcarona|37\/100\n|-supereffective|p1b: Volcarona\n|-damage|p1b: Volcarona|0 fnt\n|faint|p1b: Volcarona\n|-hitcount|p1: Volcarona|2\n|\n|-damage|p2a: Ambipom|94\/100 brn|[from] brn\n|upkeep\n|\n|t:|1698765003\n|switch|p1b: Pelipper|Pelipper, M, shiny|100\/100\n|-weather|RainDance|[from] ability: Drizzle|[of] p1b: Pelipper\n|turn|3\n|\n|t:|1698765016\n|move|p2a: Ambipom|Baton Pass|p2a: Ambipom\n|\n|t:|1698765018\n|switch|p2a: Hoopa|Hoopa-Unbound|100\/100|[from] Baton Pass\n|move|p1a: Palafin|Flip Turn|p2b: Stonjourner\n|-supereffective|p2b: Stonjourner\n|-damage|p2b: Stonjourner|12\/100\n|\n|t:|1698765027\n|detailschange|p1a: Palafin|Palafin-Hero, F\n|switch|p1a: Roaring Moon|Roaring Moon|100\/100|[from] Flip Turn\n|move|p1b: Pelipper|Chilling Water|p2b: Stonjourner\n|-supereffective|p2b: Stonjourner\n|-damage|p2b: Stonjourner|0 fnt\n|faint|p2b: Stonjourner\n|\n|-weather|RainDance|[upkeep]\n|upkeep\n|\n|t:|1698765043\n|switch|p2b: Slowking|Slowking-Galar, F|100\/100\n|turn|4\n|inactive|Battle timer is ON: inactive players will automatically lose when time's up. (requested by Iwidesence)\n|\n|t:|1698765083\n|-end|p1a: Roaring Moon|Protosynthesis|[silent]\n|switch|p1a: Palafin|Palafin-Hero, F|100\/100\n|-activate|p1a: Palafin|ability: Zero to Hero\n|move|p2a: Hoopa|Hyperspace Fury|p1a: Palafin\n|-damage|p1a: Palafin|20\/100\n|-unboost|p2a: Hoopa|def|1\n|move|p1b: Pelipper|Icy Wind|p2b: Slowking|[spread] p2a,p2b\n|-damage|p2a: Hoopa|89\/100\n|-damage|p2b: Slowking|91\/100\n|-unboost|p2a: Hoopa|spe|1\n|-unboost|p2b: Slowking|spe|1\n|move|p2b: Slowking|Sludge Bomb|p1a: Palafin\n|-damage|p1a: Palafin|0 fnt\n|faint|p1a: Palafin\n|\n|-weather|RainDance|[upkeep]\n|-heal|p2b: Slowking|97\/100|[from] item: Leftovers\n|-sideend|p1: Naruto587|move: Tailwind\n|upkeep\n|\n|t:|1698765104\n|switch|p1a: Roaring Moon|Roaring Moon|100\/100\n|turn|5\n|\n|t:|1698765119\n|move|p2a: Hoopa|Hyperspace Fury|p1b: Pelipper\n|-damage|p1b: Pelipper|8\/100\n|-unboost|p2a: Hoopa|def|1\n|move|p1a: Roaring Moon|Lash Out|p2a: Hoopa\n|-damage|p2a: Hoopa|0 fnt\n|faint|p2a: Hoopa\n|-damage|p1a: Roaring Moon|91\/100|[from] item: Life Orb\n|move|p1b: Pelipper|Air Slash|p2b: Slowking\n|-damage|p2b: Slowking|70\/100\n|cant|p2b: Slowking|flinch\n|\n|-weather|RainDance|[upkeep]\n|-heal|p2b: Slowking|76\/100|[from] item: Leftovers\n|upkeep\n|\n|t:|1698765142\n|switch|p2a: Landorus|Landorus-Therian, M|100\/100\n|-ability|p2a: Landorus|Intimidate|boost\n|-unboost|p1a: Roaring Moon|atk|1\n|-unboost|p1b: Pelipper|atk|1\n|turn|6\n|\n|t:|1698765156\n|move|p1a: Roaring Moon|Rock Slide|p2b: Slowking|[spread] p2a,p2b\n|-damage|p2a: Landorus|83\/100\n|-damage|p2b: Slowking|62\/100\n|-damage|p1a: Roaring Moon|81\/100|[from] item: Life Orb\n|move|p2a: Landorus|Stomping Tantrum|p1a: Roaring Moon\n|-damage|p1a: Roaring Moon|16\/100\n|move|p1b: Pelipper|Icy Wind|p2a: Landorus|[spread] p2a,p2b\n|-supereffective|p2a: Landorus\n|-damage|p2a: Landorus|32\/100\n|-damage|p2b: Slowking|52\/100\n|-unboost|p2a: Landorus|spe|1\n|-unboost|p2b: Slowking|spe|1\n|-enditem|p2a: Landorus|Sitrus Berry|[eat]\n|-heal|p2a: Landorus|57\/100|[from] item: Sitrus Berry\n|move|p2b: Slowking|Sludge Bomb|p1b: Pelipper\n|-damage|p1b: Pelipper|0 fnt\n|faint|p1b: Pelipper\n|\n|-weather|RainDance|[upkeep]\n|-heal|p2b: Slowking|58\/100|[from] item: Leftovers\n|upkeep\n|\n|t:|1698765174\n|switch|p1b: Torkoal|Torkoal, F|100\/100\n|-weather|SunnyDay|[from] ability: Drought|[of] p1b: Torkoal\n|-activate|p1a: Roaring Moon|ability: Protosynthesis\n|-start|p1a: Roaring Moon|protosynthesisspe\n|turn|7\n|inactive|Naruto587 has 120 seconds left.\n|inactive|Naruto587 has 90 seconds left.\n|\n|t:|1698765239\n|-terastallize|p1a: Roaring Moon|Flying\n|move|p1a: Roaring Moon|Lash Out|p2a: Landorus\n|-damage|p2a: Landorus|23\/100\n|-damage|p1a: Roaring Moon|6\/100|[from] item: Life Orb\n|move|p2a: Landorus|Stomping Tantrum|p1a: Roaring Moon\n|-immune|p1a: Roaring Moon\n|move|p1b: Torkoal|Earth Power|p2b: Slowking\n|-supereffective|p2b: Slowking\n|-crit|p2b: Slowking\n|-damage|p2b: Slowking|0 fnt\n|faint|p2b: Slowking\n|\n|-weather|SunnyDay|[upkeep]\n|upkeep\n|\n|t:|1698765254\n|switch|p2b: Gliscor|Gliscor, M|100\/100\n|turn|8\n|\n|t:|1698765270\n|move|p1a: Roaring Moon|Rock Slide|p2a: Landorus|[spread] p2a,p2b\n|-damage|p2a: Landorus|8\/100\n|-damage|p2b: Gliscor|88\/100\n|-damage|p1a: Roaring Moon|0 fnt|[from] item: Life Orb\n|faint|p1a: Roaring Moon\n|-end|p1a: Roaring Moon|Protosynthesis|[silent]\n|cant|p2b: Gliscor|flinch\n|cant|p2a: Landorus|flinch\n|move|p1b: Torkoal|Flamethrower|p2a: Landorus\n|-damage|p2a: Landorus|0 fnt\n|faint|p2a: Landorus\n|\n|-weather|SunnyDay|[upkeep]\n|-status|p2b: Gliscor|tox|[from] item: Toxic Orb\n|upkeep\n|\n|t:|1698765286\n|switch|p2a: Ambipom|Ambipom, F|94\/100 brn\n|turn|9\n|inactive|Naruto587 has 120 seconds left.\n|inactive|Naruto587 has 90 seconds left.\n|\n|t:|1698765333\n|move|p2a: Ambipom|Gunk Shot|p1b: Torkoal\n|-damage|p1b: Torkoal|89\/100\n|move|p2b: Gliscor|Toxic|p1b: Torkoal|[miss]\n|-miss|p2b: Gliscor|p1b: Torkoal\n|move|p1b: Torkoal|Ancient Power|p2b: Gliscor\n|-damage|p2b: Gliscor|67\/100 tox\n|\n|-weather|SunnyDay|[upkeep]\n|-heal|p1b: Torkoal|96\/100|[from] item: Leftovers\n|-heal|p2b: Gliscor|79\/100 tox|[from] ability: Poison Heal\n|-damage|p2a: Ambipom|88\/100 brn|[from] brn\n|upkeep\n|turn|10\n|\n|t:|1698765348\n|move|p2a: Ambipom|Brick Break|p1b: Torkoal\n|-damage|p1b: Torkoal|89\/100\n|move|p2b: Gliscor|Toxic|p1b: Torkoal\n|-status|p1b: Torkoal|tox\n|move|p1b: Torkoal|Flamethrower|p2b: Gliscor\n|-damage|p2b: Gliscor|3\/100 tox\n|\n|-weather|SunnyDay|[upkeep]\n|-heal|p1b: Torkoal|95\/100 tox|[from] item: Leftovers\n|-heal|p2b: Gliscor|16\/100 tox|[from] ability: Poison Heal\n|-damage|p1b: Torkoal|89\/100 tox|[from] psn\n|-damage|p2a: Ambipom|82\/100 brn|[from] brn\n|upkeep\n|turn|11\n|inactive|Naruto587 has 120 seconds left.\n|\n|t:|1698765372\n|move|p2b: Gliscor|Protect|p2b: Gliscor\n|-singleturn|p2b: Gliscor|Protect\n|move|p2a: Ambipom|Gunk Shot|p1b: Torkoal\n|-damage|p1b: Torkoal|79\/100 tox\n|move|p1b: Torkoal|Flamethrower|p2b: Gliscor\n|-activate|p2b: Gliscor|move: Protect\n|\n|-weather|none\n|-heal|p1b: Torkoal|85\/100 tox|[from] item: Leftovers\n|-heal|p2b: Gliscor|28\/100 tox|[from] ability: Poison Heal\n|-damage|p1b: Torkoal|73\/100 tox|[from] psn\n|-damage|p2a: Ambipom|76\/100 brn|[from] brn\n|upkeep\n|turn|12\n|\n|t:|1698765391\n|move|p2b: Gliscor|Protect||[still]\n|-fail|p2b: Gliscor\n|move|p2a: Ambipom|Gunk Shot|p1b: Torkoal\n|-damage|p1b: Torkoal|62\/100 tox\n|move|p1b: Torkoal|Flamethrower|p2b: Gliscor\n|-damage|p2b: Gliscor|0 fnt\n|faint|p2b: Gliscor\n|\n|-heal|p1b: Torkoal|69\/100 tox|[from] item: Leftovers\n|-damage|p1b: Torkoal|50\/100 tox|[from] psn\n|-damage|p2a: Ambipom|69\/100 brn|[from] brn\n|upkeep\n|turn|13\n|\n|t:|1698765415\n|move|p2a: Ambipom|Gunk Shot|p1b: Torkoal\n|-damage|p1b: Torkoal|41\/100 tox\n|move|p1b: Torkoal|Flamethrower|p2a: Ambipom\n|-damage|p2a: Ambipom|19\/100 brn\n|\n|-heal|p1b: Torkoal|47\/100 tox|[from] item: Leftovers\n|-damage|p1b: Torkoal|22\/100 tox|[from] psn\n|-damage|p2a: Ambipom|12\/100 brn|[from] brn\n|upkeep\n|turn|14\n|\n|t:|1698765433\n|move|p2a: Ambipom|Gunk Shot|p1b: Torkoal|[miss]\n|-miss|p2a: Ambipom|p1b: Torkoal\n|move|p1b: Torkoal|Flamethrower|p2a: Ambipom\n|-damage|p2a: Ambipom|0 fnt\n|faint|p2a: Ambipom\n|\n|win|Naruto587\n|raw|Naruto587's rating: 1109 &rarr; <strong>1132<\/strong><br \/>(+23 for winning)\n|raw|Iwidesence's rating: 1078 &rarr; <strong>1058<\/strong><br \/>(-20 for losing)\n","uploadtime":1698765443,"views":21,"p1id":"naruto587","p2id":"iwidesence","formatid":"gen9doublesou","rating":1058,"private":0,"password":""}