{"id":"gen9doublesou-1971226716","p1":"lolIwatchYT","p2":"ntoumis","format":"[Gen 9] Doubles OU","log":"|j|\u2606lolIwatchYT\n|j|\u2606ntoumis\n|t:|1697721639\n|gametype|doubles\n|player|p1|lolIwatchYT|102|1266\n|player|p2|ntoumis|bellepa|1336\n|teamsize|p1|6\n|teamsize|p2|6\n|gen|9\n|tier|[Gen 9] Doubles OU\n|rated|\n|rule|Species Clause: Limit one of each Pok\u00e9mon\n|rule|OHKO Clause: OHKO moves are banned\n|rule|Evasion Moves Clause: Evasion moves are banned\n|rule|Gravity Sleep Clause: The combination of sleep-inducing moves with imperfect accuracy and Gravity or Gigantamax Orbeetle are banned\n|rule|Endless Battle Clause: Forcing endless battles is banned\n|rule|HP Percentage Mod: HP is shown in percentages\n|clearpoke\n|poke|p1|Azumarill, F|\n|poke|p1|Arcanine-Hisui, F|\n|poke|p1|Typhlosion-Hisui, F|\n|poke|p1|Gastrodon, M|\n|poke|p1|Tornadus, M|\n|poke|p1|Klefki, F|\n|poke|p2|Politoed, M|\n|poke|p2|Ogerpon-Wellspring, F|\n|poke|p2|Clefairy, F|\n|poke|p2|Rillaboom, F|\n|poke|p2|Toxapex, F|\n|poke|p2|Shaymin|\n|teampreview\n|\n|t:|1697721647\n|start\n|switch|p1a: Typhlosion|Typhlosion-Hisui, F|100\/100\n|switch|p1b: Arcanine|Arcanine-Hisui, F|100\/100\n|switch|p2a: Clefairy|Clefairy, F|100\/100\n|switch|p2b: Ogerpon|Ogerpon-Wellspring, F|100\/100\n|-item|p2a: Clefairy|Eviolite|[from] ability: Frisk|[of] p1a: Typhlosion|[identify]\n|-item|p2b: Ogerpon|Wellspring Mask|[from] ability: Frisk|[of] p1a: Typhlosion|[identify]\n|-ability|p1b: Arcanine|Intimidate|boost\n|-unboost|p2a: Clefairy|atk|1\n|-unboost|p2b: Ogerpon|atk|1\n|-item|p1b: Arcanine|Air Balloon\n|turn|1\n|\n|t:|1697721673\n|switch|p1b: Gastrodon|Gastrodon, M|100\/100\n|switch|p2a: Politoed|Politoed, M|100\/100\n|-weather|RainDance|[from] ability: Drizzle|[of] p2a: Politoed\n|move|p1a: Typhlosion|Eruption|p2a: Politoed|[spread] p2a,p2b\n|-resisted|p2a: Politoed\n|-damage|p2a: Politoed|91\/100\n|-damage|p2b: Ogerpon|73\/100\n|move|p2b: Ogerpon|Swords Dance|p2b: Ogerpon\n|-boost|p2b: Ogerpon|atk|2\n|\n|-weather|RainDance|[upkeep]\n|-heal|p2a: Politoed|97\/100|[from] item: Leftovers\n|upkeep\n|turn|2\n|\n|t:|1697721693\n|-terastallize|p1b: Gastrodon|Bug\n|move|p1a: Typhlosion|Calm Mind|p1a: Typhlosion\n|-boost|p1a: Typhlosion|spa|1\n|-boost|p1a: Typhlosion|spd|1\n|move|p2b: Ogerpon|Horn Leech|p1b: Gastrodon\n|-resisted|p1b: Gastrodon\n|-damage|p1b: Gastrodon|70\/100\n|-heal|p2b: Ogerpon|91\/100|[from] drain|[of] p1b: Gastrodon\n|move|p2a: Politoed|Surf|p1b: Gastrodon|[spread] p1a\n|-heal|p2b: Ogerpon|100\/100|[from] ability: Water Absorb|[of] p2a: Politoed\n|-ability|p1b: Gastrodon|Storm Drain|boost\n|-boost|p1b: Gastrodon|spa|1\n|-supereffective|p1a: Typhlosion\n|-damage|p1a: Typhlosion|43\/100\n|move|p1b: Gastrodon|Tera Blast|p2b: Ogerpon|[anim] Tera Blast Bug\n|-supereffective|p2b: Ogerpon\n|-damage|p2b: Ogerpon|3\/100\n|\n|-weather|RainDance|[upkeep]\n|-heal|p2a: Politoed|100\/100|[from] item: Leftovers\n|-heal|p1b: Gastrodon|76\/100|[from] item: Leftovers\n|upkeep\n|turn|3\n|\n|t:|1697721733\n|switch|p2b: Toxapex|Toxapex, F|100\/100\n|move|p1a: Typhlosion|Infernal Parade|p2a: Politoed\n|-damage|p2a: Politoed|69\/100\n|move|p2a: Politoed|Icy Wind|p1a: Typhlosion|[spread] p1a,p1b\n|-resisted|p1a: Typhlosion\n|-damage|p1a: Typhlosion|40\/100\n|-damage|p1b: Gastrodon|68\/100\n|-unboost|p1a: Typhlosion|spe|1\n|-unboost|p1b: Gastrodon|spe|1\n|move|p1b: Gastrodon|Tera Blast|p2b: Toxapex|[anim] Tera Blast Bug\n|-resisted|p2b: Toxapex\n|-damage|p2b: Toxapex|80\/100\n|\n|-weather|RainDance|[upkeep]\n|-heal|p2a: Politoed|75\/100|[from] item: Leftovers\n|-heal|p2b: Toxapex|86\/100|[from] item: Black Sludge\n|-heal|p1b: Gastrodon|74\/100|[from] item: Leftovers\n|upkeep\n|turn|4\n|\n|t:|1697721769\n|switch|p1b: Klefki|Klefki, F|100\/100\n|-item|p1b: Klefki|Air Balloon\n|move|p1a: Typhlosion|Infernal Parade|p2a: Politoed\n|-damage|p2a: Politoed|45\/100\n|-status|p2a: Politoed|brn\n|move|p2a: Politoed|Surf|p1a: Typhlosion|[spread] p2b,p1a,p1b\n|-resisted|p2b: Toxapex\n|-supereffective|p1a: Typhlosion\n|-damage|p2b: Toxapex|72\/100\n|-damage|p1a: Typhlosion|0 fnt\n|-damage|p1b: Klefki|65\/100\n|-enditem|p1b: Klefki|Air Balloon\n|faint|p1a: Typhlosion\n|move|p2b: Toxapex|Toxic|p1b: Klefki\n|-immune|p1b: Klefki\n|\n|-weather|RainDance|[upkeep]\n|-heal|p2a: Politoed|51\/100 brn|[from] item: Leftovers\n|-heal|p2b: Toxapex|78\/100|[from] item: Black Sludge\n|-damage|p2a: Politoed|45\/100 brn|[from] brn\n|upkeep\n|\n|t:|1697721790\n|switch|p1a: Tornadus|Tornadus, M|100\/100\n|turn|5\n|\n|t:|1697721799\n|switch|p2a: Clefairy|Clefairy, F|100\/100\n|move|p1a: Tornadus|Tailwind|p1a: Tornadus\n|-sidestart|p1: lolIwatchYT|move: Tailwind\n|move|p1b: Klefki|Light Screen|p1b: Klefki\n|-sidestart|p1: lolIwatchYT|move: Light Screen\n|move|p2b: Toxapex|Toxic|p1a: Tornadus\n|-status|p1a: Tornadus|tox\n|\n|-weather|none\n|-heal|p2b: Toxapex|84\/100|[from] item: Black Sludge\n|-damage|p1a: Tornadus|94\/100 tox|[from] psn\n|upkeep\n|turn|6\n|\n|t:|1697721818\n|move|p1b: Klefki|Spikes|p2b: Toxapex\n|-sidestart|p2: ntoumis|Spikes\n|move|p1a: Tornadus|Bleakwind Storm|p2a: Clefairy|[spread] p2a,p2b\n|-crit|p2a: Clefairy\n|-damage|p2a: Clefairy|60\/100\n|-damage|p2b: Toxapex|61\/100\n|move|p2b: Toxapex|Chilling Water|p1a: Tornadus\n|-damage|p1a: Tornadus|86\/100 tox\n|move|p2a: Clefairy|Icy Wind|p1b: Klefki|[spread] p1a,p1b\n|-supereffective|p1a: Tornadus\n|-crit|p1a: Tornadus\n|-resisted|p1b: Klefki\n|-damage|p1a: Tornadus|65\/100 tox\n|-damage|p1b: Klefki|63\/100\n|-unboost|p1b: Klefki|spe|1\n|\n|-heal|p2b: Toxapex|67\/100|[from] item: Black Sludge\n|-damage|p1a: Tornadus|53\/100 tox|[from] psn\n|upkeep\n|turn|7\n|\n|t:|1697721844\n|switch|p1a: Gastrodon|Gastrodon, M, tera:Bug|74\/100\n|move|p1b: Klefki|Spikes|p2a: Clefairy\n|-sidestart|p2: ntoumis|Spikes\n|move|p2a: Clefairy|Life Dew|p2a: Clefairy|[spread] p2a,p2b\n|-heal|p2a: Clefairy|85\/100\n|-heal|p2b: Toxapex|92\/100\n|move|p2b: Toxapex|Chilling Water|p1a: Gastrodon\n|-activate|p1a: Gastrodon|ability: Storm Drain\n|-ability|p1a: Gastrodon|Storm Drain|boost\n|-boost|p1a: Gastrodon|spa|1\n|\n|-heal|p1a: Gastrodon|80\/100|[from] item: Leftovers\n|-heal|p2b: Toxapex|98\/100|[from] item: Black Sludge\n|upkeep\n|turn|8\n|\n|t:|1697721873\n|move|p2a: Clefairy|Follow Me|p2a: Clefairy\n|-singleturn|p2a: Clefairy|move: Follow Me\n|move|p1b: Klefki|Flash Cannon|p2a: Clefairy\n|-supereffective|p2a: Clefairy\n|-damage|p2a: Clefairy|54\/100\n|move|p1a: Gastrodon|Earth Power|p2a: Clefairy\n|-crit|p2a: Clefairy\n|-damage|p2a: Clefairy|0 fnt\n|faint|p2a: Clefairy\n|move|p2b: Toxapex|Toxic|p1a: Gastrodon\n|-status|p1a: Gastrodon|tox\n|\n|-heal|p1a: Gastrodon|86\/100 tox|[from] item: Leftovers\n|-heal|p2b: Toxapex|100\/100|[from] item: Black Sludge\n|-damage|p1a: Gastrodon|80\/100 tox|[from] psn\n|-sideend|p1: lolIwatchYT|move: Tailwind\n|upkeep\n|\n|t:|1697721891\n|switch|p2a: Shaymin|Shaymin|100\/100\n|-damage|p2a: Shaymin|84\/100|[from] Spikes\n|turn|9\n|\n|t:|1697721908\n|move|p2a: Shaymin|Protect|p2a: Shaymin\n|-singleturn|p2a: Shaymin|Protect\n|move|p1b: Klefki|Spikes|p2b: Toxapex\n|-sidestart|p2: ntoumis|Spikes\n|move|p1a: Gastrodon|Tera Blast|p2a: Shaymin|[anim] Tera Blast Bug\n|-activate|p2a: Shaymin|move: Protect\n|move|p2b: Toxapex|Recover||[still]\n|-fail|p2b: Toxapex|heal\n|\n|-heal|p1a: Gastrodon|86\/100 tox|[from] item: Leftovers\n|-damage|p1a: Gastrodon|74\/100 tox|[from] psn\n|-sideend|p1: lolIwatchYT|move: Light Screen\n|upkeep\n|turn|10\n|\n|t:|1697721935\n|switch|p2a: Politoed|Politoed, M|45\/100 brn\n|-damage|p2a: Politoed|20\/100 brn|[from] Spikes\n|-weather|RainDance|[from] ability: Drizzle|[of] p2a: Politoed\n|move|p2b: Toxapex|Baneful Bunker|p2b: Toxapex\n|-singleturn|p2b: Toxapex|move: Protect\n|move|p1b: Klefki|Light Screen|p1b: Klefki\n|-sidestart|p1: lolIwatchYT|move: Light Screen\n|move|p1a: Gastrodon|Tera Blast|p2a: Politoed|[anim] Tera Blast Bug\n|-damage|p2a: Politoed|0 fnt\n|faint|p2a: Politoed\n|\n|-weather|RainDance|[upkeep]\n|-heal|p1a: Gastrodon|80\/100 tox|[from] item: Leftovers\n|-damage|p1a: Gastrodon|62\/100 tox|[from] psn\n|upkeep\n|\n|t:|1697721949\n|switch|p2a: Rillaboom|Rillaboom, F|100\/100\n|-damage|p2a: Rillaboom|75\/100|[from] Spikes\n|-fieldstart|move: Grassy Terrain|[from] ability: Grassy Surge|[of] p2a: Rillaboom\n|turn|11\n|\n|t:|1697721964\n|switch|p1a: Arcanine|Arcanine-Hisui, F|100\/100\n|-ability|p1a: Arcanine|Intimidate|boost\n|-unboost|p2a: Rillaboom|atk|1\n|-unboost|p2b: Toxapex|atk|1\n|-item|p1a: Arcanine|Air Balloon\n|move|p2a: Rillaboom|Fake Out|p1a: Arcanine\n|-resisted|p1a: Arcanine\n|-damage|p1a: Arcanine|95\/100\n|-enditem|p1a: Arcanine|Air Balloon\n|move|p1b: Klefki|Dazzling Gleam|p2a: Rillaboom|[spread] p2a,p2b\n|-resisted|p2b: Toxapex\n|-damage|p2a: Rillaboom|61\/100\n|-damage|p2b: Toxapex|93\/100\n|move|p2b: Toxapex|Toxic|p1b: Klefki\n|-immune|p1b: Klefki\n|\n|-weather|RainDance|[upkeep]\n|-heal|p1a: Arcanine|100\/100|[from] Grassy Terrain\n|-heal|p2a: Rillaboom|67\/100|[from] Grassy Terrain\n|-heal|p1b: Klefki|69\/100|[from] Grassy Terrain\n|-heal|p2b: Toxapex|99\/100|[from] Grassy Terrain\n|-heal|p2b: Toxapex|100\/100|[from] item: Black Sludge\n|upkeep\n|turn|12\n|\n|t:|1697721993\n|switch|p2a: Ogerpon|Ogerpon-Wellspring, F|3\/100\n|-damage|p2a: Ogerpon|0 fnt|[from] Spikes\n|faint|p2a: Ogerpon\n|switch|p1b: Gastrodon|Gastrodon, M, tera:Bug|62\/100 tox\n|move|p1a: Arcanine|Flare Blitz|p2b: Toxapex\n|-resisted|p2b: Toxapex\n|-damage|p2b: Toxapex|94\/100\n|-damage|p1a: Arcanine|99\/100|[from] Recoil\n|move|p2b: Toxapex|Chilling Water|p1b: Gastrodon\n|-activate|p1b: Gastrodon|ability: Storm Drain\n|-ability|p1b: Gastrodon|Storm Drain|boost\n|-boost|p1b: Gastrodon|spa|1\n|\n|-weather|RainDance|[upkeep]\n|-heal|p1a: Arcanine|100\/100|[from] Grassy Terrain\n|-heal|p1b: Gastrodon|68\/100 tox|[from] Grassy Terrain\n|-heal|p1b: Gastrodon|74\/100 tox|[from] item: Leftovers\n|-heal|p2b: Toxapex|99\/100|[from] Grassy Terrain\n|-heal|p2b: Toxapex|100\/100|[from] item: Black Sludge\n|-damage|p1b: Gastrodon|68\/100 tox|[from] psn\n|upkeep\n|\n|t:|1697722005\n|switch|p2a: Rillaboom|Rillaboom, F|67\/100\n|-damage|p2a: Rillaboom|42\/100|[from] Spikes\n|turn|13\n|\n|t:|1697722019\n|move|p2a: Rillaboom|Fake Out|p1b: Gastrodon\n|-damage|p1b: Gastrodon|51\/100 tox\n|move|p1a: Arcanine|Flare Blitz|p2a: Rillaboom\n|-supereffective|p2a: Rillaboom\n|-damage|p2a: Rillaboom|0 fnt\n|faint|p2a: Rillaboom\n|-damage|p1a: Arcanine|86\/100|[from] Recoil\n|cant|p1b: Gastrodon|flinch\n|move|p2b: Toxapex|Toxic|p1a: Arcanine\n|-status|p1a: Arcanine|tox\n|\n|-weather|RainDance|[upkeep]\n|-heal|p1a: Arcanine|92\/100 tox|[from] Grassy Terrain\n|-heal|p1b: Gastrodon|57\/100 tox|[from] Grassy Terrain\n|-heal|p1b: Gastrodon|63\/100 tox|[from] item: Leftovers\n|-damage|p1a: Arcanine|86\/100 tox|[from] psn\n|-damage|p1b: Gastrodon|51\/100 tox|[from] psn\n|upkeep\n|\n|t:|1697722038\n|switch|p2a: Shaymin|Shaymin|84\/100\n|-damage|p2a: Shaymin|59\/100|[from] Spikes\n|turn|14\n|\n|t:|1697722052\n|move|p2a: Shaymin|Protect|p2a: Shaymin\n|-singleturn|p2a: Shaymin|Protect\n|move|p2b: Toxapex|Baneful Bunker|p2b: Toxapex\n|-singleturn|p2b: Toxapex|move: Protect\n|move|p1a: Arcanine|Will-O-Wisp|p2b: Toxapex\n|-activate|p2b: Toxapex|move: Protect\n|move|p1b: Gastrodon|Recover|p1b: Gastrodon\n|-heal|p1b: Gastrodon|100\/100 tox\n|\n|-weather|none\n|-heal|p1a: Arcanine|92\/100 tox|[from] Grassy Terrain\n|-heal|p2a: Shaymin|65\/100|[from] Grassy Terrain\n|-damage|p1a: Arcanine|80\/100 tox|[from] psn\n|-damage|p1b: Gastrodon|82\/100 tox|[from] psn\n|-sideend|p1: lolIwatchYT|move: Light Screen\n|upkeep\n|turn|15\n|\n|t:|1697722076\n|switch|p1b: Tornadus|Tornadus, M|53\/100 tox\n|move|p1a: Arcanine|Flare Blitz|p2a: Shaymin\n|-supereffective|p2a: Shaymin\n|-damage|p2a: Shaymin|0 fnt\n|-damage|p1a: Arcanine|63\/100 tox|[from] item: Rocky Helmet|[of] p2a: Shaymin\n|faint|p2a: Shaymin\n|-damage|p1a: Arcanine|40\/100 tox|[from] Recoil\n|move|p2b: Toxapex|Recover||[still]\n|-fail|p2b: Toxapex|heal\n|\n|-heal|p1a: Arcanine|46\/100 tox|[from] Grassy Terrain\n|-damage|p1a: Arcanine|27\/100 tox|[from] psn\n|-damage|p1b: Tornadus|47\/100 tox|[from] psn\n|-fieldend|move: Grassy Terrain\n|upkeep\n|turn|16\n|\n|t:|1697722138\n|switch|p1a: Gastrodon|Gastrodon, M, tera:Bug|82\/100 tox\n|move|p1b: Tornadus|Taunt|p2b: Toxapex\n|-start|p2b: Toxapex|move: Taunt\n|cant|p2b: Toxapex|move: Taunt|Recover\n|\n|-heal|p1a: Gastrodon|88\/100 tox|[from] item: Leftovers\n|-damage|p1b: Tornadus|35\/100 tox|[from] psn\n|-damage|p1a: Gastrodon|82\/100 tox|[from] psn\n|upkeep\n|turn|17\n|\n|t:|1697722153\n|move|p1b: Tornadus|Bleakwind Storm|p2b: Toxapex\n|-damage|p2b: Toxapex|56\/100\n|move|p1a: Gastrodon|Earth Power|p2b: Toxapex\n|-supereffective|p2b: Toxapex\n|-damage|p2b: Toxapex|0 fnt\n|faint|p2b: Toxapex\n|\n|win|lolIwatchYT\n|raw|lolIwatchYT's rating: 1266 &rarr; <strong>1296<\/strong><br \/>(+30 for winning)\n|raw|ntoumis's rating: 1336 &rarr; <strong>1312<\/strong><br \/>(-24 for losing)\n|l|\u2606ntoumis\n|c|\u2606lolIwatchYT|all part  of the plan\n","uploadtime":1697722409,"views":20,"p1id":"loliwatchyt","p2id":"ntoumis","formatid":"gen9doublesou","rating":1296,"private":0,"password":""}