{"id":"gen9doublesou-1986165866","p1":"RocketsViability","p2":"theycallhimbigal","format":"[Gen 9] Doubles OU","log":"|j|\u2606RocketsViability\n|j|\u2606theycallhimbigal\n|t:|1699456338\n|gametype|doubles\n|player|p1|RocketsViability|169|1136\n|player|p2|theycallhimbigal|101|1240\n|teamsize|p1|6\n|teamsize|p2|6\n|gen|9\n|tier|[Gen 9] Doubles OU\n|rated|\n|rule|Species Clause: Limit one of each Pok\u00e9mon\n|rule|OHKO Clause: OHKO moves are banned\n|rule|Evasion Moves Clause: Evasion moves are banned\n|rule|Gravity Sleep Clause: The combination of sleep-inducing moves with imperfect accuracy and Gravity or Gigantamax Orbeetle are banned\n|rule|Endless Battle Clause: Forcing endless battles is banned\n|rule|HP Percentage Mod: HP is shown in percentages\n|clearpoke\n|poke|p1|Ninetales-Alola, M|\n|poke|p1|Trevenant, F|\n|poke|p1|Goodra-Hisui, M|\n|poke|p1|Sandslash-Alola, M|\n|poke|p1|Torterra, M|\n|poke|p1|Empoleon, F|\n|poke|p2|Indeedee-F, F|\n|poke|p2|Armarouge, F|\n|poke|p2|Lilligant-Hisui, F|\n|poke|p2|Torkoal, M|\n|poke|p2|Landorus-Therian, M|\n|poke|p2|Amoonguss, M|\n|teampreview\n|inactive|Battle timer is ON: inactive players will automatically lose when time's up. (requested by theycallhimbigal)\n|\n|t:|1699456354\n|start\n|switch|p1a: Sandslash|Sandslash-Alola, M|100\/100\n|switch|p1b: Trevenant|Trevenant, F|100\/100\n|switch|p2a: Indeedee|Indeedee-F, F|100\/100\n|switch|p2b: Armarouge|Armarouge, F|100\/100\n|-fieldstart|move: Psychic Terrain|[from] ability: Psychic Surge|[of] p2a: Indeedee\n|turn|1\n|\n|t:|1699456367\n|move|p2a: Indeedee|Follow Me|p2a: Indeedee\n|-singleturn|p2a: Indeedee|move: Follow Me\n|move|p1a: Sandslash|Knock Off|p2a: Indeedee\n|-supereffective|p2a: Indeedee\n|-crit|p2a: Indeedee\n|-damage|p2a: Indeedee|0 fnt\n|-enditem|p2a: Indeedee|Leftovers|[from] move: Knock Off|[of] p1a: Sandslash\n|faint|p2a: Indeedee\n|move|p1b: Trevenant|Toxic|p2b: Armarouge|[miss]\n|-miss|p1b: Trevenant|p2b: Armarouge\n|move|p2b: Armarouge|Trick Room|p2b: Armarouge\n|-fieldstart|move: Trick Room|[of] p2b: Armarouge\n|\n|upkeep\n|\n|t:|1699456377\n|switch|p2a: Torkoal|Torkoal, M|100\/100\n|-weather|SunnyDay|[from] ability: Drought|[of] p2a: Torkoal\n|turn|2\n|\n|t:|1699456384\n|move|p2a: Torkoal|Eruption|p1b: Trevenant|[spread] p1a,p1b\n|-supereffective|p1a: Sandslash\n|-supereffective|p1b: Trevenant\n|-damage|p1a: Sandslash|0 fnt\n|-damage|p1b: Trevenant|1\/100\n|-enditem|p1b: Trevenant|Sitrus Berry|[eat]\n|-heal|p1b: Trevenant|26\/100|[from] item: Sitrus Berry\n|faint|p1a: Sandslash\n|move|p1b: Trevenant|Toxic|p2a: Torkoal\n|-status|p2a: Torkoal|tox\n|move|p2b: Armarouge|Expanding Force|p1b: Trevenant\n|-damage|p1b: Trevenant|0 fnt\n|faint|p1b: Trevenant\n|\n|-weather|SunnyDay|[upkeep]\n|-damage|p2a: Torkoal|94\/100 tox|[from] psn\n|upkeep\n|c|\u2606theycallhimbigal|always live with 1\n|\n|t:|1699456400\n|switch|p1b: Ninetales|Ninetales-Alola, M|100\/100\n|switch|p1a: Empoleon|Empoleon, F|100\/100\n|-weather|Snow|[from] ability: Snow Warning|[of] p1b: Ninetales\n|turn|3\n|\n|t:|1699456411\n|move|p1a: Empoleon|Protect|p1a: Empoleon\n|-singleturn|p1a: Empoleon|Protect\n|move|p2a: Torkoal|Eruption|p1a: Empoleon|[spread] p1b\n|-activate|p1a: Empoleon|move: Protect\n|-supereffective|p1b: Ninetales\n|-damage|p1b: Ninetales|0 fnt\n|faint|p1b: Ninetales\n|move|p2b: Armarouge|Aura Sphere|p1a: Empoleon\n|-activate|p1a: Empoleon|move: Protect\n|\n|-weather|Snow|[upkeep]\n|-damage|p2a: Torkoal|82\/100 tox|[from] psn\n|upkeep\n|c|\u2606RocketsViability|because trev is god\n|\n|t:|1699456423\n|switch|p1b: Goodra|Goodra-Hisui, M|100\/100\n|turn|4\n|\n|t:|1699456430\n|-terastallize|p1a: Empoleon|Water\n|move|p1b: Goodra|Protect|p1b: Goodra\n|-singleturn|p1b: Goodra|Protect\n|move|p2a: Torkoal|Eruption|p1b: Goodra|[spread] p1a\n|-activate|p1b: Goodra|move: Protect\n|-resisted|p1a: Empoleon\n|-damage|p1a: Empoleon|83\/100\n|move|p1a: Empoleon|Hydro Pump|p2b: Armarouge\n|-supereffective|p2b: Armarouge\n|-damage|p2b: Armarouge|0 fnt\n|faint|p2b: Armarouge\n|\n|-weather|Snow|[upkeep]\n|-heal|p1a: Empoleon|89\/100|[from] item: Leftovers\n|-damage|p2a: Torkoal|64\/100 tox|[from] psn\n|upkeep\n|\n|t:|1699456444\n|switch|p2b: Lilligant|Lilligant-Hisui, F|100\/100\n|turn|5\n|\n|t:|1699456454\n|move|p1a: Empoleon|Protect|p1a: Empoleon\n|-singleturn|p1a: Empoleon|Protect\n|move|p2a: Torkoal|Heat Wave|p1a: Empoleon|[spread] \n|-activate|p1a: Empoleon|move: Protect\n|-miss|p2a: Torkoal|p1b: Goodra\n|move|p1b: Goodra|Blizzard|p2b: Lilligant|[spread] p2a,p2b\n|-resisted|p2a: Torkoal\n|-supereffective|p2b: Lilligant\n|-damage|p2a: Torkoal|46\/100 tox\n|-damage|p2b: Lilligant|22\/100\n|move|p2b: Lilligant|Leaf Blade|p1a: Empoleon\n|-activate|p1a: Empoleon|move: Protect\n|\n|-weather|Snow|[upkeep]\n|-heal|p1a: Empoleon|96\/100|[from] item: Leftovers\n|-damage|p2a: Torkoal|21\/100 tox|[from] psn\n|-fieldend|move: Trick Room\n|-fieldend|move: Psychic Terrain\n|upkeep\n|turn|6\n|c|\u2606theycallhimbigal|i want to dieeeeee\n|\n|t:|1699456477\n|switch|p1a: Torterra|Torterra, M|100\/100\n|move|p2b: Lilligant|Close Combat|p1b: Goodra\n|-supereffective|p1b: Goodra\n|-damage|p1b: Goodra|0 fnt\n|-unboost|p2b: Lilligant|def|1\n|-unboost|p2b: Lilligant|spd|1\n|-damage|p2b: Lilligant|6\/100|[from] item: Rocky Helmet|[of] p1b: Goodra\n|faint|p1b: Goodra\n|-damage|p2b: Lilligant|0 fnt|[from] item: Life Orb\n|faint|p2b: Lilligant\n|move|p2a: Torkoal|Heat Wave|p1a: Torterra\n|-supereffective|p1a: Torterra\n|-damage|p1a: Torterra|0 fnt\n|faint|p1a: Torterra\n|\n|-weather|Snow|[upkeep]\n|-damage|p2a: Torkoal|0 fnt|[from] psn\n|faint|p2a: Torkoal\n|upkeep\n|\n|t:|1699456494\n|switch|p2b: Landorus|Landorus-Therian, M|100\/100\n|switch|p1a: Empoleon|Empoleon, F, tera:Water|96\/100\n|switch|p2a: Amoonguss|Amoonguss, M|100\/100\n|-ability|p2b: Landorus|Intimidate|boost\n|-unboost|p1a: Empoleon|atk|1\n|-ability|p1a: Empoleon|Competitive|boost\n|-boost|p1a: Empoleon|spa|2\n|turn|7\n|c|\u2606RocketsViability|time to feel pain from amoonguss\n|\n|t:|1699456509\n|move|p2b: Landorus|Bulldoze|p1a: Empoleon|[spread] p2a,p1a\n|-damage|p2a: Amoonguss|60\/100\n|-damage|p1a: Empoleon|59\/100\n|-unboost|p2a: Amoonguss|spe|1\n|-unboost|p1a: Empoleon|spe|1\n|-ability|p1a: Empoleon|Competitive|boost\n|-boost|p1a: Empoleon|spa|2\n|move|p1a: Empoleon|Blizzard|p2b: Landorus|[spread] p2a,p2b\n|-supereffective|p2a: Amoonguss\n|-supereffective|p2b: Landorus\n|-crit|p2b: Landorus\n|-damage|p2a: Amoonguss|0 fnt\n|-damage|p2b: Landorus|0 fnt\n|faint|p2a: Amoonguss\n|faint|p2b: Landorus\n|\n|win|RocketsViability\n|raw|RocketsViability's rating: 1136 &rarr; <strong>1168<\/strong><br \/>(+32 for winning)\n|raw|theycallhimbigal's rating: 1240 &rarr; <strong>1208<\/strong><br \/>(-32 for losing)\n|l|\u2606theycallhimbigal\n|c|\u2606RocketsViability|nvm\n","uploadtime":1699456522,"views":9,"p1id":"rocketsviability","p2id":"theycallhimbigal","formatid":"gen9doublesou","rating":1168,"private":0,"password":""}