{"id":"gen9doublesou-1976159169","p1":"SXD2002","p2":"slapudap","format":"[Gen 9] Doubles OU","log":"|j|\u2606SXD2002\n|j|\u2606slapudap\n|t:|1698268965\n|gametype|doubles\n|player|p1|SXD2002|silver-masters|1074\n|player|p2|slapudap|1|1071\n|teamsize|p1|6\n|teamsize|p2|6\n|gen|9\n|tier|[Gen 9] Doubles OU\n|rated|\n|rule|Species Clause: Limit one of each Pok\u00e9mon\n|rule|OHKO Clause: OHKO moves are banned\n|rule|Evasion Moves Clause: Evasion moves are banned\n|rule|Gravity Sleep Clause: The combination of sleep-inducing moves with imperfect accuracy and Gravity or Gigantamax Orbeetle are banned\n|rule|Endless Battle Clause: Forcing endless battles is banned\n|rule|HP Percentage Mod: HP is shown in percentages\n|clearpoke\n|poke|p1|Lurantis, M|\n|poke|p1|Murkrow, M|\n|poke|p1|Grimmsnarl, M|\n|poke|p1|Clefairy, F|\n|poke|p1|Talonflame, F|\n|poke|p1|Espeon, M|\n|poke|p2|Iron Valiant|\n|poke|p2|Sandy Shocks|\n|poke|p2|Chien-Pao|\n|poke|p2|Enamorus-Therian, F|\n|poke|p2|Pincurchin, M|\n|poke|p2|Iron Jugulis|\n|teampreview\n|inactive|Battle timer is ON: inactive players will automatically lose when time's up. (requested by SXD2002)\n|inactive|slapudap also wants the timer to be on.\n|\n|t:|1698268974\n|start\n|switch|p1a: Murkrow|Murkrow, M|100\/100\n|switch|p1b: Lurantis|Lurantis, M|100\/100\n|switch|p2a: Pincurchin|Pincurchin, M|100\/100\n|switch|p2b: Iron Valiant|Iron Valiant, shiny|100\/100\n|-fieldstart|move: Electric Terrain|[from] ability: Electric Surge|[of] p2a: Pincurchin\n|-activate|p2b: Iron Valiant|ability: Quark Drive\n|-start|p2b: Iron Valiant|quarkdrivespe\n|turn|1\n|\n|t:|1698268995\n|move|p1b: Lurantis|Protect|p1b: Lurantis\n|-singleturn|p1b: Lurantis|Protect\n|move|p1a: Murkrow|Thunder Wave|p2b: Iron Valiant\n|-status|p2b: Iron Valiant|par\n|move|p2b: Iron Valiant|Shadow Claw|p1b: Lurantis\n|-activate|p1b: Lurantis|move: Protect\n|move|p2a: Pincurchin|Spikes|p1a: Murkrow\n|-sidestart|p1: SXD2002|Spikes\n|\n|upkeep\n|turn|2\n|\n|t:|1698269011\n|cant|p2b: Iron Valiant|par\n|move|p1a: Murkrow|Screech|p1b: Lurantis\n|-boost|p1b: Lurantis|def|2\n|move|p1b: Lurantis|Leaf Storm|p2b: Iron Valiant\n|-damage|p2b: Iron Valiant|34\/100 par\n|-boost|p1b: Lurantis|spa|2\n|move|p2a: Pincurchin|Spikes|p1a: Murkrow\n|-sidestart|p1: SXD2002|Spikes\n|\n|upkeep\n|turn|3\n|\n|t:|1698269028\n|move|p1a: Murkrow|Screech|p1b: Lurantis|[miss]\n|-miss|p1a: Murkrow|p1b: Lurantis\n|move|p2b: Iron Valiant|Close Combat|p1a: Murkrow\n|-damage|p1a: Murkrow|9\/100\n|-unboost|p2b: Iron Valiant|def|1\n|-unboost|p2b: Iron Valiant|spd|1\n|move|p1b: Lurantis|Leaf Storm|p2a: Pincurchin\n|-damage|p2a: Pincurchin|5\/100\n|-boost|p1b: Lurantis|spa|2\n|move|p2a: Pincurchin|Memento|p1b: Lurantis\n|-boost|p1b: Lurantis|atk|2\n|-boost|p1b: Lurantis|spa|2\n|faint|p2a: Pincurchin\n|\n|upkeep\n|c|\u2606SXD2002|tysm\n|inactive|slapudap has 120 seconds left.\n|\n|t:|1698269052\n|switch|p2a: Chien-Pao|Chien-Pao|100\/100\n|-ability|p2a: Chien-Pao|Sword of Ruin\n|turn|4\n|\n|t:|1698269062\n|move|p1a: Murkrow|Screech|p1b: Lurantis|[miss]\n|-miss|p1a: Murkrow|p1b: Lurantis\n|move|p2a: Chien-Pao|Haze|p2a: Chien-Pao\n|-clearallboost\n|move|p2b: Iron Valiant|Leaf Blade|p1a: Murkrow\n|-resisted|p1a: Murkrow\n|-crit|p1a: Murkrow\n|-damage|p1a: Murkrow|0 fnt\n|faint|p1a: Murkrow\n|move|p1b: Lurantis|Superpower|p2a: Chien-Pao\n|-supereffective|p2a: Chien-Pao\n|-enditem|p2a: Chien-Pao|Focus Sash\n|-damage|p2a: Chien-Pao|1\/100\n|-boost|p1b: Lurantis|atk|1\n|-boost|p1b: Lurantis|def|1\n|\n|upkeep\n|\n|t:|1698269080\n|switch|p1a: Talonflame|Talonflame, F|100\/100\n|turn|5\n|inactive|slapudap has 120 seconds left.\n|inactive|slapudap has 90 seconds left.\n|\n|t:|1698269147\n|-terastallize|p1b: Lurantis|Steel\n|move|p1a: Talonflame|Defog|p1b: Lurantis\n|-boost|p1b: Lurantis|evasion|1\n|-sideend|p1: SXD2002|Spikes|[from] move: Defog|[of] p1a: Talonflame\n|-fieldend|move: Electric Terrain\n|-end|p2b: Iron Valiant|Quark Drive\n|move|p2a: Chien-Pao|Icicle Crash|p1b: Lurantis|[miss]\n|-miss|p2a: Chien-Pao|p1b: Lurantis\n|move|p2b: Iron Valiant|Shadow Claw|p1a: Talonflame\n|-damage|p1a: Talonflame|63\/100\n|move|p1b: Lurantis|Superpower|p2a: Chien-Pao\n|-supereffective|p2a: Chien-Pao\n|-damage|p2a: Chien-Pao|0 fnt\n|-boost|p1b: Lurantis|atk|1\n|-boost|p1b: Lurantis|def|1\n|faint|p2a: Chien-Pao\n|\n|upkeep\n|\n|t:|1698269160\n|switch|p2a: Enamorus|Enamorus-Therian, F|100\/100\n|turn|6\n|inactive|slapudap has 90 seconds left.\n|\n|t:|1698269189\n|move|p1a: Talonflame|Defog|p1b: Lurantis\n|-boost|p1b: Lurantis|evasion|1\n|move|p2b: Iron Valiant|Shadow Claw|p1b: Lurantis\n|-crit|p1b: Lurantis\n|-damage|p1b: Lurantis|60\/100\n|move|p2a: Enamorus|Tailwind|p2a: Enamorus\n|-sidestart|p2: slapudap|move: Tailwind\n|move|p1b: Lurantis|Leaf Storm|p2b: Iron Valiant\n|-damage|p2b: Iron Valiant|0 fnt\n|-boost|p1b: Lurantis|spa|2\n|faint|p2b: Iron Valiant\n|-end|p2b: Iron Valiant|Quark Drive|[silent]\n|\n|-heal|p1b: Lurantis|66\/100|[from] item: Leftovers\n|upkeep\n|\n|t:|1698269213\n|switch|p2b: Iron Jugulis|Iron Jugulis, shiny|100\/100\n|turn|7\n|\n|t:|1698269237\n|move|p2b: Iron Jugulis|Dark Pulse|p1b: Lurantis\n|-damage|p1b: Lurantis|23\/100\n|move|p1a: Talonflame|Defog|p1b: Lurantis\n|-boost|p1b: Lurantis|evasion|1\n|move|p2a: Enamorus|Moonblast|p1a: Talonflame\n|-resisted|p1a: Talonflame\n|-damage|p1a: Talonflame|34\/100\n|move|p1b: Lurantis|Leech Life|p2b: Iron Jugulis\n|-damage|p2b: Iron Jugulis|58\/100\n|-heal|p1b: Lurantis|43\/100|[from] drain|[of] p2b: Iron Jugulis\n|\n|-heal|p1b: Lurantis|49\/100|[from] item: Leftovers\n|upkeep\n|turn|8\n|inactive|slapudap has 90 seconds left.\n|\n|t:|1698269260\n|move|p1b: Lurantis|Protect|p1b: Lurantis\n|-singleturn|p1b: Lurantis|Protect\n|move|p2b: Iron Jugulis|Dark Pulse|p1b: Lurantis\n|-activate|p1b: Lurantis|move: Protect\n|move|p1a: Talonflame|U-turn|p2b: Iron Jugulis\n|-damage|p2b: Iron Jugulis|41\/100\n|\n|t:|1698269267\n|switch|p1a: Grimmsnarl|Grimmsnarl, M|100\/100|[from] U-turn\n|move|p2a: Enamorus|Moonblast|p1a: Grimmsnarl\n|-supereffective|p1a: Grimmsnarl\n|-damage|p1a: Grimmsnarl|26\/100\n|\n|-heal|p1a: Grimmsnarl|32\/100|[from] item: Leftovers\n|-heal|p1b: Lurantis|56\/100|[from] item: Leftovers\n|upkeep\n|turn|9\n|inactive|slapudap has 90 seconds left.\n|\n|t:|1698269287\n|move|p1a: Grimmsnarl|Fake Tears|p1b: Lurantis\n|-boost|p1b: Lurantis|spd|2\n|move|p2b: Iron Jugulis|Dark Pulse|p1b: Lurantis\n|-damage|p1b: Lurantis|33\/100\n|move|p2a: Enamorus|Moonblast|p1a: Grimmsnarl\n|-supereffective|p1a: Grimmsnarl\n|-damage|p1a: Grimmsnarl|0 fnt\n|faint|p1a: Grimmsnarl\n|cant|p1b: Lurantis|flinch\n|\n|-heal|p1b: Lurantis|40\/100|[from] item: Leftovers\n|-sideend|p2: slapudap|move: Tailwind\n|upkeep\n|\n|t:|1698269306\n|switch|p1a: Talonflame|Talonflame, F|34\/100\n|turn|10\n|\n|t:|1698269316\n|move|p1a: Talonflame|Defog|p1b: Lurantis\n|-boost|p1b: Lurantis|evasion|1\n|move|p2b: Iron Jugulis|Dark Pulse|p1b: Lurantis\n|-damage|p1b: Lurantis|18\/100\n|move|p2a: Enamorus|Moonblast|p1a: Talonflame\n|-resisted|p1a: Talonflame\n|-damage|p1a: Talonflame|6\/100\n|cant|p1b: Lurantis|flinch\n|\n|-heal|p1b: Lurantis|24\/100|[from] item: Leftovers\n|upkeep\n|turn|11\n|inactive|slapudap has 120 seconds left.\n|\n|t:|1698269334\n|move|p1b: Lurantis|Protect|p1b: Lurantis\n|-singleturn|p1b: Lurantis|Protect\n|move|p1a: Talonflame|U-turn|p2b: Iron Jugulis\n|-damage|p2b: Iron Jugulis|26\/100\n|\n|t:|1698269339\n|switch|p1a: Clefairy|Clefairy, F|100\/100|[from] U-turn\n|move|p2b: Iron Jugulis|Dark Pulse|p1b: Lurantis\n|-activate|p1b: Lurantis|move: Protect\n|move|p2a: Enamorus|Moonblast|p1a: Clefairy\n|-damage|p1a: Clefairy|70\/100\n|\n|-heal|p1b: Lurantis|31\/100|[from] item: Leftovers\n|upkeep\n|turn|12\n|\n|t:|1698269352\n|move|p2b: Iron Jugulis|Dark Pulse|p1b: Lurantis\n|-damage|p1b: Lurantis|13\/100\n|move|p2a: Enamorus|Sludge Bomb|p1a: Clefairy\n|-supereffective|p1a: Clefairy\n|-damage|p1a: Clefairy|31\/100\n|-status|p1a: Clefairy|psn\n|move|p1b: Lurantis|Superpower|p2b: Iron Jugulis\n|-damage|p2b: Iron Jugulis|0 fnt\n|-boost|p1b: Lurantis|atk|1\n|-boost|p1b: Lurantis|def|1\n|faint|p2b: Iron Jugulis\n|-end|p2b: Iron Jugulis|Quark Drive|[silent]\n|move|p1a: Clefairy|Life Dew|p1a: Clefairy|[spread] p1a,p1b\n|-heal|p1a: Clefairy|56\/100 psn\n|-heal|p1b: Lurantis|38\/100\n|\n|-heal|p1b: Lurantis|44\/100|[from] item: Leftovers\n|-damage|p1a: Clefairy|44\/100 psn|[from] psn\n|upkeep\n|\n|t:|1698269364\n|switch|p2b: Sandy Shocks|Sandy Shocks|100\/100\n|-enditem|p2b: Sandy Shocks|Booster Energy\n|-activate|p2b: Sandy Shocks|ability: Protosynthesis|[fromitem]\n|-start|p2b: Sandy Shocks|protosynthesisspa\n|turn|13\n|\n|t:|1698269377\n|move|p1b: Lurantis|Protect|p1b: Lurantis\n|-singleturn|p1b: Lurantis|Protect\n|move|p2b: Sandy Shocks|Earth Power|p1b: Lurantis\n|-activate|p1b: Lurantis|move: Protect\n|move|p2a: Enamorus|Sludge Bomb|p1a: Clefairy\n|-supereffective|p1a: Clefairy\n|-damage|p1a: Clefairy|9\/100 psn\n|move|p1a: Clefairy|Life Dew|p1a: Clefairy|[spread] p1a,p1b\n|-heal|p1a: Clefairy|34\/100 psn\n|-heal|p1b: Lurantis|69\/100\n|\n|-heal|p1b: Lurantis|75\/100|[from] item: Leftovers\n|-damage|p1a: Clefairy|22\/100 psn|[from] psn\n|upkeep\n|turn|14\n|\n|t:|1698269396\n|move|p1a: Clefairy|Helping Hand|p1b: Lurantis\n|-singleturn|p1b: Lurantis|Helping Hand|[of] p1a: Clefairy\n|move|p2b: Sandy Shocks|Earth Power|p1b: Lurantis|[miss]\n|-miss|p2b: Sandy Shocks|p1b: Lurantis\n|move|p2a: Enamorus|Sludge Bomb|p1b: Lurantis\n|-immune|p1b: Lurantis\n|move|p1b: Lurantis|Leaf Storm|p2b: Sandy Shocks\n|-supereffective|p2b: Sandy Shocks\n|-damage|p2b: Sandy Shocks|0 fnt\n|-boost|p1b: Lurantis|spa|2\n|faint|p2b: Sandy Shocks\n|-end|p2b: Sandy Shocks|Protosynthesis|[silent]\n|\n|-heal|p1b: Lurantis|81\/100|[from] item: Leftovers\n|-damage|p1a: Clefairy|10\/100 psn|[from] psn\n|upkeep\n|turn|15\n|-message|slapudap forfeited.\n|\n|win|SXD2002\n|raw|SXD2002's rating: 1074 &rarr; <strong>1103<\/strong><br \/>(+29 for winning)\n|raw|slapudap's rating: 1071 &rarr; <strong>1051<\/strong><br \/>(-20 for losing)\n|l|\u2606slapudap\n","uploadtime":1698269412,"views":17,"p1id":"sxd2002","p2id":"slapudap","formatid":"gen9doublesou","rating":1051,"private":0,"password":""}