{"id":"gen9doublesou-2000566772","p1":"Pipiundkaka","p2":"lluuucaas","format":"[Gen 9] Doubles OU","log":"|j|\u2606Pipiundkaka\n|j|\u2606lluuucaas\n|t:|1701205982\n|gametype|doubles\n|player|p1|Pipiundkaka|buck|1111\n|player|p2|lluuucaas|pokemaniac|1141\n|teamsize|p1|6\n|teamsize|p2|6\n|gen|9\n|tier|[Gen 9] Doubles OU\n|rated|\n|rule|Species Clause: Limit one of each Pok\u00e9mon\n|rule|OHKO Clause: OHKO moves are banned\n|rule|Evasion Moves Clause: Evasion moves are banned\n|rule|Gravity Sleep Clause: The combination of sleep-inducing moves with imperfect accuracy and Gravity or Gigantamax Orbeetle are banned\n|rule|Endless Battle Clause: Forcing endless battles is banned\n|rule|HP Percentage Mod: HP is shown in percentages\n|clearpoke\n|poke|p1|Oricorio-Pom-Pom, F|\n|poke|p1|Quaquaval, M|\n|poke|p1|Florges-White, F|\n|poke|p1|Volcarona, F|\n|poke|p1|Stonjourner, M|\n|poke|p1|Flamigo, M|\n|poke|p2|Cresselia, F|\n|poke|p2|Volcarona, M|\n|poke|p2|Garganacl, M|\n|poke|p2|Great Tusk|\n|poke|p2|Meowscarada, M|\n|poke|p2|Gastrodon-East, M|\n|teampreview\n|inactive|Battle timer is ON: inactive players will automatically lose when time's up. (requested by Pipiundkaka)\n|\n|t:|1701206009\n|start\n|switch|p1a: Oricorio|Oricorio-Pom-Pom, F, shiny|100\/100\n|switch|p1b: Volcarona|Volcarona, F, shiny|100\/100\n|switch|p2a: Garganacl|Garganacl, M, shiny|100\/100\n|switch|p2b: Volcarona|Volcarona, M, shiny|100\/100\n|turn|1\n|\n|t:|1701206022\n|move|p1a: Oricorio|Protect|p1a: Oricorio\n|-singleturn|p1a: Oricorio|Protect\n|move|p1b: Volcarona|Quiver Dance|p1b: Volcarona\n|-boost|p1b: Volcarona|spa|1\n|-boost|p1b: Volcarona|spd|1\n|-boost|p1b: Volcarona|spe|1\n|-activate|p1a: Oricorio|ability: Dancer\n|move|p1a: Oricorio|Quiver Dance|p1a: Oricorio|[from]ability: Dancer\n|-boost|p1a: Oricorio|spa|1\n|-boost|p1a: Oricorio|spd|1\n|-boost|p1a: Oricorio|spe|1\n|move|p2b: Volcarona|Tailwind|p2b: Volcarona\n|-sidestart|p2: lluuucaas|move: Tailwind\n|move|p2a: Garganacl|Salt Cure|p1b: Volcarona\n|-supereffective|p1b: Volcarona\n|-damage|p1b: Volcarona|16\/100\n|-start|p1b: Volcarona|Salt Cure\n|-enditem|p1b: Volcarona|Sitrus Berry|[eat]\n|-heal|p1b: Volcarona|40\/100|[from] item: Sitrus Berry\n|\n|-damage|p1b: Volcarona|28\/100|[from] Salt Cure\n|upkeep\n|turn|2\n|\n|t:|1701206048\n|move|p1b: Volcarona|Rage Powder|p1b: Volcarona\n|-singleturn|p1b: Volcarona|move: Rage Powder\n|move|p2b: Volcarona|Heat Wave|p1b: Volcarona|[spread] p1a\n|-miss|p2b: Volcarona|p1b: Volcarona\n|-damage|p1a: Oricorio|65\/100\n|move|p1a: Oricorio|Quiver Dance|p1a: Oricorio\n|-boost|p1a: Oricorio|spa|1\n|-boost|p1a: Oricorio|spd|1\n|-boost|p1a: Oricorio|spe|1\n|move|p2a: Garganacl|Salt Cure|p1b: Volcarona\n|-supereffective|p1b: Volcarona\n|-damage|p1b: Volcarona|0 fnt\n|faint|p1b: Volcarona\n|\n|-heal|p1a: Oricorio|71\/100|[from] item: Leftovers\n|upkeep\n|inactive|Pipiundkaka has 120 seconds left.\n|\n|t:|1701206064\n|switch|p1b: Flamigo|Flamigo, M|100\/100\n|-copyboost|p1b: Flamigo|p1a: Oricorio|[from] ability: Costar\n|turn|3\n|\n|t:|1701206077\n|move|p2a: Garganacl|Protect|p2a: Garganacl\n|-singleturn|p2a: Garganacl|Protect\n|move|p1a: Oricorio|Baton Pass|p1a: Oricorio\n|\n|t:|1701206082\n|switch|p1a: Stonjourner|Stonjourner, M|100\/100|[from] Baton Pass\n|move|p1b: Flamigo|Taunt|p2b: Volcarona\n|-start|p2b: Volcarona|move: Taunt\n|move|p2b: Volcarona|Heat Wave|p1b: Flamigo|[spread] p1a,p1b\n|-resisted|p1a: Stonjourner\n|-damage|p1a: Stonjourner|85\/100\n|-damage|p1b: Flamigo|68\/100\n|\n|upkeep\n|turn|4\n|\n|t:|1701206106\n|switch|p2b: phisic-wall|Gastrodon-East, M, shiny|100\/100\n|-terastallize|p1a: Stonjourner|Ground\n|move|p1b: Flamigo|Close Combat|p2a: Garganacl\n|-supereffective|p2a: Garganacl\n|-damage|p2a: Garganacl|0 fnt\n|-unboost|p1b: Flamigo|def|1\n|-unboost|p1b: Flamigo|spd|1\n|faint|p2a: Garganacl\n|move|p1a: Stonjourner|Earthquake|p2b: phisic-wall|[spread] p2b\n|-immune|p1b: Flamigo\n|-damage|p2b: phisic-wall|67\/100\n|\n|-heal|p2b: phisic-wall|73\/100|[from] item: Leftovers\n|-sideend|p2: lluuucaas|move: Tailwind\n|upkeep\n|\n|t:|1701206118\n|switch|p2a: Volcarona|Volcarona, M, shiny|100\/100\n|turn|5\n|\n|t:|1701206131\n|move|p1b: Flamigo|Taunt|p2a: Volcarona\n|-start|p2a: Volcarona|move: Taunt\n|move|p1a: Stonjourner|Earthquake|p2b: phisic-wall|[spread] p2a,p2b\n|-immune|p1b: Flamigo\n|-damage|p2a: Volcarona|42\/100\n|-damage|p2b: phisic-wall|44\/100\n|cant|p2a: Volcarona|move: Taunt|Tailwind\n|move|p2b: phisic-wall|Icy Wind|p1b: Flamigo|[spread] p1a,p1b\n|-supereffective|p1a: Stonjourner\n|-supereffective|p1b: Flamigo\n|-damage|p1a: Stonjourner|69\/100\n|-damage|p1b: Flamigo|50\/100\n|-unboost|p1a: Stonjourner|spe|1\n|-unboost|p1b: Flamigo|spe|1\n|\n|-heal|p2b: phisic-wall|50\/100|[from] item: Leftovers\n|upkeep\n|turn|6\n|\n|t:|1701206153\n|switch|p2a: Cresselia|Cresselia, F, shiny|100\/100\n|move|p1b: Flamigo|Acrobatics|p2b: phisic-wall\n|-damage|p2b: phisic-wall|25\/100\n|move|p1a: Stonjourner|Earthquake|p2b: phisic-wall|[spread] p2b\n|-immune|p1b: Flamigo\n|-immune|p2a: Cresselia|[from] ability: Levitate\n|-damage|p2b: phisic-wall|0 fnt\n|faint|p2b: phisic-wall\n|\n|upkeep\n|inactive|lluuucaas has 120 seconds left.\n|\n|t:|1701206178\n|switch|p2b: Meowscarada|Meowscarada, M|100\/100\n|turn|7\n|\n|t:|1701206190\n|move|p2b: Meowscarada|Protect|p2b: Meowscarada\n|-singleturn|p2b: Meowscarada|Protect\n|move|p1b: Flamigo|Taunt|p2a: Cresselia\n|-start|p2a: Cresselia|move: Taunt\n|move|p1a: Stonjourner|Heat Crash|p2b: Meowscarada\n|-activate|p2b: Meowscarada|move: Protect\n|move|p2a: Cresselia|Psychic|p1b: Flamigo\n|-supereffective|p1b: Flamigo\n|-damage|p1b: Flamigo|0 fnt\n|faint|p1b: Flamigo\n|\n|upkeep\n|\n|t:|1701206203\n|switch|p1b: Oricorio|Oricorio-Pom-Pom, F, shiny|71\/100\n|turn|8\n|\n|t:|1701206224\n|move|p1b: Oricorio|Protect|p1b: Oricorio\n|-singleturn|p1b: Oricorio|Protect\n|move|p2b: Meowscarada|Flower Trick|p1a: Stonjourner\n|-supereffective|p1a: Stonjourner\n|-crit|p1a: Stonjourner\n|-damage|p1a: Stonjourner|2\/100\n|move|p1a: Stonjourner|Body Press|p2b: Meowscarada\n|-supereffective|p2b: Meowscarada\n|-damage|p2b: Meowscarada|30\/100\n|move|p2a: Cresselia|Psychic|p1a: Stonjourner\n|-damage|p1a: Stonjourner|0 fnt\n|faint|p1a: Stonjourner\n|\n|-heal|p1b: Oricorio|77\/100|[from] item: Leftovers\n|upkeep\n|\n|t:|1701206238\n|switch|p1a: Quaquaval|Quaquaval, M, shiny|100\/100\n|turn|9\n|\n|t:|1701206258\n|move|p2b: Meowscarada|Protect|p2b: Meowscarada\n|-singleturn|p2b: Meowscarada|Protect\n|move|p1b: Oricorio|Protect||[still]\n|-fail|p1b: Oricorio\n|move|p1a: Quaquaval|Knock Off|p2a: Cresselia\n|-supereffective|p2a: Cresselia\n|-damage|p2a: Cresselia|60\/100\n|-enditem|p2a: Cresselia|Leftovers|[from] move: Knock Off|[of] p1a: Quaquaval\n|move|p2a: Cresselia|Psychic|p1a: Quaquaval\n|-supereffective|p1a: Quaquaval\n|-damage|p1a: Quaquaval|33\/100\n|\n|-heal|p1b: Oricorio|83\/100|[from] item: Leftovers\n|-end|p2a: Cresselia|move: Taunt\n|upkeep\n|turn|10\n|\n|t:|1701206280\n|move|p2b: Meowscarada|Flower Trick|p1a: Quaquaval\n|-supereffective|p1a: Quaquaval\n|-crit|p1a: Quaquaval\n|-damage|p1a: Quaquaval|0 fnt\n|faint|p1a: Quaquaval\n|move|p1b: Oricorio|Quiver Dance|p1b: Oricorio\n|-boost|p1b: Oricorio|spa|1\n|-boost|p1b: Oricorio|spd|1\n|-boost|p1b: Oricorio|spe|1\n|move|p2a: Cresselia|Psychic|p1b: Oricorio\n|-damage|p1b: Oricorio|62\/100\n|\n|-heal|p1b: Oricorio|68\/100|[from] item: Leftovers\n|upkeep\n|\n|t:|1701206291\n|switch|p1a: Florges|Florges-White, F, shiny|100\/100\n|turn|11\n|\n|t:|1701206313\n|move|p1b: Oricorio|Quiver Dance|p1b: Oricorio\n|-boost|p1b: Oricorio|spa|1\n|-boost|p1b: Oricorio|spd|1\n|-boost|p1b: Oricorio|spe|1\n|move|p2b: Meowscarada|Knock Off|p1a: Florges\n|-resisted|p1a: Florges\n|-damage|p1a: Florges|69\/100\n|-enditem|p1a: Florges|Leftovers|[from] move: Knock Off|[of] p2b: Meowscarada\n|move|p2a: Cresselia|Lunar Blessing|p2a: Cresselia|[spread] p2a,p2b\n|-heal|p2a: Cresselia|84\/100\n|-heal|p2b: Meowscarada|55\/100\n|move|p1a: Florges|Moonblast|p2b: Meowscarada\n|-supereffective|p2b: Meowscarada\n|-damage|p2b: Meowscarada|0 fnt\n|faint|p2b: Meowscarada\n|\n|-heal|p1b: Oricorio|75\/100|[from] item: Leftovers\n|upkeep\n|\n|t:|1701206321\n|switch|p2b: Volcarona|Volcarona, M, shiny|42\/100\n|turn|12\n|\n|t:|1701206335\n|move|p1b: Oricorio|Protect|p1b: Oricorio\n|-singleturn|p1b: Oricorio|Protect\n|move|p2b: Volcarona|Tailwind|p2b: Volcarona\n|-sidestart|p2: lluuucaas|move: Tailwind\n|move|p2a: Cresselia|Lunar Blessing|p2a: Cresselia|[spread] p2a,p2b\n|-heal|p2a: Cresselia|100\/100\n|-heal|p2b: Volcarona|66\/100\n|move|p1a: Florges|Petal Dance|p2a: Cresselia\n|-damage|p2a: Cresselia|81\/100\n|-activate|p1b: Oricorio|ability: Dancer\n|move|p1b: Oricorio|Petal Dance|p2a: Cresselia|[from]ability: Dancer\n|-damage|p2a: Cresselia|46\/100\n|\n|-heal|p1b: Oricorio|81\/100|[from] item: Leftovers\n|upkeep\n|turn|13\n|\n|t:|1701206354\n|move|p2a: Cresselia|Helping Hand|p2b: Volcarona\n|-singleturn|p2b: Volcarona|Helping Hand|[of] p2a: Cresselia\n|move|p1b: Oricorio|Quiver Dance|p1b: Oricorio\n|-boost|p1b: Oricorio|spa|1\n|-boost|p1b: Oricorio|spd|1\n|-boost|p1b: Oricorio|spe|1\n|move|p2b: Volcarona|Struggle Bug|p1a: Florges|[spread] p1a,p1b\n|-resisted|p1a: Florges\n|-resisted|p1b: Oricorio\n|-damage|p1a: Florges|61\/100\n|-damage|p1b: Oricorio|72\/100\n|-unboost|p1a: Florges|spa|1\n|-unboost|p1b: Oricorio|spa|1\n|move|p1a: Florges|Petal Dance|p2a: Cresselia|[from]lockedmove\n|-damage|p2a: Cresselia|33\/100\n|-start|p1a: Florges|confusion|[fatigue]\n|-activate|p1b: Oricorio|ability: Dancer\n|move|p1b: Oricorio|Petal Dance|p2a: Cresselia|[from]ability: Dancer\n|-damage|p2a: Cresselia|0 fnt\n|faint|p2a: Cresselia\n|\n|-heal|p1b: Oricorio|78\/100|[from] item: Leftovers\n|upkeep\n|\n|t:|1701206362\n|switch|p2a: Great Tusk|Great Tusk, shiny|100\/100\n|-enditem|p2a: Great Tusk|Booster Energy\n|-activate|p2a: Great Tusk|ability: Protosynthesis|[fromitem]\n|-start|p2a: Great Tusk|protosynthesisatk\n|turn|14\n|inactive|Pipiundkaka has 120 seconds left.\n|\n|t:|1701206392\n|-terastallize|p2a: Great Tusk|Ice\n|move|p1b: Oricorio|Revelation Dance|p2b: Volcarona\n|-damage|p2b: Volcarona|12\/100\n|move|p2a: Great Tusk|Head Smash|p1b: Oricorio\n|-supereffective|p1b: Oricorio\n|-damage|p1b: Oricorio|0 fnt\n|faint|p1b: Oricorio\n|-damage|p2a: Great Tusk|63\/100|[from] Recoil\n|move|p2b: Volcarona|Heat Wave|p1a: Florges\n|-damage|p1a: Florges|33\/100\n|-activate|p1a: Florges|confusion\n|move|p1a: Florges|Wish|p1a: Florges\n|\n|upkeep\n|turn|15\n|\n|t:|1701206419\n|-activate|p1a: Florges|confusion\n|move|p1a: Florges|Protect|p1a: Florges\n|-singleturn|p1a: Florges|Protect\n|move|p2a: Great Tusk|Ice Spinner|p1a: Florges\n|-activate|p1a: Florges|move: Protect\n|move|p2b: Volcarona|Heat Wave|p1a: Florges\n|-activate|p1a: Florges|move: Protect\n|\n|-heal|p1a: Florges|83\/100|[from] move: Wish|[wisher] Florges\n|-sideend|p2: lluuucaas|move: Tailwind\n|upkeep\n|turn|16\n|\n|t:|1701206431\n|move|p2a: Great Tusk|Head Smash|p1a: Florges\n|-crit|p1a: Florges\n|-damage|p1a: Florges|0 fnt\n|faint|p1a: Florges\n|-damage|p2a: Great Tusk|23\/100|[from] Recoil\n|\n|win|lluuucaas\n|raw|Pipiundkaka's rating: 1111 &rarr; <strong>1088<\/strong><br \/>(-23 for losing)\n|raw|lluuucaas's rating: 1141 &rarr; <strong>1164<\/strong><br \/>(+23 for winning)\n|c|\u2606Pipiundkaka|Gg\n|c|\u2606lluuucaas|g\n|c|\u2606lluuucaas|g\n|l|\u2606lluuucaas\n","uploadtime":1701206445,"views":3,"p1id":"pipiundkaka","p2id":"lluuucaas","formatid":"gen9doublesou","rating":1088,"private":0,"password":""}