{"id":"gen9doublesou-1980809775","p1":"Thanos Senpai","p2":"hushai","format":"[Gen 9] Doubles OU","log":"|j|\u2606Thanos Senpai\n|j|\u2606hushai\n|t:|1698836838\n|gametype|doubles\n|player|p1|Thanos Senpai|harlequin|1124\n|player|p2|hushai|valerie|1236\n|teamsize|p1|6\n|teamsize|p2|6\n|gen|9\n|tier|[Gen 9] Doubles OU\n|rated|\n|rule|Species Clause: Limit one of each Pok\u00e9mon\n|rule|OHKO Clause: OHKO moves are banned\n|rule|Evasion Moves Clause: Evasion moves are banned\n|rule|Gravity Sleep Clause: The combination of sleep-inducing moves with imperfect accuracy and Gravity or Gigantamax Orbeetle are banned\n|rule|Endless Battle Clause: Forcing endless battles is banned\n|rule|HP Percentage Mod: HP is shown in percentages\n|clearpoke\n|poke|p1|Pelipper, F|\n|poke|p1|Ludicolo, F|\n|poke|p1|Barraskewda, M|\n|poke|p1|Thundurus, M|\n|poke|p1|Walking Wake|\n|poke|p1|Dondozo, M|\n|poke|p2|Froslass, F|\n|poke|p2|Ninetales-Alola, M|\n|poke|p2|Tauros-Paldea-Blaze, M|\n|poke|p2|Meowscarada, F|\n|poke|p2|Garganacl, M|\n|poke|p2|Rotom-Wash|\n|teampreview\n|inactive|Battle timer is ON: inactive players will automatically lose when time's up. (requested by Thanos Senpai)\n|\n|t:|1698836846\n|start\n|switch|p1a: Pelipper|Pelipper, F|100\/100\n|switch|p1b: Barraskewda|Barraskewda, M|100\/100\n|switch|p2a: Rotom|Rotom-Wash|100\/100\n|switch|p2b: Meowscarada|Meowscarada, F|100\/100\n|-weather|RainDance|[from] ability: Drizzle|[of] p1a: Pelipper\n|turn|1\n|\n|t:|1698836862\n|move|p1b: Barraskewda|Flip Turn|p2b: Meowscarada\n|-resisted|p2b: Meowscarada\n|-damage|p2b: Meowscarada|45\/100\n|\n|t:|1698836871\n|switch|p1b: Ludicolo|Ludicolo, F|100\/100|[from] Flip Turn\n|move|p2a: Rotom|Thunderbolt|p1a: Pelipper\n|-supereffective|p1a: Pelipper\n|-damage|p1a: Pelipper|0 fnt\n|faint|p1a: Pelipper\n|move|p2b: Meowscarada|Flower Trick|p1b: Ludicolo\n|-start|p2b: Meowscarada|typechange|Grass|[from] ability: Protean\n|-crit|p1b: Ludicolo\n|-damage|p1b: Ludicolo|4\/100\n|-damage|p2b: Meowscarada|35\/100|[from] item: Life Orb\n|\n|-weather|RainDance|[upkeep]\n|upkeep\n|\n|t:|1698836885\n|switch|p1a: Barraskewda|Barraskewda, M|100\/100\n|turn|2\n|\n|t:|1698836896\n|move|p1a: Barraskewda|Flip Turn|p2b: Meowscarada\n|-resisted|p2b: Meowscarada\n|-damage|p2b: Meowscarada|0 fnt\n|faint|p2b: Meowscarada\n|\n|t:|1698836903\n|switch|p1a: Thundurus|Thundurus, M|100\/100|[from] Flip Turn\n|move|p1b: Ludicolo|Teeter Dance|p2a: Rotom|[spread] p1a,p2a\n|-start|p1a: Thundurus|confusion\n|-start|p2a: Rotom|confusion\n|-activate|p2a: Rotom|confusion\n|-damage|p2a: Rotom|94\/100|[from] confusion\n|\n|-weather|RainDance|[upkeep]\n|upkeep\n|\n|t:|1698836908\n|switch|p2b: Ninetales|Ninetales-Alola, M|100\/100\n|-weather|Snow|[from] ability: Snow Warning|[of] p2b: Ninetales\n|turn|3\n|\n|t:|1698836922\n|-activate|p1a: Thundurus|confusion\n|move|p1a: Thundurus|Thunder Wave|p2b: Ninetales\n|-status|p2b: Ninetales|par\n|-activate|p2a: Rotom|confusion\n|-damage|p2a: Rotom|86\/100|[from] confusion\n|move|p1b: Ludicolo|Giga Drain|p2a: Rotom\n|-supereffective|p2a: Rotom\n|-damage|p2a: Rotom|0 fnt\n|-heal|p1b: Ludicolo|39\/100|[from] drain|[of] p2a: Rotom\n|faint|p2a: Rotom\n|-damage|p1b: Ludicolo|29\/100|[from] item: Life Orb\n|move|p2b: Ninetales|Blizzard|p1b: Ludicolo|[spread] p1a,p1b\n|-supereffective|p1a: Thundurus\n|-damage|p1a: Thundurus|22\/100\n|-damage|p1b: Ludicolo|0 fnt\n|faint|p1b: Ludicolo\n|\n|-weather|Snow|[upkeep]\n|upkeep\n|\n|t:|1698836937\n|switch|p2a: Froslass|Froslass, F|100\/100\n|switch|p1b: Barraskewda|Barraskewda, M|100\/100\n|turn|4\n|\n|t:|1698836948\n|-terastallize|p1b: Barraskewda|Water\n|-end|p1a: Thundurus|confusion\n|move|p1a: Thundurus|Thunder Wave|p2a: Froslass\n|-status|p2a: Froslass|par\n|move|p1b: Barraskewda|Flip Turn|p2a: Froslass\n|-damage|p2a: Froslass|30\/100 par\n|\n|t:|1698836956\n|switch|p1b: Dondozo|Dondozo, M|100\/100|[from] Flip Turn\n|move|p2a: Froslass|Blizzard|p1a: Thundurus|[spread] p1a,p1b\n|-supereffective|p1a: Thundurus\n|-resisted|p1b: Dondozo\n|-damage|p1a: Thundurus|0 fnt\n|-damage|p1b: Dondozo|87\/100\n|faint|p1a: Thundurus\n|move|p2b: Ninetales|Blizzard|p1b: Dondozo\n|-resisted|p1b: Dondozo\n|-damage|p1b: Dondozo|66\/100\n|\n|-weather|Snow|[upkeep]\n|-heal|p1b: Dondozo|72\/100|[from] item: Leftovers\n|upkeep\n|\n|t:|1698836970\n|switch|p1a: Walking Wake|Walking Wake|100\/100\n|turn|5\n|\n|t:|1698836985\n|move|p1b: Dondozo|Protect|p1b: Dondozo\n|-singleturn|p1b: Dondozo|Protect\n|move|p1a: Walking Wake|Flamethrower|p2b: Ninetales\n|-supereffective|p2b: Ninetales\n|-damage|p2b: Ninetales|0 fnt\n|faint|p2b: Ninetales\n|move|p2a: Froslass|Blizzard|p1b: Dondozo|[spread] p1a\n|-activate|p1b: Dondozo|move: Protect\n|-damage|p1a: Walking Wake|62\/100\n|\n|-weather|Snow|[upkeep]\n|-heal|p1b: Dondozo|78\/100|[from] item: Leftovers\n|upkeep\n|\n|t:|1698836997\n|switch|p2b: Garganacl|Garganacl, M|100\/100\n|turn|6\n|\n|t:|1698837007\n|-terastallize|p2b: Garganacl|Psychic\n|move|p1a: Walking Wake|Flamethrower|p2a: Froslass\n|-supereffective|p2a: Froslass\n|-damage|p2a: Froslass|0 fnt\n|-start|p1a: Walking Wake|Disable|Flamethrower|[from] ability: Cursed Body|[of] p2a: Froslass\n|faint|p2a: Froslass\n|move|p2b: Garganacl|Salt Cure|p1a: Walking Wake\n|-damage|p1a: Walking Wake|47\/100\n|-start|p1a: Walking Wake|Salt Cure\n|move|p1b: Dondozo|Yawn|p2b: Garganacl\n|-immune|p2b: Garganacl|[from] ability: Purifying Salt\n|\n|-weather|Snow|[upkeep]\n|-heal|p1b: Dondozo|84\/100|[from] item: Leftovers\n|-damage|p1a: Walking Wake|22\/100|[from] Salt Cure\n|upkeep\n|\n|t:|1698837014\n|switch|p2a: Tauros|Tauros-Paldea-Blaze, M|100\/100\n|turn|7\n|\n|t:|1698837036\n|-activate|p1a: Walking Wake|move: Struggle\n|move|p1a: Walking Wake|Struggle|p2a: Tauros\n|-damage|p2a: Tauros|91\/100\n|-damage|p1a: Walking Wake|0 fnt|[from] recoil\n|faint|p1a: Walking Wake\n|-end|p1a: Walking Wake|Protosynthesis|[silent]\n|move|p2a: Tauros|Body Press|p1b: Dondozo\n|-damage|p1b: Dondozo|72\/100\n|move|p1b: Dondozo|Wave Crash|p2a: Tauros\n|-supereffective|p2a: Tauros\n|-damage|p2a: Tauros|8\/100\n|-damage|p1b: Dondozo|53\/100|[from] Recoil\n|move|p2b: Garganacl|Earthquake|p1b: Dondozo|[spread] p2a,p1b\n|-supereffective|p2a: Tauros\n|-damage|p2a: Tauros|0 fnt\n|-damage|p1b: Dondozo|45\/100\n|faint|p2a: Tauros\n|\n|-weather|none\n|-heal|p1b: Dondozo|51\/100|[from] item: Leftovers\n|upkeep\n|\n|t:|1698837053\n|switch|p1a: Barraskewda|Barraskewda, M, tera:Water|100\/100\n|turn|8\n|\n|t:|1698837066\n|move|p1a: Barraskewda|Liquidation|p2b: Garganacl\n|-damage|p2b: Garganacl|53\/100\n|-unboost|p2b: Garganacl|def|1\n|-damage|p1a: Barraskewda|84\/100|[from] item: Rocky Helmet|[of] p2b: Garganacl\n|move|p1b: Dondozo|Body Slam|p2b: Garganacl\n|-damage|p2b: Garganacl|43\/100\n|-damage|p1b: Dondozo|34\/100|[from] item: Rocky Helmet|[of] p2b: Garganacl\n|move|p2b: Garganacl|Salt Cure|p1a: Barraskewda\n|-damage|p1a: Barraskewda|59\/100\n|-start|p1a: Barraskewda|Salt Cure\n|\n|-heal|p1b: Dondozo|41\/100|[from] item: Leftovers\n|-damage|p1a: Barraskewda|34\/100|[from] Salt Cure\n|upkeep\n|turn|9\n|\n|t:|1698837081\n|move|p1a: Barraskewda|Liquidation|p2b: Garganacl\n|-damage|p2b: Garganacl|0 fnt\n|-damage|p1a: Barraskewda|18\/100|[from] item: Rocky Helmet|[of] p2b: Garganacl\n|faint|p2b: Garganacl\n|\n|win|Thanos Senpai\n|raw|Thanos Senpai's rating: 1124 &rarr; <strong>1157<\/strong><br \/>(+33 for winning)\n|raw|hushai's rating: 1236 &rarr; <strong>1203<\/strong><br \/>(-33 for losing)\n","uploadtime":1698837089,"views":15,"p1id":"thanossenpai","p2id":"hushai","formatid":"gen9doublesou","rating":1157,"private":0,"password":""}