{"id":"gen9doublesou-1986612477","p1":"hg_lit","p2":"Ravvenn98","format":"[Gen 9] Doubles OU","log":"|j|\u2606hg_lit\n|j|\u2606Ravvenn98\n|t:|1699497850\n|gametype|doubles\n|player|p1|hg_lit|dawn|1273\n|player|p2|Ravvenn98|clair|1358\n|teamsize|p1|6\n|teamsize|p2|6\n|gen|9\n|tier|[Gen 9] Doubles OU\n|rated|\n|rule|Species Clause: Limit one of each Pok\u00e9mon\n|rule|OHKO Clause: OHKO moves are banned\n|rule|Evasion Moves Clause: Evasion moves are banned\n|rule|Gravity Sleep Clause: The combination of sleep-inducing moves with imperfect accuracy and Gravity or Gigantamax Orbeetle are banned\n|rule|Endless Battle Clause: Forcing endless battles is banned\n|rule|HP Percentage Mod: HP is shown in percentages\n|clearpoke\n|poke|p1|Ursaluna, F|\n|poke|p1|Talonflame, F|\n|poke|p1|Amoonguss, F|\n|poke|p1|Cresselia, F|\n|poke|p1|Ogerpon-Wellspring, F|\n|poke|p1|Sylveon, M|\n|poke|p2|Houndstone, F|\n|poke|p2|Tyranitar, F|\n|poke|p2|Gholdengo|\n|poke|p2|Kingambit, M|\n|poke|p2|Roaring Moon|\n|poke|p2|Tornadus, M|\n|teampreview\n|inactive|Battle timer is ON: inactive players will automatically lose when time's up. (requested by Ravvenn98)\n|\n|t:|1699497864\n|start\n|switch|p1a: Talonflame|Talonflame, F|100\/100\n|switch|p1b: Ogerpon|Ogerpon-Wellspring, F|100\/100\n|switch|p2a: Roaring Moon|Roaring Moon|100\/100\n|switch|p2b: Tornadus|Tornadus, M|100\/100\n|-enditem|p2a: Roaring Moon|Booster Energy\n|-activate|p2a: Roaring Moon|ability: Protosynthesis|[fromitem]\n|-start|p2a: Roaring Moon|protosynthesisatk\n|turn|1\n|\n|t:|1699497876\n|move|p1a: Talonflame|Tailwind|p1a: Talonflame\n|-sidestart|p1: hg_lit|move: Tailwind\n|move|p2b: Tornadus|Tailwind|p2b: Tornadus\n|-sidestart|p2: Ravvenn98|move: Tailwind\n|move|p2a: Roaring Moon|Acrobatics|p1b: Ogerpon\n|-supereffective|p1b: Ogerpon\n|-damage|p1b: Ogerpon|0 fnt\n|faint|p1b: Ogerpon\n|\n|upkeep\n|\n|t:|1699497885\n|switch|p1b: Sylveon|Sylveon, M|100\/100\n|turn|2\n|\n|t:|1699497893\n|-terastallize|p2a: Roaring Moon|Flying\n|move|p1a: Talonflame|Acrobatics|p2a: Roaring Moon\n|-damage|p2a: Roaring Moon|74\/100\n|move|p2a: Roaring Moon|Acrobatics|p1b: Sylveon\n|-damage|p1b: Sylveon|0 fnt\n|faint|p1b: Sylveon\n|move|p2b: Tornadus|Bleakwind Storm|p1a: Talonflame\n|-crit|p1a: Talonflame\n|-damage|p1a: Talonflame|0 fnt\n|-enditem|p1a: Talonflame|Rowap Berry|[eat]\n|-damage|p2b: Tornadus|88\/100|[from] item: Rowap Berry|[of] p1a: Talonflame\n|faint|p1a: Talonflame\n|\n|upkeep\n|\n|t:|1699497907\n|switch|p1a: Cresselia|Cresselia, F|100\/100\n|switch|p1b: Amoonguss|Amoonguss, F|100\/100\n|turn|3\n|\n|t:|1699497915\n|move|p2a: Roaring Moon|Acrobatics|p1b: Amoonguss\n|-supereffective|p1b: Amoonguss\n|-damage|p1b: Amoonguss|0 fnt\n|-damage|p2a: Roaring Moon|57\/100|[from] item: Rocky Helmet|[of] p1b: Amoonguss\n|faint|p1b: Amoonguss\n|move|p2b: Tornadus|Bleakwind Storm|p1a: Cresselia|[miss]\n|-miss|p2b: Tornadus|p1a: Cresselia\n|move|p1a: Cresselia|Trick Room|p1a: Cresselia\n|-fieldstart|move: Trick Room|[of] p1a: Cresselia\n|\n|upkeep\n|\n|t:|1699497928\n|switch|p1b: Ursaluna|Ursaluna, F|100\/100\n|turn|4\n|\n|t:|1699497943\n|move|p1b: Ursaluna|Facade|p2a: Roaring Moon\n|-damage|p2a: Roaring Moon|0 fnt\n|faint|p2a: Roaring Moon\n|-end|p2a: Roaring Moon|Protosynthesis|[silent]\n|move|p1a: Cresselia|Dazzling Gleam|p2b: Tornadus\n|-damage|p2b: Tornadus|68\/100\n|move|p2b: Tornadus|Bleakwind Storm|p1a: Cresselia|[spread] p1a\n|-miss|p2b: Tornadus|p1b: Ursaluna\n|-damage|p1a: Cresselia|79\/100\n|\n|-sideend|p1: hg_lit|move: Tailwind\n|-sideend|p2: Ravvenn98|move: Tailwind\n|-status|p1b: Ursaluna|brn|[from] item: Flame Orb\n|upkeep\n|\n|t:|1699497955\n|switch|p2a: Gholdengo|Gholdengo|100\/100\n|turn|5\n|\n|t:|1699497966\n|move|p1b: Ursaluna|Fire Punch|p2a: Gholdengo\n|-supereffective|p2a: Gholdengo\n|-damage|p2a: Gholdengo|0 fnt\n|faint|p2a: Gholdengo\n|move|p1a: Cresselia|Dazzling Gleam|p2b: Tornadus\n|-damage|p2b: Tornadus|49\/100\n|move|p2b: Tornadus|Bleakwind Storm|p1b: Ursaluna|[spread] p1a,p1b\n|-damage|p1a: Cresselia|58\/100\n|-damage|p1b: Ursaluna|69\/100 brn\n|-unboost|p1b: Ursaluna|spe|1\n|\n|-damage|p1b: Ursaluna|63\/100 brn|[from] brn\n|upkeep\n|\n|t:|1699497975\n|switch|p2a: Kingambit|Kingambit, M|100\/100\n|-activate|p2a: Kingambit|ability: Supreme Overlord\n|-start|p2a: Kingambit|fallen2|[silent]\n|turn|6\n|\n|t:|1699497987\n|move|p1b: Ursaluna|Fire Punch|p2a: Kingambit\n|-supereffective|p2a: Kingambit\n|-damage|p2a: Kingambit|34\/100\n|-damage|p1b: Ursaluna|47\/100 brn|[from] item: Rocky Helmet|[of] p2a: Kingambit\n|move|p2a: Kingambit|Night Slash|p1a: Cresselia\n|-supereffective|p1a: Cresselia\n|-damage|p1a: Cresselia|0 fnt\n|faint|p1a: Cresselia\n|move|p2b: Tornadus|Bleakwind Storm|p1b: Ursaluna\n|-damage|p1b: Ursaluna|0 fnt\n|faint|p1b: Ursaluna\n|\n|win|Ravvenn98\n|raw|hg_lit's rating: 1273 &rarr; <strong>1254<\/strong><br \/>(-19 for losing)\n|raw|Ravvenn98's rating: 1358 &rarr; <strong>1373<\/strong><br \/>(+15 for winning)\n","uploadtime":1699498002,"views":20,"p1id":"hglit","p2id":"ravvenn98","formatid":"gen9doublesou","rating":1254,"private":0,"password":""}