{"id":"gen9doublesou-1984206587","p1":"YoBuddyTheBaker","p2":"Zerotti","format":"[Gen 9] Doubles OU","log":"|j|\u2606YoBuddyTheBaker\n|j|\u2606Zerotti\n|t:|1699230121\n|gametype|doubles\n|player|p1|YoBuddyTheBaker|baker|\n|player|p2|Zerotti|gladion|\n|teamsize|p1|6\n|teamsize|p2|6\n|gen|9\n|tier|[Gen 9] Doubles OU\n|rule|Species Clause: Limit one of each Pok\u00e9mon\n|rule|OHKO Clause: OHKO moves are banned\n|rule|Evasion Moves Clause: Evasion moves are banned\n|rule|Gravity Sleep Clause: The combination of sleep-inducing moves with imperfect accuracy and Gravity or Gigantamax Orbeetle are banned\n|rule|Endless Battle Clause: Forcing endless battles is banned\n|rule|HP Percentage Mod: HP is shown in percentages\n|clearpoke\n|poke|p1|Iron Hands|\n|poke|p1|Gholdengo|\n|poke|p1|Flutter Mane|\n|poke|p1|Landorus-Therian, M|\n|poke|p1|Ogerpon-Wellspring, F|\n|poke|p1|Roaring Moon|\n|poke|p2|Chi-Yu|\n|poke|p2|Rillaboom, M|\n|poke|p2|Diancie|\n|poke|p2|Flutter Mane|\n|poke|p2|Landorus-Therian, M|\n|poke|p2|Ogerpon-Wellspring, F|\n|teampreview\n|inactive|Battle timer is ON: inactive players will automatically lose when time's up. (requested by Zerotti)\n|c|\u2606YoBuddyTheBaker|gl\n|j| Aldrich\n|j| BurntSkywalker\n|inactive|YoBuddyTheBaker has 270 seconds left.\n|inactive|Zerotti has 270 seconds left.\n|j| LoSconosciuto\n|j| GasaiiYunoSan\n|j| EternalSnowman\n|l| LoSconosciuto\n|j| Suverenna\n|j| theyummybagel\n|inactiveoff|Battle timer is now OFF.\n|j| LoSconosciuto\n|j| 7 de Marzo\n|j| luisin\n|j| Akaru Kokuyo\u3075\u308f\n|j|+ryo yamada2001\n|j| Nido-Rus\n|\n|t:|1699230290\n|start\n|switch|p1a: Landorus|Landorus-Therian, M|100\/100\n|switch|p1b: Ogerpon|Ogerpon-Wellspring, F|100\/100\n|switch|p2a: Rillaboom|Rillaboom, M|100\/100\n|switch|p2b: Landorus|Landorus-Therian, M|100\/100\n|-ability|p1a: Landorus|Intimidate|boost\n|-unboost|p2a: Rillaboom|atk|1\n|-unboost|p2b: Landorus|atk|1\n|-ability|p2b: Landorus|Intimidate|boost\n|-unboost|p1a: Landorus|atk|1\n|-unboost|p1b: Ogerpon|atk|1\n|-fieldstart|move: Grassy Terrain|[from] ability: Grassy Surge|[of] p2a: Rillaboom\n|turn|1\n|\n|t:|1699230359\n|move|p2a: Rillaboom|Fake Out|p1a: Landorus\n|-damage|p1a: Landorus|89\/100\n|cant|p1a: Landorus|flinch\n|move|p1b: Ogerpon|Ivy Cudgel|p2b: Landorus\n|-supereffective|p2b: Landorus\n|-damage|p2b: Landorus|25\/100\n|-enditem|p2b: Landorus|Sitrus Berry|[eat]\n|-heal|p2b: Landorus|50\/100|[from] item: Sitrus Berry\n|move|p2b: Landorus|U-turn|p1b: Ogerpon\n|-supereffective|p1b: Ogerpon\n|-damage|p1b: Ogerpon|67\/100\n|l| EternalSnowman\n|\n|t:|1699230406\n|switch|p2b: Flutter Mane|Flutter Mane|100\/100|[from] U-turn\n|\n|-heal|p1b: Ogerpon|74\/100|[from] Grassy Terrain\n|upkeep\n|turn|2\n|l| LoSconosciuto\n|j| LoSconosciuto\n|j| AIRedzone\n|l| AIRedzone\n|j| xHys\n|j| ratpacker\n|j| Feyette\n|j| Enzonana\n|l| Feyette\n|j|+GenOne\n|j| Lemurro\n|\n|t:|1699230519\n|move|p1a: Landorus|U-turn|p2a: Rillaboom\n|-supereffective|p2a: Rillaboom\n|-damage|p2a: Rillaboom|63\/100\n|c| Enzonana|:storms:\n|j| Feyette\n|\n|t:|1699230554\n|switch|p1a: Flutter Mane|Flutter Mane|100\/100|[from] U-turn\n|-enditem|p1a: Flutter Mane|Booster Energy\n|-activate|p1a: Flutter Mane|ability: Protosynthesis|[fromitem]\n|-start|p1a: Flutter Mane|protosynthesisspe\n|move|p2b: Flutter Mane|Moonblast|p1b: Ogerpon\n|-damage|p1b: Ogerpon|11\/100\n|move|p1b: Ogerpon|Ivy Cudgel|p2b: Flutter Mane\n|-damage|p2b: Flutter Mane|44\/100\n|move|p2a: Rillaboom|U-turn|p1a: Flutter Mane\n|-resisted|p1a: Flutter Mane\n|-damage|p1a: Flutter Mane|93\/100\n|l| Lemurro\n|c| Enzonana|sorry roby I missed your game\n|l| Feyette\n|j|+chemcoop\n|\n|t:|1699230592\n|switch|p2a: Ogerpon|Ogerpon-Wellspring, F|100\/100|[from] U-turn\n|\n|-heal|p1a: Flutter Mane|99\/100|[from] Grassy Terrain\n|-heal|p2b: Flutter Mane|50\/100|[from] Grassy Terrain\n|-heal|p1b: Ogerpon|17\/100|[from] Grassy Terrain\n|upkeep\n|turn|3\n|l| Enzonana\n|inactive|Battle timer is ON: inactive players will automatically lose when time's up. (requested by Zerotti)\n|\n|t:|1699230743\n|-end|p2b: Flutter Mane|Protosynthesis|[silent]\n|switch|p2b: Diancie|Diancie|100\/100\n|switch|p1b: Landorus|Landorus-Therian, M|89\/100\n|-ability|p1b: Landorus|Intimidate|boost\n|-unboost|p2a: Ogerpon|atk|1\n|-fail|p2b: Diancie|unboost|[from] ability: Clear Body|[of] p2b: Diancie\n|move|p2a: Ogerpon|Grassy Glide|p1b: Landorus\n|-damage|p1b: Landorus|57\/100\n|move|p1a: Flutter Mane|Imprison|p1a: Flutter Mane\n|-start|p1a: Flutter Mane|move: Imprison\n|\n|-heal|p1a: Flutter Mane|100\/100|[from] Grassy Terrain\n|upkeep\n|turn|4\n|inactive|YoBuddyTheBaker has 270 seconds left.\n|inactive|Zerotti has 270 seconds left.\n|j| Enzonana\n|inactive|YoBuddyTheBaker has 240 seconds left.\n|inactive|YoBuddyTheBaker has 210 seconds left.\n|inactive|YoBuddyTheBaker has 180 seconds left.\n|\n|t:|1699230876\n|move|p2a: Ogerpon|Spiky Shield|p2a: Ogerpon\n|-singleturn|p2a: Ogerpon|move: Protect\n|move|p1a: Flutter Mane|Moonblast|p2a: Ogerpon\n|-activate|p2a: Ogerpon|move: Protect\n|move|p1b: Landorus|U-turn|p2b: Diancie\n|-resisted|p2b: Diancie\n|-damage|p2b: Diancie|90\/100\n|\n|t:|1699230881\n|switch|p1b: Gholdengo|Gholdengo|100\/100|[from] U-turn\n|move|p2b: Diancie|Diamond Storm|p1a: Flutter Mane|[spread] p1a,p1b\n|-resisted|p1b: Gholdengo\n|-crit|p1b: Gholdengo\n|-damage|p1a: Flutter Mane|49\/100\n|-damage|p1b: Gholdengo|80\/100\n|-boost|p2b: Diancie|def|2\n|\n|-heal|p1a: Flutter Mane|55\/100|[from] Grassy Terrain\n|-heal|p1b: Gholdengo|86\/100|[from] Grassy Terrain\n|-heal|p2b: Diancie|96\/100|[from] Grassy Terrain\n|upkeep\n|turn|5\n|inactive|YoBuddyTheBaker has 180 seconds left.\n|inactive|Zerotti has 270 seconds left.\n|inactive|YoBuddyTheBaker has 150 seconds left.\n|inactive|Zerotti has 240 seconds left.\n|\n|t:|1699230934\n|switch|p2b: Rillaboom|Rillaboom, M|63\/100\n|-terastallize|p1b: Gholdengo|Dragon\n|move|p1a: Flutter Mane|Protect|p1a: Flutter Mane\n|-singleturn|p1a: Flutter Mane|Protect\n|move|p2a: Ogerpon|Ivy Cudgel|p1a: Flutter Mane\n|-activate|p1a: Flutter Mane|move: Protect\n|move|p1b: Gholdengo|Nasty Plot|p1b: Gholdengo\n|-boost|p1b: Gholdengo|spa|2\n|\n|-heal|p1a: Flutter Mane|61\/100|[from] Grassy Terrain\n|-heal|p1b: Gholdengo|92\/100|[from] Grassy Terrain\n|-heal|p2b: Rillaboom|70\/100|[from] Grassy Terrain\n|-fieldend|move: Grassy Terrain\n|upkeep\n|turn|6\n|inactive|YoBuddyTheBaker has 150 seconds left.\n|inactive|Zerotti has 240 seconds left.\n|inactive|YoBuddyTheBaker has 120 seconds left.\n|inactive|Zerotti has 210 seconds left.\n|inactive|YoBuddyTheBaker has 90 seconds left.\n|j| oh the guilt\n|inactive|YoBuddyTheBaker has 60 seconds left.\n|\n|t:|1699231056\n|-end|p1a: Flutter Mane|Protosynthesis|[silent]\n|switch|p1a: Ogerpon|Ogerpon-Wellspring, F|17\/100\n|move|p2b: Rillaboom|Fake Out|p1b: Gholdengo\n|-damage|p1b: Gholdengo|80\/100\n|move|p2a: Ogerpon|Ivy Cudgel|p1a: Ogerpon\n|-heal|p1a: Ogerpon|42\/100|[from] ability: Water Absorb|[of] p2a: Ogerpon\n|cant|p1b: Gholdengo|flinch\n|\n|upkeep\n|turn|7\n|inactive|Zerotti has 210 seconds left.\n|inactive|YoBuddyTheBaker has 60 seconds left.\n|l| Enzonana\n|inactive|YoBuddyTheBaker has 30 seconds left.\n|inactive|YoBuddyTheBaker has 20 seconds left.\n|\n|t:|1699231120\n|switch|p2b: Landorus|Landorus-Therian, M|50\/100\n|-ability|p2b: Landorus|Intimidate|boost\n|-unboost|p1a: Ogerpon|atk|1\n|-unboost|p1b: Gholdengo|atk|1\n|move|p2a: Ogerpon|Spiky Shield|p2a: Ogerpon\n|-singleturn|p2a: Ogerpon|move: Protect\n|move|p1a: Ogerpon|Ivy Cudgel|p2b: Landorus\n|-supereffective|p2b: Landorus\n|-damage|p2b: Landorus|0 fnt\n|faint|p2b: Landorus\n|move|p1b: Gholdengo|Shadow Ball|p2a: Ogerpon\n|-activate|p2a: Ogerpon|move: Protect\n|\n|upkeep\n|inactive|YoBuddyTheBaker has 25 seconds left this turn.\n|l| Aldrich\n|\n|t:|1699231136\n|switch|p2b: Flutter Mane|Flutter Mane|50\/100\n|turn|8\n|inactive|Zerotti has 210 seconds left.\n|inactive|YoBuddyTheBaker has 30 seconds left.\n|l|+chemcoop\n|inactive|Zerotti has 180 seconds left.\n|\n|t:|1699231176\n|switch|p2a: Rillaboom|Rillaboom, M|70\/100\n|-fieldstart|move: Grassy Terrain|[from] ability: Grassy Surge|[of] p2a: Rillaboom\n|-terastallize|p2b: Flutter Mane|Fairy\n|move|p1b: Gholdengo|Protect|p1b: Gholdengo\n|-singleturn|p1b: Gholdengo|Protect\n|move|p2b: Flutter Mane|Dazzling Gleam|p1a: Ogerpon|[spread] p1a\n|-activate|p1b: Gholdengo|move: Protect\n|-damage|p1a: Ogerpon|0 fnt\n|faint|p1a: Ogerpon\n|\n|-heal|p2b: Flutter Mane|56\/100|[from] Grassy Terrain\n|-heal|p2a: Rillaboom|76\/100|[from] Grassy Terrain\n|-heal|p1b: Gholdengo|86\/100|[from] Grassy Terrain\n|upkeep\n|inactive|YoBuddyTheBaker has 30 seconds left.\n|j| Eragon11145\n|inactive|YoBuddyTheBaker has 20 seconds left.\n|inactive|YoBuddyTheBaker has 15 seconds left.\n|inactive|YoBuddyTheBaker has 10 seconds left.\n|\n|t:|1699231203\n|switch|p1a: Flutter Mane|Flutter Mane|61\/100\n|turn|9\n|inactive|YoBuddyTheBaker has 30 seconds left.\n|\n|t:|1699231223\n|switch|p1b: Landorus|Landorus-Therian, M|57\/100\n|-ability|p1b: Landorus|Intimidate|boost\n|-unboost|p2a: Rillaboom|atk|1\n|-unboost|p2b: Flutter Mane|atk|1\n|move|p2a: Rillaboom|Grassy Glide|p1a: Flutter Mane\n|-damage|p1a: Flutter Mane|18\/100\n|move|p1a: Flutter Mane|Moonblast|p2b: Flutter Mane\n|-damage|p2b: Flutter Mane|18\/100\n|move|p2b: Flutter Mane|Dazzling Gleam|p1a: Flutter Mane|[spread] p1a,p1b\n|-damage|p1a: Flutter Mane|0 fnt\n|-damage|p1b: Landorus|0 fnt\n|faint|p1a: Flutter Mane\n|-end|p1a: Flutter Mane|Protosynthesis|[silent]\n|faint|p1b: Landorus\n|\n|-heal|p2b: Flutter Mane|24\/100|[from] Grassy Terrain\n|-heal|p2a: Rillaboom|82\/100|[from] Grassy Terrain\n|upkeep\n|inactive|YoBuddyTheBaker has 30 seconds left this turn.\n|inactive|YoBuddyTheBaker has 20 seconds left.\n|l| LoSconosciuto\n|inactive|YoBuddyTheBaker has 15 seconds left.\n|l| Eragon11145\n|inactive|YoBuddyTheBaker has 10 seconds left.\n|\n|t:|1699231245\n|switch|p1a: Iron Hands|Iron Hands|100\/100\n|switch|p1b: Roaring Moon|Roaring Moon|100\/100\n|turn|10\n|inactive|YoBuddyTheBaker has 30 seconds left.\n|inactive|Zerotti has 210 seconds left.\n|\n|t:|1699231269\n|-end|p2b: Flutter Mane|Protosynthesis|[silent]\n|switch|p2b: Diancie|Diancie|96\/100\n|move|p1b: Roaring Moon|Protect|p1b: Roaring Moon\n|-singleturn|p1b: Roaring Moon|Protect\n|move|p2a: Rillaboom|U-turn|p1b: Roaring Moon\n|-activate|p1b: Roaring Moon|move: Protect\n|move|p1a: Iron Hands|Thunder Punch|p2b: Diancie\n|-damage|p2b: Diancie|60\/100\n|\n|-heal|p2a: Rillaboom|88\/100|[from] Grassy Terrain\n|-heal|p2b: Diancie|67\/100|[from] Grassy Terrain\n|upkeep\n|turn|11\n|inactive|Zerotti has 210 seconds left.\n|inactive|YoBuddyTheBaker has 30 seconds left.\n|\n|t:|1699231299\n|move|p1b: Roaring Moon|Iron Head|p2b: Diancie\n|-supereffective|p2b: Diancie\n|-damage|p2b: Diancie|0 fnt\n|faint|p2b: Diancie\n|move|p2a: Rillaboom|U-turn|p1b: Roaring Moon\n|-supereffective|p1b: Roaring Moon\n|-damage|p1b: Roaring Moon|65\/100\n|\n|t:|1699231311\n|switch|p2a: Ogerpon|Ogerpon-Wellspring, F|100\/100|[from] U-turn\n|move|p1a: Iron Hands|Thunder Punch|p2a: Ogerpon\n|-damage|p2a: Ogerpon|47\/100\n|\n|-heal|p1b: Roaring Moon|71\/100|[from] Grassy Terrain\n|-heal|p2a: Ogerpon|54\/100|[from] Grassy Terrain\n|upkeep\n|inactive|Zerotti has 180 seconds left.\n|\n|t:|1699231332\n|switch|p2b: Flutter Mane|Flutter Mane, tera:Fairy|24\/100\n|turn|12\n|inactive|YoBuddyTheBaker has 60 seconds left.\n|\n|t:|1699231344\n|move|p1b: Roaring Moon|Protect|p1b: Roaring Moon\n|-singleturn|p1b: Roaring Moon|Protect\n|move|p2a: Ogerpon|Follow Me|p2a: Ogerpon\n|-singleturn|p2a: Ogerpon|move: Follow Me\n|move|p2b: Flutter Mane|Dazzling Gleam|p1a: Iron Hands|[spread] p1a\n|-activate|p1b: Roaring Moon|move: Protect\n|-supereffective|p1a: Iron Hands\n|-damage|p1a: Iron Hands|17\/100\n|-enditem|p1a: Iron Hands|Sitrus Berry|[eat]\n|-heal|p1a: Iron Hands|42\/100|[from] item: Sitrus Berry\n|move|p1a: Iron Hands|Thunder Punch|p2a: Ogerpon\n|-damage|p2a: Ogerpon|3\/100\n|-status|p2a: Ogerpon|par\n|\n|-heal|p2b: Flutter Mane|31\/100|[from] Grassy Terrain\n|-heal|p1b: Roaring Moon|77\/100|[from] Grassy Terrain\n|-heal|p2a: Ogerpon|9\/100 par|[from] Grassy Terrain\n|-heal|p1a: Iron Hands|48\/100|[from] Grassy Terrain\n|-fieldend|move: Grassy Terrain\n|upkeep\n|turn|13\n|j| Alexander 787\n|inactive|Zerotti has 210 seconds left.\n|inactive|YoBuddyTheBaker has 60 seconds left.\n|inactive|YoBuddyTheBaker has 30 seconds left.\n|\n|t:|1699231395\n|move|p2a: Ogerpon|Follow Me|p2a: Ogerpon\n|-singleturn|p2a: Ogerpon|move: Follow Me\n|move|p2b: Flutter Mane|Dazzling Gleam|p1a: Iron Hands|[spread] p1a,p1b\n|-supereffective|p1a: Iron Hands\n|-supereffective|p1b: Roaring Moon\n|-damage|p1a: Iron Hands|0 fnt\n|-damage|p1b: Roaring Moon|0 fnt\n|faint|p1a: Iron Hands\n|-end|p1a: Iron Hands|Quark Drive|[silent]\n|faint|p1b: Roaring Moon\n|-end|p1b: Roaring Moon|Protosynthesis|[silent]\n|\n|upkeep\n|inactive|YoBuddyTheBaker has 30 seconds left.\n|\n|t:|1699231400\n|switch|p1a: Gholdengo|Gholdengo, tera:Dragon|86\/100\n|turn|14\n|inactive|Zerotti has 210 seconds left.\n|\n|t:|1699231413\n|move|p2a: Ogerpon|Spiky Shield|p2a: Ogerpon\n|-singleturn|p2a: Ogerpon|move: Protect\n|move|p2b: Flutter Mane|Dazzling Gleam|p1a: Gholdengo\n|-supereffective|p1a: Gholdengo\n|-damage|p1a: Gholdengo|0 fnt\n|faint|p1a: Gholdengo\n|\n|win|Zerotti\n|c| Akaru Kokuyo\u3075\u308f|VAMOS ZEROTTI\n|c|\u2606YoBuddyTheBaker|gg\n|l| Alexander 787\n|c|\u2606Zerotti|gg\n|j| Alexander 787\n|l| oh the guilt\n|l| theyummybagel\n|j| ImNextUp\n|l| Suverenna\n|l| 7 de Marzo\n|l| ImNextUp\n|l|\u2606YoBuddyTheBaker\n|l|+GenOne\n|l| Alexander 787\n|l| luisin\n|l| Akaru Kokuyo\u3075\u308f\n|j| Feyette\n|l| Feyette\n","uploadtime":1699231421,"views":76,"p1id":"yobuddythebaker","p2id":"zerotti","formatid":"gen9doublesou","rating":0,"private":0,"password":""}