{"id":"gen9doublesou-1969589495","p1":"dweebballs99","p2":"God_of_STANK!","format":"[Gen 9] Doubles OU","log":"|j|\u2606dweebballs99\n|j|\u2606God_of_STANK!\n|t:|1697549939\n|gametype|doubles\n|player|p1|dweebballs99|sabrina|1429\n|player|p2|God_of_STANK!|psychic|1430\n|teamsize|p1|6\n|teamsize|p2|6\n|gen|9\n|tier|[Gen 9] Doubles OU\n|rated|\n|rule|Species Clause: Limit one of each Pok\u00e9mon\n|rule|OHKO Clause: OHKO moves are banned\n|rule|Evasion Moves Clause: Evasion moves are banned\n|rule|Gravity Sleep Clause: The combination of sleep-inducing moves with imperfect accuracy and Gravity or Gigantamax Orbeetle are banned\n|rule|Endless Battle Clause: Forcing endless battles is banned\n|rule|HP Percentage Mod: HP is shown in percentages\n|clearpoke\n|poke|p1|Okidogi, M|\n|poke|p1|Ogerpon-Hearthflame, F|\n|poke|p1|Flutter Mane|\n|poke|p1|Landorus-Therian, M|\n|poke|p1|Baxcalibur, M|\n|poke|p1|Weezing-Galar, F|\n|poke|p2|Rillaboom, F|\n|poke|p2|Tornadus, M|\n|poke|p2|Cresselia, F|\n|poke|p2|Iron Hands|\n|poke|p2|Flutter Mane|\n|poke|p2|Volcanion|\n|teampreview\n|inactive|Battle timer is ON: inactive players will automatically lose when time's up. (requested by God_of_STANK!)\n|inactive|dweebballs99 also wants the timer to be on.\n|j| rhianDEEZNUTs\n|inactive|God_of_STANK! has 120 seconds left.\n|\n|t:|1697549971\n|start\n|switch|p1a: Landorus|Landorus-Therian, M|100\/100\n|switch|p1b: Baxcalibur|Baxcalibur, M|100\/100\n|switch|p2a: Cresselia|Cresselia, F|100\/100\n|switch|p2b: Iron Hands|Iron Hands|100\/100\n|-ability|p1a: Landorus|Intimidate|boost\n|-unboost|p2a: Cresselia|atk|1\n|-unboost|p2b: Iron Hands|atk|1\n|turn|1\n|\n|t:|1697549992\n|move|p1a: Landorus|Rock Slide|p2a: Cresselia|[spread] p2a\n|-miss|p1a: Landorus|p2b: Iron Hands\n|-damage|p2a: Cresselia|81\/100\n|-damage|p1a: Landorus|91\/100|[from] item: Life Orb\n|move|p1b: Baxcalibur|Scale Shot|p2b: Iron Hands\n|-damage|p2b: Iron Hands|90\/100\n|-damage|p2b: Iron Hands|80\/100\n|-damage|p2b: Iron Hands|70\/100\n|-damage|p2b: Iron Hands|60\/100\n|-hitcount|p2b: Iron Hands|4\n|-unboost|p1b: Baxcalibur|def|1\n|-boost|p1b: Baxcalibur|spe|1\n|move|p2b: Iron Hands|Belly Drum|p2b: Iron Hands\n|-damage|p2b: Iron Hands|11\/100\n|-setboost|p2b: Iron Hands|atk|6|[from] move: Belly Drum\n|-enditem|p2b: Iron Hands|Sitrus Berry|[eat]\n|-heal|p2b: Iron Hands|35\/100|[from] item: Sitrus Berry\n|move|p2a: Cresselia|Trick Room|p2a: Cresselia\n|-fieldstart|move: Trick Room|[of] p2a: Cresselia\n|\n|upkeep\n|turn|2\n|c| rhianDEEZNUTs|i see\n|\n|t:|1697550018\n|move|p2b: Iron Hands|Drain Punch|p1b: Baxcalibur\n|-supereffective|p1b: Baxcalibur\n|-damage|p1b: Baxcalibur|0 fnt\n|-heal|p2b: Iron Hands|77\/100|[from] drain|[of] p1b: Baxcalibur\n|faint|p1b: Baxcalibur\n|move|p2a: Cresselia|Lunar Blessing|p2a: Cresselia|[spread] p2a,p2b\n|-heal|p2a: Cresselia|100\/100\n|-heal|p2b: Iron Hands|100\/100\n|move|p1a: Landorus|Rock Slide|p2b: Iron Hands|[spread] p2a,p2b\n|-resisted|p2b: Iron Hands\n|-damage|p2a: Cresselia|82\/100\n|-damage|p2b: Iron Hands|91\/100\n|-damage|p1a: Landorus|81\/100|[from] item: Life Orb\n|\n|upkeep\n|inactive|dweebballs99 has 120 seconds left.\n|\n|t:|1697550036\n|switch|p1b: Flutter Mane|Flutter Mane|100\/100\n|turn|3\n|\n|t:|1697550040\n|move|p1b: Flutter Mane|Protect|p1b: Flutter Mane\n|-singleturn|p1b: Flutter Mane|Protect\n|move|p2b: Iron Hands|Ice Punch|p1b: Flutter Mane\n|-activate|p1b: Flutter Mane|move: Protect\n|move|p2a: Cresselia|Lunar Blessing|p2a: Cresselia|[spread] p2a,p2b\n|-heal|p2a: Cresselia|100\/100\n|-heal|p2b: Iron Hands|100\/100\n|move|p1a: Landorus|Earthquake|p2b: Iron Hands|[spread] p2b\n|-activate|p1b: Flutter Mane|move: Protect\n|-immune|p2a: Cresselia|[from] ability: Levitate\n|-supereffective|p2b: Iron Hands\n|-damage|p2b: Iron Hands|24\/100\n|-damage|p1a: Landorus|71\/100|[from] item: Life Orb\n|\n|upkeep\n|turn|4\n|c| rhianDEEZNUTs|mmmm flutter switch would be real nc on the drain punch\n|\n|t:|1697550066\n|-terastallize|p2b: Iron Hands|Fire\n|move|p2b: Iron Hands|Drain Punch|p1a: Landorus\n|-resisted|p1a: Landorus\n|-crit|p1a: Landorus\n|-damage|p1a: Landorus|0 fnt\n|-heal|p2b: Iron Hands|49\/100|[from] drain|[of] p1a: Landorus\n|faint|p1a: Landorus\n|move|p2a: Cresselia|Lunar Blessing|p2a: Cresselia|[spread] p2a,p2b\n|-heal|p2b: Iron Hands|74\/100\n|move|p1b: Flutter Mane|Shadow Ball|p2a: Cresselia\n|-supereffective|p2a: Cresselia\n|-damage|p2a: Cresselia|46\/100\n|\n|upkeep\n|inactive|dweebballs99 has 120 seconds left.\n|\n|t:|1697550090\n|switch|p1a: Okidogi|Okidogi, M|100\/100\n|turn|5\n|inactive|dweebballs99 has 120 seconds left.\n|\n|t:|1697550109\n|-end|p1b: Flutter Mane|Protosynthesis|[silent]\n|switch|p1b: Weezing|Weezing-Galar, F|100\/100\n|-ability|p1b: Weezing|Neutralizing Gas\n|move|p2b: Iron Hands|Drain Punch|p1a: Okidogi\n|-resisted|p1a: Okidogi\n|-damage|p1a: Okidogi|43\/100\n|-heal|p2b: Iron Hands|97\/100|[from] drain|[of] p1a: Okidogi\n|move|p2a: Cresselia|Lunar Blessing|p2a: Cresselia|[spread] p2a,p2b\n|-heal|p2a: Cresselia|71\/100\n|-heal|p2b: Iron Hands|100\/100\n|move|p1a: Okidogi|High Horsepower|p2b: Iron Hands\n|-supereffective|p2b: Iron Hands\n|-damage|p2b: Iron Hands|33\/100\n|\n|-fieldend|move: Trick Room\n|upkeep\n|turn|6\n|inactive|dweebballs99 has 120 seconds left.\n|\n|t:|1697550136\n|move|p2b: Iron Hands|Protect|p2b: Iron Hands\n|-singleturn|p2b: Iron Hands|Protect\n|move|p1a: Okidogi|High Horsepower|p2a: Cresselia\n|-damage|p2a: Cresselia|37\/100\n|move|p1b: Weezing|Thunder|p2b: Iron Hands\n|-activate|p2b: Iron Hands|move: Protect\n|move|p2a: Cresselia|Trick Room|p2a: Cresselia\n|-fieldstart|move: Trick Room|[of] p2a: Cresselia\n|\n|upkeep\n|turn|7\n|inactive|God_of_STANK! has 120 seconds left.\n|\n|t:|1697550167\n|move|p1b: Weezing|Thunder|p2a: Cresselia\n|-damage|p2a: Cresselia|18\/100\n|move|p2b: Iron Hands|Drain Punch|p1a: Okidogi\n|-resisted|p1a: Okidogi\n|-damage|p1a: Okidogi|0 fnt\n|-heal|p2b: Iron Hands|50\/100|[from] drain|[of] p1a: Okidogi\n|faint|p1a: Okidogi\n|move|p2a: Cresselia|Lunar Blessing|p2a: Cresselia|[spread] p2a,p2b\n|-heal|p2a: Cresselia|43\/100\n|-heal|p2b: Iron Hands|75\/100\n|\n|upkeep\n|\n|t:|1697550178\n|switch|p1a: Ogerpon|Ogerpon-Hearthflame, F|100\/100\n|turn|8\n|\n|t:|1697550192\n|move|p1a: Ogerpon|Spiky Shield|p1a: Ogerpon\n|-singleturn|p1a: Ogerpon|move: Protect\n|move|p1b: Weezing|Thunder|p2b: Iron Hands\n|-damage|p2b: Iron Hands|56\/100\n|move|p2b: Iron Hands|Drain Punch|p1a: Ogerpon\n|-activate|p1a: Ogerpon|move: Protect\n|-damage|p2b: Iron Hands|44\/100|[from] Spiky Shield|[of] p1a: Ogerpon\n|move|p2a: Cresselia|Lunar Blessing|p2a: Cresselia|[spread] p2a,p2b\n|-heal|p2a: Cresselia|68\/100\n|-heal|p2b: Iron Hands|69\/100\n|\n|upkeep\n|turn|9\n|\n|t:|1697550213\n|-terastallize|p1a: Ogerpon|Fire\n|detailschange|p1a: Ogerpon|Ogerpon-Hearthflame-Tera, F, tera:Fire\n|move|p1b: Weezing|Thunder|p2b: Iron Hands\n|-damage|p2b: Iron Hands|47\/100\n|move|p2b: Iron Hands|Ice Punch|p1b: Weezing\n|-damage|p1b: Weezing|6\/100\n|-status|p1b: Weezing|frz\n|move|p2a: Cresselia|Lunar Blessing|p2a: Cresselia|[spread] p2a,p2b\n|-heal|p2a: Cresselia|93\/100\n|-heal|p2b: Iron Hands|72\/100\n|move|p1a: Ogerpon|Ivy Cudgel|p2b: Iron Hands\n|-resisted|p2b: Iron Hands\n|-damage|p2b: Iron Hands|46\/100\n|\n|upkeep\n|turn|10\n|\n|t:|1697550230\n|cant|p1b: Weezing|frz\n|move|p2b: Iron Hands|Drain Punch|p1a: Ogerpon\n|-damage|p1a: Ogerpon|0 fnt\n|-heal|p2b: Iron Hands|79\/100|[from] drain|[of] p1a: Ogerpon\n|faint|p1a: Ogerpon\n|move|p2a: Cresselia|Lunar Blessing|p2a: Cresselia|[spread] p2a,p2b\n|-heal|p2a: Cresselia|100\/100\n|-heal|p2b: Iron Hands|100\/100\n|\n|-fieldend|move: Trick Room\n|upkeep\n|\n|t:|1697550234\n|switch|p1a: Flutter Mane|Flutter Mane|100\/100\n|turn|11\n|\n|t:|1697550245\n|move|p1a: Flutter Mane|Shadow Ball|p2b: Iron Hands\n|-damage|p2b: Iron Hands|75\/100\n|move|p2b: Iron Hands|Ice Punch|p1a: Flutter Mane\n|-damage|p1a: Flutter Mane|0 fnt\n|faint|p1a: Flutter Mane\n|-end|p1a: Flutter Mane|Protosynthesis|[silent]\n|cant|p1b: Weezing|frz\n|move|p2a: Cresselia|Trick Room|p2a: Cresselia\n|-fieldstart|move: Trick Room|[of] p2a: Cresselia\n|\n|upkeep\n|turn|12\n|c|\u2606God_of_STANK!|gg\n|\n|t:|1697550258\n|cant|p1b: Weezing|frz\n|move|p2b: Iron Hands|Ice Punch|p1b: Weezing\n|-crit|p1b: Weezing\n|-damage|p1b: Weezing|0 fnt\n|faint|p1b: Weezing\n|-end|p1b: Weezing|ability: Neutralizing Gas\n|\n|win|God_of_STANK!\n|raw|dweebballs99's rating: 1429 &rarr; <strong>1409<\/strong><br \/>(-20 for losing)\n|raw|God_of_STANK!'s rating: 1430 &rarr; <strong>1450<\/strong><br \/>(+20 for winning)\n|l|\u2606dweebballs99\n","uploadtime":1697550267,"views":19,"p1id":"dweebballs99","p2id":"godofstank","formatid":"gen9doublesou","rating":1409,"private":0,"password":""}