{"id":"gen9doublesou-1968155528","p1":"ghosts lord6","p2":"needadecentname","format":"[Gen 9] Doubles OU","log":"|html|<div class=\"broadcast-blue\"><strong>[Gen 9] Doubles OU is currently suspecting Basculegion & Flutter Mane! For information on how to participate check out the <a href=\"https:\/\/www.smogon.com\/forums\/threads\/np-sv-dou-stage-8-double-trouble.3729153\/\">suspect thread<\/a>.<\/strong><\/div>\n|j|\u2606ghosts lord6\n|j|\u2606needadecentname\n|t:|1697389832\n|gametype|doubles\n|player|p1|ghosts lord6|alder|\n|player|p2|needadecentname|lucas|\n|teamsize|p1|6\n|teamsize|p2|6\n|gen|9\n|tier|[Gen 9] Doubles OU\n|rule|Species Clause: Limit one of each Pok\u00e9mon\n|rule|OHKO Clause: OHKO moves are banned\n|rule|Evasion Moves Clause: Evasion moves are banned\n|rule|Gravity Sleep Clause: The combination of sleep-inducing moves with imperfect accuracy and Gravity or Gigantamax Orbeetle are banned\n|rule|Endless Battle Clause: Forcing endless battles is banned\n|rule|HP Percentage Mod: HP is shown in percentages\n|clearpoke\n|poke|p1|Ursaluna, F|\n|poke|p1|Avalugg-Hisui, F|\n|poke|p1|Cresselia, F|\n|poke|p1|Slowking-Galar, F|\n|poke|p1|Amoonguss, M|\n|poke|p1|Rabsca, F|\n|poke|p2|Baxcalibur, M|\n|poke|p2|Avalugg, F|\n|poke|p2|Tornadus, M|\n|poke|p2|Rillaboom, F|\n|poke|p2|Gholdengo|\n|poke|p2|Ursaluna-Bloodmoon, M|\n|teampreview\n|inactive|Battle timer is ON: inactive players will automatically lose when time's up. (requested by ghosts lord6)\n|\n|t:|1697389839\n|start\n|switch|p1a: Cresselia|Cresselia, F|100\/100\n|switch|p1b: Ursaluna|Ursaluna, F|100\/100\n|switch|p2a: Tornadus|Tornadus, M|100\/100\n|switch|p2b: Gholdengo|Gholdengo|100\/100\n|turn|1\n|\n|t:|1697389847\n|move|p1b: Ursaluna|Protect|p1b: Ursaluna\n|-singleturn|p1b: Ursaluna|Protect\n|move|p2a: Tornadus|Taunt|p1a: Cresselia\n|-start|p1a: Cresselia|move: Taunt\n|-enditem|p1a: Cresselia|Mental Herb\n|-end|p1a: Cresselia|move: Taunt\n|move|p2b: Gholdengo|Make It Rain|p1b: Ursaluna|[spread] p1a\n|-activate|p1b: Ursaluna|move: Protect\n|-damage|p1a: Cresselia|64\/100\n|-unboost|p2b: Gholdengo|spa|1\n|move|p1a: Cresselia|Trick Room|p1a: Cresselia\n|-fieldstart|move: Trick Room|[of] p1a: Cresselia\n|\n|-status|p1b: Ursaluna|brn|[from] item: Flame Orb\n|upkeep\n|turn|2\n|\n|t:|1697389876\n|switch|p2b: Avalugg|Avalugg, F|100\/100\n|-terastallize|p1b: Ursaluna|Ground\n|move|p1a: Cresselia|Helping Hand|p1b: Ursaluna\n|-singleturn|p1b: Ursaluna|Helping Hand|[of] p1a: Cresselia\n|move|p2a: Tornadus|Protect|p2a: Tornadus\n|-singleturn|p2a: Tornadus|Protect\n|move|p1b: Ursaluna|Earthquake|p2a: Tornadus|[spread] p2b\n|-activate|p2a: Tornadus|move: Protect\n|-immune|p1a: Cresselia|[from] ability: Levitate\n|-damage|p2b: Avalugg|48\/100\n|\n|-heal|p2b: Avalugg|54\/100|[from] item: Leftovers\n|-damage|p1b: Ursaluna|94\/100 brn|[from] brn\n|upkeep\n|turn|3\n|\n|t:|1697389889\n|move|p1a: Cresselia|Helping Hand|p1b: Ursaluna\n|-singleturn|p1b: Ursaluna|Helping Hand|[of] p1a: Cresselia\n|move|p2a: Tornadus|Taunt|p1a: Cresselia\n|-start|p1a: Cresselia|move: Taunt\n|move|p2b: Avalugg|Recover|p2b: Avalugg\n|-heal|p2b: Avalugg|100\/100\n|move|p1b: Ursaluna|Earthquake|p2a: Tornadus|[spread] p2b\n|-immune|p1a: Cresselia|[from] ability: Levitate\n|-immune|p2a: Tornadus\n|-damage|p2b: Avalugg|50\/100\n|\n|-heal|p2b: Avalugg|56\/100|[from] item: Leftovers\n|-damage|p1b: Ursaluna|88\/100 brn|[from] brn\n|upkeep\n|turn|4\n|\n|t:|1697389903\n|move|p2a: Tornadus|Protect|p2a: Tornadus\n|-singleturn|p2a: Tornadus|Protect\n|move|p2b: Avalugg|Body Press|p1b: Ursaluna\n|-damage|p1b: Ursaluna|58\/100 brn\n|move|p1b: Ursaluna|Facade|p2b: Avalugg\n|-damage|p2b: Avalugg|2\/100\n|move|p1a: Cresselia|Dazzling Gleam|p2b: Avalugg|[spread] p2b\n|-activate|p2a: Tornadus|move: Protect\n|-damage|p2b: Avalugg|0 fnt\n|faint|p2b: Avalugg\n|\n|-damage|p1b: Ursaluna|52\/100 brn|[from] brn\n|upkeep\n|c|\u2606ghosts lord6|get out goofy\n|\n|t:|1697389913\n|switch|p2b: Rillaboom|Rillaboom, F|100\/100\n|-fieldstart|move: Grassy Terrain|[from] ability: Grassy Surge|[of] p2b: Rillaboom\n|turn|5\n|\n|t:|1697389929\n|move|p2a: Tornadus|Tailwind|p2a: Tornadus\n|-sidestart|p2: needadecentname|move: Tailwind\n|move|p2b: Rillaboom|Grassy Glide|p1b: Ursaluna\n|-supereffective|p1b: Ursaluna\n|-damage|p1b: Ursaluna|0 fnt\n|faint|p1b: Ursaluna\n|move|p1a: Cresselia|Dazzling Gleam|p2a: Tornadus|[spread] p2a,p2b\n|-damage|p2a: Tornadus|92\/100\n|-damage|p2b: Rillaboom|85\/100\n|\n|-heal|p2b: Rillaboom|91\/100|[from] Grassy Terrain\n|-fieldend|move: Trick Room\n|upkeep\n|\n|t:|1697389939\n|switch|p1b: Slowking|Slowking-Galar, F|100\/100\n|turn|6\n|\n|t:|1697389968\n|switch|p2b: Gholdengo|Gholdengo|100\/100\n|move|p2a: Tornadus|Taunt|p1b: Slowking\n|-start|p1b: Slowking|move: Taunt\n|move|p1a: Cresselia|Dazzling Gleam|p2b: Gholdengo|[spread] p2a,p2b\n|-resisted|p2b: Gholdengo\n|-damage|p2a: Tornadus|84\/100\n|-damage|p2b: Gholdengo|94\/100\n|cant|p1b: Slowking|move: Taunt|Trick Room\n|\n|-heal|p2b: Gholdengo|99\/100|[from] Grassy Terrain\n|-end|p1a: Cresselia|move: Taunt\n|upkeep\n|turn|7\n|\n|t:|1697389989\n|switch|p1b: Amoonguss|Amoonguss, M|100\/100\n|move|p2a: Tornadus|Taunt|p1a: Cresselia\n|-start|p1a: Cresselia|move: Taunt\n|move|p2b: Gholdengo|Make It Rain|p1a: Cresselia|[spread] p1a,p1b\n|-crit|p1b: Amoonguss\n|-damage|p1a: Cresselia|31\/100\n|-damage|p1b: Amoonguss|24\/100\n|-unboost|p2b: Gholdengo|spa|1\n|-enditem|p1b: Amoonguss|Eject Button\n|\n|t:|1697389997\n|switch|p1b: Slowking|Slowking-Galar, F|100\/100\n|cant|p1a: Cresselia|move: Taunt|Trick Room\n|\n|-heal|p2b: Gholdengo|100\/100|[from] Grassy Terrain\n|upkeep\n|turn|8\n|\n|t:|1697390009\n|switch|p2b: Ursaluna|Ursaluna-Bloodmoon, M|100\/100\n|move|p2a: Tornadus|Taunt|p1b: Slowking\n|-start|p1b: Slowking|move: Taunt\n|move|p1a: Cresselia|Dazzling Gleam|p2a: Tornadus|[spread] p2a,p2b\n|-damage|p2a: Tornadus|75\/100\n|-damage|p2b: Ursaluna|88\/100\n|move|p1b: Slowking|Future Sight|p2a: Tornadus\n|-start|p1b: Slowking|move: Future Sight\n|\n|-heal|p2b: Ursaluna|94\/100|[from] Grassy Terrain\n|-heal|p2b: Ursaluna|100\/100|[from] item: Leftovers\n|-sideend|p2: needadecentname|move: Tailwind\n|upkeep\n|turn|9\n|\n|t:|1697390023\n|switch|p1b: Amoonguss|Amoonguss, M|57\/100\n|move|p2a: Tornadus|Knock Off|p1b: Amoonguss\n|-damage|p1b: Amoonguss|39\/100\n|move|p1a: Cresselia|Dazzling Gleam|p2a: Tornadus|[spread] p2a,p2b\n|-damage|p2a: Tornadus|66\/100\n|-damage|p2b: Ursaluna|89\/100\n|move|p2b: Ursaluna|Blood Moon|p1b: Amoonguss\n|-damage|p1b: Amoonguss|0 fnt\n|faint|p1b: Amoonguss\n|\n|-heal|p2b: Ursaluna|95\/100|[from] Grassy Terrain\n|-heal|p2b: Ursaluna|100\/100|[from] item: Leftovers\n|-end|p1a: Cresselia|move: Taunt\n|-fieldend|move: Grassy Terrain\n|upkeep\n|\n|t:|1697390031\n|switch|p1b: Avalugg|Avalugg-Hisui, F|100\/100\n|turn|10\n|\n|t:|1697390042\n|switch|p2b: Gholdengo|Gholdengo|100\/100\n|move|p2a: Tornadus|Taunt|p1a: Cresselia\n|-start|p1a: Cresselia|move: Taunt\n|move|p1b: Avalugg|Mountain Gale|p2b: Gholdengo\n|-resisted|p2b: Gholdengo\n|-damage|p2b: Gholdengo|64\/100\n|cant|p1a: Cresselia|move: Taunt|Trick Room\n|\n|-end|p2a: Tornadus|move: Future Sight\n|-damage|p2a: Tornadus|33\/100\n|upkeep\n|turn|11\n|\n|t:|1697390050\n|move|p1b: Avalugg|Protect|p1b: Avalugg\n|-singleturn|p1b: Avalugg|Protect\n|move|p2a: Tornadus|Tailwind|p2a: Tornadus\n|-sidestart|p2: needadecentname|move: Tailwind\n|move|p2b: Gholdengo|Make It Rain|p1b: Avalugg|[spread] p1a\n|-activate|p1b: Avalugg|move: Protect\n|-damage|p1a: Cresselia|0 fnt\n|-unboost|p2b: Gholdengo|spa|1\n|faint|p1a: Cresselia\n|\n|upkeep\n|\n|t:|1697390056\n|switch|p1a: Slowking|Slowking-Galar, F|100\/100\n|turn|12\n|\n|t:|1697390067\n|move|p2a: Tornadus|Taunt|p1a: Slowking\n|-start|p1a: Slowking|move: Taunt\n|move|p2b: Gholdengo|Make It Rain|p1a: Slowking|[spread] p1a,p1b\n|-supereffective|p1b: Avalugg\n|-damage|p1a: Slowking|74\/100\n|-ability|p1b: Avalugg|Sturdy\n|-damage|p1b: Avalugg|1\/100\n|-unboost|p2b: Gholdengo|spa|1\n|move|p1b: Avalugg|Mountain Gale|p2a: Tornadus\n|-supereffective|p2a: Tornadus\n|-damage|p2a: Tornadus|0 fnt\n|faint|p2a: Tornadus\n|cant|p1a: Slowking|move: Taunt|Chilly Reception\n|\n|-heal|p1a: Slowking|80\/100|[from] item: Black Sludge\n|upkeep\n|\n|t:|1697390079\n|switch|p2a: Ursaluna|Ursaluna-Bloodmoon, M|100\/100\n|turn|13\n|\n|t:|1697390087\n|move|p1b: Avalugg|Protect|p1b: Avalugg\n|-singleturn|p1b: Avalugg|Protect\n|move|p2b: Gholdengo|Make It Rain|p1a: Slowking|[spread] p1a\n|-activate|p1b: Avalugg|move: Protect\n|-damage|p1a: Slowking|60\/100\n|-unboost|p2b: Gholdengo|spa|1\n|move|p2a: Ursaluna|Blood Moon|p1a: Slowking\n|-damage|p1a: Slowking|10\/100\n|move|p1a: Slowking|Future Sight|p2b: Gholdengo\n|-start|p1a: Slowking|move: Future Sight\n|\n|-heal|p1a: Slowking|16\/100|[from] item: Black Sludge\n|upkeep\n|turn|14\n|\n|t:|1697390097\n|move|p2b: Gholdengo|Make It Rain|p1b: Avalugg|[spread] p1a,p1b\n|-supereffective|p1b: Avalugg\n|-damage|p1a: Slowking|1\/100\n|-damage|p1b: Avalugg|0 fnt\n|-unboost|p2b: Gholdengo|spa|1\n|faint|p1b: Avalugg\n|move|p2a: Ursaluna|Calm Mind|p2a: Ursaluna\n|-boost|p2a: Ursaluna|spa|1\n|-boost|p2a: Ursaluna|spd|1\n|move|p1a: Slowking|Future Sight|p2a: Ursaluna\n|-start|p1a: Slowking|move: Future Sight\n|\n|-heal|p1a: Slowking|7\/100|[from] item: Black Sludge\n|-end|p1a: Slowking|move: Taunt\n|-sideend|p2: needadecentname|move: Tailwind\n|upkeep\n|\n|t:|1697390102\n|switch|p1b: Rabsca|Rabsca, F|100\/100\n|turn|15\n|\n|t:|1697390108\n|move|p2b: Gholdengo|Make It Rain|p1a: Slowking|[spread] p1a,p1b\n|-crit|p1a: Slowking\n|-damage|p1a: Slowking|0 fnt\n|-damage|p1b: Rabsca|83\/100\n|-unboost|p2b: Gholdengo|spa|1\n|faint|p1a: Slowking\n|move|p2a: Ursaluna|Blood Moon|p1b: Rabsca\n|-damage|p1b: Rabsca|0 fnt\n|faint|p1b: Rabsca\n|\n|win|needadecentname\n|c|\u2606ghosts lord6|gg\n|c|\u2606needadecentname|gg\n","uploadtime":1697390121,"views":13,"p1id":"ghostslord6","p2id":"needadecentname","formatid":"gen9doublesou","rating":0,"private":0,"password":""}