{"id":"gen9doublesou-1978283545","p1":"riastylis","p2":"Championjolteons","format":"[Gen 9] Doubles OU","log":"|j|\u2606riastylis\n|j|\u2606Championjolteons\n|t:|1698520715\n|gametype|doubles\n|player|p1|riastylis|veteran|\n|player|p2|Championjolteons|steven|\n|teamsize|p1|6\n|teamsize|p2|6\n|gen|9\n|tier|[Gen 9] Doubles OU\n|rule|Species Clause: Limit one of each Pok\u00e9mon\n|rule|OHKO Clause: OHKO moves are banned\n|rule|Evasion Moves Clause: Evasion moves are banned\n|rule|Gravity Sleep Clause: The combination of sleep-inducing moves with imperfect accuracy and Gravity or Gigantamax Orbeetle are banned\n|rule|Endless Battle Clause: Forcing endless battles is banned\n|rule|HP Percentage Mod: HP is shown in percentages\n|clearpoke\n|poke|p1|Iron Leaves|\n|poke|p1|Quaquaval, M|\n|poke|p1|Garchomp, F|\n|poke|p1|Volcarona, M|\n|poke|p1|Gholdengo|\n|poke|p1|Regieleki|\n|poke|p2|Cresselia, F|\n|poke|p2|Gyarados, M|\n|poke|p2|Krookodile, F|\n|poke|p2|Iron Jugulis|\n|poke|p2|Typhlosion-Hisui, M|\n|poke|p2|Lucario, M|\n|teampreview\n|j| GoDDanteX\n|\n|t:|1698520735\n|start\n|switch|p1a: Mothra|Volcarona, M|100\/100\n|switch|p1b: Gild Tesoro|Gholdengo|100\/100\n|switch|p2a: Cresselia|Cresselia, F, shiny|100\/100\n|switch|p2b: Shades|Krookodile, F|100\/100\n|-ability|p2b: Shades|Intimidate|boost\n|-unboost|p1a: Mothra|atk|1\n|-unboost|p1b: Gild Tesoro|atk|1\n|turn|1\n|\n|t:|1698520774\n|-terastallize|p2b: Shades|Fairy\n|move|p2b: Shades|Knock Off|p1b: Gild Tesoro\n|-supereffective|p1b: Gild Tesoro\n|-damage|p1b: Gild Tesoro|0 fnt\n|-enditem|p1b: Gild Tesoro|Light Clay|[from] move: Knock Off|[of] p2b: Shades\n|faint|p1b: Gild Tesoro\n|-damage|p2b: Shades|91\/100|[from] item: Life Orb\n|move|p1a: Mothra|Tailwind|p1a: Mothra\n|-sidestart|p1: riastylis|move: Tailwind\n|move|p2a: Cresselia|Thunder Wave|p1a: Mothra\n|-status|p1a: Mothra|par\n|\n|upkeep\n|\n|t:|1698520789\n|switch|p1b: Bon Clay|Quaquaval, M|100\/100\n|turn|2\n|j| Kevin Dickey12\n|\n|t:|1698520800\n|move|p1b: Bon Clay|Aqua Step|p2b: Shades\n|-damage|p2b: Shades|23\/100\n|-boost|p1b: Bon Clay|spe|1\n|move|p2b: Shades|Tera Blast|p1b: Bon Clay|[anim] Tera Blast Fairy\n|-supereffective|p1b: Bon Clay\n|-damage|p1b: Bon Clay|0 fnt\n|faint|p1b: Bon Clay\n|-damage|p2b: Shades|13\/100|[from] item: Life Orb\n|move|p1a: Mothra|Quiver Dance|p1a: Mothra\n|-boost|p1a: Mothra|spa|1\n|-boost|p1a: Mothra|spd|1\n|-boost|p1a: Mothra|spe|1\n|move|p2a: Cresselia|Dazzling Gleam|p1a: Mothra\n|-resisted|p1a: Mothra\n|-damage|p1a: Mothra|96\/100 par\n|\n|upkeep\n|\n|t:|1698520820\n|switch|p1b: Gear4BounceMan|Regieleki, shiny|100\/100\n|turn|3\n|\n|t:|1698520833\n|move|p1b: Gear4BounceMan|Thunder Wave|p2a: Cresselia\n|-status|p2a: Cresselia|par\n|cant|p1a: Mothra|par\n|move|p2b: Shades|Earthquake|p1b: Gear4BounceMan|[spread] p1a,p1b\n|-immune|p2a: Cresselia|[from] ability: Levitate\n|-supereffective|p1b: Gear4BounceMan\n|-damage|p1a: Mothra|44\/100 par\n|-enditem|p1b: Gear4BounceMan|Focus Sash\n|-damage|p1b: Gear4BounceMan|1\/100\n|-enditem|p1a: Mothra|Sitrus Berry|[eat]\n|-heal|p1a: Mothra|68\/100 par|[from] item: Sitrus Berry\n|-damage|p2b: Shades|3\/100|[from] item: Life Orb\n|move|p2a: Cresselia|Icy Wind|p1b: Gear4BounceMan|[spread] p1a,p1b\n|-resisted|p1a: Mothra\n|-damage|p1a: Mothra|66\/100 par\n|-damage|p1b: Gear4BounceMan|0 fnt\n|-unboost|p1a: Mothra|spe|1\n|faint|p1b: Gear4BounceMan\n|\n|upkeep\n|\n|t:|1698520854\n|switch|p1b: Chopper|Iron Leaves|100\/100\n|-enditem|p1b: Chopper|Booster Energy\n|-activate|p1b: Chopper|ability: Quark Drive|[fromitem]\n|-start|p1b: Chopper|quarkdrivespe\n|turn|4\n|\n|t:|1698520866\n|move|p1b: Chopper|Megahorn|p2a: Cresselia\n|-supereffective|p2a: Cresselia\n|-damage|p2a: Cresselia|64\/100 par\n|-damage|p1b: Chopper|84\/100|[from] item: Rocky Helmet|[of] p2a: Cresselia\n|move|p2b: Shades|Knock Off|p1b: Chopper\n|-supereffective|p1b: Chopper\n|-damage|p1b: Chopper|0 fnt\n|faint|p1b: Chopper\n|-end|p1b: Chopper|Quark Drive|[silent]\n|-damage|p2b: Shades|0 fnt|[from] item: Life Orb\n|faint|p2b: Shades\n|move|p1a: Mothra|Air Slash|p2a: Cresselia\n|-damage|p2a: Cresselia|40\/100 par\n|cant|p2a: Cresselia|par\n|\n|-sideend|p1: riastylis|move: Tailwind\n|upkeep\n|\n|t:|1698520895\n|switch|p1b: Cascade|Garchomp, F, shiny|100\/100\n|switch|p2b: Typhlosion|Typhlosion-Hisui, M|100\/100\n|-item|p1b: Cascade|Clear Amulet|[from] ability: Frisk|[of] p2b: Typhlosion|[identify]\n|turn|5\n|\n|t:|1698520917\n|-terastallize|p1b: Cascade|Flying\n|move|p2b: Typhlosion|Eruption|p1b: Cascade|[spread] p1a,p1b\n|-damage|p1a: Mothra|32\/100 par\n|-damage|p1b: Cascade|48\/100\n|move|p1b: Cascade|Liquidation|p2b: Typhlosion\n|-supereffective|p2b: Typhlosion\n|-damage|p2b: Typhlosion|19\/100\n|move|p1a: Mothra|Bug Buzz|p2a: Cresselia\n|-supereffective|p2a: Cresselia\n|-damage|p2a: Cresselia|0 fnt\n|faint|p2a: Cresselia\n|\n|upkeep\n|\n|t:|1698520946\n|switch|p2a: Iron Jugulis|Iron Jugulis|100\/100\n|-enditem|p2a: Iron Jugulis|Booster Energy\n|-activate|p2a: Iron Jugulis|ability: Quark Drive|[fromitem]\n|-start|p2a: Iron Jugulis|quarkdrivespe\n|turn|6\n|\n|t:|1698520964\n|switch|p2b: Gyarados|Gyarados, M, shiny|100\/100\n|-ability|p2b: Gyarados|Intimidate|boost\n|-unboost|p1a: Mothra|atk|1\n|-fail|p1b: Cascade|unboost|[from] item: Clear Amulet|[of] p1b: Cascade\n|move|p2a: Iron Jugulis|Dark Pulse|p1b: Cascade\n|-damage|p1b: Cascade|10\/100\n|move|p1b: Cascade|Tera Blast|p2a: Iron Jugulis|[anim] Tera Blast Flying\n|-damage|p2a: Iron Jugulis|48\/100\n|cant|p1a: Mothra|par\n|\n|upkeep\n|turn|7\n|\n|t:|1698520986\n|move|p2a: Iron Jugulis|Dark Pulse|p1b: Cascade\n|-damage|p1b: Cascade|0 fnt\n|faint|p1b: Cascade\n|move|p2b: Gyarados|Waterfall|p1a: Mothra\n|-supereffective|p1a: Mothra\n|-damage|p1a: Mothra|0 fnt\n|-status|p2b: Gyarados|brn|[from] ability: Flame Body|[of] p1a: Mothra\n|faint|p1a: Mothra\n|\n|win|Championjolteons\n","uploadtime":1698520997,"views":24,"p1id":"riastylis","p2id":"championjolteons","formatid":"gen9doublesou","rating":0,"private":0,"password":""}