{"id":"gen9doublesou-1973694282","p1":"joecheve13","p2":"mikeyuwu","format":"[Gen 9] Doubles OU","log":"|j|\u2606joecheve13\n|j|\u2606mikeyuwu\n|t:|1698004107\n|gametype|doubles\n|player|p1|joecheve13|battlegirl-gen4|1276\n|player|p2|mikeyuwu|psychic-gen4|1184\n|teamsize|p1|6\n|teamsize|p2|6\n|gen|9\n|tier|[Gen 9] Doubles OU\n|rated|\n|rule|Species Clause: Limit one of each Pok\u00e9mon\n|rule|OHKO Clause: OHKO moves are banned\n|rule|Evasion Moves Clause: Evasion moves are banned\n|rule|Gravity Sleep Clause: The combination of sleep-inducing moves with imperfect accuracy and Gravity or Gigantamax Orbeetle are banned\n|rule|Endless Battle Clause: Forcing endless battles is banned\n|rule|HP Percentage Mod: HP is shown in percentages\n|clearpoke\n|poke|p1|Pelipper, M|\n|poke|p1|Tornadus, M|\n|poke|p1|Landorus, M|\n|poke|p1|Tinkaton, F|\n|poke|p1|Goodra-Hisui, F|\n|poke|p1|Sinistcha|\n|poke|p2|Garchomp, M|\n|poke|p2|Tyranitar, F|\n|poke|p2|Vaporeon, F|\n|poke|p2|Toxicroak, M|\n|poke|p2|Pelipper, F|\n|poke|p2|Abomasnow, M|\n|teampreview\n|inactive|Battle timer is ON: inactive players will automatically lose when time's up. (requested by mikeyuwu)\n|\n|t:|1698004151\n|start\n|switch|p1a: Landorus|Landorus, M|100\/100\n|switch|p1b: Tinkaton|Tinkaton, F|100\/100\n|switch|p2a: OTLHPM|Toxicroak, M|100\/100\n|switch|p2b: Harmacy|Vaporeon, F|100\/100\n|turn|1\n|\n|t:|1698004168\n|move|p1a: Landorus|Protect|p1a: Landorus\n|-singleturn|p1a: Landorus|Protect\n|move|p1b: Tinkaton|Gigaton Hammer|p2a: OTLHPM\n|-damage|p2a: OTLHPM|26\/100\n|move|p2a: OTLHPM|Earthquake|p1a: Landorus|[spread] p2b,p1b\n|-activate|p1a: Landorus|move: Protect\n|-supereffective|p1b: Tinkaton\n|-damage|p2b: Harmacy|84\/100\n|-damage|p1b: Tinkaton|51\/100\n|move|p2b: Harmacy|Icy Wind|p1b: Tinkaton|[spread] p1b\n|-activate|p1a: Landorus|move: Protect\n|-resisted|p1b: Tinkaton\n|-damage|p1b: Tinkaton|48\/100\n|-unboost|p1b: Tinkaton|spe|1\n|\n|-heal|p2a: OTLHPM|33\/100|[from] item: Black Sludge\n|-heal|p2b: Harmacy|90\/100|[from] item: Leftovers\n|upkeep\n|turn|2\n|inactive|joecheve13 has 120 seconds left.\n|\n|t:|1698004201\n|switch|p2a: Weather War|Pelipper, F|100\/100\n|-weather|RainDance|[from] ability: Drizzle|[of] p2a: Weather War\n|switch|p1b: Pelipper|Pelipper, M|100\/100\n|move|p1a: Landorus|Sandsear Storm|p2a: Weather War|[spread] p2b\n|-immune|p2a: Weather War\n|-damage|p2b: Harmacy|49\/100\n|move|p2b: Harmacy|Weather Ball|p1a: Landorus\n|-supereffective|p1a: Landorus\n|-enditem|p1a: Landorus|Focus Sash\n|-damage|p1a: Landorus|1\/100\n|\n|-weather|RainDance|[upkeep]\n|-heal|p2b: Harmacy|55\/100|[from] item: Leftovers\n|upkeep\n|turn|3\n|inactive|joecheve13 has 120 seconds left.\n|\n|t:|1698004226\n|switch|p1a: Tinkaton|Tinkaton, F|48\/100\n|switch|p2b: Cold Shoulder|Abomasnow, M, shiny|100\/100\n|-weather|Snow|[from] ability: Snow Warning|[of] p2b: Cold Shoulder\n|move|p1b: Pelipper|Protect|p1b: Pelipper\n|-singleturn|p1b: Pelipper|Protect\n|move|p2a: Weather War|Blizzard|p1b: Pelipper|[spread] p1a\n|-activate|p1b: Pelipper|move: Protect\n|-resisted|p1a: Tinkaton\n|-damage|p1a: Tinkaton|43\/100\n|\n|-weather|Snow|[upkeep]\n|upkeep\n|turn|4\n|\n|t:|1698004247\n|switch|p2b: Extra Spicy|Garchomp, M|100\/100\n|switch|p1b: Landorus|Landorus, M|1\/100\n|move|p1a: Tinkaton|Fake Out|p2b: Extra Spicy\n|-damage|p2b: Extra Spicy|95\/100\n|-damage|p1a: Tinkaton|30\/100|[from] ability: Rough Skin|[of] p2b: Extra Spicy\n|-damage|p1a: Tinkaton|14\/100|[from] item: Rocky Helmet|[of] p2b: Extra Spicy\n|move|p2a: Weather War|Chilling Water|p1a: Tinkaton\n|-damage|p1a: Tinkaton|4\/100\n|-unboost|p1a: Tinkaton|atk|1\n|\n|-weather|Snow|[upkeep]\n|upkeep\n|turn|5\n|inactive|joecheve13 has 120 seconds left.\n|\n|t:|1698004285\n|switch|p1a: Pelipper|Pelipper, M|100\/100\n|-weather|RainDance|[from] ability: Drizzle|[of] p1a: Pelipper\n|move|p1b: Landorus|Stealth Rock|p2b: Extra Spicy\n|-sidestart|p2: mikeyuwu|move: Stealth Rock\n|move|p2b: Extra Spicy|Liquidation|p1a: Pelipper\n|-resisted|p1a: Pelipper\n|-damage|p1a: Pelipper|81\/100\n|move|p2a: Weather War|Chilling Water|p1b: Landorus\n|-supereffective|p1b: Landorus\n|-damage|p1b: Landorus|0 fnt\n|faint|p1b: Landorus\n|\n|-weather|RainDance|[upkeep]\n|upkeep\n|\n|t:|1698004307\n|switch|p1b: Goodra|Goodra-Hisui, F|100\/100\n|turn|6\n|inactive|joecheve13 has 120 seconds left.\n|\n|t:|1698004316\n|move|p1a: Pelipper|Wide Guard|p1a: Pelipper\n|-singleturn|p1a: Pelipper|Wide Guard\n|move|p2b: Extra Spicy|Earthquake|p1a: Pelipper|[spread] \n|-activate|p1a: Pelipper|move: Wide Guard\n|-activate|p1b: Goodra|move: Wide Guard\n|-immune|p2a: Weather War\n|move|p2a: Weather War|Hurricane|p1a: Pelipper\n|-damage|p1a: Pelipper|43\/100\n|move|p1b: Goodra|Dragon Tail|p2b: Extra Spicy\n|-supereffective|p2b: Extra Spicy\n|-damage|p2b: Extra Spicy|72\/100\n|-damage|p1b: Goodra|88\/100|[from] ability: Rough Skin|[of] p2b: Extra Spicy\n|-damage|p1b: Goodra|72\/100|[from] item: Rocky Helmet|[of] p2b: Extra Spicy\n|drag|p2b: OTLHPM|Toxicroak, M|33\/100\n|-damage|p2b: OTLHPM|26\/100|[from] Stealth Rock\n|\n|-weather|RainDance|[upkeep]\n|-heal|p2b: OTLHPM|39\/100|[from] ability: Dry Skin\n|-heal|p2b: OTLHPM|45\/100|[from] item: Black Sludge\n|-heal|p1b: Goodra|78\/100|[from] item: Leftovers\n|upkeep\n|turn|7\n|inactive|joecheve13 has 120 seconds left.\n|\n|t:|1698004346\n|move|p1a: Pelipper|Wide Guard|p1a: Pelipper\n|-singleturn|p1a: Pelipper|Wide Guard\n|move|p2b: OTLHPM|Drain Punch|p1b: Goodra\n|-supereffective|p1b: Goodra\n|-damage|p1b: Goodra|23\/100\n|-heal|p2b: OTLHPM|74\/100|[from] drain|[of] p1b: Goodra\n|move|p2a: Weather War|Hurricane|p1a: Pelipper\n|-damage|p1a: Pelipper|11\/100\n|move|p1b: Goodra|Curse|p1b: Goodra\n|-unboost|p1b: Goodra|spe|1\n|-boost|p1b: Goodra|atk|1\n|-boost|p1b: Goodra|def|1\n|\n|-weather|RainDance|[upkeep]\n|-heal|p2b: OTLHPM|87\/100|[from] ability: Dry Skin\n|-heal|p2b: OTLHPM|93\/100|[from] item: Black Sludge\n|-heal|p1b: Goodra|29\/100|[from] item: Leftovers\n|upkeep\n|turn|8\n|\n|t:|1698004364\n|switch|p1a: Sinistcha|Sinistcha|100\/100\n|-heal|p1b: Goodra|54\/100|[from] ability: Hospitality|[of] p1a: Sinistcha\n|move|p1b: Goodra|Protect|p1b: Goodra\n|-singleturn|p1b: Goodra|Protect\n|move|p2b: OTLHPM|Drain Punch|p1b: Goodra\n|-activate|p1b: Goodra|move: Protect\n|move|p2a: Weather War|Hurricane|p1a: Sinistcha\n|-supereffective|p1a: Sinistcha\n|-enditem|p1a: Sinistcha|Focus Sash\n|-damage|p1a: Sinistcha|1\/100\n|-start|p1a: Sinistcha|confusion\n|\n|-weather|RainDance|[upkeep]\n|-heal|p2b: OTLHPM|100\/100|[from] ability: Dry Skin\n|-heal|p1b: Goodra|60\/100|[from] item: Leftovers\n|upkeep\n|turn|9\n|inactive|joecheve13 has 120 seconds left.\n|\n|t:|1698004398\n|-terastallize|p1b: Goodra|Water\n|-activate|p1a: Sinistcha|confusion\n|move|p1a: Sinistcha|Strength Sap|p2b: OTLHPM\n|-unboost|p2b: OTLHPM|atk|1\n|-heal|p1a: Sinistcha|100\/100\n|move|p2b: OTLHPM|Drain Punch|p1b: Goodra\n|-damage|p1b: Goodra|49\/100\n|move|p2a: Weather War|Hurricane|p1a: Sinistcha\n|-supereffective|p1a: Sinistcha\n|-damage|p1a: Sinistcha|0 fnt\n|faint|p1a: Sinistcha\n|move|p1b: Goodra|Dragon Tail|p2b: OTLHPM\n|-damage|p2b: OTLHPM|60\/100\n|drag|p2b: Cold Shoulder|Abomasnow, M, shiny|100\/100\n|-damage|p2b: Cold Shoulder|76\/100|[from] Stealth Rock\n|-weather|Snow|[from] ability: Snow Warning|[of] p2b: Cold Shoulder\n|\n|-weather|Snow|[upkeep]\n|-heal|p1b: Goodra|55\/100|[from] item: Leftovers\n|upkeep\n|inactive|joecheve13 has 120 seconds left.\n|inactive|joecheve13 has 90 seconds left.\n|\n|t:|1698004439\n|switch|p1a: Pelipper|Pelipper, M|11\/100\n|-weather|RainDance|[from] ability: Drizzle|[of] p1a: Pelipper\n|turn|10\n|\n|t:|1698004447\n|move|p1a: Pelipper|Protect|p1a: Pelipper\n|-singleturn|p1a: Pelipper|Protect\n|move|p2a: Weather War|Hurricane|p1a: Pelipper\n|-activate|p1a: Pelipper|move: Protect\n|move|p2b: Cold Shoulder|Giga Drain|p1a: Pelipper\n|-activate|p1a: Pelipper|move: Protect\n|move|p1b: Goodra|Muddy Water|p2b: Cold Shoulder|[spread] p2a\n|-miss|p1b: Goodra|p2b: Cold Shoulder\n|-resisted|p2a: Weather War\n|-damage|p2a: Weather War|76\/100\n|\n|-weather|RainDance|[upkeep]\n|-heal|p1b: Goodra|61\/100|[from] item: Leftovers\n|upkeep\n|turn|11\n|inactive|joecheve13 has 120 seconds left.\n|\n|t:|1698004464\n|switch|p1a: Tinkaton|Tinkaton, F|4\/100\n|move|p2a: Weather War|Hurricane|p1a: Tinkaton\n|-resisted|p1a: Tinkaton\n|-damage|p1a: Tinkaton|0 fnt\n|faint|p1a: Tinkaton\n|move|p2b: Cold Shoulder|Giga Drain|p1b: Goodra\n|-ability|p1b: Goodra|Sap Sipper|boost\n|-boost|p1b: Goodra|atk|1\n|move|p1b: Goodra|Curse|p1b: Goodra\n|-unboost|p1b: Goodra|spe|1\n|-boost|p1b: Goodra|atk|1\n|-boost|p1b: Goodra|def|1\n|\n|-weather|RainDance|[upkeep]\n|-heal|p1b: Goodra|67\/100|[from] item: Leftovers\n|upkeep\n|\n|t:|1698004482\n|switch|p1a: Tornadus|Tornadus, M|100\/100\n|turn|12\n|\n|t:|1698004492\n|move|p1a: Tornadus|Bleakwind Storm|p2a: Weather War|[spread] p2a,p2b\n|-supereffective|p2b: Cold Shoulder\n|-damage|p2a: Weather War|13\/100\n|-damage|p2b: Cold Shoulder|0 fnt\n|-unboost|p2a: Weather War|spe|1\n|faint|p2b: Cold Shoulder\n|move|p2a: Weather War|Snowscape|p2a: Weather War\n|-weather|Snow\n|move|p1b: Goodra|Dragon Tail|p2a: Weather War\n|-damage|p2a: Weather War|0 fnt\n|faint|p2a: Weather War\n|\n|-weather|Snow|[upkeep]\n|-heal|p1b: Goodra|73\/100|[from] item: Leftovers\n|upkeep\n|\n|t:|1698004497\n|switch|p2a: ThcrThnSnkr|Tyranitar, F|100\/100\n|switch|p2b: Harmacy|Vaporeon, F|55\/100\n|-damage|p2a: ThcrThnSnkr|88\/100|[from] Stealth Rock\n|-weather|Sandstorm|[from] ability: Sand Stream|[of] p2a: ThcrThnSnkr\n|-damage|p2b: Harmacy|43\/100|[from] Stealth Rock\n|turn|13\n|\n|t:|1698004522\n|move|p1a: Tornadus|Tailwind|p1a: Tornadus\n|-sidestart|p1: joecheve13|move: Tailwind\n|move|p2a: ThcrThnSnkr|Thunderbolt|p1b: Goodra\n|-supereffective|p1b: Goodra\n|-damage|p1b: Goodra|44\/100\n|move|p2b: Harmacy|Copycat|p2b: Harmacy\n|move|p2b: Harmacy|Thunderbolt|p1a: Tornadus|[from]move: Copycat\n|-supereffective|p1a: Tornadus\n|-damage|p1a: Tornadus|51\/100\n|move|p1b: Goodra|Dragon Tail|p2b: Harmacy\n|-damage|p2b: Harmacy|5\/100\n|drag|p2b: OTLHPM|Toxicroak, M|60\/100\n|-damage|p2b: OTLHPM|53\/100|[from] Stealth Rock\n|\n|-weather|Sandstorm|[upkeep]\n|-damage|p1a: Tornadus|45\/100|[from] Sandstorm\n|-damage|p2b: OTLHPM|47\/100|[from] Sandstorm\n|-damage|p1b: Goodra|38\/100|[from] Sandstorm\n|-heal|p2b: OTLHPM|53\/100|[from] item: Black Sludge\n|-heal|p1b: Goodra|44\/100|[from] item: Leftovers\n|upkeep\n|turn|14\n|\n|t:|1698004542\n|switch|p1a: Pelipper|Pelipper, M|11\/100\n|-weather|RainDance|[from] ability: Drizzle|[of] p1a: Pelipper\n|move|p1b: Goodra|Protect|p1b: Goodra\n|-singleturn|p1b: Goodra|Protect\n|move|p2b: OTLHPM|Poison Jab|p1b: Goodra\n|-activate|p1b: Goodra|move: Protect\n|move|p2a: ThcrThnSnkr|Thunderbolt|p1b: Goodra\n|-activate|p1b: Goodra|move: Protect\n|\n|-weather|RainDance|[upkeep]\n|-heal|p2b: OTLHPM|66\/100|[from] ability: Dry Skin\n|-heal|p2b: OTLHPM|72\/100|[from] item: Black Sludge\n|-heal|p1b: Goodra|50\/100|[from] item: Leftovers\n|upkeep\n|turn|15\n|\n|t:|1698004565\n|move|p1a: Pelipper|Chilling Water|p2a: ThcrThnSnkr\n|-supereffective|p2a: ThcrThnSnkr\n|-damage|p2a: ThcrThnSnkr|65\/100\n|-unboost|p2a: ThcrThnSnkr|atk|1\n|move|p2b: OTLHPM|Poison Jab|p1a: Pelipper\n|-damage|p1a: Pelipper|0 fnt\n|faint|p1a: Pelipper\n|move|p2a: ThcrThnSnkr|Thunderbolt|p1b: Goodra\n|-supereffective|p1b: Goodra\n|-damage|p1b: Goodra|18\/100\n|move|p1b: Goodra|Muddy Water|p2b: OTLHPM|[spread] p2a\n|-heal|p2b: OTLHPM|97\/100|[from] ability: Dry Skin|[of] p1b: Goodra\n|-supereffective|p2a: ThcrThnSnkr\n|-damage|p2a: ThcrThnSnkr|33\/100\n|\n|-weather|RainDance|[upkeep]\n|-heal|p2b: OTLHPM|100\/100|[from] ability: Dry Skin\n|-heal|p1b: Goodra|24\/100|[from] item: Leftovers\n|upkeep\n|\n|t:|1698004579\n|switch|p1a: Tornadus|Tornadus, M|45\/100\n|turn|16\n|\n|t:|1698004590\n|move|p1b: Goodra|Protect|p1b: Goodra\n|-singleturn|p1b: Goodra|Protect\n|move|p1a: Tornadus|Bleakwind Storm|p2a: ThcrThnSnkr|[spread] p2a,p2b\n|-resisted|p2a: ThcrThnSnkr\n|-supereffective|p2b: OTLHPM\n|-damage|p2a: ThcrThnSnkr|25\/100\n|-damage|p2b: OTLHPM|7\/100\n|-unboost|p2b: OTLHPM|spe|1\n|move|p2a: ThcrThnSnkr|Thunderbolt|p1b: Goodra\n|-activate|p1b: Goodra|move: Protect\n|move|p2b: OTLHPM|Poison Jab|p1a: Tornadus\n|-damage|p1a: Tornadus|0 fnt\n|faint|p1a: Tornadus\n|\n|-weather|RainDance|[upkeep]\n|-heal|p2b: OTLHPM|20\/100|[from] ability: Dry Skin\n|-heal|p1b: Goodra|30\/100|[from] item: Leftovers\n|-heal|p2b: OTLHPM|26\/100|[from] item: Black Sludge\n|-sideend|p1: joecheve13|move: Tailwind\n|upkeep\n|turn|17\n|c|\u2606mikeyuwu|Gg\n|\n|t:|1698004619\n|move|p2a: ThcrThnSnkr|Thunderbolt|p1b: Goodra\n|-supereffective|p1b: Goodra\n|-damage|p1b: Goodra|0 fnt\n|faint|p1b: Goodra\n|\n|win|mikeyuwu\n|raw|joecheve13's rating: 1276 &rarr; <strong>1245<\/strong><br \/>(-31 for losing)\n|raw|mikeyuwu's rating: 1184 &rarr; <strong>1215<\/strong><br \/>(+31 for winning)\n|l|\u2606joecheve13\n","uploadtime":1698004631,"views":18,"p1id":"joecheve13","p2id":"mikeyuwu","formatid":"gen9doublesou","rating":1215,"private":0,"password":""}