{"id":"gen9doublesou-1998633941","p1":"Powpow1","p2":"brax","format":"[Gen 9] Doubles OU","log":"|j|\u2606Powpow1\n|j|\u2606brax\n|t:|1700965572\n|gametype|doubles\n|player|p1|Powpow1|bellelba|1224\n|player|p2|brax|acetrainerf-gen4dp|1355\n|teamsize|p1|6\n|teamsize|p2|6\n|gen|9\n|tier|[Gen 9] Doubles OU\n|rated|\n|rule|Species Clause: Limit one of each Pok\u00e9mon\n|rule|OHKO Clause: OHKO moves are banned\n|rule|Evasion Moves Clause: Evasion moves are banned\n|rule|Gravity Sleep Clause: The combination of sleep-inducing moves with imperfect accuracy and Gravity or Gigantamax Orbeetle are banned\n|rule|Endless Battle Clause: Forcing endless battles is banned\n|rule|HP Percentage Mod: HP is shown in percentages\n|clearpoke\n|poke|p1|Wyrdeer, F|\n|poke|p1|Articuno-Galar|\n|poke|p1|Sinistcha-Masterpiece|\n|poke|p1|Kleavor, F|\n|poke|p1|Barraskewda, F|\n|poke|p1|Zapdos-Galar|\n|poke|p2|Ampharos, F|\n|poke|p2|Persian, M|\n|poke|p2|Dragonite, F|\n|poke|p2|Weavile, F|\n|poke|p2|Arcanine, F|\n|poke|p2|Scyther, M|\n|teampreview\n|inactive|Battle timer is ON: inactive players will automatically lose when time's up. (requested by Powpow1)\n|\n|t:|1700965593\n|start\n|switch|p1a: Underrated again|Zapdos-Galar|100\/100\n|switch|p1b: Rudolf!|Wyrdeer, F|100\/100\n|switch|p2a: Rogue|Persian, M|100\/100\n|switch|p2b: Alexandria|Dragonite, F|100\/100\n|-ability|p1b: Rudolf!|Intimidate|boost\n|-unboost|p2a: Rogue|atk|1\n|-unboost|p2b: Alexandria|atk|1\n|turn|1\n|\n|t:|1700965608\n|switch|p2b: Gretta|Arcanine, F|100\/100\n|-ability|p2b: Gretta|Intimidate|boost\n|-unboost|p1a: Underrated again|atk|1\n|-ability|p1a: Underrated again|Defiant|boost\n|-boost|p1a: Underrated again|atk|2\n|-enditem|p1a: Underrated again|Adrenaline Orb\n|-boost|p1a: Underrated again|spe|1|[from] item: Adrenaline Orb\n|-unboost|p1b: Rudolf!|atk|1\n|-enditem|p1b: Rudolf!|Eject Pack\n|\n|t:|1700965623\n|switch|p1b: Speedy|Barraskewda, F, shiny|100\/100\n|move|p2a: Rogue|Fake Out|p1a: Underrated again\n|-damage|p1a: Underrated again|81\/100\n|-damage|p2a: Rogue|91\/100|[from] item: Life Orb\n|cant|p1a: Underrated again|flinch\n|\n|upkeep\n|turn|2\n|\n|t:|1700965643\n|-terastallize|p1a: Underrated again|Flying\n|move|p1a: Underrated again|Acrobatics|p2b: Gretta\n|-damage|p2b: Gretta|11\/100\n|-damage|p1a: Underrated again|64\/100|[from] item: Rocky Helmet|[of] p2b: Gretta\n|move|p1b: Speedy|Acupressure|p1a: Underrated again\n|-boost|p1a: Underrated again|spa|2\n|move|p2a: Rogue|Knock Off|p1b: Speedy\n|-damage|p1b: Speedy|65\/100\n|-enditem|p1b: Speedy|Mental Herb|[from] move: Knock Off|[of] p2a: Rogue\n|-damage|p2a: Rogue|81\/100|[from] item: Life Orb\n|move|p2b: Gretta|Will-O-Wisp|p1a: Underrated again|[miss]\n|-miss|p2b: Gretta|p1a: Underrated again\n|\n|upkeep\n|turn|3\n|\n|t:|1700965664\n|move|p2b: Gretta|Extreme Speed|p1b: Speedy\n|-damage|p1b: Speedy|28\/100\n|move|p1a: Underrated again|Acrobatics|p2b: Gretta\n|-damage|p2b: Gretta|0 fnt\n|-damage|p1a: Underrated again|48\/100|[from] item: Rocky Helmet|[of] p2b: Gretta\n|faint|p2b: Gretta\n|move|p1b: Speedy|Acupressure|p1a: Underrated again\n|-boost|p1a: Underrated again|atk|2\n|move|p2a: Rogue|Aerial Ace|p1a: Underrated again\n|-damage|p1a: Underrated again|26\/100\n|-damage|p2a: Rogue|71\/100|[from] item: Life Orb\n|\n|upkeep\n|inactive|brax has 120 seconds left.\n|\n|t:|1700965683\n|switch|p2b: Princess|Weavile, F|100\/100\n|turn|4\n|\n|t:|1700965694\n|switch|p1b: Cha-Time!|Sinistcha-Masterpiece|100\/100\n|-heal|p1a: Underrated again|51\/100|[from] ability: Hospitality|[of] p1b: Cha-Time!\n|move|p2b: Princess|Fake Out|p1a: Underrated again\n|-damage|p1a: Underrated again|35\/100\n|cant|p1a: Underrated again|flinch\n|move|p2a: Rogue|U-turn|p1b: Cha-Time!\n|-damage|p1b: Cha-Time!|90\/100\n|-damage|p2a: Rogue|61\/100|[from] item: Life Orb\n|\n|t:|1700965705\n|switch|p2a: Widow|Scyther, M|100\/100|[from] U-turn\n|\n|-heal|p1b: Cha-Time!|96\/100|[from] item: Leftovers\n|upkeep\n|turn|5\n|\n|t:|1700965718\n|switch|p1b: Rudolf!|Wyrdeer, F|100\/100\n|-ability|p1b: Rudolf!|Intimidate|boost\n|-unboost|p2a: Widow|atk|1\n|-unboost|p2b: Princess|atk|1\n|move|p1a: Underrated again|Protect|p1a: Underrated again\n|-singleturn|p1a: Underrated again|Protect\n|move|p2b: Princess|Ice Shard|p1a: Underrated again\n|-activate|p1a: Underrated again|move: Protect\n|move|p2a: Widow|Dual Wingbeat|p1b: Rudolf!\n|-damage|p1b: Rudolf!|84\/100\n|-damage|p1b: Rudolf!|65\/100\n|-hitcount|p1b: Rudolf!|2\n|\n|upkeep\n|turn|6\n|\n|t:|1700965740\n|switch|p1b: Cha-Time!|Sinistcha-Masterpiece|96\/100\n|-heal|p1a: Underrated again|60\/100|[from] ability: Hospitality|[of] p1b: Cha-Time!\n|move|p1a: Underrated again|Acrobatics|p2a: Widow\n|-supereffective|p2a: Widow\n|-damage|p2a: Widow|0 fnt\n|faint|p2a: Widow\n|move|p2b: Princess|Ice Spinner|p1a: Underrated again\n|-supereffective|p1a: Underrated again\n|-damage|p1a: Underrated again|0 fnt\n|faint|p1a: Underrated again\n|\n|-heal|p1b: Cha-Time!|100\/100|[from] item: Leftovers\n|upkeep\n|\n|t:|1700965764\n|switch|p2a: Rogue|Persian, M|61\/100\n|switch|p1a: Underrated|Articuno-Galar|100\/100\n|turn|7\n|\n|t:|1700965786\n|switch|p1b: Rudolf!|Wyrdeer, F|65\/100\n|-ability|p1b: Rudolf!|Intimidate|boost\n|-unboost|p2a: Rogue|atk|1\n|-unboost|p2b: Princess|atk|1\n|move|p1a: Underrated|Protect|p1a: Underrated\n|-singleturn|p1a: Underrated|Protect\n|move|p2a: Rogue|Knock Off|p1a: Underrated\n|-activate|p1a: Underrated|move: Protect\n|move|p2b: Princess|Ice Spinner|p1a: Underrated\n|-activate|p1a: Underrated|move: Protect\n|\n|upkeep\n|turn|8\n|\n|t:|1700965802\n|switch|p2b: Mary|Ampharos, F|100\/100\n|move|p2a: Rogue|U-turn|p1b: Rudolf!\n|-supereffective|p1b: Rudolf!\n|-crit|p1b: Rudolf!\n|-damage|p1b: Rudolf!|9\/100\n|-damage|p2a: Rogue|51\/100|[from] item: Life Orb\n|\n|t:|1700965810\n|switch|p2a: Alexandria|Dragonite, F|100\/100|[from] U-turn\n|move|p1a: Underrated|Calm Mind|p1a: Underrated\n|-boost|p1a: Underrated|spa|1\n|-boost|p1a: Underrated|spd|1\n|move|p1b: Rudolf!|Skill Swap|p2a: Alexandria\n|-activate|p1b: Rudolf!|move: Skill Swap|Multiscale|Intimidate|[of] p2a: Alexandria\n|-ability|p2a: Alexandria|Intimidate|boost\n|-unboost|p1a: Underrated|atk|1\n|-ability|p1a: Underrated|Competitive|boost\n|-boost|p1a: Underrated|spa|2\n|-enditem|p1a: Underrated|Adrenaline Orb\n|-boost|p1a: Underrated|spe|1|[from] item: Adrenaline Orb\n|-unboost|p1b: Rudolf!|atk|1\n|\n|upkeep\n|turn|9\n|\n|t:|1700965830\n|switch|p1b: Mega|Kleavor, F|100\/100\n|-terastallize|p2a: Alexandria|Steel\n|move|p1a: Underrated|Protect|p1a: Underrated\n|-singleturn|p1a: Underrated|Protect\n|move|p2a: Alexandria|Iron Head|p1a: Underrated\n|-activate|p1a: Underrated|move: Protect\n|move|p2b: Mary|Charge|p2b: Mary\n|-boost|p2b: Mary|spd|1\n|-start|p2b: Mary|Charge\n|\n|upkeep\n|turn|10\n|\n|t:|1700965846\n|move|p1a: Underrated|Stored Power|p2b: Mary\n|-damage|p2b: Mary|0 fnt\n|faint|p2b: Mary\n|move|p1b: Mega|Tailwind|p1b: Mega\n|-sidestart|p1: Powpow1|move: Tailwind\n|move|p2a: Alexandria|Iron Head|p1b: Mega\n|-supereffective|p1b: Mega\n|-enditem|p1b: Mega|Focus Sash\n|-damage|p1b: Mega|1\/100\n|\n|upkeep\n|\n|t:|1700965857\n|switch|p2b: Rogue|Persian, M|51\/100\n|turn|11\n|\n|t:|1700965863\n|move|p1a: Underrated|Protect|p1a: Underrated\n|-singleturn|p1a: Underrated|Protect\n|move|p1b: Mega|Protect|p1b: Mega\n|-singleturn|p1b: Mega|Protect\n|move|p2b: Rogue|Fake Out|p1a: Underrated\n|-activate|p1a: Underrated|move: Protect\n|move|p2a: Alexandria|Extreme Speed|p1b: Mega\n|-activate|p1b: Mega|move: Protect\n|\n|upkeep\n|turn|12\n|\n|t:|1700965879\n|switch|p1b: Cha-Time!|Sinistcha-Masterpiece|100\/100\n|move|p1a: Underrated|Stored Power|p2b: Rogue\n|-damage|p2b: Rogue|0 fnt\n|faint|p2b: Rogue\n|move|p2a: Alexandria|Iron Head|p1a: Underrated\n|-damage|p1a: Underrated|40\/100\n|\n|upkeep\n|\n|t:|1700965888\n|switch|p2b: Princess|Weavile, F|100\/100\n|turn|13\n|\n|t:|1700965895\n|move|p1b: Cha-Time!|Rage Powder|p1b: Cha-Time!\n|-singleturn|p1b: Cha-Time!|move: Rage Powder\n|move|p1a: Underrated|Stored Power|p2a: Alexandria\n|-resisted|p2a: Alexandria\n|-damage|p2a: Alexandria|33\/100\n|move|p2b: Princess|Knock Off|p1b: Cha-Time!\n|-supereffective|p1b: Cha-Time!\n|-damage|p1b: Cha-Time!|32\/100\n|-enditem|p1b: Cha-Time!|Leftovers|[from] move: Knock Off|[of] p2b: Princess\n|move|p2a: Alexandria|Iron Head|p1b: Cha-Time!\n|-damage|p1b: Cha-Time!|0 fnt\n|faint|p1b: Cha-Time!\n|\n|-sideend|p1: Powpow1|move: Tailwind\n|upkeep\n|\n|t:|1700965907\n|switch|p1b: Speedy|Barraskewda, F, shiny|28\/100\n|turn|14\n|\n|t:|1700965916\n|move|p2a: Alexandria|Extreme Speed|p1b: Speedy\n|-damage|p1b: Speedy|0 fnt\n|faint|p1b: Speedy\n|move|p2b: Princess|Ice Shard|p1a: Underrated\n|-supereffective|p1a: Underrated\n|-damage|p1a: Underrated|0 fnt\n|faint|p1a: Underrated\n|\n|upkeep\n|\n|t:|1700965925\n|switch|p1b: Mega|Kleavor, F|1\/100\n|switch|p1a: Rudolf!|Wyrdeer, F|9\/100\n|-ability|p1a: Rudolf!|Intimidate|boost\n|-unboost|p2a: Alexandria|atk|1\n|-unboost|p2b: Princess|atk|1\n|turn|15\n|\n|t:|1700965938\n|move|p2a: Alexandria|Extreme Speed|p1b: Mega\n|-resisted|p1b: Mega\n|-damage|p1b: Mega|0 fnt\n|faint|p1b: Mega\n|move|p2b: Princess|Ice Shard|p1a: Rudolf!\n|-damage|p1a: Rudolf!|0 fnt\n|faint|p1a: Rudolf!\n|\n|win|brax\n|raw|Powpow1's rating: 1224 &rarr; <strong>1208<\/strong><br \/>(-16 for losing)\n|raw|brax's rating: 1355 &rarr; <strong>1368<\/strong><br \/>(+13 for winning)\n","uploadtime":1700965948,"views":6,"p1id":"powpow1","p2id":"brax","formatid":"gen9doublesou","rating":1208,"private":0,"password":""}