{"id":"gen9doublesou-1983320669","p1":"KingMeruem04","p2":"Deriverse","format":"[Gen 9] Doubles OU","log":"|j|\u2606KingMeruem04\n|j|\u2606Deriverse\n|t:|1699117906\n|gametype|doubles\n|player|p1|KingMeruem04|ethan|1488\n|player|p2|Deriverse|roxanne|1493\n|teamsize|p1|6\n|teamsize|p2|6\n|gen|9\n|tier|[Gen 9] Doubles OU\n|rated|\n|rule|Species Clause: Limit one of each Pok\u00e9mon\n|rule|OHKO Clause: OHKO moves are banned\n|rule|Evasion Moves Clause: Evasion moves are banned\n|rule|Gravity Sleep Clause: The combination of sleep-inducing moves with imperfect accuracy and Gravity or Gigantamax Orbeetle are banned\n|rule|Endless Battle Clause: Forcing endless battles is banned\n|rule|HP Percentage Mod: HP is shown in percentages\n|clearpoke\n|poke|p1|Dudunsparce-*, M|\n|poke|p1|Maushold-Four|\n|poke|p1|Flamigo, M|\n|poke|p1|Kingambit, M|\n|poke|p1|Dragonite, M|\n|poke|p1|Samurott-Hisui, M|\n|poke|p2|Golem-Alola, M|\n|poke|p2|Probopass, M|\n|poke|p2|Farigiraf, F|\n|poke|p2|Amoonguss, F|\n|poke|p2|Iron Hands|\n|poke|p2|Kingambit, M|\n|teampreview\n|inactive|Battle timer is ON: inactive players will automatically lose when time's up. (requested by KingMeruem04)\n|inactive|Deriverse has 120 seconds left.\n|inactive|Deriverse has 90 seconds left.\n|\n|t:|1699117991\n|start\n|switch|p1a: Dudunsparce|Dudunsparce-Three-Segment, M|100\/100\n|switch|p1b: Maushold|Maushold-Four|100\/100\n|switch|p2a: Amoonguss|Amoonguss, F|100\/100\n|switch|p2b: Probopass|Probopass, M, shiny|100\/100\n|-item|p2b: Probopass|Air Balloon\n|turn|1\n|inactive|KingMeruem04 has 120 seconds left.\n|\n|t:|1699118021\n|-terastallize|p1a: Dudunsparce|Psychic\n|move|p1b: Maushold|Taunt|p2b: Probopass\n|-start|p2b: Probopass|move: Taunt\n|move|p1a: Dudunsparce|Coil|p1a: Dudunsparce\n|-boost|p1a: Dudunsparce|atk|1\n|-boost|p1a: Dudunsparce|def|1\n|-boost|p1a: Dudunsparce|accuracy|1\n|cant|p2b: Probopass|move: Taunt|Stealth Rock\n|move|p2a: Amoonguss|Spore|p1b: Maushold\n|-status|p1b: Maushold|slp|[from] move: Spore\n|\n|upkeep\n|turn|2\n|\n|t:|1699118037\n|cant|p1b: Maushold|slp\n|move|p1a: Dudunsparce|Coil|p1a: Dudunsparce\n|-boost|p1a: Dudunsparce|atk|1\n|-boost|p1a: Dudunsparce|def|1\n|-boost|p1a: Dudunsparce|accuracy|1\n|move|p2b: Probopass|Power Gem|p1b: Maushold\n|-damage|p1b: Maushold|62\/100 slp\n|move|p2a: Amoonguss|Clear Smog|p1a: Dudunsparce\n|-damage|p1a: Dudunsparce|89\/100\n|-clearboost|p1a: Dudunsparce\n|\n|upkeep\n|turn|3\n|\n|t:|1699118052\n|-curestatus|p1b: Maushold|slp|[msg]\n|move|p1b: Maushold|Beat Up|p1a: Dudunsparce\n|-supereffective|p1a: Dudunsparce\n|-damage|p1a: Dudunsparce|87\/100\n|-ability|p1a: Dudunsparce|Rattled|boost\n|-boost|p1a: Dudunsparce|spe|1\n|-enditem|p1a: Dudunsparce|Weakness Policy\n|-boost|p1a: Dudunsparce|atk|2|[from] item: Weakness Policy\n|-boost|p1a: Dudunsparce|spa|2|[from] item: Weakness Policy\n|-supereffective|p1a: Dudunsparce\n|-damage|p1a: Dudunsparce|84\/100\n|-ability|p1a: Dudunsparce|Rattled|boost\n|-boost|p1a: Dudunsparce|spe|1\n|-supereffective|p1a: Dudunsparce\n|-damage|p1a: Dudunsparce|81\/100\n|-ability|p1a: Dudunsparce|Rattled|boost\n|-boost|p1a: Dudunsparce|spe|1\n|-supereffective|p1a: Dudunsparce\n|-damage|p1a: Dudunsparce|77\/100\n|-ability|p1a: Dudunsparce|Rattled|boost\n|-boost|p1a: Dudunsparce|spe|1\n|-supereffective|p1a: Dudunsparce\n|-damage|p1a: Dudunsparce|74\/100\n|-ability|p1a: Dudunsparce|Rattled|boost\n|-boost|p1a: Dudunsparce|spe|1\n|-supereffective|p1a: Dudunsparce\n|-damage|p1a: Dudunsparce|71\/100\n|-ability|p1a: Dudunsparce|Rattled|boost\n|-boost|p1a: Dudunsparce|spe|1\n|-hitcount|p1a: Dudunsparce|6\n|move|p1a: Dudunsparce|Coil|p1a: Dudunsparce\n|-boost|p1a: Dudunsparce|atk|1\n|-boost|p1a: Dudunsparce|def|1\n|-boost|p1a: Dudunsparce|accuracy|1\n|move|p2b: Probopass|Power Gem|p1b: Maushold\n|-damage|p1b: Maushold|24\/100\n|move|p2a: Amoonguss|Spore|p1a: Dudunsparce\n|-status|p1a: Dudunsparce|slp|[from] move: Spore\n|\n|-end|p2b: Probopass|move: Taunt\n|upkeep\n|turn|4\n|inactive|KingMeruem04 has 120 seconds left.\n|inactive|Deriverse has 120 seconds left.\n|\n|t:|1699118088\n|move|p1b: Maushold|Follow Me|p1b: Maushold\n|-singleturn|p1b: Maushold|move: Follow Me\n|cant|p1a: Dudunsparce|slp\n|move|p2b: Probopass|Power Gem|p1b: Maushold\n|-crit|p1b: Maushold\n|-damage|p1b: Maushold|0 fnt\n|faint|p1b: Maushold\n|move|p2a: Amoonguss|Clear Smog|p1a: Dudunsparce\n|-damage|p1a: Dudunsparce|55\/100 slp\n|-clearboost|p1a: Dudunsparce\n|\n|upkeep\n|\n|t:|1699118102\n|switch|p1b: Flamigo|Flamigo, M|100\/100\n|-copyboost|p1b: Flamigo|p1a: Dudunsparce|[from] ability: Costar\n|turn|5\n|\n|t:|1699118112\n|switch|p2a: Golem|Golem-Alola, M|100\/100\n|-item|p2a: Golem|Air Balloon\n|move|p1b: Flamigo|Detect|p1b: Flamigo\n|-singleturn|p1b: Flamigo|Protect\n|cant|p1a: Dudunsparce|slp\n|move|p2b: Probopass|Thunder Wave|p1b: Flamigo\n|-activate|p1b: Flamigo|move: Protect\n|\n|upkeep\n|turn|6\n|\n|t:|1699118128\n|move|p1b: Flamigo|Close Combat|p2b: Probopass\n|-supereffective|p2b: Probopass\n|-ability|p2b: Probopass|Sturdy\n|-damage|p2b: Probopass|1\/100\n|-unboost|p1b: Flamigo|def|1\n|-unboost|p1b: Flamigo|spd|1\n|-enditem|p2b: Probopass|Air Balloon\n|cant|p1a: Dudunsparce|slp\n|move|p2a: Golem|Explosion|p1b: Flamigo|[spread] p2b,p1a,p1b\n|-supereffective|p1b: Flamigo\n|-damage|p2b: Probopass|0 fnt\n|-damage|p1a: Dudunsparce|0 fnt\n|-enditem|p1b: Flamigo|Focus Sash\n|-damage|p1b: Flamigo|1\/100\n|faint|p2a: Golem\n|faint|p2b: Probopass\n|faint|p1a: Dudunsparce\n|\n|upkeep\n|inactive|Deriverse has 120 seconds left.\n|\n|t:|1699118160\n|switch|p1a: Samurott|Samurott-Hisui, M|100\/100\n|switch|p2a: Kingambit|Kingambit, M|100\/100\n|switch|p2b: Amoonguss|Amoonguss, F|100\/100\n|-activate|p2a: Kingambit|ability: Supreme Overlord\n|-start|p2a: Kingambit|fallen2|[silent]\n|turn|7\n|\n|t:|1699118170\n|move|p2b: Amoonguss|Rage Powder|p2b: Amoonguss\n|-singleturn|p2b: Amoonguss|move: Rage Powder\n|move|p2a: Kingambit|Sucker Punch|p1b: Flamigo\n|-resisted|p1b: Flamigo\n|-damage|p1b: Flamigo|0 fnt\n|faint|p1b: Flamigo\n|move|p1a: Samurott|Sacred Sword|p2b: Amoonguss\n|-resisted|p2b: Amoonguss\n|-damage|p2b: Amoonguss|81\/100\n|\n|-heal|p2b: Amoonguss|87\/100|[from] item: Leftovers\n|upkeep\n|\n|t:|1699118181\n|switch|p1b: Dragonite|Dragonite, M|100\/100\n|turn|8\n|\n|t:|1699118190\n|-end|p2a: Kingambit|fallen2|[silent]\n|switch|p2a: Iron Hands|Iron Hands|100\/100\n|move|p1a: Samurott|Sacred Sword|p2a: Iron Hands\n|-damage|p2a: Iron Hands|74\/100\n|move|p1b: Dragonite|Ice Spinner|p2b: Amoonguss\n|-supereffective|p2b: Amoonguss\n|-damage|p2b: Amoonguss|20\/100\n|move|p2b: Amoonguss|Spore|p1b: Dragonite\n|-status|p1b: Dragonite|slp|[from] move: Spore\n|\n|-heal|p2a: Iron Hands|81\/100|[from] item: Leftovers\n|-heal|p2b: Amoonguss|26\/100|[from] item: Leftovers\n|upkeep\n|turn|9\n|\n|t:|1699118216\n|move|p1a: Samurott|Ceaseless Edge|p2b: Amoonguss\n|-damage|p2b: Amoonguss|0 fnt\n|-sidestart|p2: Deriverse|Spikes\n|faint|p2b: Amoonguss\n|cant|p1b: Dragonite|slp\n|move|p2a: Iron Hands|Drain Punch|p1a: Samurott\n|-supereffective|p1a: Samurott\n|-damage|p1a: Samurott|0 fnt\n|-heal|p2a: Iron Hands|100\/100|[from] drain|[of] p1a: Samurott\n|faint|p1a: Samurott\n|\n|upkeep\n|\n|t:|1699118228\n|switch|p1a: Kingambit|Kingambit, M|100\/100\n|switch|p2b: Kingambit|Kingambit, M|100\/100\n|-activate|p1a: Kingambit|ability: Supreme Overlord\n|-start|p1a: Kingambit|fallen4|[silent]\n|-damage|p2b: Kingambit|88\/100|[from] Spikes\n|-activate|p2b: Kingambit|ability: Supreme Overlord\n|-start|p2b: Kingambit|fallen3|[silent]\n|turn|10\n|inactive|KingMeruem04 has 120 seconds left.\n|\n|t:|1699118262\n|-terastallize|p2b: Kingambit|Dark\n|-curestatus|p1b: Dragonite|slp|[msg]\n|move|p1b: Dragonite|Dragon Claw|p2a: Iron Hands\n|-crit|p2a: Iron Hands\n|-damage|p2a: Iron Hands|60\/100\n|move|p1a: Kingambit|Iron Head|p2a: Iron Hands\n|-resisted|p2a: Iron Hands\n|-damage|p2a: Iron Hands|32\/100\n|-damage|p1a: Kingambit|91\/100|[from] item: Life Orb\n|move|p2b: Kingambit|Kowtow Cleave|p1b: Dragonite\n|-damage|p1b: Dragonite|57\/100\n|move|p2a: Iron Hands|Drain Punch|p1a: Kingambit\n|-supereffective|p1a: Kingambit\n|-damage|p1a: Kingambit|0 fnt\n|-heal|p2a: Iron Hands|65\/100|[from] drain|[of] p1a: Kingambit\n|faint|p1a: Kingambit\n|-end|p1a: Kingambit|fallen4|[silent]\n|\n|-heal|p2a: Iron Hands|71\/100|[from] item: Leftovers\n|-heal|p2b: Kingambit|94\/100|[from] item: Leftovers\n|upkeep\n|turn|11\n|-message|KingMeruem04 forfeited.\n|\n|win|Deriverse\n|raw|KingMeruem04's rating: 1488 &rarr; <strong>1468<\/strong><br \/>(-20 for losing)\n|raw|Deriverse's rating: 1493 &rarr; <strong>1513<\/strong><br \/>(+20 for winning)\n|l|\u2606KingMeruem04\n|l|\u2606Deriverse\n|j|\u2606Deriverse\n|player|p2|Deriverse|roxanne\n","uploadtime":1699118769,"views":10,"p1id":"kingmeruem04","p2id":"deriverse","formatid":"gen9doublesou","rating":1468,"private":0,"password":""}