{"id":"gen9doublesou-1975060488","p1":"Hambone00","p2":"ChimeBliss","format":"[Gen 9] Doubles OU","log":"|j|\u2606Hambone00\n|j|\u2606ChimeBliss\n|t:|1698158793\n|gametype|doubles\n|player|p1|Hambone00|n|1413\n|player|p2|ChimeBliss|dawn-gen4pt|1405\n|teamsize|p1|6\n|teamsize|p2|6\n|gen|9\n|tier|[Gen 9] Doubles OU\n|rated|\n|rule|Species Clause: Limit one of each Pok\u00e9mon\n|rule|OHKO Clause: OHKO moves are banned\n|rule|Evasion Moves Clause: Evasion moves are banned\n|rule|Gravity Sleep Clause: The combination of sleep-inducing moves with imperfect accuracy and Gravity or Gigantamax Orbeetle are banned\n|rule|Endless Battle Clause: Forcing endless battles is banned\n|rule|HP Percentage Mod: HP is shown in percentages\n|clearpoke\n|poke|p1|Slaking, M|\n|poke|p1|Weezing-Galar, M|\n|poke|p1|Milotic, F|\n|poke|p1|Arcanine-Hisui, M|\n|poke|p1|Arboliva, F|\n|poke|p1|Chandelure, F|\n|poke|p2|Chien-Pao|\n|poke|p2|Tornadus, M|\n|poke|p2|Dragonite, F|\n|poke|p2|Chi-Yu|\n|poke|p2|Flutter Mane|\n|poke|p2|Landorus, M|\n|teampreview\n|inactive|Battle timer is ON: inactive players will automatically lose when time's up. (requested by ChimeBliss)\n|\n|t:|1698158808\n|start\n|switch|p1a: Weezing|Weezing-Galar, M|100\/100\n|switch|p1b: Slaking|Slaking, M|100\/100\n|switch|p2a: Tornadus|Tornadus, M|100\/100\n|switch|p2b: Landorus|Landorus, M|100\/100\n|-ability|p1a: Weezing|Neutralizing Gas\n|turn|1\n|\n|t:|1698158828\n|move|p2a: Tornadus|Bleakwind Storm|p1a: Weezing|[spread] p1b\n|-miss|p2a: Tornadus|p1a: Weezing\n|-damage|p1b: Slaking|62\/100\n|move|p2b: Landorus|Earth Power|p1b: Slaking\n|-damage|p1b: Slaking|11\/100\n|-damage|p2b: Landorus|91\/100|[from] item: Life Orb\n|move|p1b: Slaking|Knock Off|p2b: Landorus\n|-damage|p2b: Landorus|36\/100\n|-enditem|p2b: Landorus|Life Orb|[from] move: Knock Off|[of] p1b: Slaking\n|move|p1a: Weezing|Taunt|p2a: Tornadus\n|-start|p2a: Tornadus|move: Taunt\n|\n|upkeep\n|turn|2\n|\n|t:|1698158851\n|move|p2a: Tornadus|Bleakwind Storm|p1a: Weezing|[spread] p1b\n|-miss|p2a: Tornadus|p1a: Weezing\n|-damage|p1b: Slaking|0 fnt\n|faint|p1b: Slaking\n|move|p2b: Landorus|Earth Power|p1a: Weezing\n|-supereffective|p1a: Weezing\n|-damage|p1a: Weezing|25\/100\n|move|p1a: Weezing|Strange Steam|p2b: Landorus\n|-damage|p2b: Landorus|1\/100\n|\n|-heal|p1a: Weezing|31\/100|[from] item: Leftovers\n|upkeep\n|inactive|Hambone00 has 120 seconds left.\n|\n|t:|1698158876\n|switch|p1b: Arcanine|Arcanine-Hisui, M, shiny|100\/100\n|turn|3\n|\n|t:|1698158885\n|-terastallize|p1b: Arcanine|Flying\n|move|p2a: Tornadus|Bleakwind Storm|p1a: Weezing|[spread] p1a\n|-miss|p2a: Tornadus|p1b: Arcanine\n|-damage|p1a: Weezing|0 fnt\n|faint|p1a: Weezing\n|-end|p1a: Weezing|ability: Neutralizing Gas\n|-ability|p1b: Arcanine|Intimidate|boost\n|-unboost|p2a: Tornadus|atk|1\n|-unboost|p2b: Landorus|atk|1\n|move|p2b: Landorus|Earth Power|p1b: Arcanine\n|-immune|p1b: Arcanine\n|move|p1b: Arcanine|Wild Charge|p2a: Tornadus\n|-supereffective|p2a: Tornadus\n|-enditem|p2a: Tornadus|Focus Sash\n|-damage|p2a: Tornadus|1\/100\n|-damage|p1b: Arcanine|78\/100|[from] Recoil\n|\n|upkeep\n|\n|t:|1698158901\n|switch|p1a: Chandelure|Chandelure, F, shiny|100\/100\n|turn|4\n|\n|t:|1698158912\n|switch|p1b: Milotic|Milotic, F, shiny|100\/100\n|move|p1a: Chandelure|Heat Wave|p2a: Tornadus|[spread] p2a\n|-miss|p1a: Chandelure|p2b: Landorus\n|-damage|p2a: Tornadus|0 fnt\n|faint|p2a: Tornadus\n|move|p2b: Landorus|Earth Power|p1a: Chandelure\n|-supereffective|p1a: Chandelure\n|-damage|p1a: Chandelure|0 fnt\n|faint|p1a: Chandelure\n|\n|upkeep\n|\n|t:|1698158927\n|switch|p2a: Flutter Mane|Flutter Mane|100\/100\n|switch|p1a: Arcanine|Arcanine-Hisui, M, shiny, tera:Flying|78\/100\n|-ability|p1a: Arcanine|Intimidate|boost\n|-unboost|p2a: Flutter Mane|atk|1\n|-unboost|p2b: Landorus|atk|1\n|turn|5\n|\n|t:|1698158939\n|-terastallize|p2a: Flutter Mane|Fairy\n|move|p2a: Flutter Mane|Dazzling Gleam|p1b: Milotic|[spread] p1a,p1b\n|-damage|p1a: Arcanine|0 fnt\n|-damage|p1b: Milotic|55\/100\n|faint|p1a: Arcanine\n|move|p2b: Landorus|Sludge Bomb|p1b: Milotic\n|-damage|p1b: Milotic|29\/100\n|move|p1b: Milotic|Scald|p2a: Flutter Mane\n|-damage|p2a: Flutter Mane|59\/100\n|\n|upkeep\n|\n|t:|1698158949\n|switch|p1a: Arboliva|Arboliva, F|100\/100\n|turn|6\n|\n|t:|1698158958\n|move|p2a: Flutter Mane|Dazzling Gleam|p1b: Milotic|[spread] p1a,p1b\n|-damage|p1a: Arboliva|58\/100\n|-damage|p1b: Milotic|0 fnt\n|faint|p1b: Milotic\n|move|p2b: Landorus|Sludge Bomb|p1a: Arboliva\n|-supereffective|p1a: Arboliva\n|-damage|p1a: Arboliva|12\/100\n|-enditem|p1a: Arboliva|Aguav Berry|[eat]\n|-heal|p1a: Arboliva|46\/100|[from] item: Aguav Berry\n|move|p1a: Arboliva|Leech Seed|p2a: Flutter Mane\n|-start|p2a: Flutter Mane|move: Leech Seed\n|\n|-damage|p2a: Flutter Mane|47\/100|[from] Leech Seed|[of] p1a: Arboliva\n|-heal|p1a: Arboliva|54\/100|[silent]\n|-item|p1a: Arboliva|Aguav Berry|[from] ability: Harvest\n|upkeep\n|turn|7\n|-message|Hambone00 forfeited.\n|\n|win|ChimeBliss\n|raw|Hambone00's rating: 1413 &rarr; <strong>1393<\/strong><br \/>(-20 for losing)\n|raw|ChimeBliss's rating: 1405 &rarr; <strong>1425<\/strong><br \/>(+20 for winning)\n|l|\u2606Hambone00\n","uploadtime":1698158967,"views":10,"p1id":"hambone00","p2id":"chimebliss","formatid":"gen9doublesou","rating":1393,"private":0,"password":""}