{"id":"gen9doublesou-1981273929","p1":"kagrin","p2":"Leaguespinsir3.0","format":"[Gen 9] Doubles OU","log":"|j|\u2606kagrin\n|j|\u2606Leaguespinsir3.0\n|t:|1698878637\n|gametype|doubles\n|player|p1|kagrin|hiker-gen4|\n|player|p2|Leaguespinsir3.0|101|\n|teamsize|p1|6\n|teamsize|p2|6\n|gen|9\n|tier|[Gen 9] Doubles OU\n|rule|Species Clause: Limit one of each Pok\u00e9mon\n|rule|OHKO Clause: OHKO moves are banned\n|rule|Evasion Moves Clause: Evasion moves are banned\n|rule|Gravity Sleep Clause: The combination of sleep-inducing moves with imperfect accuracy and Gravity or Gigantamax Orbeetle are banned\n|rule|Endless Battle Clause: Forcing endless battles is banned\n|rule|HP Percentage Mod: HP is shown in percentages\n|clearpoke\n|poke|p1|Flutter Mane|\n|poke|p1|Garganacl, M|\n|poke|p1|Mew|\n|poke|p1|Breloom, M|\n|poke|p1|Grimmsnarl, M|\n|poke|p1|Volcanion|\n|poke|p2|Roaring Moon|\n|poke|p2|Tyranitar, F|\n|poke|p2|Vikavolt, F|\n|poke|p2|Houndoom, F|\n|poke|p2|Goodra-Hisui, M|\n|poke|p2|Torterra, F|\n|teampreview\n|\n|t:|1698878665\n|start\n|switch|p1a: Grimmsnarl|Grimmsnarl, M, shiny|100\/100\n|switch|p1b: Breloom|Breloom, M, shiny|100\/100\n|switch|p2a: Houndoom|Houndoom, F|100\/100\n|switch|p2b: Goodra|Goodra-Hisui, M|100\/100\n|turn|1\n|\n|t:|1698878685\n|move|p1b: Breloom|Mach Punch|p2a: Houndoom\n|-supereffective|p2a: Houndoom\n|-damage|p2a: Houndoom|0 fnt\n|faint|p2a: Houndoom\n|move|p1a: Grimmsnarl|Light Screen|p1a: Grimmsnarl\n|-sidestart|p1: kagrin|move: Light Screen\n|move|p2b: Goodra|Flamethrower|p1a: Grimmsnarl\n|-damage|p1a: Grimmsnarl|83\/100\n|\n|upkeep\n|\n|t:|1698878695\n|switch|p2a: Vikavolt|Vikavolt, F|100\/100\n|turn|2\n|j| Redzone92\n|\n|t:|1698878717\n|move|p1b: Breloom|Mach Punch|p2b: Goodra\n|-supereffective|p2b: Goodra\n|-damage|p2b: Goodra|49\/100\n|move|p1a: Grimmsnarl|Reflect|p1a: Grimmsnarl\n|-sidestart|p1: kagrin|Reflect\n|move|p2b: Goodra|Flash Cannon|p1b: Breloom\n|-damage|p1b: Breloom|70\/100\n|move|p2a: Vikavolt|Poison Jab|p1a: Grimmsnarl\n|-supereffective|p1a: Grimmsnarl\n|-damage|p1a: Grimmsnarl|60\/100\n|-status|p1a: Grimmsnarl|psn\n|\n|-heal|p2b: Goodra|55\/100|[from] item: Leftovers\n|-damage|p1a: Grimmsnarl|48\/100 psn|[from] psn\n|upkeep\n|turn|3\n|\n|t:|1698878753\n|switch|p2a: Roaring Moon|Roaring Moon|100\/100\n|-enditem|p2a: Roaring Moon|Booster Energy\n|-activate|p2a: Roaring Moon|ability: Protosynthesis|[fromitem]\n|-start|p2a: Roaring Moon|protosynthesisspe\n|move|p1b: Breloom|Bullet Seed|p2b: Goodra\n|-resisted|p2b: Goodra\n|-damage|p2b: Goodra|51\/100\n|-resisted|p2b: Goodra\n|-damage|p2b: Goodra|47\/100\n|-resisted|p2b: Goodra\n|-damage|p2b: Goodra|43\/100\n|-resisted|p2b: Goodra\n|-damage|p2b: Goodra|39\/100\n|-resisted|p2b: Goodra\n|-damage|p2b: Goodra|35\/100\n|-hitcount|p2b: Goodra|5\n|move|p1a: Grimmsnarl|Play Rough|p2a: Roaring Moon\n|-supereffective|p2a: Roaring Moon\n|-damage|p2a: Roaring Moon|0 fnt\n|faint|p2a: Roaring Moon\n|-end|p2a: Roaring Moon|Protosynthesis|[silent]\n|move|p2b: Goodra|Flamethrower|p1b: Breloom\n|-supereffective|p1b: Breloom\n|-damage|p1b: Breloom|26\/100\n|\n|-heal|p2b: Goodra|41\/100|[from] item: Leftovers\n|-damage|p1a: Grimmsnarl|35\/100 psn|[from] psn\n|upkeep\n|\n|t:|1698878784\n|switch|p2a: Torterra|Torterra, F|100\/100\n|turn|4\n|\n|t:|1698878808\n|move|p1b: Breloom|Mach Punch|p2b: Goodra\n|-supereffective|p2b: Goodra\n|-damage|p2b: Goodra|0 fnt\n|faint|p2b: Goodra\n|move|p2a: Torterra|Seed Bomb|p1a: Grimmsnarl\n|-damage|p1a: Grimmsnarl|3\/100 psn\n|move|p1a: Grimmsnarl|Play Rough|p2a: Torterra\n|-damage|p2a: Torterra|54\/100\n|\n|-damage|p1a: Grimmsnarl|0 fnt|[from] psn\n|faint|p1a: Grimmsnarl\n|upkeep\n|\n|t:|1698878824\n|switch|p1a: Volcanion|Volcanion|100\/100\n|switch|p2b: Tyranitar|Tyranitar, F|100\/100\n|-weather|Sandstorm|[from] ability: Sand Stream|[of] p2b: Tyranitar\n|turn|5\n|\n|t:|1698878848\n|move|p1b: Breloom|Mach Punch|p2b: Tyranitar\n|-supereffective|p2b: Tyranitar\n|-damage|p2b: Tyranitar|0 fnt\n|faint|p2b: Tyranitar\n|move|p2a: Torterra|Headlong Rush|p1a: Volcanion\n|-supereffective|p1a: Volcanion\n|-damage|p1a: Volcanion|37\/100\n|-unboost|p2a: Torterra|def|1\n|-unboost|p2a: Torterra|spd|1\n|move|p1a: Volcanion|Sunny Day|p1a: Volcanion\n|-weather|SunnyDay\n|\n|-weather|SunnyDay|[upkeep]\n|upkeep\n|\n|t:|1698878866\n|switch|p2b: Vikavolt|Vikavolt, F|100\/100\n|turn|6\n|\n|t:|1698878889\n|move|p2a: Torterra|Headlong Rush|p1a: Volcanion\n|-supereffective|p1a: Volcanion\n|-damage|p1a: Volcanion|0 fnt\n|-unboost|p2a: Torterra|def|1\n|-unboost|p2a: Torterra|spd|1\n|faint|p1a: Volcanion\n|move|p1b: Breloom|Bullet Seed|p2a: Torterra\n|-damage|p2a: Torterra|10\/100\n|-damage|p2a: Torterra|0 fnt\n|faint|p2a: Torterra\n|-hitcount|p2: Torterra|2\n|move|p2b: Vikavolt|Thunderbolt|p1b: Breloom\n|-resisted|p1b: Breloom\n|-damage|p1b: Breloom|0 fnt\n|faint|p1b: Breloom\n|\n|-weather|SunnyDay|[upkeep]\n|upkeep\n|\n|t:|1698878906\n|switch|p1b: Flutter Mane|Flutter Mane|100\/100\n|switch|p1a: Garganacl|Garganacl, M, shiny|100\/100\n|-activate|p1b: Flutter Mane|ability: Protosynthesis\n|-start|p1b: Flutter Mane|protosynthesisspe\n|turn|7\n|\n|t:|1698878917\n|move|p1b: Flutter Mane|Moonblast|p2b: Vikavolt\n|-damage|p2b: Vikavolt|48\/100\n|move|p2b: Vikavolt|Thunderbolt|p1a: Garganacl\n|-damage|p1a: Garganacl|46\/100\n|move|p1a: Garganacl|Salt Cure|p2b: Vikavolt\n|-supereffective|p2b: Vikavolt\n|-damage|p2b: Vikavolt|21\/100\n|-start|p2b: Vikavolt|Salt Cure\n|\n|-weather|SunnyDay|[upkeep]\n|-heal|p1a: Garganacl|52\/100|[from] item: Leftovers\n|-damage|p2b: Vikavolt|9\/100|[from] Salt Cure\n|upkeep\n|turn|8\n|\n|t:|1698878938\n|move|p1b: Flutter Mane|Protect|p1b: Flutter Mane\n|-singleturn|p1b: Flutter Mane|Protect\n|move|p2b: Vikavolt|Thunderbolt|p1a: Garganacl\n|-damage|p1a: Garganacl|2\/100\n|move|p1a: Garganacl|Body Press|p2b: Vikavolt\n|-resisted|p2b: Vikavolt\n|-damage|p2b: Vikavolt|0 fnt\n|faint|p2b: Vikavolt\n|\n|win|kagrin\n","uploadtime":1698878948,"views":35,"p1id":"kagrin","p2id":"leaguespinsir30","formatid":"gen9doublesou","rating":0,"private":0,"password":""}