{"id":"gen9doublesou-1997315810","p1":"Martin80","p2":"dirty olive","format":"[Gen 9] Doubles OU","log":"|j|\u2606Martin80\n|j|\u2606dirty olive\n|t:|1700788449\n|gametype|doubles\n|player|p1|Martin80|steven|1189\n|player|p2|dirty olive|1|1278\n|teamsize|p1|6\n|teamsize|p2|6\n|gen|9\n|tier|[Gen 9] Doubles OU\n|rated|\n|rule|Species Clause: Limit one of each Pok\u00e9mon\n|rule|OHKO Clause: OHKO moves are banned\n|rule|Evasion Moves Clause: Evasion moves are banned\n|rule|Gravity Sleep Clause: The combination of sleep-inducing moves with imperfect accuracy and Gravity or Gigantamax Orbeetle are banned\n|rule|Endless Battle Clause: Forcing endless battles is banned\n|rule|HP Percentage Mod: HP is shown in percentages\n|clearpoke\n|poke|p1|Garganacl, F|\n|poke|p1|Tinkaton, F|\n|poke|p1|Lokix, F|\n|poke|p1|Quaquaval, F|\n|poke|p1|Arboliva, F|\n|poke|p1|Ceruledge, F|\n|poke|p2|Chi-Yu|\n|poke|p2|Iron Hands|\n|poke|p2|Landorus-Therian, M|\n|poke|p2|Dusclops, M|\n|poke|p2|Ogerpon-Wellspring, F|\n|poke|p2|Ursaluna-Bloodmoon, M|\n|teampreview\n|inactive|Battle timer is ON: inactive players will automatically lose when time's up. (requested by dirty olive)\n|\n|t:|1700788470\n|start\n|switch|p1a: Bichota|Lokix, F, shiny|100\/100\n|switch|p1b: Golemcita|Garganacl, F, shiny|100\/100\n|switch|p2a: Iron Hands|Iron Hands|100\/100\n|switch|p2b: Dusclops|Dusclops, M|100\/100\n|-item|p1a: Bichota|Life Orb|[from] ability: Frisk|[of] p2b: Dusclops|[identify]\n|-item|p1b: Golemcita|Leftovers|[from] ability: Frisk|[of] p2b: Dusclops|[identify]\n|turn|1\n|\n|t:|1700788483\n|-terastallize|p1b: Golemcita|Ghost\n|move|p2a: Iron Hands|Fake Out|p1a: Bichota\n|-damage|p1a: Bichota|80\/100\n|cant|p1a: Bichota|flinch\n|move|p1b: Golemcita|Iron Defense|p1b: Golemcita\n|-boost|p1b: Golemcita|def|2\n|move|p2b: Dusclops|Trick Room|p2b: Dusclops\n|-fieldstart|move: Trick Room|[of] p2b: Dusclops\n|\n|upkeep\n|turn|2\n|c|\u2606dirty olive|Dont play in my game\n|\n|t:|1700788510\n|move|p2b: Dusclops|Will-O-Wisp|p1a: Bichota\n|-status|p1a: Bichota|brn\n|move|p1b: Golemcita|Iron Defense|p1b: Golemcita\n|-boost|p1b: Golemcita|def|2\n|move|p2a: Iron Hands|Wild Charge|p1a: Bichota\n|-damage|p1a: Bichota|11\/100 brn\n|-damage|p2a: Iron Hands|90\/100|[from] Recoil\n|move|p1a: Bichota|Knock Off|p2b: Dusclops\n|-supereffective|p2b: Dusclops\n|-damage|p2b: Dusclops|67\/100\n|-enditem|p2b: Dusclops|Eviolite|[from] move: Knock Off|[of] p1a: Bichota\n|-damage|p1a: Bichota|2\/100 brn|[from] item: Life Orb\n|\n|-damage|p1a: Bichota|0 fnt|[from] brn\n|faint|p1a: Bichota\n|upkeep\n|c|\u2606dirty olive|im not\n|\n|t:|1700788525\n|switch|p1a: Arboliva|Arboliva, F, shiny|100\/100\n|turn|3\n|\n|t:|1700788539\n|move|p2b: Dusclops|Will-O-Wisp|p1a: Arboliva\n|-status|p1a: Arboliva|brn\n|move|p1b: Golemcita|Body Press|p2a: Iron Hands\n|-damage|p2a: Iron Hands|45\/100\n|move|p1a: Arboliva|Leech Seed|p2b: Dusclops\n|-start|p2b: Dusclops|move: Leech Seed\n|move|p2a: Iron Hands|Drain Punch|p1a: Arboliva\n|-supereffective|p1a: Arboliva\n|-damage|p1a: Arboliva|23\/100 brn\n|-heal|p2a: Iron Hands|75\/100|[from] drain|[of] p1a: Arboliva\n|-fieldstart|move: Grassy Terrain|[from] ability: Seed Sower|[of] p1a: Arboliva\n|-enditem|p1a: Arboliva|Grassy Seed\n|-boost|p1a: Arboliva|def|1|[from] item: Grassy Seed\n|\n|-heal|p2b: Dusclops|73\/100|[from] Grassy Terrain\n|-heal|p1a: Arboliva|29\/100 brn|[from] Grassy Terrain\n|-heal|p2a: Iron Hands|81\/100|[from] Grassy Terrain\n|-damage|p2b: Dusclops|61\/100|[from] Leech Seed|[of] p1a: Arboliva\n|-heal|p1a: Arboliva|39\/100 brn|[silent]\n|-damage|p1a: Arboliva|33\/100 brn|[from] brn\n|upkeep\n|turn|4\n|\n|t:|1700788559\n|switch|p2b: Ogerpon|Ogerpon-Wellspring, F|100\/100\n|move|p1a: Arboliva|Protect|p1a: Arboliva\n|-singleturn|p1a: Arboliva|Protect\n|move|p1b: Golemcita|Iron Defense|p1b: Golemcita\n|-boost|p1b: Golemcita|def|2\n|move|p2a: Iron Hands|Drain Punch|p1a: Arboliva\n|-activate|p1a: Arboliva|move: Protect\n|\n|-heal|p1a: Arboliva|39\/100 brn|[from] Grassy Terrain\n|-heal|p2a: Iron Hands|87\/100|[from] Grassy Terrain\n|-damage|p1a: Arboliva|33\/100 brn|[from] brn\n|upkeep\n|turn|5\n|\n|t:|1700788578\n|move|p2b: Ogerpon|Spiky Shield|p2b: Ogerpon\n|-singleturn|p2b: Ogerpon|move: Protect\n|move|p1b: Golemcita|Body Press|p2a: Iron Hands\n|-damage|p2a: Iron Hands|29\/100\n|move|p1a: Arboliva|Giga Drain|p2b: Ogerpon\n|-activate|p2b: Ogerpon|move: Protect\n|move|p2a: Iron Hands|Drain Punch|p1a: Arboliva\n|-supereffective|p1a: Arboliva\n|-damage|p1a: Arboliva|0 fnt\n|-heal|p2a: Iron Hands|41\/100|[from] drain|[of] p1a: Arboliva\n|faint|p1a: Arboliva\n|\n|-heal|p2a: Iron Hands|47\/100|[from] Grassy Terrain\n|-fieldend|move: Trick Room\n|upkeep\n|\n|t:|1700788593\n|switch|p1a: Ceruledge|Ceruledge, F, shiny|100\/100\n|turn|6\n|\n|t:|1700788611\n|-end|p2a: Iron Hands|Quark Drive|[silent]\n|switch|p2a: Landorus|Landorus-Therian, M|100\/100\n|-ability|p2a: Landorus|Intimidate|boost\n|-unboost|p1a: Ceruledge|atk|1\n|-unboost|p1b: Golemcita|atk|1\n|move|p1a: Ceruledge|Endure|p1a: Ceruledge\n|-singleturn|p1a: Ceruledge|move: Endure\n|move|p2b: Ogerpon|Ivy Cudgel|p1a: Ceruledge|[anim] Ivy Cudgel Water\n|-supereffective|p1a: Ceruledge\n|-activate|p1a: Ceruledge|move: Endure\n|-damage|p1a: Ceruledge|1\/100\n|-ability|p1a: Ceruledge|Weak Armor|boost\n|-unboost|p1a: Ceruledge|def|1\n|-boost|p1a: Ceruledge|spe|2\n|-enditem|p1a: Ceruledge|Weakness Policy\n|-boost|p1a: Ceruledge|atk|2|[from] item: Weakness Policy\n|-boost|p1a: Ceruledge|spa|2|[from] item: Weakness Policy\n|move|p1b: Golemcita|Body Press|p2a: Landorus\n|-resisted|p2a: Landorus\n|-damage|p2a: Landorus|44\/100\n|\n|-heal|p1a: Ceruledge|7\/100|[from] Grassy Terrain\n|upkeep\n|turn|7\n|\n|t:|1700788633\n|move|p2b: Ogerpon|Follow Me|p2b: Ogerpon\n|-singleturn|p2b: Ogerpon|move: Follow Me\n|move|p1a: Ceruledge|Bitter Blade|p2b: Ogerpon\n|-damage|p2b: Ogerpon|35\/100\n|-heal|p1a: Ceruledge|48\/100|[from] drain|[of] p2b: Ogerpon\n|move|p2a: Landorus|Rock Slide|p1b: Golemcita|[spread] p1a,p1b\n|-supereffective|p1a: Ceruledge\n|-crit|p1a: Ceruledge\n|-damage|p1a: Ceruledge|0 fnt\n|-damage|p1b: Golemcita|97\/100\n|faint|p1a: Ceruledge\n|move|p1b: Golemcita|Salt Cure|p2b: Ogerpon\n|-damage|p2b: Ogerpon|25\/100\n|-start|p2b: Ogerpon|Salt Cure\n|\n|-heal|p2b: Ogerpon|31\/100|[from] Grassy Terrain\n|-heal|p1b: Golemcita|100\/100|[from] Grassy Terrain\n|-damage|p2b: Ogerpon|6\/100|[from] Salt Cure\n|-fieldend|move: Grassy Terrain\n|upkeep\n|inactive|Martin80 has 120 seconds left.\n|\n|t:|1700788652\n|switch|p1a: Jolyne|Quaquaval, F, shiny|100\/100\n|turn|8\n|\n|t:|1700788663\n|switch|p2a: Iron Hands|Iron Hands|47\/100\n|switch|p1a: Tinkaton|Tinkaton, F, shiny|100\/100\n|move|p2b: Ogerpon|Horn Leech|p1a: Tinkaton\n|-resisted|p1a: Tinkaton\n|-damage|p1a: Tinkaton|75\/100\n|-heal|p2b: Ogerpon|17\/100|[from] drain|[of] p1a: Tinkaton\n|move|p1b: Golemcita|Salt Cure|p2a: Iron Hands\n|-resisted|p2a: Iron Hands\n|-damage|p2a: Iron Hands|45\/100\n|-start|p2a: Iron Hands|Salt Cure\n|\n|-heal|p1a: Tinkaton|81\/100|[from] item: Leftovers\n|-damage|p2b: Ogerpon|0 fnt|[from] Salt Cure\n|faint|p2b: Ogerpon\n|-damage|p2a: Iron Hands|32\/100|[from] Salt Cure\n|upkeep\n|\n|t:|1700788679\n|switch|p2b: Dusclops|Dusclops, M|61\/100\n|-item|p1a: Tinkaton|Leftovers|[from] ability: Frisk|[of] p2b: Dusclops|[identify]\n|-item|p1b: Golemcita|Leftovers|[from] ability: Frisk|[of] p2b: Dusclops|[identify]\n|turn|9\n|\n|t:|1700788689\n|move|p2a: Iron Hands|Fake Out|p1a: Tinkaton\n|-resisted|p1a: Tinkaton\n|-damage|p1a: Tinkaton|73\/100\n|cant|p1a: Tinkaton|flinch\n|move|p1b: Golemcita|Salt Cure|p2b: Dusclops\n|-damage|p2b: Dusclops|52\/100\n|-start|p2b: Dusclops|Salt Cure\n|move|p2b: Dusclops|Trick Room|p2b: Dusclops\n|-fieldstart|move: Trick Room|[of] p2b: Dusclops\n|\n|-heal|p1a: Tinkaton|79\/100|[from] item: Leftovers\n|-damage|p2b: Dusclops|40\/100|[from] Salt Cure\n|-damage|p2a: Iron Hands|20\/100|[from] Salt Cure\n|upkeep\n|turn|10\n|\n|t:|1700788704\n|move|p2b: Dusclops|Will-O-Wisp|p1a: Tinkaton\n|-status|p1a: Tinkaton|brn\n|move|p1b: Golemcita|Body Press|p2a: Iron Hands\n|-damage|p2a: Iron Hands|0 fnt\n|faint|p2a: Iron Hands\n|-end|p2a: Iron Hands|Quark Drive|[silent]\n|move|p1a: Tinkaton|Gigaton Hammer|p2b: Dusclops\n|-crit|p2b: Dusclops\n|-damage|p2b: Dusclops|6\/100\n|\n|-heal|p1a: Tinkaton|85\/100 brn|[from] item: Leftovers\n|-damage|p1a: Tinkaton|79\/100 brn|[from] brn\n|-damage|p2b: Dusclops|0 fnt|[from] Salt Cure\n|faint|p2b: Dusclops\n|upkeep\n|\n|t:|1700788712\n|switch|p2b: Chi-Yu|Chi-Yu|100\/100\n|switch|p2a: Ursaluna|Ursaluna-Bloodmoon, M|100\/100\n|-ability|p2b: Chi-Yu|Beads of Ruin\n|turn|11\n|\n|t:|1700788732\n|-terastallize|p2a: Ursaluna|Normal\n|move|p1a: Tinkaton|Helping Hand|p1b: Golemcita\n|-singleturn|p1b: Golemcita|Helping Hand|[of] p1a: Tinkaton\n|move|p1b: Golemcita|Body Press|p2b: Chi-Yu\n|-supereffective|p2b: Chi-Yu\n|-damage|p2b: Chi-Yu|0 fnt\n|faint|p2b: Chi-Yu\n|move|p2a: Ursaluna|Blood Moon|p1b: Golemcita\n|-damage|p1b: Golemcita|18\/100\n|\n|-heal|p1b: Golemcita|25\/100|[from] item: Leftovers\n|-heal|p1a: Tinkaton|85\/100 brn|[from] item: Leftovers\n|-damage|p1a: Tinkaton|79\/100 brn|[from] brn\n|upkeep\n|\n|t:|1700788742\n|switch|p2b: Landorus|Landorus-Therian, M|44\/100\n|-ability|p2b: Landorus|Intimidate|boost\n|-fail|p1a: Tinkaton|unboost|Attack|[from] ability: Own Tempo|[of] p1a: Tinkaton\n|-unboost|p1b: Golemcita|atk|1\n|turn|12\n|\n|t:|1700788764\n|move|p1a: Tinkaton|Helping Hand|p1b: Golemcita\n|-singleturn|p1b: Golemcita|Helping Hand|[of] p1a: Tinkaton\n|move|p1b: Golemcita|Body Press|p2a: Ursaluna\n|-supereffective|p2a: Ursaluna\n|-damage|p2a: Ursaluna|0 fnt\n|faint|p2a: Ursaluna\n|move|p2b: Landorus|Stomping Tantrum|p1a: Tinkaton\n|-supereffective|p1a: Tinkaton\n|-damage|p1a: Tinkaton|0 fnt\n|faint|p1a: Tinkaton\n|\n|-heal|p1b: Golemcita|31\/100|[from] item: Leftovers\n|upkeep\n|\n|t:|1700788774\n|switch|p1a: Jolyne|Quaquaval, F, shiny|100\/100\n|turn|13\n|-message|dirty olive forfeited.\n|\n|win|Martin80\n|raw|Martin80's rating: 1189 &rarr; <strong>1220<\/strong><br \/>(+31 for winning)\n|raw|dirty olive's rating: 1279 &rarr; <strong>1248<\/strong><br \/>(-31 for losing)\n","uploadtime":1700788785,"views":5,"p1id":"martin80","p2id":"dirtyolive","formatid":"gen9doublesou","rating":1220,"private":0,"password":""}