{"id":"gen9doublesou-1990476792","p1":"OPieceOfHeroGhost","p2":"Rojo7500","format":"[Gen 9] Doubles OU","log":"|j|\u2606OPieceOfHeroGhost\n|j|\u2606Rojo7500\n|t:|1699974537\n|gametype|doubles\n|player|p1|OPieceOfHeroGhost|morty|1416\n|player|p2|Rojo7500|lucas-gen4pt|1347\n|teamsize|p1|6\n|teamsize|p2|6\n|gen|9\n|tier|[Gen 9] Doubles OU\n|rated|\n|rule|Species Clause: Limit one of each Pok\u00e9mon\n|rule|OHKO Clause: OHKO moves are banned\n|rule|Evasion Moves Clause: Evasion moves are banned\n|rule|Gravity Sleep Clause: The combination of sleep-inducing moves with imperfect accuracy and Gravity or Gigantamax Orbeetle are banned\n|rule|Endless Battle Clause: Forcing endless battles is banned\n|rule|HP Percentage Mod: HP is shown in percentages\n|clearpoke\n|poke|p1|Ribombee, F|\n|poke|p1|Chi-Yu|\n|poke|p1|Flutter Mane|\n|poke|p1|Baxcalibur, M|\n|poke|p1|Landorus-Therian, M|\n|poke|p1|Ogerpon-Wellspring, F|\n|poke|p2|Weezing-Galar, M|\n|poke|p2|Toedscruel, M|\n|poke|p2|Iron Hands|\n|poke|p2|Dragonite, M|\n|poke|p2|Chien-Pao|\n|poke|p2|Flutter Mane|\n|teampreview\n|inactive|Battle timer is ON: inactive players will automatically lose when time's up. (requested by Rojo7500)\n|\n|t:|1699974558\n|start\n|switch|p1a: \u8fd9\u4e48\u5c0f\u4e00\u53ea\uff0c\u4e0d\u4f1a\u6485\u574f\u5427|Ribombee, F|100\/100\n|switch|p1b: \u706b\u7130\u5b9d\u73e0|Chi-Yu|100\/100\n|switch|p2a: Kryptonite|Weezing-Galar, M|100\/100\n|switch|p2b: My Favorite|Toedscruel, M|100\/100\n|-ability|p2a: Kryptonite|Neutralizing Gas\n|turn|1\n|\n|t:|1699974584\n|move|p1a: \u8fd9\u4e48\u5c0f\u4e00\u53ea\uff0c\u4e0d\u4f1a\u6485\u574f\u5427|Sticky Web|p2b: My Favorite\n|-sidestart|p2: Rojo7500|move: Sticky Web\n|move|p2b: My Favorite|Spore|p1b: \u706b\u7130\u5b9d\u73e0\n|-status|p1b: \u706b\u7130\u5b9d\u73e0|slp|[from] move: Spore\n|cant|p1b: \u706b\u7130\u5b9d\u73e0|slp\n|move|p2a: Kryptonite|Taunt|p1a: \u8fd9\u4e48\u5c0f\u4e00\u53ea\uff0c\u4e0d\u4f1a\u6485\u574f\u5427\n|-start|p1a: \u8fd9\u4e48\u5c0f\u4e00\u53ea\uff0c\u4e0d\u4f1a\u6485\u574f\u5427|move: Taunt\n|\n|upkeep\n|turn|2\n|\n|t:|1699974611\n|switch|p2b: Rayman|Iron Hands|100\/100\n|-activate|p2b: Rayman|move: Sticky Web\n|-unboost|p2b: Rayman|spe|1\n|move|p1a: \u8fd9\u4e48\u5c0f\u4e00\u53ea\uff0c\u4e0d\u4f1a\u6485\u574f\u5427|U-turn|p2b: Rayman\n|-resisted|p2b: Rayman\n|-damage|p2b: Rayman|96\/100\n|\n|t:|1699974618\n|switch|p1a: \u731c\u731c\u8c01\u56de\u6765\u4e86|Landorus-Therian, M|100\/100|[from] U-turn\n|cant|p1b: \u706b\u7130\u5b9d\u73e0|slp\n|move|p2a: Kryptonite|Dazzling Gleam|p1b: \u706b\u7130\u5b9d\u73e0|[spread] p1a,p1b\n|-damage|p1a: \u731c\u731c\u8c01\u56de\u6765\u4e86|87\/100\n|-damage|p1b: \u706b\u7130\u5b9d\u73e0|80\/100 slp\n|\n|upkeep\n|turn|3\n|\n|t:|1699974645\n|switch|p1b: \u8fd9\u4e48\u5c0f\u4e00\u53ea\uff0c\u4e0d\u4f1a\u6485\u574f\u5427|Ribombee, F|100\/100\n|move|p2b: Rayman|Fake Out|p1a: \u731c\u731c\u8c01\u56de\u6765\u4e86\n|-damage|p1a: \u731c\u731c\u8c01\u56de\u6765\u4e86|69\/100\n|cant|p1a: \u731c\u731c\u8c01\u56de\u6765\u4e86|flinch\n|move|p2a: Kryptonite|Dazzling Gleam|p1a: \u731c\u731c\u8c01\u56de\u6765\u4e86|[spread] p1a,p1b\n|-damage|p1a: \u731c\u731c\u8c01\u56de\u6765\u4e86|55\/100\n|-damage|p1b: \u8fd9\u4e48\u5c0f\u4e00\u53ea\uff0c\u4e0d\u4f1a\u6485\u574f\u5427|68\/100\n|\n|upkeep\n|turn|4\n|\n|t:|1699974674\n|move|p1b: \u8fd9\u4e48\u5c0f\u4e00\u53ea\uff0c\u4e0d\u4f1a\u6485\u574f\u5427|Moonblast|p2b: Rayman\n|-supereffective|p2b: Rayman\n|-damage|p2b: Rayman|50\/100\n|move|p1a: \u731c\u731c\u8c01\u56de\u6765\u4e86|U-turn|p2b: Rayman\n|-resisted|p2b: Rayman\n|-damage|p2b: Rayman|43\/100\n|\n|t:|1699974683\n|switch|p1a: \u5764\u5764\u9f99|Baxcalibur, M|100\/100|[from] U-turn\n|move|p2a: Kryptonite|Dazzling Gleam|p1b: \u8fd9\u4e48\u5c0f\u4e00\u53ea\uff0c\u4e0d\u4f1a\u6485\u574f\u5427|[spread] p1a,p1b\n|-supereffective|p1a: \u5764\u5764\u9f99\n|-damage|p1a: \u5764\u5764\u9f99|60\/100\n|-damage|p1b: \u8fd9\u4e48\u5c0f\u4e00\u53ea\uff0c\u4e0d\u4f1a\u6485\u574f\u5427|34\/100\n|move|p2b: Rayman|Wild Charge|p1b: \u8fd9\u4e48\u5c0f\u4e00\u53ea\uff0c\u4e0d\u4f1a\u6485\u574f\u5427\n|-damage|p1b: \u8fd9\u4e48\u5c0f\u4e00\u53ea\uff0c\u4e0d\u4f1a\u6485\u574f\u5427|0 fnt\n|faint|p1b: \u8fd9\u4e48\u5c0f\u4e00\u53ea\uff0c\u4e0d\u4f1a\u6485\u574f\u5427\n|-damage|p2b: Rayman|38\/100|[from] Recoil\n|\n|upkeep\n|\n|t:|1699974699\n|switch|p1b: \u989d\u554a\uff01\u9b54\u6cd5\u95ea\u8000\/\/\uff5e\uff5e|Flutter Mane|100\/100\n|-enditem|p1b: \u989d\u554a\uff01\u9b54\u6cd5\u95ea\u8000\/\/\uff5e\uff5e|Booster Energy\n|-activate|p1b: \u989d\u554a\uff01\u9b54\u6cd5\u95ea\u8000\/\/\uff5e\uff5e|ability: Protosynthesis|[fromitem]\n|-start|p1b: \u989d\u554a\uff01\u9b54\u6cd5\u95ea\u8000\/\/\uff5e\uff5e|protosynthesisspa\n|turn|5\n|\n|t:|1699974711\n|move|p1b: \u989d\u554a\uff01\u9b54\u6cd5\u95ea\u8000\/\/\uff5e\uff5e|Dazzling Gleam|p2a: Kryptonite|[spread] p2a,p2b\n|-resisted|p2a: Kryptonite\n|-supereffective|p2b: Rayman\n|-damage|p2a: Kryptonite|78\/100\n|-damage|p2b: Rayman|0 fnt\n|faint|p2b: Rayman\n|-end|p2b: Rayman|Quark Drive|[silent]\n|move|p1a: \u5764\u5764\u9f99|High Horsepower|p2a: Kryptonite|[miss]\n|-miss|p1a: \u5764\u5764\u9f99|p2a: Kryptonite\n|move|p2a: Kryptonite|Will-O-Wisp|p1a: \u5764\u5764\u9f99\n|-status|p1a: \u5764\u5764\u9f99|brn\n|\n|-damage|p1a: \u5764\u5764\u9f99|54\/100 brn|[from] brn\n|upkeep\n|\n|t:|1699974730\n|switch|p2b: Yeah|Flutter Mane|100\/100\n|-activate|p2b: Yeah|move: Sticky Web\n|-unboost|p2b: Yeah|spe|1\n|-enditem|p2b: Yeah|Booster Energy\n|-activate|p2b: Yeah|ability: Protosynthesis|[fromitem]\n|-start|p2b: Yeah|protosynthesisspa\n|turn|6\n|\n|t:|1699974756\n|-terastallize|p2b: Yeah|Fairy\n|move|p1b: \u989d\u554a\uff01\u9b54\u6cd5\u95ea\u8000\/\/\uff5e\uff5e|Shadow Ball|p2b: Yeah\n|-damage|p2b: Yeah|51\/100\n|move|p1a: \u5764\u5764\u9f99|Icicle Spear|p2b: Yeah\n|-damage|p2b: Yeah|41\/100\n|-damage|p2b: Yeah|28\/100\n|-damage|p2b: Yeah|18\/100\n|-damage|p2b: Yeah|6\/100\n|-hitcount|p2b: Yeah|4\n|move|p2b: Yeah|Shadow Ball|p1b: \u989d\u554a\uff01\u9b54\u6cd5\u95ea\u8000\/\/\uff5e\uff5e\n|-supereffective|p1b: \u989d\u554a\uff01\u9b54\u6cd5\u95ea\u8000\/\/\uff5e\uff5e\n|-damage|p1b: \u989d\u554a\uff01\u9b54\u6cd5\u95ea\u8000\/\/\uff5e\uff5e|18\/100\n|-unboost|p1b: \u989d\u554a\uff01\u9b54\u6cd5\u95ea\u8000\/\/\uff5e\uff5e|spd|1\n|move|p2a: Kryptonite|Dazzling Gleam|p1a: \u5764\u5764\u9f99|[spread] p1a,p1b\n|-supereffective|p1a: \u5764\u5764\u9f99\n|-damage|p1a: \u5764\u5764\u9f99|14\/100 brn\n|-damage|p1b: \u989d\u554a\uff01\u9b54\u6cd5\u95ea\u8000\/\/\uff5e\uff5e|0 fnt\n|faint|p1b: \u989d\u554a\uff01\u9b54\u6cd5\u95ea\u8000\/\/\uff5e\uff5e\n|-end|p1b: \u989d\u554a\uff01\u9b54\u6cd5\u95ea\u8000\/\/\uff5e\uff5e|Protosynthesis|[silent]\n|\n|-damage|p1a: \u5764\u5764\u9f99|8\/100 brn|[from] brn\n|upkeep\n|inactive|OPieceOfHeroGhost has 120 seconds left.\n|\n|t:|1699974782\n|switch|p1b: \u706b\u7130\u5b9d\u73e0|Chi-Yu|80\/100 slp\n|turn|7\n|\n|t:|1699974790\n|move|p2b: Yeah|Protect|p2b: Yeah\n|-singleturn|p2b: Yeah|Protect\n|move|p1a: \u5764\u5764\u9f99|Ice Shard|p2b: Yeah\n|-activate|p2b: Yeah|move: Protect\n|-curestatus|p1b: \u706b\u7130\u5b9d\u73e0|slp|[msg]\n|move|p1b: \u706b\u7130\u5b9d\u73e0|Heat Wave|p2a: Kryptonite|[spread] p2a\n|-activate|p2b: Yeah|move: Protect\n|-damage|p2a: Kryptonite|30\/100\n|-status|p2a: Kryptonite|brn\n|move|p2a: Kryptonite|Dazzling Gleam|p1a: \u5764\u5764\u9f99|[spread] p1a,p1b\n|-supereffective|p1a: \u5764\u5764\u9f99\n|-damage|p1a: \u5764\u5764\u9f99|0 fnt\n|-damage|p1b: \u706b\u7130\u5b9d\u73e0|57\/100\n|faint|p1a: \u5764\u5764\u9f99\n|\n|-damage|p2a: Kryptonite|24\/100 brn|[from] brn\n|upkeep\n|inactive|OPieceOfHeroGhost has 120 seconds left.\n|\n|t:|1699974809\n|switch|p1a: \u60f3\u559d\u5384\u8be1\u692a\u7684\u6a58\u5b50\u6c41|Ogerpon-Wellspring, F|100\/100\n|turn|8\n|\n|t:|1699974819\n|move|p1b: \u706b\u7130\u5b9d\u73e0|Heat Wave|p2a: Kryptonite|[spread] p2a\n|-miss|p1b: \u706b\u7130\u5b9d\u73e0|p2b: Yeah\n|-damage|p2a: Kryptonite|0 fnt\n|faint|p2a: Kryptonite\n|-end|p2a: Kryptonite|ability: Neutralizing Gas\n|-ability|p1b: \u706b\u7130\u5b9d\u73e0|Beads of Ruin\n|move|p1a: \u60f3\u559d\u5384\u8be1\u692a\u7684\u6a58\u5b50\u6c41|Swords Dance|p1a: \u60f3\u559d\u5384\u8be1\u692a\u7684\u6a58\u5b50\u6c41\n|-boost|p1a: \u60f3\u559d\u5384\u8be1\u692a\u7684\u6a58\u5b50\u6c41|atk|2\n|move|p2b: Yeah|Dazzling Gleam|p1a: \u60f3\u559d\u5384\u8be1\u692a\u7684\u6a58\u5b50\u6c41|[spread] p1a,p1b\n|-damage|p1a: \u60f3\u559d\u5384\u8be1\u692a\u7684\u6a58\u5b50\u6c41|38\/100\n|-damage|p1b: \u706b\u7130\u5b9d\u73e0|4\/100\n|\n|upkeep\n|\n|t:|1699974834\n|switch|p2a: Barney|Dragonite, M|100\/100\n|turn|9\n|\n|t:|1699974843\n|move|p1a: \u60f3\u559d\u5384\u8be1\u692a\u7684\u6a58\u5b50\u6c41|Spiky Shield|p1a: \u60f3\u559d\u5384\u8be1\u692a\u7684\u6a58\u5b50\u6c41\n|-singleturn|p1a: \u60f3\u559d\u5384\u8be1\u692a\u7684\u6a58\u5b50\u6c41|move: Protect\n|move|p2a: Barney|Extreme Speed|p1a: \u60f3\u559d\u5384\u8be1\u692a\u7684\u6a58\u5b50\u6c41\n|-activate|p1a: \u60f3\u559d\u5384\u8be1\u692a\u7684\u6a58\u5b50\u6c41|move: Protect\n|-damage|p2a: Barney|88\/100|[from] Spiky Shield|[of] p1a: \u60f3\u559d\u5384\u8be1\u692a\u7684\u6a58\u5b50\u6c41\n|move|p1b: \u706b\u7130\u5b9d\u73e0|Heat Wave|p2a: Barney|[spread] p2a,p2b\n|-resisted|p2a: Barney\n|-damage|p2a: Barney|49\/100\n|-damage|p2b: Yeah|0 fnt\n|faint|p2b: Yeah\n|-end|p2b: Yeah|Protosynthesis|[silent]\n|\n|upkeep\n|\n|t:|1699974855\n|switch|p2b: My Favorite|Toedscruel, M|100\/100\n|-activate|p2b: My Favorite|move: Sticky Web\n|-unboost|p2b: My Favorite|spe|1\n|turn|10\n|\n|t:|1699974868\n|switch|p1b: \u731c\u731c\u8c01\u56de\u6765\u4e86|Landorus-Therian, M|55\/100\n|-ability|p1b: \u731c\u731c\u8c01\u56de\u6765\u4e86|Intimidate|boost\n|-unboost|p2a: Barney|atk|1\n|-unboost|p2b: My Favorite|atk|1\n|move|p2b: My Favorite|Protect|p2b: My Favorite\n|-singleturn|p2b: My Favorite|Protect\n|move|p2a: Barney|Extreme Speed|p1a: \u60f3\u559d\u5384\u8be1\u692a\u7684\u6a58\u5b50\u6c41\n|-damage|p1a: \u60f3\u559d\u5384\u8be1\u692a\u7684\u6a58\u5b50\u6c41|7\/100\n|move|p1a: \u60f3\u559d\u5384\u8be1\u692a\u7684\u6a58\u5b50\u6c41|Horn Leech|p2b: My Favorite\n|-activate|p2b: My Favorite|move: Protect\n|\n|upkeep\n|turn|11\n|\n|t:|1699974886\n|move|p1a: \u60f3\u559d\u5384\u8be1\u692a\u7684\u6a58\u5b50\u6c41|Spiky Shield|p1a: \u60f3\u559d\u5384\u8be1\u692a\u7684\u6a58\u5b50\u6c41\n|-singleturn|p1a: \u60f3\u559d\u5384\u8be1\u692a\u7684\u6a58\u5b50\u6c41|move: Protect\n|move|p2a: Barney|Extreme Speed|p1a: \u60f3\u559d\u5384\u8be1\u692a\u7684\u6a58\u5b50\u6c41\n|-activate|p1a: \u60f3\u559d\u5384\u8be1\u692a\u7684\u6a58\u5b50\u6c41|move: Protect\n|-damage|p2a: Barney|37\/100|[from] Spiky Shield|[of] p1a: \u60f3\u559d\u5384\u8be1\u692a\u7684\u6a58\u5b50\u6c41\n|move|p1b: \u731c\u731c\u8c01\u56de\u6765\u4e86|Rock Slide|p2a: Barney|[spread] p2a\n|-miss|p1b: \u731c\u731c\u8c01\u56de\u6765\u4e86|p2b: My Favorite\n|-supereffective|p2a: Barney\n|-damage|p2a: Barney|0 fnt\n|faint|p2a: Barney\n|move|p2b: My Favorite|Giga Drain|p1b: \u731c\u731c\u8c01\u56de\u6765\u4e86\n|-damage|p1b: \u731c\u731c\u8c01\u56de\u6765\u4e86|33\/100\n|\n|upkeep\n|\n|t:|1699974899\n|switch|p2a: Mouthful|Chien-Pao|100\/100\n|-activate|p2a: Mouthful|move: Sticky Web\n|-unboost|p2a: Mouthful|spe|1\n|-ability|p2a: Mouthful|Sword of Ruin\n|turn|12\n|inactive|OPieceOfHeroGhost has 120 seconds left.\n|\n|t:|1699974931\n|move|p2a: Mouthful|Sucker Punch||[still]\n|-fail|p2a: Mouthful\n|move|p1a: \u60f3\u559d\u5384\u8be1\u692a\u7684\u6a58\u5b50\u6c41|Swords Dance|p1a: \u60f3\u559d\u5384\u8be1\u692a\u7684\u6a58\u5b50\u6c41\n|-boost|p1a: \u60f3\u559d\u5384\u8be1\u692a\u7684\u6a58\u5b50\u6c41|atk|2\n|move|p1b: \u731c\u731c\u8c01\u56de\u6765\u4e86|Rock Slide|p2a: Mouthful|[spread] p2a,p2b\n|-supereffective|p2a: Mouthful\n|-resisted|p2b: My Favorite\n|-damage|p2a: Mouthful|42\/100\n|-damage|p2b: My Favorite|78\/100\n|move|p2b: My Favorite|Giga Drain|p1b: \u731c\u731c\u8c01\u56de\u6765\u4e86\n|-damage|p1b: \u731c\u731c\u8c01\u56de\u6765\u4e86|11\/100\n|-heal|p2b: My Favorite|91\/100|[from] drain|[of] p1b: \u731c\u731c\u8c01\u56de\u6765\u4e86\n|\n|upkeep\n|turn|13\n|\n|t:|1699974958\n|move|p1a: \u60f3\u559d\u5384\u8be1\u692a\u7684\u6a58\u5b50\u6c41|Spiky Shield|p1a: \u60f3\u559d\u5384\u8be1\u692a\u7684\u6a58\u5b50\u6c41\n|-singleturn|p1a: \u60f3\u559d\u5384\u8be1\u692a\u7684\u6a58\u5b50\u6c41|move: Protect\n|move|p2a: Mouthful|Sucker Punch||[still]\n|-fail|p2a: Mouthful\n|move|p1b: \u731c\u731c\u8c01\u56de\u6765\u4e86|Rock Slide|p2a: Mouthful|[spread] p2a,p2b\n|-supereffective|p2a: Mouthful\n|-resisted|p2b: My Favorite\n|-damage|p2a: Mouthful|0 fnt\n|-damage|p2b: My Favorite|69\/100\n|faint|p2a: Mouthful\n|move|p2b: My Favorite|Giga Drain|p1b: \u731c\u731c\u8c01\u56de\u6765\u4e86\n|-damage|p1b: \u731c\u731c\u8c01\u56de\u6765\u4e86|0 fnt\n|-heal|p2b: My Favorite|75\/100|[from] drain|[of] p1b: \u731c\u731c\u8c01\u56de\u6765\u4e86\n|faint|p1b: \u731c\u731c\u8c01\u56de\u6765\u4e86\n|\n|upkeep\n|-message|Rojo7500 forfeited.\n|\n|win|OPieceOfHeroGhost\n|raw|OPieceOfHeroGhost's rating: 1416 &rarr; <strong>1432<\/strong><br \/>(+16 for winning)\n|raw|Rojo7500's rating: 1347 &rarr; <strong>1331<\/strong><br \/>(-16 for losing)\n|l|\u2606Rojo7500\n","uploadtime":1699974999,"views":5,"p1id":"opieceofheroghost","p2id":"rojo7500","formatid":"gen9doublesou","rating":1331,"private":0,"password":""}