{"id":"gen9doublesou-1985574102","p1":"old ice fisher","p2":"hysali30","format":"[Gen 9] Doubles OU","log":"|j|\u2606old ice fisher\n|j|\u2606hysali30\n|t:|1699385783\n|gametype|doubles\n|player|p1|old ice fisher|pryce|1299\n|player|p2|hysali30|dancer|1219\n|teamsize|p1|6\n|teamsize|p2|6\n|gen|9\n|tier|[Gen 9] Doubles OU\n|rated|\n|rule|Species Clause: Limit one of each Pok\u00e9mon\n|rule|OHKO Clause: OHKO moves are banned\n|rule|Evasion Moves Clause: Evasion moves are banned\n|rule|Gravity Sleep Clause: The combination of sleep-inducing moves with imperfect accuracy and Gravity or Gigantamax Orbeetle are banned\n|rule|Endless Battle Clause: Forcing endless battles is banned\n|rule|HP Percentage Mod: HP is shown in percentages\n|clearpoke\n|poke|p1|Avalugg, M|\n|poke|p1|Ninetales-Alola, F|\n|poke|p1|Sandslash-Alola, F|\n|poke|p1|Baxcalibur, M|\n|poke|p1|Abomasnow, M|\n|poke|p1|Articuno|\n|poke|p2|Victreebel, M|\n|poke|p2|Jumpluff, M|\n|poke|p2|Empoleon, F|\n|poke|p2|Amoonguss, F|\n|poke|p2|Ninetales, M|\n|poke|p2|Talonflame, M|\n|teampreview\n|inactive|Battle timer is ON: inactive players will automatically lose when time's up. (requested by hysali30)\n|\n|t:|1699385793\n|start\n|switch|p1a: Ninetales|Ninetales-Alola, F|100\/100\n|switch|p1b: Sandslash|Sandslash-Alola, F|100\/100\n|switch|p2a: Ninetales|Ninetales, M|100\/100\n|switch|p2b: Empoleon|Empoleon, F|100\/100\n|-weather|SunnyDay|[from] ability: Drought|[of] p2a: Ninetales\n|-weather|Snow|[from] ability: Snow Warning|[of] p1a: Ninetales\n|turn|1\n|\n|t:|1699385809\n|switch|p2a: Amoonguss|Amoonguss, F|100\/100\n|switch|p1a: Baxcalibur|Baxcalibur, M|100\/100\n|-terastallize|p1b: Sandslash|Ground\n|move|p1b: Sandslash|Drill Run|p2a: Amoonguss\n|-damage|p2a: Amoonguss|60\/100\n|move|p2b: Empoleon|Flash Cannon|p1a: Baxcalibur\n|-supereffective|p1a: Baxcalibur\n|-damage|p1a: Baxcalibur|39\/100\n|\n|-weather|Snow|[upkeep]\n|upkeep\n|turn|2\n|inactive|old ice fisher has 120 seconds left.\n|\n|t:|1699385854\n|switch|p1b: Articuno|Articuno|100\/100\n|-terastallize|p2b: Empoleon|Fighting\n|move|p1a: Baxcalibur|Bulldoze|p2a: Amoonguss|[spread] p2a,p2b\n|-immune|p1b: Articuno\n|-crit|p2a: Amoonguss\n|-damage|p2a: Amoonguss|30\/100\n|-damage|p2b: Empoleon|77\/100\n|-unboost|p2a: Amoonguss|spe|1\n|-unboost|p2b: Empoleon|spe|1\n|-ability|p2b: Empoleon|Competitive|boost\n|-boost|p2b: Empoleon|spa|2\n|move|p2b: Empoleon|Flash Cannon|p1a: Baxcalibur\n|-supereffective|p1a: Baxcalibur\n|-damage|p1a: Baxcalibur|0 fnt\n|faint|p1a: Baxcalibur\n|move|p2a: Amoonguss|Sunny Day|p2a: Amoonguss\n|-weather|SunnyDay\n|\n|-weather|SunnyDay|[upkeep]\n|upkeep\n|inactive|old ice fisher has 90 seconds left.\n|\n|t:|1699385906\n|switch|p1a: Ninetales|Ninetales-Alola, F|100\/100\n|-weather|Snow|[from] ability: Snow Warning|[of] p1a: Ninetales\n|turn|3\n|\n|t:|1699385920\n|switch|p2a: Ninetales|Ninetales, M|100\/100\n|-weather|SunnyDay|[from] ability: Drought|[of] p2a: Ninetales\n|move|p1a: Ninetales|Blizzard|p2b: Empoleon|[spread] p2b\n|-miss|p1a: Ninetales|p2a: Ninetales\n|-damage|p2b: Empoleon|24\/100\n|move|p1b: Articuno|Hurricane|p2b: Empoleon|[miss]\n|-miss|p1b: Articuno|p2b: Empoleon\n|move|p2b: Empoleon|Flash Cannon|p1a: Ninetales\n|-supereffective|p1a: Ninetales\n|-damage|p1a: Ninetales|0 fnt\n|faint|p1a: Ninetales\n|\n|-weather|SunnyDay|[upkeep]\n|upkeep\n|\n|t:|1699385931\n|switch|p1a: Avalugg|Avalugg, M|100\/100\n|turn|4\n|\n|t:|1699385939\n|switch|p1b: Abomasnow|Abomasnow, M, shiny|100\/100\n|-weather|Snow|[from] ability: Snow Warning|[of] p1b: Abomasnow\n|move|p2a: Ninetales|Heat Wave|p1a: Avalugg|[spread] p1a,p1b\n|-supereffective|p1a: Avalugg\n|-supereffective|p1b: Abomasnow\n|-damage|p1a: Avalugg|12\/100\n|-damage|p1b: Abomasnow|0 fnt\n|faint|p1b: Abomasnow\n|move|p2b: Empoleon|Flash Cannon|p1a: Avalugg\n|-supereffective|p1a: Avalugg\n|-crit|p1a: Avalugg\n|-damage|p1a: Avalugg|0 fnt\n|faint|p1a: Avalugg\n|\n|-weather|Snow|[upkeep]\n|upkeep\n|\n|t:|1699385948\n|switch|p1b: Sandslash|Sandslash-Alola, F, tera:Ground|100\/100\n|switch|p1a: Articuno|Articuno|100\/100\n|turn|5\n|\n|t:|1699385962\n|switch|p2a: Bell|Victreebel, M|100\/100\n|move|p1b: Sandslash|Drill Run|p2a: Bell\n|-damage|p2a: Bell|35\/100\n|move|p1a: Articuno|Ancient Power|p2a: Bell\n|-damage|p2a: Bell|14\/100\n|-enditem|p2a: Bell|Liechi Berry|[eat]\n|-boost|p2a: Bell|atk|1|[from] item: Liechi Berry\n|-damage|p1a: Articuno|90\/100|[from] item: Life Orb\n|move|p2b: Empoleon|Flash Cannon|p1a: Articuno\n|-supereffective|p1a: Articuno\n|-damage|p1a: Articuno|0 fnt\n|faint|p1a: Articuno\n|\n|-weather|Snow|[upkeep]\n|upkeep\n|turn|6\n|inactive|old ice fisher has 120 seconds left.\n|\n|t:|1699385985\n|switch|p2b: Ninetales|Ninetales, M|100\/100\n|-weather|SunnyDay|[from] ability: Drought|[of] p2b: Ninetales\n|move|p2a: Bell|Leaf Blade|p1b: Sandslash\n|-supereffective|p1b: Sandslash\n|-damage|p1b: Sandslash|0 fnt\n|faint|p1b: Sandslash\n|\n|win|hysali30\n|raw|old ice fisher's rating: 1299 &rarr; <strong>1268<\/strong><br \/>(-31 for losing)\n|raw|hysali30's rating: 1219 &rarr; <strong>1250<\/strong><br \/>(+31 for winning)\n|l|\u2606old ice fisher\n","uploadtime":1699386005,"views":8,"p1id":"oldicefisher","p2id":"hysali30","formatid":"gen9doublesou","rating":1250,"private":0,"password":""}