{"id":"gen9doublesou-1968763148","p1":"chaddy18","p2":"JammerJr","format":"[Gen 9] Doubles OU","log":"|j|\u2606chaddy18\n|j|\u2606JammerJr\n|t:|1697462483\n|gametype|doubles\n|player|p1|chaddy18|medium|1385\n|player|p2|JammerJr|swimmer-gen4|1437\n|teamsize|p1|6\n|teamsize|p2|6\n|gen|9\n|tier|[Gen 9] Doubles OU\n|rated|\n|rule|Species Clause: Limit one of each Pok\u00e9mon\n|rule|OHKO Clause: OHKO moves are banned\n|rule|Evasion Moves Clause: Evasion moves are banned\n|rule|Gravity Sleep Clause: The combination of sleep-inducing moves with imperfect accuracy and Gravity or Gigantamax Orbeetle are banned\n|rule|Endless Battle Clause: Forcing endless battles is banned\n|rule|HP Percentage Mod: HP is shown in percentages\n|clearpoke\n|poke|p1|Glimmora, F|\n|poke|p1|Kleavor, F|\n|poke|p1|Goodra-Hisui, F|\n|poke|p1|Samurott-Hisui, F|\n|poke|p1|Mew|\n|poke|p1|Ting-Lu|\n|poke|p2|Maushold-Four|\n|poke|p2|Regidrago|\n|poke|p2|Cresselia, F|\n|poke|p2|Torkoal, F|\n|poke|p2|Ursaluna-Bloodmoon, M|\n|poke|p2|Iron Hands|\n|teampreview\n|inactive|Battle timer is ON: inactive players will automatically lose when time's up. (requested by chaddy18)\n|\n|t:|1697462507\n|start\n|switch|p1a: Kleavor|Kleavor, F, shiny|100\/100\n|switch|p1b: Samurott|Samurott-Hisui, F|100\/100\n|switch|p2a: Left Nut|Maushold-Four|100\/100\n|switch|p2b: Right Nut|Regidrago|100\/100\n|turn|1\n|inactive|chaddy18 has 120 seconds left.\n|\n|t:|1697462542\n|move|p2a: Left Nut|Population Bomb|p1a: Kleavor\n|-resisted|p1a: Kleavor\n|-damage|p1a: Kleavor|93\/100\n|-resisted|p1a: Kleavor\n|-damage|p1a: Kleavor|86\/100\n|-resisted|p1a: Kleavor\n|-damage|p1a: Kleavor|79\/100\n|-resisted|p1a: Kleavor\n|-damage|p1a: Kleavor|73\/100\n|-resisted|p1a: Kleavor\n|-damage|p1a: Kleavor|66\/100\n|-resisted|p1a: Kleavor\n|-damage|p1a: Kleavor|59\/100\n|-resisted|p1a: Kleavor\n|-damage|p1a: Kleavor|52\/100\n|-resisted|p1a: Kleavor\n|-damage|p1a: Kleavor|45\/100\n|-resisted|p1a: Kleavor\n|-damage|p1a: Kleavor|38\/100\n|-resisted|p1a: Kleavor\n|-damage|p1a: Kleavor|31\/100\n|-hitcount|p1a: Kleavor|10\n|move|p1b: Samurott|Ceaseless Edge|p2a: Left Nut\n|-damage|p2a: Left Nut|17\/100\n|-sidestart|p2: JammerJr|Spikes\n|move|p1a: Kleavor|Stone Axe|p2a: Left Nut\n|-damage|p2a: Left Nut|0 fnt\n|-sidestart|p2: JammerJr|move: Stealth Rock\n|faint|p2a: Left Nut\n|move|p2b: Right Nut|Dragon Energy|p1a: Kleavor|[spread] p1a,p1b\n|-damage|p1a: Kleavor|0 fnt\n|-enditem|p1b: Samurott|Focus Sash\n|-damage|p1b: Samurott|1\/100\n|faint|p1a: Kleavor\n|\n|upkeep\n|\n|t:|1697462557\n|switch|p2a: Iron Hands|Iron Hands|100\/100\n|switch|p1a: Mew|Mew, shiny|100\/100\n|-damage|p2a: Iron Hands|88\/100|[from] Spikes\n|-damage|p2a: Iron Hands|82\/100|[from] Stealth Rock\n|turn|2\n|\n|t:|1697462566\n|move|p1b: Samurott|Protect|p1b: Samurott\n|-singleturn|p1b: Samurott|Protect\n|move|p2a: Iron Hands|Fake Out|p1b: Samurott\n|-activate|p1b: Samurott|move: Protect\n|move|p2b: Right Nut|Dragon Energy|p1a: Mew|[spread] p1a\n|-activate|p1b: Samurott|move: Protect\n|-damage|p1a: Mew|14\/100\n|-enditem|p1a: Mew|Red Card|[of] p2b: Right Nut\n|drag|p2b: Cresselia|Cresselia, F|100\/100\n|-damage|p2b: Cresselia|88\/100|[from] Stealth Rock\n|move|p1a: Mew|Dragon Tail|p2b: Cresselia\n|-damage|p2b: Cresselia|80\/100\n|drag|p2b: Torkoal|Torkoal, F|100\/100\n|-damage|p2b: Torkoal|88\/100|[from] Spikes\n|-damage|p2b: Torkoal|63\/100|[from] Stealth Rock\n|-weather|SunnyDay|[from] ability: Drought|[of] p2b: Torkoal\n|\n|-weather|SunnyDay|[upkeep]\n|upkeep\n|turn|3\n|\n|t:|1697462592\n|move|p2b: Torkoal|Protect|p2b: Torkoal\n|-singleturn|p2b: Torkoal|Protect\n|move|p1b: Samurott|Ceaseless Edge|p2b: Torkoal\n|-activate|p2b: Torkoal|move: Protect\n|move|p1a: Mew|Life Dew|p1a: Mew|[spread] p1a,p1b\n|-heal|p1a: Mew|39\/100\n|-heal|p1b: Samurott|26\/100\n|move|p2a: Iron Hands|Wild Charge|p1b: Samurott\n|-supereffective|p1b: Samurott\n|-damage|p1b: Samurott|0 fnt\n|faint|p1b: Samurott\n|-damage|p2a: Iron Hands|78\/100|[from] Recoil\n|\n|-weather|SunnyDay|[upkeep]\n|upkeep\n|inactive|chaddy18 has 120 seconds left.\n|\n|t:|1697462605\n|switch|p1b: Glimmora|Glimmora, F|100\/100\n|turn|4\n|\n|t:|1697462616\n|move|p1a: Mew|Toxic Spikes|p2a: Iron Hands\n|-sidestart|p2: JammerJr|move: Toxic Spikes\n|move|p1b: Glimmora|Spikes|p2b: Torkoal\n|-sidestart|p2: JammerJr|Spikes\n|move|p2a: Iron Hands|Drain Punch|p1b: Glimmora\n|-damage|p1b: Glimmora|68\/100\n|-heal|p2a: Iron Hands|90\/100|[from] drain|[of] p1b: Glimmora\n|-activate|p1b: Glimmora|ability: Toxic Debris\n|-sidestart|p2: JammerJr|move: Toxic Spikes\n|move|p2b: Torkoal|Heat Wave|p1b: Glimmora|[spread] p1a,p1b\n|-resisted|p1b: Glimmora\n|-damage|p1a: Mew|0 fnt\n|-damage|p1b: Glimmora|39\/100\n|faint|p1a: Mew\n|\n|-weather|SunnyDay|[upkeep]\n|upkeep\n|\n|t:|1697462631\n|switch|p1a: Goodra|Goodra-Hisui, F|100\/100\n|turn|5\n|\n|t:|1697462643\n|switch|p2b: Cresselia|Cresselia, F|80\/100\n|-damage|p2b: Cresselia|67\/100|[from] Stealth Rock\n|move|p1b: Glimmora|Spiky Shield|p1b: Glimmora\n|-singleturn|p1b: Glimmora|move: Protect\n|move|p1a: Goodra|Life Dew||[still]|[spread] p1a,p1b\n|-fail|p1a: Goodra|heal\n|-heal|p1b: Glimmora|64\/100\n|move|p2a: Iron Hands|Drain Punch|p1a: Goodra\n|-supereffective|p1a: Goodra\n|-damage|p1a: Goodra|38\/100\n|-heal|p2a: Iron Hands|100\/100|[from] drain|[of] p1a: Goodra\n|-enditem|p1a: Goodra|Red Card|[of] p2a: Iron Hands\n|-end|p2a: Iron Hands|Quark Drive|[silent]\n|drag|p2a: Ursaluna|Ursaluna-Bloodmoon, M|100\/100\n|-damage|p2a: Ursaluna|84\/100|[from] Spikes\n|-damage|p2a: Ursaluna|78\/100|[from] Stealth Rock\n|-status|p2a: Ursaluna|tox\n|\n|-weather|SunnyDay|[upkeep]\n|-damage|p2a: Ursaluna|72\/100 tox|[from] psn\n|upkeep\n|turn|6\n|inactive|JammerJr has 120 seconds left.\n|inactive|JammerJr has 90 seconds left.\n|\n|t:|1697462704\n|move|p1b: Glimmora|Spikes|p2a: Ursaluna\n|-sidestart|p2: JammerJr|Spikes\n|move|p1a: Goodra|Life Dew|p1a: Goodra|[spread] p1a,p1b\n|-heal|p1a: Goodra|63\/100\n|-heal|p1b: Glimmora|89\/100\n|move|p2a: Ursaluna|Facade|p1b: Glimmora\n|-resisted|p1b: Glimmora\n|-damage|p1b: Glimmora|71\/100\n|move|p2b: Cresselia|Trick Room|p2b: Cresselia\n|-fieldstart|move: Trick Room|[of] p2b: Cresselia\n|\n|-weather|none\n|-damage|p2a: Ursaluna|60\/100 tox|[from] psn\n|upkeep\n|turn|7\n|\n|t:|1697462731\n|move|p1b: Glimmora|Spiky Shield|p1b: Glimmora\n|-singleturn|p1b: Glimmora|move: Protect\n|move|p2a: Ursaluna|Headlong Rush|p1b: Glimmora\n|-activate|p1b: Glimmora|move: Protect\n|-damage|p2a: Ursaluna|47\/100 tox|[from] Spiky Shield|[of] p1b: Glimmora\n|move|p1a: Goodra|Life Dew|p1a: Goodra|[spread] p1a,p1b\n|-heal|p1a: Goodra|89\/100\n|-heal|p1b: Glimmora|96\/100\n|move|p2b: Cresselia|Lunar Blessing|p2b: Cresselia|[spread] p2a,p2b\n|-heal|p2a: Ursaluna|72\/100 tox\n|-curestatus|p2a: Ursaluna|tox|[msg]\n|-heal|p2b: Cresselia|92\/100\n|\n|-status|p2a: Ursaluna|brn|[from] item: Flame Orb\n|upkeep\n|turn|8\n|\n|t:|1697462765\n|move|p2a: Ursaluna|Headlong Rush|p1b: Glimmora\n|-supereffective|p1b: Glimmora\n|-damage|p1b: Glimmora|34\/100\n|-unboost|p2a: Ursaluna|def|1\n|-unboost|p2a: Ursaluna|spd|1\n|move|p2b: Cresselia|Lunar Blessing|p2b: Cresselia|[spread] p2a,p2b\n|-heal|p2a: Ursaluna|97\/100 brn\n|-curestatus|p2a: Ursaluna|brn|[msg]\n|-heal|p2b: Cresselia|100\/100\n|move|p1b: Glimmora|Toxic|p2b: Cresselia\n|-status|p2b: Cresselia|tox\n|move|p1a: Goodra|Dragon Tail|p2a: Ursaluna\n|-damage|p2a: Ursaluna|75\/100\n|drag|p2a: Right Nut|Regidrago|100\/100\n|-damage|p2a: Right Nut|76\/100|[from] Spikes\n|-damage|p2a: Right Nut|63\/100|[from] Stealth Rock\n|-status|p2a: Right Nut|tox\n|\n|-damage|p2b: Cresselia|94\/100 tox|[from] psn\n|-damage|p2a: Right Nut|57\/100 tox|[from] psn\n|upkeep\n|turn|9\n|inactive|JammerJr has 120 seconds left.\n|\n|t:|1697462788\n|-terastallize|p2a: Right Nut|Steel\n|move|p2b: Cresselia|Lunar Blessing|p2b: Cresselia|[spread] p2a,p2b\n|-heal|p2a: Right Nut|82\/100 tox\n|-curestatus|p2a: Right Nut|tox|[msg]\n|-heal|p2b: Cresselia|100\/100 tox\n|-curestatus|p2b: Cresselia|tox|[msg]\n|move|p1b: Glimmora|Dazzling Gleam|p2a: Right Nut|[spread] p2a,p2b\n|-resisted|p2a: Right Nut\n|-damage|p2a: Right Nut|72\/100\n|-damage|p2b: Cresselia|91\/100\n|move|p2a: Right Nut|Tera Blast|p1b: Glimmora|[anim] Tera Blast Steel\n|-supereffective|p1b: Glimmora\n|-damage|p1b: Glimmora|0 fnt\n|faint|p1b: Glimmora\n|move|p1a: Goodra|Dragon Tail|p2a: Right Nut\n|-resisted|p2a: Right Nut\n|-damage|p2a: Right Nut|60\/100\n|drag|p2a: Ursaluna|Ursaluna-Bloodmoon, M|75\/100\n|-damage|p2a: Ursaluna|50\/100|[from] Spikes\n|-damage|p2a: Ursaluna|44\/100|[from] Stealth Rock\n|-status|p2a: Ursaluna|tox\n|\n|-damage|p2a: Ursaluna|38\/100 tox|[from] psn\n|upkeep\n|inactive|chaddy18 has 120 seconds left.\n|\n|t:|1697462809\n|switch|p1b: Ting-Lu|Ting-Lu|100\/100\n|-ability|p1b: Ting-Lu|Vessel of Ruin\n|turn|10\n|\n|t:|1697462818\n|-terastallize|p1b: Ting-Lu|Ghost\n|move|p2a: Ursaluna|Facade|p1b: Ting-Lu\n|-damage|p1b: Ting-Lu|77\/100\n|move|p2b: Cresselia|Lunar Blessing|p2b: Cresselia|[spread] p2a,p2b\n|-heal|p2a: Ursaluna|63\/100 tox\n|-curestatus|p2a: Ursaluna|tox|[msg]\n|-heal|p2b: Cresselia|100\/100\n|move|p1b: Ting-Lu|Whirlwind|p2a: Ursaluna\n|drag|p2a: Iron Hands|Iron Hands|100\/100\n|-damage|p2a: Iron Hands|76\/100|[from] Spikes\n|-damage|p2a: Iron Hands|70\/100|[from] Stealth Rock\n|-status|p2a: Iron Hands|tox\n|move|p1a: Goodra|Dragon Tail|p2a: Iron Hands|[miss]\n|-miss|p1a: Goodra|p2a: Iron Hands\n|\n|-heal|p1b: Ting-Lu|83\/100|[from] item: Leftovers\n|-damage|p2a: Iron Hands|64\/100 tox|[from] psn\n|-fieldend|move: Trick Room\n|upkeep\n|turn|11\n|inactive|chaddy18 has 120 seconds left.\n|inactive|JammerJr has 120 seconds left.\n|\n|t:|1697462863\n|move|p1a: Goodra|Protect|p1a: Goodra\n|-singleturn|p1a: Goodra|Protect\n|move|p2a: Iron Hands|Fake Out|p1a: Goodra\n|-activate|p1a: Goodra|move: Protect\n|move|p1b: Ting-Lu|Whirlwind|p2a: Iron Hands\n|-end|p2a: Iron Hands|Quark Drive|[silent]\n|drag|p2a: Ursaluna|Ursaluna-Bloodmoon, M|63\/100\n|-damage|p2a: Ursaluna|38\/100|[from] Spikes\n|-damage|p2a: Ursaluna|32\/100|[from] Stealth Rock\n|-status|p2a: Ursaluna|tox\n|move|p2b: Cresselia|Trick Room|p2b: Cresselia\n|-fieldstart|move: Trick Room|[of] p2b: Cresselia\n|\n|-heal|p1b: Ting-Lu|90\/100|[from] item: Leftovers\n|-damage|p2a: Ursaluna|26\/100 tox|[from] psn\n|upkeep\n|turn|12\n|inactive|chaddy18 has 120 seconds left.\n|inactive|JammerJr has 120 seconds left.\n|inactive|JammerJr has 90 seconds left.\n|inactive|JammerJr has 60 seconds left.\n|\n|t:|1697462972\n|move|p2a: Ursaluna|Headlong Rush|p1a: Goodra\n|-supereffective|p1a: Goodra\n|-damage|p1a: Goodra|20\/100\n|-unboost|p2a: Ursaluna|def|1\n|-unboost|p2a: Ursaluna|spd|1\n|move|p2b: Cresselia|Lunar Blessing|p2b: Cresselia|[spread] p2a,p2b\n|-heal|p2a: Ursaluna|51\/100 tox\n|-curestatus|p2a: Ursaluna|tox|[msg]\n|move|p1b: Ting-Lu|Whirlwind|p2a: Ursaluna\n|drag|p2a: Right Nut|Regidrago, tera:Steel|60\/100\n|-damage|p2a: Right Nut|35\/100|[from] Spikes\n|-damage|p2a: Right Nut|29\/100|[from] Stealth Rock\n|move|p1a: Goodra|Dragon Tail|p2a: Right Nut\n|-resisted|p2a: Right Nut\n|-damage|p2a: Right Nut|19\/100\n|drag|p2a: Ursaluna|Ursaluna-Bloodmoon, M|51\/100\n|-damage|p2a: Ursaluna|26\/100|[from] Spikes\n|-damage|p2a: Ursaluna|20\/100|[from] Stealth Rock\n|-status|p2a: Ursaluna|tox\n|\n|-heal|p1b: Ting-Lu|96\/100|[from] item: Leftovers\n|-damage|p2a: Ursaluna|14\/100 tox|[from] psn\n|upkeep\n|turn|13\n|\n|t:|1697462995\n|move|p1a: Goodra|Protect|p1a: Goodra\n|-singleturn|p1a: Goodra|Protect\n|move|p2a: Ursaluna|Headlong Rush|p1a: Goodra\n|-activate|p1a: Goodra|move: Protect\n|move|p2b: Cresselia|Lunar Blessing|p2b: Cresselia|[spread] p2a,p2b\n|-heal|p2a: Ursaluna|39\/100 tox\n|-curestatus|p2a: Ursaluna|tox|[msg]\n|move|p1b: Ting-Lu|Whirlwind|p2a: Ursaluna\n|drag|p2a: Right Nut|Regidrago, tera:Steel|19\/100\n|-damage|p2a: Right Nut|0 fnt|[from] Spikes\n|faint|p2a: Right Nut\n|\n|-heal|p1b: Ting-Lu|100\/100|[from] item: Leftovers\n|upkeep\n|\n|t:|1697463004\n|switch|p2a: Ursaluna|Ursaluna-Bloodmoon, M|39\/100\n|-damage|p2a: Ursaluna|14\/100|[from] Spikes\n|-damage|p2a: Ursaluna|8\/100|[from] Stealth Rock\n|-status|p2a: Ursaluna|tox\n|turn|14\n|\n|t:|1697463024\n|move|p1a: Goodra|Protect|p1a: Goodra\n|-singleturn|p1a: Goodra|Protect\n|move|p2a: Ursaluna|Headlong Rush|p1a: Goodra\n|-activate|p1a: Goodra|move: Protect\n|move|p2b: Cresselia|Lunar Blessing|p2b: Cresselia|[spread] p2a,p2b\n|-heal|p2a: Ursaluna|33\/100 tox\n|-curestatus|p2a: Ursaluna|tox|[msg]\n|move|p1b: Ting-Lu|Whirlwind|p2a: Ursaluna\n|drag|p2a: Torkoal|Torkoal, F|63\/100\n|-damage|p2a: Torkoal|39\/100|[from] Spikes\n|-damage|p2a: Torkoal|14\/100|[from] Stealth Rock\n|-status|p2a: Torkoal|tox\n|-weather|SunnyDay|[from] ability: Drought|[of] p2a: Torkoal\n|\n|-weather|SunnyDay|[upkeep]\n|-damage|p2a: Torkoal|8\/100 tox|[from] psn\n|upkeep\n|turn|15\n|inactive|JammerJr has 90 seconds left.\n|\n|t:|1697463056\n|move|p2a: Torkoal|Earth Power|p1a: Goodra\n|-supereffective|p1a: Goodra\n|-damage|p1a: Goodra|0 fnt\n|faint|p1a: Goodra\n|move|p2b: Cresselia|Psychic|p1b: Ting-Lu\n|-damage|p1b: Ting-Lu|88\/100\n|move|p1b: Ting-Lu|Whirlwind|p2b: Cresselia\n|drag|p2b: Ursaluna|Ursaluna-Bloodmoon, M|33\/100\n|-damage|p2b: Ursaluna|8\/100|[from] Spikes\n|-damage|p2b: Ursaluna|2\/100|[from] Stealth Rock\n|-status|p2b: Ursaluna|tox\n|\n|-weather|SunnyDay|[upkeep]\n|-heal|p1b: Ting-Lu|95\/100|[from] item: Leftovers\n|-damage|p2a: Torkoal|0 fnt|[from] psn\n|faint|p2a: Torkoal\n|-damage|p2b: Ursaluna|0 fnt|[from] psn\n|faint|p2b: Ursaluna\n|-fieldend|move: Trick Room\n|upkeep\n|inactive|JammerJr has 90 seconds left.\n|\n|t:|1697463062\n|switch|p2b: Cresselia|Cresselia, F|100\/100\n|switch|p2a: Iron Hands|Iron Hands|64\/100 tox\n|-damage|p2b: Cresselia|88\/100|[from] Stealth Rock\n|-damage|p2a: Iron Hands|39\/100 tox|[from] Spikes\n|-damage|p2a: Iron Hands|33\/100 tox|[from] Stealth Rock\n|turn|16\n|\n|t:|1697463085\n|move|p2b: Cresselia|Lunar Blessing|p2b: Cresselia|[spread] p2a,p2b\n|-heal|p2a: Iron Hands|58\/100 tox\n|-curestatus|p2a: Iron Hands|tox|[msg]\n|-heal|p2b: Cresselia|100\/100\n|move|p2a: Iron Hands|Wild Charge|p1b: Ting-Lu\n|-damage|p1b: Ting-Lu|69\/100\n|-damage|p2a: Iron Hands|52\/100|[from] Recoil\n|move|p1b: Ting-Lu|Throat Chop|p2a: Iron Hands\n|-resisted|p2a: Iron Hands\n|-damage|p2a: Iron Hands|43\/100\n|-start|p2a: Iron Hands|Throat Chop|[silent]\n|\n|-weather|SunnyDay|[upkeep]\n|-heal|p1b: Ting-Lu|75\/100|[from] item: Leftovers\n|upkeep\n|turn|17\n|c|\u2606chaddy18|had to have that ONE lunar blessing left\n|c|\u2606chaddy18|lol\n|c|\u2606chaddy18|best laid plans\n|\n|t:|1697463103\n|move|p2b: Cresselia|Psychic|p1b: Ting-Lu\n|-damage|p1b: Ting-Lu|62\/100\n|move|p2a: Iron Hands|Wild Charge|p1b: Ting-Lu\n|-damage|p1b: Ting-Lu|39\/100\n|-damage|p2a: Iron Hands|37\/100|[from] Recoil\n|move|p1b: Ting-Lu|Throat Chop|p2a: Iron Hands\n|-resisted|p2a: Iron Hands\n|-damage|p2a: Iron Hands|28\/100\n|\n|-weather|SunnyDay|[upkeep]\n|-heal|p1b: Ting-Lu|45\/100|[from] item: Leftovers\n|-end|p2a: Iron Hands|Throat Chop|[silent]\n|upkeep\n|turn|18\n|\n|t:|1697463115\n|move|p1b: Ting-Lu|Protect|p1b: Ting-Lu\n|-singleturn|p1b: Ting-Lu|Protect\n|move|p2b: Cresselia|Psychic|p1b: Ting-Lu\n|-activate|p1b: Ting-Lu|move: Protect\n|move|p2a: Iron Hands|Wild Charge|p1b: Ting-Lu\n|-activate|p1b: Ting-Lu|move: Protect\n|\n|-weather|none\n|-heal|p1b: Ting-Lu|51\/100|[from] item: Leftovers\n|upkeep\n|turn|19\n|\n|t:|1697463124\n|move|p2b: Cresselia|Psychic|p1b: Ting-Lu\n|-damage|p1b: Ting-Lu|38\/100\n|move|p2a: Iron Hands|Wild Charge|p1b: Ting-Lu\n|-damage|p1b: Ting-Lu|12\/100\n|-damage|p2a: Iron Hands|22\/100|[from] Recoil\n|move|p1b: Ting-Lu|Body Press|p2a: Iron Hands\n|-damage|p2a: Iron Hands|2\/100\n|\n|-heal|p1b: Ting-Lu|18\/100|[from] item: Leftovers\n|upkeep\n|turn|20\n|\n|t:|1697463139\n|move|p1b: Ting-Lu|Protect|p1b: Ting-Lu\n|-singleturn|p1b: Ting-Lu|Protect\n|move|p2b: Cresselia|Psychic|p1b: Ting-Lu\n|-activate|p1b: Ting-Lu|move: Protect\n|move|p2a: Iron Hands|Wild Charge|p1b: Ting-Lu\n|-activate|p1b: Ting-Lu|move: Protect\n|\n|-heal|p1b: Ting-Lu|24\/100|[from] item: Leftovers\n|upkeep\n|turn|21\n|\n|t:|1697463150\n|move|p2b: Cresselia|Psychic|p1b: Ting-Lu\n|-damage|p1b: Ting-Lu|12\/100\n|move|p2a: Iron Hands|Wild Charge|p1b: Ting-Lu\n|-damage|p1b: Ting-Lu|0 fnt\n|faint|p1b: Ting-Lu\n|-damage|p2a: Iron Hands|0 fnt|[from] Recoil\n|faint|p2a: Iron Hands\n|-end|p2a: Iron Hands|Quark Drive|[silent]\n|\n|win|JammerJr\n|raw|chaddy18's rating: 1385 &rarr; <strong>1368<\/strong><br \/>(-17 for losing)\n|raw|JammerJr's rating: 1437 &rarr; <strong>1454<\/strong><br \/>(+17 for winning)\n|l|\u2606chaddy18\n|c|\u2606JammerJr|ggs\n","uploadtime":1697463678,"views":16,"p1id":"chaddy18","p2id":"jammerjr","formatid":"gen9doublesou","rating":1368,"private":0,"password":""}