{"id":"gen9doublesou-1999304174","p1":"vegetasfeet","p2":"JoshLove2020","format":"[Gen 9] Doubles OU","log":"|j|\u2606vegetasfeet\n|j|\u2606JoshLove2020\n|t:|1701057538\n|gametype|doubles\n|player|p1|vegetasfeet|brycen|1330\n|player|p2|JoshLove2020|265|1312\n|teamsize|p1|6\n|teamsize|p2|6\n|gen|9\n|tier|[Gen 9] Doubles OU\n|rated|\n|rule|Species Clause: Limit one of each Pok\u00e9mon\n|rule|OHKO Clause: OHKO moves are banned\n|rule|Evasion Moves Clause: Evasion moves are banned\n|rule|Gravity Sleep Clause: The combination of sleep-inducing moves with imperfect accuracy and Gravity or Gigantamax Orbeetle are banned\n|rule|Endless Battle Clause: Forcing endless battles is banned\n|rule|HP Percentage Mod: HP is shown in percentages\n|clearpoke\n|poke|p1|Scizor, F|\n|poke|p1|Tornadus, M|\n|poke|p1|Chien-Pao|\n|poke|p1|Iron Hands|\n|poke|p1|Volcanion|\n|poke|p1|Great Tusk|\n|poke|p2|Chi-Yu|\n|poke|p2|Flutter Mane|\n|poke|p2|Iron Hands|\n|poke|p2|Tornadus, M|\n|poke|p2|Iron Bundle|\n|poke|p2|Amoonguss, M|\n|teampreview\n|\n|t:|1701057617\n|start\n|switch|p1a: Druski|Iron Hands|100\/100\n|switch|p1b: YN Jay|Tornadus, M|100\/100\n|switch|p2a: Iron Hands|Iron Hands|100\/100\n|switch|p2b: Flutter Mane|Flutter Mane|100\/100\n|turn|1\n|\n|t:|1701057789\n|-end|p2b: Flutter Mane|Protosynthesis|[silent]\n|switch|p2b: Tornadus|Tornadus, M|100\/100\n|-end|p2a: Iron Hands|Quark Drive|[silent]\n|switch|p2a: Amoonguss|Amoonguss, M|100\/100\n|move|p1a: Druski|Fake Out|p2a: Amoonguss\n|-damage|p2a: Amoonguss|86\/100\n|-damage|p1a: Druski|84\/100|[from] item: Rocky Helmet|[of] p2a: Amoonguss\n|move|p1b: YN Jay|Tailwind|p1b: YN Jay\n|-sidestart|p1: vegetasfeet|move: Tailwind\n|\n|upkeep\n|turn|2\n|\n|t:|1701057850\n|move|p2a: Amoonguss|Rage Powder|p2a: Amoonguss\n|-singleturn|p2a: Amoonguss|move: Rage Powder\n|move|p2b: Tornadus|Tailwind|p2b: Tornadus\n|-sidestart|p2: JoshLove2020|move: Tailwind\n|move|p1b: YN Jay|Bleakwind Storm|p2a: Amoonguss|[spread] p2a\n|-miss|p1b: YN Jay|p2b: Tornadus\n|-supereffective|p2a: Amoonguss\n|-damage|p2a: Amoonguss|29\/100\n|move|p1a: Druski|Wild Charge|p2a: Amoonguss\n|-resisted|p2a: Amoonguss\n|-damage|p2a: Amoonguss|6\/100\n|-damage|p1a: Druski|68\/100|[from] item: Rocky Helmet|[of] p2a: Amoonguss\n|-damage|p1a: Druski|63\/100|[from] Recoil\n|\n|upkeep\n|turn|3\n|\n|t:|1701057884\n|switch|p2b: Iron Hands|Iron Hands|100\/100\n|move|p2a: Amoonguss|Protect|p2a: Amoonguss\n|-singleturn|p2a: Amoonguss|Protect\n|move|p1b: YN Jay|Bleakwind Storm|p2a: Amoonguss|[spread] p2b\n|-activate|p2a: Amoonguss|move: Protect\n|-damage|p2b: Iron Hands|76\/100\n|move|p1a: Druski|Volt Switch|p2b: Iron Hands\n|-resisted|p2b: Iron Hands\n|-damage|p2b: Iron Hands|73\/100\n|\n|t:|1701057922\n|-end|p1a: Druski|Quark Drive|[silent]\n|switch|p1a: Volcanion|Volcanion|100\/100|[from] Volt Switch\n|\n|upkeep\n|turn|4\n|\n|t:|1701057957\n|switch|p1a: Great Tusk|Great Tusk|100\/100\n|switch|p2a: Flutter Mane|Flutter Mane|100\/100\n|move|p1b: YN Jay|Taunt|p2a: Flutter Mane\n|-start|p2a: Flutter Mane|move: Taunt\n|move|p2b: Iron Hands|Thunder Punch|p1a: Great Tusk\n|-immune|p1a: Great Tusk\n|\n|-sideend|p1: vegetasfeet|move: Tailwind\n|upkeep\n|turn|5\n|\n|t:|1701057981\n|-end|p1a: Great Tusk|Protosynthesis|[silent]\n|switch|p1a: Kawhi Leonard|Scizor, F|100\/100\n|move|p1b: YN Jay|Tailwind|p1b: YN Jay\n|-sidestart|p1: vegetasfeet|move: Tailwind\n|move|p2a: Flutter Mane|Moonblast|p1a: Kawhi Leonard\n|-resisted|p1a: Kawhi Leonard\n|-damage|p1a: Kawhi Leonard|72\/100\n|move|p2b: Iron Hands|Thunder Punch|p1b: YN Jay\n|-supereffective|p1b: YN Jay\n|-enditem|p1b: YN Jay|Focus Sash\n|-damage|p1b: YN Jay|1\/100\n|\n|-sideend|p2: JoshLove2020|move: Tailwind\n|upkeep\n|turn|6\n|\n|t:|1701058011\n|-end|p2a: Flutter Mane|Protosynthesis|[silent]\n|switch|p2a: Amoonguss|Amoonguss, M|39\/100\n|move|p1a: Kawhi Leonard|Bullet Punch|p2a: Amoonguss\n|-damage|p2a: Amoonguss|0 fnt\n|-damage|p1a: Kawhi Leonard|55\/100|[from] item: Rocky Helmet|[of] p2a: Amoonguss\n|faint|p2a: Amoonguss\n|move|p1b: YN Jay|Bleakwind Storm|p2b: Iron Hands\n|-damage|p2b: Iron Hands|44\/100\n|move|p2b: Iron Hands|Volt Switch|p1b: YN Jay\n|-supereffective|p1b: YN Jay\n|-damage|p1b: YN Jay|0 fnt\n|faint|p1b: YN Jay\n|-message|JoshLove2020 forfeited.\n|\n|win|vegetasfeet\n|raw|vegetasfeet's rating: 1330 &rarr; <strong>1349<\/strong><br \/>(+19 for winning)\n|raw|JoshLove2020's rating: 1308 &rarr; <strong>1289<\/strong><br \/>(-19 for losing)\n|l|\u2606JoshLove2020\n","uploadtime":1701058041,"views":11,"p1id":"vegetasfeet","p2id":"joshlove2020","formatid":"gen9doublesou","rating":1289,"private":0,"password":""}