{"id":"gen9doublesou-1977381653","p1":"BagelsRWarm","p2":"asdxwerq","format":"[Gen 9] Doubles OU","log":"|j|\u2606BagelsRWarm\n|j|\u2606asdxwerq\n|t:|1698411915\n|gametype|doubles\n|player|p1|BagelsRWarm|ingo|1064\n|player|p2|asdxwerq|265|1167\n|teamsize|p1|6\n|teamsize|p2|6\n|gen|9\n|tier|[Gen 9] Doubles OU\n|rated|\n|rule|Species Clause: Limit one of each Pok\u00e9mon\n|rule|OHKO Clause: OHKO moves are banned\n|rule|Evasion Moves Clause: Evasion moves are banned\n|rule|Gravity Sleep Clause: The combination of sleep-inducing moves with imperfect accuracy and Gravity or Gigantamax Orbeetle are banned\n|rule|Endless Battle Clause: Forcing endless battles is banned\n|rule|HP Percentage Mod: HP is shown in percentages\n|clearpoke\n|poke|p1|Lurantis, M|\n|poke|p1|Arboliva, M|\n|poke|p1|Espeon, M|\n|poke|p1|Dragapult, F|\n|poke|p1|Flutter Mane|\n|poke|p1|Dipplin, F|\n|poke|p2|Torkoal, M|\n|poke|p2|Lilligant-Hisui, F|\n|poke|p2|Charizard, M|\n|poke|p2|Regidrago|\n|poke|p2|Regieleki|\n|poke|p2|Pawmot, M|\n|teampreview\n|inactive|Battle timer is ON: inactive players will automatically lose when time's up. (requested by BagelsRWarm)\n|inactive|asdxwerq also wants the timer to be on.\n|\n|t:|1698411926\n|start\n|switch|p1a: AM REAL BUG|Lurantis, M, shiny|100\/100\n|switch|p1b: Thespian|Espeon, M|100\/100\n|switch|p2a: Torkoal|Torkoal, M|100\/100\n|switch|p2b: Lilligant|Lilligant-Hisui, F|100\/100\n|-weather|SunnyDay|[from] ability: Drought|[of] p2a: Torkoal\n|turn|1\n|\n|t:|1698411940\n|-terastallize|p2a: Torkoal|Fire\n|move|p2b: Lilligant|After You|p2a: Torkoal\n|-activate|p2a: Torkoal|move: After You\n|move|p2a: Torkoal|Eruption|p1a: AM REAL BUG|[spread] p1a,p1b\n|-supereffective|p1a: AM REAL BUG\n|-damage|p1a: AM REAL BUG|0 fnt\n|-enditem|p1b: Thespian|Focus Sash\n|-damage|p1b: Thespian|1\/100\n|faint|p1a: AM REAL BUG\n|move|p1b: Thespian|Skill Swap|p2b: Lilligant\n|-activate|p1b: Thespian|move: Skill Swap|Chlorophyll|Magic Bounce|[of] p2b: Lilligant\n|\n|-weather|SunnyDay|[upkeep]\n|upkeep\n|\n|t:|1698411966\n|switch|p1a: Gapple|Dipplin, F, shiny|100\/100\n|turn|2\n|\n|t:|1698411980\n|switch|p2b: Pawmot|Pawmot, M|100\/100\n|switch|p2a: Regieleki|Regieleki|100\/100\n|move|p1b: Thespian|Psychic|p2b: Pawmot\n|-supereffective|p2b: Pawmot\n|-damage|p2b: Pawmot|0 fnt\n|faint|p2b: Pawmot\n|move|p1a: Gapple|Draco Meteor|p2a: Regieleki\n|-damage|p2a: Regieleki|2\/100\n|-unboost|p1a: Gapple|spa|2\n|\n|-weather|SunnyDay|[upkeep]\n|upkeep\n|\n|t:|1698411999\n|switch|p2b: Lilligant|Lilligant-Hisui, F|100\/100\n|turn|3\n|\n|t:|1698412023\n|move|p2a: Regieleki|Extreme Speed|p1b: Thespian\n|-damage|p1b: Thespian|0 fnt\n|faint|p1b: Thespian\n|move|p2b: Lilligant|Ice Spinner|p1a: Gapple\n|-supereffective|p1a: Gapple\n|-damage|p1a: Gapple|52\/100\n|move|p1a: Gapple|Pollen Puff|p1: Thespian|[notarget]\n|-fail|p1a: Gapple\n|\n|-weather|SunnyDay|[upkeep]\n|upkeep\n|inactive|BagelsRWarm has 120 seconds left.\n|\n|t:|1698412041\n|switch|p1b: kelly the kool|Arboliva, M|100\/100\n|turn|4\n|\n|t:|1698412057\n|switch|p2a: Torkoal|Torkoal, M, tera:Fire|100\/100\n|move|p2b: Lilligant|Pollen Puff|p2a: Torkoal\n|-immune|p2a: Torkoal\n|move|p1a: Gapple|Recover|p1a: Gapple\n|-heal|p1a: Gapple|100\/100\n|move|p1b: kelly the kool|Giga Drain|p2a: Torkoal\n|-resisted|p2a: Torkoal\n|-damage|p2a: Torkoal|71\/100\n|\n|-weather|SunnyDay|[upkeep]\n|upkeep\n|turn|5\n|inactive|BagelsRWarm has 120 seconds left.\n|\n|t:|1698412097\n|switch|p1a: Kid Launcher 3000|Dragapult, F, shiny|100\/100\n|-terastallize|p1b: kelly the kool|Rock\n|move|p2b: Lilligant|After You|p2a: Torkoal\n|-activate|p2a: Torkoal|move: After You\n|move|p2a: Torkoal|Eruption|p1a: Kid Launcher 3000|[spread] p1a,p1b\n|-resisted|p1a: Kid Launcher 3000\n|-resisted|p1b: kelly the kool\n|-damage|p1a: Kid Launcher 3000|30\/100\n|-damage|p1b: kelly the kool|54\/100\n|-fieldstart|move: Grassy Terrain|[from] ability: Seed Sower|[of] p1b: kelly the kool\n|move|p1b: kelly the kool|Tera Blast|p2a: Torkoal|[anim] Tera Blast Rock\n|-supereffective|p2a: Torkoal\n|-damage|p2a: Torkoal|0 fnt\n|faint|p2a: Torkoal\n|\n|-weather|none\n|-heal|p1a: Kid Launcher 3000|36\/100|[from] Grassy Terrain\n|-heal|p1a: Kid Launcher 3000|42\/100|[from] item: Leftovers\n|-heal|p1b: kelly the kool|60\/100|[from] Grassy Terrain\n|upkeep\n|\n|t:|1698412108\n|switch|p2a: Regidrago|Regidrago|100\/100\n|turn|6\n|inactive|BagelsRWarm has 120 seconds left.\n|inactive|asdxwerq has 120 seconds left.\n|\n|t:|1698412144\n|switch|p2a: Regieleki|Regieleki|2\/100\n|move|p1a: Kid Launcher 3000|Dragon Darts|p2a: Regieleki\n|-damage|p2a: Regieleki|0 fnt\n|-anim|p1a: Kid Launcher 3000|Dragon Darts|p2b: Lilligant\n|-damage|p2b: Lilligant|68\/100\n|faint|p2a: Regieleki\n|move|p2b: Lilligant|Ice Spinner|p1a: Kid Launcher 3000\n|-supereffective|p1a: Kid Launcher 3000\n|-damage|p1a: Kid Launcher 3000|0 fnt\n|-start|p2b: Lilligant|Disable|Ice Spinner|[from] ability: Cursed Body|[of] p1a: Kid Launcher 3000\n|-fieldend|move: Grassy Terrain\n|faint|p1a: Kid Launcher 3000\n|move|p1b: kelly the kool|Terrain Pulse|p2b: Lilligant\n|-damage|p2b: Lilligant|35\/100\n|\n|upkeep\n|\n|t:|1698412161\n|switch|p2a: Regidrago|Regidrago|100\/100\n|switch|p1a: No Nasty Plot?|Flutter Mane|100\/100\n|-enditem|p1a: No Nasty Plot?|Booster Energy\n|-activate|p1a: No Nasty Plot?|ability: Protosynthesis|[fromitem]\n|-start|p1a: No Nasty Plot?|protosynthesisspe\n|turn|7\n|\n|t:|1698412187\n|move|p1a: No Nasty Plot?|Moonblast|p2a: Regidrago\n|-supereffective|p2a: Regidrago\n|-damage|p2a: Regidrago|0 fnt\n|faint|p2a: Regidrago\n|move|p2b: Lilligant|Pollen Puff|p2: Regidrago|[notarget]\n|-fail|p2b: Lilligant\n|move|p1b: kelly the kool|Giga Drain|p2b: Lilligant\n|-resisted|p2b: Lilligant\n|-damage|p2b: Lilligant|10\/100\n|-heal|p1b: kelly the kool|71\/100|[from] drain|[of] p2b: Lilligant\n|\n|upkeep\n|\n|t:|1698412190\n|switch|p2a: Charizard|Charizard, M|100\/100\n|turn|8\n|\n|t:|1698412207\n|move|p1a: No Nasty Plot?|Mystical Fire|p2a: Charizard\n|-resisted|p2a: Charizard\n|-damage|p2a: Charizard|82\/100\n|-unboost|p2a: Charizard|spa|1\n|move|p2a: Charizard|Heat Wave|p1b: kelly the kool|[spread] p1a,p1b\n|-resisted|p1b: kelly the kool\n|-damage|p1a: No Nasty Plot?|65\/100\n|-damage|p1b: kelly the kool|56\/100\n|-fieldstart|move: Grassy Terrain|[from] ability: Seed Sower|[of] p1b: kelly the kool\n|move|p2b: Lilligant|Pollen Puff|p2a: Charizard\n|-heal|p2a: Charizard|100\/100\n|move|p1b: kelly the kool|Tera Blast|p2b: Lilligant|[anim] Tera Blast Rock\n|-resisted|p2b: Lilligant\n|-damage|p2b: Lilligant|0 fnt\n|faint|p2b: Lilligant\n|\n|-heal|p1a: No Nasty Plot?|71\/100|[from] Grassy Terrain\n|-heal|p1b: kelly the kool|62\/100|[from] Grassy Terrain\n|upkeep\n|turn|9\n|\n|t:|1698412225\n|move|p1a: No Nasty Plot?|Moonblast|p2a: Charizard\n|-resisted|p2a: Charizard\n|-damage|p2a: Charizard|66\/100\n|move|p2a: Charizard|Heat Wave|p1a: No Nasty Plot?|[spread] p1a,p1b\n|-resisted|p1b: kelly the kool\n|-damage|p1a: No Nasty Plot?|38\/100\n|-damage|p1b: kelly the kool|46\/100\n|move|p1b: kelly the kool|Tera Blast|p2a: Charizard|[anim] Tera Blast Rock\n|-supereffective|p2a: Charizard\n|-damage|p2a: Charizard|0 fnt\n|faint|p2a: Charizard\n|\n|win|BagelsRWarm\n|raw|BagelsRWarm's rating: 1064 &rarr; <strong>1103<\/strong><br \/>(+39 for winning)\n|raw|asdxwerq's rating: 1167 &rarr; <strong>1135<\/strong><br \/>(-32 for losing)\n|c|\u2606asdxwerq|gg\n|c|\u2606BagelsRWarm|Gg\n|l|\u2606asdxwerq\n","uploadtime":1698412250,"views":20,"p1id":"bagelsrwarm","p2id":"asdxwerq","formatid":"gen9doublesou","rating":1103,"private":0,"password":""}