{"id":"gen9doublesou-1993122855","p1":"Kiky14","p2":"ELTranon","format":"[Gen 9] Doubles OU","log":"|j|\u2606Kiky14\n|j|\u2606ELTranon\n|t:|1700267449\n|gametype|doubles\n|player|p1|Kiky14|hilda-wonderlauncher|1388\n|player|p2|ELTranon|steven|1372\n|teamsize|p1|6\n|teamsize|p2|6\n|gen|9\n|tier|[Gen 9] Doubles OU\n|rated|\n|rule|Species Clause: Limit one of each Pok\u00e9mon\n|rule|OHKO Clause: OHKO moves are banned\n|rule|Evasion Moves Clause: Evasion moves are banned\n|rule|Gravity Sleep Clause: The combination of sleep-inducing moves with imperfect accuracy and Gravity or Gigantamax Orbeetle are banned\n|rule|Endless Battle Clause: Forcing endless battles is banned\n|rule|HP Percentage Mod: HP is shown in percentages\n|clearpoke\n|poke|p1|Sinistcha|\n|poke|p1|Iron Hands|\n|poke|p1|Arcanine-Hisui, M|\n|poke|p1|Ogerpon-Wellspring, F|\n|poke|p1|Cresselia, F|\n|poke|p1|Landorus-Therian, M|\n|poke|p2|Grimmsnarl, M|\n|poke|p2|Flutter Mane|\n|poke|p2|Heatran, F|\n|poke|p2|Thundurus-Therian, M|\n|poke|p2|Charjabug, M|\n|poke|p2|Tornadus, M|\n|teampreview\n|inactive|Battle timer is ON: inactive players will automatically lose when time's up. (requested by ELTranon)\n|\n|t:|1700267478\n|start\n|switch|p1a: Landorus|Landorus-Therian, M|100\/100\n|switch|p1b: Iron Hands|Iron Hands|100\/100\n|switch|p2a: Thundurus|Thundurus-Therian, M|100\/100\n|switch|p2b: Tornadus|Tornadus, M|100\/100\n|-ability|p1a: Landorus|Intimidate|boost\n|-unboost|p2a: Thundurus|atk|1\n|-unboost|p2b: Tornadus|atk|1\n|turn|1\n|\n|t:|1700267506\n|-terastallize|p2a: Thundurus|Water\n|move|p1b: Iron Hands|Fake Out|p2b: Tornadus\n|-damage|p2b: Tornadus|77\/100\n|cant|p2b: Tornadus|flinch\n|move|p1a: Landorus|Rock Slide|p2b: Tornadus|[spread] p2b\n|-miss|p1a: Landorus|p2a: Thundurus\n|-supereffective|p2b: Tornadus\n|-damage|p2b: Tornadus|13\/100\n|move|p2a: Thundurus|Tera Blast|p1a: Landorus|[anim] Tera Blast Water\n|-supereffective|p1a: Landorus\n|-damage|p1a: Landorus|0 fnt\n|faint|p1a: Landorus\n|\n|upkeep\n|inactive|Kiky14 has 120 seconds left.\n|\n|t:|1700267528\n|switch|p1a: Cresselia|Cresselia, F|100\/100\n|turn|2\n|\n|t:|1700267537\n|move|p2b: Tornadus|Rain Dance|p2b: Tornadus\n|-weather|RainDance\n|move|p2a: Thundurus|Tera Blast|p1b: Iron Hands|[anim] Tera Blast Water\n|-crit|p1b: Iron Hands\n|-damage|p1b: Iron Hands|0 fnt\n|faint|p1b: Iron Hands\n|-end|p1b: Iron Hands|Quark Drive|[silent]\n|move|p1a: Cresselia|Icy Wind|p2a: Thundurus|[spread] p2a,p2b\n|-resisted|p2a: Thundurus\n|-supereffective|p2b: Tornadus\n|-damage|p2a: Thundurus|95\/100\n|-damage|p2b: Tornadus|0 fnt\n|-unboost|p2a: Thundurus|spe|1\n|faint|p2b: Tornadus\n|\n|-weather|RainDance|[upkeep]\n|upkeep\n|\n|t:|1700267552\n|switch|p2b: Charjabug|Charjabug, M|100\/100\n|switch|p1b: Ogerpon|Ogerpon-Wellspring, F|100\/100\n|turn|3\n|\n|t:|1700267566\n|move|p1b: Ogerpon|Leech Seed|p2b: Charjabug\n|-start|p2b: Charjabug|move: Leech Seed\n|move|p2a: Thundurus|Tera Blast|p1a: Cresselia|[anim] Tera Blast Water\n|-damage|p1a: Cresselia|21\/100\n|move|p1a: Cresselia|Light Screen|p1a: Cresselia\n|-sidestart|p1: Kiky14|move: Light Screen\n|move|p2b: Charjabug|Thunder Wave|p1b: Ogerpon\n|-status|p1b: Ogerpon|par\n|\n|-weather|RainDance|[upkeep]\n|-damage|p2b: Charjabug|88\/100|[from] Leech Seed|[of] p1b: Ogerpon\n|upkeep\n|turn|4\n|\n|t:|1700267589\n|move|p2a: Thundurus|Tera Blast|p1a: Cresselia|[anim] Tera Blast Water\n|-damage|p1a: Cresselia|0 fnt\n|faint|p1a: Cresselia\n|move|p1b: Ogerpon|Leech Seed|p2a: Thundurus\n|-start|p2a: Thundurus|move: Leech Seed\n|move|p2b: Charjabug|Sticky Web|p1b: Ogerpon\n|-sidestart|p1: Kiky14|move: Sticky Web\n|\n|-weather|RainDance|[upkeep]\n|-damage|p2a: Thundurus|83\/100|[from] Leech Seed|[of] p1b: Ogerpon\n|-damage|p2b: Charjabug|76\/100|[from] Leech Seed|[of] p1b: Ogerpon\n|upkeep\n|\n|t:|1700267595\n|switch|p1a: Sinistcha|Sinistcha|100\/100\n|-activate|p1a: Sinistcha|move: Sticky Web\n|-unboost|p1a: Sinistcha|spe|1\n|turn|5\n|\n|t:|1700267606\n|switch|p2a: Heatran|Heatran, F|100\/100\n|switch|p2b: Grimmsnarl|Grimmsnarl, M|100\/100\n|move|p1b: Ogerpon|Ivy Cudgel|p2b: Grimmsnarl|[anim] Ivy Cudgel Water\n|-damage|p2b: Grimmsnarl|29\/100\n|move|p1a: Sinistcha|Matcha Gotcha|p2a: Heatran|[spread] p2a,p2b\n|-resisted|p2a: Heatran\n|-damage|p2a: Heatran|96\/100\n|-damage|p2b: Grimmsnarl|7\/100\n|\n|-weather|RainDance|[upkeep]\n|upkeep\n|turn|6\n|\n|t:|1700267627\n|move|p2b: Grimmsnarl|Reflect|p2b: Grimmsnarl\n|-sidestart|p2: ELTranon|Reflect\n|move|p2a: Heatran|Flash Cannon|p1b: Ogerpon\n|-resisted|p1b: Ogerpon\n|-damage|p1b: Ogerpon|88\/100 par\n|-unboost|p1b: Ogerpon|spd|1\n|move|p1b: Ogerpon|Ivy Cudgel|p2a: Heatran|[anim] Ivy Cudgel Water\n|-supereffective|p2a: Heatran\n|-damage|p2a: Heatran|13\/100\n|-enditem|p2a: Heatran|Aguav Berry|[eat]\n|-heal|p2a: Heatran|47\/100|[from] item: Aguav Berry\n|move|p1a: Sinistcha|Matcha Gotcha|p2b: Grimmsnarl|[spread] p2a,p2b\n|-resisted|p2a: Heatran\n|-damage|p2a: Heatran|41\/100\n|-damage|p2b: Grimmsnarl|0 fnt\n|faint|p2b: Grimmsnarl\n|\n|-weather|none\n|upkeep\n|inactive|ELTranon has 120 seconds left.\n|\n|t:|1700267645\n|switch|p2b: Flutter Mane|Flutter Mane|100\/100\n|-enditem|p2b: Flutter Mane|Booster Energy\n|-activate|p2b: Flutter Mane|ability: Protosynthesis|[fromitem]\n|-start|p2b: Flutter Mane|protosynthesisspa\n|turn|7\n|\n|t:|1700267662\n|switch|p1a: Arcanine|Arcanine-Hisui, M|100\/100\n|-activate|p1a: Arcanine|move: Sticky Web\n|-unboost|p1a: Arcanine|spe|1\n|-ability|p1a: Arcanine|Intimidate|boost\n|-unboost|p2a: Heatran|atk|1\n|-unboost|p2b: Flutter Mane|atk|1\n|-terastallize|p1b: Ogerpon|Water\n|detailschange|p1b: Ogerpon|Ogerpon-Wellspring-Tera, F, tera:Water\n|-ability|p1b: Ogerpon|Embody Aspect (Wellspring)|boost\n|-boost|p1b: Ogerpon|spd|1\n|move|p2b: Flutter Mane|Dazzling Gleam|p1a: Arcanine|[spread] p1a,p1b\n|-resisted|p1a: Arcanine\n|-damage|p1a: Arcanine|85\/100\n|-damage|p1b: Ogerpon|62\/100 par\n|move|p2a: Heatran|Burning Jealousy|p1b: Ogerpon|[spread] p1a,p1b\n|-resisted|p1a: Arcanine\n|-resisted|p1b: Ogerpon\n|-damage|p1a: Arcanine|80\/100\n|-damage|p1b: Ogerpon|53\/100 par\n|move|p1b: Ogerpon|Ivy Cudgel|p2b: Flutter Mane|[anim] Ivy Cudgel Water\n|-damage|p2b: Flutter Mane|4\/100\n|\n|-heal|p1a: Arcanine|86\/100|[from] item: Leftovers\n|upkeep\n|turn|8\n|inactive|Kiky14 has 120 seconds left.\n|inactive|ELTranon has 120 seconds left.\n|\n|t:|1700267697\n|switch|p1b: Sinistcha|Sinistcha|100\/100\n|-activate|p1b: Sinistcha|move: Sticky Web\n|-unboost|p1b: Sinistcha|spe|1\n|-heal|p1a: Arcanine|100\/100|[from] ability: Hospitality|[of] p1b: Sinistcha\n|move|p2b: Flutter Mane|Shadow Ball|p1b: Sinistcha\n|-supereffective|p1b: Sinistcha\n|-crit|p1b: Sinistcha\n|-damage|p1b: Sinistcha|0 fnt\n|faint|p1b: Sinistcha\n|move|p2a: Heatran|Earth Power|p1a: Arcanine\n|-supereffective|p1a: Arcanine\n|-damage|p1a: Arcanine|19\/100\n|move|p1a: Arcanine|Snarl|p2b: Flutter Mane|[spread] p2a,p2b\n|-damage|p2a: Heatran|34\/100\n|-damage|p2b: Flutter Mane|0 fnt\n|-unboost|p2a: Heatran|spa|1\n|faint|p2b: Flutter Mane\n|-end|p2b: Flutter Mane|Protosynthesis|[silent]\n|\n|-heal|p1a: Arcanine|25\/100|[from] item: Leftovers\n|upkeep\n|\n|t:|1700267712\n|switch|p2b: Charjabug|Charjabug, M|76\/100\n|switch|p1b: Ogerpon|Ogerpon-Wellspring-Tera, F, tera:Water|53\/100 par\n|-activate|p1b: Ogerpon|move: Sticky Web\n|-unboost|p1b: Ogerpon|spe|1\n|-ability|p1b: Ogerpon|Embody Aspect (Wellspring)|boost\n|-boost|p1b: Ogerpon|spd|1\n|turn|9\n|inactive|Kiky14 has 120 seconds left.\n|\n|t:|1700267744\n|move|p2a: Heatran|Earth Power|p1a: Arcanine\n|-supereffective|p1a: Arcanine\n|-damage|p1a: Arcanine|0 fnt\n|faint|p1a: Arcanine\n|move|p2b: Charjabug|Lunge|p1b: Ogerpon\n|-damage|p1b: Ogerpon|30\/100 par\n|-unboost|p1b: Ogerpon|atk|1\n|cant|p1b: Ogerpon|par\n|\n|upkeep\n|turn|10\n|\n|t:|1700267757\n|move|p2a: Heatran|Earth Power|p1b: Ogerpon\n|-damage|p1b: Ogerpon|19\/100 par\n|-unboost|p1b: Ogerpon|spd|1\n|move|p2b: Charjabug|Lunge|p1b: Ogerpon\n|-damage|p1b: Ogerpon|0 fnt\n|faint|p1b: Ogerpon\n|\n|win|ELTranon\n|raw|Kiky14's rating: 1388 &rarr; <strong>1367<\/strong><br \/>(-21 for losing)\n|raw|ELTranon's rating: 1372 &rarr; <strong>1393<\/strong><br \/>(+21 for winning)\n|l|\u2606Kiky14\n","uploadtime":1700267806,"views":15,"p1id":"kiky14","p2id":"eltranon","formatid":"gen9doublesou","rating":1367,"private":0,"password":""}