{"id":"gen9doublesou-1971083532","p1":"larssie262","p2":"bananamana453895","format":"[Gen 9] Doubles OU","log":"|j|\u2606larssie262\n|j|\u2606bananamana453895\n|inactive|Battle timer is ON: inactive players will automatically lose when time's up.\n|t:|1697703750\n|gametype|doubles\n|player|p1|larssie262|burglar|\n|player|p2|bananamana453895|169|\n|teamsize|p1|6\n|teamsize|p2|6\n|gen|9\n|tier|[Gen 9] Doubles OU\n|rated|Tournament battle\n|rule|Species Clause: Limit one of each Pok\u00e9mon\n|rule|OHKO Clause: OHKO moves are banned\n|rule|Evasion Moves Clause: Evasion moves are banned\n|rule|Gravity Sleep Clause: The combination of sleep-inducing moves with imperfect accuracy and Gravity or Gigantamax Orbeetle are banned\n|rule|Endless Battle Clause: Forcing endless battles is banned\n|rule|HP Percentage Mod: HP is shown in percentages\n|clearpoke\n|poke|p1|Bellibolt, M|\n|poke|p1|Croagunk, M|\n|poke|p1|Starly, M|\n|poke|p1|Mienfoo, M|\n|poke|p1|Yanmega, M|\n|poke|p1|Gligar, M|\n|poke|p2|Meowscarada, M|\n|poke|p2|Mudbray, M|\n|poke|p2|Vullaby, F|\n|poke|p2|Shinx, M|\n|poke|p2|Azumarill, M|\n|poke|p2|Mabosstiff, F|\n|teampreview\n|j|*Lady Monita \u263d\n|c|\u2606larssie262|Glhf\n|c|\u2606bananamana453895|u2\n|\n|t:|1697703766\n|start\n|switch|p1a: Croagunk|Croagunk, M|100\/100\n|switch|p1b: Bellibolt|Bellibolt, M|100\/100\n|switch|p2a: Shinx|Shinx, M|100\/100\n|switch|p2b: Azumarill|Azumarill, M|100\/100\n|-ability|p2a: Shinx|Intimidate|boost\n|-unboost|p1a: Croagunk|atk|1\n|-unboost|p1b: Bellibolt|atk|1\n|turn|1\n|\n|t:|1697703780\n|switch|p2b: Mudbray|Mudbray, M|100\/100\n|move|p1a: Croagunk|Poison Jab|p2b: Mudbray\n|-resisted|p2b: Mudbray\n|-damage|p2b: Mudbray|96\/100\n|-ability|p2b: Mudbray|Stamina|boost\n|-boost|p2b: Mudbray|def|1\n|move|p1b: Bellibolt|Muddy Water|p2b: Mudbray|[spread] p2a,p2b\n|-supereffective|p2b: Mudbray\n|-damage|p2a: Shinx|40\/100\n|-damage|p2b: Mudbray|53\/100\n|-ability|p2b: Mudbray|Stamina|boost\n|-boost|p2b: Mudbray|def|1\n|move|p2a: Shinx|Psychic Fangs|p1a: Croagunk\n|-supereffective|p1a: Croagunk\n|-damage|p1a: Croagunk|0 fnt\n|faint|p1a: Croagunk\n|-damage|p2a: Shinx|30\/100|[from] item: Life Orb\n|\n|upkeep\n|\n|t:|1697703801\n|switch|p1a: Mienfoo|Mienfoo, M|100\/100\n|turn|2\n|\n|t:|1697703819\n|switch|p2a: Vullaby|Vullaby, F|100\/100\n|move|p1b: Bellibolt|Protect|p1b: Bellibolt\n|-singleturn|p1b: Bellibolt|Protect\n|move|p2b: Mudbray|Protect|p2b: Mudbray\n|-singleturn|p2b: Mudbray|Protect\n|move|p1a: Mienfoo|Fake Out|p2a: Vullaby\n|-damage|p2a: Vullaby|96\/100\n|\n|upkeep\n|turn|3\n|j| S1K3\n|l| S1K3\n|inactive|larssie262 has 120 seconds left.\n|\n|t:|1697703854\n|move|p1a: Mienfoo|High Jump Kick|p2a: Vullaby|[miss]\n|-miss|p1a: Mienfoo|p2a: Vullaby\n|-damage|p1a: Mienfoo|51\/100|[from] highjumpkick\n|move|p2a: Vullaby|Tailwind|p2a: Vullaby\n|-sidestart|p2: bananamana453895|move: Tailwind\n|move|p2b: Mudbray|High Horsepower|p1b: Bellibolt\n|-supereffective|p1b: Bellibolt\n|-damage|p1b: Bellibolt|40\/100\n|-start|p1b: Bellibolt|Charge|High Horsepower|[from] ability: Electromorphosis\n|move|p1b: Bellibolt|Thunderbolt|p2a: Vullaby\n|-supereffective|p2a: Vullaby\n|-damage|p2a: Vullaby|0 fnt\n|faint|p2a: Vullaby\n|-end|p1b: Bellibolt|Charge|[silent]\n|\n|-heal|p1b: Bellibolt|46\/100|[from] item: Leftovers\n|upkeep\n|\n|t:|1697703873\n|switch|p2a: Azumarill|Azumarill, M|100\/100\n|turn|4\n|\n|t:|1697703884\n|move|p2a: Azumarill|Play Rough|p1a: Mienfoo\n|-supereffective|p1a: Mienfoo\n|-damage|p1a: Mienfoo|0 fnt\n|faint|p1a: Mienfoo\n|move|p2b: Mudbray|High Horsepower|p1b: Bellibolt\n|-supereffective|p1b: Bellibolt\n|-damage|p1b: Bellibolt|0 fnt\n|faint|p1b: Bellibolt\n|\n|upkeep\n|\n|t:|1697703895\n|switch|p1a: Starly|Starly, M|100\/100\n|switch|p1b: Gligar|Gligar, M|100\/100\n|turn|5\n|\n|t:|1697703905\n|move|p1a: Starly|Protect|p1a: Starly\n|-singleturn|p1a: Starly|Protect\n|move|p2a: Azumarill|Liquidation|p1b: Gligar\n|-supereffective|p1b: Gligar\n|-damage|p1b: Gligar|24\/100\n|move|p2b: Mudbray|Iron Defense|p2b: Mudbray\n|-boost|p2b: Mudbray|def|2\n|move|p1b: Gligar|Toxic|p2b: Mudbray\n|-status|p2b: Mudbray|tox\n|\n|-damage|p2b: Mudbray|46\/100 tox|[from] psn\n|upkeep\n|turn|6\n|\n|t:|1697703930\n|switch|p2b: Shinx|Shinx, M|30\/100\n|-ability|p2b: Shinx|Intimidate|boost\n|-unboost|p1a: Starly|atk|1\n|-fail|p1b: Gligar|unboost|Attack|[from] ability: Hyper Cutter|[of] p1b: Gligar\n|move|p2a: Azumarill|Liquidation|p1b: Gligar\n|-supereffective|p1b: Gligar\n|-damage|p1b: Gligar|0 fnt\n|faint|p1b: Gligar\n|move|p1a: Starly|Brave Bird|p2a: Azumarill\n|-damage|p2a: Azumarill|71\/100\n|-damage|p1a: Starly|83\/100|[from] Recoil\n|\n|-sideend|p2: bananamana453895|move: Tailwind\n|upkeep\n|\n|t:|1697703941\n|switch|p1b: Yanmega|Yanmega, M|100\/100\n|turn|7\n|\n|t:|1697703962\n|move|p2a: Azumarill|Protect|p2a: Azumarill\n|-singleturn|p2a: Azumarill|Protect\n|move|p1a: Starly|Quick Attack|p2b: Shinx\n|-damage|p2b: Shinx|10\/100\n|move|p1b: Yanmega|Bug Buzz|p2b: Shinx\n|-damage|p2b: Shinx|0 fnt\n|faint|p2b: Shinx\n|-damage|p1b: Yanmega|91\/100|[from] item: Life Orb\n|\n|upkeep\n|\n|t:|1697703975\n|switch|p2b: Mabosstiff|Mabosstiff, F|100\/100\n|-ability|p2b: Mabosstiff|Intimidate|boost\n|-unboost|p1a: Starly|atk|1\n|-unboost|p1b: Yanmega|atk|1\n|turn|8\n|\n|t:|1697703987\n|-terastallize|p2b: Mabosstiff|Dark\n|move|p2a: Azumarill|Aqua Jet|p1b: Yanmega\n|-damage|p1b: Yanmega|50\/100\n|move|p2b: Mabosstiff|Crunch|p1b: Yanmega\n|-damage|p1b: Yanmega|0 fnt\n|faint|p1b: Yanmega\n|move|p1a: Starly|U-turn|p2a: Azumarill\n|-resisted|p2a: Azumarill\n|-damage|p2a: Azumarill|68\/100\n|\n|upkeep\n|turn|9\n|c|\u2606larssie262|gg\n|-message|larssie262 forfeited.\n|\n|win|bananamana453895\n|n|\u2606larssie262|larssie262\n|n|\u2606bananamana453895|bananamana453895\n|n|*Lady Monita \u263d|ladymonita\n","uploadtime":1697704001,"views":11,"p1id":"larssie262","p2id":"bananamana453895","formatid":"gen9doublesou","rating":0,"private":0,"password":""}