{"id":"gen9doublesou-1993798140","p1":"PoliteGhost","p2":"Caimn#2216","format":"[Gen 9] Doubles OU","log":"|j|\u2606PoliteGhost\n|j|\u2606Caimn#2216\n|t:|1700358541\n|gametype|doubles\n|player|p1|PoliteGhost|giovanni|1533\n|player|p2|Caimn#2216|pokemonbreederf-gen4|1411\n|teamsize|p1|6\n|teamsize|p2|6\n|gen|9\n|tier|[Gen 9] Doubles OU\n|rated|\n|rule|Species Clause: Limit one of each Pok\u00e9mon\n|rule|OHKO Clause: OHKO moves are banned\n|rule|Evasion Moves Clause: Evasion moves are banned\n|rule|Gravity Sleep Clause: The combination of sleep-inducing moves with imperfect accuracy and Gravity or Gigantamax Orbeetle are banned\n|rule|Endless Battle Clause: Forcing endless battles is banned\n|rule|HP Percentage Mod: HP is shown in percentages\n|clearpoke\n|poke|p1|Chi-Yu|\n|poke|p1|Iron Hands|\n|poke|p1|Ogerpon-Wellspring, F|\n|poke|p1|Rillaboom, F|\n|poke|p1|Ursaluna-Bloodmoon, M|\n|poke|p1|Enamorus-Therian, F|\n|poke|p2|Arcanine-Hisui, F|\n|poke|p2|Rillaboom, F|\n|poke|p2|Iron Hands|\n|poke|p2|Amoonguss, F|\n|poke|p2|Ogerpon-Wellspring, F|\n|poke|p2|Flutter Mane|\n|teampreview\n|inactive|Battle timer is ON: inactive players will automatically lose when time's up. (requested by Caimn#2216)\n|inactive|Caimn#2216 has 120 seconds left.\n|\n|t:|1700358578\n|start\n|switch|p1a: Iron Hands|Iron Hands|100\/100\n|switch|p1b: Ursaluna|Ursaluna-Bloodmoon, M|100\/100\n|switch|p2a: Iron Hands|Iron Hands|100\/100\n|switch|p2b: Arcanine|Arcanine-Hisui, F, shiny|100\/100\n|-ability|p2b: Arcanine|Intimidate|boost\n|-unboost|p1a: Iron Hands|atk|1\n|-unboost|p1b: Ursaluna|atk|1\n|turn|1\n|\n|t:|1700358589\n|move|p1a: Iron Hands|Fake Out|p2a: Iron Hands\n|-damage|p2a: Iron Hands|93\/100\n|move|p2b: Arcanine|Flare Blitz|p1b: Ursaluna\n|-damage|p1b: Ursaluna|40\/100\n|-damage|p2b: Arcanine|75\/100|[from] Recoil\n|move|p1b: Ursaluna|Earth Power|p2b: Arcanine\n|-supereffective|p2b: Arcanine\n|-damage|p2b: Arcanine|0 fnt\n|faint|p2b: Arcanine\n|cant|p2a: Iron Hands|flinch\n|\n|upkeep\n|\n|t:|1700358599\n|switch|p2b: Rillaboom|Rillaboom, F|100\/100\n|-fieldstart|move: Grassy Terrain|[from] ability: Grassy Surge|[of] p2b: Rillaboom\n|turn|2\n|\n|t:|1700358613\n|-end|p1a: Iron Hands|Quark Drive|[silent]\n|switch|p1a: Rillaboom|Rillaboom, F|100\/100\n|move|p2b: Rillaboom|Wood Hammer|p1b: Ursaluna\n|-supereffective|p1b: Ursaluna\n|-damage|p1b: Ursaluna|0 fnt\n|faint|p1b: Ursaluna\n|-damage|p2b: Rillaboom|87\/100|[from] Recoil\n|move|p2a: Iron Hands|Drain Punch|p1a: Rillaboom\n|-damage|p1a: Rillaboom|47\/100\n|-heal|p2a: Iron Hands|100\/100|[from] drain|[of] p1a: Rillaboom\n|\n|-heal|p1a: Rillaboom|53\/100|[from] Grassy Terrain\n|-heal|p2b: Rillaboom|93\/100|[from] Grassy Terrain\n|upkeep\n|\n|t:|1700358626\n|switch|p1b: Enamorus|Enamorus-Therian, F|100\/100\n|turn|3\n|\n|t:|1700358641\n|switch|p2b: Amoonguss|Amoonguss, F, shiny|100\/100\n|-terastallize|p2a: Iron Hands|Fairy\n|move|p1a: Rillaboom|Fake Out|p2b: Amoonguss\n|-damage|p2b: Amoonguss|89\/100\n|-damage|p1a: Rillaboom|36\/100|[from] item: Rocky Helmet|[of] p2b: Amoonguss\n|move|p2a: Iron Hands|Heavy Slam|p1b: Enamorus\n|-supereffective|p1b: Enamorus\n|-damage|p1b: Enamorus|17\/100\n|move|p1b: Enamorus|Earth Power|p2a: Iron Hands\n|-damage|p2a: Iron Hands|82\/100\n|\n|-heal|p1a: Rillaboom|42\/100|[from] Grassy Terrain\n|-heal|p2a: Iron Hands|88\/100|[from] Grassy Terrain\n|-heal|p2b: Amoonguss|95\/100|[from] Grassy Terrain\n|upkeep\n|turn|4\n|\n|t:|1700358670\n|switch|p1a: Ogerpon|Ogerpon-Wellspring, F|100\/100\n|switch|p1b: Iron Hands|Iron Hands|100\/100\n|move|p2b: Amoonguss|Rage Powder|p2b: Amoonguss\n|-singleturn|p2b: Amoonguss|move: Rage Powder\n|move|p2a: Iron Hands|Heavy Slam|p1b: Iron Hands\n|-resisted|p1b: Iron Hands\n|-damage|p1b: Iron Hands|95\/100\n|\n|-heal|p1b: Iron Hands|100\/100|[from] Grassy Terrain\n|-heal|p2a: Iron Hands|94\/100|[from] Grassy Terrain\n|-heal|p2b: Amoonguss|100\/100|[from] Grassy Terrain\n|upkeep\n|turn|5\n|\n|t:|1700358689\n|move|p1a: Ogerpon|Swords Dance|p1a: Ogerpon\n|-boost|p1a: Ogerpon|atk|2\n|move|p2a: Iron Hands|Wild Charge|p1a: Ogerpon\n|-damage|p1a: Ogerpon|24\/100\n|-damage|p2a: Iron Hands|81\/100|[from] Recoil\n|move|p1b: Iron Hands|Heavy Slam|p2a: Iron Hands\n|-supereffective|p2a: Iron Hands\n|-damage|p2a: Iron Hands|58\/100\n|move|p2b: Amoonguss|Spore|p1b: Iron Hands\n|-status|p1b: Iron Hands|slp|[from] move: Spore\n|\n|-heal|p1a: Ogerpon|30\/100|[from] Grassy Terrain\n|-heal|p2a: Iron Hands|65\/100|[from] Grassy Terrain\n|upkeep\n|turn|6\n|\n|t:|1700358711\n|move|p1a: Ogerpon|Spiky Shield|p1a: Ogerpon\n|-singleturn|p1a: Ogerpon|move: Protect\n|move|p2b: Amoonguss|Rage Powder|p2b: Amoonguss\n|-singleturn|p2b: Amoonguss|move: Rage Powder\n|cant|p1b: Iron Hands|slp\n|move|p2a: Iron Hands|Drain Punch|p1a: Ogerpon\n|-activate|p1a: Ogerpon|move: Protect\n|-damage|p2a: Iron Hands|52\/100|[from] Spiky Shield|[of] p1a: Ogerpon\n|\n|-heal|p1a: Ogerpon|36\/100|[from] Grassy Terrain\n|-heal|p2a: Iron Hands|58\/100|[from] Grassy Terrain\n|-fieldend|move: Grassy Terrain\n|upkeep\n|turn|7\n|\n|t:|1700358735\n|move|p2b: Amoonguss|Rage Powder|p2b: Amoonguss\n|-singleturn|p2b: Amoonguss|move: Rage Powder\n|move|p1a: Ogerpon|Ivy Cudgel|p2a: Iron Hands|[anim] Ivy Cudgel Water\n|-crit|p2a: Iron Hands\n|-damage|p2a: Iron Hands|0 fnt\n|faint|p2a: Iron Hands\n|-end|p2a: Iron Hands|Quark Drive|[silent]\n|cant|p1b: Iron Hands|slp\n|\n|upkeep\n|\n|t:|1700358741\n|switch|p2a: Flutter Mane|Flutter Mane|100\/100\n|-enditem|p2a: Flutter Mane|Booster Energy\n|-activate|p2a: Flutter Mane|ability: Protosynthesis|[fromitem]\n|-start|p2a: Flutter Mane|protosynthesisspe\n|turn|8\n|\n|t:|1700358754\n|move|p2b: Amoonguss|Rage Powder|p2b: Amoonguss\n|-singleturn|p2b: Amoonguss|move: Rage Powder\n|move|p2a: Flutter Mane|Dazzling Gleam|p1b: Iron Hands|[spread] p1a,p1b\n|-supereffective|p1b: Iron Hands\n|-damage|p1a: Ogerpon|0 fnt\n|-damage|p1b: Iron Hands|64\/100 slp\n|faint|p1a: Ogerpon\n|cant|p1b: Iron Hands|slp\n|\n|upkeep\n|\n|t:|1700358765\n|switch|p1a: Chi-Yu|Chi-Yu|100\/100\n|-ability|p1a: Chi-Yu|Beads of Ruin\n|turn|9\n|\n|t:|1700358776\n|move|p2b: Amoonguss|Protect|p2b: Amoonguss\n|-singleturn|p2b: Amoonguss|Protect\n|move|p2a: Flutter Mane|Moonblast|p1b: Iron Hands\n|-supereffective|p1b: Iron Hands\n|-damage|p1b: Iron Hands|0 fnt\n|faint|p1b: Iron Hands\n|-end|p1b: Iron Hands|Quark Drive|[silent]\n|move|p1a: Chi-Yu|Heat Wave|p2a: Flutter Mane|[spread] \n|-activate|p2b: Amoonguss|move: Protect\n|-miss|p1a: Chi-Yu|p2a: Flutter Mane\n|\n|upkeep\n|\n|t:|1700358788\n|switch|p1b: Rillaboom|Rillaboom, F|42\/100\n|-fieldstart|move: Grassy Terrain|[from] ability: Grassy Surge|[of] p1b: Rillaboom\n|turn|10\n|\n|t:|1700358797\n|move|p2b: Amoonguss|Rage Powder|p2b: Amoonguss\n|-singleturn|p2b: Amoonguss|move: Rage Powder\n|move|p1b: Rillaboom|Grassy Glide|p2a: Flutter Mane\n|-damage|p2a: Flutter Mane|16\/100\n|move|p2a: Flutter Mane|Moonblast|p1b: Rillaboom\n|-damage|p1b: Rillaboom|0 fnt\n|faint|p1b: Rillaboom\n|move|p1a: Chi-Yu|Heat Wave|p2a: Flutter Mane|[spread] p2a,p2b\n|-supereffective|p2b: Amoonguss\n|-damage|p2a: Flutter Mane|0 fnt\n|-damage|p2b: Amoonguss|20\/100\n|faint|p2a: Flutter Mane\n|-end|p2a: Flutter Mane|Protosynthesis|[silent]\n|\n|-heal|p2b: Amoonguss|27\/100|[from] Grassy Terrain\n|upkeep\n|\n|t:|1700358810\n|switch|p2a: Ogerpon|Ogerpon-Wellspring, F|100\/100\n|switch|p1b: Enamorus|Enamorus-Therian, F|17\/100\n|turn|11\n|\n|t:|1700358828\n|-terastallize|p1a: Chi-Yu|Dark\n|move|p2b: Amoonguss|Protect|p2b: Amoonguss\n|-singleturn|p2b: Amoonguss|Protect\n|move|p2a: Ogerpon|Ivy Cudgel|p1a: Chi-Yu|[anim] Ivy Cudgel Water\n|-damage|p1a: Chi-Yu|8\/100\n|move|p1a: Chi-Yu|Heat Wave|p2a: Ogerpon|[spread] \n|-activate|p2b: Amoonguss|move: Protect\n|-miss|p1a: Chi-Yu|p2a: Ogerpon\n|move|p1b: Enamorus|Moonblast|p2a: Ogerpon\n|-damage|p2a: Ogerpon|11\/100\n|\n|-heal|p2a: Ogerpon|17\/100|[from] Grassy Terrain\n|-heal|p1a: Chi-Yu|14\/100|[from] Grassy Terrain\n|-heal|p2b: Amoonguss|33\/100|[from] Grassy Terrain\n|upkeep\n|turn|12\n|\n|t:|1700358854\n|move|p2b: Amoonguss|Rage Powder|p2b: Amoonguss\n|-singleturn|p2b: Amoonguss|move: Rage Powder\n|move|p2a: Ogerpon|U-turn|p1a: Chi-Yu\n|-supereffective|p1a: Chi-Yu\n|-damage|p1a: Chi-Yu|0 fnt\n|-damage|p2a: Ogerpon|1\/100|[from] item: Rocky Helmet|[of] p1a: Chi-Yu\n|faint|p1a: Chi-Yu\n|\n|t:|1700358860\n|switch|p2a: Rillaboom|Rillaboom, F|93\/100|[from] U-turn\n|move|p1b: Enamorus|Moonblast|p2a: Rillaboom\n|-damage|p2a: Rillaboom|42\/100\n|-enditem|p2a: Rillaboom|Sitrus Berry|[eat]\n|-heal|p2a: Rillaboom|67\/100|[from] item: Sitrus Berry\n|\n|-heal|p2a: Rillaboom|73\/100|[from] Grassy Terrain\n|-heal|p2b: Amoonguss|39\/100|[from] Grassy Terrain\n|upkeep\n|turn|13\n|\n|t:|1700358872\n|move|p2a: Rillaboom|Fake Out|p1b: Enamorus\n|-damage|p1b: Enamorus|5\/100\n|cant|p1b: Enamorus|flinch\n|move|p2b: Amoonguss|Pollen Puff|p1b: Enamorus\n|-resisted|p1b: Enamorus\n|-damage|p1b: Enamorus|1\/100\n|\n|-heal|p2a: Rillaboom|79\/100|[from] Grassy Terrain\n|-heal|p2b: Amoonguss|45\/100|[from] Grassy Terrain\n|upkeep\n|turn|14\n|\n|t:|1700358884\n|move|p2a: Rillaboom|Grassy Glide|p1b: Enamorus\n|-resisted|p1b: Enamorus\n|-damage|p1b: Enamorus|0 fnt\n|faint|p1b: Enamorus\n|\n|win|Caimn#2216\n|raw|PoliteGhost's rating: 1533 &rarr; <strong>1506<\/strong><br \/>(-27 for losing)\n|raw|Caimn#2216's rating: 1411 &rarr; <strong>1438<\/strong><br \/>(+27 for winning)\n|l|\u2606Caimn#2216\n","uploadtime":1700358896,"views":5,"p1id":"politeghost","p2id":"caimn2216","formatid":"gen9doublesou","rating":1438,"private":0,"password":""}