{"id":"gen9doublesou-1979526956","p1":"Buxhoo","p2":"mat3993","format":"[Gen 9] Doubles OU","log":"|j|\u2606Buxhoo\n|j|\u2606mat3993\n|t:|1698689685\n|gametype|doubles\n|player|p1|Buxhoo|brawly|1052\n|player|p2|mat3993|1|1080\n|teamsize|p1|6\n|teamsize|p2|6\n|gen|9\n|tier|[Gen 9] Doubles OU\n|rated|\n|rule|Species Clause: Limit one of each Pok\u00e9mon\n|rule|OHKO Clause: OHKO moves are banned\n|rule|Evasion Moves Clause: Evasion moves are banned\n|rule|Gravity Sleep Clause: The combination of sleep-inducing moves with imperfect accuracy and Gravity or Gigantamax Orbeetle are banned\n|rule|Endless Battle Clause: Forcing endless battles is banned\n|rule|HP Percentage Mod: HP is shown in percentages\n|clearpoke\n|poke|p1|Hoopa-Unbound|\n|poke|p1|Cresselia, F|\n|poke|p1|Dondozo, F|\n|poke|p1|Amoonguss, F|\n|poke|p1|Landorus-Therian, M|\n|poke|p1|Flutter Mane|\n|poke|p2|Ribombee, F|\n|poke|p2|Weezing-Galar, M|\n|poke|p2|Ninetales, F|\n|poke|p2|Clefable, F|\n|poke|p2|Dragonite, M|\n|poke|p2|Landorus-Therian, M|\n|teampreview\n|\n|t:|1698689706\n|start\n|switch|p1a: Cresselia|Cresselia, F|100\/100\n|switch|p1b: Landorus|Landorus-Therian, M|100\/100\n|switch|p2a: Landorus|Landorus-Therian, M|100\/100\n|switch|p2b: Weezing|Weezing-Galar, M|100\/100\n|-ability|p2a: Landorus|Intimidate|boost\n|-unboost|p1a: Cresselia|atk|1\n|-unboost|p1b: Landorus|atk|1\n|-ability|p1b: Landorus|Intimidate|boost\n|-unboost|p2a: Landorus|atk|1\n|-unboost|p2b: Weezing|atk|1\n|-fieldstart|move: Misty Terrain|[from] ability: Misty Surge|[of] p2b: Weezing\n|turn|1\n|\n|t:|1698689746\n|move|p2a: Landorus|U-turn|p1a: Cresselia\n|-supereffective|p1a: Cresselia\n|-damage|p1a: Cresselia|78\/100\n|\n|t:|1698689764\n|switch|p2a: Clefable|Clefable, F, shiny|100\/100|[from] U-turn\n|move|p1b: Landorus|Stone Edge|p2b: Weezing\n|-crit|p2b: Weezing\n|-damage|p2b: Weezing|46\/100\n|move|p2b: Weezing|Aromatic Mist|p2a: Clefable\n|-boost|p2a: Clefable|spd|1\n|move|p1a: Cresselia|Trick Room|p1a: Cresselia\n|-fieldstart|move: Trick Room|[of] p1a: Cresselia\n|\n|upkeep\n|turn|2\n|\n|t:|1698689785\n|move|p2b: Weezing|Pain Split|p1a: Cresselia\n|-sethp|p1a: Cresselia|53\/100|[from] move: Pain Split|[silent]\n|-sethp|p2b: Weezing|86\/100|[from] move: Pain Split\n|move|p2a: Clefable|Chilling Water|p1b: Landorus\n|-supereffective|p1b: Landorus\n|-damage|p1b: Landorus|83\/100\n|-unboost|p1b: Landorus|atk|1\n|move|p1a: Cresselia|Moonblast|p2b: Weezing\n|-resisted|p2b: Weezing\n|-damage|p2b: Weezing|76\/100\n|-unboost|p2b: Weezing|spa|1\n|move|p1b: Landorus|U-turn|p2b: Weezing\n|-resisted|p2b: Weezing\n|-damage|p2b: Weezing|73\/100\n|\n|t:|1698689799\n|switch|p1b: Hoopa|Hoopa-Unbound|100\/100|[from] U-turn\n|\n|upkeep\n|turn|3\n|\n|t:|1698689835\n|-terastallize|p1b: Hoopa|Poison\n|move|p1b: Hoopa|Calm Mind|p1b: Hoopa\n|-boost|p1b: Hoopa|spa|1\n|-boost|p1b: Hoopa|spd|1\n|move|p2b: Weezing|Aromatic Mist|p2a: Clefable\n|-boost|p2a: Clefable|spd|1\n|move|p2a: Clefable|Chilling Water|p1b: Hoopa\n|-damage|p1b: Hoopa|95\/100\n|-unboost|p1b: Hoopa|atk|1\n|move|p1a: Cresselia|Lunar Blessing|p1a: Cresselia|[spread] p1a,p1b\n|-heal|p1a: Cresselia|78\/100\n|-heal|p1b: Hoopa|100\/100\n|\n|upkeep\n|turn|4\n|\n|t:|1698689858\n|move|p1a: Cresselia|Helping Hand|p1b: Hoopa\n|-singleturn|p1b: Hoopa|Helping Hand|[of] p1a: Cresselia\n|move|p1b: Hoopa|Gunk Shot|p2a: Clefable\n|-supereffective|p2a: Clefable\n|-damage|p2a: Clefable|0 fnt\n|faint|p2a: Clefable\n|move|p2b: Weezing|Aromatic Mist|p2: Clefable|[notarget]\n|-fail|p2b: Weezing\n|\n|upkeep\n|\n|t:|1698689867\n|switch|p2a: Landorus|Landorus-Therian, M|100\/100\n|-ability|p2a: Landorus|Intimidate|boost\n|-unboost|p1a: Cresselia|atk|1\n|-unboost|p1b: Hoopa|atk|1\n|turn|5\n|\n|t:|1698689938\n|move|p1a: Cresselia|Helping Hand|p1b: Hoopa\n|-singleturn|p1b: Hoopa|Helping Hand|[of] p1a: Cresselia\n|move|p1b: Hoopa|Hyperspace Fury|p2a: Landorus\n|-damage|p2a: Landorus|53\/100\n|-unboost|p1b: Hoopa|def|1\n|move|p2b: Weezing|Pain Split|p1b: Hoopa\n|-sethp|p1b: Hoopa|77\/100|[from] move: Pain Split|[silent]\n|-sethp|p2b: Weezing|100\/100|[from] move: Pain Split\n|move|p2a: Landorus|Sandsear Storm|p1a: Cresselia|[spread] p1b\n|-immune|p1a: Cresselia|[from] ability: Levitate\n|-supereffective|p1b: Hoopa\n|-damage|p1b: Hoopa|54\/100\n|\n|-fieldend|move: Trick Room\n|upkeep\n|turn|6\n|\n|t:|1698689964\n|switch|p1b: Dondozo|Dondozo, F|100\/100\n|move|p2a: Landorus|U-turn|p1a: Cresselia\n|-supereffective|p1a: Cresselia\n|-damage|p1a: Cresselia|43\/100\n|\n|t:|1698689970\n|switch|p2a: Ribombee|Ribombee, F|100\/100|[from] U-turn\n|move|p2b: Weezing|Aromatic Mist|p2a: Ribombee\n|-boost|p2a: Ribombee|spd|1\n|move|p1a: Cresselia|Trick Room|p1a: Cresselia\n|-fieldstart|move: Trick Room|[of] p1a: Cresselia\n|\n|upkeep\n|turn|7\n|\n|t:|1698689992\n|move|p1b: Dondozo|Earthquake|p2b: Weezing|[spread] p2a,p2b\n|-immune|p1a: Cresselia|[from] ability: Levitate\n|-resisted|p2a: Ribombee\n|-supereffective|p2b: Weezing\n|-damage|p2a: Ribombee|84\/100\n|-damage|p2b: Weezing|70\/100\n|move|p2b: Weezing|Aromatic Mist|p2a: Ribombee\n|-boost|p2a: Ribombee|spd|1\n|move|p1a: Cresselia|Lunar Blessing|p1a: Cresselia|[spread] p1a,p1b\n|-heal|p1a: Cresselia|68\/100\n|move|p2a: Ribombee|Quiver Dance|p2a: Ribombee\n|-boost|p2a: Ribombee|spa|1\n|-boost|p2a: Ribombee|spd|1\n|-boost|p2a: Ribombee|spe|1\n|\n|upkeep\n|turn|8\n|\n|t:|1698690018\n|-terastallize|p2a: Ribombee|Water\n|move|p1a: Cresselia|Helping Hand|p1b: Dondozo\n|-singleturn|p1b: Dondozo|Helping Hand|[of] p1a: Cresselia\n|move|p1b: Dondozo|Earthquake|p2a: Ribombee|[spread] p2a,p2b\n|-immune|p1a: Cresselia|[from] ability: Levitate\n|-supereffective|p2b: Weezing\n|-damage|p2a: Ribombee|33\/100\n|-damage|p2b: Weezing|27\/100\n|move|p2b: Weezing|Aromatic Mist|p2a: Ribombee\n|-boost|p2a: Ribombee|spd|1\n|move|p2a: Ribombee|Quiver Dance|p2a: Ribombee\n|-boost|p2a: Ribombee|spa|1\n|-boost|p2a: Ribombee|spd|1\n|-boost|p2a: Ribombee|spe|1\n|\n|-fieldend|Misty Terrain\n|upkeep\n|turn|9\n|\n|t:|1698690047\n|switch|p2b: Landorus|Landorus-Therian, M|53\/100\n|-ability|p2b: Landorus|Intimidate|boost\n|-unboost|p1a: Cresselia|atk|1\n|-unboost|p1b: Dondozo|atk|1\n|move|p1a: Cresselia|Helping Hand|p1b: Dondozo\n|-singleturn|p1b: Dondozo|Helping Hand|[of] p1a: Cresselia\n|move|p1b: Dondozo|Earthquake|p2a: Ribombee|[spread] p2a\n|-immune|p1a: Cresselia|[from] ability: Levitate\n|-immune|p2b: Landorus\n|-damage|p2a: Ribombee|0 fnt\n|faint|p2a: Ribombee\n|\n|upkeep\n|\n|t:|1698690062\n|switch|p2a: Ninetales|Ninetales, F|100\/100\n|-weather|SunnyDay|[from] ability: Drought|[of] p2a: Ninetales\n|turn|10\n|\n|t:|1698690073\n|move|p1b: Dondozo|Liquidation|p2b: Landorus\n|-supereffective|p2b: Landorus\n|-damage|p2b: Landorus|30\/100\n|-unboost|p2b: Landorus|def|1\n|move|p1a: Cresselia|Lunar Blessing|p1a: Cresselia|[spread] p1a,p1b\n|-heal|p1a: Cresselia|93\/100\n|move|p2b: Landorus|U-turn|p1a: Cresselia\n|-supereffective|p1a: Cresselia\n|-damage|p1a: Cresselia|57\/100\n|\n|t:|1698690083\n|switch|p2b: Dragonite|Dragonite, M|100\/100|[from] U-turn\n|move|p2a: Ninetales|Solar Beam||[still]\n|-prepare|p2a: Ninetales|Solar Beam\n|-anim|p2a: Ninetales|Solar Beam|p1b: Dondozo\n|-supereffective|p1b: Dondozo\n|-damage|p1b: Dondozo|39\/100\n|\n|-weather|SunnyDay|[upkeep]\n|-heal|p1b: Dondozo|46\/100|[from] item: Leftovers\n|-fieldend|move: Trick Room\n|upkeep\n|turn|11\n|\n|t:|1698690107\n|move|p1b: Dondozo|Protect|p1b: Dondozo\n|-singleturn|p1b: Dondozo|Protect\n|move|p2b: Dragonite|Extreme Speed|p1a: Cresselia\n|-damage|p1a: Cresselia|40\/100\n|move|p2a: Ninetales|Solar Beam||[still]\n|-prepare|p2a: Ninetales|Solar Beam\n|-anim|p2a: Ninetales|Solar Beam|p1b: Dondozo\n|-activate|p1b: Dondozo|move: Protect\n|move|p1a: Cresselia|Trick Room|p1a: Cresselia\n|-fieldstart|move: Trick Room|[of] p1a: Cresselia\n|\n|-weather|SunnyDay|[upkeep]\n|-heal|p1b: Dondozo|52\/100|[from] item: Leftovers\n|upkeep\n|turn|12\n|\n|t:|1698690126\n|move|p2b: Dragonite|Extreme Speed|p1b: Dondozo\n|-damage|p1b: Dondozo|39\/100\n|move|p1b: Dondozo|Liquidation|p2a: Ninetales\n|-supereffective|p2a: Ninetales\n|-damage|p2a: Ninetales|71\/100\n|move|p1a: Cresselia|Lunar Blessing|p1a: Cresselia|[spread] p1a,p1b\n|-heal|p1a: Cresselia|65\/100\n|-heal|p1b: Dondozo|64\/100\n|move|p2a: Ninetales|Solar Beam||[still]\n|-prepare|p2a: Ninetales|Solar Beam\n|-anim|p2a: Ninetales|Solar Beam|p1b: Dondozo\n|-supereffective|p1b: Dondozo\n|-damage|p1b: Dondozo|3\/100\n|\n|-weather|SunnyDay|[upkeep]\n|-heal|p1b: Dondozo|9\/100|[from] item: Leftovers\n|upkeep\n|turn|13\n|\n|t:|1698690164\n|move|p1b: Dondozo|Protect|p1b: Dondozo\n|-singleturn|p1b: Dondozo|Protect\n|move|p2b: Dragonite|Extreme Speed|p1b: Dondozo\n|-activate|p1b: Dondozo|move: Protect\n|move|p1a: Cresselia|Lunar Blessing|p1a: Cresselia|[spread] p1a,p1b\n|-heal|p1a: Cresselia|90\/100\n|-heal|p1b: Dondozo|34\/100\n|move|p2a: Ninetales|Heat Wave|p1a: Cresselia|[spread] p1a\n|-activate|p1b: Dondozo|move: Protect\n|-damage|p1a: Cresselia|66\/100\n|\n|-weather|SunnyDay|[upkeep]\n|-heal|p1b: Dondozo|41\/100|[from] item: Leftovers\n|upkeep\n|turn|14\n|\n|t:|1698690186\n|move|p1a: Cresselia|Helping Hand|p1b: Dondozo\n|-singleturn|p1b: Dondozo|Helping Hand|[of] p1a: Cresselia\n|move|p1b: Dondozo|Liquidation|p2a: Ninetales\n|-supereffective|p2a: Ninetales\n|-damage|p2a: Ninetales|31\/100\n|move|p2b: Dragonite|Dragon Dance|p2b: Dragonite\n|-boost|p2b: Dragonite|atk|1\n|-boost|p2b: Dragonite|spe|1\n|move|p2a: Ninetales|Solar Beam||[still]\n|-prepare|p2a: Ninetales|Solar Beam\n|-anim|p2a: Ninetales|Solar Beam|p1b: Dondozo\n|-supereffective|p1b: Dondozo\n|-damage|p1b: Dondozo|0 fnt\n|faint|p1b: Dondozo\n|\n|-weather|SunnyDay|[upkeep]\n|upkeep\n|\n|t:|1698690234\n|switch|p1b: Amoonguss|Amoonguss, F|100\/100\n|turn|15\n|\n|t:|1698690256\n|move|p1b: Amoonguss|Spore|p2b: Dragonite\n|-status|p2b: Dragonite|slp|[from] move: Spore\n|move|p1a: Cresselia|Moonblast|p2a: Ninetales\n|-resisted|p2a: Ninetales\n|-damage|p2a: Ninetales|21\/100\n|move|p2a: Ninetales|Heat Wave|p1b: Amoonguss|[spread] p1a,p1b\n|-supereffective|p1b: Amoonguss\n|-damage|p1a: Cresselia|45\/100\n|-damage|p1b: Amoonguss|47\/100\n|cant|p2b: Dragonite|slp\n|\n|-weather|SunnyDay|[upkeep]\n|-heal|p1b: Amoonguss|53\/100|[from] item: Leftovers\n|-fieldend|move: Trick Room\n|upkeep\n|turn|16\n|\n|t:|1698690285\n|move|p1b: Amoonguss|Protect|p1b: Amoonguss\n|-singleturn|p1b: Amoonguss|Protect\n|-curestatus|p2b: Dragonite|slp|[msg]\n|move|p2b: Dragonite|Tailwind|p2b: Dragonite\n|-sidestart|p2: mat3993|move: Tailwind\n|move|p2a: Ninetales|Heat Wave|p1a: Cresselia|[spread] p1a\n|-activate|p1b: Amoonguss|move: Protect\n|-crit|p1a: Cresselia\n|-damage|p1a: Cresselia|10\/100\n|-status|p1a: Cresselia|brn\n|move|p1a: Cresselia|Lunar Blessing|p1a: Cresselia|[spread] p1a,p1b\n|-heal|p1a: Cresselia|35\/100 brn\n|-curestatus|p1a: Cresselia|brn|[msg]\n|-heal|p1b: Amoonguss|78\/100\n|\n|-weather|SunnyDay|[upkeep]\n|-heal|p1b: Amoonguss|84\/100|[from] item: Leftovers\n|upkeep\n|turn|17\n|\n|t:|1698690308\n|move|p2b: Dragonite|Extreme Speed|p1b: Amoonguss\n|-damage|p1b: Amoonguss|38\/100\n|move|p1b: Amoonguss|Rage Powder|p1b: Amoonguss\n|-singleturn|p1b: Amoonguss|move: Rage Powder\n|move|p2a: Ninetales|Heat Wave|p1a: Cresselia|[spread] p1a,p1b\n|-supereffective|p1b: Amoonguss\n|-damage|p1a: Cresselia|14\/100\n|-damage|p1b: Amoonguss|0 fnt\n|faint|p1b: Amoonguss\n|move|p1a: Cresselia|Trick Room|p1a: Cresselia\n|-fieldstart|move: Trick Room|[of] p1a: Cresselia\n|\n|-weather|none\n|upkeep\n|\n|t:|1698690320\n|switch|p1b: Hoopa|Hoopa-Unbound, tera:Poison|54\/100\n|turn|18\n|\n|t:|1698690349\n|switch|p1a: Landorus|Landorus-Therian, M|83\/100\n|-ability|p1a: Landorus|Intimidate|boost\n|-unboost|p2a: Ninetales|atk|1\n|-unboost|p2b: Dragonite|atk|1\n|move|p2b: Dragonite|Extreme Speed|p1b: Hoopa\n|-crit|p1b: Hoopa\n|-damage|p1b: Hoopa|7\/100\n|-enditem|p1b: Hoopa|Sitrus Berry|[eat]\n|-heal|p1b: Hoopa|32\/100|[from] item: Sitrus Berry\n|move|p1b: Hoopa|Hyperspace Fury|p2b: Dragonite\n|-damage|p2b: Dragonite|74\/100\n|-unboost|p1b: Hoopa|def|1\n|-item|p1b: Hoopa|Weakness Policy|[from] ability: Magician|[of] p2b: Dragonite\n|move|p2a: Ninetales|Heat Wave|p1b: Hoopa|[spread] p1a,p1b\n|-damage|p1a: Landorus|65\/100\n|-damage|p1b: Hoopa|12\/100\n|\n|upkeep\n|turn|19\n|\n|t:|1698690384\n|move|p2b: Dragonite|Extreme Speed|p1b: Hoopa\n|-damage|p1b: Hoopa|0 fnt\n|faint|p1b: Hoopa\n|move|p1a: Landorus|Stone Edge|p2b: Dragonite\n|-supereffective|p2b: Dragonite\n|-damage|p2b: Dragonite|0 fnt\n|faint|p2b: Dragonite\n|move|p2a: Ninetales|Heat Wave|p1a: Landorus\n|-damage|p1a: Landorus|38\/100\n|\n|-sideend|p2: mat3993|move: Tailwind\n|upkeep\n|\n|t:|1698690403\n|switch|p1b: Cresselia|Cresselia, F|14\/100\n|switch|p2b: Landorus|Landorus-Therian, M|30\/100\n|-ability|p2b: Landorus|Intimidate|boost\n|-unboost|p1a: Landorus|atk|1\n|-unboost|p1b: Cresselia|atk|1\n|turn|20\n|\n|t:|1698690435\n|switch|p2a: Weezing|Weezing-Galar, M|27\/100\n|-fieldstart|move: Misty Terrain|[from] ability: Misty Surge|[of] p2a: Weezing\n|move|p1b: Cresselia|Lunar Blessing|p1b: Cresselia|[spread] p1a,p1b\n|-heal|p1a: Landorus|63\/100\n|-heal|p1b: Cresselia|39\/100\n|move|p1a: Landorus|Stomping Tantrum|p2a: Weezing\n|-supereffective|p2a: Weezing\n|-damage|p2a: Weezing|0 fnt\n|faint|p2a: Weezing\n|move|p2b: Landorus|Rock Slide|p1b: Cresselia|[spread] p1a,p1b\n|-damage|p1a: Landorus|41\/100\n|-damage|p1b: Cresselia|25\/100\n|\n|upkeep\n|\n|t:|1698690449\n|switch|p2a: Ninetales|Ninetales, F|21\/100\n|-weather|SunnyDay|[from] ability: Drought|[of] p2a: Ninetales\n|turn|21\n|\n|t:|1698690459\n|move|p1b: Cresselia|Lunar Blessing|p1b: Cresselia|[spread] p1a,p1b\n|-heal|p1a: Landorus|66\/100\n|-heal|p1b: Cresselia|50\/100\n|move|p1a: Landorus|Stomping Tantrum|p2a: Ninetales\n|-supereffective|p2a: Ninetales\n|-damage|p2a: Ninetales|0 fnt\n|faint|p2a: Ninetales\n|move|p2b: Landorus|U-turn|p1b: Cresselia\n|-supereffective|p1b: Cresselia\n|-damage|p1b: Cresselia|18\/100\n|\n|-weather|SunnyDay|[upkeep]\n|-fieldend|move: Trick Room\n|upkeep\n|turn|22\n|-message|mat3993 forfeited.\n|\n|win|Buxhoo\n|raw|Buxhoo's rating: 1052 &rarr; <strong>1087<\/strong><br \/>(+35 for winning)\n|raw|mat3993's rating: 1080 &rarr; <strong>1056<\/strong><br \/>(-24 for losing)\n|l|\u2606mat3993\n","uploadtime":1698690474,"views":13,"p1id":"buxhoo","p2id":"mat3993","formatid":"gen9doublesou","rating":1056,"private":0,"password":""}