{"id":"gen9doublesou-1983275299","p1":"wildvari","p2":"Black_Kamui9","format":"[Gen 9] Doubles OU","log":"|j|\u2606wildvari\n|j|\u2606Black_Kamui9\n|t:|1699113134\n|gametype|doubles\n|player|p1|wildvari|unknown|1113\n|player|p2|Black_Kamui9|ingo|1168\n|teamsize|p1|6\n|teamsize|p2|6\n|gen|9\n|tier|[Gen 9] Doubles OU\n|rated|\n|rule|Species Clause: Limit one of each Pok\u00e9mon\n|rule|OHKO Clause: OHKO moves are banned\n|rule|Evasion Moves Clause: Evasion moves are banned\n|rule|Gravity Sleep Clause: The combination of sleep-inducing moves with imperfect accuracy and Gravity or Gigantamax Orbeetle are banned\n|rule|Endless Battle Clause: Forcing endless battles is banned\n|rule|HP Percentage Mod: HP is shown in percentages\n|clearpoke\n|poke|p1|Snorlax, M|\n|poke|p1|Pelipper, M|\n|poke|p1|Gengar, M|\n|poke|p1|Dragapult, F|\n|poke|p1|Gyarados, M|\n|poke|p1|Garchomp, M|\n|poke|p2|Dragonite, M|\n|poke|p2|Baxcalibur, M|\n|poke|p2|Sneasler, M|\n|poke|p2|Arcanine-Hisui, M|\n|poke|p2|Grimmsnarl, M|\n|poke|p2|Gyarados, M|\n|teampreview\n|\n|t:|1699113142\n|start\n|switch|p1a: Gengar|Gengar, M, shiny|100\/100\n|switch|p1b: Snorlax|Snorlax, M, shiny|100\/100\n|switch|p2a: Akatsuki|Arcanine-Hisui, M|100\/100\n|switch|p2b: Sea Gangster|Gyarados, M, shiny|100\/100\n|-ability|p2a: Akatsuki|Intimidate|boost\n|-unboost|p1a: Gengar|atk|1\n|-unboost|p1b: Snorlax|atk|1\n|-ability|p2b: Sea Gangster|Intimidate|boost\n|-unboost|p1a: Gengar|atk|1\n|-unboost|p1b: Snorlax|atk|1\n|turn|1\n|inactive|Battle timer is ON: inactive players will automatically lose when time's up. (requested by wildvari)\n|\n|t:|1699113158\n|move|p2a: Akatsuki|Flare Blitz|p1a: Gengar\n|-damage|p1a: Gengar|0 fnt\n|-start|p2a: Akatsuki|Disable|Flare Blitz|[from] ability: Cursed Body|[of] p1a: Gengar\n|faint|p1a: Gengar\n|-damage|p2a: Akatsuki|77\/100|[from] Recoil\n|move|p2b: Sea Gangster|Waterfall|p1b: Snorlax\n|-damage|p1b: Snorlax|69\/100\n|move|p1b: Snorlax|Counter|p2b: Sea Gangster\n|-damage|p2b: Sea Gangster|2\/100\n|-enditem|p2b: Sea Gangster|Aguav Berry|[eat]\n|-heal|p2b: Sea Gangster|35\/100|[from] item: Aguav Berry\n|\n|upkeep\n|\n|t:|1699113178\n|switch|p1a: Gyarados|Gyarados, M, shiny|100\/100\n|-ability|p1a: Gyarados|Intimidate|boost\n|-unboost|p2a: Akatsuki|atk|1\n|-unboost|p2b: Sea Gangster|atk|1\n|turn|2\n|\n|t:|1699113188\n|move|p1b: Snorlax|Protect|p1b: Snorlax\n|-singleturn|p1b: Snorlax|Protect\n|move|p2a: Akatsuki|Will-O-Wisp|p1a: Gyarados\n|-status|p1a: Gyarados|brn\n|move|p2b: Sea Gangster|Icy Wind|p1a: Gyarados|[spread] p1a\n|-activate|p1b: Snorlax|move: Protect\n|-damage|p1a: Gyarados|93\/100 brn\n|-unboost|p1a: Gyarados|spe|1\n|move|p1a: Gyarados|Earthquake|p2b: Sea Gangster|[spread] p2a\n|-activate|p1b: Snorlax|move: Protect\n|-immune|p2b: Sea Gangster\n|-supereffective|p2a: Akatsuki\n|-damage|p2a: Akatsuki|24\/100\n|\n|-damage|p1a: Gyarados|87\/100 brn|[from] brn\n|upkeep\n|turn|3\n|\n|t:|1699113210\n|switch|p1a: Pelpi|Pelipper, M|100\/100\n|-weather|RainDance|[from] ability: Drizzle|[of] p1a: Pelpi\n|move|p2a: Akatsuki|Close Combat|p1b: Snorlax\n|-supereffective|p1b: Snorlax\n|-damage|p1b: Snorlax|24\/100\n|-unboost|p2a: Akatsuki|def|1\n|-unboost|p2a: Akatsuki|spd|1\n|move|p2b: Sea Gangster|Waterfall|p1a: Pelpi\n|-resisted|p1a: Pelpi\n|-damage|p1a: Pelpi|73\/100\n|move|p1b: Snorlax|Earthquake|p2a: Akatsuki|[spread] p2a\n|-immune|p1a: Pelpi\n|-immune|p2b: Sea Gangster\n|-supereffective|p2a: Akatsuki\n|-damage|p2a: Akatsuki|0 fnt\n|faint|p2a: Akatsuki\n|\n|-weather|RainDance|[upkeep]\n|upkeep\n|inactive|Black_Kamui9 has 120 seconds left.\n|\n|t:|1699113234\n|switch|p2a: First Class|Sneasler, M|100\/100\n|-ability|p2a: First Class|Pressure\n|turn|4\n|\n|t:|1699113256\n|move|p2a: First Class|Dire Claw|p1a: Pelpi\n|-damage|p1a: Pelpi|11\/100\n|move|p1a: Pelpi|Hurricane|p2a: First Class\n|-supereffective|p2a: First Class\n|-damage|p2a: First Class|0 fnt\n|faint|p2a: First Class\n|move|p2b: Sea Gangster|Waterfall|p1b: Snorlax\n|-damage|p1b: Snorlax|0 fnt\n|faint|p1b: Snorlax\n|\n|-weather|RainDance|[upkeep]\n|upkeep\n|\n|t:|1699113273\n|switch|p2a: Mach 5|Dragonite, M|100\/100\n|switch|p1b: Garchomp|Garchomp, M|100\/100\n|turn|5\n|\n|t:|1699113283\n|-terastallize|p1b: Garchomp|Steel\n|-terastallize|p2a: Mach 5|Normal\n|move|p1a: Pelpi|Hurricane|p2b: Sea Gangster\n|-damage|p2b: Sea Gangster|0 fnt\n|faint|p2b: Sea Gangster\n|move|p1b: Garchomp|Stone Edge|p2a: Mach 5|[miss]\n|-miss|p1b: Garchomp|p2a: Mach 5\n|move|p2a: Mach 5|Ice Spinner|p1b: Garchomp\n|-resisted|p1b: Garchomp\n|-damage|p1b: Garchomp|85\/100\n|-damage|p2a: Mach 5|88\/100|[from] ability: Rough Skin|[of] p1b: Garchomp\n|-damage|p2a: Mach 5|72\/100|[from] item: Rocky Helmet|[of] p1b: Garchomp\n|\n|-weather|RainDance|[upkeep]\n|upkeep\n|\n|t:|1699113298\n|switch|p2b: Pulp Fiction|Grimmsnarl, M|100\/100\n|turn|6\n|\n|t:|1699113308\n|switch|p1a: Gyarados|Gyarados, M, shiny|87\/100 brn\n|-ability|p1a: Gyarados|Intimidate|boost\n|-unboost|p2a: Mach 5|atk|1\n|-unboost|p2b: Pulp Fiction|atk|1\n|move|p2b: Pulp Fiction|Reflect|p2b: Pulp Fiction\n|-sidestart|p2: Black_Kamui9|Reflect\n|move|p1b: Garchomp|Stone Edge|p2a: Mach 5\n|-damage|p2a: Mach 5|49\/100\n|move|p2a: Mach 5|Bulldoze|p1a: Gyarados|[spread] p2b,p1b\n|-immune|p1a: Gyarados\n|-supereffective|p1b: Garchomp\n|-crit|p1b: Garchomp\n|-damage|p2b: Pulp Fiction|92\/100\n|-damage|p1b: Garchomp|35\/100\n|-unboost|p2b: Pulp Fiction|spe|1\n|-unboost|p1b: Garchomp|spe|1\n|\n|-weather|RainDance|[upkeep]\n|-damage|p1a: Gyarados|81\/100 brn|[from] brn\n|upkeep\n|turn|7\n|\n|t:|1699113335\n|move|p2b: Pulp Fiction|Light Screen|p2b: Pulp Fiction\n|-sidestart|p2: Black_Kamui9|move: Light Screen\n|move|p2a: Mach 5|Bulldoze|p1a: Gyarados|[spread] p2b,p1b\n|-immune|p1a: Gyarados\n|-supereffective|p1b: Garchomp\n|-damage|p2b: Pulp Fiction|83\/100\n|-damage|p1b: Garchomp|11\/100\n|-unboost|p2b: Pulp Fiction|spe|1\n|-unboost|p1b: Garchomp|spe|1\n|move|p1a: Gyarados|Hurricane|p2a: Mach 5\n|-damage|p2a: Mach 5|13\/100\n|move|p1b: Garchomp|Stealth Rock|p2a: Mach 5\n|-sidestart|p2: Black_Kamui9|move: Stealth Rock\n|\n|-weather|none\n|-damage|p1a: Gyarados|74\/100 brn|[from] brn\n|upkeep\n|turn|8\n|\n|t:|1699113361\n|switch|p1b: Pelpi|Pelipper, M|11\/100\n|-weather|RainDance|[from] ability: Drizzle|[of] p1b: Pelpi\n|move|p2b: Pulp Fiction|Parting Shot|p1a: Gyarados\n|-unboost|p1a: Gyarados|atk|1\n|-unboost|p1a: Gyarados|spa|1\n|\n|t:|1699113369\n|switch|p2b: Frost Gojira|Baxcalibur, M|100\/100|[from] Parting Shot\n|-damage|p2b: Frost Gojira|76\/100|[from] Stealth Rock\n|move|p2a: Mach 5|Ice Spinner|p1a: Gyarados\n|-crit|p1a: Gyarados\n|-damage|p1a: Gyarados|25\/100 brn\n|move|p1a: Gyarados|Hurricane|p2a: Mach 5\n|-damage|p2a: Mach 5|0 fnt\n|faint|p2a: Mach 5\n|\n|-weather|RainDance|[upkeep]\n|-damage|p1a: Gyarados|19\/100 brn|[from] brn\n|upkeep\n|inactive|Black_Kamui9 has 120 seconds left.\n|\n|t:|1699113380\n|switch|p2a: Pulp Fiction|Grimmsnarl, M|83\/100\n|-damage|p2a: Pulp Fiction|71\/100|[from] Stealth Rock\n|turn|9\n|inactive|wildvari has 120 seconds left.\n|\n|t:|1699113416\n|switch|p1a: Garchomp|Garchomp, M, tera:Steel|11\/100\n|move|p2a: Pulp Fiction|Parting Shot|p1b: Pelpi\n|-unboost|p1b: Pelpi|atk|1\n|-unboost|p1b: Pelpi|spa|1\n|move|p1b: Pelpi|Hurricane|p2b: Frost Gojira\n|-damage|p2b: Frost Gojira|64\/100\n|move|p2b: Frost Gojira|Glaive Rush|p1a: Garchomp\n|-resisted|p1a: Garchomp\n|-damage|p1a: Garchomp|0 fnt\n|-singlemove|p2b: Frost Gojira|Glaive Rush|[silent]\n|-damage|p2b: Frost Gojira|52\/100|[from] ability: Rough Skin|[of] p1a: Garchomp\n|-damage|p2b: Frost Gojira|36\/100|[from] item: Rocky Helmet|[of] p1a: Garchomp\n|faint|p1a: Garchomp\n|\n|-weather|RainDance|[upkeep]\n|upkeep\n|\n|t:|1699113432\n|switch|p1a: Gyarados|Gyarados, M, shiny|19\/100 brn\n|-ability|p1a: Gyarados|Intimidate|boost\n|-unboost|p2a: Pulp Fiction|atk|1\n|-unboost|p2b: Frost Gojira|atk|1\n|turn|10\n|inactive|wildvari has 120 seconds left.\n|\n|t:|1699113465\n|switch|p1b: Dragapult|Dragapult, F|100\/100\n|move|p2a: Pulp Fiction|Parting Shot|p1a: Gyarados\n|-unboost|p1a: Gyarados|atk|1\n|-unboost|p1a: Gyarados|spa|1\n|move|p2b: Frost Gojira|Icicle Crash|p1b: Dragapult\n|-supereffective|p1b: Dragapult\n|-damage|p1b: Dragapult|22\/100\n|move|p1a: Gyarados|Thunder|p2a: Pulp Fiction\n|-damage|p2a: Pulp Fiction|56\/100\n|\n|-weather|RainDance|[upkeep]\n|-damage|p1a: Gyarados|13\/100 brn|[from] brn\n|upkeep\n|turn|11\n|inactive|wildvari has 120 seconds left.\n|\n|t:|1699113484\n|move|p2a: Pulp Fiction|Parting Shot|p1b: Dragapult\n|-unboost|p1b: Dragapult|atk|1\n|-unboost|p1b: Dragapult|spa|1\n|move|p1b: Dragapult|Draco Meteor|p2b: Frost Gojira|[miss]\n|-miss|p1b: Dragapult|p2b: Frost Gojira\n|move|p2b: Frost Gojira|Icicle Crash|p1b: Dragapult\n|-supereffective|p1b: Dragapult\n|-damage|p1b: Dragapult|0 fnt\n|faint|p1b: Dragapult\n|move|p1a: Gyarados|Thunder|p2a: Pulp Fiction\n|-damage|p2a: Pulp Fiction|43\/100\n|\n|-weather|RainDance|[upkeep]\n|-damage|p1a: Gyarados|6\/100 brn|[from] brn\n|upkeep\n|\n|t:|1699113497\n|switch|p1b: Pelpi|Pelipper, M|11\/100\n|turn|12\n|\n|t:|1699113505\n|move|p2a: Pulp Fiction|Parting Shot|p1b: Pelpi\n|-unboost|p1b: Pelpi|atk|1\n|-unboost|p1b: Pelpi|spa|1\n|move|p1b: Pelpi|Weather Ball|p2b: Frost Gojira\n|-resisted|p2b: Frost Gojira\n|-damage|p2b: Frost Gojira|27\/100\n|move|p2b: Frost Gojira|Glaive Rush|p1b: Pelpi\n|-damage|p1b: Pelpi|0 fnt\n|-singlemove|p2b: Frost Gojira|Glaive Rush|[silent]\n|faint|p1b: Pelpi\n|move|p1a: Gyarados|Thunder|p2b: Frost Gojira\n|-resisted|p2b: Frost Gojira\n|-damage|p2b: Frost Gojira|19\/100\n|\n|-weather|none\n|-damage|p1a: Gyarados|0 fnt|[from] brn\n|faint|p1a: Gyarados\n|\n|win|Black_Kamui9\n|upkeep\n|raw|wildvari's rating: 1113 &rarr; <strong>1092<\/strong><br \/>(-21 for losing)\n|raw|Black_Kamui9's rating: 1168 &rarr; <strong>1189<\/strong><br \/>(+21 for winning)\n|c|\u2606Black_Kamui9|gg\n|l|\u2606wildvari\n","uploadtime":1699113525,"views":11,"p1id":"wildvari","p2id":"blackkamui9","formatid":"gen9doublesou","rating":1092,"private":0,"password":""}