{"id":"gen9doublesou-1970651223","p1":"Forzarismo","p2":"ShowerCurt","format":"[Gen 9] Doubles OU","log":"|j|\u2606Forzarismo\n|j|\u2606ShowerCurt\n|t:|1697655378\n|gametype|doubles\n|player|p1|Forzarismo|veteran|1352\n|player|p2|ShowerCurt|janitor|1240\n|teamsize|p1|6\n|teamsize|p2|6\n|gen|9\n|tier|[Gen 9] Doubles OU\n|rated|\n|rule|Species Clause: Limit one of each Pok\u00e9mon\n|rule|OHKO Clause: OHKO moves are banned\n|rule|Evasion Moves Clause: Evasion moves are banned\n|rule|Gravity Sleep Clause: The combination of sleep-inducing moves with imperfect accuracy and Gravity or Gigantamax Orbeetle are banned\n|rule|Endless Battle Clause: Forcing endless battles is banned\n|rule|HP Percentage Mod: HP is shown in percentages\n|clearpoke\n|poke|p1|Pincurchin, F|\n|poke|p1|Iron Leaves|\n|poke|p1|Iron Bundle|\n|poke|p1|Iron Moth|\n|poke|p1|Iron Hands|\n|poke|p1|Iron Valiant|\n|poke|p2|Armarouge, M|\n|poke|p2|Ursaluna, F|\n|poke|p2|Indeedee-F, F|\n|poke|p2|Muk-Alola, F|\n|poke|p2|Mandibuzz, F|\n|poke|p2|Ninetales-Alola, F|\n|teampreview\n|inactive|Battle timer is ON: inactive players will automatically lose when time's up. (requested by ShowerCurt)\n|\n|t:|1697655409\n|start\n|switch|p1a: Pincurchin|Pincurchin, F|100\/100\n|switch|p1b: Iron Hands|Iron Hands|100\/100\n|switch|p2a: Mandibuzz|Mandibuzz, F|100\/100\n|switch|p2b: Ninetales|Ninetales-Alola, F, shiny|100\/100\n|-weather|Snow|[from] ability: Snow Warning|[of] p2b: Ninetales\n|-fieldstart|move: Electric Terrain|[from] ability: Electric Surge|[of] p1a: Pincurchin\n|-activate|p1b: Iron Hands|ability: Quark Drive\n|-start|p1b: Iron Hands|quarkdriveatk\n|turn|1\n|\n|t:|1697655430\n|move|p1b: Iron Hands|Fake Out|p2b: Ninetales\n|-damage|p2b: Ninetales|79\/100\n|-damage|p1b: Iron Hands|91\/100|[from] item: Life Orb\n|cant|p2b: Ninetales|flinch\n|move|p2a: Mandibuzz|Defog|p1b: Iron Hands\n|-unboost|p1b: Iron Hands|evasion|1\n|-fieldend|move: Electric Terrain\n|-end|p1b: Iron Hands|Quark Drive\n|move|p1a: Pincurchin|Acupressure|p1b: Iron Hands\n|-boost|p1b: Iron Hands|spe|2\n|\n|-weather|Snow|[upkeep]\n|upkeep\n|turn|2\n|\n|t:|1697655459\n|move|p1b: Iron Hands|Thunder Punch|p2b: Ninetales\n|-crit|p2b: Ninetales\n|-damage|p2b: Ninetales|7\/100\n|-damage|p1b: Iron Hands|81\/100|[from] item: Life Orb\n|move|p2b: Ninetales|Aurora Veil|p2b: Ninetales\n|-sidestart|p2: ShowerCurt|move: Aurora Veil\n|move|p2a: Mandibuzz|Toxic|p1b: Iron Hands\n|-status|p1b: Iron Hands|tox\n|move|p1a: Pincurchin|Acupressure|p1b: Iron Hands\n|-boost|p1b: Iron Hands|atk|2\n|\n|-weather|Snow|[upkeep]\n|-damage|p1b: Iron Hands|74\/100 tox|[from] psn\n|upkeep\n|turn|3\n|\n|t:|1697655476\n|move|p1b: Iron Hands|Thunder Punch|p2a: Mandibuzz\n|-supereffective|p2a: Mandibuzz\n|-damage|p2a: Mandibuzz|0 fnt\n|faint|p2a: Mandibuzz\n|-damage|p1b: Iron Hands|64\/100 tox|[from] item: Life Orb\n|move|p2b: Ninetales|Dazzling Gleam|p1a: Pincurchin|[spread] p1a,p1b\n|-supereffective|p1b: Iron Hands\n|-damage|p1a: Pincurchin|80\/100\n|-damage|p1b: Iron Hands|35\/100 tox\n|move|p1a: Pincurchin|Acupressure|p1b: Iron Hands\n|-boost|p1b: Iron Hands|evasion|2\n|\n|-weather|Snow|[upkeep]\n|-damage|p1b: Iron Hands|23\/100 tox|[from] psn\n|upkeep\n|\n|t:|1697655484\n|switch|p2a: Ursaluna|Ursaluna, F, shiny|100\/100\n|turn|4\n|\n|t:|1697655503\n|switch|p1a: Iron Leaves|Iron Leaves|100\/100\n|move|p1b: Iron Hands|Drain Punch|p2a: Ursaluna\n|-supereffective|p2a: Ursaluna\n|-damage|p2a: Ursaluna|0 fnt\n|-heal|p1b: Iron Hands|68\/100 tox|[from] drain|[of] p2a: Ursaluna\n|faint|p2a: Ursaluna\n|-damage|p1b: Iron Hands|58\/100 tox|[from] item: Life Orb\n|move|p2b: Ninetales|Dazzling Gleam|p1a: Iron Leaves|[spread] p1a,p1b\n|-supereffective|p1b: Iron Hands\n|-damage|p1a: Iron Leaves|84\/100\n|-damage|p1b: Iron Hands|25\/100 tox\n|\n|-weather|Snow|[upkeep]\n|-damage|p1b: Iron Hands|7\/100 tox|[from] psn\n|upkeep\n|\n|t:|1697655512\n|switch|p2a: Muk|Muk-Alola, F, shiny|100\/100\n|turn|5\n|\n|t:|1697655536\n|-end|p1a: Iron Leaves|Quark Drive|[silent]\n|switch|p1a: Pincurchin|Pincurchin, F|80\/100\n|-fieldstart|move: Electric Terrain|[from] ability: Electric Surge|[of] p1a: Pincurchin\n|-activate|p1b: Iron Hands|ability: Quark Drive\n|-start|p1b: Iron Hands|quarkdriveatk\n|-terastallize|p2a: Muk|Ice\n|move|p1b: Iron Hands|Drain Punch|p2a: Muk\n|-supereffective|p2a: Muk\n|-crit|p2a: Muk\n|-damage|p2a: Muk|0 fnt\n|-heal|p1b: Iron Hands|47\/100 tox|[from] drain|[of] p2a: Muk\n|faint|p2a: Muk\n|-damage|p1b: Iron Hands|37\/100 tox|[from] item: Life Orb\n|move|p2b: Ninetales|Icy Wind|p1a: Pincurchin|[spread] p1a,p1b\n|-damage|p1a: Pincurchin|65\/100\n|-damage|p1b: Iron Hands|26\/100 tox\n|-unboost|p1a: Pincurchin|spe|1\n|-unboost|p1b: Iron Hands|spe|1\n|\n|-weather|none\n|-damage|p1b: Iron Hands|2\/100 tox|[from] psn\n|upkeep\n|\n|t:|1697655550\n|switch|p2a: Indeedee|Indeedee-F, F, shiny|100\/100\n|-fieldstart|move: Psychic Terrain|[from] ability: Psychic Surge|[of] p2a: Indeedee\n|-end|p1b: Iron Hands|Quark Drive\n|turn|6\n|\n|t:|1697655576\n|switch|p1a: Iron Leaves|Iron Leaves|84\/100\n|move|p2b: Ninetales|Dazzling Gleam|p1b: Iron Hands|[spread] p1a\n|-miss|p2b: Ninetales|p1b: Iron Hands\n|-damage|p1a: Iron Leaves|67\/100\n|move|p2a: Indeedee|Heal Pulse|p2b: Ninetales\n|-heal|p2b: Ninetales|57\/100\n|move|p1b: Iron Hands|Drain Punch|p2a: Indeedee\n|-damage|p2a: Indeedee|7\/100\n|-heal|p1b: Iron Hands|34\/100 tox|[from] drain|[of] p2a: Indeedee\n|-damage|p1b: Iron Hands|24\/100 tox|[from] item: Life Orb\n|\n|-damage|p1b: Iron Hands|0 fnt|[from] psn\n|faint|p1b: Iron Hands\n|-end|p1b: Iron Hands|Quark Drive|[silent]\n|upkeep\n|\n|t:|1697655590\n|switch|p1b: Pincurchin|Pincurchin, F|65\/100\n|-fieldstart|move: Electric Terrain|[from] ability: Electric Surge|[of] p1b: Pincurchin\n|-activate|p1a: Iron Leaves|ability: Quark Drive\n|-start|p1a: Iron Leaves|quarkdriveatk\n|turn|7\n|\n|t:|1697655606\n|switch|p2a: Armarouge|Armarouge, M|100\/100\n|move|p1b: Pincurchin|Sucker Punch||[still]\n|-fail|p1b: Pincurchin\n|move|p1a: Iron Leaves|Psyblade|p2b: Ninetales\n|-damage|p2b: Ninetales|0 fnt\n|faint|p2b: Ninetales\n|\n|upkeep\n|\n|t:|1697655614\n|switch|p2b: Indeedee|Indeedee-F, F, shiny|7\/100\n|-fieldstart|move: Psychic Terrain|[from] ability: Psychic Surge|[of] p2b: Indeedee\n|-end|p1a: Iron Leaves|Quark Drive\n|turn|8\n|\n|t:|1697655635\n|switch|p1b: Iron Moth|Iron Moth|100\/100\n|move|p2b: Indeedee|Helping Hand|p2a: Armarouge\n|-singleturn|p2a: Armarouge|Helping Hand|[of] p2b: Indeedee\n|move|p1a: Iron Leaves|Psyblade|p2b: Indeedee\n|-resisted|p2b: Indeedee\n|-damage|p2b: Indeedee|0 fnt\n|faint|p2b: Indeedee\n|move|p2a: Armarouge|Expanding Force|p1b: Iron Moth|[spread] p1a,p1b\n|-resisted|p1a: Iron Leaves\n|-supereffective|p1b: Iron Moth\n|-damage|p1a: Iron Leaves|24\/100\n|-damage|p1b: Iron Moth|0 fnt\n|faint|p1b: Iron Moth\n|-end|p1b: Iron Moth|Quark Drive|[silent]\n|\n|upkeep\n|\n|t:|1697655649\n|switch|p1b: Pincurchin|Pincurchin, F|65\/100\n|-fieldstart|move: Electric Terrain|[from] ability: Electric Surge|[of] p1b: Pincurchin\n|-activate|p1a: Iron Leaves|ability: Quark Drive\n|-start|p1a: Iron Leaves|quarkdriveatk\n|turn|9\n|c|\u2606ShowerCurt|GG\n|\n|t:|1697655659\n|move|p2a: Armarouge|Endure|p2a: Armarouge\n|-singleturn|p2a: Armarouge|move: Endure\n|move|p1b: Pincurchin|Sucker Punch||[still]\n|-fail|p1b: Pincurchin\n|move|p1a: Iron Leaves|Psyblade|p2a: Armarouge\n|-resisted|p2a: Armarouge\n|-damage|p2a: Armarouge|58\/100\n|-ability|p2a: Armarouge|Weak Armor|boost\n|-unboost|p2a: Armarouge|def|1\n|-boost|p2a: Armarouge|spe|2\n|\n|-sideend|p2: ShowerCurt|move: Aurora Veil\n|upkeep\n|turn|10\n|\n|t:|1697655674\n|move|p1b: Pincurchin|Sucker Punch|p2a: Armarouge\n|-supereffective|p2a: Armarouge\n|-damage|p2a: Armarouge|0 fnt\n|faint|p2a: Armarouge\n|\n|win|Forzarismo\n|raw|Forzarismo's rating: 1352 &rarr; <strong>1366<\/strong><br \/>(+14 for winning)\n|raw|ShowerCurt's rating: 1240 &rarr; <strong>1223<\/strong><br \/>(-17 for losing)\n|l|\u2606ShowerCurt\n|c|\u2606Forzarismo|GG\n","uploadtime":1697655685,"views":8,"p1id":"forzarismo","p2id":"showercurt","formatid":"gen9doublesou","rating":1223,"private":0,"password":""}