{"id":"gen9doublesou-1982632947","p1":"ApolonTheImmoral","p2":"Vylara","format":"[Gen 9] Doubles OU","log":"|j|\u2606ApolonTheImmoral\n|j|\u2606Vylara\n|t:|1699031412\n|gametype|doubles\n|player|p1|ApolonTheImmoral|266|1088\n|player|p2|Vylara|irida|1040\n|teamsize|p1|6\n|teamsize|p2|6\n|gen|9\n|tier|[Gen 9] Doubles OU\n|rated|\n|rule|Species Clause: Limit one of each Pok\u00e9mon\n|rule|OHKO Clause: OHKO moves are banned\n|rule|Evasion Moves Clause: Evasion moves are banned\n|rule|Gravity Sleep Clause: The combination of sleep-inducing moves with imperfect accuracy and Gravity or Gigantamax Orbeetle are banned\n|rule|Endless Battle Clause: Forcing endless battles is banned\n|rule|HP Percentage Mod: HP is shown in percentages\n|clearpoke\n|poke|p1|Dusclops, M|\n|poke|p1|Hatterene, F|\n|poke|p1|Torkoal, M|\n|poke|p1|Golem, F|\n|poke|p1|Gastrodon-East, F|\n|poke|p1|Talonflame, F|\n|poke|p2|Clodsire, M|\n|poke|p2|Gliscor, M|\n|poke|p2|Muk-Alola, F|\n|poke|p2|Mismagius, F|\n|poke|p2|Arcanine-Hisui, F|\n|poke|p2|Goodra-Hisui, F|\n|teampreview\n|c|\u2606Vylara|glhf!\n|\n|t:|1699031429\n|start\n|switch|p1a: Dusclops|Dusclops, M, shiny|100\/100\n|switch|p1b: Talonflame|Talonflame, F, shiny|100\/100\n|switch|p2a: Catherine|Mismagius, F|100\/100\n|switch|p2b: Shishifuu|Arcanine-Hisui, F|100\/100\n|-ability|p1a: Dusclops|Pressure\n|turn|1\n|c|\u2606ApolonTheImmoral|U2\n|inactive|Battle timer is ON: inactive players will automatically lose when time's up. (requested by ApolonTheImmoral)\n|\n|t:|1699031451\n|move|p2b: Shishifuu|Extreme Speed|p1b: Talonflame\n|-damage|p1b: Talonflame|65\/100\n|move|p1b: Talonflame|U-turn|p2a: Catherine\n|-resisted|p2a: Catherine\n|-damage|p2a: Catherine|89\/100\n|\n|t:|1699031463\n|switch|p1b: Gastrodon|Gastrodon-East, F, shiny|100\/100|[from] U-turn\n|move|p2a: Catherine|Shadow Ball|p1a: Dusclops\n|-supereffective|p1a: Dusclops\n|-damage|p1a: Dusclops|58\/100\n|move|p1a: Dusclops|Trick Room|p1a: Dusclops\n|-fieldstart|move: Trick Room|[of] p1a: Dusclops\n|\n|upkeep\n|turn|2\n|\n|t:|1699031483\n|switch|p2b: Jim|Clodsire, M|100\/100\n|move|p1a: Dusclops|Memento|p2b: Jim\n|-unboost|p2b: Jim|atk|2\n|-unboost|p2b: Jim|spa|2\n|faint|p1a: Dusclops\n|move|p1b: Gastrodon|Muddy Water|p2a: Catherine|[spread] p2a\n|-immune|p2b: Jim|[from] ability: Water Absorb\n|-damage|p2a: Catherine|50\/100\n|move|p2a: Catherine|Shadow Ball|p1b: Gastrodon\n|-damage|p1b: Gastrodon|67\/100\n|\n|-heal|p1b: Gastrodon|73\/100|[from] item: Leftovers\n|upkeep\n|\n|t:|1699031497\n|switch|p1a: Golem|Golem, F, shiny|100\/100\n|turn|3\n|\n|t:|1699031511\n|switch|p2b: LeBeau|Muk-Alola, F|100\/100\n|move|p1a: Golem|Rock Slide|p2a: Catherine|[spread] p2a,p2b\n|-damage|p2a: Catherine|0 fnt\n|-damage|p2b: LeBeau|70\/100\n|faint|p2a: Catherine\n|-ability|p2b: LeBeau|Levitate|[from] ability: Power of Alchemy|[of] p2a: Catherine\n|move|p1b: Gastrodon|Earth Power|p2b: LeBeau\n|-immune|p2b: LeBeau|[from] ability: Levitate\n|\n|-heal|p1b: Gastrodon|79\/100|[from] item: Leftovers\n|upkeep\n|\n|t:|1699031530\n|switch|p2a: Shana|Goodra-Hisui, F|100\/100\n|turn|4\n|\n|t:|1699031559\n|move|p1a: Golem|Rock Slide|p2b: LeBeau|[spread] p2a,p2b\n|-resisted|p2a: Shana\n|-damage|p2a: Shana|86\/100\n|-damage|p2b: LeBeau|38\/100\n|move|p1b: Gastrodon|Muddy Water|p2a: Shana|[spread] p2b\n|-miss|p1b: Gastrodon|p2a: Shana\n|-damage|p2b: LeBeau|13\/100\n|move|p2a: Shana|Draco Meteor|p1b: Gastrodon\n|-damage|p1b: Gastrodon|33\/100\n|-unboost|p2a: Shana|spa|2\n|move|p2b: LeBeau|Drain Punch|p1a: Golem\n|-supereffective|p1a: Golem\n|-damage|p1a: Golem|66\/100\n|-heal|p2b: LeBeau|29\/100|[from] drain|[of] p1a: Golem\n|-enditem|p1a: Golem|Weakness Policy\n|-boost|p1a: Golem|atk|2|[from] item: Weakness Policy\n|-boost|p1a: Golem|spa|2|[from] item: Weakness Policy\n|\n|-heal|p1b: Gastrodon|39\/100|[from] item: Leftovers\n|upkeep\n|turn|5\n|inactive|Vylara has 120 seconds left.\n|inactive|Vylara has 90 seconds left.\n|\n|t:|1699031627\n|switch|p2b: Jim|Clodsire, M|100\/100\n|move|p1a: Golem|Rock Slide|p2a: Shana|[spread] p2a,p2b\n|-resisted|p2a: Shana\n|-resisted|p2b: Jim\n|-damage|p2a: Shana|57\/100\n|-damage|p2b: Jim|67\/100\n|move|p1b: Gastrodon|Muddy Water|p2a: Shana|[spread] p2a\n|-heal|p2b: Jim|92\/100|[from] ability: Water Absorb|[of] p1b: Gastrodon\n|-resisted|p2a: Shana\n|-crit|p2a: Shana\n|-damage|p2a: Shana|46\/100\n|move|p2a: Shana|Ice Spinner|p1a: Golem\n|-supereffective|p1a: Golem\n|-damage|p1a: Golem|40\/100\n|\n|-heal|p1b: Gastrodon|45\/100|[from] item: Leftovers\n|-fieldend|move: Trick Room\n|upkeep\n|turn|6\n|inactive|Vylara has 90 seconds left.\n|-activate|p2b: Jim|item: Quick Claw\n|\n|t:|1699031673\n|move|p2b: Jim|Gunk Shot|p1b: Gastrodon\n|-resisted|p1b: Gastrodon\n|-damage|p1b: Gastrodon|27\/100\n|-status|p1b: Gastrodon|psn\n|move|p2a: Shana|Life Dew|p2a: Shana|[spread] p2a\n|-heal|p2b: Jim|100\/100|[from] ability: Water Absorb|[of] p2a: Shana\n|-heal|p2a: Shana|71\/100\n|move|p1b: Gastrodon|Earth Power|p2a: Shana\n|-supereffective|p2a: Shana\n|-crit|p2a: Shana\n|-damage|p2a: Shana|12\/100\n|-enditem|p2a: Shana|Aguav Berry|[eat]\n|-heal|p2a: Shana|45\/100|[from] item: Aguav Berry\n|move|p1a: Golem|Fire Punch|p2a: Shana\n|-damage|p2a: Shana|0 fnt\n|faint|p2a: Shana\n|\n|-heal|p1b: Gastrodon|33\/100 psn|[from] item: Leftovers\n|-damage|p1b: Gastrodon|20\/100 psn|[from] psn\n|upkeep\n|inactive|Vylara has 60 seconds left.\n|\n|t:|1699031695\n|switch|p2a: Tyrfing|Gliscor, M|100\/100\n|turn|7\n|inactive|Vylara has 60 seconds left.\n|\n|t:|1699031714\n|-terastallize|p2a: Tyrfing|Water\n|move|p2a: Tyrfing|High Horsepower|p1a: Golem\n|-supereffective|p1a: Golem\n|-damage|p1a: Golem|0 fnt\n|faint|p1a: Golem\n|move|p1b: Gastrodon|Ice Beam|p2b: Jim\n|-supereffective|p2b: Jim\n|-crit|p2b: Jim\n|-damage|p2b: Jim|54\/100\n|move|p2b: Jim|Megahorn|p1b: Gastrodon\n|-damage|p1b: Gastrodon|0 fnt\n|faint|p1b: Gastrodon\n|\n|-status|p2a: Tyrfing|tox|[from] item: Toxic Orb\n|upkeep\n|\n|t:|1699031728\n|switch|p1b: Talonflame|Talonflame, F, shiny|65\/100\n|switch|p1a: Hatterene|Hatterene, F, shiny|100\/100\n|turn|8\n|\n|t:|1699031753\n|move|p1b: Talonflame|Heat Wave|p2b: Jim|[spread] p2a,p2b\n|-resisted|p2a: Tyrfing\n|-damage|p2a: Tyrfing|76\/100 tox\n|-damage|p2b: Jim|39\/100\n|move|p2a: Tyrfing|Lunge|p1a: Hatterene\n|-damage|p1a: Hatterene|78\/100\n|-unboost|p1a: Hatterene|atk|1\n|move|p2b: Jim|Recover|p2b: Jim\n|-heal|p2b: Jim|89\/100\n|move|p1a: Hatterene|Trick Room|p1a: Hatterene\n|-fieldstart|move: Trick Room|[of] p1a: Hatterene\n|\n|-heal|p2a: Tyrfing|89\/100 tox|[from] ability: Poison Heal\n|upkeep\n|turn|9\n|inactive|Vylara has 90 seconds left.\n|\n|t:|1699031778\n|move|p2b: Jim|Gunk Shot|p1a: Hatterene|[miss]\n|-miss|p2b: Jim|p1a: Hatterene\n|move|p1a: Hatterene|Dazzling Gleam|p2a: Tyrfing|[spread] p2a,p2b\n|-resisted|p2b: Jim\n|-damage|p2a: Tyrfing|33\/100 tox\n|-damage|p2b: Jim|80\/100\n|move|p2a: Tyrfing|Crabhammer|p1b: Talonflame\n|-supereffective|p1b: Talonflame\n|-damage|p1b: Talonflame|0 fnt\n|faint|p1b: Talonflame\n|\n|-heal|p2a: Tyrfing|46\/100 tox|[from] ability: Poison Heal\n|upkeep\n|\n|t:|1699031789\n|switch|p1b: Torkoal|Torkoal, M, shiny|100\/100\n|-weather|SunnyDay|[from] ability: Drought|[of] p1b: Torkoal\n|turn|10\n|-activate|p2b: Jim|item: Quick Claw\n|\n|t:|1699031810\n|move|p2b: Jim|Gunk Shot|p1a: Hatterene\n|-supereffective|p1a: Hatterene\n|-damage|p1a: Hatterene|10\/100\n|move|p1b: Torkoal|Rock Slide|p2a: Tyrfing|[spread] p2b\n|-miss|p1b: Torkoal|p2a: Tyrfing\n|-resisted|p2b: Jim\n|-damage|p2b: Jim|73\/100\n|move|p1a: Hatterene|Dazzling Gleam|p2a: Tyrfing|[spread] p2a,p2b\n|-resisted|p2b: Jim\n|-damage|p2a: Tyrfing|0 fnt\n|-damage|p2b: Jim|64\/100\n|faint|p2a: Tyrfing\n|\n|-weather|SunnyDay|[upkeep]\n|upkeep\n|\n|t:|1699031824\n|switch|p2a: Shishifuu|Arcanine-Hisui, F|100\/100\n|turn|11\n|inactive|Vylara has 120 seconds left.\n|-activate|p2b: Jim|item: Quick Claw\n|\n|t:|1699031852\n|move|p2a: Shishifuu|Extreme Speed|p1b: Torkoal\n|-damage|p1b: Torkoal|82\/100\n|move|p2b: Jim|Megahorn|p1a: Hatterene\n|-damage|p1a: Hatterene|0 fnt\n|faint|p1a: Hatterene\n|move|p1b: Torkoal|Rock Slide|p2a: Shishifuu|[spread] p2a,p2b\n|-supereffective|p2a: Shishifuu\n|-resisted|p2b: Jim\n|-damage|p2a: Shishifuu|72\/100\n|-damage|p2b: Jim|58\/100\n|\n|-weather|SunnyDay|[upkeep]\n|upkeep\n|turn|12\n|\n|t:|1699031868\n|move|p1b: Torkoal|Rock Slide|p2a: Shishifuu|[spread] p2a,p2b\n|-supereffective|p2a: Shishifuu\n|-resisted|p2b: Jim\n|-damage|p2a: Shishifuu|45\/100\n|-damage|p2b: Jim|51\/100\n|cant|p2b: Jim|flinch\n|move|p2a: Shishifuu|Head Smash|p1b: Torkoal\n|-supereffective|p1b: Torkoal\n|-damage|p1b: Torkoal|0 fnt\n|faint|p1b: Torkoal\n|\n|win|Vylara\n|raw|ApolonTheImmoral's rating: 1088 &rarr; <strong>1062<\/strong><br \/>(-26 for losing)\n|raw|Vylara's rating: 1040 &rarr; <strong>1079<\/strong><br \/>(+39 for winning)\n|c|\u2606Vylara|gg\n|c|\u2606ApolonTheImmoral|jim stronc\n|c|\u2606ApolonTheImmoral|gg\n|c|\u2606Vylara|Can be\n|l|\u2606ApolonTheImmoral\n","uploadtime":1699031909,"views":25,"p1id":"apolontheimmoral","p2id":"vylara","formatid":"gen9doublesou","rating":1062,"private":0,"password":""}