{"id":"gen9doublesou-1989475843","p1":"Schister","p2":"hoshinaga ryo","format":"[Gen 9] Doubles OU","log":"|j|\u2606Schister\n|j|\u2606hoshinaga ryo\n|t:|1699856659\n|gametype|doubles\n|player|p1|Schister|clair|1531\n|player|p2|hoshinaga ryo|2|1522\n|teamsize|p1|6\n|teamsize|p2|6\n|gen|9\n|tier|[Gen 9] Doubles OU\n|rated|\n|rule|Species Clause: Limit one of each Pok\u00e9mon\n|rule|OHKO Clause: OHKO moves are banned\n|rule|Evasion Moves Clause: Evasion moves are banned\n|rule|Gravity Sleep Clause: The combination of sleep-inducing moves with imperfect accuracy and Gravity or Gigantamax Orbeetle are banned\n|rule|Endless Battle Clause: Forcing endless battles is banned\n|rule|HP Percentage Mod: HP is shown in percentages\n|clearpoke\n|poke|p1|Weezing-Galar, M|\n|poke|p1|Ogerpon-Hearthflame, F|\n|poke|p1|Landorus-Therian, M|\n|poke|p1|Iron Hands|\n|poke|p1|Flutter Mane|\n|poke|p1|Roaring Moon|\n|poke|p2|Cresselia, F|\n|poke|p2|Landorus-Therian, M|\n|poke|p2|Chien-Pao|\n|poke|p2|Iron Hands|\n|poke|p2|Ogerpon-Hearthflame, F|\n|poke|p2|Flutter Mane|\n|teampreview\n|inactive|Battle timer is ON: inactive players will automatically lose when time's up. (requested by Schister)\n|inactive|hoshinaga ryo has 120 seconds left.\n|\n|t:|1699856693\n|start\n|switch|p1a: Iron Hands|Iron Hands|100\/100\n|switch|p1b: Weezing|Weezing-Galar, M|100\/100\n|switch|p2a: Iron Hands|Iron Hands|100\/100\n|switch|p2b: Landorus|Landorus-Therian, M, shiny|100\/100\n|-ability|p1b: Weezing|Neutralizing Gas\n|turn|1\n|\n|t:|1699856713\n|move|p2b: Landorus|Protect|p2b: Landorus\n|-singleturn|p2b: Landorus|Protect\n|move|p1a: Iron Hands|Fake Out|p2b: Landorus\n|-activate|p2b: Landorus|move: Protect\n|move|p1b: Weezing|Will-O-Wisp|p2a: Iron Hands\n|-status|p2a: Iron Hands|brn\n|move|p2a: Iron Hands|Heavy Slam|p1b: Weezing\n|-supereffective|p1b: Weezing\n|-damage|p1b: Weezing|63\/100\n|\n|-heal|p1b: Weezing|69\/100|[from] item: Leftovers\n|-damage|p2a: Iron Hands|94\/100 brn|[from] brn\n|upkeep\n|turn|2\n|\n|t:|1699856734\n|switch|p2b: Cresselia|Cresselia, F|100\/100\n|move|p1b: Weezing|Taunt|p2b: Cresselia\n|-start|p2b: Cresselia|move: Taunt\n|move|p1a: Iron Hands|Ice Punch|p2b: Cresselia\n|-damage|p2b: Cresselia|80\/100\n|move|p2a: Iron Hands|Heavy Slam|p1b: Weezing\n|-supereffective|p1b: Weezing\n|-damage|p1b: Weezing|31\/100\n|\n|-heal|p2b: Cresselia|87\/100|[from] item: Leftovers\n|-heal|p1b: Weezing|37\/100|[from] item: Leftovers\n|-damage|p2a: Iron Hands|88\/100 brn|[from] brn\n|upkeep\n|turn|3\n|\n|t:|1699856749\n|-end|p1b: Weezing|ability: Neutralizing Gas\n|switch|p1b: Landorus|Landorus-Therian, M|100\/100\n|-ability|p1b: Landorus|Intimidate|boost\n|-unboost|p2a: Iron Hands|atk|1\n|-unboost|p2b: Cresselia|atk|1\n|move|p2b: Cresselia|Moonblast|p1b: Landorus\n|-damage|p1b: Landorus|79\/100\n|move|p1a: Iron Hands|Drain Punch|p2a: Iron Hands\n|-damage|p2a: Iron Hands|59\/100 brn\n|move|p2a: Iron Hands|Heavy Slam|p1b: Landorus\n|-damage|p1b: Landorus|58\/100\n|\n|-heal|p2b: Cresselia|93\/100|[from] item: Leftovers\n|-damage|p2a: Iron Hands|53\/100 brn|[from] brn\n|upkeep\n|turn|4\n|\n|t:|1699856775\n|switch|p2b: Flutter Mane|Flutter Mane|100\/100\n|-enditem|p2b: Flutter Mane|Booster Energy\n|-activate|p2b: Flutter Mane|ability: Protosynthesis|[fromitem]\n|-start|p2b: Flutter Mane|protosynthesisspe\n|-end|p2a: Iron Hands|Quark Drive|[silent]\n|switch|p2a: Landorus|Landorus-Therian, M, shiny|100\/100\n|-ability|p2a: Landorus|Intimidate|boost\n|-unboost|p1a: Iron Hands|atk|1\n|-unboost|p1b: Landorus|atk|1\n|-terastallize|p1b: Landorus|Flying\n|move|p1b: Landorus|Tera Blast|p2a: Landorus|[anim] Tera Blast Flying\n|-damage|p2a: Landorus|48\/100\n|move|p1a: Iron Hands|Wild Charge|p2b: Flutter Mane\n|-damage|p2b: Flutter Mane|15\/100\n|-damage|p1a: Iron Hands|88\/100|[from] Recoil\n|\n|upkeep\n|turn|5\n|\n|t:|1699856804\n|move|p2b: Flutter Mane|Moonblast|p1a: Iron Hands\n|-supereffective|p1a: Iron Hands\n|-damage|p1a: Iron Hands|34\/100\n|move|p1b: Landorus|Tera Blast|p2b: Flutter Mane|[anim] Tera Blast Flying\n|-damage|p2b: Flutter Mane|0 fnt\n|faint|p2b: Flutter Mane\n|-end|p2b: Flutter Mane|Protosynthesis|[silent]\n|move|p2a: Landorus|Rock Slide|p1b: Landorus|[spread] p1a,p1b\n|-resisted|p1a: Iron Hands\n|-supereffective|p1b: Landorus\n|-damage|p1a: Iron Hands|24\/100\n|-damage|p1b: Landorus|0 fnt\n|faint|p1b: Landorus\n|-damage|p2a: Landorus|39\/100|[from] item: Life Orb\n|cant|p1a: Iron Hands|flinch\n|\n|upkeep\n|\n|t:|1699856822\n|switch|p2b: Cresselia|Cresselia, F|93\/100\n|switch|p1b: Roaring Moon|Roaring Moon|100\/100\n|turn|6\n|\n|t:|1699856846\n|-end|p1a: Iron Hands|Quark Drive|[silent]\n|switch|p1a: Weezing|Weezing-Galar, M|37\/100\n|-ability|p1a: Weezing|Neutralizing Gas\n|move|p2a: Landorus|Protect|p2a: Landorus\n|-singleturn|p2a: Landorus|Protect\n|move|p1b: Roaring Moon|Knock Off|p2a: Landorus\n|-activate|p2a: Landorus|move: Protect\n|move|p2b: Cresselia|Lunar Blessing|p2b: Cresselia|[spread] p2a,p2b\n|-heal|p2a: Landorus|64\/100\n|-heal|p2b: Cresselia|100\/100\n|\n|-heal|p1a: Weezing|43\/100|[from] item: Leftovers\n|upkeep\n|turn|7\n|\n|t:|1699856877\n|move|p1a: Weezing|Protect|p1a: Weezing\n|-singleturn|p1a: Weezing|Protect\n|move|p1b: Roaring Moon|Knock Off|p2a: Landorus\n|-damage|p2a: Landorus|2\/100\n|-enditem|p2a: Landorus|Life Orb|[from] move: Knock Off|[of] p1b: Roaring Moon\n|move|p2a: Landorus|U-turn|p1b: Roaring Moon\n|-supereffective|p1b: Roaring Moon\n|-damage|p1b: Roaring Moon|40\/100\n|\n|t:|1699856887\n|switch|p2a: Iron Hands|Iron Hands|53\/100 brn|[from] U-turn\n|move|p2b: Cresselia|Moonblast|p1b: Roaring Moon\n|-supereffective|p1b: Roaring Moon\n|-damage|p1b: Roaring Moon|0 fnt\n|faint|p1b: Roaring Moon\n|-end|p1b: Roaring Moon|Protosynthesis|[silent]\n|\n|-heal|p1a: Weezing|49\/100|[from] item: Leftovers\n|-damage|p2a: Iron Hands|47\/100 brn|[from] brn\n|upkeep\n|\n|t:|1699856895\n|switch|p1b: Ogerpon|Ogerpon-Hearthflame, F|100\/100\n|turn|8\n|\n|t:|1699856907\n|move|p2b: Cresselia|Ally Switch|p2b: Cresselia\n|swap|p2b: Cresselia|0|[from] move: Ally Switch\n|move|p1b: Ogerpon|Stomping Tantrum|p2a: Cresselia\n|-damage|p2a: Cresselia|82\/100\n|move|p1a: Weezing|Taunt|p2b: Iron Hands\n|-start|p2b: Iron Hands|move: Taunt\n|move|p2b: Iron Hands|Heavy Slam|p1a: Weezing\n|-supereffective|p1a: Weezing\n|-damage|p1a: Weezing|13\/100\n|\n|-heal|p2a: Cresselia|88\/100|[from] item: Leftovers\n|-heal|p1a: Weezing|20\/100|[from] item: Leftovers\n|-damage|p2b: Iron Hands|41\/100 brn|[from] brn\n|upkeep\n|turn|9\n|\n|t:|1699856935\n|-end|p2b: Iron Hands|Quark Drive|[silent]\n|switch|p2b: Landorus|Landorus-Therian, M, shiny|2\/100\n|move|p1b: Ogerpon|Ivy Cudgel|p2b: Landorus\n|-damage|p2b: Landorus|0 fnt\n|faint|p2b: Landorus\n|move|p2a: Cresselia|Lunar Blessing|p2a: Cresselia\n|-heal|p2a: Cresselia|100\/100\n|move|p1a: Weezing|Taunt|p2a: Cresselia\n|-start|p2a: Cresselia|move: Taunt\n|\n|-heal|p1a: Weezing|26\/100|[from] item: Leftovers\n|upkeep\n|inactive|hoshinaga ryo has 120 seconds left.\n|\n|t:|1699856952\n|switch|p2b: Ogerpon|Ogerpon-Hearthflame, F|100\/100\n|turn|10\n|j| Z the S Tier\n|\n|t:|1699856977\n|move|p2b: Ogerpon|Spiky Shield|p2b: Ogerpon\n|-singleturn|p2b: Ogerpon|move: Protect\n|move|p1b: Ogerpon|Ivy Cudgel|p2a: Cresselia\n|-damage|p2a: Cresselia|61\/100\n|move|p2a: Cresselia|Moonblast|p1a: Weezing\n|-resisted|p1a: Weezing\n|-damage|p1a: Weezing|17\/100\n|move|p1a: Weezing|Gunk Shot|p2b: Ogerpon\n|-activate|p2b: Ogerpon|move: Protect\n|\n|-heal|p2a: Cresselia|67\/100|[from] item: Leftovers\n|-heal|p1a: Weezing|23\/100|[from] item: Leftovers\n|upkeep\n|turn|11\n|\n|t:|1699856997\n|-terastallize|p2b: Ogerpon|Fire\n|detailschange|p2b: Ogerpon|Ogerpon-Hearthflame-Tera, F, tera:Fire\n|move|p2b: Ogerpon|Stomping Tantrum|p1b: Ogerpon\n|-damage|p1b: Ogerpon|64\/100\n|move|p1b: Ogerpon|Ivy Cudgel|p2b: Ogerpon\n|-resisted|p2b: Ogerpon\n|-damage|p2b: Ogerpon|63\/100\n|move|p2a: Cresselia|Moonblast|p1a: Weezing\n|-resisted|p1a: Weezing\n|-damage|p1a: Weezing|14\/100\n|move|p1a: Weezing|Gunk Shot|p2a: Cresselia|[miss]\n|-miss|p1a: Weezing|p2a: Cresselia\n|\n|-heal|p2a: Cresselia|73\/100|[from] item: Leftovers\n|-heal|p1a: Weezing|20\/100|[from] item: Leftovers\n|upkeep\n|turn|12\n|inactive|hoshinaga ryo has 120 seconds left.\n|\n|t:|1699857029\n|move|p2b: Ogerpon|Horn Leech|p1b: Ogerpon\n|-resisted|p1b: Ogerpon\n|-damage|p1b: Ogerpon|51\/100\n|-heal|p2b: Ogerpon|71\/100|[from] drain|[of] p1b: Ogerpon\n|move|p1b: Ogerpon|Horn Leech|p2a: Cresselia\n|-damage|p2a: Cresselia|44\/100\n|-heal|p1b: Ogerpon|71\/100|[from] drain|[of] p2a: Cresselia\n|move|p2a: Cresselia|Moonblast|p1b: Ogerpon\n|-resisted|p1b: Ogerpon\n|-damage|p1b: Ogerpon|61\/100\n|move|p1a: Weezing|Gunk Shot|p2a: Cresselia|[miss]\n|-miss|p1a: Weezing|p2a: Cresselia\n|\n|-heal|p2a: Cresselia|50\/100|[from] item: Leftovers\n|-heal|p1a: Weezing|26\/100|[from] item: Leftovers\n|-end|p2a: Cresselia|move: Taunt\n|upkeep\n|turn|13\n|\n|t:|1699857045\n|move|p2b: Ogerpon|Ivy Cudgel|p1a: Weezing\n|-damage|p1a: Weezing|0 fnt\n|faint|p1a: Weezing\n|-end|p1a: Weezing|ability: Neutralizing Gas\n|-ability|p2b: Ogerpon|Embody Aspect (Hearthflame)|boost\n|-boost|p2b: Ogerpon|atk|1\n|-ability|p1b: Ogerpon|Mold Breaker\n|move|p1b: Ogerpon|Stomping Tantrum|p2b: Ogerpon\n|-supereffective|p2b: Ogerpon\n|-damage|p2b: Ogerpon|4\/100\n|move|p2a: Cresselia|Lunar Blessing|p2a: Cresselia|[spread] p2a,p2b\n|-heal|p2a: Cresselia|75\/100\n|-heal|p2b: Ogerpon|29\/100\n|\n|-heal|p2a: Cresselia|81\/100|[from] item: Leftovers\n|upkeep\n|\n|t:|1699857054\n|switch|p1a: Flutter Mane|Flutter Mane|100\/100\n|-enditem|p1a: Flutter Mane|Booster Energy\n|-activate|p1a: Flutter Mane|ability: Protosynthesis|[fromitem]\n|-start|p1a: Flutter Mane|protosynthesisspa\n|turn|14\n|\n|t:|1699857070\n|move|p2a: Cresselia|Ally Switch|p2a: Cresselia\n|swap|p2a: Cresselia|1|[from] move: Ally Switch\n|move|p1a: Flutter Mane|Shadow Ball|p2a: Ogerpon\n|-damage|p2a: Ogerpon|0 fnt\n|faint|p2a: Ogerpon\n|move|p1b: Ogerpon|Ivy Cudgel|p2b: Cresselia\n|-damage|p2b: Cresselia|42\/100\n|\n|-heal|p2b: Cresselia|48\/100|[from] item: Leftovers\n|upkeep\n|\n|t:|1699857079\n|switch|p2a: Chien-Pao|Chien-Pao|100\/100\n|-ability|p2a: Chien-Pao|Sword of Ruin\n|turn|15\n|\n|t:|1699857092\n|move|p2a: Chien-Pao|Sucker Punch|p1a: Flutter Mane\n|-damage|p1a: Flutter Mane|28\/100\n|move|p1a: Flutter Mane|Dazzling Gleam|p2a: Chien-Pao|[spread] p2a,p2b\n|-supereffective|p2a: Chien-Pao\n|-crit|p2b: Cresselia\n|-enditem|p2a: Chien-Pao|Focus Sash\n|-damage|p2a: Chien-Pao|1\/100\n|-damage|p2b: Cresselia|17\/100\n|move|p1b: Ogerpon|Ivy Cudgel|p2b: Cresselia\n|-crit|p2b: Cresselia\n|-damage|p2b: Cresselia|0 fnt\n|faint|p2b: Cresselia\n|\n|upkeep\n|\n|t:|1699857102\n|switch|p2b: Iron Hands|Iron Hands|41\/100 brn\n|turn|16\n|\n|t:|1699857110\n|move|p1a: Flutter Mane|Protect|p1a: Flutter Mane\n|-singleturn|p1a: Flutter Mane|Protect\n|move|p1b: Ogerpon|Spiky Shield|p1b: Ogerpon\n|-singleturn|p1b: Ogerpon|move: Protect\n|move|p2b: Iron Hands|Fake Out|p1b: Ogerpon\n|-activate|p1b: Ogerpon|move: Protect\n|-damage|p2b: Iron Hands|28\/100 brn|[from] Spiky Shield|[of] p1b: Ogerpon\n|move|p2a: Chien-Pao|Sucker Punch||[still]\n|-fail|p2a: Chien-Pao\n|\n|-damage|p2b: Iron Hands|22\/100 brn|[from] brn\n|upkeep\n|turn|17\n|\n|t:|1699857117\n|move|p2a: Chien-Pao|Sucker Punch|p1a: Flutter Mane\n|-damage|p1a: Flutter Mane|0 fnt\n|faint|p1a: Flutter Mane\n|-end|p1a: Flutter Mane|Protosynthesis|[silent]\n|move|p1b: Ogerpon|Horn Leech|p2b: Iron Hands\n|-damage|p2b: Iron Hands|0 fnt\n|-heal|p1b: Ogerpon|77\/100|[from] drain|[of] p2b: Iron Hands\n|faint|p2b: Iron Hands\n|-end|p2b: Iron Hands|Quark Drive|[silent]\n|\n|upkeep\n|\n|t:|1699857121\n|switch|p1a: Iron Hands|Iron Hands|24\/100\n|turn|18\n|\n|t:|1699857125\n|move|p2a: Chien-Pao|Protect|p2a: Chien-Pao\n|-singleturn|p2a: Chien-Pao|Protect\n|move|p1a: Iron Hands|Fake Out|p2a: Chien-Pao\n|-activate|p2a: Chien-Pao|move: Protect\n|move|p1b: Ogerpon|Ivy Cudgel|p2a: Chien-Pao\n|-activate|p2a: Chien-Pao|move: Protect\n|\n|upkeep\n|turn|19\n|c|\u2606Schister|ggwp\n|\n|t:|1699857139\n|move|p2a: Chien-Pao|Sucker Punch|p1a: Iron Hands\n|-resisted|p1a: Iron Hands\n|-damage|p1a: Iron Hands|8\/100\n|move|p1b: Ogerpon|Ivy Cudgel|p2a: Chien-Pao\n|-supereffective|p2a: Chien-Pao\n|-damage|p2a: Chien-Pao|0 fnt\n|faint|p2a: Chien-Pao\n|\n|win|Schister\n|raw|Schister's rating: 1531 &rarr; <strong>1550<\/strong><br \/>(+19 for winning)\n|raw|hoshinaga ryo's rating: 1522 &rarr; <strong>1503<\/strong><br \/>(-19 for losing)\n","uploadtime":1699857152,"views":12,"p1id":"schister","p2id":"hoshinagaryo","formatid":"gen9doublesou","rating":1503,"private":0,"password":""}