{"id":"gen9doublesou-1990682219","p1":"Duv4","p2":"expressocorgi","format":"[Gen 9] Doubles OU","log":"|j|\u2606Duv4\n|j|\u2606expressocorgi\n|t:|1699991379\n|gametype|doubles\n|player|p1|Duv4|101|1137\n|player|p2|expressocorgi|265|1182\n|teamsize|p1|6\n|teamsize|p2|6\n|gen|9\n|tier|[Gen 9] Doubles OU\n|rated|\n|rule|Species Clause: Limit one of each Pok\u00e9mon\n|rule|OHKO Clause: OHKO moves are banned\n|rule|Evasion Moves Clause: Evasion moves are banned\n|rule|Gravity Sleep Clause: The combination of sleep-inducing moves with imperfect accuracy and Gravity or Gigantamax Orbeetle are banned\n|rule|Endless Battle Clause: Forcing endless battles is banned\n|rule|HP Percentage Mod: HP is shown in percentages\n|clearpoke\n|poke|p1|Chi-Yu|\n|poke|p1|Flutter Mane|\n|poke|p1|Iron Hands|\n|poke|p1|Kommo-o, F|\n|poke|p1|Sinistcha|\n|poke|p1|Palafin, F|\n|poke|p2|Snorlax, M|\n|poke|p2|Sinistcha|\n|poke|p2|Landorus-Therian, M|\n|poke|p2|Iron Hands|\n|poke|p2|Clefairy, M|\n|poke|p2|Kommo-o, M|\n|teampreview\n|inactive|Battle timer is ON: inactive players will automatically lose when time's up. (requested by expressocorgi)\n|inactive|Duv4 also wants the timer to be on.\n|\n|t:|1699991396\n|start\n|switch|p1a: Iron Hands|Iron Hands|100\/100\n|switch|p1b: Palafin|Palafin, F|100\/100\n|switch|p2a: Snorlax|Snorlax, M, shiny|100\/100\n|switch|p2b: Sinistcha|Sinistcha, shiny|100\/100\n|turn|1\n|\n|t:|1699991419\n|-terastallize|p2a: Snorlax|Ghost\n|move|p1a: Iron Hands|Fake Out|p2a: Snorlax\n|-immune|p2a: Snorlax\n|move|p1b: Palafin|Flip Turn|p2a: Snorlax\n|-crit|p2a: Snorlax\n|-damage|p2a: Snorlax|72\/100\n|\n|t:|1699991427\n|detailschange|p1b: Palafin|Palafin-Hero, F\n|switch|p1b: Chi-Yu|Chi-Yu|100\/100|[from] Flip Turn\n|-ability|p1b: Chi-Yu|Beads of Ruin\n|move|p2a: Snorlax|Belly Drum|p2a: Snorlax\n|-damage|p2a: Snorlax|22\/100\n|-setboost|p2a: Snorlax|atk|6|[from] move: Belly Drum\n|-enditem|p2a: Snorlax|Sitrus Berry|[eat]\n|-heal|p2a: Snorlax|47\/100|[from] item: Sitrus Berry\n|move|p2b: Sinistcha|Trick Room|p2b: Sinistcha\n|-fieldstart|move: Trick Room|[of] p2b: Sinistcha\n|\n|upkeep\n|turn|2\n|\n|t:|1699991452\n|move|p2b: Sinistcha|Rage Powder|p2b: Sinistcha\n|-singleturn|p2b: Sinistcha|move: Rage Powder\n|move|p2a: Snorlax|High Horsepower|p1a: Iron Hands\n|-supereffective|p1a: Iron Hands\n|-damage|p1a: Iron Hands|0 fnt\n|faint|p1a: Iron Hands\n|-end|p1a: Iron Hands|Quark Drive|[silent]\n|move|p1b: Chi-Yu|Snarl|p2b: Sinistcha|[spread] p2a,p2b\n|-supereffective|p2a: Snorlax\n|-crit|p2a: Snorlax\n|-supereffective|p2b: Sinistcha\n|-damage|p2a: Snorlax|0 fnt\n|-damage|p2b: Sinistcha|25\/100\n|-unboost|p2b: Sinistcha|spa|1\n|faint|p2a: Snorlax\n|\n|upkeep\n|\n|t:|1699991468\n|switch|p2a: Landorus|Landorus-Therian, M, shiny|100\/100\n|switch|p1a: Palafin|Palafin-Hero, F|100\/100\n|-activate|p1a: Palafin|ability: Zero to Hero\n|-ability|p2a: Landorus|Intimidate|boost\n|-unboost|p1a: Palafin|atk|1\n|-unboost|p1b: Chi-Yu|atk|1\n|turn|3\n|\n|t:|1699991479\n|switch|p2a: Clefairy|Clefairy, M, shiny|100\/100\n|move|p1a: Palafin|Jet Punch|p2a: Clefairy\n|-damage|p2a: Clefairy|73\/100\n|move|p2b: Sinistcha|Matcha Gotcha|p1a: Palafin|[spread] p1a,p1b\n|-supereffective|p1a: Palafin\n|-resisted|p1b: Chi-Yu\n|-damage|p1a: Palafin|49\/100\n|-heal|p2b: Sinistcha|51\/100|[from] drain|[of] p1a: Palafin\n|-damage|p1b: Chi-Yu|91\/100\n|-heal|p2b: Sinistcha|54\/100|[from] drain|[of] p1b: Chi-Yu\n|move|p1b: Chi-Yu|Snarl|p2b: Sinistcha|[spread] p2a,p2b\n|-resisted|p2a: Clefairy\n|-supereffective|p2b: Sinistcha\n|-damage|p2a: Clefairy|56\/100\n|-damage|p2b: Sinistcha|0 fnt\n|-unboost|p2a: Clefairy|spa|1\n|faint|p2b: Sinistcha\n|\n|upkeep\n|\n|t:|1699991488\n|switch|p2b: Iron Hands|Iron Hands, shiny|100\/100\n|turn|4\n|\n|t:|1699991510\n|switch|p1b: Sinistcha|Sinistcha|100\/100\n|-heal|p1a: Palafin|74\/100|[from] ability: Hospitality|[of] p1b: Sinistcha\n|move|p2a: Clefairy|Helping Hand|p2b: Iron Hands\n|-singleturn|p2b: Iron Hands|Helping Hand|[of] p2a: Clefairy\n|move|p2b: Iron Hands|Fake Out|p1a: Palafin\n|-damage|p1a: Palafin|50\/100\n|cant|p1a: Palafin|flinch\n|\n|upkeep\n|turn|5\n|\n|t:|1699991530\n|move|p2a: Clefairy|Follow Me|p2a: Clefairy\n|-singleturn|p2a: Clefairy|move: Follow Me\n|move|p1b: Sinistcha|Rage Powder|p1b: Sinistcha\n|-singleturn|p1b: Sinistcha|move: Rage Powder\n|move|p2b: Iron Hands|Wild Charge|p1b: Sinistcha\n|-resisted|p1b: Sinistcha\n|-damage|p1b: Sinistcha|79\/100\n|-damage|p2b: Iron Hands|96\/100|[from] Recoil\n|move|p1a: Palafin|Liquidation|p2a: Clefairy\n|-damage|p2a: Clefairy|20\/100\n|\n|-fieldend|move: Trick Room\n|upkeep\n|turn|6\n|\n|t:|1699991549\n|move|p1b: Sinistcha|Rage Powder|p1b: Sinistcha\n|-singleturn|p1b: Sinistcha|move: Rage Powder\n|move|p2a: Clefairy|Follow Me|p2a: Clefairy\n|-singleturn|p2a: Clefairy|move: Follow Me\n|move|p1a: Palafin|Flip Turn|p2a: Clefairy\n|-damage|p2a: Clefairy|0 fnt\n|faint|p2a: Clefairy\n|\n|t:|1699991559\n|switch|p1a: Kommo-o|Kommo-o, F|100\/100|[from] Flip Turn\n|move|p2b: Iron Hands|Heavy Slam|p1b: Sinistcha\n|-damage|p1b: Sinistcha|44\/100\n|-enditem|p1b: Sinistcha|Sitrus Berry|[eat]\n|-heal|p1b: Sinistcha|69\/100|[from] item: Sitrus Berry\n|\n|upkeep\n|\n|t:|1699991563\n|switch|p2a: Landorus|Landorus-Therian, M, shiny|100\/100\n|-ability|p2a: Landorus|Intimidate|boost\n|-unboost|p1a: Kommo-o|atk|1\n|-unboost|p1b: Sinistcha|atk|1\n|turn|7\n|\n|t:|1699991579\n|move|p1b: Sinistcha|Rage Powder|p1b: Sinistcha\n|-singleturn|p1b: Sinistcha|move: Rage Powder\n|move|p2a: Landorus|Rock Slide|p1b: Sinistcha|[spread] p1a,p1b\n|-resisted|p1a: Kommo-o\n|-damage|p1a: Kommo-o|90\/100\n|-damage|p1b: Sinistcha|49\/100\n|cant|p1a: Kommo-o|flinch\n|move|p2b: Iron Hands|Wild Charge|p1b: Sinistcha\n|-resisted|p1b: Sinistcha\n|-damage|p1b: Sinistcha|29\/100\n|-damage|p2b: Iron Hands|92\/100|[from] Recoil\n|\n|upkeep\n|turn|8\n|\n|t:|1699991591\n|-end|p2b: Iron Hands|Quark Drive|[silent]\n|switch|p2b: Kommo-o|Kommo-o, M, shiny|100\/100\n|move|p1b: Sinistcha|Rage Powder|p1b: Sinistcha\n|-singleturn|p1b: Sinistcha|move: Rage Powder\n|move|p2a: Landorus|Rock Slide|p1b: Sinistcha|[spread] p1a,p1b\n|-resisted|p1a: Kommo-o\n|-damage|p1a: Kommo-o|81\/100\n|-damage|p1b: Sinistcha|10\/100\n|cant|p1a: Kommo-o|flinch\n|\n|upkeep\n|turn|9\n|\n|t:|1699991613\n|move|p2a: Landorus|Rock Slide|p1b: Sinistcha|[spread] p1a,p1b\n|-resisted|p1a: Kommo-o\n|-damage|p1a: Kommo-o|69\/100\n|-damage|p1b: Sinistcha|0 fnt\n|faint|p1b: Sinistcha\n|move|p1a: Kommo-o|Clangorous Soul|p1a: Kommo-o\n|-boost|p1a: Kommo-o|atk|1\n|-boost|p1a: Kommo-o|def|1\n|-boost|p1a: Kommo-o|spa|1\n|-boost|p1a: Kommo-o|spd|1\n|-boost|p1a: Kommo-o|spe|1\n|-damage|p1a: Kommo-o|37\/100\n|-enditem|p1a: Kommo-o|Throat Spray\n|-boost|p1a: Kommo-o|spa|1|[from] item: Throat Spray\n|move|p2b: Kommo-o|Clanging Scales|p1a: Kommo-o\n|-supereffective|p1a: Kommo-o\n|-damage|p1a: Kommo-o|0 fnt\n|faint|p1a: Kommo-o\n|-unboost|p2b: Kommo-o|def|1\n|-enditem|p2b: Kommo-o|Throat Spray\n|-boost|p2b: Kommo-o|spa|1|[from] item: Throat Spray\n|\n|upkeep\n|inactive|Duv4 has 120 seconds left.\n|\n|t:|1699991633\n|switch|p1a: Chi-Yu|Chi-Yu|91\/100\n|switch|p1b: Palafin|Palafin-Hero, F|50\/100\n|-ability|p1a: Chi-Yu|Beads of Ruin\n|turn|10\n|inactive|Duv4 has 120 seconds left.\n|\n|t:|1699991658\n|move|p2b: Kommo-o|Protect|p2b: Kommo-o\n|-singleturn|p2b: Kommo-o|Protect\n|move|p2a: Landorus|Rock Slide|p1a: Chi-Yu|[spread] p1a,p1b\n|-supereffective|p1a: Chi-Yu\n|-damage|p1a: Chi-Yu|8\/100\n|-damage|p1b: Palafin|25\/100\n|move|p1b: Palafin|Drain Punch|p2b: Kommo-o\n|-activate|p2b: Kommo-o|move: Protect\n|move|p1a: Chi-Yu|Heat Wave|p2b: Kommo-o|[spread] p2a\n|-activate|p2b: Kommo-o|move: Protect\n|-damage|p2a: Landorus|0 fnt\n|faint|p2a: Landorus\n|\n|upkeep\n|\n|t:|1699991682\n|switch|p2a: Iron Hands|Iron Hands, shiny|92\/100\n|turn|11\n|\n|t:|1699991703\n|switch|p1a: Flutter Mane|Flutter Mane|100\/100\n|move|p2a: Iron Hands|Fake Out|p1a: Flutter Mane\n|-immune|p1a: Flutter Mane\n|move|p1b: Palafin|Drain Punch|p2b: Kommo-o\n|-damage|p2b: Kommo-o|63\/100\n|-heal|p1b: Palafin|43\/100|[from] drain|[of] p2b: Kommo-o\n|move|p2b: Kommo-o|Clanging Scales|p1b: Palafin|[spread] p1b\n|-immune|p1a: Flutter Mane\n|-damage|p1b: Palafin|0 fnt\n|faint|p1b: Palafin\n|-unboost|p2b: Kommo-o|def|1\n|\n|upkeep\n|\n|t:|1699991717\n|switch|p1b: Chi-Yu|Chi-Yu|8\/100\n|-ability|p1b: Chi-Yu|Beads of Ruin\n|turn|12\n|\n|t:|1699991732\n|-terastallize|p1a: Flutter Mane|Fairy\n|move|p1a: Flutter Mane|Dazzling Gleam|p2b: Kommo-o|[spread] p2a,p2b\n|-supereffective|p2a: Iron Hands\n|-supereffective|p2b: Kommo-o\n|-crit|p2b: Kommo-o\n|-damage|p2a: Iron Hands|21\/100\n|-damage|p2b: Kommo-o|0 fnt\n|faint|p2b: Kommo-o\n|move|p1b: Chi-Yu|Heat Wave|p2a: Iron Hands\n|-damage|p2a: Iron Hands|0 fnt\n|faint|p2a: Iron Hands\n|-end|p2a: Iron Hands|Quark Drive|[silent]\n|\n|win|Duv4\n|raw|Duv4's rating: 1137 &rarr; <strong>1165<\/strong><br \/>(+28 for winning)\n|raw|expressocorgi's rating: 1182 &rarr; <strong>1154<\/strong><br \/>(-28 for losing)\n|l|\u2606expressocorgi\n","uploadtime":1699991745,"views":6,"p1id":"duv4","p2id":"expressocorgi","formatid":"gen9doublesou","rating":1154,"private":0,"password":""}