{"id":"gen9doublesou-1977072515","p1":"Dxrkness.rising","p2":"sadboigaming","format":"[Gen 9] Doubles OU","log":"|j|\u2606Dxrkness.rising\n|j|\u2606sadboigaming\n|t:|1698368451\n|gametype|doubles\n|player|p1|Dxrkness.rising|wallace|\n|player|p2|sadboigaming|unknown|\n|teamsize|p1|6\n|teamsize|p2|6\n|gen|9\n|tier|[Gen 9] Doubles OU\n|rule|Species Clause: Limit one of each Pok\u00e9mon\n|rule|OHKO Clause: OHKO moves are banned\n|rule|Evasion Moves Clause: Evasion moves are banned\n|rule|Gravity Sleep Clause: The combination of sleep-inducing moves with imperfect accuracy and Gravity or Gigantamax Orbeetle are banned\n|rule|Endless Battle Clause: Forcing endless battles is banned\n|rule|HP Percentage Mod: HP is shown in percentages\n|clearpoke\n|poke|p1|Azumarill, F|\n|poke|p1|Toxtricity, M|\n|poke|p1|Appletun, F|\n|poke|p1|Brute Bonnet|\n|poke|p1|Gengar, M|\n|poke|p1|Inteleon, M|\n|poke|p2|Regidrago|\n|poke|p2|Hoopa|\n|poke|p2|Torkoal, M|\n|poke|p2|Great Tusk|\n|poke|p2|Thundurus, M|\n|poke|p2|Enamorus-Therian, F|\n|teampreview\n|j| Kevin Dickey12\n|j| GoDDanteX\n|j| Redzone92\n|\n|t:|1698368472\n|start\n|switch|p1a: Shroom Lord|Brute Bonnet|100\/100\n|switch|p1b: Gavin|Toxtricity, M|100\/100\n|switch|p2a: Hoopa|Hoopa|100\/100\n|switch|p2b: Thundurus|Thundurus, M, shiny|100\/100\n|turn|1\n|\n|t:|1698368505\n|move|p1a: Shroom Lord|Sucker Punch|p2a: Hoopa\n|-supereffective|p2a: Hoopa\n|-damage|p2a: Hoopa|0 fnt\n|faint|p2a: Hoopa\n|move|p2b: Thundurus|Sludge Bomb|p1a: Shroom Lord\n|-supereffective|p1a: Shroom Lord\n|-damage|p1a: Shroom Lord|53\/100\n|move|p1b: Gavin|Volt Switch|p2b: Thundurus\n|-damage|p2b: Thundurus|30\/100\n|\n|t:|1698368521\n|switch|p1b: Applebottom Jeans|Appletun, F, shiny|100\/100|[from] Volt Switch\n|\n|upkeep\n|\n|t:|1698368529\n|switch|p2a: Great Tusk|Great Tusk|100\/100\n|-enditem|p2a: Great Tusk|Booster Energy\n|-activate|p2a: Great Tusk|ability: Protosynthesis|[fromitem]\n|-start|p2a: Great Tusk|protosynthesisatk\n|turn|2\n|\n|t:|1698368545\n|move|p2b: Thundurus|Sludge Bomb|p1b: Applebottom Jeans\n|-supereffective|p1b: Applebottom Jeans\n|-damage|p1b: Applebottom Jeans|49\/100\n|move|p2a: Great Tusk|Ice Spinner|p1a: Shroom Lord\n|-supereffective|p1a: Shroom Lord\n|-damage|p1a: Shroom Lord|0 fnt\n|faint|p1a: Shroom Lord\n|-end|p1a: Shroom Lord|Protosynthesis|[silent]\n|move|p1b: Applebottom Jeans|Light Screen|p1b: Applebottom Jeans\n|-sidestart|p1: Dxrkness.rising|move: Light Screen\n|\n|upkeep\n|\n|t:|1698368566\n|switch|p1a: Gavin|Toxtricity, M|100\/100\n|turn|3\n|\n|t:|1698368607\n|move|p2b: Thundurus|Sludge Bomb|p1b: Applebottom Jeans\n|-supereffective|p1b: Applebottom Jeans\n|-damage|p1b: Applebottom Jeans|16\/100\n|move|p2a: Great Tusk|Earthquake|p1a: Gavin|[spread] p1a,p1b\n|-immune|p2b: Thundurus\n|-supereffective|p1a: Gavin\n|-resisted|p1b: Applebottom Jeans\n|-damage|p1a: Gavin|0 fnt\n|-damage|p1b: Applebottom Jeans|0 fnt\n|faint|p1a: Gavin\n|faint|p1b: Applebottom Jeans\n|\n|upkeep\n|\n|t:|1698368624\n|switch|p1a: Wet \ud83c\udf51 Pokemon|Azumarill, F, shiny|100\/100\n|switch|p1b: Connor|Inteleon, M|100\/100\n|turn|4\n|\n|t:|1698368646\n|-end|p2a: Great Tusk|Protosynthesis|[silent]\n|switch|p2a: Torkoal|Torkoal, M, shiny|100\/100\n|move|p1a: Wet \ud83c\udf51 Pokemon|Aqua Jet|p2a: Torkoal\n|-supereffective|p2a: Torkoal\n|-damage|p2a: Torkoal|75\/100\n|move|p2b: Thundurus|Thunderbolt|p1b: Connor\n|-supereffective|p1b: Connor\n|-damage|p1b: Connor|0 fnt\n|faint|p1b: Connor\n|\n|upkeep\n|\n|t:|1698368657\n|switch|p1b: Dusanek|Gengar, M, shiny|100\/100\n|turn|5\n|\n|t:|1698368673\n|-terastallize|p2a: Torkoal|Ground\n|move|p2b: Thundurus|Thunderbolt|p1a: Wet \ud83c\udf51 Pokemon\n|-supereffective|p1a: Wet \ud83c\udf51 Pokemon\n|-damage|p1a: Wet \ud83c\udf51 Pokemon|55\/100\n|-status|p1a: Wet \ud83c\udf51 Pokemon|par\n|move|p1b: Dusanek|Destiny Bond|p1b: Dusanek\n|-singlemove|p1b: Dusanek|Destiny Bond\n|move|p2a: Torkoal|Eruption|p1a: Wet \ud83c\udf51 Pokemon|[spread] p1a,p1b\n|-resisted|p1a: Wet \ud83c\udf51 Pokemon\n|-damage|p1a: Wet \ud83c\udf51 Pokemon|47\/100 par\n|-damage|p1b: Dusanek|62\/100\n|-enditem|p1a: Wet \ud83c\udf51 Pokemon|Sitrus Berry|[eat]\n|-heal|p1a: Wet \ud83c\udf51 Pokemon|72\/100 par|[from] item: Sitrus Berry\n|move|p1a: Wet \ud83c\udf51 Pokemon|Ice Spinner|p2b: Thundurus\n|-supereffective|p2b: Thundurus\n|-damage|p2b: Thundurus|0 fnt\n|faint|p2b: Thundurus\n|\n|-heal|p1b: Dusanek|68\/100|[from] item: Black Sludge\n|upkeep\n|\n|t:|1698368694\n|switch|p2b: Enamorus|Enamorus-Therian, F|100\/100\n|turn|6\n|\n|t:|1698368707\n|move|p1b: Dusanek|Dazzling Gleam|p2b: Enamorus|[spread] p2a,p2b\n|-damage|p2a: Torkoal|47\/100\n|-damage|p2b: Enamorus|75\/100\n|move|p2b: Enamorus|Earth Power|p1b: Dusanek\n|-supereffective|p1b: Dusanek\n|-damage|p1b: Dusanek|0 fnt\n|-start|p2b: Enamorus|Disable|Earth Power|[from] ability: Cursed Body|[of] p1b: Dusanek\n|faint|p1b: Dusanek\n|cant|p1a: Wet \ud83c\udf51 Pokemon|par\n|move|p2a: Torkoal|Sludge Bomb|p1a: Wet \ud83c\udf51 Pokemon\n|-supereffective|p1a: Wet \ud83c\udf51 Pokemon\n|-damage|p1a: Wet \ud83c\udf51 Pokemon|47\/100 par\n|\n|-heal|p2b: Enamorus|81\/100|[from] item: Leftovers\n|upkeep\n|turn|7\n|\n|t:|1698368731\n|move|p2b: Enamorus|Sludge Bomb|p1a: Wet \ud83c\udf51 Pokemon\n|-supereffective|p1a: Wet \ud83c\udf51 Pokemon\n|-damage|p1a: Wet \ud83c\udf51 Pokemon|15\/100 par\n|move|p1a: Wet \ud83c\udf51 Pokemon|Ice Spinner|p2b: Enamorus\n|-supereffective|p2b: Enamorus\n|-damage|p2b: Enamorus|39\/100\n|move|p2a: Torkoal|Shell Smash|p2a: Torkoal\n|-unboost|p2a: Torkoal|def|1\n|-unboost|p2a: Torkoal|spd|1\n|-boost|p2a: Torkoal|atk|2\n|-boost|p2a: Torkoal|spa|2\n|-boost|p2a: Torkoal|spe|2\n|-enditem|p2a: Torkoal|White Herb\n|-clearnegativeboost|p2a: Torkoal|[silent]\n|\n|-heal|p2b: Enamorus|45\/100|[from] item: Leftovers\n|upkeep\n|turn|8\n|\n|t:|1698368756\n|move|p1a: Wet \ud83c\udf51 Pokemon|Aqua Jet|p2b: Enamorus\n|-damage|p2b: Enamorus|30\/100\n|move|p2b: Enamorus|Sludge Bomb|p1a: Wet \ud83c\udf51 Pokemon\n|-supereffective|p1a: Wet \ud83c\udf51 Pokemon\n|-damage|p1a: Wet \ud83c\udf51 Pokemon|0 fnt\n|faint|p1a: Wet \ud83c\udf51 Pokemon\n|\n|win|sadboigaming\n","uploadtime":1698368766,"views":12,"p1id":"dxrknessrising","p2id":"sadboigaming","formatid":"gen9doublesou","rating":0,"private":0,"password":""}