{"id":"gen9doublesou-1995068104","p1":"C0SuMa","p2":"e_bennettwe","format":"[Gen 9] Doubles OU","log":"|j|\u2606C0SuMa\n|j|\u2606e_bennettwe\n|t:|1700519065\n|gametype|doubles\n|player|p1|C0SuMa|caitlin|1447\n|player|p2|e_bennettwe|clay|1567\n|teamsize|p1|6\n|teamsize|p2|6\n|gen|9\n|tier|[Gen 9] Doubles OU\n|rated|\n|rule|Species Clause: Limit one of each Pok\u00e9mon\n|rule|OHKO Clause: OHKO moves are banned\n|rule|Evasion Moves Clause: Evasion moves are banned\n|rule|Gravity Sleep Clause: The combination of sleep-inducing moves with imperfect accuracy and Gravity or Gigantamax Orbeetle are banned\n|rule|Endless Battle Clause: Forcing endless battles is banned\n|rule|HP Percentage Mod: HP is shown in percentages\n|clearpoke\n|poke|p1|Ninetales-Alola, F|\n|poke|p1|Flutter Mane|\n|poke|p1|Iron Bundle|\n|poke|p1|Ogerpon-Hearthflame, F|\n|poke|p1|Iron Hands|\n|poke|p1|Cresselia, F|\n|poke|p2|Sinistcha-Masterpiece|\n|poke|p2|Ursaluna-Bloodmoon, M|\n|poke|p2|Munkidori, M|\n|poke|p2|Kingambit, M|\n|poke|p2|Iron Moth|\n|poke|p2|Garganacl, M|\n|teampreview\n|\n|t:|1700519087\n|start\n|switch|p1a: Iron Bundle|Iron Bundle|100\/100\n|switch|p1b: Iron Hands|Iron Hands|100\/100\n|switch|p2a: Munkidori|Munkidori, M|100\/100\n|switch|p2b: Ursaluna|Ursaluna-Bloodmoon, M|100\/100\n|turn|1\n|\n|t:|1700519102\n|-end|p1b: Iron Hands|Quark Drive|[silent]\n|switch|p1b: Ninetales|Ninetales-Alola, F|100\/100\n|-weather|Snow|[from] ability: Snow Warning|[of] p1b: Ninetales\n|-terastallize|p2b: Ursaluna|Normal\n|move|p2a: Munkidori|Fake Out|p1b: Ninetales\n|-damage|p1b: Ninetales|94\/100\n|-status|p1b: Ninetales|tox|[from] ability: Toxic Chain|[of] p2a: Munkidori\n|move|p1a: Iron Bundle|Aurora Veil|p1a: Iron Bundle\n|-sidestart|p1: C0SuMa|move: Aurora Veil\n|move|p2b: Ursaluna|Hyper Voice|p1b: Ninetales|[spread] p1a,p1b\n|-damage|p1a: Iron Bundle|27\/100\n|-damage|p1b: Ninetales|58\/100 tox\n|\n|-weather|Snow|[upkeep]\n|-damage|p1b: Ninetales|52\/100 tox|[from] psn\n|upkeep\n|turn|2\n|\n|t:|1700519125\n|move|p2b: Ursaluna|Vacuum Wave|p1a: Iron Bundle\n|-supereffective|p1a: Iron Bundle\n|-damage|p1a: Iron Bundle|0 fnt\n|faint|p1a: Iron Bundle\n|-end|p1a: Iron Bundle|Quark Drive|[silent]\n|move|p1b: Ninetales|Blizzard|p2b: Ursaluna|[spread] p2a,p2b\n|-damage|p2a: Munkidori|76\/100\n|-damage|p2b: Ursaluna|80\/100\n|move|p2a: Munkidori|Acid Spray|p1b: Ninetales\n|-supereffective|p1b: Ninetales\n|-damage|p1b: Ninetales|24\/100 tox\n|-unboost|p1b: Ninetales|spd|2\n|\n|-weather|Snow|[upkeep]\n|-damage|p1b: Ninetales|12\/100 tox|[from] psn\n|upkeep\n|\n|t:|1700519155\n|switch|p1a: Ogerpon|Ogerpon-Hearthflame, F|100\/100\n|-ability|p1a: Ogerpon|Mold Breaker\n|turn|3\n|\n|t:|1700519165\n|move|p2b: Ursaluna|Vacuum Wave|p1b: Ninetales\n|-damage|p1b: Ninetales|0 fnt\n|faint|p1b: Ninetales\n|move|p1a: Ogerpon|Knock Off|p2a: Munkidori\n|-supereffective|p2a: Munkidori\n|-damage|p2a: Munkidori|0 fnt\n|-enditem|p2a: Munkidori|Focus Sash|[from] move: Knock Off|[of] p1a: Ogerpon\n|faint|p2a: Munkidori\n|\n|-weather|Snow|[upkeep]\n|upkeep\n|\n|t:|1700519175\n|switch|p1b: Iron Hands|Iron Hands|100\/100\n|switch|p2a: Iron Moth|Iron Moth|100\/100\n|-enditem|p2a: Iron Moth|Booster Energy\n|-activate|p2a: Iron Moth|ability: Quark Drive|[fromitem]\n|-start|p2a: Iron Moth|quarkdrivespa\n|turn|4\n|\n|t:|1700519194\n|switch|p2b: Kingambit|Kingambit, M|100\/100\n|move|p1b: Iron Hands|Fake Out|p2b: Kingambit\n|-resisted|p2b: Kingambit\n|-damage|p2b: Kingambit|96\/100\n|move|p1a: Ogerpon|Knock Off|p2a: Iron Moth\n|-damage|p2a: Iron Moth|54\/100\n|move|p2a: Iron Moth|Sludge Wave|p1a: Ogerpon|[spread] p1a,p1b\n|-immune|p2b: Kingambit\n|-supereffective|p1a: Ogerpon\n|-damage|p1a: Ogerpon|17\/100\n|-damage|p1b: Iron Hands|69\/100\n|\n|-weather|Snow|[upkeep]\n|upkeep\n|turn|5\n|\n|t:|1700519218\n|switch|p2b: Sinistcha|Sinistcha-Masterpiece|100\/100\n|-heal|p2a: Iron Moth|79\/100|[from] ability: Hospitality|[of] p2b: Sinistcha\n|move|p1a: Ogerpon|Ivy Cudgel|p2b: Sinistcha|[anim] Ivy Cudgel Fire\n|-supereffective|p2b: Sinistcha\n|-damage|p2b: Sinistcha|0 fnt\n|faint|p2b: Sinistcha\n|move|p2a: Iron Moth|Dazzling Gleam|p1b: Iron Hands|[spread] p1a,p1b\n|-resisted|p1a: Ogerpon\n|-supereffective|p1b: Iron Hands\n|-damage|p1a: Ogerpon|5\/100\n|-damage|p1b: Iron Hands|33\/100\n|-enditem|p1b: Iron Hands|Sitrus Berry|[eat]\n|-heal|p1b: Iron Hands|58\/100|[from] item: Sitrus Berry\n|move|p1b: Iron Hands|Thunder Punch|p2a: Iron Moth\n|-damage|p2a: Iron Moth|17\/100\n|-status|p2a: Iron Moth|par\n|\n|-weather|Snow|[upkeep]\n|upkeep\n|\n|t:|1700519238\n|switch|p2b: Ursaluna|Ursaluna-Bloodmoon, M, tera:Normal|80\/100\n|turn|6\n|\n|t:|1700519257\n|move|p1a: Ogerpon|Knock Off|p2a: Iron Moth\n|-damage|p2a: Iron Moth|0 fnt\n|faint|p2a: Iron Moth\n|-end|p2a: Iron Moth|Quark Drive|[silent]\n|move|p2b: Ursaluna|Earth Power|p1b: Iron Hands\n|-supereffective|p1b: Iron Hands\n|-damage|p1b: Iron Hands|0 fnt\n|faint|p1b: Iron Hands\n|-end|p1b: Iron Hands|Quark Drive|[silent]\n|\n|-weather|Snow|[upkeep]\n|upkeep\n|\n|t:|1700519287\n|switch|p2a: Kingambit|Kingambit, M|96\/100\n|switch|p1b: Cresselia|Cresselia, F|100\/100\n|turn|7\n|\n|t:|1700519301\n|-terastallize|p1a: Ogerpon|Fire\n|detailschange|p1a: Ogerpon|Ogerpon-Hearthflame-Tera, F, tera:Fire\n|-ability|p1a: Ogerpon|Embody Aspect (Hearthflame)|boost\n|-boost|p1a: Ogerpon|atk|1\n|move|p1b: Cresselia|Ally Switch|p1b: Cresselia\n|swap|p1b: Cresselia|0|[from] move: Ally Switch\n|move|p2b: Ursaluna|Vacuum Wave|p1a: Cresselia\n|-resisted|p1a: Cresselia\n|-damage|p1a: Cresselia|97\/100\n|move|p1b: Ogerpon|Ivy Cudgel|p2b: Ursaluna|[anim] Ivy Cudgel Fire\n|-damage|p2b: Ursaluna|0 fnt\n|faint|p2b: Ursaluna\n|move|p2a: Kingambit|Kowtow Cleave|p1b: Ogerpon\n|-damage|p1b: Ogerpon|0 fnt\n|faint|p1b: Ogerpon\n|\n|-weather|Snow|[upkeep]\n|upkeep\n|\n|t:|1700519316\n|switch|p1b: Flutter Mane|Flutter Mane|100\/100\n|switch|p2b: Garganacl|Garganacl, M|100\/100\n|turn|8\n|\n|t:|1700519351\n|move|p1b: Flutter Mane|Protect|p1b: Flutter Mane\n|-singleturn|p1b: Flutter Mane|Protect\n|move|p2b: Garganacl|Wide Guard|p2b: Garganacl\n|-singleturn|p2b: Garganacl|Wide Guard\n|move|p1a: Cresselia|Icy Wind|p2a: Kingambit|[spread] \n|-activate|p2a: Kingambit|move: Wide Guard\n|-activate|p2b: Garganacl|move: Wide Guard\n|move|p2a: Kingambit|Iron Head|p1b: Flutter Mane\n|-activate|p1b: Flutter Mane|move: Protect\n|\n|-weather|none\n|-sideend|p1: C0SuMa|move: Aurora Veil\n|upkeep\n|turn|9\n|\n|t:|1700519370\n|move|p1a: Cresselia|Ally Switch|p1a: Cresselia\n|swap|p1a: Cresselia|1|[from] move: Ally Switch\n|move|p1a: Flutter Mane|Calm Mind|p1a: Flutter Mane\n|-boost|p1a: Flutter Mane|spa|1\n|-boost|p1a: Flutter Mane|spd|1\n|move|p2a: Kingambit|Iron Head|p1b: Cresselia\n|-damage|p1b: Cresselia|69\/100\n|move|p2b: Garganacl|Salt Cure|p1a: Flutter Mane\n|-damage|p1a: Flutter Mane|68\/100\n|-start|p1a: Flutter Mane|Salt Cure\n|\n|-damage|p1a: Flutter Mane|55\/100|[from] Salt Cure\n|upkeep\n|turn|10\n|\n|t:|1700519386\n|move|p1a: Flutter Mane|Dazzling Gleam|p2b: Garganacl|[spread] p2a,p2b\n|-damage|p2a: Kingambit|35\/100\n|-damage|p2b: Garganacl|42\/100\n|-damage|p1a: Flutter Mane|46\/100|[from] item: Life Orb\n|move|p1b: Cresselia|Lunar Blessing|p1b: Cresselia|[spread] p1a,p1b\n|-heal|p1a: Flutter Mane|71\/100\n|-heal|p1b: Cresselia|94\/100\n|move|p2a: Kingambit|Kowtow Cleave|p1b: Cresselia\n|-supereffective|p1b: Cresselia\n|-damage|p1b: Cresselia|38\/100\n|move|p2b: Garganacl|Salt Cure|p1b: Cresselia\n|-damage|p1b: Cresselia|30\/100\n|-start|p1b: Cresselia|Salt Cure\n|\n|-damage|p1a: Flutter Mane|58\/100|[from] Salt Cure\n|-damage|p1b: Cresselia|18\/100|[from] Salt Cure\n|upkeep\n|turn|11\n|\n|t:|1700519417\n|move|p2b: Garganacl|Wide Guard|p2b: Garganacl\n|-singleturn|p2b: Garganacl|Wide Guard\n|move|p1a: Flutter Mane|Shadow Ball|p2a: Kingambit\n|-resisted|p2a: Kingambit\n|-damage|p2a: Kingambit|0 fnt\n|faint|p2a: Kingambit\n|-damage|p1a: Flutter Mane|48\/100|[from] item: Life Orb\n|move|p1b: Cresselia|Lunar Blessing|p1b: Cresselia|[spread] p1a,p1b\n|-heal|p1a: Flutter Mane|73\/100\n|-heal|p1b: Cresselia|43\/100\n|\n|-damage|p1a: Flutter Mane|61\/100|[from] Salt Cure\n|-damage|p1b: Cresselia|30\/100|[from] Salt Cure\n|upkeep\n|turn|12\n|-message|e_bennettwe forfeited.\n|\n|win|C0SuMa\n|raw|C0SuMa's rating: 1447 &rarr; <strong>1474<\/strong><br \/>(+27 for winning)\n|raw|e_bennettwe's rating: 1567 &rarr; <strong>1540<\/strong><br \/>(-27 for losing)\n|l|\u2606e_bennettwe\n|c|\u2606C0SuMa|gg\n","uploadtime":1700519438,"views":3,"p1id":"c0suma","p2id":"ebennettwe","formatid":"gen9doublesou","rating":1474,"private":0,"password":""}