{"id":"gen9doublesou-1973889967","p1":"LuBiStar20","p2":"Dokkiom","format":"[Gen 9] Doubles OU","log":"|j|\u2606LuBiStar20\n|j|\u2606Dokkiom\n|inactive|Battle timer is ON: inactive players will automatically lose when time's up.\n|t:|1698024808\n|gametype|doubles\n|player|p1|LuBiStar20|2|\n|player|p2|Dokkiom|colress|\n|teamsize|p1|6\n|teamsize|p2|6\n|gen|9\n|tier|[Gen 9] Doubles OU\n|rated|Tournament battle\n|rule|Species Clause: Limit one of each Pok\u00e9mon\n|rule|OHKO Clause: OHKO moves are banned\n|rule|Evasion Moves Clause: Evasion moves are banned\n|rule|Gravity Sleep Clause: The combination of sleep-inducing moves with imperfect accuracy and Gravity or Gigantamax Orbeetle are banned\n|rule|Endless Battle Clause: Forcing endless battles is banned\n|rule|HP Percentage Mod: HP is shown in percentages\n|clearpoke\n|poke|p1|Fezandipiti, M|\n|poke|p1|Tornadus, M|\n|poke|p1|Gholdengo|\n|poke|p1|Ogerpon-Wellspring, F|\n|poke|p1|Landorus-Therian, M|\n|poke|p1|Chi-Yu|\n|poke|p2|Oranguru, M|\n|poke|p2|Florges, F|\n|poke|p2|Iron Hands|\n|poke|p2|Flutter Mane|\n|poke|p2|Staraptor, M|\n|poke|p2|Veluza, F|\n|teampreview\n|inactive|LuBiStar20 also wants the timer to be on.\n|inactive|Dokkiom also wants the timer to be on.\n|\n|t:|1698024836\n|start\n|switch|p1a: Landorus|Landorus-Therian, M|100\/100\n|switch|p1b: Fezandipiti|Fezandipiti, M|100\/100\n|switch|p2a: Staraptor|Staraptor, M, shiny|100\/100\n|switch|p2b: Veluza|Veluza, F|100\/100\n|-ability|p2b: Veluza|Mold Breaker\n|-ability|p1a: Landorus|Intimidate|boost\n|-unboost|p2a: Staraptor|atk|1\n|-unboost|p2b: Veluza|atk|1\n|turn|1\n|j|#Arcticblast\n|\n|t:|1698024855\n|move|p2a: Staraptor|Final Gambit|p1a: Landorus\n|-damage|p1a: Landorus|2\/100\n|-enditem|p1a: Landorus|Sitrus Berry|[eat]\n|-heal|p1a: Landorus|27\/100|[from] item: Sitrus Berry\n|faint|p2a: Staraptor\n|move|p2b: Veluza|Final Gambit|p1b: Fezandipiti\n|-damage|p1b: Fezandipiti|0 fnt\n|faint|p2b: Veluza\n|faint|p1b: Fezandipiti\n|move|p1a: Landorus|U-turn|p2: Staraptor|[notarget]\n|-fail|p1a: Landorus\n|\n|upkeep\n|\n|t:|1698024874\n|switch|p2a: Florges|Florges, F|100\/100\n|switch|p2b: Flutter Mane|Flutter Mane|100\/100\n|switch|p1b: Chi-Yu|Chi-Yu|100\/100\n|-ability|p1b: Chi-Yu|Beads of Ruin\n|-enditem|p2b: Flutter Mane|Booster Energy\n|-activate|p2a: Florges|ability: Symbiosis|Choice Specs|[of] p2b: Flutter Mane\n|-activate|p2b: Flutter Mane|ability: Protosynthesis|[fromitem]\n|-start|p2b: Flutter Mane|protosynthesisspe\n|turn|2\n|\n|t:|1698024888\n|-terastallize|p2b: Flutter Mane|Fairy\n|move|p2a: Florges|Helping Hand|p2b: Flutter Mane\n|-singleturn|p2b: Flutter Mane|Helping Hand|[of] p2a: Florges\n|move|p2b: Flutter Mane|Dazzling Gleam|p1a: Landorus|[spread] p1a,p1b\n|-damage|p1a: Landorus|0 fnt\n|-damage|p1b: Chi-Yu|10\/100\n|faint|p1a: Landorus\n|move|p1b: Chi-Yu|Snarl|p2b: Flutter Mane|[spread] p2a,p2b\n|-resisted|p2a: Florges\n|-resisted|p2b: Flutter Mane\n|-damage|p2a: Florges|89\/100\n|-damage|p2b: Flutter Mane|81\/100\n|-unboost|p2a: Florges|spa|1\n|-unboost|p2b: Flutter Mane|spa|1\n|\n|upkeep\n|\n|t:|1698024909\n|switch|p1a: Gholdengo|Gholdengo|100\/100\n|turn|3\n|\n|t:|1698024916\n|move|p2a: Florges|Helping Hand|p2b: Flutter Mane\n|-singleturn|p2b: Flutter Mane|Helping Hand|[of] p2a: Florges\n|move|p1a: Gholdengo|Protect|p1a: Gholdengo\n|-singleturn|p1a: Gholdengo|Protect\n|move|p2b: Flutter Mane|Dazzling Gleam|p1a: Gholdengo|[spread] p1b\n|-activate|p1a: Gholdengo|move: Protect\n|-damage|p1b: Chi-Yu|0 fnt\n|faint|p1b: Chi-Yu\n|\n|upkeep\n|\n|t:|1698024920\n|switch|p1b: Tornadus|Tornadus, M|100\/100\n|turn|4\n|\n|t:|1698024926\n|-terastallize|p1a: Gholdengo|Steel\n|move|p2a: Florges|Helping Hand|p2b: Flutter Mane\n|-singleturn|p2b: Flutter Mane|Helping Hand|[of] p2a: Florges\n|move|p1b: Tornadus|Tailwind|p1b: Tornadus\n|-sidestart|p1: LuBiStar20|move: Tailwind\n|move|p2b: Flutter Mane|Dazzling Gleam|p1a: Gholdengo|[spread] p1a,p1b\n|-resisted|p1a: Gholdengo\n|-damage|p1a: Gholdengo|62\/100\n|-damage|p1b: Tornadus|12\/100\n|move|p1a: Gholdengo|Make It Rain|p2b: Flutter Mane|[spread] p2a,p2b\n|-supereffective|p2a: Florges\n|-crit|p2a: Florges\n|-supereffective|p2b: Flutter Mane\n|-damage|p2a: Florges|0 fnt\n|-damage|p2b: Flutter Mane|0 fnt\n|-unboost|p1a: Gholdengo|spa|1\n|faint|p2a: Florges\n|faint|p2b: Flutter Mane\n|-end|p2b: Flutter Mane|Protosynthesis|[silent]\n|\n|-heal|p1a: Gholdengo|68\/100|[from] item: Leftovers\n|upkeep\n|\n|t:|1698024938\n|switch|p2b: Oranguru|Oranguru, M|100\/100\n|switch|p2a: Iron Hands|Iron Hands|100\/100\n|-enditem|p2a: Iron Hands|Booster Energy\n|-activate|p2b: Oranguru|ability: Symbiosis|Choice Band|[of] p2a: Iron Hands\n|-activate|p2a: Iron Hands|ability: Quark Drive|[fromitem]\n|-start|p2a: Iron Hands|quarkdriveatk\n|turn|5\n|\n|t:|1698024948\n|switch|p1a: Ogerpon|Ogerpon-Wellspring, F|100\/100\n|move|p1b: Tornadus|Protect|p1b: Tornadus\n|-singleturn|p1b: Tornadus|Protect\n|move|p2a: Iron Hands|Thunder Punch|p1b: Tornadus\n|-activate|p1b: Tornadus|move: Protect\n|move|p2b: Oranguru|Trick Room|p2b: Oranguru\n|-fieldstart|move: Trick Room|[of] p2b: Oranguru\n|\n|upkeep\n|turn|6\n|\n|t:|1698024961\n|move|p1a: Ogerpon|Follow Me|p1a: Ogerpon\n|-singleturn|p1a: Ogerpon|move: Follow Me\n|move|p2a: Iron Hands|Thunder Punch|p1a: Ogerpon\n|-damage|p1a: Ogerpon|5\/100\n|-status|p1a: Ogerpon|par\n|move|p2b: Oranguru|Instruct|p1a: Ogerpon\n|-singleturn|p1a: Ogerpon|move: Instruct|[of] p2b: Oranguru\n|move|p1a: Ogerpon|Follow Me||[still]\n|-fail|p1a: Ogerpon\n|move|p1b: Tornadus|Bleakwind Storm|p2a: Iron Hands|[spread] p2a,p2b\n|-damage|p2a: Iron Hands|67\/100\n|-damage|p2b: Oranguru|71\/100\n|-unboost|p2b: Oranguru|spe|1\n|\n|upkeep\n|turn|7\n|\n|t:|1698024980\n|move|p1b: Tornadus|Protect|p1b: Tornadus\n|-singleturn|p1b: Tornadus|Protect\n|move|p1a: Ogerpon|Spiky Shield|p1a: Ogerpon\n|-singleturn|p1a: Ogerpon|move: Protect\n|move|p2b: Oranguru|Instruct|p2a: Iron Hands\n|-singleturn|p2a: Iron Hands|move: Instruct|[of] p2b: Oranguru\n|move|p2a: Iron Hands|Thunder Punch|p1b: Tornadus\n|-activate|p1b: Tornadus|move: Protect\n|move|p2a: Iron Hands|Thunder Punch|p1b: Tornadus\n|-activate|p1b: Tornadus|move: Protect\n|\n|-sideend|p1: LuBiStar20|move: Tailwind\n|upkeep\n|turn|8\n|\n|t:|1698025009\n|move|p1b: Tornadus|Protect|p1b: Tornadus\n|-singleturn|p1b: Tornadus|Protect\n|move|p1a: Ogerpon|Follow Me|p1a: Ogerpon\n|-singleturn|p1a: Ogerpon|move: Follow Me\n|move|p2b: Oranguru|Instruct|p1a: Ogerpon\n|-singleturn|p1a: Ogerpon|move: Instruct|[of] p2b: Oranguru\n|move|p1a: Ogerpon|Follow Me||[still]\n|-fail|p1a: Ogerpon\n|move|p2a: Iron Hands|Thunder Punch|p1a: Ogerpon\n|-damage|p1a: Ogerpon|0 fnt\n|faint|p1a: Ogerpon\n|\n|upkeep\n|\n|t:|1698025017\n|switch|p1a: Gholdengo|Gholdengo, tera:Steel|68\/100\n|turn|9\n|\n|t:|1698025047\n|move|p1b: Tornadus|Protect|p1b: Tornadus\n|-singleturn|p1b: Tornadus|Protect\n|move|p1a: Gholdengo|Protect|p1a: Gholdengo\n|-singleturn|p1a: Gholdengo|Protect\n|move|p2b: Oranguru|Instruct|p2a: Iron Hands\n|-singleturn|p2a: Iron Hands|move: Instruct|[of] p2b: Oranguru\n|move|p2a: Iron Hands|Thunder Punch|p1b: Tornadus\n|-activate|p1b: Tornadus|move: Protect\n|move|p2a: Iron Hands|Thunder Punch|p1a: Gholdengo\n|-activate|p1a: Gholdengo|move: Protect\n|\n|-heal|p1a: Gholdengo|74\/100|[from] item: Leftovers\n|-fieldend|move: Trick Room\n|upkeep\n|turn|10\n|c|#Arcticblast|holy shit the triple Protect\n|inactive|LuBiStar20 has 120 seconds left.\n|l|\u2606LuBiStar20\n|inactive|LuBiStar20 disconnected and has a minute to reconnect!\n|player|p1|\n|inactive|LuBiStar20 has 30 seconds to reconnect!\n|inactive|LuBiStar20 has 20 seconds to reconnect!\n|j|\u2606LuBiStar20\n|inactive|LuBiStar20 reconnected and has 80 seconds left.\n|player|p1|LuBiStar20|2\n|\n|t:|1698025124\n|move|p1b: Tornadus|Bleakwind Storm|p2b: Oranguru|[spread] p2a,p2b\n|-damage|p2a: Iron Hands|33\/100\n|-damage|p2b: Oranguru|41\/100\n|-unboost|p2a: Iron Hands|spe|1\n|move|p1a: Gholdengo|Shadow Ball|p2a: Iron Hands\n|-damage|p2a: Iron Hands|0 fnt\n|faint|p2a: Iron Hands\n|-end|p2a: Iron Hands|Quark Drive|[silent]\n|move|p2b: Oranguru|Trick Room|p2b: Oranguru\n|-fieldstart|move: Trick Room|[of] p2b: Oranguru\n|\n|-heal|p1a: Gholdengo|80\/100|[from] item: Leftovers\n|upkeep\n|turn|11\n|\n|t:|1698025136\n|move|p2b: Oranguru|Foul Play|p1b: Tornadus\n|-damage|p1b: Tornadus|0 fnt\n|faint|p1b: Tornadus\n|move|p1a: Gholdengo|Make It Rain|p2b: Oranguru\n|-damage|p2b: Oranguru|0 fnt\n|-unboost|p1a: Gholdengo|spa|1\n|faint|p2b: Oranguru\n|\n|win|LuBiStar20\n|n|\u2606Dokkiom|dokkiom\n|n|+Arcticblast|arcticblast\n|n|\u2606LuBiStar20|lubistar20\n|l|\u2606Dokkiom\n","uploadtime":1698025136,"views":28,"p1id":"lubistar20","p2id":"dokkiom","formatid":"gen9doublesou","rating":0,"private":0,"password":""}