{"id":"gen9doublesou-1998291526","p1":"Lazycatmo105","p2":"Elio1Ezra2","format":"[Gen 9] Doubles OU","log":"|j|\u2606Lazycatmo105\n|j|\u2606Elio1Ezra2\n|t:|1700925510\n|gametype|doubles\n|player|p1|Lazycatmo105|265|1047\n|player|p2|Elio1Ezra2|dragontamer|1101\n|teamsize|p1|6\n|teamsize|p2|6\n|gen|9\n|tier|[Gen 9] Doubles OU\n|rated|\n|rule|Species Clause: Limit one of each Pok\u00e9mon\n|rule|OHKO Clause: OHKO moves are banned\n|rule|Evasion Moves Clause: Evasion moves are banned\n|rule|Gravity Sleep Clause: The combination of sleep-inducing moves with imperfect accuracy and Gravity or Gigantamax Orbeetle are banned\n|rule|Endless Battle Clause: Forcing endless battles is banned\n|rule|HP Percentage Mod: HP is shown in percentages\n|clearpoke\n|poke|p1|Leafeon, M|\n|poke|p1|Flareon, M|\n|poke|p1|Moltres|\n|poke|p1|Greninja-*, M|\n|poke|p1|Blissey, F|\n|poke|p1|Dragapult, F|\n|poke|p2|Iron Thorns|\n|poke|p2|Iron Moth|\n|poke|p2|Iron Bundle|\n|poke|p2|Iron Valiant|\n|poke|p2|Iron Jugulis|\n|poke|p2|Iron Hands|\n|teampreview\n|j| Fighe\n|\n|t:|1700925518\n|start\n|switch|p1a: Flareon|Flareon, M, shiny|100\/100\n|switch|p1b: Leafeon|Leafeon, M, shiny|100\/100\n|switch|p2a: Iron Bundle|Iron Bundle|100\/100\n|switch|p2b: Iron Moth|Iron Moth|100\/100\n|turn|1\n|\n|t:|1700925533\n|move|p2a: Iron Bundle|Helping Hand|p2b: Iron Moth\n|-singleturn|p2b: Iron Moth|Helping Hand|[of] p2a: Iron Bundle\n|move|p1a: Flareon|Endure|p1a: Flareon\n|-singleturn|p1a: Flareon|move: Endure\n|move|p2b: Iron Moth|Flamethrower|p1b: Leafeon\n|-supereffective|p1b: Leafeon\n|-damage|p1b: Leafeon|0 fnt\n|faint|p1b: Leafeon\n|\n|upkeep\n|\n|t:|1700925546\n|switch|p1b: Moltres|Moltres, shiny|100\/100\n|turn|2\n|\n|t:|1700925561\n|move|p2a: Iron Bundle|Chilling Water|p1a: Flareon\n|-supereffective|p1a: Flareon\n|-damage|p1a: Flareon|46\/100\n|-unboost|p1a: Flareon|atk|1\n|move|p2b: Iron Moth|Sludge Wave|p1b: Moltres|[spread] p2a,p1a,p1b\n|-damage|p2a: Iron Bundle|22\/100\n|-damage|p1a: Flareon|4\/100\n|-damage|p1b: Moltres|56\/100\n|-status|p2a: Iron Bundle|psn\n|-status|p1b: Moltres|psn\n|move|p1b: Moltres|Ancient Power|p2b: Iron Moth\n|-supereffective|p2b: Iron Moth\n|-damage|p2b: Iron Moth|63\/100\n|move|p1a: Flareon|Fire Fang|p2a: Iron Bundle\n|-damage|p2a: Iron Bundle|2\/100 psn\n|\n|-heal|p2a: Iron Bundle|8\/100 psn|[from] item: Leftovers\n|-heal|p2b: Iron Moth|69\/100|[from] item: Leftovers\n|-damage|p2a: Iron Bundle|0 fnt|[from] psn\n|faint|p2a: Iron Bundle\n|-end|p2a: Iron Bundle|Quark Drive|[silent]\n|-damage|p1b: Moltres|44\/100 psn|[from] psn\n|upkeep\n|\n|t:|1700925586\n|switch|p2a: Iron Thorns|Iron Thorns|100\/100\n|turn|3\n|\n|t:|1700925601\n|-end|p2b: Iron Moth|Quark Drive|[silent]\n|switch|p2b: Iron Hands|Iron Hands|100\/100\n|move|p1b: Moltres|Rest|p1b: Moltres\n|-status|p1b: Moltres|slp|[from] move: Rest\n|-heal|p1b: Moltres|100\/100 slp|[silent]\n|move|p2a: Iron Thorns|Rock Slide|p1b: Moltres|[spread] p1a,p1b\n|-supereffective|p1a: Flareon\n|-supereffective|p1b: Moltres\n|-damage|p1a: Flareon|0 fnt\n|-damage|p1b: Moltres|6\/100 slp\n|faint|p1a: Flareon\n|\n|upkeep\n|\n|t:|1700925617\n|switch|p1a: Dragapult|Dragapult, F, shiny|100\/100\n|turn|4\n|\n|t:|1700925638\n|move|p1a: Dragapult|Dragon Dance|p1a: Dragapult\n|-boost|p1a: Dragapult|atk|1\n|-boost|p1a: Dragapult|spe|1\n|cant|p1b: Moltres|slp\n|move|p2a: Iron Thorns|Crunch|p1a: Dragapult\n|-supereffective|p1a: Dragapult\n|-crit|p1a: Dragapult\n|-damage|p1a: Dragapult|21\/100\n|-start|p2a: Iron Thorns|Disable|Crunch|[from] ability: Cursed Body|[of] p1a: Dragapult\n|move|p2b: Iron Hands|Thunder|p1b: Moltres\n|-supereffective|p1b: Moltres\n|-damage|p1b: Moltres|0 fnt\n|faint|p1b: Moltres\n|\n|upkeep\n|\n|t:|1700925654\n|switch|p1b: Blissey|Blissey, F, shiny|100\/100\n|turn|5\n|\n|t:|1700925664\n|move|p1a: Dragapult|Dragon Pulse|p2a: Iron Thorns\n|-damage|p2a: Iron Thorns|61\/100\n|move|p2a: Iron Thorns|Rock Slide|p1b: Blissey|[spread] p1a,p1b\n|-crit|p1a: Dragapult\n|-damage|p1a: Dragapult|0 fnt\n|-damage|p1b: Blissey|77\/100\n|faint|p1a: Dragapult\n|move|p2b: Iron Hands|Drain Punch|p1b: Blissey\n|-supereffective|p1b: Blissey\n|-damage|p1b: Blissey|0 fnt\n|faint|p1b: Blissey\n|\n|-heal|p2a: Iron Thorns|67\/100|[from] item: Leftovers\n|upkeep\n|\n|t:|1700925685\n|switch|p1b: Greninja|Greninja, M|100\/100\n|turn|6\n|\n|t:|1700925695\n|-terastallize|p1b: Greninja|Water\n|move|p1b: Greninja|Spikes|p2b: Iron Hands\n|-sidestart|p2: Elio1Ezra2|Spikes\n|move|p2a: Iron Thorns|Dragon Dance|p2a: Iron Thorns\n|-boost|p2a: Iron Thorns|atk|1\n|-boost|p2a: Iron Thorns|spe|1\n|move|p2b: Iron Hands|Thunder|p1b: Greninja\n|-supereffective|p1b: Greninja\n|-damage|p1b: Greninja|50\/100\n|\n|-heal|p2a: Iron Thorns|73\/100|[from] item: Leftovers\n|upkeep\n|turn|7\n|\n|t:|1700925714\n|move|p2a: Iron Thorns|Rock Slide|p1b: Greninja\n|-damage|p1b: Greninja|0 fnt\n|faint|p1b: Greninja\n|\n|win|Elio1Ezra2\n|raw|Lazycatmo105's rating: 1047 &rarr; <strong>1033<\/strong><br \/>(-14 for losing)\n|raw|Elio1Ezra2's rating: 1101 &rarr; <strong>1122<\/strong><br \/>(+21 for winning)\n|l|\u2606Lazycatmo105\n","uploadtime":1700925721,"views":4,"p1id":"lazycatmo105","p2id":"elio1ezra2","formatid":"gen9doublesou","rating":1033,"private":0,"password":""}