{"id":"gen9doublesou-1969764757","p1":"Rungy","p2":"Brawler206","format":"[Gen 9] Doubles OU","log":"|j|\u2606Rungy\n|j|\u2606Brawler206\n|t:|1697563658\n|gametype|doubles\n|player|p1|Rungy|gambler|1131\n|player|p2|Brawler206|marshal|1105\n|teamsize|p1|6\n|teamsize|p2|6\n|gen|9\n|tier|[Gen 9] Doubles OU\n|rated|\n|rule|Species Clause: Limit one of each Pok\u00e9mon\n|rule|OHKO Clause: OHKO moves are banned\n|rule|Evasion Moves Clause: Evasion moves are banned\n|rule|Gravity Sleep Clause: The combination of sleep-inducing moves with imperfect accuracy and Gravity or Gigantamax Orbeetle are banned\n|rule|Endless Battle Clause: Forcing endless battles is banned\n|rule|HP Percentage Mod: HP is shown in percentages\n|clearpoke\n|poke|p1|Weezing-Galar, M|\n|poke|p1|Gastrodon-East, M|\n|poke|p1|Volcarona, M|\n|poke|p1|Luxray, M|\n|poke|p1|Sinistcha|\n|poke|p1|Farigiraf, M|\n|poke|p2|Weezing-Galar, F|\n|poke|p2|Electrode|\n|poke|p2|Ribombee, F|\n|poke|p2|Roaring Moon|\n|poke|p2|Dragapult, F|\n|poke|p2|Arboliva, M|\n|teampreview\n|c|\u2606Rungy|glhf!\n|\n|t:|1697563683\n|start\n|switch|p1a: Asthma|Weezing-Galar, M|100\/100\n|switch|p1b: Calamity|Volcarona, M|100\/100\n|switch|p2a: Ribombee|Ribombee, F|100\/100\n|switch|p2b: Roaring Moon|Roaring Moon|100\/100\n|-fieldstart|move: Misty Terrain|[from] ability: Misty Surge|[of] p1a: Asthma\n|turn|1\n|\n|t:|1697563707\n|move|p2a: Ribombee|Bug Bite|p2b: Roaring Moon\n|-supereffective|p2b: Roaring Moon\n|-damage|p2b: Roaring Moon|71\/100\n|-enditem|p2b: Roaring Moon|Weakness Policy\n|-boost|p2b: Roaring Moon|atk|2|[from] item: Weakness Policy\n|-boost|p2b: Roaring Moon|spa|2|[from] item: Weakness Policy\n|move|p2b: Roaring Moon|Iron Head|p1a: Asthma\n|-supereffective|p1a: Asthma\n|-damage|p1a: Asthma|0 fnt\n|faint|p1a: Asthma\n|move|p1b: Calamity|Fiery Dance|p2a: Ribombee\n|-supereffective|p2a: Ribombee\n|-enditem|p2a: Ribombee|Focus Sash\n|-damage|p2a: Ribombee|1\/100\n|\n|upkeep\n|\n|t:|1697563720\n|switch|p1a: Versa|Luxray, M|100\/100\n|-ability|p1a: Versa|Intimidate|boost\n|-unboost|p2a: Ribombee|atk|1\n|-unboost|p2b: Roaring Moon|atk|1\n|turn|2\n|\n|t:|1697563731\n|move|p2b: Roaring Moon|Protect|p2b: Roaring Moon\n|-singleturn|p2b: Roaring Moon|Protect\n|move|p2a: Ribombee|Skill Swap|p1a: Versa\n|-activate|p2a: Ribombee|move: Skill Swap|Intimidate|Sweet Veil|[of] p1a: Versa\n|-ability|p2a: Ribombee|Intimidate|boost\n|-unboost|p1a: Versa|atk|1\n|-unboost|p1b: Calamity|atk|1\n|move|p1b: Calamity|Bug Buzz|p2b: Roaring Moon\n|-activate|p2b: Roaring Moon|move: Protect\n|move|p1a: Versa|Trailblaze|p2a: Ribombee\n|-resisted|p2a: Ribombee\n|-damage|p2a: Ribombee|0 fnt\n|-boost|p1a: Versa|spe|1\n|faint|p2a: Ribombee\n|\n|upkeep\n|\n|t:|1697563745\n|switch|p2a: Electrode|Electrode|100\/100\n|turn|3\n|\n|t:|1697563758\n|switch|p1a: Khan|Gastrodon-East, M|100\/100\n|move|p2a: Electrode|Eerie Impulse|p1b: Calamity\n|-unboost|p1b: Calamity|spa|2\n|move|p2b: Roaring Moon|Earthquake|p1b: Calamity|[spread] p2a,p1a,p1b\n|-supereffective|p2a: Electrode\n|-damage|p2a: Electrode|0 fnt\n|-damage|p1a: Khan|54\/100\n|-damage|p1b: Calamity|38\/100\n|faint|p2a: Electrode\n|move|p1b: Calamity|Bug Buzz|p2b: Roaring Moon\n|-supereffective|p2b: Roaring Moon\n|-damage|p2b: Roaring Moon|28\/100\n|-unboost|p2b: Roaring Moon|spd|1\n|\n|upkeep\n|\n|t:|1697563773\n|switch|p2a: Arboliva|Arboliva, M|100\/100\n|turn|4\n|\n|t:|1697563786\n|switch|p1a: KRATOM|Sinistcha|100\/100\n|-heal|p1b: Calamity|63\/100|[from] ability: Hospitality|[of] p1a: KRATOM\n|move|p2b: Roaring Moon|Throat Chop|p1b: Calamity\n|-damage|p1b: Calamity|0 fnt\n|faint|p1b: Calamity\n|move|p2a: Arboliva|Pollen Puff|p2b: Roaring Moon\n|-heal|p2b: Roaring Moon|78\/100\n|\n|upkeep\n|\n|t:|1697563796\n|switch|p1b: Versa|Luxray, M|100\/100\n|-ability|p1b: Versa|Intimidate|boost\n|-unboost|p2a: Arboliva|atk|1\n|-unboost|p2b: Roaring Moon|atk|1\n|turn|5\n|\n|t:|1697563811\n|switch|p1b: Reticulated|Farigiraf, M|100\/100\n|move|p2b: Roaring Moon|Throat Chop|p1a: KRATOM\n|-supereffective|p1a: KRATOM\n|-damage|p1a: KRATOM|2\/100\n|-start|p1a: KRATOM|Throat Chop|[silent]\n|move|p1a: KRATOM|Strength Sap|p2b: Roaring Moon\n|-unboost|p2b: Roaring Moon|atk|1\n|-heal|p1a: KRATOM|100\/100\n|move|p2a: Arboliva|Pollen Puff|p1a: KRATOM\n|-damage|p1a: KRATOM|66\/100\n|\n|upkeep\n|turn|6\n|\n|t:|1697563830\n|move|p2b: Roaring Moon|Throat Chop|p1a: KRATOM\n|-supereffective|p1a: KRATOM\n|-damage|p1a: KRATOM|3\/100\n|move|p1b: Reticulated|Dazzling Gleam|p2b: Roaring Moon|[spread] p2a,p2b\n|-supereffective|p2b: Roaring Moon\n|-damage|p2a: Arboliva|89\/100\n|-damage|p2b: Roaring Moon|0 fnt\n|-fieldstart|move: Grassy Terrain|[from] ability: Seed Sower|[of] p2a: Arboliva\n|faint|p2b: Roaring Moon\n|-end|p2b: Roaring Moon|Protosynthesis|[silent]\n|move|p1a: KRATOM|Strength Sap|p2a: Arboliva\n|-unboost|p2a: Arboliva|atk|1\n|-heal|p1a: KRATOM|41\/100\n|move|p2a: Arboliva|Sweet Scent|p1b: Reticulated|[spread] p1a,p1b\n|-unboost|p1a: KRATOM|evasion|2\n|-unboost|p1b: Reticulated|evasion|2\n|\n|-heal|p1a: KRATOM|47\/100|[from] Grassy Terrain\n|-heal|p2a: Arboliva|95\/100|[from] Grassy Terrain\n|-end|p1a: KRATOM|Throat Chop|[silent]\n|upkeep\n|\n|t:|1697563847\n|switch|p2b: Dragapult|Dragapult, F|100\/100\n|turn|7\n|\n|t:|1697563863\n|switch|p1a: Versa|Luxray, M|100\/100\n|-ability|p1a: Versa|Intimidate|boost\n|-unboost|p2a: Arboliva|atk|1\n|-fail|p2b: Dragapult|unboost|[from] ability: Clear Body|[of] p2b: Dragapult\n|-terastallize|p2b: Dragapult|Steel\n|move|p2b: Dragapult|Dragon Dance|p2b: Dragapult\n|-boost|p2b: Dragapult|atk|1\n|-boost|p2b: Dragapult|spe|1\n|move|p1b: Reticulated|Nasty Plot|p1b: Reticulated\n|-boost|p1b: Reticulated|spa|2\n|move|p2a: Arboliva|Pollen Puff|p2b: Dragapult\n|-immune|p2b: Dragapult\n|\n|-heal|p2a: Arboliva|100\/100|[from] Grassy Terrain\n|upkeep\n|turn|8\n|\n|t:|1697563897\n|switch|p1a: Khan|Gastrodon-East, M|54\/100\n|move|p2b: Dragapult|Protect|p2b: Dragapult\n|-singleturn|p2b: Dragapult|Protect\n|move|p1b: Reticulated|Psychic|p2a: Arboliva\n|-crit|p2a: Arboliva\n|-damage|p2a: Arboliva|18\/100\n|-enditem|p2a: Arboliva|Aguav Berry|[eat]\n|-heal|p2a: Arboliva|51\/100|[from] item: Aguav Berry\n|move|p2a: Arboliva|Pollen Puff|p1b: Reticulated\n|-supereffective|p1b: Reticulated\n|-damage|p1b: Reticulated|45\/100\n|\n|-heal|p1b: Reticulated|51\/100|[from] Grassy Terrain\n|-heal|p2a: Arboliva|58\/100|[from] Grassy Terrain\n|-heal|p1a: Khan|60\/100|[from] Grassy Terrain\n|upkeep\n|turn|9\n|\n|t:|1697563920\n|-terastallize|p1a: Khan|Fire\n|move|p2b: Dragapult|Dragon Rush|p1b: Reticulated\n|-damage|p1b: Reticulated|0 fnt\n|faint|p1b: Reticulated\n|move|p2a: Arboliva|Sweet Scent|p1a: Khan\n|-unboost|p1a: Khan|evasion|2\n|move|p1a: Khan|Earth Power|p2b: Dragapult\n|-supereffective|p2b: Dragapult\n|-damage|p2b: Dragapult|0 fnt\n|faint|p2b: Dragapult\n|\n|-heal|p2a: Arboliva|64\/100|[from] Grassy Terrain\n|-heal|p1a: Khan|66\/100|[from] Grassy Terrain\n|upkeep\n|-message|Brawler206 forfeited.\n|\n|win|Rungy\n|raw|Rungy's rating: 1131 &rarr; <strong>1154<\/strong><br \/>(+23 for winning)\n|raw|Brawler206's rating: 1105 &rarr; <strong>1082<\/strong><br \/>(-23 for losing)\n|l|\u2606Brawler206\n","uploadtime":1697563939,"views":19,"p1id":"rungy","p2id":"brawler206","formatid":"gen9doublesou","rating":1082,"private":0,"password":""}