{"id":"gen9doublesou-1983082365","p1":"DreamyFleur","p2":"Who is luckier","format":"[Gen 9] Doubles OU","log":"|j|\u2606DreamyFleur\n|j|\u2606Who is luckier\n|inactive|Battle timer is ON: inactive players will automatically lose when time's up.\n|t:|1699081920\n|gametype|doubles\n|player|p1|DreamyFleur|tulip|\n|player|p2|Who is luckier|266|\n|teamsize|p1|6\n|teamsize|p2|6\n|gen|9\n|tier|[Gen 9] Doubles OU\n|rated|Tournament battle\n|rule|Species Clause: Limit one of each Pok\u00e9mon\n|rule|OHKO Clause: OHKO moves are banned\n|rule|Evasion Moves Clause: Evasion moves are banned\n|rule|Gravity Sleep Clause: The combination of sleep-inducing moves with imperfect accuracy and Gravity or Gigantamax Orbeetle are banned\n|rule|Endless Battle Clause: Forcing endless battles is banned\n|rule|HP Percentage Mod: HP is shown in percentages\n|clearpoke\n|poke|p1|Glimmora, F|\n|poke|p1|Krokorok, M|\n|poke|p1|Kommo-o, F|\n|poke|p1|Swadloon, F|\n|poke|p1|Clefable, M|\n|poke|p1|Kilowattrel, M|\n|poke|p2|Breloom, M|\n|poke|p2|Arbok, M|\n|poke|p2|Magcargo, M|\n|poke|p2|Swalot, M|\n|poke|p2|Chansey, F|\n|poke|p2|Tyranitar, F|\n|teampreview\n|j|*Lady Monita \u263d\n|inactive|DreamyFleur also wants the timer to be on.\n|inactive|Who is luckier also wants the timer to be on.\n|c|\u2606Who is luckier|glhf\n|c|\u2606DreamyFleur|u2\n|\n|t:|1699081950\n|start\n|switch|p1a: Glimmora|Glimmora, F, shiny|100\/100\n|switch|p1b: Krokorok|Krokorok, M, shiny|100\/100\n|switch|p2a: Breloom|Breloom, M|100\/100\n|switch|p2b: Magcargo|Magcargo, M|100\/100\n|-ability|p1b: Krokorok|Intimidate|boost\n|-unboost|p2a: Breloom|atk|1\n|-unboost|p2b: Magcargo|atk|1\n|turn|1\n|\n|t:|1699081967\n|move|p2a: Breloom|Protect|p2a: Breloom\n|-singleturn|p2a: Breloom|Protect\n|move|p1a: Glimmora|Sludge Wave|p2b: Magcargo|[spread] p1b,p2b\n|-activate|p2a: Breloom|move: Protect\n|-resisted|p1b: Krokorok\n|-resisted|p2b: Magcargo\n|-damage|p1b: Krokorok|77\/100\n|-damage|p2b: Magcargo|79\/100\n|move|p1b: Krokorok|Stomping Tantrum|p2b: Magcargo\n|-supereffective|p2b: Magcargo\n|-damage|p2b: Magcargo|0 fnt\n|-damage|p1b: Krokorok|60\/100|[from] item: Rocky Helmet|[of] p2b: Magcargo\n|-status|p1b: Krokorok|brn|[from] ability: Flame Body|[of] p2b: Magcargo\n|faint|p2b: Magcargo\n|\n|-damage|p1b: Krokorok|54\/100 brn|[from] brn\n|-status|p2a: Breloom|tox|[from] item: Toxic Orb\n|upkeep\n|\n|t:|1699081977\n|switch|p2b: Swalot|Swalot, M|100\/100\n|turn|2\n|\n|t:|1699082004\n|switch|p2a: Chansey|Chansey, F|100\/100\n|move|p1a: Glimmora|Dazzling Gleam|p2a: Chansey|[spread] p2a,p2b\n|-resisted|p2b: Swalot\n|-crit|p2b: Swalot\n|-damage|p2a: Chansey|96\/100\n|-damage|p2b: Swalot|86\/100\n|move|p1b: Krokorok|Stomping Tantrum|p2b: Swalot\n|-supereffective|p2b: Swalot\n|-damage|p2b: Swalot|56\/100\n|move|p2b: Swalot|Brick Break|p1b: Krokorok\n|-supereffective|p1b: Krokorok\n|-damage|p1b: Krokorok|2\/100 brn\n|\n|-heal|p2b: Swalot|63\/100|[from] item: Leftovers\n|-damage|p1b: Krokorok|0 fnt|[from] brn\n|faint|p1b: Krokorok\n|upkeep\n|\n|t:|1699082021\n|switch|p1b: Kilowattrel|Kilowattrel, M, shiny|100\/100\n|turn|3\n|\n|t:|1699082036\n|switch|p1a: Swadloon|Swadloon, F, shiny|100\/100\n|move|p2a: Chansey|Protect|p2a: Chansey\n|-singleturn|p2a: Chansey|Protect\n|move|p1b: Kilowattrel|Tailwind|p1b: Kilowattrel\n|-sidestart|p1: DreamyFleur|move: Tailwind\n|move|p2b: Swalot|Earthquake|p1a: Swadloon|[spread] p1a\n|-activate|p2a: Chansey|move: Protect\n|-immune|p1b: Kilowattrel\n|-resisted|p1a: Swadloon\n|-damage|p1a: Swadloon|97\/100\n|\n|-heal|p2b: Swalot|69\/100|[from] item: Leftovers\n|upkeep\n|turn|4\n|\n|t:|1699082053\n|move|p2a: Chansey|Helping Hand|p2b: Swalot\n|-singleturn|p2b: Swalot|Helping Hand|[of] p2a: Chansey\n|move|p1b: Kilowattrel|Hurricane|p2b: Swalot\n|-damage|p2b: Swalot|16\/100\n|move|p1a: Swadloon|Sticky Web|p2a: Chansey\n|-sidestart|p2: Who is luckier|move: Sticky Web\n|move|p2b: Swalot|Poison Jab|p1a: Swadloon\n|-supereffective|p1a: Swadloon\n|-damage|p1a: Swadloon|16\/100\n|\n|-heal|p2b: Swalot|22\/100|[from] item: Leftovers\n|upkeep\n|turn|5\n|\n|t:|1699082069\n|move|p2b: Swalot|Protect|p2b: Swalot\n|-singleturn|p2b: Swalot|Protect\n|move|p1b: Kilowattrel|Hurricane|p2b: Swalot\n|-activate|p2b: Swalot|move: Protect\n|move|p1a: Swadloon|Giga Drain|p2a: Chansey\n|-damage|p2a: Chansey|91\/100\n|-heal|p1a: Swadloon|22\/100|[from] drain|[of] p2a: Chansey\n|move|p2a: Chansey|Seismic Toss|p1a: Swadloon\n|-damage|p1a: Swadloon|0 fnt\n|faint|p1a: Swadloon\n|\n|-heal|p2b: Swalot|28\/100|[from] item: Leftovers\n|upkeep\n|\n|t:|1699082086\n|switch|p1a: Kommo-o|Kommo-o, F, shiny|100\/100\n|turn|6\n|j| sjjjjjjj\n|inactive|DreamyFleur has 120 seconds left.\n|\n|t:|1699082135\n|-terastallize|p2a: Chansey|Ghost\n|move|p1b: Kilowattrel|Hurricane|p2a: Chansey|[miss]\n|-miss|p1b: Kilowattrel|p2a: Chansey\n|move|p1a: Kommo-o|Clangorous Soul|p1a: Kommo-o\n|-boost|p1a: Kommo-o|atk|1\n|-boost|p1a: Kommo-o|def|1\n|-boost|p1a: Kommo-o|spa|1\n|-boost|p1a: Kommo-o|spd|1\n|-boost|p1a: Kommo-o|spe|1\n|-damage|p1a: Kommo-o|68\/100\n|-enditem|p1a: Kommo-o|Throat Spray\n|-boost|p1a: Kommo-o|spa|1|[from] item: Throat Spray\n|move|p2b: Swalot|Poison Jab|p1b: Kilowattrel\n|-damage|p1b: Kilowattrel|45\/100\n|move|p2a: Chansey|Thunder Wave|p1a: Kommo-o\n|-status|p1a: Kommo-o|par\n|\n|-heal|p2b: Swalot|34\/100|[from] item: Leftovers\n|-sideend|p1: DreamyFleur|move: Tailwind\n|upkeep\n|turn|7\n|inactive|DreamyFleur has 120 seconds left.\n|\n|t:|1699082152\n|move|p2a: Chansey|Protect|p2a: Chansey\n|-singleturn|p2a: Chansey|Protect\n|move|p1b: Kilowattrel|Tailwind|p1b: Kilowattrel\n|-sidestart|p1: DreamyFleur|move: Tailwind\n|move|p1a: Kommo-o|Clanging Scales|p2b: Swalot|[spread] p2b\n|-activate|p2a: Chansey|move: Protect\n|-damage|p2b: Swalot|0 fnt\n|faint|p2b: Swalot\n|-unboost|p1a: Kommo-o|def|1\n|\n|upkeep\n|\n|t:|1699082163\n|switch|p2b: Arbok|Arbok, M|100\/100\n|-activate|p2b: Arbok|move: Sticky Web\n|-unboost|p2b: Arbok|spe|1\n|-ability|p2b: Arbok|Intimidate|boost\n|-unboost|p1a: Kommo-o|atk|1\n|-unboost|p1b: Kilowattrel|atk|1\n|turn|8\n|\n|t:|1699082178\n|move|p2b: Arbok|Sucker Punch||[still]\n|-fail|p2b: Arbok\n|move|p1b: Kilowattrel|Roost|p1b: Kilowattrel\n|-heal|p1b: Kilowattrel|95\/100\n|-singleturn|p1b: Kilowattrel|move: Roost\n|cant|p1a: Kommo-o|par\n|move|p2a: Chansey|Seismic Toss|p1a: Kommo-o\n|-damage|p1a: Kommo-o|33\/100 par\n|\n|upkeep\n|turn|9\n|j| TheRealMyan\n|l| TheRealMyan\n|\n|t:|1699082195\n|move|p1b: Kilowattrel|Hurricane|p2a: Chansey\n|-damage|p2a: Chansey|81\/100\n|move|p1a: Kommo-o|Clanging Scales|p2b: Arbok|[spread] p2a,p2b\n|-damage|p2a: Chansey|63\/100\n|-damage|p2b: Arbok|0 fnt\n|faint|p2b: Arbok\n|-unboost|p1a: Kommo-o|def|1\n|move|p2a: Chansey|Seismic Toss|p1a: Kommo-o\n|-damage|p1a: Kommo-o|0 fnt\n|faint|p1a: Kommo-o\n|\n|upkeep\n|\n|t:|1699082203\n|switch|p1a: Clefable|Clefable, M, shiny|100\/100\n|switch|p2b: Tyranitar|Tyranitar, F|100\/100\n|-activate|p2b: Tyranitar|move: Sticky Web\n|-unboost|p2b: Tyranitar|spe|1\n|-weather|Sandstorm|[from] ability: Sand Stream|[of] p2b: Tyranitar\n|turn|10\n|\n|t:|1699082221\n|switch|p1b: Glimmora|Glimmora, F, shiny|100\/100\n|move|p1a: Clefable|Moonblast|p2b: Tyranitar\n|-supereffective|p2b: Tyranitar\n|-damage|p2b: Tyranitar|51\/100\n|move|p2b: Tyranitar|Dragon Dance|p2b: Tyranitar\n|-boost|p2b: Tyranitar|atk|1\n|-boost|p2b: Tyranitar|spe|1\n|move|p2a: Chansey|Thunder Wave|p1a: Clefable\n|-status|p1a: Clefable|par\n|\n|-weather|Sandstorm|[upkeep]\n|-damage|p2a: Chansey|57\/100|[from] Sandstorm\n|-sideend|p1: DreamyFleur|move: Tailwind\n|upkeep\n|turn|11\n|\n|t:|1699082235\n|move|p2a: Chansey|Helping Hand|p2b: Tyranitar\n|-singleturn|p2b: Tyranitar|Helping Hand|[of] p2a: Chansey\n|move|p1b: Glimmora|Energy Ball|p2b: Tyranitar\n|-supereffective|p2b: Tyranitar\n|-damage|p2b: Tyranitar|12\/100\n|move|p2b: Tyranitar|Rock Slide|p1a: Clefable|[spread] p1a,p1b\n|-damage|p1a: Clefable|28\/100 par\n|-damage|p1b: Glimmora|22\/100\n|-activate|p1b: Glimmora|ability: Toxic Debris\n|-sidestart|p2: Who is luckier|move: Toxic Spikes\n|cant|p1a: Clefable|flinch\n|\n|-weather|Sandstorm|[upkeep]\n|-damage|p2a: Chansey|51\/100|[from] Sandstorm\n|-heal|p1a: Clefable|34\/100 par|[from] item: Leftovers\n|upkeep\n|turn|12\n|\n|t:|1699082248\n|move|p1a: Clefable|Follow Me|p1a: Clefable\n|-singleturn|p1a: Clefable|move: Follow Me\n|move|p1b: Glimmora|Dazzling Gleam|p2a: Chansey|[spread] p2a,p2b\n|-supereffective|p2b: Tyranitar\n|-damage|p2a: Chansey|46\/100\n|-damage|p2b: Tyranitar|0 fnt\n|faint|p2b: Tyranitar\n|move|p2a: Chansey|Seismic Toss|p1a: Clefable\n|-damage|p1a: Clefable|9\/100 par\n|\n|-weather|Sandstorm|[upkeep]\n|-damage|p2a: Chansey|39\/100|[from] Sandstorm\n|-heal|p1a: Clefable|15\/100 par|[from] item: Leftovers\n|upkeep\n|\n|t:|1699082255\n|switch|p2b: Breloom|Breloom, M|100\/100 tox\n|-activate|p2b: Breloom|move: Sticky Web\n|-unboost|p2b: Breloom|spe|1\n|turn|13\n|\n|t:|1699082280\n|move|p2b: Breloom|Protect|p2b: Breloom\n|-singleturn|p2b: Breloom|Protect\n|cant|p1a: Clefable|par\n|move|p1b: Glimmora|Dazzling Gleam|p2b: Breloom|[spread] p2a\n|-activate|p2b: Breloom|move: Protect\n|-damage|p2a: Chansey|34\/100\n|move|p2a: Chansey|Seismic Toss|p1b: Glimmora\n|-damage|p1b: Glimmora|0 fnt\n|-activate|p1b: Glimmora|ability: Toxic Debris\n|-sidestart|p2: Who is luckier|move: Toxic Spikes\n|faint|p1b: Glimmora\n|\n|-weather|Sandstorm|[upkeep]\n|-damage|p2b: Breloom|94\/100 tox|[from] Sandstorm\n|-damage|p2a: Chansey|28\/100|[from] Sandstorm\n|-activate|p2a: Chansey|ability: Healer\n|-curestatus|p2b: Breloom|tox|[msg]\n|-heal|p1a: Clefable|21\/100 par|[from] item: Leftovers\n|-status|p2b: Breloom|tox|[from] item: Toxic Orb\n|upkeep\n|\n|t:|1699082283\n|switch|p1b: Kilowattrel|Kilowattrel, M, shiny|95\/100\n|turn|14\n|\n|t:|1699082296\n|move|p1b: Kilowattrel|Hurricane|p2b: Breloom|[miss]\n|-miss|p1b: Kilowattrel|p2b: Breloom\n|move|p2b: Breloom|Spore|p1b: Kilowattrel\n|-status|p1b: Kilowattrel|slp|[from] move: Spore\n|move|p2a: Chansey|Seismic Toss|p1b: Kilowattrel\n|-damage|p1b: Kilowattrel|59\/100 slp\n|move|p1a: Clefable|Moonblast|p2b: Breloom\n|-supereffective|p2b: Breloom\n|-damage|p2b: Breloom|0 fnt\n|faint|p2b: Breloom\n|\n|-weather|none\n|-heal|p1a: Clefable|27\/100 par|[from] item: Leftovers\n|upkeep\n|turn|15\n|\n|t:|1699082314\n|move|p1a: Clefable|Follow Me|p1a: Clefable\n|-singleturn|p1a: Clefable|move: Follow Me\n|cant|p1b: Kilowattrel|slp\n|move|p2a: Chansey|Seismic Toss|p1a: Clefable\n|-damage|p1a: Clefable|2\/100 par\n|\n|-heal|p1a: Clefable|8\/100 par|[from] item: Leftovers\n|upkeep\n|turn|16\n|\n|t:|1699082329\n|move|p1a: Clefable|Follow Me|p1a: Clefable\n|-singleturn|p1a: Clefable|move: Follow Me\n|cant|p1b: Kilowattrel|slp\n|move|p2a: Chansey|Seismic Toss|p1a: Clefable\n|-damage|p1a: Clefable|0 fnt\n|faint|p1a: Clefable\n|\n|upkeep\n|turn|17\n|\n|t:|1699082333\n|-curestatus|p1b: Kilowattrel|slp|[msg]\n|move|p1b: Kilowattrel|Roost|p1b: Kilowattrel\n|-heal|p1b: Kilowattrel|100\/100\n|-singleturn|p1b: Kilowattrel|move: Roost\n|move|p2a: Chansey|Seismic Toss|p1b: Kilowattrel\n|-damage|p1b: Kilowattrel|65\/100\n|\n|upkeep\n|turn|18\n|\n|t:|1699082337\n|move|p1b: Kilowattrel|Roost|p1b: Kilowattrel\n|-heal|p1b: Kilowattrel|100\/100\n|-singleturn|p1b: Kilowattrel|move: Roost\n|move|p2a: Chansey|Seismic Toss|p1b: Kilowattrel\n|-damage|p1b: Kilowattrel|65\/100\n|\n|upkeep\n|turn|19\n|l| sjjjjjjj\n|\n|t:|1699082345\n|move|p1b: Kilowattrel|Hurricane|p2a: Chansey\n|-damage|p2a: Chansey|16\/100\n|move|p2a: Chansey|Seismic Toss|p1b: Kilowattrel\n|-damage|p1b: Kilowattrel|29\/100\n|\n|upkeep\n|turn|20\n|j|@BlackKnight_Gawain@!\n|\n|t:|1699082351\n|move|p1b: Kilowattrel|Roost|p1b: Kilowattrel\n|-heal|p1b: Kilowattrel|80\/100\n|-singleturn|p1b: Kilowattrel|move: Roost\n|move|p2a: Chansey|Seismic Toss|p1b: Kilowattrel\n|-damage|p1b: Kilowattrel|44\/100\n|\n|upkeep\n|turn|21\n|\n|t:|1699082353\n|move|p1b: Kilowattrel|Roost|p1b: Kilowattrel\n|-heal|p1b: Kilowattrel|94\/100\n|-singleturn|p1b: Kilowattrel|move: Roost\n|move|p2a: Chansey|Seismic Toss|p1b: Kilowattrel\n|-damage|p1b: Kilowattrel|59\/100\n|\n|upkeep\n|turn|22\n|\n|t:|1699082358\n|move|p1b: Kilowattrel|Hurricane|p2a: Chansey\n|-damage|p2a: Chansey|4\/100\n|move|p2a: Chansey|Seismic Toss|p1b: Kilowattrel\n|-damage|p1b: Kilowattrel|23\/100\n|\n|upkeep\n|turn|23\n|\n|t:|1699082366\n|move|p1b: Kilowattrel|Roost|p1b: Kilowattrel\n|-heal|p1b: Kilowattrel|73\/100\n|-singleturn|p1b: Kilowattrel|move: Roost\n|move|p2a: Chansey|Seismic Toss|p1b: Kilowattrel\n|-damage|p1b: Kilowattrel|38\/100\n|\n|upkeep\n|turn|24\n|\n|t:|1699082368\n|move|p1b: Kilowattrel|Roost|p1b: Kilowattrel\n|-heal|p1b: Kilowattrel|88\/100\n|-singleturn|p1b: Kilowattrel|move: Roost\n|move|p2a: Chansey|Seismic Toss|p1b: Kilowattrel\n|-damage|p1b: Kilowattrel|52\/100\n|\n|upkeep\n|turn|25\n|\n|t:|1699082374\n|move|p1b: Kilowattrel|Discharge|p2a: Chansey\n|-damage|p2a: Chansey|0 fnt\n|faint|p2a: Chansey\n|\n|win|DreamyFleur\n|n|\u2606DreamyFleur|dreamyfleur\n|n|\u2606Who is luckier|whoisluckier\n|n|*Lady Monita \u263d|ladymonita\n|n| BlackKnight_Gawain@!|blackknightgawain\n","uploadtime":1699082375,"views":18,"p1id":"dreamyfleur","p2id":"whoisluckier","formatid":"gen9doublesou","rating":0,"private":0,"password":""}