{"id":"gen9doublesou-1972755306","p1":"ml15","p2":"5a678","format":"[Gen 9] Doubles OU","log":"|j|\u2606ml15\n|j|\u26065a678\n|t:|1697890324\n|gametype|doubles\n|player|p1|ml15|1|1348\n|player|p2|5a678|steven|1590\n|teamsize|p1|6\n|teamsize|p2|6\n|gen|9\n|tier|[Gen 9] Doubles OU\n|rated|\n|rule|Species Clause: Limit one of each Pok\u00e9mon\n|rule|OHKO Clause: OHKO moves are banned\n|rule|Evasion Moves Clause: Evasion moves are banned\n|rule|Gravity Sleep Clause: The combination of sleep-inducing moves with imperfect accuracy and Gravity or Gigantamax Orbeetle are banned\n|rule|Endless Battle Clause: Forcing endless battles is banned\n|rule|HP Percentage Mod: HP is shown in percentages\n|clearpoke\n|poke|p1|Garchomp, F|\n|poke|p1|Indeedee-F, F|\n|poke|p1|Iron Bundle|\n|poke|p1|Regidrago|\n|poke|p1|Tornadus, M|\n|poke|p1|Gholdengo|\n|poke|p2|Flutter Mane|\n|poke|p2|Chi-Yu|\n|poke|p2|Chien-Pao|\n|poke|p2|Tornadus, M|\n|poke|p2|Rillaboom, F|\n|poke|p2|Basculegion-F, F|\n|teampreview\n|inactive|Battle timer is ON: inactive players will automatically lose when time's up. (requested by 5a678)\n|inactive|5a678 has 120 seconds left.\n|\n|t:|1697890360\n|start\n|switch|p1a: Garchomp|Garchomp, F|100\/100\n|switch|p1b: Indeedee|Indeedee-F, F|100\/100\n|switch|p2a: Tornadus|Tornadus, M|100\/100\n|switch|p2b: Flutter Mane|Flutter Mane|100\/100\n|-fieldstart|move: Psychic Terrain|[from] ability: Psychic Surge|[of] p1b: Indeedee\n|-enditem|p1a: Garchomp|Psychic Seed\n|-boost|p1a: Garchomp|spd|1|[from] item: Psychic Seed\n|-enditem|p2b: Flutter Mane|Booster Energy\n|-activate|p2b: Flutter Mane|ability: Protosynthesis|[fromitem]\n|-start|p2b: Flutter Mane|protosynthesisspa\n|turn|1\n|inactive|ml15 has 120 seconds left.\n|inactive|5a678 has 120 seconds left.\n|inactive|5a678 has 90 seconds left.\n|\n|t:|1697890424\n|-terastallize|p1a: Garchomp|Ground\n|move|p2b: Flutter Mane|Protect|p2b: Flutter Mane\n|-singleturn|p2b: Flutter Mane|Protect\n|move|p2a: Tornadus|Tailwind|p2a: Tornadus\n|-sidestart|p2: 5a678|move: Tailwind\n|move|p1a: Garchomp|Swords Dance|p1a: Garchomp\n|-boost|p1a: Garchomp|atk|2\n|move|p1b: Indeedee|Heal Pulse|p1a: Garchomp\n|-fail|p1a: Garchomp|heal\n|\n|upkeep\n|turn|2\n|inactive|ml15 has 120 seconds left.\n|inactive|5a678 has 90 seconds left.\n|\n|t:|1697890464\n|switch|p2a: Rillaboom|Rillaboom, F|100\/100\n|-fieldstart|move: Grassy Terrain|[from] ability: Grassy Surge|[of] p2a: Rillaboom\n|move|p1a: Garchomp|Protect|p1a: Garchomp\n|-singleturn|p1a: Garchomp|Protect\n|move|p2b: Flutter Mane|Moonblast|p1a: Garchomp\n|-activate|p1a: Garchomp|move: Protect\n|move|p1b: Indeedee|Baton Pass|p1b: Indeedee\n|inactive|ml15 has 90 seconds left.\n|\n|t:|1697890498\n|switch|p1b: Iron Bundle|Iron Bundle|100\/100|[from] Baton Pass\n|-enditem|p1b: Iron Bundle|Booster Energy\n|-activate|p1b: Iron Bundle|ability: Quark Drive|[fromitem]\n|-start|p1b: Iron Bundle|quarkdrivespe\n|\n|upkeep\n|turn|3\n|inactive|5a678 has 90 seconds left.\n|inactive|ml15 has 90 seconds left.\n|\n|t:|1697890526\n|move|p1a: Garchomp|Protect||[still]\n|-fail|p1a: Garchomp\n|move|p2b: Flutter Mane|Moonblast|p1b: Iron Bundle\n|-damage|p1b: Iron Bundle|0 fnt\n|faint|p1b: Iron Bundle\n|-end|p1b: Iron Bundle|Quark Drive|[silent]\n|move|p2a: Rillaboom|Wood Hammer|p1a: Garchomp\n|-supereffective|p1a: Garchomp\n|-damage|p1a: Garchomp|0 fnt\n|-damage|p2a: Rillaboom|88\/100|[from] ability: Rough Skin|[of] p1a: Garchomp\n|faint|p1a: Garchomp\n|-damage|p2a: Rillaboom|59\/100|[from] Recoil\n|\n|-heal|p2a: Rillaboom|65\/100|[from] Grassy Terrain\n|upkeep\n|inactive|ml15 has 90 seconds left.\n|\n|t:|1697890536\n|switch|p1b: Tornadus|Tornadus, M|100\/100\n|switch|p1a: Gholdengo|Gholdengo|100\/100\n|turn|4\n|\n|t:|1697890557\n|switch|p2a: Tornadus|Tornadus, M|100\/100\n|move|p1b: Tornadus|Tailwind|p1b: Tornadus\n|-sidestart|p1: ml15|move: Tailwind\n|move|p1a: Gholdengo|Make It Rain|p2b: Flutter Mane|[spread] p2a,p2b\n|-crit|p2a: Tornadus\n|-supereffective|p2b: Flutter Mane\n|-enditem|p2a: Tornadus|Focus Sash\n|-damage|p2a: Tornadus|1\/100\n|-damage|p2b: Flutter Mane|0 fnt\n|-unboost|p1a: Gholdengo|spa|1\n|faint|p2b: Flutter Mane\n|-end|p2b: Flutter Mane|Protosynthesis|[silent]\n|\n|-sideend|p2: 5a678|move: Tailwind\n|upkeep\n|inactive|5a678 has 90 seconds left.\n|\n|t:|1697890577\n|switch|p2b: Chi-Yu|Chi-Yu|100\/100\n|-ability|p2b: Chi-Yu|Beads of Ruin\n|turn|5\n|inactive|ml15 has 120 seconds left.\n|\n|t:|1697890598\n|switch|p1a: Indeedee|Indeedee-F, F|100\/100\n|-fieldstart|move: Psychic Terrain|[from] ability: Psychic Surge|[of] p1a: Indeedee\n|-terastallize|p2b: Chi-Yu|Fire\n|move|p2a: Tornadus|Tailwind|p2a: Tornadus\n|-sidestart|p2: 5a678|move: Tailwind\n|move|p2b: Chi-Yu|Heat Wave|p1a: Indeedee|[spread] p1b\n|-miss|p2b: Chi-Yu|p1a: Indeedee\n|-damage|p1b: Tornadus|0 fnt\n|faint|p1b: Tornadus\n|\n|upkeep\n|inactive|ml15 has 120 seconds left.\n|\n|t:|1697890622\n|switch|p1b: Regidrago|Regidrago|100\/100\n|turn|6\n|inactive|5a678 has 120 seconds left.\n|inactive|ml15 has 120 seconds left.\n|\n|t:|1697890641\n|move|p2a: Tornadus|Bleakwind Storm|p1b: Regidrago|[spread] p1a\n|-miss|p2a: Tornadus|p1b: Regidrago\n|-damage|p1a: Indeedee|60\/100\n|move|p2b: Chi-Yu|Heat Wave|p1a: Indeedee|[spread] p1a,p1b\n|-resisted|p1b: Regidrago\n|-damage|p1a: Indeedee|0 fnt\n|-damage|p1b: Regidrago|46\/100\n|-status|p1b: Regidrago|brn\n|faint|p1a: Indeedee\n|move|p1b: Regidrago|Dragon Energy|p2b: Chi-Yu|[spread] p2a,p2b\n|-crit|p2a: Tornadus\n|-crit|p2b: Chi-Yu\n|-damage|p2a: Tornadus|0 fnt\n|-damage|p2b: Chi-Yu|3\/100\n|faint|p2a: Tornadus\n|\n|-damage|p1b: Regidrago|40\/100 brn|[from] brn\n|upkeep\n|-message|ml15 forfeited.\n|\n|win|5a678\n|raw|ml15's rating: 1348 &rarr; <strong>1340<\/strong><br \/>(-8 for losing)\n|raw|5a678's rating: 1590 &rarr; <strong>1598<\/strong><br \/>(+8 for winning)\n|l|\u2606ml15\n|c|\u26065a678|how double crit?\n","uploadtime":1697890696,"views":27,"p1id":"ml15","p2id":"5a678","formatid":"gen9doublesou","rating":1340,"private":0,"password":""}