{"id":"gen9doublesou-1988699884","p1":"SweetSerenityGrace","p2":"grayck","format":"[Gen 9] Doubles OU","log":"|j|\u2606SweetSerenityGrace\n|j|\u2606grayck\n|t:|1699752233\n|gametype|doubles\n|player|p1|SweetSerenityGrace|iris-gen5bw2|1235\n|player|p2|grayck|rocketgrunt|1161\n|teamsize|p1|6\n|teamsize|p2|6\n|gen|9\n|tier|[Gen 9] Doubles OU\n|rated|\n|rule|Species Clause: Limit one of each Pok\u00e9mon\n|rule|OHKO Clause: OHKO moves are banned\n|rule|Evasion Moves Clause: Evasion moves are banned\n|rule|Gravity Sleep Clause: The combination of sleep-inducing moves with imperfect accuracy and Gravity or Gigantamax Orbeetle are banned\n|rule|Endless Battle Clause: Forcing endless battles is banned\n|rule|HP Percentage Mod: HP is shown in percentages\n|clearpoke\n|poke|p1|Indeedee-F, F|\n|poke|p1|Veluza, M|\n|poke|p1|Pelipper, F|\n|poke|p1|Gyarados, F|\n|poke|p1|Amoonguss, F|\n|poke|p1|Flamigo, F|\n|poke|p2|Politoed, F|\n|poke|p2|Beartic, F|\n|poke|p2|Raichu, F|\n|poke|p2|Ludicolo, F|\n|poke|p2|Basculegion-F, F|\n|poke|p2|Overqwil, M|\n|teampreview\n|\n|t:|1699752244\n|start\n|switch|p1a: Deedee|Indeedee-F, F|100\/100\n|switch|p1b: Barry|Veluza, M|100\/100\n|switch|p2a: Politoed|Politoed, F, shiny|100\/100\n|switch|p2b: Raichu|Raichu, F|100\/100\n|-fieldstart|move: Psychic Terrain|[from] ability: Psychic Surge|[of] p1a: Deedee\n|-enditem|p1a: Deedee|Psychic Seed\n|-boost|p1a: Deedee|spd|1|[from] item: Psychic Seed\n|-weather|RainDance|[from] ability: Drizzle|[of] p2a: Politoed\n|turn|1\n|\n|t:|1699752262\n|-terastallize|p1b: Barry|Psychic\n|move|p1a: Deedee|Follow Me|p1a: Deedee\n|-singleturn|p1a: Deedee|move: Follow Me\n|move|p2b: Raichu|Thunder|p1a: Deedee\n|-damage|p1a: Deedee|74\/100\n|move|p1b: Barry|Fillet Away|p1b: Barry\n|-boost|p1b: Barry|atk|2\n|-boost|p1b: Barry|spa|2\n|-boost|p1b: Barry|spe|2\n|-damage|p1b: Barry|50\/100\n|-enditem|p1b: Barry|Sitrus Berry|[eat]\n|-heal|p1b: Barry|75\/100|[from] item: Sitrus Berry\n|move|p2a: Politoed|Muddy Water|p1b: Barry|[spread] p1a\n|-miss|p2a: Politoed|p1b: Barry\n|-damage|p1a: Deedee|46\/100\n|\n|-weather|RainDance|[upkeep]\n|upkeep\n|turn|2\n|\n|t:|1699752299\n|move|p2a: Politoed|Helping Hand|p2b: Raichu\n|-singleturn|p2b: Raichu|Helping Hand|[of] p2a: Politoed\n|move|p1a: Deedee|Follow Me|p1a: Deedee\n|-singleturn|p1a: Deedee|move: Follow Me\n|move|p1b: Barry|Psycho Cut|p2a: Politoed\n|-damage|p2a: Politoed|0 fnt\n|faint|p2a: Politoed\n|move|p2b: Raichu|Knock Off|p1a: Deedee\n|-supereffective|p1a: Deedee\n|-damage|p1a: Deedee|11\/100\n|\n|-weather|RainDance|[upkeep]\n|upkeep\n|\n|t:|1699752313\n|switch|p2a: Beartic|Beartic, F, shiny|100\/100\n|turn|3\n|\n|t:|1699752335\n|move|p1a: Deedee|Follow Me|p1a: Deedee\n|-singleturn|p1a: Deedee|move: Follow Me\n|move|p1b: Barry|Psycho Cut|p2b: Raichu\n|-enditem|p2b: Raichu|Focus Sash\n|-damage|p2b: Raichu|1\/100\n|move|p2a: Beartic|Shadow Claw|p1a: Deedee\n|-immune|p1a: Deedee\n|move|p2b: Raichu|Discharge|p1a: Deedee|[spread] p2a,p1a,p1b\n|-crit|p2a: Beartic\n|-damage|p2a: Beartic|55\/100\n|-damage|p1a: Deedee|0 fnt\n|-damage|p1b: Barry|41\/100\n|faint|p1a: Deedee\n|\n|-weather|RainDance|[upkeep]\n|upkeep\n|\n|t:|1699752348\n|switch|p1a: Flamiga|Flamigo, F, shiny|100\/100\n|-copyboost|p1a: Flamiga|p1b: Barry|[from] ability: Costar\n|turn|4\n|\n|t:|1699752366\n|move|p1a: Flamiga|Close Combat|p2a: Beartic\n|-supereffective|p2a: Beartic\n|-damage|p2a: Beartic|0 fnt\n|-unboost|p1a: Flamiga|def|1\n|-unboost|p1a: Flamiga|spd|1\n|faint|p2a: Beartic\n|move|p1b: Barry|Psycho Cut|p2b: Raichu\n|-damage|p2b: Raichu|0 fnt\n|faint|p2b: Raichu\n|\n|-weather|RainDance|[upkeep]\n|upkeep\n|\n|t:|1699752376\n|switch|p2b: Ludicolo|Ludicolo, F, shiny|100\/100\n|switch|p2a: Overqwil|Overqwil, M|100\/100\n|turn|5\n|\n|t:|1699752391\n|move|p1a: Flamiga|Detect|p1a: Flamiga\n|-singleturn|p1a: Flamiga|Protect\n|move|p1b: Barry|Protect|p1b: Barry\n|-singleturn|p1b: Barry|Protect\n|move|p2a: Overqwil|Barb Barrage|p1a: Flamiga\n|-activate|p1a: Flamiga|move: Protect\n|move|p2b: Ludicolo|Surf|p1b: Barry|[spread] p2a\n|-activate|p1a: Flamiga|move: Protect\n|-activate|p1b: Barry|move: Protect\n|-damage|p2a: Overqwil|2\/100\n|-damage|p2b: Ludicolo|91\/100|[from] item: Life Orb\n|\n|-weather|RainDance|[upkeep]\n|-fieldend|move: Psychic Terrain\n|upkeep\n|turn|6\n|\n|t:|1699752415\n|move|p1a: Flamiga|Close Combat|p2a: Overqwil\n|-damage|p2a: Overqwil|0 fnt\n|-unboost|p1a: Flamiga|def|1\n|-unboost|p1a: Flamiga|spd|1\n|faint|p2a: Overqwil\n|move|p1b: Barry|Psycho Cut|p2b: Ludicolo\n|-damage|p2b: Ludicolo|0 fnt\n|faint|p2b: Ludicolo\n|\n|-weather|RainDance|[upkeep]\n|upkeep\n|-message|grayck forfeited.\n|\n|win|SweetSerenityGrace\n|raw|SweetSerenityGrace's rating: 1235 &rarr; <strong>1255<\/strong><br \/>(+20 for winning)\n|raw|grayck's rating: 1161 &rarr; <strong>1141<\/strong><br \/>(-20 for losing)\n|l|\u2606grayck\n","uploadtime":1699752442,"views":12,"p1id":"sweetserenitygrace","p2id":"grayck","formatid":"gen9doublesou","rating":1141,"private":0,"password":""}