{"id":"gen9doublesou-1974708642","p1":"murmurxxx","p2":"Metal Jester","format":"[Gen 9] Doubles OU","log":"|j|\u2606murmurxxx\n|j|\u2606Metal Jester\n|t:|1698112775\n|gametype|doubles\n|player|p1|murmurxxx|169|1196\n|player|p2|Metal Jester|guitarist|1248\n|teamsize|p1|6\n|teamsize|p2|6\n|gen|9\n|tier|[Gen 9] Doubles OU\n|rated|\n|rule|Species Clause: Limit one of each Pok\u00e9mon\n|rule|OHKO Clause: OHKO moves are banned\n|rule|Evasion Moves Clause: Evasion moves are banned\n|rule|Gravity Sleep Clause: The combination of sleep-inducing moves with imperfect accuracy and Gravity or Gigantamax Orbeetle are banned\n|rule|Endless Battle Clause: Forcing endless battles is banned\n|rule|HP Percentage Mod: HP is shown in percentages\n|clearpoke\n|poke|p1|Ting-Lu|\n|poke|p1|Gliscor, F|\n|poke|p1|Ogerpon-Wellspring, F|\n|poke|p1|Gholdengo|\n|poke|p1|Heatran, M|\n|poke|p1|Sinistcha|\n|poke|p2|Tornadus, M|\n|poke|p2|Weezing-Galar, M|\n|poke|p2|Flutter Mane|\n|poke|p2|Great Tusk|\n|poke|p2|Iron Hands|\n|poke|p2|Meowscarada, M|\n|teampreview\n|inactive|Battle timer is ON: inactive players will automatically lose when time's up. (requested by Metal Jester)\n|\n|t:|1698112785\n|start\n|switch|p1a: Ting-Lu|Ting-Lu|100\/100\n|switch|p1b: Gliscor|Gliscor, F|100\/100\n|switch|p2a: Tornadus|Tornadus, M|100\/100\n|switch|p2b: Weezing|Weezing-Galar, M|100\/100\n|-ability|p2b: Weezing|Neutralizing Gas\n|-block|p2a: Tornadus|item: Ability Shield\n|turn|1\n|\n|t:|1698112805\n|move|p2a: Tornadus|Taunt|p1b: Gliscor\n|-start|p1b: Gliscor|move: Taunt\n|cant|p1b: Gliscor|move: Taunt|Toxic\n|move|p2b: Weezing|Poison Gas|p1b: Gliscor|[spread] p1a,p1b\n|-status|p1a: Ting-Lu|psn\n|-status|p1b: Gliscor|psn\n|move|p1a: Ting-Lu|Stealth Rock|p2a: Tornadus\n|-sidestart|p2: Metal Jester|move: Stealth Rock\n|\n|-damage|p1b: Gliscor|88\/100 psn|[from] psn\n|-damage|p1a: Ting-Lu|88\/100 psn|[from] psn\n|upkeep\n|turn|2\n|c|\u2606murmurxxx|lol\n|c|\u2606murmurxxx|wtdf\n|\n|t:|1698112830\n|move|p2a: Tornadus|Tailwind|p2a: Tornadus\n|-sidestart|p2: Metal Jester|move: Tailwind\n|move|p2b: Weezing|Dazzling Gleam|p1a: Ting-Lu|[spread] p1a,p1b\n|-supereffective|p1a: Ting-Lu\n|-crit|p1a: Ting-Lu\n|-damage|p1a: Ting-Lu|60\/100 psn\n|-damage|p1b: Gliscor|65\/100 psn\n|move|p1b: Gliscor|Bulldoze|p2b: Weezing|[spread] p1a,p2b\n|-immune|p2a: Tornadus\n|-supereffective|p2b: Weezing\n|-damage|p1a: Ting-Lu|51\/100 psn\n|-damage|p2b: Weezing|82\/100\n|-unboost|p1a: Ting-Lu|spe|1\n|move|p1a: Ting-Lu|Ruination|p2b: Weezing\n|-damage|p2b: Weezing|41\/100\n|\n|-heal|p1a: Ting-Lu|58\/100 psn|[from] item: Leftovers\n|-damage|p1b: Gliscor|53\/100 psn|[from] psn\n|-damage|p1a: Ting-Lu|45\/100 psn|[from] psn\n|upkeep\n|turn|3\n|inactive|murmurxxx has 120 seconds left.\n|\n|t:|1698112874\n|switch|p1b: Gholdengo|Gholdengo|100\/100\n|move|p1a: Ting-Lu|Protect|p1a: Ting-Lu\n|-singleturn|p1a: Ting-Lu|Protect\n|move|p2a: Tornadus|Bleakwind Storm|p1a: Ting-Lu|[spread] p1b\n|-activate|p1a: Ting-Lu|move: Protect\n|-resisted|p1b: Gholdengo\n|-damage|p1b: Gholdengo|85\/100\n|move|p2b: Weezing|Dazzling Gleam|p1b: Gholdengo|[spread] p1b\n|-activate|p1a: Ting-Lu|move: Protect\n|-resisted|p1b: Gholdengo\n|-damage|p1b: Gholdengo|76\/100\n|\n|-heal|p1a: Ting-Lu|51\/100 psn|[from] item: Leftovers\n|-damage|p1a: Ting-Lu|39\/100 psn|[from] psn\n|upkeep\n|turn|4\n|inactive|murmurxxx has 120 seconds left.\n|\n|t:|1698112902\n|switch|p1a: Heatran|Heatran, M|100\/100\n|-item|p1a: Heatran|Air Balloon\n|move|p2a: Tornadus|Taunt|p1b: Gholdengo\n|-start|p1b: Gholdengo|move: Taunt\n|move|p2b: Weezing|Destiny Bond|p2b: Weezing\n|-singlemove|p2b: Weezing|Destiny Bond\n|move|p1b: Gholdengo|Make It Rain|p2b: Weezing|[spread] p2a,p2b\n|-supereffective|p2b: Weezing\n|-crit|p2b: Weezing\n|-damage|p2a: Tornadus|71\/100\n|-damage|p2b: Weezing|0 fnt\n|-unboost|p1b: Gholdengo|spa|1\n|faint|p2b: Weezing\n|-activate|p2b: Weezing|move: Destiny Bond\n|-end|p2b: Weezing|ability: Neutralizing Gas\n|faint|p1b: Gholdengo\n|\n|upkeep\n|inactive|murmurxxx has 120 seconds left.\n|\n|t:|1698112926\n|switch|p1b: Gliscor|Gliscor, F|53\/100 psn\n|switch|p2b: Iron Hands|Iron Hands|100\/100\n|-damage|p2b: Iron Hands|94\/100|[from] Stealth Rock\n|-enditem|p2b: Iron Hands|Booster Energy\n|-activate|p2b: Iron Hands|ability: Quark Drive|[fromitem]\n|-start|p2b: Iron Hands|quarkdriveatk\n|turn|5\n|\n|t:|1698112944\n|switch|p1a: Sinistcha|Sinistcha|100\/100\n|-heal|p1b: Gliscor|78\/100 psn|[from] ability: Hospitality|[of] p1a: Sinistcha\n|move|p2b: Iron Hands|Fake Out|p1a: Sinistcha\n|-immune|p1a: Sinistcha\n|move|p2a: Tornadus|Taunt|p1b: Gliscor\n|-start|p1b: Gliscor|move: Taunt\n|move|p1b: Gliscor|Bulldoze|p2b: Iron Hands|[spread] p1a,p2b\n|-immune|p2a: Tornadus\n|-resisted|p1a: Sinistcha\n|-supereffective|p2b: Iron Hands\n|-damage|p1a: Sinistcha|94\/100\n|-damage|p2b: Iron Hands|77\/100\n|-unboost|p1a: Sinistcha|spe|1\n|-unboost|p2b: Iron Hands|spe|1\n|\n|-heal|p1a: Sinistcha|99\/100|[from] item: Leftovers\n|-heal|p1b: Gliscor|90\/100 psn|[from] ability: Poison Heal\n|-sideend|p2: Metal Jester|move: Tailwind\n|upkeep\n|turn|6\n|\n|t:|1698112971\n|-terastallize|p1a: Sinistcha|Steel\n|move|p2a: Tornadus|Tailwind|p2a: Tornadus\n|-sidestart|p2: Metal Jester|move: Tailwind\n|move|p1b: Gliscor|Dual Wingbeat|p2b: Iron Hands|[miss]\n|-miss|p1b: Gliscor|p2b: Iron Hands\n|move|p2b: Iron Hands|Ice Punch|p1b: Gliscor\n|-supereffective|p1b: Gliscor\n|-damage|p1b: Gliscor|0 fnt\n|faint|p1b: Gliscor\n|move|p1a: Sinistcha|Shadow Ball|p2b: Iron Hands\n|-damage|p2b: Iron Hands|40\/100\n|\n|-heal|p1a: Sinistcha|100\/100|[from] item: Leftovers\n|upkeep\n|c|\u2606murmurxxx|0,0\n|c|\u2606murmurxxx|lol\n|inactive|murmurxxx has 120 seconds left.\n|c|\u2606Metal Jester|oof\n|\n|t:|1698112986\n|switch|p1b: Ogerpon|Ogerpon-Wellspring, F|100\/100\n|turn|7\n|\n|t:|1698113001\n|move|p2a: Tornadus|Bleakwind Storm|p1b: Ogerpon|[spread] p1a,p1b\n|-resisted|p1a: Sinistcha\n|-crit|p1a: Sinistcha\n|-supereffective|p1b: Ogerpon\n|-damage|p1a: Sinistcha|71\/100\n|-damage|p1b: Ogerpon|33\/100\n|move|p1b: Ogerpon|Play Rough|p2b: Iron Hands\n|-supereffective|p2b: Iron Hands\n|-damage|p2b: Iron Hands|0 fnt\n|faint|p2b: Iron Hands\n|-end|p2b: Iron Hands|Quark Drive|[silent]\n|move|p1a: Sinistcha|Strength Sap|p2a: Tornadus\n|-unboost|p2a: Tornadus|atk|1\n|-heal|p1a: Sinistcha|100\/100\n|\n|upkeep\n|\n|t:|1698113016\n|switch|p2b: Flutter Mane|Flutter Mane|100\/100\n|-damage|p2b: Flutter Mane|88\/100|[from] Stealth Rock\n|turn|8\n|\n|t:|1698113032\n|move|p1b: Ogerpon|Spiky Shield|p1b: Ogerpon\n|-singleturn|p1b: Ogerpon|move: Protect\n|move|p2a: Tornadus|Sunny Day|p2a: Tornadus\n|-weather|SunnyDay\n|-activate|p2b: Flutter Mane|ability: Protosynthesis\n|-start|p2b: Flutter Mane|protosynthesisspe\n|move|p2b: Flutter Mane|Dazzling Gleam|p1a: Sinistcha|[spread] p1a\n|-activate|p1b: Ogerpon|move: Protect\n|-resisted|p1a: Sinistcha\n|-damage|p1a: Sinistcha|74\/100\n|move|p1a: Sinistcha|Shadow Ball|p2b: Flutter Mane\n|-supereffective|p2b: Flutter Mane\n|-damage|p2b: Flutter Mane|0 fnt\n|faint|p2b: Flutter Mane\n|-end|p2b: Flutter Mane|Protosynthesis|[silent]\n|\n|-weather|SunnyDay|[upkeep]\n|-heal|p1a: Sinistcha|80\/100|[from] item: Leftovers\n|upkeep\n|\n|t:|1698113042\n|switch|p2b: Great Tusk|Great Tusk|100\/100\n|-damage|p2b: Great Tusk|98\/100|[from] Stealth Rock\n|-activate|p2b: Great Tusk|ability: Protosynthesis\n|-start|p2b: Great Tusk|protosynthesisatk\n|turn|9\n|\n|t:|1698113067\n|move|p2a: Tornadus|Bleakwind Storm|p1a: Sinistcha|[spread] p1a\n|-miss|p2a: Tornadus|p1b: Ogerpon\n|-resisted|p1a: Sinistcha\n|-damage|p1a: Sinistcha|63\/100\n|-unboost|p1a: Sinistcha|spe|1\n|move|p2b: Great Tusk|Close Combat|p1a: Sinistcha\n|-supereffective|p1a: Sinistcha\n|-damage|p1a: Sinistcha|0 fnt\n|-unboost|p2b: Great Tusk|def|1\n|-unboost|p2b: Great Tusk|spd|1\n|faint|p1a: Sinistcha\n|move|p1b: Ogerpon|Play Rough|p2b: Great Tusk\n|-supereffective|p2b: Great Tusk\n|-damage|p2b: Great Tusk|27\/100\n|\n|-weather|SunnyDay|[upkeep]\n|-sideend|p2: Metal Jester|move: Tailwind\n|upkeep\n|c|\u2606murmurxxx|lol\n|c|\u2606murmurxxx|-.-\n|inactive|murmurxxx has 120 seconds left.\n|c|\u2606murmurxxx|why\n|c|\u2606murmurxxx|did i play rough\n|c|\u2606murmurxxx|am i  stupid\n|c|\u2606murmurxxx|i had water and horn attack\n|c|\u2606murmurxxx|omfg\n|\n|t:|1698113102\n|switch|p1a: Heatran|Heatran, M|100\/100\n|-item|p1a: Heatran|Air Balloon\n|turn|10\n|inactive|murmurxxx has 120 seconds left.\n|\n|t:|1698113117\n|move|p2a: Tornadus|Tailwind|p2a: Tornadus\n|-sidestart|p2: Metal Jester|move: Tailwind\n|move|p2b: Great Tusk|Close Combat|p1a: Heatran\n|-supereffective|p1a: Heatran\n|-damage|p1a: Heatran|0 fnt\n|-unboost|p2b: Great Tusk|def|1\n|-unboost|p2b: Great Tusk|spd|1\n|-enditem|p1a: Heatran|Air Balloon\n|faint|p1a: Heatran\n|move|p1b: Ogerpon|Horn Leech|p2b: Great Tusk\n|-supereffective|p2b: Great Tusk\n|-damage|p2b: Great Tusk|0 fnt\n|-heal|p1b: Ogerpon|52\/100|[from] drain|[of] p2b: Great Tusk\n|faint|p2b: Great Tusk\n|-end|p2b: Great Tusk|Protosynthesis|[silent]\n|\n|-weather|SunnyDay|[upkeep]\n|upkeep\n|\n|t:|1698113130\n|switch|p2b: Meowscarada|Meowscarada, M, shiny|100\/100\n|switch|p1a: Ting-Lu|Ting-Lu|39\/100 psn\n|-damage|p2b: Meowscarada|88\/100|[from] Stealth Rock\n|-ability|p1a: Ting-Lu|Vessel of Ruin\n|turn|11\n|\n|t:|1698113149\n|move|p2b: Meowscarada|Flower Trick|p1a: Ting-Lu\n|-start|p2b: Meowscarada|typechange|Grass|[from] ability: Protean\n|-supereffective|p1a: Ting-Lu\n|-crit|p1a: Ting-Lu\n|-damage|p1a: Ting-Lu|0 fnt\n|faint|p1a: Ting-Lu\n|move|p2a: Tornadus|Bleakwind Storm|p1b: Ogerpon\n|-supereffective|p1b: Ogerpon\n|-damage|p1b: Ogerpon|0 fnt\n|faint|p1b: Ogerpon\n|\n|win|Metal Jester\n|raw|murmurxxx's rating: 1196 &rarr; <strong>1175<\/strong><br \/>(-21 for losing)\n|raw|Metal Jester's rating: 1248 &rarr; <strong>1269<\/strong><br \/>(+21 for winning)\n|c|\u2606murmurxxx|gg\n|c|\u2606Metal Jester|gg\n|l|\u2606murmurxxx\n","uploadtime":1698113164,"views":15,"p1id":"murmurxxx","p2id":"metaljester","formatid":"gen9doublesou","rating":1175,"private":0,"password":""}