{"id":"gen9doublesou-1984054800","p1":"stolentoaster34","p2":"ItsMrBeans","format":"[Gen 9] Doubles OU","log":"|j|\u2606stolentoaster34\n|j|\u2606ItsMrBeans\n|t:|1699213999\n|gametype|doubles\n|player|p1|stolentoaster34|170|\n|player|p2|ItsMrBeans|giovanni|\n|teamsize|p1|6\n|teamsize|p2|6\n|gen|9\n|tier|[Gen 9] Doubles OU\n|rule|Species Clause: Limit one of each Pok\u00e9mon\n|rule|OHKO Clause: OHKO moves are banned\n|rule|Evasion Moves Clause: Evasion moves are banned\n|rule|Gravity Sleep Clause: The combination of sleep-inducing moves with imperfect accuracy and Gravity or Gigantamax Orbeetle are banned\n|rule|Endless Battle Clause: Forcing endless battles is banned\n|rule|HP Percentage Mod: HP is shown in percentages\n|clearpoke\n|poke|p1|Amoonguss, M|\n|poke|p1|Sinistcha|\n|poke|p1|Cresselia, F|\n|poke|p1|Slaking, F|\n|poke|p1|Iron Hands|\n|poke|p1|Kingambit, M|\n|poke|p2|Snorlax, M|\n|poke|p2|Sinistcha-Masterpiece|\n|poke|p2|Landorus-Therian, M|\n|poke|p2|Iron Hands|\n|poke|p2|Clefairy, F|\n|poke|p2|Kommo-o, F|\n|teampreview\n|\n|t:|1699214030\n|start\n|switch|p1a: Amoonguss|Amoonguss, M|100\/100\n|switch|p1b: Kingambit|Kingambit, M|100\/100\n|switch|p2a: Snorlax|Snorlax, M, shiny|100\/100\n|switch|p2b: Landorus|Landorus-Therian, M, shiny|100\/100\n|-ability|p2b: Landorus|Intimidate|boost\n|-unboost|p1a: Amoonguss|atk|1\n|-unboost|p1b: Kingambit|atk|1\n|-ability|p1b: Kingambit|Defiant|boost\n|-boost|p1b: Kingambit|atk|2\n|turn|1\n|\n|t:|1699214057\n|-terastallize|p1b: Kingambit|Dark\n|move|p2b: Landorus|U-turn|p1a: Amoonguss\n|-damage|p1a: Amoonguss|77\/100\n|\n|t:|1699214066\n|switch|p2b: Clefairy|Clefairy, F, shiny|100\/100|[from] U-turn\n|move|p1b: Kingambit|Night Slash|p2a: Snorlax\n|-damage|p2a: Snorlax|57\/100\n|move|p1a: Amoonguss|Foul Play|p2a: Snorlax\n|-damage|p2a: Snorlax|40\/100\n|-enditem|p2a: Snorlax|Sitrus Berry|[eat]\n|-heal|p2a: Snorlax|65\/100|[from] item: Sitrus Berry\n|move|p2a: Snorlax|Belly Drum|p2a: Snorlax\n|-damage|p2a: Snorlax|15\/100\n|-setboost|p2a: Snorlax|atk|6|[from] move: Belly Drum\n|\n|-heal|p1a: Amoonguss|83\/100|[from] item: Black Sludge\n|upkeep\n|turn|2\n|\n|t:|1699214092\n|switch|p2b: Sinistcha|Sinistcha-Masterpiece, shiny|100\/100\n|-heal|p2a: Snorlax|40\/100|[from] ability: Hospitality|[of] p2b: Sinistcha\n|move|p2a: Snorlax|Protect|p2a: Snorlax\n|-singleturn|p2a: Snorlax|Protect\n|move|p1a: Amoonguss|Rage Powder|p1a: Amoonguss\n|-singleturn|p1a: Amoonguss|move: Rage Powder\n|move|p1b: Kingambit|Swords Dance|p1b: Kingambit\n|-boost|p1b: Kingambit|atk|2\n|\n|-heal|p1a: Amoonguss|89\/100|[from] item: Black Sludge\n|upkeep\n|turn|3\n|\n|t:|1699214115\n|move|p2b: Sinistcha|Rage Powder|p2b: Sinistcha\n|-singleturn|p2b: Sinistcha|move: Rage Powder\n|move|p1b: Kingambit|Night Slash|p2b: Sinistcha\n|-supereffective|p2b: Sinistcha\n|-damage|p2b: Sinistcha|0 fnt\n|faint|p2b: Sinistcha\n|move|p2a: Snorlax|Facade|p1b: Kingambit\n|-damage|p1b: Kingambit|10\/100\n|move|p1a: Amoonguss|Spore|p2a: Snorlax\n|-status|p2a: Snorlax|slp|[from] move: Spore\n|\n|-heal|p1a: Amoonguss|95\/100|[from] item: Black Sludge\n|upkeep\n|\n|t:|1699214135\n|switch|p2b: Landorus|Landorus-Therian, M, shiny|100\/100\n|-ability|p2b: Landorus|Intimidate|boost\n|-unboost|p1a: Amoonguss|atk|1\n|-unboost|p1b: Kingambit|atk|1\n|-ability|p1b: Kingambit|Defiant|boost\n|-boost|p1b: Kingambit|atk|2\n|turn|4\n|\n|t:|1699214159\n|cant|p2a: Snorlax|slp\n|move|p1a: Amoonguss|Rage Powder|p1a: Amoonguss\n|-singleturn|p1a: Amoonguss|move: Rage Powder\n|move|p2b: Landorus|U-turn|p1a: Amoonguss\n|-damage|p1a: Amoonguss|72\/100\n|\n|t:|1699214169\n|switch|p2b: Iron Hands|Iron Hands|100\/100|[from] U-turn\n|move|p1b: Kingambit|Kowtow Cleave|p2a: Snorlax\n|-damage|p2a: Snorlax|0 fnt\n|faint|p2a: Snorlax\n|\n|-heal|p1a: Amoonguss|78\/100|[from] item: Black Sludge\n|upkeep\n|\n|t:|1699214176\n|switch|p2a: Kommo-o|Kommo-o, F, shiny|100\/100\n|turn|5\n|\n|t:|1699214193\n|move|p2b: Iron Hands|Fake Out|p1b: Kingambit\n|-damage|p1b: Kingambit|0 fnt\n|faint|p1b: Kingambit\n|move|p1a: Amoonguss|Rage Powder|p1a: Amoonguss\n|-singleturn|p1a: Amoonguss|move: Rage Powder\n|move|p2a: Kommo-o|Clangorous Soul|p2a: Kommo-o\n|-boost|p2a: Kommo-o|atk|1\n|-boost|p2a: Kommo-o|def|1\n|-boost|p2a: Kommo-o|spa|1\n|-boost|p2a: Kommo-o|spd|1\n|-boost|p2a: Kommo-o|spe|1\n|-damage|p2a: Kommo-o|68\/100\n|-enditem|p2a: Kommo-o|Throat Spray\n|-boost|p2a: Kommo-o|spa|1|[from] item: Throat Spray\n|\n|-heal|p1a: Amoonguss|84\/100|[from] item: Black Sludge\n|upkeep\n|\n|t:|1699214209\n|switch|p1b: Iron Hands|Iron Hands|100\/100\n|turn|6\n|\n|t:|1699214242\n|-end|p2b: Iron Hands|Quark Drive|[silent]\n|switch|p2b: Clefairy|Clefairy, F, shiny|100\/100\n|move|p1b: Iron Hands|Fake Out|p2a: Kommo-o\n|-damage|p2a: Kommo-o|61\/100\n|cant|p2a: Kommo-o|flinch\n|move|p1a: Amoonguss|Spore|p2a: Kommo-o\n|-status|p2a: Kommo-o|slp|[from] move: Spore\n|\n|-heal|p1a: Amoonguss|90\/100|[from] item: Black Sludge\n|upkeep\n|turn|7\n|\n|t:|1699214272\n|move|p2b: Clefairy|Follow Me|p2b: Clefairy\n|-singleturn|p2b: Clefairy|move: Follow Me\n|cant|p2a: Kommo-o|slp\n|move|p1b: Iron Hands|Wild Charge|p2b: Clefairy\n|-damage|p2b: Clefairy|57\/100\n|-damage|p1b: Iron Hands|93\/100|[from] Recoil\n|move|p1a: Amoonguss|Foul Play|p2b: Clefairy\n|-resisted|p2b: Clefairy\n|-damage|p2b: Clefairy|53\/100\n|\n|-heal|p1a: Amoonguss|97\/100|[from] item: Black Sludge\n|upkeep\n|turn|8\n|\n|t:|1699214291\n|switch|p1a: Cresselia|Cresselia, F|100\/100\n|cant|p2a: Kommo-o|slp\n|move|p1b: Iron Hands|Heavy Slam|p2b: Clefairy\n|-supereffective|p2b: Clefairy\n|-damage|p2b: Clefairy|0 fnt\n|faint|p2b: Clefairy\n|\n|upkeep\n|\n|t:|1699214309\n|switch|p2b: Iron Hands|Iron Hands|100\/100\n|turn|9\n|\n|t:|1699214354\n|-end|p1b: Iron Hands|Quark Drive|[silent]\n|switch|p1b: Slaking|Slaking, F|100\/100\n|-terastallize|p2a: Kommo-o|Steel\n|move|p2b: Iron Hands|Fake Out|p1b: Slaking\n|-damage|p1b: Slaking|89\/100\n|cant|p2a: Kommo-o|slp\n|move|p1a: Cresselia|Trick Room|p1a: Cresselia\n|-fieldstart|move: Trick Room|[of] p1a: Cresselia\n|-enditem|p1a: Cresselia|Room Service\n|-unboost|p1a: Cresselia|spe|1|[from] item: Room Service\n|\n|upkeep\n|turn|10\n|\n|t:|1699214394\n|move|p1a: Cresselia|Skill Swap|p1b: Slaking\n|-activate|p1a: Cresselia|move: Skill Swap|||[of] p1b: Slaking\n|move|p2b: Iron Hands|Drain Punch|p1b: Slaking\n|-supereffective|p1b: Slaking\n|-damage|p1b: Slaking|34\/100\n|move|p1b: Slaking|Stomping Tantrum|p2a: Kommo-o\n|-supereffective|p2a: Kommo-o\n|-damage|p2a: Kommo-o|24\/100 slp\n|-curestatus|p2a: Kommo-o|slp|[msg]\n|move|p2a: Kommo-o|Clanging Scales|p1b: Slaking|[spread] p1a,p1b\n|-crit|p1b: Slaking\n|-damage|p1a: Cresselia|61\/100\n|-damage|p1b: Slaking|0 fnt\n|faint|p1b: Slaking\n|-unboost|p2a: Kommo-o|def|1\n|\n|upkeep\n|\n|t:|1699214415\n|switch|p1b: Amoonguss|Amoonguss, M|97\/100\n|turn|11\n|\n|t:|1699214443\n|cant|p1a: Cresselia|ability: Truant\n|move|p2a: Kommo-o|Protect|p2a: Kommo-o\n|-singleturn|p2a: Kommo-o|Protect\n|move|p1b: Amoonguss|Foul Play|p2a: Kommo-o\n|-activate|p2a: Kommo-o|move: Protect\n|move|p2b: Iron Hands|Heavy Slam|p1a: Cresselia\n|-damage|p1a: Cresselia|37\/100\n|\n|-heal|p1b: Amoonguss|100\/100|[from] item: Black Sludge\n|upkeep\n|turn|12\n|\n|t:|1699214492\n|move|p1a: Cresselia|Helping Hand|p1b: Amoonguss\n|-singleturn|p1b: Amoonguss|Helping Hand|[of] p1a: Cresselia\n|move|p1b: Amoonguss|Foul Play|p2a: Kommo-o\n|-crit|p2a: Kommo-o\n|-damage|p2a: Kommo-o|0 fnt\n|faint|p2a: Kommo-o\n|move|p2b: Iron Hands|Wild Charge|p1b: Amoonguss\n|-resisted|p1b: Amoonguss\n|-damage|p1b: Amoonguss|76\/100\n|-damage|p2b: Iron Hands|95\/100|[from] Recoil\n|\n|-heal|p1b: Amoonguss|82\/100|[from] item: Black Sludge\n|upkeep\n|\n|t:|1699214501\n|switch|p2a: Landorus|Landorus-Therian, M, shiny|100\/100\n|-ability|p2a: Landorus|Intimidate|boost\n|-unboost|p1a: Cresselia|atk|1\n|-unboost|p1b: Amoonguss|atk|1\n|turn|13\n|l|\u2606stolentoaster34\n|player|p1|\n|j|\u2606stolentoaster34\n|player|p1|stolentoaster34|170\n|\n|t:|1699214554\n|switch|p1a: Sinistcha|Sinistcha|100\/100\n|-heal|p1b: Amoonguss|100\/100|[from] ability: Hospitality|[of] p1a: Sinistcha\n|move|p1b: Amoonguss|Spore|p2a: Landorus\n|-status|p2a: Landorus|slp|[from] move: Spore\n|move|p2b: Iron Hands|Wild Charge|p1a: Sinistcha\n|-resisted|p1a: Sinistcha\n|-damage|p1a: Sinistcha|78\/100\n|-damage|p2b: Iron Hands|90\/100|[from] Recoil\n|cant|p2a: Landorus|slp\n|\n|-fieldend|move: Trick Room\n|upkeep\n|turn|14\n|\n|t:|1699214580\n|move|p1b: Amoonguss|Rage Powder|p1b: Amoonguss\n|-singleturn|p1b: Amoonguss|move: Rage Powder\n|-curestatus|p2a: Landorus|slp|[msg]\n|move|p2a: Landorus|U-turn|p1b: Amoonguss\n|-damage|p1b: Amoonguss|74\/100\n|move|p1a: Sinistcha|Matcha Gotcha|p2b: Iron Hands|[spread] p2a,p2b\n|-damage|p2a: Landorus|69\/100\n|-heal|p1a: Sinistcha|93\/100|[from] drain|[of] p2a: Landorus\n|-damage|p2b: Iron Hands|77\/100\n|-heal|p1a: Sinistcha|100\/100|[from] drain|[of] p2b: Iron Hands\n|-status|p2b: Iron Hands|brn\n|move|p2b: Iron Hands|Heavy Slam|p1b: Amoonguss\n|-damage|p1b: Amoonguss|52\/100\n|\n|-heal|p1b: Amoonguss|58\/100|[from] item: Black Sludge\n|-damage|p2b: Iron Hands|71\/100 brn|[from] brn\n|upkeep\n|turn|15\n|\n|t:|1699214603\n|move|p2a: Landorus|U-turn|p1b: Amoonguss\n|-damage|p1b: Amoonguss|35\/100\n|move|p1a: Sinistcha|Matcha Gotcha|p2b: Iron Hands|[spread] p2a,p2b\n|-damage|p2a: Landorus|39\/100\n|-damage|p2b: Iron Hands|59\/100 brn\n|move|p2b: Iron Hands|Heavy Slam|p1b: Amoonguss\n|-damage|p1b: Amoonguss|11\/100\n|move|p1b: Amoonguss|Foul Play|p2a: Landorus\n|-damage|p2a: Landorus|0 fnt\n|faint|p2a: Landorus\n|\n|-heal|p1b: Amoonguss|17\/100|[from] item: Black Sludge\n|-damage|p2b: Iron Hands|53\/100 brn|[from] brn\n|upkeep\n|turn|16\n|\n|t:|1699214620\n|move|p1b: Amoonguss|Rage Powder|p1b: Amoonguss\n|-singleturn|p1b: Amoonguss|move: Rage Powder\n|move|p1a: Sinistcha|Matcha Gotcha|p2b: Iron Hands\n|-damage|p2b: Iron Hands|36\/100 brn\n|move|p2b: Iron Hands|Heavy Slam|p1b: Amoonguss\n|-damage|p1b: Amoonguss|0 fnt\n|faint|p1b: Amoonguss\n|\n|-damage|p2b: Iron Hands|30\/100 brn|[from] brn\n|upkeep\n|l|\u2606stolentoaster34\n|player|p1|\n|j|\u2606stolentoaster34\n|player|p1|stolentoaster34|170\n|\n|t:|1699214647\n|switch|p1b: Iron Hands|Iron Hands|93\/100\n|turn|17\n|\n|t:|1699214655\n|move|p1a: Sinistcha|Matcha Gotcha|p2b: Iron Hands\n|-damage|p2b: Iron Hands|15\/100 brn\n|move|p2b: Iron Hands|Heavy Slam|p1a: Sinistcha\n|-damage|p1a: Sinistcha|81\/100\n|move|p1b: Iron Hands|Drain Punch|p2b: Iron Hands\n|-damage|p2b: Iron Hands|0 fnt\n|-heal|p1b: Iron Hands|99\/100|[from] drain|[of] p2b: Iron Hands\n|faint|p2b: Iron Hands\n|-end|p2b: Iron Hands|Quark Drive|[silent]\n|\n|win|stolentoaster34\n|c|\u2606ItsMrBeans|ggwp\n|l|\u2606ItsMrBeans\n","uploadtime":1699214673,"views":8,"p1id":"stolentoaster34","p2id":"itsmrbeans","formatid":"gen9doublesou","rating":0,"private":0,"password":""}