{"id":"gen9doublesou-1975562418","p1":"BlueKnight776","p2":"SXD2002","format":"[Gen 9] Doubles OU","log":"|j|\u2606BlueKnight776\n|j|\u2606SXD2002\n|t:|1698205246\n|gametype|doubles\n|player|p1|BlueKnight776|marley|1101\n|player|p2|SXD2002|silver-masters|1028\n|teamsize|p1|6\n|teamsize|p2|6\n|gen|9\n|tier|[Gen 9] Doubles OU\n|rated|\n|rule|Species Clause: Limit one of each Pok\u00e9mon\n|rule|OHKO Clause: OHKO moves are banned\n|rule|Evasion Moves Clause: Evasion moves are banned\n|rule|Gravity Sleep Clause: The combination of sleep-inducing moves with imperfect accuracy and Gravity or Gigantamax Orbeetle are banned\n|rule|Endless Battle Clause: Forcing endless battles is banned\n|rule|HP Percentage Mod: HP is shown in percentages\n|clearpoke\n|poke|p1|Ogerpon-Wellspring, F|\n|poke|p1|Flutter Mane|\n|poke|p1|Alomomola, M|\n|poke|p1|Kingambit, F|\n|poke|p1|Glimmora, M|\n|poke|p1|Chien-Pao|\n|poke|p2|Lurantis, F|\n|poke|p2|Murkrow, F|\n|poke|p2|Grimmsnarl, M|\n|poke|p2|Clefairy, F|\n|poke|p2|Talonflame, F|\n|poke|p2|Espeon, F|\n|teampreview\n|inactive|Battle timer is ON: inactive players will automatically lose when time's up. (requested by SXD2002)\n|\n|t:|1698205258\n|start\n|switch|p1a: Glimmora|Glimmora, M|100\/100\n|switch|p1b: Chien-Pao|Chien-Pao|100\/100\n|switch|p2a: Murkrow|Murkrow, F|100\/100\n|switch|p2b: Lurantis|Lurantis, F|100\/100\n|-ability|p1b: Chien-Pao|Sword of Ruin\n|turn|1\n|\n|t:|1698205287\n|-terastallize|p2b: Lurantis|Steel\n|move|p2a: Murkrow|Feather Dance|p2b: Lurantis\n|-boost|p2b: Lurantis|atk|2\n|move|p1b: Chien-Pao|Ice Spinner|p2b: Lurantis\n|-resisted|p2b: Lurantis\n|-damage|p2b: Lurantis|62\/100\n|-damage|p1b: Chien-Pao|91\/100|[from] item: Life Orb\n|move|p1a: Glimmora|Stealth Rock|p2b: Lurantis\n|-sidestart|p2: SXD2002|move: Stealth Rock\n|move|p2b: Lurantis|Superpower|p1b: Chien-Pao\n|-supereffective|p1b: Chien-Pao\n|-damage|p1b: Chien-Pao|0 fnt\n|-boost|p2b: Lurantis|atk|1\n|-boost|p2b: Lurantis|def|1\n|faint|p1b: Chien-Pao\n|\n|-heal|p2b: Lurantis|68\/100|[from] item: Leftovers\n|upkeep\n|\n|t:|1698205305\n|switch|p1b: Alomomola|Alomomola, M, shiny|100\/100\n|turn|2\n|\n|t:|1698205313\n|move|p1b: Alomomola|Protect|p1b: Alomomola\n|-singleturn|p1b: Alomomola|Protect\n|move|p2b: Lurantis|Protect|p2b: Lurantis\n|-singleturn|p2b: Lurantis|Protect\n|move|p2a: Murkrow|Snarl|p1b: Alomomola|[spread] p1a\n|-activate|p1b: Alomomola|move: Protect\n|-damage|p1a: Glimmora|90\/100\n|-unboost|p1a: Glimmora|spa|1\n|-enditem|p1a: Glimmora|Red Card|[of] p2a: Murkrow\n|drag|p2a: Grimmsnarl|Grimmsnarl, M|100\/100\n|-damage|p2a: Grimmsnarl|88\/100|[from] Stealth Rock\n|move|p1a: Glimmora|Toxic Spikes|p2a: Grimmsnarl\n|-sidestart|p2: SXD2002|move: Toxic Spikes\n|\n|-heal|p2a: Grimmsnarl|94\/100|[from] item: Leftovers\n|-heal|p2b: Lurantis|74\/100|[from] item: Leftovers\n|upkeep\n|turn|3\n|\n|t:|1698205338\n|move|p2a: Grimmsnarl|Fake Tears|p2b: Lurantis\n|-boost|p2b: Lurantis|spd|2\n|move|p1a: Glimmora|Toxic Spikes|p2a: Grimmsnarl\n|-sidestart|p2: SXD2002|move: Toxic Spikes\n|move|p1b: Alomomola|Scald|p2a: Grimmsnarl\n|-damage|p2a: Grimmsnarl|83\/100\n|move|p2b: Lurantis|Leaf Storm|p1b: Alomomola\n|-supereffective|p1b: Alomomola\n|-damage|p1b: Alomomola|17\/100\n|-boost|p2b: Lurantis|spa|2\n|-enditem|p1b: Alomomola|Red Card|[of] p2b: Lurantis\n|drag|p2b: Clefairy|Clefairy, F|100\/100\n|-damage|p2b: Clefairy|88\/100|[from] Stealth Rock\n|-status|p2b: Clefairy|tox\n|\n|-heal|p2a: Grimmsnarl|89\/100|[from] item: Leftovers\n|-damage|p2b: Clefairy|82\/100 tox|[from] psn\n|upkeep\n|turn|4\n|\n|t:|1698205364\n|switch|p2b: Lurantis|Lurantis, F, tera:Steel|74\/100\n|-damage|p2b: Lurantis|68\/100|[from] Stealth Rock\n|move|p2a: Grimmsnarl|Parting Shot|p2b: Lurantis\n|-boost|p2b: Lurantis|atk|1\n|-boost|p2b: Lurantis|spa|1\n|\n|t:|1698205370\n|switch|p2a: Talonflame|Talonflame, F|100\/100|[from] Parting Shot\n|move|p1a: Glimmora|Mortal Spin|p2a: Talonflame|[spread] p2a\n|-immune|p2b: Lurantis\n|-damage|p2a: Talonflame|95\/100\n|-status|p2a: Talonflame|psn\n|move|p1b: Alomomola|Wish|p1b: Alomomola\n|\n|-heal|p2b: Lurantis|74\/100|[from] item: Leftovers\n|-damage|p2a: Talonflame|83\/100 psn|[from] psn\n|upkeep\n|turn|5\n|\n|t:|1698205390\n|switch|p1b: Flutter Mane|Flutter Mane|100\/100\n|-enditem|p1b: Flutter Mane|Booster Energy\n|-activate|p1b: Flutter Mane|ability: Protosynthesis|[fromitem]\n|-start|p1b: Flutter Mane|protosynthesisspa\n|move|p1a: Glimmora|Spiky Shield|p1a: Glimmora\n|-singleturn|p1a: Glimmora|move: Protect\n|move|p2a: Talonflame|Defog|p2b: Lurantis\n|-boost|p2b: Lurantis|evasion|1\n|-sideend|p2: SXD2002|Toxic Spikes|[from] move: Defog|[of] p2a: Talonflame\n|-sideend|p2: SXD2002|Stealth Rock|[from] move: Defog|[of] p2a: Talonflame\n|move|p2b: Lurantis|Leaf Storm|p1a: Glimmora\n|-activate|p1a: Glimmora|move: Protect\n|\n|-heal|p2b: Lurantis|80\/100|[from] item: Leftovers\n|-damage|p2a: Talonflame|71\/100 psn|[from] psn\n|upkeep\n|turn|6\n|\n|t:|1698205410\n|move|p2a: Talonflame|Defog|p2b: Lurantis\n|-boost|p2b: Lurantis|evasion|1\n|move|p1b: Flutter Mane|Shadow Ball|p2b: Lurantis|[miss]\n|-miss|p1b: Flutter Mane|p2b: Lurantis\n|move|p1a: Glimmora|Stealth Rock|p2a: Talonflame\n|-sidestart|p2: SXD2002|move: Stealth Rock\n|move|p2b: Lurantis|Leaf Storm|p1b: Flutter Mane\n|-damage|p1b: Flutter Mane|40\/100\n|-boost|p2b: Lurantis|spa|2\n|\n|-heal|p2b: Lurantis|86\/100|[from] item: Leftovers\n|-damage|p2a: Talonflame|58\/100 psn|[from] psn\n|upkeep\n|turn|7\n|-message|BlueKnight776 forfeited.\n|\n|win|SXD2002\n|raw|BlueKnight776's rating: 1101 &rarr; <strong>1071<\/strong><br \/>(-30 for losing)\n|raw|SXD2002's rating: 1028 &rarr; <strong>1071<\/strong><br \/>(+43 for winning)\n|l|\u2606BlueKnight776\n","uploadtime":1698205427,"views":18,"p1id":"blueknight776","p2id":"sxd2002","formatid":"gen9doublesou","rating":1071,"private":0,"password":""}