{"id":"gen9doublesou-1981759670","p1":"Zacozolt","p2":"Geodude21","format":"[Gen 9] Doubles OU","log":"|j|\u2606Zacozolt\n|j|\u2606Geodude21\n|t:|1698939510\n|gametype|doubles\n|player|p1|Zacozolt|fisherman-gen4|1102\n|player|p2|Geodude21|brycenman|1047\n|teamsize|p1|6\n|teamsize|p2|6\n|gen|9\n|tier|[Gen 9] Doubles OU\n|rated|\n|rule|Species Clause: Limit one of each Pok\u00e9mon\n|rule|OHKO Clause: OHKO moves are banned\n|rule|Evasion Moves Clause: Evasion moves are banned\n|rule|Gravity Sleep Clause: The combination of sleep-inducing moves with imperfect accuracy and Gravity or Gigantamax Orbeetle are banned\n|rule|Endless Battle Clause: Forcing endless battles is banned\n|rule|HP Percentage Mod: HP is shown in percentages\n|clearpoke\n|poke|p1|Torterra, M|\n|poke|p1|Murkrow, M|\n|poke|p1|Clefable, F|\n|poke|p1|Espathra, F|\n|poke|p1|Manaphy|\n|poke|p1|Bisharp, M|\n|poke|p2|Ninetales-Alola, F|\n|poke|p2|Mamoswine, F|\n|poke|p2|Cloyster, F|\n|poke|p2|Frosmoth, F|\n|poke|p2|Froslass, F|\n|poke|p2|Chien-Pao|\n|teampreview\n|\n|t:|1698939530\n|start\n|switch|p1a: Espathra|Espathra, F|100\/100\n|switch|p1b: Bisharp|Bisharp, M, shiny|100\/100\n|switch|p2a: Froslass|Froslass, F|100\/100\n|switch|p2b: Cloyster|Cloyster, F|100\/100\n|turn|1\n|\n|t:|1698939543\n|move|p2b: Cloyster|Protect|p2b: Cloyster\n|-singleturn|p2b: Cloyster|Protect\n|move|p2a: Froslass|Substitute|p2a: Froslass\n|-start|p2a: Froslass|Substitute\n|-damage|p2a: Froslass|76\/100\n|move|p1a: Espathra|Skill Swap|p1b: Bisharp\n|-activate|p1a: Espathra|move: Skill Swap|||[of] p1b: Bisharp\n|move|p1b: Bisharp|Swords Dance|p1b: Bisharp\n|-boost|p1b: Bisharp|atk|2\n|\n|-ability|p1b: Bisharp|Speed Boost|boost\n|-boost|p1b: Bisharp|spe|1\n|upkeep\n|turn|2\n|\n|t:|1698939564\n|move|p1b: Bisharp|Sucker Punch||[still]\n|-fail|p1b: Bisharp\n|move|p2a: Froslass|Taunt|p1a: Espathra\n|-start|p1a: Espathra|move: Taunt\n|move|p1a: Espathra|Dazzling Gleam|p2a: Froslass|[spread] p2a,p2b\n|-activate|p2a: Froslass|move: Substitute|[damage]\n|-damage|p2b: Cloyster|63\/100\n|move|p2b: Cloyster|Iron Defense|p2b: Cloyster\n|-boost|p2b: Cloyster|def|2\n|\n|-heal|p2b: Cloyster|69\/100|[from] item: Leftovers\n|-ability|p1b: Bisharp|Speed Boost|boost\n|-boost|p1b: Bisharp|spe|1\n|upkeep\n|turn|3\n|\n|t:|1698939585\n|move|p2b: Cloyster|Protect|p2b: Cloyster\n|-singleturn|p2b: Cloyster|Protect\n|move|p1b: Bisharp|Iron Head|p2a: Froslass|[miss]\n|-miss|p1b: Bisharp|p2a: Froslass\n|move|p2a: Froslass|Spikes|p1a: Espathra\n|-sidestart|p1: Zacozolt|Spikes\n|move|p1a: Espathra|Dazzling Gleam|p2a: Froslass|[spread] p2a\n|-activate|p2b: Cloyster|move: Protect\n|-end|p2a: Froslass|Substitute\n|\n|-heal|p2b: Cloyster|75\/100|[from] item: Leftovers\n|-ability|p1b: Bisharp|Speed Boost|boost\n|-boost|p1b: Bisharp|spe|1\n|upkeep\n|turn|4\n|\n|t:|1698939606\n|move|p1b: Bisharp|Swords Dance|p1b: Bisharp\n|-boost|p1b: Bisharp|atk|2\n|move|p2a: Froslass|Destiny Bond|p2a: Froslass\n|-singlemove|p2a: Froslass|Destiny Bond\n|move|p1a: Espathra|Dazzling Gleam|p2a: Froslass|[spread] p2a,p2b\n|-damage|p2a: Froslass|57\/100\n|-damage|p2b: Cloyster|39\/100\n|move|p2b: Cloyster|Iron Defense|p2b: Cloyster\n|-boost|p2b: Cloyster|def|2\n|\n|-heal|p2b: Cloyster|45\/100|[from] item: Leftovers\n|-end|p1a: Espathra|move: Taunt\n|-ability|p1b: Bisharp|Speed Boost|boost\n|-boost|p1b: Bisharp|spe|1\n|upkeep\n|turn|5\n|\n|t:|1698939628\n|move|p2b: Cloyster|Protect|p2b: Cloyster\n|-singleturn|p2b: Cloyster|Protect\n|move|p1b: Bisharp|Iron Head|p2b: Cloyster\n|-activate|p2b: Cloyster|move: Protect\n|move|p2a: Froslass|Taunt|p1a: Espathra\n|-start|p1a: Espathra|move: Taunt\n|move|p1a: Espathra|Dazzling Gleam|p2b: Cloyster|[spread] p2a\n|-activate|p2b: Cloyster|move: Protect\n|-damage|p2a: Froslass|39\/100\n|\n|-heal|p2b: Cloyster|52\/100|[from] item: Leftovers\n|-ability|p1b: Bisharp|Speed Boost|boost\n|-boost|p1b: Bisharp|spe|1\n|upkeep\n|turn|6\n|\n|t:|1698939657\n|-terastallize|p2b: Cloyster|Water\n|move|p1b: Bisharp|Iron Head|p2a: Froslass|[miss]\n|-miss|p1b: Bisharp|p2a: Froslass\n|move|p2a: Froslass|Destiny Bond|p2a: Froslass\n|-singlemove|p2a: Froslass|Destiny Bond\n|move|p1a: Espathra|Dazzling Gleam|p2b: Cloyster|[spread] p2a,p2b\n|-damage|p2a: Froslass|22\/100\n|-damage|p2b: Cloyster|17\/100\n|move|p2b: Cloyster|Iron Defense|p2b: Cloyster\n|-boost|p2b: Cloyster|def|2\n|\n|-heal|p2b: Cloyster|23\/100|[from] item: Leftovers\n|-ability|p1b: Bisharp|Speed Boost|boost\n|-boost|p1b: Bisharp|spe|1\n|upkeep\n|turn|7\n|\n|t:|1698939717\n|move|p2b: Cloyster|Protect|p2b: Cloyster\n|-singleturn|p2b: Cloyster|Protect\n|move|p1b: Bisharp|Iron Head|p2b: Cloyster\n|-activate|p2b: Cloyster|move: Protect\n|move|p2a: Froslass|Taunt|p1b: Bisharp\n|-start|p1b: Bisharp|move: Taunt\n|move|p1a: Espathra|Dazzling Gleam|p2a: Froslass|[spread] p2a\n|-activate|p2b: Cloyster|move: Protect\n|-damage|p2a: Froslass|4\/100\n|\n|-heal|p2b: Cloyster|29\/100|[from] item: Leftovers\n|-end|p1a: Espathra|move: Taunt\n|upkeep\n|turn|8\n|\n|t:|1698939738\n|move|p1b: Bisharp|Poison Jab|p2b: Cloyster\n|-damage|p2b: Cloyster|10\/100\n|-status|p2b: Cloyster|psn\n|move|p2a: Froslass|Destiny Bond|p2a: Froslass\n|-singlemove|p2a: Froslass|Destiny Bond\n|move|p1a: Espathra|Dazzling Gleam|p2b: Cloyster|[spread] p2a,p2b\n|-damage|p2a: Froslass|0 fnt\n|-damage|p2b: Cloyster|0 fnt\n|faint|p2a: Froslass\n|-activate|p2a: Froslass|move: Destiny Bond\n|faint|p2b: Cloyster\n|faint|p1a: Espathra\n|\n|upkeep\n|\n|t:|1698939760\n|switch|p2a: Frosmoth|Frosmoth, F|100\/100\n|switch|p1a: Clefable|Clefable, F|100\/100\n|switch|p2b: Chien-Pao|Chien-Pao|100\/100\n|-ability|p2b: Chien-Pao|Sword of Ruin\n|-damage|p1a: Clefable|88\/100|[from] Spikes\n|turn|9\n|\n|t:|1698939778\n|-terastallize|p1b: Bisharp|Ghost\n|move|p1b: Bisharp|Iron Head|p2b: Chien-Pao\n|-supereffective|p2b: Chien-Pao\n|-damage|p2b: Chien-Pao|0 fnt\n|faint|p2b: Chien-Pao\n|move|p2a: Frosmoth|Stun Spore|p1b: Bisharp\n|-status|p1b: Bisharp|par\n|move|p1a: Clefable|Reflect|p1a: Clefable\n|-sidestart|p1: Zacozolt|Reflect\n|\n|upkeep\n|\n|t:|1698939788\n|switch|p2b: Ninetales|Ninetales-Alola, F|100\/100\n|-weather|Snow|[from] ability: Snow Warning|[of] p2b: Ninetales\n|turn|10\n|\n|t:|1698939799\n|move|p1b: Bisharp|Iron Head|p2b: Ninetales\n|-supereffective|p2b: Ninetales\n|-crit|p2b: Ninetales\n|-damage|p2b: Ninetales|0 fnt\n|faint|p2b: Ninetales\n|move|p2a: Frosmoth|Tailwind|p2a: Frosmoth\n|-sidestart|p2: Geodude21|move: Tailwind\n|move|p1a: Clefable|Light Screen|p1a: Clefable\n|-sidestart|p1: Zacozolt|move: Light Screen\n|\n|-weather|Snow|[upkeep]\n|-end|p1b: Bisharp|move: Taunt\n|upkeep\n|\n|t:|1698939809\n|switch|p2b: Mamoswine|Mamoswine, F|100\/100\n|turn|11\n|\n|t:|1698939834\n|switch|p1a: Murkrow|Murkrow, M|100\/100\n|move|p1b: Bisharp|Sucker Punch||[still]\n|-fail|p1b: Bisharp\n|move|p2b: Mamoswine|Knock Off|p1b: Bisharp\n|-supereffective|p1b: Bisharp\n|-damage|p1b: Bisharp|57\/100 par\n|-enditem|p1b: Bisharp|Eviolite|[from] move: Knock Off|[of] p2b: Mamoswine\n|move|p2a: Frosmoth|Quiver Dance|p2a: Frosmoth\n|-boost|p2a: Frosmoth|spa|1\n|-boost|p2a: Frosmoth|spd|1\n|-boost|p2a: Frosmoth|spe|1\n|\n|-weather|Snow|[upkeep]\n|upkeep\n|turn|12\n|\n|t:|1698939855\n|move|p1a: Murkrow|Thunder Wave|p2a: Frosmoth\n|-status|p2a: Frosmoth|par\n|move|p2b: Mamoswine|Knock Off|p1b: Bisharp\n|-supereffective|p1b: Bisharp\n|-damage|p1b: Bisharp|13\/100 par\n|move|p1b: Bisharp|Iron Head|p2a: Frosmoth\n|-supereffective|p2a: Frosmoth\n|-damage|p2a: Frosmoth|0 fnt\n|faint|p2a: Frosmoth\n|\n|-weather|Snow|[upkeep]\n|upkeep\n|turn|13\n|\n|t:|1698939868\n|move|p1b: Bisharp|Sucker Punch|p2b: Mamoswine\n|-damage|p2b: Mamoswine|10\/100\n|move|p1a: Murkrow|Tailwind|p1a: Murkrow\n|-sidestart|p1: Zacozolt|move: Tailwind\n|move|p2b: Mamoswine|Knock Off|p1b: Bisharp\n|-supereffective|p1b: Bisharp\n|-damage|p1b: Bisharp|0 fnt\n|faint|p1b: Bisharp\n|\n|-weather|Snow|[upkeep]\n|-sideend|p2: Geodude21|move: Tailwind\n|upkeep\n|\n|t:|1698939876\n|switch|p1b: Manaphy|Manaphy|100\/100\n|-damage|p1b: Manaphy|88\/100|[from] Spikes\n|turn|14\n|\n|t:|1698939884\n|move|p1b: Manaphy|Scald|p2b: Mamoswine\n|-supereffective|p2b: Mamoswine\n|-damage|p2b: Mamoswine|0 fnt\n|faint|p2b: Mamoswine\n|\n|win|Zacozolt\n|raw|Zacozolt's rating: 1102 &rarr; <strong>1123<\/strong><br \/>(+21 for winning)\n|raw|Geodude21's rating: 1047 &rarr; <strong>1033<\/strong><br \/>(-14 for losing)\n|c|\u2606Zacozolt|gg\n|l|\u2606Geodude21\n","uploadtime":1698939901,"views":18,"p1id":"zacozolt","p2id":"geodude21","formatid":"gen9doublesou","rating":1033,"private":0,"password":""}