{"id":"gen9doublesou-1968271121","p1":"Glitchy_Okami","p2":"IfUforfeitUsuck","format":"[Gen 9] Doubles OU","log":"|html|<div class=\"broadcast-blue\"><strong>[Gen 9] Doubles OU is currently suspecting Basculegion & Flutter Mane! For information on how to participate check out the <a href=\"https:\/\/www.smogon.com\/forums\/threads\/np-sv-dou-stage-8-double-trouble.3729153\/\">suspect thread<\/a>.<\/strong><\/div>\n|j|\u2606Glitchy_Okami\n|j|\u2606IfUforfeitUsuck\n|t:|1697400980\n|gametype|doubles\n|player|p1|Glitchy_Okami|ethan|1050\n|player|p2|IfUforfeitUsuck|1|1157\n|teamsize|p1|6\n|teamsize|p2|6\n|gen|9\n|tier|[Gen 9] Doubles OU\n|rated|\n|rule|Species Clause: Limit one of each Pok\u00e9mon\n|rule|OHKO Clause: OHKO moves are banned\n|rule|Evasion Moves Clause: Evasion moves are banned\n|rule|Gravity Sleep Clause: The combination of sleep-inducing moves with imperfect accuracy and Gravity or Gigantamax Orbeetle are banned\n|rule|Endless Battle Clause: Forcing endless battles is banned\n|rule|HP Percentage Mod: HP is shown in percentages\n|clearpoke\n|poke|p1|Barraskewda, F|\n|poke|p1|Pelipper, F|\n|poke|p1|Thundurus, M|\n|poke|p1|Milotic, F|\n|poke|p1|Inteleon, F|\n|poke|p1|Goodra-Hisui, M|\n|poke|p2|Sinistcha-Masterpiece|\n|poke|p2|Grimmsnarl, M|\n|poke|p2|Arcanine-Hisui, M|\n|poke|p2|Baxcalibur, M|\n|poke|p2|Gallade, M|\n|poke|p2|Landorus, M|\n|teampreview\n|\n|t:|1697401011\n|start\n|switch|p1a: Pelipper|Pelipper, F|100\/100\n|switch|p1b: Inteleon|Inteleon, F|100\/100\n|switch|p2a: Grimmsnarl|Grimmsnarl, M|100\/100\n|switch|p2b: Baxcalibur|Baxcalibur, M|100\/100\n|-weather|RainDance|[from] ability: Drizzle|[of] p1a: Pelipper\n|turn|1\n|\n|t:|1697401043\n|switch|p1b: Goodra|Goodra-Hisui, M|100\/100\n|move|p1a: Pelipper|Wide Guard|p1a: Pelipper\n|-singleturn|p1a: Pelipper|Wide Guard\n|move|p2a: Grimmsnarl|Light Screen|p2a: Grimmsnarl\n|-sidestart|p2: IfUforfeitUsuck|move: Light Screen\n|move|p2b: Baxcalibur|Scale Shot|p1a: Pelipper\n|-damage|p1a: Pelipper|87\/100\n|-damage|p1a: Pelipper|75\/100\n|-damage|p1a: Pelipper|63\/100\n|-damage|p1a: Pelipper|49\/100\n|-damage|p1a: Pelipper|36\/100\n|-hitcount|p1a: Pelipper|5\n|-unboost|p2b: Baxcalibur|def|1\n|-boost|p2b: Baxcalibur|spe|1\n|\n|-weather|RainDance|[upkeep]\n|upkeep\n|turn|2\n|inactive|Battle timer is ON: inactive players will automatically lose when time's up. (requested by IfUforfeitUsuck)\n|inactive|Glitchy_Okami has 120 seconds left.\n|\n|t:|1697401124\n|switch|p1a: Barraskewda|Barraskewda, F|100\/100\n|move|p2b: Baxcalibur|Scale Shot|p1b: Goodra\n|-damage|p1b: Goodra|90\/100\n|-damage|p1b: Goodra|78\/100\n|-damage|p1b: Goodra|67\/100\n|-crit|p1b: Goodra\n|-damage|p1b: Goodra|49\/100\n|-damage|p1b: Goodra|36\/100\n|-hitcount|p1b: Goodra|5\n|-unboost|p2b: Baxcalibur|def|1\n|-boost|p2b: Baxcalibur|spe|1\n|move|p1b: Goodra|Dragon Pulse|p2b: Baxcalibur\n|-supereffective|p2b: Baxcalibur\n|-damage|p2b: Baxcalibur|52\/100\n|move|p2a: Grimmsnarl|Spirit Break|p1a: Barraskewda\n|-damage|p1a: Barraskewda|43\/100\n|-unboost|p1a: Barraskewda|spa|1\n|\n|-weather|RainDance|[upkeep]\n|upkeep\n|turn|3\n|inactive|Glitchy_Okami has 120 seconds left.\n|inactive|Glitchy_Okami has 90 seconds left.\n|\n|t:|1697401210\n|move|p2a: Grimmsnarl|Parting Shot|p1a: Barraskewda\n|-unboost|p1a: Barraskewda|atk|1\n|-unboost|p1a: Barraskewda|spa|1\n|inactive|IfUforfeitUsuck has 120 seconds left.\n|\n|t:|1697401221\n|switch|p2a: Sinistcha|Sinistcha-Masterpiece|100\/100|[from] Parting Shot\n|move|p1a: Barraskewda|Liquidation|p2b: Baxcalibur\n|-resisted|p2b: Baxcalibur\n|-damage|p2b: Baxcalibur|19\/100\n|move|p2b: Baxcalibur|Scale Shot|p1b: Goodra\n|-damage|p1b: Goodra|25\/100\n|-damage|p1b: Goodra|14\/100\n|-crit|p1b: Goodra\n|-damage|p1b: Goodra|0 fnt\n|faint|p1b: Goodra\n|-hitcount|p1: Goodra|3\n|-unboost|p2b: Baxcalibur|def|1\n|-boost|p2b: Baxcalibur|spe|1\n|\n|-weather|RainDance|[upkeep]\n|upkeep\n|inactive|Glitchy_Okami has 60 seconds left.\n|\n|t:|1697401250\n|switch|p1b: Inteleon|Inteleon, F|100\/100\n|turn|4\n|\n|t:|1697401277\n|-terastallize|p2a: Sinistcha|Grass\n|move|p1a: Barraskewda|Ice Fang|p2a: Sinistcha\n|-supereffective|p2a: Sinistcha\n|-damage|p2a: Sinistcha|70\/100\n|move|p2b: Baxcalibur|Freeze-Dry|p1b: Inteleon\n|-supereffective|p1b: Inteleon\n|-damage|p1b: Inteleon|36\/100\n|move|p1b: Inteleon|Ice Beam|p2a: Sinistcha\n|-supereffective|p2a: Sinistcha\n|-damage|p2a: Sinistcha|23\/100\n|move|p2a: Sinistcha|Calm Mind|p2a: Sinistcha\n|-boost|p2a: Sinistcha|spa|1\n|-boost|p2a: Sinistcha|spd|1\n|\n|-weather|RainDance|[upkeep]\n|-heal|p2a: Sinistcha|29\/100|[from] item: Leftovers\n|upkeep\n|turn|5\n|inactive|Glitchy_Okami has 60 seconds left.\n|inactive|IfUforfeitUsuck has 120 seconds left.\n|\n|t:|1697401335\n|move|p1a: Barraskewda|Flip Turn|p2b: Baxcalibur\n|-resisted|p2b: Baxcalibur\n|-damage|p2b: Baxcalibur|0 fnt\n|faint|p2b: Baxcalibur\n|\n|t:|1697401344\n|switch|p1a: Thundurus|Thundurus, M|100\/100|[from] Flip Turn\n|move|p1b: Inteleon|Ice Beam|p2a: Sinistcha\n|-supereffective|p2a: Sinistcha\n|-crit|p2a: Sinistcha\n|-damage|p2a: Sinistcha|0 fnt\n|faint|p2a: Sinistcha\n|\n|-weather|RainDance|[upkeep]\n|upkeep\n|inactive|IfUforfeitUsuck has 90 seconds left.\n|\n|t:|1697401388\n|switch|p2b: Gallade|Gallade, M|100\/100\n|switch|p2a: Grimmsnarl|Grimmsnarl, M|100\/100\n|turn|6\n|\n|t:|1697401406\n|move|p1a: Thundurus|Nasty Plot|p1a: Thundurus\n|-boost|p1a: Thundurus|spa|2\n|move|p1b: Inteleon|Snipe Shot|p2a: Grimmsnarl\n|-damage|p2a: Grimmsnarl|57\/100\n|move|p2b: Gallade|Psycho Cut|p1b: Inteleon\n|-damage|p1b: Inteleon|0 fnt\n|faint|p1b: Inteleon\n|move|p2a: Grimmsnarl|Spirit Break|p1a: Thundurus\n|-damage|p1a: Thundurus|50\/100\n|-unboost|p1a: Thundurus|spa|1\n|\n|-weather|RainDance|[upkeep]\n|upkeep\n|inactive|Glitchy_Okami has 60 seconds left.\n|\n|t:|1697401434\n|switch|p1b: Barraskewda|Barraskewda, F|43\/100\n|turn|7\n|inactive|Glitchy_Okami has 60 seconds left.\n|inactive|IfUforfeitUsuck has 90 seconds left.\n|inactive|IfUforfeitUsuck has 60 seconds left.\n|\n|t:|1697401482\n|switch|p2b: Landorus|Landorus, M|100\/100\n|move|p2a: Grimmsnarl|Parting Shot|p1b: Barraskewda\n|-unboost|p1b: Barraskewda|atk|1\n|-unboost|p1b: Barraskewda|spa|1\n|inactive|IfUforfeitUsuck has 60 seconds left.\n|\n|t:|1697401488\n|switch|p2a: Gallade|Gallade, M|100\/100|[from] Parting Shot\n|move|p1b: Barraskewda|Drill Run|p2a: Gallade\n|-damage|p2a: Gallade|74\/100\n|move|p1a: Thundurus|Wildbolt Storm|p2a: Gallade|[spread] p2a\n|-immune|p2b: Landorus\n|-damage|p2a: Gallade|40\/100\n|\n|-weather|RainDance|[upkeep]\n|upkeep\n|turn|8\n|inactive|Glitchy_Okami has 60 seconds left.\n|inactive|IfUforfeitUsuck has 60 seconds left.\n|\n|t:|1697401520\n|move|p1b: Barraskewda|Ice Fang|p2b: Landorus\n|-supereffective|p2b: Landorus\n|-damage|p2b: Landorus|43\/100\n|move|p1a: Thundurus|Thunder|p2a: Gallade\n|-damage|p2a: Gallade|0 fnt\n|faint|p2a: Gallade\n|move|p2b: Landorus|Rock Slide|p1a: Thundurus|[spread] p1a,p1b\n|-supereffective|p1a: Thundurus\n|-damage|p1a: Thundurus|0 fnt\n|-damage|p1b: Barraskewda|3\/100\n|faint|p1a: Thundurus\n|\n|-weather|none\n|-sideend|p2: IfUforfeitUsuck|move: Light Screen\n|upkeep\n|\n|t:|1697401535\n|switch|p1a: Pelipper|Pelipper, F|36\/100\n|switch|p2a: Grimmsnarl|Grimmsnarl, M|57\/100\n|-weather|RainDance|[from] ability: Drizzle|[of] p1a: Pelipper\n|turn|9\n|inactive|Glitchy_Okami has 90 seconds left.\n|inactive|IfUforfeitUsuck has 90 seconds left.\n|\n|t:|1697401550\n|move|p2a: Grimmsnarl|Light Screen|p2a: Grimmsnarl\n|-sidestart|p2: IfUforfeitUsuck|move: Light Screen\n|move|p1b: Barraskewda|Flip Turn|p2b: Landorus\n|-supereffective|p2b: Landorus\n|-damage|p2b: Landorus|0 fnt\n|faint|p2b: Landorus\n|\n|t:|1697401557\n|switch|p1b: Milotic|Milotic, F|100\/100|[from] Flip Turn\n|move|p1a: Pelipper|Tailwind|p1a: Pelipper\n|-sidestart|p1: Glitchy_Okami|move: Tailwind\n|\n|-weather|RainDance|[upkeep]\n|upkeep\n|\n|t:|1697401563\n|switch|p2b: Arcanine|Arcanine-Hisui, M|100\/100\n|turn|10\n|inactive|Glitchy_Okami has 90 seconds left.\n|\n|t:|1697401591\n|move|p2b: Arcanine|Extreme Speed|p1a: Pelipper\n|-crit|p1a: Pelipper\n|-damage|p1a: Pelipper|0 fnt\n|faint|p1a: Pelipper\n|move|p1b: Milotic|Scald|p2b: Arcanine\n|-supereffective|p2b: Arcanine\n|-damage|p2b: Arcanine|0 fnt\n|faint|p2b: Arcanine\n|move|p2a: Grimmsnarl|Spirit Break|p1b: Milotic\n|-damage|p1b: Milotic|70\/100\n|-unboost|p1b: Milotic|spa|1\n|-ability|p1b: Milotic|Competitive|boost\n|-boost|p1b: Milotic|spa|2\n|\n|-weather|RainDance|[upkeep]\n|-heal|p1b: Milotic|76\/100|[from] item: Leftovers\n|upkeep\n|inactive|Glitchy_Okami has 90 seconds left.\n|\n|t:|1697401607\n|switch|p1a: Barraskewda|Barraskewda, F|3\/100\n|turn|11\n|\n|t:|1697401620\n|move|p1a: Barraskewda|Liquidation|p2a: Grimmsnarl\n|-damage|p2a: Grimmsnarl|0 fnt\n|faint|p2a: Grimmsnarl\n|\n|win|Glitchy_Okami\n|raw|Glitchy_Okami's rating: 1050 &rarr; <strong>1092<\/strong><br \/>(+42 for winning)\n|raw|IfUforfeitUsuck's rating: 1157 &rarr; <strong>1125<\/strong><br \/>(-32 for losing)\n|c|\u2606IfUforfeitUsuck|gg\n|l|\u2606IfUforfeitUsuck\n","uploadtime":1697401628,"views":8,"p1id":"glitchyokami","p2id":"ifuforfeitusuck","formatid":"gen9doublesou","rating":1092,"private":0,"password":""}