{"id":"gen9doublesou-1985671525","p1":"starpix","p2":"Grwumpy","format":"[Gen 9] Doubles OU","log":"|j|\u2606starpix\n|j|\u2606Grwumpy\n|t:|1699394294\n|gametype|doubles\n|player|p1|starpix|101|1037\n|player|p2|Grwumpy|backersf|1102\n|teamsize|p1|6\n|teamsize|p2|6\n|gen|9\n|tier|[Gen 9] Doubles OU\n|rated|\n|rule|Species Clause: Limit one of each Pok\u00e9mon\n|rule|OHKO Clause: OHKO moves are banned\n|rule|Evasion Moves Clause: Evasion moves are banned\n|rule|Gravity Sleep Clause: The combination of sleep-inducing moves with imperfect accuracy and Gravity or Gigantamax Orbeetle are banned\n|rule|Endless Battle Clause: Forcing endless battles is banned\n|rule|HP Percentage Mod: HP is shown in percentages\n|clearpoke\n|poke|p1|Landorus-Therian, M|\n|poke|p1|Glimmora, M|\n|poke|p1|Chien-Pao|\n|poke|p1|Dragonite, M|\n|poke|p1|Iron Hands|\n|poke|p1|Palafin, F|\n|poke|p2|Ribombee, M|\n|poke|p2|Chandelure, F|\n|poke|p2|Ninetales, F|\n|poke|p2|Iron Moth|\n|poke|p2|Sableye, M|\n|poke|p2|Walking Wake|\n|teampreview\n|inactive|Battle timer is ON: inactive players will automatically lose when time's up. (requested by Grwumpy)\n|\n|t:|1699394317\n|start\n|switch|p1a: Landorus|Landorus-Therian, M, shiny|100\/100\n|switch|p1b: Glimmora|Glimmora, M, shiny|100\/100\n|switch|p2a: A fly|Ribombee, M, shiny|100\/100\n|switch|p2b: Burnt|Ninetales, F, shiny|100\/100\n|-weather|SunnyDay|[from] ability: Drought|[of] p2b: Burnt\n|-ability|p1a: Landorus|Intimidate|boost\n|-unboost|p2a: A fly|atk|1\n|-unboost|p2b: Burnt|atk|1\n|turn|1\n|\n|t:|1699394328\n|move|p2a: A fly|Sticky Web|p1b: Glimmora\n|-sidestart|p1: starpix|move: Sticky Web\n|move|p2b: Burnt|Memento|p1a: Landorus\n|-unboost|p1a: Landorus|atk|2\n|-unboost|p1a: Landorus|spa|2\n|faint|p2b: Burnt\n|move|p1a: Landorus|Stealth Rock|p2a: A fly\n|-sidestart|p2: Grwumpy|move: Stealth Rock\n|move|p1b: Glimmora|Toxic Spikes|p2a: A fly\n|-sidestart|p2: Grwumpy|move: Toxic Spikes\n|\n|-weather|SunnyDay|[upkeep]\n|upkeep\n|\n|t:|1699394343\n|switch|p2b: Blocked|Sableye, M|100\/100\n|-damage|p2b: Blocked|88\/100|[from] Stealth Rock\n|-status|p2b: Blocked|psn\n|turn|2\n|\n|t:|1699394358\n|move|p2b: Blocked|Encore|p1a: Landorus\n|-start|p1a: Landorus|Encore\n|move|p2a: A fly|Tailwind|p2a: A fly\n|-sidestart|p2: Grwumpy|move: Tailwind\n|move|p1a: Landorus|Stealth Rock||[still]\n|-fail|p1a: Landorus\n|move|p1b: Glimmora|Toxic Spikes|p2b: Blocked\n|-sidestart|p2: Grwumpy|move: Toxic Spikes\n|\n|-weather|SunnyDay|[upkeep]\n|-heal|p2b: Blocked|94\/100 psn|[from] item: Leftovers\n|-damage|p2b: Blocked|82\/100 psn|[from] psn\n|upkeep\n|turn|3\n|\n|t:|1699394383\n|switch|p1a: Palafin|Palafin, F, shiny|100\/100\n|-activate|p1a: Palafin|move: Sticky Web\n|-unboost|p1a: Palafin|spe|1\n|move|p2b: Blocked|Taunt|p1b: Glimmora\n|-start|p1b: Glimmora|move: Taunt\n|move|p2a: A fly|Moonblast|p1a: Palafin\n|-damage|p1a: Palafin|40\/100\n|-unboost|p1a: Palafin|spa|1\n|cant|p1b: Glimmora|move: Taunt|Toxic\n|\n|-weather|SunnyDay|[upkeep]\n|-heal|p2b: Blocked|88\/100 psn|[from] item: Leftovers\n|-damage|p2b: Blocked|76\/100 psn|[from] psn\n|upkeep\n|turn|4\n|\n|t:|1699394395\n|move|p2b: Blocked|Encore|p1b: Glimmora\n|-start|p1b: Glimmora|Encore\n|move|p2a: A fly|Moonblast|p1a: Palafin\n|-damage|p1a: Palafin|0 fnt\n|faint|p1a: Palafin\n|cant|p1b: Glimmora|move: Taunt|Toxic Spikes\n|\n|-weather|SunnyDay|[upkeep]\n|-heal|p2b: Blocked|82\/100 psn|[from] item: Leftovers\n|-damage|p2b: Blocked|69\/100 psn|[from] psn\n|upkeep\n|\n|t:|1699394400\n|switch|p1a: Iron Hands|Iron Hands, shiny|100\/100\n|-activate|p1a: Iron Hands|move: Sticky Web\n|-unboost|p1a: Iron Hands|spe|1\n|turn|5\n|\n|t:|1699394410\n|move|p1a: Iron Hands|Fake Out|p2a: A fly\n|-damage|p2a: A fly|70\/100\n|move|p2b: Blocked|Gravity|p2b: Blocked\n|-fieldstart|move: Gravity\n|cant|p2a: A fly|flinch\n|-activate|p1b: Glimmora|move: Struggle\n|move|p1b: Glimmora|Struggle|p2a: A fly\n|-crit|p2a: A fly\n|-damage|p2a: A fly|48\/100\n|-damage|p1b: Glimmora|75\/100|[from] recoil\n|\n|-weather|SunnyDay|[upkeep]\n|-heal|p2b: Blocked|75\/100 psn|[from] item: Leftovers\n|-heal|p1b: Glimmora|82\/100|[from] item: Black Sludge\n|-damage|p2b: Blocked|63\/100 psn|[from] psn\n|-end|p1b: Glimmora|move: Taunt\n|-sideend|p2: Grwumpy|move: Tailwind\n|upkeep\n|turn|6\n|\n|t:|1699394420\n|move|p2b: Blocked|Encore|p1a: Iron Hands\n|-start|p1a: Iron Hands|Encore\n|move|p2a: A fly|Moonblast|p1a: Iron Hands\n|-supereffective|p1a: Iron Hands\n|-damage|p1a: Iron Hands|44\/100\n|-unboost|p1a: Iron Hands|spa|1\n|move|p1b: Glimmora|Toxic Spikes||[still]\n|-fail|p1b: Glimmora\n|move|p1a: Iron Hands|Fake Out||[still]\n|-hint|Fake Out only works on your first turn out.\n|-fail|p1a: Iron Hands\n|\n|-weather|SunnyDay|[upkeep]\n|-heal|p1b: Glimmora|88\/100|[from] item: Black Sludge\n|-heal|p2b: Blocked|69\/100 psn|[from] item: Leftovers\n|-damage|p2b: Blocked|57\/100 psn|[from] psn\n|-end|p1b: Glimmora|Encore\n|upkeep\n|turn|7\n|\n|t:|1699394432\n|move|p1b: Glimmora|Spiky Shield|p1b: Glimmora\n|-singleturn|p1b: Glimmora|move: Protect\n|move|p1a: Iron Hands|Fake Out||[still]\n|-hint|Fake Out only works on your first turn out.\n|-fail|p1a: Iron Hands\n|move|p2b: Blocked|Encore|p1b: Glimmora\n|-activate|p1b: Glimmora|move: Protect\n|move|p2a: A fly|Moonblast|p1a: Iron Hands\n|-supereffective|p1a: Iron Hands\n|-damage|p1a: Iron Hands|0 fnt\n|faint|p1a: Iron Hands\n|-end|p1a: Iron Hands|Quark Drive|[silent]\n|\n|-weather|SunnyDay|[upkeep]\n|-heal|p1b: Glimmora|94\/100|[from] item: Black Sludge\n|-heal|p2b: Blocked|63\/100 psn|[from] item: Leftovers\n|-damage|p2b: Blocked|51\/100 psn|[from] psn\n|upkeep\n|\n|t:|1699394437\n|switch|p1a: Landorus|Landorus-Therian, M, shiny|100\/100\n|-activate|p1a: Landorus|move: Sticky Web\n|-unboost|p1a: Landorus|spe|1\n|-ability|p1a: Landorus|Intimidate|boost\n|-unboost|p2a: A fly|atk|1\n|-unboost|p2b: Blocked|atk|1\n|turn|8\n|\n|t:|1699394448\n|switch|p2b: WalkingWoke|Walking Wake|100\/100\n|-damage|p2b: WalkingWoke|88\/100|[from] Stealth Rock\n|-status|p2b: WalkingWoke|tox\n|-activate|p2b: WalkingWoke|ability: Protosynthesis\n|-start|p2b: WalkingWoke|protosynthesisspa\n|move|p2a: A fly|Moonblast|p1a: Landorus\n|-damage|p1a: Landorus|47\/100\n|move|p1b: Glimmora|Mortal Spin|p2a: A fly|[spread] p2a,p2b\n|-supereffective|p2a: A fly\n|-damage|p2a: A fly|30\/100\n|-damage|p2b: WalkingWoke|83\/100 tox\n|-status|p2a: A fly|psn\n|-sideend|p1: starpix|Sticky Web|[from] move: Mortal Spin|[of] p1b: Glimmora\n|move|p1a: Landorus|U-turn|p2b: WalkingWoke\n|-damage|p2b: WalkingWoke|54\/100 tox\n|\n|t:|1699394457\n|switch|p1a: Dragonite|Dragonite, M, shiny|100\/100|[from] U-turn\n|\n|-weather|none\n|-end|p2b: WalkingWoke|Protosynthesis\n|-heal|p1b: Glimmora|99\/100|[from] item: Black Sludge\n|-damage|p2b: WalkingWoke|48\/100 tox|[from] psn\n|-damage|p2a: A fly|18\/100 psn|[from] psn\n|upkeep\n|turn|9\n|\n|t:|1699394471\n|-terastallize|p2b: WalkingWoke|Steel\n|move|p2a: A fly|Tailwind|p2a: A fly\n|-sidestart|p2: Grwumpy|move: Tailwind\n|move|p2b: WalkingWoke|Hydro Pump|p1b: Glimmora\n|-supereffective|p1b: Glimmora\n|-damage|p1b: Glimmora|0 fnt\n|faint|p1b: Glimmora\n|move|p1a: Dragonite|Dragon Dance|p1a: Dragonite\n|-boost|p1a: Dragonite|atk|1\n|-boost|p1a: Dragonite|spe|1\n|\n|-damage|p2b: WalkingWoke|36\/100 tox|[from] psn\n|-damage|p2a: A fly|5\/100 psn|[from] psn\n|-fieldend|move: Gravity\n|upkeep\n|\n|t:|1699394478\n|switch|p1b: Landorus|Landorus-Therian, M, shiny|47\/100\n|-ability|p1b: Landorus|Intimidate|boost\n|-unboost|p2a: A fly|atk|1\n|-unboost|p2b: WalkingWoke|atk|1\n|-enditem|p2b: WalkingWoke|White Herb\n|-clearnegativeboost|p2b: WalkingWoke|[silent]\n|turn|10\n|\n|t:|1699394497\n|move|p1a: Dragonite|Extreme Speed|p2b: WalkingWoke\n|-resisted|p2b: WalkingWoke\n|-damage|p2b: WalkingWoke|9\/100 tox\n|move|p2b: WalkingWoke|Draco Meteor|p1a: Dragonite\n|-supereffective|p1a: Dragonite\n|-damage|p1a: Dragonite|34\/100\n|-unboost|p2b: WalkingWoke|spa|2\n|move|p2a: A fly|Moonblast|p1b: Landorus\n|-damage|p1b: Landorus|0 fnt\n|faint|p1b: Landorus\n|\n|-damage|p2b: WalkingWoke|0 fnt|[from] psn\n|faint|p2b: WalkingWoke\n|-end|p2b: WalkingWoke|Protosynthesis|[silent]\n|-damage|p2a: A fly|0 fnt|[from] psn\n|faint|p2a: A fly\n|upkeep\n|\n|t:|1699394514\n|switch|p2a: Bbyifloat|Chandelure, F, shiny|100\/100\n|switch|p2b: Blocked|Sableye, M|51\/100 psn\n|switch|p1b: Chien-Pao|Chien-Pao|100\/100\n|-damage|p2a: Bbyifloat|76\/100|[from] Stealth Rock\n|-status|p2a: Bbyifloat|tox\n|-ability|p1b: Chien-Pao|Sword of Ruin\n|-damage|p2b: Blocked|38\/100 psn|[from] Stealth Rock\n|turn|11\n|\n|t:|1699394524\n|-terastallize|p1b: Chien-Pao|Electric\n|move|p2b: Blocked|Encore|p1a: Dragonite\n|-start|p1a: Dragonite|Encore\n|move|p2a: Bbyifloat|Heat Wave|p1b: Chien-Pao|[spread] p1a,p1b\n|-resisted|p1a: Dragonite\n|-damage|p1a: Dragonite|4\/100\n|-damage|p1b: Chien-Pao|0 fnt\n|faint|p1b: Chien-Pao\n|move|p1a: Dragonite|Extreme Speed|p2b: Blocked\n|-immune|p2b: Blocked\n|\n|-heal|p2b: Blocked|44\/100 psn|[from] item: Leftovers\n|-damage|p2a: Bbyifloat|69\/100 tox|[from] psn\n|-damage|p2b: Blocked|32\/100 psn|[from] psn\n|upkeep\n|turn|12\n|-message|starpix forfeited.\n|\n|win|Grwumpy\n|raw|starpix's rating: 1037 &rarr; <strong>1024<\/strong><br \/>(-13 for losing)\n|raw|Grwumpy's rating: 1102 &rarr; <strong>1122<\/strong><br \/>(+20 for winning)\n|l|\u2606starpix\n","uploadtime":1699394536,"views":9,"p1id":"starpix","p2id":"grwumpy","formatid":"gen9doublesou","rating":1024,"private":0,"password":""}