{"id":"gen9doublesou-1995244478","p1":"Martin80","p2":"juanEche","format":"[Gen 9] Doubles OU","log":"|j|\u2606Martin80\n|j|\u2606juanEche\n|t:|1700539337\n|gametype|doubles\n|player|p1|Martin80|steven|1049\n|player|p2|juanEche|darach-caitlin|1137\n|teamsize|p1|6\n|teamsize|p2|6\n|gen|9\n|tier|[Gen 9] Doubles OU\n|rated|\n|rule|Species Clause: Limit one of each Pok\u00e9mon\n|rule|OHKO Clause: OHKO moves are banned\n|rule|Evasion Moves Clause: Evasion moves are banned\n|rule|Gravity Sleep Clause: The combination of sleep-inducing moves with imperfect accuracy and Gravity or Gigantamax Orbeetle are banned\n|rule|Endless Battle Clause: Forcing endless battles is banned\n|rule|HP Percentage Mod: HP is shown in percentages\n|clearpoke\n|poke|p1|Garganacl, F|\n|poke|p1|Tinkaton, F|\n|poke|p1|Lokix, F|\n|poke|p1|Quaquaval, F|\n|poke|p1|Arboliva, F|\n|poke|p1|Ceruledge, F|\n|poke|p2|Toxicroak, M|\n|poke|p2|Gastrodon-East, M|\n|poke|p2|Manaphy|\n|poke|p2|Pelipper, F|\n|poke|p2|Overqwil, M|\n|poke|p2|Barraskewda, F|\n|teampreview\n|\n|t:|1700539351\n|start\n|switch|p1a: Tinkaton|Tinkaton, F, shiny|100\/100\n|switch|p1b: Golemcita|Garganacl, F, shiny|100\/100\n|switch|p2a: Pelipper|Pelipper, F|100\/100\n|switch|p2b: Overqwil|Overqwil, M|100\/100\n|-weather|RainDance|[from] ability: Drizzle|[of] p2a: Pelipper\n|turn|1\n|inactive|Battle timer is ON: inactive players will automatically lose when time's up. (requested by Martin80)\n|\n|t:|1700539368\n|move|p1a: Tinkaton|Fake Out|p2b: Overqwil\n|-damage|p2b: Overqwil|91\/100\n|move|p2a: Pelipper|Wide Guard|p2a: Pelipper\n|-singleturn|p2a: Pelipper|Wide Guard\n|cant|p2b: Overqwil|flinch\n|move|p1b: Golemcita|Iron Defense|p1b: Golemcita\n|-boost|p1b: Golemcita|def|2\n|\n|-weather|RainDance|[upkeep]\n|upkeep\n|turn|2\n|\n|t:|1700539385\n|-terastallize|p1b: Golemcita|Ghost\n|move|p2b: Overqwil|Liquidation|p1b: Golemcita\n|-damage|p1b: Golemcita|85\/100\n|move|p1a: Tinkaton|Gigaton Hammer|p2b: Overqwil\n|-damage|p2b: Overqwil|31\/100\n|move|p2a: Pelipper|Tailwind|p2a: Pelipper\n|-sidestart|p2: juanEche|move: Tailwind\n|move|p1b: Golemcita|Salt Cure|p2a: Pelipper\n|-supereffective|p2a: Pelipper\n|-damage|p2a: Pelipper|79\/100\n|-start|p2a: Pelipper|Salt Cure\n|\n|-weather|RainDance|[upkeep]\n|-heal|p1b: Golemcita|91\/100|[from] item: Leftovers\n|-damage|p2a: Pelipper|55\/100|[from] Salt Cure\n|upkeep\n|turn|3\n|inactive|juanEche has 120 seconds left.\n|\n|t:|1700539415\n|switch|p2a: Gastrodon|Gastrodon-East, M, shiny|100\/100\n|move|p2b: Overqwil|Crunch|p1b: Golemcita\n|-supereffective|p1b: Golemcita\n|-damage|p1b: Golemcita|63\/100\n|move|p1a: Tinkaton|Skitter Smack|p2b: Overqwil\n|-damage|p2b: Overqwil|15\/100\n|-unboost|p2b: Overqwil|spa|1\n|move|p1b: Golemcita|Iron Defense|p1b: Golemcita\n|-boost|p1b: Golemcita|def|2\n|\n|-weather|RainDance|[upkeep]\n|-heal|p1b: Golemcita|69\/100|[from] item: Leftovers\n|upkeep\n|turn|4\n|\n|t:|1700539433\n|move|p1b: Golemcita|Wide Guard|p1b: Golemcita\n|-singleturn|p1b: Golemcita|Wide Guard\n|move|p2b: Overqwil|Crunch|p1b: Golemcita\n|-supereffective|p1b: Golemcita\n|-damage|p1b: Golemcita|51\/100\n|move|p1a: Tinkaton|Gigaton Hammer|p2b: Overqwil\n|-damage|p2b: Overqwil|0 fnt\n|faint|p2b: Overqwil\n|move|p2a: Gastrodon|Earth Power|p1a: Tinkaton\n|-supereffective|p1a: Tinkaton\n|-damage|p1a: Tinkaton|44\/100\n|\n|-weather|RainDance|[upkeep]\n|-heal|p1a: Tinkaton|50\/100|[from] item: Leftovers\n|-heal|p1b: Golemcita|58\/100|[from] item: Leftovers\n|upkeep\n|inactive|juanEche has 120 seconds left.\n|\n|t:|1700539456\n|switch|p2b: Toxicroak|Toxicroak, M|100\/100\n|turn|5\n|inactive|juanEche has 120 seconds left.\n|\n|t:|1700539477\n|move|p2b: Toxicroak|Earthquake|p1b: Golemcita|[spread] p2a,p1a,p1b\n|-supereffective|p1a: Tinkaton\n|-damage|p2a: Gastrodon|67\/100\n|-damage|p1a: Tinkaton|0 fnt\n|-damage|p1b: Golemcita|51\/100\n|faint|p1a: Tinkaton\n|-damage|p2b: Toxicroak|91\/100|[from] item: Life Orb\n|move|p2a: Gastrodon|Chilling Water|p1b: Golemcita\n|-damage|p1b: Golemcita|34\/100\n|-unboost|p1b: Golemcita|atk|1\n|move|p1b: Golemcita|Body Press|p2a: Gastrodon\n|-damage|p2a: Gastrodon|0 fnt\n|-damage|p1b: Golemcita|17\/100|[from] item: Rocky Helmet|[of] p2a: Gastrodon\n|faint|p2a: Gastrodon\n|\n|-weather|none\n|-heal|p1b: Golemcita|23\/100|[from] item: Leftovers\n|-sideend|p2: juanEche|move: Tailwind\n|upkeep\n|\n|t:|1700539498\n|switch|p1a: Ceruledge|Ceruledge, F, shiny|100\/100\n|switch|p2a: Pelipper|Pelipper, F|55\/100\n|-weather|RainDance|[from] ability: Drizzle|[of] p2a: Pelipper\n|turn|6\n|\n|t:|1700539517\n|move|p1a: Ceruledge|Endure|p1a: Ceruledge\n|-singleturn|p1a: Ceruledge|move: Endure\n|move|p2b: Toxicroak|Earthquake|p1b: Golemcita|[spread] p1a,p1b\n|-immune|p2a: Pelipper\n|-supereffective|p1a: Ceruledge\n|-damage|p1a: Ceruledge|12\/100\n|-damage|p1b: Golemcita|18\/100\n|-ability|p1a: Ceruledge|Weak Armor|boost\n|-unboost|p1a: Ceruledge|def|1\n|-boost|p1a: Ceruledge|spe|2\n|-enditem|p1a: Ceruledge|Weakness Policy\n|-boost|p1a: Ceruledge|atk|2|[from] item: Weakness Policy\n|-boost|p1a: Ceruledge|spa|2|[from] item: Weakness Policy\n|-damage|p2b: Toxicroak|81\/100|[from] item: Life Orb\n|move|p2a: Pelipper|Tailwind|p2a: Pelipper\n|-sidestart|p2: juanEche|move: Tailwind\n|move|p1b: Golemcita|Salt Cure|p2a: Pelipper\n|-supereffective|p2a: Pelipper\n|-damage|p2a: Pelipper|39\/100\n|-start|p2a: Pelipper|Salt Cure\n|\n|-weather|RainDance|[upkeep]\n|-heal|p2b: Toxicroak|93\/100|[from] ability: Dry Skin\n|-heal|p1b: Golemcita|24\/100|[from] item: Leftovers\n|-damage|p2a: Pelipper|14\/100|[from] Salt Cure\n|upkeep\n|turn|7\n|inactive|juanEche has 120 seconds left.\n|\n|t:|1700539555\n|-terastallize|p2b: Toxicroak|Poison\n|move|p2a: Pelipper|Protect|p2a: Pelipper\n|-singleturn|p2a: Pelipper|Protect\n|move|p1b: Golemcita|Wide Guard|p1b: Golemcita\n|-singleturn|p1b: Golemcita|Wide Guard\n|move|p1a: Ceruledge|Bitter Blade|p2b: Toxicroak\n|-damage|p2b: Toxicroak|7\/100\n|-heal|p1a: Ceruledge|58\/100|[from] drain|[of] p2b: Toxicroak\n|move|p2b: Toxicroak|Earthquake|p1a: Ceruledge|[spread] \n|-activate|p1a: Ceruledge|move: Wide Guard\n|-activate|p1b: Golemcita|move: Wide Guard\n|-activate|p2a: Pelipper|move: Protect\n|\n|-weather|RainDance|[upkeep]\n|-heal|p2b: Toxicroak|20\/100|[from] ability: Dry Skin\n|-heal|p1b: Golemcita|30\/100|[from] item: Leftovers\n|-damage|p2a: Pelipper|0 fnt|[from] Salt Cure\n|faint|p2a: Pelipper\n|upkeep\n|\n|t:|1700539573\n|switch|p2a: Barraskewda|Barraskewda, F, shiny|100\/100\n|turn|8\n|inactive|juanEche has 120 seconds left.\n|\n|t:|1700539587\n|move|p1a: Ceruledge|Shadow Sneak|p2a: Barraskewda\n|-damage|p2a: Barraskewda|23\/100\n|move|p2a: Barraskewda|Liquidation|p1a: Ceruledge\n|-supereffective|p1a: Ceruledge\n|-damage|p1a: Ceruledge|0 fnt\n|faint|p1a: Ceruledge\n|move|p2b: Toxicroak|Gunk Shot|p1b: Golemcita\n|-resisted|p1b: Golemcita\n|-damage|p1b: Golemcita|21\/100\n|-damage|p2b: Toxicroak|10\/100|[from] item: Life Orb\n|move|p1b: Golemcita|Salt Cure|p2b: Toxicroak\n|-damage|p2b: Toxicroak|0 fnt\n|faint|p2b: Toxicroak\n|\n|-weather|RainDance|[upkeep]\n|-heal|p1b: Golemcita|27\/100|[from] item: Leftovers\n|upkeep\n|\n|t:|1700539602\n|switch|p1a: Jolyne|Quaquaval, F, shiny|100\/100\n|switch|p2b: Manaphy|Manaphy, shiny|100\/100\n|turn|9\n|\n|t:|1700539626\n|move|p2a: Barraskewda|Close Combat|p1a: Jolyne\n|-damage|p1a: Jolyne|46\/100\n|-unboost|p2a: Barraskewda|def|1\n|-unboost|p2a: Barraskewda|spd|1\n|move|p2b: Manaphy|Ice Beam|p1b: Golemcita\n|-damage|p1b: Golemcita|9\/100\n|move|p1a: Jolyne|Aqua Step|p2a: Barraskewda\n|-resisted|p2a: Barraskewda\n|-damage|p2a: Barraskewda|0 fnt\n|-boost|p1a: Jolyne|spe|1\n|faint|p2a: Barraskewda\n|-ability|p1a: Jolyne|Moxie|boost\n|-boost|p1a: Jolyne|atk|1\n|move|p1b: Golemcita|Salt Cure|p2b: Manaphy\n|-damage|p2b: Manaphy|92\/100\n|-start|p2b: Manaphy|Salt Cure\n|\n|-weather|RainDance|[upkeep]\n|-heal|p1b: Golemcita|16\/100|[from] item: Leftovers\n|-damage|p2b: Manaphy|67\/100|[from] Salt Cure\n|-sideend|p2: juanEche|move: Tailwind\n|upkeep\n|turn|10\n|\n|t:|1700539650\n|move|p1a: Jolyne|Close Combat|p2b: Manaphy\n|-damage|p2b: Manaphy|0 fnt\n|-unboost|p1a: Jolyne|def|1\n|-unboost|p1a: Jolyne|spd|1\n|faint|p2b: Manaphy\n|\n|win|Martin80\n|raw|Martin80's rating: 1049 &rarr; <strong>1090<\/strong><br \/>(+41 for winning)\n|raw|juanEche's rating: 1137 &rarr; <strong>1106<\/strong><br \/>(-31 for losing)\n|c|\u2606juanEche|gg\n|l|\u2606juanEche\n|c|\u2606Martin80|gg ez\n|c|\u2606Martin80|lmao\n","uploadtime":1700539658,"views":3,"p1id":"martin80","p2id":"juaneche","formatid":"gen9doublesou","rating":1090,"private":0,"password":""}