{"id":"gen9doublesou-1969176849","p1":"trt001","p2":"markip009","format":"[Gen 9] Doubles OU","log":"|j|\u2606trt001\n|j|\u2606markip009\n|t:|1697497287\n|gametype|doubles\n|player|p1|trt001|riley|1364\n|player|p2|markip009|170|1363\n|teamsize|p1|6\n|teamsize|p2|6\n|gen|9\n|tier|[Gen 9] Doubles OU\n|rated|\n|rule|Species Clause: Limit one of each Pok\u00e9mon\n|rule|OHKO Clause: OHKO moves are banned\n|rule|Evasion Moves Clause: Evasion moves are banned\n|rule|Gravity Sleep Clause: The combination of sleep-inducing moves with imperfect accuracy and Gravity or Gigantamax Orbeetle are banned\n|rule|Endless Battle Clause: Forcing endless battles is banned\n|rule|HP Percentage Mod: HP is shown in percentages\n|clearpoke\n|poke|p1|Fezandipiti, M|\n|poke|p1|Gholdengo|\n|poke|p1|Chien-Pao|\n|poke|p1|Iron Bundle|\n|poke|p1|Landorus-Therian, M|\n|poke|p1|Samurott-Hisui, F|\n|poke|p2|Ninetales-Alola, F|\n|poke|p2|Landorus-Therian, M|\n|poke|p2|Ursaluna-Bloodmoon, M|\n|poke|p2|Ogerpon-Wellspring, F|\n|poke|p2|Iron Hands|\n|poke|p2|Clefairy, F|\n|teampreview\n|inactive|Battle timer is ON: inactive players will automatically lose when time's up. (requested by trt001)\n|inactive|markip009 has 120 seconds left.\n|inactive|markip009 has 90 seconds left.\n|\n|t:|1697497349\n|start\n|switch|p1a: Fezandipiti|Fezandipiti, M|100\/100\n|switch|p1b: Samurott|Samurott-Hisui, F|100\/100\n|switch|p2a: Ninetales|Ninetales-Alola, F, shiny|100\/100\n|switch|p2b: Ursaluna|Ursaluna-Bloodmoon, M|100\/100\n|-weather|Snow|[from] ability: Snow Warning|[of] p2a: Ninetales\n|turn|1\n|\n|t:|1697497359\n|-terastallize|p2b: Ursaluna|Poison\n|move|p2a: Ninetales|Protect|p2a: Ninetales\n|-singleturn|p2a: Ninetales|Protect\n|move|p1b: Samurott|Protect|p1b: Samurott\n|-singleturn|p1b: Samurott|Protect\n|move|p1a: Fezandipiti|Tailwind|p1a: Fezandipiti\n|-sidestart|p1: trt001|move: Tailwind\n|move|p2b: Ursaluna|Calm Mind|p2b: Ursaluna\n|-boost|p2b: Ursaluna|spa|1\n|-boost|p2b: Ursaluna|spd|1\n|\n|-weather|Snow|[upkeep]\n|upkeep\n|turn|2\n|\n|t:|1697497380\n|move|p1b: Samurott|Razor Shell|p2b: Ursaluna\n|-damage|p2b: Ursaluna|64\/100\n|-unboost|p2b: Ursaluna|def|1\n|move|p1a: Fezandipiti|Dazzling Gleam|p2b: Ursaluna|[spread] p2a,p2b\n|-resisted|p2b: Ursaluna\n|-damage|p2a: Ninetales|78\/100\n|-damage|p2b: Ursaluna|58\/100\n|move|p2a: Ninetales|Aurora Veil|p2a: Ninetales\n|-sidestart|p2: markip009|move: Aurora Veil\n|move|p2b: Ursaluna|Calm Mind|p2b: Ursaluna\n|-boost|p2b: Ursaluna|spa|1\n|-boost|p2b: Ursaluna|spd|1\n|\n|-weather|Snow|[upkeep]\n|upkeep\n|turn|3\n|\n|t:|1697497405\n|switch|p2a: Clefairy|Clefairy, F, shiny|100\/100\n|move|p1b: Samurott|Razor Shell|p2b: Ursaluna\n|-damage|p2b: Ursaluna|34\/100\n|-unboost|p2b: Ursaluna|def|1\n|move|p1a: Fezandipiti|Dazzling Gleam|p2b: Ursaluna|[spread] p2a,p2b\n|-resisted|p2b: Ursaluna\n|-damage|p2a: Clefairy|87\/100\n|-damage|p2b: Ursaluna|32\/100\n|move|p2b: Ursaluna|Blood Moon|p1b: Samurott\n|-enditem|p1b: Samurott|Focus Sash\n|-damage|p1b: Samurott|1\/100\n|-damage|p2b: Ursaluna|22\/100|[from] item: Life Orb\n|\n|-weather|Snow|[upkeep]\n|upkeep\n|turn|4\n|\n|t:|1697497429\n|move|p2a: Clefairy|Follow Me|p2a: Clefairy\n|-singleturn|p2a: Clefairy|move: Follow Me\n|move|p1b: Samurott|Razor Shell|p2a: Clefairy\n|-damage|p2a: Clefairy|59\/100\n|move|p1a: Fezandipiti|Icy Wind|p2b: Ursaluna|[spread] p2a,p2b\n|-damage|p2a: Clefairy|53\/100\n|-damage|p2b: Ursaluna|20\/100\n|-unboost|p2a: Clefairy|spe|1\n|-unboost|p2b: Ursaluna|spe|1\n|-status|p2a: Clefairy|tox|[from] ability: Toxic Chain|[of] p1a: Fezandipiti\n|move|p2b: Ursaluna|Earth Power|p1a: Fezandipiti\n|-supereffective|p1a: Fezandipiti\n|-damage|p1a: Fezandipiti|0 fnt\n|faint|p1a: Fezandipiti\n|-damage|p2b: Ursaluna|10\/100|[from] item: Life Orb\n|\n|-weather|Snow|[upkeep]\n|-damage|p2a: Clefairy|47\/100 tox|[from] psn\n|-sideend|p1: trt001|move: Tailwind\n|upkeep\n|inactive|trt001 has 120 seconds left.\n|\n|t:|1697497457\n|switch|p1a: Gholdengo|Gholdengo|100\/100\n|turn|5\n|\n|t:|1697497476\n|move|p2a: Clefairy|Follow Me|p2a: Clefairy\n|-singleturn|p2a: Clefairy|move: Follow Me\n|move|p1b: Samurott|Ceaseless Edge|p2a: Clefairy\n|-resisted|p2a: Clefairy\n|-crit|p2a: Clefairy\n|-damage|p2a: Clefairy|19\/100 tox\n|-sidestart|p2: markip009|Spikes\n|move|p1a: Gholdengo|Make It Rain|p2a: Clefairy|[spread] p2a,p2b\n|-supereffective|p2a: Clefairy\n|-damage|p2a: Clefairy|0 fnt\n|-damage|p2b: Ursaluna|0 fnt\n|-unboost|p1a: Gholdengo|spa|1\n|faint|p2a: Clefairy\n|faint|p2b: Ursaluna\n|\n|-weather|none\n|upkeep\n|inactive|markip009 has 120 seconds left.\n|\n|t:|1697497502\n|switch|p2b: Ninetales|Ninetales-Alola, F, shiny|78\/100\n|switch|p2a: Ogerpon|Ogerpon-Wellspring, F|100\/100\n|-damage|p2a: Ogerpon|88\/100|[from] Spikes\n|-damage|p2b: Ninetales|65\/100|[from] Spikes\n|-weather|Snow|[from] ability: Snow Warning|[of] p2b: Ninetales\n|turn|6\n|\n|t:|1697497516\n|move|p2a: Ogerpon|Ivy Cudgel|p1a: Gholdengo\n|-crit|p1a: Gholdengo\n|-damage|p1a: Gholdengo|4\/100\n|move|p2b: Ninetales|Chilling Water|p1b: Samurott\n|-resisted|p1b: Samurott\n|-damage|p1b: Samurott|0 fnt\n|faint|p1b: Samurott\n|move|p1a: Gholdengo|Make It Rain|p2b: Ninetales|[spread] p2a,p2b\n|-resisted|p2a: Ogerpon\n|-supereffective|p2b: Ninetales\n|-damage|p2a: Ogerpon|71\/100\n|-damage|p2b: Ninetales|0 fnt\n|-unboost|p1a: Gholdengo|spa|1\n|faint|p2b: Ninetales\n|\n|-weather|Snow|[upkeep]\n|upkeep\n|\n|t:|1697497528\n|switch|p2b: Iron Hands|Iron Hands, shiny|100\/100\n|switch|p1b: Iron Bundle|Iron Bundle|100\/100\n|-damage|p2b: Iron Hands|88\/100|[from] Spikes\n|turn|7\n|\n|t:|1697497539\n|switch|p1a: Landorus|Landorus-Therian, M|100\/100\n|-ability|p1a: Landorus|Intimidate|boost\n|-unboost|p2a: Ogerpon|atk|1\n|-unboost|p2b: Iron Hands|atk|1\n|move|p2a: Ogerpon|Spiky Shield|p2a: Ogerpon\n|-singleturn|p2a: Ogerpon|move: Protect\n|move|p1b: Iron Bundle|Freeze-Dry|p2a: Ogerpon\n|-activate|p2a: Ogerpon|move: Protect\n|move|p2b: Iron Hands|Wild Charge|p1b: Iron Bundle\n|-supereffective|p1b: Iron Bundle\n|-damage|p1b: Iron Bundle|46\/100\n|-damage|p2b: Iron Hands|81\/100|[from] Recoil\n|\n|-weather|Snow|[upkeep]\n|upkeep\n|turn|8\n|\n|t:|1697497557\n|move|p1b: Iron Bundle|Freeze-Dry|p2a: Ogerpon\n|-supereffective|p2a: Ogerpon\n|-damage|p2a: Ogerpon|0 fnt\n|faint|p2a: Ogerpon\n|move|p1a: Landorus|Stomping Tantrum|p2b: Iron Hands\n|-supereffective|p2b: Iron Hands\n|-damage|p2b: Iron Hands|46\/100\n|-enditem|p2b: Iron Hands|Sitrus Berry|[eat]\n|-heal|p2b: Iron Hands|71\/100|[from] item: Sitrus Berry\n|move|p2b: Iron Hands|Drain Punch|p1b: Iron Bundle\n|-supereffective|p1b: Iron Bundle\n|-damage|p1b: Iron Bundle|3\/100\n|-heal|p2b: Iron Hands|82\/100|[from] drain|[of] p1b: Iron Bundle\n|\n|-weather|Snow|[upkeep]\n|upkeep\n|\n|t:|1697497565\n|switch|p2a: Landorus|Landorus-Therian, M|100\/100\n|-ability|p2a: Landorus|Intimidate|boost\n|-unboost|p1a: Landorus|atk|1\n|-unboost|p1b: Iron Bundle|atk|1\n|turn|9\n|\n|t:|1697497578\n|switch|p1a: Gholdengo|Gholdengo|4\/100\n|move|p1b: Iron Bundle|Icy Wind|p2a: Landorus|[spread] p2a,p2b\n|-supereffective|p2a: Landorus\n|-crit|p2b: Iron Hands\n|-damage|p2a: Landorus|61\/100\n|-damage|p2b: Iron Hands|58\/100\n|-unboost|p2a: Landorus|spe|1\n|-unboost|p2b: Iron Hands|spe|1\n|move|p2a: Landorus|Rock Slide|p1b: Iron Bundle|[spread] p1a,p1b\n|-resisted|p1a: Gholdengo\n|-supereffective|p1b: Iron Bundle\n|-damage|p1a: Gholdengo|0 fnt\n|-damage|p1b: Iron Bundle|0 fnt\n|faint|p1a: Gholdengo\n|faint|p1b: Iron Bundle\n|-end|p1b: Iron Bundle|Quark Drive|[silent]\n|move|p2b: Iron Hands|Wild Charge|p1: Gholdengo|[notarget]\n|-fail|p2b: Iron Hands\n|\n|-weather|Snow|[upkeep]\n|-sideend|p2: markip009|move: Aurora Veil\n|upkeep\n|\n|t:|1697497586\n|switch|p1b: Landorus|Landorus-Therian, M|100\/100\n|switch|p1a: Chien-Pao|Chien-Pao|100\/100\n|-ability|p1a: Chien-Pao|Sword of Ruin\n|-ability|p1b: Landorus|Intimidate|boost\n|-unboost|p2a: Landorus|atk|1\n|-unboost|p2b: Iron Hands|atk|1\n|turn|10\n|\n|t:|1697497606\n|-terastallize|p1b: Landorus|Flying\n|move|p1a: Chien-Pao|Ice Spinner|p2b: Iron Hands\n|-damage|p2b: Iron Hands|20\/100\n|-damage|p1a: Chien-Pao|91\/100|[from] item: Life Orb\n|move|p1b: Landorus|Tera Blast|p2b: Iron Hands|[anim] Tera Blast Flying\n|-damage|p2b: Iron Hands|0 fnt\n|faint|p2b: Iron Hands\n|-end|p2b: Iron Hands|Quark Drive|[silent]\n|move|p2a: Landorus|Rock Slide|p1a: Chien-Pao|[spread] p1a,p1b\n|-supereffective|p1a: Chien-Pao\n|-supereffective|p1b: Landorus\n|-damage|p1a: Chien-Pao|63\/100\n|-damage|p1b: Landorus|64\/100\n|\n|-weather|none\n|upkeep\n|turn|11\n|\n|t:|1697497618\n|move|p1a: Chien-Pao|Ice Spinner|p2a: Landorus\n|-supereffective|p2a: Landorus\n|-damage|p2a: Landorus|0 fnt\n|faint|p2a: Landorus\n|-damage|p1a: Chien-Pao|53\/100|[from] item: Life Orb\n|\n|win|trt001\n|raw|trt001's rating: 1364 &rarr; <strong>1384<\/strong><br \/>(+20 for winning)\n|raw|markip009's rating: 1363 &rarr; <strong>1343<\/strong><br \/>(-20 for losing)\n","uploadtime":1697497623,"views":15,"p1id":"trt001","p2id":"markip009","formatid":"gen9doublesou","rating":1343,"private":0,"password":""}