{"id":"gen9doublesou-1993371841","p1":"defnotapenguin","p2":"alduin715","format":"[Gen 9] Doubles OU","log":"|j|\u2606defnotapenguin\n|j|\u2606alduin715\n|t:|1700307859\n|gametype|doubles\n|player|p1|defnotapenguin|265|1040\n|player|p2|alduin715|pokemonrangerf|1112\n|teamsize|p1|6\n|teamsize|p2|6\n|gen|9\n|tier|[Gen 9] Doubles OU\n|rated|\n|rule|Species Clause: Limit one of each Pok\u00e9mon\n|rule|OHKO Clause: OHKO moves are banned\n|rule|Evasion Moves Clause: Evasion moves are banned\n|rule|Gravity Sleep Clause: The combination of sleep-inducing moves with imperfect accuracy and Gravity or Gigantamax Orbeetle are banned\n|rule|Endless Battle Clause: Forcing endless battles is banned\n|rule|HP Percentage Mod: HP is shown in percentages\n|clearpoke\n|poke|p1|Amoonguss, M|\n|poke|p1|Flutter Mane|\n|poke|p1|Landorus-Therian, M|\n|poke|p1|Gholdengo|\n|poke|p1|Sinistcha-Masterpiece|\n|poke|p1|Chi-Yu|\n|poke|p2|Gastrodon, M|\n|poke|p2|Lumineon, F|\n|poke|p2|Vaporeon, F|\n|poke|p2|Thundurus-Therian, M|\n|poke|p2|Jolteon, M|\n|poke|p2|Kilowattrel, F|\n|teampreview\n|inactive|Battle timer is ON: inactive players will automatically lose when time's up. (requested by defnotapenguin)\n|\n|t:|1700307877\n|start\n|switch|p1a: No awake 4 u|Amoonguss, M|100\/100\n|switch|p1b: No pokemon 4 u|Flutter Mane|100\/100\n|switch|p2a: Thundurus|Thundurus-Therian, M|100\/100\n|switch|p2b: Jolteon|Jolteon, M|100\/100\n|-enditem|p1b: No pokemon 4 u|Booster Energy\n|-activate|p1b: No pokemon 4 u|ability: Protosynthesis|[fromitem]\n|-start|p1b: No pokemon 4 u|protosynthesisspe\n|turn|1\n|inactive|defnotapenguin has 120 seconds left.\n|\n|t:|1700307913\n|move|p1b: No pokemon 4 u|Dazzling Gleam|p2b: Jolteon|[spread] p2a,p2b\n|-damage|p2a: Thundurus|68\/100\n|-damage|p2b: Jolteon|68\/100\n|move|p2b: Jolteon|Yawn|p1a: No awake 4 u\n|-start|p1a: No awake 4 u|move: Yawn|[of] p2b: Jolteon\n|move|p2a: Thundurus|Discharge|p1b: No pokemon 4 u|[spread] p1a,p1b\n|-heal|p2b: Jolteon|93\/100|[from] ability: Volt Absorb|[of] p2a: Thundurus\n|-resisted|p1a: No awake 4 u\n|-crit|p1a: No awake 4 u\n|-damage|p1a: No awake 4 u|80\/100\n|-damage|p1b: No pokemon 4 u|69\/100\n|move|p1a: No awake 4 u|Spore|p2a: Thundurus\n|-status|p2a: Thundurus|slp|[from] move: Spore\n|\n|-heal|p2b: Jolteon|99\/100|[from] item: Leftovers\n|-heal|p2a: Thundurus|74\/100 slp|[from] item: Leftovers\n|upkeep\n|turn|2\n|inactive|defnotapenguin has 120 seconds left.\n|\n|t:|1700307940\n|switch|p1a: Sinistcha|Sinistcha-Masterpiece|100\/100\n|-heal|p1b: No pokemon 4 u|94\/100|[from] ability: Hospitality|[of] p1a: Sinistcha\n|move|p1b: No pokemon 4 u|Shadow Ball|p2b: Jolteon\n|-damage|p2b: Jolteon|55\/100\n|move|p2b: Jolteon|Discharge|p1a: Sinistcha|[spread] p1a,p1b\n|-heal|p2a: Thundurus|99\/100 slp|[from] ability: Volt Absorb|[of] p2b: Jolteon\n|-resisted|p1a: Sinistcha\n|-damage|p1a: Sinistcha|85\/100\n|-damage|p1b: No pokemon 4 u|70\/100\n|-status|p1a: Sinistcha|par\n|-status|p1b: No pokemon 4 u|par\n|cant|p2a: Thundurus|slp\n|\n|-heal|p2b: Jolteon|61\/100|[from] item: Leftovers\n|-heal|p2a: Thundurus|100\/100 slp|[from] item: Leftovers\n|upkeep\n|turn|3\n|inactive|defnotapenguin has 120 seconds left.\n|\n|t:|1700307976\n|move|p1b: No pokemon 4 u|Shadow Ball|p2b: Jolteon\n|-damage|p2b: Jolteon|17\/100\n|move|p2b: Jolteon|Discharge|p1a: Sinistcha|[spread] p1a,p1b\n|-immune|p2a: Thundurus|[from] ability: Volt Absorb\n|-resisted|p1a: Sinistcha\n|-damage|p1a: Sinistcha|70\/100 par\n|-damage|p1b: No pokemon 4 u|47\/100 par\n|cant|p2a: Thundurus|slp\n|cant|p1a: Sinistcha|par\n|\n|-heal|p2b: Jolteon|23\/100|[from] item: Leftovers\n|upkeep\n|turn|4\n|inactive|defnotapenguin has 120 seconds left.\n|\n|t:|1700307994\n|move|p1b: No pokemon 4 u|Shadow Ball|p2b: Jolteon\n|-damage|p2b: Jolteon|0 fnt\n|faint|p2b: Jolteon\n|-curestatus|p2a: Thundurus|slp|[msg]\n|move|p2a: Thundurus|Discharge|p1a: Sinistcha|[spread] p1a,p1b\n|-resisted|p1a: Sinistcha\n|-damage|p1a: Sinistcha|50\/100 par\n|-damage|p1b: No pokemon 4 u|14\/100 par\n|move|p1a: Sinistcha|Life Dew|p1a: Sinistcha|[spread] p1a,p1b\n|-heal|p1a: Sinistcha|75\/100 par\n|-heal|p1b: No pokemon 4 u|40\/100 par\n|\n|upkeep\n|\n|t:|1700308006\n|switch|p2b: Kilowattrel|Kilowattrel, F|100\/100\n|turn|5\n|\n|t:|1700308023\n|cant|p1b: No pokemon 4 u|par\n|move|p2b: Kilowattrel|Discharge|p1a: Sinistcha|[spread] p1a,p1b\n|-immune|p2a: Thundurus|[from] ability: Volt Absorb\n|-resisted|p1a: Sinistcha\n|-damage|p1a: Sinistcha|61\/100 par\n|-damage|p1b: No pokemon 4 u|13\/100 par\n|move|p2a: Thundurus|Discharge|p1b: No pokemon 4 u|[spread] p1a,p1b\n|-immune|p2b: Kilowattrel|[from] ability: Volt Absorb\n|-resisted|p1a: Sinistcha\n|-damage|p1a: Sinistcha|43\/100 par\n|-damage|p1b: No pokemon 4 u|0 fnt\n|faint|p1b: No pokemon 4 u\n|-end|p1b: No pokemon 4 u|Protosynthesis|[silent]\n|move|p1a: Sinistcha|Life Dew|p1a: Sinistcha\n|-heal|p1a: Sinistcha|68\/100 par\n|\n|upkeep\n|inactive|defnotapenguin has 120 seconds left.\n|\n|t:|1700308057\n|switch|p1b: Chi-Yu|Chi-Yu|100\/100\n|-ability|p1b: Chi-Yu|Beads of Ruin\n|turn|6\n|inactive|defnotapenguin has 120 seconds left.\n|\n|t:|1700308069\n|-terastallize|p1b: Chi-Yu|Fire\n|move|p1b: Chi-Yu|Heat Wave|p2a: Thundurus|[spread] p2a,p2b\n|-damage|p2a: Thundurus|0 fnt\n|-damage|p2b: Kilowattrel|0 fnt\n|faint|p2a: Thundurus\n|faint|p2b: Kilowattrel\n|cant|p1a: Sinistcha|par\n|\n|upkeep\n|\n|t:|1700308079\n|switch|p2b: Lumineon|Lumineon, F|100\/100\n|switch|p2a: Vaporeon|Vaporeon, F|100\/100\n|turn|7\n|\n|t:|1700308090\n|switch|p1b: No awake 4 u|Amoonguss, M|100\/100\n|move|p2b: Lumineon|Surf|p1a: Sinistcha|[spread] p1a,p1b\n|-immune|p2a: Vaporeon|[from] ability: Water Absorb\n|-resisted|p1a: Sinistcha\n|-resisted|p1b: No awake 4 u\n|-damage|p1a: Sinistcha|58\/100 par\n|-damage|p1b: No awake 4 u|93\/100\n|move|p2a: Vaporeon|Surf|p1b: No awake 4 u|[spread] p1a,p1b\n|-ability|p2b: Lumineon|Storm Drain|boost\n|-boost|p2b: Lumineon|spa|1\n|-resisted|p1a: Sinistcha\n|-resisted|p1b: No awake 4 u\n|-damage|p1a: Sinistcha|38\/100 par\n|-damage|p1b: No awake 4 u|78\/100\n|-damage|p2a: Vaporeon|91\/100|[from] item: Life Orb\n|move|p1a: Sinistcha|Matcha Gotcha|p2b: Lumineon|[spread] p2a\n|-miss|p1a: Sinistcha|p2b: Lumineon\n|-supereffective|p2a: Vaporeon\n|-damage|p2a: Vaporeon|40\/100\n|-heal|p1a: Sinistcha|72\/100 par|[from] drain|[of] p2a: Vaporeon\n|\n|upkeep\n|turn|8\n|\n|t:|1700308117\n|move|p2b: Lumineon|Surf|p1a: Sinistcha|[spread] p1a,p1b\n|-heal|p2a: Vaporeon|65\/100|[from] ability: Water Absorb|[of] p2b: Lumineon\n|-resisted|p1a: Sinistcha\n|-resisted|p1b: No awake 4 u\n|-damage|p1a: Sinistcha|54\/100 par\n|-damage|p1b: No awake 4 u|65\/100\n|move|p2a: Vaporeon|Yawn|p1b: No awake 4 u\n|-start|p1b: No awake 4 u|move: Yawn|[of] p2a: Vaporeon\n|move|p1b: No awake 4 u|Spore|p2b: Lumineon\n|-status|p2b: Lumineon|slp|[from] move: Spore\n|move|p1a: Sinistcha|Matcha Gotcha|p2a: Vaporeon|[spread] p2a,p2b\n|-supereffective|p2a: Vaporeon\n|-crit|p2a: Vaporeon\n|-supereffective|p2b: Lumineon\n|-damage|p2a: Vaporeon|0 fnt\n|-heal|p1a: Sinistcha|97\/100 par|[from] drain|[of] p2a: Vaporeon\n|-damage|p2b: Lumineon|37\/100 slp\n|-heal|p1a: Sinistcha|100\/100 par|[from] drain|[of] p2b: Lumineon\n|faint|p2a: Vaporeon\n|\n|-heal|p2b: Lumineon|43\/100 slp|[from] item: Leftovers\n|upkeep\n|inactive|alduin715 has 120 seconds left.\n|\n|t:|1700308136\n|switch|p2a: Gastrodon|Gastrodon, M|100\/100\n|turn|9\n|\n|t:|1700308155\n|switch|p1b: No support 4 u|Gholdengo|100\/100\n|cant|p2b: Lumineon|slp\n|move|p2a: Gastrodon|Surf|p1b: No support 4 u|[spread] p1a,p1b\n|-ability|p2b: Lumineon|Storm Drain|boost\n|-boost|p2b: Lumineon|spa|1\n|-resisted|p1a: Sinistcha\n|-crit|p1b: No support 4 u\n|-damage|p1a: Sinistcha|87\/100 par\n|-damage|p1b: No support 4 u|58\/100\n|cant|p1a: Sinistcha|par\n|\n|-heal|p2b: Lumineon|50\/100 slp|[from] item: Leftovers\n|upkeep\n|turn|10\n|\n|t:|1700308173\n|move|p1b: No support 4 u|Thunderbolt|p2b: Lumineon\n|-supereffective|p2b: Lumineon\n|-damage|p2b: Lumineon|0 fnt\n|faint|p2b: Lumineon\n|move|p2a: Gastrodon|Surf|p1a: Sinistcha|[spread] p1a,p1b\n|-resisted|p1a: Sinistcha\n|-crit|p1a: Sinistcha\n|-damage|p1a: Sinistcha|66\/100 par\n|-damage|p1b: No support 4 u|30\/100\n|move|p1a: Sinistcha|Matcha Gotcha|p2a: Gastrodon\n|-supereffective|p2a: Gastrodon\n|-damage|p2a: Gastrodon|0 fnt\n|-heal|p1a: Sinistcha|100\/100 par|[from] drain|[of] p2a: Gastrodon\n|faint|p2a: Gastrodon\n|\n|win|defnotapenguin\n|raw|defnotapenguin's rating: 1040 &rarr; <strong>1081<\/strong><br \/>(+41 for winning)\n|raw|alduin715's rating: 1112 &rarr; <strong>1082<\/strong><br \/>(-30 for losing)\n","uploadtime":1700308191,"views":10,"p1id":"defnotapenguin","p2id":"alduin715","formatid":"gen9doublesou","rating":1081,"private":0,"password":""}