{"id":"gen9doublesou-1990449557","p1":"pipo_tru14","p2":"10zolt","format":"[Gen 9] Doubles OU","log":"|j|\u2606pipo_tru14\n|j|\u260610zolt\n|t:|1699972059\n|gametype|doubles\n|player|p1|pipo_tru14|steven|1084\n|player|p2|10zolt|cilan|1146\n|teamsize|p1|6\n|teamsize|p2|6\n|gen|9\n|tier|[Gen 9] Doubles OU\n|rated|\n|rule|Species Clause: Limit one of each Pok\u00e9mon\n|rule|OHKO Clause: OHKO moves are banned\n|rule|Evasion Moves Clause: Evasion moves are banned\n|rule|Gravity Sleep Clause: The combination of sleep-inducing moves with imperfect accuracy and Gravity or Gigantamax Orbeetle are banned\n|rule|Endless Battle Clause: Forcing endless battles is banned\n|rule|HP Percentage Mod: HP is shown in percentages\n|clearpoke\n|poke|p1|Amoonguss, F|\n|poke|p1|Cresselia, F|\n|poke|p1|Toxapex, F|\n|poke|p1|Grimmsnarl, M|\n|poke|p1|Flutter Mane|\n|poke|p1|Garchomp, F|\n|poke|p2|Snorlax, M|\n|poke|p2|Iron Hands|\n|poke|p2|Landorus-Therian, M|\n|poke|p2|Sinistcha|\n|poke|p2|Clefairy, M|\n|poke|p2|Kommo-o, M|\n|teampreview\n|\n|t:|1699972070\n|start\n|switch|p1a: Cresselia|Cresselia, F, shiny|100\/100\n|switch|p1b: Flutter Mane|Flutter Mane|100\/100\n|switch|p2a: Cartman|Snorlax, M, shiny|100\/100\n|switch|p2b: Fella|Clefairy, M, shiny|100\/100\n|-enditem|p1b: Flutter Mane|Booster Energy\n|-activate|p1b: Flutter Mane|ability: Protosynthesis|[fromitem]\n|-start|p1b: Flutter Mane|protosynthesisspe\n|turn|1\n|\n|t:|1699972089\n|-end|p1b: Flutter Mane|Protosynthesis|[silent]\n|switch|p1b: Garchomp|Garchomp, F|100\/100\n|move|p2b: Fella|Follow Me|p2b: Fella\n|-singleturn|p2b: Fella|move: Follow Me\n|move|p1a: Cresselia|Safeguard|p1a: Cresselia\n|-sidestart|p1: pipo_tru14|Safeguard\n|move|p2a: Cartman|Belly Drum|p2a: Cartman\n|-damage|p2a: Cartman|50\/100\n|-setboost|p2a: Cartman|atk|6|[from] move: Belly Drum\n|-enditem|p2a: Cartman|Sitrus Berry|[eat]\n|-heal|p2a: Cartman|75\/100|[from] item: Sitrus Berry\n|\n|upkeep\n|turn|2\n|\n|t:|1699972111\n|-terastallize|p1b: Garchomp|Steel\n|move|p1a: Cresselia|Helping Hand|p1b: Garchomp\n|-singleturn|p1b: Garchomp|Helping Hand|[of] p1a: Cresselia\n|move|p2b: Fella|Follow Me|p2b: Fella\n|-singleturn|p2b: Fella|move: Follow Me\n|move|p1b: Garchomp|Iron Head|p2b: Fella\n|-supereffective|p2b: Fella\n|-damage|p2b: Fella|0 fnt\n|faint|p2b: Fella\n|-damage|p1b: Garchomp|91\/100|[from] item: Life Orb\n|move|p2a: Cartman|Facade|p1b: Garchomp\n|-resisted|p1b: Garchomp\n|-damage|p1b: Garchomp|28\/100\n|-damage|p2a: Cartman|63\/100|[from] ability: Rough Skin|[of] p1b: Garchomp\n|\n|upkeep\n|\n|t:|1699972128\n|switch|p2b: Bounty|Sinistcha|100\/100\n|-heal|p2a: Cartman|88\/100|[from] ability: Hospitality|[of] p2b: Bounty\n|turn|3\n|inactive|Battle timer is ON: inactive players will automatically lose when time's up. (requested by 10zolt)\n|\n|t:|1699972154\n|switch|p1b: Toxapex|Toxapex, F|100\/100\n|move|p2a: Cartman|Protect|p2a: Cartman\n|-singleturn|p2a: Cartman|Protect\n|move|p1a: Cresselia|Lunar Blessing||[still]|[spread] \n|-fail|p1a: Cresselia\n|move|p2b: Bounty|Trick Room|p2b: Bounty\n|-fieldstart|move: Trick Room|[of] p2b: Bounty\n|\n|upkeep\n|turn|4\n|\n|t:|1699972172\n|switch|p1a: Grimmsnarl|Grimmsnarl, M, shiny|100\/100\n|move|p1b: Toxapex|Baneful Bunker|p1b: Toxapex\n|-singleturn|p1b: Toxapex|move: Protect\n|move|p2a: Cartman|Facade|p1b: Toxapex\n|-activate|p1b: Toxapex|move: Protect\n|-status|p2a: Cartman|psn\n|move|p2b: Bounty|Matcha Gotcha|p1a: Grimmsnarl|[spread] p1a\n|-activate|p1b: Toxapex|move: Protect\n|-damage|p1a: Grimmsnarl|78\/100\n|\n|-damage|p2a: Cartman|76\/100 psn|[from] psn\n|upkeep\n|turn|5\n|\n|t:|1699972195\n|move|p1a: Grimmsnarl|Reflect|p1a: Grimmsnarl\n|-sidestart|p1: pipo_tru14|Reflect\n|move|p2a: Cartman|Facade|p1b: Toxapex\n|-damage|p1b: Toxapex|0 fnt\n|faint|p1b: Toxapex\n|move|p2b: Bounty|Matcha Gotcha|p1a: Grimmsnarl|[miss]\n|-miss|p2b: Bounty|p1a: Grimmsnarl\n|\n|-damage|p2a: Cartman|63\/100 psn|[from] psn\n|-sideend|p1: pipo_tru14|Safeguard\n|upkeep\n|\n|t:|1699972206\n|switch|p1b: Amoonguss|Amoonguss, F, shiny|100\/100\n|turn|6\n|\n|t:|1699972231\n|move|p1a: Grimmsnarl|Light Screen|p1a: Grimmsnarl\n|-sidestart|p1: pipo_tru14|move: Light Screen\n|move|p1b: Amoonguss|Toxic|p2b: Bounty\n|-status|p2b: Bounty|tox\n|move|p2a: Cartman|Facade|p1b: Amoonguss\n|-damage|p1b: Amoonguss|0 fnt\n|-damage|p2a: Cartman|47\/100 psn|[from] item: Rocky Helmet|[of] p1b: Amoonguss\n|faint|p1b: Amoonguss\n|move|p2b: Bounty|Matcha Gotcha|p1a: Grimmsnarl\n|-damage|p1a: Grimmsnarl|55\/100\n|-status|p1a: Grimmsnarl|brn\n|\n|-damage|p2a: Cartman|34\/100 psn|[from] psn\n|-damage|p2b: Bounty|94\/100 tox|[from] psn\n|-damage|p1a: Grimmsnarl|49\/100 brn|[from] brn\n|upkeep\n|inactive|pipo_tru14 has 120 seconds left.\n|\n|t:|1699972246\n|switch|p1b: Cresselia|Cresselia, F, shiny|100\/100\n|turn|7\n|\n|t:|1699972259\n|switch|p1a: Garchomp|Garchomp, F, tera:Steel|28\/100\n|move|p2a: Cartman|Facade|p1b: Cresselia\n|-damage|p1b: Cresselia|0 fnt\n|faint|p1b: Cresselia\n|move|p2b: Bounty|Matcha Gotcha|p1a: Garchomp\n|-resisted|p1a: Garchomp\n|-damage|p1a: Garchomp|16\/100\n|-heal|p2b: Bounty|100\/100 tox|[from] drain|[of] p1a: Garchomp\n|\n|-damage|p2a: Cartman|22\/100 psn|[from] psn\n|-damage|p2b: Bounty|88\/100 tox|[from] psn\n|-fieldend|move: Trick Room\n|upkeep\n|\n|t:|1699972272\n|switch|p1b: Flutter Mane|Flutter Mane|100\/100\n|turn|8\n|\n|t:|1699972287\n|move|p2b: Bounty|Rage Powder|p2b: Bounty\n|-singleturn|p2b: Bounty|move: Rage Powder\n|move|p1b: Flutter Mane|Moonblast|p2b: Bounty\n|-damage|p2b: Bounty|32\/100 tox\n|move|p1a: Garchomp|Rock Slide|p2b: Bounty|[spread] p2a,p2b\n|-damage|p2a: Cartman|0 fnt\n|-damage|p2b: Bounty|14\/100 tox\n|faint|p2a: Cartman\n|-damage|p1a: Garchomp|6\/100|[from] item: Life Orb\n|\n|-damage|p2b: Bounty|0 fnt|[from] psn\n|faint|p2b: Bounty\n|upkeep\n|\n|t:|1699972306\n|switch|p2b: Dawg|Landorus-Therian, M, shiny|100\/100\n|switch|p2a: Iron Fist|Iron Hands|100\/100\n|-ability|p2b: Dawg|Intimidate|boost\n|-unboost|p1a: Garchomp|atk|1\n|-unboost|p1b: Flutter Mane|atk|1\n|turn|9\n|\n|t:|1699972332\n|switch|p1a: Grimmsnarl|Grimmsnarl, M, shiny|49\/100 brn\n|move|p2a: Iron Fist|Fake Out|p1a: Grimmsnarl\n|-damage|p1a: Grimmsnarl|39\/100 brn\n|move|p2b: Dawg|Stomping Tantrum|p1b: Flutter Mane\n|-damage|p1b: Flutter Mane|43\/100\n|move|p1b: Flutter Mane|Moonblast|p2a: Iron Fist\n|-supereffective|p2a: Iron Fist\n|-damage|p2a: Iron Fist|39\/100\n|\n|-damage|p1a: Grimmsnarl|32\/100 brn|[from] brn\n|upkeep\n|turn|10\n|inactive|10zolt has 120 seconds left.\n|\n|t:|1699972365\n|move|p2b: Dawg|Stomping Tantrum|p1a: Grimmsnarl\n|-damage|p1a: Grimmsnarl|7\/100 brn\n|move|p1b: Flutter Mane|Shadow Ball|p2b: Dawg\n|-damage|p2b: Dawg|35\/100\n|move|p1a: Grimmsnarl|Spirit Break|p2a: Iron Fist\n|-supereffective|p2a: Iron Fist\n|-damage|p2a: Iron Fist|23\/100\n|-unboost|p2a: Iron Fist|spa|1\n|move|p2a: Iron Fist|Heavy Slam|p1b: Flutter Mane\n|-supereffective|p1b: Flutter Mane\n|-damage|p1b: Flutter Mane|0 fnt\n|faint|p1b: Flutter Mane\n|-end|p1b: Flutter Mane|Protosynthesis|[silent]\n|\n|-damage|p1a: Grimmsnarl|1\/100 brn|[from] brn\n|upkeep\n|inactive|pipo_tru14 has 120 seconds left.\n|\n|t:|1699972379\n|switch|p1b: Garchomp|Garchomp, F, tera:Steel|6\/100\n|turn|11\n|\n|t:|1699972393\n|move|p2b: Dawg|Stomping Tantrum|p1a: Grimmsnarl\n|-damage|p1a: Grimmsnarl|0 fnt\n|faint|p1a: Grimmsnarl\n|move|p1b: Garchomp|Rock Slide|p2a: Iron Fist|[spread] p2b\n|-miss|p1b: Garchomp|p2a: Iron Fist\n|-damage|p2b: Dawg|8\/100\n|-damage|p1b: Garchomp|0 fnt|[from] item: Life Orb\n|faint|p1b: Garchomp\n|\n|win|10zolt\n|raw|pipo_tru14's rating: 1084 &rarr; <strong>1065<\/strong><br \/>(-19 for losing)\n|raw|10zolt's rating: 1146 &rarr; <strong>1167<\/strong><br \/>(+21 for winning)\n","uploadtime":1699972405,"views":13,"p1id":"pipotru14","p2id":"10zolt","formatid":"gen9doublesou","rating":1065,"private":0,"password":""}