{"id":"gen9doublesou-1997064278","p1":"OPieceOfHeroGhost","p2":"Leon-98","format":"[Gen 9] Doubles OU","log":"|j|\u2606OPieceOfHeroGhost\n|j|\u2606Leon-98\n|t:|1700760898\n|gametype|doubles\n|player|p1|OPieceOfHeroGhost|morty|1483\n|player|p2|Leon-98|barry|1556\n|teamsize|p1|6\n|teamsize|p2|6\n|gen|9\n|tier|[Gen 9] Doubles OU\n|rated|\n|rule|Species Clause: Limit one of each Pok\u00e9mon\n|rule|OHKO Clause: OHKO moves are banned\n|rule|Evasion Moves Clause: Evasion moves are banned\n|rule|Gravity Sleep Clause: The combination of sleep-inducing moves with imperfect accuracy and Gravity or Gigantamax Orbeetle are banned\n|rule|Endless Battle Clause: Forcing endless battles is banned\n|rule|HP Percentage Mod: HP is shown in percentages\n|clearpoke\n|poke|p1|Tornadus, M|\n|poke|p1|Basculegion-F, F|\n|poke|p1|Ogerpon-Hearthflame, F|\n|poke|p1|Rillaboom, F|\n|poke|p1|Flutter Mane|\n|poke|p1|Chien-Pao|\n|poke|p2|Vaporeon, M|\n|poke|p2|Farigiraf, F|\n|poke|p2|Hariyama, M|\n|poke|p2|Amoonguss, F|\n|poke|p2|Tyranitar, M|\n|poke|p2|Garchomp, F|\n|teampreview\n|\n|t:|1700760912\n|start\n|switch|p1a: \u6069\u91cc\u514b\u2022\u666e\u5947|Tornadus, M|100\/100\n|switch|p1b: \u7ed9\u4f60\u6765\u4e2a\u5927\u6bd4\u6597|Rillaboom, F|100\/100\n|switch|p2a: Farigiraf|Farigiraf, F|100\/100\n|switch|p2b: Hariyama|Hariyama, M|100\/100\n|-fieldstart|move: Grassy Terrain|[from] ability: Grassy Surge|[of] p1b: \u7ed9\u4f60\u6765\u4e2a\u5927\u6bd4\u6597\n|turn|1\n|\n|t:|1700760929\n|move|p2b: Hariyama|Fake Out|p1b: \u7ed9\u4f60\u6765\u4e2a\u5927\u6bd4\u6597\n|-damage|p1b: \u7ed9\u4f60\u6765\u4e2a\u5927\u6bd4\u6597|87\/100\n|move|p1a: \u6069\u91cc\u514b\u2022\u666e\u5947|Bleakwind Storm|p2b: Hariyama|[spread] p2a\n|-miss|p1a: \u6069\u91cc\u514b\u2022\u666e\u5947|p2b: Hariyama\n|-damage|p2a: Farigiraf|67\/100\n|-unboost|p2a: Farigiraf|spe|1\n|cant|p1b: \u7ed9\u4f60\u6765\u4e2a\u5927\u6bd4\u6597|flinch\n|move|p2a: Farigiraf|Trick Room|p2a: Farigiraf\n|-fieldstart|move: Trick Room|[of] p2a: Farigiraf\n|\n|-heal|p2a: Farigiraf|73\/100|[from] Grassy Terrain\n|-heal|p1b: \u7ed9\u4f60\u6765\u4e2a\u5927\u6bd4\u6597|94\/100|[from] Grassy Terrain\n|-status|p2b: Hariyama|brn|[from] item: Flame Orb\n|upkeep\n|turn|2\n|\n|t:|1700760949\n|move|p2a: Farigiraf|Helping Hand|p2b: Hariyama\n|-singleturn|p2b: Hariyama|Helping Hand|[of] p2a: Farigiraf\n|move|p2b: Hariyama|Knock Off|p1a: \u6069\u91cc\u514b\u2022\u666e\u5947\n|-damage|p1a: \u6069\u91cc\u514b\u2022\u666e\u5947|23\/100\n|-damage|p2b: Hariyama|84\/100 brn|[from] item: Rocky Helmet|[of] p1a: \u6069\u91cc\u514b\u2022\u666e\u5947\n|-enditem|p1a: \u6069\u91cc\u514b\u2022\u666e\u5947|Rocky Helmet|[from] move: Knock Off|[of] p2b: Hariyama\n|move|p1b: \u7ed9\u4f60\u6765\u4e2a\u5927\u6bd4\u6597|U-turn|p2a: Farigiraf\n|-supereffective|p2a: Farigiraf\n|-damage|p2a: Farigiraf|21\/100\n|\n|t:|1700760966\n|switch|p1b: \u53d1\u59d0\u725b\u903c|Flutter Mane|100\/100|[from] U-turn\n|move|p1a: \u6069\u91cc\u514b\u2022\u666e\u5947|Bleakwind Storm|p2b: Hariyama|[spread] p2a,p2b\n|-supereffective|p2b: Hariyama\n|-damage|p2a: Farigiraf|0 fnt\n|-damage|p2b: Hariyama|20\/100 brn\n|-unboost|p2b: Hariyama|spe|1\n|faint|p2a: Farigiraf\n|\n|-heal|p2b: Hariyama|26\/100 brn|[from] Grassy Terrain\n|-damage|p2b: Hariyama|20\/100 brn|[from] brn\n|upkeep\n|\n|t:|1700760972\n|switch|p2a: Tyranitar|Tyranitar, M|100\/100\n|-weather|Sandstorm|[from] ability: Sand Stream|[of] p2a: Tyranitar\n|turn|3\n|\n|t:|1700760997\n|-end|p1b: \u53d1\u59d0\u725b\u903c|Protosynthesis|[silent]\n|switch|p1b: \u9ed1\u9c7c\u62ac\u68fa|Basculegion-F, F|100\/100\n|move|p1a: \u6069\u91cc\u514b\u2022\u666e\u5947|Rain Dance|p1a: \u6069\u91cc\u514b\u2022\u666e\u5947\n|-weather|RainDance\n|move|p2b: Hariyama|Knock Off|p1b: \u9ed1\u9c7c\u62ac\u68fa\n|-supereffective|p1b: \u9ed1\u9c7c\u62ac\u68fa\n|-damage|p1b: \u9ed1\u9c7c\u62ac\u68fa|0 fnt\n|-enditem|p1b: \u9ed1\u9c7c\u62ac\u68fa|Mystic Water|[from] move: Knock Off|[of] p2b: Hariyama\n|faint|p1b: \u9ed1\u9c7c\u62ac\u68fa\n|move|p2a: Tyranitar|Rock Slide|p1a: \u6069\u91cc\u514b\u2022\u666e\u5947\n|-supereffective|p1a: \u6069\u91cc\u514b\u2022\u666e\u5947\n|-damage|p1a: \u6069\u91cc\u514b\u2022\u666e\u5947|0 fnt\n|faint|p1a: \u6069\u91cc\u514b\u2022\u666e\u5947\n|-damage|p2a: Tyranitar|91\/100|[from] item: Life Orb\n|\n|-weather|RainDance|[upkeep]\n|-heal|p2b: Hariyama|26\/100 brn|[from] Grassy Terrain\n|-heal|p2a: Tyranitar|97\/100|[from] Grassy Terrain\n|-damage|p2b: Hariyama|20\/100 brn|[from] brn\n|upkeep\n|\n|t:|1700761014\n|switch|p1b: \u53d1\u59d0\u725b\u903c|Flutter Mane|100\/100\n|switch|p1a: \u7ed9\u4f60\u6765\u4e2a\u5927\u6bd4\u6597|Rillaboom, F|94\/100\n|turn|4\n|\n|t:|1700761034\n|switch|p2b: Amoonguss|Amoonguss, F|100\/100\n|move|p1a: \u7ed9\u4f60\u6765\u4e2a\u5927\u6bd4\u6597|Fake Out|p2b: Amoonguss\n|-damage|p2b: Amoonguss|86\/100\n|move|p2a: Tyranitar|Crunch|p1b: \u53d1\u59d0\u725b\u903c\n|-damage|p1b: \u53d1\u59d0\u725b\u903c|5\/100\n|-damage|p2a: Tyranitar|87\/100|[from] item: Life Orb\n|move|p1b: \u53d1\u59d0\u725b\u903c|Moonblast|p2a: Tyranitar\n|-supereffective|p2a: Tyranitar\n|-damage|p2a: Tyranitar|0 fnt\n|faint|p2a: Tyranitar\n|\n|-weather|RainDance|[upkeep]\n|-heal|p2b: Amoonguss|92\/100|[from] Grassy Terrain\n|-heal|p2b: Amoonguss|98\/100|[from] item: Leftovers\n|-heal|p1a: \u7ed9\u4f60\u6765\u4e2a\u5927\u6bd4\u6597|99\/100|[from] Grassy Terrain\n|-heal|p1b: \u53d1\u59d0\u725b\u903c|12\/100|[from] Grassy Terrain\n|upkeep\n|\n|t:|1700761044\n|switch|p2a: Hariyama|Hariyama, M|20\/100 brn\n|turn|5\n|\n|t:|1700761054\n|-end|p1b: \u53d1\u59d0\u725b\u903c|Protosynthesis|[silent]\n|switch|p1b: \u68d2\u6253NTR|Ogerpon-Hearthflame, F|100\/100\n|-ability|p1b: \u68d2\u6253NTR|Mold Breaker\n|move|p2b: Amoonguss|Energy Ball|p1b: \u68d2\u6253NTR\n|-resisted|p1b: \u68d2\u6253NTR\n|-crit|p1b: \u68d2\u6253NTR\n|-damage|p1b: \u68d2\u6253NTR|80\/100\n|move|p2a: Hariyama|Knock Off|p1a: \u7ed9\u4f60\u6765\u4e2a\u5927\u6bd4\u6597\n|-damage|p1a: \u7ed9\u4f60\u6765\u4e2a\u5927\u6bd4\u6597|48\/100\n|-enditem|p1a: \u7ed9\u4f60\u6765\u4e2a\u5927\u6bd4\u6597|Assault Vest|[from] move: Knock Off|[of] p2a: Hariyama\n|move|p1a: \u7ed9\u4f60\u6765\u4e2a\u5927\u6bd4\u6597|U-turn|p2a: Hariyama\n|-resisted|p2a: Hariyama\n|-damage|p2a: Hariyama|7\/100 brn\n|\n|t:|1700761069\n|switch|p1a: \u7406\u5858\u6d3b\u5b9d|Chien-Pao|100\/100|[from] U-turn\n|-ability|p1a: \u7406\u5858\u6d3b\u5b9d|Sword of Ruin\n|\n|-weather|RainDance|[upkeep]\n|-heal|p2b: Amoonguss|100\/100|[from] Grassy Terrain\n|-heal|p2a: Hariyama|13\/100 brn|[from] Grassy Terrain\n|-heal|p1b: \u68d2\u6253NTR|86\/100|[from] Grassy Terrain\n|-damage|p2a: Hariyama|7\/100 brn|[from] brn\n|-fieldend|move: Trick Room\n|-fieldend|move: Grassy Terrain\n|upkeep\n|turn|6\n|\n|t:|1700761087\n|-terastallize|p2b: Amoonguss|Fire\n|move|p2a: Hariyama|Bullet Punch|p1a: \u7406\u5858\u6d3b\u5b9d\n|-supereffective|p1a: \u7406\u5858\u6d3b\u5b9d\n|-damage|p1a: \u7406\u5858\u6d3b\u5b9d|39\/100\n|move|p1a: \u7406\u5858\u6d3b\u5b9d|Sacred Sword|p2a: Hariyama\n|-damage|p2a: Hariyama|0 fnt\n|faint|p2a: Hariyama\n|move|p1b: \u68d2\u6253NTR|Swords Dance|p1b: \u68d2\u6253NTR\n|-boost|p1b: \u68d2\u6253NTR|atk|2\n|move|p2b: Amoonguss|Pollen Puff|p1a: \u7406\u5858\u6d3b\u5b9d\n|-supereffective|p1a: \u7406\u5858\u6d3b\u5b9d\n|-damage|p1a: \u7406\u5858\u6d3b\u5b9d|0 fnt\n|faint|p1a: \u7406\u5858\u6d3b\u5b9d\n|\n|-weather|RainDance|[upkeep]\n|upkeep\n|\n|t:|1700761115\n|switch|p1a: \u7ed9\u4f60\u6765\u4e2a\u5927\u6bd4\u6597|Rillaboom, F|48\/100\n|switch|p2a: Garchomp|Garchomp, F|100\/100\n|-fieldstart|move: Grassy Terrain|[from] ability: Grassy Surge|[of] p1a: \u7ed9\u4f60\u6765\u4e2a\u5927\u6bd4\u6597\n|turn|7\n|\n|t:|1700761133\n|move|p1a: \u7ed9\u4f60\u6765\u4e2a\u5927\u6bd4\u6597|Fake Out|p2a: Garchomp\n|-damage|p2a: Garchomp|86\/100\n|move|p1b: \u68d2\u6253NTR|Swords Dance|p1b: \u68d2\u6253NTR\n|-boost|p1b: \u68d2\u6253NTR|atk|2\n|cant|p2a: Garchomp|flinch\n|move|p2b: Amoonguss|Pollen Puff|p1a: \u7ed9\u4f60\u6765\u4e2a\u5927\u6bd4\u6597\n|-supereffective|p1a: \u7ed9\u4f60\u6765\u4e2a\u5927\u6bd4\u6597\n|-damage|p1a: \u7ed9\u4f60\u6765\u4e2a\u5927\u6bd4\u6597|0 fnt\n|faint|p1a: \u7ed9\u4f60\u6765\u4e2a\u5927\u6bd4\u6597\n|\n|-weather|none\n|-heal|p1b: \u68d2\u6253NTR|92\/100|[from] Grassy Terrain\n|-heal|p2a: Garchomp|92\/100|[from] Grassy Terrain\n|upkeep\n|\n|t:|1700761144\n|switch|p1a: \u53d1\u59d0\u725b\u903c|Flutter Mane|12\/100\n|turn|8\n|\n|t:|1700761170\n|move|p2b: Amoonguss|Rage Powder|p2b: Amoonguss\n|-singleturn|p2b: Amoonguss|move: Rage Powder\n|move|p1b: \u68d2\u6253NTR|Grassy Glide|p2a: Garchomp\n|-damage|p2a: Garchomp|0 fnt\n|faint|p2a: Garchomp\n|move|p1a: \u53d1\u59d0\u725b\u903c|Shadow Ball|p2b: Amoonguss\n|-damage|p2b: Amoonguss|46\/100\n|\n|-heal|p1a: \u53d1\u59d0\u725b\u903c|18\/100|[from] Grassy Terrain\n|-heal|p1b: \u68d2\u6253NTR|98\/100|[from] Grassy Terrain\n|-heal|p2b: Amoonguss|53\/100|[from] Grassy Terrain\n|-heal|p2b: Amoonguss|59\/100|[from] item: Leftovers\n|upkeep\n|\n|t:|1700761176\n|switch|p2a: Vaporeon|Vaporeon, M|100\/100\n|turn|9\n|\n|t:|1700761186\n|move|p1b: \u68d2\u6253NTR|Grassy Glide|p2a: Vaporeon\n|-supereffective|p2a: Vaporeon\n|-damage|p2a: Vaporeon|0 fnt\n|faint|p2a: Vaporeon\n|move|p1a: \u53d1\u59d0\u725b\u903c|Shadow Ball|p2b: Amoonguss\n|-damage|p2b: Amoonguss|2\/100\n|move|p2b: Amoonguss|Energy Ball|p1a: \u53d1\u59d0\u725b\u903c\n|-damage|p1a: \u53d1\u59d0\u725b\u903c|0 fnt\n|faint|p1a: \u53d1\u59d0\u725b\u903c\n|-end|p1a: \u53d1\u59d0\u725b\u903c|Protosynthesis|[silent]\n|\n|-heal|p1b: \u68d2\u6253NTR|100\/100|[from] Grassy Terrain\n|-heal|p2b: Amoonguss|8\/100|[from] Grassy Terrain\n|-heal|p2b: Amoonguss|14\/100|[from] item: Leftovers\n|upkeep\n|turn|10\n|\n|t:|1700761195\n|move|p1b: \u68d2\u6253NTR|Ivy Cudgel|p2b: Amoonguss|[anim] Ivy Cudgel Fire\n|-resisted|p2b: Amoonguss\n|-crit|p2b: Amoonguss\n|-damage|p2b: Amoonguss|0 fnt\n|faint|p2b: Amoonguss\n|\n|win|OPieceOfHeroGhost\n|raw|OPieceOfHeroGhost's rating: 1483 &rarr; <strong>1507<\/strong><br \/>(+24 for winning)\n|raw|Leon-98's rating: 1556 &rarr; <strong>1532<\/strong><br \/>(-24 for losing)\n|c|\u2606Leon-98|Gg\n|l|\u2606Leon-98\n|c|\u2606OPieceOfHeroGhost|thank\n","uploadtime":1700761199,"views":9,"p1id":"opieceofheroghost","p2id":"leon98","formatid":"gen9doublesou","rating":1507,"private":0,"password":""}