{"id":"gen9doublesou-1990858572","p1":"pegasusilios119","p2":"Absolitary37","format":"[Gen 9] Doubles OU","log":"|j|\u2606pegasusilios119\n|j|\u2606Absolitary37\n|t:|1700008360\n|gametype|doubles\n|player|p1|pegasusilios119|skierf-gen4dp|1098\n|player|p2|Absolitary37|ghetsis-gen5bw|1186\n|teamsize|p1|6\n|teamsize|p2|6\n|gen|9\n|tier|[Gen 9] Doubles OU\n|rated|\n|rule|Species Clause: Limit one of each Pok\u00e9mon\n|rule|OHKO Clause: OHKO moves are banned\n|rule|Evasion Moves Clause: Evasion moves are banned\n|rule|Gravity Sleep Clause: The combination of sleep-inducing moves with imperfect accuracy and Gravity or Gigantamax Orbeetle are banned\n|rule|Endless Battle Clause: Forcing endless battles is banned\n|rule|HP Percentage Mod: HP is shown in percentages\n|clearpoke\n|poke|p1|Tornadus, M|\n|poke|p1|Flutter Mane|\n|poke|p1|Typhlosion-Hisui, F|\n|poke|p1|Cresselia, F|\n|poke|p1|Heatran, F|\n|poke|p1|Roaring Moon|\n|poke|p2|Ogerpon-Hearthflame, F|\n|poke|p2|Sinistcha|\n|poke|p2|Ninetales-Alola, F|\n|poke|p2|Pawmot, F|\n|poke|p2|Gholdengo|\n|poke|p2|Masquerain, M|\n|teampreview\n|inactive|Battle timer is ON: inactive players will automatically lose when time's up. (requested by pegasusilios119)\n|c|\u2606Absolitary37|Glhf\n|c|\u2606pegasusilios119|glhf\n|\n|t:|1700008383\n|start\n|switch|p1a: Tornadus|Tornadus, M|100\/100\n|switch|p1b: Typhlosion|Typhlosion-Hisui, F|100\/100\n|switch|p2a: Ninetales|Ninetales-Alola, F|100\/100\n|switch|p2b: Masquerain|Masquerain, M|100\/100\n|-weather|Snow|[from] ability: Snow Warning|[of] p2a: Ninetales\n|-item|p2a: Ninetales|Light Clay|[from] ability: Frisk|[of] p1b: Typhlosion|[identify]\n|-item|p2b: Masquerain|Focus Sash|[from] ability: Frisk|[of] p1b: Typhlosion|[identify]\n|-ability|p2b: Masquerain|Intimidate|boost\n|-unboost|p1a: Tornadus|atk|1\n|-unboost|p1b: Typhlosion|atk|1\n|turn|1\n|\n|t:|1700008395\n|move|p1b: Typhlosion|Protect|p1b: Typhlosion\n|-singleturn|p1b: Typhlosion|Protect\n|move|p1a: Tornadus|Sunny Day|p1a: Tornadus\n|-weather|SunnyDay\n|move|p2a: Ninetales|Aurora Veil||[still]\n|-fail|p2a: Ninetales\n|move|p2b: Masquerain|Tailwind|p2b: Masquerain\n|-sidestart|p2: Absolitary37|move: Tailwind\n|\n|-weather|SunnyDay|[upkeep]\n|upkeep\n|turn|2\n|\n|t:|1700008416\n|move|p1a: Tornadus|Tailwind|p1a: Tornadus\n|-sidestart|p1: pegasusilios119|move: Tailwind\n|move|p2a: Ninetales|Encore|p1b: Typhlosion\n|-start|p1b: Typhlosion|Encore\n|move|p1b: Typhlosion|Protect|p1b: Typhlosion\n|-singleturn|p1b: Typhlosion|Protect\n|move|p2b: Masquerain|Blizzard|p1a: Tornadus|[spread] p1a\n|-activate|p1b: Typhlosion|move: Protect\n|-supereffective|p1a: Tornadus\n|-damage|p1a: Tornadus|45\/100\n|\n|-weather|SunnyDay|[upkeep]\n|upkeep\n|turn|3\n|c|\u2606pegasusilios119|ooooh double prot\n|inactive|pegasusilios119 has 120 seconds left.\n|c|\u2606Absolitary37|Cool\n|\n|t:|1700008457\n|switch|p2a: Ogerpon|Ogerpon-Hearthflame, F|100\/100\n|-ability|p2a: Ogerpon|Mold Breaker\n|switch|p1b: Heatran|Heatran, F|100\/100\n|move|p1a: Tornadus|Bleakwind Storm|p2a: Ogerpon|[spread] p2a,p2b\n|-supereffective|p2a: Ogerpon\n|-supereffective|p2b: Masquerain\n|-damage|p2a: Ogerpon|16\/100\n|-enditem|p2b: Masquerain|Focus Sash\n|-damage|p2b: Masquerain|1\/100\n|-unboost|p2a: Ogerpon|spe|1\n|-unboost|p2b: Masquerain|spe|1\n|move|p2b: Masquerain|Blizzard|p1b: Heatran|[spread] p1a,p1b\n|-supereffective|p1a: Tornadus\n|-resisted|p1b: Heatran\n|-damage|p1a: Tornadus|0 fnt\n|-damage|p1b: Heatran|95\/100\n|faint|p1a: Tornadus\n|\n|-weather|SunnyDay|[upkeep]\n|upkeep\n|\n|t:|1700008470\n|switch|p1a: Flutter Mane|Flutter Mane|100\/100\n|-activate|p1a: Flutter Mane|ability: Protosynthesis\n|-start|p1a: Flutter Mane|protosynthesisspa\n|turn|4\n|\n|t:|1700008485\n|switch|p1b: Cresselia|Cresselia, F|100\/100\n|move|p1a: Flutter Mane|Dazzling Gleam|p2a: Ogerpon|[spread] p2a,p2b\n|-resisted|p2a: Ogerpon\n|-damage|p2a: Ogerpon|0 fnt\n|-damage|p2b: Masquerain|0 fnt\n|faint|p2a: Ogerpon\n|faint|p2b: Masquerain\n|\n|-weather|SunnyDay|[upkeep]\n|-sideend|p2: Absolitary37|move: Tailwind\n|upkeep\n|\n|t:|1700008492\n|switch|p2a: Ninetales|Ninetales-Alola, F|100\/100\n|switch|p2b: Gholdengo|Gholdengo|100\/100\n|-weather|Snow|[from] ability: Snow Warning|[of] p2a: Ninetales\n|-end|p1a: Flutter Mane|Protosynthesis\n|turn|5\n|inactive|pegasusilios119 has 120 seconds left.\n|\n|t:|1700008524\n|move|p1a: Flutter Mane|Taunt|p2a: Ninetales\n|-start|p2a: Ninetales|move: Taunt\n|move|p2b: Gholdengo|Make It Rain|p1a: Flutter Mane|[spread] p1a,p1b\n|-supereffective|p1a: Flutter Mane\n|-enditem|p1a: Flutter Mane|Focus Sash\n|-damage|p1a: Flutter Mane|1\/100\n|-damage|p1b: Cresselia|76\/100\n|-unboost|p2b: Gholdengo|spa|1\n|move|p1b: Cresselia|Lunar Blessing|p1b: Cresselia|[spread] p1a,p1b\n|-heal|p1a: Flutter Mane|26\/100\n|-heal|p1b: Cresselia|100\/100\n|cant|p2a: Ninetales|move: Taunt|Aurora Veil\n|\n|-weather|Snow|[upkeep]\n|-sideend|p1: pegasusilios119|move: Tailwind\n|upkeep\n|turn|6\n|\n|t:|1700008539\n|move|p1b: Cresselia|Ally Switch|p1b: Cresselia\n|swap|p1b: Cresselia|0|[from] move: Ally Switch\n|move|p2b: Gholdengo|Make It Rain|p1b: Flutter Mane|[spread] p1a,p1b\n|-supereffective|p1b: Flutter Mane\n|-damage|p1a: Cresselia|86\/100\n|-damage|p1b: Flutter Mane|0 fnt\n|-unboost|p2b: Gholdengo|spa|1\n|faint|p1b: Flutter Mane\n|-end|p1b: Flutter Mane|Protosynthesis|[silent]\n|move|p2a: Ninetales|Blizzard|p1a: Cresselia\n|-damage|p1a: Cresselia|66\/100\n|\n|-weather|Snow|[upkeep]\n|-heal|p1a: Cresselia|73\/100|[from] item: Leftovers\n|upkeep\n|c|\u2606pegasusilios119|scarf cringe\n|\n|t:|1700008550\n|switch|p1b: Typhlosion|Typhlosion-Hisui, F|100\/100\n|-item|p2a: Ninetales|Light Clay|[from] ability: Frisk|[of] p1b: Typhlosion|[identify]\n|-item|p2b: Gholdengo|Choice Scarf|[from] ability: Frisk|[of] p1b: Typhlosion|[identify]\n|turn|7\n|\n|t:|1700008574\n|switch|p2b: Sinistcha|Sinistcha|100\/100\n|move|p1b: Typhlosion|Protect|p1b: Typhlosion\n|-singleturn|p1b: Typhlosion|Protect\n|move|p2a: Ninetales|Blizzard|p1b: Typhlosion|[spread] p1a\n|-activate|p1b: Typhlosion|move: Protect\n|-damage|p1a: Cresselia|58\/100\n|move|p1a: Cresselia|Psyshock|p2a: Ninetales\n|-damage|p2a: Ninetales|78\/100\n|\n|-weather|Snow|[upkeep]\n|-heal|p1a: Cresselia|64\/100|[from] item: Leftovers\n|-end|p2a: Ninetales|move: Taunt\n|upkeep\n|turn|8\n|\n|t:|1700008599\n|-terastallize|p1b: Typhlosion|Fire\n|move|p1a: Cresselia|Helping Hand|p1b: Typhlosion\n|-singleturn|p1b: Typhlosion|Helping Hand|[of] p1a: Cresselia\n|move|p2b: Sinistcha|Rage Powder|p2b: Sinistcha\n|-singleturn|p2b: Sinistcha|move: Rage Powder\n|move|p2a: Ninetales|Aurora Veil|p2a: Ninetales\n|-sidestart|p2: Absolitary37|move: Aurora Veil\n|move|p1b: Typhlosion|Heat Wave|p2a: Ninetales|[spread] p2a,p2b\n|-supereffective|p2a: Ninetales\n|-supereffective|p2b: Sinistcha\n|-damage|p2a: Ninetales|0 fnt\n|-damage|p2b: Sinistcha|0 fnt\n|faint|p2a: Ninetales\n|faint|p2b: Sinistcha\n|\n|-weather|Snow|[upkeep]\n|-heal|p1a: Cresselia|71\/100|[from] item: Leftovers\n|upkeep\n|\n|t:|1700008609\n|switch|p2a: Pawmot|Pawmot, F|100\/100\n|switch|p2b: Gholdengo|Gholdengo|100\/100\n|turn|9\n|\n|t:|1700008617\n|move|p1a: Cresselia|Helping Hand|p1b: Typhlosion\n|-singleturn|p1b: Typhlosion|Helping Hand|[of] p1a: Cresselia\n|move|p2b: Gholdengo|Shadow Ball|p1b: Typhlosion\n|-damage|p1b: Typhlosion|47\/100\n|-unboost|p1b: Typhlosion|spd|1\n|move|p2a: Pawmot|Revival Blessing|p2a: Pawmot\n|-enditem|p2a: Pawmot|Leppa Berry|[eat]\n|-activate|p2a: Pawmot|item: Leppa Berry|Revival Blessing|[consumed]\n|\n|t:|1700008620\n|-heal|p2: Ogerpon|50\/100|[from] move: Revival Blessing\n|move|p1b: Typhlosion|Heat Wave|p2a: Pawmot|[spread] p2a,p2b\n|-supereffective|p2b: Gholdengo\n|-damage|p2a: Pawmot|0 fnt\n|-damage|p2b: Gholdengo|0 fnt\n|faint|p2a: Pawmot\n|faint|p2b: Gholdengo\n|\n|-weather|none\n|-heal|p1a: Cresselia|77\/100|[from] item: Leftovers\n|upkeep\n|\n|t:|1700008623\n|switch|p2a: Ogerpon|Ogerpon-Hearthflame, F|50\/100\n|-ability|p2a: Ogerpon|Mold Breaker\n|turn|10\n|c|\u2606Absolitary37|Gg\n|-message|Absolitary37 forfeited.\n|\n|win|pegasusilios119\n|raw|pegasusilios119's rating: 1098 &rarr; <strong>1130<\/strong><br \/>(+32 for winning)\n|raw|Absolitary37's rating: 1186 &rarr; <strong>1155<\/strong><br \/>(-31 for losing)\n|l|\u2606Absolitary37\n","uploadtime":1700008643,"views":19,"p1id":"pegasusilios119","p2id":"absolitary37","formatid":"gen9doublesou","rating":1130,"private":0,"password":""}