{"id":"gen9doublesou-1990955644","p1":"StWr08","p2":"Kondroid","format":"[Gen 9] Doubles OU","log":"|j|\u2606StWr08\n|j|\u2606Kondroid\n|t:|1700019466\n|gametype|doubles\n|player|p1|StWr08|266|1114\n|player|p2|Kondroid|hilbert-wonderlauncher|1199\n|teamsize|p1|6\n|teamsize|p2|6\n|gen|9\n|tier|[Gen 9] Doubles OU\n|rated|\n|rule|Species Clause: Limit one of each Pok\u00e9mon\n|rule|OHKO Clause: OHKO moves are banned\n|rule|Evasion Moves Clause: Evasion moves are banned\n|rule|Gravity Sleep Clause: The combination of sleep-inducing moves with imperfect accuracy and Gravity or Gigantamax Orbeetle are banned\n|rule|Endless Battle Clause: Forcing endless battles is banned\n|rule|HP Percentage Mod: HP is shown in percentages\n|clearpoke\n|poke|p1|Sinistcha|\n|poke|p1|Iron Hands|\n|poke|p1|Empoleon, F|\n|poke|p1|Tornadus, M|\n|poke|p1|Ninetales-Alola, F|\n|poke|p1|Roaring Moon|\n|poke|p2|Baxcalibur, M|\n|poke|p2|Ninetales-Alola, F|\n|poke|p2|Sinistcha|\n|poke|p2|Goodra-Hisui, F|\n|poke|p2|Zapdos|\n|poke|p2|Ogerpon-Hearthflame, F|\n|teampreview\n|\n|t:|1700019483\n|start\n|switch|p1a: Iron Hands|Iron Hands, shiny|100\/100\n|switch|p1b: Roaring Moon|Roaring Moon|100\/100\n|switch|p2a: Ninetales|Ninetales-Alola, F|100\/100\n|switch|p2b: Baxcalibur|Baxcalibur, M|100\/100\n|-weather|Snow|[from] ability: Snow Warning|[of] p2a: Ninetales\n|-enditem|p1b: Roaring Moon|Booster Energy\n|-activate|p1b: Roaring Moon|ability: Protosynthesis|[fromitem]\n|-start|p1b: Roaring Moon|protosynthesisspe\n|turn|1\n|\n|t:|1700019538\n|switch|p2a: Sinistcha|Sinistcha|100\/100\n|-terastallize|p1b: Roaring Moon|Steel\n|-terastallize|p2b: Baxcalibur|Ice\n|move|p1a: Iron Hands|Fake Out|p2a: Sinistcha\n|-immune|p2a: Sinistcha\n|move|p1b: Roaring Moon|Acrobatics|p2b: Baxcalibur\n|-damage|p2b: Baxcalibur|73\/100\n|move|p2b: Baxcalibur|Icicle Spear|p1b: Roaring Moon\n|-resisted|p1b: Roaring Moon\n|-damage|p1b: Roaring Moon|88\/100\n|-resisted|p1b: Roaring Moon\n|-damage|p1b: Roaring Moon|74\/100\n|-resisted|p1b: Roaring Moon\n|-damage|p1b: Roaring Moon|60\/100\n|-resisted|p1b: Roaring Moon\n|-damage|p1b: Roaring Moon|47\/100\n|-resisted|p1b: Roaring Moon\n|-damage|p1b: Roaring Moon|34\/100\n|-hitcount|p1b: Roaring Moon|5\n|\n|-weather|Snow|[upkeep]\n|-heal|p2b: Baxcalibur|79\/100|[from] ability: Ice Body\n|upkeep\n|turn|2\n|\n|t:|1700019571\n|move|p2a: Sinistcha|Rage Powder|p2a: Sinistcha\n|-singleturn|p2a: Sinistcha|move: Rage Powder\n|move|p1b: Roaring Moon|Acrobatics|p2a: Sinistcha\n|-supereffective|p2a: Sinistcha\n|-damage|p2a: Sinistcha|32\/100\n|move|p2b: Baxcalibur|Scale Shot|p1b: Roaring Moon\n|-resisted|p1b: Roaring Moon\n|-damage|p1b: Roaring Moon|25\/100\n|-resisted|p1b: Roaring Moon\n|-damage|p1b: Roaring Moon|16\/100\n|-resisted|p1b: Roaring Moon\n|-damage|p1b: Roaring Moon|6\/100\n|-resisted|p1b: Roaring Moon\n|-damage|p1b: Roaring Moon|0 fnt\n|faint|p1b: Roaring Moon\n|-end|p1b: Roaring Moon|Protosynthesis|[silent]\n|-hitcount|p1: Roaring Moon|4\n|-unboost|p2b: Baxcalibur|def|1\n|-boost|p2b: Baxcalibur|spe|1\n|move|p1a: Iron Hands|Drain Punch|p2a: Sinistcha\n|-immune|p2a: Sinistcha\n|\n|-weather|Snow|[upkeep]\n|-heal|p2b: Baxcalibur|85\/100|[from] ability: Ice Body\n|-heal|p2a: Sinistcha|38\/100|[from] item: Leftovers\n|upkeep\n|\n|t:|1700019599\n|switch|p1b: Ninetales|Ninetales-Alola, F, shiny|100\/100\n|turn|3\n|\n|t:|1700019621\n|-end|p1a: Iron Hands|Quark Drive|[silent]\n|switch|p1a: Empoleon|Empoleon, F|100\/100\n|move|p2b: Baxcalibur|Icicle Spear|p1b: Ninetales\n|-resisted|p1b: Ninetales\n|-damage|p1b: Ninetales|89\/100\n|-resisted|p1b: Ninetales\n|-damage|p1b: Ninetales|78\/100\n|-resisted|p1b: Ninetales\n|-damage|p1b: Ninetales|67\/100\n|-resisted|p1b: Ninetales\n|-damage|p1b: Ninetales|56\/100\n|-hitcount|p1b: Ninetales|4\n|move|p1b: Ninetales|Aurora Veil|p1b: Ninetales\n|-sidestart|p1: StWr08|move: Aurora Veil\n|move|p2a: Sinistcha|Matcha Gotcha|p1b: Ninetales|[spread] p1a,p1b\n|-damage|p1a: Empoleon|77\/100\n|-heal|p2a: Sinistcha|49\/100|[from] drain|[of] p1a: Empoleon\n|-damage|p1b: Ninetales|29\/100\n|-heal|p2a: Sinistcha|60\/100|[from] drain|[of] p1b: Ninetales\n|\n|-weather|Snow|[upkeep]\n|-heal|p2b: Baxcalibur|92\/100|[from] ability: Ice Body\n|-heal|p2a: Sinistcha|66\/100|[from] item: Leftovers\n|upkeep\n|turn|4\n|\n|t:|1700019654\n|switch|p2a: Ninetales|Ninetales-Alola, F|100\/100\n|move|p2b: Baxcalibur|Protect|p2b: Baxcalibur\n|-singleturn|p2b: Baxcalibur|Protect\n|move|p1b: Ninetales|Blizzard|p2b: Baxcalibur|[spread] p2a\n|-activate|p2b: Baxcalibur|move: Protect\n|-resisted|p2a: Ninetales\n|-damage|p2a: Ninetales|83\/100\n|move|p1a: Empoleon|Yawn|p2b: Baxcalibur\n|-activate|p2b: Baxcalibur|move: Protect\n|\n|-weather|Snow|[upkeep]\n|-heal|p2b: Baxcalibur|98\/100|[from] ability: Ice Body\n|upkeep\n|turn|5\n|\n|t:|1700019695\n|move|p2b: Baxcalibur|Icicle Spear|p1a: Empoleon\n|-resisted|p1a: Empoleon\n|-damage|p1a: Empoleon|73\/100\n|-resisted|p1a: Empoleon\n|-damage|p1a: Empoleon|68\/100\n|-resisted|p1a: Empoleon\n|-damage|p1a: Empoleon|64\/100\n|-resisted|p1a: Empoleon\n|-damage|p1a: Empoleon|60\/100\n|-hitcount|p1a: Empoleon|4\n|move|p2a: Ninetales|Blizzard|p1b: Ninetales|[spread] p1a,p1b\n|-resisted|p1a: Empoleon\n|-resisted|p1b: Ninetales\n|-damage|p1a: Empoleon|54\/100\n|-damage|p1b: Ninetales|17\/100\n|move|p1b: Ninetales|Moonblast|p2b: Baxcalibur\n|-damage|p2b: Baxcalibur|60\/100\n|move|p1a: Empoleon|Yawn|p2b: Baxcalibur\n|-start|p2b: Baxcalibur|move: Yawn|[of] p1a: Empoleon\n|\n|-weather|Snow|[upkeep]\n|-heal|p2b: Baxcalibur|66\/100|[from] ability: Ice Body\n|upkeep\n|turn|6\n|\n|t:|1700019729\n|switch|p2b: Ogerpon|Ogerpon-Hearthflame, F|100\/100\n|-ability|p2b: Ogerpon|Mold Breaker\n|switch|p1b: Iron Hands|Iron Hands, shiny|100\/100\n|move|p1a: Empoleon|Protect|p1a: Empoleon\n|-singleturn|p1a: Empoleon|Protect\n|move|p2a: Ninetales|Aurora Veil|p2a: Ninetales\n|-sidestart|p2: Kondroid|move: Aurora Veil\n|\n|-weather|Snow|[upkeep]\n|upkeep\n|turn|7\n|\n|t:|1700019767\n|move|p2b: Ogerpon|Protect|p2b: Ogerpon\n|-singleturn|p2b: Ogerpon|Protect\n|move|p2a: Ninetales|Blizzard|p1b: Iron Hands|[spread] p1a,p1b\n|-resisted|p1a: Empoleon\n|-damage|p1a: Empoleon|48\/100\n|-damage|p1b: Iron Hands|87\/100\n|move|p1a: Empoleon|Yawn|p2b: Ogerpon\n|-activate|p2b: Ogerpon|move: Protect\n|move|p1b: Iron Hands|Heavy Slam|p2a: Ninetales\n|-supereffective|p2a: Ninetales\n|-damage|p2a: Ninetales|0 fnt\n|faint|p2a: Ninetales\n|\n|-weather|Snow|[upkeep]\n|upkeep\n|\n|t:|1700019782\n|switch|p2a: Sinistcha|Sinistcha|66\/100\n|turn|8\n|\n|t:|1700019804\n|switch|p1a: Sinistcha|Sinistcha, shiny|100\/100\n|-heal|p1b: Iron Hands|100\/100|[from] ability: Hospitality|[of] p1a: Sinistcha\n|move|p2a: Sinistcha|Rage Powder|p2a: Sinistcha\n|-singleturn|p2a: Sinistcha|move: Rage Powder\n|move|p2b: Ogerpon|Ivy Cudgel|p1a: Sinistcha|[anim] Ivy Cudgel Fire\n|-supereffective|p1a: Sinistcha\n|-damage|p1a: Sinistcha|44\/100\n|move|p1b: Iron Hands|Wild Charge|p2a: Sinistcha\n|-resisted|p2a: Sinistcha\n|-damage|p2a: Sinistcha|52\/100\n|-damage|p1b: Iron Hands|98\/100|[from] Recoil\n|\n|-weather|none\n|-heal|p1a: Sinistcha|50\/100|[from] item: Leftovers\n|-heal|p2a: Sinistcha|58\/100|[from] item: Leftovers\n|upkeep\n|turn|9\n|\n|t:|1700019862\n|-end|p1b: Iron Hands|Quark Drive|[silent]\n|switch|p1b: Tornadus|Tornadus, M|100\/100\n|move|p2b: Ogerpon|Protect|p2b: Ogerpon\n|-singleturn|p2b: Ogerpon|Protect\n|move|p2a: Sinistcha|Matcha Gotcha|p1b: Tornadus|[spread] p1a,p1b\n|-resisted|p1a: Sinistcha\n|-resisted|p1b: Tornadus\n|-damage|p1a: Sinistcha|37\/100\n|-heal|p2a: Sinistcha|64\/100|[from] drain|[of] p1a: Sinistcha\n|-damage|p1b: Tornadus|87\/100\n|-heal|p2a: Sinistcha|70\/100|[from] drain|[of] p1b: Tornadus\n|move|p1a: Sinistcha|Strength Sap|p2b: Ogerpon\n|-activate|p2b: Ogerpon|move: Protect\n|\n|-heal|p2a: Sinistcha|76\/100|[from] item: Leftovers\n|-heal|p1a: Sinistcha|44\/100|[from] item: Leftovers\n|-status|p1b: Tornadus|tox|[from] item: Toxic Orb\n|upkeep\n|turn|10\n|\n|t:|1700019908\n|switch|p2b: Goodra|Goodra-Hisui, F|100\/100\n|move|p1b: Tornadus|Tailwind|p1b: Tornadus\n|-sidestart|p1: StWr08|move: Tailwind\n|move|p1a: Sinistcha|Strength Sap|p2b: Goodra\n|-ability|p2b: Goodra|Sap Sipper|boost\n|-boost|p2b: Goodra|atk|1\n|move|p2a: Sinistcha|Strength Sap|p1b: Tornadus\n|-unboost|p1b: Tornadus|atk|1\n|-heal|p2a: Sinistcha|100\/100\n|\n|-heal|p1a: Sinistcha|50\/100|[from] item: Leftovers\n|-damage|p1b: Tornadus|81\/100 tox|[from] psn\n|-sideend|p2: Kondroid|move: Aurora Veil\n|-sideend|p1: StWr08|move: Aurora Veil\n|upkeep\n|turn|11\n|c|\u2606StWr08|i hate you\n|\n|t:|1700019943\n|switch|p2a: Baxcalibur|Baxcalibur, M, tera:Ice|66\/100\n|move|p1b: Tornadus|Facade|p2b: Goodra\n|-resisted|p2b: Goodra\n|-damage|p2b: Goodra|85\/100\n|move|p1a: Sinistcha|Shadow Ball|p2a: Baxcalibur\n|-damage|p2a: Baxcalibur|34\/100\n|-unboost|p2a: Baxcalibur|spd|1\n|move|p2b: Goodra|Draco Meteor|p1b: Tornadus\n|-damage|p1b: Tornadus|0 fnt\n|-unboost|p2b: Goodra|spa|2\n|faint|p1b: Tornadus\n|\n|-heal|p1a: Sinistcha|56\/100|[from] item: Leftovers\n|upkeep\n|l|\u2606Kondroid\n|player|p2|\n|\n|t:|1700019980\n|switch|p1b: Iron Hands|Iron Hands, shiny|98\/100\n|turn|12\n|j|\u2606Kondroid\n|player|p2|Kondroid|hilbert-wonderlauncher\n|\n|t:|1700019995\n|switch|p2b: Sinistcha|Sinistcha|100\/100\n|-heal|p2a: Baxcalibur|59\/100|[from] ability: Hospitality|[of] p2b: Sinistcha\n|move|p2a: Baxcalibur|Protect|p2a: Baxcalibur\n|-singleturn|p2a: Baxcalibur|Protect\n|move|p1b: Iron Hands|Fake Out|p2b: Sinistcha\n|-immune|p2b: Sinistcha\n|move|p1a: Sinistcha|Shadow Ball|p2a: Baxcalibur\n|-activate|p2a: Baxcalibur|move: Protect\n|\n|-heal|p1a: Sinistcha|62\/100|[from] item: Leftovers\n|upkeep\n|turn|13\n|\n|t:|1700020016\n|move|p1a: Sinistcha|Shadow Ball|p2b: Sinistcha\n|-supereffective|p2b: Sinistcha\n|-damage|p2b: Sinistcha|29\/100\n|-unboost|p2b: Sinistcha|spd|1\n|move|p1b: Iron Hands|Drain Punch|p2a: Baxcalibur\n|-supereffective|p2a: Baxcalibur\n|-damage|p2a: Baxcalibur|0 fnt\n|-heal|p1b: Iron Hands|100\/100|[from] drain|[of] p2a: Baxcalibur\n|faint|p2a: Baxcalibur\n|move|p2b: Sinistcha|Strength Sap|p1b: Iron Hands\n|-unboost|p1b: Iron Hands|atk|1\n|-heal|p2b: Sinistcha|100\/100\n|\n|-heal|p1a: Sinistcha|68\/100|[from] item: Leftovers\n|-sideend|p1: StWr08|move: Tailwind\n|upkeep\n|c|\u2606StWr08|i hate you\n|\n|t:|1700020046\n|switch|p2a: Ogerpon|Ogerpon-Hearthflame, F|100\/100\n|-ability|p2a: Ogerpon|Mold Breaker\n|turn|14\n|\n|t:|1700020083\n|-end|p1b: Iron Hands|Quark Drive|[silent]\n|switch|p1b: Empoleon|Empoleon, F|48\/100\n|move|p1a: Sinistcha|Protect|p1a: Sinistcha\n|-singleturn|p1a: Sinistcha|Protect\n|move|p2a: Ogerpon|Ivy Cudgel|p1a: Sinistcha|[anim] Ivy Cudgel Fire\n|-activate|p1a: Sinistcha|move: Protect\n|move|p2b: Sinistcha|Matcha Gotcha|p1b: Empoleon|[spread] p1b\n|-activate|p1a: Sinistcha|move: Protect\n|-damage|p1b: Empoleon|11\/100\n|\n|-heal|p1a: Sinistcha|74\/100|[from] item: Leftovers\n|upkeep\n|turn|15\n|l|\u2606Kondroid\n|player|p2|\n|j|\u2606Kondroid\n|player|p2|Kondroid|hilbert-wonderlauncher\n|\n|t:|1700020129\n|move|p2a: Ogerpon|Protect|p2a: Ogerpon\n|-singleturn|p2a: Ogerpon|Protect\n|move|p1b: Empoleon|Ice Beam|p2b: Sinistcha\n|-supereffective|p2b: Sinistcha\n|-damage|p2b: Sinistcha|9\/100\n|move|p1a: Sinistcha|Shadow Ball|p2b: Sinistcha\n|-supereffective|p2b: Sinistcha\n|-damage|p2b: Sinistcha|0 fnt\n|faint|p2b: Sinistcha\n|\n|-heal|p1a: Sinistcha|80\/100|[from] item: Leftovers\n|upkeep\n|\n|t:|1700020147\n|switch|p2b: Zapdos|Zapdos|100\/100\n|turn|16\n|\n|t:|1700020181\n|switch|p1a: Iron Hands|Iron Hands, shiny|100\/100\n|move|p2a: Ogerpon|Ivy Cudgel|p1b: Empoleon|[anim] Ivy Cudgel Fire\n|-damage|p1b: Empoleon|0 fnt\n|faint|p1b: Empoleon\n|move|p2b: Zapdos|Heat Wave|p1a: Iron Hands\n|-crit|p1a: Iron Hands\n|-damage|p1a: Iron Hands|67\/100\n|\n|upkeep\n|\n|t:|1700020191\n|switch|p1b: Sinistcha|Sinistcha, shiny|80\/100\n|-heal|p1a: Iron Hands|92\/100|[from] ability: Hospitality|[of] p1b: Sinistcha\n|turn|17\n|\n|t:|1700020213\n|move|p2a: Ogerpon|Protect|p2a: Ogerpon\n|-singleturn|p2a: Ogerpon|Protect\n|move|p1a: Iron Hands|Fake Out|p2a: Ogerpon\n|-activate|p2a: Ogerpon|move: Protect\n|move|p2b: Zapdos|Hurricane|p1a: Iron Hands\n|-damage|p1a: Iron Hands|57\/100\n|move|p1b: Sinistcha|Shadow Ball|p2b: Zapdos\n|-damage|p2b: Zapdos|63\/100\n|\n|-heal|p1b: Sinistcha|86\/100|[from] item: Leftovers\n|upkeep\n|turn|18\n|\n|t:|1700020256\n|move|p2a: Ogerpon|Ivy Cudgel|p1a: Iron Hands|[anim] Ivy Cudgel Fire\n|-damage|p1a: Iron Hands|16\/100\n|move|p2b: Zapdos|Heat Wave|p1a: Iron Hands|[spread] p1a,p1b\n|-supereffective|p1b: Sinistcha\n|-damage|p1a: Iron Hands|1\/100\n|-damage|p1b: Sinistcha|26\/100\n|-status|p1a: Iron Hands|brn\n|move|p1b: Sinistcha|Strength Sap|p2a: Ogerpon\n|-unboost|p2a: Ogerpon|atk|1\n|-heal|p1b: Sinistcha|100\/100\n|move|p1a: Iron Hands|Drain Punch|p2a: Ogerpon\n|-damage|p2a: Ogerpon|72\/100\n|-heal|p1a: Iron Hands|10\/100 brn|[from] drain|[of] p2a: Ogerpon\n|\n|-damage|p1a: Iron Hands|4\/100 brn|[from] brn\n|upkeep\n|turn|19\n|\n|t:|1700020296\n|-end|p1a: Iron Hands|Quark Drive|[silent]\n|switch|p1a: Ninetales|Ninetales-Alola, F, shiny|17\/100\n|-weather|Snow|[from] ability: Snow Warning|[of] p1a: Ninetales\n|move|p2a: Ogerpon|Protect|p2a: Ogerpon\n|-singleturn|p2a: Ogerpon|Protect\n|move|p2b: Zapdos|Heat Wave|p1a: Ninetales|[spread] p1b\n|-miss|p2b: Zapdos|p1a: Ninetales\n|-supereffective|p1b: Sinistcha\n|-damage|p1b: Sinistcha|45\/100\n|move|p1b: Sinistcha|Shadow Ball|p2b: Zapdos\n|-damage|p2b: Zapdos|25\/100\n|\n|-weather|Snow|[upkeep]\n|-heal|p1b: Sinistcha|51\/100|[from] item: Leftovers\n|upkeep\n|turn|20\n|\n|t:|1700020342\n|switch|p2a: Goodra|Goodra-Hisui, F|85\/100\n|move|p1b: Sinistcha|Protect|p1b: Sinistcha\n|-singleturn|p1b: Sinistcha|Protect\n|move|p1a: Ninetales|Blizzard|p2b: Zapdos|[spread] p2a,p2b\n|-supereffective|p2b: Zapdos\n|-damage|p2a: Goodra|70\/100\n|-damage|p2b: Zapdos|0 fnt\n|faint|p2b: Zapdos\n|\n|-weather|Snow|[upkeep]\n|-heal|p1b: Sinistcha|57\/100|[from] item: Leftovers\n|upkeep\n|inactive|Battle timer is ON: inactive players will automatically lose when time's up. (requested by Kondroid)\n|\n|t:|1700020354\n|switch|p2b: Ogerpon|Ogerpon-Hearthflame, F|72\/100\n|-ability|p2b: Ogerpon|Mold Breaker\n|turn|21\n|\n|t:|1700020379\n|move|p2b: Ogerpon|Protect|p2b: Ogerpon\n|-singleturn|p2b: Ogerpon|Protect\n|move|p1a: Ninetales|Blizzard|p2a: Goodra|[spread] p2a\n|-activate|p2b: Ogerpon|move: Protect\n|-damage|p2a: Goodra|55\/100\n|move|p1b: Sinistcha|Shadow Ball|p2b: Ogerpon\n|-activate|p2b: Ogerpon|move: Protect\n|move|p2a: Goodra|Blizzard|p1a: Ninetales|[spread] p1a,p1b\n|-resisted|p1a: Ninetales\n|-supereffective|p1b: Sinistcha\n|-damage|p1a: Ninetales|0 fnt\n|-damage|p1b: Sinistcha|0 fnt\n|faint|p1a: Ninetales\n|faint|p1b: Sinistcha\n|\n|-weather|Snow|[upkeep]\n|upkeep\n|inactive|StWr08 has 120 seconds left.\n|\n|t:|1700020399\n|switch|p1b: Iron Hands|Iron Hands, shiny|4\/100 brn\n|turn|22\n|\n|t:|1700020411\n|move|p2b: Ogerpon|Follow Me|p2b: Ogerpon\n|-singleturn|p2b: Ogerpon|move: Follow Me\n|move|p1b: Iron Hands|Wild Charge|p2b: Ogerpon\n|-resisted|p2b: Ogerpon\n|-damage|p2b: Ogerpon|55\/100\n|-damage|p1b: Iron Hands|1\/100 brn|[from] Recoil\n|move|p2a: Goodra|Blizzard|p1b: Iron Hands\n|-damage|p1b: Iron Hands|0 fnt\n|faint|p1b: Iron Hands\n|-end|p1b: Iron Hands|Quark Drive|[silent]\n|\n|win|Kondroid\n|raw|StWr08's rating: 1114 &rarr; <strong>1095<\/strong><br \/>(-19 for losing)\n|raw|Kondroid's rating: 1199 &rarr; <strong>1218<\/strong><br \/>(+19 for winning)\n|c|\u2606Kondroid|gg\n|c|\u2606StWr08|gg\n|l|\u2606StWr08\n|l|\u2606Kondroid\n|j|\u2606Kondroid\n|player|p2|Kondroid|hilbert-wonderlauncher\n","uploadtime":1700020460,"views":26,"p1id":"stwr08","p2id":"kondroid","formatid":"gen9doublesou","rating":1095,"private":0,"password":""}