{"id":"gen9doublesou-1987597830","p1":"test 99 ou","p2":"Trickroom4dumies","format":"[Gen 9] Doubles OU","log":"|j|\u2606test 99 ou\n|j|\u2606Trickroom4dumies\n|t:|1699617564\n|gametype|doubles\n|player|p1|test 99 ou|lady|1612\n|player|p2|Trickroom4dumies|hexmaniac-gen3|1799\n|teamsize|p1|6\n|teamsize|p2|6\n|gen|9\n|tier|[Gen 9] Doubles OU\n|rated|\n|rule|Species Clause: Limit one of each Pok\u00e9mon\n|rule|OHKO Clause: OHKO moves are banned\n|rule|Evasion Moves Clause: Evasion moves are banned\n|rule|Gravity Sleep Clause: The combination of sleep-inducing moves with imperfect accuracy and Gravity or Gigantamax Orbeetle are banned\n|rule|Endless Battle Clause: Forcing endless battles is banned\n|rule|HP Percentage Mod: HP is shown in percentages\n|clearpoke\n|poke|p1|Tornadus, M|\n|poke|p1|Flutter Mane|\n|poke|p1|Landorus-Therian, M|\n|poke|p1|Chi-Yu|\n|poke|p1|Iron Hands|\n|poke|p1|Ursaluna-Bloodmoon, M|\n|poke|p2|Ursaluna, F|\n|poke|p2|Diancie|\n|poke|p2|Regidrago|\n|poke|p2|Cresselia, F|\n|poke|p2|Ogerpon-Wellspring, F|\n|poke|p2|Ceruledge, F|\n|teampreview\n|\n|t:|1699617582\n|start\n|switch|p1a: Iron Hands|Iron Hands|100\/100\n|switch|p1b: Ursaluna|Ursaluna-Bloodmoon, M|100\/100\n|switch|p2a: Diancie|Diancie, shiny|100\/100\n|switch|p2b: Ogerpon|Ogerpon-Wellspring, F|100\/100\n|turn|1\n|\n|t:|1699617608\n|-terastallize|p1b: Ursaluna|Fairy\n|move|p2b: Ogerpon|Spiky Shield|p2b: Ogerpon\n|-singleturn|p2b: Ogerpon|move: Protect\n|move|p2a: Diancie|Protect|p2a: Diancie\n|-singleturn|p2a: Diancie|Protect\n|move|p1a: Iron Hands|Heavy Slam|p2a: Diancie\n|-activate|p2a: Diancie|move: Protect\n|move|p1b: Ursaluna|Blood Moon|p2b: Ogerpon\n|-activate|p2b: Ogerpon|move: Protect\n|\n|upkeep\n|turn|2\n|\n|t:|1699617637\n|switch|p2a: Cresselia|Cresselia, F, shiny|100\/100\n|move|p2b: Ogerpon|Ivy Cudgel|p1a: Iron Hands\n|-damage|p1a: Iron Hands|59\/100\n|move|p1a: Iron Hands|Heavy Slam|p2a: Cresselia\n|-damage|p2a: Cresselia|80\/100\n|move|p1b: Ursaluna|Earth Power|p2a: Cresselia\n|-immune|p2a: Cresselia|[from] ability: Levitate\n|\n|upkeep\n|turn|3\n|\n|t:|1699617658\n|-end|p1a: Iron Hands|Quark Drive|[silent]\n|switch|p1a: Chi-Yu|Chi-Yu|100\/100\n|-ability|p1a: Chi-Yu|Beads of Ruin\n|move|p2a: Cresselia|Helping Hand|p2b: Ogerpon\n|-singleturn|p2b: Ogerpon|Helping Hand|[of] p2a: Cresselia\n|move|p2b: Ogerpon|Ivy Cudgel|p1a: Chi-Yu\n|-supereffective|p1a: Chi-Yu\n|-damage|p1a: Chi-Yu|0 fnt\n|faint|p1a: Chi-Yu\n|move|p1b: Ursaluna|Blood Moon|p2a: Cresselia\n|-damage|p2a: Cresselia|30\/100\n|\n|upkeep\n|\n|t:|1699617670\n|switch|p1a: Landorus|Landorus-Therian, M|100\/100\n|-ability|p1a: Landorus|Intimidate|boost\n|-unboost|p2a: Cresselia|atk|1\n|-unboost|p2b: Ogerpon|atk|1\n|turn|4\n|\n|t:|1699617706\n|switch|p1a: Iron Hands|Iron Hands|59\/100\n|move|p2b: Ogerpon|Spiky Shield|p2b: Ogerpon\n|-singleturn|p2b: Ogerpon|move: Protect\n|move|p1b: Ursaluna|Hyper Voice|p2b: Ogerpon|[spread] p2a\n|-activate|p2b: Ogerpon|move: Protect\n|-damage|p2a: Cresselia|3\/100\n|move|p2a: Cresselia|Lunar Blessing|p2a: Cresselia|[spread] p2a,p2b\n|-heal|p2a: Cresselia|28\/100\n|\n|upkeep\n|turn|5\n|\n|t:|1699617746\n|switch|p2b: Diancie|Diancie, shiny|100\/100\n|switch|p2a: Ceruledge|Ceruledge, F, shiny|100\/100\n|move|p1a: Iron Hands|Fake Out|p2b: Diancie\n|-resisted|p2b: Diancie\n|-damage|p2b: Diancie|95\/100\n|move|p1b: Ursaluna|Blood Moon|p2a: Ceruledge\n|-crit|p2a: Ceruledge\n|-damage|p2a: Ceruledge|0 fnt\n|faint|p2a: Ceruledge\n|\n|upkeep\n|\n|t:|1699617763\n|switch|p2a: Ursaluna|Ursaluna, F, shiny|100\/100\n|turn|6\n|\n|t:|1699617778\n|-terastallize|p2b: Diancie|Flying\n|move|p2a: Ursaluna|Protect|p2a: Ursaluna\n|-singleturn|p2a: Ursaluna|Protect\n|move|p1a: Iron Hands|Heavy Slam|p2b: Diancie\n|-damage|p2b: Diancie|61\/100\n|move|p1b: Ursaluna|Hyper Voice|p2b: Diancie|[spread] p2b\n|-activate|p2a: Ursaluna|move: Protect\n|-damage|p2b: Diancie|27\/100\n|move|p2b: Diancie|Trick Room|p2b: Diancie\n|-fieldstart|move: Trick Room|[of] p2b: Diancie\n|\n|-status|p2a: Ursaluna|brn|[from] item: Flame Orb\n|upkeep\n|turn|7\n|\n|t:|1699617810\n|-end|p1a: Iron Hands|Quark Drive|[silent]\n|switch|p1a: Landorus|Landorus-Therian, M|100\/100\n|-ability|p1a: Landorus|Intimidate|boost\n|-unboost|p2a: Ursaluna|atk|1\n|-fail|p2b: Diancie|unboost|[from] ability: Clear Body|[of] p2b: Diancie\n|move|p1b: Ursaluna|Protect|p1b: Ursaluna\n|-singleturn|p1b: Ursaluna|Protect\n|move|p2b: Diancie|Diamond Storm|p1a: Landorus|[spread] p1a\n|-activate|p1b: Ursaluna|move: Protect\n|-damage|p1a: Landorus|66\/100\n|-boost|p2b: Diancie|def|2\n|move|p2a: Ursaluna|Facade|p1b: Ursaluna\n|-activate|p1b: Ursaluna|move: Protect\n|\n|-damage|p2a: Ursaluna|94\/100 brn|[from] brn\n|upkeep\n|turn|8\n|c|\u2606test 99 ou|bros ust gonna spam diamond storm now\n|c|\u2606test 99 ou|because diancy users are immune to using their brain\n|\n|t:|1699617842\n|switch|p1b: Flutter Mane|Flutter Mane|100\/100\n|-enditem|p1b: Flutter Mane|Booster Energy\n|-activate|p1b: Flutter Mane|ability: Protosynthesis|[fromitem]\n|-start|p1b: Flutter Mane|protosynthesisspe\n|move|p1a: Landorus|Protect|p1a: Landorus\n|-singleturn|p1a: Landorus|Protect\n|move|p2b: Diancie|Diamond Storm|p1b: Flutter Mane|[spread] p1b\n|-activate|p1a: Landorus|move: Protect\n|-damage|p1b: Flutter Mane|53\/100\n|-boost|p2b: Diancie|def|2\n|move|p2a: Ursaluna|Facade|p1a: Landorus\n|-activate|p1a: Landorus|move: Protect\n|\n|-damage|p2a: Ursaluna|88\/100 brn|[from] brn\n|upkeep\n|turn|9\n|\n|t:|1699617862\n|switch|p1a: Iron Hands|Iron Hands|59\/100\n|move|p1b: Flutter Mane|Protect|p1b: Flutter Mane\n|-singleturn|p1b: Flutter Mane|Protect\n|move|p2b: Diancie|Diamond Storm|p1a: Iron Hands|[spread] p1a\n|-activate|p1b: Flutter Mane|move: Protect\n|-resisted|p1a: Iron Hands\n|-damage|p1a: Iron Hands|47\/100\n|-boost|p2b: Diancie|def|2\n|move|p2a: Ursaluna|Earthquake|p1b: Flutter Mane|[spread] p1a\n|-activate|p1b: Flutter Mane|move: Protect\n|-immune|p2b: Diancie\n|-supereffective|p1a: Iron Hands\n|-damage|p1a: Iron Hands|0 fnt\n|faint|p1a: Iron Hands\n|-end|p1a: Iron Hands|Quark Drive|[silent]\n|\n|-damage|p2a: Ursaluna|82\/100 brn|[from] brn\n|upkeep\n|\n|t:|1699617878\n|switch|p1a: Ursaluna|Ursaluna-Bloodmoon, M, tera:Fairy|100\/100\n|turn|10\n|\n|t:|1699617908\n|move|p1a: Ursaluna|Protect|p1a: Ursaluna\n|-singleturn|p1a: Ursaluna|Protect\n|move|p1b: Flutter Mane|Protect|p1b: Flutter Mane\n|-singleturn|p1b: Flutter Mane|Protect\n|move|p2b: Diancie|Diamond Storm|p1b: Flutter Mane|[spread] \n|-activate|p1a: Ursaluna|move: Protect\n|-activate|p1b: Flutter Mane|move: Protect\n|move|p2a: Ursaluna|Earthquake|p1b: Flutter Mane|[spread] \n|-activate|p1a: Ursaluna|move: Protect\n|-activate|p1b: Flutter Mane|move: Protect\n|-immune|p2b: Diancie\n|\n|-damage|p2a: Ursaluna|76\/100 brn|[from] brn\n|-fieldend|move: Trick Room\n|upkeep\n|turn|11\n|\n|t:|1699617954\n|move|p2a: Ursaluna|Protect|p2a: Ursaluna\n|-singleturn|p2a: Ursaluna|Protect\n|move|p1b: Flutter Mane|Moonblast|p2b: Diancie\n|-damage|p2b: Diancie|0 fnt\n|faint|p2b: Diancie\n|move|p1a: Ursaluna|Blood Moon|p2a: Ursaluna\n|-activate|p2a: Ursaluna|move: Protect\n|\n|-damage|p2a: Ursaluna|70\/100 brn|[from] brn\n|upkeep\n|\n|t:|1699617964\n|switch|p2b: Ogerpon|Ogerpon-Wellspring, F|100\/100\n|turn|12\n|\n|t:|1699617972\n|move|p1b: Flutter Mane|Protect|p1b: Flutter Mane\n|-singleturn|p1b: Flutter Mane|Protect\n|move|p1a: Ursaluna|Protect|p1a: Ursaluna\n|-singleturn|p1a: Ursaluna|Protect\n|move|p2b: Ogerpon|Ivy Cudgel|p1b: Flutter Mane\n|-activate|p1b: Flutter Mane|move: Protect\n|move|p2a: Ursaluna|Facade|p1a: Ursaluna\n|-activate|p1a: Ursaluna|move: Protect\n|\n|-damage|p2a: Ursaluna|64\/100 brn|[from] brn\n|upkeep\n|turn|13\n|\n|t:|1699617987\n|move|p1b: Flutter Mane|Moonblast|p2a: Ursaluna\n|-damage|p2a: Ursaluna|25\/100 brn\n|move|p2b: Ogerpon|Ivy Cudgel|p1b: Flutter Mane\n|-damage|p1b: Flutter Mane|0 fnt\n|faint|p1b: Flutter Mane\n|-end|p1b: Flutter Mane|Protosynthesis|[silent]\n|move|p1a: Ursaluna|Blood Moon|p2b: Ogerpon\n|-damage|p2b: Ogerpon|0 fnt\n|faint|p2b: Ogerpon\n|move|p2a: Ursaluna|Facade|p1a: Ursaluna\n|-damage|p1a: Ursaluna|32\/100\n|\n|-damage|p2a: Ursaluna|19\/100 brn|[from] brn\n|upkeep\n|\n|t:|1699618008\n|switch|p1b: Landorus|Landorus-Therian, M|66\/100\n|switch|p2b: Regidrago|Regidrago, shiny|100\/100\n|-ability|p1b: Landorus|Intimidate|boost\n|-unboost|p2a: Ursaluna|atk|1\n|-unboost|p2b: Regidrago|atk|1\n|turn|14\n|\n|t:|1699618029\n|switch|p2a: Cresselia|Cresselia, F, shiny|28\/100\n|move|p1b: Landorus|Protect|p1b: Landorus\n|-singleturn|p1b: Landorus|Protect\n|move|p1a: Ursaluna|Protect|p1a: Ursaluna\n|-singleturn|p1a: Ursaluna|Protect\n|move|p2b: Regidrago|Earth Power|p1a: Ursaluna\n|-activate|p1a: Ursaluna|move: Protect\n|\n|upkeep\n|turn|15\n|l|\u2606Trickroom4dumies\n|player|p2|\n|j|\u2606Trickroom4dumies\n|player|p2|Trickroom4dumies|hexmaniac-gen3\n|\n|t:|1699618121\n|move|p1b: Landorus|Stomping Tantrum|p2b: Regidrago\n|-damage|p2b: Regidrago|59\/100\n|move|p1a: Ursaluna|Hyper Voice|p2a: Cresselia|[spread] p2a,p2b\n|-damage|p2a: Cresselia|2\/100\n|-damage|p2b: Regidrago|18\/100\n|move|p2b: Regidrago|Earth Power|p1a: Ursaluna\n|-damage|p1a: Ursaluna|0 fnt\n|faint|p1a: Ursaluna\n|move|p2a: Cresselia|Trick Room|p2a: Cresselia\n|-fieldstart|move: Trick Room|[of] p2a: Cresselia\n|\n|upkeep\n|\n|t:|1699618130\n|switch|p1a: Tornadus|Tornadus, M|100\/100\n|turn|16\n|\n|t:|1699618149\n|move|p2b: Regidrago|Protect|p2b: Regidrago\n|-singleturn|p2b: Regidrago|Protect\n|move|p1b: Landorus|Protect|p1b: Landorus\n|-singleturn|p1b: Landorus|Protect\n|move|p2a: Cresselia|Lunar Blessing|p2a: Cresselia|[spread] p2a,p2b\n|-heal|p2a: Cresselia|27\/100\n|-heal|p2b: Regidrago|43\/100\n|move|p1a: Tornadus|Bleakwind Storm|p2a: Cresselia|[spread] p2a\n|-activate|p2b: Regidrago|move: Protect\n|-crit|p2a: Cresselia\n|-damage|p2a: Cresselia|3\/100\n|\n|upkeep\n|turn|17\n|\n|t:|1699618169\n|move|p1a: Tornadus|Taunt|p2a: Cresselia\n|-start|p2a: Cresselia|move: Taunt\n|-enditem|p2a: Cresselia|Mental Herb\n|-end|p2a: Cresselia|move: Taunt\n|move|p2a: Cresselia|Lunar Blessing|p2a: Cresselia|[spread] p2a,p2b\n|-heal|p2a: Cresselia|28\/100\n|-heal|p2b: Regidrago|68\/100\n|move|p2b: Regidrago|Dragon Pulse|p1b: Landorus\n|-damage|p1b: Landorus|0 fnt\n|faint|p1b: Landorus\n|\n|upkeep\n|turn|18\n|\n|t:|1699618185\n|move|p1a: Tornadus|Taunt|p2a: Cresselia\n|-start|p2a: Cresselia|move: Taunt\n|move|p2a: Cresselia|Moonblast|p1a: Tornadus\n|-damage|p1a: Tornadus|81\/100\n|move|p2b: Regidrago|Dragon Energy|p1a: Tornadus\n|-damage|p1a: Tornadus|0 fnt\n|faint|p1a: Tornadus\n|\n|win|Trickroom4dumies\n|raw|test 99 ou's rating: 1612 &rarr; <strong>1602<\/strong><br \/>(-10 for losing)\n|raw|Trickroom4dumies's rating: 1799 &rarr; <strong>1809<\/strong><br \/>(+10 for winning)\n|l|\u2606test 99 ou\n|j|\u2606test 99 ou\n|player|p1|test 99 ou|lady\n","uploadtime":1699618237,"views":10,"p1id":"test99ou","p2id":"trickroom4dumies","formatid":"gen9doublesou","rating":1602,"private":0,"password":""}