{"id":"gen9doublesou-1971333582","p1":"Damp Paper Towel","p2":"Mantis God is Op","format":"[Gen 9] Doubles OU","log":"|j|\u2606Damp Paper Towel\n|j|\u2606Mantis God is Op\n|t:|1697730281\n|gametype|doubles\n|player|p1|Damp Paper Towel|pokekid|1146\n|player|p2|Mantis God is Op|waiter|1055\n|teamsize|p1|6\n|teamsize|p2|6\n|gen|9\n|tier|[Gen 9] Doubles OU\n|rated|\n|rule|Species Clause: Limit one of each Pok\u00e9mon\n|rule|OHKO Clause: OHKO moves are banned\n|rule|Evasion Moves Clause: Evasion moves are banned\n|rule|Gravity Sleep Clause: The combination of sleep-inducing moves with imperfect accuracy and Gravity or Gigantamax Orbeetle are banned\n|rule|Endless Battle Clause: Forcing endless battles is banned\n|rule|HP Percentage Mod: HP is shown in percentages\n|clearpoke\n|poke|p1|Armarouge, F|\n|poke|p1|Indeedee-F, F|\n|poke|p1|Ursaluna, F|\n|poke|p1|Cresselia, F|\n|poke|p1|Amoonguss, M|\n|poke|p1|Sneasler, F|\n|poke|p2|Toxtricity, M|\n|poke|p2|Torkoal, M|\n|poke|p2|Sinistcha|\n|poke|p2|Walking Wake|\n|poke|p2|Indeedee-F, F|\n|poke|p2|Kingambit, F|\n|teampreview\n|inactive|Battle timer is ON: inactive players will automatically lose when time's up. (requested by Damp Paper Towel)\n|c|\u2606Mantis God is Op|Gl hf\n|\n|t:|1697730292\n|start\n|switch|p1a: Sneasler|Sneasler, F|100\/100\n|switch|p1b: Amoonguss|Amoonguss, M|100\/100\n|switch|p2a: Toxtricity|Toxtricity, M|100\/100\n|switch|p2b: Torkoal|Torkoal, M|100\/100\n|-weather|SunnyDay|[from] ability: Drought|[of] p2b: Torkoal\n|turn|1\n|\n|t:|1697730307\n|move|p1a: Sneasler|Fake Out|p2b: Torkoal\n|-damage|p2b: Torkoal|88\/100\n|move|p2a: Toxtricity|Boomburst|p1a: Sneasler|[spread] p2b,p1a,p1b\n|-damage|p2b: Torkoal|47\/100\n|-damage|p1a: Sneasler|40\/100\n|-damage|p1b: Amoonguss|56\/100\n|-enditem|p2a: Toxtricity|Throat Spray\n|-boost|p2a: Toxtricity|spa|1|[from] item: Throat Spray\n|move|p1b: Amoonguss|Spore|p2b: Torkoal\n|-status|p2b: Torkoal|slp|[from] move: Spore\n|cant|p2b: Torkoal|slp\n|\n|-weather|SunnyDay|[upkeep]\n|-heal|p1b: Amoonguss|63\/100|[from] item: Black Sludge\n|upkeep\n|turn|2\n|\n|t:|1697730330\n|move|p1a: Sneasler|Dire Claw|p2a: Toxtricity\n|-resisted|p2a: Toxtricity\n|-damage|p2a: Toxtricity|69\/100\n|move|p2a: Toxtricity|Boomburst|p1b: Amoonguss|[spread] p2b,p1a,p1b\n|-damage|p2b: Torkoal|0 fnt\n|-damage|p1a: Sneasler|0 fnt\n|-damage|p1b: Amoonguss|0 fnt\n|faint|p2b: Torkoal\n|faint|p1a: Sneasler\n|faint|p1b: Amoonguss\n|\n|-weather|SunnyDay|[upkeep]\n|upkeep\n|\n|t:|1697730337\n|switch|p1a: Ursaluna|Ursaluna, F|100\/100\n|switch|p1b: Cresselia|Cresselia, F|100\/100\n|switch|p2b: Sinistcha|Sinistcha|100\/100\n|-heal|p2a: Toxtricity|94\/100|[from] ability: Hospitality|[of] p2b: Sinistcha\n|turn|3\n|\n|t:|1697730346\n|move|p1a: Ursaluna|Protect|p1a: Ursaluna\n|-singleturn|p1a: Ursaluna|Protect\n|move|p1b: Cresselia|Icy Wind|p2b: Sinistcha|[spread] p2a,p2b\n|-supereffective|p2b: Sinistcha\n|-damage|p2a: Toxtricity|84\/100\n|-damage|p2b: Sinistcha|82\/100\n|-unboost|p2a: Toxtricity|spe|1\n|-unboost|p2b: Sinistcha|spe|1\n|move|p2a: Toxtricity|Boomburst|p1a: Ursaluna|[spread] p1b\n|-activate|p1a: Ursaluna|move: Protect\n|-immune|p2b: Sinistcha\n|-damage|p1b: Cresselia|64\/100\n|move|p2b: Sinistcha|Matcha Gotcha|p1b: Cresselia|[spread] p1b\n|-activate|p1a: Ursaluna|move: Protect\n|-damage|p1b: Cresselia|51\/100\n|-heal|p2b: Sinistcha|90\/100|[from] drain|[of] p1b: Cresselia\n|-status|p1b: Cresselia|brn\n|\n|-weather|SunnyDay|[upkeep]\n|-heal|p1b: Cresselia|57\/100 brn|[from] item: Leftovers\n|-damage|p1b: Cresselia|51\/100 brn|[from] brn\n|-status|p1a: Ursaluna|brn|[from] item: Flame Orb\n|upkeep\n|turn|4\n|\n|t:|1697730371\n|move|p2a: Toxtricity|Protect|p2a: Toxtricity\n|-singleturn|p2a: Toxtricity|Protect\n|move|p1b: Cresselia|Ally Switch|p1b: Cresselia\n|swap|p1b: Cresselia|0|[from] move: Ally Switch\n|move|p2b: Sinistcha|Matcha Gotcha|p1a: Cresselia|[spread] p1a,p1b\n|-supereffective|p1b: Ursaluna\n|-damage|p1a: Cresselia|40\/100 brn\n|-heal|p2b: Sinistcha|98\/100|[from] drain|[of] p1a: Cresselia\n|-damage|p1b: Ursaluna|54\/100 brn\n|-heal|p2b: Sinistcha|100\/100|[from] drain|[of] p1b: Ursaluna\n|move|p1b: Ursaluna|Facade|p2a: Toxtricity\n|-activate|p2a: Toxtricity|move: Protect\n|\n|-weather|SunnyDay|[upkeep]\n|-heal|p1a: Cresselia|46\/100 brn|[from] item: Leftovers\n|-damage|p1a: Cresselia|40\/100 brn|[from] brn\n|-damage|p1b: Ursaluna|48\/100 brn|[from] brn\n|upkeep\n|turn|5\n|\n|t:|1697730387\n|move|p2b: Sinistcha|Rage Powder|p2b: Sinistcha\n|-singleturn|p2b: Sinistcha|move: Rage Powder\n|move|p1a: Cresselia|Lunar Blessing|p1a: Cresselia|[spread] p1a,p1b\n|-heal|p1a: Cresselia|65\/100 brn\n|-curestatus|p1a: Cresselia|brn|[msg]\n|-heal|p1b: Ursaluna|73\/100 brn\n|-curestatus|p1b: Ursaluna|brn|[msg]\n|move|p2a: Toxtricity|Boomburst|p1b: Ursaluna|[spread] p1a,p1b\n|-immune|p2b: Sinistcha\n|-damage|p1a: Cresselia|32\/100\n|-damage|p1b: Ursaluna|5\/100\n|move|p1b: Ursaluna|Facade|p2b: Sinistcha\n|-immune|p2b: Sinistcha\n|\n|-weather|none\n|-heal|p1a: Cresselia|38\/100|[from] item: Leftovers\n|-status|p1b: Ursaluna|brn|[from] item: Flame Orb\n|upkeep\n|turn|6\n|\n|t:|1697730406\n|move|p1a: Cresselia|Icy Wind|p2b: Sinistcha|[spread] p2a,p2b\n|-supereffective|p2b: Sinistcha\n|-damage|p2a: Toxtricity|74\/100\n|-damage|p2b: Sinistcha|82\/100\n|-unboost|p2a: Toxtricity|spe|1\n|-unboost|p2b: Sinistcha|spe|1\n|move|p1b: Ursaluna|Headlong Rush|p2b: Sinistcha\n|-resisted|p2b: Sinistcha\n|-damage|p2b: Sinistcha|42\/100\n|-unboost|p1b: Ursaluna|def|1\n|-unboost|p1b: Ursaluna|spd|1\n|-enditem|p2b: Sinistcha|Sitrus Berry|[eat]\n|-heal|p2b: Sinistcha|67\/100|[from] item: Sitrus Berry\n|move|p2a: Toxtricity|Boomburst|p1b: Ursaluna|[spread] p1a,p1b\n|-immune|p2b: Sinistcha\n|-damage|p1a: Cresselia|4\/100\n|-damage|p1b: Ursaluna|0 fnt\n|faint|p1b: Ursaluna\n|move|p2b: Sinistcha|Night Shade|p1a: Cresselia\n|-damage|p1a: Cresselia|0 fnt\n|faint|p1a: Cresselia\n|\n|upkeep\n|inactive|Damp Paper Towel has 120 seconds left.\n|inactive|Damp Paper Towel has 90 seconds left.\n|inactive|Damp Paper Towel has 60 seconds left.\n|l|\u2606Damp Paper Towel\n|inactive|Damp Paper Towel disconnected and has a minute to reconnect!\n|player|p1|\n|inactive|Damp Paper Towel has 30 seconds left.\n|inactive|Damp Paper Towel has 20 seconds left.\n|inactive|Damp Paper Towel has 15 seconds left.\n|inactive|Damp Paper Towel has 10 seconds left.\n|inactive|Damp Paper Towel has 5 seconds left.\n|-message|Damp Paper Towel lost due to inactivity.\n|\n|win|Mantis God is Op\n|raw|Damp Paper Towel's rating: 1146 &rarr; <strong>1115<\/strong><br \/>(-31 for losing)\n|raw|Mantis God is Op's rating: 1055 &rarr; <strong>1095<\/strong><br \/>(+40 for winning)\n|c|\u2606Mantis God is Op|Gg wp\n","uploadtime":1697730554,"views":12,"p1id":"damppapertowel","p2id":"mantisgodisop","formatid":"gen9doublesou","rating":1095,"private":0,"password":""}