{"id":"gen9doublesou-1986172295","p1":"test 99 ou","p2":"Steqhen","format":"[Gen 9] Doubles OU","log":"|j|\u2606test 99 ou\n|j|\u2606Steqhen\n|t:|1699456889\n|gametype|doubles\n|player|p1|test 99 ou|lady|1607\n|player|p2|Steqhen|1|1530\n|teamsize|p1|6\n|teamsize|p2|6\n|gen|9\n|tier|[Gen 9] Doubles OU\n|rated|\n|rule|Species Clause: Limit one of each Pok\u00e9mon\n|rule|OHKO Clause: OHKO moves are banned\n|rule|Evasion Moves Clause: Evasion moves are banned\n|rule|Gravity Sleep Clause: The combination of sleep-inducing moves with imperfect accuracy and Gravity or Gigantamax Orbeetle are banned\n|rule|Endless Battle Clause: Forcing endless battles is banned\n|rule|HP Percentage Mod: HP is shown in percentages\n|clearpoke\n|poke|p1|Tornadus, M|\n|poke|p1|Flutter Mane|\n|poke|p1|Landorus-Therian, M|\n|poke|p1|Chi-Yu|\n|poke|p1|Iron Hands|\n|poke|p1|Ursaluna-Bloodmoon, M|\n|poke|p2|Rillaboom, M|\n|poke|p2|Heatran, M|\n|poke|p2|Muk-Alola, F|\n|poke|p2|Dragapult, F|\n|poke|p2|Gastrodon, F|\n|poke|p2|Tornadus, M|\n|teampreview\n|inactive|Battle timer is ON: inactive players will automatically lose when time's up. (requested by Steqhen)\n|\n|t:|1699456903\n|start\n|switch|p1a: Iron Hands|Iron Hands|100\/100\n|switch|p1b: Tornadus|Tornadus, M|100\/100\n|switch|p2a: Muk|Muk-Alola, F|100\/100\n|switch|p2b: Gastrodon|Gastrodon, F|100\/100\n|turn|1\n|\n|t:|1699456927\n|switch|p1b: Ursaluna|Ursaluna-Bloodmoon, M|100\/100\n|move|p1a: Iron Hands|Fake Out|p2b: Gastrodon\n|-damage|p2b: Gastrodon|84\/100\n|move|p2a: Muk|Knock Off|p1b: Ursaluna\n|-damage|p1b: Ursaluna|60\/100\n|-enditem|p1b: Ursaluna|Silk Scarf|[from] move: Knock Off|[of] p2a: Muk\n|cant|p2b: Gastrodon|flinch\n|\n|upkeep\n|turn|2\n|\n|t:|1699456946\n|move|p1a: Iron Hands|Heavy Slam|p2b: Gastrodon\n|-resisted|p2b: Gastrodon\n|-damage|p2b: Gastrodon|58\/100\n|move|p1b: Ursaluna|Blood Moon|p2a: Muk\n|-damage|p2a: Muk|58\/100\n|move|p2a: Muk|Knock Off|p1a: Iron Hands\n|-resisted|p1a: Iron Hands\n|-damage|p1a: Iron Hands|84\/100\n|-enditem|p1a: Iron Hands|Assault Vest|[from] move: Knock Off|[of] p2a: Muk\n|move|p2b: Gastrodon|Muddy Water|p1a: Iron Hands|[spread] p1a,p1b\n|-supereffective|p1b: Ursaluna\n|-damage|p1a: Iron Hands|38\/100\n|-damage|p1b: Ursaluna|0 fnt\n|-unboost|p1a: Iron Hands|accuracy|1\n|faint|p1b: Ursaluna\n|\n|upkeep\n|inactive|test 99 ou has 120 seconds left.\n|c|\u2606test 99 ou|fuck muddy water\n|\n|t:|1699456988\n|switch|p1b: Flutter Mane|Flutter Mane|100\/100\n|-enditem|p1b: Flutter Mane|Booster Energy\n|-activate|p1b: Flutter Mane|ability: Protosynthesis|[fromitem]\n|-start|p1b: Flutter Mane|protosynthesisspa\n|turn|3\n|inactive|test 99 ou has 120 seconds left.\n|\n|t:|1699457003\n|switch|p2b: Rillaboom|Rillaboom, M|100\/100\n|-fieldstart|move: Grassy Terrain|[from] ability: Grassy Surge|[of] p2b: Rillaboom\n|-terastallize|p1b: Flutter Mane|Fairy\n|move|p1b: Flutter Mane|Dazzling Gleam|p2a: Muk|[spread] p2a,p2b\n|-damage|p2a: Muk|26\/100\n|-damage|p2b: Rillaboom|52\/100\n|move|p1a: Iron Hands|Close Combat|p2a: Muk\n|-damage|p2a: Muk|0 fnt\n|-unboost|p1a: Iron Hands|def|1\n|-unboost|p1a: Iron Hands|spd|1\n|faint|p2a: Muk\n|\n|-heal|p2b: Rillaboom|59\/100|[from] Grassy Terrain\n|-heal|p2b: Rillaboom|65\/100|[from] item: Leftovers\n|-heal|p1a: Iron Hands|44\/100|[from] Grassy Terrain\n|upkeep\n|\n|t:|1699457020\n|switch|p2a: Tornadus|Tornadus, M|100\/100\n|turn|4\n|c|\u2606test 99 ou|i really hate it\n|c|\u2606test 99 ou|suck a stupid fucking strat\n|inactive|Steqhen has 120 seconds left.\n|c|\u2606test 99 ou|*such\n|\n|t:|1699457071\n|move|p2a: Tornadus|Endure|p2a: Tornadus\n|-singleturn|p2a: Tornadus|move: Endure\n|move|p2b: Rillaboom|Grassy Glide|p1b: Flutter Mane\n|-damage|p1b: Flutter Mane|22\/100\n|move|p1b: Flutter Mane|Moonblast|p2a: Tornadus\n|-activate|p2a: Tornadus|move: Endure\n|-damage|p2a: Tornadus|1\/100\n|-unboost|p2a: Tornadus|spa|1\n|-ability|p2a: Tornadus|Defiant|boost\n|-boost|p2a: Tornadus|atk|2\n|-enditem|p2a: Tornadus|Salac Berry|[eat]\n|-boost|p2a: Tornadus|spe|1|[from] item: Salac Berry\n|move|p1a: Iron Hands|Wild Charge|p1b: Flutter Mane\n|-damage|p1b: Flutter Mane|0 fnt\n|faint|p1b: Flutter Mane\n|-end|p1b: Flutter Mane|Protosynthesis|[silent]\n|-damage|p1a: Iron Hands|41\/100|[from] Recoil\n|\n|-heal|p2b: Rillaboom|71\/100|[from] Grassy Terrain\n|-heal|p2b: Rillaboom|77\/100|[from] item: Leftovers\n|-heal|p1a: Iron Hands|47\/100|[from] Grassy Terrain\n|upkeep\n|inactive|test 99 ou has 120 seconds left.\n|\n|t:|1699457089\n|switch|p1b: Landorus|Landorus-Therian, M|100\/100\n|-ability|p1b: Landorus|Intimidate|boost\n|-unboost|p2a: Tornadus|atk|1\n|-ability|p2a: Tornadus|Defiant|boost\n|-boost|p2a: Tornadus|atk|2\n|-unboost|p2b: Rillaboom|atk|1\n|turn|5\n|c|\u2606Steqhen|You good?\n|inactive|Steqhen has 120 seconds left.\n|c|\u2606test 99 ou|no\n|\n|t:|1699457110\n|-end|p1a: Iron Hands|Quark Drive|[silent]\n|switch|p1a: Tornadus|Tornadus, M|100\/100\n|move|p2a: Tornadus|Acrobatics|p1b: Landorus\n|-damage|p1b: Landorus|0 fnt\n|faint|p1b: Landorus\n|move|p2b: Rillaboom|High Horsepower|p1a: Tornadus\n|-immune|p1a: Tornadus\n|\n|-heal|p2b: Rillaboom|83\/100|[from] Grassy Terrain\n|-heal|p2b: Rillaboom|90\/100|[from] item: Leftovers\n|upkeep\n|c|\u2606test 99 ou|FUCK MUDDY WATER\n|\n|t:|1699457118\n|switch|p1b: Iron Hands|Iron Hands|47\/100\n|turn|6\n|c|\u2606Steqhen|Why?\n|\n|t:|1699457136\n|switch|p2b: Heatran|Heatran, M|100\/100\n|-item|p2b: Heatran|Air Balloon\n|move|p1b: Iron Hands|Fake Out|p2a: Tornadus\n|-damage|p2a: Tornadus|0 fnt\n|faint|p2a: Tornadus\n|move|p1a: Tornadus|Bleakwind Storm|p2b: Heatran\n|-resisted|p2b: Heatran\n|-damage|p2b: Heatran|84\/100\n|-unboost|p2b: Heatran|spe|1\n|-enditem|p2b: Heatran|Air Balloon\n|\n|-heal|p1b: Iron Hands|53\/100|[from] Grassy Terrain\n|-heal|p2b: Heatran|91\/100|[from] Grassy Terrain\n|upkeep\n|c|\u2606test 99 ou|LUW SKILL luck shit\n|inactive|Steqhen has 120 seconds left.\n|c|\u2606Steqhen|Bleak wind does more dmg and similar accuracy\n|\n|t:|1699457174\n|switch|p2a: Gastrodon|Gastrodon, F|58\/100\n|turn|7\n|c|\u2606test 99 ou|uhh\n|c|\u2606test 99 ou|accuracy drops\n|c|\u2606Steqhen|You can drop speed\n|inactive|test 99 ou has 120 seconds left.\n|inactive|test 99 ou has 90 seconds left.\n|\n|t:|1699457243\n|move|p1a: Tornadus|Bleakwind Storm|p2b: Heatran|[spread] p2a,p2b\n|-resisted|p2b: Heatran\n|-damage|p2a: Gastrodon|30\/100\n|-damage|p2b: Heatran|78\/100\n|move|p1b: Iron Hands|Close Combat|p2b: Heatran\n|-supereffective|p2b: Heatran\n|-damage|p2b: Heatran|0 fnt\n|-unboost|p1b: Iron Hands|def|1\n|-unboost|p1b: Iron Hands|spd|1\n|faint|p2b: Heatran\n|move|p2a: Gastrodon|Ice Beam|p1a: Tornadus\n|-supereffective|p1a: Tornadus\n|-damage|p1a: Tornadus|7\/100\n|\n|-heal|p1b: Iron Hands|59\/100|[from] Grassy Terrain\n|-heal|p2a: Gastrodon|36\/100|[from] Grassy Terrain\n|-fieldend|move: Grassy Terrain\n|upkeep\n|c|\u2606test 99 ou|can\n|\n|t:|1699457261\n|switch|p2b: Dragapult|Dragapult, F, shiny|100\/100\n|turn|8\n|inactive|Steqhen has 120 seconds left.\n|c|\u2606test 99 ou|and it is not as impactfull on some occasion\n|\n|t:|1699457286\n|switch|p2a: Rillaboom|Rillaboom, M|90\/100\n|-fieldstart|move: Grassy Terrain|[from] ability: Grassy Surge|[of] p2a: Rillaboom\n|move|p1a: Tornadus|Tailwind|p1a: Tornadus\n|-sidestart|p1: test 99 ou|move: Tailwind\n|move|p2b: Dragapult|Dragon Darts|p1a: Tornadus\n|-damage|p1a: Tornadus|0 fnt\n|-anim|p2b: Dragapult|Dragon Darts|p1b: Iron Hands\n|-damage|p1b: Iron Hands|23\/100\n|faint|p1a: Tornadus\n|move|p1b: Iron Hands|Wild Charge|p2b: Dragapult\n|-resisted|p2b: Dragapult\n|-damage|p2b: Dragapult|66\/100\n|-damage|p1b: Iron Hands|17\/100|[from] Recoil\n|\n|-heal|p2b: Dragapult|72\/100|[from] Grassy Terrain\n|-heal|p1b: Iron Hands|23\/100|[from] Grassy Terrain\n|-heal|p2a: Rillaboom|96\/100|[from] Grassy Terrain\n|-heal|p2a: Rillaboom|100\/100|[from] item: Leftovers\n|upkeep\n|inactive|test 99 ou has 90 seconds left.\n|\n|t:|1699457297\n|switch|p1a: Chi-Yu|Chi-Yu|100\/100\n|-ability|p1a: Chi-Yu|Beads of Ruin\n|turn|9\n|\n|t:|1699457312\n|-terastallize|p2a: Rillaboom|Fighting\n|move|p1a: Chi-Yu|Heat Wave|p2b: Dragapult|[spread] p2a,p2b\n|-resisted|p2b: Dragapult\n|-damage|p2a: Rillaboom|34\/100\n|-damage|p2b: Dragapult|17\/100\n|move|p2b: Dragapult|Dragon Darts|p1b: Iron Hands\n|-damage|p1b: Iron Hands|0 fnt\n|-anim|p2b: Dragapult|Dragon Darts|p1a: Chi-Yu\n|-damage|p1a: Chi-Yu|40\/100\n|faint|p1b: Iron Hands\n|-end|p1b: Iron Hands|Quark Drive|[silent]\n|move|p2a: Rillaboom|Drain Punch|p1a: Chi-Yu\n|-supereffective|p1a: Chi-Yu\n|-damage|p1a: Chi-Yu|0 fnt\n|-heal|p2a: Rillaboom|47\/100|[from] drain|[of] p1a: Chi-Yu\n|faint|p1a: Chi-Yu\n|\n|win|Steqhen\n|raw|test 99 ou's rating: 1607 &rarr; <strong>1583<\/strong><br \/>(-24 for losing)\n|raw|Steqhen's rating: 1530 &rarr; <strong>1554<\/strong><br \/>(+24 for winning)\n","uploadtime":1699457031,"views":8,"p1id":"test99ou","p2id":"steqhen","formatid":"gen9doublesou","rating":1554,"private":0,"password":""}