{"id":"gen9doublesou-1994363139","p1":"xyz88 gg","p2":"Martin80","format":"[Gen 9] Doubles OU","log":"|j|\u203dxyz88 gg\n|j|\u2606Martin80\n|t:|1700435376\n|gametype|doubles\n|player|p1|xyz88 gg|hilbert|1065\n|player|p2|Martin80|steven|1059\n|teamsize|p1|6\n|teamsize|p2|6\n|gen|9\n|tier|[Gen 9] Doubles OU\n|rated|\n|rule|Species Clause: Limit one of each Pok\u00e9mon\n|rule|OHKO Clause: OHKO moves are banned\n|rule|Evasion Moves Clause: Evasion moves are banned\n|rule|Gravity Sleep Clause: The combination of sleep-inducing moves with imperfect accuracy and Gravity or Gigantamax Orbeetle are banned\n|rule|Endless Battle Clause: Forcing endless battles is banned\n|rule|HP Percentage Mod: HP is shown in percentages\n|clearpoke\n|poke|p1|Blissey, F|\n|poke|p1|Dusknoir, F|\n|poke|p1|Grimmsnarl, M|\n|poke|p1|Kingambit, F|\n|poke|p1|Glimmora, F|\n|poke|p1|Ursaluna, F|\n|poke|p2|Garganacl, F|\n|poke|p2|Tinkaton, F|\n|poke|p2|Lokix, F|\n|poke|p2|Quaquaval, F|\n|poke|p2|Arboliva, F|\n|poke|p2|Ceruledge, F|\n|teampreview\n|inactive|Battle timer is ON: inactive players will automatically lose when time's up. (requested by Martin80)\n|inactive|xyz88 gg has 120 seconds left.\n|inactive|xyz88 gg has 90 seconds left.\n|\n|t:|1700435451\n|start\n|switch|p1a: Grimmsnarl|Grimmsnarl, M|100\/100\n|switch|p1b: Kingambit|Kingambit, F|100\/100\n|switch|p2a: Tinkaton|Tinkaton, F, shiny|100\/100\n|switch|p2b: Ceruledge|Ceruledge, F, shiny|100\/100\n|turn|1\n|inactive|xyz88 gg has 120 seconds left.\n|inactive|xyz88 gg has 90 seconds left.\n|\n|t:|1700435521\n|-terastallize|p1b: Kingambit|Dark\n|move|p2a: Tinkaton|Fake Out|p1a: Grimmsnarl\n|-damage|p1a: Grimmsnarl|89\/100\n|cant|p1a: Grimmsnarl|flinch\n|move|p2b: Ceruledge|Swords Dance|p2b: Ceruledge\n|-boost|p2b: Ceruledge|atk|2\n|move|p1b: Kingambit|Swords Dance|p1b: Kingambit\n|-boost|p1b: Kingambit|atk|2\n|\n|upkeep\n|turn|2\n|inactive|xyz88 gg has 90 seconds left.\n|inactive|Martin80 has 120 seconds left.\n|\n|t:|1700435553\n|move|p2b: Ceruledge|Endure|p2b: Ceruledge\n|-singleturn|p2b: Ceruledge|move: Endure\n|move|p1a: Grimmsnarl|Trick|p2a: Tinkaton\n|-activate|p1a: Grimmsnarl|move: Trick|[of] p2a: Tinkaton\n|-item|p2a: Tinkaton|Poke Ball|[from] move: Trick\n|-item|p1a: Grimmsnarl|Leftovers|[from] move: Trick\n|move|p1b: Kingambit|Sucker Punch||[still]\n|-fail|p1b: Kingambit\n|move|p2a: Tinkaton|Gigaton Hammer|p1a: Grimmsnarl\n|-supereffective|p1a: Grimmsnarl\n|-damage|p1a: Grimmsnarl|0 fnt\n|faint|p1a: Grimmsnarl\n|\n|upkeep\n|inactive|xyz88 gg has 90 seconds left.\n|\n|t:|1700435571\n|switch|p1a: Blissey|Blissey, F|100\/100\n|turn|3\n|\n|t:|1700435580\n|move|p2a: Tinkaton|Helping Hand|p2b: Ceruledge\n|-singleturn|p2b: Ceruledge|Helping Hand|[of] p2a: Tinkaton\n|move|p1b: Kingambit|Sucker Punch|p2b: Ceruledge\n|-supereffective|p2b: Ceruledge\n|-damage|p2b: Ceruledge|0 fnt\n|faint|p2b: Ceruledge\n|move|p1a: Blissey|Chilling Water|p2a: Tinkaton\n|-damage|p2a: Tinkaton|91\/100\n|-unboost|p2a: Tinkaton|atk|1\n|\n|upkeep\n|\n|t:|1700435590\n|switch|p2b: Bichota|Lokix, F, shiny|100\/100\n|turn|4\n|inactive|xyz88 gg has 120 seconds left.\n|\n|t:|1700435609\n|move|p1a: Blissey|Helping Hand|p1b: Kingambit\n|-singleturn|p1b: Kingambit|Helping Hand|[of] p1a: Blissey\n|move|p2b: Bichota|First Impression|p1b: Kingambit\n|-supereffective|p1b: Kingambit\n|-damage|p1b: Kingambit|19\/100\n|-damage|p2b: Bichota|91\/100|[from] item: Life Orb\n|move|p1b: Kingambit|Sucker Punch||[still]\n|-fail|p1b: Kingambit\n|move|p2a: Tinkaton|Gigaton Hammer|p1a: Blissey\n|-damage|p1a: Blissey|47\/100\n|\n|-heal|p1a: Blissey|53\/100|[from] item: Leftovers\n|upkeep\n|turn|5\n|\n|t:|1700435625\n|move|p1a: Blissey|Helping Hand|p1b: Kingambit\n|-singleturn|p1b: Kingambit|Helping Hand|[of] p1a: Blissey\n|move|p1b: Kingambit|Sucker Punch|p2b: Bichota\n|-resisted|p2b: Bichota\n|-damage|p2b: Bichota|0 fnt\n|faint|p2b: Bichota\n|move|p2a: Tinkaton|Skitter Smack|p1b: Kingambit\n|-supereffective|p1b: Kingambit\n|-damage|p1b: Kingambit|4\/100\n|-unboost|p1b: Kingambit|spa|1\n|-ability|p1b: Kingambit|Defiant|boost\n|-boost|p1b: Kingambit|atk|2\n|\n|-heal|p1a: Blissey|59\/100|[from] item: Leftovers\n|upkeep\n|\n|t:|1700435639\n|switch|p2b: Jolyne|Quaquaval, F, shiny|100\/100\n|turn|6\n|\n|t:|1700435666\n|move|p1b: Kingambit|Sucker Punch|p2b: Jolyne\n|-resisted|p2b: Jolyne\n|-damage|p2b: Jolyne|0 fnt\n|faint|p2b: Jolyne\n|move|p2a: Tinkaton|Gigaton Hammer|p1a: Blissey\n|-damage|p1a: Blissey|4\/100\n|move|p1a: Blissey|Chilling Water|p2a: Tinkaton\n|-damage|p2a: Tinkaton|81\/100\n|-unboost|p2a: Tinkaton|atk|1\n|\n|-heal|p1a: Blissey|10\/100|[from] item: Leftovers\n|upkeep\n|\n|t:|1700435677\n|switch|p2b: Golemcita|Garganacl, F, shiny|100\/100\n|turn|7\n|\n|t:|1700435687\n|move|p1b: Kingambit|Sucker Punch||[still]\n|-fail|p1b: Kingambit\n|move|p2a: Tinkaton|Skitter Smack|p1b: Kingambit\n|-supereffective|p1b: Kingambit\n|-damage|p1b: Kingambit|0 fnt\n|faint|p1b: Kingambit\n|move|p1a: Blissey|Heal Pulse|p1: Kingambit|[notarget]\n|-fail|p1a: Blissey\n|move|p2b: Golemcita|Iron Defense|p2b: Golemcita\n|-boost|p2b: Golemcita|def|2\n|\n|-heal|p1a: Blissey|16\/100|[from] item: Leftovers\n|upkeep\n|\n|t:|1700435698\n|switch|p1b: Ursaluna|Ursaluna, F|100\/100\n|turn|8\n|\n|t:|1700435707\n|move|p2a: Tinkaton|Helping Hand|p2b: Golemcita\n|-singleturn|p2b: Golemcita|Helping Hand|[of] p2a: Tinkaton\n|move|p1a: Blissey|Helping Hand|p1b: Ursaluna\n|-singleturn|p1b: Ursaluna|Helping Hand|[of] p1a: Blissey\n|move|p2b: Golemcita|Body Press|p1b: Ursaluna\n|-supereffective|p1b: Ursaluna\n|-damage|p1b: Ursaluna|0 fnt\n|faint|p1b: Ursaluna\n|\n|-heal|p1a: Blissey|22\/100|[from] item: Leftovers\n|upkeep\n|\n|t:|1700435720\n|switch|p1b: Glimmora|Glimmora, F|100\/100\n|turn|9\n|\n|t:|1700435735\n|move|p1a: Blissey|Helping Hand|p1b: Glimmora\n|-singleturn|p1b: Glimmora|Helping Hand|[of] p1a: Blissey\n|move|p2a: Tinkaton|Gigaton Hammer|p1b: Glimmora\n|-supereffective|p1b: Glimmora\n|-damage|p1b: Glimmora|34\/100\n|-activate|p1b: Glimmora|ability: Toxic Debris\n|-sidestart|p2: Martin80|move: Toxic Spikes\n|move|p1b: Glimmora|Mortal Spin|p2a: Tinkaton|[spread] p2b\n|-immune|p2a: Tinkaton\n|-resisted|p2b: Golemcita\n|-damage|p2b: Golemcita|99\/100\n|move|p2b: Golemcita|Body Press|p1a: Blissey\n|-supereffective|p1a: Blissey\n|-damage|p1a: Blissey|0 fnt\n|faint|p1a: Blissey\n|\n|-heal|p2b: Golemcita|100\/100|[from] item: Leftovers\n|upkeep\n|\n|t:|1700435750\n|switch|p1a: Dusknoir|Dusknoir, F|100\/100\n|-item|p2a: Tinkaton|Poke Ball|[from] ability: Frisk|[of] p1a: Dusknoir|[identify]\n|-item|p2b: Golemcita|Leftovers|[from] ability: Frisk|[of] p1a: Dusknoir|[identify]\n|turn|10\n|\n|t:|1700435762\n|move|p1b: Glimmora|Spiky Shield|p1b: Glimmora\n|-singleturn|p1b: Glimmora|move: Protect\n|move|p2a: Tinkaton|Skitter Smack|p1a: Dusknoir\n|-resisted|p1a: Dusknoir\n|-damage|p1a: Dusknoir|97\/100\n|-unboost|p1a: Dusknoir|spa|1\n|move|p2b: Golemcita|Body Press|p1b: Glimmora\n|-activate|p1b: Glimmora|move: Protect\n|-damage|p2b: Golemcita|88\/100|[from] Spiky Shield|[of] p1b: Glimmora\n|move|p1a: Dusknoir|Pain Split|p2b: Golemcita\n|-sethp|p2b: Golemcita|72\/100|[from] move: Pain Split|[silent]\n|-sethp|p1a: Dusknoir|100\/100|[from] move: Pain Split\n|\n|-heal|p2b: Golemcita|78\/100|[from] item: Leftovers\n|upkeep\n|turn|11\n|\n|t:|1700435785\n|move|p2a: Tinkaton|Gigaton Hammer|p1b: Glimmora\n|-supereffective|p1b: Glimmora\n|-damage|p1b: Glimmora|0 fnt\n|-activate|p1b: Glimmora|ability: Toxic Debris\n|-sidestart|p2: Martin80|move: Toxic Spikes\n|faint|p1b: Glimmora\n|move|p2b: Golemcita|Salt Cure|p1a: Dusknoir\n|-crit|p1a: Dusknoir\n|-damage|p1a: Dusknoir|79\/100\n|-start|p1a: Dusknoir|Salt Cure\n|move|p1a: Dusknoir|Poltergeist|p2a: Tinkaton\n|-activate|p2a: Tinkaton|move: Poltergeist|Poke Ball\n|-damage|p2a: Tinkaton|28\/100\n|\n|-heal|p2b: Golemcita|84\/100|[from] item: Leftovers\n|-damage|p1a: Dusknoir|67\/100|[from] Salt Cure\n|upkeep\n|turn|12\n|-message|xyz88 gg forfeited.\n|\n|win|Martin80\n|raw|xyz88 gg's rating: 1065 &rarr; <strong>1045<\/strong><br \/>(-20 for losing)\n|raw|Martin80's rating: 1059 &rarr; <strong>1091<\/strong><br \/>(+32 for winning)\n|l|\u203dxyz88 gg\n","uploadtime":1700435801,"views":3,"p1id":"xyz88gg","p2id":"martin80","formatid":"gen9doublesou","rating":1045,"private":0,"password":""}