{"id":"gen9doublesou-1991200666","p1":"Kondroid","p2":"CrustySockCrusader","format":"[Gen 9] Doubles OU","log":"|j|\u2606Kondroid\n|j|\u2606CrustySockCrusader\n|t:|1700056482\n|gametype|doubles\n|player|p1|Kondroid|hilbert-wonderlauncher|1217\n|player|p2|CrustySockCrusader|dawn|1149\n|teamsize|p1|6\n|teamsize|p2|6\n|gen|9\n|tier|[Gen 9] Doubles OU\n|rated|\n|rule|Species Clause: Limit one of each Pok\u00e9mon\n|rule|OHKO Clause: OHKO moves are banned\n|rule|Evasion Moves Clause: Evasion moves are banned\n|rule|Gravity Sleep Clause: The combination of sleep-inducing moves with imperfect accuracy and Gravity or Gigantamax Orbeetle are banned\n|rule|Endless Battle Clause: Forcing endless battles is banned\n|rule|HP Percentage Mod: HP is shown in percentages\n|clearpoke\n|poke|p1|Baxcalibur, F|\n|poke|p1|Ninetales-Alola, F|\n|poke|p1|Sinistcha|\n|poke|p1|Goodra-Hisui, F|\n|poke|p1|Zapdos|\n|poke|p1|Ogerpon-Hearthflame, F|\n|poke|p2|Greninja-*, F|\n|poke|p2|Rotom-Wash|\n|poke|p2|Clefable, M|\n|poke|p2|Meowscarada, F|\n|poke|p2|Volcarona, M|\n|poke|p2|Baxcalibur, F|\n|teampreview\n|inactive|Battle timer is ON: inactive players will automatically lose when time's up. (requested by Kondroid)\n|\n|t:|1700056494\n|start\n|switch|p1a: Ninetales|Ninetales-Alola, F|100\/100\n|switch|p1b: Baxcalibur|Baxcalibur, F|100\/100\n|switch|p2a: Baxcalibur|Baxcalibur, F|100\/100\n|switch|p2b: Clefable|Clefable, M|100\/100\n|-weather|Snow|[from] ability: Snow Warning|[of] p1a: Ninetales\n|turn|1\n|\n|t:|1700056513\n|move|p1a: Ninetales|Aurora Veil|p1a: Ninetales\n|-sidestart|p1: Kondroid|move: Aurora Veil\n|move|p2a: Baxcalibur|Dragon Dance|p2a: Baxcalibur\n|-boost|p2a: Baxcalibur|atk|1\n|-boost|p2a: Baxcalibur|spe|1\n|move|p1b: Baxcalibur|Scale Shot|p2a: Baxcalibur\n|-supereffective|p2a: Baxcalibur\n|-damage|p2a: Baxcalibur|79\/100\n|-supereffective|p2a: Baxcalibur\n|-damage|p2a: Baxcalibur|56\/100\n|-supereffective|p2a: Baxcalibur\n|-crit|p2a: Baxcalibur\n|-damage|p2a: Baxcalibur|27\/100\n|-supereffective|p2a: Baxcalibur\n|-damage|p2a: Baxcalibur|6\/100\n|-supereffective|p2a: Baxcalibur\n|-damage|p2a: Baxcalibur|0 fnt\n|faint|p2a: Baxcalibur\n|-hitcount|p2: Baxcalibur|5\n|-unboost|p1b: Baxcalibur|def|1\n|-boost|p1b: Baxcalibur|spe|1\n|move|p2b: Clefable|Reflect|p2b: Clefable\n|-sidestart|p2: CrustySockCrusader|Reflect\n|\n|-weather|Snow|[upkeep]\n|upkeep\n|inactive|CrustySockCrusader has 120 seconds left.\n|\n|t:|1700056538\n|switch|p2a: Volcarona|Volcarona, M|100\/100\n|turn|2\n|\n|t:|1700056560\n|switch|p1a: Zapdos|Zapdos|100\/100\n|move|p1b: Baxcalibur|Icicle Spear|p2a: Volcarona\n|-resisted|p2a: Volcarona\n|-damage|p2a: Volcarona|92\/100\n|-resisted|p2a: Volcarona\n|-damage|p2a: Volcarona|84\/100\n|-resisted|p2a: Volcarona\n|-damage|p2a: Volcarona|76\/100\n|-resisted|p2a: Volcarona\n|-damage|p2a: Volcarona|67\/100\n|-resisted|p2a: Volcarona\n|-damage|p2a: Volcarona|59\/100\n|-hitcount|p2a: Volcarona|5\n|move|p2a: Volcarona|Bug Buzz|p1b: Baxcalibur\n|-damage|p1b: Baxcalibur|65\/100\n|-unboost|p1b: Baxcalibur|spd|1\n|move|p2b: Clefable|Dazzling Gleam|p1a: Zapdos|[spread] p1a,p1b\n|-supereffective|p1b: Baxcalibur\n|-damage|p1a: Zapdos|86\/100\n|-damage|p1b: Baxcalibur|24\/100\n|\n|-weather|Snow|[upkeep]\n|-heal|p1b: Baxcalibur|30\/100|[from] ability: Ice Body\n|upkeep\n|turn|3\n|\n|t:|1700056587\n|move|p2b: Clefable|Follow Me|p2b: Clefable\n|-singleturn|p2b: Clefable|move: Follow Me\n|move|p1b: Baxcalibur|Scale Shot|p2b: Clefable\n|-immune|p2b: Clefable\n|move|p1a: Zapdos|Tailwind|p1a: Zapdos\n|-sidestart|p1: Kondroid|move: Tailwind\n|move|p2a: Volcarona|Bug Buzz|p1b: Baxcalibur\n|-damage|p1b: Baxcalibur|0 fnt\n|faint|p1b: Baxcalibur\n|\n|-weather|Snow|[upkeep]\n|upkeep\n|inactive|Kondroid has 120 seconds left.\n|\n|t:|1700056610\n|switch|p1b: Goodra|Goodra-Hisui, F|100\/100\n|turn|4\n|\n|t:|1700056621\n|move|p2b: Clefable|Follow Me|p2b: Clefable\n|-singleturn|p2b: Clefable|move: Follow Me\n|move|p1a: Zapdos|Hurricane|p2b: Clefable\n|-damage|p2b: Clefable|61\/100\n|move|p2a: Volcarona|Fiery Dance|p1a: Zapdos\n|-damage|p1a: Zapdos|54\/100\n|-boost|p2a: Volcarona|spa|1\n|move|p1b: Goodra|Flash Cannon|p2b: Clefable\n|-supereffective|p2b: Clefable\n|-damage|p2b: Clefable|7\/100\n|\n|-weather|Snow|[upkeep]\n|-heal|p2b: Clefable|13\/100|[from] item: Leftovers\n|upkeep\n|turn|5\n|\n|t:|1700056643\n|move|p1a: Zapdos|Heat Wave|p2b: Clefable|[spread] p2a,p2b\n|-damage|p2a: Volcarona|33\/100\n|-damage|p2b: Clefable|0 fnt\n|faint|p2b: Clefable\n|move|p2a: Volcarona|Fiery Dance|p1a: Zapdos\n|-damage|p1a: Zapdos|3\/100\n|-boost|p2a: Volcarona|spa|1\n|move|p1b: Goodra|Blizzard|p2a: Volcarona\n|-resisted|p2a: Volcarona\n|-damage|p2a: Volcarona|14\/100\n|-enditem|p2a: Volcarona|Aguav Berry|[eat]\n|-heal|p2a: Volcarona|47\/100|[from] item: Aguav Berry\n|\n|-weather|Snow|[upkeep]\n|-sideend|p2: CrustySockCrusader|Reflect\n|-sideend|p1: Kondroid|move: Aurora Veil\n|upkeep\n|\n|t:|1700056658\n|switch|p2b: Greninja|Greninja, F|100\/100\n|turn|6\n|\n|t:|1700056673\n|-terastallize|p2b: Greninja|Electric\n|move|p1a: Zapdos|Thunderbolt|p2b: Greninja\n|-resisted|p2b: Greninja\n|-damage|p2b: Greninja|67\/100\n|move|p2a: Volcarona|Bug Buzz|p1b: Goodra\n|-resisted|p1b: Goodra\n|-damage|p1b: Goodra|79\/100\n|move|p1b: Goodra|Chilling Water|p2a: Volcarona\n|-supereffective|p2a: Volcarona\n|-damage|p2a: Volcarona|10\/100\n|-unboost|p2a: Volcarona|atk|1\n|move|p2b: Greninja|Swords Dance|p2b: Greninja\n|-boost|p2b: Greninja|atk|2\n|\n|-weather|Snow|[upkeep]\n|-sideend|p1: Kondroid|move: Tailwind\n|upkeep\n|turn|7\n|l|\u2606CrustySockCrusader\n|inactive|CrustySockCrusader disconnected and has a minute to reconnect!\n|player|p2|\n|inactive|CrustySockCrusader has 30 seconds to reconnect!\n|inactive|CrustySockCrusader has 20 seconds to reconnect!\n|inactive|CrustySockCrusader has 15 seconds to reconnect!\n|inactive|CrustySockCrusader has 10 seconds to reconnect!\n|inactive|CrustySockCrusader has 5 seconds to reconnect!\n|-message|CrustySockCrusader lost due to inactivity.\n|\n|win|Kondroid\n|raw|Kondroid's rating: 1217 &rarr; <strong>1237<\/strong><br \/>(+20 for winning)\n|raw|CrustySockCrusader's rating: 1149 &rarr; <strong>1129<\/strong><br \/>(-20 for losing)\n","uploadtime":1700056764,"views":14,"p1id":"kondroid","p2id":"crustysockcrusader","formatid":"gen9doublesou","rating":1129,"private":0,"password":""}