{"id":"gen9doublesou-1990110017","p1":"MAn of Melons","p2":"Santiri2mil","format":"[Gen 9] Doubles OU","log":"|j|\u2606MAn of Melons\n|j|\u2606Santiri2mil\n|t:|1699925594\n|gametype|doubles\n|player|p1|MAn of Melons|ingo|1356\n|player|p2|Santiri2mil|2|1370\n|teamsize|p1|6\n|teamsize|p2|6\n|gen|9\n|tier|[Gen 9] Doubles OU\n|rated|\n|rule|Species Clause: Limit one of each Pok\u00e9mon\n|rule|OHKO Clause: OHKO moves are banned\n|rule|Evasion Moves Clause: Evasion moves are banned\n|rule|Gravity Sleep Clause: The combination of sleep-inducing moves with imperfect accuracy and Gravity or Gigantamax Orbeetle are banned\n|rule|Endless Battle Clause: Forcing endless battles is banned\n|rule|HP Percentage Mod: HP is shown in percentages\n|clearpoke\n|poke|p1|Sneasler, F|\n|poke|p1|Tornadus, M|\n|poke|p1|Gholdengo|\n|poke|p1|Heatran, F|\n|poke|p1|Regidrago|\n|poke|p1|Iron Hands|\n|poke|p2|Kommo-o, M|\n|poke|p2|Armarouge, M|\n|poke|p2|Indeedee-F, F|\n|poke|p2|Clefairy, F|\n|poke|p2|Dondozo, M|\n|poke|p2|Landorus-Therian, M|\n|teampreview\n|inactive|Battle timer is ON: inactive players will automatically lose when time's up. (requested by MAn of Melons)\n|\n|t:|1699925614\n|start\n|switch|p1a: Tornadus|Tornadus, M|100\/100\n|switch|p1b: Regidrago|Regidrago|100\/100\n|switch|p2a: Armarouge|Armarouge, M|100\/100\n|switch|p2b: Indeedee|Indeedee-F, F|100\/100\n|-fieldstart|move: Psychic Terrain|[from] ability: Psychic Surge|[of] p2b: Indeedee\n|turn|1\n|\n|t:|1699925621\n|move|p2a: Armarouge|Wide Guard|p2a: Armarouge\n|-singleturn|p2a: Armarouge|Wide Guard\n|move|p1a: Tornadus|Bleakwind Storm|p2b: Indeedee|[spread] \n|-activate|p2a: Armarouge|move: Wide Guard\n|-activate|p2b: Indeedee|move: Wide Guard\n|move|p2b: Indeedee|Psyshock|p1b: Regidrago\n|-damage|p1b: Regidrago|64\/100\n|move|p1b: Regidrago|Dragon Energy|p2b: Indeedee|[spread] \n|-activate|p2a: Armarouge|move: Wide Guard\n|-activate|p2b: Indeedee|move: Wide Guard\n|\n|upkeep\n|turn|2\n|inactive|MAn of Melons has 120 seconds left.\n|\n|t:|1699925653\n|move|p2a: Armarouge|Wide Guard|p2a: Armarouge\n|-singleturn|p2a: Armarouge|Wide Guard\n|move|p1a: Tornadus|Bleakwind Storm|p2a: Armarouge|[spread] \n|-activate|p2a: Armarouge|move: Wide Guard\n|-activate|p2b: Indeedee|move: Wide Guard\n|move|p2b: Indeedee|Psyshock|p1b: Regidrago\n|-damage|p1b: Regidrago|27\/100\n|move|p1b: Regidrago|Earth Power|p2a: Armarouge\n|-supereffective|p2a: Armarouge\n|-damage|p2a: Armarouge|46\/100\n|\n|upkeep\n|turn|3\n|\n|t:|1699925677\n|move|p1a: Tornadus|Bleakwind Storm|p2b: Indeedee|[spread] p2a,p2b\n|-damage|p2a: Armarouge|0 fnt\n|-damage|p2b: Indeedee|60\/100\n|faint|p2a: Armarouge\n|move|p2b: Indeedee|Psyshock|p1b: Regidrago\n|-damage|p1b: Regidrago|0 fnt\n|faint|p1b: Regidrago\n|\n|-heal|p2b: Indeedee|66\/100|[from] item: Leftovers\n|upkeep\n|\n|t:|1699925690\n|switch|p1b: Heatran|Heatran, F|100\/100\n|switch|p2a: Kommo-o|Kommo-o, M, shiny|100\/100\n|turn|4\n|\n|t:|1699925704\n|-terastallize|p2a: Kommo-o|Steel\n|-terastallize|p1b: Heatran|Grass\n|move|p1a: Tornadus|Bleakwind Storm|p2a: Kommo-o|[spread] p2a,p2b\n|-resisted|p2a: Kommo-o\n|-damage|p2a: Kommo-o|78\/100\n|-damage|p2b: Indeedee|28\/100\n|move|p2b: Indeedee|Psyshock|p1a: Tornadus\n|-damage|p1a: Tornadus|45\/100\n|move|p2a: Kommo-o|Clanging Scales|p1a: Tornadus|[spread] p1a,p1b\n|-damage|p1a: Tornadus|0 fnt\n|-damage|p1b: Heatran|75\/100\n|faint|p1a: Tornadus\n|-unboost|p2a: Kommo-o|def|1\n|-enditem|p2a: Kommo-o|Throat Spray\n|-boost|p2a: Kommo-o|spa|1|[from] item: Throat Spray\n|move|p1b: Heatran|Will-O-Wisp|p2a: Kommo-o\n|-status|p2a: Kommo-o|brn\n|\n|-heal|p2b: Indeedee|35\/100|[from] item: Leftovers\n|-heal|p1b: Heatran|81\/100|[from] item: Leftovers\n|-damage|p2a: Kommo-o|72\/100 brn|[from] brn\n|upkeep\n|\n|t:|1699925725\n|switch|p1a: Sneasler|Sneasler, F, shiny|100\/100\n|turn|5\n|\n|t:|1699925733\n|switch|p1a: Iron Hands|Iron Hands|100\/100\n|move|p2b: Indeedee|Follow Me|p2b: Indeedee\n|-singleturn|p2b: Indeedee|move: Follow Me\n|move|p2a: Kommo-o|Clanging Scales|p1a: Iron Hands|[spread] p1a,p1b\n|-damage|p1a: Iron Hands|50\/100\n|-damage|p1b: Heatran|45\/100\n|-unboost|p2a: Kommo-o|def|1\n|move|p1b: Heatran|Magma Storm|p2b: Indeedee\n|-damage|p2b: Indeedee|0 fnt\n|faint|p2b: Indeedee\n|\n|-heal|p1b: Heatran|51\/100|[from] item: Leftovers\n|-heal|p1a: Iron Hands|56\/100|[from] item: Leftovers\n|-damage|p2a: Kommo-o|65\/100 brn|[from] brn\n|-fieldend|move: Psychic Terrain\n|upkeep\n|\n|t:|1699925751\n|switch|p2b: Landorus|Landorus-Therian, M|100\/100\n|-ability|p2b: Landorus|Intimidate|boost\n|-unboost|p1a: Iron Hands|atk|1\n|-unboost|p1b: Heatran|atk|1\n|turn|6\n|\n|t:|1699925759\n|move|p2b: Landorus|Stomping Tantrum|p1a: Iron Hands\n|-supereffective|p1a: Iron Hands\n|-damage|p1a: Iron Hands|5\/100\n|move|p2a: Kommo-o|Clanging Scales|p1a: Iron Hands|[spread] p1a,p1b\n|-damage|p1a: Iron Hands|0 fnt\n|-damage|p1b: Heatran|17\/100\n|faint|p1a: Iron Hands\n|-end|p1a: Iron Hands|Quark Drive|[silent]\n|-unboost|p2a: Kommo-o|def|1\n|move|p1b: Heatran|Magma Storm|p2a: Kommo-o\n|-supereffective|p2a: Kommo-o\n|-damage|p2a: Kommo-o|0 fnt\n|faint|p2a: Kommo-o\n|\n|-heal|p1b: Heatran|23\/100|[from] item: Leftovers\n|upkeep\n|\n|t:|1699925777\n|switch|p2a: Dondozo|Dondozo, M|100\/100\n|switch|p1a: Sneasler|Sneasler, F, shiny|100\/100\n|turn|7\n|\n|t:|1699925797\n|switch|p2b: Clefairy|Clefairy, F|100\/100\n|move|p1a: Sneasler|Fake Out|p2b: Clefairy\n|-enditem|p1a: Sneasler|Normal Gem|[from] gem\n|-damage|p2b: Clefairy|78\/100\n|move|p1b: Heatran|Will-O-Wisp|p2a: Dondozo\n|-status|p2a: Dondozo|brn\n|move|p2a: Dondozo|Crunch|p1b: Heatran\n|-damage|p1b: Heatran|14\/100\n|-unboost|p1b: Heatran|def|1\n|\n|-heal|p1b: Heatran|20\/100|[from] item: Leftovers\n|-damage|p2a: Dondozo|94\/100 brn|[from] brn\n|upkeep\n|turn|8\n|\n|t:|1699925816\n|move|p1a: Sneasler|Swords Dance|p1a: Sneasler\n|-boost|p1a: Sneasler|atk|2\n|move|p1b: Heatran|Magma Storm|p2a: Dondozo\n|-resisted|p2a: Dondozo\n|-damage|p2a: Dondozo|79\/100 brn\n|-activate|p2a: Dondozo|move: Magma Storm|[of] p1b: Heatran\n|move|p2b: Clefairy|Heal Pulse|p2a: Dondozo\n|-heal|p2a: Dondozo|100\/100 brn\n|move|p2a: Dondozo|Crunch|p1b: Heatran\n|-damage|p1b: Heatran|11\/100\n|\n|-heal|p1b: Heatran|17\/100|[from] item: Leftovers\n|-damage|p2a: Dondozo|94\/100 brn|[from] brn\n|-damage|p2a: Dondozo|82\/100 brn|[from] move: Magma Storm|[partiallytrapped]\n|upkeep\n|turn|9\n|\n|t:|1699925834\n|move|p1a: Sneasler|Dire Claw|p2b: Clefairy\n|-supereffective|p2b: Clefairy\n|-damage|p2b: Clefairy|0 fnt\n|faint|p2b: Clefairy\n|move|p1b: Heatran|Magma Storm|p2a: Dondozo\n|-resisted|p2a: Dondozo\n|-damage|p2a: Dondozo|62\/100 brn\n|move|p2a: Dondozo|Liquidation|p1a: Sneasler\n|-damage|p1a: Sneasler|68\/100\n|\n|-heal|p1b: Heatran|23\/100|[from] item: Leftovers\n|-heal|p2a: Dondozo|68\/100 brn|[from] item: Leftovers\n|-damage|p2a: Dondozo|62\/100 brn|[from] brn\n|-damage|p2a: Dondozo|49\/100 brn|[from] move: Magma Storm|[partiallytrapped]\n|upkeep\n|\n|t:|1699925841\n|switch|p2b: Landorus|Landorus-Therian, M|100\/100\n|-ability|p2b: Landorus|Intimidate|boost\n|-unboost|p1a: Sneasler|atk|1\n|-unboost|p1b: Heatran|atk|1\n|turn|10\n|\n|t:|1699925858\n|move|p1a: Sneasler|Dire Claw|p2b: Landorus\n|-resisted|p2b: Landorus\n|-damage|p2b: Landorus|61\/100\n|move|p2b: Landorus|Stomping Tantrum|p1a: Sneasler\n|-supereffective|p1a: Sneasler\n|-damage|p1a: Sneasler|0 fnt\n|faint|p1a: Sneasler\n|move|p1b: Heatran|Will-O-Wisp|p2b: Landorus\n|-status|p2b: Landorus|brn\n|move|p2a: Dondozo|Rest|p2a: Dondozo\n|-status|p2a: Dondozo|slp|[from] move: Rest\n|-heal|p2a: Dondozo|100\/100 slp|[silent]\n|\n|-heal|p1b: Heatran|29\/100|[from] item: Leftovers\n|-damage|p2b: Landorus|55\/100 brn|[from] brn\n|-damage|p2a: Dondozo|88\/100 slp|[from] move: Magma Storm|[partiallytrapped]\n|upkeep\n|\n|t:|1699925870\n|switch|p1a: Gholdengo|Gholdengo|100\/100\n|turn|11\n|\n|t:|1699925884\n|move|p2b: Landorus|Stomping Tantrum|p1a: Gholdengo\n|-supereffective|p1a: Gholdengo\n|-damage|p1a: Gholdengo|48\/100\n|move|p1a: Gholdengo|Trick|p2a: Dondozo\n|-activate|p1a: Gholdengo|move: Trick|[of] p2a: Dondozo\n|-item|p2a: Dondozo|Choice Specs|[from] move: Trick\n|-item|p1a: Gholdengo|Leftovers|[from] move: Trick\n|move|p1b: Heatran|Magma Storm|p2b: Landorus|[miss]\n|-miss|p1b: Heatran|p2b: Landorus\n|cant|p2a: Dondozo|slp\n|move|p2a: Dondozo|Sleep Talk|p2a: Dondozo\n|move|p2a: Dondozo|Liquidation|p1a: Gholdengo|[from]move: Sleep Talk\n|-damage|p1a: Gholdengo|5\/100\n|\n|-heal|p1a: Gholdengo|11\/100|[from] item: Leftovers\n|-heal|p1b: Heatran|35\/100|[from] item: Leftovers\n|-damage|p2b: Landorus|49\/100 brn|[from] brn\n|-damage|p2a: Dondozo|75\/100 slp|[from] move: Magma Storm|[partiallytrapped]\n|upkeep\n|turn|12\n|inactive|MAn of Melons has 120 seconds left.\n|\n|t:|1699925918\n|move|p2b: Landorus|Stomping Tantrum|p1a: Gholdengo\n|-supereffective|p1a: Gholdengo\n|-damage|p1a: Gholdengo|0 fnt\n|faint|p1a: Gholdengo\n|move|p1b: Heatran|Magma Storm|p2b: Landorus\n|-damage|p2b: Landorus|0 fnt\n|faint|p2b: Landorus\n|cant|p2a: Dondozo|slp\n|move|p2a: Dondozo|Sleep Talk|p2a: Dondozo\n|move|p2a: Dondozo|Rest||[from]move: Sleep Talk|[still]\n|-fail|p2a: Dondozo\n|\n|-heal|p1b: Heatran|42\/100|[from] item: Leftovers\n|-end|p2a: Dondozo|Magma Storm|[partiallytrapped]\n|upkeep\n|turn|13\n|c|\u2606MAn of Melons|The sleep talk read was absolutely diabolical\n|\n|t:|1699925939\n|move|p1b: Heatran|Protect|p1b: Heatran\n|-singleturn|p1b: Heatran|Protect\n|-curestatus|p2a: Dondozo|slp|[msg]\n|move|p2a: Dondozo|Sleep Talk||[still]\n|-fail|p2a: Dondozo\n|\n|-heal|p1b: Heatran|48\/100|[from] item: Leftovers\n|upkeep\n|turn|14\n|\n|t:|1699925945\n|move|p1b: Heatran|Will-O-Wisp|p2a: Dondozo\n|-status|p2a: Dondozo|brn\n|move|p2a: Dondozo|Sleep Talk||[still]\n|-fail|p2a: Dondozo\n|\n|-heal|p1b: Heatran|54\/100|[from] item: Leftovers\n|-damage|p2a: Dondozo|69\/100 brn|[from] brn\n|upkeep\n|turn|15\n|\n|t:|1699925951\n|move|p1b: Heatran|Magma Storm|p2a: Dondozo\n|-resisted|p2a: Dondozo\n|-damage|p2a: Dondozo|50\/100 brn\n|-activate|p2a: Dondozo|move: Magma Storm|[of] p1b: Heatran\n|move|p2a: Dondozo|Sleep Talk||[still]\n|-fail|p2a: Dondozo\n|\n|-heal|p1b: Heatran|60\/100|[from] item: Leftovers\n|-damage|p2a: Dondozo|44\/100 brn|[from] brn\n|-damage|p2a: Dondozo|31\/100 brn|[from] move: Magma Storm|[partiallytrapped]\n|upkeep\n|turn|16\n|-message|Santiri2mil forfeited.\n|\n|win|MAn of Melons\n|raw|MAn of Melons's rating: 1356 &rarr; <strong>1377<\/strong><br \/>(+21 for winning)\n|raw|Santiri2mil's rating: 1370 &rarr; <strong>1349<\/strong><br \/>(-21 for losing)\n|l|\u2606Santiri2mil\n","uploadtime":1699925967,"views":6,"p1id":"manofmelons","p2id":"santiri2mil","formatid":"gen9doublesou","rating":1349,"private":0,"password":""}