{"id":"gen9doublesou-1989414789","p1":"bananaszn","p2":"jackgw","format":"[Gen 9] Doubles OU","log":"|j|\u2606bananaszn\n|j|\u2606jackgw\n|t:|1699847236\n|gametype|doubles\n|player|p1|bananaszn|brycen|1430\n|player|p2|jackgw|265|1368\n|teamsize|p1|6\n|teamsize|p2|6\n|gen|9\n|tier|[Gen 9] Doubles OU\n|rated|\n|rule|Species Clause: Limit one of each Pok\u00e9mon\n|rule|OHKO Clause: OHKO moves are banned\n|rule|Evasion Moves Clause: Evasion moves are banned\n|rule|Gravity Sleep Clause: The combination of sleep-inducing moves with imperfect accuracy and Gravity or Gigantamax Orbeetle are banned\n|rule|Endless Battle Clause: Forcing endless battles is banned\n|rule|HP Percentage Mod: HP is shown in percentages\n|clearpoke\n|poke|p1|Poliwrath, M|\n|poke|p1|Pelipper, F|\n|poke|p1|Basculegion-F, F|\n|poke|p1|Zapdos|\n|poke|p1|Landorus, M|\n|poke|p1|Tsareena, F|\n|poke|p2|Cresselia, F|\n|poke|p2|Torkoal, F|\n|poke|p2|Amoonguss, F|\n|poke|p2|Ursaluna, F|\n|poke|p2|Sinistcha-Masterpiece|\n|poke|p2|Diancie|\n|teampreview\n|\n|t:|1699847247\n|start\n|switch|p1a: Pelipper|Pelipper, F|100\/100\n|switch|p1b: Poliwrath|Poliwrath, M|100\/100\n|switch|p2a: Cresselia|Cresselia, F, shiny|100\/100\n|switch|p2b: shroom|Amoonguss, F, shiny|100\/100\n|-weather|RainDance|[from] ability: Drizzle|[of] p1a: Pelipper\n|turn|1\n|\n|t:|1699847272\n|switch|p1a: Tsareena|Tsareena, F|100\/100\n|move|p1b: Poliwrath|Knock Off|p2b: shroom\n|-damage|p2b: shroom|51\/100\n|-damage|p1b: Poliwrath|84\/100|[from] item: Rocky Helmet|[of] p2b: shroom\n|-enditem|p2b: shroom|Rocky Helmet|[from] move: Knock Off|[of] p1b: Poliwrath\n|move|p2b: shroom|Spore|p1b: Poliwrath\n|-status|p1b: Poliwrath|slp|[from] move: Spore\n|move|p2a: Cresselia|Trick Room|p2a: Cresselia\n|-fieldstart|move: Trick Room|[of] p2a: Cresselia\n|\n|-weather|RainDance|[upkeep]\n|upkeep\n|turn|2\n|\n|t:|1699847295\n|switch|p2b: Torkoal|Torkoal, F|100\/100\n|-weather|SunnyDay|[from] ability: Drought|[of] p2b: Torkoal\n|switch|p1b: Zapdos|Zapdos|100\/100\n|move|p2a: Cresselia|Calm Mind|p2a: Cresselia\n|-boost|p2a: Cresselia|spa|1\n|-boost|p2a: Cresselia|spd|1\n|move|p1a: Tsareena|U-turn|p2a: Cresselia\n|-supereffective|p2a: Cresselia\n|-damage|p2a: Cresselia|73\/100\n|\n|t:|1699847306\n|switch|p1a: Pelipper|Pelipper, F|100\/100|[from] U-turn\n|-weather|RainDance|[from] ability: Drizzle|[of] p1a: Pelipper\n|\n|-weather|RainDance|[upkeep]\n|-heal|p2a: Cresselia|79\/100|[from] item: Leftovers\n|upkeep\n|turn|3\n|\n|t:|1699847322\n|-terastallize|p2b: Torkoal|Grass\n|move|p1a: Pelipper|Wide Guard|p1a: Pelipper\n|-singleturn|p1a: Pelipper|Wide Guard\n|move|p2b: Torkoal|Solar Beam||[still]\n|-prepare|p2b: Torkoal|Solar Beam\n|move|p2a: Cresselia|Calm Mind|p2a: Cresselia\n|-boost|p2a: Cresselia|spa|1\n|-boost|p2a: Cresselia|spd|1\n|move|p1b: Zapdos|Hurricane|p2b: Torkoal\n|-supereffective|p2b: Torkoal\n|-damage|p2b: Torkoal|0 fnt\n|faint|p2b: Torkoal\n|\n|-weather|RainDance|[upkeep]\n|-heal|p2a: Cresselia|85\/100|[from] item: Leftovers\n|upkeep\n|\n|t:|1699847334\n|switch|p2b: Diancie|Diancie|100\/100\n|turn|4\n|\n|t:|1699847341\n|move|p1a: Pelipper|Wide Guard|p1a: Pelipper\n|-singleturn|p1a: Pelipper|Wide Guard\n|move|p2b: Diancie|Diamond Storm|p1a: Pelipper|[spread] \n|-activate|p1a: Pelipper|move: Wide Guard\n|-activate|p1b: Zapdos|move: Wide Guard\n|move|p2a: Cresselia|Calm Mind|p2a: Cresselia\n|-boost|p2a: Cresselia|spa|1\n|-boost|p2a: Cresselia|spd|1\n|move|p1b: Zapdos|Thunder|p2b: Diancie\n|-damage|p2b: Diancie|49\/100\n|\n|-weather|RainDance|[upkeep]\n|-heal|p2a: Cresselia|91\/100|[from] item: Leftovers\n|upkeep\n|turn|5\n|\n|t:|1699847355\n|move|p1a: Pelipper|Wide Guard|p1a: Pelipper\n|-singleturn|p1a: Pelipper|Wide Guard\n|move|p2b: Diancie|Diamond Storm|p1b: Zapdos|[spread] \n|-activate|p1a: Pelipper|move: Wide Guard\n|-activate|p1b: Zapdos|move: Wide Guard\n|move|p2a: Cresselia|Calm Mind|p2a: Cresselia\n|-boost|p2a: Cresselia|spa|1\n|-boost|p2a: Cresselia|spd|1\n|move|p1b: Zapdos|Thunder|p2b: Diancie\n|-damage|p2b: Diancie|4\/100\n|\n|-weather|RainDance|[upkeep]\n|-heal|p2a: Cresselia|97\/100|[from] item: Leftovers\n|-fieldend|move: Trick Room\n|upkeep\n|turn|6\n|\n|t:|1699847396\n|switch|p1a: Tsareena|Tsareena, F|100\/100\n|switch|p2b: shroom|Amoonguss, F, shiny|84\/100\n|move|p1b: Zapdos|Hurricane|p2b: shroom\n|-supereffective|p2b: shroom\n|-damage|p2b: shroom|0 fnt\n|faint|p2b: shroom\n|move|p2a: Cresselia|Psyshock|p1b: Zapdos\n|-damage|p1b: Zapdos|28\/100\n|\n|-weather|RainDance|[upkeep]\n|-heal|p2a: Cresselia|100\/100|[from] item: Leftovers\n|upkeep\n|\n|t:|1699847407\n|switch|p2b: Ursaluna|Ursaluna, F|100\/100\n|turn|7\n|\n|t:|1699847425\n|move|p1b: Zapdos|Volt Switch|p2a: Cresselia\n|-damage|p2a: Cresselia|93\/100\n|\n|t:|1699847432\n|switch|p1b: Pelipper|Pelipper, F|100\/100|[from] Volt Switch\n|move|p1a: Tsareena|Trop Kick|p2b: Ursaluna\n|-supereffective|p2b: Ursaluna\n|-damage|p2b: Ursaluna|49\/100\n|-unboost|p2b: Ursaluna|atk|1\n|move|p2b: Ursaluna|Fire Punch|p1a: Tsareena\n|-supereffective|p1a: Tsareena\n|-damage|p1a: Tsareena|80\/100\n|move|p2a: Cresselia|Trick Room|p2a: Cresselia\n|-fieldstart|move: Trick Room|[of] p2a: Cresselia\n|\n|-weather|RainDance|[upkeep]\n|-heal|p2a: Cresselia|99\/100|[from] item: Leftovers\n|-status|p2b: Ursaluna|brn|[from] item: Flame Orb\n|upkeep\n|turn|8\n|\n|t:|1699847467\n|switch|p1b: Zapdos|Zapdos|28\/100\n|-terastallize|p1a: Tsareena|Steel\n|move|p2b: Ursaluna|Swords Dance|p2b: Ursaluna\n|-boost|p2b: Ursaluna|atk|2\n|move|p2a: Cresselia|Lunar Blessing|p2a: Cresselia|[spread] p2a,p2b\n|-heal|p2a: Cresselia|100\/100\n|-heal|p2b: Ursaluna|74\/100 brn\n|-curestatus|p2b: Ursaluna|brn|[msg]\n|move|p1a: Tsareena|Trop Kick|p2b: Ursaluna\n|-supereffective|p2b: Ursaluna\n|-damage|p2b: Ursaluna|21\/100\n|-unboost|p2b: Ursaluna|atk|1\n|\n|-weather|RainDance|[upkeep]\n|-status|p2b: Ursaluna|brn|[from] item: Flame Orb\n|upkeep\n|turn|9\n|\n|t:|1699847486\n|move|p2b: Ursaluna|Earthquake|p1b: Zapdos|[spread] p1a\n|-immune|p2a: Cresselia|[from] ability: Levitate\n|-immune|p1b: Zapdos\n|-supereffective|p1a: Tsareena\n|-damage|p1a: Tsareena|0 fnt\n|faint|p1a: Tsareena\n|move|p2a: Cresselia|Psyshock|p1b: Zapdos\n|-damage|p1b: Zapdos|0 fnt\n|faint|p1b: Zapdos\n|\n|-weather|none\n|-damage|p2b: Ursaluna|15\/100 brn|[from] brn\n|upkeep\n|\n|t:|1699847505\n|switch|p1a: Landorus|Landorus, M|100\/100\n|switch|p1b: Pelipper|Pelipper, F|100\/100\n|-weather|RainDance|[from] ability: Drizzle|[of] p1b: Pelipper\n|turn|10\n|\n|t:|1699847523\n|switch|p1a: Basculegion|Basculegion-F, F|100\/100\n|move|p2b: Ursaluna|Facade|p1b: Pelipper\n|-damage|p1b: Pelipper|0 fnt\n|faint|p1b: Pelipper\n|move|p2a: Cresselia|Lunar Blessing|p2a: Cresselia|[spread] p2a,p2b\n|-heal|p2b: Ursaluna|40\/100 brn\n|-curestatus|p2b: Ursaluna|brn|[msg]\n|\n|-weather|RainDance|[upkeep]\n|-status|p2b: Ursaluna|brn|[from] item: Flame Orb\n|upkeep\n|\n|t:|1699847532\n|switch|p1b: Landorus|Landorus, M|100\/100\n|turn|11\n|\n|t:|1699847544\n|switch|p1a: Poliwrath|Poliwrath, M|84\/100 slp\n|move|p1b: Landorus|Protect|p1b: Landorus\n|-singleturn|p1b: Landorus|Protect\n|move|p2b: Ursaluna|Facade|p1b: Landorus\n|-activate|p1b: Landorus|move: Protect\n|move|p2a: Cresselia|Psyshock|p1a: Poliwrath\n|-supereffective|p1a: Poliwrath\n|-damage|p1a: Poliwrath|0 fnt\n|faint|p1a: Poliwrath\n|\n|-weather|RainDance|[upkeep]\n|-damage|p2b: Ursaluna|33\/100 brn|[from] brn\n|-fieldend|move: Trick Room\n|upkeep\n|\n|t:|1699847557\n|switch|p1a: Basculegion|Basculegion-F, F|100\/100\n|turn|12\n|\n|t:|1699847598\n|move|p1a: Basculegion|Last Respects|p2a: Cresselia\n|-supereffective|p2a: Cresselia\n|-damage|p2a: Cresselia|0 fnt\n|faint|p2a: Cresselia\n|move|p1b: Landorus|Sandsear Storm|p2b: Ursaluna\n|-damage|p2b: Ursaluna|0 fnt\n|faint|p2b: Ursaluna\n|\n|-weather|RainDance|[upkeep]\n|upkeep\n|\n|t:|1699847605\n|switch|p2a: Diancie|Diancie|4\/100\n|switch|p2b: backup|Sinistcha-Masterpiece, shiny|100\/100\n|-heal|p2a: Diancie|29\/100|[from] ability: Hospitality|[of] p2b: backup\n|turn|13\n|\n|t:|1699847628\n|move|p1a: Basculegion|Last Respects|p2b: backup\n|-supereffective|p2b: backup\n|-enditem|p2b: backup|Focus Sash\n|-damage|p2b: backup|1\/100\n|move|p1b: Landorus|Sandsear Storm|p2b: backup|[spread] p2a,p2b\n|-supereffective|p2a: Diancie\n|-resisted|p2b: backup\n|-damage|p2a: Diancie|0 fnt\n|-damage|p2b: backup|0 fnt\n|faint|p2a: Diancie\n|faint|p2b: backup\n|\n|win|bananaszn\n|raw|bananaszn's rating: 1430 &rarr; <strong>1446<\/strong><br \/>(+16 for winning)\n|raw|jackgw's rating: 1368 &rarr; <strong>1352<\/strong><br \/>(-16 for losing)\n|c|\u2606jackgw|ahh\n|c|\u2606bananaszn|250 last respects stab 466 atk stat basc\n|c|\u2606bananaszn|cress wasnt ready\n|l|\u2606jackgw\n","uploadtime":1699847676,"views":16,"p1id":"bananaszn","p2id":"jackgw","formatid":"gen9doublesou","rating":1352,"private":0,"password":""}