{"id":"gen9doublesou-1981188012","p1":"Treinador1998","p2":"papi de quatro","format":"[Gen 9] Doubles OU","log":"|j|\u2606Treinador1998\n|j|\u2606papi de quatro\n|t:|1698870835\n|gametype|doubles\n|player|p1|Treinador1998|fisherman-gen4|1286\n|player|p2|papi de quatro|266|1236\n|teamsize|p1|6\n|teamsize|p2|6\n|gen|9\n|tier|[Gen 9] Doubles OU\n|rated|\n|rule|Species Clause: Limit one of each Pok\u00e9mon\n|rule|OHKO Clause: OHKO moves are banned\n|rule|Evasion Moves Clause: Evasion moves are banned\n|rule|Gravity Sleep Clause: The combination of sleep-inducing moves with imperfect accuracy and Gravity or Gigantamax Orbeetle are banned\n|rule|Endless Battle Clause: Forcing endless battles is banned\n|rule|HP Percentage Mod: HP is shown in percentages\n|clearpoke\n|poke|p1|Conkeldurr, F|\n|poke|p1|Scizor, M|\n|poke|p1|Kilowattrel, F|\n|poke|p1|Pelipper, M|\n|poke|p1|Floatzel, M|\n|poke|p1|Tornadus, M|\n|poke|p2|Sinistcha-Masterpiece|\n|poke|p2|Hatterene, F|\n|poke|p2|Ursaluna, F|\n|poke|p2|Mimikyu, M|\n|poke|p2|Kingambit, F|\n|poke|p2|Farigiraf, M|\n|teampreview\n|\n|t:|1698870854\n|start\n|switch|p1a: Pelipper|Pelipper, M|100\/100\n|switch|p1b: Kilowattrel|Kilowattrel, F|100\/100\n|switch|p2a: Hatterene|Hatterene, F|100\/100\n|switch|p2b: Ursaluna|Ursaluna, F|100\/100\n|-weather|RainDance|[from] ability: Drizzle|[of] p1a: Pelipper\n|turn|1\n|\n|t:|1698870876\n|-terastallize|p1a: Pelipper|Flying\n|move|p1b: Kilowattrel|Weather Ball|p2b: Ursaluna\n|-supereffective|p2b: Ursaluna\n|-damage|p2b: Ursaluna|0 fnt\n|faint|p2b: Ursaluna\n|-damage|p1b: Kilowattrel|91\/100|[from] item: Life Orb\n|move|p1a: Pelipper|Hurricane|p2a: Hatterene\n|-damage|p2a: Hatterene|51\/100\n|move|p2a: Hatterene|Trick Room|p2a: Hatterene\n|-fieldstart|move: Trick Room|[of] p2a: Hatterene\n|\n|-weather|RainDance|[upkeep]\n|-heal|p2a: Hatterene|57\/100|[from] item: Leftovers\n|upkeep\n|\n|t:|1698870888\n|switch|p2b: Sinistcha|Sinistcha-Masterpiece|100\/100\n|-heal|p2a: Hatterene|82\/100|[from] ability: Hospitality|[of] p2b: Sinistcha\n|turn|2\n|\n|t:|1698870924\n|move|p2a: Hatterene|Draining Kiss|p1b: Kilowattrel\n|-damage|p1b: Kilowattrel|36\/100\n|-heal|p2a: Hatterene|100\/100|[from] drain|[of] p1b: Kilowattrel\n|move|p1a: Pelipper|Hurricane|p2b: Sinistcha\n|-supereffective|p2b: Sinistcha\n|-damage|p2b: Sinistcha|0 fnt\n|faint|p2b: Sinistcha\n|move|p1b: Kilowattrel|Thunder|p2a: Hatterene\n|-damage|p2a: Hatterene|30\/100\n|-status|p2a: Hatterene|par\n|-damage|p1b: Kilowattrel|26\/100|[from] item: Life Orb\n|\n|-weather|RainDance|[upkeep]\n|-heal|p2a: Hatterene|36\/100 par|[from] item: Leftovers\n|upkeep\n|inactive|Battle timer is ON: inactive players will automatically lose when time's up. (requested by Treinador1998)\n|\n|t:|1698870939\n|switch|p2b: Farigiraf|Farigiraf, M|100\/100\n|turn|3\n|inactive|Treinador1998 has 120 seconds left.\n|\n|t:|1698870996\n|cant|p2a: Hatterene|par\n|move|p2b: Farigiraf|Hyper Voice|p1a: Pelipper|[spread] p1a,p1b\n|-damage|p1a: Pelipper|48\/100\n|-damage|p1b: Kilowattrel|0 fnt\n|faint|p1b: Kilowattrel\n|-enditem|p2b: Farigiraf|Throat Spray\n|-boost|p2b: Farigiraf|spa|1|[from] item: Throat Spray\n|move|p1a: Pelipper|Knock Off|p2b: Farigiraf\n|-supereffective|p2b: Farigiraf\n|-damage|p2b: Farigiraf|85\/100\n|\n|-weather|RainDance|[upkeep]\n|-heal|p2a: Hatterene|42\/100 par|[from] item: Leftovers\n|upkeep\n|inactive|Treinador1998 has 90 seconds left.\n|\n|t:|1698871021\n|switch|p1b: Conkeldurr|Conkeldurr, F|100\/100\n|turn|4\n|\n|t:|1698871035\n|switch|p1b: Scizor|Scizor, M|100\/100\n|move|p2a: Hatterene|Psyshock|p1b: Scizor\n|-resisted|p1b: Scizor\n|-damage|p1b: Scizor|78\/100\n|move|p2b: Farigiraf|Dazzling Gleam|p1a: Pelipper|[spread] p1a,p1b\n|-resisted|p1b: Scizor\n|-damage|p1a: Pelipper|1\/100\n|-damage|p1b: Scizor|61\/100\n|move|p1a: Pelipper|Hurricane|p2a: Hatterene\n|-damage|p2a: Hatterene|0 fnt\n|faint|p2a: Hatterene\n|\n|-weather|RainDance|[upkeep]\n|upkeep\n|\n|t:|1698871051\n|switch|p2a: Kingambit|Kingambit, F|100\/100\n|-activate|p2a: Kingambit|ability: Supreme Overlord\n|-start|p2a: Kingambit|fallen3|[silent]\n|turn|5\n|inactive|Treinador1998 has 120 seconds left.\n|inactive|Treinador1998 has 90 seconds left.\n|\n|t:|1698871089\n|switch|p1a: Conkeldurr|Conkeldurr, F|100\/100\n|move|p2a: Kingambit|Low Kick|p1b: Scizor\n|-damage|p1b: Scizor|13\/100\n|-enditem|p1b: Scizor|Figy Berry|[eat]\n|-heal|p1b: Scizor|46\/100|[from] item: Figy Berry\n|move|p2b: Farigiraf|Hyper Voice|p1a: Conkeldurr|[spread] p1a,p1b\n|-resisted|p1b: Scizor\n|-damage|p1a: Conkeldurr|43\/100\n|-damage|p1b: Scizor|15\/100\n|move|p1b: Scizor|Swords Dance|p1b: Scizor\n|-boost|p1b: Scizor|atk|2\n|\n|-weather|RainDance|[upkeep]\n|-fieldend|move: Trick Room\n|-status|p1a: Conkeldurr|brn|[from] item: Flame Orb\n|upkeep\n|turn|6\n|inactive|Treinador1998 has 90 seconds left.\n|\n|t:|1698871119\n|move|p1b: Scizor|Bullet Punch||[still]\n|cant|p2b: Farigiraf|ability: Armor Tail|Bullet Punch|[of] p1b: Scizor\n|move|p2a: Kingambit|Sucker Punch||[still]\n|-fail|p2a: Kingambit\n|move|p1a: Conkeldurr|Mach Punch||[still]\n|cant|p2b: Farigiraf|ability: Armor Tail|Mach Punch|[of] p1a: Conkeldurr\n|move|p2b: Farigiraf|Dazzling Gleam|p1a: Conkeldurr|[spread] p1a,p1b\n|-supereffective|p1a: Conkeldurr\n|-resisted|p1b: Scizor\n|-damage|p1a: Conkeldurr|0 fnt\n|-damage|p1b: Scizor|0 fnt\n|faint|p1a: Conkeldurr\n|faint|p1b: Scizor\n|\n|-weather|RainDance|[upkeep]\n|upkeep\n|inactive|Treinador1998 has 90 seconds left.\n|\n|t:|1698871135\n|switch|p1b: Tornadus|Tornadus, M|100\/100\n|switch|p1a: Floatzel|Floatzel, M|100\/100\n|turn|7\n|inactive|papi de quatro has 120 seconds left.\n|\n|t:|1698871171\n|move|p1a: Floatzel|Wave Crash|p2a: Kingambit\n|-damage|p2a: Kingambit|8\/100\n|-damage|p1a: Floatzel|61\/100|[from] Recoil\n|move|p1b: Tornadus|Hurricane|p2b: Farigiraf\n|-damage|p2b: Farigiraf|33\/100\n|move|p2b: Farigiraf|Hyper Voice|p1a: Floatzel|[spread] p1a,p1b\n|-damage|p1a: Floatzel|0 fnt\n|-damage|p1b: Tornadus|45\/100\n|faint|p1a: Floatzel\n|move|p2a: Kingambit|Kowtow Cleave|p1b: Tornadus\n|-damage|p1b: Tornadus|0 fnt\n|faint|p1b: Tornadus\n|\n|-weather|RainDance|[upkeep]\n|upkeep\n|l|\u2606Treinador1998\n|inactive|Treinador1998 disconnected and has a minute to reconnect!\n|player|p1|\n|inactive|Treinador1998 has 30 seconds to reconnect!\n|inactive|Treinador1998 has 20 seconds to reconnect!\n|inactive|Treinador1998 has 15 seconds to reconnect!\n|inactive|Treinador1998 has 10 seconds to reconnect!\n|inactive|Treinador1998 has 5 seconds to reconnect!\n|-message|Treinador1998 lost due to inactivity.\n|\n|win|papi de quatro\n|raw|Treinador1998's rating: 1286 &rarr; <strong>1257<\/strong><br \/>(-29 for losing)\n|raw|papi de quatro's rating: 1236 &rarr; <strong>1265<\/strong><br \/>(+29 for winning)\n","uploadtime":1698871294,"views":12,"p1id":"treinador1998","p2id":"papidequatro","formatid":"gen9doublesou","rating":1257,"private":0,"password":""}