{"id":"gen9doublesou-1983339746","p1":"Barman.fr","p2":"SKILLFLAMED","format":"[Gen 9] Doubles OU","log":"|j|\u2606Barman.fr\n|j|\u2606SKILLFLAMED\n|t:|1699119857\n|gametype|doubles\n|player|p1|Barman.fr|backersf|1042\n|player|p2|SKILLFLAMED|hiker-gen4|1099\n|teamsize|p1|6\n|teamsize|p2|6\n|gen|9\n|tier|[Gen 9] Doubles OU\n|rated|\n|rule|Species Clause: Limit one of each Pok\u00e9mon\n|rule|OHKO Clause: OHKO moves are banned\n|rule|Evasion Moves Clause: Evasion moves are banned\n|rule|Gravity Sleep Clause: The combination of sleep-inducing moves with imperfect accuracy and Gravity or Gigantamax Orbeetle are banned\n|rule|Endless Battle Clause: Forcing endless battles is banned\n|rule|HP Percentage Mod: HP is shown in percentages\n|clearpoke\n|poke|p1|Regieleki|\n|poke|p1|Palafin, M|\n|poke|p1|Tornadus, M|\n|poke|p1|Arcanine, M|\n|poke|p1|Amoonguss, F|\n|poke|p1|Gholdengo|\n|poke|p2|Kleavor, M|\n|poke|p2|Orthworm, F|\n|poke|p2|Tauros-Paldea-Blaze, M|\n|poke|p2|Vaporeon, M|\n|poke|p2|Gengar, M|\n|poke|p2|Jumpluff, M|\n|teampreview\n|c|\u2606Barman.fr|glhf\n|c|\u2606SKILLFLAMED|same to ya\n|\n|t:|1699119881\n|start\n|switch|p1a: Initial D|Regieleki|100\/100\n|switch|p1b: SurpriseDuChef|Palafin, M|100\/100\n|switch|p2a: Jumpluff|Jumpluff, M|100\/100\n|switch|p2b: Kleavor|Kleavor, M|100\/100\n|turn|1\n|\n|t:|1699119917\n|detailschange|p1b: SurpriseDuChef|Palafin-Hero, M\n|switch|p1b: Iago|Arcanine, M|100\/100\n|-ability|p1b: Iago|Intimidate|boost\n|-unboost|p2a: Jumpluff|atk|1\n|-unboost|p2b: Kleavor|atk|1\n|move|p1a: Initial D|Volt Switch|p2b: Kleavor\n|-damage|p2b: Kleavor|42\/100\n|\n|t:|1699119926\n|switch|p1a: UsstyLoverr|Gholdengo|100\/100|[from] Volt Switch\n|move|p2a: Jumpluff|Sleep Powder|p1a: UsstyLoverr\n|-immune|p1a: UsstyLoverr|[from] ability: Good as Gold\n|move|p2b: Kleavor|Stone Axe|p1a: UsstyLoverr\n|-resisted|p1a: UsstyLoverr\n|-damage|p1a: UsstyLoverr|84\/100\n|-sidestart|p1: Barman.fr|move: Stealth Rock\n|\n|upkeep\n|turn|2\n|\n|t:|1699119948\n|switch|p1b: Amoonguss|Amoonguss, F|100\/100\n|-damage|p1b: Amoonguss|88\/100|[from] Stealth Rock\n|move|p2a: Jumpluff|Sleep Powder|p1b: Amoonguss\n|-immune|p1b: Amoonguss\n|move|p1a: UsstyLoverr|Make It Rain|p2a: Jumpluff|[spread] p2a,p2b\n|-supereffective|p2b: Kleavor\n|-damage|p2a: Jumpluff|53\/100\n|-damage|p2b: Kleavor|0 fnt\n|-unboost|p1a: UsstyLoverr|spa|1\n|faint|p2b: Kleavor\n|\n|upkeep\n|\n|t:|1699119967\n|switch|p2b: Gengar|Gengar, M|100\/100\n|turn|3\n|\n|t:|1699119982\n|move|p1b: Amoonguss|Rage Powder|p1b: Amoonguss\n|-singleturn|p1b: Amoonguss|move: Rage Powder\n|move|p2b: Gengar|Nasty Plot|p2b: Gengar\n|-boost|p2b: Gengar|spa|2\n|move|p2a: Jumpluff|Cotton Guard|p2a: Jumpluff\n|-boost|p2a: Jumpluff|def|3\n|move|p1a: UsstyLoverr|Shadow Ball|p2b: Gengar\n|-supereffective|p2b: Gengar\n|-damage|p2b: Gengar|11\/100\n|-start|p1a: UsstyLoverr|Disable|Shadow Ball|[from] ability: Cursed Body|[of] p2b: Gengar\n|\n|upkeep\n|turn|4\n|\n|t:|1699120010\n|move|p1b: Amoonguss|Rage Powder|p1b: Amoonguss\n|-singleturn|p1b: Amoonguss|move: Rage Powder\n|move|p2a: Jumpluff|Pollen Puff|p2b: Gengar\n|-heal|p2b: Gengar|61\/100\n|move|p2b: Gengar|Shadow Ball|p1b: Amoonguss\n|-crit|p1b: Amoonguss\n|-damage|p1b: Amoonguss|0 fnt\n|faint|p1b: Amoonguss\n|-damage|p2b: Gengar|51\/100|[from] item: Life Orb\n|move|p1a: UsstyLoverr|Make It Rain|p2a: Jumpluff|[spread] p2a,p2b\n|-damage|p2a: Jumpluff|20\/100\n|-damage|p2b: Gengar|2\/100\n|-unboost|p1a: UsstyLoverr|spa|1\n|\n|upkeep\n|\n|t:|1699120024\n|switch|p1b: Initial D|Regieleki|100\/100\n|turn|5\n|\n|t:|1699120039\n|switch|p1a: SurpriseDuChef|Palafin-Hero, M|100\/100\n|-damage|p1a: SurpriseDuChef|88\/100|[from] Stealth Rock\n|-activate|p1a: SurpriseDuChef|ability: Zero to Hero\n|move|p1b: Initial D|Thunderbolt|p2b: Gengar\n|-damage|p2b: Gengar|0 fnt\n|faint|p2b: Gengar\n|move|p2a: Jumpluff|Pollen Puff|p2: Gengar|[notarget]\n|-fail|p2a: Jumpluff\n|\n|upkeep\n|\n|t:|1699120049\n|switch|p2b: Tauros|Tauros-Paldea-Blaze, M|100\/100\n|-ability|p2b: Tauros|Intimidate|boost\n|-unboost|p1a: SurpriseDuChef|atk|1\n|-unboost|p1b: Initial D|atk|1\n|turn|6\n|\n|t:|1699120060\n|-terastallize|p1a: SurpriseDuChef|Normal\n|-terastallize|p2b: Tauros|Fighting\n|move|p1b: Initial D|Thunderbolt|p2a: Jumpluff\n|-damage|p2a: Jumpluff|0 fnt\n|faint|p2a: Jumpluff\n|move|p1a: SurpriseDuChef|Boomburst|p2b: Tauros|[spread] p1b,p2b\n|-damage|p1b: Initial D|0 fnt\n|-damage|p2b: Tauros|0 fnt\n|faint|p1b: Initial D\n|faint|p2b: Tauros\n|\n|upkeep\n|\n|t:|1699120073\n|switch|p1b: UwU|Tornadus, M|100\/100\n|switch|p2a: Vaporeon|Vaporeon, M|100\/100\n|switch|p2b: Orthworm|Orthworm, F|100\/100\n|-damage|p1b: UwU|76\/100|[from] Stealth Rock\n|turn|7\n|\n|t:|1699120087\n|switch|p1b: Iago|Arcanine, M|100\/100\n|-ability|p1b: Iago|Intimidate|boost\n|-unboost|p2a: Vaporeon|atk|1\n|-unboost|p2b: Orthworm|atk|1\n|move|p1a: SurpriseDuChef|Boomburst|p2a: Vaporeon|[spread] p1b,p2a,p2b\n|-resisted|p2b: Orthworm\n|-damage|p1b: Iago|31\/100\n|-damage|p2a: Vaporeon|49\/100\n|-damage|p2b: Orthworm|41\/100\n|move|p2a: Vaporeon|Wish|p2a: Vaporeon\n|move|p2b: Orthworm|Coil|p2b: Orthworm\n|-boost|p2b: Orthworm|atk|1\n|-boost|p2b: Orthworm|def|1\n|-boost|p2b: Orthworm|accuracy|1\n|\n|-heal|p2b: Orthworm|47\/100|[from] item: Leftovers\n|upkeep\n|turn|8\n|\n|t:|1699120112\n|move|p1a: SurpriseDuChef|Boomburst|p2b: Orthworm|[spread] p1b,p2a,p2b\n|-resisted|p2b: Orthworm\n|-damage|p1b: Iago|0 fnt\n|-damage|p2a: Vaporeon|2\/100\n|-damage|p2b: Orthworm|0 fnt\n|faint|p1b: Iago\n|faint|p2b: Orthworm\n|move|p2a: Vaporeon|Scald|p1a: SurpriseDuChef\n|-crit|p1a: SurpriseDuChef\n|-damage|p1a: SurpriseDuChef|22\/100\n|\n|-heal|p2a: Vaporeon|52\/100|[from] move: Wish|[wisher] Vaporeon\n|upkeep\n|\n|t:|1699120119\n|switch|p1b: UsstyLoverr|Gholdengo|84\/100\n|-damage|p1b: UsstyLoverr|78\/100|[from] Stealth Rock\n|turn|9\n|\n|t:|1699120125\n|move|p2a: Vaporeon|Protect|p2a: Vaporeon\n|-singleturn|p2a: Vaporeon|Protect\n|move|p1a: SurpriseDuChef|Boomburst|p2a: Vaporeon|[spread] \n|-activate|p2a: Vaporeon|move: Protect\n|-immune|p1b: UsstyLoverr\n|move|p1b: UsstyLoverr|Shadow Ball|p2a: Vaporeon\n|-activate|p2a: Vaporeon|move: Protect\n|\n|upkeep\n|turn|10\n|\n|t:|1699120136\n|move|p1a: SurpriseDuChef|Boomburst|p2a: Vaporeon|[spread] p2a\n|-immune|p1b: UsstyLoverr\n|-damage|p2a: Vaporeon|0 fnt\n|faint|p2a: Vaporeon\n|\n|win|Barman.fr\n|raw|Barman.fr's rating: 1042 &rarr; <strong>1081<\/strong><br \/>(+39 for winning)\n|raw|SKILLFLAMED's rating: 1099 &rarr; <strong>1070<\/strong><br \/>(-29 for losing)\n|l|\u2606SKILLFLAMED\n|c|\u2606Barman.fr|gg\n","uploadtime":1699120246,"views":22,"p1id":"barmanfr","p2id":"skillflamed","formatid":"gen9doublesou","rating":1070,"private":0,"password":""}