{"id":"gen9doublesou-1993294822","p1":"anthm678","p2":"showitben","format":"[Gen 9] Doubles OU","log":"|j|\u2606anthm678\n|j|\u2606showitben\n|t:|1700292302\n|gametype|doubles\n|player|p1|anthm678|266|1214\n|player|p2|showitben|2|1303\n|teamsize|p1|6\n|teamsize|p2|6\n|gen|9\n|tier|[Gen 9] Doubles OU\n|rated|\n|rule|Species Clause: Limit one of each Pok\u00e9mon\n|rule|OHKO Clause: OHKO moves are banned\n|rule|Evasion Moves Clause: Evasion moves are banned\n|rule|Gravity Sleep Clause: The combination of sleep-inducing moves with imperfect accuracy and Gravity or Gigantamax Orbeetle are banned\n|rule|Endless Battle Clause: Forcing endless battles is banned\n|rule|HP Percentage Mod: HP is shown in percentages\n|clearpoke\n|poke|p1|Torkoal, M|\n|poke|p1|Great Tusk|\n|poke|p1|Armarouge, F|\n|poke|p1|Indeedee-F, F|\n|poke|p1|Brute Bonnet|\n|poke|p1|Bruxish, M|\n|poke|p2|Glimmora, F|\n|poke|p2|Kleavor, F|\n|poke|p2|Samurott-Hisui, M|\n|poke|p2|Garganacl, M|\n|poke|p2|Ogerpon-Hearthflame, F|\n|poke|p2|Gholdengo|\n|teampreview\n|\n|t:|1700292312\n|start\n|switch|p1a: Bruxish|Bruxish, M|100\/100\n|switch|p1b: Brute Bonnet|Brute Bonnet|100\/100\n|switch|p2a: Glimmora|Glimmora, F|100\/100\n|switch|p2b: Kleavor|Kleavor, F|100\/100\n|turn|1\n|\n|t:|1700292331\n|move|p1b: Brute Bonnet|Rage Powder|p1b: Brute Bonnet\n|-singleturn|p1b: Brute Bonnet|move: Rage Powder\n|move|p2a: Glimmora|Spikes|p1b: Brute Bonnet\n|-sidestart|p1: anthm678|Spikes\n|move|p2b: Kleavor|Stone Axe|p1b: Brute Bonnet\n|-damage|p1b: Brute Bonnet|56\/100\n|-sidestart|p1: anthm678|move: Stealth Rock\n|move|p1a: Bruxish|Trick Room|p1a: Bruxish\n|-fieldstart|move: Trick Room|[of] p1a: Bruxish\n|\n|-heal|p1b: Brute Bonnet|62\/100|[from] item: Leftovers\n|upkeep\n|turn|2\n|\n|t:|1700292367\n|move|p2b: Kleavor|Feint|p1b: Brute Bonnet\n|-damage|p1b: Brute Bonnet|53\/100\n|move|p1b: Brute Bonnet|Energy Ball|p2a: Glimmora\n|-damage|p2a: Glimmora|73\/100\n|move|p1a: Bruxish|Wave Crash|p2b: Kleavor\n|-supereffective|p2b: Kleavor\n|-damage|p2b: Kleavor|0 fnt\n|faint|p2b: Kleavor\n|-damage|p1a: Bruxish|73\/100|[from] Recoil\n|move|p2a: Glimmora|Spikes|p1b: Brute Bonnet\n|-sidestart|p1: anthm678|Spikes\n|\n|-heal|p1b: Brute Bonnet|59\/100|[from] item: Leftovers\n|upkeep\n|\n|t:|1700292383\n|switch|p2b: Samurott|Samurott-Hisui, M|100\/100\n|turn|3\n|\n|t:|1700292408\n|switch|p1a: Torkoal|Torkoal, M|100\/100\n|-damage|p1a: Torkoal|84\/100|[from] Spikes\n|-damage|p1a: Torkoal|59\/100|[from] Stealth Rock\n|-weather|SunnyDay|[from] ability: Drought|[of] p1a: Torkoal\n|-activate|p1b: Brute Bonnet|ability: Protosynthesis\n|-start|p1b: Brute Bonnet|protosynthesisspd\n|move|p1b: Brute Bonnet|Spore|p2b: Samurott\n|-status|p2b: Samurott|slp|[from] move: Spore\n|cant|p2b: Samurott|slp\n|move|p2a: Glimmora|Spikes|p1a: Torkoal\n|-sidestart|p1: anthm678|Spikes\n|\n|-weather|SunnyDay|[upkeep]\n|-heal|p1b: Brute Bonnet|66\/100|[from] item: Leftovers\n|upkeep\n|turn|4\n|\n|t:|1700292432\n|-terastallize|p1a: Torkoal|Grass\n|move|p1a: Torkoal|Solar Beam||[still]\n|-prepare|p1a: Torkoal|Solar Beam\n|-anim|p1a: Torkoal|Solar Beam|p2b: Samurott\n|-supereffective|p2b: Samurott\n|-damage|p2b: Samurott|0 fnt\n|faint|p2b: Samurott\n|move|p1b: Brute Bonnet|Energy Ball|p2a: Glimmora\n|-crit|p2a: Glimmora\n|-damage|p2a: Glimmora|30\/100\n|move|p2a: Glimmora|Toxic Spikes|p1a: Torkoal\n|-sidestart|p1: anthm678|move: Toxic Spikes\n|\n|-weather|SunnyDay|[upkeep]\n|-heal|p1b: Brute Bonnet|72\/100|[from] item: Leftovers\n|upkeep\n|\n|t:|1700292450\n|switch|p2b: Garganacl|Garganacl, M|100\/100\n|turn|5\n|\n|t:|1700292461\n|switch|p2b: Ogerpon|Ogerpon-Hearthflame, F|100\/100\n|-ability|p2b: Ogerpon|Mold Breaker\n|move|p1a: Torkoal|Solar Beam||[still]\n|-prepare|p1a: Torkoal|Solar Beam\n|-anim|p1a: Torkoal|Solar Beam|p2b: Ogerpon\n|-resisted|p2b: Ogerpon\n|-damage|p2b: Ogerpon|85\/100\n|move|p1b: Brute Bonnet|Energy Ball|p2a: Glimmora\n|-damage|p2a: Glimmora|3\/100\n|move|p2a: Glimmora|Toxic Spikes|p1b: Brute Bonnet\n|-sidestart|p1: anthm678|move: Toxic Spikes\n|\n|-weather|SunnyDay|[upkeep]\n|-heal|p1b: Brute Bonnet|78\/100|[from] item: Leftovers\n|-fieldend|move: Trick Room\n|upkeep\n|turn|6\n|\n|t:|1700292484\n|-terastallize|p2b: Ogerpon|Fire\n|detailschange|p2b: Ogerpon|Ogerpon-Hearthflame-Tera, F, tera:Fire\n|-ability|p2b: Ogerpon|Embody Aspect (Hearthflame)|boost\n|-boost|p2b: Ogerpon|atk|1\n|move|p1b: Brute Bonnet|Rage Powder|p1b: Brute Bonnet\n|-singleturn|p1b: Brute Bonnet|move: Rage Powder\n|move|p2b: Ogerpon|Ivy Cudgel|p1b: Brute Bonnet|[anim] Ivy Cudgel Fire\n|-supereffective|p1b: Brute Bonnet\n|-crit|p1b: Brute Bonnet\n|-damage|p1b: Brute Bonnet|0 fnt\n|faint|p1b: Brute Bonnet\n|-end|p1b: Brute Bonnet|Protosynthesis|[silent]\n|move|p2a: Glimmora|Mortal Spin|p1a: Torkoal\n|-supereffective|p1a: Torkoal\n|-damage|p1a: Torkoal|49\/100\n|-status|p1a: Torkoal|psn\n|move|p1a: Torkoal|Eruption|p2a: Glimmora|[spread] p2a,p2b\n|-resisted|p2a: Glimmora\n|-resisted|p2b: Ogerpon\n|-damage|p2a: Glimmora|0 fnt\n|-damage|p2b: Ogerpon|64\/100\n|faint|p2a: Glimmora\n|\n|-weather|SunnyDay|[upkeep]\n|-damage|p1a: Torkoal|36\/100 psn|[from] psn\n|upkeep\n|\n|t:|1700292505\n|switch|p2a: Gholdengo|Gholdengo|100\/100\n|switch|p1b: Indeedee|Indeedee-F, F|100\/100\n|-damage|p1b: Indeedee|75\/100|[from] Spikes\n|-damage|p1b: Indeedee|63\/100|[from] Stealth Rock\n|-status|p1b: Indeedee|tox\n|-fieldstart|move: Psychic Terrain|[from] ability: Psychic Surge|[of] p1b: Indeedee\n|turn|7\n|\n|t:|1700292521\n|move|p2b: Ogerpon|Spiky Shield|p2b: Ogerpon\n|-singleturn|p2b: Ogerpon|move: Protect\n|move|p1b: Indeedee|Follow Me|p1b: Indeedee\n|-singleturn|p1b: Indeedee|move: Follow Me\n|move|p2a: Gholdengo|Make It Rain|p1b: Indeedee|[spread] p1a,p1b\n|-crit|p1a: Torkoal\n|-damage|p1a: Torkoal|0 fnt\n|-damage|p1b: Indeedee|28\/100 tox\n|-unboost|p2a: Gholdengo|spa|1\n|faint|p1a: Torkoal\n|\n|-weather|none\n|-heal|p1b: Indeedee|34\/100 tox|[from] item: Leftovers\n|-damage|p1b: Indeedee|28\/100 tox|[from] psn\n|upkeep\n|\n|t:|1700292535\n|switch|p1a: Armarouge|Armarouge, F|100\/100\n|-damage|p1a: Armarouge|76\/100|[from] Spikes\n|-damage|p1a: Armarouge|51\/100|[from] Stealth Rock\n|-status|p1a: Armarouge|tox\n|turn|8\n|\n|t:|1700292551\n|move|p2b: Ogerpon|Throat Chop|p1a: Armarouge\n|-supereffective|p1a: Armarouge\n|-damage|p1a: Armarouge|0 fnt\n|faint|p1a: Armarouge\n|move|p2a: Gholdengo|Make It Rain|p1b: Indeedee\n|-damage|p1b: Indeedee|0 fnt\n|-unboost|p2a: Gholdengo|spa|1\n|faint|p1b: Indeedee\n|\n|upkeep\n|\n|t:|1700292563\n|switch|p1b: Bruxish|Bruxish, M|73\/100\n|switch|p1a: Great Tusk|Great Tusk|100\/100\n|-damage|p1a: Great Tusk|76\/100|[from] Spikes\n|-damage|p1a: Great Tusk|73\/100|[from] Stealth Rock\n|-status|p1a: Great Tusk|tox\n|-damage|p1b: Bruxish|48\/100|[from] Spikes\n|-damage|p1b: Bruxish|36\/100|[from] Stealth Rock\n|-status|p1b: Bruxish|tox\n|turn|9\n|\n|t:|1700292587\n|move|p2b: Ogerpon|Horn Leech|p1b: Bruxish\n|-supereffective|p1b: Bruxish\n|-damage|p1b: Bruxish|0 fnt\n|-heal|p2b: Ogerpon|84\/100|[from] drain|[of] p1b: Bruxish\n|faint|p1b: Bruxish\n|move|p2a: Gholdengo|Dazzling Gleam|p1a: Great Tusk\n|-supereffective|p1a: Great Tusk\n|-damage|p1a: Great Tusk|29\/100 tox\n|move|p1a: Great Tusk|Close Combat|p2b: Ogerpon\n|-damage|p2b: Ogerpon|6\/100\n|-unboost|p1a: Great Tusk|def|1\n|-unboost|p1a: Great Tusk|spd|1\n|\n|-damage|p1a: Great Tusk|22\/100 tox|[from] psn\n|upkeep\n|-enditem|p1a: Great Tusk|Aguav Berry|[eat]\n|-heal|p1a: Great Tusk|55\/100 tox|[from] item: Aguav Berry\n|turn|10\n|-message|anthm678 forfeited.\n|\n|win|showitben\n|raw|anthm678's rating: 1214 &rarr; <strong>1195<\/strong><br \/>(-19 for losing)\n|raw|showitben's rating: 1303 &rarr; <strong>1318<\/strong><br \/>(+15 for winning)\n|l|\u2606anthm678\n","uploadtime":1700292605,"views":10,"p1id":"anthm678","p2id":"showitben","formatid":"gen9doublesou","rating":1195,"private":0,"password":""}