{"id":"gen9doublesou-1998188825","p1":"JustRadAlex","p2":"TheSupereme","format":"[Gen 9] Doubles OU","log":"|j|\u2606JustRadAlex\n|j|\u2606TheSupereme\n|t:|1700909215\n|gametype|doubles\n|player|p1|JustRadAlex|juan|1440\n|player|p2|TheSupereme|ghetsis|1423\n|teamsize|p1|6\n|teamsize|p2|6\n|gen|9\n|tier|[Gen 9] Doubles OU\n|rated|\n|rule|Species Clause: Limit one of each Pok\u00e9mon\n|rule|OHKO Clause: OHKO moves are banned\n|rule|Evasion Moves Clause: Evasion moves are banned\n|rule|Gravity Sleep Clause: The combination of sleep-inducing moves with imperfect accuracy and Gravity or Gigantamax Orbeetle are banned\n|rule|Endless Battle Clause: Forcing endless battles is banned\n|rule|HP Percentage Mod: HP is shown in percentages\n|clearpoke\n|poke|p1|Iron Hands|\n|poke|p1|Grimmsnarl, M|\n|poke|p1|Cresselia, F|\n|poke|p1|Rillaboom, F|\n|poke|p1|Empoleon, M|\n|poke|p1|Landorus-Therian, M|\n|poke|p2|Enamorus-Therian, F|\n|poke|p2|Gholdengo|\n|poke|p2|Amoonguss, F|\n|poke|p2|Garganacl, F|\n|poke|p2|Ogerpon-Hearthflame, F|\n|poke|p2|Farigiraf, M|\n|teampreview\n|inactive|Battle timer is ON: inactive players will automatically lose when time's up. (requested by TheSupereme)\n|\n|t:|1700909224\n|start\n|switch|p1a: Grimmsnarl|Grimmsnarl, M, shiny|100\/100\n|switch|p1b: Kingleon|Empoleon, M, shiny|100\/100\n|switch|p2a: Farigiraf|Farigiraf, M|100\/100\n|switch|p2b: Ogerpon|Ogerpon-Hearthflame, F|100\/100\n|-ability|p2b: Ogerpon|Mold Breaker\n|turn|1\n|\n|t:|1700909240\n|move|p1a: Grimmsnarl|Reflect|p1a: Grimmsnarl\n|-sidestart|p1: JustRadAlex|Reflect\n|move|p2b: Ogerpon|Ivy Cudgel|p1b: Kingleon|[anim] Ivy Cudgel Fire\n|-damage|p1b: Kingleon|65\/100\n|move|p1b: Kingleon|Ice Beam|p2a: Farigiraf\n|-damage|p2a: Farigiraf|68\/100\n|move|p2a: Farigiraf|Trick Room|p2a: Farigiraf\n|-fieldstart|move: Trick Room|[of] p2a: Farigiraf\n|\n|upkeep\n|turn|2\n|\n|t:|1700909267\n|switch|p2a: Amoonguss|Amoonguss, F, shiny|100\/100\n|switch|p1b: Landorus|Landorus-Therian, M|100\/100\n|-ability|p1b: Landorus|Intimidate|boost\n|-unboost|p2a: Amoonguss|atk|1\n|-unboost|p2b: Ogerpon|atk|1\n|switch|p2b: Enamorus|Enamorus-Therian, F|100\/100\n|move|p1a: Grimmsnarl|False Surrender|p2a: Amoonguss\n|-damage|p2a: Amoonguss|66\/100\n|\n|-heal|p2a: Amoonguss|72\/100|[from] item: Leftovers\n|upkeep\n|turn|3\n|\n|t:|1700909296\n|switch|p2b: Gholdengo|Gholdengo|100\/100\n|switch|p1b: Rillaboom|Rillaboom, F|100\/100\n|-fieldstart|move: Grassy Terrain|[from] ability: Grassy Surge|[of] p1b: Rillaboom\n|-enditem|p1b: Rillaboom|Grassy Seed\n|-boost|p1b: Rillaboom|def|1|[from] item: Grassy Seed\n|move|p1a: Grimmsnarl|Parting Shot|p2b: Gholdengo\n|-immune|p2b: Gholdengo|[from] ability: Good as Gold\n|move|p2a: Amoonguss|Spore|p1b: Rillaboom\n|-immune|p1b: Rillaboom\n|\n|-heal|p2a: Amoonguss|78\/100|[from] Grassy Terrain\n|-heal|p2a: Amoonguss|84\/100|[from] item: Leftovers\n|upkeep\n|turn|4\n|\n|t:|1700909324\n|switch|p1a: Iron Hands|Iron Hands|100\/100\n|move|p2a: Amoonguss|Clear Smog|p1b: Rillaboom\n|-supereffective|p1b: Rillaboom\n|-damage|p1b: Rillaboom|62\/100\n|-clearboost|p1b: Rillaboom\n|move|p2b: Gholdengo|Nasty Plot|p2b: Gholdengo\n|-boost|p2b: Gholdengo|spa|2\n|move|p1b: Rillaboom|Acrobatics|p2a: Amoonguss\n|-supereffective|p2a: Amoonguss\n|-damage|p2a: Amoonguss|16\/100\n|\n|-heal|p2a: Amoonguss|22\/100|[from] Grassy Terrain\n|-heal|p2a: Amoonguss|28\/100|[from] item: Leftovers\n|-heal|p1b: Rillaboom|68\/100|[from] Grassy Terrain\n|upkeep\n|turn|5\n|\n|t:|1700909348\n|switch|p2a: Farigiraf|Farigiraf, M|68\/100\n|move|p1a: Iron Hands|Fake Out||[still]\n|cant|p2a: Farigiraf|ability: Armor Tail|Fake Out|[of] p1a: Iron Hands\n|move|p1b: Rillaboom|Grassy Glide||[still]\n|cant|p2a: Farigiraf|ability: Armor Tail|Grassy Glide|[of] p1b: Rillaboom\n|move|p2b: Gholdengo|Make It Rain|p1b: Rillaboom|[spread] p1a,p1b\n|-resisted|p1a: Iron Hands\n|-damage|p1a: Iron Hands|73\/100\n|-damage|p1b: Rillaboom|0 fnt\n|-unboost|p2b: Gholdengo|spa|1\n|faint|p1b: Rillaboom\n|\n|-heal|p2a: Farigiraf|74\/100|[from] Grassy Terrain\n|-heal|p1a: Iron Hands|80\/100|[from] Grassy Terrain\n|-fieldend|move: Trick Room\n|upkeep\n|\n|t:|1700909359\n|switch|p1b: Landorus|Landorus-Therian, M|100\/100\n|-ability|p1b: Landorus|Intimidate|boost\n|-unboost|p2a: Farigiraf|atk|1\n|-unboost|p2b: Gholdengo|atk|1\n|turn|6\n|j| Ran Kob\n|\n|t:|1700909380\n|move|p2b: Gholdengo|Protect|p2b: Gholdengo\n|-singleturn|p2b: Gholdengo|Protect\n|move|p1b: Landorus|U-turn|p2a: Farigiraf\n|-supereffective|p2a: Farigiraf\n|-damage|p2a: Farigiraf|22\/100\n|\n|t:|1700909391\n|switch|p1b: Kingleon|Empoleon, M, shiny|65\/100|[from] U-turn\n|move|p1a: Iron Hands|Wild Charge|p2b: Gholdengo\n|-activate|p2b: Gholdengo|move: Protect\n|move|p2a: Farigiraf|Trick Room|p2a: Farigiraf\n|-fieldstart|move: Trick Room|[of] p2a: Farigiraf\n|\n|-heal|p2a: Farigiraf|28\/100|[from] Grassy Terrain\n|-heal|p1a: Iron Hands|86\/100|[from] Grassy Terrain\n|-heal|p1b: Kingleon|72\/100|[from] Grassy Terrain\n|upkeep\n|turn|7\n|\n|t:|1700909412\n|move|p2a: Farigiraf|Thunderbolt|p1b: Kingleon\n|-supereffective|p1b: Kingleon\n|-damage|p1b: Kingleon|12\/100\n|move|p1a: Iron Hands|Wild Charge|p2b: Gholdengo\n|-damage|p2b: Gholdengo|51\/100\n|-damage|p1a: Iron Hands|77\/100|[from] Recoil\n|move|p2b: Gholdengo|Nasty Plot|p2b: Gholdengo\n|-boost|p2b: Gholdengo|spa|2\n|move|p1b: Kingleon|Water Pledge|p2b: Gholdengo\n|-crit|p2b: Gholdengo\n|-damage|p2b: Gholdengo|0 fnt\n|faint|p2b: Gholdengo\n|\n|-heal|p2a: Farigiraf|34\/100|[from] Grassy Terrain\n|-heal|p1a: Iron Hands|83\/100|[from] Grassy Terrain\n|-heal|p1b: Kingleon|18\/100|[from] Grassy Terrain\n|-fieldend|move: Grassy Terrain\n|upkeep\n|\n|t:|1700909430\n|switch|p2b: Enamorus|Enamorus-Therian, F|100\/100\n|turn|8\n|\n|t:|1700909446\n|switch|p2a: Amoonguss|Amoonguss, F, shiny|62\/100\n|switch|p1b: Landorus|Landorus-Therian, M|100\/100\n|-ability|p1b: Landorus|Intimidate|boost\n|-unboost|p2a: Amoonguss|atk|1\n|-unboost|p2b: Enamorus|atk|1\n|-terastallize|p2b: Enamorus|Ground\n|move|p2b: Enamorus|Earth Power|p1a: Iron Hands\n|-supereffective|p1a: Iron Hands\n|-damage|p1a: Iron Hands|16\/100\n|move|p1a: Iron Hands|Heavy Slam|p2b: Enamorus\n|-damage|p2b: Enamorus|57\/100\n|\n|-heal|p2a: Amoonguss|68\/100|[from] item: Leftovers\n|-sideend|p1: JustRadAlex|Reflect\n|upkeep\n|turn|9\n|inactive|JustRadAlex has 120 seconds left.\n|\n|t:|1700909483\n|-end|p1a: Iron Hands|Quark Drive|[silent]\n|switch|p1a: Cresselia|Cresselia, F|100\/100\n|-terastallize|p1b: Landorus|Flying\n|move|p2a: Amoonguss|Pollen Puff|p2b: Enamorus\n|-heal|p2b: Enamorus|100\/100\n|move|p2b: Enamorus|Dazzling Gleam|p1a: Cresselia|[spread] p1a,p1b\n|-damage|p1a: Cresselia|81\/100\n|-damage|p1b: Landorus|56\/100\n|move|p1b: Landorus|Tera Blast|p2a: Amoonguss|[anim] Tera Blast Flying\n|-supereffective|p2a: Amoonguss\n|-damage|p2a: Amoonguss|0 fnt\n|faint|p2a: Amoonguss\n|\n|upkeep\n|inactive|TheSupereme has 120 seconds left.\n|\n|t:|1700909497\n|switch|p2a: Farigiraf|Farigiraf, M|34\/100\n|turn|10\n|\n|t:|1700909505\n|switch|p1b: Kingleon|Empoleon, M, shiny|18\/100\n|move|p2b: Enamorus|Dazzling Gleam|p1a: Cresselia|[spread] p1a,p1b\n|-resisted|p1b: Kingleon\n|-damage|p1a: Cresselia|61\/100\n|-damage|p1b: Kingleon|1\/100\n|move|p2a: Farigiraf|Thunderbolt|p1b: Kingleon\n|-supereffective|p1b: Kingleon\n|-damage|p1b: Kingleon|0 fnt\n|faint|p1b: Kingleon\n|move|p1a: Cresselia|Calm Mind|p1a: Cresselia\n|-boost|p1a: Cresselia|spa|1\n|-boost|p1a: Cresselia|spd|1\n|\n|-fieldend|move: Trick Room\n|upkeep\n|\n|t:|1700909522\n|switch|p1b: Landorus|Landorus-Therian, M, tera:Flying|56\/100\n|-ability|p1b: Landorus|Intimidate|boost\n|-unboost|p2a: Farigiraf|atk|1\n|-unboost|p2b: Enamorus|atk|1\n|turn|11\n|\n|t:|1700909537\n|move|p2a: Farigiraf|Ally Switch|p2a: Farigiraf\n|swap|p2a: Farigiraf|1|[from] move: Ally Switch\n|move|p1b: Landorus|U-turn|p2a: Enamorus\n|-damage|p2a: Enamorus|74\/100\n|\n|t:|1700909542\n|switch|p1b: Grimmsnarl|Grimmsnarl, M, shiny|100\/100|[from] U-turn\n|move|p1a: Cresselia|Psychic|p2b: Farigiraf\n|-resisted|p2b: Farigiraf\n|-damage|p2b: Farigiraf|12\/100\n|move|p2a: Enamorus|Mystical Fire|p1b: Grimmsnarl\n|-damage|p1b: Grimmsnarl|69\/100\n|-unboost|p1b: Grimmsnarl|spa|1\n|\n|upkeep\n|turn|12\n|inactive|TheSupereme has 120 seconds left.\n|\n|t:|1700909576\n|switch|p2b: Garganacl|Garganacl, F|100\/100\n|move|p1a: Cresselia|Psychic|p2a: Enamorus\n|-damage|p2a: Enamorus|27\/100\n|-unboost|p2a: Enamorus|spd|1\n|move|p1b: Grimmsnarl|False Surrender|p2b: Garganacl\n|-damage|p2b: Garganacl|69\/100\n|move|p2a: Enamorus|Dazzling Gleam|p1a: Cresselia|[spread] p1a,p1b\n|-supereffective|p1b: Grimmsnarl\n|-damage|p1a: Cresselia|46\/100\n|-damage|p1b: Grimmsnarl|0 fnt\n|faint|p1b: Grimmsnarl\n|\n|-heal|p2b: Garganacl|75\/100|[from] item: Leftovers\n|upkeep\n|\n|t:|1700909583\n|switch|p1b: Landorus|Landorus-Therian, M, tera:Flying|56\/100\n|-ability|p1b: Landorus|Intimidate|boost\n|-unboost|p2a: Enamorus|atk|1\n|-unboost|p2b: Garganacl|atk|1\n|turn|13\n|\n|t:|1700909594\n|move|p2a: Enamorus|Protect|p2a: Enamorus\n|-singleturn|p2a: Enamorus|Protect\n|move|p1b: Landorus|Stomping Tantrum|p2b: Garganacl\n|-supereffective|p2b: Garganacl\n|-damage|p2b: Garganacl|14\/100\n|move|p1a: Cresselia|Psychic|p2a: Enamorus\n|-activate|p2a: Enamorus|move: Protect\n|move|p2b: Garganacl|Rock Slide|p1b: Landorus|[spread] p1a,p1b\n|-supereffective|p1b: Landorus\n|-damage|p1a: Cresselia|36\/100\n|-damage|p1b: Landorus|22\/100\n|\n|-heal|p2b: Garganacl|20\/100|[from] item: Leftovers\n|upkeep\n|turn|14\n|\n|t:|1700909619\n|switch|p2a: Ogerpon|Ogerpon-Hearthflame, F|100\/100\n|-ability|p2a: Ogerpon|Mold Breaker\n|move|p1b: Landorus|Stomping Tantrum|p2a: Ogerpon\n|-damage|p2a: Ogerpon|45\/100\n|move|p1a: Cresselia|Lunar Blessing|p1a: Cresselia|[spread] p1a,p1b\n|-heal|p1a: Cresselia|61\/100\n|-heal|p1b: Landorus|47\/100\n|move|p2b: Garganacl|Rock Slide|p1a: Cresselia|[spread] p1a\n|-miss|p2b: Garganacl|p1b: Landorus\n|-damage|p1a: Cresselia|52\/100\n|\n|-heal|p2b: Garganacl|26\/100|[from] item: Leftovers\n|upkeep\n|turn|15\n|inactive|TheSupereme has 120 seconds left.\n|\n|t:|1700909657\n|move|p1b: Landorus|Stomping Tantrum|p2a: Ogerpon\n|-damage|p2a: Ogerpon|0 fnt\n|faint|p2a: Ogerpon\n|move|p1a: Cresselia|Psychic|p2b: Garganacl\n|-damage|p2b: Garganacl|0 fnt\n|faint|p2b: Garganacl\n|\n|upkeep\n|\n|t:|1700909664\n|switch|p2a: Enamorus|Enamorus-Therian, F, tera:Ground|27\/100\n|switch|p2b: Farigiraf|Farigiraf, M|12\/100\n|turn|16\n|-message|TheSupereme forfeited.\n|\n|win|JustRadAlex\n|raw|JustRadAlex's rating: 1440 &rarr; <strong>1459<\/strong><br \/>(+19 for winning)\n|raw|TheSupereme's rating: 1423 &rarr; <strong>1404<\/strong><br \/>(-19 for losing)\n|l|\u2606TheSupereme\n","uploadtime":1700909691,"views":8,"p1id":"justradalex","p2id":"thesupereme","formatid":"gen9doublesou","rating":1404,"private":0,"password":""}