{"id":"gen9doublesou-1981396426","p1":"astrodon","p2":"GuyInTheGhetto","format":"[Gen 9] Doubles OU","log":"|j|\u2606astrodon\n|j|\u2606GuyInTheGhetto\n|t:|1698891203\n|gametype|doubles\n|player|p1|astrodon|lusamine-nihilego|1030\n|player|p2|GuyInTheGhetto|gambler|1000\n|teamsize|p1|6\n|teamsize|p2|6\n|gen|9\n|tier|[Gen 9] Doubles OU\n|rated|\n|rule|Species Clause: Limit one of each Pok\u00e9mon\n|rule|OHKO Clause: OHKO moves are banned\n|rule|Evasion Moves Clause: Evasion moves are banned\n|rule|Gravity Sleep Clause: The combination of sleep-inducing moves with imperfect accuracy and Gravity or Gigantamax Orbeetle are banned\n|rule|Endless Battle Clause: Forcing endless battles is banned\n|rule|HP Percentage Mod: HP is shown in percentages\n|clearpoke\n|poke|p1|Sylveon, F|\n|poke|p1|Vaporeon, F|\n|poke|p1|Jolteon, F|\n|poke|p1|Flareon, M|\n|poke|p1|Espeon, F|\n|poke|p1|Umbreon, M|\n|poke|p2|Glimmora, F|\n|poke|p2|Jolteon, M|\n|poke|p2|Vespiquen, F|\n|poke|p2|Snorlax, M|\n|poke|p2|Palafin, F|\n|poke|p2|Umbreon, M|\n|teampreview\n|inactive|Battle timer is ON: inactive players will automatically lose when time's up. (requested by astrodon)\n|\n|t:|1698891208\n|start\n|switch|p1a: Hi :)|Espeon, F|100\/100\n|switch|p1b: \u00dcn\u00dcn\u00dcn\u00dcn|Vaporeon, F|100\/100\n|switch|p2a: Glimmora|Glimmora, F|100\/100\n|switch|p2b: Umbreon|Umbreon, M|100\/100\n|turn|1\n|inactive|astrodon has 120 seconds left.\n|\n|t:|1698891249\n|-terastallize|p2a: Glimmora|Normal\n|move|p1a: Hi :)|Trick|p2b: Umbreon\n|-activate|p1a: Hi :)|move: Trick|[of] p2b: Umbreon\n|-item|p2b: Umbreon|Choice Specs|[from] move: Trick\n|-item|p1a: Hi :)|Leftovers|[from] move: Trick\n|move|p2a: Glimmora|Light Screen|p2a: Glimmora\n|-sidestart|p2: GuyInTheGhetto|move: Light Screen\n|move|p1b: \u00dcn\u00dcn\u00dcn\u00dcn|Acid Armor|p1b: \u00dcn\u00dcn\u00dcn\u00dcn\n|-boost|p1b: \u00dcn\u00dcn\u00dcn\u00dcn|def|2\n|move|p2b: Umbreon|Wish|p2b: Umbreon\n|\n|upkeep\n|turn|2\n|inactive|astrodon has 120 seconds left.\n|\n|t:|1698891276\n|switch|p2b: Vespiquen|Vespiquen, F|100\/100\n|-ability|p2b: Vespiquen|Unnerve\n|move|p1a: Hi :)|Calm Mind|p1a: Hi :)\n|-boost|p1a: Hi :)|spa|1\n|-boost|p1a: Hi :)|spd|1\n|move|p2a: Glimmora|Reflect|p2a: Glimmora\n|-sidestart|p2: GuyInTheGhetto|Reflect\n|move|p1b: \u00dcn\u00dcn\u00dcn\u00dcn|Acid Armor|p1b: \u00dcn\u00dcn\u00dcn\u00dcn\n|-boost|p1b: \u00dcn\u00dcn\u00dcn\u00dcn|def|2\n|\n|upkeep\n|turn|3\n|\n|t:|1698891295\n|-terastallize|p1a: Hi :)|Fire\n|move|p1a: Hi :)|Calm Mind|p1a: Hi :)\n|-boost|p1a: Hi :)|spa|1\n|-boost|p1a: Hi :)|spd|1\n|move|p2a: Glimmora|Spikes|p1a: Hi :)\n|move|p1a: Hi :)|Spikes|p2a: Glimmora|[from]ability: Magic Bounce\n|-sidestart|p2: GuyInTheGhetto|Spikes\n|move|p1b: \u00dcn\u00dcn\u00dcn\u00dcn|Acid Armor|p1b: \u00dcn\u00dcn\u00dcn\u00dcn\n|-boost|p1b: \u00dcn\u00dcn\u00dcn\u00dcn|def|2\n|move|p2b: Vespiquen|Toxic|p1b: \u00dcn\u00dcn\u00dcn\u00dcn\n|-status|p1b: \u00dcn\u00dcn\u00dcn\u00dcn|tox\n|\n|-damage|p1b: \u00dcn\u00dcn\u00dcn\u00dcn|94\/100 tox|[from] psn\n|upkeep\n|turn|4\n|\n|t:|1698891324\n|move|p2a: Glimmora|Protect|p2a: Glimmora\n|-singleturn|p2a: Glimmora|Protect\n|move|p1a: Hi :)|Calm Mind|p1a: Hi :)\n|-boost|p1a: Hi :)|spa|1\n|-boost|p1a: Hi :)|spd|1\n|move|p1b: \u00dcn\u00dcn\u00dcn\u00dcn|Calm Mind|p1b: \u00dcn\u00dcn\u00dcn\u00dcn\n|-boost|p1b: \u00dcn\u00dcn\u00dcn\u00dcn|spa|1\n|-boost|p1b: \u00dcn\u00dcn\u00dcn\u00dcn|spd|1\n|move|p2b: Vespiquen|Confuse Ray|p1a: Hi :)\n|move|p1a: Hi :)|Confuse Ray|p2b: Vespiquen|[from]ability: Magic Bounce\n|-start|p2b: Vespiquen|confusion\n|\n|-heal|p1b: \u00dcn\u00dcn\u00dcn\u00dcn|100\/100 tox|[from] item: Leftovers\n|-damage|p1b: \u00dcn\u00dcn\u00dcn\u00dcn|88\/100 tox|[from] psn\n|upkeep\n|turn|5\n|\n|t:|1698891353\n|move|p1a: Hi :)|Psychic|p2b: Vespiquen\n|-damage|p2b: Vespiquen|22\/100\n|-unboost|p2b: Vespiquen|spd|1\n|move|p2a: Glimmora|Light Screen||[still]\n|-fail|p2a: Glimmora\n|move|p1b: \u00dcn\u00dcn\u00dcn\u00dcn|Calm Mind|p1b: \u00dcn\u00dcn\u00dcn\u00dcn\n|-boost|p1b: \u00dcn\u00dcn\u00dcn\u00dcn|spa|1\n|-boost|p1b: \u00dcn\u00dcn\u00dcn\u00dcn|spd|1\n|-activate|p2b: Vespiquen|confusion\n|move|p2b: Vespiquen|Destiny Bond|p2b: Vespiquen\n|-singlemove|p2b: Vespiquen|Destiny Bond\n|\n|-heal|p1b: \u00dcn\u00dcn\u00dcn\u00dcn|94\/100 tox|[from] item: Leftovers\n|-heal|p2b: Vespiquen|28\/100|[from] item: Leftovers\n|-damage|p1b: \u00dcn\u00dcn\u00dcn\u00dcn|75\/100 tox|[from] psn\n|-sideend|p2: GuyInTheGhetto|move: Light Screen\n|upkeep\n|turn|6\n|inactive|astrodon has 120 seconds left.\n|\n|t:|1698891411\n|move|p1a: Hi :)|Draining Kiss|p2a: Glimmora\n|-damage|p2a: Glimmora|59\/100\n|move|p2a: Glimmora|Light Screen|p2a: Glimmora\n|-sidestart|p2: GuyInTheGhetto|move: Light Screen\n|move|p1b: \u00dcn\u00dcn\u00dcn\u00dcn|Yawn|p2b: Vespiquen\n|-start|p2b: Vespiquen|move: Yawn|[of] p1b: \u00dcn\u00dcn\u00dcn\u00dcn\n|-activate|p2b: Vespiquen|confusion\n|move|p2b: Vespiquen|Confuse Ray|p1b: \u00dcn\u00dcn\u00dcn\u00dcn\n|-start|p1b: \u00dcn\u00dcn\u00dcn\u00dcn|confusion\n|\n|-heal|p1b: \u00dcn\u00dcn\u00dcn\u00dcn|82\/100 tox|[from] item: Leftovers\n|-heal|p2b: Vespiquen|34\/100|[from] item: Leftovers\n|-damage|p1b: \u00dcn\u00dcn\u00dcn\u00dcn|57\/100 tox|[from] psn\n|-sideend|p2: GuyInTheGhetto|Reflect\n|upkeep\n|turn|7\n|\n|t:|1698891435\n|move|p2a: Glimmora|Protect|p2a: Glimmora\n|-singleturn|p2a: Glimmora|Protect\n|move|p1a: Hi :)|Psychic|p2b: Vespiquen\n|-damage|p2b: Vespiquen|0 fnt\n|faint|p2b: Vespiquen\n|-activate|p1b: \u00dcn\u00dcn\u00dcn\u00dcn|confusion\n|move|p1b: \u00dcn\u00dcn\u00dcn\u00dcn|Stored Power|p2a: Glimmora\n|-activate|p2a: Glimmora|move: Protect\n|\n|-heal|p1b: \u00dcn\u00dcn\u00dcn\u00dcn|63\/100 tox|[from] item: Leftovers\n|-damage|p1b: \u00dcn\u00dcn\u00dcn\u00dcn|32\/100 tox|[from] psn\n|upkeep\n|\n|t:|1698891452\n|switch|p2b: Jolteon|Jolteon, M, shiny|100\/100\n|-damage|p2b: Jolteon|88\/100|[from] Spikes\n|turn|8\n|inactive|astrodon has 120 seconds left.\n|\n|t:|1698891471\n|move|p2b: Jolteon|Discharge|p1a: Hi :)|[spread] p2a,p1a,p1b\n|-supereffective|p1b: \u00dcn\u00dcn\u00dcn\u00dcn\n|-damage|p2a: Glimmora|40\/100\n|-damage|p1a: Hi :)|86\/100\n|-damage|p1b: \u00dcn\u00dcn\u00dcn\u00dcn|9\/100 tox\n|-status|p1a: Hi :)|par\n|move|p2a: Glimmora|Spikes|p1a: Hi :)\n|move|p1a: Hi :)|Spikes|p2a: Glimmora|[from]ability: Magic Bounce\n|-sidestart|p2: GuyInTheGhetto|Spikes\n|move|p1a: Hi :)|Psychic|p2b: Jolteon\n|-damage|p2b: Jolteon|0 fnt\n|faint|p2b: Jolteon\n|-activate|p1b: \u00dcn\u00dcn\u00dcn\u00dcn|confusion\n|move|p1b: \u00dcn\u00dcn\u00dcn\u00dcn|Stored Power|p2a: Glimmora\n|-damage|p2a: Glimmora|0 fnt\n|faint|p2a: Glimmora\n|\n|-heal|p1a: Hi :)|92\/100 par|[from] item: Leftovers\n|-heal|p1b: \u00dcn\u00dcn\u00dcn\u00dcn|16\/100 tox|[from] item: Leftovers\n|-damage|p1b: \u00dcn\u00dcn\u00dcn\u00dcn|0 fnt|[from] psn\n|faint|p1b: \u00dcn\u00dcn\u00dcn\u00dcn\n|upkeep\n|inactive|astrodon has 120 seconds left.\n|\n|t:|1698891505\n|switch|p2b: Palafin|Palafin, F|100\/100\n|switch|p2a: Umbreon|Umbreon, M|100\/100\n|switch|p1b: Ruby|Sylveon, F|100\/100\n|-damage|p2b: Palafin|84\/100|[from] Spikes\n|-damage|p2a: Umbreon|84\/100|[from] Spikes\n|turn|9\n|inactive|astrodon has 120 seconds left.\n|\n|t:|1698891525\n|detailschange|p2b: Palafin|Palafin-Hero, F\n|switch|p2b: Snorlax|Snorlax, M, shiny|100\/100\n|-damage|p2b: Snorlax|84\/100|[from] Spikes\n|cant|p1a: Hi :)|par\n|move|p2a: Umbreon|Calm Mind|p2a: Umbreon\n|-boost|p2a: Umbreon|spa|1\n|-boost|p2a: Umbreon|spd|1\n|move|p1b: Ruby|Calm Mind|p1b: Ruby\n|-boost|p1b: Ruby|spa|1\n|-boost|p1b: Ruby|spd|1\n|\n|-heal|p1a: Hi :)|98\/100 par|[from] item: Leftovers\n|-heal|p2b: Snorlax|90\/100|[from] item: Leftovers\n|upkeep\n|turn|10\n|inactive|astrodon has 120 seconds left.\n|\n|t:|1698891546\n|move|p1a: Hi :)|Psychic|p2b: Snorlax\n|-damage|p2b: Snorlax|53\/100\n|move|p2a: Umbreon|Calm Mind|p2a: Umbreon\n|-boost|p2a: Umbreon|spa|1\n|-boost|p2a: Umbreon|spd|1\n|move|p1b: Ruby|Calm Mind|p1b: Ruby\n|-boost|p1b: Ruby|spa|1\n|-boost|p1b: Ruby|spd|1\n|move|p2b: Snorlax|Curse|p2b: Snorlax\n|-unboost|p2b: Snorlax|spe|1\n|-boost|p2b: Snorlax|atk|1\n|-boost|p2b: Snorlax|def|1\n|\n|-heal|p1a: Hi :)|100\/100 par|[from] item: Leftovers\n|-heal|p2b: Snorlax|59\/100|[from] item: Leftovers\n|-sideend|p2: GuyInTheGhetto|move: Light Screen\n|upkeep\n|turn|11\n|inactive|astrodon has 120 seconds left.\n|\n|t:|1698891582\n|move|p1a: Hi :)|Psychic|p2b: Snorlax\n|-damage|p2b: Snorlax|6\/100\n|move|p2a: Umbreon|Calm Mind|p2a: Umbreon\n|-boost|p2a: Umbreon|spa|1\n|-boost|p2a: Umbreon|spd|1\n|move|p1b: Ruby|Psychic|p2b: Snorlax\n|-damage|p2b: Snorlax|0 fnt\n|faint|p2b: Snorlax\n|\n|upkeep\n|\n|t:|1698891590\n|switch|p2b: Palafin|Palafin-Hero, F|84\/100\n|-damage|p2b: Palafin|67\/100|[from] Spikes\n|-activate|p2b: Palafin|ability: Zero to Hero\n|turn|12\n|inactive|astrodon has 120 seconds left.\n|\n|t:|1698891613\n|switch|p1a: Breaking Bad|Umbreon, M|100\/100\n|move|p2b: Palafin|Liquidation|p1b: Ruby\n|-damage|p1b: Ruby|42\/100\n|move|p2a: Umbreon|Calm Mind|p2a: Umbreon\n|-boost|p2a: Umbreon|spa|1\n|-boost|p2a: Umbreon|spd|1\n|move|p1b: Ruby|Hyper Voice|p2a: Umbreon|[spread] p2a,p2b\n|-supereffective|p2a: Umbreon\n|-damage|p2a: Umbreon|46\/100\n|-damage|p2b: Palafin|12\/100\n|\n|upkeep\n|turn|13\n|inactive|astrodon has 120 seconds left.\n|\n|t:|1698891641\n|switch|p1b: SuperiorEntei|Flareon, M|100\/100\n|move|p2b: Palafin|Drain Punch|p1a: Breaking Bad\n|-supereffective|p1a: Breaking Bad\n|-damage|p1a: Breaking Bad|53\/100\n|-heal|p2b: Palafin|35\/100|[from] drain|[of] p1a: Breaking Bad\n|move|p2a: Umbreon|Calm Mind|p2a: Umbreon\n|-boost|p2a: Umbreon|spa|1\n|-boost|p2a: Umbreon|spd|1\n|move|p1a: Breaking Bad|Wish|p1a: Breaking Bad\n|\n|-heal|p1a: Breaking Bad|59\/100|[from] item: Leftovers\n|upkeep\n|turn|14\n|\n|t:|1698891664\n|switch|p1a: Ruby|Sylveon, F|42\/100\n|move|p2b: Palafin|Drain Punch|p1a: Ruby\n|-resisted|p1a: Ruby\n|-damage|p1a: Ruby|24\/100\n|-heal|p2b: Palafin|44\/100|[from] drain|[of] p1a: Ruby\n|move|p2a: Umbreon|Calm Mind|p2a: Umbreon\n|-boost|p2a: Umbreon|spa|1\n|-boost|p2a: Umbreon|spd|1\n|move|p1b: SuperiorEntei|Will-O-Wisp|p2b: Palafin\n|-status|p2b: Palafin|brn\n|\n|-heal|p1a: Ruby|74\/100|[from] move: Wish|[wisher] Breaking Bad\n|-damage|p2b: Palafin|37\/100 brn|[from] brn\n|upkeep\n|turn|15\n|-message|GuyInTheGhetto forfeited.\n|\n|win|astrodon\n|raw|astrodon's rating: 1030 &rarr; <strong>1062<\/strong><br \/>(+32 for winning)\n|raw|GuyInTheGhetto's rating: 1000 &rarr; <strong>1000<\/strong><br \/>(+0 for losing)\n|l|\u2606GuyInTheGhetto\n","uploadtime":1698891693,"views":27,"p1id":"astrodon","p2id":"guyintheghetto","formatid":"gen9doublesou","rating":1000,"private":0,"password":""}