{"id":"gen9doublesou-1977220033","p1":"Ghetsin'Time","p2":"obiedaloebsnu","format":"[Gen 9] Doubles OU","log":"|j|\u2606Ghetsin'Time\n|j|\u2606obiedaloebsnu\n|t:|1698388832\n|gametype|doubles\n|player|p1|Ghetsin'Time|ghetsis|1151\n|player|p2|obiedaloebsnu|2|1000\n|teamsize|p1|6\n|teamsize|p2|6\n|gen|9\n|tier|[Gen 9] Doubles OU\n|rated|\n|rule|Species Clause: Limit one of each Pok\u00e9mon\n|rule|OHKO Clause: OHKO moves are banned\n|rule|Evasion Moves Clause: Evasion moves are banned\n|rule|Gravity Sleep Clause: The combination of sleep-inducing moves with imperfect accuracy and Gravity or Gigantamax Orbeetle are banned\n|rule|Endless Battle Clause: Forcing endless battles is banned\n|rule|HP Percentage Mod: HP is shown in percentages\n|clearpoke\n|poke|p1|Garchomp, M|\n|poke|p1|Kilowattrel, F|\n|poke|p1|Garganacl, F|\n|poke|p1|Sylveon, F|\n|poke|p1|Ceruledge, M|\n|poke|p1|Wo-Chien|\n|poke|p2|Toxicroak, M|\n|poke|p2|Cloyster, F|\n|poke|p2|Espeon, F|\n|poke|p2|Great Tusk|\n|poke|p2|Milotic, F|\n|poke|p2|Raichu-Alola, M|\n|teampreview\n|inactive|Battle timer is ON: inactive players will automatically lose when time's up. (requested by Ghetsin'Time)\n|\n|t:|1698388855\n|start\n|switch|p1a: Kilowattrel|Kilowattrel, F|100\/100\n|switch|p1b: Wo-Chien|Wo-Chien|100\/100\n|switch|p2a: Milotic|Milotic, F|100\/100\n|switch|p2b: Raichu|Raichu-Alola, M, shiny|100\/100\n|-ability|p1b: Wo-Chien|Tablets of Ruin\n|turn|1\n|\n|t:|1698388873\n|move|p1a: Kilowattrel|Tailwind|p1a: Kilowattrel\n|-sidestart|p1: Ghetsin'Time|move: Tailwind\n|move|p1b: Wo-Chien|Snarl|p2b: Raichu|[spread] p2a,p2b\n|-supereffective|p2b: Raichu\n|-damage|p2a: Milotic|90\/100\n|-damage|p2b: Raichu|68\/100\n|-unboost|p2a: Milotic|spa|1\n|-ability|p2a: Milotic|Competitive|boost\n|-boost|p2a: Milotic|spa|2\n|-unboost|p2b: Raichu|spa|1\n|move|p2b: Raichu|Thunder|p1b: Wo-Chien\n|-resisted|p1b: Wo-Chien\n|-damage|p1b: Wo-Chien|92\/100\n|move|p2a: Milotic|Rain Dance|p2a: Milotic\n|-weather|RainDance\n|\n|-weather|RainDance|[upkeep]\n|-heal|p1b: Wo-Chien|98\/100|[from] item: Leftovers\n|-heal|p2b: Raichu|75\/100|[from] item: Leftovers\n|-heal|p2a: Milotic|96\/100|[from] item: Leftovers\n|upkeep\n|turn|2\n|inactive|Ghetsin'Time has 120 seconds left.\n|inactive|obiedaloebsnu has 120 seconds left.\n|\n|t:|1698388918\n|move|p1a: Kilowattrel|Thunderbolt|p2a: Milotic\n|-supereffective|p2a: Milotic\n|-damage|p2a: Milotic|27\/100\n|move|p1b: Wo-Chien|Ruination|p2a: Milotic\n|-damage|p2a: Milotic|14\/100\n|move|p2b: Raichu|Brick Break|p1a: Kilowattrel\n|-resisted|p1a: Kilowattrel\n|-damage|p1a: Kilowattrel|89\/100\n|move|p2a: Milotic|Blizzard|p1b: Wo-Chien|[spread] p1a\n|-miss|p2a: Milotic|p1b: Wo-Chien\n|-supereffective|p1a: Kilowattrel\n|-damage|p1a: Kilowattrel|0 fnt\n|faint|p1a: Kilowattrel\n|\n|-weather|RainDance|[upkeep]\n|-heal|p1b: Wo-Chien|100\/100|[from] item: Leftovers\n|-heal|p2b: Raichu|81\/100|[from] item: Leftovers\n|-heal|p2a: Milotic|20\/100|[from] item: Leftovers\n|upkeep\n|inactive|Ghetsin'Time has 90 seconds left.\n|\n|t:|1698388944\n|switch|p1a: Sylveon|Sylveon, F|100\/100\n|turn|3\n|\n|t:|1698388953\n|move|p1a: Sylveon|Hyper Voice|p2a: Milotic|[spread] p2a,p2b\n|-crit|p2b: Raichu\n|-damage|p2a: Milotic|0 fnt\n|-damage|p2b: Raichu|17\/100\n|faint|p2a: Milotic\n|-enditem|p1a: Sylveon|Throat Spray\n|-boost|p1a: Sylveon|spa|1|[from] item: Throat Spray\n|move|p1b: Wo-Chien|Snarl|p2b: Raichu\n|-supereffective|p2b: Raichu\n|-damage|p2b: Raichu|0 fnt\n|faint|p2b: Raichu\n|\n|-weather|RainDance|[upkeep]\n|upkeep\n|\n|t:|1698388973\n|switch|p2b: Great Tusk|Great Tusk, shiny|100\/100\n|switch|p2a: Toxicroak|Toxicroak, M, shiny|100\/100\n|turn|4\n|inactive|Ghetsin'Time has 120 seconds left.\n|inactive|obiedaloebsnu has 120 seconds left.\n|\n|t:|1698389020\n|-terastallize|p2b: Great Tusk|Grass\n|move|p1a: Sylveon|Protect|p1a: Sylveon\n|-singleturn|p1a: Sylveon|Protect\n|move|p1b: Wo-Chien|Reflect|p1b: Wo-Chien\n|-sidestart|p1: Ghetsin'Time|Reflect\n|move|p2a: Toxicroak|Gunk Shot|p1a: Sylveon\n|-activate|p1a: Sylveon|move: Protect\n|move|p2b: Great Tusk|Megahorn|p1b: Wo-Chien\n|-supereffective|p1b: Wo-Chien\n|-damage|p1b: Wo-Chien|41\/100\n|\n|-weather|RainDance|[upkeep]\n|-heal|p1b: Wo-Chien|47\/100|[from] item: Leftovers\n|-sideend|p1: Ghetsin'Time|move: Tailwind\n|upkeep\n|turn|5\n|inactive|Ghetsin'Time has 120 seconds left.\n|inactive|obiedaloebsnu has 120 seconds left.\n|inactive|Ghetsin'Time has 90 seconds left.\n|\n|t:|1698389062\n|switch|p1b: Garganacl|Garganacl, F|100\/100\n|-terastallize|p1a: Sylveon|Ground\n|move|p2a: Toxicroak|Gunk Shot|p1a: Sylveon\n|-resisted|p1a: Sylveon\n|-damage|p1a: Sylveon|82\/100\n|-status|p1a: Sylveon|psn\n|move|p2b: Great Tusk|Megahorn|p1b: Garganacl\n|-damage|p1b: Garganacl|83\/100\n|move|p1a: Sylveon|Tera Blast|p2a: Toxicroak|[anim] Tera Blast Ground\n|-supereffective|p2a: Toxicroak\n|-damage|p2a: Toxicroak|0 fnt\n|faint|p2a: Toxicroak\n|\n|-weather|none\n|-heal|p1b: Garganacl|89\/100|[from] item: Leftovers\n|-damage|p1a: Sylveon|70\/100 psn|[from] psn\n|upkeep\n|\n|t:|1698389077\n|switch|p2a: Espeon|Espeon, F|100\/100\n|turn|6\n|inactive|obiedaloebsnu has 120 seconds left.\n|\n|t:|1698389107\n|move|p2a: Espeon|Future Sight|p1a: Sylveon\n|-start|p2a: Espeon|move: Future Sight\n|move|p2b: Great Tusk|Body Press|p1b: Garganacl\n|-supereffective|p1b: Garganacl\n|-damage|p1b: Garganacl|53\/100\n|move|p1a: Sylveon|Hyper Voice|p2b: Great Tusk|[spread] p2a,p2b\n|-crit|p2a: Espeon\n|-damage|p2a: Espeon|3\/100\n|-damage|p2b: Great Tusk|42\/100\n|move|p1b: Garganacl|Iron Defense|p1b: Garganacl\n|-boost|p1b: Garganacl|def|2\n|\n|-heal|p2a: Espeon|9\/100|[from] item: Leftovers\n|-heal|p2b: Great Tusk|48\/100|[from] item: Leftovers\n|-heal|p1b: Garganacl|59\/100|[from] item: Leftovers\n|-damage|p1a: Sylveon|57\/100 psn|[from] psn\n|upkeep\n|turn|7\n|inactive|obiedaloebsnu has 120 seconds left.\n|inactive|Ghetsin'Time has 120 seconds left.\n|\n|t:|1698389135\n|move|p2a: Espeon|Future Sight|p1b: Garganacl\n|-start|p2a: Espeon|move: Future Sight\n|move|p2b: Great Tusk|Megahorn|p1a: Sylveon\n|-damage|p1a: Sylveon|25\/100 psn\n|move|p1a: Sylveon|Hyper Voice|p2b: Great Tusk|[spread] p2a,p2b\n|-damage|p2a: Espeon|0 fnt\n|-damage|p2b: Great Tusk|0 fnt\n|faint|p2a: Espeon\n|faint|p2b: Great Tusk\n|-end|p2b: Great Tusk|Protosynthesis|[silent]\n|move|p1b: Garganacl|Recover|p1b: Garganacl\n|-heal|p1b: Garganacl|100\/100\n|\n|-damage|p1a: Sylveon|13\/100 psn|[from] psn\n|upkeep\n|\n|t:|1698389140\n|switch|p2b: Cloyster|Cloyster, F|100\/100\n|turn|8\n|\n|t:|1698389147\n|move|p1a: Sylveon|Protect|p1a: Sylveon\n|-singleturn|p1a: Sylveon|Protect\n|move|p2b: Cloyster|Blizzard|p1b: Garganacl|[spread] p1b\n|-activate|p1a: Sylveon|move: Protect\n|-damage|p1b: Garganacl|83\/100\n|move|p1b: Garganacl|Body Press|p2b: Cloyster\n|-supereffective|p2b: Cloyster\n|-damage|p2b: Cloyster|27\/100\n|\n|-end|p1a: Sylveon|move: Future Sight\n|-damage|p1a: Sylveon|0 fnt\n|faint|p1a: Sylveon\n|-heal|p2b: Cloyster|33\/100|[from] item: Leftovers\n|-heal|p1b: Garganacl|89\/100|[from] item: Leftovers\n|-sideend|p1: Ghetsin'Time|Reflect\n|upkeep\n|\n|t:|1698389157\n|switch|p1a: Garchomp|Garchomp, M|100\/100\n|turn|9\n|\n|t:|1698389164\n|move|p1a: Garchomp|Dragon Claw|p2b: Cloyster\n|-damage|p2b: Cloyster|0 fnt\n|faint|p2b: Cloyster\n|\n|win|Ghetsin'Time\n|raw|Ghetsin&apos;Time's rating: 1151 &rarr; <strong>1166<\/strong><br \/>(+15 for winning)\n|raw|obiedaloebsnu's rating: 1000 &rarr; <strong>1000<\/strong><br \/>(+0 for losing)\n|l|\u2606obiedaloebsnu\n","uploadtime":1698389169,"views":21,"p1id":"ghetsintime","p2id":"obiedaloebsnu","formatid":"gen9doublesou","rating":1000,"private":0,"password":""}