{"id":"gen9doublesou-1987297562","p1":"The Kitten Boy","p2":"Paldean Sas*ke","format":"[Gen 9] Doubles OU","log":"|j|\u2606The Kitten Boy\n|j|\u2606Paldean Sas*ke\n|inactive|Battle timer is ON: inactive players will automatically lose when time's up.\n|t:|1699574557\n|gametype|doubles\n|player|p1|The Kitten Boy|lucas|\n|player|p2|Paldean Sas*ke|gardenia|\n|teamsize|p1|6\n|teamsize|p2|6\n|gen|9\n|tier|[Gen 9] Doubles OU\n|rated|Tournament battle\n|rule|Species Clause: Limit one of each Pok\u00e9mon\n|rule|OHKO Clause: OHKO moves are banned\n|rule|Evasion Moves Clause: Evasion moves are banned\n|rule|Gravity Sleep Clause: The combination of sleep-inducing moves with imperfect accuracy and Gravity or Gigantamax Orbeetle are banned\n|rule|Endless Battle Clause: Forcing endless battles is banned\n|rule|HP Percentage Mod: HP is shown in percentages\n|clearpoke\n|poke|p1|Flutter Mane|\n|poke|p1|Chi-Yu|\n|poke|p1|Tornadus, M|\n|poke|p1|Sinistcha|\n|poke|p1|Glimmora, F|\n|poke|p1|Cresselia, F|\n|poke|p2|Rillaboom, M|\n|poke|p2|Ursaluna, M|\n|poke|p2|Cresselia, F|\n|poke|p2|Volcanion|\n|poke|p2|Flutter Mane|\n|poke|p2|Kleavor, M|\n|teampreview\n|inactive|Paldean Sas*ke has 120 seconds left.\n|inactive|Paldean Sas*ke has 90 seconds left.\n|j|+Hacchi-san\n|\n|t:|1699574623\n|start\n|switch|p1a: Sinistcha|Sinistcha|100\/100\n|switch|p1b: Glimmora|Glimmora, F|100\/100\n|switch|p2a: Kleavor|Kleavor, M|100\/100\n|switch|p2b: Volcanion|Volcanion|100\/100\n|turn|1\n|inactive|Paldean Sas*ke has 120 seconds left.\n|l|+Hacchi-san\n|\n|t:|1699574679\n|switch|p1a: Tornadus|Tornadus, M|100\/100\n|move|p2a: Kleavor|Stone Axe|p1a: Tornadus\n|-supereffective|p1a: Tornadus\n|-enditem|p1a: Tornadus|Focus Sash\n|-damage|p1a: Tornadus|1\/100\n|-sidestart|p1: The Kitten Boy|move: Stealth Rock\n|move|p1b: Glimmora|Stealth Rock|p2b: Volcanion\n|-sidestart|p2: Paldean Sas*ke|move: Stealth Rock\n|move|p2b: Volcanion|Heat Wave|p1b: Glimmora|[spread] p1a,p1b\n|-resisted|p1b: Glimmora\n|-damage|p1a: Tornadus|0 fnt\n|-damage|p1b: Glimmora|75\/100\n|faint|p1a: Tornadus\n|\n|upkeep\n|\n|t:|1699574688\n|switch|p1a: Cresselia|Cresselia, F|100\/100\n|-damage|p1a: Cresselia|88\/100|[from] Stealth Rock\n|turn|2\n|inactive|Paldean Sas*ke has 120 seconds left.\n|\n|t:|1699574705\n|switch|p2a: Ursaluna|Ursaluna, M|100\/100\n|-damage|p2a: Ursaluna|94\/100|[from] Stealth Rock\n|move|p1b: Glimmora|Mortal Spin|p2b: Volcanion|[spread] p2a,p2b\n|-resisted|p2a: Ursaluna\n|-damage|p2a: Ursaluna|93\/100\n|-damage|p2b: Volcanion|97\/100\n|-status|p2a: Ursaluna|psn\n|-status|p2b: Volcanion|psn\n|-sideend|p1: The Kitten Boy|Stealth Rock|[from] move: Mortal Spin|[of] p1b: Glimmora\n|move|p1a: Cresselia|Lunar Blessing|p1a: Cresselia|[spread] p1a,p1b\n|-heal|p1a: Cresselia|100\/100\n|-heal|p1b: Glimmora|99\/100\n|move|p2b: Volcanion|Earth Power|p1b: Glimmora\n|-supereffective|p1b: Glimmora\n|-damage|p1b: Glimmora|0 fnt\n|faint|p1b: Glimmora\n|\n|-damage|p2b: Volcanion|85\/100 psn|[from] psn\n|-damage|p2a: Ursaluna|80\/100 psn|[from] psn\n|upkeep\n|\n|t:|1699574716\n|switch|p1b: Sinistcha|Sinistcha|100\/100\n|turn|3\n|inactive|Paldean Sas*ke has 120 seconds left.\n|\n|t:|1699574745\n|switch|p2a: Cresselia|Cresselia, F|100\/100\n|-damage|p2a: Cresselia|88\/100|[from] Stealth Rock\n|move|p1a: Cresselia|Dazzling Gleam|p2a: Cresselia|[spread] p2a,p2b\n|-crit|p2a: Cresselia\n|-resisted|p2b: Volcanion\n|-damage|p2a: Cresselia|75\/100\n|-damage|p2b: Volcanion|80\/100 psn\n|move|p2b: Volcanion|Heat Wave|p1b: Sinistcha|[spread] p1a,p1b\n|-supereffective|p1b: Sinistcha\n|-damage|p1a: Cresselia|68\/100\n|-damage|p1b: Sinistcha|8\/100\n|move|p1b: Sinistcha|Matcha Gotcha|p2a: Cresselia|[spread] p2a\n|-miss|p1b: Sinistcha|p2b: Volcanion\n|-damage|p2a: Cresselia|62\/100\n|-heal|p1b: Sinistcha|16\/100|[from] drain|[of] p2a: Cresselia\n|\n|-heal|p1b: Sinistcha|22\/100|[from] item: Leftovers\n|-damage|p2b: Volcanion|67\/100 psn|[from] psn\n|upkeep\n|turn|4\n|\n|t:|1699574766\n|switch|p1b: Chi-Yu|Chi-Yu|100\/100\n|-ability|p1b: Chi-Yu|Beads of Ruin\n|move|p1a: Cresselia|Lunar Blessing|p1a: Cresselia|[spread] p1a,p1b\n|-heal|p1a: Cresselia|93\/100\n|move|p2b: Volcanion|Heat Wave|p1a: Cresselia|[spread] p1a,p1b\n|-resisted|p1b: Chi-Yu\n|-damage|p1a: Cresselia|54\/100\n|-damage|p1b: Chi-Yu|75\/100\n|move|p2a: Cresselia|Lunar Blessing|p2a: Cresselia|[spread] p2a,p2b\n|-heal|p2a: Cresselia|87\/100\n|-heal|p2b: Volcanion|93\/100 psn\n|-curestatus|p2b: Volcanion|psn|[msg]\n|\n|upkeep\n|turn|5\n|inactive|Paldean Sas*ke has 120 seconds left.\n|inactive|Paldean Sas*ke has 90 seconds left.\n|\n|t:|1699574829\n|switch|p2a: Kleavor|Kleavor, M|100\/100\n|-damage|p2a: Kleavor|76\/100|[from] Stealth Rock\n|move|p1b: Chi-Yu|Dark Pulse|p2a: Kleavor\n|-crit|p2a: Kleavor\n|-damage|p2a: Kleavor|0 fnt\n|faint|p2a: Kleavor\n|move|p1a: Cresselia|Lunar Blessing|p1a: Cresselia|[spread] p1a,p1b\n|-heal|p1a: Cresselia|79\/100\n|-heal|p1b: Chi-Yu|100\/100\n|move|p2b: Volcanion|Steam Eruption|p1b: Chi-Yu\n|-supereffective|p1b: Chi-Yu\n|-damage|p1b: Chi-Yu|0 fnt\n|faint|p1b: Chi-Yu\n|\n|upkeep\n|inactive|Paldean Sas*ke has 90 seconds left.\n|inactive|The Kitten Boy has 120 seconds left.\n|inactive|The Kitten Boy has 90 seconds left.\n|inactive|The Kitten Boy has 60 seconds left.\n|\n|t:|1699574919\n|switch|p1b: Flutter Mane|Flutter Mane|100\/100\n|switch|p2a: Rillaboom|Rillaboom, M|100\/100\n|-damage|p2a: Rillaboom|88\/100|[from] Stealth Rock\n|-fieldstart|move: Grassy Terrain|[from] ability: Grassy Surge|[of] p2a: Rillaboom\n|-enditem|p1b: Flutter Mane|Booster Energy\n|-activate|p1b: Flutter Mane|ability: Protosynthesis|[fromitem]\n|-start|p1b: Flutter Mane|protosynthesisspe\n|turn|6\n|inactive|Paldean Sas*ke has 90 seconds left.\n|\n|t:|1699574949\n|-terastallize|p2a: Rillaboom|Fire\n|move|p1a: Cresselia|Ally Switch|p1a: Cresselia\n|swap|p1a: Cresselia|1|[from] move: Ally Switch\n|move|p2a: Rillaboom|Grassy Glide|p1b: Cresselia\n|-damage|p1b: Cresselia|44\/100\n|move|p1a: Flutter Mane|Moonblast|p2a: Rillaboom\n|-resisted|p2a: Rillaboom\n|-damage|p2a: Rillaboom|69\/100\n|move|p2b: Volcanion|Heat Wave|p1a: Flutter Mane|[spread] p1a,p1b\n|-damage|p1a: Flutter Mane|55\/100\n|-damage|p1b: Cresselia|11\/100\n|\n|-heal|p1a: Flutter Mane|61\/100|[from] Grassy Terrain\n|-heal|p2a: Rillaboom|75\/100|[from] Grassy Terrain\n|-heal|p2b: Volcanion|99\/100|[from] Grassy Terrain\n|upkeep\n|turn|7\n|inactive|Paldean Sas*ke has 90 seconds left.\n|inactive|The Kitten Boy has 90 seconds left.\n|\n|t:|1699574976\n|move|p2a: Rillaboom|Grassy Glide|p1b: Cresselia\n|-damage|p1b: Cresselia|0 fnt\n|faint|p1b: Cresselia\n|move|p1a: Flutter Mane|Shadow Ball|p2a: Rillaboom\n|-damage|p2a: Rillaboom|45\/100\n|move|p2b: Volcanion|Steam Eruption|p1a: Flutter Mane\n|-damage|p1a: Flutter Mane|0 fnt\n|faint|p1a: Flutter Mane\n|-end|p1a: Flutter Mane|Protosynthesis|[silent]\n|\n|-heal|p2a: Rillaboom|51\/100|[from] Grassy Terrain\n|-heal|p2b: Volcanion|100\/100|[from] Grassy Terrain\n|upkeep\n|inactive|The Kitten Boy has 90 seconds left.\n|-message|The Kitten Boy forfeited.\n|\n|win|Paldean Sas*ke\n|n|\u2606The Kitten Boy|thekittenboy\n|n|\u2606Paldean Sas*ke|paldeansaske\n","uploadtime":1699574981,"views":6,"p1id":"thekittenboy","p2id":"paldeansaske","formatid":"gen9doublesou","rating":0,"private":0,"password":""}