{"id":"gen9doublesou-1970605065","p1":"Darkwuz","p2":"Monsenior","format":"[Gen 9] Doubles OU","log":"|j|\u2606Darkwuz\n|j|\u2606Monsenior\n|t:|1697651832\n|gametype|doubles\n|player|p1|Darkwuz|benga|1364\n|player|p2|Monsenior|gentleman|1244\n|teamsize|p1|6\n|teamsize|p2|6\n|gen|9\n|tier|[Gen 9] Doubles OU\n|rated|\n|rule|Species Clause: Limit one of each Pok\u00e9mon\n|rule|OHKO Clause: OHKO moves are banned\n|rule|Evasion Moves Clause: Evasion moves are banned\n|rule|Gravity Sleep Clause: The combination of sleep-inducing moves with imperfect accuracy and Gravity or Gigantamax Orbeetle are banned\n|rule|Endless Battle Clause: Forcing endless battles is banned\n|rule|HP Percentage Mod: HP is shown in percentages\n|clearpoke\n|poke|p1|Landorus-Therian, M|\n|poke|p1|Vikavolt, F|\n|poke|p1|Murkrow, F|\n|poke|p1|Chien-Pao|\n|poke|p1|Heracross, M|\n|poke|p1|Manaphy|\n|poke|p2|Indeedee-F, F|\n|poke|p2|Hatterene, F|\n|poke|p2|Amoonguss, M|\n|poke|p2|Armarouge, F|\n|poke|p2|Baxcalibur, M|\n|poke|p2|Conkeldurr, M|\n|teampreview\n|inactive|Battle timer is ON: inactive players will automatically lose when time's up. (requested by Monsenior)\n|\n|t:|1697651839\n|start\n|switch|p1a: Landorus|Landorus-Therian, M|100\/100\n|switch|p1b: Vikavolt|Vikavolt, F|100\/100\n|switch|p2a: Derpdeedee|Indeedee-F, F, shiny|100\/100\n|switch|p2b: Tips Fedora|Hatterene, F|100\/100\n|-ability|p1a: Landorus|Intimidate|boost\n|-unboost|p2a: Derpdeedee|atk|1\n|-unboost|p2b: Tips Fedora|atk|1\n|-fieldstart|move: Psychic Terrain|[from] ability: Psychic Surge|[of] p2a: Derpdeedee\n|turn|1\n|\n|t:|1697651857\n|move|p1a: Landorus|Rock Slide|p2a: Derpdeedee|[spread] p2a\n|-miss|p1a: Landorus|p2b: Tips Fedora\n|-damage|p2a: Derpdeedee|75\/100\n|move|p2a: Derpdeedee|Skill Swap|p1b: Vikavolt\n|-activate|p2a: Derpdeedee|move: Skill Swap|Levitate|Psychic Surge|[of] p1b: Vikavolt\n|move|p1b: Vikavolt|Discharge|p2b: Tips Fedora|[spread] p2a,p2b\n|-immune|p1a: Landorus\n|-damage|p2a: Derpdeedee|40\/100\n|-damage|p2b: Tips Fedora|58\/100\n|move|p2b: Tips Fedora|Trick Room|p2b: Tips Fedora\n|-fieldstart|move: Trick Room|[of] p2b: Tips Fedora\n|\n|upkeep\n|turn|2\n|\n|t:|1697651879\n|move|p2a: Derpdeedee|Helping Hand|p2b: Tips Fedora\n|-singleturn|p2b: Tips Fedora|Helping Hand|[of] p2a: Derpdeedee\n|move|p2b: Tips Fedora|Dazzling Gleam|p1b: Vikavolt|[spread] p1a,p1b\n|-damage|p1a: Landorus|37\/100\n|-damage|p1b: Vikavolt|64\/100\n|move|p1b: Vikavolt|Bug Buzz|p2b: Tips Fedora\n|-damage|p2b: Tips Fedora|0 fnt\n|faint|p2b: Tips Fedora\n|move|p1a: Landorus|Rock Slide|p2a: Derpdeedee|[miss]\n|-miss|p1a: Landorus|p2a: Derpdeedee\n|\n|upkeep\n|\n|t:|1697651892\n|switch|p2b: Monica Lewinsky|Armarouge, F|100\/100\n|turn|3\n|\n|t:|1697651902\n|move|p1b: Vikavolt|Discharge|p2b: Monica Lewinsky|[spread] p2a,p2b\n|-immune|p1a: Landorus\n|-damage|p2a: Derpdeedee|6\/100\n|-damage|p2b: Monica Lewinsky|60\/100\n|-status|p2a: Derpdeedee|par\n|cant|p2a: Derpdeedee|par\n|move|p2b: Monica Lewinsky|Expanding Force|p1b: Vikavolt|[spread] p1a,p1b\n|-damage|p1a: Landorus|0 fnt\n|-damage|p1b: Vikavolt|14\/100\n|faint|p1a: Landorus\n|\n|upkeep\n|\n|t:|1697651913\n|switch|p1a: Manaphy|Manaphy|100\/100\n|turn|4\n|\n|t:|1697651933\n|move|p2a: Derpdeedee|Skill Swap|p1a: Manaphy\n|-activate|p2a: Derpdeedee|move: Skill Swap|Hydration|Levitate|[of] p1a: Manaphy\n|move|p1b: Vikavolt|Bug Buzz|p2b: Monica Lewinsky\n|-damage|p2b: Monica Lewinsky|1\/100\n|move|p2b: Monica Lewinsky|Expanding Force|p1b: Vikavolt|[spread] p1a,p1b\n|-damage|p1a: Manaphy|52\/100\n|-damage|p1b: Vikavolt|0 fnt\n|faint|p1b: Vikavolt\n|move|p1a: Manaphy|Blizzard|p2a: Derpdeedee|[spread] p2a,p2b\n|-resisted|p2b: Monica Lewinsky\n|-damage|p2a: Derpdeedee|0 fnt\n|-damage|p2b: Monica Lewinsky|0 fnt\n|faint|p2a: Derpdeedee\n|faint|p2b: Monica Lewinsky\n|\n|-heal|p1a: Manaphy|59\/100|[from] item: Leftovers\n|upkeep\n|\n|t:|1697651956\n|switch|p1b: Murkrow|Murkrow, F|100\/100\n|switch|p2b: Brute Squad|Conkeldurr, M|100\/100\n|switch|p2a: Soylent Green|Amoonguss, M|100\/100\n|turn|5\n|\n|t:|1697651968\n|move|p1b: Murkrow|Taunt|p2a: Soylent Green\n|-activate|p2a: Soylent Green|move: Psychic Terrain\n|move|p2a: Soylent Green|Spore|p1b: Murkrow\n|-status|p1b: Murkrow|slp|[from] move: Spore\n|move|p2b: Brute Squad|Thunder Punch|p1a: Manaphy\n|-supereffective|p1a: Manaphy\n|-damage|p1a: Manaphy|0 fnt\n|faint|p1a: Manaphy\n|\n|-fieldend|move: Trick Room\n|upkeep\n|\n|t:|1697651973\n|switch|p1a: Chien-Pao|Chien-Pao|100\/100\n|-ability|p1a: Chien-Pao|Sword of Ruin\n|turn|6\n|\n|t:|1697652000\n|move|p1a: Chien-Pao|Psychic Fangs|p2a: Soylent Green\n|-supereffective|p2a: Soylent Green\n|-damage|p2a: Soylent Green|0 fnt\n|-damage|p1a: Chien-Pao|84\/100|[from] item: Rocky Helmet|[of] p2a: Soylent Green\n|faint|p2a: Soylent Green\n|cant|p1b: Murkrow|slp\n|move|p2b: Brute Squad|Drain Punch|p1a: Chien-Pao\n|-supereffective|p1a: Chien-Pao\n|-damage|p1a: Chien-Pao|0 fnt\n|faint|p1a: Chien-Pao\n|\n|upkeep\n|\n|t:|1697652011\n|switch|p1a: Heracross|Heracross, M|100\/100\n|switch|p2a: Gojira|Baxcalibur, M|100\/100\n|turn|7\n|inactive|Monsenior has 120 seconds left.\n|inactive|Monsenior has 90 seconds left.\n|inactive|Monsenior has 60 seconds left.\n|\n|t:|1697652105\n|cant|p1b: Murkrow|slp\n|move|p1a: Heracross|Close Combat|p2a: Gojira\n|-supereffective|p2a: Gojira\n|-damage|p2a: Gojira|0 fnt\n|-unboost|p1a: Heracross|def|1\n|-unboost|p1a: Heracross|spd|1\n|faint|p2a: Gojira\n|-ability|p1a: Heracross|Moxie|boost\n|-boost|p1a: Heracross|atk|1\n|move|p2b: Brute Squad|Ice Punch|p1a: Heracross\n|-crit|p1a: Heracross\n|-damage|p1a: Heracross|0 fnt\n|faint|p1a: Heracross\n|\n|upkeep\n|turn|8\n|inactive|Darkwuz has 120 seconds left.\n|inactive|Darkwuz has 90 seconds left.\n|inactive|Darkwuz has 60 seconds left.\n|inactive|Darkwuz has 30 seconds left.\n|\n|t:|1697652233\n|-curestatus|p1b: Murkrow|slp|[msg]\n|move|p1b: Murkrow|U-turn|p2b: Brute Squad\n|-resisted|p2b: Brute Squad\n|-damage|p2b: Brute Squad|91\/100\n|move|p2b: Brute Squad|Thunder Punch|p1b: Murkrow\n|-supereffective|p1b: Murkrow\n|-enditem|p1b: Murkrow|Focus Sash\n|-damage|p1b: Murkrow|1\/100\n|\n|-fieldend|move: Psychic Terrain\n|upkeep\n|turn|9\n|\n|t:|1697652262\n|move|p2b: Brute Squad|Mach Punch|p1b: Murkrow\n|-damage|p1b: Murkrow|0 fnt\n|faint|p1b: Murkrow\n|\n|win|Monsenior\n|raw|Darkwuz's rating: 1364 &rarr; <strong>1337<\/strong><br \/>(-27 for losing)\n|raw|Monsenior's rating: 1244 &rarr; <strong>1277<\/strong><br \/>(+33 for winning)\n|l|\u2606Monsenior\n","uploadtime":1697652285,"views":13,"p1id":"darkwuz","p2id":"monsenior","formatid":"gen9doublesou","rating":1277,"private":0,"password":""}