{"id":"gen9doublesou-1978379299","p1":"SXD2002","p2":"Critian Caceorte","format":"[Gen 9] Doubles OU","log":"|j|\u2606SXD2002\n|j|\u2606Critian Caceorte\n|t:|1698531488\n|gametype|doubles\n|player|p1|SXD2002|silver-masters|1010\n|player|p2|Critian Caceorte|265|1126\n|teamsize|p1|6\n|teamsize|p2|6\n|gen|9\n|tier|[Gen 9] Doubles OU\n|rated|\n|rule|Species Clause: Limit one of each Pok\u00e9mon\n|rule|OHKO Clause: OHKO moves are banned\n|rule|Evasion Moves Clause: Evasion moves are banned\n|rule|Gravity Sleep Clause: The combination of sleep-inducing moves with imperfect accuracy and Gravity or Gigantamax Orbeetle are banned\n|rule|Endless Battle Clause: Forcing endless battles is banned\n|rule|HP Percentage Mod: HP is shown in percentages\n|clearpoke\n|poke|p1|Lurantis, M|\n|poke|p1|Murkrow, M|\n|poke|p1|Grimmsnarl, M|\n|poke|p1|Clefairy, F|\n|poke|p1|Talonflame, F|\n|poke|p1|Espeon, F|\n|poke|p2|Bisharp, F|\n|poke|p2|Brute Bonnet|\n|poke|p2|Mandibuzz, F|\n|poke|p2|Muk-Alola, F|\n|poke|p2|Persian-Alola, M|\n|poke|p2|Samurott-Hisui, M|\n|teampreview\n|inactive|Battle timer is ON: inactive players will automatically lose when time's up. (requested by SXD2002)\n|\n|t:|1698531521\n|start\n|switch|p1a: Murkrow|Murkrow, M|100\/100\n|switch|p1b: Lurantis|Lurantis, M|100\/100\n|switch|p2a: Bisharp|Bisharp, F|100\/100\n|switch|p2b: Mandibuzz|Mandibuzz, F|100\/100\n|turn|1\n|\n|t:|1698531533\n|-terastallize|p1b: Lurantis|Steel\n|move|p1a: Murkrow|Screech|p1b: Lurantis\n|-boost|p1b: Lurantis|def|2\n|move|p2b: Mandibuzz|Taunt|p1a: Murkrow\n|-start|p1a: Murkrow|move: Taunt\n|move|p2a: Bisharp|Swords Dance|p2a: Bisharp\n|-boost|p2a: Bisharp|atk|2\n|move|p1b: Lurantis|Superpower|p2a: Bisharp\n|-supereffective|p2a: Bisharp\n|-damage|p2a: Bisharp|22\/100\n|-boost|p1b: Lurantis|atk|1\n|-boost|p1b: Lurantis|def|1\n|\n|upkeep\n|turn|2\n|\n|t:|1698531561\n|move|p1a: Murkrow|Snarl|p2a: Bisharp|[spread] p2a,p2b\n|-resisted|p2a: Bisharp\n|-resisted|p2b: Mandibuzz\n|-damage|p2a: Bisharp|17\/100\n|-damage|p2b: Mandibuzz|96\/100\n|-unboost|p2a: Bisharp|spa|1\n|-ability|p2a: Bisharp|Defiant|boost\n|-boost|p2a: Bisharp|atk|2\n|-unboost|p2b: Mandibuzz|spa|1\n|move|p2b: Mandibuzz|Foul Play|p1b: Lurantis\n|-damage|p1b: Lurantis|80\/100\n|move|p2a: Bisharp|Iron Head|p1a: Murkrow\n|-crit|p1a: Murkrow\n|-damage|p1a: Murkrow|0 fnt\n|faint|p1a: Murkrow\n|move|p1b: Lurantis|Superpower|p2b: Mandibuzz\n|-damage|p2b: Mandibuzz|63\/100\n|-boost|p1b: Lurantis|atk|1\n|-boost|p1b: Lurantis|def|1\n|\n|-heal|p2b: Mandibuzz|69\/100|[from] item: Leftovers\n|-heal|p1b: Lurantis|86\/100|[from] item: Leftovers\n|upkeep\n|inactive|SXD2002 has 120 seconds left.\n|\n|t:|1698531581\n|switch|p1a: Grimmsnarl|Grimmsnarl, M|100\/100\n|turn|3\n|\n|t:|1698531592\n|move|p2a: Bisharp|Sucker Punch|p1b: Lurantis\n|-damage|p1b: Lurantis|56\/100\n|move|p1a: Grimmsnarl|Scary Face|p1b: Lurantis\n|-boost|p1b: Lurantis|spe|2\n|move|p1b: Lurantis|Superpower|p2a: Bisharp\n|-supereffective|p2a: Bisharp\n|-damage|p2a: Bisharp|0 fnt\n|-boost|p1b: Lurantis|atk|1\n|-boost|p1b: Lurantis|def|1\n|faint|p2a: Bisharp\n|move|p2b: Mandibuzz|Taunt|p1a: Grimmsnarl\n|-start|p1a: Grimmsnarl|move: Taunt\n|\n|-heal|p1b: Lurantis|62\/100|[from] item: Leftovers\n|-heal|p2b: Mandibuzz|75\/100|[from] item: Leftovers\n|upkeep\n|\n|t:|1698531607\n|switch|p2a: Muk|Muk-Alola, F|100\/100\n|turn|4\n|\n|t:|1698531619\n|move|p1b: Lurantis|Superpower|p2a: Muk\n|-damage|p2a: Muk|28\/100\n|-boost|p1b: Lurantis|atk|1\n|-boost|p1b: Lurantis|def|1\n|move|p2b: Mandibuzz|Foul Play|p1b: Lurantis\n|-damage|p1b: Lurantis|33\/100\n|move|p1a: Grimmsnarl|Dazzling Gleam|p2a: Muk|[spread] p2a,p2b\n|-supereffective|p2b: Mandibuzz\n|-damage|p2a: Muk|19\/100\n|-damage|p2b: Mandibuzz|49\/100\n|move|p2a: Muk|Knock Off|p1b: Lurantis\n|-damage|p1b: Lurantis|23\/100\n|-enditem|p1b: Lurantis|Leftovers|[from] move: Knock Off|[of] p2a: Muk\n|\n|-heal|p2b: Mandibuzz|55\/100|[from] item: Leftovers\n|upkeep\n|turn|5\n|\n|t:|1698531641\n|move|p1b: Lurantis|Superpower|p2b: Mandibuzz\n|-damage|p2b: Mandibuzz|0 fnt\n|-boost|p1b: Lurantis|atk|1\n|faint|p2b: Mandibuzz\n|-ability|p2a: Muk|Overcoat|[from] ability: Power of Alchemy|[of] p2b: Mandibuzz\n|move|p1a: Grimmsnarl|Dazzling Gleam|p2a: Muk\n|-damage|p2a: Muk|7\/100\n|move|p2a: Muk|Fire Punch|p1b: Lurantis\n|-supereffective|p1b: Lurantis\n|-damage|p1b: Lurantis|12\/100\n|\n|upkeep\n|\n|t:|1698531655\n|switch|p2b: Brute Bonnet|Brute Bonnet|100\/100\n|-enditem|p2b: Brute Bonnet|Booster Energy\n|-activate|p2b: Brute Bonnet|ability: Protosynthesis|[fromitem]\n|-start|p2b: Brute Bonnet|protosynthesisdef\n|turn|6\n|\n|t:|1698531673\n|switch|p1a: Clefairy|Clefairy, F|100\/100\n|move|p1b: Lurantis|Protect|p1b: Lurantis\n|-singleturn|p1b: Lurantis|Protect\n|move|p2b: Brute Bonnet|Spore|p1b: Lurantis\n|-activate|p1b: Lurantis|move: Protect\n|move|p2a: Muk|Fire Punch|p1b: Lurantis\n|-activate|p1b: Lurantis|move: Protect\n|\n|upkeep\n|turn|7\n|inactive|Critian Caceorte has 120 seconds left.\n|\n|t:|1698531706\n|move|p1a: Clefairy|Follow Me|p1a: Clefairy\n|-singleturn|p1a: Clefairy|move: Follow Me\n|move|p1b: Lurantis|Leech Life|p2b: Brute Bonnet\n|-supereffective|p2b: Brute Bonnet\n|-damage|p2b: Brute Bonnet|0 fnt\n|-heal|p1b: Lurantis|74\/100|[from] drain|[of] p2b: Brute Bonnet\n|faint|p2b: Brute Bonnet\n|-end|p2b: Brute Bonnet|Protosynthesis|[silent]\n|move|p2a: Muk|Fire Punch|p1a: Clefairy\n|-damage|p1a: Clefairy|81\/100\n|\n|upkeep\n|inactive|Critian Caceorte has 120 seconds left.\n|\n|t:|1698531717\n|switch|p2b: Persian|Persian-Alola, M|100\/100\n|turn|8\n|\n|t:|1698531726\n|move|p2b: Persian|Fake Out|p1a: Clefairy\n|-damage|p1a: Clefairy|74\/100\n|cant|p1a: Clefairy|flinch\n|move|p1b: Lurantis|Superpower|p2b: Persian\n|-supereffective|p2b: Persian\n|-damage|p2b: Persian|0 fnt\n|-boost|p1b: Lurantis|atk|1\n|faint|p2b: Persian\n|move|p2a: Muk|Fire Punch|p1b: Lurantis\n|-supereffective|p1b: Lurantis\n|-damage|p1b: Lurantis|66\/100\n|\n|upkeep\n|\n|t:|1698531738\n|switch|p2b: Samurott|Samurott-Hisui, M|100\/100\n|turn|9\n|\n|t:|1698531746\n|move|p1a: Clefairy|Follow Me|p1a: Clefairy\n|-singleturn|p1a: Clefairy|move: Follow Me\n|move|p2b: Samurott|Sacred Sword|p1a: Clefairy\n|-resisted|p1a: Clefairy\n|-damage|p1a: Clefairy|51\/100\n|move|p1b: Lurantis|Superpower|p2b: Samurott\n|-supereffective|p2b: Samurott\n|-damage|p2b: Samurott|0 fnt\n|faint|p2b: Samurott\n|move|p2a: Muk|Fire Punch|p1a: Clefairy\n|-damage|p1a: Clefairy|30\/100\n|\n|upkeep\n|turn|10\n|\n|t:|1698531763\n|move|p1a: Clefairy|Helping Hand|p1b: Lurantis\n|-singleturn|p1b: Lurantis|Helping Hand|[of] p1a: Clefairy\n|move|p1b: Lurantis|Superpower|p2a: Muk\n|-damage|p2a: Muk|0 fnt\n|faint|p2a: Muk\n|\n|win|SXD2002\n|raw|SXD2002's rating: 1010 &rarr; <strong>1061<\/strong><br \/>(+51 for winning)\n|raw|Critian Caceorte's rating: 1126 &rarr; <strong>1093<\/strong><br \/>(-33 for losing)\n|c|\u2606SXD2002|gg\n","uploadtime":1698531771,"views":22,"p1id":"sxd2002","p2id":"critiancaceorte","formatid":"gen9doublesou","rating":1061,"private":0,"password":""}