{"id":"gen9doublesou-1986904183","p1":"Kinqidiot","p2":"Kmaistrr","format":"[Gen 9] Doubles OU","log":"|j|\u2606Kinqidiot\n|j|\u2606Kmaistrr\n|t:|1699539592\n|gametype|doubles\n|player|p1|Kinqidiot|n|1055\n|player|p2|Kmaistrr|170|1070\n|teamsize|p1|6\n|teamsize|p2|6\n|gen|9\n|tier|[Gen 9] Doubles OU\n|rated|\n|rule|Species Clause: Limit one of each Pok\u00e9mon\n|rule|OHKO Clause: OHKO moves are banned\n|rule|Evasion Moves Clause: Evasion moves are banned\n|rule|Gravity Sleep Clause: The combination of sleep-inducing moves with imperfect accuracy and Gravity or Gigantamax Orbeetle are banned\n|rule|Endless Battle Clause: Forcing endless battles is banned\n|rule|HP Percentage Mod: HP is shown in percentages\n|clearpoke\n|poke|p1|Gardevoir, F|\n|poke|p1|Grimmsnarl, M|\n|poke|p1|Indeedee-F, F|\n|poke|p1|Armarouge, M|\n|poke|p1|Sylveon, F|\n|poke|p1|Enamorus-Therian, F|\n|poke|p2|Rillaboom, M|\n|poke|p2|Sinistcha-Masterpiece|\n|poke|p2|Torkoal, M|\n|poke|p2|Ursaluna, M|\n|poke|p2|Volcanion|\n|poke|p2|Ninetales-Alola, M|\n|teampreview\n|inactive|Battle timer is ON: inactive players will automatically lose when time's up. (requested by Kinqidiot)\n|\n|t:|1699539620\n|start\n|switch|p1a: Gardevoir|Gardevoir, F, shiny|100\/100\n|switch|p1b: Grimmsnarl|Grimmsnarl, M, shiny|100\/100\n|switch|p2a: Ursaluna|Ursaluna, M|100\/100\n|switch|p2b: Volcanion|Volcanion|100\/100\n|turn|1\n|\n|t:|1699539636\n|move|p1b: Grimmsnarl|Reflect|p1b: Grimmsnarl\n|-sidestart|p1: Kinqidiot|Reflect\n|move|p1a: Gardevoir|Misty Terrain|p1a: Gardevoir\n|-fieldstart|move: Misty Terrain\n|move|p2b: Volcanion|Steam Eruption|p1b: Grimmsnarl\n|-damage|p1b: Grimmsnarl|40\/100\n|move|p2a: Ursaluna|Headlong Rush|p1b: Grimmsnarl\n|-damage|p1b: Grimmsnarl|5\/100\n|-unboost|p2a: Ursaluna|def|1\n|-unboost|p2a: Ursaluna|spd|1\n|\n|upkeep\n|turn|2\n|inactive|Kmaistrr has 120 seconds left.\n|\n|t:|1699539667\n|move|p1b: Grimmsnarl|Light Screen|p1b: Grimmsnarl\n|-sidestart|p1: Kinqidiot|move: Light Screen\n|move|p1a: Gardevoir|Misty Explosion|p2a: Ursaluna|[spread] p1b,p2a,p2b\n|-supereffective|p1b: Grimmsnarl\n|-resisted|p2b: Volcanion\n|-crit|p2b: Volcanion\n|-damage|p1b: Grimmsnarl|0 fnt\n|-damage|p2a: Ursaluna|30\/100\n|-damage|p2b: Volcanion|54\/100\n|faint|p1a: Gardevoir\n|faint|p1b: Grimmsnarl\n|move|p2b: Volcanion|Bulldoze|p2a: Ursaluna\n|-damage|p2a: Ursaluna|16\/100\n|-unboost|p2a: Ursaluna|spe|1\n|move|p2a: Ursaluna|Headlong Rush|p1: Gardevoir|[notarget]\n|-fail|p2a: Ursaluna\n|\n|upkeep\n|\n|t:|1699539684\n|switch|p1a: Sylveon|Sylveon, F|100\/100\n|switch|p1b: Enamorus|Enamorus-Therian, F|100\/100\n|turn|3\n|-activate|p2a: Ursaluna|item: Quick Claw\n|\n|t:|1699539696\n|move|p2a: Ursaluna|Headlong Rush|p1a: Sylveon\n|-damage|p1a: Sylveon|53\/100\n|-unboost|p2a: Ursaluna|def|1\n|-unboost|p2a: Ursaluna|spd|1\n|move|p2b: Volcanion|Steam Eruption|p1a: Sylveon|[miss]\n|-miss|p2b: Volcanion|p1a: Sylveon\n|move|p1a: Sylveon|Hyper Voice|p2b: Volcanion|[spread] p2a,p2b\n|-resisted|p2b: Volcanion\n|-damage|p2a: Ursaluna|0 fnt\n|-damage|p2b: Volcanion|31\/100\n|faint|p2a: Ursaluna\n|-enditem|p1a: Sylveon|Throat Spray\n|-boost|p1a: Sylveon|spa|1|[from] item: Throat Spray\n|move|p1b: Enamorus|Calm Mind|p1b: Enamorus\n|-boost|p1b: Enamorus|spa|1\n|-boost|p1b: Enamorus|spd|1\n|\n|upkeep\n|inactive|Kmaistrr has 120 seconds left.\n|\n|t:|1699539730\n|switch|p2a: Torkoal|Torkoal, M|100\/100\n|turn|4\n|\n|t:|1699539741\n|move|p2b: Volcanion|Steam Eruption|p1a: Sylveon\n|-damage|p1a: Sylveon|27\/100\n|move|p1a: Sylveon|Hyper Voice|p2b: Volcanion|[spread] p2a,p2b\n|-resisted|p2a: Torkoal\n|-resisted|p2b: Volcanion\n|-crit|p2b: Volcanion\n|-damage|p2a: Torkoal|58\/100\n|-damage|p2b: Volcanion|0 fnt\n|faint|p2b: Volcanion\n|move|p1b: Enamorus|Psychic|p2a: Torkoal\n|-damage|p2a: Torkoal|6\/100\n|move|p2a: Torkoal|Clear Smog|p1b: Enamorus\n|-supereffective|p1b: Enamorus\n|-damage|p1b: Enamorus|91\/100\n|-clearboost|p1b: Enamorus\n|-enditem|p1b: Enamorus|Weakness Policy\n|-boost|p1b: Enamorus|atk|2|[from] item: Weakness Policy\n|-boost|p1b: Enamorus|spa|2|[from] item: Weakness Policy\n|\n|upkeep\n|inactive|Kmaistrr has 120 seconds left.\n|\n|t:|1699539762\n|switch|p2b: Rillaboom|Rillaboom, M|100\/100\n|-fieldstart|move: Grassy Terrain|[from] ability: Grassy Surge|[of] p2b: Rillaboom\n|turn|5\n|\n|t:|1699539772\n|move|p2b: Rillaboom|Grassy Glide|p1a: Sylveon\n|-damage|p1a: Sylveon|0 fnt\n|faint|p1a: Sylveon\n|move|p1b: Enamorus|Mystical Fire|p2b: Rillaboom\n|-supereffective|p2b: Rillaboom\n|-damage|p2b: Rillaboom|3\/100\n|-unboost|p2b: Rillaboom|spa|1\n|move|p2a: Torkoal|Clear Smog|p1b: Enamorus\n|-supereffective|p1b: Enamorus\n|-damage|p1b: Enamorus|78\/100\n|-clearboost|p1b: Enamorus\n|\n|-heal|p2b: Rillaboom|10\/100|[from] Grassy Terrain\n|-heal|p2a: Torkoal|12\/100|[from] Grassy Terrain\n|upkeep\n|\n|t:|1699539789\n|switch|p1a: Indeedee|Indeedee-F, F, shiny|100\/100\n|-fieldstart|move: Psychic Terrain|[from] ability: Psychic Surge|[of] p1a: Indeedee\n|turn|6\n|\n|t:|1699539813\n|move|p2b: Rillaboom|Grassy Glide|p1b: Enamorus\n|-resisted|p1b: Enamorus\n|-damage|p1b: Enamorus|70\/100\n|move|p1a: Indeedee|Dazzling Gleam|p2b: Rillaboom|[spread] p2a,p2b\n|-resisted|p2a: Torkoal\n|-crit|p2a: Torkoal\n|-damage|p2a: Torkoal|0 fnt\n|-damage|p2b: Rillaboom|0 fnt\n|faint|p2a: Torkoal\n|faint|p2b: Rillaboom\n|move|p1b: Enamorus|Psychic|p2: Torkoal|[notarget]\n|-fail|p1b: Enamorus\n|\n|upkeep\n|\n|t:|1699539824\n|switch|p2b: Ninetales|Ninetales-Alola, M|100\/100\n|switch|p2a: Sinistcha|Sinistcha-Masterpiece|100\/100\n|turn|7\n|\n|t:|1699539840\n|-terastallize|p2a: Sinistcha|Water\n|-terastallize|p1b: Enamorus|Steel\n|move|p1a: Indeedee|Follow Me|p1a: Indeedee\n|-singleturn|p1a: Indeedee|move: Follow Me\n|move|p2b: Ninetales|Blizzard|p1a: Indeedee|[spread] p1b\n|-miss|p2b: Ninetales|p1a: Indeedee\n|-resisted|p1b: Enamorus\n|-damage|p1b: Enamorus|62\/100\n|move|p2a: Sinistcha|Foul Play|p1a: Indeedee\n|-supereffective|p1a: Indeedee\n|-damage|p1a: Indeedee|85\/100\n|move|p1b: Enamorus|Calm Mind|p1b: Enamorus\n|-boost|p1b: Enamorus|spa|1\n|-boost|p1b: Enamorus|spd|1\n|\n|upkeep\n|turn|8\n|l|\u2606Kmaistrr\n|inactive|Kmaistrr disconnected and has a minute to reconnect!\n|player|p2|\n|inactive|Kmaistrr has 30 seconds to reconnect!\n|inactive|Kmaistrr has 20 seconds to reconnect!\n|inactive|Kmaistrr has 15 seconds to reconnect!\n|inactive|Kmaistrr has 10 seconds to reconnect!\n|inactive|Kmaistrr has 5 seconds to reconnect!\n|-message|Kmaistrr lost due to inactivity.\n|\n|win|Kinqidiot\n|raw|Kinqidiot's rating: 1055 &rarr; <strong>1088<\/strong><br \/>(+33 for winning)\n|raw|Kmaistrr's rating: 1070 &rarr; <strong>1049<\/strong><br \/>(-21 for losing)\n","uploadtime":1699539928,"views":22,"p1id":"kinqidiot","p2id":"kmaistrr","formatid":"gen9doublesou","rating":1049,"private":0,"password":""}