{"id":"gen9doublesou-1992348208","p1":"superpoopingbutts","p2":"RLisanidiot","format":"[Gen 9] Doubles OU","log":"|j|\u2606superpoopingbutts\n|j|\u2606RLisanidiot\n|t:|1700177282\n|gametype|doubles\n|player|p1|superpoopingbutts|pokefan-gen4|1412\n|player|p2|RLisanidiot|unknownf|1336\n|teamsize|p1|6\n|teamsize|p2|6\n|gen|9\n|tier|[Gen 9] Doubles OU\n|rated|\n|rule|Species Clause: Limit one of each Pok\u00e9mon\n|rule|OHKO Clause: OHKO moves are banned\n|rule|Evasion Moves Clause: Evasion moves are banned\n|rule|Gravity Sleep Clause: The combination of sleep-inducing moves with imperfect accuracy and Gravity or Gigantamax Orbeetle are banned\n|rule|Endless Battle Clause: Forcing endless battles is banned\n|rule|HP Percentage Mod: HP is shown in percentages\n|clearpoke\n|poke|p1|Ninetales, F|\n|poke|p1|Gliscor, F|\n|poke|p1|Walking Wake|\n|poke|p1|Mew|\n|poke|p1|Eelektross, F|\n|poke|p1|Typhlosion, M|\n|poke|p2|Ninetales-Alola, F|\n|poke|p2|Chien-Pao|\n|poke|p2|Flutter Mane|\n|poke|p2|Tornadus, M|\n|poke|p2|Pachirisu, M|\n|poke|p2|Rillaboom, M|\n|teampreview\n|inactive|Battle timer is ON: inactive players will automatically lose when time's up. (requested by RLisanidiot)\n|\n|t:|1700177296\n|start\n|switch|p1a: Gliscor|Gliscor, F|100\/100\n|switch|p1b: Eelektross|Eelektross, F, shiny|100\/100\n|switch|p2a: Ninetales|Ninetales-Alola, F, shiny|100\/100\n|switch|p2b: Pachirisu|Pachirisu, M|100\/100\n|-weather|Snow|[from] ability: Snow Warning|[of] p2a: Ninetales\n|turn|1\n|inactive|superpoopingbutts has 120 seconds left.\n|\n|t:|1700177327\n|switch|p1a: Ninetales|Ninetales, F, shiny|100\/100\n|-weather|SunnyDay|[from] ability: Drought|[of] p1a: Ninetales\n|move|p2a: Ninetales|Icy Wind|p1a: Ninetales|[spread] p1a,p1b\n|-resisted|p1a: Ninetales\n|-damage|p1a: Ninetales|95\/100\n|-damage|p1b: Eelektross|94\/100\n|-unboost|p1a: Ninetales|spe|1\n|-unboost|p1b: Eelektross|spe|1\n|move|p2b: Pachirisu|U-turn|p1b: Eelektross\n|-damage|p1b: Eelektross|86\/100\n|\n|t:|1700177340\n|switch|p2b: Flutter Mane|Flutter Mane|100\/100|[from] U-turn\n|-activate|p2b: Flutter Mane|ability: Protosynthesis\n|-start|p2b: Flutter Mane|protosynthesisspe\n|move|p1b: Eelektross|Rock Slide|p2a: Ninetales|[spread] p2a,p2b\n|-supereffective|p2a: Ninetales\n|-damage|p2a: Ninetales|62\/100\n|-damage|p2b: Flutter Mane|70\/100\n|\n|-weather|SunnyDay|[upkeep]\n|upkeep\n|turn|2\n|\n|t:|1700177369\n|switch|p2a: Tornadus|Tornadus, M|100\/100\n|switch|p1a: Mew|Mew, shiny|100\/100\n|move|p2b: Flutter Mane|Shadow Ball|p1a: Mew\n|-supereffective|p1a: Mew\n|-damage|p1a: Mew|1\/100\n|move|p1b: Eelektross|Volt Switch|p2b: Flutter Mane\n|-crit|p2b: Flutter Mane\n|-damage|p2b: Flutter Mane|27\/100\n|inactive|superpoopingbutts has 120 seconds left.\n|\n|t:|1700177381\n|switch|p1b: Gliscor|Gliscor, F|100\/100|[from] Volt Switch\n|\n|-weather|SunnyDay|[upkeep]\n|-heal|p1a: Mew|7\/100|[from] item: Leftovers\n|-status|p1b: Gliscor|tox|[from] item: Toxic Orb\n|upkeep\n|turn|3\n|inactive|superpoopingbutts has 120 seconds left.\n|\n|t:|1700177408\n|-end|p2b: Flutter Mane|Protosynthesis|[silent]\n|switch|p2b: Ninetales|Ninetales-Alola, F, shiny|62\/100\n|-weather|Snow|[from] ability: Snow Warning|[of] p2b: Ninetales\n|move|p2a: Tornadus|Bleakwind Storm|p1b: Gliscor|[spread] p1a\n|-miss|p2a: Tornadus|p1b: Gliscor\n|-damage|p1a: Mew|0 fnt\n|faint|p1a: Mew\n|move|p1b: Gliscor|Tailwind|p1b: Gliscor\n|-sidestart|p1: superpoopingbutts|move: Tailwind\n|\n|-weather|Snow|[upkeep]\n|upkeep\n|inactive|superpoopingbutts has 120 seconds left.\n|\n|t:|1700177425\n|switch|p1a: Typhlosion|Typhlosion, M|100\/100\n|turn|4\n|\n|t:|1700177436\n|switch|p1b: Ninetales|Ninetales, F, shiny|95\/100\n|-weather|SunnyDay|[from] ability: Drought|[of] p1b: Ninetales\n|move|p2a: Tornadus|Tailwind|p2a: Tornadus\n|-sidestart|p2: RLisanidiot|move: Tailwind\n|move|p1a: Typhlosion|Eruption|p2b: Ninetales|[spread] p2a,p2b\n|-supereffective|p2b: Ninetales\n|-damage|p2a: Tornadus|19\/100\n|-damage|p2b: Ninetales|0 fnt\n|faint|p2b: Ninetales\n|\n|-weather|SunnyDay|[upkeep]\n|upkeep\n|\n|t:|1700177447\n|switch|p2b: Flutter Mane|Flutter Mane|27\/100\n|-activate|p2b: Flutter Mane|ability: Protosynthesis\n|-start|p2b: Flutter Mane|protosynthesisspe\n|turn|5\n|\n|t:|1700177463\n|switch|p1b: Eelektross|Eelektross, F, shiny|86\/100\n|move|p2b: Flutter Mane|Shadow Ball|p1a: Typhlosion\n|-damage|p1a: Typhlosion|20\/100\n|move|p1a: Typhlosion|Eruption|p2a: Tornadus|[spread] p2a,p2b\n|-damage|p2a: Tornadus|4\/100\n|-damage|p2b: Flutter Mane|9\/100\n|move|p2a: Tornadus|Bleakwind Storm|p1b: Eelektross|[spread] p1b\n|-miss|p2a: Tornadus|p1a: Typhlosion\n|-resisted|p1b: Eelektross\n|-damage|p1b: Eelektross|77\/100\n|-unboost|p1b: Eelektross|spe|1\n|\n|-weather|SunnyDay|[upkeep]\n|upkeep\n|turn|6\n|\n|t:|1700177490\n|switch|p1a: Gliscor|Gliscor, F|100\/100 tox\n|move|p2b: Flutter Mane|Shadow Ball|p1a: Gliscor\n|-damage|p1a: Gliscor|43\/100 tox\n|move|p2a: Tornadus|Bleakwind Storm|p1a: Gliscor|[spread] p1a\n|-miss|p2a: Tornadus|p1b: Eelektross\n|-damage|p1a: Gliscor|17\/100 tox\n|-unboost|p1a: Gliscor|spe|1\n|move|p1b: Eelektross|Rock Slide|p2b: Flutter Mane|[spread] p2a\n|-miss|p1b: Eelektross|p2b: Flutter Mane\n|-supereffective|p2a: Tornadus\n|-damage|p2a: Tornadus|0 fnt\n|faint|p2a: Tornadus\n|\n|-weather|SunnyDay|[upkeep]\n|-heal|p1a: Gliscor|30\/100 tox|[from] ability: Poison Heal\n|-sideend|p1: superpoopingbutts|move: Tailwind\n|upkeep\n|inactive|RLisanidiot has 120 seconds left.\n|\n|t:|1700177510\n|switch|p2a: Rillaboom|Rillaboom, M|100\/100\n|-fieldstart|move: Grassy Terrain|[from] ability: Grassy Surge|[of] p2a: Rillaboom\n|turn|7\n|\n|t:|1700177518\n|move|p1a: Gliscor|Protect|p1a: Gliscor\n|-singleturn|p1a: Gliscor|Protect\n|move|p2b: Flutter Mane|Shadow Ball|p1a: Gliscor\n|-activate|p1a: Gliscor|move: Protect\n|move|p2a: Rillaboom|Wood Hammer|p1b: Eelektross\n|-damage|p1b: Eelektross|0 fnt\n|faint|p1b: Eelektross\n|-damage|p2a: Rillaboom|77\/100|[from] Recoil\n|\n|-weather|SunnyDay|[upkeep]\n|-heal|p2b: Flutter Mane|15\/100|[from] Grassy Terrain\n|-heal|p2a: Rillaboom|83\/100|[from] Grassy Terrain\n|-heal|p1a: Gliscor|42\/100 tox|[from] ability: Poison Heal\n|-sideend|p2: RLisanidiot|move: Tailwind\n|upkeep\n|\n|t:|1700177540\n|switch|p1b: Walking Wake|Walking Wake|100\/100\n|-activate|p1b: Walking Wake|ability: Protosynthesis\n|-start|p1b: Walking Wake|protosynthesisspa\n|turn|8\n|\n|t:|1700177563\n|move|p2b: Flutter Mane|Shadow Ball|p1b: Walking Wake\n|-damage|p1b: Walking Wake|31\/100\n|move|p1b: Walking Wake|Hydro Steam|p2b: Flutter Mane\n|-damage|p2b: Flutter Mane|0 fnt\n|faint|p2b: Flutter Mane\n|-end|p2b: Flutter Mane|Protosynthesis|[silent]\n|move|p2a: Rillaboom|Wood Hammer|p1a: Gliscor\n|-damage|p1a: Gliscor|0 fnt\n|faint|p1a: Gliscor\n|-damage|p2a: Rillaboom|71\/100|[from] Recoil\n|\n|-weather|SunnyDay|[upkeep]\n|-heal|p1b: Walking Wake|38\/100|[from] Grassy Terrain\n|-heal|p2a: Rillaboom|77\/100|[from] Grassy Terrain\n|upkeep\n|\n|t:|1700177580\n|switch|p2b: Pachirisu|Pachirisu, M|100\/100\n|switch|p1a: Ninetales|Ninetales, F, shiny|95\/100\n|turn|9\n|\n|t:|1700177592\n|move|p2b: Pachirisu|Follow Me|p2b: Pachirisu\n|-singleturn|p2b: Pachirisu|move: Follow Me\n|move|p1a: Ninetales|Safeguard|p1a: Ninetales\n|-sidestart|p1: superpoopingbutts|Safeguard\n|move|p1b: Walking Wake|Flamethrower|p2b: Pachirisu\n|-damage|p2b: Pachirisu|28\/100\n|-enditem|p2b: Pachirisu|Sitrus Berry|[eat]\n|-heal|p2b: Pachirisu|53\/100|[from] item: Sitrus Berry\n|move|p2a: Rillaboom|Wood Hammer|p1b: Walking Wake\n|-damage|p1b: Walking Wake|0 fnt\n|faint|p1b: Walking Wake\n|-end|p1b: Walking Wake|Protosynthesis|[silent]\n|-damage|p2a: Rillaboom|67\/100|[from] Recoil\n|\n|-weather|SunnyDay|[upkeep]\n|-heal|p1a: Ninetales|100\/100|[from] Grassy Terrain\n|-heal|p2b: Pachirisu|59\/100|[from] Grassy Terrain\n|-heal|p2a: Rillaboom|73\/100|[from] Grassy Terrain\n|upkeep\n|\n|t:|1700177610\n|switch|p1b: Typhlosion|Typhlosion, M|20\/100\n|turn|10\n|\n|t:|1700177623\n|move|p2b: Pachirisu|Follow Me|p2b: Pachirisu\n|-singleturn|p2b: Pachirisu|move: Follow Me\n|move|p1b: Typhlosion|Heat Wave|p2a: Rillaboom|[spread] p2a,p2b\n|-supereffective|p2a: Rillaboom\n|-damage|p2a: Rillaboom|0 fnt\n|-damage|p2b: Pachirisu|0 fnt\n|faint|p2a: Rillaboom\n|faint|p2b: Pachirisu\n|move|p1a: Ninetales|Fire Blast|p1b: Typhlosion\n|-start|p1b: Typhlosion|ability: Flash Fire\n|\n|-weather|SunnyDay|[upkeep]\n|-heal|p1b: Typhlosion|26\/100|[from] Grassy Terrain\n|upkeep\n|\n|t:|1700177633\n|switch|p2b: Chien-Pao|Chien-Pao|100\/100\n|-ability|p2b: Chien-Pao|Sword of Ruin\n|turn|11\n|\n|t:|1700177642\n|-terastallize|p2b: Chien-Pao|Electric\n|move|p2b: Chien-Pao|Sucker Punch|p1b: Typhlosion\n|-damage|p1b: Typhlosion|0 fnt\n|faint|p1b: Typhlosion\n|move|p1a: Ninetales|Fire Blast|p2b: Chien-Pao|[miss]\n|-miss|p1a: Ninetales|p2b: Chien-Pao\n|\n|-weather|none\n|-fieldend|move: Grassy Terrain\n|upkeep\n|turn|12\n|\n|t:|1700177655\n|move|p2b: Chien-Pao|Tera Blast|p1a: Ninetales|[anim] Tera Blast Electric\n|-damage|p1a: Ninetales|44\/100\n|move|p1a: Ninetales|Fire Blast|p2b: Chien-Pao\n|-damage|p2b: Chien-Pao|72\/100\n|\n|upkeep\n|turn|13\n|\n|t:|1700177662\n|move|p2b: Chien-Pao|Tera Blast|p1a: Ninetales|[anim] Tera Blast Electric\n|-damage|p1a: Ninetales|0 fnt\n|faint|p1a: Ninetales\n|\n|win|RLisanidiot\n|raw|superpoopingbutts's rating: 1412 &rarr; <strong>1388<\/strong><br \/>(-24 for losing)\n|raw|RLisanidiot's rating: 1336 &rarr; <strong>1360<\/strong><br \/>(+24 for winning)\n|l|\u2606superpoopingbutts\n","uploadtime":1700177888,"views":9,"p1id":"superpoopingbutts","p2id":"rlisanidiot","formatid":"gen9doublesou","rating":1360,"private":0,"password":""}