{"id":"gen9doublesou-1983282049","p1":"DreadfulBuns","p2":"sealrws","format":"[Gen 9] Doubles OU","log":"|j|\u2606DreadfulBuns\n|j|\u2606sealrws\n|t:|1699113837\n|gametype|doubles\n|player|p1|DreadfulBuns|diamondclanmember|1009\n|player|p2|sealrws|169|1052\n|teamsize|p1|6\n|teamsize|p2|6\n|gen|9\n|tier|[Gen 9] Doubles OU\n|rated|\n|rule|Species Clause: Limit one of each Pok\u00e9mon\n|rule|OHKO Clause: OHKO moves are banned\n|rule|Evasion Moves Clause: Evasion moves are banned\n|rule|Gravity Sleep Clause: The combination of sleep-inducing moves with imperfect accuracy and Gravity or Gigantamax Orbeetle are banned\n|rule|Endless Battle Clause: Forcing endless battles is banned\n|rule|HP Percentage Mod: HP is shown in percentages\n|clearpoke\n|poke|p1|Grimmsnarl, M|\n|poke|p1|Pincurchin, F|\n|poke|p1|Iron Valiant|\n|poke|p1|Iron Hands|\n|poke|p1|Iron Leaves|\n|poke|p1|Ceruledge, F|\n|poke|p2|Oranguru, F|\n|poke|p2|Muk-Alola, M|\n|poke|p2|Regieleki|\n|poke|p2|Gholdengo|\n|poke|p2|Pelipper, F|\n|poke|p2|Maushold-Four|\n|teampreview\n|\n|t:|1699113846\n|start\n|switch|p1a: Grimmsnarl|Grimmsnarl, M|100\/100\n|switch|p1b: Iron Hands|Iron Hands|100\/100\n|switch|p2a: Regieleki|Regieleki, shiny|100\/100\n|switch|p2b: Oranguru|Oranguru, F, shiny|100\/100\n|turn|1\n|\n|t:|1699113892\n|-terastallize|p2a: Regieleki|Electric\n|move|p1b: Iron Hands|Fake Out|p2a: Regieleki\n|-damage|p2a: Regieleki|73\/100\n|move|p1a: Grimmsnarl|Light Screen|p1a: Grimmsnarl\n|-sidestart|p1: DreadfulBuns|move: Light Screen\n|cant|p2a: Regieleki|flinch\n|move|p2b: Oranguru|Instruct||[still]\n|-fail|p2b: Oranguru\n|\n|upkeep\n|turn|2\n|\n|t:|1699113925\n|move|p1a: Grimmsnarl|Taunt|p2b: Oranguru\n|-start|p2b: Oranguru|move: Taunt\n|move|p2a: Regieleki|Electroweb|p1a: Grimmsnarl|[spread] p1a,p1b\n|-resisted|p1b: Iron Hands\n|-crit|p1b: Iron Hands\n|-damage|p1a: Grimmsnarl|78\/100\n|-damage|p1b: Iron Hands|86\/100\n|-unboost|p1a: Grimmsnarl|spe|1\n|-unboost|p1b: Iron Hands|spe|1\n|cant|p2b: Oranguru|move: Taunt|Instruct\n|move|p1b: Iron Hands|Drain Punch|p2a: Regieleki\n|-damage|p2a: Regieleki|0 fnt\n|-heal|p1b: Iron Hands|100\/100|[from] drain|[of] p2a: Regieleki\n|faint|p2a: Regieleki\n|\n|upkeep\n|\n|t:|1699113942\n|switch|p2a: Maushold|Maushold-Four, shiny|100\/100\n|turn|3\n|\n|t:|1699113967\n|switch|p2b: Gholdengo|Gholdengo|100\/100\n|-end|p1b: Iron Hands|Quark Drive|[silent]\n|switch|p1b: Ceruledge|Ceruledge, F|100\/100\n|move|p1a: Grimmsnarl|Reflect|p1a: Grimmsnarl\n|-sidestart|p1: DreadfulBuns|Reflect\n|move|p2a: Maushold|Population Bomb|p1a: Grimmsnarl\n|-damage|p1a: Grimmsnarl|74\/100\n|-damage|p1a: Grimmsnarl|71\/100\n|-damage|p1a: Grimmsnarl|68\/100\n|-damage|p1a: Grimmsnarl|64\/100\n|-crit|p1a: Grimmsnarl\n|-damage|p1a: Grimmsnarl|56\/100\n|-damage|p1a: Grimmsnarl|53\/100\n|-damage|p1a: Grimmsnarl|49\/100\n|-damage|p1a: Grimmsnarl|46\/100\n|-damage|p1a: Grimmsnarl|43\/100\n|-damage|p1a: Grimmsnarl|40\/100\n|-hitcount|p1a: Grimmsnarl|10\n|\n|upkeep\n|turn|4\n|\n|t:|1699114022\n|move|p2a: Maushold|Follow Me|p2a: Maushold\n|-singleturn|p2a: Maushold|move: Follow Me\n|move|p1a: Grimmsnarl|Parting Shot|p2a: Maushold\n|-unboost|p2a: Maushold|atk|1\n|-unboost|p2a: Maushold|spa|1\n|\n|t:|1699114036\n|switch|p1a: Pincurchin|Pincurchin, F|100\/100|[from] Parting Shot\n|-fieldstart|move: Electric Terrain|[from] ability: Electric Surge|[of] p1a: Pincurchin\n|move|p1b: Ceruledge|Swords Dance|p1b: Ceruledge\n|-boost|p1b: Ceruledge|atk|2\n|move|p2b: Gholdengo|Make It Rain|p1a: Pincurchin|[spread] p1a,p1b\n|-resisted|p1a: Pincurchin\n|-resisted|p1b: Ceruledge\n|-damage|p1a: Pincurchin|79\/100\n|-damage|p1b: Ceruledge|78\/100\n|-unboost|p2b: Gholdengo|spa|1\n|\n|-heal|p1b: Ceruledge|84\/100|[from] item: Leftovers\n|upkeep\n|turn|5\n|inactive|Battle timer is ON: inactive players will automatically lose when time's up. (requested by sealrws)\n|\n|t:|1699114063\n|move|p1b: Ceruledge|Bitter Blade|p2b: Gholdengo\n|-supereffective|p2b: Gholdengo\n|-damage|p2b: Gholdengo|0 fnt\n|-heal|p1b: Ceruledge|100\/100|[from] drain|[of] p2b: Gholdengo\n|faint|p2b: Gholdengo\n|move|p2a: Maushold|Population Bomb|p1b: Ceruledge\n|-immune|p1b: Ceruledge\n|move|p1a: Pincurchin|Spikes|p2a: Maushold\n|-sidestart|p2: sealrws|Spikes\n|\n|upkeep\n|\n|t:|1699114075\n|switch|p2b: Oranguru|Oranguru, F, shiny|100\/100\n|-damage|p2b: Oranguru|88\/100|[from] Spikes\n|turn|6\n|\n|t:|1699114096\n|move|p1b: Ceruledge|Shadow Claw|p2b: Oranguru\n|-immune|p2b: Oranguru\n|move|p2a: Maushold|Population Bomb|p1a: Pincurchin\n|-damage|p1a: Pincurchin|77\/100\n|-hitcount|p1a: Pincurchin|1\n|move|p2b: Oranguru|Instruct|p2a: Maushold\n|-singleturn|p2a: Maushold|move: Instruct|[of] p2b: Oranguru\n|move|p2a: Maushold|Population Bomb|p1a: Pincurchin\n|-damage|p1a: Pincurchin|75\/100\n|-damage|p1a: Pincurchin|72\/100\n|-damage|p1a: Pincurchin|70\/100\n|-damage|p1a: Pincurchin|67\/100\n|-damage|p1a: Pincurchin|65\/100\n|-damage|p1a: Pincurchin|63\/100\n|-hitcount|p1a: Pincurchin|6\n|move|p1a: Pincurchin|Zing Zap|p2b: Oranguru\n|-damage|p2b: Oranguru|69\/100\n|\n|upkeep\n|turn|7\n|\n|t:|1699114125\n|move|p1b: Ceruledge|Bitter Blade|p2b: Oranguru\n|-damage|p2b: Oranguru|16\/100\n|move|p2a: Maushold|Population Bomb|p1a: Pincurchin\n|-damage|p1a: Pincurchin|61\/100\n|-damage|p1a: Pincurchin|58\/100\n|-damage|p1a: Pincurchin|57\/100\n|-damage|p1a: Pincurchin|54\/100\n|-crit|p1a: Pincurchin\n|-damage|p1a: Pincurchin|47\/100\n|-damage|p1a: Pincurchin|45\/100\n|-damage|p1a: Pincurchin|43\/100\n|-damage|p1a: Pincurchin|40\/100\n|-damage|p1a: Pincurchin|38\/100\n|-damage|p1a: Pincurchin|36\/100\n|-hitcount|p1a: Pincurchin|10\n|move|p2b: Oranguru|Instruct|p2a: Maushold\n|-singleturn|p2a: Maushold|move: Instruct|[of] p2b: Oranguru\n|move|p2a: Maushold|Population Bomb|p1a: Pincurchin|[miss]\n|-miss|p2a: Maushold|p1a: Pincurchin\n|move|p1a: Pincurchin|Spikes|p2b: Oranguru\n|-sidestart|p2: sealrws|Spikes\n|\n|upkeep\n|turn|8\n|inactive|sealrws has 120 seconds left.\n|\n|t:|1699114157\n|move|p1b: Ceruledge|Bitter Blade|p2b: Oranguru\n|-damage|p2b: Oranguru|0 fnt\n|faint|p2b: Oranguru\n|move|p2a: Maushold|Population Bomb|p1a: Pincurchin\n|-damage|p1a: Pincurchin|33\/100\n|-hitcount|p1a: Pincurchin|1\n|move|p1a: Pincurchin|Spikes|p2a: Maushold\n|-sidestart|p2: sealrws|Spikes\n|\n|-sideend|p1: DreadfulBuns|move: Light Screen\n|upkeep\n|inactive|sealrws has 120 seconds left.\n|\n|t:|1699114168\n|switch|p2b: Muk|Muk-Alola, M, shiny|100\/100\n|-damage|p2b: Muk|76\/100|[from] Spikes\n|turn|9\n|\n|t:|1699114186\n|move|p1b: Ceruledge|Bitter Blade|p2b: Muk\n|-damage|p2b: Muk|14\/100\n|move|p2a: Maushold|Population Bomb|p2b: Muk\n|-damage|p2b: Muk|11\/100\n|-damage|p2b: Muk|9\/100\n|-damage|p2b: Muk|6\/100\n|-hitcount|p2b: Muk|3\n|move|p2b: Muk|Flamethrower|p1b: Ceruledge\n|-resisted|p1b: Ceruledge\n|-damage|p1b: Ceruledge|93\/100\n|move|p1a: Pincurchin|Memento|p2b: Muk\n|-unboost|p2b: Muk|atk|2\n|-unboost|p2b: Muk|spa|2\n|faint|p1a: Pincurchin\n|\n|-heal|p1b: Ceruledge|99\/100|[from] item: Leftovers\n|-heal|p2b: Muk|12\/100|[from] item: Black Sludge\n|upkeep\n|inactive|DreadfulBuns has 120 seconds left.\n|\n|t:|1699114219\n|switch|p1a: Iron Valiant|Iron Valiant, shiny|100\/100\n|-activate|p1a: Iron Valiant|ability: Quark Drive\n|-start|p1a: Iron Valiant|quarkdrivespe\n|turn|10\n|inactive|sealrws has 120 seconds left.\n|\n|t:|1699114264\n|move|p2a: Maushold|Follow Me|p2a: Maushold\n|-singleturn|p2a: Maushold|move: Follow Me\n|move|p1a: Iron Valiant|Close Combat|p2a: Maushold\n|-supereffective|p2a: Maushold\n|-damage|p2a: Maushold|0 fnt\n|-unboost|p1a: Iron Valiant|def|1\n|-unboost|p1a: Iron Valiant|spd|1\n|faint|p2a: Maushold\n|-damage|p1a: Iron Valiant|91\/100|[from] item: Life Orb\n|move|p1b: Ceruledge|Bitter Blade|p2b: Muk\n|-damage|p2b: Muk|0 fnt\n|-heal|p1b: Ceruledge|100\/100|[from] drain|[of] p2b: Muk\n|faint|p2b: Muk\n|\n|-sideend|p1: DreadfulBuns|Reflect\n|upkeep\n|inactive|sealrws has 90 seconds left.\n|-message|sealrws forfeited.\n|\n|win|DreadfulBuns\n|raw|DreadfulBuns's rating: 1009 &rarr; <strong>1056<\/strong><br \/>(+47 for winning)\n|raw|sealrws's rating: 1087 &rarr; <strong>1059<\/strong><br \/>(-28 for losing)\n|l|\u2606sealrws\n","uploadtime":1699114307,"views":11,"p1id":"dreadfulbuns","p2id":"sealrws","formatid":"gen9doublesou","rating":1056,"private":0,"password":""}