{"id":"gen9doublesou-1995570763","p1":"Gunner_ryuhi","p2":"BiggsTheRamsFan","format":"[Gen 9] Doubles OU","log":"|j|\u2606Gunner_ryuhi\n|j|\u2606BiggsTheRamsFan\n|t:|1700583832\n|gametype|doubles\n|player|p1|Gunner_ryuhi|169|1047\n|player|p2|BiggsTheRamsFan|striker|1094\n|teamsize|p1|6\n|teamsize|p2|6\n|gen|9\n|tier|[Gen 9] Doubles OU\n|rated|\n|rule|Species Clause: Limit one of each Pok\u00e9mon\n|rule|OHKO Clause: OHKO moves are banned\n|rule|Evasion Moves Clause: Evasion moves are banned\n|rule|Gravity Sleep Clause: The combination of sleep-inducing moves with imperfect accuracy and Gravity or Gigantamax Orbeetle are banned\n|rule|Endless Battle Clause: Forcing endless battles is banned\n|rule|HP Percentage Mod: HP is shown in percentages\n|clearpoke\n|poke|p1|Torkoal, M|\n|poke|p1|Indeedee-F, F|\n|poke|p1|Arcanine, F|\n|poke|p1|Charizard, M|\n|poke|p1|Lilligant, F|\n|poke|p1|Gengar, F|\n|poke|p2|Bellibolt, M|\n|poke|p2|Pawmot, M|\n|poke|p2|Pincurchin, M|\n|poke|p2|Pelipper, M|\n|poke|p2|Alomomola, F|\n|poke|p2|Weezing-Galar, M|\n|teampreview\n|inactive|Battle timer is ON: inactive players will automatically lose when time's up. (requested by BiggsTheRamsFan)\n|\n|t:|1700583836\n|start\n|switch|p1a: Torkoal|Torkoal, M|100\/100\n|switch|p1b: Indeedee|Indeedee-F, F, shiny|100\/100\n|switch|p2a: Pelipper|Pelipper, M|100\/100\n|switch|p2b: Pincurchin|Pincurchin, M|100\/100\n|-fieldstart|move: Psychic Terrain|[from] ability: Psychic Surge|[of] p1b: Indeedee\n|-weather|RainDance|[from] ability: Drizzle|[of] p2a: Pelipper\n|-weather|SunnyDay|[from] ability: Drought|[of] p1a: Torkoal\n|-fieldstart|move: Electric Terrain|[from] ability: Electric Surge|[of] p2b: Pincurchin\n|turn|1\n|\n|t:|1700583857\n|-terastallize|p2a: Pelipper|Ground\n|-terastallize|p1a: Torkoal|Fire\n|move|p2a: Pelipper|U-turn|p1b: Indeedee\n|-supereffective|p1b: Indeedee\n|-damage|p1b: Indeedee|72\/100\n|\n|t:|1700583880\n|switch|p2a: Bellibolt|Bellibolt, M|100\/100|[from] U-turn\n|move|p1a: Torkoal|Eruption|p2b: Pincurchin|[spread] p2a,p2b\n|-damage|p2a: Bellibolt|0 fnt\n|-damage|p2b: Pincurchin|0 fnt\n|faint|p2a: Bellibolt\n|faint|p2b: Pincurchin\n|move|p1b: Indeedee|Trick Room|p1b: Indeedee\n|-fieldstart|move: Trick Room|[of] p1b: Indeedee\n|\n|-weather|SunnyDay|[upkeep]\n|-heal|p1b: Indeedee|78\/100|[from] item: Leftovers\n|upkeep\n|\n|t:|1700583889\n|switch|p2b: Pawmot|Pawmot, M|100\/100\n|switch|p2a: Alomomola|Alomomola, F|100\/100\n|turn|2\n|\n|t:|1700583897\n|move|p2a: Alomomola|Wide Guard|p2a: Alomomola\n|-singleturn|p2a: Alomomola|Wide Guard\n|move|p1b: Indeedee|Follow Me|p1b: Indeedee\n|-singleturn|p1b: Indeedee|move: Follow Me\n|move|p1a: Torkoal|Eruption|p2b: Pawmot|[spread] \n|-activate|p2a: Alomomola|move: Wide Guard\n|-activate|p2b: Pawmot|move: Wide Guard\n|move|p2b: Pawmot|Revival Blessing|p2b: Pawmot\n|-enditem|p2b: Pawmot|Leppa Berry|[eat]\n|-activate|p2b: Pawmot|item: Leppa Berry|Revival Blessing|[consumed]\n|\n|t:|1700583911\n|-heal|p2: Bellibolt|50\/100|[from] move: Revival Blessing\n|\n|-weather|SunnyDay|[upkeep]\n|-heal|p1b: Indeedee|84\/100|[from] item: Leftovers\n|upkeep\n|turn|3\n|\n|t:|1700583920\n|switch|p2b: Pelipper|Pelipper, M, tera:Ground|100\/100\n|-weather|RainDance|[from] ability: Drizzle|[of] p2b: Pelipper\n|move|p2a: Alomomola|Wide Guard|p2a: Alomomola\n|-singleturn|p2a: Alomomola|Wide Guard\n|move|p1b: Indeedee|Follow Me|p1b: Indeedee\n|-singleturn|p1b: Indeedee|move: Follow Me\n|move|p1a: Torkoal|Eruption|p2b: Pelipper|[spread] \n|-activate|p2a: Alomomola|move: Wide Guard\n|-activate|p2b: Pelipper|move: Wide Guard\n|\n|-weather|RainDance|[upkeep]\n|-heal|p1b: Indeedee|90\/100|[from] item: Leftovers\n|upkeep\n|turn|4\n|\n|t:|1700583939\n|move|p1b: Indeedee|Fake Out||[still]\n|-hint|Fake Out only works on your first turn out.\n|-fail|p1b: Indeedee\n|move|p1a: Torkoal|Eruption|p2a: Alomomola|[spread] p2a,p2b\n|-resisted|p2a: Alomomola\n|-crit|p2b: Pelipper\n|-damage|p2a: Alomomola|79\/100\n|-damage|p2b: Pelipper|7\/100\n|-enditem|p2b: Pelipper|Aguav Berry|[eat]\n|-heal|p2b: Pelipper|40\/100|[from] item: Aguav Berry\n|move|p2a: Alomomola|Whirlpool|p1a: Torkoal\n|-supereffective|p1a: Torkoal\n|-damage|p1a: Torkoal|75\/100\n|-activate|p1a: Torkoal|move: Whirlpool|[of] p2a: Alomomola\n|move|p2b: Pelipper|Soak|p1b: Indeedee\n|-start|p1b: Indeedee|typechange|Water\n|\n|-weather|RainDance|[upkeep]\n|-heal|p2a: Alomomola|85\/100|[from] item: Leftovers\n|-heal|p1b: Indeedee|96\/100|[from] item: Leftovers\n|-damage|p1a: Torkoal|63\/100|[from] move: Whirlpool|[partiallytrapped]\n|upkeep\n|turn|5\n|\n|t:|1700583963\n|move|p2a: Alomomola|Wide Guard|p2a: Alomomola\n|-singleturn|p2a: Alomomola|Wide Guard\n|move|p1a: Torkoal|Eruption|p2a: Alomomola|[spread] \n|-activate|p2a: Alomomola|move: Wide Guard\n|-activate|p2b: Pelipper|move: Wide Guard\n|move|p2b: Pelipper|U-turn|p1a: Torkoal\n|-resisted|p1a: Torkoal\n|-damage|p1a: Torkoal|59\/100\n|\n|t:|1700583973\n|switch|p2b: Bellibolt|Bellibolt, M|50\/100|[from] U-turn\n|move|p1b: Indeedee|Heal Pulse|p2b: Bellibolt\n|-heal|p2b: Bellibolt|100\/100\n|\n|-weather|RainDance|[upkeep]\n|-heal|p2a: Alomomola|91\/100|[from] item: Leftovers\n|-heal|p1b: Indeedee|100\/100|[from] item: Leftovers\n|-damage|p1a: Torkoal|46\/100|[from] move: Whirlpool|[partiallytrapped]\n|-fieldend|move: Trick Room\n|upkeep\n|turn|6\n|\n|t:|1700583991\n|move|p2a: Alomomola|Wide Guard|p2a: Alomomola\n|-singleturn|p2a: Alomomola|Wide Guard\n|move|p1b: Indeedee|Heal Pulse|p1a: Torkoal\n|-heal|p1a: Torkoal|96\/100\n|move|p2b: Bellibolt|Parabolic Charge|p1a: Torkoal|[spread] p1a,p1b\n|-activate|p2a: Alomomola|move: Wide Guard\n|-supereffective|p1b: Indeedee\n|-damage|p1a: Torkoal|58\/100\n|-damage|p1b: Indeedee|65\/100\n|move|p1a: Torkoal|Eruption|p2b: Bellibolt|[spread] \n|-activate|p2a: Alomomola|move: Wide Guard\n|-activate|p2b: Bellibolt|move: Wide Guard\n|\n|-weather|RainDance|[upkeep]\n|-heal|p1b: Indeedee|71\/100|[from] item: Leftovers\n|-heal|p2a: Alomomola|98\/100|[from] item: Leftovers\n|-damage|p1a: Torkoal|45\/100|[from] move: Whirlpool|[partiallytrapped]\n|upkeep\n|turn|7\n|c|\u2606BiggsTheRamsFan|Ahh thanks \ud83d\ude02\n|\n|t:|1700584013\n|move|p2a: Alomomola|Wide Guard|p2a: Alomomola\n|-singleturn|p2a: Alomomola|Wide Guard\n|move|p1b: Indeedee|Heal Pulse|p1a: Torkoal\n|-heal|p1a: Torkoal|95\/100\n|move|p2b: Bellibolt|Thunder|p1b: Indeedee\n|-supereffective|p1b: Indeedee\n|-damage|p1b: Indeedee|0 fnt\n|faint|p1b: Indeedee\n|move|p1a: Torkoal|Eruption|p2b: Bellibolt|[spread] \n|-activate|p2a: Alomomola|move: Wide Guard\n|-activate|p2b: Bellibolt|move: Wide Guard\n|\n|-weather|none\n|-heal|p2a: Alomomola|100\/100|[from] item: Leftovers\n|-damage|p1a: Torkoal|83\/100|[from] move: Whirlpool|[partiallytrapped]\n|upkeep\n|inactive|Gunner_ryuhi has 120 seconds left.\n|\n|t:|1700584037\n|switch|p1b: Gengar|Gengar, F|100\/100\n|turn|8\n|\n|t:|1700584057\n|switch|p2a: Pelipper|Pelipper, M, tera:Ground|40\/100\n|-weather|RainDance|[from] ability: Drizzle|[of] p2a: Pelipper\n|move|p1b: Gengar|Giga Drain|p2a: Pelipper\n|-supereffective|p2a: Pelipper\n|-damage|p2a: Pelipper|0 fnt\n|faint|p2a: Pelipper\n|move|p2b: Bellibolt|Parabolic Charge|p1a: Torkoal|[spread] p1a,p1b\n|-damage|p1a: Torkoal|40\/100\n|-damage|p1b: Gengar|54\/100\n|move|p1a: Torkoal|Eruption|p2b: Bellibolt\n|-damage|p2b: Bellibolt|77\/100\n|-start|p2b: Bellibolt|Charge|Eruption|[from] ability: Electromorphosis\n|\n|-weather|RainDance|[upkeep]\n|-heal|p2b: Bellibolt|83\/100|[from] item: Leftovers\n|-end|p1a: Torkoal|Whirlpool|[partiallytrapped]|[silent]\n|-fieldend|move: Electric Terrain\n|upkeep\n|inactive|BiggsTheRamsFan has 120 seconds left.\n|\n|t:|1700584077\n|switch|p2a: Alomomola|Alomomola, F|100\/100\n|turn|9\n|\n|t:|1700584088\n|move|p2a: Alomomola|Wide Guard|p2a: Alomomola\n|-singleturn|p2a: Alomomola|Wide Guard\n|move|p1b: Gengar|Giga Drain|p2a: Alomomola\n|-supereffective|p2a: Alomomola\n|-damage|p2a: Alomomola|57\/100\n|-heal|p1b: Gengar|93\/100|[from] drain|[of] p2a: Alomomola\n|move|p2b: Bellibolt|Parabolic Charge|p1b: Gengar|[spread] p1a,p1b\n|-activate|p2a: Alomomola|move: Wide Guard\n|-damage|p1a: Torkoal|0 fnt\n|-heal|p2b: Bellibolt|97\/100|[from] drain|[of] p1a: Torkoal\n|-damage|p1b: Gengar|22\/100\n|-heal|p2b: Bellibolt|100\/100|[from] drain|[of] p1b: Gengar\n|faint|p1a: Torkoal\n|-end|p2b: Bellibolt|Charge|[silent]\n|\n|-weather|RainDance|[upkeep]\n|-heal|p2a: Alomomola|63\/100|[from] item: Leftovers\n|upkeep\n|\n|t:|1700584108\n|switch|p1a: Lilligant|Lilligant, F|100\/100\n|turn|10\n|\n|t:|1700584116\n|move|p1b: Gengar|Giga Drain|p2a: Alomomola\n|-supereffective|p2a: Alomomola\n|-damage|p2a: Alomomola|20\/100\n|-heal|p1b: Gengar|61\/100|[from] drain|[of] p2a: Alomomola\n|move|p1a: Lilligant|Quiver Dance|p1a: Lilligant\n|-boost|p1a: Lilligant|spa|1\n|-boost|p1a: Lilligant|spd|1\n|-boost|p1a: Lilligant|spe|1\n|move|p2a: Alomomola|Wish|p2a: Alomomola\n|move|p2b: Bellibolt|Thunder|p1b: Gengar\n|-damage|p1b: Gengar|0 fnt\n|-start|p2b: Bellibolt|Disable|Thunder|[from] ability: Cursed Body|[of] p1b: Gengar\n|faint|p1b: Gengar\n|\n|-weather|RainDance|[upkeep]\n|-heal|p2a: Alomomola|26\/100|[from] item: Leftovers\n|upkeep\n|\n|t:|1700584134\n|switch|p1b: Arcanine|Arcanine, F|100\/100\n|-ability|p1b: Arcanine|Intimidate|boost\n|-unboost|p2a: Alomomola|atk|1\n|-unboost|p2b: Bellibolt|atk|1\n|turn|11\n|\n|t:|1700584145\n|move|p2a: Alomomola|Protect|p2a: Alomomola\n|-singleturn|p2a: Alomomola|Protect\n|move|p1a: Lilligant|Giga Drain|p2a: Alomomola\n|-activate|p2a: Alomomola|move: Protect\n|move|p1b: Arcanine|Flare Blitz|p2b: Bellibolt\n|-damage|p2b: Bellibolt|71\/100\n|-start|p2b: Bellibolt|Charge|Flare Blitz|[from] ability: Electromorphosis\n|-damage|p1b: Arcanine|89\/100|[from] Recoil\n|-damage|p1b: Arcanine|79\/100|[from] item: Life Orb\n|move|p2b: Bellibolt|Parabolic Charge|p1b: Arcanine|[spread] p1a,p1b\n|-activate|p2a: Alomomola|move: Protect\n|-resisted|p1a: Lilligant\n|-damage|p1a: Lilligant|85\/100\n|-heal|p2b: Bellibolt|78\/100|[from] drain|[of] p1a: Lilligant\n|-damage|p1b: Arcanine|26\/100\n|-heal|p2b: Bellibolt|99\/100|[from] drain|[of] p1b: Arcanine\n|-end|p2b: Bellibolt|Charge|[silent]\n|\n|-weather|RainDance|[upkeep]\n|-heal|p2a: Alomomola|76\/100|[from] move: Wish|[wisher] Alomomola\n|-heal|p2a: Alomomola|82\/100|[from] item: Leftovers\n|-heal|p2b: Bellibolt|100\/100|[from] item: Leftovers\n|upkeep\n|turn|12\n|inactive|Gunner_ryuhi has 120 seconds left.\n|inactive|BiggsTheRamsFan has 120 seconds left.\n|\n|t:|1700584179\n|move|p2a: Alomomola|Wide Guard|p2a: Alomomola\n|-singleturn|p2a: Alomomola|Wide Guard\n|move|p1a: Lilligant|Giga Drain|p2a: Alomomola\n|-supereffective|p2a: Alomomola\n|-damage|p2a: Alomomola|0 fnt\n|-heal|p1a: Lilligant|100\/100|[from] drain|[of] p2a: Alomomola\n|faint|p2a: Alomomola\n|move|p1b: Arcanine|Flare Blitz|p2b: Bellibolt\n|-damage|p2b: Bellibolt|74\/100\n|-start|p2b: Bellibolt|Charge|Flare Blitz|[from] ability: Electromorphosis\n|-damage|p1b: Arcanine|16\/100|[from] Recoil\n|-damage|p1b: Arcanine|6\/100|[from] item: Life Orb\n|move|p2b: Bellibolt|Parabolic Charge|p1b: Arcanine|[spread] p1a,p1b\n|-resisted|p1a: Lilligant\n|-damage|p1a: Lilligant|83\/100\n|-heal|p2b: Bellibolt|82\/100|[from] drain|[of] p1a: Lilligant\n|-damage|p1b: Arcanine|0 fnt\n|-heal|p2b: Bellibolt|84\/100|[from] drain|[of] p1b: Arcanine\n|faint|p1b: Arcanine\n|-end|p2b: Bellibolt|Charge|[silent]\n|\n|-weather|none\n|-heal|p2b: Bellibolt|91\/100|[from] item: Leftovers\n|upkeep\n|inactive|BiggsTheRamsFan has 120 seconds left.\n|\n|t:|1700584209\n|switch|p1b: Charizard|Charizard, M|100\/100\n|switch|p2a: Weezing|Weezing-Galar, M|100\/100\n|turn|13\n|\n|t:|1700584227\n|move|p1b: Charizard|Heat Wave|p2b: Bellibolt|[spread] p2a,p2b\n|-damage|p2a: Weezing|70\/100\n|-damage|p2b: Bellibolt|55\/100\n|-start|p2b: Bellibolt|Charge|Heat Wave|[from] ability: Electromorphosis\n|move|p1a: Lilligant|Giga Drain|p2b: Bellibolt\n|-damage|p2b: Bellibolt|0 fnt\n|-heal|p1a: Lilligant|100\/100|[from] drain|[of] p2b: Bellibolt\n|faint|p2b: Bellibolt\n|move|p2a: Weezing|Haze|p2a: Weezing\n|-clearallboost\n|\n|-heal|p2a: Weezing|76\/100|[from] item: Black Sludge\n|upkeep\n|\n|t:|1700584240\n|switch|p2b: Pawmot|Pawmot, M|100\/100\n|turn|14\n|\n|t:|1700584253\n|move|p1b: Charizard|Heat Wave|p2b: Pawmot|[spread] p2a,p2b\n|-damage|p2a: Weezing|41\/100\n|-damage|p2b: Pawmot|63\/100\n|move|p2b: Pawmot|Revival Blessing|p2b: Pawmot\n|\n|t:|1700584262\n|-heal|p2: Bellibolt|50\/100|[from] move: Revival Blessing\n|move|p1a: Lilligant|Giga Drain|p2b: Pawmot\n|-damage|p2b: Pawmot|18\/100\n|move|p2a: Weezing|Toxic|p1a: Lilligant\n|-status|p1a: Lilligant|tox\n|\n|-heal|p2a: Weezing|47\/100|[from] item: Black Sludge\n|-damage|p1a: Lilligant|94\/100 tox|[from] psn\n|upkeep\n|turn|15\n|\n|t:|1700584279\n|switch|p2b: Bellibolt|Bellibolt, M|50\/100\n|move|p1b: Charizard|Heat Wave|p2a: Weezing|[spread] p2a,p2b\n|-damage|p2a: Weezing|16\/100\n|-damage|p2b: Bellibolt|15\/100\n|-start|p2b: Bellibolt|Charge|Heat Wave|[from] ability: Electromorphosis\n|move|p1a: Lilligant|Quiver Dance|p1a: Lilligant\n|-boost|p1a: Lilligant|spa|1\n|-boost|p1a: Lilligant|spd|1\n|-boost|p1a: Lilligant|spe|1\n|move|p2a: Weezing|Aromatic Mist|p2b: Bellibolt\n|-boost|p2b: Bellibolt|spd|1\n|\n|-heal|p2a: Weezing|22\/100|[from] item: Black Sludge\n|-heal|p2b: Bellibolt|21\/100|[from] item: Leftovers\n|-damage|p1a: Lilligant|82\/100 tox|[from] psn\n|upkeep\n|turn|16\n|\n|t:|1700584300\n|move|p1b: Charizard|Heat Wave|p2b: Bellibolt|[spread] p2b\n|-miss|p1b: Charizard|p2a: Weezing\n|-damage|p2b: Bellibolt|0 fnt\n|faint|p2b: Bellibolt\n|move|p1a: Lilligant|Giga Drain|p2a: Weezing\n|-resisted|p2a: Weezing\n|-damage|p2a: Weezing|0 fnt\n|-heal|p1a: Lilligant|92\/100 tox|[from] drain|[of] p2a: Weezing\n|faint|p2a: Weezing\n|\n|-damage|p1a: Lilligant|74\/100 tox|[from] psn\n|upkeep\n|-message|BiggsTheRamsFan forfeited.\n|\n|win|Gunner_ryuhi\n|raw|Gunner_ryuhi's rating: 1047 &rarr; <strong>1084<\/strong><br \/>(+37 for winning)\n|raw|BiggsTheRamsFan's rating: 1094 &rarr; <strong>1067<\/strong><br \/>(-27 for losing)\n|l|\u2606BiggsTheRamsFan\n","uploadtime":1700584321,"views":12,"p1id":"gunnerryuhi","p2id":"biggstheramsfan","formatid":"gen9doublesou","rating":1067,"private":0,"password":""}