{"id":"gen9doublesou-1971502241","p1":"Shinta05","p2":"SXD2002","format":"[Gen 9] Doubles OU","log":"|j|\u2606Shinta05\n|j|\u2606SXD2002\n|t:|1697743554\n|gametype|doubles\n|player|p1|Shinta05|red|1147\n|player|p2|SXD2002|silver-masters|1139\n|teamsize|p1|6\n|teamsize|p2|4\n|gen|9\n|tier|[Gen 9] Doubles OU\n|rated|\n|rule|Species Clause: Limit one of each Pok\u00e9mon\n|rule|OHKO Clause: OHKO moves are banned\n|rule|Evasion Moves Clause: Evasion moves are banned\n|rule|Gravity Sleep Clause: The combination of sleep-inducing moves with imperfect accuracy and Gravity or Gigantamax Orbeetle are banned\n|rule|Endless Battle Clause: Forcing endless battles is banned\n|rule|HP Percentage Mod: HP is shown in percentages\n|clearpoke\n|poke|p1|Ambipom, M|\n|poke|p1|Dragonite, M|\n|poke|p1|Infernape, M|\n|poke|p1|Weezing, F|\n|poke|p1|Snorlax, M|\n|poke|p1|Slowbro, F|\n|poke|p2|Lurantis, M|\n|poke|p2|Murkrow, F|\n|poke|p2|Grimmsnarl, M|\n|poke|p2|Clefairy, F|\n|teampreview\n|inactive|Battle timer is ON: inactive players will automatically lose when time's up. (requested by SXD2002)\n|\n|t:|1697743561\n|start\n|switch|p1a: Ambipom|Ambipom, M|100\/100\n|switch|p1b: Infernape|Infernape, M|100\/100\n|switch|p2a: Grimmsnarl|Grimmsnarl, M|100\/100\n|switch|p2b: Lurantis|Lurantis, M|100\/100\n|turn|1\n|\n|t:|1697743573\n|move|p2b: Lurantis|Protect|p2b: Lurantis\n|-singleturn|p2b: Lurantis|Protect\n|move|p1a: Ambipom|Fake Out|p2b: Lurantis\n|-activate|p2b: Lurantis|move: Protect\n|move|p2a: Grimmsnarl|Parting Shot|p1b: Infernape\n|-unboost|p1b: Infernape|atk|1\n|-unboost|p1b: Infernape|spa|1\n|\n|t:|1697743580\n|switch|p2a: Murkrow|Murkrow, F|100\/100|[from] Parting Shot\n|move|p1b: Infernape|Drain Punch|p2a: Murkrow\n|-damage|p2a: Murkrow|59\/100\n|\n|upkeep\n|turn|2\n|\n|t:|1697743592\n|-terastallize|p2b: Lurantis|Steel\n|move|p2a: Murkrow|Screech|p2b: Lurantis\n|-boost|p2b: Lurantis|def|2\n|move|p1a: Ambipom|Acrobatics|p2b: Lurantis\n|-resisted|p2b: Lurantis\n|-damage|p2b: Lurantis|93\/100\n|-damage|p1a: Ambipom|91\/100|[from] item: Life Orb\n|move|p1b: Infernape|Thunder Punch|p2a: Murkrow\n|-supereffective|p2a: Murkrow\n|-damage|p2a: Murkrow|8\/100\n|move|p2b: Lurantis|Superpower|p1a: Ambipom\n|-supereffective|p1a: Ambipom\n|-damage|p1a: Ambipom|0 fnt\n|-boost|p2b: Lurantis|atk|1\n|-boost|p2b: Lurantis|def|1\n|faint|p1a: Ambipom\n|\n|-heal|p2b: Lurantis|99\/100|[from] item: Leftovers\n|upkeep\n|\n|t:|1697743610\n|switch|p1a: Dragonite|Dragonite, M|100\/100\n|turn|3\n|\n|t:|1697743618\n|move|p1a: Dragonite|Extreme Speed|p2a: Murkrow\n|-damage|p2a: Murkrow|0 fnt\n|faint|p2a: Murkrow\n|move|p1b: Infernape|Fire Punch|p2b: Lurantis\n|-supereffective|p2b: Lurantis\n|-damage|p2b: Lurantis|71\/100\n|move|p2b: Lurantis|Superpower|p1b: Infernape\n|-damage|p1b: Infernape|34\/100\n|-boost|p2b: Lurantis|atk|1\n|-boost|p2b: Lurantis|def|1\n|\n|-heal|p2b: Lurantis|77\/100|[from] item: Leftovers\n|upkeep\n|\n|t:|1697743627\n|switch|p2a: Grimmsnarl|Grimmsnarl, M|100\/100\n|turn|4\n|\n|t:|1697743645\n|move|p2a: Grimmsnarl|Scary Face|p2b: Lurantis\n|-boost|p2b: Lurantis|spe|2\n|move|p1b: Infernape|Drain Punch|p2a: Grimmsnarl\n|-damage|p2a: Grimmsnarl|64\/100\n|-heal|p1b: Infernape|59\/100|[from] drain|[of] p2a: Grimmsnarl\n|move|p1a: Dragonite|Dragon Dance|p1a: Dragonite\n|-boost|p1a: Dragonite|atk|1\n|-boost|p1a: Dragonite|spe|1\n|move|p2b: Lurantis|Superpower|p1b: Infernape\n|-damage|p1b: Infernape|0 fnt\n|-boost|p2b: Lurantis|atk|1\n|-boost|p2b: Lurantis|def|1\n|faint|p1b: Infernape\n|\n|-heal|p2b: Lurantis|83\/100|[from] item: Leftovers\n|-heal|p2a: Grimmsnarl|70\/100|[from] item: Leftovers\n|upkeep\n|\n|t:|1697743661\n|switch|p1b: Snorlax|Snorlax, M|100\/100\n|turn|5\n|\n|t:|1697743670\n|-terastallize|p1b: Snorlax|Ghost\n|move|p2a: Grimmsnarl|Scary Face|p2b: Lurantis\n|-boost|p2b: Lurantis|spe|2\n|move|p1a: Dragonite|Iron Head|p2a: Grimmsnarl\n|-supereffective|p2a: Grimmsnarl\n|-damage|p2a: Grimmsnarl|0 fnt\n|faint|p2a: Grimmsnarl\n|move|p2b: Lurantis|Superpower|p1b: Snorlax\n|-immune|p1b: Snorlax\n|move|p1b: Snorlax|Belly Drum|p1b: Snorlax\n|-damage|p1b: Snorlax|50\/100\n|-setboost|p1b: Snorlax|atk|6|[from] move: Belly Drum\n|-enditem|p1b: Snorlax|Sitrus Berry|[eat]\n|-heal|p1b: Snorlax|75\/100|[from] item: Sitrus Berry\n|\n|-heal|p2b: Lurantis|89\/100|[from] item: Leftovers\n|upkeep\n|\n|t:|1697743677\n|switch|p2a: Clefairy|Clefairy, F|100\/100\n|turn|6\n|c|\u2606Shinta05|4 v4\n|\n|t:|1697743693\n|move|p2a: Clefairy|Follow Me|p2a: Clefairy\n|-singleturn|p2a: Clefairy|move: Follow Me\n|move|p1a: Dragonite|Iron Head|p2a: Clefairy\n|-supereffective|p2a: Clefairy\n|-damage|p2a: Clefairy|0 fnt\n|faint|p2a: Clefairy\n|move|p2b: Lurantis|Leaf Storm|p1b: Snorlax\n|-damage|p1b: Snorlax|55\/100\n|-boost|p2b: Lurantis|spa|2\n|move|p1b: Snorlax|Earthquake|p2b: Lurantis|[spread] p2b\n|-immune|p1a: Dragonite\n|-supereffective|p2b: Lurantis\n|-damage|p2b: Lurantis|27\/100\n|\n|-heal|p2b: Lurantis|33\/100|[from] item: Leftovers\n|upkeep\n|turn|7\n|c|\u2606SXD2002|gg\n|\n|t:|1697743708\n|move|p1a: Dragonite|Dragon Claw|p2b: Lurantis\n|-resisted|p2b: Lurantis\n|-damage|p2b: Lurantis|23\/100\n|move|p2b: Lurantis|Leaf Storm|p1b: Snorlax\n|-crit|p1b: Snorlax\n|-damage|p1b: Snorlax|0 fnt\n|-boost|p2b: Lurantis|spa|2\n|faint|p1b: Snorlax\n|\n|-heal|p2b: Lurantis|29\/100|[from] item: Leftovers\n|upkeep\n|c|\u2606Shinta05|gg\n|\n|t:|1697743723\n|switch|p1b: Slowbro|Slowbro, F|100\/100\n|turn|8\n|\n|t:|1697743732\n|move|p2b: Lurantis|Protect|p2b: Lurantis\n|-singleturn|p2b: Lurantis|Protect\n|move|p1a: Dragonite|Iron Head|p2b: Lurantis\n|-activate|p2b: Lurantis|move: Protect\n|move|p1b: Slowbro|Nasty Plot|p1b: Slowbro\n|-boost|p1b: Slowbro|spa|2\n|\n|-heal|p2b: Lurantis|35\/100|[from] item: Leftovers\n|upkeep\n|turn|9\n|\n|t:|1697743749\n|move|p1a: Dragonite|Iron Head|p2b: Lurantis\n|-resisted|p2b: Lurantis\n|-damage|p2b: Lurantis|27\/100\n|move|p2b: Lurantis|Leaf Storm|p1b: Slowbro|[miss]\n|-miss|p2b: Lurantis|p1b: Slowbro\n|move|p1b: Slowbro|Nasty Plot|p1b: Slowbro\n|-boost|p1b: Slowbro|spa|2\n|\n|-heal|p2b: Lurantis|33\/100|[from] item: Leftovers\n|upkeep\n|turn|10\n|c|\u2606Shinta05|go for draginte... 1 v1\n|\n|t:|1697743771\n|move|p1a: Dragonite|Iron Head|p2b: Lurantis\n|-resisted|p2b: Lurantis\n|-damage|p2b: Lurantis|26\/100\n|move|p2b: Lurantis|Leaf Storm|p1b: Slowbro\n|-supereffective|p1b: Slowbro\n|-crit|p1b: Slowbro\n|-damage|p1b: Slowbro|0 fnt\n|-boost|p2b: Lurantis|spa|2\n|faint|p1b: Slowbro\n|\n|-heal|p2b: Lurantis|32\/100|[from] item: Leftovers\n|upkeep\n|\n|t:|1697743781\n|switch|p1b: Weezing|Weezing, F|100\/100\n|turn|11\n|c|\u2606SXD2002|yea\n|c|\u2606Shinta05|kill weezing\n|inactive|Shinta05 has 120 seconds left.\n|\n|t:|1697743819\n|move|p1a: Dragonite|Iron Head|p1b: Weezing\n|-damage|p1b: Weezing|60\/100\n|move|p2b: Lurantis|Leaf Storm|p1b: Weezing\n|-resisted|p1b: Weezing\n|-damage|p1b: Weezing|0 fnt\n|faint|p1b: Weezing\n|\n|-heal|p2b: Lurantis|39\/100|[from] item: Leftovers\n|upkeep\n|turn|12\n|\n|t:|1697743829\n|move|p2b: Lurantis|Protect|p2b: Lurantis\n|-singleturn|p2b: Lurantis|Protect\n|move|p1a: Dragonite|Dragon Dance|p1a: Dragonite\n|-boost|p1a: Dragonite|atk|1\n|-boost|p1a: Dragonite|spe|1\n|\n|-heal|p2b: Lurantis|45\/100|[from] item: Leftovers\n|upkeep\n|turn|13\n|\n|t:|1697743837\n|move|p1a: Dragonite|Dragon Claw|p2b: Lurantis\n|-resisted|p2b: Lurantis\n|-damage|p2b: Lurantis|31\/100\n|move|p2b: Lurantis|Superpower|p1a: Dragonite\n|-resisted|p1a: Dragonite\n|-damage|p1a: Dragonite|81\/100\n|-boost|p2b: Lurantis|atk|1\n|-boost|p2b: Lurantis|def|1\n|\n|-heal|p2b: Lurantis|37\/100|[from] item: Leftovers\n|upkeep\n|turn|14\n|\n|t:|1697743846\n|move|p1a: Dragonite|Dragon Dance|p1a: Dragonite\n|-boost|p1a: Dragonite|atk|1\n|-boost|p1a: Dragonite|spe|1\n|move|p2b: Lurantis|Superpower|p1a: Dragonite\n|-resisted|p1a: Dragonite\n|-damage|p1a: Dragonite|31\/100\n|-boost|p2b: Lurantis|atk|1\n|\n|-heal|p2b: Lurantis|44\/100|[from] item: Leftovers\n|upkeep\n|turn|15\n|c|\u2606SXD2002|gg\n|\n|t:|1697743857\n|move|p1a: Dragonite|Iron Head|p2b: Lurantis\n|-resisted|p2b: Lurantis\n|-damage|p2b: Lurantis|33\/100\n|move|p2b: Lurantis|Superpower|p1a: Dragonite\n|-resisted|p1a: Dragonite\n|-damage|p1a: Dragonite|0 fnt\n|-boost|p2b: Lurantis|atk|1\n|faint|p1a: Dragonite\n|\n|win|SXD2002\n|raw|Shinta05's rating: 1147 &rarr; <strong>1121<\/strong><br \/>(-26 for losing)\n|raw|SXD2002's rating: 1139 &rarr; <strong>1165<\/strong><br \/>(+26 for winning)\n|c|\u2606Shinta05|gg\n|l|\u2606Shinta05\n","uploadtime":1697743867,"views":7,"p1id":"shinta05","p2id":"sxd2002","formatid":"gen9doublesou","rating":1121,"private":0,"password":""}