{"id":"gen9doublesou-1982110485","p1":"Iygvyi","p2":"Anna's songbird","format":"[Gen 9] Doubles OU","log":"|j|\u2606Iygvyi\n|j|\u2606Anna's songbird\n|inactive|Battle timer is ON: inactive players will automatically lose when time's up.\n|t:|1698968893\n|gametype|doubles\n|player|p1|Iygvyi|102|\n|player|p2|Anna's songbird|clair|\n|teamsize|p1|6\n|teamsize|p2|6\n|gen|9\n|tier|[Gen 9] Doubles OU\n|rated|Tournament battle\n|rule|Species Clause: Limit one of each Pok\u00e9mon\n|rule|OHKO Clause: OHKO moves are banned\n|rule|Evasion Moves Clause: Evasion moves are banned\n|rule|Gravity Sleep Clause: The combination of sleep-inducing moves with imperfect accuracy and Gravity or Gigantamax Orbeetle are banned\n|rule|Endless Battle Clause: Forcing endless battles is banned\n|rule|HP Percentage Mod: HP is shown in percentages\n|clearpoke\n|poke|p1|Tornadus, M|\n|poke|p1|Iron Hands|\n|poke|p1|Rillaboom, F|\n|poke|p1|Flutter Mane|\n|poke|p1|Ogerpon-Hearthflame, F|\n|poke|p1|Heatran, F|\n|poke|p2|Maushold-Four|\n|poke|p2|Flutter Mane|\n|poke|p2|Volcanion|\n|poke|p2|Tornadus, M|\n|poke|p2|Ogerpon-Hearthflame, F|\n|poke|p2|Landorus-Therian, M|\n|teampreview\n|inactive|Iygvyi also wants the timer to be on.\n|inactive|Anna's songbird also wants the timer to be on.\n|j| ButWhyThough_2\n|inactive|Iygvyi has 120 seconds left.\n|\n|t:|1698968939\n|start\n|switch|p1a: Rillaboom|Rillaboom, F|100\/100\n|switch|p1b: Tornadus|Tornadus, M|100\/100\n|switch|p2a: Maushold|Maushold-Four|100\/100\n|switch|p2b: Landorus|Landorus-Therian, M|100\/100\n|-ability|p2b: Landorus|Intimidate|boost\n|-unboost|p1a: Rillaboom|atk|1\n|-unboost|p1b: Tornadus|atk|1\n|-fieldstart|move: Grassy Terrain|[from] ability: Grassy Surge|[of] p1a: Rillaboom\n|turn|1\n|inactive|Anna's songbird has 120 seconds left.\n|\n|t:|1698968981\n|move|p1a: Rillaboom|Fake Out|p2a: Maushold\n|-damage|p2a: Maushold|87\/100\n|move|p1b: Tornadus|Tailwind|p1b: Tornadus\n|-sidestart|p1: Iygvyi|move: Tailwind\n|cant|p2a: Maushold|flinch\n|move|p2b: Landorus|Rock Slide|p1b: Tornadus|[spread] p1a\n|-miss|p2b: Landorus|p1b: Tornadus\n|-damage|p1a: Rillaboom|70\/100\n|\n|-heal|p1a: Rillaboom|76\/100|[from] Grassy Terrain\n|-heal|p2a: Maushold|93\/100|[from] Grassy Terrain\n|upkeep\n|turn|2\n|inactive|Anna's songbird has 120 seconds left.\n|\n|t:|1698969002\n|move|p2a: Maushold|Protect|p2a: Maushold\n|-singleturn|p2a: Maushold|Protect\n|move|p1b: Tornadus|Bleakwind Storm|p2b: Landorus|[spread] p2b\n|-activate|p2a: Maushold|move: Protect\n|-damage|p2b: Landorus|73\/100\n|-unboost|p2b: Landorus|spe|1\n|move|p1a: Rillaboom|U-turn|p2a: Maushold\n|-activate|p2a: Maushold|move: Protect\n|move|p2b: Landorus|Rock Slide|p1a: Rillaboom|[spread] p1a,p1b\n|-supereffective|p1b: Tornadus\n|-damage|p1a: Rillaboom|42\/100\n|-damage|p1b: Tornadus|37\/100\n|\n|-heal|p1a: Rillaboom|48\/100|[from] Grassy Terrain\n|-heal|p2a: Maushold|99\/100|[from] Grassy Terrain\n|upkeep\n|turn|3\n|j|@RelicanthPrimal<><\n|\n|t:|1698969029\n|switch|p1b: Heatran|Heatran, F|100\/100\n|switch|p2a: Tornadus|Tornadus, M|100\/100\n|move|p1a: Rillaboom|U-turn|p2a: Tornadus\n|-resisted|p2a: Tornadus\n|-damage|p2a: Tornadus|91\/100\n|inactive|Iygvyi has 120 seconds left.\n|\n|t:|1698969043\n|switch|p1a: Flutter Mane|Flutter Mane|100\/100|[from] U-turn\n|move|p2b: Landorus|Rock Slide|p1a: Flutter Mane|[spread] p1a\n|-miss|p2b: Landorus|p1b: Heatran\n|-damage|p1a: Flutter Mane|36\/100\n|\n|-heal|p1a: Flutter Mane|42\/100|[from] Grassy Terrain\n|upkeep\n|turn|4\n|\n|t:|1698969057\n|switch|p2b: Volcanion|Volcanion|100\/100\n|move|p2a: Tornadus|Protect|p2a: Tornadus\n|-singleturn|p2a: Tornadus|Protect\n|move|p1a: Flutter Mane|Moonblast|p2b: Volcanion\n|-resisted|p2b: Volcanion\n|-damage|p2b: Volcanion|73\/100\n|move|p1b: Heatran|Heat Wave|p2a: Tornadus|[spread] p2b\n|-activate|p2a: Tornadus|move: Protect\n|-resisted|p2b: Volcanion\n|-damage|p2b: Volcanion|66\/100\n|\n|-heal|p1a: Flutter Mane|48\/100|[from] Grassy Terrain\n|-heal|p2b: Volcanion|72\/100|[from] Grassy Terrain\n|-sideend|p1: Iygvyi|move: Tailwind\n|upkeep\n|turn|5\n|inactive|Iygvyi has 120 seconds left.\n|\n|t:|1698969098\n|switch|p1b: Rillaboom|Rillaboom, F|48\/100\n|move|p2a: Tornadus|Tailwind|p2a: Tornadus\n|-sidestart|p2: Anna's songbird|move: Tailwind\n|move|p2b: Volcanion|Steam Eruption|p1b: Rillaboom\n|-resisted|p1b: Rillaboom\n|-damage|p1b: Rillaboom|26\/100\n|move|p1a: Flutter Mane|Moonblast|p2a: Tornadus\n|-damage|p2a: Tornadus|0 fnt\n|faint|p2a: Tornadus\n|\n|-heal|p2b: Volcanion|78\/100|[from] Grassy Terrain\n|-heal|p1a: Flutter Mane|54\/100|[from] Grassy Terrain\n|-heal|p1b: Rillaboom|33\/100|[from] Grassy Terrain\n|-fieldend|move: Grassy Terrain\n|upkeep\n|\n|t:|1698969111\n|switch|p2a: Landorus|Landorus-Therian, M|73\/100\n|-ability|p2a: Landorus|Intimidate|boost\n|-unboost|p1a: Flutter Mane|atk|1\n|-unboost|p1b: Rillaboom|atk|1\n|turn|6\n|inactive|Iygvyi has 120 seconds left.\n|\n|t:|1698969150\n|move|p1b: Rillaboom|Fake Out|p2b: Volcanion\n|-damage|p2b: Volcanion|70\/100\n|move|p2a: Landorus|Rock Slide|p1b: Rillaboom|[spread] p1a,p1b\n|-damage|p1a: Flutter Mane|0 fnt\n|-damage|p1b: Rillaboom|3\/100\n|faint|p1a: Flutter Mane\n|-end|p1a: Flutter Mane|Protosynthesis|[silent]\n|cant|p2b: Volcanion|flinch\n|\n|upkeep\n|\n|t:|1698969157\n|switch|p1a: Tornadus|Tornadus, M|37\/100\n|turn|7\n|\n|t:|1698969170\n|switch|p2b: Maushold|Maushold-Four|99\/100\n|switch|p1b: Iron Hands|Iron Hands|100\/100\n|move|p1a: Tornadus|Tailwind|p1a: Tornadus\n|-sidestart|p1: Iygvyi|move: Tailwind\n|move|p2a: Landorus|Rock Slide|p1b: Iron Hands|[spread] p1a,p1b\n|-supereffective|p1a: Tornadus\n|-resisted|p1b: Iron Hands\n|-damage|p1a: Tornadus|0 fnt\n|-damage|p1b: Iron Hands|88\/100\n|faint|p1a: Tornadus\n|\n|upkeep\n|inactive|Iygvyi has 120 seconds left.\n|\n|t:|1698969183\n|switch|p1a: Ogerpon|Ogerpon-Hearthflame, F|100\/100\n|-ability|p1a: Ogerpon|Mold Breaker\n|turn|8\n|\n|t:|1698969204\n|move|p2b: Maushold|Protect|p2b: Maushold\n|-singleturn|p2b: Maushold|Protect\n|move|p1a: Ogerpon|Spiky Shield|p1a: Ogerpon\n|-singleturn|p1a: Ogerpon|move: Protect\n|move|p2a: Landorus|Rock Slide|p1a: Ogerpon|[spread] p1b\n|-activate|p1a: Ogerpon|move: Protect\n|-resisted|p1b: Iron Hands\n|-damage|p1b: Iron Hands|76\/100\n|move|p1b: Iron Hands|Swords Dance|p1b: Iron Hands\n|-boost|p1b: Iron Hands|atk|2\n|\n|-sideend|p2: Anna's songbird|move: Tailwind\n|upkeep\n|turn|9\n|\n|t:|1698969219\n|-terastallize|p1a: Ogerpon|Fire\n|detailschange|p1a: Ogerpon|Ogerpon-Hearthflame-Tera, F, tera:Fire\n|-ability|p1a: Ogerpon|Embody Aspect (Hearthflame)|boost\n|-boost|p1a: Ogerpon|atk|1\n|move|p1a: Ogerpon|Ivy Cudgel|p2a: Landorus\n|-damage|p2a: Landorus|0 fnt\n|faint|p2a: Landorus\n|move|p1b: Iron Hands|Drain Punch|p2b: Maushold\n|-supereffective|p2b: Maushold\n|-damage|p2b: Maushold|0 fnt\n|-heal|p1b: Iron Hands|100\/100|[from] drain|[of] p2b: Maushold\n|faint|p2b: Maushold\n|\n|upkeep\n|\n|t:|1698969231\n|switch|p2b: Volcanion|Volcanion|70\/100\n|switch|p2a: Ogerpon|Ogerpon-Hearthflame, F|100\/100\n|-ability|p2a: Ogerpon|Mold Breaker\n|turn|10\n|inactive|Anna's songbird has 120 seconds left.\n|\n|t:|1698969262\n|-terastallize|p2a: Ogerpon|Fire\n|detailschange|p2a: Ogerpon|Ogerpon-Hearthflame-Tera, F, tera:Fire\n|-ability|p2a: Ogerpon|Embody Aspect (Hearthflame)|boost\n|-boost|p2a: Ogerpon|atk|1\n|move|p1a: Ogerpon|Ivy Cudgel|p2a: Ogerpon\n|-resisted|p2a: Ogerpon\n|-damage|p2a: Ogerpon|29\/100\n|move|p1b: Iron Hands|Drain Punch|p2b: Volcanion\n|-damage|p2b: Volcanion|4\/100\n|move|p2a: Ogerpon|Ivy Cudgel|p1b: Iron Hands\n|-damage|p1b: Iron Hands|8\/100\n|-enditem|p1b: Iron Hands|Sitrus Berry|[eat]\n|-heal|p1b: Iron Hands|33\/100|[from] item: Sitrus Berry\n|move|p2b: Volcanion|Steam Eruption|p1a: Ogerpon\n|-supereffective|p1a: Ogerpon\n|-damage|p1a: Ogerpon|0 fnt\n|faint|p1a: Ogerpon\n|\n|-sideend|p1: Iygvyi|move: Tailwind\n|upkeep\n|\n|t:|1698969273\n|switch|p1a: Rillaboom|Rillaboom, F|3\/100\n|-fieldstart|move: Grassy Terrain|[from] ability: Grassy Surge|[of] p1a: Rillaboom\n|turn|11\n|inactive|Iygvyi has 120 seconds left.\n|inactive|Anna's songbird has 120 seconds left.\n|\n|t:|1698969326\n|move|p2a: Ogerpon|Spiky Shield|p2a: Ogerpon\n|-singleturn|p2a: Ogerpon|move: Protect\n|move|p1a: Rillaboom|Fake Out|p2b: Volcanion\n|-damage|p2b: Volcanion|0 fnt\n|faint|p2b: Volcanion\n|move|p1b: Iron Hands|Drain Punch|p2a: Ogerpon\n|-activate|p2a: Ogerpon|move: Protect\n|-damage|p1b: Iron Hands|20\/100|[from] Spiky Shield|[of] p2a: Ogerpon\n|\n|-heal|p2a: Ogerpon|35\/100|[from] Grassy Terrain\n|-heal|p1a: Rillaboom|9\/100|[from] Grassy Terrain\n|-heal|p1b: Iron Hands|26\/100|[from] Grassy Terrain\n|upkeep\n|\n|t:|1698969331\n|switch|p2b: Flutter Mane|Flutter Mane|100\/100\n|turn|12\n|inactive|Iygvyi has 120 seconds left.\n|\n|t:|1698969365\n|move|p1a: Rillaboom|Grassy Glide|p2b: Flutter Mane\n|-damage|p2b: Flutter Mane|37\/100\n|move|p2b: Flutter Mane|Shadow Ball|p1a: Rillaboom\n|-damage|p1a: Rillaboom|0 fnt\n|faint|p1a: Rillaboom\n|move|p2a: Ogerpon|Horn Leech|p1b: Iron Hands\n|-damage|p1b: Iron Hands|0 fnt\n|-heal|p2a: Ogerpon|54\/100|[from] drain|[of] p1b: Iron Hands\n|faint|p1b: Iron Hands\n|-end|p1b: Iron Hands|Quark Drive|[silent]\n|\n|-heal|p2b: Flutter Mane|44\/100|[from] Grassy Terrain\n|-heal|p2a: Ogerpon|60\/100|[from] Grassy Terrain\n|upkeep\n|\n|t:|1698969371\n|switch|p1b: Heatran|Heatran, F|100\/100\n|turn|13\n|\n|t:|1698969377\n|move|p2b: Flutter Mane|Shadow Ball|p1b: Heatran\n|-damage|p1b: Heatran|64\/100\n|move|p2a: Ogerpon|Horn Leech|p1b: Heatran\n|-resisted|p1b: Heatran\n|-damage|p1b: Heatran|45\/100\n|-heal|p2a: Ogerpon|71\/100|[from] drain|[of] p1b: Heatran\n|move|p1b: Heatran|Earth Power|p2a: Ogerpon\n|-supereffective|p2a: Ogerpon\n|-damage|p2a: Ogerpon|0 fnt\n|faint|p2a: Ogerpon\n|\n|-heal|p2b: Flutter Mane|50\/100|[from] Grassy Terrain\n|-heal|p1b: Heatran|51\/100|[from] Grassy Terrain\n|upkeep\n|turn|14\n|\n|t:|1698969387\n|move|p2b: Flutter Mane|Shadow Ball|p1b: Heatran\n|-damage|p1b: Heatran|15\/100\n|move|p1b: Heatran|Flash Cannon|p2b: Flutter Mane\n|-supereffective|p2b: Flutter Mane\n|-damage|p2b: Flutter Mane|0 fnt\n|faint|p2b: Flutter Mane\n|-end|p2b: Flutter Mane|Protosynthesis|[silent]\n|\n|win|Iygvyi\n|n|\u2606Iygvyi|iygvyi\n|n|\u2606Anna's songbird|annassongbird\n|n| ButWhyThough_2|butwhythough2\n|n| RelicanthPrimal<><|relicanthprimal\n|l| ButWhyThough_2\n|l|\u2606Anna's songbird\n","uploadtime":1698969392,"views":25,"p1id":"iygvyi","p2id":"annassongbird","formatid":"gen9doublesou","rating":0,"private":0,"password":""}