{"id":"gen9doublesou-1996851688","p1":"S733LH34R7","p2":"REmulations","format":"[Gen 9] Doubles OU","log":"|j|\u2606S733LH34R7\n|j|\u2606REmulations\n|t:|1700735443\n|gametype|doubles\n|player|p1|S733LH34R7|drayden|1142\n|player|p2|REmulations|zinnia|1186\n|teamsize|p1|6\n|teamsize|p2|6\n|gen|9\n|tier|[Gen 9] Doubles OU\n|rated|\n|rule|Species Clause: Limit one of each Pok\u00e9mon\n|rule|OHKO Clause: OHKO moves are banned\n|rule|Evasion Moves Clause: Evasion moves are banned\n|rule|Gravity Sleep Clause: The combination of sleep-inducing moves with imperfect accuracy and Gravity or Gigantamax Orbeetle are banned\n|rule|Endless Battle Clause: Forcing endless battles is banned\n|rule|HP Percentage Mod: HP is shown in percentages\n|clearpoke\n|poke|p1|Haxorus, M|\n|poke|p1|Dragonite, F|\n|poke|p1|Garchomp, M|\n|poke|p1|Regidrago|\n|poke|p1|Hydreigon, M|\n|poke|p1|Goodra-Hisui, F|\n|poke|p2|Ogerpon-Wellspring, F|\n|poke|p2|Pelipper, F|\n|poke|p2|Palafin, F|\n|poke|p2|Grimmsnarl, M|\n|poke|p2|Flutter Mane|\n|poke|p2|Amoonguss, F|\n|teampreview\n|inactive|Battle timer is ON: inactive players will automatically lose when time's up. (requested by REmulations)\n|\n|t:|1700735461\n|start\n|switch|p1a: Haxorus|Haxorus, M, shiny|100\/100\n|switch|p1b: Dragonite|Dragonite, F|100\/100\n|switch|p2a: Pelipper|Pelipper, F|100\/100\n|switch|p2b: Grimmsnarl|Grimmsnarl, M|100\/100\n|-ability|p1a: Haxorus|Mold Breaker\n|-weather|RainDance|[from] ability: Drizzle|[of] p2a: Pelipper\n|turn|1\n|\n|t:|1700735476\n|-terastallize|p1a: Haxorus|Rock\n|move|p2b: Grimmsnarl|Reflect|p2b: Grimmsnarl\n|-sidestart|p2: REmulations|Reflect\n|move|p1a: Haxorus|Dragon Dance|p1a: Haxorus\n|-boost|p1a: Haxorus|atk|1\n|-boost|p1a: Haxorus|spe|1\n|move|p1b: Dragonite|Agility|p1b: Dragonite\n|-boost|p1b: Dragonite|spe|2\n|move|p2a: Pelipper|Tailwind|p2a: Pelipper\n|-sidestart|p2: REmulations|move: Tailwind\n|\n|-weather|RainDance|[upkeep]\n|upkeep\n|turn|2\n|\n|t:|1700735498\n|move|p2b: Grimmsnarl|Parting Shot|p1a: Haxorus\n|-unboost|p1a: Haxorus|atk|1\n|-unboost|p1a: Haxorus|spa|1\n|\n|t:|1700735505\n|switch|p2b: Flutter Mane|Flutter Mane|100\/100|[from] Parting Shot\n|-enditem|p2b: Flutter Mane|Booster Energy\n|-activate|p2b: Flutter Mane|ability: Protosynthesis|[fromitem]\n|-start|p2b: Flutter Mane|protosynthesisspe\n|move|p1b: Dragonite|Rock Slide|p2a: Pelipper|[spread] p2a,p2b\n|-supereffective|p2a: Pelipper\n|-damage|p2a: Pelipper|77\/100\n|-damage|p2b: Flutter Mane|67\/100\n|move|p1a: Haxorus|Rock Slide|p2b: Flutter Mane|[spread] p2a,p2b\n|-supereffective|p2a: Pelipper\n|-damage|p2a: Pelipper|45\/100\n|-damage|p2b: Flutter Mane|16\/100\n|move|p2a: Pelipper|Hurricane|p1a: Haxorus\n|-resisted|p1a: Haxorus\n|-damage|p1a: Haxorus|72\/100\n|\n|-weather|RainDance|[upkeep]\n|upkeep\n|turn|3\n|\n|t:|1700735527\n|switch|p1a: Goodra|Goodra-Hisui, F|100\/100\n|move|p2a: Pelipper|Helping Hand|p2b: Flutter Mane\n|-singleturn|p2b: Flutter Mane|Helping Hand|[of] p2a: Pelipper\n|move|p2b: Flutter Mane|Dazzling Gleam|p1a: Goodra|[spread] p1a,p1b\n|-supereffective|p1b: Dragonite\n|-damage|p1a: Goodra|75\/100\n|-damage|p1b: Dragonite|49\/100\n|-enditem|p1b: Dragonite|Weakness Policy\n|-boost|p1b: Dragonite|atk|2|[from] item: Weakness Policy\n|-boost|p1b: Dragonite|spa|2|[from] item: Weakness Policy\n|move|p1b: Dragonite|Rock Slide|p2b: Flutter Mane|[spread] p2a,p2b\n|-supereffective|p2a: Pelipper\n|-damage|p2a: Pelipper|0 fnt\n|-damage|p2b: Flutter Mane|0 fnt\n|faint|p2a: Pelipper\n|faint|p2b: Flutter Mane\n|-end|p2b: Flutter Mane|Protosynthesis|[silent]\n|\n|-weather|RainDance|[upkeep]\n|-heal|p1a: Goodra|82\/100|[from] item: Leftovers\n|upkeep\n|\n|t:|1700735544\n|switch|p2b: Grimmsnarl|Grimmsnarl, M|100\/100\n|switch|p2a: Ogerpon|Ogerpon-Wellspring, F|100\/100\n|turn|4\n|\n|t:|1700735562\n|move|p2a: Ogerpon|Ivy Cudgel|p1b: Dragonite|[anim] Ivy Cudgel Water\n|-resisted|p1b: Dragonite\n|-damage|p1b: Dragonite|2\/100\n|move|p1b: Dragonite|Rock Slide|p2a: Ogerpon|[spread] p2a,p2b\n|-damage|p2a: Ogerpon|61\/100\n|-damage|p2b: Grimmsnarl|62\/100\n|move|p2b: Grimmsnarl|Spirit Break|p1b: Dragonite\n|-supereffective|p1b: Dragonite\n|-damage|p1b: Dragonite|0 fnt\n|faint|p1b: Dragonite\n|move|p1a: Goodra|Life Dew|p1a: Goodra\n|-heal|p1a: Goodra|100\/100\n|\n|-weather|RainDance|[upkeep]\n|-sideend|p2: REmulations|move: Tailwind\n|upkeep\n|\n|t:|1700735580\n|switch|p1b: Regidrago|Regidrago|100\/100\n|turn|5\n|\n|t:|1700735598\n|move|p1b: Regidrago|Dragon Energy|p2a: Ogerpon|[spread] p2a\n|-immune|p2b: Grimmsnarl\n|-damage|p2a: Ogerpon|0 fnt\n|faint|p2a: Ogerpon\n|move|p2b: Grimmsnarl|Spirit Break|p1b: Regidrago\n|-supereffective|p1b: Regidrago\n|-damage|p1b: Regidrago|39\/100\n|-unboost|p1b: Regidrago|spa|1\n|move|p1a: Goodra|Flash Cannon|p2b: Grimmsnarl\n|-supereffective|p2b: Grimmsnarl\n|-damage|p2b: Grimmsnarl|18\/100\n|\n|-weather|RainDance|[upkeep]\n|upkeep\n|\n|t:|1700735604\n|switch|p2a: Palafin|Palafin, F|100\/100\n|turn|6\n|\n|t:|1700735621\n|switch|p1b: Garchomp|Garchomp, M|100\/100\n|move|p2a: Palafin|Flip Turn|p1b: Garchomp\n|-damage|p1b: Garchomp|74\/100\n|-damage|p2a: Palafin|88\/100|[from] ability: Rough Skin|[of] p1b: Garchomp\n|\n|t:|1700735630\n|detailschange|p2a: Palafin|Palafin-Hero, F\n|switch|p2a: Amoonguss|Amoonguss, F|100\/100|[from] Flip Turn\n|move|p2b: Grimmsnarl|Spirit Break|p1b: Garchomp\n|-supereffective|p1b: Garchomp\n|-damage|p1b: Garchomp|22\/100\n|-unboost|p1b: Garchomp|spa|1\n|-damage|p2b: Grimmsnarl|5\/100|[from] ability: Rough Skin|[of] p1b: Garchomp\n|move|p1a: Goodra|Flash Cannon|p2b: Grimmsnarl\n|-supereffective|p2b: Grimmsnarl\n|-damage|p2b: Grimmsnarl|0 fnt\n|faint|p2b: Grimmsnarl\n|\n|-weather|RainDance|[upkeep]\n|-heal|p1b: Garchomp|28\/100|[from] item: Leftovers\n|upkeep\n|\n|t:|1700735640\n|switch|p2b: Palafin|Palafin-Hero, F|88\/100\n|-activate|p2b: Palafin|ability: Zero to Hero\n|turn|7\n|\n|t:|1700735661\n|move|p2b: Palafin|Jet Punch|p1b: Garchomp\n|-crit|p1b: Garchomp\n|-damage|p1b: Garchomp|0 fnt\n|-damage|p2b: Palafin|76\/100|[from] ability: Rough Skin|[of] p1b: Garchomp\n|faint|p1b: Garchomp\n|move|p1a: Goodra|Flash Cannon|p2a: Amoonguss\n|-damage|p2a: Amoonguss|79\/100\n|-unboost|p2a: Amoonguss|spd|1\n|move|p2a: Amoonguss|Spore|p1a: Goodra\n|-ability|p1a: Goodra|Sap Sipper|boost\n|-boost|p1a: Goodra|atk|1\n|\n|-weather|RainDance|[upkeep]\n|-heal|p2b: Palafin|82\/100|[from] item: Leftovers\n|upkeep\n|inactive|S733LH34R7 has 120 seconds left.\n|\n|t:|1700735679\n|switch|p1b: Hydreigon|Hydreigon, M|100\/100\n|turn|8\n|c|\u2606REmulations|im gettin the rope\n|\n|t:|1700735691\n|move|p2b: Palafin|Drain Punch|p1a: Goodra\n|-supereffective|p1a: Goodra\n|-damage|p1a: Goodra|38\/100\n|-heal|p2b: Palafin|100\/100|[from] drain|[of] p1a: Goodra\n|move|p1b: Hydreigon|Tailwind|p1b: Hydreigon\n|-sidestart|p1: S733LH34R7|move: Tailwind\n|move|p1a: Goodra|Acid Spray|p2a: Amoonguss\n|-damage|p2a: Amoonguss|69\/100\n|-unboost|p2a: Amoonguss|spd|2\n|move|p2a: Amoonguss|Spore|p1b: Hydreigon\n|-status|p1b: Hydreigon|slp|[from] move: Spore\n|\n|-weather|none\n|-heal|p1a: Goodra|44\/100|[from] item: Leftovers\n|-sideend|p2: REmulations|Reflect\n|upkeep\n|turn|9\n|\n|t:|1700735714\n|switch|p1b: Haxorus|Haxorus, M, shiny, tera:Rock|72\/100\n|-ability|p1b: Haxorus|Mold Breaker\n|move|p2b: Palafin|Drain Punch|p1a: Goodra\n|-supereffective|p1a: Goodra\n|-damage|p1a: Goodra|0 fnt\n|faint|p1a: Goodra\n|move|p2a: Amoonguss|Rain Dance|p2a: Amoonguss\n|-weather|RainDance\n|\n|-weather|RainDance|[upkeep]\n|upkeep\n|\n|t:|1700735727\n|switch|p1a: Regidrago|Regidrago|39\/100\n|turn|10\n|\n|t:|1700735743\n|move|p2b: Palafin|Jet Punch|p1b: Haxorus\n|-supereffective|p1b: Haxorus\n|-damage|p1b: Haxorus|0 fnt\n|faint|p1b: Haxorus\n|move|p1a: Regidrago|Dragon Pulse|p2b: Palafin\n|-damage|p2b: Palafin|37\/100\n|move|p2a: Amoonguss|Spore|p1a: Regidrago\n|-status|p1a: Regidrago|slp|[from] move: Spore\n|\n|-weather|RainDance|[upkeep]\n|-heal|p2b: Palafin|43\/100|[from] item: Leftovers\n|upkeep\n|-message|S733LH34R7 forfeited.\n|\n|win|REmulations\n|raw|S733LH34R7's rating: 1142 &rarr; <strong>1120<\/strong><br \/>(-22 for losing)\n|raw|REmulations's rating: 1186 &rarr; <strong>1208<\/strong><br \/>(+22 for winning)\n|l|\u2606S733LH34R7\n","uploadtime":1700735766,"views":14,"p1id":"s733lh34r7","p2id":"remulations","formatid":"gen9doublesou","rating":1120,"private":0,"password":""}