{"id":"gen9doublesou-1967878176","p1":"Vance1320","p2":"Sargenbob","format":"[Gen 9] Doubles OU","log":"|html|<div class=\"broadcast-blue\"><strong>[Gen 9] Doubles OU is currently suspecting Basculegion & Flutter Mane! For information on how to participate check out the <a href=\"https:\/\/www.smogon.com\/forums\/threads\/np-sv-dou-stage-8-double-trouble.3729153\/\">suspect thread<\/a>.<\/strong><\/div>\n|j|\u2606Vance1320\n|j|\u2606Sargenbob\n|t:|1697351138\n|gametype|doubles\n|player|p1|Vance1320|265|1072\n|player|p2|Sargenbob|red|1103\n|teamsize|p1|6\n|teamsize|p2|6\n|gen|9\n|tier|[Gen 9] Doubles OU\n|rated|\n|rule|Species Clause: Limit one of each Pok\u00e9mon\n|rule|OHKO Clause: OHKO moves are banned\n|rule|Evasion Moves Clause: Evasion moves are banned\n|rule|Gravity Sleep Clause: The combination of sleep-inducing moves with imperfect accuracy and Gravity or Gigantamax Orbeetle are banned\n|rule|Endless Battle Clause: Forcing endless battles is banned\n|rule|HP Percentage Mod: HP is shown in percentages\n|clearpoke\n|poke|p1|Golem-Alola, F|\n|poke|p1|Talonflame, M|\n|poke|p1|Empoleon, F|\n|poke|p1|Ogerpon, F|\n|poke|p1|Ceruledge, M|\n|poke|p1|Slowbro-Galar, F|\n|poke|p2|Greninja-*, F|\n|poke|p2|Politoed, M|\n|poke|p2|Rillaboom, F|\n|poke|p2|Rotom-Wash|\n|poke|p2|Toxapex, M|\n|poke|p2|Gastrodon, M|\n|teampreview\n|inactive|Battle timer is ON: inactive players will automatically lose when time's up. (requested by Sargenbob)\n|\n|t:|1697351157\n|start\n|switch|p1a: Slowbro|Slowbro-Galar, F|100\/100\n|switch|p1b: Talonflame|Talonflame, M|100\/100\n|switch|p2a: Bubble Gumz|Politoed, M, shiny|100\/100\n|switch|p2b: Koga|Greninja, F, shiny|100\/100\n|-weather|RainDance|[from] ability: Drizzle|[of] p2a: Bubble Gumz\n|turn|1\n|\n|t:|1697351185\n|move|p2b: Koga|Water Shuriken|p1b: Talonflame\n|-supereffective|p1b: Talonflame\n|-damage|p1b: Talonflame|64\/100\n|-supereffective|p1b: Talonflame\n|-damage|p1b: Talonflame|31\/100\n|-supereffective|p1b: Talonflame\n|-damage|p1b: Talonflame|0 fnt\n|faint|p1b: Talonflame\n|-hitcount|p1: Talonflame|3\n|move|p2a: Bubble Gumz|Weather Ball|p1a: Slowbro\n|-damage|p1a: Slowbro|22\/100\n|move|p1a: Slowbro|Trick Room|p1a: Slowbro\n|-fieldstart|move: Trick Room|[of] p1a: Slowbro\n|\n|-weather|RainDance|[upkeep]\n|upkeep\n|inactive|Vance1320 has 120 seconds left.\n|\n|t:|1697351204\n|switch|p1b: Golem|Golem-Alola, F|100\/100\n|turn|2\n|\n|t:|1697351219\n|move|p2b: Koga|Water Shuriken|p1a: Slowbro\n|-damage|p1a: Slowbro|10\/100\n|-damage|p1a: Slowbro|0 fnt\n|faint|p1a: Slowbro\n|-hitcount|p1: Slowbro|2\n|move|p1b: Golem|Facade|p2b: Koga\n|-supereffective|p2b: Koga\n|-damage|p2b: Koga|0 fnt\n|faint|p2b: Koga\n|move|p2a: Bubble Gumz|Weather Ball|p1b: Golem\n|-supereffective|p1b: Golem\n|-damage|p1b: Golem|0 fnt\n|faint|p1b: Golem\n|\n|-weather|RainDance|[upkeep]\n|upkeep\n|\n|t:|1697351235\n|switch|p1b: Ceruledge|Ceruledge, M|100\/100\n|switch|p1a: Empoleon|Empoleon, F|100\/100\n|switch|p2b: Tank|Toxapex, M, shiny|100\/100\n|turn|3\n|\n|t:|1697351254\n|switch|p2b: Slugz|Gastrodon, M, shiny|100\/100\n|move|p1a: Empoleon|Grass Knot|p2a: Bubble Gumz\n|-supereffective|p2a: Bubble Gumz\n|-damage|p2a: Bubble Gumz|62\/100\n|move|p1b: Ceruledge|Psycho Cut|p2b: Slugz\n|-damage|p2b: Slugz|58\/100\n|move|p2a: Bubble Gumz|Weather Ball|p2b: Slugz\n|-activate|p2b: Slugz|ability: Storm Drain\n|-ability|p2b: Slugz|Storm Drain|boost\n|-boost|p2b: Slugz|spa|1\n|\n|-weather|RainDance|[upkeep]\n|-heal|p2b: Slugz|65\/100|[from] item: Leftovers\n|upkeep\n|turn|4\n|\n|t:|1697351271\n|move|p1a: Empoleon|Grass Knot|p2b: Slugz\n|-supereffective|p2b: Slugz\n|-damage|p2b: Slugz|12\/100\n|move|p2b: Slugz|Earth Power|p1b: Ceruledge\n|-supereffective|p1b: Ceruledge\n|-damage|p1b: Ceruledge|13\/100\n|move|p1b: Ceruledge|Psycho Cut|p2a: Bubble Gumz\n|-damage|p2a: Bubble Gumz|17\/100\n|move|p2a: Bubble Gumz|Focus Blast|p1a: Empoleon\n|-supereffective|p1a: Empoleon\n|-damage|p1a: Empoleon|35\/100\n|\n|-weather|RainDance|[upkeep]\n|-heal|p1a: Empoleon|42\/100|[from] item: Leftovers\n|-heal|p2b: Slugz|18\/100|[from] item: Leftovers\n|upkeep\n|turn|5\n|\n|t:|1697351292\n|switch|p2a: Donkey Kong|Rillaboom, F, shiny|100\/100\n|-fieldstart|move: Grassy Terrain|[from] ability: Grassy Surge|[of] p2a: Donkey Kong\n|move|p1a: Empoleon|Grass Knot|p2b: Slugz\n|-supereffective|p2b: Slugz\n|-damage|p2b: Slugz|0 fnt\n|faint|p2b: Slugz\n|move|p1b: Ceruledge|Psycho Cut|p2a: Donkey Kong\n|-damage|p2a: Donkey Kong|61\/100\n|\n|-weather|RainDance|[upkeep]\n|-heal|p1a: Empoleon|48\/100|[from] Grassy Terrain\n|-heal|p1a: Empoleon|54\/100|[from] item: Leftovers\n|-heal|p1b: Ceruledge|20\/100|[from] Grassy Terrain\n|-heal|p2a: Donkey Kong|67\/100|[from] Grassy Terrain\n|-fieldend|move: Trick Room\n|upkeep\n|\n|t:|1697351300\n|switch|p2b: Bubble Gumz|Politoed, M, shiny|17\/100\n|turn|6\n|\n|t:|1697351328\n|move|p2a: Donkey Kong|Grassy Glide|p1a: Empoleon\n|-damage|p1a: Empoleon|13\/100\n|move|p2b: Bubble Gumz|Weather Ball|p1b: Ceruledge\n|-supereffective|p1b: Ceruledge\n|-damage|p1b: Ceruledge|0 fnt\n|faint|p1b: Ceruledge\n|move|p1a: Empoleon|Flash Cannon|p2a: Donkey Kong\n|-damage|p2a: Donkey Kong|18\/100\n|\n|-weather|RainDance|[upkeep]\n|-heal|p2a: Donkey Kong|24\/100|[from] Grassy Terrain\n|-heal|p2b: Bubble Gumz|23\/100|[from] Grassy Terrain\n|-heal|p1a: Empoleon|19\/100|[from] Grassy Terrain\n|-heal|p1a: Empoleon|25\/100|[from] item: Leftovers\n|upkeep\n|inactive|Vance1320 has 120 seconds left.\n|\n|t:|1697351342\n|switch|p1b: Ogerpon|Ogerpon, F|100\/100\n|turn|7\n|\n|t:|1697351362\n|-terastallize|p1b: Ogerpon|Grass\n|detailschange|p1b: Ogerpon|Ogerpon-Teal-Tera, F, tera:Grass\n|-ability|p1b: Ogerpon|Embody Aspect (Teal)|boost\n|-boost|p1b: Ogerpon|spe|1\n|move|p2a: Donkey Kong|Grassy Glide|p1a: Empoleon\n|-damage|p1a: Empoleon|0 fnt\n|faint|p1a: Empoleon\n|move|p1b: Ogerpon|Ivy Cudgel|p2b: Bubble Gumz\n|-supereffective|p2b: Bubble Gumz\n|-damage|p2b: Bubble Gumz|0 fnt\n|faint|p2b: Bubble Gumz\n|-damage|p1b: Ogerpon|91\/100|[from] item: Life Orb\n|\n|-weather|RainDance|[upkeep]\n|-heal|p1b: Ogerpon|97\/100|[from] Grassy Terrain\n|-heal|p2a: Donkey Kong|30\/100|[from] Grassy Terrain\n|upkeep\n|\n|t:|1697351372\n|switch|p2b: Tank|Toxapex, M, shiny|100\/100\n|turn|8\n|\n|t:|1697351379\n|move|p1b: Ogerpon|Spiky Shield|p1b: Ogerpon\n|-singleturn|p1b: Ogerpon|move: Protect\n|move|p2a: Donkey Kong|Knock Off|p1b: Ogerpon\n|-activate|p1b: Ogerpon|move: Protect\n|-damage|p2a: Donkey Kong|17\/100|[from] Spiky Shield|[of] p1b: Ogerpon\n|move|p2b: Tank|Toxic|p1b: Ogerpon\n|-activate|p1b: Ogerpon|move: Protect\n|\n|-weather|none\n|-heal|p1b: Ogerpon|100\/100|[from] Grassy Terrain\n|-heal|p2a: Donkey Kong|23\/100|[from] Grassy Terrain\n|upkeep\n|turn|9\n|\n|t:|1697351393\n|move|p1b: Ogerpon|Ivy Cudgel|p2b: Tank\n|-damage|p2b: Tank|28\/100\n|-damage|p1b: Ogerpon|91\/100|[from] item: Life Orb\n|move|p2a: Donkey Kong|Knock Off|p1b: Ogerpon\n|-damage|p1b: Ogerpon|43\/100\n|-enditem|p1b: Ogerpon|Life Orb|[from] move: Knock Off|[of] p2a: Donkey Kong\n|move|p2b: Tank|Toxic|p1b: Ogerpon\n|-status|p1b: Ogerpon|tox\n|\n|-heal|p1b: Ogerpon|49\/100 tox|[from] Grassy Terrain\n|-heal|p2a: Donkey Kong|30\/100|[from] Grassy Terrain\n|-heal|p2b: Tank|34\/100|[from] Grassy Terrain\n|-heal|p2b: Tank|40\/100|[from] item: Leftovers\n|-damage|p1b: Ogerpon|43\/100 tox|[from] psn\n|upkeep\n|turn|10\n|\n|t:|1697351408\n|move|p1b: Ogerpon|Ivy Cudgel|p2b: Tank\n|-damage|p2b: Tank|0 fnt\n|faint|p2b: Tank\n|move|p2a: Donkey Kong|Drain Punch|p1b: Ogerpon\n|-damage|p1b: Ogerpon|8\/100 tox\n|-heal|p2a: Donkey Kong|43\/100|[from] drain|[of] p1b: Ogerpon\n|\n|-heal|p1b: Ogerpon|14\/100 tox|[from] Grassy Terrain\n|-heal|p2a: Donkey Kong|49\/100|[from] Grassy Terrain\n|-damage|p1b: Ogerpon|2\/100 tox|[from] psn\n|upkeep\n|\n|t:|1697351418\n|switch|p2b: Vico|Rotom-Wash, shiny|100\/100\n|turn|11\n|\n|t:|1697351423\n|move|p2b: Vico|Protect|p2b: Vico\n|-singleturn|p2b: Vico|Protect\n|move|p1b: Ogerpon|Ivy Cudgel|p2b: Vico\n|-activate|p2b: Vico|move: Protect\n|move|p2a: Donkey Kong|Knock Off|p1b: Ogerpon\n|-damage|p1b: Ogerpon|0 fnt\n|faint|p1b: Ogerpon\n|\n|win|Sargenbob\n|raw|Vance1320's rating: 1072 &rarr; <strong>1053<\/strong><br \/>(-19 for losing)\n|raw|Sargenbob's rating: 1103 &rarr; <strong>1126<\/strong><br \/>(+23 for winning)\n|l|\u2606Vance1320\n|c|\u2606Sargenbob|gg\n","uploadtime":1697351436,"views":21,"p1id":"vance1320","p2id":"sargenbob","formatid":"gen9doublesou","rating":1053,"private":0,"password":""}