{"id":"gen9doublesou-1995036271","p1":"TheRealYardSard","p2":"Schister","format":"[Gen 9] Doubles OU","log":"|j|\u2606TheRealYardSard\n|j|\u2606Schister\n|t:|1700515725\n|gametype|doubles\n|player|p1|TheRealYardSard|lucian|1586\n|player|p2|Schister|clair|1687\n|teamsize|p1|6\n|teamsize|p2|6\n|gen|9\n|tier|[Gen 9] Doubles OU\n|rated|\n|rule|Species Clause: Limit one of each Pok\u00e9mon\n|rule|OHKO Clause: OHKO moves are banned\n|rule|Evasion Moves Clause: Evasion moves are banned\n|rule|Gravity Sleep Clause: The combination of sleep-inducing moves with imperfect accuracy and Gravity or Gigantamax Orbeetle are banned\n|rule|Endless Battle Clause: Forcing endless battles is banned\n|rule|HP Percentage Mod: HP is shown in percentages\n|clearpoke\n|poke|p1|Rillaboom, F|\n|poke|p1|Ursaluna, F|\n|poke|p1|Cresselia, F|\n|poke|p1|Volcanion|\n|poke|p1|Flutter Mane|\n|poke|p1|Kleavor, F|\n|poke|p2|Primeape, F|\n|poke|p2|Chansey, F|\n|poke|p2|Clefairy, M|\n|poke|p2|Sneasel-Hisui, F|\n|poke|p2|Qwilfish-Hisui, F|\n|poke|p2|Piloswine, F|\n|teampreview\n|inactive|Battle timer is ON: inactive players will automatically lose when time's up. (requested by Schister)\n|inactive|TheRealYardSard also wants the timer to be on.\n|c|\u2606TheRealYardSard|Terrifying\n|\n|t:|1700515743\n|start\n|switch|p1a: Bongo Bongo|Rillaboom, F|100\/100\n|switch|p1b: Slap chop|Kleavor, F|100\/100\n|switch|p2a: Sneasel|Sneasel-Hisui, F|100\/100\n|switch|p2b: Qwilfish|Qwilfish-Hisui, F|100\/100\n|-fieldstart|move: Grassy Terrain|[from] ability: Grassy Surge|[of] p1a: Bongo Bongo\n|-ability|p2b: Qwilfish|Intimidate|boost\n|-unboost|p1a: Bongo Bongo|atk|1\n|-unboost|p1b: Slap chop|atk|1\n|turn|1\n|c|\u2606Schister|what the goob\n|\n|t:|1700515758\n|move|p2a: Sneasel|Fake Out|p1b: Slap chop\n|-resisted|p1b: Slap chop\n|-damage|p1b: Slap chop|94\/100\n|move|p1a: Bongo Bongo|Fake Out|p2a: Sneasel\n|-damage|p2a: Sneasel|79\/100\n|cant|p1b: Slap chop|flinch\n|move|p2b: Qwilfish|Toxic Spikes|p1a: Bongo Bongo\n|-sidestart|p1: TheRealYardSard|move: Toxic Spikes\n|\n|-heal|p1b: Slap chop|99\/100|[from] Grassy Terrain\n|-heal|p2a: Sneasel|85\/100|[from] Grassy Terrain\n|upkeep\n|turn|2\n|c|\u2606TheRealYardSard|What\u2019s the theme\n|\n|t:|1700515778\n|switch|p1a: Ring-a-ding|Volcanion|100\/100\n|-status|p1a: Ring-a-ding|psn\n|move|p1b: Slap chop|Stone Axe|p2b: Qwilfish\n|-damage|p2b: Qwilfish|73\/100\n|-sidestart|p2: Schister|move: Stealth Rock\n|move|p2a: Sneasel|Gunk Shot|p1a: Ring-a-ding\n|-damage|p1a: Ring-a-ding|61\/100 psn\n|move|p2b: Qwilfish|Barb Barrage|p1b: Slap chop\n|-resisted|p1b: Slap chop\n|-damage|p1b: Slap chop|87\/100\n|\n|-heal|p1b: Slap chop|93\/100|[from] Grassy Terrain\n|-heal|p2a: Sneasel|91\/100|[from] Grassy Terrain\n|-heal|p2b: Qwilfish|79\/100|[from] Grassy Terrain\n|-heal|p1a: Ring-a-ding|67\/100 psn|[from] Grassy Terrain\n|-damage|p1a: Ring-a-ding|54\/100 psn|[from] psn\n|upkeep\n|turn|3\n|\n|t:|1700515792\n|switch|p1b: Ol\u2019 Switcheroo|Cresselia, F|100\/100\n|move|p2a: Sneasel|Protect|p2a: Sneasel\n|-singleturn|p2a: Sneasel|Protect\n|move|p2b: Qwilfish|Barb Barrage|p1a: Ring-a-ding\n|-damage|p1a: Ring-a-ding|22\/100 psn\n|move|p1a: Ring-a-ding|Earth Power|p2b: Qwilfish\n|-supereffective|p2b: Qwilfish\n|-damage|p2b: Qwilfish|33\/100\n|-unboost|p2b: Qwilfish|spd|1\n|\n|-heal|p2a: Sneasel|97\/100|[from] Grassy Terrain\n|-heal|p2b: Qwilfish|39\/100|[from] Grassy Terrain\n|-heal|p1a: Ring-a-ding|28\/100 psn|[from] Grassy Terrain\n|-damage|p1a: Ring-a-ding|16\/100 psn|[from] psn\n|upkeep\n|turn|4\n|\n|t:|1700515810\n|move|p2a: Sneasel|Close Combat|p1a: Ring-a-ding\n|-damage|p1a: Ring-a-ding|0 fnt\n|-unboost|p2a: Sneasel|def|1\n|-unboost|p2a: Sneasel|spd|1\n|faint|p1a: Ring-a-ding\n|move|p2b: Qwilfish|Taunt|p1b: Ol\u2019 Switcheroo\n|-start|p1b: Ol\u2019 Switcheroo|move: Taunt\n|cant|p1b: Ol\u2019 Switcheroo|move: Taunt|Trick Room\n|\n|-heal|p2a: Sneasel|100\/100|[from] Grassy Terrain\n|-heal|p2b: Qwilfish|45\/100|[from] Grassy Terrain\n|upkeep\n|\n|t:|1700515823\n|switch|p1a: Somehow Legal|Flutter Mane|100\/100\n|-status|p1a: Somehow Legal|psn\n|turn|5\n|\n|t:|1700515834\n|-terastallize|p1a: Somehow Legal|Fairy\n|move|p2a: Sneasel|Gunk Shot|p1a: Somehow Legal\n|-supereffective|p1a: Somehow Legal\n|-damage|p1a: Somehow Legal|0 fnt\n|faint|p1a: Somehow Legal\n|-end|p1a: Somehow Legal|Protosynthesis|[silent]\n|move|p2b: Qwilfish|Destiny Bond|p2b: Qwilfish\n|-singlemove|p2b: Qwilfish|Destiny Bond\n|move|p1b: Ol\u2019 Switcheroo|Psychic|p2a: Sneasel\n|-supereffective|p2a: Sneasel\n|-enditem|p2a: Sneasel|Focus Sash\n|-damage|p2a: Sneasel|1\/100\n|\n|-heal|p2a: Sneasel|7\/100|[from] Grassy Terrain\n|-heal|p2b: Qwilfish|51\/100|[from] Grassy Terrain\n|-fieldend|move: Grassy Terrain\n|upkeep\n|\n|t:|1700515843\n|switch|p1a: Slap chop|Kleavor, F|93\/100\n|-status|p1a: Slap chop|psn\n|turn|6\n|\n|t:|1700515859\n|switch|p1b: Bongo Bongo|Rillaboom, F|100\/100\n|-status|p1b: Bongo Bongo|psn\n|-fieldstart|move: Grassy Terrain|[from] ability: Grassy Surge|[of] p1b: Bongo Bongo\n|move|p1a: Slap chop|Stone Axe|p2a: Sneasel\n|-resisted|p2a: Sneasel\n|-crit|p2a: Sneasel\n|-damage|p2a: Sneasel|0 fnt\n|faint|p2a: Sneasel\n|move|p2b: Qwilfish|Barb Barrage|p1b: Bongo Bongo\n|-supereffective|p1b: Bongo Bongo\n|-damage|p1b: Bongo Bongo|28\/100 psn\n|\n|-heal|p1a: Slap chop|99\/100 psn|[from] Grassy Terrain\n|-heal|p2b: Qwilfish|57\/100|[from] Grassy Terrain\n|-heal|p1b: Bongo Bongo|34\/100 psn|[from] Grassy Terrain\n|-damage|p1a: Slap chop|87\/100 psn|[from] psn\n|-damage|p1b: Bongo Bongo|22\/100 psn|[from] psn\n|upkeep\n|\n|t:|1700515870\n|switch|p2a: Primeape|Primeape, F|100\/100\n|-damage|p2a: Primeape|94\/100|[from] Stealth Rock\n|turn|7\n|\n|t:|1700515879\n|move|p1a: Slap chop|Stone Axe|p2b: Qwilfish\n|-damage|p2b: Qwilfish|20\/100\n|move|p2a: Primeape|Bulk Up|p2a: Primeape\n|-boost|p2a: Primeape|atk|1\n|-boost|p2a: Primeape|def|1\n|move|p1b: Bongo Bongo|Wood Hammer|p2a: Primeape\n|-damage|p2a: Primeape|36\/100\n|-damage|p1b: Bongo Bongo|6\/100 psn|[from] Recoil\n|move|p2b: Qwilfish|Barb Barrage|p1b: Bongo Bongo\n|-supereffective|p1b: Bongo Bongo\n|-damage|p1b: Bongo Bongo|0 fnt\n|faint|p1b: Bongo Bongo\n|\n|-heal|p1a: Slap chop|93\/100 psn|[from] Grassy Terrain\n|-heal|p2a: Primeape|42\/100|[from] Grassy Terrain\n|-heal|p2b: Qwilfish|26\/100|[from] Grassy Terrain\n|-damage|p1a: Slap chop|81\/100 psn|[from] psn\n|upkeep\n|\n|t:|1700515887\n|switch|p1b: Ol\u2019 Switcheroo|Cresselia, F|100\/100\n|turn|8\n|\n|t:|1700515902\n|-terastallize|p2a: Primeape|Ghost\n|move|p1a: Slap chop|Stone Axe|p2b: Qwilfish\n|-damage|p2b: Qwilfish|0 fnt\n|faint|p2b: Qwilfish\n|move|p2a: Primeape|Drain Punch|p1a: Slap chop\n|-damage|p1a: Slap chop|30\/100 psn\n|-heal|p2a: Primeape|65\/100|[from] drain|[of] p1a: Slap chop\n|move|p1b: Ol\u2019 Switcheroo|Trick Room|p1b: Ol\u2019 Switcheroo\n|-fieldstart|move: Trick Room|[of] p1b: Ol\u2019 Switcheroo\n|\n|-heal|p2a: Primeape|71\/100|[from] Grassy Terrain\n|-heal|p1a: Slap chop|36\/100 psn|[from] Grassy Terrain\n|-damage|p1a: Slap chop|24\/100 psn|[from] psn\n|upkeep\n|\n|t:|1700515914\n|switch|p2b: Clefairy|Clefairy, M|100\/100\n|-damage|p2b: Clefairy|88\/100|[from] Stealth Rock\n|turn|9\n|\n|t:|1700515926\n|move|p1b: Ol\u2019 Switcheroo|Ally Switch|p1b: Ol\u2019 Switcheroo\n|swap|p1b: Ol\u2019 Switcheroo|0|[from] move: Ally Switch\n|move|p2b: Clefairy|Life Dew|p2b: Clefairy|[spread] p2a,p2b\n|-heal|p2a: Primeape|96\/100\n|-heal|p2b: Clefairy|100\/100\n|move|p2a: Primeape|Bulk Up|p2a: Primeape\n|-boost|p2a: Primeape|atk|1\n|-boost|p2a: Primeape|def|1\n|move|p1b: Slap chop|Stone Axe|p2b: Clefairy\n|-damage|p2b: Clefairy|59\/100\n|\n|-heal|p2b: Clefairy|65\/100|[from] Grassy Terrain\n|-heal|p2a: Primeape|100\/100|[from] Grassy Terrain\n|-heal|p1b: Slap chop|30\/100 psn|[from] Grassy Terrain\n|-damage|p1b: Slap chop|18\/100 psn|[from] psn\n|upkeep\n|turn|10\n|\n|t:|1700515941\n|move|p2b: Clefairy|Cosmic Power|p2b: Clefairy\n|-boost|p2b: Clefairy|def|1\n|-boost|p2b: Clefairy|spd|1\n|move|p1a: Ol\u2019 Switcheroo|Psychic|p2b: Clefairy\n|-damage|p2b: Clefairy|51\/100\n|move|p2a: Primeape|Bulk Up|p2a: Primeape\n|-boost|p2a: Primeape|atk|1\n|-boost|p2a: Primeape|def|1\n|move|p1b: Slap chop|Stone Axe|p2b: Clefairy\n|-damage|p2b: Clefairy|23\/100\n|\n|-heal|p2b: Clefairy|29\/100|[from] Grassy Terrain\n|-heal|p1b: Slap chop|24\/100 psn|[from] Grassy Terrain\n|-damage|p1b: Slap chop|12\/100 psn|[from] psn\n|-fieldend|move: Grassy Terrain\n|upkeep\n|turn|11\n|\n|t:|1700515955\n|move|p2b: Clefairy|Life Dew||[still]|[spread] p2a,p2b\n|-fail|p2a: Primeape|heal\n|-heal|p2b: Clefairy|54\/100\n|move|p1a: Ol\u2019 Switcheroo|Psychic|p2b: Clefairy\n|-damage|p2b: Clefairy|41\/100\n|move|p2a: Primeape|Rage Fist|p1a: Ol\u2019 Switcheroo\n|-supereffective|p1a: Ol\u2019 Switcheroo\n|-damage|p1a: Ol\u2019 Switcheroo|0 fnt\n|faint|p1a: Ol\u2019 Switcheroo\n|move|p1b: Slap chop|Stone Axe|p2b: Clefairy\n|-damage|p2b: Clefairy|14\/100\n|\n|-damage|p1b: Slap chop|0 fnt|[from] psn\n|faint|p1b: Slap chop\n|upkeep\n|\n|t:|1700515959\n|switch|p1b: Freddy Fastbear|Ursaluna, F|100\/100\n|-status|p1b: Freddy Fastbear|psn\n|turn|12\n|-message|TheRealYardSard forfeited.\n|\n|win|Schister\n|raw|TheRealYardSard's rating: 1586 &rarr; <strong>1572<\/strong><br \/>(-14 for losing)\n|raw|Schister's rating: 1687 &rarr; <strong>1701<\/strong><br \/>(+14 for winning)\n|l|\u2606TheRealYardSard\n|j|\u2606TheRealYardSard\n|player|p1|TheRealYardSard|lucian\n|l|\u2606TheRealYardSard\n|player|p1|\n","uploadtime":1700515971,"views":11,"p1id":"therealyardsard","p2id":"schister","formatid":"gen9doublesou","rating":1572,"private":0,"password":""}