{"id":"gen9doublesou-1983334381","p1":"Tyranibard","p2":"gonegeb","format":"[Gen 9] Doubles OU","log":"|j|\u2606Tyranibard\n|j|\u2606gonegeb\n|t:|1699119314\n|gametype|doubles\n|player|p1|Tyranibard|juan|1270\n|player|p2|gonegeb|alain|1290\n|teamsize|p1|6\n|teamsize|p2|6\n|gen|9\n|tier|[Gen 9] Doubles OU\n|rated|\n|rule|Species Clause: Limit one of each Pok\u00e9mon\n|rule|OHKO Clause: OHKO moves are banned\n|rule|Evasion Moves Clause: Evasion moves are banned\n|rule|Gravity Sleep Clause: The combination of sleep-inducing moves with imperfect accuracy and Gravity or Gigantamax Orbeetle are banned\n|rule|Endless Battle Clause: Forcing endless battles is banned\n|rule|HP Percentage Mod: HP is shown in percentages\n|clearpoke\n|poke|p1|Empoleon, F|\n|poke|p1|Stantler, M|\n|poke|p1|Ninetales-Alola, M|\n|poke|p1|Volbeat, M|\n|poke|p1|Ogerpon-Cornerstone, F|\n|poke|p1|Sinistcha|\n|poke|p2|Lucario, M|\n|poke|p2|Umbreon, M|\n|poke|p2|Arcanine, F|\n|poke|p2|Ceruledge, M|\n|poke|p2|Maushold|\n|poke|p2|Fezandipiti, M|\n|teampreview\n|inactive|Battle timer is ON: inactive players will automatically lose when time's up. (requested by Tyranibard)\n|c|\u2606gonegeb|viable bug time\n|c|\u2606Tyranibard|lol\n|c|\u2606Tyranibard|we love volbeat\n|\n|t:|1699119340\n|start\n|switch|p1a: Ninetales|Ninetales-Alola, M|100\/100\n|switch|p1b: Ogerpon|Ogerpon-Cornerstone, F|100\/100\n|switch|p2a: Tourmaline|Fezandipiti, M|100\/100\n|switch|p2b: Howlite|Maushold|100\/100\n|-weather|Snow|[from] ability: Snow Warning|[of] p1a: Ninetales\n|turn|1\n|\n|t:|1699119363\n|move|p2b: Howlite|Taunt|p1a: Ninetales\n|-start|p1a: Ninetales|move: Taunt\n|move|p1b: Ogerpon|Ivy Cudgel|p2b: Howlite\n|-damage|p2b: Howlite|25\/100\n|-enditem|p2b: Howlite|Sitrus Berry|[eat]\n|-heal|p2b: Howlite|50\/100|[from] item: Sitrus Berry\n|-heal|p2b: Howlite|83\/100|[from] ability: Cheek Pouch\n|cant|p1a: Ninetales|move: Taunt|Aurora Veil\n|move|p2a: Tourmaline|Tailwind|p2a: Tourmaline\n|-sidestart|p2: gonegeb|move: Tailwind\n|\n|-weather|Snow|[upkeep]\n|upkeep\n|turn|2\n|\n|t:|1699119386\n|switch|p2a: Anubis|Lucario, M|100\/100\n|switch|p1a: Empoleon|Empoleon, F|100\/100\n|-terastallize|p1b: Ogerpon|Rock\n|detailschange|p1b: Ogerpon|Ogerpon-Cornerstone-Tera, F, tera:Rock\n|-ability|p1b: Ogerpon|Embody Aspect (Cornerstone)|boost\n|-boost|p1b: Ogerpon|def|1\n|move|p2b: Howlite|Beat Up|p2a: Anubis\n|-resisted|p2a: Anubis\n|-damage|p2a: Anubis|98\/100\n|-ability|p2a: Anubis|Justified|boost\n|-boost|p2a: Anubis|atk|1\n|-resisted|p2a: Anubis\n|-damage|p2a: Anubis|96\/100\n|-ability|p2a: Anubis|Justified|boost\n|-boost|p2a: Anubis|atk|1\n|-resisted|p2a: Anubis\n|-damage|p2a: Anubis|94\/100\n|-ability|p2a: Anubis|Justified|boost\n|-boost|p2a: Anubis|atk|1\n|-resisted|p2a: Anubis\n|-damage|p2a: Anubis|91\/100\n|-ability|p2a: Anubis|Justified|boost\n|-boost|p2a: Anubis|atk|1\n|-resisted|p2a: Anubis\n|-damage|p2a: Anubis|89\/100\n|-ability|p2a: Anubis|Justified|boost\n|-boost|p2a: Anubis|atk|1\n|-resisted|p2a: Anubis\n|-damage|p2a: Anubis|87\/100\n|-ability|p2a: Anubis|Justified|boost\n|-boost|p2a: Anubis|atk|1\n|-hitcount|p2a: Anubis|6\n|move|p1b: Ogerpon|Ivy Cudgel|p2b: Howlite\n|-crit|p2b: Howlite\n|-damage|p2b: Howlite|0 fnt\n|faint|p2b: Howlite\n|\n|-weather|Snow|[upkeep]\n|upkeep\n|inactive|gonegeb has 120 seconds left.\n|\n|t:|1699119416\n|switch|p2b: Obsidian|Ceruledge, M, shiny|100\/100\n|turn|3\n|\n|t:|1699119428\n|switch|p1a: Sinistcha|Sinistcha|100\/100\n|move|p2a: Anubis|Drain Punch|p1b: Ogerpon\n|-supereffective|p1b: Ogerpon\n|-damage|p1b: Ogerpon|0 fnt\n|-heal|p2a: Anubis|100\/100|[from] drain|[of] p1b: Ogerpon\n|faint|p1b: Ogerpon\n|move|p2b: Obsidian|Bulk Up|p2b: Obsidian\n|-boost|p2b: Obsidian|atk|1\n|-boost|p2b: Obsidian|def|1\n|\n|-weather|Snow|[upkeep]\n|upkeep\n|\n|t:|1699119439\n|switch|p1b: Volbeat|Volbeat, M|100\/100\n|turn|4\n|\n|t:|1699119450\n|-terastallize|p2a: Anubis|Normal\n|move|p2a: Anubis|Extreme Speed|p1b: Volbeat\n|-enditem|p1b: Volbeat|Focus Sash\n|-damage|p1b: Volbeat|1\/100\n|move|p1b: Volbeat|Thunder Wave|p2a: Anubis\n|-status|p2a: Anubis|par\n|move|p2b: Obsidian|Bitter Blade|p1a: Sinistcha\n|-supereffective|p1a: Sinistcha\n|-damage|p1a: Sinistcha|0 fnt\n|faint|p1a: Sinistcha\n|\n|-weather|Snow|[upkeep]\n|-sideend|p2: gonegeb|move: Tailwind\n|upkeep\n|\n|t:|1699119465\n|switch|p1a: Stantler|Stantler, M|100\/100\n|-ability|p1a: Stantler|Intimidate|boost\n|-unboost|p2a: Anubis|atk|1\n|-unboost|p2b: Obsidian|atk|1\n|turn|5\n|\n|t:|1699119485\n|move|p1b: Volbeat|Tailwind|p1b: Volbeat\n|-sidestart|p1: Tyranibard|move: Tailwind\n|move|p2b: Obsidian|Shadow Sneak|p1b: Volbeat\n|-damage|p1b: Volbeat|0 fnt\n|faint|p1b: Volbeat\n|move|p1a: Stantler|Lunge|p2a: Anubis\n|-damage|p2a: Anubis|74\/100 par\n|-unboost|p2a: Anubis|atk|1\n|move|p2a: Anubis|Drain Punch|p1a: Stantler\n|-supereffective|p1a: Stantler\n|-damage|p1a: Stantler|0 fnt\n|-heal|p2a: Anubis|100\/100 par|[from] drain|[of] p1a: Stantler\n|faint|p1a: Stantler\n|\n|-weather|none\n|upkeep\n|\n|t:|1699119499\n|switch|p1a: Ninetales|Ninetales-Alola, M|100\/100\n|switch|p1b: Empoleon|Empoleon, F|100\/100\n|-weather|Snow|[from] ability: Snow Warning|[of] p1a: Ninetales\n|turn|6\n|\n|t:|1699119518\n|move|p1a: Ninetales|Aurora Veil|p1a: Ninetales\n|-sidestart|p1: Tyranibard|move: Aurora Veil\n|move|p1b: Empoleon|Weather Ball|p2a: Anubis\n|-damage|p2a: Anubis|46\/100 par\n|move|p2b: Obsidian|Bitter Blade|p1a: Ninetales\n|-supereffective|p1a: Ninetales\n|-damage|p1a: Ninetales|48\/100\n|cant|p2a: Anubis|par\n|\n|-weather|Snow|[upkeep]\n|upkeep\n|turn|7\n|inactive|Tyranibard has 120 seconds left.\n|\n|t:|1699119551\n|cant|p2a: Anubis|par\n|move|p1a: Ninetales|Moonblast|p2b: Obsidian\n|-resisted|p2b: Obsidian\n|-damage|p2b: Obsidian|88\/100\n|move|p1b: Empoleon|Weather Ball|p2a: Anubis\n|-damage|p2a: Anubis|0 fnt\n|faint|p2a: Anubis\n|move|p2b: Obsidian|Bitter Blade|p1b: Empoleon\n|-damage|p1b: Empoleon|73\/100\n|-heal|p2b: Obsidian|100\/100|[from] drain|[of] p1b: Empoleon\n|\n|-weather|Snow|[upkeep]\n|upkeep\n|\n|t:|1699119565\n|switch|p2a: Tourmaline|Fezandipiti, M|100\/100\n|turn|8\n|\n|t:|1699119579\n|move|p1a: Ninetales|Freeze-Dry|p2a: Tourmaline\n|-damage|p2a: Tourmaline|78\/100\n|move|p2a: Tourmaline|Tailwind|p2a: Tourmaline\n|-sidestart|p2: gonegeb|move: Tailwind\n|move|p2b: Obsidian|Bulk Up|p2b: Obsidian\n|-boost|p2b: Obsidian|atk|1\n|-boost|p2b: Obsidian|def|1\n|move|p1b: Empoleon|Hydro Pump|p2b: Obsidian\n|-supereffective|p2b: Obsidian\n|-damage|p2b: Obsidian|26\/100\n|-enditem|p2b: Obsidian|Weakness Policy\n|-boost|p2b: Obsidian|atk|2|[from] item: Weakness Policy\n|-boost|p2b: Obsidian|spa|2|[from] item: Weakness Policy\n|\n|-weather|Snow|[upkeep]\n|-sideend|p1: Tyranibard|move: Tailwind\n|upkeep\n|turn|9\n|c|\u2606Tyranibard|and thats game\n|inactive|gonegeb has 120 seconds left.\n|\n|t:|1699119620\n|switch|p2a: Pryna|Arcanine, F, shiny|100\/100\n|-ability|p2a: Pryna|Intimidate|boost\n|-unboost|p1a: Ninetales|atk|1\n|-unboost|p1b: Empoleon|atk|1\n|-ability|p1b: Empoleon|Competitive|boost\n|-boost|p1b: Empoleon|spa|2\n|move|p2b: Obsidian|Bitter Blade|p1b: Empoleon\n|-damage|p1b: Empoleon|6\/100\n|-heal|p2b: Obsidian|61\/100|[from] drain|[of] p1b: Empoleon\n|move|p1a: Ninetales|Moonblast|p2b: Obsidian\n|-resisted|p2b: Obsidian\n|-damage|p2b: Obsidian|49\/100\n|move|p1b: Empoleon|Blizzard|p2a: Pryna|[spread] p2a,p2b\n|-resisted|p2a: Pryna\n|-resisted|p2b: Obsidian\n|-damage|p2a: Pryna|73\/100\n|-damage|p2b: Obsidian|28\/100\n|\n|-weather|Snow|[upkeep]\n|upkeep\n|turn|10\n|inactive|gonegeb has 120 seconds left.\n|-message|Tyranibard forfeited.\n|\n|win|gonegeb\n|raw|Tyranibard's rating: 1270 &rarr; <strong>1246<\/strong><br \/>(-24 for losing)\n|raw|gonegeb's rating: 1290 &rarr; <strong>1314<\/strong><br \/>(+24 for winning)\n|l|\u2606Tyranibard\n","uploadtime":1699119648,"views":27,"p1id":"tyranibard","p2id":"gonegeb","formatid":"gen9doublesou","rating":1246,"private":0,"password":""}