{"id":"gen9doublesou-1994150330","p1":"OPieceOfHeroGhost","p2":"lebobguy","format":"[Gen 9] Doubles OU","log":"|j|\u2606OPieceOfHeroGhost\n|j|\u2606lebobguy\n|t:|1700412738\n|gametype|doubles\n|player|p1|OPieceOfHeroGhost|morty|1546\n|player|p2|lebobguy|harlequin|1527\n|teamsize|p1|6\n|teamsize|p2|6\n|gen|9\n|tier|[Gen 9] Doubles OU\n|rated|\n|rule|Species Clause: Limit one of each Pok\u00e9mon\n|rule|OHKO Clause: OHKO moves are banned\n|rule|Evasion Moves Clause: Evasion moves are banned\n|rule|Gravity Sleep Clause: The combination of sleep-inducing moves with imperfect accuracy and Gravity or Gigantamax Orbeetle are banned\n|rule|Endless Battle Clause: Forcing endless battles is banned\n|rule|HP Percentage Mod: HP is shown in percentages\n|clearpoke\n|poke|p1|Heatran, F|\n|poke|p1|Rillaboom, F|\n|poke|p1|Flutter Mane|\n|poke|p1|Chien-Pao|\n|poke|p1|Iron Hands|\n|poke|p1|Landorus-Therian, M|\n|poke|p2|Goodra-Hisui, M|\n|poke|p2|Diancie|\n|poke|p2|Cresselia, F|\n|poke|p2|Torkoal, M|\n|poke|p2|Farigiraf, M|\n|poke|p2|Ursaluna, F|\n|teampreview\n|c|\u2606lebobguy|glhf :)\n|\n|t:|1700412751\n|start\n|switch|p1a: \u62cd\u6253\u7329|Rillaboom, F|100\/100\n|switch|p1b: ku\ud83d\udcb0\u70ae|Chien-Pao|100\/100\n|switch|p2a: Pain in the butt|Cresselia, F|100\/100\n|switch|p2b: Stiff Snail|Goodra-Hisui, M, shiny|100\/100\n|-ability|p1b: ku\ud83d\udcb0\u70ae|Sword of Ruin\n|-fieldstart|move: Grassy Terrain|[from] ability: Grassy Surge|[of] p1a: \u62cd\u6253\u7329\n|turn|1\n|inactive|Battle timer is ON: inactive players will automatically lose when time's up. (requested by lebobguy)\n|\n|t:|1700412777\n|switch|p2b: Hoturt|Torkoal, M|100\/100\n|-weather|SunnyDay|[from] ability: Drought|[of] p2b: Hoturt\n|move|p1a: \u62cd\u6253\u7329|Fake Out|p2a: Pain in the butt\n|-damage|p2a: Pain in the butt|87\/100\n|move|p1b: ku\ud83d\udcb0\u70ae|Sacred Sword|p2b: Hoturt\n|-damage|p2b: Hoturt|73\/100\n|cant|p2a: Pain in the butt|flinch\n|\n|-weather|SunnyDay|[upkeep]\n|-heal|p2b: Hoturt|79\/100|[from] Grassy Terrain\n|upkeep\n|turn|2\n|\n|t:|1700412801\n|move|p2a: Pain in the butt|Ally Switch|p2a: Pain in the butt\n|swap|p2a: Pain in the butt|1|[from] move: Ally Switch\n|move|p1b: ku\ud83d\udcb0\u70ae|Sacred Sword|p2b: Pain in the butt\n|-resisted|p2b: Pain in the butt\n|-damage|p2b: Pain in the butt|71\/100\n|move|p1a: \u62cd\u6253\u7329|High Horsepower|p2b: Pain in the butt\n|-immune|p2b: Pain in the butt|[from] ability: Levitate\n|move|p2a: Hoturt|Heat Wave|p1a: \u62cd\u6253\u7329|[spread] p1a,p1b\n|-supereffective|p1a: \u62cd\u6253\u7329\n|-supereffective|p1b: ku\ud83d\udcb0\u70ae\n|-crit|p1b: ku\ud83d\udcb0\u70ae\n|-damage|p1a: \u62cd\u6253\u7329|4\/100\n|-enditem|p1b: ku\ud83d\udcb0\u70ae|Focus Sash\n|-damage|p1b: ku\ud83d\udcb0\u70ae|1\/100\n|\n|-weather|SunnyDay|[upkeep]\n|-heal|p1b: ku\ud83d\udcb0\u70ae|7\/100|[from] Grassy Terrain\n|-heal|p1a: \u62cd\u6253\u7329|10\/100|[from] Grassy Terrain\n|-heal|p2a: Hoturt|85\/100|[from] Grassy Terrain\n|upkeep\n|turn|3\n|\n|t:|1700412825\n|switch|p1b: \u989d\u554a\uff01\u8150\u8680\u80c6\u6c41\uff01|Heatran, F|100\/100\n|move|p1a: \u62cd\u6253\u7329|U-turn|p2a: Hoturt\n|-resisted|p2a: Hoturt\n|-damage|p2a: Hoturt|75\/100\n|\n|t:|1700412831\n|switch|p1a: \u4f60\u62cd\u4e94\uff0c\u6211\u62cd\u516d\uff0c\u51fb\u638c\u5947\u88ad\u754f\u4e2a\u7f29|Iron Hands|100\/100|[from] U-turn\n|move|p2a: Hoturt|Heat Wave|p1b: \u989d\u554a\uff01\u8150\u8680\u80c6\u6c41\uff01|[spread] p1a\n|-start|p1b: \u989d\u554a\uff01\u8150\u8680\u80c6\u6c41\uff01|ability: Flash Fire\n|-damage|p1a: \u4f60\u62cd\u4e94\uff0c\u6211\u62cd\u516d\uff0c\u51fb\u638c\u5947\u88ad\u754f\u4e2a\u7f29|78\/100\n|move|p2b: Pain in the butt|Trick Room|p2b: Pain in the butt\n|-fieldstart|move: Trick Room|[of] p2b: Pain in the butt\n|\n|-weather|SunnyDay|[upkeep]\n|-heal|p2a: Hoturt|81\/100|[from] Grassy Terrain\n|-heal|p1a: \u4f60\u62cd\u4e94\uff0c\u6211\u62cd\u516d\uff0c\u51fb\u638c\u5947\u88ad\u754f\u4e2a\u7f29|84\/100|[from] Grassy Terrain\n|upkeep\n|turn|4\n|\n|t:|1700412860\n|-terastallize|p1b: \u989d\u554a\uff01\u8150\u8680\u80c6\u6c41\uff01|Grass\n|move|p1a: \u4f60\u62cd\u4e94\uff0c\u6211\u62cd\u516d\uff0c\u51fb\u638c\u5947\u88ad\u754f\u4e2a\u7f29|Fake Out|p2b: Pain in the butt\n|-damage|p2b: Pain in the butt|61\/100\n|move|p2a: Hoturt|Earth Power|p1b: \u989d\u554a\uff01\u8150\u8680\u80c6\u6c41\uff01\n|-resisted|p1b: \u989d\u554a\uff01\u8150\u8680\u80c6\u6c41\uff01\n|-damage|p1b: \u989d\u554a\uff01\u8150\u8680\u80c6\u6c41\uff01|90\/100\n|cant|p2b: Pain in the butt|flinch\n|move|p1b: \u989d\u554a\uff01\u8150\u8680\u80c6\u6c41\uff01|Earth Power|p2a: Hoturt\n|-supereffective|p2a: Hoturt\n|-damage|p2a: Hoturt|22\/100\n|\n|-weather|SunnyDay|[upkeep]\n|-heal|p2a: Hoturt|28\/100|[from] Grassy Terrain\n|-heal|p1a: \u4f60\u62cd\u4e94\uff0c\u6211\u62cd\u516d\uff0c\u51fb\u638c\u5947\u88ad\u754f\u4e2a\u7f29|90\/100|[from] Grassy Terrain\n|-heal|p1b: \u989d\u554a\uff01\u8150\u8680\u80c6\u6c41\uff01|96\/100|[from] Grassy Terrain\n|-heal|p1b: \u989d\u554a\uff01\u8150\u8680\u80c6\u6c41\uff01|100\/100|[from] item: Leftovers\n|upkeep\n|turn|5\n|\n|t:|1700412883\n|move|p2b: Pain in the butt|Ally Switch|p2b: Pain in the butt\n|swap|p2b: Pain in the butt|0|[from] move: Ally Switch\n|move|p2b: Hoturt|Solar Beam||[still]\n|-prepare|p2b: Hoturt|Solar Beam\n|-anim|p2b: Hoturt|Solar Beam|p1a: \u4f60\u62cd\u4e94\uff0c\u6211\u62cd\u516d\uff0c\u51fb\u638c\u5947\u88ad\u754f\u4e2a\u7f29\n|-damage|p1a: \u4f60\u62cd\u4e94\uff0c\u6211\u62cd\u516d\uff0c\u51fb\u638c\u5947\u88ad\u754f\u4e2a\u7f29|70\/100\n|move|p1a: \u4f60\u62cd\u4e94\uff0c\u6211\u62cd\u516d\uff0c\u51fb\u638c\u5947\u88ad\u754f\u4e2a\u7f29|Drain Punch|p2a: Pain in the butt\n|-resisted|p2a: Pain in the butt\n|-crit|p2a: Pain in the butt\n|-damage|p2a: Pain in the butt|40\/100\n|-heal|p1a: \u4f60\u62cd\u4e94\uff0c\u6211\u62cd\u516d\uff0c\u51fb\u638c\u5947\u88ad\u754f\u4e2a\u7f29|80\/100|[from] drain|[of] p2a: Pain in the butt\n|move|p1b: \u989d\u554a\uff01\u8150\u8680\u80c6\u6c41\uff01|Heat Wave|p2a: Pain in the butt|[spread] p2a,p2b\n|-resisted|p2b: Hoturt\n|-damage|p2a: Pain in the butt|0 fnt\n|-damage|p2b: Hoturt|0 fnt\n|faint|p2a: Pain in the butt\n|faint|p2b: Hoturt\n|\n|-weather|none\n|-heal|p1a: \u4f60\u62cd\u4e94\uff0c\u6211\u62cd\u516d\uff0c\u51fb\u638c\u5947\u88ad\u754f\u4e2a\u7f29|86\/100|[from] Grassy Terrain\n|-fieldend|move: Grassy Terrain\n|upkeep\n|\n|t:|1700412894\n|switch|p2b: Ursaluna|Ursaluna, F|100\/100\n|switch|p2a: Stiff Snail|Goodra-Hisui, M, shiny|100\/100\n|turn|6\n|\n|t:|1700412916\n|switch|p2b: Hood|Farigiraf, M|100\/100\n|move|p1a: \u4f60\u62cd\u4e94\uff0c\u6211\u62cd\u516d\uff0c\u51fb\u638c\u5947\u88ad\u754f\u4e2a\u7f29|Drain Punch|p2a: Stiff Snail\n|-supereffective|p2a: Stiff Snail\n|-damage|p2a: Stiff Snail|27\/100\n|-heal|p1a: \u4f60\u62cd\u4e94\uff0c\u6211\u62cd\u516d\uff0c\u51fb\u638c\u5947\u88ad\u754f\u4e2a\u7f29|100\/100|[from] drain|[of] p2a: Stiff Snail\n|-ability|p2a: Stiff Snail|Gooey\n|-unboost|p1a: \u4f60\u62cd\u4e94\uff0c\u6211\u62cd\u516d\uff0c\u51fb\u638c\u5947\u88ad\u754f\u4e2a\u7f29|spe|1\n|move|p2a: Stiff Snail|Dragon Pulse|p1a: \u4f60\u62cd\u4e94\uff0c\u6211\u62cd\u516d\uff0c\u51fb\u638c\u5947\u88ad\u754f\u4e2a\u7f29\n|-damage|p1a: \u4f60\u62cd\u4e94\uff0c\u6211\u62cd\u516d\uff0c\u51fb\u638c\u5947\u88ad\u754f\u4e2a\u7f29|78\/100\n|move|p1b: \u989d\u554a\uff01\u8150\u8680\u80c6\u6c41\uff01|Earth Power|p2a: Stiff Snail\n|-supereffective|p2a: Stiff Snail\n|-damage|p2a: Stiff Snail|0 fnt\n|faint|p2a: Stiff Snail\n|\n|upkeep\n|inactive|lebobguy has 120 seconds left.\n|\n|t:|1700412943\n|switch|p2a: Rock Candy|Diancie, shiny|100\/100\n|turn|7\n|\n|t:|1700412952\n|move|p1b: \u989d\u554a\uff01\u8150\u8680\u80c6\u6c41\uff01|Protect|p1b: \u989d\u554a\uff01\u8150\u8680\u80c6\u6c41\uff01\n|-singleturn|p1b: \u989d\u554a\uff01\u8150\u8680\u80c6\u6c41\uff01|Protect\n|move|p1a: \u4f60\u62cd\u4e94\uff0c\u6211\u62cd\u516d\uff0c\u51fb\u638c\u5947\u88ad\u754f\u4e2a\u7f29|Volt Switch|p2a: Rock Candy\n|-damage|p2a: Rock Candy|93\/100\n|\n|t:|1700412959\n|-end|p1a: \u4f60\u62cd\u4e94\uff0c\u6211\u62cd\u516d\uff0c\u51fb\u638c\u5947\u88ad\u754f\u4e2a\u7f29|Quark Drive|[silent]\n|switch|p1a: \u571f\u732b\u8e29\u6211|Landorus-Therian, M|100\/100|[from] Volt Switch\n|-ability|p1a: \u571f\u732b\u8e29\u6211|Intimidate|boost\n|-fail|p2a: Rock Candy|unboost|[from] ability: Clear Body|[of] p2a: Rock Candy\n|-unboost|p2b: Hood|atk|1\n|move|p2a: Rock Candy|Diamond Storm|p1b: \u989d\u554a\uff01\u8150\u8680\u80c6\u6c41\uff01|[spread] p1a\n|-activate|p1b: \u989d\u554a\uff01\u8150\u8680\u80c6\u6c41\uff01|move: Protect\n|-damage|p1a: \u571f\u732b\u8e29\u6211|60\/100\n|-boost|p2a: Rock Candy|def|2\n|move|p2b: Hood|Psychic|p1a: \u571f\u732b\u8e29\u6211\n|-damage|p1a: \u571f\u732b\u8e29\u6211|4\/100\n|\n|-fieldend|move: Trick Room\n|upkeep\n|turn|8\n|\n|t:|1700412979\n|move|p2b: Hood|Ally Switch|p2b: Hood\n|swap|p2b: Hood|0|[from] move: Ally Switch\n|move|p1a: \u571f\u732b\u8e29\u6211|U-turn|p2b: Rock Candy\n|-resisted|p2b: Rock Candy\n|-damage|p2b: Rock Candy|88\/100\n|\n|t:|1700412988\n|switch|p1a: \u4f60\u62cd\u4e94\uff0c\u6211\u62cd\u516d\uff0c\u51fb\u638c\u5947\u88ad\u754f\u4e2a\u7f29|Iron Hands|78\/100|[from] U-turn\n|move|p1b: \u989d\u554a\uff01\u8150\u8680\u80c6\u6c41\uff01|Tera Blast|p2b: Rock Candy|[anim] Tera Blast Grass\n|-supereffective|p2b: Rock Candy\n|-damage|p2b: Rock Candy|44\/100\n|move|p2b: Rock Candy|Diamond Storm|p1a: \u4f60\u62cd\u4e94\uff0c\u6211\u62cd\u516d\uff0c\u51fb\u638c\u5947\u88ad\u754f\u4e2a\u7f29|[spread] p1a,p1b\n|-resisted|p1a: \u4f60\u62cd\u4e94\uff0c\u6211\u62cd\u516d\uff0c\u51fb\u638c\u5947\u88ad\u754f\u4e2a\u7f29\n|-damage|p1a: \u4f60\u62cd\u4e94\uff0c\u6211\u62cd\u516d\uff0c\u51fb\u638c\u5947\u88ad\u754f\u4e2a\u7f29|66\/100\n|-damage|p1b: \u989d\u554a\uff01\u8150\u8680\u80c6\u6c41\uff01|73\/100\n|\n|-heal|p1b: \u989d\u554a\uff01\u8150\u8680\u80c6\u6c41\uff01|79\/100|[from] item: Leftovers\n|upkeep\n|turn|9\n|\n|t:|1700413007\n|switch|p2b: Ursaluna|Ursaluna, F|100\/100\n|move|p1a: \u4f60\u62cd\u4e94\uff0c\u6211\u62cd\u516d\uff0c\u51fb\u638c\u5947\u88ad\u754f\u4e2a\u7f29|Fake Out|p2a: Hood\n|-damage|p2a: Hood|86\/100\n|move|p1b: \u989d\u554a\uff01\u8150\u8680\u80c6\u6c41\uff01|Tera Blast|p2b: Ursaluna|[anim] Tera Blast Grass\n|-supereffective|p2b: Ursaluna\n|-damage|p2b: Ursaluna|22\/100\n|cant|p2a: Hood|flinch\n|\n|-heal|p1b: \u989d\u554a\uff01\u8150\u8680\u80c6\u6c41\uff01|86\/100|[from] item: Leftovers\n|-heal|p2a: Hood|92\/100|[from] item: Leftovers\n|-status|p2b: Ursaluna|brn|[from] item: Flame Orb\n|upkeep\n|turn|10\n|c|\u2606OPieceOfHeroGhost|wait what\n|c|\u2606lebobguy|?\n|inactive|OPieceOfHeroGhost has 120 seconds left.\n|\n|t:|1700413042\n|move|p2a: Hood|Ally Switch|p2a: Hood\n|swap|p2a: Hood|1|[from] move: Ally Switch\n|move|p1b: \u989d\u554a\uff01\u8150\u8680\u80c6\u6c41\uff01|Heat Wave|p2b: Hood|[spread] p2a,p2b\n|-damage|p2a: Ursaluna|0 fnt\n|-damage|p2b: Hood|28\/100\n|faint|p2a: Ursaluna\n|move|p1a: \u4f60\u62cd\u4e94\uff0c\u6211\u62cd\u516d\uff0c\u51fb\u638c\u5947\u88ad\u754f\u4e2a\u7f29|Volt Switch|p2b: Hood\n|-crit|p2b: Hood\n|-damage|p2b: Hood|10\/100\n|inactive|OPieceOfHeroGhost has 120 seconds left.\n|\n|t:|1700413052\n|-end|p1a: \u4f60\u62cd\u4e94\uff0c\u6211\u62cd\u516d\uff0c\u51fb\u638c\u5947\u88ad\u754f\u4e2a\u7f29|Quark Drive|[silent]\n|switch|p1a: \u4f60\u53d1\u59d0\u6c38\u8fdc\u662f\u4f60\u53d1\u59d0|Flutter Mane|100\/100|[from] Volt Switch\n|\n|-heal|p1b: \u989d\u554a\uff01\u8150\u8680\u80c6\u6c41\uff01|92\/100|[from] item: Leftovers\n|-heal|p2b: Hood|16\/100|[from] item: Leftovers\n|upkeep\n|c|\u2606lebobguy|what?\n|c|\u2606lebobguy|also gg\n|\n|t:|1700413058\n|switch|p2a: Rock Candy|Diancie, shiny|44\/100\n|turn|11\n|\n|t:|1700413070\n|-terastallize|p2a: Rock Candy|Grass\n|move|p1a: \u4f60\u53d1\u59d0\u6c38\u8fdc\u662f\u4f60\u53d1\u59d0|Dazzling Gleam|p2b: Hood|[spread] p2a,p2b\n|-damage|p2a: Rock Candy|19\/100\n|-damage|p2b: Hood|0 fnt\n|faint|p2b: Hood\n|move|p1b: \u989d\u554a\uff01\u8150\u8680\u80c6\u6c41\uff01|Tera Blast|p2a: Rock Candy|[anim] Tera Blast Grass\n|-resisted|p2a: Rock Candy\n|-damage|p2a: Rock Candy|7\/100\n|move|p2a: Rock Candy|Diamond Storm|p1a: \u4f60\u53d1\u59d0\u6c38\u8fdc\u662f\u4f60\u53d1\u59d0|[spread] p1a,p1b\n|-damage|p1a: \u4f60\u53d1\u59d0\u6c38\u8fdc\u662f\u4f60\u53d1\u59d0|37\/100\n|-damage|p1b: \u989d\u554a\uff01\u8150\u8680\u80c6\u6c41\uff01|63\/100\n|-boost|p2a: Rock Candy|def|2\n|\n|-heal|p1b: \u989d\u554a\uff01\u8150\u8680\u80c6\u6c41\uff01|69\/100|[from] item: Leftovers\n|upkeep\n|turn|12\n|\n|t:|1700413081\n|move|p1a: \u4f60\u53d1\u59d0\u6c38\u8fdc\u662f\u4f60\u53d1\u59d0|Dazzling Gleam|p2a: Rock Candy\n|-damage|p2a: Rock Candy|0 fnt\n|faint|p2a: Rock Candy\n|\n|win|OPieceOfHeroGhost\n|raw|OPieceOfHeroGhost's rating: 1546 &rarr; <strong>1564<\/strong><br \/>(+18 for winning)\n|raw|lebobguy's rating: 1504 &rarr; <strong>1486<\/strong><br \/>(-18 for losing)\n|c|\u2606OPieceOfHeroGhost|dude\n|c|\u2606OPieceOfHeroGhost|remember abilities\n|c|\u2606lebobguy|what about them\n|c|\u2606OPieceOfHeroGhost|yeah\n|c|\u2606lebobguy|?\n|c|\u2606OPieceOfHeroGhost|just\n|c|\u2606OPieceOfHeroGhost|what it called\n|c|\u2606lebobguy|whats... what called\n|c|\u2606OPieceOfHeroGhost|armor tail is better\n|c|\u2606lebobguy|I know\n|c|\u2606lebobguy|i just\n|c|\u2606lebobguy|got hit by amongus too many times\n","uploadtime":1700413091,"views":9,"p1id":"opieceofheroghost","p2id":"lebobguy","formatid":"gen9doublesou","rating":1486,"private":0,"password":""}