{"id":"gen9doublesou-1996881958","p1":"Kondroid","p2":"showitben","format":"[Gen 9] Doubles OU","log":"|j|\u2606Kondroid\n|j|\u2606showitben\n|t:|1700739768\n|gametype|doubles\n|player|p1|Kondroid|hilbert-wonderlauncher|1109\n|player|p2|showitben|2|1149\n|teamsize|p1|6\n|teamsize|p2|6\n|gen|9\n|tier|[Gen 9] Doubles OU\n|rated|\n|rule|Species Clause: Limit one of each Pok\u00e9mon\n|rule|OHKO Clause: OHKO moves are banned\n|rule|Evasion Moves Clause: Evasion moves are banned\n|rule|Gravity Sleep Clause: The combination of sleep-inducing moves with imperfect accuracy and Gravity or Gigantamax Orbeetle are banned\n|rule|Endless Battle Clause: Forcing endless battles is banned\n|rule|HP Percentage Mod: HP is shown in percentages\n|clearpoke\n|poke|p1|Armarouge, F|\n|poke|p1|Indeedee-F, F|\n|poke|p1|Greninja-*, M|\n|poke|p1|Hatterene, F|\n|poke|p1|Sneasler, F|\n|poke|p1|Kingambit, M|\n|poke|p2|Golem-Alola, M|\n|poke|p2|Oranguru, M|\n|poke|p2|Ursaluna-Bloodmoon, M|\n|poke|p2|Amoonguss, M|\n|poke|p2|Rabsca, M|\n|poke|p2|Ogerpon-Hearthflame, F|\n|teampreview\n|inactive|Battle timer is ON: inactive players will automatically lose when time's up. (requested by Kondroid)\n|\n|t:|1700739779\n|start\n|switch|p1a: A|Armarouge, F|100\/100\n|switch|p1b: G|Greninja, M|100\/100\n|switch|p2a: Golem|Golem-Alola, M|100\/100\n|switch|p2b: Rabsca|Rabsca, M|100\/100\n|turn|1\n|\n|t:|1700739805\n|-terastallize|p1a: A|Psychic\n|move|p2a: Golem|Protect|p2a: Golem\n|-singleturn|p2a: Golem|Protect\n|move|p1b: G|U-turn|p1a: A\n|-supereffective|p1a: A\n|-damage|p1a: A|76\/100\n|-ability|p1a: A|Weak Armor|boost\n|-unboost|p1a: A|def|1\n|-boost|p1a: A|spe|2\n|-enditem|p1a: A|Weakness Policy\n|-boost|p1a: A|atk|2|[from] item: Weakness Policy\n|-boost|p1a: A|spa|2|[from] item: Weakness Policy\n|inactive|Kondroid has 120 seconds left.\n|\n|t:|1700739817\n|switch|p1b: I|Indeedee-F, F|100\/100|[from] U-turn\n|-fieldstart|move: Psychic Terrain|[from] ability: Psychic Surge|[of] p1b: I\n|move|p1a: A|Expanding Force|p2a: Golem|[spread] p2b\n|-activate|p2a: Golem|move: Protect\n|-resisted|p2b: Rabsca\n|-damage|p2b: Rabsca|37\/100\n|move|p2b: Rabsca|Trick Room|p2b: Rabsca\n|-fieldstart|move: Trick Room|[of] p2b: Rabsca\n|\n|upkeep\n|turn|2\n|inactive|Kondroid has 120 seconds left.\n|\n|t:|1700739842\n|move|p1b: I|Protect|p1b: I\n|-singleturn|p1b: I|Protect\n|move|p2a: Golem|Explosion|p1a: A|[spread] p1a\n|-activate|p1b: I|move: Protect\n|-activate|p2b: Rabsca|ability: Telepathy\n|-crit|p1a: A\n|-damage|p1a: A|0 fnt\n|faint|p2a: Golem\n|faint|p1a: A\n|move|p2b: Rabsca|Imprison|p2b: Rabsca\n|-start|p2b: Rabsca|move: Imprison\n|\n|upkeep\n|\n|t:|1700739860\n|switch|p2a: Amoonguss|Amoonguss, M|100\/100\n|switch|p1a: S|Sneasler, F|100\/100\n|-enditem|p1a: S|Psychic Seed\n|-boost|p1a: S|spd|1|[from] item: Psychic Seed\n|turn|3\n|inactive|Kondroid has 120 seconds left.\n|inactive|Kondroid has 90 seconds left.\n|\n|t:|1700739923\n|switch|p2b: Ursaluna|Ursaluna-Bloodmoon, M|100\/100\n|move|p1b: I|Helping Hand|p1a: S\n|-singleturn|p1a: S|Helping Hand|[of] p1b: I\n|move|p2a: Amoonguss|Spore|p1a: S\n|-status|p1a: S|slp|[from] move: Spore\n|cant|p1a: S|slp\n|\n|upkeep\n|turn|4\n|inactive|Kondroid has 90 seconds left.\n|\n|t:|1700739948\n|switch|p2a: Oranguru|Oranguru, M|100\/100\n|move|p2b: Ursaluna|Hyper Voice|p1b: I|[spread] p1a,p1b\n|-damage|p1a: S|65\/100 slp\n|-damage|p1b: I|60\/100\n|move|p1b: I|Dazzling Gleam|p2a: Oranguru|[spread] p2a,p2b\n|-damage|p2a: Oranguru|91\/100\n|-damage|p2b: Ursaluna|90\/100\n|cant|p1a: S|slp\n|\n|upkeep\n|turn|5\n|\n|t:|1700739969\n|-terastallize|p2b: Ursaluna|Normal\n|move|p1b: I|Follow Me|p1b: I\n|-singleturn|p1b: I|move: Follow Me\n|move|p2b: Ursaluna|Blood Moon|p1b: I\n|-damage|p1b: I|0 fnt\n|faint|p1b: I\n|move|p2a: Oranguru|Instruct|p2b: Ursaluna\n|-singleturn|p2b: Ursaluna|move: Instruct|[of] p2a: Oranguru\n|move|p2b: Ursaluna|Blood Moon|p1a: S\n|-damage|p1a: S|0 fnt\n|faint|p1a: S\n|-hint|Some effects can force a Pokemon to use Blood Moon again in a row.\n|\n|-fieldend|move: Trick Room\n|-fieldend|move: Psychic Terrain\n|upkeep\n|inactive|Kondroid has 90 seconds left.\n|\n|t:|1700739986\n|switch|p1a: H|Hatterene, F|100\/100\n|switch|p1b: G|Greninja, M|100\/100\n|turn|6\n|\n|t:|1700740005\n|move|p2b: Ursaluna|Vacuum Wave|p1b: G\n|-supereffective|p1b: G\n|-damage|p1b: G|46\/100\n|move|p1b: G|Dark Pulse|p2a: Oranguru\n|-supereffective|p2a: Oranguru\n|-damage|p2a: Oranguru|41\/100\n|move|p1a: H|Psychic|p2b: Ursaluna\n|-damage|p2b: Ursaluna|62\/100\n|move|p2a: Oranguru|Trick Room|p2a: Oranguru\n|-fieldstart|move: Trick Room|[of] p2a: Oranguru\n|\n|upkeep\n|turn|7\n|inactive|Kondroid has 90 seconds left.\n|inactive|showitben has 120 seconds left.\n|\n|t:|1700740041\n|move|p1a: H|Psychic|p2b: Ursaluna\n|-damage|p2b: Ursaluna|31\/100\n|move|p2b: Ursaluna|Blood Moon|p1b: G\n|-damage|p1b: G|0 fnt\n|faint|p1b: G\n|move|p2a: Oranguru|Instruct|p2b: Ursaluna\n|-singleturn|p2b: Ursaluna|move: Instruct|[of] p2a: Oranguru\n|move|p2b: Ursaluna|Blood Moon|p1a: H\n|-damage|p1a: H|19\/100\n|-hint|Some effects can force a Pokemon to use Blood Moon again in a row.\n|\n|upkeep\n|\n|t:|1700740051\n|switch|p1b: K|Kingambit, M|100\/100\n|-activate|p1b: K|ability: Supreme Overlord\n|-start|p1b: K|fallen4|[silent]\n|turn|8\n|\n|t:|1700740072\n|move|p1b: K|Sucker Punch|p2b: Ursaluna\n|-damage|p2b: Ursaluna|0 fnt\n|faint|p2b: Ursaluna\n|move|p1a: H|Dazzling Gleam|p2a: Oranguru\n|-damage|p2a: Oranguru|13\/100\n|move|p2a: Oranguru|Instruct|p2: Ursaluna|[notarget]\n|-fail|p2a: Oranguru\n|\n|upkeep\n|\n|t:|1700740082\n|switch|p2b: Amoonguss|Amoonguss, M|100\/100\n|turn|9\n|inactive|Kondroid has 120 seconds left.\n|\n|t:|1700740099\n|move|p2b: Amoonguss|Rage Powder|p2b: Amoonguss\n|-singleturn|p2b: Amoonguss|move: Rage Powder\n|move|p1a: H|Psychic|p2b: Amoonguss\n|-supereffective|p2b: Amoonguss\n|-damage|p2b: Amoonguss|29\/100\n|move|p2a: Oranguru|Taunt|p1a: H\n|move|p1a: H|Taunt|p2b: Amoonguss|[from]ability: Magic Bounce\n|-start|p2b: Amoonguss|move: Taunt\n|move|p1b: K|Kowtow Cleave|p2b: Amoonguss\n|-damage|p2b: Amoonguss|0 fnt\n|-damage|p1b: K|84\/100|[from] item: Rocky Helmet|[of] p2b: Amoonguss\n|-status|p1b: K|par|[from] ability: Effect Spore|[of] p2b: Amoonguss\n|faint|p2b: Amoonguss\n|\n|-heal|p1b: K|90\/100 par|[from] item: Leftovers\n|upkeep\n|\n|t:|1700740119\n|switch|p2b: Rabsca|Rabsca, M|37\/100\n|turn|10\n|\n|t:|1700740130\n|move|p1b: K|Kowtow Cleave|p2b: Rabsca\n|-supereffective|p2b: Rabsca\n|-damage|p2b: Rabsca|0 fnt\n|faint|p2b: Rabsca\n|move|p1a: H|Dazzling Gleam|p2a: Oranguru\n|-damage|p2a: Oranguru|0 fnt\n|faint|p2a: Oranguru\n|\n|-heal|p1b: K|96\/100 par|[from] item: Leftovers\n|-fieldend|move: Trick Room\n|upkeep\n|\n|t:|1700740142\n|switch|p2a: Ogerpon|Ogerpon-Hearthflame, F|100\/100\n|-ability|p2a: Ogerpon|Mold Breaker\n|turn|11\n|\n|t:|1700740150\n|move|p1b: K|Sucker Punch|p2a: Ogerpon\n|-damage|p2a: Ogerpon|30\/100\n|move|p2a: Ogerpon|Ivy Cudgel|p1b: K|[anim] Ivy Cudgel Fire\n|-supereffective|p1b: K\n|-damage|p1b: K|17\/100 par\n|move|p1a: H|Psychic|p2a: Ogerpon\n|-damage|p2a: Ogerpon|0 fnt\n|faint|p2a: Ogerpon\n|\n|win|Kondroid\n|raw|Kondroid's rating: 1109 &rarr; <strong>1137<\/strong><br \/>(+28 for winning)\n|raw|showitben's rating: 1149 &rarr; <strong>1121<\/strong><br \/>(-28 for losing)\n|l|\u2606showitben\n","uploadtime":1700740169,"views":13,"p1id":"kondroid","p2id":"showitben","formatid":"gen9doublesou","rating":1121,"private":0,"password":""}