{"id":"gen9doublesou-1993601282","p1":"Vixen 4 Life","p2":"MonkeyLover227","format":"[Gen 9] Doubles OU","log":"|j|\u2606Vixen 4 Life\n|j|\u2606MonkeyLover227\n|t:|1700336247\n|gametype|doubles\n|player|p1|Vixen 4 Life|penny|1377\n|player|p2|MonkeyLover227|benga|1356\n|teamsize|p1|6\n|teamsize|p2|6\n|gen|9\n|tier|[Gen 9] Doubles OU\n|rated|\n|rule|Species Clause: Limit one of each Pok\u00e9mon\n|rule|OHKO Clause: OHKO moves are banned\n|rule|Evasion Moves Clause: Evasion moves are banned\n|rule|Gravity Sleep Clause: The combination of sleep-inducing moves with imperfect accuracy and Gravity or Gigantamax Orbeetle are banned\n|rule|Endless Battle Clause: Forcing endless battles is banned\n|rule|HP Percentage Mod: HP is shown in percentages\n|clearpoke\n|poke|p1|Okidogi, M|\n|poke|p1|Fezandipiti, M|\n|poke|p1|Rillaboom, F|\n|poke|p1|Eelektross, M|\n|poke|p1|Iron Hands|\n|poke|p1|Gyarados, F|\n|poke|p2|Cresselia, F|\n|poke|p2|Glimmora, F|\n|poke|p2|Ursaluna-Bloodmoon, M|\n|poke|p2|Kingambit, M|\n|poke|p2|Iron Hands|\n|poke|p2|Amoonguss, F|\n|teampreview\n|inactive|Battle timer is ON: inactive players will automatically lose when time's up. (requested by MonkeyLover227)\n|\n|t:|1700336252\n|start\n|switch|p1a: Rillaboom|Rillaboom, F|100\/100\n|switch|p1b: Gyarados|Gyarados, F|100\/100\n|switch|p2a: Cresselia|Cresselia, F|100\/100\n|switch|p2b: Glimmora|Glimmora, F|100\/100\n|-ability|p1b: Gyarados|Intimidate|boost\n|-unboost|p2a: Cresselia|atk|1\n|-unboost|p2b: Glimmora|atk|1\n|-fieldstart|move: Grassy Terrain|[from] ability: Grassy Surge|[of] p1a: Rillaboom\n|turn|1\n|\n|t:|1700336267\n|move|p1a: Rillaboom|Grassy Glide|p2b: Glimmora\n|-damage|p2b: Glimmora|63\/100\n|-activate|p2b: Glimmora|ability: Toxic Debris\n|-sidestart|p1: Vixen 4 Life|move: Toxic Spikes\n|move|p2b: Glimmora|Stealth Rock|p1a: Rillaboom\n|-sidestart|p1: Vixen 4 Life|move: Stealth Rock\n|move|p1b: Gyarados|Waterfall|p2b: Glimmora\n|-supereffective|p2b: Glimmora\n|-damage|p2b: Glimmora|0 fnt\n|-activate|p2b: Glimmora|ability: Toxic Debris\n|-sidestart|p1: Vixen 4 Life|move: Toxic Spikes\n|faint|p2b: Glimmora\n|move|p2a: Cresselia|Trick Room|p2a: Cresselia\n|-fieldstart|move: Trick Room|[of] p2a: Cresselia\n|\n|upkeep\n|\n|t:|1700336280\n|switch|p2b: Iron Hands|Iron Hands|100\/100\n|-enditem|p2b: Iron Hands|Booster Energy\n|-activate|p2b: Iron Hands|ability: Quark Drive|[fromitem]\n|-start|p2b: Iron Hands|quarkdriveatk\n|turn|2\n|\n|t:|1700336290\n|switch|p1b: Fezandipiti|Fezandipiti, M|100\/100\n|-sideend|p1: Vixen 4 Life|move: Toxic Spikes|[of] p1b: Fezandipiti\n|-damage|p1b: Fezandipiti|88\/100|[from] Stealth Rock\n|move|p2b: Iron Hands|Thunder Punch|p1b: Fezandipiti\n|-damage|p1b: Fezandipiti|22\/100\n|move|p2a: Cresselia|Psychic|p1a: Rillaboom\n|-damage|p1a: Rillaboom|71\/100\n|move|p1a: Rillaboom|Substitute|p1a: Rillaboom\n|-start|p1a: Rillaboom|Substitute\n|-damage|p1a: Rillaboom|46\/100\n|\n|-heal|p1a: Rillaboom|52\/100|[from] Grassy Terrain\n|-heal|p1a: Rillaboom|58\/100|[from] item: Leftovers\n|-heal|p1b: Fezandipiti|28\/100|[from] Grassy Terrain\n|upkeep\n|turn|3\n|\n|t:|1700336310\n|move|p2b: Iron Hands|Thunder Punch|p1b: Fezandipiti\n|-damage|p1b: Fezandipiti|0 fnt\n|faint|p1b: Fezandipiti\n|move|p2a: Cresselia|Psychic|p1a: Rillaboom\n|-end|p1a: Rillaboom|Substitute\n|move|p1a: Rillaboom|Leech Seed|p2a: Cresselia\n|-start|p2a: Cresselia|move: Leech Seed\n|\n|-heal|p1a: Rillaboom|64\/100|[from] Grassy Terrain\n|-heal|p1a: Rillaboom|71\/100|[from] item: Leftovers\n|-damage|p2a: Cresselia|88\/100|[from] Leech Seed|[of] p1a: Rillaboom\n|-heal|p1a: Rillaboom|84\/100|[silent]\n|upkeep\n|\n|t:|1700336322\n|switch|p1b: Gyarados|Gyarados, F|100\/100\n|-damage|p1b: Gyarados|76\/100|[from] Stealth Rock\n|-ability|p1b: Gyarados|Intimidate|boost\n|-unboost|p2a: Cresselia|atk|1\n|-unboost|p2b: Iron Hands|atk|1\n|turn|4\n|\n|t:|1700336336\n|switch|p2a: Amoonguss|Amoonguss, F|100\/100\n|move|p1b: Gyarados|Protect|p1b: Gyarados\n|-singleturn|p1b: Gyarados|Protect\n|move|p2b: Iron Hands|Thunder Punch|p1b: Gyarados\n|-activate|p1b: Gyarados|move: Protect\n|move|p1a: Rillaboom|Leech Seed|p2b: Iron Hands\n|-start|p2b: Iron Hands|move: Leech Seed\n|\n|-heal|p1a: Rillaboom|90\/100|[from] Grassy Terrain\n|-heal|p1a: Rillaboom|97\/100|[from] item: Leftovers\n|-damage|p2b: Iron Hands|88\/100|[from] Leech Seed|[of] p1a: Rillaboom\n|-heal|p1a: Rillaboom|100\/100|[silent]\n|upkeep\n|turn|5\n|\n|t:|1700336361\n|switch|p1b: Eelektross|Eelektross, M|100\/100\n|-damage|p1b: Eelektross|88\/100|[from] Stealth Rock\n|move|p2a: Amoonguss|Clear Smog|p2b: Iron Hands\n|-damage|p2b: Iron Hands|74\/100\n|-clearboost|p2b: Iron Hands\n|move|p2b: Iron Hands|Thunder Punch|p1b: Eelektross\n|-resisted|p1b: Eelektross\n|-damage|p1b: Eelektross|61\/100\n|move|p1a: Rillaboom|Substitute|p1a: Rillaboom\n|-start|p1a: Rillaboom|Substitute\n|-damage|p1a: Rillaboom|75\/100\n|\n|-heal|p2b: Iron Hands|81\/100|[from] Grassy Terrain\n|-heal|p1b: Eelektross|67\/100|[from] item: Leftovers\n|-heal|p1a: Rillaboom|82\/100|[from] Grassy Terrain\n|-heal|p1a: Rillaboom|88\/100|[from] item: Leftovers\n|-damage|p2b: Iron Hands|68\/100|[from] Leech Seed|[of] p1a: Rillaboom\n|-heal|p1a: Rillaboom|100\/100|[silent]\n|-fieldend|move: Trick Room\n|-fieldend|move: Grassy Terrain\n|upkeep\n|turn|6\n|\n|t:|1700336387\n|move|p2a: Amoonguss|Rage Powder|p2a: Amoonguss\n|-singleturn|p2a: Amoonguss|move: Rage Powder\n|move|p1a: Rillaboom|High Horsepower|p2b: Iron Hands\n|-supereffective|p2b: Iron Hands\n|-damage|p2b: Iron Hands|29\/100\n|move|p1b: Eelektross|Substitute|p1b: Eelektross\n|-start|p1b: Eelektross|Substitute\n|-damage|p1b: Eelektross|42\/100\n|move|p2b: Iron Hands|Drain Punch|p1b: Eelektross\n|-end|p1b: Eelektross|Substitute\n|-heal|p2b: Iron Hands|39\/100|[from] drain|[of] p1b: Eelektross\n|\n|-heal|p1b: Eelektross|49\/100|[from] item: Leftovers\n|-damage|p2b: Iron Hands|26\/100|[from] Leech Seed|[of] p1a: Rillaboom\n|upkeep\n|turn|7\n|\n|t:|1700336405\n|switch|p2a: Cresselia|Cresselia, F|88\/100\n|move|p1a: Rillaboom|Grassy Glide|p2b: Iron Hands\n|-damage|p2b: Iron Hands|9\/100\n|move|p1b: Eelektross|Coil|p1b: Eelektross\n|-boost|p1b: Eelektross|atk|1\n|-boost|p1b: Eelektross|def|1\n|-boost|p1b: Eelektross|accuracy|1\n|move|p2b: Iron Hands|Drain Punch|p1b: Eelektross\n|-damage|p1b: Eelektross|10\/100\n|-heal|p2b: Iron Hands|23\/100|[from] drain|[of] p1b: Eelektross\n|\n|-heal|p2a: Cresselia|94\/100|[from] item: Leftovers\n|-heal|p1b: Eelektross|16\/100|[from] item: Leftovers\n|-damage|p2b: Iron Hands|10\/100|[from] Leech Seed|[of] p1a: Rillaboom\n|upkeep\n|turn|8\n|inactive|MonkeyLover227 has 120 seconds left.\n|\n|t:|1700336435\n|-end|p2b: Iron Hands|Quark Drive|[silent]\n|switch|p2b: Goldilocks|Ursaluna-Bloodmoon, M|100\/100\n|move|p1a: Rillaboom|Leech Seed|p2a: Cresselia\n|-start|p2a: Cresselia|move: Leech Seed\n|move|p1b: Eelektross|Drain Punch|p2b: Goldilocks\n|-supereffective|p2b: Goldilocks\n|-crit|p2b: Goldilocks\n|-damage|p2b: Goldilocks|45\/100\n|-heal|p1b: Eelektross|48\/100|[from] drain|[of] p2b: Goldilocks\n|move|p2a: Cresselia|Trick Room|p2a: Cresselia\n|-fieldstart|move: Trick Room|[of] p2a: Cresselia\n|\n|-heal|p1b: Eelektross|55\/100|[from] item: Leftovers\n|-heal|p2a: Cresselia|99\/100|[from] item: Leftovers\n|-damage|p2a: Cresselia|88\/100|[from] Leech Seed|[of] p1a: Rillaboom\n|upkeep\n|turn|9\n|\n|t:|1700336456\n|switch|p1b: Iron Hands|Iron Hands|100\/100\n|-damage|p1b: Iron Hands|94\/100|[from] Stealth Rock\n|move|p2b: Goldilocks|Blood Moon|p1b: Iron Hands\n|-damage|p1b: Iron Hands|55\/100\n|move|p2a: Cresselia|Psychic|p1a: Rillaboom\n|-end|p1a: Rillaboom|Substitute\n|move|p1a: Rillaboom|Grassy Glide|p2b: Goldilocks\n|-supereffective|p2b: Goldilocks\n|-damage|p2b: Goldilocks|10\/100\n|\n|-heal|p2a: Cresselia|94\/100|[from] item: Leftovers\n|-damage|p2a: Cresselia|82\/100|[from] Leech Seed|[of] p1a: Rillaboom\n|upkeep\n|turn|10\n|\n|t:|1700336479\n|move|p1b: Iron Hands|Fake Out|p2a: Cresselia\n|-damage|p2a: Cresselia|72\/100\n|move|p2b: Goldilocks|Moonblast|p1b: Iron Hands\n|-supereffective|p1b: Iron Hands\n|-damage|p1b: Iron Hands|22\/100\n|cant|p2a: Cresselia|flinch\n|move|p1a: Rillaboom|Leech Seed|p2b: Goldilocks\n|-start|p2b: Goldilocks|move: Leech Seed\n|\n|-heal|p2a: Cresselia|78\/100|[from] item: Leftovers\n|-damage|p2b: Goldilocks|0 fnt|[from] Leech Seed|[of] p1a: Rillaboom\n|faint|p2b: Goldilocks\n|-damage|p2a: Cresselia|66\/100|[from] Leech Seed|[of] p1a: Rillaboom\n|upkeep\n|\n|t:|1700336492\n|switch|p2b: Iron Hands|Iron Hands|10\/100\n|turn|11\n|\n|t:|1700336504\n|-end|p1b: Iron Hands|Quark Drive|[silent]\n|switch|p1b: Gyarados|Gyarados, F|76\/100\n|-damage|p1b: Gyarados|51\/100|[from] Stealth Rock\n|-ability|p1b: Gyarados|Intimidate|boost\n|-unboost|p2a: Cresselia|atk|1\n|-unboost|p2b: Iron Hands|atk|1\n|move|p2b: Iron Hands|Fake Out|p1b: Gyarados\n|-damage|p1b: Gyarados|40\/100\n|move|p2a: Cresselia|Lunar Blessing|p2a: Cresselia|[spread] p2a,p2b\n|-heal|p2a: Cresselia|91\/100\n|-heal|p2b: Iron Hands|35\/100\n|move|p1a: Rillaboom|High Horsepower|p2b: Iron Hands\n|-supereffective|p2b: Iron Hands\n|-damage|p2b: Iron Hands|0 fnt\n|faint|p2b: Iron Hands\n|-end|p2b: Iron Hands|Quark Drive|[silent]\n|\n|-heal|p2a: Cresselia|97\/100|[from] item: Leftovers\n|-damage|p2a: Cresselia|85\/100|[from] Leech Seed|[of] p1a: Rillaboom\n|upkeep\n|inactive|MonkeyLover227 has 120 seconds left.\n|\n|t:|1700336555\n|switch|p2b: Amoonguss|Amoonguss, F|100\/100\n|turn|12\n|\n|t:|1700336568\n|move|p2b: Amoonguss|Spore|p1b: Gyarados\n|-activate|p1b: Gyarados|item: Safety Goggles|Spore\n|move|p2a: Cresselia|Psychic|p1a: Rillaboom\n|-damage|p1a: Rillaboom|71\/100\n|move|p1a: Rillaboom|Substitute|p1a: Rillaboom\n|-start|p1a: Rillaboom|Substitute\n|-damage|p1a: Rillaboom|46\/100\n|move|p1b: Gyarados|Taunt|p2b: Amoonguss\n|-start|p2b: Amoonguss|move: Taunt\n|\n|-heal|p2a: Cresselia|91\/100|[from] item: Leftovers\n|-heal|p1a: Rillaboom|52\/100|[from] item: Leftovers\n|-damage|p2a: Cresselia|78\/100|[from] Leech Seed|[of] p1a: Rillaboom\n|-heal|p1a: Rillaboom|65\/100|[silent]\n|-fieldend|move: Trick Room\n|upkeep\n|turn|13\n|inactive|MonkeyLover227 has 120 seconds left.\n|\n|t:|1700336587\n|move|p1b: Gyarados|Taunt|p2a: Cresselia\n|-start|p2a: Cresselia|move: Taunt\n|move|p1a: Rillaboom|High Horsepower|p2b: Amoonguss\n|-damage|p2b: Amoonguss|75\/100\n|move|p2b: Amoonguss|Clear Smog|p1a: Rillaboom\n|-supereffective|p1a: Rillaboom\n|-end|p1a: Rillaboom|Substitute\n|cant|p2a: Cresselia|move: Taunt|Trick Room\n|\n|-heal|p1a: Rillaboom|72\/100|[from] item: Leftovers\n|-heal|p2a: Cresselia|85\/100|[from] item: Leftovers\n|-heal|p2b: Amoonguss|81\/100|[from] item: Leftovers\n|-damage|p2a: Cresselia|72\/100|[from] Leech Seed|[of] p1a: Rillaboom\n|-heal|p1a: Rillaboom|85\/100|[silent]\n|upkeep\n|turn|14\n|-message|MonkeyLover227 forfeited.\n|\n|win|Vixen 4 Life\n|raw|Vixen 4 Life's rating: 1377 &rarr; <strong>1396<\/strong><br \/>(+19 for winning)\n|raw|MonkeyLover227's rating: 1356 &rarr; <strong>1337<\/strong><br \/>(-19 for losing)\n|l|\u2606MonkeyLover227\n","uploadtime":1700336609,"views":6,"p1id":"vixen4life","p2id":"monkeylover227","formatid":"gen9doublesou","rating":1337,"private":0,"password":""}