{"id":"gen9doublesou-1998176837","p1":"maybenotxand","p2":"TakingW'S-isMyJOB","format":"[Gen 9] Doubles OU","log":"|j|\u2606maybenotxand\n|j|\u2606TakingW'S-isMyJOB\n|t:|1700906801\n|gametype|doubles\n|player|p1|maybenotxand|dawn|1039\n|player|p2|TakingW'S-isMyJOB|preschooler|1040\n|teamsize|p1|6\n|teamsize|p2|6\n|gen|9\n|tier|[Gen 9] Doubles OU\n|rated|\n|rule|Species Clause: Limit one of each Pok\u00e9mon\n|rule|OHKO Clause: OHKO moves are banned\n|rule|Evasion Moves Clause: Evasion moves are banned\n|rule|Gravity Sleep Clause: The combination of sleep-inducing moves with imperfect accuracy and Gravity or Gigantamax Orbeetle are banned\n|rule|Endless Battle Clause: Forcing endless battles is banned\n|rule|HP Percentage Mod: HP is shown in percentages\n|clearpoke\n|poke|p1|Ceruledge, M|\n|poke|p1|Meowscarada, F|\n|poke|p1|Dragonite, M|\n|poke|p1|Iron Bundle|\n|poke|p1|Amoonguss, F|\n|poke|p1|Iron Valiant|\n|poke|p2|Abomasnow, M|\n|poke|p2|Froslass, F|\n|poke|p2|Ninetales-Alola, M|\n|poke|p2|Camerupt, F|\n|poke|p2|Mamoswine, F|\n|poke|p2|Empoleon, F|\n|teampreview\n|\n|t:|1700906817\n|start\n|switch|p1a: P3ngu1n|Iron Bundle, shiny|100\/100\n|switch|p1b: laugh|Amoonguss, F|100\/100\n|switch|p2a: Snow Monkey|Abomasnow, M|100\/100\n|switch|p2b: MammothlokinAss|Mamoswine, F|100\/100\n|-weather|Snow|[from] ability: Snow Warning|[of] p2a: Snow Monkey\n|-enditem|p1a: P3ngu1n|Booster Energy\n|-activate|p1a: P3ngu1n|ability: Quark Drive|[fromitem]\n|-start|p1a: P3ngu1n|quarkdrivespe\n|turn|1\n|\n|t:|1700906856\n|move|p1b: laugh|Rage Powder|p1b: laugh\n|-singleturn|p1b: laugh|move: Rage Powder\n|move|p1a: P3ngu1n|Blizzard|p2a: Snow Monkey|[spread] p2a,p2b\n|-damage|p2a: Snow Monkey|58\/100\n|-damage|p2b: MammothlokinAss|41\/100\n|move|p2b: MammothlokinAss|Icicle Spear|p1b: laugh\n|-supereffective|p1b: laugh\n|-damage|p1b: laugh|80\/100\n|-supereffective|p1b: laugh\n|-damage|p1b: laugh|58\/100\n|-supereffective|p1b: laugh\n|-damage|p1b: laugh|38\/100\n|-hitcount|p1b: laugh|3\n|move|p2a: Snow Monkey|Blizzard|p1b: laugh|[spread] p1a,p1b\n|-resisted|p1a: P3ngu1n\n|-supereffective|p1b: laugh\n|-damage|p1a: P3ngu1n|86\/100\n|-damage|p1b: laugh|0 fnt\n|faint|p1b: laugh\n|\n|-weather|Snow|[upkeep]\n|upkeep\n|\n|t:|1700906874\n|switch|p1b: Nitee|Dragonite, M, shiny|100\/100\n|turn|2\n|\n|t:|1700906900\n|switch|p2b: (Frosl)Ass|Froslass, F, shiny|100\/100\n|move|p1a: P3ngu1n|Blizzard|p2a: Snow Monkey|[spread] p2a,p2b\n|-resisted|p2b: (Frosl)Ass\n|-damage|p2a: Snow Monkey|14\/100\n|-damage|p2b: (Frosl)Ass|70\/100\n|move|p1b: Nitee|Dragon Dance|p1b: Nitee\n|-boost|p1b: Nitee|atk|1\n|-boost|p1b: Nitee|spe|1\n|move|p2a: Snow Monkey|Aurora Veil|p2a: Snow Monkey\n|-sidestart|p2: TakingW'S-isMyJOB|move: Aurora Veil\n|\n|-weather|Snow|[upkeep]\n|upkeep\n|turn|3\n|\n|t:|1700906927\n|switch|p2a: Naruto|Ninetales-Alola, M|100\/100\n|move|p1b: Nitee|Extreme Speed|p2b: (Frosl)Ass\n|-immune|p2b: (Frosl)Ass\n|move|p1a: P3ngu1n|Acrobatics|p2a: Naruto\n|-damage|p2a: Naruto|86\/100\n|move|p2b: (Frosl)Ass|Blizzard|p1a: P3ngu1n|[spread] p1a,p1b\n|-resisted|p1a: P3ngu1n\n|-supereffective|p1b: Nitee\n|-damage|p1a: P3ngu1n|73\/100\n|-damage|p1b: Nitee|16\/100\n|\n|-weather|Snow|[upkeep]\n|-heal|p1b: Nitee|22\/100|[from] item: Leftovers\n|upkeep\n|turn|4\n|c|\u2606TakingW'S-isMyJOB|Hi\n|c|\u2606maybenotxand|i am so smart\n|c|\u2606maybenotxand|hit the ghost\n|c|\u2606maybenotxand|with a normal move\n|c|\u2606TakingW'S-isMyJOB|I'm not gonna\n|\n|t:|1700906972\n|switch|p1b: Fryden|Ceruledge, M|100\/100\n|move|p1a: P3ngu1n|Blizzard|p2a: Naruto|[spread] p2a,p2b\n|-resisted|p2a: Naruto\n|-resisted|p2b: (Frosl)Ass\n|-damage|p2a: Naruto|69\/100\n|-damage|p2b: (Frosl)Ass|51\/100\n|move|p2b: (Frosl)Ass|Blizzard|p1a: P3ngu1n|[spread] p1a,p1b\n|-resisted|p1a: P3ngu1n\n|-resisted|p1b: Fryden\n|-damage|p1a: P3ngu1n|59\/100\n|-damage|p1b: Fryden|87\/100\n|move|p2a: Naruto|Blizzard|p1b: Fryden|[spread] p1a,p1b\n|-resisted|p1a: P3ngu1n\n|-resisted|p1b: Fryden\n|-damage|p1a: P3ngu1n|40\/100\n|-damage|p1b: Fryden|68\/100\n|-status|p1b: Fryden|frz\n|\n|-weather|Snow|[upkeep]\n|upkeep\n|turn|5\n|\n|t:|1700906991\n|move|p1a: P3ngu1n|Protect|p1a: P3ngu1n\n|-singleturn|p1a: P3ngu1n|Protect\n|move|p2b: (Frosl)Ass|Blizzard|p1a: P3ngu1n|[spread] p1b\n|-activate|p1a: P3ngu1n|move: Protect\n|-resisted|p1b: Fryden\n|-damage|p1b: Fryden|54\/100 frz\n|move|p2a: Naruto|Blizzard|p1b: Fryden|[spread] p1b\n|-activate|p1a: P3ngu1n|move: Protect\n|-resisted|p1b: Fryden\n|-damage|p1b: Fryden|36\/100 frz\n|cant|p1b: Fryden|frz\n|\n|-weather|Snow|[upkeep]\n|upkeep\n|turn|6\n|c|\u2606TakingW'S-isMyJOB|Do I look like an idiot\n|\n|t:|1700907022\n|-end|p1a: P3ngu1n|Quark Drive|[silent]\n|switch|p1a: Jetlag|Iron Valiant, shiny|100\/100\n|move|p2b: (Frosl)Ass|Blizzard|p1a: Jetlag|[spread] p1a,p1b\n|-resisted|p1b: Fryden\n|-damage|p1a: Jetlag|57\/100\n|-damage|p1b: Fryden|21\/100 frz\n|move|p2a: Naruto|Blizzard|p1a: Jetlag|[spread] p1a,p1b\n|-resisted|p1b: Fryden\n|-damage|p1a: Jetlag|0 fnt\n|-damage|p1b: Fryden|0 fnt\n|faint|p1a: Jetlag\n|-end|p1a: Jetlag|Quark Drive|[silent]\n|faint|p1b: Fryden\n|\n|-weather|Snow|[upkeep]\n|-sideend|p2: TakingW'S-isMyJOB|move: Aurora Veil\n|upkeep\n|c|\u2606TakingW'S-isMyJOB|Moron\n|c|\u2606maybenotxand|nah\n|c|\u2606TakingW'S-isMyJOB|Dead\n|c|\u2606TakingW'S-isMyJOB|Hahaha\n|\n|t:|1700907037\n|switch|p1a: L Pokemon|Meowscarada, F|100\/100\n|switch|p1b: P3ngu1n|Iron Bundle, shiny|40\/100\n|turn|7\n|\n|t:|1700907049\n|switch|p2a: Snow Monkey|Abomasnow, M|14\/100\n|move|p1b: P3ngu1n|Protect|p1b: P3ngu1n\n|-singleturn|p1b: P3ngu1n|Protect\n|move|p1a: L Pokemon|Shadow Claw|p2b: (Frosl)Ass\n|-start|p1a: L Pokemon|typechange|Ghost|[from] ability: Protean\n|-supereffective|p2b: (Frosl)Ass\n|-damage|p2b: (Frosl)Ass|0 fnt\n|faint|p2b: (Frosl)Ass\n|\n|-weather|Snow|[upkeep]\n|upkeep\n|\n|t:|1700907061\n|switch|p2b: King Penguin|Empoleon, F|100\/100\n|turn|8\n|\n|t:|1700907075\n|move|p1b: P3ngu1n|Acrobatics|p2a: Snow Monkey\n|-supereffective|p2a: Snow Monkey\n|-damage|p2a: Snow Monkey|0 fnt\n|faint|p2a: Snow Monkey\n|move|p1a: L Pokemon|Shadow Claw|p2b: King Penguin\n|-damage|p2b: King Penguin|48\/100\n|-damage|p1a: L Pokemon|84\/100|[from] item: Rocky Helmet|[of] p2b: King Penguin\n|move|p2b: King Penguin|Blizzard|p1a: L Pokemon|[spread] p1a,p1b\n|-resisted|p1b: P3ngu1n\n|-damage|p1a: L Pokemon|53\/100\n|-damage|p1b: P3ngu1n|28\/100\n|\n|-weather|none\n|upkeep\n|\n|t:|1700907088\n|switch|p2a: Naruto|Ninetales-Alola, M|69\/100\n|turn|9\n|\n|t:|1700907102\n|move|p2a: Naruto|Helping Hand|p2b: King Penguin\n|-singleturn|p2b: King Penguin|Helping Hand|[of] p2a: Naruto\n|move|p1b: P3ngu1n|Hydro Pump|p2a: Naruto\n|-damage|p2a: Naruto|2\/100\n|move|p1a: L Pokemon|Shadow Claw|p2a: Naruto\n|-crit|p2a: Naruto\n|-damage|p2a: Naruto|0 fnt\n|faint|p2a: Naruto\n|move|p2b: King Penguin|Brick Break|p1b: P3ngu1n\n|-supereffective|p1b: P3ngu1n\n|-damage|p1b: P3ngu1n|0 fnt\n|faint|p1b: P3ngu1n\n|-end|p1b: P3ngu1n|Quark Drive|[silent]\n|\n|upkeep\n|\n|t:|1700907115\n|switch|p1b: Nitee|Dragonite, M, shiny|22\/100\n|switch|p2a: CowWithValcano|Camerupt, F|100\/100\n|turn|10\n|c|\u2606TakingW'S-isMyJOB|L\n|\n|t:|1700907144\n|move|p1a: L Pokemon|Shadow Claw|p2a: CowWithValcano\n|-damage|p2a: CowWithValcano|40\/100\n|move|p1b: Nitee|Earthquake|p2a: CowWithValcano|[spread] p1a,p2a,p2b\n|-supereffective|p2a: CowWithValcano\n|-supereffective|p2b: King Penguin\n|-damage|p1a: L Pokemon|21\/100\n|-damage|p2a: CowWithValcano|0 fnt\n|-damage|p2b: King Penguin|1\/100\n|faint|p2a: CowWithValcano\n|move|p2b: King Penguin|Blizzard|p1b: Nitee|[spread] p1a,p1b\n|-crit|p1a: L Pokemon\n|-supereffective|p1b: Nitee\n|-damage|p1a: L Pokemon|0 fnt\n|-damage|p1b: Nitee|0 fnt\n|faint|p1a: L Pokemon\n|faint|p1b: Nitee\n|\n|win|TakingW'S-isMyJOB\n|raw|maybenotxand's rating: 1039 &rarr; <strong>1023<\/strong><br \/>(-16 for losing)\n|raw|TakingW&apos;S-isMyJOB's rating: 1040 &rarr; <strong>1074<\/strong><br \/>(+34 for winning)\n|c|\u2606maybenotxand|gg\n|c|\u2606TakingW'S-isMyJOB|Lllllllll\n|l|\u2606TakingW'S-isMyJOB\n|c|\u2606maybenotxand|close than i thought tbh\n","uploadtime":1700907390,"views":5,"p1id":"maybenotxand","p2id":"takingwsismyjob","formatid":"gen9doublesou","rating":1023,"private":0,"password":""}