{"id":"gen9doublesou-1981564047","p1":"Blu3per","p2":"balloongrapes","format":"[Gen 9] Doubles OU","log":"|j|\u2606Blu3per\n|j|\u2606balloongrapes\n|t:|1698918991\n|gametype|doubles\n|player|p1|Blu3per|1|1374\n|player|p2|balloongrapes|2|1236\n|teamsize|p1|6\n|teamsize|p2|6\n|gen|9\n|tier|[Gen 9] Doubles OU\n|rated|\n|rule|Species Clause: Limit one of each Pok\u00e9mon\n|rule|OHKO Clause: OHKO moves are banned\n|rule|Evasion Moves Clause: Evasion moves are banned\n|rule|Gravity Sleep Clause: The combination of sleep-inducing moves with imperfect accuracy and Gravity or Gigantamax Orbeetle are banned\n|rule|Endless Battle Clause: Forcing endless battles is banned\n|rule|HP Percentage Mod: HP is shown in percentages\n|clearpoke\n|poke|p1|Sneasler, F|\n|poke|p1|Walking Wake|\n|poke|p1|Flutter Mane|\n|poke|p1|Cresselia, F|\n|poke|p1|Tornadus, M|\n|poke|p1|Arcanine-Hisui, M|\n|poke|p2|Maushold-Four|\n|poke|p2|Roaring Moon|\n|poke|p2|Klefki, M|\n|poke|p2|Talonflame, M|\n|poke|p2|Ceruledge, M|\n|poke|p2|Rabsca, M|\n|teampreview\n|inactive|Battle timer is ON: inactive players will automatically lose when time's up. (requested by balloongrapes)\n|\n|t:|1698919009\n|start\n|switch|p1a: Sneasler|Sneasler, F|100\/100\n|switch|p1b: Flutter Mane|Flutter Mane|100\/100\n|switch|p2a: Roaring Moon|Roaring Moon|100\/100\n|switch|p2b: Klefki|Klefki, M|100\/100\n|turn|1\n|\n|t:|1698919033\n|switch|p2b: Talonflame|Talonflame, M|100\/100\n|-terastallize|p2a: Roaring Moon|Rock\n|move|p1a: Sneasler|Fake Out|p2b: Talonflame\n|-damage|p2b: Talonflame|84\/100\n|-enditem|p2b: Talonflame|Red Card|[of] p1a: Sneasler\n|drag|p1a: Walking Wake|Walking Wake|100\/100\n|move|p2a: Roaring Moon|Earthquake|p1b: Flutter Mane|[spread] p1a,p1b\n|-immune|p2b: Talonflame\n|-damage|p1a: Walking Wake|69\/100\n|-damage|p1b: Flutter Mane|39\/100\n|move|p1b: Flutter Mane|Dazzling Gleam|p2a: Roaring Moon|[spread] p2a,p2b\n|-resisted|p2b: Talonflame\n|-damage|p2a: Roaring Moon|71\/100\n|-damage|p2b: Talonflame|66\/100\n|\n|upkeep\n|turn|2\n|\n|t:|1698919056\n|move|p2a: Roaring Moon|Earthquake|p1b: Flutter Mane|[spread] p1a,p1b\n|-immune|p2b: Talonflame\n|-damage|p1a: Walking Wake|41\/100\n|-damage|p1b: Flutter Mane|0 fnt\n|faint|p1b: Flutter Mane\n|-end|p1b: Flutter Mane|Protosynthesis|[silent]\n|move|p2b: Talonflame|Air Slash|p1a: Walking Wake\n|-damage|p1a: Walking Wake|17\/100\n|move|p1a: Walking Wake|Scald|p2a: Roaring Moon\n|-supereffective|p2a: Roaring Moon\n|-damage|p2a: Roaring Moon|0 fnt\n|faint|p2a: Roaring Moon\n|-end|p2a: Roaring Moon|Protosynthesis|[silent]\n|\n|upkeep\n|\n|t:|1698919073\n|switch|p1b: Arcanine|Arcanine-Hisui, M|100\/100\n|switch|p2a: Maushold|Maushold-Four|100\/100\n|-ability|p1b: Arcanine|Intimidate|boost\n|-unboost|p2a: Maushold|atk|1\n|-unboost|p2b: Talonflame|atk|1\n|turn|3\n|\n|t:|1698919084\n|move|p2b: Talonflame|Air Slash|p1a: Walking Wake\n|-damage|p1a: Walking Wake|0 fnt\n|faint|p1a: Walking Wake\n|-end|p1a: Walking Wake|Protosynthesis|[silent]\n|move|p2a: Maushold|Population Bomb|p1b: Arcanine\n|-resisted|p1b: Arcanine\n|-damage|p1b: Arcanine|98\/100\n|-resisted|p1b: Arcanine\n|-damage|p1b: Arcanine|96\/100\n|-resisted|p1b: Arcanine\n|-damage|p1b: Arcanine|93\/100\n|-resisted|p1b: Arcanine\n|-damage|p1b: Arcanine|91\/100\n|-resisted|p1b: Arcanine\n|-damage|p1b: Arcanine|88\/100\n|-resisted|p1b: Arcanine\n|-damage|p1b: Arcanine|86\/100\n|-resisted|p1b: Arcanine\n|-damage|p1b: Arcanine|84\/100\n|-resisted|p1b: Arcanine\n|-damage|p1b: Arcanine|81\/100\n|-resisted|p1b: Arcanine\n|-damage|p1b: Arcanine|79\/100\n|-resisted|p1b: Arcanine\n|-damage|p1b: Arcanine|76\/100\n|-hitcount|p1b: Arcanine|10\n|move|p1b: Arcanine|Close Combat|p2a: Maushold\n|-supereffective|p2a: Maushold\n|-enditem|p2a: Maushold|Focus Sash\n|-damage|p2a: Maushold|1\/100\n|-unboost|p1b: Arcanine|def|1\n|-unboost|p1b: Arcanine|spd|1\n|-damage|p1b: Arcanine|66\/100|[from] item: Life Orb\n|\n|upkeep\n|inactive|Blu3per has 120 seconds left.\n|\n|t:|1698919111\n|switch|p1a: Sneasler|Sneasler, F|100\/100\n|turn|4\n|\n|t:|1698919123\n|move|p1a: Sneasler|Fake Out|p2a: Maushold\n|-crit|p2a: Maushold\n|-damage|p2a: Maushold|0 fnt\n|faint|p2a: Maushold\n|move|p2b: Talonflame|Tailwind|p2b: Talonflame\n|-sidestart|p2: balloongrapes|move: Tailwind\n|move|p1b: Arcanine|Head Smash|p2b: Talonflame\n|-supereffective|p2b: Talonflame\n|-damage|p2b: Talonflame|0 fnt\n|faint|p2b: Talonflame\n|-damage|p1b: Arcanine|33\/100|[from] Recoil\n|-damage|p1b: Arcanine|23\/100|[from] item: Life Orb\n|\n|upkeep\n|\n|t:|1698919140\n|switch|p2b: Ceruledge|Ceruledge, M|100\/100\n|switch|p2a: Klefki|Klefki, M|100\/100\n|turn|5\n|inactive|balloongrapes has 120 seconds left.\n|\n|t:|1698919173\n|move|p2b: Ceruledge|Swords Dance|p2b: Ceruledge\n|-boost|p2b: Ceruledge|atk|2\n|move|p2a: Klefki|Steel Beam|p1b: Arcanine\n|-damage|p1b: Arcanine|0 fnt\n|-damage|p2a: Klefki|50\/100|[from] steelbeam\n|faint|p1b: Arcanine\n|move|p1a: Sneasler|Dire Claw|p2b: Ceruledge\n|-resisted|p2b: Ceruledge\n|-damage|p2b: Ceruledge|73\/100\n|-status|p2b: Ceruledge|par\n|\n|upkeep\n|\n|t:|1698919184\n|switch|p1b: Jesse Pinkman|Tornadus, M|100\/100\n|turn|6\n|\n|t:|1698919192\n|move|p2a: Klefki|Sunny Day|p2a: Klefki\n|-weather|SunnyDay\n|move|p1a: Sneasler|Dire Claw|p2b: Ceruledge\n|-resisted|p2b: Ceruledge\n|-damage|p2b: Ceruledge|48\/100 par\n|cant|p2b: Ceruledge|par\n|move|p1b: Jesse Pinkman|Bleakwind Storm|p2b: Ceruledge|[spread] p2a,p2b\n|-resisted|p2a: Klefki\n|-damage|p2a: Klefki|31\/100\n|-damage|p2b: Ceruledge|14\/100 par\n|\n|-weather|SunnyDay|[upkeep]\n|upkeep\n|turn|7\n|\n|t:|1698919208\n|move|p2a: Klefki|Reflect|p2a: Klefki\n|-sidestart|p2: balloongrapes|Reflect\n|move|p1a: Sneasler|Dire Claw|p2b: Ceruledge\n|-resisted|p2b: Ceruledge\n|-damage|p2b: Ceruledge|0 fnt\n|faint|p2b: Ceruledge\n|move|p1b: Jesse Pinkman|Bleakwind Storm|p2a: Klefki\n|-resisted|p2a: Klefki\n|-damage|p2a: Klefki|4\/100\n|\n|-weather|SunnyDay|[upkeep]\n|-sideend|p2: balloongrapes|move: Tailwind\n|upkeep\n|\n|t:|1698919210\n|switch|p2b: Rabsca|Rabsca, M|100\/100\n|turn|8\n|\n|t:|1698919223\n|move|p2a: Klefki|Light Screen|p2a: Klefki\n|-sidestart|p2: balloongrapes|move: Light Screen\n|move|p1a: Sneasler|Dire Claw|p2b: Rabsca\n|-damage|p2b: Rabsca|70\/100\n|move|p1b: Jesse Pinkman|Bleakwind Storm|p2b: Rabsca|[spread] p2a\n|-miss|p1b: Jesse Pinkman|p2b: Rabsca\n|-resisted|p2a: Klefki\n|-damage|p2a: Klefki|0 fnt\n|faint|p2a: Klefki\n|move|p2b: Rabsca|Revival Blessing|p2b: Rabsca\n|-enditem|p2b: Rabsca|Leppa Berry|[eat]\n|-activate|p2b: Rabsca|item: Leppa Berry|Revival Blessing|[consumed]\n|\n|t:|1698919230\n|-heal|p2: Roaring Moon|50\/100|[from] move: Revival Blessing\n|\n|-weather|SunnyDay|[upkeep]\n|upkeep\n|\n|t:|1698919232\n|switch|p2a: Roaring Moon|Roaring Moon|50\/100\n|-activate|p2a: Roaring Moon|ability: Protosynthesis\n|-start|p2a: Roaring Moon|protosynthesisatk\n|turn|9\n|\n|t:|1698919243\n|move|p2a: Roaring Moon|Rock Slide|p1b: Jesse Pinkman|[spread] p1a,p1b\n|-resisted|p1a: Sneasler\n|-supereffective|p1b: Jesse Pinkman\n|-damage|p1a: Sneasler|75\/100\n|-damage|p1b: Jesse Pinkman|20\/100\n|cant|p1a: Sneasler|flinch\n|cant|p1b: Jesse Pinkman|flinch\n|move|p2b: Rabsca|Psychic|p1a: Sneasler\n|-supereffective|p1a: Sneasler\n|-damage|p1a: Sneasler|0 fnt\n|faint|p1a: Sneasler\n|\n|-weather|SunnyDay|[upkeep]\n|-heal|p1b: Jesse Pinkman|26\/100|[from] item: Leftovers\n|upkeep\n|\n|t:|1698919252\n|switch|p1a: Cresselia|Cresselia, F|100\/100\n|turn|10\n|\n|t:|1698919263\n|move|p1b: Jesse Pinkman|Tailwind|p1b: Jesse Pinkman\n|-sidestart|p1: Blu3per|move: Tailwind\n|move|p2a: Roaring Moon|Rock Slide|p1b: Jesse Pinkman|[spread] p1a\n|-miss|p2a: Roaring Moon|p1b: Jesse Pinkman\n|-crit|p1a: Cresselia\n|-damage|p1a: Cresselia|71\/100\n|move|p1a: Cresselia|Dazzling Gleam|p2a: Roaring Moon|[spread] p2a,p2b\n|-supereffective|p2a: Roaring Moon\n|-crit|p2b: Rabsca\n|-damage|p2a: Roaring Moon|20\/100\n|-damage|p2b: Rabsca|54\/100\n|move|p2b: Rabsca|Revival Blessing|p2b: Rabsca\n|\n|t:|1698919272\n|-heal|p2: Ceruledge|50\/100|[from] move: Revival Blessing\n|\n|-weather|none\n|-end|p2a: Roaring Moon|Protosynthesis\n|-heal|p1b: Jesse Pinkman|33\/100|[from] item: Leftovers\n|-heal|p1a: Cresselia|78\/100|[from] item: Leftovers\n|upkeep\n|turn|11\n|\n|t:|1698919287\n|move|p1b: Jesse Pinkman|Bleakwind Storm|p2b: Rabsca|[spread] p2b\n|-miss|p1b: Jesse Pinkman|p2a: Roaring Moon\n|-supereffective|p2b: Rabsca\n|-damage|p2b: Rabsca|13\/100\n|-unboost|p2b: Rabsca|spe|1\n|move|p2a: Roaring Moon|Rock Slide|p1a: Cresselia|[spread] p1a,p1b\n|-supereffective|p1b: Jesse Pinkman\n|-damage|p1a: Cresselia|64\/100\n|-damage|p1b: Jesse Pinkman|0 fnt\n|faint|p1b: Jesse Pinkman\n|cant|p1a: Cresselia|flinch\n|move|p2b: Rabsca|Bug Buzz|p1a: Cresselia\n|-supereffective|p1a: Cresselia\n|-damage|p1a: Cresselia|4\/100\n|\n|-heal|p1a: Cresselia|10\/100|[from] item: Leftovers\n|upkeep\n|turn|12\n|c|\u2606Blu3per|Krijg kanker\n|n|\u203dBlu3per|blu3per\n|c|&|\/log Blu3per was locked from talking by Artemis. (\u2606Blu3per: Krijg kanker)\n|c|&|\/raw <small>This action was done automatically. Want to learn more about the AI? <a href=\"https:\/\/www.smogon.com\/forums\/threads\/3570628\/#post-9056769\">Visit the information thread<\/a>.<\/small>\n|-message|Blu3per forfeited.\n|\n|win|balloongrapes\n|raw|Blu3per's rating: 1374 &rarr; <strong>1346<\/strong><br \/>(-28 for losing)\n|raw|balloongrapes's rating: 1236 &rarr; <strong>1270<\/strong><br \/>(+34 for winning)\n","uploadtime":1698919304,"views":28,"p1id":"blu3per","p2id":"balloongrapes","formatid":"gen9doublesou","rating":1270,"private":0,"password":""}