{"id":"gen9doublesou-1968529645","p1":"AntoHoyu","p2":"il0vedoinggawkgawk","format":"[Gen 9] Doubles OU","log":"|j|\u2606AntoHoyu\n|j|\u2606il0vedoinggawkgawk\n|t:|1697429008\n|gametype|doubles\n|player|p1|AntoHoyu|266|1070\n|player|p2|il0vedoinggawkgawk|102|1098\n|teamsize|p1|6\n|teamsize|p2|6\n|gen|9\n|tier|[Gen 9] Doubles OU\n|rated|\n|rule|Species Clause: Limit one of each Pok\u00e9mon\n|rule|OHKO Clause: OHKO moves are banned\n|rule|Evasion Moves Clause: Evasion moves are banned\n|rule|Gravity Sleep Clause: The combination of sleep-inducing moves with imperfect accuracy and Gravity or Gigantamax Orbeetle are banned\n|rule|Endless Battle Clause: Forcing endless battles is banned\n|rule|HP Percentage Mod: HP is shown in percentages\n|clearpoke\n|poke|p1|Azelf|\n|poke|p1|Ninetales-Alola, F|\n|poke|p1|Pelipper, F|\n|poke|p1|Staraptor, F|\n|poke|p1|Basculin-White-Striped, F|\n|poke|p1|Basculegion, M|\n|poke|p2|Ogerpon-Wellspring, F|\n|poke|p2|Pelipper, M|\n|poke|p2|Zapdos|\n|poke|p2|Great Tusk|\n|poke|p2|Gholdengo|\n|poke|p2|Basculegion, M|\n|teampreview\n|inactive|Battle timer is ON: inactive players will automatically lose when time's up. (requested by AntoHoyu)\n|\n|t:|1697429019\n|start\n|switch|p1a: Ninetales|Ninetales-Alola, F|100\/100\n|switch|p1b: Staraptor|Staraptor, F|100\/100\n|switch|p2a: Ogerpon|Ogerpon-Wellspring, F|100\/100\n|switch|p2b: Basculegion|Basculegion, M, shiny|100\/100\n|-ability|p1b: Staraptor|Intimidate|boost\n|-unboost|p2a: Ogerpon|atk|1\n|-unboost|p2b: Basculegion|atk|1\n|-weather|Snow|[from] ability: Snow Warning|[of] p1a: Ninetales\n|turn|1\n|\n|t:|1697429038\n|move|p1b: Staraptor|Final Gambit|p1a: Ninetales\n|-damage|p1a: Ninetales|0 fnt\n|faint|p1b: Staraptor\n|faint|p1a: Ninetales\n|move|p2a: Ogerpon|Swords Dance|p2a: Ogerpon\n|-boost|p2a: Ogerpon|atk|2\n|move|p2b: Basculegion|Wave Crash|p1: Ninetales|[notarget]\n|-fail|p2b: Basculegion\n|\n|-weather|Snow|[upkeep]\n|upkeep\n|\n|t:|1697429050\n|switch|p1a: Azelf|Azelf|100\/100\n|switch|p1b: Basculin|Basculin-White-Striped, F|100\/100\n|turn|2\n|\n|t:|1697429066\n|switch|p2b: Pelipper|Pelipper, M|100\/100\n|-weather|RainDance|[from] ability: Drizzle|[of] p2b: Pelipper\n|-terastallize|p1b: Basculin|Ghost\n|move|p1b: Basculin|Last Respects|p2b: Pelipper\n|-damage|p2b: Pelipper|38\/100\n|move|p1a: Azelf|Explosion|p2a: Ogerpon|[spread] p2a,p2b\n|-immune|p1b: Basculin\n|-damage|p2a: Ogerpon|0 fnt\n|-damage|p2b: Pelipper|0 fnt\n|faint|p1a: Azelf\n|faint|p2a: Ogerpon\n|faint|p2b: Pelipper\n|\n|-weather|RainDance|[upkeep]\n|upkeep\n|\n|t:|1697429086\n|switch|p1a: Basculegion|Basculegion, M|100\/100\n|switch|p2a: Basculegion|Basculegion, M, shiny|100\/100\n|switch|p2b: Zapdos|Zapdos|100\/100\n|turn|3\n|\n|t:|1697429101\n|move|p1a: Basculegion|Last Respects|p2a: Basculegion\n|-supereffective|p2a: Basculegion\n|-damage|p2a: Basculegion|0 fnt\n|faint|p2a: Basculegion\n|-damage|p1a: Basculegion|91\/100|[from] item: Life Orb\n|move|p1b: Basculin|Last Respects|p2b: Zapdos\n|-crit|p2b: Zapdos\n|-damage|p2b: Zapdos|0 fnt\n|faint|p2b: Zapdos\n|\n|-weather|RainDance|[upkeep]\n|upkeep\n|\n|t:|1697429115\n|switch|p2a: Gholdengo|Gholdengo|100\/100\n|switch|p2b: Great Tusk|Great Tusk|100\/100\n|-item|p2a: Gholdengo|Air Balloon\n|turn|4\n|\n|t:|1697429129\n|-terastallize|p2a: Gholdengo|Steel\n|move|p1a: Basculegion|Last Respects|p2b: Great Tusk\n|-damage|p2b: Great Tusk|38\/100\n|-damage|p1a: Basculegion|81\/100|[from] item: Life Orb\n|move|p1b: Basculin|Last Respects|p2a: Gholdengo\n|-damage|p2a: Gholdengo|0 fnt\n|-enditem|p2a: Gholdengo|Air Balloon\n|faint|p2a: Gholdengo\n|move|p2b: Great Tusk|Knock Off|p1b: Basculin\n|-supereffective|p1b: Basculin\n|-damage|p1b: Basculin|7\/100\n|-enditem|p1b: Basculin|Choice Scarf|[from] move: Knock Off|[of] p2b: Great Tusk\n|\n|-weather|RainDance|[upkeep]\n|-heal|p2b: Great Tusk|45\/100|[from] item: Leftovers\n|upkeep\n|turn|5\n|-message|il0vedoinggawkgawk forfeited.\n|\n|win|AntoHoyu\n|raw|AntoHoyu's rating: 1070 &rarr; <strong>1102<\/strong><br \/>(+32 for winning)\n|raw|il0vedoinggawkgawk's rating: 1098 &rarr; <strong>1071<\/strong><br \/>(-27 for losing)\n|l|\u2606il0vedoinggawkgawk\n","uploadtime":1697429150,"views":18,"p1id":"antohoyu","p2id":"il0vedoinggawkgawk","formatid":"gen9doublesou","rating":1071,"private":0,"password":""}