{"id":"gen9doublesou-1983706791","p1":"DoerreKong","p2":"tripleesama","format":"[Gen 9] Doubles OU","log":"|j|\u2606DoerreKong\n|j|\u2606tripleesama\n|t:|1699164398\n|gametype|doubles\n|player|p1|DoerreKong|ltsurge|1653\n|player|p2|tripleesama|cynthia-gen4|1577\n|teamsize|p1|6\n|teamsize|p2|6\n|gen|9\n|tier|[Gen 9] Doubles OU\n|rated|\n|rule|Species Clause: Limit one of each Pok\u00e9mon\n|rule|OHKO Clause: OHKO moves are banned\n|rule|Evasion Moves Clause: Evasion moves are banned\n|rule|Gravity Sleep Clause: The combination of sleep-inducing moves with imperfect accuracy and Gravity or Gigantamax Orbeetle are banned\n|rule|Endless Battle Clause: Forcing endless battles is banned\n|rule|HP Percentage Mod: HP is shown in percentages\n|clearpoke\n|poke|p1|Torkoal, F|\n|poke|p1|Cresselia, F|\n|poke|p1|Diancie|\n|poke|p1|Iron Hands|\n|poke|p1|Amoonguss, F|\n|poke|p1|Dragonite, F|\n|poke|p2|Cresselia, F|\n|poke|p2|Amoonguss, F|\n|poke|p2|Snorlax, M|\n|poke|p2|Volcanion|\n|poke|p2|Kleavor, F|\n|poke|p2|Diancie|\n|teampreview\n|inactive|Battle timer is ON: inactive players will automatically lose when time's up. (requested by tripleesama)\n|inactive|DoerreKong also wants the timer to be on.\n|c|\u2606tripleesama|Glhf\n|inactive|DoerreKong has 120 seconds left.\n|\n|t:|1699164434\n|start\n|switch|p1a: Iron Hands|Iron Hands|100\/100\n|switch|p1b: Amoonguss|Amoonguss, F|100\/100\n|switch|p2a: Kleavor|Kleavor, F, shiny|100\/100\n|switch|p2b: Snorlax|Snorlax, M, shiny|100\/100\n|turn|1\n|\n|t:|1699164451\n|-terastallize|p2b: Snorlax|Fairy\n|move|p1a: Iron Hands|Fake Out|p2a: Kleavor\n|-resisted|p2a: Kleavor\n|-damage|p2a: Kleavor|93\/100\n|cant|p2a: Kleavor|flinch\n|move|p1b: Amoonguss|Spore|p2a: Kleavor\n|-status|p2a: Kleavor|slp|[from] move: Spore\n|move|p2b: Snorlax|Curse|p2b: Snorlax\n|-unboost|p2b: Snorlax|spe|1\n|-boost|p2b: Snorlax|atk|1\n|-boost|p2b: Snorlax|def|1\n|\n|upkeep\n|turn|2\n|-activate|p1b: Amoonguss|item: Quick Claw\n|\n|t:|1699164464\n|switch|p2a: Cresselia|Cresselia, F, shiny|100\/100\n|move|p1b: Amoonguss|Spore|p2b: Snorlax\n|-status|p2b: Snorlax|slp|[from] move: Spore\n|move|p1a: Iron Hands|Iron Defense|p1a: Iron Hands\n|-boost|p1a: Iron Hands|def|2\n|cant|p2b: Snorlax|slp\n|\n|upkeep\n|turn|3\n|\n|t:|1699164476\n|move|p2a: Cresselia|Lunar Blessing|p2a: Cresselia|[spread] p2a,p2b\n|-curestatus|p2b: Snorlax|slp|[msg]\n|move|p1a: Iron Hands|Iron Defense|p1a: Iron Hands\n|-boost|p1a: Iron Hands|def|2\n|move|p1b: Amoonguss|Spore|p2a: Cresselia\n|-status|p2a: Cresselia|slp|[from] move: Spore\n|move|p2b: Snorlax|Ice Punch|p1b: Amoonguss\n|-supereffective|p1b: Amoonguss\n|-damage|p1b: Amoonguss|35\/100\n|\n|upkeep\n|turn|4\n|\n|t:|1699164491\n|cant|p2a: Cresselia|slp\n|move|p1a: Iron Hands|Iron Defense|p1a: Iron Hands\n|-boost|p1a: Iron Hands|def|2\n|move|p1b: Amoonguss|Spore|p2b: Snorlax\n|-status|p2b: Snorlax|slp|[from] move: Spore\n|cant|p2b: Snorlax|slp\n|\n|upkeep\n|turn|5\n|inactive|DoerreKong has 120 seconds left.\n|\n|t:|1699164524\n|switch|p2a: Amoonguss|Amoonguss, F, shiny|100\/100\n|switch|p1b: Diancie|Diancie|100\/100\n|move|p1a: Iron Hands|Body Press|p2a: Amoonguss\n|-resisted|p2a: Amoonguss\n|-damage|p2a: Amoonguss|20\/100\n|-damage|p1a: Iron Hands|84\/100|[from] item: Rocky Helmet|[of] p2a: Amoonguss\n|cant|p2b: Snorlax|slp\n|\n|-heal|p1a: Iron Hands|90\/100|[from] item: Leftovers\n|upkeep\n|turn|6\n|\n|t:|1699164539\n|switch|p2a: Cresselia|Cresselia, F, shiny|100\/100 slp\n|move|p1b: Diancie|Diamond Storm|p2b: Snorlax|[spread] p2a\n|-miss|p1b: Diancie|p2b: Snorlax\n|-damage|p2a: Cresselia|84\/100 slp\n|-boost|p1b: Diancie|def|2\n|move|p1a: Iron Hands|Body Press|p2b: Snorlax\n|-resisted|p2b: Snorlax\n|-damage|p2b: Snorlax|45\/100 slp\n|-curestatus|p2b: Snorlax|slp|[msg]\n|move|p2b: Snorlax|Curse|p2b: Snorlax\n|-unboost|p2b: Snorlax|spe|1\n|-boost|p2b: Snorlax|atk|1\n|-boost|p2b: Snorlax|def|1\n|\n|-heal|p1a: Iron Hands|96\/100|[from] item: Leftovers\n|-heal|p2b: Snorlax|51\/100|[from] item: Leftovers\n|upkeep\n|turn|7\n|\n|t:|1699164557\n|move|p1b: Diancie|Diamond Storm|p2a: Cresselia|[spread] p2a,p2b\n|-damage|p2a: Cresselia|66\/100 slp\n|-damage|p2b: Snorlax|38\/100\n|-boost|p1b: Diancie|def|2\n|move|p1a: Iron Hands|Body Press|p2b: Snorlax\n|-resisted|p2b: Snorlax\n|-damage|p2b: Snorlax|0 fnt\n|faint|p2b: Snorlax\n|cant|p2a: Cresselia|slp\n|\n|-heal|p1a: Iron Hands|100\/100|[from] item: Leftovers\n|upkeep\n|-message|tripleesama forfeited.\n|\n|win|DoerreKong\n|raw|DoerreKong's rating: 1653 &rarr; <strong>1669<\/strong><br \/>(+16 for winning)\n|raw|tripleesama's rating: 1577 &rarr; <strong>1561<\/strong><br \/>(-16 for losing)\n|l|\u2606tripleesama\n","uploadtime":1699164567,"views":12,"p1id":"doerrekong","p2id":"tripleesama","formatid":"gen9doublesou","rating":1561,"private":0,"password":""}