{"id":"gen9doublesou-1987932628","p1":"MiseryCloudNoah","p2":"Xinxs17","format":"[Gen 9] Doubles OU","log":"|j|\u2606MiseryCloudNoah\n|j|\u2606Xinxs17\n|t:|1699650497\n|gametype|doubles\n|player|p1|MiseryCloudNoah|n|1053\n|player|p2|Xinxs17|cynthia-gen4|1074\n|teamsize|p1|6\n|teamsize|p2|6\n|gen|9\n|tier|[Gen 9] Doubles OU\n|rated|\n|rule|Species Clause: Limit one of each Pok\u00e9mon\n|rule|OHKO Clause: OHKO moves are banned\n|rule|Evasion Moves Clause: Evasion moves are banned\n|rule|Gravity Sleep Clause: The combination of sleep-inducing moves with imperfect accuracy and Gravity or Gigantamax Orbeetle are banned\n|rule|Endless Battle Clause: Forcing endless battles is banned\n|rule|HP Percentage Mod: HP is shown in percentages\n|clearpoke\n|poke|p1|Crabominable, F|\n|poke|p1|Drednaw, F|\n|poke|p1|Sinistcha|\n|poke|p1|Pelipper, F|\n|poke|p1|Poliwrath, M|\n|poke|p1|Quaquaval, F|\n|poke|p2|Slaking, F|\n|poke|p2|Weezing-Galar, F|\n|poke|p2|Landorus-Therian, M|\n|poke|p2|Jumpluff, M|\n|poke|p2|Meowscarada, M|\n|poke|p2|Samurott-Hisui, M|\n|teampreview\n|inactive|Battle timer is ON: inactive players will automatically lose when time's up. (requested by MiseryCloudNoah)\n|\n|t:|1699650535\n|start\n|switch|p1a: Poliwrath|Poliwrath, M|100\/100\n|switch|p1b: Pelipper|Pelipper, F, shiny|100\/100\n|switch|p2a: Meowscarada|Meowscarada, M|100\/100\n|switch|p2b: Samurott|Samurott-Hisui, M|100\/100\n|-weather|RainDance|[from] ability: Drizzle|[of] p1b: Pelipper\n|turn|1\n|\n|t:|1699650559\n|move|p1a: Poliwrath|Earthquake|p2b: Samurott|[spread] p2a,p2b\n|-immune|p1b: Pelipper\n|-resisted|p2a: Meowscarada\n|-damage|p2a: Meowscarada|83\/100\n|-damage|p2b: Samurott|63\/100\n|-damage|p1a: Poliwrath|90\/100|[from] item: Life Orb\n|move|p2a: Meowscarada|Flower Trick|p1a: Poliwrath\n|-start|p2a: Meowscarada|typechange|Grass|[from] ability: Protean\n|-supereffective|p1a: Poliwrath\n|-crit|p1a: Poliwrath\n|-damage|p1a: Poliwrath|0 fnt\n|faint|p1a: Poliwrath\n|move|p2b: Samurott|Air Slash|p1b: Pelipper\n|-damage|p1b: Pelipper|51\/100\n|-damage|p2b: Samurott|53\/100|[from] item: Life Orb\n|cant|p1b: Pelipper|flinch\n|\n|-weather|RainDance|[upkeep]\n|upkeep\n|inactive|MiseryCloudNoah has 120 seconds left.\n|\n|t:|1699650577\n|switch|p1a: Sinistcha|Sinistcha|100\/100\n|-heal|p1b: Pelipper|76\/100|[from] ability: Hospitality|[of] p1a: Sinistcha\n|turn|2\n|\n|t:|1699650592\n|move|p2a: Meowscarada|Flower Trick|p1b: Pelipper\n|-crit|p1b: Pelipper\n|-damage|p1b: Pelipper|29\/100\n|move|p2b: Samurott|Air Slash|p1a: Sinistcha\n|-supereffective|p1a: Sinistcha\n|-damage|p1a: Sinistcha|18\/100\n|-damage|p2b: Samurott|43\/100|[from] item: Life Orb\n|move|p1a: Sinistcha|Nasty Plot|p1a: Sinistcha\n|-boost|p1a: Sinistcha|spa|2\n|move|p1b: Pelipper|Hurricane|p2a: Meowscarada\n|-supereffective|p2a: Meowscarada\n|-damage|p2a: Meowscarada|0 fnt\n|faint|p2a: Meowscarada\n|\n|-weather|RainDance|[upkeep]\n|upkeep\n|\n|t:|1699650608\n|switch|p2a: Jumpluff|Jumpluff, M|100\/100\n|turn|3\n|\n|t:|1699650613\n|move|p2b: Samurott|Air Slash|p1a: Sinistcha\n|-supereffective|p1a: Sinistcha\n|-damage|p1a: Sinistcha|0 fnt\n|faint|p1a: Sinistcha\n|-damage|p2b: Samurott|33\/100|[from] item: Life Orb\n|move|p2a: Jumpluff|Tailwind|p2a: Jumpluff\n|-sidestart|p2: Xinxs17|move: Tailwind\n|move|p1b: Pelipper|Hurricane|p2b: Samurott\n|-damage|p2b: Samurott|0 fnt\n|faint|p2b: Samurott\n|\n|-weather|RainDance|[upkeep]\n|upkeep\n|\n|t:|1699650625\n|switch|p2b: Landorus|Landorus-Therian, M|100\/100\n|switch|p1a: Drednaw|Drednaw, F, shiny|100\/100\n|-ability|p2b: Landorus|Intimidate|boost\n|-unboost|p1a: Drednaw|atk|1\n|-unboost|p1b: Pelipper|atk|1\n|-enditem|p1a: Drednaw|White Herb\n|-clearnegativeboost|p1a: Drednaw|[silent]\n|turn|4\n|\n|t:|1699650638\n|move|p2b: Landorus|Earthquake|p1a: Drednaw|[spread] p1a\n|-immune|p2a: Jumpluff\n|-immune|p1b: Pelipper\n|-supereffective|p1a: Drednaw\n|-crit|p1a: Drednaw\n|-damage|p1a: Drednaw|0 fnt\n|faint|p1a: Drednaw\n|move|p2a: Jumpluff|Energy Ball|p1b: Pelipper\n|-damage|p1b: Pelipper|4\/100\n|move|p1b: Pelipper|Hurricane|p2a: Jumpluff\n|-supereffective|p2a: Jumpluff\n|-enditem|p2a: Jumpluff|Focus Sash\n|-damage|p2a: Jumpluff|1\/100\n|-start|p2a: Jumpluff|confusion\n|\n|-weather|RainDance|[upkeep]\n|upkeep\n|\n|t:|1699650655\n|switch|p1a: Quaquaval|Quaquaval, F|100\/100\n|turn|5\n|\n|t:|1699650666\n|move|p2b: Landorus|Rock Slide|p1a: Quaquaval|[spread] p1a\n|-miss|p2b: Landorus|p1b: Pelipper\n|-resisted|p1a: Quaquaval\n|-damage|p1a: Quaquaval|87\/100\n|-activate|p2a: Jumpluff|confusion\n|move|p2a: Jumpluff|Energy Ball|p1a: Quaquaval\n|-supereffective|p1a: Quaquaval\n|-damage|p1a: Quaquaval|43\/100\n|move|p1a: Quaquaval|Aqua Step|p2a: Jumpluff\n|-resisted|p2a: Jumpluff\n|-damage|p2a: Jumpluff|0 fnt\n|-boost|p1a: Quaquaval|spe|1\n|faint|p2a: Jumpluff\n|-ability|p1a: Quaquaval|Moxie|boost\n|-boost|p1a: Quaquaval|atk|1\n|move|p1b: Pelipper|Hurricane|p2b: Landorus\n|-damage|p2b: Landorus|0 fnt\n|faint|p2b: Landorus\n|\n|-weather|none\n|-heal|p1a: Quaquaval|49\/100|[from] item: Leftovers\n|upkeep\n|\n|t:|1699650687\n|switch|p2b: Weezing|Weezing-Galar, F|100\/100\n|switch|p2a: Slaking|Slaking, F, shiny|100\/100\n|-ability|p2b: Weezing|Neutralizing Gas\n|-item|p2b: Weezing|Air Balloon\n|turn|6\n|\n|t:|1699650719\n|move|p1a: Quaquaval|Detect|p1a: Quaquaval\n|-singleturn|p1a: Quaquaval|Protect\n|move|p2a: Slaking|Body Slam|p1a: Quaquaval\n|-activate|p1a: Quaquaval|move: Protect\n|move|p2b: Weezing|Dazzling Gleam|p1a: Quaquaval|[spread] p1b\n|-activate|p1a: Quaquaval|move: Protect\n|-damage|p1b: Pelipper|0 fnt\n|faint|p1b: Pelipper\n|\n|-heal|p1a: Quaquaval|55\/100|[from] item: Leftovers\n|-sideend|p2: Xinxs17|move: Tailwind\n|upkeep\n|inactive|MiseryCloudNoah has 120 seconds left.\n|\n|t:|1699650730\n|switch|p1b: Crabominable|Crabominable, F, shiny|100\/100\n|turn|7\n|inactive|MiseryCloudNoah has 120 seconds left.\n|\n|t:|1699650755\n|-terastallize|p1b: Crabominable|Water\n|move|p1a: Quaquaval|Knock Off|p2a: Slaking\n|-damage|p2a: Slaking|64\/100\n|-enditem|p2a: Slaking|Leftovers|[from] move: Knock Off|[of] p1a: Quaquaval\n|move|p2a: Slaking|Body Slam|p1a: Quaquaval\n|-damage|p1a: Quaquaval|0 fnt\n|faint|p1a: Quaquaval\n|move|p2b: Weezing|Dazzling Gleam|p1b: Crabominable\n|-damage|p1b: Crabominable|72\/100\n|move|p1b: Crabominable|Crabhammer|p2a: Slaking\n|-damage|p2a: Slaking|26\/100\n|\n|upkeep\n|turn|8\n|\n|t:|1699650774\n|move|p2a: Slaking|Drain Punch|p1b: Crabominable\n|-damage|p1b: Crabominable|35\/100\n|-heal|p2a: Slaking|41\/100|[from] drain|[of] p1b: Crabominable\n|-damage|p2a: Slaking|25\/100|[from] item: Rocky Helmet|[of] p1b: Crabominable\n|move|p2b: Weezing|Dazzling Gleam|p1b: Crabominable\n|-damage|p1b: Crabominable|9\/100\n|move|p1b: Crabominable|Crabhammer|p2b: Weezing\n|-crit|p2b: Weezing\n|-damage|p2b: Weezing|33\/100\n|-enditem|p2b: Weezing|Air Balloon\n|\n|upkeep\n|turn|9\n|inactive|MiseryCloudNoah has 120 seconds left.\n|\n|t:|1699650812\n|move|p2a: Slaking|Drain Punch|p1b: Crabominable\n|-damage|p1b: Crabominable|0 fnt\n|-heal|p2a: Slaking|28\/100|[from] drain|[of] p1b: Crabominable\n|-damage|p2a: Slaking|11\/100|[from] item: Rocky Helmet|[of] p1b: Crabominable\n|faint|p1b: Crabominable\n|\n|win|Xinxs17\n|raw|MiseryCloudNoah's rating: 1053 &rarr; <strong>1036<\/strong><br \/>(-17 for losing)\n|raw|Xinxs17's rating: 1074 &rarr; <strong>1101<\/strong><br \/>(+27 for winning)\n|l|\u2606Xinxs17\n","uploadtime":1699650823,"views":22,"p1id":"miserycloudnoah","p2id":"xinxs17","formatid":"gen9doublesou","rating":1036,"private":0,"password":""}