{"id":"gen9doublesou-1977680909","p1":"cosmior","p2":"sparkyboii200","format":"[Gen 9] Doubles OU","log":"|j|\u2606cosmior\n|j|\u2606sparkyboii200\n|t:|1698438120\n|gametype|doubles\n|player|p1|cosmior|ethan|\n|player|p2|sparkyboii200|volkner-masters|\n|teamsize|p1|6\n|teamsize|p2|6\n|gen|9\n|tier|[Gen 9] Doubles OU\n|rule|Species Clause: Limit one of each Pok\u00e9mon\n|rule|OHKO Clause: OHKO moves are banned\n|rule|Evasion Moves Clause: Evasion moves are banned\n|rule|Gravity Sleep Clause: The combination of sleep-inducing moves with imperfect accuracy and Gravity or Gigantamax Orbeetle are banned\n|rule|Endless Battle Clause: Forcing endless battles is banned\n|rule|HP Percentage Mod: HP is shown in percentages\n|clearpoke\n|poke|p1|Cramorant, F|\n|poke|p1|Torkoal, F|\n|poke|p1|Leafeon, M|\n|poke|p1|Flareon, M|\n|poke|p1|Rotom-Wash|\n|poke|p1|Greninja-*, M|\n|poke|p2|Chien-Pao|\n|poke|p2|Jolteon, M|\n|poke|p2|Ninetales-Alola, F|\n|poke|p2|Chi-Yu|\n|poke|p2|Landorus-Therian, M|\n|poke|p2|Iron Hands|\n|teampreview\n|inactive|Battle timer is ON: inactive players will automatically lose when time's up. (requested by sparkyboii200)\n|\n|t:|1698438130\n|start\n|switch|p1a: Cramorant|Cramorant, F|100\/100\n|switch|p1b: Greninja|Greninja, M|100\/100\n|switch|p2a: Isheru|Chien-Pao|100\/100\n|switch|p2b: Vamp|Ninetales-Alola, F|100\/100\n|-ability|p2a: Isheru|Sword of Ruin\n|-weather|Snow|[from] ability: Snow Warning|[of] p2b: Vamp\n|turn|1\n|\n|t:|1698438149\n|move|p2a: Isheru|Swords Dance|p2a: Isheru\n|-boost|p2a: Isheru|atk|2\n|move|p1b: Greninja|Hydro Pump|p2a: Isheru\n|-damage|p2a: Isheru|8\/100\n|move|p2b: Vamp|Aurora Veil|p2b: Vamp\n|-sidestart|p2: sparkyboii200|move: Aurora Veil\n|move|p1a: Cramorant|Hyper Beam|p2b: Vamp\n|-damage|p2b: Vamp|64\/100\n|-mustrecharge|p1a: Cramorant\n|\n|-weather|Snow|[upkeep]\n|upkeep\n|turn|2\n|\n|t:|1698438163\n|move|p2a: Isheru|Protect|p2a: Isheru\n|-singleturn|p2a: Isheru|Protect\n|move|p1b: Greninja|Hydro Pump|p2a: Isheru\n|-activate|p2a: Isheru|move: Protect\n|move|p2b: Vamp|Dazzling Gleam|p1a: Cramorant|[spread] p1a,p1b\n|-crit|p1a: Cramorant\n|-supereffective|p1b: Greninja\n|-damage|p1a: Cramorant|68\/100\n|-damage|p1b: Greninja|32\/100\n|cant|p1a: Cramorant|recharge\n|\n|-weather|Snow|[upkeep]\n|-heal|p1a: Cramorant|74\/100|[from] item: Leftovers\n|upkeep\n|turn|3\n|\n|t:|1698438183\n|-terastallize|p2a: Isheru|Ghost\n|move|p1a: Cramorant|Protect|p1a: Cramorant\n|-singleturn|p1a: Cramorant|Protect\n|move|p2a: Isheru|Sucker Punch|p1b: Greninja\n|-resisted|p1b: Greninja\n|-damage|p1b: Greninja|0 fnt\n|faint|p1b: Greninja\n|move|p2b: Vamp|Dazzling Gleam|p1a: Cramorant\n|-activate|p1a: Cramorant|move: Protect\n|\n|-weather|Snow|[upkeep]\n|-heal|p1a: Cramorant|80\/100|[from] item: Leftovers\n|upkeep\n|\n|t:|1698438191\n|switch|p1b: Flareon|Flareon, M|100\/100\n|turn|4\n|\n|t:|1698438199\n|move|p2a: Isheru|Sucker Punch|p1b: Flareon\n|-crit|p1b: Flareon\n|-damage|p1b: Flareon|0 fnt\n|faint|p1b: Flareon\n|move|p2b: Vamp|Blizzard|p1a: Cramorant\n|-damage|p1a: Cramorant|40\/100\n|move|p1a: Cramorant|Surf|p2b: Vamp|[spread] p2a,p2b\n|-formechange|p1a: Cramorant|Cramorant-Gorging|\n|-crit|p2b: Vamp\n|-damage|p2a: Isheru|0 fnt\n|-damage|p2b: Vamp|14\/100\n|faint|p2a: Isheru\n|\n|-weather|Snow|[upkeep]\n|-heal|p1a: Cramorant|46\/100|[from] item: Leftovers\n|upkeep\n|\n|t:|1698438208\n|switch|p2a: Chi-Yu|Chi-Yu|100\/100\n|switch|p1b: Leafeon|Leafeon, M|100\/100\n|-ability|p2a: Chi-Yu|Beads of Ruin\n|turn|5\n|\n|t:|1698438224\n|switch|p1b: Torkoal|Torkoal, F|100\/100\n|move|p1a: Cramorant|Protect|p1a: Cramorant\n|-singleturn|p1a: Cramorant|Protect\n|move|p2b: Vamp|Blizzard|p1a: Cramorant|[spread] p1b\n|-activate|p1a: Cramorant|move: Protect\n|-resisted|p1b: Torkoal\n|-damage|p1b: Torkoal|71\/100\n|move|p2a: Chi-Yu|Heat Wave|p1a: Cramorant|[spread] \n|-activate|p1a: Cramorant|move: Protect\n|-miss|p2a: Chi-Yu|p1b: Torkoal\n|\n|-weather|none\n|-heal|p1a: Cramorant|52\/100|[from] item: Leftovers\n|-heal|p1b: Torkoal|77\/100|[from] item: Leftovers\n|upkeep\n|turn|6\n|\n|t:|1698438241\n|switch|p2b: Iron Hands|Iron Hands|100\/100\n|move|p2a: Chi-Yu|Heat Wave|p1a: Cramorant|[spread] p1a,p1b\n|-resisted|p1a: Cramorant\n|-resisted|p1b: Torkoal\n|-damage|p1a: Cramorant|15\/100\n|-damage|p1b: Torkoal|26\/100\n|-damage|p2a: Chi-Yu|76\/100|[from] ability: Gulp Missile|[of] p1a: Cramorant\n|-status|p2a: Chi-Yu|par\n|-formechange|p1a: Cramorant|Cramorant|\n|move|p1a: Cramorant|Roost|p1a: Cramorant\n|-heal|p1a: Cramorant|65\/100\n|-singleturn|p1a: Cramorant|move: Roost\n|move|p1b: Torkoal|Flamethrower|p2b: Iron Hands\n|-damage|p2b: Iron Hands|86\/100\n|\n|-heal|p1a: Cramorant|71\/100|[from] item: Leftovers\n|-heal|p1b: Torkoal|32\/100|[from] item: Leftovers\n|upkeep\n|turn|7\n|\n|t:|1698438264\n|switch|p1b: Rotom|Rotom-Wash|100\/100\n|move|p1a: Cramorant|Protect|p1a: Cramorant\n|-singleturn|p1a: Cramorant|Protect\n|move|p2a: Chi-Yu|Heat Wave|p1b: Rotom|[spread] p1b\n|-activate|p1a: Cramorant|move: Protect\n|-resisted|p1b: Rotom\n|-damage|p1b: Rotom|48\/100\n|-status|p1b: Rotom|brn\n|move|p2b: Iron Hands|Wild Charge|p1a: Cramorant\n|-activate|p1a: Cramorant|move: Protect\n|\n|-heal|p1a: Cramorant|77\/100|[from] item: Leftovers\n|-damage|p1b: Rotom|42\/100 brn|[from] brn\n|upkeep\n|turn|8\n|\n|t:|1698438279\n|move|p1b: Rotom|Confuse Ray|p2b: Iron Hands\n|-start|p2b: Iron Hands|confusion\n|move|p1a: Cramorant|Surf|p2b: Iron Hands|[spread] p1b,p2a,p2b\n|-formechange|p1a: Cramorant|Cramorant-Gulping|\n|-resisted|p1b: Rotom\n|-supereffective|p2a: Chi-Yu\n|-damage|p1b: Rotom|18\/100 brn\n|-damage|p2a: Chi-Yu|28\/100 par\n|-damage|p2b: Iron Hands|70\/100\n|move|p2a: Chi-Yu|Heat Wave|p1b: Rotom|[spread] p1a,p1b\n|-resisted|p1a: Cramorant\n|-resisted|p1b: Rotom\n|-damage|p1a: Cramorant|38\/100\n|-damage|p1b: Rotom|0 fnt\n|-damage|p2a: Chi-Yu|3\/100 par|[from] ability: Gulp Missile|[of] p1a: Cramorant\n|-unboost|p2a: Chi-Yu|def|1\n|-formechange|p1a: Cramorant|Cramorant|\n|faint|p1b: Rotom\n|-activate|p2b: Iron Hands|confusion\n|move|p2b: Iron Hands|Wild Charge|p1a: Cramorant\n|-supereffective|p1a: Cramorant\n|-damage|p1a: Cramorant|0 fnt\n|faint|p1a: Cramorant\n|-damage|p2b: Iron Hands|64\/100|[from] Recoil\n|\n|-sideend|p2: sparkyboii200|move: Aurora Veil\n|upkeep\n|\n|t:|1698438291\n|switch|p1b: Leafeon|Leafeon, M|100\/100\n|switch|p1a: Torkoal|Torkoal, F|32\/100\n|turn|9\n|\n|t:|1698438307\n|-terastallize|p1b: Leafeon|Grass\n|move|p1b: Leafeon|Leaf Blade|p2a: Chi-Yu\n|-resisted|p2a: Chi-Yu\n|-damage|p2a: Chi-Yu|0 fnt\n|faint|p2a: Chi-Yu\n|-activate|p2b: Iron Hands|confusion\n|move|p2b: Iron Hands|Drain Punch|p1a: Torkoal\n|-damage|p1a: Torkoal|0 fnt\n|-heal|p2b: Iron Hands|75\/100|[from] drain|[of] p1a: Torkoal\n|faint|p1a: Torkoal\n|\n|upkeep\n|\n|t:|1698438314\n|switch|p2a: Sparky|Jolteon, M|100\/100\n|turn|10\n|\n|t:|1698438324\n|move|p2a: Sparky|Helping Hand|p2b: Iron Hands\n|-singleturn|p2b: Iron Hands|Helping Hand|[of] p2a: Sparky\n|move|p1b: Leafeon|Leaf Blade|p2a: Sparky\n|-damage|p2a: Sparky|32\/100\n|-enditem|p2a: Sparky|Sitrus Berry|[eat]\n|-heal|p2a: Sparky|56\/100|[from] item: Sitrus Berry\n|-activate|p2b: Iron Hands|confusion\n|-damage|p2b: Iron Hands|65\/100|[from] confusion\n|\n|upkeep\n|turn|11\n|\n|t:|1698438336\n|move|p2a: Sparky|Protect|p2a: Sparky\n|-singleturn|p2a: Sparky|Protect\n|move|p1b: Leafeon|Leaf Blade|p2a: Sparky\n|-activate|p2a: Sparky|move: Protect\n|-end|p2b: Iron Hands|confusion\n|move|p2b: Iron Hands|Ice Punch|p1b: Leafeon\n|-supereffective|p1b: Leafeon\n|-damage|p1b: Leafeon|44\/100\n|-damage|p2b: Iron Hands|48\/100|[from] item: Rocky Helmet|[of] p1b: Leafeon\n|\n|upkeep\n|turn|12\n|\n|t:|1698438350\n|switch|p2a: Landorus|Landorus-Therian, M|100\/100\n|-ability|p2a: Landorus|Intimidate|boost\n|-unboost|p1b: Leafeon|atk|1\n|move|p1b: Leafeon|Leaf Blade|p2a: Landorus\n|-damage|p2a: Landorus|69\/100\n|move|p2b: Iron Hands|Drain Punch|p1b: Leafeon\n|-damage|p1b: Leafeon|2\/100\n|-heal|p2b: Iron Hands|59\/100|[from] drain|[of] p1b: Leafeon\n|-damage|p2b: Iron Hands|43\/100|[from] item: Rocky Helmet|[of] p1b: Leafeon\n|\n|upkeep\n|turn|13\n|\n|t:|1698438361\n|move|p2a: Landorus|Earthquake|p1b: Leafeon|[spread] p2b,p1b\n|-supereffective|p2b: Iron Hands\n|-resisted|p1b: Leafeon\n|-damage|p2b: Iron Hands|0 fnt\n|-damage|p1b: Leafeon|0 fnt\n|faint|p2b: Iron Hands\n|-end|p2b: Iron Hands|Quark Drive|[silent]\n|faint|p1b: Leafeon\n|\n|win|sparkyboii200\n|l|\u2606sparkyboii200\n","uploadtime":1698438372,"views":11,"p1id":"cosmior","p2id":"sparkyboii200","formatid":"gen9doublesou","rating":0,"private":0,"password":""}