{"id":"gen9doublesou-1968087598","p1":"Sargenbob","p2":"Damjanius","format":"[Gen 9] Doubles OU","log":"|html|<div class=\"broadcast-blue\"><strong>[Gen 9] Doubles OU is currently suspecting Basculegion & Flutter Mane! For information on how to participate check out the <a href=\"https:\/\/www.smogon.com\/forums\/threads\/np-sv-dou-stage-8-double-trouble.3729153\/\">suspect thread<\/a>.<\/strong><\/div>\n|j|\u2606Sargenbob\n|j|\u2606Damjanius\n|t:|1697383022\n|gametype|doubles\n|player|p1|Sargenbob|red|1115\n|player|p2|Damjanius|acetrainer-gen4dp|1143\n|teamsize|p1|6\n|teamsize|p2|6\n|gen|9\n|tier|[Gen 9] Doubles OU\n|rated|\n|rule|Species Clause: Limit one of each Pok\u00e9mon\n|rule|OHKO Clause: OHKO moves are banned\n|rule|Evasion Moves Clause: Evasion moves are banned\n|rule|Gravity Sleep Clause: The combination of sleep-inducing moves with imperfect accuracy and Gravity or Gigantamax Orbeetle are banned\n|rule|Endless Battle Clause: Forcing endless battles is banned\n|rule|HP Percentage Mod: HP is shown in percentages\n|clearpoke\n|poke|p1|Ursaluna-Bloodmoon, M|\n|poke|p1|Murkrow, F|\n|poke|p1|Kilowattrel, F|\n|poke|p1|Brambleghast, F|\n|poke|p1|Tinkaton, F|\n|poke|p1|Chi-Yu|\n|poke|p2|Bronzong|\n|poke|p2|Chandelure, F|\n|poke|p2|Ambipom, F|\n|poke|p2|Sandslash-Alola, M|\n|poke|p2|Ribombee, F|\n|poke|p2|Azumarill, F|\n|teampreview\n|inactive|Battle timer is ON: inactive players will automatically lose when time's up. (requested by Sargenbob)\n|\n|t:|1697383031\n|start\n|switch|p1a: \u6232\u78bc\u70ba\u81ea\u5df1|Murkrow, F, shiny|100\/100\n|switch|p1b: Perigrin|Kilowattrel, F|100\/100\n|switch|p2a: Bronzong|Bronzong|100\/100\n|switch|p2b: Ambipom|Ambipom, F|100\/100\n|turn|1\n|\n|t:|1697383046\n|move|p2b: Ambipom|Fake Out|p1a: \u6232\u78bc\u70ba\u81ea\u5df1\n|-enditem|p2b: Ambipom|Normal Gem|[from] gem\n|-damage|p1a: \u6232\u78bc\u70ba\u81ea\u5df1|62\/100\n|cant|p1a: \u6232\u78bc\u70ba\u81ea\u5df1|flinch\n|move|p1b: Perigrin|Thunderbolt|p2b: Ambipom\n|-damage|p2b: Ambipom|3\/100\n|-status|p2b: Ambipom|par\n|-damage|p1b: Perigrin|91\/100|[from] item: Life Orb\n|move|p2a: Bronzong|Light Screen|p2a: Bronzong\n|-sidestart|p2: Damjanius|move: Light Screen\n|\n|upkeep\n|turn|2\n|\n|t:|1697383061\n|move|p1a: \u6232\u78bc\u70ba\u81ea\u5df1|Taunt|p2a: Bronzong\n|-start|p2a: Bronzong|move: Taunt\n|move|p1b: Perigrin|Thunderbolt|p2a: Bronzong\n|-damage|p2a: Bronzong|64\/100\n|-damage|p1b: Perigrin|81\/100|[from] item: Life Orb\n|move|p2b: Ambipom|Acrobatics|p1a: \u6232\u78bc\u70ba\u81ea\u5df1\n|-crit|p1a: \u6232\u78bc\u70ba\u81ea\u5df1\n|-damage|p1a: \u6232\u78bc\u70ba\u81ea\u5df1|12\/100\n|cant|p2a: Bronzong|move: Taunt|Reflect\n|\n|upkeep\n|turn|3\n|\n|t:|1697383087\n|switch|p2a: Sandslash|Sandslash-Alola, M|100\/100\n|move|p1a: \u6232\u78bc\u70ba\u81ea\u5df1|Tailwind|p1a: \u6232\u78bc\u70ba\u81ea\u5df1\n|-sidestart|p1: Sargenbob|move: Tailwind\n|-start|p1b: Perigrin|Charge|Tailwind|[from] ability: Wind Power\n|move|p1b: Perigrin|Volt Switch|p2b: Ambipom\n|-damage|p2b: Ambipom|0 fnt\n|faint|p2b: Ambipom\n|-damage|p1b: Perigrin|71\/100|[from] item: Life Orb\n|-end|p1b: Perigrin|Charge|[silent]\n|\n|t:|1697383097\n|switch|p1b: Moon Knight|Ursaluna-Bloodmoon, M|100\/100|[from] Volt Switch\n|\n|upkeep\n|\n|t:|1697383104\n|switch|p2b: Bronzong|Bronzong|64\/100\n|turn|4\n|\n|t:|1697383117\n|-terastallize|p2b: Bronzong|Electric\n|move|p1a: \u6232\u78bc\u70ba\u81ea\u5df1|Taunt|p2b: Bronzong\n|-start|p2b: Bronzong|move: Taunt\n|move|p1b: Moon Knight|Vacuum Wave|p2a: Sandslash\n|-supereffective|p2a: Sandslash\n|-damage|p2a: Sandslash|28\/100\n|move|p2a: Sandslash|Ice Spinner|p1a: \u6232\u78bc\u70ba\u81ea\u5df1\n|-supereffective|p1a: \u6232\u78bc\u70ba\u81ea\u5df1\n|-damage|p1a: \u6232\u78bc\u70ba\u81ea\u5df1|0 fnt\n|faint|p1a: \u6232\u78bc\u70ba\u81ea\u5df1\n|cant|p2b: Bronzong|move: Taunt|Reflect\n|\n|upkeep\n|\n|t:|1697383126\n|switch|p1a: Keanu|Brambleghast, F|100\/100\n|-ability|p1a: Keanu|Wind Rider|boost\n|-boost|p1a: Keanu|atk|1\n|turn|5\n|\n|t:|1697383136\n|move|p1b: Moon Knight|Vacuum Wave|p2a: Sandslash\n|-supereffective|p2a: Sandslash\n|-damage|p2a: Sandslash|0 fnt\n|faint|p2a: Sandslash\n|move|p1a: Keanu|Phantom Force||[still]\n|-prepare|p1a: Keanu|Phantom Force\n|-enditem|p1a: Keanu|Power Herb\n|-anim|p1a: Keanu|Phantom Force|p2b: Bronzong\n|-damage|p2b: Bronzong|3\/100\n|move|p2b: Bronzong|Gyro Ball|p1b: Moon Knight\n|-damage|p1b: Moon Knight|75\/100\n|\n|-heal|p1b: Moon Knight|81\/100|[from] item: Leftovers\n|upkeep\n|\n|t:|1697383154\n|switch|p2a: Azumarill|Azumarill, F|100\/100\n|turn|6\n|\n|t:|1697383160\n|move|p1b: Moon Knight|Vacuum Wave|p2b: Bronzong\n|-damage|p2b: Bronzong|0 fnt\n|faint|p2b: Bronzong\n|move|p1a: Keanu|Power Whip|p2a: Azumarill\n|-supereffective|p2a: Azumarill\n|-damage|p2a: Azumarill|0 fnt\n|faint|p2a: Azumarill\n|\n|-heal|p1b: Moon Knight|87\/100|[from] item: Leftovers\n|-sideend|p1: Sargenbob|move: Tailwind\n|upkeep\n|\n|t:|1697383171\n|switch|p2a: Chandelure|Chandelure, F|100\/100\n|switch|p2b: Ribombee|Ribombee, F|100\/100\n|turn|7\n|\n|t:|1697383181\n|move|p2b: Ribombee|Quiver Dance|p2b: Ribombee\n|-boost|p2b: Ribombee|spa|1\n|-boost|p2b: Ribombee|spd|1\n|-boost|p2b: Ribombee|spe|1\n|move|p1a: Keanu|Phantom Force||[still]\n|-prepare|p1a: Keanu|Phantom Force\n|move|p2a: Chandelure|Energy Ball|p1b: Moon Knight\n|-supereffective|p1b: Moon Knight\n|-damage|p1b: Moon Knight|0 fnt\n|faint|p1b: Moon Knight\n|-damage|p2a: Chandelure|91\/100|[from] item: Life Orb\n|\n|upkeep\n|\n|t:|1697383193\n|switch|p1b: Kirby|Tinkaton, F|100\/100\n|-ability|p1b: Kirby|Mold Breaker\n|turn|8\n|\n|t:|1697383223\n|move|p1b: Kirby|Fake Out|p2b: Ribombee\n|-damage|p2b: Ribombee|78\/100\n|cant|p2b: Ribombee|flinch\n|move|p1a: Keanu|Phantom Force|p2a: Chandelure|[from]lockedmove\n|-supereffective|p2a: Chandelure\n|-damage|p2a: Chandelure|0 fnt\n|faint|p2a: Chandelure\n|\n|-sideend|p2: Damjanius|move: Light Screen\n|upkeep\n|turn|9\n|\n|t:|1697383235\n|move|p2b: Ribombee|Dazzling Gleam|p1a: Keanu|[spread] p1a,p1b\n|-resisted|p1b: Kirby\n|-damage|p1a: Keanu|30\/100\n|-damage|p1b: Kirby|80\/100\n|move|p1b: Kirby|Gigaton Hammer|p2b: Ribombee\n|-supereffective|p2b: Ribombee\n|-damage|p2b: Ribombee|0 fnt\n|faint|p2b: Ribombee\n|\n|win|Sargenbob\n|raw|Sargenbob's rating: 1115 &rarr; <strong>1142<\/strong><br \/>(+27 for winning)\n|raw|Damjanius's rating: 1143 &rarr; <strong>1116<\/strong><br \/>(-27 for losing)\n|c|\u2606Sargenbob|gg\n","uploadtime":1697383246,"views":18,"p1id":"sargenbob","p2id":"damjanius","formatid":"gen9doublesou","rating":1116,"private":0,"password":""}