{"id":"gen9doublesou-1988562820","p1":"Senor Unown","p2":"Raaandy","format":"[Gen 9] Doubles OU","log":"|j|\u2606Senor Unown\n|j|\u2606Raaandy\n|t:|1699736450\n|gametype|doubles\n|player|p1|Senor Unown|wattson|\n|player|p2|Raaandy|sage|\n|teamsize|p1|6\n|teamsize|p2|6\n|gen|9\n|tier|[Gen 9] Doubles OU\n|rule|Species Clause: Limit one of each Pok\u00e9mon\n|rule|OHKO Clause: OHKO moves are banned\n|rule|Evasion Moves Clause: Evasion moves are banned\n|rule|Gravity Sleep Clause: The combination of sleep-inducing moves with imperfect accuracy and Gravity or Gigantamax Orbeetle are banned\n|rule|Endless Battle Clause: Forcing endless battles is banned\n|rule|HP Percentage Mod: HP is shown in percentages\n|clearpoke\n|poke|p1|Snorlax, M|\n|poke|p1|Sinistcha-Masterpiece|\n|poke|p1|Landorus-Therian, M|\n|poke|p1|Iron Hands|\n|poke|p1|Clefairy, F|\n|poke|p1|Kommo-o, F|\n|poke|p2|Armarouge, M|\n|poke|p2|Indeedee-F, F|\n|poke|p2|Ninetales-Alola, F|\n|poke|p2|Corviknight, M|\n|poke|p2|Iron Bundle|\n|poke|p2|Ursaluna, F|\n|teampreview\n|\n|t:|1699736472\n|start\n|switch|p1a: OhLawd|Snorlax, M|100\/100\n|switch|p1b: TrueSupp|Clefairy, F, shiny|100\/100\n|switch|p2a: Ninetales|Ninetales-Alola, F|100\/100\n|switch|p2b: Iron Bundle|Iron Bundle|100\/100\n|-weather|Snow|[from] ability: Snow Warning|[of] p2a: Ninetales\n|turn|1\n|c|\u2606Raaandy|!data clefairy\n|raw|<div class=\"message\"><ul class=\"utilichart\"><li class=\"result\"><span class=\"col numcol\">DUU<\/span> <span class=\"col iconcol\"><psicon pokemon=\"clefairy\"\/><\/span> <span class=\"col pokemonnamecol\" style=\"white-space:nowrap\"><a href=\"https:\/\/dex.pokemonshowdown.com\/pokemon\/clefairy\" target=\"_blank\">Clefairy<\/a><\/span> <span class=\"col typecol\"><img src=\"https:\/\/play.pokemonshowdown.com\/sprites\/types\/Fairy.png\" alt=\"Fairy\" height=\"14\" width=\"32\"><\/span> <span style=\"float:left;min-height:26px\"><span class=\"col twoabilitycol\">Cute Charm<br \/>Magic Guard<\/span><span class=\"col abilitycol\"><em>Friend Guard<\/em><\/span><\/span><span style=\"float:left;min-height:26px\"><span class=\"col statcol\"><em>HP<\/em><br \/>70<\/span> <span class=\"col statcol\"><em>Atk<\/em><br \/>45<\/span> <span class=\"col statcol\"><em>Def<\/em><br \/>48<\/span> <span class=\"col statcol\"><em>SpA<\/em><br \/>60<\/span> <span class=\"col statcol\"><em>SpD<\/em><br \/>65<\/span> <span class=\"col statcol\"><em>Spe<\/em><br \/>35<\/span> <span class=\"col bstcol\"><em>BST<br \/>323<\/em><\/span> <\/span><\/li><li style=\"clear:both\"><\/li><\/ul><\/div>\n\n|c|\u2606Raaandy|!data friend guard\n|raw|<ul class=\"utilichart\"><li class=\"result\"><span class=\"col namecol\"><a href=\"https:\/\/dex.pokemonshowdown.com\/abilities\/friendguard\">Friend Guard<\/a><\/span> <span class=\"col abilitydesccol\">This Pokemon's allies receive 3\/4 damage from other Pokemon's attacks.<\/span> <\/li><li style=\"clear:both\"><\/li><\/ul>\n\n|\n|t:|1699736511\n|move|p1b: TrueSupp|Follow Me|p1b: TrueSupp\n|-singleturn|p1b: TrueSupp|move: Follow Me\n|move|p2a: Ninetales|Aurora Veil|p2a: Ninetales\n|-sidestart|p2: Raaandy|move: Aurora Veil\n|move|p2b: Iron Bundle|Blizzard|p1a: OhLawd|[spread] p1a,p1b\n|-damage|p1a: OhLawd|90\/100\n|-damage|p1b: TrueSupp|64\/100\n|move|p1a: OhLawd|Belly Drum|p1a: OhLawd\n|-damage|p1a: OhLawd|40\/100\n|-setboost|p1a: OhLawd|atk|6|[from] move: Belly Drum\n|-enditem|p1a: OhLawd|Sitrus Berry|[eat]\n|-heal|p1a: OhLawd|65\/100|[from] item: Sitrus Berry\n|\n|-weather|Snow|[upkeep]\n|upkeep\n|turn|2\n|c|\u2606Raaandy|LOL\n|c|\u2606Raaandy|!data snorlax\n|raw|<div class=\"message\"><ul class=\"utilichart\"><li class=\"result\"><span class=\"col numcol\">(DUU)<\/span> <span class=\"col iconcol\"><psicon pokemon=\"snorlax\"\/><\/span> <span class=\"col pokemonnamecol\" style=\"white-space:nowrap\"><a href=\"https:\/\/dex.pokemonshowdown.com\/pokemon\/snorlax\" target=\"_blank\">Snorlax<\/a><\/span> <span class=\"col typecol\"><img src=\"https:\/\/play.pokemonshowdown.com\/sprites\/types\/Normal.png\" alt=\"Normal\" height=\"14\" width=\"32\"><\/span> <span style=\"float:left;min-height:26px\"><span class=\"col twoabilitycol\">Immunity<br \/>Thick Fat<\/span><span class=\"col abilitycol\"><em>Gluttony<\/em><\/span><\/span><span style=\"float:left;min-height:26px\"><span class=\"col statcol\"><em>HP<\/em><br \/>160<\/span> <span class=\"col statcol\"><em>Atk<\/em><br \/>110<\/span> <span class=\"col statcol\"><em>Def<\/em><br \/>65<\/span> <span class=\"col statcol\"><em>SpA<\/em><br \/>65<\/span> <span class=\"col statcol\"><em>SpD<\/em><br \/>110<\/span> <span class=\"col statcol\"><em>Spe<\/em><br \/>30<\/span> <span class=\"col bstcol\"><em>BST<br \/>540<\/em><\/span> <\/span><\/li><li style=\"clear:both\"><\/li><\/ul><\/div>\n\n|c|\u2606Senor Unown|Oh lawd he comin'\n|c|\u2606Raaandy|oh lawd he thinkin\n|\n|t:|1699736587\n|-terastallize|p1a: OhLawd|Water\n|move|p2a: Ninetales|Protect|p2a: Ninetales\n|-singleturn|p2a: Ninetales|Protect\n|move|p2b: Iron Bundle|Blizzard|p1b: TrueSupp|[spread] p1a,p1b\n|-resisted|p1a: OhLawd\n|-damage|p1a: OhLawd|59\/100\n|-damage|p1b: TrueSupp|30\/100\n|-status|p1a: OhLawd|frz\n|-status|p1b: TrueSupp|frz\n|-curestatus|p1b: TrueSupp|frz|[msg]\n|move|p1b: TrueSupp|Heal Pulse|p1a: OhLawd\n|-heal|p1a: OhLawd|100\/100 frz\n|cant|p1a: OhLawd|frz\n|\n|-weather|Snow|[upkeep]\n|upkeep\n|turn|3\n|c|\u2606Raaandy|oh my god\n|c|\u2606Senor Unown|oh what the heck\n|\n|t:|1699736634\n|move|p1b: TrueSupp|Protect|p1b: TrueSupp\n|-singleturn|p1b: TrueSupp|Protect\n|move|p2a: Ninetales|Encore|p1a: OhLawd\n|-start|p1a: OhLawd|Encore\n|move|p2b: Iron Bundle|Tera Blast|p1b: TrueSupp\n|-activate|p1b: TrueSupp|move: Protect\n|cant|p1a: OhLawd|frz\n|\n|-weather|Snow|[upkeep]\n|upkeep\n|turn|4\n|\n|t:|1699736666\n|switch|p1a: Gotcha|Sinistcha-Masterpiece|100\/100\n|-heal|p1b: TrueSupp|55\/100|[from] ability: Hospitality|[of] p1a: Gotcha\n|move|p1b: TrueSupp|Follow Me|p1b: TrueSupp\n|-singleturn|p1b: TrueSupp|move: Follow Me\n|move|p2a: Ninetales|Blizzard|p1b: TrueSupp|[spread] p1a,p1b\n|-supereffective|p1a: Gotcha\n|-damage|p1a: Gotcha|69\/100\n|-damage|p1b: TrueSupp|38\/100\n|move|p2b: Iron Bundle|Blizzard|p1b: TrueSupp|[spread] p1a,p1b\n|-supereffective|p1a: Gotcha\n|-damage|p1a: Gotcha|4\/100\n|-damage|p1b: TrueSupp|0 fnt\n|faint|p1b: TrueSupp\n|\n|-weather|Snow|[upkeep]\n|upkeep\n|\n|t:|1699736692\n|switch|p1b: Ehem|Kommo-o, F|100\/100\n|turn|5\n|\n|t:|1699736728\n|move|p1a: Gotcha|Rage Powder|p1a: Gotcha\n|-singleturn|p1a: Gotcha|move: Rage Powder\n|move|p2a: Ninetales|Blizzard|p1b: Ehem|[spread] p1a,p1b\n|-supereffective|p1a: Gotcha\n|-supereffective|p1b: Ehem\n|-damage|p1a: Gotcha|0 fnt\n|-damage|p1b: Ehem|51\/100\n|faint|p1a: Gotcha\n|move|p2b: Iron Bundle|Blizzard|p1b: Ehem\n|-supereffective|p1b: Ehem\n|-damage|p1b: Ehem|0 fnt\n|faint|p1b: Ehem\n|\n|-weather|none\n|-sideend|p2: Raaandy|move: Aurora Veil\n|upkeep\n|\n|t:|1699736746\n|switch|p1b: Lando|Landorus-Therian, M|100\/100\n|switch|p1a: Handy|Iron Hands|100\/100\n|-ability|p1b: Lando|Intimidate|boost\n|-unboost|p2a: Ninetales|atk|1\n|-unboost|p2b: Iron Bundle|atk|1\n|turn|6\n|c|\u2606Raaandy|!data rage powder\n|raw|<ul class=\"utilichart\"><li class=\"result\"><span class=\"col movenamecol\"><a href=\"https:\/\/dex.pokemonshowdown.com\/moves\/ragepowder\">Rage Powder<\/a><\/span> <span class=\"col typecol\"><img src=\"\/\/play.pokemonshowdown.com\/sprites\/types\/Bug.png\" alt=\"Bug\" width=\"32\" height=\"14\"><img src=\"\/\/play.pokemonshowdown.com\/sprites\/categories\/Status.png\" alt=\"Status\" width=\"32\" height=\"14\"><\/span> <span class=\"col widelabelcol\"><em>Accuracy<\/em><br>\u2014<\/span> <span class=\"col pplabelcol\"><em>PP<\/em><br>32<\/span> <span class=\"col movedesccol\">The foes' moves target the user on the turn used.<\/span> <\/li><li style=\"clear:both\"><\/li><\/ul>\n\n|\n|t:|1699736781\n|switch|p2a: Armarouge|Armarouge, M|100\/100\n|-end|p2b: Iron Bundle|Quark Drive|[silent]\n|switch|p2b: Indeedee|Indeedee-F, F|100\/100\n|-fieldstart|move: Psychic Terrain|[from] ability: Psychic Surge|[of] p2b: Indeedee\n|-enditem|p2a: Armarouge|Psychic Seed\n|-boost|p2a: Armarouge|spd|1|[from] item: Psychic Seed\n|move|p1b: Lando|Rock Slide|p2a: Armarouge|[spread] p2a,p2b\n|-supereffective|p2a: Armarouge\n|-damage|p2a: Armarouge|65\/100\n|-damage|p2b: Indeedee|73\/100\n|-ability|p2a: Armarouge|Weak Armor|boost\n|-unboost|p2a: Armarouge|def|1\n|-boost|p2a: Armarouge|spe|2\n|move|p1a: Handy|Drain Punch|p2a: Armarouge\n|-resisted|p2a: Armarouge\n|-damage|p2a: Armarouge|33\/100\n|-ability|p2a: Armarouge|Weak Armor|boost\n|-unboost|p2a: Armarouge|def|1\n|-boost|p2a: Armarouge|spe|2\n|\n|upkeep\n|turn|7\n|\n|t:|1699736808\n|move|p2a: Armarouge|Expanding Force|p1b: Lando|[spread] p1a,p1b\n|-supereffective|p1a: Handy\n|-damage|p1a: Handy|40\/100\n|-damage|p1b: Lando|6\/100\n|move|p1b: Lando|Rock Slide|p2b: Indeedee|[spread] p2a,p2b\n|-supereffective|p2a: Armarouge\n|-damage|p2a: Armarouge|0 fnt\n|-damage|p2b: Indeedee|42\/100\n|faint|p2a: Armarouge\n|cant|p2b: Indeedee|flinch\n|move|p1a: Handy|Drain Punch|p2b: Indeedee\n|-damage|p2b: Indeedee|0 fnt\n|-heal|p1a: Handy|56\/100|[from] drain|[of] p2b: Indeedee\n|faint|p2b: Indeedee\n|\n|upkeep\n|\n|t:|1699736820\n|switch|p2b: Iron Bundle|Iron Bundle|100\/100\n|switch|p2a: Ninetales|Ninetales-Alola, F|100\/100\n|-weather|Snow|[from] ability: Snow Warning|[of] p2a: Ninetales\n|turn|8\n|\n|t:|1699736835\n|-terastallize|p2b: Iron Bundle|Ground\n|move|p1b: Lando|Rock Slide|p2b: Iron Bundle|[spread] p2b\n|-miss|p1b: Lando|p2a: Ninetales\n|-resisted|p2b: Iron Bundle\n|-damage|p2b: Iron Bundle|90\/100\n|move|p2a: Ninetales|Aurora Veil|p2a: Ninetales\n|-sidestart|p2: Raaandy|move: Aurora Veil\n|move|p2b: Iron Bundle|Blizzard|p1b: Lando|[spread] p1a,p1b\n|-supereffective|p1b: Lando\n|-damage|p1a: Handy|33\/100\n|-damage|p1b: Lando|0 fnt\n|faint|p1b: Lando\n|move|p1a: Handy|Drain Punch|p2b: Iron Bundle\n|-damage|p2b: Iron Bundle|60\/100\n|-heal|p1a: Handy|44\/100|[from] drain|[of] p2b: Iron Bundle\n|\n|-weather|Snow|[upkeep]\n|upkeep\n|\n|t:|1699736850\n|switch|p1b: OhLawd|Snorlax, M, tera:Water|100\/100 frz\n|turn|9\n|\n|t:|1699736880\n|cant|p1b: OhLawd|frz\n|move|p2a: Ninetales|Blizzard|p1b: OhLawd|[spread] p1a,p1b\n|-resisted|p1b: OhLawd\n|-damage|p1a: Handy|33\/100\n|-damage|p1b: OhLawd|97\/100 frz\n|move|p2b: Iron Bundle|Tera Blast|p1a: Handy|[anim] Tera Blast Ground\n|-supereffective|p1a: Handy\n|-damage|p1a: Handy|0 fnt\n|faint|p1a: Handy\n|-end|p1a: Handy|Quark Drive|[silent]\n|\n|-weather|Snow|[upkeep]\n|upkeep\n|turn|10\n|\n|t:|1699736931\n|move|p2a: Ninetales|Blizzard|p1b: OhLawd\n|-resisted|p1b: OhLawd\n|-damage|p1b: OhLawd|92\/100 frz\n|move|p2b: Iron Bundle|Chilling Water|p1b: OhLawd\n|-resisted|p1b: OhLawd\n|-damage|p1b: OhLawd|83\/100 frz\n|-unboost|p1b: OhLawd|atk|1\n|cant|p1b: OhLawd|frz\n|\n|-weather|Snow|[upkeep]\n|upkeep\n|turn|11\n|\n|t:|1699736947\n|switch|p2a: Corviknight|Corviknight, M|100\/100\n|move|p2b: Iron Bundle|Chilling Water|p1b: OhLawd\n|-resisted|p1b: OhLawd\n|-damage|p1b: OhLawd|74\/100 frz\n|-unboost|p1b: OhLawd|atk|1\n|cant|p1b: OhLawd|frz\n|\n|-weather|Snow|[upkeep]\n|upkeep\n|turn|12\n|c|\u2606Senor Unown|this some shit\n|\n|t:|1699736960\n|cant|p1b: OhLawd|frz\n|move|p2b: Iron Bundle|Chilling Water|p1b: OhLawd\n|-resisted|p1b: OhLawd\n|-damage|p1b: OhLawd|64\/100 frz\n|-unboost|p1b: OhLawd|atk|1\n|move|p2a: Corviknight|Body Press|p1b: OhLawd\n|-damage|p1b: OhLawd|50\/100 frz\n|\n|-weather|none\n|-sideend|p2: Raaandy|move: Aurora Veil\n|upkeep\n|turn|13\n|c|\u2606Raaandy|you realize i'm taunting you on purpose lol\n|\n|t:|1699736975\n|cant|p1b: OhLawd|frz\n|move|p2b: Iron Bundle|Chilling Water|p1b: OhLawd\n|-resisted|p1b: OhLawd\n|-damage|p1b: OhLawd|41\/100 frz\n|-unboost|p1b: OhLawd|atk|1\n|move|p2a: Corviknight|Body Press|p1b: OhLawd\n|-damage|p1b: OhLawd|26\/100 frz\n|\n|-fieldend|move: Psychic Terrain\n|upkeep\n|turn|14\n|c|\u2606Senor Unown|no this frozen solid\n|c|\u2606Senor Unown|went atleast max turns lol\n|c|\u2606Raaandy|well if you unfreeze you'll have a lovely 0.33x attack power\n|\n|t:|1699737003\n|cant|p1b: OhLawd|frz\n|move|p2b: Iron Bundle|Tera Blast|p1b: OhLawd|[anim] Tera Blast Ground\n|-damage|p1b: OhLawd|0 fnt\n|faint|p1b: OhLawd\n|\n|win|Raaandy\n","uploadtime":1699737012,"views":7,"p1id":"senorunown","p2id":"raaandy","formatid":"gen9doublesou","rating":0,"private":0,"password":""}