{"id":"gen9doublesou-1990552064","p1":"mikeyuwu","p2":"OPieceOfHeroGhost","format":"[Gen 9] Doubles OU","log":"|j|\u2606mikeyuwu\n|j|\u2606OPieceOfHeroGhost\n|t:|1699980809\n|gametype|doubles\n|player|p1|mikeyuwu|psychic-gen4|1392\n|player|p2|OPieceOfHeroGhost|morty|1497\n|teamsize|p1|6\n|teamsize|p2|6\n|gen|9\n|tier|[Gen 9] Doubles OU\n|rated|\n|rule|Species Clause: Limit one of each Pok\u00e9mon\n|rule|OHKO Clause: OHKO moves are banned\n|rule|Evasion Moves Clause: Evasion moves are banned\n|rule|Gravity Sleep Clause: The combination of sleep-inducing moves with imperfect accuracy and Gravity or Gigantamax Orbeetle are banned\n|rule|Endless Battle Clause: Forcing endless battles is banned\n|rule|HP Percentage Mod: HP is shown in percentages\n|clearpoke\n|poke|p1|Garchomp, M|\n|poke|p1|Tyranitar, F|\n|poke|p1|Vaporeon, F|\n|poke|p1|Toxicroak, M|\n|poke|p1|Pelipper, F|\n|poke|p1|Abomasnow, M|\n|poke|p2|Flutter Mane|\n|poke|p2|Amoonguss, M|\n|poke|p2|Chien-Pao|\n|poke|p2|Iron Hands|\n|poke|p2|Landorus-Therian, M|\n|poke|p2|Heatran, M|\n|teampreview\n|\n|t:|1699980843\n|start\n|switch|p1a: OTLHPM|Toxicroak, M|100\/100\n|switch|p1b: Harmacy|Vaporeon, F|100\/100\n|switch|p2a: \u6211\u63a8\u7684\u632f\u7ffc\u53d1|Flutter Mane|100\/100\n|switch|p2b: \u6211\u4e49\u7236|Amoonguss, M|100\/100\n|turn|1\n|\n|t:|1699980860\n|move|p2a: \u6211\u63a8\u7684\u632f\u7ffc\u53d1|Moonblast|p1a: OTLHPM\n|-damage|p1a: OTLHPM|5\/100\n|move|p1a: OTLHPM|Poison Jab|p2a: \u6211\u63a8\u7684\u632f\u7ffc\u53d1\n|-damage|p2a: \u6211\u63a8\u7684\u632f\u7ffc\u53d1|37\/100\n|-status|p2a: \u6211\u63a8\u7684\u632f\u7ffc\u53d1|psn\n|move|p1b: Harmacy|Copycat|p1b: Harmacy\n|move|p1b: Harmacy|Poison Jab|p2b: \u6211\u4e49\u7236|[from]move: Copycat\n|-damage|p2b: \u6211\u4e49\u7236|91\/100\n|move|p2b: \u6211\u4e49\u7236|Spore|p1b: Harmacy\n|-status|p1b: Harmacy|slp|[from] move: Spore\n|\n|-heal|p1a: OTLHPM|11\/100|[from] item: Black Sludge\n|-damage|p2a: \u6211\u63a8\u7684\u632f\u7ffc\u53d1|25\/100 psn|[from] psn\n|upkeep\n|turn|2\n|\n|t:|1699980883\n|switch|p1a: ThcrThnSnkr|Tyranitar, F|100\/100\n|-weather|Sandstorm|[from] ability: Sand Stream|[of] p1a: ThcrThnSnkr\n|move|p2a: \u6211\u63a8\u7684\u632f\u7ffc\u53d1|Moonblast|p1a: ThcrThnSnkr\n|-supereffective|p1a: ThcrThnSnkr\n|-damage|p1a: ThcrThnSnkr|56\/100\n|cant|p1b: Harmacy|slp\n|move|p2b: \u6211\u4e49\u7236|Pollen Puff|p2a: \u6211\u63a8\u7684\u632f\u7ffc\u53d1\n|-heal|p2a: \u6211\u63a8\u7684\u632f\u7ffc\u53d1|74\/100 psn\n|\n|-weather|Sandstorm|[upkeep]\n|-damage|p2a: \u6211\u63a8\u7684\u632f\u7ffc\u53d1|68\/100 psn|[from] Sandstorm\n|-damage|p1b: Harmacy|94\/100 slp|[from] Sandstorm\n|-damage|p2b: \u6211\u4e49\u7236|85\/100|[from] Sandstorm\n|-heal|p1b: Harmacy|100\/100 slp|[from] item: Leftovers\n|-damage|p2a: \u6211\u63a8\u7684\u632f\u7ffc\u53d1|56\/100 psn|[from] psn\n|upkeep\n|turn|3\n|\n|t:|1699980922\n|-end|p2a: \u6211\u63a8\u7684\u632f\u7ffc\u53d1|Protosynthesis|[silent]\n|switch|p2a: \u4e00\uff01\u4e94\uff01|Chien-Pao|100\/100\n|-ability|p2a: \u4e00\uff01\u4e94\uff01|Sword of Ruin\n|move|p1a: ThcrThnSnkr|Heavy Slam|p2a: \u4e00\uff01\u4e94\uff01\n|-supereffective|p2a: \u4e00\uff01\u4e94\uff01\n|-damage|p2a: \u4e00\uff01\u4e94\uff01|66\/100\n|cant|p1b: Harmacy|slp\n|move|p2b: \u6211\u4e49\u7236|Spore|p1a: ThcrThnSnkr\n|-status|p1a: ThcrThnSnkr|slp|[from] move: Spore\n|\n|-weather|Sandstorm|[upkeep]\n|-damage|p2a: \u4e00\uff01\u4e94\uff01|60\/100|[from] Sandstorm\n|-damage|p1b: Harmacy|94\/100 slp|[from] Sandstorm\n|-damage|p2b: \u6211\u4e49\u7236|79\/100|[from] Sandstorm\n|-heal|p1b: Harmacy|100\/100 slp|[from] item: Leftovers\n|upkeep\n|turn|4\n|\n|t:|1699980944\n|switch|p1a: Extra Spicy|Garchomp, M|100\/100\n|move|p2a: \u4e00\uff01\u4e94\uff01|Sacred Sword|p1a: Extra Spicy\n|-damage|p1a: Extra Spicy|75\/100\n|-damage|p2a: \u4e00\uff01\u4e94\uff01|48\/100|[from] ability: Rough Skin|[of] p1a: Extra Spicy\n|-damage|p2a: \u4e00\uff01\u4e94\uff01|31\/100|[from] item: Rocky Helmet|[of] p1a: Extra Spicy\n|-curestatus|p1b: Harmacy|slp|[msg]\n|move|p1b: Harmacy|Weather Ball|p2a: \u4e00\uff01\u4e94\uff01\n|-supereffective|p2a: \u4e00\uff01\u4e94\uff01\n|-damage|p2a: \u4e00\uff01\u4e94\uff01|0 fnt\n|faint|p2a: \u4e00\uff01\u4e94\uff01\n|move|p2b: \u6211\u4e49\u7236|Pollen Puff|p2: \u4e00\uff01\u4e94\uff01|[notarget]\n|-fail|p2b: \u6211\u4e49\u7236\n|\n|-weather|Sandstorm|[upkeep]\n|-damage|p1b: Harmacy|94\/100|[from] Sandstorm\n|-damage|p2b: \u6211\u4e49\u7236|72\/100|[from] Sandstorm\n|-heal|p1b: Harmacy|100\/100|[from] item: Leftovers\n|upkeep\n|\n|t:|1699980964\n|switch|p2a: \u5927\u866b|Landorus-Therian, M|100\/100\n|-ability|p2a: \u5927\u866b|Intimidate|boost\n|-unboost|p1a: Extra Spicy|atk|1\n|-unboost|p1b: Harmacy|atk|1\n|turn|5\n|\n|t:|1699980979\n|switch|p1a: Cold Shoulder|Abomasnow, M, shiny|100\/100\n|-weather|Snow|[from] ability: Snow Warning|[of] p1a: Cold Shoulder\n|move|p2a: \u5927\u866b|Rock Slide|p1b: Harmacy|[spread] p1b\n|-miss|p2a: \u5927\u866b|p1a: Cold Shoulder\n|-damage|p1b: Harmacy|85\/100\n|move|p1b: Harmacy|Weather Ball|p2a: \u5927\u866b\n|-supereffective|p2a: \u5927\u866b\n|-damage|p2a: \u5927\u866b|0 fnt\n|faint|p2a: \u5927\u866b\n|move|p2b: \u6211\u4e49\u7236|Spore|p1a: Cold Shoulder\n|-immune|p1a: Cold Shoulder\n|\n|-weather|Snow|[upkeep]\n|-heal|p1b: Harmacy|91\/100|[from] item: Leftovers\n|upkeep\n|\n|t:|1699980999\n|switch|p2a: \u523a\u86c7\u4e0d\u5982\u87d1\u8782|Heatran, M|100\/100\n|turn|6\n|\n|t:|1699981008\n|switch|p1a: Weather War|Pelipper, F|100\/100\n|-weather|RainDance|[from] ability: Drizzle|[of] p1a: Weather War\n|move|p2a: \u523a\u86c7\u4e0d\u5982\u87d1\u8782|Protect|p2a: \u523a\u86c7\u4e0d\u5982\u87d1\u8782\n|-singleturn|p2a: \u523a\u86c7\u4e0d\u5982\u87d1\u8782|Protect\n|move|p1b: Harmacy|Weather Ball|p2a: \u523a\u86c7\u4e0d\u5982\u87d1\u8782\n|-activate|p2a: \u523a\u86c7\u4e0d\u5982\u87d1\u8782|move: Protect\n|move|p2b: \u6211\u4e49\u7236|Spore|p1b: Harmacy\n|-status|p1b: Harmacy|slp|[from] move: Spore\n|\n|-weather|RainDance|[upkeep]\n|-activate|p1b: Harmacy|ability: Hydration\n|-curestatus|p1b: Harmacy|slp|[msg]\n|-heal|p1b: Harmacy|97\/100|[from] item: Leftovers\n|upkeep\n|turn|7\n|\n|t:|1699981038\n|switch|p2a: \u8bf4\u7684\u9053\u8389\uff5e\uff5e\uff5e\uff5e|Iron Hands|100\/100\n|move|p1a: Weather War|Hurricane|p2b: \u6211\u4e49\u7236\n|-supereffective|p2b: \u6211\u4e49\u7236\n|-damage|p2b: \u6211\u4e49\u7236|8\/100\n|-enditem|p2b: \u6211\u4e49\u7236|Sitrus Berry|[eat]\n|-heal|p2b: \u6211\u4e49\u7236|33\/100|[from] item: Sitrus Berry\n|move|p1b: Harmacy|Copycat|p1b: Harmacy\n|move|p1b: Harmacy|Hurricane|p2a: \u8bf4\u7684\u9053\u8389\uff5e\uff5e\uff5e\uff5e|[from]move: Copycat\n|-damage|p2a: \u8bf4\u7684\u9053\u8389\uff5e\uff5e\uff5e\uff5e|87\/100\n|-start|p2a: \u8bf4\u7684\u9053\u8389\uff5e\uff5e\uff5e\uff5e|confusion\n|move|p2b: \u6211\u4e49\u7236|Spore|p1a: Weather War\n|-status|p1a: Weather War|slp|[from] move: Spore\n|\n|-weather|RainDance|[upkeep]\n|-heal|p1b: Harmacy|100\/100|[from] item: Leftovers\n|upkeep\n|turn|8\n|\n|t:|1699981068\n|switch|p1a: Extra Spicy|Garchomp, M|75\/100\n|-end|p2a: \u8bf4\u7684\u9053\u8389\uff5e\uff5e\uff5e\uff5e|Quark Drive|[silent]\n|switch|p2a: \u523a\u86c7\u4e0d\u5982\u87d1\u8782|Heatran, M|100\/100\n|switch|p2b: \u6211\u63a8\u7684\u632f\u7ffc\u53d1|Flutter Mane|56\/100 psn\n|move|p1b: Harmacy|Weather Ball|p2a: \u523a\u86c7\u4e0d\u5982\u87d1\u8782\n|-supereffective|p2a: \u523a\u86c7\u4e0d\u5982\u87d1\u8782\n|-damage|p2a: \u523a\u86c7\u4e0d\u5982\u87d1\u8782|0 fnt\n|faint|p2a: \u523a\u86c7\u4e0d\u5982\u87d1\u8782\n|\n|-weather|RainDance|[upkeep]\n|-damage|p2b: \u6211\u63a8\u7684\u632f\u7ffc\u53d1|44\/100 psn|[from] psn\n|upkeep\n|\n|t:|1699981084\n|switch|p2a: \u6211\u4e49\u7236|Amoonguss, M|66\/100\n|turn|9\n|\n|t:|1699981107\n|-terastallize|p2b: \u6211\u63a8\u7684\u632f\u7ffc\u53d1|Fairy\n|-terastallize|p1a: Extra Spicy|Steel\n|move|p2b: \u6211\u63a8\u7684\u632f\u7ffc\u53d1|Moonblast|p1a: Extra Spicy\n|-resisted|p1a: Extra Spicy\n|-damage|p1a: Extra Spicy|31\/100\n|move|p1a: Extra Spicy|Earthquake|p2b: \u6211\u63a8\u7684\u632f\u7ffc\u53d1|[spread] p1b,p2a,p2b\n|-crit|p2b: \u6211\u63a8\u7684\u632f\u7ffc\u53d1\n|-damage|p1b: Harmacy|76\/100\n|-damage|p2a: \u6211\u4e49\u7236|40\/100\n|-damage|p2b: \u6211\u63a8\u7684\u632f\u7ffc\u53d1|0 fnt\n|faint|p2b: \u6211\u63a8\u7684\u632f\u7ffc\u53d1\n|-end|p2b: \u6211\u63a8\u7684\u632f\u7ffc\u53d1|Protosynthesis|[silent]\n|move|p1b: Harmacy|Icy Wind|p2a: \u6211\u4e49\u7236\n|-supereffective|p2a: \u6211\u4e49\u7236\n|-damage|p2a: \u6211\u4e49\u7236|13\/100\n|-unboost|p2a: \u6211\u4e49\u7236|spe|1\n|move|p2a: \u6211\u4e49\u7236|Pollen Puff|p2: \u6211\u63a8\u7684\u632f\u7ffc\u53d1|[notarget]\n|-fail|p2a: \u6211\u4e49\u7236\n|\n|-weather|RainDance|[upkeep]\n|-heal|p1b: Harmacy|82\/100|[from] item: Leftovers\n|upkeep\n|\n|t:|1699981129\n|switch|p2b: \u8bf4\u7684\u9053\u8389\uff5e\uff5e\uff5e\uff5e|Iron Hands|87\/100\n|turn|10\n|\n|t:|1699981143\n|move|p1a: Extra Spicy|Earthquake|p2b: \u8bf4\u7684\u9053\u8389\uff5e\uff5e\uff5e\uff5e|[spread] p1b,p2a,p2b\n|-supereffective|p2b: \u8bf4\u7684\u9053\u8389\uff5e\uff5e\uff5e\uff5e\n|-damage|p1b: Harmacy|61\/100\n|-damage|p2a: \u6211\u4e49\u7236|0 fnt\n|-damage|p2b: \u8bf4\u7684\u9053\u8389\uff5e\uff5e\uff5e\uff5e|42\/100\n|faint|p2a: \u6211\u4e49\u7236\n|move|p1b: Harmacy|Weather Ball|p2b: \u8bf4\u7684\u9053\u8389\uff5e\uff5e\uff5e\uff5e\n|-damage|p2b: \u8bf4\u7684\u9053\u8389\uff5e\uff5e\uff5e\uff5e|13\/100\n|move|p2b: \u8bf4\u7684\u9053\u8389\uff5e\uff5e\uff5e\uff5e|Wild Charge|p1b: Harmacy\n|-supereffective|p1b: Harmacy\n|-damage|p1b: Harmacy|0 fnt\n|faint|p1b: Harmacy\n|-damage|p2b: \u8bf4\u7684\u9053\u8389\uff5e\uff5e\uff5e\uff5e|0 fnt|[from] Recoil\n|faint|p2b: \u8bf4\u7684\u9053\u8389\uff5e\uff5e\uff5e\uff5e\n|-end|p2b: \u8bf4\u7684\u9053\u8389\uff5e\uff5e\uff5e\uff5e|Quark Drive|[silent]\n|\n|win|mikeyuwu\n|raw|mikeyuwu's rating: 1392 &rarr; <strong>1418<\/strong><br \/>(+26 for winning)\n|raw|OPieceOfHeroGhost's rating: 1497 &rarr; <strong>1471<\/strong><br \/>(-26 for losing)\n|c|\u2606mikeyuwu|Gg\n|l|\u2606OPieceOfHeroGhost\n|c|\u2606mikeyuwu|\u304c\u3093\u3070\u3063\u305f\uff01\n","uploadtime":1699981277,"views":6,"p1id":"mikeyuwu","p2id":"opieceofheroghost","formatid":"gen9doublesou","rating":1418,"private":0,"password":""}