{"id":"gen9doublesou-1987404165","p1":"Kazuko2175","p2":"Sumlax","format":"[Gen 9] Doubles OU","log":"|j|\u2606Kazuko2175\n|j|\u2606Sumlax\n|t:|1699586937\n|gametype|doubles\n|player|p1|Kazuko2175|1|1324\n|player|p2|Sumlax|170|1373\n|teamsize|p1|6\n|teamsize|p2|6\n|gen|9\n|tier|[Gen 9] Doubles OU\n|rated|\n|rule|Species Clause: Limit one of each Pok\u00e9mon\n|rule|OHKO Clause: OHKO moves are banned\n|rule|Evasion Moves Clause: Evasion moves are banned\n|rule|Gravity Sleep Clause: The combination of sleep-inducing moves with imperfect accuracy and Gravity or Gigantamax Orbeetle are banned\n|rule|Endless Battle Clause: Forcing endless battles is banned\n|rule|HP Percentage Mod: HP is shown in percentages\n|clearpoke\n|poke|p1|Empoleon, M|\n|poke|p1|Ninetales-Alola, M|\n|poke|p1|Krookodile, M|\n|poke|p1|Grimmsnarl, M|\n|poke|p1|Sinistcha|\n|poke|p1|Mamoswine, M|\n|poke|p2|Kommo-o, M|\n|poke|p2|Glimmora, F|\n|poke|p2|Ninetales-Alola, M|\n|poke|p2|Rillaboom, F|\n|poke|p2|Typhlosion-Hisui, F|\n|poke|p2|Empoleon, F|\n|teampreview\n|inactive|Battle timer is ON: inactive players will automatically lose when time's up. (requested by Kazuko2175)\n|\n|t:|1699586972\n|start\n|switch|p1a: Mamoswine|Mamoswine, M, shiny|100\/100\n|switch|p1b: Grimmsnarl|Grimmsnarl, M, shiny|100\/100\n|switch|p2a: Ninetales|Ninetales-Alola, M|100\/100\n|switch|p2b: Typhlosion|Typhlosion-Hisui, F|100\/100\n|-weather|Snow|[from] ability: Snow Warning|[of] p2a: Ninetales\n|-item|p1a: Mamoswine|Loaded Dice|[from] ability: Frisk|[of] p2b: Typhlosion|[identify]\n|-item|p1b: Grimmsnarl|Life Orb|[from] ability: Frisk|[of] p2b: Typhlosion|[identify]\n|turn|1\n|\n|t:|1699587000\n|move|p2b: Typhlosion|Protect|p2b: Typhlosion\n|-singleturn|p2b: Typhlosion|Protect\n|move|p1b: Grimmsnarl|Fake Out|p2a: Ninetales\n|-damage|p2a: Ninetales|86\/100\n|-damage|p1b: Grimmsnarl|91\/100|[from] item: Life Orb\n|cant|p2a: Ninetales|flinch\n|move|p1a: Mamoswine|Rock Blast|p2b: Typhlosion\n|-activate|p2b: Typhlosion|move: Protect\n|\n|-weather|Snow|[upkeep]\n|upkeep\n|turn|2\n|\n|t:|1699587019\n|switch|p2b: Rillaboom|Rillaboom, F|100\/100\n|-fieldstart|move: Grassy Terrain|[from] ability: Grassy Surge|[of] p2b: Rillaboom\n|move|p1b: Grimmsnarl|Parting Shot|p2b: Rillaboom\n|-unboost|p2b: Rillaboom|atk|1\n|-unboost|p2b: Rillaboom|spa|1\n|\n|t:|1699587034\n|switch|p1b: Krookodile|Krookodile, M, shiny|100\/100|[from] Parting Shot\n|-ability|p1b: Krookodile|Intimidate|boost\n|-unboost|p2a: Ninetales|atk|1\n|-unboost|p2b: Rillaboom|atk|1\n|move|p2a: Ninetales|Aurora Veil|p2a: Ninetales\n|-sidestart|p2: Sumlax|move: Aurora Veil\n|move|p1a: Mamoswine|Rock Blast|p2b: Rillaboom\n|-damage|p2b: Rillaboom|95\/100\n|-damage|p2b: Rillaboom|90\/100\n|-damage|p2b: Rillaboom|85\/100\n|-damage|p2b: Rillaboom|79\/100\n|-hitcount|p2b: Rillaboom|4\n|\n|-weather|Snow|[upkeep]\n|-heal|p2a: Ninetales|92\/100|[from] Grassy Terrain\n|-heal|p2b: Rillaboom|86\/100|[from] Grassy Terrain\n|upkeep\n|turn|3\n|\n|t:|1699587055\n|move|p2b: Rillaboom|Fake Out|p1a: Mamoswine\n|-damage|p1a: Mamoswine|94\/100\n|move|p2a: Ninetales|Blizzard|p1b: Krookodile|[spread] p1a,p1b\n|-crit|p1a: Mamoswine\n|-supereffective|p1b: Krookodile\n|-damage|p1a: Mamoswine|42\/100\n|-damage|p1b: Krookodile|33\/100\n|move|p1b: Krookodile|Brick Break|p2b: Rillaboom\n|-sideend|p2: Sumlax|move: Aurora Veil\n|-damage|p2b: Rillaboom|63\/100\n|cant|p1a: Mamoswine|flinch\n|\n|-weather|Snow|[upkeep]\n|-heal|p2a: Ninetales|98\/100|[from] Grassy Terrain\n|-heal|p1b: Krookodile|39\/100|[from] Grassy Terrain\n|-heal|p1a: Mamoswine|48\/100|[from] Grassy Terrain\n|-heal|p2b: Rillaboom|70\/100|[from] Grassy Terrain\n|upkeep\n|turn|4\n|\n|t:|1699587084\n|switch|p1b: Sinistcha|Sinistcha, shiny|100\/100\n|-heal|p1a: Mamoswine|73\/100|[from] ability: Hospitality|[of] p1b: Sinistcha\n|move|p2a: Ninetales|Aurora Veil|p2a: Ninetales\n|-sidestart|p2: Sumlax|move: Aurora Veil\n|move|p1a: Mamoswine|Icicle Spear|p2b: Rillaboom\n|-supereffective|p2b: Rillaboom\n|-damage|p2b: Rillaboom|53\/100\n|-supereffective|p2b: Rillaboom\n|-damage|p2b: Rillaboom|37\/100\n|-supereffective|p2b: Rillaboom\n|-damage|p2b: Rillaboom|20\/100\n|-supereffective|p2b: Rillaboom\n|-damage|p2b: Rillaboom|3\/100\n|-supereffective|p2b: Rillaboom\n|-damage|p2b: Rillaboom|0 fnt\n|faint|p2b: Rillaboom\n|-hitcount|p2: Rillaboom|5\n|\n|-weather|Snow|[upkeep]\n|-heal|p2a: Ninetales|100\/100|[from] Grassy Terrain\n|-heal|p1a: Mamoswine|79\/100|[from] Grassy Terrain\n|upkeep\n|inactive|Sumlax has 120 seconds left.\n|\n|t:|1699587096\n|switch|p2b: Glimmora|Glimmora, F|100\/100\n|turn|5\n|inactive|Kazuko2175 has 120 seconds left.\n|\n|t:|1699587127\n|move|p2a: Ninetales|Blizzard|p1a: Mamoswine|[spread] p1a,p1b\n|-supereffective|p1b: Sinistcha\n|-damage|p1a: Mamoswine|48\/100\n|-damage|p1b: Sinistcha|41\/100\n|move|p1a: Mamoswine|Earthquake|p2a: Ninetales|[spread] p1b,p2a,p2b\n|-resisted|p1b: Sinistcha\n|-supereffective|p2b: Glimmora\n|-damage|p1b: Sinistcha|34\/100\n|-damage|p2a: Ninetales|91\/100\n|-damage|p2b: Glimmora|41\/100\n|-activate|p2b: Glimmora|ability: Toxic Debris\n|-sidestart|p1: Kazuko2175|move: Toxic Spikes\n|move|p2b: Glimmora|Mortal Spin|p1a: Mamoswine|[spread] p1b\n|-miss|p2b: Glimmora|p1a: Mamoswine\n|-damage|p1b: Sinistcha|31\/100\n|-status|p1b: Sinistcha|psn\n|move|p1b: Sinistcha|Matcha Gotcha|p2b: Glimmora|[spread] p2b\n|-miss|p1b: Sinistcha|p2a: Ninetales\n|-damage|p2b: Glimmora|13\/100\n|-heal|p1b: Sinistcha|44\/100 psn|[from] drain|[of] p2b: Glimmora\n|\n|-weather|none\n|-heal|p2a: Ninetales|97\/100|[from] Grassy Terrain\n|-heal|p1a: Mamoswine|54\/100|[from] Grassy Terrain\n|-heal|p2b: Glimmora|19\/100|[from] Grassy Terrain\n|-heal|p1b: Sinistcha|50\/100 psn|[from] Grassy Terrain\n|-damage|p1b: Sinistcha|38\/100 psn|[from] psn\n|upkeep\n|turn|6\n|inactive|Kazuko2175 has 120 seconds left.\n|inactive|Sumlax has 120 seconds left.\n|\n|t:|1699587162\n|switch|p1b: Krookodile|Krookodile, M, shiny|39\/100\n|-ability|p1b: Krookodile|Intimidate|boost\n|-unboost|p2a: Ninetales|atk|1\n|-unboost|p2b: Glimmora|atk|1\n|move|p2a: Ninetales|Blizzard|p1b: Krookodile|[spread] p1a,p1b\n|-supereffective|p1b: Krookodile\n|-damage|p1a: Mamoswine|18\/100\n|-damage|p1b: Krookodile|0 fnt\n|faint|p1b: Krookodile\n|move|p1a: Mamoswine|Rock Blast|p2b: Glimmora\n|-damage|p2b: Glimmora|11\/100\n|-activate|p2b: Glimmora|ability: Toxic Debris\n|-sidestart|p1: Kazuko2175|move: Toxic Spikes\n|-damage|p2b: Glimmora|4\/100\n|-damage|p2b: Glimmora|0 fnt\n|faint|p2b: Glimmora\n|-hitcount|p2: Glimmora|3\n|\n|-heal|p2a: Ninetales|100\/100|[from] Grassy Terrain\n|-heal|p1a: Mamoswine|24\/100|[from] Grassy Terrain\n|-fieldend|move: Grassy Terrain\n|upkeep\n|\n|t:|1699587180\n|switch|p1b: Sinistcha|Sinistcha, shiny|38\/100 psn\n|switch|p2b: Typhlosion|Typhlosion-Hisui, F|100\/100\n|-item|p1a: Mamoswine|Loaded Dice|[from] ability: Frisk|[of] p2b: Typhlosion|[identify]\n|-item|p1b: Sinistcha|Ability Shield|[from] ability: Frisk|[of] p2b: Typhlosion|[identify]\n|-heal|p1a: Mamoswine|49\/100|[from] ability: Hospitality|[of] p1b: Sinistcha\n|turn|7\n|\n|t:|1699587204\n|-terastallize|p2b: Typhlosion|Ghost\n|move|p1b: Sinistcha|Rage Powder|p1b: Sinistcha\n|-singleturn|p1b: Sinistcha|move: Rage Powder\n|move|p2a: Ninetales|Moonblast|p1b: Sinistcha\n|-damage|p1b: Sinistcha|7\/100 psn\n|-unboost|p1b: Sinistcha|spa|1\n|move|p2b: Typhlosion|Infernal Parade|p1b: Sinistcha\n|-supereffective|p1b: Sinistcha\n|-damage|p1b: Sinistcha|0 fnt\n|faint|p1b: Sinistcha\n|move|p1a: Mamoswine|Rock Blast|p2b: Typhlosion\n|-damage|p2b: Typhlosion|92\/100\n|-damage|p2b: Typhlosion|84\/100\n|-damage|p2b: Typhlosion|75\/100\n|-damage|p2b: Typhlosion|68\/100\n|-hitcount|p2b: Typhlosion|4\n|\n|upkeep\n|\n|t:|1699587224\n|switch|p1b: Grimmsnarl|Grimmsnarl, M, shiny|91\/100\n|-status|p1b: Grimmsnarl|tox\n|turn|8\n|\n|t:|1699587246\n|move|p1b: Grimmsnarl|Parting Shot|p2b: Typhlosion\n|-unboost|p2b: Typhlosion|atk|1\n|-unboost|p2b: Typhlosion|spa|1\n|\n|t:|1699587252\n|switch|p1b: Empoleon|Empoleon, M, shiny|100\/100|[from] Parting Shot\n|move|p2a: Ninetales|Encore|p1a: Mamoswine\n|-start|p1a: Mamoswine|Encore\n|move|p2b: Typhlosion|Curse|p1a: Mamoswine\n|-start|p1a: Mamoswine|Curse|[of] p2b: Typhlosion\n|-damage|p2b: Typhlosion|18\/100\n|move|p1a: Mamoswine|Rock Blast|p2b: Typhlosion\n|-damage|p2b: Typhlosion|9\/100\n|-damage|p2b: Typhlosion|1\/100\n|-damage|p2b: Typhlosion|0 fnt\n|faint|p2b: Typhlosion\n|-hitcount|p2: Typhlosion|3\n|\n|-damage|p1a: Mamoswine|24\/100|[from] Curse\n|upkeep\n|\n|t:|1699587263\n|switch|p2b: Kommo-o|Kommo-o, M|100\/100\n|turn|9\n|\n|t:|1699587284\n|switch|p2a: Empoleon|Empoleon, F|100\/100\n|switch|p1a: Ninetales|Ninetales-Alola, M, shiny|100\/100\n|-status|p1a: Ninetales|tox\n|-weather|Snow|[from] ability: Snow Warning|[of] p1a: Ninetales\n|move|p2b: Kommo-o|Dragon Dance|p2b: Kommo-o\n|-boost|p2b: Kommo-o|atk|1\n|-boost|p2b: Kommo-o|spe|1\n|move|p1b: Empoleon|Blizzard|p2b: Kommo-o|[spread] p2a,p2b\n|-resisted|p2a: Empoleon\n|-supereffective|p2b: Kommo-o\n|-damage|p2a: Empoleon|98\/100\n|-damage|p2b: Kommo-o|76\/100\n|\n|-weather|Snow|[upkeep]\n|-damage|p1a: Ninetales|95\/100 tox|[from] psn\n|upkeep\n|turn|10\n|\n|t:|1699587303\n|switch|p2b: Ninetales|Ninetales-Alola, M|100\/100\n|move|p1a: Ninetales|Dazzling Gleam|p2b: Ninetales|[spread] p2a,p2b\n|-resisted|p2a: Empoleon\n|-damage|p2a: Empoleon|90\/100\n|-damage|p2b: Ninetales|85\/100\n|move|p1b: Empoleon|Blizzard|p2a: Empoleon|[spread] p2a,p2b\n|-resisted|p2a: Empoleon\n|-resisted|p2b: Ninetales\n|-damage|p2a: Empoleon|87\/100\n|-damage|p2b: Ninetales|77\/100\n|move|p2a: Empoleon|Flash Cannon|p1a: Ninetales\n|-supereffective|p1a: Ninetales\n|-damage|p1a: Ninetales|0 fnt\n|faint|p1a: Ninetales\n|-damage|p2a: Empoleon|77\/100|[from] item: Life Orb\n|\n|-weather|Snow|[upkeep]\n|upkeep\n|\n|t:|1699587311\n|switch|p1a: Grimmsnarl|Grimmsnarl, M, shiny|91\/100 tox\n|turn|11\n|\n|t:|1699587332\n|move|p1a: Grimmsnarl|Fake Out|p2b: Ninetales\n|-damage|p2b: Ninetales|67\/100\n|-damage|p1a: Grimmsnarl|81\/100 tox|[from] item: Life Orb\n|cant|p2b: Ninetales|flinch\n|move|p1b: Empoleon|Steel Beam|p2b: Ninetales\n|-supereffective|p2b: Ninetales\n|-damage|p2b: Ninetales|0 fnt\n|-damage|p1b: Empoleon|50\/100|[from] steelbeam\n|faint|p2b: Ninetales\n|move|p2a: Empoleon|Flash Cannon|p1b: Empoleon\n|-resisted|p1b: Empoleon\n|-damage|p1b: Empoleon|42\/100\n|-damage|p2a: Empoleon|67\/100|[from] item: Life Orb\n|\n|-weather|Snow|[upkeep]\n|-heal|p1b: Empoleon|48\/100|[from] item: Leftovers\n|-damage|p1a: Grimmsnarl|75\/100 tox|[from] psn\n|-sideend|p2: Sumlax|move: Aurora Veil\n|upkeep\n|\n|t:|1699587343\n|switch|p2b: Kommo-o|Kommo-o, M|76\/100\n|turn|12\n|\n|t:|1699587370\n|-terastallize|p1b: Empoleon|Electric\n|move|p1a: Grimmsnarl|Parting Shot|p2b: Kommo-o\n|-fail|p2b: Kommo-o|unboost|[from] item: Clear Amulet|[of] p2b: Kommo-o\n|move|p2b: Kommo-o|Dragon Dance|p2b: Kommo-o\n|-boost|p2b: Kommo-o|atk|1\n|-boost|p2b: Kommo-o|spe|1\n|move|p1b: Empoleon|Tera Blast|p2a: Empoleon|[anim] Tera Blast Electric\n|-supereffective|p2a: Empoleon\n|-damage|p2a: Empoleon|10\/100\n|move|p2a: Empoleon|Flash Cannon|p1a: Grimmsnarl\n|-supereffective|p1a: Grimmsnarl\n|-damage|p1a: Grimmsnarl|0 fnt\n|faint|p1a: Grimmsnarl\n|-damage|p2a: Empoleon|0 fnt|[from] item: Life Orb\n|faint|p2a: Empoleon\n|\n|-weather|Snow|[upkeep]\n|-heal|p1b: Empoleon|54\/100|[from] item: Leftovers\n|upkeep\n|inactive|Kazuko2175 has 120 seconds left.\n|\n|t:|1699587383\n|switch|p1a: Mamoswine|Mamoswine, M, shiny|24\/100\n|-status|p1a: Mamoswine|tox\n|turn|13\n|inactive|Kazuko2175 has 120 seconds left.\n|\n|t:|1699587412\n|move|p2b: Kommo-o|Drain Punch|p1a: Mamoswine\n|-supereffective|p1a: Mamoswine\n|-damage|p1a: Mamoswine|0 fnt\n|-heal|p2b: Kommo-o|88\/100|[from] drain|[of] p1a: Mamoswine\n|faint|p1a: Mamoswine\n|move|p1b: Empoleon|Tera Blast|p2b: Kommo-o|[anim] Tera Blast Electric\n|-resisted|p2b: Kommo-o\n|-damage|p2b: Kommo-o|74\/100\n|\n|-weather|Snow|[upkeep]\n|-heal|p1b: Empoleon|60\/100|[from] item: Leftovers\n|upkeep\n|turn|14\n|\n|t:|1699587423\n|move|p1b: Empoleon|Protect|p1b: Empoleon\n|-singleturn|p1b: Empoleon|Protect\n|move|p2b: Kommo-o|Drain Punch|p1b: Empoleon\n|-activate|p1b: Empoleon|move: Protect\n|\n|-weather|Snow|[upkeep]\n|-heal|p1b: Empoleon|67\/100|[from] item: Leftovers\n|upkeep\n|turn|15\n|\n|t:|1699587427\n|move|p2b: Kommo-o|Drain Punch|p1b: Empoleon\n|-damage|p1b: Empoleon|9\/100\n|-heal|p2b: Kommo-o|100\/100|[from] drain|[of] p1b: Empoleon\n|move|p1b: Empoleon|Blizzard|p2b: Kommo-o\n|-supereffective|p2b: Kommo-o\n|-damage|p2b: Kommo-o|44\/100\n|\n|-weather|Snow|[upkeep]\n|-heal|p1b: Empoleon|16\/100|[from] item: Leftovers\n|upkeep\n|turn|16\n|\n|t:|1699587433\n|move|p2b: Kommo-o|Drain Punch|p1b: Empoleon\n|-damage|p1b: Empoleon|0 fnt\n|-heal|p2b: Kommo-o|52\/100|[from] drain|[of] p1b: Empoleon\n|faint|p1b: Empoleon\n|\n|win|Sumlax\n|raw|Kazuko2175's rating: 1324 &rarr; <strong>1307<\/strong><br \/>(-17 for losing)\n|raw|Sumlax's rating: 1373 &rarr; <strong>1390<\/strong><br \/>(+17 for winning)\n|l|\u2606Kazuko2175\n|c|\u2606Sumlax|gg\n","uploadtime":1699587441,"views":7,"p1id":"kazuko2175","p2id":"sumlax","formatid":"gen9doublesou","rating":1307,"private":0,"password":""}