{"id":"gen9doublesou-1975975136","p1":"vivafranco1234","p2":"plantshrine","format":"[Gen 9] Doubles OU","log":"|j|\u2606vivafranco1234\n|j|\u2606plantshrine\n|t:|1698253560\n|gametype|doubles\n|player|p1|vivafranco1234|ltsurge|1333\n|player|p2|plantshrine|gardenia|1251\n|teamsize|p1|6\n|teamsize|p2|6\n|gen|9\n|tier|[Gen 9] Doubles OU\n|rated|\n|rule|Species Clause: Limit one of each Pok\u00e9mon\n|rule|OHKO Clause: OHKO moves are banned\n|rule|Evasion Moves Clause: Evasion moves are banned\n|rule|Gravity Sleep Clause: The combination of sleep-inducing moves with imperfect accuracy and Gravity or Gigantamax Orbeetle are banned\n|rule|Endless Battle Clause: Forcing endless battles is banned\n|rule|HP Percentage Mod: HP is shown in percentages\n|clearpoke\n|poke|p1|Arcanine, F|\n|poke|p1|Amoonguss, M|\n|poke|p1|Dusclops, M|\n|poke|p1|Iron Bundle|\n|poke|p1|Chien-Pao|\n|poke|p1|Iron Hands|\n|poke|p2|Typhlosion-Hisui, M|\n|poke|p2|Ninetales, M|\n|poke|p2|Farigiraf, M|\n|poke|p2|Iron Valiant|\n|poke|p2|Trevenant, F|\n|poke|p2|Moltres-Galar|\n|teampreview\n|\n|t:|1698253582\n|start\n|switch|p1a: Iron Bundle|Iron Bundle|100\/100\n|switch|p1b: Arcanine|Arcanine, F|100\/100\n|switch|p2a: Typhlosion|Typhlosion-Hisui, M, shiny|100\/100\n|switch|p2b: Trevenant|Trevenant, F|100\/100\n|-ability|p1b: Arcanine|Intimidate|boost\n|-unboost|p2a: Typhlosion|atk|1\n|-unboost|p2b: Trevenant|atk|1\n|-enditem|p1a: Iron Bundle|Booster Energy\n|-activate|p1a: Iron Bundle|ability: Quark Drive|[fromitem]\n|-start|p1a: Iron Bundle|quarkdrivespe\n|turn|1\n|\n|t:|1698253599\n|switch|p2b: Ninetales|Ninetales, M, shiny|100\/100\n|-weather|SunnyDay|[from] ability: Drought|[of] p2b: Ninetales\n|-terastallize|p2a: Typhlosion|Fire\n|move|p1a: Iron Bundle|Protect|p1a: Iron Bundle\n|-singleturn|p1a: Iron Bundle|Protect\n|move|p2a: Typhlosion|Eruption|p1a: Iron Bundle|[spread] p1b\n|-activate|p1a: Iron Bundle|move: Protect\n|-resisted|p1b: Arcanine\n|-damage|p1b: Arcanine|51\/100\n|move|p1b: Arcanine|Snarl|p2b: Ninetales|[spread] p2a,p2b\n|-damage|p2a: Typhlosion|85\/100\n|-damage|p2b: Ninetales|89\/100\n|-unboost|p2a: Typhlosion|spa|1\n|-unboost|p2b: Ninetales|spa|1\n|-enditem|p2b: Ninetales|Eject Pack\n|\n|t:|1698253620\n|switch|p2b: Farigiraf|Farigiraf, M|100\/100\n|\n|-weather|SunnyDay|[upkeep]\n|upkeep\n|turn|2\n|\n|t:|1698253630\n|switch|p2a: Trevenant|Trevenant, F|100\/100\n|move|p1a: Iron Bundle|Hydro Pump|p2a: Trevenant\n|-resisted|p2a: Trevenant\n|-damage|p2a: Trevenant|86\/100\n|move|p1b: Arcanine|Snarl|p2a: Trevenant|[spread] p2a,p2b\n|-supereffective|p2a: Trevenant\n|-supereffective|p2b: Farigiraf\n|-damage|p2a: Trevenant|61\/100\n|-damage|p2b: Farigiraf|81\/100\n|-unboost|p2a: Trevenant|spa|1\n|-unboost|p2b: Farigiraf|spa|1\n|-enditem|p2b: Farigiraf|Weakness Policy\n|-boost|p2b: Farigiraf|atk|2|[from] item: Weakness Policy\n|-boost|p2b: Farigiraf|spa|2|[from] item: Weakness Policy\n|move|p2b: Farigiraf|Thunder Wave|p1a: Iron Bundle\n|-status|p1a: Iron Bundle|par\n|\n|-weather|SunnyDay|[upkeep]\n|upkeep\n|turn|3\n|\n|t:|1698253666\n|cant|p1a: Iron Bundle|par\n|move|p2a: Trevenant|Endure|p2a: Trevenant\n|-singleturn|p2a: Trevenant|move: Endure\n|move|p1b: Arcanine|Heat Wave|p2b: Farigiraf|[spread] p2a,p2b\n|-supereffective|p2a: Trevenant\n|-activate|p2a: Trevenant|move: Endure\n|-damage|p2a: Trevenant|1\/100\n|-damage|p2b: Farigiraf|46\/100\n|move|p2b: Farigiraf|Future Sight|p1a: Iron Bundle\n|-start|p2b: Farigiraf|move: Future Sight\n|\n|-weather|SunnyDay|[upkeep]\n|upkeep\n|turn|4\n|-enditem|p2a: Trevenant|Custap Berry|[eat]\n|-activate|p2a: Trevenant|item: Custap Berry|[consumed]\n|\n|t:|1698253692\n|move|p2a: Trevenant|Destiny Bond|p2a: Trevenant\n|-singlemove|p2a: Trevenant|Destiny Bond\n|move|p1a: Iron Bundle|Freeze-Dry|p2b: Farigiraf\n|-damage|p2b: Farigiraf|17\/100\n|move|p1b: Arcanine|Snarl|p2b: Farigiraf|[spread] p2a,p2b\n|-supereffective|p2a: Trevenant\n|-supereffective|p2b: Farigiraf\n|-damage|p2a: Trevenant|0 fnt\n|-damage|p2b: Farigiraf|0 fnt\n|faint|p2a: Trevenant\n|-activate|p2a: Trevenant|move: Destiny Bond\n|faint|p2b: Farigiraf\n|faint|p1b: Arcanine\n|\n|-weather|SunnyDay|[upkeep]\n|upkeep\n|\n|t:|1698253714\n|switch|p1b: Iron Hands|Iron Hands|100\/100\n|switch|p2a: Ninetales|Ninetales, M, shiny|89\/100\n|switch|p2b: Typhlosion|Typhlosion-Hisui, M, shiny, tera:Fire|85\/100\n|turn|5\n|\n|t:|1698253734\n|move|p1b: Iron Hands|Fake Out|p2b: Typhlosion\n|-damage|p2b: Typhlosion|63\/100\n|cant|p2b: Typhlosion|flinch\n|move|p2a: Ninetales|Solar Beam||[still]\n|-prepare|p2a: Ninetales|Solar Beam\n|-anim|p2a: Ninetales|Solar Beam|p1a: Iron Bundle\n|-supereffective|p1a: Iron Bundle\n|-damage|p1a: Iron Bundle|0 fnt\n|faint|p1a: Iron Bundle\n|-end|p1a: Iron Bundle|Quark Drive|[silent]\n|\n|-weather|none\n|-hint|Future Sight did not hit because the target is fainted.\n|upkeep\n|\n|t:|1698253748\n|switch|p1a: Chien-Pao|Chien-Pao|100\/100\n|-ability|p1a: Chien-Pao|Sword of Ruin\n|turn|6\n|\n|t:|1698253778\n|-terastallize|p1a: Chien-Pao|Fire\n|move|p2b: Typhlosion|Endure|p2b: Typhlosion\n|-singleturn|p2b: Typhlosion|move: Endure\n|move|p1a: Chien-Pao|Crunch|p2b: Typhlosion\n|-activate|p2b: Typhlosion|move: Endure\n|-damage|p2b: Typhlosion|1\/100\n|-damage|p1a: Chien-Pao|91\/100|[from] item: Life Orb\n|move|p2a: Ninetales|Overheat|p1a: Chien-Pao\n|-resisted|p1a: Chien-Pao\n|-damage|p1a: Chien-Pao|57\/100\n|-unboost|p2a: Ninetales|spa|2\n|move|p1b: Iron Hands|Rock Slide|p2b: Typhlosion|[spread] p2a,p2b\n|-supereffective|p2a: Ninetales\n|-supereffective|p2b: Typhlosion\n|-damage|p2a: Ninetales|0 fnt\n|-activate|p2b: Typhlosion|move: Endure\n|-damage|p2b: Typhlosion|1\/100\n|faint|p2a: Ninetales\n|\n|upkeep\n|\n|t:|1698253804\n|switch|p2a: Iron Valiant|Iron Valiant|100\/100\n|-enditem|p2a: Iron Valiant|Booster Energy\n|-activate|p2a: Iron Valiant|ability: Quark Drive|[fromitem]\n|-start|p2a: Iron Valiant|quarkdrivespe\n|turn|7\n|\n|t:|1698253820\n|switch|p2b: Moltres|Moltres-Galar|100\/100\n|move|p1a: Chien-Pao|Protect|p1a: Chien-Pao\n|-singleturn|p1a: Chien-Pao|Protect\n|move|p2a: Iron Valiant|Close Combat|p1a: Chien-Pao\n|-activate|p1a: Chien-Pao|move: Protect\n|move|p1b: Iron Hands|Wild Charge|p2b: Moltres\n|-supereffective|p2b: Moltres\n|-damage|p2b: Moltres|0 fnt\n|faint|p2b: Moltres\n|-damage|p1b: Iron Hands|79\/100|[from] Recoil\n|\n|upkeep\n|\n|t:|1698253835\n|switch|p2b: Typhlosion|Typhlosion-Hisui, M, shiny, tera:Fire|1\/100\n|turn|8\n|\n|t:|1698253847\n|move|p2a: Iron Valiant|Close Combat|p1a: Chien-Pao\n|-crit|p1a: Chien-Pao\n|-damage|p1a: Chien-Pao|0 fnt\n|-unboost|p2a: Iron Valiant|def|1\n|-unboost|p2a: Iron Valiant|spd|1\n|faint|p1a: Chien-Pao\n|move|p2b: Typhlosion|Flamethrower|p1b: Iron Hands\n|-crit|p1b: Iron Hands\n|-damage|p1b: Iron Hands|4\/100\n|move|p1b: Iron Hands|Wild Charge|p2a: Iron Valiant\n|-damage|p2a: Iron Valiant|13\/100\n|-damage|p1b: Iron Hands|0 fnt|[from] Recoil\n|faint|p1b: Iron Hands\n|-end|p1b: Iron Hands|Quark Drive|[silent]\n|\n|upkeep\n|\n|t:|1698253860\n|switch|p1a: Dusclops|Dusclops, M|100\/100\n|switch|p1b: Amoonguss|Amoonguss, M|100\/100\n|-item|p2b: Typhlosion|Choice Scarf|[from] ability: Frisk|[of] p1a: Dusclops|[identify]\n|turn|9\n|\n|t:|1698253876\n|move|p2a: Iron Valiant|Knock Off|p1a: Dusclops\n|-supereffective|p1a: Dusclops\n|-damage|p1a: Dusclops|63\/100\n|-enditem|p1a: Dusclops|Eviolite|[from] move: Knock Off|[of] p2a: Iron Valiant\n|move|p2b: Typhlosion|Flamethrower|p1a: Dusclops\n|-damage|p1a: Dusclops|0 fnt\n|faint|p1a: Dusclops\n|move|p1b: Amoonguss|Sludge Bomb|p2a: Iron Valiant\n|-supereffective|p2a: Iron Valiant\n|-damage|p2a: Iron Valiant|0 fnt\n|faint|p2a: Iron Valiant\n|-end|p2a: Iron Valiant|Quark Drive|[silent]\n|\n|upkeep\n|turn|10\n|\n|t:|1698253890\n|move|p2b: Typhlosion|Flamethrower|p1b: Amoonguss\n|-supereffective|p1b: Amoonguss\n|-damage|p1b: Amoonguss|0 fnt\n|faint|p1b: Amoonguss\n|\n|win|plantshrine\n|raw|vivafranco1234's rating: 1333 &rarr; <strong>1308<\/strong><br \/>(-25 for losing)\n|raw|plantshrine's rating: 1251 &rarr; <strong>1282<\/strong><br \/>(+31 for winning)\n|l|\u2606vivafranco1234\n","uploadtime":1698253907,"views":16,"p1id":"vivafranco1234","p2id":"plantshrine","formatid":"gen9doublesou","rating":1282,"private":0,"password":""}