{"id":"gen9doublesou-1992320437","p1":"Justy-pregymleader","p2":"insect gym leader","format":"[Gen 9] Doubles OU","log":"|j|\u2606Justy-pregymleader\n|j|\u2606insect gym leader\n|t:|1700174373\n|gametype|doubles\n|player|p1|Justy-pregymleader|lucian|1327\n|player|p2|insect gym leader|alder|1187\n|teamsize|p1|6\n|teamsize|p2|6\n|gen|9\n|tier|[Gen 9] Doubles OU\n|rated|\n|rule|Species Clause: Limit one of each Pok\u00e9mon\n|rule|OHKO Clause: OHKO moves are banned\n|rule|Evasion Moves Clause: Evasion moves are banned\n|rule|Gravity Sleep Clause: The combination of sleep-inducing moves with imperfect accuracy and Gravity or Gigantamax Orbeetle are banned\n|rule|Endless Battle Clause: Forcing endless battles is banned\n|rule|HP Percentage Mod: HP is shown in percentages\n|clearpoke\n|poke|p1|Rockruff, L1, F|\n|poke|p1|Arcanine-Hisui, M|\n|poke|p1|Gastrodon, M|\n|poke|p1|Hippowdon, M|\n|poke|p1|Great Tusk|\n|poke|p1|Tyranitar, F|\n|poke|p2|Dragonite, F|\n|poke|p2|Ogerpon-Hearthflame, F|\n|poke|p2|Tornadus, M|\n|poke|p2|Iron Hands|\n|poke|p2|Chien-Pao|\n|poke|p2|Flamigo, M|\n|teampreview\n|inactive|Battle timer is ON: inactive players will automatically lose when time's up. (requested by insect gym leader)\n|inactive|Justy-pregymleader also wants the timer to be on.\n|inactive|Justy-pregymleader has 120 seconds left.\n|\n|t:|1700174418\n|start\n|switch|p1a: Rockruff|Rockruff, L1, F|100\/100\n|switch|p1b: Hippowdon|Hippowdon, M|100\/100\n|switch|p2a: Iron Hands|Iron Hands|100\/100\n|switch|p2b: Tornadus|Tornadus, M|100\/100\n|-weather|Sandstorm|[from] ability: Sand Stream|[of] p1b: Hippowdon\n|turn|1\n|\n|t:|1700174436\n|move|p1a: Rockruff|Protect|p1a: Rockruff\n|-singleturn|p1a: Rockruff|Protect\n|move|p2b: Tornadus|Taunt|p1b: Hippowdon\n|-start|p1b: Hippowdon|move: Taunt\n|move|p2a: Iron Hands|Belly Drum|p2a: Iron Hands\n|-damage|p2a: Iron Hands|50\/100\n|-setboost|p2a: Iron Hands|atk|6|[from] move: Belly Drum\n|-enditem|p2a: Iron Hands|Sitrus Berry|[eat]\n|-heal|p2a: Iron Hands|75\/100|[from] item: Sitrus Berry\n|cant|p1b: Hippowdon|move: Taunt|Curse\n|\n|-weather|Sandstorm|[upkeep]\n|-damage|p2b: Tornadus|94\/100|[from] Sandstorm\n|-damage|p2a: Iron Hands|69\/100|[from] Sandstorm\n|upkeep\n|turn|2\n|\n|t:|1700174455\n|move|p2b: Tornadus|Tailwind|p2b: Tornadus\n|-sidestart|p2: insect gym leader|move: Tailwind\n|move|p2a: Iron Hands|Drain Punch|p1b: Hippowdon\n|-damage|p1b: Hippowdon|0 fnt\n|-heal|p2a: Iron Hands|100\/100|[from] drain|[of] p1b: Hippowdon\n|faint|p1b: Hippowdon\n|move|p1a: Rockruff|Endeavor|p2a: Iron Hands\n|-damage|p2a: Iron Hands|3\/100\n|\n|-weather|Sandstorm|[upkeep]\n|-damage|p2b: Tornadus|88\/100|[from] Sandstorm\n|-damage|p2a: Iron Hands|0 fnt|[from] Sandstorm\n|faint|p2a: Iron Hands\n|-end|p2a: Iron Hands|Quark Drive|[silent]\n|upkeep\n|\n|t:|1700174478\n|switch|p2a: Flamigo|Flamigo, M|100\/100\n|switch|p1b: Arcanine|Arcanine-Hisui, M|100\/100\n|-copyboost|p2a: Flamigo|p2b: Tornadus|[from] ability: Costar\n|-ability|p1b: Arcanine|Intimidate|boost\n|-unboost|p2a: Flamigo|atk|1\n|-unboost|p2b: Tornadus|atk|1\n|-enditem|p2a: Flamigo|White Herb\n|-clearnegativeboost|p2a: Flamigo|[silent]\n|turn|3\n|\n|t:|1700174493\n|switch|p1b: Gastrodon|Gastrodon, M|100\/100\n|move|p2b: Tornadus|Chilling Water|p1b: Gastrodon\n|-activate|p1b: Gastrodon|ability: Storm Drain\n|-ability|p1b: Gastrodon|Storm Drain|boost\n|-boost|p1b: Gastrodon|spa|1\n|move|p2a: Flamigo|Liquidation|p1b: Gastrodon\n|-ability|p1b: Gastrodon|Storm Drain|boost\n|-boost|p1b: Gastrodon|spa|1\n|move|p1a: Rockruff|Endeavor|p2a: Flamigo\n|-damage|p2a: Flamigo|4\/100\n|\n|-weather|Sandstorm|[upkeep]\n|-damage|p2b: Tornadus|82\/100|[from] Sandstorm\n|-damage|p2a: Flamigo|0 fnt|[from] Sandstorm\n|faint|p2a: Flamigo\n|upkeep\n|\n|t:|1700174501\n|switch|p2a: Ogerpon|Ogerpon-Hearthflame, F|100\/100\n|-ability|p2a: Ogerpon|Mold Breaker\n|turn|4\n|\n|t:|1700174511\n|move|p2a: Ogerpon|Helping Hand|p2b: Tornadus\n|-singleturn|p2b: Tornadus|Helping Hand|[of] p2a: Ogerpon\n|move|p1b: Gastrodon|Protect|p1b: Gastrodon\n|-singleturn|p1b: Gastrodon|Protect\n|move|p2b: Tornadus|Bleakwind Storm|p1b: Gastrodon|[spread] p1a\n|-activate|p1b: Gastrodon|move: Protect\n|-resisted|p1a: Rockruff\n|-enditem|p1a: Rockruff|Focus Sash\n|-damage|p1a: Rockruff|10\/100\n|move|p1a: Rockruff|Endeavor|p2b: Tornadus\n|-damage|p2b: Tornadus|1\/100\n|\n|-weather|Sandstorm|[upkeep]\n|-damage|p2b: Tornadus|0 fnt|[from] Sandstorm\n|-damage|p2a: Ogerpon|94\/100|[from] Sandstorm\n|faint|p2b: Tornadus\n|upkeep\n|\n|t:|1700174525\n|switch|p2b: Dragonite|Dragonite, F|100\/100\n|turn|5\n|\n|t:|1700174540\n|-terastallize|p2b: Dragonite|Normal\n|-terastallize|p1b: Gastrodon|Fire\n|move|p2a: Ogerpon|Ivy Cudgel|p1a: Rockruff|[anim] Ivy Cudgel Fire\n|-resisted|p1a: Rockruff\n|-damage|p1a: Rockruff|0 fnt\n|faint|p1a: Rockruff\n|move|p2b: Dragonite|Dragon Dance|p2b: Dragonite\n|-boost|p2b: Dragonite|atk|1\n|-boost|p2b: Dragonite|spe|1\n|move|p1b: Gastrodon|Ice Beam|p2b: Dragonite\n|-damage|p2b: Dragonite|58\/100\n|\n|-weather|none\n|-sideend|p2: insect gym leader|move: Tailwind\n|upkeep\n|\n|t:|1700174550\n|switch|p1a: Arcanine|Arcanine-Hisui, M|100\/100\n|-ability|p1a: Arcanine|Intimidate|boost\n|-unboost|p2a: Ogerpon|atk|1\n|-fail|p2b: Dragonite|unboost|Attack|[from] ability: Inner Focus|[of] p2b: Dragonite\n|turn|6\n|\n|t:|1700174559\n|move|p2b: Dragonite|Extreme Speed|p1b: Gastrodon\n|-damage|p1b: Gastrodon|37\/100\n|move|p2a: Ogerpon|Follow Me|p2a: Ogerpon\n|-singleturn|p2a: Ogerpon|move: Follow Me\n|move|p1a: Arcanine|Flare Blitz|p2a: Ogerpon\n|-damage|p2a: Ogerpon|35\/100\n|-damage|p1a: Arcanine|79\/100|[from] Recoil\n|move|p1b: Gastrodon|Ice Beam|p2a: Ogerpon\n|-damage|p2a: Ogerpon|0 fnt\n|faint|p2a: Ogerpon\n|\n|upkeep\n|\n|t:|1700174569\n|switch|p2a: Chien-Pao|Chien-Pao|100\/100\n|-ability|p2a: Chien-Pao|Sword of Ruin\n|turn|7\n|inactive|insect gym leader has 120 seconds left.\n|\n|t:|1700174601\n|move|p2b: Dragonite|Extreme Speed|p1b: Gastrodon\n|-damage|p1b: Gastrodon|0 fnt\n|faint|p1b: Gastrodon\n|move|p1a: Arcanine|Extreme Speed|p2b: Dragonite\n|-damage|p2b: Dragonite|23\/100\n|move|p2a: Chien-Pao|Sacred Sword|p1a: Arcanine\n|-supereffective|p1a: Arcanine\n|-damage|p1a: Arcanine|0 fnt\n|-damage|p2a: Chien-Pao|84\/100|[from] item: Rocky Helmet|[of] p1a: Arcanine\n|faint|p1a: Arcanine\n|\n|upkeep\n|\n|t:|1700174611\n|switch|p1a: Great Tusk|Great Tusk|100\/100\n|switch|p1b: Tyranitar|Tyranitar, F|100\/100\n|-weather|Sandstorm|[from] ability: Sand Stream|[of] p1b: Tyranitar\n|-enditem|p1a: Great Tusk|Booster Energy\n|-activate|p1a: Great Tusk|ability: Protosynthesis|[fromitem]\n|-start|p1a: Great Tusk|protosynthesisspe\n|turn|8\n|\n|t:|1700174631\n|move|p2b: Dragonite|Extreme Speed|p1a: Great Tusk\n|-damage|p1a: Great Tusk|28\/100\n|move|p1a: Great Tusk|Headlong Rush|p2b: Dragonite\n|-damage|p2b: Dragonite|0 fnt\n|-unboost|p1a: Great Tusk|def|1\n|-unboost|p1a: Great Tusk|spd|1\n|faint|p2b: Dragonite\n|move|p2a: Chien-Pao|Sacred Sword|p1b: Tyranitar\n|-supereffective|p1b: Tyranitar\n|-damage|p1b: Tyranitar|0 fnt\n|faint|p1b: Tyranitar\n|\n|-weather|Sandstorm|[upkeep]\n|-damage|p2a: Chien-Pao|78\/100|[from] Sandstorm\n|upkeep\n|turn|9\n|\n|t:|1700174642\n|move|p1a: Great Tusk|Headlong Rush|p2a: Chien-Pao\n|-damage|p2a: Chien-Pao|3\/100\n|-unboost|p1a: Great Tusk|def|1\n|-unboost|p1a: Great Tusk|spd|1\n|move|p2a: Chien-Pao|Sacred Sword|p1a: Great Tusk\n|-damage|p1a: Great Tusk|0 fnt\n|faint|p1a: Great Tusk\n|-end|p1a: Great Tusk|Protosynthesis|[silent]\n|\n|win|insect gym leader\n|raw|Justy-pregymleader's rating: 1327 &rarr; <strong>1299<\/strong><br \/>(-28 for losing)\n|raw|insect gym leader's rating: 1187 &rarr; <strong>1222<\/strong><br \/>(+35 for winning)\n|c|\u2606Justy-pregymleader|GG\n|c|\u2606insect gym leader|gg\n|l|\u2606Justy-pregymleader\n","uploadtime":1700174689,"views":6,"p1id":"justypregymleader","p2id":"insectgymleader","formatid":"gen9doublesou","rating":1222,"private":0,"password":""}