{"id":"gen9doublesou-1977029363","p1":"Segato","p2":"ThatFunniGuy","format":"[Gen 9] Doubles OU","log":"|j|\u2606Segato\n|j|\u2606ThatFunniGuy\n|t:|1698363569\n|gametype|doubles\n|player|p1|Segato|cynthia-masters|1345\n|player|p2|ThatFunniGuy|fisherman-gen4|1307\n|teamsize|p1|6\n|teamsize|p2|6\n|gen|9\n|tier|[Gen 9] Doubles OU\n|rated|\n|rule|Species Clause: Limit one of each Pok\u00e9mon\n|rule|OHKO Clause: OHKO moves are banned\n|rule|Evasion Moves Clause: Evasion moves are banned\n|rule|Gravity Sleep Clause: The combination of sleep-inducing moves with imperfect accuracy and Gravity or Gigantamax Orbeetle are banned\n|rule|Endless Battle Clause: Forcing endless battles is banned\n|rule|HP Percentage Mod: HP is shown in percentages\n|clearpoke\n|poke|p1|Toxtricity, M|\n|poke|p1|Mimikyu, F|\n|poke|p1|Gliscor, F|\n|poke|p1|Dragapult, F|\n|poke|p1|Palafin, F|\n|poke|p1|Heatran, F|\n|poke|p2|Pikachu, M|\n|poke|p2|Hatterene, F|\n|poke|p2|Hoopa-Unbound|\n|poke|p2|Golem-Alola, F|\n|poke|p2|Oranguru, F|\n|poke|p2|Meowscarada, F|\n|teampreview\n|inactive|Battle timer is ON: inactive players will automatically lose when time's up. (requested by Segato)\n|\n|t:|1698363578\n|start\n|switch|p1a: Dragapult|Dragapult, F|100\/100\n|switch|p1b: Palafin|Palafin, F|100\/100\n|switch|p2a: Meowdini|Meowscarada, F|100\/100\n|switch|p2b: SHOCK|Pikachu, M, shiny|100\/100\n|turn|1\n|\n|t:|1698363597\n|detailschange|p1b: Palafin|Palafin-Hero, F\n|switch|p1b: Gliscor|Gliscor, F|100\/100\n|move|p2b: SHOCK|Fake Out|p1b: Gliscor\n|-damage|p1b: Gliscor|91\/100\n|move|p1a: Dragapult|U-turn|p2a: Meowdini\n|-supereffective|p2a: Meowdini\n|-damage|p2a: Meowdini|0 fnt\n|faint|p2a: Meowdini\n|-damage|p1a: Dragapult|91\/100|[from] item: Life Orb\n|\n|t:|1698363611\n|switch|p1a: Mimikyu|Mimikyu, F|100\/100|[from] U-turn\n|\n|-status|p1b: Gliscor|tox|[from] item: Toxic Orb\n|upkeep\n|\n|t:|1698363618\n|switch|p2a: Faerie|Hatterene, F, shiny|100\/100\n|turn|2\n|\n|t:|1698363631\n|move|p1a: Mimikyu|Swords Dance|p1a: Mimikyu\n|-boost|p1a: Mimikyu|atk|2\n|move|p1b: Gliscor|Swords Dance|p1b: Gliscor\n|-boost|p1b: Gliscor|atk|2\n|move|p2b: SHOCK|Grass Knot|p1a: Mimikyu\n|-activate|p1a: Mimikyu|ability: Disguise\n|-damage|p1a: Mimikyu|100\/100\n|detailschange|p1a: Mimikyu|Mimikyu-Busted, F\n|-damage|p1a: Mimikyu|88\/100|[from] pokemon: Mimikyu-Busted\n|move|p2a: Faerie|Trick Room|p2a: Faerie\n|-fieldstart|move: Trick Room|[of] p2a: Faerie\n|\n|-heal|p1b: Gliscor|100\/100 tox|[from] ability: Poison Heal\n|upkeep\n|turn|3\n|\n|t:|1698363657\n|move|p1a: Mimikyu|Shadow Sneak|p2a: Faerie\n|-supereffective|p2a: Faerie\n|-damage|p2a: Faerie|12\/100\n|-damage|p1a: Mimikyu|78\/100|[from] item: Life Orb\n|move|p2a: Faerie|Psyshock|p1a: Mimikyu\n|-damage|p1a: Mimikyu|0 fnt\n|faint|p1a: Mimikyu\n|-damage|p2a: Faerie|2\/100|[from] item: Life Orb\n|move|p2b: SHOCK|Surf|p1b: Gliscor|[spread] p2a,p1b\n|-supereffective|p1b: Gliscor\n|-damage|p2a: Faerie|0 fnt\n|-damage|p1b: Gliscor|28\/100 tox\n|faint|p2a: Faerie\n|move|p1b: Gliscor|Knock Off|p2b: SHOCK\n|-damage|p2b: SHOCK|0 fnt\n|-enditem|p2b: SHOCK|Light Ball|[from] move: Knock Off|[of] p1b: Gliscor\n|faint|p2b: SHOCK\n|\n|-heal|p1b: Gliscor|41\/100 tox|[from] ability: Poison Heal\n|upkeep\n|inactive|Segato has 120 seconds left.\n|\n|t:|1698363690\n|switch|p2a: Monke|Oranguru, F, shiny|100\/100\n|switch|p2b: Best Movie|Hoopa-Unbound|100\/100\n|switch|p1a: Toxtricity|Toxtricity, M|100\/100\n|-enditem|p2b: Best Movie|Room Service\n|-unboost|p2b: Best Movie|spe|1|[from] item: Room Service\n|turn|4\n|\n|t:|1698363700\n|move|p1b: Gliscor|Protect|p1b: Gliscor\n|-singleturn|p1b: Gliscor|Protect\n|move|p2b: Best Movie|Zen Headbutt|p1a: Toxtricity\n|-supereffective|p1a: Toxtricity\n|-damage|p1a: Toxtricity|0 fnt\n|faint|p1a: Toxtricity\n|move|p2a: Monke|Psychic Terrain|p2a: Monke\n|-fieldstart|move: Psychic Terrain\n|\n|-heal|p1b: Gliscor|53\/100 tox|[from] ability: Poison Heal\n|upkeep\n|\n|t:|1698363717\n|switch|p1a: Heatran|Heatran, F|100\/100\n|turn|5\n|\n|t:|1698363731\n|move|p2b: Best Movie|Hyperspace Fury|p1b: Gliscor\n|-damage|p1b: Gliscor|2\/100 tox\n|-unboost|p2b: Best Movie|def|1\n|-item|p2b: Best Movie|Toxic Orb|[from] ability: Magician|[of] p1b: Gliscor\n|move|p2a: Monke|Instruct|p2b: Best Movie\n|-singleturn|p2b: Best Movie|move: Instruct|[of] p2a: Monke\n|move|p2b: Best Movie|Hyperspace Fury|p1b: Gliscor\n|-crit|p1b: Gliscor\n|-damage|p1b: Gliscor|0 fnt\n|-unboost|p2b: Best Movie|def|1\n|faint|p1b: Gliscor\n|move|p1a: Heatran|Magma Storm|p2b: Best Movie|[miss]\n|-miss|p1a: Heatran|p2b: Best Movie\n|\n|-status|p2b: Best Movie|tox|[from] item: Toxic Orb\n|upkeep\n|\n|t:|1698363753\n|switch|p1b: Palafin|Palafin-Hero, F|100\/100\n|-activate|p1b: Palafin|ability: Zero to Hero\n|turn|6\n|\n|t:|1698363769\n|move|p2b: Best Movie|Zen Headbutt|p1b: Palafin\n|-damage|p1b: Palafin|27\/100\n|move|p2a: Monke|Instruct|p2b: Best Movie\n|-singleturn|p2b: Best Movie|move: Instruct|[of] p2a: Monke\n|move|p2b: Best Movie|Zen Headbutt|p1b: Palafin\n|-damage|p1b: Palafin|0 fnt\n|faint|p1b: Palafin\n|move|p1a: Heatran|Magma Storm|p2b: Best Movie\n|-crit|p2b: Best Movie\n|-damage|p2b: Best Movie|33\/100 tox\n|-activate|p2b: Best Movie|move: Magma Storm|[of] p1a: Heatran\n|\n|-damage|p2b: Best Movie|27\/100 tox|[from] psn\n|-damage|p2b: Best Movie|15\/100 tox|[from] move: Magma Storm|[partiallytrapped]\n|-fieldend|move: Trick Room\n|upkeep\n|\n|t:|1698363787\n|switch|p1b: Dragapult|Dragapult, F|91\/100\n|turn|7\n|\n|t:|1698363809\n|-terastallize|p2a: Monke|Fairy\n|move|p1b: Dragapult|U-turn|p2b: Best Movie\n|-supereffective|p2b: Best Movie\n|-damage|p2b: Best Movie|0 fnt\n|faint|p2b: Best Movie\n|-damage|p1b: Dragapult|81\/100|[from] item: Life Orb\n|move|p1a: Heatran|Magma Storm|p2a: Monke\n|-damage|p2a: Monke|66\/100\n|-activate|p2a: Monke|move: Magma Storm|[of] p1a: Heatran\n|move|p2a: Monke|Trick Room|p2a: Monke\n|-fieldstart|move: Trick Room|[of] p2a: Monke\n|\n|-damage|p2a: Monke|53\/100|[from] move: Magma Storm|[partiallytrapped]\n|upkeep\n|\n|t:|1698363813\n|switch|p2b: Boom|Golem-Alola, F, shiny|100\/100\n|turn|8\n|\n|t:|1698363838\n|move|p2a: Monke|Protect|p2a: Monke\n|-singleturn|p2a: Monke|Protect\n|move|p1a: Heatran|Protect|p1a: Heatran\n|-singleturn|p1a: Heatran|Protect\n|move|p2b: Boom|Electric Terrain|p2b: Boom\n|-fieldstart|move: Electric Terrain\n|move|p1b: Dragapult|Dragon Darts|p2b: Boom\n|-damage|p2b: Boom|72\/100\n|-anim|p1b: Dragapult|Dragon Darts|p2b: Boom\n|-damage|p2b: Boom|46\/100\n|-damage|p1b: Dragapult|71\/100|[from] item: Life Orb\n|\n|-damage|p2a: Monke|41\/100|[from] move: Magma Storm|[partiallytrapped]\n|upkeep\n|turn|9\n|\n|t:|1698363863\n|move|p2a: Monke|Protect|p2a: Monke\n|-singleturn|p2a: Monke|Protect\n|move|p2b: Boom|Explosion|p1b: Dragapult|[spread] p1a,p1b\n|-activate|p2a: Monke|move: Protect\n|-resisted|p1b: Dragapult\n|-damage|p1a: Heatran|0 fnt\n|-damage|p1b: Dragapult|0 fnt\n|faint|p2b: Boom\n|faint|p1a: Heatran\n|faint|p1b: Dragapult\n|\n|win|ThatFunniGuy\n|raw|Segato's rating: 1345 &rarr; <strong>1323<\/strong><br \/>(-22 for losing)\n|raw|ThatFunniGuy's rating: 1307 &rarr; <strong>1329<\/strong><br \/>(+22 for winning)\n|l|\u2606Segato\n","uploadtime":1698363876,"views":25,"p1id":"segato","p2id":"thatfunniguy","formatid":"gen9doublesou","rating":1323,"private":0,"password":""}