{"id":"gen9doublesou-1985731689","p1":"gbutters19","p2":"komaglobe","format":"[Gen 9] Doubles OU","log":"|j|\u2606gbutters19\n|j|\u2606komaglobe\n|t:|1699400303\n|gametype|doubles\n|player|p1|gbutters19|chef|\n|player|p2|komaglobe|265|\n|teamsize|p1|6\n|teamsize|p2|6\n|gen|9\n|tier|[Gen 9] Doubles OU\n|rule|Species Clause: Limit one of each Pok\u00e9mon\n|rule|OHKO Clause: OHKO moves are banned\n|rule|Evasion Moves Clause: Evasion moves are banned\n|rule|Gravity Sleep Clause: The combination of sleep-inducing moves with imperfect accuracy and Gravity or Gigantamax Orbeetle are banned\n|rule|Endless Battle Clause: Forcing endless battles is banned\n|rule|HP Percentage Mod: HP is shown in percentages\n|clearpoke\n|poke|p1|Dusclops, F|\n|poke|p1|Iron Hands|\n|poke|p1|Cresselia, F|\n|poke|p1|Landorus-Therian, M|\n|poke|p1|Sylveon, M|\n|poke|p1|Snorlax, M|\n|poke|p2|Kommo-o, F|\n|poke|p2|Sinistcha-Masterpiece|\n|poke|p2|Morgrem, M|\n|poke|p2|Ogerpon-Cornerstone, F|\n|poke|p2|Gardevoir, F|\n|poke|p2|Munkidori, M|\n|teampreview\n|c|\u2606komaglobe|gl!\n|c|\u2606gbutters19|glhf!\n|\n|t:|1699400329\n|start\n|switch|p1a: Iron Hands|Iron Hands, shiny|100\/100\n|switch|p1b: Sylveon|Sylveon, M, shiny|100\/100\n|switch|p2a: Gardevoir|Gardevoir, F, shiny|100\/100\n|switch|p2b: Munkidori|Munkidori, M|100\/100\n|turn|1\n|\n|t:|1699400365\n|-end|p1a: Iron Hands|Quark Drive|[silent]\n|switch|p1a: Cresselia|Cresselia, F|100\/100\n|move|p2b: Munkidori|Fake Out|p1a: Cresselia\n|-damage|p1a: Cresselia|96\/100\n|move|p2a: Gardevoir|Trick|p1a: Cresselia\n|-activate|p2a: Gardevoir|move: Trick|[of] p1a: Cresselia\n|-item|p1a: Cresselia|Choice Specs|[from] move: Trick\n|-item|p2a: Gardevoir|Mental Herb|[from] move: Trick\n|move|p1b: Sylveon|Hyper Voice|p2b: Munkidori|[spread] p2a,p2b\n|-resisted|p2b: Munkidori\n|-damage|p2a: Gardevoir|55\/100\n|-damage|p2b: Munkidori|75\/100\n|-enditem|p1b: Sylveon|Throat Spray\n|-boost|p1b: Sylveon|spa|1|[from] item: Throat Spray\n|\n|upkeep\n|turn|2\n|\n|t:|1699400390\n|move|p2a: Gardevoir|Protect|p2a: Gardevoir\n|-singleturn|p2a: Gardevoir|Protect\n|move|p2b: Munkidori|Sludge Wave|p1a: Cresselia|[spread] p1a,p1b\n|-activate|p2a: Gardevoir|move: Protect\n|-supereffective|p1b: Sylveon\n|-damage|p1a: Cresselia|72\/100\n|-damage|p1b: Sylveon|49\/100\n|-status|p1a: Cresselia|tox|[from] ability: Toxic Chain|[of] p2b: Munkidori\n|-status|p1b: Sylveon|tox|[from] ability: Toxic Chain|[of] p2b: Munkidori\n|move|p1b: Sylveon|Hyper Voice|p2a: Gardevoir|[spread] p2b\n|-activate|p2a: Gardevoir|move: Protect\n|-resisted|p2b: Munkidori\n|-damage|p2b: Munkidori|39\/100\n|move|p1a: Cresselia|Trick Room|p1a: Cresselia\n|-fieldstart|move: Trick Room|[of] p1a: Cresselia\n|\n|-damage|p1b: Sylveon|43\/100 tox|[from] psn\n|-damage|p1a: Cresselia|66\/100 tox|[from] psn\n|upkeep\n|turn|3\n|\n|t:|1699400419\n|switch|p1a: Snorlax|Snorlax, M|100\/100\n|move|p1b: Sylveon|Tera Blast|p2b: Munkidori\n|-resisted|p2b: Munkidori\n|-damage|p2b: Munkidori|0 fnt\n|faint|p2b: Munkidori\n|move|p2a: Gardevoir|Dazzling Gleam|p1b: Sylveon|[spread] p1a,p1b\n|-damage|p1a: Snorlax|80\/100\n|-damage|p1b: Sylveon|21\/100 tox\n|\n|-damage|p1b: Sylveon|8\/100 tox|[from] psn\n|upkeep\n|\n|t:|1699400432\n|switch|p2b: Sinistcha|Sinistcha-Masterpiece, shiny|100\/100\n|-heal|p2a: Gardevoir|80\/100|[from] ability: Hospitality|[of] p2b: Sinistcha\n|turn|4\n|\n|t:|1699400472\n|switch|p1a: Dusclops|Dusclops, F, shiny|100\/100\n|-item|p2a: Gardevoir|Mental Herb|[from] ability: Frisk|[of] p1a: Dusclops|[identify]\n|-item|p2b: Sinistcha|Sitrus Berry|[from] ability: Frisk|[of] p1a: Dusclops|[identify]\n|move|p1b: Sylveon|Hyper Voice|p2a: Gardevoir|[spread] p2a,p2b\n|-damage|p2a: Gardevoir|14\/100\n|-damage|p2b: Sinistcha|49\/100\n|-enditem|p2b: Sinistcha|Sitrus Berry|[eat]\n|-heal|p2b: Sinistcha|74\/100|[from] item: Sitrus Berry\n|move|p2a: Gardevoir|Dazzling Gleam|p1b: Sylveon|[spread] p1a,p1b\n|-damage|p1a: Dusclops|81\/100\n|-damage|p1b: Sylveon|0 fnt\n|faint|p1b: Sylveon\n|move|p2b: Sinistcha|Trick Room|p2b: Sinistcha\n|-fieldend|move: Trick Room\n|\n|upkeep\n|\n|t:|1699400487\n|switch|p1b: Landorus|Landorus-Therian, M, shiny|100\/100\n|-ability|p1b: Landorus|Intimidate|boost\n|-unboost|p2a: Gardevoir|atk|1\n|-unboost|p2b: Sinistcha|atk|1\n|turn|5\n|\n|t:|1699400512\n|-terastallize|p2b: Sinistcha|Fire\n|move|p2a: Gardevoir|Protect|p2a: Gardevoir\n|-singleturn|p2a: Gardevoir|Protect\n|move|p1b: Landorus|U-turn|p2a: Gardevoir\n|-activate|p2a: Gardevoir|move: Protect\n|move|p2b: Sinistcha|Matcha Gotcha|p1a: Dusclops|[spread] p1a,p1b\n|-damage|p1a: Dusclops|66\/100\n|-heal|p2b: Sinistcha|79\/100|[from] drain|[of] p1a: Dusclops\n|-damage|p1b: Landorus|70\/100\n|-heal|p2b: Sinistcha|93\/100|[from] drain|[of] p1b: Landorus\n|-status|p1a: Dusclops|brn\n|move|p1a: Dusclops|Trick Room|p1a: Dusclops\n|-fieldstart|move: Trick Room|[of] p1a: Dusclops\n|\n|-damage|p1a: Dusclops|59\/100 brn|[from] brn\n|upkeep\n|turn|6\n|\n|t:|1699400552\n|switch|p2b: Ogerpon|Ogerpon-Cornerstone, F|100\/100\n|switch|p2a: Morgrem|Morgrem, M, shiny|100\/100\n|switch|p1b: Cresselia|Cresselia, F|66\/100 tox\n|move|p1a: Dusclops|Night Shade|p2a: Morgrem\n|-damage|p2a: Morgrem|71\/100\n|\n|-damage|p1b: Cresselia|60\/100 tox|[from] psn\n|-damage|p1a: Dusclops|53\/100 brn|[from] brn\n|upkeep\n|turn|7\n|\n|t:|1699400577\n|move|p2a: Morgrem|Reflect|p2a: Morgrem\n|-sidestart|p2: komaglobe|Reflect\n|move|p1a: Dusclops|Pain Split|p2b: Ogerpon\n|-sethp|p2b: Ogerpon|67\/100|[from] move: Pain Split|[silent]\n|-sethp|p1a: Dusclops|100\/100 brn|[from] move: Pain Split\n|move|p1b: Cresselia|Lunar Blessing|p1b: Cresselia|[spread] p1a,p1b\n|-curestatus|p1a: Dusclops|brn|[msg]\n|-heal|p1b: Cresselia|85\/100 tox\n|-curestatus|p1b: Cresselia|tox|[msg]\n|move|p2b: Ogerpon|Ivy Cudgel|p1b: Cresselia\n|-damage|p1b: Cresselia|55\/100\n|\n|upkeep\n|turn|8\n|\n|t:|1699400607\n|move|p2a: Morgrem|Thunder Wave|p1a: Dusclops\n|-status|p1a: Dusclops|par\n|move|p1a: Dusclops|Night Shade|p2b: Ogerpon\n|-damage|p2b: Ogerpon|39\/100\n|move|p1b: Cresselia|Lunar Blessing|p1b: Cresselia|[spread] p1a,p1b\n|-curestatus|p1a: Dusclops|par|[msg]\n|-heal|p1b: Cresselia|80\/100\n|move|p2b: Ogerpon|Ivy Cudgel|p1b: Cresselia\n|-crit|p1b: Cresselia\n|-damage|p1b: Cresselia|38\/100\n|\n|upkeep\n|turn|9\n|\n|t:|1699400632\n|switch|p1b: Landorus|Landorus-Therian, M, shiny|70\/100\n|-ability|p1b: Landorus|Intimidate|boost\n|-unboost|p2a: Morgrem|atk|1\n|-unboost|p2b: Ogerpon|atk|1\n|switch|p2b: Sinistcha|Sinistcha-Masterpiece, shiny, tera:Fire|93\/100\n|-heal|p2a: Morgrem|95\/100|[from] ability: Hospitality|[of] p2b: Sinistcha\n|move|p2a: Morgrem|Parting Shot|p1a: Dusclops\n|-unboost|p1a: Dusclops|atk|1\n|-unboost|p1a: Dusclops|spa|1\n|\n|t:|1699400646\n|switch|p2a: Kommo-o|Kommo-o, F, shiny|100\/100|[from] Parting Shot\n|move|p1a: Dusclops|Night Shade|p2b: Sinistcha\n|-damage|p2b: Sinistcha|64\/100\n|\n|-fieldend|move: Trick Room\n|upkeep\n|turn|10\n|\n|t:|1699400667\n|move|p1b: Landorus|Stomping Tantrum|p2b: Sinistcha\n|-supereffective|p2b: Sinistcha\n|-damage|p2b: Sinistcha|9\/100\n|move|p2a: Kommo-o|Clangorous Soul|p2a: Kommo-o\n|-boost|p2a: Kommo-o|atk|1\n|-boost|p2a: Kommo-o|def|1\n|-boost|p2a: Kommo-o|spa|1\n|-boost|p2a: Kommo-o|spd|1\n|-boost|p2a: Kommo-o|spe|1\n|-damage|p2a: Kommo-o|68\/100\n|-enditem|p2a: Kommo-o|Throat Spray\n|-boost|p2a: Kommo-o|spa|1|[from] item: Throat Spray\n|move|p2b: Sinistcha|Life Dew|p2b: Sinistcha|[spread] p2a,p2b\n|-heal|p2a: Kommo-o|93\/100\n|-heal|p2b: Sinistcha|34\/100\n|move|p1a: Dusclops|Haze|p1a: Dusclops\n|-clearallboost\n|\n|upkeep\n|turn|11\n|c|\u2606komaglobe|oof\n|\n|t:|1699400733\n|switch|p2b: Gardevoir|Gardevoir, F, shiny|14\/100\n|move|p1b: Landorus|Stomping Tantrum|p2b: Gardevoir\n|-damage|p2b: Gardevoir|0 fnt\n|faint|p2b: Gardevoir\n|move|p2a: Kommo-o|Flash Cannon|p1b: Landorus\n|-damage|p1b: Landorus|36\/100\n|move|p1a: Dusclops|Haze|p1a: Dusclops\n|-clearallboost\n|\n|-sideend|p2: komaglobe|Reflect\n|upkeep\n|\n|t:|1699400744\n|switch|p2b: Morgrem|Morgrem, M, shiny|95\/100\n|turn|12\n|\n|t:|1699400755\n|switch|p1b: Cresselia|Cresselia, F|38\/100\n|move|p2b: Morgrem|Thunder Wave|p1a: Dusclops\n|-status|p1a: Dusclops|par\n|move|p2a: Kommo-o|Flash Cannon|p1b: Cresselia\n|-damage|p1b: Cresselia|24\/100\n|move|p1a: Dusclops|Night Shade|p2b: Morgrem\n|-damage|p2b: Morgrem|65\/100\n|\n|upkeep\n|turn|13\n|\n|t:|1699400786\n|move|p2b: Morgrem|Light Screen|p2b: Morgrem\n|-sidestart|p2: komaglobe|move: Light Screen\n|move|p2a: Kommo-o|Flash Cannon|p1b: Cresselia\n|-damage|p1b: Cresselia|9\/100\n|move|p1b: Cresselia|Moonblast|p2a: Kommo-o\n|-supereffective|p2a: Kommo-o\n|-damage|p2a: Kommo-o|16\/100\n|move|p1a: Dusclops|Night Shade|p2b: Morgrem\n|-damage|p2b: Morgrem|36\/100\n|\n|upkeep\n|turn|14\n|\n|t:|1699400799\n|move|p2b: Morgrem|Reflect|p2b: Morgrem\n|-sidestart|p2: komaglobe|Reflect\n|move|p2a: Kommo-o|Clanging Scales|p1b: Cresselia|[spread] p1a,p1b\n|-damage|p1a: Dusclops|76\/100 par\n|-damage|p1b: Cresselia|0 fnt\n|faint|p1b: Cresselia\n|-unboost|p2a: Kommo-o|def|1\n|move|p1a: Dusclops|Night Shade|p2a: Kommo-o\n|-damage|p2a: Kommo-o|0 fnt\n|faint|p2a: Kommo-o\n|\n|upkeep\n|\n|t:|1699400817\n|switch|p2a: Sinistcha|Sinistcha-Masterpiece, shiny, tera:Fire|34\/100\n|switch|p1b: Landorus|Landorus-Therian, M, shiny|36\/100\n|-ability|p1b: Landorus|Intimidate|boost\n|-unboost|p2a: Sinistcha|atk|1\n|-unboost|p2b: Morgrem|atk|1\n|-heal|p2b: Morgrem|60\/100|[from] ability: Hospitality|[of] p2a: Sinistcha\n|turn|15\n|\n|t:|1699400847\n|move|p2b: Morgrem|Parting Shot|p1b: Landorus\n|-unboost|p1b: Landorus|atk|1\n|-unboost|p1b: Landorus|spa|1\n|\n|t:|1699400851\n|switch|p2b: Ogerpon|Ogerpon-Cornerstone, F|39\/100|[from] Parting Shot\n|move|p1b: Landorus|Stomping Tantrum|p2a: Sinistcha\n|-supereffective|p2a: Sinistcha\n|-damage|p2a: Sinistcha|0 fnt\n|faint|p2a: Sinistcha\n|move|p1a: Dusclops|Night Shade|p2b: Ogerpon\n|-damage|p2b: Ogerpon|12\/100\n|\n|upkeep\n|\n|t:|1699400859\n|switch|p2a: Morgrem|Morgrem, M, shiny|60\/100\n|turn|16\n|\n|t:|1699400869\n|switch|p1b: Iron Hands|Iron Hands, shiny|100\/100\n|move|p2b: Ogerpon|Spiky Shield|p2b: Ogerpon\n|-singleturn|p2b: Ogerpon|move: Protect\n|move|p2a: Morgrem|Parting Shot|p1b: Iron Hands\n|-unboost|p1b: Iron Hands|atk|1\n|-unboost|p1b: Iron Hands|spa|1\n|move|p1a: Dusclops|Night Shade|p2b: Ogerpon\n|-activate|p2b: Ogerpon|move: Protect\n|\n|upkeep\n|turn|17\n|\n|t:|1699400903\n|move|p1b: Iron Hands|Fake Out|p2b: Ogerpon\n|-resisted|p2b: Ogerpon\n|-damage|p2b: Ogerpon|9\/100\n|move|p2a: Morgrem|Parting Shot|p1b: Iron Hands\n|-unboost|p1b: Iron Hands|atk|1\n|-unboost|p1b: Iron Hands|spa|1\n|cant|p2b: Ogerpon|flinch\n|move|p1a: Dusclops|Night Shade|p2b: Ogerpon\n|-damage|p2b: Ogerpon|0 fnt\n|faint|p2b: Ogerpon\n|\n|-sideend|p2: komaglobe|move: Light Screen\n|upkeep\n|turn|18\n|c|\u2606komaglobe|gg!\n|c|\u2606gbutters19|gg\n|c|\u2606komaglobe|my morg has no attacks\n|c|\u2606komaglobe|lol\n|-message|komaglobe forfeited.\n|\n|win|gbutters19\n|c|\u2606komaglobe|at least i didn't get 6-0'd\n|c|\u2606gbutters19|fair lol. it was a tough one. the scarf on my cress hurt pretty bad tbh\n","uploadtime":1699400963,"views":25,"p1id":"gbutters19","p2id":"komaglobe","formatid":"gen9doublesou","rating":0,"private":0,"password":""}