{"id":"gen9doublesou-1997573093","p1":"Cryptic_Brawler","p2":"LemurMaster","format":"[Gen 9] Doubles OU","log":"|j|\u2606Cryptic_Brawler\n|j|\u2606LemurMaster\n|t:|1700827484\n|gametype|doubles\n|player|p1|Cryptic_Brawler|ghetsis-gen5bw|1066\n|player|p2|LemurMaster|steven|1152\n|teamsize|p1|6\n|teamsize|p2|6\n|gen|9\n|tier|[Gen 9] Doubles OU\n|rated|\n|rule|Species Clause: Limit one of each Pok\u00e9mon\n|rule|OHKO Clause: OHKO moves are banned\n|rule|Evasion Moves Clause: Evasion moves are banned\n|rule|Gravity Sleep Clause: The combination of sleep-inducing moves with imperfect accuracy and Gravity or Gigantamax Orbeetle are banned\n|rule|Endless Battle Clause: Forcing endless battles is banned\n|rule|HP Percentage Mod: HP is shown in percentages\n|clearpoke\n|poke|p1|Espathra, M|\n|poke|p1|Ogerpon-Wellspring, F|\n|poke|p1|Roaring Moon|\n|poke|p1|Politoed, F|\n|poke|p1|Noivern, F|\n|poke|p1|Cinderace, F|\n|poke|p2|Enamorus, F|\n|poke|p2|Thundurus, M|\n|poke|p2|Pelipper, F|\n|poke|p2|Iron Bundle|\n|poke|p2|Sinistcha-Masterpiece|\n|poke|p2|Iron Hands|\n|teampreview\n|\n|t:|1700827493\n|start\n|switch|p1a: Espathra|Espathra, M|100\/100\n|switch|p1b: Ogerpon|Ogerpon-Wellspring, F|100\/100\n|switch|p2a: demeter|Pelipper, F|100\/100\n|switch|p2b: ares|Iron Hands, shiny|100\/100\n|-weather|RainDance|[from] ability: Drizzle|[of] p2a: demeter\n|turn|1\n|inactive|Battle timer is ON: inactive players will automatically lose when time's up. (requested by LemurMaster)\n|c|\u2606Cryptic_Brawler|W names\n|\n|t:|1700827510\n|move|p2b: ares|Fake Out|p1a: Espathra\n|-damage|p1a: Espathra|73\/100\n|move|p1b: Ogerpon|Follow Me|p1b: Ogerpon\n|-singleturn|p1b: Ogerpon|move: Follow Me\n|cant|p1a: Espathra|flinch\n|move|p2a: demeter|U-turn|p1b: Ogerpon\n|-supereffective|p1b: Ogerpon\n|-damage|p1b: Ogerpon|82\/100\n|\n|t:|1700827521\n|switch|p2a: zeus|Thundurus, M, shiny|100\/100|[from] U-turn\n|\n|-weather|RainDance|[upkeep]\n|-heal|p1a: Espathra|79\/100|[from] item: Leftovers\n|-ability|p1a: Espathra|Speed Boost|boost\n|-boost|p1a: Espathra|spe|1\n|upkeep\n|turn|2\n|\n|t:|1700827543\n|move|p1b: Ogerpon|Follow Me|p1b: Ogerpon\n|-singleturn|p1b: Ogerpon|move: Follow Me\n|move|p2a: zeus|Thunder Wave|p1b: Ogerpon\n|-status|p1b: Ogerpon|par\n|move|p1a: Espathra|Calm Mind|p1a: Espathra\n|-boost|p1a: Espathra|spa|1\n|-boost|p1a: Espathra|spd|1\n|move|p2b: ares|Volt Switch|p1b: Ogerpon\n|-damage|p1b: Ogerpon|70\/100 par\n|\n|t:|1700827554\n|-end|p2b: ares|Quark Drive|[silent]\n|switch|p2b: aphrodite|Enamorus, F, shiny|100\/100|[from] Volt Switch\n|\n|-weather|RainDance|[upkeep]\n|-heal|p1a: Espathra|85\/100|[from] item: Leftovers\n|-ability|p1a: Espathra|Speed Boost|boost\n|-boost|p1a: Espathra|spe|1\n|upkeep\n|turn|3\n|\n|t:|1700827574\n|move|p1a: Espathra|Protect|p1a: Espathra\n|-singleturn|p1a: Espathra|Protect\n|move|p1b: Ogerpon|Protect|p1b: Ogerpon\n|-singleturn|p1b: Ogerpon|Protect\n|move|p2a: zeus|Eerie Impulse|p2b: aphrodite\n|-boost|p2b: aphrodite|spa|2\n|move|p2b: aphrodite|Springtide Storm|p1b: Ogerpon|[spread] \n|-activate|p1a: Espathra|move: Protect\n|-activate|p1b: Ogerpon|move: Protect\n|\n|-weather|RainDance|[upkeep]\n|-heal|p1a: Espathra|91\/100|[from] item: Leftovers\n|-ability|p1a: Espathra|Speed Boost|boost\n|-boost|p1a: Espathra|spe|1\n|upkeep\n|turn|4\n|\n|t:|1700827596\n|move|p1b: Ogerpon|Helping Hand|p1a: Espathra\n|-singleturn|p1a: Espathra|Helping Hand|[of] p1b: Ogerpon\n|move|p2a: zeus|Scary Face|p2b: aphrodite\n|-boost|p2b: aphrodite|spe|2\n|move|p1a: Espathra|Stored Power|p2b: aphrodite\n|-damage|p2b: aphrodite|0 fnt\n|faint|p2b: aphrodite\n|\n|-weather|RainDance|[upkeep]\n|-heal|p1a: Espathra|97\/100|[from] item: Leftovers\n|-ability|p1a: Espathra|Speed Boost|boost\n|-boost|p1a: Espathra|spe|1\n|upkeep\n|inactive|LemurMaster has 120 seconds left.\n|\n|t:|1700827632\n|switch|p2b: demeter|Pelipper, F|100\/100\n|turn|5\n|inactive|LemurMaster has 120 seconds left.\n|\n|t:|1700827652\n|move|p1b: Ogerpon|Helping Hand|p1a: Espathra\n|-singleturn|p1a: Espathra|Helping Hand|[of] p1b: Ogerpon\n|move|p2a: zeus|Thunder Wave|p1a: Espathra\n|-status|p1a: Espathra|par\n|cant|p1a: Espathra|par\n|move|p2b: demeter|Hurricane|p1b: Ogerpon\n|-supereffective|p1b: Ogerpon\n|-damage|p1b: Ogerpon|4\/100 par\n|\n|-weather|RainDance|[upkeep]\n|-heal|p1a: Espathra|100\/100 par|[from] item: Leftovers\n|-ability|p1a: Espathra|Speed Boost|boost\n|-boost|p1a: Espathra|spe|1\n|upkeep\n|turn|6\n|inactive|LemurMaster has 120 seconds left.\n|\n|t:|1700827674\n|move|p1b: Ogerpon|Helping Hand|p1a: Espathra\n|-singleturn|p1a: Espathra|Helping Hand|[of] p1b: Ogerpon\n|move|p2a: zeus|Scary Face|p1a: Espathra\n|-unboost|p1a: Espathra|spe|2\n|move|p1a: Espathra|Stored Power|p2a: zeus\n|-damage|p2a: zeus|0 fnt\n|faint|p2a: zeus\n|move|p2b: demeter|Surf|p1a: Espathra|[spread] p1a\n|-heal|p1b: Ogerpon|29\/100 par|[from] ability: Water Absorb|[of] p2b: demeter\n|-damage|p1a: Espathra|64\/100 par\n|\n|-weather|RainDance|[upkeep]\n|-heal|p1a: Espathra|70\/100 par|[from] item: Leftovers\n|-ability|p1a: Espathra|Speed Boost|boost\n|-boost|p1a: Espathra|spe|1\n|upkeep\n|inactive|LemurMaster has 120 seconds left.\n|\n|t:|1700827690\n|switch|p2a: hermes|Iron Bundle, shiny|100\/100\n|-enditem|p2a: hermes|Booster Energy\n|-activate|p2a: hermes|ability: Quark Drive|[fromitem]\n|-start|p2a: hermes|quarkdrivespe\n|turn|7\n|inactive|LemurMaster has 120 seconds left.\n|inactive|Cryptic_Brawler has 120 seconds left.\n|\n|t:|1700827720\n|move|p1b: Ogerpon|Follow Me|p1b: Ogerpon\n|-singleturn|p1b: Ogerpon|move: Follow Me\n|move|p2a: hermes|Freeze-Dry|p1b: Ogerpon\n|-supereffective|p1b: Ogerpon\n|-damage|p1b: Ogerpon|0 fnt\n|faint|p1b: Ogerpon\n|move|p1a: Espathra|Stored Power|p2a: hermes\n|-damage|p2a: hermes|0 fnt\n|faint|p2a: hermes\n|-end|p2a: hermes|Quark Drive|[silent]\n|move|p2b: demeter|Hurricane|p1a: Espathra\n|-damage|p1a: Espathra|34\/100 par\n|\n|-weather|RainDance|[upkeep]\n|-heal|p1a: Espathra|40\/100 par|[from] item: Leftovers\n|-ability|p1a: Espathra|Speed Boost|boost\n|-boost|p1a: Espathra|spe|1\n|upkeep\n|inactive|LemurMaster has 120 seconds left.\n|\n|t:|1700827736\n|switch|p2a: ares|Iron Hands, shiny|100\/100\n|switch|p1b: Roaring Moon|Roaring Moon|100\/100\n|-enditem|p1b: Roaring Moon|Booster Energy\n|-activate|p1b: Roaring Moon|ability: Protosynthesis|[fromitem]\n|-start|p1b: Roaring Moon|protosynthesisatk\n|turn|8\n|\n|t:|1700827748\n|move|p1a: Espathra|Protect|p1a: Espathra\n|-singleturn|p1a: Espathra|Protect\n|move|p2a: ares|Fake Out|p1a: Espathra\n|-activate|p1a: Espathra|move: Protect\n|move|p1b: Roaring Moon|Dragon Dance|p1b: Roaring Moon\n|-boost|p1b: Roaring Moon|atk|1\n|-boost|p1b: Roaring Moon|spe|1\n|move|p2b: demeter|Hurricane|p1a: Espathra\n|-activate|p1a: Espathra|move: Protect\n|\n|-weather|none\n|-heal|p1a: Espathra|46\/100 par|[from] item: Leftovers\n|-ability|p1a: Espathra|Speed Boost|boost\n|-boost|p1a: Espathra|spe|1\n|upkeep\n|turn|9\n|\n|t:|1700827774\n|cant|p1a: Espathra|par\n|move|p1b: Roaring Moon|Acrobatics|p2a: ares\n|-damage|p2a: ares|46\/100\n|move|p2b: demeter|U-turn|p1a: Espathra\n|-supereffective|p1a: Espathra\n|-damage|p1a: Espathra|20\/100 par\n|\n|t:|1700827781\n|switch|p2b: dionysus|Sinistcha-Masterpiece|100\/100|[from] U-turn\n|-heal|p2a: ares|71\/100|[from] ability: Hospitality|[of] p2b: dionysus\n|move|p2a: ares|Drain Punch|p1b: Roaring Moon\n|-supereffective|p1b: Roaring Moon\n|-damage|p1b: Roaring Moon|0 fnt\n|-heal|p2a: ares|100\/100|[from] drain|[of] p1b: Roaring Moon\n|faint|p1b: Roaring Moon\n|-end|p1b: Roaring Moon|Protosynthesis|[silent]\n|\n|-heal|p1a: Espathra|26\/100 par|[from] item: Leftovers\n|upkeep\n|\n|t:|1700827805\n|switch|p1b: Cinderace|Cinderace, F|100\/100\n|turn|10\n|inactive|LemurMaster has 120 seconds left.\n|\n|t:|1700827851\n|-terastallize|p2b: dionysus|Water\n|move|p1a: Espathra|Stored Power|p2a: ares\n|-supereffective|p2a: ares\n|-damage|p2a: ares|0 fnt\n|faint|p2a: ares\n|-end|p2a: ares|Quark Drive|[silent]\n|move|p1b: Cinderace|Zen Headbutt|p2b: dionysus\n|-start|p1b: Cinderace|typechange|Psychic|[from] ability: Libero\n|-damage|p2b: dionysus|57\/100\n|-damage|p1b: Cinderace|91\/100|[from] item: Life Orb\n|move|p2b: dionysus|Strength Sap|p1b: Cinderace\n|-unboost|p1b: Cinderace|atk|1\n|-heal|p2b: dionysus|100\/100\n|\n|-heal|p1a: Espathra|32\/100 par|[from] item: Leftovers\n|upkeep\n|\n|t:|1700827866\n|switch|p2a: demeter|Pelipper, F|100\/100\n|-weather|RainDance|[from] ability: Drizzle|[of] p2a: demeter\n|turn|11\n|\n|t:|1700827887\n|move|p1a: Espathra|Stored Power|p2b: dionysus\n|-damage|p2b: dionysus|0 fnt\n|faint|p2b: dionysus\n|move|p1b: Cinderace|U-turn|p2a: demeter\n|-resisted|p2a: demeter\n|-damage|p2a: demeter|93\/100\n|-damage|p1b: Cinderace|81\/100|[from] item: Life Orb\n|\n|t:|1700827891\n|switch|p1b: Politoed|Politoed, F|100\/100|[from] U-turn\n|move|p2a: demeter|Surf|p1b: Politoed|[spread] p1a,p1b\n|-resisted|p1b: Politoed\n|-damage|p1a: Espathra|0 fnt\n|-damage|p1b: Politoed|85\/100\n|faint|p1a: Espathra\n|\n|-weather|RainDance|[upkeep]\n|upkeep\n|\n|t:|1700827894\n|switch|p1a: Noivern|Noivern, F|100\/100\n|turn|12\n|\n|t:|1700827906\n|move|p1a: Noivern|Dragon Pulse|p2a: demeter\n|-damage|p2a: demeter|40\/100\n|move|p1b: Politoed|Ice Beam|p2a: demeter\n|-damage|p2a: demeter|5\/100\n|move|p2a: demeter|Roost|p2a: demeter\n|-heal|p2a: demeter|55\/100\n|-singleturn|p2a: demeter|move: Roost\n|\n|-weather|RainDance|[upkeep]\n|upkeep\n|turn|13\n|\n|t:|1700827917\n|move|p1a: Noivern|Dragon Pulse|p2a: demeter\n|-damage|p2a: demeter|6\/100\n|move|p1b: Politoed|Ice Beam|p2a: demeter\n|-damage|p2a: demeter|0 fnt\n|faint|p2a: demeter\n|\n|win|Cryptic_Brawler\n|raw|Cryptic_Brawler's rating: 1066 &rarr; <strong>1103<\/strong><br \/>(+37 for winning)\n|raw|LemurMaster's rating: 1152 &rarr; <strong>1121<\/strong><br \/>(-31 for losing)\n|c|\u2606LemurMaster|gg\n|c|\u2606Cryptic_Brawler|gg\n|c|\u2606Cryptic_Brawler|you're really good\n","uploadtime":1700827928,"views":12,"p1id":"crypticbrawler","p2id":"lemurmaster","formatid":"gen9doublesou","rating":1103,"private":0,"password":""}