{"id":"gen9doublesou-1978605744","p1":"Astral Voyager58","p2":"REXO1009","format":"[Gen 9] Doubles OU","log":"|j|\u2606Astral Voyager58\n|j|\u2606REXO1009\n|t:|1698565221\n|gametype|doubles\n|player|p1|Astral Voyager58|lance|1139\n|player|p2|REXO1009|red|1053\n|teamsize|p1|6\n|teamsize|p2|6\n|gen|9\n|tier|[Gen 9] Doubles OU\n|rated|\n|rule|Species Clause: Limit one of each Pok\u00e9mon\n|rule|OHKO Clause: OHKO moves are banned\n|rule|Evasion Moves Clause: Evasion moves are banned\n|rule|Gravity Sleep Clause: The combination of sleep-inducing moves with imperfect accuracy and Gravity or Gigantamax Orbeetle are banned\n|rule|Endless Battle Clause: Forcing endless battles is banned\n|rule|HP Percentage Mod: HP is shown in percentages\n|clearpoke\n|poke|p1|Amoonguss, M|\n|poke|p1|Rillaboom, M|\n|poke|p1|Torkoal, M|\n|poke|p1|Chi-Yu|\n|poke|p1|Walking Wake|\n|poke|p1|Gholdengo|\n|poke|p2|Palafin, M|\n|poke|p2|Armarouge, M|\n|poke|p2|Rillaboom, F|\n|poke|p2|Lucario, M|\n|poke|p2|Moltres-Galar|\n|poke|p2|Garchomp, M|\n|teampreview\n|\n|t:|1698565239\n|start\n|switch|p1a: Rillaboom|Rillaboom, M|100\/100\n|switch|p1b: Gholdengo|Gholdengo|100\/100\n|switch|p2a: Palafin|Palafin, M|100\/100\n|switch|p2b: Rillaboom|Rillaboom, F|100\/100\n|-fieldstart|move: Grassy Terrain|[from] ability: Grassy Surge|[of] p1a: Rillaboom\n|-enditem|p2b: Rillaboom|Grassy Seed\n|-boost|p2b: Rillaboom|def|1|[from] item: Grassy Seed\n|turn|1\n|\n|t:|1698565256\n|move|p2b: Rillaboom|Fake Out|p1a: Rillaboom\n|-damage|p1a: Rillaboom|89\/100\n|move|p1b: Gholdengo|Make It Rain|p2b: Rillaboom|[spread] p2a,p2b\n|-resisted|p2a: Palafin\n|-damage|p2a: Palafin|59\/100\n|-damage|p2b: Rillaboom|51\/100\n|-unboost|p1b: Gholdengo|spa|1\n|move|p2a: Palafin|Flip Turn|p1b: Gholdengo\n|-damage|p1b: Gholdengo|75\/100\n|\n|t:|1698565270\n|detailschange|p2a: Palafin|Palafin-Hero, M\n|switch|p2a: Armarouge|Armarouge, M|100\/100|[from] Flip Turn\n|cant|p1a: Rillaboom|flinch\n|\n|-heal|p1b: Gholdengo|81\/100|[from] Grassy Terrain\n|-heal|p2b: Rillaboom|57\/100|[from] Grassy Terrain\n|-heal|p1a: Rillaboom|95\/100|[from] Grassy Terrain\n|upkeep\n|turn|2\n|\n|t:|1698565285\n|switch|p1b: Amoonguss|Amoonguss, M, shiny|100\/100\n|move|p1a: Rillaboom|U-turn|p2b: Rillaboom\n|-supereffective|p2b: Rillaboom\n|-damage|p2b: Rillaboom|23\/100\n|inactive|Battle timer is ON: inactive players will automatically lose when time's up. (requested by Astral Voyager58)\n|\n|t:|1698565316\n|switch|p1a: Torkoal|Torkoal, M|100\/100|[from] U-turn\n|-weather|SunnyDay|[from] ability: Drought|[of] p1a: Torkoal\n|move|p2b: Rillaboom|Acrobatics|p1a: Torkoal\n|-damage|p1a: Torkoal|76\/100\n|-damage|p2b: Rillaboom|6\/100|[from] item: Rocky Helmet|[of] p1a: Torkoal\n|move|p2a: Armarouge|Armor Cannon|p1b: Amoonguss\n|-supereffective|p1b: Amoonguss\n|-damage|p1b: Amoonguss|0 fnt\n|-unboost|p2a: Armarouge|def|1\n|-unboost|p2a: Armarouge|spd|1\n|faint|p1b: Amoonguss\n|\n|-weather|SunnyDay|[upkeep]\n|-heal|p2b: Rillaboom|13\/100|[from] Grassy Terrain\n|-heal|p1a: Torkoal|82\/100|[from] Grassy Terrain\n|upkeep\n|\n|t:|1698565334\n|switch|p1b: Chi-Yu|Chi-Yu|100\/100\n|-ability|p1b: Chi-Yu|Beads of Ruin\n|turn|3\n|\n|t:|1698565348\n|move|p1b: Chi-Yu|Dark Pulse|p2a: Armarouge\n|-supereffective|p2a: Armarouge\n|-crit|p2a: Armarouge\n|-damage|p2a: Armarouge|0 fnt\n|faint|p2a: Armarouge\n|move|p2b: Rillaboom|Knock Off|p1b: Chi-Yu\n|-resisted|p1b: Chi-Yu\n|-damage|p1b: Chi-Yu|75\/100\n|-enditem|p1b: Chi-Yu|Assault Vest|[from] move: Knock Off|[of] p2b: Rillaboom\n|move|p1a: Torkoal|Eruption|p2b: Rillaboom\n|-supereffective|p2b: Rillaboom\n|-damage|p2b: Rillaboom|0 fnt\n|faint|p2b: Rillaboom\n|\n|-weather|SunnyDay|[upkeep]\n|-heal|p1b: Chi-Yu|81\/100|[from] Grassy Terrain\n|-heal|p1a: Torkoal|88\/100|[from] Grassy Terrain\n|upkeep\n|\n|t:|1698565367\n|switch|p2b: Garchomp|Garchomp, M|100\/100\n|switch|p2a: Palafin|Palafin-Hero, M|59\/100\n|-activate|p2a: Palafin|ability: Zero to Hero\n|turn|4\n|\n|t:|1698565397\n|switch|p1b: Gholdengo|Gholdengo|81\/100\n|switch|p1a: Rillaboom|Rillaboom, M|95\/100\n|move|p2a: Palafin|Close Combat|p1b: Gholdengo\n|-immune|p1b: Gholdengo\n|move|p2b: Garchomp|Earthquake|p1a: Rillaboom|[spread] p2a,p1a,p1b\n|-resisted|p1a: Rillaboom\n|-supereffective|p1b: Gholdengo\n|-damage|p2a: Palafin|39\/100\n|-damage|p1a: Rillaboom|87\/100\n|-damage|p1b: Gholdengo|38\/100\n|\n|-weather|SunnyDay|[upkeep]\n|-heal|p1b: Gholdengo|44\/100|[from] Grassy Terrain\n|-heal|p2a: Palafin|45\/100|[from] Grassy Terrain\n|-heal|p1a: Rillaboom|94\/100|[from] Grassy Terrain\n|upkeep\n|turn|5\n|\n|t:|1698565421\n|-terastallize|p2a: Palafin|Flying\n|move|p1b: Gholdengo|Dazzling Gleam|p2b: Garchomp|[spread] p2a,p2b\n|-supereffective|p2b: Garchomp\n|-damage|p2a: Palafin|14\/100\n|-damage|p2b: Garchomp|43\/100\n|move|p2a: Palafin|Acrobatics|p1a: Rillaboom\n|-supereffective|p1a: Rillaboom\n|-damage|p1a: Rillaboom|28\/100\n|move|p2b: Garchomp|Earthquake|p1b: Gholdengo|[spread] p1a,p1b\n|-immune|p2a: Palafin\n|-resisted|p1a: Rillaboom\n|-supereffective|p1b: Gholdengo\n|-damage|p1a: Rillaboom|20\/100\n|-damage|p1b: Gholdengo|0 fnt\n|faint|p1b: Gholdengo\n|move|p1a: Rillaboom|Wood Hammer|p2b: Garchomp\n|-damage|p2b: Garchomp|0 fnt\n|-damage|p1a: Rillaboom|7\/100|[from] ability: Rough Skin|[of] p2b: Garchomp\n|-damage|p1a: Rillaboom|0 fnt|[from] item: Rocky Helmet|[of] p2b: Garchomp\n|faint|p2b: Garchomp\n|faint|p1a: Rillaboom\n|\n|-weather|SunnyDay|[upkeep]\n|upkeep\n|\n|t:|1698565447\n|switch|p2b: Moltres|Moltres-Galar, shiny|100\/100\n|switch|p1b: Walking Wake|Walking Wake|100\/100\n|switch|p1a: Chi-Yu|Chi-Yu|81\/100\n|-activate|p1b: Walking Wake|ability: Protosynthesis\n|-start|p1b: Walking Wake|protosynthesisspe\n|-ability|p1a: Chi-Yu|Beads of Ruin\n|-enditem|p2b: Moltres|Grassy Seed\n|-boost|p2b: Moltres|def|1|[from] item: Grassy Seed\n|turn|6\n|\n|t:|1698565471\n|move|p1b: Walking Wake|Hydro Steam|p2b: Moltres\n|-damage|p2b: Moltres|19\/100\n|-ability|p2b: Moltres|Berserk|boost\n|-boost|p2b: Moltres|spa|1\n|-damage|p1b: Walking Wake|91\/100|[from] item: Life Orb\n|move|p2a: Palafin|Aqua Tail|p1a: Chi-Yu\n|-supereffective|p1a: Chi-Yu\n|-damage|p1a: Chi-Yu|0 fnt\n|faint|p1a: Chi-Yu\n|move|p2b: Moltres|Tailwind|p2b: Moltres\n|-sidestart|p2: REXO1009|move: Tailwind\n|\n|-weather|none\n|-end|p1b: Walking Wake|Protosynthesis\n|-heal|p1b: Walking Wake|97\/100|[from] Grassy Terrain\n|upkeep\n|\n|t:|1698565483\n|switch|p1a: Torkoal|Torkoal, M|88\/100\n|-weather|SunnyDay|[from] ability: Drought|[of] p1a: Torkoal\n|-activate|p1b: Walking Wake|ability: Protosynthesis\n|-start|p1b: Walking Wake|protosynthesisspe\n|turn|7\n|inactive|Astral Voyager58 has 120 seconds left.\n|\n|t:|1698565518\n|move|p2a: Palafin|Aqua Tail|p1a: Torkoal\n|-supereffective|p1a: Torkoal\n|-damage|p1a: Torkoal|53\/100\n|-damage|p2a: Palafin|0 fnt|[from] item: Rocky Helmet|[of] p1a: Torkoal\n|faint|p2a: Palafin\n|move|p1b: Walking Wake|Hydro Steam|p2b: Moltres\n|-damage|p2b: Moltres|0 fnt\n|faint|p2b: Moltres\n|-damage|p1b: Walking Wake|87\/100|[from] item: Life Orb\n|move|p1a: Torkoal|Eruption|p2: Palafin|[notarget]\n|-fail|p1a: Torkoal\n|\n|-weather|SunnyDay|[upkeep]\n|-heal|p1b: Walking Wake|93\/100|[from] Grassy Terrain\n|-heal|p1a: Torkoal|59\/100|[from] Grassy Terrain\n|upkeep\n|c|\u2606Astral Voyager58|gg\n|\n|t:|1698565536\n|switch|p2b: Lucario|Lucario, M|100\/100\n|turn|8\n|\n|t:|1698565544\n|move|p1b: Walking Wake|Flamethrower|p2b: Lucario\n|-supereffective|p2b: Lucario\n|-damage|p2b: Lucario|0 fnt\n|faint|p2b: Lucario\n|-damage|p1b: Walking Wake|84\/100|[from] item: Life Orb\n|\n|win|Astral Voyager58\n|raw|Astral Voyager58's rating: 1139 &rarr; <strong>1158<\/strong><br \/>(+19 for winning)\n|raw|REXO1009's rating: 1053 &rarr; <strong>1039<\/strong><br \/>(-14 for losing)\n|l|\u2606REXO1009\n","uploadtime":1698565560,"views":29,"p1id":"astralvoyager58","p2id":"rexo1009","formatid":"gen9doublesou","rating":1039,"private":0,"password":""}