{"id":"gen9doublesou-1975622260","p1":"mf_salvador","p2":"Ev_Evan","format":"[Gen 9] Doubles OU","log":"|j|\u2606mf_salvador\n|j|\u2606Ev_Evan\n|inactive|Battle timer is ON: inactive players will automatically lose when time's up.\n|t:|1698214644\n|gametype|doubles\n|player|p1|mf_salvador|170|\n|player|p2|Ev_Evan|volkner|\n|teamsize|p1|4\n|teamsize|p2|4\n|gen|9\n|tier|[Gen 9] Doubles OU\n|rated|Tournament battle\n|rule|Species Clause: Limit one of each Pok\u00e9mon\n|rule|OHKO Clause: OHKO moves are banned\n|rule|Evasion Moves Clause: Evasion moves are banned\n|rule|Gravity Sleep Clause: The combination of sleep-inducing moves with imperfect accuracy and Gravity or Gigantamax Orbeetle are banned\n|rule|Endless Battle Clause: Forcing endless battles is banned\n|rule|HP Percentage Mod: HP is shown in percentages\n|clearpoke\n|poke|p1|Hattrem, F|\n|poke|p1|Sandshrew, F|\n|poke|p1|Drednaw, F|\n|poke|p1|Kingambit, F|\n|poke|p2|Gligar, F|\n|poke|p2|Noivern, F|\n|poke|p2|Lampent, F|\n|poke|p2|Hydreigon, M|\n|teampreview\n|j|*Lady Monita \u263d\n|inactive|mf_salvador also wants the timer to be on.\n|inactive|Ev_Evan also wants the timer to be on.\n|c|\u2606Ev_Evan|glhf\n|inactive|mf_salvador has 120 seconds left.\n|inactive|mf_salvador has 90 seconds left.\n|c|\u2606mf_salvador|glhf\n|\n|t:|1698214721\n|start\n|switch|p1a: Hattrem|Hattrem, F|100\/100\n|switch|p1b: Kingambit|Kingambit, F|100\/100\n|switch|p2a: Lampent|Lampent, F|100\/100\n|switch|p2b: Noivern|Noivern, F|100\/100\n|turn|1\n|\n|t:|1698214735\n|move|p1b: Kingambit|Protect|p1b: Kingambit\n|-singleturn|p1b: Kingambit|Protect\n|move|p2b: Noivern|Boomburst|p1b: Kingambit|[spread] p1a\n|-activate|p1b: Kingambit|move: Protect\n|-immune|p2a: Lampent\n|-damage|p1a: Hattrem|74\/100\n|move|p2a: Lampent|Fire Blast|p1b: Kingambit\n|-activate|p1b: Kingambit|move: Protect\n|move|p1a: Hattrem|Trick Room|p1a: Hattrem\n|-fieldstart|move: Trick Room|[of] p1a: Hattrem\n|\n|upkeep\n|turn|2\n|\n|t:|1698214753\n|move|p1a: Hattrem|Dazzling Gleam|p2b: Noivern|[spread] p2a,p2b\n|-resisted|p2a: Lampent\n|-supereffective|p2b: Noivern\n|-damage|p2a: Lampent|89\/100\n|-damage|p2b: Noivern|68\/100\n|move|p1b: Kingambit|Kowtow Cleave|p2a: Lampent\n|-supereffective|p2a: Lampent\n|-damage|p2a: Lampent|0 fnt\n|faint|p2a: Lampent\n|move|p2b: Noivern|Boomburst|p1b: Kingambit|[spread] p1a,p1b\n|-resisted|p1b: Kingambit\n|-damage|p1a: Hattrem|45\/100\n|-damage|p1b: Kingambit|78\/100\n|\n|upkeep\n|\n|t:|1698214759\n|switch|p2a: Gligar|Gligar, F|100\/100\n|turn|3\n|inactive|mf_salvador has 120 seconds left.\n|\n|t:|1698214804\n|-terastallize|p1b: Kingambit|Dark\n|move|p1a: Hattrem|Dazzling Gleam|p2b: Noivern|[spread] p2a,p2b\n|-supereffective|p2b: Noivern\n|-damage|p2a: Gligar|89\/100\n|-damage|p2b: Noivern|37\/100\n|move|p1b: Kingambit|Kowtow Cleave|p2b: Noivern\n|-damage|p2b: Noivern|0 fnt\n|faint|p2b: Noivern\n|move|p2a: Gligar|Earthquake|p1a: Hattrem|[spread] p1a,p1b\n|-damage|p1a: Hattrem|25\/100\n|-damage|p1b: Kingambit|65\/100\n|\n|upkeep\n|\n|t:|1698214812\n|switch|p2b: Hydreigon|Hydreigon, M|100\/100\n|turn|4\n|j| teamo505\n|\n|t:|1698214827\n|-terastallize|p2b: Hydreigon|Dark\n|move|p1a: Hattrem|Dazzling Gleam|p2b: Hydreigon|[spread] p2a,p2b\n|-supereffective|p2b: Hydreigon\n|-damage|p2a: Gligar|76\/100\n|-damage|p2b: Hydreigon|72\/100\n|move|p1b: Kingambit|Swords Dance|p1b: Kingambit\n|-boost|p1b: Kingambit|atk|2\n|move|p2a: Gligar|Earthquake|p1b: Kingambit|[spread] p1a,p1b\n|-immune|p2b: Hydreigon|[from] ability: Levitate\n|-damage|p1a: Hattrem|3\/100\n|-damage|p1b: Kingambit|50\/100\n|move|p2b: Hydreigon|Flamethrower|p1b: Kingambit\n|-damage|p1b: Kingambit|7\/100\n|\n|upkeep\n|turn|5\n|\n|t:|1698214850\n|move|p1a: Hattrem|Dazzling Gleam|p2a: Gligar|[spread] p2a,p2b\n|-supereffective|p2b: Hydreigon\n|-damage|p2a: Gligar|64\/100\n|-damage|p2b: Hydreigon|46\/100\n|move|p1b: Kingambit|Kowtow Cleave|p2b: Hydreigon\n|-resisted|p2b: Hydreigon\n|-crit|p2b: Hydreigon\n|-damage|p2b: Hydreigon|0 fnt\n|faint|p2b: Hydreigon\n|move|p2a: Gligar|Earthquake|p1b: Kingambit|[spread] p1a,p1b\n|-damage|p1a: Hattrem|0 fnt\n|-damage|p1b: Kingambit|0 fnt\n|faint|p1a: Hattrem\n|faint|p1b: Kingambit\n|\n|-fieldend|move: Trick Room\n|upkeep\n|\n|t:|1698214858\n|switch|p1b: Sandshrew|Sandshrew, F|100\/100\n|switch|p1a: Drednaw|Drednaw, F|100\/100\n|turn|6\n|c|\u2606Ev_Evan|gg\n|\n|t:|1698214867\n|move|p2a: Gligar|Earthquake|p1a: Drednaw|[spread] p1a,p1b\n|-supereffective|p1a: Drednaw\n|-damage|p1a: Drednaw|64\/100\n|-damage|p1b: Sandshrew|84\/100\n|move|p1a: Drednaw|Liquidation|p2a: Gligar\n|-supereffective|p2a: Gligar\n|-damage|p2a: Gligar|22\/100\n|move|p1b: Sandshrew|Knock Off|p2a: Gligar\n|-crit|p2a: Gligar\n|-damage|p2a: Gligar|3\/100\n|-enditem|p2a: Gligar|Eviolite|[from] move: Knock Off|[of] p1b: Sandshrew\n|\n|upkeep\n|turn|7\n|c|\u2606mf_salvador|gg\n|\n|t:|1698214883\n|move|p2a: Gligar|Earthquake|p1b: Sandshrew|[spread] p1a,p1b\n|-supereffective|p1a: Drednaw\n|-damage|p1a: Drednaw|25\/100\n|-damage|p1b: Sandshrew|68\/100\n|move|p1a: Drednaw|Liquidation|p2a: Gligar\n|-supereffective|p2a: Gligar\n|-damage|p2a: Gligar|0 fnt\n|faint|p2a: Gligar\n|\n|win|mf_salvador\n|n|\u2606mf_salvador|mfsalvador\n|n|\u2606Ev_Evan|evevan\n|n|*Lady Monita \u263d|ladymonita\n|n| teamo505|teamo505\n","uploadtime":1698214884,"views":20,"p1id":"mfsalvador","p2id":"evevan","formatid":"gen9doublesou","rating":0,"private":0,"password":""}