{"id":"gen9doublesou-1969368142","p1":"Sagyn","p2":"TheKingDrac","format":"[Gen 9] Doubles OU","log":"|j|\u2606Sagyn\n|j|\u2606TheKingDrac\n|t:|1697520564\n|gametype|doubles\n|player|p1|Sagyn|sage|1195\n|player|p2|TheKingDrac|gambler|1303\n|teamsize|p1|6\n|teamsize|p2|6\n|gen|9\n|tier|[Gen 9] Doubles OU\n|rated|\n|rule|Species Clause: Limit one of each Pok\u00e9mon\n|rule|OHKO Clause: OHKO moves are banned\n|rule|Evasion Moves Clause: Evasion moves are banned\n|rule|Gravity Sleep Clause: The combination of sleep-inducing moves with imperfect accuracy and Gravity or Gigantamax Orbeetle are banned\n|rule|Endless Battle Clause: Forcing endless battles is banned\n|rule|HP Percentage Mod: HP is shown in percentages\n|clearpoke\n|poke|p1|Ogerpon-Hearthflame, F|\n|poke|p1|Weezing-Galar, F|\n|poke|p1|Torkoal, M|\n|poke|p1|Sinistcha|\n|poke|p1|Tornadus, M|\n|poke|p1|Iron Hands|\n|poke|p2|Gholdengo|\n|poke|p2|Iron Hands|\n|poke|p2|Flutter Mane|\n|poke|p2|Amoonguss, F|\n|poke|p2|Ogerpon-Wellspring, F|\n|poke|p2|Ting-Lu|\n|teampreview\n|\n|t:|1697520571\n|start\n|switch|p1a: Tornadus|Tornadus, M|100\/100\n|switch|p1b: Iron Hands|Iron Hands|100\/100\n|switch|p2a: Gholdengo|Gholdengo|100\/100\n|switch|p2b: Iron Hands|Iron Hands|100\/100\n|turn|1\n|\n|t:|1697520584\n|move|p2b: Iron Hands|Fake Out|p1b: Iron Hands\n|-damage|p1b: Iron Hands|88\/100\n|move|p1a: Tornadus|Tailwind|p1a: Tornadus\n|-sidestart|p1: Sagyn|move: Tailwind\n|move|p2a: Gholdengo|Nasty Plot|p2a: Gholdengo\n|-boost|p2a: Gholdengo|spa|2\n|cant|p1b: Iron Hands|flinch\n|\n|upkeep\n|turn|2\n|\n|t:|1697520602\n|-terastallize|p2a: Gholdengo|Steel\n|move|p1a: Tornadus|Hurricane|p2b: Iron Hands\n|-damage|p2b: Iron Hands|77\/100\n|move|p2a: Gholdengo|Make It Rain|p1b: Iron Hands|[spread] p1a,p1b\n|-resisted|p1b: Iron Hands\n|-damage|p1a: Tornadus|0 fnt\n|-damage|p1b: Iron Hands|57\/100\n|-unboost|p2a: Gholdengo|spa|1\n|faint|p1a: Tornadus\n|move|p1b: Iron Hands|Wild Charge|p2a: Gholdengo\n|-damage|p2a: Gholdengo|36\/100\n|-damage|p1b: Iron Hands|45\/100|[from] Recoil\n|move|p2b: Iron Hands|Wild Charge|p1b: Iron Hands\n|-resisted|p1b: Iron Hands\n|-damage|p1b: Iron Hands|25\/100\n|-damage|p2b: Iron Hands|72\/100|[from] Recoil\n|\n|-heal|p2a: Gholdengo|42\/100|[from] item: Leftovers\n|upkeep\n|\n|t:|1697520616\n|switch|p1a: Ogerpon|Ogerpon-Hearthflame, F|100\/100\n|-ability|p1a: Ogerpon|Mold Breaker\n|turn|3\n|\n|t:|1697520639\n|switch|p2a: Ting-Lu|Ting-Lu|100\/100\n|-ability|p2a: Ting-Lu|Vessel of Ruin\n|-end|p1b: Iron Hands|Quark Drive|[silent]\n|switch|p1b: Torkoal|Torkoal, M|100\/100\n|-weather|SunnyDay|[from] ability: Drought|[of] p1b: Torkoal\n|-terastallize|p1a: Ogerpon|Fire\n|detailschange|p1a: Ogerpon|Ogerpon-Hearthflame-Tera, F, tera:Fire\n|-ability|p1a: Ogerpon|Embody Aspect (Hearthflame)|boost\n|-boost|p1a: Ogerpon|atk|1\n|move|p1a: Ogerpon|Ivy Cudgel|p2b: Iron Hands\n|-damage|p2b: Iron Hands|0 fnt\n|faint|p2b: Iron Hands\n|-end|p2b: Iron Hands|Quark Drive|[silent]\n|\n|-weather|SunnyDay|[upkeep]\n|upkeep\n|\n|t:|1697520656\n|switch|p2b: Ogerpon|Ogerpon-Wellspring, F|100\/100\n|turn|4\n|\n|t:|1697520678\n|move|p1a: Ogerpon|Horn Leech|p2b: Ogerpon\n|-damage|p2b: Ogerpon|14\/100\n|move|p2b: Ogerpon|Ivy Cudgel|p1b: Torkoal\n|-supereffective|p1b: Torkoal\n|-damage|p1b: Torkoal|56\/100\n|move|p1b: Torkoal|Yawn|p2a: Ting-Lu\n|-start|p2a: Ting-Lu|move: Yawn|[of] p1b: Torkoal\n|move|p2a: Ting-Lu|Rock Slide|p1a: Ogerpon|[spread] p1a,p1b\n|-supereffective|p1a: Ogerpon\n|-supereffective|p1b: Torkoal\n|-damage|p1a: Ogerpon|57\/100\n|-damage|p1b: Torkoal|32\/100\n|\n|-weather|SunnyDay|[upkeep]\n|-sideend|p1: Sagyn|move: Tailwind\n|upkeep\n|turn|5\n|\n|t:|1697520697\n|switch|p2a: Amoonguss|Amoonguss, F|100\/100\n|switch|p1b: Weezing|Weezing-Galar, F|100\/100\n|-ability|p1b: Weezing|Neutralizing Gas\n|move|p2b: Ogerpon|Spiky Shield|p2b: Ogerpon\n|-singleturn|p2b: Ogerpon|move: Protect\n|move|p1a: Ogerpon|Horn Leech|p2b: Ogerpon\n|-activate|p2b: Ogerpon|move: Protect\n|-damage|p1a: Ogerpon|45\/100|[from] Spiky Shield|[of] p2b: Ogerpon\n|\n|-weather|SunnyDay|[upkeep]\n|upkeep\n|turn|6\n|\n|t:|1697520723\n|switch|p2b: Ting-Lu|Ting-Lu|100\/100\n|move|p2a: Amoonguss|Protect|p2a: Amoonguss\n|-singleturn|p2a: Amoonguss|Protect\n|move|p1a: Ogerpon|Ivy Cudgel|p2a: Amoonguss\n|-activate|p2a: Amoonguss|move: Protect\n|move|p1b: Weezing|Dazzling Gleam|p2a: Amoonguss|[spread] p2b\n|-activate|p2a: Amoonguss|move: Protect\n|-supereffective|p2b: Ting-Lu\n|-damage|p2b: Ting-Lu|77\/100\n|\n|-weather|SunnyDay|[upkeep]\n|upkeep\n|turn|7\n|j| smaniy\n|\n|t:|1697520741\n|-end|p1b: Weezing|ability: Neutralizing Gas\n|-ability|p1a: Ogerpon|Embody Aspect (Hearthflame)|boost\n|-boost|p1a: Ogerpon|atk|1\n|-ability|p2b: Ting-Lu|Vessel of Ruin\n|switch|p1b: Sinistcha|Sinistcha|100\/100\n|-heal|p1a: Ogerpon|70\/100|[from] ability: Hospitality|[of] p1b: Sinistcha\n|move|p1a: Ogerpon|Ivy Cudgel|p2a: Amoonguss\n|-supereffective|p2a: Amoonguss\n|-damage|p2a: Amoonguss|0 fnt\n|faint|p2a: Amoonguss\n|move|p2b: Ting-Lu|Rock Slide|p1a: Ogerpon|[spread] p1a,p1b\n|-supereffective|p1a: Ogerpon\n|-damage|p1a: Ogerpon|28\/100\n|-damage|p1b: Sinistcha|90\/100\n|\n|-weather|SunnyDay|[upkeep]\n|upkeep\n|\n|t:|1697520757\n|switch|p2a: Flutter Mane|Flutter Mane|100\/100\n|-activate|p2a: Flutter Mane|ability: Protosynthesis\n|-start|p2a: Flutter Mane|protosynthesisspe\n|turn|8\n|\n|t:|1697520767\n|move|p1a: Ogerpon|Spiky Shield|p1a: Ogerpon\n|-singleturn|p1a: Ogerpon|move: Protect\n|move|p2a: Flutter Mane|Dazzling Gleam|p1a: Ogerpon|[spread] p1b\n|-activate|p1a: Ogerpon|move: Protect\n|-damage|p1b: Sinistcha|64\/100\n|move|p1b: Sinistcha|Shadow Ball|p2a: Flutter Mane\n|-supereffective|p2a: Flutter Mane\n|-damage|p2a: Flutter Mane|50\/100\n|move|p2b: Ting-Lu|Rock Slide|p1b: Sinistcha|[spread] p1b\n|-activate|p1a: Ogerpon|move: Protect\n|-damage|p1b: Sinistcha|53\/100\n|\n|-weather|SunnyDay|[upkeep]\n|upkeep\n|turn|9\n|\n|t:|1697520787\n|move|p2a: Flutter Mane|Protect|p2a: Flutter Mane\n|-singleturn|p2a: Flutter Mane|Protect\n|move|p1a: Ogerpon|Spiky Shield||[still]\n|-fail|p1a: Ogerpon\n|move|p1b: Sinistcha|Shadow Ball|p2a: Flutter Mane\n|-activate|p2a: Flutter Mane|move: Protect\n|move|p2b: Ting-Lu|Rock Slide|p1a: Ogerpon|[spread] p1a,p1b\n|-supereffective|p1a: Ogerpon\n|-damage|p1a: Ogerpon|0 fnt\n|-damage|p1b: Sinistcha|41\/100\n|faint|p1a: Ogerpon\n|\n|-weather|SunnyDay|[upkeep]\n|upkeep\n|-message|Sagyn forfeited.\n|\n|win|TheKingDrac\n|raw|Sagyn's rating: 1195 &rarr; <strong>1178<\/strong><br \/>(-17 for losing)\n|raw|TheKingDrac's rating: 1303 &rarr; <strong>1317<\/strong><br \/>(+14 for winning)\n|l|\u2606Sagyn\n","uploadtime":1697520805,"views":22,"p1id":"sagyn","p2id":"thekingdrac","formatid":"gen9doublesou","rating":1178,"private":0,"password":""}