{"id":"gen9doublesou-1971730673","p1":"hoiymenomimnn 4v6","p2":"Penter","format":"[Gen 9] Doubles OU","log":"|j|\u2606hoiymenomimnn 4v6\n|j|\u2606Penter\n|inactive|Battle timer is ON: inactive players will automatically lose when time's up.\n|t:|1697765812\n|gametype|doubles\n|player|p1|hoiymenomimnn 4v6|policeman-gen4|\n|player|p2|Penter|n|\n|teamsize|p1|6\n|teamsize|p2|6\n|gen|9\n|tier|[Gen 9] Doubles OU\n|rated|Tournament battle\n|rule|Species Clause: Limit one of each Pok\u00e9mon\n|rule|OHKO Clause: OHKO moves are banned\n|rule|Evasion Moves Clause: Evasion moves are banned\n|rule|Gravity Sleep Clause: The combination of sleep-inducing moves with imperfect accuracy and Gravity or Gigantamax Orbeetle are banned\n|rule|Endless Battle Clause: Forcing endless battles is banned\n|rule|HP Percentage Mod: HP is shown in percentages\n|clearpoke\n|poke|p1|Regidrago|\n|poke|p1|Diancie, L99|\n|poke|p1|Hatterene, F|\n|poke|p1|Indeedee-F, F|\n|poke|p1|Armarouge, M|\n|poke|p1|Torkoal, L99, M|\n|poke|p2|Weezing-Galar, F|\n|poke|p2|Iron Hands|\n|poke|p2|Indeedee, M|\n|poke|p2|Azelf|\n|poke|p2|Roaring Moon|\n|poke|p2|Chi-Yu|\n|teampreview\n|c|\u2606hoiymenomimnn 4v6|o fuckin hell\n|j| ButWhyThough_2\n|c| ButWhyThough_2|jeez, not azelf suicide lead\n|c|\u2606hoiymenomimnn 4v6|lmao\n|inactive|hoiymenomimnn 4v6 has 120 seconds left.\n|\n|t:|1697765851\n|start\n|switch|p1a: HpHw SS FO P HV|Indeedee-F, F|100\/100\n|switch|p1b: HhHwHp MT Psyc|Hatterene, F|100\/100\n|switch|p2a: Iron Hands|Iron Hands|100\/100\n|switch|p2b: Azelf|Azelf|100\/100\n|-fieldstart|move: Psychic Terrain|[from] ability: Psychic Surge|[of] p1a: HpHw SS FO P HV\n|turn|1\n|inactive|Penter has 120 seconds left.\n|\n|t:|1697765902\n|-terastallize|p1b: HhHwHp MT Psyc|Ground\n|move|p2b: Azelf|Nasty Plot|p2b: Azelf\n|-boost|p2b: Azelf|spa|2\n|move|p1a: HpHw SS FO P HV|Reflect|p1a: HpHw SS FO P HV\n|-sidestart|p1: hoiymenomimnn 4v6|Reflect\n|move|p2a: Iron Hands|Close Combat|p1a: HpHw SS FO P HV\n|-damage|p1a: HpHw SS FO P HV|55\/100\n|-unboost|p2a: Iron Hands|def|1\n|-unboost|p2a: Iron Hands|spd|1\n|-enditem|p1a: HpHw SS FO P HV|Eject Button\n|c|\u2606hoiymenomimnn 4v6|..\n|inactive|hoiymenomimnn 4v6 has 120 seconds left.\n|\n|t:|1697765925\n|switch|p1a: SS TFGd SpecsLO|Torkoal, L99, M|100\/100\n|-weather|SunnyDay|[from] ability: Drought|[of] p1a: SS TFGd SpecsLO\n|move|p1b: HhHwHp MT Psyc|Trick Room|p1b: HhHwHp MT Psyc\n|-fieldstart|move: Trick Room|[of] p1b: HhHwHp MT Psyc\n|\n|-weather|SunnyDay|[upkeep]\n|upkeep\n|turn|2\n|inactive|Penter has 120 seconds left.\n|inactive|hoiymenomimnn 4v6 has 120 seconds left.\n|c| ButWhyThough_2|no explosion?\n|c|\u2606hoiymenomimnn 4v6|oo its expandin force np\n|c|\u2606hoiymenomimnn 4v6|he hsa indeedee\n|c|\u2606hoiymenomimnn 4v6|i shoulda known lol\n|c|\u2606hoiymenomimnn 4v6|the lake spirits r the only other mons\n|inactive|Penter has 90 seconds left.\n|c|\u2606hoiymenomimnn 4v6|that get expanding\n|c|\u2606hoiymenomimnn 4v6|and ofc he has indeedee\n|\n|t:|1697765977\n|-end|p2a: Iron Hands|Quark Drive|[silent]\n|switch|p2a: Indeedee|Indeedee, M|100\/100\n|move|p2b: Azelf|Protect|p2b: Azelf\n|-singleturn|p2b: Azelf|Protect\n|move|p1a: SS TFGd SpecsLO|Eruption|p2b: Azelf|[spread] p2a\n|-activate|p2b: Azelf|move: Protect\n|-damage|p2a: Indeedee|0 fnt\n|faint|p2a: Indeedee\n|move|p1b: HhHwHp MT Psyc|Dazzling Gleam|p2b: Azelf\n|-activate|p2b: Azelf|move: Protect\n|\n|-weather|SunnyDay|[upkeep]\n|upkeep\n|c| ButWhyThough_2|it doesn't\n|c|\u2606hoiymenomimnn 4v6|huh\n|\n|t:|1697765995\n|switch|p2a: Weezing|Weezing-Galar, F|100\/100\n|-ability|p2a: Weezing|Neutralizing Gas\n|turn|3\n|inactive|Penter has 90 seconds left.\n|l| ButWhyThough_2\n|inactive|hoiymenomimnn 4v6 has 120 seconds left.\n|\n|t:|1697766026\n|switch|p2b: Chi-Yu|Chi-Yu|100\/100\n|move|p2a: Weezing|Protect|p2a: Weezing\n|-singleturn|p2a: Weezing|Protect\n|move|p1a: SS TFGd SpecsLO|Eruption|p2b: Chi-Yu|[spread] p2b\n|-activate|p2a: Weezing|move: Protect\n|-resisted|p2b: Chi-Yu\n|-damage|p2b: Chi-Yu|75\/100\n|move|p1b: HhHwHp MT Psyc|Tera Blast|p2a: Weezing|[anim] Tera Blast Ground\n|-activate|p2a: Weezing|move: Protect\n|\n|-weather|SunnyDay|[upkeep]\n|upkeep\n|turn|4\n|c|\u2606hoiymenomimnn 4v6|o comeon\n|j| genesis77\n|inactive|Penter has 90 seconds left.\n|\n|t:|1697766050\n|-end|p2a: Weezing|ability: Neutralizing Gas\n|-ability|p2b: Chi-Yu|Beads of Ruin\n|switch|p2a: Iron Hands|Iron Hands|100\/100\n|move|p1a: SS TFGd SpecsLO|Eruption|p2a: Iron Hands|[spread] p2a,p2b\n|-resisted|p2b: Chi-Yu\n|-damage|p2a: Iron Hands|48\/100\n|-damage|p2b: Chi-Yu|49\/100\n|move|p1b: HhHwHp MT Psyc|Dazzling Gleam|p2b: Chi-Yu|[spread] p2a,p2b\n|-supereffective|p2a: Iron Hands\n|-damage|p2a: Iron Hands|0 fnt\n|-damage|p2b: Chi-Yu|22\/100\n|faint|p2a: Iron Hands\n|-end|p2a: Iron Hands|Quark Drive|[silent]\n|-damage|p1b: HhHwHp MT Psyc|91\/100|[from] item: Life Orb\n|move|p2b: Chi-Yu|Snarl|p1a: SS TFGd SpecsLO|[spread] p1a,p1b\n|-damage|p1a: SS TFGd SpecsLO|62\/100\n|-damage|p1b: HhHwHp MT Psyc|59\/100\n|-unboost|p1a: SS TFGd SpecsLO|spa|1\n|-unboost|p1b: HhHwHp MT Psyc|spa|1\n|\n|-weather|SunnyDay|[upkeep]\n|upkeep\n|\n|t:|1697766070\n|switch|p2a: Azelf|Azelf|100\/100\n|turn|5\n|inactive|Penter has 90 seconds left.\n|\n|t:|1697766096\n|switch|p1a: HpHw SS FO P HV|Indeedee-F, F|55\/100\n|move|p2a: Azelf|Protect|p2a: Azelf\n|-singleturn|p2a: Azelf|Protect\n|move|p1b: HhHwHp MT Psyc|Dazzling Gleam|p2b: Chi-Yu|[spread] p2b\n|-activate|p2a: Azelf|move: Protect\n|-damage|p2b: Chi-Yu|0 fnt\n|faint|p2b: Chi-Yu\n|-damage|p1b: HhHwHp MT Psyc|49\/100|[from] item: Life Orb\n|\n|-weather|none\n|-sideend|p1: hoiymenomimnn 4v6|Reflect\n|-fieldend|move: Trick Room\n|-fieldend|move: Psychic Terrain\n|upkeep\n|c|\u2606hoiymenomimnn 4v6|there\n|c|\u2606hoiymenomimnn 4v6|now no terrain at all\n|c|\u2606hoiymenomimnn 4v6|lol\n|inactive|Penter has 60 seconds left.\n|\n|t:|1697766121\n|switch|p2b: Roaring Moon|Roaring Moon|100\/100\n|-enditem|p2b: Roaring Moon|Booster Energy\n|-activate|p2b: Roaring Moon|ability: Protosynthesis|[fromitem]\n|-start|p2b: Roaring Moon|protosynthesisspe\n|turn|6\n|inactive|Penter has 60 seconds left.\n|inactive|Penter has 30 seconds left.\n|inactive|Penter has 20 seconds left.\n|\n|t:|1697766183\n|move|p1a: HpHw SS FO P HV|Follow Me|p1a: HpHw SS FO P HV\n|-singleturn|p1a: HpHw SS FO P HV|move: Follow Me\n|move|p2b: Roaring Moon|Knock Off|p1a: HpHw SS FO P HV\n|-supereffective|p1a: HpHw SS FO P HV\n|-damage|p1a: HpHw SS FO P HV|0 fnt\n|faint|p1a: HpHw SS FO P HV\n|move|p2a: Azelf|Expanding Force|p1b: HhHwHp MT Psyc\n|-damage|p1b: HhHwHp MT Psyc|0 fnt\n|faint|p1b: HhHwHp MT Psyc\n|-damage|p2a: Azelf|91\/100|[from] item: Life Orb\n|\n|upkeep\n|inactive|Penter has 25 seconds left this turn.\n|inactive|hoiymenomimnn 4v6 has 120 seconds left.\n|\n|t:|1697766209\n|switch|p1a: TGW FT BP WP|Diancie, L99|100\/100\n|switch|p1b: Protect LSR LO|Regidrago|100\/100\n|turn|7\n|inactive|Penter has 30 seconds left.\n|inactive|Penter has 20 seconds left.\n|inactive|Penter has 15 seconds left.\n|l| genesis77\n|\n|t:|1697766249\n|move|p2b: Roaring Moon|Knock Off|p1b: Protect LSR LO\n|-damage|p1b: Protect LSR LO|52\/100\n|-enditem|p1b: Protect LSR LO|Dragon Fang|[from] move: Knock Off|[of] p2b: Roaring Moon\n|move|p2a: Azelf|Expanding Force|p1a: TGW FT BP WP\n|-damage|p1a: TGW FT BP WP|57\/100\n|-damage|p2a: Azelf|81\/100|[from] item: Life Orb\n|move|p1b: Protect LSR LO|Draco Meteor|p2b: Roaring Moon\n|-supereffective|p2b: Roaring Moon\n|-damage|p2b: Roaring Moon|0 fnt\n|-unboost|p1b: Protect LSR LO|spa|2\n|faint|p2b: Roaring Moon\n|-end|p2b: Roaring Moon|Protosynthesis|[silent]\n|move|p1a: TGW FT BP WP|Trick Room|p1a: TGW FT BP WP\n|-fieldstart|move: Trick Room|[of] p1a: TGW FT BP WP\n|\n|upkeep\n|inactive|Penter has 20 seconds left this turn.\n|\n|t:|1697766253\n|switch|p2b: Weezing|Weezing-Galar, F|100\/100\n|-ability|p2b: Weezing|Neutralizing Gas\n|turn|8\n|inactive|Penter has 30 seconds left.\n|inactive|Penter has 20 seconds left.\n|inactive|Penter has 15 seconds left.\n|\n|t:|1697766288\n|switch|p1b: SS TFGd SpecsLO|Torkoal, L99, M|62\/100\n|move|p2a: Azelf|Protect|p2a: Azelf\n|-singleturn|p2a: Azelf|Protect\n|move|p1a: TGW FT BP WP|Diamond Storm|p2b: Weezing|[spread] p2b\n|-activate|p2a: Azelf|move: Protect\n|-crit|p2b: Weezing\n|-damage|p2b: Weezing|39\/100\n|-boost|p1a: TGW FT BP WP|def|2\n|-damage|p1a: TGW FT BP WP|47\/100|[from] item: Life Orb\n|move|p2b: Weezing|Will-O-Wisp|p1a: TGW FT BP WP\n|-status|p1a: TGW FT BP WP|brn\n|\n|-heal|p2b: Weezing|45\/100|[from] item: Leftovers\n|-damage|p1a: TGW FT BP WP|41\/100 brn|[from] brn\n|upkeep\n|turn|9\n|inactive|Penter has 30 seconds left.\n|\n|t:|1697766304\n|move|p1b: SS TFGd SpecsLO|Eruption|p2b: Weezing|[spread] p2a,p2b\n|-damage|p2a: Azelf|29\/100\n|-damage|p2b: Weezing|7\/100\n|move|p1a: TGW FT BP WP|Diamond Storm|p2b: Weezing|[spread] p2a\n|-miss|p1a: TGW FT BP WP|p2b: Weezing\n|-damage|p2a: Azelf|0 fnt\n|-boost|p1a: TGW FT BP WP|def|2\n|faint|p2a: Azelf\n|-damage|p1a: TGW FT BP WP|31\/100 brn|[from] item: Life Orb\n|move|p2b: Weezing|Gunk Shot|p1b: SS TFGd SpecsLO\n|-damage|p1b: SS TFGd SpecsLO|32\/100\n|\n|-heal|p2b: Weezing|13\/100|[from] item: Leftovers\n|-damage|p1a: TGW FT BP WP|25\/100 brn|[from] brn\n|upkeep\n|turn|10\n|inactive|Penter has 30 seconds left.\n|inactive|Penter has 20 seconds left.\n|\n|t:|1697766340\n|move|p2b: Weezing|Protect|p2b: Weezing\n|-singleturn|p2b: Weezing|Protect\n|move|p1b: SS TFGd SpecsLO|Earth Power|p2b: Weezing\n|-activate|p2b: Weezing|move: Protect\n|move|p1a: TGW FT BP WP|Tera Blast|p2b: Weezing\n|-activate|p2b: Weezing|move: Protect\n|\n|-heal|p2b: Weezing|19\/100|[from] item: Leftovers\n|-damage|p1a: TGW FT BP WP|19\/100 brn|[from] brn\n|upkeep\n|turn|11\n|c|\u2606hoiymenomimnn 4v6|omg\n|\n|t:|1697766349\n|-terastallize|p2b: Weezing|Poison\n|move|p2b: Weezing|Protect|p2b: Weezing\n|-singleturn|p2b: Weezing|Protect\n|move|p1b: SS TFGd SpecsLO|Earth Power|p2b: Weezing\n|-activate|p2b: Weezing|move: Protect\n|move|p1a: TGW FT BP WP|Tera Blast|p2b: Weezing\n|-activate|p2b: Weezing|move: Protect\n|\n|-heal|p2b: Weezing|25\/100|[from] item: Leftovers\n|-damage|p1a: TGW FT BP WP|13\/100 brn|[from] brn\n|-fieldend|move: Trick Room\n|upkeep\n|turn|12\n|c|\u2606hoiymenomimnn 4v6|OMFG\n|inactive|Penter has 60 seconds left.\n|inactive|Penter has 30 seconds left.\n|inactive|Penter has 20 seconds left.\n|\n|t:|1697766394\n|move|p2b: Weezing|Gunk Shot|p1b: SS TFGd SpecsLO|[miss]\n|-miss|p2b: Weezing|p1b: SS TFGd SpecsLO\n|move|p1a: TGW FT BP WP|Tera Blast|p2b: Weezing\n|-damage|p2b: Weezing|1\/100\n|-damage|p1a: TGW FT BP WP|3\/100 brn|[from] item: Life Orb\n|move|p1b: SS TFGd SpecsLO|Earth Power|p2b: Weezing\n|-supereffective|p2b: Weezing\n|-damage|p2b: Weezing|0 fnt\n|faint|p2b: Weezing\n|-end|p2b: Weezing|ability: Neutralizing Gas\n|-weather|SunnyDay|[from] ability: Drought|[of] p1b: SS TFGd SpecsLO\n|\n|win|hoiymenomimnn 4v6\n|inactive|Penter has 25 seconds left this turn.\n|n|\u2606hoiymenomimnn 4v6|hoiymenomimnn4v6\n|n|\u2606Penter|penter\n","uploadtime":1697766405,"views":16,"p1id":"hoiymenomimnn4v6","p2id":"penter","formatid":"gen9doublesou","rating":0,"private":0,"password":""}