{"id":"gen9doublesou-1975018293","p1":"PinchChristian","p2":"ChimeBliss","format":"[Gen 9] Doubles OU","log":"|j|\u2606PinchChristian\n|j|\u2606ChimeBliss\n|t:|1698155330\n|gametype|doubles\n|player|p1|PinchChristian|2|1409\n|player|p2|ChimeBliss|dawn-gen4pt|1469\n|teamsize|p1|6\n|teamsize|p2|6\n|gen|9\n|tier|[Gen 9] Doubles OU\n|rated|\n|rule|Species Clause: Limit one of each Pok\u00e9mon\n|rule|OHKO Clause: OHKO moves are banned\n|rule|Evasion Moves Clause: Evasion moves are banned\n|rule|Gravity Sleep Clause: The combination of sleep-inducing moves with imperfect accuracy and Gravity or Gigantamax Orbeetle are banned\n|rule|Endless Battle Clause: Forcing endless battles is banned\n|rule|HP Percentage Mod: HP is shown in percentages\n|clearpoke\n|poke|p1|Arcanine-Hisui, M|\n|poke|p1|Amoonguss, F|\n|poke|p1|Iron Hands|\n|poke|p1|Landorus-Therian, M|\n|poke|p1|Cresselia, F|\n|poke|p1|Iron Moth|\n|poke|p2|Chien-Pao|\n|poke|p2|Tornadus, M|\n|poke|p2|Dragonite, F|\n|poke|p2|Chi-Yu|\n|poke|p2|Flutter Mane|\n|poke|p2|Landorus, M|\n|teampreview\n|inactive|Battle timer is ON: inactive players will automatically lose when time's up. (requested by ChimeBliss)\n|inactive|ChimeBliss has 120 seconds left.\n|\n|t:|1698155372\n|start\n|switch|p1a: Iron Hands|Iron Hands|100\/100\n|switch|p1b: Cresselia|Cresselia, F|100\/100\n|switch|p2a: Chi-Yu|Chi-Yu|100\/100\n|switch|p2b: Flutter Mane|Flutter Mane|100\/100\n|-ability|p2a: Chi-Yu|Beads of Ruin\n|turn|1\n|\n|t:|1698155397\n|-terastallize|p2a: Chi-Yu|Ghost\n|move|p1a: Iron Hands|Fake Out|p2a: Chi-Yu\n|-immune|p2a: Chi-Yu\n|move|p2a: Chi-Yu|Dark Pulse|p1b: Cresselia\n|-supereffective|p1b: Cresselia\n|-damage|p1b: Cresselia|23\/100\n|move|p2b: Flutter Mane|Moonblast|p1b: Cresselia\n|-damage|p1b: Cresselia|0 fnt\n|faint|p1b: Cresselia\n|\n|upkeep\n|\n|t:|1698155410\n|switch|p1b: Landorus|Landorus-Therian, M|100\/100\n|-ability|p1b: Landorus|Intimidate|boost\n|-unboost|p2a: Chi-Yu|atk|1\n|-unboost|p2b: Flutter Mane|atk|1\n|turn|2\n|\n|t:|1698155422\n|switch|p1b: Amoonguss|Amoonguss, F|100\/100\n|move|p2a: Chi-Yu|Dark Pulse|p1b: Amoonguss\n|-damage|p1b: Amoonguss|63\/100\n|move|p2b: Flutter Mane|Moonblast|p1a: Iron Hands\n|-supereffective|p1a: Iron Hands\n|-damage|p1a: Iron Hands|0 fnt\n|faint|p1a: Iron Hands\n|-end|p1a: Iron Hands|Quark Drive|[silent]\n|\n|-heal|p1b: Amoonguss|69\/100|[from] item: Leftovers\n|upkeep\n|\n|t:|1698155443\n|switch|p1a: Arcanine|Arcanine-Hisui, M|100\/100\n|turn|3\n|\n|t:|1698155456\n|-terastallize|p1b: Amoonguss|Water\n|move|p1b: Amoonguss|Rage Powder|p1b: Amoonguss\n|-singleturn|p1b: Amoonguss|move: Rage Powder\n|move|p2a: Chi-Yu|Dark Pulse|p1b: Amoonguss\n|-damage|p1b: Amoonguss|30\/100\n|move|p2b: Flutter Mane|Moonblast|p1b: Amoonguss\n|-damage|p1b: Amoonguss|0 fnt\n|faint|p1b: Amoonguss\n|move|p1a: Arcanine|Head Smash|p2b: Flutter Mane\n|-damage|p2b: Flutter Mane|0 fnt\n|faint|p2b: Flutter Mane\n|-end|p2b: Flutter Mane|Protosynthesis|[silent]\n|-damage|p1a: Arcanine|91\/100|[from] item: Life Orb\n|\n|upkeep\n|\n|t:|1698155471\n|switch|p2b: Landorus|Landorus, M|100\/100\n|switch|p1b: Landorus|Landorus-Therian, M|100\/100\n|-ability|p1b: Landorus|Intimidate|boost\n|-unboost|p2a: Chi-Yu|atk|1\n|-unboost|p2b: Landorus|atk|1\n|turn|4\n|\n|t:|1698155486\n|move|p1a: Arcanine|Protect|p1a: Arcanine\n|-singleturn|p1a: Arcanine|Protect\n|move|p2a: Chi-Yu|Dark Pulse|p1b: Landorus\n|-damage|p1b: Landorus|28\/100\n|move|p2b: Landorus|Earth Power|p1a: Arcanine\n|-activate|p1a: Arcanine|move: Protect\n|cant|p1b: Landorus|flinch\n|\n|upkeep\n|turn|5\n|c|\u2606PinchChristian|dont you want to use more legendaries? gay\n|-message|PinchChristian forfeited.\n|\n|win|ChimeBliss\n|raw|PinchChristian's rating: 1409 &rarr; <strong>1392<\/strong><br \/>(-17 for losing)\n|raw|ChimeBliss's rating: 1469 &rarr; <strong>1486<\/strong><br \/>(+17 for winning)\n|l|\u2606PinchChristian\n","uploadtime":1698155518,"views":19,"p1id":"pinchchristian","p2id":"chimebliss","formatid":"gen9doublesou","rating":1392,"private":0,"password":""}