{"id":"gen9doublesou-1974562262","p1":"CoolieDemolisher69","p2":"iambadatthisg","format":"[Gen 9] Doubles OU","log":"|j|\u2606CoolieDemolisher69\n|j|\u2606iambadatthisg\n|t:|1698097572\n|gametype|doubles\n|player|p1|CoolieDemolisher69|twins|1000\n|player|p2|iambadatthisg|2|1091\n|teamsize|p1|6\n|teamsize|p2|6\n|gen|9\n|tier|[Gen 9] Doubles OU\n|rated|\n|rule|Species Clause: Limit one of each Pok\u00e9mon\n|rule|OHKO Clause: OHKO moves are banned\n|rule|Evasion Moves Clause: Evasion moves are banned\n|rule|Gravity Sleep Clause: The combination of sleep-inducing moves with imperfect accuracy and Gravity or Gigantamax Orbeetle are banned\n|rule|Endless Battle Clause: Forcing endless battles is banned\n|rule|HP Percentage Mod: HP is shown in percentages\n|clearpoke\n|poke|p1|Toxtricity-Low-Key, M|\n|poke|p1|Sylveon, F|\n|poke|p1|Indeedee-F, F|\n|poke|p1|Ceruledge, M|\n|poke|p1|Palossand, M|\n|poke|p1|Slowking, F|\n|poke|p2|Gyarados, F|\n|poke|p2|Tornadus, M|\n|poke|p2|Iron Hands|\n|poke|p2|Orthworm, F|\n|poke|p2|Tauros-Paldea-Blaze, M|\n|poke|p2|Oranguru, F|\n|teampreview\n|\n|t:|1698097577\n|start\n|switch|p1a: Toxtricity|Toxtricity-Low-Key, M|100\/100\n|switch|p1b: Palossand|Palossand, M|100\/100\n|switch|p2a: Tornadus|Tornadus, M, shiny|100\/100\n|switch|p2b: Orthworm|Orthworm, F|100\/100\n|turn|1\n|\n|t:|1698097601\n|switch|p1a: Sylveon|Sylveon, F|100\/100\n|move|p2a: Tornadus|Tailwind|p2a: Tornadus\n|-sidestart|p2: iambadatthisg|move: Tailwind\n|move|p2b: Orthworm|Shed Tail|p2b: Orthworm\n|-start|p2b: Orthworm|Substitute|[from] move: Shed Tail\n|-damage|p2b: Orthworm|50\/100\n|-enditem|p2b: Orthworm|Sitrus Berry|[eat]\n|-heal|p2b: Orthworm|75\/100|[from] item: Sitrus Berry\n|\n|t:|1698097614\n|switch|p2b: Gyarados|Gyarados, F|100\/100|[from] Shed Tail\n|-ability|p2b: Gyarados|Intimidate|boost\n|-unboost|p1a: Sylveon|atk|1\n|-unboost|p1b: Palossand|atk|1\n|move|p1b: Palossand|Stockpile|p1b: Palossand\n|-start|p1b: Palossand|stockpile1\n|-boost|p1b: Palossand|def|1\n|-boost|p1b: Palossand|spd|1\n|-enditem|p2b: Gyarados|Mirror Herb\n|-boost|p2b: Gyarados|def|1|[from] item: Mirror Herb\n|-boost|p2b: Gyarados|spd|1|[from] item: Mirror Herb\n|\n|upkeep\n|turn|2\n|\n|t:|1698097645\n|move|p2a: Tornadus|U-turn|p1a: Sylveon\n|-resisted|p1a: Sylveon\n|-damage|p1a: Sylveon|91\/100\n|\n|t:|1698097649\n|switch|p2a: Oranguru|Oranguru, F|100\/100|[from] U-turn\n|move|p2b: Gyarados|Dragon Dance|p2b: Gyarados\n|-boost|p2b: Gyarados|atk|1\n|-boost|p2b: Gyarados|spe|1\n|move|p1a: Sylveon|Copycat|p1a: Sylveon\n|move|p1a: Sylveon|Dragon Dance|p1a: Sylveon|[from]move: Copycat\n|-boost|p1a: Sylveon|atk|1\n|-boost|p1a: Sylveon|spe|1\n|move|p1b: Palossand|Energy Ball|p2b: Gyarados\n|-activate|p2b: Gyarados|move: Substitute|[damage]\n|\n|upkeep\n|turn|3\n|\n|t:|1698097667\n|move|p2b: Gyarados|Dragon Dance|p2b: Gyarados\n|-boost|p2b: Gyarados|atk|1\n|-boost|p2b: Gyarados|spe|1\n|move|p1a: Sylveon|Copycat|p1a: Sylveon\n|move|p1a: Sylveon|Dragon Dance|p1a: Sylveon|[from]move: Copycat\n|-boost|p1a: Sylveon|atk|1\n|-boost|p1a: Sylveon|spe|1\n|move|p2a: Oranguru|Instruct|p2b: Gyarados\n|-singleturn|p2b: Gyarados|move: Instruct|[of] p2a: Oranguru\n|move|p2b: Gyarados|Dragon Dance|p2b: Gyarados\n|-boost|p2b: Gyarados|atk|1\n|-boost|p2b: Gyarados|spe|1\n|move|p1b: Palossand|Energy Ball|p2b: Gyarados\n|-end|p2b: Gyarados|Substitute\n|\n|upkeep\n|turn|4\n|\n|t:|1698097690\n|move|p2b: Gyarados|Earthquake|p1b: Palossand|[spread] p1a,p1b\n|-activate|p2a: Oranguru|ability: Telepathy\n|-damage|p1a: Sylveon|3\/100\n|-damage|p1b: Palossand|62\/100\n|move|p1a: Sylveon|Hyper Voice|p2a: Oranguru|[spread] p2a,p2b\n|-damage|p2a: Oranguru|71\/100\n|-damage|p2b: Gyarados|67\/100\n|move|p2a: Oranguru|Instruct|p2b: Gyarados\n|-singleturn|p2b: Gyarados|move: Instruct|[of] p2a: Oranguru\n|move|p2b: Gyarados|Earthquake|p1b: Palossand|[spread] p1a,p1b\n|-activate|p2a: Oranguru|ability: Telepathy\n|-damage|p1a: Sylveon|0 fnt\n|-damage|p1b: Palossand|22\/100\n|-enditem|p1b: Palossand|Aguav Berry|[eat]\n|-heal|p1b: Palossand|55\/100|[from] item: Aguav Berry\n|faint|p1a: Sylveon\n|move|p1b: Palossand|Stockpile|p1b: Palossand\n|-start|p1b: Palossand|stockpile2\n|-boost|p1b: Palossand|def|1\n|-boost|p1b: Palossand|spd|1\n|\n|-sideend|p2: iambadatthisg|move: Tailwind\n|upkeep\n|\n|t:|1698097713\n|switch|p1a: Ceruledge|Ceruledge, M|100\/100\n|turn|5\n|\n|t:|1698097737\n|switch|p1a: Slowking|Slowking, F|100\/100\n|-terastallize|p2b: Gyarados|Ground\n|move|p2b: Gyarados|Earthquake|p1b: Palossand|[spread] p1a,p1b\n|-activate|p2a: Oranguru|ability: Telepathy\n|-damage|p1a: Slowking|0 fnt\n|-damage|p1b: Palossand|10\/100\n|faint|p1a: Slowking\n|move|p2a: Oranguru|Instruct|p2b: Gyarados\n|-singleturn|p2b: Gyarados|move: Instruct|[of] p2a: Oranguru\n|move|p2b: Gyarados|Earthquake|p1b: Palossand|[spread] p1b\n|-activate|p2a: Oranguru|ability: Telepathy\n|-damage|p1b: Palossand|0 fnt\n|faint|p1b: Palossand\n|\n|upkeep\n|\n|t:|1698097752\n|switch|p1b: Toxtricity|Toxtricity-Low-Key, M|100\/100\n|switch|p1a: Indeedee|Indeedee-F, F|100\/100\n|-fieldstart|move: Psychic Terrain|[from] ability: Psychic Surge|[of] p1a: Indeedee\n|-enditem|p1a: Indeedee|Psychic Seed\n|-boost|p1a: Indeedee|spd|1|[from] item: Psychic Seed\n|turn|6\n|\n|t:|1698097778\n|-terastallize|p1b: Toxtricity|Flying\n|move|p2b: Gyarados|Earthquake|p1a: Indeedee|[spread] p1a\n|-activate|p2a: Oranguru|ability: Telepathy\n|-immune|p1b: Toxtricity\n|-damage|p1a: Indeedee|0 fnt\n|faint|p1a: Indeedee\n|move|p1b: Toxtricity|Boomburst|p2b: Gyarados|[spread] p2a,p2b\n|-damage|p2a: Oranguru|42\/100\n|-damage|p2b: Gyarados|36\/100\n|move|p2a: Oranguru|Instruct|p2b: Gyarados\n|-singleturn|p2b: Gyarados|move: Instruct|[of] p2a: Oranguru\n|move|p2b: Gyarados|Earthquake|p1b: Toxtricity|[spread] \n|-activate|p2a: Oranguru|ability: Telepathy\n|-immune|p1b: Toxtricity\n|\n|upkeep\n|-message|CoolieDemolisher69 forfeited.\n|\n|win|iambadatthisg\n|raw|CoolieDemolisher69's rating: 1000 &rarr; <strong>1000<\/strong><br \/>(+0 for losing)\n|raw|iambadatthisg's rating: 1091 &rarr; <strong>1111<\/strong><br \/>(+20 for winning)\n|l|\u2606CoolieDemolisher69\n","uploadtime":1698097795,"views":8,"p1id":"cooliedemolisher69","p2id":"iambadatthisg","formatid":"gen9doublesou","rating":1000,"private":0,"password":""}