{"id":"gen9doublesou-1994734538","p1":"truemonkeyman","p2":"stinkypoopy32","format":"[Gen 9] Doubles OU","log":"|j|\u203dtruemonkeyman\n|j|\u2606stinkypoopy32\n|t:|1700487202\n|gametype|doubles\n|player|p1|truemonkeyman|2|1029\n|player|p2|stinkypoopy32|170|1010\n|teamsize|p1|6\n|teamsize|p2|6\n|gen|9\n|tier|[Gen 9] Doubles OU\n|rated|\n|rule|Species Clause: Limit one of each Pok\u00e9mon\n|rule|OHKO Clause: OHKO moves are banned\n|rule|Evasion Moves Clause: Evasion moves are banned\n|rule|Gravity Sleep Clause: The combination of sleep-inducing moves with imperfect accuracy and Gravity or Gigantamax Orbeetle are banned\n|rule|Endless Battle Clause: Forcing endless battles is banned\n|rule|HP Percentage Mod: HP is shown in percentages\n|clearpoke\n|poke|p1|Meowscarada, F|\n|poke|p1|Slaking, F|\n|poke|p1|Komala, F|\n|poke|p1|Alomomola, F|\n|poke|p1|Kingambit, F|\n|poke|p1|Blissey, F|\n|poke|p2|Grimmsnarl, M|\n|poke|p2|Slaking, F|\n|poke|p2|Typhlosion-Hisui, F|\n|poke|p2|Gholdengo|\n|poke|p2|Great Tusk|\n|poke|p2|Weezing, F|\n|teampreview\n|\n|t:|1700487208\n|start\n|switch|p1a: Kingambit|Kingambit, F|100\/100\n|switch|p1b: Blissey|Blissey, F|100\/100\n|switch|p2a: Grimmsnarl|Grimmsnarl, M|100\/100\n|switch|p2b: Typhlosion|Typhlosion-Hisui, F|100\/100\n|-item|p1a: Kingambit|Black Glasses|[from] ability: Frisk|[of] p2b: Typhlosion|[identify]\n|turn|1\n|\n|t:|1700487229\n|move|p2a: Grimmsnarl|Reflect|p2a: Grimmsnarl\n|-sidestart|p2: stinkypoopy32|Reflect\n|move|p2b: Typhlosion|Eruption|p1a: Kingambit|[spread] p1a,p1b\n|-supereffective|p1a: Kingambit\n|-damage|p1a: Kingambit|3\/100\n|-damage|p1b: Blissey|86\/100\n|move|p1a: Kingambit|Dark Pulse|p2b: Typhlosion\n|-supereffective|p2b: Typhlosion\n|-damage|p2b: Typhlosion|61\/100\n|move|p1b: Blissey|Skill Swap|p1a: Kingambit\n|-activate|p1b: Blissey|move: Skill Swap|||[of] p1a: Kingambit\n|-end|p1a: Kingambit|fallenundefined|[silent]\n|\n|-heal|p2b: Typhlosion|67\/100|[from] item: Leftovers\n|upkeep\n|turn|2\n|\n|t:|1700487264\n|switch|p1a: Slaking|Slaking, F|100\/100\n|move|p2a: Grimmsnarl|Light Screen|p2a: Grimmsnarl\n|-sidestart|p2: stinkypoopy32|move: Light Screen\n|move|p2b: Typhlosion|Eruption|p1a: Slaking|[spread] p1a,p1b\n|-damage|p1a: Slaking|74\/100\n|-damage|p1b: Blissey|76\/100\n|move|p1b: Blissey|Skill Swap|p1a: Slaking\n|-activate|p1b: Blissey|move: Skill Swap|||[of] p1a: Slaking\n|-end|p1b: Blissey|fallenundefined|[silent]\n|\n|-heal|p2b: Typhlosion|73\/100|[from] item: Leftovers\n|upkeep\n|turn|3\n|\n|t:|1700487304\n|-end|p1a: Slaking|fallenundefined|[silent]\n|switch|p1a: Meowscarada|Meowscarada, F|100\/100\n|switch|p2b: Weezing|Weezing, F|100\/100\n|-ability|p2b: Weezing|Neutralizing Gas\n|switch|p1b: Komala|Komala, F|100\/100\n|-ability|p1b: Komala|Comatose\n|switch|p2a: Slaking|Slaking, F|100\/100\n|\n|upkeep\n|turn|4\n|\n|t:|1700487333\n|switch|p1a: Alomomola|Alomomola, F|100\/100\n|move|p2b: Weezing|Protect|p2b: Weezing\n|-singleturn|p2b: Weezing|Protect\n|move|p1b: Komala|Sucker Punch|p2a: Slaking\n|-damage|p2a: Slaking|89\/100\n|move|p2a: Slaking|Drain Punch|p1b: Komala\n|-supereffective|p1b: Komala\n|-damage|p1b: Komala|5\/100\n|-heal|p2a: Slaking|100\/100|[from] drain|[of] p1b: Komala\n|\n|upkeep\n|turn|5\n|\n|t:|1700487369\n|move|p1b: Komala|Sucker Punch|p2a: Slaking\n|-damage|p2a: Slaking|88\/100\n|move|p2a: Slaking|Knock Off|p1a: Alomomola\n|-damage|p1a: Alomomola|80\/100\n|move|p1a: Alomomola|Hydro Pump|p2a: Slaking|[miss]\n|-miss|p1a: Alomomola|p2a: Slaking\n|move|p2b: Weezing|Substitute|p2b: Weezing\n|-start|p2b: Weezing|Substitute\n|-damage|p2b: Weezing|76\/100\n|\n|-heal|p2a: Slaking|94\/100|[from] item: Leftovers\n|-heal|p2b: Weezing|82\/100|[from] item: Leftovers\n|upkeep\n|turn|6\n|\n|t:|1700487405\n|move|p2b: Weezing|Protect|p2b: Weezing\n|-singleturn|p2b: Weezing|Protect\n|move|p2a: Slaking|Drain Punch|p1b: Komala\n|-supereffective|p1b: Komala\n|-damage|p1b: Komala|0 fnt\n|-heal|p2a: Slaking|96\/100|[from] drain|[of] p1b: Komala\n|faint|p1b: Komala\n|move|p1a: Alomomola|Hydro Pump|p2a: Slaking\n|-damage|p2a: Slaking|83\/100\n|\n|-heal|p2a: Slaking|89\/100|[from] item: Leftovers\n|-heal|p2b: Weezing|88\/100|[from] item: Leftovers\n|upkeep\n|\n|t:|1700487422\n|switch|p1b: Kingambit|Kingambit, F|3\/100\n|turn|7\n|\n|t:|1700487436\n|move|p2a: Slaking|Drain Punch|p1b: Kingambit\n|-supereffective|p1b: Kingambit\n|-damage|p1b: Kingambit|0 fnt\n|-heal|p2a: Slaking|90\/100|[from] drain|[of] p1b: Kingambit\n|faint|p1b: Kingambit\n|-end|p1b: Kingambit|fallenundefined|[silent]\n|move|p1a: Alomomola|Hydro Pump|p2b: Weezing\n|-activate|p2b: Weezing|move: Substitute|[damage]\n|move|p2b: Weezing|Sludge Bomb|p1a: Alomomola\n|-damage|p1a: Alomomola|48\/100\n|\n|-heal|p2a: Slaking|96\/100|[from] item: Leftovers\n|-heal|p2b: Weezing|94\/100|[from] item: Leftovers\n|upkeep\n|\n|t:|1700487454\n|switch|p1b: Meowscarada|Meowscarada, F|100\/100\n|turn|8\n|\n|t:|1700487482\n|move|p2b: Weezing|Protect|p2b: Weezing\n|-singleturn|p2b: Weezing|Protect\n|move|p1b: Meowscarada|Aura Sphere|p2a: Slaking\n|-supereffective|p2a: Slaking\n|-damage|p2a: Slaking|74\/100\n|move|p2a: Slaking|Drain Punch|p1b: Meowscarada\n|-supereffective|p1b: Meowscarada\n|-damage|p1b: Meowscarada|6\/100\n|-heal|p2a: Slaking|100\/100|[from] drain|[of] p1b: Meowscarada\n|move|p1a: Alomomola|Hydro Pump|p2b: Weezing\n|-activate|p2b: Weezing|move: Protect\n|\n|-heal|p1b: Meowscarada|12\/100|[from] item: Leftovers\n|-heal|p2b: Weezing|99\/100|[from] item: Leftovers\n|-sideend|p2: stinkypoopy32|Reflect\n|upkeep\n|turn|9\n|\n|t:|1700487511\n|move|p1b: Meowscarada|Grass Pledge|p1a: Alomomola\n|-supereffective|p1a: Alomomola\n|-damage|p1a: Alomomola|0 fnt\n|faint|p1a: Alomomola\n|move|p2a: Slaking|Drain Punch|p1b: Meowscarada\n|-supereffective|p1b: Meowscarada\n|-crit|p1b: Meowscarada\n|-damage|p1b: Meowscarada|0 fnt\n|faint|p1b: Meowscarada\n|move|p2b: Weezing|Substitute|p2b: Weezing\n|-fail|p2b: Weezing|move: Substitute\n|\n|-heal|p2b: Weezing|100\/100|[from] item: Leftovers\n|-sideend|p2: stinkypoopy32|move: Light Screen\n|upkeep\n|\n|t:|1700487528\n|switch|p1b: Slaking|Slaking, F|74\/100\n|switch|p1a: Blissey|Blissey, F|76\/100\n|turn|10\n|\n|t:|1700487548\n|move|p1b: Slaking|Drain Punch|p2a: Slaking\n|-supereffective|p2a: Slaking\n|-damage|p2a: Slaking|54\/100\n|-heal|p1b: Slaking|97\/100|[from] drain|[of] p2a: Slaking\n|move|p2a: Slaking|Drain Punch|p1b: Slaking\n|-supereffective|p1b: Slaking\n|-damage|p1b: Slaking|53\/100\n|-heal|p2a: Slaking|76\/100|[from] drain|[of] p1b: Slaking\n|move|p2b: Weezing|Sludge Bomb|p1b: Slaking\n|-damage|p1b: Slaking|27\/100\n|move|p1a: Blissey|Brick Break|p2a: Slaking\n|-supereffective|p2a: Slaking\n|-crit|p2a: Slaking\n|-damage|p2a: Slaking|67\/100\n|\n|-heal|p2a: Slaking|73\/100|[from] item: Leftovers\n|upkeep\n|turn|11\n|-message|truemonkeyman forfeited.\n|\n|win|stinkypoopy32\n|raw|truemonkeyman's rating: 1029 &rarr; <strong>1014<\/strong><br \/>(-15 for losing)\n|raw|stinkypoopy32's rating: 1010 &rarr; <strong>1051<\/strong><br \/>(+41 for winning)\n|l|\u203dtruemonkeyman\n","uploadtime":1700487583,"views":3,"p1id":"truemonkeyman","p2id":"stinkypoopy32","formatid":"gen9doublesou","rating":1014,"private":0,"password":""}