{"id":"gen9doublesou-1990498670","p1":"VioletStargazer","p2":"EngineerPlaysMons","format":"[Gen 9] Doubles OU","log":"|j|\u2606VioletStargazer\n|j|\u2606EngineerPlaysMons\n|t:|1699976398\n|gametype|doubles\n|player|p1|VioletStargazer|clair|1568\n|player|p2|EngineerPlaysMons|schoolkid-gen4|1666\n|teamsize|p1|6\n|teamsize|p2|6\n|gen|9\n|tier|[Gen 9] Doubles OU\n|rated|\n|rule|Species Clause: Limit one of each Pok\u00e9mon\n|rule|OHKO Clause: OHKO moves are banned\n|rule|Evasion Moves Clause: Evasion moves are banned\n|rule|Gravity Sleep Clause: The combination of sleep-inducing moves with imperfect accuracy and Gravity or Gigantamax Orbeetle are banned\n|rule|Endless Battle Clause: Forcing endless battles is banned\n|rule|HP Percentage Mod: HP is shown in percentages\n|clearpoke\n|poke|p1|Roaring Moon|\n|poke|p1|Ursaluna-Bloodmoon, M|\n|poke|p1|Chien-Pao|\n|poke|p1|Ogerpon-Wellspring, F|\n|poke|p1|Heatran, F|\n|poke|p1|Tornadus, M|\n|poke|p2|Rillaboom, M|\n|poke|p2|Ninetales-Alola, M|\n|poke|p2|Glimmora, F|\n|poke|p2|Sinistcha-Masterpiece|\n|poke|p2|Volcanion|\n|poke|p2|Chi-Yu|\n|teampreview\n|inactive|Battle timer is ON: inactive players will automatically lose when time's up. (requested by EngineerPlaysMons)\n|\n|t:|1699976428\n|start\n|switch|p1a: Roaring Moon|Roaring Moon|100\/100\n|switch|p1b: Tornadus|Tornadus, M|100\/100\n|switch|p2a: Ninetales|Ninetales-Alola, M|100\/100\n|switch|p2b: Rillaboom|Rillaboom, M|100\/100\n|-weather|Snow|[from] ability: Snow Warning|[of] p2a: Ninetales\n|-fieldstart|move: Grassy Terrain|[from] ability: Grassy Surge|[of] p2b: Rillaboom\n|-enditem|p1a: Roaring Moon|Booster Energy\n|-activate|p1a: Roaring Moon|ability: Protosynthesis|[fromitem]\n|-start|p1a: Roaring Moon|protosynthesisatk\n|turn|1\n|\n|t:|1699976451\n|move|p2b: Rillaboom|Fake Out|p1a: Roaring Moon\n|-damage|p1a: Roaring Moon|84\/100\n|move|p2a: Ninetales|Dazzling Gleam|p1b: Tornadus|[spread] p1a,p1b\n|-supereffective|p1a: Roaring Moon\n|-damage|p1a: Roaring Moon|0 fnt\n|-damage|p1b: Tornadus|74\/100\n|faint|p1a: Roaring Moon\n|-end|p1a: Roaring Moon|Protosynthesis|[silent]\n|move|p1b: Tornadus|Bleakwind Storm|p2a: Ninetales|[spread] p2a,p2b\n|-supereffective|p2b: Rillaboom\n|-damage|p2a: Ninetales|59\/100\n|-damage|p2b: Rillaboom|28\/100\n|-unboost|p2a: Ninetales|spe|1\n|-unboost|p2b: Rillaboom|spe|1\n|\n|-weather|Snow|[upkeep]\n|-heal|p2a: Ninetales|65\/100|[from] Grassy Terrain\n|-heal|p2b: Rillaboom|34\/100|[from] Grassy Terrain\n|upkeep\n|\n|t:|1699976460\n|switch|p1a: Heatran|Heatran, F|100\/100\n|turn|2\n|\n|t:|1699976476\n|switch|p2a: Volcanion|Volcanion|100\/100\n|switch|p2b: Chi-Yu|Chi-Yu|100\/100\n|-ability|p2b: Chi-Yu|Beads of Ruin\n|move|p1b: Tornadus|Tailwind|p1b: Tornadus\n|-sidestart|p1: VioletStargazer|move: Tailwind\n|move|p1a: Heatran|Heat Wave|p2b: Chi-Yu|[spread] p2b\n|-miss|p1a: Heatran|p2a: Volcanion\n|-resisted|p2b: Chi-Yu\n|-damage|p2b: Chi-Yu|79\/100\n|-damage|p1a: Heatran|91\/100|[from] item: Life Orb\n|\n|-weather|Snow|[upkeep]\n|-heal|p2b: Chi-Yu|85\/100|[from] Grassy Terrain\n|-heal|p1a: Heatran|97\/100|[from] Grassy Terrain\n|upkeep\n|turn|3\n|\n|t:|1699976497\n|-terastallize|p1a: Heatran|Grass\n|move|p1b: Tornadus|Bleakwind Storm|p2b: Chi-Yu|[spread] p2a,p2b\n|-damage|p2a: Volcanion|62\/100\n|-damage|p2b: Chi-Yu|44\/100\n|move|p2b: Chi-Yu|Dark Pulse|p1b: Tornadus\n|-damage|p1b: Tornadus|0 fnt\n|faint|p1b: Tornadus\n|move|p1a: Heatran|Earth Power|p2b: Chi-Yu\n|-supereffective|p2b: Chi-Yu\n|-damage|p2b: Chi-Yu|0 fnt\n|faint|p2b: Chi-Yu\n|-damage|p1a: Heatran|87\/100|[from] item: Life Orb\n|move|p2a: Volcanion|Earth Power|p1a: Heatran\n|-resisted|p1a: Heatran\n|-damage|p1a: Heatran|76\/100\n|\n|-weather|Snow|[upkeep]\n|-heal|p1a: Heatran|82\/100|[from] Grassy Terrain\n|-heal|p2a: Volcanion|68\/100|[from] Grassy Terrain\n|upkeep\n|\n|t:|1699976520\n|switch|p1b: Ogerpon|Ogerpon-Wellspring, F|100\/100\n|switch|p2b: Rillaboom|Rillaboom, M|34\/100\n|turn|4\n|\n|t:|1699976546\n|move|p2b: Rillaboom|Fake Out|p1b: Ogerpon\n|-damage|p1b: Ogerpon|84\/100\n|cant|p1b: Ogerpon|flinch\n|move|p1a: Heatran|Heat Wave|p2b: Rillaboom|[spread] p2a,p2b\n|-resisted|p2a: Volcanion\n|-supereffective|p2b: Rillaboom\n|-damage|p2a: Volcanion|60\/100\n|-damage|p2b: Rillaboom|0 fnt\n|faint|p2b: Rillaboom\n|-damage|p1a: Heatran|72\/100|[from] item: Life Orb\n|move|p2a: Volcanion|Sludge Bomb|p1a: Heatran\n|-supereffective|p1a: Heatran\n|-damage|p1a: Heatran|29\/100\n|\n|-weather|Snow|[upkeep]\n|-heal|p1b: Ogerpon|90\/100|[from] Grassy Terrain\n|-heal|p1a: Heatran|35\/100|[from] Grassy Terrain\n|-heal|p2a: Volcanion|66\/100|[from] Grassy Terrain\n|upkeep\n|\n|t:|1699976563\n|switch|p2b: Ninetales|Ninetales-Alola, M|65\/100\n|turn|5\n|\n|t:|1699976588\n|move|p1a: Heatran|Protect|p1a: Heatran\n|-singleturn|p1a: Heatran|Protect\n|move|p2b: Ninetales|Protect|p2b: Ninetales\n|-singleturn|p2b: Ninetales|Protect\n|move|p1b: Ogerpon|Horn Leech|p2a: Volcanion\n|-damage|p2a: Volcanion|16\/100\n|-heal|p1b: Ogerpon|100\/100|[from] drain|[of] p2a: Volcanion\n|move|p2a: Volcanion|Sludge Bomb|p1a: Heatran\n|-activate|p1a: Heatran|move: Protect\n|\n|-weather|none\n|-heal|p1a: Heatran|41\/100|[from] Grassy Terrain\n|-heal|p2b: Ninetales|71\/100|[from] Grassy Terrain\n|-heal|p2a: Volcanion|22\/100|[from] Grassy Terrain\n|-sideend|p1: VioletStargazer|move: Tailwind\n|-fieldend|move: Grassy Terrain\n|upkeep\n|turn|6\n|\n|t:|1699976605\n|switch|p1a: Chien-Pao|Chien-Pao|100\/100\n|-ability|p1a: Chien-Pao|Sword of Ruin\n|move|p1b: Ogerpon|Horn Leech|p2a: Volcanion\n|-damage|p2a: Volcanion|0 fnt\n|faint|p2a: Volcanion\n|move|p2b: Ninetales|Blizzard|p1b: Ogerpon|[spread] p1a,p1b\n|-resisted|p1a: Chien-Pao\n|-damage|p1a: Chien-Pao|75\/100\n|-damage|p1b: Ogerpon|65\/100\n|\n|upkeep\n|\n|t:|1699976630\n|switch|p2a: Sinistcha|Sinistcha-Masterpiece|100\/100\n|-heal|p2b: Ninetales|95\/100|[from] ability: Hospitality|[of] p2a: Sinistcha\n|turn|7\n|inactive|VioletStargazer has 120 seconds left.\n|\n|t:|1699976666\n|move|p2a: Sinistcha|Protect|p2a: Sinistcha\n|-singleturn|p2a: Sinistcha|Protect\n|move|p1a: Chien-Pao|Ice Spinner|p2a: Sinistcha\n|-activate|p2a: Sinistcha|move: Protect\n|move|p1b: Ogerpon|Horn Leech|p2a: Sinistcha\n|-activate|p2a: Sinistcha|move: Protect\n|move|p2b: Ninetales|Dazzling Gleam|p1b: Ogerpon|[spread] p1a,p1b\n|-supereffective|p1a: Chien-Pao\n|-damage|p1a: Chien-Pao|1\/100\n|-damage|p1b: Ogerpon|40\/100\n|\n|upkeep\n|turn|8\n|\n|t:|1699976693\n|switch|p1b: Heatran|Heatran, F, tera:Grass|41\/100\n|-terastallize|p2a: Sinistcha|Water\n|move|p1a: Chien-Pao|Ice Spinner|p2a: Sinistcha\n|-resisted|p2a: Sinistcha\n|-damage|p2a: Sinistcha|76\/100\n|move|p2b: Ninetales|Dazzling Gleam|p1a: Chien-Pao|[spread] p1a,p1b\n|-supereffective|p1a: Chien-Pao\n|-damage|p1a: Chien-Pao|0 fnt\n|-damage|p1b: Heatran|28\/100\n|faint|p1a: Chien-Pao\n|move|p2a: Sinistcha|Matcha Gotcha|p1b: Heatran|[miss]\n|-miss|p2a: Sinistcha|p1b: Heatran\n|\n|-heal|p2a: Sinistcha|82\/100|[from] item: Leftovers\n|upkeep\n|\n|t:|1699976703\n|switch|p1a: Ogerpon|Ogerpon-Wellspring, F|40\/100\n|turn|9\n|\n|t:|1699976722\n|move|p1b: Heatran|Protect|p1b: Heatran\n|-singleturn|p1b: Heatran|Protect\n|move|p1a: Ogerpon|Horn Leech|p2a: Sinistcha\n|-supereffective|p2a: Sinistcha\n|-crit|p2a: Sinistcha\n|-damage|p2a: Sinistcha|0 fnt\n|-heal|p1a: Ogerpon|84\/100|[from] drain|[of] p2a: Sinistcha\n|faint|p2a: Sinistcha\n|move|p2b: Ninetales|Blizzard|p1a: Ogerpon|[spread] p1a\n|-activate|p1b: Heatran|move: Protect\n|-damage|p1a: Ogerpon|47\/100\n|\n|upkeep\n|\n|t:|1699976734\n|switch|p2a: Glimmora|Glimmora, F|100\/100\n|turn|10\n|\n|t:|1699976754\n|move|p2b: Ninetales|Protect|p2b: Ninetales\n|-singleturn|p2b: Ninetales|Protect\n|move|p1a: Ogerpon|Horn Leech|p2a: Glimmora\n|-damage|p2a: Glimmora|43\/100\n|-heal|p1a: Ogerpon|77\/100|[from] drain|[of] p2a: Glimmora\n|-activate|p2a: Glimmora|ability: Toxic Debris\n|-sidestart|p1: VioletStargazer|move: Toxic Spikes\n|move|p2a: Glimmora|Sludge Bomb|p1a: Ogerpon\n|-supereffective|p1a: Ogerpon\n|-damage|p1a: Ogerpon|0 fnt\n|faint|p1a: Ogerpon\n|move|p1b: Heatran|Heat Wave|p2a: Glimmora|[spread] p2a\n|-activate|p2b: Ninetales|move: Protect\n|-resisted|p2a: Glimmora\n|-damage|p2a: Glimmora|17\/100\n|-damage|p1b: Heatran|18\/100|[from] item: Life Orb\n|\n|upkeep\n|\n|t:|1699976763\n|switch|p1a: Ursaluna|Ursaluna-Bloodmoon, M|100\/100\n|-status|p1a: Ursaluna|psn\n|turn|11\n|\n|t:|1699976789\n|move|p2b: Ninetales|Blizzard|p1b: Heatran|[spread] p1a,p1b\n|-supereffective|p1a: Ursaluna\n|-supereffective|p1b: Heatran\n|-damage|p1a: Ursaluna|33\/100 psn\n|-damage|p1b: Heatran|0 fnt\n|faint|p1b: Heatran\n|move|p2a: Glimmora|Power Gem|p1a: Ursaluna\n|-resisted|p1a: Ursaluna\n|-crit|p1a: Ursaluna\n|-damage|p1a: Ursaluna|0 fnt\n|faint|p1a: Ursaluna\n|\n|win|EngineerPlaysMons\n|raw|VioletStargazer's rating: 1568 &rarr; <strong>1553<\/strong><br \/>(-15 for losing)\n|raw|EngineerPlaysMons's rating: 1666 &rarr; <strong>1681<\/strong><br \/>(+15 for winning)\n","uploadtime":1699976793,"views":5,"p1id":"violetstargazer","p2id":"engineerplaysmons","formatid":"gen9doublesou","rating":1553,"private":0,"password":""}