{"id":"gen9doublesou-1982014567","p1":"teoxmatteoxmat","p2":"TNTvale","format":"[Gen 9] Doubles OU","log":"|j|\u2606teoxmatteoxmat\n|j|\u2606TNTvale\n|t:|1698959731\n|gametype|doubles\n|player|p1|teoxmatteoxmat|hugh|1364\n|player|p2|TNTvale|waiter|1333\n|teamsize|p1|6\n|teamsize|p2|6\n|gen|9\n|tier|[Gen 9] Doubles OU\n|rated|\n|rule|Species Clause: Limit one of each Pok\u00e9mon\n|rule|OHKO Clause: OHKO moves are banned\n|rule|Evasion Moves Clause: Evasion moves are banned\n|rule|Gravity Sleep Clause: The combination of sleep-inducing moves with imperfect accuracy and Gravity or Gigantamax Orbeetle are banned\n|rule|Endless Battle Clause: Forcing endless battles is banned\n|rule|HP Percentage Mod: HP is shown in percentages\n|clearpoke\n|poke|p1|Flutter Mane|\n|poke|p1|Ogerpon-Wellspring, F|\n|poke|p1|Landorus-Therian, M|\n|poke|p1|Chi-Yu|\n|poke|p1|Tornadus, M|\n|poke|p1|Ursaluna, F|\n|poke|p2|Regidrago|\n|poke|p2|Tornadus, M|\n|poke|p2|Chandelure, F|\n|poke|p2|Torkoal, F|\n|poke|p2|Maushold-Four|\n|poke|p2|Sinistcha-Masterpiece|\n|teampreview\n|\n|t:|1698959753\n|start\n|switch|p1a: Flutter Mane|Flutter Mane|100\/100\n|switch|p1b: Tornadus|Tornadus, M|100\/100\n|switch|p2a: Tornadus|Tornadus, M|100\/100\n|switch|p2b: Regidrago|Regidrago|100\/100\n|turn|1\n|\n|t:|1698959775\n|-terastallize|p1a: Flutter Mane|Fairy\n|move|p1b: Tornadus|Tailwind|p1b: Tornadus\n|-sidestart|p1: teoxmatteoxmat|move: Tailwind\n|move|p2a: Tornadus|Tailwind|p2a: Tornadus\n|-sidestart|p2: TNTvale|move: Tailwind\n|move|p1a: Flutter Mane|Dazzling Gleam|p2a: Tornadus|[spread] p2a,p2b\n|-supereffective|p2b: Regidrago\n|-damage|p2a: Tornadus|20\/100\n|-damage|p2b: Regidrago|2\/100\n|move|p2b: Regidrago|Earthquake|p1a: Flutter Mane|[spread] p1a\n|-immune|p2a: Tornadus\n|-immune|p1b: Tornadus\n|-damage|p1a: Flutter Mane|56\/100\n|\n|-heal|p2a: Tornadus|26\/100|[from] item: Leftovers\n|upkeep\n|turn|2\n|\n|t:|1698959797\n|move|p1b: Tornadus|Sunny Day|p1b: Tornadus\n|-weather|SunnyDay\n|-activate|p1a: Flutter Mane|ability: Protosynthesis\n|-start|p1a: Flutter Mane|protosynthesisspa\n|move|p1a: Flutter Mane|Dazzling Gleam|p2b: Regidrago|[spread] p2a,p2b\n|-supereffective|p2b: Regidrago\n|-damage|p2a: Tornadus|0 fnt\n|-damage|p2b: Regidrago|0 fnt\n|faint|p2a: Tornadus\n|faint|p2b: Regidrago\n|\n|-weather|SunnyDay|[upkeep]\n|upkeep\n|\n|t:|1698959807\n|switch|p2a: Chandelure|Chandelure, F|100\/100\n|switch|p2b: Torkoal|Torkoal, F|100\/100\n|turn|3\n|\n|t:|1698959827\n|move|p1b: Tornadus|Taunt|p2b: Torkoal\n|-start|p2b: Torkoal|move: Taunt\n|move|p1a: Flutter Mane|Dazzling Gleam|p2b: Torkoal|[spread] p2a,p2b\n|-resisted|p2a: Chandelure\n|-resisted|p2b: Torkoal\n|-damage|p2a: Chandelure|41\/100\n|-damage|p2b: Torkoal|56\/100\n|move|p2a: Chandelure|Heat Wave|p1b: Tornadus|[spread] p1a,p1b\n|-damage|p1a: Flutter Mane|0 fnt\n|-damage|p1b: Tornadus|5\/100\n|faint|p1a: Flutter Mane\n|-end|p1a: Flutter Mane|Protosynthesis|[silent]\n|move|p2b: Torkoal|Eruption|p1b: Tornadus\n|-damage|p1b: Tornadus|0 fnt\n|faint|p1b: Tornadus\n|\n|-weather|SunnyDay|[upkeep]\n|upkeep\n|\n|t:|1698959841\n|switch|p1b: Landorus|Landorus-Therian, M|100\/100\n|switch|p1a: Chi-Yu|Chi-Yu|100\/100\n|-ability|p1b: Landorus|Intimidate|boost\n|-unboost|p2a: Chandelure|atk|1\n|-unboost|p2b: Torkoal|atk|1\n|-ability|p1a: Chi-Yu|Beads of Ruin\n|turn|4\n|\n|t:|1698959868\n|move|p1b: Landorus|Stomping Tantrum|p2b: Torkoal\n|-supereffective|p2b: Torkoal\n|-damage|p2b: Torkoal|0 fnt\n|faint|p2b: Torkoal\n|move|p1a: Chi-Yu|Dark Pulse|p2a: Chandelure\n|-supereffective|p2a: Chandelure\n|-damage|p2a: Chandelure|0 fnt\n|faint|p2a: Chandelure\n|-damage|p1a: Chi-Yu|91\/100|[from] item: Life Orb\n|\n|-weather|SunnyDay|[upkeep]\n|-sideend|p2: TNTvale|move: Tailwind\n|-sideend|p1: teoxmatteoxmat|move: Tailwind\n|upkeep\n|\n|t:|1698959879\n|switch|p2a: Sinistcha|Sinistcha-Masterpiece|100\/100\n|switch|p2b: Maushold|Maushold-Four|100\/100\n|turn|5\n|\n|t:|1698959890\n|move|p1b: Landorus|Stomping Tantrum|p2b: Maushold\n|-damage|p2b: Maushold|35\/100\n|move|p2b: Maushold|Population Bomb|p1a: Chi-Yu\n|-damage|p1a: Chi-Yu|80\/100\n|-damage|p1a: Chi-Yu|69\/100\n|-damage|p1a: Chi-Yu|59\/100\n|-damage|p1a: Chi-Yu|48\/100\n|-damage|p1a: Chi-Yu|37\/100\n|-damage|p1a: Chi-Yu|26\/100\n|-damage|p1a: Chi-Yu|14\/100\n|-damage|p1a: Chi-Yu|3\/100\n|-damage|p1a: Chi-Yu|0 fnt\n|faint|p1a: Chi-Yu\n|-hitcount|p1: Chi-Yu|9\n|move|p2a: Sinistcha|Matcha Gotcha|p1b: Landorus\n|-damage|p1b: Landorus|53\/100\n|\n|-weather|SunnyDay|[upkeep]\n|upkeep\n|\n|t:|1698959923\n|switch|p1a: Ursaluna|Ursaluna, F|100\/100\n|turn|6\n|\n|t:|1698959948\n|switch|p1b: Ogerpon|Ogerpon-Wellspring, F|100\/100\n|move|p2b: Maushold|Protect|p2b: Maushold\n|-singleturn|p2b: Maushold|Protect\n|move|p2a: Sinistcha|Matcha Gotcha|p1a: Ursaluna|[spread] p1a,p1b\n|-supereffective|p1a: Ursaluna\n|-damage|p1a: Ursaluna|44\/100\n|-damage|p1b: Ogerpon|73\/100\n|-status|p1b: Ogerpon|brn\n|move|p1a: Ursaluna|Close Combat|p2b: Maushold\n|-activate|p2b: Maushold|move: Protect\n|\n|-weather|none\n|-damage|p1b: Ogerpon|67\/100 brn|[from] brn\n|-status|p1a: Ursaluna|brn|[from] item: Flame Orb\n|upkeep\n|turn|7\n|\n|t:|1698959987\n|move|p1b: Ogerpon|Spiky Shield|p1b: Ogerpon\n|-singleturn|p1b: Ogerpon|move: Protect\n|move|p1a: Ursaluna|Protect|p1a: Ursaluna\n|-singleturn|p1a: Ursaluna|Protect\n|move|p2b: Maushold|Population Bomb|p1b: Ogerpon\n|-activate|p1b: Ogerpon|move: Protect\n|-damage|p2b: Maushold|22\/100|[from] Spiky Shield|[of] p1b: Ogerpon\n|move|p2a: Sinistcha|Matcha Gotcha|p1a: Ursaluna|[spread] \n|-activate|p1a: Ursaluna|move: Protect\n|-activate|p1b: Ogerpon|move: Protect\n|\n|-damage|p1b: Ogerpon|61\/100 brn|[from] brn\n|-damage|p1a: Ursaluna|38\/100 brn|[from] brn\n|upkeep\n|turn|8\n|\n|t:|1698960012\n|move|p2b: Maushold|Population Bomb|p1b: Ogerpon\n|-damage|p1b: Ogerpon|55\/100 brn\n|-damage|p1b: Ogerpon|49\/100 brn\n|-damage|p1b: Ogerpon|43\/100 brn\n|-damage|p1b: Ogerpon|36\/100 brn\n|-damage|p1b: Ogerpon|30\/100 brn\n|-damage|p1b: Ogerpon|24\/100 brn\n|-damage|p1b: Ogerpon|18\/100 brn\n|-damage|p1b: Ogerpon|12\/100 brn\n|-damage|p1b: Ogerpon|7\/100 brn\n|-damage|p1b: Ogerpon|0 fnt\n|faint|p1b: Ogerpon\n|-hitcount|p1: Ogerpon|10\n|move|p2a: Sinistcha|Matcha Gotcha|p1a: Ursaluna\n|-supereffective|p1a: Ursaluna\n|-damage|p1a: Ursaluna|0 fnt\n|faint|p1a: Ursaluna\n|\n|upkeep\n|\n|t:|1698960031\n|switch|p1a: Landorus|Landorus-Therian, M|53\/100\n|-ability|p1a: Landorus|Intimidate|boost\n|-unboost|p2a: Sinistcha|atk|1\n|-unboost|p2b: Maushold|atk|1\n|turn|9\n|\n|t:|1698960046\n|move|p2b: Maushold|Follow Me|p2b: Maushold\n|-singleturn|p2b: Maushold|move: Follow Me\n|move|p1a: Landorus|U-turn|p2b: Maushold\n|-damage|p2b: Maushold|0 fnt\n|faint|p2b: Maushold\n|move|p2a: Sinistcha|Matcha Gotcha|p1a: Landorus\n|-damage|p1a: Landorus|4\/100\n|\n|upkeep\n|turn|10\n|\n|t:|1698960054\n|move|p1a: Landorus|U-turn|p2a: Sinistcha\n|-damage|p2a: Sinistcha|75\/100\n|move|p2a: Sinistcha|Matcha Gotcha|p1a: Landorus\n|-damage|p1a: Landorus|0 fnt\n|-heal|p2a: Sinistcha|78\/100|[from] drain|[of] p1a: Landorus\n|faint|p1a: Landorus\n|\n|win|TNTvale\n|raw|teoxmatteoxmat's rating: 1364 &rarr; <strong>1342<\/strong><br \/>(-22 for losing)\n|raw|TNTvale's rating: 1333 &rarr; <strong>1355<\/strong><br \/>(+22 for winning)\n|c|\u2606TNTvale|Gg\n","uploadtime":1698960066,"views":14,"p1id":"teoxmatteoxmat","p2id":"tntvale","formatid":"gen9doublesou","rating":1342,"private":0,"password":""}