{"id":"gen9doublesou-1977143682","p1":"Zorast","p2":"SXD2002","format":"[Gen 9] Doubles OU","log":"|j|\u2606Zorast\n|j|\u2606SXD2002\n|t:|1698376740\n|gametype|doubles\n|player|p1|Zorast|169|1180\n|player|p2|SXD2002|silver-masters|1180\n|teamsize|p1|6\n|teamsize|p2|6\n|gen|9\n|tier|[Gen 9] Doubles OU\n|rated|\n|rule|Species Clause: Limit one of each Pok\u00e9mon\n|rule|OHKO Clause: OHKO moves are banned\n|rule|Evasion Moves Clause: Evasion moves are banned\n|rule|Gravity Sleep Clause: The combination of sleep-inducing moves with imperfect accuracy and Gravity or Gigantamax Orbeetle are banned\n|rule|Endless Battle Clause: Forcing endless battles is banned\n|rule|HP Percentage Mod: HP is shown in percentages\n|clearpoke\n|poke|p1|Pelipper, M|\n|poke|p1|Gastrodon, M|\n|poke|p1|Amoonguss, F|\n|poke|p1|Houndstone, F|\n|poke|p1|Salamence, M|\n|poke|p1|Gholdengo|\n|poke|p2|Lurantis, M|\n|poke|p2|Murkrow, F|\n|poke|p2|Grimmsnarl, M|\n|poke|p2|Clefairy, F|\n|poke|p2|Talonflame, M|\n|poke|p2|Espeon, M|\n|teampreview\n|inactive|Battle timer is ON: inactive players will automatically lose when time's up. (requested by SXD2002)\n|inactive|Zorast also wants the timer to be on.\n|\n|t:|1698376754\n|start\n|switch|p1a: Gholdengo|Gholdengo|100\/100\n|switch|p1b: Pelipper|Pelipper, M|100\/100\n|switch|p2a: Murkrow|Murkrow, F|100\/100\n|switch|p2b: Lurantis|Lurantis, M|100\/100\n|-weather|RainDance|[from] ability: Drizzle|[of] p1b: Pelipper\n|turn|1\n|\n|t:|1698376774\n|move|p2b: Lurantis|Protect|p2b: Lurantis\n|-singleturn|p2b: Lurantis|Protect\n|move|p1a: Gholdengo|Dazzling Gleam|p2b: Lurantis|[spread] p2a\n|-activate|p2b: Lurantis|move: Protect\n|-supereffective|p2a: Murkrow\n|-damage|p2a: Murkrow|65\/100\n|move|p2a: Murkrow|Snarl|p1a: Gholdengo|[spread] p1a,p1b\n|-supereffective|p1a: Gholdengo\n|-damage|p1a: Gholdengo|68\/100\n|-damage|p1b: Pelipper|88\/100\n|-unboost|p1a: Gholdengo|spa|1\n|-unboost|p1b: Pelipper|spa|1\n|move|p1b: Pelipper|Hurricane|p2b: Lurantis\n|-activate|p2b: Lurantis|move: Protect\n|\n|-weather|RainDance|[upkeep]\n|upkeep\n|turn|2\n|\n|t:|1698376797\n|switch|p1a: Amoonguss|Amoonguss, F|100\/100\n|-terastallize|p2b: Lurantis|Steel\n|move|p2a: Murkrow|Screech|p2b: Lurantis\n|-boost|p2b: Lurantis|def|2\n|move|p1b: Pelipper|Hurricane|p2b: Lurantis\n|-resisted|p2b: Lurantis\n|-damage|p2b: Lurantis|91\/100\n|move|p2b: Lurantis|Leaf Storm|p1b: Pelipper\n|-damage|p1b: Pelipper|49\/100\n|-boost|p2b: Lurantis|spa|2\n|-enditem|p1b: Pelipper|Sitrus Berry|[eat]\n|-heal|p1b: Pelipper|74\/100|[from] item: Sitrus Berry\n|\n|-weather|RainDance|[upkeep]\n|-heal|p2b: Lurantis|97\/100|[from] item: Leftovers\n|upkeep\n|turn|3\n|inactive|Zorast has 120 seconds left.\n|\n|t:|1698376827\n|switch|p1b: Gastrodon|Gastrodon, M|100\/100\n|move|p2b: Lurantis|Protect|p2b: Lurantis\n|-singleturn|p2b: Lurantis|Protect\n|move|p2a: Murkrow|Snarl|p1a: Amoonguss|[spread] p1a,p1b\n|-damage|p1a: Amoonguss|89\/100\n|-damage|p1b: Gastrodon|89\/100\n|-unboost|p1a: Amoonguss|spa|1\n|-unboost|p1b: Gastrodon|spa|1\n|move|p1a: Amoonguss|Spore|p2b: Lurantis\n|-activate|p2b: Lurantis|move: Protect\n|\n|-weather|RainDance|[upkeep]\n|-heal|p2b: Lurantis|100\/100|[from] item: Leftovers\n|upkeep\n|turn|4\n|\n|t:|1698376845\n|move|p1b: Gastrodon|Protect|p1b: Gastrodon\n|-singleturn|p1b: Gastrodon|Protect\n|move|p2a: Murkrow|Thunder Wave|p1a: Amoonguss|[miss]\n|-miss|p2a: Murkrow|p1a: Amoonguss\n|move|p2b: Lurantis|Leaf Storm|p1b: Gastrodon\n|-activate|p1b: Gastrodon|move: Protect\n|move|p1a: Amoonguss|Spore|p2b: Lurantis\n|-status|p2b: Lurantis|slp|[from] move: Spore\n|\n|-weather|RainDance|[upkeep]\n|upkeep\n|turn|5\n|\n|t:|1698376864\n|move|p2a: Murkrow|Snarl|p1a: Amoonguss|[spread] p1a,p1b\n|-damage|p1a: Amoonguss|77\/100\n|-damage|p1b: Gastrodon|76\/100\n|-unboost|p1a: Amoonguss|spa|1\n|-unboost|p1b: Gastrodon|spa|1\n|cant|p2b: Lurantis|slp\n|move|p1b: Gastrodon|Earth Power|p2b: Lurantis\n|-supereffective|p2b: Lurantis\n|-damage|p2b: Lurantis|74\/100 slp\n|move|p1a: Amoonguss|Spore|p2a: Murkrow\n|-status|p2a: Murkrow|slp|[from] move: Spore\n|\n|-weather|none\n|-heal|p2b: Lurantis|80\/100 slp|[from] item: Leftovers\n|upkeep\n|turn|6\n|\n|t:|1698376881\n|switch|p1a: Pelipper|Pelipper, M|74\/100\n|-weather|RainDance|[from] ability: Drizzle|[of] p1a: Pelipper\n|cant|p2a: Murkrow|slp\n|cant|p2b: Lurantis|slp\n|move|p1b: Gastrodon|Earth Power|p2b: Lurantis\n|-supereffective|p2b: Lurantis\n|-damage|p2b: Lurantis|50\/100 slp\n|\n|-weather|RainDance|[upkeep]\n|-heal|p2b: Lurantis|56\/100 slp|[from] item: Leftovers\n|upkeep\n|turn|7\n|\n|t:|1698376897\n|-curestatus|p2b: Lurantis|slp|[msg]\n|move|p2b: Lurantis|Protect|p2b: Lurantis\n|-singleturn|p2b: Lurantis|Protect\n|-curestatus|p2a: Murkrow|slp|[msg]\n|move|p2a: Murkrow|Snarl|p1b: Gastrodon|[spread] p1a,p1b\n|-damage|p1a: Pelipper|60\/100\n|-damage|p1b: Gastrodon|65\/100\n|-unboost|p1a: Pelipper|spa|1\n|-unboost|p1b: Gastrodon|spa|1\n|move|p1a: Pelipper|Surf|p2a: Murkrow|[spread] p2a\n|-activate|p2b: Lurantis|move: Protect\n|-ability|p1b: Gastrodon|Storm Drain|boost\n|-boost|p1b: Gastrodon|spa|1\n|-damage|p2a: Murkrow|44\/100\n|move|p1b: Gastrodon|Earth Power|p2b: Lurantis\n|-activate|p2b: Lurantis|move: Protect\n|\n|-weather|RainDance|[upkeep]\n|-heal|p2b: Lurantis|62\/100|[from] item: Leftovers\n|upkeep\n|turn|8\n|\n|t:|1698376920\n|switch|p1b: Amoonguss|Amoonguss, F|100\/100\n|move|p2a: Murkrow|Thunder Wave|p1a: Pelipper\n|-status|p1a: Pelipper|par\n|move|p2b: Lurantis|Superpower|p1b: Amoonguss\n|-resisted|p1b: Amoonguss\n|-damage|p1b: Amoonguss|86\/100\n|-boost|p2b: Lurantis|atk|1\n|-boost|p2b: Lurantis|def|1\n|cant|p1a: Pelipper|par\n|\n|-weather|RainDance|[upkeep]\n|-heal|p2b: Lurantis|68\/100|[from] item: Leftovers\n|upkeep\n|turn|9\n|\n|t:|1698376938\n|move|p2a: Murkrow|Feather Dance|p2b: Lurantis\n|-boost|p2b: Lurantis|atk|2\n|move|p2b: Lurantis|Leech Life|p1b: Amoonguss\n|-damage|p1b: Amoonguss|41\/100\n|-heal|p2b: Lurantis|97\/100|[from] drain|[of] p1b: Amoonguss\n|-enditem|p1b: Amoonguss|Sitrus Berry|[eat]\n|-heal|p1b: Amoonguss|66\/100|[from] item: Sitrus Berry\n|move|p1b: Amoonguss|Spore|p2b: Lurantis\n|-status|p2b: Lurantis|slp|[from] move: Spore\n|move|p1a: Pelipper|Tailwind|p1a: Pelipper\n|-sidestart|p1: Zorast|move: Tailwind\n|\n|-weather|RainDance|[upkeep]\n|-heal|p2b: Lurantis|100\/100 slp|[from] item: Leftovers\n|upkeep\n|turn|10\n|\n|t:|1698376957\n|switch|p1b: Gastrodon|Gastrodon, M|65\/100\n|move|p2a: Murkrow|Snarl|p1b: Gastrodon|[spread] p1a\n|-miss|p2a: Murkrow|p1b: Gastrodon\n|-damage|p1a: Pelipper|46\/100 par\n|-unboost|p1a: Pelipper|spa|1\n|cant|p1a: Pelipper|par\n|cant|p2b: Lurantis|slp\n|\n|-weather|none\n|upkeep\n|turn|11\n|\n|t:|1698376974\n|move|p2a: Murkrow|Snarl|p1a: Pelipper|[spread] p1a,p1b\n|-damage|p1a: Pelipper|34\/100 par\n|-damage|p1b: Gastrodon|53\/100\n|-unboost|p1a: Pelipper|spa|1\n|-unboost|p1b: Gastrodon|spa|1\n|move|p1b: Gastrodon|Earth Power|p2b: Lurantis\n|-supereffective|p2b: Lurantis\n|-damage|p2b: Lurantis|60\/100 slp\n|move|p1a: Pelipper|Surf|p2a: Murkrow|[spread] p2a,p2b\n|-ability|p1b: Gastrodon|Storm Drain|boost\n|-boost|p1b: Gastrodon|spa|1\n|-damage|p2a: Murkrow|36\/100\n|-damage|p2b: Lurantis|52\/100 slp\n|-curestatus|p2b: Lurantis|slp|[msg]\n|move|p2b: Lurantis|Leaf Storm|p1b: Gastrodon\n|-supereffective|p1b: Gastrodon\n|-damage|p1b: Gastrodon|0 fnt\n|-boost|p2b: Lurantis|spa|2\n|faint|p1b: Gastrodon\n|\n|-heal|p2b: Lurantis|59\/100|[from] item: Leftovers\n|upkeep\n|l|\u2606Zorast\n|inactive|Zorast disconnected and has a minute to reconnect!\n|player|p1|\n|inactive|Zorast has 30 seconds to reconnect!\n|inactive|Zorast has 20 seconds to reconnect!\n|inactive|Zorast has 15 seconds to reconnect!\n|inactive|Zorast has 10 seconds to reconnect!\n|inactive|Zorast has 5 seconds to reconnect!\n|-message|Zorast lost due to inactivity.\n|\n|win|SXD2002\n|raw|Zorast's rating: 1180 &rarr; <strong>1155<\/strong><br \/>(-25 for losing)\n|raw|SXD2002's rating: 1180 &rarr; <strong>1205<\/strong><br \/>(+25 for winning)\n","uploadtime":1698377067,"views":12,"p1id":"zorast","p2id":"sxd2002","formatid":"gen9doublesou","rating":1155,"private":0,"password":""}