{"id":"gen9doublesou-1992757555","p1":"Vegito86210","p2":"yescaman","format":"[Gen 9] Doubles OU","log":"|j|\u2606Vegito86210\n|j|\u2606yescaman\n|t:|1700232731\n|gametype|doubles\n|player|p1|Vegito86210|1|1092\n|player|p2|yescaman|chuck|1193\n|teamsize|p1|6\n|teamsize|p2|6\n|gen|9\n|tier|[Gen 9] Doubles OU\n|rated|\n|rule|Species Clause: Limit one of each Pok\u00e9mon\n|rule|OHKO Clause: OHKO moves are banned\n|rule|Evasion Moves Clause: Evasion moves are banned\n|rule|Gravity Sleep Clause: The combination of sleep-inducing moves with imperfect accuracy and Gravity or Gigantamax Orbeetle are banned\n|rule|Endless Battle Clause: Forcing endless battles is banned\n|rule|HP Percentage Mod: HP is shown in percentages\n|clearpoke\n|poke|p1|Kommo-o, M|\n|poke|p1|Sinistcha-Masterpiece|\n|poke|p1|Azumarill, M|\n|poke|p1|Goodra-Hisui, M|\n|poke|p1|Gardevoir, M|\n|poke|p1|Glimmora, M|\n|poke|p2|Gliscor, F|\n|poke|p2|Goodra-Hisui, M|\n|poke|p2|Flutter Mane|\n|poke|p2|Amoonguss, M|\n|poke|p2|Indeedee-F, F|\n|poke|p2|Palafin, M|\n|teampreview\n|\n|t:|1700232743\n|start\n|switch|p1a: Kommo-o|Kommo-o, M|100\/100\n|switch|p1b: Gardevoir|Gardevoir, M|100\/100\n|switch|p2a: Indeedee|Indeedee-F, F|100\/100\n|switch|p2b: Palafin|Palafin, M|100\/100\n|-fieldstart|move: Psychic Terrain|[from] ability: Psychic Surge|[of] p2a: Indeedee\n|-enditem|p2a: Indeedee|Psychic Seed\n|-boost|p2a: Indeedee|spd|1|[from] item: Psychic Seed\n|turn|1\n|inactive|Battle timer is ON: inactive players will automatically lose when time's up. (requested by yescaman)\n|\n|t:|1700232769\n|move|p2b: Palafin|Flip Turn|p1b: Gardevoir\n|-damage|p1b: Gardevoir|68\/100\n|\n|t:|1700232776\n|detailschange|p2b: Palafin|Palafin-Hero, M\n|switch|p2b: Flutter Mane|Flutter Mane|100\/100|[from] Flip Turn\n|move|p1b: Gardevoir|Reflect|p1b: Gardevoir\n|-sidestart|p1: Vegito86210|Reflect\n|move|p1a: Kommo-o|Clangorous Soul|p1a: Kommo-o\n|-boost|p1a: Kommo-o|atk|1\n|-boost|p1a: Kommo-o|def|1\n|-boost|p1a: Kommo-o|spa|1\n|-boost|p1a: Kommo-o|spd|1\n|-boost|p1a: Kommo-o|spe|1\n|-damage|p1a: Kommo-o|68\/100\n|-enditem|p1a: Kommo-o|Throat Spray\n|-boost|p1a: Kommo-o|spa|1|[from] item: Throat Spray\n|move|p2a: Indeedee|Psychic|p1a: Kommo-o\n|-supereffective|p1a: Kommo-o\n|-damage|p1a: Kommo-o|18\/100\n|\n|upkeep\n|turn|2\n|\n|t:|1700232799\n|-terastallize|p1a: Kommo-o|Steel\n|move|p2a: Indeedee|Follow Me|p2a: Indeedee\n|-singleturn|p2a: Indeedee|move: Follow Me\n|move|p2b: Flutter Mane|Moonblast|p1a: Kommo-o\n|-resisted|p1a: Kommo-o\n|-damage|p1a: Kommo-o|0 fnt\n|faint|p1a: Kommo-o\n|move|p1b: Gardevoir|Heal Pulse|p2a: Indeedee\n|-fail|p2a: Indeedee|heal\n|\n|upkeep\n|\n|t:|1700232811\n|switch|p1a: Glimmora|Glimmora, M|100\/100\n|turn|3\n|\n|t:|1700232822\n|-end|p2b: Flutter Mane|Protosynthesis|[silent]\n|switch|p2b: Goodra|Goodra-Hisui, M|100\/100\n|move|p1a: Glimmora|Spikes|p2b: Goodra\n|-sidestart|p2: yescaman|Spikes\n|move|p1b: Gardevoir|Light Screen|p1b: Gardevoir\n|-sidestart|p1: Vegito86210|move: Light Screen\n|move|p2a: Indeedee|Psychic|p1a: Glimmora\n|-supereffective|p1a: Glimmora\n|-damage|p1a: Glimmora|47\/100\n|\n|upkeep\n|turn|4\n|\n|t:|1700232844\n|move|p1a: Glimmora|Stealth Rock|p2b: Goodra\n|-sidestart|p2: yescaman|move: Stealth Rock\n|move|p1b: Gardevoir|Heal Pulse|p1a: Glimmora\n|-heal|p1a: Glimmora|97\/100\n|move|p2a: Indeedee|Psychic|p1a: Glimmora\n|-supereffective|p1a: Glimmora\n|-damage|p1a: Glimmora|43\/100\n|move|p2b: Goodra|Shelter|p2b: Goodra\n|-boost|p2b: Goodra|def|2\n|\n|upkeep\n|turn|5\n|\n|t:|1700232866\n|move|p1a: Glimmora|Spiky Shield|p1a: Glimmora\n|-singleturn|p1a: Glimmora|move: Protect\n|move|p2a: Indeedee|Follow Me|p2a: Indeedee\n|-singleturn|p2a: Indeedee|move: Follow Me\n|move|p1b: Gardevoir|Heal Pulse|p2a: Indeedee\n|-fail|p2a: Indeedee|heal\n|move|p2b: Goodra|Heavy Slam|p1b: Gardevoir\n|-supereffective|p1b: Gardevoir\n|-damage|p1b: Gardevoir|0 fnt\n|faint|p1b: Gardevoir\n|\n|-sideend|p1: Vegito86210|Reflect\n|-fieldend|move: Psychic Terrain\n|upkeep\n|\n|t:|1700232879\n|switch|p1b: Azumarill|Azumarill, M|100\/100\n|turn|6\n|\n|t:|1700232888\n|move|p1a: Glimmora|Spikes|p2b: Goodra\n|-sidestart|p2: yescaman|Spikes\n|move|p2a: Indeedee|Psychic|p1a: Glimmora\n|-supereffective|p1a: Glimmora\n|-damage|p1a: Glimmora|0 fnt\n|faint|p1a: Glimmora\n|move|p2b: Goodra|Heavy Slam|p1b: Azumarill\n|-damage|p1b: Azumarill|60\/100\n|move|p1b: Azumarill|Belly Drum|p1b: Azumarill\n|-damage|p1b: Azumarill|10\/100\n|-setboost|p1b: Azumarill|atk|6|[from] move: Belly Drum\n|-enditem|p1b: Azumarill|Sitrus Berry|[eat]\n|-heal|p1b: Azumarill|34\/100|[from] item: Sitrus Berry\n|\n|upkeep\n|\n|t:|1700232900\n|switch|p1a: Sinistcha|Sinistcha-Masterpiece|100\/100\n|-heal|p1b: Azumarill|59\/100|[from] ability: Hospitality|[of] p1a: Sinistcha\n|turn|7\n|\n|t:|1700232916\n|switch|p2a: Amoonguss|Amoonguss, M|100\/100\n|-damage|p2a: Amoonguss|84\/100|[from] Spikes\n|-damage|p2a: Amoonguss|71\/100|[from] Stealth Rock\n|move|p1a: Sinistcha|Matcha Gotcha|p2a: Amoonguss|[spread] p2a\n|-ability|p2b: Goodra|Sap Sipper|boost\n|-boost|p2b: Goodra|atk|1\n|-resisted|p2a: Amoonguss\n|-damage|p2a: Amoonguss|66\/100\n|move|p2b: Goodra|Heavy Slam|p1b: Azumarill\n|-damage|p1b: Azumarill|0 fnt\n|faint|p1b: Azumarill\n|\n|-heal|p2a: Amoonguss|73\/100|[from] item: Black Sludge\n|-sideend|p1: Vegito86210|move: Light Screen\n|upkeep\n|\n|t:|1700232931\n|switch|p1b: Goodra|Goodra-Hisui, M|100\/100\n|turn|8\n|\n|t:|1700232943\n|switch|p2a: Gliscor|Gliscor, F|100\/100\n|-damage|p2a: Gliscor|88\/100|[from] Stealth Rock\n|move|p1a: Sinistcha|Strength Sap|p1b: Goodra\n|-ability|p1b: Goodra|Sap Sipper|boost\n|-boost|p1b: Goodra|atk|1\n|move|p1b: Goodra|Earthquake|p2a: Gliscor|[spread] p1a,p2b\n|-immune|p2a: Gliscor\n|-resisted|p1a: Sinistcha\n|-supereffective|p2b: Goodra\n|-damage|p1a: Sinistcha|76\/100\n|-damage|p2b: Goodra|55\/100\n|move|p2b: Goodra|Body Press|p1b: Goodra\n|-supereffective|p1b: Goodra\n|-damage|p1b: Goodra|21\/100\n|\n|-status|p2a: Gliscor|tox|[from] item: Toxic Orb\n|upkeep\n|turn|9\n|\n|t:|1700232965\n|move|p1a: Sinistcha|Rage Powder|p1a: Sinistcha\n|-singleturn|p1a: Sinistcha|move: Rage Powder\n|move|p2a: Gliscor|Earthquake|p1a: Sinistcha|[spread] p2b,p1a,p1b\n|-supereffective|p2b: Goodra\n|-resisted|p1a: Sinistcha\n|-supereffective|p1b: Goodra\n|-damage|p2b: Goodra|33\/100\n|-damage|p1a: Sinistcha|66\/100\n|-damage|p1b: Goodra|0 fnt\n|faint|p1b: Goodra\n|move|p2b: Goodra|Shelter|p2b: Goodra\n|-boost|p2b: Goodra|def|2\n|\n|-heal|p2a: Gliscor|100\/100 tox|[from] ability: Poison Heal\n|upkeep\n|turn|10\n|-message|Vegito86210 forfeited.\n|\n|win|yescaman\n|raw|Vegito86210's rating: 1092 &rarr; <strong>1075<\/strong><br \/>(-17 for losing)\n|raw|yescaman's rating: 1193 &rarr; <strong>1211<\/strong><br \/>(+18 for winning)\n|l|\u2606Vegito86210\n","uploadtime":1700233020,"views":13,"p1id":"vegito86210","p2id":"yescaman","formatid":"gen9doublesou","rating":1075,"private":0,"password":""}