{"id":"gen9doublesou-1993135288","p1":"CaptainGrungo","p2":"PoliteGhost","format":"[Gen 9] Doubles OU","log":"|j|\u2606CaptainGrungo\n|j|\u2606PoliteGhost\n|t:|1700268938\n|gametype|doubles\n|player|p1|CaptainGrungo|plasmagrunt|1501\n|player|p2|PoliteGhost|giovanni|1572\n|teamsize|p1|6\n|teamsize|p2|6\n|gen|9\n|tier|[Gen 9] Doubles OU\n|rated|\n|rule|Species Clause: Limit one of each Pok\u00e9mon\n|rule|OHKO Clause: OHKO moves are banned\n|rule|Evasion Moves Clause: Evasion moves are banned\n|rule|Gravity Sleep Clause: The combination of sleep-inducing moves with imperfect accuracy and Gravity or Gigantamax Orbeetle are banned\n|rule|Endless Battle Clause: Forcing endless battles is banned\n|rule|HP Percentage Mod: HP is shown in percentages\n|clearpoke\n|poke|p1|Regieleki|\n|poke|p1|Tsareena, F|\n|poke|p1|Iron Hands|\n|poke|p1|Talonflame, F|\n|poke|p1|Sinistcha-Masterpiece|\n|poke|p1|Garganacl, F|\n|poke|p2|Amoonguss, F|\n|poke|p2|Iron Hands|\n|poke|p2|Landorus-Therian, M|\n|poke|p2|Flutter Mane|\n|poke|p2|Iron Bundle|\n|poke|p2|Chi-Yu|\n|teampreview\n|inactive|Battle timer is ON: inactive players will automatically lose when time's up. (requested by CaptainGrungo)\n|\n|t:|1700268970\n|start\n|switch|p1a: Garganacl|Garganacl, F|100\/100\n|switch|p1b: Talonflame|Talonflame, F|100\/100\n|switch|p2a: Iron Hands|Iron Hands|100\/100\n|switch|p2b: Landorus|Landorus-Therian, M|100\/100\n|-ability|p2b: Landorus|Intimidate|boost\n|-unboost|p1a: Garganacl|atk|1\n|-unboost|p1b: Talonflame|atk|1\n|turn|1\n|\n|t:|1700268986\n|switch|p1a: Tsareena|Tsareena, F|100\/100\n|move|p2b: Landorus|Rock Slide|p1a: Tsareena|[spread] p1a,p1b\n|-supereffective|p1b: Talonflame\n|-damage|p1a: Tsareena|70\/100\n|-damage|p1b: Talonflame|0 fnt\n|faint|p1b: Talonflame\n|move|p2a: Iron Hands|Drain Punch|p1a: Tsareena\n|-damage|p1a: Tsareena|16\/100\n|\n|upkeep\n|\n|t:|1700268997\n|switch|p1b: Sinistcha|Sinistcha-Masterpiece|100\/100\n|-heal|p1a: Tsareena|41\/100|[from] ability: Hospitality|[of] p1b: Sinistcha\n|turn|2\n|\n|t:|1700269007\n|move|p2b: Landorus|Rock Slide|p1a: Tsareena|[spread] p1a,p1b\n|-damage|p1a: Tsareena|13\/100\n|-damage|p1b: Sinistcha|78\/100\n|cant|p1a: Tsareena|flinch\n|move|p1b: Sinistcha|Matcha Gotcha|p2a: Iron Hands|[spread] p2a,p2b\n|-damage|p2a: Iron Hands|81\/100\n|-heal|p1b: Sinistcha|91\/100|[from] drain|[of] p2a: Iron Hands\n|-damage|p2b: Landorus|58\/100\n|-heal|p1b: Sinistcha|100\/100|[from] drain|[of] p2b: Landorus\n|move|p2a: Iron Hands|Drain Punch|p1a: Tsareena\n|-crit|p1a: Tsareena\n|-damage|p1a: Tsareena|0 fnt\n|-heal|p2a: Iron Hands|85\/100|[from] drain|[of] p1a: Tsareena\n|faint|p1a: Tsareena\n|\n|upkeep\n|\n|t:|1700269023\n|switch|p1a: Garganacl|Garganacl, F|100\/100\n|turn|3\n|\n|t:|1700269035\n|switch|p2b: Amoonguss|Amoonguss, F|100\/100\n|-terastallize|p1a: Garganacl|Ghost\n|move|p1b: Sinistcha|Calm Mind|p1b: Sinistcha\n|-boost|p1b: Sinistcha|spa|1\n|-boost|p1b: Sinistcha|spd|1\n|move|p2a: Iron Hands|Drain Punch|p1a: Garganacl\n|-immune|p1a: Garganacl\n|move|p1a: Garganacl|Stealth Rock|p2b: Amoonguss\n|-sidestart|p2: PoliteGhost|move: Stealth Rock\n|\n|upkeep\n|turn|4\n|\n|t:|1700269063\n|-end|p2a: Iron Hands|Quark Drive|[silent]\n|switch|p2a: Chi-Yu|Chi-Yu|100\/100\n|-damage|p2a: Chi-Yu|76\/100|[from] Stealth Rock\n|-ability|p2a: Chi-Yu|Beads of Ruin\n|move|p1b: Sinistcha|Shadow Ball|p2b: Amoonguss\n|-damage|p2b: Amoonguss|32\/100\n|move|p1a: Garganacl|Salt Cure|p2b: Amoonguss\n|-damage|p2b: Amoonguss|19\/100\n|-start|p2b: Amoonguss|Salt Cure\n|move|p2b: Amoonguss|Spore|p1a: Garganacl\n|-immune|p1a: Garganacl|[from] ability: Purifying Salt\n|\n|-damage|p2b: Amoonguss|6\/100|[from] Salt Cure\n|upkeep\n|turn|5\n|\n|t:|1700269080\n|-terastallize|p2a: Chi-Yu|Dark\n|move|p1a: Garganacl|Wide Guard|p1a: Garganacl\n|-singleturn|p1a: Garganacl|Wide Guard\n|move|p2b: Amoonguss|Rage Powder|p2b: Amoonguss\n|-singleturn|p2b: Amoonguss|move: Rage Powder\n|move|p2a: Chi-Yu|Snarl|p1b: Sinistcha|[spread] \n|-activate|p1a: Garganacl|move: Wide Guard\n|-activate|p1b: Sinistcha|move: Wide Guard\n|move|p1b: Sinistcha|Matcha Gotcha|p2a: Chi-Yu|[spread] p2a,p2b\n|-resisted|p2b: Amoonguss\n|-damage|p2a: Chi-Yu|18\/100\n|-damage|p2b: Amoonguss|0 fnt\n|faint|p2b: Amoonguss\n|\n|upkeep\n|\n|t:|1700269093\n|switch|p2b: Flutter Mane|Flutter Mane|100\/100\n|-damage|p2b: Flutter Mane|88\/100|[from] Stealth Rock\n|-enditem|p2b: Flutter Mane|Booster Energy\n|-activate|p2b: Flutter Mane|ability: Protosynthesis|[fromitem]\n|-start|p2b: Flutter Mane|protosynthesisspe\n|turn|6\n|\n|t:|1700269103\n|move|p1a: Garganacl|Wide Guard|p1a: Garganacl\n|-singleturn|p1a: Garganacl|Wide Guard\n|move|p2b: Flutter Mane|Shadow Ball|p1b: Sinistcha\n|-supereffective|p1b: Sinistcha\n|-damage|p1b: Sinistcha|13\/100\n|move|p2a: Chi-Yu|Snarl|p1a: Garganacl|[spread] \n|-activate|p1a: Garganacl|move: Wide Guard\n|-activate|p1b: Sinistcha|move: Wide Guard\n|move|p1b: Sinistcha|Shadow Ball|p2b: Flutter Mane\n|-supereffective|p2b: Flutter Mane\n|-damage|p2b: Flutter Mane|0 fnt\n|faint|p2b: Flutter Mane\n|-end|p2b: Flutter Mane|Protosynthesis|[silent]\n|\n|-heal|p1b: Sinistcha|19\/100|[from] item: Leftovers\n|upkeep\n|\n|t:|1700269117\n|switch|p2b: Iron Bundle|Iron Bundle|100\/100\n|-damage|p2b: Iron Bundle|76\/100|[from] Stealth Rock\n|turn|7\n|\n|t:|1700269125\n|move|p1a: Garganacl|Wide Guard|p1a: Garganacl\n|-singleturn|p1a: Garganacl|Wide Guard\n|move|p2a: Chi-Yu|Snarl|p1a: Garganacl|[spread] \n|-activate|p1a: Garganacl|move: Wide Guard\n|-activate|p1b: Sinistcha|move: Wide Guard\n|move|p2b: Iron Bundle|Freeze-Dry|p1b: Sinistcha\n|-supereffective|p1b: Sinistcha\n|-damage|p1b: Sinistcha|0 fnt\n|faint|p1b: Sinistcha\n|\n|upkeep\n|\n|t:|1700269139\n|switch|p1b: Regieleki|Regieleki|100\/100\n|turn|8\n|\n|t:|1700269153\n|switch|p2a: Iron Hands|Iron Hands|85\/100\n|-damage|p2a: Iron Hands|79\/100|[from] Stealth Rock\n|move|p2b: Iron Bundle|Protect|p2b: Iron Bundle\n|-singleturn|p2b: Iron Bundle|Protect\n|move|p1b: Regieleki|Electroweb|p2a: Iron Hands|[spread] p2a\n|-activate|p2b: Iron Bundle|move: Protect\n|-resisted|p2a: Iron Hands\n|-damage|p2a: Iron Hands|71\/100\n|-unboost|p2a: Iron Hands|spe|1\n|move|p1a: Garganacl|Salt Cure|p2b: Iron Bundle\n|-activate|p2b: Iron Bundle|move: Protect\n|\n|upkeep\n|turn|9\n|\n|t:|1700269179\n|move|p2a: Iron Hands|Fake Out|p1b: Regieleki\n|-damage|p1b: Regieleki|68\/100\n|cant|p1b: Regieleki|flinch\n|move|p2b: Iron Bundle|Freeze-Dry|p1a: Garganacl\n|-damage|p1a: Garganacl|73\/100\n|move|p1a: Garganacl|Salt Cure|p2b: Iron Bundle\n|-supereffective|p2b: Iron Bundle\n|-damage|p2b: Iron Bundle|42\/100\n|-start|p2b: Iron Bundle|Salt Cure\n|\n|-damage|p2b: Iron Bundle|17\/100|[from] Salt Cure\n|upkeep\n|turn|10\n|\n|t:|1700269203\n|move|p2b: Iron Bundle|Protect|p2b: Iron Bundle\n|-singleturn|p2b: Iron Bundle|Protect\n|move|p1b: Regieleki|Volt Switch|p2a: Iron Hands\n|-resisted|p2a: Iron Hands\n|-damage|p2a: Iron Hands|58\/100\n|\n|t:|1700269208\n|switch|p1b: Iron Hands|Iron Hands|100\/100|[from] Volt Switch\n|move|p1a: Garganacl|Recover|p1a: Garganacl\n|-heal|p1a: Garganacl|100\/100\n|move|p2a: Iron Hands|Drain Punch|p1b: Iron Hands\n|-damage|p1b: Iron Hands|73\/100\n|-heal|p2a: Iron Hands|72\/100|[from] drain|[of] p1b: Iron Hands\n|\n|-damage|p2b: Iron Bundle|0 fnt|[from] Salt Cure\n|faint|p2b: Iron Bundle\n|-end|p2b: Iron Bundle|Quark Drive|[silent]\n|upkeep\n|\n|t:|1700269223\n|switch|p2b: Chi-Yu|Chi-Yu, tera:Dark|18\/100\n|-damage|p2b: Chi-Yu|6\/100|[from] Stealth Rock\n|-ability|p2b: Chi-Yu|Beads of Ruin\n|turn|11\n|\n|t:|1700269237\n|move|p1b: Iron Hands|Fake Out|p2b: Chi-Yu\n|-damage|p2b: Chi-Yu|0 fnt\n|faint|p2b: Chi-Yu\n|move|p1a: Garganacl|Salt Cure|p2a: Iron Hands\n|-resisted|p2a: Iron Hands\n|-damage|p2a: Iron Hands|67\/100\n|-start|p2a: Iron Hands|Salt Cure\n|move|p2a: Iron Hands|Drain Punch|p1b: Iron Hands\n|-damage|p1b: Iron Hands|46\/100\n|-heal|p2a: Iron Hands|82\/100|[from] drain|[of] p1b: Iron Hands\n|\n|-damage|p2a: Iron Hands|70\/100|[from] Salt Cure\n|upkeep\n|\n|t:|1700269240\n|switch|p2b: Landorus|Landorus-Therian, M|58\/100\n|-damage|p2b: Landorus|46\/100|[from] Stealth Rock\n|-ability|p2b: Landorus|Intimidate|boost\n|-unboost|p1a: Garganacl|atk|1\n|-unboost|p1b: Iron Hands|atk|1\n|turn|12\n|\n|t:|1700269256\n|move|p2b: Landorus|Stomping Tantrum|p1b: Iron Hands\n|-supereffective|p1b: Iron Hands\n|-damage|p1b: Iron Hands|0 fnt\n|faint|p1b: Iron Hands\n|-end|p1b: Iron Hands|Quark Drive|[silent]\n|move|p1a: Garganacl|Salt Cure|p2b: Landorus\n|-damage|p2b: Landorus|34\/100\n|-start|p2b: Landorus|Salt Cure\n|move|p2a: Iron Hands|Wild Charge|p1a: Garganacl\n|-damage|p1a: Garganacl|68\/100\n|-damage|p2a: Iron Hands|53\/100|[from] item: Rocky Helmet|[of] p1a: Garganacl\n|-damage|p2a: Iron Hands|46\/100|[from] Recoil\n|\n|-damage|p2b: Landorus|22\/100|[from] Salt Cure\n|-damage|p2a: Iron Hands|34\/100|[from] Salt Cure\n|upkeep\n|\n|t:|1700269268\n|switch|p1b: Regieleki|Regieleki|68\/100\n|turn|13\n|\n|t:|1700269284\n|move|p1b: Regieleki|Tera Blast|p2b: Landorus\n|-damage|p2b: Landorus|0 fnt\n|faint|p2b: Landorus\n|move|p1a: Garganacl|Recover|p1a: Garganacl\n|-heal|p1a: Garganacl|100\/100\n|move|p2a: Iron Hands|Wild Charge|p1a: Garganacl\n|-damage|p1a: Garganacl|68\/100\n|-damage|p2a: Iron Hands|17\/100|[from] item: Rocky Helmet|[of] p1a: Garganacl\n|-damage|p2a: Iron Hands|11\/100|[from] Recoil\n|\n|-damage|p2a: Iron Hands|0 fnt|[from] Salt Cure\n|faint|p2a: Iron Hands\n|-end|p2a: Iron Hands|Quark Drive|[silent]\n|\n|win|CaptainGrungo\n|upkeep\n|raw|CaptainGrungo's rating: 1501 &rarr; <strong>1525<\/strong><br \/>(+24 for winning)\n|raw|PoliteGhost's rating: 1572 &rarr; <strong>1548<\/strong><br \/>(-24 for losing)\n","uploadtime":1700269296,"views":7,"p1id":"captaingrungo","p2id":"politeghost","formatid":"gen9doublesou","rating":1525,"private":0,"password":""}