{"id":"gen9doublesou-1990716868","p1":"1Nintendero+","p2":"Hadesll","format":"[Gen 9] Doubles OU","log":"|j|\u26061Nintendero+\n|j|\u2606Hadesll\n|t:|1699994350\n|gametype|doubles\n|player|p1|1Nintendero+|ingo|1000\n|player|p2|Hadesll|n|1082\n|teamsize|p1|6\n|teamsize|p2|6\n|gen|9\n|tier|[Gen 9] Doubles OU\n|rated|\n|rule|Species Clause: Limit one of each Pok\u00e9mon\n|rule|OHKO Clause: OHKO moves are banned\n|rule|Evasion Moves Clause: Evasion moves are banned\n|rule|Gravity Sleep Clause: The combination of sleep-inducing moves with imperfect accuracy and Gravity or Gigantamax Orbeetle are banned\n|rule|Endless Battle Clause: Forcing endless battles is banned\n|rule|HP Percentage Mod: HP is shown in percentages\n|clearpoke\n|poke|p1|Noivern, F|\n|poke|p1|Arcanine, M|\n|poke|p1|Sableye, F|\n|poke|p1|Gholdengo|\n|poke|p1|Chi-Yu|\n|poke|p1|Clefable, F|\n|poke|p2|Poliwrath, M|\n|poke|p2|Pelipper, F|\n|poke|p2|Bombirdier, M|\n|poke|p2|Sableye, M|\n|poke|p2|Rillaboom, M|\n|poke|p2|Infernape, M|\n|teampreview\n|\n|t:|1699994426\n|start\n|switch|p1a: Gholdengo|Gholdengo|100\/100\n|switch|p1b: Sableye|Sableye, F|100\/100\n|switch|p2a: Pelipper|Pelipper, F|100\/100\n|switch|p2b: Sableye|Sableye, M, shiny|100\/100\n|-weather|RainDance|[from] ability: Drizzle|[of] p2a: Pelipper\n|turn|1\n|\n|t:|1699994442\n|move|p1b: Sableye|Fake Out|p2a: Pelipper\n|-damage|p2a: Pelipper|92\/100\n|move|p2b: Sableye|Taunt|p1b: Sableye\n|-hint|Since gen 7, Dark is immune to Prankster moves.\n|-immune|p1b: Sableye\n|move|p1a: Gholdengo|Thunderbolt|p2a: Pelipper\n|-supereffective|p2a: Pelipper\n|-damage|p2a: Pelipper|0 fnt\n|faint|p2a: Pelipper\n|\n|-weather|RainDance|[upkeep]\n|upkeep\n|\n|t:|1699994451\n|switch|p2a: Poliwrath|Poliwrath, M|100\/100\n|turn|2\n|\n|t:|1699994493\n|-terastallize|p2a: Poliwrath|Poison\n|move|p1b: Sableye|Helping Hand|p1a: Gholdengo\n|-immune|p1a: Gholdengo|[from] ability: Good as Gold\n|move|p2b: Sableye|Trick|p1a: Gholdengo\n|-immune|p1a: Gholdengo|[from] ability: Good as Gold\n|move|p2a: Poliwrath|Belly Drum|p2a: Poliwrath\n|-damage|p2a: Poliwrath|50\/100\n|-setboost|p2a: Poliwrath|atk|6|[from] move: Belly Drum\n|-enditem|p2a: Poliwrath|Sitrus Berry|[eat]\n|-heal|p2a: Poliwrath|75\/100|[from] item: Sitrus Berry\n|move|p1a: Gholdengo|Thunderbolt|p2a: Poliwrath\n|-damage|p2a: Poliwrath|20\/100\n|\n|-weather|RainDance|[upkeep]\n|upkeep\n|turn|3\n|\n|t:|1699994548\n|switch|p1b: Clefable|Clefable, F|100\/100\n|move|p2b: Sableye|Shadow Sneak|p1a: Gholdengo\n|-supereffective|p1a: Gholdengo\n|-damage|p1a: Gholdengo|73\/100\n|move|p2a: Poliwrath|Liquidation|p1b: Clefable\n|-damage|p1b: Clefable|0 fnt\n|faint|p1b: Clefable\n|move|p1a: Gholdengo|Thunderbolt|p2a: Poliwrath\n|-damage|p2a: Poliwrath|0 fnt\n|faint|p2a: Poliwrath\n|\n|-weather|RainDance|[upkeep]\n|upkeep\n|\n|t:|1699994579\n|switch|p2a: Bombirdier|Bombirdier, M, shiny|100\/100\n|switch|p1b: Sableye|Sableye, F|100\/100\n|turn|4\n|\n|t:|1699994593\n|move|p1b: Sableye|Helping Hand|p1a: Gholdengo\n|-immune|p1a: Gholdengo|[from] ability: Good as Gold\n|move|p2a: Bombirdier|Sucker Punch|p1a: Gholdengo\n|-supereffective|p1a: Gholdengo\n|-damage|p1a: Gholdengo|2\/100\n|move|p2b: Sableye|Trick|p2a: Bombirdier\n|-activate|p2b: Sableye|move: Trick|[of] p2a: Bombirdier\n|-item|p2a: Bombirdier|Loaded Dice|[from] move: Trick\n|-item|p2b: Sableye|Assault Vest|[from] move: Trick\n|move|p1a: Gholdengo|Thunderbolt|p2a: Bombirdier\n|-supereffective|p2a: Bombirdier\n|-damage|p2a: Bombirdier|0 fnt\n|faint|p2a: Bombirdier\n|\n|-weather|RainDance|[upkeep]\n|upkeep\n|\n|t:|1699994614\n|switch|p2a: Rillaboom|Rillaboom, M|100\/100\n|-fieldstart|move: Grassy Terrain|[from] ability: Grassy Surge|[of] p2a: Rillaboom\n|turn|5\n|\n|t:|1699994636\n|switch|p1a: Arcanine|Arcanine, M|100\/100\n|-ability|p1a: Arcanine|Intimidate|boost\n|-unboost|p2a: Rillaboom|atk|1\n|-unboost|p2b: Sableye|atk|1\n|move|p2a: Rillaboom|Grassy Glide|p1a: Arcanine\n|-resisted|p1a: Arcanine\n|-damage|p1a: Arcanine|87\/100\n|move|p2b: Sableye|Shadow Sneak|p1a: Arcanine\n|-damage|p1a: Arcanine|80\/100\n|move|p1b: Sableye|Taunt|p2a: Rillaboom\n|-start|p2a: Rillaboom|move: Taunt\n|\n|-weather|RainDance|[upkeep]\n|-heal|p1a: Arcanine|86\/100|[from] Grassy Terrain\n|upkeep\n|turn|6\n|\n|t:|1699994671\n|switch|p2b: Infernape|Infernape, M, shiny|100\/100\n|switch|p1b: Noivern|Noivern, F|100\/100\n|move|p1a: Arcanine|Flare Blitz|p2a: Rillaboom\n|-supereffective|p2a: Rillaboom\n|-damage|p2a: Rillaboom|58\/100\n|-damage|p1a: Arcanine|72\/100|[from] Recoil\n|move|p2a: Rillaboom|Brick Break|p1a: Arcanine\n|-damage|p1a: Arcanine|56\/100\n|\n|-weather|RainDance|[upkeep]\n|-heal|p1a: Arcanine|63\/100|[from] Grassy Terrain\n|-heal|p2a: Rillaboom|64\/100|[from] Grassy Terrain\n|upkeep\n|turn|7\n|\n|t:|1699994696\n|switch|p1a: Gholdengo|Gholdengo|2\/100\n|move|p1b: Noivern|Boomburst|p2a: Rillaboom|[spread] p2a,p2b\n|-immune|p1a: Gholdengo\n|-damage|p2a: Rillaboom|7\/100\n|-damage|p2b: Infernape|39\/100\n|-enditem|p2a: Rillaboom|Mago Berry|[eat]\n|-heal|p2a: Rillaboom|40\/100|[from] item: Mago Berry\n|move|p2b: Infernape|Raging Fury|p1a: Gholdengo\n|-supereffective|p1a: Gholdengo\n|-damage|p1a: Gholdengo|0 fnt\n|faint|p1a: Gholdengo\n|move|p2a: Rillaboom|Brick Break|p1b: Noivern\n|-resisted|p1b: Noivern\n|-damage|p1b: Noivern|91\/100\n|\n|-weather|RainDance|[upkeep]\n|-heal|p2b: Infernape|45\/100|[from] Grassy Terrain\n|-heal|p2a: Rillaboom|46\/100|[from] Grassy Terrain\n|upkeep\n|\n|t:|1699994709\n|switch|p1a: Sableye|Sableye, F|100\/100\n|turn|8\n|\n|t:|1699994715\n|move|p1a: Sableye|Helping Hand|p1b: Noivern\n|-singleturn|p1b: Noivern|Helping Hand|[of] p1a: Sableye\n|move|p2a: Rillaboom|Grassy Glide|p1a: Sableye\n|-damage|p1a: Sableye|79\/100\n|move|p1b: Noivern|Boomburst|p2a: Rillaboom|[spread] p2a,p2b\n|-immune|p1a: Sableye\n|-damage|p2a: Rillaboom|0 fnt\n|-damage|p2b: Infernape|0 fnt\n|faint|p2a: Rillaboom\n|faint|p2b: Infernape\n|\n|-weather|none\n|-heal|p1a: Sableye|86\/100|[from] Grassy Terrain\n|-heal|p1a: Sableye|92\/100|[from] item: Leftovers\n|upkeep\n|\n|t:|1699994723\n|switch|p2a: Sableye|Sableye, M, shiny|100\/100\n|turn|9\n|c|\u2606Hadesll|lose some weight fatfuck\n|\n|t:|1699994733\n|switch|p1b: Chi-Yu|Chi-Yu|100\/100\n|-ability|p1b: Chi-Yu|Beads of Ruin\n|move|p2a: Sableye|Shadow Sneak|p1b: Chi-Yu\n|-resisted|p1b: Chi-Yu\n|-damage|p1b: Chi-Yu|91\/100\n|move|p1a: Sableye|Snarl|p2a: Sableye\n|-damage|p2a: Sableye|84\/100\n|-unboost|p2a: Sableye|spa|1\n|\n|-heal|p1b: Chi-Yu|97\/100|[from] Grassy Terrain\n|-heal|p2a: Sableye|90\/100|[from] Grassy Terrain\n|-heal|p1a: Sableye|98\/100|[from] Grassy Terrain\n|-heal|p1a: Sableye|100\/100|[from] item: Leftovers\n|-fieldend|move: Grassy Terrain\n|upkeep\n|turn|10\n|inactive|Battle timer is ON: inactive players will automatically lose when time's up. (requested by 1Nintendero+)\n|c|\u26061Nintendero+|??\n|inactive|Hadesll has 120 seconds left.\n|c|\u26061Nintendero+|it is my first time playing doubles lol\n|inactive|Hadesll has 90 seconds left.\n|inactive|Hadesll has 60 seconds left.\n|inactive|Hadesll has 30 seconds left.\n|inactive|Hadesll has 20 seconds left.\n|inactive|Hadesll has 15 seconds left.\n|inactive|Hadesll has 10 seconds left.\n|c|\u26061Nintendero+|have a nice day buddy\n|inactive|Hadesll has 5 seconds left.\n|-message|Hadesll lost due to inactivity.\n|\n|win|1Nintendero+\n|raw|1Nintendero+'s rating: 1000 &rarr; <strong>1049<\/strong><br \/>(+49 for winning)\n|raw|Hadesll's rating: 1082 &rarr; <strong>1055<\/strong><br \/>(-27 for losing)\n","uploadtime":1699994734,"views":4,"p1id":"1nintendero","p2id":"hadesll","formatid":"gen9doublesou","rating":1049,"private":0,"password":""}