{"id":"gen9doublesou-1975094423","p1":"ntoumis","p2":"ChimeBliss","format":"[Gen 9] Doubles OU","log":"|j|\u2606ntoumis\n|j|\u2606ChimeBliss\n|t:|1698161454\n|gametype|doubles\n|player|p1|ntoumis|bellepa|1370\n|player|p2|ChimeBliss|dawn-gen4pt|1461\n|teamsize|p1|6\n|teamsize|p2|6\n|gen|9\n|tier|[Gen 9] Doubles OU\n|rated|\n|rule|Species Clause: Limit one of each Pok\u00e9mon\n|rule|OHKO Clause: OHKO moves are banned\n|rule|Evasion Moves Clause: Evasion moves are banned\n|rule|Gravity Sleep Clause: The combination of sleep-inducing moves with imperfect accuracy and Gravity or Gigantamax Orbeetle are banned\n|rule|Endless Battle Clause: Forcing endless battles is banned\n|rule|HP Percentage Mod: HP is shown in percentages\n|clearpoke\n|poke|p1|Politoed, M|\n|poke|p1|Ogerpon-Wellspring, F|\n|poke|p1|Basculegion-F, F|\n|poke|p1|Rillaboom, M|\n|poke|p1|Volcanion|\n|poke|p1|Cacturne, M|\n|poke|p2|Chien-Pao|\n|poke|p2|Tornadus, M|\n|poke|p2|Dragonite, M|\n|poke|p2|Chi-Yu|\n|poke|p2|Flutter Mane|\n|poke|p2|Landorus, M|\n|teampreview\n|inactive|Battle timer is ON: inactive players will automatically lose when time's up. (requested by ChimeBliss)\n|inactive|ChimeBliss has 120 seconds left.\n|\n|t:|1698161487\n|start\n|switch|p1a: Politoed|Politoed, M|100\/100\n|switch|p1b: Volcanion|Volcanion|100\/100\n|switch|p2a: Tornadus|Tornadus, M|100\/100\n|switch|p2b: Flutter Mane|Flutter Mane|100\/100\n|-weather|RainDance|[from] ability: Drizzle|[of] p1a: Politoed\n|turn|1\n|\n|t:|1698161503\n|move|p1b: Volcanion|Protect|p1b: Volcanion\n|-singleturn|p1b: Volcanion|Protect\n|move|p2b: Flutter Mane|Shadow Ball|p1b: Volcanion\n|-activate|p1b: Volcanion|move: Protect\n|move|p2a: Tornadus|Bleakwind Storm|p1a: Politoed|[spread] p1a\n|-activate|p1b: Volcanion|move: Protect\n|-damage|p1a: Politoed|78\/100\n|move|p1a: Politoed|Icy Wind|p2a: Tornadus|[spread] p2a,p2b\n|-supereffective|p2a: Tornadus\n|-damage|p2a: Tornadus|77\/100\n|-damage|p2b: Flutter Mane|91\/100\n|-unboost|p2a: Tornadus|spe|1\n|-unboost|p2b: Flutter Mane|spe|1\n|\n|-weather|RainDance|[upkeep]\n|-heal|p1a: Politoed|85\/100|[from] item: Leftovers\n|upkeep\n|turn|2\n|\n|t:|1698161525\n|move|p2a: Tornadus|Tailwind|p2a: Tornadus\n|-sidestart|p2: ChimeBliss|move: Tailwind\n|move|p2b: Flutter Mane|Shadow Ball|p1b: Volcanion\n|-damage|p1b: Volcanion|35\/100\n|move|p1b: Volcanion|Steam Eruption|p2b: Flutter Mane\n|-damage|p2b: Flutter Mane|0 fnt\n|faint|p2b: Flutter Mane\n|-end|p2b: Flutter Mane|Protosynthesis|[silent]\n|move|p1a: Politoed|Surf|p2a: Tornadus|[spread] p2a\n|-heal|p1b: Volcanion|60\/100|[from] ability: Water Absorb|[of] p1a: Politoed\n|-damage|p2a: Tornadus|35\/100\n|\n|-weather|RainDance|[upkeep]\n|-heal|p1b: Volcanion|66\/100|[from] item: Leftovers\n|-heal|p1a: Politoed|91\/100|[from] item: Leftovers\n|upkeep\n|\n|t:|1698161541\n|switch|p2b: Chi-Yu|Chi-Yu|100\/100\n|-ability|p2b: Chi-Yu|Beads of Ruin\n|turn|3\n|\n|t:|1698161551\n|move|p2b: Chi-Yu|Dark Pulse|p1b: Volcanion\n|-damage|p1b: Volcanion|6\/100\n|move|p2a: Tornadus|Bleakwind Storm|p1a: Politoed|[spread] p1a,p1b\n|-damage|p1a: Politoed|60\/100\n|-damage|p1b: Volcanion|0 fnt\n|faint|p1b: Volcanion\n|move|p1a: Politoed|Surf|p2a: Tornadus|[spread] p2a,p2b\n|-supereffective|p2b: Chi-Yu\n|-damage|p2a: Tornadus|0 fnt\n|-damage|p2b: Chi-Yu|26\/100\n|faint|p2a: Tornadus\n|\n|-weather|RainDance|[upkeep]\n|-heal|p1a: Politoed|66\/100|[from] item: Leftovers\n|upkeep\n|\n|t:|1698161570\n|switch|p2a: Landorus|Landorus, M|100\/100\n|switch|p1b: Rillaboom|Rillaboom, M|100\/100\n|-fieldstart|move: Grassy Terrain|[from] ability: Grassy Surge|[of] p1b: Rillaboom\n|turn|4\n|\n|t:|1698161578\n|move|p1b: Rillaboom|Fake Out|p2b: Chi-Yu\n|-damage|p2b: Chi-Yu|1\/100\n|cant|p2b: Chi-Yu|flinch\n|move|p2a: Landorus|Sludge Bomb|p1b: Rillaboom\n|-supereffective|p1b: Rillaboom\n|-damage|p1b: Rillaboom|21\/100\n|move|p1a: Politoed|Icy Wind|p2a: Landorus|[spread] p2a,p2b\n|-supereffective|p2a: Landorus\n|-resisted|p2b: Chi-Yu\n|-damage|p2a: Landorus|39\/100\n|-damage|p2b: Chi-Yu|0 fnt\n|-unboost|p2a: Landorus|spe|1\n|faint|p2b: Chi-Yu\n|\n|-weather|RainDance|[upkeep]\n|-heal|p1b: Rillaboom|27\/100|[from] Grassy Terrain\n|-heal|p1a: Politoed|72\/100|[from] Grassy Terrain\n|-heal|p1a: Politoed|78\/100|[from] item: Leftovers\n|upkeep\n|\n|t:|1698161593\n|switch|p2b: Chien-Pao|Chien-Pao|100\/100\n|-ability|p2b: Chien-Pao|Sword of Ruin\n|turn|5\n|\n|t:|1698161611\n|switch|p1b: Basculegion|Basculegion-F, F|100\/100\n|move|p2b: Chien-Pao|Sucker Punch||[still]\n|-fail|p2b: Chien-Pao\n|move|p2a: Landorus|Earth Power|p1a: Politoed\n|-damage|p1a: Politoed|32\/100\n|move|p1a: Politoed|Icy Wind|p2b: Chien-Pao|[spread] p2a,p2b\n|-supereffective|p2a: Landorus\n|-resisted|p2b: Chien-Pao\n|-damage|p2a: Landorus|0 fnt\n|-damage|p2b: Chien-Pao|94\/100\n|-unboost|p2b: Chien-Pao|spe|1\n|faint|p2a: Landorus\n|\n|-weather|none\n|-heal|p2b: Chien-Pao|99\/100|[from] Grassy Terrain\n|-heal|p1a: Politoed|38\/100|[from] Grassy Terrain\n|-heal|p1a: Politoed|44\/100|[from] item: Leftovers\n|-sideend|p2: ChimeBliss|move: Tailwind\n|upkeep\n|\n|t:|1698161614\n|switch|p2a: Dragonite|Dragonite, M, shiny|100\/100\n|turn|6\n|\n|t:|1698161649\n|switch|p1a: Cacturne|Cacturne, M|100\/100\n|-enditem|p1a: Cacturne|Grassy Seed\n|-boost|p1a: Cacturne|def|1|[from] item: Grassy Seed\n|-terastallize|p2a: Dragonite|Normal\n|move|p2a: Dragonite|Extreme Speed|p1a: Cacturne\n|-damage|p1a: Cacturne|8\/100\n|move|p2b: Chien-Pao|Sucker Punch|p1b: Basculegion\n|-supereffective|p1b: Basculegion\n|-damage|p1b: Basculegion|0 fnt\n|faint|p1b: Basculegion\n|\n|-heal|p2b: Chien-Pao|100\/100|[from] Grassy Terrain\n|-heal|p1a: Cacturne|14\/100|[from] Grassy Terrain\n|upkeep\n|inactive|ntoumis has 120 seconds left.\n|\n|t:|1698161671\n|switch|p1b: Rillaboom|Rillaboom, M|27\/100\n|turn|7\n|\n|t:|1698161687\n|move|p1b: Rillaboom|Fake Out|p2a: Dragonite\n|-damage|p2a: Dragonite|83\/100\n|move|p2a: Dragonite|Extreme Speed|p1b: Rillaboom\n|-damage|p1b: Rillaboom|0 fnt\n|faint|p1b: Rillaboom\n|move|p2b: Chien-Pao|Sucker Punch|p1a: Cacturne\n|-resisted|p1a: Cacturne\n|-damage|p1a: Cacturne|0 fnt\n|faint|p1a: Cacturne\n|\n|-heal|p2a: Dragonite|90\/100|[from] Grassy Terrain\n|upkeep\n|\n|t:|1698161696\n|switch|p1b: Ogerpon|Ogerpon-Wellspring, F|100\/100\n|switch|p1a: Politoed|Politoed, M|44\/100\n|-weather|RainDance|[from] ability: Drizzle|[of] p1a: Politoed\n|turn|8\n|\n|t:|1698161712\n|move|p2a: Dragonite|Extreme Speed|p1a: Politoed\n|-damage|p1a: Politoed|0 fnt\n|faint|p1a: Politoed\n|move|p2b: Chien-Pao|Sucker Punch||[still]\n|-fail|p2b: Chien-Pao\n|move|p1b: Ogerpon|Swords Dance|p1b: Ogerpon\n|-boost|p1b: Ogerpon|atk|2\n|\n|-weather|RainDance|[upkeep]\n|-heal|p2a: Dragonite|96\/100|[from] Grassy Terrain\n|-fieldend|move: Grassy Terrain\n|upkeep\n|turn|9\n|\n|t:|1698161731\n|move|p1b: Ogerpon|Spiky Shield|p1b: Ogerpon\n|-singleturn|p1b: Ogerpon|move: Protect\n|move|p2a: Dragonite|Extreme Speed|p1b: Ogerpon\n|-activate|p1b: Ogerpon|move: Protect\n|-damage|p2a: Dragonite|83\/100|[from] Spiky Shield|[of] p1b: Ogerpon\n|move|p2b: Chien-Pao|Sucker Punch||[still]\n|-fail|p2b: Chien-Pao\n|\n|-weather|RainDance|[upkeep]\n|upkeep\n|turn|10\n|\n|t:|1698161743\n|move|p2a: Dragonite|Extreme Speed|p1b: Ogerpon\n|-damage|p1b: Ogerpon|28\/100\n|move|p2b: Chien-Pao|Sucker Punch||[still]\n|-fail|p2b: Chien-Pao\n|move|p1b: Ogerpon|Swords Dance|p1b: Ogerpon\n|-boost|p1b: Ogerpon|atk|2\n|\n|-weather|RainDance|[upkeep]\n|upkeep\n|turn|11\n|\n|t:|1698161754\n|move|p1b: Ogerpon|Spiky Shield|p1b: Ogerpon\n|-singleturn|p1b: Ogerpon|move: Protect\n|move|p2a: Dragonite|Extreme Speed|p1b: Ogerpon\n|-activate|p1b: Ogerpon|move: Protect\n|-damage|p2a: Dragonite|71\/100|[from] Spiky Shield|[of] p1b: Ogerpon\n|move|p2b: Chien-Pao|Sucker Punch||[still]\n|-fail|p2b: Chien-Pao\n|\n|-weather|RainDance|[upkeep]\n|upkeep\n|turn|12\n|-message|ntoumis forfeited.\n|\n|win|ChimeBliss\n|raw|ntoumis's rating: 1370 &rarr; <strong>1355<\/strong><br \/>(-15 for losing)\n|raw|ChimeBliss's rating: 1461 &rarr; <strong>1476<\/strong><br \/>(+15 for winning)\n|l|\u2606ntoumis\n","uploadtime":1698161768,"views":18,"p1id":"ntoumis","p2id":"chimebliss","formatid":"gen9doublesou","rating":1355,"private":0,"password":""}