{"id":"gen9doublesou-1972714615","p1":"amaterasu0903","p2":"Rexluser","format":"[Gen 9] Doubles OU","log":"|j|\u2606amaterasu0903\n|j|\u2606Rexluser\n|t:|1697883204\n|gametype|doubles\n|player|p1|amaterasu0903|aaron|1212\n|player|p2|Rexluser|2|1122\n|teamsize|p1|6\n|teamsize|p2|6\n|gen|9\n|tier|[Gen 9] Doubles OU\n|rated|\n|rule|Species Clause: Limit one of each Pok\u00e9mon\n|rule|OHKO Clause: OHKO moves are banned\n|rule|Evasion Moves Clause: Evasion moves are banned\n|rule|Gravity Sleep Clause: The combination of sleep-inducing moves with imperfect accuracy and Gravity or Gigantamax Orbeetle are banned\n|rule|Endless Battle Clause: Forcing endless battles is banned\n|rule|HP Percentage Mod: HP is shown in percentages\n|clearpoke\n|poke|p1|Leafeon, F|\n|poke|p1|Ninetales, F|\n|poke|p1|Tropius, F|\n|poke|p1|Charizard, F|\n|poke|p1|Lumineon, F|\n|poke|p1|Roaring Moon|\n|poke|p2|Chien-Pao|\n|poke|p2|Basculegion-F, F|\n|poke|p2|Goodra-Hisui, M|\n|poke|p2|Iron Hands|\n|poke|p2|Ogerpon-Hearthflame, F|\n|poke|p2|Tornadus, M|\n|teampreview\n|inactive|Battle timer is ON: inactive players will automatically lose when time's up. (requested by Rexluser)\n|\n|t:|1697883222\n|start\n|switch|p1a: Haruna|Tropius, F, shiny|100\/100\n|switch|p1b: Someoka|Roaring Moon, shiny|100\/100\n|switch|p2a: Tornadus|Tornadus, M|100\/100\n|switch|p2b: Chien-Pao|Chien-Pao|100\/100\n|-ability|p2b: Chien-Pao|Sword of Ruin\n|turn|1\n|\n|t:|1697883246\n|-end|p1b: Someoka|Protosynthesis|[silent]\n|switch|p1b: Hamano|Lumineon, F, shiny|100\/100\n|-terastallize|p1a: Haruna|Fighting\n|move|p2a: Tornadus|Tailwind|p2a: Tornadus\n|-sidestart|p2: Rexluser|move: Tailwind\n|move|p2b: Chien-Pao|Ice Spinner|p1a: Haruna\n|-damage|p1a: Haruna|14\/100\n|-enditem|p1a: Haruna|Sitrus Berry|[eat]\n|-heal|p1a: Haruna|39\/100|[from] item: Sitrus Berry\n|move|p1a: Haruna|Tera Blast|p2b: Chien-Pao|[anim] Tera Blast Fighting\n|-supereffective|p2b: Chien-Pao\n|-damage|p2b: Chien-Pao|0 fnt\n|faint|p2b: Chien-Pao\n|\n|-item|p1a: Haruna|Sitrus Berry|[from] ability: Harvest\n|upkeep\n|-enditem|p1a: Haruna|Sitrus Berry|[eat]\n|-heal|p1a: Haruna|64\/100|[from] item: Sitrus Berry\n|\n|t:|1697883264\n|switch|p2b: Iron Hands|Iron Hands|100\/100\n|turn|2\n|\n|t:|1697883277\n|switch|p1b: Nozaki|Ninetales, F|100\/100\n|-weather|SunnyDay|[from] ability: Drought|[of] p1b: Nozaki\n|move|p2a: Tornadus|Bleakwind Storm|p1a: Haruna|[spread] p1a,p1b\n|-supereffective|p1a: Haruna\n|-damage|p1a: Haruna|15\/100\n|-damage|p1b: Nozaki|51\/100\n|-unboost|p1a: Haruna|spe|1\n|-unboost|p1b: Nozaki|spe|1\n|move|p2b: Iron Hands|Wild Charge|p1b: Nozaki\n|-crit|p1b: Nozaki\n|-damage|p1b: Nozaki|0 fnt\n|faint|p1b: Nozaki\n|-damage|p2b: Iron Hands|93\/100|[from] Recoil\n|move|p1a: Haruna|Leech Seed|p2b: Iron Hands\n|-start|p2b: Iron Hands|move: Leech Seed\n|\n|-weather|SunnyDay|[upkeep]\n|-damage|p2b: Iron Hands|80\/100|[from] Leech Seed|[of] p1a: Haruna\n|-heal|p1a: Haruna|30\/100|[silent]\n|-item|p1a: Haruna|Sitrus Berry|[from] ability: Harvest\n|upkeep\n|-enditem|p1a: Haruna|Sitrus Berry|[eat]\n|-heal|p1a: Haruna|55\/100|[from] item: Sitrus Berry\n|inactive|amaterasu0903 has 120 seconds left.\n|\n|t:|1697883308\n|switch|p1b: Gouenji|Charizard, F|100\/100\n|turn|3\n|\n|t:|1697883322\n|move|p2a: Tornadus|Bleakwind Storm|p1a: Haruna|[spread] p1a\n|-miss|p2a: Tornadus|p1b: Gouenji\n|-supereffective|p1a: Haruna\n|-damage|p1a: Haruna|6\/100\n|move|p1b: Gouenji|Heat Wave|p2a: Tornadus|[spread] p2a,p2b\n|-damage|p2a: Tornadus|3\/100\n|-damage|p2b: Iron Hands|39\/100\n|move|p2b: Iron Hands|Wild Charge|p1b: Gouenji\n|-supereffective|p1b: Gouenji\n|-damage|p1b: Gouenji|0 fnt\n|faint|p1b: Gouenji\n|-damage|p2b: Iron Hands|24\/100|[from] Recoil\n|move|p1a: Haruna|Giga Drain|p2b: Iron Hands\n|-damage|p2b: Iron Hands|12\/100\n|-heal|p1a: Haruna|13\/100|[from] drain|[of] p2b: Iron Hands\n|\n|-weather|SunnyDay|[upkeep]\n|-damage|p2b: Iron Hands|0 fnt|[from] Leech Seed|[of] p1a: Haruna\n|-heal|p1a: Haruna|27\/100|[silent]\n|faint|p2b: Iron Hands\n|-end|p2b: Iron Hands|Quark Drive|[silent]\n|-item|p1a: Haruna|Sitrus Berry|[from] ability: Harvest\n|upkeep\n|-enditem|p1a: Haruna|Sitrus Berry|[eat]\n|-heal|p1a: Haruna|52\/100|[from] item: Sitrus Berry\n|inactive|amaterasu0903 has 120 seconds left.\n|\n|t:|1697883354\n|switch|p1b: Someoka|Roaring Moon, shiny|100\/100\n|switch|p2b: Ogerpon|Ogerpon-Hearthflame, F|100\/100\n|-ability|p2b: Ogerpon|Mold Breaker\n|-activate|p1b: Someoka|ability: Protosynthesis\n|-start|p1b: Someoka|protosynthesisatk\n|turn|4\n|\n|t:|1697883377\n|-terastallize|p2b: Ogerpon|Fire\n|detailschange|p2b: Ogerpon|Ogerpon-Hearthflame-Tera, F, tera:Fire\n|-ability|p2b: Ogerpon|Embody Aspect (Hearthflame)|boost\n|-boost|p2b: Ogerpon|atk|1\n|move|p2a: Tornadus|Bleakwind Storm|p1b: Someoka|[spread] \n|-miss|p2a: Tornadus|p1a: Haruna\n|-miss|p2a: Tornadus|p1b: Someoka\n|move|p2b: Ogerpon|Ivy Cudgel|p1b: Someoka\n|-resisted|p1b: Someoka\n|-damage|p1b: Someoka|0 fnt\n|faint|p1b: Someoka\n|-end|p1b: Someoka|Protosynthesis|[silent]\n|move|p1a: Haruna|Tailwind|p1a: Haruna\n|-sidestart|p1: amaterasu0903|move: Tailwind\n|\n|-weather|SunnyDay|[upkeep]\n|-sideend|p2: Rexluser|move: Tailwind\n|-item|p1a: Haruna|Sitrus Berry|[from] ability: Harvest\n|upkeep\n|inactive|amaterasu0903 has 120 seconds left.\n|\n|t:|1697883394\n|switch|p1b: Hamano|Lumineon, F, shiny|100\/100\n|turn|5\n|\n|t:|1697883408\n|move|p2a: Tornadus|Tailwind|p2a: Tornadus\n|-sidestart|p2: Rexluser|move: Tailwind\n|move|p1b: Hamano|Icy Wind|p2b: Ogerpon|[spread] p2a,p2b\n|-supereffective|p2a: Tornadus\n|-resisted|p2b: Ogerpon\n|-damage|p2a: Tornadus|0 fnt\n|-damage|p2b: Ogerpon|97\/100\n|-unboost|p2b: Ogerpon|spe|1\n|faint|p2a: Tornadus\n|move|p2b: Ogerpon|Horn Leech|p1b: Hamano\n|-supereffective|p1b: Hamano\n|-damage|p1b: Hamano|0 fnt\n|-heal|p2b: Ogerpon|100\/100|[from] drain|[of] p1b: Hamano\n|faint|p1b: Hamano\n|move|p1a: Haruna|Leech Seed|p2b: Ogerpon\n|-start|p2b: Ogerpon|move: Leech Seed\n|\n|-weather|SunnyDay|[upkeep]\n|-damage|p2b: Ogerpon|88\/100|[from] Leech Seed|[of] p1a: Haruna\n|-heal|p1a: Haruna|62\/100|[silent]\n|upkeep\n|\n|t:|1697883429\n|switch|p2a: Basculegion|Basculegion-F, F|100\/100\n|switch|p1b: Morimura|Leafeon, F, shiny|100\/100\n|-ability|p2a: Basculegion|Mold Breaker\n|turn|6\n|\n|t:|1697883442\n|move|p1b: Morimura|Solar Blade||[still]\n|-prepare|p1b: Morimura|Solar Blade\n|-anim|p1b: Morimura|Solar Blade|p2a: Basculegion\n|-supereffective|p2a: Basculegion\n|-damage|p2a: Basculegion|0 fnt\n|faint|p2a: Basculegion\n|-damage|p1b: Morimura|91\/100|[from] item: Life Orb\n|move|p2b: Ogerpon|Ivy Cudgel|p1b: Morimura\n|-supereffective|p1b: Morimura\n|-crit|p1b: Morimura\n|-damage|p1b: Morimura|0 fnt\n|faint|p1b: Morimura\n|move|p1a: Haruna|Tera Blast|p2b: Ogerpon|[anim] Tera Blast Fighting\n|-damage|p2b: Ogerpon|67\/100\n|\n|-weather|SunnyDay|[upkeep]\n|-damage|p2b: Ogerpon|55\/100|[from] Leech Seed|[of] p1a: Haruna\n|-heal|p1a: Haruna|72\/100|[silent]\n|upkeep\n|\n|t:|1697883450\n|switch|p2a: Goodra|Goodra-Hisui, M|100\/100\n|turn|7\n|\n|t:|1697883463\n|move|p2b: Ogerpon|Horn Leech|p1a: Haruna\n|-damage|p1a: Haruna|2\/100\n|-heal|p2b: Ogerpon|98\/100|[from] drain|[of] p1a: Haruna\n|-enditem|p1a: Haruna|Sitrus Berry|[eat]\n|-heal|p1a: Haruna|27\/100|[from] item: Sitrus Berry\n|move|p2a: Goodra|Flamethrower|p1a: Haruna\n|-damage|p1a: Haruna|2\/100\n|move|p1a: Haruna|Tera Blast|p2b: Ogerpon|[anim] Tera Blast Fighting\n|-damage|p2b: Ogerpon|75\/100\n|\n|-weather|SunnyDay|[upkeep]\n|-damage|p2b: Ogerpon|62\/100|[from] Leech Seed|[of] p1a: Haruna\n|-heal|p1a: Haruna|12\/100|[silent]\n|-sideend|p1: amaterasu0903|move: Tailwind\n|-item|p1a: Haruna|Sitrus Berry|[from] ability: Harvest\n|upkeep\n|-enditem|p1a: Haruna|Sitrus Berry|[eat]\n|-heal|p1a: Haruna|37\/100|[from] item: Sitrus Berry\n|turn|8\n|\n|t:|1697883480\n|move|p2b: Ogerpon|Horn Leech|p1a: Haruna\n|-damage|p1a: Haruna|0 fnt\n|-heal|p2b: Ogerpon|85\/100|[from] drain|[of] p1a: Haruna\n|faint|p1a: Haruna\n|\n|win|Rexluser\n|raw|amaterasu0903's rating: 1212 &rarr; <strong>1181<\/strong><br \/>(-31 for losing)\n|raw|Rexluser's rating: 1122 &rarr; <strong>1153<\/strong><br \/>(+31 for winning)\n","uploadtime":1697883489,"views":23,"p1id":"amaterasu0903","p2id":"rexluser","formatid":"gen9doublesou","rating":1153,"private":0,"password":""}