{"id":"gen9doublesou-1995891137","p1":"JPSP 233","p2":"Linxus888","format":"[Gen 9] Doubles OU","log":"|j|\u2606JPSP 233\n|j|\u2606Linxus888\n|t:|1700614175\n|gametype|doubles\n|player|p1|JPSP 233|hiker-gen4|1108\n|player|p2|Linxus888|kiawe|1065\n|teamsize|p1|6\n|teamsize|p2|6\n|gen|9\n|tier|[Gen 9] Doubles OU\n|rated|\n|rule|Species Clause: Limit one of each Pok\u00e9mon\n|rule|OHKO Clause: OHKO moves are banned\n|rule|Evasion Moves Clause: Evasion moves are banned\n|rule|Gravity Sleep Clause: The combination of sleep-inducing moves with imperfect accuracy and Gravity or Gigantamax Orbeetle are banned\n|rule|Endless Battle Clause: Forcing endless battles is banned\n|rule|HP Percentage Mod: HP is shown in percentages\n|clearpoke\n|poke|p1|Quaquaval, M|\n|poke|p1|Kilowattrel, M|\n|poke|p1|Brambleghast, M|\n|poke|p1|Toedscruel, M|\n|poke|p1|Orthworm, F|\n|poke|p1|Cyclizar, M|\n|poke|p2|Oricorio-Pom-Pom, M|\n|poke|p2|Volcarona, M|\n|poke|p2|Flamigo, M|\n|poke|p2|Grafaiai, F|\n|poke|p2|Slaking, M|\n|poke|p2|Espathra, M|\n|teampreview\n|inactive|Battle timer is ON: inactive players will automatically lose when time's up. (requested by JPSP 233)\n|\n|t:|1700614210\n|start\n|switch|p1a: Kilowattrel|Kilowattrel, M|100\/100\n|switch|p1b: Toedscruel|Toedscruel, M|100\/100\n|switch|p2a: Volcarona|Volcarona, M|100\/100\n|switch|p2b: Espathra|Espathra, M|100\/100\n|turn|1\n|inactive|Linxus888 has 120 seconds left.\n|\n|t:|1700614262\n|-terastallize|p2a: Volcarona|Flying\n|move|p1a: Kilowattrel|Tailwind|p1a: Kilowattrel\n|-sidestart|p1: JPSP 233|move: Tailwind\n|-start|p1a: Kilowattrel|Charge|Tailwind|[from] ability: Wind Power\n|move|p2b: Espathra|Calm Mind|p2b: Espathra\n|-boost|p2b: Espathra|spa|1\n|-boost|p2b: Espathra|spd|1\n|move|p2a: Volcarona|Quiver Dance|p2a: Volcarona\n|-boost|p2a: Volcarona|spa|1\n|-boost|p2a: Volcarona|spd|1\n|-boost|p2a: Volcarona|spe|1\n|move|p1b: Toedscruel|Spore|p2a: Volcarona\n|-status|p2a: Volcarona|slp|[from] move: Spore\n|\n|-ability|p2b: Espathra|Speed Boost|boost\n|-boost|p2b: Espathra|spe|1\n|upkeep\n|turn|2\n|inactive|Linxus888 has 120 seconds left.\n|\n|t:|1700614291\n|-terastallize|p1a: Kilowattrel|Electric\n|move|p1a: Kilowattrel|Volt Switch|p2a: Volcarona\n|-supereffective|p2a: Volcarona\n|-damage|p2a: Volcarona|0 fnt\n|faint|p2a: Volcarona\n|-end|p1a: Kilowattrel|Charge|[silent]\n|c|\u2606JPSP 233|Hi\n|\n|t:|1700614298\n|switch|p1a: Brambleghast|Brambleghast, M|100\/100|[from] Volt Switch\n|-ability|p1a: Brambleghast|Wind Rider|boost\n|-boost|p1a: Brambleghast|atk|1\n|move|p2b: Espathra|Calm Mind|p2b: Espathra\n|-boost|p2b: Espathra|spa|1\n|-boost|p2b: Espathra|spd|1\n|move|p1b: Toedscruel|Spikes|p2b: Espathra\n|-sidestart|p2: Linxus888|Spikes\n|\n|-ability|p2b: Espathra|Speed Boost|boost\n|-boost|p2b: Espathra|spe|1\n|upkeep\n|\n|t:|1700614309\n|switch|p2a: Flamigo|Flamigo, M|100\/100\n|-copyboost|p2a: Flamigo|p2b: Espathra|[from] ability: Costar\n|turn|3\n|inactive|Linxus888 has 120 seconds left.\n|\n|t:|1700614330\n|move|p2b: Espathra|Substitute|p2b: Espathra\n|-start|p2b: Espathra|Substitute\n|-damage|p2b: Espathra|76\/100\n|move|p2a: Flamigo|Copycat|p2a: Flamigo\n|move|p2a: Flamigo|Substitute|p2a: Flamigo|[from]move: Copycat\n|-start|p2a: Flamigo|Substitute\n|-damage|p2a: Flamigo|76\/100\n|move|p1a: Brambleghast|Poltergeist|p2b: Espathra|[miss]\n|-miss|p1a: Brambleghast|p2b: Espathra\n|move|p1b: Toedscruel|Spore||[still]\n|-fail|p1b: Toedscruel\n|\n|-heal|p2b: Espathra|82\/100|[from] item: Leftovers\n|-ability|p2b: Espathra|Speed Boost|boost\n|-boost|p2b: Espathra|spe|1\n|upkeep\n|turn|4\n|inactive|Linxus888 has 120 seconds left.\n|\n|t:|1700614355\n|move|p1b: Toedscruel|Rage Powder|p1b: Toedscruel\n|-singleturn|p1b: Toedscruel|move: Rage Powder\n|move|p2b: Espathra|Calm Mind|p2b: Espathra\n|-boost|p2b: Espathra|spa|1\n|-boost|p2b: Espathra|spd|1\n|move|p2a: Flamigo|Swords Dance|p2a: Flamigo\n|-boost|p2a: Flamigo|atk|2\n|move|p1a: Brambleghast|Poltergeist|p2b: Espathra\n|-activate|p2b: Espathra|move: Poltergeist|Leftovers\n|-supereffective|p2b: Espathra\n|-end|p2b: Espathra|Substitute\n|\n|-heal|p2b: Espathra|88\/100|[from] item: Leftovers\n|-sideend|p1: JPSP 233|move: Tailwind\n|-ability|p2b: Espathra|Speed Boost|boost\n|-boost|p2b: Espathra|spe|1\n|upkeep\n|turn|5\n|inactive|Linxus888 has 120 seconds left.\n|\n|t:|1700614382\n|move|p1a: Brambleghast|Shadow Sneak|p2b: Espathra\n|-supereffective|p2b: Espathra\n|-damage|p2b: Espathra|0 fnt\n|faint|p2b: Espathra\n|move|p2a: Flamigo|Acrobatics|p1a: Brambleghast\n|-supereffective|p1a: Brambleghast\n|-damage|p1a: Brambleghast|0 fnt\n|faint|p1a: Brambleghast\n|move|p1b: Toedscruel|Spikes|p2a: Flamigo\n|-sidestart|p2: Linxus888|Spikes\n|\n|upkeep\n|inactive|Linxus888 has 120 seconds left.\n|\n|t:|1700614396\n|switch|p2b: Slaking|Slaking, M|100\/100\n|switch|p1a: Cyclizar|Cyclizar, M|100\/100\n|-damage|p2b: Slaking|84\/100|[from] Spikes\n|turn|6\n|\n|t:|1700614414\n|move|p1b: Toedscruel|Rage Powder|p1b: Toedscruel\n|-singleturn|p1b: Toedscruel|move: Rage Powder\n|move|p2a: Flamigo|Acrobatics|p1b: Toedscruel\n|-supereffective|p1b: Toedscruel\n|-damage|p1b: Toedscruel|0 fnt\n|faint|p1b: Toedscruel\n|move|p1a: Cyclizar|Hyper Voice|p2b: Slaking|[spread] p2a,p2b\n|-damage|p2a: Flamigo|40\/100\n|-damage|p2b: Slaking|42\/100\n|move|p2b: Slaking|Drain Punch|p1a: Cyclizar\n|-supereffective|p1a: Cyclizar\n|-damage|p1a: Cyclizar|0 fnt\n|-heal|p2b: Slaking|70\/100|[from] drain|[of] p1a: Cyclizar\n|faint|p1a: Cyclizar\n|\n|-heal|p2b: Slaking|76\/100|[from] item: Leftovers\n|upkeep\n|\n|t:|1700614433\n|switch|p1a: Kilowattrel|Kilowattrel, M, tera:Electric|100\/100\n|switch|p1b: Quaquaval|Quaquaval, M|100\/100\n|turn|7\n|\n|t:|1700614449\n|move|p1b: Quaquaval|Protect|p1b: Quaquaval\n|-singleturn|p1b: Quaquaval|Protect\n|move|p2a: Flamigo|Roost|p2a: Flamigo\n|-heal|p2a: Flamigo|90\/100\n|-singleturn|p2a: Flamigo|move: Roost\n|move|p1a: Kilowattrel|Tailwind|p1a: Kilowattrel\n|-sidestart|p1: JPSP 233|move: Tailwind\n|-start|p1a: Kilowattrel|Charge|Tailwind|[from] ability: Wind Power\n|cant|p2b: Slaking|ability: Truant\n|\n|-heal|p2b: Slaking|82\/100|[from] item: Leftovers\n|upkeep\n|turn|8\n|\n|t:|1700614474\n|move|p1a: Kilowattrel|Electro Ball|p2b: Slaking\n|-damage|p2b: Slaking|0 fnt\n|faint|p2b: Slaking\n|-end|p1a: Kilowattrel|Charge|[silent]\n|move|p2a: Flamigo|Acrobatics|p1b: Quaquaval\n|-supereffective|p1b: Quaquaval\n|-crit|p1b: Quaquaval\n|-damage|p1b: Quaquaval|0 fnt\n|faint|p1b: Quaquaval\n|\n|upkeep\n|\n|t:|1700614484\n|switch|p1b: Orthworm|Orthworm, F|100\/100\n|switch|p2b: Oricorio|Oricorio-Pom-Pom, M, shiny|100\/100\n|turn|9\n|\n|t:|1700614508\n|move|p1a: Kilowattrel|Air Slash|p2a: Flamigo\n|-supereffective|p2a: Flamigo\n|-end|p2a: Flamigo|Substitute\n|move|p2a: Flamigo|Swords Dance|p2a: Flamigo\n|-boost|p2a: Flamigo|atk|2\n|-activate|p2b: Oricorio|ability: Dancer\n|move|p2b: Oricorio|Swords Dance|p2b: Oricorio|[from]ability: Dancer\n|-boost|p2b: Oricorio|atk|2\n|move|p1b: Orthworm|Iron Defense|p1b: Orthworm\n|-boost|p1b: Orthworm|def|2\n|move|p2b: Oricorio|Revelation Dance|p1a: Kilowattrel\n|-resisted|p1a: Kilowattrel\n|-damage|p1a: Kilowattrel|63\/100\n|\n|upkeep\n|turn|10\n|inactive|Linxus888 has 120 seconds left.\n|\n|t:|1700614543\n|move|p1a: Kilowattrel|Electro Ball|p2a: Flamigo\n|-supereffective|p2a: Flamigo\n|-damage|p2a: Flamigo|27\/100\n|move|p2a: Flamigo|Copycat|p2a: Flamigo\n|move|p2a: Flamigo|Electro Ball|p1a: Kilowattrel|[from]move: Copycat\n|-resisted|p1a: Kilowattrel\n|-damage|p1a: Kilowattrel|51\/100\n|move|p1b: Orthworm|Iron Defense|p1b: Orthworm\n|-boost|p1b: Orthworm|def|2\n|move|p2b: Oricorio|Revelation Dance|p1b: Orthworm\n|-damage|p1b: Orthworm|30\/100\n|\n|-heal|p1b: Orthworm|36\/100|[from] item: Leftovers\n|-sideend|p1: JPSP 233|move: Tailwind\n|upkeep\n|turn|11\n|inactive|JPSP 233 has 120 seconds left.\n|\n|t:|1700614575\n|move|p1b: Orthworm|Protect|p1b: Orthworm\n|-singleturn|p1b: Orthworm|Protect\n|move|p2a: Flamigo|Roost|p2a: Flamigo\n|-heal|p2a: Flamigo|77\/100\n|-singleturn|p2a: Flamigo|move: Roost\n|move|p1a: Kilowattrel|Tailwind|p1a: Kilowattrel\n|-sidestart|p1: JPSP 233|move: Tailwind\n|-start|p1a: Kilowattrel|Charge|Tailwind|[from] ability: Wind Power\n|move|p2b: Oricorio|Revelation Dance|p1b: Orthworm\n|-activate|p1b: Orthworm|move: Protect\n|\n|-heal|p1b: Orthworm|42\/100|[from] item: Leftovers\n|upkeep\n|turn|12\n|inactive|JPSP 233 has 120 seconds left.\n|\n|t:|1700614601\n|move|p1a: Kilowattrel|Electro Ball|p2b: Oricorio\n|-enditem|p2b: Oricorio|Focus Sash\n|-damage|p2b: Oricorio|1\/100\n|-end|p1a: Kilowattrel|Charge|[silent]\n|move|p2a: Flamigo|Acrobatics|p1a: Kilowattrel\n|-resisted|p1a: Kilowattrel\n|-damage|p1a: Kilowattrel|0 fnt\n|faint|p1a: Kilowattrel\n|move|p1b: Orthworm|Heavy Slam|p2a: Flamigo\n|-damage|p2a: Flamigo|15\/100\n|move|p2b: Oricorio|Revelation Dance|p1b: Orthworm\n|-damage|p1b: Orthworm|0 fnt\n|faint|p1b: Orthworm\n|\n|win|Linxus888\n|raw|JPSP 233's rating: 1108 &rarr; <strong>1080<\/strong><br \/>(-28 for losing)\n|raw|Linxus888's rating: 1065 &rarr; <strong>1099<\/strong><br \/>(+34 for winning)\n|l|\u2606JPSP 233\n","uploadtime":1700614620,"views":7,"p1id":"jpsp233","p2id":"linxus888","formatid":"gen9doublesou","rating":1080,"private":0,"password":""}