{"id":"gen9doublesou-1972023017","p1":"Daskhiel02","p2":"lpndd","format":"[Gen 9] Doubles OU","log":"|j|\u2606Daskhiel02\n|j|\u2606lpndd\n|t:|1697805833\n|gametype|doubles\n|player|p1|Daskhiel02|266|1306\n|player|p2|lpndd|1|1233\n|teamsize|p1|6\n|teamsize|p2|6\n|gen|9\n|tier|[Gen 9] Doubles OU\n|rated|\n|rule|Species Clause: Limit one of each Pok\u00e9mon\n|rule|OHKO Clause: OHKO moves are banned\n|rule|Evasion Moves Clause: Evasion moves are banned\n|rule|Gravity Sleep Clause: The combination of sleep-inducing moves with imperfect accuracy and Gravity or Gigantamax Orbeetle are banned\n|rule|Endless Battle Clause: Forcing endless battles is banned\n|rule|HP Percentage Mod: HP is shown in percentages\n|clearpoke\n|poke|p1|Indeedee-F, F|\n|poke|p1|Arcanine, F|\n|poke|p1|Noivern, F|\n|poke|p1|Sinistcha|\n|poke|p1|Ceruledge, F|\n|poke|p1|Kommo-o, M|\n|poke|p2|Ursaluna-Bloodmoon, M|\n|poke|p2|Oranguru, F|\n|poke|p2|Torkoal, F|\n|poke|p2|Cresselia, F|\n|poke|p2|Glastrier|\n|poke|p2|Kommo-o, M|\n|teampreview\n|\n|t:|1697805844\n|start\n|switch|p1a: Noivern|Noivern, F|100\/100\n|switch|p1b: Ceruledge|Ceruledge, F|100\/100\n|switch|p2a: Kommo-o|Kommo-o, M|100\/100\n|switch|p2b: Cresselia|Cresselia, F|100\/100\n|turn|1\n|inactive|Battle timer is ON: inactive players will automatically lose when time's up. (requested by lpndd)\n|\n|t:|1697805876\n|-terastallize|p1a: Noivern|Normal\n|move|p2a: Kommo-o|Protect|p2a: Kommo-o\n|-singleturn|p2a: Kommo-o|Protect\n|move|p1b: Ceruledge|Vacuum Wave|p1a: Noivern\n|-supereffective|p1a: Noivern\n|-damage|p1a: Noivern|85\/100\n|-enditem|p1a: Noivern|Weakness Policy\n|-boost|p1a: Noivern|atk|2|[from] item: Weakness Policy\n|-boost|p1a: Noivern|spa|2|[from] item: Weakness Policy\n|-damage|p1b: Ceruledge|91\/100|[from] item: Life Orb\n|move|p1a: Noivern|Boomburst|p2a: Kommo-o|[spread] p2b\n|-activate|p2a: Kommo-o|move: Protect\n|-immune|p1b: Ceruledge\n|-damage|p2b: Cresselia|38\/100\n|move|p2b: Cresselia|Trick Room|p2b: Cresselia\n|-fieldstart|move: Trick Room|[of] p2b: Cresselia\n|\n|-heal|p2b: Cresselia|44\/100|[from] item: Leftovers\n|upkeep\n|turn|2\n|\n|t:|1697805904\n|move|p1b: Ceruledge|Ally Switch|p1b: Ceruledge\n|swap|p1b: Ceruledge|0|[from] move: Ally Switch\n|move|p2b: Cresselia|Lunar Blessing|p2b: Cresselia|[spread] p2a,p2b\n|-heal|p2b: Cresselia|68\/100\n|move|p2a: Kommo-o|Boomburst|p1a: Ceruledge|[spread] p2b,p1b\n|-immune|p1a: Ceruledge\n|-damage|p2b: Cresselia|46\/100\n|-damage|p1b: Noivern|47\/100\n|move|p1b: Noivern|Boomburst|p2a: Kommo-o|[spread] p2a,p2b\n|-immune|p1a: Ceruledge\n|-damage|p2a: Kommo-o|20\/100\n|-damage|p2b: Cresselia|0 fnt\n|faint|p2b: Cresselia\n|\n|upkeep\n|inactive|lpndd has 120 seconds left.\n|\n|t:|1697805919\n|switch|p2b: Glastrier|Glastrier|100\/100\n|turn|3\n|\n|t:|1697805935\n|move|p1b: Noivern|Protect|p1b: Noivern\n|-singleturn|p1b: Noivern|Protect\n|move|p2b: Glastrier|Icicle Crash|p1b: Noivern\n|-activate|p1b: Noivern|move: Protect\n|move|p2a: Kommo-o|Clanging Scales|p1b: Noivern|[spread] p1a\n|-activate|p1b: Noivern|move: Protect\n|-damage|p1a: Ceruledge|53\/100\n|-unboost|p2a: Kommo-o|def|1\n|move|p1a: Ceruledge|Poltergeist|p2a: Kommo-o|[miss]\n|-miss|p1a: Ceruledge|p2a: Kommo-o\n|\n|upkeep\n|turn|4\n|\n|t:|1697805961\n|move|p2a: Kommo-o|Protect|p2a: Kommo-o\n|-singleturn|p2a: Kommo-o|Protect\n|move|p2b: Glastrier|High Horsepower|p1a: Ceruledge\n|-supereffective|p1a: Ceruledge\n|-damage|p1a: Ceruledge|0 fnt\n|faint|p1a: Ceruledge\n|-ability|p2b: Glastrier|Chilling Neigh|boost\n|-boost|p2b: Glastrier|atk|1\n|move|p1b: Noivern|Boomburst|p2a: Kommo-o|[spread] p2b\n|-activate|p2a: Kommo-o|move: Protect\n|-damage|p2b: Glastrier|34\/100\n|\n|-heal|p2b: Glastrier|40\/100|[from] item: Leftovers\n|upkeep\n|inactive|Daskhiel02 has 120 seconds left.\n|\n|t:|1697805982\n|switch|p1a: Kommo-o|Kommo-o, M|100\/100\n|turn|5\n|\n|t:|1697805997\n|move|p1a: Kommo-o|Protect|p1a: Kommo-o\n|-singleturn|p1a: Kommo-o|Protect\n|move|p1b: Noivern|Protect|p1b: Noivern\n|-singleturn|p1b: Noivern|Protect\n|move|p2b: Glastrier|Close Combat|p1b: Noivern\n|-activate|p1b: Noivern|move: Protect\n|move|p2a: Kommo-o|Clanging Scales|p1a: Kommo-o|[spread] \n|-activate|p1a: Kommo-o|move: Protect\n|-activate|p1b: Noivern|move: Protect\n|\n|-heal|p2b: Glastrier|46\/100|[from] item: Leftovers\n|-fieldend|move: Trick Room\n|upkeep\n|turn|6\n|\n|t:|1697806020\n|move|p2a: Kommo-o|Protect|p2a: Kommo-o\n|-singleturn|p2a: Kommo-o|Protect\n|move|p1b: Noivern|Boomburst|p2a: Kommo-o|[spread] p2b\n|-activate|p2a: Kommo-o|move: Protect\n|-immune|p1a: Kommo-o|[from] ability: Soundproof\n|-damage|p2b: Glastrier|0 fnt\n|faint|p2b: Glastrier\n|move|p1a: Kommo-o|Clangorous Soul|p1a: Kommo-o\n|-boost|p1a: Kommo-o|atk|1\n|-boost|p1a: Kommo-o|def|1\n|-boost|p1a: Kommo-o|spa|1\n|-boost|p1a: Kommo-o|spd|1\n|-boost|p1a: Kommo-o|spe|1\n|-damage|p1a: Kommo-o|68\/100\n|-enditem|p1a: Kommo-o|Throat Spray\n|-boost|p1a: Kommo-o|spa|1|[from] item: Throat Spray\n|\n|upkeep\n|-message|lpndd forfeited.\n|\n|win|Daskhiel02\n|raw|Daskhiel02's rating: 1306 &rarr; <strong>1322<\/strong><br \/>(+16 for winning)\n|raw|lpndd's rating: 1233 &rarr; <strong>1213<\/strong><br \/>(-20 for losing)\n|l|\u2606lpndd\n","uploadtime":1697806076,"views":11,"p1id":"daskhiel02","p2id":"lpndd","formatid":"gen9doublesou","rating":1213,"private":0,"password":""}