{"id":"gen9doublesou-1994778294","p1":"SD8008","p2":"DarkXaciver","format":"[Gen 9] Doubles OU","log":"|j|\u2606SD8008\n|j|\u2606DarkXaciver\n|t:|1700491852\n|gametype|doubles\n|player|p1|SD8008|acetrainerf|\n|player|p2|DarkXaciver|1|\n|teamsize|p1|6\n|teamsize|p2|6\n|gen|9\n|tier|[Gen 9] Doubles OU\n|rule|Species Clause: Limit one of each Pok\u00e9mon\n|rule|OHKO Clause: OHKO moves are banned\n|rule|Evasion Moves Clause: Evasion moves are banned\n|rule|Gravity Sleep Clause: The combination of sleep-inducing moves with imperfect accuracy and Gravity or Gigantamax Orbeetle are banned\n|rule|Endless Battle Clause: Forcing endless battles is banned\n|rule|HP Percentage Mod: HP is shown in percentages\n|clearpoke\n|poke|p1|Sneasler, M|\n|poke|p1|Amoonguss, M|\n|poke|p1|Iron Moth|\n|poke|p1|Gengar, F|\n|poke|p1|Weezing-Galar, M|\n|poke|p1|Fezandipiti, M|\n|poke|p2|Grimmsnarl, M|\n|poke|p2|Roaring Moon|\n|poke|p2|Ting-Lu|\n|poke|p2|Hoopa-Unbound|\n|poke|p2|Chi-Yu|\n|poke|p2|Kingambit, M|\n|teampreview\n|inactive|Battle timer is ON: inactive players will automatically lose when time's up. (requested by SD8008)\n|inactive|DarkXaciver has 270 seconds left.\n|\n|t:|1700491910\n|start\n|switch|p1a: Sneasler|Sneasler, M, shiny|100\/100\n|switch|p1b: Iron Moth|Iron Moth, shiny|100\/100\n|switch|p2a: Grimmsnarl|Grimmsnarl, M|100\/100\n|switch|p2b: Chi-Yu|Chi-Yu|100\/100\n|-ability|p2b: Chi-Yu|Beads of Ruin\n|-enditem|p1b: Iron Moth|Booster Energy\n|-activate|p1b: Iron Moth|ability: Quark Drive|[fromitem]\n|-start|p1b: Iron Moth|quarkdrivespe\n|turn|1\n|\n|t:|1700491936\n|move|p1a: Sneasler|Fake Out|p2a: Grimmsnarl\n|-damage|p2a: Grimmsnarl|83\/100\n|cant|p2a: Grimmsnarl|flinch\n|move|p1b: Iron Moth|Dazzling Gleam|p2a: Grimmsnarl|[spread] p2a,p2b\n|-supereffective|p2a: Grimmsnarl\n|-damage|p2a: Grimmsnarl|39\/100\n|-damage|p2b: Chi-Yu|76\/100\n|move|p2b: Chi-Yu|Psychic|p1b: Iron Moth\n|-supereffective|p1b: Iron Moth\n|-damage|p1b: Iron Moth|0 fnt\n|faint|p1b: Iron Moth\n|-end|p1b: Iron Moth|Quark Drive|[silent]\n|\n|upkeep\n|inactive|SD8008 has 270 seconds left.\n|\n|t:|1700491967\n|switch|p1b: Weezing|Weezing-Galar, M|100\/100\n|-fieldstart|move: Misty Terrain|[from] ability: Misty Surge|[of] p1b: Weezing\n|-enditem|p1a: Sneasler|Misty Seed\n|-boost|p1a: Sneasler|spd|1|[from] item: Misty Seed\n|turn|2\n|inactive|SD8008 has 270 seconds left.\n|\n|t:|1700491979\n|move|p2a: Grimmsnarl|Light Screen|p2a: Grimmsnarl\n|-sidestart|p2: DarkXaciver|move: Light Screen\n|move|p1a: Sneasler|Brick Break|p2b: Chi-Yu\n|-sideend|p2: DarkXaciver|move: Light Screen\n|-supereffective|p2b: Chi-Yu\n|-damage|p2b: Chi-Yu|0 fnt\n|faint|p2b: Chi-Yu\n|move|p1b: Weezing|Sludge Bomb|p2a: Grimmsnarl\n|-supereffective|p2a: Grimmsnarl\n|-damage|p2a: Grimmsnarl|0 fnt\n|faint|p2a: Grimmsnarl\n|\n|upkeep\n|\n|t:|1700491998\n|switch|p2b: Hoopa|Hoopa-Unbound|100\/100\n|switch|p2a: Roaring Moon|Roaring Moon|100\/100\n|-enditem|p2a: Roaring Moon|Booster Energy\n|-activate|p2a: Roaring Moon|ability: Protosynthesis|[fromitem]\n|-start|p2a: Roaring Moon|protosynthesisatk\n|turn|3\n|\n|t:|1700492020\n|move|p1a: Sneasler|Brick Break|p2a: Roaring Moon\n|-supereffective|p2a: Roaring Moon\n|-damage|p2a: Roaring Moon|0 fnt\n|faint|p2a: Roaring Moon\n|-end|p2a: Roaring Moon|Protosynthesis|[silent]\n|move|p2b: Hoopa|Focus Blast|p1b: Weezing\n|-resisted|p1b: Weezing\n|-damage|p1b: Weezing|84\/100\n|move|p1b: Weezing|Strange Steam|p2b: Hoopa\n|-supereffective|p2b: Hoopa\n|-damage|p2b: Hoopa|52\/100\n|\n|-heal|p1b: Weezing|90\/100|[from] item: Black Sludge\n|upkeep\n|\n|t:|1700492039\n|switch|p2a: Ting-Lu|Ting-Lu|100\/100\n|-ability|p2a: Ting-Lu|Vessel of Ruin\n|turn|4\n|inactive|SD8008 has 270 seconds left.\n|\n|t:|1700492076\n|switch|p1a: Amoonguss|Amoonguss, M, shiny|100\/100\n|move|p2b: Hoopa|Focus Blast|p1b: Weezing\n|-resisted|p1b: Weezing\n|-damage|p1b: Weezing|77\/100\n|move|p1b: Weezing|Will-O-Wisp|p2a: Ting-Lu\n|-activate|p2a: Ting-Lu|move: Misty Terrain\n|move|p2a: Ting-Lu|Earthquake|p1b: Weezing|[spread] p2b,p1a,p1b\n|-supereffective|p1b: Weezing\n|-damage|p2b: Hoopa|8\/100\n|-damage|p1a: Amoonguss|79\/100\n|-damage|p1b: Weezing|43\/100\n|\n|-heal|p1b: Weezing|49\/100|[from] item: Black Sludge\n|upkeep\n|turn|5\n|c|\u2606SD8008|o wait\n|inactive|SD8008 has 270 seconds left.\n|\n|t:|1700492105\n|move|p2b: Hoopa|Focus Blast|p1a: Amoonguss\n|-resisted|p1a: Amoonguss\n|-damage|p1a: Amoonguss|64\/100\n|move|p1b: Weezing|Strange Steam|p2a: Ting-Lu\n|-supereffective|p2a: Ting-Lu\n|-damage|p2a: Ting-Lu|77\/100\n|move|p2a: Ting-Lu|Stealth Rock|p1b: Weezing\n|-sidestart|p1: SD8008|move: Stealth Rock\n|move|p1a: Amoonguss|Pollen Puff|p1b: Weezing\n|-heal|p1b: Weezing|99\/100\n|\n|-heal|p1b: Weezing|100\/100|[from] item: Black Sludge\n|-heal|p2a: Ting-Lu|83\/100|[from] item: Leftovers\n|upkeep\n|turn|6\n|inactive|SD8008 has 270 seconds left.\n|\n|t:|1700492149\n|move|p1a: Amoonguss|Rage Powder|p1a: Amoonguss\n|-singleturn|p1a: Amoonguss|move: Rage Powder\n|move|p2b: Hoopa|Focus Blast|p1a: Amoonguss\n|-resisted|p1a: Amoonguss\n|-damage|p1a: Amoonguss|49\/100\n|-enditem|p1a: Amoonguss|Sitrus Berry|[eat]\n|-heal|p1a: Amoonguss|74\/100|[from] item: Sitrus Berry\n|move|p1b: Weezing|Defog|p2a: Ting-Lu\n|-unboost|p2a: Ting-Lu|evasion|1\n|-sideend|p1: SD8008|Stealth Rock|[from] move: Defog|[of] p1b: Weezing\n|-fieldend|Misty Terrain\n|move|p2a: Ting-Lu|Earthquake|p1a: Amoonguss|[spread] p2b,p1a,p1b\n|-supereffective|p1b: Weezing\n|-damage|p2b: Hoopa|0 fnt\n|-damage|p1a: Amoonguss|49\/100\n|-damage|p1b: Weezing|64\/100\n|faint|p2b: Hoopa\n|\n|-heal|p1b: Weezing|70\/100|[from] item: Black Sludge\n|-heal|p2a: Ting-Lu|89\/100|[from] item: Leftovers\n|upkeep\n|inactive|DarkXaciver has 270 seconds left.\n|\n|t:|1700492165\n|switch|p2b: Kingambit|Kingambit, M|100\/100\n|-activate|p2b: Kingambit|ability: Supreme Overlord\n|-start|p2b: Kingambit|fallen4|[silent]\n|turn|7\n|inactive|SD8008 has 270 seconds left.\n|\n|t:|1700492180\n|move|p1a: Amoonguss|Rage Powder|p1a: Amoonguss\n|-singleturn|p1a: Amoonguss|move: Rage Powder\n|move|p2b: Kingambit|Zen Headbutt|p1a: Amoonguss\n|-supereffective|p1a: Amoonguss\n|-damage|p1a: Amoonguss|0 fnt\n|faint|p1a: Amoonguss\n|move|p1b: Weezing|Will-O-Wisp|p2b: Kingambit|[miss]\n|-miss|p1b: Weezing|p2b: Kingambit\n|move|p2a: Ting-Lu|Stone Edge|p1b: Weezing\n|-damage|p1b: Weezing|54\/100\n|\n|-heal|p1b: Weezing|60\/100|[from] item: Black Sludge\n|-heal|p2a: Ting-Lu|95\/100|[from] item: Leftovers\n|upkeep\n|inactive|SD8008 has 270 seconds left.\n|\n|t:|1700492208\n|switch|p1a: Sneasler|Sneasler, M, shiny|100\/100\n|turn|8\n|inactive|SD8008 has 270 seconds left.\n|\n|t:|1700492228\n|move|p1a: Sneasler|Brick Break|p2b: Kingambit\n|-supereffective|p2b: Kingambit\n|-damage|p2b: Kingambit|0 fnt\n|faint|p2b: Kingambit\n|-end|p2b: Kingambit|fallen4|[silent]\n|move|p1b: Weezing|Will-O-Wisp|p2a: Ting-Lu\n|-status|p2a: Ting-Lu|brn\n|move|p2a: Ting-Lu|Whirlwind|p1b: Weezing\n|drag|p1b: Gengar|Gengar, F|100\/100\n|\n|-heal|p2a: Ting-Lu|100\/100 brn|[from] item: Leftovers\n|-damage|p2a: Ting-Lu|94\/100 brn|[from] brn\n|upkeep\n|turn|9\n|\n|t:|1700492240\n|move|p1b: Gengar|Trick|p2a: Ting-Lu\n|-activate|p1b: Gengar|move: Trick|[of] p2a: Ting-Lu\n|-item|p2a: Ting-Lu|Choice Scarf|[from] move: Trick\n|-item|p1b: Gengar|Leftovers|[from] move: Trick\n|move|p1a: Sneasler|Swords Dance|p1a: Sneasler\n|-boost|p1a: Sneasler|atk|2\n|move|p2a: Ting-Lu|Earthquake|p1a: Sneasler|[spread] p1a,p1b\n|-supereffective|p1a: Sneasler\n|-supereffective|p1b: Gengar\n|-crit|p1b: Gengar\n|-damage|p1a: Sneasler|55\/100\n|-damage|p1b: Gengar|19\/100\n|\n|-heal|p1b: Gengar|25\/100|[from] item: Leftovers\n|-damage|p2a: Ting-Lu|88\/100 brn|[from] brn\n|upkeep\n|turn|10\n|inactive|SD8008 has 270 seconds left.\n|\n|t:|1700492285\n|move|p1a: Sneasler|Fake Out||[still]\n|-hint|Fake Out only works on your first turn out.\n|-fail|p1a: Sneasler\n|move|p1b: Gengar|Disable|p2a: Ting-Lu\n|-start|p2a: Ting-Lu|Disable|Earthquake\n|cant|p2a: Ting-Lu|Disable|Earthquake\n|\n|-heal|p1b: Gengar|31\/100|[from] item: Leftovers\n|-damage|p2a: Ting-Lu|82\/100 brn|[from] brn\n|upkeep\n|turn|11\n|inactive|SD8008 has 270 seconds left.\n|\n|t:|1700492306\n|switch|p1a: Fezandipiti|Fezandipiti, M|100\/100\n|move|p1b: Gengar|Disable||[still]\n|-fail|p1b: Gengar\n|-activate|p2a: Ting-Lu|move: Struggle\n|move|p2a: Ting-Lu|Struggle|p1a: Fezandipiti\n|-damage|p1a: Fezandipiti|92\/100\n|-damage|p2a: Ting-Lu|57\/100 brn|[from] recoil\n|\n|-heal|p1b: Gengar|37\/100|[from] item: Leftovers\n|-damage|p2a: Ting-Lu|50\/100 brn|[from] brn\n|upkeep\n|turn|12\n|\n|t:|1700492320\n|move|p1a: Fezandipiti|Protect|p1a: Fezandipiti\n|-singleturn|p1a: Fezandipiti|Protect\n|move|p1b: Gengar|Disable||[still]\n|-fail|p1b: Gengar\n|-activate|p2a: Ting-Lu|move: Struggle\n|move|p2a: Ting-Lu|Struggle|p1b: Gengar\n|-damage|p1b: Gengar|25\/100\n|-damage|p2a: Ting-Lu|25\/100 brn|[from] recoil\n|\n|-heal|p1b: Gengar|31\/100|[from] item: Leftovers\n|-damage|p2a: Ting-Lu|19\/100 brn|[from] brn\n|upkeep\n|turn|13\n|\n|t:|1700492331\n|switch|p1b: Weezing|Weezing-Galar, M|60\/100\n|-fieldstart|move: Misty Terrain|[from] ability: Misty Surge|[of] p1b: Weezing\n|move|p1a: Fezandipiti|Protect|p1a: Fezandipiti\n|-singleturn|p1a: Fezandipiti|Protect\n|-activate|p2a: Ting-Lu|move: Struggle\n|move|p2a: Ting-Lu|Struggle|p1b: Weezing\n|-damage|p1b: Weezing|56\/100\n|-damage|p2a: Ting-Lu|0 fnt|[from] recoil\n|faint|p2a: Ting-Lu\n|\n|win|SD8008\n|l|\u2606SD8008\n|l|\u2606DarkXaciver\n|j|\u2606SD8008\n|player|p1|SD8008|acetrainerf\n","uploadtime":1700492717,"views":2,"p1id":"sd8008","p2id":"darkxaciver","formatid":"gen9doublesou","rating":0,"private":0,"password":""}