{"id":"gen9doublesou-1996759034","p1":"PoliteGhost","p2":"hehe666","format":"[Gen 9] Doubles OU","log":"|j|\u2606PoliteGhost\n|j|\u2606hehe666\n|t:|1700720380\n|gametype|doubles\n|player|p1|PoliteGhost|giovanni|1467\n|player|p2|hehe666|cynthia|1379\n|teamsize|p1|6\n|teamsize|p2|6\n|gen|9\n|tier|[Gen 9] Doubles OU\n|rated|\n|rule|Species Clause: Limit one of each Pok\u00e9mon\n|rule|OHKO Clause: OHKO moves are banned\n|rule|Evasion Moves Clause: Evasion moves are banned\n|rule|Gravity Sleep Clause: The combination of sleep-inducing moves with imperfect accuracy and Gravity or Gigantamax Orbeetle are banned\n|rule|Endless Battle Clause: Forcing endless battles is banned\n|rule|HP Percentage Mod: HP is shown in percentages\n|clearpoke\n|poke|p1|Chi-Yu|\n|poke|p1|Ursaluna-Bloodmoon, M|\n|poke|p1|Goodra-Hisui, M|\n|poke|p1|Iron Hands|\n|poke|p1|Ogerpon-Wellspring, F|\n|poke|p1|Tornadus, M|\n|poke|p2|Toxapex, F|\n|poke|p2|Ambipom, F|\n|poke|p2|Klefki, M|\n|poke|p2|Enamorus, F|\n|poke|p2|Sinistcha-Masterpiece|\n|poke|p2|Clefairy, F|\n|teampreview\n|\n|t:|1700720393\n|start\n|switch|p1a: Tornadus|Tornadus, M|100\/100\n|switch|p1b: Ursaluna|Ursaluna-Bloodmoon, M|100\/100\n|switch|p2a: Enamorus|Enamorus, F|100\/100\n|switch|p2b: Klefki|Klefki, M|100\/100\n|turn|1\n|\n|t:|1700720413\n|move|p1a: Tornadus|Tailwind|p1a: Tornadus\n|-sidestart|p1: PoliteGhost|move: Tailwind\n|move|p2b: Klefki|Metal Sound|p2a: Enamorus\n|-boost|p2a: Enamorus|spd|2\n|move|p2a: Enamorus|Superpower|p1a: Tornadus\n|-resisted|p1a: Tornadus\n|-damage|p1a: Tornadus|76\/100\n|-boost|p2a: Enamorus|atk|1\n|-boost|p2a: Enamorus|def|1\n|move|p1b: Ursaluna|Blood Moon|p2a: Enamorus\n|-damage|p2a: Enamorus|52\/100\n|-damage|p1b: Ursaluna|90\/100|[from] item: Life Orb\n|\n|upkeep\n|turn|2\n|\n|t:|1700720439\n|move|p2b: Klefki|Metal Sound|p2a: Enamorus|[miss]\n|-miss|p2b: Klefki|p2a: Enamorus\n|move|p1a: Tornadus|Icy Wind|p2a: Enamorus|[spread] p2a,p2b\n|-supereffective|p2a: Enamorus\n|-resisted|p2b: Klefki\n|-damage|p2a: Enamorus|38\/100\n|-damage|p2b: Klefki|93\/100\n|-boost|p2a: Enamorus|spe|1\n|-unboost|p2b: Klefki|spe|1\n|move|p2a: Enamorus|Superpower|p1b: Ursaluna\n|-supereffective|p1b: Ursaluna\n|-damage|p1b: Ursaluna|31\/100\n|-boost|p2a: Enamorus|atk|1\n|-boost|p2a: Enamorus|def|1\n|move|p1b: Ursaluna|Hyper Voice|p2a: Enamorus|[spread] p2a,p2b\n|-resisted|p2b: Klefki\n|-damage|p2a: Enamorus|13\/100\n|-damage|p2b: Klefki|65\/100\n|-damage|p1b: Ursaluna|21\/100|[from] item: Life Orb\n|\n|upkeep\n|turn|3\n|\n|t:|1700720476\n|switch|p1b: Iron Hands|Iron Hands|100\/100\n|switch|p2b: Sinistcha|Sinistcha-Masterpiece|100\/100\n|-heal|p2a: Enamorus|38\/100|[from] ability: Hospitality|[of] p2b: Sinistcha\n|move|p1a: Tornadus|Icy Wind|p2b: Sinistcha|[spread] p2a,p2b\n|-supereffective|p2a: Enamorus\n|-supereffective|p2b: Sinistcha\n|-damage|p2a: Enamorus|24\/100\n|-damage|p2b: Sinistcha|71\/100\n|-boost|p2a: Enamorus|spe|1\n|-unboost|p2b: Sinistcha|spe|1\n|move|p2a: Enamorus|Superpower|p1b: Iron Hands\n|-damage|p1b: Iron Hands|64\/100\n|-boost|p2a: Enamorus|atk|1\n|-boost|p2a: Enamorus|def|1\n|\n|-heal|p2b: Sinistcha|77\/100|[from] item: Leftovers\n|upkeep\n|turn|4\n|\n|t:|1700720501\n|move|p1b: Iron Hands|Fake Out|p2a: Enamorus\n|-damage|p2a: Enamorus|17\/100\n|move|p1a: Tornadus|Icy Wind|p2b: Sinistcha|[spread] p2b\n|-miss|p1a: Tornadus|p2a: Enamorus\n|-supereffective|p2b: Sinistcha\n|-damage|p2b: Sinistcha|50\/100\n|-unboost|p2b: Sinistcha|spe|1\n|cant|p2a: Enamorus|flinch\n|move|p2b: Sinistcha|Life Dew|p2b: Sinistcha|[spread] p2a,p2b\n|-heal|p2a: Enamorus|42\/100\n|-heal|p2b: Sinistcha|75\/100\n|\n|-heal|p2b: Sinistcha|81\/100|[from] item: Leftovers\n|-sideend|p1: PoliteGhost|move: Tailwind\n|upkeep\n|turn|5\n|\n|t:|1700720522\n|move|p1a: Tornadus|Tailwind|p1a: Tornadus\n|-sidestart|p1: PoliteGhost|move: Tailwind\n|move|p2a: Enamorus|Superpower|p1b: Iron Hands\n|-damage|p1b: Iron Hands|13\/100\n|-boost|p2a: Enamorus|atk|1\n|-boost|p2a: Enamorus|def|1\n|move|p1b: Iron Hands|Wild Charge|p2a: Enamorus\n|-supereffective|p2a: Enamorus\n|-damage|p2a: Enamorus|2\/100\n|-damage|p1b: Iron Hands|7\/100|[from] Recoil\n|move|p2b: Sinistcha|Life Dew|p2b: Sinistcha|[spread] p2a,p2b\n|-heal|p2a: Enamorus|26\/100\n|-heal|p2b: Sinistcha|100\/100\n|\n|upkeep\n|turn|6\n|\n|t:|1700720541\n|move|p1a: Tornadus|Icy Wind|p2a: Enamorus|[spread] p2b\n|-miss|p1a: Tornadus|p2a: Enamorus\n|-supereffective|p2b: Sinistcha\n|-damage|p2b: Sinistcha|73\/100\n|-unboost|p2b: Sinistcha|spe|1\n|move|p2a: Enamorus|Superpower|p1b: Iron Hands\n|-damage|p1b: Iron Hands|0 fnt\n|-boost|p2a: Enamorus|atk|1\n|-boost|p2a: Enamorus|def|1\n|faint|p1b: Iron Hands\n|-end|p1b: Iron Hands|Quark Drive|[silent]\n|move|p2b: Sinistcha|Life Dew|p2b: Sinistcha|[spread] p2a,p2b\n|-heal|p2a: Enamorus|51\/100\n|-heal|p2b: Sinistcha|99\/100\n|\n|-heal|p2b: Sinistcha|100\/100|[from] item: Leftovers\n|upkeep\n|\n|t:|1700720552\n|switch|p1b: Goodra|Goodra-Hisui, M|100\/100\n|turn|7\n|\n|t:|1700720572\n|move|p1a: Tornadus|Icy Wind|p2b: Sinistcha|[spread] p2a,p2b\n|-supereffective|p2a: Enamorus\n|-supereffective|p2b: Sinistcha\n|-damage|p2a: Enamorus|39\/100\n|-damage|p2b: Sinistcha|69\/100\n|-boost|p2a: Enamorus|spe|1\n|-unboost|p2b: Sinistcha|spe|1\n|move|p2a: Enamorus|Superpower|p1b: Goodra\n|-supereffective|p1b: Goodra\n|-damage|p1b: Goodra|0 fnt\n|-boost|p2a: Enamorus|atk|1\n|-boost|p2a: Enamorus|def|1\n|-damage|p2a: Enamorus|22\/100|[from] item: Rocky Helmet|[of] p1b: Goodra\n|faint|p1b: Goodra\n|move|p2b: Sinistcha|Life Dew|p2b: Sinistcha|[spread] p2a,p2b\n|-heal|p2a: Enamorus|47\/100\n|-heal|p2b: Sinistcha|95\/100\n|\n|-heal|p2b: Sinistcha|100\/100|[from] item: Leftovers\n|upkeep\n|\n|t:|1700720588\n|switch|p1b: Ogerpon|Ogerpon-Wellspring, F|100\/100\n|turn|8\n|\n|t:|1700720613\n|-terastallize|p2a: Enamorus|Water\n|move|p2a: Enamorus|Body Slam|p1b: Ogerpon\n|-damage|p1b: Ogerpon|0 fnt\n|faint|p1b: Ogerpon\n|move|p1a: Tornadus|U-turn|p2b: Sinistcha\n|-damage|p2b: Sinistcha|87\/100\n|-message|PoliteGhost forfeited.\n|\n|win|hehe666\n|raw|PoliteGhost's rating: 1467 &rarr; <strong>1442<\/strong><br \/>(-25 for losing)\n|raw|hehe666's rating: 1379 &rarr; <strong>1404<\/strong><br \/>(+25 for winning)\n","uploadtime":1700720639,"views":2,"p1id":"politeghost","p2id":"hehe666","formatid":"gen9doublesou","rating":1404,"private":0,"password":""}