{"id":"gen9doublesou-1983442422","p1":"2345678b","p2":"Ufahh","format":"[Gen 9] Doubles OU","log":"|j|\u26062345678b\n|j|\u2606Ufahh\n|t:|1699130614\n|gametype|doubles\n|player|p1|2345678b|grimsley|1259\n|player|p2|Ufahh|101|1346\n|teamsize|p1|6\n|teamsize|p2|6\n|gen|9\n|tier|[Gen 9] Doubles OU\n|rated|\n|rule|Species Clause: Limit one of each Pok\u00e9mon\n|rule|OHKO Clause: OHKO moves are banned\n|rule|Evasion Moves Clause: Evasion moves are banned\n|rule|Gravity Sleep Clause: The combination of sleep-inducing moves with imperfect accuracy and Gravity or Gigantamax Orbeetle are banned\n|rule|Endless Battle Clause: Forcing endless battles is banned\n|rule|HP Percentage Mod: HP is shown in percentages\n|clearpoke\n|poke|p1|Maushold|\n|poke|p1|Dudunsparce-*, M|\n|poke|p1|Flamigo, M|\n|poke|p1|Cresselia, F|\n|poke|p1|Landorus-Therian, M|\n|poke|p1|Sinistcha|\n|poke|p2|Charizard, M|\n|poke|p2|Torkoal, F|\n|poke|p2|Garchomp, M|\n|poke|p2|Typhlosion-Hisui, M|\n|poke|p2|Great Tusk|\n|poke|p2|Indeedee-F, F|\n|teampreview\n|\n|t:|1699130617\n|start\n|switch|p1a: Maushold|Maushold|100\/100\n|switch|p1b: Dudunsparce|Dudunsparce, M|100\/100\n|switch|p2a: Typhlosion|Typhlosion-Hisui, M|100\/100\n|switch|p2b: Indeedee|Indeedee-F, F|100\/100\n|-item|p1a: Maushold|Focus Sash|[from] ability: Frisk|[of] p2a: Typhlosion|[identify]\n|-item|p1b: Dudunsparce|Weakness Policy|[from] ability: Frisk|[of] p2a: Typhlosion|[identify]\n|-fieldstart|move: Psychic Terrain|[from] ability: Psychic Surge|[of] p2b: Indeedee\n|turn|1\n|inactive|Battle timer is ON: inactive players will automatically lose when time's up. (requested by 2345678b)\n|\n|t:|1699130638\n|switch|p2b: Torkoal|Torkoal, F|100\/100\n|-weather|SunnyDay|[from] ability: Drought|[of] p2b: Torkoal\n|-terastallize|p1b: Dudunsparce|Psychic\n|move|p2a: Typhlosion|Eruption|p1b: Dudunsparce|[spread] p1a,p1b\n|-damage|p1a: Maushold|7\/100\n|-damage|p1b: Dudunsparce|38\/100\n|move|p1a: Maushold|Beat Up|p1b: Dudunsparce\n|-supereffective|p1b: Dudunsparce\n|-damage|p1b: Dudunsparce|35\/100\n|-ability|p1b: Dudunsparce|Rattled|boost\n|-boost|p1b: Dudunsparce|spe|1\n|-enditem|p1b: Dudunsparce|Weakness Policy\n|-boost|p1b: Dudunsparce|atk|2|[from] item: Weakness Policy\n|-boost|p1b: Dudunsparce|spa|2|[from] item: Weakness Policy\n|-supereffective|p1b: Dudunsparce\n|-damage|p1b: Dudunsparce|31\/100\n|-ability|p1b: Dudunsparce|Rattled|boost\n|-boost|p1b: Dudunsparce|spe|1\n|-supereffective|p1b: Dudunsparce\n|-damage|p1b: Dudunsparce|27\/100\n|-ability|p1b: Dudunsparce|Rattled|boost\n|-boost|p1b: Dudunsparce|spe|1\n|-supereffective|p1b: Dudunsparce\n|-damage|p1b: Dudunsparce|25\/100\n|-ability|p1b: Dudunsparce|Rattled|boost\n|-boost|p1b: Dudunsparce|spe|1\n|-supereffective|p1b: Dudunsparce\n|-damage|p1b: Dudunsparce|20\/100\n|-ability|p1b: Dudunsparce|Rattled|boost\n|-boost|p1b: Dudunsparce|spe|1\n|-supereffective|p1b: Dudunsparce\n|-damage|p1b: Dudunsparce|18\/100\n|-ability|p1b: Dudunsparce|Rattled|boost\n|-boost|p1b: Dudunsparce|spe|1\n|-hitcount|p1b: Dudunsparce|6\n|move|p1b: Dudunsparce|Roost|p1b: Dudunsparce\n|-heal|p1b: Dudunsparce|68\/100\n|\n|-weather|SunnyDay|[upkeep]\n|upkeep\n|turn|2\n|inactive|2345678b has 120 seconds left.\n|inactive|Ufahh has 120 seconds left.\n|inactive|2345678b has 90 seconds left.\n|-activate|p2b: Torkoal|item: Quick Claw\n|\n|t:|1699130708\n|move|p2b: Torkoal|Yawn|p1b: Dudunsparce\n|-start|p1b: Dudunsparce|move: Yawn|[of] p2b: Torkoal\n|move|p1b: Dudunsparce|Stored Power|p2b: Torkoal\n|-damage|p2b: Torkoal|0 fnt\n|faint|p2b: Torkoal\n|move|p2a: Typhlosion|Eruption|p1b: Dudunsparce|[spread] p1a,p1b\n|-damage|p1a: Maushold|0 fnt\n|-damage|p1b: Dudunsparce|13\/100\n|faint|p1a: Maushold\n|\n|-weather|SunnyDay|[upkeep]\n|upkeep\n|\n|t:|1699130723\n|switch|p1a: Flamigo|Flamigo, M|100\/100\n|switch|p2b: Indeedee|Indeedee-F, F|100\/100\n|-copyboost|p1a: Flamigo|p1b: Dudunsparce|[from] ability: Costar\n|turn|3\n|\n|t:|1699130733\n|move|p1a: Flamigo|Throat Chop|p2a: Typhlosion\n|-supereffective|p2a: Typhlosion\n|-damage|p2a: Typhlosion|0 fnt\n|faint|p2a: Typhlosion\n|move|p1b: Dudunsparce|Roost|p1b: Dudunsparce\n|-heal|p1b: Dudunsparce|63\/100\n|move|p2b: Indeedee|Dazzling Gleam|p1b: Dudunsparce|[spread] p1a,p1b\n|-supereffective|p1a: Flamigo\n|-damage|p1a: Flamigo|44\/100\n|-damage|p1b: Dudunsparce|46\/100\n|-enditem|p1a: Flamigo|Sitrus Berry|[eat]\n|-heal|p1a: Flamigo|69\/100|[from] item: Sitrus Berry\n|\n|-weather|SunnyDay|[upkeep]\n|-end|p1b: Dudunsparce|move: Yawn|[silent]\n|-status|p1b: Dudunsparce|slp\n|upkeep\n|\n|t:|1699130745\n|switch|p2a: Charizard|Charizard, M, shiny|100\/100\n|turn|4\n|\n|t:|1699130756\n|move|p1a: Flamigo|Brave Bird|p2a: Charizard\n|-damage|p2a: Charizard|0 fnt\n|faint|p2a: Charizard\n|-damage|p1a: Flamigo|37\/100|[from] Recoil\n|cant|p1b: Dudunsparce|slp\n|move|p2b: Indeedee|Dazzling Gleam|p1b: Dudunsparce|[spread] p1a,p1b\n|-supereffective|p1a: Flamigo\n|-damage|p1a: Flamigo|0 fnt\n|-damage|p1b: Dudunsparce|29\/100 slp\n|faint|p1a: Flamigo\n|\n|-weather|SunnyDay|[upkeep]\n|upkeep\n|\n|t:|1699130774\n|switch|p2a: Garchomp|Garchomp, M|100\/100\n|switch|p1a: Sinistcha|Sinistcha|100\/100\n|-heal|p1b: Dudunsparce|54\/100 slp|[from] ability: Hospitality|[of] p1a: Sinistcha\n|turn|5\n|\n|t:|1699130784\n|move|p1a: Sinistcha|Rage Powder|p1a: Sinistcha\n|-singleturn|p1a: Sinistcha|move: Rage Powder\n|cant|p1b: Dudunsparce|slp\n|move|p2a: Garchomp|Dragon Claw|p1a: Sinistcha\n|-damage|p1a: Sinistcha|74\/100\n|move|p2b: Indeedee|Dazzling Gleam|p1b: Dudunsparce|[spread] p1a,p1b\n|-crit|p1b: Dudunsparce\n|-damage|p1a: Sinistcha|52\/100\n|-damage|p1b: Dudunsparce|30\/100 slp\n|\n|-weather|none\n|-heal|p1a: Sinistcha|58\/100|[from] item: Leftovers\n|-fieldend|move: Psychic Terrain\n|upkeep\n|turn|6\n|\n|t:|1699130800\n|move|p1a: Sinistcha|Rage Powder|p1a: Sinistcha\n|-singleturn|p1a: Sinistcha|move: Rage Powder\n|-curestatus|p1b: Dudunsparce|slp|[msg]\n|move|p1b: Dudunsparce|Roost|p1b: Dudunsparce\n|-heal|p1b: Dudunsparce|80\/100\n|move|p2a: Garchomp|Dragon Claw|p1a: Sinistcha\n|-damage|p1a: Sinistcha|32\/100\n|move|p2b: Indeedee|Dazzling Gleam|p1a: Sinistcha|[spread] p1a,p1b\n|-damage|p1a: Sinistcha|13\/100\n|-damage|p1b: Dudunsparce|63\/100\n|\n|-heal|p1a: Sinistcha|19\/100|[from] item: Leftovers\n|upkeep\n|turn|7\n|\n|t:|1699130815\n|switch|p1a: Landorus|Landorus-Therian, M|100\/100\n|-ability|p1a: Landorus|Intimidate|boost\n|-unboost|p2a: Garchomp|atk|1\n|-unboost|p2b: Indeedee|atk|1\n|move|p1b: Dudunsparce|Stored Power|p2a: Garchomp\n|-damage|p2a: Garchomp|0 fnt\n|faint|p2a: Garchomp\n|move|p2b: Indeedee|Dazzling Gleam|p1b: Dudunsparce|[spread] p1a,p1b\n|-damage|p1a: Landorus|80\/100\n|-damage|p1b: Dudunsparce|48\/100\n|\n|upkeep\n|\n|t:|1699130822\n|switch|p2a: Great Tusk|Great Tusk|100\/100\n|turn|8\n|\n|t:|1699130830\n|switch|p1a: Sinistcha|Sinistcha|19\/100\n|-heal|p1b: Dudunsparce|73\/100|[from] ability: Hospitality|[of] p1a: Sinistcha\n|move|p1b: Dudunsparce|Stored Power|p2a: Great Tusk\n|-supereffective|p2a: Great Tusk\n|-damage|p2a: Great Tusk|0 fnt\n|faint|p2a: Great Tusk\n|-end|p2a: Great Tusk|Protosynthesis|[silent]\n|move|p2b: Indeedee|Dazzling Gleam|p1b: Dudunsparce|[spread] p1a,p1b\n|-damage|p1a: Sinistcha|0 fnt\n|-damage|p1b: Dudunsparce|57\/100\n|faint|p1a: Sinistcha\n|\n|upkeep\n|l|\u2606Ufahh\n|inactive|Ufahh disconnected and has a minute to reconnect!\n|player|p2|\n|\n|t:|1699130847\n|switch|p1a: Landorus|Landorus-Therian, M|80\/100\n|-ability|p1a: Landorus|Intimidate|boost\n|-unboost|p2b: Indeedee|atk|1\n|turn|9\n|inactive|Ufahh has 30 seconds to reconnect!\n|inactive|Ufahh has 20 seconds to reconnect!\n|inactive|Ufahh has 15 seconds to reconnect!\n|inactive|Ufahh has 10 seconds to reconnect!\n|inactive|Ufahh has 5 seconds to reconnect!\n|-message|Ufahh lost due to inactivity.\n|\n|win|2345678b\n|raw|2345678b's rating: 1259 &rarr; <strong>1290<\/strong><br \/>(+31 for winning)\n|raw|Ufahh's rating: 1346 &rarr; <strong>1321<\/strong><br \/>(-25 for losing)\n","uploadtime":1699131068,"views":20,"p1id":"2345678b","p2id":"ufahh","formatid":"gen9doublesou","rating":1290,"private":0,"password":""}