{"id":"gen9doublesou-1984108637","p1":"sadboigaming","p2":"GoDDanteX","format":"[Gen 9] Doubles OU","log":"|j|\u2606sadboigaming\n|j|\u2606GoDDanteX\n|t:|1699219544\n|gametype|doubles\n|player|p1|sadboigaming|unknown|\n|player|p2|GoDDanteX|blue|\n|teamsize|p1|6\n|teamsize|p2|6\n|gen|9\n|tier|[Gen 9] Doubles OU\n|rule|Species Clause: Limit one of each Pok\u00e9mon\n|rule|OHKO Clause: OHKO moves are banned\n|rule|Evasion Moves Clause: Evasion moves are banned\n|rule|Gravity Sleep Clause: The combination of sleep-inducing moves with imperfect accuracy and Gravity or Gigantamax Orbeetle are banned\n|rule|Endless Battle Clause: Forcing endless battles is banned\n|rule|HP Percentage Mod: HP is shown in percentages\n|clearpoke\n|poke|p1|Great Tusk|\n|poke|p1|Torkoal, M|\n|poke|p1|Hoopa|\n|poke|p1|Thundurus, M|\n|poke|p1|Enamorus-Therian, F|\n|poke|p1|Regidrago|\n|poke|p2|Pawmot, M|\n|poke|p2|Arcanine, M|\n|poke|p2|Dragapult, M|\n|poke|p2|Iron Valiant|\n|poke|p2|Umbreon, M|\n|poke|p2|Espeon, F|\n|teampreview\n|j| StephenStone1130\n|\n|t:|1699219559\n|start\n|switch|p1a: Torkoal|Torkoal, M|100\/100\n|switch|p1b: Enamorus|Enamorus-Therian, F|100\/100\n|switch|p2a: Danny|Dragapult, M, shiny|100\/100\n|switch|p2b: Minx|Umbreon, M, shiny|100\/100\n|-weather|SunnyDay|[from] ability: Drought|[of] p1a: Torkoal\n|turn|1\n|j| Redzone92\n|\n|t:|1699219592\n|switch|p2b: Spike|Arcanine, M, shiny|100\/100\n|-ability|p2b: Spike|Intimidate|boost\n|-unboost|p1a: Torkoal|atk|1\n|-unboost|p1b: Enamorus|atk|1\n|move|p2a: Danny|Dragon Darts|p1a: Torkoal\n|-damage|p1a: Torkoal|80\/100\n|-anim|p2a: Danny|Dragon Darts|p1a: Torkoal\n|-damage|p1a: Torkoal|59\/100\n|move|p1b: Enamorus|Dazzling Gleam|p2b: Spike|[spread] p2a,p2b\n|-supereffective|p2a: Danny\n|-resisted|p2b: Spike\n|-damage|p2a: Danny|1\/100\n|-damage|p2b: Spike|79\/100\n|move|p1a: Torkoal|Eruption|p2b: Spike|[spread] p2a,p2b\n|-resisted|p2a: Danny\n|-resisted|p2b: Spike\n|-damage|p2a: Danny|0 fnt\n|-damage|p2b: Spike|51\/100\n|faint|p2a: Danny\n|\n|-weather|SunnyDay|[upkeep]\n|upkeep\n|\n|t:|1699219609\n|switch|p2a: Ali|Pawmot, M, shiny|100\/100\n|turn|2\n|\n|t:|1699219626\n|-terastallize|p2a: Ali|Grass\n|-terastallize|p1b: Enamorus|Poison\n|move|p2a: Ali|Fake Out|p1a: Torkoal\n|-damage|p1a: Torkoal|50\/100\n|-damage|p2a: Ali|84\/100|[from] item: Rocky Helmet|[of] p1a: Torkoal\n|move|p2b: Spike|Howl|p2b: Spike|[spread] p2a,p2b\n|-boost|p2a: Ali|atk|1\n|-boost|p2b: Spike|atk|1\n|move|p1b: Enamorus|Dazzling Gleam|p2a: Ali|[spread] p2a,p2b\n|-resisted|p2b: Spike\n|-damage|p2a: Ali|25\/100\n|-damage|p2b: Spike|27\/100\n|cant|p1a: Torkoal|flinch\n|\n|-weather|SunnyDay|[upkeep]\n|upkeep\n|turn|3\n|\n|t:|1699219650\n|move|p2a: Ali|Ice Punch|p1b: Enamorus\n|-damage|p1b: Enamorus|63\/100\n|move|p2b: Spike|Crunch|p1a: Torkoal\n|-damage|p1a: Torkoal|12\/100\n|-damage|p2b: Spike|10\/100|[from] item: Rocky Helmet|[of] p1a: Torkoal\n|-damage|p2b: Spike|0 fnt|[from] item: Life Orb\n|faint|p2b: Spike\n|move|p1b: Enamorus|Earth Power|p2a: Ali\n|-resisted|p2a: Ali\n|-damage|p2a: Ali|0 fnt\n|faint|p2a: Ali\n|move|p1a: Torkoal|Eruption|p2: Ali|[notarget]\n|-fail|p1a: Torkoal\n|\n|-weather|SunnyDay|[upkeep]\n|-heal|p1b: Enamorus|69\/100|[from] item: Leftovers\n|upkeep\n|\n|t:|1699219658\n|switch|p2a: XJ9|Iron Valiant, shiny|100\/100\n|switch|p2b: Minerva|Espeon, F, shiny|100\/100\n|-enditem|p2a: XJ9|Booster Energy\n|-activate|p2a: XJ9|ability: Quark Drive|[fromitem]\n|-start|p2a: XJ9|quarkdrivespe\n|turn|4\n|\n|t:|1699219684\n|move|p2a: XJ9|Psycho Cut|p1b: Enamorus\n|-supereffective|p1b: Enamorus\n|-damage|p1b: Enamorus|24\/100\n|move|p2b: Minerva|Psychic|p1a: Torkoal\n|-damage|p1a: Torkoal|0 fnt\n|faint|p1a: Torkoal\n|move|p1b: Enamorus|Sludge Bomb|p2a: XJ9\n|-supereffective|p2a: XJ9\n|-damage|p2a: XJ9|0 fnt\n|faint|p2a: XJ9\n|-end|p2a: XJ9|Quark Drive|[silent]\n|\n|-weather|SunnyDay|[upkeep]\n|-heal|p1b: Enamorus|30\/100|[from] item: Leftovers\n|upkeep\n|\n|t:|1699219695\n|switch|p2a: Minx|Umbreon, M, shiny|100\/100\n|switch|p1a: Thundurus|Thundurus, M|100\/100\n|turn|5\n|j| Kevin Dickey12\n|\n|t:|1699219706\n|move|p1a: Thundurus|U-turn|p2b: Minerva\n|-supereffective|p2b: Minerva\n|-damage|p2b: Minerva|24\/100\n|\n|t:|1699219712\n|switch|p1a: Great Tusk|Great Tusk|100\/100|[from] U-turn\n|-activate|p1a: Great Tusk|ability: Protosynthesis\n|-start|p1a: Great Tusk|protosynthesisatk\n|move|p2b: Minerva|Psychic|p1b: Enamorus\n|-supereffective|p1b: Enamorus\n|-damage|p1b: Enamorus|0 fnt\n|faint|p1b: Enamorus\n|move|p2a: Minx|Foul Play|p1a: Great Tusk\n|-resisted|p1a: Great Tusk\n|-damage|p1a: Great Tusk|84\/100\n|\n|-weather|none\n|-end|p1a: Great Tusk|Protosynthesis\n|upkeep\n|\n|t:|1699219725\n|switch|p1b: Thundurus|Thundurus, M|100\/100\n|turn|6\n|\n|t:|1699219733\n|move|p1b: Thundurus|U-turn|p2b: Minerva\n|-supereffective|p2b: Minerva\n|-damage|p2b: Minerva|0 fnt\n|faint|p2b: Minerva\n|\n|t:|1699219738\n|switch|p1b: Regidrago|Regidrago|100\/100|[from] U-turn\n|move|p1a: Great Tusk|Close Combat|p2a: Minx\n|-supereffective|p2a: Minx\n|-damage|p2a: Minx|0 fnt\n|-unboost|p1a: Great Tusk|def|1\n|-unboost|p1a: Great Tusk|spd|1\n|faint|p2a: Minx\n|\n|win|sadboigaming\n|l|\u2606GoDDanteX\n","uploadtime":1699219747,"views":15,"p1id":"sadboigaming","p2id":"goddantex","formatid":"gen9doublesou","rating":0,"private":0,"password":""}