{"id":"gen9doublesou-1990752643","p1":"ijouhioio","p2":"Blue Syrius","format":"[Gen 9] Doubles OU","log":"|j|\u2606ijouhioio\n|j|\u2606Blue Syrius\n|t:|1699997545\n|gametype|doubles\n|player|p1|ijouhioio|pokemonranger-gen4|1070\n|player|p2|Blue Syrius|youngster-gen4dp|1174\n|teamsize|p1|6\n|teamsize|p2|6\n|gen|9\n|tier|[Gen 9] Doubles OU\n|rated|\n|rule|Species Clause: Limit one of each Pok\u00e9mon\n|rule|OHKO Clause: OHKO moves are banned\n|rule|Evasion Moves Clause: Evasion moves are banned\n|rule|Gravity Sleep Clause: The combination of sleep-inducing moves with imperfect accuracy and Gravity or Gigantamax Orbeetle are banned\n|rule|Endless Battle Clause: Forcing endless battles is banned\n|rule|HP Percentage Mod: HP is shown in percentages\n|clearpoke\n|poke|p1|Pelipper, M|\n|poke|p1|Ogerpon-Wellspring, F|\n|poke|p1|Samurott-Hisui, F|\n|poke|p1|Gastrodon-East, M|\n|poke|p1|Volcanion|\n|poke|p1|Empoleon, F|\n|poke|p2|Ninetales-Alola, F|\n|poke|p2|Munkidori, M|\n|poke|p2|Slowking-Galar, F|\n|poke|p2|Flutter Mane|\n|poke|p2|Roaring Moon|\n|poke|p2|Maushold|\n|teampreview\n|\n|t:|1699997558\n|start\n|switch|p1a: Pelipper|Pelipper, M|100\/100\n|switch|p1b: Gastrodon|Gastrodon-East, M, shiny|100\/100\n|switch|p2a: Munkidori|Munkidori, M|100\/100\n|switch|p2b: Slowking|Slowking-Galar, F, shiny|100\/100\n|-weather|RainDance|[from] ability: Drizzle|[of] p1a: Pelipper\n|turn|1\n|inactive|Battle timer is ON: inactive players will automatically lose when time's up. (requested by Blue Syrius)\n|\n|t:|1699997575\n|move|p2a: Munkidori|Fake Out|p1a: Pelipper\n|-crit|p1a: Pelipper\n|-damage|p1a: Pelipper|87\/100\n|-status|p1a: Pelipper|tox|[from] ability: Toxic Chain|[of] p2a: Munkidori\n|cant|p1a: Pelipper|flinch\n|move|p1b: Gastrodon|Muddy Water|p2a: Munkidori|[spread] p2a,p2b\n|-damage|p2a: Munkidori|44\/100\n|-damage|p2b: Slowking|75\/100\n|-unboost|p2a: Munkidori|accuracy|1\n|-enditem|p2a: Munkidori|Sitrus Berry|[eat]\n|-heal|p2a: Munkidori|69\/100|[from] item: Sitrus Berry\n|move|p2b: Slowking|Yawn|p1b: Gastrodon\n|-start|p1b: Gastrodon|move: Yawn|[of] p2b: Slowking\n|\n|-weather|RainDance|[upkeep]\n|-damage|p1a: Pelipper|81\/100 tox|[from] psn\n|upkeep\n|turn|2\n|\n|t:|1699997601\n|switch|p1b: Volcanion|Volcanion|100\/100\n|move|p2a: Munkidori|Parting Shot|p1a: Pelipper\n|-unboost|p1a: Pelipper|atk|1\n|-unboost|p1a: Pelipper|spa|1\n|\n|t:|1699997607\n|switch|p2a: Ninetales|Ninetales-Alola, F, shiny|100\/100|[from] Parting Shot\n|-weather|Snow|[from] ability: Snow Warning|[of] p2a: Ninetales\n|move|p1a: Pelipper|Surf|p2b: Slowking|[spread] p2a,p2b\n|-immune|p1b: Volcanion|[from] ability: Water Absorb\n|-damage|p2a: Ninetales|76\/100\n|-damage|p2b: Slowking|63\/100\n|move|p2b: Slowking|Acid Spray|p1a: Pelipper\n|-damage|p1a: Pelipper|59\/100 tox\n|-unboost|p1a: Pelipper|spd|2\n|\n|-weather|Snow|[upkeep]\n|-damage|p1a: Pelipper|46\/100 tox|[from] psn\n|upkeep\n|turn|3\n|\n|t:|1699997632\n|switch|p1a: Empoleon|Empoleon, F|100\/100\n|-terastallize|p2a: Ninetales|Fire\n|move|p2a: Ninetales|Aurora Veil|p2a: Ninetales\n|-sidestart|p2: Blue Syrius|move: Aurora Veil\n|move|p1b: Volcanion|Steam Eruption|p2b: Slowking\n|-damage|p2b: Slowking|39\/100\n|-enditem|p2b: Slowking|Sitrus Berry|[eat]\n|-heal|p2b: Slowking|63\/100|[from] item: Sitrus Berry\n|move|p2b: Slowking|Acid Spray|p1b: Volcanion\n|-damage|p1b: Volcanion|91\/100\n|-unboost|p1b: Volcanion|spd|2\n|\n|-weather|Snow|[upkeep]\n|upkeep\n|turn|4\n|\n|t:|1699997661\n|switch|p2a: Munkidori|Munkidori, M|69\/100\n|move|p1b: Volcanion|Steam Eruption|p2a: Munkidori\n|-damage|p2a: Munkidori|21\/100\n|move|p1a: Empoleon|Surf|p2b: Slowking|[spread] p2a,p2b\n|-heal|p1b: Volcanion|100\/100|[from] ability: Water Absorb|[of] p1a: Empoleon\n|-crit|p2a: Munkidori\n|-damage|p2a: Munkidori|0 fnt\n|-damage|p2b: Slowking|49\/100\n|faint|p2a: Munkidori\n|move|p2b: Slowking|Yawn|p1a: Empoleon\n|-start|p1a: Empoleon|move: Yawn|[of] p2b: Slowking\n|\n|-weather|Snow|[upkeep]\n|upkeep\n|inactive|Blue Syrius has 120 seconds left.\n|\n|t:|1699997677\n|switch|p2a: Flutter Mane|Flutter Mane|100\/100\n|-enditem|p2a: Flutter Mane|Booster Energy\n|-activate|p2a: Flutter Mane|ability: Protosynthesis|[fromitem]\n|-start|p2a: Flutter Mane|protosynthesisspa\n|turn|5\n|\n|t:|1699997694\n|switch|p1b: Ogerpon|Ogerpon-Wellspring, F|100\/100\n|move|p2a: Flutter Mane|Protect|p2a: Flutter Mane\n|-singleturn|p2a: Flutter Mane|Protect\n|move|p1a: Empoleon|Flash Cannon|p2a: Flutter Mane\n|-activate|p2a: Flutter Mane|move: Protect\n|move|p2b: Slowking|Acid Spray|p1b: Ogerpon\n|-supereffective|p1b: Ogerpon\n|-damage|p1b: Ogerpon|65\/100\n|-unboost|p1b: Ogerpon|spd|2\n|\n|-weather|Snow|[upkeep]\n|-end|p1a: Empoleon|move: Yawn|[silent]\n|-status|p1a: Empoleon|slp\n|upkeep\n|turn|6\n|\n|t:|1699997721\n|move|p2a: Flutter Mane|Shadow Ball|p1b: Ogerpon\n|-damage|p1b: Ogerpon|0 fnt\n|faint|p1b: Ogerpon\n|cant|p1a: Empoleon|slp\n|move|p2b: Slowking|Icy Wind|p1a: Empoleon\n|-resisted|p1a: Empoleon\n|-damage|p1a: Empoleon|98\/100 slp\n|-unboost|p1a: Empoleon|spe|1\n|-ability|p1a: Empoleon|Competitive|boost\n|-boost|p1a: Empoleon|spa|2\n|\n|-weather|none\n|-heal|p1a: Empoleon|100\/100 slp|[from] item: Leftovers\n|upkeep\n|\n|t:|1699997726\n|switch|p1b: Pelipper|Pelipper, M|46\/100 tox\n|-weather|RainDance|[from] ability: Drizzle|[of] p1b: Pelipper\n|turn|7\n|\n|t:|1699997743\n|move|p2a: Flutter Mane|Shadow Ball|p1a: Empoleon\n|-damage|p1a: Empoleon|49\/100 slp\n|-unboost|p1a: Empoleon|spd|1\n|-ability|p1a: Empoleon|Competitive|boost\n|-boost|p1a: Empoleon|spa|2\n|move|p1b: Pelipper|Surf|p2b: Slowking|[spread] p1a,p2a,p2b\n|-resisted|p1a: Empoleon\n|-damage|p1a: Empoleon|17\/100 slp\n|-damage|p2a: Flutter Mane|65\/100\n|-damage|p2b: Slowking|30\/100\n|cant|p1a: Empoleon|slp\n|move|p2b: Slowking|Acid Spray|p1b: Pelipper\n|-damage|p1b: Pelipper|27\/100 tox\n|-unboost|p1b: Pelipper|spd|2\n|\n|-weather|RainDance|[upkeep]\n|-heal|p1a: Empoleon|23\/100 slp|[from] item: Leftovers\n|-damage|p1b: Pelipper|21\/100 tox|[from] psn\n|upkeep\n|turn|8\n|\n|t:|1699997766\n|switch|p2b: Ninetales|Ninetales-Alola, F, shiny, tera:Fire|76\/100\n|-weather|Snow|[from] ability: Snow Warning|[of] p2b: Ninetales\n|move|p2a: Flutter Mane|Dazzling Gleam|p1a: Empoleon|[spread] p1a,p1b\n|-resisted|p1a: Empoleon\n|-damage|p1a: Empoleon|0 fnt\n|-damage|p1b: Pelipper|0 fnt\n|faint|p1a: Empoleon\n|faint|p1b: Pelipper\n|\n|-weather|Snow|[upkeep]\n|upkeep\n|inactive|ijouhioio has 120 seconds left.\n|\n|t:|1699997783\n|switch|p1b: Volcanion|Volcanion|100\/100\n|switch|p1a: Samurott|Samurott-Hisui, F|100\/100\n|turn|9\n|\n|t:|1699997800\n|switch|p2b: Slowking|Slowking-Galar, F, shiny|63\/100\n|move|p2a: Flutter Mane|Dazzling Gleam|p1a: Samurott|[spread] p1a,p1b\n|-supereffective|p1a: Samurott\n|-resisted|p1b: Volcanion\n|-damage|p1a: Samurott|0 fnt\n|-damage|p1b: Volcanion|84\/100\n|faint|p1a: Samurott\n|move|p1b: Volcanion|Steam Eruption|p2a: Flutter Mane\n|-damage|p2a: Flutter Mane|22\/100\n|\n|-weather|Snow|[upkeep]\n|upkeep\n|inactive|ijouhioio has 120 seconds left.\n|\n|t:|1699997829\n|switch|p1a: Gastrodon|Gastrodon-East, M, shiny|100\/100\n|turn|10\n|\n|t:|1699997840\n|move|p2a: Flutter Mane|Protect|p2a: Flutter Mane\n|-singleturn|p2a: Flutter Mane|Protect\n|move|p1b: Volcanion|Steam Eruption|p1a: Gastrodon\n|-activate|p1a: Gastrodon|ability: Storm Drain\n|-ability|p1a: Gastrodon|Storm Drain|boost\n|-boost|p1a: Gastrodon|spa|1\n|move|p1a: Gastrodon|Sludge Bomb|p2a: Flutter Mane\n|-activate|p2a: Flutter Mane|move: Protect\n|move|p2b: Slowking|Yawn|p1a: Gastrodon\n|-start|p1a: Gastrodon|move: Yawn|[of] p2b: Slowking\n|\n|-weather|Snow|[upkeep]\n|-sideend|p2: Blue Syrius|move: Aurora Veil\n|upkeep\n|turn|11\n|inactive|ijouhioio has 120 seconds left.\n|inactive|ijouhioio has 90 seconds left.\n|\n|t:|1699997924\n|move|p2a: Flutter Mane|Shadow Ball|p1b: Volcanion\n|-damage|p1b: Volcanion|42\/100\n|move|p1b: Volcanion|Steam Eruption|p1a: Gastrodon\n|-activate|p1a: Gastrodon|ability: Storm Drain\n|-ability|p1a: Gastrodon|Storm Drain|boost\n|-boost|p1a: Gastrodon|spa|1\n|move|p1a: Gastrodon|Muddy Water|p2b: Slowking|[spread] p2a,p2b\n|-crit|p2b: Slowking\n|-damage|p2a: Flutter Mane|0 fnt\n|-damage|p2b: Slowking|12\/100\n|faint|p2a: Flutter Mane\n|-end|p2a: Flutter Mane|Protosynthesis|[silent]\n|move|p2b: Slowking|Acid Spray|p1b: Volcanion\n|-damage|p1b: Volcanion|32\/100\n|-unboost|p1b: Volcanion|spd|2\n|\n|-weather|Snow|[upkeep]\n|-end|p1a: Gastrodon|move: Yawn|[silent]\n|-status|p1a: Gastrodon|slp\n|upkeep\n|-message|ijouhioio forfeited.\n|\n|win|Blue Syrius\n|raw|ijouhioio's rating: 1094 &rarr; <strong>1075<\/strong><br \/>(-19 for losing)\n|raw|Blue Syrius's rating: 1174 &rarr; <strong>1193<\/strong><br \/>(+19 for winning)\n|l|\u2606ijouhioio\n","uploadtime":1699997943,"views":5,"p1id":"ijouhioio","p2id":"bluesyrius","formatid":"gen9doublesou","rating":1075,"private":0,"password":""}