{"id":"gen9doublesou-1991760344","p1":"PlebJones1876","p2":"SimpIySimpIe","format":"[Gen 9] Doubles OU","log":"|j|\u2606PlebJones1876\n|j|\u2606SimpIySimpIe\n|t:|1700112486\n|gametype|doubles\n|player|p1|PlebJones1876|265|1120\n|player|p2|SimpIySimpIe|scientist-gen4|1019\n|teamsize|p1|6\n|teamsize|p2|6\n|gen|9\n|tier|[Gen 9] Doubles OU\n|rated|\n|rule|Species Clause: Limit one of each Pok\u00e9mon\n|rule|OHKO Clause: OHKO moves are banned\n|rule|Evasion Moves Clause: Evasion moves are banned\n|rule|Gravity Sleep Clause: The combination of sleep-inducing moves with imperfect accuracy and Gravity or Gigantamax Orbeetle are banned\n|rule|Endless Battle Clause: Forcing endless battles is banned\n|rule|HP Percentage Mod: HP is shown in percentages\n|clearpoke\n|poke|p1|Amoonguss, F|\n|poke|p1|Hippowdon, M|\n|poke|p1|Houndstone, F|\n|poke|p1|Kingambit, F|\n|poke|p1|Ogerpon-Cornerstone, F|\n|poke|p1|Landorus-Therian, M|\n|poke|p2|Slaking, M|\n|poke|p2|Grafaiai, M|\n|poke|p2|Gardevoir, F|\n|poke|p2|Flamigo, M|\n|poke|p2|Gothitelle, M|\n|poke|p2|Wo-Chien|\n|teampreview\n|\n|t:|1700112513\n|start\n|switch|p1a: Hippowdon|Hippowdon, M|100\/100\n|switch|p1b: Ogerpon|Ogerpon-Cornerstone, F|100\/100\n|switch|p2a: The King|Slaking, M|100\/100\n|switch|p2b: The Jester|Grafaiai, M|100\/100\n|-weather|Sandstorm|[from] ability: Sand Stream|[of] p1a: Hippowdon\n|turn|1\n|\n|t:|1700112536\n|move|p2b: The Jester|Doodle|p1b: Ogerpon\n|-endability|p2a: The King|Truant|[from] move: Doodle\n|-ability|p2a: The King|Sturdy|[from] move: Doodle\n|-endability|p2b: The Jester|Prankster|[from] move: Doodle\n|-ability|p2b: The Jester|Sturdy|[from] move: Doodle\n|move|p1b: Ogerpon|Taunt|p2b: The Jester\n|-start|p2b: The Jester|move: Taunt\n|move|p2a: The King|Drain Punch|p1b: Ogerpon\n|-supereffective|p1b: Ogerpon\n|-damage|p1b: Ogerpon|32\/100\n|move|p1a: Hippowdon|Stealth Rock|p2b: The Jester\n|-sidestart|p2: SimpIySimpIe|move: Stealth Rock\n|\n|-weather|Sandstorm|[upkeep]\n|-damage|p2b: The Jester|95\/100|[from] Sandstorm\n|-damage|p2a: The King|94\/100|[from] Sandstorm\n|upkeep\n|turn|2\n|\n|t:|1700112567\n|move|p1b: Ogerpon|Follow Me|p1b: Ogerpon\n|-singleturn|p1b: Ogerpon|move: Follow Me\n|move|p2b: The Jester|Knock Off|p1b: Ogerpon\n|-crit|p1b: Ogerpon\n|-damage|p1b: Ogerpon|13\/100\n|move|p2a: The King|Drain Punch|p1b: Ogerpon\n|-supereffective|p1b: Ogerpon\n|-damage|p1b: Ogerpon|0 fnt\n|-heal|p2a: The King|99\/100|[from] drain|[of] p1b: Ogerpon\n|faint|p1b: Ogerpon\n|move|p1a: Hippowdon|Earthquake|p2b: The Jester|[spread] p2a,p2b\n|-crit|p2a: The King\n|-supereffective|p2b: The Jester\n|-damage|p2a: The King|70\/100\n|-damage|p2b: The Jester|14\/100\n|-enditem|p2b: The Jester|Starf Berry|[eat]\n|-boost|p2b: The Jester|atk|2|[from] item: Starf Berry\n|\n|-weather|Sandstorm|[upkeep]\n|-damage|p2b: The Jester|8\/100|[from] Sandstorm\n|-damage|p2a: The King|64\/100|[from] Sandstorm\n|upkeep\n|\n|t:|1700112588\n|switch|p1b: Amoonguss|Amoonguss, F|100\/100\n|turn|3\n|\n|t:|1700112608\n|move|p1b: Amoonguss|Rage Powder|p1b: Amoonguss\n|-singleturn|p1b: Amoonguss|move: Rage Powder\n|move|p2b: The Jester|Knock Off|p1b: Amoonguss\n|-damage|p1b: Amoonguss|69\/100\n|-enditem|p1b: Amoonguss|Safety Goggles|[from] move: Knock Off|[of] p2b: The Jester\n|move|p2a: The King|Drain Punch|p1b: Amoonguss\n|-resisted|p1b: Amoonguss\n|-damage|p1b: Amoonguss|54\/100\n|-heal|p2a: The King|70\/100|[from] drain|[of] p1b: Amoonguss\n|move|p1a: Hippowdon|Earthquake|p2a: The King|[spread] p1b,p2a,p2b\n|-supereffective|p2b: The Jester\n|-damage|p1b: Amoonguss|32\/100\n|-damage|p2a: The King|52\/100\n|-damage|p2b: The Jester|0 fnt\n|faint|p2b: The Jester\n|\n|-weather|Sandstorm|[upkeep]\n|-damage|p2a: The King|46\/100|[from] Sandstorm\n|-damage|p1b: Amoonguss|26\/100|[from] Sandstorm\n|-enditem|p2a: The King|Sitrus Berry|[eat]\n|-heal|p2a: The King|71\/100|[from] item: Sitrus Berry\n|upkeep\n|\n|t:|1700112619\n|switch|p2b: Flamigo|Flamigo, M|100\/100\n|-damage|p2b: Flamigo|88\/100|[from] Stealth Rock\n|-copyboost|p2b: Flamigo|p2a: The King|[from] ability: Costar\n|turn|4\n|\n|t:|1700112642\n|switch|p1a: Landorus|Landorus-Therian, M|100\/100\n|-ability|p1a: Landorus|Intimidate|boost\n|-unboost|p2a: The King|atk|1\n|-unboost|p2b: Flamigo|atk|1\n|move|p2b: Flamigo|Fly||[still]\n|-prepare|p2b: Flamigo|Fly\n|move|p2a: The King|Drain Punch|p1b: Amoonguss\n|-resisted|p1b: Amoonguss\n|-damage|p1b: Amoonguss|17\/100\n|-heal|p2a: The King|75\/100|[from] drain|[of] p1b: Amoonguss\n|move|p1b: Amoonguss|Toxic|p2a: The King\n|-status|p2a: The King|tox\n|\n|-weather|Sandstorm|[upkeep]\n|-damage|p2b: Flamigo|82\/100|[from] Sandstorm\n|-damage|p2a: The King|69\/100 tox|[from] Sandstorm\n|-damage|p1b: Amoonguss|10\/100|[from] Sandstorm\n|-damage|p2a: The King|63\/100 tox|[from] psn\n|upkeep\n|turn|5\n|\n|t:|1700112690\n|move|p1b: Amoonguss|Rage Powder|p1b: Amoonguss\n|-singleturn|p1b: Amoonguss|move: Rage Powder\n|move|p1a: Landorus|Outrage|p2b: Flamigo|[miss]\n|-miss|p1a: Landorus|p2b: Flamigo\n|move|p2b: Flamigo|Fly|p1b: Amoonguss|[from]lockedmove\n|-supereffective|p1b: Amoonguss\n|-damage|p1b: Amoonguss|0 fnt\n|faint|p1b: Amoonguss\n|move|p2a: The King|Drain Punch|p1a: Landorus\n|-resisted|p1a: Landorus\n|-damage|p1a: Landorus|88\/100\n|-heal|p2a: The King|67\/100 tox|[from] drain|[of] p1a: Landorus\n|\n|-weather|Sandstorm|[upkeep]\n|-damage|p2b: Flamigo|76\/100|[from] Sandstorm\n|-damage|p2a: The King|60\/100 tox|[from] Sandstorm\n|-damage|p2a: The King|48\/100 tox|[from] psn\n|upkeep\n|\n|t:|1700112717\n|switch|p1b: Houndstone|Houndstone, F|100\/100\n|turn|6\n|\n|t:|1700112735\n|switch|p1a: Hippowdon|Hippowdon, M|100\/100\n|move|p2a: The King|Protect|p2a: The King\n|-singleturn|p2a: The King|Protect\n|move|p1b: Houndstone|Last Respects|p2b: Flamigo\n|-damage|p2b: Flamigo|0 fnt\n|faint|p2b: Flamigo\n|\n|-weather|Sandstorm|[upkeep]\n|-damage|p2a: The King|42\/100 tox|[from] Sandstorm\n|-damage|p2a: The King|23\/100 tox|[from] psn\n|upkeep\n|\n|t:|1700112747\n|switch|p2b: The Queen|Gardevoir, F|100\/100\n|-damage|p2b: The Queen|88\/100|[from] Stealth Rock\n|turn|7\n|\n|t:|1700112768\n|move|p1b: Houndstone|Last Respects|p2b: The Queen\n|-supereffective|p2b: The Queen\n|-damage|p2b: The Queen|0 fnt\n|faint|p2b: The Queen\n|move|p2a: The King|Earthquake|p1b: Houndstone|[spread] p1a,p1b\n|-damage|p1a: Hippowdon|85\/100\n|-damage|p1b: Houndstone|75\/100\n|move|p1a: Hippowdon|Tera Blast|p2a: The King\n|-damage|p2a: The King|11\/100 tox\n|\n|-weather|Sandstorm|[upkeep]\n|-damage|p2a: The King|5\/100 tox|[from] Sandstorm\n|-damage|p2a: The King|0 fnt|[from] psn\n|faint|p2a: The King\n|upkeep\n|\n|t:|1700112782\n|switch|p2b: The Princess|Gothitelle, M|100\/100\n|switch|p2a: The Monk|Wo-Chien|100\/100\n|-damage|p2a: The Monk|88\/100|[from] Stealth Rock\n|-ability|p2a: The Monk|Tablets of Ruin\n|-damage|p2b: The Princess|88\/100|[from] Stealth Rock\n|turn|8\n|\n|t:|1700112829\n|move|p2b: The Princess|Fake Out|p1b: Houndstone\n|-immune|p1b: Houndstone\n|move|p1b: Houndstone|Last Respects|p2b: The Princess\n|-supereffective|p2b: The Princess\n|-damage|p2b: The Princess|0 fnt\n|faint|p2b: The Princess\n|move|p2a: The Monk|Leech Seed|p1a: Hippowdon\n|-start|p1a: Hippowdon|move: Leech Seed\n|move|p1a: Hippowdon|Slack Off|p1a: Hippowdon\n|-heal|p1a: Hippowdon|100\/100\n|\n|-weather|none\n|-heal|p2a: The Monk|94\/100|[from] item: Leftovers\n|-damage|p1a: Hippowdon|88\/100|[from] Leech Seed|[of] p2a: The Monk\n|-heal|p2a: The Monk|100\/100|[silent]\n|upkeep\n|turn|9\n|\n|t:|1700112849\n|switch|p1a: Landorus|Landorus-Therian, M|88\/100\n|-ability|p1a: Landorus|Intimidate|boost\n|-unboost|p2a: The Monk|atk|1\n|move|p2a: The Monk|Protect|p2a: The Monk\n|-singleturn|p2a: The Monk|Protect\n|move|p1b: Houndstone|Last Respects|p2a: The Monk\n|-activate|p2a: The Monk|move: Protect\n|\n|upkeep\n|turn|10\n|-message|SimpIySimpIe forfeited.\n|\n|win|PlebJones1876\n|raw|PlebJones1876's rating: 1120 &rarr; <strong>1138<\/strong><br \/>(+18 for winning)\n|raw|SimpIySimpIe's rating: 1019 &rarr; <strong>1010<\/strong><br \/>(-9 for losing)\n|l|\u2606SimpIySimpIe\n","uploadtime":1700112935,"views":6,"p1id":"plebjones1876","p2id":"simpiysimpie","formatid":"gen9doublesou","rating":1010,"private":0,"password":""}