{"id":"gen9doublesou-1971498279","p1":"McGamer123","p2":"bigbranonbampus","format":"[Gen 9] Doubles OU","log":"|j|\u2606McGamer123\n|j|\u2606bigbranonbampus\n|t:|1697743235\n|gametype|doubles\n|player|p1|McGamer123|red|1165\n|player|p2|bigbranonbampus|hiker|1271\n|teamsize|p1|6\n|teamsize|p2|6\n|gen|9\n|tier|[Gen 9] Doubles OU\n|rated|\n|rule|Species Clause: Limit one of each Pok\u00e9mon\n|rule|OHKO Clause: OHKO moves are banned\n|rule|Evasion Moves Clause: Evasion moves are banned\n|rule|Gravity Sleep Clause: The combination of sleep-inducing moves with imperfect accuracy and Gravity or Gigantamax Orbeetle are banned\n|rule|Endless Battle Clause: Forcing endless battles is banned\n|rule|HP Percentage Mod: HP is shown in percentages\n|clearpoke\n|poke|p1|Chandelure, M|\n|poke|p1|Mamoswine, M|\n|poke|p1|Meowscarada, M|\n|poke|p1|Toxtricity, M|\n|poke|p1|Moltres-Galar|\n|poke|p1|Walking Wake|\n|poke|p2|Ninetales, M|\n|poke|p2|Ceruledge, M|\n|poke|p2|Arcanine-Hisui, M|\n|poke|p2|Sinistcha-Masterpiece|\n|poke|p2|Alomomola, F|\n|poke|p2|Gliscor, F|\n|teampreview\n|inactive|Battle timer is ON: inactive players will automatically lose when time's up. (requested by bigbranonbampus)\n|inactive|McGamer123 also wants the timer to be on.\n|\n|t:|1697743250\n|start\n|switch|p1a: Houdini|Meowscarada, M, shiny|100\/100\n|switch|p1b: KFC|Moltres-Galar, shiny|100\/100\n|switch|p2a: Arcanine|Arcanine-Hisui, M|100\/100\n|switch|p2b: Gliscor|Gliscor, F|100\/100\n|-ability|p2a: Arcanine|Intimidate|boost\n|-unboost|p1a: Houdini|atk|1\n|-unboost|p1b: KFC|atk|1\n|turn|1\n|inactive|McGamer123 has 120 seconds left.\n|\n|t:|1697743292\n|move|p1a: Houdini|Lash Out|p2a: Arcanine\n|-start|p1a: Houdini|typechange|Dark|[from] ability: Protean\n|-damage|p2a: Arcanine|10\/100\n|move|p1b: KFC|Taunt|p2b: Gliscor\n|-start|p2b: Gliscor|move: Taunt\n|move|p2a: Arcanine|Rock Slide|p1b: KFC|[spread] p1a,p1b\n|-supereffective|p1b: KFC\n|-damage|p1a: Houdini|56\/100\n|-damage|p1b: KFC|33\/100\n|-ability|p1b: KFC|Berserk|boost\n|-boost|p1b: KFC|spa|1\n|move|p2b: Gliscor|Acrobatics|p1a: Houdini\n|-damage|p1a: Houdini|28\/100\n|\n|-heal|p1b: KFC|39\/100|[from] item: Leftovers\n|-status|p2b: Gliscor|tox|[from] item: Toxic Orb\n|upkeep\n|turn|2\n|inactive|McGamer123 has 120 seconds left.\n|\n|t:|1697743329\n|switch|p1a: Water Whip|Walking Wake|100\/100\n|-enditem|p1a: Water Whip|Booster Energy\n|-activate|p1a: Water Whip|ability: Protosynthesis|[fromitem]\n|-start|p1a: Water Whip|protosynthesisspa\n|move|p2a: Arcanine|Extreme Speed|p1a: Water Whip\n|-damage|p1a: Water Whip|71\/100\n|move|p1b: KFC|Tailwind|p1b: KFC\n|-sidestart|p1: McGamer123|move: Tailwind\n|move|p2b: Gliscor|Acrobatics|p1b: KFC\n|-damage|p1b: KFC|19\/100\n|\n|-heal|p1b: KFC|25\/100|[from] item: Leftovers\n|upkeep\n|turn|3\n|inactive|McGamer123 has 120 seconds left.\n|\n|t:|1697743358\n|-terastallize|p2b: Gliscor|Water\n|move|p2a: Arcanine|Extreme Speed|p1b: KFC\n|-damage|p1b: KFC|0 fnt\n|faint|p1b: KFC\n|move|p1a: Water Whip|Scald|p2b: Gliscor\n|-resisted|p2b: Gliscor\n|-damage|p2b: Gliscor|67\/100 tox\n|move|p2b: Gliscor|Earthquake|p1a: Water Whip|[spread] p2a,p1a\n|-supereffective|p2a: Arcanine\n|-damage|p2a: Arcanine|0 fnt\n|-damage|p1a: Water Whip|43\/100\n|faint|p2a: Arcanine\n|\n|-heal|p2b: Gliscor|80\/100 tox|[from] ability: Poison Heal\n|-end|p2b: Gliscor|move: Taunt\n|upkeep\n|inactive|McGamer123 has 120 seconds left.\n|\n|t:|1697743385\n|switch|p2a: Sinistcha|Sinistcha-Masterpiece|100\/100\n|switch|p1b: Houdini|Meowscarada, M, shiny|28\/100\n|-heal|p2b: Gliscor|100\/100 tox|[from] ability: Hospitality|[of] p2a: Sinistcha\n|turn|4\n|inactive|McGamer123 has 120 seconds left.\n|\n|t:|1697743401\n|move|p2a: Sinistcha|Protect|p2a: Sinistcha\n|-singleturn|p2a: Sinistcha|Protect\n|move|p1b: Houdini|Flower Trick|p2b: Gliscor\n|-start|p1b: Houdini|typechange|Grass|[from] ability: Protean\n|-supereffective|p2b: Gliscor\n|-crit|p2b: Gliscor\n|-damage|p2b: Gliscor|11\/100 tox\n|move|p1a: Water Whip|Flamethrower|p2a: Sinistcha\n|-activate|p2a: Sinistcha|move: Protect\n|move|p2b: Gliscor|Earthquake|p1b: Houdini|[spread] p1a,p1b\n|-activate|p2a: Sinistcha|move: Protect\n|-resisted|p1b: Houdini\n|-damage|p1a: Water Whip|17\/100\n|-damage|p1b: Houdini|9\/100\n|\n|-heal|p2b: Gliscor|23\/100 tox|[from] ability: Poison Heal\n|upkeep\n|turn|5\n|inactive|McGamer123 has 120 seconds left.\n|\n|t:|1697743430\n|move|p2b: Gliscor|Protect|p2b: Gliscor\n|-singleturn|p2b: Gliscor|Protect\n|move|p1b: Houdini|Flower Trick|p2b: Gliscor\n|-activate|p2b: Gliscor|move: Protect\n|move|p1a: Water Whip|Dragon Pulse|p2a: Sinistcha\n|-damage|p2a: Sinistcha|28\/100\n|move|p2a: Sinistcha|Matcha Gotcha|p1a: Water Whip|[spread] p1a,p1b\n|-resisted|p1b: Houdini\n|-damage|p1a: Water Whip|0 fnt\n|-heal|p2a: Sinistcha|37\/100|[from] drain|[of] p1a: Water Whip\n|-damage|p1b: Houdini|0 fnt\n|-heal|p2a: Sinistcha|40\/100|[from] drain|[of] p1b: Houdini\n|faint|p1a: Water Whip\n|-end|p1a: Water Whip|Protosynthesis|[silent]\n|faint|p1b: Houdini\n|\n|-heal|p2a: Sinistcha|46\/100|[from] item: Leftovers\n|-heal|p2b: Gliscor|36\/100 tox|[from] ability: Poison Heal\n|-sideend|p1: McGamer123|move: Tailwind\n|upkeep\n|inactive|McGamer123 has 90 seconds left.\n|\n|t:|1697743463\n|switch|p1b: Greater Tusk|Mamoswine, M, shiny|100\/100\n|switch|p1a: Chandler|Chandelure, M, shiny|100\/100\n|turn|6\n|\n|t:|1697743486\n|switch|p2b: Alomomola|Alomomola, F|100\/100\n|move|p2a: Sinistcha|Protect|p2a: Sinistcha\n|-singleturn|p2a: Sinistcha|Protect\n|move|p1b: Greater Tusk|Ice Shard|p2a: Sinistcha\n|-activate|p2a: Sinistcha|move: Protect\n|move|p1a: Chandler|Energy Ball|p2b: Alomomola\n|-supereffective|p2b: Alomomola\n|-damage|p2b: Alomomola|0 fnt\n|faint|p2b: Alomomola\n|\n|-heal|p2a: Sinistcha|52\/100|[from] item: Leftovers\n|upkeep\n|inactive|bigbranonbampus has 120 seconds left.\n|\n|t:|1697743507\n|switch|p2b: Gliscor|Gliscor, F, tera:Water|36\/100 tox\n|turn|7\n|inactive|McGamer123 has 120 seconds left.\n|l|\u2606McGamer123\n|inactive|McGamer123 disconnected and has a minute to reconnect!\n|player|p1|\n|j|\u2606McGamer123\n|inactive|McGamer123 reconnected and has 100 seconds left.\n|player|p1|McGamer123|red\n|\n|t:|1697743539\n|move|p2b: Gliscor|Protect|p2b: Gliscor\n|-singleturn|p2b: Gliscor|Protect\n|move|p1b: Greater Tusk|Ice Shard|p2a: Sinistcha\n|-supereffective|p2a: Sinistcha\n|-damage|p2a: Sinistcha|23\/100\n|move|p1a: Chandler|Energy Ball|p2b: Gliscor\n|-activate|p2b: Gliscor|move: Protect\n|move|p2a: Sinistcha|Shadow Ball|p1a: Chandler\n|-supereffective|p1a: Chandler\n|-damage|p1a: Chandler|0 fnt\n|faint|p1a: Chandler\n|\n|-heal|p2a: Sinistcha|29\/100|[from] item: Leftovers\n|-heal|p2b: Gliscor|48\/100 tox|[from] ability: Poison Heal\n|upkeep\n|inactive|McGamer123 has 90 seconds left.\n|\n|t:|1697743556\n|switch|p1a: Kiss|Toxtricity, M, shiny|100\/100\n|-item|p1a: Kiss|Air Balloon\n|turn|8\n|inactive|McGamer123 has 90 seconds left.\n|\n|t:|1697743576\n|switch|p2b: Ninetales|Ninetales, M|100\/100\n|-weather|SunnyDay|[from] ability: Drought|[of] p2b: Ninetales\n|move|p1b: Greater Tusk|Icicle Spear|p2b: Ninetales\n|-resisted|p2b: Ninetales\n|-damage|p2b: Ninetales|93\/100\n|-resisted|p2b: Ninetales\n|-damage|p2b: Ninetales|85\/100\n|-resisted|p2b: Ninetales\n|-damage|p2b: Ninetales|77\/100\n|-resisted|p2b: Ninetales\n|-damage|p2b: Ninetales|69\/100\n|-hitcount|p2b: Ninetales|4\n|move|p1a: Kiss|Encore|p2a: Sinistcha\n|-start|p2a: Sinistcha|Encore\n|move|p2a: Sinistcha|Shadow Ball|p1a: Kiss\n|-damage|p1a: Kiss|61\/100\n|-enditem|p1a: Kiss|Air Balloon\n|\n|-weather|SunnyDay|[upkeep]\n|-heal|p2a: Sinistcha|35\/100|[from] item: Leftovers\n|upkeep\n|turn|9\n|inactive|McGamer123 has 90 seconds left.\n|inactive|bigbranonbampus has 120 seconds left.\n|\n|t:|1697743622\n|move|p2b: Ninetales|Protect|p2b: Ninetales\n|-singleturn|p2b: Ninetales|Protect\n|move|p1b: Greater Tusk|Rock Blast|p2b: Ninetales\n|-activate|p2b: Ninetales|move: Protect\n|move|p1a: Kiss|Sludge Bomb|p2a: Sinistcha\n|-damage|p2a: Sinistcha|0 fnt\n|faint|p2a: Sinistcha\n|\n|-weather|SunnyDay|[upkeep]\n|upkeep\n|\n|t:|1697743635\n|switch|p2a: Gliscor|Gliscor, F, tera:Water|48\/100 tox\n|turn|10\n|inactive|McGamer123 has 90 seconds left.\n|\n|t:|1697743651\n|-terastallize|p1a: Kiss|Flying\n|move|p2a: Gliscor|Protect|p2a: Gliscor\n|-singleturn|p2a: Gliscor|Protect\n|move|p1b: Greater Tusk|Earthquake|p2b: Ninetales|[spread] p2b\n|-activate|p2a: Gliscor|move: Protect\n|-immune|p1a: Kiss\n|-supereffective|p2b: Ninetales\n|-damage|p2b: Ninetales|0 fnt\n|faint|p2b: Ninetales\n|move|p1a: Kiss|Overdrive|p2a: Gliscor\n|-activate|p2a: Gliscor|move: Protect\n|\n|-weather|SunnyDay|[upkeep]\n|-heal|p2a: Gliscor|60\/100 tox|[from] ability: Poison Heal\n|upkeep\n|inactive|bigbranonbampus has 120 seconds left.\n|\n|t:|1697743662\n|switch|p2b: Ceruledge|Ceruledge, M|100\/100\n|turn|11\n|\n|t:|1697743672\n|move|p2b: Ceruledge|Bitter Blade|p1a: Kiss\n|-damage|p1a: Kiss|0 fnt\n|faint|p1a: Kiss\n|move|p1b: Greater Tusk|Earthquake|p2b: Ceruledge|[spread] p2a,p2b\n|-supereffective|p2b: Ceruledge\n|-damage|p2a: Gliscor|35\/100 tox\n|-damage|p2b: Ceruledge|0 fnt\n|faint|p2b: Ceruledge\n|move|p2a: Gliscor|Crabhammer|p1b: Greater Tusk\n|-supereffective|p1b: Greater Tusk\n|-damage|p1b: Greater Tusk|62\/100\n|\n|-weather|SunnyDay|[upkeep]\n|-heal|p2a: Gliscor|47\/100 tox|[from] ability: Poison Heal\n|upkeep\n|turn|12\n|inactive|McGamer123 has 120 seconds left.\n|\n|t:|1697743695\n|move|p2a: Gliscor|Protect|p2a: Gliscor\n|-singleturn|p2a: Gliscor|Protect\n|move|p1b: Greater Tusk|Icicle Spear|p2a: Gliscor\n|-activate|p2a: Gliscor|move: Protect\n|\n|-weather|SunnyDay|[upkeep]\n|-heal|p2a: Gliscor|60\/100 tox|[from] ability: Poison Heal\n|upkeep\n|turn|13\n|\n|t:|1697743705\n|move|p1b: Greater Tusk|Rock Blast|p2a: Gliscor\n|-damage|p2a: Gliscor|53\/100 tox\n|-damage|p2a: Gliscor|48\/100 tox\n|-damage|p2a: Gliscor|42\/100 tox\n|-crit|p2a: Gliscor\n|-damage|p2a: Gliscor|33\/100 tox\n|-hitcount|p2a: Gliscor|4\n|move|p2a: Gliscor|Crabhammer|p1b: Greater Tusk\n|-supereffective|p1b: Greater Tusk\n|-damage|p1b: Greater Tusk|25\/100\n|\n|-weather|SunnyDay|[upkeep]\n|-heal|p2a: Gliscor|46\/100 tox|[from] ability: Poison Heal\n|upkeep\n|turn|14\n|l|\u2606McGamer123\n|inactive|McGamer123 disconnected and has a minute to reconnect!\n|player|p1|\n|j|\u2606McGamer123\n|inactive|McGamer123 reconnected and has 125 seconds left.\n|player|p1|McGamer123|red\n|inactive|McGamer123 has 120 seconds left.\n|\n|t:|1697743741\n|move|p2a: Gliscor|Protect|p2a: Gliscor\n|-singleturn|p2a: Gliscor|Protect\n|move|p1b: Greater Tusk|Rock Blast|p2a: Gliscor\n|-activate|p2a: Gliscor|move: Protect\n|\n|-weather|SunnyDay|[upkeep]\n|-heal|p2a: Gliscor|58\/100 tox|[from] ability: Poison Heal\n|upkeep\n|turn|15\n|\n|t:|1697743751\n|move|p1b: Greater Tusk|Earthquake|p2a: Gliscor\n|-damage|p2a: Gliscor|28\/100 tox\n|move|p2a: Gliscor|Crabhammer|p1b: Greater Tusk\n|-supereffective|p1b: Greater Tusk\n|-damage|p1b: Greater Tusk|0 fnt\n|faint|p1b: Greater Tusk\n|\n|win|bigbranonbampus\n|raw|McGamer123's rating: 1165 &rarr; <strong>1147<\/strong><br \/>(-18 for losing)\n|raw|bigbranonbampus's rating: 1271 &rarr; <strong>1289<\/strong><br \/>(+18 for winning)\n|l|\u2606McGamer123\n","uploadtime":1697743768,"views":11,"p1id":"mcgamer123","p2id":"bigbranonbampus","formatid":"gen9doublesou","rating":1147,"private":0,"password":""}