{"id":"gen9doublesou-1980385703","p1":"e_bennettwe","p2":"yisuspty","format":"[Gen 9] Doubles OU","log":"|j|\u2606e_bennettwe\n|j|\u2606yisuspty\n|t:|1698780366\n|gametype|doubles\n|player|p1|e_bennettwe|clay|1509\n|player|p2|yisuspty|n|1575\n|teamsize|p1|6\n|teamsize|p2|6\n|gen|9\n|tier|[Gen 9] Doubles OU\n|rated|\n|rule|Species Clause: Limit one of each Pok\u00e9mon\n|rule|OHKO Clause: OHKO moves are banned\n|rule|Evasion Moves Clause: Evasion moves are banned\n|rule|Gravity Sleep Clause: The combination of sleep-inducing moves with imperfect accuracy and Gravity or Gigantamax Orbeetle are banned\n|rule|Endless Battle Clause: Forcing endless battles is banned\n|rule|HP Percentage Mod: HP is shown in percentages\n|clearpoke\n|poke|p1|Sinistcha-Masterpiece|\n|poke|p1|Ursaluna-Bloodmoon, M|\n|poke|p1|Munkidori, M|\n|poke|p1|Kingambit, F|\n|poke|p1|Iron Moth|\n|poke|p1|Garganacl, F|\n|poke|p2|Basculegion-F, F|\n|poke|p2|Torkoal, F|\n|poke|p2|Armarouge, F|\n|poke|p2|Iron Bundle|\n|poke|p2|Indeedee-F, F|\n|poke|p2|Chien-Pao|\n|teampreview\n|\n|t:|1698780386\n|start\n|switch|p1a: Ursaluna|Ursaluna-Bloodmoon, M|100\/100\n|switch|p1b: Munkidori|Munkidori, M|100\/100\n|switch|p2a: Iron Bundle|Iron Bundle|100\/100\n|switch|p2b: Armarouge|Armarouge, F|100\/100\n|turn|1\n|\n|t:|1698780413\n|-terastallize|p1a: Ursaluna|Normal\n|move|p2a: Iron Bundle|U-turn|p2b: Armarouge\n|-damage|p2b: Armarouge|86\/100\n|-ability|p2b: Armarouge|Weak Armor|boost\n|-unboost|p2b: Armarouge|def|1\n|-boost|p2b: Armarouge|spe|2\n|\n|t:|1698780432\n|-end|p2a: Iron Bundle|Quark Drive|[silent]\n|switch|p2a: Indeedee|Indeedee-F, F, shiny|100\/100|[from] U-turn\n|-fieldstart|move: Psychic Terrain|[from] ability: Psychic Surge|[of] p2a: Indeedee\n|move|p2b: Armarouge|Expanding Force|p1b: Munkidori|[spread] p1a,p1b\n|-damage|p1a: Ursaluna|49\/100\n|-damage|p1b: Munkidori|34\/100\n|move|p1b: Munkidori|Future Sight|p2a: Indeedee\n|-start|p1b: Munkidori|move: Future Sight\n|move|p1a: Ursaluna|Blood Moon|p2b: Armarouge\n|-damage|p2b: Armarouge|0 fnt\n|faint|p2b: Armarouge\n|\n|upkeep\n|\n|t:|1698780460\n|switch|p2b: Torkoal|Torkoal, F|100\/100\n|-weather|SunnyDay|[from] ability: Drought|[of] p2b: Torkoal\n|turn|2\n|\n|t:|1698780473\n|switch|p1a: Iron Moth|Iron Moth|100\/100\n|-enditem|p1a: Iron Moth|Booster Energy\n|-activate|p1a: Iron Moth|ability: Quark Drive|[fromitem]\n|-start|p1a: Iron Moth|quarkdrivespa\n|move|p2a: Indeedee|Helping Hand|p2b: Torkoal\n|-singleturn|p2b: Torkoal|Helping Hand|[of] p2a: Indeedee\n|move|p1b: Munkidori|Acid Spray|p2a: Indeedee\n|-damage|p2a: Indeedee|84\/100\n|-unboost|p2a: Indeedee|spd|2\n|move|p2b: Torkoal|Heat Wave|p1b: Munkidori|[spread] p1a,p1b\n|-resisted|p1a: Iron Moth\n|-damage|p1a: Iron Moth|45\/100\n|-damage|p1b: Munkidori|0 fnt\n|faint|p1b: Munkidori\n|\n|-weather|SunnyDay|[upkeep]\n|upkeep\n|\n|t:|1698780488\n|switch|p1b: Garganacl|Garganacl, F|100\/100\n|turn|3\n|\n|t:|1698780498\n|move|p2a: Indeedee|Helping Hand|p2b: Torkoal\n|-singleturn|p2b: Torkoal|Helping Hand|[of] p2a: Indeedee\n|move|p1b: Garganacl|Wide Guard|p1b: Garganacl\n|-singleturn|p1b: Garganacl|Wide Guard\n|move|p1a: Iron Moth|Heat Wave|p2b: Torkoal|[spread] p2a,p2b\n|-resisted|p2b: Torkoal\n|-crit|p2b: Torkoal\n|-damage|p2a: Indeedee|0 fnt\n|-damage|p2b: Torkoal|23\/100\n|faint|p2a: Indeedee\n|move|p2b: Torkoal|Heat Wave|p1b: Garganacl|[spread] \n|-activate|p1a: Iron Moth|move: Wide Guard\n|-activate|p1b: Garganacl|move: Wide Guard\n|\n|-weather|SunnyDay|[upkeep]\n|-hint|Future Sight did not hit because the target is fainted.\n|upkeep\n|\n|t:|1698780518\n|switch|p2a: Iron Bundle|Iron Bundle|100\/100\n|turn|4\n|\n|t:|1698780530\n|-end|p1a: Iron Moth|Quark Drive|[silent]\n|switch|p1a: Sinistcha|Sinistcha-Masterpiece|100\/100\n|move|p2a: Iron Bundle|Hydro Pump|p1a: Sinistcha\n|-resisted|p1a: Sinistcha\n|-damage|p1a: Sinistcha|89\/100\n|move|p1b: Garganacl|Salt Cure|p2b: Torkoal\n|-supereffective|p2b: Torkoal\n|-damage|p2b: Torkoal|1\/100\n|-start|p2b: Torkoal|Salt Cure\n|move|p2b: Torkoal|Heat Wave|p1a: Sinistcha|[spread] p1a\n|-miss|p2b: Torkoal|p1b: Garganacl\n|-supereffective|p1a: Sinistcha\n|-damage|p1a: Sinistcha|0 fnt\n|faint|p1a: Sinistcha\n|\n|-weather|SunnyDay|[upkeep]\n|-damage|p2b: Torkoal|0 fnt|[from] Salt Cure\n|faint|p2b: Torkoal\n|upkeep\n|\n|t:|1698780547\n|switch|p1a: Kingambit|Kingambit, F|100\/100\n|switch|p2b: Chien-Pao|Chien-Pao|100\/100\n|-ability|p2b: Chien-Pao|Sword of Ruin\n|turn|5\n|\n|t:|1698780579\n|move|p2a: Iron Bundle|Protect|p2a: Iron Bundle\n|-singleturn|p2a: Iron Bundle|Protect\n|move|p1a: Kingambit|Sucker Punch||[still]\n|-fail|p1a: Kingambit\n|move|p2b: Chien-Pao|Sacred Sword|p1b: Garganacl\n|-supereffective|p1b: Garganacl\n|-damage|p1b: Garganacl|48\/100\n|-damage|p2b: Chien-Pao|84\/100|[from] item: Rocky Helmet|[of] p1b: Garganacl\n|-damage|p2b: Chien-Pao|74\/100|[from] item: Life Orb\n|move|p1b: Garganacl|Body Press|p2b: Chien-Pao\n|-supereffective|p2b: Chien-Pao\n|-damage|p2b: Chien-Pao|0 fnt\n|faint|p2b: Chien-Pao\n|\n|-weather|SunnyDay|[upkeep]\n|-fieldend|move: Psychic Terrain\n|upkeep\n|\n|t:|1698780586\n|switch|p2b: Basculegion|Basculegion-F, F|100\/100\n|turn|6\n|j|+lord death man\n|\n|t:|1698780603\n|-terastallize|p2b: Basculegion|Fighting\n|move|p1a: Kingambit|Sucker Punch|p2b: Basculegion\n|-resisted|p2b: Basculegion\n|-damage|p2b: Basculegion|76\/100\n|move|p2b: Basculegion|Last Respects|p1a: Kingambit\n|-resisted|p1a: Kingambit\n|-damage|p1a: Kingambit|65\/100\n|move|p2a: Iron Bundle|Hydro Pump|p1b: Garganacl|[miss]\n|-miss|p2a: Iron Bundle|p1b: Garganacl\n|move|p1b: Garganacl|Body Press|p2a: Iron Bundle\n|-supereffective|p2a: Iron Bundle\n|-damage|p2a: Iron Bundle|25\/100\n|\n|-weather|none\n|upkeep\n|turn|7\n|l|+lord death man\n|\n|t:|1698780624\n|move|p2a: Iron Bundle|Protect|p2a: Iron Bundle\n|-singleturn|p2a: Iron Bundle|Protect\n|move|p2b: Basculegion|Last Respects|p1b: Garganacl\n|-damage|p1b: Garganacl|20\/100\n|move|p1a: Kingambit|Iron Head|p2b: Basculegion\n|-crit|p2b: Basculegion\n|-damage|p2b: Basculegion|0 fnt\n|faint|p2b: Basculegion\n|move|p1b: Garganacl|Body Press|p2a: Iron Bundle\n|-activate|p2a: Iron Bundle|move: Protect\n|\n|upkeep\n|turn|8\n|-message|yisuspty forfeited.\n|\n|win|e_bennettwe\n|raw|e_bennettwe's rating: 1509 &rarr; <strong>1533<\/strong><br \/>(+24 for winning)\n|raw|yisuspty's rating: 1575 &rarr; <strong>1551<\/strong><br \/>(-24 for losing)\n|l|\u2606yisuspty\n|l|\u2606e_bennettwe\n","uploadtime":1698780639,"views":13,"p1id":"ebennettwe","p2id":"yisuspty","formatid":"gen9doublesou","rating":1533,"private":0,"password":""}