{"id":"gen9doublesou-1986354254","p1":"jadvnwtd","p2":"AthanTheOracle","format":"[Gen 9] Doubles OU","log":"|j|\u2606jadvnwtd\n|j|\u2606AthanTheOracle\n|t:|1699471784\n|gametype|doubles\n|player|p1|jadvnwtd|roxie|1243\n|player|p2|AthanTheOracle|psychic-gen4|1214\n|teamsize|p1|6\n|teamsize|p2|6\n|gen|9\n|tier|[Gen 9] Doubles OU\n|rated|\n|rule|Species Clause: Limit one of each Pok\u00e9mon\n|rule|OHKO Clause: OHKO moves are banned\n|rule|Evasion Moves Clause: Evasion moves are banned\n|rule|Gravity Sleep Clause: The combination of sleep-inducing moves with imperfect accuracy and Gravity or Gigantamax Orbeetle are banned\n|rule|Endless Battle Clause: Forcing endless battles is banned\n|rule|HP Percentage Mod: HP is shown in percentages\n|clearpoke\n|poke|p1|Trevenant, M|\n|poke|p1|Torkoal, F|\n|poke|p1|Farigiraf, F|\n|poke|p1|Empoleon, F|\n|poke|p1|Iron Hands|\n|poke|p1|Ursaluna-Bloodmoon, M|\n|poke|p2|Ogerpon-Wellspring, F|\n|poke|p2|Pelipper, M|\n|poke|p2|Gastrodon, M|\n|poke|p2|Volcanion|\n|poke|p2|Clodsire, M|\n|poke|p2|Basculegion-F, F|\n|teampreview\n|\n|t:|1699471809\n|start\n|switch|p1a: Trevenant|Trevenant, M, shiny|100\/100\n|switch|p1b: Torkoal|Torkoal, F|100\/100\n|switch|p2a: Failure the Shinx|Gastrodon, M|100\/100\n|switch|p2b: TheMudTitan|Clodsire, M|100\/100\n|-weather|SunnyDay|[from] ability: Drought|[of] p1b: Torkoal\n|turn|1\n|\n|t:|1699471824\n|switch|p1b: Empoleon|Empoleon, F, shiny|100\/100\n|-terastallize|p2a: Failure the Shinx|Fire\n|move|p2b: TheMudTitan|Surf|p1a: Trevenant|[spread] p1a,p1b\n|-ability|p2a: Failure the Shinx|Storm Drain|boost\n|-boost|p2a: Failure the Shinx|spa|1\n|-resisted|p1a: Trevenant\n|-resisted|p1b: Empoleon\n|-damage|p1a: Trevenant|99\/100\n|-damage|p1b: Empoleon|99\/100\n|move|p2a: Failure the Shinx|Stockpile|p2a: Failure the Shinx\n|-start|p2a: Failure the Shinx|stockpile1\n|-boost|p2a: Failure the Shinx|def|1\n|-boost|p2a: Failure the Shinx|spd|1\n|move|p1a: Trevenant|Trick Room|p1a: Trevenant\n|-fieldstart|move: Trick Room|[of] p1a: Trevenant\n|\n|-weather|SunnyDay|[upkeep]\n|-heal|p1b: Empoleon|100\/100|[from] item: Leftovers\n|upkeep\n|turn|2\n|c|\u2606AthanTheOracle|That tevenant shiny goes hard\n|\n|t:|1699471845\n|move|p2a: Failure the Shinx|Earth Power|p1b: Empoleon\n|-supereffective|p1b: Empoleon\n|-damage|p1b: Empoleon|27\/100\n|move|p2b: TheMudTitan|Toxic Spikes|p1a: Trevenant\n|-sidestart|p1: jadvnwtd|move: Toxic Spikes\n|move|p1a: Trevenant|Horn Leech|p2a: Failure the Shinx\n|-resisted|p2a: Failure the Shinx\n|-crit|p2a: Failure the Shinx\n|-damage|p2a: Failure the Shinx|77\/100\n|-heal|p1a: Trevenant|100\/100|[from] drain|[of] p2a: Failure the Shinx\n|move|p1b: Empoleon|Ice Beam|p2b: TheMudTitan\n|-supereffective|p2b: TheMudTitan\n|-damage|p2b: TheMudTitan|64\/100\n|\n|-weather|SunnyDay|[upkeep]\n|-heal|p2a: Failure the Shinx|83\/100|[from] item: Leftovers\n|-heal|p2b: TheMudTitan|71\/100|[from] item: Leftovers\n|-heal|p1b: Empoleon|34\/100|[from] item: Leftovers\n|upkeep\n|turn|3\n|c|\u2606jadvnwtd|ty\n|c|\u2606jadvnwtd|that duo is great lol idk what to do\n|\n|t:|1699471935\n|switch|p1b: Ursaluna|Ursaluna-Bloodmoon, M|100\/100\n|-status|p1b: Ursaluna|psn\n|move|p2a: Failure the Shinx|Stockpile|p2a: Failure the Shinx\n|-start|p2a: Failure the Shinx|stockpile2\n|-boost|p2a: Failure the Shinx|def|1\n|-boost|p2a: Failure the Shinx|spd|1\n|move|p2b: TheMudTitan|High Horsepower|p1b: Ursaluna\n|-damage|p1b: Ursaluna|84\/100 psn\n|move|p1a: Trevenant|Will-O-Wisp|p2b: TheMudTitan\n|-status|p2b: TheMudTitan|brn\n|\n|-weather|SunnyDay|[upkeep]\n|-heal|p2a: Failure the Shinx|89\/100|[from] item: Leftovers\n|-heal|p2b: TheMudTitan|77\/100 brn|[from] item: Leftovers\n|-damage|p1b: Ursaluna|71\/100 psn|[from] psn\n|-damage|p2b: TheMudTitan|71\/100 brn|[from] brn\n|upkeep\n|turn|4\n|\n|t:|1699471972\n|switch|p1a: Farigiraf|Farigiraf, F|100\/100\n|-status|p1a: Farigiraf|psn\n|move|p1b: Ursaluna|Protect|p1b: Ursaluna\n|-singleturn|p1b: Ursaluna|Protect\n|move|p2a: Failure the Shinx|Surf|p1b: Ursaluna|[spread] p1a\n|-activate|p1b: Ursaluna|move: Protect\n|-heal|p2b: TheMudTitan|96\/100 brn|[from] ability: Water Absorb|[of] p2a: Failure the Shinx\n|-damage|p1a: Farigiraf|90\/100 psn\n|move|p2b: TheMudTitan|Surf|p1a: Farigiraf|[spread] p1a\n|-activate|p1b: Ursaluna|move: Protect\n|-ability|p2a: Failure the Shinx|Storm Drain|boost\n|-boost|p2a: Failure the Shinx|spa|1\n|-damage|p1a: Farigiraf|87\/100 psn\n|\n|-weather|SunnyDay|[upkeep]\n|-heal|p2a: Failure the Shinx|95\/100|[from] item: Leftovers\n|-heal|p2b: TheMudTitan|100\/100 brn|[from] item: Leftovers\n|-damage|p1b: Ursaluna|59\/100 psn|[from] psn\n|-damage|p1a: Farigiraf|74\/100 psn|[from] psn\n|-damage|p2b: TheMudTitan|94\/100 brn|[from] brn\n|upkeep\n|turn|5\n|c|\u2606jadvnwtd|LOOOOOL\n|\n|t:|1699471998\n|switch|p2b: Quagmire Toilet|Pelipper, M|100\/100\n|-weather|RainDance|[from] ability: Drizzle|[of] p2b: Quagmire Toilet\n|move|p1a: Farigiraf|Helping Hand|p1b: Ursaluna\n|-singleturn|p1b: Ursaluna|Helping Hand|[of] p1a: Farigiraf\n|move|p2a: Failure the Shinx|Surf|p1a: Farigiraf|[spread] p2b,p1a,p1b\n|-resisted|p2b: Quagmire Toilet\n|-supereffective|p1b: Ursaluna\n|-damage|p2b: Quagmire Toilet|54\/100\n|-damage|p1a: Farigiraf|24\/100 psn\n|-damage|p1b: Ursaluna|0 fnt\n|faint|p1b: Ursaluna\n|\n|-weather|RainDance|[upkeep]\n|-heal|p2a: Failure the Shinx|100\/100|[from] item: Leftovers\n|-heal|p2b: Quagmire Toilet|60\/100|[from] item: Leftovers\n|-damage|p1a: Farigiraf|12\/100 psn|[from] psn\n|-fieldend|move: Trick Room\n|upkeep\n|\n|t:|1699472017\n|switch|p1b: Torkoal|Torkoal, F|100\/100\n|-status|p1b: Torkoal|psn\n|-weather|SunnyDay|[from] ability: Drought|[of] p1b: Torkoal\n|turn|6\n|\n|t:|1699472027\n|switch|p2b: TheMudTitan|Clodsire, M|94\/100 brn\n|move|p1b: Torkoal|Protect|p1b: Torkoal\n|-singleturn|p1b: Torkoal|Protect\n|move|p2a: Failure the Shinx|Surf|p1b: Torkoal|[spread] p1a\n|-activate|p1b: Torkoal|move: Protect\n|-heal|p2b: TheMudTitan|100\/100 brn|[from] ability: Water Absorb|[of] p2a: Failure the Shinx\n|-damage|p1a: Farigiraf|0 fnt\n|faint|p1a: Farigiraf\n|\n|-weather|SunnyDay|[upkeep]\n|-damage|p1b: Torkoal|88\/100 psn|[from] psn\n|-damage|p2b: TheMudTitan|94\/100 brn|[from] brn\n|upkeep\n|\n|t:|1699472044\n|switch|p1a: Iron Hands|Iron Hands|100\/100\n|-status|p1a: Iron Hands|psn\n|turn|7\n|\n|t:|1699472058\n|-terastallize|p1b: Torkoal|Fire\n|move|p1a: Iron Hands|Fake Out|p2a: Failure the Shinx\n|-damage|p2a: Failure the Shinx|91\/100\n|move|p2b: TheMudTitan|Surf|p1b: Torkoal|[spread] p1a,p1b\n|-ability|p2a: Failure the Shinx|Storm Drain|boost\n|-boost|p2a: Failure the Shinx|spa|1\n|-supereffective|p1b: Torkoal\n|-damage|p1a: Iron Hands|98\/100 psn\n|-damage|p1b: Torkoal|78\/100 psn\n|cant|p2a: Failure the Shinx|flinch\n|move|p1b: Torkoal|Eruption|p2b: TheMudTitan|[spread] p2a,p2b\n|-resisted|p2a: Failure the Shinx\n|-damage|p2a: Failure the Shinx|77\/100\n|-damage|p2b: TheMudTitan|39\/100 brn\n|\n|-weather|SunnyDay|[upkeep]\n|-heal|p2b: TheMudTitan|45\/100 brn|[from] item: Leftovers\n|-heal|p2a: Failure the Shinx|83\/100|[from] item: Leftovers\n|-damage|p1a: Iron Hands|86\/100 psn|[from] psn\n|-damage|p1b: Torkoal|66\/100 psn|[from] psn\n|-damage|p2b: TheMudTitan|39\/100 brn|[from] brn\n|upkeep\n|turn|8\n|\n|t:|1699472106\n|move|p1a: Iron Hands|Drain Punch|p2b: TheMudTitan\n|-resisted|p2b: TheMudTitan\n|-damage|p2b: TheMudTitan|15\/100 brn\n|-heal|p1a: Iron Hands|97\/100 psn|[from] drain|[of] p2b: TheMudTitan\n|move|p2b: TheMudTitan|Recover|p2b: TheMudTitan\n|-heal|p2b: TheMudTitan|65\/100 brn\n|move|p2a: Failure the Shinx|Earth Power|p1a: Iron Hands\n|-supereffective|p1a: Iron Hands\n|-damage|p1a: Iron Hands|8\/100 psn\n|move|p1b: Torkoal|Earth Power|p2b: TheMudTitan\n|-supereffective|p2b: TheMudTitan\n|-damage|p2b: TheMudTitan|33\/100 brn\n|\n|-weather|SunnyDay|[upkeep]\n|-heal|p2b: TheMudTitan|39\/100 brn|[from] item: Leftovers\n|-heal|p2a: Failure the Shinx|89\/100|[from] item: Leftovers\n|-damage|p1a: Iron Hands|0 fnt|[from] psn\n|faint|p1a: Iron Hands\n|-end|p1a: Iron Hands|Quark Drive|[silent]\n|-damage|p1b: Torkoal|53\/100 psn|[from] psn\n|-damage|p2b: TheMudTitan|33\/100 brn|[from] brn\n|upkeep\n|\n|t:|1699472146\n|switch|p1a: Trevenant|Trevenant, M, shiny|100\/100\n|-status|p1a: Trevenant|psn\n|turn|9\n|\n|t:|1699472154\n|move|p1b: Torkoal|Protect|p1b: Torkoal\n|-singleturn|p1b: Torkoal|Protect\n|move|p2b: TheMudTitan|Surf|p1b: Torkoal|[spread] p1a\n|-activate|p1b: Torkoal|move: Protect\n|-ability|p2a: Failure the Shinx|Storm Drain|boost\n|-boost|p2a: Failure the Shinx|spa|1\n|-resisted|p1a: Trevenant\n|-damage|p1a: Trevenant|99\/100 psn\n|move|p2a: Failure the Shinx|Earth Power|p1b: Torkoal\n|-activate|p1b: Torkoal|move: Protect\n|move|p1a: Trevenant|Trick Room|p1a: Trevenant\n|-fieldstart|move: Trick Room|[of] p1a: Trevenant\n|\n|-weather|SunnyDay|[upkeep]\n|-heal|p2a: Failure the Shinx|96\/100|[from] item: Leftovers\n|-heal|p2b: TheMudTitan|39\/100 brn|[from] item: Leftovers\n|-damage|p1b: Torkoal|41\/100 psn|[from] psn\n|-damage|p1a: Trevenant|87\/100 psn|[from] psn\n|-damage|p2b: TheMudTitan|33\/100 brn|[from] brn\n|upkeep\n|turn|10\n|\n|t:|1699472182\n|move|p1b: Torkoal|Earth Power|p2a: Failure the Shinx\n|-supereffective|p2a: Failure the Shinx\n|-damage|p2a: Failure the Shinx|78\/100\n|move|p2a: Failure the Shinx|Surf|p1b: Torkoal|[spread] p1a,p1b\n|-heal|p2b: TheMudTitan|58\/100 brn|[from] ability: Water Absorb|[of] p2a: Failure the Shinx\n|-resisted|p1a: Trevenant\n|-supereffective|p1b: Torkoal\n|-damage|p1a: Trevenant|73\/100 psn\n|-damage|p1b: Torkoal|0 fnt\n|faint|p1b: Torkoal\n|move|p2b: TheMudTitan|Surf|p1a: Trevenant|[spread] p1a\n|-ability|p2a: Failure the Shinx|Storm Drain|boost\n|-boost|p2a: Failure the Shinx|spa|1\n|-resisted|p1a: Trevenant\n|-damage|p1a: Trevenant|72\/100 psn\n|move|p1a: Trevenant|Horn Leech|p2b: TheMudTitan\n|-damage|p2b: TheMudTitan|26\/100 brn\n|-heal|p1a: Trevenant|92\/100 psn|[from] drain|[of] p2b: TheMudTitan\n|\n|-weather|none\n|-heal|p2a: Failure the Shinx|84\/100|[from] item: Leftovers\n|-heal|p2b: TheMudTitan|32\/100 brn|[from] item: Leftovers\n|-damage|p1a: Trevenant|79\/100 psn|[from] psn\n|-damage|p2b: TheMudTitan|26\/100 brn|[from] brn\n|upkeep\n|\n|t:|1699472202\n|switch|p1b: Empoleon|Empoleon, F, shiny|34\/100\n|turn|11\n|\n|t:|1699472230\n|move|p2a: Failure the Shinx|Surf|p1b: Empoleon|[spread] p1a,p1b\n|-heal|p2b: TheMudTitan|51\/100 brn|[from] ability: Water Absorb|[of] p2a: Failure the Shinx\n|-resisted|p1a: Trevenant\n|-resisted|p1b: Empoleon\n|-damage|p1a: Trevenant|46\/100 psn\n|-damage|p1b: Empoleon|0 fnt\n|-enditem|p1a: Trevenant|Sitrus Berry|[eat]\n|-heal|p1a: Trevenant|71\/100 psn|[from] item: Sitrus Berry\n|faint|p1b: Empoleon\n|move|p2b: TheMudTitan|High Horsepower|p1a: Trevenant\n|-resisted|p1a: Trevenant\n|-damage|p1a: Trevenant|65\/100 psn\n|move|p1a: Trevenant|Horn Leech|p2b: TheMudTitan\n|-damage|p2b: TheMudTitan|19\/100 brn\n|-heal|p1a: Trevenant|85\/100 psn|[from] drain|[of] p2b: TheMudTitan\n|\n|-heal|p2a: Failure the Shinx|90\/100|[from] item: Leftovers\n|-heal|p2b: TheMudTitan|25\/100 brn|[from] item: Leftovers\n|-damage|p1a: Trevenant|73\/100 psn|[from] psn\n|-damage|p2b: TheMudTitan|19\/100 brn|[from] brn\n|upkeep\n|turn|12\n|c|\u2606jadvnwtd|gg\n|c|\u2606AthanTheOracle|GG\n|\n|t:|1699472250\n|switch|p2b: Quagmire Toilet|Pelipper, M|60\/100\n|-weather|RainDance|[from] ability: Drizzle|[of] p2b: Quagmire Toilet\n|move|p2a: Failure the Shinx|Surf|p1a: Trevenant|[spread] p2b,p1a\n|-resisted|p2b: Quagmire Toilet\n|-resisted|p1a: Trevenant\n|-damage|p2b: Quagmire Toilet|0 fnt\n|-damage|p1a: Trevenant|23\/100 psn\n|faint|p2b: Quagmire Toilet\n|move|p1a: Trevenant|Horn Leech|p2a: Failure the Shinx\n|-resisted|p2a: Failure the Shinx\n|-damage|p2a: Failure the Shinx|82\/100\n|-heal|p1a: Trevenant|28\/100 psn|[from] drain|[of] p2a: Failure the Shinx\n|\n|-weather|RainDance|[upkeep]\n|-heal|p2a: Failure the Shinx|88\/100|[from] item: Leftovers\n|-damage|p1a: Trevenant|15\/100 psn|[from] psn\n|-item|p1a: Trevenant|Sitrus Berry|[from] ability: Harvest\n|upkeep\n|-enditem|p1a: Trevenant|Sitrus Berry|[eat]\n|-heal|p1a: Trevenant|40\/100 psn|[from] item: Sitrus Berry\n|\n|t:|1699472264\n|switch|p2b: TheMudTitan|Clodsire, M|19\/100 brn\n|turn|13\n|\n|t:|1699472270\n|move|p2a: Failure the Shinx|Surf|p1a: Trevenant|[spread] p1a\n|-heal|p2b: TheMudTitan|44\/100 brn|[from] ability: Water Absorb|[of] p2a: Failure the Shinx\n|-resisted|p1a: Trevenant\n|-damage|p1a: Trevenant|0 fnt\n|faint|p1a: Trevenant\n|\n|win|AthanTheOracle\n|raw|jadvnwtd's rating: 1243 &rarr; <strong>1216<\/strong><br \/>(-27 for losing)\n|raw|AthanTheOracle's rating: 1214 &rarr; <strong>1241<\/strong><br \/>(+27 for winning)\n","uploadtime":1699472280,"views":13,"p1id":"jadvnwtd","p2id":"athantheoracle","formatid":"gen9doublesou","rating":1216,"private":0,"password":""}