{"id":"gen9doublesou-1971400255","p1":"Throw Games","p2":"ImperialDramon46","format":"[Gen 9] Doubles OU","log":"|j|\u2606Throw Games\n|j|\u2606ImperialDramon46\n|t:|1697735529\n|gametype|doubles\n|player|p1|Throw Games|clay|1577\n|player|p2|ImperialDramon46|lance-gen2|1545\n|teamsize|p1|6\n|teamsize|p2|6\n|gen|9\n|tier|[Gen 9] Doubles OU\n|rated|\n|rule|Species Clause: Limit one of each Pok\u00e9mon\n|rule|OHKO Clause: OHKO moves are banned\n|rule|Evasion Moves Clause: Evasion moves are banned\n|rule|Gravity Sleep Clause: The combination of sleep-inducing moves with imperfect accuracy and Gravity or Gigantamax Orbeetle are banned\n|rule|Endless Battle Clause: Forcing endless battles is banned\n|rule|HP Percentage Mod: HP is shown in percentages\n|clearpoke\n|poke|p1|Gholdengo|\n|poke|p1|Chi-Yu|\n|poke|p1|Landorus-Therian, M|\n|poke|p1|Tyranitar, F|\n|poke|p1|Sinistcha-Masterpiece|\n|poke|p1|Cresselia, F|\n|poke|p2|Volcanion|\n|poke|p2|Diancie|\n|poke|p2|Kingambit, M|\n|poke|p2|Landorus-Therian, M|\n|poke|p2|Shaymin-Sky|\n|poke|p2|Tornadus, M|\n|teampreview\n|inactive|Battle timer is ON: inactive players will automatically lose when time's up. (requested by Throw Games)\n|inactive|ImperialDramon46 has 120 seconds left.\n|\n|t:|1697735573\n|start\n|switch|p1a: Chi-Yu|Chi-Yu|100\/100\n|switch|p1b: Gholdengo|Gholdengo|100\/100\n|switch|p2a: Landorus|Landorus-Therian, M|100\/100\n|switch|p2b: Kingambit|Kingambit, M|100\/100\n|-ability|p1a: Chi-Yu|Beads of Ruin\n|-ability|p2a: Landorus|Intimidate|boost\n|-unboost|p1a: Chi-Yu|atk|1\n|-unboost|p1b: Gholdengo|atk|1\n|turn|1\n|\n|t:|1697735585\n|switch|p1b: Landorus|Landorus-Therian, M|100\/100\n|-ability|p1b: Landorus|Intimidate|boost\n|-unboost|p2a: Landorus|atk|1\n|-unboost|p2b: Kingambit|atk|1\n|-ability|p2b: Kingambit|Defiant|boost\n|-boost|p2b: Kingambit|atk|2\n|switch|p2b: Tornadus|Tornadus, M|100\/100\n|move|p1a: Chi-Yu|Heat Wave|p2a: Landorus|[spread] p2a,p2b\n|-damage|p2a: Landorus|53\/100\n|-damage|p2b: Tornadus|4\/100\n|-enditem|p2b: Tornadus|Wiki Berry|[eat]\n|-heal|p2b: Tornadus|37\/100|[from] item: Wiki Berry\n|-damage|p1a: Chi-Yu|91\/100|[from] item: Life Orb\n|move|p2a: Landorus|Earthquake|p1a: Chi-Yu|[spread] p1a\n|-immune|p2b: Tornadus\n|-immune|p1b: Landorus\n|-supereffective|p1a: Chi-Yu\n|-damage|p1a: Chi-Yu|0 fnt\n|faint|p1a: Chi-Yu\n|\n|upkeep\n|\n|t:|1697735597\n|switch|p1a: Cresselia|Cresselia, F|100\/100\n|turn|2\n|\n|t:|1697735603\n|move|p2b: Tornadus|Taunt|p1a: Cresselia\n|-start|p1a: Cresselia|move: Taunt\n|move|p1b: Landorus|Rock Slide|p2b: Tornadus|[spread] p2a,p2b\n|-supereffective|p2b: Tornadus\n|-damage|p2a: Landorus|30\/100\n|-damage|p2b: Tornadus|0 fnt\n|faint|p2b: Tornadus\n|move|p2a: Landorus|U-turn|p1a: Cresselia\n|-supereffective|p1a: Cresselia\n|-damage|p1a: Cresselia|79\/100\n|\n|t:|1697735613\n|switch|p2a: Volcanion|Volcanion|100\/100|[from] U-turn\n|move|p1a: Cresselia|Icy Wind|p2a: Volcanion|[miss]\n|-miss|p1a: Cresselia|p2a: Volcanion\n|\n|-heal|p1a: Cresselia|85\/100|[from] item: Leftovers\n|upkeep\n|\n|t:|1697735622\n|switch|p2b: Landorus|Landorus-Therian, M|30\/100\n|-ability|p2b: Landorus|Intimidate|boost\n|-unboost|p1a: Cresselia|atk|1\n|-unboost|p1b: Landorus|atk|1\n|turn|3\n|\n|t:|1697735637\n|switch|p1b: Sinistcha|Sinistcha-Masterpiece|100\/100\n|-heal|p1a: Cresselia|100\/100|[from] ability: Hospitality|[of] p1b: Sinistcha\n|switch|p2b: Shaymin|Shaymin-Sky|100\/100\n|move|p1a: Cresselia|Icy Wind|p2b: Shaymin|[spread] p2a,p2b\n|-resisted|p2a: Volcanion\n|-supereffective|p2b: Shaymin\n|-damage|p2a: Volcanion|98\/100\n|-damage|p2b: Shaymin|58\/100\n|-unboost|p2a: Volcanion|spe|1\n|-unboost|p2b: Shaymin|spe|1\n|move|p2a: Volcanion|Steam Eruption|p1b: Sinistcha\n|-resisted|p1b: Sinistcha\n|-damage|p1b: Sinistcha|71\/100\n|\n|-heal|p2a: Volcanion|100\/100|[from] item: Leftovers\n|upkeep\n|turn|4\n|\n|t:|1697735655\n|switch|p1a: Tyranitar|Tyranitar, F|100\/100\n|-weather|Sandstorm|[from] ability: Sand Stream|[of] p1a: Tyranitar\n|move|p1b: Sinistcha|Protect|p1b: Sinistcha\n|-singleturn|p1b: Sinistcha|Protect\n|move|p2b: Shaymin|Air Slash|p1a: Tyranitar\n|-resisted|p1a: Tyranitar\n|-damage|p1a: Tyranitar|89\/100\n|move|p2a: Volcanion|Heat Wave|p1b: Sinistcha|[spread] p1a\n|-activate|p1b: Sinistcha|move: Protect\n|-resisted|p1a: Tyranitar\n|-damage|p1a: Tyranitar|77\/100\n|\n|-weather|Sandstorm|[upkeep]\n|-damage|p2b: Shaymin|52\/100|[from] Sandstorm\n|-damage|p1b: Sinistcha|65\/100|[from] Sandstorm\n|-damage|p2a: Volcanion|94\/100|[from] Sandstorm\n|-heal|p2a: Volcanion|100\/100|[from] item: Leftovers\n|upkeep\n|turn|5\n|\n|t:|1697735669\n|switch|p1b: Cresselia|Cresselia, F|100\/100\n|move|p2b: Shaymin|Tailwind|p2b: Shaymin\n|-sidestart|p2: ImperialDramon46|move: Tailwind\n|move|p2a: Volcanion|Steam Eruption|p1a: Tyranitar\n|-supereffective|p1a: Tyranitar\n|-damage|p1a: Tyranitar|9\/100\n|-enditem|p1a: Tyranitar|Aguav Berry|[eat]\n|-heal|p1a: Tyranitar|43\/100|[from] item: Aguav Berry\n|move|p1a: Tyranitar|Rock Slide|p2a: Volcanion|[spread] p2a,p2b\n|-supereffective|p2a: Volcanion\n|-supereffective|p2b: Shaymin\n|-damage|p2a: Volcanion|46\/100\n|-damage|p2b: Shaymin|0 fnt\n|faint|p2b: Shaymin\n|\n|-weather|Sandstorm|[upkeep]\n|-damage|p2a: Volcanion|40\/100|[from] Sandstorm\n|-damage|p1b: Cresselia|94\/100|[from] Sandstorm\n|-heal|p2a: Volcanion|46\/100|[from] item: Leftovers\n|-heal|p1b: Cresselia|100\/100|[from] item: Leftovers\n|upkeep\n|\n|t:|1697735682\n|switch|p2b: Kingambit|Kingambit, M|100\/100\n|turn|6\n|\n|t:|1697735694\n|move|p1a: Tyranitar|Protect|p1a: Tyranitar\n|-singleturn|p1a: Tyranitar|Protect\n|move|p2b: Kingambit|Night Slash|p1b: Cresselia\n|-supereffective|p1b: Cresselia\n|-damage|p1b: Cresselia|49\/100\n|move|p2a: Volcanion|Steam Eruption|p1a: Tyranitar\n|-activate|p1a: Tyranitar|move: Protect\n|move|p1b: Cresselia|Trick Room|p1b: Cresselia\n|-fieldstart|move: Trick Room|[of] p1b: Cresselia\n|\n|-weather|Sandstorm|[upkeep]\n|-damage|p1b: Cresselia|43\/100|[from] Sandstorm\n|-damage|p2a: Volcanion|40\/100|[from] Sandstorm\n|-heal|p1b: Cresselia|49\/100|[from] item: Leftovers\n|-heal|p2a: Volcanion|46\/100|[from] item: Leftovers\n|upkeep\n|turn|7\n|\n|t:|1697735720\n|move|p2a: Volcanion|Protect|p2a: Volcanion\n|-singleturn|p2a: Volcanion|Protect\n|move|p1a: Tyranitar|Rock Slide|p2a: Volcanion|[spread] p2b\n|-activate|p2a: Volcanion|move: Protect\n|-resisted|p2b: Kingambit\n|-damage|p2b: Kingambit|88\/100\n|move|p1b: Cresselia|Lunar Blessing|p1b: Cresselia|[spread] p1a,p1b\n|-heal|p1a: Tyranitar|68\/100\n|-heal|p1b: Cresselia|74\/100\n|move|p2b: Kingambit|Night Slash|p1b: Cresselia\n|-supereffective|p1b: Cresselia\n|-crit|p1b: Cresselia\n|-damage|p1b: Cresselia|3\/100\n|\n|-weather|Sandstorm|[upkeep]\n|-damage|p1b: Cresselia|0 fnt|[from] Sandstorm\n|-damage|p2a: Volcanion|40\/100|[from] Sandstorm\n|faint|p1b: Cresselia\n|-heal|p2a: Volcanion|46\/100|[from] item: Leftovers\n|upkeep\n|\n|t:|1697735737\n|switch|p1b: Sinistcha|Sinistcha-Masterpiece|65\/100\n|-heal|p1a: Tyranitar|93\/100|[from] ability: Hospitality|[of] p1b: Sinistcha\n|turn|8\n|\n|t:|1697735748\n|switch|p2a: Diancie|Diancie|100\/100\n|-terastallize|p1b: Sinistcha|Water\n|move|p1a: Tyranitar|Rock Slide|p2b: Kingambit|[spread] p2a\n|-miss|p1a: Tyranitar|p2b: Kingambit\n|-damage|p2a: Diancie|75\/100\n|move|p1b: Sinistcha|Matcha Gotcha|p2b: Kingambit|[spread] p2b\n|-miss|p1b: Sinistcha|p2a: Diancie\n|-resisted|p2b: Kingambit\n|-damage|p2b: Kingambit|77\/100\n|-heal|p1b: Sinistcha|71\/100|[from] drain|[of] p2b: Kingambit\n|move|p2b: Kingambit|Night Slash|p1b: Sinistcha\n|-damage|p1b: Sinistcha|38\/100\n|\n|-weather|none\n|-sideend|p2: ImperialDramon46|move: Tailwind\n|upkeep\n|turn|9\n|\n|t:|1697735768\n|move|p2a: Diancie|Body Press|p1a: Tyranitar\n|-supereffective|p1a: Tyranitar\n|-damage|p1a: Tyranitar|10\/100\n|move|p2b: Kingambit|Iron Head|p1a: Tyranitar\n|-supereffective|p1a: Tyranitar\n|-damage|p1a: Tyranitar|0 fnt\n|faint|p1a: Tyranitar\n|move|p1b: Sinistcha|Matcha Gotcha|p2b: Kingambit|[spread] p2a,p2b\n|-supereffective|p2a: Diancie\n|-resisted|p2b: Kingambit\n|-damage|p2a: Diancie|41\/100\n|-heal|p1b: Sinistcha|53\/100|[from] drain|[of] p2a: Diancie\n|-damage|p2b: Kingambit|66\/100\n|-heal|p1b: Sinistcha|60\/100|[from] drain|[of] p2b: Kingambit\n|-enditem|p2a: Diancie|Weakness Policy\n|-boost|p2a: Diancie|atk|2|[from] item: Weakness Policy\n|-boost|p2a: Diancie|spa|2|[from] item: Weakness Policy\n|\n|upkeep\n|\n|t:|1697735776\n|switch|p1a: Gholdengo|Gholdengo|100\/100\n|turn|10\n|\n|t:|1697735792\n|-terastallize|p2a: Diancie|Flying\n|move|p1b: Sinistcha|Protect|p1b: Sinistcha\n|-singleturn|p1b: Sinistcha|Protect\n|move|p2a: Diancie|Diamond Storm|p1b: Sinistcha|[spread] \n|-activate|p1b: Sinistcha|move: Protect\n|-miss|p2a: Diancie|p1a: Gholdengo\n|move|p2b: Kingambit|Night Slash|p1a: Gholdengo\n|-supereffective|p1a: Gholdengo\n|-damage|p1a: Gholdengo|1\/100\n|move|p1a: Gholdengo|Trick|p2b: Kingambit\n|-activate|p1a: Gholdengo|move: Trick|[of] p2b: Kingambit\n|-item|p2b: Kingambit|Choice Specs|[from] move: Trick\n|-item|p1a: Gholdengo|Safety Goggles|[from] move: Trick\n|\n|-fieldend|move: Trick Room\n|upkeep\n|turn|11\n|\n|t:|1697735815\n|move|p1b: Sinistcha|Rage Powder|p1b: Sinistcha\n|-singleturn|p1b: Sinistcha|move: Rage Powder\n|move|p2b: Kingambit|Sucker Punch||[still]\n|-fail|p2b: Kingambit\n|move|p1a: Gholdengo|Make It Rain|p2a: Diancie|[spread] p2a,p2b\n|-resisted|p2b: Kingambit\n|-damage|p2a: Diancie|9\/100\n|-damage|p2b: Kingambit|42\/100\n|-unboost|p1a: Gholdengo|spa|1\n|move|p2a: Diancie|Diamond Storm|p1a: Gholdengo|[spread] p1a\n|-miss|p2a: Diancie|p1b: Sinistcha\n|-resisted|p1a: Gholdengo\n|-damage|p1a: Gholdengo|0 fnt\n|faint|p1a: Gholdengo\n|\n|upkeep\n|\n|t:|1697735820\n|switch|p1a: Landorus|Landorus-Therian, M|100\/100\n|-ability|p1a: Landorus|Intimidate|boost\n|-fail|p2a: Diancie|unboost|[from] ability: Clear Body|[of] p2a: Diancie\n|-unboost|p2b: Kingambit|atk|1\n|-ability|p2b: Kingambit|Defiant|boost\n|-boost|p2b: Kingambit|atk|2\n|turn|12\n|\n|t:|1697735834\n|move|p1b: Sinistcha|Rage Powder|p1b: Sinistcha\n|-singleturn|p1b: Sinistcha|move: Rage Powder\n|move|p2b: Kingambit|Sucker Punch||[still]\n|-fail|p2b: Kingambit\n|move|p1a: Landorus|Rock Slide|p2b: Kingambit|[spread] \n|-miss|p1a: Landorus|p2a: Diancie\n|-miss|p1a: Landorus|p2b: Kingambit\n|move|p2a: Diancie|Diamond Storm|p1a: Landorus|[spread] p1a,p1b\n|-damage|p1a: Landorus|33\/100\n|-damage|p1b: Sinistcha|3\/100\n|-boost|p2a: Diancie|def|2\n|-enditem|p1b: Sinistcha|Wiki Berry|[eat]\n|-heal|p1b: Sinistcha|37\/100|[from] item: Wiki Berry\n|\n|upkeep\n|turn|13\n|\n|t:|1697735848\n|move|p1b: Sinistcha|Rage Powder|p1b: Sinistcha\n|-singleturn|p1b: Sinistcha|move: Rage Powder\n|move|p2b: Kingambit|Sucker Punch||[still]\n|-fail|p2b: Kingambit\n|move|p1a: Landorus|Rock Slide|p2b: Kingambit|[spread] p2a,p2b\n|-supereffective|p2a: Diancie\n|-resisted|p2b: Kingambit\n|-crit|p2b: Kingambit\n|-damage|p2a: Diancie|0 fnt\n|-damage|p2b: Kingambit|30\/100\n|faint|p2a: Diancie\n|\n|upkeep\n|\n|t:|1697735851\n|switch|p2a: Landorus|Landorus-Therian, M|30\/100\n|-ability|p2a: Landorus|Intimidate|boost\n|-unboost|p1a: Landorus|atk|1\n|-unboost|p1b: Sinistcha|atk|1\n|turn|14\n|\n|t:|1697735856\n|move|p1b: Sinistcha|Rage Powder|p1b: Sinistcha\n|-singleturn|p1b: Sinistcha|move: Rage Powder\n|move|p2b: Kingambit|Sucker Punch||[still]\n|-fail|p2b: Kingambit\n|move|p1a: Landorus|Rock Slide|p2a: Landorus|[spread] p2a,p2b\n|-resisted|p2b: Kingambit\n|-damage|p2a: Landorus|16\/100\n|-damage|p2b: Kingambit|25\/100\n|move|p2a: Landorus|Crunch|p1b: Sinistcha\n|-damage|p1b: Sinistcha|9\/100\n|\n|upkeep\n|turn|15\n|\n|t:|1697735868\n|move|p1b: Sinistcha|Rage Powder|p1b: Sinistcha\n|-singleturn|p1b: Sinistcha|move: Rage Powder\n|move|p2b: Kingambit|Sucker Punch||[still]\n|-fail|p2b: Kingambit\n|move|p1a: Landorus|Rock Slide|p2b: Kingambit|[spread] p2a,p2b\n|-resisted|p2b: Kingambit\n|-damage|p2a: Landorus|2\/100\n|-damage|p2b: Kingambit|20\/100\n|cant|p2a: Landorus|flinch\n|\n|upkeep\n|turn|16\n|\n|t:|1697735880\n|move|p1b: Sinistcha|Rage Powder|p1b: Sinistcha\n|-singleturn|p1b: Sinistcha|move: Rage Powder\n|move|p2b: Kingambit|Sucker Punch||[still]\n|-fail|p2b: Kingambit\n|move|p1a: Landorus|U-turn|p2a: Landorus\n|-resisted|p2a: Landorus\n|-damage|p2a: Landorus|0 fnt\n|faint|p2a: Landorus\n|\n|upkeep\n|\n|t:|1697735882\n|switch|p2a: Volcanion|Volcanion|46\/100\n|turn|17\n|\n|t:|1697735894\n|move|p1b: Sinistcha|Rage Powder|p1b: Sinistcha\n|-singleturn|p1b: Sinistcha|move: Rage Powder\n|move|p2b: Kingambit|Sucker Punch||[still]\n|-fail|p2b: Kingambit\n|move|p1a: Landorus|Earthquake|p2a: Volcanion|[spread] p1b,p2a,p2b\n|-supereffective|p2a: Volcanion\n|-supereffective|p2b: Kingambit\n|-damage|p1b: Sinistcha|0 fnt\n|-damage|p2a: Volcanion|0 fnt\n|-damage|p2b: Kingambit|0 fnt\n|faint|p1b: Sinistcha\n|faint|p2a: Volcanion\n|faint|p2b: Kingambit\n|\n|win|Throw Games\n|raw|Throw Games's rating: 1577 &rarr; <strong>1595<\/strong><br \/>(+18 for winning)\n|raw|ImperialDramon46's rating: 1545 &rarr; <strong>1527<\/strong><br \/>(-18 for losing)\n","uploadtime":1697735901,"views":23,"p1id":"throwgames","p2id":"imperialdramon46","formatid":"gen9doublesou","rating":1527,"private":0,"password":""}