{"id":"gen9doublesou-1992117431","p1":"Scssdds","p2":"blvkstvr","format":"[Gen 9] Doubles OU","log":"|j|\u2606Scssdds\n|j|\u2606blvkstvr\n|t:|1700156519\n|gametype|doubles\n|player|p1|Scssdds|alder|1000\n|player|p2|blvkstvr|266|1000\n|teamsize|p1|6\n|teamsize|p2|6\n|gen|9\n|tier|[Gen 9] Doubles OU\n|rated|\n|rule|Species Clause: Limit one of each Pok\u00e9mon\n|rule|OHKO Clause: OHKO moves are banned\n|rule|Evasion Moves Clause: Evasion moves are banned\n|rule|Gravity Sleep Clause: The combination of sleep-inducing moves with imperfect accuracy and Gravity or Gigantamax Orbeetle are banned\n|rule|Endless Battle Clause: Forcing endless battles is banned\n|rule|HP Percentage Mod: HP is shown in percentages\n|clearpoke\n|poke|p1|Breloom, F|\n|poke|p1|Corviknight, M|\n|poke|p1|Weezing-Galar, F|\n|poke|p1|Slowking-Galar, F|\n|poke|p1|Mew|\n|poke|p1|Great Tusk|\n|poke|p2|Kleavor, F|\n|poke|p2|Oranguru, F|\n|poke|p2|Rabsca, F|\n|poke|p2|Golem-Alola, F|\n|poke|p2|Slowbro-Galar, M|\n|poke|p2|Garganacl, F|\n|teampreview\n|\n|t:|1700156552\n|start\n|switch|p1a: Breloom|Breloom, F, shiny|100\/100\n|switch|p1b: Corviknight|Corviknight, M|100\/100\n|switch|p2a: Oranguru|Oranguru, F|100\/100\n|switch|p2b: Kleavor|Kleavor, F|100\/100\n|turn|1\n|\n|t:|1700156573\n|move|p1b: Corviknight|Tailwind|p1b: Corviknight\n|-sidestart|p1: Scssdds|move: Tailwind\n|move|p1a: Breloom|Swords Dance|p1a: Breloom\n|-boost|p1a: Breloom|atk|2\n|move|p2b: Kleavor|X-Scissor|p1a: Breloom\n|-damage|p1a: Breloom|8\/100\n|move|p2a: Oranguru|Trick Room|p2a: Oranguru\n|-fieldstart|move: Trick Room|[of] p2a: Oranguru\n|\n|upkeep\n|turn|2\n|\n|t:|1700156591\n|move|p1a: Breloom|Mach Punch|p2b: Kleavor\n|-damage|p2b: Kleavor|45\/100\n|move|p2a: Oranguru|Instruct|p2b: Kleavor\n|-singleturn|p2b: Kleavor|move: Instruct|[of] p2a: Oranguru\n|move|p2b: Kleavor|X-Scissor|p1a: Breloom\n|-crit|p1a: Breloom\n|-damage|p1a: Breloom|0 fnt\n|faint|p1a: Breloom\n|move|p2b: Kleavor|Stone Axe|p1b: Corviknight\n|-damage|p1b: Corviknight|48\/100\n|-sidestart|p1: Scssdds|move: Stealth Rock\n|move|p1b: Corviknight|Iron Head|p2b: Kleavor|[miss]\n|-miss|p1b: Corviknight|p2b: Kleavor\n|\n|-heal|p1b: Corviknight|54\/100|[from] item: Leftovers\n|upkeep\n|\n|t:|1700156613\n|switch|p1a: Great Tusk|Great Tusk|100\/100\n|-damage|p1a: Great Tusk|98\/100|[from] Stealth Rock\n|turn|3\n|\n|t:|1700156621\n|move|p2a: Oranguru|Instruct|p2b: Kleavor\n|-singleturn|p2b: Kleavor|move: Instruct|[of] p2a: Oranguru\n|move|p2b: Kleavor|Stone Axe|p1a: Great Tusk\n|-resisted|p1a: Great Tusk\n|-damage|p1a: Great Tusk|88\/100\n|move|p2b: Kleavor|Stone Axe|p1b: Corviknight|[miss]\n|-miss|p2b: Kleavor|p1b: Corviknight\n|move|p1a: Great Tusk|Earthquake|p2b: Kleavor|[spread] p2a,p2b\n|-immune|p1b: Corviknight\n|-damage|p2a: Oranguru|65\/100\n|-damage|p2b: Kleavor|12\/100\n|move|p1b: Corviknight|Iron Head|p2b: Kleavor\n|-supereffective|p2b: Kleavor\n|-damage|p2b: Kleavor|0 fnt\n|faint|p2b: Kleavor\n|\n|-heal|p1b: Corviknight|60\/100|[from] item: Leftovers\n|-heal|p1a: Great Tusk|94\/100|[from] item: Leftovers\n|upkeep\n|\n|t:|1700156632\n|switch|p2b: Garganacl|Garganacl, F|100\/100\n|turn|4\n|inactive|Battle timer is ON: inactive players will automatically lose when time's up. (requested by Scssdds)\n|\n|t:|1700156658\n|move|p2b: Garganacl|Explosion|p1a: Great Tusk|[spread] p1a,p1b\n|-activate|p2a: Oranguru|ability: Telepathy\n|-resisted|p1b: Corviknight\n|-crit|p1b: Corviknight\n|-damage|p1a: Great Tusk|50\/100\n|-damage|p1b: Corviknight|20\/100\n|faint|p2b: Garganacl\n|move|p2a: Oranguru|Energy Ball|p1a: Great Tusk\n|-supereffective|p1a: Great Tusk\n|-damage|p1a: Great Tusk|11\/100\n|move|p1b: Corviknight|Iron Head|p2a: Oranguru\n|-damage|p2a: Oranguru|40\/100\n|move|p1a: Great Tusk|Earthquake|p2a: Oranguru|[spread] p2a\n|-immune|p1b: Corviknight\n|-damage|p2a: Oranguru|5\/100\n|-enditem|p2a: Oranguru|Aguav Berry|[eat]\n|-heal|p2a: Oranguru|38\/100|[from] item: Aguav Berry\n|\n|-heal|p1b: Corviknight|26\/100|[from] item: Leftovers\n|-heal|p1a: Great Tusk|17\/100|[from] item: Leftovers\n|-sideend|p1: Scssdds|move: Tailwind\n|upkeep\n|\n|t:|1700156667\n|switch|p2b: Slowbro|Slowbro-Galar, M|100\/100\n|turn|5\n|inactive|Scssdds has 120 seconds left.\n|\n|t:|1700156703\n|move|p2b: Slowbro|Chilling Water|p1a: Great Tusk\n|-supereffective|p1a: Great Tusk\n|-damage|p1a: Great Tusk|0 fnt\n|faint|p1a: Great Tusk\n|-end|p1a: Great Tusk|Protosynthesis|[silent]\n|move|p2a: Oranguru|Instruct|p2b: Slowbro\n|-singleturn|p2b: Slowbro|move: Instruct|[of] p2a: Oranguru\n|move|p2b: Slowbro|Chilling Water|p1b: Corviknight\n|-damage|p1b: Corviknight|13\/100\n|-ability|p1b: Corviknight|Mirror Armor\n|-unboost|p2b: Slowbro|atk|1\n|move|p1b: Corviknight|Tailwind|p1b: Corviknight\n|-sidestart|p1: Scssdds|move: Tailwind\n|\n|-heal|p1b: Corviknight|19\/100|[from] item: Leftovers\n|-fieldend|move: Trick Room\n|upkeep\n|inactive|Scssdds has 90 seconds left.\n|\n|t:|1700156755\n|switch|p1a: Weezing|Weezing-Galar, F|100\/100\n|-damage|p1a: Weezing|88\/100|[from] Stealth Rock\n|turn|6\n|inactive|Scssdds has 90 seconds left.\n|\n|t:|1700156769\n|move|p1b: Corviknight|Iron Head|p2a: Oranguru\n|-damage|p2a: Oranguru|12\/100\n|move|p1a: Weezing|Dark Pulse|p2a: Oranguru\n|-supereffective|p2a: Oranguru\n|-damage|p2a: Oranguru|0 fnt\n|faint|p2a: Oranguru\n|move|p2b: Slowbro|Shell Side Arm|p1a: Weezing|[anim] Shell Side Arm Special\n|-damage|p1a: Weezing|43\/100\n|-hint|Special Shell Side Arm\n|\n|-heal|p1b: Corviknight|26\/100|[from] item: Leftovers\n|-heal|p1a: Weezing|49\/100|[from] item: Leftovers\n|upkeep\n|\n|t:|1700156774\n|switch|p2a: Rabsca|Rabsca, F|100\/100\n|turn|7\n|inactive|Scssdds has 90 seconds left.\n|\n|t:|1700156813\n|move|p1b: Corviknight|Iron Head|p2b: Slowbro\n|-damage|p2b: Slowbro|80\/100\n|move|p1a: Weezing|Dark Pulse|p2b: Slowbro\n|-supereffective|p2b: Slowbro\n|-damage|p2b: Slowbro|38\/100\n|move|p2b: Slowbro|Shell Side Arm|p1a: Weezing|[anim] Shell Side Arm Special\n|-damage|p1a: Weezing|7\/100\n|-hint|Special Shell Side Arm\n|move|p2a: Rabsca|Trick Room|p2a: Rabsca\n|-fieldstart|move: Trick Room|[of] p2a: Rabsca\n|\n|-heal|p2b: Slowbro|44\/100|[from] item: Leftovers\n|-heal|p1a: Weezing|13\/100|[from] item: Leftovers\n|-heal|p1b: Corviknight|32\/100|[from] item: Leftovers\n|upkeep\n|turn|8\n|inactive|Scssdds has 90 seconds left.\n|\n|t:|1700156839\n|move|p1b: Corviknight|Protect|p1b: Corviknight\n|-singleturn|p1b: Corviknight|Protect\n|move|p2b: Slowbro|Shell Side Arm|p1a: Weezing|[anim] Shell Side Arm Special\n|-damage|p1a: Weezing|0 fnt\n|-hint|Special Shell Side Arm\n|faint|p1a: Weezing\n|move|p2a: Rabsca|Revival Blessing|p2a: Rabsca\n|-enditem|p2a: Rabsca|Leppa Berry|[eat]\n|-activate|p2a: Rabsca|item: Leppa Berry|Revival Blessing|[consumed]\n|\n|t:|1700156848\n|-heal|p2: Garganacl|50\/100|[from] move: Revival Blessing\n|\n|-heal|p2b: Slowbro|50\/100|[from] item: Leftovers\n|-heal|p1b: Corviknight|38\/100|[from] item: Leftovers\n|-sideend|p1: Scssdds|move: Tailwind\n|upkeep\n|inactive|Scssdds has 90 seconds left.\n|\n|t:|1700156857\n|switch|p1a: Mew|Mew, shiny|100\/100\n|-damage|p1a: Mew|88\/100|[from] Stealth Rock\n|turn|9\n|\n|t:|1700156873\n|move|p2b: Slowbro|Shell Side Arm|p1a: Mew|[anim] Shell Side Arm Special\n|-damage|p1a: Mew|54\/100\n|-hint|Special Shell Side Arm\n|move|p2a: Rabsca|Dazzling Gleam|p1b: Corviknight|[spread] p1a,p1b\n|-resisted|p1b: Corviknight\n|-damage|p1a: Mew|38\/100\n|-damage|p1b: Corviknight|31\/100\n|move|p1b: Corviknight|Iron Head|p2b: Slowbro\n|-damage|p2b: Slowbro|31\/100\n|move|p1a: Mew|Dark Pulse|p2b: Slowbro\n|-supereffective|p2b: Slowbro\n|-damage|p2b: Slowbro|0 fnt\n|faint|p2b: Slowbro\n|\n|-heal|p1b: Corviknight|37\/100|[from] item: Leftovers\n|-heal|p1a: Mew|44\/100|[from] item: Leftovers\n|upkeep\n|\n|t:|1700156891\n|switch|p2b: Golem|Golem-Alola, F|100\/100\n|turn|10\n|inactive|Scssdds has 120 seconds left.\n|\n|t:|1700156923\n|move|p2b: Golem|Explosion|p1a: Mew|[spread] p1a,p1b\n|-activate|p2a: Rabsca|ability: Telepathy\n|-supereffective|p1b: Corviknight\n|-crit|p1b: Corviknight\n|-damage|p1a: Mew|0 fnt\n|-damage|p1b: Corviknight|0 fnt\n|faint|p2b: Golem\n|faint|p1a: Mew\n|faint|p1b: Corviknight\n|move|p2a: Rabsca|Revival Blessing|p2a: Rabsca\n|\n|t:|1700156933\n|-heal|p2: Golem|50\/100|[from] move: Revival Blessing\n|switch|p2b: Golem|Golem-Alola, F|50\/100\n|\n|upkeep\n|\n|t:|1700156941\n|switch|p1a: Slowking|Slowking-Galar, F, shiny|100\/100\n|-damage|p1a: Slowking|88\/100|[from] Stealth Rock\n|turn|11\n|\n|t:|1700156953\n|move|p1a: Slowking|Yawn|p2a: Rabsca\n|-start|p2a: Rabsca|move: Yawn|[of] p1a: Slowking\n|move|p2b: Golem|Explosion|p1a: Slowking|[spread] p1a\n|-activate|p2a: Rabsca|ability: Telepathy\n|-damage|p1a: Slowking|0 fnt\n|faint|p2b: Golem\n|faint|p1a: Slowking\n|\n|win|blvkstvr\n|raw|Scssdds's rating: 1000 &rarr; <strong>1000<\/strong><br \/>(+0 for losing)\n|raw|blvkstvr's rating: 1000 &rarr; <strong>1040<\/strong><br \/>(+40 for winning)\n|l|\u2606Scssdds\n","uploadtime":1700157027,"views":21,"p1id":"scssdds","p2id":"blvkstvr","formatid":"gen9doublesou","rating":1000,"private":0,"password":""}