{"id":"gen9doublesou-1994351288","p1":"Joecheve13","p2":"its-sam87","format":"[Gen 9] Doubles OU","log":"|j|\u2606Joecheve13\n|j|\u2606its-sam87\n|t:|1700434078\n|gametype|doubles\n|player|p1|Joecheve13|169|1619\n|player|p2|its-sam87|acetrainer-gen2|1512\n|teamsize|p1|6\n|teamsize|p2|6\n|gen|9\n|tier|[Gen 9] Doubles OU\n|rated|\n|rule|Species Clause: Limit one of each Pok\u00e9mon\n|rule|OHKO Clause: OHKO moves are banned\n|rule|Evasion Moves Clause: Evasion moves are banned\n|rule|Gravity Sleep Clause: The combination of sleep-inducing moves with imperfect accuracy and Gravity or Gigantamax Orbeetle are banned\n|rule|Endless Battle Clause: Forcing endless battles is banned\n|rule|HP Percentage Mod: HP is shown in percentages\n|clearpoke\n|poke|p1|Tinkaton, F|\n|poke|p1|Garganacl, F|\n|poke|p1|Tornadus, M|\n|poke|p1|Iron Hands|\n|poke|p1|Landorus, M|\n|poke|p1|Iron Bundle|\n|poke|p2|Tornadus, M|\n|poke|p2|Amoonguss, M|\n|poke|p2|Basculegion-F, F|\n|poke|p2|Pelipper, F|\n|poke|p2|Palafin, M|\n|poke|p2|Regieleki|\n|teampreview\n|inactive|Battle timer is ON: inactive players will automatically lose when time's up. (requested by its-sam87)\n|c|\u2606its-sam87|gl hf\n|\n|t:|1700434088\n|start\n|switch|p1a: Landorus|Landorus, M|100\/100\n|switch|p1b: Tinkaton|Tinkaton, F|100\/100\n|switch|p2a: Tornadus|Tornadus, M, shiny|100\/100\n|switch|p2b: Regieleki|Regieleki, shiny|100\/100\n|turn|1\n|inactive|its-sam87 has 120 seconds left.\n|\n|t:|1700434120\n|switch|p2b: Pelipper|Pelipper, F, shiny|100\/100\n|-weather|RainDance|[from] ability: Drizzle|[of] p2b: Pelipper\n|move|p1b: Tinkaton|Fake Out|p2a: Tornadus\n|-damage|p2a: Tornadus|91\/100\n|move|p2a: Tornadus|Tailwind|p2a: Tornadus\n|-sidestart|p2: its-sam87|move: Tailwind\n|move|p1a: Landorus|Sandsear Storm|p2a: Tornadus|[spread] \n|-immune|p2a: Tornadus\n|-immune|p2b: Pelipper\n|\n|-weather|RainDance|[upkeep]\n|upkeep\n|turn|2\n|inactive|its-sam87 has 120 seconds left.\n|\n|t:|1700434146\n|switch|p1a: Iron Hands|Iron Hands|100\/100\n|move|p2a: Tornadus|Bleakwind Storm|p1a: Iron Hands|[spread] p1a,p1b\n|-resisted|p1b: Tinkaton\n|-damage|p1a: Iron Hands|80\/100\n|-damage|p1b: Tinkaton|91\/100\n|-unboost|p1b: Tinkaton|spe|1\n|move|p2b: Pelipper|U-turn|p1a: Iron Hands\n|-resisted|p1a: Iron Hands\n|-damage|p1a: Iron Hands|77\/100\n|inactive|its-sam87 has 120 seconds left.\n|\n|t:|1700434156\n|switch|p2b: Palafin|Palafin, M|100\/100|[from] U-turn\n|move|p1b: Tinkaton|Gigaton Hammer|p2a: Tornadus\n|-damage|p2a: Tornadus|33\/100\n|\n|-weather|RainDance|[upkeep]\n|upkeep\n|turn|3\n|\n|t:|1700434167\n|detailschange|p2b: Palafin|Palafin-Hero, M\n|switch|p2b: Amoonguss|Amoonguss, M, shiny|100\/100\n|move|p2a: Tornadus|Bleakwind Storm|p1b: Tinkaton|[spread] p1a,p1b\n|-resisted|p1b: Tinkaton\n|-damage|p1a: Iron Hands|57\/100\n|-damage|p1b: Tinkaton|82\/100\n|-unboost|p1b: Tinkaton|spe|1\n|move|p1a: Iron Hands|Swords Dance|p1a: Iron Hands\n|-boost|p1a: Iron Hands|atk|2\n|move|p1b: Tinkaton|Knock Off|p2a: Tornadus\n|-damage|p2a: Tornadus|12\/100\n|-enditem|p2a: Tornadus|Covert Cloak|[from] move: Knock Off|[of] p1b: Tinkaton\n|\n|-weather|RainDance|[upkeep]\n|upkeep\n|turn|4\n|\n|t:|1700434192\n|move|p2a: Tornadus|Bleakwind Storm|p1a: Iron Hands|[spread] p1a,p1b\n|-resisted|p1b: Tinkaton\n|-damage|p1a: Iron Hands|37\/100\n|-damage|p1b: Tinkaton|72\/100\n|-enditem|p1a: Iron Hands|Sitrus Berry|[eat]\n|-heal|p1a: Iron Hands|62\/100|[from] item: Sitrus Berry\n|move|p2b: Amoonguss|Spore|p1a: Iron Hands\n|-status|p1a: Iron Hands|slp|[from] move: Spore\n|cant|p1a: Iron Hands|slp\n|move|p1b: Tinkaton|Gigaton Hammer|p2b: Amoonguss\n|-damage|p2b: Amoonguss|47\/100\n|\n|-weather|RainDance|[upkeep]\n|-sideend|p2: its-sam87|move: Tailwind\n|upkeep\n|turn|5\n|\n|t:|1700434214\n|move|p2a: Tornadus|Bleakwind Storm|p1a: Iron Hands|[spread] p1a,p1b\n|-resisted|p1b: Tinkaton\n|-damage|p1a: Iron Hands|39\/100 slp\n|-damage|p1b: Tinkaton|63\/100\n|cant|p1a: Iron Hands|slp\n|move|p1b: Tinkaton|Knock Off|p2a: Tornadus\n|-damage|p2a: Tornadus|0 fnt\n|faint|p2a: Tornadus\n|move|p2b: Amoonguss|Spore|p1b: Tinkaton\n|-status|p1b: Tinkaton|slp|[from] move: Spore\n|\n|-weather|RainDance|[upkeep]\n|upkeep\n|\n|t:|1700434225\n|switch|p2a: Palafin|Palafin-Hero, M|100\/100\n|-activate|p2a: Palafin|ability: Zero to Hero\n|turn|6\n|\n|t:|1700434233\n|switch|p2b: Regieleki|Regieleki, shiny|100\/100\n|move|p2a: Palafin|Jet Punch|p1a: Iron Hands\n|-crit|p1a: Iron Hands\n|-damage|p1a: Iron Hands|0 fnt\n|faint|p1a: Iron Hands\n|-end|p1a: Iron Hands|Quark Drive|[silent]\n|cant|p1b: Tinkaton|slp\n|\n|-weather|RainDance|[upkeep]\n|upkeep\n|\n|t:|1700434251\n|switch|p1a: Tornadus|Tornadus, M|100\/100\n|turn|7\n|\n|t:|1700434262\n|move|p1a: Tornadus|Tailwind|p1a: Tornadus\n|-sidestart|p1: Joecheve13|move: Tailwind\n|move|p2a: Palafin|Jet Punch|p1b: Tinkaton\n|-damage|p1b: Tinkaton|0 fnt\n|faint|p1b: Tinkaton\n|move|p2b: Regieleki|Thunder|p1a: Tornadus\n|-supereffective|p1a: Tornadus\n|-damage|p1a: Tornadus|0 fnt\n|faint|p1a: Tornadus\n|\n|-weather|RainDance|[upkeep]\n|upkeep\n|\n|t:|1700434275\n|switch|p1a: Landorus|Landorus, M|100\/100\n|switch|p1b: Iron Bundle|Iron Bundle|100\/100\n|turn|8\n|\n|t:|1700434283\n|move|p2a: Palafin|Jet Punch|p1a: Landorus\n|-supereffective|p1a: Landorus\n|-enditem|p1a: Landorus|Focus Sash\n|-damage|p1a: Landorus|1\/100\n|move|p1b: Iron Bundle|Freeze-Dry|p2a: Palafin\n|-supereffective|p2a: Palafin\n|-damage|p2a: Palafin|32\/100\n|move|p1a: Landorus|Sandsear Storm|p2a: Palafin|[spread] p2a,p2b\n|-supereffective|p2b: Regieleki\n|-damage|p2a: Palafin|0 fnt\n|-damage|p2b: Regieleki|0 fnt\n|faint|p2a: Palafin\n|faint|p2b: Regieleki\n|\n|-weather|none\n|upkeep\n|\n|t:|1700434303\n|switch|p2b: Pelipper|Pelipper, F, shiny|100\/100\n|switch|p2a: Basculegion|Basculegion-F, F|100\/100\n|-weather|RainDance|[from] ability: Drizzle|[of] p2b: Pelipper\n|turn|9\n|\n|t:|1700434322\n|-terastallize|p2a: Basculegion|Ghost\n|move|p2b: Pelipper|Wide Guard|p2b: Pelipper\n|-singleturn|p2b: Pelipper|Wide Guard\n|move|p1b: Iron Bundle|Freeze-Dry|p2a: Basculegion\n|-damage|p2a: Basculegion|54\/100\n|-status|p2a: Basculegion|frz\n|move|p1a: Landorus|Taunt|p2b: Pelipper\n|-start|p2b: Pelipper|move: Taunt\n|cant|p2a: Basculegion|frz\n|\n|-weather|RainDance|[upkeep]\n|upkeep\n|turn|10\n|c|\u2606its-sam87|bruh\n|inactive|Joecheve13 has 120 seconds left.\n|\n|t:|1700434376\n|move|p1b: Iron Bundle|Icy Wind|p2b: Pelipper|[spread] p2a,p2b\n|-damage|p2a: Basculegion|30\/100 frz\n|-damage|p2b: Pelipper|67\/100\n|-unboost|p2a: Basculegion|spe|1\n|-unboost|p2b: Pelipper|spe|1\n|move|p1a: Landorus|Sludge Bomb|p2b: Pelipper\n|-damage|p2b: Pelipper|6\/100\n|cant|p2a: Basculegion|frz\n|move|p2b: Pelipper|U-turn|p1a: Landorus\n|-resisted|p1a: Landorus\n|-damage|p1a: Landorus|0 fnt\n|faint|p1a: Landorus\n|\n|t:|1700434387\n|switch|p2b: Amoonguss|Amoonguss, M, shiny|80\/100|[from] U-turn\n|\n|-weather|RainDance|[upkeep]\n|-sideend|p1: Joecheve13|move: Tailwind\n|upkeep\n|\n|t:|1700434391\n|switch|p1a: Garganacl|Garganacl, F|100\/100\n|turn|11\n|inactive|Joecheve13 has 120 seconds left.\n|\n|t:|1700434416\n|switch|p2a: Pelipper|Pelipper, F, shiny|6\/100\n|-terastallize|p1b: Iron Bundle|Ice\n|move|p1b: Iron Bundle|Freeze-Dry|p2b: Amoonguss\n|-supereffective|p2b: Amoonguss\n|-damage|p2b: Amoonguss|0 fnt\n|faint|p2b: Amoonguss\n|move|p1a: Garganacl|Salt Cure|p2a: Pelipper\n|-supereffective|p2a: Pelipper\n|-damage|p2a: Pelipper|0 fnt\n|faint|p2a: Pelipper\n|\n|-weather|RainDance|[upkeep]\n|upkeep\n|\n|t:|1700434428\n|switch|p2a: Basculegion|Basculegion-F, F, tera:Ghost|30\/100 frz\n|turn|12\n|\n|t:|1700434441\n|cant|p2a: Basculegion|frz\n|move|p1b: Iron Bundle|Freeze-Dry|p2a: Basculegion\n|-damage|p2a: Basculegion|0 fnt\n|faint|p2a: Basculegion\n|\n|win|Joecheve13\n|raw|Joecheve13's rating: 1619 &rarr; <strong>1633<\/strong><br \/>(+14 for winning)\n|raw|its-sam87's rating: 1512 &rarr; <strong>1498<\/strong><br \/>(-14 for losing)\n|l|\u2606Joecheve13\n|c|\u2606its-sam87|gg\n","uploadtime":1700434455,"views":5,"p1id":"joecheve13","p2id":"itssam87","formatid":"gen9doublesou","rating":1498,"private":0,"password":""}