{"id":"gen9doublesou-1991537758","p1":"sirazurill","p2":"e_bennettwe","format":"[Gen 9] Doubles OU","log":"|j|\u2606sirazurill\n|j|\u2606e_bennettwe\n|t:|1700086171\n|gametype|doubles\n|player|p1|sirazurill|bugcatcher-gen4dp|1517\n|player|p2|e_bennettwe|clay|1558\n|teamsize|p1|6\n|teamsize|p2|6\n|gen|9\n|tier|[Gen 9] Doubles OU\n|rated|\n|rule|Species Clause: Limit one of each Pok\u00e9mon\n|rule|OHKO Clause: OHKO moves are banned\n|rule|Evasion Moves Clause: Evasion moves are banned\n|rule|Gravity Sleep Clause: The combination of sleep-inducing moves with imperfect accuracy and Gravity or Gigantamax Orbeetle are banned\n|rule|Endless Battle Clause: Forcing endless battles is banned\n|rule|HP Percentage Mod: HP is shown in percentages\n|clearpoke\n|poke|p1|Kingambit, M|\n|poke|p1|Tornadus, M|\n|poke|p1|Flutter Mane|\n|poke|p1|Landorus-Therian, M|\n|poke|p1|Ogerpon-Wellspring, F|\n|poke|p1|Heatran, F|\n|poke|p2|Sinistcha-Masterpiece|\n|poke|p2|Ursaluna-Bloodmoon, M|\n|poke|p2|Munkidori, M|\n|poke|p2|Kingambit, F|\n|poke|p2|Iron Moth|\n|poke|p2|Garganacl, F|\n|teampreview\n|\n|t:|1700086194\n|start\n|switch|p1a: Tornadus|Tornadus, M|100\/100\n|switch|p1b: Landorus|Landorus-Therian, M|100\/100\n|switch|p2a: Ursaluna|Ursaluna-Bloodmoon, M|100\/100\n|switch|p2b: Garganacl|Garganacl, F|100\/100\n|-ability|p1b: Landorus|Intimidate|boost\n|-unboost|p2a: Ursaluna|atk|1\n|-unboost|p2b: Garganacl|atk|1\n|turn|1\n|\n|t:|1700086220\n|-terastallize|p1b: Landorus|Ground\n|move|p2b: Garganacl|Wide Guard|p2b: Garganacl\n|-singleturn|p2b: Garganacl|Wide Guard\n|move|p1b: Landorus|Earthquake|p2a: Ursaluna|[spread] \n|-activate|p2a: Ursaluna|move: Wide Guard\n|-activate|p2b: Garganacl|move: Wide Guard\n|-immune|p1a: Tornadus\n|move|p1a: Tornadus|Bleakwind Storm|p2a: Ursaluna|[spread] \n|-activate|p2a: Ursaluna|move: Wide Guard\n|-activate|p2b: Garganacl|move: Wide Guard\n|move|p2a: Ursaluna|Hyper Voice|p1a: Tornadus|[spread] p1a,p1b\n|-damage|p1a: Tornadus|55\/100\n|-damage|p1b: Landorus|52\/100\n|-enditem|p1a: Tornadus|Eject Button\n|\n|t:|1700086236\n|switch|p1a: Oregon-Wellspring|Ogerpon-Wellspring, F|100\/100\n|\n|upkeep\n|turn|2\n|\n|t:|1700086254\n|switch|p1b: Kingambit|Kingambit, M|100\/100\n|switch|p2b: Sinistcha|Sinistcha-Masterpiece|100\/100\n|-terastallize|p2a: Ursaluna|Normal\n|move|p1a: Oregon-Wellspring|Wood Hammer|p2a: Ursaluna\n|-damage|p2a: Ursaluna|43\/100\n|-damage|p1a: Oregon-Wellspring|76\/100|[from] Recoil\n|move|p2a: Ursaluna|Hyper Voice|p1b: Kingambit|[spread] p1a,p1b\n|-resisted|p1b: Kingambit\n|-damage|p1a: Oregon-Wellspring|25\/100\n|-damage|p1b: Kingambit|83\/100\n|\n|upkeep\n|turn|3\n|\n|t:|1700086275\n|move|p2b: Sinistcha|Rage Powder|p2b: Sinistcha\n|-singleturn|p2b: Sinistcha|move: Rage Powder\n|move|p2a: Ursaluna|Vacuum Wave|p1b: Kingambit\n|-supereffective|p1b: Kingambit\n|-damage|p1b: Kingambit|43\/100\n|move|p1a: Oregon-Wellspring|Ivy Cudgel|p2a: Ursaluna|[anim] Ivy Cudgel Water\n|-damage|p2a: Ursaluna|3\/100\n|move|p1b: Kingambit|Kowtow Cleave|p2b: Sinistcha\n|-supereffective|p2b: Sinistcha\n|-damage|p2b: Sinistcha|13\/100\n|-enditem|p2b: Sinistcha|Sitrus Berry|[eat]\n|-heal|p2b: Sinistcha|38\/100|[from] item: Sitrus Berry\n|\n|upkeep\n|turn|4\n|\n|t:|1700086296\n|move|p1a: Oregon-Wellspring|Spiky Shield|p1a: Oregon-Wellspring\n|-singleturn|p1a: Oregon-Wellspring|move: Protect\n|move|p2a: Ursaluna|Vacuum Wave|p1b: Kingambit\n|-supereffective|p1b: Kingambit\n|-damage|p1b: Kingambit|0 fnt\n|faint|p1b: Kingambit\n|-end|p1b: Kingambit|fallenundefined|[silent]\n|move|p2b: Sinistcha|Strength Sap|p1a: Oregon-Wellspring\n|-activate|p1a: Oregon-Wellspring|move: Protect\n|\n|upkeep\n|\n|t:|1700086306\n|switch|p1b: Tornadus|Tornadus, M|55\/100\n|turn|5\n|\n|t:|1700086319\n|switch|p2b: Kingambit|Kingambit, F|100\/100\n|move|p1b: Tornadus|Tailwind|p1b: Tornadus\n|-sidestart|p1: sirazurill|move: Tailwind\n|move|p2a: Ursaluna|Vacuum Wave|p1a: Oregon-Wellspring\n|-damage|p1a: Oregon-Wellspring|7\/100\n|move|p1a: Oregon-Wellspring|Ivy Cudgel|p2a: Ursaluna|[anim] Ivy Cudgel Water\n|-damage|p2a: Ursaluna|0 fnt\n|faint|p2a: Ursaluna\n|\n|upkeep\n|\n|t:|1700086330\n|switch|p2a: Munkidori|Munkidori, M|100\/100\n|turn|6\n|\n|t:|1700086345\n|switch|p2a: Garganacl|Garganacl, F|100\/100\n|move|p1a: Oregon-Wellspring|Follow Me|p1a: Oregon-Wellspring\n|-singleturn|p1a: Oregon-Wellspring|move: Follow Me\n|move|p1b: Tornadus|Bleakwind Storm|p2a: Garganacl|[spread] p2a,p2b\n|-resisted|p2a: Garganacl\n|-resisted|p2b: Kingambit\n|-damage|p2a: Garganacl|81\/100\n|-damage|p2b: Kingambit|83\/100\n|move|p2b: Kingambit|Kowtow Cleave|p1a: Oregon-Wellspring\n|-damage|p1a: Oregon-Wellspring|0 fnt\n|faint|p1a: Oregon-Wellspring\n|\n|upkeep\n|\n|t:|1700086357\n|switch|p1a: Landorus|Landorus-Therian, M, tera:Ground|52\/100\n|-ability|p1a: Landorus|Intimidate|boost\n|-unboost|p2a: Garganacl|atk|1\n|-unboost|p2b: Kingambit|atk|1\n|-ability|p2b: Kingambit|Defiant|boost\n|-boost|p2b: Kingambit|atk|2\n|turn|7\n|\n|t:|1700086374\n|move|p1b: Tornadus|Protect|p1b: Tornadus\n|-singleturn|p1b: Tornadus|Protect\n|move|p2a: Garganacl|Wide Guard|p2a: Garganacl\n|-singleturn|p2a: Garganacl|Wide Guard\n|move|p1a: Landorus|Stomping Tantrum|p2b: Kingambit\n|-supereffective|p2b: Kingambit\n|-damage|p2b: Kingambit|0 fnt\n|faint|p2b: Kingambit\n|\n|upkeep\n|\n|t:|1700086386\n|switch|p2b: Munkidori|Munkidori, M|100\/100\n|turn|8\n|\n|t:|1700086395\n|switch|p1b: Heatran|Heatran, F|100\/100\n|move|p2b: Munkidori|Fake Out|p1a: Landorus\n|-damage|p1a: Landorus|44\/100\n|cant|p1a: Landorus|flinch\n|move|p2a: Garganacl|Body Press|p1a: Landorus\n|-damage|p1a: Landorus|11\/100\n|\n|-sideend|p1: sirazurill|move: Tailwind\n|upkeep\n|turn|9\n|\n|t:|1700086428\n|switch|p1a: Flutter Mane|Flutter Mane|100\/100\n|move|p2b: Munkidori|Acid Spray|p1a: Flutter Mane\n|-damage|p1a: Flutter Mane|83\/100\n|-unboost|p1a: Flutter Mane|spd|2\n|move|p1b: Heatran|Flash Cannon|p2a: Garganacl\n|-supereffective|p2a: Garganacl\n|-damage|p2a: Garganacl|0 fnt\n|faint|p2a: Garganacl\n|\n|upkeep\n|-message|e_bennettwe forfeited.\n|\n|win|sirazurill\n|raw|sirazurill's rating: 1517 &rarr; <strong>1539<\/strong><br \/>(+22 for winning)\n|raw|e_bennettwe's rating: 1558 &rarr; <strong>1536<\/strong><br \/>(-22 for losing)\n|l|\u2606e_bennettwe\n|l|\u2606sirazurill\n","uploadtime":1700086491,"views":5,"p1id":"sirazurill","p2id":"ebennettwe","formatid":"gen9doublesou","rating":1536,"private":0,"password":""}