{"id":"gen9doublesou-1972705263","p1":"SirNicolas727","p2":"fengyuzhiya","format":"[Gen 9] Doubles OU","log":"|j|\u2606SirNicolas727\n|j|\u2606fengyuzhiya\n|t:|1697881396\n|gametype|doubles\n|player|p1|SirNicolas727|giovanni|1250\n|player|p2|fengyuzhiya|rosa|1244\n|teamsize|p1|6\n|teamsize|p2|6\n|gen|9\n|tier|[Gen 9] Doubles OU\n|rated|\n|rule|Species Clause: Limit one of each Pok\u00e9mon\n|rule|OHKO Clause: OHKO moves are banned\n|rule|Evasion Moves Clause: Evasion moves are banned\n|rule|Gravity Sleep Clause: The combination of sleep-inducing moves with imperfect accuracy and Gravity or Gigantamax Orbeetle are banned\n|rule|Endless Battle Clause: Forcing endless battles is banned\n|rule|HP Percentage Mod: HP is shown in percentages\n|clearpoke\n|poke|p1|Muk-Alola, F|\n|poke|p1|Kommo-o, F|\n|poke|p1|Volcarona, F|\n|poke|p1|Lilligant, F|\n|poke|p1|Quaquaval, M|\n|poke|p1|Oricorio-Sensu, F|\n|poke|p2|Ogerpon-Hearthflame, F|\n|poke|p2|Flutter Mane|\n|poke|p2|Chien-Pao|\n|poke|p2|Landorus-Therian, M|\n|poke|p2|Rillaboom, M|\n|poke|p2|Kingambit, M|\n|teampreview\n|inactive|Battle timer is ON: inactive players will automatically lose when time's up. (requested by SirNicolas727)\n|\n|t:|1697881417\n|start\n|switch|p1a: Quaquaval|Quaquaval, M|100\/100\n|switch|p1b: Oricorio|Oricorio-Sensu, F|100\/100\n|switch|p2a: Rillaboom|Rillaboom, M|100\/100\n|switch|p2b: Ogerpon|Ogerpon-Hearthflame, F|100\/100\n|-ability|p2b: Ogerpon|Mold Breaker\n|-fieldstart|move: Grassy Terrain|[from] ability: Grassy Surge|[of] p2a: Rillaboom\n|turn|1\n|\n|t:|1697881443\n|move|p1a: Quaquaval|Detect|p1a: Quaquaval\n|-singleturn|p1a: Quaquaval|Protect\n|move|p2b: Ogerpon|Grassy Glide|p1a: Quaquaval\n|-activate|p1a: Quaquaval|move: Protect\n|move|p2a: Rillaboom|Grassy Glide|p1a: Quaquaval\n|-activate|p1a: Quaquaval|move: Protect\n|move|p1b: Oricorio|Substitute|p1b: Oricorio\n|-start|p1b: Oricorio|Substitute\n|-damage|p1b: Oricorio|76\/100\n|\n|upkeep\n|turn|2\n|\n|t:|1697881458\n|switch|p1a: Muk|Muk-Alola, F|100\/100\n|-terastallize|p2b: Ogerpon|Fire\n|detailschange|p2b: Ogerpon|Ogerpon-Hearthflame-Tera, F, tera:Fire\n|-ability|p2b: Ogerpon|Embody Aspect (Hearthflame)|boost\n|-boost|p2b: Ogerpon|atk|1\n|-enditem|p1b: Oricorio|Mirror Herb\n|-boost|p1b: Oricorio|atk|1|[from] item: Mirror Herb\n|move|p2b: Ogerpon|Grassy Glide|p1a: Muk\n|-resisted|p1a: Muk\n|-damage|p1a: Muk|69\/100\n|move|p1b: Oricorio|Acrobatics|p2a: Rillaboom\n|-supereffective|p2a: Rillaboom\n|-damage|p2a: Rillaboom|5\/100\n|move|p2a: Rillaboom|U-turn|p1b: Oricorio\n|-resisted|p1b: Oricorio\n|-activate|p1b: Oricorio|move: Substitute|[damage]\n|\n|t:|1697881478\n|switch|p2a: Landorus|Landorus-Therian, M|100\/100|[from] U-turn\n|-ability|p2a: Landorus|Intimidate|boost\n|-unboost|p1a: Muk|atk|1\n|-immune|p1b: Oricorio\n|\n|-heal|p1a: Muk|75\/100|[from] Grassy Terrain\n|-heal|p1a: Muk|81\/100|[from] item: Black Sludge\n|upkeep\n|turn|3\n|inactive|SirNicolas727 has 120 seconds left.\n|\n|t:|1697881511\n|move|p2a: Landorus|Rock Slide|p1b: Oricorio|[spread] p1a,p1b\n|-supereffective|p1b: Oricorio\n|-end|p1b: Oricorio|Substitute\n|-damage|p1a: Muk|65\/100\n|move|p2b: Ogerpon|Ivy Cudgel|p1a: Muk\n|-damage|p1a: Muk|0 fnt\n|faint|p1a: Muk\n|move|p1b: Oricorio|Acrobatics|p2a: Landorus\n|-damage|p2a: Landorus|50\/100\n|\n|upkeep\n|inactive|SirNicolas727 has 120 seconds left.\n|\n|t:|1697881524\n|switch|p1a: Quaquaval|Quaquaval, M|100\/100\n|turn|4\n|\n|t:|1697881534\n|move|p1b: Oricorio|Protect|p1b: Oricorio\n|-singleturn|p1b: Oricorio|Protect\n|move|p2b: Ogerpon|Grassy Glide|p1a: Quaquaval\n|-supereffective|p1a: Quaquaval\n|-enditem|p1a: Quaquaval|Focus Sash\n|-damage|p1a: Quaquaval|1\/100\n|move|p2a: Landorus|Rock Slide|p1b: Oricorio|[spread] \n|-activate|p1b: Oricorio|move: Protect\n|-miss|p2a: Landorus|p1a: Quaquaval\n|move|p1a: Quaquaval|Aqua Step|p2b: Ogerpon\n|-supereffective|p2b: Ogerpon\n|-damage|p2b: Ogerpon|0 fnt\n|-boost|p1a: Quaquaval|spe|1\n|faint|p2b: Ogerpon\n|-ability|p1a: Quaquaval|Moxie|boost\n|-boost|p1a: Quaquaval|atk|1\n|-activate|p1b: Oricorio|ability: Dancer\n|move|p1b: Oricorio|Aqua Step|p2a: Landorus|[from]ability: Dancer\n|-supereffective|p2a: Landorus\n|-damage|p2a: Landorus|0 fnt\n|-boost|p1b: Oricorio|spe|1\n|faint|p2a: Landorus\n|\n|-heal|p1a: Quaquaval|7\/100|[from] Grassy Terrain\n|upkeep\n|\n|t:|1697881551\n|switch|p2b: Chien-Pao|Chien-Pao|100\/100\n|switch|p2a: Flutter Mane|Flutter Mane|100\/100\n|-ability|p2b: Chien-Pao|Sword of Ruin\n|-enditem|p2a: Flutter Mane|Booster Energy\n|-activate|p2a: Flutter Mane|ability: Protosynthesis|[fromitem]\n|-start|p2a: Flutter Mane|protosynthesisspa\n|turn|5\n|\n|t:|1697881576\n|-terastallize|p1b: Oricorio|Electric\n|move|p1a: Quaquaval|Detect|p1a: Quaquaval\n|-singleturn|p1a: Quaquaval|Protect\n|move|p2b: Chien-Pao|Sucker Punch||[still]\n|-fail|p2b: Chien-Pao\n|move|p1b: Oricorio|Acrobatics|p2a: Flutter Mane\n|-damage|p2a: Flutter Mane|0 fnt\n|faint|p2a: Flutter Mane\n|-end|p2a: Flutter Mane|Protosynthesis|[silent]\n|\n|-heal|p1a: Quaquaval|13\/100|[from] Grassy Terrain\n|-heal|p1b: Oricorio|82\/100|[from] Grassy Terrain\n|-fieldend|move: Grassy Terrain\n|upkeep\n|\n|t:|1697881591\n|switch|p2a: Kingambit|Kingambit, M|100\/100\n|turn|6\n|\n|t:|1697881608\n|move|p2b: Chien-Pao|Sucker Punch||[still]\n|-fail|p2b: Chien-Pao\n|move|p1a: Quaquaval|Swords Dance|p1a: Quaquaval\n|-boost|p1a: Quaquaval|atk|2\n|-activate|p1b: Oricorio|ability: Dancer\n|move|p1b: Oricorio|Swords Dance|p1b: Oricorio|[from]ability: Dancer\n|-boost|p1b: Oricorio|atk|2\n|move|p1b: Oricorio|Substitute|p1b: Oricorio\n|-start|p1b: Oricorio|Substitute\n|-damage|p1b: Oricorio|57\/100\n|move|p2a: Kingambit|Kowtow Cleave|p1b: Oricorio\n|-end|p1b: Oricorio|Substitute\n|\n|upkeep\n|turn|7\n|inactive|SirNicolas727 has 120 seconds left.\n|\n|t:|1697881639\n|move|p1a: Quaquaval|Detect|p1a: Quaquaval\n|-singleturn|p1a: Quaquaval|Protect\n|move|p2b: Chien-Pao|Sucker Punch||[still]\n|-fail|p2b: Chien-Pao\n|move|p1b: Oricorio|Acrobatics|p2b: Chien-Pao\n|-enditem|p2b: Chien-Pao|Focus Sash\n|-damage|p2b: Chien-Pao|1\/100\n|move|p2a: Kingambit|Iron Head|p1b: Oricorio\n|-resisted|p1b: Oricorio\n|-damage|p1b: Oricorio|7\/100\n|\n|upkeep\n|turn|8\n|\n|t:|1697881659\n|move|p2b: Chien-Pao|Protect|p2b: Chien-Pao\n|-singleturn|p2b: Chien-Pao|Protect\n|move|p1b: Oricorio|Protect|p1b: Oricorio\n|-singleturn|p1b: Oricorio|Protect\n|move|p1a: Quaquaval|Swords Dance|p1a: Quaquaval\n|-boost|p1a: Quaquaval|atk|2\n|-activate|p1b: Oricorio|ability: Dancer\n|move|p1b: Oricorio|Swords Dance|p1b: Oricorio|[from]ability: Dancer\n|-boost|p1b: Oricorio|atk|2\n|move|p2a: Kingambit|Iron Head|p1b: Oricorio\n|-activate|p1b: Oricorio|move: Protect\n|\n|upkeep\n|turn|9\n|inactive|SirNicolas727 has 120 seconds left.\n|\n|t:|1697881691\n|move|p2b: Chien-Pao|Sucker Punch|p1a: Quaquaval\n|-resisted|p1a: Quaquaval\n|-damage|p1a: Quaquaval|0 fnt\n|faint|p1a: Quaquaval\n|move|p1b: Oricorio|Revelation Dance|p2b: Chien-Pao\n|-damage|p2b: Chien-Pao|0 fnt\n|faint|p2b: Chien-Pao\n|move|p2a: Kingambit|Kowtow Cleave|p1b: Oricorio\n|-damage|p1b: Oricorio|0 fnt\n|faint|p1b: Oricorio\n|\n|upkeep\n|\n|t:|1697881704\n|switch|p2b: Rillaboom|Rillaboom, M|5\/100\n|switch|p1a: Lilligant|Lilligant, F|100\/100\n|switch|p1b: Volcarona|Volcarona, F|100\/100\n|-fieldstart|move: Grassy Terrain|[from] ability: Grassy Surge|[of] p2b: Rillaboom\n|turn|10\n|\n|t:|1697881729\n|move|p2b: Rillaboom|Fake Out|p1b: Volcarona\n|-crit|p1b: Volcarona\n|-damage|p1b: Volcarona|63\/100\n|cant|p1b: Volcarona|flinch\n|move|p1a: Lilligant|Quiver Dance|p1a: Lilligant\n|-boost|p1a: Lilligant|spa|1\n|-boost|p1a: Lilligant|spd|1\n|-boost|p1a: Lilligant|spe|1\n|move|p2a: Kingambit|Kowtow Cleave|p1b: Volcarona\n|-damage|p1b: Volcarona|0 fnt\n|faint|p1b: Volcarona\n|\n|-heal|p2b: Rillaboom|11\/100|[from] Grassy Terrain\n|upkeep\n|\n|t:|1697881742\n|switch|p1b: Kommo-o|Kommo-o, F|100\/100\n|turn|11\n|\n|t:|1697881754\n|move|p2a: Kingambit|Sucker Punch|p1a: Lilligant\n|-damage|p1a: Lilligant|49\/100\n|move|p1a: Lilligant|Pollen Puff|p2a: Kingambit\n|-damage|p2a: Kingambit|59\/100\n|move|p1b: Kommo-o|Clangorous Soul|p1b: Kommo-o\n|-boost|p1b: Kommo-o|atk|1\n|-boost|p1b: Kommo-o|def|1\n|-boost|p1b: Kommo-o|spa|1\n|-boost|p1b: Kommo-o|spd|1\n|-boost|p1b: Kommo-o|spe|1\n|-damage|p1b: Kommo-o|68\/100\n|move|p2b: Rillaboom|U-turn|p1a: Lilligant\n|-supereffective|p1a: Lilligant\n|-damage|p1a: Lilligant|0 fnt\n|faint|p1a: Lilligant\n|\n|-heal|p1b: Kommo-o|74\/100|[from] Grassy Terrain\n|-heal|p2b: Rillaboom|17\/100|[from] Grassy Terrain\n|-heal|p2a: Kingambit|65\/100|[from] Grassy Terrain\n|upkeep\n|turn|12\n|inactive|fengyuzhiya has 120 seconds left.\n|\n|t:|1697881790\n|move|p2b: Rillaboom|Grassy Glide|p1b: Kommo-o\n|-resisted|p1b: Kommo-o\n|-damage|p1b: Kommo-o|61\/100\n|move|p1b: Kommo-o|Clanging Scales|p2b: Rillaboom|[spread] p2a,p2b\n|-resisted|p2a: Kingambit\n|-damage|p2a: Kingambit|34\/100\n|-damage|p2b: Rillaboom|0 fnt\n|faint|p2b: Rillaboom\n|-unboost|p1b: Kommo-o|def|1\n|move|p2a: Kingambit|Iron Head|p1b: Kommo-o\n|-crit|p1b: Kommo-o\n|-damage|p1b: Kommo-o|0 fnt\n|faint|p1b: Kommo-o\n|\n|win|fengyuzhiya\n|raw|SirNicolas727's rating: 1250 &rarr; <strong>1225<\/strong><br \/>(-25 for losing)\n|raw|fengyuzhiya's rating: 1244 &rarr; <strong>1269<\/strong><br \/>(+25 for winning)\n|c|\u2606SirNicolas727|gg\n|l|\u2606SirNicolas727\n","uploadtime":1697881851,"views":22,"p1id":"sirnicolas727","p2id":"fengyuzhiya","formatid":"gen9doublesou","rating":1225,"private":0,"password":""}