{"id":"gen9doublesou-1983948223","p1":"Chad bcuz","p2":"Black_Kamui9","format":"[Gen 9] Doubles OU","log":"|j|\u2606Chad bcuz\n|j|\u2606Black_Kamui9\n|t:|1699203075\n|gametype|doubles\n|player|p1|Chad bcuz|benga|1434\n|player|p2|Black_Kamui9|ingo|1271\n|teamsize|p1|6\n|teamsize|p2|6\n|gen|9\n|tier|[Gen 9] Doubles OU\n|rated|\n|rule|Species Clause: Limit one of each Pok\u00e9mon\n|rule|OHKO Clause: OHKO moves are banned\n|rule|Evasion Moves Clause: Evasion moves are banned\n|rule|Gravity Sleep Clause: The combination of sleep-inducing moves with imperfect accuracy and Gravity or Gigantamax Orbeetle are banned\n|rule|Endless Battle Clause: Forcing endless battles is banned\n|rule|HP Percentage Mod: HP is shown in percentages\n|clearpoke\n|poke|p1|Iron Hands|\n|poke|p1|Landorus-Therian, M|\n|poke|p1|Heatran, F|\n|poke|p1|Rillaboom, M|\n|poke|p1|Iron Bundle|\n|poke|p1|Cresselia, F|\n|poke|p2|Wo-Chien|\n|poke|p2|Dragapult, M|\n|poke|p2|Heatran, M|\n|poke|p2|Ursaluna-Bloodmoon, M|\n|poke|p2|Iron Hands|\n|poke|p2|Cresselia, F|\n|teampreview\n|inactive|Battle timer is ON: inactive players will automatically lose when time's up. (requested by Chad bcuz)\n|l|\u2606Chad bcuz\n|inactive|Chad bcuz disconnected and has a minute to reconnect!\n|player|p1|\n|j|\u2606Chad bcuz\n|inactive|Chad bcuz reconnected and has 145 seconds left.\n|player|p1|Chad bcuz|benga\n|\n|t:|1699203100\n|start\n|switch|p1a: Cresselia|Cresselia, F, shiny|100\/100\n|switch|p1b: Heatran|Heatran, F, shiny|100\/100\n|switch|p2a: Dragapult|Dragapult, M, shiny|100\/100\n|switch|p2b: Wo-Chien|Wo-Chien|100\/100\n|-ability|p2b: Wo-Chien|Tablets of Ruin\n|turn|1\n|\n|t:|1699203117\n|switch|p1a: Landorus|Landorus-Therian, M|100\/100\n|-ability|p1a: Landorus|Intimidate|boost\n|-fail|p2a: Dragapult|unboost|[from] ability: Clear Body|[of] p2a: Dragapult\n|-unboost|p2b: Wo-Chien|atk|1\n|move|p2b: Wo-Chien|Protect|p2b: Wo-Chien\n|-singleturn|p2b: Wo-Chien|Protect\n|move|p2a: Dragapult|U-turn|p1a: Landorus\n|-resisted|p1a: Landorus\n|-damage|p1a: Landorus|86\/100\n|\n|t:|1699203131\n|switch|p2a: Heatran|Heatran, M|100\/100|[from] U-turn\n|move|p1b: Heatran|Heat Wave|p2a: Heatran|[spread] \n|-activate|p2b: Wo-Chien|move: Protect\n|-start|p2a: Heatran|ability: Flash Fire\n|\n|upkeep\n|turn|2\n|\n|t:|1699203152\n|-end|p2a: Heatran|ability: Flash Fire|[silent]\n|switch|p2a: Cresselia|Cresselia, F|100\/100\n|switch|p2b: Dragapult|Dragapult, M, shiny|100\/100\n|move|p1a: Landorus|Stomping Tantrum|p2a: Cresselia\n|-immune|p2a: Cresselia|[from] ability: Levitate\n|move|p1b: Heatran|Substitute|p1b: Heatran\n|-start|p1b: Heatran|Substitute\n|-damage|p1b: Heatran|76\/100\n|\n|-heal|p1b: Heatran|82\/100|[from] item: Leftovers\n|upkeep\n|turn|3\n|\n|t:|1699203169\n|move|p1b: Heatran|Protect|p1b: Heatran\n|-singleturn|p1b: Heatran|Protect\n|move|p2a: Cresselia|Protect|p2a: Cresselia\n|-singleturn|p2a: Cresselia|Protect\n|move|p1a: Landorus|Stomping Tantrum|p2b: Dragapult\n|-damage|p2b: Dragapult|0 fnt\n|faint|p2b: Dragapult\n|\n|-heal|p1b: Heatran|88\/100|[from] item: Leftovers\n|upkeep\n|c|\u2606Black_Kamui9|scarfed lando?\n|inactive|Black_Kamui9 has 120 seconds left.\n|\n|t:|1699203193\n|switch|p2b: Wo-Chien|Wo-Chien|100\/100\n|-ability|p2b: Wo-Chien|Tablets of Ruin\n|turn|4\n|c|\u2606Chad bcuz|yessir\n|\n|t:|1699203206\n|switch|p1a: Iron Bundle|Iron Bundle|100\/100\n|-enditem|p1a: Iron Bundle|Booster Energy\n|-activate|p1a: Iron Bundle|ability: Quark Drive|[fromitem]\n|-start|p1a: Iron Bundle|quarkdrivespe\n|move|p1b: Heatran|Heat Wave|p2b: Wo-Chien|[spread] p2a,p2b\n|-supereffective|p2b: Wo-Chien\n|-damage|p2a: Cresselia|79\/100\n|-damage|p2b: Wo-Chien|48\/100\n|move|p2a: Cresselia|Dazzling Gleam|p1a: Iron Bundle|[spread] p1a,p1b\n|-resisted|p1b: Heatran\n|-activate|p1b: Heatran|move: Substitute|[damage]\n|-damage|p1a: Iron Bundle|85\/100\n|move|p2b: Wo-Chien|Giga Drain|p1a: Iron Bundle\n|-supereffective|p1a: Iron Bundle\n|-damage|p1a: Iron Bundle|0 fnt\n|-heal|p2b: Wo-Chien|91\/100|[from] drain|[of] p1a: Iron Bundle\n|faint|p1a: Iron Bundle\n|-end|p1a: Iron Bundle|Quark Drive|[silent]\n|-damage|p2b: Wo-Chien|81\/100|[from] item: Life Orb\n|\n|-heal|p1b: Heatran|94\/100|[from] item: Leftovers\n|-heal|p2a: Cresselia|86\/100|[from] item: Leftovers\n|upkeep\n|\n|t:|1699203223\n|switch|p1a: Cresselia|Cresselia, F, shiny|100\/100\n|turn|5\n|\n|t:|1699203241\n|switch|p2b: Ursaluna|Ursaluna-Bloodmoon, M|100\/100\n|-terastallize|p1a: Cresselia|Electric\n|move|p1b: Heatran|Protect|p1b: Heatran\n|-singleturn|p1b: Heatran|Protect\n|move|p2a: Cresselia|Protect|p2a: Cresselia\n|-singleturn|p2a: Cresselia|Protect\n|move|p1a: Cresselia|Ice Beam|p2b: Ursaluna\n|-supereffective|p2b: Ursaluna\n|-crit|p2b: Ursaluna\n|-damage|p2b: Ursaluna|62\/100\n|\n|-heal|p1b: Heatran|99\/100|[from] item: Leftovers\n|-heal|p2a: Cresselia|92\/100|[from] item: Leftovers\n|upkeep\n|turn|6\n|\n|t:|1699203268\n|-terastallize|p2b: Ursaluna|Fighting\n|move|p1b: Heatran|Heat Wave|p2a: Cresselia|[spread] p2a,p2b\n|-damage|p2a: Cresselia|72\/100\n|-damage|p2b: Ursaluna|36\/100\n|move|p2a: Cresselia|Lunar Blessing|p2a: Cresselia|[spread] p2a,p2b\n|-heal|p2a: Cresselia|97\/100\n|-heal|p2b: Ursaluna|61\/100\n|move|p1a: Cresselia|Ice Beam|p2b: Ursaluna\n|-damage|p2b: Ursaluna|49\/100\n|move|p2b: Ursaluna|Earth Power|p1b: Heatran\n|-supereffective|p1b: Heatran\n|-end|p1b: Heatran|Substitute\n|\n|-heal|p1b: Heatran|100\/100|[from] item: Leftovers\n|-heal|p2a: Cresselia|100\/100|[from] item: Leftovers\n|upkeep\n|turn|7\n|inactive|Black_Kamui9 has 120 seconds left.\n|\n|t:|1699203303\n|switch|p1b: Landorus|Landorus-Therian, M|86\/100\n|-ability|p1b: Landorus|Intimidate|boost\n|-unboost|p2a: Cresselia|atk|1\n|-unboost|p2b: Ursaluna|atk|1\n|move|p2b: Ursaluna|Vacuum Wave|p1b: Landorus\n|-resisted|p1b: Landorus\n|-damage|p1b: Landorus|73\/100\n|move|p2a: Cresselia|Dazzling Gleam|p1a: Cresselia|[spread] p1a,p1b\n|-damage|p1a: Cresselia|94\/100\n|-damage|p1b: Landorus|62\/100\n|move|p1a: Cresselia|Psyshock|p2b: Ursaluna\n|-supereffective|p2b: Ursaluna\n|-damage|p2b: Ursaluna|14\/100\n|\n|upkeep\n|turn|8\n|\n|t:|1699203323\n|switch|p2b: Wo-Chien|Wo-Chien|81\/100\n|-ability|p2b: Wo-Chien|Tablets of Ruin\n|move|p1b: Landorus|U-turn|p2a: Cresselia\n|-supereffective|p2a: Cresselia\n|-damage|p2a: Cresselia|76\/100\n|\n|t:|1699203326\n|switch|p1b: Heatran|Heatran, F, shiny|100\/100|[from] U-turn\n|move|p2a: Cresselia|Lunar Blessing|p2a: Cresselia|[spread] p2a,p2b\n|-heal|p2a: Cresselia|100\/100\n|-heal|p2b: Wo-Chien|100\/100\n|move|p1a: Cresselia|Psyshock|p2b: Wo-Chien\n|-immune|p2b: Wo-Chien\n|\n|upkeep\n|turn|9\n|\n|t:|1699203351\n|switch|p2b: Heatran|Heatran, M|100\/100\n|move|p2a: Cresselia|Protect|p2a: Cresselia\n|-singleturn|p2a: Cresselia|Protect\n|move|p1b: Heatran|Substitute|p1b: Heatran\n|-start|p1b: Heatran|Substitute\n|-damage|p1b: Heatran|76\/100\n|move|p1a: Cresselia|Ice Beam|p2b: Heatran\n|-resisted|p2b: Heatran\n|-damage|p2b: Heatran|96\/100\n|\n|-heal|p1b: Heatran|82\/100|[from] item: Leftovers\n|upkeep\n|turn|10\n|\n|t:|1699203368\n|move|p2a: Cresselia|Ally Switch|p2a: Cresselia\n|swap|p2a: Cresselia|1|[from] move: Ally Switch\n|move|p2a: Heatran|Earth Power|p1b: Heatran\n|-supereffective|p1b: Heatran\n|-end|p1b: Heatran|Substitute\n|move|p1b: Heatran|Earth Power|p2b: Cresselia\n|-immune|p2b: Cresselia|[from] ability: Levitate\n|move|p1a: Cresselia|Psyshock|p2a: Heatran\n|-resisted|p2a: Heatran\n|-damage|p2a: Heatran|86\/100\n|\n|-heal|p1b: Heatran|88\/100|[from] item: Leftovers\n|upkeep\n|turn|11\n|\n|t:|1699203382\n|switch|p1b: Landorus|Landorus-Therian, M|62\/100\n|-ability|p1b: Landorus|Intimidate|boost\n|-unboost|p2a: Heatran|atk|1\n|-unboost|p2b: Cresselia|atk|1\n|move|p2a: Heatran|Earth Power|p1b: Landorus\n|-immune|p1b: Landorus\n|move|p2b: Cresselia|Dazzling Gleam|p1a: Cresselia|[spread] p1a,p1b\n|-damage|p1a: Cresselia|88\/100\n|-damage|p1b: Landorus|51\/100\n|move|p1a: Cresselia|Trick Room|p1a: Cresselia\n|-fieldstart|move: Trick Room|[of] p1a: Cresselia\n|\n|upkeep\n|turn|12\n|\n|t:|1699203401\n|switch|p2a: Wo-Chien|Wo-Chien|100\/100\n|-ability|p2a: Wo-Chien|Tablets of Ruin\n|move|p1a: Cresselia|Lunar Blessing|p1a: Cresselia|[spread] p1a,p1b\n|-heal|p1a: Cresselia|100\/100\n|-heal|p1b: Landorus|76\/100\n|move|p2b: Cresselia|Dazzling Gleam|p1a: Cresselia|[spread] p1a,p1b\n|-crit|p1b: Landorus\n|-damage|p1a: Cresselia|94\/100\n|-damage|p1b: Landorus|56\/100\n|move|p1b: Landorus|Stomping Tantrum|p2a: Wo-Chien\n|-resisted|p2a: Wo-Chien\n|-damage|p2a: Wo-Chien|88\/100\n|\n|upkeep\n|turn|13\n|\n|t:|1699203427\n|switch|p1b: Iron Hands|Iron Hands|100\/100\n|move|p1a: Cresselia|Ice Beam|p2a: Wo-Chien\n|-supereffective|p2a: Wo-Chien\n|-damage|p2a: Wo-Chien|59\/100\n|-status|p2a: Wo-Chien|frz\n|cant|p2a: Wo-Chien|frz\n|move|p2b: Cresselia|Dazzling Gleam|p1b: Iron Hands|[spread] p1a,p1b\n|-supereffective|p1b: Iron Hands\n|-damage|p1a: Cresselia|88\/100\n|-damage|p1b: Iron Hands|89\/100\n|\n|upkeep\n|turn|14\n|\n|t:|1699203444\n|-curestatus|p2a: Wo-Chien|frz|[msg]\n|move|p2a: Wo-Chien|Protect|p2a: Wo-Chien\n|-singleturn|p2a: Wo-Chien|Protect\n|move|p1b: Iron Hands|Drain Punch|p2a: Wo-Chien\n|-activate|p2a: Wo-Chien|move: Protect\n|move|p1a: Cresselia|Lunar Blessing|p1a: Cresselia|[spread] p1a,p1b\n|-heal|p1a: Cresselia|100\/100\n|-heal|p1b: Iron Hands|100\/100\n|move|p2b: Cresselia|Lunar Blessing|p2b: Cresselia|[spread] p2a,p2b\n|-heal|p2a: Wo-Chien|84\/100\n|\n|upkeep\n|turn|15\n|inactive|Black_Kamui9 has 120 seconds left.\n|\n|t:|1699203492\n|switch|p1a: Rillaboom|Rillaboom, M|100\/100\n|-fieldstart|move: Grassy Terrain|[from] ability: Grassy Surge|[of] p1a: Rillaboom\n|move|p2b: Cresselia|Ally Switch|p2b: Cresselia\n|swap|p2b: Cresselia|0|[from] move: Ally Switch\n|move|p1b: Iron Hands|Drain Punch|p2a: Cresselia\n|-resisted|p2a: Cresselia\n|-damage|p2a: Cresselia|91\/100\n|move|p2b: Wo-Chien|Giga Drain|p1b: Iron Hands\n|-damage|p1b: Iron Hands|75\/100\n|-heal|p2b: Wo-Chien|100\/100|[from] drain|[of] p1b: Iron Hands\n|-damage|p2b: Wo-Chien|91\/100|[from] item: Life Orb\n|\n|-heal|p1b: Iron Hands|81\/100|[from] Grassy Terrain\n|-heal|p2b: Wo-Chien|97\/100|[from] Grassy Terrain\n|-heal|p2a: Cresselia|97\/100|[from] item: Leftovers\n|-fieldend|move: Trick Room\n|upkeep\n|turn|16\n|inactive|Black_Kamui9 has 120 seconds left.\n|\n|t:|1699203519\n|-end|p1b: Iron Hands|Quark Drive|[silent]\n|switch|p1b: Heatran|Heatran, F, shiny|88\/100\n|move|p1a: Rillaboom|Knock Off|p2a: Cresselia\n|-supereffective|p2a: Cresselia\n|-damage|p2a: Cresselia|51\/100\n|-enditem|p2a: Cresselia|Leftovers|[from] move: Knock Off|[of] p1a: Rillaboom\n|move|p2a: Cresselia|Dazzling Gleam|p1b: Heatran|[spread] p1a,p1b\n|-resisted|p1b: Heatran\n|-damage|p1a: Rillaboom|90\/100\n|-damage|p1b: Heatran|86\/100\n|move|p2b: Wo-Chien|Pollen Puff|p1a: Rillaboom\n|-supereffective|p1a: Rillaboom\n|-damage|p1a: Rillaboom|23\/100\n|-damage|p2b: Wo-Chien|87\/100|[from] item: Life Orb\n|\n|-heal|p1a: Rillaboom|29\/100|[from] Grassy Terrain\n|-heal|p1b: Heatran|92\/100|[from] Grassy Terrain\n|-heal|p1b: Heatran|98\/100|[from] item: Leftovers\n|-heal|p2b: Wo-Chien|93\/100|[from] Grassy Terrain\n|upkeep\n|turn|17\n|inactive|Black_Kamui9 has 120 seconds left.\n|\n|t:|1699203552\n|switch|p1a: Landorus|Landorus-Therian, M|56\/100\n|-ability|p1a: Landorus|Intimidate|boost\n|-unboost|p2a: Cresselia|atk|1\n|-unboost|p2b: Wo-Chien|atk|1\n|switch|p2b: Heatran|Heatran, M|86\/100\n|move|p1b: Heatran|Substitute|p1b: Heatran\n|-start|p1b: Heatran|Substitute\n|-damage|p1b: Heatran|73\/100\n|move|p2a: Cresselia|Lunar Blessing|p2a: Cresselia|[spread] p2a,p2b\n|-heal|p2a: Cresselia|76\/100\n|-heal|p2b: Heatran|100\/100\n|\n|-heal|p1b: Heatran|79\/100|[from] Grassy Terrain\n|-heal|p1b: Heatran|86\/100|[from] item: Leftovers\n|upkeep\n|turn|18\n|inactive|Black_Kamui9 has 120 seconds left.\n|\n|t:|1699203585\n|move|p1a: Landorus|Stomping Tantrum|p2b: Heatran\n|-supereffective|p2b: Heatran\n|-damage|p2b: Heatran|0 fnt\n|faint|p2b: Heatran\n|move|p1b: Heatran|Heat Wave|p2a: Cresselia\n|-damage|p2a: Cresselia|50\/100\n|move|p2a: Cresselia|Dazzling Gleam|p1a: Landorus|[spread] p1a,p1b\n|-resisted|p1b: Heatran\n|-activate|p1b: Heatran|move: Substitute|[damage]\n|-damage|p1a: Landorus|45\/100\n|\n|-heal|p1b: Heatran|92\/100|[from] Grassy Terrain\n|-heal|p1b: Heatran|98\/100|[from] item: Leftovers\n|upkeep\n|inactive|Black_Kamui9 has 90 seconds left.\n|\n|t:|1699203603\n|switch|p2b: Ursaluna|Ursaluna-Bloodmoon, M, tera:Fighting|14\/100\n|turn|19\n|\n|t:|1699203610\n|switch|p1a: Rillaboom|Rillaboom, M|29\/100\n|move|p1b: Heatran|Protect|p1b: Heatran\n|-singleturn|p1b: Heatran|Protect\n|move|p2b: Ursaluna|Vacuum Wave|p1b: Heatran\n|-activate|p1b: Heatran|move: Protect\n|move|p2a: Cresselia|Lunar Blessing|p2a: Cresselia|[spread] p2a,p2b\n|-heal|p2a: Cresselia|75\/100\n|-heal|p2b: Ursaluna|39\/100\n|\n|-heal|p1a: Rillaboom|36\/100|[from] Grassy Terrain\n|-heal|p1b: Heatran|100\/100|[from] Grassy Terrain\n|-heal|p2b: Ursaluna|45\/100|[from] Grassy Terrain\n|-fieldend|move: Grassy Terrain\n|upkeep\n|turn|20\n|\n|t:|1699203621\n|move|p2a: Cresselia|Ally Switch|p2a: Cresselia\n|swap|p2a: Cresselia|1|[from] move: Ally Switch\n|move|p1a: Rillaboom|Wood Hammer|p2b: Cresselia\n|-damage|p2b: Cresselia|14\/100\n|-damage|p1a: Rillaboom|16\/100|[from] Recoil\n|move|p1b: Heatran|Heat Wave|p2a: Ursaluna|[spread] p2a,p2b\n|-damage|p2a: Ursaluna|19\/100\n|-damage|p2b: Cresselia|0 fnt\n|faint|p2b: Cresselia\n|move|p2a: Ursaluna|Hyper Voice|p1b: Heatran|[spread] p1a,p1b\n|-resisted|p1b: Heatran\n|-damage|p1a: Rillaboom|0 fnt\n|-damage|p1b: Heatran|84\/100\n|faint|p1a: Rillaboom\n|\n|-heal|p1b: Heatran|90\/100|[from] item: Leftovers\n|upkeep\n|\n|t:|1699203638\n|switch|p1a: Cresselia|Cresselia, F, shiny, tera:Electric|100\/100\n|switch|p2b: Iron Hands|Iron Hands|100\/100\n|turn|21\n|\n|t:|1699203651\n|move|p1b: Heatran|Protect|p1b: Heatran\n|-singleturn|p1b: Heatran|Protect\n|move|p2b: Iron Hands|Fake Out|p1a: Cresselia\n|-damage|p1a: Cresselia|89\/100\n|move|p2a: Ursaluna|Vacuum Wave|p1b: Heatran\n|-activate|p1b: Heatran|move: Protect\n|cant|p1a: Cresselia|flinch\n|\n|-heal|p1b: Heatran|96\/100|[from] item: Leftovers\n|upkeep\n|turn|22\n|\n|t:|1699203665\n|move|p2a: Ursaluna|Vacuum Wave|p1b: Heatran\n|-supereffective|p1b: Heatran\n|-end|p1b: Heatran|Substitute\n|move|p1b: Heatran|Heat Wave|p2a: Ursaluna|[spread] p2a,p2b\n|-damage|p2a: Ursaluna|0 fnt\n|-damage|p2b: Iron Hands|72\/100\n|faint|p2a: Ursaluna\n|move|p1a: Cresselia|Psyshock|p2b: Iron Hands\n|-supereffective|p2b: Iron Hands\n|-damage|p2b: Iron Hands|41\/100\n|move|p2b: Iron Hands|Drain Punch|p1b: Heatran\n|-supereffective|p1b: Heatran\n|-crit|p1b: Heatran\n|-damage|p1b: Heatran|0 fnt\n|-heal|p2b: Iron Hands|77\/100|[from] drain|[of] p1b: Heatran\n|faint|p1b: Heatran\n|\n|upkeep\n|\n|t:|1699203680\n|switch|p1b: Iron Hands|Iron Hands|81\/100\n|switch|p2a: Wo-Chien|Wo-Chien|93\/100\n|-ability|p2a: Wo-Chien|Tablets of Ruin\n|turn|23\n|\n|t:|1699203702\n|move|p2a: Wo-Chien|Protect|p2a: Wo-Chien\n|-singleturn|p2a: Wo-Chien|Protect\n|move|p1a: Cresselia|Ice Beam|p2a: Wo-Chien\n|-activate|p2a: Wo-Chien|move: Protect\n|move|p1b: Iron Hands|Drain Punch|p2a: Wo-Chien\n|-activate|p2a: Wo-Chien|move: Protect\n|move|p2b: Iron Hands|Drain Punch|p1b: Iron Hands\n|-damage|p1b: Iron Hands|58\/100\n|-heal|p2b: Iron Hands|87\/100|[from] drain|[of] p1b: Iron Hands\n|\n|upkeep\n|turn|24\n|\n|t:|1699203723\n|move|p2a: Wo-Chien|Giga Drain|p1a: Cresselia\n|-damage|p1a: Cresselia|66\/100\n|-heal|p2a: Wo-Chien|100\/100|[from] drain|[of] p1a: Cresselia\n|-damage|p2a: Wo-Chien|91\/100|[from] item: Life Orb\n|move|p1a: Cresselia|Ice Beam|p2a: Wo-Chien\n|-supereffective|p2a: Wo-Chien\n|-damage|p2a: Wo-Chien|62\/100\n|move|p1b: Iron Hands|Drain Punch|p2a: Wo-Chien\n|-supereffective|p2a: Wo-Chien\n|-damage|p2a: Wo-Chien|3\/100\n|-heal|p1b: Iron Hands|78\/100|[from] drain|[of] p2a: Wo-Chien\n|move|p2b: Iron Hands|Drain Punch|p1b: Iron Hands\n|-damage|p1b: Iron Hands|56\/100\n|-heal|p2b: Iron Hands|98\/100|[from] drain|[of] p1b: Iron Hands\n|\n|upkeep\n|turn|25\n|\n|t:|1699203739\n|-end|p1b: Iron Hands|Quark Drive|[silent]\n|switch|p1b: Landorus|Landorus-Therian, M|45\/100\n|-ability|p1b: Landorus|Intimidate|boost\n|-unboost|p2a: Wo-Chien|atk|1\n|-unboost|p2b: Iron Hands|atk|1\n|move|p2a: Wo-Chien|Protect|p2a: Wo-Chien\n|-singleturn|p2a: Wo-Chien|Protect\n|move|p1a: Cresselia|Ice Beam|p2a: Wo-Chien\n|-activate|p2a: Wo-Chien|move: Protect\n|move|p2b: Iron Hands|Fire Punch|p1b: Landorus\n|-damage|p1b: Landorus|30\/100\n|\n|upkeep\n|turn|26\n|\n|t:|1699203757\n|switch|p1b: Iron Hands|Iron Hands|56\/100\n|move|p2a: Wo-Chien|Giga Drain|p1b: Iron Hands\n|-crit|p1b: Iron Hands\n|-damage|p1b: Iron Hands|25\/100\n|-heal|p2a: Wo-Chien|26\/100|[from] drain|[of] p1b: Iron Hands\n|-damage|p2a: Wo-Chien|16\/100|[from] item: Life Orb\n|move|p1a: Cresselia|Ice Beam|p2a: Wo-Chien\n|-supereffective|p2a: Wo-Chien\n|-damage|p2a: Wo-Chien|0 fnt\n|faint|p2a: Wo-Chien\n|move|p2b: Iron Hands|Drain Punch|p1a: Cresselia\n|-damage|p1a: Cresselia|45\/100\n|-heal|p2b: Iron Hands|100\/100|[from] drain|[of] p1a: Cresselia\n|\n|upkeep\n|turn|27\n|\n|t:|1699203772\n|-end|p1b: Iron Hands|Quark Drive|[silent]\n|switch|p1b: Landorus|Landorus-Therian, M|30\/100\n|-ability|p1b: Landorus|Intimidate|boost\n|-unboost|p2b: Iron Hands|atk|1\n|move|p1a: Cresselia|Psyshock|p2b: Iron Hands\n|-supereffective|p2b: Iron Hands\n|-damage|p2b: Iron Hands|67\/100\n|move|p2b: Iron Hands|Drain Punch|p1b: Landorus\n|-resisted|p1b: Landorus\n|-damage|p1b: Landorus|18\/100\n|-heal|p2b: Iron Hands|71\/100|[from] drain|[of] p1b: Landorus\n|\n|upkeep\n|turn|28\n|\n|t:|1699203785\n|move|p1b: Landorus|Stomping Tantrum|p2b: Iron Hands\n|-supereffective|p2b: Iron Hands\n|-damage|p2b: Iron Hands|19\/100\n|-damage|p1b: Landorus|2\/100|[from] item: Rocky Helmet|[of] p2b: Iron Hands\n|move|p1a: Cresselia|Psyshock|p2b: Iron Hands\n|-supereffective|p2b: Iron Hands\n|-damage|p2b: Iron Hands|0 fnt\n|faint|p2b: Iron Hands\n|-end|p2b: Iron Hands|Quark Drive|[silent]\n|\n|win|Chad bcuz\n|raw|Chad bcuz's rating: 1434 &rarr; <strong>1445<\/strong><br \/>(+11 for winning)\n|raw|Black_Kamui9's rating: 1271 &rarr; <strong>1257<\/strong><br \/>(-14 for losing)\n|l|\u2606Black_Kamui9\n|c|\u2606Chad bcuz|ggs!\n","uploadtime":1699203801,"views":16,"p1id":"chadbcuz","p2id":"blackkamui9","formatid":"gen9doublesou","rating":1257,"private":0,"password":""}