{"id":"gen9doublesou-1987059786","p1":"Docteur Grandhomme","p2":"sediment XL","format":"[Gen 9] Doubles OU","log":"|j|\u2606Docteur Grandhomme\n|j|\u2606sediment XL\n|inactive|Battle timer is ON: inactive players will automatically lose when time's up.\n|t:|1699552782\n|gametype|doubles\n|player|p1|Docteur Grandhomme|diantha-masters|\n|player|p2|sediment XL|policeman-gen4|\n|teamsize|p1|6\n|teamsize|p2|6\n|gen|9\n|tier|[Gen 9] Doubles OU\n|rated|Tournament battle\n|rule|Species Clause: Limit one of each Pok\u00e9mon\n|rule|OHKO Clause: OHKO moves are banned\n|rule|Evasion Moves Clause: Evasion moves are banned\n|rule|Gravity Sleep Clause: The combination of sleep-inducing moves with imperfect accuracy and Gravity or Gigantamax Orbeetle are banned\n|rule|Endless Battle Clause: Forcing endless battles is banned\n|rule|HP Percentage Mod: HP is shown in percentages\n|clearpoke\n|poke|p1|Grimmsnarl, M|\n|poke|p1|Ursaluna-Bloodmoon, M|\n|poke|p1|Cresselia, F|\n|poke|p1|Sinistcha|\n|poke|p1|Garganacl, M|\n|poke|p1|Volcanion|\n|poke|p2|Tornadus, M|\n|poke|p2|Iron Hands|\n|poke|p2|Rillaboom, M|\n|poke|p2|Flutter Mane|\n|poke|p2|Ogerpon-Hearthflame, F|\n|poke|p2|Heatran, F|\n|teampreview\n|j|*Lady Monita \u263d\n|j| BB-8-NU\n|inactive|Docteur Grandhomme also wants the timer to be on.\n|j| koopa003\n|j| Firegamer112a\n|l| Firegamer112a\n|inactive|Docteur Grandhomme has 120 seconds left.\n|c|\u2606Docteur Grandhomme|just went against this team lol\n|\n|t:|1699552821\n|start\n|switch|p1a: Grimmsnarl|Grimmsnarl, M|100\/100\n|switch|p1b: Garganacl|Garganacl, M|100\/100\n|switch|p2a: Rillaboom|Rillaboom, M|100\/100\n|switch|p2b: Iron Hands|Iron Hands|100\/100\n|-fieldstart|move: Grassy Terrain|[from] ability: Grassy Surge|[of] p2a: Rillaboom\n|turn|1\n|\n|t:|1699552842\n|-terastallize|p1b: Garganacl|Poison\n|move|p2a: Rillaboom|Fake Out|p1a: Grimmsnarl\n|-damage|p1a: Grimmsnarl|81\/100\n|cant|p1a: Grimmsnarl|flinch\n|move|p2b: Iron Hands|Swords Dance|p2b: Iron Hands\n|-boost|p2b: Iron Hands|atk|2\n|move|p1b: Garganacl|Salt Cure|p2b: Iron Hands\n|-resisted|p2b: Iron Hands\n|-damage|p2b: Iron Hands|95\/100\n|-start|p2b: Iron Hands|Salt Cure\n|\n|-heal|p2b: Iron Hands|100\/100|[from] Grassy Terrain\n|-heal|p1a: Grimmsnarl|87\/100|[from] Grassy Terrain\n|-damage|p2b: Iron Hands|88\/100|[from] Salt Cure\n|upkeep\n|turn|2\n|\n|t:|1699552867\n|move|p1a: Grimmsnarl|Reflect|p1a: Grimmsnarl\n|-sidestart|p1: Docteur Grandhomme|Reflect\n|move|p2a: Rillaboom|High Horsepower|p1b: Garganacl\n|-supereffective|p1b: Garganacl\n|-damage|p1b: Garganacl|78\/100\n|move|p2b: Iron Hands|Drain Punch|p1a: Grimmsnarl\n|-damage|p1a: Grimmsnarl|24\/100\n|-heal|p2b: Iron Hands|100\/100|[from] drain|[of] p1a: Grimmsnarl\n|move|p1b: Garganacl|Salt Cure|p2a: Rillaboom\n|-damage|p2a: Rillaboom|87\/100\n|-start|p2a: Rillaboom|Salt Cure\n|\n|-heal|p2a: Rillaboom|93\/100|[from] Grassy Terrain\n|-heal|p1a: Grimmsnarl|30\/100|[from] Grassy Terrain\n|-heal|p1b: Garganacl|85\/100|[from] Grassy Terrain\n|-heal|p1b: Garganacl|91\/100|[from] item: Leftovers\n|-damage|p2a: Rillaboom|81\/100|[from] Salt Cure\n|-damage|p2b: Iron Hands|88\/100|[from] Salt Cure\n|upkeep\n|turn|3\n|\n|t:|1699552891\n|move|p1a: Grimmsnarl|Light Screen|p1a: Grimmsnarl\n|-sidestart|p1: Docteur Grandhomme|move: Light Screen\n|move|p2a: Rillaboom|High Horsepower|p1b: Garganacl\n|-supereffective|p1b: Garganacl\n|-damage|p1b: Garganacl|66\/100\n|move|p2b: Iron Hands|Drain Punch|p1a: Grimmsnarl\n|-damage|p1a: Grimmsnarl|0 fnt\n|-heal|p2b: Iron Hands|100\/100|[from] drain|[of] p1a: Grimmsnarl\n|faint|p1a: Grimmsnarl\n|move|p1b: Garganacl|Earthquake|p2a: Rillaboom|[spread] p2a,p2b\n|-resisted|p2a: Rillaboom\n|-supereffective|p2b: Iron Hands\n|-damage|p2a: Rillaboom|77\/100\n|-damage|p2b: Iron Hands|88\/100\n|\n|-heal|p2a: Rillaboom|83\/100|[from] Grassy Terrain\n|-heal|p2b: Iron Hands|94\/100|[from] Grassy Terrain\n|-heal|p1b: Garganacl|72\/100|[from] Grassy Terrain\n|-heal|p1b: Garganacl|78\/100|[from] item: Leftovers\n|-damage|p2a: Rillaboom|71\/100|[from] Salt Cure\n|-damage|p2b: Iron Hands|81\/100|[from] Salt Cure\n|upkeep\n|j| Kindyy\n|inactive|Docteur Grandhomme has 120 seconds left.\n|\n|t:|1699552907\n|switch|p1a: Volcanion|Volcanion|100\/100\n|turn|4\n|l| Kindyy\n|\n|t:|1699552922\n|switch|p2a: Heatran|Heatran, F|100\/100\n|switch|p1b: Sinistcha|Sinistcha|100\/100\n|move|p2b: Iron Hands|Protect|p2b: Iron Hands\n|-singleturn|p2b: Iron Hands|Protect\n|move|p1a: Volcanion|Heat Wave|p2b: Iron Hands|[spread] \n|-activate|p2b: Iron Hands|move: Protect\n|-start|p2a: Heatran|ability: Flash Fire\n|\n|-heal|p2b: Iron Hands|88\/100|[from] Grassy Terrain\n|-damage|p2b: Iron Hands|75\/100|[from] Salt Cure\n|upkeep\n|turn|5\n|j| Hug0_G0l\n|\n|t:|1699552947\n|move|p2a: Heatran|Heat Wave|p1b: Sinistcha|[spread] p1a,p1b\n|-resisted|p1a: Volcanion\n|-supereffective|p1b: Sinistcha\n|-damage|p1a: Volcanion|91\/100\n|-damage|p1b: Sinistcha|7\/100\n|-status|p1b: Sinistcha|brn\n|move|p2b: Iron Hands|Drain Punch|p1a: Volcanion\n|-damage|p1a: Volcanion|51\/100\n|-heal|p2b: Iron Hands|91\/100|[from] drain|[of] p1a: Volcanion\n|move|p1a: Volcanion|Earth Power|p2a: Heatran\n|-supereffective|p2a: Heatran\n|-damage|p2a: Heatran|14\/100\n|move|p1b: Sinistcha|Matcha Gotcha|p2a: Heatran|[spread] p2a,p2b\n|-resisted|p2a: Heatran\n|-damage|p2a: Heatran|9\/100\n|-heal|p1b: Sinistcha|10\/100 brn|[from] drain|[of] p2a: Heatran\n|-damage|p2b: Iron Hands|59\/100\n|-heal|p1b: Sinistcha|31\/100 brn|[from] drain|[of] p2b: Iron Hands\n|\n|-heal|p2a: Heatran|15\/100|[from] Grassy Terrain\n|-heal|p2b: Iron Hands|65\/100|[from] Grassy Terrain\n|-heal|p1b: Sinistcha|37\/100 brn|[from] Grassy Terrain\n|-heal|p1a: Volcanion|57\/100|[from] Grassy Terrain\n|-heal|p1a: Volcanion|63\/100|[from] item: Leftovers\n|-heal|p1b: Sinistcha|43\/100 brn|[from] item: Leftovers\n|-damage|p1b: Sinistcha|37\/100 brn|[from] brn\n|-damage|p2b: Iron Hands|53\/100|[from] Salt Cure\n|-fieldend|move: Grassy Terrain\n|upkeep\n|turn|6\n|c| koopa003|huge burn\n|c| koopa003|well its 20%\n|\n|t:|1699552971\n|move|p2a: Heatran|Heat Wave|p1a: Volcanion|[spread] p1a,p1b\n|-resisted|p1a: Volcanion\n|-crit|p1a: Volcanion\n|-supereffective|p1b: Sinistcha\n|-damage|p1a: Volcanion|40\/100\n|-damage|p1b: Sinistcha|0 fnt\n|faint|p1b: Sinistcha\n|move|p2b: Iron Hands|Drain Punch|p1a: Volcanion\n|-damage|p1a: Volcanion|0 fnt\n|-heal|p2b: Iron Hands|69\/100|[from] drain|[of] p1a: Volcanion\n|faint|p1a: Volcanion\n|\n|-damage|p2b: Iron Hands|56\/100|[from] Salt Cure\n|upkeep\n|\n|t:|1699552979\n|switch|p1b: Cresselia|Cresselia, F|100\/100\n|switch|p1a: Ursaluna|Ursaluna-Bloodmoon, M|100\/100\n|turn|7\n|\n|t:|1699553003\n|-end|p2a: Heatran|ability: Flash Fire|[silent]\n|switch|p2a: Tornadus|Tornadus, M|100\/100\n|move|p1a: Ursaluna|Vacuum Wave|p2a: Tornadus\n|-resisted|p2a: Tornadus\n|-damage|p2a: Tornadus|91\/100\n|move|p1b: Cresselia|Icy Wind|p2a: Tornadus|[spread] p2a,p2b\n|-supereffective|p2a: Tornadus\n|-damage|p2a: Tornadus|74\/100\n|-damage|p2b: Iron Hands|51\/100\n|-unboost|p2b: Iron Hands|spe|1\n|move|p2b: Iron Hands|Drain Punch|p1a: Ursaluna\n|-supereffective|p1a: Ursaluna\n|-damage|p1a: Ursaluna|30\/100\n|-heal|p2b: Iron Hands|85\/100|[from] drain|[of] p1a: Ursaluna\n|\n|-damage|p2b: Iron Hands|72\/100|[from] Salt Cure\n|upkeep\n|turn|8\n|c| koopa003|vacuum wave ursaluna\n|c| koopa003|weird set\n|\n|t:|1699553022\n|move|p1b: Cresselia|Helping Hand|p1a: Ursaluna\n|-singleturn|p1a: Ursaluna|Helping Hand|[of] p1b: Cresselia\n|move|p2a: Tornadus|Taunt|p1b: Cresselia\n|-start|p1b: Cresselia|move: Taunt\n|move|p1a: Ursaluna|Blood Moon|p2b: Iron Hands\n|-damage|p2b: Iron Hands|0 fnt\n|faint|p2b: Iron Hands\n|-end|p2b: Iron Hands|Quark Drive|[silent]\n|\n|upkeep\n|\n|t:|1699553038\n|switch|p2b: Ogerpon|Ogerpon-Hearthflame, F|100\/100\n|-ability|p2b: Ogerpon|Mold Breaker\n|turn|9\n|\n|t:|1699553047\n|switch|p1a: Garganacl|Garganacl, M, tera:Poison|78\/100\n|move|p2b: Ogerpon|Ivy Cudgel|p1a: Garganacl\n|-damage|p1a: Garganacl|58\/100\n|move|p2a: Tornadus|Bleakwind Storm|p1b: Cresselia|[spread] p1a,p1b\n|-damage|p1a: Garganacl|40\/100\n|-damage|p1b: Cresselia|88\/100\n|-unboost|p1a: Garganacl|spe|1\n|move|p1b: Cresselia|Icy Wind|p2a: Tornadus|[spread] p2a,p2b\n|-supereffective|p2a: Tornadus\n|-damage|p2a: Tornadus|56\/100\n|-damage|p2b: Ogerpon|92\/100\n|-unboost|p2b: Ogerpon|spe|1\n|\n|-heal|p1b: Cresselia|94\/100|[from] item: Leftovers\n|-heal|p1a: Garganacl|47\/100|[from] item: Leftovers\n|-sideend|p1: Docteur Grandhomme|Reflect\n|upkeep\n|turn|10\n|\n|t:|1699553073\n|move|p1a: Garganacl|Protect|p1a: Garganacl\n|-singleturn|p1a: Garganacl|Protect\n|move|p2a: Tornadus|Taunt|p1a: Garganacl\n|-activate|p1a: Garganacl|move: Protect\n|move|p2b: Ogerpon|Ivy Cudgel|p1a: Garganacl\n|-activate|p1a: Garganacl|move: Protect\n|move|p1b: Cresselia|Icy Wind|p2a: Tornadus|[spread] p2a,p2b\n|-supereffective|p2a: Tornadus\n|-damage|p2a: Tornadus|38\/100\n|-damage|p2b: Ogerpon|84\/100\n|-unboost|p2b: Ogerpon|spe|1\n|\n|-heal|p1b: Cresselia|100\/100|[from] item: Leftovers\n|-heal|p1a: Garganacl|53\/100|[from] item: Leftovers\n|-sideend|p1: Docteur Grandhomme|move: Light Screen\n|upkeep\n|turn|11\n|c| koopa003|ok so i know tornadus item\n|c|\u2606Docteur Grandhomme|jesus man\n|c|\u2606Docteur Grandhomme|everyone does lol\n|\n|t:|1699553100\n|switch|p1a: Ursaluna|Ursaluna-Bloodmoon, M|30\/100\n|move|p2a: Tornadus|Taunt|p1a: Ursaluna\n|-start|p1a: Ursaluna|move: Taunt\n|move|p1b: Cresselia|Moonblast|p2a: Tornadus\n|-damage|p2a: Tornadus|20\/100\n|move|p2b: Ogerpon|Ivy Cudgel|p1a: Ursaluna\n|-damage|p1a: Ursaluna|0 fnt\n|faint|p1a: Ursaluna\n|\n|-end|p1b: Cresselia|move: Taunt\n|upkeep\n|c| koopa003|bruh i noticed when u did first icy wind\n|\n|t:|1699553108\n|switch|p1a: Garganacl|Garganacl, M, tera:Poison|53\/100\n|turn|12\n|c| koopa003|that wasnt late\n|c| koopa003|and prob some ppl dont know\n|j| pokechamp24\n|\n|t:|1699553128\n|move|p2a: Tornadus|Taunt|p1a: Garganacl\n|-start|p1a: Garganacl|move: Taunt\n|move|p1b: Cresselia|Lunar Blessing|p1b: Cresselia|[spread] p1a,p1b\n|-heal|p1a: Garganacl|78\/100\n|move|p2b: Ogerpon|Ivy Cudgel|p1a: Garganacl\n|-damage|p1a: Garganacl|49\/100\n|cant|p1a: Garganacl|move: Taunt|Recover\n|\n|-heal|p1a: Garganacl|55\/100|[from] item: Leftovers\n|upkeep\n|turn|13\n|c| koopa003|well u are gged\n|j| chocolattee\n|\n|t:|1699553147\n|move|p2a: Tornadus|Taunt|p1b: Cresselia\n|-start|p1b: Cresselia|move: Taunt\n|move|p1b: Cresselia|Icy Wind|p2b: Ogerpon|[spread] p2a\n|-miss|p1b: Cresselia|p2b: Ogerpon\n|-supereffective|p2a: Tornadus\n|-damage|p2a: Tornadus|4\/100\n|move|p2b: Ogerpon|Ivy Cudgel|p1a: Garganacl\n|-damage|p1a: Garganacl|28\/100\n|move|p1a: Garganacl|Salt Cure|p2b: Ogerpon\n|-supereffective|p2b: Ogerpon\n|-damage|p2b: Ogerpon|47\/100\n|-start|p2b: Ogerpon|Salt Cure\n|\n|-heal|p1a: Garganacl|34\/100|[from] item: Leftovers\n|-damage|p2b: Ogerpon|34\/100|[from] Salt Cure\n|upkeep\n|turn|14\n|j| Yeet259\n|c| koopa003|lol\n|c| koopa003|it missed\n|\n|t:|1699553161\n|move|p2a: Tornadus|Bleakwind Storm|p1a: Garganacl|[spread] p1a\n|-miss|p2a: Tornadus|p1b: Cresselia\n|-damage|p1a: Garganacl|7\/100\n|move|p1b: Cresselia|Icy Wind|p2b: Ogerpon|[spread] p2a,p2b\n|-supereffective|p2a: Tornadus\n|-damage|p2a: Tornadus|0 fnt\n|-damage|p2b: Ogerpon|26\/100\n|-unboost|p2b: Ogerpon|spe|1\n|faint|p2a: Tornadus\n|move|p2b: Ogerpon|Ivy Cudgel|p1a: Garganacl\n|-damage|p1a: Garganacl|0 fnt\n|faint|p1a: Garganacl\n|\n|-damage|p2b: Ogerpon|14\/100|[from] Salt Cure\n|upkeep\n|\n|t:|1699553169\n|switch|p2a: Flutter Mane|Flutter Mane|100\/100\n|turn|15\n|c| koopa003|um\n|\n|t:|1699553176\n|move|p2a: Flutter Mane|Shadow Ball|p1b: Cresselia\n|-supereffective|p1b: Cresselia\n|-damage|p1b: Cresselia|28\/100\n|move|p1b: Cresselia|Moonblast|p2a: Flutter Mane\n|-damage|p2a: Flutter Mane|84\/100\n|-unboost|p2a: Flutter Mane|spa|1\n|move|p2b: Ogerpon|Ivy Cudgel|p1b: Cresselia\n|-crit|p1b: Cresselia\n|-damage|p1b: Cresselia|0 fnt\n|faint|p1b: Cresselia\n|\n|win|sediment XL\n|n|\u2606Docteur Grandhomme|docteurgrandhomme\n|n|\u2606sediment XL|sedimentxl\n|n|*Lady Monita \u263d|ladymonita\n|n| BB-8-NU|bb8nu\n|n| koopa003|koopa003\n|n| Hug0_G0l|hug0g0l\n|n| pokechamp24|pokechamp24\n|n| chocolattee|chocolattee\n|n| Yeet259|yeet259\n|l|*Lady Monita \u263d\n|l| BB-8-NU\n|c|\u2606Docteur Grandhomme|gg\n|c| koopa003|lol\n|c| koopa003|is that assault vest\n|l| Hug0_G0l\n|l| koopa003\n|c|\u2606Docteur Grandhomme|?\n","uploadtime":1699553204,"views":16,"p1id":"docteurgrandhomme","p2id":"sedimentxl","formatid":"gen9doublesou","rating":0,"private":0,"password":""}