{"id":"gen9doublesou-1990352349","p1":"oceanicoperetta5","p2":"eruhxd","format":"[Gen 9] Doubles OU","log":"|j|\u2606oceanicoperetta5\n|j|\u2606eruhxd\n|t:|1699960932\n|gametype|doubles\n|player|p1|oceanicoperetta5|misty|1280\n|player|p2|eruhxd|volo|1221\n|teamsize|p1|6\n|teamsize|p2|6\n|gen|9\n|tier|[Gen 9] Doubles OU\n|rated|\n|rule|Species Clause: Limit one of each Pok\u00e9mon\n|rule|OHKO Clause: OHKO moves are banned\n|rule|Evasion Moves Clause: Evasion moves are banned\n|rule|Gravity Sleep Clause: The combination of sleep-inducing moves with imperfect accuracy and Gravity or Gigantamax Orbeetle are banned\n|rule|Endless Battle Clause: Forcing endless battles is banned\n|rule|HP Percentage Mod: HP is shown in percentages\n|clearpoke\n|poke|p1|Indeedee-F, F|\n|poke|p1|Armarouge, M|\n|poke|p1|Ursaluna, M|\n|poke|p1|Amoonguss, M|\n|poke|p1|Rabsca, M|\n|poke|p1|Golem-Alola, M|\n|poke|p2|Armarouge, M|\n|poke|p2|Indeedee-F, F|\n|poke|p2|Iron Hands|\n|poke|p2|Farigiraf, M|\n|poke|p2|Heatran, M|\n|poke|p2|Crawdaunt, M|\n|teampreview\n|inactive|Battle timer is ON: inactive players will automatically lose when time's up. (requested by oceanicoperetta5)\n|inactive|eruhxd also wants the timer to be on.\n|\n|t:|1699960956\n|start\n|switch|p1a: smol|Indeedee-F, F|100\/100\n|switch|p1b: megaman|Armarouge, M|100\/100\n|switch|p2a: Crawdaunt|Crawdaunt, M, shiny|100\/100\n|switch|p2b: Armarouge|Armarouge, M, shiny|100\/100\n|-fieldstart|move: Psychic Terrain|[from] ability: Psychic Surge|[of] p1a: smol\n|turn|1\n|\n|t:|1699960971\n|move|p1b: megaman|Dark Pulse|p2b: Armarouge\n|-supereffective|p2b: Armarouge\n|-damage|p2b: Armarouge|40\/100\n|move|p2b: Armarouge|Expanding Force|p1b: megaman|[spread] p1a,p1b\n|-resisted|p1a: smol\n|-resisted|p1b: megaman\n|-damage|p1a: smol|64\/100\n|-damage|p1b: megaman|50\/100\n|-damage|p2b: Armarouge|30\/100|[from] item: Life Orb\n|move|p2a: Crawdaunt|Knock Off|p1a: smol\n|-supereffective|p1a: smol\n|-damage|p1a: smol|0 fnt\n|-enditem|p1a: smol|Focus Sash|[from] move: Knock Off|[of] p2a: Crawdaunt\n|faint|p1a: smol\n|\n|upkeep\n|inactive|oceanicoperetta5 has 120 seconds left.\n|\n|t:|1699960995\n|switch|p1a: when the|Amoonguss, M, shiny|100\/100\n|turn|2\n|\n|t:|1699961004\n|move|p1a: when the|Rage Powder|p1a: when the\n|-singleturn|p1a: when the|move: Rage Powder\n|move|p2b: Armarouge|Expanding Force|p1b: megaman|[spread] p1a,p1b\n|-supereffective|p1a: when the\n|-resisted|p1b: megaman\n|-damage|p1a: when the|0 fnt\n|-damage|p1b: megaman|5\/100\n|faint|p1a: when the\n|-damage|p2b: Armarouge|20\/100|[from] item: Life Orb\n|move|p2a: Crawdaunt|Knock Off|p1b: megaman\n|-supereffective|p1b: megaman\n|-damage|p1b: megaman|0 fnt\n|-damage|p2a: Crawdaunt|84\/100|[from] item: Rocky Helmet|[of] p1b: megaman\n|-enditem|p1b: megaman|Rocky Helmet|[from] move: Knock Off|[of] p2a: Crawdaunt\n|faint|p1b: megaman\n|\n|upkeep\n|\n|t:|1699961013\n|switch|p1b: rock|Golem-Alola, M, shiny|100\/100\n|switch|p1a: boog|Rabsca, M|100\/100\n|turn|3\n|inactive|oceanicoperetta5 has 120 seconds left.\n|inactive|oceanicoperetta5 has 90 seconds left.\n|\n|t:|1699961091\n|-terastallize|p1a: boog|Normal\n|move|p2b: Armarouge|Heat Wave|p1a: boog|[spread] p1a,p1b\n|-resisted|p1b: rock\n|-damage|p1a: boog|50\/100\n|-damage|p1b: rock|77\/100\n|-status|p1b: rock|brn\n|-damage|p2b: Armarouge|10\/100|[from] item: Life Orb\n|move|p1b: rock|Explosion|p2a: Crawdaunt|[spread] p2a,p2b\n|-activate|p1a: boog|ability: Telepathy\n|-supereffective|p2a: Crawdaunt\n|-damage|p2a: Crawdaunt|0 fnt\n|-damage|p2b: Armarouge|0 fnt\n|faint|p1b: rock\n|faint|p2a: Crawdaunt\n|faint|p2b: Armarouge\n|move|p1a: boog|Energy Ball|p2: Crawdaunt|[notarget]\n|-fail|p1a: boog\n|\n|upkeep\n|inactive|oceanicoperetta5 has 90 seconds left.\n|\n|t:|1699961111\n|switch|p2b: Indeedee|Indeedee-F, F, shiny|100\/100\n|switch|p1b: freddy f\u00e4zbear|Ursaluna, M|100\/100\n|switch|p2a: Iron Hands|Iron Hands, shiny|100\/100\n|-enditem|p2a: Iron Hands|Booster Energy\n|-activate|p2a: Iron Hands|ability: Quark Drive|[fromitem]\n|-start|p2a: Iron Hands|quarkdriveatk\n|turn|4\n|\n|t:|1699961126\n|move|p2b: Indeedee|Follow Me|p2b: Indeedee\n|-singleturn|p2b: Indeedee|move: Follow Me\n|move|p1b: freddy f\u00e4zbear|Bulk Up|p1b: freddy f\u00e4zbear\n|-boost|p1b: freddy f\u00e4zbear|atk|1\n|-boost|p1b: freddy f\u00e4zbear|def|1\n|move|p1a: boog|Revival Blessing|p1a: boog\n|-enditem|p1a: boog|Leppa Berry|[eat]\n|-activate|p1a: boog|item: Leppa Berry|Revival Blessing|[consumed]\n|\n|t:|1699961136\n|-heal|p1: rock|50\/100|[from] move: Revival Blessing\n|move|p2a: Iron Hands|Drain Punch|p1b: freddy f\u00e4zbear\n|-supereffective|p1b: freddy f\u00e4zbear\n|-damage|p1b: freddy f\u00e4zbear|45\/100\n|\n|-status|p1b: freddy f\u00e4zbear|brn|[from] item: Flame Orb\n|upkeep\n|turn|5\n|inactive|oceanicoperetta5 has 120 seconds left.\n|\n|t:|1699961154\n|switch|p1b: rock|Golem-Alola, M, shiny|50\/100\n|move|p2b: Indeedee|Follow Me|p2b: Indeedee\n|-singleturn|p2b: Indeedee|move: Follow Me\n|move|p1a: boog|Energy Ball|p2b: Indeedee\n|-damage|p2b: Indeedee|63\/100\n|move|p2a: Iron Hands|Drain Punch|p1b: rock\n|-supereffective|p1b: rock\n|-damage|p1b: rock|0 fnt\n|faint|p1b: rock\n|\n|-fieldend|move: Psychic Terrain\n|upkeep\n|\n|t:|1699961159\n|switch|p1b: freddy f\u00e4zbear|Ursaluna, M|45\/100 brn\n|turn|6\n|\n|t:|1699961166\n|move|p2b: Indeedee|Follow Me|p2b: Indeedee\n|-singleturn|p2b: Indeedee|move: Follow Me\n|move|p1b: freddy f\u00e4zbear|Facade|p2b: Indeedee\n|-damage|p2b: Indeedee|0 fnt\n|faint|p2b: Indeedee\n|move|p1a: boog|Psychic|p2a: Iron Hands\n|-supereffective|p2a: Iron Hands\n|-damage|p2a: Iron Hands|18\/100\n|move|p2a: Iron Hands|Drain Punch|p1b: freddy f\u00e4zbear\n|-supereffective|p1b: freddy f\u00e4zbear\n|-damage|p1b: freddy f\u00e4zbear|0 fnt\n|-heal|p2a: Iron Hands|38\/100|[from] drain|[of] p1b: freddy f\u00e4zbear\n|faint|p1b: freddy f\u00e4zbear\n|\n|upkeep\n|\n|t:|1699961172\n|switch|p2b: Farigiraf|Farigiraf, M, shiny|100\/100\n|turn|7\n|\n|t:|1699961176\n|move|p2b: Farigiraf|Twin Beam|p1a: boog\n|-damage|p1a: boog|30\/100\n|-damage|p1a: boog|12\/100\n|-hitcount|p1a: boog|2\n|move|p1a: boog|Psychic|p2a: Iron Hands\n|-supereffective|p2a: Iron Hands\n|-damage|p2a: Iron Hands|0 fnt\n|faint|p2a: Iron Hands\n|-end|p2a: Iron Hands|Quark Drive|[silent]\n|\n|upkeep\n|\n|t:|1699961181\n|switch|p2a: Heatran|Heatran, M, shiny|100\/100\n|turn|8\n|\n|t:|1699961186\n|move|p2a: Heatran|Lava Plume|p1a: boog|[spread] p2b,p1a\n|-damage|p2b: Farigiraf|66\/100\n|-damage|p1a: boog|0 fnt\n|faint|p1a: boog\n|\n|win|eruhxd\n|raw|oceanicoperetta5's rating: 1280 &rarr; <strong>1251<\/strong><br \/>(-29 for losing)\n|raw|eruhxd's rating: 1221 &rarr; <strong>1250<\/strong><br \/>(+29 for winning)\n","uploadtime":1699961190,"views":5,"p1id":"oceanicoperetta5","p2id":"eruhxd","formatid":"gen9doublesou","rating":1250,"private":0,"password":""}