{"id":"gen9doublesou-1991909791","p1":"Freezuh","p2":"OPieceOfHeroGhost","format":"[Gen 9] Doubles OU","log":"|j|\u2606Freezuh\n|j|\u2606OPieceOfHeroGhost\n|t:|1700136938\n|gametype|doubles\n|player|p1|Freezuh|volkner|1419\n|player|p2|OPieceOfHeroGhost|morty|1547\n|teamsize|p1|6\n|teamsize|p2|6\n|gen|9\n|tier|[Gen 9] Doubles OU\n|rated|\n|rule|Species Clause: Limit one of each Pok\u00e9mon\n|rule|OHKO Clause: OHKO moves are banned\n|rule|Evasion Moves Clause: Evasion moves are banned\n|rule|Gravity Sleep Clause: The combination of sleep-inducing moves with imperfect accuracy and Gravity or Gigantamax Orbeetle are banned\n|rule|Endless Battle Clause: Forcing endless battles is banned\n|rule|HP Percentage Mod: HP is shown in percentages\n|clearpoke\n|poke|p1|Flutter Mane|\n|poke|p1|Ogerpon-Hearthflame, F|\n|poke|p1|Roaring Moon|\n|poke|p1|Walking Wake|\n|poke|p1|Lilligant-Hisui, F|\n|poke|p1|Torkoal, F|\n|poke|p2|Amoonguss, M|\n|poke|p2|Volcanion|\n|poke|p2|Iron Hands|\n|poke|p2|Flutter Mane|\n|poke|p2|Landorus-Therian, M|\n|poke|p2|Rillaboom, M|\n|teampreview\n|inactive|Battle timer is ON: inactive players will automatically lose when time's up. (requested by Freezuh)\n|\n|t:|1700136953\n|start\n|switch|p1a: Beluba|Torkoal, F|100\/100\n|switch|p1b: Tom Brady|Flutter Mane, shiny|100\/100\n|switch|p2a: \u5de8\u722a\u7f57\u65af|Landorus-Therian, M|100\/100\n|switch|p2b: \u95ea\u7535\u4e94\u8fde\u62f3|Iron Hands|100\/100\n|-ability|p2a: \u5de8\u722a\u7f57\u65af|Intimidate|boost\n|-unboost|p1a: Beluba|atk|1\n|-unboost|p1b: Tom Brady|atk|1\n|-weather|SunnyDay|[from] ability: Drought|[of] p1a: Beluba\n|-activate|p1b: Tom Brady|ability: Protosynthesis\n|-start|p1b: Tom Brady|protosynthesisspe\n|turn|1\n|\n|t:|1700136981\n|-terastallize|p1b: Tom Brady|Fairy\n|move|p1a: Beluba|Helping Hand|p1b: Tom Brady\n|-singleturn|p1b: Tom Brady|Helping Hand|[of] p1a: Beluba\n|move|p1b: Tom Brady|Dazzling Gleam|p2a: \u5de8\u722a\u7f57\u65af|[spread] p2a,p2b\n|-supereffective|p2b: \u95ea\u7535\u4e94\u8fde\u62f3\n|-damage|p2a: \u5de8\u722a\u7f57\u65af|43\/100\n|-damage|p2b: \u95ea\u7535\u4e94\u8fde\u62f3|42\/100\n|move|p2a: \u5de8\u722a\u7f57\u65af|Stomping Tantrum|p1a: Beluba\n|-supereffective|p1a: Beluba\n|-damage|p1a: Beluba|49\/100\n|move|p2b: \u95ea\u7535\u4e94\u8fde\u62f3|Heavy Slam|p1b: Tom Brady\n|-supereffective|p1b: Tom Brady\n|-enditem|p1b: Tom Brady|Focus Sash\n|-damage|p1b: Tom Brady|1\/100\n|\n|-weather|SunnyDay|[upkeep]\n|upkeep\n|turn|2\n|\n|t:|1700137006\n|switch|p2a: \u8fd9\u4e2a\u5df4\u5c14\u51ef\u5c3c\u6069\u7942\u80fd\u5e72\u4ec0\u4e48\uff1f|Volcanion|100\/100\n|-end|p2b: \u95ea\u7535\u4e94\u8fde\u62f3|Quark Drive|[silent]\n|switch|p2b: \u80cc\u5f71\u6700\u5e05\u7684\u7834\u58f3\u68a6|Amoonguss, M|100\/100\n|move|p1a: Beluba|Helping Hand|p1b: Tom Brady\n|-singleturn|p1b: Tom Brady|Helping Hand|[of] p1a: Beluba\n|move|p1b: Tom Brady|Dazzling Gleam|p2b: \u80cc\u5f71\u6700\u5e05\u7684\u7834\u58f3\u68a6|[spread] p2a,p2b\n|-resisted|p2a: \u8fd9\u4e2a\u5df4\u5c14\u51ef\u5c3c\u6069\u7942\u80fd\u5e72\u4ec0\u4e48\uff1f\n|-resisted|p2b: \u80cc\u5f71\u6700\u5e05\u7684\u7834\u58f3\u68a6\n|-damage|p2a: \u8fd9\u4e2a\u5df4\u5c14\u51ef\u5c3c\u6069\u7942\u80fd\u5e72\u4ec0\u4e48\uff1f|80\/100\n|-damage|p2b: \u80cc\u5f71\u6700\u5e05\u7684\u7834\u58f3\u68a6|70\/100\n|\n|-weather|SunnyDay|[upkeep]\n|upkeep\n|turn|3\n|\n|t:|1700137026\n|move|p1b: Tom Brady|Shadow Ball|p2a: \u8fd9\u4e2a\u5df4\u5c14\u51ef\u5c3c\u6069\u7942\u80fd\u5e72\u4ec0\u4e48\uff1f\n|-damage|p2a: \u8fd9\u4e2a\u5df4\u5c14\u51ef\u5c3c\u6069\u7942\u80fd\u5e72\u4ec0\u4e48\uff1f|51\/100\n|-unboost|p2a: \u8fd9\u4e2a\u5df4\u5c14\u51ef\u5c3c\u6069\u7942\u80fd\u5e72\u4ec0\u4e48\uff1f|spd|1\n|move|p2a: \u8fd9\u4e2a\u5df4\u5c14\u51ef\u5c3c\u6069\u7942\u80fd\u5e72\u4ec0\u4e48\uff1f|Heat Wave|p1b: Tom Brady|[spread] p1a,p1b\n|-resisted|p1a: Beluba\n|-damage|p1a: Beluba|13\/100\n|-damage|p1b: Tom Brady|0 fnt\n|faint|p1b: Tom Brady\n|-end|p1b: Tom Brady|Protosynthesis|[silent]\n|move|p1a: Beluba|Heat Wave|p2a: \u8fd9\u4e2a\u5df4\u5c14\u51ef\u5c3c\u6069\u7942\u80fd\u5e72\u4ec0\u4e48\uff1f|[spread] p2a,p2b\n|-resisted|p2a: \u8fd9\u4e2a\u5df4\u5c14\u51ef\u5c3c\u6069\u7942\u80fd\u5e72\u4ec0\u4e48\uff1f\n|-supereffective|p2b: \u80cc\u5f71\u6700\u5e05\u7684\u7834\u58f3\u68a6\n|-damage|p2a: \u8fd9\u4e2a\u5df4\u5c14\u51ef\u5c3c\u6069\u7942\u80fd\u5e72\u4ec0\u4e48\uff1f|43\/100\n|-damage|p2b: \u80cc\u5f71\u6700\u5e05\u7684\u7834\u58f3\u68a6|16\/100\n|-enditem|p2b: \u80cc\u5f71\u6700\u5e05\u7684\u7834\u58f3\u68a6|Sitrus Berry|[eat]\n|-heal|p2b: \u80cc\u5f71\u6700\u5e05\u7684\u7834\u58f3\u68a6|41\/100|[from] item: Sitrus Berry\n|move|p2b: \u80cc\u5f71\u6700\u5e05\u7684\u7834\u58f3\u68a6|Spore|p1a: Beluba\n|-status|p1a: Beluba|slp|[from] move: Spore\n|\n|-weather|SunnyDay|[upkeep]\n|upkeep\n|\n|t:|1700137040\n|switch|p1b: Azula|Lilligant-Hisui, F|100\/100\n|turn|4\n|\n|t:|1700137054\n|switch|p1a: Ogerpon|Ogerpon-Hearthflame, F|100\/100\n|-ability|p1a: Ogerpon|Mold Breaker\n|switch|p2b: \u53d1\u59d0\u725b\u903c|Flutter Mane|100\/100\n|-activate|p2b: \u53d1\u59d0\u725b\u903c|ability: Protosynthesis\n|-start|p2b: \u53d1\u59d0\u725b\u903c|protosynthesisspa\n|move|p1b: Azula|Leaf Blade|p2a: \u8fd9\u4e2a\u5df4\u5c14\u51ef\u5c3c\u6069\u7942\u80fd\u5e72\u4ec0\u4e48\uff1f\n|-damage|p2a: \u8fd9\u4e2a\u5df4\u5c14\u51ef\u5c3c\u6069\u7942\u80fd\u5e72\u4ec0\u4e48\uff1f|14\/100\n|move|p2a: \u8fd9\u4e2a\u5df4\u5c14\u51ef\u5c3c\u6069\u7942\u80fd\u5e72\u4ec0\u4e48\uff1f|Heat Wave|p1a: Ogerpon|[spread] p1a,p1b\n|-supereffective|p1b: Azula\n|-crit|p1b: Azula\n|-damage|p1a: Ogerpon|37\/100\n|-enditem|p1b: Azula|Focus Sash\n|-damage|p1b: Azula|1\/100\n|\n|-weather|SunnyDay|[upkeep]\n|upkeep\n|turn|5\n|inactive|Freezuh has 120 seconds left.\n|inactive|OPieceOfHeroGhost has 120 seconds left.\n|\n|t:|1700137094\n|-end|p2b: \u53d1\u59d0\u725b\u903c|Protosynthesis|[silent]\n|switch|p2b: \u5de8\u722a\u7f57\u65af|Landorus-Therian, M|43\/100\n|-ability|p2b: \u5de8\u722a\u7f57\u65af|Intimidate|boost\n|-unboost|p1a: Ogerpon|atk|1\n|-unboost|p1b: Azula|atk|1\n|move|p1b: Azula|Leaf Blade|p2b: \u5de8\u722a\u7f57\u65af\n|-damage|p2b: \u5de8\u722a\u7f57\u65af|18\/100\n|move|p1a: Ogerpon|Horn Leech|p2a: \u8fd9\u4e2a\u5df4\u5c14\u51ef\u5c3c\u6069\u7942\u80fd\u5e72\u4ec0\u4e48\uff1f\n|-damage|p2a: \u8fd9\u4e2a\u5df4\u5c14\u51ef\u5c3c\u6069\u7942\u80fd\u5e72\u4ec0\u4e48\uff1f|0 fnt\n|-heal|p1a: Ogerpon|45\/100|[from] drain|[of] p2a: \u8fd9\u4e2a\u5df4\u5c14\u51ef\u5c3c\u6069\u7942\u80fd\u5e72\u4ec0\u4e48\uff1f\n|faint|p2a: \u8fd9\u4e2a\u5df4\u5c14\u51ef\u5c3c\u6069\u7942\u80fd\u5e72\u4ec0\u4e48\uff1f\n|\n|-weather|SunnyDay|[upkeep]\n|upkeep\n|\n|t:|1700137109\n|switch|p2a: \u53d1\u59d0\u725b\u903c|Flutter Mane|100\/100\n|-activate|p2a: \u53d1\u59d0\u725b\u903c|ability: Protosynthesis\n|-start|p2a: \u53d1\u59d0\u725b\u903c|protosynthesisspa\n|turn|6\n|\n|t:|1700137118\n|move|p1b: Azula|Leaf Blade|p2a: \u53d1\u59d0\u725b\u903c\n|-damage|p2a: \u53d1\u59d0\u725b\u903c|53\/100\n|move|p2a: \u53d1\u59d0\u725b\u903c|Dazzling Gleam|p1b: Azula|[spread] p1a,p1b\n|-resisted|p1a: Ogerpon\n|-supereffective|p1b: Azula\n|-damage|p1a: Ogerpon|11\/100\n|-damage|p1b: Azula|0 fnt\n|faint|p1b: Azula\n|move|p1a: Ogerpon|Ivy Cudgel|p2a: \u53d1\u59d0\u725b\u903c|[anim] Ivy Cudgel Fire\n|-damage|p2a: \u53d1\u59d0\u725b\u903c|0 fnt\n|faint|p2a: \u53d1\u59d0\u725b\u903c\n|-end|p2a: \u53d1\u59d0\u725b\u903c|Protosynthesis|[silent]\n|move|p2b: \u5de8\u722a\u7f57\u65af|U-turn|p1a: Ogerpon\n|-damage|p1a: Ogerpon|0 fnt\n|faint|p1a: Ogerpon\n|inactive|OPieceOfHeroGhost has 120 seconds left.\n|\n|t:|1700137135\n|switch|p2b: \u62cd\u6253\u7329|Rillaboom, M|100\/100|[from] U-turn\n|-fieldstart|move: Grassy Terrain|[from] ability: Grassy Surge|[of] p2b: \u62cd\u6253\u7329\n|\n|-weather|SunnyDay|[upkeep]\n|upkeep\n|\n|t:|1700137148\n|switch|p2a: \u80cc\u5f71\u6700\u5e05\u7684\u7834\u58f3\u68a6|Amoonguss, M|74\/100\n|switch|p1a: Sokka|Roaring Moon, shiny|100\/100\n|switch|p1b: Weird Suicune|Walking Wake|100\/100\n|-activate|p1a: Sokka|ability: Protosynthesis\n|-start|p1a: Sokka|protosynthesisatk\n|-activate|p1b: Weird Suicune|ability: Protosynthesis\n|-start|p1b: Weird Suicune|protosynthesisspe\n|turn|7\n|\n|t:|1700137168\n|-terastallize|p2a: \u80cc\u5f71\u6700\u5e05\u7684\u7834\u58f3\u68a6|Dragon\n|move|p2b: \u62cd\u6253\u7329|Fake Out|p1b: Weird Suicune\n|-damage|p1b: Weird Suicune|84\/100\n|cant|p1b: Weird Suicune|flinch\n|move|p1a: Sokka|Dragon Claw|p2a: \u80cc\u5f71\u6700\u5e05\u7684\u7834\u58f3\u68a6\n|-supereffective|p2a: \u80cc\u5f71\u6700\u5e05\u7684\u7834\u58f3\u68a6\n|-damage|p2a: \u80cc\u5f71\u6700\u5e05\u7684\u7834\u58f3\u68a6|0 fnt\n|faint|p2a: \u80cc\u5f71\u6700\u5e05\u7684\u7834\u58f3\u68a6\n|\n|-weather|SunnyDay|[upkeep]\n|-heal|p1b: Weird Suicune|90\/100|[from] Grassy Terrain\n|upkeep\n|\n|t:|1700137183\n|switch|p2a: \u95ea\u7535\u4e94\u8fde\u62f3|Iron Hands|42\/100\n|turn|8\n|\n|t:|1700137199\n|move|p2a: \u95ea\u7535\u4e94\u8fde\u62f3|Fake Out|p1b: Weird Suicune\n|-damage|p1b: Weird Suicune|75\/100\n|cant|p1b: Weird Suicune|flinch\n|move|p1a: Sokka|Dragon Claw|p2a: \u95ea\u7535\u4e94\u8fde\u62f3\n|-damage|p2a: \u95ea\u7535\u4e94\u8fde\u62f3|7\/100\n|move|p2b: \u62cd\u6253\u7329|Wood Hammer|p1b: Weird Suicune\n|-damage|p1b: Weird Suicune|0 fnt\n|faint|p1b: Weird Suicune\n|-end|p1b: Weird Suicune|Protosynthesis|[silent]\n|-damage|p2b: \u62cd\u6253\u7329|80\/100|[from] Recoil\n|\n|-weather|none\n|-end|p1a: Sokka|Protosynthesis\n|-heal|p2b: \u62cd\u6253\u7329|86\/100|[from] Grassy Terrain\n|-heal|p2a: \u95ea\u7535\u4e94\u8fde\u62f3|13\/100|[from] Grassy Terrain\n|upkeep\n|\n|t:|1700137207\n|switch|p1b: Beluba|Torkoal, F|13\/100 slp\n|-weather|SunnyDay|[from] ability: Drought|[of] p1b: Beluba\n|-activate|p1a: Sokka|ability: Protosynthesis\n|-start|p1a: Sokka|protosynthesisatk\n|turn|9\n|\n|t:|1700137227\n|-end|p2a: \u95ea\u7535\u4e94\u8fde\u62f3|Quark Drive|[silent]\n|switch|p2a: \u5de8\u722a\u7f57\u65af|Landorus-Therian, M|18\/100\n|-ability|p2a: \u5de8\u722a\u7f57\u65af|Intimidate|boost\n|-fail|p1a: Sokka|unboost|[from] item: Clear Amulet|[of] p1a: Sokka\n|-unboost|p1b: Beluba|atk|1\n|cant|p1b: Beluba|slp\n|move|p2b: \u62cd\u6253\u7329|Grassy Glide|p1b: Beluba\n|-resisted|p1b: Beluba\n|-damage|p1b: Beluba|0 fnt\n|faint|p1b: Beluba\n|move|p1a: Sokka|Dragon Claw|p2a: \u5de8\u722a\u7f57\u65af\n|-damage|p2a: \u5de8\u722a\u7f57\u65af|0 fnt\n|faint|p2a: \u5de8\u722a\u7f57\u65af\n|\n|-weather|SunnyDay|[upkeep]\n|-heal|p2b: \u62cd\u6253\u7329|92\/100|[from] Grassy Terrain\n|upkeep\n|inactive|OPieceOfHeroGhost has 120 seconds left.\n|\n|t:|1700137245\n|switch|p2a: \u95ea\u7535\u4e94\u8fde\u62f3|Iron Hands|13\/100\n|turn|10\n|\n|t:|1700137255\n|move|p1a: Sokka|Protect|p1a: Sokka\n|-singleturn|p1a: Sokka|Protect\n|move|p2a: \u95ea\u7535\u4e94\u8fde\u62f3|Fake Out|p1a: Sokka\n|-activate|p1a: Sokka|move: Protect\n|move|p2b: \u62cd\u6253\u7329|Wood Hammer|p1a: Sokka\n|-activate|p1a: Sokka|move: Protect\n|\n|-weather|SunnyDay|[upkeep]\n|-heal|p2b: \u62cd\u6253\u7329|99\/100|[from] Grassy Terrain\n|-heal|p2a: \u95ea\u7535\u4e94\u8fde\u62f3|19\/100|[from] Grassy Terrain\n|-fieldend|move: Grassy Terrain\n|upkeep\n|turn|11\n|\n|t:|1700137272\n|move|p1a: Sokka|Dragon Claw|p2a: \u95ea\u7535\u4e94\u8fde\u62f3\n|-damage|p2a: \u95ea\u7535\u4e94\u8fde\u62f3|0 fnt\n|faint|p2a: \u95ea\u7535\u4e94\u8fde\u62f3\n|-end|p2a: \u95ea\u7535\u4e94\u8fde\u62f3|Quark Drive|[silent]\n|move|p2b: \u62cd\u6253\u7329|Wood Hammer|p1a: Sokka\n|-resisted|p1a: Sokka\n|-damage|p1a: Sokka|54\/100\n|-damage|p2b: \u62cd\u6253\u7329|85\/100|[from] Recoil\n|\n|-weather|SunnyDay|[upkeep]\n|upkeep\n|turn|12\n|\n|t:|1700137287\n|move|p1a: Sokka|Dragon Claw|p2b: \u62cd\u6253\u7329\n|-damage|p2b: \u62cd\u6253\u7329|36\/100\n|move|p2b: \u62cd\u6253\u7329|U-turn|p1a: Sokka\n|-supereffective|p1a: Sokka\n|-damage|p1a: Sokka|0 fnt\n|faint|p1a: Sokka\n|-end|p1a: Sokka|Protosynthesis|[silent]\n|\n|win|OPieceOfHeroGhost\n|raw|Freezuh's rating: 1419 &rarr; <strong>1406<\/strong><br \/>(-13 for losing)\n|raw|OPieceOfHeroGhost's rating: 1547 &rarr; <strong>1560<\/strong><br \/>(+13 for winning)\n|l|\u2606Freezuh\n","uploadtime":1700137296,"views":6,"p1id":"freezuh","p2id":"opieceofheroghost","formatid":"gen9doublesou","rating":1406,"private":0,"password":""}