{"id":"gen9doublesou-1972445229","p1":"andy1510","p2":"brbrubr","format":"[Gen 9] Doubles OU","log":"|j|\u2606andy1510\n|j|\u2606brbrubr\n|t:|1697843624\n|gametype|doubles\n|player|p1|andy1510|youngster-gen4dp|1447\n|player|p2|brbrubr|2|1747\n|teamsize|p1|6\n|teamsize|p2|6\n|gen|9\n|tier|[Gen 9] Doubles OU\n|rated|\n|rule|Species Clause: Limit one of each Pok\u00e9mon\n|rule|OHKO Clause: OHKO moves are banned\n|rule|Evasion Moves Clause: Evasion moves are banned\n|rule|Gravity Sleep Clause: The combination of sleep-inducing moves with imperfect accuracy and Gravity or Gigantamax Orbeetle are banned\n|rule|Endless Battle Clause: Forcing endless battles is banned\n|rule|HP Percentage Mod: HP is shown in percentages\n|clearpoke\n|poke|p1|Kingambit, M|\n|poke|p1|Zapdos-Galar|\n|poke|p1|Gothitelle, F|\n|poke|p1|Hatterene, F|\n|poke|p1|Spidops, F|\n|poke|p1|Wigglytuff, F|\n|poke|p2|Armarouge, F|\n|poke|p2|Ursaluna-Bloodmoon, M|\n|poke|p2|Chi-Yu|\n|poke|p2|Torkoal, M|\n|poke|p2|Brute Bonnet|\n|poke|p2|Indeedee-F, F|\n|teampreview\n|\n|t:|1697843631\n|start\n|switch|p1a: Hatterene|Hatterene, F|100\/100\n|switch|p1b: Spidops|Spidops, F|100\/100\n|switch|p2a: Indeedee|Indeedee-F, F|100\/100\n|switch|p2b: Armarouge|Armarouge, F, shiny|100\/100\n|-fieldstart|move: Psychic Terrain|[from] ability: Psychic Surge|[of] p2a: Indeedee\n|turn|1\n|inactive|Battle timer is ON: inactive players will automatically lose when time's up. (requested by brbrubr)\n|\n|t:|1697843648\n|switch|p2a: Torkoal|Torkoal, M|100\/100\n|-weather|SunnyDay|[from] ability: Drought|[of] p2a: Torkoal\n|move|p2b: Armarouge|Armor Cannon|p1a: Hatterene\n|-damage|p1a: Hatterene|2\/100\n|-unboost|p2b: Armarouge|def|1\n|-unboost|p2b: Armarouge|spd|1\n|move|p1a: Hatterene|Skill Swap|p2b: Armarouge\n|-activate|p1a: Hatterene|move: Skill Swap|Flash Fire|Magic Bounce|[of] p2b: Armarouge\n|move|p1b: Spidops|Sticky Web|p2a: Torkoal\n|move|p2b: Armarouge|Sticky Web|p1b: Spidops|[from]ability: Magic Bounce\n|-sidestart|p1: andy1510|move: Sticky Web\n|\n|-weather|SunnyDay|[upkeep]\n|upkeep\n|turn|2\n|\n|t:|1697843675\n|move|p2b: Armarouge|Expanding Force|p1a: Hatterene|[spread] p1a,p1b\n|-resisted|p1a: Hatterene\n|-damage|p1a: Hatterene|0 fnt\n|-damage|p1b: Spidops|39\/100\n|faint|p1a: Hatterene\n|move|p1b: Spidops|Memento|p2a: Torkoal\n|-unboost|p2a: Torkoal|atk|2\n|-unboost|p2a: Torkoal|spa|2\n|faint|p1b: Spidops\n|move|p2a: Torkoal|Heat Wave|p1: Hatterene|[notarget]\n|-fail|p2a: Torkoal\n|\n|-weather|SunnyDay|[upkeep]\n|upkeep\n|c|\u2606andy1510|That was too close.\n|\n|t:|1697843690\n|switch|p1a: Gothitelle|Gothitelle, F|100\/100\n|switch|p1b: Wigglytuff|Wigglytuff, F|100\/100\n|-activate|p1a: Gothitelle|move: Sticky Web\n|-unboost|p1a: Gothitelle|spe|1\n|-ability|p1a: Gothitelle|Competitive|boost\n|-boost|p1a: Gothitelle|spa|2\n|-activate|p1b: Wigglytuff|move: Sticky Web\n|-unboost|p1b: Wigglytuff|spe|1\n|-ability|p1b: Wigglytuff|Competitive|boost\n|-boost|p1b: Wigglytuff|spa|2\n|turn|3\n|\n|t:|1697843697\n|move|p2b: Armarouge|Armor Cannon|p1a: Gothitelle\n|-damage|p1a: Gothitelle|3\/100\n|-unboost|p2b: Armarouge|def|1\n|-unboost|p2b: Armarouge|spd|1\n|move|p1b: Wigglytuff|Hyper Voice|p2a: Torkoal|[spread] p2a,p2b\n|-damage|p2a: Torkoal|0 fnt\n|-enditem|p2b: Armarouge|Focus Sash\n|-damage|p2b: Armarouge|1\/100\n|faint|p2a: Torkoal\n|-damage|p1b: Wigglytuff|91\/100|[from] item: Life Orb\n|move|p1a: Gothitelle|Trick Room|p1a: Gothitelle\n|-fieldstart|move: Trick Room|[of] p1a: Gothitelle\n|\n|-weather|SunnyDay|[upkeep]\n|upkeep\n|\n|t:|1697843718\n|switch|p2a: Chi-Yu|Chi-Yu|100\/100\n|-ability|p2a: Chi-Yu|Beads of Ruin\n|turn|4\n|\n|t:|1697843730\n|move|p2b: Armarouge|Wide Guard|p2b: Armarouge\n|-singleturn|p2b: Armarouge|Wide Guard\n|move|p1b: Wigglytuff|Hyper Voice|p2b: Armarouge|[spread] \n|-activate|p2a: Chi-Yu|move: Wide Guard\n|-activate|p2b: Armarouge|move: Wide Guard\n|move|p1a: Gothitelle|Thunderbolt|p2a: Chi-Yu\n|-damage|p2a: Chi-Yu|39\/100\n|move|p2a: Chi-Yu|Heat Wave|p1b: Wigglytuff|[spread] p1a,p1b\n|-damage|p1a: Gothitelle|0 fnt\n|-damage|p1b: Wigglytuff|11\/100\n|faint|p1a: Gothitelle\n|\n|-weather|SunnyDay|[upkeep]\n|upkeep\n|\n|t:|1697843744\n|switch|p1a: Zapdos|Zapdos-Galar|100\/100\n|-activate|p1a: Zapdos|move: Sticky Web\n|-unboost|p1a: Zapdos|spe|1\n|-ability|p1a: Zapdos|Defiant|boost\n|-boost|p1a: Zapdos|atk|2\n|turn|5\n|inactive|brbrubr has 120 seconds left.\n|c|\u2606brbrubr|wait how did zapdos get affected by sticky web\n|inactive|brbrubr has 90 seconds left.\n|c|\u2606brbrubr|its a flying type\n|c|\u2606andy1510|I have iron ball.\n|c|\u2606brbrubr|ahh\n|\n|t:|1697843819\n|move|p2a: Chi-Yu|Protect|p2a: Chi-Yu\n|-singleturn|p2a: Chi-Yu|Protect\n|move|p1b: Wigglytuff|Ice Beam|p2b: Armarouge\n|-resisted|p2b: Armarouge\n|-damage|p2b: Armarouge|0 fnt\n|faint|p2b: Armarouge\n|-damage|p1b: Wigglytuff|1\/100|[from] item: Life Orb\n|move|p1a: Zapdos|Brave Bird|p2a: Chi-Yu\n|-activate|p2a: Chi-Yu|move: Protect\n|\n|-weather|none\n|-fieldend|move: Psychic Terrain\n|upkeep\n|c|\u2606andy1510|Makes me slower too.\n|c|\u2606brbrubr|smart\n|c|\u2606andy1510|Thanks.\n|inactive|brbrubr has 60 seconds left.\n|c|\u2606brbrubr|did u get the idea for the self sticky web strat from a YT vid by any chance\n|c|\u2606andy1510|No, I got it a few years ago from a team I encountered in Gen 8.\n|c|\u2606brbrubr|cause i had a team with the exact same tech in gen 9\n|c|\u2606brbrubr|gen 8*\n|inactive|brbrubr has 30 seconds left.\n|c|\u2606brbrubr|yeah i think that was my team lmao\n|\n|t:|1697843876\n|switch|p2b: Brute Bonnet|Brute Bonnet|100\/100\n|turn|6\n|c|\u2606andy1510|I've made different version of the team for every meta-game ever since.\n|\n|t:|1697843892\n|switch|p2a: Indeedee|Indeedee-F, F|100\/100\n|-fieldstart|move: Psychic Terrain|[from] ability: Psychic Surge|[of] p2a: Indeedee\n|move|p1b: Wigglytuff|Hyper Voice|p2b: Brute Bonnet|[spread] p2a,p2b\n|-damage|p2a: Indeedee|49\/100\n|-damage|p2b: Brute Bonnet|40\/100\n|-damage|p1b: Wigglytuff|0 fnt|[from] item: Life Orb\n|faint|p1b: Wigglytuff\n|move|p1a: Zapdos|Brave Bird|p2b: Brute Bonnet\n|-supereffective|p2b: Brute Bonnet\n|-damage|p2b: Brute Bonnet|0 fnt\n|faint|p2b: Brute Bonnet\n|-end|p2b: Brute Bonnet|Protosynthesis|[silent]\n|-damage|p1a: Zapdos|86\/100|[from] Recoil\n|\n|upkeep\n|inactive|brbrubr has 60 seconds left.\n|\n|t:|1697843913\n|switch|p1b: Kingambit|Kingambit, M|100\/100\n|switch|p2b: Chi-Yu|Chi-Yu|39\/100\n|-activate|p1b: Kingambit|move: Sticky Web\n|-unboost|p1b: Kingambit|spe|1\n|-ability|p1b: Kingambit|Defiant|boost\n|-boost|p1b: Kingambit|atk|2\n|-ability|p2b: Chi-Yu|Beads of Ruin\n|turn|7\n|\n|t:|1697843937\n|move|p2a: Indeedee|Helping Hand|p2b: Chi-Yu\n|-singleturn|p2b: Chi-Yu|Helping Hand|[of] p2a: Indeedee\n|move|p1a: Zapdos|Brave Bird|p2b: Chi-Yu\n|-damage|p2b: Chi-Yu|0 fnt\n|faint|p2b: Chi-Yu\n|-damage|p1a: Zapdos|78\/100|[from] Recoil\n|move|p1b: Kingambit|Iron Head|p2a: Indeedee\n|-damage|p2a: Indeedee|0 fnt\n|faint|p2a: Indeedee\n|\n|-fieldend|move: Trick Room\n|upkeep\n|inactive|brbrubr has 60 seconds left.\n|c|\u2606brbrubr|my team was hatt\/araquanid\/obstagoon\/goth\/milotic\/bisharp\n|c|\u2606brbrubr|gg\n|-message|brbrubr forfeited.\n|\n|win|andy1510\n|raw|andy1510's rating: 1447 &rarr; <strong>1481<\/strong><br \/>(+34 for winning)\n|raw|brbrubr's rating: 1747 &rarr; <strong>1713<\/strong><br \/>(-34 for losing)\n|l|\u2606brbrubr\n|c|\u2606andy1510|Good game.\n","uploadtime":1697843981,"views":17,"p1id":"andy1510","p2id":"brbrubr","formatid":"gen9doublesou","rating":1481,"private":0,"password":""}