{"id":"gen9doublesou-1972030276","p1":"dahs090","p2":"Phantamium","format":"[Gen 9] Doubles OU","log":"|j|\u2606dahs090\n|j|\u2606Phantamium\n|t:|1697806581\n|gametype|doubles\n|player|p1|dahs090|fisherman-gen4|1534\n|player|p2|Phantamium|102|1446\n|teamsize|p1|6\n|teamsize|p2|6\n|gen|9\n|tier|[Gen 9] Doubles OU\n|rated|\n|rule|Species Clause: Limit one of each Pok\u00e9mon\n|rule|OHKO Clause: OHKO moves are banned\n|rule|Evasion Moves Clause: Evasion moves are banned\n|rule|Gravity Sleep Clause: The combination of sleep-inducing moves with imperfect accuracy and Gravity or Gigantamax Orbeetle are banned\n|rule|Endless Battle Clause: Forcing endless battles is banned\n|rule|HP Percentage Mod: HP is shown in percentages\n|clearpoke\n|poke|p1|Ursaluna-Bloodmoon, M|\n|poke|p1|Indeedee-F, F|\n|poke|p1|Cresselia, F|\n|poke|p1|Armarouge, F|\n|poke|p1|Hatterene, F|\n|poke|p1|Torkoal, M|\n|poke|p2|Espeon, F|\n|poke|p2|Umbreon, M|\n|poke|p2|Tyranitar, F|\n|poke|p2|Gliscor, F|\n|poke|p2|Corviknight, M|\n|poke|p2|Landorus-Therian, M|\n|teampreview\n|\n|t:|1697806609\n|start\n|switch|p1a: Indeedee|Indeedee-F, F|100\/100\n|switch|p1b: Ursaluna|Ursaluna-Bloodmoon, M|100\/100\n|switch|p2a: Gliscor|Gliscor, F|100\/100\n|switch|p2b: Landorus|Landorus-Therian, M|100\/100\n|-ability|p2b: Landorus|Intimidate|boost\n|-unboost|p1a: Indeedee|atk|1\n|-unboost|p1b: Ursaluna|atk|1\n|-fieldstart|move: Psychic Terrain|[from] ability: Psychic Surge|[of] p1a: Indeedee\n|turn|1\n|\n|t:|1697806643\n|move|p2a: Gliscor|Earthquake|p1a: Indeedee|[spread] p1a,p1b\n|-immune|p2b: Landorus\n|-crit|p1b: Ursaluna\n|-damage|p1a: Indeedee|52\/100\n|-damage|p1b: Ursaluna|70\/100\n|move|p2b: Landorus|Earthquake|p1b: Ursaluna|[spread] p1a,p1b\n|-immune|p2a: Gliscor\n|-damage|p1a: Indeedee|0 fnt\n|-damage|p1b: Ursaluna|44\/100\n|faint|p1a: Indeedee\n|move|p1b: Ursaluna|Hyper Voice|p2a: Gliscor|[spread] p2a,p2b\n|-damage|p2a: Gliscor|37\/100\n|-damage|p2b: Landorus|53\/100\n|-enditem|p1b: Ursaluna|Throat Spray\n|-boost|p1b: Ursaluna|spa|1|[from] item: Throat Spray\n|\n|upkeep\n|inactive|Battle timer is ON: inactive players will automatically lose when time's up. (requested by dahs090)\n|\n|t:|1697806658\n|switch|p1a: Cresselia|Cresselia, F|100\/100\n|turn|2\n|\n|t:|1697806663\n|move|p1b: Ursaluna|Protect|p1b: Ursaluna\n|-singleturn|p1b: Ursaluna|Protect\n|move|p2a: Gliscor|Earthquake|p1a: Cresselia|[spread] \n|-activate|p1b: Ursaluna|move: Protect\n|-immune|p2b: Landorus\n|-immune|p1a: Cresselia|[from] ability: Levitate\n|move|p2b: Landorus|Earthquake|p1b: Ursaluna|[spread] \n|-activate|p1b: Ursaluna|move: Protect\n|-immune|p2a: Gliscor\n|-immune|p1a: Cresselia|[from] ability: Levitate\n|move|p1a: Cresselia|Trick Room|p1a: Cresselia\n|-fieldstart|move: Trick Room|[of] p1a: Cresselia\n|\n|upkeep\n|turn|3\n|\n|t:|1697806682\n|move|p1b: Ursaluna|Hyper Voice|p2a: Gliscor|[spread] p2a,p2b\n|-damage|p2a: Gliscor|0 fnt\n|-damage|p2b: Landorus|0 fnt\n|faint|p2a: Gliscor\n|faint|p2b: Landorus\n|move|p1a: Cresselia|Lunar Blessing|p1a: Cresselia|[spread] p1a,p1b\n|-heal|p1b: Ursaluna|69\/100\n|\n|upkeep\n|\n|t:|1697806708\n|switch|p2b: Umbreon|Umbreon, M|100\/100\n|switch|p2a: Espeon|Espeon, F|100\/100\n|turn|4\n|\n|t:|1697806721\n|-terastallize|p1b: Ursaluna|Normal\n|move|p1a: Cresselia|Helping Hand|p1b: Ursaluna\n|-singleturn|p1b: Ursaluna|Helping Hand|[of] p1a: Cresselia\n|move|p1b: Ursaluna|Hyper Voice|p2b: Umbreon|[spread] p2a,p2b\n|-enditem|p2a: Espeon|Focus Sash\n|-damage|p2a: Espeon|1\/100\n|-damage|p2b: Umbreon|35\/100\n|move|p2b: Umbreon|Snarl|p1b: Ursaluna|[spread] p1a,p1b\n|-supereffective|p1a: Cresselia\n|-damage|p1a: Cresselia|91\/100\n|-damage|p1b: Ursaluna|58\/100\n|-unboost|p1a: Cresselia|spa|1\n|-unboost|p1b: Ursaluna|spa|1\n|move|p2a: Espeon|Trick Room|p2a: Espeon\n|-fieldend|move: Trick Room\n|\n|-heal|p1a: Cresselia|97\/100|[from] item: Leftovers\n|upkeep\n|turn|5\n|\n|t:|1697806750\n|move|p2a: Espeon|Light Screen|p2a: Espeon\n|-sidestart|p2: Phantamium|move: Light Screen\n|move|p2b: Umbreon|Wish|p2b: Umbreon\n|move|p1a: Cresselia|Lunar Blessing|p1a: Cresselia|[spread] p1a,p1b\n|-heal|p1a: Cresselia|100\/100\n|-heal|p1b: Ursaluna|83\/100\n|move|p1b: Ursaluna|Hyper Voice|p2b: Umbreon|[spread] p2a,p2b\n|-damage|p2a: Espeon|0 fnt\n|-damage|p2b: Umbreon|12\/100\n|faint|p2a: Espeon\n|\n|upkeep\n|\n|t:|1697806764\n|switch|p2a: Tyranitar|Tyranitar, F|100\/100\n|-weather|Sandstorm|[from] ability: Sand Stream|[of] p2a: Tyranitar\n|turn|6\n|\n|t:|1697806770\n|-terastallize|p2a: Tyranitar|Ghost\n|move|p2b: Umbreon|Protect|p2b: Umbreon\n|-singleturn|p2b: Umbreon|Protect\n|move|p1b: Ursaluna|Protect|p1b: Ursaluna\n|-singleturn|p1b: Ursaluna|Protect\n|move|p2a: Tyranitar|Knock Off|p1a: Cresselia\n|-supereffective|p1a: Cresselia\n|-damage|p1a: Cresselia|0 fnt\n|-enditem|p1a: Cresselia|Leftovers|[from] move: Knock Off|[of] p2a: Tyranitar\n|faint|p1a: Cresselia\n|\n|-weather|Sandstorm|[upkeep]\n|-damage|p2b: Umbreon|6\/100|[from] Sandstorm\n|-damage|p2a: Tyranitar|94\/100|[from] Sandstorm\n|-damage|p1b: Ursaluna|77\/100|[from] Sandstorm\n|-heal|p2b: Umbreon|56\/100|[from] move: Wish|[wisher] Umbreon\n|upkeep\n|\n|t:|1697806785\n|switch|p1a: Hatterene|Hatterene, F|100\/100\n|turn|7\n|\n|t:|1697806795\n|move|p2b: Umbreon|Snarl|p1b: Ursaluna|[spread] p1a,p1b\n|-damage|p1a: Hatterene|91\/100\n|-damage|p1b: Ursaluna|66\/100\n|-unboost|p1a: Hatterene|spa|1\n|-unboost|p1b: Ursaluna|spa|1\n|move|p2a: Tyranitar|Knock Off|p1a: Hatterene\n|-damage|p1a: Hatterene|0 fnt\n|-enditem|p1a: Hatterene|Leftovers|[from] move: Knock Off|[of] p2a: Tyranitar\n|faint|p1a: Hatterene\n|move|p1b: Ursaluna|Blood Moon|p2a: Tyranitar\n|-damage|p2a: Tyranitar|54\/100\n|\n|-weather|Sandstorm|[upkeep]\n|-damage|p2b: Umbreon|50\/100|[from] Sandstorm\n|-damage|p2a: Tyranitar|48\/100|[from] Sandstorm\n|-damage|p1b: Ursaluna|60\/100|[from] Sandstorm\n|upkeep\n|\n|t:|1697806809\n|switch|p1a: Armarouge|Armarouge, F|100\/100\n|turn|8\n|\n|t:|1697806818\n|move|p2b: Umbreon|Snarl|p1b: Ursaluna|[spread] p1a,p1b\n|-supereffective|p1a: Armarouge\n|-crit|p1a: Armarouge\n|-damage|p1a: Armarouge|72\/100\n|-damage|p1b: Ursaluna|50\/100\n|-unboost|p1a: Armarouge|spa|1\n|-unboost|p1b: Ursaluna|spa|1\n|move|p2a: Tyranitar|Knock Off|p1a: Armarouge\n|-supereffective|p1a: Armarouge\n|-damage|p1a: Armarouge|0 fnt\n|-enditem|p1a: Armarouge|Safety Goggles|[from] move: Knock Off|[of] p2a: Tyranitar\n|faint|p1a: Armarouge\n|move|p1b: Ursaluna|Hyper Voice|p2a: Tyranitar|[spread] p2a,p2b\n|-damage|p2a: Tyranitar|34\/100\n|-damage|p2b: Umbreon|39\/100\n|\n|-weather|Sandstorm|[upkeep]\n|-damage|p2b: Umbreon|33\/100|[from] Sandstorm\n|-damage|p2a: Tyranitar|27\/100|[from] Sandstorm\n|-damage|p1b: Ursaluna|44\/100|[from] Sandstorm\n|-fieldend|move: Psychic Terrain\n|upkeep\n|\n|t:|1697806833\n|switch|p1a: Torkoal|Torkoal, M|100\/100\n|-weather|SunnyDay|[from] ability: Drought|[of] p1a: Torkoal\n|turn|9\n|\n|t:|1697806848\n|move|p2b: Umbreon|Snarl|p1b: Ursaluna|[spread] p1a,p1b\n|-damage|p1a: Torkoal|88\/100\n|-damage|p1b: Ursaluna|32\/100\n|-unboost|p1a: Torkoal|spa|1\n|-unboost|p1b: Ursaluna|spa|1\n|move|p2a: Tyranitar|Knock Off|p1a: Torkoal\n|-damage|p1a: Torkoal|16\/100\n|-enditem|p1a: Torkoal|Choice Specs|[from] move: Knock Off|[of] p2a: Tyranitar\n|move|p1b: Ursaluna|Hyper Voice|p2a: Tyranitar|[spread] p2a,p2b\n|-damage|p2a: Tyranitar|16\/100\n|-damage|p2b: Umbreon|25\/100\n|move|p1a: Torkoal|Eruption|p2a: Tyranitar|[spread] p2a,p2b\n|-crit|p2b: Umbreon\n|-damage|p2a: Tyranitar|12\/100\n|-damage|p2b: Umbreon|16\/100\n|\n|-weather|SunnyDay|[upkeep]\n|-sideend|p2: Phantamium|move: Light Screen\n|upkeep\n|turn|10\n|\n|t:|1697806870\n|move|p2b: Umbreon|Snarl|p1b: Ursaluna|[spread] p1a,p1b\n|-damage|p1a: Torkoal|5\/100\n|-damage|p1b: Ursaluna|21\/100\n|-unboost|p1a: Torkoal|spa|1\n|-unboost|p1b: Ursaluna|spa|1\n|move|p2a: Tyranitar|Knock Off|p1a: Torkoal\n|-damage|p1a: Torkoal|0 fnt\n|faint|p1a: Torkoal\n|move|p1b: Ursaluna|Hyper Voice|p2a: Tyranitar|[spread] p2a,p2b\n|-damage|p2a: Tyranitar|0 fnt\n|-damage|p2b: Umbreon|7\/100\n|faint|p2a: Tyranitar\n|\n|-weather|SunnyDay|[upkeep]\n|upkeep\n|\n|t:|1697806881\n|switch|p2a: Corviknight|Corviknight, M|100\/100\n|turn|11\n|\n|t:|1697806886\n|move|p2a: Corviknight|Brave Bird|p1b: Ursaluna\n|-damage|p1b: Ursaluna|0 fnt\n|faint|p1b: Ursaluna\n|-damage|p2a: Corviknight|93\/100|[from] Recoil\n|\n|win|Phantamium\n|raw|dahs090's rating: 1534 &rarr; <strong>1509<\/strong><br \/>(-25 for losing)\n|raw|Phantamium's rating: 1446 &rarr; <strong>1471<\/strong><br \/>(+25 for winning)\n|l|\u2606dahs090\n","uploadtime":1697806917,"views":10,"p1id":"dahs090","p2id":"phantamium","formatid":"gen9doublesou","rating":1471,"private":0,"password":""}