{"id":"gen9doublesou-1972203281","p1":"Losconosciuto","p2":"the JRL","format":"[Gen 9] Doubles OU","log":"|j|\u2606Losconosciuto\n|j|\u2606the JRL\n|t:|1697821183\n|gametype|doubles\n|player|p1|Losconosciuto|#losconosciuto|\n|player|p2|the JRL|#scl3islanders2|\n|teamsize|p1|6\n|teamsize|p2|6\n|gen|9\n|tier|[Gen 9] Doubles OU\n|rule|Species Clause: Limit one of each Pok\u00e9mon\n|rule|OHKO Clause: OHKO moves are banned\n|rule|Evasion Moves Clause: Evasion moves are banned\n|rule|Gravity Sleep Clause: The combination of sleep-inducing moves with imperfect accuracy and Gravity or Gigantamax Orbeetle are banned\n|rule|Endless Battle Clause: Forcing endless battles is banned\n|rule|HP Percentage Mod: HP is shown in percentages\n|clearpoke\n|poke|p1|Rillaboom, M|\n|poke|p1|Chien-Pao|\n|poke|p1|Ogerpon-Hearthflame, F|\n|poke|p1|Landorus-Therian, M|\n|poke|p1|Flutter Mane|\n|poke|p1|Iron Hands|\n|poke|p2|Diancie|\n|poke|p2|Iron Hands|\n|poke|p2|Ninetales-Alola, M|\n|poke|p2|Ogerpon-Wellspring, F|\n|poke|p2|Flutter Mane|\n|poke|p2|Chi-Yu|\n|teampreview\n|inactive|Battle timer is ON: inactive players will automatically lose when time's up. (requested by Losconosciuto)\n|inactive|the JRL also wants the timer to be on.\n|c|\u2606Losconosciuto|hf\n|c|\u2606the JRL|u2\n|j| AkenOwO\n|inactive|Losconosciuto has 270 seconds left.\n|inactive|the JRL has 270 seconds left.\n|j| Spitfire arcanine\n|j| HervXXX\n|inactive|Losconosciuto has 240 seconds left.\n|inactive|the JRL has 240 seconds left.\n|j| pais\n|l| pais\n|inactive|Losconosciuto has 210 seconds left.\n|inactive|the JRL has 210 seconds left.\n|j| bd1l bongcloud\n|inactive|Losconosciuto has 180 seconds left.\n|inactive|the JRL has 180 seconds left.\n|j| seasons\n|j| pais\n|j| Baila Como el tapu\n|\n|t:|1697821322\n|start\n|switch|p1a: Ogerpon|Ogerpon-Hearthflame, F|100\/100\n|switch|p1b: Iron Hands|Iron Hands|100\/100\n|switch|p2a: Diancie|Diancie|100\/100\n|switch|p2b: Flutter Mane|Flutter Mane|100\/100\n|-ability|p1a: Ogerpon|Mold Breaker\n|turn|1\n|j| YlREN\n|l| seasons\n|inactive|Losconosciuto has 240 seconds left.\n|inactive|the JRL has 240 seconds left.\n|c| Baila Como el tapu|Let's go jrl!\n|j| maybe next summer\n|j| Ciro Napoli\n|inactive|Losconosciuto has 210 seconds left.\n|inactive|Losconosciuto has 180 seconds left.\n|\n|t:|1697821422\n|-end|p2b: Flutter Mane|Protosynthesis|[silent]\n|switch|p2b: Iron Hands|Iron Hands|100\/100\n|-terastallize|p1b: Iron Hands|Water\n|move|p1a: Ogerpon|Spiky Shield|p1a: Ogerpon\n|-singleturn|p1a: Ogerpon|move: Protect\n|move|p2a: Diancie|Protect|p2a: Diancie\n|-singleturn|p2a: Diancie|Protect\n|move|p1b: Iron Hands|Heavy Slam|p2b: Iron Hands\n|-resisted|p2b: Iron Hands\n|-damage|p2b: Iron Hands|95\/100\n|\n|upkeep\n|turn|2\n|inactive|the JRL has 240 seconds left.\n|c| pais|tera forced gabibbo spotted\n|c| pais|jk\n|inactive|Losconosciuto has 150 seconds left.\n|j| diegoyuhhi\n|inactive|the JRL has 210 seconds left.\n|\n|t:|1697821480\n|switch|p1a: Landorus|Landorus-Therian, M|100\/100\n|-ability|p1a: Landorus|Intimidate|boost\n|-fail|p2a: Diancie|unboost|[from] ability: Clear Body|[of] p2a: Diancie\n|-unboost|p2b: Iron Hands|atk|1\n|-terastallize|p2a: Diancie|Grass\n|move|p2b: Iron Hands|Fake Out|p1a: Landorus\n|-damage|p1a: Landorus|88\/100\n|move|p1b: Iron Hands|Heavy Slam|p2a: Diancie\n|-damage|p2a: Diancie|65\/100\n|move|p2a: Diancie|Trick Room|p2a: Diancie\n|-fieldstart|move: Trick Room|[of] p2a: Diancie\n|\n|upkeep\n|turn|3\n|j| io non ti sento\n|inactive|the JRL has 210 seconds left.\n|inactive|Losconosciuto has 150 seconds left.\n|j| hachimaki98\n|l| maybe next summer\n|j| s7a\n|c| s7a|bella pais\n|inactive|Losconosciuto has 120 seconds left.\n|l| Baila Como el tapu\n|\n|t:|1697821544\n|switch|p1a: Rillaboom|Rillaboom, M|100\/100\n|-fieldstart|move: Grassy Terrain|[from] ability: Grassy Surge|[of] p1a: Rillaboom\n|move|p2b: Iron Hands|Ice Punch|p1a: Rillaboom\n|-supereffective|p1a: Rillaboom\n|-damage|p1a: Rillaboom|59\/100\n|move|p2a: Diancie|Diamond Storm|p1a: Rillaboom|[spread] p1a,p1b\n|-damage|p1a: Rillaboom|30\/100\n|-damage|p1b: Iron Hands|80\/100\n|-boost|p2a: Diancie|def|2\n|move|p1b: Iron Hands|Drain Punch|p2a: Diancie\n|-damage|p2a: Diancie|49\/100\n|-heal|p1b: Iron Hands|86\/100|[from] drain|[of] p2a: Diancie\n|\n|-heal|p2a: Diancie|55\/100|[from] Grassy Terrain\n|-heal|p2b: Iron Hands|100\/100|[from] Grassy Terrain\n|-heal|p1b: Iron Hands|92\/100|[from] Grassy Terrain\n|-heal|p1a: Rillaboom|36\/100|[from] Grassy Terrain\n|upkeep\n|turn|4\n|c| Ciro Napoli|bella pais\n|inactive|the JRL has 210 seconds left.\n|inactive|Losconosciuto has 120 seconds left.\n|c| io non ti sento|forza losco\n|inactive|the JRL has 180 seconds left.\n|inactive|Losconosciuto has 90 seconds left.\n|inactive|Losconosciuto has 60 seconds left.\n|\n|t:|1697821632\n|-end|p1b: Iron Hands|Quark Drive|[silent]\n|switch|p1b: Landorus|Landorus-Therian, M|88\/100\n|-ability|p1b: Landorus|Intimidate|boost\n|-fail|p2a: Diancie|unboost|[from] ability: Clear Body|[of] p2a: Diancie\n|-unboost|p2b: Iron Hands|atk|1\n|move|p1a: Rillaboom|Fake Out|p2b: Iron Hands\n|-damage|p2b: Iron Hands|90\/100\n|cant|p2b: Iron Hands|flinch\n|move|p2a: Diancie|Diamond Storm|p1a: Rillaboom|[spread] p1a,p1b\n|-damage|p1a: Rillaboom|5\/100\n|-damage|p1b: Landorus|48\/100\n|\n|-heal|p2b: Iron Hands|96\/100|[from] Grassy Terrain\n|-heal|p2a: Diancie|62\/100|[from] Grassy Terrain\n|-heal|p1a: Rillaboom|11\/100|[from] Grassy Terrain\n|upkeep\n|turn|5\n|inactive|Losconosciuto has 60 seconds left.\n|j| icanplaycolintoo\n|inactive|the JRL has 150 seconds left.\n|j| IoSonoNeon\n|\n|t:|1697821675\n|switch|p1a: Iron Hands|Iron Hands, tera:Water|92\/100\n|switch|p1b: Flutter Mane|Flutter Mane|100\/100\n|move|p2a: Diancie|Diamond Storm|p1a: Iron Hands|[spread] p1a,p1b\n|-damage|p1a: Iron Hands|72\/100\n|-damage|p1b: Flutter Mane|40\/100\n|move|p2b: Iron Hands|Ice Punch|p1b: Flutter Mane\n|-damage|p1b: Flutter Mane|14\/100\n|-status|p1b: Flutter Mane|frz\n|\n|-heal|p2a: Diancie|68\/100|[from] Grassy Terrain\n|-heal|p2b: Iron Hands|100\/100|[from] Grassy Terrain\n|-heal|p1a: Iron Hands|79\/100|[from] Grassy Terrain\n|-heal|p1b: Flutter Mane|20\/100 frz|[from] Grassy Terrain\n|upkeep\n|turn|6\n|inactive|the JRL has 150 seconds left.\n|j| Nael222\n|inactive|Losconosciuto has 30 seconds left.\n|inactive|Losconosciuto has 20 seconds left.\n|l| icanplaycolintoo\n|inactive|Losconosciuto has 15 seconds left.\n|\n|t:|1697821724\n|-end|p2b: Iron Hands|Quark Drive|[silent]\n|switch|p2b: Ogerpon|Ogerpon-Wellspring, F|100\/100\n|-end|p1b: Flutter Mane|Protosynthesis|[silent]\n|switch|p1b: Ogerpon|Ogerpon-Hearthflame, F|100\/100\n|-ability|p1b: Ogerpon|Mold Breaker\n|move|p2a: Diancie|Protect|p2a: Diancie\n|-singleturn|p2a: Diancie|Protect\n|move|p1a: Iron Hands|Fake Out|p2a: Diancie\n|-activate|p2a: Diancie|move: Protect\n|\n|-heal|p2a: Diancie|74\/100|[from] Grassy Terrain\n|-heal|p1a: Iron Hands|85\/100|[from] Grassy Terrain\n|-fieldend|move: Trick Room\n|upkeep\n|turn|7\n|inactive|Losconosciuto has 30 seconds left.\n|inactive|the JRL has 150 seconds left.\n|inactive|Losconosciuto has 20 seconds left.\n|inactive|Losconosciuto has 15 seconds left.\n|\n|t:|1697821751\n|-end|p1a: Iron Hands|Quark Drive|[silent]\n|switch|p1a: Chien-Pao|Chien-Pao|100\/100\n|-ability|p1a: Chien-Pao|Sword of Ruin\n|move|p2b: Ogerpon|Follow Me|p2b: Ogerpon\n|-singleturn|p2b: Ogerpon|move: Follow Me\n|move|p1b: Ogerpon|Ivy Cudgel|p2b: Ogerpon\n|-damage|p2b: Ogerpon|10\/100\n|move|p2a: Diancie|Trick Room|p2a: Diancie\n|-fieldstart|move: Trick Room|[of] p2a: Diancie\n|\n|-heal|p2a: Diancie|80\/100|[from] Grassy Terrain\n|-heal|p2b: Ogerpon|16\/100|[from] Grassy Terrain\n|-fieldend|move: Grassy Terrain\n|upkeep\n|turn|8\n|inactive|Losconosciuto has 30 seconds left.\n|inactive|Losconosciuto has 20 seconds left.\n|inactive|the JRL has 150 seconds left.\n|inactive|Losconosciuto has 15 seconds left.\n|inactive|Losconosciuto has 10 seconds left.\n|\n|t:|1697821789\n|switch|p1b: Iron Hands|Iron Hands, tera:Water|85\/100\n|move|p1a: Chien-Pao|Protect|p1a: Chien-Pao\n|-singleturn|p1a: Chien-Pao|Protect\n|move|p2b: Ogerpon|Follow Me|p2b: Ogerpon\n|-singleturn|p2b: Ogerpon|move: Follow Me\n|move|p2a: Diancie|Diamond Storm|p1a: Chien-Pao|[spread] p1b\n|-activate|p1a: Chien-Pao|move: Protect\n|-damage|p1b: Iron Hands|56\/100\n|-boost|p2a: Diancie|def|2\n|\n|upkeep\n|turn|9\n|inactive|Losconosciuto has 30 seconds left.\n|inactive|the JRL has 150 seconds left.\n|inactive|Losconosciuto has 20 seconds left.\n|j|+Mada\n|inactive|Losconosciuto has 15 seconds left.\n|inactive|Losconosciuto has 10 seconds left.\n|inactive|Losconosciuto has 5 seconds left.\n|\n|t:|1697821822\n|switch|p2b: Iron Hands|Iron Hands|100\/100\n|move|p2a: Diancie|Protect|p2a: Diancie\n|-singleturn|p2a: Diancie|Protect\n|move|p1b: Iron Hands|Drain Punch|p2b: Iron Hands\n|-damage|p2b: Iron Hands|60\/100\n|-heal|p1b: Iron Hands|76\/100|[from] drain|[of] p2b: Iron Hands\n|move|p1a: Chien-Pao|Icicle Crash|p2a: Diancie\n|-activate|p2a: Diancie|move: Protect\n|\n|upkeep\n|turn|10\n|inactive|Losconosciuto has 30 seconds left this turn.\n|inactive|Losconosciuto has 20 seconds left.\n|inactive|Losconosciuto has 15 seconds left.\n|inactive|the JRL has 150 seconds left.\n|\n|t:|1697821856\n|-end|p1b: Iron Hands|Quark Drive|[silent]\n|switch|p1b: Flutter Mane|Flutter Mane|20\/100 frz\n|move|p1a: Chien-Pao|Protect|p1a: Chien-Pao\n|-singleturn|p1a: Chien-Pao|Protect\n|move|p2a: Diancie|Diamond Storm|p1b: Flutter Mane|[spread] p1b\n|-activate|p1a: Chien-Pao|move: Protect\n|-damage|p1b: Flutter Mane|0 fnt\n|faint|p1b: Flutter Mane\n|-end|p1b: Flutter Mane|Protosynthesis|[silent]\n|move|p2b: Iron Hands|Ice Punch|p1a: Chien-Pao\n|-activate|p1a: Chien-Pao|move: Protect\n|\n|upkeep\n|inactive|Losconosciuto has 20 seconds left this turn.\n|inactive|Losconosciuto has 15 seconds left.\n|j| icanplaycolintoo\n|inactive|Losconosciuto has 10 seconds left.\n|\n|t:|1697821870\n|switch|p1b: Iron Hands|Iron Hands, tera:Water|76\/100\n|turn|11\n|inactive|Losconosciuto has 30 seconds left.\n|l| diegoyuhhi\n|\n|t:|1697821891\n|-end|p2b: Iron Hands|Quark Drive|[silent]\n|switch|p2b: Ninetales|Ninetales-Alola, M|100\/100\n|-weather|Snow|[from] ability: Snow Warning|[of] p2b: Ninetales\n|move|p2a: Diancie|Protect|p2a: Diancie\n|-singleturn|p2a: Diancie|Protect\n|move|p1b: Iron Hands|Fake Out|p2b: Ninetales\n|-damage|p2b: Ninetales|84\/100\n|move|p1a: Chien-Pao|Icicle Crash|p2a: Diancie\n|-activate|p2a: Diancie|move: Protect\n|\n|-weather|Snow|[upkeep]\n|-fieldend|move: Trick Room\n|upkeep\n|turn|12\n|j| diegoyuhhi\n|inactive|Losconosciuto has 30 seconds left.\n|l|+Mada\n|\n|t:|1697821918\n|move|p1a: Chien-Pao|Icicle Crash|p2a: Diancie\n|-supereffective|p2a: Diancie\n|-damage|p2a: Diancie|50\/100\n|-enditem|p2a: Diancie|Weakness Policy\n|-boost|p2a: Diancie|atk|2|[from] item: Weakness Policy\n|-boost|p2a: Diancie|spa|2|[from] item: Weakness Policy\n|move|p2b: Ninetales|Encore|p1b: Iron Hands\n|-start|p1b: Iron Hands|Encore\n|move|p1b: Iron Hands|Fake Out||[still]\n|-hint|Fake Out only works on your first turn out.\n|-fail|p1b: Iron Hands\n|cant|p2a: Diancie|flinch\n|\n|-weather|Snow|[upkeep]\n|upkeep\n|turn|13\n|inactive|Losconosciuto has 30 seconds left.\n|inactive|Losconosciuto has 20 seconds left.\n|inactive|Losconosciuto has 15 seconds left.\n|\n|t:|1697821954\n|-end|p1b: Iron Hands|Quark Drive|[silent]\n|switch|p1b: Landorus|Landorus-Therian, M|48\/100\n|-ability|p1b: Landorus|Intimidate|boost\n|-fail|p2a: Diancie|unboost|[from] ability: Clear Body|[of] p2a: Diancie\n|-unboost|p2b: Ninetales|atk|1\n|move|p1a: Chien-Pao|Protect|p1a: Chien-Pao\n|-singleturn|p1a: Chien-Pao|Protect\n|move|p2b: Ninetales|Aurora Veil|p2b: Ninetales\n|-sidestart|p2: the JRL|move: Aurora Veil\n|move|p2a: Diancie|Trick Room|p2a: Diancie\n|-fieldstart|move: Trick Room|[of] p2a: Diancie\n|\n|-weather|Snow|[upkeep]\n|upkeep\n|turn|14\n|inactive|Losconosciuto has 30 seconds left.\n|inactive|the JRL has 180 seconds left.\n|inactive|Losconosciuto has 20 seconds left.\n|inactive|Losconosciuto has 15 seconds left.\n|inactive|Losconosciuto has 10 seconds left.\n|\n|t:|1697821986\n|switch|p1a: Iron Hands|Iron Hands, tera:Water|76\/100\n|move|p2a: Diancie|Diamond Storm|p1b: Landorus|[spread] p1a,p1b\n|-crit|p1a: Iron Hands\n|-damage|p1a: Iron Hands|13\/100\n|-damage|p1b: Landorus|0 fnt\n|-boost|p2a: Diancie|def|2\n|faint|p1b: Landorus\n|move|p2b: Ninetales|Blizzard|p1a: Iron Hands\n|-resisted|p1a: Iron Hands\n|-damage|p1a: Iron Hands|6\/100\n|\n|-weather|Snow|[upkeep]\n|upkeep\n|inactive|Losconosciuto has 15 seconds left this turn.\n|inactive|Losconosciuto has 10 seconds left.\n|inactive|Losconosciuto has 5 seconds left.\n|\n|t:|1697821997\n|switch|p1b: Rillaboom|Rillaboom, M|11\/100\n|-fieldstart|move: Grassy Terrain|[from] ability: Grassy Surge|[of] p1b: Rillaboom\n|turn|15\n|inactive|Losconosciuto has 30 seconds left this turn.\n|inactive|Losconosciuto has 20 seconds left.\n|inactive|Losconosciuto has 15 seconds left.\n|\n|t:|1697822016\n|switch|p1b: Ogerpon|Ogerpon-Hearthflame, F|100\/100\n|-ability|p1b: Ogerpon|Mold Breaker\n|switch|p2b: Iron Hands|Iron Hands|60\/100\n|move|p2a: Diancie|Protect|p2a: Diancie\n|-singleturn|p2a: Diancie|Protect\n|move|p1a: Iron Hands|Fake Out|p2a: Diancie\n|-activate|p2a: Diancie|move: Protect\n|\n|-weather|none\n|-heal|p2b: Iron Hands|66\/100|[from] Grassy Terrain\n|-heal|p2a: Diancie|56\/100|[from] Grassy Terrain\n|-heal|p1a: Iron Hands|12\/100|[from] Grassy Terrain\n|upkeep\n|turn|16\n|inactive|Losconosciuto has 30 seconds left.\n|inactive|the JRL has 210 seconds left.\n|\n|t:|1697822054\n|move|p1b: Ogerpon|Spiky Shield|p1b: Ogerpon\n|-singleturn|p1b: Ogerpon|move: Protect\n|move|p2b: Iron Hands|Fake Out|p1b: Ogerpon\n|-activate|p1b: Ogerpon|move: Protect\n|-damage|p2b: Iron Hands|54\/100|[from] Spiky Shield|[of] p1b: Ogerpon\n|move|p2a: Diancie|Body Press|p1a: Iron Hands\n|-damage|p1a: Iron Hands|0 fnt\n|faint|p1a: Iron Hands\n|-end|p1a: Iron Hands|Quark Drive|[silent]\n|\n|-heal|p2b: Iron Hands|60\/100|[from] Grassy Terrain\n|-heal|p2a: Diancie|63\/100|[from] Grassy Terrain\n|upkeep\n|inactive|Losconosciuto has 30 seconds left this turn.\n|\n|t:|1697822062\n|switch|p1a: Rillaboom|Rillaboom, M|11\/100\n|turn|17\n|\n|t:|1697822072\n|-end|p2b: Iron Hands|Quark Drive|[silent]\n|switch|p2b: Ogerpon|Ogerpon-Wellspring, F|16\/100\n|move|p2a: Diancie|Protect|p2a: Diancie\n|-singleturn|p2a: Diancie|Protect\n|move|p1a: Rillaboom|Fake Out|p2a: Diancie\n|-activate|p2a: Diancie|move: Protect\n|move|p1b: Ogerpon|Swords Dance|p1b: Ogerpon\n|-boost|p1b: Ogerpon|atk|2\n|\n|-heal|p2a: Diancie|69\/100|[from] Grassy Terrain\n|-heal|p1a: Rillaboom|17\/100|[from] Grassy Terrain\n|-heal|p2b: Ogerpon|22\/100|[from] Grassy Terrain\n|-fieldend|move: Trick Room\n|upkeep\n|turn|18\n|inactive|the JRL has 240 seconds left.\n|inactive|Losconosciuto has 60 seconds left.\n|c| pais|hachimaki98\n|c| pais|challa seasons su stours\n|c| pais|ti sta aspectando\n|inactive|the JRL has 210 seconds left.\n|inactive|Losconosciuto has 30 seconds left.\n|\n|t:|1697822114\n|switch|p1a: Chien-Pao|Chien-Pao|100\/100\n|-ability|p1a: Chien-Pao|Sword of Ruin\n|move|p1b: Ogerpon|Spiky Shield|p1b: Ogerpon\n|-singleturn|p1b: Ogerpon|move: Protect\n|move|p2b: Ogerpon|Follow Me|p2b: Ogerpon\n|-singleturn|p2b: Ogerpon|move: Follow Me\n|move|p2a: Diancie|Diamond Storm|p1a: Chien-Pao|[spread] p1a\n|-activate|p1b: Ogerpon|move: Protect\n|-supereffective|p1a: Chien-Pao\n|-enditem|p1a: Chien-Pao|Focus Sash\n|-damage|p1a: Chien-Pao|1\/100\n|\n|-heal|p1a: Chien-Pao|7\/100|[from] Grassy Terrain\n|-heal|p2b: Ogerpon|28\/100|[from] Grassy Terrain\n|-heal|p2a: Diancie|75\/100|[from] Grassy Terrain\n|upkeep\n|turn|19\n|\n|t:|1697822137\n|switch|p2b: Iron Hands|Iron Hands|60\/100\n|move|p2a: Diancie|Protect|p2a: Diancie\n|-singleturn|p2a: Diancie|Protect\n|move|p1a: Chien-Pao|Icicle Crash|p2b: Iron Hands\n|-damage|p2b: Iron Hands|32\/100\n|move|p1b: Ogerpon|Ivy Cudgel|p2a: Diancie\n|-activate|p2a: Diancie|move: Protect\n|\n|-heal|p1a: Chien-Pao|13\/100|[from] Grassy Terrain\n|-heal|p2b: Iron Hands|38\/100|[from] Grassy Terrain\n|-heal|p2a: Diancie|81\/100|[from] Grassy Terrain\n|-fieldend|move: Grassy Terrain\n|upkeep\n|turn|20\n|\n|t:|1697822164\n|move|p1b: Ogerpon|Spiky Shield|p1b: Ogerpon\n|-singleturn|p1b: Ogerpon|move: Protect\n|move|p2b: Iron Hands|Fake Out|p1b: Ogerpon\n|-activate|p1b: Ogerpon|move: Protect\n|-damage|p2b: Iron Hands|26\/100|[from] Spiky Shield|[of] p1b: Ogerpon\n|move|p1a: Chien-Pao|Icicle Crash|p2a: Diancie\n|-supereffective|p2a: Diancie\n|-damage|p2a: Diancie|67\/100\n|cant|p2a: Diancie|flinch\n|\n|-sideend|p2: the JRL|move: Aurora Veil\n|upkeep\n|turn|21\n|inactive|the JRL has 240 seconds left.\n|c| pais|azz\n|inactive|Losconosciuto has 30 seconds left.\n|inactive|Losconosciuto has 20 seconds left.\n|inactive|the JRL has 210 seconds left.\n|\n|t:|1697822219\n|-end|p2b: Iron Hands|Quark Drive|[silent]\n|switch|p2b: Ogerpon|Ogerpon-Wellspring, F|28\/100\n|move|p2a: Diancie|Protect|p2a: Diancie\n|-singleturn|p2a: Diancie|Protect\n|move|p1a: Chien-Pao|Icicle Crash|p2b: Ogerpon\n|-damage|p2b: Ogerpon|0 fnt\n|faint|p2b: Ogerpon\n|move|p1b: Ogerpon|Swords Dance|p1b: Ogerpon\n|-boost|p1b: Ogerpon|atk|2\n|\n|upkeep\n|inactive|Losconosciuto has 25 seconds left this turn.\n|inactive|the JRL has 210 seconds left.\n|\n|t:|1697822230\n|switch|p2b: Iron Hands|Iron Hands|26\/100\n|turn|22\n|inactive|Losconosciuto has 30 seconds left.\n|\n|t:|1697822253\n|move|p2b: Iron Hands|Fake Out|p1b: Ogerpon\n|-damage|p1b: Ogerpon|73\/100\n|move|p1a: Chien-Pao|Icicle Crash|p2a: Diancie\n|-supereffective|p2a: Diancie\n|-damage|p2a: Diancie|47\/100\n|cant|p1b: Ogerpon|flinch\n|move|p2a: Diancie|Trick Room|p2a: Diancie\n|-fieldstart|move: Trick Room|[of] p2a: Diancie\n|\n|upkeep\n|turn|23\n|inactive|the JRL has 240 seconds left.\n|inactive|Losconosciuto has 30 seconds left.\n|inactive|Losconosciuto has 20 seconds left.\n|\n|t:|1697822290\n|move|p1b: Ogerpon|Spiky Shield|p1b: Ogerpon\n|-singleturn|p1b: Ogerpon|move: Protect\n|move|p1a: Chien-Pao|Protect|p1a: Chien-Pao\n|-singleturn|p1a: Chien-Pao|Protect\n|move|p2b: Iron Hands|Wild Charge|p1a: Chien-Pao\n|-activate|p1a: Chien-Pao|move: Protect\n|move|p2a: Diancie|Body Press|p1b: Ogerpon\n|-activate|p1b: Ogerpon|move: Protect\n|-damage|p2a: Diancie|34\/100|[from] Spiky Shield|[of] p1b: Ogerpon\n|\n|upkeep\n|turn|24\n|inactive|the JRL has 240 seconds left.\n|inactive|Losconosciuto has 30 seconds left.\n|l| YlREN\n|inactive|Losconosciuto has 20 seconds left.\n|inactive|Losconosciuto has 15 seconds left.\n|inactive|Losconosciuto has 10 seconds left.\n|\n|t:|1697822327\n|move|p1b: Ogerpon|Spiky Shield|p1b: Ogerpon\n|-singleturn|p1b: Ogerpon|move: Protect\n|move|p1a: Chien-Pao|Sucker Punch|p2a: Diancie\n|-damage|p2a: Diancie|25\/100\n|move|p2a: Diancie|Diamond Storm|p1b: Ogerpon|[spread] p1a\n|-activate|p1b: Ogerpon|move: Protect\n|-supereffective|p1a: Chien-Pao\n|-damage|p1a: Chien-Pao|0 fnt\n|faint|p1a: Chien-Pao\n|move|p2b: Iron Hands|Close Combat|p1b: Ogerpon\n|-activate|p1b: Ogerpon|move: Protect\n|-damage|p2b: Iron Hands|13\/100|[from] Spiky Shield|[of] p1b: Ogerpon\n|\n|upkeep\n|inactive|Losconosciuto has 15 seconds left this turn.\n|inactive|Losconosciuto has 10 seconds left.\n|\n|t:|1697822333\n|switch|p1a: Rillaboom|Rillaboom, M|17\/100\n|-fieldstart|move: Grassy Terrain|[from] ability: Grassy Surge|[of] p1a: Rillaboom\n|turn|25\n|inactive|Losconosciuto has 30 seconds left.\n|j| seasons\n|\n|t:|1697822352\n|-end|p2b: Iron Hands|Quark Drive|[silent]\n|switch|p2b: Chi-Yu|Chi-Yu|100\/100\n|-ability|p2b: Chi-Yu|Beads of Ruin\n|move|p2a: Diancie|Protect|p2a: Diancie\n|-singleturn|p2a: Diancie|Protect\n|move|p1a: Rillaboom|Fake Out|p2a: Diancie\n|-activate|p2a: Diancie|move: Protect\n|move|p1b: Ogerpon|Grassy Glide|p2b: Chi-Yu\n|-resisted|p2b: Chi-Yu\n|-damage|p2b: Chi-Yu|10\/100\n|-enditem|p2b: Chi-Yu|Sitrus Berry|[eat]\n|-heal|p2b: Chi-Yu|35\/100|[from] item: Sitrus Berry\n|\n|-heal|p2a: Diancie|31\/100|[from] Grassy Terrain\n|-heal|p1a: Rillaboom|23\/100|[from] Grassy Terrain\n|-heal|p2b: Chi-Yu|41\/100|[from] Grassy Terrain\n|-heal|p1b: Ogerpon|79\/100|[from] Grassy Terrain\n|upkeep\n|turn|26\n|inactive|the JRL has 270 seconds left.\n|\n|t:|1697822371\n|move|p1b: Ogerpon|Spiky Shield|p1b: Ogerpon\n|-singleturn|p1b: Ogerpon|move: Protect\n|move|p2a: Diancie|Body Press|p1a: Rillaboom\n|-crit|p1a: Rillaboom\n|-damage|p1a: Rillaboom|0 fnt\n|faint|p1a: Rillaboom\n|move|p2b: Chi-Yu|Heat Wave|p1b: Ogerpon\n|-activate|p1b: Ogerpon|move: Protect\n|\n|-heal|p2a: Diancie|37\/100|[from] Grassy Terrain\n|-heal|p2b: Chi-Yu|47\/100|[from] Grassy Terrain\n|-heal|p1b: Ogerpon|85\/100|[from] Grassy Terrain\n|-fieldend|move: Trick Room\n|upkeep\n|turn|27\n|inactive|Losconosciuto has 60 seconds left.\n|\n|t:|1697822402\n|move|p1b: Ogerpon|Ivy Cudgel|p2b: Chi-Yu\n|-resisted|p2b: Chi-Yu\n|-damage|p2b: Chi-Yu|0 fnt\n|faint|p2b: Chi-Yu\n|move|p2a: Diancie|Body Press|p1b: Ogerpon\n|-damage|p1b: Ogerpon|0 fnt\n|faint|p1b: Ogerpon\n|\n|win|the JRL\n|c|\u2606Losconosciuto|gg\n|c|\u2606the JRL|gg\n|c| pais|SPLASH\n|c| pais|andiamo team\n|l| bd1l bongcloud\n","uploadtime":1697822412,"views":122,"p1id":"losconosciuto","p2id":"thejrl","formatid":"gen9doublesou","rating":0,"private":0,"password":""}