{"id":"gen9doublesou-1971773347","p1":"Dabigmurph","p2":"ZileanMaster","format":"[Gen 9] Doubles OU","log":"|j|\u2606Dabigmurph\n|j|\u2606ZileanMaster\n|t:|1697770570\n|gametype|doubles\n|player|p1|Dabigmurph|hiker-gen4|1413\n|player|p2|ZileanMaster|cynthia|1505\n|teamsize|p1|6\n|teamsize|p2|6\n|gen|9\n|tier|[Gen 9] Doubles OU\n|rated|\n|rule|Species Clause: Limit one of each Pok\u00e9mon\n|rule|OHKO Clause: OHKO moves are banned\n|rule|Evasion Moves Clause: Evasion moves are banned\n|rule|Gravity Sleep Clause: The combination of sleep-inducing moves with imperfect accuracy and Gravity or Gigantamax Orbeetle are banned\n|rule|Endless Battle Clause: Forcing endless battles is banned\n|rule|HP Percentage Mod: HP is shown in percentages\n|clearpoke\n|poke|p1|Tornadus, M|\n|poke|p1|Great Tusk|\n|poke|p1|Chi-Yu|\n|poke|p1|Dragonite, F|\n|poke|p1|Flutter Mane|\n|poke|p1|Torkoal, M|\n|poke|p2|Weezing, F|\n|poke|p2|Ogerpon-Hearthflame, F|\n|poke|p2|Iron Bundle|\n|poke|p2|Iron Hands|\n|poke|p2|Indeedee-F, F|\n|poke|p2|Moltres-Galar|\n|teampreview\n|\n|t:|1697770581\n|start\n|switch|p1a: Torkoal|Torkoal, M|100\/100\n|switch|p1b: Flutter Mane|Flutter Mane|100\/100\n|switch|p2a: Weezing|Weezing, F|100\/100\n|switch|p2b: Iron Bundle|Iron Bundle|100\/100\n|-ability|p2a: Weezing|Neutralizing Gas\n|-enditem|p2b: Iron Bundle|Booster Energy\n|-activate|p2b: Iron Bundle|ability: Quark Drive|[fromitem]\n|-start|p2b: Iron Bundle|quarkdrivespe\n|turn|1\n|inactive|Battle timer is ON: inactive players will automatically lose when time's up. (requested by ZileanMaster)\n|inactive|Dabigmurph has 120 seconds left.\n|\n|t:|1697770619\n|move|p2b: Iron Bundle|Freeze-Dry|p1b: Flutter Mane\n|-damage|p1b: Flutter Mane|62\/100\n|move|p1b: Flutter Mane|Moonblast|p2b: Iron Bundle\n|-damage|p2b: Iron Bundle|0 fnt\n|faint|p2b: Iron Bundle\n|-end|p2b: Iron Bundle|Quark Drive|[silent]\n|move|p2a: Weezing|Sludge Bomb|p1a: Torkoal\n|-damage|p1a: Torkoal|66\/100\n|-status|p1a: Torkoal|psn\n|move|p1a: Torkoal|Overheat|p2a: Weezing|[miss]\n|-miss|p1a: Torkoal|p2a: Weezing\n|\n|-damage|p1a: Torkoal|53\/100 psn|[from] psn\n|upkeep\n|\n|t:|1697770644\n|switch|p2b: Iron Hands|Iron Hands|100\/100\n|turn|2\n|\n|t:|1697770650\n|switch|p1a: Dragonite|Dragonite, F|100\/100\n|move|p2b: Iron Hands|Fake Out|p1a: Dragonite\n|-damage|p1a: Dragonite|87\/100\n|move|p1b: Flutter Mane|Moonblast|p2b: Iron Hands\n|-supereffective|p2b: Iron Hands\n|-damage|p2b: Iron Hands|24\/100\n|move|p2a: Weezing|Sludge Bomb|p1b: Flutter Mane\n|-damage|p1b: Flutter Mane|34\/100\n|\n|upkeep\n|turn|3\n|\n|t:|1697770671\n|-end|p1b: Flutter Mane|Protosynthesis|[silent]\n|switch|p1b: Great Tusk|Great Tusk|100\/100\n|move|p1a: Dragonite|Extreme Speed|p2b: Iron Hands\n|-damage|p2b: Iron Hands|0 fnt\n|faint|p2b: Iron Hands\n|-end|p2b: Iron Hands|Quark Drive|[silent]\n|move|p2a: Weezing|Sludge Bomb|p1b: Great Tusk\n|-resisted|p1b: Great Tusk\n|-damage|p1b: Great Tusk|79\/100\n|-status|p1b: Great Tusk|psn\n|\n|-damage|p1b: Great Tusk|67\/100 psn|[from] psn\n|upkeep\n|\n|t:|1697770689\n|switch|p2b: Moltres|Moltres-Galar|100\/100\n|turn|4\n|\n|t:|1697770697\n|move|p1b: Great Tusk|Protect|p1b: Great Tusk\n|-singleturn|p1b: Great Tusk|Protect\n|move|p2b: Moltres|Nasty Plot|p2b: Moltres\n|-boost|p2b: Moltres|spa|2\n|move|p1a: Dragonite|Tailwind|p1a: Dragonite\n|-sidestart|p1: Dabigmurph|move: Tailwind\n|move|p2a: Weezing|Will-O-Wisp|p1a: Dragonite\n|-status|p1a: Dragonite|brn\n|\n|-damage|p1b: Great Tusk|55\/100 psn|[from] psn\n|-damage|p1a: Dragonite|80\/100 brn|[from] brn\n|upkeep\n|turn|5\n|\n|t:|1697770719\n|move|p1a: Dragonite|Helping Hand|p1b: Great Tusk\n|-singleturn|p1b: Great Tusk|Helping Hand|[of] p1a: Dragonite\n|move|p1b: Great Tusk|Earthquake|p2a: Weezing|[spread] p2a\n|-immune|p1a: Dragonite\n|-immune|p2b: Moltres\n|-supereffective|p2a: Weezing\n|-enditem|p2a: Weezing|Shuca Berry|[eat]\n|-enditem|p2a: Weezing|Shuca Berry|[weaken]\n|-damage|p2a: Weezing|27\/100\n|move|p2b: Moltres|Fiery Wrath|p1b: Great Tusk|[spread] p1a,p1b\n|-resisted|p1b: Great Tusk\n|-damage|p1a: Dragonite|41\/100 brn\n|-damage|p1b: Great Tusk|13\/100 psn\n|move|p2a: Weezing|Sludge Bomb|p1a: Dragonite\n|-damage|p1a: Dragonite|23\/100 brn\n|\n|-damage|p1b: Great Tusk|1\/100 psn|[from] psn\n|-damage|p1a: Dragonite|17\/100 brn|[from] brn\n|upkeep\n|turn|6\n|\n|t:|1697770746\n|move|p2b: Moltres|Protect|p2b: Moltres\n|-singleturn|p2b: Moltres|Protect\n|move|p1a: Dragonite|Extreme Speed|p2a: Weezing\n|-damage|p2a: Weezing|14\/100\n|move|p1b: Great Tusk|Knock Off|p2b: Moltres\n|-activate|p2b: Moltres|move: Protect\n|move|p2a: Weezing|Sludge Bomb|p1a: Dragonite\n|-damage|p1a: Dragonite|0 fnt\n|faint|p1a: Dragonite\n|\n|-damage|p1b: Great Tusk|0 fnt|[from] psn\n|faint|p1b: Great Tusk\n|-end|p1b: Great Tusk|Protosynthesis|[silent]\n|upkeep\n|inactive|Dabigmurph has 120 seconds left.\n|\n|t:|1697770766\n|switch|p1b: Tornadus|Tornadus, M|100\/100\n|switch|p1a: Flutter Mane|Flutter Mane|34\/100\n|turn|7\n|\n|t:|1697770778\n|-terastallize|p2b: Moltres|Fairy\n|move|p1a: Flutter Mane|Moonblast|p2b: Moltres\n|-damage|p2b: Moltres|33\/100\n|-enditem|p2b: Moltres|Sitrus Berry|[eat]\n|-heal|p2b: Moltres|58\/100|[from] item: Sitrus Berry\n|move|p1b: Tornadus|Bleakwind Storm|p2b: Moltres|[spread] p2a,p2b\n|-damage|p2a: Weezing|0 fnt\n|-damage|p2b: Moltres|32\/100\n|-unboost|p2b: Moltres|spe|1\n|faint|p2a: Weezing\n|-end|p2a: Weezing|ability: Neutralizing Gas\n|-ability|p2b: Moltres|Berserk|boost\n|-boost|p2b: Moltres|spa|1\n|move|p2b: Moltres|Fiery Wrath|p1b: Tornadus|[spread] p1a,p1b\n|-damage|p1a: Flutter Mane|0 fnt\n|-damage|p1b: Tornadus|22\/100\n|faint|p1a: Flutter Mane\n|-end|p1a: Flutter Mane|Protosynthesis|[silent]\n|\n|-sideend|p1: Dabigmurph|move: Tailwind\n|upkeep\n|\n|t:|1697770796\n|switch|p1a: Torkoal|Torkoal, M|53\/100 psn\n|switch|p2a: Indeedee|Indeedee-F, F|100\/100\n|-fieldstart|move: Psychic Terrain|[from] ability: Psychic Surge|[of] p2a: Indeedee\n|-weather|SunnyDay|[from] ability: Drought|[of] p1a: Torkoal\n|turn|8\n|\n|t:|1697770806\n|move|p2a: Indeedee|Follow Me|p2a: Indeedee\n|-singleturn|p2a: Indeedee|move: Follow Me\n|move|p1b: Tornadus|Tailwind|p1b: Tornadus\n|-sidestart|p1: Dabigmurph|move: Tailwind\n|move|p2b: Moltres|Fiery Wrath|p1a: Torkoal|[spread] p1a,p1b\n|-damage|p1a: Torkoal|0 fnt\n|-damage|p1b: Tornadus|0 fnt\n|faint|p1a: Torkoal\n|faint|p1b: Tornadus\n|\n|-weather|SunnyDay|[upkeep]\n|upkeep\n|\n|t:|1697770813\n|switch|p1b: Chi-Yu|Chi-Yu|100\/100\n|-ability|p1b: Chi-Yu|Beads of Ruin\n|turn|9\n|\n|t:|1697770830\n|-terastallize|p1b: Chi-Yu|Fire\n|move|p2a: Indeedee|Follow Me|p2a: Indeedee\n|-singleturn|p2a: Indeedee|move: Follow Me\n|move|p1b: Chi-Yu|Heat Wave|p2a: Indeedee|[spread] p2a,p2b\n|-damage|p2a: Indeedee|0 fnt\n|-damage|p2b: Moltres|0 fnt\n|faint|p2a: Indeedee\n|faint|p2b: Moltres\n|-damage|p1b: Chi-Yu|91\/100|[from] item: Life Orb\n|\n|-weather|SunnyDay|[upkeep]\n|upkeep\n|\n|t:|1697770840\n|switch|p2a: Ogerpon|Ogerpon-Hearthflame, F|100\/100\n|-ability|p2a: Ogerpon|Mold Breaker\n|turn|10\n|\n|t:|1697770846\n|move|p1b: Chi-Yu|Heat Wave|p2a: Ogerpon\n|-damage|p2a: Ogerpon|0 fnt\n|faint|p2a: Ogerpon\n|-damage|p1b: Chi-Yu|81\/100|[from] item: Life Orb\n|\n|win|Dabigmurph\n|raw|Dabigmurph's rating: 1413 &rarr; <strong>1438<\/strong><br \/>(+25 for winning)\n|raw|ZileanMaster's rating: 1505 &rarr; <strong>1480<\/strong><br \/>(-25 for losing)\n|l|\u2606ZileanMaster\n","uploadtime":1697770861,"views":8,"p1id":"dabigmurph","p2id":"zileanmaster","formatid":"gen9doublesou","rating":1438,"private":0,"password":""}