{"id":"gen9doublesou-1986368662","p1":"epic3xotic","p2":"JoeOnGo","format":"[Gen 9] Doubles OU","log":"|j|\u2606epic3xotic\n|j|\u2606JoeOnGo\n|t:|1699472988\n|gametype|doubles\n|player|p1|epic3xotic|volkner|1027\n|player|p2|JoeOnGo|101|1029\n|teamsize|p1|6\n|teamsize|p2|6\n|gen|9\n|tier|[Gen 9] Doubles OU\n|rated|\n|rule|Species Clause: Limit one of each Pok\u00e9mon\n|rule|OHKO Clause: OHKO moves are banned\n|rule|Evasion Moves Clause: Evasion moves are banned\n|rule|Gravity Sleep Clause: The combination of sleep-inducing moves with imperfect accuracy and Gravity or Gigantamax Orbeetle are banned\n|rule|Endless Battle Clause: Forcing endless battles is banned\n|rule|HP Percentage Mod: HP is shown in percentages\n|clearpoke\n|poke|p1|Fezandipiti, M|\n|poke|p1|Cresselia, F|\n|poke|p1|Sinistcha-Masterpiece|\n|poke|p1|Arcanine-Hisui, F|\n|poke|p1|Zoroark-Hisui, M|\n|poke|p1|Braviary, M|\n|poke|p2|Tyranitar, M|\n|poke|p2|Corviknight, M|\n|poke|p2|Lycanroc, M|\n|poke|p2|Gliscor, M|\n|poke|p2|Sandaconda, F|\n|poke|p2|Krookodile, F|\n|teampreview\n|\n|t:|1699473008\n|start\n|switch|p1a: Cresselia|Cresselia, F, shiny|100\/100\n|switch|p1b: Fezandipiti|Fezandipiti, M|100\/100\n|switch|p2a: Zuki II|Tyranitar, M|100\/100\n|switch|p2b: Beans|Corviknight, M|100\/100\n|-weather|Sandstorm|[from] ability: Sand Stream|[of] p2a: Zuki II\n|turn|1\n|\n|t:|1699473024\n|move|p1a: Cresselia|Helping Hand|p1b: Fezandipiti\n|-singleturn|p1b: Fezandipiti|Helping Hand|[of] p1a: Cresselia\n|move|p1b: Fezandipiti|Icy Wind|p2b: Beans|[spread] p2a,p2b\n|-damage|p2a: Zuki II|94\/100\n|-damage|p2b: Beans|86\/100\n|-unboost|p2a: Zuki II|spe|1\n|-ability|p2b: Beans|Mirror Armor\n|-unboost|p1b: Fezandipiti|spe|1\n|move|p2b: Beans|Tailwind|p2b: Beans\n|-sidestart|p2: JoeOnGo|move: Tailwind\n|move|p2a: Zuki II|Knock Off|p1a: Cresselia\n|-supereffective|p1a: Cresselia\n|-damage|p1a: Cresselia|40\/100\n|-enditem|p1a: Cresselia|Sitrus Berry|[from] move: Knock Off|[of] p2a: Zuki II\n|\n|-weather|Sandstorm|[upkeep]\n|-damage|p1a: Cresselia|34\/100|[from] Sandstorm\n|-damage|p1b: Fezandipiti|95\/100|[from] Sandstorm\n|upkeep\n|turn|2\n|\n|t:|1699473051\n|move|p2b: Beans|U-turn|p1a: Cresselia\n|-supereffective|p1a: Cresselia\n|-damage|p1a: Cresselia|14\/100\n|\n|t:|1699473056\n|switch|p2b: Wendell|Gliscor, M|100\/100|[from] U-turn\n|move|p1a: Cresselia|Lunar Blessing|p1a: Cresselia|[spread] p1a,p1b\n|-heal|p1a: Cresselia|39\/100\n|-heal|p1b: Fezandipiti|100\/100\n|move|p2a: Zuki II|Earthquake|p1a: Cresselia|[spread] p1b\n|-immune|p2b: Wendell\n|-immune|p1a: Cresselia|[from] ability: Levitate\n|-supereffective|p1b: Fezandipiti\n|-damage|p1b: Fezandipiti|46\/100\n|move|p1b: Fezandipiti|Moonblast|p2a: Zuki II\n|-supereffective|p2a: Zuki II\n|-damage|p2a: Zuki II|65\/100\n|-unboost|p2a: Zuki II|spa|1\n|\n|-weather|Sandstorm|[upkeep]\n|-damage|p1a: Cresselia|33\/100|[from] Sandstorm\n|-damage|p1b: Fezandipiti|40\/100|[from] Sandstorm\n|-status|p2b: Wendell|tox|[from] item: Toxic Orb\n|upkeep\n|turn|3\n|\n|t:|1699473124\n|move|p2b: Wendell|Facade|p1b: Fezandipiti\n|-damage|p1b: Fezandipiti|0 fnt\n|faint|p1b: Fezandipiti\n|move|p1a: Cresselia|Lunar Dance|p1a: Cresselia\n|faint|p1a: Cresselia\n|move|p2a: Zuki II|Knock Off|p1: Cresselia|[notarget]\n|-fail|p2a: Zuki II\n|\n|-weather|Sandstorm|[upkeep]\n|upkeep\n|\n|t:|1699473135\n|switch|p1b: Braviary|Braviary, M, shiny|100\/100\n|switch|p1a: Braviary|Braviary, M, shiny|100\/100\n|turn|4\n|\n|t:|1699473155\n|move|p2b: Wendell|Toxic|p1a: Braviary\n|-status|p1a: Braviary|tox\n|move|p1b: Braviary|Will-O-Wisp|p2a: Zuki II\n|-status|p2a: Zuki II|brn\n|move|p1a: Braviary|Tailwind|p1a: Braviary\n|-sidestart|p1: epic3xotic|move: Tailwind\n|move|p2a: Zuki II|Icy Wind|p1b: Braviary|[spread] p1a\n|-miss|p2a: Zuki II|p1b: Braviary\n|-supereffective|p1a: Braviary\n|-damage|p1a: Braviary|87\/100 tox\n|-unboost|p1a: Braviary|spe|1\n|\n|-weather|Sandstorm|[upkeep]\n|-damage|p1b: Braviary|94\/100|[from] Sandstorm\n|-damage|p1a: Braviary|81\/100 tox|[from] Sandstorm\n|-heal|p1b: Braviary|100\/100|[from] item: Leftovers\n|-damage|p1a: Braviary|75\/100 tox|[from] psn\n|-damage|p2a: Zuki II|58\/100 brn|[from] brn\n|-sideend|p2: JoeOnGo|move: Tailwind\n|upkeep\n|turn|5\n|\n|t:|1699473193\n|switch|p2a: Nikki|Sandaconda, F, shiny|100\/100\n|move|p1b: Braviary|Bitter Malice|p2b: Wendell\n|-damage|p2b: Wendell|52\/100 tox\n|-unboost|p2b: Wendell|atk|1\n|move|p1a: Braviary|Iron Head|p2a: Nikki\n|-damage|p2a: Nikki|71\/100\n|move|p2b: Wendell|Facade|p1b: Braviary\n|-immune|p1b: Braviary\n|\n|-weather|Sandstorm|[upkeep]\n|-damage|p1b: Braviary|94\/100|[from] Sandstorm\n|-damage|p1a: Braviary|69\/100 tox|[from] Sandstorm\n|-heal|p1b: Braviary|100\/100|[from] item: Leftovers\n|-damage|p1a: Braviary|57\/100 tox|[from] psn\n|-heal|p2b: Wendell|64\/100 tox|[from] ability: Poison Heal\n|upkeep\n|turn|6\n|\n|t:|1699473213\n|move|p1b: Braviary|Bitter Malice|p2b: Wendell\n|-damage|p2b: Wendell|9\/100 tox\n|-unboost|p2b: Wendell|atk|1\n|move|p1a: Braviary|Iron Head|p2a: Nikki\n|-damage|p2a: Nikki|41\/100\n|move|p2b: Wendell|Dual Wingbeat|p1b: Braviary\n|-damage|p1b: Braviary|87\/100\n|replace|p1b: Zoroark|Zoroark-Hisui, M, shiny\n|-end|p1b: Zoroark|Illusion\n|-damage|p1b: Zoroark|71\/100\n|-hitcount|p1b: Zoroark|2\n|move|p2a: Nikki|Coil|p2a: Nikki\n|-boost|p2a: Nikki|atk|1\n|-boost|p2a: Nikki|def|1\n|-boost|p2a: Nikki|accuracy|1\n|\n|-weather|Sandstorm|[upkeep]\n|-damage|p1b: Zoroark|65\/100|[from] Sandstorm\n|-damage|p1a: Braviary|51\/100 tox|[from] Sandstorm\n|-heal|p1b: Zoroark|71\/100|[from] item: Leftovers\n|-damage|p1a: Braviary|33\/100 tox|[from] psn\n|-heal|p2b: Wendell|22\/100 tox|[from] ability: Poison Heal\n|upkeep\n|turn|7\n|\n|t:|1699473241\n|move|p2b: Wendell|Protect|p2b: Wendell\n|-singleturn|p2b: Wendell|Protect\n|move|p1b: Zoroark|Bitter Malice|p2b: Wendell\n|-activate|p2b: Wendell|move: Protect\n|move|p1a: Braviary|Crush Claw|p2a: Nikki\n|-damage|p2a: Nikki|13\/100\n|move|p2a: Nikki|Rock Slide|p1a: Braviary|[spread] p1a,p1b\n|-supereffective|p1a: Braviary\n|-damage|p1a: Braviary|0 fnt\n|-damage|p1b: Zoroark|24\/100\n|faint|p1a: Braviary\n|\n|-weather|Sandstorm|[upkeep]\n|-damage|p1b: Zoroark|18\/100|[from] Sandstorm\n|-heal|p1b: Zoroark|24\/100|[from] item: Leftovers\n|-heal|p2b: Wendell|34\/100 tox|[from] ability: Poison Heal\n|-sideend|p1: epic3xotic|move: Tailwind\n|upkeep\n|\n|t:|1699473248\n|switch|p1a: Sinistcha|Sinistcha-Masterpiece, shiny|100\/100\n|-heal|p1b: Zoroark|49\/100|[from] ability: Hospitality|[of] p1a: Sinistcha\n|turn|8\n|\n|t:|1699473290\n|move|p2b: Wendell|Protect||[still]\n|-fail|p2b: Wendell\n|move|p1b: Zoroark|Dark Pulse|p2a: Nikki\n|-damage|p2a: Nikki|0 fnt\n|faint|p2a: Nikki\n|move|p1a: Sinistcha|Matcha Gotcha|p2b: Wendell|[miss]\n|-miss|p1a: Sinistcha|p2b: Wendell\n|\n|-weather|none\n|-heal|p1b: Zoroark|55\/100|[from] item: Leftovers\n|-heal|p2b: Wendell|47\/100 tox|[from] ability: Poison Heal\n|upkeep\n|\n|t:|1699473300\n|switch|p2a: Krookodile|Krookodile, F|100\/100\n|turn|9\n|\n|t:|1699473318\n|move|p2a: Krookodile|Helping Hand|p2b: Wendell\n|-singleturn|p2b: Wendell|Helping Hand|[of] p2a: Krookodile\n|move|p1b: Zoroark|Bitter Malice|p2a: Krookodile\n|-resisted|p2a: Krookodile\n|-damage|p2a: Krookodile|75\/100\n|-unboost|p2a: Krookodile|atk|1\n|move|p2b: Wendell|Toxic|p1b: Zoroark|[miss]\n|-miss|p2b: Wendell|p1b: Zoroark\n|move|p1a: Sinistcha|Matcha Gotcha|p2b: Wendell|[spread] p2a,p2b\n|-supereffective|p2a: Krookodile\n|-crit|p2b: Wendell\n|-damage|p2a: Krookodile|0 fnt\n|-damage|p2b: Wendell|0 fnt\n|faint|p2a: Krookodile\n|faint|p2b: Wendell\n|\n|-heal|p1b: Zoroark|61\/100|[from] item: Leftovers\n|upkeep\n|\n|t:|1699473350\n|switch|p2b: Zuki II|Tyranitar, M|58\/100 brn\n|switch|p2a: Awoo|Lycanroc, M, shiny|100\/100\n|-weather|Sandstorm|[from] ability: Sand Stream|[of] p2b: Zuki II\n|turn|10\n|\n|t:|1699473364\n|move|p2a: Awoo|Swords Dance|p2a: Awoo\n|-boost|p2a: Awoo|atk|2\n|move|p1b: Zoroark|Bitter Malice|p2a: Awoo\n|-damage|p2a: Awoo|59\/100\n|-unboost|p2a: Awoo|atk|1\n|move|p1a: Sinistcha|Matcha Gotcha|p2a: Awoo|[spread] p2a,p2b\n|-supereffective|p2a: Awoo\n|-supereffective|p2b: Zuki II\n|-damage|p2a: Awoo|0 fnt\n|-damage|p2b: Zuki II|34\/100 brn\n|faint|p2a: Awoo\n|move|p2b: Zuki II|Knock Off|p1b: Zoroark\n|-supereffective|p1b: Zoroark\n|-crit|p1b: Zoroark\n|-damage|p1b: Zoroark|0 fnt\n|-enditem|p1b: Zoroark|Leftovers|[from] move: Knock Off|[of] p2b: Zuki II\n|faint|p1b: Zoroark\n|\n|-weather|Sandstorm|[upkeep]\n|-damage|p1a: Sinistcha|94\/100|[from] Sandstorm\n|-damage|p2b: Zuki II|28\/100 brn|[from] brn\n|upkeep\n|\n|t:|1699473385\n|switch|p2a: Beans|Corviknight, M|86\/100\n|switch|p1b: Arcanine|Arcanine-Hisui, F, shiny|100\/100\n|-item|p1b: Arcanine|Air Balloon\n|turn|11\n|\n|t:|1699473401\n|-terastallize|p2a: Beans|Dragon\n|move|p1a: Sinistcha|Matcha Gotcha|p2b: Zuki II|[spread] p2a,p2b\n|-resisted|p2a: Beans\n|-supereffective|p2b: Zuki II\n|-damage|p2a: Beans|72\/100\n|-heal|p1a: Sinistcha|100\/100|[from] drain|[of] p2a: Beans\n|-damage|p2b: Zuki II|4\/100 brn\n|move|p1b: Arcanine|Flare Blitz|p2a: Beans\n|-resisted|p2a: Beans\n|-damage|p2a: Beans|56\/100\n|-damage|p1b: Arcanine|84\/100|[from] item: Rocky Helmet|[of] p2a: Beans\n|move|p2a: Beans|Tailwind|p2a: Beans\n|-sidestart|p2: JoeOnGo|move: Tailwind\n|move|p2b: Zuki II|Knock Off|p1a: Sinistcha\n|-supereffective|p1a: Sinistcha\n|-damage|p1a: Sinistcha|52\/100\n|-enditem|p1a: Sinistcha|Heavy-Duty Boots|[from] move: Knock Off|[of] p2b: Zuki II\n|\n|-weather|Sandstorm|[upkeep]\n|-damage|p2a: Beans|50\/100|[from] Sandstorm\n|-damage|p1a: Sinistcha|46\/100|[from] Sandstorm\n|-damage|p2b: Zuki II|0 fnt|[from] brn\n|faint|p2b: Zuki II\n|upkeep\n|turn|12\n|\n|t:|1699473419\n|move|p2a: Beans|Body Press|p1b: Arcanine\n|-supereffective|p1b: Arcanine\n|-damage|p1b: Arcanine|37\/100\n|-enditem|p1b: Arcanine|Air Balloon\n|move|p1a: Sinistcha|Stun Spore|p2a: Beans\n|-status|p2a: Beans|par\n|move|p1b: Arcanine|Head Smash|p2a: Beans\n|-damage|p2a: Beans|14\/100 par\n|-damage|p1b: Arcanine|20\/100|[from] item: Rocky Helmet|[of] p2a: Beans\n|\n|-weather|Sandstorm|[upkeep]\n|-damage|p1a: Sinistcha|40\/100|[from] Sandstorm\n|-damage|p2a: Beans|8\/100 par|[from] Sandstorm\n|upkeep\n|turn|13\n|\n|t:|1699473442\n|move|p1a: Sinistcha|Matcha Gotcha|p2a: Beans|[miss]\n|-miss|p1a: Sinistcha|p2a: Beans\n|move|p1b: Arcanine|Wild Charge|p2a: Beans\n|-resisted|p2a: Beans\n|-damage|p2a: Beans|0 fnt\n|-damage|p1b: Arcanine|4\/100|[from] item: Rocky Helmet|[of] p2a: Beans\n|faint|p2a: Beans\n|\n|win|epic3xotic\n|raw|epic3xotic's rating: 1027 &rarr; <strong>1063<\/strong><br \/>(+36 for winning)\n|raw|JoeOnGo's rating: 1029 &rarr; <strong>1015<\/strong><br \/>(-14 for losing)\n|l|\u2606JoeOnGo\n","uploadtime":1699473469,"views":44,"p1id":"epic3xotic","p2id":"joeongo","formatid":"gen9doublesou","rating":1015,"private":0,"password":""}