{"id":"gen9doublesou-1987540994","p1":"sheepbunny1008","p2":"test 99 ou","format":"[Gen 9] Doubles OU","log":"|j|\u2606sheepbunny1008\n|j|\u2606test 99 ou\n|t:|1699609135\n|gametype|doubles\n|player|p1|sheepbunny1008|cynthia-masters2|1514\n|player|p2|test 99 ou|lady|1613\n|teamsize|p1|6\n|teamsize|p2|6\n|gen|9\n|tier|[Gen 9] Doubles OU\n|rated|\n|rule|Species Clause: Limit one of each Pok\u00e9mon\n|rule|OHKO Clause: OHKO moves are banned\n|rule|Evasion Moves Clause: Evasion moves are banned\n|rule|Gravity Sleep Clause: The combination of sleep-inducing moves with imperfect accuracy and Gravity or Gigantamax Orbeetle are banned\n|rule|Endless Battle Clause: Forcing endless battles is banned\n|rule|HP Percentage Mod: HP is shown in percentages\n|clearpoke\n|poke|p1|Chien-Pao|\n|poke|p1|Iron Hands|\n|poke|p1|Cresselia, F|\n|poke|p1|Sinistcha|\n|poke|p1|Ursaluna-Bloodmoon, M|\n|poke|p1|Grimmsnarl, M|\n|poke|p2|Tornadus, M|\n|poke|p2|Flutter Mane|\n|poke|p2|Landorus-Therian, M|\n|poke|p2|Chi-Yu|\n|poke|p2|Iron Hands|\n|poke|p2|Ursaluna-Bloodmoon, M|\n|teampreview\n|inactive|Battle timer is ON: inactive players will automatically lose when time's up. (requested by sheepbunny1008)\n|inactive|sheepbunny1008 has 120 seconds left.\n|\n|t:|1699609177\n|start\n|switch|p1a: Chien-Pao|Chien-Pao|100\/100\n|switch|p1b: Iron Hands|Iron Hands|100\/100\n|switch|p2a: Ursaluna|Ursaluna-Bloodmoon, M|100\/100\n|switch|p2b: Chi-Yu|Chi-Yu|100\/100\n|-ability|p1a: Chien-Pao|Sword of Ruin\n|-ability|p2b: Chi-Yu|Beads of Ruin\n|-enditem|p1b: Iron Hands|Booster Energy\n|-activate|p1b: Iron Hands|ability: Quark Drive|[fromitem]\n|-start|p1b: Iron Hands|quarkdriveatk\n|turn|1\n|\n|t:|1699609196\n|-terastallize|p2b: Chi-Yu|Ghost\n|move|p1b: Iron Hands|Fake Out|p2b: Chi-Yu\n|-immune|p2b: Chi-Yu\n|move|p1a: Chien-Pao|Ice Spinner|p2a: Ursaluna\n|-supereffective|p2a: Ursaluna\n|-damage|p2a: Ursaluna|0 fnt\n|faint|p2a: Ursaluna\n|-damage|p1a: Chien-Pao|91\/100|[from] item: Life Orb\n|move|p2b: Chi-Yu|Heat Wave|p1a: Chien-Pao|[spread] p1a,p1b\n|-supereffective|p1a: Chien-Pao\n|-crit|p1b: Iron Hands\n|-damage|p1a: Chien-Pao|0 fnt\n|-damage|p1b: Iron Hands|0 fnt\n|faint|p1a: Chien-Pao\n|faint|p1b: Iron Hands\n|-end|p1b: Iron Hands|Quark Drive|[silent]\n|\n|upkeep\n|c|\u2606sheepbunny1008|Alr damn\n|\n|t:|1699609215\n|switch|p1a: Cresselia|Cresselia, F|100\/100\n|switch|p2a: Flutter Mane|Flutter Mane|100\/100\n|switch|p1b: Grimmsnarl|Grimmsnarl, M|100\/100\n|-enditem|p2a: Flutter Mane|Booster Energy\n|-activate|p2a: Flutter Mane|ability: Protosynthesis|[fromitem]\n|-start|p2a: Flutter Mane|protosynthesisspe\n|turn|2\n|c|\u2606test 99 ou|gtotcha\n|\n|t:|1699609224\n|move|p1b: Grimmsnarl|Light Screen|p1b: Grimmsnarl\n|-sidestart|p1: sheepbunny1008|move: Light Screen\n|move|p2a: Flutter Mane|Shadow Ball|p1a: Cresselia\n|-supereffective|p1a: Cresselia\n|-damage|p1a: Cresselia|68\/100\n|move|p2b: Chi-Yu|Heat Wave|p1b: Grimmsnarl|[spread] p1a,p1b\n|-damage|p1a: Cresselia|44\/100\n|-damage|p1b: Grimmsnarl|65\/100\n|move|p1a: Cresselia|Trick Room|p1a: Cresselia\n|-fieldstart|move: Trick Room|[of] p1a: Cresselia\n|\n|upkeep\n|turn|3\n|\n|t:|1699609238\n|move|p1b: Grimmsnarl|Play Rough|p2a: Flutter Mane\n|-damage|p2a: Flutter Mane|48\/100\n|move|p1a: Cresselia|Lunar Blessing|p1a: Cresselia|[spread] p1a,p1b\n|-heal|p1a: Cresselia|69\/100\n|-heal|p1b: Grimmsnarl|90\/100\n|move|p2b: Chi-Yu|Heat Wave|p1a: Cresselia|[spread] p1a,p1b\n|-damage|p1a: Cresselia|46\/100\n|-damage|p1b: Grimmsnarl|50\/100\n|move|p2a: Flutter Mane|Shadow Ball|p1a: Cresselia\n|-supereffective|p1a: Cresselia\n|-damage|p1a: Cresselia|14\/100\n|-unboost|p1a: Cresselia|spd|1\n|\n|upkeep\n|turn|4\n|c|\u2606sheepbunny1008|Specs chiyu is insane\n|c|\u2606test 99 ou|yes\n|c|\u2606test 99 ou|it is\n|c|\u2606test 99 ou|and this is modest\n|inactive|sheepbunny1008 has 120 seconds left.\n|inactive|test 99 ou has 120 seconds left.\n|c|\u2606sheepbunny1008|Jesus Christ are you trying murder someone \ud83d\ude2d\n|\n|t:|1699609288\n|move|p1a: Cresselia|Helping Hand|p1b: Grimmsnarl\n|-singleturn|p1b: Grimmsnarl|Helping Hand|[of] p1a: Cresselia\n|move|p1b: Grimmsnarl|Play Rough|p2b: Chi-Yu\n|-damage|p2b: Chi-Yu|14\/100\n|move|p2b: Chi-Yu|Heat Wave|p1a: Cresselia|[spread] p1a,p1b\n|-damage|p1a: Cresselia|0 fnt\n|-damage|p1b: Grimmsnarl|13\/100\n|faint|p1a: Cresselia\n|move|p2a: Flutter Mane|Dazzling Gleam|p1b: Grimmsnarl\n|-supereffective|p1b: Grimmsnarl\n|-crit|p1b: Grimmsnarl\n|-damage|p1b: Grimmsnarl|0 fnt\n|faint|p1b: Grimmsnarl\n|\n|upkeep\n|c|\u2606test 99 ou|i am trying to murder everyone\n|\n|t:|1699609297\n|switch|p1b: Ursaluna|Ursaluna-Bloodmoon, M|100\/100\n|switch|p1a: Sinistcha|Sinistcha|100\/100\n|turn|5\n|inactive|sheepbunny1008 has 120 seconds left.\n|c|\u2606test 99 ou|and it is surprisingly tanky too\n|c|\u2606test 99 ou|like take a look at its stats\n|inactive|test 99 ou has 120 seconds left.\n|c|\u2606sheepbunny1008|I used to run overheat specs chiyu in singles when it was legal\n|c|\u2606sheepbunny1008|It didn't care if you resisted\n|c|\u2606sheepbunny1008|You died\n|\n|t:|1699609333\n|switch|p2b: Landorus|Landorus-Therian, M|100\/100\n|-ability|p2b: Landorus|Intimidate|boost\n|-unboost|p1a: Sinistcha|atk|1\n|-unboost|p1b: Ursaluna|atk|1\n|move|p2a: Flutter Mane|Protect|p2a: Flutter Mane\n|-singleturn|p2a: Flutter Mane|Protect\n|move|p1b: Ursaluna|Hyper Voice|p2a: Flutter Mane|[spread] p2b\n|-activate|p2a: Flutter Mane|move: Protect\n|-damage|p2b: Landorus|59\/100\n|-enditem|p1b: Ursaluna|Throat Spray\n|-boost|p1b: Ursaluna|spa|1|[from] item: Throat Spray\n|move|p1a: Sinistcha|Shadow Ball|p2a: Flutter Mane\n|-activate|p2a: Flutter Mane|move: Protect\n|\n|upkeep\n|turn|6\n|c|\u2606sheepbunny1008|Also it's amazing special defensively ngl\n|c|\u2606sheepbunny1008|!dt chiyu\n|raw|<div class=\"message\"><ul class=\"utilichart\"><li class=\"result\"><span class=\"col numcol\">DOU<\/span> <span class=\"col iconcol\"><psicon pokemon=\"chiyu\"\/><\/span> <span class=\"col pokemonnamecol\" style=\"white-space:nowrap\"><a href=\"https:\/\/dex.pokemonshowdown.com\/pokemon\/chiyu\" target=\"_blank\">Chi-Yu<\/a><\/span> <span class=\"col typecol\"><img src=\"https:\/\/play.pokemonshowdown.com\/sprites\/types\/Dark.png\" alt=\"Dark\" height=\"14\" width=\"32\"><img src=\"https:\/\/play.pokemonshowdown.com\/sprites\/types\/Fire.png\" alt=\"Fire\" height=\"14\" width=\"32\"><\/span> <span style=\"float:left;min-height:26px\"><span class=\"col abilitycol\">Beads of Ruin<\/span><span class=\"col abilitycol\"><\/span><\/span><span style=\"float:left;min-height:26px\"><span class=\"col statcol\"><em>HP<\/em><br \/>55<\/span> <span class=\"col statcol\"><em>Atk<\/em><br \/>80<\/span> <span class=\"col statcol\"><em>Def<\/em><br \/>80<\/span> <span class=\"col statcol\"><em>SpA<\/em><br \/>135<\/span> <span class=\"col statcol\"><em>SpD<\/em><br \/>120<\/span> <span class=\"col statcol\"><em>Spe<\/em><br \/>100<\/span> <span class=\"col bstcol\"><em>BST<br \/>570<\/em><\/span> <\/span><\/li><li style=\"clear:both\"><\/li><\/ul><\/div>\n|raw|<font size=\"1\"><font color=\"#686868\">Dex#:<\/font> 1004&nbsp;|&ThickSpace;<font color=\"#686868\">Gen:<\/font> 9&nbsp;|&ThickSpace;<font color=\"#686868\">Height:<\/font> 0.4 m&nbsp;|&ThickSpace;<font color=\"#686868\">Weight:<\/font> 4.9 kg <em>(20 BP)<\/em>&nbsp;|&ThickSpace;<font color=\"#686868\">Dex Colour:<\/font> Red&nbsp;|&ThickSpace;<font color=\"#686868\">Egg Group(s):<\/font> Undiscovered&nbsp;|&ThickSpace;<font color=\"#686868\">Does Not Evolve<\/font><\/font>\n\n|inactive|test 99 ou has 120 seconds left.\n|c|\u2606sheepbunny1008|Mans insane\n|c|\u2606test 99 ou|yea\n|inactive|sheepbunny1008 has 120 seconds left.\n|\n|t:|1699609361\n|-end|p2a: Flutter Mane|Protosynthesis|[silent]\n|switch|p2a: Iron Hands|Iron Hands|100\/100\n|move|p2b: Landorus|Protect|p2b: Landorus\n|-singleturn|p2b: Landorus|Protect\n|move|p1b: Ursaluna|Hyper Voice|p2a: Iron Hands|[spread] p2a\n|-activate|p2b: Landorus|move: Protect\n|-damage|p2a: Iron Hands|63\/100\n|move|p1a: Sinistcha|Matcha Gotcha|p2b: Landorus|[spread] p2a\n|-activate|p2b: Landorus|move: Protect\n|-damage|p2a: Iron Hands|43\/100\n|\n|-fieldend|move: Trick Room\n|upkeep\n|turn|7\n|c|\u2606test 99 ou|and 80 phys def is not bad either\n|c|\u2606sheepbunny1008|Yeah\n|c|\u2606sheepbunny1008|55 hp kinda sucks tho\n|inactive|test 99 ou has 120 seconds left.\n|\n|t:|1699609387\n|move|p1b: Ursaluna|Protect|p1b: Ursaluna\n|-singleturn|p1b: Ursaluna|Protect\n|move|p2b: Landorus|Stomping Tantrum|p1b: Ursaluna\n|-activate|p1b: Ursaluna|move: Protect\n|move|p2a: Iron Hands|Close Combat|p1b: Ursaluna\n|-activate|p1b: Ursaluna|move: Protect\n|move|p1a: Sinistcha|Trick Room|p1a: Sinistcha\n|-fieldstart|move: Trick Room|[of] p1a: Sinistcha\n|\n|upkeep\n|turn|8\n|c|\u2606test 99 ou|nice turn\n|\n|t:|1699609402\n|move|p2b: Landorus|Protect|p2b: Landorus\n|-singleturn|p2b: Landorus|Protect\n|move|p1b: Ursaluna|Hyper Voice|p2a: Iron Hands|[spread] p2a\n|-activate|p2b: Landorus|move: Protect\n|-damage|p2a: Iron Hands|4\/100\n|move|p1a: Sinistcha|Matcha Gotcha|p2a: Iron Hands|[spread] p2a\n|-activate|p2b: Landorus|move: Protect\n|-crit|p2a: Iron Hands\n|-damage|p2a: Iron Hands|0 fnt\n|faint|p2a: Iron Hands\n|-end|p2a: Iron Hands|Quark Drive|[silent]\n|\n|upkeep\n|c|\u2606sheepbunny1008|Agreed\n|\n|t:|1699609412\n|switch|p2a: Tornadus|Tornadus, M|100\/100\n|turn|9\n|\n|t:|1699609422\n|move|p2a: Tornadus|Protect|p2a: Tornadus\n|-singleturn|p2a: Tornadus|Protect\n|move|p1b: Ursaluna|Hyper Voice|p2a: Tornadus|[spread] p2b\n|-activate|p2a: Tornadus|move: Protect\n|-damage|p2b: Landorus|0 fnt\n|faint|p2b: Landorus\n|move|p1a: Sinistcha|Matcha Gotcha|p2a: Tornadus\n|-activate|p2a: Tornadus|move: Protect\n|\n|-sideend|p1: sheepbunny1008|move: Light Screen\n|upkeep\n|c|\u2606test 99 ou|i mean i was stupid but like\n|\n|t:|1699609431\n|switch|p2b: Flutter Mane|Flutter Mane|48\/100\n|turn|10\n|c|\u2606sheepbunny1008|Hehe\n|\n|t:|1699609459\n|move|p2a: Tornadus|Taunt|p1a: Sinistcha\n|-start|p1a: Sinistcha|move: Taunt\n|move|p1b: Ursaluna|Blood Moon|p2a: Tornadus\n|-damage|p2a: Tornadus|0 fnt\n|faint|p2a: Tornadus\n|cant|p1a: Sinistcha|move: Taunt|Calm Mind\n|move|p2b: Flutter Mane|Shadow Ball|p1a: Sinistcha\n|-supereffective|p1a: Sinistcha\n|-damage|p1a: Sinistcha|10\/100\n|\n|-heal|p1a: Sinistcha|16\/100|[from] item: Leftovers\n|upkeep\n|\n|t:|1699609467\n|switch|p2a: Chi-Yu|Chi-Yu, tera:Ghost|14\/100\n|-ability|p2a: Chi-Yu|Beads of Ruin\n|turn|11\n|c|\u2606sheepbunny1008|Damn how'd I live\n|\n|t:|1699609478\n|move|p2b: Flutter Mane|Protect|p2b: Flutter Mane\n|-singleturn|p2b: Flutter Mane|Protect\n|move|p1b: Ursaluna|Hyper Voice|p2b: Flutter Mane|[spread] p2a\n|-activate|p2b: Flutter Mane|move: Protect\n|-damage|p2a: Chi-Yu|0 fnt\n|faint|p2a: Chi-Yu\n|move|p1a: Sinistcha|Shadow Ball|p2b: Flutter Mane\n|-activate|p2b: Flutter Mane|move: Protect\n|\n|-heal|p1a: Sinistcha|22\/100|[from] item: Leftovers\n|-fieldend|move: Trick Room\n|upkeep\n|turn|12\n|c|\u2606test 99 ou|idk\n|\n|t:|1699609491\n|move|p2b: Flutter Mane|Moonblast|p1b: Ursaluna\n|-damage|p1b: Ursaluna|56\/100\n|move|p1a: Sinistcha|Shadow Ball|p2b: Flutter Mane\n|-supereffective|p2b: Flutter Mane\n|-damage|p2b: Flutter Mane|0 fnt\n|faint|p2b: Flutter Mane\n|-end|p2b: Flutter Mane|Protosynthesis|[silent]\n|\n|win|sheepbunny1008\n|raw|sheepbunny1008's rating: 1514 &rarr; <strong>1540<\/strong><br \/>(+26 for winning)\n|raw|test 99 ou's rating: 1613 &rarr; <strong>1587<\/strong><br \/>(-26 for losing)\n","uploadtime":1699609293,"views":9,"p1id":"sheepbunny1008","p2id":"test99ou","formatid":"gen9doublesou","rating":1540,"private":0,"password":""}