{"id":"gen9doublesou-1994361911","p1":"its-sam87","p2":"carambolo","format":"[Gen 9] Doubles OU","log":"|j|\u2606its-sam87\n|j|\u2606carambolo\n|t:|1700435235\n|gametype|doubles\n|player|p1|its-sam87|acetrainer-gen2|1487\n|player|p2|carambolo|265|1468\n|teamsize|p1|6\n|teamsize|p2|6\n|gen|9\n|tier|[Gen 9] Doubles OU\n|rated|\n|rule|Species Clause: Limit one of each Pok\u00e9mon\n|rule|OHKO Clause: OHKO moves are banned\n|rule|Evasion Moves Clause: Evasion moves are banned\n|rule|Gravity Sleep Clause: The combination of sleep-inducing moves with imperfect accuracy and Gravity or Gigantamax Orbeetle are banned\n|rule|Endless Battle Clause: Forcing endless battles is banned\n|rule|HP Percentage Mod: HP is shown in percentages\n|clearpoke\n|poke|p1|Tornadus, M|\n|poke|p1|Amoonguss, M|\n|poke|p1|Basculegion-F, F|\n|poke|p1|Pelipper, F|\n|poke|p1|Palafin, M|\n|poke|p1|Regieleki|\n|poke|p2|Spiritomb, M|\n|poke|p2|Gastrodon, M|\n|poke|p2|Kingambit, M|\n|poke|p2|Hatterene, F|\n|poke|p2|Armarouge, F|\n|poke|p2|Kommo-o, F|\n|teampreview\n|inactive|Battle timer is ON: inactive players will automatically lose when time's up. (requested by its-sam87)\n|\n|t:|1700435264\n|start\n|switch|p1a: Tornadus|Tornadus, M, shiny|100\/100\n|switch|p1b: Regieleki|Regieleki, shiny|100\/100\n|switch|p2a: Spektro|Spiritomb, M|100\/100\n|switch|p2b: Gre\u00f1as|Hatterene, F|100\/100\n|-ability|p2a: Spektro|Pressure\n|turn|1\n|\n|t:|1700435285\n|move|p1a: Tornadus|Rain Dance|p1a: Tornadus\n|-weather|RainDance\n|move|p1b: Regieleki|Thunder|p2b: Gre\u00f1as\n|-damage|p2b: Gre\u00f1as|18\/100\n|move|p2b: Gre\u00f1as|Dazzling Gleam|p1b: Regieleki|[spread] p1a,p1b\n|-damage|p1a: Tornadus|66\/100\n|-damage|p1b: Regieleki|40\/100\n|move|p2a: Spektro|Trick Room|p2a: Spektro\n|-fieldstart|move: Trick Room|[of] p2a: Spektro\n|\n|-weather|RainDance|[upkeep]\n|upkeep\n|turn|2\n|\n|t:|1700435301\n|move|p2b: Gre\u00f1as|Dazzling Gleam|p1b: Regieleki|[spread] p1a,p1b\n|-damage|p1a: Tornadus|30\/100\n|-damage|p1b: Regieleki|0 fnt\n|faint|p1b: Regieleki\n|move|p2a: Spektro|Snarl|p1a: Tornadus\n|-damage|p1a: Tornadus|7\/100\n|move|p1a: Tornadus|Bleakwind Storm|p2a: Spektro|[spread] p2a,p2b\n|-damage|p2a: Spektro|70\/100\n|-damage|p2b: Gre\u00f1as|0 fnt\n|faint|p2b: Gre\u00f1as\n|\n|-weather|RainDance|[upkeep]\n|-heal|p2a: Spektro|76\/100|[from] item: Leftovers\n|upkeep\n|\n|t:|1700435325\n|switch|p2b: Bigotes|Kingambit, M|100\/100\n|switch|p1b: Amoonguss|Amoonguss, M, shiny|100\/100\n|turn|3\n|\n|t:|1700435343\n|move|p1a: Tornadus|Tailwind|p1a: Tornadus\n|-sidestart|p1: its-sam87|move: Tailwind\n|move|p2a: Spektro|Snarl|p1a: Tornadus|[spread] p1a,p1b\n|-damage|p1a: Tornadus|0 fnt\n|-damage|p1b: Amoonguss|89\/100\n|-unboost|p1b: Amoonguss|spa|1\n|faint|p1a: Tornadus\n|move|p2b: Bigotes|Kowtow Cleave|p1b: Amoonguss\n|-damage|p1b: Amoonguss|50\/100\n|-damage|p2b: Bigotes|84\/100|[from] item: Rocky Helmet|[of] p1b: Amoonguss\n|move|p1b: Amoonguss|Spore|p2b: Bigotes\n|-status|p2b: Bigotes|slp|[from] move: Spore\n|\n|-weather|RainDance|[upkeep]\n|-heal|p2a: Spektro|82\/100|[from] item: Leftovers\n|upkeep\n|\n|t:|1700435356\n|switch|p1a: Palafin|Palafin, M|100\/100\n|turn|4\n|\n|t:|1700435370\n|switch|p2a: Kommo-o|Kommo-o, F|100\/100\n|switch|p2b: Trujo|Gastrodon, M|100\/100\n|detailschange|p1a: Palafin|Palafin-Hero, M\n|switch|p1a: Pelipper|Pelipper, F, shiny|100\/100\n|move|p1b: Amoonguss|Spore|p2a: Kommo-o\n|-immune|p2a: Kommo-o|[from] ability: Overcoat\n|\n|-weather|RainDance|[upkeep]\n|upkeep\n|turn|5\n|\n|t:|1700435395\n|switch|p2b: Bigotes|Kingambit, M|84\/100 slp\n|switch|p1a: Palafin|Palafin-Hero, M|100\/100\n|-activate|p1a: Palafin|ability: Zero to Hero\n|-terastallize|p2a: Kommo-o|Steel\n|move|p1b: Amoonguss|Spore|p2b: Bigotes\n|-fail|p2b: Bigotes|slp\n|move|p2a: Kommo-o|Clangorous Soul|p2a: Kommo-o\n|-boost|p2a: Kommo-o|atk|1\n|-boost|p2a: Kommo-o|def|1\n|-boost|p2a: Kommo-o|spa|1\n|-boost|p2a: Kommo-o|spd|1\n|-boost|p2a: Kommo-o|spe|1\n|-damage|p2a: Kommo-o|68\/100\n|\n|-weather|none\n|-fieldend|move: Trick Room\n|upkeep\n|turn|6\n|\n|t:|1700435422\n|switch|p2b: Trujo|Gastrodon, M|100\/100\n|move|p1a: Palafin|Drain Punch|p2b: Trujo\n|-damage|p2b: Trujo|41\/100\n|move|p2a: Kommo-o|Drain Punch|p1a: Palafin\n|-damage|p1a: Palafin|51\/100\n|-heal|p2a: Kommo-o|100\/100|[from] drain|[of] p1a: Palafin\n|move|p1b: Amoonguss|Pollen Puff|p1a: Palafin\n|-heal|p1a: Palafin|100\/100\n|\n|-sideend|p1: its-sam87|move: Tailwind\n|upkeep\n|turn|7\n|inactive|carambolo has 120 seconds left.\n|\n|t:|1700435455\n|switch|p2a: Spektro|Spiritomb, M|82\/100\n|-ability|p2a: Spektro|Pressure\n|move|p1a: Palafin|Drain Punch|p2a: Spektro\n|-immune|p2a: Spektro\n|move|p2b: Trujo|Earth Power|p1b: Amoonguss\n|-damage|p1b: Amoonguss|16\/100\n|-unboost|p1b: Amoonguss|spd|1\n|-heal|p2b: Trujo|46\/100|[from] item: Shell Bell|[of] p1b: Amoonguss\n|move|p1b: Amoonguss|Pollen Puff|p1a: Palafin\n|-immune|p1a: Palafin\n|\n|-heal|p2a: Spektro|88\/100|[from] item: Leftovers\n|upkeep\n|turn|8\n|inactive|carambolo has 120 seconds left.\n|\n|t:|1700435492\n|move|p1a: Palafin|Drain Punch|p2b: Trujo\n|-damage|p2b: Trujo|0 fnt\n|faint|p2b: Trujo\n|move|p2a: Spektro|Snarl|p1a: Palafin|[spread] p1a,p1b\n|-damage|p1a: Palafin|86\/100\n|-damage|p1b: Amoonguss|0 fnt\n|-unboost|p1a: Palafin|spa|1\n|faint|p1b: Amoonguss\n|\n|-heal|p2a: Spektro|94\/100|[from] item: Leftovers\n|upkeep\n|\n|t:|1700435505\n|switch|p2b: Braza|Armarouge, F|100\/100\n|switch|p1b: Basculegion|Basculegion-F, F|100\/100\n|turn|9\n|\n|t:|1700435514\n|switch|p1a: Pelipper|Pelipper, F, shiny|100\/100\n|-weather|RainDance|[from] ability: Drizzle|[of] p1a: Pelipper\n|move|p1b: Basculegion|Last Respects|p2a: Spektro\n|-damage|p2a: Spektro|0 fnt\n|faint|p2a: Spektro\n|move|p2b: Braza|Trick Room|p2b: Braza\n|-fieldstart|move: Trick Room|[of] p2b: Braza\n|\n|-weather|RainDance|[upkeep]\n|upkeep\n|\n|t:|1700435527\n|switch|p2a: Bigotes|Kingambit, M|84\/100 slp\n|turn|10\n|j| NinjaSnapple\n|l| NinjaSnapple\n|\n|t:|1700435537\n|cant|p2a: Bigotes|slp\n|move|p1a: Pelipper|Hydro Pump|p2b: Braza\n|-supereffective|p2b: Braza\n|-damage|p2b: Braza|0 fnt\n|faint|p2b: Braza\n|move|p1b: Basculegion|Wave Crash|p2a: Bigotes\n|-damage|p2a: Bigotes|31\/100 slp\n|-damage|p1b: Basculegion|82\/100|[from] Recoil\n|\n|-weather|RainDance|[upkeep]\n|upkeep\n|\n|t:|1700435549\n|switch|p2b: Kommo-o|Kommo-o, F, tera:Steel|100\/100\n|turn|11\n|\n|t:|1700435567\n|cant|p2a: Bigotes|slp\n|move|p1a: Pelipper|Hydro Pump|p2a: Bigotes\n|-crit|p2a: Bigotes\n|-damage|p2a: Bigotes|0 fnt\n|faint|p2a: Bigotes\n|move|p2b: Kommo-o|Dragon Claw|p1b: Basculegion\n|-damage|p1b: Basculegion|28\/100\n|move|p1b: Basculegion|Last Respects|p2b: Kommo-o\n|-crit|p2b: Kommo-o\n|-damage|p2b: Kommo-o|0 fnt\n|faint|p2b: Kommo-o\n|\n|win|its-sam87\n|raw|its-sam87's rating: 1487 &rarr; <strong>1506<\/strong><br \/>(+19 for winning)\n|raw|carambolo's rating: 1468 &rarr; <strong>1449<\/strong><br \/>(-19 for losing)\n|c|\u2606its-sam87|gg\n|l|\u2606carambolo\n","uploadtime":1700435582,"views":9,"p1id":"itssam87","p2id":"carambolo","formatid":"gen9doublesou","rating":1449,"private":0,"password":""}