{"id":"gen9doublesou-1977717684","p1":"Kongojongo","p2":"DragonLordo9","format":"[Gen 9] Doubles OU","log":"|j|\u2606Kongojongo\n|j|\u2606DragonLordo9\n|t:|1698441738\n|gametype|doubles\n|player|p1|Kongojongo|harlequin|1145\n|player|p2|DragonLordo9|101|1105\n|teamsize|p1|6\n|teamsize|p2|6\n|gen|9\n|tier|[Gen 9] Doubles OU\n|rated|\n|rule|Species Clause: Limit one of each Pok\u00e9mon\n|rule|OHKO Clause: OHKO moves are banned\n|rule|Evasion Moves Clause: Evasion moves are banned\n|rule|Gravity Sleep Clause: The combination of sleep-inducing moves with imperfect accuracy and Gravity or Gigantamax Orbeetle are banned\n|rule|Endless Battle Clause: Forcing endless battles is banned\n|rule|HP Percentage Mod: HP is shown in percentages\n|clearpoke\n|poke|p1|Ogerpon-Hearthflame, F|\n|poke|p1|Ursaluna-Bloodmoon, M|\n|poke|p1|Cramorant, F|\n|poke|p1|Gastrodon-East, M|\n|poke|p1|Iron Hands|\n|poke|p1|Toxapex, F|\n|poke|p2|Iron Moth|\n|poke|p2|Scovillain, F|\n|poke|p2|Ninetales, F|\n|poke|p2|Pawmot, M|\n|poke|p2|Brute Bonnet|\n|poke|p2|Great Tusk|\n|teampreview\n|inactive|Battle timer is ON: inactive players will automatically lose when time's up. (requested by DragonLordo9)\n|\n|t:|1698441758\n|start\n|switch|p1a: Surfin Bird|Cramorant, F|100\/100\n|switch|p1b: Blumby|Gastrodon-East, M|100\/100\n|switch|p2a: Ninetales|Ninetales, F|100\/100\n|switch|p2b: Great Tusk|Great Tusk|100\/100\n|-weather|SunnyDay|[from] ability: Drought|[of] p2a: Ninetales\n|-activate|p2b: Great Tusk|ability: Protosynthesis\n|-start|p2b: Great Tusk|protosynthesisatk\n|turn|1\n|\n|t:|1698441786\n|switch|p1b: Slappems|Iron Hands|100\/100\n|-enditem|p1b: Slappems|Booster Energy\n|-activate|p1b: Slappems|ability: Quark Drive|[fromitem]\n|-start|p1b: Slappems|quarkdriveatk\n|move|p2a: Ninetales|Solar Beam||[still]\n|-prepare|p2a: Ninetales|Solar Beam\n|-anim|p2a: Ninetales|Solar Beam|p1b: Slappems\n|-damage|p1b: Slappems|78\/100\n|move|p2b: Great Tusk|Rapid Spin|p1a: Surfin Bird\n|-damage|p1a: Surfin Bird|48\/100\n|-boost|p2b: Great Tusk|spe|1\n|move|p1a: Surfin Bird|Chilling Water|p2b: Great Tusk\n|-supereffective|p2b: Great Tusk\n|-damage|p2b: Great Tusk|76\/100\n|-unboost|p2b: Great Tusk|atk|1\n|\n|-weather|SunnyDay|[upkeep]\n|-heal|p2b: Great Tusk|82\/100|[from] item: Leftovers\n|upkeep\n|turn|2\n|inactive|Kongojongo has 120 seconds left.\n|inactive|DragonLordo9 has 120 seconds left.\n|\n|t:|1698441838\n|-end|p2b: Great Tusk|Protosynthesis|[silent]\n|switch|p2b: Pawmot|Pawmot, M|100\/100\n|move|p1b: Slappems|Fake Out|p2b: Pawmot\n|-damage|p2b: Pawmot|70\/100\n|move|p2a: Ninetales|Solar Beam||[still]\n|-prepare|p2a: Ninetales|Solar Beam\n|-anim|p2a: Ninetales|Solar Beam|p1b: Slappems\n|-damage|p1b: Slappems|57\/100\n|move|p1a: Surfin Bird|Surf|p2a: Ninetales|[spread] p1b,p2a,p2b\n|-formechange|p1a: Surfin Bird|Cramorant-Gorging|\n|-supereffective|p2a: Ninetales\n|-damage|p1b: Slappems|46\/100\n|-damage|p2a: Ninetales|71\/100\n|-damage|p2b: Pawmot|47\/100\n|\n|-weather|SunnyDay|[upkeep]\n|upkeep\n|turn|3\n|inactive|Kongojongo has 120 seconds left.\n|\n|t:|1698441861\n|move|p1a: Surfin Bird|Endure|p1a: Surfin Bird\n|-singleturn|p1a: Surfin Bird|move: Endure\n|move|p2b: Pawmot|Volt Switch|p1a: Surfin Bird\n|-supereffective|p1a: Surfin Bird\n|-activate|p1a: Surfin Bird|move: Endure\n|-damage|p1a: Surfin Bird|1\/100\n|-damage|p2b: Pawmot|22\/100|[from] ability: Gulp Missile|[of] p1a: Surfin Bird\n|-formechange|p1a: Surfin Bird|Cramorant|\n|inactive|DragonLordo9 has 120 seconds left.\n|\n|t:|1698441875\n|switch|p2b: Great Tusk|Great Tusk|82\/100|[from] Volt Switch\n|-activate|p2b: Great Tusk|ability: Protosynthesis\n|-start|p2b: Great Tusk|protosynthesisatk\n|move|p2a: Ninetales|Flamethrower|p1b: Slappems\n|-damage|p1b: Slappems|7\/100\n|move|p1b: Slappems|Drain Punch|p2b: Great Tusk\n|-damage|p2b: Great Tusk|53\/100\n|-heal|p1b: Slappems|21\/100|[from] drain|[of] p2b: Great Tusk\n|\n|-weather|SunnyDay|[upkeep]\n|-heal|p2b: Great Tusk|59\/100|[from] item: Leftovers\n|upkeep\n|turn|4\n|\n|t:|1698441888\n|-end|p1b: Slappems|Quark Drive|[silent]\n|switch|p1b: Blumby|Gastrodon-East, M|100\/100\n|move|p2a: Ninetales|Flamethrower|p1b: Blumby\n|-resisted|p1b: Blumby\n|-damage|p1b: Blumby|80\/100\n|move|p2b: Great Tusk|Rapid Spin|p1a: Surfin Bird\n|-damage|p1a: Surfin Bird|0 fnt\n|-boost|p2b: Great Tusk|spe|1\n|faint|p1a: Surfin Bird\n|\n|-weather|SunnyDay|[upkeep]\n|-heal|p2b: Great Tusk|66\/100|[from] item: Leftovers\n|-heal|p1b: Blumby|86\/100|[from] item: Leftovers\n|upkeep\n|inactive|Kongojongo has 120 seconds left.\n|\n|t:|1698441901\n|switch|p1a: >:(|Ogerpon-Hearthflame, F|100\/100\n|-ability|p1a: >:(|Mold Breaker\n|turn|5\n|\n|t:|1698441910\n|switch|p1b: Slappems|Iron Hands|21\/100\n|move|p2a: Ninetales|Solar Beam||[still]\n|-prepare|p2a: Ninetales|Solar Beam\n|-anim|p2a: Ninetales|Solar Beam|p1b: Slappems\n|-crit|p1b: Slappems\n|-damage|p1b: Slappems|0 fnt\n|faint|p1b: Slappems\n|-end|p1b: Slappems|Quark Drive|[silent]\n|move|p2b: Great Tusk|Bulldoze|p1a: >:(|[spread] p2a,p1a\n|-supereffective|p2a: Ninetales\n|-damage|p2a: Ninetales|0 fnt\n|-damage|p1a: >:(|67\/100\n|-unboost|p1a: >:(|spe|1\n|faint|p2a: Ninetales\n|move|p1a: >:(|Swords Dance|p1a: >:(\n|-boost|p1a: >:(|atk|2\n|\n|-weather|SunnyDay|[upkeep]\n|-heal|p2b: Great Tusk|72\/100|[from] item: Leftovers\n|upkeep\n|inactive|Kongojongo has 120 seconds left.\n|\n|t:|1698441942\n|switch|p2a: Pawmot|Pawmot, M|22\/100\n|switch|p1b: Har har har har|Ursaluna-Bloodmoon, M|100\/100\n|turn|6\n|inactive|Kongojongo has 120 seconds left.\n|\n|t:|1698441970\n|move|p2a: Pawmot|Close Combat|p1b: Har har har har\n|-supereffective|p1b: Har har har har\n|-damage|p1b: Har har har har|2\/100\n|-unboost|p2a: Pawmot|def|1\n|-unboost|p2a: Pawmot|spd|1\n|move|p2b: Great Tusk|Bulldoze|p1b: Har har har har|[spread] p2a,p1a,p1b\n|-supereffective|p2a: Pawmot\n|-damage|p2a: Pawmot|0 fnt\n|-damage|p1a: >:(|36\/100\n|-damage|p1b: Har har har har|0 fnt\n|-unboost|p1a: >:(|spe|1\n|faint|p2a: Pawmot\n|faint|p1b: Har har har har\n|move|p1a: >:(|Horn Leech|p2b: Great Tusk\n|-supereffective|p2b: Great Tusk\n|-damage|p2b: Great Tusk|0 fnt\n|-heal|p1a: >:(|88\/100|[from] drain|[of] p2b: Great Tusk\n|faint|p2b: Great Tusk\n|-end|p2b: Great Tusk|Protosynthesis|[silent]\n|\n|-weather|SunnyDay|[upkeep]\n|upkeep\n|inactive|Kongojongo has 120 seconds left.\n|\n|t:|1698441996\n|switch|p2a: Iron Moth|Iron Moth|100\/100\n|switch|p2b: Scovillain|Scovillain, F|100\/100\n|switch|p1b: Blumby|Gastrodon-East, M|86\/100\n|turn|7\n|inactive|Kongojongo has 120 seconds left.\n|\n|t:|1698442030\n|-terastallize|p1b: Blumby|Poison\n|move|p2b: Scovillain|Energy Ball|p1b: Blumby\n|-resisted|p1b: Blumby\n|-damage|p1b: Blumby|60\/100\n|-damage|p2b: Scovillain|91\/100|[from] item: Life Orb\n|move|p2a: Iron Moth|Electric Terrain|p2a: Iron Moth\n|-fieldstart|move: Electric Terrain\n|-activate|p2a: Iron Moth|ability: Quark Drive\n|-start|p2a: Iron Moth|quarkdrivespa\n|move|p1a: >:(|Ivy Cudgel|p2b: Scovillain\n|-damage|p2b: Scovillain|0 fnt\n|faint|p2b: Scovillain\n|move|p1b: Blumby|Earth Power|p2a: Iron Moth\n|-supereffective|p2a: Iron Moth\n|-damage|p2a: Iron Moth|0 fnt\n|faint|p2a: Iron Moth\n|-end|p2a: Iron Moth|Quark Drive|[silent]\n|\n|-weather|SunnyDay|[upkeep]\n|-heal|p1b: Blumby|66\/100|[from] item: Leftovers\n|upkeep\n|\n|t:|1698442044\n|switch|p2a: Brute Bonnet|Brute Bonnet|100\/100\n|-activate|p2a: Brute Bonnet|ability: Protosynthesis\n|-start|p2a: Brute Bonnet|protosynthesisspd\n|turn|8\n|\n|t:|1698442055\n|move|p1a: >:(|Ivy Cudgel|p2a: Brute Bonnet\n|-supereffective|p2a: Brute Bonnet\n|-damage|p2a: Brute Bonnet|0 fnt\n|faint|p2a: Brute Bonnet\n|-end|p2a: Brute Bonnet|Protosynthesis|[silent]\n|\n|win|Kongojongo\n|raw|Kongojongo's rating: 1145 &rarr; <strong>1167<\/strong><br \/>(+22 for winning)\n|raw|DragonLordo9's rating: 1105 &rarr; <strong>1083<\/strong><br \/>(-22 for losing)\n|l|\u2606DragonLordo9\n","uploadtime":1698442061,"views":23,"p1id":"kongojongo","p2id":"dragonlordo9","formatid":"gen9doublesou","rating":1083,"private":0,"password":""}