{"id":"gen9doublesou-1972573386","p1":"waf1st","p2":"Abowlofmagnemites","format":"[Gen 9] Doubles OU","log":"|j|\u2606waf1st\n|j|\u2606Abowlofmagnemites\n|t:|1697858793\n|gametype|doubles\n|player|p1|waf1st|wallace|1116\n|player|p2|Abowlofmagnemites|plasmagruntf-gen5bw|1189\n|teamsize|p1|6\n|teamsize|p2|6\n|gen|9\n|tier|[Gen 9] Doubles OU\n|rated|\n|rule|Species Clause: Limit one of each Pok\u00e9mon\n|rule|OHKO Clause: OHKO moves are banned\n|rule|Evasion Moves Clause: Evasion moves are banned\n|rule|Gravity Sleep Clause: The combination of sleep-inducing moves with imperfect accuracy and Gravity or Gigantamax Orbeetle are banned\n|rule|Endless Battle Clause: Forcing endless battles is banned\n|rule|HP Percentage Mod: HP is shown in percentages\n|clearpoke\n|poke|p1|Eiscue, M|\n|poke|p1|Ninetales-Alola, M|\n|poke|p1|Cloyster, M|\n|poke|p1|Ogerpon-Hearthflame, F|\n|poke|p1|Cetitan, F|\n|poke|p1|Gliscor, M|\n|poke|p2|Iron Valiant|\n|poke|p2|Armarouge, F|\n|poke|p2|Indeedee-F, F|\n|poke|p2|Ogerpon-Wellspring, F|\n|poke|p2|Zoroark-Hisui, M|\n|poke|p2|Vikavolt, F|\n|teampreview\n|inactive|Battle timer is ON: inactive players will automatically lose when time's up. (requested by waf1st)\n|\n|t:|1697858813\n|start\n|switch|p1a: Ogerpon|Ogerpon-Hearthflame, F|100\/100\n|switch|p1b: Gliscor|Gliscor, M|100\/100\n|switch|p2a: Vikavolt|Vikavolt, F|100\/100\n|switch|p2b: Iron Valiant|Iron Valiant|100\/100\n|-ability|p1a: Ogerpon|Mold Breaker\n|-enditem|p2b: Iron Valiant|Booster Energy\n|-activate|p2b: Iron Valiant|ability: Quark Drive|[fromitem]\n|-start|p2b: Iron Valiant|quarkdrivespe\n|turn|1\n|\n|t:|1697858835\n|move|p2b: Iron Valiant|Swords Dance|p2b: Iron Valiant\n|-boost|p2b: Iron Valiant|atk|2\n|move|p1a: Ogerpon|Ivy Cudgel|p2a: Vikavolt\n|-supereffective|p2a: Vikavolt\n|-damage|p2a: Vikavolt|0 fnt\n|faint|p2a: Vikavolt\n|move|p1b: Gliscor|Toxic Spikes|p2b: Iron Valiant\n|-sidestart|p2: Abowlofmagnemites|move: Toxic Spikes\n|\n|-status|p1b: Gliscor|tox|[from] item: Toxic Orb\n|upkeep\n|\n|t:|1697858844\n|switch|p2a: Ogerpon|Ogerpon-Wellspring, F|100\/100\n|-status|p2a: Ogerpon|psn\n|turn|2\n|\n|t:|1697858855\n|move|p1a: Ogerpon|Follow Me|p1a: Ogerpon\n|-singleturn|p1a: Ogerpon|move: Follow Me\n|move|p2b: Iron Valiant|Spirit Break|p1a: Ogerpon\n|-resisted|p1a: Ogerpon\n|-damage|p1a: Ogerpon|50\/100\n|-unboost|p1a: Ogerpon|spa|1\n|move|p2a: Ogerpon|Icy Wind|p1b: Gliscor|[spread] p1a,p1b\n|-supereffective|p1b: Gliscor\n|-damage|p1a: Ogerpon|33\/100\n|-damage|p1b: Gliscor|30\/100 tox\n|-unboost|p1a: Ogerpon|spe|1\n|-unboost|p1b: Gliscor|spe|1\n|move|p1b: Gliscor|Knock Off|p2b: Iron Valiant\n|-resisted|p2b: Iron Valiant\n|-damage|p2b: Iron Valiant|96\/100\n|\n|-damage|p2a: Ogerpon|88\/100 psn|[from] psn\n|-heal|p1b: Gliscor|43\/100 tox|[from] ability: Poison Heal\n|upkeep\n|turn|3\n|\n|t:|1697858881\n|move|p2b: Iron Valiant|Spirit Break|p1a: Ogerpon\n|-resisted|p1a: Ogerpon\n|-damage|p1a: Ogerpon|0 fnt\n|faint|p1a: Ogerpon\n|move|p2a: Ogerpon|Dark Pulse|p1b: Gliscor\n|-damage|p1b: Gliscor|10\/100 tox\n|move|p1b: Gliscor|High Horsepower|p2b: Iron Valiant\n|-damage|p2b: Iron Valiant|57\/100\n|\n|-damage|p2a: Ogerpon|76\/100 psn|[from] psn\n|-heal|p1b: Gliscor|23\/100 tox|[from] ability: Poison Heal\n|upkeep\n|\n|t:|1697858893\n|switch|p1a: Ninetales|Ninetales-Alola, M|100\/100\n|-weather|Snow|[from] ability: Snow Warning|[of] p1a: Ninetales\n|turn|4\n|\n|t:|1697858906\n|move|p2b: Iron Valiant|Spirit Break|p1a: Ninetales\n|-damage|p1a: Ninetales|20\/100\n|-unboost|p1a: Ninetales|spa|1\n|move|p2a: Ogerpon|Psychic|p1b: Gliscor\n|-damage|p1b: Gliscor|0 fnt\n|faint|p1b: Gliscor\n|move|p1a: Ninetales|Aurora Veil|p1a: Ninetales\n|-sidestart|p1: waf1st|move: Aurora Veil\n|\n|-weather|Snow|[upkeep]\n|-damage|p2a: Ogerpon|63\/100 psn|[from] psn\n|upkeep\n|\n|t:|1697858916\n|switch|p1b: Cetitan|Cetitan, F|100\/100\n|turn|5\n|\n|t:|1697858926\n|move|p2b: Iron Valiant|Close Combat|p1b: Cetitan\n|-supereffective|p1b: Cetitan\n|-damage|p1b: Cetitan|9\/100\n|-unboost|p2b: Iron Valiant|def|1\n|-unboost|p2b: Iron Valiant|spd|1\n|move|p1b: Cetitan|Belly Drum||[still]\n|-fail|p1b: Cetitan\n|move|p2a: Ogerpon|Icy Wind|p1a: Ninetales|[spread] p1a,p1b\n|-resisted|p1a: Ninetales\n|-resisted|p1b: Cetitan\n|-damage|p1a: Ninetales|14\/100\n|-damage|p1b: Cetitan|5\/100\n|-unboost|p1a: Ninetales|spe|1\n|-unboost|p1b: Cetitan|spe|1\n|move|p1a: Ninetales|Blizzard|p2b: Iron Valiant|[spread] p2a,p2b\n|-damage|p2a: Ogerpon|24\/100 psn\n|-damage|p2b: Iron Valiant|3\/100\n|replace|p2a: Zoroark|Zoroark-Hisui, M\n|-end|p2a: Zoroark|Illusion\n|\n|-weather|Snow|[upkeep]\n|-damage|p2a: Zoroark|11\/100 psn|[from] psn\n|upkeep\n|turn|6\n|\n|t:|1697858951\n|switch|p1b: Eiscue|Eiscue, M|100\/100\n|move|p2b: Iron Valiant|Psycho Cut|p1b: Eiscue\n|-activate|p1b: Eiscue|ability: Ice Face\n|-damage|p1b: Eiscue|100\/100\n|detailschange|p1b: Eiscue|Eiscue-Noice, M\n|move|p2a: Zoroark|Psychic|p1a: Ninetales\n|-damage|p1a: Ninetales|0 fnt\n|faint|p1a: Ninetales\n|\n|-weather|Snow|[upkeep]\n|-damage|p2a: Zoroark|0 fnt|[from] psn\n|faint|p2a: Zoroark\n|upkeep\n|\n|t:|1697858964\n|switch|p2a: Indeedee|Indeedee-F, F|100\/100\n|switch|p1a: Cloyster|Cloyster, M|100\/100\n|-status|p2a: Indeedee|psn\n|-fieldstart|move: Psychic Terrain|[from] ability: Psychic Surge|[of] p2a: Indeedee\n|turn|7\n|\n|t:|1697858988\n|move|p2a: Indeedee|Follow Me|p2a: Indeedee\n|-singleturn|p2a: Indeedee|move: Follow Me\n|move|p2b: Iron Valiant|Close Combat|p1a: Cloyster\n|-supereffective|p1a: Cloyster\n|-damage|p1a: Cloyster|2\/100\n|-unboost|p2b: Iron Valiant|def|1\n|-unboost|p2b: Iron Valiant|spd|1\n|move|p1b: Eiscue|Iron Head|p2a: Indeedee\n|-damage|p2a: Indeedee|61\/100 psn\n|move|p1a: Cloyster|Shell Smash|p1a: Cloyster\n|-unboost|p1a: Cloyster|def|1\n|-unboost|p1a: Cloyster|spd|1\n|-boost|p1a: Cloyster|atk|2\n|-boost|p1a: Cloyster|spa|2\n|-boost|p1a: Cloyster|spe|2\n|-enditem|p1a: Cloyster|White Herb\n|-clearnegativeboost|p1a: Cloyster|[silent]\n|\n|-weather|Snow|[upkeep]\n|-damage|p2a: Indeedee|49\/100 psn|[from] psn\n|upkeep\n|turn|8\n|\n|t:|1697859007\n|move|p2a: Indeedee|Follow Me|p2a: Indeedee\n|-singleturn|p2a: Indeedee|move: Follow Me\n|move|p2b: Iron Valiant|Close Combat|p1a: Cloyster\n|-supereffective|p1a: Cloyster\n|-damage|p1a: Cloyster|0 fnt\n|-unboost|p2b: Iron Valiant|def|1\n|-unboost|p2b: Iron Valiant|spd|1\n|faint|p1a: Cloyster\n|move|p1b: Eiscue|Flip Turn|p2a: Indeedee\n|-damage|p2a: Indeedee|18\/100 psn\n|\n|t:|1697859017\n|switch|p1b: Cetitan|Cetitan, F|5\/100|[from] Flip Turn\n|\n|-weather|none\n|-damage|p2a: Indeedee|5\/100 psn|[from] psn\n|upkeep\n|\n|t:|1697859021\n|switch|p1a: Eiscue|Eiscue-Noice, M|100\/100\n|turn|9\n|\n|t:|1697859027\n|move|p2b: Iron Valiant|Close Combat|p1a: Eiscue\n|-supereffective|p1a: Eiscue\n|-damage|p1a: Eiscue|0 fnt\n|-unboost|p2b: Iron Valiant|def|1\n|-unboost|p2b: Iron Valiant|spd|1\n|faint|p1a: Eiscue\n|move|p2a: Indeedee|Dazzling Gleam|p1b: Cetitan\n|-damage|p1b: Cetitan|0 fnt\n|faint|p1b: Cetitan\n|\n|win|Abowlofmagnemites\n|raw|waf1st's rating: 1116 &rarr; <strong>1096<\/strong><br \/>(-20 for losing)\n|raw|Abowlofmagnemites's rating: 1189 &rarr; <strong>1209<\/strong><br \/>(+20 for winning)\n|l|\u2606waf1st\n","uploadtime":1697859036,"views":14,"p1id":"waf1st","p2id":"abowlofmagnemites","formatid":"gen9doublesou","rating":1096,"private":0,"password":""}