{"id":"gen9doublesou-1992417104","p1":"cotesmcgotes","p2":"garbonzo5285","format":"[Gen 9] Doubles OU","log":"|j|\u2606cotesmcgotes\n|j|\u2606garbonzo5285\n|t:|1700185106\n|gametype|doubles\n|player|p1|cotesmcgotes|flannery|1217\n|player|p2|garbonzo5285|wallace|1083\n|teamsize|p1|6\n|teamsize|p2|6\n|gen|9\n|tier|[Gen 9] Doubles OU\n|rated|\n|rule|Species Clause: Limit one of each Pok\u00e9mon\n|rule|OHKO Clause: OHKO moves are banned\n|rule|Evasion Moves Clause: Evasion moves are banned\n|rule|Gravity Sleep Clause: The combination of sleep-inducing moves with imperfect accuracy and Gravity or Gigantamax Orbeetle are banned\n|rule|Endless Battle Clause: Forcing endless battles is banned\n|rule|HP Percentage Mod: HP is shown in percentages\n|clearpoke\n|poke|p1|Cresselia, F|\n|poke|p1|Overqwil, F|\n|poke|p1|Tornadus, M|\n|poke|p1|Palafin, M|\n|poke|p1|Amoonguss, M|\n|poke|p1|Great Tusk|\n|poke|p2|Kingambit, F|\n|poke|p2|Flamigo, F|\n|poke|p2|Gyarados, M|\n|poke|p2|Oricorio-Pom-Pom, F|\n|poke|p2|Illumise, F|\n|poke|p2|Sinistcha-Masterpiece|\n|teampreview\n|inactive|Battle timer is ON: inactive players will automatically lose when time's up. (requested by cotesmcgotes)\n|\n|t:|1700185116\n|start\n|switch|p1a: Tornadus|Tornadus, M, shiny|100\/100\n|switch|p1b: Palafin|Palafin, M|100\/100\n|switch|p2a: anger snek|Gyarados, M, shiny|100\/100\n|switch|p2b: ice spice|Illumise, F|100\/100\n|turn|1\n|\n|t:|1700185129\n|move|p2b: ice spice|Tailwind|p2b: ice spice\n|-sidestart|p2: garbonzo5285|move: Tailwind\n|move|p1a: Tornadus|Taunt|p2b: ice spice\n|-start|p2b: ice spice|move: Taunt\n|move|p2a: anger snek|Earthquake|p1b: Palafin|[spread] p2b,p1b\n|-immune|p1a: Tornadus\n|-resisted|p2b: ice spice\n|-damage|p2b: ice spice|68\/100\n|-damage|p1b: Palafin|49\/100\n|move|p1b: Palafin|Flip Turn|p2b: ice spice\n|-damage|p2b: ice spice|37\/100\n|inactive|cotesmcgotes has 120 seconds left.\n|\n|t:|1700185154\n|detailschange|p1b: Palafin|Palafin-Hero, M\n|switch|p1b: Cresselia|Cresselia, F, shiny|100\/100|[from] Flip Turn\n|\n|upkeep\n|turn|2\n|\n|t:|1700185164\n|-terastallize|p1b: Cresselia|Electric\n|move|p1a: Tornadus|Tailwind|p1a: Tornadus\n|-sidestart|p1: cotesmcgotes|move: Tailwind\n|move|p2b: ice spice|Bug Buzz|p1b: Cresselia\n|-damage|p1b: Cresselia|79\/100\n|move|p2a: anger snek|Earthquake|p1b: Cresselia|[spread] p2b\n|-immune|p1a: Tornadus\n|-immune|p1b: Cresselia|[from] ability: Levitate\n|-resisted|p2b: ice spice\n|-damage|p2b: ice spice|0 fnt\n|faint|p2b: ice spice\n|-ability|p2a: anger snek|Moxie|boost\n|-boost|p2a: anger snek|atk|1\n|move|p1b: Cresselia|Calm Mind|p1b: Cresselia\n|-boost|p1b: Cresselia|spa|1\n|-boost|p1b: Cresselia|spd|1\n|\n|-heal|p1b: Cresselia|85\/100|[from] item: Leftovers\n|upkeep\n|\n|t:|1700185182\n|switch|p2b: naruto?|Flamigo, F|100\/100\n|-copyboost|p2b: naruto?|p2a: anger snek|[from] ability: Costar\n|turn|3\n|\n|t:|1700185194\n|move|p1a: Tornadus|Rain Dance|p1a: Tornadus\n|-weather|RainDance\n|move|p2b: naruto?|Brave Bird|p1a: Tornadus\n|-damage|p1a: Tornadus|0 fnt\n|faint|p1a: Tornadus\n|-damage|p2b: naruto?|62\/100|[from] Recoil\n|-damage|p2b: naruto?|52\/100|[from] item: Life Orb\n|move|p2a: anger snek|Earthquake|p1b: Cresselia|[spread] \n|-immune|p2b: naruto?\n|-immune|p1b: Cresselia|[from] ability: Levitate\n|move|p1b: Cresselia|Moonblast|p2b: naruto?\n|-supereffective|p2b: naruto?\n|-damage|p2b: naruto?|0 fnt\n|faint|p2b: naruto?\n|\n|-weather|RainDance|[upkeep]\n|-heal|p1b: Cresselia|91\/100|[from] item: Leftovers\n|upkeep\n|\n|t:|1700185213\n|switch|p2b: the power of god|Oricorio-Pom-Pom, F|100\/100\n|switch|p1a: Overqwil|Overqwil, F|100\/100\n|turn|4\n|inactive|garbonzo5285 has 120 seconds left.\n|\n|t:|1700185253\n|move|p1a: Overqwil|Acupressure|p1b: Cresselia\n|-boost|p1b: Cresselia|accuracy|2\n|move|p2b: the power of god|Quiver Dance|p2b: the power of god\n|-boost|p2b: the power of god|spa|1\n|-boost|p2b: the power of god|spd|1\n|-boost|p2b: the power of god|spe|1\n|move|p2a: anger snek|Earthquake|p1b: Cresselia|[spread] p1a\n|-immune|p2b: the power of god\n|-immune|p1b: Cresselia|[from] ability: Levitate\n|-supereffective|p1a: Overqwil\n|-damage|p1a: Overqwil|0 fnt\n|faint|p1a: Overqwil\n|-ability|p2a: anger snek|Moxie|boost\n|-boost|p2a: anger snek|atk|1\n|move|p1b: Cresselia|Calm Mind|p1b: Cresselia\n|-boost|p1b: Cresselia|spa|1\n|-boost|p1b: Cresselia|spd|1\n|\n|-weather|RainDance|[upkeep]\n|-heal|p1b: Cresselia|98\/100|[from] item: Leftovers\n|-sideend|p2: garbonzo5285|move: Tailwind\n|upkeep\n|\n|t:|1700185278\n|switch|p1a: Palafin|Palafin-Hero, M|49\/100\n|-activate|p1a: Palafin|ability: Zero to Hero\n|turn|5\n|\n|t:|1700185295\n|move|p1a: Palafin|Jet Punch|p2b: the power of god\n|-damage|p2b: the power of god|3\/100\n|move|p2b: the power of god|Icy Wind|p1b: Cresselia|[spread] p1a,p1b\n|-resisted|p1a: Palafin\n|-damage|p1a: Palafin|39\/100\n|-damage|p1b: Cresselia|92\/100\n|-unboost|p1a: Palafin|spe|1\n|-unboost|p1b: Cresselia|spe|1\n|move|p1b: Cresselia|Stored Power|p2a: anger snek\n|-damage|p2a: anger snek|0 fnt\n|faint|p2a: anger snek\n|\n|-weather|RainDance|[upkeep]\n|-heal|p1b: Cresselia|98\/100|[from] item: Leftovers\n|-sideend|p1: cotesmcgotes|move: Tailwind\n|upkeep\n|\n|t:|1700185308\n|switch|p2a: and anime|Sinistcha-Masterpiece|100\/100\n|-heal|p2b: the power of god|28\/100|[from] ability: Hospitality|[of] p2a: and anime\n|turn|6\n|\n|t:|1700185321\n|move|p1a: Palafin|Jet Punch|p2b: the power of god\n|-damage|p2b: the power of god|0 fnt\n|faint|p2b: the power of god\n|move|p2a: and anime|Matcha Gotcha|p1b: Cresselia|[spread] p1a,p1b\n|-supereffective|p1a: Palafin\n|-damage|p1a: Palafin|0 fnt\n|-damage|p1b: Cresselia|87\/100\n|-status|p1b: Cresselia|brn\n|faint|p1a: Palafin\n|move|p1b: Cresselia|Stored Power|p2a: and anime\n|-damage|p2a: and anime|0 fnt\n|faint|p2a: and anime\n|\n|-weather|RainDance|[upkeep]\n|-heal|p1b: Cresselia|93\/100 brn|[from] item: Leftovers\n|-damage|p1b: Cresselia|87\/100 brn|[from] brn\n|upkeep\n|\n|t:|1700185333\n|switch|p1a: Amoonguss|Amoonguss, M, shiny|100\/100\n|switch|p2a: emo|Kingambit, F|100\/100\n|-activate|p2a: emo|ability: Supreme Overlord\n|-start|p2a: emo|fallen5|[silent]\n|turn|7\n|\n|t:|1700185346\n|move|p2a: emo|Zen Headbutt|p1a: Amoonguss\n|-supereffective|p1a: Amoonguss\n|-damage|p1a: Amoonguss|8\/100\n|move|p1b: Cresselia|Moonblast|p2a: emo\n|-damage|p2a: emo|60\/100\n|-unboost|p2a: emo|spa|1\n|move|p1a: Amoonguss|Spore|p2a: emo\n|-status|p2a: emo|slp|[from] move: Spore\n|\n|-weather|RainDance|[upkeep]\n|-heal|p1b: Cresselia|93\/100 brn|[from] item: Leftovers\n|-damage|p1b: Cresselia|87\/100 brn|[from] brn\n|upkeep\n|turn|8\n|\n|t:|1700185361\n|move|p1a: Amoonguss|Rage Powder|p1a: Amoonguss\n|-singleturn|p1a: Amoonguss|move: Rage Powder\n|cant|p2a: emo|slp\n|move|p1b: Cresselia|Moonblast|p2a: emo\n|-damage|p2a: emo|24\/100 slp\n|-unboost|p2a: emo|spa|1\n|\n|-weather|RainDance|[upkeep]\n|-heal|p1b: Cresselia|93\/100 brn|[from] item: Leftovers\n|-damage|p1b: Cresselia|87\/100 brn|[from] brn\n|upkeep\n|turn|9\n|\n|t:|1700185374\n|cant|p2a: emo|slp\n|move|p1b: Cresselia|Moonblast|p2a: emo\n|-damage|p2a: emo|0 fnt\n|faint|p2a: emo\n|-end|p2a: emo|fallen5|[silent]\n|\n|win|cotesmcgotes\n|raw|cotesmcgotes's rating: 1217 &rarr; <strong>1233<\/strong><br \/>(+16 for winning)\n|raw|garbonzo5285's rating: 1083 &rarr; <strong>1069<\/strong><br \/>(-14 for losing)\n|l|\u2606garbonzo5285\n","uploadtime":1700185383,"views":9,"p1id":"cotesmcgotes","p2id":"garbonzo5285","formatid":"gen9doublesou","rating":1069,"private":0,"password":""}