{"id":"gen9doublesou-1980607793","p1":"breloomfan13","p2":"first time in tier","format":"[Gen 9] Doubles OU","log":"|j|\u2606breloomfan13\n|j|\u2606first time in tier\n|t:|1698802710\n|gametype|doubles\n|player|p1|breloomfan13|hilbert|1275\n|player|p2|first time in tier|emmet|1301\n|teamsize|p1|6\n|teamsize|p2|6\n|gen|9\n|tier|[Gen 9] Doubles OU\n|rated|\n|rule|Species Clause: Limit one of each Pok\u00e9mon\n|rule|OHKO Clause: OHKO moves are banned\n|rule|Evasion Moves Clause: Evasion moves are banned\n|rule|Gravity Sleep Clause: The combination of sleep-inducing moves with imperfect accuracy and Gravity or Gigantamax Orbeetle are banned\n|rule|Endless Battle Clause: Forcing endless battles is banned\n|rule|HP Percentage Mod: HP is shown in percentages\n|clearpoke\n|poke|p1|Sylveon, F|\n|poke|p1|Kommo-o, M|\n|poke|p1|Heatran, F|\n|poke|p1|Clefairy, M|\n|poke|p1|Gyarados, M|\n|poke|p1|Arcanine, M|\n|poke|p2|Kommo-o, F|\n|poke|p2|Sinistcha-Masterpiece|\n|poke|p2|Indeedee-F, F|\n|poke|p2|Clefairy, M|\n|poke|p2|Flutter Mane|\n|poke|p2|Tornadus, M|\n|teampreview\n|inactive|Battle timer is ON: inactive players will automatically lose when time's up. (requested by first time in tier)\n|inactive|breloomfan13 has 120 seconds left.\n|\n|t:|1698802756\n|start\n|switch|p1a: Sylveon|Sylveon, F|100\/100\n|switch|p1b: Clefairy|Clefairy, M|100\/100\n|switch|p2a: Kommo-o|Kommo-o, F|100\/100\n|switch|p2b: Tornadus|Tornadus, M|100\/100\n|turn|1\n|\n|t:|1698802766\n|-terastallize|p2a: Kommo-o|Steel\n|move|p1b: Clefairy|Follow Me|p1b: Clefairy\n|-singleturn|p1b: Clefairy|move: Follow Me\n|move|p2b: Tornadus|Tailwind|p2b: Tornadus\n|-sidestart|p2: first time in tier|move: Tailwind\n|move|p2a: Kommo-o|Clangorous Soul|p2a: Kommo-o\n|-boost|p2a: Kommo-o|atk|1\n|-boost|p2a: Kommo-o|def|1\n|-boost|p2a: Kommo-o|spa|1\n|-boost|p2a: Kommo-o|spd|1\n|-boost|p2a: Kommo-o|spe|1\n|-damage|p2a: Kommo-o|68\/100\n|-enditem|p2a: Kommo-o|Throat Spray\n|-boost|p2a: Kommo-o|spa|1|[from] item: Throat Spray\n|move|p1a: Sylveon|Hyper Voice|p2b: Tornadus|[spread] p2a,p2b\n|-resisted|p2a: Kommo-o\n|-crit|p2a: Kommo-o\n|-damage|p2a: Kommo-o|34\/100\n|-damage|p2b: Tornadus|70\/100\n|\n|upkeep\n|turn|2\n|\n|t:|1698802782\n|move|p2b: Tornadus|Taunt|p1b: Clefairy\n|-start|p1b: Clefairy|move: Taunt\n|move|p2a: Kommo-o|Flash Cannon|p1a: Sylveon\n|-supereffective|p1a: Sylveon\n|-damage|p1a: Sylveon|26\/100\n|move|p1a: Sylveon|Psych Up|p2a: Kommo-o\n|-copyboost|p1a: Sylveon|p2a: Kommo-o|[from] move: Psych Up\n|cant|p1b: Clefairy|move: Taunt|Heal Pulse\n|\n|upkeep\n|turn|3\n|\n|t:|1698802803\n|switch|p2b: Sinistcha|Sinistcha-Masterpiece|100\/100\n|-heal|p2a: Kommo-o|59\/100|[from] ability: Hospitality|[of] p2b: Sinistcha\n|switch|p1b: Heatran|Heatran, F|100\/100\n|move|p1a: Sylveon|Protect|p1a: Sylveon\n|-singleturn|p1a: Sylveon|Protect\n|move|p2a: Kommo-o|Flash Cannon|p1a: Sylveon\n|-activate|p1a: Sylveon|move: Protect\n|\n|upkeep\n|turn|4\n|\n|t:|1698802829\n|switch|p2b: Indeedee|Indeedee-F, F|100\/100\n|-fieldstart|move: Psychic Terrain|[from] ability: Psychic Surge|[of] p2b: Indeedee\n|-enditem|p2b: Indeedee|Psychic Seed\n|-boost|p2b: Indeedee|spd|1|[from] item: Psychic Seed\n|move|p2a: Kommo-o|Protect|p2a: Kommo-o\n|-singleturn|p2a: Kommo-o|Protect\n|move|p1a: Sylveon|Protect||[still]\n|-fail|p1a: Sylveon\n|move|p1b: Heatran|Heat Wave|p2b: Indeedee|[spread] p2b\n|-activate|p2a: Kommo-o|move: Protect\n|-damage|p2b: Indeedee|82\/100\n|-status|p2b: Indeedee|brn\n|\n|-damage|p2b: Indeedee|76\/100 brn|[from] brn\n|-sideend|p2: first time in tier|move: Tailwind\n|upkeep\n|turn|5\n|\n|t:|1698802857\n|move|p1a: Sylveon|Protect|p1a: Sylveon\n|-singleturn|p1a: Sylveon|Protect\n|move|p2a: Kommo-o|Flash Cannon|p1a: Sylveon\n|-activate|p1a: Sylveon|move: Protect\n|move|p1b: Heatran|Heat Wave|p2a: Kommo-o|[spread] p2a,p2b\n|-supereffective|p2a: Kommo-o\n|-damage|p2a: Kommo-o|2\/100\n|-damage|p2b: Indeedee|59\/100 brn\n|-status|p2a: Kommo-o|brn\n|move|p2b: Indeedee|Heal Pulse|p2a: Kommo-o\n|-heal|p2a: Kommo-o|52\/100 brn\n|\n|-damage|p2a: Kommo-o|46\/100 brn|[from] brn\n|-damage|p2b: Indeedee|53\/100 brn|[from] brn\n|upkeep\n|turn|6\n|\n|t:|1698802883\n|move|p1a: Sylveon|Protect|p1a: Sylveon\n|-singleturn|p1a: Sylveon|Protect\n|move|p2a: Kommo-o|Flash Cannon|p1a: Sylveon\n|-activate|p1a: Sylveon|move: Protect\n|move|p1b: Heatran|Heat Wave|p2b: Indeedee|[spread] p2b\n|-miss|p1b: Heatran|p2a: Kommo-o\n|-damage|p2b: Indeedee|34\/100 brn\n|move|p2b: Indeedee|Heal Pulse|p2a: Kommo-o\n|-heal|p2a: Kommo-o|96\/100 brn\n|\n|-damage|p2a: Kommo-o|90\/100 brn|[from] brn\n|-damage|p2b: Indeedee|28\/100 brn|[from] brn\n|upkeep\n|turn|7\n|c|\u2606breloomfan13|LOLOLOL\n|\n|t:|1698802907\n|move|p2a: Kommo-o|Flash Cannon|p1a: Sylveon\n|-supereffective|p1a: Sylveon\n|-damage|p1a: Sylveon|0 fnt\n|faint|p1a: Sylveon\n|move|p1b: Heatran|Heat Wave|p2a: Kommo-o|[spread] p2a,p2b\n|-supereffective|p2a: Kommo-o\n|-damage|p2a: Kommo-o|32\/100 brn\n|-damage|p2b: Indeedee|9\/100 brn\n|move|p2b: Indeedee|Heal Pulse|p2a: Kommo-o\n|-heal|p2a: Kommo-o|83\/100 brn\n|\n|-damage|p2a: Kommo-o|76\/100 brn|[from] brn\n|-damage|p2b: Indeedee|3\/100 brn|[from] brn\n|upkeep\n|\n|t:|1698802914\n|switch|p1a: Clefairy|Clefairy, M|100\/100\n|turn|8\n|\n|t:|1698802921\n|move|p1a: Clefairy|Protect|p1a: Clefairy\n|-singleturn|p1a: Clefairy|Protect\n|move|p2a: Kommo-o|Flash Cannon|p1a: Clefairy\n|-activate|p1a: Clefairy|move: Protect\n|move|p1b: Heatran|Heat Wave|p2b: Indeedee|[spread] p2a,p2b\n|-supereffective|p2a: Kommo-o\n|-damage|p2a: Kommo-o|12\/100 brn\n|-damage|p2b: Indeedee|0 fnt\n|faint|p2b: Indeedee\n|\n|-damage|p2a: Kommo-o|6\/100 brn|[from] brn\n|-fieldend|move: Psychic Terrain\n|upkeep\n|\n|t:|1698802932\n|switch|p2b: Flutter Mane|Flutter Mane|100\/100\n|-enditem|p2b: Flutter Mane|Booster Energy\n|-activate|p2b: Flutter Mane|ability: Protosynthesis|[fromitem]\n|-start|p2b: Flutter Mane|protosynthesisspa\n|turn|9\n|\n|t:|1698802948\n|move|p1a: Clefairy|Helping Hand|p1b: Heatran\n|-singleturn|p1b: Heatran|Helping Hand|[of] p1a: Clefairy\n|move|p2a: Kommo-o|Flash Cannon|p1a: Clefairy\n|-supereffective|p1a: Clefairy\n|-damage|p1a: Clefairy|0 fnt\n|faint|p1a: Clefairy\n|move|p2b: Flutter Mane|Shadow Ball|p1b: Heatran\n|-damage|p1b: Heatran|64\/100\n|move|p1b: Heatran|Heat Wave|p2b: Flutter Mane|[spread] p2b\n|-miss|p1b: Heatran|p2a: Kommo-o\n|-damage|p2b: Flutter Mane|39\/100\n|\n|-damage|p2a: Kommo-o|0 fnt|[from] brn\n|faint|p2a: Kommo-o\n|upkeep\n|\n|t:|1698802966\n|switch|p2a: Tornadus|Tornadus, M|70\/100\n|switch|p1a: Gyarados|Gyarados, M|100\/100\n|-ability|p1a: Gyarados|Intimidate|boost\n|-unboost|p2a: Tornadus|atk|1\n|-unboost|p2b: Flutter Mane|atk|1\n|turn|10\n|\n|t:|1698802979\n|move|p2b: Flutter Mane|Shadow Ball|p1b: Heatran\n|-damage|p1b: Heatran|32\/100\n|move|p2a: Tornadus|Bleakwind Storm|p1b: Heatran|[spread] p1a,p1b\n|-crit|p1a: Gyarados\n|-resisted|p1b: Heatran\n|-damage|p1a: Gyarados|56\/100\n|-damage|p1b: Heatran|24\/100\n|-unboost|p1a: Gyarados|spe|1\n|move|p1b: Heatran|Heat Wave|p2a: Tornadus|[spread] p2a,p2b\n|-damage|p2a: Tornadus|38\/100\n|-damage|p2b: Flutter Mane|0 fnt\n|faint|p2b: Flutter Mane\n|-end|p2b: Flutter Mane|Protosynthesis|[silent]\n|move|p1a: Gyarados|Waterfall|p2a: Tornadus\n|-crit|p2a: Tornadus\n|-damage|p2a: Tornadus|0 fnt\n|faint|p2a: Tornadus\n|\n|upkeep\n|\n|t:|1698802982\n|switch|p2b: Clefairy|Clefairy, M|100\/100\n|switch|p2a: Sinistcha|Sinistcha-Masterpiece|100\/100\n|turn|11\n|-message|first time in tier forfeited.\n|\n|win|breloomfan13\n|raw|breloomfan13's rating: 1275 &rarr; <strong>1302<\/strong><br \/>(+27 for winning)\n|raw|first time in tier's rating: 1301 &rarr; <strong>1280<\/strong><br \/>(-21 for losing)\n|l|\u2606first time in tier\n","uploadtime":1698803003,"views":27,"p1id":"breloomfan13","p2id":"firsttimeintier","formatid":"gen9doublesou","rating":1280,"private":0,"password":""}