{"id":"gen9doublesou-1968689982","p1":"cgtuh.ocgoj\u201dfyxtg9","p2":"enraged tornadus","format":"[Gen 9] Doubles OU","log":"|j|\u2606cgtuh.ocgoj\u201dfyxtg9\n|j|\u2606enraged tornadus\n|t:|1697453976\n|gametype|doubles\n|player|p1|cgtuh.ocgoj\u201dfyxtg9|101|1114\n|player|p2|enraged tornadus|juan|1197\n|teamsize|p1|6\n|teamsize|p2|6\n|gen|9\n|tier|[Gen 9] Doubles OU\n|rated|\n|rule|Species Clause: Limit one of each Pok\u00e9mon\n|rule|OHKO Clause: OHKO moves are banned\n|rule|Evasion Moves Clause: Evasion moves are banned\n|rule|Gravity Sleep Clause: The combination of sleep-inducing moves with imperfect accuracy and Gravity or Gigantamax Orbeetle are banned\n|rule|Endless Battle Clause: Forcing endless battles is banned\n|rule|HP Percentage Mod: HP is shown in percentages\n|clearpoke\n|poke|p1|Talonflame, M|\n|poke|p1|Meowscarada, M|\n|poke|p1|Shiftry, M|\n|poke|p1|Dragonite, F|\n|poke|p1|Ribombee, F|\n|poke|p1|Brambleghast, F|\n|poke|p2|Grimmsnarl, M|\n|poke|p2|Ninetales-Alola, M|\n|poke|p2|Mamoswine, M|\n|poke|p2|Farigiraf, F|\n|poke|p2|Tornadus, M|\n|poke|p2|Scovillain, F|\n|teampreview\n|c|\u2606cgtuh.ocgoj\u201dfyxtg9|glhf\n|inactive|Battle timer is ON: inactive players will automatically lose when time's up. (requested by enraged tornadus)\n|\n|t:|1697453989\n|start\n|switch|p1a: Talonflame|Talonflame, M|100\/100\n|switch|p1b: Shiftry|Shiftry, M|100\/100\n|switch|p2a: Mamoswine|Mamoswine, M|100\/100\n|switch|p2b: Ninetales|Ninetales-Alola, M|100\/100\n|-weather|Snow|[from] ability: Snow Warning|[of] p2b: Ninetales\n|turn|1\n|\n|t:|1697454006\n|move|p1a: Talonflame|Tailwind|p1a: Talonflame\n|-sidestart|p1: cgtuh.ocgoj\u201dfyxtg9|move: Tailwind\n|-ability|p1b: Shiftry|Wind Rider|boost\n|-boost|p1b: Shiftry|atk|1\n|move|p1b: Shiftry|Rock Slide|p2b: Ninetales|[spread] p2b\n|-miss|p1b: Shiftry|p2a: Mamoswine\n|-supereffective|p2b: Ninetales\n|-crit|p2b: Ninetales\n|-damage|p2b: Ninetales|19\/100\n|move|p2a: Mamoswine|Icicle Crash|p1b: Shiftry\n|-supereffective|p1b: Shiftry\n|-damage|p1b: Shiftry|0 fnt\n|faint|p1b: Shiftry\n|move|p2b: Ninetales|Blizzard|p1a: Talonflame\n|-damage|p1a: Talonflame|14\/100\n|\n|-weather|Snow|[upkeep]\n|upkeep\n|inactive|cgtuh.ocgoj\u201dfyxtg9 has 120 seconds left.\n|\n|t:|1697454027\n|switch|p1b: Brambleghast|Brambleghast, F|100\/100\n|-ability|p1b: Brambleghast|Wind Rider|boost\n|-boost|p1b: Brambleghast|atk|1\n|turn|2\n|\n|t:|1697454037\n|switch|p2b: Farigiraf|Farigiraf, F|100\/100\n|-terastallize|p2a: Mamoswine|Ice\n|move|p1a: Talonflame|U-turn|p2b: Farigiraf\n|-supereffective|p2b: Farigiraf\n|-damage|p2b: Farigiraf|78\/100\n|\n|t:|1697454049\n|switch|p1a: Ribombee|Ribombee, F|100\/100|[from] U-turn\n|move|p1b: Brambleghast|Power Whip|p2a: Mamoswine|[miss]\n|-miss|p1b: Brambleghast|p2a: Mamoswine\n|move|p2a: Mamoswine|Icicle Crash|p1b: Brambleghast\n|-supereffective|p1b: Brambleghast\n|-enditem|p1b: Brambleghast|Focus Sash\n|-damage|p1b: Brambleghast|1\/100\n|\n|-weather|Snow|[upkeep]\n|upkeep\n|turn|3\n|\n|t:|1697454065\n|move|p1a: Ribombee|Reflect|p1a: Ribombee\n|-sidestart|p1: cgtuh.ocgoj\u201dfyxtg9|Reflect\n|move|p1b: Brambleghast|Strength Sap|p2a: Mamoswine|[miss]\n|-miss|p1b: Brambleghast|p2a: Mamoswine\n|move|p2a: Mamoswine|Icicle Crash|p1b: Brambleghast\n|-supereffective|p1b: Brambleghast\n|-damage|p1b: Brambleghast|0 fnt\n|faint|p1b: Brambleghast\n|move|p2b: Farigiraf|Future Sight|p1a: Ribombee\n|-start|p2b: Farigiraf|move: Future Sight\n|\n|-weather|Snow|[upkeep]\n|upkeep\n|c|\u2606cgtuh.ocgoj\u201dfyxtg9|._.\n|inactive|cgtuh.ocgoj\u201dfyxtg9 has 120 seconds left.\n|\n|t:|1697454085\n|switch|p1b: Meowscarada|Meowscarada, M|100\/100\n|turn|4\n|\n|t:|1697454104\n|move|p2b: Farigiraf|Protect|p2b: Farigiraf\n|-singleturn|p2b: Farigiraf|Protect\n|move|p1a: Ribombee|Pollen Puff|p2b: Farigiraf\n|-activate|p2b: Farigiraf|move: Protect\n|move|p1b: Meowscarada|Knock Off|p2b: Farigiraf\n|-start|p1b: Meowscarada|typechange|Dark|[from] ability: Protean\n|-activate|p2b: Farigiraf|move: Protect\n|move|p2a: Mamoswine|Icicle Crash|p1b: Meowscarada\n|-damage|p1b: Meowscarada|40\/100\n|\n|-weather|Snow|[upkeep]\n|-sideend|p1: cgtuh.ocgoj\u201dfyxtg9|move: Tailwind\n|upkeep\n|turn|5\n|\n|t:|1697454123\n|switch|p2b: Grimmsnarl|Grimmsnarl, M|100\/100\n|move|p2a: Mamoswine|Icicle Crash|p1a: Ribombee\n|-damage|p1a: Ribombee|39\/100\n|move|p1a: Ribombee|Pollen Puff|p1b: Meowscarada\n|-heal|p1b: Meowscarada|90\/100\n|move|p1b: Meowscarada|Knock Off|p2b: Grimmsnarl\n|-resisted|p2b: Grimmsnarl\n|-damage|p2b: Grimmsnarl|86\/100\n|-enditem|p2b: Grimmsnarl|Light Clay|[from] move: Knock Off|[of] p1b: Meowscarada\n|\n|-weather|none\n|-end|p1a: Ribombee|move: Future Sight\n|-damage|p1a: Ribombee|0 fnt\n|faint|p1a: Ribombee\n|upkeep\n|\n|t:|1697454139\n|switch|p1a: Dragonite|Dragonite, F|100\/100\n|turn|6\n|\n|t:|1697454156\n|switch|p2b: Ninetales|Ninetales-Alola, M|19\/100\n|-weather|Snow|[from] ability: Snow Warning|[of] p2b: Ninetales\n|move|p1b: Meowscarada|Ally Switch|p1b: Meowscarada\n|swap|p1b: Meowscarada|0|[from] move: Ally Switch\n|move|p2a: Mamoswine|Icicle Crash|p1a: Meowscarada|[miss]\n|-miss|p2a: Mamoswine|p1a: Meowscarada\n|move|p1b: Dragonite|Dragon Dance|p1b: Dragonite\n|-boost|p1b: Dragonite|atk|1\n|-boost|p1b: Dragonite|spe|1\n|\n|-weather|Snow|[upkeep]\n|upkeep\n|turn|7\n|\n|t:|1697454175\n|-terastallize|p1b: Dragonite|Normal\n|move|p1b: Dragonite|Extreme Speed|p2b: Ninetales\n|-damage|p2b: Ninetales|0 fnt\n|faint|p2b: Ninetales\n|move|p2a: Mamoswine|Icicle Crash|p1b: Dragonite\n|-damage|p1b: Dragonite|77\/100\n|move|p1a: Meowscarada|Knock Off|p2a: Mamoswine\n|-damage|p2a: Mamoswine|64\/100\n|-enditem|p2a: Mamoswine|Choice Scarf|[from] move: Knock Off|[of] p1a: Meowscarada\n|\n|-weather|Snow|[upkeep]\n|-heal|p1b: Dragonite|83\/100|[from] item: Leftovers\n|upkeep\n|\n|t:|1697454187\n|switch|p2b: Grimmsnarl|Grimmsnarl, M|86\/100\n|turn|8\n|\n|t:|1697454195\n|move|p1a: Meowscarada|Ally Switch|p1a: Meowscarada\n|swap|p1a: Meowscarada|1|[from] move: Ally Switch\n|move|p2b: Grimmsnarl|Reflect|p2b: Grimmsnarl\n|-sidestart|p2: enraged tornadus|Reflect\n|move|p1a: Dragonite|Dragon Dance|p1a: Dragonite\n|-boost|p1a: Dragonite|atk|1\n|-boost|p1a: Dragonite|spe|1\n|move|p2a: Mamoswine|Icicle Crash|p1b: Meowscarada\n|-damage|p1b: Meowscarada|23\/100\n|\n|-weather|Snow|[upkeep]\n|-heal|p1a: Dragonite|90\/100|[from] item: Leftovers\n|upkeep\n|turn|9\n|\n|t:|1697454221\n|move|p1a: Dragonite|Iron Head|p2b: Grimmsnarl\n|-supereffective|p2b: Grimmsnarl\n|-damage|p2b: Grimmsnarl|0 fnt\n|faint|p2b: Grimmsnarl\n|move|p1b: Meowscarada|U-turn|p2a: Mamoswine|[miss]\n|-miss|p1b: Meowscarada|p2a: Mamoswine\n|move|p2a: Mamoswine|Icicle Crash|p1a: Dragonite\n|-damage|p1a: Dragonite|44\/100\n|\n|-weather|Snow|[upkeep]\n|-heal|p1a: Dragonite|50\/100|[from] item: Leftovers\n|upkeep\n|\n|t:|1697454231\n|switch|p2b: Farigiraf|Farigiraf, F|78\/100\n|turn|10\n|\n|t:|1697454240\n|move|p2b: Farigiraf|Protect|p2b: Farigiraf\n|-singleturn|p2b: Farigiraf|Protect\n|move|p1a: Dragonite|Iron Head|p2a: Mamoswine\n|-supereffective|p2a: Mamoswine\n|-damage|p2a: Mamoswine|0 fnt\n|faint|p2a: Mamoswine\n|move|p1b: Meowscarada|Knock Off|p2b: Farigiraf\n|-activate|p2b: Farigiraf|move: Protect\n|\n|-weather|none\n|-heal|p1a: Dragonite|56\/100|[from] item: Leftovers\n|-sideend|p1: cgtuh.ocgoj\u201dfyxtg9|Reflect\n|upkeep\n|\n|t:|1697454250\n|switch|p2a: Tornadus|Tornadus, M|100\/100\n|turn|11\n|\n|t:|1697454262\n|move|p2a: Tornadus|Sunny Day|p2a: Tornadus\n|-weather|SunnyDay\n|move|p1a: Dragonite|Ice Spinner|p2a: Tornadus\n|-supereffective|p2a: Tornadus\n|-damage|p2a: Tornadus|0 fnt\n|faint|p2a: Tornadus\n|move|p1b: Meowscarada|Knock Off|p2b: Farigiraf\n|-supereffective|p2b: Farigiraf\n|-damage|p2b: Farigiraf|17\/100\n|-enditem|p2b: Farigiraf|Sitrus Berry|[from] move: Knock Off|[of] p1b: Meowscarada\n|move|p2b: Farigiraf|Future Sight|p1a: Dragonite\n|-start|p2b: Farigiraf|move: Future Sight\n|\n|-weather|SunnyDay|[upkeep]\n|-heal|p1a: Dragonite|62\/100|[from] item: Leftovers\n|upkeep\n|\n|t:|1697454273\n|switch|p2a: Scovillain|Scovillain, F|100\/100\n|turn|12\n|\n|t:|1697454290\n|move|p1a: Dragonite|Extreme Speed|p2a: Scovillain\n|-damage|p2a: Scovillain|0 fnt\n|faint|p2a: Scovillain\n|move|p1b: Meowscarada|Knock Off|p2b: Farigiraf\n|-supereffective|p2b: Farigiraf\n|-damage|p2b: Farigiraf|0 fnt\n|faint|p2b: Farigiraf\n|\n|win|cgtuh.ocgoj\u201dfyxtg9\n|raw|cgtuh.ocgoj\u201dfyxtg9's rating: 1114 &rarr; <strong>1145<\/strong><br \/>(+31 for winning)\n|raw|enraged tornadus's rating: 1197 &rarr; <strong>1166<\/strong><br \/>(-31 for losing)\n|l|\u2606enraged tornadus\n|c|\u2606cgtuh.ocgoj\u201dfyxtg9|gg\n","uploadtime":1697454307,"views":12,"p1id":"cgtuhocgojfyxtg9","p2id":"enragedtornadus","formatid":"gen9doublesou","rating":1145,"private":0,"password":""}