{"id":"gen9doublesou-1968582741","p1":"Inimicus2000","p2":"hoiymenomimnn 4v6","format":"[Gen 9] Doubles OU","log":"|j|\u2606Inimicus2000\n|j|\u2606hoiymenomimnn 4v6\n|t:|1697437336\n|gametype|doubles\n|player|p1|Inimicus2000|266|1302\n|player|p2|hoiymenomimnn 4v6|policeman-gen4|1605\n|teamsize|p1|6\n|teamsize|p2|6\n|gen|9\n|tier|[Gen 9] Doubles OU\n|rated|\n|rule|Species Clause: Limit one of each Pok\u00e9mon\n|rule|OHKO Clause: OHKO moves are banned\n|rule|Evasion Moves Clause: Evasion moves are banned\n|rule|Gravity Sleep Clause: The combination of sleep-inducing moves with imperfect accuracy and Gravity or Gigantamax Orbeetle are banned\n|rule|Endless Battle Clause: Forcing endless battles is banned\n|rule|HP Percentage Mod: HP is shown in percentages\n|clearpoke\n|poke|p1|Pelipper, F|\n|poke|p1|Basculegion-F, F|\n|poke|p1|Amoonguss, F|\n|poke|p1|Volcanion|\n|poke|p1|Dragonite, F|\n|poke|p1|Thundurus, M|\n|poke|p2|Diancie|\n|poke|p2|Torkoal, L99, M|\n|poke|p2|Armarouge, M|\n|poke|p2|Indeedee-F, F|\n|poke|p2|Sinistcha|\n|poke|p2|Regidrago|\n|teampreview\n|inactive|Battle timer is ON: inactive players will automatically lose when time's up. (requested by Inimicus2000)\n|\n|t:|1697437349\n|start\n|switch|p1a: Basculegion|Basculegion-F, F|100\/100\n|switch|p1b: Amoonguss|Amoonguss, F|100\/100\n|switch|p2a: Heal Pulse|Indeedee-F, F|100\/100\n|switch|p2b: Aura Sphere|Armarouge, M|100\/100\n|-fieldstart|move: Psychic Terrain|[from] ability: Psychic Surge|[of] p2a: Heal Pulse\n|turn|1\n|\n|t:|1697437364\n|switch|p1b: Pelipper|Pelipper, F, shiny|100\/100\n|-weather|RainDance|[from] ability: Drizzle|[of] p1b: Pelipper\n|move|p2a: Heal Pulse|Follow Me|p2a: Heal Pulse\n|-singleturn|p2a: Heal Pulse|move: Follow Me\n|move|p1a: Basculegion|Surf|p2b: Aura Sphere|[spread] p1b,p2a,p2b\n|-resisted|p1b: Pelipper\n|-supereffective|p2b: Aura Sphere\n|-damage|p1b: Pelipper|51\/100\n|-damage|p2a: Heal Pulse|37\/100\n|-damage|p2b: Aura Sphere|0 fnt\n|faint|p2b: Aura Sphere\n|-enditem|p2a: Heal Pulse|Eject Button\n|c|\u2606hoiymenomimnn 4v6|:(\n|\n|t:|1697437375\n|switch|p2a: Shell Smash|Torkoal, L99, M|100\/100\n|-weather|SunnyDay|[from] ability: Drought|[of] p2a: Shell Smash\n|\n|-weather|SunnyDay|[upkeep]\n|upkeep\n|\n|t:|1697437381\n|switch|p2b: Shadow Ball|Sinistcha|100\/100\n|turn|2\n|\n|t:|1697437396\n|switch|p1a: Volcanion|Volcanion|100\/100\n|switch|p1b: Dragonite|Dragonite, F|100\/100\n|move|p2a: Shell Smash|Solar Beam||[still]\n|-prepare|p2a: Shell Smash|Solar Beam\n|-anim|p2a: Shell Smash|Solar Beam|p1a: Volcanion\n|-damage|p1a: Volcanion|77\/100\n|move|p2b: Shadow Ball|Trick Room|p2b: Shadow Ball\n|-fieldstart|move: Trick Room|[of] p2b: Shadow Ball\n|\n|-weather|SunnyDay|[upkeep]\n|upkeep\n|turn|3\n|inactive|Inimicus2000 has 120 seconds left.\n|inactive|hoiymenomimnn 4v6 has 120 seconds left.\n|\n|t:|1697437435\n|move|p2b: Shadow Ball|Rage Powder|p2b: Shadow Ball\n|-singleturn|p2b: Shadow Ball|move: Rage Powder\n|move|p2a: Shell Smash|Earth Power|p1a: Volcanion\n|-supereffective|p1a: Volcanion\n|-damage|p1a: Volcanion|38\/100\n|move|p1a: Volcanion|Flamethrower|p2b: Shadow Ball\n|-supereffective|p2b: Shadow Ball\n|-damage|p2b: Shadow Ball|0 fnt\n|faint|p2b: Shadow Ball\n|move|p1b: Dragonite|Aqua Tail|p2a: Shell Smash|[miss]\n|-miss|p1b: Dragonite|p2a: Shell Smash\n|\n|-weather|SunnyDay|[upkeep]\n|upkeep\n|\n|t:|1697437446\n|switch|p2b: Fake Tears Encore|Diancie|100\/100\n|turn|4\n|inactive|hoiymenomimnn 4v6 has 120 seconds left.\n|\n|t:|1697437461\n|switch|p2a: Scrns EP|Regidrago|100\/100\n|-terastallize|p2b: Fake Tears Encore|Grass\n|-terastallize|p1b: Dragonite|Dragon\n|move|p2b: Fake Tears Encore|Diamond Storm|p1b: Dragonite|[spread] p1a,p1b\n|-supereffective|p1a: Volcanion\n|-damage|p1a: Volcanion|0 fnt\n|-damage|p1b: Dragonite|82\/100\n|-boost|p2b: Fake Tears Encore|def|2\n|faint|p1a: Volcanion\n|move|p1b: Dragonite|Aqua Tail|p2a: Scrns EP\n|-resisted|p2a: Scrns EP\n|-damage|p2a: Scrns EP|92\/100\n|\n|-weather|SunnyDay|[upkeep]\n|upkeep\n|c|\u2606hoiymenomimnn 4v6|?\n|\n|t:|1697437477\n|switch|p1a: Pelipper|Pelipper, F, shiny|51\/100\n|-weather|RainDance|[from] ability: Drizzle|[of] p1a: Pelipper\n|turn|5\n|c|\u2606hoiymenomimnn 4v6|whyd u change type\n|c|\u2606hoiymenomimnn 4v6|lol\n|\n|t:|1697437501\n|switch|p1a: Amoonguss|Amoonguss, F|100\/100\n|move|p2b: Fake Tears Encore|Diamond Storm|p1a: Amoonguss|[spread] p1a,p1b\n|-crit|p1b: Dragonite\n|-damage|p1a: Amoonguss|63\/100\n|-damage|p1b: Dragonite|19\/100\n|-enditem|p1b: Dragonite|Aguav Berry|[eat]\n|-heal|p1b: Dragonite|52\/100|[from] item: Aguav Berry\n|move|p2a: Scrns EP|Dragon Energy|p1a: Amoonguss|[spread] p1a,p1b\n|-supereffective|p1b: Dragonite\n|-damage|p1a: Amoonguss|0 fnt\n|-damage|p1b: Dragonite|0 fnt\n|faint|p1a: Amoonguss\n|faint|p1b: Dragonite\n|\n|-weather|RainDance|[upkeep]\n|-fieldend|move: Psychic Terrain\n|upkeep\n|-message|Inimicus2000 forfeited.\n|\n|win|hoiymenomimnn 4v6\n|raw|Inimicus2000's rating: 1302 &rarr; <strong>1296<\/strong><br \/>(-6 for losing)\n|raw|hoiymenomimnn 4v6's rating: 1605 &rarr; <strong>1611<\/strong><br \/>(+6 for winning)\n|l|\u2606Inimicus2000\n","uploadtime":1697437530,"views":21,"p1id":"inimicus2000","p2id":"hoiymenomimnn4v6","formatid":"gen9doublesou","rating":1296,"private":0,"password":""}