{"id":"gen9doublesou-1998024863","p1":"greninja1","p2":"Jtsmith86","format":"[Gen 9] Doubles OU","log":"|j|\u2606greninja1\n|j|\u2606Jtsmith86\n|t:|1700880440\n|gametype|doubles\n|player|p1|greninja1|265|1120\n|player|p2|Jtsmith86|ethan|1134\n|teamsize|p1|6\n|teamsize|p2|6\n|gen|9\n|tier|[Gen 9] Doubles OU\n|rated|\n|rule|Species Clause: Limit one of each Pok\u00e9mon\n|rule|OHKO Clause: OHKO moves are banned\n|rule|Evasion Moves Clause: Evasion moves are banned\n|rule|Gravity Sleep Clause: The combination of sleep-inducing moves with imperfect accuracy and Gravity or Gigantamax Orbeetle are banned\n|rule|Endless Battle Clause: Forcing endless battles is banned\n|rule|HP Percentage Mod: HP is shown in percentages\n|clearpoke\n|poke|p1|Oranguru, M|\n|poke|p1|Flutter Mane|\n|poke|p1|Dragonite, F|\n|poke|p1|Kingambit, M|\n|poke|p1|Ursaluna-Bloodmoon, M|\n|poke|p1|Weezing, F|\n|poke|p2|Wo-Chien|\n|poke|p2|Skeledirge, M|\n|poke|p2|Clefairy, M|\n|poke|p2|Glimmora, M|\n|poke|p2|Blissey, F|\n|poke|p2|Sinistcha|\n|teampreview\n|\n|t:|1700880453\n|start\n|switch|p1a: Oranguru|Oranguru, M|100\/100\n|switch|p1b: Ursaluna|Ursaluna-Bloodmoon, M|100\/100\n|switch|p2a: Wo-Chien|Wo-Chien|100\/100\n|switch|p2b: Clefairy|Clefairy, M, shiny|100\/100\n|-ability|p2a: Wo-Chien|Tablets of Ruin\n|turn|1\n|inactive|Battle timer is ON: inactive players will automatically lose when time's up. (requested by greninja1)\n|inactive|greninja1 has 120 seconds left.\n|\n|t:|1700880512\n|switch|p1b: Weezing|Weezing, F|100\/100\n|-ability|p1b: Weezing|Neutralizing Gas\n|move|p2a: Wo-Chien|Light Screen|p2a: Wo-Chien\n|-sidestart|p2: Jtsmith86|move: Light Screen\n|move|p1a: Oranguru|Encore||[still]\n|-fail|p1a: Oranguru\n|move|p2b: Clefairy|Life Dew||[still]|[still]|[spread] \n|-fail|p2a: Wo-Chien|heal\n|-fail|p2b: Clefairy|heal\n|\n|upkeep\n|turn|2\n|inactive|Jtsmith86 has 120 seconds left.\n|\n|t:|1700880557\n|move|p2b: Clefairy|Follow Me|p2b: Clefairy\n|-singleturn|p2b: Clefairy|move: Follow Me\n|move|p2a: Wo-Chien|Leech Seed|p1b: Weezing\n|-start|p1b: Weezing|move: Leech Seed\n|move|p1b: Weezing|Will-O-Wisp|p2b: Clefairy\n|-status|p2b: Clefairy|brn\n|move|p1a: Oranguru|Encore|p2b: Clefairy\n|-start|p2b: Clefairy|Encore\n|\n|-damage|p1b: Weezing|88\/100|[from] Leech Seed|[of] p2a: Wo-Chien\n|-damage|p2b: Clefairy|94\/100 brn|[from] brn\n|upkeep\n|turn|3\n|inactive|Jtsmith86 has 120 seconds left.\n|inactive|greninja1 has 120 seconds left.\n|\n|t:|1700880587\n|move|p2b: Clefairy|Follow Me|p2b: Clefairy\n|-singleturn|p2b: Clefairy|move: Follow Me\n|move|p2a: Wo-Chien|Leech Seed|p1a: Oranguru\n|-start|p1a: Oranguru|move: Leech Seed\n|move|p1b: Weezing|Sludge Bomb|p2b: Clefairy\n|-supereffective|p2b: Clefairy\n|-crit|p2b: Clefairy\n|-damage|p2b: Clefairy|39\/100 brn\n|move|p1a: Oranguru|Psychic|p2b: Clefairy\n|-damage|p2b: Clefairy|21\/100 brn\n|-damage|p1a: Oranguru|91\/100|[from] item: Life Orb\n|\n|-damage|p1b: Weezing|76\/100|[from] Leech Seed|[of] p2a: Wo-Chien\n|-damage|p1a: Oranguru|78\/100|[from] Leech Seed|[of] p2a: Wo-Chien\n|-damage|p2b: Clefairy|14\/100 brn|[from] brn\n|upkeep\n|turn|4\n|inactive|Jtsmith86 has 120 seconds left.\n|\n|t:|1700880624\n|switch|p2b: Blissey|Blissey, F|100\/100\n|move|p2a: Wo-Chien|Knock Off|p1a: Oranguru\n|-supereffective|p1a: Oranguru\n|-damage|p1a: Oranguru|12\/100\n|-enditem|p1a: Oranguru|Life Orb|[from] move: Knock Off|[of] p2a: Wo-Chien\n|move|p1b: Weezing|Sludge Bomb|p2b: Blissey\n|-damage|p2b: Blissey|94\/100\n|move|p1a: Oranguru|Encore|p2a: Wo-Chien\n|-start|p2a: Wo-Chien|Encore\n|\n|-damage|p1b: Weezing|64\/100|[from] Leech Seed|[of] p2a: Wo-Chien\n|-damage|p1a: Oranguru|0 fnt|[from] Leech Seed|[of] p2a: Wo-Chien\n|faint|p1a: Oranguru\n|upkeep\n|\n|t:|1700880636\n|switch|p1a: Dragonite|Dragonite, F|100\/100\n|turn|5\n|\n|t:|1700880656\n|-end|p1b: Weezing|ability: Neutralizing Gas\n|-ability|p2a: Wo-Chien|Tablets of Ruin\n|switch|p1b: Kingambit|Kingambit, M|100\/100\n|switch|p2b: Glimmora|Glimmora, M, shiny|100\/100\n|move|p1a: Dragonite|Dragon Dance|p1a: Dragonite\n|-boost|p1a: Dragonite|atk|1\n|-boost|p1a: Dragonite|spe|1\n|move|p2a: Wo-Chien|Knock Off|p1a: Dragonite\n|-damage|p1a: Dragonite|86\/100\n|-enditem|p1a: Dragonite|Weakness Policy|[from] move: Knock Off|[of] p2a: Wo-Chien\n|\n|-sideend|p2: Jtsmith86|move: Light Screen\n|upkeep\n|turn|6\n|\n|t:|1700880679\n|move|p1a: Dragonite|Dragon Dance|p1a: Dragonite\n|-boost|p1a: Dragonite|atk|1\n|-boost|p1a: Dragonite|spe|1\n|move|p2b: Glimmora|Mortal Spin|p1a: Dragonite|[spread] p1a\n|-immune|p1b: Kingambit\n|-damage|p1a: Dragonite|82\/100\n|-status|p1a: Dragonite|psn\n|move|p2a: Wo-Chien|Knock Off|p1b: Kingambit\n|-resisted|p1b: Kingambit\n|-damage|p1b: Kingambit|91\/100\n|-enditem|p1b: Kingambit|Covert Cloak|[from] move: Knock Off|[of] p2a: Wo-Chien\n|move|p1b: Kingambit|Iron Head|p2b: Glimmora\n|-supereffective|p2b: Glimmora\n|-damage|p2b: Glimmora|35\/100\n|-activate|p2b: Glimmora|ability: Toxic Debris\n|-sidestart|p1: greninja1|move: Toxic Spikes\n|\n|-heal|p2b: Glimmora|41\/100|[from] item: Black Sludge\n|-damage|p1a: Dragonite|70\/100 psn|[from] psn\n|upkeep\n|turn|7\n|inactive|Jtsmith86 has 120 seconds left.\n|inactive|greninja1 has 120 seconds left.\n|\n|t:|1700880724\n|switch|p2b: Skeledirge|Skeledirge, M, shiny|100\/100\n|switch|p2a: Clefairy|Clefairy, M, shiny|14\/100 brn\n|switch|p1b: Weezing|Weezing, F|64\/100\n|-ability|p1b: Weezing|Neutralizing Gas\n|-sideend|p1: greninja1|move: Toxic Spikes|[of] p1b: Weezing\n|move|p1a: Dragonite|Ice Spinner|p2b: Skeledirge\n|-resisted|p2b: Skeledirge\n|-damage|p2b: Skeledirge|68\/100\n|\n|-heal|p2b: Skeledirge|74\/100|[from] item: Leftovers\n|-damage|p1a: Dragonite|57\/100 psn|[from] psn\n|-damage|p2a: Clefairy|8\/100 brn|[from] brn\n|upkeep\n|turn|8\n|inactive|Jtsmith86 has 120 seconds left.\n|inactive|greninja1 has 120 seconds left.\n|\n|t:|1700880760\n|-end|p1b: Weezing|ability: Neutralizing Gas\n|switch|p1b: Ursaluna|Ursaluna-Bloodmoon, M|100\/100\n|move|p1a: Dragonite|Extreme Speed|p2a: Clefairy\n|-damage|p2a: Clefairy|0 fnt\n|faint|p2a: Clefairy\n|move|p2b: Skeledirge|Torch Song|p1b: Ursaluna\n|-damage|p1b: Ursaluna|58\/100\n|-boost|p2b: Skeledirge|spa|1\n|\n|-heal|p2b: Skeledirge|80\/100|[from] item: Leftovers\n|-heal|p1b: Ursaluna|64\/100|[from] item: Leftovers\n|-damage|p1a: Dragonite|45\/100 psn|[from] psn\n|upkeep\n|inactive|Jtsmith86 has 90 seconds left.\n|\n|t:|1700880798\n|switch|p2a: Glimmora|Glimmora, M, shiny|41\/100\n|turn|9\n|inactive|Jtsmith86 has 90 seconds left.\n|\n|t:|1700880812\n|move|p1a: Dragonite|Ice Spinner|p2a: Glimmora\n|-damage|p2a: Glimmora|0 fnt\n|-activate|p2a: Glimmora|ability: Toxic Debris\n|-sidestart|p1: greninja1|move: Toxic Spikes\n|faint|p2a: Glimmora\n|move|p2b: Skeledirge|Torch Song|p1a: Dragonite\n|-resisted|p1a: Dragonite\n|-damage|p1a: Dragonite|14\/100 psn\n|-boost|p2b: Skeledirge|spa|1\n|move|p1b: Ursaluna|Earth Power|p2b: Skeledirge\n|-supereffective|p2b: Skeledirge\n|-damage|p2b: Skeledirge|0 fnt\n|faint|p2b: Skeledirge\n|\n|-heal|p1b: Ursaluna|70\/100|[from] item: Leftovers\n|-damage|p1a: Dragonite|1\/100 psn|[from] psn\n|upkeep\n|inactive|Jtsmith86 has 90 seconds left.\n|\n|t:|1700880830\n|switch|p2a: Wo-Chien|Wo-Chien|100\/100\n|switch|p2b: Blissey|Blissey, F|94\/100\n|-ability|p2a: Wo-Chien|Tablets of Ruin\n|turn|10\n|\n|t:|1700880848\n|switch|p2b: Sinistcha|Sinistcha, shiny|100\/100\n|switch|p1b: Weezing|Weezing, F|64\/100\n|-ability|p1b: Weezing|Neutralizing Gas\n|-sideend|p1: greninja1|move: Toxic Spikes|[of] p1b: Weezing\n|move|p1a: Dragonite|Roost|p1a: Dragonite\n|-heal|p1a: Dragonite|52\/100 psn\n|-singleturn|p1a: Dragonite|move: Roost\n|move|p2a: Wo-Chien|Leech Seed|p1b: Weezing\n|-start|p1b: Weezing|move: Leech Seed\n|\n|-damage|p1b: Weezing|51\/100|[from] Leech Seed|[of] p2a: Wo-Chien\n|-damage|p1a: Dragonite|39\/100 psn|[from] psn\n|upkeep\n|turn|11\n|\n|t:|1700880870\n|-end|p1b: Weezing|ability: Neutralizing Gas\n|-ability|p2a: Wo-Chien|Tablets of Ruin\n|switch|p1b: Kingambit|Kingambit, M|91\/100\n|move|p1a: Dragonite|Roost|p1a: Dragonite\n|-heal|p1a: Dragonite|89\/100 psn\n|-singleturn|p1a: Dragonite|move: Roost\n|move|p2b: Sinistcha|Matcha Gotcha|p1b: Kingambit|[spread] p1a,p1b\n|-resisted|p1a: Dragonite\n|-resisted|p1b: Kingambit\n|-damage|p1a: Dragonite|77\/100 psn\n|-damage|p1b: Kingambit|79\/100\n|move|p2a: Wo-Chien|Leech Seed|p1a: Dragonite\n|-start|p1a: Dragonite|move: Leech Seed\n|\n|-damage|p1a: Dragonite|64\/100 psn|[from] Leech Seed|[of] p2a: Wo-Chien\n|-damage|p1a: Dragonite|52\/100 psn|[from] psn\n|upkeep\n|turn|12\n|inactive|Jtsmith86 has 120 seconds left.\n|\n|t:|1700880896\n|move|p1a: Dragonite|Ice Spinner|p2b: Sinistcha\n|-supereffective|p2b: Sinistcha\n|-damage|p2b: Sinistcha|7\/100\n|-enditem|p2b: Sinistcha|Eject Button\n|\n|t:|1700880900\n|switch|p2b: Blissey|Blissey, F|94\/100\n|move|p2a: Wo-Chien|Reflect|p2a: Wo-Chien\n|-sidestart|p2: Jtsmith86|Reflect\n|move|p1b: Kingambit|Kowtow Cleave|p2b: Blissey\n|-damage|p2b: Blissey|72\/100\n|-damage|p1b: Kingambit|63\/100|[from] item: Rocky Helmet|[of] p2b: Blissey\n|\n|-damage|p1a: Dragonite|40\/100 psn|[from] Leech Seed|[of] p2a: Wo-Chien\n|-damage|p1a: Dragonite|27\/100 psn|[from] psn\n|upkeep\n|turn|13\n|inactive|Jtsmith86 has 120 seconds left.\n|\n|t:|1700880934\n|switch|p1b: Weezing|Weezing, F|51\/100\n|-ability|p1b: Weezing|Neutralizing Gas\n|move|p1a: Dragonite|Roost|p1a: Dragonite\n|-heal|p1a: Dragonite|77\/100 psn\n|-singleturn|p1a: Dragonite|move: Roost\n|move|p2a: Wo-Chien|Leech Seed|p1b: Weezing\n|-start|p1b: Weezing|move: Leech Seed\n|move|p2b: Blissey|Defense Curl|p2b: Blissey\n|-boost|p2b: Blissey|def|1\n|\n|-damage|p1a: Dragonite|65\/100 psn|[from] Leech Seed|[of] p2a: Wo-Chien\n|-damage|p1b: Weezing|39\/100|[from] Leech Seed|[of] p2a: Wo-Chien\n|-damage|p1a: Dragonite|53\/100 psn|[from] psn\n|upkeep\n|-enditem|p1b: Weezing|Sitrus Berry|[eat]\n|-heal|p1b: Weezing|64\/100|[from] item: Sitrus Berry\n|turn|14\n|inactive|Jtsmith86 has 120 seconds left.\n|\n|t:|1700880978\n|move|p1a: Dragonite|Dragon Dance|p1a: Dragonite\n|-boost|p1a: Dragonite|atk|1\n|-boost|p1a: Dragonite|spe|1\n|move|p2a: Wo-Chien|Knock Off|p1a: Dragonite\n|-damage|p1a: Dragonite|32\/100 psn\n|move|p1b: Weezing|Will-O-Wisp|p2b: Blissey\n|-status|p2b: Blissey|brn\n|move|p2b: Blissey|Defense Curl|p2b: Blissey\n|-boost|p2b: Blissey|def|1\n|\n|-damage|p1a: Dragonite|19\/100 psn|[from] Leech Seed|[of] p2a: Wo-Chien\n|-damage|p1b: Weezing|52\/100|[from] Leech Seed|[of] p2a: Wo-Chien\n|-damage|p1a: Dragonite|7\/100 psn|[from] psn\n|-damage|p2b: Blissey|66\/100 brn|[from] brn\n|upkeep\n|turn|15\n|inactive|Jtsmith86 has 120 seconds left.\n|inactive|greninja1 has 120 seconds left.\n|\n|t:|1700881013\n|-end|p1b: Weezing|ability: Neutralizing Gas\n|-ability|p2a: Wo-Chien|Tablets of Ruin\n|switch|p1b: Ursaluna|Ursaluna-Bloodmoon, M|70\/100\n|move|p1a: Dragonite|Roost|p1a: Dragonite\n|-heal|p1a: Dragonite|57\/100 psn\n|-singleturn|p1a: Dragonite|move: Roost\n|move|p2a: Wo-Chien|Knock Off|p1a: Dragonite\n|-damage|p1a: Dragonite|36\/100 psn\n|move|p2b: Blissey|Stored Power|p1a: Dragonite\n|-damage|p1a: Dragonite|25\/100 psn\n|\n|-heal|p1b: Ursaluna|76\/100|[from] item: Leftovers\n|-damage|p1a: Dragonite|13\/100 psn|[from] Leech Seed|[of] p2a: Wo-Chien\n|-damage|p1a: Dragonite|0 fnt|[from] psn\n|faint|p1a: Dragonite\n|-damage|p2b: Blissey|60\/100 brn|[from] brn\n|upkeep\n|\n|t:|1700881026\n|switch|p1a: Kingambit|Kingambit, M|63\/100\n|turn|16\n|inactive|Jtsmith86 has 120 seconds left.\n|\n|t:|1700881055\n|move|p1a: Kingambit|Protect|p1a: Kingambit\n|-singleturn|p1a: Kingambit|Protect\n|move|p2a: Wo-Chien|Leech Seed|p1a: Kingambit\n|-activate|p1a: Kingambit|move: Protect\n|move|p2b: Blissey|Life Dew||[still]|[spread] p2a,p2b\n|-fail|p2a: Wo-Chien|heal\n|-heal|p2b: Blissey|85\/100 brn\n|move|p1b: Ursaluna|Calm Mind|p1b: Ursaluna\n|-boost|p1b: Ursaluna|spa|1\n|-boost|p1b: Ursaluna|spd|1\n|\n|-heal|p1b: Ursaluna|82\/100|[from] item: Leftovers\n|-damage|p2b: Blissey|79\/100 brn|[from] brn\n|-sideend|p2: Jtsmith86|Reflect\n|upkeep\n|turn|17\n|inactive|Jtsmith86 has 120 seconds left.\n|\n|t:|1700881081\n|switch|p1a: Weezing|Weezing, F|52\/100\n|-ability|p1a: Weezing|Neutralizing Gas\n|-terastallize|p1b: Ursaluna|Poison\n|move|p2a: Wo-Chien|Leech Seed|p1a: Weezing\n|-start|p1a: Weezing|move: Leech Seed\n|move|p2b: Blissey|Calm Mind|p2b: Blissey\n|-boost|p2b: Blissey|spa|1\n|-boost|p2b: Blissey|spd|1\n|move|p1b: Ursaluna|Tera Blast|p2a: Wo-Chien|[anim] Tera Blast Poison\n|-supereffective|p2a: Wo-Chien\n|-damage|p2a: Wo-Chien|21\/100\n|\n|-heal|p1b: Ursaluna|88\/100|[from] item: Leftovers\n|-damage|p1a: Weezing|39\/100|[from] Leech Seed|[of] p2a: Wo-Chien\n|-heal|p2a: Wo-Chien|32\/100|[silent]\n|-damage|p2b: Blissey|73\/100 brn|[from] brn\n|upkeep\n|turn|18\n|inactive|Jtsmith86 has 120 seconds left.\n|inactive|Jtsmith86 has 90 seconds left.\n|\n|t:|1700881142\n|move|p2a: Wo-Chien|Light Screen|p2a: Wo-Chien\n|-sidestart|p2: Jtsmith86|move: Light Screen\n|move|p1a: Weezing|Sludge Bomb|p2a: Wo-Chien\n|-supereffective|p2a: Wo-Chien\n|-damage|p2a: Wo-Chien|12\/100\n|move|p2b: Blissey|Life Dew|p2b: Blissey|[spread] p2a,p2b\n|-heal|p2a: Wo-Chien|37\/100\n|-heal|p2b: Blissey|98\/100 brn\n|move|p1b: Ursaluna|Tera Blast|p2a: Wo-Chien|[anim] Tera Blast Poison\n|-supereffective|p2a: Wo-Chien\n|-damage|p2a: Wo-Chien|0 fnt\n|faint|p2a: Wo-Chien\n|\n|-heal|p1b: Ursaluna|94\/100|[from] item: Leftovers\n|-damage|p2b: Blissey|92\/100 brn|[from] brn\n|upkeep\n|inactive|Jtsmith86 has 60 seconds left.\n|\n|t:|1700881158\n|switch|p2a: Sinistcha|Sinistcha, shiny|7\/100\n|turn|19\n|\n|t:|1700881177\n|move|p2a: Sinistcha|Strength Sap|p1b: Ursaluna\n|-unboost|p1b: Ursaluna|atk|1\n|-heal|p2a: Sinistcha|45\/100\n|move|p1a: Weezing|Sludge Bomb|p2a: Sinistcha\n|-damage|p2a: Sinistcha|31\/100\n|move|p2b: Blissey|Life Dew|p2b: Blissey|[spread] p2a,p2b\n|-heal|p2a: Sinistcha|56\/100\n|-heal|p2b: Blissey|100\/100 brn\n|move|p1b: Ursaluna|Tera Blast|p2a: Sinistcha|[anim] Tera Blast Poison\n|-damage|p2a: Sinistcha|20\/100\n|\n|-heal|p1b: Ursaluna|99\/100|[from] item: Leftovers\n|-damage|p1a: Weezing|27\/100|[from] Leech Seed|[of] p2a: Sinistcha\n|-heal|p2a: Sinistcha|32\/100|[silent]\n|-damage|p2b: Blissey|94\/100 brn|[from] brn\n|upkeep\n|turn|20\n|inactive|Jtsmith86 has 90 seconds left.\n|inactive|Jtsmith86 has 60 seconds left.\n|\n|t:|1700881216\n|move|p2a: Sinistcha|Strength Sap|p1b: Ursaluna\n|-unboost|p1b: Ursaluna|atk|1\n|-heal|p2a: Sinistcha|57\/100\n|move|p1a: Weezing|Sludge Bomb|p2a: Sinistcha\n|-damage|p2a: Sinistcha|41\/100\n|move|p2b: Blissey|Calm Mind|p2b: Blissey\n|-boost|p2b: Blissey|spa|1\n|-boost|p2b: Blissey|spd|1\n|move|p1b: Ursaluna|Tera Blast|p2a: Sinistcha|[anim] Tera Blast Poison\n|-damage|p2a: Sinistcha|3\/100\n|\n|-heal|p1b: Ursaluna|100\/100|[from] item: Leftovers\n|-damage|p1a: Weezing|15\/100|[from] Leech Seed|[of] p2a: Sinistcha\n|-heal|p2a: Sinistcha|15\/100|[silent]\n|-damage|p2b: Blissey|88\/100 brn|[from] brn\n|upkeep\n|turn|21\n|inactive|Jtsmith86 has 60 seconds left.\n|\n|t:|1700881259\n|move|p2a: Sinistcha|Matcha Gotcha|p1a: Weezing|[spread] p1a,p1b\n|-resisted|p1a: Weezing\n|-resisted|p1b: Ursaluna\n|-damage|p1a: Weezing|4\/100\n|-heal|p2a: Sinistcha|21\/100|[from] drain|[of] p1a: Weezing\n|-damage|p1b: Ursaluna|91\/100\n|-heal|p2a: Sinistcha|27\/100|[from] drain|[of] p1b: Ursaluna\n|move|p1a: Weezing|Sludge Bomb|p2a: Sinistcha\n|-damage|p2a: Sinistcha|13\/100\n|-status|p2a: Sinistcha|psn\n|move|p2b: Blissey|Stored Power|p1b: Ursaluna\n|-supereffective|p1b: Ursaluna\n|-damage|p1b: Ursaluna|14\/100\n|move|p1b: Ursaluna|Tera Blast|p2a: Sinistcha|[anim] Tera Blast Poison\n|-damage|p2a: Sinistcha|0 fnt\n|faint|p2a: Sinistcha\n|\n|-heal|p1b: Ursaluna|20\/100|[from] item: Leftovers\n|-damage|p2b: Blissey|82\/100 brn|[from] brn\n|upkeep\n|turn|22\n|inactive|Jtsmith86 has 60 seconds left.\n|\n|t:|1700881288\n|switch|p1b: Kingambit|Kingambit, M|63\/100\n|move|p1a: Weezing|Destiny Bond|p1a: Weezing\n|-singlemove|p1a: Weezing|Destiny Bond\n|move|p2b: Blissey|Stored Power|p1b: Kingambit\n|-immune|p1b: Kingambit\n|\n|-damage|p2b: Blissey|76\/100 brn|[from] brn\n|-sideend|p2: Jtsmith86|move: Light Screen\n|upkeep\n|turn|23\n|inactive|Jtsmith86 has 60 seconds left.\n|\n|t:|1700881308\n|move|p1a: Weezing|Protect|p1a: Weezing\n|-singleturn|p1a: Weezing|Protect\n|move|p2b: Blissey|Defense Curl|p2b: Blissey\n|-boost|p2b: Blissey|def|1\n|move|p1b: Kingambit|Kowtow Cleave|p2b: Blissey\n|-damage|p2b: Blissey|57\/100 brn\n|-damage|p1b: Kingambit|46\/100|[from] item: Rocky Helmet|[of] p2b: Blissey\n|\n|-damage|p2b: Blissey|51\/100 brn|[from] brn\n|upkeep\n|turn|24\n|\n|t:|1700881329\n|switch|p1b: Ursaluna|Ursaluna-Bloodmoon, M, tera:Poison|20\/100\n|move|p1a: Weezing|Sludge Bomb|p2b: Blissey\n|-damage|p2b: Blissey|46\/100 brn\n|move|p2b: Blissey|Defense Curl|p2b: Blissey\n|-boost|p2b: Blissey|def|1\n|\n|-heal|p1b: Ursaluna|26\/100|[from] item: Leftovers\n|-damage|p2b: Blissey|40\/100 brn|[from] brn\n|upkeep\n|turn|25\n|\n|t:|1700881348\n|switch|p1b: Kingambit|Kingambit, M|46\/100\n|move|p1a: Weezing|Sludge Bomb|p2b: Blissey\n|-damage|p2b: Blissey|35\/100 brn\n|move|p2b: Blissey|Life Dew|p2b: Blissey\n|-heal|p2b: Blissey|60\/100 brn\n|\n|-damage|p2b: Blissey|54\/100 brn|[from] brn\n|upkeep\n|turn|26\n|\n|t:|1700881361\n|switch|p1b: Flutter Mane|Flutter Mane|100\/100\n|-enditem|p1b: Flutter Mane|Booster Energy\n|-activate|p1b: Flutter Mane|ability: Protosynthesis|[fromitem]\n|-start|p1b: Flutter Mane|protosynthesisspe\n|move|p1a: Weezing|Will-O-Wisp|p2b: Blissey|[miss]\n|-miss|p1a: Weezing|p2b: Blissey\n|move|p2b: Blissey|Life Dew|p2b: Blissey\n|-heal|p2b: Blissey|79\/100 brn\n|\n|-damage|p2b: Blissey|72\/100 brn|[from] brn\n|upkeep\n|turn|27\n|\n|t:|1700881381\n|move|p1a: Weezing|Protect|p1a: Weezing\n|-singleturn|p1a: Weezing|Protect\n|move|p1b: Flutter Mane|Moonblast|p2b: Blissey\n|-damage|p2b: Blissey|64\/100 brn\n|-unboost|p2b: Blissey|spa|1\n|move|p2b: Blissey|Stored Power|p1b: Flutter Mane\n|-damage|p1b: Flutter Mane|55\/100\n|\n|-damage|p2b: Blissey|58\/100 brn|[from] brn\n|upkeep\n|turn|28\n|inactive|Jtsmith86 has 120 seconds left.\n|\n|t:|1700881393\n|move|p1b: Flutter Mane|Protect|p1b: Flutter Mane\n|-singleturn|p1b: Flutter Mane|Protect\n|move|p1a: Weezing|Destiny Bond|p1a: Weezing\n|-singlemove|p1a: Weezing|Destiny Bond\n|move|p2b: Blissey|Life Dew|p2b: Blissey\n|-heal|p2b: Blissey|83\/100 brn\n|\n|-damage|p2b: Blissey|76\/100 brn|[from] brn\n|upkeep\n|turn|29\n|\n|t:|1700881404\n|-end|p1b: Flutter Mane|Protosynthesis|[silent]\n|switch|p1b: Kingambit|Kingambit, M|46\/100\n|move|p1a: Weezing|Sludge Bomb|p2b: Blissey\n|-damage|p2b: Blissey|71\/100 brn\n|move|p2b: Blissey|Calm Mind|p2b: Blissey\n|-boost|p2b: Blissey|spa|1\n|-boost|p2b: Blissey|spd|1\n|\n|-damage|p2b: Blissey|65\/100 brn|[from] brn\n|upkeep\n|turn|30\n|\n|t:|1700881419\n|move|p1a: Weezing|Protect|p1a: Weezing\n|-singleturn|p1a: Weezing|Protect\n|move|p1b: Kingambit|Protect|p1b: Kingambit\n|-singleturn|p1b: Kingambit|Protect\n|move|p2b: Blissey|Defense Curl|p2b: Blissey\n|-boost|p2b: Blissey|def|1\n|\n|-damage|p2b: Blissey|59\/100 brn|[from] brn\n|upkeep\n|turn|31\n|\n|t:|1700881437\n|move|p1a: Weezing|Will-O-Wisp|p2b: Blissey\n|-fail|p2b: Blissey|brn\n|move|p2b: Blissey|Life Dew|p2b: Blissey\n|-heal|p2b: Blissey|84\/100 brn\n|move|p1b: Kingambit|Iron Head|p2b: Blissey\n|-damage|p2b: Blissey|72\/100 brn\n|-damage|p1b: Kingambit|30\/100|[from] item: Rocky Helmet|[of] p2b: Blissey\n|\n|-damage|p2b: Blissey|65\/100 brn|[from] brn\n|upkeep\n|turn|32\n|\n|t:|1700881456\n|switch|p1b: Ursaluna|Ursaluna-Bloodmoon, M, tera:Poison|26\/100\n|move|p1a: Weezing|Destiny Bond|p1a: Weezing\n|-singlemove|p1a: Weezing|Destiny Bond\n|move|p2b: Blissey|Defense Curl|p2b: Blissey\n|-boost|p2b: Blissey|def|1\n|\n|-heal|p1b: Ursaluna|32\/100|[from] item: Leftovers\n|-damage|p2b: Blissey|59\/100 brn|[from] brn\n|upkeep\n|turn|33\n|\n|t:|1700881473\n|switch|p1b: Kingambit|Kingambit, M|30\/100\n|move|p1a: Weezing|Will-O-Wisp|p2b: Blissey\n|-fail|p2b: Blissey|brn\n|move|p2b: Blissey|Calm Mind|p2b: Blissey\n|-boost|p2b: Blissey|spa|1\n|-boost|p2b: Blissey|spd|1\n|\n|-damage|p2b: Blissey|53\/100 brn|[from] brn\n|upkeep\n|turn|34\n|\n|t:|1700881486\n|move|p1b: Kingambit|Protect|p1b: Kingambit\n|-singleturn|p1b: Kingambit|Protect\n|move|p1a: Weezing|Will-O-Wisp|p2b: Blissey\n|-fail|p2b: Blissey|brn\n|move|p2b: Blissey|Life Dew|p2b: Blissey\n|-heal|p2b: Blissey|78\/100 brn\n|\n|-damage|p2b: Blissey|72\/100 brn|[from] brn\n|upkeep\n|turn|35\n|\n|t:|1700881509\n|move|p1a: Weezing|Protect|p1a: Weezing\n|-singleturn|p1a: Weezing|Protect\n|move|p1b: Kingambit|Protect||[still]\n|-fail|p1b: Kingambit\n|move|p2b: Blissey|Calm Mind|p2b: Blissey\n|-boost|p2b: Blissey|spa|1\n|-boost|p2b: Blissey|spd|1\n|\n|-damage|p2b: Blissey|66\/100 brn|[from] brn\n|upkeep\n|turn|36\n|\n|t:|1700881527\n|-end|p1a: Weezing|ability: Neutralizing Gas\n|switch|p1a: Flutter Mane|Flutter Mane|55\/100\n|switch|p1b: Ursaluna|Ursaluna-Bloodmoon, M, tera:Poison|32\/100\n|move|p2b: Blissey|Calm Mind|p2b: Blissey\n|-boost|p2b: Blissey|spa|1\n|-boost|p2b: Blissey|spd|1\n|\n|-heal|p1b: Ursaluna|38\/100|[from] item: Leftovers\n|-damage|p2b: Blissey|60\/100 brn|[from] brn\n|upkeep\n|turn|37\n|\n|t:|1700881542\n|switch|p1b: Kingambit|Kingambit, M|30\/100\n|move|p1a: Flutter Mane|Protect|p1a: Flutter Mane\n|-singleturn|p1a: Flutter Mane|Protect\n|move|p2b: Blissey|Stored Power|p1b: Kingambit\n|-immune|p1b: Kingambit\n|\n|-damage|p2b: Blissey|53\/100 brn|[from] brn\n|upkeep\n|turn|38\n|\n|t:|1700881561\n|switch|p1b: Ursaluna|Ursaluna-Bloodmoon, M, tera:Poison|38\/100\n|move|p1a: Flutter Mane|Moonblast|p2b: Blissey\n|-damage|p2b: Blissey|49\/100 brn\n|move|p2b: Blissey|Life Dew|p2b: Blissey\n|-heal|p2b: Blissey|74\/100 brn\n|\n|-heal|p1b: Ursaluna|44\/100|[from] item: Leftovers\n|-damage|p2b: Blissey|68\/100 brn|[from] brn\n|upkeep\n|turn|39\n|\n|t:|1700881581\n|move|p1a: Flutter Mane|Protect|p1a: Flutter Mane\n|-singleturn|p1a: Flutter Mane|Protect\n|move|p2b: Blissey|Stored Power|p1a: Flutter Mane\n|-activate|p1a: Flutter Mane|move: Protect\n|move|p1b: Ursaluna|Earth Power|p2b: Blissey\n|-damage|p2b: Blissey|63\/100 brn\n|\n|-heal|p1b: Ursaluna|50\/100|[from] item: Leftovers\n|-damage|p2b: Blissey|57\/100 brn|[from] brn\n|upkeep\n|turn|40\n|\n|t:|1700881605\n|-end|p1a: Flutter Mane|Protosynthesis|[silent]\n|switch|p1a: Kingambit|Kingambit, M|30\/100\n|move|p2b: Blissey|Stored Power|p1b: Ursaluna\n|-supereffective|p1b: Ursaluna\n|-damage|p1b: Ursaluna|0 fnt\n|faint|p1b: Ursaluna\n|\n|-damage|p2b: Blissey|50\/100 brn|[from] brn\n|upkeep\n|\n|t:|1700881611\n|switch|p1b: Weezing|Weezing, F|4\/100\n|-ability|p1b: Weezing|Neutralizing Gas\n|turn|41\n|\n|t:|1700881619\n|move|p1b: Weezing|Protect|p1b: Weezing\n|-singleturn|p1b: Weezing|Protect\n|move|p1a: Kingambit|Protect|p1a: Kingambit\n|-singleturn|p1a: Kingambit|Protect\n|move|p2b: Blissey|Life Dew|p2b: Blissey\n|-heal|p2b: Blissey|75\/100 brn\n|\n|-damage|p2b: Blissey|69\/100 brn|[from] brn\n|upkeep\n|turn|42\n|\n|t:|1700881636\n|switch|p1a: Flutter Mane|Flutter Mane|55\/100\n|move|p1b: Weezing|Destiny Bond|p1b: Weezing\n|-singlemove|p1b: Weezing|Destiny Bond\n|move|p2b: Blissey|Calm Mind|p2b: Blissey\n|-boost|p2b: Blissey|spa|1\n|-boost|p2b: Blissey|spd|0\n|\n|-damage|p2b: Blissey|63\/100 brn|[from] brn\n|upkeep\n|turn|43\n|\n|t:|1700881653\n|move|p1a: Flutter Mane|Moonblast|p2b: Blissey\n|-damage|p2b: Blissey|58\/100 brn\n|-unboost|p2b: Blissey|spa|1\n|move|p1b: Weezing|Will-O-Wisp|p2b: Blissey\n|-fail|p2b: Blissey|brn\n|move|p2b: Blissey|Life Dew|p2b: Blissey\n|-heal|p2b: Blissey|83\/100 brn\n|\n|-damage|p2b: Blissey|77\/100 brn|[from] brn\n|upkeep\n|turn|44\n|\n|t:|1700881667\n|move|p1b: Weezing|Protect|p1b: Weezing\n|-singleturn|p1b: Weezing|Protect\n|move|p1a: Flutter Mane|Moonblast|p2b: Blissey\n|-damage|p2b: Blissey|72\/100 brn\n|move|p2b: Blissey|Stored Power|p1a: Flutter Mane\n|-damage|p1a: Flutter Mane|0 fnt\n|faint|p1a: Flutter Mane\n|-end|p1a: Flutter Mane|Protosynthesis|[silent]\n|\n|-damage|p2b: Blissey|66\/100 brn|[from] brn\n|upkeep\n|\n|t:|1700881673\n|switch|p1a: Kingambit|Kingambit, M|30\/100\n|turn|45\n|\n|t:|1700881687\n|move|p1a: Kingambit|Protect|p1a: Kingambit\n|-singleturn|p1a: Kingambit|Protect\n|move|p1b: Weezing|Destiny Bond|p1b: Weezing\n|-singlemove|p1b: Weezing|Destiny Bond\n|move|p2b: Blissey|Life Dew|p2b: Blissey\n|-heal|p2b: Blissey|91\/100 brn\n|\n|-damage|p2b: Blissey|85\/100 brn|[from] brn\n|upkeep\n|turn|46\n|\n|t:|1700881705\n|move|p1b: Weezing|Sludge Bomb|p2b: Blissey\n|-damage|p2b: Blissey|83\/100 brn\n|move|p2b: Blissey|Calm Mind|p2b: Blissey\n|-boost|p2b: Blissey|spa|1\n|-boost|p2b: Blissey|spd|0\n|move|p1a: Kingambit|Kowtow Cleave|p2b: Blissey\n|-damage|p2b: Blissey|71\/100 brn\n|-damage|p1a: Kingambit|13\/100|[from] item: Rocky Helmet|[of] p2b: Blissey\n|\n|-damage|p2b: Blissey|65\/100 brn|[from] brn\n|upkeep\n|turn|47\n|\n|t:|1700881722\n|move|p1a: Kingambit|Protect|p1a: Kingambit\n|-singleturn|p1a: Kingambit|Protect\n|move|p1b: Weezing|Sludge Bomb|p2b: Blissey\n|-damage|p2b: Blissey|63\/100 brn\n|move|p2b: Blissey|Life Dew|p2b: Blissey\n|-heal|p2b: Blissey|88\/100 brn\n|\n|-damage|p2b: Blissey|81\/100 brn|[from] brn\n|upkeep\n|turn|48\n|\n|t:|1700881736\n|move|p1b: Weezing|Protect|p1b: Weezing\n|-singleturn|p1b: Weezing|Protect\n|move|p1a: Kingambit|Protect||[still]\n|-fail|p1a: Kingambit\n|move|p2b: Blissey|Defense Curl|p2b: Blissey\n|-boost|p2b: Blissey|def|0\n|\n|-damage|p2b: Blissey|75\/100 brn|[from] brn\n|upkeep\n|turn|49\n|\n|t:|1700881750\n|move|p1a: Kingambit|Protect|p1a: Kingambit\n|-singleturn|p1a: Kingambit|Protect\n|move|p1b: Weezing|Will-O-Wisp|p2b: Blissey\n|-fail|p2b: Blissey|brn\n|move|p2b: Blissey|Defense Curl|p2b: Blissey\n|-boost|p2b: Blissey|def|0\n|\n|-damage|p2b: Blissey|69\/100 brn|[from] brn\n|upkeep\n|turn|50\n|\n|t:|1700881762\n|move|p1b: Weezing|Protect|p1b: Weezing\n|-singleturn|p1b: Weezing|Protect\n|move|p2b: Blissey|Defense Curl|p2b: Blissey\n|-boost|p2b: Blissey|def|0\n|move|p1a: Kingambit|Kowtow Cleave|p2b: Blissey\n|-damage|p2b: Blissey|59\/100 brn\n|-damage|p1a: Kingambit|0 fnt|[from] item: Rocky Helmet|[of] p2b: Blissey\n|faint|p1a: Kingambit\n|\n|-damage|p2b: Blissey|53\/100 brn|[from] brn\n|upkeep\n|turn|51\n|\n|t:|1700881783\n|move|p1b: Weezing|Sludge Bomb|p2b: Blissey\n|-damage|p2b: Blissey|50\/100 brn\n|move|p2b: Blissey|Life Dew|p2b: Blissey\n|-heal|p2b: Blissey|75\/100 brn\n|\n|-damage|p2b: Blissey|69\/100 brn|[from] brn\n|upkeep\n|turn|52\n|\n|t:|1700881792\n|move|p1b: Weezing|Destiny Bond|p1b: Weezing\n|-singlemove|p1b: Weezing|Destiny Bond\n|move|p2b: Blissey|Life Dew|p2b: Blissey\n|-heal|p2b: Blissey|94\/100 brn\n|\n|-damage|p2b: Blissey|88\/100 brn|[from] brn\n|upkeep\n|turn|53\n|\n|t:|1700881802\n|move|p1b: Weezing|Protect|p1b: Weezing\n|-singleturn|p1b: Weezing|Protect\n|move|p2b: Blissey|Stored Power|p1b: Weezing\n|-activate|p1b: Weezing|move: Protect\n|\n|-damage|p2b: Blissey|82\/100 brn|[from] brn\n|upkeep\n|turn|54\n|\n|t:|1700881813\n|move|p1b: Weezing|Sludge Bomb|p2b: Blissey\n|-damage|p2b: Blissey|79\/100 brn\n|move|p2b: Blissey|Defense Curl|p2b: Blissey\n|-boost|p2b: Blissey|def|0\n|\n|-damage|p2b: Blissey|73\/100 brn|[from] brn\n|upkeep\n|turn|55\n|\n|t:|1700881822\n|move|p1b: Weezing|Sludge Bomb|p2b: Blissey\n|-damage|p2b: Blissey|70\/100 brn\n|move|p2b: Blissey|Calm Mind|p2b: Blissey\n|-boost|p2b: Blissey|spa|0\n|-boost|p2b: Blissey|spd|0\n|\n|-damage|p2b: Blissey|64\/100 brn|[from] brn\n|upkeep\n|turn|56\n|\n|t:|1700881835\n|move|p1b: Weezing|Destiny Bond|p1b: Weezing\n|-singlemove|p1b: Weezing|Destiny Bond\n|move|p2b: Blissey|Life Dew|p2b: Blissey\n|-heal|p2b: Blissey|89\/100 brn\n|\n|-damage|p2b: Blissey|83\/100 brn|[from] brn\n|upkeep\n|turn|57\n|\n|t:|1700881845\n|move|p1b: Weezing|Sludge Bomb|p2b: Blissey\n|-damage|p2b: Blissey|80\/100 brn\n|move|p2b: Blissey|Stored Power|p1b: Weezing\n|-supereffective|p1b: Weezing\n|-damage|p1b: Weezing|0 fnt\n|faint|p1b: Weezing\n|-end|p1b: Weezing|ability: Neutralizing Gas\n|\n|win|Jtsmith86\n|raw|greninja1's rating: 1153 &rarr; <strong>1127<\/strong><br \/>(-26 for losing)\n|raw|Jtsmith86's rating: 1134 &rarr; <strong>1160<\/strong><br \/>(+26 for winning)\n|c|\u2606greninja1|not a single crit RIP\n|c|\u2606Jtsmith86|Goog game\n|l|\u2606greninja1\n|c|\u2606Jtsmith86|i was wondering if you was gonna see this through \ud83d\ude02\ud83d\udc4d\ud83c\udffb\n","uploadtime":1700881904,"views":19,"p1id":"greninja1","p2id":"jtsmith86","formatid":"gen9doublesou","rating":1127,"private":0,"password":""}