{"id":"gen9doublesou-1998625542","p1":"h4v0ckn1ght","p2":"Penter","format":"[Gen 9] Doubles OU","log":"|j|\u2606h4v0ckn1ght\n|j|\u2606Penter\n|inactive|Battle timer is ON: inactive players will automatically lose when time's up.\n|t:|1700964516\n|gametype|doubles\n|player|p1|h4v0ckn1ght|rosa|\n|player|p2|Penter|n|\n|teamsize|p1|6\n|teamsize|p2|6\n|gen|9\n|tier|[Gen 9] Doubles OU\n|rated|Tournament battle\n|rule|Species Clause: Limit one of each Pok\u00e9mon\n|rule|OHKO Clause: OHKO moves are banned\n|rule|Evasion Moves Clause: Evasion moves are banned\n|rule|Gravity Sleep Clause: The combination of sleep-inducing moves with imperfect accuracy and Gravity or Gigantamax Orbeetle are banned\n|rule|Endless Battle Clause: Forcing endless battles is banned\n|rule|HP Percentage Mod: HP is shown in percentages\n|clearpoke\n|poke|p1|Dachsbun, M|\n|poke|p1|Heatran, F|\n|poke|p1|Kleavor, M|\n|poke|p1|Glimmora, F|\n|poke|p1|Flutter Mane|\n|poke|p1|Dragonite, M|\n|poke|p2|Glimmora, M|\n|poke|p2|Gholdengo|\n|poke|p2|Iron Hands|\n|poke|p2|Landorus-Therian, M|\n|poke|p2|Tornadus, M|\n|poke|p2|Ogerpon-Hearthflame, F|\n|teampreview\n|inactive|h4v0ckn1ght also wants the timer to be on.\n|inactive|Penter has 120 seconds left.\n|inactive|Penter has 90 seconds left.\n|\n|t:|1700964578\n|start\n|switch|p1a: Glimmora|Glimmora, F|100\/100\n|switch|p1b: Kleavor|Kleavor, M|100\/100\n|switch|p2a: Gholdengo|Gholdengo|100\/100\n|switch|p2b: Landorus|Landorus-Therian, M|100\/100\n|-ability|p2b: Landorus|Intimidate|boost\n|-unboost|p1a: Glimmora|atk|1\n|-unboost|p1b: Kleavor|atk|1\n|turn|1\n|\n|t:|1700964608\n|switch|p2b: Iron Hands|Iron Hands|100\/100\n|move|p1b: Kleavor|Stone Axe|p2b: Iron Hands\n|-resisted|p2b: Iron Hands\n|-damage|p2b: Iron Hands|88\/100\n|-sidestart|p2: Penter|move: Stealth Rock\n|move|p2a: Gholdengo|Make It Rain|p1a: Glimmora|[spread] p1a,p1b\n|-supereffective|p1a: Glimmora\n|-supereffective|p1b: Kleavor\n|-enditem|p1a: Glimmora|Focus Sash\n|-damage|p1a: Glimmora|1\/100\n|-damage|p1b: Kleavor|0 fnt\n|-unboost|p2a: Gholdengo|spa|1\n|faint|p1b: Kleavor\n|move|p1a: Glimmora|Earth Power|p2a: Gholdengo\n|-supereffective|p2a: Gholdengo\n|-damage|p2a: Gholdengo|32\/100\n|\n|upkeep\n|inactive|h4v0ckn1ght has 120 seconds left.\n|inactive|h4v0ckn1ght has 90 seconds left.\n|inactive|h4v0ckn1ght has 60 seconds left.\n|\n|t:|1700964692\n|switch|p1b: Heatran|Heatran, F|100\/100\n|turn|2\n|\n|t:|1700964713\n|switch|p2a: Landorus|Landorus-Therian, M|100\/100\n|-damage|p2a: Landorus|88\/100|[from] Stealth Rock\n|-ability|p2a: Landorus|Intimidate|boost\n|-unboost|p1a: Glimmora|atk|1\n|-unboost|p1b: Heatran|atk|1\n|switch|p1a: Dachsbun|Dachsbun, M|100\/100\n|move|p2b: Iron Hands|Fake Out|p1b: Heatran\n|-resisted|p1b: Heatran\n|-damage|p1b: Heatran|94\/100\n|cant|p1b: Heatran|flinch\n|\n|upkeep\n|turn|3\n|inactive|h4v0ckn1ght has 90 seconds left.\n|inactive|h4v0ckn1ght has 60 seconds left.\n|inactive|h4v0ckn1ght has 30 seconds left.\n|\n|t:|1700964780\n|-terastallize|p1b: Heatran|Fairy\n|move|p2a: Landorus|U-turn|p1b: Heatran\n|-resisted|p1b: Heatran\n|-damage|p1b: Heatran|83\/100\n|inactive|Penter has 120 seconds left.\n|\n|t:|1700964790\n|switch|p2a: Ogerpon|Ogerpon-Hearthflame, F|100\/100|[from] U-turn\n|-damage|p2a: Ogerpon|76\/100|[from] Stealth Rock\n|-ability|p2a: Ogerpon|Mold Breaker\n|move|p1b: Heatran|Lava Plume|p2a: Ogerpon|[spread] p2a,p2b\n|-ability|p1a: Dachsbun|Well-Baked Body|boost\n|-boost|p1a: Dachsbun|def|2\n|-damage|p2a: Ogerpon|46\/100\n|-damage|p2b: Iron Hands|75\/100\n|move|p1a: Dachsbun|Body Press|p2b: Iron Hands\n|-damage|p2b: Iron Hands|42\/100\n|move|p2b: Iron Hands|Close Combat|p1b: Heatran\n|-resisted|p1b: Heatran\n|-damage|p1b: Heatran|49\/100\n|-unboost|p2b: Iron Hands|def|1\n|-unboost|p2b: Iron Hands|spd|1\n|\n|upkeep\n|turn|4\n|inactive|h4v0ckn1ght has 30 seconds left.\n|\n|t:|1700964824\n|-end|p2b: Iron Hands|Quark Drive|[silent]\n|switch|p2b: Glimmora|Glimmora, M|100\/100\n|-damage|p2b: Glimmora|88\/100|[from] Stealth Rock\n|move|p2a: Ogerpon|Ivy Cudgel|p1b: Heatran|[anim] Ivy Cudgel Fire\n|-damage|p1b: Heatran|0 fnt\n|faint|p1b: Heatran\n|move|p1a: Dachsbun|Trailblaze|p2b: Glimmora\n|-damage|p2b: Glimmora|76\/100\n|-boost|p1a: Dachsbun|spe|1\n|-activate|p2b: Glimmora|ability: Toxic Debris\n|-sidestart|p1: h4v0ckn1ght|move: Toxic Spikes\n|\n|upkeep\n|\n|t:|1700964828\n|switch|p1b: Glimmora|Glimmora, F|1\/100\n|-sideend|p1: h4v0ckn1ght|move: Toxic Spikes|[of] p1b: Glimmora\n|turn|5\n|\n|t:|1700964846\n|move|p2a: Ogerpon|Spiky Shield|p2a: Ogerpon\n|-singleturn|p2a: Ogerpon|move: Protect\n|move|p1a: Dachsbun|Body Press|p2a: Ogerpon\n|-activate|p2a: Ogerpon|move: Protect\n|-damage|p1a: Dachsbun|88\/100|[from] Spiky Shield|[of] p2a: Ogerpon\n|move|p1b: Glimmora|Earth Power|p2b: Glimmora\n|-supereffective|p2b: Glimmora\n|-damage|p2b: Glimmora|0 fnt\n|faint|p2b: Glimmora\n|\n|upkeep\n|\n|t:|1700964862\n|switch|p2b: Gholdengo|Gholdengo|32\/100\n|-damage|p2b: Gholdengo|26\/100|[from] Stealth Rock\n|turn|6\n|inactive|h4v0ckn1ght has 60 seconds left.\n|\n|t:|1700964891\n|switch|p2a: Landorus|Landorus-Therian, M|88\/100\n|-damage|p2a: Landorus|76\/100|[from] Stealth Rock\n|-ability|p2a: Landorus|Intimidate|boost\n|-unboost|p1a: Dachsbun|atk|1\n|-unboost|p1b: Glimmora|atk|1\n|move|p2b: Gholdengo|Make It Rain|p1b: Glimmora|[spread] p1a,p1b\n|-supereffective|p1a: Dachsbun\n|-supereffective|p1b: Glimmora\n|-damage|p1a: Dachsbun|16\/100\n|-damage|p1b: Glimmora|0 fnt\n|-unboost|p2b: Gholdengo|spa|1\n|faint|p1b: Glimmora\n|move|p1a: Dachsbun|Body Press|p2a: Landorus\n|-resisted|p2a: Landorus\n|-damage|p2a: Landorus|46\/100\n|\n|upkeep\n|inactive|h4v0ckn1ght has 60 seconds left.\n|\n|t:|1700964899\n|switch|p1b: Flutter Mane|Flutter Mane|100\/100\n|turn|7\n|-message|h4v0ckn1ght forfeited.\n|\n|win|Penter\n|n|\u2606h4v0ckn1ght|h4v0ckn1ght\n|n|\u2606Penter|penter\n","uploadtime":1700964908,"views":5,"p1id":"h4v0ckn1ght","p2id":"penter","formatid":"gen9doublesou","rating":0,"private":0,"password":""}