{"id":"gen9doublesou-1995165020","p1":"dropthemike","p2":"fabryez","format":"[Gen 9] Doubles OU","log":"|j|\u2606dropthemike\n|j|\u2606fabryez\n|t:|1700529852\n|gametype|doubles\n|player|p1|dropthemike|roxie|1075\n|player|p2|fabryez|169|1158\n|teamsize|p1|6\n|teamsize|p2|6\n|gen|9\n|tier|[Gen 9] Doubles OU\n|rated|\n|rule|Species Clause: Limit one of each Pok\u00e9mon\n|rule|OHKO Clause: OHKO moves are banned\n|rule|Evasion Moves Clause: Evasion moves are banned\n|rule|Gravity Sleep Clause: The combination of sleep-inducing moves with imperfect accuracy and Gravity or Gigantamax Orbeetle are banned\n|rule|Endless Battle Clause: Forcing endless battles is banned\n|rule|HP Percentage Mod: HP is shown in percentages\n|clearpoke\n|poke|p1|Skeledirge, F|\n|poke|p1|Diancie|\n|poke|p1|Noivern, F|\n|poke|p1|Regieleki|\n|poke|p1|Samurott, M|\n|poke|p1|Chesnaught, M|\n|poke|p2|Snorlax, M|\n|poke|p2|Grimmsnarl, M|\n|poke|p2|Sinistcha-Masterpiece|\n|poke|p2|Toxapex, M|\n|poke|p2|Garganacl, F|\n|poke|p2|Hatterene, F|\n|teampreview\n|\n|t:|1700529874\n|start\n|switch|p1a: Skeledirge|Skeledirge, F|100\/100\n|switch|p1b: Chesnaught|Chesnaught, M|100\/100\n|switch|p2a: Hatterene|Hatterene, F|100\/100\n|switch|p2b: Snorlax|Snorlax, M, shiny|100\/100\n|turn|1\n|inactive|Battle timer is ON: inactive players will automatically lose when time's up. (requested by dropthemike)\n|\n|t:|1700529896\n|move|p1a: Skeledirge|Fire Pledge|p2a: Hatterene\n|-waiting|p1a: Skeledirge|p1b: Chesnaught\n|move|p1b: Chesnaught|Grass Pledge|p2a: Hatterene|[from]move: Fire Pledge\n|-combine\n|-damage|p2a: Hatterene|58\/100\n|-sidestart|p2: fabryez|Fire Pledge\n|move|p2b: Snorlax|Curse|p2b: Snorlax\n|-unboost|p2b: Snorlax|spe|1\n|-boost|p2b: Snorlax|atk|1\n|-boost|p2b: Snorlax|def|1\n|move|p2a: Hatterene|Trick Room|p2a: Hatterene\n|-fieldstart|move: Trick Room|[of] p2a: Hatterene\n|\n|-damage|p2b: Snorlax|88\/100|[from] Fire Pledge\n|-heal|p2b: Snorlax|94\/100|[from] item: Leftovers\n|-damage|p2a: Hatterene|46\/100|[from] Fire Pledge\n|-heal|p2a: Hatterene|52\/100|[from] item: Leftovers\n|upkeep\n|turn|2\n|\n|t:|1700529924\n|-terastallize|p2b: Snorlax|Fairy\n|move|p2b: Snorlax|Tera Blast|p1a: Skeledirge|[anim] Tera Blast Fairy\n|-resisted|p1a: Skeledirge\n|-damage|p1a: Skeledirge|73\/100\n|move|p2a: Hatterene|Mystical Fire|p1b: Chesnaught\n|-supereffective|p1b: Chesnaught\n|-damage|p1b: Chesnaught|37\/100\n|-unboost|p1b: Chesnaught|spa|1\n|move|p1b: Chesnaught|Body Press|p2b: Snorlax\n|-resisted|p2b: Snorlax\n|-damage|p2b: Snorlax|81\/100\n|move|p1a: Skeledirge|Hex|p2a: Hatterene\n|-supereffective|p2a: Hatterene\n|-damage|p2a: Hatterene|0 fnt\n|faint|p2a: Hatterene\n|\n|-damage|p2b: Snorlax|68\/100|[from] Fire Pledge\n|-heal|p2b: Snorlax|75\/100|[from] item: Leftovers\n|upkeep\n|inactive|fabryez has 120 seconds left.\n|\n|t:|1700529943\n|switch|p2a: Toxapex|Toxapex, M|100\/100\n|turn|3\n|\n|t:|1700529957\n|move|p2a: Toxapex|Baneful Bunker|p2a: Toxapex\n|-singleturn|p2a: Toxapex|move: Protect\n|move|p2b: Snorlax|Earthquake|p1a: Skeledirge|[spread] p1a,p1b\n|-activate|p2a: Toxapex|move: Protect\n|-supereffective|p1a: Skeledirge\n|-resisted|p1b: Chesnaught\n|-damage|p1a: Skeledirge|8\/100\n|-damage|p1b: Chesnaught|26\/100\n|move|p1b: Chesnaught|Grass Pledge|p2a: Toxapex\n|-activate|p2a: Toxapex|move: Protect\n|move|p1a: Skeledirge|Torch Song|p2b: Snorlax\n|-damage|p2b: Snorlax|35\/100\n|-boost|p1a: Skeledirge|spa|1\n|\n|-damage|p2b: Snorlax|22\/100|[from] Fire Pledge\n|-heal|p2b: Snorlax|29\/100|[from] item: Leftovers\n|-damage|p2a: Toxapex|88\/100|[from] Fire Pledge\n|-heal|p2a: Toxapex|94\/100|[from] item: Leftovers\n|upkeep\n|turn|4\n|\n|t:|1700529980\n|move|p2b: Snorlax|Body Slam|p1b: Chesnaught\n|-crit|p1b: Chesnaught\n|-damage|p1b: Chesnaught|0 fnt\n|faint|p1b: Chesnaught\n|move|p2a: Toxapex|Liquidation|p1a: Skeledirge\n|-supereffective|p1a: Skeledirge\n|-damage|p1a: Skeledirge|0 fnt\n|faint|p1a: Skeledirge\n|\n|-damage|p2b: Snorlax|16\/100|[from] Fire Pledge\n|-heal|p2b: Snorlax|22\/100|[from] item: Leftovers\n|-damage|p2a: Toxapex|82\/100|[from] Fire Pledge\n|-heal|p2a: Toxapex|88\/100|[from] item: Leftovers\n|-sideend|p2: fabryez|Fire Pledge\n|upkeep\n|inactive|dropthemike has 120 seconds left.\n|\n|t:|1700530008\n|switch|p1b: Noivern|Noivern, F|100\/100\n|switch|p1a: Samurott|Samurott, M|100\/100\n|turn|5\n|\n|t:|1700530021\n|switch|p2a: Sinistcha|Sinistcha-Masterpiece|100\/100\n|-heal|p2b: Snorlax|47\/100|[from] ability: Hospitality|[of] p2a: Sinistcha\n|move|p2b: Snorlax|Body Slam|p1a: Samurott\n|-damage|p1a: Samurott|40\/100\n|move|p1a: Samurott|Bulldoze|p2b: Snorlax|[spread] p2a,p2b\n|-immune|p1b: Noivern\n|-resisted|p2a: Sinistcha\n|-damage|p2a: Sinistcha|95\/100\n|-damage|p2b: Snorlax|41\/100\n|-unboost|p2a: Sinistcha|spe|1\n|-unboost|p2b: Snorlax|spe|1\n|move|p1b: Noivern|Tailwind|p1b: Noivern\n|-sidestart|p1: dropthemike|move: Tailwind\n|\n|-heal|p2b: Snorlax|47\/100|[from] item: Leftovers\n|-heal|p2a: Sinistcha|100\/100|[from] item: Leftovers\n|-fieldend|move: Trick Room\n|upkeep\n|turn|6\n|inactive|dropthemike has 120 seconds left.\n|\n|t:|1700530055\n|move|p2a: Sinistcha|Rage Powder|p2a: Sinistcha\n|-singleturn|p2a: Sinistcha|move: Rage Powder\n|move|p1b: Noivern|Flamethrower|p2a: Sinistcha\n|-supereffective|p2a: Sinistcha\n|-damage|p2a: Sinistcha|35\/100\n|move|p1a: Samurott|Rain Dance|p1a: Samurott\n|-weather|RainDance\n|move|p2b: Snorlax|Body Slam|p1a: Samurott\n|-damage|p1a: Samurott|0 fnt\n|faint|p1a: Samurott\n|\n|-weather|RainDance|[upkeep]\n|-heal|p2a: Sinistcha|41\/100|[from] item: Leftovers\n|-heal|p2b: Snorlax|53\/100|[from] item: Leftovers\n|upkeep\n|inactive|dropthemike has 120 seconds left.\n|\n|t:|1700530067\n|switch|p1a: Regieleki|Regieleki|100\/100\n|turn|7\n|\n|t:|1700530076\n|-terastallize|p1a: Regieleki|Electric\n|move|p2a: Sinistcha|Protect|p2a: Sinistcha\n|-singleturn|p2a: Sinistcha|Protect\n|move|p1a: Regieleki|Electro Ball|p2b: Snorlax\n|-crit|p2b: Snorlax\n|-damage|p2b: Snorlax|0 fnt\n|faint|p2b: Snorlax\n|move|p1b: Noivern|Hurricane|p2a: Sinistcha\n|-activate|p2a: Sinistcha|move: Protect\n|\n|-weather|RainDance|[upkeep]\n|-heal|p2a: Sinistcha|47\/100|[from] item: Leftovers\n|upkeep\n|\n|t:|1700530089\n|switch|p2b: Garganacl|Garganacl, F|100\/100\n|turn|8\n|\n|t:|1700530097\n|move|p2a: Sinistcha|Rage Powder|p2a: Sinistcha\n|-singleturn|p2a: Sinistcha|move: Rage Powder\n|move|p1a: Regieleki|Electro Ball|p2a: Sinistcha\n|-resisted|p2a: Sinistcha\n|-damage|p2a: Sinistcha|0 fnt\n|faint|p2a: Sinistcha\n|move|p1b: Noivern|Dragon Pulse|p2b: Garganacl\n|-damage|p2b: Garganacl|75\/100\n|move|p2b: Garganacl|Salt Cure|p1a: Regieleki\n|-damage|p1a: Regieleki|73\/100\n|-start|p1a: Regieleki|Salt Cure\n|\n|-weather|RainDance|[upkeep]\n|-damage|p1a: Regieleki|61\/100|[from] Salt Cure\n|-sideend|p1: dropthemike|move: Tailwind\n|upkeep\n|\n|t:|1700530110\n|switch|p2a: Grimmsnarl|Grimmsnarl, M, shiny|100\/100\n|turn|9\n|\n|t:|1700530129\n|move|p2a: Grimmsnarl|Light Screen|p2a: Grimmsnarl\n|-sidestart|p2: fabryez|move: Light Screen\n|move|p1a: Regieleki|Electro Ball|p2b: Garganacl\n|-damage|p2b: Garganacl|0 fnt\n|faint|p2b: Garganacl\n|move|p1b: Noivern|Hurricane|p2a: Grimmsnarl\n|-damage|p2a: Grimmsnarl|45\/100\n|\n|-weather|RainDance|[upkeep]\n|-damage|p1a: Regieleki|49\/100|[from] Salt Cure\n|upkeep\n|\n|t:|1700530137\n|switch|p2b: Toxapex|Toxapex, M|100\/100\n|turn|10\n|\n|t:|1700530146\n|move|p2a: Grimmsnarl|Protect|p2a: Grimmsnarl\n|-singleturn|p2a: Grimmsnarl|Protect\n|move|p2b: Toxapex|Baneful Bunker|p2b: Toxapex\n|-singleturn|p2b: Toxapex|move: Protect\n|move|p1a: Regieleki|Electro Ball|p2b: Toxapex\n|-activate|p2b: Toxapex|move: Protect\n|move|p1b: Noivern|Hurricane|p2a: Grimmsnarl\n|-activate|p2a: Grimmsnarl|move: Protect\n|\n|-weather|none\n|-damage|p1a: Regieleki|36\/100|[from] Salt Cure\n|upkeep\n|turn|11\n|\n|t:|1700530164\n|move|p2a: Grimmsnarl|Reflect|p2a: Grimmsnarl\n|-sidestart|p2: fabryez|Reflect\n|move|p1a: Regieleki|Electro Ball|p2b: Toxapex\n|-supereffective|p2b: Toxapex\n|-damage|p2b: Toxapex|0 fnt\n|faint|p2b: Toxapex\n|move|p1b: Noivern|Hurricane|p2a: Grimmsnarl\n|-damage|p2a: Grimmsnarl|0 fnt\n|faint|p2a: Grimmsnarl\n|\n|win|dropthemike\n|raw|dropthemike's rating: 1075 &rarr; <strong>1110<\/strong><br \/>(+35 for winning)\n|raw|fabryez's rating: 1158 &rarr; <strong>1127<\/strong><br \/>(-31 for losing)\n|l|\u2606fabryez\n|c|\u2606dropthemike|ggwp\n","uploadtime":1700530176,"views":18,"p1id":"dropthemike","p2id":"fabryez","formatid":"gen9doublesou","rating":1110,"private":0,"password":""}