{"id":"gen9doublesou-1973421563","p1":"jerket","p2":"GrandBluff","format":"[Gen 9] Doubles OU","log":"|j|\u2606jerket\n|j|\u2606GrandBluff\n|t:|1697972754\n|gametype|doubles\n|player|p1|jerket|102|1617\n|player|p2|GrandBluff|plasmagrunt|1467\n|teamsize|p1|6\n|teamsize|p2|6\n|gen|9\n|tier|[Gen 9] Doubles OU\n|rated|\n|rule|Species Clause: Limit one of each Pok\u00e9mon\n|rule|OHKO Clause: OHKO moves are banned\n|rule|Evasion Moves Clause: Evasion moves are banned\n|rule|Gravity Sleep Clause: The combination of sleep-inducing moves with imperfect accuracy and Gravity or Gigantamax Orbeetle are banned\n|rule|Endless Battle Clause: Forcing endless battles is banned\n|rule|HP Percentage Mod: HP is shown in percentages\n|clearpoke\n|poke|p1|Glimmora, M|\n|poke|p1|Iron Hands|\n|poke|p1|Sinistcha|\n|poke|p1|Flutter Mane|\n|poke|p1|Cresselia, F|\n|poke|p1|Landorus-Therian, M|\n|poke|p2|Moltres-Galar|\n|poke|p2|Cresselia, F|\n|poke|p2|Grimmsnarl, M|\n|poke|p2|Torterra, M|\n|poke|p2|Dragonite, F|\n|poke|p2|Volcanion|\n|teampreview\n|inactive|Battle timer is ON: inactive players will automatically lose when time's up. (requested by GrandBluff)\n|\n|t:|1697972774\n|start\n|switch|p1a: Landorus|Landorus-Therian, M|100\/100\n|switch|p1b: Glimmora|Glimmora, M|100\/100\n|switch|p2a: Grimmsnarl|Grimmsnarl, M|100\/100\n|switch|p2b: Torterra|Torterra, M|100\/100\n|-ability|p1a: Landorus|Intimidate|boost\n|-unboost|p2a: Grimmsnarl|atk|1\n|-unboost|p2b: Torterra|atk|1\n|-enditem|p2b: Torterra|White Herb\n|-clearnegativeboost|p2b: Torterra|[silent]\n|turn|1\n|\n|t:|1697972790\n|move|p2a: Grimmsnarl|Reflect|p2a: Grimmsnarl\n|-sidestart|p2: GrandBluff|Reflect\n|move|p1b: Glimmora|Mortal Spin|p2b: Torterra|[spread] p2a,p2b\n|-supereffective|p2a: Grimmsnarl\n|-damage|p2a: Grimmsnarl|92\/100\n|-damage|p2b: Torterra|98\/100\n|-status|p2a: Grimmsnarl|psn\n|-status|p2b: Torterra|psn\n|move|p1a: Landorus|Stealth Rock|p2a: Grimmsnarl\n|-sidestart|p2: GrandBluff|move: Stealth Rock\n|move|p2b: Torterra|Shell Smash|p2b: Torterra\n|-unboost|p2b: Torterra|def|1\n|-unboost|p2b: Torterra|spd|1\n|-boost|p2b: Torterra|atk|2\n|-boost|p2b: Torterra|spa|2\n|-boost|p2b: Torterra|spe|2\n|\n|-damage|p2b: Torterra|85\/100 psn|[from] psn\n|-damage|p2a: Grimmsnarl|80\/100 psn|[from] psn\n|upkeep\n|turn|2\n|inactive|jerket has 120 seconds left.\n|inactive|GrandBluff has 120 seconds left.\n|\n|t:|1697972833\n|move|p1b: Glimmora|Spiky Shield|p1b: Glimmora\n|-singleturn|p1b: Glimmora|move: Protect\n|move|p2a: Grimmsnarl|Light Screen|p2a: Grimmsnarl\n|-sidestart|p2: GrandBluff|move: Light Screen\n|move|p2b: Torterra|Seed Bomb|p1a: Landorus\n|-damage|p1a: Landorus|45\/100\n|move|p1a: Landorus|Stomping Tantrum|p2a: Grimmsnarl\n|-damage|p2a: Grimmsnarl|52\/100 psn\n|\n|-heal|p1a: Landorus|51\/100|[from] item: Leftovers\n|-damage|p2b: Torterra|73\/100 psn|[from] psn\n|-damage|p2a: Grimmsnarl|40\/100 psn|[from] psn\n|upkeep\n|turn|3\n|\n|t:|1697972848\n|switch|p1b: Sinistcha|Sinistcha|100\/100\n|-heal|p1a: Landorus|76\/100|[from] ability: Hospitality|[of] p1b: Sinistcha\n|move|p2a: Grimmsnarl|Parting Shot|p1a: Landorus\n|-unboost|p1a: Landorus|atk|1\n|-unboost|p1a: Landorus|spa|1\n|\n|t:|1697972855\n|switch|p2a: Cresselia|Cresselia, F|100\/100|[from] Parting Shot\n|-damage|p2a: Cresselia|88\/100|[from] Stealth Rock\n|move|p2b: Torterra|Earthquake|p1a: Landorus|[spread] p1b\n|-immune|p2a: Cresselia|[from] ability: Levitate\n|-immune|p1a: Landorus\n|-resisted|p1b: Sinistcha\n|-crit|p1b: Sinistcha\n|-damage|p1b: Sinistcha|67\/100\n|move|p1a: Landorus|Taunt|p2b: Torterra\n|-start|p2b: Torterra|move: Taunt\n|\n|-heal|p1a: Landorus|82\/100|[from] item: Leftovers\n|-heal|p2a: Cresselia|94\/100|[from] item: Leftovers\n|-damage|p2b: Torterra|61\/100 psn|[from] psn\n|upkeep\n|turn|4\n|\n|t:|1697972885\n|move|p2a: Cresselia|Helping Hand|p2b: Torterra\n|-singleturn|p2b: Torterra|Helping Hand|[of] p2a: Cresselia\n|move|p2b: Torterra|Earthquake|p1a: Landorus|[spread] p1b\n|-immune|p2a: Cresselia|[from] ability: Levitate\n|-immune|p1a: Landorus\n|-resisted|p1b: Sinistcha\n|-damage|p1b: Sinistcha|34\/100\n|move|p1a: Landorus|Taunt|p2a: Cresselia\n|-start|p2a: Cresselia|move: Taunt\n|move|p1b: Sinistcha|Matcha Gotcha|p2b: Torterra|[spread] p2a\n|-miss|p1b: Sinistcha|p2b: Torterra\n|-damage|p2a: Cresselia|87\/100\n|-heal|p1b: Sinistcha|39\/100|[from] drain|[of] p2a: Cresselia\n|\n|-heal|p1a: Landorus|88\/100|[from] item: Leftovers\n|-heal|p2a: Cresselia|93\/100|[from] item: Leftovers\n|-damage|p2b: Torterra|48\/100 psn|[from] psn\n|upkeep\n|turn|5\n|\n|t:|1697972906\n|switch|p1a: Cresselia|Cresselia, F|100\/100\n|move|p2b: Torterra|Seed Bomb|p1a: Cresselia\n|-damage|p1a: Cresselia|65\/100\n|move|p2a: Cresselia|Dazzling Gleam|p1b: Sinistcha|[spread] p1a,p1b\n|-damage|p1a: Cresselia|58\/100\n|-damage|p1b: Sinistcha|25\/100\n|move|p1b: Sinistcha|Matcha Gotcha|p2a: Cresselia|[spread] p2a,p2b\n|-damage|p2a: Cresselia|85\/100\n|-heal|p1b: Sinistcha|31\/100|[from] drain|[of] p2a: Cresselia\n|-damage|p2b: Torterra|24\/100 psn\n|-heal|p1b: Sinistcha|44\/100|[from] drain|[of] p2b: Torterra\n|\n|-heal|p1a: Cresselia|64\/100|[from] item: Leftovers\n|-heal|p2a: Cresselia|91\/100|[from] item: Leftovers\n|-damage|p2b: Torterra|12\/100 psn|[from] psn\n|upkeep\n|turn|6\n|\n|t:|1697972931\n|move|p2b: Torterra|Seed Bomb|p1b: Sinistcha\n|-resisted|p1b: Sinistcha\n|-damage|p1b: Sinistcha|3\/100\n|move|p1a: Cresselia|Lunar Blessing|p1a: Cresselia|[spread] p1a,p1b\n|-heal|p1a: Cresselia|89\/100\n|-heal|p1b: Sinistcha|28\/100\n|move|p2a: Cresselia|Dazzling Gleam|p1b: Sinistcha|[spread] p1a,p1b\n|-damage|p1a: Cresselia|82\/100\n|-damage|p1b: Sinistcha|15\/100\n|move|p1b: Sinistcha|Strength Sap|p2b: Torterra\n|-unboost|p2b: Torterra|atk|1\n|-heal|p1b: Sinistcha|100\/100\n|\n|-heal|p1a: Cresselia|88\/100|[from] item: Leftovers\n|-heal|p2a: Cresselia|97\/100|[from] item: Leftovers\n|-damage|p2b: Torterra|0 fnt|[from] psn\n|faint|p2b: Torterra\n|upkeep\n|inactive|GrandBluff has 120 seconds left.\n|\n|t:|1697972949\n|switch|p2b: Moltres|Moltres-Galar|100\/100\n|-damage|p2b: Moltres|76\/100|[from] Stealth Rock\n|turn|7\n|\n|t:|1697972965\n|switch|p1b: Glimmora|Glimmora, M|100\/100\n|-terastallize|p2b: Moltres|Fairy\n|move|p2b: Moltres|Nasty Plot|p2b: Moltres\n|-boost|p2b: Moltres|spa|2\n|move|p1a: Cresselia|Icy Wind|p2a: Cresselia|[spread] p2a,p2b\n|-damage|p2a: Cresselia|94\/100\n|-damage|p2b: Moltres|71\/100\n|-unboost|p2a: Cresselia|spe|1\n|-unboost|p2b: Moltres|spe|1\n|move|p2a: Cresselia|Dazzling Gleam|p1a: Cresselia|[spread] p1a,p1b\n|-resisted|p1b: Glimmora\n|-crit|p1b: Glimmora\n|-damage|p1a: Cresselia|80\/100\n|-damage|p1b: Glimmora|90\/100\n|\n|-heal|p1a: Cresselia|87\/100|[from] item: Leftovers\n|-heal|p2a: Cresselia|100\/100|[from] item: Leftovers\n|-end|p2a: Cresselia|move: Taunt\n|upkeep\n|turn|8\n|inactive|GrandBluff has 120 seconds left.\n|\n|t:|1697972995\n|switch|p1a: Landorus|Landorus-Therian, M|88\/100\n|-ability|p1a: Landorus|Intimidate|boost\n|-unboost|p2a: Cresselia|atk|1\n|-unboost|p2b: Moltres|atk|1\n|move|p1b: Glimmora|Mortal Spin|p2b: Moltres|[spread] p2a,p2b\n|-crit|p2a: Cresselia\n|-supereffective|p2b: Moltres\n|-damage|p2a: Cresselia|96\/100\n|-damage|p2b: Moltres|63\/100\n|-status|p2a: Cresselia|psn\n|-status|p2b: Moltres|psn\n|move|p2b: Moltres|Nasty Plot|p2b: Moltres\n|-boost|p2b: Moltres|spa|2\n|move|p2a: Cresselia|Lunar Blessing|p2a: Cresselia|[spread] p2a,p2b\n|-heal|p2a: Cresselia|100\/100 psn\n|-curestatus|p2a: Cresselia|psn|[msg]\n|-heal|p2b: Moltres|88\/100 psn\n|-curestatus|p2b: Moltres|psn|[msg]\n|\n|-heal|p1a: Landorus|94\/100|[from] item: Leftovers\n|-sideend|p2: GrandBluff|Reflect\n|upkeep\n|turn|9\n|\n|t:|1697973016\n|move|p2b: Moltres|Protect|p2b: Moltres\n|-singleturn|p2b: Moltres|Protect\n|move|p1b: Glimmora|Mortal Spin|p2b: Moltres|[spread] p2a\n|-activate|p2b: Moltres|move: Protect\n|-damage|p2a: Cresselia|98\/100\n|-status|p2a: Cresselia|psn\n|move|p1a: Landorus|Taunt|p2a: Cresselia\n|-start|p2a: Cresselia|move: Taunt\n|cant|p2a: Cresselia|move: Taunt|Trick Room\n|\n|-heal|p1a: Landorus|99\/100|[from] item: Leftovers\n|-heal|p2a: Cresselia|100\/100 psn|[from] item: Leftovers\n|-damage|p2a: Cresselia|88\/100 psn|[from] psn\n|-sideend|p2: GrandBluff|move: Light Screen\n|upkeep\n|turn|10\n|\n|t:|1697973032\n|switch|p2a: Grimmsnarl|Grimmsnarl, M|40\/100 psn\n|-damage|p2a: Grimmsnarl|27\/100 psn|[from] Stealth Rock\n|move|p1b: Glimmora|Power Gem|p2b: Moltres\n|-damage|p2b: Moltres|51\/100\n|move|p1a: Landorus|Stomping Tantrum|p2b: Moltres\n|-damage|p2b: Moltres|9\/100\n|-ability|p2b: Moltres|Berserk|boost\n|-boost|p2b: Moltres|spa|1\n|-enditem|p2b: Moltres|Sitrus Berry|[eat]\n|-heal|p2b: Moltres|34\/100|[from] item: Sitrus Berry\n|move|p2b: Moltres|Fiery Wrath|p1a: Landorus|[spread] p1a,p1b\n|-damage|p1a: Landorus|0 fnt\n|-damage|p1b: Glimmora|0 fnt\n|faint|p1a: Landorus\n|faint|p1b: Glimmora\n|\n|-damage|p2a: Grimmsnarl|15\/100 psn|[from] psn\n|upkeep\n|\n|t:|1697973054\n|switch|p1b: Iron Hands|Iron Hands|100\/100\n|switch|p1a: Flutter Mane|Flutter Mane|100\/100\n|turn|11\n|\n|t:|1697973061\n|move|p2b: Moltres|Protect|p2b: Moltres\n|-singleturn|p2b: Moltres|Protect\n|move|p2a: Grimmsnarl|Light Screen|p2a: Grimmsnarl\n|-sidestart|p2: GrandBluff|move: Light Screen\n|move|p1a: Flutter Mane|Moonblast|p2b: Moltres\n|-activate|p2b: Moltres|move: Protect\n|move|p1b: Iron Hands|Swords Dance|p1b: Iron Hands\n|-boost|p1b: Iron Hands|atk|2\n|\n|-damage|p2a: Grimmsnarl|2\/100 psn|[from] psn\n|upkeep\n|turn|12\n|\n|t:|1697973085\n|move|p1a: Flutter Mane|Protect|p1a: Flutter Mane\n|-singleturn|p1a: Flutter Mane|Protect\n|move|p1b: Iron Hands|Protect|p1b: Iron Hands\n|-singleturn|p1b: Iron Hands|Protect\n|move|p2a: Grimmsnarl|Parting Shot|p1b: Iron Hands\n|-activate|p1b: Iron Hands|move: Protect\n|move|p2b: Moltres|Tera Blast|p1b: Iron Hands|[anim] Tera Blast Fairy\n|-activate|p1b: Iron Hands|move: Protect\n|\n|-damage|p2a: Grimmsnarl|0 fnt|[from] psn\n|faint|p2a: Grimmsnarl\n|upkeep\n|inactive|GrandBluff has 120 seconds left.\n|\n|t:|1697973101\n|switch|p2a: Cresselia|Cresselia, F|88\/100 psn\n|-damage|p2a: Cresselia|76\/100 psn|[from] Stealth Rock\n|turn|13\n|\n|t:|1697973113\n|move|p2b: Moltres|Protect|p2b: Moltres\n|-singleturn|p2b: Moltres|Protect\n|move|p1a: Flutter Mane|Shadow Ball|p2a: Cresselia\n|-supereffective|p2a: Cresselia\n|-damage|p2a: Cresselia|48\/100 psn\n|move|p2a: Cresselia|Lunar Blessing|p2a: Cresselia|[spread] p2a,p2b\n|-heal|p2a: Cresselia|73\/100 psn\n|-curestatus|p2a: Cresselia|psn|[msg]\n|-heal|p2b: Moltres|58\/100\n|move|p1b: Iron Hands|Wild Charge|p2a: Cresselia\n|-damage|p2a: Cresselia|0 fnt\n|faint|p2a: Cresselia\n|-damage|p1b: Iron Hands|82\/100|[from] Recoil\n|\n|-heal|p1b: Iron Hands|89\/100|[from] item: Leftovers\n|upkeep\n|\n|t:|1697973129\n|switch|p2a: Dragonite|Dragonite, F|100\/100\n|-damage|p2a: Dragonite|76\/100|[from] Stealth Rock\n|turn|14\n|\n|t:|1697973144\n|-terastallize|p1a: Flutter Mane|Fairy\n|move|p2a: Dragonite|Helping Hand|p2b: Moltres\n|-singleturn|p2b: Moltres|Helping Hand|[of] p2a: Dragonite\n|move|p1a: Flutter Mane|Moonblast|p2b: Moltres\n|-damage|p2b: Moltres|16\/100\n|-unboost|p2b: Moltres|spa|1\n|-ability|p2b: Moltres|Berserk|boost\n|-boost|p2b: Moltres|spa|1\n|move|p2b: Moltres|Tera Blast|p1b: Iron Hands|[anim] Tera Blast Fairy\n|-supereffective|p1b: Iron Hands\n|-damage|p1b: Iron Hands|0 fnt\n|faint|p1b: Iron Hands\n|-end|p1b: Iron Hands|Quark Drive|[silent]\n|\n|-heal|p2a: Dragonite|82\/100|[from] item: Leftovers\n|upkeep\n|\n|t:|1697973162\n|switch|p1b: Cresselia|Cresselia, F|87\/100\n|turn|15\n|\n|t:|1697973168\n|move|p2b: Moltres|Protect|p2b: Moltres\n|-singleturn|p2b: Moltres|Protect\n|move|p1a: Flutter Mane|Dazzling Gleam|p2b: Moltres|[spread] p2a\n|-activate|p2b: Moltres|move: Protect\n|-supereffective|p2a: Dragonite\n|-damage|p2a: Dragonite|43\/100\n|move|p1b: Cresselia|Calm Mind|p1b: Cresselia\n|-boost|p1b: Cresselia|spa|1\n|-boost|p1b: Cresselia|spd|1\n|move|p2a: Dragonite|Icy Wind|p1a: Flutter Mane|[spread] p1a,p1b\n|-damage|p1a: Flutter Mane|92\/100\n|-damage|p1b: Cresselia|82\/100\n|-unboost|p1a: Flutter Mane|spe|1\n|-unboost|p1b: Cresselia|spe|1\n|\n|-heal|p2a: Dragonite|49\/100|[from] item: Leftovers\n|-heal|p1b: Cresselia|89\/100|[from] item: Leftovers\n|upkeep\n|turn|16\n|\n|t:|1697973196\n|move|p2b: Moltres|Protect|p2b: Moltres\n|-singleturn|p2b: Moltres|Protect\n|move|p1a: Flutter Mane|Dazzling Gleam|p2b: Moltres|[spread] p2a\n|-activate|p2b: Moltres|move: Protect\n|-supereffective|p2a: Dragonite\n|-damage|p2a: Dragonite|9\/100\n|move|p2a: Dragonite|Icy Wind|p1b: Cresselia|[spread] p1a,p1b\n|-damage|p1a: Flutter Mane|84\/100\n|-damage|p1b: Cresselia|84\/100\n|-unboost|p1a: Flutter Mane|spe|1\n|-unboost|p1b: Cresselia|spe|1\n|move|p1b: Cresselia|Icy Wind|p2b: Moltres|[spread] p2a\n|-activate|p2b: Moltres|move: Protect\n|-supereffective|p2a: Dragonite\n|-damage|p2a: Dragonite|0 fnt\n|faint|p2a: Dragonite\n|\n|-heal|p1b: Cresselia|90\/100|[from] item: Leftovers\n|upkeep\n|inactive|GrandBluff has 120 seconds left.\n|\n|t:|1697973212\n|switch|p2a: Volcanion|Volcanion|100\/100\n|-damage|p2a: Volcanion|75\/100|[from] Stealth Rock\n|turn|17\n|inactive|jerket has 120 seconds left.\n|\n|t:|1697973257\n|move|p2b: Moltres|Fiery Wrath|p1a: Flutter Mane|[spread] p1a,p1b\n|-resisted|p1a: Flutter Mane\n|-supereffective|p1b: Cresselia\n|-damage|p1a: Flutter Mane|40\/100\n|-damage|p1b: Cresselia|0 fnt\n|faint|p1b: Cresselia\n|move|p1a: Flutter Mane|Dazzling Gleam|p2a: Volcanion|[spread] p2a,p2b\n|-resisted|p2a: Volcanion\n|-damage|p2a: Volcanion|59\/100\n|-damage|p2b: Moltres|0 fnt\n|faint|p2b: Moltres\n|move|p2a: Volcanion|Steam Eruption|p1a: Flutter Mane\n|-damage|p1a: Flutter Mane|0 fnt\n|faint|p1a: Flutter Mane\n|-end|p1a: Flutter Mane|Protosynthesis|[silent]\n|\n|-heal|p2a: Volcanion|65\/100|[from] item: Leftovers\n|upkeep\n|-message|jerket forfeited.\n|\n|win|GrandBluff\n|raw|jerket's rating: 1617 &rarr; <strong>1589<\/strong><br \/>(-28 for losing)\n|raw|GrandBluff's rating: 1467 &rarr; <strong>1495<\/strong><br \/>(+28 for winning)\n|l|\u2606jerket\n|j|\u2606jerket\n|player|p1|jerket|102\n","uploadtime":1697973288,"views":13,"p1id":"jerket","p2id":"grandbluff","formatid":"gen9doublesou","rating":1495,"private":0,"password":""}