{"id":"gen9doublesou-1983991806","p1":"Papiloco","p2":"daawesomedude1 (","format":"[Gen 9] Doubles OU","log":"|j|\u2606Papiloco\n|j|\u2606daawesomedude1 (\n|t:|1699207608\n|gametype|doubles\n|player|p1|Papiloco|#rbtt6teampalkia|\n|player|p2|daawesomedude1 (|swimmerf-gen4dp|\n|teamsize|p1|6\n|teamsize|p2|6\n|gen|9\n|tier|[Gen 9] Doubles OU\n|rule|Species Clause: Limit one of each Pok\u00e9mon\n|rule|OHKO Clause: OHKO moves are banned\n|rule|Evasion Moves Clause: Evasion moves are banned\n|rule|Gravity Sleep Clause: The combination of sleep-inducing moves with imperfect accuracy and Gravity or Gigantamax Orbeetle are banned\n|rule|Endless Battle Clause: Forcing endless battles is banned\n|rule|HP Percentage Mod: HP is shown in percentages\n|clearpoke\n|poke|p1|Ogerpon-Hearthflame, F|\n|poke|p1|Tornadus, M|\n|poke|p1|Flutter Mane|\n|poke|p1|Rillaboom, M|\n|poke|p1|Iron Bundle|\n|poke|p1|Chi-Yu|\n|poke|p2|Tornadus, M|\n|poke|p2|Landorus-Therian, M|\n|poke|p2|Kingambit, F|\n|poke|p2|Ogerpon-Hearthflame, F|\n|poke|p2|Flutter Mane|\n|poke|p2|Glimmora, F|\n|teampreview\n|j| qsns\n|j| Spurrific\n|j| Nailea\n|j| Eragon11145\n|c| qsns|LETS GO DAD\n|c|\u2606daawesomedude1 (|battle of dads\n|j| AIRedzone\n|j|+edgar\n|j| Lunarr\n|c| qsns|ah fuck\n|j|+Yoda2798\n|j| theyummybagel\n|j| Heerv\n|c|\u2606Papiloco|LOL\n|c|\u2606Papiloco|hf\n|c|\u2606daawesomedude1 (|u2 homie\n|j| Ninja\n|c| AIRedzone|omg dad1!! and dadcrazy!\n|j|+zoe\n|j| Fakee\n|j| RelicanthPrimal<><\n|j|+Arcticblast\n|c| Spurrific|papiuno\n|j| uwu kittycat\n|j| seroo@!\n|j| Tenzai\n|j| Lemurro\n|\n|t:|1699207742\n|start\n|switch|p1a: Iron Bundle|Iron Bundle|100\/100\n|switch|p1b: Chi-Yu|Chi-Yu|100\/100\n|switch|p2a: Ogerpon|Ogerpon-Hearthflame, F|100\/100\n|switch|p2b: Glimmora|Glimmora, F|100\/100\n|-ability|p2a: Ogerpon|Mold Breaker\n|-ability|p1b: Chi-Yu|Beads of Ruin\n|-enditem|p1a: Iron Bundle|Booster Energy\n|-activate|p1a: Iron Bundle|ability: Quark Drive|[fromitem]\n|-start|p1a: Iron Bundle|quarkdrivespe\n|turn|1\n|l|+zoe\n|l| Heerv\n|l| RelicanthPrimal<><\n|j| RelicanthPrimal<><\n|j| luisin\n|l| Eragon11145\n|c| Fakee|hola edgar buenos d\u00edas\n|l| luisin\n|\n|t:|1699207859\n|-terastallize|p1a: Iron Bundle|Dragon\n|move|p1a: Iron Bundle|Icy Wind|p2b: Glimmora|[spread] p2a,p2b\n|-damage|p2a: Ogerpon|70\/100\n|-damage|p2b: Glimmora|64\/100\n|-unboost|p2a: Ogerpon|spe|1\n|-unboost|p2b: Glimmora|spe|1\n|move|p1b: Chi-Yu|Heat Wave|p2b: Glimmora|[spread] p2a,p2b\n|-resisted|p2b: Glimmora\n|-damage|p2a: Ogerpon|0 fnt\n|-damage|p2b: Glimmora|13\/100\n|faint|p2a: Ogerpon\n|move|p2b: Glimmora|Power Gem|p1b: Chi-Yu\n|-supereffective|p1b: Chi-Yu\n|-damage|p1b: Chi-Yu|2\/100\n|\n|upkeep\n|j| luisin\n|\n|t:|1699207916\n|switch|p2a: Kingambit|Kingambit, F|100\/100\n|turn|2\n|l| luisin\n|j| Heerv\n|j| luisin\n|\n|t:|1699207963\n|switch|p1b: Rillaboom|Rillaboom, M|100\/100\n|-fieldstart|move: Grassy Terrain|[from] ability: Grassy Surge|[of] p1b: Rillaboom\n|switch|p2b: Tornadus|Tornadus, M|100\/100\n|-terastallize|p2a: Kingambit|Fairy\n|move|p1a: Iron Bundle|Freeze-Dry|p2b: Tornadus\n|-supereffective|p2b: Tornadus\n|-damage|p2b: Tornadus|27\/100\n|-enditem|p2b: Tornadus|Sitrus Berry|[eat]\n|-heal|p2b: Tornadus|52\/100|[from] item: Sitrus Berry\n|move|p2a: Kingambit|Tera Blast|p1a: Iron Bundle|[anim] Tera Blast Fairy\n|-supereffective|p1a: Iron Bundle\n|-crit|p1a: Iron Bundle\n|-damage|p1a: Iron Bundle|0 fnt\n|faint|p1a: Iron Bundle\n|-end|p1a: Iron Bundle|Quark Drive|[silent]\n|\n|upkeep\n|l| Ninja\n|\n|t:|1699207999\n|switch|p1a: Tornadus|Tornadus, M|100\/100\n|turn|3\n|j| Enzonana\n|l| RelicanthPrimal<><\n|\n|t:|1699208045\n|switch|p2b: Landorus|Landorus-Therian, M|100\/100\n|-ability|p2b: Landorus|Intimidate|boost\n|-unboost|p1a: Tornadus|atk|1\n|-unboost|p1b: Rillaboom|atk|1\n|move|p1a: Tornadus|Bleakwind Storm|p2a: Kingambit|[spread] p2a\n|-miss|p1a: Tornadus|p2b: Landorus\n|-damage|p2a: Kingambit|77\/100\n|move|p1b: Rillaboom|Wood Hammer|p2a: Kingambit\n|-damage|p2a: Kingambit|35\/100\n|-damage|p1b: Rillaboom|87\/100|[from] Recoil\n|move|p2a: Kingambit|Kowtow Cleave|p1a: Tornadus\n|-damage|p1a: Tornadus|53\/100\n|\n|-heal|p1b: Rillaboom|94\/100|[from] Grassy Terrain\n|-heal|p2a: Kingambit|41\/100|[from] Grassy Terrain\n|upkeep\n|turn|4\n|\n|t:|1699208109\n|switch|p1a: Ogerpon|Ogerpon-Hearthflame, F|100\/100\n|-ability|p1a: Ogerpon|Mold Breaker\n|switch|p2a: Glimmora|Glimmora, F|13\/100\n|move|p2b: Landorus|Stone Edge|p1a: Ogerpon\n|-supereffective|p1a: Ogerpon\n|-damage|p1a: Ogerpon|17\/100\n|move|p1b: Rillaboom|Wood Hammer|p2a: Glimmora\n|-damage|p2a: Glimmora|0 fnt\n|-activate|p2a: Glimmora|ability: Toxic Debris\n|-sidestart|p1: Papiloco|move: Toxic Spikes\n|faint|p2a: Glimmora\n|-damage|p1b: Rillaboom|90\/100|[from] Recoil\n|\n|-heal|p1a: Ogerpon|23\/100|[from] Grassy Terrain\n|-heal|p1b: Rillaboom|97\/100|[from] Grassy Terrain\n|upkeep\n|j|+Mizuhime\n|l|+Mizuhime\n|\n|t:|1699208151\n|switch|p2a: Flutter Mane|Flutter Mane|100\/100\n|turn|5\n|l| luisin\n|l| Lemurro\n|j| luisin\n|l| luisin\n|j| luisin\n|\n|t:|1699208267\n|move|p1a: Ogerpon|Grassy Glide|p2b: Landorus\n|-damage|p2b: Landorus|60\/100\n|move|p2a: Flutter Mane|Shadow Ball|p1a: Ogerpon\n|-damage|p1a: Ogerpon|0 fnt\n|faint|p1a: Ogerpon\n|move|p2b: Landorus|U-turn|p1b: Rillaboom\n|-supereffective|p1b: Rillaboom\n|-damage|p1b: Rillaboom|50\/100\n|\n|t:|1699208301\n|switch|p2b: Tornadus|Tornadus, M|52\/100|[from] U-turn\n|move|p1b: Rillaboom|Wood Hammer|p2b: Tornadus\n|-resisted|p2b: Tornadus\n|-damage|p2b: Tornadus|29\/100\n|-damage|p1b: Rillaboom|43\/100|[from] Recoil\n|\n|-heal|p1b: Rillaboom|49\/100|[from] Grassy Terrain\n|upkeep\n|\n|t:|1699208312\n|switch|p1a: Tornadus|Tornadus, M|53\/100\n|turn|6\n|j| Feyette\n|l| luisin\n|j| Lemurro\n|j| luisin\n|\n|t:|1699208442\n|move|p2b: Tornadus|Tailwind|p2b: Tornadus\n|-sidestart|p2: daawesomedude1 (|move: Tailwind\n|move|p1a: Tornadus|Tailwind|p1a: Tornadus\n|-sidestart|p1: Papiloco|move: Tailwind\n|move|p2a: Flutter Mane|Shadow Ball|p1a: Tornadus\n|-damage|p1a: Tornadus|0 fnt\n|faint|p1a: Tornadus\n|move|p1b: Rillaboom|Wood Hammer|p2a: Flutter Mane\n|-damage|p2a: Flutter Mane|0 fnt\n|faint|p2a: Flutter Mane\n|-end|p2a: Flutter Mane|Protosynthesis|[silent]\n|-damage|p1b: Rillaboom|27\/100|[from] Recoil\n|\n|-heal|p1b: Rillaboom|33\/100|[from] Grassy Terrain\n|-fieldend|move: Grassy Terrain\n|upkeep\n|l| luisin\n|l| Enzonana\n|j|+ILoveMashing\u2764\n|\n|t:|1699208513\n|switch|p2a: Kingambit|Kingambit, F, tera:Fairy|41\/100\n|switch|p1a: Flutter Mane|Flutter Mane|100\/100\n|-status|p1a: Flutter Mane|psn\n|turn|7\n|j| luisin\n|l| luisin\n|j| luisin\n|l|+Arcticblast\n|\n|t:|1699208551\n|move|p2a: Kingambit|Sucker Punch|p1a: Flutter Mane\n|-crit|p1a: Flutter Mane\n|-enditem|p1a: Flutter Mane|Focus Sash\n|-damage|p1a: Flutter Mane|1\/100 psn\n|move|p1a: Flutter Mane|Dazzling Gleam|p2b: Tornadus|[spread] p2a,p2b\n|-damage|p2a: Kingambit|16\/100\n|-damage|p2b: Tornadus|0 fnt\n|faint|p2b: Tornadus\n|move|p1b: Rillaboom|Wood Hammer|p2a: Kingambit\n|-damage|p2a: Kingambit|0 fnt\n|faint|p2a: Kingambit\n|-damage|p1b: Rillaboom|28\/100|[from] Recoil\n|\n|-damage|p1a: Flutter Mane|0 fnt|[from] psn\n|faint|p1a: Flutter Mane\n|-end|p1a: Flutter Mane|Protosynthesis|[silent]\n|upkeep\n|j| Toxinalpaca\n|l| luisin\n|\n|t:|1699208576\n|switch|p1a: Chi-Yu|Chi-Yu|2\/100\n|switch|p2a: Landorus|Landorus-Therian, M|60\/100\n|-status|p1a: Chi-Yu|psn\n|-ability|p1a: Chi-Yu|Beads of Ruin\n|-ability|p2a: Landorus|Intimidate|boost\n|-unboost|p1a: Chi-Yu|atk|1\n|-unboost|p1b: Rillaboom|atk|1\n|turn|8\n|j| luisin\n|\n|t:|1699208594\n|move|p1a: Chi-Yu|Overheat|p2a: Landorus\n|-damage|p2a: Landorus|0 fnt\n|-unboost|p1a: Chi-Yu|spa|2\n|faint|p2a: Landorus\n|\n|win|Papiloco\n|c|\u2606Papiloco|gg\n|c|\u2606daawesomedude1 (|gg\n|l| Spurrific\n|l| luisin\n|l| Toxinalpaca\n|l| Heerv\n|l| Lemurro\n|l| Fakee\n|l|+edgar\n|j| chartreuse hippo\n|j| big pichu\n|l| chartreuse hippo\n|l| AIRedzone\n|l| uwu kittycat\n|l| Feyette\n|l| Nailea\n|l| seroo\n|l|+ILoveMashing\u2764\n","uploadtime":1699208600,"views":134,"p1id":"papiloco","p2id":"daawesomedude1","formatid":"gen9doublesou","rating":0,"private":0,"password":""}