{"id":"gen9doublesou-1982574642","p1":"UnknownOne117","p2":"r3visionzer0","format":"[Gen 9] Doubles OU","log":"|j|\u2606UnknownOne117\n|j|\u2606r3visionzer0\n|t:|1699026753\n|gametype|doubles\n|player|p1|UnknownOne117|2|1107\n|player|p2|r3visionzer0|266|1000\n|teamsize|p1|6\n|teamsize|p2|6\n|gen|9\n|tier|[Gen 9] Doubles OU\n|rated|\n|rule|Species Clause: Limit one of each Pok\u00e9mon\n|rule|OHKO Clause: OHKO moves are banned\n|rule|Evasion Moves Clause: Evasion moves are banned\n|rule|Gravity Sleep Clause: The combination of sleep-inducing moves with imperfect accuracy and Gravity or Gigantamax Orbeetle are banned\n|rule|Endless Battle Clause: Forcing endless battles is banned\n|rule|HP Percentage Mod: HP is shown in percentages\n|clearpoke\n|poke|p1|Kommo-o, F|\n|poke|p1|Clefairy, M|\n|poke|p1|Landorus-Therian, M|\n|poke|p1|Flutter Mane|\n|poke|p1|Rillaboom, M|\n|poke|p1|Grimmsnarl, M|\n|poke|p2|Ninetales-Alola, F|\n|poke|p2|Oricorio, F|\n|poke|p2|Volcarona, M|\n|poke|p2|Indeedee-F, F|\n|poke|p2|Flamigo, F|\n|poke|p2|Ursaluna-Bloodmoon, M|\n|teampreview\n|\n|t:|1699026770\n|start\n|switch|p1a: Grimmsnarl|Grimmsnarl, M|100\/100\n|switch|p1b: Rillaboom|Rillaboom, M|100\/100\n|switch|p2a: Ninetales|Ninetales-Alola, F, shiny|100\/100\n|switch|p2b: Indeedee|Indeedee-F, F|100\/100\n|-weather|Snow|[from] ability: Snow Warning|[of] p2a: Ninetales\n|-fieldstart|move: Grassy Terrain|[from] ability: Grassy Surge|[of] p1b: Rillaboom\n|-enditem|p1b: Rillaboom|Grassy Seed\n|-boost|p1b: Rillaboom|def|1|[from] item: Grassy Seed\n|-fieldstart|move: Psychic Terrain|[from] ability: Psychic Surge|[of] p2b: Indeedee\n|turn|1\n|\n|t:|1699026802\n|move|p2a: Ninetales|Aurora Veil|p2a: Ninetales\n|-sidestart|p2: r3visionzer0|move: Aurora Veil\n|move|p1b: Rillaboom|Grassy Glide|p2b: Indeedee\n|-damage|p2b: Indeedee|80\/100\n|move|p2b: Indeedee|Calm Mind|p2b: Indeedee\n|-boost|p2b: Indeedee|spa|1\n|-boost|p2b: Indeedee|spd|1\n|move|p1a: Grimmsnarl|False Surrender|p2b: Indeedee\n|-supereffective|p2b: Indeedee\n|-damage|p2b: Indeedee|25\/100\n|-enditem|p2b: Indeedee|Sitrus Berry|[eat]\n|-heal|p2b: Indeedee|50\/100|[from] item: Sitrus Berry\n|\n|-weather|Snow|[upkeep]\n|upkeep\n|turn|2\n|inactive|Battle timer is ON: inactive players will automatically lose when time's up. (requested by UnknownOne117)\n|\n|t:|1699026826\n|switch|p2a: Oricorio|Oricorio, F, shiny|100\/100\n|switch|p1b: Clefairy|Clefairy, M|100\/100\n|switch|p1a: Landorus|Landorus-Therian, M|100\/100\n|-ability|p1a: Landorus|Intimidate|boost\n|-unboost|p2a: Oricorio|atk|1\n|-unboost|p2b: Indeedee|atk|1\n|move|p2b: Indeedee|Baton Pass|p2b: Indeedee\n|\n|t:|1699026839\n|switch|p2b: Volcarona|Volcarona, M, shiny|100\/100|[from] Baton Pass\n|\n|-weather|Snow|[upkeep]\n|upkeep\n|turn|3\n|\n|t:|1699026858\n|switch|p1b: Grimmsnarl|Grimmsnarl, M|100\/100\n|move|p2b: Volcarona|Quiver Dance|p2b: Volcarona\n|-boost|p2b: Volcarona|spa|1\n|-boost|p2b: Volcarona|spd|1\n|-boost|p2b: Volcarona|spe|1\n|-activate|p2a: Oricorio|ability: Dancer\n|move|p2a: Oricorio|Quiver Dance|p2a: Oricorio|[from]ability: Dancer\n|-boost|p2a: Oricorio|spa|1\n|-boost|p2a: Oricorio|spd|1\n|-boost|p2a: Oricorio|spe|1\n|move|p2a: Oricorio|Quiver Dance|p2a: Oricorio\n|-boost|p2a: Oricorio|spa|1\n|-boost|p2a: Oricorio|spd|1\n|-boost|p2a: Oricorio|spe|1\n|move|p1a: Landorus|Brick Break|p2b: Volcarona\n|-sideend|p2: r3visionzer0|move: Aurora Veil\n|-resisted|p2b: Volcarona\n|-damage|p2b: Volcarona|80\/100\n|\n|-weather|Snow|[upkeep]\n|-heal|p2b: Volcarona|86\/100|[from] item: Leftovers\n|upkeep\n|turn|4\n|inactive|r3visionzer0 has 120 seconds left.\n|\n|t:|1699026897\n|switch|p1a: Rillaboom|Rillaboom, M|100\/100\n|-fieldstart|move: Grassy Terrain|[from] ability: Grassy Surge|[of] p1a: Rillaboom\n|move|p2a: Oricorio|Protect|p2a: Oricorio\n|-singleturn|p2a: Oricorio|Protect\n|move|p1b: Grimmsnarl|Thunder Wave|p2b: Volcarona\n|-status|p2b: Volcarona|par\n|move|p2b: Volcarona|Fiery Dance|p1b: Grimmsnarl\n|-enditem|p1b: Grimmsnarl|Focus Sash\n|-damage|p1b: Grimmsnarl|1\/100\n|-activate|p2a: Oricorio|ability: Dancer\n|move|p2a: Oricorio|Fiery Dance|p1b: Grimmsnarl|[from]ability: Dancer\n|-damage|p1b: Grimmsnarl|0 fnt\n|-boost|p2a: Oricorio|spa|1\n|faint|p1b: Grimmsnarl\n|\n|-weather|Snow|[upkeep]\n|-heal|p2b: Volcarona|92\/100 par|[from] Grassy Terrain\n|-heal|p2b: Volcarona|98\/100 par|[from] item: Leftovers\n|upkeep\n|\n|t:|1699026915\n|switch|p1b: Landorus|Landorus-Therian, M|100\/100\n|-ability|p1b: Landorus|Intimidate|boost\n|-unboost|p2a: Oricorio|atk|1\n|-unboost|p2b: Volcarona|atk|1\n|turn|5\n|\n|t:|1699026935\n|-terastallize|p1b: Landorus|Rock\n|move|p2b: Volcarona|Rage Powder|p2b: Volcarona\n|-singleturn|p2b: Volcarona|move: Rage Powder\n|move|p2a: Oricorio|Revelation Dance|p1a: Rillaboom\n|-supereffective|p1a: Rillaboom\n|-damage|p1a: Rillaboom|0 fnt\n|faint|p1a: Rillaboom\n|move|p1b: Landorus|Rock Slide|p2a: Oricorio|[spread] p2a,p2b\n|-supereffective|p2a: Oricorio\n|-supereffective|p2b: Volcarona\n|-damage|p2a: Oricorio|0 fnt\n|-damage|p2b: Volcarona|0 fnt\n|faint|p2a: Oricorio\n|faint|p2b: Volcarona\n|\n|-weather|none\n|upkeep\n|\n|t:|1699026956\n|switch|p2b: Ursaluna|Ursaluna-Bloodmoon, M|100\/100\n|switch|p1a: Flutter Mane|Flutter Mane|100\/100\n|switch|p2a: Ninetales|Ninetales-Alola, F, shiny|100\/100\n|-weather|Snow|[from] ability: Snow Warning|[of] p2a: Ninetales\n|-enditem|p1a: Flutter Mane|Booster Energy\n|-activate|p1a: Flutter Mane|ability: Protosynthesis|[fromitem]\n|-start|p1a: Flutter Mane|protosynthesisspe\n|turn|6\n|\n|t:|1699026972\n|move|p1a: Flutter Mane|Mystical Fire|p2a: Ninetales\n|-supereffective|p2a: Ninetales\n|-damage|p2a: Ninetales|45\/100\n|-unboost|p2a: Ninetales|spa|1\n|move|p2a: Ninetales|Aurora Veil|p2a: Ninetales\n|-sidestart|p2: r3visionzer0|move: Aurora Veil\n|move|p1b: Landorus|Rock Slide|p2a: Ninetales|[spread] p2a,p2b\n|-supereffective|p2a: Ninetales\n|-resisted|p2b: Ursaluna\n|-damage|p2a: Ninetales|12\/100\n|-damage|p2b: Ursaluna|93\/100\n|move|p2b: Ursaluna|Earth Power|p1b: Landorus\n|-supereffective|p1b: Landorus\n|-damage|p1b: Landorus|12\/100\n|\n|-weather|Snow|[upkeep]\n|-heal|p2a: Ninetales|18\/100|[from] Grassy Terrain\n|-heal|p1b: Landorus|18\/100|[from] Grassy Terrain\n|-heal|p2b: Ursaluna|99\/100|[from] Grassy Terrain\n|-heal|p2b: Ursaluna|100\/100|[from] item: Leftovers\n|upkeep\n|turn|7\n|inactive|r3visionzer0 has 120 seconds left.\n|\n|t:|1699027003\n|switch|p2a: Indeedee|Indeedee-F, F|50\/100\n|-fieldstart|move: Psychic Terrain|[from] ability: Psychic Surge|[of] p2a: Indeedee\n|move|p1a: Flutter Mane|Mystical Fire|p2a: Indeedee\n|-damage|p2a: Indeedee|34\/100\n|-unboost|p2a: Indeedee|spa|1\n|move|p1b: Landorus|Brick Break|p2a: Indeedee\n|-sideend|p2: r3visionzer0|move: Aurora Veil\n|-damage|p2a: Indeedee|3\/100\n|move|p2b: Ursaluna|Moonlight|p2b: Ursaluna\n|-fail|p2b: Ursaluna|heal\n|\n|-weather|Snow|[upkeep]\n|upkeep\n|turn|8\n|inactive|r3visionzer0 has 120 seconds left.\n|\n|t:|1699027029\n|move|p2a: Indeedee|Follow Me|p2a: Indeedee\n|-singleturn|p2a: Indeedee|move: Follow Me\n|move|p1a: Flutter Mane|Mystical Fire|p2a: Indeedee\n|-damage|p2a: Indeedee|0 fnt\n|faint|p2a: Indeedee\n|move|p1b: Landorus|Rock Slide|p2b: Ursaluna\n|-resisted|p2b: Ursaluna\n|-damage|p2b: Ursaluna|84\/100\n|move|p2b: Ursaluna|Calm Mind|p2b: Ursaluna\n|-boost|p2b: Ursaluna|spa|1\n|-boost|p2b: Ursaluna|spd|1\n|\n|-weather|Snow|[upkeep]\n|-heal|p2b: Ursaluna|90\/100|[from] item: Leftovers\n|upkeep\n|inactive|r3visionzer0 has 120 seconds left.\n|\n|t:|1699027046\n|switch|p2a: Flamigo|Flamigo, F|100\/100\n|turn|9\n|\n|t:|1699027059\n|move|p1a: Flutter Mane|Mystical Fire|p2b: Ursaluna\n|-damage|p2b: Ursaluna|68\/100\n|-unboost|p2b: Ursaluna|spa|1\n|move|p1b: Landorus|Rock Slide|p2a: Flamigo|[spread] p2a,p2b\n|-resisted|p2b: Ursaluna\n|-damage|p2a: Flamigo|57\/100\n|-damage|p2b: Ursaluna|56\/100\n|move|p2a: Flamigo|Close Combat|p1b: Landorus\n|-supereffective|p1b: Landorus\n|-damage|p1b: Landorus|0 fnt\n|-unboost|p2a: Flamigo|def|1\n|-unboost|p2a: Flamigo|spd|1\n|faint|p1b: Landorus\n|move|p2b: Ursaluna|Earth Power|p1a: Flutter Mane\n|-damage|p1a: Flutter Mane|48\/100\n|\n|-weather|Snow|[upkeep]\n|-heal|p2b: Ursaluna|62\/100|[from] item: Leftovers\n|upkeep\n|\n|t:|1699027070\n|switch|p1b: Clefairy|Clefairy, M|100\/100\n|turn|10\n|\n|t:|1699027088\n|move|p1b: Clefairy|Follow Me|p1b: Clefairy\n|-singleturn|p1b: Clefairy|move: Follow Me\n|move|p1a: Flutter Mane|Moonblast|p2a: Flamigo\n|-supereffective|p2a: Flamigo\n|-damage|p2a: Flamigo|0 fnt\n|faint|p2a: Flamigo\n|move|p2b: Ursaluna|Moonlight|p2b: Ursaluna\n|-heal|p2b: Ursaluna|87\/100\n|\n|-weather|none\n|-heal|p2b: Ursaluna|93\/100|[from] item: Leftovers\n|upkeep\n|\n|t:|1699027101\n|switch|p2a: Ninetales|Ninetales-Alola, F, shiny|18\/100\n|-weather|Snow|[from] ability: Snow Warning|[of] p2a: Ninetales\n|turn|11\n|\n|t:|1699027112\n|-terastallize|p2b: Ursaluna|Normal\n|move|p1b: Clefairy|Follow Me|p1b: Clefairy\n|-singleturn|p1b: Clefairy|move: Follow Me\n|move|p1a: Flutter Mane|Mystical Fire|p2a: Ninetales\n|-supereffective|p2a: Ninetales\n|-damage|p2a: Ninetales|0 fnt\n|faint|p2a: Ninetales\n|move|p2b: Ursaluna|Blood Moon|p1b: Clefairy\n|-damage|p1b: Clefairy|24\/100\n|\n|-weather|Snow|[upkeep]\n|-heal|p2b: Ursaluna|99\/100|[from] item: Leftovers\n|-fieldend|move: Psychic Terrain\n|upkeep\n|turn|12\n|\n|t:|1699027129\n|move|p1b: Clefairy|Protect|p1b: Clefairy\n|-singleturn|p1b: Clefairy|Protect\n|move|p1a: Flutter Mane|Mystical Fire|p2b: Ursaluna\n|-damage|p2b: Ursaluna|74\/100\n|-unboost|p2b: Ursaluna|spa|1\n|move|p2b: Ursaluna|Earth Power|p1a: Flutter Mane\n|-damage|p1a: Flutter Mane|21\/100\n|\n|-weather|Snow|[upkeep]\n|-heal|p2b: Ursaluna|80\/100|[from] item: Leftovers\n|upkeep\n|turn|13\n|\n|t:|1699027150\n|move|p1a: Flutter Mane|Mystical Fire|p2b: Ursaluna\n|-damage|p2b: Ursaluna|56\/100\n|-unboost|p2b: Ursaluna|spa|1\n|move|p2b: Ursaluna|Blood Moon|p1b: Clefairy\n|-damage|p1b: Clefairy|0 fnt\n|faint|p1b: Clefairy\n|\n|-weather|Snow|[upkeep]\n|-heal|p2b: Ursaluna|62\/100|[from] item: Leftovers\n|upkeep\n|\n|t:|1699027156\n|switch|p1b: Kommo-o|Kommo-o, F|100\/100\n|turn|14\n|\n|t:|1699027169\n|move|p1a: Flutter Mane|Mystical Fire|p2b: Ursaluna\n|-damage|p2b: Ursaluna|40\/100\n|-unboost|p2b: Ursaluna|spa|1\n|move|p1b: Kommo-o|Clangorous Soul|p1b: Kommo-o\n|-boost|p1b: Kommo-o|atk|1\n|-boost|p1b: Kommo-o|def|1\n|-boost|p1b: Kommo-o|spa|1\n|-boost|p1b: Kommo-o|spd|1\n|-boost|p1b: Kommo-o|spe|1\n|-damage|p1b: Kommo-o|68\/100\n|-enditem|p1b: Kommo-o|Throat Spray\n|-boost|p1b: Kommo-o|spa|1|[from] item: Throat Spray\n|move|p2b: Ursaluna|Moonlight|p2b: Ursaluna\n|-heal|p2b: Ursaluna|65\/100\n|\n|-weather|Snow|[upkeep]\n|-heal|p2b: Ursaluna|71\/100|[from] item: Leftovers\n|upkeep\n|turn|15\n|\n|t:|1699027195\n|move|p1a: Flutter Mane|Mystical Fire|p2b: Ursaluna\n|-damage|p2b: Ursaluna|49\/100\n|-unboost|p2b: Ursaluna|spa|1\n|move|p1b: Kommo-o|Aura Sphere|p2b: Ursaluna\n|-supereffective|p2b: Ursaluna\n|-damage|p2b: Ursaluna|0 fnt\n|faint|p2b: Ursaluna\n|\n|win|UnknownOne117\n|raw|UnknownOne117's rating: 1107 &rarr; <strong>1125<\/strong><br \/>(+18 for winning)\n|raw|r3visionzer0's rating: 1000 &rarr; <strong>1000<\/strong><br \/>(+0 for losing)\n","uploadtime":1699027204,"views":14,"p1id":"unknownone117","p2id":"r3visionzer0","formatid":"gen9doublesou","rating":1000,"private":0,"password":""}