{"id":"gen9doublesou-1970574795","p1":"SXD2002","p2":"bigm55","format":"[Gen 9] Doubles OU","log":"|j|\u2606SXD2002\n|j|\u2606bigm55\n|t:|1697649511\n|gametype|doubles\n|player|p1|SXD2002|silver-masters|1033\n|player|p2|bigm55|depotagent|1138\n|teamsize|p1|4\n|teamsize|p2|6\n|gen|9\n|tier|[Gen 9] Doubles OU\n|rated|\n|rule|Species Clause: Limit one of each Pok\u00e9mon\n|rule|OHKO Clause: OHKO moves are banned\n|rule|Evasion Moves Clause: Evasion moves are banned\n|rule|Gravity Sleep Clause: The combination of sleep-inducing moves with imperfect accuracy and Gravity or Gigantamax Orbeetle are banned\n|rule|Endless Battle Clause: Forcing endless battles is banned\n|rule|HP Percentage Mod: HP is shown in percentages\n|clearpoke\n|poke|p1|Lurantis, M|\n|poke|p1|Murkrow, F|\n|poke|p1|Grimmsnarl, M|\n|poke|p1|Clefairy, F|\n|poke|p2|Regidrago|\n|poke|p2|Arcanine-Hisui, M|\n|poke|p2|Tyranitar, M|\n|poke|p2|Ogerpon-Hearthflame, F|\n|poke|p2|Ursaluna-Bloodmoon, M|\n|poke|p2|Dragonite, M|\n|teampreview\n|inactive|Battle timer is ON: inactive players will automatically lose when time's up. (requested by bigm55)\n|\n|t:|1697649524\n|start\n|switch|p1a: Murkrow|Murkrow, F|100\/100\n|switch|p1b: Lurantis|Lurantis, M|100\/100\n|switch|p2a: Sasha Doggy|Arcanine-Hisui, M, shiny|100\/100\n|switch|p2b: Dragonite|Dragonite, M|100\/100\n|-ability|p2a: Sasha Doggy|Intimidate|boost\n|-unboost|p1a: Murkrow|atk|1\n|-boost|p1b: Lurantis|atk|1\n|turn|1\n|\n|t:|1697649537\n|-terastallize|p1b: Lurantis|Steel\n|move|p2a: Sasha Doggy|Extreme Speed|p1b: Lurantis\n|-resisted|p1b: Lurantis\n|-damage|p1b: Lurantis|87\/100\n|move|p2b: Dragonite|Extreme Speed|p1b: Lurantis\n|-resisted|p1b: Lurantis\n|-damage|p1b: Lurantis|69\/100\n|move|p1a: Murkrow|Screech|p1b: Lurantis\n|-boost|p1b: Lurantis|def|2\n|move|p1b: Lurantis|Superpower|p2a: Sasha Doggy\n|-supereffective|p2a: Sasha Doggy\n|-damage|p2a: Sasha Doggy|0 fnt\n|-boost|p1b: Lurantis|atk|1\n|-boost|p1b: Lurantis|def|1\n|faint|p2a: Sasha Doggy\n|\n|-heal|p1b: Lurantis|75\/100|[from] item: Leftovers\n|upkeep\n|inactive|bigm55 has 120 seconds left.\n|\n|t:|1697649566\n|switch|p2a: Tyranitar|Tyranitar, M|100\/100\n|-weather|Sandstorm|[from] ability: Sand Stream|[of] p2a: Tyranitar\n|turn|2\n|\n|t:|1697649575\n|-terastallize|p2a: Tyranitar|Normal\n|move|p1a: Murkrow|Thunder Wave|p2b: Dragonite\n|-status|p2b: Dragonite|par\n|move|p2a: Tyranitar|Earthquake|p1b: Lurantis|[spread] p1b\n|-immune|p2b: Dragonite\n|-immune|p1a: Murkrow\n|-supereffective|p1b: Lurantis\n|-damage|p1b: Lurantis|49\/100\n|move|p1b: Lurantis|Superpower|p2a: Tyranitar\n|-supereffective|p2a: Tyranitar\n|-damage|p2a: Tyranitar|0 fnt\n|-boost|p1b: Lurantis|atk|1\n|-boost|p1b: Lurantis|def|1\n|faint|p2a: Tyranitar\n|move|p2b: Dragonite|Earthquake|p1b: Lurantis|[spread] p1b\n|-immune|p1a: Murkrow\n|-supereffective|p1b: Lurantis\n|-damage|p1b: Lurantis|29\/100\n|\n|-weather|Sandstorm|[upkeep]\n|-damage|p1a: Murkrow|94\/100|[from] Sandstorm\n|-damage|p2b: Dragonite|94\/100 par|[from] Sandstorm\n|-heal|p1b: Lurantis|35\/100|[from] item: Leftovers\n|-heal|p2b: Dragonite|100\/100 par|[from] item: Leftovers\n|upkeep\n|\n|t:|1697649597\n|switch|p2a: Ursaluna|Ursaluna-Bloodmoon, M|100\/100\n|turn|3\n|\n|t:|1697649612\n|switch|p1a: Clefairy|Clefairy, F|100\/100\n|move|p1b: Lurantis|Protect|p1b: Lurantis\n|-singleturn|p1b: Lurantis|Protect\n|move|p2b: Dragonite|Extreme Speed|p1b: Lurantis\n|-activate|p1b: Lurantis|move: Protect\n|move|p2a: Ursaluna|Vacuum Wave|p1b: Lurantis\n|-activate|p1b: Lurantis|move: Protect\n|\n|-weather|Sandstorm|[upkeep]\n|-damage|p1a: Clefairy|94\/100|[from] Sandstorm\n|-damage|p2b: Dragonite|94\/100 par|[from] Sandstorm\n|-heal|p1b: Lurantis|41\/100|[from] item: Leftovers\n|-heal|p2b: Dragonite|100\/100 par|[from] item: Leftovers\n|upkeep\n|turn|4\n|inactive|bigm55 has 120 seconds left.\n|\n|t:|1697649643\n|move|p1a: Clefairy|Follow Me|p1a: Clefairy\n|-singleturn|p1a: Clefairy|move: Follow Me\n|move|p2b: Dragonite|Extreme Speed|p1a: Clefairy\n|-damage|p1a: Clefairy|61\/100\n|move|p2a: Ursaluna|Blood Moon|p1a: Clefairy\n|-damage|p1a: Clefairy|10\/100\n|move|p1b: Lurantis|Superpower|p2a: Ursaluna\n|-supereffective|p2a: Ursaluna\n|-damage|p2a: Ursaluna|0 fnt\n|-boost|p1b: Lurantis|atk|1\n|-boost|p1b: Lurantis|def|1\n|faint|p2a: Ursaluna\n|\n|-weather|Sandstorm|[upkeep]\n|-damage|p1a: Clefairy|3\/100|[from] Sandstorm\n|-damage|p2b: Dragonite|94\/100 par|[from] Sandstorm\n|-heal|p1b: Lurantis|47\/100|[from] item: Leftovers\n|-heal|p2b: Dragonite|100\/100 par|[from] item: Leftovers\n|upkeep\n|inactive|bigm55 has 120 seconds left.\n|\n|t:|1697649672\n|switch|p2a: Regidrago|Regidrago|100\/100\n|turn|5\n|inactive|bigm55 has 120 seconds left.\n|\n|t:|1697649692\n|move|p1b: Lurantis|Protect|p1b: Lurantis\n|-singleturn|p1b: Lurantis|Protect\n|move|p2b: Dragonite|Extreme Speed|p1a: Clefairy\n|-damage|p1a: Clefairy|0 fnt\n|faint|p1a: Clefairy\n|move|p2a: Regidrago|Dragon Energy|p1b: Lurantis\n|-activate|p1b: Lurantis|move: Protect\n|\n|-weather|Sandstorm|[upkeep]\n|-damage|p2a: Regidrago|94\/100|[from] Sandstorm\n|-damage|p2b: Dragonite|94\/100 par|[from] Sandstorm\n|-heal|p1b: Lurantis|53\/100|[from] item: Leftovers\n|-heal|p2b: Dragonite|100\/100 par|[from] item: Leftovers\n|upkeep\n|\n|t:|1697649707\n|switch|p1a: Murkrow|Murkrow, F|94\/100\n|turn|6\n|\n|t:|1697649718\n|move|p1a: Murkrow|Thunder Wave|p2a: Regidrago\n|-status|p2a: Regidrago|par\n|cant|p2a: Regidrago|par\n|move|p1b: Lurantis|Superpower|p2a: Regidrago\n|-damage|p2a: Regidrago|0 fnt\n|-boost|p1b: Lurantis|atk|1\n|-boost|p1b: Lurantis|def|1\n|faint|p2a: Regidrago\n|move|p2b: Dragonite|Earthquake|p1b: Lurantis|[spread] p1b\n|-immune|p1a: Murkrow\n|-supereffective|p1b: Lurantis\n|-damage|p1b: Lurantis|37\/100\n|\n|-weather|none\n|-heal|p1b: Lurantis|43\/100|[from] item: Leftovers\n|upkeep\n|inactive|bigm55 has 120 seconds left.\n|\n|t:|1697649734\n|switch|p2a: Ogrepron|Ogerpon-Hearthflame, F|100\/100\n|-ability|p2a: Ogrepron|Mold Breaker\n|turn|7\n|\n|t:|1697649751\n|move|p1a: Murkrow|Thunder Wave|p2a: Ogrepron\n|-status|p2a: Ogrepron|par\n|move|p2a: Ogrepron|Ivy Cudgel|p1b: Lurantis\n|-supereffective|p1b: Lurantis\n|-damage|p1b: Lurantis|18\/100\n|move|p1b: Lurantis|Superpower|p2a: Ogrepron\n|-damage|p2a: Ogrepron|19\/100 par\n|-boost|p1b: Lurantis|atk|1\n|move|p2b: Dragonite|Air Slash|p1b: Lurantis\n|-resisted|p1b: Lurantis\n|-damage|p1b: Lurantis|8\/100\n|\n|-heal|p1b: Lurantis|14\/100|[from] item: Leftovers\n|upkeep\n|turn|8\n|\n|t:|1697649771\n|switch|p1a: Grimmsnarl|Grimmsnarl, M|100\/100\n|move|p1b: Lurantis|Protect|p1b: Lurantis\n|-singleturn|p1b: Lurantis|Protect\n|move|p2a: Ogrepron|Ivy Cudgel|p1b: Lurantis\n|-activate|p1b: Lurantis|move: Protect\n|cant|p2b: Dragonite|par\n|\n|-heal|p1b: Lurantis|21\/100|[from] item: Leftovers\n|upkeep\n|turn|9\n|\n|t:|1697649788\n|move|p1a: Grimmsnarl|Scary Face|p1b: Lurantis\n|-boost|p1b: Lurantis|spe|2\n|move|p1b: Lurantis|Superpower|p2a: Ogrepron\n|-damage|p2a: Ogrepron|0 fnt\n|faint|p2a: Ogrepron\n|move|p2b: Dragonite|Air Slash|p1b: Lurantis\n|-resisted|p1b: Lurantis\n|-damage|p1b: Lurantis|10\/100\n|\n|-heal|p1b: Lurantis|16\/100|[from] item: Leftovers\n|upkeep\n|turn|10\n|\n|t:|1697649803\n|move|p1a: Grimmsnarl|Fake Tears|p1b: Lurantis\n|-boost|p1b: Lurantis|spd|2\n|move|p1b: Lurantis|Superpower|p2b: Dragonite\n|-resisted|p2b: Dragonite\n|-damage|p2b: Dragonite|74\/100 par\n|move|p2b: Dragonite|Air Slash|p1b: Lurantis\n|-resisted|p1b: Lurantis\n|-damage|p1b: Lurantis|11\/100\n|\n|-heal|p1b: Lurantis|17\/100|[from] item: Leftovers\n|-heal|p2b: Dragonite|80\/100 par|[from] item: Leftovers\n|upkeep\n|turn|11\n|\n|t:|1697649820\n|move|p1b: Lurantis|Protect|p1b: Lurantis\n|-singleturn|p1b: Lurantis|Protect\n|move|p1a: Grimmsnarl|Fake Tears|p2b: Dragonite\n|-unboost|p2b: Dragonite|spd|2\n|move|p2b: Dragonite|Air Slash|p1b: Lurantis\n|-activate|p1b: Lurantis|move: Protect\n|\n|-heal|p1b: Lurantis|23\/100|[from] item: Leftovers\n|-heal|p2b: Dragonite|86\/100 par|[from] item: Leftovers\n|upkeep\n|turn|12\n|\n|t:|1697649833\n|move|p1a: Grimmsnarl|Fake Tears|p2b: Dragonite\n|-unboost|p2b: Dragonite|spd|2\n|move|p1b: Lurantis|Leaf Storm|p2b: Dragonite\n|-resisted|p2b: Dragonite\n|-damage|p2b: Dragonite|61\/100 par\n|-boost|p1b: Lurantis|spa|2\n|move|p2b: Dragonite|Air Slash|p1b: Lurantis\n|-resisted|p1b: Lurantis\n|-damage|p1b: Lurantis|18\/100\n|\n|-heal|p1b: Lurantis|24\/100|[from] item: Leftovers\n|-heal|p2b: Dragonite|67\/100 par|[from] item: Leftovers\n|upkeep\n|turn|13\n|\n|t:|1697649848\n|move|p1a: Grimmsnarl|Fake Tears|p2b: Dragonite\n|-unboost|p2b: Dragonite|spd|2\n|move|p1b: Lurantis|Leaf Storm|p2b: Dragonite\n|-resisted|p2b: Dragonite\n|-damage|p2b: Dragonite|5\/100 par\n|-boost|p1b: Lurantis|spa|2\n|cant|p2b: Dragonite|par\n|\n|-heal|p1b: Lurantis|30\/100|[from] item: Leftovers\n|-heal|p2b: Dragonite|12\/100 par|[from] item: Leftovers\n|upkeep\n|turn|14\n|c|\u2606bigm55|this is really fair\n|\n|t:|1697649863\n|move|p1a: Grimmsnarl|Fake Tears|p1b: Lurantis\n|-boost|p1b: Lurantis|spd|2\n|move|p1b: Lurantis|Pollen Puff|p2b: Dragonite\n|-resisted|p2b: Dragonite\n|-damage|p2b: Dragonite|0 fnt\n|faint|p2b: Dragonite\n|\n|win|SXD2002\n|raw|SXD2002's rating: 1033 &rarr; <strong>1078<\/strong><br \/>(+45 for winning)\n|raw|bigm55's rating: 1138 &rarr; <strong>1106<\/strong><br \/>(-32 for losing)\n|c|\u2606SXD2002|gg\n","uploadtime":1697649873,"views":13,"p1id":"sxd2002","p2id":"bigm55","formatid":"gen9doublesou","rating":1078,"private":0,"password":""}