{"id":"gen9doublesou-1975436571","p1":"Sir Grandmaster","p2":"baki4739","format":"[Gen 9] Doubles OU","log":"|j|\u2606Sir Grandmaster\n|j|\u2606baki4739\n|inactive|Battle timer is ON: inactive players will automatically lose when time's up.\n|t:|1698191144\n|gametype|doubles\n|player|p1|Sir Grandmaster|ghetsis|\n|player|p2|baki4739|cynthia|\n|teamsize|p1|6\n|teamsize|p2|6\n|gen|9\n|tier|[Gen 9] Doubles OU\n|rated|Tournament battle\n|rule|Species Clause: Limit one of each Pok\u00e9mon\n|rule|OHKO Clause: OHKO moves are banned\n|rule|Evasion Moves Clause: Evasion moves are banned\n|rule|Gravity Sleep Clause: The combination of sleep-inducing moves with imperfect accuracy and Gravity or Gigantamax Orbeetle are banned\n|rule|Endless Battle Clause: Forcing endless battles is banned\n|rule|HP Percentage Mod: HP is shown in percentages\n|clearpoke\n|poke|p1|Pelipper, F|\n|poke|p1|Barraskewda, F|\n|poke|p1|Golduck, M|\n|poke|p1|Talonflame, M|\n|poke|p1|Roaring Moon|\n|poke|p1|Indeedee-F, F|\n|poke|p2|Amoonguss, F|\n|poke|p2|Volcanion|\n|poke|p2|Cresselia, F|\n|poke|p2|Kingambit, M|\n|poke|p2|Dragonite, M|\n|poke|p2|Heatran, F|\n|teampreview\n|j|*Lady Monita \u263d\n|c|\u2606baki4739|glhf SGM\n|c|\u2606Sir Grandmaster|U too\n|\n|t:|1698191171\n|start\n|switch|p1a: Pelipper|Pelipper, F|100\/100\n|switch|p1b: Barraskewda|Barraskewda, F|100\/100\n|switch|p2a: BottomHeavyBitty|Cresselia, F|100\/100\n|switch|p2b: PuffPuffPass|Amoonguss, F|100\/100\n|-weather|RainDance|[from] ability: Drizzle|[of] p1a: Pelipper\n|turn|1\n|inactive|Sir Grandmaster has 120 seconds left.\n|inactive|baki4739 has 120 seconds left.\n|\n|t:|1698191223\n|move|p1b: Barraskewda|Psychic Fangs|p2b: PuffPuffPass\n|-supereffective|p2b: PuffPuffPass\n|-damage|p2b: PuffPuffPass|21\/100\n|-damage|p1b: Barraskewda|84\/100|[from] item: Rocky Helmet|[of] p2b: PuffPuffPass\n|move|p2a: BottomHeavyBitty|Dazzling Gleam|p1b: Barraskewda|[spread] p1a,p1b\n|-damage|p1a: Pelipper|82\/100\n|-damage|p1b: Barraskewda|58\/100\n|move|p1a: Pelipper|U-turn|p2b: PuffPuffPass\n|-damage|p2b: PuffPuffPass|15\/100\n|-damage|p1a: Pelipper|66\/100|[from] item: Rocky Helmet|[of] p2b: PuffPuffPass\n|inactive|Sir Grandmaster has 90 seconds left.\n|l|\u2606Sir Grandmaster\n|inactive|Sir Grandmaster disconnected and has a minute to reconnect!\n|player|p1|\n|j|\u2606Sir Grandmaster\n|inactive|Sir Grandmaster reconnected and has 90 seconds left.\n|player|p1|Sir Grandmaster|ghetsis\n|\n|t:|1698191259\n|switch|p1a: Golduck|Golduck, M|100\/100|[from] U-turn\n|move|p2b: PuffPuffPass|Spore|p1b: Barraskewda\n|-status|p1b: Barraskewda|slp|[from] move: Spore\n|\n|-weather|RainDance|[upkeep]\n|upkeep\n|turn|2\n|inactive|Sir Grandmaster has 90 seconds left.\n|\n|t:|1698191283\n|switch|p2b: ZabuzaChopU|Kingambit, M|100\/100\n|-terastallize|p1a: Golduck|Water\n|cant|p1b: Barraskewda|slp\n|move|p1a: Golduck|Surf|p2b: ZabuzaChopU|[spread] p1b,p2a,p2b\n|-resisted|p1b: Barraskewda\n|-damage|p1b: Barraskewda|0 fnt\n|-damage|p2a: BottomHeavyBitty|56\/100\n|-damage|p2b: ZabuzaChopU|23\/100\n|faint|p1b: Barraskewda\n|-damage|p1a: Golduck|91\/100|[from] item: Life Orb\n|move|p2a: BottomHeavyBitty|Psychic|p1a: Golduck\n|-damage|p1a: Golduck|50\/100\n|\n|-weather|RainDance|[upkeep]\n|upkeep\n|\n|t:|1698191296\n|switch|p1b: Indeedee|Indeedee-F, F|100\/100\n|-fieldstart|move: Psychic Terrain|[from] ability: Psychic Surge|[of] p1b: Indeedee\n|turn|3\n|inactive|Sir Grandmaster has 90 seconds left.\n|\n|t:|1698191318\n|move|p1b: Indeedee|Helping Hand|p1a: Golduck\n|-singleturn|p1a: Golduck|Helping Hand|[of] p1b: Indeedee\n|move|p2b: ZabuzaChopU|Sucker Punch||[still]\n|-fail|p2b: ZabuzaChopU\n|move|p1a: Golduck|Surf|p2a: BottomHeavyBitty|[spread] p1b,p2a,p2b\n|-crit|p2a: BottomHeavyBitty\n|-damage|p1b: Indeedee|0 fnt\n|-damage|p2a: BottomHeavyBitty|0 fnt\n|-damage|p2b: ZabuzaChopU|0 fnt\n|faint|p1b: Indeedee\n|faint|p2a: BottomHeavyBitty\n|faint|p2b: ZabuzaChopU\n|-end|p2b: ZabuzaChopU|fallenundefined|[silent]\n|-damage|p1a: Golduck|40\/100|[from] item: Life Orb\n|\n|-weather|RainDance|[upkeep]\n|upkeep\n|inactive|Sir Grandmaster has 90 seconds left.\n|\n|t:|1698191346\n|switch|p1b: Roaring Moon|Roaring Moon|100\/100\n|switch|p2a: SteamNotSmoke|Volcanion|100\/100\n|switch|p2b: PuffPuffPass|Amoonguss, F|48\/100\n|turn|4\n|\n|t:|1698191372\n|switch|p2a: Akirager|Dragonite, M|100\/100\n|move|p1a: Golduck|Grass Knot|p2a: Akirager\n|-resisted|p2a: Akirager\n|-damage|p2a: Akirager|95\/100\n|-damage|p1a: Golduck|30\/100|[from] item: Life Orb\n|move|p1b: Roaring Moon|Earthquake|p2a: Akirager|[spread] p1a,p2b\n|-immune|p2a: Akirager\n|-damage|p1a: Golduck|0 fnt\n|-damage|p2b: PuffPuffPass|15\/100\n|faint|p1a: Golduck\n|move|p2b: PuffPuffPass|Spore|p1b: Roaring Moon\n|-status|p1b: Roaring Moon|slp|[from] move: Spore\n|\n|-weather|RainDance|[upkeep]\n|upkeep\n|inactive|Sir Grandmaster has 90 seconds left.\n|\n|t:|1698191394\n|switch|p1a: Pelipper|Pelipper, F|66\/100\n|turn|5\n|\n|t:|1698191413\n|switch|p2b: BludOnMyPradaKicks|Heatran, F|100\/100\n|cant|p1b: Roaring Moon|slp\n|move|p2a: Akirager|Thunder Punch|p1a: Pelipper\n|-supereffective|p1a: Pelipper\n|-damage|p1a: Pelipper|0 fnt\n|faint|p1a: Pelipper\n|\n|-weather|RainDance|[upkeep]\n|upkeep\n|j| Crown Oji\n|\n|t:|1698191437\n|switch|p1a: Talonflame|Talonflame, M|100\/100\n|turn|6\n|\n|t:|1698191453\n|move|p1a: Talonflame|Protect|p1a: Talonflame\n|-singleturn|p1a: Talonflame|Protect\n|-curestatus|p1b: Roaring Moon|slp|[msg]\n|move|p1b: Roaring Moon|Earthquake|p2b: BludOnMyPradaKicks|[spread] p2b\n|-activate|p1a: Talonflame|move: Protect\n|-immune|p2a: Akirager\n|-supereffective|p2b: BludOnMyPradaKicks\n|-crit|p2b: BludOnMyPradaKicks\n|-damage|p2b: BludOnMyPradaKicks|0 fnt\n|faint|p2b: BludOnMyPradaKicks\n|move|p2a: Akirager|Thunder Punch|p1a: Talonflame\n|-activate|p1a: Talonflame|move: Protect\n|\n|-weather|RainDance|[upkeep]\n|upkeep\n|c|\u2606Sir Grandmaster|Gg\n|inactive|baki4739 has 120 seconds left.\n|\n|t:|1698191489\n|switch|p2b: SteamNotSmoke|Volcanion|100\/100\n|turn|7\n|inactive|baki4739 has 120 seconds left.\n|\n|t:|1698191502\n|move|p1a: Talonflame|Protect||[still]\n|-fail|p1a: Talonflame\n|move|p1b: Roaring Moon|Earthquake|p2a: Akirager|[spread] p2b\n|-immune|p1a: Talonflame\n|-immune|p2a: Akirager\n|-supereffective|p2b: SteamNotSmoke\n|-damage|p2b: SteamNotSmoke|31\/100\n|move|p2a: Akirager|Earthquake|p1a: Talonflame|[spread] p2b,p1b\n|-immune|p1a: Talonflame\n|-supereffective|p2b: SteamNotSmoke\n|-damage|p2b: SteamNotSmoke|0 fnt\n|-damage|p1b: Roaring Moon|63\/100\n|faint|p2b: SteamNotSmoke\n|\n|-weather|RainDance|[upkeep]\n|-fieldend|move: Psychic Terrain\n|upkeep\n|inactive|baki4739 has 120 seconds left.\n|c|\u2606Sir Grandmaster|??\n|c|\u2606baki4739|Im so dumb\n|c|\u2606baki4739|gg\n|\n|t:|1698191535\n|switch|p2b: PuffPuffPass|Amoonguss, F|48\/100\n|turn|8\n|\n|t:|1698191561\n|move|p2b: PuffPuffPass|Rage Powder|p2b: PuffPuffPass\n|-singleturn|p2b: PuffPuffPass|move: Rage Powder\n|move|p1a: Talonflame|Brave Bird|p2b: PuffPuffPass\n|-supereffective|p2b: PuffPuffPass\n|-damage|p2b: PuffPuffPass|0 fnt\n|-damage|p1a: Talonflame|84\/100|[from] item: Rocky Helmet|[of] p2b: PuffPuffPass\n|faint|p2b: PuffPuffPass\n|-damage|p1a: Talonflame|61\/100|[from] Recoil\n|move|p1b: Roaring Moon|Earthquake|p2a: Akirager|[spread] \n|-immune|p1a: Talonflame\n|-immune|p2a: Akirager\n|move|p2a: Akirager|Dragon Dance|p2a: Akirager\n|-boost|p2a: Akirager|atk|1\n|-boost|p2a: Akirager|spe|1\n|\n|-weather|none\n|upkeep\n|turn|9\n|c|\u2606Sir Grandmaster|Gg\n|\n|t:|1698191576\n|move|p2a: Akirager|Thunder Punch|p1a: Talonflame\n|-supereffective|p1a: Talonflame\n|-damage|p1a: Talonflame|0 fnt\n|faint|p1a: Talonflame\n|move|p1b: Roaring Moon|Earthquake|p2a: Akirager\n|-immune|p2a: Akirager\n|\n|upkeep\n|turn|10\n|inactive|baki4739 has 120 seconds left.\n|c|\u2606baki4739|r u banded?\n|\n|t:|1698191594\n|move|p2a: Akirager|Dragon Dance|p2a: Akirager\n|-boost|p2a: Akirager|atk|1\n|-boost|p2a: Akirager|spe|1\n|move|p1b: Roaring Moon|Earthquake|p2a: Akirager\n|-immune|p2a: Akirager\n|\n|upkeep\n|turn|11\n|c|\u2606Sir Grandmaster|Yes\n|c|\u2606baki4739|Aye. gg\n|c|\u2606Sir Grandmaster|Now u tealise that?\n|\n|t:|1698191613\n|move|p2a: Akirager|Earthquake|p1b: Roaring Moon\n|-crit|p1b: Roaring Moon\n|-damage|p1b: Roaring Moon|0 fnt\n|faint|p1b: Roaring Moon\n|-end|p1b: Roaring Moon|Protosynthesis|[silent]\n|\n|win|baki4739\n|n|\u2606baki4739|baki4739\n|n|*Lady Monita \u263d|ladymonita\n|n|\u2606Sir Grandmaster|sirgrandmaster\n|n| Crown Oji|crownoji\n","uploadtime":1698191614,"views":11,"p1id":"sirgrandmaster","p2id":"baki4739","formatid":"gen9doublesou","rating":0,"private":0,"password":""}