{"id":"gen9doublesou-1986009674","p1":"Sinistcha","p2":"NinRoyale","format":"[Gen 9] Doubles OU","log":"|j|\u2606Sinistcha\n|j|\u2606NinRoyale\n|inactive|Battle timer is ON: inactive players will automatically lose when time's up.\n|t:|1699438067\n|gametype|doubles\n|player|p1|Sinistcha|carmine|\n|player|p2|NinRoyale|benga|\n|teamsize|p1|6\n|teamsize|p2|6\n|gen|9\n|tier|[Gen 9] Doubles OU\n|rated|Tournament battle\n|rule|Species Clause: Limit one of each Pok\u00e9mon\n|rule|OHKO Clause: OHKO moves are banned\n|rule|Evasion Moves Clause: Evasion moves are banned\n|rule|Gravity Sleep Clause: The combination of sleep-inducing moves with imperfect accuracy and Gravity or Gigantamax Orbeetle are banned\n|rule|Endless Battle Clause: Forcing endless battles is banned\n|rule|HP Percentage Mod: HP is shown in percentages\n|clearpoke\n|poke|p1|Sylveon, M|\n|poke|p1|Dragapult, M|\n|poke|p1|Cacnea, M|\n|poke|p1|Skrelp, F|\n|poke|p1|Inteleon, F|\n|poke|p1|Oinkologne, M|\n|poke|p2|Scyther, M|\n|poke|p2|Palafin, M|\n|poke|p2|Dudunsparce-*, M|\n|poke|p2|Gothita, M|\n|poke|p2|Gliscor, F|\n|poke|p2|Hydreigon, M|\n|teampreview\n|j|*Lady Monita \u263d\n|j| Blonking\n|c|\u2606Sinistcha|gl hf\n|\n|t:|1699438083\n|start\n|switch|p1a: child abuse|Dragapult, M|100\/100\n|switch|p1b: bubble 007|Inteleon, F|100\/100\n|switch|p2a: Gliscor|Gliscor, F, shiny|100\/100\n|switch|p2b: Hydreigon|Hydreigon, M, shiny|100\/100\n|turn|1\n|inactive|Sinistcha has 120 seconds left.\n|\n|t:|1699438131\n|move|p2a: Gliscor|Protect|p2a: Gliscor\n|-singleturn|p2a: Gliscor|Protect\n|move|p1a: child abuse|U-turn|p2b: Hydreigon\n|-supereffective|p2b: Hydreigon\n|-damage|p2b: Hydreigon|19\/100\n|\n|t:|1699438139\n|switch|p1a: iconic|Sylveon, M, shiny|100\/100|[from] U-turn\n|move|p1b: bubble 007|Ice Beam|p2a: Gliscor\n|-activate|p2a: Gliscor|move: Protect\n|move|p2b: Hydreigon|Dark Pulse|p1a: iconic\n|-resisted|p1a: iconic\n|-damage|p1a: iconic|81\/100\n|\n|-heal|p1a: iconic|87\/100|[from] item: Leftovers\n|-status|p2a: Gliscor|tox|[from] item: Toxic Orb\n|upkeep\n|turn|2\n|inactive|Sinistcha has 120 seconds left.\n|inactive|NinRoyale has 120 seconds left.\n|inactive|NinRoyale has 90 seconds left.\n|inactive|NinRoyale has 60 seconds left.\n|c|\u2606Sinistcha|?\n|inactive|NinRoyale has 30 seconds left.\n|\n|t:|1699438263\n|-terastallize|p2a: Gliscor|Steel\n|move|p1b: bubble 007|Ice Beam|p2b: Hydreigon\n|-supereffective|p2b: Hydreigon\n|-damage|p2b: Hydreigon|0 fnt\n|faint|p2b: Hydreigon\n|move|p2a: Gliscor|Toxic|p1b: bubble 007\n|-status|p1b: bubble 007|tox\n|move|p1a: iconic|Calm Mind|p1a: iconic\n|-boost|p1a: iconic|spa|1\n|-boost|p1a: iconic|spd|1\n|\n|-heal|p1a: iconic|93\/100|[from] item: Leftovers\n|-damage|p1b: bubble 007|94\/100 tox|[from] psn\n|upkeep\n|inactive|NinRoyale has 30 seconds left.\n|\n|t:|1699438274\n|switch|p2b: Gothita|Gothita, M|100\/100\n|turn|3\n|\n|t:|1699438289\n|switch|p1b: stinky|Oinkologne, M|100\/100\n|-terastallize|p1a: iconic|Fire\n|move|p2b: Gothita|Fake Out|p1a: iconic\n|-damage|p1a: iconic|88\/100\n|move|p2a: Gliscor|Earthquake|p1a: iconic|[spread] p2b,p1a,p1b\n|-supereffective|p1a: iconic\n|-damage|p2b: Gothita|68\/100\n|-damage|p1a: iconic|30\/100\n|-damage|p1b: stinky|83\/100\n|cant|p1a: iconic|flinch\n|\n|-heal|p1a: iconic|36\/100|[from] item: Leftovers\n|upkeep\n|turn|4\n|inactive|NinRoyale has 60 seconds left.\n|\n|t:|1699438303\n|move|p1a: iconic|Protect|p1a: iconic\n|-singleturn|p1a: iconic|Protect\n|move|p2a: Gliscor|Earthquake|p1a: iconic|[spread] p2b,p1b\n|-activate|p1a: iconic|move: Protect\n|-damage|p2b: Gothita|33\/100\n|-damage|p1b: stinky|65\/100\n|move|p1b: stinky|Stomping Tantrum|p2a: Gliscor\n|-supereffective|p2a: Gliscor\n|-damage|p2a: Gliscor|77\/100 tox\n|move|p2b: Gothita|Grass Knot|p1b: stinky\n|-damage|p1b: stinky|44\/100\n|-activate|p1b: stinky|ability: Lingering Aroma|Competitive|[of] p2b: Gothita\n|-enditem|p1b: stinky|Sitrus Berry|[eat]\n|-heal|p1b: stinky|69\/100|[from] item: Sitrus Berry\n|\n|-heal|p1a: iconic|42\/100|[from] item: Leftovers\n|-heal|p2a: Gliscor|90\/100 tox|[from] ability: Poison Heal\n|upkeep\n|turn|5\n|j| Abubakrcl7\n|j| Fiddlw\n|\n|t:|1699438325\n|switch|p1a: spikey|Cacnea, M|100\/100\n|move|p2a: Gliscor|Earthquake|p1b: stinky|[spread] p2b,p1a,p1b\n|-crit|p2b: Gothita\n|-resisted|p1a: spikey\n|-damage|p2b: Gothita|0 fnt\n|-damage|p1a: spikey|83\/100\n|-damage|p1b: stinky|52\/100\n|faint|p2b: Gothita\n|move|p1b: stinky|Stomping Tantrum|p2a: Gliscor\n|-supereffective|p2a: Gliscor\n|-damage|p2a: Gliscor|66\/100 tox\n|\n|-heal|p2a: Gliscor|78\/100 tox|[from] ability: Poison Heal\n|upkeep\n|\n|t:|1699438332\n|switch|p2b: Scyther|Scyther, M|100\/100\n|turn|6\n|inactive|NinRoyale has 90 seconds left.\n|\n|t:|1699438349\n|move|p1a: spikey|Protect|p1a: spikey\n|-singleturn|p1a: spikey|Protect\n|move|p2b: Scyther|Tailwind|p2b: Scyther\n|-sidestart|p2: NinRoyale|move: Tailwind\n|move|p2a: Gliscor|Earthquake|p1b: stinky|[spread] p1b\n|-activate|p1a: spikey|move: Protect\n|-immune|p2b: Scyther\n|-damage|p1b: stinky|34\/100\n|move|p1b: stinky|Body Slam|p2b: Scyther\n|-damage|p2b: Scyther|55\/100\n|\n|-heal|p2a: Gliscor|91\/100 tox|[from] ability: Poison Heal\n|upkeep\n|turn|7\n|\n|t:|1699438364\n|move|p2b: Scyther|Swords Dance|p2b: Scyther\n|-boost|p2b: Scyther|atk|2\n|move|p2a: Gliscor|Earthquake|p1a: spikey|[spread] p1a,p1b\n|-immune|p2b: Scyther\n|-resisted|p1a: spikey\n|-damage|p1a: spikey|64\/100\n|-damage|p1b: stinky|18\/100\n|move|p1b: stinky|Body Slam|p2b: Scyther\n|-damage|p2b: Scyther|12\/100\n|move|p1a: spikey|Disable|p2a: Gliscor\n|-start|p2a: Gliscor|Disable|Earthquake\n|\n|-heal|p2a: Gliscor|100\/100 tox|[from] ability: Poison Heal\n|upkeep\n|turn|8\n|c| Fiddlw|Bro is that lechonk's evolution\n|inactive|NinRoyale has 120 seconds left.\n|c|\u2606Sinistcha|yeah it's called stinky\n|\n|t:|1699438384\n|move|p1a: spikey|Sucker Punch|p2b: Scyther\n|-damage|p2b: Scyther|0 fnt\n|faint|p2b: Scyther\n|move|p2a: Gliscor|Substitute|p2a: Gliscor\n|-start|p2a: Gliscor|Substitute\n|-damage|p2a: Gliscor|76\/100 tox\n|move|p1b: stinky|Stomping Tantrum|p2a: Gliscor\n|-supereffective|p2a: Gliscor\n|-activate|p2a: Gliscor|move: Substitute|[damage]\n|\n|-heal|p2a: Gliscor|88\/100 tox|[from] ability: Poison Heal\n|upkeep\n|\n|t:|1699438390\n|switch|p2b: Palafin|Palafin, M|100\/100\n|turn|9\n|\n|t:|1699438405\n|move|p2b: Palafin|Flip Turn|p1b: stinky\n|-damage|p1b: stinky|0 fnt\n|faint|p1b: stinky\n|l| Fiddlw\n|\n|t:|1699438411\n|detailschange|p2b: Palafin|Palafin-Hero, M\n|switch|p2b: Dudunsparce|Dudunsparce-Three-Segment, M|100\/100|[from] Flip Turn\n|move|p2a: Gliscor|Toxic|p1a: spikey\n|-status|p1a: spikey|tox\n|move|p1a: spikey|Seed Bomb|p2b: Dudunsparce\n|-damage|p2b: Dudunsparce|79\/100\n|\n|-heal|p2b: Dudunsparce|85\/100|[from] item: Leftovers\n|-heal|p2a: Gliscor|100\/100 tox|[from] ability: Poison Heal\n|-damage|p1a: spikey|58\/100 tox|[from] psn\n|-sideend|p2: NinRoyale|move: Tailwind\n|upkeep\n|\n|t:|1699438424\n|switch|p1b: sticky|Skrelp, F|100\/100\n|turn|10\n|l| Abubakrcl7\n|j| Fiddlw\n|\n|t:|1699438451\n|move|p2a: Gliscor|Protect|p2a: Gliscor\n|-singleturn|p2a: Gliscor|Protect\n|move|p2b: Dudunsparce|Hyper Voice|p1a: spikey|[spread] p1a,p1b\n|-damage|p1a: spikey|31\/100 tox\n|-damage|p1b: sticky|70\/100\n|move|p1a: spikey|Seed Bomb|p2b: Dudunsparce\n|-damage|p2b: Dudunsparce|64\/100\n|move|p1b: sticky|Hydro Pump|p2a: Gliscor\n|-activate|p2a: Gliscor|move: Protect\n|\n|-heal|p2b: Dudunsparce|70\/100|[from] item: Leftovers\n|-damage|p1a: spikey|19\/100 tox|[from] psn\n|upkeep\n|turn|11\n|l| Fiddlw\n|\n|t:|1699438471\n|move|p2a: Gliscor|Protect||[still]\n|-fail|p2a: Gliscor\n|move|p2b: Dudunsparce|Ancient Power|p1b: sticky\n|-damage|p1b: sticky|52\/100\n|move|p1a: spikey|Seed Bomb|p2b: Dudunsparce\n|-damage|p2b: Dudunsparce|48\/100\n|move|p1b: sticky|Hydro Pump|p2a: Gliscor\n|-end|p2a: Gliscor|Substitute\n|\n|-heal|p2b: Dudunsparce|54\/100|[from] item: Leftovers\n|-damage|p1a: spikey|1\/100 tox|[from] psn\n|-end|p2a: Gliscor|Disable\n|upkeep\n|turn|12\n|\n|t:|1699438497\n|move|p2a: Gliscor|Earthquake|p1b: sticky|[spread] p2b,p1a,p1b\n|-resisted|p1a: spikey\n|-supereffective|p1b: sticky\n|-damage|p2b: Dudunsparce|30\/100\n|-damage|p1a: spikey|0 fnt\n|-damage|p1b: sticky|0 fnt\n|faint|p1a: spikey\n|faint|p1b: sticky\n|move|p2b: Dudunsparce|Shadow Ball|p1: spikey|[notarget]\n|-fail|p2b: Dudunsparce\n|\n|-heal|p2b: Dudunsparce|36\/100|[from] item: Leftovers\n|upkeep\n|\n|t:|1699438504\n|switch|p1a: bubble 007|Inteleon, F|94\/100 tox\n|switch|p1b: child abuse|Dragapult, M|100\/100\n|turn|13\n|\n|t:|1699438529\n|move|p1b: child abuse|Dragon Darts|p2b: Dudunsparce\n|-damage|p2b: Dudunsparce|6\/100\n|-anim|p1b: child abuse|Dragon Darts|p2a: Gliscor\n|-resisted|p2a: Gliscor\n|-damage|p2a: Gliscor|89\/100 tox\n|move|p1a: bubble 007|Hydro Pump|p2a: Gliscor|[miss]\n|-miss|p1a: bubble 007|p2a: Gliscor\n|move|p2a: Gliscor|Toxic|p1b: child abuse\n|-status|p1b: child abuse|tox\n|move|p2b: Dudunsparce|Ancient Power|p1a: bubble 007\n|-damage|p1a: bubble 007|66\/100 tox\n|-boost|p2b: Dudunsparce|atk|1\n|-boost|p2b: Dudunsparce|def|1\n|-boost|p2b: Dudunsparce|spa|1\n|-boost|p2b: Dudunsparce|spd|1\n|-boost|p2b: Dudunsparce|spe|1\n|\n|-heal|p2b: Dudunsparce|12\/100|[from] item: Leftovers\n|-damage|p1b: child abuse|95\/100 tox|[from] psn\n|-damage|p1a: bubble 007|60\/100 tox|[from] psn\n|-heal|p2a: Gliscor|100\/100 tox|[from] ability: Poison Heal\n|upkeep\n|turn|14\n|\n|t:|1699438553\n|move|p1b: child abuse|Dragon Darts|p2b: Dudunsparce\n|-damage|p2b: Dudunsparce|0 fnt\n|-anim|p1b: child abuse|Dragon Darts|p2a: Gliscor\n|-resisted|p2a: Gliscor\n|-damage|p2a: Gliscor|88\/100 tox\n|faint|p2b: Dudunsparce\n|move|p1a: bubble 007|Hydro Pump|p2a: Gliscor\n|-damage|p2a: Gliscor|0 fnt\n|faint|p2a: Gliscor\n|\n|-damage|p1b: child abuse|83\/100 tox|[from] psn\n|-damage|p1a: bubble 007|47\/100 tox|[from] psn\n|upkeep\n|\n|t:|1699438562\n|switch|p2b: Palafin|Palafin-Hero, M|100\/100\n|-activate|p2b: Palafin|ability: Zero to Hero\n|turn|15\n|\n|t:|1699438574\n|switch|p1a: iconic|Sylveon, M, shiny, tera:Fire|42\/100\n|move|p1b: child abuse|Dragon Darts|p2b: Palafin\n|-damage|p2b: Palafin|62\/100\n|-anim|p1b: child abuse|Dragon Darts|p2b: Palafin\n|-damage|p2b: Palafin|22\/100\n|move|p2b: Palafin|Ice Punch|p1b: child abuse\n|-supereffective|p1b: child abuse\n|-crit|p1b: child abuse\n|-damage|p1b: child abuse|0 fnt\n|faint|p1b: child abuse\n|\n|-heal|p1a: iconic|48\/100|[from] item: Leftovers\n|upkeep\n|\n|t:|1699438577\n|switch|p1b: bubble 007|Inteleon, F|47\/100 tox\n|turn|16\n|\n|t:|1699438590\n|move|p1b: bubble 007|Dark Pulse|p2b: Palafin\n|-damage|p2b: Palafin|0 fnt\n|faint|p2b: Palafin\n|\n|win|Sinistcha\n|n|\u2606Sinistcha|sinistcha\n|n|\u2606NinRoyale|ninroyale\n|n|*Lady Monita \u263d|ladymonita\n|n| Blonking|blonking\n","uploadtime":1699438591,"views":16,"p1id":"sinistcha","p2id":"ninroyale","formatid":"gen9doublesou","rating":0,"private":0,"password":""}