{"id":"gen9doublesou-1984002114","p1":"Hzty","p2":"mylittlecuties<3","format":"[Gen 9] Doubles OU","log":"|j|\u2606Hzty\n|j|\u2606mylittlecuties<3\n|t:|1699208664\n|gametype|doubles\n|player|p1|Hzty|266|1205\n|player|p2|mylittlecuties<3|lenora|1284\n|teamsize|p1|6\n|teamsize|p2|6\n|gen|9\n|tier|[Gen 9] Doubles OU\n|rated|\n|rule|Species Clause: Limit one of each Pok\u00e9mon\n|rule|OHKO Clause: OHKO moves are banned\n|rule|Evasion Moves Clause: Evasion moves are banned\n|rule|Gravity Sleep Clause: The combination of sleep-inducing moves with imperfect accuracy and Gravity or Gigantamax Orbeetle are banned\n|rule|Endless Battle Clause: Forcing endless battles is banned\n|rule|HP Percentage Mod: HP is shown in percentages\n|clearpoke\n|poke|p1|Iron Hands|\n|poke|p1|Sinistcha|\n|poke|p1|Kommo-o, F|\n|poke|p1|Clefairy, F|\n|poke|p1|Farigiraf, F|\n|poke|p1|Landorus-Therian, M|\n|poke|p2|Wyrdeer, F|\n|poke|p2|Ursaluna, F|\n|poke|p2|Snorlax, F|\n|poke|p2|Maushold-Four|\n|poke|p2|Farigiraf, F|\n|poke|p2|Indeedee-F, F|\n|teampreview\n|\n|t:|1699208691\n|start\n|switch|p1a: Clefairy|Clefairy, F|100\/100\n|switch|p1b: Kommo-o|Kommo-o, F|100\/100\n|switch|p2a: Wyrdeer|Wyrdeer, F|100\/100\n|switch|p2b: Ursaluna|Ursaluna, F|100\/100\n|-ability|p2a: Wyrdeer|Intimidate|boost\n|-unboost|p1a: Clefairy|atk|1\n|-unboost|p1b: Kommo-o|atk|1\n|turn|1\n|c|\u2606mylittlecuties<3|good luck :)\n|inactive|Battle timer is ON: inactive players will automatically lose when time's up. (requested by mylittlecuties<3)\n|\n|t:|1699208713\n|-terastallize|p1b: Kommo-o|Steel\n|move|p2b: Ursaluna|Protect|p2b: Ursaluna\n|-singleturn|p2b: Ursaluna|Protect\n|move|p1a: Clefairy|Protect|p1a: Clefairy\n|-singleturn|p1a: Clefairy|Protect\n|move|p1b: Kommo-o|Clangorous Soul|p1b: Kommo-o\n|-boost|p1b: Kommo-o|atk|1\n|-boost|p1b: Kommo-o|def|1\n|-boost|p1b: Kommo-o|spa|1\n|-boost|p1b: Kommo-o|spd|1\n|-boost|p1b: Kommo-o|spe|1\n|-damage|p1b: Kommo-o|68\/100\n|-enditem|p1b: Kommo-o|Throat Spray\n|-boost|p1b: Kommo-o|spa|1|[from] item: Throat Spray\n|move|p2a: Wyrdeer|Trick Room|p2a: Wyrdeer\n|-fieldstart|move: Trick Room|[of] p2a: Wyrdeer\n|\n|-status|p2b: Ursaluna|brn|[from] item: Flame Orb\n|upkeep\n|turn|2\n|\n|t:|1699208740\n|move|p1a: Clefairy|Heal Pulse|p1b: Kommo-o\n|-heal|p1b: Kommo-o|100\/100\n|move|p2b: Ursaluna|Facade|p1b: Kommo-o\n|-resisted|p1b: Kommo-o\n|-damage|p1b: Kommo-o|75\/100\n|move|p2a: Wyrdeer|Light Screen|p2a: Wyrdeer\n|-sidestart|p2: mylittlecuties<3|move: Light Screen\n|move|p1b: Kommo-o|Clanging Scales|p2b: Ursaluna|[spread] p2a,p2b\n|-damage|p2a: Wyrdeer|49\/100\n|-damage|p2b: Ursaluna|59\/100 brn\n|-unboost|p1b: Kommo-o|def|1\n|\n|-damage|p2b: Ursaluna|53\/100 brn|[from] brn\n|upkeep\n|turn|3\n|\n|t:|1699208758\n|move|p1a: Clefairy|Protect|p1a: Clefairy\n|-singleturn|p1a: Clefairy|Protect\n|move|p1b: Kommo-o|Protect|p1b: Kommo-o\n|-singleturn|p1b: Kommo-o|Protect\n|move|p2b: Ursaluna|High Horsepower|p1b: Kommo-o\n|-activate|p1b: Kommo-o|move: Protect\n|move|p2a: Wyrdeer|Reflect|p2a: Wyrdeer\n|-sidestart|p2: mylittlecuties<3|Reflect\n|\n|-damage|p2b: Ursaluna|47\/100 brn|[from] brn\n|upkeep\n|turn|4\n|\n|t:|1699208778\n|switch|p2a: Indeedee|Indeedee-F, F|100\/100\n|-fieldstart|move: Psychic Terrain|[from] ability: Psychic Surge|[of] p2a: Indeedee\n|move|p1a: Clefairy|Follow Me|p1a: Clefairy\n|-singleturn|p1a: Clefairy|move: Follow Me\n|move|p2b: Ursaluna|High Horsepower|p1a: Clefairy|[miss]\n|-miss|p2b: Ursaluna|p1a: Clefairy\n|move|p1b: Kommo-o|Clangorous Soul|p1b: Kommo-o\n|-boost|p1b: Kommo-o|atk|1\n|-boost|p1b: Kommo-o|def|1\n|-boost|p1b: Kommo-o|spa|1\n|-boost|p1b: Kommo-o|spd|1\n|-boost|p1b: Kommo-o|spe|1\n|-damage|p1b: Kommo-o|42\/100\n|\n|-damage|p2b: Ursaluna|41\/100 brn|[from] brn\n|upkeep\n|turn|5\n|inactive|mylittlecuties<3 has 120 seconds left.\n|\n|t:|1699208819\n|move|p1a: Clefairy|Protect|p1a: Clefairy\n|-singleturn|p1a: Clefairy|Protect\n|move|p1b: Kommo-o|Protect|p1b: Kommo-o\n|-singleturn|p1b: Kommo-o|Protect\n|move|p2b: Ursaluna|High Horsepower|p1b: Kommo-o\n|-activate|p1b: Kommo-o|move: Protect\n|move|p2a: Indeedee|Psychic|p1b: Kommo-o\n|-activate|p1b: Kommo-o|move: Protect\n|\n|-damage|p2b: Ursaluna|35\/100 brn|[from] brn\n|-fieldend|move: Trick Room\n|upkeep\n|turn|6\n|\n|t:|1699208837\n|switch|p2b: Maushold|Maushold-Four|100\/100\n|move|p2a: Indeedee|Protect|p2a: Indeedee\n|-singleturn|p2a: Indeedee|Protect\n|move|p1b: Kommo-o|Clanging Scales|p2a: Indeedee|[spread] p2b\n|-activate|p2a: Indeedee|move: Protect\n|-damage|p2b: Maushold|7\/100\n|-unboost|p1b: Kommo-o|def|1\n|move|p1a: Clefairy|Heal Pulse|p1b: Kommo-o\n|-heal|p1b: Kommo-o|92\/100\n|\n|upkeep\n|turn|7\n|\n|t:|1699208857\n|move|p1a: Clefairy|Follow Me|p1a: Clefairy\n|-singleturn|p1a: Clefairy|move: Follow Me\n|move|p1b: Kommo-o|Clanging Scales|p2b: Maushold|[spread] p2a,p2b\n|-damage|p2a: Indeedee|56\/100\n|-damage|p2b: Maushold|0 fnt\n|faint|p2b: Maushold\n|-unboost|p1b: Kommo-o|def|1\n|move|p2a: Indeedee|Trick Room|p2a: Indeedee\n|-fieldstart|move: Trick Room|[of] p2a: Indeedee\n|\n|upkeep\n|\n|t:|1699208865\n|switch|p2b: Snorlax|Snorlax, F|100\/100\n|turn|8\n|\n|t:|1699208876\n|move|p1a: Clefairy|Helping Hand|p1b: Kommo-o\n|-singleturn|p1b: Kommo-o|Helping Hand|[of] p1a: Clefairy\n|move|p2a: Indeedee|Follow Me|p2a: Indeedee\n|-singleturn|p2a: Indeedee|move: Follow Me\n|move|p2b: Snorlax|Belly Drum|p2b: Snorlax\n|-damage|p2b: Snorlax|50\/100\n|-setboost|p2b: Snorlax|atk|6|[from] move: Belly Drum\n|-enditem|p2b: Snorlax|Iapapa Berry|[eat]\n|-heal|p2b: Snorlax|84\/100|[from] item: Iapapa Berry\n|move|p1b: Kommo-o|Clanging Scales|p2b: Snorlax|[spread] p2a,p2b\n|-damage|p2a: Indeedee|0 fnt\n|-damage|p2b: Snorlax|22\/100\n|faint|p2a: Indeedee\n|-unboost|p1b: Kommo-o|def|1\n|\n|-fieldend|move: Psychic Terrain\n|upkeep\n|\n|t:|1699208893\n|switch|p2a: Farigiraf|Farigiraf, F|100\/100\n|turn|9\n|\n|t:|1699208905\n|move|p1a: Clefairy|Protect|p1a: Clefairy\n|-singleturn|p1a: Clefairy|Protect\n|move|p1b: Kommo-o|Protect|p1b: Kommo-o\n|-singleturn|p1b: Kommo-o|Protect\n|move|p2b: Snorlax|Body Slam|p1b: Kommo-o\n|-activate|p1b: Kommo-o|move: Protect\n|move|p2a: Farigiraf|Hyper Voice|p1a: Clefairy|[spread] \n|-activate|p1a: Clefairy|move: Protect\n|-activate|p1b: Kommo-o|move: Protect\n|\n|-sideend|p2: mylittlecuties<3|move: Light Screen\n|upkeep\n|turn|10\n|\n|t:|1699208923\n|move|p1a: Clefairy|Follow Me|p1a: Clefairy\n|-singleturn|p1a: Clefairy|move: Follow Me\n|move|p2b: Snorlax|Body Slam|p1a: Clefairy\n|-damage|p1a: Clefairy|0 fnt\n|faint|p1a: Clefairy\n|move|p2a: Farigiraf|Psychic|p1b: Kommo-o\n|-resisted|p1b: Kommo-o\n|-damage|p1b: Kommo-o|80\/100\n|move|p1b: Kommo-o|Clanging Scales|p2b: Snorlax|[spread] p2a,p2b\n|-damage|p2a: Farigiraf|39\/100\n|-damage|p2b: Snorlax|0 fnt\n|faint|p2b: Snorlax\n|-unboost|p1b: Kommo-o|def|1\n|\n|-sideend|p2: mylittlecuties<3|Reflect\n|upkeep\n|\n|t:|1699208939\n|switch|p2b: Ursaluna|Ursaluna, F|35\/100 brn\n|switch|p1a: Sinistcha|Sinistcha|100\/100\n|-heal|p1b: Kommo-o|100\/100|[from] ability: Hospitality|[of] p1a: Sinistcha\n|turn|11\n|\n|t:|1699208957\n|move|p1a: Sinistcha|Rage Powder|p1a: Sinistcha\n|-singleturn|p1a: Sinistcha|move: Rage Powder\n|move|p2b: Ursaluna|Play Rough|p1a: Sinistcha\n|-damage|p1a: Sinistcha|52\/100\n|move|p2a: Farigiraf|Psychic|p1a: Sinistcha\n|-damage|p1a: Sinistcha|10\/100\n|-enditem|p1a: Sinistcha|Sitrus Berry|[eat]\n|-heal|p1a: Sinistcha|35\/100|[from] item: Sitrus Berry\n|move|p1b: Kommo-o|Clanging Scales|p2b: Ursaluna|[spread] p2a,p2b\n|-damage|p2a: Farigiraf|0 fnt\n|-damage|p2b: Ursaluna|0 fnt\n|faint|p2a: Farigiraf\n|faint|p2b: Ursaluna\n|-unboost|p1b: Kommo-o|def|1\n|\n|-fieldend|move: Trick Room\n|upkeep\n|-message|mylittlecuties<3 forfeited.\n|\n|win|Hzty\n|raw|Hzty's rating: 1205 &rarr; <strong>1236<\/strong><br \/>(+31 for winning)\n|raw|mylittlecuties&lt;3's rating: 1284 &rarr; <strong>1253<\/strong><br \/>(-31 for losing)\n|l|\u2606mylittlecuties<3\n","uploadtime":1699208978,"views":7,"p1id":"hzty","p2id":"mylittlecuties3","formatid":"gen9doublesou","rating":1236,"private":0,"password":""}