{"id":"gen9doublesou-1998067235","p1":"Shelmett","p2":"Never5678","format":"[Gen 9] Doubles OU","log":"|j|\u2606Shelmett\n|j|\u2606Never5678\n|t:|1700886179\n|gametype|doubles\n|player|p1|Shelmett|roxie|1085\n|player|p2|Never5678|ingo|1143\n|teamsize|p1|6\n|teamsize|p2|6\n|gen|9\n|tier|[Gen 9] Doubles OU\n|rated|\n|rule|Species Clause: Limit one of each Pok\u00e9mon\n|rule|OHKO Clause: OHKO moves are banned\n|rule|Evasion Moves Clause: Evasion moves are banned\n|rule|Gravity Sleep Clause: The combination of sleep-inducing moves with imperfect accuracy and Gravity or Gigantamax Orbeetle are banned\n|rule|Endless Battle Clause: Forcing endless battles is banned\n|rule|HP Percentage Mod: HP is shown in percentages\n|clearpoke\n|poke|p1|Ogerpon, F|\n|poke|p1|Skuntank, F|\n|poke|p1|Delibird, M|\n|poke|p1|Cresselia, F|\n|poke|p1|Flutter Mane|\n|poke|p1|Shroodle, M|\n|poke|p2|Azumarill, M|\n|poke|p2|Clefairy, F|\n|poke|p2|Enamorus, F|\n|poke|p2|Flutter Mane|\n|poke|p2|Grimmsnarl, M|\n|poke|p2|Weezing-Galar, F|\n|teampreview\n|\n|t:|1700886194\n|start\n|switch|p1a: Ogerpon|Ogerpon, F|100\/100\n|switch|p1b: Delibird|Delibird, M|100\/100\n|switch|p2a: Enamorus|Enamorus, F|100\/100\n|switch|p2b: Grimmsnarl|Grimmsnarl, M|100\/100\n|turn|1\n|\n|t:|1700886215\n|move|p2b: Grimmsnarl|Fake Out|p1a: Ogerpon\n|-damage|p1a: Ogerpon|87\/100\n|move|p1b: Delibird|Ice Shard|p1a: Ogerpon\n|-supereffective|p1a: Ogerpon\n|-damage|p1a: Ogerpon|54\/100\n|-enditem|p1a: Ogerpon|Weakness Policy\n|-boost|p1a: Ogerpon|atk|2|[from] item: Weakness Policy\n|-boost|p1a: Ogerpon|spa|2|[from] item: Weakness Policy\n|cant|p1a: Ogerpon|flinch\n|move|p2a: Enamorus|Psychic|p1b: Delibird\n|-damage|p1b: Delibird|9\/100\n|\n|upkeep\n|turn|2\n|\n|t:|1700886234\n|-terastallize|p1a: Ogerpon|Grass\n|detailschange|p1a: Ogerpon|Ogerpon-Teal-Tera, F, tera:Grass\n|-ability|p1a: Ogerpon|Embody Aspect (Teal)|boost\n|-boost|p1a: Ogerpon|spe|1\n|move|p1b: Delibird|Ice Shard|p2a: Enamorus\n|-supereffective|p2a: Enamorus\n|-damage|p2a: Enamorus|69\/100\n|move|p2b: Grimmsnarl|Reflect|p2b: Grimmsnarl\n|-sidestart|p2: Never5678|Reflect\n|move|p1a: Ogerpon|Horn Leech|p2b: Grimmsnarl\n|-damage|p2b: Grimmsnarl|46\/100\n|-heal|p1a: Ogerpon|90\/100|[from] drain|[of] p2b: Grimmsnarl\n|move|p2a: Enamorus|Dazzling Gleam|p1a: Ogerpon|[spread] p1a,p1b\n|-damage|p1a: Ogerpon|52\/100\n|-damage|p1b: Delibird|0 fnt\n|faint|p1b: Delibird\n|\n|upkeep\n|\n|t:|1700886255\n|switch|p1b: Flutter Mane|Flutter Mane|100\/100\n|-enditem|p1b: Flutter Mane|Booster Energy\n|-activate|p1b: Flutter Mane|ability: Protosynthesis|[fromitem]\n|-start|p1b: Flutter Mane|protosynthesisspe\n|turn|3\n|\n|t:|1700886275\n|-terastallize|p2a: Enamorus|Steel\n|move|p2b: Grimmsnarl|Light Screen|p2b: Grimmsnarl\n|-sidestart|p2: Never5678|move: Light Screen\n|move|p1b: Flutter Mane|Shadow Ball|p2a: Enamorus\n|-damage|p2a: Enamorus|33\/100\n|-boost|p2a: Enamorus|spd|1\n|move|p1a: Ogerpon|Horn Leech|p2b: Grimmsnarl\n|-crit|p2b: Grimmsnarl\n|-damage|p2b: Grimmsnarl|0 fnt\n|-heal|p1a: Ogerpon|82\/100|[from] drain|[of] p2b: Grimmsnarl\n|faint|p2b: Grimmsnarl\n|move|p2a: Enamorus|Dazzling Gleam|p1a: Ogerpon|[spread] p1a,p1b\n|-damage|p1a: Ogerpon|43\/100\n|-damage|p1b: Flutter Mane|63\/100\n|\n|upkeep\n|\n|t:|1700886300\n|switch|p2b: Weezing|Weezing-Galar, F|100\/100\n|turn|4\n|\n|t:|1700886319\n|move|p1b: Flutter Mane|Shadow Ball|p2b: Weezing\n|-damage|p2b: Weezing|71\/100\n|move|p1a: Ogerpon|Stomping Tantrum|p2a: Enamorus\n|-supereffective|p2a: Enamorus\n|-damage|p2a: Enamorus|0 fnt\n|faint|p2a: Enamorus\n|move|p2b: Weezing|Will-O-Wisp|p1a: Ogerpon\n|-status|p1a: Ogerpon|brn\n|\n|-damage|p1a: Ogerpon|37\/100 brn|[from] brn\n|upkeep\n|\n|t:|1700886332\n|switch|p2a: Flutter Mane|Flutter Mane|100\/100\n|-enditem|p2a: Flutter Mane|Booster Energy\n|-activate|p2a: Flutter Mane|ability: Protosynthesis|[fromitem]\n|-start|p2a: Flutter Mane|protosynthesisspa\n|turn|5\n|\n|t:|1700886350\n|move|p1b: Flutter Mane|Shadow Ball|p2a: Flutter Mane\n|-supereffective|p2a: Flutter Mane\n|-damage|p2a: Flutter Mane|45\/100\n|move|p1a: Ogerpon|Stomping Tantrum|p2b: Weezing\n|-immune|p2b: Weezing|[from] ability: Levitate\n|move|p2a: Flutter Mane|Icy Wind|p1a: Ogerpon|[spread] p1a,p1b\n|-supereffective|p1a: Ogerpon\n|-damage|p1a: Ogerpon|0 fnt\n|-damage|p1b: Flutter Mane|44\/100\n|-unboost|p1b: Flutter Mane|spe|1\n|faint|p1a: Ogerpon\n|move|p2b: Weezing|Sludge Bomb|p1b: Flutter Mane\n|-damage|p1b: Flutter Mane|16\/100\n|-status|p1b: Flutter Mane|psn\n|\n|-damage|p1b: Flutter Mane|3\/100 psn|[from] psn\n|upkeep\n|\n|t:|1700886373\n|switch|p1a: Shroodle|Shroodle, M|100\/100\n|turn|6\n|\n|t:|1700886387\n|move|p2a: Flutter Mane|Protect|p2a: Flutter Mane\n|-singleturn|p2a: Flutter Mane|Protect\n|move|p1a: Shroodle|Parting Shot|p2a: Flutter Mane\n|-activate|p2a: Flutter Mane|move: Protect\n|move|p1b: Flutter Mane|Memento|p2a: Flutter Mane\n|-activate|p2a: Flutter Mane|move: Protect\n|move|p2b: Weezing|Flamethrower|p1a: Shroodle\n|-damage|p1a: Shroodle|52\/100\n|\n|-damage|p1b: Flutter Mane|0 fnt|[from] psn\n|faint|p1b: Flutter Mane\n|-end|p1b: Flutter Mane|Protosynthesis|[silent]\n|upkeep\n|\n|t:|1700886397\n|switch|p1b: Cresselia|Cresselia, F|100\/100\n|turn|7\n|\n|t:|1700886431\n|move|p1a: Shroodle|Parting Shot|p2a: Flutter Mane\n|-unboost|p2a: Flutter Mane|atk|1\n|-unboost|p2a: Flutter Mane|spa|1\n|\n|t:|1700886434\n|switch|p1a: Skuntank|Skuntank, F|100\/100|[from] Parting Shot\n|move|p2a: Flutter Mane|Shadow Ball|p1b: Cresselia\n|-supereffective|p1b: Cresselia\n|-damage|p1b: Cresselia|53\/100\n|move|p1b: Cresselia|Calm Mind|p1b: Cresselia\n|-boost|p1b: Cresselia|spa|1\n|-boost|p1b: Cresselia|spd|1\n|move|p2b: Weezing|Flamethrower|p1a: Skuntank\n|-damage|p1a: Skuntank|75\/100\n|-status|p1a: Skuntank|brn\n|\n|-heal|p1b: Cresselia|59\/100|[from] item: Leftovers\n|-damage|p1a: Skuntank|69\/100 brn|[from] brn\n|upkeep\n|turn|8\n|\n|t:|1700886461\n|move|p2a: Flutter Mane|Shadow Ball|p1b: Cresselia\n|-supereffective|p1b: Cresselia\n|-damage|p1b: Cresselia|27\/100\n|move|p1a: Skuntank|Knock Off|p2a: Flutter Mane\n|-damage|p2a: Flutter Mane|29\/100\n|move|p1b: Cresselia|Moonlight|p1b: Cresselia\n|-heal|p1b: Cresselia|77\/100\n|move|p2b: Weezing|Dazzling Gleam|p1a: Skuntank|[spread] p1a,p1b\n|-damage|p1a: Skuntank|42\/100 brn\n|-damage|p1b: Cresselia|70\/100\n|\n|-heal|p1b: Cresselia|76\/100|[from] item: Leftovers\n|-damage|p1a: Skuntank|36\/100 brn|[from] brn\n|upkeep\n|turn|9\n|\n|t:|1700886484\n|move|p2a: Flutter Mane|Protect|p2a: Flutter Mane\n|-singleturn|p2a: Flutter Mane|Protect\n|move|p1a: Skuntank|Knock Off|p2a: Flutter Mane\n|-activate|p2a: Flutter Mane|move: Protect\n|move|p1b: Cresselia|Moonlight|p1b: Cresselia\n|-heal|p1b: Cresselia|100\/100\n|move|p2b: Weezing|Flamethrower|p1a: Skuntank\n|-damage|p1a: Skuntank|8\/100 brn\n|\n|-damage|p1a: Skuntank|2\/100 brn|[from] brn\n|-sideend|p2: Never5678|Reflect\n|upkeep\n|turn|10\n|\n|t:|1700886515\n|-end|p2a: Flutter Mane|Protosynthesis|[silent]\n|switch|p2a: Clefairy|Clefairy, F|100\/100\n|move|p1a: Skuntank|Taunt|p2a: Clefairy\n|-start|p2a: Clefairy|move: Taunt\n|move|p1b: Cresselia|Calm Mind|p1b: Cresselia\n|-boost|p1b: Cresselia|spa|1\n|-boost|p1b: Cresselia|spd|1\n|move|p2b: Weezing|Will-O-Wisp|p1b: Cresselia\n|-status|p1b: Cresselia|brn\n|\n|-damage|p1a: Skuntank|0 fnt|[from] brn\n|faint|p1a: Skuntank\n|-damage|p1b: Cresselia|94\/100 brn|[from] brn\n|-sideend|p2: Never5678|move: Light Screen\n|upkeep\n|\n|t:|1700886524\n|switch|p1a: Shroodle|Shroodle, M|52\/100\n|turn|11\n|\n|t:|1700886542\n|switch|p2a: Azumarill|Azumarill, M|100\/100\n|move|p1a: Shroodle|Taunt|p2b: Weezing\n|-start|p2b: Weezing|move: Taunt\n|move|p1b: Cresselia|Calm Mind|p1b: Cresselia\n|-boost|p1b: Cresselia|spa|1\n|-boost|p1b: Cresselia|spd|1\n|move|p2b: Weezing|Flamethrower|p1a: Shroodle\n|-damage|p1a: Shroodle|2\/100\n|\n|-heal|p1b: Cresselia|100\/100 brn|[from] item: Leftovers\n|-damage|p1b: Cresselia|94\/100 brn|[from] brn\n|upkeep\n|turn|12\n|\n|t:|1700886562\n|move|p1a: Shroodle|Parting Shot|p2a: Azumarill\n|-unboost|p2a: Azumarill|atk|1\n|-unboost|p2a: Azumarill|spa|1\n|move|p2a: Azumarill|Aqua Jet|p1a: Shroodle\n|-damage|p1a: Shroodle|0 fnt\n|faint|p1a: Shroodle\n|move|p1b: Cresselia|Thunderbolt|p2a: Azumarill\n|-supereffective|p2a: Azumarill\n|-damage|p2a: Azumarill|2\/100\n|move|p2b: Weezing|Flamethrower|p1b: Cresselia\n|-damage|p1b: Cresselia|89\/100 brn\n|\n|-heal|p1b: Cresselia|95\/100 brn|[from] item: Leftovers\n|-heal|p2a: Azumarill|9\/100|[from] item: Leftovers\n|-damage|p1b: Cresselia|89\/100 brn|[from] brn\n|upkeep\n|turn|13\n|\n|t:|1700886594\n|switch|p2a: Clefairy|Clefairy, F|100\/100\n|move|p1b: Cresselia|Thunderbolt|p2a: Clefairy\n|-damage|p2a: Clefairy|59\/100\n|move|p2b: Weezing|Flamethrower|p1b: Cresselia\n|-damage|p1b: Cresselia|85\/100 brn\n|\n|-heal|p1b: Cresselia|91\/100 brn|[from] item: Leftovers\n|-damage|p1b: Cresselia|85\/100 brn|[from] brn\n|-end|p2b: Weezing|move: Taunt\n|upkeep\n|turn|14\n|\n|t:|1700886610\n|move|p1b: Cresselia|Calm Mind|p1b: Cresselia\n|-boost|p1b: Cresselia|spa|1\n|-boost|p1b: Cresselia|spd|1\n|move|p2b: Weezing|Flamethrower|p1b: Cresselia\n|-damage|p1b: Cresselia|81\/100 brn\n|move|p2a: Clefairy|Wish|p2a: Clefairy\n|\n|-heal|p1b: Cresselia|87\/100 brn|[from] item: Leftovers\n|-damage|p1b: Cresselia|81\/100 brn|[from] brn\n|upkeep\n|turn|15\n|\n|t:|1700886627\n|switch|p2a: Flutter Mane|Flutter Mane|29\/100\n|move|p1b: Cresselia|Thunderbolt|p2a: Flutter Mane\n|-damage|p2a: Flutter Mane|0 fnt\n|faint|p2a: Flutter Mane\n|-end|p2a: Flutter Mane|Protosynthesis|[silent]\n|move|p2b: Weezing|Flamethrower|p1b: Cresselia\n|-damage|p1b: Cresselia|77\/100 brn\n|\n|-heal|p1b: Cresselia|83\/100 brn|[from] item: Leftovers\n|-damage|p1b: Cresselia|77\/100 brn|[from] brn\n|upkeep\n|\n|t:|1700886638\n|switch|p2a: Azumarill|Azumarill, M|9\/100\n|turn|16\n|\n|t:|1700886648\n|move|p2a: Azumarill|Aqua Jet|p1b: Cresselia\n|-damage|p1b: Cresselia|65\/100 brn\n|move|p1b: Cresselia|Thunderbolt|p2a: Azumarill\n|-supereffective|p2a: Azumarill\n|-damage|p2a: Azumarill|0 fnt\n|faint|p2a: Azumarill\n|move|p2b: Weezing|Flamethrower|p1b: Cresselia\n|-damage|p1b: Cresselia|61\/100 brn\n|\n|-heal|p1b: Cresselia|67\/100 brn|[from] item: Leftovers\n|-damage|p1b: Cresselia|61\/100 brn|[from] brn\n|upkeep\n|\n|t:|1700886660\n|switch|p2a: Clefairy|Clefairy, F|59\/100\n|turn|17\n|\n|t:|1700886672\n|move|p1b: Cresselia|Moonlight|p1b: Cresselia\n|-heal|p1b: Cresselia|100\/100 brn\n|move|p2b: Weezing|Flamethrower|p1b: Cresselia\n|-damage|p1b: Cresselia|97\/100 brn\n|move|p2a: Clefairy|Wish|p2a: Clefairy\n|\n|-heal|p1b: Cresselia|100\/100 brn|[from] item: Leftovers\n|-damage|p1b: Cresselia|94\/100 brn|[from] brn\n|upkeep\n|turn|18\n|\n|t:|1700886691\n|move|p1b: Cresselia|Calm Mind|p1b: Cresselia\n|-boost|p1b: Cresselia|spa|1\n|-boost|p1b: Cresselia|spd|1\n|move|p2b: Weezing|Dazzling Gleam|p1b: Cresselia\n|-damage|p1b: Cresselia|89\/100 brn\n|move|p2a: Clefairy|Heal Pulse|p2b: Weezing\n|-heal|p2b: Weezing|100\/100\n|\n|-heal|p2a: Clefairy|100\/100|[from] move: Wish|[wisher] Clefairy\n|-heal|p1b: Cresselia|96\/100 brn|[from] item: Leftovers\n|-damage|p1b: Cresselia|89\/100 brn|[from] brn\n|upkeep\n|turn|19\n|\n|t:|1700886707\n|move|p1b: Cresselia|Calm Mind|p1b: Cresselia\n|-boost|p1b: Cresselia|spa|1\n|-boost|p1b: Cresselia|spd|1\n|move|p2b: Weezing|Flamethrower|p1b: Cresselia\n|-damage|p1b: Cresselia|87\/100 brn\n|move|p2a: Clefairy|Wish|p2a: Clefairy\n|\n|-heal|p1b: Cresselia|93\/100 brn|[from] item: Leftovers\n|-damage|p1b: Cresselia|87\/100 brn|[from] brn\n|upkeep\n|turn|20\n|\n|t:|1700886723\n|move|p2a: Clefairy|Follow Me|p2a: Clefairy\n|-singleturn|p2a: Clefairy|move: Follow Me\n|move|p1b: Cresselia|Thunderbolt|p2a: Clefairy\n|-damage|p2a: Clefairy|28\/100\n|-status|p2a: Clefairy|par\n|move|p2b: Weezing|Sludge Bomb|p1b: Cresselia\n|-damage|p1b: Cresselia|82\/100 brn\n|\n|-heal|p2a: Clefairy|78\/100 par|[from] move: Wish|[wisher] Clefairy\n|-heal|p1b: Cresselia|88\/100 brn|[from] item: Leftovers\n|-damage|p1b: Cresselia|82\/100 brn|[from] brn\n|upkeep\n|turn|21\n|\n|t:|1700886738\n|cant|p2a: Clefairy|par\n|move|p1b: Cresselia|Thunderbolt|p2a: Clefairy\n|-damage|p2a: Clefairy|4\/100 par\n|move|p2b: Weezing|Flamethrower|p1b: Cresselia\n|-damage|p1b: Cresselia|79\/100 brn\n|\n|-heal|p1b: Cresselia|85\/100 brn|[from] item: Leftovers\n|-damage|p1b: Cresselia|79\/100 brn|[from] brn\n|upkeep\n|turn|22\n|\n|t:|1700886754\n|move|p1b: Cresselia|Thunderbolt|p2a: Clefairy\n|-damage|p2a: Clefairy|0 fnt\n|faint|p2a: Clefairy\n|move|p2b: Weezing|Dazzling Gleam|p1b: Cresselia\n|-damage|p1b: Cresselia|74\/100 brn\n|\n|-heal|p1b: Cresselia|80\/100 brn|[from] item: Leftovers\n|-damage|p1b: Cresselia|74\/100 brn|[from] brn\n|upkeep\n|turn|23\n|\n|t:|1700886764\n|move|p1b: Cresselia|Thunderbolt|p2b: Weezing\n|-damage|p2b: Weezing|1\/100\n|-enditem|p2b: Weezing|Sitrus Berry|[eat]\n|-heal|p2b: Weezing|26\/100|[from] item: Sitrus Berry\n|move|p2b: Weezing|Flamethrower|p1b: Cresselia\n|-damage|p1b: Cresselia|71\/100 brn\n|\n|-heal|p1b: Cresselia|77\/100 brn|[from] item: Leftovers\n|-damage|p1b: Cresselia|71\/100 brn|[from] brn\n|upkeep\n|turn|24\n|c|\u2606Shelmett|gg\n|\n|t:|1700886775\n|move|p1b: Cresselia|Thunderbolt|p2b: Weezing\n|-damage|p2b: Weezing|0 fnt\n|faint|p2b: Weezing\n|\n|win|Shelmett\n|raw|Shelmett's rating: 1085 &rarr; <strong>1117<\/strong><br \/>(+32 for winning)\n|raw|Never5678's rating: 1143 &rarr; <strong>1114<\/strong><br \/>(-29 for losing)\n|l|\u2606Never5678\n","uploadtime":1700886788,"views":7,"p1id":"shelmett","p2id":"never5678","formatid":"gen9doublesou","rating":1114,"private":0,"password":""}