{"id":"gen9doublesou-1979631039","p1":"YouAintGonnaWin","p2":"Marshkrai","format":"[Gen 9] Doubles OU","log":"|j|\u2606YouAintGonnaWin\n|j|\u2606Marshkrai\n|inactive|Battle timer is ON: inactive players will automatically lose when time's up.\n|t:|1698698237\n|gametype|doubles\n|player|p1|YouAintGonnaWin|102|\n|player|p2|Marshkrai|alec-anime|\n|teamsize|p1|6\n|teamsize|p2|6\n|gen|9\n|tier|[Gen 9] Doubles OU\n|rated|Tournament battle\n|rule|Species Clause: Limit one of each Pok\u00e9mon\n|rule|OHKO Clause: OHKO moves are banned\n|rule|Evasion Moves Clause: Evasion moves are banned\n|rule|Gravity Sleep Clause: The combination of sleep-inducing moves with imperfect accuracy and Gravity or Gigantamax Orbeetle are banned\n|rule|Endless Battle Clause: Forcing endless battles is banned\n|rule|HP Percentage Mod: HP is shown in percentages\n|clearpoke\n|poke|p1|Mudsdale, M|\n|poke|p1|Gallade, M|\n|poke|p1|Haxorus, F|\n|poke|p1|Chandelure, F|\n|poke|p1|Glimmora, F|\n|poke|p1|Braviary, M|\n|poke|p2|Honchkrow, M|\n|poke|p2|Corviknight, M|\n|poke|p2|Polteageist-Antique|\n|poke|p2|Mismagius, M|\n|poke|p2|Goodra-Hisui, M|\n|poke|p2|Mabosstiff, M|\n|teampreview\n|j|*Lady Monita \u263d\n|inactive|Marshkrai also wants the timer to be on.\n|j| HEAVY-DUTY B0OTY\n|c|\u2606Marshkrai|glhf\n|\n|t:|1698698251\n|start\n|switch|p1a: Mudsdale|Mudsdale, M, shiny|100\/100\n|switch|p1b: Glimmora|Glimmora, F, shiny|100\/100\n|switch|p2a: Honchkrow|Honchkrow, M|100\/100\n|switch|p2b: Goodra|Goodra-Hisui, M|100\/100\n|turn|1\n|j| ItsCavvy\n|\n|t:|1698698264\n|move|p1b: Glimmora|Stealth Rock|p2b: Goodra\n|-sidestart|p2: Marshkrai|move: Stealth Rock\n|move|p2a: Honchkrow|Tailwind|p2a: Honchkrow\n|-sidestart|p2: Marshkrai|move: Tailwind\n|move|p2b: Goodra|Surf|p1b: Glimmora|[spread] p2a,p1a,p1b\n|-supereffective|p1a: Mudsdale\n|-supereffective|p1b: Glimmora\n|-damage|p2a: Honchkrow|53\/100\n|-damage|p1a: Mudsdale|40\/100\n|-damage|p1b: Glimmora|34\/100\n|-ability|p1a: Mudsdale|Stamina|boost\n|-boost|p1a: Mudsdale|def|1\n|move|p1a: Mudsdale|Rock Slide|p2b: Goodra|[spread] p2a,p2b\n|-supereffective|p2a: Honchkrow\n|-resisted|p2b: Goodra\n|-damage|p2a: Honchkrow|0 fnt\n|-damage|p2b: Goodra|91\/100\n|faint|p2a: Honchkrow\n|\n|-heal|p1a: Mudsdale|46\/100|[from] item: Leftovers\n|upkeep\n|c| HEAVY-DUTY B0OTY|go marsh\n|\n|t:|1698698280\n|switch|p2a: Mismagius|Mismagius, M|100\/100\n|-damage|p2a: Mismagius|88\/100|[from] Stealth Rock\n|turn|2\n|j| jfebhjbeebhjf\n|\n|t:|1698698290\n|move|p2a: Mismagius|Shadow Ball|p1a: Mudsdale\n|-damage|p1a: Mudsdale|0 fnt\n|faint|p1a: Mudsdale\n|move|p2b: Goodra|Surf|p1b: Glimmora|[spread] p2a,p1b\n|-supereffective|p1b: Glimmora\n|-damage|p2a: Mismagius|46\/100\n|-damage|p1b: Glimmora|0 fnt\n|faint|p1b: Glimmora\n|\n|upkeep\n|\n|t:|1698698299\n|switch|p1b: Braviary|Braviary, M, shiny|100\/100\n|switch|p1a: Chandelure|Chandelure, F, shiny|100\/100\n|turn|3\n|\n|t:|1698698316\n|move|p2a: Mismagius|Shadow Ball|p1a: Chandelure\n|-supereffective|p1a: Chandelure\n|-damage|p1a: Chandelure|0 fnt\n|faint|p1a: Chandelure\n|move|p1b: Braviary|Close Combat|p2b: Goodra\n|-supereffective|p2b: Goodra\n|-damage|p2b: Goodra|12\/100\n|-unboost|p1b: Braviary|def|1\n|-unboost|p1b: Braviary|spd|1\n|-ability|p2b: Goodra|Gooey\n|-unboost|p1b: Braviary|spe|1\n|move|p2b: Goodra|Surf|p1b: Braviary|[spread] p2a,p1b\n|-damage|p2a: Mismagius|5\/100\n|-damage|p1b: Braviary|30\/100\n|\n|upkeep\n|\n|t:|1698698321\n|switch|p1a: Haxorus|Haxorus, F, shiny|100\/100\n|-ability|p1a: Haxorus|Mold Breaker\n|turn|4\n|\n|t:|1698698334\n|move|p2a: Mismagius|Shadow Ball|p1a: Haxorus\n|-damage|p1a: Haxorus|14\/100\n|move|p1a: Haxorus|Earthquake|p2b: Goodra|[spread] p2a,p2b\n|-immune|p1b: Braviary\n|-supereffective|p2b: Goodra\n|-damage|p2a: Mismagius|0 fnt\n|-damage|p2b: Goodra|0 fnt\n|faint|p2a: Mismagius\n|faint|p2b: Goodra\n|move|p1b: Braviary|Close Combat|p2: Mismagius|[notarget]\n|-fail|p1b: Braviary\n|\n|-sideend|p2: Marshkrai|move: Tailwind\n|upkeep\n|l| jfebhjbeebhjf\n|\n|t:|1698698338\n|switch|p2a: Mabosstiff|Mabosstiff, M|100\/100\n|switch|p2b: Corviknight|Corviknight, M|100\/100\n|-damage|p2a: Mabosstiff|88\/100|[from] Stealth Rock\n|-ability|p2a: Mabosstiff|Intimidate|boost\n|-unboost|p1a: Haxorus|atk|1\n|-unboost|p1b: Braviary|atk|1\n|-damage|p2b: Corviknight|88\/100|[from] Stealth Rock\n|turn|5\n|\n|t:|1698698348\n|move|p1a: Haxorus|Earthquake|p2a: Mabosstiff|[spread] p2a\n|-immune|p1b: Braviary\n|-immune|p2b: Corviknight\n|-damage|p2a: Mabosstiff|50\/100\n|move|p2a: Mabosstiff|Play Rough|p1b: Braviary\n|-damage|p1b: Braviary|0 fnt\n|faint|p1b: Braviary\n|move|p2b: Corviknight|Iron Head|p1a: Haxorus\n|-damage|p1a: Haxorus|0 fnt\n|faint|p1a: Haxorus\n|\n|-heal|p2b: Corviknight|94\/100|[from] item: Leftovers\n|upkeep\n|-message|YouAintGonnaWin forfeited.\n|\n|win|Marshkrai\n|n|\u2606YouAintGonnaWin|youaintgonnawin\n|n|\u2606Marshkrai|marshkrai\n|n|*Lady Monita \u263d|ladymonita\n|n| HEAVY-DUTY B0OTY|heavydutyb0oty\n|n| ItsCavvy|itscavvy\n","uploadtime":1698698356,"views":10,"p1id":"youaintgonnawin","p2id":"marshkrai","formatid":"gen9doublesou","rating":0,"private":0,"password":""}