{"id":"gen9doublesou-1977219512","p1":"Rod182","p2":"MoonLightk7","format":"[Gen 9] Doubles OU","log":"|j|\u2606Rod182\n|j|\u2606MoonLightk7\n|t:|1698388744\n|gametype|doubles\n|player|p1|Rod182|170|1154\n|player|p2|MoonLightk7|265|1054\n|teamsize|p1|6\n|teamsize|p2|6\n|gen|9\n|tier|[Gen 9] Doubles OU\n|rated|\n|rule|Species Clause: Limit one of each Pok\u00e9mon\n|rule|OHKO Clause: OHKO moves are banned\n|rule|Evasion Moves Clause: Evasion moves are banned\n|rule|Gravity Sleep Clause: The combination of sleep-inducing moves with imperfect accuracy and Gravity or Gigantamax Orbeetle are banned\n|rule|Endless Battle Clause: Forcing endless battles is banned\n|rule|HP Percentage Mod: HP is shown in percentages\n|clearpoke\n|poke|p1|Kilowattrel, F|\n|poke|p1|Brambleghast, F|\n|poke|p1|Ceruledge, F|\n|poke|p1|Garganacl, F|\n|poke|p1|Rabsca, M|\n|poke|p1|Iron Valiant|\n|poke|p2|Volcarona, F|\n|poke|p2|Regieleki|\n|poke|p2|Dragapult, F|\n|poke|p2|Heatran, M|\n|poke|p2|Oricorio-Pom-Pom, F|\n|poke|p2|Ogerpon-Cornerstone, F|\n|teampreview\n|\n|t:|1698388755\n|start\n|switch|p1a: Kilowattrel|Kilowattrel, F|100\/100\n|switch|p1b: Rabsca|Rabsca, M|100\/100\n|switch|p2a: Volcarona|Volcarona, F|100\/100\n|switch|p2b: Oricorio|Oricorio-Pom-Pom, F|100\/100\n|turn|1\n|\n|t:|1698388774\n|move|p1a: Kilowattrel|Tailwind|p1a: Kilowattrel\n|-sidestart|p1: Rod182|move: Tailwind\n|-start|p1a: Kilowattrel|Charge|Tailwind|[from] ability: Wind Power\n|move|p2b: Oricorio|Air Cutter|p1b: Rabsca|[spread] p1a,p1b\n|-resisted|p1a: Kilowattrel\n|-supereffective|p1b: Rabsca\n|-damage|p1a: Kilowattrel|81\/100\n|-damage|p1b: Rabsca|73\/100\n|-start|p1a: Kilowattrel|Charge|Air Cutter|[from] ability: Wind Power\n|move|p2a: Volcarona|Fiery Dance|p1a: Kilowattrel\n|-damage|p1a: Kilowattrel|0 fnt\n|-boost|p2a: Volcarona|spa|1\n|faint|p1a: Kilowattrel\n|-activate|p2b: Oricorio|ability: Dancer\n|move|p2b: Oricorio|Fiery Dance|p1b: Rabsca|[from]ability: Dancer\n|-supereffective|p1b: Rabsca\n|-damage|p1b: Rabsca|40\/100\n|-boost|p2b: Oricorio|spa|1\n|move|p1b: Rabsca|Light Screen|p1b: Rabsca\n|-sidestart|p1: Rod182|move: Light Screen\n|\n|upkeep\n|\n|t:|1698388812\n|switch|p1a: Garganacl|Garganacl, F|100\/100\n|turn|2\n|\n|t:|1698388821\n|move|p2b: Oricorio|Air Cutter|p1a: Garganacl|[spread] p1a,p1b\n|-resisted|p1a: Garganacl\n|-supereffective|p1b: Rabsca\n|-damage|p1a: Garganacl|92\/100\n|-damage|p1b: Rabsca|13\/100\n|move|p2a: Volcarona|Quiver Dance|p2a: Volcarona\n|-boost|p2a: Volcarona|spa|1\n|-boost|p2a: Volcarona|spd|1\n|-boost|p2a: Volcarona|spe|1\n|-activate|p2b: Oricorio|ability: Dancer\n|move|p2b: Oricorio|Quiver Dance|p2b: Oricorio|[from]ability: Dancer\n|-boost|p2b: Oricorio|spa|1\n|-boost|p2b: Oricorio|spd|1\n|-boost|p2b: Oricorio|spe|1\n|move|p1b: Rabsca|Reflect|p1b: Rabsca\n|-sidestart|p1: Rod182|Reflect\n|move|p1a: Garganacl|Salt Cure|p2a: Volcarona\n|-supereffective|p2a: Volcarona\n|-damage|p2a: Volcarona|18\/100\n|-start|p2a: Volcarona|Salt Cure\n|\n|-heal|p1a: Garganacl|99\/100|[from] item: Leftovers\n|-damage|p2a: Volcarona|6\/100|[from] Salt Cure\n|upkeep\n|turn|3\n|\n|t:|1698388858\n|move|p1b: Rabsca|Protect|p1b: Rabsca\n|-singleturn|p1b: Rabsca|Protect\n|move|p1a: Garganacl|Protect|p1a: Garganacl\n|-singleturn|p1a: Garganacl|Protect\n|move|p2b: Oricorio|Air Slash|p1a: Garganacl\n|-activate|p1a: Garganacl|move: Protect\n|move|p2a: Volcarona|Fiery Dance|p1b: Rabsca\n|-activate|p1b: Rabsca|move: Protect\n|\n|-heal|p1a: Garganacl|100\/100|[from] item: Leftovers\n|-damage|p2a: Volcarona|0 fnt|[from] Salt Cure\n|faint|p2a: Volcarona\n|upkeep\n|\n|t:|1698388878\n|switch|p2a: Dragapult|Dragapult, F|100\/100\n|turn|4\n|\n|t:|1698388893\n|move|p2b: Oricorio|Air Cutter|p1b: Rabsca|[spread] p1a\n|-miss|p2b: Oricorio|p1b: Rabsca\n|-resisted|p1a: Garganacl\n|-damage|p1a: Garganacl|89\/100\n|move|p2a: Dragapult|Dragon Dance|p2a: Dragapult\n|-boost|p2a: Dragapult|atk|1\n|-boost|p2a: Dragapult|spe|1\n|-activate|p2b: Oricorio|ability: Dancer\n|move|p2b: Oricorio|Dragon Dance|p2b: Oricorio|[from]ability: Dancer\n|-boost|p2b: Oricorio|atk|1\n|-boost|p2b: Oricorio|spe|1\n|move|p1b: Rabsca|Dazzling Gleam|p2a: Dragapult|[spread] p2a,p2b\n|-supereffective|p2a: Dragapult\n|-damage|p2a: Dragapult|58\/100\n|-damage|p2b: Oricorio|85\/100\n|move|p1a: Garganacl|Salt Cure|p2b: Oricorio\n|-supereffective|p2b: Oricorio\n|-damage|p2b: Oricorio|37\/100\n|-start|p2b: Oricorio|Salt Cure\n|\n|-heal|p2b: Oricorio|43\/100|[from] item: Leftovers\n|-heal|p1a: Garganacl|95\/100|[from] item: Leftovers\n|-damage|p2b: Oricorio|30\/100|[from] Salt Cure\n|-sideend|p1: Rod182|move: Tailwind\n|upkeep\n|turn|5\n|\n|t:|1698388931\n|move|p1a: Garganacl|Protect|p1a: Garganacl\n|-singleturn|p1a: Garganacl|Protect\n|move|p2b: Oricorio|Air Slash|p1b: Rabsca\n|-supereffective|p1b: Rabsca\n|-damage|p1b: Rabsca|0 fnt\n|faint|p1b: Rabsca\n|move|p2a: Dragapult|Dragon Darts|p1a: Garganacl\n|-activate|p1a: Garganacl|move: Protect\n|\n|-heal|p2b: Oricorio|37\/100|[from] item: Leftovers\n|-heal|p1a: Garganacl|100\/100|[from] item: Leftovers\n|-damage|p2b: Oricorio|24\/100|[from] Salt Cure\n|upkeep\n|\n|t:|1698388948\n|switch|p1b: Brambleghast|Brambleghast, F|100\/100\n|turn|6\n|\n|t:|1698388966\n|move|p1b: Brambleghast|Shadow Sneak|p2b: Oricorio\n|-damage|p2b: Oricorio|0 fnt\n|faint|p2b: Oricorio\n|-damage|p1b: Brambleghast|91\/100|[from] item: Life Orb\n|move|p2a: Dragapult|Dragon Darts|p1a: Garganacl\n|-crit|p1a: Garganacl\n|-damage|p1a: Garganacl|62\/100\n|-anim|p2a: Dragapult|Dragon Darts|p1b: Brambleghast\n|-damage|p1b: Brambleghast|18\/100\n|-damage|p2a: Dragapult|48\/100|[from] item: Life Orb\n|move|p1a: Garganacl|Salt Cure|p2a: Dragapult\n|-damage|p2a: Dragapult|29\/100\n|-start|p2a: Dragapult|Salt Cure\n|\n|-heal|p1a: Garganacl|68\/100|[from] item: Leftovers\n|-damage|p2a: Dragapult|17\/100|[from] Salt Cure\n|upkeep\n|\n|t:|1698388984\n|switch|p2b: Regieleki|Regieleki|100\/100\n|turn|7\n|\n|t:|1698388992\n|move|p1b: Brambleghast|Shadow Sneak|p2a: Dragapult\n|-supereffective|p2a: Dragapult\n|-damage|p2a: Dragapult|0 fnt\n|faint|p2a: Dragapult\n|-damage|p1b: Brambleghast|8\/100|[from] item: Life Orb\n|move|p2b: Regieleki|Electroweb|p1a: Garganacl|[spread] p1a,p1b\n|-resisted|p1b: Brambleghast\n|-damage|p1a: Garganacl|53\/100\n|-damage|p1b: Brambleghast|0 fnt\n|-unboost|p1a: Garganacl|spe|1\n|faint|p1b: Brambleghast\n|move|p1a: Garganacl|Recover|p1a: Garganacl\n|-heal|p1a: Garganacl|100\/100\n|\n|upkeep\n|\n|t:|1698389009\n|switch|p2a: Heatran|Heatran, M|100\/100\n|switch|p1b: Ceruledge|Ceruledge, F|100\/100\n|turn|8\n|\n|t:|1698389023\n|-terastallize|p2a: Heatran|Water\n|move|p2b: Regieleki|Volt Switch|p1b: Ceruledge\n|-damage|p1b: Ceruledge|72\/100\n|\n|t:|1698389028\n|switch|p2b: Ogerpon|Ogerpon-Cornerstone, F|100\/100|[from] Volt Switch\n|move|p1b: Ceruledge|Swords Dance|p1b: Ceruledge\n|-boost|p1b: Ceruledge|atk|2\n|move|p2a: Heatran|Earthquake|p1a: Garganacl|[spread] p2b,p1a,p1b\n|-supereffective|p1a: Garganacl\n|-supereffective|p1b: Ceruledge\n|-damage|p2b: Ogerpon|78\/100\n|-damage|p1a: Garganacl|90\/100\n|-damage|p1b: Ceruledge|44\/100\n|move|p1a: Garganacl|Stomping Tantrum|p2a: Heatran\n|-damage|p2a: Heatran|86\/100\n|\n|-heal|p2a: Heatran|92\/100|[from] item: Leftovers\n|-heal|p1a: Garganacl|96\/100|[from] item: Leftovers\n|-sideend|p1: Rod182|move: Light Screen\n|upkeep\n|turn|9\n|\n|t:|1698389056\n|move|p2b: Ogerpon|Giga Drain|p1a: Garganacl\n|-supereffective|p1a: Garganacl\n|-damage|p1a: Garganacl|59\/100\n|-heal|p2b: Ogerpon|100\/100|[from] drain|[of] p1a: Garganacl\n|move|p1b: Ceruledge|Bitter Blade|p2b: Ogerpon\n|-ability|p2b: Ogerpon|Sturdy\n|-damage|p2b: Ogerpon|1\/100\n|-heal|p1b: Ceruledge|96\/100|[from] drain|[of] p2b: Ogerpon\n|move|p2a: Heatran|Power Gem|p1b: Ceruledge\n|-supereffective|p1b: Ceruledge\n|-damage|p1b: Ceruledge|19\/100\n|move|p1a: Garganacl|Salt Cure|p2a: Heatran\n|-damage|p2a: Heatran|81\/100\n|-start|p2a: Heatran|Salt Cure\n|\n|-heal|p2a: Heatran|87\/100|[from] item: Leftovers\n|-heal|p1a: Garganacl|65\/100|[from] item: Leftovers\n|-damage|p2a: Heatran|62\/100|[from] Salt Cure\n|-sideend|p1: Rod182|Reflect\n|upkeep\n|turn|10\n|\n|t:|1698389085\n|move|p1a: Garganacl|Protect|p1a: Garganacl\n|-singleturn|p1a: Garganacl|Protect\n|move|p1b: Ceruledge|Shadow Sneak|p2b: Ogerpon\n|-crit|p2b: Ogerpon\n|-damage|p2b: Ogerpon|0 fnt\n|faint|p2b: Ogerpon\n|move|p2a: Heatran|Heat Wave|p1b: Ceruledge|[spread] \n|-activate|p1a: Garganacl|move: Protect\n|-start|p1b: Ceruledge|ability: Flash Fire\n|\n|-heal|p2a: Heatran|68\/100|[from] item: Leftovers\n|-heal|p1a: Garganacl|71\/100|[from] item: Leftovers\n|-damage|p2a: Heatran|43\/100|[from] Salt Cure\n|upkeep\n|\n|t:|1698389099\n|switch|p2b: Regieleki|Regieleki|100\/100\n|turn|11\n|\n|t:|1698389110\n|move|p1b: Ceruledge|Shadow Sneak|p2b: Regieleki\n|-damage|p2b: Regieleki|24\/100\n|move|p2b: Regieleki|Electroweb|p1b: Ceruledge|[spread] p1a,p1b\n|-damage|p1a: Garganacl|50\/100\n|-damage|p1b: Ceruledge|0 fnt\n|-unboost|p1a: Garganacl|spe|1\n|faint|p1b: Ceruledge\n|move|p2a: Heatran|Power Gem|p1a: Garganacl\n|-damage|p1a: Garganacl|21\/100\n|move|p1a: Garganacl|Stomping Tantrum|p2a: Heatran\n|-damage|p2a: Heatran|29\/100\n|\n|-heal|p2a: Heatran|35\/100|[from] item: Leftovers\n|-heal|p1a: Garganacl|27\/100|[from] item: Leftovers\n|-damage|p2a: Heatran|10\/100|[from] Salt Cure\n|upkeep\n|\n|t:|1698389126\n|switch|p1b: Iron Valiant|Iron Valiant|100\/100\n|-enditem|p1b: Iron Valiant|Booster Energy\n|-activate|p1b: Iron Valiant|ability: Quark Drive|[fromitem]\n|-start|p1b: Iron Valiant|quarkdrivespe\n|turn|12\n|\n|t:|1698389143\n|move|p2b: Regieleki|Electroweb|p1a: Garganacl|[spread] p1a,p1b\n|-damage|p1a: Garganacl|3\/100\n|-damage|p1b: Iron Valiant|58\/100\n|-unboost|p1a: Garganacl|spe|1\n|-unboost|p1b: Iron Valiant|spe|1\n|move|p1b: Iron Valiant|Dazzling Gleam|p2b: Regieleki|[spread] p2a,p2b\n|-damage|p2a: Heatran|0 fnt\n|-damage|p2b: Regieleki|0 fnt\n|faint|p2a: Heatran\n|faint|p2b: Regieleki\n|\n|win|Rod182\n|raw|Rod182's rating: 1154 &rarr; <strong>1172<\/strong><br \/>(+18 for winning)\n|raw|MoonLightk7's rating: 1054 &rarr; <strong>1041<\/strong><br \/>(-13 for losing)\n|l|\u2606MoonLightk7\n","uploadtime":1698389154,"views":25,"p1id":"rod182","p2id":"moonlightk7","formatid":"gen9doublesou","rating":1041,"private":0,"password":""}