{"id":"gen9doublesou-1971196785","p1":"Trickroom4dumies","p2":"banwobDPP","format":"[Gen 9] Doubles OU","log":"|j|\u2606Trickroom4dumies\n|j|\u2606banwobDPP\n|inactive|Battle timer is ON: inactive players will automatically lose when time's up.\n|t:|1697718720\n|gametype|doubles\n|player|p1|Trickroom4dumies|hexmaniac-gen3|\n|player|p2|banwobDPP|n|\n|teamsize|p1|6\n|teamsize|p2|6\n|gen|9\n|tier|[Gen 9] Doubles OU\n|rated|Tournament battle\n|rule|Species Clause: Limit one of each Pok\u00e9mon\n|rule|OHKO Clause: OHKO moves are banned\n|rule|Evasion Moves Clause: Evasion moves are banned\n|rule|Gravity Sleep Clause: The combination of sleep-inducing moves with imperfect accuracy and Gravity or Gigantamax Orbeetle are banned\n|rule|Endless Battle Clause: Forcing endless battles is banned\n|rule|HP Percentage Mod: HP is shown in percentages\n|clearpoke\n|poke|p1|Grimmsnarl, M|\n|poke|p1|Enamorus-Therian, F|\n|poke|p1|Goodra-Hisui, F|\n|poke|p1|Mew|\n|poke|p1|Iron Hands|\n|poke|p1|Landorus-Therian, M|\n|poke|p2|Weezing-Galar, M|\n|poke|p2|Iron Hands|\n|poke|p2|Indeedee, M|\n|poke|p2|Azelf|\n|poke|p2|Roaring Moon|\n|poke|p2|Chi-Yu|\n|teampreview\n|j|*Lady Monita \u263d\n|inactive|banwobDPP has 120 seconds left.\n|\n|t:|1697718780\n|start\n|switch|p1a: Grimmsnarl|Grimmsnarl, M|100\/100\n|switch|p1b: Landorus|Landorus-Therian, M, shiny|100\/100\n|switch|p2a: Iron Hands|Iron Hands|100\/100\n|switch|p2b: Azelf|Azelf|100\/100\n|-ability|p1b: Landorus|Intimidate|boost\n|-unboost|p2a: Iron Hands|atk|1\n|-unboost|p2b: Azelf|atk|1\n|turn|1\n|\n|t:|1697718800\n|move|p2a: Iron Hands|Fake Out|p1a: Grimmsnarl\n|-damage|p1a: Grimmsnarl|89\/100\n|cant|p1a: Grimmsnarl|flinch\n|move|p2b: Azelf|Nasty Plot|p2b: Azelf\n|-boost|p2b: Azelf|spa|2\n|move|p1b: Landorus|Stealth Rock|p2b: Azelf\n|-sidestart|p2: banwobDPP|move: Stealth Rock\n|\n|upkeep\n|turn|2\n|\n|t:|1697718823\n|-end|p2a: Iron Hands|Quark Drive|[silent]\n|switch|p2a: Indeedee|Indeedee, M|100\/100\n|-damage|p2a: Indeedee|88\/100|[from] Stealth Rock\n|-fieldstart|move: Psychic Terrain|[from] ability: Psychic Surge|[of] p2a: Indeedee\n|move|p2b: Azelf|Protect|p2b: Azelf\n|-singleturn|p2b: Azelf|Protect\n|move|p1a: Grimmsnarl|Light Screen|p1a: Grimmsnarl\n|-sidestart|p1: Trickroom4dumies|move: Light Screen\n|move|p1b: Landorus|U-turn|p2b: Azelf\n|-activate|p2b: Azelf|move: Protect\n|\n|upkeep\n|turn|3\n|inactive|banwobDPP has 120 seconds left.\n|inactive|Trickroom4dumies has 120 seconds left.\n|\n|t:|1697718874\n|switch|p1b: Mew|Mew, shiny|100\/100\n|move|p2a: Indeedee|Dazzling Gleam|p1b: Mew|[spread] p1a,p1b\n|-supereffective|p1a: Grimmsnarl\n|-damage|p1a: Grimmsnarl|67\/100\n|-damage|p1b: Mew|89\/100\n|move|p2b: Azelf|Expanding Force|p1b: Mew\n|-resisted|p1b: Mew\n|-damage|p1b: Mew|55\/100\n|-damage|p2b: Azelf|91\/100|[from] item: Life Orb\n|move|p1a: Grimmsnarl|Spirit Break|p2b: Azelf\n|-damage|p2b: Azelf|46\/100\n|-unboost|p2b: Azelf|spa|1\n|\n|upkeep\n|turn|4\n|inactive|banwobDPP has 120 seconds left.\n|inactive|Trickroom4dumies has 120 seconds left.\n|\n|t:|1697718923\n|switch|p1b: Goodra|Goodra-Hisui, F, shiny|100\/100\n|move|p2b: Azelf|Protect|p2b: Azelf\n|-singleturn|p2b: Azelf|Protect\n|move|p2a: Indeedee|Dazzling Gleam|p1b: Goodra|[spread] p1a,p1b\n|-supereffective|p1a: Grimmsnarl\n|-damage|p1a: Grimmsnarl|45\/100\n|-damage|p1b: Goodra|94\/100\n|move|p1a: Grimmsnarl|Spirit Break|p2b: Azelf\n|-activate|p2b: Azelf|move: Protect\n|\n|-heal|p1b: Goodra|99\/100|[from] item: Leftovers\n|upkeep\n|turn|5\n|inactive|banwobDPP has 120 seconds left.\n|\n|t:|1697718945\n|switch|p2a: Weezing|Weezing-Galar, M|100\/100\n|-ability|p2a: Weezing|Neutralizing Gas\n|-damage|p2a: Weezing|88\/100|[from] Stealth Rock\n|move|p2b: Azelf|Thunderbolt|p1a: Grimmsnarl\n|-damage|p1a: Grimmsnarl|12\/100\n|-status|p1a: Grimmsnarl|par\n|-damage|p2b: Azelf|36\/100|[from] item: Life Orb\n|move|p1b: Goodra|Acid Armor|p1b: Goodra\n|-boost|p1b: Goodra|def|2\n|move|p1a: Grimmsnarl|Spirit Break|p2b: Azelf\n|-damage|p2b: Azelf|0 fnt\n|faint|p2b: Azelf\n|\n|-heal|p2a: Weezing|94\/100|[from] item: Leftovers\n|-heal|p1b: Goodra|100\/100|[from] item: Leftovers\n|upkeep\n|inactive|banwobDPP has 120 seconds left.\n|inactive|banwobDPP has 90 seconds left.\n|\n|t:|1697718984\n|switch|p2b: Chi-Yu|Chi-Yu|100\/100\n|-damage|p2b: Chi-Yu|76\/100|[from] Stealth Rock\n|turn|6\n|inactive|banwobDPP has 90 seconds left.\n|\n|t:|1697719019\n|move|p2b: Chi-Yu|Heat Wave|p1a: Grimmsnarl|[spread] p1a,p1b\n|-damage|p1a: Grimmsnarl|0 fnt\n|-damage|p1b: Goodra|87\/100\n|faint|p1a: Grimmsnarl\n|move|p2a: Weezing|Will-O-Wisp|p1b: Goodra\n|-status|p1b: Goodra|brn\n|move|p1b: Goodra|Body Press|p2b: Chi-Yu\n|-supereffective|p2b: Chi-Yu\n|-damage|p2b: Chi-Yu|15\/100\n|\n|-heal|p2a: Weezing|99\/100|[from] item: Leftovers\n|-heal|p1b: Goodra|93\/100 brn|[from] item: Leftovers\n|-damage|p1b: Goodra|87\/100 brn|[from] brn\n|-fieldend|move: Psychic Terrain\n|upkeep\n|inactive|Trickroom4dumies has 120 seconds left.\n|\n|t:|1697719048\n|switch|p1a: Landorus|Landorus-Therian, M, shiny|100\/100\n|turn|7\n|\n|t:|1697719068\n|-end|p2a: Weezing|ability: Neutralizing Gas\n|-ability|p2b: Chi-Yu|Beads of Ruin\n|-ability|p1a: Landorus|Intimidate|boost\n|-unboost|p2a: Weezing|atk|1\n|-unboost|p2b: Chi-Yu|atk|1\n|switch|p2a: Iron Hands|Iron Hands|100\/100\n|-damage|p2a: Iron Hands|94\/100|[from] Stealth Rock\n|move|p2b: Chi-Yu|Heat Wave|p1a: Landorus|[spread] p1a,p1b\n|-damage|p1a: Landorus|71\/100\n|-damage|p1b: Goodra|67\/100 brn\n|-status|p1a: Landorus|brn\n|move|p1a: Landorus|Stomping Tantrum|p2a: Iron Hands\n|-supereffective|p2a: Iron Hands\n|-damage|p2a: Iron Hands|66\/100\n|move|p1b: Goodra|Body Press|p2b: Chi-Yu\n|-supereffective|p2b: Chi-Yu\n|-damage|p2b: Chi-Yu|0 fnt\n|faint|p2b: Chi-Yu\n|\n|-heal|p1b: Goodra|74\/100 brn|[from] item: Leftovers\n|-damage|p1a: Landorus|65\/100 brn|[from] brn\n|-damage|p1b: Goodra|67\/100 brn|[from] brn\n|upkeep\n|j|^RUMYMOME\n|inactive|banwobDPP has 90 seconds left.\n|\n|t:|1697719104\n|switch|p2b: Indeedee|Indeedee, M|88\/100\n|-damage|p2b: Indeedee|76\/100|[from] Stealth Rock\n|-fieldstart|move: Psychic Terrain|[from] ability: Psychic Surge|[of] p2b: Indeedee\n|turn|8\n|inactive|banwobDPP has 60 seconds left.\n|\n|t:|1697719139\n|move|p2a: Iron Hands|Fake Out|p1a: Landorus\n|-hint|Psychic Terrain doesn't affect Pok\u00e9mon immune to Ground.\n|-damage|p1a: Landorus|50\/100 brn\n|-enditem|p1a: Landorus|Sitrus Berry|[eat]\n|-heal|p1a: Landorus|75\/100 brn|[from] item: Sitrus Berry\n|move|p2b: Indeedee|Dazzling Gleam|p1b: Goodra|[spread] p1a,p1b\n|-damage|p1a: Landorus|64\/100 brn\n|-damage|p1b: Goodra|60\/100 brn\n|cant|p1a: Landorus|flinch\n|move|p1b: Goodra|Life Dew|p1b: Goodra|[spread] p1a,p1b\n|-heal|p1a: Landorus|89\/100 brn\n|-heal|p1b: Goodra|85\/100 brn\n|\n|-heal|p1b: Goodra|91\/100 brn|[from] item: Leftovers\n|-damage|p1a: Landorus|83\/100 brn|[from] brn\n|-damage|p1b: Goodra|85\/100 brn|[from] brn\n|upkeep\n|turn|9\n|inactive|banwobDPP has 60 seconds left.\n|\n|t:|1697719170\n|-terastallize|p2a: Iron Hands|Grass\n|move|p2b: Indeedee|Dazzling Gleam|p1a: Landorus|[spread] p1a,p1b\n|-damage|p1a: Landorus|71\/100 brn\n|-damage|p1b: Goodra|78\/100 brn\n|move|p1a: Landorus|U-turn|p2b: Indeedee\n|-supereffective|p2b: Indeedee\n|-damage|p2b: Indeedee|27\/100\n|\n|t:|1697719178\n|switch|p1a: Mew|Mew, shiny|55\/100|[from] U-turn\n|move|p1b: Goodra|Acid Armor|p1b: Goodra\n|-boost|p1b: Goodra|def|2\n|move|p2a: Iron Hands|Close Combat|p1b: Goodra\n|-supereffective|p1b: Goodra\n|-damage|p1b: Goodra|39\/100 brn\n|-unboost|p2a: Iron Hands|def|1\n|-unboost|p2a: Iron Hands|spd|1\n|\n|-heal|p1b: Goodra|45\/100 brn|[from] item: Leftovers\n|-damage|p1b: Goodra|39\/100 brn|[from] brn\n|-sideend|p1: Trickroom4dumies|move: Light Screen\n|upkeep\n|turn|10\n|\n|t:|1697719201\n|move|p2b: Indeedee|Dazzling Gleam|p1b: Goodra|[spread] p1a,p1b\n|-damage|p1a: Mew|38\/100\n|-damage|p1b: Goodra|28\/100 brn\n|-enditem|p1a: Mew|Sitrus Berry|[eat]\n|-heal|p1a: Mew|63\/100|[from] item: Sitrus Berry\n|move|p1a: Mew|Transform|p1b: Goodra\n|-transform|p1a: Mew|p1b: Goodra\n|move|p1b: Goodra|Life Dew|p1b: Goodra|[spread] p1a,p1b\n|-heal|p1a: Mew|88\/100\n|-heal|p1b: Goodra|53\/100 brn\n|move|p2a: Iron Hands|Close Combat|p1b: Goodra\n|-supereffective|p1b: Goodra\n|-damage|p1b: Goodra|15\/100 brn\n|-unboost|p2a: Iron Hands|def|1\n|-unboost|p2a: Iron Hands|spd|1\n|\n|-heal|p1b: Goodra|22\/100 brn|[from] item: Leftovers\n|-damage|p1b: Goodra|15\/100 brn|[from] brn\n|upkeep\n|turn|11\n|inactive|banwobDPP has 90 seconds left.\n|inactive|Trickroom4dumies has 120 seconds left.\n|\n|t:|1697719242\n|-end|p2a: Iron Hands|Quark Drive|[silent]\n|switch|p2a: Weezing|Weezing-Galar, M|99\/100\n|-ability|p2a: Weezing|Neutralizing Gas\n|-damage|p2a: Weezing|88\/100|[from] Stealth Rock\n|move|p2b: Indeedee|Dazzling Gleam|p1b: Goodra|[spread] p1a,p1b\n|-damage|p1a: Mew|78\/100\n|-damage|p1b: Goodra|4\/100 brn\n|move|p1a: Mew|Body Press|p2a: Weezing\n|-resisted|p2a: Weezing\n|-damage|p2a: Weezing|73\/100\n|move|p1b: Goodra|Body Press|p2b: Indeedee\n|-damage|p2b: Indeedee|0 fnt\n|faint|p2b: Indeedee\n|\n|-heal|p2a: Weezing|79\/100|[from] item: Leftovers\n|-heal|p1b: Goodra|11\/100 brn|[from] item: Leftovers\n|-damage|p1b: Goodra|4\/100 brn|[from] brn\n|upkeep\n|inactive|banwobDPP has 60 seconds left.\n|\n|t:|1697719274\n|switch|p2b: Roaring Moon|Roaring Moon|100\/100\n|-damage|p2b: Roaring Moon|88\/100|[from] Stealth Rock\n|-enditem|p2b: Roaring Moon|Booster Energy\n|-activate|p2b: Roaring Moon|ability: Protosynthesis|[fromitem]\n|-start|p2b: Roaring Moon|protosynthesisspe\n|turn|12\n|\n|t:|1697719292\n|move|p2b: Roaring Moon|Breaking Swipe|p1a: Mew|[spread] p1a,p1b\n|-damage|p1a: Mew|71\/100\n|-damage|p1b: Goodra|0 fnt\n|-unboost|p1a: Mew|atk|1\n|faint|p1b: Goodra\n|move|p2a: Weezing|Will-O-Wisp|p1a: Mew\n|-status|p1a: Mew|brn\n|move|p1a: Mew|Body Press|p2b: Roaring Moon\n|-supereffective|p2b: Roaring Moon\n|-damage|p2b: Roaring Moon|17\/100\n|\n|-heal|p2a: Weezing|85\/100|[from] item: Leftovers\n|-damage|p1a: Mew|65\/100 brn|[from] brn\n|-fieldend|move: Psychic Terrain\n|upkeep\n|inactive|Trickroom4dumies has 120 seconds left.\n|\n|t:|1697719307\n|switch|p1b: Enamorus|Enamorus-Therian, F, shiny|100\/100\n|turn|13\n|inactive|banwobDPP has 90 seconds left.\n|l|^RUMYMOME\n|\n|t:|1697719347\n|move|p2b: Roaring Moon|Acrobatics|p1b: Enamorus\n|-damage|p1b: Enamorus|64\/100\n|move|p2a: Weezing|Gunk Shot|p1b: Enamorus\n|-supereffective|p1b: Enamorus\n|-damage|p1b: Enamorus|0 fnt\n|faint|p1b: Enamorus\n|move|p1a: Mew|Acid Armor|p1a: Mew\n|-boost|p1a: Mew|def|2\n|\n|-heal|p2a: Weezing|91\/100|[from] item: Leftovers\n|-damage|p1a: Mew|59\/100 brn|[from] brn\n|upkeep\n|inactive|Trickroom4dumies has 120 seconds left.\n|\n|t:|1697719358\n|switch|p1b: Iron Hands|Iron Hands|100\/100\n|turn|14\n|inactive|banwobDPP has 90 seconds left.\n|\n|t:|1697719384\n|move|p2b: Roaring Moon|Breaking Swipe|p1a: Mew|[spread] p1a,p1b\n|-damage|p1a: Mew|54\/100 brn\n|-damage|p1b: Iron Hands|86\/100\n|-unboost|p1a: Mew|atk|1\n|-unboost|p1b: Iron Hands|atk|1\n|move|p2a: Weezing|Taunt|p1a: Mew\n|-start|p1a: Mew|move: Taunt\n|cant|p1a: Mew|move: Taunt|Life Dew\n|move|p1b: Iron Hands|Drain Punch|p2b: Roaring Moon\n|-supereffective|p2b: Roaring Moon\n|-damage|p2b: Roaring Moon|0 fnt\n|-heal|p1b: Iron Hands|92\/100|[from] drain|[of] p2b: Roaring Moon\n|faint|p2b: Roaring Moon\n|-end|p2b: Roaring Moon|Protosynthesis|[silent]\n|\n|-heal|p2a: Weezing|97\/100|[from] item: Leftovers\n|-heal|p1b: Iron Hands|98\/100|[from] item: Leftovers\n|-damage|p1a: Mew|48\/100 brn|[from] brn\n|upkeep\n|\n|t:|1697719390\n|switch|p2b: Iron Hands|Iron Hands, tera:Grass|66\/100\n|-damage|p2b: Iron Hands|54\/100|[from] Stealth Rock\n|turn|15\n|inactive|banwobDPP has 90 seconds left.\n|\n|t:|1697719405\n|-end|p1b: Iron Hands|Quark Drive|[silent]\n|switch|p1b: Landorus|Landorus-Therian, M, shiny|71\/100 brn\n|move|p2b: Iron Hands|Fake Out|p1a: Mew\n|-resisted|p1a: Mew\n|-damage|p1a: Mew|46\/100 brn\n|move|p2a: Weezing|Will-O-Wisp|p1b: Landorus\n|-fail|p1b: Landorus|brn\n|cant|p1a: Mew|flinch\n|\n|-heal|p2a: Weezing|100\/100|[from] item: Leftovers\n|-damage|p1b: Landorus|65\/100 brn|[from] brn\n|-damage|p1a: Mew|40\/100 brn|[from] brn\n|upkeep\n|turn|16\n|inactive|banwobDPP has 90 seconds left.\n|\n|t:|1697719442\n|move|p1b: Landorus|U-turn|p2b: Iron Hands\n|-supereffective|p2b: Iron Hands\n|-damage|p2b: Iron Hands|35\/100\n|\n|t:|1697719446\n|switch|p1b: Iron Hands|Iron Hands|98\/100|[from] U-turn\n|move|p2a: Weezing|Gunk Shot|p1b: Iron Hands|[miss]\n|-miss|p2a: Weezing|p1b: Iron Hands\n|move|p1a: Mew|Body Press|p2b: Iron Hands\n|-damage|p2b: Iron Hands|3\/100\n|move|p2b: Iron Hands|Ice Punch|p1b: Iron Hands\n|-damage|p1b: Iron Hands|78\/100\n|-status|p1b: Iron Hands|frz\n|\n|-heal|p1b: Iron Hands|84\/100 frz|[from] item: Leftovers\n|-damage|p1a: Mew|34\/100 brn|[from] brn\n|-end|p1a: Mew|move: Taunt\n|upkeep\n|turn|17\n|j|^RUMYMOME\n|inactive|banwobDPP has 90 seconds left.\n|\n|t:|1697719471\n|move|p2a: Weezing|Taunt|p1a: Mew\n|-start|p1a: Mew|move: Taunt\n|move|p1a: Mew|Body Press|p2b: Iron Hands\n|-crit|p2b: Iron Hands\n|-damage|p2b: Iron Hands|0 fnt\n|faint|p2b: Iron Hands\n|-end|p2b: Iron Hands|Quark Drive|[silent]\n|cant|p1b: Iron Hands|frz\n|\n|-heal|p1b: Iron Hands|90\/100 frz|[from] item: Leftovers\n|-damage|p1a: Mew|28\/100 brn|[from] brn\n|upkeep\n|turn|18\n|inactive|banwobDPP has 90 seconds left.\n|\n|t:|1697719488\n|move|p2a: Weezing|Gunk Shot|p1b: Iron Hands|[miss]\n|-miss|p2a: Weezing|p1b: Iron Hands\n|move|p1a: Mew|Body Press|p2a: Weezing\n|-resisted|p2a: Weezing\n|-damage|p2a: Weezing|92\/100\n|-curestatus|p1b: Iron Hands|frz|[msg]\n|move|p1b: Iron Hands|Swords Dance|p1b: Iron Hands\n|-boost|p1b: Iron Hands|atk|2\n|\n|-heal|p2a: Weezing|98\/100|[from] item: Leftovers\n|-heal|p1b: Iron Hands|97\/100|[from] item: Leftovers\n|-damage|p1a: Mew|22\/100 brn|[from] brn\n|upkeep\n|turn|19\n|\n|t:|1697719507\n|switch|p1a: Landorus|Landorus-Therian, M, shiny|65\/100 brn\n|move|p1b: Iron Hands|Detect|p1b: Iron Hands\n|-singleturn|p1b: Iron Hands|Protect\n|move|p2a: Weezing|Taunt|p1b: Iron Hands\n|-activate|p1b: Iron Hands|move: Protect\n|\n|-heal|p2a: Weezing|100\/100|[from] item: Leftovers\n|-heal|p1b: Iron Hands|100\/100|[from] item: Leftovers\n|-damage|p1a: Landorus|59\/100 brn|[from] brn\n|upkeep\n|turn|20\n|\n|t:|1697719521\n|move|p1a: Landorus|Stomping Tantrum|p2a: Weezing\n|-supereffective|p2a: Weezing\n|-damage|p2a: Weezing|68\/100\n|move|p2a: Weezing|Taunt|p1b: Iron Hands\n|-start|p1b: Iron Hands|move: Taunt\n|move|p1b: Iron Hands|Thunder Punch|p2a: Weezing\n|-damage|p2a: Weezing|0 fnt\n|faint|p2a: Weezing\n|-end|p2a: Weezing|ability: Neutralizing Gas\n|\n|win|Trickroom4dumies\n|n|\u2606Trickroom4dumies|trickroom4dumies\n|n|\u2606banwobDPP|banwobdpp\n|n|*Lady Monita \u263d|ladymonita\n|n| RUMYMOME|rumymome\n","uploadtime":1697719522,"views":18,"p1id":"trickroom4dumies","p2id":"banwobdpp","formatid":"gen9doublesou","rating":0,"private":0,"password":""}