{"id":"gen9doublesou-1999086899","p1":"mikeyuwu","p2":"w0xtt","format":"[Gen 9] Doubles OU","log":"|j|\u2606mikeyuwu\n|j|\u2606w0xtt\n|t:|1701031731\n|gametype|doubles\n|player|p1|mikeyuwu|psychic-gen4|1327\n|player|p2|w0xtt|265|1188\n|teamsize|p1|6\n|teamsize|p2|6\n|gen|9\n|tier|[Gen 9] Doubles OU\n|rated|\n|rule|Species Clause: Limit one of each Pok\u00e9mon\n|rule|OHKO Clause: OHKO moves are banned\n|rule|Evasion Moves Clause: Evasion moves are banned\n|rule|Gravity Sleep Clause: The combination of sleep-inducing moves with imperfect accuracy and Gravity or Gigantamax Orbeetle are banned\n|rule|Endless Battle Clause: Forcing endless battles is banned\n|rule|HP Percentage Mod: HP is shown in percentages\n|clearpoke\n|poke|p1|Garchomp, M|\n|poke|p1|Tyranitar, F|\n|poke|p1|Vaporeon, F|\n|poke|p1|Toxicroak, M|\n|poke|p1|Pelipper, F|\n|poke|p1|Abomasnow, M|\n|poke|p2|Leafeon, M|\n|poke|p2|Ninetales, F|\n|poke|p2|Illumise, F|\n|poke|p2|Leavanny, M|\n|poke|p2|Arcanine, F|\n|poke|p2|Sandy Shocks|\n|teampreview\n|inactive|Battle timer is ON: inactive players will automatically lose when time's up. (requested by w0xtt)\n|\n|t:|1701031763\n|start\n|switch|p1a: OTLHPM|Toxicroak, M|100\/100\n|switch|p1b: Cold Shoulder|Abomasnow, M, shiny|100\/100\n|switch|p2a: Illumise|Illumise, F, shiny|100\/100\n|switch|p2b: Ninetales|Ninetales, F, shiny|100\/100\n|-weather|SunnyDay|[from] ability: Drought|[of] p2b: Ninetales\n|-weather|Snow|[from] ability: Snow Warning|[of] p1b: Cold Shoulder\n|turn|1\n|\n|t:|1701031783\n|switch|p2b: Arcanine|Arcanine, F|100\/100\n|-ability|p2b: Arcanine|Intimidate|boost\n|-unboost|p1a: OTLHPM|atk|1\n|-unboost|p1b: Cold Shoulder|atk|1\n|switch|p1b: Weather War|Pelipper, F|100\/100\n|-weather|RainDance|[from] ability: Drizzle|[of] p1b: Weather War\n|move|p2a: Illumise|Tailwind|p2a: Illumise\n|-sidestart|p2: w0xtt|move: Tailwind\n|move|p1a: OTLHPM|Earthquake|p2b: Arcanine|[spread] p2a,p2b\n|-immune|p1b: Weather War\n|-resisted|p2a: Illumise\n|-supereffective|p2b: Arcanine\n|-damage|p2a: Illumise|91\/100\n|-damage|p2b: Arcanine|63\/100\n|\n|-weather|RainDance|[upkeep]\n|upkeep\n|turn|2\n|\n|t:|1701031803\n|switch|p2b: Ninetales|Ninetales, F, shiny|100\/100\n|-weather|SunnyDay|[from] ability: Drought|[of] p2b: Ninetales\n|switch|p1a: Harmacy|Vaporeon, F|100\/100\n|switch|p1b: Extra Spicy|Garchomp, M|100\/100\n|move|p2a: Illumise|Struggle Bug|p1b: Extra Spicy|[spread] p1a,p1b\n|-damage|p1a: Harmacy|93\/100\n|-damage|p1b: Extra Spicy|91\/100\n|-unboost|p1a: Harmacy|spa|1\n|-unboost|p1b: Extra Spicy|spa|1\n|\n|-weather|SunnyDay|[upkeep]\n|-heal|p1a: Harmacy|99\/100|[from] item: Leftovers\n|upkeep\n|turn|3\n|\n|t:|1701031821\n|switch|p1b: Weather War|Pelipper, F|100\/100\n|-weather|RainDance|[from] ability: Drizzle|[of] p1b: Weather War\n|move|p2b: Ninetales|Will-O-Wisp|p1b: Weather War\n|-status|p1b: Weather War|brn\n|move|p2a: Illumise|Struggle Bug|p1b: Weather War|[spread] p1a,p1b\n|-resisted|p1b: Weather War\n|-damage|p1a: Harmacy|90\/100\n|-damage|p1b: Weather War|93\/100 brn\n|-unboost|p1a: Harmacy|spa|1\n|-unboost|p1b: Weather War|spa|1\n|move|p1a: Harmacy|Weather Ball|p2b: Ninetales\n|-supereffective|p2b: Ninetales\n|-damage|p2b: Ninetales|58\/100\n|\n|-weather|RainDance|[upkeep]\n|-heal|p1a: Harmacy|96\/100|[from] item: Leftovers\n|-damage|p1b: Weather War|87\/100 brn|[from] brn\n|upkeep\n|turn|4\n|\n|t:|1701031850\n|switch|p2b: Leafeon|Leafeon, M|100\/100\n|switch|p1b: ThcrThnSnkr|Tyranitar, F|100\/100\n|-weather|Sandstorm|[from] ability: Sand Stream|[of] p1b: ThcrThnSnkr\n|switch|p1a: OTLHPM|Toxicroak, M|100\/100\n|move|p2a: Illumise|Struggle Bug|p1b: ThcrThnSnkr|[spread] p1a,p1b\n|-resisted|p1a: OTLHPM\n|-supereffective|p1b: ThcrThnSnkr\n|-damage|p1a: OTLHPM|98\/100\n|-damage|p1b: ThcrThnSnkr|94\/100\n|-unboost|p1a: OTLHPM|spa|1\n|-unboost|p1b: ThcrThnSnkr|spa|1\n|\n|-weather|Sandstorm|[upkeep]\n|-damage|p2b: Leafeon|95\/100|[from] Sandstorm\n|-damage|p2a: Illumise|85\/100|[from] Sandstorm\n|-damage|p1a: OTLHPM|91\/100|[from] Sandstorm\n|-heal|p1a: OTLHPM|98\/100|[from] item: Black Sludge\n|-sideend|p2: w0xtt|move: Tailwind\n|upkeep\n|turn|5\n|\n|t:|1701031868\n|switch|p1b: Extra Spicy|Garchomp, M|91\/100\n|move|p2b: Leafeon|Protect|p2b: Leafeon\n|-singleturn|p2b: Leafeon|Protect\n|move|p2a: Illumise|Tailwind|p2a: Illumise\n|-sidestart|p2: w0xtt|move: Tailwind\n|move|p1a: OTLHPM|Poison Jab|p2b: Leafeon\n|-activate|p2b: Leafeon|move: Protect\n|\n|-weather|Sandstorm|[upkeep]\n|-damage|p2b: Leafeon|89\/100|[from] Sandstorm\n|-damage|p2a: Illumise|79\/100|[from] Sandstorm\n|-damage|p1a: OTLHPM|91\/100|[from] Sandstorm\n|-heal|p1a: OTLHPM|98\/100|[from] item: Black Sludge\n|upkeep\n|turn|6\n|\n|t:|1701031891\n|switch|p2b: Arcanine|Arcanine, F|63\/100\n|-ability|p2b: Arcanine|Intimidate|boost\n|-unboost|p1a: OTLHPM|atk|1\n|-unboost|p1b: Extra Spicy|atk|1\n|move|p2a: Illumise|Struggle Bug|p1b: Extra Spicy|[spread] p1a,p1b\n|-resisted|p1a: OTLHPM\n|-damage|p1a: OTLHPM|94\/100\n|-damage|p1b: Extra Spicy|82\/100\n|-unboost|p1a: OTLHPM|spa|1\n|-unboost|p1b: Extra Spicy|spa|1\n|move|p1b: Extra Spicy|Liquidation|p2a: Illumise\n|-damage|p2a: Illumise|56\/100\n|-unboost|p2a: Illumise|def|1\n|move|p1a: OTLHPM|Poison Jab|p2b: Arcanine\n|-damage|p2b: Arcanine|35\/100\n|-enditem|p2b: Arcanine|Sitrus Berry|[eat]\n|-heal|p2b: Arcanine|60\/100|[from] item: Sitrus Berry\n|\n|-weather|Sandstorm|[upkeep]\n|-damage|p2b: Arcanine|54\/100|[from] Sandstorm\n|-damage|p2a: Illumise|50\/100|[from] Sandstorm\n|-damage|p1a: OTLHPM|88\/100|[from] Sandstorm\n|-heal|p1a: OTLHPM|94\/100|[from] item: Black Sludge\n|upkeep\n|turn|7\n|\n|t:|1701031917\n|switch|p2a: Ninetales|Ninetales, F, shiny|58\/100\n|-weather|SunnyDay|[from] ability: Drought|[of] p2a: Ninetales\n|switch|p1b: Harmacy|Vaporeon, F|96\/100\n|switch|p1a: Weather War|Pelipper, F|87\/100 brn\n|-weather|RainDance|[from] ability: Drizzle|[of] p1a: Weather War\n|move|p2b: Arcanine|Will-O-Wisp|p1b: Harmacy\n|-status|p1b: Harmacy|brn\n|\n|-weather|RainDance|[upkeep]\n|-activate|p1b: Harmacy|ability: Hydration\n|-curestatus|p1b: Harmacy|brn|[msg]\n|-heal|p1b: Harmacy|100\/100|[from] item: Leftovers\n|-damage|p1a: Weather War|81\/100 brn|[from] brn\n|upkeep\n|turn|8\n|inactive|w0xtt has 120 seconds left.\n|\n|t:|1701031950\n|switch|p2a: Leafeon|Leafeon, M|89\/100\n|switch|p2b: Illumise|Illumise, F, shiny|50\/100\n|move|p1a: Weather War|Hurricane|p2a: Leafeon\n|-supereffective|p2a: Leafeon\n|-damage|p2a: Leafeon|0 fnt\n|faint|p2a: Leafeon\n|move|p1b: Harmacy|Copycat|p1b: Harmacy\n|move|p1b: Harmacy|Hurricane|p2b: Illumise|[from]move: Copycat\n|-supereffective|p2b: Illumise\n|-damage|p2b: Illumise|6\/100\n|\n|-weather|RainDance|[upkeep]\n|-damage|p1a: Weather War|75\/100 brn|[from] brn\n|-sideend|p2: w0xtt|move: Tailwind\n|upkeep\n|inactive|w0xtt has 120 seconds left.\n|\n|t:|1701031967\n|switch|p2a: Ninetales|Ninetales, F, shiny|58\/100\n|-weather|SunnyDay|[from] ability: Drought|[of] p2a: Ninetales\n|turn|9\n|\n|t:|1701031980\n|switch|p1a: ThcrThnSnkr|Tyranitar, F|94\/100\n|-weather|Sandstorm|[from] ability: Sand Stream|[of] p1a: ThcrThnSnkr\n|move|p2b: Illumise|Tailwind|p2b: Illumise\n|-sidestart|p2: w0xtt|move: Tailwind\n|move|p2a: Ninetales|Heat Wave|p1a: ThcrThnSnkr|[spread] p1a,p1b\n|-resisted|p1a: ThcrThnSnkr\n|-resisted|p1b: Harmacy\n|-damage|p1a: ThcrThnSnkr|91\/100\n|-damage|p1b: Harmacy|93\/100\n|move|p1b: Harmacy|Weather Ball|p2a: Ninetales\n|-supereffective|p2a: Ninetales\n|-damage|p2a: Ninetales|24\/100\n|\n|-weather|Sandstorm|[upkeep]\n|-damage|p2a: Ninetales|18\/100|[from] Sandstorm\n|-damage|p2b: Illumise|0 fnt|[from] Sandstorm\n|-damage|p1b: Harmacy|87\/100|[from] Sandstorm\n|faint|p2b: Illumise\n|-heal|p1b: Harmacy|93\/100|[from] item: Leftovers\n|upkeep\n|inactive|w0xtt has 120 seconds left.\n|\n|t:|1701031998\n|switch|p2b: Sandy Shocks|Sandy Shocks|100\/100\n|turn|10\n|\n|t:|1701032005\n|switch|p1b: Extra Spicy|Garchomp, M|82\/100\n|move|p2a: Ninetales|Helping Hand|p2b: Sandy Shocks\n|-singleturn|p2b: Sandy Shocks|Helping Hand|[of] p2a: Ninetales\n|move|p2b: Sandy Shocks|Volt Switch|p1b: Extra Spicy\n|-immune|p1b: Extra Spicy\n|move|p1a: ThcrThnSnkr|Rock Slide|p2b: Sandy Shocks|[spread] p2a,p2b\n|-supereffective|p2a: Ninetales\n|-resisted|p2b: Sandy Shocks\n|-damage|p2a: Ninetales|0 fnt\n|-damage|p2b: Sandy Shocks|87\/100\n|faint|p2a: Ninetales\n|\n|-weather|Sandstorm|[upkeep]\n|upkeep\n|\n|t:|1701032018\n|switch|p2a: Arcanine|Arcanine, F|54\/100\n|-ability|p2a: Arcanine|Intimidate|boost\n|-unboost|p1a: ThcrThnSnkr|atk|1\n|-unboost|p1b: Extra Spicy|atk|1\n|turn|11\n|\n|t:|1701032029\n|switch|p1a: Cold Shoulder|Abomasnow, M, shiny|100\/100\n|-weather|Snow|[from] ability: Snow Warning|[of] p1a: Cold Shoulder\n|move|p2b: Sandy Shocks|Volt Switch|p1a: Cold Shoulder\n|-resisted|p1a: Cold Shoulder\n|-damage|p1a: Cold Shoulder|80\/100\n|\n|t:|1701032036\n|-end|p2b: Sandy Shocks|Protosynthesis|[silent]\n|switch|p2b: Leavanny|Leavanny, M|100\/100|[from] Volt Switch\n|move|p2a: Arcanine|Will-O-Wisp|p1b: Extra Spicy\n|-status|p1b: Extra Spicy|brn\n|move|p1b: Extra Spicy|Earthquake|p2a: Arcanine|[spread] p1a,p2a,p2b\n|-resisted|p1a: Cold Shoulder\n|-supereffective|p2a: Arcanine\n|-resisted|p2b: Leavanny\n|-damage|p1a: Cold Shoulder|78\/100\n|-damage|p2a: Arcanine|31\/100\n|-damage|p2b: Leavanny|97\/100\n|\n|-weather|Snow|[upkeep]\n|-damage|p1b: Extra Spicy|75\/100 brn|[from] brn\n|upkeep\n|turn|12\n|inactive|w0xtt has 120 seconds left.\n|\n|t:|1701032071\n|switch|p1b: Weather War|Pelipper, F|75\/100 brn\n|-weather|RainDance|[from] ability: Drizzle|[of] p1b: Weather War\n|switch|p1a: OTLHPM|Toxicroak, M|94\/100\n|move|p2b: Leavanny|Leaf Blade|p1b: Weather War\n|-damage|p1b: Weather War|43\/100 brn\n|move|p2a: Arcanine|Flare Blitz|p1a: OTLHPM\n|-damage|p1a: OTLHPM|54\/100\n|-damage|p2a: Arcanine|19\/100|[from] Recoil\n|\n|-weather|RainDance|[upkeep]\n|-heal|p1a: OTLHPM|67\/100|[from] ability: Dry Skin\n|-heal|p1a: OTLHPM|73\/100|[from] item: Black Sludge\n|-damage|p1b: Weather War|37\/100 brn|[from] brn\n|-sideend|p2: w0xtt|move: Tailwind\n|upkeep\n|turn|13\n|inactive|w0xtt has 120 seconds left.\n|\n|t:|1701032100\n|move|p2b: Leavanny|Protect|p2b: Leavanny\n|-singleturn|p2b: Leavanny|Protect\n|move|p2a: Arcanine|Will-O-Wisp|p1a: OTLHPM\n|-status|p1a: OTLHPM|brn\n|move|p1a: OTLHPM|Earthquake|p2b: Leavanny|[spread] p2a\n|-activate|p2b: Leavanny|move: Protect\n|-immune|p1b: Weather War\n|-supereffective|p2a: Arcanine\n|-damage|p2a: Arcanine|0 fnt\n|faint|p2a: Arcanine\n|move|p1b: Weather War|Hurricane|p2b: Leavanny\n|-activate|p2b: Leavanny|move: Protect\n|\n|-weather|RainDance|[upkeep]\n|-heal|p1a: OTLHPM|85\/100 brn|[from] ability: Dry Skin\n|-heal|p1a: OTLHPM|92\/100 brn|[from] item: Black Sludge\n|-damage|p1a: OTLHPM|85\/100 brn|[from] brn\n|-damage|p1b: Weather War|31\/100 brn|[from] brn\n|upkeep\n|\n|t:|1701032117\n|switch|p2a: Sandy Shocks|Sandy Shocks|87\/100\n|turn|14\n|inactive|w0xtt has 120 seconds left.\n|c|\u2606mikeyuwu|My weather\n|\n|t:|1701032131\n|-terastallize|p2a: Sandy Shocks|Flying\n|-terastallize|p1b: Weather War|Ground\n|move|p2a: Sandy Shocks|Power Gem|p1b: Weather War\n|-resisted|p1b: Weather War\n|-damage|p1b: Weather War|11\/100 brn\n|move|p2b: Leavanny|Leaf Blade|p1a: OTLHPM\n|-resisted|p1a: OTLHPM\n|-damage|p1a: OTLHPM|57\/100 brn\n|move|p1a: OTLHPM|Poison Jab|p2b: Leavanny\n|-supereffective|p2b: Leavanny\n|-damage|p2b: Leavanny|37\/100\n|-status|p2b: Leavanny|psn\n|move|p1b: Weather War|Chilling Water|p2a: Sandy Shocks\n|-damage|p2a: Sandy Shocks|55\/100\n|-unboost|p2a: Sandy Shocks|atk|1\n|\n|-weather|RainDance|[upkeep]\n|-heal|p1a: OTLHPM|69\/100 brn|[from] ability: Dry Skin\n|-heal|p1a: OTLHPM|75\/100 brn|[from] item: Black Sludge\n|-damage|p2b: Leavanny|25\/100 psn|[from] psn\n|-damage|p1a: OTLHPM|69\/100 brn|[from] brn\n|-damage|p1b: Weather War|5\/100 brn|[from] brn\n|upkeep\n|turn|15\n|inactive|w0xtt has 120 seconds left.\n|\n|t:|1701032158\n|switch|p1b: Extra Spicy|Garchomp, M|75\/100 brn\n|move|p2a: Sandy Shocks|Power Gem|p1b: Extra Spicy\n|-resisted|p1b: Extra Spicy\n|-damage|p1b: Extra Spicy|64\/100 brn\n|move|p2b: Leavanny|Leaf Blade|p1a: OTLHPM\n|-resisted|p1a: OTLHPM\n|-damage|p1a: OTLHPM|38\/100 brn\n|move|p1a: OTLHPM|Poison Jab|p2a: Sandy Shocks\n|-damage|p2a: Sandy Shocks|33\/100\n|\n|-weather|RainDance|[upkeep]\n|-heal|p1a: OTLHPM|50\/100 brn|[from] ability: Dry Skin\n|-heal|p1a: OTLHPM|56\/100 brn|[from] item: Black Sludge\n|-damage|p2b: Leavanny|12\/100 psn|[from] psn\n|-damage|p1b: Extra Spicy|58\/100 brn|[from] brn\n|-damage|p1a: OTLHPM|50\/100 brn|[from] brn\n|upkeep\n|turn|16\n|\n|t:|1701032179\n|move|p2a: Sandy Shocks|Power Gem|p1a: OTLHPM\n|-resisted|p1a: OTLHPM\n|-damage|p1a: OTLHPM|35\/100 brn\n|move|p2b: Leavanny|Leaf Blade|p1a: OTLHPM\n|-resisted|p1a: OTLHPM\n|-damage|p1a: OTLHPM|2\/100 brn\n|move|p1b: Extra Spicy|Liquidation|p2a: Sandy Shocks\n|-damage|p2a: Sandy Shocks|13\/100\n|move|p1a: OTLHPM|Poison Jab|p2b: Leavanny\n|-supereffective|p2b: Leavanny\n|-damage|p2b: Leavanny|0 fnt\n|faint|p2b: Leavanny\n|\n|-weather|none\n|-heal|p1a: OTLHPM|8\/100 brn|[from] item: Black Sludge\n|-damage|p1b: Extra Spicy|52\/100 brn|[from] brn\n|-damage|p1a: OTLHPM|2\/100 brn|[from] brn\n|upkeep\n|turn|17\n|\n|t:|1701032197\n|switch|p1a: ThcrThnSnkr|Tyranitar, F|91\/100\n|-weather|Sandstorm|[from] ability: Sand Stream|[of] p1a: ThcrThnSnkr\n|move|p2a: Sandy Shocks|Power Gem|p1a: ThcrThnSnkr\n|-damage|p1a: ThcrThnSnkr|82\/100\n|move|p1b: Extra Spicy|Poison Jab|p2a: Sandy Shocks\n|-damage|p2a: Sandy Shocks|0 fnt\n|faint|p2a: Sandy Shocks\n|-end|p2a: Sandy Shocks|Protosynthesis|[silent]\n|\n|win|mikeyuwu\n|raw|mikeyuwu's rating: 1327 &rarr; <strong>1339<\/strong><br \/>(+12 for winning)\n|raw|w0xtt's rating: 1188 &rarr; <strong>1173<\/strong><br \/>(-15 for losing)\n|l|\u2606w0xtt\n","uploadtime":1701032212,"views":6,"p1id":"mikeyuwu","p2id":"w0xtt","formatid":"gen9doublesou","rating":1173,"private":0,"password":""}