{"id":"gen9doublesou-1989124853","p1":"Twink1","p2":"56789ya","format":"[Gen 9] Doubles OU","log":"|j|\u2606Twink1\n|j|\u260656789ya\n|t:|1699814891\n|gametype|doubles\n|player|p1|Twink1|101|1128\n|player|p2|56789ya|boarder|1123\n|teamsize|p1|6\n|teamsize|p2|6\n|gen|9\n|tier|[Gen 9] Doubles OU\n|rated|\n|rule|Species Clause: Limit one of each Pok\u00e9mon\n|rule|OHKO Clause: OHKO moves are banned\n|rule|Evasion Moves Clause: Evasion moves are banned\n|rule|Gravity Sleep Clause: The combination of sleep-inducing moves with imperfect accuracy and Gravity or Gigantamax Orbeetle are banned\n|rule|Endless Battle Clause: Forcing endless battles is banned\n|rule|HP Percentage Mod: HP is shown in percentages\n|clearpoke\n|poke|p1|Lycanroc, M|\n|poke|p1|Sandslash, M|\n|poke|p1|Tyranitar, M|\n|poke|p1|Gliscor, M|\n|poke|p1|Orthworm, M|\n|poke|p1|Mismagius, M|\n|poke|p2|Tauros-Paldea-Blaze, M|\n|poke|p2|Meowscarada, M|\n|poke|p2|Flamigo, F|\n|poke|p2|Corviknight, F|\n|poke|p2|Glimmora, M|\n|poke|p2|Flutter Mane|\n|teampreview\n|inactive|Battle timer is ON: inactive players will automatically lose when time's up. (requested by Twink1)\n|\n|t:|1699814908\n|start\n|switch|p1a: Tyranitar|Tyranitar, M|100\/100\n|switch|p1b: Lycanroc|Lycanroc, M|100\/100\n|switch|p2a: Corviknight|Corviknight, F|100\/100\n|switch|p2b: Flutter Mane|Flutter Mane|100\/100\n|-weather|Sandstorm|[from] ability: Sand Stream|[of] p1a: Tyranitar\n|turn|1\n|inactive|Twink1 has 120 seconds left.\n|\n|t:|1699814944\n|move|p1b: Lycanroc|Accelerock|p2b: Flutter Mane\n|-crit|p2b: Flutter Mane\n|-damage|p2b: Flutter Mane|59\/100\n|move|p2b: Flutter Mane|Dazzling Gleam|p1a: Tyranitar|[spread] p1a,p1b\n|-supereffective|p1a: Tyranitar\n|-damage|p1a: Tyranitar|71\/100\n|-damage|p1b: Lycanroc|53\/100\n|move|p1a: Tyranitar|Dark Pulse|p2b: Flutter Mane\n|-damage|p2b: Flutter Mane|27\/100\n|move|p2a: Corviknight|Iron Head|p1b: Lycanroc\n|-supereffective|p1b: Lycanroc\n|-damage|p1b: Lycanroc|0 fnt\n|faint|p1b: Lycanroc\n|\n|-weather|Sandstorm|[upkeep]\n|-damage|p2b: Flutter Mane|21\/100|[from] Sandstorm\n|upkeep\n|\n|t:|1699814961\n|switch|p1b: Mismagius|Mismagius, M|100\/100\n|turn|2\n|inactive|Twink1 has 120 seconds left.\n|\n|t:|1699814980\n|-end|p2b: Flutter Mane|Protosynthesis|[silent]\n|switch|p2b: Glimmora|Glimmora, M|100\/100\n|-terastallize|p1b: Mismagius|Electric\n|move|p1b: Mismagius|Thunderbolt|p2a: Corviknight\n|-supereffective|p2a: Corviknight\n|-damage|p2a: Corviknight|35\/100\n|move|p1a: Tyranitar|Dark Pulse|p2b: Glimmora\n|-damage|p2b: Glimmora|72\/100\n|move|p2a: Corviknight|Iron Head|p1a: Tyranitar\n|-supereffective|p1a: Tyranitar\n|-damage|p1a: Tyranitar|34\/100\n|\n|-weather|Sandstorm|[upkeep]\n|-heal|p2b: Glimmora|78\/100|[from] item: Leftovers\n|-heal|p2a: Corviknight|42\/100|[from] item: Leftovers\n|upkeep\n|turn|3\n|inactive|Twink1 has 120 seconds left.\n|\n|t:|1699815006\n|move|p1b: Mismagius|Thunderbolt|p2a: Corviknight\n|-supereffective|p2a: Corviknight\n|-damage|p2a: Corviknight|0 fnt\n|faint|p2a: Corviknight\n|move|p2b: Glimmora|Mortal Spin|p1b: Mismagius|[spread] p1a,p1b\n|-resisted|p1a: Tyranitar\n|-damage|p1a: Tyranitar|32\/100\n|-damage|p1b: Mismagius|91\/100\n|-status|p1a: Tyranitar|psn\n|-status|p1b: Mismagius|psn\n|move|p1a: Tyranitar|Dark Pulse|p2b: Glimmora\n|-damage|p2b: Glimmora|50\/100\n|\n|-weather|Sandstorm|[upkeep]\n|-heal|p2b: Glimmora|57\/100|[from] item: Leftovers\n|-damage|p1b: Mismagius|79\/100 psn|[from] psn\n|-damage|p1a: Tyranitar|20\/100 psn|[from] psn\n|upkeep\n|\n|t:|1699815023\n|switch|p2a: Flutter Mane|Flutter Mane|21\/100\n|turn|4\n|\n|t:|1699815048\n|move|p2a: Flutter Mane|Dazzling Gleam|p1b: Mismagius|[spread] p1a,p1b\n|-supereffective|p1a: Tyranitar\n|-damage|p1a: Tyranitar|0 fnt\n|-damage|p1b: Mismagius|26\/100 psn\n|faint|p1a: Tyranitar\n|move|p1b: Mismagius|Shadow Ball|p2a: Flutter Mane\n|-supereffective|p2a: Flutter Mane\n|-damage|p2a: Flutter Mane|0 fnt\n|faint|p2a: Flutter Mane\n|-end|p2a: Flutter Mane|Protosynthesis|[silent]\n|move|p2b: Glimmora|Sludge Bomb|p1b: Mismagius\n|-damage|p1b: Mismagius|0 fnt\n|faint|p1b: Mismagius\n|\n|-weather|Sandstorm|[upkeep]\n|-heal|p2b: Glimmora|63\/100|[from] item: Leftovers\n|upkeep\n|\n|t:|1699815072\n|switch|p2a: Meowscarada|Meowscarada, M|100\/100\n|switch|p1b: Orthworm|Orthworm, M|100\/100\n|switch|p1a: Sandslash|Sandslash, M|100\/100\n|turn|5\n|inactive|56789ya has 120 seconds left.\n|\n|t:|1699815106\n|move|p1a: Sandslash|Knock Off|p2a: Meowscarada\n|-resisted|p2a: Meowscarada\n|-damage|p2a: Meowscarada|81\/100\n|-enditem|p2a: Meowscarada|Focus Sash|[from] move: Knock Off|[of] p1a: Sandslash\n|move|p2a: Meowscarada|Flower Trick|p1a: Sandslash\n|-supereffective|p1a: Sandslash\n|-crit|p1a: Sandslash\n|-damage|p1a: Sandslash|17\/100\n|move|p2b: Glimmora|Mortal Spin|p1a: Sandslash|[spread] p1a\n|-immune|p1b: Orthworm\n|-resisted|p1a: Sandslash\n|-damage|p1a: Sandslash|15\/100\n|-status|p1a: Sandslash|psn\n|move|p1b: Orthworm|Iron Defense|p1b: Orthworm\n|-boost|p1b: Orthworm|def|2\n|\n|-weather|none\n|-heal|p2b: Glimmora|69\/100|[from] item: Leftovers\n|-damage|p1a: Sandslash|3\/100 psn|[from] psn\n|upkeep\n|turn|6\n|inactive|Twink1 has 120 seconds left.\n|\n|t:|1699815138\n|switch|p2b: Tauros|Tauros-Paldea-Blaze, M|100\/100\n|move|p2a: Meowscarada|Flower Trick|p2b: Tauros\n|-resisted|p2b: Tauros\n|-crit|p2b: Tauros\n|-damage|p2b: Tauros|85\/100\n|-setboost|p2b: Tauros|atk|6|[from] ability: Anger Point\n|move|p1a: Sandslash|Sandstorm|p1a: Sandslash\n|-weather|Sandstorm\n|move|p1b: Orthworm|Iron Defense|p1b: Orthworm\n|-boost|p1b: Orthworm|def|2\n|\n|-weather|Sandstorm|[upkeep]\n|-damage|p2a: Meowscarada|75\/100|[from] Sandstorm\n|-damage|p2b: Tauros|79\/100|[from] Sandstorm\n|-damage|p1a: Sandslash|0 fnt|[from] psn\n|faint|p1a: Sandslash\n|upkeep\n|inactive|Twink1 has 120 seconds left.\n|\n|t:|1699815154\n|switch|p1a: Gliscor|Gliscor, M|100\/100\n|turn|7\n|\n|t:|1699815177\n|-terastallize|p2b: Tauros|Grass\n|move|p1b: Orthworm|Protect|p1b: Orthworm\n|-singleturn|p1b: Orthworm|Protect\n|move|p2a: Meowscarada|Pollen Puff|p2b: Tauros\n|-heal|p2b: Tauros|100\/100\n|move|p2b: Tauros|Raging Bull|p1b: Orthworm\n|-activate|p1b: Orthworm|move: Protect\n|move|p1a: Gliscor|Crabhammer|p2b: Tauros\n|-resisted|p2b: Tauros\n|-damage|p2b: Tauros|86\/100\n|\n|-weather|Sandstorm|[upkeep]\n|-damage|p2a: Meowscarada|69\/100|[from] Sandstorm\n|-damage|p2b: Tauros|79\/100|[from] Sandstorm\n|-status|p1a: Gliscor|tox|[from] item: Toxic Orb\n|upkeep\n|turn|8\n|\n|t:|1699815200\n|move|p2a: Meowscarada|Knock Off|p1a: Gliscor\n|-damage|p1a: Gliscor|66\/100 tox\n|-enditem|p1a: Gliscor|Toxic Orb|[from] move: Knock Off|[of] p2a: Meowscarada\n|move|p2b: Tauros|Raging Bull|p1b: Orthworm\n|-supereffective|p1b: Orthworm\n|-damage|p1b: Orthworm|35\/100\n|move|p1a: Gliscor|Lunge|p2b: Tauros\n|-supereffective|p2b: Tauros\n|-damage|p2b: Tauros|35\/100\n|-unboost|p2b: Tauros|atk|1\n|move|p1b: Orthworm|Iron Defense|p1b: Orthworm\n|-boost|p1b: Orthworm|def|2\n|\n|-weather|Sandstorm|[upkeep]\n|-damage|p2a: Meowscarada|63\/100|[from] Sandstorm\n|-damage|p2b: Tauros|28\/100|[from] Sandstorm\n|-heal|p1b: Orthworm|41\/100|[from] item: Leftovers\n|-heal|p1a: Gliscor|79\/100 tox|[from] ability: Poison Heal\n|upkeep\n|turn|9\n|inactive|56789ya has 120 seconds left.\n|\n|t:|1699815233\n|move|p1b: Orthworm|Protect|p1b: Orthworm\n|-singleturn|p1b: Orthworm|Protect\n|move|p2a: Meowscarada|Pollen Puff|p2b: Tauros\n|-heal|p2b: Tauros|78\/100\n|move|p2b: Tauros|Raging Bull|p1a: Gliscor\n|-damage|p1a: Gliscor|0 fnt\n|faint|p1a: Gliscor\n|\n|-weather|Sandstorm|[upkeep]\n|-damage|p2a: Meowscarada|57\/100|[from] Sandstorm\n|-damage|p2b: Tauros|72\/100|[from] Sandstorm\n|-heal|p1b: Orthworm|47\/100|[from] item: Leftovers\n|upkeep\n|turn|10\n|\n|t:|1699815252\n|move|p2a: Meowscarada|Ally Switch|p2a: Meowscarada\n|swap|p2a: Meowscarada|1|[from] move: Ally Switch\n|move|p2a: Tauros|Raging Bull|p1b: Orthworm\n|-supereffective|p1b: Orthworm\n|-damage|p1b: Orthworm|4\/100\n|move|p1b: Orthworm|Body Press|p2b: Meowscarada\n|-supereffective|p2b: Meowscarada\n|-damage|p2b: Meowscarada|0 fnt\n|faint|p2b: Meowscarada\n|\n|-weather|none\n|-heal|p1b: Orthworm|10\/100|[from] item: Leftovers\n|upkeep\n|c|\u2606Twink1|gg\n|\n|t:|1699815264\n|switch|p2b: Flamigo|Flamigo, F|100\/100\n|-copyboost|p2b: Flamigo|p2a: Tauros|[from] ability: Costar\n|turn|11\n|-message|Twink1 forfeited.\n|\n|win|56789ya\n|raw|Twink1's rating: 1128 &rarr; <strong>1103<\/strong><br \/>(-25 for losing)\n|raw|56789ya's rating: 1123 &rarr; <strong>1148<\/strong><br \/>(+25 for winning)\n|l|\u2606Twink1\n","uploadtime":1699815277,"views":9,"p1id":"twink1","p2id":"56789ya","formatid":"gen9doublesou","rating":1103,"private":0,"password":""}