{"id":"gen9doublesou-1993717818","p1":"Vixen 4 Life","p2":"PoliteGhost","format":"[Gen 9] Doubles OU","log":"|j|\u2606Vixen 4 Life\n|j|\u2606PoliteGhost\n|t:|1700349024\n|gametype|doubles\n|player|p1|Vixen 4 Life|penny|1441\n|player|p2|PoliteGhost|giovanni|1533\n|teamsize|p1|6\n|teamsize|p2|6\n|gen|9\n|tier|[Gen 9] Doubles OU\n|rated|\n|rule|Species Clause: Limit one of each Pok\u00e9mon\n|rule|OHKO Clause: OHKO moves are banned\n|rule|Evasion Moves Clause: Evasion moves are banned\n|rule|Gravity Sleep Clause: The combination of sleep-inducing moves with imperfect accuracy and Gravity or Gigantamax Orbeetle are banned\n|rule|Endless Battle Clause: Forcing endless battles is banned\n|rule|HP Percentage Mod: HP is shown in percentages\n|clearpoke\n|poke|p1|Tinkaton, F|\n|poke|p1|Sableye, M|\n|poke|p1|Flamigo, M|\n|poke|p1|Krookodile, F|\n|poke|p1|Meowscarada, F|\n|poke|p1|Brambleghast, F|\n|poke|p2|Amoonguss, M|\n|poke|p2|Iron Hands|\n|poke|p2|Landorus-Therian, M|\n|poke|p2|Flutter Mane|\n|poke|p2|Iron Bundle|\n|poke|p2|Chi-Yu|\n|teampreview\n|\n|t:|1700349040\n|start\n|switch|p1a: Sableye|Sableye, M|100\/100\n|switch|p1b: Tinkaton|Tinkaton, F|100\/100\n|switch|p2a: Iron Hands|Iron Hands|100\/100\n|switch|p2b: Flutter Mane|Flutter Mane|100\/100\n|-ability|p1b: Tinkaton|Mold Breaker\n|-enditem|p2b: Flutter Mane|Booster Energy\n|-activate|p2b: Flutter Mane|ability: Protosynthesis|[fromitem]\n|-start|p2b: Flutter Mane|protosynthesisspe\n|turn|1\n|\n|t:|1700349050\n|move|p1a: Sableye|Skill Swap|p1b: Tinkaton\n|-activate|p1a: Sableye|move: Skill Swap|||[of] p1b: Tinkaton\n|-ability|p1a: Sableye|Mold Breaker\n|move|p1b: Tinkaton|Thunder Wave|p2b: Flutter Mane\n|-status|p2b: Flutter Mane|par\n|cant|p2b: Flutter Mane|par\n|move|p2a: Iron Hands|Drain Punch|p1b: Tinkaton\n|-damage|p1b: Tinkaton|50\/100\n|\n|-heal|p1b: Tinkaton|56\/100|[from] item: Leftovers\n|upkeep\n|turn|2\n|\n|t:|1700349076\n|move|p1a: Sableye|Shadow Sneak|p2b: Flutter Mane\n|-supereffective|p2b: Flutter Mane\n|-damage|p2b: Flutter Mane|43\/100 par\n|cant|p2b: Flutter Mane|par\n|move|p1b: Tinkaton|Gigaton Hammer|p2b: Flutter Mane\n|-supereffective|p2b: Flutter Mane\n|-damage|p2b: Flutter Mane|0 fnt\n|faint|p2b: Flutter Mane\n|-end|p2b: Flutter Mane|Protosynthesis|[silent]\n|move|p2a: Iron Hands|Drain Punch|p1b: Tinkaton\n|-damage|p1b: Tinkaton|5\/100\n|\n|-heal|p1b: Tinkaton|12\/100|[from] item: Leftovers\n|upkeep\n|\n|t:|1700349095\n|switch|p2b: Iron Bundle|Iron Bundle|100\/100\n|turn|3\n|\n|t:|1700349103\n|move|p1b: Tinkaton|Protect|p1b: Tinkaton\n|-singleturn|p1b: Tinkaton|Protect\n|move|p2b: Iron Bundle|Freeze-Dry|p1a: Sableye\n|-damage|p1a: Sableye|48\/100\n|move|p1a: Sableye|Skill Swap||[still]\n|-fail|p1a: Sableye\n|move|p2a: Iron Hands|Drain Punch|p1b: Tinkaton\n|-activate|p1b: Tinkaton|move: Protect\n|\n|-heal|p1b: Tinkaton|18\/100|[from] item: Leftovers\n|upkeep\n|turn|4\n|\n|t:|1700349117\n|move|p1b: Tinkaton|Thunder Wave|p2b: Iron Bundle\n|-status|p2b: Iron Bundle|par\n|move|p1a: Sableye|Sucker Punch|p2b: Iron Bundle\n|-damage|p2b: Iron Bundle|74\/100 par\n|move|p2b: Iron Bundle|Freeze-Dry|p1a: Sableye\n|-damage|p1a: Sableye|0 fnt\n|faint|p1a: Sableye\n|move|p2a: Iron Hands|Drain Punch|p1b: Tinkaton\n|-damage|p1b: Tinkaton|0 fnt\n|faint|p1b: Tinkaton\n|\n|upkeep\n|\n|t:|1700349124\n|switch|p1b: Krookodile|Krookodile, F|100\/100\n|switch|p1a: Meowscarada|Meowscarada, F|100\/100\n|turn|5\n|\n|t:|1700349144\n|move|p1a: Meowscarada|Flower Trick|p1b: Krookodile\n|-supereffective|p1b: Krookodile\n|-crit|p1b: Krookodile\n|-damage|p1b: Krookodile|19\/100\n|-setboost|p1b: Krookodile|atk|6|[from] ability: Anger Point\n|-enditem|p1b: Krookodile|Salac Berry|[eat]\n|-boost|p1b: Krookodile|spe|1|[from] item: Salac Berry\n|move|p1b: Krookodile|Earthquake|p2b: Iron Bundle|[spread] p1a,p2a,p2b\n|-resisted|p1a: Meowscarada\n|-supereffective|p2a: Iron Hands\n|-crit|p2a: Iron Hands\n|-damage|p1a: Meowscarada|11\/100\n|-damage|p2a: Iron Hands|0 fnt\n|-damage|p2b: Iron Bundle|0 fnt\n|faint|p2a: Iron Hands\n|-end|p2a: Iron Hands|Quark Drive|[silent]\n|faint|p2b: Iron Bundle\n|-end|p2b: Iron Bundle|Quark Drive|[silent]\n|-enditem|p1a: Meowscarada|Eject Button\n|\n|t:|1700349155\n|switch|p1a: Flamigo|Flamigo, M|100\/100\n|-copyboost|p1a: Flamigo|p1b: Krookodile|[from] ability: Costar\n|\n|upkeep\n|\n|t:|1700349168\n|switch|p2b: Amoonguss|Amoonguss, M|100\/100\n|switch|p2a: Landorus|Landorus-Therian, M|100\/100\n|-ability|p2a: Landorus|Intimidate|boost\n|-unboost|p1a: Flamigo|atk|1\n|-unboost|p1b: Krookodile|atk|1\n|turn|6\n|\n|t:|1700349184\n|move|p2b: Amoonguss|Protect|p2b: Amoonguss\n|-singleturn|p2b: Amoonguss|Protect\n|move|p1b: Krookodile|Power Trip|p2a: Landorus\n|-damage|p2a: Landorus|0 fnt\n|faint|p2a: Landorus\n|move|p1a: Flamigo|Brave Bird|p2b: Amoonguss\n|-activate|p2b: Amoonguss|move: Protect\n|\n|upkeep\n|\n|t:|1700349192\n|switch|p2a: Chi-Yu|Chi-Yu|100\/100\n|-ability|p2a: Chi-Yu|Beads of Ruin\n|turn|7\n|\n|t:|1700349209\n|-terastallize|p2a: Chi-Yu|Dark\n|move|p1b: Krookodile|Protect|p1b: Krookodile\n|-singleturn|p1b: Krookodile|Protect\n|move|p1a: Flamigo|Close Combat|p2a: Chi-Yu\n|-supereffective|p2a: Chi-Yu\n|-damage|p2a: Chi-Yu|0 fnt\n|-unboost|p1a: Flamigo|def|1\n|-unboost|p1a: Flamigo|spd|1\n|faint|p2a: Chi-Yu\n|move|p2b: Amoonguss|Spore|p1a: Flamigo\n|-status|p1a: Flamigo|slp|[from] move: Spore\n|\n|upkeep\n|turn|8\n|c|\u2606PoliteGhost|How are all of your Pokemon faster?\n|\n|t:|1700349240\n|move|p1b: Krookodile|Power Trip|p2b: Amoonguss\n|-damage|p2b: Amoonguss|0 fnt\n|-damage|p1b: Krookodile|3\/100|[from] item: Rocky Helmet|[of] p2b: Amoonguss\n|faint|p2b: Amoonguss\n|\n|win|Vixen 4 Life\n|raw|Vixen 4 Life's rating: 1441 &rarr; <strong>1466<\/strong><br \/>(+25 for winning)\n|raw|PoliteGhost's rating: 1533 &rarr; <strong>1508<\/strong><br \/>(-25 for losing)\n|c|\u2606Vixen 4 Life|Im at +1 speed\n|c|\u2606Vixen 4 Life|What do you mean how\n|c|\u2606PoliteGhost|Your Tinkaton moved faster than Flutter Mane\n|c|\u2606Vixen 4 Life|It had the prankster ability\n|c|\u2606Vixen 4 Life|Thanks to sableye's skill swap\n|c|\u2606PoliteGhost|and Sableye?\n|c|\u2606PoliteGhost|Sableye was also faster\n|c|\u2606Vixen 4 Life|Sableye originally had Prankster, but it swapped abilities with tinkaton\n|c|\u2606Vixen 4 Life|It also had priority moves\n|c|\u2606PoliteGhost|Okay I guess\n|c|\u2606Vixen 4 Life|Moves like sucker punch and shadow sneak usually go firsy\n|c|\u2606PoliteGhost|I understand that\n|c|\u2606Vixen 4 Life|Have you not heard of skill swap?\n|c|\u2606PoliteGhost|I have never seen a Skill Swap strategy\n|c|\u2606Vixen 4 Life|Ah\n|c|\u2606PoliteGhost|It's fine, just curious\n|l|\u2606PoliteGhost\n|l|\u2606Vixen 4 Life\n|j|\u2606PoliteGhost\n|player|p2|PoliteGhost|giovanni\n","uploadtime":1700349391,"views":16,"p1id":"vixen4life","p2id":"politeghost","formatid":"gen9doublesou","rating":1466,"private":0,"password":""}