{"id":"gen9doublesou-1994762145","p1":"Blackbelt59","p2":"LordSandaime","format":"[Gen 9] Doubles OU","log":"|j|\u2606Blackbelt59\n|j|\u2606LordSandaime\n|t:|1700490220\n|gametype|doubles\n|player|p1|Blackbelt59|palmer|1326\n|player|p2|LordSandaime|alder|1424\n|teamsize|p1|6\n|teamsize|p2|6\n|gen|9\n|tier|[Gen 9] Doubles OU\n|rated|\n|rule|Species Clause: Limit one of each Pok\u00e9mon\n|rule|OHKO Clause: OHKO moves are banned\n|rule|Evasion Moves Clause: Evasion moves are banned\n|rule|Gravity Sleep Clause: The combination of sleep-inducing moves with imperfect accuracy and Gravity or Gigantamax Orbeetle are banned\n|rule|Endless Battle Clause: Forcing endless battles is banned\n|rule|HP Percentage Mod: HP is shown in percentages\n|clearpoke\n|poke|p1|Regidrago|\n|poke|p1|Slowking-Galar, M|\n|poke|p1|Sinistcha-Masterpiece|\n|poke|p1|Palafin, F|\n|poke|p1|Heatran, M|\n|poke|p1|Gholdengo|\n|poke|p2|Kommo-o, M|\n|poke|p2|Volcarona, M|\n|poke|p2|Rillaboom, M|\n|poke|p2|Farigiraf, M|\n|poke|p2|Kingambit, M|\n|poke|p2|Azumarill, M|\n|teampreview\n|inactive|Battle timer is ON: inactive players will automatically lose when time's up. (requested by LordSandaime)\n|j| Ran Kob\n|inactive|LordSandaime has 120 seconds left.\n|inactive|LordSandaime has 90 seconds left.\n|\n|t:|1700490304\n|start\n|switch|p1a: Hot BJs|Heatran, M|100\/100\n|switch|p1b: Jelly|Palafin, F|100\/100\n|switch|p2a: Kommo-o|Kommo-o, M|100\/100\n|switch|p2b: Farigiraf|Farigiraf, M|100\/100\n|turn|1\n|\n|t:|1700490323\n|move|p1b: Jelly|Ice Punch|p2a: Kommo-o\n|-supereffective|p2a: Kommo-o\n|-damage|p2a: Kommo-o|65\/100\n|move|p2a: Kommo-o|Clangorous Soul|p2a: Kommo-o\n|-boost|p2a: Kommo-o|atk|1\n|-boost|p2a: Kommo-o|def|1\n|-boost|p2a: Kommo-o|spa|1\n|-boost|p2a: Kommo-o|spd|1\n|-boost|p2a: Kommo-o|spe|1\n|-damage|p2a: Kommo-o|32\/100\n|move|p1a: Hot BJs|Flash Cannon|p2b: Farigiraf\n|-damage|p2b: Farigiraf|54\/100\n|move|p2b: Farigiraf|Imprison|p2b: Farigiraf\n|-start|p2b: Farigiraf|move: Imprison\n|\n|-heal|p2a: Kommo-o|38\/100|[from] item: Leftovers\n|upkeep\n|turn|2\n|\n|t:|1700490352\n|move|p2a: Kommo-o|Drain Punch|p1a: Hot BJs\n|-supereffective|p1a: Hot BJs\n|-damage|p1a: Hot BJs|27\/100\n|-heal|p2a: Kommo-o|86\/100|[from] drain|[of] p1a: Hot BJs\n|move|p1b: Jelly|Ice Punch|p2a: Kommo-o\n|-supereffective|p2a: Kommo-o\n|-damage|p2a: Kommo-o|64\/100\n|move|p1a: Hot BJs|Heat Wave|p2a: Kommo-o|[spread] p2a,p2b\n|-resisted|p2a: Kommo-o\n|-damage|p2a: Kommo-o|47\/100\n|-damage|p2b: Farigiraf|14\/100\n|-enditem|p2b: Farigiraf|Aguav Berry|[eat]\n|-heal|p2b: Farigiraf|47\/100|[from] item: Aguav Berry\n|move|p2b: Farigiraf|Psychic|p1b: Jelly\n|-damage|p1b: Jelly|27\/100\n|-enditem|p1b: Jelly|Eject Button\n|inactive|Blackbelt59 has 120 seconds left.\n|\n|t:|1700490369\n|detailschange|p1b: Jelly|Palafin-Hero, F\n|switch|p1b: Apple Jacks|Gholdengo|100\/100\n|\n|-heal|p2a: Kommo-o|53\/100|[from] item: Leftovers\n|upkeep\n|turn|3\n|\n|t:|1700490399\n|move|p2a: Kommo-o|Flamethrower|p1b: Apple Jacks\n|-supereffective|p1b: Apple Jacks\n|-damage|p1b: Apple Jacks|13\/100\n|move|p1b: Apple Jacks|Make It Rain|p2b: Farigiraf|[spread] p2a,p2b\n|-damage|p2a: Kommo-o|11\/100\n|-damage|p2b: Farigiraf|0 fnt\n|-unboost|p1b: Apple Jacks|spa|1\n|faint|p2b: Farigiraf\n|move|p1a: Hot BJs|Heat Wave|p2a: Kommo-o\n|-resisted|p2a: Kommo-o\n|-damage|p2a: Kommo-o|0 fnt\n|faint|p2a: Kommo-o\n|\n|upkeep\n|inactive|LordSandaime has 120 seconds left.\n|\n|t:|1700490414\n|switch|p2a: Azumarill|Azumarill, M|100\/100\n|switch|p2b: Volcarona|Volcarona, M|100\/100\n|turn|4\n|inactive|LordSandaime has 120 seconds left.\n|\n|t:|1700490454\n|switch|p1b: You ladies aight?|Slowking-Galar, M|100\/100\n|-clearboost|p1a: Hot BJs|[from] ability: Curious Medicine|[of] p1b: You ladies aight?\n|move|p2b: Volcarona|Fiery Dance|p1b: You ladies aight?\n|-damage|p1b: You ladies aight?|71\/100\n|-boost|p2b: Volcarona|spa|1\n|move|p1a: Hot BJs|Flash Cannon|p2a: Azumarill\n|-crit|p2a: Azumarill\n|-damage|p2a: Azumarill|30\/100\n|-enditem|p2a: Azumarill|Sitrus Berry|[eat]\n|-heal|p2a: Azumarill|55\/100|[from] item: Sitrus Berry\n|move|p2a: Azumarill|Belly Drum|p2a: Azumarill\n|-damage|p2a: Azumarill|5\/100\n|-setboost|p2a: Azumarill|atk|6|[from] move: Belly Drum\n|\n|-heal|p1b: You ladies aight?|77\/100|[from] item: Black Sludge\n|upkeep\n|turn|5\n|inactive|LordSandaime has 120 seconds left.\n|inactive|Blackbelt59 has 120 seconds left.\n|\n|t:|1700490487\n|move|p2b: Volcarona|Rage Powder|p2b: Volcarona\n|-singleturn|p2b: Volcarona|move: Rage Powder\n|move|p2a: Azumarill|Aqua Jet|p1a: Hot BJs\n|-supereffective|p1a: Hot BJs\n|-damage|p1a: Hot BJs|0 fnt\n|faint|p1a: Hot BJs\n|move|p1b: You ladies aight?|Trick Room|p1b: You ladies aight?\n|-fieldstart|move: Trick Room|[of] p1b: You ladies aight?\n|\n|-heal|p1b: You ladies aight?|84\/100|[from] item: Black Sludge\n|upkeep\n|inactive|Blackbelt59 has 120 seconds left.\n|\n|t:|1700490501\n|switch|p1a: The good good sh!t|Sinistcha-Masterpiece|100\/100\n|-heal|p1b: You ladies aight?|100\/100|[from] ability: Hospitality|[of] p1a: The good good sh!t\n|turn|6\n|\n|t:|1700490508\n|move|p2a: Azumarill|Protect|p2a: Azumarill\n|-singleturn|p2a: Azumarill|Protect\n|move|p1b: You ladies aight?|Sludge Bomb|p2b: Volcarona\n|-damage|p2b: Volcarona|57\/100\n|move|p1a: The good good sh!t|Matcha Gotcha|p2a: Azumarill|[spread] p2b\n|-activate|p2a: Azumarill|move: Protect\n|-resisted|p2b: Volcarona\n|-damage|p2b: Volcarona|51\/100\n|move|p2b: Volcarona|Fiery Dance|p1a: The good good sh!t\n|-supereffective|p1a: The good good sh!t\n|-damage|p1a: The good good sh!t|0 fnt\n|faint|p1a: The good good sh!t\n|\n|upkeep\n|inactive|Blackbelt59 has 120 seconds left.\n|\n|t:|1700490530\n|switch|p1a: Jelly|Palafin-Hero, F|27\/100\n|-activate|p1a: Jelly|ability: Zero to Hero\n|turn|7\n|\n|t:|1700490545\n|-terastallize|p2b: Volcarona|Grass\n|move|p2a: Azumarill|Aqua Jet|p1b: You ladies aight?\n|-damage|p1b: You ladies aight?|0 fnt\n|faint|p1b: You ladies aight?\n|move|p1a: Jelly|Jet Punch|p2b: Volcarona\n|-resisted|p2b: Volcarona\n|-damage|p2b: Volcarona|21\/100\n|move|p2b: Volcarona|Giga Drain|p1a: Jelly\n|-supereffective|p1a: Jelly\n|-damage|p1a: Jelly|0 fnt\n|-heal|p2b: Volcarona|36\/100|[from] drain|[of] p1a: Jelly\n|faint|p1a: Jelly\n|\n|upkeep\n|c|\u2606Blackbelt59|wow i am throwing lmao\n|inactive|Blackbelt59 has 120 seconds left.\n|\n|t:|1700490566\n|switch|p1b: Apple Jacks|Gholdengo|13\/100\n|switch|p1a: Bud|Regidrago|100\/100\n|turn|8\n|\n|t:|1700490580\n|move|p2a: Azumarill|Aqua Jet|p1b: Apple Jacks\n|-damage|p1b: Apple Jacks|0 fnt\n|faint|p1b: Apple Jacks\n|move|p1a: Bud|Dragon Energy|p2a: Azumarill|[spread] p2b\n|-immune|p2a: Azumarill\n|-damage|p2b: Volcarona|0 fnt\n|faint|p2b: Volcarona\n|\n|upkeep\n|\n|t:|1700490583\n|switch|p2b: Rillaboom|Rillaboom, M, shiny|100\/100\n|-fieldstart|move: Grassy Terrain|[from] ability: Grassy Surge|[of] p2b: Rillaboom\n|turn|9\n|\n|t:|1700490594\n|-terastallize|p1a: Bud|Dragon\n|move|p2b: Rillaboom|Fake Out|p1a: Bud\n|-damage|p1a: Bud|88\/100\n|move|p2a: Azumarill|Ice Spinner|p1a: Bud\n|-supereffective|p1a: Bud\n|-damage|p1a: Bud|0 fnt\n|-fieldend|move: Grassy Terrain\n|faint|p1a: Bud\n|\n|win|LordSandaime\n|raw|Blackbelt59's rating: 1326 &rarr; <strong>1313<\/strong><br \/>(-13 for losing)\n|raw|LordSandaime's rating: 1449 &rarr; <strong>1462<\/strong><br \/>(+13 for winning)\n|c|\u2606Blackbelt59|gg lol\n|c|\u2606LordSandaime|Gg\n","uploadtime":1700490636,"views":2,"p1id":"blackbelt59","p2id":"lordsandaime","formatid":"gen9doublesou","rating":1313,"private":0,"password":""}