{"id":"gen9doublesou-1991756225","p1":"EndlessEra","p2":"PlebJones1876","format":"[Gen 9] Doubles OU","log":"|j|\u2606EndlessEra\n|j|\u2606PlebJones1876\n|t:|1700111816\n|gametype|doubles\n|player|p1|EndlessEra|gardenia|1088\n|player|p2|PlebJones1876|265|1149\n|teamsize|p1|6\n|teamsize|p2|6\n|gen|9\n|tier|[Gen 9] Doubles OU\n|rated|\n|rule|Species Clause: Limit one of each Pok\u00e9mon\n|rule|OHKO Clause: OHKO moves are banned\n|rule|Evasion Moves Clause: Evasion moves are banned\n|rule|Gravity Sleep Clause: The combination of sleep-inducing moves with imperfect accuracy and Gravity or Gigantamax Orbeetle are banned\n|rule|Endless Battle Clause: Forcing endless battles is banned\n|rule|HP Percentage Mod: HP is shown in percentages\n|clearpoke\n|poke|p1|Klefki, M|\n|poke|p1|Wyrdeer, F|\n|poke|p1|Ting-Lu|\n|poke|p1|Ursaluna, M|\n|poke|p1|Farigiraf, M|\n|poke|p1|Slowking-Galar, F|\n|poke|p2|Amoonguss, F|\n|poke|p2|Hippowdon, M|\n|poke|p2|Houndstone, M|\n|poke|p2|Kingambit, F|\n|poke|p2|Ogerpon-Cornerstone, F|\n|poke|p2|Landorus-Therian, M|\n|teampreview\n|j| Iamnewmetalol\n|\n|t:|1700111836\n|start\n|switch|p1a: Klefki|Klefki, M|100\/100\n|switch|p1b: Slowking|Slowking-Galar, F|100\/100\n|switch|p2a: Hippowdon|Hippowdon, M|100\/100\n|switch|p2b: Ogerpon|Ogerpon-Cornerstone, F|100\/100\n|-weather|Sandstorm|[from] ability: Sand Stream|[of] p2a: Hippowdon\n|turn|1\n|\n|t:|1700111861\n|switch|p2b: Amoonguss|Amoonguss, F|100\/100\n|move|p1b: Slowking|Protect|p1b: Slowking\n|-singleturn|p1b: Slowking|Protect\n|move|p2a: Hippowdon|Stealth Rock|p1a: Klefki\n|-sidestart|p1: EndlessEra|move: Stealth Rock\n|move|p1a: Klefki|Trick Room|p1a: Klefki\n|-fieldstart|move: Trick Room|[of] p1a: Klefki\n|\n|-weather|Sandstorm|[upkeep]\n|-damage|p1b: Slowking|94\/100|[from] Sandstorm\n|-heal|p1b: Slowking|100\/100|[from] item: Leftovers\n|upkeep\n|turn|2\n|\n|t:|1700111901\n|move|p1a: Klefki|Thunder Wave|p2b: Amoonguss\n|-status|p2b: Amoonguss|par\n|cant|p2b: Amoonguss|par\n|move|p1b: Slowking|Ice Beam|p2b: Amoonguss\n|-supereffective|p2b: Amoonguss\n|-damage|p2b: Amoonguss|65\/100 par\n|move|p2a: Hippowdon|Earthquake|p1a: Klefki|[spread] p2b,p1a,p1b\n|-supereffective|p1a: Klefki\n|-supereffective|p1b: Slowking\n|-damage|p2b: Amoonguss|43\/100 par\n|-damage|p1a: Klefki|35\/100\n|-damage|p1b: Slowking|62\/100\n|\n|-weather|Sandstorm|[upkeep]\n|-damage|p1b: Slowking|56\/100|[from] Sandstorm\n|-heal|p1b: Slowking|62\/100|[from] item: Leftovers\n|upkeep\n|turn|3\n|\n|t:|1700111930\n|move|p2b: Amoonguss|Spore|p1b: Slowking\n|-status|p1b: Slowking|slp|[from] move: Spore\n|cant|p1b: Slowking|slp\n|move|p2a: Hippowdon|Earthquake|p1a: Klefki|[spread] p2b,p1a,p1b\n|-supereffective|p1a: Klefki\n|-supereffective|p1b: Slowking\n|-damage|p2b: Amoonguss|19\/100 par\n|-damage|p1a: Klefki|0 fnt\n|-damage|p1b: Slowking|19\/100 slp\n|faint|p1a: Klefki\n|\n|-weather|Sandstorm|[upkeep]\n|-damage|p1b: Slowking|13\/100 slp|[from] Sandstorm\n|-heal|p1b: Slowking|19\/100 slp|[from] item: Leftovers\n|upkeep\n|\n|t:|1700111950\n|switch|p1a: Ting-Lu|Ting-Lu|100\/100\n|-damage|p1a: Ting-Lu|94\/100|[from] Stealth Rock\n|-ability|p1a: Ting-Lu|Vessel of Ruin\n|turn|4\n|\n|t:|1700111984\n|switch|p1b: Ursaluna|Ursaluna, M|100\/100\n|-damage|p1b: Ursaluna|94\/100|[from] Stealth Rock\n|switch|p2a: Landorus|Landorus-Therian, M|100\/100\n|-ability|p2a: Landorus|Intimidate|boost\n|-unboost|p1a: Ting-Lu|atk|1\n|-unboost|p1b: Ursaluna|atk|1\n|move|p2b: Amoonguss|Toxic|p1a: Ting-Lu\n|-status|p1a: Ting-Lu|tox\n|move|p1a: Ting-Lu|Body Press|p2a: Landorus\n|-resisted|p2a: Landorus\n|-damage|p2a: Landorus|88\/100\n|\n|-weather|Sandstorm|[upkeep]\n|-damage|p1a: Ting-Lu|88\/100 tox|[from] psn\n|upkeep\n|turn|5\n|\n|t:|1700112021\n|move|p2b: Amoonguss|Spore|p1b: Ursaluna\n|-status|p1b: Ursaluna|slp|[from] move: Spore\n|-enditem|p1b: Ursaluna|Chesto Berry|[eat]\n|-curestatus|p1b: Ursaluna|slp|[msg]\n|move|p1a: Ting-Lu|Stone Edge|p2a: Landorus\n|-damage|p2a: Landorus|70\/100\n|move|p1b: Ursaluna|High Horsepower|p2b: Amoonguss\n|-damage|p2b: Amoonguss|0 fnt\n|faint|p2b: Amoonguss\n|move|p2a: Landorus|U-turn|p1a: Ting-Lu\n|-supereffective|p1a: Ting-Lu\n|-damage|p1a: Ting-Lu|60\/100 tox\n|\n|t:|1700112037\n|switch|p2a: Ogerpon|Ogerpon-Cornerstone, F|100\/100|[from] U-turn\n|\n|-weather|Sandstorm|[upkeep]\n|-damage|p1a: Ting-Lu|48\/100 tox|[from] psn\n|-fieldend|move: Trick Room\n|upkeep\n|\n|t:|1700112048\n|switch|p2b: Landorus|Landorus-Therian, M|70\/100\n|-ability|p2b: Landorus|Intimidate|boost\n|-unboost|p1a: Ting-Lu|atk|1\n|-unboost|p1b: Ursaluna|atk|1\n|turn|6\n|\n|t:|1700112097\n|move|p2b: Landorus|U-turn|p1a: Ting-Lu\n|-supereffective|p1a: Ting-Lu\n|-damage|p1a: Ting-Lu|17\/100 tox\n|\n|t:|1700112115\n|switch|p2b: Hippowdon|Hippowdon, M|100\/100|[from] U-turn\n|move|p2a: Ogerpon|Ivy Cudgel|p1b: Ursaluna|[anim] Ivy Cudgel Rock\n|-resisted|p1b: Ursaluna\n|-damage|p1b: Ursaluna|78\/100\n|move|p1b: Ursaluna|High Horsepower|p2a: Ogerpon\n|-damage|p2a: Ogerpon|79\/100\n|move|p1a: Ting-Lu|Body Press|p2a: Ogerpon\n|-supereffective|p2a: Ogerpon\n|-damage|p2a: Ogerpon|38\/100\n|\n|-weather|Sandstorm|[upkeep]\n|-damage|p1a: Ting-Lu|0 fnt|[from] psn\n|faint|p1a: Ting-Lu\n|upkeep\n|\n|t:|1700112132\n|switch|p1a: Slowking|Slowking-Galar, F|53\/100 slp\n|-damage|p1a: Slowking|40\/100 slp|[from] Stealth Rock\n|turn|7\n|inactive|Battle timer is ON: inactive players will automatically lose when time's up. (requested by EndlessEra)\n|\n|t:|1700112170\n|switch|p2b: Landorus|Landorus-Therian, M|70\/100\n|-ability|p2b: Landorus|Intimidate|boost\n|-unboost|p1a: Slowking|atk|1\n|-unboost|p1b: Ursaluna|atk|1\n|move|p2a: Ogerpon|Encore|p1b: Ursaluna\n|-start|p1b: Ursaluna|Encore\n|move|p1b: Ursaluna|High Horsepower|p2a: Ogerpon\n|-damage|p2a: Ogerpon|19\/100\n|-curestatus|p1a: Slowking|slp|[msg]\n|move|p1a: Slowking|Trick Room|p1a: Slowking\n|-fieldstart|move: Trick Room|[of] p1a: Slowking\n|\n|-weather|Sandstorm|[upkeep]\n|-damage|p1a: Slowking|34\/100|[from] Sandstorm\n|-heal|p1a: Slowking|40\/100|[from] item: Leftovers\n|upkeep\n|turn|8\n|\n|t:|1700112197\n|move|p2a: Ogerpon|Follow Me|p2a: Ogerpon\n|-singleturn|p2a: Ogerpon|move: Follow Me\n|move|p1a: Slowking|Ice Beam|p2a: Ogerpon\n|-supereffective|p2a: Ogerpon\n|-damage|p2a: Ogerpon|0 fnt\n|faint|p2a: Ogerpon\n|move|p1b: Ursaluna|High Horsepower|p2b: Landorus\n|-immune|p2b: Landorus\n|move|p2b: Landorus|Crunch|p1a: Slowking\n|-supereffective|p1a: Slowking\n|-damage|p1a: Slowking|0 fnt\n|faint|p1a: Slowking\n|\n|-weather|none\n|upkeep\n|\n|t:|1700112216\n|switch|p1a: Wyrdeer|Wyrdeer, F|100\/100\n|switch|p2a: Hippowdon|Hippowdon, M|100\/100\n|-weather|Sandstorm|[from] ability: Sand Stream|[of] p2a: Hippowdon\n|-damage|p1a: Wyrdeer|88\/100|[from] Stealth Rock\n|-ability|p1a: Wyrdeer|Intimidate|boost\n|-unboost|p2a: Hippowdon|atk|1\n|-unboost|p2b: Landorus|atk|1\n|turn|9\n|\n|t:|1700112238\n|switch|p1b: Farigiraf|Farigiraf, M|100\/100\n|-damage|p1b: Farigiraf|88\/100|[from] Stealth Rock\n|move|p2a: Hippowdon|Earthquake|p1a: Wyrdeer|[spread] p1a,p1b\n|-immune|p2b: Landorus\n|-damage|p1a: Wyrdeer|66\/100\n|-damage|p1b: Farigiraf|70\/100\n|move|p1a: Wyrdeer|Psyshield Bash|p2b: Landorus\n|-damage|p2b: Landorus|29\/100\n|-boost|p1a: Wyrdeer|def|1\n|move|p2b: Landorus|Crunch|p1a: Wyrdeer\n|-supereffective|p1a: Wyrdeer\n|-damage|p1a: Wyrdeer|35\/100\n|\n|-weather|Sandstorm|[upkeep]\n|-damage|p1b: Farigiraf|64\/100|[from] Sandstorm\n|-damage|p1a: Wyrdeer|29\/100|[from] Sandstorm\n|upkeep\n|turn|10\n|inactive|PlebJones1876 has 120 seconds left.\n|\n|t:|1700112270\n|switch|p2b: Kingambit|Kingambit, F|100\/100\n|move|p1a: Wyrdeer|Protect|p1a: Wyrdeer\n|-singleturn|p1a: Wyrdeer|Protect\n|move|p2a: Hippowdon|Earthquake|p1a: Wyrdeer|[spread] p2b,p1b\n|-activate|p1a: Wyrdeer|move: Protect\n|-supereffective|p2b: Kingambit\n|-damage|p2b: Kingambit|74\/100\n|-damage|p1b: Farigiraf|47\/100\n|-enditem|p1b: Farigiraf|Sitrus Berry|[eat]\n|-heal|p1b: Farigiraf|72\/100|[from] item: Sitrus Berry\n|move|p1b: Farigiraf|Hyper Voice|p2b: Kingambit|[spread] p2a,p2b\n|-resisted|p2b: Kingambit\n|-crit|p2b: Kingambit\n|-damage|p2a: Hippowdon|80\/100\n|-damage|p2b: Kingambit|53\/100\n|\n|-weather|Sandstorm|[upkeep]\n|-damage|p1b: Farigiraf|66\/100|[from] Sandstorm\n|-damage|p1a: Wyrdeer|23\/100|[from] Sandstorm\n|upkeep\n|turn|11\n|inactive|PlebJones1876 has 120 seconds left.\n|\n|t:|1700112298\n|-terastallize|p1a: Wyrdeer|Bug\n|move|p2a: Hippowdon|Slack Off|p2a: Hippowdon\n|-heal|p2a: Hippowdon|100\/100\n|move|p2b: Kingambit|Swords Dance|p2b: Kingambit\n|-boost|p2b: Kingambit|atk|2\n|move|p1b: Farigiraf|Future Sight|p2a: Hippowdon\n|-start|p1b: Farigiraf|move: Future Sight\n|move|p1a: Wyrdeer|Megahorn|p2b: Kingambit\n|-damage|p2b: Kingambit|12\/100\n|\n|-weather|Sandstorm|[upkeep]\n|-damage|p1b: Farigiraf|60\/100|[from] Sandstorm\n|-damage|p1a: Wyrdeer|17\/100|[from] Sandstorm\n|-fieldend|move: Trick Room\n|upkeep\n|turn|12\n|inactive|PlebJones1876 has 120 seconds left.\n|\n|t:|1700112332\n|switch|p2a: Landorus|Landorus-Therian, M|29\/100\n|-ability|p2a: Landorus|Intimidate|boost\n|-unboost|p1a: Wyrdeer|atk|1\n|-unboost|p1b: Farigiraf|atk|1\n|move|p1a: Wyrdeer|Protect|p1a: Wyrdeer\n|-singleturn|p1a: Wyrdeer|Protect\n|move|p2b: Kingambit|Sucker Punch||[still]\n|cant|p1b: Farigiraf|ability: Armor Tail|Sucker Punch|[of] p2b: Kingambit\n|move|p1b: Farigiraf|Hyper Voice|p2a: Landorus|[spread] p2a,p2b\n|-resisted|p2b: Kingambit\n|-damage|p2a: Landorus|0 fnt\n|-damage|p2b: Kingambit|0 fnt\n|faint|p2a: Landorus\n|faint|p2b: Kingambit\n|\n|-weather|Sandstorm|[upkeep]\n|-damage|p1a: Wyrdeer|11\/100|[from] Sandstorm\n|-damage|p1b: Farigiraf|53\/100|[from] Sandstorm\n|upkeep\n|\n|t:|1700112347\n|switch|p2a: Houndstone|Houndstone, M|100\/100\n|switch|p2b: Hippowdon|Hippowdon, M|100\/100\n|turn|13\n|inactive|PlebJones1876 has 120 seconds left.\n|\n|t:|1700112381\n|move|p2a: Houndstone|Last Respects|p1a: Wyrdeer\n|-damage|p1a: Wyrdeer|0 fnt\n|faint|p1a: Wyrdeer\n|move|p1b: Farigiraf|Future Sight|p2b: Hippowdon\n|-start|p1b: Farigiraf|move: Future Sight\n|move|p2b: Hippowdon|Earthquake|p1b: Farigiraf|[spread] p2a,p1b\n|-damage|p2a: Houndstone|69\/100\n|-damage|p1b: Farigiraf|28\/100\n|\n|-weather|Sandstorm|[upkeep]\n|-damage|p1b: Farigiraf|22\/100|[from] Sandstorm\n|-end|p2a: Houndstone|move: Future Sight\n|-damage|p2a: Houndstone|9\/100\n|upkeep\n|\n|t:|1700112392\n|switch|p1a: Ursaluna|Ursaluna, M|78\/100\n|-damage|p1a: Ursaluna|72\/100|[from] Stealth Rock\n|turn|14\n|inactive|PlebJones1876 has 120 seconds left.\n|\n|t:|1700112427\n|-terastallize|p2b: Hippowdon|Grass\n|move|p1b: Farigiraf|Protect|p1b: Farigiraf\n|-singleturn|p1b: Farigiraf|Protect\n|move|p2a: Houndstone|Last Respects|p1b: Farigiraf\n|-activate|p1b: Farigiraf|move: Protect\n|move|p1a: Ursaluna|Body Press|p2b: Hippowdon\n|-damage|p2b: Hippowdon|86\/100\n|move|p2b: Hippowdon|Tera Blast|p1a: Ursaluna|[anim] Tera Blast Grass\n|-supereffective|p1a: Ursaluna\n|-damage|p1a: Ursaluna|30\/100\n|\n|-weather|Sandstorm|[upkeep]\n|-damage|p1b: Farigiraf|16\/100|[from] Sandstorm\n|-damage|p2b: Hippowdon|80\/100|[from] Sandstorm\n|upkeep\n|turn|15\n|inactive|PlebJones1876 has 120 seconds left.\n|\n|t:|1700112453\n|move|p2a: Houndstone|Last Respects|p1b: Farigiraf\n|-immune|p1b: Farigiraf\n|move|p1b: Farigiraf|Psychic|p2a: Houndstone\n|-damage|p2a: Houndstone|0 fnt\n|faint|p2a: Houndstone\n|move|p1a: Ursaluna|Rest|p1a: Ursaluna\n|-status|p1a: Ursaluna|slp|[from] move: Rest\n|-heal|p1a: Ursaluna|100\/100 slp|[silent]\n|move|p2b: Hippowdon|Tera Blast|p1a: Ursaluna|[anim] Tera Blast Grass\n|-supereffective|p1a: Ursaluna\n|-damage|p1a: Ursaluna|58\/100 slp\n|\n|-weather|Sandstorm|[upkeep]\n|-damage|p1b: Farigiraf|10\/100|[from] Sandstorm\n|-damage|p2b: Hippowdon|74\/100|[from] Sandstorm\n|-end|p2b: Hippowdon|move: Future Sight\n|-damage|p2b: Hippowdon|39\/100\n|upkeep\n|turn|16\n|\n|t:|1700112472\n|move|p1b: Farigiraf|Hyper Voice|p2b: Hippowdon\n|-crit|p2b: Hippowdon\n|-damage|p2b: Hippowdon|0 fnt\n|faint|p2b: Hippowdon\n|\n|win|EndlessEra\n|raw|EndlessEra's rating: 1088 &rarr; <strong>1119<\/strong><br \/>(+31 for winning)\n|raw|PlebJones1876's rating: 1149 &rarr; <strong>1120<\/strong><br \/>(-29 for losing)\n|c|\u2606EndlessEra|gg!\n|l|\u2606PlebJones1876\n|l| Iamnewmetalol\n","uploadtime":1700112525,"views":6,"p1id":"endlessera","p2id":"plebjones1876","formatid":"gen9doublesou","rating":1119,"private":0,"password":""}