{"id":"gen9doublesou-1973020150","p1":"PokeArt2004\u2764","p2":"bleahey","format":"[Gen 9] Doubles OU","log":"|j|\u2606PokeArt2004\u2764\n|j|\u2606bleahey\n|inactive|Battle timer is ON: inactive players will automatically lose when time's up.\n|t:|1697919113\n|gametype|doubles\n|player|p1|PokeArt2004\u2764|teamrocket|\n|player|p2|bleahey|brendan|\n|teamsize|p1|6\n|teamsize|p2|6\n|gen|9\n|tier|[Gen 9] Doubles OU\n|rated|Tournament battle\n|rule|Species Clause: Limit one of each Pok\u00e9mon\n|rule|OHKO Clause: OHKO moves are banned\n|rule|Evasion Moves Clause: Evasion moves are banned\n|rule|Gravity Sleep Clause: The combination of sleep-inducing moves with imperfect accuracy and Gravity or Gigantamax Orbeetle are banned\n|rule|Endless Battle Clause: Forcing endless battles is banned\n|rule|HP Percentage Mod: HP is shown in percentages\n|clearpoke\n|poke|p1|Tornadus, M|\n|poke|p1|Iron Hands|\n|poke|p1|Rillaboom, F|\n|poke|p1|Flutter Mane|\n|poke|p1|Ogerpon-Hearthflame, F|\n|poke|p1|Heatran, F|\n|poke|p2|Iron Bundle|\n|poke|p2|Heatran, F|\n|poke|p2|Rillaboom, F|\n|poke|p2|Landorus-Therian, M|\n|poke|p2|Ogerpon-Hearthflame, F|\n|poke|p2|Iron Hands|\n|teampreview\n|j|*Lady Monita \u263d\n|j| BB-8-NU\n|inactive|bleahey also wants the timer to be on.\n|j| tickleftpete\n|c|\u2606bleahey|glhf\n|c|\u2606PokeArt2004\u2764|you too\n|j| ThisSimFuckinSucks\n|inactive|PokeArt2004\u2764 has 120 seconds left.\n|j| Failbor21\n|\n|t:|1697919162\n|start\n|switch|p1a: Tornadus|Tornadus, M|100\/100\n|switch|p1b: Ogerpon|Ogerpon-Hearthflame, F|100\/100\n|switch|p2a: Landorus|Landorus-Therian, M|100\/100\n|switch|p2b: Iron Hands|Iron Hands|100\/100\n|-ability|p2a: Landorus|Intimidate|boost\n|-unboost|p1a: Tornadus|atk|1\n|-unboost|p1b: Ogerpon|atk|1\n|-ability|p1b: Ogerpon|Mold Breaker\n|turn|1\n|inactive|PokeArt2004\u2764 has 120 seconds left.\n|inactive|PokeArt2004\u2764 has 90 seconds left.\n|\n|t:|1697919223\n|move|p1b: Ogerpon|Spiky Shield|p1b: Ogerpon\n|-singleturn|p1b: Ogerpon|move: Protect\n|move|p1a: Tornadus|Tailwind|p1a: Tornadus\n|-sidestart|p1: PokeArt2004\u2764|move: Tailwind\n|move|p2a: Landorus|Rock Slide|p1a: Tornadus|[spread] p1a\n|-activate|p1b: Ogerpon|move: Protect\n|-supereffective|p1a: Tornadus\n|-crit|p1a: Tornadus\n|-damage|p1a: Tornadus|36\/100\n|move|p2b: Iron Hands|Wild Charge|p1a: Tornadus\n|-supereffective|p1a: Tornadus\n|-damage|p1a: Tornadus|0 fnt\n|faint|p1a: Tornadus\n|-damage|p2b: Iron Hands|93\/100|[from] Recoil\n|\n|upkeep\n|inactive|PokeArt2004\u2764 has 90 seconds left.\n|\n|t:|1697919249\n|switch|p1a: Heatran|Heatran, F|100\/100\n|turn|2\n|inactive|PokeArt2004\u2764 has 90 seconds left.\n|j| vkhss\n|inactive|PokeArt2004\u2764 has 60 seconds left.\n|\n|t:|1697919287\n|switch|p1b: Flutter Mane|Flutter Mane|100\/100\n|-terastallize|p1a: Heatran|Fairy\n|move|p1a: Heatran|Tera Blast|p2b: Iron Hands|[anim] Tera Blast Fairy\n|-supereffective|p2b: Iron Hands\n|-damage|p2b: Iron Hands|50\/100\n|move|p2a: Landorus|Rock Slide|p1a: Heatran|[spread] p1a,p1b\n|-damage|p1a: Heatran|81\/100\n|-damage|p1b: Flutter Mane|64\/100\n|move|p2b: Iron Hands|Drain Punch|p1b: Flutter Mane\n|-immune|p1b: Flutter Mane\n|\n|upkeep\n|turn|3\n|inactive|PokeArt2004\u2764 has 60 seconds left.\n|j| Ev_Evan\n|\n|t:|1697919329\n|switch|p2a: Heatran|Heatran, F|100\/100\n|move|p1b: Flutter Mane|Dazzling Gleam|p2b: Iron Hands|[spread] p2a,p2b\n|-resisted|p2a: Heatran\n|-supereffective|p2b: Iron Hands\n|-damage|p2a: Heatran|90\/100\n|-damage|p2b: Iron Hands|5\/100\n|move|p1a: Heatran|Heat Wave|p2a: Heatran|[spread] p2b\n|-start|p2a: Heatran|ability: Flash Fire\n|-damage|p2b: Iron Hands|0 fnt\n|faint|p2b: Iron Hands\n|-end|p2b: Iron Hands|Quark Drive|[silent]\n|\n|upkeep\n|l| Ev_Evan\n|\n|t:|1697919341\n|switch|p2b: Iron Bundle|Iron Bundle|100\/100\n|-enditem|p2b: Iron Bundle|Booster Energy\n|-activate|p2b: Iron Bundle|ability: Quark Drive|[fromitem]\n|-start|p2b: Iron Bundle|quarkdrivespe\n|turn|4\n|j| elrog\n|\n|t:|1697919355\n|move|p2b: Iron Bundle|Protect|p2b: Iron Bundle\n|-singleturn|p2b: Iron Bundle|Protect\n|move|p2a: Heatran|Protect|p2a: Heatran\n|-singleturn|p2a: Heatran|Protect\n|move|p1b: Flutter Mane|Dazzling Gleam|p2b: Iron Bundle|[spread] \n|-activate|p2a: Heatran|move: Protect\n|-activate|p2b: Iron Bundle|move: Protect\n|move|p1a: Heatran|Earth Power|p2a: Heatran\n|-activate|p2a: Heatran|move: Protect\n|\n|-sideend|p1: PokeArt2004\u2764|move: Tailwind\n|upkeep\n|turn|5\n|l| elrog\n|j| Solstorm5\n|\n|t:|1697919380\n|-end|p1b: Flutter Mane|Protosynthesis|[silent]\n|switch|p1b: Iron Hands|Iron Hands|100\/100\n|-end|p2a: Heatran|ability: Flash Fire|[silent]\n|switch|p2a: Rillaboom|Rillaboom, F|100\/100\n|-fieldstart|move: Grassy Terrain|[from] ability: Grassy Surge|[of] p2a: Rillaboom\n|move|p2b: Iron Bundle|Icy Wind|p1a: Heatran|[spread] p1a,p1b\n|-damage|p1a: Heatran|70\/100\n|-damage|p1b: Iron Hands|85\/100\n|-unboost|p1a: Heatran|spe|1\n|-unboost|p1b: Iron Hands|spe|1\n|move|p1a: Heatran|Earth Power|p2a: Rillaboom\n|-resisted|p2a: Rillaboom\n|-damage|p2a: Rillaboom|81\/100\n|\n|-heal|p2a: Rillaboom|87\/100|[from] Grassy Terrain\n|-heal|p1a: Heatran|76\/100|[from] Grassy Terrain\n|-heal|p1b: Iron Hands|92\/100|[from] Grassy Terrain\n|upkeep\n|turn|6\n|inactive|PokeArt2004\u2764 has 90 seconds left.\n|j|%seroo\n|\n|t:|1697919415\n|switch|p1a: Rillaboom|Rillaboom, F|100\/100\n|move|p2b: Iron Bundle|Protect|p2b: Iron Bundle\n|-singleturn|p2b: Iron Bundle|Protect\n|move|p2a: Rillaboom|Wood Hammer|p1a: Rillaboom\n|-resisted|p1a: Rillaboom\n|-damage|p1a: Rillaboom|65\/100\n|-damage|p2a: Rillaboom|74\/100|[from] Recoil\n|move|p1b: Iron Hands|Swords Dance|p1b: Iron Hands\n|-boost|p1b: Iron Hands|atk|2\n|\n|-heal|p2a: Rillaboom|81\/100|[from] Grassy Terrain\n|-heal|p1a: Rillaboom|71\/100|[from] Grassy Terrain\n|-heal|p1b: Iron Hands|98\/100|[from] Grassy Terrain\n|upkeep\n|turn|7\n|inactive|PokeArt2004\u2764 has 90 seconds left.\n|inactive|bleahey has 120 seconds left.\n|inactive|PokeArt2004\u2764 has 60 seconds left.\n|\n|t:|1697919460\n|-end|p2b: Iron Bundle|Quark Drive|[silent]\n|switch|p2b: Landorus|Landorus-Therian, M|100\/100\n|-ability|p2b: Landorus|Intimidate|boost\n|-unboost|p1a: Rillaboom|atk|1\n|-unboost|p1b: Iron Hands|atk|1\n|move|p1a: Rillaboom|Fake Out|p2b: Landorus\n|-damage|p2b: Landorus|91\/100\n|move|p2a: Rillaboom|Wood Hammer|p1b: Iron Hands\n|-damage|p1b: Iron Hands|50\/100\n|-enditem|p1b: Iron Hands|Sitrus Berry|[eat]\n|-heal|p1b: Iron Hands|74\/100|[from] item: Sitrus Berry\n|-damage|p2a: Rillaboom|62\/100|[from] Recoil\n|move|p1b: Iron Hands|Drain Punch|p2a: Rillaboom\n|-damage|p2a: Rillaboom|21\/100\n|-heal|p1b: Iron Hands|92\/100|[from] drain|[of] p2a: Rillaboom\n|-enditem|p2a: Rillaboom|Sitrus Berry|[eat]\n|-heal|p2a: Rillaboom|46\/100|[from] item: Sitrus Berry\n|\n|-heal|p2a: Rillaboom|52\/100|[from] Grassy Terrain\n|-heal|p1a: Rillaboom|77\/100|[from] Grassy Terrain\n|-heal|p1b: Iron Hands|98\/100|[from] Grassy Terrain\n|upkeep\n|turn|8\n|inactive|PokeArt2004\u2764 has 60 seconds left.\n|\n|t:|1697919503\n|move|p1b: Iron Hands|Protect|p1b: Iron Hands\n|-singleturn|p1b: Iron Hands|Protect\n|move|p2b: Landorus|Stomping Tantrum|p1b: Iron Hands\n|-activate|p1b: Iron Hands|move: Protect\n|move|p2a: Rillaboom|Wood Hammer|p1b: Iron Hands\n|-activate|p1b: Iron Hands|move: Protect\n|move|p1a: Rillaboom|U-turn|p2a: Rillaboom\n|-supereffective|p2a: Rillaboom\n|-damage|p2a: Rillaboom|27\/100\n|inactive|PokeArt2004\u2764 has 30 seconds left.\n|\n|t:|1697919519\n|switch|p1a: Ogerpon|Ogerpon-Hearthflame, F|100\/100|[from] U-turn\n|-ability|p1a: Ogerpon|Mold Breaker\n|\n|-heal|p2a: Rillaboom|33\/100|[from] Grassy Terrain\n|-heal|p1b: Iron Hands|100\/100|[from] Grassy Terrain\n|upkeep\n|turn|9\n|inactive|PokeArt2004\u2764 has 30 seconds left.\n|j| Dlc 1 Is here\n|l| Dlc 1 Is here\n|j| KeshBa45\n|inactive|PokeArt2004\u2764 has 20 seconds left.\n|inactive|PokeArt2004\u2764 has 15 seconds left.\n|\n|t:|1697919555\n|move|p2b: Landorus|Stomping Tantrum|p1b: Iron Hands\n|-supereffective|p1b: Iron Hands\n|-damage|p1b: Iron Hands|40\/100\n|move|p1a: Ogerpon|Ivy Cudgel|p2a: Rillaboom\n|-supereffective|p2a: Rillaboom\n|-damage|p2a: Rillaboom|0 fnt\n|faint|p2a: Rillaboom\n|move|p1b: Iron Hands|Fire Punch|p2b: Landorus\n|-damage|p2b: Landorus|45\/100\n|\n|-heal|p1b: Iron Hands|46\/100|[from] Grassy Terrain\n|-fieldend|move: Grassy Terrain\n|upkeep\n|inactive|PokeArt2004\u2764 has 20 seconds left this turn.\n|\n|t:|1697919572\n|switch|p2a: Ogerpon|Ogerpon-Hearthflame, F|100\/100\n|-ability|p2a: Ogerpon|Mold Breaker\n|turn|10\n|l| KeshBa45\n|inactive|PokeArt2004\u2764 has 30 seconds left.\n|j| Simon Oficial\n|\n|t:|1697919597\n|move|p2a: Ogerpon|Spiky Shield|p2a: Ogerpon\n|-singleturn|p2a: Ogerpon|move: Protect\n|move|p2b: Landorus|Stomping Tantrum|p1a: Ogerpon\n|-damage|p1a: Ogerpon|42\/100\n|move|p1a: Ogerpon|Ivy Cudgel|p2b: Landorus\n|-damage|p2b: Landorus|0 fnt\n|faint|p2b: Landorus\n|move|p1b: Iron Hands|Drain Punch|p2a: Ogerpon\n|-activate|p2a: Ogerpon|move: Protect\n|-damage|p1b: Iron Hands|34\/100|[from] Spiky Shield|[of] p2a: Ogerpon\n|\n|upkeep\n|inactive|PokeArt2004\u2764 has 30 seconds left this turn.\n|c| Simon Oficial|teams bad\n|\n|t:|1697919608\n|switch|p2b: Iron Bundle|Iron Bundle|100\/100\n|turn|11\n|c|\u2606bleahey|not even my team lmfao\n|c|\u2606bleahey|take it up w ionns\n|c| Simon Oficial|oh\n|inactive|PokeArt2004\u2764 has 30 seconds left.\n|inactive|bleahey has 120 seconds left.\n|j| ThePandasFriends\n|\n|t:|1697919655\n|move|p1a: Ogerpon|Spiky Shield|p1a: Ogerpon\n|-singleturn|p1a: Ogerpon|move: Protect\n|move|p2b: Iron Bundle|Hydro Pump|p1a: Ogerpon\n|-activate|p1a: Ogerpon|move: Protect\n|move|p2a: Ogerpon|Ivy Cudgel|p1b: Iron Hands\n|-damage|p1b: Iron Hands|0 fnt\n|faint|p1b: Iron Hands\n|-end|p1b: Iron Hands|Quark Drive|[silent]\n|\n|upkeep\n|inactive|PokeArt2004\u2764 has 30 seconds left this turn.\n|inactive|PokeArt2004\u2764 has 20 seconds left.\n|inactive|PokeArt2004\u2764 has 15 seconds left.\n|\n|t:|1697919670\n|switch|p1b: Rillaboom|Rillaboom, F|77\/100\n|-fieldstart|move: Grassy Terrain|[from] ability: Grassy Surge|[of] p1b: Rillaboom\n|turn|12\n|c| Simon Oficial|diancie is good\n|c| Simon Oficial|diamond storm\n|inactive|PokeArt2004\u2764 has 30 seconds left.\n|inactive|bleahey has 120 seconds left.\n|l| ThePandasFriends\n|l| Simon Oficial\n|inactive|PokeArt2004\u2764 has 20 seconds left.\n|inactive|PokeArt2004\u2764 has 15 seconds left.\n|\n|t:|1697919710\n|-terastallize|p2b: Iron Bundle|Ghost\n|move|p1b: Rillaboom|Fake Out|p2a: Ogerpon\n|-damage|p2a: Ogerpon|83\/100\n|move|p2b: Iron Bundle|Hydro Pump|p1a: Ogerpon\n|-damage|p1a: Ogerpon|0 fnt\n|faint|p1a: Ogerpon\n|cant|p2a: Ogerpon|flinch\n|\n|-heal|p2a: Ogerpon|89\/100|[from] Grassy Terrain\n|-heal|p1b: Rillaboom|83\/100|[from] Grassy Terrain\n|upkeep\n|inactive|PokeArt2004\u2764 has 20 seconds left this turn.\n|inactive|PokeArt2004\u2764 has 15 seconds left.\n|inactive|PokeArt2004\u2764 has 10 seconds left.\n|\n|t:|1697919723\n|switch|p1a: Flutter Mane|Flutter Mane|64\/100\n|turn|13\n|inactive|PokeArt2004\u2764 has 30 seconds left.\n|inactive|bleahey has 120 seconds left.\n|inactive|PokeArt2004\u2764 has 20 seconds left.\n|inactive|PokeArt2004\u2764 has 15 seconds left.\n|\n|t:|1697919747\n|move|p2a: Ogerpon|Grassy Glide|p1a: Flutter Mane\n|-damage|p1a: Flutter Mane|0 fnt\n|faint|p1a: Flutter Mane\n|-end|p1a: Flutter Mane|Protosynthesis|[silent]\n|move|p1b: Rillaboom|Grassy Glide|p2b: Iron Bundle\n|-damage|p2b: Iron Bundle|57\/100\n|move|p2b: Iron Bundle|Icy Wind|p1b: Rillaboom\n|-supereffective|p1b: Rillaboom\n|-damage|p1b: Rillaboom|45\/100\n|-unboost|p1b: Rillaboom|spe|1\n|\n|-heal|p2b: Iron Bundle|63\/100|[from] Grassy Terrain\n|-heal|p2a: Ogerpon|95\/100|[from] Grassy Terrain\n|-heal|p1b: Rillaboom|51\/100|[from] Grassy Terrain\n|upkeep\n|inactive|PokeArt2004\u2764 has 20 seconds left this turn.\n|inactive|PokeArt2004\u2764 has 15 seconds left.\n|c|\u2606PokeArt2004\u2764|gg\n|inactive|PokeArt2004\u2764 has 10 seconds left.\n|\n|t:|1697919761\n|switch|p1a: Heatran|Heatran, F, tera:Fairy|76\/100\n|turn|14\n|inactive|PokeArt2004\u2764 has 30 seconds left.\n|j|+Fragments\n|\n|t:|1697919784\n|move|p2b: Iron Bundle|Freeze-Dry|p1b: Rillaboom\n|-supereffective|p1b: Rillaboom\n|-crit|p1b: Rillaboom\n|-damage|p1b: Rillaboom|0 fnt\n|faint|p1b: Rillaboom\n|move|p2a: Ogerpon|Ivy Cudgel|p1a: Heatran\n|-damage|p1a: Heatran|21\/100\n|move|p1a: Heatran|Heat Wave|p2b: Iron Bundle|[spread] p2a,p2b\n|-damage|p2a: Ogerpon|56\/100\n|-damage|p2b: Iron Bundle|0 fnt\n|faint|p2b: Iron Bundle\n|-end|p2b: Iron Bundle|Quark Drive|[silent]\n|\n|-heal|p2a: Ogerpon|62\/100|[from] Grassy Terrain\n|-heal|p1a: Heatran|27\/100|[from] Grassy Terrain\n|upkeep\n|inactive|PokeArt2004\u2764 has 30 seconds left this turn.\n|\n|t:|1697919792\n|switch|p2b: Heatran|Heatran, F|90\/100\n|turn|15\n|c|\u2606bleahey|gg\n|c|\u2606PokeArt2004\u2764|that crit may have mattered\n|inactive|PokeArt2004\u2764 has 30 seconds left.\n|c|\u2606PokeArt2004\u2764|rip\n|\n|t:|1697919823\n|move|p2a: Ogerpon|Ivy Cudgel|p1a: Heatran\n|-crit|p1a: Heatran\n|-damage|p1a: Heatran|0 fnt\n|faint|p1a: Heatran\n|\n|win|bleahey\n|inactive|PokeArt2004\u2764 has 30 seconds left this turn.\n|n|\u2606PokeArt2004\u2764|pokeart2004\n|n|\u2606bleahey|bleahey\n|n|*Lady Monita \u263d|ladymonita\n|n| BB-8-NU|bb8nu\n|n| tickleftpete|tickleftpete\n|n| ThisSimFuckinSucks|thissimfuckinsucks\n|n| Failbor21|failbor21\n|n| vkhss|vkhss\n|n| Solstorm5|solstorm5\n|n| seroo|seroo\n|n|+Fragments|fragments\n|l|*Lady Monita \u263d\n|l| BB-8-NU\n|l| seroo\n|c|\u2606bleahey|damn\n|c|\u2606bleahey|ggs\n|l|\u2606bleahey\n|l| ThisSimFuckinSucks\n|l| Solstorm5\n|l|+Fragments\n|l| vkhss\n","uploadtime":1697919839,"views":34,"p1id":"pokeart2004","p2id":"bleahey","formatid":"gen9doublesou","rating":0,"private":0,"password":""}