{"id":"gen9doublesou-1973724186","p1":"cantheminer","p2":"NottyNoun","format":"[Gen 9] Doubles OU","log":"|j|\u2606cantheminer\n|j|\u2606NottyNoun\n|t:|1698007076\n|gametype|doubles\n|player|p1|cantheminer|cynthia-gen4|1152\n|player|p2|NottyNoun|clair|1202\n|teamsize|p1|6\n|teamsize|p2|6\n|gen|9\n|tier|[Gen 9] Doubles OU\n|rated|\n|rule|Species Clause: Limit one of each Pok\u00e9mon\n|rule|OHKO Clause: OHKO moves are banned\n|rule|Evasion Moves Clause: Evasion moves are banned\n|rule|Gravity Sleep Clause: The combination of sleep-inducing moves with imperfect accuracy and Gravity or Gigantamax Orbeetle are banned\n|rule|Endless Battle Clause: Forcing endless battles is banned\n|rule|HP Percentage Mod: HP is shown in percentages\n|clearpoke\n|poke|p1|Iron Hands|\n|poke|p1|Chi-Yu|\n|poke|p1|Ogerpon-Wellspring, F|\n|poke|p1|Landorus-Therian, M|\n|poke|p1|Heatran, M|\n|poke|p1|Grimmsnarl, M|\n|poke|p2|Politoed, F|\n|poke|p2|Palafin, M|\n|poke|p2|Chien-Pao|\n|poke|p2|Ogerpon-Wellspring, F|\n|poke|p2|Dragonite, M|\n|poke|p2|Tornadus, M|\n|teampreview\n|inactive|Battle timer is ON: inactive players will automatically lose when time's up. (requested by NottyNoun)\n|inactive|cantheminer has 120 seconds left.\n|\n|t:|1698007130\n|start\n|switch|p1a: Heatran|Heatran, M|100\/100\n|switch|p1b: Iron Hands|Iron Hands|100\/100\n|switch|p2a: Crash Nebula|Palafin, M, shiny|100\/100\n|switch|p2b: Tornadus|Tornadus, M|100\/100\n|turn|1\n|\n|t:|1698007156\n|move|p2b: Tornadus|Tailwind|p2b: Tornadus\n|-sidestart|p2: NottyNoun|move: Tailwind\n|move|p2a: Crash Nebula|Wave Crash|p1a: Heatran\n|-supereffective|p1a: Heatran\n|-damage|p1a: Heatran|16\/100\n|-damage|p2a: Crash Nebula|69\/100|[from] Recoil\n|move|p1a: Heatran|Heat Wave|p2a: Crash Nebula|[spread] p2a,p2b\n|-resisted|p2a: Crash Nebula\n|-damage|p2a: Crash Nebula|37\/100\n|-damage|p2b: Tornadus|47\/100\n|-enditem|p2b: Tornadus|Sitrus Berry|[eat]\n|-heal|p2b: Tornadus|72\/100|[from] item: Sitrus Berry\n|move|p1b: Iron Hands|Wild Charge|p2a: Crash Nebula\n|-supereffective|p2a: Crash Nebula\n|-damage|p2a: Crash Nebula|0 fnt\n|faint|p2a: Crash Nebula\n|-damage|p1b: Iron Hands|94\/100|[from] Recoil\n|\n|upkeep\n|\n|t:|1698007172\n|switch|p2a: The Blues|Politoed, F|100\/100\n|-weather|RainDance|[from] ability: Drizzle|[of] p2a: The Blues\n|turn|2\n|\n|t:|1698007184\n|move|p2b: Tornadus|Bleakwind Storm|p1b: Iron Hands|[spread] p1a,p1b\n|-resisted|p1a: Heatran\n|-damage|p1a: Heatran|4\/100\n|-damage|p1b: Iron Hands|70\/100\n|-unboost|p1a: Heatran|spe|1\n|-unboost|p1b: Iron Hands|spe|1\n|move|p2a: The Blues|Muddy Water|p1b: Iron Hands|[spread] p1a,p1b\n|-supereffective|p1a: Heatran\n|-damage|p1a: Heatran|0 fnt\n|-damage|p1b: Iron Hands|49\/100\n|faint|p1a: Heatran\n|move|p1b: Iron Hands|Wild Charge|p2b: Tornadus\n|-supereffective|p2b: Tornadus\n|-damage|p2b: Tornadus|0 fnt\n|faint|p2b: Tornadus\n|-damage|p1b: Iron Hands|38\/100|[from] Recoil\n|\n|-weather|RainDance|[upkeep]\n|upkeep\n|\n|t:|1698007203\n|switch|p2b: Plop Plop|Chien-Pao|100\/100\n|switch|p1a: Ogerpon|Ogerpon-Wellspring, F|100\/100\n|-ability|p2b: Plop Plop|Sword of Ruin\n|turn|3\n|\n|t:|1698007212\n|move|p2b: Plop Plop|Sucker Punch|p1a: Ogerpon\n|-damage|p1a: Ogerpon|30\/100\n|move|p2a: The Blues|Earth Power|p1b: Iron Hands\n|-supereffective|p1b: Iron Hands\n|-damage|p1b: Iron Hands|15\/100\n|move|p1a: Ogerpon|Knock Off|p2a: The Blues\n|-damage|p2a: The Blues|56\/100\n|-enditem|p2a: The Blues|Damp Rock|[from] move: Knock Off|[of] p1a: Ogerpon\n|move|p1b: Iron Hands|Drain Punch|p2b: Plop Plop\n|-supereffective|p2b: Plop Plop\n|-enditem|p2b: Plop Plop|Focus Sash\n|-damage|p2b: Plop Plop|1\/100\n|-heal|p1b: Iron Hands|44\/100|[from] drain|[of] p2b: Plop Plop\n|\n|-weather|RainDance|[upkeep]\n|upkeep\n|turn|4\n|\n|t:|1698007237\n|move|p2a: The Blues|Protect|p2a: The Blues\n|-singleturn|p2a: The Blues|Protect\n|move|p2b: Plop Plop|Sucker Punch|p1b: Iron Hands\n|-resisted|p1b: Iron Hands\n|-damage|p1b: Iron Hands|27\/100\n|move|p1a: Ogerpon|Trailblaze|p2a: The Blues\n|-activate|p2a: The Blues|move: Protect\n|move|p1b: Iron Hands|Drain Punch|p2b: Plop Plop\n|-supereffective|p2b: Plop Plop\n|-damage|p2b: Plop Plop|0 fnt\n|-heal|p1b: Iron Hands|27\/100|[from] drain|[of] p2b: Plop Plop\n|faint|p2b: Plop Plop\n|\n|-weather|RainDance|[upkeep]\n|-sideend|p2: NottyNoun|move: Tailwind\n|upkeep\n|\n|t:|1698007250\n|switch|p2b: Puff|Dragonite, M, shiny|100\/100\n|turn|5\n|\n|t:|1698007263\n|-terastallize|p2b: Puff|Normal\n|move|p2b: Puff|Extreme Speed|p1b: Iron Hands\n|-damage|p1b: Iron Hands|0 fnt\n|faint|p1b: Iron Hands\n|-end|p1b: Iron Hands|Quark Drive|[silent]\n|-damage|p2b: Puff|91\/100|[from] item: Life Orb\n|move|p1a: Ogerpon|Knock Off|p2b: Puff\n|-damage|p2b: Puff|46\/100\n|-enditem|p2b: Puff|Life Orb|[from] move: Knock Off|[of] p1a: Ogerpon\n|move|p2a: The Blues|Ice Beam|p1a: Ogerpon\n|-damage|p1a: Ogerpon|3\/100\n|\n|-weather|RainDance|[upkeep]\n|upkeep\n|\n|t:|1698007279\n|switch|p1b: Chi-Yu|Chi-Yu|100\/100\n|-ability|p1b: Chi-Yu|Beads of Ruin\n|turn|6\n|\n|t:|1698007292\n|-terastallize|p1b: Chi-Yu|Grass\n|move|p1a: Ogerpon|Trailblaze|p2a: The Blues\n|-supereffective|p2a: The Blues\n|-crit|p2a: The Blues\n|-damage|p2a: The Blues|0 fnt\n|-boost|p1a: Ogerpon|spe|1\n|faint|p2a: The Blues\n|move|p1b: Chi-Yu|Heat Wave|p2b: Puff\n|-damage|p2b: Puff|4\/100\n|-status|p2b: Puff|brn\n|-damage|p1b: Chi-Yu|91\/100|[from] item: Life Orb\n|move|p2b: Puff|Brick Break|p1b: Chi-Yu\n|-damage|p1b: Chi-Yu|65\/100\n|\n|-weather|RainDance|[upkeep]\n|-damage|p2b: Puff|0 fnt|[from] brn\n|faint|p2b: Puff\n|upkeep\n|c|\u2606NottyNoun|daaaang lucky burn\n|c|\u2606NottyNoun|gg\n|\n|t:|1698007316\n|switch|p2b: Oglina|Ogerpon-Wellspring, F|100\/100\n|turn|7\n|inactive|cantheminer has 120 seconds left.\n|inactive|cantheminer has 90 seconds left.\n|inactive|cantheminer has 60 seconds left.\n|\n|t:|1698007411\n|move|p1a: Ogerpon|Trailblaze|p2b: Oglina\n|-damage|p2b: Oglina|64\/100\n|-boost|p1a: Ogerpon|spe|1\n|move|p1b: Chi-Yu|Snarl|p2b: Oglina|[miss]\n|-miss|p1b: Chi-Yu|p2b: Oglina\n|move|p2b: Oglina|Ivy Cudgel|p1b: Chi-Yu\n|-resisted|p1b: Chi-Yu\n|-damage|p1b: Chi-Yu|0 fnt\n|faint|p1b: Chi-Yu\n|\n|-weather|RainDance|[upkeep]\n|upkeep\n|inactive|cantheminer has 60 seconds left.\n|\n|t:|1698007420\n|switch|p1b: Grimmsnarl|Grimmsnarl, M|100\/100\n|turn|8\n|\n|t:|1698007429\n|move|p1a: Ogerpon|Trailblaze|p2b: Oglina\n|-damage|p2b: Oglina|26\/100\n|-boost|p1a: Ogerpon|spe|1\n|move|p2b: Oglina|Ivy Cudgel|p1b: Grimmsnarl\n|-damage|p1b: Grimmsnarl|0 fnt\n|faint|p1b: Grimmsnarl\n|\n|-weather|RainDance|[upkeep]\n|upkeep\n|\n|t:|1698007435\n|switch|p1b: Landorus|Landorus-Therian, M|100\/100\n|-ability|p1b: Landorus|Intimidate|boost\n|-unboost|p2b: Oglina|atk|1\n|turn|9\n|c|\u2606cantheminer|maybe not\n|\n|t:|1698007442\n|move|p2b: Oglina|Spiky Shield|p2b: Oglina\n|-singleturn|p2b: Oglina|move: Protect\n|move|p1a: Ogerpon|Trailblaze|p2b: Oglina\n|-activate|p2b: Oglina|move: Protect\n|-damage|p1a: Ogerpon|0 fnt|[from] Spiky Shield|[of] p2b: Oglina\n|faint|p1a: Ogerpon\n|move|p1b: Landorus|U-turn|p2b: Oglina\n|-activate|p2b: Oglina|move: Protect\n|-damage|p1b: Landorus|88\/100|[from] Spiky Shield|[of] p2b: Oglina\n|\n|-weather|none\n|upkeep\n|turn|10\n|inactive|cantheminer has 120 seconds left.\n|c|\u2606cantheminer|LOL\n|\n|t:|1698007454\n|move|p2b: Oglina|Horn Leech|p1b: Landorus\n|-damage|p1b: Landorus|58\/100\n|-heal|p2b: Oglina|45\/100|[from] drain|[of] p1b: Landorus\n|move|p1b: Landorus|U-turn|p2b: Oglina\n|-supereffective|p2b: Oglina\n|-damage|p2b: Oglina|0 fnt\n|faint|p2b: Oglina\n|\n|win|cantheminer\n|raw|cantheminer's rating: 1152 &rarr; <strong>1181<\/strong><br \/>(+29 for winning)\n|raw|NottyNoun's rating: 1202 &rarr; <strong>1173<\/strong><br \/>(-29 for losing)\n|c|\u2606NottyNoun|LOL\\\n|c|\u2606cantheminer|I blundered so bad\n|c|\u2606cantheminer|oh nvm\n|c|\u2606cantheminer|ggwp tho\n|c|\u2606NottyNoun|gg\n|l|\u2606cantheminer\n","uploadtime":1698007474,"views":13,"p1id":"cantheminer","p2id":"nottynoun","formatid":"gen9doublesou","rating":1173,"private":0,"password":""}