{"id":"gen9doublesou-1973271188","p1":"slimeree","p2":"3-eye joe","format":"[Gen 9] Doubles OU","log":"|j|\u2606slimeree\n|j|\u26063-eye joe\n|t:|1697946918\n|gametype|doubles\n|player|p1|slimeree|dawn|1424\n|player|p2|3-eye joe|li|1549\n|teamsize|p1|6\n|teamsize|p2|6\n|gen|9\n|tier|[Gen 9] Doubles OU\n|rated|\n|rule|Species Clause: Limit one of each Pok\u00e9mon\n|rule|OHKO Clause: OHKO moves are banned\n|rule|Evasion Moves Clause: Evasion moves are banned\n|rule|Gravity Sleep Clause: The combination of sleep-inducing moves with imperfect accuracy and Gravity or Gigantamax Orbeetle are banned\n|rule|Endless Battle Clause: Forcing endless battles is banned\n|rule|HP Percentage Mod: HP is shown in percentages\n|clearpoke\n|poke|p1|Ninetales-Alola, F|\n|poke|p1|Arcanine-Hisui, M|\n|poke|p1|Sinistcha-Masterpiece|\n|poke|p1|Iron Hands|\n|poke|p1|Flutter Mane|\n|poke|p1|Landorus, M|\n|poke|p2|Tyranitar, F|\n|poke|p2|Kleavor, M|\n|poke|p2|Glimmora, M|\n|poke|p2|Ursaluna-Bloodmoon, M|\n|poke|p2|Cresselia, F|\n|poke|p2|Diancie|\n|teampreview\n|\n|t:|1697946948\n|start\n|switch|p1a: Sinistcha|Sinistcha-Masterpiece, shiny|100\/100\n|switch|p1b: Landorus|Landorus, M|100\/100\n|switch|p2a: Kleavor|Kleavor, M|100\/100\n|switch|p2b: Glimmora|Glimmora, M|100\/100\n|turn|1\n|\n|t:|1697946963\n|move|p2b: Glimmora|Energy Ball|p1b: Landorus\n|-damage|p1b: Landorus|69\/100\n|move|p2a: Kleavor|Night Slash|p1a: Sinistcha\n|-supereffective|p1a: Sinistcha\n|-damage|p1a: Sinistcha|39\/100\n|-damage|p2a: Kleavor|84\/100|[from] item: Rocky Helmet|[of] p1a: Sinistcha\n|move|p1b: Landorus|Sandsear Storm|p2b: Glimmora|[spread] p2a,p2b\n|-supereffective|p2b: Glimmora\n|-damage|p2a: Kleavor|12\/100\n|-enditem|p2b: Glimmora|Focus Sash\n|-damage|p2b: Glimmora|1\/100\n|move|p1a: Sinistcha|Matcha Gotcha|p2a: Kleavor|[spread] p2a,p2b\n|-damage|p2a: Kleavor|0 fnt\n|-heal|p1a: Sinistcha|44\/100|[from] drain|[of] p2a: Kleavor\n|-damage|p2b: Glimmora|0 fnt\n|-heal|p1a: Sinistcha|44\/100|[from] drain|[of] p2b: Glimmora\n|faint|p2a: Kleavor\n|faint|p2b: Glimmora\n|\n|upkeep\n|\n|t:|1697946989\n|switch|p2b: Ursaluna-Boodmoon|Ursaluna-Bloodmoon, M|100\/100\n|switch|p2a: Diancie|Diancie|100\/100\n|turn|2\n|\n|t:|1697947043\n|-terastallize|p1b: Landorus|Ground\n|move|p1b: Landorus|Sandsear Storm|p2b: Ursaluna-Boodmoon|[spread] p2a,p2b\n|-supereffective|p2a: Diancie\n|-damage|p2a: Diancie|0 fnt\n|-damage|p2b: Ursaluna-Boodmoon|0 fnt\n|faint|p2a: Diancie\n|faint|p2b: Ursaluna-Boodmoon\n|move|p1a: Sinistcha|Matcha Gotcha|p2: Diancie|[notarget]\n|-fail|p1a: Sinistcha\n|\n|upkeep\n|\n|t:|1697947055\n|switch|p2b: Cresselia|Cresselia, F|100\/100\n|switch|p2a: Tyranitar|Tyranitar, F|100\/100\n|-weather|Sandstorm|[from] ability: Sand Stream|[of] p2a: Tyranitar\n|turn|3\n|\n|t:|1697947075\n|-terastallize|p2a: Tyranitar|Ghost\n|move|p1b: Landorus|Nasty Plot|p1b: Landorus\n|-boost|p1b: Landorus|spa|2\n|move|p2a: Tyranitar|Crunch|p1a: Sinistcha\n|-supereffective|p1a: Sinistcha\n|-damage|p1a: Sinistcha|0 fnt\n|-damage|p2a: Tyranitar|84\/100|[from] item: Rocky Helmet|[of] p1a: Sinistcha\n|faint|p1a: Sinistcha\n|move|p2b: Cresselia|Trick Room|p2b: Cresselia\n|-fieldstart|move: Trick Room|[of] p2b: Cresselia\n|\n|-weather|Sandstorm|[upkeep]\n|-damage|p2a: Tyranitar|78\/100|[from] Sandstorm\n|-heal|p2a: Tyranitar|84\/100|[from] item: Leftovers\n|upkeep\n|\n|t:|1697947095\n|switch|p1a: Ninetales|Ninetales-Alola, F|100\/100\n|-weather|Snow|[from] ability: Snow Warning|[of] p1a: Ninetales\n|turn|4\n|\n|t:|1697947114\n|move|p2b: Cresselia|Helping Hand|p2a: Tyranitar\n|-singleturn|p2a: Tyranitar|Helping Hand|[of] p2b: Cresselia\n|move|p2a: Tyranitar|Rock Slide|p1b: Landorus|[spread] p1a,p1b\n|-supereffective|p1a: Ninetales\n|-resisted|p1b: Landorus\n|-damage|p1a: Ninetales|0 fnt\n|-damage|p1b: Landorus|44\/100\n|faint|p1a: Ninetales\n|cant|p1b: Landorus|flinch\n|\n|-weather|Snow|[upkeep]\n|-heal|p2a: Tyranitar|90\/100|[from] item: Leftovers\n|upkeep\n|inactive|Battle timer is ON: inactive players will automatically lose when time's up. (requested by slimeree)\n|\n|t:|1697947137\n|switch|p1a: Arcanine|Arcanine-Hisui, M, shiny|100\/100\n|-ability|p1a: Arcanine|Intimidate|boost\n|-unboost|p2a: Tyranitar|atk|1\n|-unboost|p2b: Cresselia|atk|1\n|turn|5\n|\n|t:|1697947159\n|move|p2b: Cresselia|Helping Hand|p2a: Tyranitar\n|-singleturn|p2a: Tyranitar|Helping Hand|[of] p2b: Cresselia\n|move|p2a: Tyranitar|Earthquake|p1a: Arcanine|[spread] p1a,p1b\n|-immune|p2b: Cresselia|[from] ability: Levitate\n|-supereffective|p1a: Arcanine\n|-damage|p1a: Arcanine|0 fnt\n|-damage|p1b: Landorus|14\/100\n|faint|p1a: Arcanine\n|move|p1b: Landorus|Sandsear Storm|p2a: Tyranitar|[spread] \n|-immune|p2b: Cresselia|[from] ability: Levitate\n|-miss|p1b: Landorus|p2a: Tyranitar\n|\n|-weather|Snow|[upkeep]\n|-heal|p2a: Tyranitar|96\/100|[from] item: Leftovers\n|upkeep\n|\n|t:|1697947178\n|switch|p1a: Flutter Mane|Flutter Mane|100\/100\n|-enditem|p1a: Flutter Mane|Booster Energy\n|-activate|p1a: Flutter Mane|ability: Protosynthesis|[fromitem]\n|-start|p1a: Flutter Mane|protosynthesisspa\n|turn|6\n|\n|t:|1697947201\n|move|p1b: Landorus|Protect|p1b: Landorus\n|-singleturn|p1b: Landorus|Protect\n|move|p1a: Flutter Mane|Protect|p1a: Flutter Mane\n|-singleturn|p1a: Flutter Mane|Protect\n|move|p2a: Tyranitar|Crunch|p1a: Flutter Mane\n|-activate|p1a: Flutter Mane|move: Protect\n|move|p2b: Cresselia|Dazzling Gleam|p1a: Flutter Mane|[spread] \n|-activate|p1a: Flutter Mane|move: Protect\n|-activate|p1b: Landorus|move: Protect\n|\n|-weather|Snow|[upkeep]\n|-heal|p2a: Tyranitar|100\/100|[from] item: Leftovers\n|upkeep\n|turn|7\n|\n|t:|1697947222\n|-end|p1a: Flutter Mane|Protosynthesis|[silent]\n|switch|p1a: Iron Hands|Iron Hands|100\/100\n|move|p2a: Tyranitar|Crunch|p1a: Iron Hands\n|-resisted|p1a: Iron Hands\n|-damage|p1a: Iron Hands|92\/100\n|move|p2b: Cresselia|Dazzling Gleam|p1b: Landorus|[spread] p1a,p1b\n|-supereffective|p1a: Iron Hands\n|-damage|p1a: Iron Hands|77\/100\n|-damage|p1b: Landorus|3\/100\n|move|p1b: Landorus|Sandsear Storm|p2b: Cresselia|[spread] p2a\n|-immune|p2b: Cresselia|[from] ability: Levitate\n|-damage|p2a: Tyranitar|0 fnt\n|faint|p2a: Tyranitar\n|\n|-weather|Snow|[upkeep]\n|-fieldend|move: Trick Room\n|upkeep\n|turn|8\n|\n|t:|1697947241\n|move|p1a: Iron Hands|Fake Out|p2b: Cresselia\n|-damage|p2b: Cresselia|92\/100\n|move|p1b: Landorus|Sludge Bomb|p2b: Cresselia\n|-damage|p2b: Cresselia|19\/100\n|cant|p2b: Cresselia|flinch\n|\n|-weather|none\n|upkeep\n|turn|9\n|\n|t:|1697947259\n|move|p1b: Landorus|Sludge Bomb|p2b: Cresselia\n|-damage|p2b: Cresselia|0 fnt\n|faint|p2b: Cresselia\n|\n|win|slimeree\n|raw|slimeree's rating: 1424 &rarr; <strong>1452<\/strong><br \/>(+28 for winning)\n|raw|3-eye joe's rating: 1571 &rarr; <strong>1543<\/strong><br \/>(-28 for losing)\n|c|\u2606slimeree|gg\n|c|\u2606slimeree|lucky man\n|l|\u2606slimeree\n|j|\u2606slimeree\n|player|p1|slimeree|dawn\n","uploadtime":1697947287,"views":20,"p1id":"slimeree","p2id":"3eyejoe","formatid":"gen9doublesou","rating":1452,"private":0,"password":""}