{"id":"gen9doublesou-1968783601","p1":"Sargenbob","p2":"Mr.FrostYT","format":"[Gen 9] Doubles OU","log":"|j|\u2606Sargenbob\n|j|\u2606Mr.FrostYT\n|t:|1697464381\n|gametype|doubles\n|player|p1|Sargenbob|red|1087\n|player|p2|Mr.FrostYT|170|1045\n|teamsize|p1|6\n|teamsize|p2|6\n|gen|9\n|tier|[Gen 9] Doubles OU\n|rated|\n|rule|Species Clause: Limit one of each Pok\u00e9mon\n|rule|OHKO Clause: OHKO moves are banned\n|rule|Evasion Moves Clause: Evasion moves are banned\n|rule|Gravity Sleep Clause: The combination of sleep-inducing moves with imperfect accuracy and Gravity or Gigantamax Orbeetle are banned\n|rule|Endless Battle Clause: Forcing endless battles is banned\n|rule|HP Percentage Mod: HP is shown in percentages\n|clearpoke\n|poke|p1|Torkoal, F|\n|poke|p1|Ceruledge, F|\n|poke|p1|Great Tusk|\n|poke|p1|Flutter Mane|\n|poke|p1|Walking Wake|\n|poke|p1|Murkrow, M|\n|poke|p2|Appletun, M|\n|poke|p2|Dachsbun, F|\n|poke|p2|Raichu-Alola, M|\n|poke|p2|Heatran, F|\n|poke|p2|Gastrodon, F|\n|poke|p2|Okidogi, M|\n|teampreview\n|inactive|Battle timer is ON: inactive players will automatically lose when time's up. (requested by Sargenbob)\n|\n|t:|1697464406\n|start\n|switch|p1a: Rafael|Torkoal, F, shiny|100\/100\n|switch|p1b: Excalibur|Ceruledge, F|100\/100\n|switch|p2a: Gastrodon|Gastrodon, F|100\/100\n|switch|p2b: Heatran|Heatran, F|100\/100\n|-weather|SunnyDay|[from] ability: Drought|[of] p1a: Rafael\n|turn|1\n|inactive|Mr.FrostYT has 120 seconds left.\n|\n|t:|1697464438\n|switch|p1a: Dumbo|Great Tusk|100\/100\n|-activate|p1a: Dumbo|ability: Protosynthesis\n|-start|p1a: Dumbo|protosynthesisatk\n|move|p2b: Heatran|Dark Pulse|p1b: Excalibur\n|-supereffective|p1b: Excalibur\n|-damage|p1b: Excalibur|33\/100\n|-damage|p2b: Heatran|91\/100|[from] item: Life Orb\n|move|p1b: Excalibur|Swords Dance|p1b: Excalibur\n|-boost|p1b: Excalibur|atk|2\n|move|p2a: Gastrodon|Muddy Water|p1b: Excalibur|[spread] p1b\n|-miss|p2a: Gastrodon|p1a: Dumbo\n|-supereffective|p1b: Excalibur\n|-damage|p1b: Excalibur|14\/100\n|\n|-weather|SunnyDay|[upkeep]\n|upkeep\n|turn|2\n|inactive|Mr.FrostYT has 120 seconds left.\n|\n|t:|1697464480\n|move|p1a: Dumbo|Close Combat|p2b: Heatran\n|-supereffective|p2b: Heatran\n|-damage|p2b: Heatran|0 fnt\n|-unboost|p1a: Dumbo|def|1\n|-unboost|p1a: Dumbo|spd|1\n|faint|p2b: Heatran\n|move|p1b: Excalibur|Phantom Force||[still]\n|-prepare|p1b: Excalibur|Phantom Force\n|move|p2a: Gastrodon|Icy Wind|p1a: Dumbo|[spread] p1a\n|-miss|p2a: Gastrodon|p1b: Excalibur\n|-supereffective|p1a: Dumbo\n|-damage|p1a: Dumbo|80\/100\n|-unboost|p1a: Dumbo|spe|1\n|\n|-weather|SunnyDay|[upkeep]\n|upkeep\n|\n|t:|1697464494\n|switch|p2b: Appletun|Appletun, M|100\/100\n|turn|3\n|inactive|Mr.FrostYT has 120 seconds left.\n|\n|t:|1697464505\n|move|p1b: Excalibur|Phantom Force|p2a: Gastrodon|[from]lockedmove\n|-damage|p2a: Gastrodon|17\/100\n|move|p1a: Dumbo|Ice Spinner|p2b: Appletun\n|-supereffective|p2b: Appletun\n|-damage|p2b: Appletun|42\/100\n|move|p2a: Gastrodon|Icy Wind|p1b: Excalibur|[spread] p1a,p1b\n|-supereffective|p1a: Dumbo\n|-resisted|p1b: Excalibur\n|-damage|p1a: Dumbo|57\/100\n|-damage|p1b: Excalibur|10\/100\n|-unboost|p1a: Dumbo|spe|1\n|-unboost|p1b: Excalibur|spe|1\n|move|p2b: Appletun|Apple Acid|p1b: Excalibur\n|-resisted|p1b: Excalibur\n|-damage|p1b: Excalibur|0 fnt\n|faint|p1b: Excalibur\n|\n|-weather|SunnyDay|[upkeep]\n|-heal|p2a: Gastrodon|23\/100|[from] item: Leftovers\n|-heal|p2b: Appletun|48\/100|[from] item: Leftovers\n|upkeep\n|\n|t:|1697464513\n|switch|p1b: Casper|Flutter Mane|100\/100\n|-activate|p1b: Casper|ability: Protosynthesis\n|-start|p1b: Casper|protosynthesisspa\n|turn|4\n|inactive|Mr.FrostYT has 120 seconds left.\n|\n|t:|1697464550\n|move|p1b: Casper|Dazzling Gleam|p2a: Gastrodon|[spread] p2a,p2b\n|-supereffective|p2b: Appletun\n|-damage|p2a: Gastrodon|0 fnt\n|-damage|p2b: Appletun|0 fnt\n|faint|p2a: Gastrodon\n|faint|p2b: Appletun\n|move|p1a: Dumbo|Ice Spinner|p2: Gastrodon|[notarget]\n|-fail|p1a: Dumbo\n|\n|-weather|SunnyDay|[upkeep]\n|upkeep\n|\n|t:|1697464554\n|switch|p2a: Okidogi|Okidogi, M|100\/100\n|switch|p2b: Raichu|Raichu-Alola, M|100\/100\n|-item|p2b: Raichu|Air Balloon\n|turn|5\n|\n|t:|1697464565\n|-end|p1b: Casper|Protosynthesis|[silent]\n|switch|p1b: \u6232\u78bc\u70ba\u81ea\u5df1|Murkrow, M, shiny|100\/100\n|move|p2b: Raichu|Psychic|p1a: Dumbo\n|-supereffective|p1a: Dumbo\n|-damage|p1a: Dumbo|0 fnt\n|faint|p1a: Dumbo\n|-end|p1a: Dumbo|Protosynthesis|[silent]\n|move|p2a: Okidogi|Poison Jab|p1b: \u6232\u78bc\u70ba\u81ea\u5df1\n|-damage|p1b: \u6232\u78bc\u70ba\u81ea\u5df1|42\/100\n|-damage|p2a: Okidogi|91\/100|[from] item: Life Orb\n|\n|-weather|none\n|upkeep\n|\n|t:|1697464573\n|switch|p1a: Rafael|Torkoal, F, shiny|100\/100\n|-weather|SunnyDay|[from] ability: Drought|[of] p1a: Rafael\n|turn|6\n|\n|t:|1697464594\n|move|p1b: \u6232\u78bc\u70ba\u81ea\u5df1|Tailwind|p1b: \u6232\u78bc\u70ba\u81ea\u5df1\n|-sidestart|p1: Sargenbob|move: Tailwind\n|move|p2b: Raichu|Nuzzle|p1b: \u6232\u78bc\u70ba\u81ea\u5df1\n|-supereffective|p1b: \u6232\u78bc\u70ba\u81ea\u5df1\n|-damage|p1b: \u6232\u78bc\u70ba\u81ea\u5df1|28\/100\n|-status|p1b: \u6232\u78bc\u70ba\u81ea\u5df1|par\n|move|p2a: Okidogi|Poison Jab|p1a: Rafael\n|-damage|p1a: Rafael|61\/100\n|-status|p1a: Rafael|psn\n|-damage|p2a: Okidogi|81\/100|[from] item: Life Orb\n|move|p1a: Rafael|Eruption|p2a: Okidogi|[spread] p2a,p2b\n|-damage|p2a: Okidogi|19\/100\n|-damage|p2b: Raichu|18\/100\n|-enditem|p2b: Raichu|Air Balloon\n|\n|-weather|SunnyDay|[upkeep]\n|-damage|p1a: Rafael|49\/100 psn|[from] psn\n|upkeep\n|turn|7\n|\n|t:|1697464611\n|cant|p1b: \u6232\u78bc\u70ba\u81ea\u5df1|par\n|move|p2b: Raichu|Thunderbolt|p1b: \u6232\u78bc\u70ba\u81ea\u5df1\n|-supereffective|p1b: \u6232\u78bc\u70ba\u81ea\u5df1\n|-damage|p1b: \u6232\u78bc\u70ba\u81ea\u5df1|0 fnt\n|faint|p1b: \u6232\u78bc\u70ba\u81ea\u5df1\n|move|p2a: Okidogi|Poison Jab|p1a: Rafael\n|-damage|p1a: Rafael|12\/100 psn\n|-damage|p2a: Okidogi|9\/100|[from] item: Life Orb\n|move|p1a: Rafael|Eruption|p2b: Raichu|[spread] p2a,p2b\n|-damage|p2a: Okidogi|0 fnt\n|-damage|p2b: Raichu|4\/100\n|faint|p2a: Okidogi\n|\n|-weather|SunnyDay|[upkeep]\n|-damage|p1a: Rafael|0 fnt|[from] psn\n|faint|p1a: Rafael\n|upkeep\n|\n|t:|1697464624\n|switch|p2a: Dachsbun|Dachsbun, F|100\/100\n|switch|p1b: Casper|Flutter Mane|100\/100\n|switch|p1a: Pyro|Walking Wake|100\/100\n|-activate|p1b: Casper|ability: Protosynthesis\n|-start|p1b: Casper|protosynthesisspa\n|-activate|p1a: Pyro|ability: Protosynthesis\n|-start|p1a: Pyro|protosynthesisspe\n|turn|8\n|\n|t:|1697464644\n|-terastallize|p1a: Pyro|Fairy\n|-terastallize|p2b: Raichu|Electric\n|move|p1a: Pyro|Hydro Steam|p2a: Dachsbun\n|-damage|p2a: Dachsbun|0 fnt\n|faint|p2a: Dachsbun\n|move|p1b: Casper|Dazzling Gleam|p2b: Raichu\n|-damage|p2b: Raichu|0 fnt\n|faint|p2b: Raichu\n|\n|win|Sargenbob\n|raw|Sargenbob's rating: 1087 &rarr; <strong>1111<\/strong><br \/>(+24 for winning)\n|raw|Mr.FrostYT's rating: 1045 &rarr; <strong>1030<\/strong><br \/>(-15 for losing)\n","uploadtime":1697464668,"views":15,"p1id":"sargenbob","p2id":"mrfrostyt","formatid":"gen9doublesou","rating":1030,"private":0,"password":""}