{"id":"gen9doublesou-1997813951","p1":"MattCol","p2":"reddypuller","format":"[Gen 9] Doubles OU","log":"|j|\u2606MattCol\n|j|\u2606reddypuller\n|t:|1700855535\n|gametype|doubles\n|player|p1|MattCol|266|1116\n|player|p2|reddypuller|170|1041\n|teamsize|p1|6\n|teamsize|p2|6\n|gen|9\n|tier|[Gen 9] Doubles OU\n|rated|\n|rule|Species Clause: Limit one of each Pok\u00e9mon\n|rule|OHKO Clause: OHKO moves are banned\n|rule|Evasion Moves Clause: Evasion moves are banned\n|rule|Gravity Sleep Clause: The combination of sleep-inducing moves with imperfect accuracy and Gravity or Gigantamax Orbeetle are banned\n|rule|Endless Battle Clause: Forcing endless battles is banned\n|rule|HP Percentage Mod: HP is shown in percentages\n|clearpoke\n|poke|p1|Maushold|\n|poke|p1|Lucario, M|\n|poke|p1|Ceruledge, M|\n|poke|p1|Arcanine, M|\n|poke|p1|Corviknight, F|\n|poke|p1|Umbreon, M|\n|poke|p2|Grimmsnarl, M|\n|poke|p2|Goodra-Hisui, F|\n|poke|p2|Kommo-o, F|\n|poke|p2|Overqwil, F|\n|poke|p2|Brute Bonnet|\n|poke|p2|Flamigo, F|\n|teampreview\n|inactive|Battle timer is ON: inactive players will automatically lose when time's up. (requested by reddypuller)\n|\n|t:|1700855542\n|start\n|switch|p1a: Maushold|Maushold|100\/100\n|switch|p1b: Lucario|Lucario, M|100\/100\n|switch|p2a: Brute Bonnet|Brute Bonnet|100\/100\n|switch|p2b: Kommo-o|Kommo-o, F|100\/100\n|-enditem|p2a: Brute Bonnet|Booster Energy\n|-activate|p2a: Brute Bonnet|ability: Protosynthesis|[fromitem]\n|-start|p2a: Brute Bonnet|protosynthesisspd\n|turn|1\n|\n|t:|1700855559\n|move|p2a: Brute Bonnet|Rage Powder|p2a: Brute Bonnet\n|-singleturn|p2a: Brute Bonnet|move: Rage Powder\n|move|p1a: Maushold|Beat Up|p2a: Brute Bonnet\n|-resisted|p2a: Brute Bonnet\n|-damage|p2a: Brute Bonnet|99\/100\n|-resisted|p2a: Brute Bonnet\n|-damage|p2a: Brute Bonnet|99\/100\n|-resisted|p2a: Brute Bonnet\n|-damage|p2a: Brute Bonnet|97\/100\n|-resisted|p2a: Brute Bonnet\n|-damage|p2a: Brute Bonnet|96\/100\n|-resisted|p2a: Brute Bonnet\n|-damage|p2a: Brute Bonnet|95\/100\n|-resisted|p2a: Brute Bonnet\n|-damage|p2a: Brute Bonnet|94\/100\n|-hitcount|p2a: Brute Bonnet|6\n|move|p1b: Lucario|Drain Punch|p2a: Brute Bonnet\n|-supereffective|p2a: Brute Bonnet\n|-damage|p2a: Brute Bonnet|43\/100\n|move|p2b: Kommo-o|Clangorous Soul|p2b: Kommo-o\n|-boost|p2b: Kommo-o|atk|1\n|-boost|p2b: Kommo-o|def|1\n|-boost|p2b: Kommo-o|spa|1\n|-boost|p2b: Kommo-o|spd|1\n|-boost|p2b: Kommo-o|spe|1\n|-damage|p2b: Kommo-o|68\/100\n|-enditem|p2b: Kommo-o|Throat Spray\n|-boost|p2b: Kommo-o|spa|1|[from] item: Throat Spray\n|\n|upkeep\n|turn|2\n|inactive|MattCol has 120 seconds left.\n|\n|t:|1700855589\n|move|p1a: Maushold|Follow Me|p1a: Maushold\n|-singleturn|p1a: Maushold|move: Follow Me\n|move|p2a: Brute Bonnet|Rage Powder|p2a: Brute Bonnet\n|-singleturn|p2a: Brute Bonnet|move: Rage Powder\n|move|p2b: Kommo-o|Clangorous Soul|p2b: Kommo-o\n|-boost|p2b: Kommo-o|atk|1\n|-boost|p2b: Kommo-o|def|1\n|-boost|p2b: Kommo-o|spa|1\n|-boost|p2b: Kommo-o|spd|1\n|-boost|p2b: Kommo-o|spe|1\n|-damage|p2b: Kommo-o|35\/100\n|move|p1b: Lucario|Swords Dance|p1b: Lucario\n|-boost|p1b: Lucario|atk|2\n|\n|upkeep\n|turn|3\n|\n|t:|1700855613\n|-terastallize|p1b: Lucario|Normal\n|move|p1a: Maushold|Follow Me|p1a: Maushold\n|-singleturn|p1a: Maushold|move: Follow Me\n|move|p1b: Lucario|Extreme Speed|p2b: Kommo-o\n|-damage|p2b: Kommo-o|0 fnt\n|faint|p2b: Kommo-o\n|move|p2a: Brute Bonnet|Rage Powder|p2a: Brute Bonnet\n|-singleturn|p2a: Brute Bonnet|move: Rage Powder\n|\n|upkeep\n|\n|t:|1700855624\n|switch|p2b: Overqwil|Overqwil, F|100\/100\n|-ability|p2b: Overqwil|Intimidate|boost\n|-unboost|p1a: Maushold|atk|1\n|-unboost|p1b: Lucario|atk|1\n|turn|4\n|\n|t:|1700855639\n|move|p1a: Maushold|Beat Up|p1b: Lucario\n|-damage|p1b: Lucario|98\/100\n|-ability|p1b: Lucario|Justified|boost\n|-boost|p1b: Lucario|atk|1\n|-damage|p1b: Lucario|94\/100\n|-ability|p1b: Lucario|Justified|boost\n|-boost|p1b: Lucario|atk|1\n|-damage|p1b: Lucario|91\/100\n|-ability|p1b: Lucario|Justified|boost\n|-boost|p1b: Lucario|atk|1\n|-damage|p1b: Lucario|87\/100\n|-ability|p1b: Lucario|Justified|boost\n|-boost|p1b: Lucario|atk|1\n|-damage|p1b: Lucario|85\/100\n|-ability|p1b: Lucario|Justified|boost\n|-boost|p1b: Lucario|atk|1\n|-crit|p1b: Lucario\n|-damage|p1b: Lucario|80\/100\n|-hitcount|p1b: Lucario|6\n|move|p1b: Lucario|Drain Punch|p2a: Brute Bonnet\n|-supereffective|p2a: Brute Bonnet\n|-damage|p2a: Brute Bonnet|0 fnt\n|-heal|p1b: Lucario|100\/100|[from] drain|[of] p2a: Brute Bonnet\n|faint|p2a: Brute Bonnet\n|-end|p2a: Brute Bonnet|Protosynthesis|[silent]\n|move|p2b: Overqwil|Acupressure|p2b: Overqwil\n|-boost|p2b: Overqwil|spa|2\n|\n|upkeep\n|\n|t:|1700855658\n|switch|p2a: Grimmsnarl|Grimmsnarl, M|100\/100\n|turn|5\n|\n|t:|1700855667\n|move|p2a: Grimmsnarl|Thunder Wave|p1b: Lucario\n|-status|p1b: Lucario|par\n|move|p1a: Maushold|Encore|p2b: Overqwil\n|-start|p2b: Overqwil|Encore\n|move|p2b: Overqwil|Acupressure|p2b: Overqwil\n|-boost|p2b: Overqwil|atk|2\n|move|p1b: Lucario|Drain Punch|p2a: Grimmsnarl\n|-damage|p2a: Grimmsnarl|0 fnt\n|faint|p2a: Grimmsnarl\n|\n|upkeep\n|\n|t:|1700855681\n|switch|p2a: Goodra|Goodra-Hisui, F|100\/100\n|turn|6\n|\n|t:|1700855685\n|move|p1a: Maushold|Follow Me|p1a: Maushold\n|-singleturn|p1a: Maushold|move: Follow Me\n|move|p2b: Overqwil|Acupressure|p2b: Overqwil\n|-boost|p2b: Overqwil|evasion|2\n|move|p2a: Goodra|Acid Armor|p2a: Goodra\n|-boost|p2a: Goodra|def|2\n|move|p1b: Lucario|Drain Punch|p2b: Overqwil\n|-damage|p2b: Overqwil|0 fnt\n|faint|p2b: Overqwil\n|\n|upkeep\n|\n|t:|1700855695\n|switch|p2b: Flamigo|Flamigo, F|100\/100\n|-copyboost|p2b: Flamigo|p2a: Goodra|[from] ability: Costar\n|turn|7\n|\n|t:|1700855706\n|move|p1a: Maushold|Follow Me|p1a: Maushold\n|-singleturn|p1a: Maushold|move: Follow Me\n|move|p2b: Flamigo|Fling|p1a: Maushold\n|-crit|p1a: Maushold\n|-damage|p1a: Maushold|86\/100\n|-enditem|p2b: Flamigo|King's Rock|[from] move: Fling\n|move|p2a: Goodra|Body Press|p1a: Maushold\n|-supereffective|p1a: Maushold\n|-damage|p1a: Maushold|0 fnt\n|faint|p1a: Maushold\n|move|p1b: Lucario|Drain Punch|p2a: Goodra\n|-supereffective|p2a: Goodra\n|-damage|p2a: Goodra|0 fnt\n|-damage|p1b: Lucario|84\/100 par|[from] item: Rocky Helmet|[of] p2a: Goodra\n|-ability|p2a: Goodra|Gooey\n|-unboost|p1b: Lucario|spe|1\n|faint|p2a: Goodra\n|\n|upkeep\n|-message|reddypuller forfeited.\n|\n|win|MattCol\n|raw|MattCol's rating: 1116 &rarr; <strong>1136<\/strong><br \/>(+20 for winning)\n|raw|reddypuller's rating: 1041 &rarr; <strong>1028<\/strong><br \/>(-13 for losing)\n|l|\u2606reddypuller\n","uploadtime":1700855738,"views":7,"p1id":"mattcol","p2id":"reddypuller","formatid":"gen9doublesou","rating":1028,"private":0,"password":""}