{"id":"gen9doublesou-1982277943","p1":"Jackmim","p2":"10PelosDeNalga","format":"[Gen 9] Doubles OU","log":"|j|\u2606Jackmim\n|j|\u260610PelosDeNalga\n|t:|1698988702\n|gametype|doubles\n|player|p1|Jackmim|teamrocket|1073\n|player|p2|10PelosDeNalga|unknown|1110\n|teamsize|p1|6\n|teamsize|p2|6\n|gen|9\n|tier|[Gen 9] Doubles OU\n|rated|\n|rule|Species Clause: Limit one of each Pok\u00e9mon\n|rule|OHKO Clause: OHKO moves are banned\n|rule|Evasion Moves Clause: Evasion moves are banned\n|rule|Gravity Sleep Clause: The combination of sleep-inducing moves with imperfect accuracy and Gravity or Gigantamax Orbeetle are banned\n|rule|Endless Battle Clause: Forcing endless battles is banned\n|rule|HP Percentage Mod: HP is shown in percentages\n|clearpoke\n|poke|p1|Diancie|\n|poke|p1|Cinderace, M|\n|poke|p1|Empoleon, F|\n|poke|p1|Okidogi, M|\n|poke|p1|Ursaluna-Bloodmoon, M|\n|poke|p1|Shaymin-Sky|\n|poke|p2|Roaring Moon|\n|poke|p2|Landorus-Therian, M|\n|poke|p2|Iron Moth|\n|poke|p2|Cresselia, F|\n|poke|p2|Palafin, M|\n|poke|p2|Flutter Mane|\n|teampreview\n|inactive|Battle timer is ON: inactive players will automatically lose when time's up. (requested by 10PelosDeNalga)\n|\n|t:|1698988721\n|start\n|switch|p1a: Messi|Cinderace, M, shiny|100\/100\n|switch|p1b: Summer McIntosh|Empoleon, F, shiny|100\/100\n|switch|p2a: Palafin|Palafin, M|100\/100\n|switch|p2b: Roaring Moon|Roaring Moon|100\/100\n|-enditem|p2b: Roaring Moon|Booster Energy\n|-activate|p2b: Roaring Moon|ability: Protosynthesis|[fromitem]\n|-start|p2b: Roaring Moon|protosynthesisatk\n|turn|1\n|\n|t:|1698988735\n|-terastallize|p2b: Roaring Moon|Flying\n|move|p1a: Messi|Fire Pledge|p2b: Roaring Moon\n|-waiting|p1a: Messi|p1b: Summer McIntosh\n|move|p1b: Summer McIntosh|Water Pledge|p2b: Roaring Moon|[from]move: Fire Pledge\n|-combine\n|-crit|p2b: Roaring Moon\n|-damage|p2b: Roaring Moon|0 fnt\n|-sidestart|p1: Jackmim|Water Pledge\n|faint|p2b: Roaring Moon\n|-end|p2b: Roaring Moon|Protosynthesis|[silent]\n|-damage|p1b: Summer McIntosh|91\/100|[from] item: Life Orb\n|move|p2a: Palafin|Close Combat|p1b: Summer McIntosh\n|-supereffective|p1b: Summer McIntosh\n|-damage|p1b: Summer McIntosh|23\/100\n|-unboost|p2a: Palafin|def|1\n|-unboost|p2a: Palafin|spd|1\n|\n|upkeep\n|\n|t:|1698988747\n|switch|p2b: Landorus|Landorus-Therian, M|100\/100\n|-ability|p2b: Landorus|Intimidate|boost\n|-unboost|p1a: Messi|atk|1\n|-unboost|p1b: Summer McIntosh|atk|1\n|-ability|p1b: Summer McIntosh|Competitive|boost\n|-boost|p1b: Summer McIntosh|spa|2\n|turn|2\n|\n|t:|1698988770\n|detailschange|p2a: Palafin|Palafin-Hero, M\n|switch|p2a: Cresselia|Cresselia, F|100\/100\n|move|p1a: Messi|Acrobatics|p2a: Cresselia\n|-start|p1a: Messi|typechange|Flying|[from] ability: Libero\n|-damage|p2a: Cresselia|90\/100\n|move|p2b: Landorus|Earthquake|p1b: Summer McIntosh|[spread] p1b\n|-immune|p2a: Cresselia|[from] ability: Levitate\n|-immune|p1a: Messi\n|-supereffective|p1b: Summer McIntosh\n|-damage|p1b: Summer McIntosh|0 fnt\n|faint|p1b: Summer McIntosh\n|\n|-heal|p2a: Cresselia|96\/100|[from] item: Leftovers\n|upkeep\n|\n|t:|1698988785\n|switch|p1b: Osipova|Diancie|100\/100\n|turn|3\n|\n|t:|1698988802\n|switch|p2b: Iron Moth|Iron Moth|100\/100\n|move|p2a: Cresselia|Ally Switch|p2a: Cresselia\n|swap|p2a: Cresselia|1|[from] move: Ally Switch\n|move|p1a: Messi|Fire Pledge|p2b: Cresselia\n|-damage|p2b: Cresselia|89\/100\n|move|p1b: Osipova|Ancient Power|p2b: Cresselia\n|-damage|p2b: Cresselia|78\/100\n|-boost|p1b: Osipova|atk|1\n|-boost|p1b: Osipova|def|1\n|-boost|p1b: Osipova|spa|1\n|-boost|p1b: Osipova|spd|1\n|-boost|p1b: Osipova|spe|1\n|\n|-heal|p2b: Cresselia|84\/100|[from] item: Leftovers\n|upkeep\n|turn|4\n|\n|t:|1698988820\n|move|p2a: Iron Moth|Sludge Wave|p1b: Osipova|[spread] p2b,p1a,p1b\n|-crit|p1a: Messi\n|-damage|p2b: Cresselia|59\/100\n|-damage|p1a: Messi|12\/100\n|-damage|p1b: Osipova|82\/100\n|-enditem|p1a: Messi|Eject Button\n|\n|t:|1698988828\n|switch|p1a: Shaq|Shaymin-Sky|100\/100\n|move|p2b: Cresselia|Lunar Blessing|p2b: Cresselia|[spread] p2a,p2b\n|-heal|p2b: Cresselia|84\/100\n|move|p1b: Osipova|Diamond Storm|p2a: Iron Moth|[spread] p2a,p2b\n|-supereffective|p2a: Iron Moth\n|-damage|p2a: Iron Moth|0 fnt\n|-damage|p2b: Cresselia|58\/100\n|-boost|p1b: Osipova|def|2\n|faint|p2a: Iron Moth\n|-end|p2a: Iron Moth|Quark Drive|[silent]\n|\n|-heal|p2b: Cresselia|64\/100|[from] item: Leftovers\n|-sideend|p1: Jackmim|Water Pledge\n|upkeep\n|\n|t:|1698988836\n|switch|p2a: Palafin|Palafin-Hero, M|100\/100\n|-activate|p2a: Palafin|ability: Zero to Hero\n|turn|5\n|\n|t:|1698988858\n|move|p1b: Osipova|Protect|p1b: Osipova\n|-singleturn|p1b: Osipova|Protect\n|move|p2a: Palafin|Jet Punch|p1b: Osipova\n|-activate|p1b: Osipova|move: Protect\n|move|p1a: Shaq|Seed Flare|p2a: Palafin\n|-supereffective|p2a: Palafin\n|-damage|p2a: Palafin|0 fnt\n|faint|p2a: Palafin\n|move|p2b: Cresselia|Icy Wind|p1a: Shaq|[spread] p1a\n|-activate|p1b: Osipova|move: Protect\n|-supereffective|p1a: Shaq\n|-damage|p1a: Shaq|64\/100\n|-unboost|p1a: Shaq|spe|1\n|\n|-heal|p2b: Cresselia|70\/100|[from] item: Leftovers\n|upkeep\n|\n|t:|1698988867\n|switch|p2a: Landorus|Landorus-Therian, M|100\/100\n|-ability|p2a: Landorus|Intimidate|boost\n|-unboost|p1a: Shaq|atk|1\n|-fail|p1b: Osipova|unboost|[from] ability: Clear Body|[of] p1b: Osipova\n|turn|6\n|\n|t:|1698988879\n|move|p2b: Cresselia|Ally Switch|p2b: Cresselia\n|swap|p2b: Cresselia|0|[from] move: Ally Switch\n|move|p1a: Shaq|Tailwind|p1a: Shaq\n|-sidestart|p1: Jackmim|move: Tailwind\n|move|p1b: Osipova|Diamond Storm|p2a: Cresselia|[spread] p2a,p2b\n|-crit|p2b: Landorus\n|-damage|p2a: Cresselia|46\/100\n|-damage|p2b: Landorus|34\/100\n|move|p2b: Landorus|Earthquake|p1b: Osipova|[spread] p1b\n|-immune|p2a: Cresselia|[from] ability: Levitate\n|-immune|p1a: Shaq\n|-supereffective|p1b: Osipova\n|-damage|p1b: Osipova|57\/100\n|\n|-heal|p2a: Cresselia|52\/100|[from] item: Leftovers\n|upkeep\n|turn|7\n|\n|t:|1698988902\n|move|p1a: Shaq|Seed Flare|p2b: Landorus\n|-damage|p2b: Landorus|0 fnt\n|faint|p2b: Landorus\n|move|p1b: Osipova|Diamond Storm|p2a: Cresselia\n|-damage|p2a: Cresselia|15\/100\n|-boost|p1b: Osipova|def|2\n|move|p2a: Cresselia|Calm Mind|p2a: Cresselia\n|-boost|p2a: Cresselia|spa|1\n|-boost|p2a: Cresselia|spd|1\n|\n|-heal|p2a: Cresselia|21\/100|[from] item: Leftovers\n|upkeep\n|\n|t:|1698988905\n|switch|p2b: Flutter Mane|Flutter Mane|100\/100\n|turn|8\n|\n|t:|1698988921\n|move|p2a: Cresselia|Ally Switch|p2a: Cresselia\n|swap|p2a: Cresselia|1|[from] move: Ally Switch\n|move|p1a: Shaq|Seed Flare|p2b: Cresselia\n|-damage|p2b: Cresselia|0 fnt\n|faint|p2b: Cresselia\n|move|p2a: Flutter Mane|Dazzling Gleam|p1b: Osipova|[spread] p1a,p1b\n|-damage|p1a: Shaq|22\/100\n|-damage|p1b: Osipova|45\/100\n|move|p1b: Osipova|Diamond Storm|p2a: Flutter Mane\n|-enditem|p2a: Flutter Mane|Focus Sash\n|-damage|p2a: Flutter Mane|1\/100\n|-boost|p1b: Osipova|def|1\n|\n|upkeep\n|turn|9\n|\n|t:|1698988939\n|move|p1a: Shaq|Synthesis|p1a: Shaq\n|-heal|p1a: Shaq|72\/100\n|move|p2a: Flutter Mane|Dazzling Gleam|p1a: Shaq|[spread] p1a,p1b\n|-damage|p1a: Shaq|30\/100\n|-damage|p1b: Osipova|33\/100\n|move|p1b: Osipova|Diamond Storm|p2a: Flutter Mane\n|-damage|p2a: Flutter Mane|0 fnt\n|faint|p2a: Flutter Mane\n|-end|p2a: Flutter Mane|Protosynthesis|[silent]\n|\n|win|Jackmim\n|raw|Jackmim's rating: 1073 &rarr; <strong>1105<\/strong><br \/>(+32 for winning)\n|raw|10PelosDeNalga's rating: 1110 &rarr; <strong>1082<\/strong><br \/>(-28 for losing)\n|l|\u260610PelosDeNalga\n|c|\u2606Jackmim|gg\n","uploadtime":1698988954,"views":22,"p1id":"jackmim","p2id":"10pelosdenalga","formatid":"gen9doublesou","rating":1082,"private":0,"password":""}