{"id":"gen9doublesou-1997783119","p1":"Martin80","p2":"YungHurn1220","format":"[Gen 9] Doubles OU","log":"|j|\u2606Martin80\n|j|\u2606YungHurn1220\n|t:|1700852189\n|gametype|doubles\n|player|p1|Martin80|steven|1220\n|player|p2|YungHurn1220|1|1122\n|teamsize|p1|6\n|teamsize|p2|6\n|gen|9\n|tier|[Gen 9] Doubles OU\n|rated|\n|rule|Species Clause: Limit one of each Pok\u00e9mon\n|rule|OHKO Clause: OHKO moves are banned\n|rule|Evasion Moves Clause: Evasion moves are banned\n|rule|Gravity Sleep Clause: The combination of sleep-inducing moves with imperfect accuracy and Gravity or Gigantamax Orbeetle are banned\n|rule|Endless Battle Clause: Forcing endless battles is banned\n|rule|HP Percentage Mod: HP is shown in percentages\n|clearpoke\n|poke|p1|Garganacl, F|\n|poke|p1|Tinkaton, F|\n|poke|p1|Lokix, F|\n|poke|p1|Quaquaval, F|\n|poke|p1|Arboliva, F|\n|poke|p1|Ceruledge, F|\n|poke|p2|Hoopa-Unbound|\n|poke|p2|Jolteon, M|\n|poke|p2|Tornadus, M|\n|poke|p2|Palafin, M|\n|poke|p2|Sinistcha|\n|poke|p2|Farigiraf, M|\n|teampreview\n|inactive|Battle timer is ON: inactive players will automatically lose when time's up. (requested by YungHurn1220)\n|\n|t:|1700852209\n|start\n|switch|p1a: Tinkaton|Tinkaton, F, shiny|100\/100\n|switch|p1b: Bichota|Lokix, F, shiny|100\/100\n|switch|p2a: Tornadus|Tornadus, M|100\/100\n|switch|p2b: Palafin|Palafin, M|100\/100\n|turn|1\n|\n|t:|1700852223\n|detailschange|p2b: Palafin|Palafin-Hero, M\n|switch|p2b: Farigiraf|Farigiraf, M|100\/100\n|move|p1a: Tinkaton|Fake Out||[still]\n|cant|p2b: Farigiraf|ability: Armor Tail|Fake Out|[of] p1a: Tinkaton\n|move|p2a: Tornadus|Tailwind|p2a: Tornadus\n|-sidestart|p2: YungHurn1220|move: Tailwind\n|move|p1b: Bichota|U-turn|p2a: Tornadus\n|-resisted|p2a: Tornadus\n|-damage|p2a: Tornadus|47\/100\n|-damage|p1b: Bichota|91\/100|[from] item: Life Orb\n|\n|t:|1700852238\n|switch|p1b: Ceruledge|Ceruledge, F, shiny|100\/100|[from] U-turn\n|\n|upkeep\n|turn|2\n|\n|t:|1700852250\n|move|p2a: Tornadus|U-turn|p1b: Ceruledge\n|-resisted|p1b: Ceruledge\n|-damage|p1b: Ceruledge|95\/100\n|-ability|p1b: Ceruledge|Weak Armor|boost\n|-unboost|p1b: Ceruledge|def|1\n|-boost|p1b: Ceruledge|spe|2\n|\n|t:|1700852259\n|switch|p2a: Hoopa|Hoopa-Unbound|100\/100|[from] U-turn\n|move|p1b: Ceruledge|Swords Dance|p1b: Ceruledge\n|-boost|p1b: Ceruledge|atk|2\n|move|p1a: Tinkaton|Skitter Smack|p2b: Farigiraf\n|-supereffective|p2b: Farigiraf\n|-damage|p2b: Farigiraf|68\/100\n|-unboost|p2b: Farigiraf|spa|1\n|move|p2b: Farigiraf|Trick|p1b: Ceruledge\n|-activate|p2b: Farigiraf|move: Trick|[of] p1b: Ceruledge\n|-item|p1b: Ceruledge|Lagging Tail|[from] move: Trick\n|-item|p2b: Farigiraf|Weakness Policy|[from] move: Trick\n|\n|upkeep\n|turn|3\n|inactive|Martin80 has 120 seconds left.\n|c|\u2606Martin80|i dont have priority moves\n|\n|t:|1700852305\n|move|p2a: Hoopa|Hyperspace Fury|p1b: Ceruledge\n|-supereffective|p1b: Ceruledge\n|-damage|p1b: Ceruledge|0 fnt\n|-unboost|p2a: Hoopa|def|1\n|faint|p1b: Ceruledge\n|move|p1a: Tinkaton|Skitter Smack|p2b: Farigiraf\n|-supereffective|p2b: Farigiraf\n|-damage|p2b: Farigiraf|36\/100\n|-unboost|p2b: Farigiraf|spa|1\n|-enditem|p2b: Farigiraf|Weakness Policy\n|-boost|p2b: Farigiraf|atk|2|[from] item: Weakness Policy\n|-boost|p2b: Farigiraf|spa|2|[from] item: Weakness Policy\n|move|p2b: Farigiraf|Wish|p2b: Farigiraf\n|\n|upkeep\n|c|\u2606YungHurn1220|lagging tail is so good\n|\n|t:|1700852317\n|switch|p1b: Bichota|Lokix, F, shiny|91\/100\n|turn|4\n|inactive|Martin80 has 120 seconds left.\n|\n|t:|1700852327\n|switch|p2a: Sinistcha|Sinistcha|100\/100\n|-heal|p2b: Farigiraf|61\/100|[from] ability: Hospitality|[of] p2a: Sinistcha\n|move|p2b: Farigiraf|Ally Switch|p2b: Farigiraf\n|swap|p2b: Farigiraf|0|[from] move: Ally Switch\n|move|p1a: Tinkaton|Skitter Smack|p2b: Sinistcha\n|-damage|p2b: Sinistcha|91\/100\n|-unboost|p2b: Sinistcha|spa|1\n|move|p1b: Bichota|U-turn|p2a: Farigiraf\n|-supereffective|p2a: Farigiraf\n|-damage|p2a: Farigiraf|0 fnt\n|faint|p2a: Farigiraf\n|-damage|p1b: Bichota|81\/100|[from] item: Life Orb\n|inactive|Martin80 has 120 seconds left.\n|\n|t:|1700852341\n|switch|p1b: Arboliva|Arboliva, F, shiny|100\/100|[from] U-turn\n|\n|-heal|p2b: Sinistcha|100\/100|[from] move: Wish|[wisher] Farigiraf\n|-sideend|p2: YungHurn1220|move: Tailwind\n|upkeep\n|\n|t:|1700852349\n|switch|p2a: Palafin|Palafin-Hero, M|100\/100\n|-activate|p2a: Palafin|ability: Zero to Hero\n|turn|5\n|\n|t:|1700852359\n|move|p2b: Sinistcha|Rage Powder|p2b: Sinistcha\n|-singleturn|p2b: Sinistcha|move: Rage Powder\n|move|p2a: Palafin|Wave Crash|p1a: Tinkaton\n|-damage|p1a: Tinkaton|0 fnt\n|faint|p1a: Tinkaton\n|-damage|p2a: Palafin|70\/100|[from] Recoil\n|move|p1b: Arboliva|Leech Seed|p2a: Palafin|[miss]\n|-miss|p1b: Arboliva|p2a: Palafin\n|\n|upkeep\n|\n|t:|1700852371\n|switch|p1a: Bichota|Lokix, F, shiny|81\/100\n|turn|6\n|\n|t:|1700852377\n|move|p2b: Sinistcha|Rage Powder|p2b: Sinistcha\n|-singleturn|p2b: Sinistcha|move: Rage Powder\n|move|p2a: Palafin|Wave Crash|p1a: Bichota\n|-damage|p1a: Bichota|0 fnt\n|faint|p1a: Bichota\n|-damage|p2a: Palafin|48\/100|[from] Recoil\n|move|p1b: Arboliva|Giga Drain|p2a: Palafin\n|-supereffective|p2a: Palafin\n|-damage|p2a: Palafin|0 fnt\n|faint|p2a: Palafin\n|\n|upkeep\n|\n|t:|1700852388\n|switch|p2a: Hoopa|Hoopa-Unbound|100\/100\n|switch|p1a: Golemcita|Garganacl, F, shiny|100\/100\n|turn|7\n|inactive|YungHurn1220 has 120 seconds left.\n|\n|t:|1700852419\n|-terastallize|p1a: Golemcita|Ghost\n|move|p2a: Hoopa|Energy Ball|p1a: Golemcita\n|-damage|p1a: Golemcita|74\/100\n|move|p2b: Sinistcha|Matcha Gotcha|p1a: Golemcita|[spread] p1a,p1b\n|-resisted|p1b: Arboliva\n|-damage|p1a: Golemcita|62\/100\n|-damage|p1b: Arboliva|94\/100\n|-fieldstart|move: Grassy Terrain|[from] ability: Seed Sower|[of] p1b: Arboliva\n|-enditem|p1b: Arboliva|Grassy Seed\n|-boost|p1b: Arboliva|def|1|[from] item: Grassy Seed\n|move|p1b: Arboliva|Dazzling Gleam|p2a: Hoopa|[spread] p2a,p2b\n|-supereffective|p2a: Hoopa\n|-damage|p2a: Hoopa|65\/100\n|-damage|p2b: Sinistcha|80\/100\n|move|p1a: Golemcita|Iron Defense|p1a: Golemcita\n|-boost|p1a: Golemcita|def|2\n|\n|-heal|p2a: Hoopa|71\/100|[from] Grassy Terrain\n|-heal|p2b: Sinistcha|86\/100|[from] Grassy Terrain\n|-heal|p2b: Sinistcha|92\/100|[from] item: Leftovers\n|-heal|p1b: Arboliva|99\/100|[from] Grassy Terrain\n|-heal|p1a: Golemcita|68\/100|[from] Grassy Terrain\n|-heal|p1a: Golemcita|75\/100|[from] item: Leftovers\n|upkeep\n|turn|8\n|\n|t:|1700852444\n|switch|p2a: Tornadus|Tornadus, M|47\/100\n|move|p2b: Sinistcha|Shadow Ball|p1a: Golemcita\n|-supereffective|p1a: Golemcita\n|-damage|p1a: Golemcita|58\/100\n|move|p1b: Arboliva|Dazzling Gleam|p2b: Sinistcha|[spread] p2a,p2b\n|-damage|p2a: Tornadus|33\/100\n|-damage|p2b: Sinistcha|72\/100\n|move|p1a: Golemcita|Salt Cure|p2b: Sinistcha\n|-damage|p2b: Sinistcha|63\/100\n|-start|p2b: Sinistcha|Salt Cure\n|\n|-heal|p2b: Sinistcha|69\/100|[from] Grassy Terrain\n|-heal|p2b: Sinistcha|75\/100|[from] item: Leftovers\n|-heal|p1b: Arboliva|100\/100|[from] Grassy Terrain\n|-heal|p1a: Golemcita|64\/100|[from] Grassy Terrain\n|-heal|p1a: Golemcita|70\/100|[from] item: Leftovers\n|-damage|p2b: Sinistcha|63\/100|[from] Salt Cure\n|upkeep\n|turn|9\n|\n|t:|1700852464\n|move|p1b: Arboliva|Protect|p1b: Arboliva\n|-singleturn|p1b: Arboliva|Protect\n|move|p2a: Tornadus|Taunt|p1a: Golemcita\n|-start|p1a: Golemcita|move: Taunt\n|move|p2b: Sinistcha|Matcha Gotcha|p1b: Arboliva|[spread] p1a\n|-activate|p1b: Arboliva|move: Protect\n|-damage|p1a: Golemcita|53\/100\n|-heal|p2b: Sinistcha|72\/100|[from] drain|[of] p1a: Golemcita\n|move|p1a: Golemcita|Salt Cure|p2a: Tornadus\n|-supereffective|p2a: Tornadus\n|-damage|p2a: Tornadus|0 fnt\n|faint|p2a: Tornadus\n|\n|-heal|p2b: Sinistcha|79\/100|[from] Grassy Terrain\n|-heal|p2b: Sinistcha|85\/100|[from] item: Leftovers\n|-heal|p1a: Golemcita|60\/100|[from] Grassy Terrain\n|-heal|p1a: Golemcita|66\/100|[from] item: Leftovers\n|-damage|p2b: Sinistcha|72\/100|[from] Salt Cure\n|upkeep\n|\n|t:|1700852477\n|switch|p2a: Jolteon|Jolteon, M|100\/100\n|turn|10\n|\n|t:|1700852491\n|move|p2a: Jolteon|Shadow Ball|p1a: Golemcita\n|-supereffective|p1a: Golemcita\n|-damage|p1a: Golemcita|36\/100\n|move|p2b: Sinistcha|Shadow Ball|p1a: Golemcita\n|-supereffective|p1a: Golemcita\n|-damage|p1a: Golemcita|19\/100\n|move|p1b: Arboliva|Dazzling Gleam|p2b: Sinistcha|[spread] p2a,p2b\n|-damage|p2a: Jolteon|75\/100\n|-damage|p2b: Sinistcha|50\/100\n|move|p1a: Golemcita|Body Press|p2a: Jolteon\n|-damage|p2a: Jolteon|0 fnt\n|faint|p2a: Jolteon\n|\n|-heal|p2b: Sinistcha|56\/100|[from] Grassy Terrain\n|-heal|p2b: Sinistcha|62\/100|[from] item: Leftovers\n|-heal|p1a: Golemcita|25\/100|[from] Grassy Terrain\n|-heal|p1a: Golemcita|32\/100|[from] item: Leftovers\n|-damage|p2b: Sinistcha|50\/100|[from] Salt Cure\n|upkeep\n|inactive|YungHurn1220 has 120 seconds left.\n|\n|t:|1700852541\n|switch|p2a: Hoopa|Hoopa-Unbound|71\/100\n|turn|11\n|\n|t:|1700852550\n|move|p2a: Hoopa|Hyperspace Fury|p1a: Golemcita\n|-supereffective|p1a: Golemcita\n|-damage|p1a: Golemcita|0 fnt\n|-unboost|p2a: Hoopa|def|1\n|faint|p1a: Golemcita\n|move|p2b: Sinistcha|Shadow Ball|p1b: Arboliva\n|-immune|p1b: Arboliva\n|move|p1b: Arboliva|Dazzling Gleam|p2a: Hoopa|[spread] p2a,p2b\n|-supereffective|p2a: Hoopa\n|-damage|p2a: Hoopa|41\/100\n|-damage|p2b: Sinistcha|30\/100\n|\n|-heal|p2a: Hoopa|47\/100|[from] Grassy Terrain\n|-heal|p2b: Sinistcha|36\/100|[from] Grassy Terrain\n|-heal|p2b: Sinistcha|42\/100|[from] item: Leftovers\n|-damage|p2b: Sinistcha|29\/100|[from] Salt Cure\n|-fieldend|move: Grassy Terrain\n|upkeep\n|\n|t:|1700852565\n|switch|p1a: Jolyne|Quaquaval, F, shiny|100\/100\n|turn|12\n|\n|t:|1700852586\n|move|p2a: Hoopa|Hyperspace Fury|p1b: Arboliva\n|-damage|p1b: Arboliva|66\/100\n|-unboost|p2a: Hoopa|def|1\n|-fieldstart|move: Grassy Terrain|[from] ability: Seed Sower|[of] p1b: Arboliva\n|move|p1a: Jolyne|Aqua Step|p2b: Sinistcha\n|-resisted|p2b: Sinistcha\n|-damage|p2b: Sinistcha|15\/100\n|-boost|p1a: Jolyne|spe|1\n|move|p2b: Sinistcha|Matcha Gotcha|p1b: Arboliva|[spread] p1b\n|-miss|p2b: Sinistcha|p1a: Jolyne\n|-resisted|p1b: Arboliva\n|-damage|p1b: Arboliva|58\/100\n|-heal|p2b: Sinistcha|19\/100|[from] drain|[of] p1b: Arboliva\n|move|p1b: Arboliva|Dazzling Gleam|p2b: Sinistcha|[spread] p2a,p2b\n|-supereffective|p2a: Hoopa\n|-damage|p2a: Hoopa|15\/100\n|-damage|p2b: Sinistcha|0 fnt\n|faint|p2b: Sinistcha\n|\n|-heal|p2a: Hoopa|21\/100|[from] Grassy Terrain\n|-heal|p1b: Arboliva|64\/100|[from] Grassy Terrain\n|upkeep\n|turn|13\n|-message|YungHurn1220 forfeited.\n|\n|win|Martin80\n|raw|Martin80's rating: 1220 &rarr; <strong>1238<\/strong><br \/>(+18 for winning)\n|raw|YungHurn1220's rating: 1122 &rarr; <strong>1104<\/strong><br \/>(-18 for losing)\n|l|\u2606YungHurn1220\n","uploadtime":1700852609,"views":3,"p1id":"martin80","p2id":"yunghurn1220","formatid":"gen9doublesou","rating":1104,"private":0,"password":""}