{"id":"gen9doublesou-1970067999","p1":"nobodyhatesthis","p2":"SXD2002","format":"[Gen 9] Doubles OU","log":"|j|\u2606nobodyhatesthis\n|j|\u2606SXD2002\n|t:|1697590857\n|gametype|doubles\n|player|p1|nobodyhatesthis|170|1087\n|player|p2|SXD2002|silver-masters|1009\n|teamsize|p1|6\n|teamsize|p2|4\n|gen|9\n|tier|[Gen 9] Doubles OU\n|rated|\n|rule|Species Clause: Limit one of each Pok\u00e9mon\n|rule|OHKO Clause: OHKO moves are banned\n|rule|Evasion Moves Clause: Evasion moves are banned\n|rule|Gravity Sleep Clause: The combination of sleep-inducing moves with imperfect accuracy and Gravity or Gigantamax Orbeetle are banned\n|rule|Endless Battle Clause: Forcing endless battles is banned\n|rule|HP Percentage Mod: HP is shown in percentages\n|clearpoke\n|poke|p1|Ogerpon-Cornerstone, F|\n|poke|p1|Clefable, M|\n|poke|p1|Farigiraf, M|\n|poke|p1|Tornadus, M|\n|poke|p1|Sinistcha|\n|poke|p1|Flutter Mane|\n|poke|p2|Lurantis, M|\n|poke|p2|Murkrow, F|\n|poke|p2|Grimmsnarl, M|\n|poke|p2|Clefairy, M|\n|teampreview\n|inactive|Battle timer is ON: inactive players will automatically lose when time's up. (requested by SXD2002)\n|\n|t:|1697590861\n|start\n|switch|p1a: Ogerpon|Ogerpon-Cornerstone, F|100\/100\n|switch|p1b: Clefable|Clefable, M|100\/100\n|switch|p2a: Grimmsnarl|Grimmsnarl, M|100\/100\n|switch|p2b: Lurantis|Lurantis, M|100\/100\n|turn|1\n|inactive|SXD2002 has 120 seconds left.\n|\n|t:|1697590910\n|-terastallize|p2b: Lurantis|Steel\n|move|p1b: Clefable|Follow Me|p1b: Clefable\n|-singleturn|p1b: Clefable|move: Follow Me\n|move|p2a: Grimmsnarl|Scary Face|p1b: Clefable\n|-unboost|p1b: Clefable|spe|2\n|move|p1a: Ogerpon|Focus Energy|p1a: Ogerpon\n|-start|p1a: Ogerpon|move: Focus Energy\n|move|p2b: Lurantis|Superpower|p1b: Clefable\n|-resisted|p1b: Clefable\n|-damage|p1b: Clefable|87\/100\n|-boost|p2b: Lurantis|atk|1\n|-boost|p2b: Lurantis|def|1\n|\n|upkeep\n|turn|2\n|inactive|SXD2002 has 120 seconds left.\n|\n|t:|1697590931\n|move|p1b: Clefable|Follow Me|p1b: Clefable\n|-singleturn|p1b: Clefable|move: Follow Me\n|move|p2a: Grimmsnarl|Fake Tears|p1b: Clefable\n|-unboost|p1b: Clefable|spd|2\n|move|p1a: Ogerpon|Swords Dance|p1a: Ogerpon\n|-boost|p1a: Ogerpon|atk|2\n|move|p2b: Lurantis|Leaf Storm|p1b: Clefable\n|-damage|p1b: Clefable|25\/100\n|-boost|p2b: Lurantis|spa|2\n|\n|upkeep\n|turn|3\n|\n|t:|1697590955\n|move|p2b: Lurantis|Protect|p2b: Lurantis\n|-singleturn|p2b: Lurantis|Protect\n|move|p1a: Ogerpon|Trailblaze|p2a: Grimmsnarl\n|-crit|p2a: Grimmsnarl\n|-damage|p2a: Grimmsnarl|0 fnt\n|-boost|p1a: Ogerpon|spe|1\n|faint|p2a: Grimmsnarl\n|move|p1b: Clefable|Moonlight|p1b: Clefable\n|-heal|p1b: Clefable|75\/100\n|\n|upkeep\n|\n|t:|1697590964\n|switch|p2a: Murkrow|Murkrow, F|100\/100\n|turn|4\n|\n|t:|1697590987\n|move|p2a: Murkrow|Screech|p2b: Lurantis\n|-boost|p2b: Lurantis|def|2\n|move|p1a: Ogerpon|Ivy Cudgel|p2a: Murkrow\n|-supereffective|p2a: Murkrow\n|-crit|p2a: Murkrow\n|-damage|p2a: Murkrow|0 fnt\n|faint|p2a: Murkrow\n|move|p2b: Lurantis|Leaf Storm|p1a: Ogerpon\n|-damage|p1a: Ogerpon|15\/100\n|-boost|p2b: Lurantis|spa|2\n|move|p1b: Clefable|Icy Wind|p2b: Lurantis\n|-resisted|p2b: Lurantis\n|-damage|p2b: Lurantis|95\/100\n|-boost|p2b: Lurantis|spe|1\n|\n|-heal|p2b: Lurantis|100\/100|[from] item: Leftovers\n|upkeep\n|\n|t:|1697591002\n|switch|p2a: Clefairy|Clefairy, M|100\/100\n|turn|5\n|\n|t:|1697591018\n|-terastallize|p1a: Ogerpon|Rock\n|detailschange|p1a: Ogerpon|Ogerpon-Cornerstone-Tera, F, tera:Rock\n|-ability|p1a: Ogerpon|Embody Aspect (Cornerstone)|boost\n|-boost|p1a: Ogerpon|def|1\n|move|p2a: Clefairy|Helping Hand|p2b: Lurantis\n|-singleturn|p2b: Lurantis|Helping Hand|[of] p2a: Clefairy\n|move|p1b: Clefable|Follow Me|p1b: Clefable\n|-singleturn|p1b: Clefable|move: Follow Me\n|move|p1a: Ogerpon|Ivy Cudgel|p2b: Lurantis\n|-resisted|p2b: Lurantis\n|-crit|p2b: Lurantis\n|-damage|p2b: Lurantis|9\/100\n|move|p2b: Lurantis|Leaf Storm|p1b: Clefable\n|-crit|p1b: Clefable\n|-damage|p1b: Clefable|0 fnt\n|-boost|p2b: Lurantis|spa|2\n|faint|p1b: Clefable\n|\n|-heal|p2b: Lurantis|15\/100|[from] item: Leftovers\n|upkeep\n|\n|t:|1697591035\n|switch|p1b: Sinistcha|Sinistcha|100\/100\n|-heal|p1a: Ogerpon|40\/100|[from] ability: Hospitality|[of] p1b: Sinistcha\n|turn|6\n|\n|t:|1697591050\n|move|p2b: Lurantis|Protect|p2b: Lurantis\n|-singleturn|p2b: Lurantis|Protect\n|move|p1a: Ogerpon|Ivy Cudgel|p2b: Lurantis\n|-activate|p2b: Lurantis|move: Protect\n|move|p1b: Sinistcha|Life Dew||[still]|[spread] p1a,p1b\n|-heal|p1a: Ogerpon|65\/100\n|-fail|p1b: Sinistcha|heal\n|move|p2a: Clefairy|Life Dew||[still]|[spread] p2a,p2b\n|-fail|p2a: Clefairy|heal\n|-heal|p2b: Lurantis|40\/100\n|\n|-heal|p2b: Lurantis|46\/100|[from] item: Leftovers\n|upkeep\n|turn|7\n|\n|t:|1697591063\n|move|p2a: Clefairy|Follow Me|p2a: Clefairy\n|-singleturn|p2a: Clefairy|move: Follow Me\n|move|p1a: Ogerpon|Ivy Cudgel|p2a: Clefairy\n|-crit|p2a: Clefairy\n|-damage|p2a: Clefairy|0 fnt\n|faint|p2a: Clefairy\n|move|p1b: Sinistcha|Life Dew||[still]|[spread] p1a,p1b\n|-heal|p1a: Ogerpon|90\/100\n|-fail|p1b: Sinistcha|heal\n|move|p2b: Lurantis|Superpower|p1a: Ogerpon\n|-supereffective|p1a: Ogerpon\n|-damage|p1a: Ogerpon|20\/100\n|-boost|p2b: Lurantis|atk|1\n|-boost|p2b: Lurantis|def|1\n|\n|-heal|p2b: Lurantis|53\/100|[from] item: Leftovers\n|upkeep\n|turn|8\n|\n|t:|1697591079\n|move|p1a: Ogerpon|Ivy Cudgel|p2b: Lurantis\n|-resisted|p2b: Lurantis\n|-crit|p2b: Lurantis\n|-damage|p2b: Lurantis|0 fnt\n|faint|p2b: Lurantis\n|\n|win|nobodyhatesthis\n|raw|nobodyhatesthis's rating: 1087 &rarr; <strong>1108<\/strong><br \/>(+21 for winning)\n|raw|SXD2002's rating: 1009 &rarr; <strong>1000<\/strong><br \/>(-9 for losing)\n|l|\u2606SXD2002\n|c|\u2606nobodyhatesthis|this works too well\n","uploadtime":1697591093,"views":19,"p1id":"nobodyhatesthis","p2id":"sxd2002","formatid":"gen9doublesou","rating":1000,"private":0,"password":""}