{"id":"gen9doublesou-1997295910","p1":"CheekClapper1233","p2":"Kronos645","format":"[Gen 9] Doubles OU","log":"|j|\u2606CheekClapper1233\n|j|\u2606Kronos645\n|t:|1700785968\n|gametype|doubles\n|player|p1|CheekClapper1233|hiker-gen4|1034\n|player|p2|Kronos645|2|1111\n|teamsize|p1|6\n|teamsize|p2|6\n|gen|9\n|tier|[Gen 9] Doubles OU\n|rated|\n|rule|Species Clause: Limit one of each Pok\u00e9mon\n|rule|OHKO Clause: OHKO moves are banned\n|rule|Evasion Moves Clause: Evasion moves are banned\n|rule|Gravity Sleep Clause: The combination of sleep-inducing moves with imperfect accuracy and Gravity or Gigantamax Orbeetle are banned\n|rule|Endless Battle Clause: Forcing endless battles is banned\n|rule|HP Percentage Mod: HP is shown in percentages\n|clearpoke\n|poke|p1|Thundurus, M|\n|poke|p1|Palafin, M|\n|poke|p1|Diancie|\n|poke|p1|Snorlax, F|\n|poke|p1|Amoonguss, F|\n|poke|p1|Indeedee-F, F|\n|poke|p2|Oricorio-Sensu, F|\n|poke|p2|Walking Wake|\n|poke|p2|Volcarona, F|\n|poke|p2|Lilligant-Hisui, F|\n|poke|p2|Ninetales, F|\n|poke|p2|Arboliva, F|\n|teampreview\n|\n|t:|1700785971\n|start\n|switch|p1a: Ah Too Easy|Palafin, M, shiny|100\/100\n|switch|p1b: Creselia|Diancie, shiny|100\/100\n|switch|p2a: Oricorio|Oricorio-Sensu, F|100\/100\n|switch|p2b: Volcarona|Volcarona, F|100\/100\n|turn|1\n|\n|t:|1700785993\n|move|p1a: Ah Too Easy|Flip Turn|p2b: Volcarona\n|-supereffective|p2b: Volcarona\n|-damage|p2b: Volcarona|46\/100\n|-status|p1a: Ah Too Easy|brn|[from] ability: Flame Body|[of] p2b: Volcarona\n|\n|t:|1700786000\n|detailschange|p1a: Ah Too Easy|Palafin-Hero, M, shiny\n|switch|p1a: Jokester|Thundurus, M|100\/100|[from] Flip Turn\n|move|p2b: Volcarona|Quiver Dance|p2b: Volcarona\n|-boost|p2b: Volcarona|spa|1\n|-boost|p2b: Volcarona|spd|1\n|-boost|p2b: Volcarona|spe|1\n|-activate|p2a: Oricorio|ability: Dancer\n|move|p2a: Oricorio|Quiver Dance|p2a: Oricorio|[from]ability: Dancer\n|-boost|p2a: Oricorio|spa|1\n|-boost|p2a: Oricorio|spd|1\n|-boost|p2a: Oricorio|spe|1\n|move|p2a: Oricorio|Icy Wind|p1a: Jokester|[spread] p1a,p1b\n|-supereffective|p1a: Jokester\n|-crit|p1a: Jokester\n|-damage|p1a: Jokester|42\/100\n|-damage|p1b: Creselia|90\/100\n|-unboost|p1a: Jokester|spe|1\n|move|p1b: Creselia|Diamond Storm|p2a: Oricorio|[spread] p2a,p2b\n|-supereffective|p2a: Oricorio\n|-supereffective|p2b: Volcarona\n|-damage|p2a: Oricorio|47\/100\n|-damage|p2b: Volcarona|0 fnt\n|-enditem|p2a: Oricorio|Sitrus Berry|[eat]\n|-heal|p2a: Oricorio|72\/100|[from] item: Sitrus Berry\n|faint|p2b: Volcarona\n|\n|upkeep\n|\n|t:|1700786024\n|switch|p2b: Arboliva|Arboliva, F|100\/100\n|turn|2\n|\n|t:|1700786035\n|move|p2a: Oricorio|Protect|p2a: Oricorio\n|-singleturn|p2a: Oricorio|Protect\n|move|p1a: Jokester|Dark Pulse|p2a: Oricorio\n|-activate|p2a: Oricorio|move: Protect\n|move|p1b: Creselia|Diamond Storm|p2b: Arboliva|[spread] p2b\n|-activate|p2a: Oricorio|move: Protect\n|-damage|p2b: Arboliva|68\/100\n|-fieldstart|move: Grassy Terrain|[from] ability: Seed Sower|[of] p2b: Arboliva\n|move|p2b: Arboliva|Petal Dance|p1b: Creselia\n|-supereffective|p1b: Creselia\n|-damage|p1b: Creselia|0 fnt\n|faint|p1b: Creselia\n|-activate|p2a: Oricorio|ability: Dancer\n|move|p2a: Oricorio|Petal Dance|p1a: Jokester|[from]ability: Dancer\n|-resisted|p1a: Jokester\n|-damage|p1a: Jokester|16\/100\n|\n|-heal|p2b: Arboliva|75\/100|[from] Grassy Terrain\n|upkeep\n|\n|t:|1700786069\n|switch|p1b: Purple Audino|Indeedee-F, F, shiny|100\/100\n|turn|3\n|\n|t:|1700786096\n|move|p1b: Purple Audino|Fake Out|p2b: Arboliva\n|-damage|p2b: Arboliva|66\/100\n|move|p2a: Oricorio|Roost|p2a: Oricorio\n|-heal|p2a: Oricorio|100\/100\n|-singleturn|p2a: Oricorio|move: Roost\n|move|p1a: Jokester|Volt Switch|p2a: Oricorio\n|-damage|p2a: Oricorio|67\/100\n|\n|t:|1700786114\n|switch|p1a: Ah Too Easy|Palafin-Hero, M, shiny|100\/100 brn|[from] Volt Switch\n|-activate|p1a: Ah Too Easy|ability: Zero to Hero\n|cant|p2b: Arboliva|flinch\n|\n|-heal|p2a: Oricorio|73\/100|[from] Grassy Terrain\n|-heal|p2b: Arboliva|72\/100|[from] Grassy Terrain\n|-damage|p1a: Ah Too Easy|94\/100 brn|[from] brn\n|-start|p2b: Arboliva|confusion|[fatigue]\n|upkeep\n|turn|4\n|\n|t:|1700786131\n|move|p1b: Purple Audino|Follow Me|p1b: Purple Audino\n|-singleturn|p1b: Purple Audino|move: Follow Me\n|move|p2a: Oricorio|Icy Wind|p1a: Ah Too Easy|[spread] p1a\n|-miss|p2a: Oricorio|p1b: Purple Audino\n|-resisted|p1a: Ah Too Easy\n|-damage|p1a: Ah Too Easy|86\/100 brn\n|-unboost|p1a: Ah Too Easy|spe|1\n|move|p1a: Ah Too Easy|Acrobatics|p2b: Arboliva\n|-supereffective|p2b: Arboliva\n|-damage|p2b: Arboliva|22\/100\n|-activate|p2b: Arboliva|confusion\n|move|p2b: Arboliva|Petal Dance|p1b: Purple Audino\n|-damage|p1b: Purple Audino|31\/100\n|-activate|p2a: Oricorio|ability: Dancer\n|move|p2a: Oricorio|Petal Dance|p1b: Purple Audino|[from]ability: Dancer\n|-damage|p1b: Purple Audino|0 fnt\n|faint|p1b: Purple Audino\n|\n|-heal|p1a: Ah Too Easy|92\/100 brn|[from] Grassy Terrain\n|-heal|p2b: Arboliva|28\/100|[from] Grassy Terrain\n|-damage|p1a: Ah Too Easy|86\/100 brn|[from] brn\n|upkeep\n|\n|t:|1700786160\n|switch|p1b: Mama Bear|Snorlax, F, shiny|100\/100\n|turn|5\n|\n|t:|1700786174\n|move|p2a: Oricorio|Revelation Dance|p1a: Ah Too Easy\n|-damage|p1a: Ah Too Easy|31\/100 brn\n|move|p1a: Ah Too Easy|Acrobatics|p2b: Arboliva\n|-supereffective|p2b: Arboliva\n|-damage|p2b: Arboliva|0 fnt\n|faint|p2b: Arboliva\n|move|p1b: Mama Bear|Stockpile|p1b: Mama Bear\n|-start|p1b: Mama Bear|stockpile1\n|-boost|p1b: Mama Bear|def|1\n|-boost|p1b: Mama Bear|spd|1\n|\n|-heal|p1a: Ah Too Easy|37\/100 brn|[from] Grassy Terrain\n|-damage|p1a: Ah Too Easy|31\/100 brn|[from] brn\n|upkeep\n|\n|t:|1700786189\n|switch|p2b: Ninetales|Ninetales, F|100\/100\n|-weather|SunnyDay|[from] ability: Drought|[of] p2b: Ninetales\n|turn|6\n|\n|t:|1700786206\n|move|p2a: Oricorio|Revelation Dance|p1a: Ah Too Easy\n|-damage|p1a: Ah Too Easy|0 fnt\n|faint|p1a: Ah Too Easy\n|move|p2b: Ninetales|Nasty Plot|p2b: Ninetales\n|-boost|p2b: Ninetales|spa|2\n|move|p1b: Mama Bear|Earthquake|p2b: Ninetales|[spread] p2b\n|-immune|p2a: Oricorio\n|-supereffective|p2b: Ninetales\n|-damage|p2b: Ninetales|75\/100\n|\n|-weather|SunnyDay|[upkeep]\n|-heal|p2b: Ninetales|81\/100|[from] Grassy Terrain\n|-fieldend|move: Grassy Terrain\n|upkeep\n|\n|t:|1700786222\n|switch|p1a: Jokester|Thundurus, M|16\/100\n|turn|7\n|\n|t:|1700786238\n|move|p2a: Oricorio|Protect|p2a: Oricorio\n|-singleturn|p2a: Oricorio|Protect\n|move|p2b: Ninetales|Flamethrower|p1a: Jokester\n|-damage|p1a: Jokester|0 fnt\n|faint|p1a: Jokester\n|move|p1b: Mama Bear|Earthquake|p2a: Oricorio|[spread] p2b\n|-activate|p2a: Oricorio|move: Protect\n|-supereffective|p2b: Ninetales\n|-damage|p2b: Ninetales|29\/100\n|\n|-weather|SunnyDay|[upkeep]\n|upkeep\n|\n|t:|1700786251\n|switch|p1a: Pokeball|Amoonguss, F|100\/100\n|turn|8\n|\n|t:|1700786260\n|move|p1a: Pokeball|Protect|p1a: Pokeball\n|-singleturn|p1a: Pokeball|Protect\n|move|p2a: Oricorio|Icy Wind|p1b: Mama Bear|[spread] p1b\n|-activate|p1a: Pokeball|move: Protect\n|-damage|p1b: Mama Bear|98\/100\n|-unboost|p1b: Mama Bear|spe|1\n|move|p2b: Ninetales|Flamethrower|p1a: Pokeball\n|-activate|p1a: Pokeball|move: Protect\n|move|p1b: Mama Bear|Earthquake|p2b: Ninetales|[spread] p2b\n|-activate|p1a: Pokeball|move: Protect\n|-immune|p2a: Oricorio\n|-supereffective|p2b: Ninetales\n|-damage|p2b: Ninetales|0 fnt\n|faint|p2b: Ninetales\n|\n|-weather|SunnyDay|[upkeep]\n|-heal|p1b: Mama Bear|100\/100|[from] item: Leftovers\n|upkeep\n|\n|t:|1700786271\n|switch|p2b: Lilligant|Lilligant-Hisui, F|100\/100\n|turn|9\n|\n|t:|1700786298\n|move|p2b: Lilligant|Close Combat|p1b: Mama Bear\n|-supereffective|p1b: Mama Bear\n|-damage|p1b: Mama Bear|21\/100\n|-unboost|p2b: Lilligant|def|1\n|-unboost|p2b: Lilligant|spd|1\n|move|p2a: Oricorio|Icy Wind|p1b: Mama Bear|[spread] p1a,p1b\n|-supereffective|p1a: Pokeball\n|-crit|p1b: Mama Bear\n|-damage|p1a: Pokeball|74\/100\n|-damage|p1b: Mama Bear|17\/100\n|-unboost|p1a: Pokeball|spe|1\n|-unboost|p1b: Mama Bear|spe|1\n|move|p1a: Pokeball|Spore|p2b: Lilligant\n|-immune|p2b: Lilligant\n|move|p1b: Mama Bear|Stockpile|p1b: Mama Bear\n|-start|p1b: Mama Bear|stockpile2\n|-boost|p1b: Mama Bear|def|1\n|-boost|p1b: Mama Bear|spd|1\n|\n|-weather|SunnyDay|[upkeep]\n|-heal|p1b: Mama Bear|23\/100|[from] item: Leftovers\n|upkeep\n|turn|10\n|\n|t:|1700786323\n|-terastallize|p1b: Mama Bear|Ghost\n|move|p1a: Pokeball|Protect|p1a: Pokeball\n|-singleturn|p1a: Pokeball|Protect\n|move|p2b: Lilligant|Close Combat|p1b: Mama Bear\n|-immune|p1b: Mama Bear\n|move|p2a: Oricorio|Revelation Dance|p1a: Pokeball\n|-activate|p1a: Pokeball|move: Protect\n|move|p1b: Mama Bear|Rest|p1b: Mama Bear\n|-status|p1b: Mama Bear|slp|[from] move: Rest\n|-heal|p1b: Mama Bear|100\/100 slp|[silent]\n|\n|-weather|SunnyDay|[upkeep]\n|upkeep\n|turn|11\n|\n|t:|1700786350\n|move|p2b: Lilligant|Victory Dance|p2b: Lilligant\n|-boost|p2b: Lilligant|atk|1\n|-boost|p2b: Lilligant|def|1\n|-boost|p2b: Lilligant|spe|1\n|-activate|p2a: Oricorio|ability: Dancer\n|move|p2a: Oricorio|Victory Dance|p2a: Oricorio|[from]ability: Dancer\n|-boost|p2a: Oricorio|atk|1\n|-boost|p2a: Oricorio|def|1\n|-boost|p2a: Oricorio|spe|1\n|move|p2a: Oricorio|Revelation Dance|p1b: Mama Bear\n|-supereffective|p1b: Mama Bear\n|-damage|p1b: Mama Bear|81\/100 slp\n|move|p1a: Pokeball|Toxic|p2a: Oricorio\n|-status|p2a: Oricorio|tox\n|cant|p1b: Mama Bear|slp\n|\n|-weather|SunnyDay|[upkeep]\n|-heal|p1b: Mama Bear|87\/100 slp|[from] item: Leftovers\n|-damage|p2a: Oricorio|67\/100 tox|[from] psn\n|upkeep\n|turn|12\n|\n|t:|1700786389\n|-terastallize|p2b: Lilligant|Grass\n|move|p2b: Lilligant|Solar Blade||[still]\n|-prepare|p2b: Lilligant|Solar Blade\n|-anim|p2b: Lilligant|Solar Blade|p1b: Mama Bear\n|-damage|p1b: Mama Bear|28\/100 slp\n|move|p2a: Oricorio|Icy Wind|p1a: Pokeball|[spread] p1a,p1b\n|-supereffective|p1a: Pokeball\n|-damage|p1a: Pokeball|50\/100\n|-damage|p1b: Mama Bear|26\/100 slp\n|-unboost|p1a: Pokeball|spe|1\n|-unboost|p1b: Mama Bear|spe|1\n|move|p1a: Pokeball|Clear Smog|p2a: Oricorio\n|-resisted|p2a: Oricorio\n|-damage|p2a: Oricorio|60\/100 tox\n|-clearboost|p2a: Oricorio\n|cant|p1b: Mama Bear|slp\n|\n|-weather|SunnyDay|[upkeep]\n|-heal|p1b: Mama Bear|32\/100 slp|[from] item: Leftovers\n|-damage|p2a: Oricorio|48\/100 tox|[from] psn\n|upkeep\n|turn|13\n|\n|t:|1700786415\n|switch|p2a: Walking Wake|Walking Wake|100\/100\n|-activate|p2a: Walking Wake|ability: Protosynthesis\n|-start|p2a: Walking Wake|protosynthesisspa\n|move|p1a: Pokeball|Protect|p1a: Pokeball\n|-singleturn|p1a: Pokeball|Protect\n|move|p2b: Lilligant|Solar Blade||[still]\n|-prepare|p2b: Lilligant|Solar Blade\n|-anim|p2b: Lilligant|Solar Blade|p1b: Mama Bear\n|-damage|p1b: Mama Bear|0 fnt\n|faint|p1b: Mama Bear\n|\n|-weather|none\n|-end|p2a: Walking Wake|Protosynthesis\n|upkeep\n|turn|14\n|\n|t:|1700786438\n|move|p2b: Lilligant|Close Combat|p1a: Pokeball\n|-resisted|p1a: Pokeball\n|-damage|p1a: Pokeball|19\/100\n|-unboost|p2b: Lilligant|def|1\n|-unboost|p2b: Lilligant|spd|1\n|move|p2a: Walking Wake|Flamethrower|p1a: Pokeball\n|-supereffective|p1a: Pokeball\n|-damage|p1a: Pokeball|0 fnt\n|faint|p1a: Pokeball\n|-damage|p2a: Walking Wake|91\/100|[from] item: Life Orb\n|\n|win|Kronos645\n|raw|CheekClapper1233's rating: 1034 &rarr; <strong>1022<\/strong><br \/>(-12 for losing)\n|raw|Kronos645's rating: 1111 &rarr; <strong>1131<\/strong><br \/>(+20 for winning)\n|l|\u2606CheekClapper1233\n|l|\u2606Kronos645\n|j|\u2606Kronos645\n|player|p2|Kronos645|2\n|l|\u2606Kronos645\n|player|p2|\n|j|\u2606Kronos645\n|player|p2|Kronos645|2\n","uploadtime":1700786462,"views":10,"p1id":"cheekclapper1233","p2id":"kronos645","formatid":"gen9doublesou","rating":1022,"private":0,"password":""}