{"id":"gen9doublesou-1984230464","p1":"flame100001","p2":"Critian Caceorte","format":"[Gen 9] Doubles OU","log":"|j|\u2606flame100001\n|j|\u2606Critian Caceorte\n|t:|1699232812\n|gametype|doubles\n|player|p1|flame100001|pokemaniac|1080\n|player|p2|Critian Caceorte|hilda|1042\n|teamsize|p1|6\n|teamsize|p2|6\n|gen|9\n|tier|[Gen 9] Doubles OU\n|rated|\n|rule|Species Clause: Limit one of each Pok\u00e9mon\n|rule|OHKO Clause: OHKO moves are banned\n|rule|Evasion Moves Clause: Evasion moves are banned\n|rule|Gravity Sleep Clause: The combination of sleep-inducing moves with imperfect accuracy and Gravity or Gigantamax Orbeetle are banned\n|rule|Endless Battle Clause: Forcing endless battles is banned\n|rule|HP Percentage Mod: HP is shown in percentages\n|clearpoke\n|poke|p1|Lurantis, M|\n|poke|p1|Sneasler, F|\n|poke|p1|Ceruledge, F|\n|poke|p1|Dunsparce, F|\n|poke|p1|Blissey, F|\n|poke|p1|Sinistcha-Masterpiece|\n|poke|p2|Indeedee-F, F|\n|poke|p2|Armarouge, M|\n|poke|p2|Gallade, M|\n|poke|p2|Espathra, M|\n|poke|p2|Oranguru, F|\n|poke|p2|Farigiraf, M|\n|teampreview\n|\n|t:|1699232823\n|start\n|switch|p1a: Ceruledge|Ceruledge, F|100\/100\n|switch|p1b: Sneasler|Sneasler, F|100\/100\n|switch|p2a: Gallade|Gallade, M|100\/100\n|switch|p2b: Farigiraf|Farigiraf, M|100\/100\n|turn|1\n|\n|t:|1699232840\n|-terastallize|p2a: Gallade|Fighting\n|move|p1b: Sneasler|Fake Out|p2a: Gallade\n|-damage|p2a: Gallade|69\/100\n|-status|p2a: Gallade|psn|[from] ability: Poison Touch|[of] p1b: Sneasler\n|-damage|p1b: Sneasler|91\/100|[from] item: Life Orb\n|cant|p2a: Gallade|flinch\n|move|p1a: Ceruledge|Night Slash|p2b: Farigiraf\n|-supereffective|p2b: Farigiraf\n|-damage|p2b: Farigiraf|50\/100\n|move|p2b: Farigiraf|Beat Up|p2a: Gallade\n|-resisted|p2a: Gallade\n|-crit|p2a: Gallade\n|-damage|p2a: Gallade|65\/100 psn\n|-ability|p2a: Gallade|Justified|boost\n|-boost|p2a: Gallade|atk|1\n|-enditem|p1a: Ceruledge|Mirror Herb\n|-boost|p1a: Ceruledge|atk|1|[from] item: Mirror Herb\n|-resisted|p2a: Gallade\n|-damage|p2a: Gallade|64\/100 psn\n|-ability|p2a: Gallade|Justified|boost\n|-boost|p2a: Gallade|atk|1\n|-resisted|p2a: Gallade\n|-damage|p2a: Gallade|62\/100 psn\n|-ability|p2a: Gallade|Justified|boost\n|-boost|p2a: Gallade|atk|1\n|-resisted|p2a: Gallade\n|-crit|p2a: Gallade\n|-damage|p2a: Gallade|59\/100 psn\n|-ability|p2a: Gallade|Justified|boost\n|-boost|p2a: Gallade|atk|1\n|-resisted|p2a: Gallade\n|-damage|p2a: Gallade|57\/100 psn\n|-ability|p2a: Gallade|Justified|boost\n|-boost|p2a: Gallade|atk|1\n|-hitcount|p2a: Gallade|5\n|\n|-damage|p2a: Gallade|45\/100 psn|[from] psn\n|upkeep\n|turn|2\n|\n|t:|1699232878\n|move|p2a: Gallade|Aqua Cutter|p1a: Ceruledge\n|-supereffective|p1a: Ceruledge\n|-damage|p1a: Ceruledge|0 fnt\n|faint|p1a: Ceruledge\n|move|p1b: Sneasler|Dire Claw|p2b: Farigiraf\n|-damage|p2b: Farigiraf|0 fnt\n|faint|p2b: Farigiraf\n|-damage|p1b: Sneasler|81\/100|[from] item: Life Orb\n|\n|-damage|p2a: Gallade|33\/100 psn|[from] psn\n|upkeep\n|\n|t:|1699232890\n|switch|p1a: Lurantis|Lurantis, M|100\/100\n|switch|p2b: Indeedee|Indeedee-F, F|100\/100\n|-fieldstart|move: Psychic Terrain|[from] ability: Psychic Surge|[of] p2b: Indeedee\n|turn|3\n|\n|t:|1699232906\n|move|p2b: Indeedee|Follow Me|p2b: Indeedee\n|-singleturn|p2b: Indeedee|move: Follow Me\n|move|p2a: Gallade|Aqua Cutter|p1b: Sneasler\n|-damage|p1b: Sneasler|0 fnt\n|faint|p1b: Sneasler\n|move|p1a: Lurantis|Superpower|p2b: Indeedee\n|-damage|p2b: Indeedee|47\/100\n|-boost|p1a: Lurantis|atk|1\n|-boost|p1a: Lurantis|def|1\n|\n|-damage|p2a: Gallade|20\/100 psn|[from] psn\n|upkeep\n|\n|t:|1699232917\n|switch|p1b: Dunsparce|Dunsparce, F|100\/100\n|turn|4\n|\n|t:|1699232928\n|move|p2b: Indeedee|Follow Me|p2b: Indeedee\n|-singleturn|p2b: Indeedee|move: Follow Me\n|move|p2a: Gallade|Aqua Cutter|p1a: Lurantis\n|-resisted|p1a: Lurantis\n|-crit|p1a: Lurantis\n|-damage|p1a: Lurantis|39\/100\n|move|p1b: Dunsparce|Glare|p2b: Indeedee\n|-status|p2b: Indeedee|par\n|move|p1a: Lurantis|Superpower|p2b: Indeedee\n|-crit|p2b: Indeedee\n|-damage|p2b: Indeedee|0 fnt\n|-boost|p1a: Lurantis|atk|1\n|-boost|p1a: Lurantis|def|1\n|faint|p2b: Indeedee\n|\n|-damage|p2a: Gallade|8\/100 psn|[from] psn\n|upkeep\n|\n|t:|1699232942\n|switch|p2b: Armarouge|Armarouge, M|100\/100\n|turn|5\n|\n|t:|1699232958\n|-terastallize|p1a: Lurantis|Water\n|move|p2a: Gallade|Aqua Cutter|p1a: Lurantis\n|-resisted|p1a: Lurantis\n|-damage|p1a: Lurantis|14\/100\n|move|p2b: Armarouge|Heat Wave|p1b: Dunsparce|[spread] p1a,p1b\n|-resisted|p1a: Lurantis\n|-damage|p1a: Lurantis|0 fnt\n|-damage|p1b: Dunsparce|66\/100\n|faint|p1a: Lurantis\n|move|p1b: Dunsparce|Glare|p2b: Armarouge\n|-status|p2b: Armarouge|par\n|\n|-damage|p2a: Gallade|0 fnt|[from] psn\n|faint|p2a: Gallade\n|upkeep\n|\n|t:|1699232972\n|switch|p2a: Espathra|Espathra, M|100\/100\n|switch|p1a: Sinistcha|Sinistcha-Masterpiece|100\/100\n|-heal|p1b: Dunsparce|91\/100|[from] ability: Hospitality|[of] p1a: Sinistcha\n|turn|6\n|\n|t:|1699232990\n|move|p2a: Espathra|Calm Mind|p2a: Espathra\n|-boost|p2a: Espathra|spa|1\n|-boost|p2a: Espathra|spd|1\n|move|p1a: Sinistcha|Shadow Ball|p2b: Armarouge\n|-supereffective|p2b: Armarouge\n|-enditem|p2b: Armarouge|Focus Sash\n|-damage|p2b: Armarouge|1\/100 par\n|move|p1b: Dunsparce|Glare|p2a: Espathra\n|-status|p2a: Espathra|par\n|move|p2b: Armarouge|Armor Cannon|p1a: Sinistcha\n|-supereffective|p1a: Sinistcha\n|-enditem|p1a: Sinistcha|Focus Sash\n|-damage|p1a: Sinistcha|1\/100\n|-unboost|p2b: Armarouge|def|1\n|-unboost|p2b: Armarouge|spd|1\n|\n|-ability|p2a: Espathra|Speed Boost|boost\n|-boost|p2a: Espathra|spe|1\n|upkeep\n|turn|7\n|\n|t:|1699233024\n|move|p2a: Espathra|Protect|p2a: Espathra\n|-singleturn|p2a: Espathra|Protect\n|move|p1a: Sinistcha|Matcha Gotcha|p2a: Espathra|[spread] p2b\n|-activate|p2a: Espathra|move: Protect\n|-resisted|p2b: Armarouge\n|-damage|p2b: Armarouge|0 fnt\n|-heal|p1a: Sinistcha|1\/100|[from] drain|[of] p2b: Armarouge\n|faint|p2b: Armarouge\n|move|p1b: Dunsparce|Rock Slide|p2a: Espathra\n|-activate|p2a: Espathra|move: Protect\n|\n|-fieldend|move: Psychic Terrain\n|-ability|p2a: Espathra|Speed Boost|boost\n|-boost|p2a: Espathra|spe|1\n|upkeep\n|\n|t:|1699233036\n|switch|p2b: Oranguru|Oranguru, F|100\/100\n|turn|8\n|\n|t:|1699233050\n|move|p2a: Espathra|Stored Power|p1a: Sinistcha\n|-damage|p1a: Sinistcha|0 fnt\n|faint|p1a: Sinistcha\n|move|p2b: Oranguru|Taunt|p1b: Dunsparce\n|-start|p1b: Dunsparce|move: Taunt\n|cant|p1b: Dunsparce|move: Taunt|Glare\n|\n|-ability|p2a: Espathra|Speed Boost|boost\n|-boost|p2a: Espathra|spe|1\n|upkeep\n|\n|t:|1699233059\n|switch|p1a: Blissey|Blissey, F|100\/100\n|turn|9\n|\n|t:|1699233072\n|cant|p2a: Espathra|par\n|move|p1a: Blissey|Dazzling Gleam|p2a: Espathra|[spread] p2a,p2b\n|-damage|p2a: Espathra|84\/100 par\n|-damage|p2b: Oranguru|90\/100\n|move|p2b: Oranguru|Taunt|p1a: Blissey\n|-start|p1a: Blissey|move: Taunt\n|move|p1b: Dunsparce|Headbutt|p2b: Oranguru\n|-damage|p2b: Oranguru|71\/100\n|\n|-heal|p2a: Espathra|90\/100 par|[from] item: Leftovers\n|-ability|p2a: Espathra|Speed Boost|boost\n|-boost|p2a: Espathra|spe|1\n|upkeep\n|turn|10\n|\n|t:|1699233097\n|move|p2a: Espathra|Stored Power|p1b: Dunsparce\n|-damage|p1b: Dunsparce|3\/100\n|move|p1a: Blissey|Chilling Water|p2b: Oranguru\n|-damage|p2b: Oranguru|63\/100\n|-unboost|p2b: Oranguru|atk|1\n|move|p2b: Oranguru|Chilling Water|p1b: Dunsparce\n|-damage|p1b: Dunsparce|0 fnt\n|faint|p1b: Dunsparce\n|-damage|p2b: Oranguru|53\/100|[from] item: Life Orb\n|\n|-heal|p2a: Espathra|96\/100 par|[from] item: Leftovers\n|-ability|p2a: Espathra|Speed Boost|boost\n|-boost|p2a: Espathra|spe|1\n|upkeep\n|turn|11\n|\n|t:|1699233119\n|move|p2a: Espathra|Calm Mind|p2a: Espathra\n|-boost|p2a: Espathra|spa|1\n|-boost|p2a: Espathra|spd|1\n|move|p1a: Blissey|Chilling Water|p2a: Espathra\n|-damage|p2a: Espathra|85\/100 par\n|-unboost|p2a: Espathra|atk|1\n|move|p2b: Oranguru|Chilling Water|p1a: Blissey\n|-damage|p1a: Blissey|96\/100\n|-unboost|p1a: Blissey|atk|1\n|-damage|p2b: Oranguru|43\/100|[from] item: Life Orb\n|\n|-heal|p2a: Espathra|91\/100 par|[from] item: Leftovers\n|-ability|p2a: Espathra|Speed Boost|boost\n|-boost|p2a: Espathra|spe|1\n|upkeep\n|turn|12\n|\n|t:|1699233138\n|move|p2a: Espathra|Stored Power|p1a: Blissey\n|-damage|p1a: Blissey|24\/100\n|move|p1a: Blissey|Chilling Water|p2a: Espathra\n|-damage|p2a: Espathra|82\/100 par\n|-unboost|p2a: Espathra|atk|1\n|move|p2b: Oranguru|Encore|p1a: Blissey\n|-start|p1a: Blissey|Encore\n|\n|-heal|p2a: Espathra|88\/100 par|[from] item: Leftovers\n|-end|p1a: Blissey|move: Taunt\n|upkeep\n|turn|13\n|\n|t:|1699233151\n|cant|p2a: Espathra|par\n|move|p1a: Blissey|Chilling Water|p2a: Espathra\n|-damage|p2a: Espathra|77\/100 par\n|-unboost|p2a: Espathra|atk|1\n|move|p2b: Oranguru|Chilling Water|p1a: Blissey\n|-damage|p1a: Blissey|19\/100\n|-unboost|p1a: Blissey|atk|1\n|-damage|p2b: Oranguru|34\/100|[from] item: Life Orb\n|\n|-heal|p2a: Espathra|83\/100 par|[from] item: Leftovers\n|upkeep\n|turn|14\n|\n|t:|1699233165\n|move|p2a: Espathra|Stored Power|p1a: Blissey\n|-damage|p1a: Blissey|0 fnt\n|faint|p1a: Blissey\n|\n|win|Critian Caceorte\n|raw|flame100001's rating: 1080 &rarr; <strong>1056<\/strong><br \/>(-24 for losing)\n|raw|Critian Caceorte's rating: 1042 &rarr; <strong>1079<\/strong><br \/>(+37 for winning)\n|c|\u2606Critian Caceorte|gg\n|c|\u2606flame100001|gg\n","uploadtime":1699233175,"views":8,"p1id":"flame100001","p2id":"critiancaceorte","formatid":"gen9doublesou","rating":1056,"private":0,"password":""}