{"id":"gen9doublesou-1981734670","p1":"Mongoose556","p2":"ArtictresUser","format":"[Gen 9] Doubles OU","log":"|j|\u2606Mongoose556\n|j|\u2606ArtictresUser\n|t:|1698937579\n|gametype|doubles\n|player|p1|Mongoose556|may|1085\n|player|p2|ArtictresUser|larry|1129\n|teamsize|p1|6\n|teamsize|p2|6\n|gen|9\n|tier|[Gen 9] Doubles OU\n|rated|\n|rule|Species Clause: Limit one of each Pok\u00e9mon\n|rule|OHKO Clause: OHKO moves are banned\n|rule|Evasion Moves Clause: Evasion moves are banned\n|rule|Gravity Sleep Clause: The combination of sleep-inducing moves with imperfect accuracy and Gravity or Gigantamax Orbeetle are banned\n|rule|Endless Battle Clause: Forcing endless battles is banned\n|rule|HP Percentage Mod: HP is shown in percentages\n|clearpoke\n|poke|p1|Chandelure, M|\n|poke|p1|Polteageist|\n|poke|p1|Gengar, F|\n|poke|p1|Sableye, M|\n|poke|p1|Trevenant, F|\n|poke|p1|Oricorio-Sensu, F|\n|poke|p2|Gastrodon, M|\n|poke|p2|Ursaluna-Bloodmoon, M|\n|poke|p2|Kommo-o, M|\n|poke|p2|Flutter Mane|\n|poke|p2|Roaring Moon|\n|poke|p2|Fezandipiti, M|\n|teampreview\n|inactive|Battle timer is ON: inactive players will automatically lose when time's up. (requested by ArtictresUser)\n|\n|t:|1698937594\n|start\n|switch|p1a: Trog|Sableye, M|100\/100\n|switch|p1b: Blaze Brewer|Chandelure, M, shiny|100\/100\n|switch|p2a: Roaring Moon|Roaring Moon|100\/100\n|switch|p2b: Fezandipiti|Fezandipiti, M|100\/100\n|-enditem|p2a: Roaring Moon|Booster Energy\n|-activate|p2a: Roaring Moon|ability: Protosynthesis|[fromitem]\n|-start|p2a: Roaring Moon|protosynthesisspe\n|turn|1\n|\n|t:|1698937606\n|move|p1a: Trog|Reflect|p1a: Trog\n|-sidestart|p1: Mongoose556|Reflect\n|move|p2a: Roaring Moon|Tailwind|p2a: Roaring Moon\n|-sidestart|p2: ArtictresUser|move: Tailwind\n|move|p2b: Fezandipiti|Icy Wind|p1a: Trog|[spread] p1a\n|-miss|p2b: Fezandipiti|p1b: Blaze Brewer\n|-damage|p1a: Trog|87\/100\n|-unboost|p1a: Trog|spe|1\n|move|p1b: Blaze Brewer|Flamethrower|p2a: Roaring Moon\n|-resisted|p2a: Roaring Moon\n|-damage|p2a: Roaring Moon|78\/100\n|\n|upkeep\n|turn|2\n|\n|t:|1698937619\n|move|p2a: Roaring Moon|Acrobatics|p1a: Trog\n|-damage|p1a: Trog|53\/100\n|move|p2b: Fezandipiti|Acid Spray|p1b: Blaze Brewer\n|-resisted|p1b: Blaze Brewer\n|-damage|p1b: Blaze Brewer|89\/100\n|-unboost|p1b: Blaze Brewer|spd|2\n|move|p1b: Blaze Brewer|Flamethrower|p2a: Roaring Moon\n|-resisted|p2a: Roaring Moon\n|-damage|p2a: Roaring Moon|55\/100\n|move|p1a: Trog|Lash Out|p2a: Roaring Moon\n|-resisted|p2a: Roaring Moon\n|-damage|p2a: Roaring Moon|42\/100\n|\n|upkeep\n|turn|3\n|\n|t:|1698937634\n|move|p2a: Roaring Moon|Acrobatics|p1a: Trog\n|-damage|p1a: Trog|20\/100\n|move|p2b: Fezandipiti|Acid Spray|p1b: Blaze Brewer\n|-resisted|p1b: Blaze Brewer\n|-damage|p1b: Blaze Brewer|67\/100\n|-unboost|p1b: Blaze Brewer|spd|2\n|move|p1b: Blaze Brewer|Flamethrower|p2a: Roaring Moon\n|-resisted|p2a: Roaring Moon\n|-damage|p2a: Roaring Moon|19\/100\n|move|p1a: Trog|Lash Out|p2a: Roaring Moon\n|-resisted|p2a: Roaring Moon\n|-damage|p2a: Roaring Moon|5\/100\n|\n|upkeep\n|turn|4\n|\n|t:|1698937646\n|move|p1a: Trog|Light Screen|p1a: Trog\n|-sidestart|p1: Mongoose556|move: Light Screen\n|move|p2a: Roaring Moon|Acrobatics|p1a: Trog\n|-damage|p1a: Trog|0 fnt\n|faint|p1a: Trog\n|move|p2b: Fezandipiti|Acid Spray|p1b: Blaze Brewer\n|-resisted|p1b: Blaze Brewer\n|-damage|p1b: Blaze Brewer|46\/100\n|-unboost|p1b: Blaze Brewer|spd|2\n|move|p1b: Blaze Brewer|Flamethrower|p2a: Roaring Moon\n|-resisted|p2a: Roaring Moon\n|-damage|p2a: Roaring Moon|0 fnt\n|faint|p2a: Roaring Moon\n|-end|p2a: Roaring Moon|Protosynthesis|[silent]\n|\n|-sideend|p2: ArtictresUser|move: Tailwind\n|upkeep\n|\n|t:|1698937653\n|switch|p2a: Kommo-o|Kommo-o, M|100\/100\n|switch|p1a: Gengar|Gengar, F, shiny|100\/100\n|turn|5\n|\n|t:|1698937663\n|switch|p2a: Ursaluna|Ursaluna-Bloodmoon, M|100\/100\n|move|p1b: Blaze Brewer|Flamethrower|p2b: Fezandipiti\n|-damage|p2b: Fezandipiti|59\/100\n|move|p1a: Gengar|Dazzling Gleam|p2b: Fezandipiti|[spread] p2a,p2b\n|-resisted|p2b: Fezandipiti\n|-damage|p2a: Ursaluna|72\/100\n|-damage|p2b: Fezandipiti|51\/100\n|move|p2b: Fezandipiti|Icy Wind|p1a: Gengar|[spread] p1a,p1b\n|-resisted|p1b: Blaze Brewer\n|-crit|p1b: Blaze Brewer\n|-damage|p1a: Gengar|90\/100\n|-damage|p1b: Blaze Brewer|1\/100\n|-unboost|p1a: Gengar|spe|1\n|-unboost|p1b: Blaze Brewer|spe|1\n|-status|p1b: Blaze Brewer|tox|[from] ability: Toxic Chain|[of] p2b: Fezandipiti\n|\n|-heal|p2a: Ursaluna|78\/100|[from] item: Leftovers\n|-damage|p1b: Blaze Brewer|0 fnt|[from] psn\n|faint|p1b: Blaze Brewer\n|upkeep\n|\n|t:|1698937673\n|switch|p1b: Machine Ghost|Polteageist|100\/100\n|turn|6\n|\n|t:|1698937692\n|move|p2b: Fezandipiti|Icy Wind|p1b: Machine Ghost|[spread] p1a,p1b\n|-damage|p1a: Gengar|78\/100\n|-damage|p1b: Machine Ghost|94\/100\n|-unboost|p1a: Gengar|spe|1\n|-unboost|p1b: Machine Ghost|spe|1\n|-status|p1b: Machine Ghost|tox|[from] ability: Toxic Chain|[of] p2b: Fezandipiti\n|move|p2a: Ursaluna|Blood Moon|p1b: Machine Ghost\n|-damage|p1b: Machine Ghost|43\/100 tox\n|move|p1a: Gengar|Shadow Ball|p2b: Fezandipiti\n|-damage|p2b: Fezandipiti|19\/100\n|move|p1b: Machine Ghost|Giga Drain|p2a: Ursaluna\n|-supereffective|p2a: Ursaluna\n|-damage|p2a: Ursaluna|7\/100\n|-heal|p1b: Machine Ghost|84\/100 tox|[from] drain|[of] p2a: Ursaluna\n|\n|-heal|p2a: Ursaluna|13\/100|[from] item: Leftovers\n|-heal|p1b: Machine Ghost|90\/100 tox|[from] item: Leftovers\n|-damage|p1b: Machine Ghost|84\/100 tox|[from] psn\n|upkeep\n|turn|7\n|\n|t:|1698937711\n|move|p2b: Fezandipiti|Roost|p2b: Fezandipiti\n|-heal|p2b: Fezandipiti|69\/100\n|-singleturn|p2b: Fezandipiti|move: Roost\n|move|p2a: Ursaluna|Hyper Voice|p1a: Gengar|[spread] p1a,p1b\n|-damage|p1a: Gengar|37\/100\n|-damage|p1b: Machine Ghost|60\/100 tox\n|-start|p2a: Ursaluna|Disable|Hyper Voice|[from] ability: Cursed Body|[of] p1a: Gengar\n|move|p1a: Gengar|Dazzling Gleam|p2a: Ursaluna|[spread] p2a,p2b\n|-resisted|p2b: Fezandipiti\n|-damage|p2a: Ursaluna|0 fnt\n|-damage|p2b: Fezandipiti|61\/100\n|faint|p2a: Ursaluna\n|move|p1b: Machine Ghost|Psyshock|p2b: Fezandipiti\n|-supereffective|p2b: Fezandipiti\n|-damage|p2b: Fezandipiti|0 fnt\n|faint|p2b: Fezandipiti\n|\n|-heal|p1b: Machine Ghost|67\/100 tox|[from] item: Leftovers\n|-damage|p1b: Machine Ghost|54\/100 tox|[from] psn\n|upkeep\n|\n|t:|1698937728\n|switch|p2b: Flutter Mane|Flutter Mane|100\/100\n|switch|p2a: Gastrodon|Gastrodon, M, shiny|100\/100\n|-enditem|p2b: Flutter Mane|Booster Energy\n|-activate|p2b: Flutter Mane|ability: Protosynthesis|[fromitem]\n|-start|p2b: Flutter Mane|protosynthesisspe\n|turn|8\n|\n|t:|1698937735\n|move|p2a: Gastrodon|Protect|p2a: Gastrodon\n|-singleturn|p2a: Gastrodon|Protect\n|move|p2b: Flutter Mane|Shadow Ball|p1b: Machine Ghost\n|-supereffective|p1b: Machine Ghost\n|-damage|p1b: Machine Ghost|5\/100 tox\n|-unboost|p1b: Machine Ghost|spd|1\n|move|p1a: Gengar|Shadow Ball|p2b: Flutter Mane\n|-supereffective|p2b: Flutter Mane\n|-damage|p2b: Flutter Mane|27\/100\n|-unboost|p2b: Flutter Mane|spd|1\n|move|p1b: Machine Ghost|Giga Drain|p2a: Gastrodon\n|-activate|p2a: Gastrodon|move: Protect\n|\n|-heal|p1b: Machine Ghost|11\/100 tox|[from] item: Leftovers\n|-damage|p1b: Machine Ghost|0 fnt|[from] psn\n|faint|p1b: Machine Ghost\n|-sideend|p1: Mongoose556|Reflect\n|upkeep\n|\n|t:|1698937742\n|switch|p1b: Arboreater|Trevenant, F, shiny|100\/100\n|turn|9\n|\n|t:|1698937762\n|-terastallize|p2b: Flutter Mane|Fairy\n|move|p2b: Flutter Mane|Shadow Ball|p1b: Arboreater\n|-supereffective|p1b: Arboreater\n|-damage|p1b: Arboreater|49\/100\n|-enditem|p1b: Arboreater|Sitrus Berry|[eat]\n|-heal|p1b: Arboreater|74\/100|[from] item: Sitrus Berry\n|move|p1a: Gengar|Shadow Ball|p2b: Flutter Mane\n|-damage|p2b: Flutter Mane|0 fnt\n|faint|p2b: Flutter Mane\n|-end|p2b: Flutter Mane|Protosynthesis|[silent]\n|move|p1b: Arboreater|Horn Leech|p2a: Gastrodon\n|-supereffective|p2a: Gastrodon\n|-damage|p2a: Gastrodon|0 fnt\n|-heal|p1b: Arboreater|100\/100|[from] drain|[of] p2a: Gastrodon\n|faint|p2a: Gastrodon\n|\n|-item|p1b: Arboreater|Sitrus Berry|[from] ability: Harvest\n|upkeep\n|\n|t:|1698937775\n|switch|p2b: Kommo-o|Kommo-o, M|100\/100\n|turn|10\n|\n|t:|1698937780\n|-terastallize|p1b: Arboreater|Ghost\n|move|p2b: Kommo-o|Clanging Scales|p1a: Gengar|[spread] p1a,p1b\n|-damage|p1a: Gengar|1\/100\n|-damage|p1b: Arboreater|73\/100\n|-unboost|p2b: Kommo-o|def|1\n|-enditem|p2b: Kommo-o|Throat Spray\n|-boost|p2b: Kommo-o|spa|1|[from] item: Throat Spray\n|move|p1a: Gengar|Dazzling Gleam|p2b: Kommo-o\n|-supereffective|p2b: Kommo-o\n|-damage|p2b: Kommo-o|0 fnt\n|faint|p2b: Kommo-o\n|\n|win|Mongoose556\n|raw|Mongoose556's rating: 1085 &rarr; <strong>1116<\/strong><br \/>(+31 for winning)\n|raw|ArtictresUser's rating: 1129 &rarr; <strong>1101<\/strong><br \/>(-28 for losing)\n|l|\u2606ArtictresUser\n","uploadtime":1698937796,"views":16,"p1id":"mongoose556","p2id":"artictresuser","formatid":"gen9doublesou","rating":1101,"private":0,"password":""}