{"id":"gen9doublesou-1969248004","p1":"IamTheEvilGoat","p2":"finf fenf","format":"[Gen 9] Doubles OU","log":"|j|\u2606IamTheEvilGoat\n|j|\u2606finf fenf\n|t:|1697505821\n|gametype|doubles\n|player|p1|IamTheEvilGoat|101|1092\n|player|p2|finf fenf|hilda-wonderlauncher|1111\n|teamsize|p1|6\n|teamsize|p2|6\n|gen|9\n|tier|[Gen 9] Doubles OU\n|rated|\n|rule|Species Clause: Limit one of each Pok\u00e9mon\n|rule|OHKO Clause: OHKO moves are banned\n|rule|Evasion Moves Clause: Evasion moves are banned\n|rule|Gravity Sleep Clause: The combination of sleep-inducing moves with imperfect accuracy and Gravity or Gigantamax Orbeetle are banned\n|rule|Endless Battle Clause: Forcing endless battles is banned\n|rule|HP Percentage Mod: HP is shown in percentages\n|clearpoke\n|poke|p1|Flutter Mane|\n|poke|p1|Chi-Yu|\n|poke|p1|Iron Hands|\n|poke|p1|Torkoal, F|\n|poke|p1|Lilligant, F|\n|poke|p1|Palafin, F|\n|poke|p2|Pincurchin, F|\n|poke|p2|Iron Leaves|\n|poke|p2|Iron Treads|\n|poke|p2|Iron Bundle|\n|poke|p2|Raichu-Alola, M|\n|poke|p2|Iron Moth|\n|teampreview\n|\n|t:|1697505836\n|start\n|switch|p1a: Torkoal|Torkoal, F|100\/100\n|switch|p1b: Palafin|Palafin, F|100\/100\n|switch|p2a: Pincurchin|Pincurchin, F|100\/100\n|switch|p2b: Iron Moth|Iron Moth|100\/100\n|-weather|SunnyDay|[from] ability: Drought|[of] p1a: Torkoal\n|-fieldstart|move: Electric Terrain|[from] ability: Electric Surge|[of] p2a: Pincurchin\n|-activate|p2b: Iron Moth|ability: Quark Drive\n|-start|p2b: Iron Moth|quarkdrivespa\n|turn|1\n|inactive|Battle timer is ON: inactive players will automatically lose when time's up. (requested by finf fenf)\n|inactive|IamTheEvilGoat has 120 seconds left.\n|\n|t:|1697505886\n|move|p1b: Palafin|Wave Crash|p2b: Iron Moth\n|-supereffective|p2b: Iron Moth\n|-damage|p2b: Iron Moth|35\/100\n|-damage|p1b: Palafin|81\/100|[from] Recoil\n|move|p2b: Iron Moth|Discharge|p1b: Palafin|[spread] p2a,p1a,p1b\n|-resisted|p2a: Pincurchin\n|-supereffective|p1b: Palafin\n|-damage|p2a: Pincurchin|78\/100\n|-damage|p1a: Torkoal|51\/100\n|-damage|p1b: Palafin|0 fnt\n|faint|p1b: Palafin\n|move|p1a: Torkoal|Earth Power|p2a: Pincurchin\n|-supereffective|p2a: Pincurchin\n|-damage|p2a: Pincurchin|12\/100\n|move|p2a: Pincurchin|Thunder Wave|p1a: Torkoal\n|-status|p1a: Torkoal|par\n|\n|-weather|SunnyDay|[upkeep]\n|upkeep\n|\n|t:|1697505902\n|switch|p1b: Chi-Yu|Chi-Yu|100\/100\n|-ability|p1b: Chi-Yu|Beads of Ruin\n|turn|2\n|inactive|finf fenf has 120 seconds left.\n|\n|t:|1697505935\n|move|p1a: Torkoal|Protect|p1a: Torkoal\n|-singleturn|p1a: Torkoal|Protect\n|move|p1b: Chi-Yu|Snarl|p2a: Pincurchin|[spread] p2a,p2b\n|-crit|p2b: Iron Moth\n|-damage|p2a: Pincurchin|0 fnt\n|-damage|p2b: Iron Moth|4\/100\n|-unboost|p2b: Iron Moth|spa|1\n|faint|p2a: Pincurchin\n|move|p2b: Iron Moth|Sludge Wave|p1a: Torkoal|[spread] p1b\n|-activate|p1a: Torkoal|move: Protect\n|-damage|p1b: Chi-Yu|64\/100\n|\n|-weather|SunnyDay|[upkeep]\n|upkeep\n|inactive|finf fenf has 120 seconds left.\n|\n|t:|1697505959\n|switch|p2a: Raichu|Raichu-Alola, M|100\/100\n|turn|3\n|\n|t:|1697505987\n|switch|p1a: Iron Hands|Iron Hands|100\/100\n|-activate|p1a: Iron Hands|ability: Quark Drive\n|-start|p1a: Iron Hands|quarkdriveatk\n|move|p2a: Raichu|Discharge|p1a: Iron Hands|[spread] p2b,p1a,p1b\n|-resisted|p1a: Iron Hands\n|-damage|p2b: Iron Moth|0 fnt\n|-damage|p1a: Iron Hands|89\/100\n|-damage|p1b: Chi-Yu|20\/100\n|faint|p2b: Iron Moth\n|-end|p2b: Iron Moth|Quark Drive|[silent]\n|move|p1b: Chi-Yu|Snarl|p2a: Raichu\n|-supereffective|p2a: Raichu\n|-damage|p2a: Raichu|0 fnt\n|faint|p2a: Raichu\n|\n|-weather|SunnyDay|[upkeep]\n|upkeep\n|inactive|finf fenf has 120 seconds left.\n|\n|t:|1697506006\n|switch|p2b: Iron Leaves|Iron Leaves|100\/100\n|switch|p2a: Iron Bundle|Iron Bundle|100\/100\n|-activate|p2a: Iron Bundle|ability: Quark Drive\n|-start|p2a: Iron Bundle|quarkdrivespe\n|-activate|p2b: Iron Leaves|ability: Quark Drive\n|-start|p2b: Iron Leaves|quarkdriveatk\n|turn|4\n|inactive|IamTheEvilGoat has 120 seconds left.\n|\n|t:|1697506042\n|move|p1a: Iron Hands|Fake Out|p2a: Iron Bundle\n|-damage|p2a: Iron Bundle|73\/100\n|cant|p2a: Iron Bundle|flinch\n|move|p1b: Chi-Yu|Snarl|p2a: Iron Bundle|[spread] p2a,p2b\n|-supereffective|p2b: Iron Leaves\n|-damage|p2a: Iron Bundle|9\/100\n|-damage|p2b: Iron Leaves|36\/100\n|-unboost|p2a: Iron Bundle|spa|1\n|-unboost|p2b: Iron Leaves|spa|1\n|move|p2b: Iron Leaves|Psyblade|p1a: Iron Hands\n|-supereffective|p1a: Iron Hands\n|-damage|p1a: Iron Hands|0 fnt\n|faint|p1a: Iron Hands\n|-end|p1a: Iron Hands|Quark Drive|[silent]\n|-damage|p2b: Iron Leaves|26\/100|[from] item: Life Orb\n|\n|-weather|SunnyDay|[upkeep]\n|upkeep\n|\n|t:|1697506059\n|switch|p1a: Lilligant|Lilligant, F|100\/100\n|turn|5\n|inactive|IamTheEvilGoat has 120 seconds left.\n|\n|t:|1697506071\n|move|p1a: Lilligant|Pollen Puff|p2b: Iron Leaves\n|-supereffective|p2b: Iron Leaves\n|-damage|p2b: Iron Leaves|0 fnt\n|faint|p2b: Iron Leaves\n|-end|p2b: Iron Leaves|Quark Drive|[silent]\n|move|p2a: Iron Bundle|Blizzard|p1a: Lilligant|[spread] p1a,p1b\n|-supereffective|p1a: Lilligant\n|-resisted|p1b: Chi-Yu\n|-damage|p1a: Lilligant|0 fnt\n|-damage|p1b: Chi-Yu|0 fnt\n|faint|p1a: Lilligant\n|faint|p1b: Chi-Yu\n|-damage|p2a: Iron Bundle|0 fnt|[from] item: Life Orb\n|faint|p2a: Iron Bundle\n|-end|p2a: Iron Bundle|Quark Drive|[silent]\n|\n|-weather|none\n|upkeep\n|\n|t:|1697506085\n|switch|p2b: Iron Treads|Iron Treads|100\/100\n|switch|p1b: Torkoal|Torkoal, F|51\/100 par\n|switch|p1a: Flutter Mane|Flutter Mane|100\/100\n|-activate|p2b: Iron Treads|ability: Quark Drive\n|-start|p2b: Iron Treads|quarkdrivespe\n|-weather|SunnyDay|[from] ability: Drought|[of] p1b: Torkoal\n|-activate|p1a: Flutter Mane|ability: Protosynthesis\n|-start|p1a: Flutter Mane|protosynthesisspe\n|turn|6\n|inactive|IamTheEvilGoat has 120 seconds left.\n|\n|t:|1697506123\n|-terastallize|p2b: Iron Treads|Ground\n|move|p1a: Flutter Mane|Mystical Fire|p2b: Iron Treads\n|-damage|p2b: Iron Treads|41\/100\n|-unboost|p2b: Iron Treads|spa|1\n|-damage|p1a: Flutter Mane|91\/100|[from] item: Life Orb\n|move|p2b: Iron Treads|Iron Head|p1a: Flutter Mane\n|-supereffective|p1a: Flutter Mane\n|-damage|p1a: Flutter Mane|0 fnt\n|faint|p1a: Flutter Mane\n|-end|p1a: Flutter Mane|Protosynthesis|[silent]\n|cant|p1b: Torkoal|par\n|\n|-weather|SunnyDay|[upkeep]\n|upkeep\n|turn|7\n|inactive|IamTheEvilGoat has 120 seconds left.\n|\n|t:|1697506152\n|cant|p1b: Torkoal|par\n|move|p2b: Iron Treads|Knock Off|p1b: Torkoal\n|-damage|p1b: Torkoal|33\/100 par\n|-enditem|p1b: Torkoal|Charcoal|[from] move: Knock Off|[of] p2b: Iron Treads\n|\n|-weather|SunnyDay|[upkeep]\n|upkeep\n|turn|8\n|\n|t:|1697506164\n|cant|p1b: Torkoal|par\n|move|p2b: Iron Treads|Iron Head|p1b: Torkoal\n|-resisted|p1b: Torkoal\n|-damage|p1b: Torkoal|22\/100 par\n|\n|-weather|SunnyDay|[upkeep]\n|-fieldend|move: Electric Terrain\n|-end|p2b: Iron Treads|Quark Drive\n|upkeep\n|turn|9\n|\n|t:|1697506180\n|move|p2b: Iron Treads|Knock Off|p1b: Torkoal\n|-damage|p1b: Torkoal|10\/100 par\n|move|p1b: Torkoal|Heat Wave|p2b: Iron Treads|[miss]\n|-miss|p1b: Torkoal|p2b: Iron Treads\n|\n|-weather|SunnyDay|[upkeep]\n|upkeep\n|turn|10\n|\n|t:|1697506187\n|move|p1b: Torkoal|Protect|p1b: Torkoal\n|-singleturn|p1b: Torkoal|Protect\n|move|p2b: Iron Treads|Knock Off|p1b: Torkoal\n|-activate|p1b: Torkoal|move: Protect\n|\n|-weather|none\n|upkeep\n|turn|11\n|\n|t:|1697506192\n|move|p2b: Iron Treads|Knock Off|p1b: Torkoal\n|-damage|p1b: Torkoal|0 fnt\n|faint|p1b: Torkoal\n|\n|win|finf fenf\n|raw|IamTheEvilGoat's rating: 1092 &rarr; <strong>1070<\/strong><br \/>(-22 for losing)\n|raw|finf fenf's rating: 1111 &rarr; <strong>1135<\/strong><br \/>(+24 for winning)\n|l|\u2606IamTheEvilGoat\n","uploadtime":1697506202,"views":7,"p1id":"iamtheevilgoat","p2id":"finffenf","formatid":"gen9doublesou","rating":1070,"private":0,"password":""}