{"id":"gen9doublesou-1986839581","p1":"ItzGreedy","p2":"LeaderBelle","format":"[Gen 9] Doubles OU","log":"|j|\u2606ItzGreedy\n|j|\u2606LeaderBelle\n|t:|1699532606\n|gametype|doubles\n|player|p1|ItzGreedy|firebreather|1264\n|player|p2|LeaderBelle|candice|1244\n|teamsize|p1|6\n|teamsize|p2|6\n|gen|9\n|tier|[Gen 9] Doubles OU\n|rated|\n|rule|Species Clause: Limit one of each Pok\u00e9mon\n|rule|OHKO Clause: OHKO moves are banned\n|rule|Evasion Moves Clause: Evasion moves are banned\n|rule|Gravity Sleep Clause: The combination of sleep-inducing moves with imperfect accuracy and Gravity or Gigantamax Orbeetle are banned\n|rule|Endless Battle Clause: Forcing endless battles is banned\n|rule|HP Percentage Mod: HP is shown in percentages\n|clearpoke\n|poke|p1|Politoed, M|\n|poke|p1|Sinistcha-Masterpiece|\n|poke|p1|Ludicolo, F|\n|poke|p1|Tornadus, M|\n|poke|p1|Basculegion-F, F|\n|poke|p1|Milotic, F|\n|poke|p2|Palafin, F|\n|poke|p2|Ogerpon-Wellspring, F|\n|poke|p2|Walking Wake|\n|poke|p2|Iron Bundle|\n|poke|p2|Empoleon, F|\n|poke|p2|Qwilfish, F|\n|teampreview\n|c|\u2606LeaderBelle|Glhf\n|c|\u2606ItzGreedy|luck? lol\n|\n|t:|1699532635\n|start\n|switch|p1a: Tornadus|Tornadus, M, shiny|100\/100\n|switch|p1b: Ludicolo|Ludicolo, F, shiny|100\/100\n|switch|p2a: President Biden|Palafin, F|100\/100\n|switch|p2b: Not Real|Iron Bundle, shiny|100\/100\n|turn|1\n|\n|t:|1699532662\n|detailschange|p2a: President Biden|Palafin-Hero, F\n|switch|p2a: swimmy one|Qwilfish, F|100\/100\n|-ability|p2a: swimmy one|Intimidate|boost\n|-unboost|p1a: Tornadus|atk|1\n|-unboost|p1b: Ludicolo|atk|1\n|move|p1a: Tornadus|Tailwind|p1a: Tornadus\n|-sidestart|p1: ItzGreedy|move: Tailwind\n|move|p1b: Ludicolo|Giga Drain|p2a: swimmy one\n|-damage|p2a: swimmy one|33\/100\n|-damage|p1b: Ludicolo|91\/100|[from] item: Life Orb\n|move|p2b: Not Real|Freeze-Dry|p1b: Ludicolo\n|-supereffective|p1b: Ludicolo\n|-damage|p1b: Ludicolo|0 fnt\n|faint|p1b: Ludicolo\n|\n|upkeep\n|c|\u2606LeaderBelle|You never know when you might need it\n|\n|t:|1699532694\n|switch|p1b: Politoed|Politoed, M|100\/100\n|-weather|RainDance|[from] ability: Drizzle|[of] p1b: Politoed\n|turn|2\n|\n|t:|1699532728\n|-end|p2b: Not Real|Quark Drive|[silent]\n|switch|p2b: MR OBAMA GET DOWN|Empoleon, F, shiny|100\/100\n|move|p1b: Politoed|Substitute|p1b: Politoed\n|-start|p1b: Politoed|Substitute\n|-damage|p1b: Politoed|76\/100\n|move|p1a: Tornadus|Bleakwind Storm|p2a: swimmy one|[spread] p2a,p2b\n|-resisted|p2b: MR OBAMA GET DOWN\n|-damage|p2a: swimmy one|0 fnt\n|-damage|p2b: MR OBAMA GET DOWN|90\/100\n|faint|p2a: swimmy one\n|\n|-weather|RainDance|[upkeep]\n|upkeep\n|\n|t:|1699532754\n|switch|p2a: Crocodile Tears|Ogerpon-Wellspring, F|100\/100\n|turn|3\n|\n|t:|1699532787\n|move|p1b: Politoed|Belly Drum|p1b: Politoed\n|-damage|p1b: Politoed|26\/100\n|-setboost|p1b: Politoed|atk|6|[from] move: Belly Drum\n|move|p1a: Tornadus|Bleakwind Storm|p2b: MR OBAMA GET DOWN|[spread] p2a,p2b\n|-supereffective|p2a: Crocodile Tears\n|-resisted|p2b: MR OBAMA GET DOWN\n|-damage|p2a: Crocodile Tears|40\/100\n|-damage|p2b: MR OBAMA GET DOWN|80\/100\n|-unboost|p2a: Crocodile Tears|spe|1\n|-unboost|p2b: MR OBAMA GET DOWN|spe|1\n|-ability|p2b: MR OBAMA GET DOWN|Competitive|boost\n|-boost|p2b: MR OBAMA GET DOWN|spa|2\n|move|p2a: Crocodile Tears|Horn Leech|p1b: Politoed\n|-supereffective|p1b: Politoed\n|-end|p1b: Politoed|Substitute\n|-heal|p2a: Crocodile Tears|50\/100|[from] drain|[of] p1b: Politoed\n|move|p2b: MR OBAMA GET DOWN|Ice Beam|p1a: Tornadus\n|-supereffective|p1a: Tornadus\n|-damage|p1a: Tornadus|0 fnt\n|faint|p1a: Tornadus\n|\n|-weather|RainDance|[upkeep]\n|upkeep\n|\n|t:|1699532808\n|switch|p1a: Sinistcha|Sinistcha-Masterpiece, shiny|100\/100\n|-heal|p1b: Politoed|51\/100|[from] ability: Hospitality|[of] p1a: Sinistcha\n|turn|4\n|\n|t:|1699532831\n|move|p2a: Crocodile Tears|Spiky Shield|p2a: Crocodile Tears\n|-singleturn|p2a: Crocodile Tears|move: Protect\n|move|p1b: Politoed|Earthquake|p2a: Crocodile Tears|[spread] p1a,p2b\n|-activate|p2a: Crocodile Tears|move: Protect\n|-resisted|p1a: Sinistcha\n|-supereffective|p2b: MR OBAMA GET DOWN\n|-damage|p1a: Sinistcha|63\/100\n|-damage|p2b: MR OBAMA GET DOWN|0 fnt\n|faint|p2b: MR OBAMA GET DOWN\n|move|p1a: Sinistcha|Matcha Gotcha|p2a: Crocodile Tears\n|-activate|p2a: Crocodile Tears|move: Protect\n|\n|-weather|RainDance|[upkeep]\n|-heal|p1a: Sinistcha|69\/100|[from] item: Leftovers\n|-sideend|p1: ItzGreedy|move: Tailwind\n|upkeep\n|\n|t:|1699532851\n|switch|p2b: President Biden|Palafin-Hero, F|100\/100\n|-activate|p2b: President Biden|ability: Zero to Hero\n|turn|5\n|inactive|Battle timer is ON: inactive players will automatically lose when time's up. (requested by LeaderBelle)\n|\n|t:|1699532900\n|-terastallize|p1b: Politoed|Grass\n|move|p2b: President Biden|Jet Punch|p1b: Politoed\n|-resisted|p1b: Politoed\n|-damage|p1b: Politoed|11\/100\n|-enditem|p1b: Politoed|Aguav Berry|[eat]\n|-heal|p1b: Politoed|44\/100|[from] item: Aguav Berry\n|move|p1b: Politoed|Earthquake|p2a: Crocodile Tears|[spread] p1a,p2a,p2b\n|-resisted|p1a: Sinistcha\n|-resisted|p2a: Crocodile Tears\n|-damage|p1a: Sinistcha|31\/100\n|-damage|p2a: Crocodile Tears|15\/100\n|-damage|p2b: President Biden|23\/100\n|move|p1a: Sinistcha|Strength Sap|p2a: Crocodile Tears\n|-unboost|p2a: Crocodile Tears|atk|1\n|-heal|p1a: Sinistcha|100\/100\n|move|p2a: Crocodile Tears|Horn Leech|p1b: Politoed\n|-resisted|p1b: Politoed\n|-damage|p1b: Politoed|26\/100\n|-heal|p2a: Crocodile Tears|23\/100|[from] drain|[of] p1b: Politoed\n|\n|-weather|RainDance|[upkeep]\n|upkeep\n|turn|6\n|inactive|LeaderBelle has 120 seconds left.\n|\n|t:|1699532947\n|move|p2b: President Biden|Jet Punch|p1b: Politoed\n|-resisted|p1b: Politoed\n|-damage|p1b: Politoed|0 fnt\n|faint|p1b: Politoed\n|move|p1a: Sinistcha|Matcha Gotcha|p2b: President Biden|[spread] p2a,p2b\n|-supereffective|p2b: President Biden\n|-damage|p2a: Crocodile Tears|0 fnt\n|-damage|p2b: President Biden|0 fnt\n|faint|p2a: Crocodile Tears\n|faint|p2b: President Biden\n|\n|-weather|none\n|upkeep\n|inactive|LeaderBelle has 120 seconds left.\n|inactive|ItzGreedy has 120 seconds left.\n|\n|t:|1699532980\n|switch|p2b: Not Real|Iron Bundle, shiny|100\/100\n|switch|p2a: The Pen\u0399s (Eek!)|Walking Wake|100\/100\n|switch|p1b: Basculegion|Basculegion-F, F, shiny|100\/100\n|-enditem|p2a: The Pen\u0399s (Eek!)|Booster Energy\n|-activate|p2a: The Pen\u0399s (Eek!)|ability: Protosynthesis|[fromitem]\n|-start|p2a: The Pen\u0399s (Eek!)|protosynthesisspe\n|turn|7\n|inactive|LeaderBelle has 120 seconds left.\n|\n|t:|1699533012\n|move|p1a: Sinistcha|Rage Powder|p1a: Sinistcha\n|-singleturn|p1a: Sinistcha|move: Rage Powder\n|move|p2a: The Pen\u0399s (Eek!)|Flamethrower|p1a: Sinistcha\n|-supereffective|p1a: Sinistcha\n|-damage|p1a: Sinistcha|29\/100\n|move|p2b: Not Real|Freeze-Dry|p1a: Sinistcha\n|-supereffective|p1a: Sinistcha\n|-damage|p1a: Sinistcha|0 fnt\n|faint|p1a: Sinistcha\n|move|p1b: Basculegion|Last Respects|p2b: Not Real\n|-damage|p2b: Not Real|12\/100\n|\n|upkeep\n|\n|t:|1699533025\n|switch|p1a: Milotic|Milotic, F, shiny|100\/100\n|turn|8\n|inactive|ItzGreedy has 120 seconds left.\n|\n|t:|1699533063\n|move|p2a: The Pen\u0399s (Eek!)|Dragon Pulse|p1b: Basculegion\n|-damage|p1b: Basculegion|75\/100\n|move|p2b: Not Real|Freeze-Dry|p1b: Basculegion\n|-supereffective|p1b: Basculegion\n|-damage|p1b: Basculegion|0 fnt\n|faint|p1b: Basculegion\n|move|p1a: Milotic|Dragon Tail|p2b: Not Real\n|-damage|p2b: Not Real|1\/100\n|\n|upkeep\n|turn|9\n|c|\u2606ItzGreedy|wowwwwwwwwww\n|inactive|ItzGreedy has 120 seconds left.\n|c|\u2606LeaderBelle|That might have killed\n|inactive|LeaderBelle has 120 seconds left.\n|c|\u2606LeaderBelle|If you were luckier\n|c|\u2606ItzGreedy|*should have killed it was bs\n|c|\u2606LeaderBelle|:)\n|c|\u2606LeaderBelle|!weak milotic\n|c| LeaderBelle|\/raw <div class=\"infobox\">Milotic (ignoring abilities):<br \/><span class=\"message-effect-weak\">Weaknesses<\/span>: Electric, Grass<br \/><span class=\"message-effect-resist\">Resistances<\/span>: Fire, Ice, Steel, Water<br \/><span class=\"message-effect-immune\">Immunities<\/span>: <font color=#999999>None<\/font><\/div>\n|inactive|LeaderBelle has 90 seconds left.\n|\n|t:|1699533129\n|move|p2a: The Pen\u0399s (Eek!)|Dragon Pulse|p1a: Milotic\n|-damage|p1a: Milotic|78\/100\n|move|p2b: Not Real|Freeze-Dry|p1a: Milotic\n|-supereffective|p1a: Milotic\n|-damage|p1a: Milotic|10\/100\n|-enditem|p1a: Milotic|Aguav Berry|[eat]\n|-heal|p1a: Milotic|43\/100|[from] item: Aguav Berry\n|move|p1a: Milotic|Recover|p1a: Milotic\n|-heal|p1a: Milotic|93\/100\n|\n|upkeep\n|turn|10\n|c|\u2606ItzGreedy|nothing an ev adjutment wont fix def not luck\n|inactive|ItzGreedy has 120 seconds left.\n|c|\u2606LeaderBelle|Idk looked like a roll to kill\n|\n|t:|1699533162\n|move|p2a: The Pen\u0399s (Eek!)|Dragon Pulse|p1a: Milotic\n|-crit|p1a: Milotic\n|-damage|p1a: Milotic|56\/100\n|move|p2b: Not Real|Freeze-Dry|p1a: Milotic\n|-supereffective|p1a: Milotic\n|-damage|p1a: Milotic|0 fnt\n|faint|p1a: Milotic\n|\n|win|LeaderBelle\n|raw|ItzGreedy's rating: 1264 &rarr; <strong>1238<\/strong><br \/>(-26 for losing)\n|raw|LeaderBelle's rating: 1244 &rarr; <strong>1270<\/strong><br \/>(+26 for winning)\n|c|\u2606LeaderBelle|Gg\n|l|\u2606ItzGreedy\n","uploadtime":1699533180,"views":23,"p1id":"itzgreedy","p2id":"leaderbelle","formatid":"gen9doublesou","rating":1238,"private":0,"password":""}