{"id":"gen9doublesou-1993939858","p1":"Undala","p2":"bananaszn","format":"[Gen 9] Doubles OU","log":"|j|\u2606Undala\n|j|\u2606bananaszn\n|t:|1700379204\n|gametype|doubles\n|player|p1|Undala|266|1275\n|player|p2|bananaszn|teamrocket|1346\n|teamsize|p1|6\n|teamsize|p2|6\n|gen|9\n|tier|[Gen 9] Doubles OU\n|rated|\n|rule|Species Clause: Limit one of each Pok\u00e9mon\n|rule|OHKO Clause: OHKO moves are banned\n|rule|Evasion Moves Clause: Evasion moves are banned\n|rule|Gravity Sleep Clause: The combination of sleep-inducing moves with imperfect accuracy and Gravity or Gigantamax Orbeetle are banned\n|rule|Endless Battle Clause: Forcing endless battles is banned\n|rule|HP Percentage Mod: HP is shown in percentages\n|clearpoke\n|poke|p1|Flutter Mane|\n|poke|p1|Torkoal, F|\n|poke|p1|Toxapex, F|\n|poke|p1|Regidrago|\n|poke|p1|Talonflame, F|\n|poke|p1|Indeedee-F, F|\n|poke|p2|Scizor, M|\n|poke|p2|Tornadus, M|\n|poke|p2|Chien-Pao|\n|poke|p2|Iron Hands|\n|poke|p2|Volcanion|\n|poke|p2|Great Tusk|\n|teampreview\n|inactive|Battle timer is ON: inactive players will automatically lose when time's up. (requested by bananaszn)\n|\n|t:|1700379213\n|start\n|switch|p1a: Master Oogway|Torkoal, F|100\/100\n|switch|p1b: Flutter Mane|Flutter Mane|100\/100\n|switch|p2a: YN Jay|Tornadus, M|100\/100\n|switch|p2b: Kawhi Leonard|Scizor, M|100\/100\n|-weather|SunnyDay|[from] ability: Drought|[of] p1a: Master Oogway\n|-activate|p1b: Flutter Mane|ability: Protosynthesis\n|-start|p1b: Flutter Mane|protosynthesisspa\n|turn|1\n|\n|t:|1700379221\n|move|p2a: YN Jay|Tailwind|p2a: YN Jay\n|-sidestart|p2: bananaszn|move: Tailwind\n|move|p1b: Flutter Mane|Thunderbolt|p2a: YN Jay\n|-supereffective|p2a: YN Jay\n|-enditem|p2a: YN Jay|Focus Sash\n|-damage|p2a: YN Jay|1\/100\n|-damage|p1b: Flutter Mane|91\/100|[from] item: Life Orb\n|move|p2b: Kawhi Leonard|U-turn|p1a: Master Oogway\n|-resisted|p1a: Master Oogway\n|-damage|p1a: Master Oogway|79\/100\n|\n|t:|1700379231\n|switch|p2b: Volcanion|Volcanion|100\/100|[from] U-turn\n|move|p1a: Master Oogway|Eruption|p2b: Volcanion|[spread] p2a,p2b\n|-resisted|p2b: Volcanion\n|-damage|p2a: YN Jay|0 fnt\n|-damage|p2b: Volcanion|87\/100\n|faint|p2a: YN Jay\n|\n|-weather|SunnyDay|[upkeep]\n|-heal|p2b: Volcanion|93\/100|[from] item: Leftovers\n|upkeep\n|\n|t:|1700379248\n|switch|p2a: Great Tusk|Great Tusk|100\/100\n|-activate|p2a: Great Tusk|ability: Protosynthesis\n|-start|p2a: Great Tusk|protosynthesisatk\n|turn|2\n|\n|t:|1700379272\n|move|p2a: Great Tusk|Headlong Rush|p1b: Flutter Mane\n|-damage|p1b: Flutter Mane|0 fnt\n|-unboost|p2a: Great Tusk|def|1\n|-unboost|p2a: Great Tusk|spd|1\n|faint|p1b: Flutter Mane\n|-end|p1b: Flutter Mane|Protosynthesis|[silent]\n|move|p2b: Volcanion|Substitute|p2b: Volcanion\n|-start|p2b: Volcanion|Substitute\n|-damage|p2b: Volcanion|69\/100\n|move|p1a: Master Oogway|Solar Beam||[still]\n|-prepare|p1a: Master Oogway|Solar Beam\n|-anim|p1a: Master Oogway|Solar Beam|p2a: Great Tusk\n|-supereffective|p2a: Great Tusk\n|-damage|p2a: Great Tusk|40\/100\n|\n|-weather|SunnyDay|[upkeep]\n|-heal|p2b: Volcanion|75\/100|[from] item: Leftovers\n|upkeep\n|inactive|Undala has 120 seconds left.\n|\n|t:|1700379288\n|switch|p1b: Talonflame|Talonflame, F|100\/100\n|turn|3\n|\n|t:|1700379314\n|-end|p2a: Great Tusk|Protosynthesis|[silent]\n|switch|p2a: Druski|Iron Hands|100\/100\n|move|p1b: Talonflame|Tailwind|p1b: Talonflame\n|-sidestart|p1: Undala|move: Tailwind\n|move|p2b: Volcanion|Steam Eruption|p1a: Master Oogway\n|-supereffective|p1a: Master Oogway\n|-damage|p1a: Master Oogway|10\/100\n|move|p1a: Master Oogway|Solar Beam||[still]\n|-prepare|p1a: Master Oogway|Solar Beam\n|-anim|p1a: Master Oogway|Solar Beam|p2a: Druski\n|-damage|p2a: Druski|86\/100\n|\n|-weather|SunnyDay|[upkeep]\n|-heal|p2b: Volcanion|81\/100|[from] item: Leftovers\n|upkeep\n|turn|4\n|\n|t:|1700379332\n|move|p1b: Talonflame|U-turn|p2a: Druski\n|-resisted|p2a: Druski\n|-damage|p2a: Druski|79\/100\n|\n|t:|1700379335\n|switch|p1b: Indeedee|Indeedee-F, F|100\/100|[from] U-turn\n|move|p2b: Volcanion|Heat Wave|p1b: Indeedee|[spread] p1a,p1b\n|-resisted|p1a: Master Oogway\n|-damage|p1a: Master Oogway|0 fnt\n|-damage|p1b: Indeedee|41\/100\n|faint|p1a: Master Oogway\n|move|p2a: Druski|Wild Charge|p1b: Indeedee\n|-damage|p1b: Indeedee|0 fnt\n|faint|p1b: Indeedee\n|-damage|p2a: Druski|71\/100|[from] Recoil\n|\n|-weather|SunnyDay|[upkeep]\n|-heal|p2b: Volcanion|87\/100|[from] item: Leftovers\n|-sideend|p2: bananaszn|move: Tailwind\n|upkeep\n|\n|t:|1700379346\n|switch|p1b: Toxapex|Toxapex, F|100\/100\n|switch|p1a: Regidrago|Regidrago|100\/100\n|turn|5\n|\n|t:|1700379355\n|-terastallize|p1b: Toxapex|Ground\n|move|p1a: Regidrago|Dragon Energy|p2b: Volcanion|[spread] p2a,p2b\n|-end|p2b: Volcanion|Substitute\n|-damage|p2a: Druski|29\/100\n|move|p1b: Toxapex|Toxic Spikes|p2a: Druski\n|-sidestart|p2: bananaszn|move: Toxic Spikes\n|move|p2b: Volcanion|Steam Eruption|p1a: Regidrago\n|-resisted|p1a: Regidrago\n|-damage|p1a: Regidrago|85\/100\n|move|p2a: Druski|Wild Charge|p1b: Toxapex\n|-immune|p1b: Toxapex\n|\n|-weather|SunnyDay|[upkeep]\n|-damage|p1b: Toxapex|88\/100|[from] item: Black Sludge\n|-heal|p2b: Volcanion|93\/100|[from] item: Leftovers\n|upkeep\n|turn|6\n|\n|t:|1700379377\n|switch|p1b: Talonflame|Talonflame, F|100\/100\n|move|p1a: Regidrago|Dragon Energy|p2a: Druski|[spread] p2a,p2b\n|-damage|p2a: Druski|0 fnt\n|-damage|p2b: Volcanion|20\/100\n|faint|p2a: Druski\n|-end|p2a: Druski|Quark Drive|[silent]\n|move|p2b: Volcanion|Steam Eruption|p1b: Talonflame\n|-supereffective|p1b: Talonflame\n|-damage|p1b: Talonflame|8\/100\n|\n|-weather|SunnyDay|[upkeep]\n|-heal|p2b: Volcanion|26\/100|[from] item: Leftovers\n|-sideend|p1: Undala|move: Tailwind\n|upkeep\n|\n|t:|1700379389\n|switch|p2a: Iggy Azalea|Chien-Pao|100\/100\n|-status|p2a: Iggy Azalea|psn\n|-ability|p2a: Iggy Azalea|Sword of Ruin\n|turn|7\n|\n|t:|1700379393\n|move|p1a: Regidrago|Protect|p1a: Regidrago\n|-singleturn|p1a: Regidrago|Protect\n|move|p2a: Iggy Azalea|Ice Spinner|p1a: Regidrago\n|-activate|p1a: Regidrago|move: Protect\n|move|p1b: Talonflame|Tailwind|p1b: Talonflame\n|-sidestart|p1: Undala|move: Tailwind\n|move|p2b: Volcanion|Heat Wave|p1a: Regidrago|[spread] p1b\n|-activate|p1a: Regidrago|move: Protect\n|-resisted|p1b: Talonflame\n|-damage|p1b: Talonflame|0 fnt\n|faint|p1b: Talonflame\n|\n|-weather|SunnyDay|[upkeep]\n|-heal|p2b: Volcanion|32\/100|[from] item: Leftovers\n|-damage|p2a: Iggy Azalea|88\/100 psn|[from] psn\n|upkeep\n|\n|t:|1700379403\n|switch|p1b: Toxapex|Toxapex, F, tera:Ground|88\/100\n|turn|8\n|\n|t:|1700379415\n|move|p2a: Iggy Azalea|Protect|p2a: Iggy Azalea\n|-singleturn|p2a: Iggy Azalea|Protect\n|move|p1a: Regidrago|Dragon Energy|p2b: Volcanion|[spread] p2b\n|-activate|p2a: Iggy Azalea|move: Protect\n|-damage|p2b: Volcanion|0 fnt\n|faint|p2b: Volcanion\n|move|p1b: Toxapex|Poison Jab|p2a: Iggy Azalea\n|-activate|p2a: Iggy Azalea|move: Protect\n|\n|-weather|none\n|-damage|p1b: Toxapex|75\/100|[from] item: Black Sludge\n|-damage|p2a: Iggy Azalea|76\/100 psn|[from] psn\n|upkeep\n|\n|t:|1700379430\n|switch|p2b: Great Tusk|Great Tusk|40\/100\n|-status|p2b: Great Tusk|psn\n|turn|9\n|\n|t:|1700379444\n|switch|p2a: Kawhi Leonard|Scizor, M|100\/100\n|move|p1a: Regidrago|Dragon Energy|p2b: Great Tusk|[spread] p2a,p2b\n|-resisted|p2a: Kawhi Leonard\n|-damage|p2a: Kawhi Leonard|64\/100\n|-damage|p2b: Great Tusk|0 fnt\n|faint|p2b: Great Tusk\n|-end|p2b: Great Tusk|Protosynthesis|[silent]\n|move|p1b: Toxapex|Poison Jab|p2a: Kawhi Leonard\n|-immune|p2a: Kawhi Leonard\n|\n|-damage|p1b: Toxapex|63\/100|[from] item: Black Sludge\n|upkeep\n|\n|t:|1700379452\n|switch|p2b: Iggy Azalea|Chien-Pao|76\/100 psn\n|-ability|p2b: Iggy Azalea|Sword of Ruin\n|turn|10\n|\n|t:|1700379458\n|move|p2a: Kawhi Leonard|Bullet Punch|p1a: Regidrago\n|-damage|p1a: Regidrago|16\/100\n|move|p2b: Iggy Azalea|Ice Spinner|p1a: Regidrago\n|-supereffective|p1a: Regidrago\n|-enditem|p1a: Regidrago|Yache Berry|[eat]\n|-enditem|p1a: Regidrago|Yache Berry|[weaken]\n|-damage|p1a: Regidrago|0 fnt\n|faint|p1a: Regidrago\n|-damage|p2b: Iggy Azalea|66\/100 psn|[from] item: Life Orb\n|move|p1b: Toxapex|Poison Jab|p2b: Iggy Azalea\n|-crit|p2b: Iggy Azalea\n|-damage|p2b: Iggy Azalea|8\/100 psn\n|\n|-damage|p1b: Toxapex|50\/100|[from] item: Black Sludge\n|-damage|p2b: Iggy Azalea|0 fnt|[from] psn\n|faint|p2b: Iggy Azalea\n|-sideend|p1: Undala|move: Tailwind\n|upkeep\n|turn|11\n|\n|t:|1700379466\n|move|p2a: Kawhi Leonard|Bullet Punch|p1b: Toxapex\n|-damage|p1b: Toxapex|12\/100\n|move|p1b: Toxapex|Recover|p1b: Toxapex\n|-heal|p1b: Toxapex|62\/100\n|\n|-damage|p1b: Toxapex|49\/100|[from] item: Black Sludge\n|upkeep\n|turn|12\n|\n|t:|1700379474\n|move|p2a: Kawhi Leonard|Bullet Punch|p1b: Toxapex\n|-damage|p1b: Toxapex|12\/100\n|move|p1b: Toxapex|Recover|p1b: Toxapex\n|-heal|p1b: Toxapex|62\/100\n|\n|-damage|p1b: Toxapex|49\/100|[from] item: Black Sludge\n|upkeep\n|turn|13\n|\n|t:|1700379483\n|move|p2a: Kawhi Leonard|Bullet Punch|p1b: Toxapex\n|-damage|p1b: Toxapex|12\/100\n|move|p1b: Toxapex|Ice Spinner|p2a: Kawhi Leonard\n|-resisted|p2a: Kawhi Leonard\n|-damage|p2a: Kawhi Leonard|54\/100\n|\n|-damage|p1b: Toxapex|0 fnt|[from] item: Black Sludge\n|faint|p1b: Toxapex\n|\n|win|bananaszn\n|upkeep\n|raw|Undala's rating: 1275 &rarr; <strong>1255<\/strong><br \/>(-20 for losing)\n|raw|bananaszn's rating: 1346 &rarr; <strong>1362<\/strong><br \/>(+16 for winning)\n|l|\u2606Undala\n","uploadtime":1700379497,"views":7,"p1id":"undala","p2id":"bananaszn","formatid":"gen9doublesou","rating":1255,"private":0,"password":""}