{"id":"gen9doublesou-1972192535","p1":"Daskhiel02","p2":"saucy_099","format":"[Gen 9] Doubles OU","log":"|j|\u2606Daskhiel02\n|j|\u2606saucy_099\n|t:|1697820301\n|gametype|doubles\n|player|p1|Daskhiel02|266|1399\n|player|p2|saucy_099|rosa|1448\n|teamsize|p1|6\n|teamsize|p2|6\n|gen|9\n|tier|[Gen 9] Doubles OU\n|rated|\n|rule|Species Clause: Limit one of each Pok\u00e9mon\n|rule|OHKO Clause: OHKO moves are banned\n|rule|Evasion Moves Clause: Evasion moves are banned\n|rule|Gravity Sleep Clause: The combination of sleep-inducing moves with imperfect accuracy and Gravity or Gigantamax Orbeetle are banned\n|rule|Endless Battle Clause: Forcing endless battles is banned\n|rule|HP Percentage Mod: HP is shown in percentages\n|clearpoke\n|poke|p1|Indeedee-F, F|\n|poke|p1|Arcanine, F|\n|poke|p1|Noivern, F|\n|poke|p1|Sinistcha|\n|poke|p1|Ceruledge, F|\n|poke|p1|Kommo-o, M|\n|poke|p2|Cresselia, F|\n|poke|p2|Baxcalibur, F|\n|poke|p2|Chi-Yu|\n|poke|p2|Sinistcha|\n|poke|p2|Grimmsnarl, M|\n|poke|p2|Diancie|\n|teampreview\n|inactive|Battle timer is ON: inactive players will automatically lose when time's up. (requested by saucy_099)\n|inactive|saucy_099 has 120 seconds left.\n|\n|t:|1697820342\n|start\n|switch|p1a: Noivern|Noivern, F|100\/100\n|switch|p1b: Ceruledge|Ceruledge, F|100\/100\n|switch|p2a: Chi-Yu|Chi-Yu|100\/100\n|switch|p2b: Grimmsnarl|Grimmsnarl, M|100\/100\n|-ability|p2a: Chi-Yu|Beads of Ruin\n|turn|1\n|inactive|saucy_099 has 120 seconds left.\n|\n|t:|1697820379\n|-terastallize|p1a: Noivern|Normal\n|move|p2b: Grimmsnarl|Fake Out|p1a: Noivern\n|-damage|p1a: Noivern|85\/100\n|move|p1b: Ceruledge|Vacuum Wave|p1a: Noivern\n|-supereffective|p1a: Noivern\n|-damage|p1a: Noivern|66\/100\n|-enditem|p1a: Noivern|Weakness Policy\n|-boost|p1a: Noivern|atk|2|[from] item: Weakness Policy\n|-boost|p1a: Noivern|spa|2|[from] item: Weakness Policy\n|-damage|p1b: Ceruledge|91\/100|[from] item: Life Orb\n|move|p2a: Chi-Yu|Dark Pulse|p1b: Ceruledge\n|-supereffective|p1b: Ceruledge\n|-damage|p1b: Ceruledge|0 fnt\n|faint|p1b: Ceruledge\n|cant|p1a: Noivern|flinch\n|\n|upkeep\n|\n|t:|1697820401\n|switch|p1b: Sinistcha|Sinistcha|100\/100\n|-heal|p1a: Noivern|91\/100|[from] ability: Hospitality|[of] p1b: Sinistcha\n|turn|2\n|\n|t:|1697820419\n|switch|p1b: Indeedee|Indeedee-F, F|100\/100\n|-fieldstart|move: Psychic Terrain|[from] ability: Psychic Surge|[of] p1b: Indeedee\n|move|p2b: Grimmsnarl|Light Screen|p2b: Grimmsnarl\n|-sidestart|p2: saucy_099|move: Light Screen\n|move|p2a: Chi-Yu|Dark Pulse|p1b: Indeedee\n|-supereffective|p1b: Indeedee\n|-damage|p1b: Indeedee|0 fnt\n|faint|p1b: Indeedee\n|move|p1a: Noivern|Hurricane|p2a: Chi-Yu\n|-damage|p2a: Chi-Yu|0 fnt\n|faint|p2a: Chi-Yu\n|\n|upkeep\n|\n|t:|1697820449\n|switch|p2a: Diancie|Diancie|100\/100\n|switch|p1b: Kommo-o|Kommo-o, M|100\/100\n|turn|3\n|\n|t:|1697820473\n|move|p2a: Diancie|Protect|p2a: Diancie\n|-singleturn|p2a: Diancie|Protect\n|move|p1a: Noivern|Boomburst|p2b: Grimmsnarl|[spread] p2b\n|-activate|p2a: Diancie|move: Protect\n|-immune|p1b: Kommo-o|[from] ability: Soundproof\n|-damage|p2b: Grimmsnarl|13\/100\n|-enditem|p2b: Grimmsnarl|Sitrus Berry|[eat]\n|-heal|p2b: Grimmsnarl|38\/100|[from] item: Sitrus Berry\n|move|p1b: Kommo-o|Flash Cannon|p2a: Diancie\n|-activate|p2a: Diancie|move: Protect\n|move|p2b: Grimmsnarl|Spirit Break|p1b: Kommo-o\n|-supereffective|p1b: Kommo-o\n|-damage|p1b: Kommo-o|0 fnt\n|faint|p1b: Kommo-o\n|\n|upkeep\n|\n|t:|1697820488\n|switch|p1b: Arcanine|Arcanine, F, shiny|100\/100\n|-ability|p1b: Arcanine|Intimidate|boost\n|-fail|p2a: Diancie|unboost|[from] ability: Clear Body|[of] p2a: Diancie\n|-unboost|p2b: Grimmsnarl|atk|1\n|turn|4\n|inactive|saucy_099 has 120 seconds left.\n|\n|t:|1697820545\n|switch|p2a: Cresselia|Cresselia, F|100\/100\n|move|p1b: Arcanine|Protect|p1b: Arcanine\n|-singleturn|p1b: Arcanine|Protect\n|move|p2b: Grimmsnarl|Parting Shot|p1a: Noivern\n|-activate|p1a: Noivern|move: Psychic Terrain\n|move|p1a: Noivern|Boomburst|p2b: Grimmsnarl|[spread] p2a,p2b\n|-activate|p1b: Arcanine|move: Protect\n|-damage|p2a: Cresselia|47\/100\n|-damage|p2b: Grimmsnarl|0 fnt\n|faint|p2b: Grimmsnarl\n|\n|upkeep\n|inactive|saucy_099 has 90 seconds left.\n|\n|t:|1697820558\n|switch|p2b: Sinistcha|Sinistcha|100\/100\n|-heal|p2a: Cresselia|72\/100|[from] ability: Hospitality|[of] p2b: Sinistcha\n|turn|5\n|inactive|Daskhiel02 has 120 seconds left.\n|\n|t:|1697820594\n|switch|p2b: Diancie|Diancie|100\/100\n|move|p1a: Noivern|Dark Pulse|p2a: Cresselia\n|-supereffective|p2a: Cresselia\n|-crit|p2a: Cresselia\n|-damage|p2a: Cresselia|0 fnt\n|faint|p2a: Cresselia\n|move|p1b: Arcanine|Flare Blitz|p2b: Diancie\n|-resisted|p2b: Diancie\n|-damage|p2b: Diancie|72\/100\n|-damage|p1b: Arcanine|91\/100|[from] Recoil\n|-damage|p1b: Arcanine|81\/100|[from] item: Life Orb\n|\n|upkeep\n|inactive|saucy_099 has 90 seconds left.\n|\n|t:|1697820618\n|switch|p2a: Sinistcha|Sinistcha|100\/100\n|-heal|p2b: Diancie|97\/100|[from] ability: Hospitality|[of] p2a: Sinistcha\n|turn|6\n|\n|t:|1697820631\n|move|p1b: Arcanine|Protect|p1b: Arcanine\n|-singleturn|p1b: Arcanine|Protect\n|move|p2a: Sinistcha|Protect|p2a: Sinistcha\n|-singleturn|p2a: Sinistcha|Protect\n|move|p1a: Noivern|Dark Pulse|p2a: Sinistcha\n|-activate|p2a: Sinistcha|move: Protect\n|move|p2b: Diancie|Diamond Storm|p1a: Noivern|[spread] p1a\n|-activate|p1b: Arcanine|move: Protect\n|-damage|p1a: Noivern|48\/100\n|-boost|p2b: Diancie|def|2\n|\n|-sideend|p2: saucy_099|move: Light Screen\n|-fieldend|move: Psychic Terrain\n|upkeep\n|turn|7\n|inactive|saucy_099 has 120 seconds left.\n|\n|t:|1697820673\n|switch|p1b: Sinistcha|Sinistcha|100\/100\n|-heal|p1a: Noivern|73\/100|[from] ability: Hospitality|[of] p1b: Sinistcha\n|switch|p2a: Baxcalibur|Baxcalibur, F|100\/100\n|move|p1a: Noivern|Boomburst|p2b: Diancie|[spread] p2a,p2b\n|-immune|p1b: Sinistcha\n|-resisted|p2b: Diancie\n|-damage|p2a: Baxcalibur|15\/100\n|-damage|p2b: Diancie|60\/100\n|move|p2b: Diancie|Diamond Storm|p1b: Sinistcha|[spread] p1a,p1b\n|-damage|p1a: Noivern|31\/100\n|-damage|p1b: Sinistcha|68\/100\n|\n|upkeep\n|turn|8\n|\n|t:|1697820696\n|move|p2b: Diancie|Protect|p2b: Diancie\n|-singleturn|p2b: Diancie|Protect\n|move|p2a: Baxcalibur|Ice Shard|p1a: Noivern\n|-damage|p1a: Noivern|3\/100\n|move|p1a: Noivern|Boomburst|p2b: Diancie|[spread] p2a\n|-activate|p2b: Diancie|move: Protect\n|-immune|p1b: Sinistcha\n|-damage|p2a: Baxcalibur|0 fnt\n|faint|p2a: Baxcalibur\n|move|p1b: Sinistcha|Matcha Gotcha|p2b: Diancie\n|-activate|p2b: Diancie|move: Protect\n|\n|upkeep\n|\n|t:|1697820708\n|switch|p2a: Sinistcha|Sinistcha|100\/100\n|-heal|p2b: Diancie|85\/100|[from] ability: Hospitality|[of] p2a: Sinistcha\n|turn|9\n|\n|t:|1697820723\n|move|p2a: Sinistcha|Protect|p2a: Sinistcha\n|-singleturn|p2a: Sinistcha|Protect\n|move|p1a: Noivern|Hurricane|p2b: Diancie\n|-resisted|p2b: Diancie\n|-damage|p2b: Diancie|48\/100\n|move|p1b: Sinistcha|Matcha Gotcha|p2a: Sinistcha|[spread] p2b\n|-activate|p2a: Sinistcha|move: Protect\n|-supereffective|p2b: Diancie\n|-damage|p2b: Diancie|0 fnt\n|-heal|p1b: Sinistcha|88\/100|[from] drain|[of] p2b: Diancie\n|faint|p2b: Diancie\n|\n|upkeep\n|turn|10\n|\n|t:|1697820736\n|move|p1a: Noivern|Dark Pulse|p2a: Sinistcha\n|-supereffective|p2a: Sinistcha\n|-damage|p2a: Sinistcha|0 fnt\n|faint|p2a: Sinistcha\n|\n|win|Daskhiel02\n|raw|Daskhiel02's rating: 1399 &rarr; <strong>1422<\/strong><br \/>(+23 for winning)\n|raw|saucy_099's rating: 1448 &rarr; <strong>1425<\/strong><br \/>(-23 for losing)\n|c|\u2606Daskhiel02|gg!\n|l|\u2606saucy_099\n","uploadtime":1697820744,"views":21,"p1id":"daskhiel02","p2id":"saucy099","formatid":"gen9doublesou","rating":1422,"private":0,"password":""}