{"id":"gen9doublesou-1990451384","p1":"Lifix Voidwalker","p2":"DanT3rra","format":"[Gen 9] Doubles OU","log":"|j|\u2606Lifix Voidwalker\n|j|\u2606DanT3rra\n|t:|1699972234\n|gametype|doubles\n|player|p1|Lifix Voidwalker|169|1104\n|player|p2|DanT3rra|265|1109\n|teamsize|p1|6\n|teamsize|p2|6\n|gen|9\n|tier|[Gen 9] Doubles OU\n|rated|\n|rule|Species Clause: Limit one of each Pok\u00e9mon\n|rule|OHKO Clause: OHKO moves are banned\n|rule|Evasion Moves Clause: Evasion moves are banned\n|rule|Gravity Sleep Clause: The combination of sleep-inducing moves with imperfect accuracy and Gravity or Gigantamax Orbeetle are banned\n|rule|Endless Battle Clause: Forcing endless battles is banned\n|rule|HP Percentage Mod: HP is shown in percentages\n|clearpoke\n|poke|p1|Arcanine-Hisui, F|\n|poke|p1|Sneasler, M|\n|poke|p1|Kleavor, M|\n|poke|p1|Samurott-Hisui, M|\n|poke|p1|Lilligant-Hisui, F|\n|poke|p1|Basculegion-F, F|\n|poke|p2|Garganacl, F|\n|poke|p2|Clefable, M|\n|poke|p2|Goodra-Hisui, M|\n|poke|p2|Chi-Yu|\n|poke|p2|Indeedee-F, F|\n|poke|p2|Farigiraf, M|\n|teampreview\n|\n|t:|1699972249\n|start\n|switch|p1a: Kleavor|Kleavor, M, shiny|100\/100\n|switch|p1b: Samurnott|Samurott-Hisui, M, shiny|100\/100\n|switch|p2a: Goodra|Goodra-Hisui, M|100\/100\n|switch|p2b: Farigiraf|Farigiraf, M|100\/100\n|turn|1\n|\n|t:|1699972262\n|move|p2b: Farigiraf|Protect|p2b: Farigiraf\n|-singleturn|p2b: Farigiraf|Protect\n|move|p1b: Samurnott|Ceaseless Edge|p2b: Farigiraf\n|-activate|p2b: Farigiraf|move: Protect\n|move|p1a: Kleavor|Stone Axe|p2a: Goodra\n|-resisted|p2a: Goodra\n|-damage|p2a: Goodra|69\/100\n|-ability|p2a: Goodra|Gooey\n|-unboost|p1a: Kleavor|spe|1\n|-sidestart|p2: DanT3rra|move: Stealth Rock\n|move|p2a: Goodra|Acid Armor|p2a: Goodra\n|-boost|p2a: Goodra|def|2\n|\n|upkeep\n|turn|2\n|inactive|Battle timer is ON: inactive players will automatically lose when time's up. (requested by Lifix Voidwalker)\n|\n|t:|1699972301\n|move|p1b: Samurnott|Ceaseless Edge|p2b: Farigiraf\n|-supereffective|p2b: Farigiraf\n|-damage|p2b: Farigiraf|0 fnt\n|-sidestart|p2: DanT3rra|Spikes\n|faint|p2b: Farigiraf\n|move|p1a: Kleavor|Tailwind|p1a: Kleavor\n|-sidestart|p1: Lifix Voidwalker|move: Tailwind\n|move|p2a: Goodra|Flash Cannon|p1a: Kleavor\n|-supereffective|p1a: Kleavor\n|-damage|p1a: Kleavor|0 fnt\n|faint|p1a: Kleavor\n|-damage|p2a: Goodra|59\/100|[from] item: Life Orb\n|\n|upkeep\n|\n|t:|1699972316\n|switch|p1a: Sneasler|Sneasler, M, shiny|100\/100\n|switch|p2b: Clefable|Clefable, M|100\/100\n|turn|3\n|\n|t:|1699972337\n|move|p1a: Sneasler|Fake Out|p2a: Goodra\n|-enditem|p1a: Sneasler|Normal Gem|[from] gem\n|-resisted|p2a: Goodra\n|-damage|p2a: Goodra|54\/100\n|-ability|p2a: Goodra|Gooey\n|-unboost|p1a: Sneasler|spe|1\n|move|p1b: Samurnott|Ceaseless Edge|p2a: Goodra\n|-damage|p2a: Goodra|31\/100\n|-ability|p2a: Goodra|Gooey\n|-unboost|p1b: Samurnott|spe|1\n|-sidestart|p2: DanT3rra|Spikes\n|cant|p2a: Goodra|flinch\n|move|p2b: Clefable|Fake Tears|p1b: Samurnott\n|-unboost|p1b: Samurnott|spd|2\n|\n|upkeep\n|turn|4\n|\n|t:|1699972365\n|move|p2b: Clefable|Follow Me|p2b: Clefable\n|-singleturn|p2b: Clefable|move: Follow Me\n|move|p1a: Sneasler|Dire Claw|p2b: Clefable\n|-supereffective|p2b: Clefable\n|-crit|p2b: Clefable\n|-damage|p2b: Clefable|0 fnt\n|faint|p2b: Clefable\n|move|p1b: Samurnott|Ceaseless Edge|p2a: Goodra\n|-damage|p2a: Goodra|5\/100\n|-ability|p2a: Goodra|Gooey\n|-unboost|p1b: Samurnott|spe|1\n|-sidestart|p2: DanT3rra|Spikes\n|move|p2a: Goodra|Life Dew|p2a: Goodra\n|-heal|p2a: Goodra|30\/100\n|\n|upkeep\n|\n|t:|1699972382\n|switch|p2b: Chi-Yu|Chi-Yu|100\/100\n|-damage|p2b: Chi-Yu|76\/100|[from] Stealth Rock\n|-damage|p2b: Chi-Yu|51\/100|[from] Spikes\n|-ability|p2b: Chi-Yu|Beads of Ruin\n|turn|5\n|\n|t:|1699972395\n|move|p2b: Chi-Yu|Protect|p2b: Chi-Yu\n|-singleturn|p2b: Chi-Yu|Protect\n|move|p1a: Sneasler|Dire Claw|p2b: Chi-Yu\n|-activate|p2b: Chi-Yu|move: Protect\n|move|p1b: Samurnott|Ceaseless Edge|p2a: Goodra\n|-damage|p2a: Goodra|6\/100\n|-ability|p2a: Goodra|Gooey\n|-unboost|p1b: Samurnott|spe|1\n|move|p2a: Goodra|Life Dew|p2a: Goodra|[spread] p2a,p2b\n|-heal|p2a: Goodra|31\/100\n|-heal|p2b: Chi-Yu|76\/100\n|\n|-sideend|p1: Lifix Voidwalker|move: Tailwind\n|upkeep\n|turn|6\n|inactive|DanT3rra has 120 seconds left.\n|\n|t:|1699972436\n|-terastallize|p2b: Chi-Yu|Ghost\n|move|p1a: Sneasler|Dire Claw|p2b: Chi-Yu\n|-resisted|p2b: Chi-Yu\n|-damage|p2b: Chi-Yu|36\/100\n|move|p2b: Chi-Yu|Heat Wave|p1a: Sneasler|[spread] p1a,p1b\n|-resisted|p1b: Samurnott\n|-damage|p1a: Sneasler|19\/100\n|-damage|p1b: Samurnott|19\/100\n|move|p2a: Goodra|Dragon Pulse|p1b: Samurnott\n|-damage|p1b: Samurnott|0 fnt\n|faint|p1b: Samurnott\n|-damage|p2a: Goodra|21\/100|[from] item: Life Orb\n|\n|upkeep\n|\n|t:|1699972453\n|switch|p1b: Basculegion|Basculegion-F, F, shiny|100\/100\n|turn|7\n|\n|t:|1699972466\n|move|p2b: Chi-Yu|Protect|p2b: Chi-Yu\n|-singleturn|p2b: Chi-Yu|Protect\n|move|p1b: Basculegion|Aqua Jet|p2a: Goodra\n|-resisted|p2a: Goodra\n|-damage|p2a: Goodra|16\/100\n|-ability|p2a: Goodra|Gooey\n|-unboost|p1b: Basculegion|spe|1\n|move|p1a: Sneasler|Acrobatics|p2a: Goodra\n|-resisted|p2a: Goodra\n|-damage|p2a: Goodra|7\/100\n|-ability|p2a: Goodra|Gooey\n|-unboost|p1a: Sneasler|spe|1\n|move|p2a: Goodra|Life Dew|p2a: Goodra|[spread] p2a,p2b\n|-heal|p2a: Goodra|32\/100\n|-heal|p2b: Chi-Yu|61\/100\n|\n|upkeep\n|turn|8\n|\n|t:|1699972495\n|move|p1b: Basculegion|Aqua Jet|p2b: Chi-Yu\n|-damage|p2b: Chi-Yu|32\/100\n|move|p1a: Sneasler|Acrobatics|p2a: Goodra\n|-resisted|p2a: Goodra\n|-damage|p2a: Goodra|21\/100\n|-ability|p2a: Goodra|Gooey\n|-unboost|p1a: Sneasler|spe|1\n|move|p2b: Chi-Yu|Heat Wave|p1b: Basculegion|[spread] p1a,p1b\n|-resisted|p1b: Basculegion\n|-crit|p1b: Basculegion\n|-damage|p1a: Sneasler|0 fnt\n|-damage|p1b: Basculegion|72\/100\n|faint|p1a: Sneasler\n|move|p2a: Goodra|Life Dew|p2a: Goodra|[spread] p2a,p2b\n|-heal|p2a: Goodra|46\/100\n|-heal|p2b: Chi-Yu|57\/100\n|\n|upkeep\n|\n|t:|1699972501\n|switch|p1a: Hardcanine|Arcanine-Hisui, F, shiny|100\/100\n|turn|9\n|\n|t:|1699972525\n|move|p2b: Chi-Yu|Protect|p2b: Chi-Yu\n|-singleturn|p2b: Chi-Yu|Protect\n|move|p1b: Basculegion|Aqua Jet|p2a: Goodra\n|-resisted|p2a: Goodra\n|-damage|p2a: Goodra|41\/100\n|-ability|p2a: Goodra|Gooey\n|-unboost|p1b: Basculegion|spe|1\n|move|p1a: Hardcanine|Flare Blitz|p2a: Goodra\n|-damage|p2a: Goodra|4\/100\n|-ability|p2a: Goodra|Gooey\n|-unboost|p1a: Hardcanine|spe|1\n|-damage|p1a: Hardcanine|91\/100|[from] item: Life Orb\n|move|p2a: Goodra|Life Dew|p2a: Goodra|[spread] p2a,p2b\n|-heal|p2a: Goodra|29\/100\n|-heal|p2b: Chi-Yu|82\/100\n|\n|upkeep\n|turn|10\n|inactive|DanT3rra has 120 seconds left.\n|\n|t:|1699972569\n|move|p2b: Chi-Yu|Dark Pulse|p1a: Hardcanine\n|-damage|p1a: Hardcanine|10\/100\n|move|p1a: Hardcanine|Flare Blitz|p2a: Goodra\n|-crit|p2a: Goodra\n|-damage|p2a: Goodra|0 fnt\n|-ability|p2a: Goodra|Gooey\n|-unboost|p1a: Hardcanine|spe|1\n|faint|p2a: Goodra\n|-damage|p1a: Hardcanine|0 fnt|[from] item: Life Orb\n|faint|p1a: Hardcanine\n|move|p1b: Basculegion|Shadow Ball|p2b: Chi-Yu\n|-supereffective|p2b: Chi-Yu\n|-damage|p2b: Chi-Yu|0 fnt\n|faint|p2b: Chi-Yu\n|\n|upkeep\n|inactive|DanT3rra has 120 seconds left.\n|\n|t:|1699972584\n|switch|p1a: Killigant|Lilligant-Hisui, F, shiny|100\/100\n|switch|p2b: Indeedee|Indeedee-F, F|100\/100\n|switch|p2a: Garganacl|Garganacl, F|100\/100\n|-damage|p2b: Indeedee|88\/100|[from] Stealth Rock\n|-damage|p2b: Indeedee|63\/100|[from] Spikes\n|-damage|p2a: Garganacl|88\/100|[from] Stealth Rock\n|-damage|p2a: Garganacl|63\/100|[from] Spikes\n|turn|11\n|\n|t:|1699972600\n|move|p1a: Killigant|Victory Dance|p1a: Killigant\n|-boost|p1a: Killigant|atk|1\n|-boost|p1a: Killigant|def|1\n|-boost|p1a: Killigant|spe|1\n|move|p2b: Indeedee|Heal Pulse|p2a: Garganacl\n|-heal|p2a: Garganacl|100\/100\n|move|p2a: Garganacl|Recover||[still]\n|-fail|p2a: Garganacl|heal\n|move|p1b: Basculegion|Surf|p2a: Garganacl|[spread] p1a,p2a,p2b\n|-resisted|p1a: Killigant\n|-supereffective|p2a: Garganacl\n|-damage|p1a: Killigant|65\/100\n|-damage|p2a: Garganacl|23\/100\n|-damage|p2b: Indeedee|29\/100\n|\n|-heal|p1a: Killigant|71\/100|[from] item: Leftovers\n|-heal|p2a: Garganacl|29\/100|[from] item: Leftovers\n|upkeep\n|turn|12\n|\n|t:|1699972618\n|move|p1b: Basculegion|Aqua Jet|p2a: Garganacl\n|-supereffective|p2a: Garganacl\n|-damage|p2a: Garganacl|13\/100\n|move|p1a: Killigant|Brick Break|p2b: Indeedee\n|-damage|p2b: Indeedee|0 fnt\n|faint|p2b: Indeedee\n|move|p2a: Garganacl|Recover|p2a: Garganacl\n|-heal|p2a: Garganacl|63\/100\n|\n|-heal|p1a: Killigant|77\/100|[from] item: Leftovers\n|-heal|p2a: Garganacl|69\/100|[from] item: Leftovers\n|upkeep\n|turn|13\n|c|\u2606DanT3rra|gg\n|\n|t:|1699972639\n|move|p2a: Garganacl|Protect|p2a: Garganacl\n|-singleturn|p2a: Garganacl|Protect\n|move|p1a: Killigant|Leaf Blade|p2a: Garganacl\n|-activate|p2a: Garganacl|move: Protect\n|move|p1b: Basculegion|Hydro Pump|p2a: Garganacl\n|-activate|p2a: Garganacl|move: Protect\n|\n|-heal|p1a: Killigant|83\/100|[from] item: Leftovers\n|-heal|p2a: Garganacl|75\/100|[from] item: Leftovers\n|upkeep\n|turn|14\n|\n|t:|1699972652\n|move|p1a: Killigant|Leaf Blade|p2a: Garganacl\n|-supereffective|p2a: Garganacl\n|-crit|p2a: Garganacl\n|-damage|p2a: Garganacl|0 fnt\n|faint|p2a: Garganacl\n|\n|win|Lifix Voidwalker\n|raw|Lifix Voidwalker's rating: 1104 &rarr; <strong>1129<\/strong><br \/>(+25 for winning)\n|raw|DanT3rra's rating: 1109 &rarr; <strong>1084<\/strong><br \/>(-25 for losing)\n|c|\u2606Lifix Voidwalker|Gg\n|l|\u2606DanT3rra\n","uploadtime":1699972671,"views":8,"p1id":"lifixvoidwalker","p2id":"dant3rra","formatid":"gen9doublesou","rating":1084,"private":0,"password":""}