{"id":"gen9doublesou-1981698986","p1":"RUMYMOME","p2":"Bunnysai","format":"[Gen 9] Doubles OU","log":"|j|\u2606RUMYMOME\n|j|\u2606Bunnysai\n|inactive|Battle timer is ON: inactive players will automatically lose when time's up.\n|t:|1698934725\n|gametype|doubles\n|player|p1|RUMYMOME|marshal|\n|player|p2|Bunnysai|266|\n|teamsize|p1|6\n|teamsize|p2|6\n|gen|9\n|tier|[Gen 9] Doubles OU\n|rated|Tournament battle\n|rule|Species Clause: Limit one of each Pok\u00e9mon\n|rule|OHKO Clause: OHKO moves are banned\n|rule|Evasion Moves Clause: Evasion moves are banned\n|rule|Gravity Sleep Clause: The combination of sleep-inducing moves with imperfect accuracy and Gravity or Gigantamax Orbeetle are banned\n|rule|Endless Battle Clause: Forcing endless battles is banned\n|rule|HP Percentage Mod: HP is shown in percentages\n|rule|2 Ability Clause: Limit 2 of each ability\n|clearpoke\n|poke|p1|Armarouge, M|\n|poke|p1|Kingambit, M|\n|poke|p1|Hatterene, F|\n|poke|p1|Torkoal, L99, M|\n|poke|p1|Iron Hands|\n|poke|p1|Indeedee-F, F|\n|poke|p2|Rillaboom, M|\n|poke|p2|Ursaluna, M|\n|poke|p2|Cresselia, F|\n|poke|p2|Volcanion|\n|poke|p2|Flutter Mane|\n|poke|p2|Kleavor, F|\n|teampreview\n|j|*Lady Monita \u263d\n|inactive|Bunnysai also wants the timer to be on.\n|\n|t:|1698934733\n|start\n|switch|p1a: Iron Hands|Iron Hands|100\/100\n|switch|p1b: Hatterene|Hatterene, F|100\/100\n|switch|p2a: Rillaboom|Rillaboom, M|100\/100\n|switch|p2b: Kleavor|Kleavor, F|100\/100\n|-fieldstart|move: Grassy Terrain|[from] ability: Grassy Surge|[of] p2a: Rillaboom\n|turn|1\n|\n|t:|1698934748\n|-end|p1a: Iron Hands|Quark Drive|[silent]\n|switch|p1a: Indeedee|Indeedee-F, F|100\/100\n|-fieldstart|move: Psychic Terrain|[from] ability: Psychic Surge|[of] p1a: Indeedee\n|move|p2a: Rillaboom|Fake Out|p1a: Indeedee\n|-activate|p1a: Indeedee|move: Psychic Terrain\n|move|p2b: Kleavor|Stone Axe|p1b: Hatterene\n|-damage|p1b: Hatterene|45\/100\n|-sidestart|p1: RUMYMOME|move: Stealth Rock\n|move|p1b: Hatterene|Trick Room|p1b: Hatterene\n|-fieldstart|move: Trick Room|[of] p1b: Hatterene\n|\n|upkeep\n|turn|2\n|inactive|RUMYMOME has 120 seconds left.\n|\n|t:|1698934784\n|move|p1b: Hatterene|Mystical Fire|p2a: Rillaboom\n|-supereffective|p2a: Rillaboom\n|-damage|p2a: Rillaboom|59\/100\n|-unboost|p2a: Rillaboom|spa|1\n|move|p1a: Indeedee|Psychic|p2b: Kleavor\n|-damage|p2b: Kleavor|24\/100\n|move|p2a: Rillaboom|U-turn|p1a: Indeedee\n|-supereffective|p1a: Indeedee\n|-damage|p1a: Indeedee|30\/100\n|\n|t:|1698934796\n|switch|p2a: Cresselia|Cresselia, F|100\/100|[from] U-turn\n|move|p2b: Kleavor|Stone Axe|p1b: Hatterene\n|-damage|p1b: Hatterene|0 fnt\n|faint|p1b: Hatterene\n|\n|upkeep\n|inactive|RUMYMOME has 120 seconds left.\n|\n|t:|1698934808\n|switch|p1b: Torkoal|Torkoal, L99, M|100\/100\n|-damage|p1b: Torkoal|76\/100|[from] Stealth Rock\n|-weather|SunnyDay|[from] ability: Drought|[of] p1b: Torkoal\n|turn|3\n|\n|t:|1698934834\n|-terastallize|p2a: Cresselia|Dark\n|move|p1b: Torkoal|Eruption|p2a: Cresselia|[spread] p2a,p2b\n|-damage|p2a: Cresselia|67\/100\n|-damage|p2b: Kleavor|0 fnt\n|faint|p2b: Kleavor\n|move|p1a: Indeedee|Hyper Voice|p2a: Cresselia\n|-damage|p2a: Cresselia|45\/100\n|move|p2a: Cresselia|Trick Room|p2a: Cresselia\n|-fieldend|move: Trick Room\n|\n|-weather|SunnyDay|[upkeep]\n|upkeep\n|\n|t:|1698934844\n|switch|p2b: Volcanion|Volcanion|100\/100\n|turn|4\n|inactive|RUMYMOME has 120 seconds left.\n|inactive|RUMYMOME has 90 seconds left.\n|\n|t:|1698934910\n|move|p2b: Volcanion|Steam Eruption|p1a: Indeedee\n|-damage|p1a: Indeedee|3\/100\n|move|p2a: Cresselia|Psychic|p1b: Torkoal\n|-damage|p1b: Torkoal|41\/100\n|-unboost|p1b: Torkoal|spd|1\n|move|p1a: Indeedee|Hyper Voice|p2b: Volcanion|[spread] p2a,p2b\n|-damage|p2a: Cresselia|30\/100\n|-damage|p2b: Volcanion|80\/100\n|move|p1b: Torkoal|Eruption|p2b: Volcanion|[spread] p2a,p2b\n|-resisted|p2b: Volcanion\n|-damage|p2a: Cresselia|12\/100\n|-damage|p2b: Volcanion|74\/100\n|\n|-weather|SunnyDay|[upkeep]\n|upkeep\n|turn|5\n|j| Gyarikkuho\n|l| Gyarikkuho\n|inactive|RUMYMOME has 90 seconds left.\n|\n|t:|1698934939\n|move|p1a: Indeedee|Follow Me|p1a: Indeedee\n|-singleturn|p1a: Indeedee|move: Follow Me\n|move|p2b: Volcanion|Earth Power|p1a: Indeedee\n|-damage|p1a: Indeedee|0 fnt\n|faint|p1a: Indeedee\n|move|p2a: Cresselia|Psychic|p1b: Torkoal\n|-damage|p1b: Torkoal|0 fnt\n|faint|p1b: Torkoal\n|\n|-weather|SunnyDay|[upkeep]\n|upkeep\n|\n|t:|1698934948\n|switch|p1a: Armarouge|Armarouge, M|100\/100\n|switch|p1b: Iron Hands|Iron Hands|100\/100\n|-damage|p1a: Armarouge|76\/100|[from] Stealth Rock\n|-damage|p1b: Iron Hands|94\/100|[from] Stealth Rock\n|turn|6\n|\n|t:|1698934967\n|move|p2b: Volcanion|Earth Power|p1b: Iron Hands\n|-supereffective|p1b: Iron Hands\n|-crit|p1b: Iron Hands\n|-damage|p1b: Iron Hands|36\/100\n|move|p2a: Cresselia|Lunar Blessing|p2a: Cresselia|[spread] p2a,p2b\n|-heal|p2a: Cresselia|37\/100\n|-heal|p2b: Volcanion|99\/100\n|move|p1b: Iron Hands|Wild Charge|p2b: Volcanion\n|-supereffective|p2b: Volcanion\n|-damage|p2b: Volcanion|15\/100\n|-damage|p1b: Iron Hands|19\/100|[from] Recoil\n|move|p1a: Armarouge|Trick Room|p1a: Armarouge\n|-fieldstart|move: Trick Room|[of] p1a: Armarouge\n|\n|-weather|SunnyDay|[upkeep]\n|upkeep\n|turn|7\n|inactive|RUMYMOME has 120 seconds left.\n|\n|t:|1698934985\n|move|p1b: Iron Hands|Drain Punch|p2a: Cresselia\n|-supereffective|p2a: Cresselia\n|-damage|p2a: Cresselia|0 fnt\n|-heal|p1b: Iron Hands|37\/100|[from] drain|[of] p2a: Cresselia\n|faint|p2a: Cresselia\n|move|p1a: Armarouge|Expanding Force|p2b: Volcanion\n|-damage|p2b: Volcanion|0 fnt\n|faint|p2b: Volcanion\n|\n|-weather|none\n|upkeep\n|\n|t:|1698934989\n|switch|p2a: Flutter Mane|Flutter Mane|100\/100\n|switch|p2b: Rillaboom|Rillaboom, M|59\/100\n|-fieldstart|move: Grassy Terrain|[from] ability: Grassy Surge|[of] p2b: Rillaboom\n|turn|8\n|\n|t:|1698935003\n|move|p2b: Rillaboom|Fake Out|p1a: Armarouge\n|-damage|p1a: Armarouge|63\/100\n|move|p1b: Iron Hands|Heavy Slam|p2a: Flutter Mane\n|-supereffective|p2a: Flutter Mane\n|-damage|p2a: Flutter Mane|0 fnt\n|faint|p2a: Flutter Mane\n|-end|p2a: Flutter Mane|Protosynthesis|[silent]\n|cant|p1a: Armarouge|flinch\n|\n|-heal|p1b: Iron Hands|43\/100|[from] Grassy Terrain\n|-heal|p1a: Armarouge|69\/100|[from] Grassy Terrain\n|-heal|p2b: Rillaboom|66\/100|[from] Grassy Terrain\n|upkeep\n|\n|t:|1698935010\n|switch|p2a: Ursaluna|Ursaluna, M|100\/100\n|turn|9\n|inactive|RUMYMOME has 120 seconds left.\n|\n|t:|1698935046\n|-terastallize|p1a: Armarouge|Grass\n|move|p2a: Ursaluna|Headlong Rush|p1a: Armarouge\n|-resisted|p1a: Armarouge\n|-damage|p1a: Armarouge|37\/100\n|-unboost|p2a: Ursaluna|def|1\n|-unboost|p2a: Ursaluna|spd|1\n|move|p1b: Iron Hands|Drain Punch|p2a: Ursaluna\n|-supereffective|p2a: Ursaluna\n|-damage|p2a: Ursaluna|0 fnt\n|-heal|p1b: Iron Hands|88\/100|[from] drain|[of] p2a: Ursaluna\n|faint|p2a: Ursaluna\n|move|p1a: Armarouge|Heat Wave|p2b: Rillaboom\n|-supereffective|p2b: Rillaboom\n|-damage|p2b: Rillaboom|0 fnt\n|faint|p2b: Rillaboom\n|\n|win|RUMYMOME\n|n|\u2606RUMYMOME|rumymome\n|n|\u2606Bunnysai|bunnysai\n|n|*Lady Monita \u263d|ladymonita\n|l|*Lady Monita \u263d\n|l|\u2606Bunnysai\n|l|\u2606RUMYMOME\n|j|\u2606RUMYMOME\n|player|p1|RUMYMOME|marshal\n","uploadtime":1698935568,"views":18,"p1id":"rumymome","p2id":"bunnysai","formatid":"gen9doublesou","rating":0,"private":0,"password":""}