{"id":"gen9doublesou-1991906670","p1":"OPieceOfHeroGhost","p2":"redpkmntrainer14","format":"[Gen 9] Doubles OU","log":"|j|\u2606OPieceOfHeroGhost\n|j|\u2606redpkmntrainer14\n|t:|1700136523\n|gametype|doubles\n|player|p1|OPieceOfHeroGhost|morty|1524\n|player|p2|redpkmntrainer14|guitarist|1570\n|teamsize|p1|6\n|teamsize|p2|6\n|gen|9\n|tier|[Gen 9] Doubles OU\n|rated|\n|rule|Species Clause: Limit one of each Pok\u00e9mon\n|rule|OHKO Clause: OHKO moves are banned\n|rule|Evasion Moves Clause: Evasion moves are banned\n|rule|Gravity Sleep Clause: The combination of sleep-inducing moves with imperfect accuracy and Gravity or Gigantamax Orbeetle are banned\n|rule|Endless Battle Clause: Forcing endless battles is banned\n|rule|HP Percentage Mod: HP is shown in percentages\n|clearpoke\n|poke|p1|Ting-Lu|\n|poke|p1|Cresselia, F|\n|poke|p1|Landorus-Therian, M|\n|poke|p1|Flutter Mane|\n|poke|p1|Iron Hands|\n|poke|p1|Sinistcha-Masterpiece|\n|poke|p2|Articuno-Galar|\n|poke|p2|Bruxish, M|\n|poke|p2|Scizor, F|\n|poke|p2|Pelipper, M|\n|poke|p2|Chien-Pao|\n|poke|p2|Sneasler, M|\n|teampreview\n|\n|t:|1700136531\n|start\n|switch|p1a: \u5a01\u5413No.2|Landorus-Therian, M|100\/100\n|switch|p1b: \u53d1\u59d0\u5929\u4e0b\u65e0\u654c|Flutter Mane|100\/100\n|switch|p2a: homixide meechie|Sneasler, M|100\/100\n|switch|p2b: ken carson|Chien-Pao|100\/100\n|-ability|p1a: \u5a01\u5413No.2|Intimidate|boost\n|-unboost|p2a: homixide meechie|atk|1\n|-unboost|p2b: ken carson|atk|1\n|-ability|p2b: ken carson|Sword of Ruin\n|-enditem|p1b: \u53d1\u59d0\u5929\u4e0b\u65e0\u654c|Booster Energy\n|-activate|p1b: \u53d1\u59d0\u5929\u4e0b\u65e0\u654c|ability: Protosynthesis|[fromitem]\n|-start|p1b: \u53d1\u59d0\u5929\u4e0b\u65e0\u654c|protosynthesisspe\n|turn|1\n|\n|t:|1700136551\n|move|p2a: homixide meechie|Fake Out|p1a: \u5a01\u5413No.2\n|-damage|p1a: \u5a01\u5413No.2|81\/100\n|-damage|p2a: homixide meechie|91\/100|[from] item: Life Orb\n|move|p1b: \u53d1\u59d0\u5929\u4e0b\u65e0\u654c|Moonblast|p2a: homixide meechie\n|-damage|p2a: homixide meechie|27\/100\n|cant|p1a: \u5a01\u5413No.2|flinch\n|move|p2b: ken carson|Ice Spinner|p1a: \u5a01\u5413No.2\n|-supereffective|p1a: \u5a01\u5413No.2\n|-damage|p1a: \u5a01\u5413No.2|0 fnt\n|faint|p1a: \u5a01\u5413No.2\n|\n|upkeep\n|\n|t:|1700136565\n|switch|p1a: \u4f60\u62cd\u4e00\uff0c\u6211\u62cd\u4e8c\uff0c\u5438\u53d6\u62f3\u6765\u4e92\u76f8\u5438|Iron Hands|100\/100\n|turn|2\n|\n|t:|1700136574\n|move|p2b: ken carson|Protect|p2b: ken carson\n|-singleturn|p2b: ken carson|Protect\n|move|p1a: \u4f60\u62cd\u4e00\uff0c\u6211\u62cd\u4e8c\uff0c\u5438\u53d6\u62f3\u6765\u4e92\u76f8\u5438|Fake Out|p2b: ken carson\n|-activate|p2b: ken carson|move: Protect\n|move|p1b: \u53d1\u59d0\u5929\u4e0b\u65e0\u654c|Dazzling Gleam|p2a: homixide meechie|[spread] p2a\n|-activate|p2b: ken carson|move: Protect\n|-damage|p2a: homixide meechie|0 fnt\n|faint|p2a: homixide meechie\n|\n|upkeep\n|\n|t:|1700136582\n|switch|p2a: kingvamp|Scizor, F, shiny|100\/100\n|turn|3\n|\n|t:|1700136596\n|-end|p1b: \u53d1\u59d0\u5929\u4e0b\u65e0\u654c|Protosynthesis|[silent]\n|switch|p1b: \u514b\u96f7\u80fd\u5426\u4e0e\u6211\u4e8e\u6625\u68a6\u4e00\u6e38\uff1f|Cresselia, F|100\/100\n|switch|p2b: bigchill|Pelipper, M, shiny|100\/100\n|-weather|RainDance|[from] ability: Drizzle|[of] p2b: bigchill\n|move|p2a: kingvamp|Bullet Punch|p1b: \u514b\u96f7\u80fd\u5426\u4e0e\u6211\u4e8e\u6625\u68a6\u4e00\u6e38\uff1f\n|-damage|p1b: \u514b\u96f7\u80fd\u5426\u4e0e\u6211\u4e8e\u6625\u68a6\u4e00\u6e38\uff1f|72\/100\n|-damage|p2a: kingvamp|84\/100|[from] item: Rocky Helmet|[of] p1b: \u514b\u96f7\u80fd\u5426\u4e0e\u6211\u4e8e\u6625\u68a6\u4e00\u6e38\uff1f\n|-damage|p2a: kingvamp|74\/100|[from] item: Life Orb\n|move|p1a: \u4f60\u62cd\u4e00\uff0c\u6211\u62cd\u4e8c\uff0c\u5438\u53d6\u62f3\u6765\u4e92\u76f8\u5438|Drain Punch|p2b: bigchill\n|-resisted|p2b: bigchill\n|-damage|p2b: bigchill|80\/100\n|\n|-weather|RainDance|[upkeep]\n|upkeep\n|turn|4\n|\n|t:|1700136622\n|-terastallize|p2a: kingvamp|Ground\n|move|p1b: \u514b\u96f7\u80fd\u5426\u4e0e\u6211\u4e8e\u6625\u68a6\u4e00\u6e38\uff1f|Thunderbolt|p2b: bigchill\n|-supereffective|p2b: bigchill\n|-damage|p2b: bigchill|0 fnt\n|faint|p2b: bigchill\n|move|p2a: kingvamp|Tera Blast|p1a: \u4f60\u62cd\u4e00\uff0c\u6211\u62cd\u4e8c\uff0c\u5438\u53d6\u62f3\u6765\u4e92\u76f8\u5438|[anim] Tera Blast Ground\n|-supereffective|p1a: \u4f60\u62cd\u4e00\uff0c\u6211\u62cd\u4e8c\uff0c\u5438\u53d6\u62f3\u6765\u4e92\u76f8\u5438\n|-damage|p1a: \u4f60\u62cd\u4e00\uff0c\u6211\u62cd\u4e8c\uff0c\u5438\u53d6\u62f3\u6765\u4e92\u76f8\u5438|25\/100\n|-damage|p2a: kingvamp|64\/100|[from] item: Life Orb\n|move|p1a: \u4f60\u62cd\u4e00\uff0c\u6211\u62cd\u4e8c\uff0c\u5438\u53d6\u62f3\u6765\u4e92\u76f8\u5438|Volt Switch|p2a: kingvamp\n|-immune|p2a: kingvamp\n|\n|-weather|RainDance|[upkeep]\n|upkeep\n|\n|t:|1700136640\n|switch|p2b: ripjaws|Bruxish, M, shiny|100\/100\n|turn|5\n|\n|t:|1700136649\n|-end|p1a: \u4f60\u62cd\u4e00\uff0c\u6211\u62cd\u4e8c\uff0c\u5438\u53d6\u62f3\u6765\u4e92\u76f8\u5438|Quark Drive|[silent]\n|switch|p1a: \u5df2\u5931\u4e00\u523b\uff0c\u4e00\u523b\u4e00\u523b\u4e00\u523b\uff01|Sinistcha-Masterpiece|100\/100\n|-heal|p1b: \u514b\u96f7\u80fd\u5426\u4e0e\u6211\u4e8e\u6625\u68a6\u4e00\u6e38\uff1f|97\/100|[from] ability: Hospitality|[of] p1a: \u5df2\u5931\u4e00\u523b\uff0c\u4e00\u523b\u4e00\u523b\u4e00\u523b\uff01\n|move|p2b: ripjaws|Aqua Jet|p1a: \u5df2\u5931\u4e00\u523b\uff0c\u4e00\u523b\u4e00\u523b\u4e00\u523b\uff01\n|-resisted|p1a: \u5df2\u5931\u4e00\u523b\uff0c\u4e00\u523b\u4e00\u523b\u4e00\u523b\uff01\n|-damage|p1a: \u5df2\u5931\u4e00\u523b\uff0c\u4e00\u523b\u4e00\u523b\u4e00\u523b\uff01|85\/100\n|-damage|p2b: ripjaws|91\/100|[from] item: Life Orb\n|move|p1b: \u514b\u96f7\u80fd\u5426\u4e0e\u6211\u4e8e\u6625\u68a6\u4e00\u6e38\uff1f|Thunderbolt|p2b: ripjaws\n|-supereffective|p2b: ripjaws\n|-damage|p2b: ripjaws|37\/100\n|move|p2a: kingvamp|X-Scissor|p1b: \u514b\u96f7\u80fd\u5426\u4e0e\u6211\u4e8e\u6625\u68a6\u4e00\u6e38\uff1f\n|-supereffective|p1b: \u514b\u96f7\u80fd\u5426\u4e0e\u6211\u4e8e\u6625\u68a6\u4e00\u6e38\uff1f\n|-damage|p1b: \u514b\u96f7\u80fd\u5426\u4e0e\u6211\u4e8e\u6625\u68a6\u4e00\u6e38\uff1f|15\/100\n|-damage|p2a: kingvamp|48\/100|[from] item: Rocky Helmet|[of] p1b: \u514b\u96f7\u80fd\u5426\u4e0e\u6211\u4e8e\u6625\u68a6\u4e00\u6e38\uff1f\n|-damage|p2a: kingvamp|38\/100|[from] item: Life Orb\n|\n|-weather|RainDance|[upkeep]\n|-heal|p1a: \u5df2\u5931\u4e00\u523b\uff0c\u4e00\u523b\u4e00\u523b\u4e00\u523b\uff01|91\/100|[from] item: Leftovers\n|upkeep\n|turn|6\n|\n|t:|1700136676\n|switch|p2b: jetray|Articuno-Galar|100\/100\n|switch|p1b: \u53d1\u59d0\u5929\u4e0b\u65e0\u654c|Flutter Mane|100\/100\n|switch|p2a: ken carson|Chien-Pao|100\/100\n|-ability|p2a: ken carson|Sword of Ruin\n|move|p1a: \u5df2\u5931\u4e00\u523b\uff0c\u4e00\u523b\u4e00\u523b\u4e00\u523b\uff01|Matcha Gotcha|p2a: ken carson|[spread] p2a,p2b\n|-resisted|p2b: jetray\n|-damage|p2a: ken carson|59\/100\n|-heal|p1a: \u5df2\u5931\u4e00\u523b\uff0c\u4e00\u523b\u4e00\u523b\u4e00\u523b\uff01|100\/100|[from] drain|[of] p2a: ken carson\n|-damage|p2b: jetray|86\/100\n|-status|p2a: ken carson|brn\n|\n|-weather|RainDance|[upkeep]\n|-damage|p2a: ken carson|53\/100 brn|[from] brn\n|upkeep\n|turn|7\n|\n|t:|1700136722\n|move|p2b: jetray|Protect|p2b: jetray\n|-singleturn|p2b: jetray|Protect\n|move|p1a: \u5df2\u5931\u4e00\u523b\uff0c\u4e00\u523b\u4e00\u523b\u4e00\u523b\uff01|Rage Powder|p1a: \u5df2\u5931\u4e00\u523b\uff0c\u4e00\u523b\u4e00\u523b\u4e00\u523b\uff01\n|-singleturn|p1a: \u5df2\u5931\u4e00\u523b\uff0c\u4e00\u523b\u4e00\u523b\u4e00\u523b\uff01|move: Rage Powder\n|move|p1b: \u53d1\u59d0\u5929\u4e0b\u65e0\u654c|Dazzling Gleam|p2b: jetray|[spread] p2a\n|-activate|p2b: jetray|move: Protect\n|-supereffective|p2a: ken carson\n|-damage|p2a: ken carson|0 fnt\n|faint|p2a: ken carson\n|\n|-weather|RainDance|[upkeep]\n|upkeep\n|\n|t:|1700136733\n|switch|p2a: ripjaws|Bruxish, M, shiny|37\/100\n|turn|8\n|\n|t:|1700136743\n|move|p1a: \u5df2\u5931\u4e00\u523b\uff0c\u4e00\u523b\u4e00\u523b\u4e00\u523b\uff01|Rage Powder|p1a: \u5df2\u5931\u4e00\u523b\uff0c\u4e00\u523b\u4e00\u523b\u4e00\u523b\uff01\n|-singleturn|p1a: \u5df2\u5931\u4e00\u523b\uff0c\u4e00\u523b\u4e00\u523b\u4e00\u523b\uff01|move: Rage Powder\n|move|p1b: \u53d1\u59d0\u5929\u4e0b\u65e0\u654c|Dazzling Gleam|p2b: jetray|[spread] p2a,p2b\n|-damage|p2a: ripjaws|0 fnt\n|-damage|p2b: jetray|55\/100\n|faint|p2a: ripjaws\n|move|p2b: jetray|Shadow Ball|p1a: \u5df2\u5931\u4e00\u523b\uff0c\u4e00\u523b\u4e00\u523b\u4e00\u523b\uff01\n|-supereffective|p1a: \u5df2\u5931\u4e00\u523b\uff0c\u4e00\u523b\u4e00\u523b\u4e00\u523b\uff01\n|-damage|p1a: \u5df2\u5931\u4e00\u523b\uff0c\u4e00\u523b\u4e00\u523b\u4e00\u523b\uff01|23\/100\n|-damage|p2b: jetray|45\/100|[from] item: Life Orb\n|\n|-weather|RainDance|[upkeep]\n|-heal|p1a: \u5df2\u5931\u4e00\u523b\uff0c\u4e00\u523b\u4e00\u523b\u4e00\u523b\uff01|30\/100|[from] item: Leftovers\n|upkeep\n|\n|t:|1700136746\n|switch|p2a: kingvamp|Scizor, F, shiny, tera:Ground|38\/100\n|turn|9\n|\n|t:|1700136763\n|-terastallize|p1a: \u5df2\u5931\u4e00\u523b\uff0c\u4e00\u523b\u4e00\u523b\u4e00\u523b\uff01|Fire\n|move|p1b: \u53d1\u59d0\u5929\u4e0b\u65e0\u654c|Protect|p1b: \u53d1\u59d0\u5929\u4e0b\u65e0\u654c\n|-singleturn|p1b: \u53d1\u59d0\u5929\u4e0b\u65e0\u654c|Protect\n|move|p2a: kingvamp|Bullet Punch|p1b: \u53d1\u59d0\u5929\u4e0b\u65e0\u654c\n|-activate|p1b: \u53d1\u59d0\u5929\u4e0b\u65e0\u654c|move: Protect\n|move|p2b: jetray|Shadow Ball|p1b: \u53d1\u59d0\u5929\u4e0b\u65e0\u654c\n|-activate|p1b: \u53d1\u59d0\u5929\u4e0b\u65e0\u654c|move: Protect\n|move|p1a: \u5df2\u5931\u4e00\u523b\uff0c\u4e00\u523b\u4e00\u523b\u4e00\u523b\uff01|Matcha Gotcha|p2a: kingvamp|[spread] p2b\n|-miss|p1a: \u5df2\u5931\u4e00\u523b\uff0c\u4e00\u523b\u4e00\u523b\u4e00\u523b\uff01|p2a: kingvamp\n|-resisted|p2b: jetray\n|-damage|p2b: jetray|30\/100\n|-heal|p1a: \u5df2\u5931\u4e00\u523b\uff0c\u4e00\u523b\u4e00\u523b\u4e00\u523b\uff01|37\/100|[from] drain|[of] p2b: jetray\n|\n|-weather|RainDance|[upkeep]\n|-heal|p1a: \u5df2\u5931\u4e00\u523b\uff0c\u4e00\u523b\u4e00\u523b\u4e00\u523b\uff01|43\/100|[from] item: Leftovers\n|upkeep\n|turn|10\n|\n|t:|1700136788\n|-end|p1b: \u53d1\u59d0\u5929\u4e0b\u65e0\u654c|Protosynthesis|[silent]\n|switch|p1b: \u4f60\u62cd\u4e00\uff0c\u6211\u62cd\u4e8c\uff0c\u5438\u53d6\u62f3\u6765\u4e92\u76f8\u5438|Iron Hands|25\/100\n|move|p2a: kingvamp|Bullet Punch|p1b: \u4f60\u62cd\u4e00\uff0c\u6211\u62cd\u4e8c\uff0c\u5438\u53d6\u62f3\u6765\u4e92\u76f8\u5438\n|-resisted|p1b: \u4f60\u62cd\u4e00\uff0c\u6211\u62cd\u4e8c\uff0c\u5438\u53d6\u62f3\u6765\u4e92\u76f8\u5438\n|-damage|p1b: \u4f60\u62cd\u4e00\uff0c\u6211\u62cd\u4e8c\uff0c\u5438\u53d6\u62f3\u6765\u4e92\u76f8\u5438|11\/100\n|-damage|p2a: kingvamp|28\/100|[from] item: Life Orb\n|move|p2b: jetray|Hurricane|p1a: \u5df2\u5931\u4e00\u523b\uff0c\u4e00\u523b\u4e00\u523b\u4e00\u523b\uff01\n|-damage|p1a: \u5df2\u5931\u4e00\u523b\uff0c\u4e00\u523b\u4e00\u523b\u4e00\u523b\uff01|0 fnt\n|faint|p1a: \u5df2\u5931\u4e00\u523b\uff0c\u4e00\u523b\u4e00\u523b\u4e00\u523b\uff01\n|-damage|p2b: jetray|20\/100|[from] item: Life Orb\n|\n|-weather|none\n|upkeep\n|\n|t:|1700136802\n|switch|p1a: \u53d1\u59d0\u5929\u4e0b\u65e0\u654c|Flutter Mane|100\/100\n|turn|11\n|\n|t:|1700136808\n|move|p2b: jetray|Protect|p2b: jetray\n|-singleturn|p2b: jetray|Protect\n|move|p1b: \u4f60\u62cd\u4e00\uff0c\u6211\u62cd\u4e8c\uff0c\u5438\u53d6\u62f3\u6765\u4e92\u76f8\u5438|Fake Out|p2a: kingvamp\n|-damage|p2a: kingvamp|14\/100\n|cant|p2a: kingvamp|flinch\n|move|p1a: \u53d1\u59d0\u5929\u4e0b\u65e0\u654c|Dazzling Gleam|p2b: jetray|[spread] p2a\n|-activate|p2b: jetray|move: Protect\n|-damage|p2a: kingvamp|0 fnt\n|faint|p2a: kingvamp\n|\n|upkeep\n|turn|12\n|-message|redpkmntrainer14 forfeited.\n|\n|win|OPieceOfHeroGhost\n|raw|OPieceOfHeroGhost's rating: 1524 &rarr; <strong>1547<\/strong><br \/>(+23 for winning)\n|raw|redpkmntrainer14's rating: 1570 &rarr; <strong>1547<\/strong><br \/>(-23 for losing)\n|l|\u2606redpkmntrainer14\n","uploadtime":1700136823,"views":6,"p1id":"opieceofheroghost","p2id":"redpkmntrainer14","formatid":"gen9doublesou","rating":1547,"private":0,"password":""}