{"id":"gen9doublesou-1981226602","p1":"Jake42069","p2":"iamafanofyou","format":"[Gen 9] Doubles OU","log":"|j|\u2606Jake42069\n|j|\u2606iamafanofyou\n|t:|1698874186\n|gametype|doubles\n|player|p1|Jake42069|2|1215\n|player|p2|iamafanofyou|colress-gen7|1120\n|teamsize|p1|6\n|teamsize|p2|6\n|gen|9\n|tier|[Gen 9] Doubles OU\n|rated|\n|rule|Species Clause: Limit one of each Pok\u00e9mon\n|rule|OHKO Clause: OHKO moves are banned\n|rule|Evasion Moves Clause: Evasion moves are banned\n|rule|Gravity Sleep Clause: The combination of sleep-inducing moves with imperfect accuracy and Gravity or Gigantamax Orbeetle are banned\n|rule|Endless Battle Clause: Forcing endless battles is banned\n|rule|HP Percentage Mod: HP is shown in percentages\n|clearpoke\n|poke|p1|Breloom, M|\n|poke|p1|Sableye, M|\n|poke|p1|Illumise, F|\n|poke|p1|Mightyena, M|\n|poke|p1|Tauros-Paldea-Blaze, M|\n|poke|p1|Froslass, F|\n|poke|p2|Politoed, M|\n|poke|p2|Zapdos|\n|poke|p2|Ting-Lu|\n|poke|p2|Amoonguss, M|\n|poke|p2|Sylveon, M|\n|poke|p2|Landorus-Therian, M|\n|teampreview\n|\n|t:|1698874197\n|start\n|switch|p1a: Breloom|Breloom, M|100\/100\n|switch|p1b: Sableye|Sableye, M|100\/100\n|switch|p2a: Politoed|Politoed, M|100\/100\n|switch|p2b: Zapdos|Zapdos|100\/100\n|-weather|RainDance|[from] ability: Drizzle|[of] p2a: Politoed\n|turn|1\n|\n|t:|1698874211\n|move|p1b: Sableye|Trick|p2b: Zapdos\n|-activate|p1b: Sableye|move: Trick|[of] p2b: Zapdos\n|-item|p2b: Zapdos|Choice Scarf|[from] move: Trick\n|-item|p1b: Sableye|Leftovers|[from] move: Trick\n|move|p2b: Zapdos|Hurricane|p1a: Breloom\n|-supereffective|p1a: Breloom\n|-damage|p1a: Breloom|0 fnt\n|faint|p1a: Breloom\n|move|p2a: Politoed|Ice Beam|p1b: Sableye\n|-damage|p1b: Sableye|65\/100\n|\n|-weather|RainDance|[upkeep]\n|-heal|p1b: Sableye|71\/100|[from] item: Leftovers\n|upkeep\n|\n|t:|1698874230\n|switch|p1a: Froslass|Froslass, F|100\/100\n|turn|2\n|\n|t:|1698874241\n|move|p1b: Sableye|Disable|p2b: Zapdos\n|-start|p2b: Zapdos|Disable|Hurricane\n|cant|p2b: Zapdos|Disable|Hurricane\n|move|p1a: Froslass|Blizzard|p2b: Zapdos|[spread] \n|-miss|p1a: Froslass|p2a: Politoed\n|-miss|p1a: Froslass|p2b: Zapdos\n|move|p2a: Politoed|Weather Ball|p1a: Froslass\n|-damage|p1a: Froslass|0 fnt\n|-start|p2a: Politoed|Disable|Weather Ball|[from] ability: Cursed Body|[of] p1a: Froslass\n|faint|p1a: Froslass\n|\n|-weather|RainDance|[upkeep]\n|-heal|p1b: Sableye|77\/100|[from] item: Leftovers\n|upkeep\n|\n|t:|1698874264\n|switch|p1a: Tauros|Tauros-Paldea-Blaze, M|100\/100\n|turn|3\n|\n|t:|1698874285\n|switch|p2b: Ting-Lu|Ting-Lu|100\/100\n|-ability|p2b: Ting-Lu|Vessel of Ruin\n|switch|p2a: Landorus|Landorus-Therian, M|100\/100\n|-ability|p2a: Landorus|Intimidate|boost\n|-unboost|p1a: Tauros|atk|1\n|-unboost|p1b: Sableye|atk|1\n|move|p1b: Sableye|Will-O-Wisp|p2a: Landorus\n|-status|p2a: Landorus|brn\n|move|p1a: Tauros|Flame Charge|p2b: Ting-Lu\n|-damage|p2b: Ting-Lu|96\/100\n|-boost|p1a: Tauros|spe|1\n|\n|-weather|RainDance|[upkeep]\n|-heal|p1b: Sableye|84\/100|[from] item: Leftovers\n|-damage|p2a: Landorus|95\/100 brn|[from] brn\n|upkeep\n|turn|4\n|\n|t:|1698874297\n|switch|p1a: Illumise|Illumise, F|100\/100\n|move|p1b: Sableye|Will-O-Wisp|p2b: Ting-Lu\n|-hint|Since gen 7, Dark is immune to Prankster moves.\n|-immune|p2b: Ting-Lu\n|move|p2a: Landorus|Stomping Tantrum|p1a: Illumise\n|-resisted|p1a: Illumise\n|-damage|p1a: Illumise|89\/100\n|move|p2b: Ting-Lu|Stomping Tantrum|p1a: Illumise\n|-resisted|p1a: Illumise\n|-damage|p1a: Illumise|74\/100\n|\n|-weather|RainDance|[upkeep]\n|-heal|p1b: Sableye|90\/100|[from] item: Leftovers\n|-damage|p2a: Landorus|89\/100 brn|[from] brn\n|upkeep\n|turn|5\n|\n|t:|1698874315\n|move|p1a: Illumise|Tailwind|p1a: Illumise\n|-sidestart|p1: Jake42069|move: Tailwind\n|move|p1b: Sableye|Disable|p2b: Ting-Lu\n|-hint|Since gen 7, Dark is immune to Prankster moves.\n|-immune|p2b: Ting-Lu\n|move|p2a: Landorus|Fly||[still]\n|-prepare|p2a: Landorus|Fly\n|move|p2b: Ting-Lu|Stone Edge|p1a: Illumise\n|-supereffective|p1a: Illumise\n|-damage|p1a: Illumise|22\/100\n|-enditem|p1a: Illumise|Aguav Berry|[eat]\n|-heal|p1a: Illumise|55\/100|[from] item: Aguav Berry\n|\n|-weather|RainDance|[upkeep]\n|-heal|p1b: Sableye|96\/100|[from] item: Leftovers\n|-damage|p2a: Landorus|83\/100 brn|[from] brn\n|upkeep\n|turn|6\n|\n|t:|1698874341\n|switch|p1b: Mightyena|Mightyena, M|100\/100\n|-ability|p1b: Mightyena|Intimidate|boost\n|-unboost|p2a: Landorus|atk|1\n|-unboost|p2b: Ting-Lu|atk|1\n|move|p1a: Illumise|Protect|p1a: Illumise\n|-singleturn|p1a: Illumise|Protect\n|move|p2a: Landorus|Fly|p1a: Illumise|[from]lockedmove\n|-activate|p1a: Illumise|move: Protect\n|move|p2b: Ting-Lu|Stone Edge|p1a: Illumise\n|-activate|p1a: Illumise|move: Protect\n|\n|-weather|RainDance|[upkeep]\n|-damage|p2a: Landorus|77\/100 brn|[from] brn\n|upkeep\n|turn|7\n|\n|t:|1698874364\n|switch|p1a: Sableye|Sableye, M|96\/100\n|move|p1b: Mightyena|Crunch|p2a: Landorus\n|-damage|p2a: Landorus|39\/100 brn\n|move|p2a: Landorus|Brick Break|p1b: Mightyena\n|-supereffective|p1b: Mightyena\n|-damage|p1b: Mightyena|71\/100\n|move|p2b: Ting-Lu|Stone Edge|p1a: Sableye\n|-damage|p1a: Sableye|74\/100\n|\n|-weather|RainDance|[upkeep]\n|-heal|p1b: Mightyena|77\/100|[from] item: Leftovers\n|-heal|p1a: Sableye|80\/100|[from] item: Leftovers\n|-damage|p2a: Landorus|33\/100 brn|[from] brn\n|upkeep\n|turn|8\n|\n|t:|1698874386\n|move|p1a: Sableye|Disable|p2a: Landorus\n|-start|p2a: Landorus|Disable|Brick Break\n|move|p1b: Mightyena|Crunch|p2a: Landorus\n|-damage|p2a: Landorus|0 fnt\n|faint|p2a: Landorus\n|move|p2b: Ting-Lu|Heavy Slam|p1a: Sableye\n|-damage|p1a: Sableye|54\/100\n|\n|-weather|none\n|-heal|p1b: Mightyena|83\/100|[from] item: Leftovers\n|-heal|p1a: Sableye|60\/100|[from] item: Leftovers\n|-sideend|p1: Jake42069|move: Tailwind\n|upkeep\n|\n|t:|1698874393\n|switch|p2a: Sylveon|Sylveon, M|100\/100\n|turn|9\n|\n|t:|1698874405\n|switch|p1a: Tauros|Tauros-Paldea-Blaze, M|100\/100\n|move|p1b: Mightyena|Howl|p1b: Mightyena|[spread] p1a,p1b\n|-boost|p1a: Tauros|atk|1\n|-boost|p1b: Mightyena|atk|1\n|move|p2a: Sylveon|Hyper Voice|p1a: Tauros|[spread] p1a,p1b\n|-supereffective|p1b: Mightyena\n|-damage|p1a: Tauros|21\/100\n|-damage|p1b: Mightyena|0 fnt\n|-enditem|p1a: Tauros|Aguav Berry|[eat]\n|-heal|p1a: Tauros|55\/100|[from] item: Aguav Berry\n|faint|p1b: Mightyena\n|move|p2b: Ting-Lu|Heavy Slam|p1a: Tauros\n|-resisted|p1a: Tauros\n|-damage|p1a: Tauros|43\/100\n|\n|upkeep\n|\n|t:|1698874419\n|switch|p1b: Illumise|Illumise, F|55\/100\n|turn|10\n|\n|t:|1698874425\n|switch|p2b: Zapdos|Zapdos|100\/100\n|move|p1b: Illumise|Tailwind|p1b: Illumise\n|-sidestart|p1: Jake42069|move: Tailwind\n|move|p1a: Tauros|Iron Head|p2a: Sylveon\n|-supereffective|p2a: Sylveon\n|-damage|p2a: Sylveon|2\/100\n|move|p2a: Sylveon|Hyper Voice|p1a: Tauros|[spread] p1a,p1b\n|-damage|p1a: Tauros|0 fnt\n|-damage|p1b: Illumise|0 fnt\n|faint|p1a: Tauros\n|faint|p1b: Illumise\n|\n|upkeep\n|\n|t:|1698874436\n|switch|p1b: Sableye|Sableye, M|60\/100\n|turn|11\n|\n|t:|1698874442\n|switch|p2a: Politoed|Politoed, M|100\/100\n|-weather|RainDance|[from] ability: Drizzle|[of] p2a: Politoed\n|move|p1b: Sableye|Disable||[still]\n|-fail|p1b: Sableye\n|move|p2b: Zapdos|Thunder|p1b: Sableye\n|-damage|p1b: Sableye|0 fnt\n|faint|p1b: Sableye\n|\n|win|iamafanofyou\n|raw|Jake42069's rating: 1215 &rarr; <strong>1183<\/strong><br \/>(-32 for losing)\n|raw|iamafanofyou's rating: 1120 &rarr; <strong>1152<\/strong><br \/>(+32 for winning)\n|c|\u2606iamafanofyou|gg\n","uploadtime":1698874467,"views":53,"p1id":"jake42069","p2id":"iamafanofyou","formatid":"gen9doublesou","rating":1152,"private":0,"password":""}