{"id":"gen9doublesou-1989870888","p1":"superkajo","p2":"ShadowGlaciar","format":"[Gen 9] Doubles OU","log":"|j|\u2606superkajo\n|j|\u2606ShadowGlaciar\n|t:|1699902649\n|gametype|doubles\n|player|p1|superkajo|265|1039\n|player|p2|ShadowGlaciar|raihan|1039\n|teamsize|p1|4\n|teamsize|p2|6\n|gen|9\n|tier|[Gen 9] Doubles OU\n|rated|\n|rule|Species Clause: Limit one of each Pok\u00e9mon\n|rule|OHKO Clause: OHKO moves are banned\n|rule|Evasion Moves Clause: Evasion moves are banned\n|rule|Gravity Sleep Clause: The combination of sleep-inducing moves with imperfect accuracy and Gravity or Gigantamax Orbeetle are banned\n|rule|Endless Battle Clause: Forcing endless battles is banned\n|rule|HP Percentage Mod: HP is shown in percentages\n|clearpoke\n|poke|p1|Palafin, F|\n|poke|p1|Coalossal, F|\n|poke|p1|Torkoal, M|\n|poke|p1|Pelipper, F|\n|poke|p2|Scovillain, M|\n|poke|p2|Hatterene, F|\n|poke|p2|Ogerpon-Hearthflame, F|\n|poke|p2|Raichu-Alola, M|\n|poke|p2|Pincurchin, M|\n|poke|p2|Baxcalibur, F|\n|teampreview\n|\n|t:|1699902662\n|start\n|switch|p1a: Palafin|Palafin, F|100\/100\n|switch|p1b: Coalossal|Coalossal, F, shiny|100\/100\n|switch|p2a: Scovillain|Scovillain, M|100\/100\n|switch|p2b: Baxcalibur|Baxcalibur, F|100\/100\n|turn|1\n|\n|t:|1699902680\n|-terastallize|p1b: Coalossal|Water\n|move|p1a: Palafin|Flip Turn|p1b: Coalossal\n|-resisted|p1b: Coalossal\n|-damage|p1b: Coalossal|93\/100\n|-ability|p1b: Coalossal|Steam Engine|boost\n|-boost|p1b: Coalossal|spe|6\n|\n|t:|1699902689\n|detailschange|p1a: Palafin|Palafin-Hero, F\n|switch|p1a: Torkoal|Torkoal, M, shiny|100\/100|[from] Flip Turn\n|-weather|SunnyDay|[from] ability: Drought|[of] p1a: Torkoal\n|move|p1b: Coalossal|Heat Wave|p2a: Scovillain|[spread] p2a,p2b\n|-crit|p2b: Baxcalibur\n|-damage|p2a: Scovillain|54\/100\n|-damage|p2b: Baxcalibur|37\/100\n|-ability|p2b: Baxcalibur|Thermal Exchange|boost\n|-boost|p2b: Baxcalibur|atk|1\n|move|p2b: Baxcalibur|Glaive Rush|p1b: Coalossal\n|-damage|p1b: Coalossal|25\/100\n|-singlemove|p2b: Baxcalibur|Glaive Rush|[silent]\n|move|p2a: Scovillain|Spicy Extract|p2b: Baxcalibur\n|-boost|p2b: Baxcalibur|atk|2\n|-unboost|p2b: Baxcalibur|def|2\n|-enditem|p2b: Baxcalibur|White Herb\n|-clearnegativeboost|p2b: Baxcalibur|[silent]\n|\n|-weather|SunnyDay|[upkeep]\n|-ability|p2a: Scovillain|Moody|boost\n|-boost|p2a: Scovillain|spa|2\n|-unboost|p2a: Scovillain|def|1\n|upkeep\n|turn|2\n|\n|t:|1699902721\n|move|p1b: Coalossal|Heat Wave|p2b: Baxcalibur|[spread] p2a,p2b\n|-damage|p2a: Scovillain|9\/100\n|-damage|p2b: Baxcalibur|0 fnt\n|faint|p2b: Baxcalibur\n|move|p2a: Scovillain|Leech Seed|p1a: Torkoal|[miss]\n|-miss|p2a: Scovillain|p1a: Torkoal\n|move|p1a: Torkoal|Clear Smog|p2a: Scovillain\n|-supereffective|p2a: Scovillain\n|-damage|p2a: Scovillain|0 fnt\n|-clearboost|p2a: Scovillain\n|faint|p2a: Scovillain\n|\n|-weather|SunnyDay|[upkeep]\n|upkeep\n|\n|t:|1699902730\n|switch|p2b: Raichu|Raichu-Alola, M|100\/100\n|switch|p2a: MY ACE|Pincurchin, M|100\/100\n|-fieldstart|move: Electric Terrain|[from] ability: Electric Surge|[of] p2a: MY ACE\n|turn|3\n|\n|t:|1699902748\n|move|p2b: Raichu|Fake Out|p1b: Coalossal\n|-damage|p1b: Coalossal|19\/100\n|move|p2a: MY ACE|Sucker Punch|p1b: Coalossal\n|-damage|p1b: Coalossal|3\/100\n|cant|p1b: Coalossal|flinch\n|move|p1a: Torkoal|Yawn|p2a: MY ACE\n|-activate|p2a: MY ACE|move: Electric Terrain\n|\n|-weather|SunnyDay|[upkeep]\n|upkeep\n|turn|4\n|\n|t:|1699902771\n|move|p1b: Coalossal|Protect|p1b: Coalossal\n|-singleturn|p1b: Coalossal|Protect\n|move|p2a: MY ACE|Sucker Punch||[still]\n|-fail|p2a: MY ACE\n|move|p2b: Raichu|Discharge|p1b: Coalossal|[spread] p2a,p1a\n|-activate|p1b: Coalossal|move: Protect\n|-resisted|p2a: MY ACE\n|-damage|p2a: MY ACE|78\/100\n|-damage|p1a: Torkoal|57\/100\n|-status|p1a: Torkoal|par\n|move|p1a: Torkoal|Stealth Rock|p2b: Raichu\n|-sidestart|p2: ShadowGlaciar|move: Stealth Rock\n|\n|-weather|SunnyDay|[upkeep]\n|-heal|p1a: Torkoal|64\/100 par|[from] item: Leftovers\n|upkeep\n|turn|5\n|\n|t:|1699902788\n|move|p2a: MY ACE|Sucker Punch|p1b: Coalossal\n|-damage|p1b: Coalossal|0 fnt\n|faint|p1b: Coalossal\n|move|p2b: Raichu|Discharge|p1a: Torkoal|[spread] p2a,p1a\n|-resisted|p2a: MY ACE\n|-damage|p2a: MY ACE|56\/100\n|-damage|p1a: Torkoal|18\/100 par\n|move|p1a: Torkoal|Fire Blast|p2a: MY ACE|[miss]\n|-miss|p1a: Torkoal|p2a: MY ACE\n|\n|-weather|none\n|-heal|p1a: Torkoal|24\/100 par|[from] item: Leftovers\n|upkeep\n|\n|t:|1699902807\n|switch|p1b: Pelipper|Pelipper, F|100\/100\n|-weather|RainDance|[from] ability: Drizzle|[of] p1b: Pelipper\n|turn|6\n|\n|t:|1699902818\n|move|p2b: Raichu|Discharge|p1b: Pelipper|[spread] p2a,p1a,p1b\n|-resisted|p2a: MY ACE\n|-supereffective|p1b: Pelipper\n|-damage|p2a: MY ACE|32\/100\n|-damage|p1a: Torkoal|0 fnt\n|-damage|p1b: Pelipper|0 fnt\n|faint|p1a: Torkoal\n|faint|p1b: Pelipper\n|move|p2a: MY ACE|Acupressure|p2a: MY ACE\n|-boost|p2a: MY ACE|def|2\n|\n|-weather|RainDance|[upkeep]\n|upkeep\n|\n|t:|1699902826\n|switch|p1b: Palafin|Palafin-Hero, F|100\/100\n|-activate|p1b: Palafin|ability: Zero to Hero\n|turn|7\n|\n|t:|1699902835\n|switch|p2b: Hatterene|Hatterene, F|100\/100\n|-damage|p2b: Hatterene|88\/100|[from] Stealth Rock\n|switch|p2a: Ogerpon|Ogerpon-Hearthflame, F|100\/100\n|-damage|p2a: Ogerpon|76\/100|[from] Stealth Rock\n|-ability|p2a: Ogerpon|Mold Breaker\n|move|p1b: Palafin|Drain Punch|p2a: Ogerpon\n|-damage|p2a: Ogerpon|36\/100\n|\n|-weather|RainDance|[upkeep]\n|upkeep\n|turn|8\n|\n|t:|1699902850\n|move|p2a: Ogerpon|Follow Me|p2a: Ogerpon\n|-singleturn|p2a: Ogerpon|move: Follow Me\n|move|p1b: Palafin|Ice Punch|p2a: Ogerpon\n|-damage|p2a: Ogerpon|0 fnt\n|faint|p2a: Ogerpon\n|move|p2b: Hatterene|Nuzzle|p1b: Palafin\n|-supereffective|p1b: Palafin\n|-damage|p1b: Palafin|84\/100\n|-status|p1b: Palafin|par\n|-damage|p2b: Hatterene|78\/100|[from] item: Life Orb\n|\n|-weather|RainDance|[upkeep]\n|upkeep\n|\n|t:|1699902858\n|switch|p2a: Raichu|Raichu-Alola, M|100\/100\n|-damage|p2a: Raichu|88\/100|[from] Stealth Rock\n|turn|9\n|\n|t:|1699902869\n|move|p2a: Raichu|Fake Out|p1b: Palafin\n|-damage|p1b: Palafin|76\/100 par\n|cant|p1b: Palafin|flinch\n|move|p2b: Hatterene|Dazzling Gleam|p1b: Palafin\n|-damage|p1b: Palafin|28\/100 par\n|-damage|p2b: Hatterene|69\/100|[from] item: Life Orb\n|\n|-weather|RainDance|[upkeep]\n|upkeep\n|turn|10\n|\n|t:|1699902881\n|switch|p2a: MY ACE|Pincurchin, M|32\/100\n|-damage|p2a: MY ACE|20\/100|[from] Stealth Rock\n|move|p2b: Hatterene|Protect|p2b: Hatterene\n|-singleturn|p2b: Hatterene|Protect\n|move|p1b: Palafin|Drain Punch|p2a: MY ACE\n|-damage|p2a: MY ACE|0 fnt\n|-heal|p1b: Palafin|37\/100 par|[from] drain|[of] p2a: MY ACE\n|faint|p2a: MY ACE\n|\n|-weather|none\n|-fieldend|move: Electric Terrain\n|upkeep\n|\n|t:|1699902888\n|switch|p2a: Raichu|Raichu-Alola, M|88\/100\n|-damage|p2a: Raichu|76\/100|[from] Stealth Rock\n|turn|11\n|\n|t:|1699902896\n|move|p2a: Raichu|Fake Out|p1b: Palafin\n|-damage|p1b: Palafin|28\/100 par\n|cant|p1b: Palafin|flinch\n|move|p2b: Hatterene|Dazzling Gleam|p1b: Palafin\n|-damage|p1b: Palafin|0 fnt\n|faint|p1b: Palafin\n|-damage|p2b: Hatterene|59\/100|[from] item: Life Orb\n|\n|win|ShadowGlaciar\n|raw|superkajo's rating: 1039 &rarr; <strong>1023<\/strong><br \/>(-16 for losing)\n|raw|ShadowGlaciar's rating: 1039 &rarr; <strong>1073<\/strong><br \/>(+34 for winning)\n|l|\u2606superkajo\n","uploadtime":1699902913,"views":7,"p1id":"superkajo","p2id":"shadowglaciar","formatid":"gen9doublesou","rating":1023,"private":0,"password":""}