{"id":"gen9doublesou-1985659918","p1":"mikeyuwu","p2":"balloongrapes","format":"[Gen 9] Doubles OU","log":"|j|\u2606mikeyuwu\n|j|\u2606balloongrapes\n|t:|1699393226\n|gametype|doubles\n|player|p1|mikeyuwu|psychic-gen4|1189\n|player|p2|balloongrapes|1|1243\n|teamsize|p1|6\n|teamsize|p2|6\n|gen|9\n|tier|[Gen 9] Doubles OU\n|rated|\n|rule|Species Clause: Limit one of each Pok\u00e9mon\n|rule|OHKO Clause: OHKO moves are banned\n|rule|Evasion Moves Clause: Evasion moves are banned\n|rule|Gravity Sleep Clause: The combination of sleep-inducing moves with imperfect accuracy and Gravity or Gigantamax Orbeetle are banned\n|rule|Endless Battle Clause: Forcing endless battles is banned\n|rule|HP Percentage Mod: HP is shown in percentages\n|clearpoke\n|poke|p1|Garchomp, M|\n|poke|p1|Tyranitar, F|\n|poke|p1|Vaporeon, F|\n|poke|p1|Toxicroak, M|\n|poke|p1|Pelipper, F|\n|poke|p1|Abomasnow, M|\n|poke|p2|Maushold-Four|\n|poke|p2|Roaring Moon|\n|poke|p2|Klefki, F|\n|poke|p2|Talonflame, M|\n|poke|p2|Ceruledge, M|\n|poke|p2|Rabsca, M|\n|teampreview\n|inactive|Battle timer is ON: inactive players will automatically lose when time's up. (requested by balloongrapes)\n|inactive|balloongrapes has 120 seconds left.\n|\n|t:|1699393260\n|start\n|switch|p1a: OTLHPM|Toxicroak, M|100\/100\n|switch|p1b: Harmacy|Vaporeon, F|100\/100\n|switch|p2a: Talonflame|Talonflame, M|100\/100\n|switch|p2b: Ceruledge|Ceruledge, M|100\/100\n|turn|1\n|\n|t:|1699393277\n|switch|p1a: ThcrThnSnkr|Tyranitar, F|100\/100\n|-weather|Sandstorm|[from] ability: Sand Stream|[of] p1a: ThcrThnSnkr\n|-terastallize|p2b: Ceruledge|Electric\n|move|p2a: Talonflame|Air Slash|p1a: ThcrThnSnkr\n|-resisted|p1a: ThcrThnSnkr\n|-damage|p1a: ThcrThnSnkr|97\/100\n|move|p2b: Ceruledge|Bitter Blade|p1a: ThcrThnSnkr\n|-resisted|p1a: ThcrThnSnkr\n|-damage|p1a: ThcrThnSnkr|76\/100\n|move|p1b: Harmacy|Weather Ball|p2a: Talonflame\n|-supereffective|p2a: Talonflame\n|-damage|p2a: Talonflame|0 fnt\n|faint|p2a: Talonflame\n|\n|-weather|Sandstorm|[upkeep]\n|-damage|p2b: Ceruledge|95\/100|[from] Sandstorm\n|-damage|p1b: Harmacy|94\/100|[from] Sandstorm\n|-heal|p1b: Harmacy|100\/100|[from] item: Leftovers\n|upkeep\n|\n|t:|1699393287\n|switch|p2a: Klefki|Klefki, F|100\/100\n|turn|2\n|\n|t:|1699393295\n|switch|p1a: Extra Spicy|Garchomp, M|100\/100\n|switch|p1b: Cold Shoulder|Abomasnow, M, shiny|100\/100\n|-weather|Snow|[from] ability: Snow Warning|[of] p1b: Cold Shoulder\n|move|p2a: Klefki|Sunny Day|p2a: Klefki\n|-weather|SunnyDay\n|move|p2b: Ceruledge|Swords Dance|p2b: Ceruledge\n|-boost|p2b: Ceruledge|atk|2\n|\n|-weather|SunnyDay|[upkeep]\n|upkeep\n|turn|3\n|\n|t:|1699393314\n|switch|p2a: Maushold|Maushold-Four|100\/100\n|switch|p1b: Weather War|Pelipper, F|100\/100\n|-weather|RainDance|[from] ability: Drizzle|[of] p1b: Weather War\n|move|p2b: Ceruledge|Bitter Blade|p1a: Extra Spicy\n|-resisted|p1a: Extra Spicy\n|-damage|p1a: Extra Spicy|86\/100\n|-heal|p2b: Ceruledge|100\/100|[from] drain|[of] p1a: Extra Spicy\n|-damage|p2b: Ceruledge|88\/100|[from] ability: Rough Skin|[of] p1a: Extra Spicy\n|-damage|p2b: Ceruledge|72\/100|[from] item: Rocky Helmet|[of] p1a: Extra Spicy\n|move|p1a: Extra Spicy|Earthquake|p2a: Maushold|[spread] p2a,p2b\n|-immune|p1b: Weather War\n|-supereffective|p2b: Ceruledge\n|-damage|p2a: Maushold|60\/100\n|-damage|p2b: Ceruledge|7\/100\n|\n|-weather|RainDance|[upkeep]\n|upkeep\n|turn|4\n|\n|t:|1699393342\n|switch|p2b: Roaring Moon|Roaring Moon|100\/100\n|move|p2a: Maushold|Encore|p1a: Extra Spicy\n|-start|p1a: Extra Spicy|Encore\n|move|p1a: Extra Spicy|Earthquake|p2b: Roaring Moon|[spread] p2a,p2b\n|-immune|p1b: Weather War\n|-damage|p2a: Maushold|20\/100\n|-damage|p2b: Roaring Moon|69\/100\n|move|p1b: Weather War|Chilling Water|p2a: Maushold\n|-damage|p2a: Maushold|0 fnt\n|faint|p2a: Maushold\n|\n|-weather|RainDance|[upkeep]\n|upkeep\n|\n|t:|1699393347\n|switch|p2a: Klefki|Klefki, F|100\/100\n|turn|5\n|\n|t:|1699393357\n|switch|p1a: Harmacy|Vaporeon, F|100\/100\n|move|p2a: Klefki|Sunny Day|p2a: Klefki\n|-weather|SunnyDay\n|-activate|p2b: Roaring Moon|ability: Protosynthesis\n|-start|p2b: Roaring Moon|protosynthesisatk\n|move|p2b: Roaring Moon|Dragon Claw|p1a: Harmacy\n|-damage|p1a: Harmacy|53\/100\n|move|p1b: Weather War|Chilling Water|p2b: Roaring Moon\n|-resisted|p2b: Roaring Moon\n|-damage|p2b: Roaring Moon|66\/100\n|-unboost|p2b: Roaring Moon|atk|1\n|\n|-weather|SunnyDay|[upkeep]\n|-heal|p1a: Harmacy|59\/100|[from] item: Leftovers\n|upkeep\n|turn|6\n|\n|t:|1699393372\n|-end|p2b: Roaring Moon|Protosynthesis|[silent]\n|switch|p2b: Ceruledge|Ceruledge, M, tera:Electric|7\/100\n|switch|p1a: Cold Shoulder|Abomasnow, M, shiny|100\/100\n|-weather|Snow|[from] ability: Snow Warning|[of] p1a: Cold Shoulder\n|move|p2a: Klefki|Light Screen|p2a: Klefki\n|-sidestart|p2: balloongrapes|move: Light Screen\n|move|p1b: Weather War|Blizzard|p2b: Ceruledge|[spread] p2a,p2b\n|-resisted|p2a: Klefki\n|-damage|p2a: Klefki|94\/100\n|-damage|p2b: Ceruledge|0 fnt\n|faint|p2b: Ceruledge\n|\n|-weather|Snow|[upkeep]\n|upkeep\n|\n|t:|1699393378\n|switch|p2b: Roaring Moon|Roaring Moon|66\/100\n|turn|7\n|\n|t:|1699393386\n|move|p2a: Klefki|Sunny Day|p2a: Klefki\n|-weather|SunnyDay\n|-activate|p2b: Roaring Moon|ability: Protosynthesis\n|-start|p2b: Roaring Moon|protosynthesisatk\n|move|p2b: Roaring Moon|Rock Slide|p1a: Cold Shoulder|[spread] p1a,p1b\n|-supereffective|p1a: Cold Shoulder\n|-supereffective|p1b: Weather War\n|-damage|p1a: Cold Shoulder|48\/100\n|-damage|p1b: Weather War|54\/100\n|cant|p1b: Weather War|flinch\n|move|p1a: Cold Shoulder|Blizzard|p2b: Roaring Moon|[spread] p2a,p2b\n|-resisted|p2a: Klefki\n|-supereffective|p2b: Roaring Moon\n|-damage|p2a: Klefki|82\/100\n|-damage|p2b: Roaring Moon|27\/100\n|\n|-weather|SunnyDay|[upkeep]\n|upkeep\n|turn|8\n|\n|t:|1699393407\n|-end|p2b: Roaring Moon|Protosynthesis|[silent]\n|switch|p2b: Rabsca|Rabsca, M|100\/100\n|switch|p1b: OTLHPM|Toxicroak, M|100\/100\n|switch|p1a: Extra Spicy|Garchomp, M|86\/100\n|move|p2a: Klefki|Reflect|p2a: Klefki\n|-sidestart|p2: balloongrapes|Reflect\n|\n|-weather|SunnyDay|[upkeep]\n|-damage|p1b: OTLHPM|88\/100|[from] ability: Dry Skin|[of] p1b: OTLHPM\n|-heal|p1b: OTLHPM|94\/100|[from] item: Black Sludge\n|upkeep\n|turn|9\n|\n|t:|1699393422\n|move|p1a: Extra Spicy|Brick Break|p2a: Klefki\n|-sideend|p2: balloongrapes|Reflect\n|-sideend|p2: balloongrapes|move: Light Screen\n|-damage|p2a: Klefki|56\/100\n|move|p1b: OTLHPM|Poison Jab|p2b: Rabsca\n|-damage|p2b: Rabsca|57\/100\n|move|p2a: Klefki|Steel Beam|p1a: Extra Spicy\n|-damage|p1a: Extra Spicy|36\/100\n|-damage|p2a: Klefki|6\/100|[from] steelbeam\n|move|p2b: Rabsca|Psychic|p1b: OTLHPM\n|-supereffective|p1b: OTLHPM\n|-damage|p1b: OTLHPM|0 fnt\n|faint|p1b: OTLHPM\n|\n|-weather|SunnyDay|[upkeep]\n|upkeep\n|\n|t:|1699393435\n|switch|p1b: ThcrThnSnkr|Tyranitar, F|76\/100\n|-weather|Sandstorm|[from] ability: Sand Stream|[of] p1b: ThcrThnSnkr\n|turn|10\n|inactive|balloongrapes has 120 seconds left.\n|\n|t:|1699393474\n|move|p2a: Klefki|Reflect|p2a: Klefki\n|-sidestart|p2: balloongrapes|Reflect\n|move|p1a: Extra Spicy|Liquidation|p2a: Klefki\n|-damage|p2a: Klefki|0 fnt\n|faint|p2a: Klefki\n|move|p1b: ThcrThnSnkr|Knock Off|p2b: Rabsca\n|-supereffective|p2b: Rabsca\n|-damage|p2b: Rabsca|0 fnt\n|-enditem|p2b: Rabsca|Leppa Berry|[from] move: Knock Off|[of] p1b: ThcrThnSnkr\n|faint|p2b: Rabsca\n|\n|-weather|Sandstorm|[upkeep]\n|upkeep\n|\n|t:|1699393479\n|switch|p2b: Roaring Moon|Roaring Moon|27\/100\n|turn|11\n|\n|t:|1699393487\n|switch|p1b: Harmacy|Vaporeon, F|59\/100\n|move|p2b: Roaring Moon|Dragon Claw|p1a: Extra Spicy\n|-supereffective|p1a: Extra Spicy\n|-damage|p1a: Extra Spicy|0 fnt\n|-damage|p2b: Roaring Moon|15\/100|[from] ability: Rough Skin|[of] p1a: Extra Spicy\n|-damage|p2b: Roaring Moon|0 fnt|[from] item: Rocky Helmet|[of] p1a: Extra Spicy\n|faint|p1a: Extra Spicy\n|faint|p2b: Roaring Moon\n|-end|p2b: Roaring Moon|Protosynthesis|[silent]\n|\n|win|mikeyuwu\n|raw|mikeyuwu's rating: 1189 &rarr; <strong>1218<\/strong><br \/>(+29 for winning)\n|raw|balloongrapes's rating: 1243 &rarr; <strong>1214<\/strong><br \/>(-29 for losing)\n|l|\u2606balloongrapes\n","uploadtime":1699393502,"views":9,"p1id":"mikeyuwu","p2id":"balloongrapes","formatid":"gen9doublesou","rating":1214,"private":0,"password":""}