{"id":"gen9doublesou-1990243879","p1":"pxrwxhnzwnpy","p2":"Jaiper_Showdown","format":"[Gen 9] Doubles OU","log":"|j|\u2606pxrwxhnzwnpy\n|j|\u2606Jaiper_Showdown\n|t:|1699943423\n|gametype|doubles\n|player|p1|pxrwxhnzwnpy|169|1547\n|player|p2|Jaiper_Showdown|nate|1732\n|teamsize|p1|6\n|teamsize|p2|6\n|gen|9\n|tier|[Gen 9] Doubles OU\n|rated|\n|rule|Species Clause: Limit one of each Pok\u00e9mon\n|rule|OHKO Clause: OHKO moves are banned\n|rule|Evasion Moves Clause: Evasion moves are banned\n|rule|Gravity Sleep Clause: The combination of sleep-inducing moves with imperfect accuracy and Gravity or Gigantamax Orbeetle are banned\n|rule|Endless Battle Clause: Forcing endless battles is banned\n|rule|HP Percentage Mod: HP is shown in percentages\n|clearpoke\n|poke|p1|Dragonite, M|\n|poke|p1|Flutter Mane|\n|poke|p1|Glimmora, F|\n|poke|p1|Dusclops, M|\n|poke|p1|Goodra-Hisui, M|\n|poke|p1|Kingambit, F|\n|poke|p2|Zapdos|\n|poke|p2|Tsareena, F|\n|poke|p2|Garchomp, M|\n|poke|p2|Flutter Mane|\n|poke|p2|Overqwil, M|\n|poke|p2|Volcanion|\n|teampreview\n|inactive|Battle timer is ON: inactive players will automatically lose when time's up. (requested by pxrwxhnzwnpy)\n|inactive|Jaiper_Showdown has 120 seconds left.\n|\n|t:|1699943470\n|start\n|switch|p1a: Dragonite|Dragonite, M, shiny|100\/100\n|switch|p1b: Glimmora|Glimmora, F, shiny|100\/100\n|switch|p2a: Garchomp|Garchomp, M|100\/100\n|switch|p2b: Volcanion|Volcanion|100\/100\n|turn|1\n|inactive|pxrwxhnzwnpy has 120 seconds left.\n|\n|t:|1699943516\n|-terastallize|p1a: Dragonite|Normal\n|move|p2b: Volcanion|Protect|p2b: Volcanion\n|-singleturn|p2b: Volcanion|Protect\n|move|p2a: Garchomp|Earthquake|p1a: Dragonite|[spread] p1a,p1b\n|-activate|p2b: Volcanion|move: Protect\n|-supereffective|p1b: Glimmora\n|-damage|p1a: Dragonite|66\/100\n|-damage|p1b: Glimmora|0 fnt\n|-activate|p1b: Glimmora|ability: Toxic Debris\n|-sidestart|p2: Jaiper_Showdown|move: Toxic Spikes\n|faint|p1b: Glimmora\n|move|p1a: Dragonite|Stomping Tantrum|p2b: Volcanion\n|-activate|p2b: Volcanion|move: Protect\n|\n|upkeep\n|\n|t:|1699943528\n|switch|p1b: Dusclops|Dusclops, M, shiny|100\/100\n|-item|p2a: Garchomp|Rocky Helmet|[from] ability: Frisk|[of] p1b: Dusclops|[identify]\n|-item|p2b: Volcanion|Life Orb|[from] ability: Frisk|[of] p1b: Dusclops|[identify]\n|turn|2\n|inactive|pxrwxhnzwnpy has 120 seconds left.\n|\n|t:|1699943534\n|switch|p2b: Overqwil|Overqwil, M|100\/100\n|-sideend|p2: Jaiper_Showdown|move: Toxic Spikes|[of] p2b: Overqwil\n|-ability|p2b: Overqwil|Intimidate|boost\n|-fail|p1a: Dragonite|unboost|Attack|[from] ability: Inner Focus|[of] p1a: Dragonite\n|-unboost|p1b: Dusclops|atk|1\n|move|p2a: Garchomp|Stealth Rock|p1b: Dusclops\n|-sidestart|p1: pxrwxhnzwnpy|move: Stealth Rock\n|move|p1a: Dragonite|Stomping Tantrum|p2b: Overqwil\n|-supereffective|p2b: Overqwil\n|-damage|p2b: Overqwil|21\/100\n|move|p1b: Dusclops|Will-O-Wisp|p2a: Garchomp\n|-status|p2a: Garchomp|brn\n|\n|-heal|p2b: Overqwil|27\/100|[from] item: Black Sludge\n|-damage|p2a: Garchomp|94\/100 brn|[from] brn\n|upkeep\n|turn|3\n|\n|t:|1699943555\n|switch|p1a: Goodra|Goodra-Hisui, M|100\/100\n|-damage|p1a: Goodra|94\/100|[from] Stealth Rock\n|move|p2b: Overqwil|Protect|p2b: Overqwil\n|-singleturn|p2b: Overqwil|Protect\n|move|p2a: Garchomp|Spikes|p1a: Goodra\n|-sidestart|p1: pxrwxhnzwnpy|Spikes\n|move|p1b: Dusclops|Will-O-Wisp|p2b: Overqwil\n|-activate|p2b: Overqwil|move: Protect\n|\n|-heal|p2b: Overqwil|34\/100|[from] item: Black Sludge\n|-heal|p1a: Goodra|100\/100|[from] item: Leftovers\n|-damage|p2a: Garchomp|88\/100 brn|[from] brn\n|upkeep\n|turn|4\n|\n|t:|1699943568\n|move|p2a: Garchomp|Spikes|p1a: Goodra\n|-sidestart|p1: pxrwxhnzwnpy|Spikes\n|move|p2b: Overqwil|Toxic Spikes|p1b: Dusclops\n|-sidestart|p1: pxrwxhnzwnpy|move: Toxic Spikes\n|move|p1a: Goodra|Draco Meteor|p2a: Garchomp\n|-supereffective|p2a: Garchomp\n|-damage|p2a: Garchomp|0 fnt\n|-unboost|p1a: Goodra|spa|2\n|faint|p2a: Garchomp\n|move|p1b: Dusclops|Trick Room|p1b: Dusclops\n|-fieldstart|move: Trick Room|[of] p1b: Dusclops\n|\n|-heal|p2b: Overqwil|40\/100|[from] item: Black Sludge\n|upkeep\n|\n|t:|1699943578\n|switch|p2a: Volcanion|Volcanion|100\/100\n|turn|5\n|\n|t:|1699943594\n|-terastallize|p2a: Volcanion|Fire\n|move|p1b: Dusclops|Night Shade|p2b: Overqwil\n|-damage|p2b: Overqwil|13\/100\n|move|p1a: Goodra|Draco Meteor|p2b: Overqwil\n|-damage|p2b: Overqwil|0 fnt\n|-unboost|p1a: Goodra|spa|2\n|faint|p2b: Overqwil\n|move|p2a: Volcanion|Heat Wave|p1a: Goodra|[spread] p1a,p1b\n|-crit|p1a: Goodra\n|-damage|p1a: Goodra|39\/100\n|-damage|p1b: Dusclops|58\/100\n|-damage|p2a: Volcanion|91\/100|[from] item: Life Orb\n|\n|-heal|p1a: Goodra|45\/100|[from] item: Leftovers\n|upkeep\n|\n|t:|1699943604\n|switch|p2b: Tsareena|Tsareena, F|100\/100\n|turn|6\n|\n|t:|1699943624\n|move|p1b: Dusclops|Will-O-Wisp|p2b: Tsareena|[miss]\n|-miss|p1b: Dusclops|p2b: Tsareena\n|move|p1a: Goodra|Body Press|p2a: Volcanion\n|-damage|p2a: Volcanion|68\/100\n|move|p2b: Tsareena|Taunt|p1b: Dusclops\n|-start|p1b: Dusclops|move: Taunt\n|move|p2a: Volcanion|Heat Wave|p1a: Goodra|[spread] p1a,p1b\n|-damage|p1a: Goodra|1\/100\n|-damage|p1b: Dusclops|12\/100\n|-damage|p2a: Volcanion|58\/100|[from] item: Life Orb\n|\n|-heal|p1a: Goodra|7\/100|[from] item: Leftovers\n|upkeep\n|turn|7\n|\n|t:|1699943642\n|switch|p2b: Flutter Mane|Flutter Mane|100\/100\n|-enditem|p2b: Flutter Mane|Booster Energy\n|-activate|p2b: Flutter Mane|ability: Protosynthesis|[fromitem]\n|-start|p2b: Flutter Mane|protosynthesisspe\n|move|p1b: Dusclops|Night Shade|p2a: Volcanion\n|-damage|p2a: Volcanion|24\/100\n|move|p1a: Goodra|Body Press|p2a: Volcanion\n|-damage|p2a: Volcanion|1\/100\n|move|p2a: Volcanion|Heat Wave|p1a: Goodra|[spread] p1a,p1b\n|-damage|p1a: Goodra|0 fnt\n|-damage|p1b: Dusclops|0 fnt\n|faint|p1a: Goodra\n|faint|p1b: Dusclops\n|-damage|p2a: Volcanion|0 fnt|[from] item: Life Orb\n|faint|p2a: Volcanion\n|\n|upkeep\n|\n|t:|1699943672\n|switch|p1b: Flutter Mane|Flutter Mane, shiny|100\/100\n|switch|p1a: Kingambit|Kingambit, F|100\/100\n|switch|p2a: Tsareena|Tsareena, F|100\/100\n|-damage|p1a: Kingambit|94\/100|[from] Stealth Rock\n|-damage|p1a: Kingambit|78\/100|[from] Spikes\n|-damage|p1b: Flutter Mane|88\/100|[from] Stealth Rock\n|-damage|p1b: Flutter Mane|71\/100|[from] Spikes\n|-status|p1b: Flutter Mane|psn\n|-enditem|p1b: Flutter Mane|Booster Energy\n|-activate|p1b: Flutter Mane|ability: Protosynthesis|[fromitem]\n|-start|p1b: Flutter Mane|protosynthesisspa\n|turn|8\n|inactive|pxrwxhnzwnpy has 120 seconds left.\n|\n|t:|1699943710\n|move|p2b: Flutter Mane|Protect|p2b: Flutter Mane\n|-singleturn|p2b: Flutter Mane|Protect\n|move|p1a: Kingambit|Kowtow Cleave|p2a: Tsareena\n|-damage|p2a: Tsareena|46\/100\n|move|p2a: Tsareena|Power Whip|p1b: Flutter Mane\n|-damage|p1b: Flutter Mane|0 fnt\n|faint|p1b: Flutter Mane\n|-end|p1b: Flutter Mane|Protosynthesis|[silent]\n|\n|-heal|p2a: Tsareena|52\/100|[from] item: Leftovers\n|-fieldend|move: Trick Room\n|upkeep\n|\n|t:|1699943721\n|switch|p1b: Dragonite|Dragonite, M, shiny, tera:Normal|66\/100\n|-damage|p1b: Dragonite|54\/100|[from] Stealth Rock\n|-damage|p1b: Dragonite|37\/100|[from] Spikes\n|-status|p1b: Dragonite|psn\n|turn|9\n|\n|t:|1699943736\n|move|p1b: Dragonite|Extreme Speed||[still]\n|cant|p2a: Tsareena|ability: Queenly Majesty|Extreme Speed|[of] p1b: Dragonite\n|move|p1a: Kingambit|Sucker Punch||[still]\n|cant|p2a: Tsareena|ability: Queenly Majesty|Sucker Punch|[of] p1a: Kingambit\n|move|p2b: Flutter Mane|Moonblast|p1a: Kingambit\n|-damage|p1a: Kingambit|43\/100\n|move|p2a: Tsareena|Power Whip|p1b: Dragonite\n|-damage|p1b: Dragonite|0 fnt\n|faint|p1b: Dragonite\n|\n|-heal|p2a: Tsareena|58\/100|[from] item: Leftovers\n|upkeep\n|turn|10\n|\n|t:|1699943750\n|move|p2b: Flutter Mane|Moonblast|p1a: Kingambit\n|-damage|p1a: Kingambit|8\/100\n|-unboost|p1a: Kingambit|spa|1\n|-ability|p1a: Kingambit|Defiant|boost\n|-boost|p1a: Kingambit|atk|2\n|move|p2a: Tsareena|Taunt|p1a: Kingambit\n|-start|p1a: Kingambit|move: Taunt\n|move|p1a: Kingambit|Kowtow Cleave|p2b: Flutter Mane\n|-damage|p2b: Flutter Mane|0 fnt\n|faint|p2b: Flutter Mane\n|-end|p2b: Flutter Mane|Protosynthesis|[silent]\n|\n|-heal|p2a: Tsareena|64\/100|[from] item: Leftovers\n|upkeep\n|\n|t:|1699943758\n|switch|p2b: Zapdos|Zapdos|100\/100\n|turn|11\n|-message|pxrwxhnzwnpy forfeited.\n|\n|win|Jaiper_Showdown\n|raw|pxrwxhnzwnpy's rating: 1547 &rarr; <strong>1537<\/strong><br \/>(-10 for losing)\n|raw|Jaiper_Showdown's rating: 1742 &rarr; <strong>1752<\/strong><br \/>(+10 for winning)\n|l|\u2606pxrwxhnzwnpy\n","uploadtime":1699945021,"views":24,"p1id":"pxrwxhnzwnpy","p2id":"jaipershowdown","formatid":"gen9doublesou","rating":1537,"private":0,"password":""}