{"id":"gen9doublesou-1992184780","p1":"VicksVoice","p2":"efrdghftnn","format":"[Gen 9] Doubles OU","log":"|j|\u2606VicksVoice\n|j|\u2606efrdghftnn\n|t:|1700162013\n|gametype|doubles\n|player|p1|VicksVoice|lady|1236\n|player|p2|efrdghftnn|170|1102\n|teamsize|p1|6\n|teamsize|p2|6\n|gen|9\n|tier|[Gen 9] Doubles OU\n|rated|\n|rule|Species Clause: Limit one of each Pok\u00e9mon\n|rule|OHKO Clause: OHKO moves are banned\n|rule|Evasion Moves Clause: Evasion moves are banned\n|rule|Gravity Sleep Clause: The combination of sleep-inducing moves with imperfect accuracy and Gravity or Gigantamax Orbeetle are banned\n|rule|Endless Battle Clause: Forcing endless battles is banned\n|rule|HP Percentage Mod: HP is shown in percentages\n|clearpoke\n|poke|p1|Diancie|\n|poke|p1|Farigiraf, F|\n|poke|p1|Indeedee-F, F|\n|poke|p1|Armarouge, M|\n|poke|p1|Iron Hands|\n|poke|p1|Torkoal, F|\n|poke|p2|Flutter Mane|\n|poke|p2|Ursaluna-Bloodmoon, M|\n|poke|p2|Baxcalibur, M|\n|poke|p2|Kingambit, F|\n|poke|p2|Cresselia, F|\n|poke|p2|Ogerpon-Wellspring, F|\n|teampreview\n|inactive|Battle timer is ON: inactive players will automatically lose when time's up. (requested by VicksVoice)\n|inactive|efrdghftnn has 120 seconds left.\n|\n|t:|1700162047\n|start\n|switch|p1a: Farigiraf|Farigiraf, F|100\/100\n|switch|p1b: Iron Hands|Iron Hands|100\/100\n|switch|p2a: Ogerpon|Ogerpon-Wellspring, F|100\/100\n|switch|p2b: Cresselia|Cresselia, F|100\/100\n|turn|1\n|\n|t:|1700162067\n|move|p2a: Ogerpon|Knock Off|p1a: Farigiraf\n|-supereffective|p1a: Farigiraf\n|-crit|p1a: Farigiraf\n|-damage|p1a: Farigiraf|0 fnt\n|-enditem|p1a: Farigiraf|Leftovers|[from] move: Knock Off|[of] p2a: Ogerpon\n|faint|p1a: Farigiraf\n|move|p2b: Cresselia|Reflect|p2b: Cresselia\n|-sidestart|p2: efrdghftnn|Reflect\n|move|p1b: Iron Hands|Close Combat|p2a: Ogerpon\n|-damage|p2a: Ogerpon|41\/100\n|-unboost|p1b: Iron Hands|def|1\n|-unboost|p1b: Iron Hands|spd|1\n|\n|upkeep\n|\n|t:|1700162076\n|switch|p1a: Indeedee|Indeedee-F, F|100\/100\n|-fieldstart|move: Psychic Terrain|[from] ability: Psychic Surge|[of] p1a: Indeedee\n|turn|2\n|\n|t:|1700162097\n|move|p2a: Ogerpon|Horn Leech|p1a: Indeedee\n|-crit|p1a: Indeedee\n|-damage|p1a: Indeedee|27\/100\n|-heal|p2a: Ogerpon|83\/100|[from] drain|[of] p1a: Indeedee\n|move|p2b: Cresselia|Psyshock|p1b: Iron Hands\n|-supereffective|p1b: Iron Hands\n|-damage|p1b: Iron Hands|53\/100\n|move|p1b: Iron Hands|Wild Charge|p2a: Ogerpon\n|-damage|p2a: Ogerpon|37\/100\n|-damage|p1b: Iron Hands|46\/100|[from] Recoil\n|move|p1a: Indeedee|Trick Room|p1a: Indeedee\n|-fieldstart|move: Trick Room|[of] p1a: Indeedee\n|\n|upkeep\n|turn|3\n|\n|t:|1700162121\n|-end|p1b: Iron Hands|Quark Drive|[silent]\n|switch|p1b: Diancie|Diancie|100\/100\n|switch|p1a: Armarouge|Armarouge, M|100\/100\n|move|p2b: Cresselia|Psyshock|p1b: Diancie\n|-damage|p1b: Diancie|84\/100\n|move|p2a: Ogerpon|Horn Leech|p1a: Armarouge\n|-resisted|p1a: Armarouge\n|-damage|p1a: Armarouge|79\/100\n|-heal|p2a: Ogerpon|50\/100|[from] drain|[of] p1a: Armarouge\n|\n|upkeep\n|turn|4\n|inactive|VicksVoice has 120 seconds left.\n|\n|t:|1700162151\n|move|p1b: Diancie|Diamond Storm|p2a: Ogerpon|[spread] p2a\n|-miss|p1b: Diancie|p2b: Cresselia\n|-damage|p2a: Ogerpon|23\/100\n|-boost|p1b: Diancie|def|2\n|move|p1a: Armarouge|Expanding Force|p2a: Ogerpon|[spread] p2a,p2b\n|-resisted|p2b: Cresselia\n|-damage|p2a: Ogerpon|0 fnt\n|-damage|p2b: Cresselia|78\/100\n|faint|p2a: Ogerpon\n|-damage|p1a: Armarouge|69\/100|[from] item: Life Orb\n|move|p2b: Cresselia|Light Screen|p2b: Cresselia\n|-sidestart|p2: efrdghftnn|move: Light Screen\n|\n|upkeep\n|\n|t:|1700162167\n|switch|p2a: Ursaluna|Ursaluna-Bloodmoon, M|100\/100\n|turn|5\n|\n|t:|1700162186\n|move|p1b: Diancie|Body Press|p2a: Ursaluna\n|-supereffective|p2a: Ursaluna\n|-damage|p2a: Ursaluna|57\/100\n|move|p1a: Armarouge|Expanding Force|p2a: Ursaluna|[spread] p2a,p2b\n|-resisted|p2b: Cresselia\n|-crit|p2b: Cresselia\n|-damage|p2a: Ursaluna|0 fnt\n|-damage|p2b: Cresselia|47\/100\n|faint|p2a: Ursaluna\n|-damage|p1a: Armarouge|59\/100|[from] item: Life Orb\n|move|p2b: Cresselia|Psyshock|p1b: Diancie\n|-crit|p1b: Diancie\n|-damage|p1b: Diancie|60\/100\n|\n|upkeep\n|c|\u2606VicksVoice|bro\n|\n|t:|1700162205\n|switch|p2a: Kingambit|Kingambit, F|100\/100\n|-activate|p2a: Kingambit|ability: Supreme Overlord\n|-start|p2a: Kingambit|fallen2|[silent]\n|turn|6\n|c|\u2606VicksVoice|the number of crits\n|\n|t:|1700162215\n|move|p1a: Armarouge|Protect|p1a: Armarouge\n|-singleturn|p1a: Armarouge|Protect\n|move|p2b: Cresselia|Protect|p2b: Cresselia\n|-singleturn|p2b: Cresselia|Protect\n|move|p1b: Diancie|Body Press|p2a: Kingambit\n|-supereffective|p2a: Kingambit\n|-damage|p2a: Kingambit|2\/100\n|move|p2a: Kingambit|Iron Head|p1b: Diancie\n|-supereffective|p1b: Diancie\n|-damage|p1b: Diancie|0 fnt\n|faint|p1b: Diancie\n|\n|-fieldend|move: Trick Room\n|-fieldend|move: Psychic Terrain\n|upkeep\n|\n|t:|1700162225\n|switch|p1b: Iron Hands|Iron Hands|46\/100\n|turn|7\n|\n|t:|1700162236\n|move|p1b: Iron Hands|Fake Out|p2a: Kingambit\n|-resisted|p2a: Kingambit\n|-damage|p2a: Kingambit|0 fnt\n|faint|p2a: Kingambit\n|-end|p2a: Kingambit|fallen2|[silent]\n|move|p2b: Cresselia|Psyshock|p1b: Iron Hands\n|-supereffective|p1b: Iron Hands\n|-damage|p1b: Iron Hands|16\/100\n|move|p1a: Armarouge|Trick Room|p1a: Armarouge\n|-fieldstart|move: Trick Room|[of] p1a: Armarouge\n|\n|upkeep\n|\n|t:|1700162245\n|switch|p2a: Flutter Mane|Flutter Mane, shiny|100\/100\n|-enditem|p2a: Flutter Mane|Booster Energy\n|-activate|p2a: Flutter Mane|ability: Protosynthesis|[fromitem]\n|-start|p2a: Flutter Mane|protosynthesisspe\n|turn|8\n|\n|t:|1700162258\n|move|p2b: Cresselia|Protect|p2b: Cresselia\n|-singleturn|p2b: Cresselia|Protect\n|move|p2a: Flutter Mane|Protect|p2a: Flutter Mane\n|-singleturn|p2a: Flutter Mane|Protect\n|move|p1b: Iron Hands|Wild Charge|p2a: Flutter Mane\n|-activate|p2a: Flutter Mane|move: Protect\n|move|p1a: Armarouge|Armor Cannon|p2a: Flutter Mane\n|-activate|p2a: Flutter Mane|move: Protect\n|\n|-sideend|p2: efrdghftnn|Reflect\n|upkeep\n|turn|9\n|\n|t:|1700162276\n|move|p1b: Iron Hands|Wild Charge|p2a: Flutter Mane\n|-damage|p2a: Flutter Mane|0 fnt\n|faint|p2a: Flutter Mane\n|-end|p2a: Flutter Mane|Protosynthesis|[silent]\n|-damage|p1b: Iron Hands|2\/100|[from] Recoil\n|move|p1a: Armarouge|Armor Cannon|p2b: Cresselia\n|-damage|p2b: Cresselia|21\/100\n|-unboost|p1a: Armarouge|def|1\n|-unboost|p1a: Armarouge|spd|1\n|-damage|p1a: Armarouge|49\/100|[from] item: Life Orb\n|move|p2b: Cresselia|Psyshock|p1b: Iron Hands\n|-supereffective|p1b: Iron Hands\n|-damage|p1b: Iron Hands|0 fnt\n|faint|p1b: Iron Hands\n|-end|p1b: Iron Hands|Quark Drive|[silent]\n|\n|upkeep\n|\n|t:|1700162289\n|switch|p1b: Torkoal|Torkoal, F|100\/100\n|switch|p2a: Baxcalibur|Baxcalibur, M|100\/100\n|-weather|SunnyDay|[from] ability: Drought|[of] p1b: Torkoal\n|turn|10\n|\n|t:|1700162311\n|-terastallize|p1b: Torkoal|Fire\n|move|p1b: Torkoal|Eruption|p2a: Baxcalibur|[spread] p2a,p2b\n|-crit|p2a: Baxcalibur\n|-damage|p2a: Baxcalibur|0 fnt\n|-damage|p2b: Cresselia|0 fnt\n|faint|p2a: Baxcalibur\n|faint|p2b: Cresselia\n|\n|win|VicksVoice\n|raw|VicksVoice's rating: 1236 &rarr; <strong>1252<\/strong><br \/>(+16 for winning)\n|raw|efrdghftnn's rating: 1102 &rarr; <strong>1086<\/strong><br \/>(-16 for losing)\n|l|\u2606efrdghftnn\n","uploadtime":1700162329,"views":7,"p1id":"vicksvoice","p2id":"efrdghftnn","formatid":"gen9doublesou","rating":1086,"private":0,"password":""}