{"id":"gen9doublesou-1995623150","p1":"TheChosen1 4809","p2":"Battlin' Cats","format":"[Gen 9] Doubles OU","log":"|j|\u2606TheChosen1 4809\n|j|\u2606Battlin' Cats\n|t:|1700588399\n|gametype|doubles\n|player|p1|TheChosen1 4809|red|\n|player|p2|Battlin' Cats|unknownf|\n|teamsize|p1|6\n|teamsize|p2|6\n|gen|9\n|tier|[Gen 9] Doubles OU\n|rule|Species Clause: Limit one of each Pok\u00e9mon\n|rule|OHKO Clause: OHKO moves are banned\n|rule|Evasion Moves Clause: Evasion moves are banned\n|rule|Gravity Sleep Clause: The combination of sleep-inducing moves with imperfect accuracy and Gravity or Gigantamax Orbeetle are banned\n|rule|Endless Battle Clause: Forcing endless battles is banned\n|rule|HP Percentage Mod: HP is shown in percentages\n|clearpoke\n|poke|p1|Armarouge, M|\n|poke|p1|Indeedee-F, F|\n|poke|p1|Amoonguss, F|\n|poke|p1|Torkoal, M|\n|poke|p1|Sinistcha-Masterpiece|\n|poke|p1|Slowbro-Galar, F|\n|poke|p2|Ogerpon-Wellspring, F|\n|poke|p2|Sinistcha|\n|poke|p2|Ursaluna, F|\n|poke|p2|Murkrow, M|\n|poke|p2|Landorus-Therian, M|\n|poke|p2|Ribombee, F|\n|teampreview\n|inactive|Battle timer is ON: inactive players will automatically lose when time's up. (requested by TheChosen1 4809)\n|\n|t:|1700588420\n|start\n|switch|p1a: Indeedee|Indeedee-F, F, shiny|100\/100\n|switch|p1b: Sinistcha|Sinistcha-Masterpiece, shiny|100\/100\n|switch|p2a: Ribombee|Ribombee, F, shiny|100\/100\n|switch|p2b: Wretched Failure|Murkrow, M|100\/100\n|-fieldstart|move: Psychic Terrain|[from] ability: Psychic Surge|[of] p1a: Indeedee\n|-enditem|p1a: Indeedee|Psychic Seed\n|-boost|p1a: Indeedee|spd|1|[from] item: Psychic Seed\n|turn|1\n|\n|t:|1700588442\n|switch|p2b: Ursaluna|Ursaluna, F|100\/100\n|move|p2a: Ribombee|Quiver Dance|p2a: Ribombee\n|-boost|p2a: Ribombee|spa|1\n|-boost|p2a: Ribombee|spd|1\n|-boost|p2a: Ribombee|spe|1\n|move|p1b: Sinistcha|Matcha Gotcha|p2b: Ursaluna|[spread] p2a,p2b\n|-resisted|p2a: Ribombee\n|-supereffective|p2b: Ursaluna\n|-damage|p2a: Ribombee|81\/100\n|-damage|p2b: Ursaluna|45\/100\n|move|p1a: Indeedee|Trick Room|p1a: Indeedee\n|-fieldstart|move: Trick Room|[of] p1a: Indeedee\n|\n|-heal|p2a: Ribombee|87\/100|[from] item: Leftovers\n|-status|p2b: Ursaluna|brn|[from] item: Flame Orb\n|upkeep\n|turn|2\n|\n|t:|1700588466\n|-terastallize|p2b: Ursaluna|Normal\n|move|p1a: Indeedee|Helping Hand|p1b: Sinistcha\n|-singleturn|p1b: Sinistcha|Helping Hand|[of] p1a: Indeedee\n|move|p2b: Ursaluna|Drain Punch|p1a: Indeedee\n|-damage|p1a: Indeedee|38\/100\n|-heal|p2b: Ursaluna|68\/100 brn|[from] drain|[of] p1a: Indeedee\n|move|p1b: Sinistcha|Matcha Gotcha|p2a: Ribombee|[spread] p2a,p2b\n|-resisted|p2a: Ribombee\n|-damage|p2a: Ribombee|58\/100\n|-damage|p2b: Ursaluna|26\/100 brn\n|move|p2a: Ribombee|Quiver Dance|p2a: Ribombee\n|-boost|p2a: Ribombee|spa|1\n|-boost|p2a: Ribombee|spd|1\n|-boost|p2a: Ribombee|spe|1\n|\n|-heal|p2a: Ribombee|64\/100|[from] item: Leftovers\n|-damage|p2b: Ursaluna|20\/100 brn|[from] brn\n|upkeep\n|turn|3\n|inactive|TheChosen1 4809 has 270 seconds left.\n|\n|t:|1700588499\n|switch|p1a: Amoonguss|Amoonguss, F, shiny|100\/100\n|move|p2b: Ursaluna|Drain Punch|p1a: Amoonguss\n|-resisted|p1a: Amoonguss\n|-damage|p1a: Amoonguss|78\/100\n|-heal|p2b: Ursaluna|31\/100 brn|[from] drain|[of] p1a: Amoonguss\n|-damage|p2b: Ursaluna|15\/100 brn|[from] item: Rocky Helmet|[of] p1a: Amoonguss\n|move|p1b: Sinistcha|Matcha Gotcha|p2b: Ursaluna|[spread] p2a,p2b\n|-resisted|p2a: Ribombee\n|-damage|p2a: Ribombee|50\/100\n|-damage|p2b: Ursaluna|0 fnt\n|faint|p2b: Ursaluna\n|move|p2a: Ribombee|Pollen Puff|p2: Ursaluna|[notarget]\n|-fail|p2a: Ribombee\n|\n|-heal|p2a: Ribombee|56\/100|[from] item: Leftovers\n|upkeep\n|inactive|Battlin' Cats has 270 seconds left.\n|\n|t:|1700588514\n|switch|p2b: Wotcha|Sinistcha|100\/100\n|-heal|p2a: Ribombee|81\/100|[from] ability: Hospitality|[of] p2b: Wotcha\n|turn|4\n|\n|t:|1700588541\n|switch|p1b: Slowbro|Slowbro-Galar, F, shiny|100\/100\n|move|p1a: Amoonguss|Clear Smog|p2a: Ribombee\n|-supereffective|p2a: Ribombee\n|-damage|p2a: Ribombee|41\/100\n|-clearboost|p2a: Ribombee\n|move|p2b: Wotcha|Life Dew||[still]|[spread] p2a,p2b\n|-heal|p2a: Ribombee|66\/100\n|-fail|p2b: Wotcha|heal\n|move|p2a: Ribombee|Psychic|p1a: Amoonguss\n|-supereffective|p1a: Amoonguss\n|-damage|p1a: Amoonguss|13\/100\n|\n|-heal|p2a: Ribombee|72\/100|[from] item: Leftovers\n|upkeep\n|turn|5\n|\n|t:|1700588568\n|move|p2b: Wotcha|Rage Powder|p2b: Wotcha\n|-singleturn|p2b: Wotcha|move: Rage Powder\n|move|p1a: Amoonguss|Spore|p2a: Ribombee\n|-status|p2a: Ribombee|slp|[from] move: Spore\n|move|p1b: Slowbro|Ice Punch|p2b: Wotcha\n|-supereffective|p2b: Wotcha\n|-damage|p2b: Wotcha|67\/100\n|cant|p2a: Ribombee|slp\n|\n|-heal|p2b: Wotcha|73\/100|[from] item: Leftovers\n|-heal|p2a: Ribombee|78\/100 slp|[from] item: Leftovers\n|-fieldend|move: Trick Room\n|-fieldend|move: Psychic Terrain\n|upkeep\n|turn|6\n|c|\u2606Battlin' Cats|I forgor rage powder didn't work on grass...\n|c|\u2606TheChosen1 4809|yeah bud\n|\n|t:|1700588597\n|switch|p2a: Wretched Failure|Murkrow, M|100\/100\n|switch|p1a: Armarouge|Armarouge, M, shiny|100\/100\n|move|p2b: Wotcha|Shadow Ball|p1a: Armarouge\n|-supereffective|p1a: Armarouge\n|-damage|p1a: Armarouge|23\/100\n|move|p1b: Slowbro|Poison Jab|p2b: Wotcha\n|-damage|p2b: Wotcha|48\/100\n|-status|p2b: Wotcha|psn\n|\n|-heal|p2b: Wotcha|54\/100 psn|[from] item: Leftovers\n|-damage|p2b: Wotcha|42\/100 psn|[from] psn\n|upkeep\n|turn|7\n|c|\u2606Battlin' Cats|Ribombee's getting goggles after this\n|inactive|Battlin' Cats has 270 seconds left.\n|\n|t:|1700588629\n|switch|p1a: Indeedee|Indeedee-F, F, shiny|38\/100\n|-fieldstart|move: Psychic Terrain|[from] ability: Psychic Surge|[of] p1a: Indeedee\n|move|p2a: Wretched Failure|Tailwind|p2a: Wretched Failure\n|-sidestart|p2: Battlin' Cats|move: Tailwind\n|move|p2b: Wotcha|Shadow Ball|p1a: Indeedee\n|-immune|p1a: Indeedee\n|move|p1b: Slowbro|Poison Jab|p2a: Wretched Failure\n|-damage|p2a: Wretched Failure|47\/100\n|\n|-heal|p2b: Wotcha|48\/100 psn|[from] item: Leftovers\n|-damage|p2b: Wotcha|35\/100 psn|[from] psn\n|upkeep\n|turn|8\n|\n|t:|1700588647\n|move|p2a: Wretched Failure|Foul Play|p1a: Indeedee\n|-supereffective|p1a: Indeedee\n|-damage|p1a: Indeedee|0 fnt\n|faint|p1a: Indeedee\n|move|p2b: Wotcha|Matcha Gotcha|p1b: Slowbro\n|-resisted|p1b: Slowbro\n|-damage|p1b: Slowbro|88\/100\n|-heal|p2b: Wotcha|42\/100 psn|[from] drain|[of] p1b: Slowbro\n|move|p1b: Slowbro|Poison Jab|p2a: Wretched Failure\n|-damage|p2a: Wretched Failure|0 fnt\n|faint|p2a: Wretched Failure\n|\n|-heal|p2b: Wotcha|48\/100 psn|[from] item: Leftovers\n|-damage|p2b: Wotcha|36\/100 psn|[from] psn\n|upkeep\n|\n|t:|1700588669\n|switch|p2a: Landorus|Landorus-Therian, M|100\/100\n|switch|p1a: Amoonguss|Amoonguss, F, shiny|47\/100\n|-ability|p2a: Landorus|Intimidate|boost\n|-unboost|p1a: Amoonguss|atk|1\n|-unboost|p1b: Slowbro|atk|1\n|turn|9\n|\n|t:|1700588684\n|move|p2a: Landorus|Stomping Tantrum|p1b: Slowbro\n|-supereffective|p1b: Slowbro\n|-damage|p1b: Slowbro|10\/100\n|move|p2b: Wotcha|Shadow Ball|p1a: Amoonguss\n|-damage|p1a: Amoonguss|19\/100\n|move|p1a: Amoonguss|Spore|p2a: Landorus\n|-status|p2a: Landorus|slp|[from] move: Spore\n|move|p1b: Slowbro|Poison Jab|p2b: Wotcha\n|-damage|p2b: Wotcha|17\/100 psn\n|\n|-heal|p2b: Wotcha|23\/100 psn|[from] item: Leftovers\n|-damage|p2b: Wotcha|11\/100 psn|[from] psn\n|upkeep\n|turn|10\n|\n|t:|1700588707\n|switch|p1a: Sinistcha|Sinistcha-Masterpiece, shiny|100\/100\n|-heal|p1b: Slowbro|35\/100|[from] ability: Hospitality|[of] p1a: Sinistcha\n|switch|p1b: Torkoal|Torkoal, M, shiny|100\/100\n|-weather|SunnyDay|[from] ability: Drought|[of] p1b: Torkoal\n|cant|p2a: Landorus|slp\n|move|p2b: Wotcha|Matcha Gotcha|p1a: Sinistcha|[spread] p1a,p1b\n|-resisted|p1a: Sinistcha\n|-resisted|p1b: Torkoal\n|-crit|p1b: Torkoal\n|-damage|p1a: Sinistcha|87\/100\n|-heal|p2b: Wotcha|18\/100 psn|[from] drain|[of] p1a: Sinistcha\n|-damage|p1b: Torkoal|77\/100\n|-heal|p2b: Wotcha|30\/100 psn|[from] drain|[of] p1b: Torkoal\n|\n|-weather|SunnyDay|[upkeep]\n|-heal|p2b: Wotcha|36\/100 psn|[from] item: Leftovers\n|-heal|p1a: Sinistcha|93\/100|[from] item: Leftovers\n|-damage|p2b: Wotcha|23\/100 psn|[from] psn\n|-sideend|p2: Battlin' Cats|move: Tailwind\n|upkeep\n|turn|11\n|inactive|TheChosen1 4809 has 270 seconds left.\n|inactive|Battlin' Cats has 270 seconds left.\n|\n|t:|1700588742\n|switch|p1a: Armarouge|Armarouge, M, shiny|23\/100\n|cant|p2a: Landorus|slp\n|move|p2b: Wotcha|Shadow Ball|p1a: Armarouge\n|-supereffective|p1a: Armarouge\n|-damage|p1a: Armarouge|0 fnt\n|faint|p1a: Armarouge\n|move|p1b: Torkoal|Lava Plume|p2a: Landorus|[spread] p2a,p2b\n|-supereffective|p2b: Wotcha\n|-damage|p2a: Landorus|57\/100 slp\n|-damage|p2b: Wotcha|0 fnt\n|faint|p2b: Wotcha\n|\n|-weather|SunnyDay|[upkeep]\n|-fieldend|move: Psychic Terrain\n|upkeep\n|\n|t:|1700588761\n|switch|p2b: Ogerpon|Ogerpon-Wellspring, F|100\/100\n|switch|p1a: Sinistcha|Sinistcha-Masterpiece, shiny|93\/100\n|-heal|p1b: Torkoal|100\/100|[from] ability: Hospitality|[of] p1a: Sinistcha\n|turn|12\n|\n|t:|1700588776\n|move|p2b: Ogerpon|Knock Off|p1a: Sinistcha\n|-supereffective|p1a: Sinistcha\n|-damage|p1a: Sinistcha|19\/100\n|-enditem|p1a: Sinistcha|Leftovers|[from] move: Knock Off|[of] p2b: Ogerpon\n|-curestatus|p2a: Landorus|slp|[msg]\n|move|p2a: Landorus|Stomping Tantrum|p1b: Torkoal\n|-supereffective|p1b: Torkoal\n|-damage|p1b: Torkoal|0 fnt\n|faint|p1b: Torkoal\n|move|p1a: Sinistcha|Matcha Gotcha|p2b: Ogerpon|[spread] p2a,p2b\n|-damage|p2a: Landorus|33\/100\n|-heal|p1a: Sinistcha|33\/100|[from] drain|[of] p2a: Landorus\n|-damage|p2b: Ogerpon|63\/100\n|-heal|p1a: Sinistcha|49\/100|[from] drain|[of] p2b: Ogerpon\n|\n|-weather|SunnyDay|[upkeep]\n|upkeep\n|\n|t:|1700588794\n|switch|p1b: Amoonguss|Amoonguss, F, shiny|52\/100\n|turn|13\n|c|\u2606Battlin' Cats|A combination of RNG and moderately-not-bad plays may have saved me.\n|\n|t:|1700588813\n|move|p2b: Ogerpon|Knock Off|p1a: Sinistcha\n|-supereffective|p1a: Sinistcha\n|-damage|p1a: Sinistcha|2\/100\n|move|p2a: Landorus|Stomping Tantrum|p1b: Amoonguss\n|-damage|p1b: Amoonguss|6\/100\n|-damage|p2a: Landorus|16\/100|[from] item: Rocky Helmet|[of] p1b: Amoonguss\n|move|p1a: Sinistcha|Matcha Gotcha|p2a: Landorus|[spread] p2a,p2b\n|-damage|p2a: Landorus|0 fnt\n|-heal|p1a: Sinistcha|11\/100|[from] drain|[of] p2a: Landorus\n|-damage|p2b: Ogerpon|25\/100\n|-heal|p1a: Sinistcha|28\/100|[from] drain|[of] p2b: Ogerpon\n|faint|p2a: Landorus\n|move|p1b: Amoonguss|Pollen Puff|p1a: Sinistcha\n|-heal|p1a: Sinistcha|78\/100\n|\n|-weather|SunnyDay|[upkeep]\n|upkeep\n|c|\u2606TheChosen1 4809|maybe\n|\n|t:|1700588821\n|switch|p2a: Ribombee|Ribombee, F, shiny|78\/100 slp\n|turn|14\n|\n|t:|1700588838\n|switch|p1b: Slowbro|Slowbro-Galar, F, shiny|68\/100\n|move|p2b: Ogerpon|Knock Off|p1b: Slowbro\n|-supereffective|p1b: Slowbro\n|-damage|p1b: Slowbro|0 fnt\n|-enditem|p1b: Slowbro|Assault Vest|[from] move: Knock Off|[of] p2b: Ogerpon\n|faint|p1b: Slowbro\n|-curestatus|p2a: Ribombee|slp|[msg]\n|move|p2a: Ribombee|Pollen Puff|p1a: Sinistcha\n|-damage|p1a: Sinistcha|31\/100\n|move|p1a: Sinistcha|Matcha Gotcha|p2b: Ogerpon|[spread] p2a,p2b\n|-resisted|p2a: Ribombee\n|-damage|p2a: Ribombee|50\/100\n|-heal|p1a: Sinistcha|42\/100|[from] drain|[of] p2a: Ribombee\n|-damage|p2b: Ogerpon|0 fnt\n|-heal|p1a: Sinistcha|53\/100|[from] drain|[of] p2b: Ogerpon\n|faint|p2b: Ogerpon\n|\n|-weather|none\n|-heal|p2a: Ribombee|56\/100|[from] item: Leftovers\n|upkeep\n|c|\u2606Battlin' Cats|Totally Predicted!\n|\n|t:|1700588859\n|switch|p1b: Amoonguss|Amoonguss, F, shiny|39\/100\n|turn|15\n|\n|t:|1700588877\n|-terastallize|p1a: Sinistcha|Fairy\n|move|p1a: Sinistcha|Rage Powder|p1a: Sinistcha\n|-singleturn|p1a: Sinistcha|move: Rage Powder\n|move|p2a: Ribombee|Psychic|p1a: Sinistcha\n|-damage|p1a: Sinistcha|19\/100\n|move|p1b: Amoonguss|Spore|p2a: Ribombee\n|-status|p2a: Ribombee|slp|[from] move: Spore\n|\n|-heal|p2a: Ribombee|62\/100 slp|[from] item: Leftovers\n|upkeep\n|turn|16\n|c|\u2606Battlin' Cats|Fa1\n|c|\u2606Battlin' Cats|Faq\n|c|\u2606Battlin' Cats|Is that too close to the slur?\n|c|\u2606Battlin' Cats|Anyway, GG\n|c|\u2606TheChosen1 4809|gg\n|\n|t:|1700588906\n|cant|p2a: Ribombee|slp\n|move|p1a: Sinistcha|Scald|p2a: Ribombee\n|-damage|p2a: Ribombee|14\/100 slp\n|move|p1b: Amoonguss|Pollen Puff|p1a: Sinistcha\n|-heal|p1a: Sinistcha|69\/100\n|\n|-heal|p2a: Ribombee|20\/100 slp|[from] item: Leftovers\n|upkeep\n|turn|17\n|\n|t:|1700588923\n|cant|p2a: Ribombee|slp\n|move|p1a: Sinistcha|Scald|p2a: Ribombee\n|-damage|p2a: Ribombee|0 fnt\n|faint|p2a: Ribombee\n|\n|win|TheChosen1 4809\n|c|\u2606Battlin' Cats|Fun games\n|c|\u2606Battlin' Cats|Cya\n|c|\u2606TheChosen1 4809|thanks for the fun battle\n|c|\u2606TheChosen1 4809|cya\n|l|\u2606TheChosen1 4809\n","uploadtime":1700588998,"views":0,"p1id":"thechosen14809","p2id":"battlincats","formatid":"gen9doublesou","rating":0,"private":0,"password":""}