{"id":"gen9doublesou-1979417080","p1":"GradeAGarfield","p2":"Da1mon!","format":"[Gen 9] Doubles OU","log":"|j|\u2606GradeAGarfield\n|j|\u2606Da1mon!\n|t:|1698680983\n|gametype|doubles\n|player|p1|GradeAGarfield|brycenman|1276\n|player|p2|Da1mon!|palmer|1392\n|teamsize|p1|6\n|teamsize|p2|6\n|gen|9\n|tier|[Gen 9] Doubles OU\n|rated|\n|rule|Species Clause: Limit one of each Pok\u00e9mon\n|rule|OHKO Clause: OHKO moves are banned\n|rule|Evasion Moves Clause: Evasion moves are banned\n|rule|Gravity Sleep Clause: The combination of sleep-inducing moves with imperfect accuracy and Gravity or Gigantamax Orbeetle are banned\n|rule|Endless Battle Clause: Forcing endless battles is banned\n|rule|HP Percentage Mod: HP is shown in percentages\n|clearpoke\n|poke|p1|Sneasler, F|\n|poke|p1|Rillaboom, M|\n|poke|p1|Ursaluna, M|\n|poke|p1|Kingambit, M|\n|poke|p1|Arcanine, M|\n|poke|p1|Cresselia, F|\n|poke|p2|Ursaluna-Bloodmoon, M|\n|poke|p2|Sinistcha-Masterpiece|\n|poke|p2|Goodra-Hisui, M|\n|poke|p2|Arcanine, F|\n|poke|p2|Iron Hands|\n|poke|p2|Chien-Pao|\n|teampreview\n|\n|t:|1698680990\n|start\n|switch|p1a: Sneasler|Sneasler, F|100\/100\n|switch|p1b: Rillaboom|Rillaboom, M|100\/100\n|switch|p2a: Ursaluna|Ursaluna-Bloodmoon, M|100\/100\n|switch|p2b: Iron Hands|Iron Hands|100\/100\n|-fieldstart|move: Grassy Terrain|[from] ability: Grassy Surge|[of] p1b: Rillaboom\n|-enditem|p1a: Sneasler|Grassy Seed\n|-boost|p1a: Sneasler|def|1|[from] item: Grassy Seed\n|turn|1\n|\n|t:|1698681016\n|move|p2a: Ursaluna|Protect|p2a: Ursaluna\n|-singleturn|p2a: Ursaluna|Protect\n|move|p1b: Rillaboom|Fake Out|p2b: Iron Hands\n|-damage|p2b: Iron Hands|87\/100\n|-damage|p1b: Rillaboom|91\/100|[from] item: Life Orb\n|cant|p2b: Iron Hands|flinch\n|move|p1a: Sneasler|Close Combat|p2a: Ursaluna\n|-activate|p2a: Ursaluna|move: Protect\n|\n|-heal|p1b: Rillaboom|97\/100|[from] Grassy Terrain\n|-heal|p2b: Iron Hands|93\/100|[from] Grassy Terrain\n|upkeep\n|turn|2\n|\n|t:|1698681049\n|switch|p2a: Sinistcha|Sinistcha-Masterpiece|100\/100\n|-heal|p2b: Iron Hands|100\/100|[from] ability: Hospitality|[of] p2a: Sinistcha\n|-end|p2b: Iron Hands|Quark Drive|[silent]\n|switch|p2b: Arcanine|Arcanine, F|100\/100\n|-ability|p2b: Arcanine|Intimidate|boost\n|-unboost|p1a: Sneasler|atk|1\n|-unboost|p1b: Rillaboom|atk|1\n|move|p1a: Sneasler|Acrobatics|p2a: Sinistcha\n|-supereffective|p2a: Sinistcha\n|-damage|p2a: Sinistcha|55\/100\n|move|p1b: Rillaboom|High Horsepower|p2b: Arcanine\n|-supereffective|p2b: Arcanine\n|-damage|p2b: Arcanine|35\/100\n|-enditem|p2b: Arcanine|Sitrus Berry|[eat]\n|-heal|p2b: Arcanine|60\/100|[from] item: Sitrus Berry\n|-damage|p1b: Rillaboom|87\/100|[from] item: Life Orb\n|\n|-heal|p2b: Arcanine|66\/100|[from] Grassy Terrain\n|-heal|p1b: Rillaboom|93\/100|[from] Grassy Terrain\n|-heal|p2a: Sinistcha|61\/100|[from] Grassy Terrain\n|-heal|p2a: Sinistcha|67\/100|[from] item: Leftovers\n|upkeep\n|turn|3\n|\n|t:|1698681091\n|move|p1a: Sneasler|Dire Claw|p2a: Sinistcha\n|-damage|p2a: Sinistcha|40\/100\n|move|p2b: Arcanine|Will-O-Wisp|p1a: Sneasler\n|-status|p1a: Sneasler|brn\n|move|p1b: Rillaboom|Knock Off|p2a: Sinistcha\n|-supereffective|p2a: Sinistcha\n|-damage|p2a: Sinistcha|0 fnt\n|-enditem|p2a: Sinistcha|Leftovers|[from] move: Knock Off|[of] p1b: Rillaboom\n|faint|p2a: Sinistcha\n|-damage|p1b: Rillaboom|83\/100|[from] item: Life Orb\n|\n|-heal|p2b: Arcanine|72\/100|[from] Grassy Terrain\n|-heal|p1b: Rillaboom|89\/100|[from] Grassy Terrain\n|-damage|p1a: Sneasler|95\/100 brn|[from] brn\n|upkeep\n|\n|t:|1698681109\n|switch|p2a: Ursaluna|Ursaluna-Bloodmoon, M|100\/100\n|turn|4\n|\n|t:|1698681118\n|switch|p2b: Iron Hands|Iron Hands|100\/100\n|move|p2a: Ursaluna|Protect|p2a: Ursaluna\n|-singleturn|p2a: Ursaluna|Protect\n|move|p1a: Sneasler|Taunt|p2b: Iron Hands\n|-start|p2b: Iron Hands|move: Taunt\n|move|p1b: Rillaboom|Knock Off|p2a: Ursaluna\n|-activate|p2a: Ursaluna|move: Protect\n|\n|-heal|p1a: Sneasler|100\/100 brn|[from] Grassy Terrain\n|-heal|p1b: Rillaboom|95\/100|[from] Grassy Terrain\n|-damage|p1a: Sneasler|95\/100 brn|[from] brn\n|upkeep\n|turn|5\n|\n|t:|1698681138\n|switch|p1a: Arcanine|Arcanine, M|100\/100\n|-ability|p1a: Arcanine|Intimidate|boost\n|-unboost|p2a: Ursaluna|atk|1\n|-unboost|p2b: Iron Hands|atk|1\n|move|p2b: Iron Hands|Fake Out|p1b: Rillaboom\n|-damage|p1b: Rillaboom|85\/100\n|cant|p1b: Rillaboom|flinch\n|move|p2a: Ursaluna|Blood Moon|p1a: Arcanine\n|-damage|p1a: Arcanine|0 fnt\n|faint|p1a: Arcanine\n|-damage|p2a: Ursaluna|91\/100|[from] item: Life Orb\n|\n|-heal|p1b: Rillaboom|91\/100|[from] Grassy Terrain\n|-heal|p2a: Ursaluna|97\/100|[from] Grassy Terrain\n|-fieldend|move: Grassy Terrain\n|upkeep\n|\n|t:|1698681156\n|switch|p1a: Ursaluna|Ursaluna, M|100\/100\n|turn|6\n|\n|t:|1698681172\n|move|p1b: Rillaboom|High Horsepower|p2b: Iron Hands\n|-supereffective|p2b: Iron Hands\n|-damage|p2b: Iron Hands|59\/100\n|-damage|p1b: Rillaboom|82\/100|[from] item: Life Orb\n|move|p1a: Ursaluna|Drain Punch|p2a: Ursaluna\n|-supereffective|p2a: Ursaluna\n|-damage|p2a: Ursaluna|59\/100\n|move|p2a: Ursaluna|Earth Power|p1a: Ursaluna\n|-crit|p1a: Ursaluna\n|-damage|p1a: Ursaluna|7\/100\n|-damage|p2a: Ursaluna|49\/100|[from] item: Life Orb\n|move|p2b: Iron Hands|Close Combat|p1a: Ursaluna\n|-supereffective|p1a: Ursaluna\n|-damage|p1a: Ursaluna|0 fnt\n|-unboost|p2b: Iron Hands|def|1\n|-unboost|p2b: Iron Hands|spd|1\n|faint|p1a: Ursaluna\n|\n|-end|p2b: Iron Hands|move: Taunt\n|upkeep\n|\n|t:|1698681193\n|switch|p1a: Kingambit|Kingambit, M|100\/100\n|turn|7\n|\n|t:|1698681231\n|-end|p2b: Iron Hands|Quark Drive|[silent]\n|switch|p2b: Arcanine|Arcanine, F|72\/100\n|-ability|p2b: Arcanine|Intimidate|boost\n|-unboost|p1a: Kingambit|atk|1\n|-ability|p1a: Kingambit|Defiant|boost\n|-boost|p1a: Kingambit|atk|2\n|-unboost|p1b: Rillaboom|atk|1\n|-terastallize|p1a: Kingambit|Flying\n|move|p1b: Rillaboom|Grassy Glide|p2a: Ursaluna\n|-supereffective|p2a: Ursaluna\n|-crit|p2a: Ursaluna\n|-damage|p2a: Ursaluna|0 fnt\n|faint|p2a: Ursaluna\n|-damage|p1b: Rillaboom|72\/100|[from] item: Life Orb\n|move|p1a: Kingambit|Tera Blast|p2b: Arcanine|[anim] Tera Blast Flying\n|-damage|p2b: Arcanine|2\/100\n|\n|upkeep\n|\n|t:|1698681256\n|switch|p2a: Iron Hands|Iron Hands|59\/100\n|turn|8\n|\n|t:|1698681282\n|move|p2a: Iron Hands|Fake Out|p1a: Kingambit\n|-damage|p1a: Kingambit|88\/100\n|cant|p1a: Kingambit|flinch\n|move|p2b: Arcanine|Flare Blitz|p1b: Rillaboom\n|-supereffective|p1b: Rillaboom\n|-crit|p1b: Rillaboom\n|-damage|p1b: Rillaboom|0 fnt\n|faint|p1b: Rillaboom\n|-damage|p2b: Arcanine|0 fnt|[from] Recoil\n|faint|p2b: Arcanine\n|\n|upkeep\n|\n|t:|1698681300\n|switch|p2b: Chien-Pao|Chien-Pao|100\/100\n|switch|p1b: Sneasler|Sneasler, F|95\/100 brn\n|-ability|p2b: Chien-Pao|Sword of Ruin\n|turn|9\n|\n|t:|1698681314\n|move|p2b: Chien-Pao|Ice Spinner|p1a: Kingambit\n|-supereffective|p1a: Kingambit\n|-damage|p1a: Kingambit|11\/100\n|move|p1b: Sneasler|Close Combat|p2b: Chien-Pao\n|-supereffective|p2b: Chien-Pao\n|-enditem|p2b: Chien-Pao|Focus Sash\n|-damage|p2b: Chien-Pao|1\/100\n|-unboost|p1b: Sneasler|def|1\n|-unboost|p1b: Sneasler|spd|1\n|move|p1a: Kingambit|Iron Head|p2b: Chien-Pao\n|-supereffective|p2b: Chien-Pao\n|-damage|p2b: Chien-Pao|0 fnt\n|faint|p2b: Chien-Pao\n|move|p2a: Iron Hands|Wild Charge|p1b: Sneasler\n|-damage|p1b: Sneasler|0 fnt\n|faint|p1b: Sneasler\n|-damage|p2a: Iron Hands|43\/100|[from] Recoil\n|\n|upkeep\n|\n|t:|1698681330\n|switch|p2b: Goodra|Goodra-Hisui, M|100\/100\n|switch|p1b: Cresselia|Cresselia, F|100\/100\n|turn|10\n|\n|t:|1698681357\n|move|p1b: Cresselia|Lunar Blessing|p1b: Cresselia|[spread] p1a,p1b\n|-heal|p1a: Kingambit|36\/100\n|move|p2b: Goodra|Acid Armor|p2b: Goodra\n|-boost|p2b: Goodra|def|2\n|move|p2a: Iron Hands|Ice Punch|p1a: Kingambit\n|-supereffective|p1a: Kingambit\n|-damage|p1a: Kingambit|0 fnt\n|faint|p1a: Kingambit\n|\n|upkeep\n|turn|11\n|-message|GradeAGarfield forfeited.\n|\n|win|Da1mon!\n|raw|GradeAGarfield's rating: 1276 &rarr; <strong>1259<\/strong><br \/>(-17 for losing)\n|raw|Da1mon!'s rating: 1392 &rarr; <strong>1406<\/strong><br \/>(+14 for winning)\n|l|\u2606GradeAGarfield\n|l|\u2606Da1mon!\n|j|\u2606Da1mon!\n|player|p2|Da1mon!|palmer\n","uploadtime":1698681419,"views":14,"p1id":"gradeagarfield","p2id":"da1mon","formatid":"gen9doublesou","rating":1259,"private":0,"password":""}