{"id":"gen9doublesou-1994454978","p1":"luciferlobo","p2":"UY QUE RICO PAPI","format":"[Gen 9] Doubles OU","log":"|j|\u2606luciferlobo\n|j|\u2606UY QUE RICO PAPI\n|t:|1700445835\n|gametype|doubles\n|player|p1|luciferlobo|101|1196\n|player|p2|UY QUE RICO PAPI|2|1259\n|teamsize|p1|6\n|teamsize|p2|6\n|gen|9\n|tier|[Gen 9] Doubles OU\n|rated|\n|rule|Species Clause: Limit one of each Pok\u00e9mon\n|rule|OHKO Clause: OHKO moves are banned\n|rule|Evasion Moves Clause: Evasion moves are banned\n|rule|Gravity Sleep Clause: The combination of sleep-inducing moves with imperfect accuracy and Gravity or Gigantamax Orbeetle are banned\n|rule|Endless Battle Clause: Forcing endless battles is banned\n|rule|HP Percentage Mod: HP is shown in percentages\n|clearpoke\n|poke|p1|Empoleon, M|\n|poke|p1|Wyrdeer, F|\n|poke|p1|Sinistcha|\n|poke|p1|Ursaluna, M|\n|poke|p1|Slowking-Galar, F|\n|poke|p1|Goodra-Hisui, F|\n|poke|p2|Bronzong|\n|poke|p2|Weavile, M|\n|poke|p2|Hatterene, F|\n|poke|p2|Ursaluna, F|\n|poke|p2|Cresselia, F|\n|poke|p2|Orthworm, F|\n|teampreview\n|inactive|Battle timer is ON: inactive players will automatically lose when time's up. (requested by luciferlobo)\n|\n|t:|1700445867\n|start\n|switch|p1a: Empoleon|Empoleon, M, shiny|100\/100\n|switch|p1b: Wyrdeer|Wyrdeer, F, shiny|100\/100\n|switch|p2a: Bronzong|Bronzong|100\/100\n|switch|p2b: Weavile|Weavile, M|100\/100\n|-ability|p1b: Wyrdeer|Intimidate|boost\n|-unboost|p2a: Bronzong|atk|1\n|-unboost|p2b: Weavile|atk|1\n|turn|1\n|\n|t:|1700445892\n|move|p1a: Empoleon|Vacuum Wave|p2b: Weavile\n|-supereffective|p2b: Weavile\n|-damage|p2b: Weavile|25\/100\n|move|p2b: Weavile|Taunt|p1b: Wyrdeer\n|-start|p1b: Wyrdeer|move: Taunt\n|cant|p1b: Wyrdeer|move: Taunt|Trick Room\n|move|p2a: Bronzong|Trick Room|p2a: Bronzong\n|-fieldstart|move: Trick Room|[of] p2a: Bronzong\n|\n|upkeep\n|turn|2\n|c|\u2606luciferlobo|Bro thanks gou did my job for me :)\n|\n|t:|1700445921\n|switch|p1b: Slowking|Slowking-Galar, F|100\/100\n|move|p1a: Empoleon|Vacuum Wave|p2b: Weavile\n|-supereffective|p2b: Weavile\n|-damage|p2b: Weavile|0 fnt\n|faint|p2b: Weavile\n|move|p2a: Bronzong|Stealth Rock|p1a: Empoleon\n|-sidestart|p1: luciferlobo|move: Stealth Rock\n|\n|upkeep\n|\n|t:|1700445935\n|switch|p2b: Ursaluna|Ursaluna, F|100\/100\n|turn|3\n|\n|t:|1700445956\n|switch|p1b: Wyrdeer|Wyrdeer, F, shiny|100\/100\n|-damage|p1b: Wyrdeer|88\/100|[from] Stealth Rock\n|-ability|p1b: Wyrdeer|Intimidate|boost\n|-unboost|p2a: Bronzong|atk|1\n|-unboost|p2b: Ursaluna|atk|1\n|switch|p1a: Sinistcha|Sinistcha|100\/100\n|-damage|p1a: Sinistcha|88\/100|[from] Stealth Rock\n|-heal|p1b: Wyrdeer|100\/100|[from] ability: Hospitality|[of] p1a: Sinistcha\n|-terastallize|p2b: Ursaluna|Ground\n|move|p2a: Bronzong|Steel Beam|p1b: Wyrdeer\n|-damage|p1b: Wyrdeer|45\/100\n|-damage|p2a: Bronzong|50\/100|[from] steelbeam\n|move|p2b: Ursaluna|Earthquake|p1a: Sinistcha|[spread] p1a,p1b\n|-immune|p2a: Bronzong|[from] ability: Levitate\n|-resisted|p1a: Sinistcha\n|-damage|p1a: Sinistcha|74\/100\n|-damage|p1b: Wyrdeer|2\/100\n|\n|-heal|p1b: Wyrdeer|8\/100|[from] item: Leftovers\n|-heal|p1a: Sinistcha|80\/100|[from] item: Leftovers\n|-status|p2b: Ursaluna|brn|[from] item: Flame Orb\n|upkeep\n|turn|4\n|inactive|UY QUE RICO PAPI has 120 seconds left.\n|\n|t:|1700445998\n|switch|p2b: Orthworm|Orthworm, F|100\/100\n|move|p2a: Bronzong|Steel Beam|p1a: Sinistcha\n|-damage|p1a: Sinistcha|11\/100\n|-damage|p2a: Bronzong|0 fnt|[from] steelbeam\n|faint|p2a: Bronzong\n|move|p1b: Wyrdeer|Skill Swap|p2b: Orthworm\n|-activate|p1b: Wyrdeer|move: Skill Swap|Earth Eater|Intimidate|[of] p2b: Orthworm\n|-ability|p2b: Orthworm|Intimidate|boost\n|-unboost|p1a: Sinistcha|atk|1\n|-unboost|p1b: Wyrdeer|atk|1\n|move|p1a: Sinistcha|Life Dew|p1a: Sinistcha|[spread] p1a,p1b\n|-heal|p1a: Sinistcha|36\/100\n|-heal|p1b: Wyrdeer|33\/100\n|\n|-heal|p1b: Wyrdeer|39\/100|[from] item: Leftovers\n|-heal|p1a: Sinistcha|42\/100|[from] item: Leftovers\n|upkeep\n|\n|t:|1700446015\n|switch|p2a: Ursaluna|Ursaluna, F, tera:Ground|100\/100 brn\n|turn|5\n|inactive|UY QUE RICO PAPI has 120 seconds left.\n|inactive|luciferlobo has 120 seconds left.\n|inactive|luciferlobo has 90 seconds left.\n|\n|t:|1700446081\n|switch|p2a: Cresselia|Cresselia, F|100\/100\n|switch|p1b: Slowking|Slowking-Galar, F|100\/100\n|-damage|p1b: Slowking|88\/100|[from] Stealth Rock\n|move|p2b: Orthworm|Body Press|p1b: Slowking\n|-resisted|p1b: Slowking\n|-damage|p1b: Slowking|81\/100\n|move|p1a: Sinistcha|Matcha Gotcha|p2b: Orthworm|[spread] p2b\n|-miss|p1a: Sinistcha|p2a: Cresselia\n|-resisted|p2b: Orthworm\n|-damage|p2b: Orthworm|89\/100\n|-heal|p1a: Sinistcha|48\/100|[from] drain|[of] p2b: Orthworm\n|\n|-heal|p1b: Slowking|87\/100|[from] item: Black Sludge\n|-heal|p1a: Sinistcha|54\/100|[from] item: Leftovers\n|-fieldend|move: Trick Room\n|upkeep\n|turn|6\n|inactive|luciferlobo has 90 seconds left.\n|inactive|UY QUE RICO PAPI has 120 seconds left.\n|\n|t:|1700446110\n|move|p1a: Sinistcha|Scald|p2b: Orthworm\n|-damage|p2b: Orthworm|67\/100\n|move|p2b: Orthworm|Shed Tail|p2b: Orthworm\n|-start|p2b: Orthworm|Substitute|[from] move: Shed Tail\n|-damage|p2b: Orthworm|17\/100\n|-enditem|p2b: Orthworm|Sitrus Berry|[eat]\n|-heal|p2b: Orthworm|42\/100|[from] item: Sitrus Berry\n|inactive|UY QUE RICO PAPI has 120 seconds left.\n|\n|t:|1700446121\n|switch|p2b: Ursaluna|Ursaluna, F, tera:Ground|100\/100 brn|[from] Shed Tail\n|move|p1b: Slowking|Flamethrower|p2b: Ursaluna\n|-end|p2b: Ursaluna|Substitute\n|move|p2a: Cresselia|Trick Room|p2a: Cresselia\n|-fieldstart|move: Trick Room|[of] p2a: Cresselia\n|\n|-heal|p1b: Slowking|93\/100|[from] item: Black Sludge\n|-heal|p1a: Sinistcha|60\/100|[from] item: Leftovers\n|-damage|p2b: Ursaluna|94\/100 brn|[from] brn\n|upkeep\n|turn|7\n|inactive|luciferlobo has 90 seconds left.\n|\n|t:|1700446153\n|move|p2a: Cresselia|Helping Hand|p2b: Ursaluna\n|-singleturn|p2b: Ursaluna|Helping Hand|[of] p2a: Cresselia\n|move|p1b: Slowking|Sludge Bomb|p2b: Ursaluna\n|-resisted|p2b: Ursaluna\n|-damage|p2b: Ursaluna|75\/100 brn\n|move|p2b: Ursaluna|Earthquake|p1b: Slowking|[spread] p1a,p1b\n|-immune|p2a: Cresselia|[from] ability: Levitate\n|-resisted|p1a: Sinistcha\n|-supereffective|p1b: Slowking\n|-damage|p1a: Sinistcha|16\/100\n|-damage|p1b: Slowking|0 fnt\n|faint|p1b: Slowking\n|move|p1a: Sinistcha|Matcha Gotcha|p2b: Ursaluna|[spread] p2b\n|-miss|p1a: Sinistcha|p2a: Cresselia\n|-supereffective|p2b: Ursaluna\n|-damage|p2b: Ursaluna|32\/100 brn\n|-heal|p1a: Sinistcha|45\/100|[from] drain|[of] p2b: Ursaluna\n|\n|-heal|p1a: Sinistcha|51\/100|[from] item: Leftovers\n|-damage|p2b: Ursaluna|26\/100 brn|[from] brn\n|upkeep\n|inactive|luciferlobo has 60 seconds left.\n|\n|t:|1700446187\n|switch|p1b: Wyrdeer|Wyrdeer, F, shiny|39\/100\n|-damage|p1b: Wyrdeer|27\/100|[from] Stealth Rock\n|-ability|p1b: Wyrdeer|Intimidate|boost\n|-unboost|p2a: Cresselia|atk|1\n|-unboost|p2b: Ursaluna|atk|1\n|turn|8\n|\n|t:|1700446199\n|switch|p1b: Goodra|Goodra-Hisui, F|100\/100\n|-damage|p1b: Goodra|94\/100|[from] Stealth Rock\n|move|p2b: Ursaluna|Protect|p2b: Ursaluna\n|-singleturn|p2b: Ursaluna|Protect\n|move|p2a: Cresselia|Lunar Blessing|p2a: Cresselia|[spread] p2a,p2b\n|-heal|p2b: Ursaluna|51\/100 brn\n|-curestatus|p2b: Ursaluna|brn|[msg]\n|move|p1a: Sinistcha|Life Dew|p1a: Sinistcha|[spread] p1a,p1b\n|-heal|p1a: Sinistcha|76\/100\n|-heal|p1b: Goodra|100\/100\n|\n|-heal|p1a: Sinistcha|82\/100|[from] item: Leftovers\n|-status|p2b: Ursaluna|brn|[from] item: Flame Orb\n|upkeep\n|turn|9\n|inactive|luciferlobo has 90 seconds left.\n|\n|t:|1700446221\n|switch|p2b: Orthworm|Orthworm, F|42\/100\n|-terastallize|p1b: Goodra|Water\n|move|p1b: Goodra|Shelter|p1b: Goodra\n|-boost|p1b: Goodra|def|2\n|move|p2a: Cresselia|Lunar Blessing|p2a: Cresselia|[spread] p2a,p2b\n|-heal|p2b: Orthworm|67\/100\n|move|p1a: Sinistcha|Scald|p2b: Orthworm\n|-crit|p2b: Orthworm\n|-damage|p2b: Orthworm|32\/100\n|-status|p2b: Orthworm|brn\n|\n|-heal|p1a: Sinistcha|88\/100|[from] item: Leftovers\n|-damage|p2b: Orthworm|26\/100 brn|[from] brn\n|upkeep\n|turn|10\n|inactive|luciferlobo has 90 seconds left.\n|inactive|UY QUE RICO PAPI has 120 seconds left.\n|\n|t:|1700446255\n|move|p1b: Goodra|Body Press|p2b: Orthworm\n|-supereffective|p2b: Orthworm\n|-damage|p2b: Orthworm|0 fnt\n|faint|p2b: Orthworm\n|move|p2a: Cresselia|Lunar Blessing||[still]\n|-fail|p2a: Cresselia\n|move|p1a: Sinistcha|Scald|p2a: Cresselia\n|-damage|p2a: Cresselia|86\/100\n|-status|p2a: Cresselia|brn\n|\n|-heal|p1a: Sinistcha|94\/100|[from] item: Leftovers\n|-damage|p2a: Cresselia|80\/100 brn|[from] brn\n|-fieldend|move: Trick Room\n|upkeep\n|inactive|UY QUE RICO PAPI has 120 seconds left.\n|\n|t:|1700446267\n|switch|p2b: Hatterene|Hatterene, F|100\/100\n|turn|11\n|c|\u2606luciferlobo|Youre the only other trick room team on the format ive found so far\n|c|\u2606luciferlobo|Love it\n|inactive|luciferlobo has 90 seconds left.\n|\n|t:|1700446305\n|move|p2b: Hatterene|Protect|p2b: Hatterene\n|-singleturn|p2b: Hatterene|Protect\n|move|p1a: Sinistcha|Rage Powder|p1a: Sinistcha\n|-singleturn|p1a: Sinistcha|move: Rage Powder\n|move|p1b: Goodra|Gyro Ball|p2b: Hatterene\n|-activate|p2b: Hatterene|move: Protect\n|move|p2a: Cresselia|Trick Room|p2a: Cresselia\n|-fieldstart|move: Trick Room|[of] p2a: Cresselia\n|\n|-heal|p1a: Sinistcha|99\/100|[from] item: Leftovers\n|-damage|p2a: Cresselia|73\/100 brn|[from] brn\n|upkeep\n|turn|12\n|\n|t:|1700446322\n|move|p2a: Cresselia|Helping Hand|p2b: Hatterene\n|-singleturn|p2b: Hatterene|Helping Hand|[of] p2a: Cresselia\n|move|p2b: Hatterene|Dark Pulse|p1a: Sinistcha\n|-supereffective|p1a: Sinistcha\n|-damage|p1a: Sinistcha|0 fnt\n|faint|p1a: Sinistcha\n|move|p1b: Goodra|Gyro Ball|p2b: Hatterene\n|-supereffective|p2b: Hatterene\n|-damage|p2b: Hatterene|95\/100\n|\n|-damage|p2a: Cresselia|67\/100 brn|[from] brn\n|upkeep\n|inactive|luciferlobo has 90 seconds left.\n|\n|t:|1700446336\n|switch|p1a: Ursaluna|Ursaluna, M|100\/100\n|-damage|p1a: Ursaluna|94\/100|[from] Stealth Rock\n|turn|13\n|\n|t:|1700446352\n|move|p2a: Cresselia|Helping Hand|p2b: Hatterene\n|-singleturn|p2b: Hatterene|Helping Hand|[of] p2a: Cresselia\n|move|p2b: Hatterene|Dazzling Gleam|p1b: Goodra|[spread] p1a,p1b\n|-damage|p1a: Ursaluna|50\/100\n|-damage|p1b: Goodra|72\/100\n|move|p1b: Goodra|Gyro Ball|p2b: Hatterene\n|-supereffective|p2b: Hatterene\n|-damage|p2b: Hatterene|89\/100\n|move|p1a: Ursaluna|High Horsepower|p2b: Hatterene\n|-crit|p2b: Hatterene\n|-damage|p2b: Hatterene|0 fnt\n|faint|p2b: Hatterene\n|\n|-heal|p1b: Goodra|79\/100|[from] item: Leftovers\n|-damage|p2a: Cresselia|61\/100 brn|[from] brn\n|-status|p1a: Ursaluna|brn|[from] item: Flame Orb\n|upkeep\n|\n|t:|1700446367\n|switch|p2b: Ursaluna|Ursaluna, F, tera:Ground|51\/100 brn\n|turn|14\n|\n|t:|1700446375\n|move|p2a: Cresselia|Helping Hand|p2b: Ursaluna\n|-singleturn|p2b: Ursaluna|Helping Hand|[of] p2a: Cresselia\n|move|p2b: Ursaluna|Earthquake|p1a: Ursaluna|[spread] p1a,p1b\n|-immune|p2a: Cresselia|[from] ability: Levitate\n|-damage|p1a: Ursaluna|0 fnt\n|-damage|p1b: Goodra|11\/100\n|faint|p1a: Ursaluna\n|move|p1b: Goodra|Body Press|p2b: Ursaluna\n|-damage|p2b: Ursaluna|25\/100 brn\n|\n|-heal|p1b: Goodra|17\/100|[from] item: Leftovers\n|-damage|p2b: Ursaluna|19\/100 brn|[from] brn\n|-damage|p2a: Cresselia|55\/100 brn|[from] brn\n|upkeep\n|inactive|luciferlobo has 120 seconds left.\n|\n|t:|1700446385\n|switch|p1a: Wyrdeer|Wyrdeer, F, shiny|27\/100\n|-damage|p1a: Wyrdeer|14\/100|[from] Stealth Rock\n|-ability|p1a: Wyrdeer|Intimidate|boost\n|-unboost|p2a: Cresselia|atk|1\n|-unboost|p2b: Ursaluna|atk|1\n|turn|15\n|\n|t:|1700446405\n|move|p2b: Ursaluna|Earthquake|p1a: Wyrdeer|[spread] p1a,p1b\n|-immune|p2a: Cresselia|[from] ability: Levitate\n|-damage|p1a: Wyrdeer|0 fnt\n|-damage|p1b: Goodra|0 fnt\n|faint|p1a: Wyrdeer\n|faint|p1b: Goodra\n|move|p2a: Cresselia|Lunar Blessing|p2a: Cresselia|[spread] p2a,p2b\n|-heal|p2a: Cresselia|80\/100 brn\n|-curestatus|p2a: Cresselia|brn|[msg]\n|-heal|p2b: Ursaluna|44\/100 brn\n|-curestatus|p2b: Ursaluna|brn|[msg]\n|\n|-fieldend|move: Trick Room\n|-status|p2b: Ursaluna|brn|[from] item: Flame Orb\n|upkeep\n|\n|t:|1700446409\n|switch|p1b: Empoleon|Empoleon, M, shiny|100\/100\n|-damage|p1b: Empoleon|94\/100|[from] Stealth Rock\n|turn|16\n|\n|t:|1700446423\n|move|p2b: Ursaluna|Protect|p2b: Ursaluna\n|-singleturn|p2b: Ursaluna|Protect\n|move|p1b: Empoleon|Ice Beam|p2b: Ursaluna\n|-activate|p2b: Ursaluna|move: Protect\n|move|p2a: Cresselia|Trick Room|p2a: Cresselia\n|-fieldstart|move: Trick Room|[of] p2a: Cresselia\n|\n|-damage|p2b: Ursaluna|38\/100 brn|[from] brn\n|upkeep\n|turn|17\n|\n|t:|1700446433\n|move|p2a: Cresselia|Helping Hand|p2b: Ursaluna\n|-singleturn|p2b: Ursaluna|Helping Hand|[of] p2a: Cresselia\n|move|p1b: Empoleon|Vacuum Wave|p2b: Ursaluna\n|-damage|p2b: Ursaluna|26\/100 brn\n|move|p2b: Ursaluna|Earthquake|p1b: Empoleon|[spread] p1b\n|-immune|p2a: Cresselia|[from] ability: Levitate\n|-supereffective|p1b: Empoleon\n|-damage|p1b: Empoleon|0 fnt\n|faint|p1b: Empoleon\n|\n|win|UY QUE RICO PAPI\n|raw|luciferlobo's rating: 1196 &rarr; <strong>1175<\/strong><br \/>(-21 for losing)\n|raw|UY QUE RICO PAPI's rating: 1259 &rarr; <strong>1280<\/strong><br \/>(+21 for winning)\n|l|\u2606luciferlobo\n","uploadtime":1700446445,"views":4,"p1id":"luciferlobo","p2id":"uyquericopapi","formatid":"gen9doublesou","rating":1175,"private":0,"password":""}