{"id":"gen9doublesou-1999978267","p1":"bulkan wars","p2":"maybenotxand","format":"[Gen 9] Doubles OU","log":"|j|\u2606bulkan wars\n|j|\u2606maybenotxand\n|t:|1701136947\n|gametype|doubles\n|player|p1|bulkan wars|266|1077\n|player|p2|maybenotxand|dawn|1035\n|teamsize|p1|6\n|teamsize|p2|6\n|gen|9\n|tier|[Gen 9] Doubles OU\n|rated|\n|rule|Species Clause: Limit one of each Pok\u00e9mon\n|rule|OHKO Clause: OHKO moves are banned\n|rule|Evasion Moves Clause: Evasion moves are banned\n|rule|Gravity Sleep Clause: The combination of sleep-inducing moves with imperfect accuracy and Gravity or Gigantamax Orbeetle are banned\n|rule|Endless Battle Clause: Forcing endless battles is banned\n|rule|HP Percentage Mod: HP is shown in percentages\n|clearpoke\n|poke|p1|Chien-Pao|\n|poke|p1|Maushold-Four|\n|poke|p1|Lucario, M|\n|poke|p1|Amoonguss, M|\n|poke|p1|Sinistcha-Masterpiece|\n|poke|p1|Landorus-Therian, M|\n|poke|p2|Ceruledge, M|\n|poke|p2|Meowscarada, F|\n|poke|p2|Dragonite, M|\n|poke|p2|Iron Bundle|\n|poke|p2|Amoonguss, F|\n|poke|p2|Iron Valiant|\n|teampreview\n|\n|t:|1701136953\n|start\n|switch|p1a: Maushold|Maushold-Four|100\/100\n|switch|p1b: Lucario|Lucario, M|100\/100\n|switch|p2a: Fryden|Ceruledge, M|100\/100\n|switch|p2b: L Pokemon|Meowscarada, F|100\/100\n|turn|1\n|\n|t:|1701136973\n|-terastallize|p1b: Lucario|Fighting\n|move|p2b: L Pokemon|Flower Trick|p1a: Maushold\n|-start|p2b: L Pokemon|typechange|Grass|[from] ability: Protean\n|-crit|p1a: Maushold\n|-damage|p1a: Maushold|3\/100\n|move|p1a: Maushold|Beat Up|p1b: Lucario\n|-resisted|p1b: Lucario\n|-damage|p1b: Lucario|98\/100\n|-ability|p1b: Lucario|Justified|boost\n|-boost|p1b: Lucario|atk|1\n|-resisted|p1b: Lucario\n|-damage|p1b: Lucario|94\/100\n|-ability|p1b: Lucario|Justified|boost\n|-boost|p1b: Lucario|atk|1\n|-resisted|p1b: Lucario\n|-damage|p1b: Lucario|91\/100\n|-ability|p1b: Lucario|Justified|boost\n|-boost|p1b: Lucario|atk|1\n|-resisted|p1b: Lucario\n|-damage|p1b: Lucario|87\/100\n|-ability|p1b: Lucario|Justified|boost\n|-boost|p1b: Lucario|atk|1\n|-resisted|p1b: Lucario\n|-damage|p1b: Lucario|85\/100\n|-ability|p1b: Lucario|Justified|boost\n|-boost|p1b: Lucario|atk|1\n|-resisted|p1b: Lucario\n|-damage|p1b: Lucario|81\/100\n|-ability|p1b: Lucario|Justified|boost\n|-boost|p1b: Lucario|atk|1\n|-hitcount|p1b: Lucario|6\n|-heal|p1a: Maushold|5\/100|[from] item: Shell Bell|[of] p1b: Lucario\n|move|p1b: Lucario|Drain Punch|p2b: L Pokemon\n|-damage|p2b: L Pokemon|0 fnt\n|-heal|p1b: Lucario|100\/100|[from] drain|[of] p2b: L Pokemon\n|faint|p2b: L Pokemon\n|move|p2a: Fryden|Bitter Blade|p1b: Lucario\n|-damage|p1b: Lucario|40\/100\n|\n|upkeep\n|\n|t:|1701137005\n|switch|p2b: Nitee|Dragonite, M, shiny|100\/100\n|turn|2\n|\n|t:|1701137025\n|switch|p1a: Sinistcha|Sinistcha-Masterpiece|100\/100\n|-heal|p1b: Lucario|65\/100|[from] ability: Hospitality|[of] p1a: Sinistcha\n|move|p2b: Nitee|Extreme Speed|p1b: Lucario\n|-damage|p1b: Lucario|19\/100\n|move|p2a: Fryden|Shadow Sneak|p1b: Lucario\n|-damage|p1b: Lucario|0 fnt\n|faint|p1b: Lucario\n|\n|upkeep\n|\n|t:|1701137035\n|switch|p1b: Landorus|Landorus-Therian, M|100\/100\n|-ability|p1b: Landorus|Intimidate|boost\n|-unboost|p2a: Fryden|atk|1\n|-fail|p2b: Nitee|unboost|Attack|[from] ability: Inner Focus|[of] p2b: Nitee\n|turn|3\n|n|!maybenotxand|maybenotxand\n|\n|t:|1701137063\n|switch|p1a: Maushold|Maushold-Four|5\/100\n|move|p2b: Nitee|Extreme Speed|p1b: Landorus\n|-damage|p1b: Landorus|67\/100\n|move|p1b: Landorus|Stone Edge|p2b: Nitee\n|-supereffective|p2b: Nitee\n|-damage|p2b: Nitee|25\/100\n|move|p2a: Fryden|Bitter Blade|p1a: Maushold\n|-damage|p1a: Maushold|0 fnt\n|faint|p1a: Maushold\n|\n|-heal|p2b: Nitee|31\/100|[from] item: Leftovers\n|upkeep\n|\n|t:|1701137077\n|switch|p1a: Chien-Pao|Chien-Pao|100\/100\n|-ability|p1a: Chien-Pao|Sword of Ruin\n|turn|4\n|\n|t:|1701137096\n|move|p1a: Chien-Pao|Ice Shard|p2b: Nitee\n|-supereffective|p2b: Nitee\n|-damage|p2b: Nitee|0 fnt\n|faint|p2b: Nitee\n|move|p1b: Landorus|Sludge Bomb|p2a: Fryden\n|-resisted|p2a: Fryden\n|-damage|p2a: Fryden|90\/100\n|move|p2a: Fryden|Bitter Blade|p1a: Chien-Pao\n|-supereffective|p1a: Chien-Pao\n|-damage|p1a: Chien-Pao|14\/100\n|-heal|p2a: Fryden|100\/100|[from] drain|[of] p1a: Chien-Pao\n|\n|upkeep\n|\n|t:|1701137107\n|switch|p2b: Jetlag|Iron Valiant, shiny|100\/100\n|turn|5\n|\n|t:|1701137123\n|move|p1a: Chien-Pao|Acrobatics|p2b: Jetlag\n|-supereffective|p2b: Jetlag\n|-damage|p2b: Jetlag|45\/100\n|move|p2b: Jetlag|Moonblast|p1a: Chien-Pao\n|-supereffective|p1a: Chien-Pao\n|-damage|p1a: Chien-Pao|0 fnt\n|faint|p1a: Chien-Pao\n|move|p1b: Landorus|Stone Edge|p2a: Fryden|[miss]\n|-miss|p1b: Landorus|p2a: Fryden\n|move|p2a: Fryden|Bitter Blade|p1b: Landorus\n|-damage|p1b: Landorus|37\/100\n|\n|upkeep\n|\n|t:|1701137134\n|switch|p1a: Sinistcha|Sinistcha-Masterpiece|100\/100\n|-heal|p1b: Landorus|62\/100|[from] ability: Hospitality|[of] p1a: Sinistcha\n|turn|6\n|\n|t:|1701137150\n|move|p2b: Jetlag|Moonblast|p1b: Landorus\n|-damage|p1b: Landorus|8\/100\n|-unboost|p1b: Landorus|spa|1\n|move|p1b: Landorus|Stone Edge|p2a: Fryden\n|-supereffective|p2a: Fryden\n|-damage|p2a: Fryden|9\/100\n|move|p2a: Fryden|Bitter Blade|p1a: Sinistcha\n|-supereffective|p1a: Sinistcha\n|-damage|p1a: Sinistcha|39\/100\n|-heal|p2a: Fryden|39\/100|[from] drain|[of] p1a: Sinistcha\n|move|p1a: Sinistcha|Strength Sap|p2a: Fryden\n|-unboost|p2a: Fryden|atk|1\n|-heal|p1a: Sinistcha|100\/100\n|\n|upkeep\n|turn|7\n|\n|t:|1701137175\n|switch|p2a: laugh|Amoonguss, F|100\/100\n|move|p2b: Jetlag|Moonblast|p1a: Sinistcha\n|-damage|p1a: Sinistcha|20\/100\n|move|p1b: Landorus|Sludge Bomb|p2b: Jetlag\n|-supereffective|p2b: Jetlag\n|-damage|p2b: Jetlag|0 fnt\n|faint|p2b: Jetlag\n|-end|p2b: Jetlag|Quark Drive|[silent]\n|move|p1a: Sinistcha|Hex|p2a: laugh\n|-damage|p2a: laugh|82\/100\n|\n|-heal|p1a: Sinistcha|26\/100|[from] item: Leftovers\n|upkeep\n|\n|t:|1701137182\n|switch|p2b: P3ngu1n|Iron Bundle, shiny|100\/100\n|-enditem|p2b: P3ngu1n|Booster Energy\n|-activate|p2b: P3ngu1n|ability: Quark Drive|[fromitem]\n|-start|p2b: P3ngu1n|quarkdrivespe\n|turn|8\n|\n|t:|1701137202\n|move|p2b: P3ngu1n|Blizzard|p1a: Sinistcha|[spread] \n|-miss|p2b: P3ngu1n|p1a: Sinistcha\n|-miss|p2b: P3ngu1n|p1b: Landorus\n|move|p1b: Landorus|Stone Edge|p2b: P3ngu1n\n|-supereffective|p2b: P3ngu1n\n|-damage|p2b: P3ngu1n|19\/100\n|move|p1a: Sinistcha|Matcha Gotcha|p2a: laugh|[spread] p2b\n|-miss|p1a: Sinistcha|p2a: laugh\n|-supereffective|p2b: P3ngu1n\n|-damage|p2b: P3ngu1n|0 fnt\n|-heal|p1a: Sinistcha|34\/100|[from] drain|[of] p2b: P3ngu1n\n|faint|p2b: P3ngu1n\n|-end|p2b: P3ngu1n|Quark Drive|[silent]\n|move|p2a: laugh|Sludge Bomb|p1a: Sinistcha\n|-damage|p1a: Sinistcha|0 fnt\n|faint|p1a: Sinistcha\n|\n|upkeep\n|\n|t:|1701137218\n|switch|p2b: Fryden|Ceruledge, M|39\/100\n|switch|p1a: Amoonguss|Amoonguss, M, shiny|100\/100\n|turn|9\n|\n|t:|1701137228\n|move|p2a: laugh|Rage Powder|p2a: laugh\n|-singleturn|p2a: laugh|move: Rage Powder\n|move|p1b: Landorus|Stone Edge|p2a: laugh\n|-damage|p2a: laugh|49\/100\n|move|p2b: Fryden|Bitter Blade|p1a: Amoonguss\n|-supereffective|p1a: Amoonguss\n|-damage|p1a: Amoonguss|17\/100\n|-heal|p2b: Fryden|92\/100|[from] drain|[of] p1a: Amoonguss\n|-damage|p2b: Fryden|75\/100|[from] item: Rocky Helmet|[of] p1a: Amoonguss\n|move|p1a: Amoonguss|Spore|p2b: Fryden\n|-activate|p2b: Fryden|item: Safety Goggles|Spore\n|\n|upkeep\n|turn|10\n|\n|t:|1701137255\n|move|p2b: Fryden|Shadow Sneak|p1b: Landorus\n|-damage|p1b: Landorus|0 fnt\n|faint|p1b: Landorus\n|move|p1a: Amoonguss|Giga Drain|p2b: Fryden\n|-resisted|p2b: Fryden\n|-damage|p2b: Fryden|61\/100\n|-heal|p1a: Amoonguss|23\/100|[from] drain|[of] p2b: Fryden\n|move|p2a: laugh|Sludge Bomb|p1a: Amoonguss\n|-damage|p1a: Amoonguss|0 fnt\n|faint|p1a: Amoonguss\n|\n|win|maybenotxand\n|raw|bulkan wars's rating: 1077 &rarr; <strong>1053<\/strong><br \/>(-24 for losing)\n|raw|maybenotxand's rating: 1035 &rarr; <strong>1074<\/strong><br \/>(+39 for winning)\n","uploadtime":1701137038,"views":7,"p1id":"bulkanwars","p2id":"maybenotxand","formatid":"gen9doublesou","rating":1053,"private":0,"password":""}