{"id":"gen9doublesou-1997886111","p1":"namenick18","p2":"carambolo","format":"[Gen 9] Doubles OU","log":"|j|\u2606namenick18\n|j|\u2606carambolo\n|t:|1700863695\n|gametype|doubles\n|player|p1|namenick18|170|1398\n|player|p2|carambolo|2|1476\n|teamsize|p1|6\n|teamsize|p2|6\n|gen|9\n|tier|[Gen 9] Doubles OU\n|rated|\n|rule|Species Clause: Limit one of each Pok\u00e9mon\n|rule|OHKO Clause: OHKO moves are banned\n|rule|Evasion Moves Clause: Evasion moves are banned\n|rule|Gravity Sleep Clause: The combination of sleep-inducing moves with imperfect accuracy and Gravity or Gigantamax Orbeetle are banned\n|rule|Endless Battle Clause: Forcing endless battles is banned\n|rule|HP Percentage Mod: HP is shown in percentages\n|clearpoke\n|poke|p1|Palafin, M|\n|poke|p1|Pelipper, M|\n|poke|p1|Chien-Pao|\n|poke|p1|Maushold-Four|\n|poke|p1|Gyarados, F|\n|poke|p1|Meowscarada, M|\n|poke|p2|Spiritomb, M|\n|poke|p2|Gastrodon, M|\n|poke|p2|Kingambit, M|\n|poke|p2|Hatterene, F|\n|poke|p2|Armarouge, F|\n|poke|p2|Kommo-o, F|\n|teampreview\n|\n|t:|1700863703\n|start\n|switch|p1a: Palafin|Palafin, M|100\/100\n|switch|p1b: Chien-Pao|Chien-Pao|100\/100\n|switch|p2a: Spektro|Spiritomb, M|100\/100\n|switch|p2b: Bigotes|Kingambit, M|100\/100\n|-ability|p1b: Chien-Pao|Sword of Ruin\n|-ability|p2a: Spektro|Pressure\n|turn|1\n|\n|t:|1700863724\n|-terastallize|p2b: Bigotes|Ghost\n|move|p1b: Chien-Pao|Brick Break|p2b: Bigotes\n|-immune|p2b: Bigotes\n|move|p1a: Palafin|Flip Turn|p2a: Spektro\n|-damage|p2a: Spektro|64\/100\n|\n|t:|1700863732\n|detailschange|p1a: Palafin|Palafin-Hero, M\n|switch|p1a: Meowscarada|Meowscarada, M|100\/100|[from] Flip Turn\n|move|p2b: Bigotes|Brick Break|p1b: Chien-Pao\n|-supereffective|p1b: Chien-Pao\n|-damage|p1b: Chien-Pao|0 fnt\n|faint|p1b: Chien-Pao\n|move|p2a: Spektro|Will-O-Wisp|p1a: Meowscarada\n|-status|p1a: Meowscarada|brn\n|\n|-heal|p2a: Spektro|70\/100|[from] item: Leftovers\n|-damage|p1a: Meowscarada|94\/100 brn|[from] brn\n|upkeep\n|\n|t:|1700863747\n|switch|p1b: Gyarados|Gyarados, F|100\/100\n|turn|2\n|\n|t:|1700863761\n|switch|p2b: Kommo-o|Kommo-o, F|100\/100\n|move|p1a: Meowscarada|Knock Off|p2b: Kommo-o\n|-start|p1a: Meowscarada|typechange|Dark|[from] ability: Protean\n|-resisted|p2b: Kommo-o\n|-damage|p2b: Kommo-o|91\/100\n|-enditem|p2b: Kommo-o|Sitrus Berry|[from] move: Knock Off|[of] p1a: Meowscarada\n|move|p1b: Gyarados|Waterfall|p2a: Spektro\n|-damage|p2a: Spektro|30\/100\n|move|p2a: Spektro|Trick Room|p2a: Spektro\n|-fieldstart|move: Trick Room|[of] p2a: Spektro\n|\n|-heal|p2a: Spektro|36\/100|[from] item: Leftovers\n|-damage|p1a: Meowscarada|88\/100 brn|[from] brn\n|upkeep\n|turn|3\n|\n|t:|1700863791\n|switch|p2b: Trujo|Gastrodon, M|100\/100\n|move|p2a: Spektro|Will-O-Wisp|p1b: Gyarados\n|-status|p1b: Gyarados|brn\n|move|p1b: Gyarados|Waterfall|p2b: Trujo\n|-activate|p2b: Trujo|ability: Storm Drain\n|-ability|p2b: Trujo|Storm Drain|boost\n|-boost|p2b: Trujo|spa|1\n|move|p1a: Meowscarada|Knock Off|p2a: Spektro\n|-damage|p2a: Spektro|16\/100\n|-enditem|p2a: Spektro|Leftovers|[from] move: Knock Off|[of] p1a: Meowscarada\n|\n|-damage|p1b: Gyarados|94\/100 brn|[from] brn\n|-damage|p1a: Meowscarada|82\/100 brn|[from] brn\n|upkeep\n|turn|4\n|\n|t:|1700863818\n|switch|p2b: Kommo-o|Kommo-o, F|91\/100\n|switch|p1b: Maushold|Maushold-Four|100\/100\n|move|p2a: Spektro|Hex|p1b: Maushold\n|-immune|p1b: Maushold\n|move|p1a: Meowscarada|Knock Off|p2b: Kommo-o\n|-resisted|p2b: Kommo-o\n|-damage|p2b: Kommo-o|84\/100\n|\n|-damage|p1a: Meowscarada|76\/100 brn|[from] brn\n|upkeep\n|turn|5\n|\n|t:|1700863834\n|switch|p1b: Pelipper|Pelipper, M|100\/100\n|-weather|RainDance|[from] ability: Drizzle|[of] p1b: Pelipper\n|move|p2a: Spektro|Will-O-Wisp|p1b: Pelipper\n|-status|p1b: Pelipper|brn\n|move|p2b: Kommo-o|Drain Punch|p1b: Pelipper\n|-resisted|p1b: Pelipper\n|-damage|p1b: Pelipper|80\/100 brn\n|-heal|p2b: Kommo-o|96\/100|[from] drain|[of] p1b: Pelipper\n|move|p1a: Meowscarada|Knock Off|p2a: Spektro\n|-damage|p2a: Spektro|1\/100\n|\n|-weather|RainDance|[upkeep]\n|-damage|p1b: Pelipper|74\/100 brn|[from] brn\n|-damage|p1a: Meowscarada|70\/100 brn|[from] brn\n|upkeep\n|turn|6\n|\n|t:|1700863853\n|move|p2a: Spektro|Snarl|p1a: Meowscarada|[spread] p1a,p1b\n|-resisted|p1a: Meowscarada\n|-damage|p1a: Meowscarada|59\/100 brn\n|-damage|p1b: Pelipper|55\/100 brn\n|-unboost|p1a: Meowscarada|spa|1\n|-unboost|p1b: Pelipper|spa|1\n|move|p1b: Pelipper|Hurricane|p2b: Kommo-o\n|-supereffective|p2b: Kommo-o\n|-damage|p2b: Kommo-o|24\/100\n|-start|p2b: Kommo-o|confusion\n|-activate|p2b: Kommo-o|confusion\n|move|p2b: Kommo-o|Drain Punch|p1a: Meowscarada\n|-supereffective|p1a: Meowscarada\n|-damage|p1a: Meowscarada|0 fnt\n|-heal|p2b: Kommo-o|53\/100|[from] drain|[of] p1a: Meowscarada\n|faint|p1a: Meowscarada\n|\n|-weather|RainDance|[upkeep]\n|-damage|p1b: Pelipper|49\/100 brn|[from] brn\n|-fieldend|move: Trick Room\n|upkeep\n|\n|t:|1700863870\n|switch|p1a: Maushold|Maushold-Four|100\/100\n|turn|7\n|\n|t:|1700863889\n|switch|p2b: Bigotes|Kingambit, M, tera:Ghost|100\/100\n|move|p1a: Maushold|Population Bomb|p2b: Bigotes\n|-immune|p2b: Bigotes\n|move|p1b: Pelipper|Hurricane|p2a: Spektro\n|-damage|p2a: Spektro|0 fnt\n|faint|p2a: Spektro\n|\n|-weather|RainDance|[upkeep]\n|-damage|p1b: Pelipper|43\/100 brn|[from] brn\n|upkeep\n|\n|t:|1700863908\n|switch|p2a: Braza|Armarouge, F|100\/100\n|turn|8\n|\n|t:|1700863916\n|switch|p2b: Trujo|Gastrodon, M|100\/100\n|move|p1a: Maushold|Population Bomb|p2a: Braza\n|-damage|p2a: Braza|90\/100\n|-crit|p2a: Braza\n|-damage|p2a: Braza|75\/100\n|-damage|p2a: Braza|65\/100\n|-damage|p2a: Braza|55\/100\n|-damage|p2a: Braza|44\/100\n|-damage|p2a: Braza|33\/100\n|-damage|p2a: Braza|23\/100\n|-damage|p2a: Braza|13\/100\n|-damage|p2a: Braza|2\/100\n|-damage|p2a: Braza|0 fnt\n|faint|p2a: Braza\n|-hitcount|p2: Braza|10\n|move|p1b: Pelipper|Hurricane|p2b: Trujo\n|-damage|p2b: Trujo|65\/100\n|\n|-weather|RainDance|[upkeep]\n|-damage|p1b: Pelipper|36\/100 brn|[from] brn\n|upkeep\n|\n|t:|1700863925\n|switch|p2a: Bigotes|Kingambit, M, tera:Ghost|100\/100\n|turn|9\n|\n|t:|1700863946\n|switch|p1b: Gyarados|Gyarados, F|94\/100 brn\n|switch|p2b: Kommo-o|Kommo-o, F|53\/100\n|move|p1a: Maushold|Population Bomb|p2b: Kommo-o\n|-damage|p2b: Kommo-o|44\/100\n|-damage|p2b: Kommo-o|35\/100\n|-damage|p2b: Kommo-o|24\/100\n|-damage|p2b: Kommo-o|15\/100\n|-damage|p2b: Kommo-o|4\/100\n|-damage|p2b: Kommo-o|0 fnt\n|faint|p2b: Kommo-o\n|-hitcount|p2: Kommo-o|6\n|move|p2a: Bigotes|Brick Break|p1a: Maushold\n|-supereffective|p1a: Maushold\n|-crit|p1a: Maushold\n|-damage|p1a: Maushold|0 fnt\n|faint|p1a: Maushold\n|\n|-weather|RainDance|[upkeep]\n|-damage|p1b: Gyarados|88\/100 brn|[from] brn\n|upkeep\n|\n|t:|1700863968\n|switch|p1a: Palafin|Palafin-Hero, M|100\/100\n|switch|p2b: Gre\u00f1as|Hatterene, F|100\/100\n|-activate|p1a: Palafin|ability: Zero to Hero\n|turn|10\n|\n|t:|1700863981\n|switch|p2a: Trujo|Gastrodon, M|65\/100\n|-terastallize|p1b: Gyarados|Grass\n|move|p1a: Palafin|Jet Punch|p2a: Trujo\n|-ability|p2a: Trujo|Storm Drain|boost\n|-boost|p2a: Trujo|spa|1\n|move|p1b: Gyarados|Tera Blast|p2b: Gre\u00f1as|[anim] Tera Blast Grass\n|-damage|p2b: Gre\u00f1as|78\/100\n|move|p2b: Gre\u00f1as|Trick Room|p2b: Gre\u00f1as\n|-fieldstart|move: Trick Room|[of] p2b: Gre\u00f1as\n|\n|-weather|RainDance|[upkeep]\n|-damage|p1b: Gyarados|82\/100 brn|[from] brn\n|upkeep\n|turn|11\n|\n|t:|1700864003\n|switch|p1a: Pelipper|Pelipper, M|36\/100 brn\n|move|p2b: Gre\u00f1as|Psychic|p1a: Pelipper\n|-damage|p1a: Pelipper|0 fnt\n|faint|p1a: Pelipper\n|move|p2a: Trujo|Earth Power|p1b: Gyarados\n|-resisted|p1b: Gyarados\n|-damage|p1b: Gyarados|49\/100 brn\n|-heal|p2a: Trujo|69\/100|[from] item: Shell Bell|[of] p1b: Gyarados\n|move|p1b: Gyarados|Tera Blast|p2a: Trujo|[anim] Tera Blast Grass\n|-supereffective|p2a: Trujo\n|-damage|p2a: Trujo|0 fnt\n|faint|p2a: Trujo\n|-ability|p1b: Gyarados|Moxie|boost\n|-boost|p1b: Gyarados|atk|1\n|\n|-weather|RainDance|[upkeep]\n|-damage|p1b: Gyarados|43\/100 brn|[from] brn\n|upkeep\n|\n|t:|1700864019\n|switch|p2a: Bigotes|Kingambit, M, tera:Ghost|100\/100\n|switch|p1a: Palafin|Palafin-Hero, M|100\/100\n|turn|12\n|inactive|Battle timer is ON: inactive players will automatically lose when time's up. (requested by carambolo)\n|\n|t:|1700864046\n|move|p1a: Palafin|Jet Punch|p2a: Bigotes\n|-damage|p2a: Bigotes|43\/100\n|move|p2b: Gre\u00f1as|Psychic|p1a: Palafin\n|-damage|p1a: Palafin|50\/100\n|move|p2a: Bigotes|Kowtow Cleave|p1a: Palafin\n|-damage|p1a: Palafin|2\/100\n|move|p1b: Gyarados|Waterfall|p2b: Gre\u00f1as\n|-damage|p2b: Gre\u00f1as|31\/100\n|\n|-weather|none\n|-damage|p1b: Gyarados|37\/100 brn|[from] brn\n|upkeep\n|turn|13\n|\n|t:|1700864074\n|move|p1a: Palafin|Jet Punch|p2a: Bigotes\n|-damage|p2a: Bigotes|3\/100\n|move|p2b: Gre\u00f1as|Dazzling Gleam|p1a: Palafin|[spread] p1a,p1b\n|-damage|p1a: Palafin|0 fnt\n|-damage|p1b: Gyarados|6\/100 brn\n|faint|p1a: Palafin\n|move|p2a: Bigotes|Kowtow Cleave|p1b: Gyarados\n|-damage|p1b: Gyarados|0 fnt\n|faint|p1b: Gyarados\n|\n|win|carambolo\n|raw|namenick18's rating: 1398 &rarr; <strong>1382<\/strong><br \/>(-16 for losing)\n|raw|carambolo's rating: 1476 &rarr; <strong>1492<\/strong><br \/>(+16 for winning)\n|c|\u2606carambolo|Gg\n","uploadtime":1700864103,"views":2,"p1id":"namenick18","p2id":"carambolo","formatid":"gen9doublesou","rating":1382,"private":0,"password":""}