{"id":"gen9doublesou-1967958427","p1":"IfUforfeitUsuck","p2":"Wready","format":"[Gen 9] Doubles OU","log":"|html|<div class=\"broadcast-blue\"><strong>[Gen 9] Doubles OU is currently suspecting Basculegion & Flutter Mane! For information on how to participate check out the <a href=\"https:\/\/www.smogon.com\/forums\/threads\/np-sv-dou-stage-8-double-trouble.3729153\/\">suspect thread<\/a>.<\/strong><\/div>\n|j|\u2606IfUforfeitUsuck\n|j|\u2606Wready\n|t:|1697365388\n|gametype|doubles\n|player|p1|IfUforfeitUsuck|101|1156\n|player|p2|Wready|1|1146\n|teamsize|p1|6\n|teamsize|p2|6\n|gen|9\n|tier|[Gen 9] Doubles OU\n|rated|\n|rule|Species Clause: Limit one of each Pok\u00e9mon\n|rule|OHKO Clause: OHKO moves are banned\n|rule|Evasion Moves Clause: Evasion moves are banned\n|rule|Gravity Sleep Clause: The combination of sleep-inducing moves with imperfect accuracy and Gravity or Gigantamax Orbeetle are banned\n|rule|Endless Battle Clause: Forcing endless battles is banned\n|rule|HP Percentage Mod: HP is shown in percentages\n|clearpoke\n|poke|p1|Sinistcha-Masterpiece|\n|poke|p1|Grimmsnarl, M|\n|poke|p1|Arcanine-Hisui, M|\n|poke|p1|Baxcalibur, M|\n|poke|p1|Gallade, M|\n|poke|p1|Landorus, M|\n|poke|p2|Indeedee-F, F|\n|poke|p2|Torkoal, M|\n|poke|p2|Victreebel, M|\n|poke|p2|Iron Bundle|\n|poke|p2|Gallade, M|\n|poke|p2|Krookodile, M|\n|teampreview\n|inactive|Battle timer is ON: inactive players will automatically lose when time's up. (requested by Wready)\n|\n|t:|1697365417\n|start\n|switch|p1a: Sinistcha|Sinistcha-Masterpiece|100\/100\n|switch|p1b: Grimmsnarl|Grimmsnarl, M|100\/100\n|switch|p2a: Indeedee|Indeedee-F, F|100\/100\n|switch|p2b: Iron Bundle|Iron Bundle|100\/100\n|-fieldstart|move: Psychic Terrain|[from] ability: Psychic Surge|[of] p2a: Indeedee\n|-enditem|p2b: Iron Bundle|Booster Energy\n|-activate|p2b: Iron Bundle|ability: Quark Drive|[fromitem]\n|-start|p2b: Iron Bundle|quarkdrivespe\n|turn|1\n|inactive|IfUforfeitUsuck has 120 seconds left.\n|\n|t:|1697365449\n|move|p1b: Grimmsnarl|Light Screen|p1b: Grimmsnarl\n|-sidestart|p1: IfUforfeitUsuck|move: Light Screen\n|move|p2b: Iron Bundle|Ice Beam|p1a: Sinistcha\n|-supereffective|p1a: Sinistcha\n|-damage|p1a: Sinistcha|34\/100\n|move|p2a: Indeedee|Light Screen|p2a: Indeedee\n|-sidestart|p2: Wready|move: Light Screen\n|move|p1a: Sinistcha|Calm Mind|p1a: Sinistcha\n|-boost|p1a: Sinistcha|spa|1\n|-boost|p1a: Sinistcha|spd|1\n|\n|-heal|p1a: Sinistcha|40\/100|[from] item: Leftovers\n|upkeep\n|turn|2\n|\n|t:|1697365469\n|move|p1b: Grimmsnarl|Parting Shot|p2b: Iron Bundle\n|-activate|p2b: Iron Bundle|move: Psychic Terrain\n|move|p2b: Iron Bundle|Ice Beam|p1a: Sinistcha\n|-supereffective|p1a: Sinistcha\n|-damage|p1a: Sinistcha|0 fnt\n|faint|p1a: Sinistcha\n|move|p2a: Indeedee|Reflect|p2a: Indeedee\n|-sidestart|p2: Wready|Reflect\n|\n|upkeep\n|\n|t:|1697365475\n|switch|p1a: Arcanine|Arcanine-Hisui, M|100\/100\n|turn|3\n|\n|t:|1697365486\n|move|p2b: Iron Bundle|Hydro Pump|p1a: Arcanine\n|-supereffective|p1a: Arcanine\n|-damage|p1a: Arcanine|0 fnt\n|faint|p1a: Arcanine\n|move|p2a: Indeedee|Psychic|p1b: Grimmsnarl\n|-immune|p1b: Grimmsnarl\n|move|p1b: Grimmsnarl|Spirit Break|p2b: Iron Bundle\n|-damage|p2b: Iron Bundle|78\/100\n|-unboost|p2b: Iron Bundle|spa|1\n|\n|upkeep\n|\n|t:|1697365492\n|switch|p1a: Baxcalibur|Baxcalibur, M|100\/100\n|turn|4\n|\n|t:|1697365508\n|-terastallize|p1a: Baxcalibur|Steel\n|move|p2b: Iron Bundle|Ice Beam|p1a: Baxcalibur\n|-resisted|p1a: Baxcalibur\n|-damage|p1a: Baxcalibur|92\/100\n|move|p1a: Baxcalibur|Scale Shot|p2a: Indeedee\n|-damage|p2a: Indeedee|91\/100\n|-damage|p2a: Indeedee|84\/100\n|-damage|p2a: Indeedee|75\/100\n|-damage|p2a: Indeedee|67\/100\n|-hitcount|p2a: Indeedee|4\n|-unboost|p1a: Baxcalibur|def|1\n|-boost|p1a: Baxcalibur|spe|1\n|move|p2a: Indeedee|Psychic|p1a: Baxcalibur\n|-resisted|p1a: Baxcalibur\n|-damage|p1a: Baxcalibur|81\/100\n|move|p1b: Grimmsnarl|Spirit Break|p2b: Iron Bundle\n|-crit|p2b: Iron Bundle\n|-damage|p2b: Iron Bundle|22\/100\n|-unboost|p2b: Iron Bundle|spa|1\n|\n|upkeep\n|turn|5\n|inactive|IfUforfeitUsuck has 120 seconds left.\n|inactive|Wready has 120 seconds left.\n|\n|t:|1697365550\n|switch|p2a: Krookodile|Krookodile, M|100\/100\n|move|p2b: Iron Bundle|Icy Wind|p1a: Baxcalibur|[spread] p1a,p1b\n|-resisted|p1a: Baxcalibur\n|-damage|p1a: Baxcalibur|79\/100\n|-damage|p1b: Grimmsnarl|94\/100\n|-unboost|p1a: Baxcalibur|spe|1\n|-unboost|p1b: Grimmsnarl|spe|1\n|move|p1a: Baxcalibur|Freeze-Dry|p2b: Iron Bundle\n|-damage|p2b: Iron Bundle|0 fnt\n|faint|p2b: Iron Bundle\n|-end|p2b: Iron Bundle|Quark Drive|[silent]\n|move|p1b: Grimmsnarl|Spirit Break|p2a: Krookodile\n|-supereffective|p2a: Krookodile\n|-damage|p2a: Krookodile|49\/100\n|-unboost|p2a: Krookodile|spa|1\n|\n|-sideend|p2: Wready|move: Light Screen\n|upkeep\n|inactive|Wready has 120 seconds left.\n|\n|t:|1697365575\n|switch|p2b: Torkoal|Torkoal, M|100\/100\n|-weather|SunnyDay|[from] ability: Drought|[of] p2b: Torkoal\n|turn|6\n|inactive|Wready has 120 seconds left.\n|\n|t:|1697365595\n|-terastallize|p2a: Krookodile|Psychic\n|move|p2a: Krookodile|High Horsepower|p1a: Baxcalibur\n|-supereffective|p1a: Baxcalibur\n|-damage|p1a: Baxcalibur|0 fnt\n|faint|p1a: Baxcalibur\n|-ability|p2a: Krookodile|Moxie|boost\n|-boost|p2a: Krookodile|atk|1\n|-damage|p2a: Krookodile|39\/100|[from] item: Life Orb\n|move|p1b: Grimmsnarl|Spirit Break|p2a: Krookodile\n|-damage|p2a: Krookodile|13\/100\n|-unboost|p2a: Krookodile|spa|1\n|move|p2b: Torkoal|Yawn|p1b: Grimmsnarl\n|-start|p1b: Grimmsnarl|move: Yawn|[of] p2b: Torkoal\n|\n|-weather|SunnyDay|[upkeep]\n|-sideend|p2: Wready|Reflect\n|upkeep\n|inactive|IfUforfeitUsuck has 120 seconds left.\n|\n|t:|1697365628\n|switch|p1a: Landorus|Landorus, M|100\/100\n|turn|7\n|inactive|Wready has 120 seconds left.\n|\n|t:|1697365650\n|move|p2a: Krookodile|Tera Blast|p1a: Landorus|[anim] Tera Blast Psychic\n|-damage|p1a: Landorus|5\/100\n|-damage|p2a: Krookodile|3\/100|[from] item: Life Orb\n|move|p1a: Landorus|Sandsear Storm|p2b: Torkoal|[spread] p2a,p2b\n|-supereffective|p2b: Torkoal\n|-damage|p2a: Krookodile|0 fnt\n|-damage|p2b: Torkoal|37\/100\n|faint|p2a: Krookodile\n|move|p1b: Grimmsnarl|Spirit Break|p2b: Torkoal\n|-resisted|p2b: Torkoal\n|-damage|p2b: Torkoal|26\/100\n|-unboost|p2b: Torkoal|spa|1\n|move|p2b: Torkoal|Heat Wave|p1a: Landorus|[spread] p1a\n|-miss|p2b: Torkoal|p1b: Grimmsnarl\n|-damage|p1a: Landorus|0 fnt\n|faint|p1a: Landorus\n|\n|-weather|SunnyDay|[upkeep]\n|-end|p1b: Grimmsnarl|move: Yawn|[silent]\n|-status|p1b: Grimmsnarl|slp\n|upkeep\n|\n|t:|1697365671\n|switch|p2a: Gallade|Gallade, M|100\/100\n|switch|p1a: Gallade|Gallade, M|100\/100\n|turn|8\n|\n|t:|1697365690\n|cant|p1b: Grimmsnarl|slp\n|move|p2a: Gallade|Fury Cutter|p1a: Gallade\n|-damage|p1a: Gallade|76\/100\n|move|p1a: Gallade|Psycho Cut|p2a: Gallade\n|-damage|p2a: Gallade|0 fnt\n|faint|p2a: Gallade\n|move|p2b: Torkoal|Heat Wave|p1a: Gallade|[spread] p1a,p1b\n|-damage|p1a: Gallade|66\/100\n|-damage|p1b: Grimmsnarl|80\/100 slp\n|\n|-weather|SunnyDay|[upkeep]\n|-sideend|p1: IfUforfeitUsuck|move: Light Screen\n|-fieldend|move: Psychic Terrain\n|upkeep\n|\n|t:|1697365699\n|switch|p2a: Indeedee|Indeedee-F, F|67\/100\n|-fieldstart|move: Psychic Terrain|[from] ability: Psychic Surge|[of] p2a: Indeedee\n|turn|9\n|\n|t:|1697365716\n|cant|p1b: Grimmsnarl|slp\n|move|p2a: Indeedee|Psychic|p1a: Gallade\n|-damage|p1a: Gallade|36\/100\n|move|p1a: Gallade|Psycho Cut|p2b: Torkoal\n|-damage|p2b: Torkoal|0 fnt\n|faint|p2b: Torkoal\n|\n|-weather|SunnyDay|[upkeep]\n|upkeep\n|\n|t:|1697365723\n|switch|p2b: Victreebel|Victreebel, M|100\/100\n|turn|10\n|\n|t:|1697365734\n|cant|p1b: Grimmsnarl|slp\n|move|p2b: Victreebel|Poison Jab|p1b: Grimmsnarl\n|-supereffective|p1b: Grimmsnarl\n|-crit|p1b: Grimmsnarl\n|-damage|p1b: Grimmsnarl|0 fnt\n|faint|p1b: Grimmsnarl\n|move|p2a: Indeedee|Psychic|p1a: Gallade\n|-damage|p1a: Gallade|6\/100\n|move|p1a: Gallade|Psycho Cut|p2a: Indeedee\n|-resisted|p2a: Indeedee\n|-damage|p2a: Indeedee|33\/100\n|\n|-weather|SunnyDay|[upkeep]\n|upkeep\n|turn|11\n|\n|t:|1697365749\n|move|p2b: Victreebel|Leaf Blade|p1a: Gallade\n|-crit|p1a: Gallade\n|-damage|p1a: Gallade|0 fnt\n|faint|p1a: Gallade\n|\n|win|Wready\n|raw|IfUforfeitUsuck's rating: 1156 &rarr; <strong>1130<\/strong><br \/>(-26 for losing)\n|raw|Wready's rating: 1146 &rarr; <strong>1172<\/strong><br \/>(+26 for winning)\n|l|\u2606IfUforfeitUsuck\n","uploadtime":1697365766,"views":9,"p1id":"ifuforfeitusuck","p2id":"wready","formatid":"gen9doublesou","rating":1130,"private":0,"password":""}