{"id":"gen9doublesou-1974589226","p1":"PLzBanOpenName","p2":"K3VIN22","format":"[Gen 9] Doubles OU","log":"|j|\u2606PLzBanOpenName\n|j|\u2606K3VIN22\n|t:|1698100202\n|gametype|doubles\n|player|p1|PLzBanOpenName|skyla|1031\n|player|p2|K3VIN22|riley|1038\n|teamsize|p1|4\n|teamsize|p2|6\n|gen|9\n|tier|[Gen 9] Doubles OU\n|rated|\n|rule|Species Clause: Limit one of each Pok\u00e9mon\n|rule|OHKO Clause: OHKO moves are banned\n|rule|Evasion Moves Clause: Evasion moves are banned\n|rule|Gravity Sleep Clause: The combination of sleep-inducing moves with imperfect accuracy and Gravity or Gigantamax Orbeetle are banned\n|rule|Endless Battle Clause: Forcing endless battles is banned\n|rule|HP Percentage Mod: HP is shown in percentages\n|clearpoke\n|poke|p1|Ogerpon-Wellspring, F|\n|poke|p1|Gholdengo|\n|poke|p1|Toxapex, F|\n|poke|p1|Hydreigon, F|\n|poke|p2|Scizor, F|\n|poke|p2|Dragalge, F|\n|poke|p2|Blissey, F|\n|poke|p2|Klefki, M|\n|poke|p2|Torkoal, F|\n|poke|p2|Brute Bonnet|\n|teampreview\n|inactive|Battle timer is ON: inactive players will automatically lose when time's up. (requested by K3VIN22)\n|\n|t:|1698100222\n|start\n|switch|p1a: Hydreigon|Hydreigon, F|100\/100\n|switch|p1b: Ogerpon|Ogerpon-Wellspring, F|100\/100\n|switch|p2a: Klefki|Klefki, M|100\/100\n|switch|p2b: Dragalge|Dragalge, F|100\/100\n|turn|1\n|\n|t:|1698100238\n|switch|p1b: Toxapex|Toxapex, F|100\/100\n|move|p2a: Klefki|Light Screen|p2a: Klefki\n|-sidestart|p2: K3VIN22|move: Light Screen\n|move|p1a: Hydreigon|Focus Energy|p1a: Hydreigon\n|-start|p1a: Hydreigon|move: Focus Energy\n|move|p2b: Dragalge|Dragon Pulse|p1a: Hydreigon\n|-supereffective|p1a: Hydreigon\n|-damage|p1a: Hydreigon|0 fnt\n|faint|p1a: Hydreigon\n|\n|upkeep\n|\n|t:|1698100254\n|switch|p1a: Gholdengo|Gholdengo|100\/100\n|turn|2\n|\n|t:|1698100281\n|move|p2a: Klefki|Reflect|p2a: Klefki\n|-sidestart|p2: K3VIN22|Reflect\n|move|p1a: Gholdengo|Make It Rain|p2a: Klefki|[spread] p2a,p2b\n|-damage|p2a: Klefki|58\/100\n|-damage|p2b: Dragalge|71\/100\n|-unboost|p1a: Gholdengo|spa|1\n|move|p2b: Dragalge|Toxic Spikes|p1a: Gholdengo\n|-sidestart|p1: PLzBanOpenName|move: Toxic Spikes\n|move|p1b: Toxapex|Haze|p1b: Toxapex\n|-clearallboost\n|\n|-heal|p2a: Klefki|64\/100|[from] item: Leftovers\n|-heal|p2b: Dragalge|77\/100|[from] item: Black Sludge\n|upkeep\n|turn|3\n|\n|t:|1698100304\n|move|p1a: Gholdengo|Make It Rain|p2b: Dragalge|[spread] p2a,p2b\n|-crit|p2b: Dragalge\n|-damage|p2a: Klefki|26\/100\n|-damage|p2b: Dragalge|5\/100\n|-unboost|p1a: Gholdengo|spa|1\n|move|p2a: Klefki|Flash Cannon|p1a: Gholdengo\n|-resisted|p1a: Gholdengo\n|-crit|p1a: Gholdengo\n|-damage|p1a: Gholdengo|75\/100\n|-unboost|p1a: Gholdengo|spd|1\n|move|p2b: Dragalge|Dragon Pulse|p1b: Toxapex\n|-damage|p1b: Toxapex|57\/100\n|move|p1b: Toxapex|Haze|p1b: Toxapex\n|-clearallboost\n|\n|-heal|p2a: Klefki|33\/100|[from] item: Leftovers\n|-heal|p2b: Dragalge|12\/100|[from] item: Black Sludge\n|upkeep\n|turn|4\n|\n|t:|1698100328\n|move|p1b: Toxapex|Baneful Bunker|p1b: Toxapex\n|-singleturn|p1b: Toxapex|move: Protect\n|move|p1a: Gholdengo|Make It Rain|p2a: Klefki|[spread] p2a,p2b\n|-damage|p2a: Klefki|0 fnt\n|-damage|p2b: Dragalge|0 fnt\n|-unboost|p1a: Gholdengo|spa|1\n|faint|p2a: Klefki\n|faint|p2b: Dragalge\n|\n|upkeep\n|inactive|K3VIN22 has 120 seconds left.\n|\n|t:|1698100348\n|switch|p2a: Scizor|Scizor, F|100\/100\n|switch|p2b: Brute Bonnet|Brute Bonnet|100\/100\n|-enditem|p2b: Brute Bonnet|Booster Energy\n|-activate|p2b: Brute Bonnet|ability: Protosynthesis|[fromitem]\n|-start|p2b: Brute Bonnet|protosynthesisatk\n|turn|5\n|\n|t:|1698100369\n|switch|p1a: Ogerpon|Ogerpon-Wellspring, F|100\/100\n|-status|p1a: Ogerpon|psn\n|move|p2a: Scizor|Dual Wingbeat|p1b: Toxapex\n|-damage|p1b: Toxapex|42\/100\n|-damage|p1b: Toxapex|29\/100\n|-hitcount|p1b: Toxapex|2\n|move|p2b: Brute Bonnet|Spore|p1a: Ogerpon\n|-immune|p1a: Ogerpon\n|move|p1b: Toxapex|Chilling Water|p2a: Scizor\n|-damage|p2a: Scizor|92\/100\n|-unboost|p2a: Scizor|atk|1\n|\n|-damage|p1a: Ogerpon|88\/100 psn|[from] psn\n|-sideend|p2: K3VIN22|move: Light Screen\n|upkeep\n|turn|6\n|inactive|PLzBanOpenName has 120 seconds left.\n|\n|t:|1698100404\n|move|p1b: Toxapex|Baneful Bunker|p1b: Toxapex\n|-singleturn|p1b: Toxapex|move: Protect\n|move|p1a: Ogerpon|Swords Dance|p1a: Ogerpon\n|-boost|p1a: Ogerpon|atk|2\n|move|p2a: Scizor|Dual Wingbeat|p1b: Toxapex\n|-activate|p1b: Toxapex|move: Protect\n|move|p2b: Brute Bonnet|Trailblaze|p1a: Ogerpon\n|-damage|p1a: Ogerpon|43\/100 psn\n|-boost|p2b: Brute Bonnet|spe|1\n|\n|-damage|p1a: Ogerpon|31\/100 psn|[from] psn\n|-sideend|p2: K3VIN22|Reflect\n|upkeep\n|turn|7\n|\n|t:|1698100425\n|move|p1a: Ogerpon|Ivy Cudgel|p2a: Scizor\n|-damage|p2a: Scizor|0 fnt\n|faint|p2a: Scizor\n|move|p2b: Brute Bonnet|Trailblaze|p1a: Ogerpon\n|-damage|p1a: Ogerpon|0 fnt\n|-boost|p2b: Brute Bonnet|spe|1\n|faint|p1a: Ogerpon\n|move|p1b: Toxapex|Chilling Water|p2b: Brute Bonnet\n|-resisted|p2b: Brute Bonnet\n|-damage|p2b: Brute Bonnet|97\/100\n|-unboost|p2b: Brute Bonnet|atk|1\n|\n|upkeep\n|\n|t:|1698100436\n|switch|p1a: Gholdengo|Gholdengo|75\/100\n|switch|p2a: Torkoal|Torkoal, F|100\/100\n|turn|8\n|\n|t:|1698100465\n|-terastallize|p1a: Gholdengo|Fighting\n|move|p1b: Toxapex|Wide Guard|p1b: Toxapex\n|-singleturn|p1b: Toxapex|Wide Guard\n|move|p1a: Gholdengo|Focus Blast|p2b: Brute Bonnet\n|-supereffective|p2b: Brute Bonnet\n|-damage|p2b: Brute Bonnet|0 fnt\n|faint|p2b: Brute Bonnet\n|-end|p2b: Brute Bonnet|Protosynthesis|[silent]\n|move|p2a: Torkoal|Heat Wave|p1a: Gholdengo|[spread] \n|-activate|p1a: Gholdengo|move: Wide Guard\n|-activate|p1b: Toxapex|move: Wide Guard\n|\n|upkeep\n|\n|t:|1698100476\n|switch|p2b: Blissey|Blissey, F|100\/100\n|turn|9\n|\n|t:|1698100488\n|move|p2b: Blissey|Helping Hand|p2a: Torkoal\n|-singleturn|p2a: Torkoal|Helping Hand|[of] p2b: Blissey\n|move|p1b: Toxapex|Wide Guard|p1b: Toxapex\n|-singleturn|p1b: Toxapex|Wide Guard\n|move|p1a: Gholdengo|Focus Blast|p2b: Blissey\n|-supereffective|p2b: Blissey\n|-damage|p2b: Blissey|49\/100\n|move|p2a: Torkoal|Heat Wave|p1a: Gholdengo|[spread] \n|-activate|p1a: Gholdengo|move: Wide Guard\n|-activate|p1b: Toxapex|move: Wide Guard\n|\n|upkeep\n|turn|10\n|c|\u2606K3VIN22|i hate you\n|c|\u2606PLzBanOpenName|XD\n|c|\u2606PLzBanOpenName|Im sorry\n|inactive|K3VIN22 has 120 seconds left.\n|\n|t:|1698100519\n|-terastallize|p2a: Torkoal|Fire\n|move|p1b: Toxapex|Wide Guard|p1b: Toxapex\n|-singleturn|p1b: Toxapex|Wide Guard\n|move|p1a: Gholdengo|Focus Blast|p2b: Blissey\n|-supereffective|p2b: Blissey\n|-damage|p2b: Blissey|0 fnt\n|faint|p2b: Blissey\n|move|p2a: Torkoal|Heat Wave|p1a: Gholdengo|[spread] \n|-activate|p1a: Gholdengo|move: Wide Guard\n|-activate|p1b: Toxapex|move: Wide Guard\n|\n|upkeep\n|turn|11\n|c|\u2606PLzBanOpenName|specs?\n|\n|t:|1698100534\n|move|p1b: Toxapex|Wide Guard|p1b: Toxapex\n|-singleturn|p1b: Toxapex|Wide Guard\n|move|p1a: Gholdengo|Focus Blast|p2a: Torkoal\n|-damage|p2a: Torkoal|24\/100\n|move|p2a: Torkoal|Iron Defense|p2a: Torkoal\n|-boost|p2a: Torkoal|def|2\n|\n|-heal|p2a: Torkoal|30\/100|[from] item: Leftovers\n|upkeep\n|turn|12\n|c|\u2606PLzBanOpenName|no? oh wow\n|\n|t:|1698100547\n|move|p1b: Toxapex|Wide Guard|p1b: Toxapex\n|-singleturn|p1b: Toxapex|Wide Guard\n|move|p1a: Gholdengo|Focus Blast|p2a: Torkoal\n|-damage|p2a: Torkoal|0 fnt\n|faint|p2a: Torkoal\n|\n|win|PLzBanOpenName\n|raw|PLzBanOpenName's rating: 1031 &rarr; <strong>1067<\/strong><br \/>(+36 for winning)\n|raw|K3VIN22's rating: 1038 &rarr; <strong>1022<\/strong><br \/>(-16 for losing)\n|c|\u2606PLzBanOpenName|gg\n|c|\u2606PLzBanOpenName|im sorry\n|c|\u2606K3VIN22|gg\n|l|\u2606K3VIN22\n","uploadtime":1698100570,"views":25,"p1id":"plzbanopenname","p2id":"k3vin22","formatid":"gen9doublesou","rating":1022,"private":0,"password":""}