{"id":"gen9doublesou-1972377546","p1":"mait27","p2":"reklame","format":"[Gen 9] Doubles OU","log":"|j|\u2606mait27\n|j|\u2606reklame\n|t:|1697836429\n|gametype|doubles\n|player|p1|mait27|170|1289\n|player|p2|reklame|169|1167\n|teamsize|p1|6\n|teamsize|p2|6\n|gen|9\n|tier|[Gen 9] Doubles OU\n|rated|\n|rule|Species Clause: Limit one of each Pok\u00e9mon\n|rule|OHKO Clause: OHKO moves are banned\n|rule|Evasion Moves Clause: Evasion moves are banned\n|rule|Gravity Sleep Clause: The combination of sleep-inducing moves with imperfect accuracy and Gravity or Gigantamax Orbeetle are banned\n|rule|Endless Battle Clause: Forcing endless battles is banned\n|rule|HP Percentage Mod: HP is shown in percentages\n|clearpoke\n|poke|p1|Grimmsnarl, M|\n|poke|p1|Baxcalibur, F|\n|poke|p1|Torkoal, F|\n|poke|p1|Walking Wake|\n|poke|p1|Gholdengo|\n|poke|p1|Amoonguss, M|\n|poke|p2|Murkrow, M|\n|poke|p2|Iron Hands|\n|poke|p2|Iron Moth|\n|poke|p2|Pincurchin, F|\n|poke|p2|Cloyster, M|\n|poke|p2|Iron Jugulis|\n|teampreview\n|\n|t:|1697836438\n|start\n|switch|p1a: Grimmsnarl|Grimmsnarl, M|100\/100\n|switch|p1b: Baxcalibur|Baxcalibur, F|100\/100\n|switch|p2a: J.C. Christensen|Cloyster, M|100\/100\n|switch|p2b: Poul Schl\u00fcter|Iron Jugulis|100\/100\n|turn|1\n|\n|t:|1697836461\n|move|p1a: Grimmsnarl|Fake Out|p2a: J.C. Christensen\n|-damage|p2a: J.C. Christensen|88\/100\n|move|p2b: Poul Schl\u00fcter|Flash Cannon|p1b: Baxcalibur\n|-supereffective|p1b: Baxcalibur\n|-damage|p1b: Baxcalibur|35\/100\n|move|p1b: Baxcalibur|Icicle Spear|p2b: Poul Schl\u00fcter\n|-supereffective|p2b: Poul Schl\u00fcter\n|-damage|p2b: Poul Schl\u00fcter|60\/100\n|-supereffective|p2b: Poul Schl\u00fcter\n|-damage|p2b: Poul Schl\u00fcter|22\/100\n|-supereffective|p2b: Poul Schl\u00fcter\n|-damage|p2b: Poul Schl\u00fcter|0 fnt\n|faint|p2b: Poul Schl\u00fcter\n|-end|p2b: Poul Schl\u00fcter|Quark Drive|[silent]\n|-hitcount|p2: Poul Schl\u00fcter|3\n|cant|p2a: J.C. Christensen|flinch\n|\n|upkeep\n|\n|t:|1697836488\n|switch|p2b: J.B.S. Estrup|Iron Hands|100\/100\n|turn|2\n|\n|t:|1697836500\n|move|p2b: J.B.S. Estrup|Fake Out|p1b: Baxcalibur\n|-damage|p1b: Baxcalibur|19\/100\n|move|p1a: Grimmsnarl|Parting Shot|p2b: J.B.S. Estrup\n|-unboost|p2b: J.B.S. Estrup|atk|1\n|-unboost|p2b: J.B.S. Estrup|spa|1\n|\n|t:|1697836508\n|switch|p1a: Walking Wake|Walking Wake|100\/100|[from] Parting Shot\n|cant|p1b: Baxcalibur|flinch\n|move|p2a: J.C. Christensen|Shell Smash|p2a: J.C. Christensen\n|-unboost|p2a: J.C. Christensen|def|1\n|-unboost|p2a: J.C. Christensen|spd|1\n|-boost|p2a: J.C. Christensen|atk|2\n|-boost|p2a: J.C. Christensen|spa|2\n|-boost|p2a: J.C. Christensen|spe|2\n|\n|upkeep\n|turn|3\n|\n|t:|1697836522\n|switch|p1b: Torkoal|Torkoal, F|100\/100\n|-weather|SunnyDay|[from] ability: Drought|[of] p1b: Torkoal\n|-activate|p1a: Walking Wake|ability: Protosynthesis\n|-start|p1a: Walking Wake|protosynthesisspe\n|move|p1a: Walking Wake|Flamethrower|p2a: J.C. Christensen\n|-damage|p2a: J.C. Christensen|0 fnt\n|faint|p2a: J.C. Christensen\n|move|p2b: J.B.S. Estrup|Drain Punch|p1b: Torkoal\n|-damage|p1b: Torkoal|84\/100\n|\n|-weather|SunnyDay|[upkeep]\n|upkeep\n|\n|t:|1697836531\n|switch|p2a: P.N. Rasmussen|Pincurchin, F|100\/100\n|-fieldstart|move: Electric Terrain|[from] ability: Electric Surge|[of] p2a: P.N. Rasmussen\n|-activate|p2b: J.B.S. Estrup|ability: Quark Drive\n|-start|p2b: J.B.S. Estrup|quarkdriveatk\n|turn|4\n|inactive|Battle timer is ON: inactive players will automatically lose when time's up. (requested by reklame)\n|\n|t:|1697836552\n|-end|p1a: Walking Wake|Protosynthesis|[silent]\n|switch|p1a: Baxcalibur|Baxcalibur, F|19\/100\n|move|p2b: J.B.S. Estrup|Ice Punch|p1a: Baxcalibur\n|-damage|p1a: Baxcalibur|0 fnt\n|faint|p1a: Baxcalibur\n|move|p1b: Torkoal|Lava Plume|p2b: J.B.S. Estrup|[spread] p2a,p2b\n|-damage|p2a: P.N. Rasmussen|73\/100\n|-damage|p2b: J.B.S. Estrup|76\/100\n|-status|p2a: P.N. Rasmussen|brn\n|move|p2a: P.N. Rasmussen|Zing Zap|p1b: Torkoal\n|-damage|p1b: Torkoal|73\/100\n|\n|-weather|SunnyDay|[upkeep]\n|-heal|p2a: P.N. Rasmussen|79\/100 brn|[from] item: Leftovers\n|-damage|p2a: P.N. Rasmussen|73\/100 brn|[from] brn\n|upkeep\n|\n|t:|1697836572\n|switch|p1a: Amoonguss|Amoonguss, M|100\/100\n|turn|5\n|\n|t:|1697836583\n|switch|p2a: Jens Otto Krag|Murkrow, M|100\/100\n|move|p1a: Amoonguss|Protect|p1a: Amoonguss\n|-singleturn|p1a: Amoonguss|Protect\n|move|p2b: J.B.S. Estrup|Earthquake|p1b: Torkoal|[spread] p1b\n|-activate|p1a: Amoonguss|move: Protect\n|-immune|p2a: Jens Otto Krag\n|-supereffective|p1b: Torkoal\n|-damage|p1b: Torkoal|42\/100\n|move|p1b: Torkoal|Lava Plume|p2b: J.B.S. Estrup|[spread] p2a,p2b\n|-activate|p1a: Amoonguss|move: Protect\n|-damage|p2a: Jens Otto Krag|74\/100\n|-damage|p2b: J.B.S. Estrup|52\/100\n|-status|p2a: Jens Otto Krag|brn\n|\n|-weather|SunnyDay|[upkeep]\n|-damage|p2a: Jens Otto Krag|68\/100 brn|[from] brn\n|upkeep\n|turn|6\n|inactive|mait27 has 120 seconds left.\n|\n|t:|1697836616\n|-end|p2b: J.B.S. Estrup|Quark Drive|[silent]\n|switch|p2b: Thorvald Stauning|Iron Moth|100\/100\n|-activate|p2b: Thorvald Stauning|ability: Quark Drive\n|-start|p2b: Thorvald Stauning|quarkdrivespa\n|switch|p1a: Grimmsnarl|Grimmsnarl, M|100\/100\n|move|p2a: Jens Otto Krag|Tailwind|p2a: Jens Otto Krag\n|-sidestart|p2: reklame|move: Tailwind\n|move|p1b: Torkoal|Yawn||[still]\n|-fail|p1b: Torkoal\n|\n|-weather|SunnyDay|[upkeep]\n|-damage|p2a: Jens Otto Krag|62\/100 brn|[from] brn\n|upkeep\n|turn|7\n|inactive|reklame has 120 seconds left.\n|inactive|reklame has 90 seconds left.\n|\n|t:|1697836677\n|switch|p1b: Walking Wake|Walking Wake|100\/100\n|-activate|p1b: Walking Wake|ability: Protosynthesis\n|-start|p1b: Walking Wake|protosynthesisspe\n|move|p1a: Grimmsnarl|Fake Out|p2b: Thorvald Stauning\n|-damage|p2b: Thorvald Stauning|77\/100\n|cant|p2b: Thorvald Stauning|flinch\n|move|p2a: Jens Otto Krag|Night Shade|p1b: Walking Wake\n|-damage|p1b: Walking Wake|71\/100\n|\n|-weather|SunnyDay|[upkeep]\n|-damage|p2a: Jens Otto Krag|56\/100 brn|[from] brn\n|upkeep\n|turn|8\n|\n|t:|1697836700\n|move|p1a: Grimmsnarl|Parting Shot|p2b: Thorvald Stauning\n|-unboost|p2b: Thorvald Stauning|atk|1\n|-unboost|p2b: Thorvald Stauning|spa|1\n|\n|t:|1697836707\n|switch|p1a: Amoonguss|Amoonguss, M|100\/100|[from] Parting Shot\n|move|p2b: Thorvald Stauning|Sludge Wave|p1b: Walking Wake|[spread] p2a,p1a,p1b\n|-damage|p2a: Jens Otto Krag|12\/100 brn\n|-damage|p1a: Amoonguss|72\/100\n|-damage|p1b: Walking Wake|20\/100\n|-damage|p2b: Thorvald Stauning|67\/100|[from] item: Life Orb\n|move|p1b: Walking Wake|Hydro Steam|p2b: Thorvald Stauning\n|-supereffective|p2b: Thorvald Stauning\n|-damage|p2b: Thorvald Stauning|0 fnt\n|faint|p2b: Thorvald Stauning\n|-end|p2b: Thorvald Stauning|Quark Drive|[silent]\n|move|p2a: Jens Otto Krag|Night Shade|p1b: Walking Wake\n|-damage|p1b: Walking Wake|0 fnt\n|faint|p1b: Walking Wake\n|-end|p1b: Walking Wake|Protosynthesis|[silent]\n|\n|-weather|SunnyDay|[upkeep]\n|-damage|p2a: Jens Otto Krag|5\/100 brn|[from] brn\n|-fieldend|move: Electric Terrain\n|upkeep\n|inactive|reklame has 120 seconds left.\n|\n|t:|1697836735\n|switch|p2b: J.B.S. Estrup|Iron Hands|52\/100\n|switch|p1b: Grimmsnarl|Grimmsnarl, M|100\/100\n|turn|9\n|\n|t:|1697836750\n|-end|p2b: J.B.S. Estrup|Quark Drive|[silent]\n|switch|p2b: P.N. Rasmussen|Pincurchin, F|73\/100 brn\n|-fieldstart|move: Electric Terrain|[from] ability: Electric Surge|[of] p2b: P.N. Rasmussen\n|move|p1a: Amoonguss|Protect|p1a: Amoonguss\n|-singleturn|p1a: Amoonguss|Protect\n|move|p1b: Grimmsnarl|Fake Out|p2b: P.N. Rasmussen\n|-damage|p2b: P.N. Rasmussen|57\/100 brn\n|move|p2a: Jens Otto Krag|Night Shade|p1a: Amoonguss\n|-activate|p1a: Amoonguss|move: Protect\n|\n|-weather|SunnyDay|[upkeep]\n|-heal|p2b: P.N. Rasmussen|63\/100 brn|[from] item: Leftovers\n|-damage|p2a: Jens Otto Krag|0 fnt|[from] brn\n|faint|p2a: Jens Otto Krag\n|-damage|p2b: P.N. Rasmussen|57\/100 brn|[from] brn\n|-sideend|p2: reklame|move: Tailwind\n|upkeep\n|\n|t:|1697836764\n|switch|p2a: J.B.S. Estrup|Iron Hands|52\/100\n|-activate|p2a: J.B.S. Estrup|ability: Quark Drive\n|-start|p2a: J.B.S. Estrup|quarkdriveatk\n|turn|10\n|\n|t:|1697836785\n|move|p1a: Amoonguss|Rage Powder|p1a: Amoonguss\n|-singleturn|p1a: Amoonguss|move: Rage Powder\n|move|p1b: Grimmsnarl|Parting Shot|p2a: J.B.S. Estrup\n|-unboost|p2a: J.B.S. Estrup|atk|1\n|-unboost|p2a: J.B.S. Estrup|spa|1\n|\n|t:|1697836791\n|switch|p1b: Torkoal|Torkoal, F|42\/100|[from] Parting Shot\n|move|p2a: J.B.S. Estrup|Ice Punch|p1a: Amoonguss\n|-supereffective|p1a: Amoonguss\n|-damage|p1a: Amoonguss|18\/100\n|-enditem|p1a: Amoonguss|Wiki Berry|[eat]\n|-heal|p1a: Amoonguss|51\/100|[from] item: Wiki Berry\n|move|p2b: P.N. Rasmussen|Recover|p2b: P.N. Rasmussen\n|-heal|p2b: P.N. Rasmussen|100\/100 brn\n|\n|-weather|none\n|-damage|p2b: P.N. Rasmussen|94\/100 brn|[from] brn\n|upkeep\n|turn|11\n|\n|t:|1697836810\n|move|p1a: Amoonguss|Protect|p1a: Amoonguss\n|-singleturn|p1a: Amoonguss|Protect\n|move|p2a: J.B.S. Estrup|Ice Punch|p1a: Amoonguss\n|-activate|p1a: Amoonguss|move: Protect\n|move|p1b: Torkoal|Lava Plume|p2a: J.B.S. Estrup|[spread] p2a,p2b\n|-activate|p1a: Amoonguss|move: Protect\n|-damage|p2a: J.B.S. Estrup|35\/100\n|-damage|p2b: P.N. Rasmussen|76\/100 brn\n|-status|p2a: J.B.S. Estrup|brn\n|move|p2b: P.N. Rasmussen|Toxic Spikes|p1a: Amoonguss\n|-sidestart|p1: mait27|move: Toxic Spikes\n|\n|-heal|p2b: P.N. Rasmussen|82\/100 brn|[from] item: Leftovers\n|-damage|p2a: J.B.S. Estrup|28\/100 brn|[from] brn\n|-damage|p2b: P.N. Rasmussen|76\/100 brn|[from] brn\n|upkeep\n|turn|12\n|inactive|reklame has 120 seconds left.\n|inactive|reklame has 90 seconds left.\n|inactive|reklame has 60 seconds left.\n|inactive|reklame has 30 seconds left.\n|inactive|reklame has 20 seconds left.\n|inactive|reklame has 15 seconds left.\n|inactive|reklame has 10 seconds left.\n|inactive|reklame has 5 seconds left.\n|-message|reklame lost due to inactivity.\n|\n|win|mait27\n|raw|mait27's rating: 1289 &rarr; <strong>1306<\/strong><br \/>(+17 for winning)\n|raw|reklame's rating: 1167 &rarr; <strong>1150<\/strong><br \/>(-17 for losing)\n","uploadtime":1697837094,"views":11,"p1id":"mait27","p2id":"reklame","formatid":"gen9doublesou","rating":1150,"private":0,"password":""}