{"id":"gen9doublesou-1972968991","p1":"Warre_beans","p2":"hibye721","format":"[Gen 9] Doubles OU","log":"|j|\u2606Warre_beans\n|j|\u2606hibye721\n|t:|1697913903\n|gametype|doubles\n|player|p1|Warre_beans|galacticgrunt|1029\n|player|p2|hibye721|101|1129\n|teamsize|p1|6\n|teamsize|p2|6\n|gen|9\n|tier|[Gen 9] Doubles OU\n|rated|\n|rule|Species Clause: Limit one of each Pok\u00e9mon\n|rule|OHKO Clause: OHKO moves are banned\n|rule|Evasion Moves Clause: Evasion moves are banned\n|rule|Gravity Sleep Clause: The combination of sleep-inducing moves with imperfect accuracy and Gravity or Gigantamax Orbeetle are banned\n|rule|Endless Battle Clause: Forcing endless battles is banned\n|rule|HP Percentage Mod: HP is shown in percentages\n|clearpoke\n|poke|p1|Fezandipiti, M|\n|poke|p1|Enamorus, F|\n|poke|p1|Mew|\n|poke|p1|Great Tusk|\n|poke|p1|Arcanine-Hisui, M|\n|poke|p1|Goodra-Hisui, M|\n|poke|p2|Bellibolt, F|\n|poke|p2|Cyclizar, F|\n|poke|p2|Tauros, M|\n|poke|p2|Krookodile, M|\n|poke|p2|Gengar, F|\n|poke|p2|Corviknight, F|\n|teampreview\n|inactive|Battle timer is ON: inactive players will automatically lose when time's up. (requested by hibye721)\n|inactive|Warre_beans also wants the timer to be on.\n|c|\u2606Warre_beans|Glhf\n|\n|t:|1697913915\n|start\n|switch|p1a: Fezandipiti|Fezandipiti, M|100\/100\n|switch|p1b: Copies|Mew|100\/100\n|switch|p2a: Bellibolt|Bellibolt, F|100\/100\n|switch|p2b: Cyclizar|Cyclizar, F|100\/100\n|turn|1\n|\n|t:|1697913938\n|move|p2b: Cyclizar|Shed Tail|p2b: Cyclizar\n|-start|p2b: Cyclizar|Substitute|[from] move: Shed Tail\n|-damage|p2b: Cyclizar|50\/100\n|-enditem|p2b: Cyclizar|Sitrus Berry|[eat]\n|-heal|p2b: Cyclizar|75\/100|[from] item: Sitrus Berry\n|\n|t:|1697913952\n|switch|p2b: Corviknight|Corviknight, F|100\/100|[from] Shed Tail\n|-ability|p2b: Corviknight|Pressure\n|move|p1b: Copies|Imprison|p1b: Copies\n|-start|p1b: Copies|move: Imprison\n|move|p1a: Fezandipiti|Icy Wind|p2a: Bellibolt|[spread] p2a,p2b\n|-activate|p2b: Corviknight|move: Substitute|[damage]\n|-damage|p2a: Bellibolt|94\/100\n|-unboost|p2a: Bellibolt|spe|1\n|-start|p2a: Bellibolt|Charge|Icy Wind|[from] ability: Electromorphosis\n|-status|p2a: Bellibolt|tox|[from] ability: Toxic Chain|[of] p1a: Fezandipiti\n|move|p2a: Bellibolt|Muddy Water|p1a: Fezandipiti|[spread] p1a,p1b\n|-damage|p1a: Fezandipiti|88\/100\n|-damage|p1b: Copies|86\/100\n|\n|-heal|p1b: Copies|93\/100|[from] item: Leftovers\n|-heal|p1a: Fezandipiti|94\/100|[from] item: Black Sludge\n|-heal|p2a: Bellibolt|99\/100 tox|[from] item: Leftovers\n|-damage|p2a: Bellibolt|94\/100 tox|[from] psn\n|upkeep\n|turn|2\n|inactive|Warre_beans has 120 seconds left.\n|\n|t:|1697913983\n|switch|p1a: Stormy|Great Tusk|100\/100\n|move|p1b: Copies|Transform|p2a: Bellibolt\n|-transform|p1b: Copies|p2a: Bellibolt\n|move|p2b: Corviknight|Iron Head|p1a: Stormy\n|-damage|p1a: Stormy|86\/100\n|cant|p2a: Bellibolt|move: Imprison|Thunderbolt\n|-end|p2a: Bellibolt|Charge|[silent]\n|\n|-heal|p2a: Bellibolt|99\/100 tox|[from] item: Leftovers\n|-heal|p1b: Copies|99\/100|[from] item: Leftovers\n|-damage|p2a: Bellibolt|87\/100 tox|[from] psn\n|upkeep\n|turn|3\n|\n|t:|1697914007\n|switch|p2a: Krookodile|Krookodile, M|100\/100\n|-ability|p2a: Krookodile|Intimidate|boost\n|-unboost|p1a: Stormy|atk|1\n|-unboost|p1b: Copies|atk|1\n|move|p1a: Stormy|Bulk Up|p1a: Stormy\n|-boost|p1a: Stormy|atk|1\n|-boost|p1a: Stormy|def|1\n|move|p2b: Corviknight|Brave Bird|p1a: Stormy\n|-supereffective|p1a: Stormy\n|-damage|p1a: Stormy|55\/100\n|-damage|p2b: Corviknight|89\/100|[from] Recoil\n|move|p1b: Copies|Thunderbolt|p2b: Corviknight\n|-supereffective|p2b: Corviknight\n|-end|p2b: Corviknight|Substitute\n|\n|-heal|p1b: Copies|100\/100|[from] item: Leftovers\n|upkeep\n|turn|4\n|\n|t:|1697914036\n|move|p2a: Krookodile|Stealth Rock|p1b: Copies\n|-sidestart|p1: Warre_beans|move: Stealth Rock\n|move|p1a: Stormy|Close Combat|p2b: Corviknight\n|-damage|p2b: Corviknight|29\/100\n|-unboost|p1a: Stormy|def|1\n|-unboost|p1a: Stormy|spd|1\n|-damage|p1a: Stormy|39\/100|[from] item: Rocky Helmet|[of] p2b: Corviknight\n|move|p2b: Corviknight|Brave Bird|p1a: Stormy\n|-supereffective|p1a: Stormy\n|-crit|p1a: Stormy\n|-damage|p1a: Stormy|0 fnt\n|faint|p1a: Stormy\n|-end|p1a: Stormy|Protosynthesis|[silent]\n|-damage|p2b: Corviknight|15\/100|[from] Recoil\n|move|p1b: Copies|Thunderbolt|p2b: Corviknight\n|-supereffective|p2b: Corviknight\n|-damage|p2b: Corviknight|0 fnt\n|faint|p2b: Corviknight\n|\n|upkeep\n|\n|t:|1697914058\n|switch|p1a: Fezandipiti|Fezandipiti, M|94\/100\n|switch|p2b: Tauros|Tauros, M|100\/100\n|-ability|p2b: Tauros|Intimidate|boost\n|-unboost|p1a: Fezandipiti|atk|1\n|-unboost|p1b: Copies|atk|1\n|-damage|p1a: Fezandipiti|82\/100|[from] Stealth Rock\n|turn|5\n|\n|t:|1697914073\n|move|p2b: Tauros|High Horsepower|p1b: Copies\n|-supereffective|p1b: Copies\n|-damage|p1b: Copies|54\/100\n|-start|p1b: Copies|Charge|High Horsepower|[from] ability: Electromorphosis\n|move|p1a: Fezandipiti|Icy Wind|p2b: Tauros|[spread] p2a,p2b\n|-supereffective|p2a: Krookodile\n|-damage|p2a: Krookodile|84\/100\n|-damage|p2b: Tauros|89\/100\n|-unboost|p2a: Krookodile|spe|1\n|-unboost|p2b: Tauros|spe|1\n|-status|p2b: Tauros|tox|[from] ability: Toxic Chain|[of] p1a: Fezandipiti\n|-enditem|p2b: Tauros|Lum Berry|[eat]\n|-curestatus|p2b: Tauros|tox|[msg]\n|move|p2a: Krookodile|Stone Edge|p1a: Fezandipiti|[miss]\n|-miss|p2a: Krookodile|p1a: Fezandipiti\n|move|p1b: Copies|Muddy Water|p2b: Tauros|[spread] p2a,p2b\n|-supereffective|p2a: Krookodile\n|-damage|p2a: Krookodile|48\/100\n|-damage|p2b: Tauros|64\/100\n|-unboost|p2a: Krookodile|accuracy|1\n|\n|-heal|p1a: Fezandipiti|88\/100|[from] item: Black Sludge\n|-heal|p1b: Copies|60\/100|[from] item: Leftovers\n|upkeep\n|turn|6\n|\n|t:|1697914102\n|switch|p2a: Bellibolt|Bellibolt, F|87\/100 tox\n|move|p1a: Fezandipiti|Icy Wind|p2b: Tauros|[spread] p2a,p2b\n|-damage|p2a: Bellibolt|81\/100 tox\n|-damage|p2b: Tauros|53\/100\n|-unboost|p2a: Bellibolt|spe|1\n|-unboost|p2b: Tauros|spe|1\n|-start|p2a: Bellibolt|Charge|Icy Wind|[from] ability: Electromorphosis\n|move|p2b: Tauros|High Horsepower|p1a: Fezandipiti\n|-supereffective|p1a: Fezandipiti\n|-damage|p1a: Fezandipiti|45\/100\n|move|p1b: Copies|Muddy Water|p2a: Bellibolt|[spread] \n|-miss|p1b: Copies|p2a: Bellibolt\n|-miss|p1b: Copies|p2b: Tauros\n|\n|-heal|p1a: Fezandipiti|51\/100|[from] item: Black Sludge\n|-heal|p2a: Bellibolt|87\/100 tox|[from] item: Leftovers\n|-heal|p1b: Copies|66\/100|[from] item: Leftovers\n|-damage|p2a: Bellibolt|81\/100 tox|[from] psn\n|upkeep\n|turn|7\n|\n|t:|1697914127\n|switch|p2a: Krookodile|Krookodile, M|48\/100\n|-ability|p2a: Krookodile|Intimidate|boost\n|-unboost|p1a: Fezandipiti|atk|1\n|-unboost|p1b: Copies|atk|1\n|move|p1a: Fezandipiti|Roost|p1a: Fezandipiti\n|-heal|p1a: Fezandipiti|100\/100\n|-singleturn|p1a: Fezandipiti|move: Roost\n|move|p2b: Tauros|High Horsepower|p1a: Fezandipiti\n|-supereffective|p1a: Fezandipiti\n|-damage|p1a: Fezandipiti|62\/100\n|move|p1b: Copies|Thunderbolt|p2b: Tauros\n|-damage|p2b: Tauros|0 fnt\n|faint|p2b: Tauros\n|-end|p1b: Copies|Charge|[silent]\n|\n|-heal|p1a: Fezandipiti|68\/100|[from] item: Black Sludge\n|-heal|p1b: Copies|73\/100|[from] item: Leftovers\n|upkeep\n|\n|t:|1697914140\n|switch|p2b: Gengar|Gengar, F|100\/100\n|turn|8\n|\n|t:|1697914167\n|-terastallize|p2b: Gengar|Ghost\n|move|p2b: Gengar|Shadow Ball|p1b: Copies\n|-damage|p1b: Copies|2\/100\n|-start|p1b: Copies|Charge|Shadow Ball|[from] ability: Electromorphosis\n|move|p1a: Fezandipiti|Substitute|p1a: Fezandipiti\n|-start|p1a: Fezandipiti|Substitute\n|-damage|p1a: Fezandipiti|43\/100\n|move|p2a: Krookodile|Stone Edge|p1b: Copies\n|-damage|p1b: Copies|0 fnt\n|faint|p1b: Copies\n|\n|-heal|p1a: Fezandipiti|49\/100|[from] item: Black Sludge\n|upkeep\n|\n|t:|1697914184\n|switch|p1b: Manticore|Enamorus, F|100\/100\n|-damage|p1b: Manticore|76\/100|[from] Stealth Rock\n|turn|9\n|\n|t:|1697914196\n|move|p2b: Gengar|Shadow Ball|p1b: Manticore\n|-damage|p1b: Manticore|0 fnt\n|faint|p1b: Manticore\n|move|p1a: Fezandipiti|Icy Wind|p2b: Gengar|[spread] p2a,p2b\n|-supereffective|p2a: Krookodile\n|-damage|p2a: Krookodile|31\/100\n|-damage|p2b: Gengar|89\/100\n|-unboost|p2a: Krookodile|spe|1\n|-unboost|p2b: Gengar|spe|1\n|-status|p2b: Gengar|tox|[from] ability: Toxic Chain|[of] p1a: Fezandipiti\n|move|p2a: Krookodile|Stone Edge|p1a: Fezandipiti\n|-activate|p1a: Fezandipiti|move: Substitute|[damage]\n|\n|-heal|p1a: Fezandipiti|55\/100|[from] item: Black Sludge\n|-damage|p2b: Gengar|82\/100 tox|[from] psn\n|upkeep\n|\n|t:|1697914213\n|switch|p1b: No gold|Arcanine-Hisui, M|100\/100\n|-damage|p1b: No gold|76\/100|[from] Stealth Rock\n|turn|10\n|\n|t:|1697914223\n|move|p2b: Gengar|Shadow Ball|p1b: No gold\n|-damage|p1b: No gold|27\/100\n|-unboost|p1b: No gold|spd|1\n|move|p1b: No gold|Flare Blitz|p2a: Krookodile\n|-damage|p2a: Krookodile|0 fnt\n|-damage|p1b: No gold|11\/100|[from] item: Rocky Helmet|[of] p2a: Krookodile\n|faint|p2a: Krookodile\n|move|p1a: Fezandipiti|Roost|p1a: Fezandipiti\n|-heal|p1a: Fezandipiti|100\/100\n|-singleturn|p1a: Fezandipiti|move: Roost\n|\n|-damage|p2b: Gengar|70\/100 tox|[from] psn\n|upkeep\n|\n|t:|1697914232\n|switch|p2a: Bellibolt|Bellibolt, F|81\/100 tox\n|turn|11\n|\n|t:|1697914248\n|move|p2b: Gengar|Shadow Ball|p1b: No gold\n|-damage|p1b: No gold|0 fnt\n|faint|p1b: No gold\n|move|p1a: Fezandipiti|Calm Mind|p1a: Fezandipiti\n|-boost|p1a: Fezandipiti|spa|1\n|-boost|p1a: Fezandipiti|spd|1\n|move|p2a: Bellibolt|Thunderbolt|p1a: Fezandipiti\n|-end|p1a: Fezandipiti|Substitute\n|\n|-heal|p2a: Bellibolt|87\/100 tox|[from] item: Leftovers\n|-damage|p2b: Gengar|52\/100 tox|[from] psn\n|-damage|p2a: Bellibolt|81\/100 tox|[from] psn\n|upkeep\n|\n|t:|1697914263\n|switch|p1b: S-nail|Goodra-Hisui, M|100\/100\n|-damage|p1b: S-nail|94\/100|[from] Stealth Rock\n|turn|12\n|\n|t:|1697914273\n|move|p2b: Gengar|Shadow Ball|p1a: Fezandipiti\n|-damage|p1a: Fezandipiti|71\/100\n|move|p1a: Fezandipiti|Substitute|p1a: Fezandipiti\n|-start|p1a: Fezandipiti|Substitute\n|-damage|p1a: Fezandipiti|47\/100\n|move|p1b: S-nail|Life Dew|p1b: S-nail|[spread] p1a,p1b\n|-heal|p1a: Fezandipiti|72\/100\n|-heal|p1b: S-nail|100\/100\n|move|p2a: Bellibolt|Thunderbolt|p1a: Fezandipiti\n|-activate|p1a: Fezandipiti|move: Substitute|[damage]\n|\n|-heal|p1a: Fezandipiti|78\/100|[from] item: Black Sludge\n|-heal|p2a: Bellibolt|87\/100 tox|[from] item: Leftovers\n|-damage|p2b: Gengar|27\/100 tox|[from] psn\n|-damage|p2a: Bellibolt|75\/100 tox|[from] psn\n|upkeep\n|turn|13\n|\n|t:|1697914296\n|move|p2b: Gengar|Shadow Ball|p1b: S-nail\n|-damage|p1b: S-nail|73\/100\n|move|p1a: Fezandipiti|Substitute|p1a: Fezandipiti\n|-fail|p1a: Fezandipiti|move: Substitute\n|move|p1b: S-nail|Life Dew|p1b: S-nail|[spread] p1a,p1b\n|-heal|p1a: Fezandipiti|100\/100\n|-heal|p1b: S-nail|98\/100\n|move|p2a: Bellibolt|Muddy Water|p1b: S-nail|[spread] p1a,p1b\n|-activate|p1a: Fezandipiti|move: Substitute|[damage]\n|-resisted|p1b: S-nail\n|-damage|p1b: S-nail|94\/100\n|\n|-heal|p2a: Bellibolt|81\/100 tox|[from] item: Leftovers\n|-damage|p2b: Gengar|0 fnt|[from] psn\n|faint|p2b: Gengar\n|-damage|p2a: Bellibolt|63\/100 tox|[from] psn\n|upkeep\n|\n|t:|1697914302\n|switch|p2b: Cyclizar|Cyclizar, F|100\/100\n|turn|14\n|-message|hibye721 forfeited.\n|\n|win|Warre_beans\n|raw|Warre_beans's rating: 1029 &rarr; <strong>1075<\/strong><br \/>(+46 for winning)\n|raw|hibye721's rating: 1129 &rarr; <strong>1097<\/strong><br \/>(-32 for losing)\n|l|\u2606hibye721\n","uploadtime":1697914323,"views":21,"p1id":"warrebeans","p2id":"hibye721","formatid":"gen9doublesou","rating":1075,"private":0,"password":""}