{"id":"gen9doublesou-1972751446","p1":"Flinchhaxisgreat","p2":"Carolina6969","format":"[Gen 9] Doubles OU","log":"|j|\u2606Flinchhaxisgreat\n|j|\u2606Carolina6969\n|inactive|Battle timer is ON: inactive players will automatically lose when time's up.\n|t:|1697889684\n|gametype|doubles\n|player|p1|Flinchhaxisgreat|ethan-pokeathlon|\n|player|p2|Carolina6969|lass-gen4dp|\n|teamsize|p1|6\n|teamsize|p2|6\n|gen|9\n|tier|[Gen 9] Doubles OU\n|rated|Tournament battle\n|rule|Species Clause: Limit one of each Pok\u00e9mon\n|rule|OHKO Clause: OHKO moves are banned\n|rule|Evasion Moves Clause: Evasion moves are banned\n|rule|Gravity Sleep Clause: The combination of sleep-inducing moves with imperfect accuracy and Gravity or Gigantamax Orbeetle are banned\n|rule|Endless Battle Clause: Forcing endless battles is banned\n|rule|HP Percentage Mod: HP is shown in percentages\n|clearpoke\n|poke|p1|Azumarill, F|\n|poke|p1|Clefairy, M|\n|poke|p1|Deino, M|\n|poke|p1|Volcarona, M|\n|poke|p1|Corphish, F|\n|poke|p1|Magnemite|\n|poke|p2|Sawsbuck, F|\n|poke|p2|Bisharp, F|\n|poke|p2|Igglybuff, F|\n|poke|p2|Dusclops, F|\n|poke|p2|Hatenna, F|\n|poke|p2|Vulpix, M|\n|teampreview\n|j|*Lady Monita \u263d\n|inactive|Carolina6969 also wants the timer to be on.\n|inactive|Carolina6969 has 120 seconds left.\n|\n|t:|1697889719\n|start\n|switch|p1a: Volcarona|Volcarona, M|100\/100\n|switch|p1b: Clefairy|Clefairy, M|100\/100\n|switch|p2a: Igglybuff|Igglybuff, F, shiny|100\/100\n|switch|p2b: Hatenna|Hatenna, F, shiny|100\/100\n|turn|1\n|\n|t:|1697889728\n|move|p1b: Clefairy|Follow Me|p1b: Clefairy\n|-singleturn|p1b: Clefairy|move: Follow Me\n|move|p1a: Volcarona|Quiver Dance|p1a: Volcarona\n|-boost|p1a: Volcarona|spa|1\n|-boost|p1a: Volcarona|spd|1\n|-boost|p1a: Volcarona|spe|1\n|move|p2b: Hatenna|Psychic|p1b: Clefairy\n|-damage|p1b: Clefairy|81\/100\n|move|p2a: Igglybuff|Flamethrower|p1b: Clefairy\n|-damage|p1b: Clefairy|70\/100\n|\n|upkeep\n|turn|2\n|\n|t:|1697889738\n|move|p1b: Clefairy|Follow Me|p1b: Clefairy\n|-singleturn|p1b: Clefairy|move: Follow Me\n|move|p1a: Volcarona|Quiver Dance|p1a: Volcarona\n|-boost|p1a: Volcarona|spa|1\n|-boost|p1a: Volcarona|spd|1\n|-boost|p1a: Volcarona|spe|1\n|move|p2b: Hatenna|Mystical Fire|p1b: Clefairy\n|-damage|p1b: Clefairy|60\/100\n|-unboost|p1b: Clefairy|spa|1\n|move|p2a: Igglybuff|Dazzling Gleam|p1a: Volcarona|[spread] p1a,p1b\n|-resisted|p1a: Volcarona\n|-damage|p1a: Volcarona|97\/100\n|-damage|p1b: Clefairy|49\/100\n|\n|upkeep\n|turn|3\n|\n|t:|1697889747\n|move|p1b: Clefairy|Follow Me|p1b: Clefairy\n|-singleturn|p1b: Clefairy|move: Follow Me\n|move|p1a: Volcarona|Quiver Dance|p1a: Volcarona\n|-boost|p1a: Volcarona|spa|1\n|-boost|p1a: Volcarona|spd|1\n|-boost|p1a: Volcarona|spe|1\n|move|p2b: Hatenna|Psychic|p1b: Clefairy\n|-damage|p1b: Clefairy|31\/100\n|move|p2a: Igglybuff|Icy Wind|p1a: Volcarona|[spread] p1a,p1b\n|-resisted|p1a: Volcarona\n|-damage|p1a: Volcarona|96\/100\n|-damage|p1b: Clefairy|26\/100\n|-unboost|p1a: Volcarona|spe|1\n|-unboost|p1b: Clefairy|spe|1\n|\n|upkeep\n|turn|4\n|\n|t:|1697889762\n|move|p1a: Volcarona|Fiery Dance|p2a: Igglybuff\n|-enditem|p2a: Igglybuff|Focus Sash\n|-damage|p2a: Igglybuff|1\/100\n|-boost|p1a: Volcarona|spa|1\n|move|p2b: Hatenna|Psychic|p1b: Clefairy\n|-crit|p1b: Clefairy\n|-damage|p1b: Clefairy|0 fnt\n|faint|p1b: Clefairy\n|move|p2a: Igglybuff|Icy Wind|p1a: Volcarona\n|-resisted|p1a: Volcarona\n|-damage|p1a: Volcarona|94\/100\n|-unboost|p1a: Volcarona|spe|1\n|\n|upkeep\n|\n|t:|1697889776\n|switch|p1b: Azumarill|Azumarill, F|100\/100\n|turn|5\n|\n|t:|1697889786\n|move|p1b: Azumarill|Protect|p1b: Azumarill\n|-singleturn|p1b: Azumarill|Protect\n|move|p1a: Volcarona|Fiery Dance|p2b: Hatenna\n|-crit|p2b: Hatenna\n|-damage|p2b: Hatenna|0 fnt\n|faint|p2b: Hatenna\n|move|p2a: Igglybuff|Dazzling Gleam|p1b: Azumarill|[spread] p1a\n|-activate|p1b: Azumarill|move: Protect\n|-resisted|p1a: Volcarona\n|-damage|p1a: Volcarona|90\/100\n|\n|upkeep\n|\n|t:|1697889792\n|switch|p2b: Bisharp|Bisharp, F, shiny|100\/100\n|-ability|p2b: Bisharp|Pressure\n|turn|6\n|\n|t:|1697889801\n|-terastallize|p2b: Bisharp|Dark\n|move|p1a: Volcarona|Fiery Dance|p2b: Bisharp\n|-damage|p2b: Bisharp|0 fnt\n|faint|p2b: Bisharp\n|move|p1b: Azumarill|Belly Drum|p1b: Azumarill\n|-damage|p1b: Azumarill|50\/100\n|-setboost|p1b: Azumarill|atk|6|[from] move: Belly Drum\n|-enditem|p1b: Azumarill|Sitrus Berry|[eat]\n|-heal|p1b: Azumarill|75\/100|[from] item: Sitrus Berry\n|move|p2a: Igglybuff|Thunder Wave|p1a: Volcarona\n|-status|p1a: Volcarona|par\n|\n|upkeep\n|\n|t:|1697889807\n|switch|p2b: Sawsbuck|Sawsbuck, F, shiny|100\/100\n|turn|7\n|\n|t:|1697889813\n|move|p1b: Azumarill|Protect|p1b: Azumarill\n|-singleturn|p1b: Azumarill|Protect\n|move|p2b: Sawsbuck|Double-Edge|p1a: Volcarona\n|-damage|p1a: Volcarona|0 fnt\n|faint|p1a: Volcarona\n|-damage|p2b: Sawsbuck|69\/100|[from] Recoil\n|move|p2a: Igglybuff|Dazzling Gleam|p1b: Azumarill\n|-activate|p1b: Azumarill|move: Protect\n|\n|upkeep\n|\n|t:|1697889827\n|switch|p1a: Magnemite|Magnemite|100\/100\n|turn|8\n|\n|t:|1697889840\n|switch|p2b: Dusclops|Dusclops, F, shiny|100\/100\n|-item|p1a: Magnemite|Eviolite|[from] ability: Frisk|[of] p2b: Dusclops|[identify]\n|move|p1b: Azumarill|Play Rough|p2b: Dusclops\n|-damage|p2b: Dusclops|0 fnt\n|faint|p2b: Dusclops\n|move|p1a: Magnemite|Electroweb|p2a: Igglybuff|[miss]\n|-miss|p1a: Magnemite|p2a: Igglybuff\n|move|p2a: Igglybuff|Flamethrower|p1a: Magnemite\n|-supereffective|p1a: Magnemite\n|-damage|p1a: Magnemite|67\/100\n|\n|upkeep\n|\n|t:|1697889854\n|switch|p2b: Vulpix|Vulpix, M, shiny|100\/100\n|-weather|SunnyDay|[from] ability: Drought|[of] p2b: Vulpix\n|turn|9\n|\n|t:|1697889860\n|-terastallize|p1b: Azumarill|Water\n|move|p1b: Azumarill|Aqua Jet|p2b: Vulpix\n|-supereffective|p2b: Vulpix\n|-damage|p2b: Vulpix|0 fnt\n|faint|p2b: Vulpix\n|move|p1a: Magnemite|Electroweb|p2a: Igglybuff\n|-damage|p2a: Igglybuff|0 fnt\n|faint|p2a: Igglybuff\n|\n|-weather|SunnyDay|[upkeep]\n|upkeep\n|\n|t:|1697889866\n|switch|p2b: Sawsbuck|Sawsbuck, F, shiny|69\/100\n|turn|10\n|\n|t:|1697889871\n|move|p1b: Azumarill|Aqua Jet|p2b: Sawsbuck\n|-resisted|p2b: Sawsbuck\n|-damage|p2b: Sawsbuck|21\/100\n|move|p2b: Sawsbuck|Horn Leech|p1b: Azumarill\n|-supereffective|p1b: Azumarill\n|-damage|p1b: Azumarill|0 fnt\n|-heal|p2b: Sawsbuck|72\/100|[from] drain|[of] p1b: Azumarill\n|faint|p1b: Azumarill\n|move|p1a: Magnemite|Electroweb|p2b: Sawsbuck\n|-resisted|p2b: Sawsbuck\n|-damage|p2b: Sawsbuck|58\/100\n|-unboost|p2b: Sawsbuck|spe|1\n|\n|-weather|SunnyDay|[upkeep]\n|upkeep\n|\n|t:|1697889874\n|switch|p1b: Deino|Deino, M|100\/100\n|turn|11\n|\n|t:|1697889879\n|move|p2b: Sawsbuck|Horn Leech|p1b: Deino\n|-resisted|p1b: Deino\n|-damage|p1b: Deino|46\/100\n|-heal|p2b: Sawsbuck|86\/100|[from] drain|[of] p1b: Deino\n|move|p1a: Magnemite|Electroweb|p2b: Sawsbuck\n|-resisted|p2b: Sawsbuck\n|-damage|p2b: Sawsbuck|73\/100\n|-unboost|p2b: Sawsbuck|spe|1\n|move|p1b: Deino|Fire Fang|p2b: Sawsbuck|[miss]\n|-miss|p1b: Deino|p2b: Sawsbuck\n|\n|-weather|SunnyDay|[upkeep]\n|upkeep\n|turn|12\n|\n|t:|1697889885\n|move|p2b: Sawsbuck|Horn Leech|p1b: Deino\n|-resisted|p1b: Deino\n|-damage|p1b: Deino|0 fnt\n|-heal|p2b: Sawsbuck|96\/100|[from] drain|[of] p1b: Deino\n|faint|p1b: Deino\n|move|p1a: Magnemite|Electroweb|p2b: Sawsbuck\n|-resisted|p2b: Sawsbuck\n|-damage|p2b: Sawsbuck|81\/100\n|-unboost|p2b: Sawsbuck|spe|1\n|\n|-weather|SunnyDay|[upkeep]\n|upkeep\n|\n|t:|1697889887\n|switch|p1b: Corphish|Corphish, F|100\/100\n|turn|13\n|c|\u2606Carolina6969|Gg\n|\n|t:|1697889898\n|move|p2b: Sawsbuck|Horn Leech|p1b: Corphish\n|-supereffective|p1b: Corphish\n|-damage|p1b: Corphish|0 fnt\n|-heal|p2b: Sawsbuck|100\/100|[from] drain|[of] p1b: Corphish\n|faint|p1b: Corphish\n|move|p1a: Magnemite|Electroweb|p2b: Sawsbuck\n|-resisted|p2b: Sawsbuck\n|-damage|p2b: Sawsbuck|88\/100\n|-unboost|p2b: Sawsbuck|spe|1\n|\n|-weather|none\n|upkeep\n|turn|14\n|c|\u2606Carolina6969|U win I think\n|\n|t:|1697889917\n|move|p1a: Magnemite|Volt Switch|p2b: Sawsbuck\n|-resisted|p2b: Sawsbuck\n|-damage|p2b: Sawsbuck|69\/100\n|move|p2b: Sawsbuck|Horn Leech|p1a: Magnemite\n|-resisted|p1a: Magnemite\n|-damage|p1a: Magnemite|38\/100\n|-heal|p2b: Sawsbuck|81\/100|[from] drain|[of] p1a: Magnemite\n|\n|upkeep\n|turn|15\n|\n|t:|1697889921\n|move|p1a: Magnemite|Volt Switch|p2b: Sawsbuck\n|-resisted|p2b: Sawsbuck\n|-damage|p2b: Sawsbuck|63\/100\n|move|p2b: Sawsbuck|Horn Leech|p1a: Magnemite\n|-resisted|p1a: Magnemite\n|-damage|p1a: Magnemite|2\/100\n|-heal|p2b: Sawsbuck|78\/100|[from] drain|[of] p1a: Magnemite\n|\n|upkeep\n|turn|16\n|\n|t:|1697889925\n|move|p1a: Magnemite|Volt Switch|p2b: Sawsbuck\n|-resisted|p2b: Sawsbuck\n|-damage|p2b: Sawsbuck|62\/100\n|move|p2b: Sawsbuck|Horn Leech|p1a: Magnemite\n|-resisted|p1a: Magnemite\n|-damage|p1a: Magnemite|0 fnt\n|-heal|p2b: Sawsbuck|63\/100|[from] drain|[of] p1a: Magnemite\n|faint|p1a: Magnemite\n|\n|win|Carolina6969\n|n|\u2606Flinchhaxisgreat|flinchhaxisgreat\n|n|\u2606Carolina6969|carolina6969\n|n|*Lady Monita \u263d|ladymonita\n","uploadtime":1697889926,"views":22,"p1id":"flinchhaxisgreat","p2id":"carolina6969","formatid":"gen9doublesou","rating":0,"private":0,"password":""}