{"id":"gen9doublesou-1972286512","p1":"Xanathar14","p2":"Shadowcloak69","format":"[Gen 9] Doubles OU","log":"|j|\u2606Xanathar14\n|j|\u2606Shadowcloak69\n|t:|1697828103\n|gametype|doubles\n|player|p1|Xanathar14|steven|1209\n|player|p2|Shadowcloak69|youngster|1100\n|teamsize|p1|6\n|teamsize|p2|6\n|gen|9\n|tier|[Gen 9] Doubles OU\n|rated|\n|rule|Species Clause: Limit one of each Pok\u00e9mon\n|rule|OHKO Clause: OHKO moves are banned\n|rule|Evasion Moves Clause: Evasion moves are banned\n|rule|Gravity Sleep Clause: The combination of sleep-inducing moves with imperfect accuracy and Gravity or Gigantamax Orbeetle are banned\n|rule|Endless Battle Clause: Forcing endless battles is banned\n|rule|HP Percentage Mod: HP is shown in percentages\n|clearpoke\n|poke|p1|Pelipper, M|\n|poke|p1|Gastrodon, M|\n|poke|p1|Politoed, F|\n|poke|p1|Mew|\n|poke|p1|Thundurus-Therian, M|\n|poke|p1|Drednaw, F|\n|poke|p2|Clefable, F|\n|poke|p2|Dragonite, M|\n|poke|p2|Persian, M|\n|poke|p2|Politoed, F|\n|poke|p2|Goodra-Hisui, F|\n|poke|p2|Toxicroak, F|\n|teampreview\n|\n|t:|1697828119\n|start\n|switch|p1a: Pelipper|Pelipper, M, shiny|100\/100\n|switch|p1b: Gastrodon|Gastrodon, M|100\/100\n|switch|p2a: Clefable|Clefable, F, shiny|100\/100\n|switch|p2b: Dragonite|Dragonite, M|100\/100\n|-weather|RainDance|[from] ability: Drizzle|[of] p1a: Pelipper\n|turn|1\n|\n|t:|1697828132\n|move|p2b: Dragonite|Dragon Dance|p2b: Dragonite\n|-boost|p2b: Dragonite|atk|1\n|-boost|p2b: Dragonite|spe|1\n|move|p1a: Pelipper|Ice Beam|p2b: Dragonite\n|-supereffective|p2b: Dragonite\n|-damage|p2b: Dragonite|0 fnt\n|faint|p2b: Dragonite\n|move|p2a: Clefable|Icy Wind|p1b: Gastrodon|[spread] p1a,p1b\n|-damage|p1a: Pelipper|82\/100\n|-damage|p1b: Gastrodon|89\/100\n|-unboost|p1a: Pelipper|spe|1\n|-unboost|p1b: Gastrodon|spe|1\n|move|p1b: Gastrodon|Sludge Bomb|p2a: Clefable\n|-supereffective|p2a: Clefable\n|-damage|p2a: Clefable|54\/100\n|\n|-weather|RainDance|[upkeep]\n|-heal|p2a: Clefable|60\/100|[from] item: Leftovers\n|-heal|p1b: Gastrodon|95\/100|[from] item: Leftovers\n|upkeep\n|\n|t:|1697828145\n|switch|p2b: Toxicroak|Toxicroak, F|100\/100\n|turn|2\n|\n|t:|1697828153\n|move|p2b: Toxicroak|Thunder Punch|p1a: Pelipper\n|-supereffective|p1a: Pelipper\n|-damage|p1a: Pelipper|0 fnt\n|faint|p1a: Pelipper\n|move|p2a: Clefable|Moonblast|p1b: Gastrodon\n|-damage|p1b: Gastrodon|59\/100\n|move|p1b: Gastrodon|Earth Power|p2b: Toxicroak\n|-supereffective|p2b: Toxicroak\n|-damage|p2b: Toxicroak|0 fnt\n|faint|p2b: Toxicroak\n|\n|-weather|RainDance|[upkeep]\n|-heal|p2a: Clefable|66\/100|[from] item: Leftovers\n|-heal|p1b: Gastrodon|65\/100|[from] item: Leftovers\n|upkeep\n|\n|t:|1697828173\n|switch|p2b: Persian|Persian, M|100\/100\n|switch|p1a: Drednaw|Drednaw, F, shiny|100\/100\n|turn|3\n|\n|t:|1697828186\n|-terastallize|p1a: Drednaw|Steel\n|move|p2b: Persian|Fake Out|p1a: Drednaw\n|-resisted|p1a: Drednaw\n|-damage|p1a: Drednaw|88\/100\n|cant|p1a: Drednaw|flinch\n|move|p2a: Clefable|Icy Wind|p1b: Gastrodon|[spread] p1a,p1b\n|-resisted|p1a: Drednaw\n|-damage|p1a: Drednaw|79\/100\n|-damage|p1b: Gastrodon|53\/100\n|-unboost|p1a: Drednaw|spe|1\n|-unboost|p1b: Gastrodon|spe|1\n|-enditem|p1a: Drednaw|White Herb\n|-clearnegativeboost|p1a: Drednaw|[silent]\n|move|p1b: Gastrodon|Muddy Water|p2a: Clefable|[spread] p2a,p2b\n|-damage|p2a: Clefable|28\/100\n|-damage|p2b: Persian|27\/100\n|-unboost|p2a: Clefable|accuracy|1\n|\n|-weather|RainDance|[upkeep]\n|-heal|p2a: Clefable|35\/100|[from] item: Leftovers\n|-heal|p1b: Gastrodon|59\/100|[from] item: Leftovers\n|upkeep\n|turn|4\n|\n|t:|1697828211\n|move|p2a: Clefable|Follow Me|p2a: Clefable\n|-singleturn|p2a: Clefable|move: Follow Me\n|move|p1a: Drednaw|Shell Smash|p1a: Drednaw\n|-unboost|p1a: Drednaw|def|1\n|-unboost|p1a: Drednaw|spd|1\n|-boost|p1a: Drednaw|atk|2\n|-boost|p1a: Drednaw|spa|2\n|-boost|p1a: Drednaw|spe|2\n|move|p2b: Persian|U-turn|p1b: Gastrodon\n|-damage|p1b: Gastrodon|42\/100\n|\n|t:|1697828216\n|switch|p2b: Goodra|Goodra-Hisui, F|100\/100|[from] U-turn\n|move|p1b: Gastrodon|Muddy Water|p2a: Clefable|[spread] p2a,p2b\n|-resisted|p2b: Goodra\n|-damage|p2a: Clefable|0 fnt\n|-damage|p2b: Goodra|89\/100\n|-unboost|p2b: Goodra|accuracy|1\n|faint|p2a: Clefable\n|\n|-weather|RainDance|[upkeep]\n|-heal|p2b: Goodra|95\/100|[from] item: Leftovers\n|-heal|p1b: Gastrodon|48\/100|[from] item: Leftovers\n|upkeep\n|\n|t:|1697828237\n|switch|p2a: Politoed|Politoed, F|100\/100\n|turn|5\n|\n|t:|1697828271\n|move|p1a: Drednaw|Stomping Tantrum|p2b: Goodra\n|-supereffective|p2b: Goodra\n|-damage|p2b: Goodra|12\/100\n|move|p2a: Politoed|Earth Power|p1a: Drednaw\n|-supereffective|p1a: Drednaw\n|-damage|p1a: Drednaw|0 fnt\n|faint|p1a: Drednaw\n|move|p2b: Goodra|Outrage|p1b: Gastrodon\n|-damage|p1b: Gastrodon|0 fnt\n|faint|p1b: Gastrodon\n|\n|-weather|RainDance|[upkeep]\n|-heal|p2b: Goodra|18\/100|[from] item: Leftovers\n|upkeep\n|\n|t:|1697828285\n|switch|p1a: Mew|Mew, shiny|100\/100\n|switch|p1b: Thundurus|Thundurus-Therian, M|100\/100\n|turn|6\n|\n|t:|1697828296\n|move|p1b: Thundurus|Wildbolt Storm|p2b: Goodra|[spread] p2a,p2b\n|-supereffective|p2a: Politoed\n|-resisted|p2b: Goodra\n|-damage|p2a: Politoed|25\/100\n|-damage|p2b: Goodra|6\/100\n|-enditem|p2a: Politoed|Wiki Berry|[eat]\n|-heal|p2a: Politoed|58\/100|[from] item: Wiki Berry\n|move|p1a: Mew|Thunder|p2a: Politoed\n|-supereffective|p2a: Politoed\n|-damage|p2a: Politoed|0 fnt\n|faint|p2a: Politoed\n|move|p2b: Goodra|Outrage|p1a: Mew|[from]lockedmove\n|-damage|p1a: Mew|57\/100\n|-start|p2b: Goodra|confusion|[fatigue]\n|\n|-weather|RainDance|[upkeep]\n|-heal|p2b: Goodra|12\/100|[from] item: Leftovers\n|upkeep\n|\n|t:|1697828304\n|switch|p2a: Persian|Persian, M|27\/100\n|turn|7\n|\n|t:|1697828317\n|-activate|p2b: Goodra|confusion\n|move|p2b: Goodra|Protect|p2b: Goodra\n|-singleturn|p2b: Goodra|Protect\n|move|p2a: Persian|Fake Out|p1b: Thundurus\n|-damage|p1b: Thundurus|67\/100\n|cant|p1b: Thundurus|flinch\n|move|p1a: Mew|Thunder|p2b: Goodra\n|-activate|p2b: Goodra|move: Protect\n|\n|-weather|RainDance|[upkeep]\n|-heal|p2b: Goodra|18\/100|[from] item: Leftovers\n|upkeep\n|turn|8\n|\n|t:|1697828346\n|move|p2a: Persian|U-turn|p1a: Mew\n|-supereffective|p1a: Mew\n|-damage|p1a: Mew|25\/100\n|move|p1b: Thundurus|Wildbolt Storm|p2a: Persian|[spread] p2a,p2b\n|-crit|p2a: Persian\n|-resisted|p2b: Goodra\n|-damage|p2a: Persian|0 fnt\n|-damage|p2b: Goodra|7\/100\n|faint|p2a: Persian\n|move|p1a: Mew|Thunder|p2b: Goodra\n|-resisted|p2b: Goodra\n|-damage|p2b: Goodra|0 fnt\n|faint|p2b: Goodra\n|\n|win|Xanathar14\n|raw|Xanathar14's rating: 1209 &rarr; <strong>1226<\/strong><br \/>(+17 for winning)\n|raw|Shadowcloak69's rating: 1100 &rarr; <strong>1083<\/strong><br \/>(-17 for losing)\n|l|\u2606Shadowcloak69\n|c|\u2606Xanathar14|gg\n","uploadtime":1697828364,"views":8,"p1id":"xanathar14","p2id":"shadowcloak69","formatid":"gen9doublesou","rating":1083,"private":0,"password":""}