{"id":"gen9doublesou-1981832411","p1":"GodsGiftToPokemon","p2":"Sahira Alhazred","format":"[Gen 9] Doubles OU","log":"|j|\u2606GodsGiftToPokemon\n|j|\u2606Sahira Alhazred\n|t:|1698944985\n|gametype|doubles\n|player|p1|GodsGiftToPokemon|artist|1549\n|player|p2|Sahira Alhazred|cynthia-masters|1787\n|teamsize|p1|6\n|teamsize|p2|6\n|gen|9\n|tier|[Gen 9] Doubles OU\n|rated|\n|rule|Species Clause: Limit one of each Pok\u00e9mon\n|rule|OHKO Clause: OHKO moves are banned\n|rule|Evasion Moves Clause: Evasion moves are banned\n|rule|Gravity Sleep Clause: The combination of sleep-inducing moves with imperfect accuracy and Gravity or Gigantamax Orbeetle are banned\n|rule|Endless Battle Clause: Forcing endless battles is banned\n|rule|HP Percentage Mod: HP is shown in percentages\n|clearpoke\n|poke|p1|Dusclops, F|\n|poke|p1|Iron Hands|\n|poke|p1|Cresselia, F|\n|poke|p1|Landorus-Therian, M|\n|poke|p1|Sylveon, F|\n|poke|p1|Snorlax, F|\n|poke|p2|Diancie|\n|poke|p2|Oranguru, M|\n|poke|p2|Iron Hands|\n|poke|p2|Torkoal, M|\n|poke|p2|Ursaluna, M|\n|poke|p2|Cresselia, F|\n|teampreview\n|\n|t:|1698945010\n|start\n|switch|p1a: Iron Hands|Iron Hands, shiny|100\/100\n|switch|p1b: Snorlax|Snorlax, F|100\/100\n|switch|p2a: Amira|Diancie|100\/100\n|switch|p2b: Yokozuna|Iron Hands|100\/100\n|turn|1\n|\n|t:|1698945024\n|move|p1b: Snorlax|Protect|p1b: Snorlax\n|-singleturn|p1b: Snorlax|Protect\n|move|p1a: Iron Hands|Heavy Slam|p2a: Amira\n|-supereffective|p2a: Amira\n|-damage|p2a: Amira|0 fnt\n|faint|p2a: Amira\n|move|p2b: Yokozuna|Close Combat|p1b: Snorlax\n|-activate|p1b: Snorlax|move: Protect\n|\n|upkeep\n|\n|t:|1698945034\n|switch|p2a: Bjorn|Ursaluna, M|100\/100\n|turn|2\n|\n|t:|1698945051\n|switch|p1b: Landorus|Landorus-Therian, M, shiny|100\/100\n|-ability|p1b: Landorus|Intimidate|boost\n|-unboost|p2a: Bjorn|atk|1\n|-unboost|p2b: Yokozuna|atk|1\n|-terastallize|p2a: Bjorn|Ghost\n|move|p1a: Iron Hands|Drain Punch|p2b: Yokozuna\n|-damage|p2b: Yokozuna|74\/100\n|move|p2b: Yokozuna|Close Combat|p1b: Landorus\n|-resisted|p1b: Landorus\n|-damage|p1b: Landorus|72\/100\n|-unboost|p2b: Yokozuna|def|1\n|-unboost|p2b: Yokozuna|spd|1\n|move|p2a: Bjorn|Headlong Rush|p1a: Iron Hands\n|-supereffective|p1a: Iron Hands\n|-damage|p1a: Iron Hands|35\/100\n|-unboost|p2a: Bjorn|def|1\n|-unboost|p2a: Bjorn|spd|1\n|\n|-status|p2a: Bjorn|brn|[from] item: Flame Orb\n|upkeep\n|turn|3\n|\n|t:|1698945078\n|move|p2a: Bjorn|Protect|p2a: Bjorn\n|-singleturn|p2a: Bjorn|Protect\n|move|p1b: Landorus|U-turn|p2a: Bjorn\n|-activate|p2a: Bjorn|move: Protect\n|move|p1a: Iron Hands|Drain Punch|p2b: Yokozuna\n|-damage|p2b: Yokozuna|31\/100\n|-heal|p1a: Iron Hands|58\/100|[from] drain|[of] p2b: Yokozuna\n|move|p2b: Yokozuna|Volt Switch|p1a: Iron Hands\n|-resisted|p1a: Iron Hands\n|-damage|p1a: Iron Hands|55\/100\n|\n|t:|1698945090\n|-end|p2b: Yokozuna|Quark Drive|[silent]\n|switch|p2b: Rhiannon|Cresselia, F|100\/100|[from] Volt Switch\n|\n|-damage|p2a: Bjorn|94\/100 brn|[from] brn\n|upkeep\n|turn|4\n|\n|t:|1698945106\n|switch|p2a: Yokozuna|Iron Hands|31\/100\n|move|p1b: Landorus|U-turn|p2b: Rhiannon\n|-supereffective|p2b: Rhiannon\n|-damage|p2b: Rhiannon|62\/100\n|\n|t:|1698945111\n|switch|p1b: Snorlax|Snorlax, F|100\/100|[from] U-turn\n|move|p1a: Iron Hands|Thunder Punch|p2a: Yokozuna\n|-resisted|p2a: Yokozuna\n|-damage|p2a: Yokozuna|17\/100\n|move|p2b: Rhiannon|Trick Room|p2b: Rhiannon\n|-fieldstart|move: Trick Room|[of] p2b: Rhiannon\n|\n|upkeep\n|turn|5\n|\n|t:|1698945124\n|move|p1b: Snorlax|Protect|p1b: Snorlax\n|-singleturn|p1b: Snorlax|Protect\n|move|p2a: Yokozuna|Close Combat|p1b: Snorlax\n|-activate|p1b: Snorlax|move: Protect\n|move|p1a: Iron Hands|Drain Punch|p2a: Yokozuna\n|-damage|p2a: Yokozuna|0 fnt\n|-heal|p1a: Iron Hands|64\/100|[from] drain|[of] p2a: Yokozuna\n|faint|p2a: Yokozuna\n|-end|p2a: Yokozuna|Quark Drive|[silent]\n|move|p2b: Rhiannon|Lunar Blessing|p2b: Rhiannon\n|-heal|p2b: Rhiannon|87\/100\n|\n|upkeep\n|\n|t:|1698945127\n|switch|p2a: Vulcan|Torkoal, M, shiny|100\/100\n|-weather|SunnyDay|[from] ability: Drought|[of] p2a: Vulcan\n|turn|6\n|\n|t:|1698945149\n|-terastallize|p1b: Snorlax|Water\n|move|p2b: Rhiannon|Ally Switch|p2b: Rhiannon\n|swap|p2b: Rhiannon|0|[from] move: Ally Switch\n|move|p2b: Vulcan|Eruption|p1a: Iron Hands|[spread] p1a,p1b\n|-resisted|p1b: Snorlax\n|-damage|p1a: Iron Hands|16\/100\n|-damage|p1b: Snorlax|88\/100\n|move|p1b: Snorlax|Belly Drum|p1b: Snorlax\n|-damage|p1b: Snorlax|38\/100\n|-setboost|p1b: Snorlax|atk|6|[from] move: Belly Drum\n|-enditem|p1b: Snorlax|Sitrus Berry|[eat]\n|-heal|p1b: Snorlax|62\/100|[from] item: Sitrus Berry\n|move|p1a: Iron Hands|Drain Punch|p2a: Rhiannon\n|-resisted|p2a: Rhiannon\n|-damage|p2a: Rhiannon|73\/100\n|-heal|p1a: Iron Hands|23\/100|[from] drain|[of] p2a: Rhiannon\n|\n|-weather|SunnyDay|[upkeep]\n|upkeep\n|turn|7\n|\n|t:|1698945179\n|move|p2b: Vulcan|Eruption|p1a: Iron Hands|[spread] p1a,p1b\n|-resisted|p1b: Snorlax\n|-damage|p1a: Iron Hands|0 fnt\n|-damage|p1b: Snorlax|49\/100\n|faint|p1a: Iron Hands\n|-end|p1a: Iron Hands|Quark Drive|[silent]\n|move|p1b: Snorlax|Facade|p2b: Vulcan\n|-damage|p2b: Vulcan|8\/100\n|move|p2a: Rhiannon|Psychic|p1b: Snorlax\n|-damage|p1b: Snorlax|33\/100\n|\n|-weather|SunnyDay|[upkeep]\n|upkeep\n|\n|t:|1698945191\n|switch|p1a: Cresselia|Cresselia, F|100\/100\n|turn|8\n|\n|t:|1698945199\n|move|p1b: Snorlax|Protect|p1b: Snorlax\n|-singleturn|p1b: Snorlax|Protect\n|move|p2b: Vulcan|Heat Wave|p1a: Cresselia|[spread] p1a\n|-activate|p1b: Snorlax|move: Protect\n|-damage|p1a: Cresselia|66\/100\n|move|p2a: Rhiannon|Lunar Blessing|p2a: Rhiannon|[spread] p2a,p2b\n|-heal|p2a: Rhiannon|98\/100\n|-heal|p2b: Vulcan|33\/100\n|move|p1a: Cresselia|Lunar Blessing|p1a: Cresselia|[spread] p1a,p1b\n|-heal|p1a: Cresselia|91\/100\n|-heal|p1b: Snorlax|57\/100\n|\n|-weather|SunnyDay|[upkeep]\n|-fieldend|move: Trick Room\n|upkeep\n|turn|9\n|\n|t:|1698945224\n|switch|p2b: Bjorn|Ursaluna, M, tera:Ghost|94\/100 brn\n|move|p2a: Rhiannon|Ally Switch|p2a: Rhiannon\n|swap|p2a: Rhiannon|1|[from] move: Ally Switch\n|move|p1a: Cresselia|Lunar Blessing|p1a: Cresselia|[spread] p1a,p1b\n|-heal|p1a: Cresselia|100\/100\n|-heal|p1b: Snorlax|82\/100\n|move|p1b: Snorlax|Facade|p2a: Bjorn\n|-immune|p2a: Bjorn\n|\n|-weather|SunnyDay|[upkeep]\n|-damage|p2a: Bjorn|88\/100 brn|[from] brn\n|upkeep\n|turn|10\n|\n|t:|1698945243\n|switch|p1a: Landorus|Landorus-Therian, M, shiny|72\/100\n|-ability|p1a: Landorus|Intimidate|boost\n|-unboost|p2a: Bjorn|atk|1\n|-unboost|p2b: Rhiannon|atk|1\n|move|p2b: Rhiannon|Ally Switch||[still]\n|-fail|p2b: Rhiannon\n|move|p2a: Bjorn|Facade|p1a: Landorus\n|-damage|p1a: Landorus|0 fnt\n|faint|p1a: Landorus\n|move|p1b: Snorlax|High Horsepower|p2a: Bjorn\n|-damage|p2a: Bjorn|3\/100 brn\n|\n|-weather|none\n|-damage|p2a: Bjorn|0 fnt|[from] brn\n|faint|p2a: Bjorn\n|upkeep\n|\n|t:|1698945265\n|switch|p1a: Cresselia|Cresselia, F|100\/100\n|switch|p2a: Sun Tsu|Oranguru, M|100\/100\n|turn|11\n|-message|Sahira Alhazred forfeited.\n|\n|win|GodsGiftToPokemon\n|raw|GodsGiftToPokemon's rating: 1549 &rarr; <strong>1581<\/strong><br \/>(+32 for winning)\n|raw|Sahira Alhazred's rating: 1787 &rarr; <strong>1755<\/strong><br \/>(-32 for losing)\n|l|\u2606Sahira Alhazred\n","uploadtime":1698945355,"views":27,"p1id":"godsgifttopokemon","p2id":"sahiraalhazred","formatid":"gen9doublesou","rating":1581,"private":0,"password":""}