{"id":"gen9doublesou-1973158700","p1":"Abowlofmagnemites","p2":"Paperize","format":"[Gen 9] Doubles OU","log":"|j|\u2606Abowlofmagnemites\n|j|\u2606Paperize\n|t:|1697934140\n|gametype|doubles\n|player|p1|Abowlofmagnemites|plasmagruntf-gen5bw|1154\n|player|p2|Paperize|169|1072\n|teamsize|p1|6\n|teamsize|p2|6\n|gen|9\n|tier|[Gen 9] Doubles OU\n|rated|\n|rule|Species Clause: Limit one of each Pok\u00e9mon\n|rule|OHKO Clause: OHKO moves are banned\n|rule|Evasion Moves Clause: Evasion moves are banned\n|rule|Gravity Sleep Clause: The combination of sleep-inducing moves with imperfect accuracy and Gravity or Gigantamax Orbeetle are banned\n|rule|Endless Battle Clause: Forcing endless battles is banned\n|rule|HP Percentage Mod: HP is shown in percentages\n|clearpoke\n|poke|p1|Sableye, F|\n|poke|p1|Oranguru, F|\n|poke|p1|Ursaluna, F|\n|poke|p1|Rillaboom, F|\n|poke|p1|Tornadus, M|\n|poke|p1|Manaphy|\n|poke|p2|Kommo-o, F|\n|poke|p2|Ninetales, F|\n|poke|p2|Lilligant, F|\n|poke|p2|Fezandipiti, M|\n|poke|p2|Mandibuzz, F|\n|poke|p2|Cetoddle, F|\n|teampreview\n|\n|t:|1697934149\n|start\n|switch|p1a: Sableye|Sableye, F|100\/100\n|switch|p1b: Oranguru|Oranguru, F|100\/100\n|switch|p2a: Kommo-o|Kommo-o, F|100\/100\n|switch|p2b: Mandibuzz|Mandibuzz, F|100\/100\n|turn|1\n|\n|t:|1697934162\n|-terastallize|p2a: Kommo-o|Steel\n|move|p1a: Sableye|Skill Swap|p1b: Oranguru\n|-activate|p1a: Sableye|move: Skill Swap|||[of] p1b: Oranguru\n|move|p1b: Oranguru|Substitute|p1b: Oranguru\n|-start|p1b: Oranguru|Substitute\n|-damage|p1b: Oranguru|76\/100\n|move|p2a: Kommo-o|Dragon Dance|p2a: Kommo-o\n|-boost|p2a: Kommo-o|atk|1\n|-boost|p2a: Kommo-o|spe|1\n|move|p2b: Mandibuzz|Snarl|p1a: Sableye|[spread] p1a,p1b\n|-supereffective|p1b: Oranguru\n|-damage|p1a: Sableye|87\/100\n|-damage|p1b: Oranguru|66\/100\n|-unboost|p1a: Sableye|spa|1\n|-unboost|p1b: Oranguru|spa|1\n|-enditem|p1a: Sableye|Eject Button\n|\n|t:|1697934177\n|switch|p1a: Ursaluna|Ursaluna, F|100\/100\n|\n|-heal|p1b: Oranguru|72\/100|[from] item: Leftovers\n|-status|p1a: Ursaluna|brn|[from] item: Flame Orb\n|upkeep\n|turn|2\n|\n|t:|1697934194\n|-terastallize|p1a: Ursaluna|Normal\n|move|p1b: Oranguru|After You|p1a: Ursaluna\n|-activate|p1a: Ursaluna|move: After You\n|move|p1a: Ursaluna|Facade|p2a: Kommo-o\n|-resisted|p2a: Kommo-o\n|-damage|p2a: Kommo-o|15\/100\n|move|p2a: Kommo-o|Brick Break|p1a: Ursaluna\n|-supereffective|p1a: Ursaluna\n|-damage|p1a: Ursaluna|0 fnt\n|faint|p1a: Ursaluna\n|move|p2b: Mandibuzz|Foul Play|p1b: Oranguru\n|-supereffective|p1b: Oranguru\n|-end|p1b: Oranguru|Substitute\n|\n|-heal|p1b: Oranguru|78\/100|[from] item: Leftovers\n|upkeep\n|\n|t:|1697934216\n|switch|p1a: Tornadus|Tornadus, M|100\/100\n|turn|3\n|l|\u2606Abowlofmagnemites\n|player|p1|\n|inactive|Battle timer is ON: inactive players will automatically lose when time's up. (requested by Paperize)\n|j|\u2606Abowlofmagnemites\n|inactive|Abowlofmagnemites reconnected and has 150 seconds left.\n|player|p1|Abowlofmagnemites|plasmagruntf-gen5bw\n|\n|t:|1697934272\n|move|p1b: Oranguru|Protect|p1b: Oranguru\n|-singleturn|p1b: Oranguru|Protect\n|move|p1a: Tornadus|Rain Dance|p1a: Tornadus\n|-weather|RainDance\n|move|p2a: Kommo-o|Dragon Claw|p1b: Oranguru\n|-activate|p1b: Oranguru|move: Protect\n|move|p2b: Mandibuzz|Tailwind|p2b: Mandibuzz\n|-sidestart|p2: Paperize|move: Tailwind\n|\n|-weather|RainDance|[upkeep]\n|-heal|p1b: Oranguru|84\/100|[from] item: Leftovers\n|upkeep\n|turn|4\n|inactive|Paperize has 120 seconds left.\n|\n|t:|1697934309\n|move|p1b: Oranguru|After You|p1a: Tornadus\n|-activate|p1a: Tornadus|move: After You\n|move|p1a: Tornadus|Hurricane|p2a: Kommo-o\n|-resisted|p2a: Kommo-o\n|-damage|p2a: Kommo-o|0 fnt\n|faint|p2a: Kommo-o\n|move|p2b: Mandibuzz|Snarl|p1b: Oranguru|[spread] p1a,p1b\n|-supereffective|p1b: Oranguru\n|-damage|p1a: Tornadus|89\/100\n|-damage|p1b: Oranguru|73\/100\n|-unboost|p1a: Tornadus|spa|1\n|-unboost|p1b: Oranguru|spa|1\n|\n|-weather|RainDance|[upkeep]\n|-heal|p1a: Tornadus|95\/100|[from] item: Leftovers\n|-heal|p1b: Oranguru|79\/100|[from] item: Leftovers\n|upkeep\n|\n|t:|1697934322\n|switch|p2a: Ninetales|Ninetales, F|100\/100\n|-weather|SunnyDay|[from] ability: Drought|[of] p2a: Ninetales\n|turn|5\n|\n|t:|1697934335\n|switch|p2b: Lilligant|Lilligant, F|100\/100\n|move|p1b: Oranguru|Protect|p1b: Oranguru\n|-singleturn|p1b: Oranguru|Protect\n|move|p1a: Tornadus|Rain Dance|p1a: Tornadus\n|-weather|RainDance\n|move|p2a: Ninetales|Will-O-Wisp|p1a: Tornadus\n|-status|p1a: Tornadus|brn\n|\n|-weather|RainDance|[upkeep]\n|-heal|p1a: Tornadus|100\/100 brn|[from] item: Leftovers\n|-heal|p1b: Oranguru|85\/100|[from] item: Leftovers\n|-damage|p1a: Tornadus|94\/100 brn|[from] brn\n|upkeep\n|turn|6\n|\n|t:|1697934355\n|move|p1b: Oranguru|Substitute|p1b: Oranguru\n|-start|p1b: Oranguru|Substitute\n|-damage|p1b: Oranguru|60\/100\n|move|p2a: Ninetales|Hex|p1a: Tornadus\n|-damage|p1a: Tornadus|51\/100 brn\n|move|p2b: Lilligant|Sleep Powder||[still]\n|-fail|p2b: Lilligant\n|move|p1a: Tornadus|Hurricane|p2b: Lilligant\n|-supereffective|p2b: Lilligant\n|-damage|p2b: Lilligant|0 fnt\n|faint|p2b: Lilligant\n|\n|-weather|RainDance|[upkeep]\n|-heal|p1a: Tornadus|57\/100 brn|[from] item: Leftovers\n|-heal|p1b: Oranguru|66\/100|[from] item: Leftovers\n|-damage|p1a: Tornadus|51\/100 brn|[from] brn\n|-sideend|p2: Paperize|move: Tailwind\n|upkeep\n|\n|t:|1697934363\n|switch|p2b: Cetoddle|Cetoddle, F|100\/100\n|turn|7\n|\n|t:|1697934375\n|move|p1b: Oranguru|Instruct|p1a: Tornadus\n|-singleturn|p1a: Tornadus|move: Instruct|[of] p1b: Oranguru\n|move|p1a: Tornadus|Hurricane|p2b: Cetoddle\n|-damage|p2b: Cetoddle|43\/100\n|-start|p2b: Cetoddle|confusion\n|move|p1a: Tornadus|Hurricane|p2b: Cetoddle\n|-crit|p2b: Cetoddle\n|-damage|p2b: Cetoddle|0 fnt\n|faint|p2b: Cetoddle\n|move|p2a: Ninetales|Disable|p1a: Tornadus\n|-start|p1a: Tornadus|Disable|Hurricane\n|\n|-weather|RainDance|[upkeep]\n|-heal|p1a: Tornadus|57\/100 brn|[from] item: Leftovers\n|-heal|p1b: Oranguru|72\/100|[from] item: Leftovers\n|-damage|p1a: Tornadus|51\/100 brn|[from] brn\n|upkeep\n|\n|t:|1697934385\n|switch|p2b: Fezandipiti|Fezandipiti, M|100\/100\n|turn|8\n|\n|t:|1697934410\n|move|p1b: Oranguru|Protect|p1b: Oranguru\n|-singleturn|p1b: Oranguru|Protect\n|move|p1a: Tornadus|Psychic|p2b: Fezandipiti\n|-supereffective|p2b: Fezandipiti\n|-damage|p2b: Fezandipiti|63\/100\n|move|p2a: Ninetales|Disable|p1b: Oranguru\n|-activate|p1b: Oranguru|move: Protect\n|move|p2b: Fezandipiti|Icy Wind|p1a: Tornadus|[spread] p1a\n|-activate|p1b: Oranguru|move: Protect\n|-supereffective|p1a: Tornadus\n|-crit|p1a: Tornadus\n|-damage|p1a: Tornadus|21\/100 brn\n|-unboost|p1a: Tornadus|spe|1\n|\n|-weather|RainDance|[upkeep]\n|-heal|p1a: Tornadus|27\/100 brn|[from] item: Leftovers\n|-heal|p1b: Oranguru|78\/100|[from] item: Leftovers\n|-damage|p1a: Tornadus|21\/100 brn|[from] brn\n|upkeep\n|turn|9\n|\n|t:|1697934431\n|move|p1b: Oranguru|After You|p1a: Tornadus\n|-activate|p1a: Tornadus|move: After You\n|move|p1a: Tornadus|Psychic|p2b: Fezandipiti\n|-supereffective|p2b: Fezandipiti\n|-damage|p2b: Fezandipiti|27\/100\n|move|p2a: Ninetales|Will-O-Wisp||[still]\n|-fail|p2a: Ninetales\n|move|p2b: Fezandipiti|Icy Wind|p1a: Tornadus|[spread] p1a,p1b\n|-activate|p1b: Oranguru|move: Substitute|[damage]\n|-supereffective|p1a: Tornadus\n|-damage|p1a: Tornadus|0 fnt\n|faint|p1a: Tornadus\n|\n|-weather|none\n|-heal|p1b: Oranguru|84\/100|[from] item: Leftovers\n|upkeep\n|\n|t:|1697934444\n|switch|p1a: Rillaboom|Rillaboom, F|100\/100\n|-fieldstart|move: Grassy Terrain|[from] ability: Grassy Surge|[of] p1a: Rillaboom\n|turn|10\n|\n|t:|1697934457\n|move|p1b: Oranguru|Protect|p1b: Oranguru\n|-singleturn|p1b: Oranguru|Protect\n|move|p2a: Ninetales|Flamethrower|p1a: Rillaboom\n|-supereffective|p1a: Rillaboom\n|-damage|p1a: Rillaboom|13\/100\n|move|p2b: Fezandipiti|Roost|p2b: Fezandipiti\n|-heal|p2b: Fezandipiti|77\/100\n|-singleturn|p2b: Fezandipiti|move: Roost\n|move|p1a: Rillaboom|Earthquake|p2a: Ninetales|[spread] p2a,p2b\n|-activate|p1b: Oranguru|move: Protect\n|-supereffective|p2a: Ninetales\n|-supereffective|p2b: Fezandipiti\n|-damage|p2a: Ninetales|65\/100\n|-damage|p2b: Fezandipiti|41\/100\n|\n|-heal|p2a: Ninetales|71\/100|[from] Grassy Terrain\n|-heal|p2b: Fezandipiti|47\/100|[from] Grassy Terrain\n|-heal|p1a: Rillaboom|19\/100|[from] Grassy Terrain\n|-heal|p1b: Oranguru|90\/100|[from] Grassy Terrain\n|-heal|p1b: Oranguru|96\/100|[from] item: Leftovers\n|upkeep\n|turn|11\n|\n|t:|1697934473\n|move|p1a: Rillaboom|Grassy Glide|p2a: Ninetales\n|-resisted|p2a: Ninetales\n|-damage|p2a: Ninetales|44\/100\n|move|p1b: Oranguru|Instruct|p1a: Rillaboom\n|-singleturn|p1a: Rillaboom|move: Instruct|[of] p1b: Oranguru\n|move|p1a: Rillaboom|Grassy Glide|p2a: Ninetales\n|-resisted|p2a: Ninetales\n|-damage|p2a: Ninetales|16\/100\n|move|p2a: Ninetales|Flamethrower|p1a: Rillaboom\n|-supereffective|p1a: Rillaboom\n|-damage|p1a: Rillaboom|0 fnt\n|faint|p1a: Rillaboom\n|move|p2b: Fezandipiti|Roost|p2b: Fezandipiti\n|-heal|p2b: Fezandipiti|97\/100\n|-singleturn|p2b: Fezandipiti|move: Roost\n|\n|-heal|p2a: Ninetales|22\/100|[from] Grassy Terrain\n|-heal|p2b: Fezandipiti|100\/100|[from] Grassy Terrain\n|-heal|p1b: Oranguru|100\/100|[from] Grassy Terrain\n|upkeep\n|\n|t:|1697934484\n|switch|p1a: Manaphy|Manaphy|100\/100\n|turn|12\n|\n|t:|1697934495\n|move|p1b: Oranguru|Protect|p1b: Oranguru\n|-singleturn|p1b: Oranguru|Protect\n|move|p1a: Manaphy|Tail Glow|p1a: Manaphy\n|-boost|p1a: Manaphy|spa|3\n|move|p2a: Ninetales|Will-O-Wisp|p1a: Manaphy|[miss]\n|-miss|p2a: Ninetales|p1a: Manaphy\n|move|p2b: Fezandipiti|Icy Wind|p1a: Manaphy|[spread] p1a\n|-activate|p1b: Oranguru|move: Protect\n|-resisted|p1a: Manaphy\n|-damage|p1a: Manaphy|97\/100\n|-unboost|p1a: Manaphy|spe|1\n|\n|-heal|p2a: Ninetales|28\/100|[from] Grassy Terrain\n|-heal|p1a: Manaphy|100\/100|[from] Grassy Terrain\n|upkeep\n|turn|13\n|inactive|Paperize has 120 seconds left.\n|\n|t:|1697934530\n|move|p1b: Oranguru|Instruct|p1a: Manaphy\n|-singleturn|p1a: Manaphy|move: Instruct|[of] p1b: Oranguru\n|move|p1a: Manaphy|Tail Glow|p1a: Manaphy\n|-boost|p1a: Manaphy|spa|3\n|move|p2a: Ninetales|Disable|p1a: Manaphy\n|-start|p1a: Manaphy|Disable|Tail Glow\n|move|p2b: Fezandipiti|Play Rough|p1a: Manaphy\n|-damage|p1a: Manaphy|61\/100\n|cant|p1a: Manaphy|Disable|Tail Glow\n|\n|-heal|p2a: Ninetales|34\/100|[from] Grassy Terrain\n|-heal|p1a: Manaphy|67\/100|[from] Grassy Terrain\n|upkeep\n|turn|14\n|\n|t:|1697934545\n|move|p1b: Oranguru|After You|p1a: Manaphy\n|-activate|p1a: Manaphy|move: After You\n|move|p1a: Manaphy|Hydro Pump|p2b: Fezandipiti\n|-damage|p2b: Fezandipiti|0 fnt\n|faint|p2b: Fezandipiti\n|-damage|p1a: Manaphy|57\/100|[from] item: Life Orb\n|move|p2a: Ninetales|Will-O-Wisp||[still]\n|-fail|p2a: Ninetales\n|\n|-heal|p2a: Ninetales|40\/100|[from] Grassy Terrain\n|-heal|p1a: Manaphy|63\/100|[from] Grassy Terrain\n|-fieldend|move: Grassy Terrain\n|upkeep\n|\n|t:|1697934551\n|switch|p2b: Mandibuzz|Mandibuzz, F|100\/100\n|turn|15\n|\n|t:|1697934563\n|move|p1b: Oranguru|After You|p1a: Manaphy\n|-activate|p1a: Manaphy|move: After You\n|move|p1a: Manaphy|Ice Beam|p2b: Mandibuzz\n|-supereffective|p2b: Mandibuzz\n|-damage|p2b: Mandibuzz|0 fnt\n|faint|p2b: Mandibuzz\n|-damage|p1a: Manaphy|53\/100|[from] item: Life Orb\n|move|p2a: Ninetales|Will-O-Wisp|p1a: Manaphy|[miss]\n|-miss|p2a: Ninetales|p1a: Manaphy\n|\n|upkeep\n|turn|16\n|\n|t:|1697934574\n|move|p1b: Oranguru|After You|p1a: Manaphy\n|-activate|p1a: Manaphy|move: After You\n|move|p1a: Manaphy|Hydro Pump|p2a: Ninetales\n|-supereffective|p2a: Ninetales\n|-damage|p2a: Ninetales|0 fnt\n|faint|p2a: Ninetales\n|-damage|p1a: Manaphy|43\/100|[from] item: Life Orb\n|\n|win|Abowlofmagnemites\n|raw|Abowlofmagnemites's rating: 1154 &rarr; <strong>1173<\/strong><br \/>(+19 for winning)\n|raw|Paperize's rating: 1072 &rarr; <strong>1056<\/strong><br \/>(-16 for losing)\n|l|\u2606Paperize\n","uploadtime":1697934586,"views":10,"p1id":"abowlofmagnemites","p2id":"paperize","formatid":"gen9doublesou","rating":1056,"private":0,"password":""}