{"id":"gen9doublesou-1988346273","p1":"Aquaknight22","p2":"GabyP2010","format":"[Gen 9] Doubles OU","log":"|j|\u2606Aquaknight22\n|j|\u2606GabyP2010\n|t:|1699711873\n|gametype|doubles\n|player|p1|Aquaknight22|janine|1037\n|player|p2|GabyP2010|cynthia|1172\n|teamsize|p1|6\n|teamsize|p2|6\n|gen|9\n|tier|[Gen 9] Doubles OU\n|rated|\n|rule|Species Clause: Limit one of each Pok\u00e9mon\n|rule|OHKO Clause: OHKO moves are banned\n|rule|Evasion Moves Clause: Evasion moves are banned\n|rule|Gravity Sleep Clause: The combination of sleep-inducing moves with imperfect accuracy and Gravity or Gigantamax Orbeetle are banned\n|rule|Endless Battle Clause: Forcing endless battles is banned\n|rule|HP Percentage Mod: HP is shown in percentages\n|clearpoke\n|poke|p1|Lurantis, F|\n|poke|p1|Slowking-Galar, M|\n|poke|p1|Diancie|\n|poke|p1|Ursaluna, M|\n|poke|p1|Chandelure, F|\n|poke|p1|Indeedee-F, F|\n|poke|p2|Torkoal, F|\n|poke|p2|Hatterene, F|\n|poke|p2|Hariyama, F|\n|poke|p2|Indeedee-F, F|\n|poke|p2|Iron Bundle|\n|poke|p2|Gyarados, F|\n|teampreview\n|\n|t:|1699711882\n|start\n|switch|p1a: Diancie|Diancie|100\/100\n|switch|p1b: Indeedee|Indeedee-F, F, shiny|100\/100\n|switch|p2a: Hariyama|Hariyama, F|100\/100\n|switch|p2b: Hatterene|Hatterene, F|100\/100\n|-fieldstart|move: Psychic Terrain|[from] ability: Psychic Surge|[of] p1b: Indeedee\n|turn|1\n|\n|t:|1699711894\n|move|p2a: Hariyama|Fake Out|p1b: Indeedee\n|-activate|p1b: Indeedee|move: Psychic Terrain\n|move|p1b: Indeedee|Follow Me|p1b: Indeedee\n|-singleturn|p1b: Indeedee|move: Follow Me\n|move|p2b: Hatterene|Trick Room|p2b: Hatterene\n|-fieldstart|move: Trick Room|[of] p2b: Hatterene\n|move|p1a: Diancie|Trick Room|p1a: Diancie\n|-fieldend|move: Trick Room\n|\n|-status|p2a: Hariyama|brn|[from] item: Flame Orb\n|upkeep\n|turn|2\n|\n|t:|1699711934\n|switch|p1a: Chandelure|Chandelure, F|100\/100\n|switch|p2a: Gyarados|Gyarados, F|100\/100\n|move|p1b: Indeedee|Follow Me|p1b: Indeedee\n|-singleturn|p1b: Indeedee|move: Follow Me\n|move|p2b: Hatterene|Trick Room|p2b: Hatterene\n|-fieldstart|move: Trick Room|[of] p2b: Hatterene\n|\n|upkeep\n|turn|3\n|\n|t:|1699711949\n|move|p2b: Hatterene|Dazzling Gleam|p1b: Indeedee|[spread] p1a,p1b\n|-resisted|p1a: Chandelure\n|-damage|p1a: Chandelure|77\/100\n|-damage|p1b: Indeedee|67\/100\n|-damage|p2b: Hatterene|91\/100|[from] item: Life Orb\n|move|p1a: Chandelure|Shadow Ball|p2b: Hatterene\n|-supereffective|p2b: Hatterene\n|-damage|p2b: Hatterene|0 fnt\n|faint|p2b: Hatterene\n|move|p1b: Indeedee|Dazzling Gleam|p2a: Gyarados\n|-damage|p2a: Gyarados|81\/100\n|move|p2a: Gyarados|Waterfall|p1a: Chandelure\n|-supereffective|p1a: Chandelure\n|-damage|p1a: Chandelure|0 fnt\n|faint|p1a: Chandelure\n|-ability|p2a: Gyarados|Moxie|boost\n|-boost|p2a: Gyarados|atk|1\n|\n|upkeep\n|\n|t:|1699711981\n|switch|p2b: Torkoal|Torkoal, F|100\/100\n|switch|p1a: Slowking|Slowking-Galar, M|100\/100\n|-weather|SunnyDay|[from] ability: Drought|[of] p2b: Torkoal\n|turn|4\n|\n|t:|1699712014\n|switch|p2a: Indeedee|Indeedee-F, F|100\/100\n|move|p1b: Indeedee|Follow Me|p1b: Indeedee\n|-singleturn|p1b: Indeedee|move: Follow Me\n|move|p2b: Torkoal|Eruption|p1b: Indeedee|[spread] p1a,p1b\n|-damage|p1a: Slowking|34\/100\n|-damage|p1b: Indeedee|0 fnt\n|faint|p1b: Indeedee\n|move|p1a: Slowking|Sludge Bomb|p2b: Torkoal\n|-damage|p2b: Torkoal|58\/100\n|-status|p2b: Torkoal|psn\n|\n|-weather|SunnyDay|[upkeep]\n|-heal|p1a: Slowking|40\/100|[from] item: Black Sludge\n|-damage|p2b: Torkoal|45\/100 psn|[from] psn\n|upkeep\n|\n|t:|1699712029\n|switch|p1b: Ursaluna|Ursaluna, M, shiny|100\/100\n|turn|5\n|\n|t:|1699712050\n|move|p2b: Torkoal|Eruption|p1b: Ursaluna|[spread] p1a,p1b\n|-damage|p1a: Slowking|12\/100\n|-damage|p1b: Ursaluna|65\/100\n|move|p1a: Slowking|Sludge Bomb|p2b: Torkoal\n|-damage|p2b: Torkoal|0 fnt\n|faint|p2b: Torkoal\n|move|p1b: Ursaluna|Headlong Rush|p2a: Indeedee\n|-damage|p2a: Indeedee|31\/100\n|-unboost|p1b: Ursaluna|def|1\n|-unboost|p1b: Ursaluna|spd|1\n|-damage|p1b: Ursaluna|48\/100|[from] item: Rocky Helmet|[of] p2a: Indeedee\n|move|p2a: Indeedee|Dazzling Gleam|p1a: Slowking|[spread] p1a,p1b\n|-resisted|p1a: Slowking\n|-damage|p1a: Slowking|8\/100\n|-damage|p1b: Ursaluna|32\/100\n|\n|-weather|SunnyDay|[upkeep]\n|-heal|p1a: Slowking|14\/100|[from] item: Black Sludge\n|-fieldend|move: Psychic Terrain\n|-status|p1b: Ursaluna|brn|[from] item: Flame Orb\n|upkeep\n|\n|t:|1699712054\n|switch|p2b: Hariyama|Hariyama, F|100\/100 brn\n|turn|6\n|\n|t:|1699712085\n|move|p2b: Hariyama|Fake Out|p1b: Ursaluna\n|-damage|p1b: Ursaluna|8\/100 brn\n|move|p1a: Slowking|Psychic|p2b: Hariyama\n|-supereffective|p2b: Hariyama\n|-damage|p2b: Hariyama|43\/100 brn\n|-unboost|p2b: Hariyama|spd|1\n|cant|p1b: Ursaluna|flinch\n|move|p2a: Indeedee|Dazzling Gleam|p1b: Ursaluna|[spread] p1a,p1b\n|-resisted|p1a: Slowking\n|-damage|p1a: Slowking|9\/100\n|-damage|p1b: Ursaluna|0 fnt\n|faint|p1b: Ursaluna\n|\n|-weather|SunnyDay|[upkeep]\n|-heal|p1a: Slowking|15\/100|[from] item: Black Sludge\n|-damage|p2b: Hariyama|37\/100 brn|[from] brn\n|-fieldend|move: Trick Room\n|upkeep\n|\n|t:|1699712101\n|switch|p1b: Diancie|Diancie|100\/100\n|turn|7\n|\n|t:|1699712124\n|move|p2a: Indeedee|Follow Me|p2a: Indeedee\n|-singleturn|p2a: Indeedee|move: Follow Me\n|move|p2b: Hariyama|Knock Off|p1a: Slowking\n|-supereffective|p1a: Slowking\n|-damage|p1a: Slowking|0 fnt\n|-enditem|p1a: Slowking|Black Sludge|[from] move: Knock Off|[of] p2b: Hariyama\n|faint|p1a: Slowking\n|move|p1b: Diancie|Trick Room|p1b: Diancie\n|-fieldstart|move: Trick Room|[of] p1b: Diancie\n|\n|-weather|SunnyDay|[upkeep]\n|-damage|p2b: Hariyama|30\/100 brn|[from] brn\n|upkeep\n|\n|t:|1699712134\n|switch|p1a: Lurantis|Lurantis, F, shiny|100\/100\n|turn|8\n|\n|t:|1699712154\n|move|p1b: Diancie|Diamond Storm|p2a: Indeedee|[spread] p2b\n|-miss|p1b: Diancie|p2a: Indeedee\n|-resisted|p2b: Hariyama\n|-damage|p2b: Hariyama|14\/100 brn\n|move|p2b: Hariyama|Drain Punch|p1a: Lurantis\n|-damage|p1a: Lurantis|36\/100\n|-heal|p2b: Hariyama|40\/100 brn|[from] drain|[of] p1a: Lurantis\n|move|p1a: Lurantis|Leaf Storm|p2b: Hariyama\n|-damage|p2b: Hariyama|0 fnt\n|-boost|p1a: Lurantis|spa|2\n|faint|p2b: Hariyama\n|-damage|p1a: Lurantis|26\/100|[from] item: Life Orb\n|move|p2a: Indeedee|Dazzling Gleam|p1b: Diancie|[spread] p1a,p1b\n|-damage|p1a: Lurantis|13\/100\n|-damage|p1b: Diancie|89\/100\n|\n|-weather|none\n|-heal|p1b: Diancie|95\/100|[from] item: Leftovers\n|upkeep\n|\n|t:|1699712160\n|switch|p2b: Gyarados|Gyarados, F|81\/100\n|turn|9\n|\n|t:|1699712200\n|move|p2a: Indeedee|Follow Me|p2a: Indeedee\n|-singleturn|p2a: Indeedee|move: Follow Me\n|move|p1b: Diancie|Diamond Storm|p2b: Gyarados|[spread] p2a,p2b\n|-supereffective|p2b: Gyarados\n|-crit|p2b: Gyarados\n|-damage|p2a: Indeedee|2\/100\n|-damage|p2b: Gyarados|0 fnt\n|-boost|p1b: Diancie|def|2\n|faint|p2b: Gyarados\n|move|p1a: Lurantis|Leaf Storm|p2a: Indeedee\n|-damage|p2a: Indeedee|0 fnt\n|-boost|p1a: Lurantis|spa|2\n|faint|p2a: Indeedee\n|-damage|p1a: Lurantis|3\/100|[from] item: Life Orb\n|\n|-heal|p1b: Diancie|100\/100|[from] item: Leftovers\n|upkeep\n|\n|t:|1699712228\n|switch|p2a: Iron Bundle|Iron Bundle|100\/100\n|-enditem|p2a: Iron Bundle|Booster Energy\n|-activate|p2a: Iron Bundle|ability: Quark Drive|[fromitem]\n|-start|p2a: Iron Bundle|quarkdrivespe\n|turn|10\n|\n|t:|1699712252\n|move|p1b: Diancie|Body Press|p2a: Iron Bundle\n|-supereffective|p2a: Iron Bundle\n|-damage|p2a: Iron Bundle|0 fnt\n|faint|p2a: Iron Bundle\n|-end|p2a: Iron Bundle|Quark Drive|[silent]\n|\n|win|Aquaknight22\n|raw|Aquaknight22's rating: 1037 &rarr; <strong>1084<\/strong><br \/>(+47 for winning)\n|raw|GabyP2010's rating: 1172 &rarr; <strong>1138<\/strong><br \/>(-34 for losing)\n|c|\u2606Aquaknight22|ggwp\n|l|\u2606GabyP2010\n","uploadtime":1699712263,"views":15,"p1id":"aquaknight22","p2id":"gabyp2010","formatid":"gen9doublesou","rating":1084,"private":0,"password":""}