{"id":"gen9doublesou-1992672309","p1":"SD8008","p2":"outlanderss","format":"[Gen 9] Doubles OU","log":"|j|\u2606SD8008\n|j|\u2606outlanderss\n|t:|1700223431\n|gametype|doubles\n|player|p1|SD8008|acetrainerf|\n|player|p2|outlanderss|169|\n|teamsize|p1|6\n|teamsize|p2|6\n|gen|9\n|tier|[Gen 9] Doubles OU\n|rule|Species Clause: Limit one of each Pok\u00e9mon\n|rule|OHKO Clause: OHKO moves are banned\n|rule|Evasion Moves Clause: Evasion moves are banned\n|rule|Gravity Sleep Clause: The combination of sleep-inducing moves with imperfect accuracy and Gravity or Gigantamax Orbeetle are banned\n|rule|Endless Battle Clause: Forcing endless battles is banned\n|rule|HP Percentage Mod: HP is shown in percentages\n|clearpoke\n|poke|p1|Iron Moth|\n|poke|p1|Amoonguss, M|\n|poke|p1|Salazzle, F|\n|poke|p1|Sneasler, M|\n|poke|p1|Weezing, M|\n|poke|p1|Qwilfish-Hisui, F|\n|poke|p2|Gholdengo|\n|poke|p2|Klefki, F|\n|poke|p2|Corviknight, F|\n|poke|p2|Tinkaton, F|\n|poke|p2|Iron Treads|\n|poke|p2|Kingambit, M|\n|teampreview\n|inactive|Battle timer is ON: inactive players will automatically lose when time's up. (requested by SD8008)\n|\n|t:|1700223459\n|start\n|switch|p1a: Amoonguss|Amoonguss, M|100\/100\n|switch|p1b: Qwilfish|Qwilfish-Hisui, F|100\/100\n|switch|p2a: Klefki|Klefki, F|100\/100\n|switch|p2b: Gholdengo|Gholdengo|100\/100\n|-ability|p1b: Qwilfish|Intimidate|boost\n|-unboost|p2a: Klefki|atk|1\n|-unboost|p2b: Gholdengo|atk|1\n|turn|1\n|inactive|outlanderss has 270 seconds left.\n|\n|t:|1700223508\n|move|p2a: Klefki|Light Screen|p2a: Klefki\n|-sidestart|p2: outlanderss|move: Light Screen\n|move|p2b: Gholdengo|Make It Rain|p1b: Qwilfish|[spread] p1a,p1b\n|-damage|p1a: Amoonguss|57\/100\n|-damage|p1b: Qwilfish|60\/100\n|-unboost|p2b: Gholdengo|spa|1\n|-damage|p2b: Gholdengo|91\/100|[from] item: Life Orb\n|move|p1b: Qwilfish|Spikes|p2a: Klefki\n|-sidestart|p2: outlanderss|Spikes\n|move|p1a: Amoonguss|Spore|p2b: Gholdengo\n|-immune|p2b: Gholdengo|[from] ability: Good as Gold\n|\n|upkeep\n|turn|2\n|inactive|outlanderss has 270 seconds left.\n|\n|t:|1700223536\n|move|p2a: Klefki|Reflect|p2a: Klefki\n|-sidestart|p2: outlanderss|Reflect\n|move|p2b: Gholdengo|Trick|p1a: Amoonguss\n|-activate|p2b: Gholdengo|move: Trick|[of] p1a: Amoonguss\n|-item|p1a: Amoonguss|Life Orb|[from] move: Trick\n|-item|p2b: Gholdengo|Sitrus Berry|[from] move: Trick\n|move|p1b: Qwilfish|Spikes|p2b: Gholdengo\n|-sidestart|p2: outlanderss|Spikes\n|move|p1a: Amoonguss|Foul Play|p2b: Gholdengo\n|-supereffective|p2b: Gholdengo\n|-damage|p2b: Gholdengo|64\/100\n|-damage|p1a: Amoonguss|47\/100|[from] item: Life Orb\n|\n|upkeep\n|turn|3\n|inactive|outlanderss has 270 seconds left.\n|inactive|SD8008 has 270 seconds left.\n|\n|t:|1700223583\n|move|p2a: Klefki|Thunder Wave|p1b: Qwilfish\n|-hint|Since gen 7, Dark is immune to Prankster moves.\n|-immune|p1b: Qwilfish\n|move|p2b: Gholdengo|Focus Blast|p1b: Qwilfish\n|-damage|p1b: Qwilfish|43\/100\n|move|p1b: Qwilfish|Crunch|p2b: Gholdengo\n|-supereffective|p2b: Gholdengo\n|-damage|p2b: Gholdengo|21\/100\n|-enditem|p2b: Gholdengo|Sitrus Berry|[eat]\n|-heal|p2b: Gholdengo|46\/100|[from] item: Sitrus Berry\n|move|p1a: Amoonguss|Foul Play|p2b: Gholdengo\n|-supereffective|p2b: Gholdengo\n|-damage|p2b: Gholdengo|23\/100\n|-damage|p1a: Amoonguss|37\/100|[from] item: Life Orb\n|\n|upkeep\n|turn|4\n|inactive|outlanderss has 270 seconds left.\n|inactive|SD8008 has 270 seconds left.\n|\n|t:|1700223615\n|move|p2b: Gholdengo|Make It Rain|p1a: Amoonguss|[spread] p1a,p1b\n|-damage|p1a: Amoonguss|17\/100\n|-damage|p1b: Qwilfish|22\/100\n|-unboost|p2b: Gholdengo|spa|1\n|move|p1b: Qwilfish|Taunt|p2a: Klefki\n|-start|p2a: Klefki|move: Taunt\n|move|p2a: Klefki|Foul Play|p1a: Amoonguss\n|-damage|p1a: Amoonguss|5\/100\n|move|p1a: Amoonguss|Pollen Puff|p1b: Qwilfish\n|-heal|p1b: Qwilfish|72\/100\n|-damage|p1a: Amoonguss|0 fnt|[from] item: Life Orb\n|faint|p1a: Amoonguss\n|\n|upkeep\n|inactive|SD8008 has 270 seconds left.\n|\n|t:|1700223640\n|switch|p1a: Sneasler|Sneasler, M|100\/100\n|-item|p1a: Sneasler|Air Balloon\n|turn|5\n|inactive|SD8008 has 270 seconds left.\n|inactive|outlanderss has 270 seconds left.\n|\n|t:|1700223673\n|move|p1a: Sneasler|Swords Dance|p1a: Sneasler\n|-boost|p1a: Sneasler|atk|2\n|move|p2b: Gholdengo|Focus Blast|p1a: Sneasler\n|-resisted|p1a: Sneasler\n|-damage|p1a: Sneasler|88\/100\n|-unboost|p1a: Sneasler|spd|1\n|-enditem|p1a: Sneasler|Air Balloon\n|move|p1b: Qwilfish|Crunch|p2b: Gholdengo\n|-supereffective|p2b: Gholdengo\n|-damage|p2b: Gholdengo|0 fnt\n|faint|p2b: Gholdengo\n|move|p2a: Klefki|Foul Play|p1a: Sneasler\n|-resisted|p1a: Sneasler\n|-crit|p1a: Sneasler\n|-damage|p1a: Sneasler|0 fnt\n|faint|p1a: Sneasler\n|\n|upkeep\n|inactive|outlanderss has 270 seconds left.\n|inactive|SD8008 has 270 seconds left.\n|\n|t:|1700223701\n|switch|p1a: Iron Moth|Iron Moth|100\/100\n|switch|p2b: Corviknight|Corviknight, F|100\/100\n|-ability|p2b: Corviknight|Pressure\n|-enditem|p1a: Iron Moth|Booster Energy\n|-activate|p1a: Iron Moth|ability: Quark Drive|[fromitem]\n|-start|p1a: Iron Moth|quarkdrivespe\n|turn|6\n|inactive|outlanderss has 270 seconds left.\n|\n|t:|1700223725\n|switch|p1b: Salazzle|Salazzle, F|100\/100\n|switch|p2a: Tinkaton|Tinkaton, F|100\/100\n|-damage|p2a: Tinkaton|84\/100|[from] Spikes\n|-ability|p2a: Tinkaton|Mold Breaker\n|move|p2b: Corviknight|Protect|p2b: Corviknight\n|-singleturn|p2b: Corviknight|Protect\n|move|p1a: Iron Moth|Fiery Dance|p2b: Corviknight\n|-activate|p2b: Corviknight|move: Protect\n|\n|-heal|p2a: Tinkaton|90\/100|[from] item: Leftovers\n|upkeep\n|turn|7\n|inactive|outlanderss has 270 seconds left.\n|inactive|SD8008 has 270 seconds left.\n|inactive|outlanderss has 240 seconds left.\n|\n|t:|1700223788\n|-terastallize|p2b: Corviknight|Ground\n|move|p1a: Iron Moth|Fiery Dance|p2a: Tinkaton\n|-supereffective|p2a: Tinkaton\n|-damage|p2a: Tinkaton|40\/100\n|-boost|p1a: Iron Moth|spa|1\n|move|p1b: Salazzle|Fire Blast|p2b: Corviknight|[miss]\n|-miss|p1b: Salazzle|p2b: Corviknight\n|move|p2b: Corviknight|Bulk Up|p2b: Corviknight\n|-boost|p2b: Corviknight|atk|1\n|-boost|p2b: Corviknight|def|1\n|move|p2a: Tinkaton|Thunder Wave|p1b: Salazzle\n|-status|p1b: Salazzle|par\n|\n|-heal|p2a: Tinkaton|46\/100|[from] item: Leftovers\n|upkeep\n|turn|8\n|\n|t:|1700223811\n|move|p2a: Tinkaton|Helping Hand|p2b: Corviknight\n|-singleturn|p2b: Corviknight|Helping Hand|[of] p2a: Tinkaton\n|move|p1a: Iron Moth|Energy Ball|p2b: Corviknight\n|-supereffective|p2b: Corviknight\n|-damage|p2b: Corviknight|27\/100\n|move|p2b: Corviknight|Brave Bird|p1b: Salazzle\n|-enditem|p1b: Salazzle|Focus Sash\n|-damage|p1b: Salazzle|1\/100 par\n|-damage|p2b: Corviknight|0 fnt|[from] Recoil\n|faint|p2b: Corviknight\n|move|p1b: Salazzle|Flamethrower|p2a: Tinkaton\n|-supereffective|p2a: Tinkaton\n|-damage|p2a: Tinkaton|0 fnt\n|faint|p2a: Tinkaton\n|\n|-sideend|p2: outlanderss|move: Light Screen\n|upkeep\n|inactive|outlanderss has 240 seconds left.\n|\n|t:|1700223838\n|switch|p2b: Iron Treads|Iron Treads|100\/100\n|switch|p2a: Klefki|Klefki, F|100\/100\n|-damage|p2b: Iron Treads|84\/100|[from] Spikes\n|-damage|p2a: Klefki|84\/100|[from] Spikes\n|turn|9\n|inactive|outlanderss has 240 seconds left.\n|\n|t:|1700223863\n|switch|p1b: Weezing|Weezing, M|100\/100\n|-ability|p1b: Weezing|Neutralizing Gas\n|move|p1a: Iron Moth|Fiery Dance|p2a: Klefki\n|-supereffective|p2a: Klefki\n|-damage|p2a: Klefki|0 fnt\n|faint|p2a: Klefki\n|move|p2b: Iron Treads|Earthquake|p1b: Weezing|[spread] p1a,p1b\n|-supereffective|p1a: Iron Moth\n|-supereffective|p1b: Weezing\n|-damage|p1a: Iron Moth|0 fnt\n|-damage|p1b: Weezing|44\/100\n|faint|p1a: Iron Moth\n|-end|p1a: Iron Moth|Quark Drive|[silent]\n|\n|-heal|p1b: Weezing|50\/100|[from] item: Black Sludge\n|-sideend|p2: outlanderss|Reflect\n|upkeep\n|\n|t:|1700223875\n|switch|p1a: Qwilfish|Qwilfish-Hisui, F|72\/100\n|switch|p2a: Kingambit|Kingambit, M|100\/100\n|-damage|p2a: Kingambit|84\/100|[from] Spikes\n|turn|10\n|inactive|SD8008 has 270 seconds left.\n|inactive|outlanderss has 240 seconds left.\n|\n|t:|1700223917\n|move|p2b: Iron Treads|Earthquake|p1a: Qwilfish|[spread] p2a,p1a,p1b\n|-supereffective|p2a: Kingambit\n|-supereffective|p1a: Qwilfish\n|-supereffective|p1b: Weezing\n|-damage|p2a: Kingambit|22\/100\n|-damage|p1a: Qwilfish|18\/100\n|-damage|p1b: Weezing|0 fnt\n|faint|p1b: Weezing\n|-end|p1b: Weezing|ability: Neutralizing Gas\n|-ability|p1a: Qwilfish|Intimidate|boost\n|-unboost|p2a: Kingambit|atk|1\n|-unboost|p2b: Iron Treads|atk|1\n|-activate|p2a: Kingambit|ability: Supreme Overlord\n|-start|p2a: Kingambit|fallen4|[silent]\n|move|p1a: Qwilfish|Crunch|p2b: Iron Treads\n|-damage|p2b: Iron Treads|65\/100\n|move|p2a: Kingambit|Kowtow Cleave|p1a: Qwilfish\n|-resisted|p1a: Qwilfish\n|-damage|p1a: Qwilfish|0 fnt\n|faint|p1a: Qwilfish\n|\n|upkeep\n|\n|t:|1700223924\n|switch|p1b: Salazzle|Salazzle, F|1\/100 par\n|turn|11\n|\n|t:|1700223938\n|-terastallize|p1b: Salazzle|Fire\n|move|p2a: Kingambit|Sucker Punch|p1b: Salazzle\n|-damage|p1b: Salazzle|0 fnt\n|faint|p1b: Salazzle\n|\n|win|outlanderss\n|l|\u2606SD8008\n|l|\u2606outlanderss\n|j|\u2606SD8008\n|player|p1|SD8008|acetrainerf\n","uploadtime":1700225528,"views":7,"p1id":"sd8008","p2id":"outlanderss","formatid":"gen9doublesou","rating":0,"private":0,"password":""}