{"id":"gen9doublesou-1970882292","p1":"VikrThe","p2":"decidueye730621","format":"[Gen 9] Doubles OU","log":"|j|\u2606VikrThe\n|j|\u2606decidueye730621\n|t:|1697676907\n|gametype|doubles\n|player|p1|VikrThe|265|1306\n|player|p2|decidueye730621|ethan|1426\n|teamsize|p1|6\n|teamsize|p2|6\n|gen|9\n|tier|[Gen 9] Doubles OU\n|rated|\n|rule|Species Clause: Limit one of each Pok\u00e9mon\n|rule|OHKO Clause: OHKO moves are banned\n|rule|Evasion Moves Clause: Evasion moves are banned\n|rule|Gravity Sleep Clause: The combination of sleep-inducing moves with imperfect accuracy and Gravity or Gigantamax Orbeetle are banned\n|rule|Endless Battle Clause: Forcing endless battles is banned\n|rule|HP Percentage Mod: HP is shown in percentages\n|clearpoke\n|poke|p1|Kommo-o, F|\n|poke|p1|Maushold|\n|poke|p1|Iron Hands|\n|poke|p1|Flutter Mane|\n|poke|p1|Roaring Moon|\n|poke|p1|Sinistcha-Masterpiece|\n|poke|p2|Iron Bundle|\n|poke|p2|Roaring Moon|\n|poke|p2|Heatran, M|\n|poke|p2|Rillaboom, F|\n|poke|p2|Dragonite, F|\n|poke|p2|Thundurus, M|\n|teampreview\n|\n|t:|1697676916\n|start\n|switch|p1a: Iron Hands|Iron Hands|100\/100\n|switch|p1b: Kommo-o|Kommo-o, F|100\/100\n|switch|p2a: Thundurus|Thundurus, M|100\/100\n|switch|p2b: Rillaboom|Rillaboom, F|100\/100\n|-fieldstart|move: Grassy Terrain|[from] ability: Grassy Surge|[of] p2b: Rillaboom\n|turn|1\n|\n|t:|1697676937\n|move|p2b: Rillaboom|Fake Out|p1a: Iron Hands\n|-damage|p1a: Iron Hands|92\/100\n|cant|p1a: Iron Hands|flinch\n|move|p2a: Thundurus|Taunt|p1b: Kommo-o\n|-start|p1b: Kommo-o|move: Taunt\n|cant|p1b: Kommo-o|move: Taunt|Iron Defense\n|\n|-heal|p1a: Iron Hands|98\/100|[from] Grassy Terrain\n|upkeep\n|turn|2\n|\n|t:|1697676956\n|switch|p1b: Maushold|Maushold|100\/100\n|move|p2a: Thundurus|Thunder Wave|p1b: Maushold\n|-status|p1b: Maushold|par\n|move|p2b: Rillaboom|Wood Hammer|p1a: Iron Hands\n|-damage|p1a: Iron Hands|56\/100\n|-damage|p2b: Rillaboom|85\/100|[from] Recoil\n|move|p1a: Iron Hands|Drain Punch|p2b: Rillaboom\n|-damage|p2b: Rillaboom|46\/100\n|-heal|p1a: Iron Hands|74\/100|[from] drain|[of] p2b: Rillaboom\n|\n|-heal|p2b: Rillaboom|52\/100|[from] Grassy Terrain\n|-heal|p1a: Iron Hands|80\/100|[from] Grassy Terrain\n|upkeep\n|turn|3\n|\n|t:|1697676979\n|move|p2a: Thundurus|Thunderbolt|p1b: Maushold\n|-damage|p1b: Maushold|56\/100 par\n|move|p2b: Rillaboom|Brick Break|p1b: Maushold\n|-supereffective|p1b: Maushold\n|-damage|p1b: Maushold|0 fnt\n|faint|p1b: Maushold\n|move|p1a: Iron Hands|Drain Punch|p2b: Rillaboom\n|-damage|p2b: Rillaboom|15\/100\n|-heal|p1a: Iron Hands|96\/100|[from] drain|[of] p2b: Rillaboom\n|\n|-heal|p2b: Rillaboom|22\/100|[from] Grassy Terrain\n|-heal|p1a: Iron Hands|100\/100|[from] Grassy Terrain\n|upkeep\n|\n|t:|1697677002\n|switch|p1b: Sinistcha|Sinistcha-Masterpiece|100\/100\n|turn|4\n|\n|t:|1697677013\n|switch|p2b: Dragonite|Dragonite, F|100\/100\n|move|p2a: Thundurus|Taunt|p1b: Sinistcha\n|-start|p1b: Sinistcha|move: Taunt\n|move|p1b: Sinistcha|Matcha Gotcha|p2a: Thundurus|[spread] p2a,p2b\n|-resisted|p2a: Thundurus\n|-resisted|p2b: Dragonite\n|-damage|p2a: Thundurus|89\/100\n|-damage|p2b: Dragonite|93\/100\n|move|p1a: Iron Hands|Drain Punch|p2b: Dragonite\n|-resisted|p2b: Dragonite\n|-damage|p2b: Dragonite|73\/100\n|\n|upkeep\n|turn|5\n|\n|t:|1697677032\n|switch|p2a: Roaring Moon|Roaring Moon|100\/100\n|-enditem|p2a: Roaring Moon|Booster Energy\n|-activate|p2a: Roaring Moon|ability: Protosynthesis|[fromitem]\n|-start|p2a: Roaring Moon|protosynthesisspe\n|switch|p1b: Flutter Mane|Flutter Mane|100\/100\n|move|p2b: Dragonite|Fire Punch|p1b: Flutter Mane\n|-crit|p1b: Flutter Mane\n|-damage|p1b: Flutter Mane|0 fnt\n|faint|p1b: Flutter Mane\n|-end|p1b: Flutter Mane|Protosynthesis|[silent]\n|-damage|p2b: Dragonite|63\/100|[from] item: Life Orb\n|move|p1a: Iron Hands|Thunder Punch|p2b: Dragonite\n|-damage|p2b: Dragonite|25\/100\n|\n|-fieldend|move: Grassy Terrain\n|upkeep\n|\n|t:|1697677051\n|switch|p1b: Kommo-o|Kommo-o, F|100\/100\n|turn|6\n|\n|t:|1697677067\n|-terastallize|p2a: Roaring Moon|Flying\n|-terastallize|p1b: Kommo-o|Steel\n|move|p2a: Roaring Moon|Acrobatics|p1b: Kommo-o\n|-resisted|p1b: Kommo-o\n|-damage|p1b: Kommo-o|79\/100\n|move|p1b: Kommo-o|Iron Defense|p1b: Kommo-o\n|-boost|p1b: Kommo-o|def|2\n|move|p2b: Dragonite|Dragon Claw|p1b: Kommo-o\n|-resisted|p1b: Kommo-o\n|-damage|p1b: Kommo-o|68\/100\n|-damage|p2b: Dragonite|15\/100|[from] item: Life Orb\n|move|p1a: Iron Hands|Drain Punch|p2a: Roaring Moon\n|-resisted|p2a: Roaring Moon\n|-damage|p2a: Roaring Moon|77\/100\n|\n|-heal|p1b: Kommo-o|74\/100|[from] item: Leftovers\n|upkeep\n|turn|7\n|\n|t:|1697677097\n|move|p2a: Roaring Moon|Tailwind|p2a: Roaring Moon\n|-sidestart|p2: decidueye730621|move: Tailwind\n|move|p2b: Dragonite|Fire Punch|p1b: Kommo-o\n|-supereffective|p1b: Kommo-o\n|-damage|p1b: Kommo-o|45\/100\n|-damage|p2b: Dragonite|5\/100|[from] item: Life Orb\n|move|p1b: Kommo-o|Body Press|p2b: Dragonite\n|-resisted|p2b: Dragonite\n|-damage|p2b: Dragonite|0 fnt\n|faint|p2b: Dragonite\n|move|p1a: Iron Hands|Thunder Punch|p2a: Roaring Moon\n|-supereffective|p2a: Roaring Moon\n|-damage|p2a: Roaring Moon|0 fnt\n|faint|p2a: Roaring Moon\n|-end|p2a: Roaring Moon|Protosynthesis|[silent]\n|\n|-heal|p1b: Kommo-o|52\/100|[from] item: Leftovers\n|upkeep\n|\n|t:|1697677115\n|switch|p2a: Rillaboom|Rillaboom, F|22\/100\n|switch|p2b: Heatran|Heatran, M|100\/100\n|-fieldstart|move: Grassy Terrain|[from] ability: Grassy Surge|[of] p2a: Rillaboom\n|turn|8\n|\n|t:|1697677129\n|-end|p1a: Iron Hands|Quark Drive|[silent]\n|switch|p1a: Sinistcha|Sinistcha-Masterpiece|100\/100\n|-heal|p1b: Kommo-o|76\/100|[from] ability: Hospitality|[of] p1a: Sinistcha\n|move|p1b: Kommo-o|Protect|p1b: Kommo-o\n|-singleturn|p1b: Kommo-o|Protect\n|move|p2a: Rillaboom|Fake Out|p1b: Kommo-o\n|-activate|p1b: Kommo-o|move: Protect\n|move|p2b: Heatran|Earth Power|p1b: Kommo-o\n|-activate|p1b: Kommo-o|move: Protect\n|\n|-heal|p2a: Rillaboom|28\/100|[from] Grassy Terrain\n|-heal|p1b: Kommo-o|83\/100|[from] Grassy Terrain\n|-heal|p1b: Kommo-o|89\/100|[from] item: Leftovers\n|upkeep\n|turn|9\n|\n|t:|1697677148\n|move|p1a: Sinistcha|Rage Powder|p1a: Sinistcha\n|-singleturn|p1a: Sinistcha|move: Rage Powder\n|move|p2b: Heatran|Heat Wave|p1a: Sinistcha|[spread] p1a,p1b\n|-supereffective|p1a: Sinistcha\n|-supereffective|p1b: Kommo-o\n|-damage|p1a: Sinistcha|13\/100\n|-damage|p1b: Kommo-o|34\/100\n|-enditem|p1a: Sinistcha|Sitrus Berry|[eat]\n|-heal|p1a: Sinistcha|38\/100|[from] item: Sitrus Berry\n|move|p2a: Rillaboom|Brick Break|p1b: Kommo-o\n|-supereffective|p1b: Kommo-o\n|-damage|p1b: Kommo-o|16\/100\n|move|p1b: Kommo-o|Body Press|p2b: Heatran\n|-supereffective|p2b: Heatran\n|-damage|p2b: Heatran|0 fnt\n|faint|p2b: Heatran\n|\n|-heal|p2a: Rillaboom|34\/100|[from] Grassy Terrain\n|-heal|p1b: Kommo-o|22\/100|[from] Grassy Terrain\n|-heal|p1b: Kommo-o|28\/100|[from] item: Leftovers\n|-heal|p1a: Sinistcha|44\/100|[from] Grassy Terrain\n|upkeep\n|\n|t:|1697677167\n|switch|p2b: Iron Bundle|Iron Bundle|100\/100\n|turn|10\n|\n|t:|1697677190\n|move|p1b: Kommo-o|Protect|p1b: Kommo-o\n|-singleturn|p1b: Kommo-o|Protect\n|move|p2b: Iron Bundle|Icy Wind|p1a: Sinistcha|[spread] p1a\n|-activate|p1b: Kommo-o|move: Protect\n|-supereffective|p1a: Sinistcha\n|-damage|p1a: Sinistcha|0 fnt\n|faint|p1a: Sinistcha\n|move|p2a: Rillaboom|Brick Break|p1b: Kommo-o\n|-activate|p1b: Kommo-o|move: Protect\n|\n|-heal|p2a: Rillaboom|40\/100|[from] Grassy Terrain\n|-heal|p1b: Kommo-o|35\/100|[from] Grassy Terrain\n|-heal|p1b: Kommo-o|41\/100|[from] item: Leftovers\n|-sideend|p2: decidueye730621|move: Tailwind\n|upkeep\n|l|\u2606VikrThe\n|player|p1|\n|j|\u2606VikrThe\n|player|p1|VikrThe|265\n|\n|t:|1697677224\n|switch|p1a: Roaring Moon|Roaring Moon|100\/100\n|turn|11\n|\n|t:|1697677232\n|move|p2b: Iron Bundle|Icy Wind|p1a: Roaring Moon|[spread] p1a,p1b\n|-supereffective|p1a: Roaring Moon\n|-resisted|p1b: Kommo-o\n|-damage|p1a: Roaring Moon|63\/100\n|-damage|p1b: Kommo-o|33\/100\n|-unboost|p1a: Roaring Moon|spe|1\n|-unboost|p1b: Kommo-o|spe|1\n|move|p1a: Roaring Moon|Tailwind|p1a: Roaring Moon\n|-sidestart|p1: VikrThe|move: Tailwind\n|move|p1b: Kommo-o|Body Press|p2b: Iron Bundle\n|-supereffective|p2b: Iron Bundle\n|-enditem|p2b: Iron Bundle|Focus Sash\n|-damage|p2b: Iron Bundle|1\/100\n|move|p2a: Rillaboom|Brick Break|p1b: Kommo-o\n|-supereffective|p1b: Kommo-o\n|-damage|p1b: Kommo-o|13\/100\n|\n|-heal|p1a: Roaring Moon|69\/100|[from] Grassy Terrain\n|-heal|p2b: Iron Bundle|7\/100|[from] Grassy Terrain\n|-heal|p1b: Kommo-o|19\/100|[from] Grassy Terrain\n|-heal|p1b: Kommo-o|25\/100|[from] item: Leftovers\n|-heal|p2a: Rillaboom|46\/100|[from] Grassy Terrain\n|upkeep\n|turn|12\n|\n|t:|1697677261\n|move|p1b: Kommo-o|Protect|p1b: Kommo-o\n|-singleturn|p1b: Kommo-o|Protect\n|move|p1a: Roaring Moon|Iron Head|p2b: Iron Bundle\n|-damage|p2b: Iron Bundle|0 fnt\n|faint|p2b: Iron Bundle\n|-end|p2b: Iron Bundle|Quark Drive|[silent]\n|move|p2a: Rillaboom|Brick Break|p1b: Kommo-o\n|-activate|p1b: Kommo-o|move: Protect\n|\n|-heal|p1a: Roaring Moon|75\/100|[from] Grassy Terrain\n|-heal|p1b: Kommo-o|32\/100|[from] Grassy Terrain\n|-heal|p1b: Kommo-o|38\/100|[from] item: Leftovers\n|-heal|p2a: Rillaboom|52\/100|[from] Grassy Terrain\n|-fieldend|move: Grassy Terrain\n|upkeep\n|\n|t:|1697677274\n|switch|p2b: Thundurus|Thundurus, M|89\/100\n|turn|13\n|\n|t:|1697677286\n|move|p2b: Thundurus|Thunder Wave|p1a: Roaring Moon\n|-hint|Since gen 7, Dark is immune to Prankster moves.\n|-immune|p1a: Roaring Moon\n|move|p1a: Roaring Moon|Knock Off|p2b: Thundurus\n|-damage|p2b: Thundurus|27\/100\n|-enditem|p2b: Thundurus|Covert Cloak|[from] move: Knock Off|[of] p1a: Roaring Moon\n|move|p1b: Kommo-o|Body Press|p2a: Rillaboom\n|-damage|p2a: Rillaboom|0 fnt\n|faint|p2a: Rillaboom\n|\n|-heal|p1b: Kommo-o|44\/100|[from] item: Leftovers\n|upkeep\n|turn|14\n|\n|t:|1697677300\n|move|p2b: Thundurus|Thunder Wave|p1b: Kommo-o\n|-status|p1b: Kommo-o|par\n|move|p1a: Roaring Moon|Knock Off|p2b: Thundurus\n|-damage|p2b: Thundurus|0 fnt\n|faint|p2b: Thundurus\n|\n|win|VikrThe\n|raw|VikrThe's rating: 1306 &rarr; <strong>1333<\/strong><br \/>(+27 for winning)\n|raw|decidueye730621's rating: 1426 &rarr; <strong>1399<\/strong><br \/>(-27 for losing)\n","uploadtime":1697677305,"views":29,"p1id":"vikrthe","p2id":"decidueye730621","formatid":"gen9doublesou","rating":1333,"private":0,"password":""}