{"id":"gen9doublesou-1992668406","p1":"Fitoman","p2":"cgtuh.ocgoj\u201dfyxtg9","format":"[Gen 9] Doubles OU","log":"|j|\u2606Fitoman\n|j|\u2606cgtuh.ocgoj\u201dfyxtg9\n|t:|1700222903\n|gametype|doubles\n|player|p1|Fitoman|101|1266\n|player|p2|cgtuh.ocgoj\u201dfyxtg9|265|1153\n|teamsize|p1|6\n|teamsize|p2|6\n|gen|9\n|tier|[Gen 9] Doubles OU\n|rated|\n|rule|Species Clause: Limit one of each Pok\u00e9mon\n|rule|OHKO Clause: OHKO moves are banned\n|rule|Evasion Moves Clause: Evasion moves are banned\n|rule|Gravity Sleep Clause: The combination of sleep-inducing moves with imperfect accuracy and Gravity or Gigantamax Orbeetle are banned\n|rule|Endless Battle Clause: Forcing endless battles is banned\n|rule|HP Percentage Mod: HP is shown in percentages\n|clearpoke\n|poke|p1|Palafin, F|\n|poke|p1|Moltres-Galar|\n|poke|p1|Sylveon, M|\n|poke|p1|Cresselia, F|\n|poke|p1|Garchomp, F|\n|poke|p1|Arcanine-Hisui, F|\n|poke|p2|Talonflame, M|\n|poke|p2|Meowscarada, F|\n|poke|p2|Shiftry, M|\n|poke|p2|Dragonite, F|\n|poke|p2|Ribombee, F|\n|poke|p2|Brambleghast, M|\n|teampreview\n|inactive|Battle timer is ON: inactive players will automatically lose when time's up. (requested by Fitoman)\n|\n|t:|1700222929\n|start\n|switch|p1a: Palafin|Palafin, F|100\/100\n|switch|p1b: Moltres|Moltres-Galar|100\/100\n|switch|p2a: wimdy|Talonflame, M|100\/100\n|switch|p2b: wimby|Shiftry, M|100\/100\n|turn|1\n|\n|t:|1700222942\n|-terastallize|p2b: wimby|Water\n|move|p2a: wimdy|Tailwind|p2a: wimdy\n|-sidestart|p2: cgtuh.ocgoj\u201dfyxtg9|move: Tailwind\n|-ability|p2b: wimby|Wind Rider|boost\n|-boost|p2b: wimby|atk|1\n|move|p2b: wimby|Leaf Blade|p1a: Palafin\n|-supereffective|p1a: Palafin\n|-damage|p1a: Palafin|0 fnt\n|faint|p1a: Palafin\n|move|p1b: Moltres|Tailwind|p1b: Moltres\n|-sidestart|p1: Fitoman|move: Tailwind\n|\n|upkeep\n|inactive|Fitoman has 120 seconds left.\n|\n|t:|1700222981\n|switch|p1a: Arcanine|Arcanine-Hisui, F|100\/100\n|-ability|p1a: Arcanine|Intimidate|boost\n|-unboost|p2a: wimdy|atk|1\n|-unboost|p2b: wimby|atk|1\n|turn|2\n|\n|t:|1700222997\n|move|p2a: wimdy|Air Slash|p1a: Arcanine\n|-resisted|p1a: Arcanine\n|-damage|p1a: Arcanine|88\/100\n|move|p1a: Arcanine|Wild Charge|p2b: wimby\n|-supereffective|p2b: wimby\n|-damage|p2b: wimby|0 fnt\n|faint|p2b: wimby\n|-damage|p1a: Arcanine|64\/100|[from] Recoil\n|move|p1b: Moltres|Nasty Plot|p1b: Moltres\n|-boost|p1b: Moltres|spa|2\n|\n|upkeep\n|\n|t:|1700223010\n|switch|p2b: wimbdy|Brambleghast, M|100\/100\n|-ability|p2b: wimbdy|Wind Rider|boost\n|-boost|p2b: wimbdy|atk|1\n|turn|3\n|\n|t:|1700223025\n|move|p2a: wimdy|Air Slash|p1a: Arcanine\n|-resisted|p1a: Arcanine\n|-damage|p1a: Arcanine|52\/100\n|move|p1a: Arcanine|Wild Charge|p2a: wimdy\n|-supereffective|p2a: wimdy\n|-damage|p2a: wimdy|18\/100\n|-damage|p1a: Arcanine|30\/100|[from] Recoil\n|move|p2b: wimbdy|Poltergeist|p1a: Arcanine\n|-activate|p1a: Arcanine|move: Poltergeist|Choice Scarf\n|-damage|p1a: Arcanine|0 fnt\n|faint|p1a: Arcanine\n|move|p1b: Moltres|Fiery Wrath|p2a: wimdy|[spread] p2a,p2b\n|-supereffective|p2b: wimbdy\n|-damage|p2a: wimdy|0 fnt\n|-enditem|p2b: wimbdy|Focus Sash\n|-damage|p2b: wimbdy|1\/100\n|faint|p2a: wimdy\n|\n|upkeep\n|inactive|cgtuh.ocgoj\u201dfyxtg9 has 120 seconds left.\n|\n|t:|1700223059\n|switch|p2a: windy|Meowscarada, F|100\/100\n|switch|p1a: Cresselia|Cresselia, F|100\/100\n|turn|4\n|\n|t:|1700223069\n|move|p2a: windy|Petal Blizzard|p1a: Cresselia|[spread] p1a,p1b\n|-start|p2a: windy|typechange|Grass|[from] ability: Protean\n|-ability|p2b: wimbdy|Wind Rider|boost\n|-boost|p2b: wimbdy|atk|1\n|-resisted|p1b: Moltres\n|-damage|p1a: Cresselia|78\/100\n|-damage|p1b: Moltres|85\/100\n|move|p2b: wimbdy|Poltergeist|p1a: Cresselia\n|-activate|p1a: Cresselia|move: Poltergeist|Light Clay\n|-supereffective|p1a: Cresselia\n|-damage|p1a: Cresselia|0 fnt\n|faint|p1a: Cresselia\n|move|p1b: Moltres|Fiery Wrath|p2a: windy|[spread] p2a,p2b\n|-supereffective|p2b: wimbdy\n|-damage|p2a: windy|24\/100\n|-damage|p2b: wimbdy|0 fnt\n|faint|p2b: wimbdy\n|\n|-heal|p1b: Moltres|91\/100|[from] item: Leftovers\n|-sideend|p1: Fitoman|move: Tailwind\n|-sideend|p2: cgtuh.ocgoj\u201dfyxtg9|move: Tailwind\n|upkeep\n|\n|t:|1700223089\n|switch|p2b: palm tree|Dragonite, F, shiny|100\/100\n|switch|p1a: Sylveon|Sylveon, M|100\/100\n|turn|5\n|\n|t:|1700223117\n|move|p2a: windy|Ally Switch|p2a: windy\n|swap|p2a: windy|1|[from] move: Ally Switch\n|move|p2a: palm tree|Ice Spinner|p1b: Moltres\n|-supereffective|p1b: Moltres\n|-damage|p1b: Moltres|23\/100\n|-ability|p1b: Moltres|Berserk|boost\n|-boost|p1b: Moltres|spa|1\n|move|p1b: Moltres|Tailwind|p1b: Moltres\n|-sidestart|p1: Fitoman|move: Tailwind\n|move|p1a: Sylveon|Yawn|p2b: windy\n|-start|p2b: windy|move: Yawn|[of] p1a: Sylveon\n|\n|-heal|p1b: Moltres|29\/100|[from] item: Leftovers\n|upkeep\n|turn|6\n|inactive|cgtuh.ocgoj\u201dfyxtg9 has 120 seconds left.\n|inactive|cgtuh.ocgoj\u201dfyxtg9 has 90 seconds left.\n|c|\u2606cgtuh.ocgoj\u201dfyxtg9|I've got a really stupid idea that could backfire horribly\n|\n|t:|1700223191\n|move|p2a: palm tree|Extreme Speed|p1b: Moltres\n|-damage|p1b: Moltres|0 fnt\n|faint|p1b: Moltres\n|move|p1a: Sylveon|Hyper Voice|p2b: windy|[spread] p2a,p2b\n|-supereffective|p2a: palm tree\n|-damage|p2a: palm tree|55\/100\n|-damage|p2b: windy|0 fnt\n|faint|p2b: windy\n|\n|-heal|p2a: palm tree|61\/100|[from] item: Leftovers\n|upkeep\n|\n|t:|1700223203\n|switch|p2b: winby|Ribombee, F|100\/100\n|switch|p1b: Garchomp|Garchomp, F|100\/100\n|turn|7\n|c|\u2606cgtuh.ocgoj\u201dfyxtg9|nvm\n|\n|t:|1700223231\n|move|p1b: Garchomp|Protect|p1b: Garchomp\n|-singleturn|p1b: Garchomp|Protect\n|move|p2a: palm tree|Extreme Speed|p1a: Sylveon\n|-damage|p1a: Sylveon|58\/100\n|move|p2b: winby|Pollen Puff|p2a: palm tree\n|-heal|p2a: palm tree|100\/100\n|move|p1a: Sylveon|Yawn|p2b: winby\n|-block|p2b: winby|ability: Sweet Veil|[of] p2b: winby\n|\n|upkeep\n|turn|8\n|c|\u2606Fitoman|wtf is sweet veil\n|c|\u2606Fitoman|omg\n|inactive|Fitoman has 120 seconds left.\n|inactive|cgtuh.ocgoj\u201dfyxtg9 has 90 seconds left.\n|c|\u2606cgtuh.ocgoj\u201dfyxtg9|no sleep.\n|\n|t:|1700223294\n|move|p2b: winby|Reflect|p2b: winby\n|-sidestart|p2: cgtuh.ocgoj\u201dfyxtg9|Reflect\n|move|p1a: Sylveon|Yawn|p2a: palm tree\n|-block|p2a: palm tree|ability: Sweet Veil|[of] p2b: winby\n|move|p2a: palm tree|Iron Head|p1a: Sylveon\n|-supereffective|p1a: Sylveon\n|-damage|p1a: Sylveon|0 fnt\n|faint|p1a: Sylveon\n|move|p1b: Garchomp|Dragon Tail|p2a: palm tree\n|-supereffective|p2a: palm tree\n|-damage|p2a: palm tree|78\/100\n|\n|-heal|p2a: palm tree|84\/100|[from] item: Leftovers\n|-sideend|p1: Fitoman|move: Tailwind\n|upkeep\n|turn|9\n|inactive|Fitoman has 120 seconds left.\n|inactive|cgtuh.ocgoj\u201dfyxtg9 has 90 seconds left.\n|-message|Fitoman forfeited.\n|\n|win|cgtuh.ocgoj\u201dfyxtg9\n|raw|Fitoman's rating: 1266 &rarr; <strong>1233<\/strong><br \/>(-33 for losing)\n|raw|cgtuh.ocgoj\u201dfyxtg9's rating: 1153 &rarr; <strong>1186<\/strong><br \/>(+33 for winning)\n|l|\u2606Fitoman\n|l|\u2606cgtuh.ocgoj\u201dfyxtg9\n|j|\u2606cgtuh.ocgoj\u201dfyxtg9\n|player|p2|cgtuh.ocgoj\u201dfyxtg9|265\n","uploadtime":1700223329,"views":5,"p1id":"fitoman","p2id":"cgtuhocgojfyxtg9","formatid":"gen9doublesou","rating":1186,"private":0,"password":""}