{"id":"gen9doublesou-1986112931","p1":"smexydevvi","p2":"Sylvesweep","format":"[Gen 9] Doubles OU","log":"|j|\u2606smexydevvi\n|j|\u2606Sylvesweep\n|t:|1699451391\n|gametype|doubles\n|player|p1|smexydevvi|cynthia-gen4|1084\n|player|p2|Sylvesweep|1|1116\n|teamsize|p1|6\n|teamsize|p2|6\n|gen|9\n|tier|[Gen 9] Doubles OU\n|rated|\n|rule|Species Clause: Limit one of each Pok\u00e9mon\n|rule|OHKO Clause: OHKO moves are banned\n|rule|Evasion Moves Clause: Evasion moves are banned\n|rule|Gravity Sleep Clause: The combination of sleep-inducing moves with imperfect accuracy and Gravity or Gigantamax Orbeetle are banned\n|rule|Endless Battle Clause: Forcing endless battles is banned\n|rule|HP Percentage Mod: HP is shown in percentages\n|clearpoke\n|poke|p1|Arboliva, F|\n|poke|p1|Torkoal, F|\n|poke|p1|Vaporeon, F|\n|poke|p1|Overqwil, F|\n|poke|p1|Hatterene, F|\n|poke|p1|Scream Tail|\n|poke|p2|Landorus-Therian, M|\n|poke|p2|Kommo-o, M|\n|poke|p2|Sylveon, F|\n|poke|p2|Sinistcha-Masterpiece|\n|poke|p2|Clefairy, F|\n|poke|p2|Fezandipiti, M|\n|teampreview\n|\n|t:|1699451396\n|start\n|switch|p1a: Vaporeon|Vaporeon, F|100\/100\n|switch|p1b: Overqwil|Overqwil, F|100\/100\n|switch|p2a: Kommo-o|Kommo-o, M|100\/100\n|switch|p2b: Sylveon|Sylveon, F, shiny|100\/100\n|-ability|p1b: Overqwil|Intimidate|boost\n|-unboost|p2a: Kommo-o|atk|1\n|-unboost|p2b: Sylveon|atk|1\n|turn|1\n|\n|t:|1699451411\n|move|p1b: Overqwil|Taunt|p2a: Kommo-o\n|-start|p2a: Kommo-o|move: Taunt\n|cant|p2a: Kommo-o|move: Taunt|Clangorous Soul\n|move|p2b: Sylveon|Psych Up|p2a: Kommo-o\n|-copyboost|p2b: Sylveon|p2a: Kommo-o|[from] move: Psych Up\n|move|p1a: Vaporeon|Calm Mind|p1a: Vaporeon\n|-boost|p1a: Vaporeon|spa|1\n|-boost|p1a: Vaporeon|spd|1\n|\n|upkeep\n|turn|2\n|\n|t:|1699451439\n|move|p1b: Overqwil|Toxic|p2a: Kommo-o\n|-status|p2a: Kommo-o|tox\n|move|p2a: Kommo-o|Flash Cannon|p1b: Overqwil\n|-damage|p1b: Overqwil|63\/100\n|move|p2b: Sylveon|Shadow Ball|p1b: Overqwil\n|-resisted|p1b: Overqwil\n|-damage|p1b: Overqwil|42\/100\n|-unboost|p1b: Overqwil|spd|1\n|move|p1a: Vaporeon|Calm Mind|p1a: Vaporeon\n|-boost|p1a: Vaporeon|spa|1\n|-boost|p1a: Vaporeon|spd|1\n|\n|-heal|p1b: Overqwil|48\/100|[from] item: Leftovers\n|-damage|p2a: Kommo-o|94\/100 tox|[from] psn\n|upkeep\n|turn|3\n|\n|t:|1699451460\n|switch|p1b: Arboliva|Arboliva, F|100\/100\n|move|p2a: Kommo-o|Clanging Scales|p1b: Arboliva|[spread] p1a,p1b\n|-damage|p1a: Vaporeon|86\/100\n|-damage|p1b: Arboliva|74\/100\n|-unboost|p2a: Kommo-o|def|1\n|-enditem|p2a: Kommo-o|Throat Spray\n|-boost|p2a: Kommo-o|spa|1|[from] item: Throat Spray\n|move|p2b: Sylveon|Hyper Voice|p1b: Arboliva|[spread] p1a,p1b\n|-damage|p1a: Vaporeon|70\/100\n|-damage|p1b: Arboliva|42\/100\n|-enditem|p1b: Arboliva|Sitrus Berry|[eat]\n|-heal|p1b: Arboliva|67\/100|[from] item: Sitrus Berry\n|move|p1a: Vaporeon|Baton Pass|p1a: Vaporeon\n|\n|t:|1699451474\n|switch|p1a: Hatterene|Hatterene, F|100\/100|[from] Baton Pass\n|\n|-damage|p2a: Kommo-o|82\/100 tox|[from] psn\n|-end|p2a: Kommo-o|move: Taunt\n|upkeep\n|turn|4\n|\n|t:|1699451495\n|move|p2a: Kommo-o|Flash Cannon|p1a: Hatterene\n|-supereffective|p1a: Hatterene\n|-damage|p1a: Hatterene|75\/100\n|move|p2b: Sylveon|Shadow Ball|p1a: Hatterene\n|-supereffective|p1a: Hatterene\n|-crit|p1a: Hatterene\n|-damage|p1a: Hatterene|22\/100\n|move|p1b: Arboliva|Leech Seed|p2b: Sylveon\n|-start|p2b: Sylveon|move: Leech Seed\n|move|p1a: Hatterene|Psychic|p2a: Kommo-o\n|-supereffective|p2a: Kommo-o\n|-damage|p2a: Kommo-o|0 fnt\n|faint|p2a: Kommo-o\n|\n|-damage|p2b: Sylveon|88\/100|[from] Leech Seed|[of] p1b: Arboliva\n|-heal|p1b: Arboliva|79\/100|[silent]\n|-item|p1b: Arboliva|Sitrus Berry|[from] ability: Harvest\n|upkeep\n|\n|t:|1699451517\n|switch|p2a: Sinistcha|Sinistcha-Masterpiece|100\/100\n|-heal|p2b: Sylveon|100\/100|[from] ability: Hospitality|[of] p2a: Sinistcha\n|turn|5\n|\n|t:|1699451542\n|switch|p1a: Torkoal|Torkoal, F|100\/100\n|-weather|SunnyDay|[from] ability: Drought|[of] p1a: Torkoal\n|move|p2a: Sinistcha|Matcha Gotcha|p1b: Arboliva|[spread] p1a,p1b\n|-resisted|p1a: Torkoal\n|-resisted|p1b: Arboliva\n|-damage|p1a: Torkoal|87\/100\n|-damage|p1b: Arboliva|70\/100\n|move|p2b: Sylveon|Shadow Ball|p1a: Torkoal\n|-damage|p1a: Torkoal|65\/100\n|move|p1b: Arboliva|Growth|p1b: Arboliva\n|-boost|p1b: Arboliva|atk|2\n|-boost|p1b: Arboliva|spa|2\n|\n|-weather|SunnyDay|[upkeep]\n|-damage|p2b: Sylveon|88\/100|[from] Leech Seed|[of] p1b: Arboliva\n|-heal|p1b: Arboliva|82\/100|[silent]\n|upkeep\n|turn|6\n|\n|t:|1699451569\n|move|p2a: Sinistcha|Matcha Gotcha|p1b: Arboliva|[spread] p1b\n|-miss|p2a: Sinistcha|p1a: Torkoal\n|-resisted|p1b: Arboliva\n|-damage|p1b: Arboliva|73\/100\n|move|p2b: Sylveon|Hyper Voice|p1a: Torkoal|[spread] p1a,p1b\n|-resisted|p1a: Torkoal\n|-damage|p1a: Torkoal|47\/100\n|-damage|p1b: Arboliva|45\/100\n|-enditem|p1b: Arboliva|Sitrus Berry|[eat]\n|-heal|p1b: Arboliva|70\/100|[from] item: Sitrus Berry\n|move|p1b: Arboliva|Leech Seed||[still]\n|-fail|p1b: Arboliva\n|move|p1a: Torkoal|Iron Defense|p1a: Torkoal\n|-boost|p1a: Torkoal|def|2\n|\n|-weather|SunnyDay|[upkeep]\n|-damage|p2b: Sylveon|76\/100|[from] Leech Seed|[of] p1b: Arboliva\n|-heal|p1b: Arboliva|82\/100|[silent]\n|-item|p1b: Arboliva|Sitrus Berry|[from] ability: Harvest\n|upkeep\n|turn|7\n|\n|t:|1699451593\n|switch|p1a: Vaporeon|Vaporeon, F|70\/100\n|move|p2a: Sinistcha|Hex|p1a: Vaporeon\n|-damage|p1a: Vaporeon|51\/100\n|move|p2b: Sylveon|Hyper Voice|p1b: Arboliva|[spread] p1a,p1b\n|-damage|p1a: Vaporeon|19\/100\n|-damage|p1b: Arboliva|52\/100\n|move|p1b: Arboliva|Giga Drain|p2b: Sylveon\n|-damage|p2b: Sylveon|29\/100\n|-heal|p1b: Arboliva|75\/100|[from] drain|[of] p2b: Sylveon\n|\n|-weather|SunnyDay|[upkeep]\n|-heal|p1a: Vaporeon|25\/100|[from] item: Leftovers\n|-damage|p2b: Sylveon|17\/100|[from] Leech Seed|[of] p1b: Arboliva\n|-heal|p1b: Arboliva|87\/100|[silent]\n|upkeep\n|turn|8\n|l|\u2606Sylvesweep\n|player|p2|\n|inactive|Battle timer is ON: inactive players will automatically lose when time's up. (requested by smexydevvi)\n|inactive|Sylvesweep has 30 seconds to reconnect!\n|inactive|Sylvesweep has 20 seconds to reconnect!\n|inactive|Sylvesweep has 15 seconds to reconnect!\n|inactive|Sylvesweep has 10 seconds to reconnect!\n|inactive|Sylvesweep has 5 seconds to reconnect!\n|-message|Sylvesweep lost due to inactivity.\n|\n|win|smexydevvi\n|raw|smexydevvi's rating: 1084 &rarr; <strong>1114<\/strong><br \/>(+30 for winning)\n|raw|Sylvesweep's rating: 1116 &rarr; <strong>1089<\/strong><br \/>(-27 for losing)\n","uploadtime":1699451720,"views":14,"p1id":"smexydevvi","p2id":"sylvesweep","formatid":"gen9doublesou","rating":1089,"private":0,"password":""}