{"id":"gen9doublesou-1995577893","p1":"RekeJG","p2":"Ash06s","format":"[Gen 9] Doubles OU","log":"|j|\u2606RekeJG\n|j|\u2606Ash06s\n|t:|1700584449\n|gametype|doubles\n|player|p1|RekeJG|veteran|1071\n|player|p2|Ash06s|hiker-gen4|1049\n|teamsize|p1|6\n|teamsize|p2|6\n|gen|9\n|tier|[Gen 9] Doubles OU\n|rated|\n|rule|Species Clause: Limit one of each Pok\u00e9mon\n|rule|OHKO Clause: OHKO moves are banned\n|rule|Evasion Moves Clause: Evasion moves are banned\n|rule|Gravity Sleep Clause: The combination of sleep-inducing moves with imperfect accuracy and Gravity or Gigantamax Orbeetle are banned\n|rule|Endless Battle Clause: Forcing endless battles is banned\n|rule|HP Percentage Mod: HP is shown in percentages\n|clearpoke\n|poke|p1|Toxapex, M|\n|poke|p1|Rotom-Wash|\n|poke|p1|Pelipper, M|\n|poke|p1|Klefki, M|\n|poke|p1|Roaring Moon|\n|poke|p1|Overqwil, M|\n|poke|p2|Chi-Yu|\n|poke|p2|Ursaluna, F|\n|poke|p2|Amoonguss, F|\n|poke|p2|Sinistcha|\n|poke|p2|Diancie|\n|poke|p2|Flutter Mane|\n|teampreview\n|inactive|Battle timer is ON: inactive players will automatically lose when time's up. (requested by RekeJG)\n|\n|t:|1700584466\n|start\n|switch|p1a: Pelipper|Pelipper, M|100\/100\n|switch|p1b: Rotom|Rotom-Wash, shiny|100\/100\n|switch|p2a: Ursaluna|Ursaluna, F|100\/100\n|switch|p2b: Sinistcha|Sinistcha|100\/100\n|-weather|RainDance|[from] ability: Drizzle|[of] p1a: Pelipper\n|turn|1\n|\n|t:|1700584490\n|move|p1a: Pelipper|Protect|p1a: Pelipper\n|-singleturn|p1a: Pelipper|Protect\n|move|p1b: Rotom|Nasty Plot|p1b: Rotom\n|-boost|p1b: Rotom|spa|2\n|move|p2b: Sinistcha|Matcha Gotcha|p1b: Rotom|[spread] p1b\n|-activate|p1a: Pelipper|move: Protect\n|-supereffective|p1b: Rotom\n|-damage|p1b: Rotom|45\/100\n|move|p2a: Ursaluna|Body Slam|p1a: Pelipper\n|-activate|p1a: Pelipper|move: Protect\n|\n|-weather|RainDance|[upkeep]\n|-status|p2a: Ursaluna|brn|[from] item: Flame Orb\n|upkeep\n|turn|2\n|\n|t:|1700584519\n|switch|p2a: Amoonguss|Amoonguss, F|100\/100\n|move|p1b: Rotom|Thunder|p2b: Sinistcha\n|-resisted|p2b: Sinistcha\n|-damage|p2b: Sinistcha|22\/100\n|-damage|p1b: Rotom|35\/100|[from] item: Life Orb\n|move|p1a: Pelipper|Tailwind|p1a: Pelipper\n|-sidestart|p1: RekeJG|move: Tailwind\n|move|p2b: Sinistcha|Matcha Gotcha|p1b: Rotom|[spread] p1b\n|-miss|p2b: Sinistcha|p1a: Pelipper\n|-supereffective|p1b: Rotom\n|-damage|p1b: Rotom|0 fnt\n|-heal|p2b: Sinistcha|34\/100|[from] drain|[of] p1b: Rotom\n|faint|p1b: Rotom\n|\n|-weather|RainDance|[upkeep]\n|-heal|p2b: Sinistcha|40\/100|[from] item: Leftovers\n|upkeep\n|inactive|RekeJG has 120 seconds left.\n|\n|t:|1700584544\n|switch|p1b: Roaring Moon|Roaring Moon|100\/100\n|-enditem|p1b: Roaring Moon|Booster Energy\n|-activate|p1b: Roaring Moon|ability: Protosynthesis|[fromitem]\n|-start|p1b: Roaring Moon|protosynthesisatk\n|turn|3\n|inactive|RekeJG has 120 seconds left.\n|\n|t:|1700584565\n|move|p1b: Roaring Moon|Knock Off|p2a: Amoonguss\n|-damage|p2a: Amoonguss|25\/100\n|-enditem|p2a: Amoonguss|Leftovers|[from] move: Knock Off|[of] p1b: Roaring Moon\n|move|p1a: Pelipper|Hurricane|p2b: Sinistcha\n|-supereffective|p2b: Sinistcha\n|-damage|p2b: Sinistcha|0 fnt\n|faint|p2b: Sinistcha\n|move|p2a: Amoonguss|Spore|p1b: Roaring Moon\n|-status|p1b: Roaring Moon|slp|[from] move: Spore\n|\n|-weather|RainDance|[upkeep]\n|upkeep\n|\n|t:|1700584577\n|switch|p2b: Diancie|Diancie|100\/100\n|turn|4\n|inactive|RekeJG has 120 seconds left.\n|\n|t:|1700584611\n|cant|p1b: Roaring Moon|slp\n|move|p1a: Pelipper|Hurricane|p1b: Roaring Moon\n|-damage|p1b: Roaring Moon|57\/100 slp\n|move|p2b: Diancie|Diamond Storm|p1a: Pelipper|[spread] p1a,p1b\n|-supereffective|p1a: Pelipper\n|-damage|p1a: Pelipper|45\/100\n|-damage|p1b: Roaring Moon|26\/100 slp\n|-boost|p2b: Diancie|def|2\n|move|p2a: Amoonguss|Giga Drain|p1a: Pelipper\n|-damage|p1a: Pelipper|13\/100\n|-heal|p2a: Amoonguss|35\/100|[from] drain|[of] p1a: Pelipper\n|\n|-weather|RainDance|[upkeep]\n|-heal|p1a: Pelipper|19\/100|[from] item: Leftovers\n|upkeep\n|turn|5\n|c|\u2606Ash06s|i hope ur stupid bird dies a painful death\n|inactive|RekeJG has 120 seconds left.\n|c|\u2606Ash06s|was that on purpose\n|inactive|Ash06s has 120 seconds left.\n|c|\u2606Ash06s|r u taunting me\n|\n|t:|1700584654\n|switch|p1a: Klefki|Klefki, M, shiny|100\/100\n|cant|p1b: Roaring Moon|slp\n|move|p2b: Diancie|Diamond Storm|p1a: Klefki|[spread] p1a,p1b\n|-resisted|p1a: Klefki\n|-damage|p1a: Klefki|85\/100\n|-damage|p1b: Roaring Moon|0 fnt\n|faint|p1b: Roaring Moon\n|-end|p1b: Roaring Moon|Protosynthesis|[silent]\n|move|p2a: Amoonguss|Giga Drain|p1a: Klefki\n|-resisted|p1a: Klefki\n|-damage|p1a: Klefki|74\/100\n|-heal|p2a: Amoonguss|38\/100|[from] drain|[of] p1a: Klefki\n|\n|-weather|none\n|-sideend|p1: RekeJG|move: Tailwind\n|upkeep\n|\n|t:|1700584671\n|switch|p1b: Pelipper|Pelipper, M|19\/100\n|-weather|RainDance|[from] ability: Drizzle|[of] p1b: Pelipper\n|turn|6\n|inactive|RekeJG has 120 seconds left.\n|\n|t:|1700584699\n|switch|p2a: Ursaluna|Ursaluna, F|100\/100 brn\n|move|p1b: Pelipper|Protect|p1b: Pelipper\n|-singleturn|p1b: Pelipper|Protect\n|move|p1a: Klefki|Reflect|p1a: Klefki\n|-sidestart|p1: RekeJG|Reflect\n|move|p2b: Diancie|Diamond Storm|p1b: Pelipper|[spread] p1a\n|-activate|p1b: Pelipper|move: Protect\n|-resisted|p1a: Klefki\n|-damage|p1a: Klefki|65\/100\n|-boost|p2b: Diancie|def|2\n|\n|-weather|RainDance|[upkeep]\n|-heal|p1b: Pelipper|25\/100|[from] item: Leftovers\n|-damage|p2a: Ursaluna|94\/100 brn|[from] brn\n|upkeep\n|turn|7\n|inactive|RekeJG has 120 seconds left.\n|inactive|RekeJG has 90 seconds left.\n|\n|t:|1700584737\n|move|p1a: Klefki|Light Screen|p1a: Klefki\n|-sidestart|p1: RekeJG|move: Light Screen\n|move|p1b: Pelipper|Hurricane|p2a: Ursaluna\n|-damage|p2a: Ursaluna|52\/100 brn\n|move|p2a: Ursaluna|Body Slam|p1b: Pelipper\n|-damage|p1b: Pelipper|0 fnt\n|faint|p1b: Pelipper\n|move|p2b: Diancie|Diamond Storm|p1a: Klefki\n|-resisted|p1a: Klefki\n|-damage|p1a: Klefki|52\/100\n|\n|-weather|RainDance|[upkeep]\n|-damage|p2a: Ursaluna|46\/100 brn|[from] brn\n|upkeep\n|inactive|RekeJG has 90 seconds left.\n|\n|t:|1700584754\n|switch|p1b: Overqwil|Overqwil, M|100\/100\n|turn|8\n|inactive|RekeJG has 90 seconds left.\n|\n|t:|1700584776\n|switch|p2b: Amoonguss|Amoonguss, F|72\/100\n|move|p1a: Klefki|Magnet Rise|p1a: Klefki\n|-start|p1a: Klefki|Magnet Rise\n|move|p1b: Overqwil|Waterfall|p2a: Ursaluna\n|-supereffective|p2a: Ursaluna\n|-damage|p2a: Ursaluna|0 fnt\n|faint|p2a: Ursaluna\n|-damage|p1b: Overqwil|91\/100|[from] item: Life Orb\n|\n|-weather|RainDance|[upkeep]\n|upkeep\n|inactive|Ash06s has 120 seconds left.\n|\n|t:|1700584799\n|switch|p2a: Flutter Mane|Flutter Mane|100\/100\n|-enditem|p2a: Flutter Mane|Booster Energy\n|-activate|p2a: Flutter Mane|ability: Protosynthesis|[fromitem]\n|-start|p2a: Flutter Mane|protosynthesisspe\n|turn|9\n|inactive|RekeJG has 90 seconds left.\n|\n|t:|1700584839\n|move|p2a: Flutter Mane|Perish Song|p2a: Flutter Mane\n|-start|p1a: Klefki|perish3|[silent]\n|-start|p1b: Overqwil|perish3|[silent]\n|-start|p2a: Flutter Mane|perish3|[silent]\n|-start|p2b: Amoonguss|perish3|[silent]\n|-fieldactivate|move: Perish Song\n|move|p1b: Overqwil|Barb Barrage|p2a: Flutter Mane\n|-damage|p2a: Flutter Mane|9\/100\n|-status|p2a: Flutter Mane|psn\n|-damage|p1b: Overqwil|81\/100|[from] item: Life Orb\n|move|p1a: Klefki|Dazzling Gleam|p2a: Flutter Mane|[spread] p2a,p2b\n|-resisted|p2b: Amoonguss\n|-damage|p2a: Flutter Mane|0 fnt\n|-damage|p2b: Amoonguss|66\/100\n|faint|p2a: Flutter Mane\n|-end|p2a: Flutter Mane|Protosynthesis|[silent]\n|move|p2b: Amoonguss|Spore|p1a: Klefki\n|-status|p1a: Klefki|slp|[from] move: Spore\n|\n|-weather|RainDance|[upkeep]\n|-start|p1b: Overqwil|perish3\n|-start|p1a: Klefki|perish3\n|-start|p2b: Amoonguss|perish3\n|upkeep\n|\n|t:|1700584862\n|switch|p2a: Diancie|Diancie|100\/100\n|turn|10\n|\n|t:|1700584881\n|move|p1b: Overqwil|Waterfall|p2a: Diancie\n|-supereffective|p2a: Diancie\n|-damage|p2a: Diancie|20\/100\n|-damage|p1b: Overqwil|71\/100|[from] item: Life Orb\n|cant|p1a: Klefki|slp\n|move|p2a: Diancie|Diamond Storm|p1a: Klefki|[spread] p1a,p1b\n|-resisted|p1a: Klefki\n|-damage|p1a: Klefki|41\/100 slp\n|-damage|p1b: Overqwil|51\/100\n|move|p2b: Amoonguss|Giga Drain|p1a: Klefki\n|-resisted|p1a: Klefki\n|-damage|p1a: Klefki|33\/100 slp\n|-heal|p2b: Amoonguss|68\/100|[from] drain|[of] p1a: Klefki\n|\n|-weather|none\n|-start|p1b: Overqwil|perish2\n|-start|p1a: Klefki|perish2\n|-start|p2b: Amoonguss|perish2\n|upkeep\n|turn|11\n|l|\u2606Ash06s\n|inactive|Ash06s disconnected and has a minute to reconnect!\n|player|p2|\n|inactive|RekeJG has 90 seconds left.\n|inactive|Ash06s has 30 seconds to reconnect!\n|inactive|Ash06s has 20 seconds to reconnect!\n|j|\u2606Ash06s\n|inactive|Ash06s reconnected and has 95 seconds left.\n|player|p2|Ash06s|hiker-gen4\n|inactive|Ash06s has 90 seconds left.\n|\n|t:|1700584956\n|switch|p1a: Toxapex|Toxapex, M|100\/100\n|move|p1b: Overqwil|Waterfall|p2a: Diancie\n|-supereffective|p2a: Diancie\n|-damage|p2a: Diancie|0 fnt\n|faint|p2a: Diancie\n|-damage|p1b: Overqwil|41\/100|[from] item: Life Orb\n|move|p2b: Amoonguss|Giga Drain|p1a: Toxapex\n|-damage|p1a: Toxapex|87\/100\n|-heal|p2b: Amoonguss|72\/100|[from] drain|[of] p1a: Toxapex\n|\n|-heal|p1a: Toxapex|93\/100|[from] item: Leftovers\n|-start|p1b: Overqwil|perish1\n|-start|p2b: Amoonguss|perish1\n|upkeep\n|\n|t:|1700584976\n|switch|p2a: Chi-Yu|Chi-Yu|100\/100\n|-ability|p2a: Chi-Yu|Beads of Ruin\n|turn|12\n|inactive|RekeJG has 90 seconds left.\n|inactive|Ash06s has 60 seconds left.\n|\n|t:|1700585008\n|move|p1a: Toxapex|Baneful Bunker|p1a: Toxapex\n|-singleturn|p1a: Toxapex|move: Protect\n|move|p2a: Chi-Yu|Dark Pulse|p1b: Overqwil\n|-resisted|p1b: Overqwil\n|-damage|p1b: Overqwil|10\/100\n|move|p1b: Overqwil|Self-Destruct|p2b: Amoonguss|[spread] p2a,p2b\n|-activate|p1a: Toxapex|move: Protect\n|-enditem|p2a: Chi-Yu|Focus Sash\n|-damage|p2a: Chi-Yu|1\/100\n|-damage|p2b: Amoonguss|6\/100\n|faint|p1b: Overqwil\n|move|p2b: Amoonguss|Giga Drain|p1a: Toxapex\n|-activate|p1a: Toxapex|move: Protect\n|\n|-heal|p1a: Toxapex|99\/100|[from] item: Leftovers\n|-start|p2b: Amoonguss|perish0\n|faint|p2b: Amoonguss\n|upkeep\n|\n|t:|1700585027\n|switch|p1b: Klefki|Klefki, M, shiny|33\/100 slp\n|turn|13\n|inactive|RekeJG has 90 seconds left.\n|\n|t:|1700585038\n|move|p2a: Chi-Yu|Protect|p2a: Chi-Yu\n|-singleturn|p2a: Chi-Yu|Protect\n|cant|p1b: Klefki|slp\n|move|p1a: Toxapex|Recover|p1a: Toxapex\n|-heal|p1a: Toxapex|100\/100\n|\n|-sideend|p1: RekeJG|Reflect\n|upkeep\n|turn|14\n|\n|t:|1700585052\n|move|p1a: Toxapex|Baneful Bunker|p1a: Toxapex\n|-singleturn|p1a: Toxapex|move: Protect\n|move|p2a: Chi-Yu|Dark Pulse|p1a: Toxapex\n|-activate|p1a: Toxapex|move: Protect\n|cant|p1b: Klefki|slp\n|\n|-sideend|p1: RekeJG|move: Light Screen\n|upkeep\n|turn|15\n|inactive|RekeJG has 120 seconds left.\n|\n|t:|1700585066\n|move|p2a: Chi-Yu|Dark Pulse|p1a: Toxapex\n|-damage|p1a: Toxapex|46\/100\n|-curestatus|p1b: Klefki|slp|[msg]\n|move|p1b: Klefki|Dazzling Gleam|p2a: Chi-Yu\n|-damage|p2a: Chi-Yu|0 fnt\n|faint|p2a: Chi-Yu\n|\n|win|RekeJG\n|raw|RekeJG's rating: 1071 &rarr; <strong>1098<\/strong><br \/>(+27 for winning)\n|raw|Ash06s's rating: 1049 &rarr; <strong>1033<\/strong><br \/>(-16 for losing)\n|c|\u2606Ash06s|gg\n","uploadtime":1700584612,"views":4,"p1id":"rekejg","p2id":"ash06s","formatid":"gen9doublesou","rating":1033,"private":0,"password":""}