{"id":"gen9doublesou-1970756635","p1":"amaterasu0903","p2":"xenziiii","format":"[Gen 9] Doubles OU","log":"|j|\u2606amaterasu0903\n|j|\u2606xenziiii\n|t:|1697664227\n|gametype|doubles\n|player|p1|amaterasu0903|aaron|1194\n|player|p2|xenziiii|cynthia-masters|1203\n|teamsize|p1|6\n|teamsize|p2|6\n|gen|9\n|tier|[Gen 9] Doubles OU\n|rated|\n|rule|Species Clause: Limit one of each Pok\u00e9mon\n|rule|OHKO Clause: OHKO moves are banned\n|rule|Evasion Moves Clause: Evasion moves are banned\n|rule|Gravity Sleep Clause: The combination of sleep-inducing moves with imperfect accuracy and Gravity or Gigantamax Orbeetle are banned\n|rule|Endless Battle Clause: Forcing endless battles is banned\n|rule|HP Percentage Mod: HP is shown in percentages\n|clearpoke\n|poke|p1|Leafeon, F|\n|poke|p1|Ninetales, F|\n|poke|p1|Tropius, F|\n|poke|p1|Charizard, F|\n|poke|p1|Lumineon, F|\n|poke|p1|Roaring Moon|\n|poke|p2|Ambipom, F|\n|poke|p2|Garchomp, M|\n|poke|p2|Gardevoir, F|\n|poke|p2|Kleavor, F|\n|poke|p2|Chandelure, F|\n|poke|p2|Milotic, M|\n|teampreview\n|j| hicknick2\n|j| Sokino\n|\n|t:|1697664255\n|start\n|switch|p1a: Nozaki|Ninetales, F|100\/100\n|switch|p1b: Haruna|Tropius, F, shiny|100\/100\n|switch|p2a: Ambipom|Ambipom, F|100\/100\n|switch|p2b: Kleavor|Kleavor, F|100\/100\n|-weather|SunnyDay|[from] ability: Drought|[of] p1a: Nozaki\n|turn|1\n|\n|t:|1697664278\n|switch|p1a: Morimura|Leafeon, F, shiny|100\/100\n|move|p2a: Ambipom|Fake Out|p1b: Haruna\n|-damage|p1b: Haruna|65\/100\n|-damage|p2a: Ambipom|91\/100|[from] item: Life Orb\n|move|p2b: Kleavor|Tailwind|p2b: Kleavor\n|-sidestart|p2: xenziiii|move: Tailwind\n|cant|p1b: Haruna|flinch\n|\n|-weather|SunnyDay|[upkeep]\n|upkeep\n|turn|2\n|\n|t:|1697664300\n|-terastallize|p1a: Morimura|Rock\n|move|p2a: Ambipom|Double Hit|p1b: Haruna|[miss]\n|-miss|p2a: Ambipom|p1b: Haruna\n|move|p2b: Kleavor|X-Scissor|p1a: Morimura\n|-damage|p1a: Morimura|37\/100\n|move|p1a: Morimura|Swords Dance|p1a: Morimura\n|-boost|p1a: Morimura|atk|2\n|move|p1b: Haruna|Tailwind|p1b: Haruna\n|-sidestart|p1: amaterasu0903|move: Tailwind\n|\n|-weather|SunnyDay|[upkeep]\n|upkeep\n|turn|3\n|\n|t:|1697664319\n|move|p1a: Morimura|Solar Blade||[still]\n|-prepare|p1a: Morimura|Solar Blade\n|-anim|p1a: Morimura|Solar Blade|p2b: Kleavor\n|-enditem|p2b: Kleavor|Focus Sash\n|-damage|p2b: Kleavor|1\/100\n|-damage|p1a: Morimura|27\/100|[from] item: Life Orb\n|move|p2a: Ambipom|Double Hit|p1b: Haruna\n|-damage|p1b: Haruna|37\/100\n|-enditem|p1b: Haruna|Sitrus Berry|[eat]\n|-heal|p1b: Haruna|61\/100|[from] item: Sitrus Berry\n|-damage|p1b: Haruna|31\/100\n|-hitcount|p1b: Haruna|2\n|-damage|p2a: Ambipom|81\/100|[from] item: Life Orb\n|move|p2b: Kleavor|Stone Axe|p1a: Morimura|[miss]\n|-miss|p2b: Kleavor|p1a: Morimura\n|move|p1b: Haruna|Giga Drain|p2a: Ambipom\n|-damage|p2a: Ambipom|51\/100\n|-heal|p1b: Haruna|42\/100|[from] drain|[of] p2a: Ambipom\n|\n|-weather|SunnyDay|[upkeep]\n|-item|p1b: Haruna|Sitrus Berry|[from] ability: Harvest\n|upkeep\n|-enditem|p1b: Haruna|Sitrus Berry|[eat]\n|-heal|p1b: Haruna|67\/100|[from] item: Sitrus Berry\n|turn|4\n|\n|t:|1697664367\n|move|p2b: Kleavor|Protect|p2b: Kleavor\n|-singleturn|p2b: Kleavor|Protect\n|move|p1a: Morimura|Solar Blade||[still]\n|-prepare|p1a: Morimura|Solar Blade\n|-anim|p1a: Morimura|Solar Blade|p2a: Ambipom\n|-damage|p2a: Ambipom|0 fnt\n|faint|p2a: Ambipom\n|-damage|p1a: Morimura|17\/100|[from] item: Life Orb\n|move|p1b: Haruna|Giga Drain|p2b: Kleavor\n|-activate|p2b: Kleavor|move: Protect\n|\n|-weather|SunnyDay|[upkeep]\n|-sideend|p2: xenziiii|move: Tailwind\n|-item|p1b: Haruna|Sitrus Berry|[from] ability: Harvest\n|upkeep\n|\n|t:|1697664410\n|switch|p2a: Chandelure|Chandelure, F|100\/100\n|turn|5\n|\n|t:|1697664429\n|switch|p2a: Garchomp|Garchomp, M|100\/100\n|move|p1a: Morimura|Synthesis|p1a: Morimura\n|-heal|p1a: Morimura|84\/100\n|move|p2b: Kleavor|Stone Axe|p1a: Morimura\n|-damage|p1a: Morimura|30\/100\n|-sidestart|p1: amaterasu0903|move: Stealth Rock\n|move|p1b: Haruna|Giga Drain|p2b: Kleavor\n|-damage|p2b: Kleavor|0 fnt\n|-heal|p1b: Haruna|67\/100|[from] drain|[of] p2b: Kleavor\n|faint|p2b: Kleavor\n|\n|-weather|SunnyDay|[upkeep]\n|-sideend|p1: amaterasu0903|move: Tailwind\n|upkeep\n|\n|t:|1697664473\n|switch|p2b: Gardevoir|Gardevoir, F|100\/100\n|turn|6\n|\n|t:|1697664489\n|-terastallize|p2a: Garchomp|Steel\n|move|p1a: Morimura|Solar Blade||[still]\n|-prepare|p1a: Morimura|Solar Blade\n|-anim|p1a: Morimura|Solar Blade|p2a: Garchomp\n|-resisted|p2a: Garchomp\n|-damage|p2a: Garchomp|14\/100\n|-damage|p1a: Morimura|18\/100|[from] ability: Rough Skin|[of] p2a: Garchomp\n|-damage|p1a: Morimura|8\/100|[from] item: Life Orb\n|move|p2a: Garchomp|Earthquake|p1a: Morimura|[spread] p1a\n|-activate|p2b: Gardevoir|ability: Telepathy\n|-immune|p1b: Haruna\n|-supereffective|p1a: Morimura\n|-damage|p1a: Morimura|0 fnt\n|faint|p1a: Morimura\n|-damage|p2a: Garchomp|4\/100|[from] item: Life Orb\n|move|p2b: Gardevoir|Icy Wind|p1b: Haruna\n|-supereffective|p1b: Haruna\n|-damage|p1b: Haruna|28\/100\n|-unboost|p1b: Haruna|spe|1\n|-enditem|p1b: Haruna|Sitrus Berry|[eat]\n|-heal|p1b: Haruna|52\/100|[from] item: Sitrus Berry\n|move|p1b: Haruna|Tailwind|p1b: Haruna\n|-sidestart|p1: amaterasu0903|move: Tailwind\n|\n|-weather|SunnyDay|[upkeep]\n|-item|p1b: Haruna|Sitrus Berry|[from] ability: Harvest\n|upkeep\n|\n|t:|1697664513\n|switch|p1a: Gouenji|Charizard, F|100\/100\n|-damage|p1a: Gouenji|51\/100|[from] Stealth Rock\n|turn|7\n|\n|t:|1697664549\n|move|p1a: Gouenji|Heat Wave|p2b: Gardevoir|[spread] p2a,p2b\n|-supereffective|p2a: Garchomp\n|-damage|p2a: Garchomp|0 fnt\n|-damage|p2b: Gardevoir|44\/100\n|faint|p2a: Garchomp\n|move|p2b: Gardevoir|Icy Wind|p1b: Haruna|[spread] p1a,p1b\n|-crit|p1a: Gouenji\n|-supereffective|p1b: Haruna\n|-damage|p1a: Gouenji|27\/100\n|-damage|p1b: Haruna|19\/100\n|-unboost|p1a: Gouenji|spe|1\n|-unboost|p1b: Haruna|spe|1\n|-enditem|p1b: Haruna|Sitrus Berry|[eat]\n|-heal|p1b: Haruna|44\/100|[from] item: Sitrus Berry\n|move|p1b: Haruna|Giga Drain|p2b: Gardevoir\n|-damage|p2b: Gardevoir|28\/100\n|-heal|p1b: Haruna|50\/100|[from] drain|[of] p2b: Gardevoir\n|\n|-weather|SunnyDay|[upkeep]\n|-damage|p1a: Gouenji|15\/100|[from] ability: Solar Power|[of] p1a: Gouenji\n|-heal|p2b: Gardevoir|34\/100|[from] item: Leftovers\n|-item|p1b: Haruna|Sitrus Berry|[from] ability: Harvest\n|upkeep\n|-enditem|p1b: Haruna|Sitrus Berry|[eat]\n|-heal|p1b: Haruna|75\/100|[from] item: Sitrus Berry\n|\n|t:|1697664578\n|switch|p2a: Chandelure|Chandelure, F|100\/100\n|turn|8\n|c| Sokino|ngl\n|c| Sokino|i love ur team\n|c| Sokino|best sun team i have ever seen\n|c|\u2606amaterasu0903|awww tysm yours is so cool too, ambipom is one of my faves\n|c| hicknick2|It's not his team\n|c| hicknick2|it's our dumbass friend lmao\n|c|\u2606amaterasu0903|OOOOHH\n|c|\u2606xenziiii|SHUT UP HICL\n|c|\u2606amaterasu0903|I didn't check the name at all sorry\n|c| hicknick2|BRO\n|c| hicknick2|YOU'RE GETTING COOKED\n|c| Sokino|it happens\n|c| hicknick2|BY A TERA ROCK LEAFEON\n|c| hicknick2|AND TROPIUS\n|c| hicknick2|SUN TEAM\n|c|\u2606xenziiii|ALL BECAUSE OF THE STONE AXE MISS\n|c| Sokino|nah bro\n|c|\u2606xenziiii|THE STONE AXE MISSED FUCKED EVERYTHING\n|c| Sokino|give him credit\n|\n|t:|1697664656\n|move|p2b: Gardevoir|Protect|p2b: Gardevoir\n|-singleturn|p2b: Gardevoir|Protect\n|move|p1a: Gouenji|Heat Wave|p2b: Gardevoir|[spread] p2a\n|-activate|p2b: Gardevoir|move: Protect\n|-resisted|p2a: Chandelure\n|-damage|p2a: Chandelure|46\/100\n|move|p2a: Chandelure|Flamethrower|p1a: Gouenji\n|-resisted|p1a: Gouenji\n|-damage|p1a: Gouenji|0 fnt\n|faint|p1a: Gouenji\n|move|p1b: Haruna|Leech Seed|p2a: Chandelure\n|-start|p2a: Chandelure|move: Leech Seed\n|\n|-weather|none\n|-heal|p2b: Gardevoir|40\/100|[from] item: Leftovers\n|-damage|p2a: Chandelure|34\/100|[from] Leech Seed|[of] p1b: Haruna\n|-heal|p1b: Haruna|83\/100|[silent]\n|upkeep\n|c| hicknick2|I'm giving them credit\n|c| hicknick2|I like the team\n|c| hicknick2|BUT XEN\n|c|\u2606amaterasu0903|help I am just playing for fun I haven't play comp since gen 6\n|c| hicknick2|HOLY\n|\n|t:|1697664674\n|switch|p1a: Nozaki|Ninetales, F|100\/100\n|-damage|p1a: Nozaki|76\/100|[from] Stealth Rock\n|-weather|SunnyDay|[from] ability: Drought|[of] p1a: Nozaki\n|turn|9\n|c|\u2606xenziiii|its fine man\n|c| Sokino|but even then\n|c|\u2606xenziiii|(im losing horrifically)\n|c| Sokino|u made a really good team\n|c| hicknick2|I like the team\n|c| hicknick2|lumineon totally carried frfr\n|\n|t:|1697664704\n|move|p1a: Nozaki|Disable|p2a: Chandelure\n|-start|p2a: Chandelure|Disable|Flamethrower\n|cant|p2a: Chandelure|Disable|Flamethrower\n|move|p2b: Gardevoir|Life Dew|p2b: Gardevoir|[spread] p2a,p2b\n|-heal|p2a: Chandelure|59\/100\n|-heal|p2b: Gardevoir|65\/100\n|move|p1b: Haruna|Giga Drain|p2b: Gardevoir\n|-damage|p2b: Gardevoir|49\/100\n|-heal|p1b: Haruna|90\/100|[from] drain|[of] p2b: Gardevoir\n|\n|-weather|SunnyDay|[upkeep]\n|-heal|p2b: Gardevoir|56\/100|[from] item: Leftovers\n|-damage|p2a: Chandelure|46\/100|[from] Leech Seed|[of] p1b: Haruna\n|-heal|p1b: Haruna|98\/100|[silent]\n|-sideend|p1: amaterasu0903|move: Tailwind\n|-item|p1b: Haruna|Sitrus Berry|[from] ability: Harvest\n|upkeep\n|turn|10\n|c|\u2606xenziiii|DISABLE?\n|c|\u2606xenziiii|FUCKING DISABLE?\n|c| Sokino|BRO\n|c| Sokino|THIS TEAM\n|c|\u2606amaterasu0903|help I can't\n|c| Sokino|IS SO GOOD\n|c|\u2606amaterasu0903|:sob\n|c| hicknick2|LOOOOOOOOL\n|c| hicknick2|THIS IS SO GOOD\n|c| Sokino|i am not even joking\n|c|\u2606xenziiii|im gonna sob\n|\n|t:|1697664738\n|switch|p1a: Someoka|Roaring Moon, shiny|100\/100\n|-damage|p1a: Someoka|88\/100|[from] Stealth Rock\n|-activate|p1a: Someoka|ability: Protosynthesis\n|-start|p1a: Someoka|protosynthesisatk\n|switch|p2a: Milotic|Milotic, M|100\/100\n|move|p2b: Gardevoir|Life Dew||[still]|[spread] p2a,p2b\n|-fail|p2a: Milotic|heal\n|-heal|p2b: Gardevoir|80\/100\n|move|p1b: Haruna|Tailwind|p1b: Haruna\n|-sidestart|p1: amaterasu0903|move: Tailwind\n|\n|-weather|SunnyDay|[upkeep]\n|-heal|p2b: Gardevoir|87\/100|[from] item: Leftovers\n|-status|p2a: Milotic|brn|[from] item: Flame Orb\n|upkeep\n|turn|11\n|c| hicknick2|Sok sh sh\n|c| hicknick2|let's wtach\n|c| hicknick2|watch*\n|c| Sokino|this is probably one of the best teams i have seen in a while\n|\n|t:|1697664771\n|move|p1a: Someoka|Knock Off|p2b: Gardevoir\n|-damage|p2b: Gardevoir|0 fnt\n|-enditem|p2b: Gardevoir|Leftovers|[from] move: Knock Off|[of] p1a: Someoka\n|faint|p2b: Gardevoir\n|move|p2a: Milotic|Ice Beam|p1a: Someoka\n|-supereffective|p1a: Someoka\n|-crit|p1a: Someoka\n|-damage|p1a: Someoka|40\/100\n|move|p1b: Haruna|Leech Seed|p2a: Milotic\n|-start|p2a: Milotic|move: Leech Seed\n|\n|-weather|SunnyDay|[upkeep]\n|-damage|p2a: Milotic|88\/100 brn|[from] Leech Seed|[of] p1b: Haruna\n|-heal|p1b: Haruna|100\/100|[silent]\n|-damage|p2a: Milotic|82\/100 brn|[from] brn\n|upkeep\n|\n|t:|1697664794\n|switch|p2b: Chandelure|Chandelure, F|46\/100\n|turn|12\n|c|\u2606amaterasu0903|help I can't tell if its sarcasm but sobbing\n|c| hicknick2|Sok\n|\n|t:|1697664814\n|switch|p1b: Hamano|Lumineon, F, shiny|100\/100\n|-damage|p1b: Hamano|88\/100|[from] Stealth Rock\n|move|p1a: Someoka|Earthquake|p2a: Milotic|[spread] p1b,p2a,p2b\n|-supereffective|p2b: Chandelure\n|-damage|p1b: Hamano|46\/100\n|-damage|p2a: Milotic|57\/100 brn\n|-damage|p2b: Chandelure|0 fnt\n|faint|p2b: Chandelure\n|move|p2a: Milotic|Ice Beam|p1b: Hamano\n|-resisted|p1b: Hamano\n|-damage|p1b: Hamano|29\/100\n|\n|-weather|SunnyDay|[upkeep]\n|-heal|p1b: Hamano|35\/100|[from] item: Leftovers\n|-damage|p2a: Milotic|44\/100 brn|[from] Leech Seed|[of] p1b: Hamano\n|-heal|p1b: Hamano|49\/100|[silent]\n|-damage|p2a: Milotic|38\/100 brn|[from] brn\n|upkeep\n|turn|13\n|c| hicknick2|Remember that one team with the uhhh\n|c| hicknick2|what's it called\n|c| Sokino|no i am not using sarcasm\n|c| Sokino|this is legit\n|c| Sokino|one of the best teams i have seen in a while\n|c| hicknick2|Volbeat\n|c| hicknick2|The volbeat team\n|c| hicknick2|remember?\n|c| Sokino|NAH\n|\n|t:|1697664837\n|move|p1b: Hamano|Helping Hand|p1a: Someoka\n|-singleturn|p1a: Someoka|Helping Hand|[of] p1b: Hamano\n|move|p1a: Someoka|Scale Shot|p2a: Milotic\n|-damage|p2a: Milotic|19\/100 brn\n|-damage|p2a: Milotic|1\/100 brn\n|-damage|p2a: Milotic|0 fnt\n|faint|p2a: Milotic\n|-hitcount|p2: Milotic|3\n|\n|win|amaterasu0903\n|raw|amaterasu0903's rating: 1194 &rarr; <strong>1220<\/strong><br \/>(+26 for winning)\n|raw|xenziiii's rating: 1203 &rarr; <strong>1177<\/strong><br \/>(-26 for losing)\n|c| Sokino|let volbeat be\n|c| hicknick2|NO NO\n|c| hicknick2|BUT REMEMBER THE DUDE\n|c|\u2606xenziiii|im never recovering from this\n|c| hicknick2|HAD LIKE\n|c|\u2606amaterasu0903|it was nice fighting you and having your guys' company gg\n|c|\u2606xenziiii|gg\n|c| Sokino|gg\n|c| hicknick2|gg\n|c| hicknick2|xen\n|c| hicknick2|never play again\n","uploadtime":1697664713,"views":12,"p1id":"amaterasu0903","p2id":"xenziiii","formatid":"gen9doublesou","rating":1177,"private":0,"password":""}