{"id":"gen9doublesou-1984348460","p1":"sleepcooling","p2":"Joecheve13","format":"[Gen 9] Doubles OU","log":"|j|\u2606sleepcooling\n|j|\u2606Joecheve13\n|t:|1699247431\n|gametype|doubles\n|player|p1|sleepcooling|gloria|1420\n|player|p2|Joecheve13|richboy-gen4|1470\n|teamsize|p1|6\n|teamsize|p2|6\n|gen|9\n|tier|[Gen 9] Doubles OU\n|rated|\n|rule|Species Clause: Limit one of each Pok\u00e9mon\n|rule|OHKO Clause: OHKO moves are banned\n|rule|Evasion Moves Clause: Evasion moves are banned\n|rule|Gravity Sleep Clause: The combination of sleep-inducing moves with imperfect accuracy and Gravity or Gigantamax Orbeetle are banned\n|rule|Endless Battle Clause: Forcing endless battles is banned\n|rule|HP Percentage Mod: HP is shown in percentages\n|clearpoke\n|poke|p1|Golduck, F|\n|poke|p1|Murkrow, M|\n|poke|p1|Kommo-o, F|\n|poke|p1|Volcarona, M|\n|poke|p1|Sinistcha-Masterpiece|\n|poke|p1|Chi-Yu|\n|poke|p2|Pelipper, F|\n|poke|p2|Tinkaton, F|\n|poke|p2|Landorus, M|\n|poke|p2|Tornadus, M|\n|poke|p2|Goodra-Hisui, F|\n|poke|p2|Chien-Pao|\n|teampreview\n|\n|t:|1699247448\n|start\n|switch|p1a: ting lu|Kommo-o, F|100\/100\n|switch|p1b: \u505c\u9e7f|Golduck, F|100\/100\n|switch|p2a: Tinkaton|Tinkaton, F|100\/100\n|switch|p2b: Chien-Pao|Chien-Pao|100\/100\n|-ability|p2b: Chien-Pao|Sword of Ruin\n|-ability|p1b: \u505c\u9e7f|Cloud Nine\n|turn|1\n|inactive|Battle timer is ON: inactive players will automatically lose when time's up. (requested by Joecheve13)\n|inactive|sleepcooling has 120 seconds left.\n|\n|t:|1699247496\n|move|p1a: ting lu|Protect|p1a: ting lu\n|-singleturn|p1a: ting lu|Protect\n|move|p2a: Tinkaton|Fake Out|p1b: \u505c\u9e7f\n|-damage|p1b: \u505c\u9e7f|84\/100\n|move|p2b: Chien-Pao|Taunt|p1a: ting lu\n|-activate|p1a: ting lu|move: Protect\n|move|p1b: \u505c\u9e7f|Icy Wind|p2b: Chien-Pao|[spread] p2a,p2b\n|-resisted|p2a: Tinkaton\n|-resisted|p2b: Chien-Pao\n|-damage|p2a: Tinkaton|98\/100\n|-damage|p2b: Chien-Pao|94\/100\n|-unboost|p2a: Tinkaton|spe|1\n|-unboost|p2b: Chien-Pao|spe|1\n|\n|upkeep\n|turn|2\n|inactive|Joecheve13 has 120 seconds left.\n|j| La_Colonia\n|\n|t:|1699247537\n|-terastallize|p1a: ting lu|Normal\n|move|p1b: \u505c\u9e7f|Simple Beam|p1a: ting lu\n|-endability|p1a: ting lu|Overcoat|[from] move: Simple Beam\n|-ability|p1a: ting lu|Simple|[from] move: Simple Beam\n|move|p1a: ting lu|Clangorous Soul|p1a: ting lu\n|-boost|p1a: ting lu|atk|2\n|-boost|p1a: ting lu|def|2\n|-boost|p1a: ting lu|spa|2\n|-boost|p1a: ting lu|spd|2\n|-boost|p1a: ting lu|spe|2\n|-damage|p1a: ting lu|68\/100\n|move|p2b: Chien-Pao|Taunt|p1a: ting lu\n|-start|p1a: ting lu|move: Taunt\n|move|p2a: Tinkaton|Play Rough|p1a: ting lu|[miss]\n|-miss|p2a: Tinkaton|p1a: ting lu\n|\n|-heal|p1a: ting lu|74\/100|[from] item: Leftovers\n|upkeep\n|turn|3\n|inactive|Joecheve13 has 120 seconds left.\n|\n|t:|1699247559\n|move|p2b: Chien-Pao|Sucker Punch|p1a: ting lu\n|-damage|p1a: ting lu|50\/100\n|move|p1a: ting lu|Drain Punch|p2b: Chien-Pao\n|-supereffective|p2b: Chien-Pao\n|-damage|p2b: Chien-Pao|0 fnt\n|-heal|p1a: ting lu|93\/100|[from] drain|[of] p2b: Chien-Pao\n|faint|p2b: Chien-Pao\n|move|p1b: \u505c\u9e7f|Yawn|p2a: Tinkaton\n|-start|p2a: Tinkaton|move: Yawn|[of] p1b: \u505c\u9e7f\n|move|p2a: Tinkaton|Gigaton Hammer|p1a: ting lu\n|-damage|p1a: ting lu|65\/100\n|\n|-heal|p1a: ting lu|71\/100|[from] item: Leftovers\n|upkeep\n|inactive|Joecheve13 has 120 seconds left.\n|\n|t:|1699247578\n|switch|p2b: Goodra|Goodra-Hisui, F|100\/100\n|turn|4\n|\n|t:|1699247591\n|switch|p2a: Pelipper|Pelipper, F|100\/100\n|-weather|RainDance|[from] ability: Drizzle|[of] p2a: Pelipper\n|move|p1b: \u505c\u9e7f|Helping Hand|p1a: ting lu\n|-singleturn|p1a: ting lu|Helping Hand|[of] p1b: \u505c\u9e7f\n|move|p1a: ting lu|Dragon Pulse|p2b: Goodra\n|-damage|p2b: Goodra|29\/100\n|move|p2b: Goodra|Dragon Tail|p1a: ting lu\n|-damage|p1a: ting lu|62\/100\n|drag|p1a: \u4f60\u5e72\u561b\u54c8\u54c8\u54ce\u54df|Sinistcha-Masterpiece|100\/100\n|-heal|p1b: \u505c\u9e7f|100\/100|[from] ability: Hospitality|[of] p1a: \u4f60\u5e72\u561b\u54c8\u54c8\u54ce\u54df\n|\n|-weather|RainDance|[upkeep]\n|-heal|p2b: Goodra|35\/100|[from] item: Leftovers\n|upkeep\n|turn|5\n|inactive|sleepcooling has 120 seconds left.\n|inactive|Joecheve13 has 120 seconds left.\n|\n|t:|1699247623\n|switch|p1a: ting lu|Kommo-o, F, tera:Normal|62\/100\n|move|p1b: \u505c\u9e7f|Yawn|p2b: Goodra\n|-start|p2b: Goodra|move: Yawn|[of] p1b: \u505c\u9e7f\n|move|p2a: Pelipper|Hurricane|p1a: ting lu\n|-damage|p1a: ting lu|28\/100\n|-start|p1a: ting lu|confusion\n|move|p2b: Goodra|Life Dew||[still]|[spread] p2a,p2b\n|-fail|p2a: Pelipper|heal\n|-heal|p2b: Goodra|60\/100\n|\n|-weather|RainDance|[upkeep]\n|-heal|p1a: ting lu|34\/100|[from] item: Leftovers\n|-heal|p2b: Goodra|66\/100|[from] item: Leftovers\n|upkeep\n|turn|6\n|inactive|sleepcooling has 120 seconds left.\n|inactive|Joecheve13 has 120 seconds left.\n|\n|t:|1699247659\n|switch|p1b: \u4f60\u5e72\u561b\u54c8\u54c8\u54ce\u54df|Sinistcha-Masterpiece|100\/100\n|-heal|p1a: ting lu|59\/100|[from] ability: Hospitality|[of] p1b: \u4f60\u5e72\u561b\u54c8\u54c8\u54ce\u54df\n|-activate|p1a: ting lu|confusion\n|move|p1a: ting lu|Protect|p1a: ting lu\n|-singleturn|p1a: ting lu|Protect\n|move|p2a: Pelipper|Hurricane|p1a: ting lu\n|-activate|p1a: ting lu|move: Protect\n|move|p2b: Goodra|Dragon Tail|p1a: ting lu\n|-activate|p1a: ting lu|move: Protect\n|\n|-weather|RainDance|[upkeep]\n|-heal|p1a: ting lu|65\/100|[from] item: Leftovers\n|-heal|p2b: Goodra|72\/100|[from] item: Leftovers\n|-end|p2b: Goodra|move: Yawn|[silent]\n|-status|p2b: Goodra|slp\n|upkeep\n|turn|7\n|inactive|sleepcooling has 120 seconds left.\n|\n|t:|1699247678\n|switch|p2b: Tinkaton|Tinkaton, F|98\/100\n|-activate|p1a: ting lu|confusion\n|-damage|p1a: ting lu|56\/100|[from] confusion\n|move|p1b: \u4f60\u5e72\u561b\u54c8\u54c8\u54ce\u54df|Life Dew||[still]|[spread] p1a,p1b\n|-heal|p1a: ting lu|81\/100\n|-fail|p1b: \u4f60\u5e72\u561b\u54c8\u54c8\u54ce\u54df|heal\n|move|p2a: Pelipper|Hurricane|p1b: \u4f60\u5e72\u561b\u54c8\u54c8\u54ce\u54df\n|-supereffective|p1b: \u4f60\u5e72\u561b\u54c8\u54c8\u54ce\u54df\n|-damage|p1b: \u4f60\u5e72\u561b\u54c8\u54c8\u54ce\u54df|43\/100\n|-enditem|p1b: \u4f60\u5e72\u561b\u54c8\u54c8\u54ce\u54df|Sitrus Berry|[eat]\n|-heal|p1b: \u4f60\u5e72\u561b\u54c8\u54c8\u54ce\u54df|68\/100|[from] item: Sitrus Berry\n|\n|-weather|RainDance|[upkeep]\n|-heal|p1a: ting lu|87\/100|[from] item: Leftovers\n|upkeep\n|turn|8\n|inactive|sleepcooling has 120 seconds left.\n|\n|t:|1699247704\n|-end|p1a: ting lu|confusion\n|move|p1a: ting lu|Protect|p1a: ting lu\n|-singleturn|p1a: ting lu|Protect\n|move|p2b: Tinkaton|Fake Out|p1a: ting lu\n|-activate|p1a: ting lu|move: Protect\n|move|p1b: \u4f60\u5e72\u561b\u54c8\u54c8\u54ce\u54df|Matcha Gotcha|p2b: Tinkaton|[spread] p2a\n|-miss|p1b: \u4f60\u5e72\u561b\u54c8\u54c8\u54ce\u54df|p2b: Tinkaton\n|-damage|p2a: Pelipper|77\/100\n|-heal|p1b: \u4f60\u5e72\u561b\u54c8\u54c8\u54ce\u54df|79\/100|[from] drain|[of] p2a: Pelipper\n|move|p2a: Pelipper|Hurricane|p1b: \u4f60\u5e72\u561b\u54c8\u54c8\u54ce\u54df\n|-supereffective|p1b: \u4f60\u5e72\u561b\u54c8\u54c8\u54ce\u54df\n|-crit|p1b: \u4f60\u5e72\u561b\u54c8\u54c8\u54ce\u54df\n|-damage|p1b: \u4f60\u5e72\u561b\u54c8\u54c8\u54ce\u54df|0 fnt\n|faint|p1b: \u4f60\u5e72\u561b\u54c8\u54c8\u54ce\u54df\n|\n|-weather|RainDance|[upkeep]\n|-heal|p1a: ting lu|93\/100|[from] item: Leftovers\n|upkeep\n|inactive|sleepcooling has 120 seconds left.\n|\n|t:|1699247719\n|switch|p1b: \u505c\u9e7f|Golduck, F|100\/100\n|-ability|p1b: \u505c\u9e7f|Cloud Nine\n|turn|9\n|\n|t:|1699247735\n|move|p2a: Pelipper|Helping Hand|p2b: Tinkaton\n|-singleturn|p2b: Tinkaton|Helping Hand|[of] p2a: Pelipper\n|move|p1b: \u505c\u9e7f|Simple Beam|p1a: ting lu\n|-endability|p1a: ting lu|Overcoat|[from] move: Simple Beam\n|-ability|p1a: ting lu|Simple|[from] move: Simple Beam\n|move|p1a: ting lu|Clangorous Soul|p1a: ting lu\n|-boost|p1a: ting lu|atk|2\n|-boost|p1a: ting lu|def|2\n|-boost|p1a: ting lu|spa|2\n|-boost|p1a: ting lu|spd|2\n|-boost|p1a: ting lu|spe|2\n|-damage|p1a: ting lu|60\/100\n|move|p2b: Tinkaton|Gigaton Hammer|p1a: ting lu\n|-damage|p1a: ting lu|20\/100\n|\n|-weather|RainDance|[upkeep]\n|-heal|p1a: ting lu|26\/100|[from] item: Leftovers\n|upkeep\n|turn|10\n|\n|t:|1699247765\n|switch|p2a: Goodra|Goodra-Hisui, F|72\/100 slp\n|move|p1a: ting lu|Protect|p1a: ting lu\n|-singleturn|p1a: ting lu|Protect\n|move|p1b: \u505c\u9e7f|Yawn||[still]\n|-fail|p1b: \u505c\u9e7f\n|move|p2b: Tinkaton|Play Rough|p1a: ting lu\n|-activate|p1a: ting lu|move: Protect\n|\n|-weather|RainDance|[upkeep]\n|-heal|p1a: ting lu|32\/100|[from] item: Leftovers\n|-heal|p2a: Goodra|78\/100 slp|[from] item: Leftovers\n|upkeep\n|turn|11\n|\n|t:|1699247787\n|move|p1a: ting lu|Drain Punch|p2a: Goodra\n|-supereffective|p2a: Goodra\n|-damage|p2a: Goodra|0 fnt\n|-heal|p1a: ting lu|75\/100|[from] drain|[of] p2a: Goodra\n|faint|p2a: Goodra\n|move|p1b: \u505c\u9e7f|Yawn|p2b: Tinkaton\n|-start|p2b: Tinkaton|move: Yawn|[of] p1b: \u505c\u9e7f\n|move|p2b: Tinkaton|Gigaton Hammer|p1a: ting lu\n|-damage|p1a: ting lu|48\/100\n|\n|-weather|none\n|-heal|p1a: ting lu|54\/100|[from] item: Leftovers\n|upkeep\n|l| La_Colonia\n|inactive|Joecheve13 has 120 seconds left.\n|\n|t:|1699247828\n|switch|p2a: Tornadus|Tornadus, M|100\/100\n|turn|12\n|inactive|sleepcooling has 120 seconds left.\n|\n|t:|1699247880\n|switch|p2b: Landorus|Landorus, M|100\/100\n|move|p1a: ting lu|Protect|p1a: ting lu\n|-singleturn|p1a: ting lu|Protect\n|move|p2a: Tornadus|Tailwind|p2a: Tornadus\n|-sidestart|p2: Joecheve13|move: Tailwind\n|move|p1b: \u505c\u9e7f|Icy Wind|p2a: Tornadus|[spread] p2a,p2b\n|-supereffective|p2a: Tornadus\n|-supereffective|p2b: Landorus\n|-damage|p2a: Tornadus|80\/100\n|-damage|p2b: Landorus|43\/100\n|-unboost|p2a: Tornadus|spe|1\n|-unboost|p2b: Landorus|spe|1\n|\n|-heal|p1a: ting lu|60\/100|[from] item: Leftovers\n|upkeep\n|turn|13\n|inactive|sleepcooling has 120 seconds left.\n|inactive|Joecheve13 has 120 seconds left.\n|\n|t:|1699247911\n|move|p1a: ting lu|Drain Punch|p2a: Tornadus\n|-resisted|p2a: Tornadus\n|-crit|p2a: Tornadus\n|-damage|p2a: Tornadus|36\/100\n|-heal|p1a: ting lu|84\/100|[from] drain|[of] p2a: Tornadus\n|move|p2b: Landorus|Stealth Rock|p1b: \u505c\u9e7f\n|-sidestart|p1: sleepcooling|move: Stealth Rock\n|move|p2a: Tornadus|Bleakwind Storm|p1b: \u505c\u9e7f|[spread] p1a,p1b\n|-damage|p1a: ting lu|62\/100\n|-damage|p1b: \u505c\u9e7f|48\/100\n|move|p1b: \u505c\u9e7f|Icy Wind|p2b: Landorus|[spread] p2a,p2b\n|-supereffective|p2a: Tornadus\n|-supereffective|p2b: Landorus\n|-damage|p2a: Tornadus|14\/100\n|-damage|p2b: Landorus|0 fnt\n|-unboost|p2a: Tornadus|spe|1\n|faint|p2b: Landorus\n|\n|-heal|p1a: ting lu|68\/100|[from] item: Leftovers\n|upkeep\n|\n|t:|1699247926\n|switch|p2b: Tinkaton|Tinkaton, F|98\/100\n|turn|14\n|\n|t:|1699247939\n|move|p1a: ting lu|Protect|p1a: ting lu\n|-singleturn|p1a: ting lu|Protect\n|move|p2b: Tinkaton|Fake Out|p1b: \u505c\u9e7f\n|-damage|p1b: \u505c\u9e7f|37\/100\n|move|p2a: Tornadus|Swagger|p2b: Tinkaton\n|-boost|p2b: Tinkaton|atk|2\n|-immune|p2b: Tinkaton|confusion|[from] ability: Own Tempo\n|move|p1b: \u505c\u9e7f|Yawn|p2b: Tinkaton\n|-start|p2b: Tinkaton|move: Yawn|[of] p1b: \u505c\u9e7f\n|\n|-heal|p1a: ting lu|74\/100|[from] item: Leftovers\n|upkeep\n|turn|15\n|\n|t:|1699247962\n|move|p2a: Tornadus|Swagger|p2b: Tinkaton\n|-boost|p2b: Tinkaton|atk|2\n|-immune|p2b: Tinkaton|confusion|[from] ability: Own Tempo\n|move|p1a: ting lu|Drain Punch|p2b: Tinkaton\n|-damage|p2b: Tinkaton|36\/100\n|-heal|p1a: ting lu|100\/100|[from] drain|[of] p2b: Tinkaton\n|move|p2b: Tinkaton|Gigaton Hammer|p1a: ting lu\n|-damage|p1a: ting lu|16\/100\n|move|p1b: \u505c\u9e7f|Icy Wind|p2b: Tinkaton|[spread] p2a,p2b\n|-supereffective|p2a: Tornadus\n|-resisted|p2b: Tinkaton\n|-crit|p2b: Tinkaton\n|-damage|p2a: Tornadus|0 fnt\n|-damage|p2b: Tinkaton|32\/100\n|-unboost|p2b: Tinkaton|spe|1\n|faint|p2a: Tornadus\n|\n|-heal|p1a: ting lu|22\/100|[from] item: Leftovers\n|-end|p2b: Tinkaton|move: Yawn|[silent]\n|-status|p2b: Tinkaton|slp\n|-sideend|p2: Joecheve13|move: Tailwind\n|upkeep\n|-message|Joecheve13 forfeited.\n|\n|win|sleepcooling\n|raw|sleepcooling's rating: 1420 &rarr; <strong>1441<\/strong><br \/>(+21 for winning)\n|raw|Joecheve13's rating: 1444 &rarr; <strong>1423<\/strong><br \/>(-21 for losing)\n|l|\u2606Joecheve13\n","uploadtime":1699248461,"views":8,"p1id":"sleepcooling","p2id":"joecheve13","formatid":"gen9doublesou","rating":1423,"private":0,"password":""}