{"id":"gen9doublesou-1988875800","p1":"UY QUE RICO PAPI","p2":"Joecheve13","format":"[Gen 9] Doubles OU","log":"|j|\u2606UY QUE RICO PAPI\n|j|\u2606Joecheve13\n|t:|1699778992\n|gametype|doubles\n|player|p1|UY QUE RICO PAPI|101|1367\n|player|p2|Joecheve13|grimsley|1549\n|teamsize|p1|6\n|teamsize|p2|6\n|gen|9\n|tier|[Gen 9] Doubles OU\n|rated|\n|rule|Species Clause: Limit one of each Pok\u00e9mon\n|rule|OHKO Clause: OHKO moves are banned\n|rule|Evasion Moves Clause: Evasion moves are banned\n|rule|Gravity Sleep Clause: The combination of sleep-inducing moves with imperfect accuracy and Gravity or Gigantamax Orbeetle are banned\n|rule|Endless Battle Clause: Forcing endless battles is banned\n|rule|HP Percentage Mod: HP is shown in percentages\n|clearpoke\n|poke|p1|Bronzong|\n|poke|p1|Weavile, M|\n|poke|p1|Hatterene, F|\n|poke|p1|Ursaluna, M|\n|poke|p1|Trevenant, M|\n|poke|p1|Orthworm, M|\n|poke|p2|Iron Hands|\n|poke|p2|Landorus, M|\n|poke|p2|Tinkaton, F|\n|poke|p2|Tornadus, M|\n|poke|p2|Ogerpon-Wellspring, F|\n|poke|p2|Goodra-Hisui, F|\n|teampreview\n|inactive|Battle timer is ON: inactive players will automatically lose when time's up. (requested by UY QUE RICO PAPI)\n|\n|t:|1699779002\n|start\n|switch|p1a: Bronzong|Bronzong|100\/100\n|switch|p1b: Weavile|Weavile, M|100\/100\n|switch|p2a: Tornadus|Tornadus, M|100\/100\n|switch|p2b: Tinkaton|Tinkaton, F|100\/100\n|turn|1\n|c|\u2606UY QUE RICO PAPI|UY QUE RICO BEBE\n|c|\u2606UY QUE RICO PAPI|ME TIENES MOJADITA PAPI\n|inactive|UY QUE RICO PAPI has 120 seconds left.\n|inactive|Joecheve13 has 120 seconds left.\n|\n|t:|1699779038\n|move|p1a: Bronzong|Protect|p1a: Bronzong\n|-singleturn|p1a: Bronzong|Protect\n|move|p2b: Tinkaton|Fake Out|p1a: Bronzong\n|-activate|p1a: Bronzong|move: Protect\n|move|p2a: Tornadus|Rain Dance|p2a: Tornadus\n|-weather|RainDance\n|move|p1b: Weavile|Taunt|p2a: Tornadus\n|-start|p2a: Tornadus|move: Taunt\n|\n|-weather|RainDance|[upkeep]\n|upkeep\n|turn|2\n|inactive|Joecheve13 has 120 seconds left.\n|\n|t:|1699779067\n|move|p1b: Weavile|Ice Shard|p2a: Tornadus\n|-supereffective|p2a: Tornadus\n|-damage|p2a: Tornadus|47\/100\n|move|p2a: Tornadus|Bleakwind Storm|p1b: Weavile|[spread] p1a,p1b\n|-resisted|p1a: Bronzong\n|-damage|p1a: Bronzong|81\/100\n|-damage|p1b: Weavile|43\/100\n|move|p2b: Tinkaton|Gigaton Hammer|p1a: Bronzong\n|-resisted|p1a: Bronzong\n|-damage|p1a: Bronzong|53\/100\n|move|p1a: Bronzong|Trick Room|p1a: Bronzong\n|-fieldstart|move: Trick Room|[of] p1a: Bronzong\n|\n|-weather|RainDance|[upkeep]\n|upkeep\n|turn|3\n|\n|t:|1699779081\n|move|p1b: Weavile|Ice Shard|p2a: Tornadus\n|-supereffective|p2a: Tornadus\n|-damage|p2a: Tornadus|0 fnt\n|faint|p2a: Tornadus\n|move|p1a: Bronzong|Stealth Rock|p2b: Tinkaton\n|-sidestart|p2: Joecheve13|move: Stealth Rock\n|move|p2b: Tinkaton|Brick Break|p1b: Weavile\n|-supereffective|p1b: Weavile\n|-damage|p1b: Weavile|0 fnt\n|faint|p1b: Weavile\n|\n|-weather|RainDance|[upkeep]\n|upkeep\n|\n|t:|1699779097\n|switch|p2a: Goodra|Goodra-Hisui, F|100\/100\n|switch|p1b: Ursaluna|Ursaluna, M|100\/100\n|-damage|p2a: Goodra|94\/100|[from] Stealth Rock\n|turn|4\n|\n|t:|1699779114\n|switch|p2b: Landorus|Landorus, M|100\/100\n|-damage|p2b: Landorus|88\/100|[from] Stealth Rock\n|-terastallize|p2a: Goodra|Water\n|move|p1b: Ursaluna|Protect|p1b: Ursaluna\n|-singleturn|p1b: Ursaluna|Protect\n|move|p1a: Bronzong|Steel Beam|p2b: Landorus\n|-damage|p2b: Landorus|2\/100\n|-damage|p1a: Bronzong|3\/100|[from] steelbeam\n|move|p2a: Goodra|Muddy Water|p1a: Bronzong|[spread] p1a\n|-activate|p1b: Ursaluna|move: Protect\n|-damage|p1a: Bronzong|0 fnt\n|faint|p1a: Bronzong\n|\n|-weather|RainDance|[upkeep]\n|-status|p1b: Ursaluna|brn|[from] item: Flame Orb\n|upkeep\n|inactive|UY QUE RICO PAPI has 120 seconds left.\n|\n|t:|1699779155\n|switch|p1a: Trevenant|Trevenant, M|100\/100\n|turn|5\n|\n|t:|1699779172\n|move|p2b: Landorus|Protect|p2b: Landorus\n|-singleturn|p2b: Landorus|Protect\n|move|p1b: Ursaluna|Facade|p2a: Goodra\n|-damage|p2a: Goodra|0 fnt\n|faint|p2a: Goodra\n|move|p1a: Trevenant|Disable|p2b: Landorus\n|-activate|p2b: Landorus|move: Protect\n|\n|-weather|none\n|-damage|p1b: Ursaluna|94\/100 brn|[from] brn\n|upkeep\n|\n|t:|1699779188\n|switch|p2a: Tinkaton|Tinkaton, F|100\/100\n|-damage|p2a: Tinkaton|94\/100|[from] Stealth Rock\n|turn|6\n|\n|t:|1699779206\n|move|p1b: Ursaluna|Protect|p1b: Ursaluna\n|-singleturn|p1b: Ursaluna|Protect\n|move|p2a: Tinkaton|Fake Out|p1b: Ursaluna\n|-activate|p1b: Ursaluna|move: Protect\n|move|p1a: Trevenant|Destiny Bond|p1a: Trevenant\n|-singlemove|p1a: Trevenant|Destiny Bond\n|move|p2b: Landorus|Sludge Bomb|p1a: Trevenant\n|-damage|p1a: Trevenant|69\/100\n|\n|-damage|p1b: Ursaluna|88\/100 brn|[from] brn\n|-fieldend|move: Trick Room\n|upkeep\n|turn|7\n|\n|t:|1699779222\n|switch|p1b: Orthworm|Orthworm, M|100\/100\n|move|p2b: Landorus|Sandsear Storm|p1b: Orthworm|[spread] p1a\n|-immune|p1b: Orthworm|[from] ability: Earth Eater\n|-resisted|p1a: Trevenant\n|-damage|p1a: Trevenant|52\/100\n|move|p2a: Tinkaton|Gigaton Hammer|p1b: Orthworm\n|-resisted|p1b: Orthworm\n|-damage|p1b: Orthworm|78\/100\n|move|p1a: Trevenant|Trick Room|p1a: Trevenant\n|-fieldstart|move: Trick Room|[of] p1a: Trevenant\n|\n|upkeep\n|turn|8\n|\n|t:|1699779240\n|move|p1a: Trevenant|Destiny Bond|p1a: Trevenant\n|-singlemove|p1a: Trevenant|Destiny Bond\n|move|p1b: Orthworm|Shed Tail|p1b: Orthworm\n|-start|p1b: Orthworm|Substitute|[from] move: Shed Tail\n|-damage|p1b: Orthworm|28\/100\n|-enditem|p1b: Orthworm|Sitrus Berry|[eat]\n|-heal|p1b: Orthworm|53\/100|[from] item: Sitrus Berry\n|\n|t:|1699779247\n|switch|p1b: Ursaluna|Ursaluna, M|88\/100 brn|[from] Shed Tail\n|move|p2a: Tinkaton|Brick Break|p1b: Ursaluna\n|-supereffective|p1b: Ursaluna\n|-end|p1b: Ursaluna|Substitute\n|move|p2b: Landorus|Sludge Bomb|p1a: Trevenant\n|-damage|p1a: Trevenant|22\/100\n|-enditem|p1a: Trevenant|Sitrus Berry|[eat]\n|-heal|p1a: Trevenant|47\/100|[from] item: Sitrus Berry\n|\n|-damage|p1b: Ursaluna|82\/100 brn|[from] brn\n|-item|p1a: Trevenant|Sitrus Berry|[from] ability: Harvest\n|upkeep\n|-enditem|p1a: Trevenant|Sitrus Berry|[eat]\n|-heal|p1a: Trevenant|72\/100|[from] item: Sitrus Berry\n|turn|9\n|inactive|UY QUE RICO PAPI has 120 seconds left.\n|\n|t:|1699779284\n|switch|p2a: Ogerpon|Ogerpon-Wellspring, F|100\/100\n|-damage|p2a: Ogerpon|88\/100|[from] Stealth Rock\n|move|p1b: Ursaluna|Hammer Arm|p2a: Ogerpon\n|-damage|p2a: Ogerpon|10\/100\n|-unboost|p1b: Ursaluna|spe|1\n|move|p1a: Trevenant|Disable||[still]\n|-fail|p1a: Trevenant\n|move|p2b: Landorus|Sludge Bomb|p1a: Trevenant\n|-damage|p1a: Trevenant|43\/100\n|\n|-damage|p1b: Ursaluna|75\/100 brn|[from] brn\n|upkeep\n|turn|10\n|\n|t:|1699779307\n|move|p2a: Ogerpon|Spiky Shield|p2a: Ogerpon\n|-singleturn|p2a: Ogerpon|move: Protect\n|move|p1b: Ursaluna|Facade|p2a: Ogerpon\n|-activate|p2a: Ogerpon|move: Protect\n|-damage|p1b: Ursaluna|63\/100 brn|[from] Spiky Shield|[of] p2a: Ogerpon\n|move|p1a: Trevenant|Destiny Bond|p1a: Trevenant\n|-singlemove|p1a: Trevenant|Destiny Bond\n|move|p2b: Landorus|Sandsear Storm|p1b: Ursaluna|[spread] p1a,p1b\n|-resisted|p1a: Trevenant\n|-damage|p1a: Trevenant|25\/100\n|-damage|p1b: Ursaluna|21\/100 brn\n|\n|-damage|p1b: Ursaluna|15\/100 brn|[from] brn\n|upkeep\n|turn|11\n|inactive|UY QUE RICO PAPI has 120 seconds left.\n|inactive|UY QUE RICO PAPI has 90 seconds left.\n|\n|t:|1699779375\n|switch|p2a: Tinkaton|Tinkaton, F|94\/100\n|-damage|p2a: Tinkaton|88\/100|[from] Stealth Rock\n|move|p1b: Ursaluna|Hammer Arm|p2a: Tinkaton\n|-damage|p2a: Tinkaton|19\/100\n|-unboost|p1b: Ursaluna|spe|1\n|move|p1a: Trevenant|Disable|p2b: Landorus\n|-start|p2b: Landorus|Disable|Sandsear Storm\n|cant|p2b: Landorus|Disable|Sandsear Storm\n|\n|-damage|p1b: Ursaluna|8\/100 brn|[from] brn\n|-fieldend|move: Trick Room\n|upkeep\n|turn|12\n|inactive|UY QUE RICO PAPI has 90 seconds left.\n|\n|t:|1699779419\n|move|p2a: Tinkaton|Fake Out|p1b: Ursaluna\n|-damage|p1b: Ursaluna|1\/100 brn\n|move|p2b: Landorus|Sludge Bomb|p1a: Trevenant\n|-damage|p1a: Trevenant|0 fnt\n|faint|p1a: Trevenant\n|cant|p1b: Ursaluna|flinch\n|\n|-damage|p1b: Ursaluna|0 fnt|[from] brn\n|faint|p1b: Ursaluna\n|upkeep\n|\n|t:|1699779429\n|switch|p1a: Hatterene|Hatterene, F|100\/100\n|switch|p1b: Orthworm|Orthworm, M|53\/100\n|turn|13\n|\n|t:|1699779449\n|-terastallize|p1a: Hatterene|Steel\n|move|p2b: Landorus|Sludge Bomb|p1a: Hatterene\n|-immune|p1a: Hatterene\n|move|p2a: Tinkaton|Gigaton Hammer|p1a: Hatterene\n|-resisted|p1a: Hatterene\n|-damage|p1a: Hatterene|66\/100\n|move|p1b: Orthworm|Smack Down|p2b: Landorus\n|-crit|p2b: Landorus\n|-damage|p2b: Landorus|0 fnt\n|faint|p2b: Landorus\n|move|p1a: Hatterene|Trick Room|p1a: Hatterene\n|-fieldstart|move: Trick Room|[of] p1a: Hatterene\n|\n|upkeep\n|\n|t:|1699779453\n|switch|p2b: Iron Hands|Iron Hands|100\/100\n|-damage|p2b: Iron Hands|94\/100|[from] Stealth Rock\n|turn|14\n|inactive|UY QUE RICO PAPI has 90 seconds left.\n|\n|t:|1699779485\n|move|p1a: Hatterene|Protect|p1a: Hatterene\n|-singleturn|p1a: Hatterene|Protect\n|move|p1b: Orthworm|Body Press|p2b: Iron Hands\n|-damage|p2b: Iron Hands|77\/100\n|move|p2b: Iron Hands|Drain Punch|p1a: Hatterene\n|-activate|p1a: Hatterene|move: Protect\n|move|p2a: Tinkaton|Brick Break|p1a: Hatterene\n|-activate|p1a: Hatterene|move: Protect\n|\n|upkeep\n|turn|15\n|inactive|UY QUE RICO PAPI has 90 seconds left.\n|\n|t:|1699779500\n|move|p1b: Orthworm|Helping Hand|p1a: Hatterene\n|-singleturn|p1a: Hatterene|Helping Hand|[of] p1b: Orthworm\n|move|p1a: Hatterene|Dazzling Gleam|p2a: Tinkaton|[spread] p2a,p2b\n|-resisted|p2a: Tinkaton\n|-supereffective|p2b: Iron Hands\n|-damage|p2a: Tinkaton|4\/100\n|-damage|p2b: Iron Hands|0 fnt\n|faint|p2b: Iron Hands\n|-end|p2b: Iron Hands|Quark Drive|[silent]\n|move|p2a: Tinkaton|Brick Break|p1a: Hatterene\n|-supereffective|p1a: Hatterene\n|-damage|p1a: Hatterene|21\/100\n|\n|upkeep\n|-message|Joecheve13 forfeited.\n|\n|win|UY QUE RICO PAPI\n|raw|UY QUE RICO PAPI's rating: 1367 &rarr; <strong>1395<\/strong><br \/>(+28 for winning)\n|raw|Joecheve13's rating: 1518 &rarr; <strong>1490<\/strong><br \/>(-28 for losing)\n|l|\u2606Joecheve13\n","uploadtime":1699779517,"views":12,"p1id":"uyquericopapi","p2id":"joecheve13","formatid":"gen9doublesou","rating":1395,"private":0,"password":""}