{"id":"gen9doublesou-1989401823","p1":"King_snk","p2":"mikeyuwu","format":"[Gen 9] Doubles OU","log":"|j|\u2606King_snk\n|j|\u2606mikeyuwu\n|t:|1699845611\n|gametype|doubles\n|player|p1|King_snk|265|1254\n|player|p2|mikeyuwu|psychic-gen4|1296\n|teamsize|p1|6\n|teamsize|p2|6\n|gen|9\n|tier|[Gen 9] Doubles OU\n|rated|\n|rule|Species Clause: Limit one of each Pok\u00e9mon\n|rule|OHKO Clause: OHKO moves are banned\n|rule|Evasion Moves Clause: Evasion moves are banned\n|rule|Gravity Sleep Clause: The combination of sleep-inducing moves with imperfect accuracy and Gravity or Gigantamax Orbeetle are banned\n|rule|Endless Battle Clause: Forcing endless battles is banned\n|rule|HP Percentage Mod: HP is shown in percentages\n|clearpoke\n|poke|p1|Regieleki|\n|poke|p1|Sneasler, M|\n|poke|p1|Dragapult, M|\n|poke|p1|Iron Bundle|\n|poke|p1|Meowscarada, M|\n|poke|p1|Flutter Mane|\n|poke|p2|Garchomp, M|\n|poke|p2|Tyranitar, F|\n|poke|p2|Vaporeon, F|\n|poke|p2|Toxicroak, M|\n|poke|p2|Pelipper, F|\n|poke|p2|Abomasnow, M|\n|teampreview\n|inactive|Battle timer is ON: inactive players will automatically lose when time's up. (requested by King_snk)\n|\n|t:|1699845630\n|start\n|switch|p1a: Sneasler|Sneasler, M|100\/100\n|switch|p1b: Regieleki|Regieleki|100\/100\n|switch|p2a: OTLHPM|Toxicroak, M|100\/100\n|switch|p2b: Cold Shoulder|Abomasnow, M, shiny|100\/100\n|-weather|Snow|[from] ability: Snow Warning|[of] p2b: Cold Shoulder\n|turn|1\n|\n|t:|1699845644\n|move|p1b: Regieleki|Protect|p1b: Regieleki\n|-singleturn|p1b: Regieleki|Protect\n|move|p1a: Sneasler|Protect|p1a: Sneasler\n|-singleturn|p1a: Sneasler|Protect\n|move|p2a: OTLHPM|Earthquake|p1a: Sneasler|[spread] p2b\n|-activate|p1a: Sneasler|move: Protect\n|-activate|p1b: Regieleki|move: Protect\n|-resisted|p2b: Cold Shoulder\n|-damage|p2b: Cold Shoulder|94\/100\n|move|p2b: Cold Shoulder|Blizzard|p1b: Regieleki|[spread] \n|-activate|p1a: Sneasler|move: Protect\n|-activate|p1b: Regieleki|move: Protect\n|\n|-weather|Snow|[upkeep]\n|upkeep\n|turn|2\n|\n|t:|1699845668\n|move|p1b: Regieleki|Thunderbolt|p2a: OTLHPM\n|-damage|p2a: OTLHPM|41\/100\n|move|p1a: Sneasler|Dire Claw|p2b: Cold Shoulder\n|-supereffective|p2b: Cold Shoulder\n|-damage|p2b: Cold Shoulder|42\/100\n|move|p2a: OTLHPM|Poison Jab|p1b: Regieleki\n|-damage|p1b: Regieleki|19\/100\n|-status|p1b: Regieleki|psn\n|move|p2b: Cold Shoulder|Blizzard|p1b: Regieleki|[spread] p1a,p1b\n|-damage|p1a: Sneasler|59\/100\n|-damage|p1b: Regieleki|0 fnt\n|faint|p1b: Regieleki\n|\n|-weather|Snow|[upkeep]\n|-heal|p2a: OTLHPM|48\/100|[from] item: Black Sludge\n|upkeep\n|inactive|King_snk has 120 seconds left.\n|\n|t:|1699845691\n|switch|p1b: Flutter Mane|Flutter Mane|100\/100\n|turn|3\n|\n|t:|1699845698\n|switch|p2b: Weather War|Pelipper, F|100\/100\n|-weather|RainDance|[from] ability: Drizzle|[of] p2b: Weather War\n|move|p1b: Flutter Mane|Moonblast|p2a: OTLHPM\n|-damage|p2a: OTLHPM|0 fnt\n|faint|p2a: OTLHPM\n|move|p1a: Sneasler|Dire Claw|p2b: Weather War\n|-damage|p2b: Weather War|70\/100\n|\n|-weather|RainDance|[upkeep]\n|upkeep\n|\n|t:|1699845705\n|switch|p2a: Harmacy|Vaporeon, F|100\/100\n|turn|4\n|\n|t:|1699845717\n|move|p1b: Flutter Mane|Moonblast|p2a: Harmacy\n|-damage|p2a: Harmacy|62\/100\n|move|p1a: Sneasler|Dire Claw|p2a: Harmacy\n|-damage|p2a: Harmacy|33\/100\n|-status|p2a: Harmacy|slp\n|move|p2b: Weather War|Hurricane|p1a: Sneasler\n|-supereffective|p1a: Sneasler\n|-damage|p1a: Sneasler|0 fnt\n|faint|p1a: Sneasler\n|cant|p2a: Harmacy|slp\n|\n|-weather|RainDance|[upkeep]\n|-activate|p2a: Harmacy|ability: Hydration\n|-curestatus|p2a: Harmacy|slp|[msg]\n|-heal|p2a: Harmacy|39\/100|[from] item: Leftovers\n|upkeep\n|\n|t:|1699845737\n|switch|p1a: Iron Bundle|Iron Bundle|100\/100\n|turn|5\n|\n|t:|1699845756\n|move|p1a: Iron Bundle|Freeze-Dry|p2a: Harmacy\n|-supereffective|p2a: Harmacy\n|-damage|p2a: Harmacy|0 fnt\n|faint|p2a: Harmacy\n|move|p1b: Flutter Mane|Moonblast|p2b: Weather War\n|-crit|p2b: Weather War\n|-damage|p2b: Weather War|0 fnt\n|faint|p2b: Weather War\n|\n|-weather|RainDance|[upkeep]\n|upkeep\n|\n|t:|1699845759\n|switch|p2b: Cold Shoulder|Abomasnow, M, shiny|42\/100\n|switch|p2a: ThcrThnSnkr|Tyranitar, F|100\/100\n|-weather|Snow|[from] ability: Snow Warning|[of] p2b: Cold Shoulder\n|-weather|Sandstorm|[from] ability: Sand Stream|[of] p2a: ThcrThnSnkr\n|turn|6\n|\n|t:|1699845779\n|-terastallize|p1b: Flutter Mane|Fairy\n|move|p1a: Iron Bundle|Hydro Pump|p2a: ThcrThnSnkr\n|-supereffective|p2a: ThcrThnSnkr\n|-damage|p2a: ThcrThnSnkr|64\/100\n|move|p1b: Flutter Mane|Moonblast|p2a: ThcrThnSnkr\n|-supereffective|p2a: ThcrThnSnkr\n|-damage|p2a: ThcrThnSnkr|23\/100\n|move|p2b: Cold Shoulder|Giga Drain|p1a: Iron Bundle\n|-supereffective|p1a: Iron Bundle\n|-enditem|p1a: Iron Bundle|Focus Sash\n|-damage|p1a: Iron Bundle|1\/100\n|-heal|p2b: Cold Shoulder|79\/100|[from] drain|[of] p1a: Iron Bundle\n|move|p2a: ThcrThnSnkr|Heavy Slam|p1b: Flutter Mane\n|-supereffective|p1b: Flutter Mane\n|-enditem|p1b: Flutter Mane|Focus Sash\n|-damage|p1b: Flutter Mane|1\/100\n|\n|-weather|Sandstorm|[upkeep]\n|-damage|p1a: Iron Bundle|0 fnt|[from] Sandstorm\n|-damage|p1b: Flutter Mane|0 fnt|[from] Sandstorm\n|-damage|p2b: Cold Shoulder|73\/100|[from] Sandstorm\n|faint|p1a: Iron Bundle\n|-end|p1a: Iron Bundle|Quark Drive|[silent]\n|faint|p1b: Flutter Mane\n|-end|p1b: Flutter Mane|Protosynthesis|[silent]\n|upkeep\n|c|\u2606mikeyuwu|She thiccc\n|inactive|King_snk has 120 seconds left.\n|\n|t:|1699845817\n|switch|p1a: Meowscarada|Meowscarada, M|100\/100\n|switch|p1b: Dragapult|Dragapult, M|100\/100\n|turn|7\n|inactive|King_snk has 120 seconds left.\n|\n|t:|1699845830\n|switch|p2b: Extra Spicy|Garchomp, M|100\/100\n|move|p1b: Dragapult|Phantom Force||[still]\n|-prepare|p1b: Dragapult|Phantom Force\n|move|p1a: Meowscarada|Flower Trick|p2a: ThcrThnSnkr\n|-start|p1a: Meowscarada|typechange|Grass|[from] ability: Protean\n|-supereffective|p2a: ThcrThnSnkr\n|-crit|p2a: ThcrThnSnkr\n|-damage|p2a: ThcrThnSnkr|0 fnt\n|faint|p2a: ThcrThnSnkr\n|\n|-weather|Sandstorm|[upkeep]\n|-damage|p1b: Dragapult|95\/100|[from] Sandstorm\n|-damage|p1a: Meowscarada|94\/100|[from] Sandstorm\n|upkeep\n|\n|t:|1699845837\n|switch|p2a: Cold Shoulder|Abomasnow, M, shiny|73\/100\n|-weather|Snow|[from] ability: Snow Warning|[of] p2a: Cold Shoulder\n|turn|8\n|inactive|King_snk has 120 seconds left.\n|\n|t:|1699845889\n|move|p1b: Dragapult|Phantom Force|p2b: Extra Spicy|[from]lockedmove\n|-damage|p2b: Extra Spicy|76\/100\n|-damage|p1b: Dragapult|82\/100|[from] ability: Rough Skin|[of] p2b: Extra Spicy\n|-damage|p1b: Dragapult|66\/100|[from] item: Rocky Helmet|[of] p2b: Extra Spicy\n|move|p1a: Meowscarada|Flower Trick|p2b: Extra Spicy\n|-crit|p2b: Extra Spicy\n|-damage|p2b: Extra Spicy|47\/100\n|move|p2b: Extra Spicy|Poison Jab|p1a: Meowscarada\n|-supereffective|p1a: Meowscarada\n|-damage|p1a: Meowscarada|25\/100\n|move|p2a: Cold Shoulder|Blizzard|p1a: Meowscarada|[spread] p1a,p1b\n|-supereffective|p1a: Meowscarada\n|-supereffective|p1b: Dragapult\n|-damage|p1a: Meowscarada|0 fnt\n|-damage|p1b: Dragapult|0 fnt\n|faint|p1a: Meowscarada\n|faint|p1b: Dragapult\n|\n|win|mikeyuwu\n|raw|King_snk's rating: 1254 &rarr; <strong>1232<\/strong><br \/>(-22 for losing)\n|raw|mikeyuwu's rating: 1296 &rarr; <strong>1318<\/strong><br \/>(+22 for winning)\n|l|\u2606King_snk\n","uploadtime":1699845907,"views":21,"p1id":"kingsnk","p2id":"mikeyuwu","formatid":"gen9doublesou","rating":1232,"private":0,"password":""}