{"id":"gen9doublesou-1976350388","p1":"Damipoo","p2":"MattCol","format":"[Gen 9] Doubles OU","log":"|j|\u2606Damipoo\n|j|\u2606MattCol\n|t:|1698289840\n|gametype|doubles\n|player|p1|Damipoo|sage|1228\n|player|p2|MattCol|2|1288\n|teamsize|p1|6\n|teamsize|p2|6\n|gen|9\n|tier|[Gen 9] Doubles OU\n|rated|\n|rule|Species Clause: Limit one of each Pok\u00e9mon\n|rule|OHKO Clause: OHKO moves are banned\n|rule|Evasion Moves Clause: Evasion moves are banned\n|rule|Gravity Sleep Clause: The combination of sleep-inducing moves with imperfect accuracy and Gravity or Gigantamax Orbeetle are banned\n|rule|Endless Battle Clause: Forcing endless battles is banned\n|rule|HP Percentage Mod: HP is shown in percentages\n|clearpoke\n|poke|p1|Empoleon, M|\n|poke|p1|Shiftry, M|\n|poke|p1|Golem-Alola, F|\n|poke|p1|Farigiraf, F|\n|poke|p1|Dusclops, F|\n|poke|p1|Sneasler, F|\n|poke|p2|Quaquaval, F|\n|poke|p2|Baxcalibur, F|\n|poke|p2|Cinderace, M|\n|poke|p2|Slowbro-Galar, M|\n|poke|p2|Zarude-Dada|\n|poke|p2|Pelipper, M|\n|teampreview\n|\n|t:|1698289874\n|start\n|switch|p1a: Shiftry|Shiftry, M|100\/100\n|switch|p1b: Sneasler|Sneasler, F|100\/100\n|switch|p2a: Cinderace|Cinderace, M|100\/100\n|switch|p2b: Slowbro|Slowbro-Galar, M|100\/100\n|turn|1\n|\n|t:|1698289886\n|move|p1b: Sneasler|Fake Out|p2a: Cinderace\n|-damage|p2a: Cinderace|80\/100\n|cant|p2a: Cinderace|flinch\n|move|p1a: Shiftry|Tailwind|p1a: Shiftry\n|-sidestart|p1: Damipoo|move: Tailwind\n|-ability|p1a: Shiftry|Wind Rider|boost\n|-boost|p1a: Shiftry|atk|1\n|move|p2b: Slowbro|Nasty Plot|p2b: Slowbro\n|-boost|p2b: Slowbro|spa|2\n|\n|upkeep\n|turn|2\n|-activate|p2b: Slowbro|ability: Quick Draw\n|\n|t:|1698289900\n|-terastallize|p1a: Shiftry|Rock\n|move|p2b: Slowbro|Psychic|p1b: Sneasler\n|-supereffective|p1b: Sneasler\n|-enditem|p1b: Sneasler|Focus Sash\n|-damage|p1b: Sneasler|1\/100\n|move|p1b: Sneasler|U-turn|p2b: Slowbro\n|-damage|p2b: Slowbro|77\/100\n|\n|t:|1698289912\n|switch|p1b: Dusclops|Dusclops, F|100\/100|[from] U-turn\n|-ability|p1b: Dusclops|Pressure\n|move|p1a: Shiftry|Rock Slide|p2b: Slowbro|[spread] p2a,p2b\n|-supereffective|p2a: Cinderace\n|-damage|p2a: Cinderace|0 fnt\n|-damage|p2b: Slowbro|46\/100\n|faint|p2a: Cinderace\n|\n|upkeep\n|\n|t:|1698289924\n|switch|p2a: Zarude|Zarude-Dada|100\/100\n|turn|3\n|-activate|p2b: Slowbro|ability: Quick Draw\n|\n|t:|1698289932\n|move|p2b: Slowbro|Surf|p1a: Shiftry|[spread] p2a,p1a,p1b\n|-resisted|p2a: Zarude\n|-supereffective|p1a: Shiftry\n|-crit|p1b: Dusclops\n|-damage|p2a: Zarude|80\/100\n|-enditem|p1a: Shiftry|Focus Sash\n|-damage|p1a: Shiftry|1\/100\n|-damage|p1b: Dusclops|72\/100\n|move|p1a: Shiftry|Rock Slide|p2a: Zarude|[spread] p2a,p2b\n|-damage|p2a: Zarude|47\/100\n|-damage|p2b: Slowbro|13\/100\n|cant|p2a: Zarude|flinch\n|move|p1b: Dusclops|Curse|p2a: Zarude\n|-start|p2a: Zarude|Curse|[of] p1b: Dusclops\n|-damage|p1b: Dusclops|22\/100\n|\n|-damage|p2a: Zarude|22\/100|[from] Curse\n|upkeep\n|turn|4\n|-activate|p2b: Slowbro|ability: Quick Draw\n|\n|t:|1698289966\n|switch|p2a: Pelipper|Pelipper, M|100\/100\n|-weather|RainDance|[from] ability: Drizzle|[of] p2a: Pelipper\n|move|p2b: Slowbro|Surf|p1a: Shiftry|[spread] p2a,p1a,p1b\n|-resisted|p2a: Pelipper\n|-crit|p2a: Pelipper\n|-supereffective|p1a: Shiftry\n|-damage|p2a: Pelipper|41\/100\n|-damage|p1a: Shiftry|0 fnt\n|-damage|p1b: Dusclops|0 fnt\n|faint|p1a: Shiftry\n|faint|p1b: Dusclops\n|-enditem|p2a: Pelipper|Eject Button\n|\n|t:|1698289980\n|switch|p2a: Zarude|Zarude-Dada|22\/100\n|\n|-weather|RainDance|[upkeep]\n|-sideend|p1: Damipoo|move: Tailwind\n|upkeep\n|\n|t:|1698289991\n|switch|p1a: Sneasler|Sneasler, F|1\/100\n|switch|p1b: Farigiraf|Farigiraf, F|100\/100\n|turn|5\n|\n|t:|1698290001\n|move|p1a: Sneasler|Fake Out|p2a: Zarude\n|-damage|p2a: Zarude|8\/100\n|cant|p2a: Zarude|flinch\n|move|p1b: Farigiraf|Hyper Voice|p2b: Slowbro|[spread] p2a,p2b\n|-damage|p2a: Zarude|0 fnt\n|-damage|p2b: Slowbro|0 fnt\n|faint|p2a: Zarude\n|faint|p2b: Slowbro\n|\n|-weather|RainDance|[upkeep]\n|upkeep\n|\n|t:|1698290013\n|switch|p2a: Pelipper|Pelipper, M|41\/100\n|switch|p2b: Quaquaval|Quaquaval, F|100\/100\n|turn|6\n|\n|t:|1698290021\n|move|p2a: Pelipper|Wide Guard|p2a: Pelipper\n|-singleturn|p2a: Pelipper|Wide Guard\n|move|p1a: Sneasler|Dire Claw|p2b: Quaquaval\n|-damage|p2b: Quaquaval|40\/100\n|-status|p2b: Quaquaval|psn\n|move|p2b: Quaquaval|Aqua Step|p1a: Sneasler\n|-damage|p1a: Sneasler|0 fnt\n|-boost|p2b: Quaquaval|spe|1\n|faint|p1a: Sneasler\n|-ability|p2b: Quaquaval|Moxie|boost\n|-boost|p2b: Quaquaval|atk|1\n|move|p1b: Farigiraf|Hyper Voice|p2a: Pelipper|[spread] \n|-activate|p2a: Pelipper|move: Wide Guard\n|-activate|p2b: Quaquaval|move: Wide Guard\n|\n|-weather|RainDance|[upkeep]\n|-heal|p2b: Quaquaval|46\/100 psn|[from] item: Leftovers\n|-damage|p2b: Quaquaval|34\/100 psn|[from] psn\n|upkeep\n|\n|t:|1698290030\n|switch|p1a: Golem|Golem-Alola, F|100\/100\n|turn|7\n|\n|t:|1698290046\n|move|p2a: Pelipper|Wide Guard|p2a: Pelipper\n|-singleturn|p2a: Pelipper|Wide Guard\n|move|p2b: Quaquaval|Aqua Step|p1a: Golem\n|-supereffective|p1a: Golem\n|-enditem|p1a: Golem|Focus Sash\n|-damage|p1a: Golem|1\/100\n|-boost|p2b: Quaquaval|spe|1\n|move|p1b: Farigiraf|Hyper Voice|p2a: Pelipper|[spread] \n|-activate|p2a: Pelipper|move: Wide Guard\n|-activate|p2b: Quaquaval|move: Wide Guard\n|move|p1a: Golem|Facade|p2a: Pelipper\n|-supereffective|p2a: Pelipper\n|-damage|p2a: Pelipper|0 fnt\n|faint|p2a: Pelipper\n|\n|-weather|RainDance|[upkeep]\n|-heal|p2b: Quaquaval|40\/100 psn|[from] item: Leftovers\n|-damage|p2b: Quaquaval|28\/100 psn|[from] psn\n|upkeep\n|\n|t:|1698290067\n|switch|p2a: Baxcalibur|Baxcalibur, F|100\/100\n|turn|8\n|\n|t:|1698290079\n|move|p2a: Baxcalibur|Protect|p2a: Baxcalibur\n|-singleturn|p2a: Baxcalibur|Protect\n|move|p2b: Quaquaval|Close Combat|p1b: Farigiraf\n|-damage|p1b: Farigiraf|14\/100\n|-unboost|p2b: Quaquaval|def|1\n|-unboost|p2b: Quaquaval|spd|1\n|move|p1b: Farigiraf|Hyper Voice|p2a: Baxcalibur|[spread] p2b\n|-activate|p2a: Baxcalibur|move: Protect\n|-damage|p2b: Quaquaval|0 fnt\n|faint|p2b: Quaquaval\n|move|p1a: Golem|Rock Slide|p2a: Baxcalibur\n|-activate|p2a: Baxcalibur|move: Protect\n|\n|-weather|none\n|upkeep\n|turn|9\n|\n|t:|1698290099\n|move|p2a: Baxcalibur|Earthquake|p1b: Farigiraf|[spread] p1a,p1b\n|-supereffective|p1a: Golem\n|-crit|p1a: Golem\n|-damage|p1a: Golem|0 fnt\n|-damage|p1b: Farigiraf|0 fnt\n|faint|p1a: Golem\n|faint|p1b: Farigiraf\n|\n|upkeep\n|\n|t:|1698290104\n|switch|p1b: Empoleon|Empoleon, M|100\/100\n|turn|10\n|\n|t:|1698290121\n|-terastallize|p2a: Baxcalibur|Fairy\n|move|p2a: Baxcalibur|Earthquake|p1b: Empoleon\n|-supereffective|p1b: Empoleon\n|-enditem|p1b: Empoleon|Focus Sash\n|-damage|p1b: Empoleon|1\/100\n|move|p1b: Empoleon|Flash Cannon|p2a: Baxcalibur\n|-supereffective|p2a: Baxcalibur\n|-damage|p2a: Baxcalibur|13\/100\n|\n|upkeep\n|turn|11\n|c|\u2606Damipoo|Gg\n|\n|t:|1698290135\n|move|p2a: Baxcalibur|Icicle Spear|p1b: Empoleon\n|-resisted|p1b: Empoleon\n|-damage|p1b: Empoleon|0 fnt\n|faint|p1b: Empoleon\n|-hitcount|p1: Empoleon|1\n|\n|win|MattCol\n|raw|Damipoo's rating: 1228 &rarr; <strong>1207<\/strong><br \/>(-21 for losing)\n|raw|MattCol's rating: 1288 &rarr; <strong>1309<\/strong><br \/>(+21 for winning)\n|l|\u2606Damipoo\n","uploadtime":1698290141,"views":16,"p1id":"damipoo","p2id":"mattcol","formatid":"gen9doublesou","rating":1207,"private":0,"password":""}