{"id":"gen9doublesou-1990920933","p1":"sodkyo","p2":"givethyname","format":"[Gen 9] Doubles OU","log":"|j|\u2606sodkyo\n|j|\u2606givethyname\n|t:|1700015323\n|gametype|doubles\n|player|p1|sodkyo|102|1331\n|player|p2|givethyname|rocketgrunt|1321\n|teamsize|p1|6\n|teamsize|p2|6\n|gen|9\n|tier|[Gen 9] Doubles OU\n|rated|\n|rule|Species Clause: Limit one of each Pok\u00e9mon\n|rule|OHKO Clause: OHKO moves are banned\n|rule|Evasion Moves Clause: Evasion moves are banned\n|rule|Gravity Sleep Clause: The combination of sleep-inducing moves with imperfect accuracy and Gravity or Gigantamax Orbeetle are banned\n|rule|Endless Battle Clause: Forcing endless battles is banned\n|rule|HP Percentage Mod: HP is shown in percentages\n|clearpoke\n|poke|p1|Flutter Mane|\n|poke|p1|Amoonguss, F|\n|poke|p1|Armarouge, F|\n|poke|p1|Indeedee-F, F|\n|poke|p1|Murkrow, F|\n|poke|p1|Gholdengo|\n|poke|p2|Golem-Alola, M|\n|poke|p2|Landorus-Therian, M|\n|poke|p2|Iron Leaves|\n|poke|p2|Pincurchin, M|\n|poke|p2|Cloyster, F|\n|poke|p2|Flutter Mane|\n|teampreview\n|inactive|Battle timer is ON: inactive players will automatically lose when time's up. (requested by sodkyo)\n|\n|t:|1700015347\n|start\n|switch|p1a: Murkrow|Murkrow, F, shiny|100\/100\n|switch|p1b: Flutter Mane|Flutter Mane, shiny|100\/100\n|switch|p2a: Pincurchin|Pincurchin, M|100\/100\n|switch|p2b: Golem|Golem-Alola, M|100\/100\n|-fieldstart|move: Electric Terrain|[from] ability: Electric Surge|[of] p2a: Pincurchin\n|-enditem|p1b: Flutter Mane|Booster Energy\n|-activate|p1b: Flutter Mane|ability: Protosynthesis|[fromitem]\n|-start|p1b: Flutter Mane|protosynthesisspe\n|turn|1\n|\n|t:|1700015362\n|switch|p1a: Indeedee|Indeedee-F, F, shiny|100\/100\n|-fieldstart|move: Psychic Terrain|[from] ability: Psychic Surge|[of] p1a: Indeedee\n|switch|p2a: Landorus|Landorus-Therian, M|100\/100\n|-ability|p2a: Landorus|Intimidate|boost\n|-unboost|p1a: Indeedee|atk|1\n|-unboost|p1b: Flutter Mane|atk|1\n|move|p1b: Flutter Mane|Dazzling Gleam|p2b: Golem|[spread] p2a,p2b\n|-crit|p2b: Golem\n|-damage|p2a: Landorus|74\/100\n|-damage|p2b: Golem|41\/100\n|move|p2b: Golem|Explosion|p1a: Indeedee|[spread] p1a,p1b\n|-immune|p2a: Landorus\n|-damage|p1a: Indeedee|0 fnt\n|-damage|p1b: Flutter Mane|0 fnt\n|faint|p2b: Golem\n|faint|p1a: Indeedee\n|faint|p1b: Flutter Mane\n|-end|p1b: Flutter Mane|Protosynthesis|[silent]\n|\n|upkeep\n|\n|t:|1700015389\n|switch|p1b: Murkrow|Murkrow, F, shiny|100\/100\n|switch|p1a: Armarouge|Armarouge, F, shiny|100\/100\n|switch|p2b: Iron Leaves|Iron Leaves|100\/100\n|turn|2\n|\n|t:|1700015402\n|switch|p2a: Pincurchin|Pincurchin, M|100\/100\n|-fieldstart|move: Electric Terrain|[from] ability: Electric Surge|[of] p2a: Pincurchin\n|-activate|p2b: Iron Leaves|ability: Quark Drive\n|-start|p2b: Iron Leaves|quarkdriveatk\n|-terastallize|p2b: Iron Leaves|Bug\n|-terastallize|p1a: Armarouge|Grass\n|move|p1b: Murkrow|Tailwind|p1b: Murkrow\n|-sidestart|p1: sodkyo|move: Tailwind\n|move|p1a: Armarouge|Armor Cannon|p2b: Iron Leaves\n|-supereffective|p2b: Iron Leaves\n|-damage|p2b: Iron Leaves|0 fnt\n|-unboost|p1a: Armarouge|def|1\n|-unboost|p1a: Armarouge|spd|1\n|faint|p2b: Iron Leaves\n|-end|p2b: Iron Leaves|Quark Drive|[silent]\n|\n|upkeep\n|\n|t:|1700015420\n|switch|p2b: Flutter Mane|Flutter Mane|100\/100\n|turn|3\n|\n|t:|1700015433\n|-end|p2b: Flutter Mane|Protosynthesis|[silent]\n|switch|p2b: Landorus|Landorus-Therian, M|74\/100\n|-ability|p2b: Landorus|Intimidate|boost\n|-unboost|p1a: Armarouge|atk|1\n|-unboost|p1b: Murkrow|atk|1\n|switch|p1a: Amoonguss|Amoonguss, F, shiny|100\/100\n|move|p1b: Murkrow|Taunt|p2a: Pincurchin\n|-start|p2a: Pincurchin|move: Taunt\n|move|p2a: Pincurchin|Discharge|p1b: Murkrow|[spread] p1a,p1b\n|-immune|p2b: Landorus\n|-resisted|p1a: Amoonguss\n|-supereffective|p1b: Murkrow\n|-damage|p1a: Amoonguss|85\/100\n|-damage|p1b: Murkrow|26\/100\n|-status|p1a: Amoonguss|par\n|-status|p1b: Murkrow|par\n|-damage|p2a: Pincurchin|90\/100|[from] item: Life Orb\n|\n|-heal|p1a: Amoonguss|91\/100 par|[from] item: Leftovers\n|upkeep\n|turn|4\n|\n|t:|1700015457\n|switch|p1b: Armarouge|Armarouge, F, shiny, tera:Grass|100\/100\n|move|p2b: Landorus|Fly||[still]\n|-prepare|p2b: Landorus|Fly\n|move|p1a: Amoonguss|Toxic|p2b: Landorus\n|-status|p2b: Landorus|tox\n|move|p2a: Pincurchin|Discharge|p1b: Armarouge|[spread] p1a,p1b\n|-miss|p2a: Pincurchin|p2b: Landorus\n|-resisted|p1a: Amoonguss\n|-resisted|p1b: Armarouge\n|-crit|p1b: Armarouge\n|-damage|p1a: Amoonguss|76\/100 par\n|-damage|p1b: Armarouge|76\/100\n|-damage|p2a: Pincurchin|80\/100|[from] item: Life Orb\n|\n|-heal|p1a: Amoonguss|82\/100 par|[from] item: Leftovers\n|-damage|p2b: Landorus|68\/100 tox|[from] psn\n|upkeep\n|turn|5\n|\n|t:|1700015476\n|switch|p1b: Gholdengo|Gholdengo|100\/100\n|switch|p1a: Murkrow|Murkrow, F, shiny|26\/100 par\n|move|p2b: Landorus|Fly|p1a: Murkrow|[from]lockedmove|[miss]\n|-miss|p2b: Landorus|p1a: Murkrow\n|move|p2a: Pincurchin|Scald|p1b: Gholdengo\n|-damage|p1b: Gholdengo|62\/100\n|-damage|p2a: Pincurchin|70\/100|[from] item: Life Orb\n|\n|-damage|p2b: Landorus|56\/100 tox|[from] psn\n|-end|p2a: Pincurchin|move: Taunt\n|-sideend|p1: sodkyo|move: Tailwind\n|upkeep\n|turn|6\n|\n|t:|1700015497\n|move|p1a: Murkrow|Tailwind|p1a: Murkrow\n|-sidestart|p1: sodkyo|move: Tailwind\n|move|p1b: Gholdengo|Make It Rain|p2b: Landorus|[spread] p2a,p2b\n|-resisted|p2a: Pincurchin\n|-damage|p2a: Pincurchin|28\/100\n|-damage|p2b: Landorus|0 fnt\n|-unboost|p1b: Gholdengo|spa|1\n|faint|p2b: Landorus\n|move|p2a: Pincurchin|Discharge|p1b: Gholdengo|[spread] p1a,p1b\n|-supereffective|p1a: Murkrow\n|-damage|p1a: Murkrow|0 fnt\n|-damage|p1b: Gholdengo|7\/100\n|faint|p1a: Murkrow\n|-damage|p2a: Pincurchin|18\/100|[from] item: Life Orb\n|\n|-fieldend|move: Electric Terrain\n|upkeep\n|\n|t:|1700015513\n|switch|p2b: Flutter Mane|Flutter Mane|100\/100\n|switch|p1a: Armarouge|Armarouge, F, shiny, tera:Grass|76\/100\n|turn|7\n|\n|t:|1700015525\n|switch|p2a: Cloyster|Cloyster, F|100\/100\n|move|p1b: Gholdengo|Make It Rain|p2b: Flutter Mane|[spread] p2a,p2b\n|-supereffective|p2b: Flutter Mane\n|-damage|p2a: Cloyster|0 fnt\n|-damage|p2b: Flutter Mane|0 fnt\n|-unboost|p1b: Gholdengo|spa|1\n|faint|p2a: Cloyster\n|faint|p2b: Flutter Mane\n|-end|p2b: Flutter Mane|Protosynthesis|[silent]\n|move|p1a: Armarouge|Armor Cannon|p2: Cloyster|[notarget]\n|-fail|p1a: Armarouge\n|\n|upkeep\n|\n|t:|1700015538\n|switch|p2a: Pincurchin|Pincurchin, M|18\/100\n|-fieldstart|move: Electric Terrain|[from] ability: Electric Surge|[of] p2a: Pincurchin\n|turn|8\n|\n|t:|1700015544\n|move|p1b: Gholdengo|Make It Rain|p2a: Pincurchin\n|-resisted|p2a: Pincurchin\n|-crit|p2a: Pincurchin\n|-damage|p2a: Pincurchin|0 fnt\n|-unboost|p1b: Gholdengo|spa|1\n|faint|p2a: Pincurchin\n|\n|win|sodkyo\n|raw|sodkyo's rating: 1331 &rarr; <strong>1350<\/strong><br \/>(+19 for winning)\n|raw|givethyname's rating: 1321 &rarr; <strong>1302<\/strong><br \/>(-19 for losing)\n|l|\u2606givethyname\n","uploadtime":1700015559,"views":14,"p1id":"sodkyo","p2id":"givethyname","formatid":"gen9doublesou","rating":1302,"private":0,"password":""}