{"id":"gen9doublesou-1987296050","p1":"Rast-ns","p2":"Elite.4.Challenger","format":"[Gen 9] Doubles OU","log":"|j|\u2606Rast-ns\n|j|\u2606Elite.4.Challenger\n|t:|1699574383\n|gametype|doubles\n|player|p1|Rast-ns|swimmerf|1164\n|player|p2|Elite.4.Challenger|koga|1334\n|teamsize|p1|6\n|teamsize|p2|6\n|gen|9\n|tier|[Gen 9] Doubles OU\n|rated|\n|rule|Species Clause: Limit one of each Pok\u00e9mon\n|rule|OHKO Clause: OHKO moves are banned\n|rule|Evasion Moves Clause: Evasion moves are banned\n|rule|Gravity Sleep Clause: The combination of sleep-inducing moves with imperfect accuracy and Gravity or Gigantamax Orbeetle are banned\n|rule|Endless Battle Clause: Forcing endless battles is banned\n|rule|HP Percentage Mod: HP is shown in percentages\n|clearpoke\n|poke|p1|Roaring Moon|\n|poke|p1|Amoonguss, M|\n|poke|p1|Chi-Yu|\n|poke|p1|Murkrow, F|\n|poke|p1|Flutter Mane|\n|poke|p1|Heatran, F|\n|poke|p2|Zapdos|\n|poke|p2|Grimmsnarl, M|\n|poke|p2|Basculegion-F, F|\n|poke|p2|Goodra-Hisui, F|\n|poke|p2|Politoed, F|\n|poke|p2|Toxicroak, F|\n|teampreview\n|c|\u2606Elite.4.Challenger|glhf\n|\n|t:|1699574403\n|start\n|switch|p1a: Murkrow|Murkrow, F|100\/100\n|switch|p1b: Chi-Yu|Chi-Yu|100\/100\n|switch|p2a: Gollum|Grimmsnarl, M|100\/100\n|switch|p2b: Zapdos|Zapdos|100\/100\n|-ability|p1b: Chi-Yu|Beads of Ruin\n|turn|1\n|\n|t:|1699574452\n|move|p2a: Gollum|Fake Out|p1b: Chi-Yu\n|-crit|p1b: Chi-Yu\n|-damage|p1b: Chi-Yu|64\/100\n|move|p1a: Murkrow|Taunt|p2a: Gollum\n|-hint|Since gen 7, Dark is immune to Prankster moves.\n|-immune|p2a: Gollum\n|cant|p1b: Chi-Yu|flinch\n|move|p2b: Zapdos|Tailwind|p2b: Zapdos\n|-sidestart|p2: Elite.4.Challenger|move: Tailwind\n|\n|upkeep\n|turn|2\n|\n|t:|1699574474\n|move|p1a: Murkrow|Tailwind|p1a: Murkrow\n|-sidestart|p1: Rast-ns|move: Tailwind\n|move|p1b: Chi-Yu|Heat Wave|p2a: Gollum|[spread] p2a,p2b\n|-damage|p2a: Gollum|30\/100\n|-damage|p2b: Zapdos|14\/100\n|-damage|p1b: Chi-Yu|54\/100|[from] item: Life Orb\n|move|p2b: Zapdos|Volt Switch|p1a: Murkrow\n|-supereffective|p1a: Murkrow\n|-damage|p1a: Murkrow|0 fnt\n|faint|p1a: Murkrow\n|\n|t:|1699574485\n|switch|p2b: Politoed|Politoed, F|100\/100|[from] Volt Switch\n|-weather|RainDance|[from] ability: Drizzle|[of] p2b: Politoed\n|move|p2a: Gollum|Play Rough|p1b: Chi-Yu\n|-damage|p1b: Chi-Yu|0 fnt\n|faint|p1b: Chi-Yu\n|\n|-weather|RainDance|[upkeep]\n|upkeep\n|\n|t:|1699574507\n|switch|p1a: Flutter Mane|Flutter Mane|100\/100\n|switch|p1b: Amoonguss|Amoonguss, M|100\/100\n|turn|3\n|\n|t:|1699574525\n|move|p2b: Politoed|Protect|p2b: Politoed\n|-singleturn|p2b: Politoed|Protect\n|move|p1b: Amoonguss|Rage Powder|p1b: Amoonguss\n|-singleturn|p1b: Amoonguss|move: Rage Powder\n|move|p2a: Gollum|Reflect|p2a: Gollum\n|-sidestart|p2: Elite.4.Challenger|Reflect\n|move|p1a: Flutter Mane|Dazzling Gleam|p2a: Gollum|[spread] p2a\n|-activate|p2b: Politoed|move: Protect\n|-supereffective|p2a: Gollum\n|-damage|p2a: Gollum|0 fnt\n|faint|p2a: Gollum\n|\n|-weather|RainDance|[upkeep]\n|upkeep\n|\n|t:|1699574539\n|switch|p2a: Basculegion|Basculegion-F, F|100\/100\n|turn|4\n|\n|t:|1699574556\n|-terastallize|p2a: Basculegion|Ice\n|move|p2b: Politoed|Helping Hand|p2a: Basculegion\n|-singleturn|p2a: Basculegion|Helping Hand|[of] p2b: Politoed\n|move|p1a: Flutter Mane|Protect|p1a: Flutter Mane\n|-singleturn|p1a: Flutter Mane|Protect\n|move|p2a: Basculegion|Ice Beam|p1b: Amoonguss\n|-supereffective|p1b: Amoonguss\n|-damage|p1b: Amoonguss|0 fnt\n|faint|p1b: Amoonguss\n|\n|-weather|RainDance|[upkeep]\n|-sideend|p2: Elite.4.Challenger|move: Tailwind\n|upkeep\n|\n|t:|1699574571\n|switch|p1b: Roaring Moon|Roaring Moon|100\/100\n|-enditem|p1b: Roaring Moon|Booster Energy\n|-activate|p1b: Roaring Moon|ability: Protosynthesis|[fromitem]\n|-start|p1b: Roaring Moon|protosynthesisatk\n|turn|5\n|\n|t:|1699574602\n|-end|p1b: Roaring Moon|Protosynthesis|[silent]\n|switch|p1b: Heatran|Heatran, F|100\/100\n|-item|p1b: Heatran|Air Balloon\n|switch|p2a: Goodra|Goodra-Hisui, F|100\/100\n|move|p1a: Flutter Mane|Shadow Ball|p2a: Goodra\n|-damage|p2a: Goodra|77\/100\n|move|p2b: Politoed|Icy Wind|p1b: Heatran|[spread] p1a,p1b\n|-resisted|p1b: Heatran\n|-damage|p1a: Flutter Mane|91\/100\n|-damage|p1b: Heatran|99\/100\n|-unboost|p1a: Flutter Mane|spe|1\n|-unboost|p1b: Heatran|spe|1\n|-enditem|p1b: Heatran|Air Balloon\n|\n|-weather|RainDance|[upkeep]\n|-sideend|p1: Rast-ns|move: Tailwind\n|upkeep\n|turn|6\n|\n|t:|1699574627\n|move|p2b: Politoed|Protect|p2b: Politoed\n|-singleturn|p2b: Politoed|Protect\n|move|p1b: Heatran|Protect|p1b: Heatran\n|-singleturn|p1b: Heatran|Protect\n|move|p1a: Flutter Mane|Dazzling Gleam|p2a: Goodra|[spread] p2a\n|-activate|p2b: Politoed|move: Protect\n|-damage|p2a: Goodra|59\/100\n|move|p2a: Goodra|Flash Cannon|p1a: Flutter Mane\n|-supereffective|p1a: Flutter Mane\n|-damage|p1a: Flutter Mane|25\/100\n|\n|-weather|none\n|upkeep\n|turn|7\n|\n|t:|1699574649\n|move|p1a: Flutter Mane|Dazzling Gleam|p2b: Politoed|[spread] p2a,p2b\n|-damage|p2a: Goodra|40\/100\n|-damage|p2b: Politoed|79\/100\n|-enditem|p2b: Politoed|Eject Button\n|\n|t:|1699574656\n|switch|p2b: Zapdos|Zapdos|14\/100\n|move|p2a: Goodra|Flash Cannon|p1a: Flutter Mane\n|-supereffective|p1a: Flutter Mane\n|-damage|p1a: Flutter Mane|0 fnt\n|faint|p1a: Flutter Mane\n|-end|p1a: Flutter Mane|Protosynthesis|[silent]\n|move|p1b: Heatran|Heat Wave|p2a: Goodra|[spread] p2a,p2b\n|-damage|p2a: Goodra|16\/100\n|-damage|p2b: Zapdos|0 fnt\n|-enditem|p2a: Goodra|Iapapa Berry|[eat]\n|-heal|p2a: Goodra|50\/100|[from] item: Iapapa Berry\n|faint|p2b: Zapdos\n|\n|upkeep\n|\n|t:|1699574671\n|switch|p1a: Roaring Moon|Roaring Moon|100\/100\n|switch|p2b: Politoed|Politoed, F|79\/100\n|-weather|RainDance|[from] ability: Drizzle|[of] p2b: Politoed\n|turn|8\n|\n|t:|1699574696\n|-terastallize|p1b: Heatran|Grass\n|move|p1a: Roaring Moon|Dragon Dance|p1a: Roaring Moon\n|-boost|p1a: Roaring Moon|atk|1\n|-boost|p1a: Roaring Moon|spe|1\n|move|p2b: Politoed|Icy Wind|p1a: Roaring Moon|[spread] p1a,p1b\n|-supereffective|p1a: Roaring Moon\n|-supereffective|p1b: Heatran\n|-damage|p1a: Roaring Moon|83\/100\n|-damage|p1b: Heatran|84\/100\n|-unboost|p1a: Roaring Moon|spe|1\n|-unboost|p1b: Heatran|spe|1\n|move|p2a: Goodra|Dragon Pulse|p1a: Roaring Moon\n|-supereffective|p1a: Roaring Moon\n|-damage|p1a: Roaring Moon|21\/100\n|move|p1b: Heatran|Tera Blast|p2b: Politoed|[anim] Tera Blast Grass\n|-supereffective|p2b: Politoed\n|-damage|p2b: Politoed|15\/100\n|\n|-weather|RainDance|[upkeep]\n|upkeep\n|turn|9\n|\n|t:|1699574749\n|move|p1a: Roaring Moon|Breaking Swipe|p2a: Goodra|[spread] p2a,p2b\n|-damage|p2a: Goodra|26\/100\n|-damage|p2b: Politoed|0 fnt\n|-unboost|p2a: Goodra|atk|1\n|faint|p2b: Politoed\n|move|p2a: Goodra|Dragon Pulse|p1a: Roaring Moon\n|-supereffective|p1a: Roaring Moon\n|-damage|p1a: Roaring Moon|0 fnt\n|faint|p1a: Roaring Moon\n|-end|p1a: Roaring Moon|Protosynthesis|[silent]\n|move|p1b: Heatran|Heat Wave|p2a: Goodra\n|-damage|p2a: Goodra|12\/100\n|\n|-weather|RainDance|[upkeep]\n|upkeep\n|\n|t:|1699574758\n|switch|p2b: Basculegion|Basculegion-F, F, tera:Ice|100\/100\n|turn|10\n|c|\u2606Elite.4.Challenger|ggwp\n|-message|Rast-ns forfeited.\n|\n|win|Elite.4.Challenger\n|raw|Rast-ns's rating: 1164 &rarr; <strong>1150<\/strong><br \/>(-14 for losing)\n|raw|Elite.4.Challenger's rating: 1334 &rarr; <strong>1345<\/strong><br \/>(+11 for winning)\n|l|\u2606Rast-ns\n","uploadtime":1699575239,"views":8,"p1id":"rastns","p2id":"elite4challenger","formatid":"gen9doublesou","rating":1150,"private":0,"password":""}