{"id":"gen9doublesou-1980888604","p1":"icuinmyvision3","p2":"RocketsViability","format":"[Gen 9] Doubles OU","log":"|j|\u2606icuinmyvision3\n|j|\u2606RocketsViability\n|t:|1698846185\n|gametype|doubles\n|player|p1|icuinmyvision3|169|1080\n|player|p2|RocketsViability|2|1157\n|teamsize|p1|6\n|teamsize|p2|6\n|gen|9\n|tier|[Gen 9] Doubles OU\n|rated|\n|rule|Species Clause: Limit one of each Pok\u00e9mon\n|rule|OHKO Clause: OHKO moves are banned\n|rule|Evasion Moves Clause: Evasion moves are banned\n|rule|Gravity Sleep Clause: The combination of sleep-inducing moves with imperfect accuracy and Gravity or Gigantamax Orbeetle are banned\n|rule|Endless Battle Clause: Forcing endless battles is banned\n|rule|HP Percentage Mod: HP is shown in percentages\n|clearpoke\n|poke|p1|Torkoal, F|\n|poke|p1|Roaring Moon|\n|poke|p1|Great Tusk|\n|poke|p1|Landorus-Therian, M|\n|poke|p1|Walking Wake|\n|poke|p1|Cresselia, F|\n|poke|p2|Ninetales-Alola, F|\n|poke|p2|Trevenant, F|\n|poke|p2|Goodra-Hisui, M|\n|poke|p2|Sandslash-Alola, M|\n|poke|p2|Torterra, F|\n|poke|p2|Empoleon, M|\n|teampreview\n|\n|t:|1698846214\n|start\n|switch|p1a: Torkoal|Torkoal, F|100\/100\n|switch|p1b: Great Tusk|Great Tusk|100\/100\n|switch|p2a: Empoleon|Empoleon, M|100\/100\n|switch|p2b: Trevenant|Trevenant, F|100\/100\n|-weather|SunnyDay|[from] ability: Drought|[of] p1a: Torkoal\n|-activate|p1b: Great Tusk|ability: Protosynthesis\n|-start|p1b: Great Tusk|protosynthesisatk\n|turn|1\n|inactive|Battle timer is ON: inactive players will automatically lose when time's up. (requested by icuinmyvision3)\n|\n|t:|1698846228\n|switch|p2b: Ninetales|Ninetales-Alola, F|100\/100\n|-weather|Snow|[from] ability: Snow Warning|[of] p2b: Ninetales\n|-end|p1b: Great Tusk|Protosynthesis\n|-terastallize|p2a: Empoleon|Water\n|move|p1b: Great Tusk|Close Combat|p2a: Empoleon\n|-damage|p2a: Empoleon|5\/100\n|-unboost|p1b: Great Tusk|def|1\n|-unboost|p1b: Great Tusk|spd|1\n|move|p2a: Empoleon|Hydro Pump|p1a: Torkoal\n|-supereffective|p1a: Torkoal\n|-damage|p1a: Torkoal|0 fnt\n|faint|p1a: Torkoal\n|\n|-weather|Snow|[upkeep]\n|-heal|p2a: Empoleon|11\/100|[from] item: Leftovers\n|upkeep\n|\n|t:|1698846252\n|switch|p1a: Walking Wake|Walking Wake|100\/100\n|turn|2\n|\n|t:|1698846265\n|-end|p1b: Great Tusk|Protosynthesis|[silent]\n|switch|p1b: Cresselia|Cresselia, F|100\/100\n|move|p2a: Empoleon|Protect|p2a: Empoleon\n|-singleturn|p2a: Empoleon|Protect\n|move|p1a: Walking Wake|Flamethrower|p2b: Ninetales\n|-supereffective|p2b: Ninetales\n|-damage|p2b: Ninetales|0 fnt\n|faint|p2b: Ninetales\n|\n|-weather|Snow|[upkeep]\n|-heal|p2a: Empoleon|17\/100|[from] item: Leftovers\n|upkeep\n|\n|t:|1698846275\n|switch|p2b: Trevenant|Trevenant, F|100\/100\n|turn|3\n|\n|t:|1698846295\n|switch|p1b: Landorus|Landorus-Therian, M|100\/100\n|-ability|p1b: Landorus|Intimidate|boost\n|-unboost|p2a: Empoleon|atk|1\n|-ability|p2a: Empoleon|Competitive|boost\n|-boost|p2a: Empoleon|spa|2\n|-unboost|p2b: Trevenant|atk|1\n|move|p1a: Walking Wake|Flamethrower|p2a: Empoleon\n|-resisted|p2a: Empoleon\n|-damage|p2a: Empoleon|0 fnt\n|faint|p2a: Empoleon\n|move|p2b: Trevenant|Toxic|p1a: Walking Wake\n|-status|p1a: Walking Wake|tox\n|\n|-weather|Snow|[upkeep]\n|-damage|p1a: Walking Wake|94\/100 tox|[from] psn\n|upkeep\n|\n|t:|1698846309\n|switch|p2a: Sandslash|Sandslash-Alola, M|100\/100\n|turn|4\n|\n|t:|1698846317\n|switch|p1b: Cresselia|Cresselia, F|100\/100\n|move|p2a: Sandslash|Ice Shard|p1b: Cresselia\n|-damage|p1b: Cresselia|87\/100\n|move|p1a: Walking Wake|Flamethrower|p2a: Sandslash\n|-supereffective|p2a: Sandslash\n|-damage|p2a: Sandslash|0 fnt\n|faint|p2a: Sandslash\n|move|p2b: Trevenant|Toxic|p1b: Cresselia\n|-status|p1b: Cresselia|tox\n|\n|-weather|Snow|[upkeep]\n|-heal|p1b: Cresselia|94\/100 tox|[from] item: Leftovers\n|-damage|p1a: Walking Wake|82\/100 tox|[from] psn\n|-damage|p1b: Cresselia|87\/100 tox|[from] psn\n|upkeep\n|\n|t:|1698846324\n|switch|p2a: Goodra|Goodra-Hisui, M|100\/100\n|turn|5\n|\n|t:|1698846351\n|move|p2a: Goodra|Protect|p2a: Goodra\n|-singleturn|p2a: Goodra|Protect\n|move|p1a: Walking Wake|Flamethrower|p2b: Trevenant\n|-supereffective|p2b: Trevenant\n|-damage|p2b: Trevenant|27\/100\n|-enditem|p2b: Trevenant|Sitrus Berry|[eat]\n|-heal|p2b: Trevenant|52\/100|[from] item: Sitrus Berry\n|move|p1b: Cresselia|Lunar Blessing|p1b: Cresselia|[spread] p1a,p1b\n|-heal|p1a: Walking Wake|100\/100 tox\n|-curestatus|p1a: Walking Wake|tox|[msg]\n|-heal|p1b: Cresselia|100\/100 tox\n|-curestatus|p1b: Cresselia|tox|[msg]\n|move|p2b: Trevenant|Disable|p1a: Walking Wake\n|-start|p1a: Walking Wake|Disable|Flamethrower\n|\n|-weather|Snow|[upkeep]\n|-item|p2b: Trevenant|Sitrus Berry|[from] ability: Harvest\n|upkeep\n|turn|6\n|c|\u2606RocketsViability|oh that hits both\n|inactive|icuinmyvision3 has 120 seconds left.\n|\n|t:|1698846386\n|-end|p1a: Walking Wake|Protosynthesis|[silent]\n|switch|p1a: Landorus|Landorus-Therian, M|100\/100\n|-ability|p1a: Landorus|Intimidate|boost\n|-unboost|p2a: Goodra|atk|1\n|-unboost|p2b: Trevenant|atk|1\n|switch|p1b: Roaring Moon|Roaring Moon|100\/100\n|move|p2a: Goodra|Blizzard|p1b: Roaring Moon|[spread] p1a,p1b\n|-supereffective|p1a: Landorus\n|-supereffective|p1b: Roaring Moon\n|-damage|p1a: Landorus|0 fnt\n|-damage|p1b: Roaring Moon|45\/100\n|faint|p1a: Landorus\n|move|p2b: Trevenant|Disable||[still]\n|-fail|p2b: Trevenant\n|\n|-weather|Snow|[upkeep]\n|upkeep\n|\n|t:|1698846399\n|switch|p1a: Walking Wake|Walking Wake|100\/100\n|turn|7\n|\n|t:|1698846407\n|move|p2b: Trevenant|Ally Switch|p2b: Trevenant\n|swap|p2b: Trevenant|0|[from] move: Ally Switch\n|move|p1a: Walking Wake|Flamethrower|p2b: Goodra\n|-damage|p2b: Goodra|71\/100\n|move|p1b: Roaring Moon|Dragon Dance|p1b: Roaring Moon\n|-boost|p1b: Roaring Moon|atk|1\n|-boost|p1b: Roaring Moon|spe|1\n|move|p2b: Goodra|Blizzard|p1b: Roaring Moon|[spread] p1a,p1b\n|-supereffective|p1b: Roaring Moon\n|-damage|p1a: Walking Wake|65\/100\n|-damage|p1b: Roaring Moon|0 fnt\n|faint|p1b: Roaring Moon\n|-end|p1b: Roaring Moon|Protosynthesis|[silent]\n|\n|-weather|Snow|[upkeep]\n|upkeep\n|\n|t:|1698846420\n|switch|p1b: Great Tusk|Great Tusk|100\/100\n|turn|8\n|\n|t:|1698846440\n|move|p2b: Goodra|Protect|p2b: Goodra\n|-singleturn|p2b: Goodra|Protect\n|move|p1a: Walking Wake|Flamethrower|p2b: Goodra\n|-activate|p2b: Goodra|move: Protect\n|move|p1b: Great Tusk|Close Combat|p2b: Goodra\n|-activate|p2b: Goodra|move: Protect\n|move|p2a: Trevenant|Disable|p1a: Walking Wake\n|-start|p1a: Walking Wake|Disable|Flamethrower\n|\n|-weather|none\n|upkeep\n|turn|9\n|\n|t:|1698846460\n|-end|p1a: Walking Wake|Protosynthesis|[silent]\n|switch|p1a: Cresselia|Cresselia, F|100\/100\n|move|p1b: Great Tusk|Close Combat|p2b: Goodra\n|-supereffective|p2b: Goodra\n|-damage|p2b: Goodra|0 fnt\n|-unboost|p1b: Great Tusk|def|1\n|-unboost|p1b: Great Tusk|spd|1\n|-damage|p1b: Great Tusk|84\/100|[from] item: Rocky Helmet|[of] p2b: Goodra\n|faint|p2b: Goodra\n|move|p2a: Trevenant|Toxic|p1b: Great Tusk\n|-status|p1b: Great Tusk|tox\n|\n|-damage|p1b: Great Tusk|78\/100 tox|[from] psn\n|upkeep\n|\n|t:|1698846465\n|switch|p2b: Torterra|Torterra, F|100\/100\n|turn|10\n|\n|t:|1698846477\n|move|p2a: Trevenant|Ally Switch|p2a: Trevenant\n|swap|p2a: Trevenant|1|[from] move: Ally Switch\n|move|p1b: Great Tusk|Close Combat|p2b: Trevenant\n|-immune|p2b: Trevenant\n|move|p2a: Torterra|Shell Smash|p2a: Torterra\n|-unboost|p2a: Torterra|def|1\n|-unboost|p2a: Torterra|spd|1\n|-boost|p2a: Torterra|atk|2\n|-boost|p2a: Torterra|spa|2\n|-boost|p2a: Torterra|spe|2\n|move|p1a: Cresselia|Grass Knot|p2b: Trevenant\n|-resisted|p2b: Trevenant\n|-crit|p2b: Trevenant\n|-damage|p2b: Trevenant|41\/100\n|-enditem|p2b: Trevenant|Sitrus Berry|[eat]\n|-heal|p2b: Trevenant|65\/100|[from] item: Sitrus Berry\n|\n|-damage|p1b: Great Tusk|65\/100 tox|[from] psn\n|upkeep\n|turn|11\n|\n|t:|1698846507\n|-end|p1b: Great Tusk|Protosynthesis|[silent]\n|switch|p1b: Walking Wake|Walking Wake|65\/100\n|move|p2a: Torterra|Bullet Seed|p1b: Walking Wake\n|-damage|p1b: Walking Wake|36\/100\n|-damage|p1b: Walking Wake|8\/100\n|-damage|p1b: Walking Wake|0 fnt\n|faint|p1b: Walking Wake\n|-end|p1b: Walking Wake|Protosynthesis|[silent]\n|-hitcount|p1: Walking Wake|3\n|move|p1a: Cresselia|Lunar Blessing||[still]\n|-fail|p1a: Cresselia\n|move|p2b: Trevenant|Disable|p1a: Cresselia\n|-start|p1a: Cresselia|Disable|Lunar Blessing\n|\n|-item|p2b: Trevenant|Sitrus Berry|[from] ability: Harvest\n|upkeep\n|inactive|icuinmyvision3 has 120 seconds left.\n|\n|t:|1698846519\n|switch|p1b: Great Tusk|Great Tusk|65\/100 tox\n|turn|12\n|\n|t:|1698846527\n|move|p2a: Torterra|Bullet Seed|p1b: Great Tusk\n|-supereffective|p1b: Great Tusk\n|-damage|p1b: Great Tusk|31\/100 tox\n|-supereffective|p1b: Great Tusk\n|-damage|p1b: Great Tusk|0 fnt\n|faint|p1b: Great Tusk\n|-end|p1b: Great Tusk|Protosynthesis|[silent]\n|-hitcount|p1: Great Tusk|2\n|move|p1a: Cresselia|Calm Mind|p1a: Cresselia\n|-boost|p1a: Cresselia|spa|1\n|-boost|p1a: Cresselia|spd|1\n|move|p2b: Trevenant|Toxic|p1a: Cresselia|[miss]\n|-miss|p2b: Trevenant|p1a: Cresselia\n|\n|upkeep\n|turn|13\n|\n|t:|1698846543\n|-terastallize|p1a: Cresselia|Psychic\n|move|p2a: Torterra|Bullet Seed|p1a: Cresselia\n|-damage|p1a: Cresselia|81\/100\n|-damage|p1a: Cresselia|62\/100\n|-damage|p1a: Cresselia|44\/100\n|-damage|p1a: Cresselia|27\/100\n|-hitcount|p1a: Cresselia|4\n|move|p1a: Cresselia|Calm Mind|p1a: Cresselia\n|-boost|p1a: Cresselia|spa|1\n|-boost|p1a: Cresselia|spd|1\n|move|p2b: Trevenant|Disable||[still]\n|-fail|p2b: Trevenant\n|\n|-heal|p1a: Cresselia|33\/100|[from] item: Leftovers\n|upkeep\n|turn|14\n|\n|t:|1698846558\n|move|p2a: Torterra|Bullet Seed|p1a: Cresselia\n|-damage|p1a: Cresselia|16\/100\n|-damage|p1a: Cresselia|0 fnt\n|faint|p1a: Cresselia\n|-hitcount|p1: Cresselia|2\n|\n|win|RocketsViability\n|raw|icuinmyvision3's rating: 1080 &rarr; <strong>1063<\/strong><br \/>(-17 for losing)\n|raw|RocketsViability's rating: 1157 &rarr; <strong>1177<\/strong><br \/>(+20 for winning)\n|l|\u2606icuinmyvision3\n","uploadtime":1698846565,"views":17,"p1id":"icuinmyvision3","p2id":"rocketsviability","formatid":"gen9doublesou","rating":1063,"private":0,"password":""}