{"id":"gen9doublesou-1980272783","p1":"Mega_Beedrill User","p2":"Omfg\u2665bloody\u2665guy \u266b~","format":"[Gen 9] Doubles OU","log":"|j|\u2606Mega_Beedrill User\n|j|\u2606Omfg\u2665bloody\u2665guy \u266b~\n|inactive|Battle timer is ON: inactive players will automatically lose when time's up.\n|t:|1698771359\n|gametype|doubles\n|j|*Lady Monita \u263d\n|player|p1|Mega_Beedrill User|penny|\n|player|p2|Omfg\u2665bloody\u2665guy \u266b~|morty-masters2|\n|teamsize|p1|6\n|teamsize|p2|6\n|gen|9\n|tier|[Gen 9] Doubles OU\n|rated|Tournament battle\n|rule|Species Clause: Limit one of each Pok\u00e9mon\n|rule|OHKO Clause: OHKO moves are banned\n|rule|Evasion Moves Clause: Evasion moves are banned\n|rule|Gravity Sleep Clause: The combination of sleep-inducing moves with imperfect accuracy and Gravity or Gigantamax Orbeetle are banned\n|rule|Endless Battle Clause: Forcing endless battles is banned\n|rule|HP Percentage Mod: HP is shown in percentages\n|clearpoke\n|poke|p1|Sandaconda, M|\n|poke|p1|Murkrow, M|\n|poke|p1|Chingling, F|\n|poke|p1|Crabrawler, F|\n|poke|p1|Quaquaval, F|\n|poke|p1|Quilladin, M|\n|poke|p2|Gogoat, F|\n|poke|p2|Rolycoly, F|\n|poke|p2|Shroomish, F|\n|poke|p2|Buizel, F|\n|poke|p2|Chansey, F|\n|poke|p2|Frosmoth, M|\n|teampreview\n|inactive|Mega_Beedrill User also wants the timer to be on.\n|inactive|Omfg\u2665bloody\u2665guy \u266b~ also wants the timer to be on.\n|\n|t:|1698771383\n|start\n|switch|p1a: Sandaconda|Sandaconda, M, shiny|100\/100\n|switch|p1b: Chingling|Chingling, F|100\/100\n|switch|p2a: Rolycoly|Rolycoly, F, shiny|100\/100\n|switch|p2b: Gogoat|Gogoat, F, shiny|100\/100\n|turn|1\n|\n|t:|1698771393\n|move|p1a: Sandaconda|Coil|p1a: Sandaconda\n|-boost|p1a: Sandaconda|atk|1\n|-boost|p1a: Sandaconda|def|1\n|-boost|p1a: Sandaconda|accuracy|1\n|move|p2b: Gogoat|Horn Leech|p1a: Sandaconda\n|-supereffective|p1a: Sandaconda\n|-damage|p1a: Sandaconda|71\/100\n|move|p1b: Chingling|Knock Off|p2b: Gogoat\n|-damage|p2b: Gogoat|90\/100\n|-enditem|p2b: Gogoat|Leftovers|[from] move: Knock Off|[of] p1b: Chingling\n|move|p2a: Rolycoly|Will-O-Wisp|p1a: Sandaconda\n|-status|p1a: Sandaconda|brn\n|\n|-heal|p1a: Sandaconda|77\/100 brn|[from] item: Leftovers\n|-damage|p1a: Sandaconda|71\/100 brn|[from] brn\n|upkeep\n|turn|2\n|inactive|Omfg\u2665bloody\u2665guy \u266b~ has 120 seconds left.\n|\n|t:|1698771427\n|move|p1a: Sandaconda|Coil|p1a: Sandaconda\n|-boost|p1a: Sandaconda|atk|1\n|-boost|p1a: Sandaconda|def|1\n|-boost|p1a: Sandaconda|accuracy|1\n|move|p2b: Gogoat|Horn Leech|p1a: Sandaconda\n|-supereffective|p1a: Sandaconda\n|-crit|p1a: Sandaconda\n|-damage|p1a: Sandaconda|3\/100 brn\n|-heal|p2b: Gogoat|100\/100|[from] drain|[of] p1a: Sandaconda\n|move|p1b: Chingling|Dazzling Gleam|p2b: Gogoat|[spread] p2a,p2b\n|-damage|p2a: Rolycoly|88\/100\n|-damage|p2b: Gogoat|94\/100\n|move|p2a: Rolycoly|Heat Crash|p1b: Chingling\n|-damage|p1b: Chingling|80\/100\n|\n|-heal|p1a: Sandaconda|9\/100 brn|[from] item: Leftovers\n|-damage|p1a: Sandaconda|3\/100 brn|[from] brn\n|upkeep\n|turn|3\n|inactive|Omfg\u2665bloody\u2665guy \u266b~ has 120 seconds left.\n|\n|t:|1698771458\n|move|p2a: Rolycoly|Protect|p2a: Rolycoly\n|-singleturn|p2a: Rolycoly|Protect\n|move|p1a: Sandaconda|Rest|p1a: Sandaconda\n|-status|p1a: Sandaconda|slp|[from] move: Rest\n|-heal|p1a: Sandaconda|100\/100 slp|[silent]\n|move|p2b: Gogoat|Horn Leech|p1a: Sandaconda\n|-supereffective|p1a: Sandaconda\n|-damage|p1a: Sandaconda|78\/100 slp\n|-heal|p2b: Gogoat|100\/100|[from] drain|[of] p1a: Sandaconda\n|move|p1b: Chingling|Knock Off|p2a: Rolycoly\n|-activate|p2a: Rolycoly|move: Protect\n|\n|-activate|p1a: Sandaconda|ability: Shed Skin\n|-curestatus|p1a: Sandaconda|slp|[msg]\n|-heal|p1a: Sandaconda|84\/100|[from] item: Leftovers\n|upkeep\n|turn|4\n|\n|t:|1698771473\n|move|p1a: Sandaconda|Coil|p1a: Sandaconda\n|-boost|p1a: Sandaconda|atk|1\n|-boost|p1a: Sandaconda|def|1\n|-boost|p1a: Sandaconda|accuracy|1\n|move|p2b: Gogoat|Horn Leech|p1a: Sandaconda\n|-supereffective|p1a: Sandaconda\n|-damage|p1a: Sandaconda|66\/100\n|move|p1b: Chingling|Knock Off|p2a: Rolycoly\n|-damage|p2a: Rolycoly|67\/100\n|-enditem|p2a: Rolycoly|Focus Sash|[from] move: Knock Off|[of] p1b: Chingling\n|move|p2a: Rolycoly|Will-O-Wisp|p1a: Sandaconda\n|-status|p1a: Sandaconda|brn\n|\n|-activate|p1a: Sandaconda|ability: Shed Skin\n|-curestatus|p1a: Sandaconda|brn|[msg]\n|-heal|p1a: Sandaconda|72\/100|[from] item: Leftovers\n|upkeep\n|turn|5\n|\n|t:|1698771484\n|move|p1b: Chingling|Protect|p1b: Chingling\n|-singleturn|p1b: Chingling|Protect\n|move|p1a: Sandaconda|Fire Fang|p2b: Gogoat\n|-supereffective|p2b: Gogoat\n|-damage|p2b: Gogoat|0 fnt\n|faint|p2b: Gogoat\n|move|p2a: Rolycoly|Will-O-Wisp|p1a: Sandaconda\n|-status|p1a: Sandaconda|brn\n|\n|-activate|p1a: Sandaconda|ability: Shed Skin\n|-curestatus|p1a: Sandaconda|brn|[msg]\n|-heal|p1a: Sandaconda|78\/100|[from] item: Leftovers\n|upkeep\n|\n|t:|1698771497\n|switch|p2b: Frosmoth|Frosmoth, M, shiny|100\/100\n|turn|6\n|\n|t:|1698771509\n|move|p2b: Frosmoth|Ice Beam|p1a: Sandaconda\n|-supereffective|p1a: Sandaconda\n|-damage|p1a: Sandaconda|0 fnt\n|faint|p1a: Sandaconda\n|move|p1b: Chingling|Dazzling Gleam|p2b: Frosmoth|[spread] p2a,p2b\n|-damage|p2a: Rolycoly|53\/100\n|-damage|p2b: Frosmoth|87\/100\n|move|p2a: Rolycoly|Stone Edge|p1b: Chingling|[miss]\n|-miss|p2a: Rolycoly|p1b: Chingling\n|\n|upkeep\n|\n|t:|1698771516\n|switch|p1a: Crabrawler|Crabrawler, F, shiny|100\/100\n|turn|7\n|\n|t:|1698771525\n|move|p2b: Frosmoth|Protect|p2b: Frosmoth\n|-singleturn|p2b: Frosmoth|Protect\n|move|p1a: Crabrawler|Drain Punch|p2b: Frosmoth\n|-activate|p2b: Frosmoth|move: Protect\n|move|p1b: Chingling|Knock Off|p2b: Frosmoth\n|-activate|p2b: Frosmoth|move: Protect\n|move|p2a: Rolycoly|Will-O-Wisp|p1a: Crabrawler\n|-status|p1a: Crabrawler|brn\n|\n|-damage|p1a: Crabrawler|95\/100 brn|[from] brn\n|upkeep\n|turn|8\n|\n|t:|1698771547\n|move|p1a: Crabrawler|Drain Punch|p2b: Frosmoth\n|-damage|p2b: Frosmoth|64\/100\n|-heal|p1a: Crabrawler|100\/100 brn|[from] drain|[of] p2b: Frosmoth\n|move|p2b: Frosmoth|Quiver Dance|p2b: Frosmoth\n|-boost|p2b: Frosmoth|spa|1\n|-boost|p2b: Frosmoth|spd|1\n|-boost|p2b: Frosmoth|spe|1\n|move|p1b: Chingling|Knock Off|p2b: Frosmoth\n|-damage|p2b: Frosmoth|46\/100\n|-enditem|p2b: Frosmoth|Heavy-Duty Boots|[from] move: Knock Off|[of] p1b: Chingling\n|move|p2a: Rolycoly|Stone Edge|p1b: Chingling|[miss]\n|-miss|p2a: Rolycoly|p1b: Chingling\n|\n|-damage|p1a: Crabrawler|95\/100 brn|[from] brn\n|upkeep\n|turn|9\n|\n|t:|1698771574\n|move|p2a: Rolycoly|Protect|p2a: Rolycoly\n|-singleturn|p2a: Rolycoly|Protect\n|move|p2b: Frosmoth|Bug Buzz|p1b: Chingling\n|-supereffective|p1b: Chingling\n|-damage|p1b: Chingling|0 fnt\n|faint|p1b: Chingling\n|move|p1a: Crabrawler|Drain Punch|p2b: Frosmoth\n|-damage|p2b: Frosmoth|21\/100\n|-heal|p1a: Crabrawler|100\/100 brn|[from] drain|[of] p2b: Frosmoth\n|\n|-damage|p1a: Crabrawler|95\/100 brn|[from] brn\n|upkeep\n|\n|t:|1698771581\n|switch|p1b: Quaquaval|Quaquaval, F|100\/100\n|turn|10\n|\n|t:|1698771602\n|switch|p1b: Murkrow|Murkrow, M|100\/100\n|move|p2b: Frosmoth|Ice Beam|p1b: Murkrow\n|-supereffective|p1b: Murkrow\n|-damage|p1b: Murkrow|0 fnt\n|faint|p1b: Murkrow\n|move|p1a: Crabrawler|Drain Punch|p2b: Frosmoth\n|-damage|p2b: Frosmoth|0 fnt\n|-heal|p1a: Crabrawler|100\/100 brn|[from] drain|[of] p2b: Frosmoth\n|faint|p2b: Frosmoth\n|move|p2a: Rolycoly|Will-O-Wisp|p1a: Crabrawler\n|-fail|p1a: Crabrawler|brn\n|\n|-damage|p1a: Crabrawler|95\/100 brn|[from] brn\n|upkeep\n|\n|t:|1698771615\n|switch|p2b: Shroomish|Shroomish, F, shiny|100\/100\n|switch|p1b: Quaquaval|Quaquaval, F|100\/100\n|turn|11\n|\n|t:|1698771627\n|move|p2a: Rolycoly|Protect|p2a: Rolycoly\n|-singleturn|p2a: Rolycoly|Protect\n|move|p1b: Quaquaval|Aqua Step|p2a: Rolycoly\n|-activate|p2a: Rolycoly|move: Protect\n|move|p1a: Crabrawler|Ice Punch|p2b: Shroomish\n|-supereffective|p2b: Shroomish\n|-damage|p2b: Shroomish|80\/100\n|move|p2b: Shroomish|Spore|p1b: Quaquaval\n|-status|p1b: Quaquaval|slp|[from] move: Spore\n|\n|-damage|p1a: Crabrawler|89\/100 brn|[from] brn\n|upkeep\n|turn|12\n|\n|t:|1698771651\n|cant|p1b: Quaquaval|slp\n|move|p1a: Crabrawler|Ice Punch|p2b: Shroomish\n|-supereffective|p2b: Shroomish\n|-damage|p2b: Shroomish|59\/100\n|move|p2b: Shroomish|Leech Seed|p1b: Quaquaval\n|-start|p1b: Quaquaval|move: Leech Seed\n|move|p2a: Rolycoly|Heat Crash|p1a: Crabrawler\n|-damage|p1a: Crabrawler|82\/100 brn\n|\n|-damage|p1b: Quaquaval|88\/100 slp|[from] Leech Seed|[of] p2b: Shroomish\n|-heal|p2b: Shroomish|71\/100|[silent]\n|-damage|p1a: Crabrawler|76\/100 brn|[from] brn\n|upkeep\n|turn|13\n|\n|t:|1698771672\n|cant|p1b: Quaquaval|slp\n|move|p1a: Crabrawler|Ice Punch|p2b: Shroomish\n|-supereffective|p2b: Shroomish\n|-damage|p2b: Shroomish|52\/100\n|move|p2b: Shroomish|Energy Ball|p1b: Quaquaval\n|-supereffective|p1b: Quaquaval\n|-damage|p1b: Quaquaval|43\/100 slp\n|move|p2a: Rolycoly|Heat Crash|p1a: Crabrawler\n|-damage|p1a: Crabrawler|69\/100 brn\n|\n|-heal|p1b: Quaquaval|49\/100 slp|[from] item: Leftovers\n|-damage|p1b: Quaquaval|37\/100 slp|[from] Leech Seed|[of] p2b: Shroomish\n|-heal|p2b: Shroomish|63\/100|[silent]\n|-damage|p1a: Crabrawler|63\/100 brn|[from] brn\n|upkeep\n|turn|14\n|\n|t:|1698771683\n|move|p2b: Shroomish|Protect|p2b: Shroomish\n|-singleturn|p2b: Shroomish|Protect\n|cant|p1b: Quaquaval|slp\n|move|p1a: Crabrawler|Ice Punch|p2b: Shroomish\n|-activate|p2b: Shroomish|move: Protect\n|move|p2a: Rolycoly|Will-O-Wisp||[still]\n|-fail|p2a: Rolycoly\n|\n|-heal|p1b: Quaquaval|43\/100 slp|[from] item: Leftovers\n|-damage|p1b: Quaquaval|31\/100 slp|[from] Leech Seed|[of] p2b: Shroomish\n|-heal|p2b: Shroomish|75\/100|[silent]\n|-damage|p1a: Crabrawler|58\/100 brn|[from] brn\n|upkeep\n|turn|15\n|\n|t:|1698771696\n|move|p2a: Rolycoly|Protect|p2a: Rolycoly\n|-singleturn|p2a: Rolycoly|Protect\n|-curestatus|p1b: Quaquaval|slp|[msg]\n|move|p1b: Quaquaval|Ice Spinner|p2b: Shroomish\n|-supereffective|p2b: Shroomish\n|-damage|p2b: Shroomish|15\/100\n|move|p1a: Crabrawler|Ice Punch|p2b: Shroomish\n|-supereffective|p2b: Shroomish\n|-damage|p2b: Shroomish|0 fnt\n|faint|p2b: Shroomish\n|\n|-heal|p1b: Quaquaval|37\/100|[from] item: Leftovers\n|-damage|p1a: Crabrawler|52\/100 brn|[from] brn\n|upkeep\n|inactive|Omfg\u2665bloody\u2665guy \u266b~ has 120 seconds left.\n|\n|t:|1698771724\n|switch|p2b: Chansey|Chansey, F, shiny|100\/100\n|turn|16\n|\n|t:|1698771737\n|-terastallize|p2b: Chansey|Water\n|move|p1b: Quaquaval|Aqua Step|p2a: Rolycoly\n|-supereffective|p2a: Rolycoly\n|-damage|p2a: Rolycoly|0 fnt\n|-boost|p1b: Quaquaval|spe|1\n|faint|p2a: Rolycoly\n|-ability|p1b: Quaquaval|Moxie|boost\n|-boost|p1b: Quaquaval|atk|1\n|move|p1a: Crabrawler|Drain Punch|p2b: Chansey\n|-damage|p2b: Chansey|91\/100\n|-heal|p1a: Crabrawler|66\/100 brn|[from] drain|[of] p2b: Chansey\n|move|p2b: Chansey|Seismic Toss|p1b: Quaquaval\n|-damage|p1b: Quaquaval|5\/100\n|\n|-heal|p1b: Quaquaval|11\/100|[from] item: Leftovers\n|-damage|p1b: Quaquaval|0 fnt|[from] Leech Seed|[of] p2b: Chansey\n|-heal|p2b: Chansey|96\/100|[silent]\n|faint|p1b: Quaquaval\n|-damage|p1a: Crabrawler|60\/100 brn|[from] brn\n|upkeep\n|\n|t:|1698771754\n|switch|p1b: Quilladin|Quilladin, M, shiny|100\/100\n|switch|p2a: Buizel|Buizel, F, shiny|100\/100\n|turn|17\n|\n|t:|1698771764\n|move|p2a: Buizel|Protect|p2a: Buizel\n|-singleturn|p2a: Buizel|Protect\n|move|p1a: Crabrawler|Thunder Punch|p2a: Buizel\n|-activate|p2a: Buizel|move: Protect\n|move|p1b: Quilladin|Bulk Up|p1b: Quilladin\n|-boost|p1b: Quilladin|atk|1\n|-boost|p1b: Quilladin|def|1\n|move|p2b: Chansey|Thunder Wave|p1b: Quilladin\n|-status|p1b: Quilladin|par\n|\n|-damage|p1a: Crabrawler|54\/100 brn|[from] brn\n|upkeep\n|turn|18\n|\n|t:|1698771792\n|move|p2a: Buizel|Ice Spinner|p1b: Quilladin\n|-supereffective|p1b: Quilladin\n|-damage|p1b: Quilladin|74\/100 par\n|-damage|p2a: Buizel|91\/100|[from] item: Life Orb\n|move|p1a: Crabrawler|Thunder Punch|p2a: Buizel\n|-supereffective|p2a: Buizel\n|-damage|p2a: Buizel|32\/100\n|move|p2b: Chansey|Seismic Toss|p1b: Quilladin\n|-damage|p1b: Quilladin|43\/100 par\n|cant|p1b: Quilladin|par\n|\n|-damage|p1a: Crabrawler|48\/100 brn|[from] brn\n|upkeep\n|turn|19\n|\n|t:|1698771819\n|move|p2b: Chansey|Protect|p2b: Chansey\n|-singleturn|p2b: Chansey|Protect\n|move|p2a: Buizel|Liquidation|p1a: Crabrawler\n|-damage|p1a: Crabrawler|0 fnt\n|faint|p1a: Crabrawler\n|-damage|p2a: Buizel|22\/100|[from] item: Life Orb\n|move|p1b: Quilladin|Seed Bomb|p2b: Chansey\n|-activate|p2b: Chansey|move: Protect\n|\n|upkeep\n|turn|20\n|c|\u2606Mega_Beedrill User|your so lucky\n|\n|t:|1698771833\n|move|p2a: Buizel|Ice Spinner|p1b: Quilladin\n|-supereffective|p1b: Quilladin\n|-damage|p1b: Quilladin|19\/100 par\n|-damage|p2a: Buizel|12\/100|[from] item: Life Orb\n|move|p2b: Chansey|Seismic Toss|p1b: Quilladin\n|-damage|p1b: Quilladin|0 fnt\n|faint|p1b: Quilladin\n|\n|win|Omfg\u2665bloody\u2665guy \u266b~\n|n|\u2606Mega_Beedrill User|megabeedrilluser\n|n|\u2606Omfg\u2665bloody\u2665guy \u266b~|omfgbloodyguy\n|n|*Lady Monita \u263d|ladymonita\n|l|*Lady Monita \u263d\n|c|\u2606Omfg\u2665bloody\u2665guy \u266b~|Gg\n|c|\u2606Omfg\u2665bloody\u2665guy \u266b~|Thanks\n|l|\u2606Mega_Beedrill User\n","uploadtime":1698773182,"views":21,"p1id":"megabeedrilluser","p2id":"omfgbloodyguy","formatid":"gen9doublesou","rating":0,"private":0,"password":""}