{"id":"gen9doublesou-1988546525","p1":"Waffle2O23","p2":"Spurrific","format":"[Gen 9] Doubles OU","log":"|j|\u2606Waffle2O23\n|j|\u2606Spurrific\n|t:|1699734624\n|gametype|doubles\n|player|p1|Waffle2O23|unknownf|\n|player|p2|Spurrific|#scl2dynamos|\n|teamsize|p1|6\n|teamsize|p2|6\n|gen|9\n|tier|[Gen 9] Doubles OU\n|rule|Species Clause: Limit one of each Pok\u00e9mon\n|rule|OHKO Clause: OHKO moves are banned\n|rule|Evasion Moves Clause: Evasion moves are banned\n|rule|Gravity Sleep Clause: The combination of sleep-inducing moves with imperfect accuracy and Gravity or Gigantamax Orbeetle are banned\n|rule|Endless Battle Clause: Forcing endless battles is banned\n|rule|HP Percentage Mod: HP is shown in percentages\n|clearpoke\n|poke|p1|Ursaluna-Bloodmoon, M|\n|poke|p1|Ogerpon-Hearthflame, F|\n|poke|p1|Torkoal, F|\n|poke|p1|Iron Hands|\n|poke|p1|Cresselia, F|\n|poke|p1|Walking Wake|\n|poke|p2|Arcanine-Hisui, M|\n|poke|p2|Rillaboom, M|\n|poke|p2|Tornadus, M|\n|poke|p2|Ogerpon-Wellspring, F|\n|poke|p2|Chien-Pao|\n|poke|p2|Gholdengo|\n|teampreview\n|inactive|Battle timer is ON: inactive players will automatically lose when time's up. (requested by Spurrific)\n|j| F3rrari450\n|c|\u2606Spurrific|glhf\n|c|\u2606Waffle2O23|u2\n|inactive|Waffle2O23 has 270 seconds left.\n|inactive|Spurrific has 270 seconds left.\n|j| dont you wanna go\n|j|+ryo yamada2001\n|j| theyummybagel\n|j| Amaranth\n|j|+talkingtree\n|inactive|Spurrific has 240 seconds left.\n|l| dont you wanna go\n|inactive|Waffle2O23 has 240 seconds left.\n|j|+daawesomedude1 (\n|j| dont you wanna go\n|inactive|Spurrific has 210 seconds left.\n|\n|t:|1699734726\n|start\n|switch|p1a: Rn|Walking Wake|100\/100\n|switch|p1b: Ne|Ogerpon-Hearthflame, F|100\/100\n|switch|p2a: Rillaboom|Rillaboom, M|100\/100\n|switch|p2b: Arcanine|Arcanine-Hisui, M|100\/100\n|-ability|p1b: Ne|Mold Breaker\n|-ability|p2b: Arcanine|Intimidate|boost\n|-unboost|p1a: Rn|atk|1\n|-unboost|p1b: Ne|atk|1\n|-fieldstart|move: Grassy Terrain|[from] ability: Grassy Surge|[of] p2a: Rillaboom\n|turn|1\n|inactive|Spurrific has 270 seconds left.\n|\n|t:|1699734747\n|switch|p2b: Ogerpon|Ogerpon-Wellspring, F|100\/100\n|move|p1b: Ne|Spiky Shield|p1b: Ne\n|-singleturn|p1b: Ne|move: Protect\n|move|p1a: Rn|Protect|p1a: Rn\n|-singleturn|p1a: Rn|Protect\n|move|p2a: Rillaboom|Fake Out|p1b: Ne\n|-activate|p1b: Ne|move: Protect\n|-damage|p2a: Rillaboom|88\/100|[from] Spiky Shield|[of] p1b: Ne\n|\n|-heal|p2a: Rillaboom|94\/100|[from] Grassy Terrain\n|upkeep\n|turn|2\n|\n|t:|1699734764\n|switch|p2a: Arcanine|Arcanine-Hisui, M|100\/100\n|-ability|p2a: Arcanine|Intimidate|boost\n|-unboost|p1a: Rn|atk|1\n|-unboost|p1b: Ne|atk|1\n|move|p1b: Ne|Ivy Cudgel|p2a: Arcanine\n|-resisted|p2a: Arcanine\n|-damage|p2a: Arcanine|93\/100\n|move|p1a: Rn|Dragon Pulse|p2b: Ogerpon\n|-damage|p2b: Ogerpon|46\/100\n|-damage|p1a: Rn|91\/100|[from] item: Life Orb\n|move|p2b: Ogerpon|Swords Dance|p2b: Ogerpon\n|-boost|p2b: Ogerpon|atk|2\n|\n|-heal|p1a: Rn|97\/100|[from] Grassy Terrain\n|-heal|p2a: Arcanine|99\/100|[from] Grassy Terrain\n|-heal|p2b: Ogerpon|52\/100|[from] Grassy Terrain\n|upkeep\n|turn|3\n|j| umbry \u273f\n|inactive|Waffle2O23 has 270 seconds left.\n|inactive|Spurrific has 270 seconds left.\n|j| R4ye\n|\n|t:|1699734806\n|move|p1b: Ne|Follow Me|p1b: Ne\n|-singleturn|p1b: Ne|move: Follow Me\n|move|p2b: Ogerpon|Grassy Glide|p1b: Ne\n|-resisted|p1b: Ne\n|-damage|p1b: Ne|74\/100\n|move|p1a: Rn|Hydro Steam|p2a: Arcanine\n|-supereffective|p2a: Arcanine\n|-damage|p2a: Arcanine|0 fnt\n|faint|p2a: Arcanine\n|-damage|p1a: Rn|87\/100|[from] item: Life Orb\n|\n|-heal|p1b: Ne|80\/100|[from] Grassy Terrain\n|-heal|p1a: Rn|93\/100|[from] Grassy Terrain\n|-heal|p2b: Ogerpon|58\/100|[from] Grassy Terrain\n|upkeep\n|inactive|Spurrific has 270 seconds left.\n|\n|t:|1699734830\n|switch|p2a: Tornadus|Tornadus, M|100\/100\n|turn|4\n|inactive|Waffle2O23 has 270 seconds left.\n|j| MADARAAAA\n|j| Enzonana\n|inactive|Waffle2O23 has 240 seconds left.\n|j| mishimono\n|c| Enzonana|vamos justinnnnn <3\n|inactive|Spurrific has 270 seconds left.\n|inactive|Waffle2O23 has 210 seconds left.\n|\n|t:|1699734927\n|switch|p1b: Ar|Torkoal, F|100\/100\n|-weather|SunnyDay|[from] ability: Drought|[of] p1b: Ar\n|-activate|p1a: Rn|ability: Protosynthesis\n|-start|p1a: Rn|protosynthesisspe\n|-terastallize|p2b: Ogerpon|Water\n|detailschange|p2b: Ogerpon|Ogerpon-Wellspring-Tera, F, tera:Water\n|-ability|p2b: Ogerpon|Embody Aspect (Wellspring)|boost\n|-boost|p2b: Ogerpon|spd|1\n|move|p2a: Tornadus|Tailwind|p2a: Tornadus\n|-sidestart|p2: Spurrific|move: Tailwind\n|move|p2b: Ogerpon|Ivy Cudgel|p1b: Ar\n|-supereffective|p1b: Ar\n|-crit|p1b: Ar\n|-damage|p1b: Ar|0 fnt\n|faint|p1b: Ar\n|move|p1a: Rn|Dragon Pulse|p2b: Ogerpon\n|-damage|p2b: Ogerpon|26\/100\n|-damage|p1a: Rn|83\/100|[from] item: Life Orb\n|\n|-weather|SunnyDay|[upkeep]\n|-heal|p2b: Ogerpon|32\/100|[from] Grassy Terrain\n|-heal|p1a: Rn|89\/100|[from] Grassy Terrain\n|upkeep\n|l| R4ye\n|inactive|Waffle2O23 has 180 seconds left.\n|\n|t:|1699734968\n|switch|p1b: Xe|Cresselia, F|100\/100\n|turn|5\n|inactive|Waffle2O23 has 180 seconds left.\n|\n|t:|1699734975\n|move|p2a: Tornadus|Rain Dance|p2a: Tornadus\n|-weather|RainDance\n|-end|p1a: Rn|Protosynthesis\n|move|p2b: Ogerpon|Ivy Cudgel|p1b: Xe\n|-damage|p1b: Xe|0 fnt\n|faint|p1b: Xe\n|move|p1a: Rn|Dragon Pulse|p2b: Ogerpon\n|-damage|p2b: Ogerpon|0 fnt\n|faint|p2b: Ogerpon\n|-damage|p1a: Rn|80\/100|[from] item: Life Orb\n|\n|-weather|RainDance|[upkeep]\n|-heal|p1a: Rn|86\/100|[from] Grassy Terrain\n|-fieldend|move: Grassy Terrain\n|upkeep\n|j| R4ye\n|\n|t:|1699734994\n|switch|p2b: Rillaboom|Rillaboom, M|94\/100\n|switch|p1b: He|Ursaluna-Bloodmoon, M|100\/100\n|-fieldstart|move: Grassy Terrain|[from] ability: Grassy Surge|[of] p2b: Rillaboom\n|turn|6\n|inactive|Waffle2O23 has 210 seconds left.\n|l| R4ye\n|\n|t:|1699735012\n|-end|p1a: Rn|Protosynthesis|[silent]\n|switch|p1a: Kr|Iron Hands|100\/100\n|move|p1b: He|Protect|p1b: He\n|-singleturn|p1b: He|Protect\n|move|p2a: Tornadus|Bleakwind Storm|p1a: Kr|[spread] p1a\n|-activate|p1b: He|move: Protect\n|-damage|p1a: Kr|83\/100\n|move|p2b: Rillaboom|Wood Hammer|p1b: He\n|-activate|p1b: He|move: Protect\n|\n|-weather|RainDance|[upkeep]\n|-heal|p2b: Rillaboom|100\/100|[from] Grassy Terrain\n|-heal|p1a: Kr|89\/100|[from] Grassy Terrain\n|upkeep\n|turn|7\n|j| R4ye\n|j| Grandmas Cookin\n|inactive|Spurrific has 270 seconds left.\n|\n|t:|1699735044\n|switch|p2b: Gholdengo|Gholdengo|100\/100\n|move|p1a: Kr|Fake Out|p2b: Gholdengo\n|-immune|p2b: Gholdengo\n|move|p2a: Tornadus|Taunt|p1b: He\n|-start|p1b: He|move: Taunt\n|move|p1b: He|Hyper Voice|p2b: Gholdengo|[spread] p2a,p2b\n|-resisted|p2b: Gholdengo\n|-damage|p2a: Tornadus|56\/100\n|-damage|p2b: Gholdengo|75\/100\n|-enditem|p1b: He|Throat Spray\n|-boost|p1b: He|spa|1|[from] item: Throat Spray\n|\n|-weather|RainDance|[upkeep]\n|-heal|p2b: Gholdengo|82\/100|[from] Grassy Terrain\n|-heal|p1a: Kr|96\/100|[from] Grassy Terrain\n|-sideend|p2: Spurrific|move: Tailwind\n|upkeep\n|turn|8\n|inactive|Waffle2O23 has 240 seconds left.\n|\n|t:|1699735065\n|move|p2a: Tornadus|Bleakwind Storm|p1a: Kr|[spread] p1a,p1b\n|-damage|p1a: Kr|79\/100\n|-damage|p1b: He|63\/100\n|move|p2b: Gholdengo|Make It Rain|p1a: Kr|[spread] p1a,p1b\n|-resisted|p1a: Kr\n|-damage|p1a: Kr|60\/100\n|-damage|p1b: He|0 fnt\n|-unboost|p2b: Gholdengo|spa|1\n|faint|p1b: He\n|move|p1a: Kr|Wild Charge|p2a: Tornadus\n|-supereffective|p2a: Tornadus\n|-damage|p2a: Tornadus|0 fnt\n|faint|p2a: Tornadus\n|-damage|p1a: Kr|49\/100|[from] Recoil\n|\n|-weather|RainDance|[upkeep]\n|-heal|p2b: Gholdengo|88\/100|[from] Grassy Terrain\n|-heal|p1a: Kr|55\/100|[from] Grassy Terrain\n|upkeep\n|j| AIRedzone\n|\n|t:|1699735082\n|switch|p2a: Chien-Pao|Chien-Pao|100\/100\n|switch|p1b: Ne|Ogerpon-Hearthflame, F|80\/100\n|-ability|p2a: Chien-Pao|Sword of Ruin\n|-ability|p1b: Ne|Mold Breaker\n|turn|9\n|inactive|Waffle2O23 has 270 seconds left.\n|j| eragon11145\n|\n|t:|1699735107\n|-terastallize|p1b: Ne|Fire\n|detailschange|p1b: Ne|Ogerpon-Hearthflame-Tera, F, tera:Fire\n|-ability|p1b: Ne|Embody Aspect (Hearthflame)|boost\n|-boost|p1b: Ne|atk|1\n|move|p2a: Chien-Pao|Protect|p2a: Chien-Pao\n|-singleturn|p2a: Chien-Pao|Protect\n|move|p1b: Ne|Ivy Cudgel|p2b: Gholdengo\n|-supereffective|p2b: Gholdengo\n|-damage|p2b: Gholdengo|0 fnt\n|faint|p2b: Gholdengo\n|move|p1a: Kr|Close Combat|p2a: Chien-Pao\n|-activate|p2a: Chien-Pao|move: Protect\n|\n|-weather|none\n|-heal|p1b: Ne|86\/100|[from] Grassy Terrain\n|-heal|p1a: Kr|61\/100|[from] Grassy Terrain\n|upkeep\n|\n|t:|1699735110\n|switch|p2b: Rillaboom|Rillaboom, M|100\/100\n|turn|10\n|j|+zoe\n|l| eragon11145\n|j| jomatoes\n|inactive|Waffle2O23 has 270 seconds left.\n|j| El de alli\n|inactive|Spurrific has 270 seconds left.\n|j| GuitarheroVGC\n|j|+Arcticblast\n|l|+zoe\n|inactive|Waffle2O23 has 240 seconds left.\n|\n|t:|1699735179\n|-end|p1a: Kr|Quark Drive|[silent]\n|switch|p1a: Rn|Walking Wake|86\/100\n|move|p1b: Ne|Spiky Shield|p1b: Ne\n|-singleturn|p1b: Ne|move: Protect\n|move|p2b: Rillaboom|Fake Out|p1b: Ne\n|-activate|p1b: Ne|move: Protect\n|-damage|p2b: Rillaboom|88\/100|[from] Spiky Shield|[of] p1b: Ne\n|move|p2a: Chien-Pao|Icicle Crash|p1a: Rn\n|-damage|p1a: Rn|5\/100\n|-damage|p2a: Chien-Pao|91\/100|[from] item: Life Orb\n|\n|-heal|p2a: Chien-Pao|97\/100|[from] Grassy Terrain\n|-heal|p1b: Ne|92\/100|[from] Grassy Terrain\n|-heal|p1a: Rn|11\/100|[from] Grassy Terrain\n|-heal|p2b: Rillaboom|94\/100|[from] Grassy Terrain\n|-fieldend|move: Grassy Terrain\n|upkeep\n|turn|11\n|inactive|Spurrific has 270 seconds left.\n|inactive|Waffle2O23 has 240 seconds left.\n|j|+zoe\n|\n|t:|1699735205\n|move|p2a: Chien-Pao|Icicle Crash|p1b: Ne\n|-resisted|p1b: Ne\n|-damage|p1b: Ne|39\/100\n|-damage|p2a: Chien-Pao|87\/100|[from] item: Life Orb\n|move|p1b: Ne|Ivy Cudgel|p2b: Rillaboom\n|-supereffective|p2b: Rillaboom\n|-damage|p2b: Rillaboom|0 fnt\n|faint|p2b: Rillaboom\n|move|p1a: Rn|Flamethrower|p2a: Chien-Pao\n|-supereffective|p2a: Chien-Pao\n|-damage|p2a: Chien-Pao|0 fnt\n|faint|p2a: Chien-Pao\n|-damage|p1a: Rn|1\/100|[from] item: Life Orb\n|\n|win|Waffle2O23\n|c|\u2606Spurrific|gg\n|c|\u2606Waffle2O23|Gg\n|l|\u2606Spurrific\n|l|+Arcticblast\n|l| MADARAAAA\n|l| dont you wanna go\n|l| El de alli\n|l| Enzonana\n|l| R4ye\n|l|+zoe\n|j| Schister\n|l|+talkingtree\n|l|+daawesomedude1 (\n|l| jomatoes\n|l| Schister\n|j| R4ye\n|l|+ryo yamada2001\n|l| Grandmas Cookin\n|j| El de alli\n|l| R4ye\n|l| GuitarheroVGC\n","uploadtime":1699735223,"views":211,"p1id":"waffle2o23","p2id":"spurrific","formatid":"gen9doublesou","rating":0,"private":0,"password":""}