{"id":"gen9doublesou-1999994827","p1":"scottrock888","p2":"830r","format":"[Gen 9] Doubles OU","log":"|j|\u2606scottrock888\n|j|\u2606830r\n|t:|1701138922\n|gametype|doubles\n|player|p1|scottrock888|266|1275\n|player|p2|830r|veteran|1352\n|teamsize|p1|6\n|teamsize|p2|6\n|gen|9\n|tier|[Gen 9] Doubles OU\n|rated|\n|rule|Species Clause: Limit one of each Pok\u00e9mon\n|rule|OHKO Clause: OHKO moves are banned\n|rule|Evasion Moves Clause: Evasion moves are banned\n|rule|Gravity Sleep Clause: The combination of sleep-inducing moves with imperfect accuracy and Gravity or Gigantamax Orbeetle are banned\n|rule|Endless Battle Clause: Forcing endless battles is banned\n|rule|HP Percentage Mod: HP is shown in percentages\n|clearpoke\n|poke|p1|Ting-Lu|\n|poke|p1|Glimmora, F|\n|poke|p1|Gholdengo|\n|poke|p1|Arcanine, M|\n|poke|p1|Sinistcha-Masterpiece|\n|poke|p1|Roaring Moon|\n|poke|p2|Sneasler, F|\n|poke|p2|Tornadus, M|\n|poke|p2|Regidrago|\n|poke|p2|Iron Moth|\n|poke|p2|Flutter Mane|\n|poke|p2|Indeedee-F, F|\n|teampreview\n|inactive|Battle timer is ON: inactive players will automatically lose when time's up. (requested by scottrock888)\n|inactive|830r also wants the timer to be on.\n|\n|t:|1701138927\n|start\n|switch|p1a: Glimmora|Glimmora, F|100\/100\n|switch|p1b: Roaring Moon|Roaring Moon|100\/100\n|switch|p2a: Sneasler|Sneasler, F|100\/100\n|switch|p2b: Tornadus|Tornadus, M|100\/100\n|-enditem|p1b: Roaring Moon|Booster Energy\n|-activate|p1b: Roaring Moon|ability: Protosynthesis|[fromitem]\n|-start|p1b: Roaring Moon|protosynthesisspe\n|turn|1\n|\n|t:|1701138945\n|move|p2a: Sneasler|Fake Out|p1b: Roaring Moon\n|-damage|p1b: Roaring Moon|82\/100\n|cant|p1b: Roaring Moon|flinch\n|move|p2b: Tornadus|Swagger|p1a: Glimmora\n|-boost|p1a: Glimmora|atk|2\n|-enditem|p2b: Tornadus|Mirror Herb\n|-boost|p2b: Tornadus|atk|2|[from] item: Mirror Herb\n|-enditem|p2a: Sneasler|Mirror Herb\n|-boost|p2a: Sneasler|atk|2|[from] item: Mirror Herb\n|-start|p1a: Glimmora|confusion\n|-activate|p1a: Glimmora|confusion\n|move|p1a: Glimmora|Stealth Rock|p2b: Tornadus\n|-sidestart|p2: 830r|move: Stealth Rock\n|\n|upkeep\n|turn|2\n|\n|t:|1701138969\n|-activate|p1a: Glimmora|confusion\n|-damage|p1a: Glimmora|88\/100|[from] confusion\n|move|p2a: Sneasler|Close Combat|p1b: Roaring Moon\n|-supereffective|p1b: Roaring Moon\n|-damage|p1b: Roaring Moon|0 fnt\n|-unboost|p2a: Sneasler|def|1\n|-unboost|p2a: Sneasler|spd|1\n|faint|p1b: Roaring Moon\n|-end|p1b: Roaring Moon|Protosynthesis|[silent]\n|move|p2b: Tornadus|Brick Break|p1a: Glimmora\n|-damage|p1a: Glimmora|26\/100\n|-activate|p1a: Glimmora|ability: Toxic Debris\n|-sidestart|p2: 830r|move: Toxic Spikes\n|\n|upkeep\n|\n|t:|1701138987\n|switch|p1b: Arcanine|Arcanine, M|100\/100\n|-ability|p1b: Arcanine|Intimidate|boost\n|-unboost|p2a: Sneasler|atk|1\n|-unboost|p2b: Tornadus|atk|1\n|-ability|p2b: Tornadus|Defiant|boost\n|-boost|p2b: Tornadus|atk|2\n|turn|3\n|\n|t:|1701139008\n|-activate|p1a: Glimmora|confusion\n|move|p1a: Glimmora|Spiky Shield|p1a: Glimmora\n|-singleturn|p1a: Glimmora|move: Protect\n|move|p2a: Sneasler|Dire Claw|p1b: Arcanine\n|-damage|p1b: Arcanine|31\/100\n|-enditem|p1b: Arcanine|Sitrus Berry|[eat]\n|-heal|p1b: Arcanine|56\/100|[from] item: Sitrus Berry\n|move|p2b: Tornadus|Brick Break|p1a: Glimmora\n|-activate|p1a: Glimmora|move: Protect\n|-damage|p2b: Tornadus|88\/100|[from] Spiky Shield|[of] p1a: Glimmora\n|move|p1b: Arcanine|Will-O-Wisp|p2a: Sneasler\n|-status|p2a: Sneasler|brn\n|\n|-damage|p2a: Sneasler|95\/100 brn|[from] brn\n|upkeep\n|turn|4\n|\n|t:|1701139036\n|switch|p1b: Gholdengo|Gholdengo|100\/100\n|move|p2a: Sneasler|Close Combat|p1b: Gholdengo\n|-immune|p1b: Gholdengo\n|move|p2b: Tornadus|Brick Break|p1a: Glimmora\n|-damage|p1a: Glimmora|0 fnt\n|-activate|p1a: Glimmora|ability: Toxic Debris\n|-sidestart|p2: 830r|move: Toxic Spikes\n|faint|p1a: Glimmora\n|\n|-damage|p2a: Sneasler|89\/100 brn|[from] brn\n|upkeep\n|inactive|scottrock888 has 120 seconds left.\n|\n|t:|1701139059\n|switch|p1a: Arcanine|Arcanine, M|56\/100\n|-ability|p1a: Arcanine|Intimidate|boost\n|-unboost|p2a: Sneasler|atk|1\n|-unboost|p2b: Tornadus|atk|1\n|-ability|p2b: Tornadus|Defiant|boost\n|-boost|p2b: Tornadus|atk|2\n|turn|5\n|\n|t:|1701139074\n|move|p2a: Sneasler|Close Combat|p1a: Arcanine\n|-damage|p1a: Arcanine|18\/100\n|-unboost|p2a: Sneasler|def|1\n|-unboost|p2a: Sneasler|spd|1\n|move|p1b: Gholdengo|Thunderbolt|p2b: Tornadus\n|-supereffective|p2b: Tornadus\n|-damage|p2b: Tornadus|8\/100\n|move|p2b: Tornadus|Knock Off|p1b: Gholdengo\n|-supereffective|p1b: Gholdengo\n|-damage|p1b: Gholdengo|0 fnt\n|-enditem|p1b: Gholdengo|Choice Scarf|[from] move: Knock Off|[of] p2b: Tornadus\n|faint|p1b: Gholdengo\n|move|p1a: Arcanine|Flare Blitz|p2b: Tornadus\n|-damage|p2b: Tornadus|0 fnt\n|faint|p2b: Tornadus\n|-damage|p1a: Arcanine|16\/100|[from] Recoil\n|\n|-damage|p2a: Sneasler|83\/100 brn|[from] brn\n|upkeep\n|\n|t:|1701139090\n|switch|p2b: Support support|Iron Moth|100\/100\n|switch|p1b: Sinistcha|Sinistcha-Masterpiece|100\/100\n|-damage|p2b: Support support|76\/100|[from] Stealth Rock\n|-sideend|p2: 830r|move: Toxic Spikes|[of] p2b: Support support\n|-heal|p1a: Arcanine|41\/100|[from] ability: Hospitality|[of] p1b: Sinistcha\n|-enditem|p2b: Support support|Booster Energy\n|-activate|p2b: Support support|ability: Quark Drive|[fromitem]\n|-start|p2b: Support support|quarkdrivespa\n|turn|6\n|\n|t:|1701139118\n|switch|p1b: Ting-Lu|Ting-Lu|100\/100\n|-ability|p1b: Ting-Lu|Vessel of Ruin\n|move|p1a: Arcanine|Protect|p1a: Arcanine\n|-singleturn|p1a: Arcanine|Protect\n|move|p2a: Sneasler|Close Combat|p1a: Arcanine\n|-activate|p1a: Arcanine|move: Protect\n|move|p2b: Support support|Sludge Wave|p1b: Ting-Lu|[spread] p2a,p1b\n|-activate|p1a: Arcanine|move: Protect\n|-resisted|p2a: Sneasler\n|-resisted|p1b: Ting-Lu\n|-damage|p2a: Sneasler|29\/100 brn\n|-damage|p1b: Ting-Lu|89\/100\n|\n|-heal|p1b: Ting-Lu|95\/100|[from] item: Leftovers\n|-damage|p2a: Sneasler|23\/100 brn|[from] brn\n|upkeep\n|turn|7\n|\n|t:|1701139141\n|move|p2a: Sneasler|Close Combat|p1b: Ting-Lu\n|-supereffective|p1b: Ting-Lu\n|-damage|p1b: Ting-Lu|59\/100\n|-unboost|p2a: Sneasler|def|1\n|-unboost|p2a: Sneasler|spd|1\n|move|p2b: Support support|Dazzling Gleam|p1a: Arcanine|[spread] p1a,p1b\n|-resisted|p1a: Arcanine\n|-crit|p1a: Arcanine\n|-supereffective|p1b: Ting-Lu\n|-damage|p1a: Arcanine|25\/100\n|-damage|p1b: Ting-Lu|29\/100\n|move|p1a: Arcanine|Snarl|p2b: Support support|[spread] p2a,p2b\n|-resisted|p2a: Sneasler\n|-damage|p2a: Sneasler|11\/100 brn\n|-damage|p2b: Support support|70\/100\n|-unboost|p2a: Sneasler|spa|1\n|-unboost|p2b: Support support|spa|1\n|move|p1b: Ting-Lu|Spikes|p2b: Support support\n|-sidestart|p2: 830r|Spikes\n|\n|-heal|p1b: Ting-Lu|35\/100|[from] item: Leftovers\n|-damage|p2a: Sneasler|5\/100 brn|[from] brn\n|upkeep\n|turn|8\n|\n|t:|1701139161\n|move|p1a: Arcanine|Protect|p1a: Arcanine\n|-singleturn|p1a: Arcanine|Protect\n|move|p1b: Ting-Lu|Protect|p1b: Ting-Lu\n|-singleturn|p1b: Ting-Lu|Protect\n|move|p2a: Sneasler|Close Combat|p1b: Ting-Lu\n|-activate|p1b: Ting-Lu|move: Protect\n|move|p2b: Support support|Dazzling Gleam|p1b: Ting-Lu|[spread] \n|-activate|p1a: Arcanine|move: Protect\n|-activate|p1b: Ting-Lu|move: Protect\n|\n|-heal|p1b: Ting-Lu|41\/100|[from] item: Leftovers\n|-damage|p2a: Sneasler|0 fnt|[from] brn\n|faint|p2a: Sneasler\n|upkeep\n|\n|t:|1701139175\n|switch|p2a: Flutter Mane|Flutter Mane|100\/100\n|-damage|p2a: Flutter Mane|88\/100|[from] Stealth Rock\n|-damage|p2a: Flutter Mane|76\/100|[from] Spikes\n|-enditem|p2a: Flutter Mane|Booster Energy\n|-activate|p2a: Flutter Mane|ability: Protosynthesis|[fromitem]\n|-start|p2a: Flutter Mane|protosynthesisspa\n|turn|9\n|\n|t:|1701139186\n|switch|p1a: Sinistcha|Sinistcha-Masterpiece|100\/100\n|-heal|p1b: Ting-Lu|66\/100|[from] ability: Hospitality|[of] p1a: Sinistcha\n|move|p2a: Flutter Mane|Dazzling Gleam|p1b: Ting-Lu|[spread] p1a,p1b\n|-supereffective|p1b: Ting-Lu\n|-damage|p1a: Sinistcha|66\/100\n|-damage|p1b: Ting-Lu|25\/100\n|move|p2b: Support support|Dazzling Gleam|p1a: Sinistcha|[spread] p1a,p1b\n|-supereffective|p1b: Ting-Lu\n|-damage|p1a: Sinistcha|51\/100\n|-damage|p1b: Ting-Lu|8\/100\n|move|p1b: Ting-Lu|Stomping Tantrum|p2b: Support support\n|-supereffective|p2b: Support support\n|-damage|p2b: Support support|0 fnt\n|faint|p2b: Support support\n|-end|p2b: Support support|Quark Drive|[silent]\n|\n|-heal|p1a: Sinistcha|57\/100|[from] item: Leftovers\n|-heal|p1b: Ting-Lu|14\/100|[from] item: Leftovers\n|upkeep\n|\n|t:|1701139198\n|switch|p2b: Artillery support|Regidrago|100\/100\n|-damage|p2b: Artillery support|88\/100|[from] Stealth Rock\n|-damage|p2b: Artillery support|76\/100|[from] Spikes\n|turn|10\n|\n|t:|1701139223\n|move|p1a: Sinistcha|Rage Powder|p1a: Sinistcha\n|-singleturn|p1a: Sinistcha|move: Rage Powder\n|move|p2b: Artillery support|Dragon Energy|p1b: Ting-Lu|[spread] p1a,p1b\n|-damage|p1a: Sinistcha|10\/100\n|-damage|p1b: Ting-Lu|0 fnt\n|faint|p1b: Ting-Lu\n|move|p2a: Flutter Mane|Dazzling Gleam|p1a: Sinistcha\n|-damage|p1a: Sinistcha|0 fnt\n|faint|p1a: Sinistcha\n|\n|upkeep\n|-message|scottrock888 forfeited.\n|\n|win|830r\n|raw|scottrock888's rating: 1275 &rarr; <strong>1255<\/strong><br \/>(-20 for losing)\n|raw|830r's rating: 1352 &rarr; <strong>1368<\/strong><br \/>(+16 for winning)\n|l|\u2606scottrock888\n","uploadtime":1701139232,"views":5,"p1id":"scottrock888","p2id":"830r","formatid":"gen9doublesou","rating":1255,"private":0,"password":""}