{"id":"gen9doublesou-1981704888","p1":"Rexluser","p2":"jared31899","format":"[Gen 9] Doubles OU","log":"|j|\u2606Rexluser\n|j|\u2606jared31899\n|t:|1698935208\n|gametype|doubles\n|player|p1|Rexluser|2|1368\n|player|p2|jared31899|169|1384\n|teamsize|p1|6\n|teamsize|p2|6\n|gen|9\n|tier|[Gen 9] Doubles OU\n|rated|\n|rule|Species Clause: Limit one of each Pok\u00e9mon\n|rule|OHKO Clause: OHKO moves are banned\n|rule|Evasion Moves Clause: Evasion moves are banned\n|rule|Gravity Sleep Clause: The combination of sleep-inducing moves with imperfect accuracy and Gravity or Gigantamax Orbeetle are banned\n|rule|Endless Battle Clause: Forcing endless battles is banned\n|rule|HP Percentage Mod: HP is shown in percentages\n|clearpoke\n|poke|p1|Chien-Pao|\n|poke|p1|Basculegion-F, F|\n|poke|p1|Goodra-Hisui, M|\n|poke|p1|Iron Hands|\n|poke|p1|Ogerpon-Hearthflame, F|\n|poke|p1|Tornadus, M|\n|poke|p2|Volcanion|\n|poke|p2|Regieleki|\n|poke|p2|Tornadus, M|\n|poke|p2|Amoonguss, M|\n|poke|p2|Ogerpon-Wellspring, F|\n|poke|p2|Basculegion-F, F|\n|teampreview\n|\n|t:|1698935244\n|start\n|switch|p1a: Tornadus|Tornadus, M|100\/100\n|switch|p1b: Iron Hands|Iron Hands|100\/100\n|switch|p2a: Tornadus|Tornadus, M|100\/100\n|switch|p2b: Regieleki|Regieleki, shiny|100\/100\n|turn|1\n|\n|t:|1698935264\n|move|p2a: Tornadus|Taunt|p1a: Tornadus\n|-start|p1a: Tornadus|move: Taunt\n|cant|p1a: Tornadus|move: Taunt|Tailwind\n|move|p2b: Regieleki|Volt Switch|p1a: Tornadus\n|-supereffective|p1a: Tornadus\n|-enditem|p1a: Tornadus|Focus Sash\n|-damage|p1a: Tornadus|1\/100\n|\n|t:|1698935273\n|switch|p2b: Amoonguss|Amoonguss, M, shiny|100\/100|[from] Volt Switch\n|move|p1b: Iron Hands|Stomping Tantrum|p2b: Amoonguss\n|-damage|p2b: Amoonguss|77\/100\n|\n|upkeep\n|turn|2\n|\n|t:|1698935286\n|switch|p1a: Goodra|Goodra-Hisui, M|100\/100\n|move|p2a: Tornadus|Tailwind|p2a: Tornadus\n|-sidestart|p2: jared31899|move: Tailwind\n|move|p2b: Amoonguss|Pollen Puff|p1a: Goodra\n|-resisted|p1a: Goodra\n|-damage|p1a: Goodra|95\/100\n|move|p1b: Iron Hands|Wild Charge|p2a: Tornadus\n|-supereffective|p2a: Tornadus\n|-damage|p2a: Tornadus|0 fnt\n|faint|p2a: Tornadus\n|-damage|p1b: Iron Hands|85\/100|[from] Recoil\n|\n|-heal|p1a: Goodra|100\/100|[from] item: Leftovers\n|upkeep\n|\n|t:|1698935302\n|switch|p2a: Volcanion|Volcanion|100\/100\n|turn|3\n|\n|t:|1698935312\n|move|p2a: Volcanion|Heat Wave|p1b: Iron Hands|[spread] p1a,p1b\n|-damage|p1a: Goodra|76\/100\n|-damage|p1b: Iron Hands|63\/100\n|move|p2b: Amoonguss|Spore|p1b: Iron Hands\n|-status|p1b: Iron Hands|slp|[from] move: Spore\n|move|p1a: Goodra|Flamethrower|p2b: Amoonguss\n|-supereffective|p2b: Amoonguss\n|-damage|p2b: Amoonguss|38\/100\n|cant|p1b: Iron Hands|slp\n|\n|-heal|p1a: Goodra|82\/100|[from] item: Leftovers\n|upkeep\n|turn|4\n|\n|t:|1698935332\n|move|p2a: Volcanion|Heat Wave|p1b: Iron Hands|[spread] p1a,p1b\n|-damage|p1a: Goodra|58\/100\n|-damage|p1b: Iron Hands|41\/100 slp\n|move|p2b: Amoonguss|Spore|p1a: Goodra\n|-ability|p1a: Goodra|Sap Sipper|boost\n|-boost|p1a: Goodra|atk|1\n|move|p1a: Goodra|Flamethrower|p2b: Amoonguss\n|-supereffective|p2b: Amoonguss\n|-damage|p2b: Amoonguss|0 fnt\n|faint|p2b: Amoonguss\n|cant|p1b: Iron Hands|slp\n|\n|-heal|p1a: Goodra|64\/100|[from] item: Leftovers\n|upkeep\n|\n|t:|1698935345\n|switch|p2b: Regieleki|Regieleki, shiny|100\/100\n|turn|5\n|\n|t:|1698935353\n|move|p2b: Regieleki|Volt Switch|p1a: Goodra\n|-resisted|p1a: Goodra\n|-damage|p1a: Goodra|47\/100\n|\n|t:|1698935356\n|switch|p2b: Ogerpon|Ogerpon-Wellspring, F|100\/100|[from] Volt Switch\n|move|p2a: Volcanion|Earth Power|p1a: Goodra\n|-supereffective|p1a: Goodra\n|-damage|p1a: Goodra|6\/100\n|move|p1a: Goodra|Dragon Pulse|p2b: Ogerpon\n|-damage|p2b: Ogerpon|67\/100\n|cant|p1b: Iron Hands|slp\n|\n|-heal|p1a: Goodra|12\/100|[from] item: Leftovers\n|-sideend|p2: jared31899|move: Tailwind\n|upkeep\n|turn|6\n|\n|t:|1698935378\n|move|p2b: Ogerpon|Ivy Cudgel|p1b: Iron Hands\n|-damage|p1b: Iron Hands|9\/100 slp\n|move|p2a: Volcanion|Heat Wave|p1b: Iron Hands|[spread] p1a\n|-miss|p2a: Volcanion|p1b: Iron Hands\n|-damage|p1a: Goodra|0 fnt\n|faint|p1a: Goodra\n|-curestatus|p1b: Iron Hands|slp|[msg]\n|move|p1b: Iron Hands|Wild Charge|p2a: Volcanion\n|-supereffective|p2a: Volcanion\n|-damage|p2a: Volcanion|12\/100\n|-damage|p1b: Iron Hands|0 fnt|[from] Recoil\n|faint|p1b: Iron Hands\n|-end|p1b: Iron Hands|Quark Drive|[silent]\n|\n|upkeep\n|\n|t:|1698935398\n|switch|p1a: Tornadus|Tornadus, M|1\/100\n|switch|p1b: Basculegion|Basculegion-F, F|100\/100\n|-ability|p1b: Basculegion|Mold Breaker\n|turn|7\n|\n|t:|1698935409\n|move|p2b: Ogerpon|Spiky Shield|p2b: Ogerpon\n|-singleturn|p2b: Ogerpon|move: Protect\n|move|p1a: Tornadus|Tailwind|p1a: Tornadus\n|-sidestart|p1: Rexluser|move: Tailwind\n|move|p1b: Basculegion|Flip Turn|p2a: Volcanion\n|-damage|p2a: Volcanion|0 fnt\n|faint|p2a: Volcanion\n|\n|t:|1698935461\n|switch|p1b: Chien-Pao|Chien-Pao|100\/100|[from] Flip Turn\n|-ability|p1b: Chien-Pao|Sword of Ruin\n|\n|upkeep\n|\n|t:|1698935473\n|switch|p2a: Regieleki|Regieleki, shiny|100\/100\n|turn|8\n|\n|t:|1698935481\n|move|p1b: Chien-Pao|Ice Spinner|p2b: Ogerpon\n|-damage|p2b: Ogerpon|0 fnt\n|faint|p2b: Ogerpon\n|move|p1a: Tornadus|Bleakwind Storm|p2a: Regieleki|[miss]\n|-miss|p1a: Tornadus|p2a: Regieleki\n|move|p2a: Regieleki|Electroweb|p1a: Tornadus|[spread] p1a,p1b\n|-supereffective|p1a: Tornadus\n|-damage|p1a: Tornadus|0 fnt\n|-damage|p1b: Chien-Pao|43\/100\n|-unboost|p1b: Chien-Pao|spe|1\n|faint|p1a: Tornadus\n|\n|upkeep\n|\n|t:|1698935513\n|switch|p1a: Ogerpon|Ogerpon-Hearthflame, F|100\/100\n|switch|p2b: Basculegion|Basculegion-F, F|100\/100\n|-ability|p1a: Ogerpon|Mold Breaker\n|turn|9\n|\n|t:|1698935528\n|move|p1a: Ogerpon|Horn Leech|p2b: Basculegion\n|-supereffective|p2b: Basculegion\n|-damage|p2b: Basculegion|0 fnt\n|faint|p2b: Basculegion\n|move|p2a: Regieleki|Electroweb|p1a: Ogerpon|[spread] p1a,p1b\n|-resisted|p1a: Ogerpon\n|-damage|p1a: Ogerpon|82\/100\n|-damage|p1b: Chien-Pao|0 fnt\n|-unboost|p1a: Ogerpon|spe|1\n|faint|p1b: Chien-Pao\n|\n|upkeep\n|\n|t:|1698935537\n|switch|p1b: Basculegion|Basculegion-F, F|100\/100\n|-ability|p1b: Basculegion|Mold Breaker\n|turn|10\n|\n|t:|1698935547\n|-terastallize|p2a: Regieleki|Ice\n|-terastallize|p1a: Ogerpon|Fire\n|detailschange|p1a: Ogerpon|Ogerpon-Hearthflame-Tera, F, tera:Fire\n|-ability|p1a: Ogerpon|Embody Aspect (Hearthflame)|boost\n|-boost|p1a: Ogerpon|atk|1\n|move|p1b: Basculegion|Phantom Force||[still]\n|-prepare|p1b: Basculegion|Phantom Force\n|move|p2a: Regieleki|Electroweb|p1a: Ogerpon|[spread] p1a\n|-miss|p2a: Regieleki|p1b: Basculegion\n|-damage|p1a: Ogerpon|42\/100\n|-unboost|p1a: Ogerpon|spe|1\n|move|p1a: Ogerpon|Ivy Cudgel|p2a: Regieleki\n|-supereffective|p2a: Regieleki\n|-damage|p2a: Regieleki|0 fnt\n|faint|p2a: Regieleki\n|\n|win|Rexluser\n|raw|Rexluser's rating: 1368 &rarr; <strong>1389<\/strong><br \/>(+21 for winning)\n|raw|jared31899's rating: 1384 &rarr; <strong>1363<\/strong><br \/>(-21 for losing)\n","uploadtime":1698935561,"views":15,"p1id":"rexluser","p2id":"jared31899","formatid":"gen9doublesou","rating":1363,"private":0,"password":""}