{"id":"gen9doublesou-1972305134","p1":"Miss Toni","p2":"Shadow Ballers","format":"[Gen 9] Doubles OU","log":"|j|\u2606Miss Toni\n|j|\u2606Shadow Ballers\n|t:|1697829738\n|gametype|doubles\n|player|p1|Miss Toni|lass-gen6|1316\n|player|p2|Shadow Ballers|blaine|1408\n|teamsize|p1|6\n|teamsize|p2|6\n|gen|9\n|tier|[Gen 9] Doubles OU\n|rated|\n|rule|Species Clause: Limit one of each Pok\u00e9mon\n|rule|OHKO Clause: OHKO moves are banned\n|rule|Evasion Moves Clause: Evasion moves are banned\n|rule|Gravity Sleep Clause: The combination of sleep-inducing moves with imperfect accuracy and Gravity or Gigantamax Orbeetle are banned\n|rule|Endless Battle Clause: Forcing endless battles is banned\n|rule|HP Percentage Mod: HP is shown in percentages\n|clearpoke\n|poke|p1|Wo-Chien|\n|poke|p1|Enamorus, F|\n|poke|p1|Rillaboom, M|\n|poke|p1|Cinderace, F|\n|poke|p1|Inteleon, M|\n|poke|p1|Pachirisu, F|\n|poke|p2|Talonflame, F|\n|poke|p2|Iron Hands|\n|poke|p2|Bruxish, M|\n|poke|p2|Weezing-Galar, M|\n|poke|p2|Ursaluna-Bloodmoon, M|\n|poke|p2|Sinistcha|\n|teampreview\n|inactive|Battle timer is ON: inactive players will automatically lose when time's up. (requested by Miss Toni)\n|inactive|Shadow Ballers has 120 seconds left.\n|\n|t:|1697829796\n|start\n|switch|p1a: Inteleon|Inteleon, M|100\/100\n|switch|p1b: Pachirisu|Pachirisu, F|100\/100\n|switch|p2a: Bruxish|Bruxish, M, shiny|100\/100\n|switch|p2b: Weezing|Weezing-Galar, M, shiny|100\/100\n|-ability|p2b: Weezing|Neutralizing Gas\n|-block|p2a: Bruxish|item: Ability Shield\n|turn|1\n|\n|t:|1697829816\n|move|p2a: Bruxish|Protect|p2a: Bruxish\n|-singleturn|p2a: Bruxish|Protect\n|move|p2b: Weezing|Sludge Bomb|p1b: Pachirisu\n|-damage|p1b: Pachirisu|60\/100\n|move|p1a: Inteleon|Snipe Shot|p2b: Weezing\n|-crit|p2b: Weezing\n|-damage|p2b: Weezing|0 fnt\n|faint|p2b: Weezing\n|-end|p2b: Weezing|ability: Neutralizing Gas\n|move|p1b: Pachirisu|Nuzzle|p2a: Bruxish\n|-activate|p2a: Bruxish|move: Protect\n|\n|upkeep\n|\n|t:|1697829831\n|switch|p2b: Sinistcha|Sinistcha, shiny|100\/100\n|turn|2\n|\n|t:|1697829838\n|switch|p2a: Ursaluna|Ursaluna-Bloodmoon, M|100\/100\n|move|p1a: Inteleon|Ice Beam|p2b: Sinistcha\n|-supereffective|p2b: Sinistcha\n|-damage|p2b: Sinistcha|13\/100\n|move|p1b: Pachirisu|Nuzzle|p2a: Ursaluna\n|-immune|p2a: Ursaluna\n|move|p2b: Sinistcha|Matcha Gotcha|p1b: Pachirisu|[spread] p1a,p1b\n|-supereffective|p1a: Inteleon\n|-damage|p1a: Inteleon|0 fnt\n|-heal|p2b: Sinistcha|63\/100|[from] drain|[of] p1a: Inteleon\n|-damage|p1b: Pachirisu|21\/100\n|-heal|p2b: Sinistcha|83\/100|[from] drain|[of] p1b: Pachirisu\n|-enditem|p1b: Pachirisu|Iapapa Berry|[eat]\n|-heal|p1b: Pachirisu|54\/100|[from] item: Iapapa Berry\n|faint|p1a: Inteleon\n|\n|upkeep\n|\n|t:|1697829853\n|switch|p1a: Rillaboom|Rillaboom, M|100\/100\n|-fieldstart|move: Grassy Terrain|[from] ability: Grassy Surge|[of] p1a: Rillaboom\n|turn|3\n|\n|t:|1697829869\n|switch|p2a: Talonflame|Talonflame, F, shiny|100\/100\n|move|p2b: Sinistcha|Protect|p2b: Sinistcha\n|-singleturn|p2b: Sinistcha|Protect\n|move|p1b: Pachirisu|Nuzzle|p2b: Sinistcha\n|-activate|p2b: Sinistcha|move: Protect\n|move|p1a: Rillaboom|Swords Dance|p1a: Rillaboom\n|-boost|p1a: Rillaboom|atk|2\n|\n|-heal|p1b: Pachirisu|60\/100|[from] Grassy Terrain\n|-heal|p2b: Sinistcha|89\/100|[from] Grassy Terrain\n|upkeep\n|turn|4\n|\n|t:|1697829884\n|-terastallize|p1a: Rillaboom|Ground\n|move|p2a: Talonflame|Tailwind|p2a: Talonflame\n|-sidestart|p2: Shadow Ballers|move: Tailwind\n|move|p2b: Sinistcha|Matcha Gotcha|p1a: Rillaboom|[spread] p1a,p1b\n|-supereffective|p1a: Rillaboom\n|-damage|p1a: Rillaboom|5\/100\n|-heal|p2b: Sinistcha|100\/100|[from] drain|[of] p1a: Rillaboom\n|-damage|p1b: Pachirisu|8\/100\n|move|p1b: Pachirisu|Nuzzle|p2a: Talonflame\n|-supereffective|p2a: Talonflame\n|-damage|p2a: Talonflame|90\/100\n|-status|p2a: Talonflame|par\n|move|p1a: Rillaboom|Knock Off|p2b: Sinistcha\n|-supereffective|p2b: Sinistcha\n|-damage|p2b: Sinistcha|0 fnt\n|-enditem|p2b: Sinistcha|Wide Lens|[from] move: Knock Off|[of] p1a: Rillaboom\n|faint|p2b: Sinistcha\n|\n|-heal|p2a: Talonflame|96\/100 par|[from] item: Leftovers\n|-heal|p1b: Pachirisu|14\/100|[from] Grassy Terrain\n|-heal|p1a: Rillaboom|11\/100|[from] Grassy Terrain\n|upkeep\n|inactive|Shadow Ballers has 120 seconds left.\n|\n|t:|1697829910\n|switch|p2b: Iron Hands|Iron Hands, shiny|100\/100\n|turn|5\n|\n|t:|1697829920\n|switch|p1a: Cinderace|Cinderace, F|100\/100\n|-enditem|p1a: Cinderace|Grassy Seed\n|-boost|p1a: Cinderace|def|1|[from] item: Grassy Seed\n|move|p2b: Iron Hands|Fake Out|p1a: Cinderace\n|-damage|p1a: Cinderace|85\/100\n|move|p1b: Pachirisu|Follow Me|p1b: Pachirisu\n|-singleturn|p1b: Pachirisu|move: Follow Me\n|move|p2a: Talonflame|Flare Blitz|p1b: Pachirisu\n|-damage|p1b: Pachirisu|0 fnt\n|faint|p1b: Pachirisu\n|-damage|p2a: Talonflame|91\/100 par|[from] Recoil\n|\n|-heal|p1a: Cinderace|91\/100|[from] Grassy Terrain\n|-heal|p2a: Talonflame|97\/100 par|[from] item: Leftovers\n|upkeep\n|\n|t:|1697829934\n|switch|p1b: Rillaboom|Rillaboom, M, tera:Ground|11\/100\n|turn|6\n|\n|t:|1697829950\n|-end|p2b: Iron Hands|Quark Drive|[silent]\n|switch|p2b: Bruxish|Bruxish, M, shiny|100\/100\n|move|p1a: Cinderace|Acrobatics|p2a: Talonflame\n|-start|p1a: Cinderace|typechange|Flying|[from] ability: Libero\n|-crit|p2a: Talonflame\n|-damage|p2a: Talonflame|0 fnt\n|faint|p2a: Talonflame\n|move|p1b: Rillaboom|High Horsepower|p2b: Bruxish\n|-crit|p2b: Bruxish\n|-damage|p2b: Bruxish|0 fnt\n|faint|p2b: Bruxish\n|\n|-heal|p1b: Rillaboom|17\/100|[from] Grassy Terrain\n|upkeep\n|c|\u2606Shadow Ballers|wow\n|c|\u2606Shadow Ballers|double crits\n|\n|t:|1697829964\n|switch|p2a: Iron Hands|Iron Hands, shiny|100\/100\n|switch|p2b: Ursaluna|Ursaluna-Bloodmoon, M|100\/100\n|turn|7\n|c|\u2606Miss Toni|Full odds crit too, wow\n|\n|t:|1697829992\n|move|p2a: Iron Hands|Fake Out|p1b: Rillaboom\n|-damage|p1b: Rillaboom|3\/100\n|cant|p1b: Rillaboom|flinch\n|move|p1a: Cinderace|High Jump Kick|p2b: Ursaluna\n|-supereffective|p2b: Ursaluna\n|-damage|p2b: Ursaluna|42\/100\n|move|p2b: Ursaluna|Hyper Voice|p1b: Rillaboom|[spread] p1a,p1b\n|-damage|p1a: Cinderace|36\/100\n|-damage|p1b: Rillaboom|0 fnt\n|faint|p1b: Rillaboom\n|\n|-heal|p2b: Ursaluna|48\/100|[from] Grassy Terrain\n|-sideend|p2: Shadow Ballers|move: Tailwind\n|upkeep\n|c|\u2606Shadow Ballers|x2\n|c|\u2606Shadow Ballers|lol\n|inactive|Miss Toni has 120 seconds left.\n|\n|t:|1697830004\n|switch|p1b: Enamorus|Enamorus, F|100\/100\n|turn|8\n|inactive|Miss Toni has 120 seconds left.\n|c|\u2606Miss Toni|Yet Inteleon never land crits despite having 1\/2 chance to do so\n|\n|t:|1697830041\n|move|p1a: Cinderace|Acrobatics|p2a: Iron Hands\n|-damage|p2a: Iron Hands|69\/100\n|move|p1b: Enamorus|Springtide Storm|p2b: Ursaluna|[spread] p2a\n|-miss|p1b: Enamorus|p2b: Ursaluna\n|-supereffective|p2a: Iron Hands\n|-damage|p2a: Iron Hands|21\/100\n|move|p2b: Ursaluna|Hyper Voice|p1b: Enamorus|[spread] p1a,p1b\n|-crit|p1a: Cinderace\n|-damage|p1a: Cinderace|0 fnt\n|-damage|p1b: Enamorus|45\/100\n|faint|p1a: Cinderace\n|move|p2a: Iron Hands|Wild Charge|p1b: Enamorus\n|-supereffective|p1b: Enamorus\n|-damage|p1b: Enamorus|0 fnt\n|faint|p1b: Enamorus\n|-damage|p2a: Iron Hands|15\/100|[from] Recoil\n|\n|-heal|p2b: Ursaluna|54\/100|[from] Grassy Terrain\n|-heal|p2a: Iron Hands|21\/100|[from] Grassy Terrain\n|upkeep\n|\n|t:|1697830058\n|switch|p1a: Wo-Chien|Wo-Chien|100\/100\n|-ability|p1a: Wo-Chien|Tablets of Ruin\n|turn|9\n|inactive|Shadow Ballers has 120 seconds left.\n|c|\u2606Shadow Ballers|It had a crit too haha\n|inactive|Shadow Ballers has 90 seconds left.\n|c|\u2606Shadow Ballers|And wow surprised I survived taht\n|c|\u2606Shadow Ballers|that\n|\n|t:|1697830134\n|-terastallize|p2b: Ursaluna|Fairy\n|move|p1a: Wo-Chien|Energy Ball|p2a: Iron Hands\n|-damage|p2a: Iron Hands|0 fnt\n|faint|p2a: Iron Hands\n|-end|p2a: Iron Hands|Quark Drive|[silent]\n|move|p2b: Ursaluna|Moonblast|p1a: Wo-Chien\n|-supereffective|p1a: Wo-Chien\n|-damage|p1a: Wo-Chien|19\/100\n|-unboost|p1a: Wo-Chien|spa|1\n|-enditem|p1a: Wo-Chien|Weakness Policy\n|-boost|p1a: Wo-Chien|atk|2|[from] item: Weakness Policy\n|-boost|p1a: Wo-Chien|spa|2|[from] item: Weakness Policy\n|\n|-heal|p1a: Wo-Chien|25\/100|[from] Grassy Terrain\n|-heal|p2b: Ursaluna|60\/100|[from] Grassy Terrain\n|upkeep\n|turn|10\n|inactive|Shadow Ballers has 90 seconds left.\n|c|\u2606Miss Toni|gg\n|\n|t:|1697830152\n|move|p1a: Wo-Chien|Energy Ball|p2b: Ursaluna\n|-damage|p2b: Ursaluna|1\/100\n|move|p2b: Ursaluna|Moonblast|p1a: Wo-Chien\n|-supereffective|p1a: Wo-Chien\n|-crit|p1a: Wo-Chien\n|-damage|p1a: Wo-Chien|0 fnt\n|faint|p1a: Wo-Chien\n|\n|win|Shadow Ballers\n|raw|Miss Toni's rating: 1316 &rarr; <strong>1301<\/strong><br \/>(-15 for losing)\n|raw|Shadow Ballers's rating: 1408 &rarr; <strong>1423<\/strong><br \/>(+15 for winning)\n|c|\u2606Shadow Ballers|gg\n|c|\u2606Shadow Ballers|Great game\n|l|\u2606Miss Toni\n","uploadtime":1697830168,"views":14,"p1id":"misstoni","p2id":"shadowballers","formatid":"gen9doublesou","rating":1301,"private":0,"password":""}