{"id":"gen9doublesou-1996761858","p1":"PoliteGhost","p2":"MasterHand","format":"[Gen 9] Doubles OU","log":"|j|\u2606PoliteGhost\n|j|\u2606MasterHand\n|t:|1700720874\n|gametype|doubles\n|player|p1|PoliteGhost|giovanni|1422\n|player|p2|MasterHand|volkner|1422\n|teamsize|p1|6\n|teamsize|p2|6\n|gen|9\n|tier|[Gen 9] Doubles OU\n|rated|\n|rule|Species Clause: Limit one of each Pok\u00e9mon\n|rule|OHKO Clause: OHKO moves are banned\n|rule|Evasion Moves Clause: Evasion moves are banned\n|rule|Gravity Sleep Clause: The combination of sleep-inducing moves with imperfect accuracy and Gravity or Gigantamax Orbeetle are banned\n|rule|Endless Battle Clause: Forcing endless battles is banned\n|rule|HP Percentage Mod: HP is shown in percentages\n|clearpoke\n|poke|p1|Chi-Yu|\n|poke|p1|Ursaluna-Bloodmoon, M|\n|poke|p1|Goodra-Hisui, F|\n|poke|p1|Iron Hands|\n|poke|p1|Ogerpon-Wellspring, F|\n|poke|p1|Tornadus, M|\n|poke|p2|Dachsbun, M|\n|poke|p2|Chi-Yu|\n|poke|p2|Coalossal, F|\n|poke|p2|Torkoal, F|\n|poke|p2|Cinderace, M|\n|poke|p2|Roaring Moon|\n|teampreview\n|\n|t:|1700720897\n|start\n|switch|p1a: Tornadus|Tornadus, M|100\/100\n|switch|p1b: Goodra|Goodra-Hisui, F|100\/100\n|switch|p2a: Koiruption|Chi-Yu|100\/100\n|switch|p2b: Kingkoal|Torkoal, F|100\/100\n|-ability|p2a: Koiruption|Beads of Ruin\n|-weather|SunnyDay|[from] ability: Drought|[of] p2b: Kingkoal\n|turn|1\n|\n|t:|1700720911\n|switch|p1b: Iron Hands|Iron Hands|100\/100\n|switch|p2b: Thorobread|Dachsbun, M|100\/100\n|move|p1a: Tornadus|Tailwind|p1a: Tornadus\n|-sidestart|p1: PoliteGhost|move: Tailwind\n|move|p2a: Koiruption|Lava Plume|p1a: Tornadus|[spread] p1a,p1b\n|-ability|p2b: Thorobread|Well-Baked Body|boost\n|-boost|p2b: Thorobread|def|2\n|-damage|p1a: Tornadus|15\/100\n|-damage|p1b: Iron Hands|63\/100\n|\n|-weather|SunnyDay|[upkeep]\n|upkeep\n|turn|2\n|\n|t:|1700720926\n|move|p1a: Tornadus|Bleakwind Storm|p2b: Thorobread|[spread] p2a,p2b\n|-damage|p2a: Koiruption|55\/100\n|-damage|p2b: Thorobread|33\/100\n|move|p2a: Koiruption|Lava Plume|p1b: Iron Hands|[spread] p1a,p1b\n|-ability|p2b: Thorobread|Well-Baked Body|boost\n|-boost|p2b: Thorobread|def|2\n|-damage|p1a: Tornadus|0 fnt\n|-damage|p1b: Iron Hands|27\/100\n|faint|p1a: Tornadus\n|move|p1b: Iron Hands|Heavy Slam|p2b: Thorobread\n|-supereffective|p2b: Thorobread\n|-damage|p2b: Thorobread|7\/100\n|move|p2b: Thorobread|Substitute|p2b: Thorobread\n|-fail|p2b: Thorobread|move: Substitute|[weak]\n|\n|-weather|SunnyDay|[upkeep]\n|-heal|p2b: Thorobread|13\/100|[from] item: Leftovers\n|upkeep\n|\n|t:|1700720943\n|switch|p1a: Ogerpon|Ogerpon-Wellspring, F|100\/100\n|turn|3\n|\n|t:|1700720952\n|move|p2b: Thorobread|Protect|p2b: Thorobread\n|-singleturn|p2b: Thorobread|Protect\n|move|p1a: Ogerpon|Ivy Cudgel|p2a: Koiruption|[anim] Ivy Cudgel Water\n|-supereffective|p2a: Koiruption\n|-crit|p2a: Koiruption\n|-damage|p2a: Koiruption|0 fnt\n|faint|p2a: Koiruption\n|move|p1b: Iron Hands|Heavy Slam|p2b: Thorobread\n|-activate|p2b: Thorobread|move: Protect\n|\n|-weather|SunnyDay|[upkeep]\n|-heal|p2b: Thorobread|19\/100|[from] item: Leftovers\n|upkeep\n|\n|t:|1700720973\n|switch|p2a: Krackatoa|Coalossal, F|100\/100\n|turn|4\n|\n|t:|1700720991\n|-terastallize|p2b: Thorobread|Steel\n|move|p2a: Krackatoa|Endure|p2a: Krackatoa\n|-singleturn|p2a: Krackatoa|move: Endure\n|move|p1a: Ogerpon|Ivy Cudgel|p2a: Krackatoa|[anim] Ivy Cudgel Water\n|-supereffective|p2a: Krackatoa\n|-damage|p2a: Krackatoa|6\/100\n|-ability|p2a: Krackatoa|Steam Engine|boost\n|-boost|p2a: Krackatoa|spe|6\n|-enditem|p2a: Krackatoa|Weakness Policy\n|-boost|p2a: Krackatoa|atk|2|[from] item: Weakness Policy\n|-boost|p2a: Krackatoa|spa|2|[from] item: Weakness Policy\n|move|p1b: Iron Hands|Heavy Slam|p2b: Thorobread\n|-resisted|p2b: Thorobread\n|-damage|p2b: Thorobread|12\/100\n|move|p2b: Thorobread|Body Press|p1a: Ogerpon\n|-damage|p1a: Ogerpon|5\/100\n|\n|-weather|SunnyDay|[upkeep]\n|-heal|p2b: Thorobread|18\/100|[from] item: Leftovers\n|-sideend|p1: PoliteGhost|move: Tailwind\n|upkeep\n|turn|5\n|\n|t:|1700721043\n|-end|p1b: Iron Hands|Quark Drive|[silent]\n|switch|p1b: Goodra|Goodra-Hisui, F|100\/100\n|move|p1a: Ogerpon|Spiky Shield|p1a: Ogerpon\n|-singleturn|p1a: Ogerpon|move: Protect\n|move|p2a: Krackatoa|Heat Wave|p1a: Ogerpon|[spread] p1b\n|-activate|p1a: Ogerpon|move: Protect\n|-damage|p1b: Goodra|66\/100\n|move|p2b: Thorobread|Body Press|p1b: Goodra\n|-supereffective|p1b: Goodra\n|-damage|p1b: Goodra|0 fnt\n|-damage|p2b: Thorobread|1\/100|[from] item: Rocky Helmet|[of] p1b: Goodra\n|faint|p1b: Goodra\n|\n|-weather|none\n|-heal|p2b: Thorobread|7\/100|[from] item: Leftovers\n|upkeep\n|\n|t:|1700721057\n|switch|p1b: Iron Hands|Iron Hands|27\/100\n|turn|6\n|\n|t:|1700721070\n|move|p2a: Krackatoa|Endure|p2a: Krackatoa\n|-singleturn|p2a: Krackatoa|move: Endure\n|move|p2b: Thorobread|Protect|p2b: Thorobread\n|-singleturn|p2b: Thorobread|Protect\n|move|p1b: Iron Hands|Fake Out|p2a: Krackatoa\n|-resisted|p2a: Krackatoa\n|-activate|p2a: Krackatoa|move: Endure\n|-damage|p2a: Krackatoa|1\/100\n|move|p1a: Ogerpon|Ivy Cudgel|p2b: Thorobread|[anim] Ivy Cudgel Water\n|-activate|p2b: Thorobread|move: Protect\n|\n|-heal|p2b: Thorobread|13\/100|[from] item: Leftovers\n|upkeep\n|turn|7\n|\n|t:|1700721088\n|move|p1a: Ogerpon|Spiky Shield|p1a: Ogerpon\n|-singleturn|p1a: Ogerpon|move: Protect\n|move|p2a: Krackatoa|Heat Wave|p1b: Iron Hands|[spread] p1b\n|-activate|p1a: Ogerpon|move: Protect\n|-damage|p1b: Iron Hands|5\/100\n|move|p2b: Thorobread|Body Press|p1b: Iron Hands\n|-damage|p1b: Iron Hands|0 fnt\n|faint|p1b: Iron Hands\n|-end|p1b: Iron Hands|Quark Drive|[silent]\n|\n|-heal|p2b: Thorobread|19\/100|[from] item: Leftovers\n|upkeep\n|\n|t:|1700721102\n|switch|p1b: Chi-Yu|Chi-Yu|100\/100\n|-ability|p1b: Chi-Yu|Beads of Ruin\n|turn|8\n|\n|t:|1700721128\n|move|p2a: Krackatoa|Rock Slide|p1b: Chi-Yu|[spread] p1a,p1b\n|-supereffective|p1b: Chi-Yu\n|-damage|p1a: Ogerpon|0 fnt\n|-damage|p1b: Chi-Yu|0 fnt\n|faint|p1a: Ogerpon\n|faint|p1b: Chi-Yu\n|move|p2b: Thorobread|Snarl|p1: Ogerpon|[notarget]\n|-fail|p2b: Thorobread\n|\n|-heal|p2b: Thorobread|25\/100|[from] item: Leftovers\n|upkeep\n|\n|t:|1700721132\n|switch|p1b: Ursaluna|Ursaluna-Bloodmoon, M|100\/100\n|turn|9\n|\n|t:|1700721176\n|-terastallize|p1b: Ursaluna|Water\n|move|p2b: Thorobread|Protect|p2b: Thorobread\n|-singleturn|p2b: Thorobread|Protect\n|move|p2a: Krackatoa|Tar Shot|p1b: Ursaluna\n|-unboost|p1b: Ursaluna|spe|1\n|move|p1b: Ursaluna|Hyper Voice|p2a: Krackatoa|[spread] p2a\n|-activate|p2b: Thorobread|move: Protect\n|-resisted|p2a: Krackatoa\n|-crit|p2a: Krackatoa\n|-damage|p2a: Krackatoa|0 fnt\n|faint|p2a: Krackatoa\n|-damage|p1b: Ursaluna|90\/100|[from] item: Life Orb\n|\n|-heal|p2b: Thorobread|31\/100|[from] item: Leftovers\n|upkeep\n|\n|t:|1700721192\n|switch|p2a: Kingkoal|Torkoal, F|100\/100\n|-weather|SunnyDay|[from] ability: Drought|[of] p2a: Kingkoal\n|turn|10\n|\n|t:|1700721203\n|move|p2b: Thorobread|Body Press|p1b: Ursaluna\n|-damage|p1b: Ursaluna|43\/100\n|move|p1b: Ursaluna|Earth Power|p2b: Thorobread\n|-supereffective|p2b: Thorobread\n|-damage|p2b: Thorobread|0 fnt\n|faint|p2b: Thorobread\n|-damage|p1b: Ursaluna|33\/100|[from] item: Life Orb\n|move|p2a: Kingkoal|Eruption|p1b: Ursaluna\n|-resisted|p1b: Ursaluna\n|-damage|p1b: Ursaluna|0 fnt\n|faint|p1b: Ursaluna\n|\n|win|MasterHand\n|raw|PoliteGhost's rating: 1422 &rarr; <strong>1402<\/strong><br \/>(-20 for losing)\n|raw|MasterHand's rating: 1422 &rarr; <strong>1442<\/strong><br \/>(+20 for winning)\n|c|\u2606MasterHand|Gg\n","uploadtime":1700721222,"views":2,"p1id":"politeghost","p2id":"masterhand","formatid":"gen9doublesou","rating":1402,"private":0,"password":""}