{"id":"gen9doublesou-1969746322","p1":"ASM Gen 3 Crusader","p2":"Rungy","format":"[Gen 9] Doubles OU","log":"|j|\u2606ASM Gen 3 Crusader\n|j|\u2606Rungy\n|t:|1697562240\n|gametype|doubles\n|player|p1|ASM Gen 3 Crusader|alder|1028\n|player|p2|Rungy|gambler|1112\n|teamsize|p1|6\n|teamsize|p2|6\n|gen|9\n|tier|[Gen 9] Doubles OU\n|rated|\n|rule|Species Clause: Limit one of each Pok\u00e9mon\n|rule|OHKO Clause: OHKO moves are banned\n|rule|Evasion Moves Clause: Evasion moves are banned\n|rule|Gravity Sleep Clause: The combination of sleep-inducing moves with imperfect accuracy and Gravity or Gigantamax Orbeetle are banned\n|rule|Endless Battle Clause: Forcing endless battles is banned\n|rule|HP Percentage Mod: HP is shown in percentages\n|clearpoke\n|poke|p1|Chien-Pao|\n|poke|p1|Dragonite, M|\n|poke|p1|Flutter Mane|\n|poke|p1|Iron Hands|\n|poke|p1|Chi-Yu|\n|poke|p1|Cresselia, F|\n|poke|p2|Weezing-Galar, F|\n|poke|p2|Gastrodon-East, F|\n|poke|p2|Rillaboom, F|\n|poke|p2|Goodra-Hisui, F|\n|poke|p2|Volcarona, M|\n|poke|p2|Kleavor, F|\n|teampreview\n|inactive|Battle timer is ON: inactive players will automatically lose when time's up. (requested by ASM Gen 3 Crusader)\n|c|\u2606Rungy|glhf!\n|\n|t:|1697562260\n|start\n|switch|p1a: VGC WANNABE 2|Flutter Mane|100\/100\n|switch|p1b: VGC WANNABE 4|Chi-Yu|100\/100\n|switch|p2a: Asthma|Weezing-Galar, F|100\/100\n|switch|p2b: Rusty|Kleavor, F|100\/100\n|-ability|p1b: VGC WANNABE 4|Beads of Ruin\n|-fieldstart|move: Misty Terrain|[from] ability: Misty Surge|[of] p2a: Asthma\n|-enditem|p1a: VGC WANNABE 2|Booster Energy\n|-activate|p1a: VGC WANNABE 2|ability: Protosynthesis|[fromitem]\n|-start|p1a: VGC WANNABE 2|protosynthesisspa\n|turn|1\n|\n|t:|1697562288\n|move|p1a: VGC WANNABE 2|Shadow Ball|p2a: Asthma\n|-damage|p2a: Asthma|0 fnt\n|faint|p2a: Asthma\n|move|p1b: VGC WANNABE 4|Heat Wave|p2b: Rusty\n|-damage|p2b: Rusty|0 fnt\n|faint|p2b: Rusty\n|\n|upkeep\n|c|\u2606ASM Gen 3 Crusader|Good Luck bro\n|inactive|Rungy has 120 seconds left.\n|\n|t:|1697562308\n|switch|p2b: Calamity|Volcarona, M|100\/100\n|switch|p2a: Khan|Gastrodon-East, F|100\/100\n|turn|2\n|c|\u2606ASM Gen 3 Crusader|Have fun!\n|\n|t:|1697562332\n|move|p1a: VGC WANNABE 2|Shadow Ball|p2a: Khan\n|-damage|p2a: Khan|50\/100\n|move|p2b: Calamity|String Shot|p1b: VGC WANNABE 4|[spread] p1a,p1b\n|-unboost|p1a: VGC WANNABE 2|spe|2\n|-unboost|p1b: VGC WANNABE 4|spe|2\n|move|p1b: VGC WANNABE 4|Heat Wave|p2b: Calamity|[spread] p2a\n|-miss|p1b: VGC WANNABE 4|p2b: Calamity\n|-resisted|p2a: Khan\n|-damage|p2a: Khan|22\/100\n|move|p2a: Khan|Muddy Water|p1a: VGC WANNABE 2|[spread] p1a,p1b\n|-supereffective|p1b: VGC WANNABE 4\n|-damage|p1a: VGC WANNABE 2|56\/100\n|-damage|p1b: VGC WANNABE 4|30\/100\n|\n|upkeep\n|turn|3\n|\n|t:|1697562351\n|move|p2b: Calamity|Fiery Dance|p1a: VGC WANNABE 2\n|-damage|p1a: VGC WANNABE 2|1\/100\n|-boost|p2b: Calamity|spa|1\n|move|p1a: VGC WANNABE 2|Dazzling Gleam|p2b: Calamity|[spread] p2a,p2b\n|-resisted|p2b: Calamity\n|-damage|p2a: Khan|0 fnt\n|-damage|p2b: Calamity|68\/100\n|faint|p2a: Khan\n|move|p1b: VGC WANNABE 4|Heat Wave|p2b: Calamity\n|-damage|p2b: Calamity|0 fnt\n|faint|p2b: Calamity\n|\n|upkeep\n|\n|t:|1697562363\n|switch|p2b: Slippy|Goodra-Hisui, F|100\/100\n|switch|p2a: Metro|Rillaboom, F|100\/100\n|-fieldstart|move: Grassy Terrain|[from] ability: Grassy Surge|[of] p2a: Metro\n|turn|4\n|\n|t:|1697562377\n|move|p2a: Metro|Grassy Glide|p1a: VGC WANNABE 2\n|-damage|p1a: VGC WANNABE 2|0 fnt\n|faint|p1a: VGC WANNABE 2\n|-end|p1a: VGC WANNABE 2|Protosynthesis|[silent]\n|move|p1b: VGC WANNABE 4|Heat Wave|p2b: Slippy|[spread] p2a,p2b\n|-supereffective|p2a: Metro\n|-damage|p2a: Metro|0 fnt\n|-damage|p2b: Slippy|44\/100\n|faint|p2a: Metro\n|move|p2b: Slippy|Knock Off|p1b: VGC WANNABE 4\n|-resisted|p1b: VGC WANNABE 4\n|-damage|p1b: VGC WANNABE 4|5\/100\n|-enditem|p1b: VGC WANNABE 4|Choice Specs|[from] move: Knock Off|[of] p2b: Slippy\n|\n|-heal|p1b: VGC WANNABE 4|11\/100|[from] Grassy Terrain\n|-heal|p2b: Slippy|50\/100|[from] Grassy Terrain\n|upkeep\n|\n|t:|1697562385\n|switch|p1a: Flash|Dragonite, M|100\/100\n|turn|5\n|-message|ASM Gen 3 Crusader forfeited.\n|\n|win|Rungy\n|raw|ASM Gen 3 Crusader's rating: 1028 &rarr; <strong>1017<\/strong><br \/>(-11 for losing)\n|raw|Rungy's rating: 1112 &rarr; <strong>1131<\/strong><br \/>(+19 for winning)\n|l|\u2606ASM Gen 3 Crusader\n","uploadtime":1697562402,"views":18,"p1id":"asmgen3crusader","p2id":"rungy","formatid":"gen9doublesou","rating":1017,"private":0,"password":""}