{"id":"gen9doublesou-1997105654","p1":"Mr. Alola Tales","p2":"brax","format":"[Gen 9] Doubles OU","log":"|j|\u2606Mr. Alola Tales\n|j|\u2606brax\n|t:|1700765060\n|gametype|doubles\n|player|p1|Mr. Alola Tales|archer|1404\n|player|p2|brax|acetrainerf-gen4dp|1340\n|teamsize|p1|6\n|teamsize|p2|6\n|gen|9\n|tier|[Gen 9] Doubles OU\n|rated|\n|rule|Species Clause: Limit one of each Pok\u00e9mon\n|rule|OHKO Clause: OHKO moves are banned\n|rule|Evasion Moves Clause: Evasion moves are banned\n|rule|Gravity Sleep Clause: The combination of sleep-inducing moves with imperfect accuracy and Gravity or Gigantamax Orbeetle are banned\n|rule|Endless Battle Clause: Forcing endless battles is banned\n|rule|HP Percentage Mod: HP is shown in percentages\n|clearpoke\n|poke|p1|Landorus, M|\n|poke|p1|Tornadus, M|\n|poke|p1|Politoed, F|\n|poke|p1|Iron Hands|\n|poke|p1|Sinistcha|\n|poke|p1|Ogerpon-Wellspring, F|\n|poke|p2|Ampharos, F|\n|poke|p2|Persian, M|\n|poke|p2|Dragonite, F|\n|poke|p2|Weavile, F|\n|poke|p2|Arcanine, F|\n|poke|p2|Scyther, M|\n|teampreview\n|\n|t:|1700765073\n|start\n|switch|p1a: Iron Hands|Iron Hands|100\/100\n|switch|p1b: Ogerpon|Ogerpon-Wellspring, F|100\/100\n|switch|p2a: Mary|Ampharos, F|100\/100\n|switch|p2b: Rogue|Persian, M|100\/100\n|turn|1\n|\n|t:|1700765086\n|move|p2b: Rogue|Fake Out|p1a: Iron Hands\n|-damage|p1a: Iron Hands|83\/100\n|-damage|p2b: Rogue|91\/100|[from] item: Life Orb\n|cant|p1a: Iron Hands|flinch\n|move|p1b: Ogerpon|Taunt|p2b: Rogue\n|-start|p2b: Rogue|move: Taunt\n|move|p2a: Mary|Cotton Guard|p2a: Mary\n|-boost|p2a: Mary|def|3\n|\n|upkeep\n|turn|2\n|\n|t:|1700765110\n|switch|p1b: Landorus|Landorus, M|100\/100\n|move|p2b: Rogue|U-turn|p1b: Landorus\n|-resisted|p1b: Landorus\n|-damage|p1b: Landorus|88\/100\n|-damage|p2b: Rogue|81\/100|[from] item: Life Orb\n|\n|t:|1700765118\n|switch|p2b: Princess|Weavile, F|100\/100|[from] U-turn\n|move|p2a: Mary|Dazzling Gleam|p1b: Landorus|[spread] p1a,p1b\n|-supereffective|p1a: Iron Hands\n|-crit|p1a: Iron Hands\n|-damage|p1a: Iron Hands|44\/100\n|-damage|p1b: Landorus|59\/100\n|move|p1a: Iron Hands|Drain Punch|p2b: Princess\n|-supereffective|p2b: Princess\n|-enditem|p2b: Princess|Focus Sash\n|-damage|p2b: Princess|1\/100\n|-heal|p1a: Iron Hands|71\/100|[from] drain|[of] p2b: Princess\n|-enditem|p1a: Iron Hands|Assault Vest|[silent]|[from] ability: Pickpocket|[of] p1a: Iron Hands\n|-item|p2b: Princess|Assault Vest|[from] ability: Pickpocket|[of] p1a: Iron Hands\n|\n|upkeep\n|turn|3\n|\n|t:|1700765148\n|move|p1b: Landorus|Protect|p1b: Landorus\n|-singleturn|p1b: Landorus|Protect\n|move|p2b: Princess|Ice Shard|p1b: Landorus\n|-activate|p1b: Landorus|move: Protect\n|move|p2a: Mary|Dazzling Gleam|p1a: Iron Hands|[spread] p1a\n|-activate|p1b: Landorus|move: Protect\n|-supereffective|p1a: Iron Hands\n|-damage|p1a: Iron Hands|34\/100\n|move|p1a: Iron Hands|Volt Switch|p2b: Princess\n|-damage|p2b: Princess|0 fnt\n|faint|p2b: Princess\n|\n|t:|1700765161\n|-end|p1a: Iron Hands|Quark Drive|[silent]\n|switch|p1a: Sinistcha|Sinistcha|100\/100|[from] Volt Switch\n|-heal|p1b: Landorus|84\/100|[from] ability: Hospitality|[of] p1a: Sinistcha\n|\n|upkeep\n|\n|t:|1700765167\n|switch|p2b: Rogue|Persian, M|81\/100\n|turn|4\n|\n|t:|1700765175\n|switch|p1b: Iron Hands|Iron Hands|34\/100\n|move|p2b: Rogue|Fake Out|p1b: Iron Hands\n|-damage|p1b: Iron Hands|17\/100\n|-damage|p2b: Rogue|71\/100|[from] item: Life Orb\n|move|p1a: Sinistcha|Nasty Plot|p1a: Sinistcha\n|-boost|p1a: Sinistcha|spa|2\n|move|p2a: Mary|Charge|p2a: Mary\n|-boost|p2a: Mary|spd|1\n|-start|p2a: Mary|Charge\n|\n|upkeep\n|turn|5\n|\n|t:|1700765190\n|move|p1b: Iron Hands|Fake Out|p2a: Mary\n|-damage|p2a: Mary|93\/100\n|move|p2b: Rogue|Knock Off|p1a: Sinistcha\n|-supereffective|p1a: Sinistcha\n|-damage|p1a: Sinistcha|46\/100\n|-enditem|p1a: Sinistcha|Sitrus Berry|[from] move: Knock Off|[of] p2b: Rogue\n|-damage|p2b: Rogue|61\/100|[from] item: Life Orb\n|move|p1a: Sinistcha|Matcha Gotcha|p2b: Rogue|[spread] p2a,p2b\n|-damage|p2a: Mary|50\/100\n|-heal|p1a: Sinistcha|70\/100|[from] drain|[of] p2a: Mary\n|-damage|p2b: Rogue|0 fnt\n|-heal|p1a: Sinistcha|94\/100|[from] drain|[of] p2b: Rogue\n|faint|p2b: Rogue\n|cant|p2a: Mary|flinch\n|\n|-heal|p2a: Mary|56\/100|[from] item: Leftovers\n|upkeep\n|\n|t:|1700765210\n|switch|p2b: Widow|Scyther, M|100\/100\n|turn|6\n|\n|t:|1700765217\n|-terastallize|p1a: Sinistcha|Electric\n|move|p2b: Widow|Dual Wingbeat|p1a: Sinistcha\n|-resisted|p1a: Sinistcha\n|-damage|p1a: Sinistcha|79\/100\n|-resisted|p1a: Sinistcha\n|-damage|p1a: Sinistcha|65\/100\n|-hitcount|p1a: Sinistcha|2\n|move|p1a: Sinistcha|Matcha Gotcha|p2a: Mary|[spread] p2a,p2b\n|-resisted|p2b: Widow\n|-damage|p2a: Mary|10\/100\n|-heal|p1a: Sinistcha|91\/100|[from] drain|[of] p2a: Mary\n|-damage|p2b: Widow|83\/100\n|-heal|p1a: Sinistcha|98\/100|[from] drain|[of] p2b: Widow\n|move|p2a: Mary|Dazzling Gleam|p1b: Iron Hands|[spread] p1a,p1b\n|-supereffective|p1b: Iron Hands\n|-crit|p1b: Iron Hands\n|-damage|p1a: Sinistcha|72\/100\n|-damage|p1b: Iron Hands|0 fnt\n|faint|p1b: Iron Hands\n|-end|p1b: Iron Hands|Quark Drive|[silent]\n|\n|-heal|p2a: Mary|17\/100|[from] item: Leftovers\n|upkeep\n|\n|t:|1700765251\n|switch|p1b: Ogerpon|Ogerpon-Wellspring, F|100\/100\n|turn|7\n|\n|t:|1700765258\n|move|p1b: Ogerpon|Spiky Shield|p1b: Ogerpon\n|-singleturn|p1b: Ogerpon|move: Protect\n|move|p2b: Widow|Lunge|p1a: Sinistcha\n|-damage|p1a: Sinistcha|34\/100\n|-unboost|p1a: Sinistcha|atk|1\n|move|p1a: Sinistcha|Matcha Gotcha|p2b: Widow|[spread] p2a,p2b\n|-resisted|p2b: Widow\n|-damage|p2a: Mary|0 fnt\n|-heal|p1a: Sinistcha|43\/100|[from] drain|[of] p2a: Mary\n|-damage|p2b: Widow|68\/100\n|-heal|p1a: Sinistcha|49\/100|[from] drain|[of] p2b: Widow\n|faint|p2a: Mary\n|\n|upkeep\n|\n|t:|1700765276\n|switch|p2a: Gretta|Arcanine, F|100\/100\n|-ability|p2a: Gretta|Intimidate|boost\n|-unboost|p1a: Sinistcha|atk|1\n|-unboost|p1b: Ogerpon|atk|1\n|turn|8\n|\n|t:|1700765293\n|move|p1b: Ogerpon|Ivy Cudgel|p2a: Gretta|[anim] Ivy Cudgel Water\n|-supereffective|p2a: Gretta\n|-damage|p2a: Gretta|40\/100\n|move|p2b: Widow|Swords Dance|p2b: Widow\n|-boost|p2b: Widow|atk|2\n|move|p2a: Gretta|Will-O-Wisp|p1b: Ogerpon\n|-status|p1b: Ogerpon|brn\n|move|p1a: Sinistcha|Strength Sap|p2a: Gretta\n|-unboost|p2a: Gretta|atk|1\n|-heal|p1a: Sinistcha|100\/100\n|\n|-damage|p1b: Ogerpon|95\/100 brn|[from] brn\n|upkeep\n|turn|9\n|\n|t:|1700765312\n|move|p1b: Ogerpon|Taunt|p2b: Widow\n|-start|p2b: Widow|move: Taunt\n|move|p2b: Widow|Lunge|p1a: Sinistcha\n|-damage|p1a: Sinistcha|27\/100\n|-unboost|p1a: Sinistcha|atk|1\n|move|p2a: Gretta|Morning Sun|p2a: Gretta\n|-heal|p2a: Gretta|90\/100\n|move|p1a: Sinistcha|Strength Sap|p2b: Widow\n|-unboost|p2b: Widow|atk|1\n|-heal|p1a: Sinistcha|100\/100\n|\n|-damage|p1b: Ogerpon|89\/100 brn|[from] brn\n|upkeep\n|turn|10\n|\n|t:|1700765341\n|switch|p1b: Tornadus|Tornadus, M|100\/100\n|move|p2b: Widow|Lunge|p1a: Sinistcha\n|-damage|p1a: Sinistcha|46\/100\n|-unboost|p1a: Sinistcha|atk|1\n|move|p2a: Gretta|Raging Fury|p1a: Sinistcha\n|-crit|p1a: Sinistcha\n|-damage|p1a: Sinistcha|0 fnt\n|faint|p1a: Sinistcha\n|\n|upkeep\n|\n|t:|1700765363\n|switch|p1a: Politoed|Politoed, F, shiny|100\/100\n|-weather|RainDance|[from] ability: Drizzle|[of] p1a: Politoed\n|turn|11\n|\n|t:|1700765383\n|-terastallize|p2b: Widow|Flying\n|move|p1b: Tornadus|Bleakwind Storm|p2a: Gretta|[spread] p2a,p2b\n|-damage|p2a: Gretta|50\/100\n|-damage|p2b: Widow|31\/100\n|move|p2b: Widow|Dual Wingbeat|p1b: Tornadus\n|-damage|p1b: Tornadus|6\/100\n|-damage|p1b: Tornadus|0 fnt\n|faint|p1b: Tornadus\n|-hitcount|p1: Tornadus|2\n|move|p2a: Gretta|Raging Fury|p1a: Politoed|[from]lockedmove\n|-resisted|p1a: Politoed\n|-damage|p1a: Politoed|92\/100\n|-start|p2a: Gretta|confusion|[fatigue]\n|move|p1a: Politoed|Icy Wind|p2a: Gretta|[spread] p2a\n|-miss|p1a: Politoed|p2b: Widow\n|-resisted|p2a: Gretta\n|-crit|p2a: Gretta\n|-damage|p2a: Gretta|42\/100\n|-unboost|p2a: Gretta|spe|1\n|\n|-weather|RainDance|[upkeep]\n|-end|p2b: Widow|move: Taunt\n|upkeep\n|\n|t:|1700765404\n|switch|p1b: Landorus|Landorus, M|84\/100\n|turn|12\n|\n|t:|1700765414\n|move|p1b: Landorus|Protect|p1b: Landorus\n|-singleturn|p1b: Landorus|Protect\n|-activate|p2a: Gretta|confusion\n|move|p2a: Gretta|Extreme Speed|p1b: Landorus\n|-activate|p1b: Landorus|move: Protect\n|move|p2b: Widow|Dual Wingbeat|p1a: Politoed\n|-damage|p1a: Politoed|17\/100\n|-damage|p1a: Politoed|0 fnt\n|faint|p1a: Politoed\n|-hitcount|p1: Politoed|2\n|\n|-weather|RainDance|[upkeep]\n|upkeep\n|\n|t:|1700765425\n|switch|p1a: Ogerpon|Ogerpon-Wellspring, F|89\/100 brn\n|turn|13\n|\n|t:|1700765435\n|move|p1a: Ogerpon|Ivy Cudgel|p2a: Gretta|[anim] Ivy Cudgel Water\n|-supereffective|p2a: Gretta\n|-damage|p2a: Gretta|0 fnt\n|faint|p2a: Gretta\n|move|p1b: Landorus|Weather Ball|p2b: Widow\n|-damage|p2b: Widow|0 fnt\n|faint|p2b: Widow\n|-damage|p1b: Landorus|74\/100|[from] item: Life Orb\n|\n|-weather|RainDance|[upkeep]\n|-damage|p1a: Ogerpon|83\/100 brn|[from] brn\n|upkeep\n|j| Ran Kob\n|\n|t:|1700765448\n|switch|p2a: Alexandria|Dragonite, F|100\/100\n|turn|14\n|\n|t:|1700765456\n|move|p1a: Ogerpon|Taunt|p2a: Alexandria\n|-start|p2a: Alexandria|move: Taunt\n|move|p1b: Landorus|Weather Ball|p2a: Alexandria\n|-resisted|p2a: Alexandria\n|-damage|p2a: Alexandria|88\/100\n|-damage|p1b: Landorus|65\/100|[from] item: Life Orb\n|move|p2a: Alexandria|Outrage|p1a: Ogerpon\n|-damage|p1a: Ogerpon|0 fnt\n|faint|p1a: Ogerpon\n|\n|-weather|RainDance|[upkeep]\n|upkeep\n|turn|15\n|\n|t:|1700765475\n|move|p1b: Landorus|Protect|p1b: Landorus\n|-singleturn|p1b: Landorus|Protect\n|move|p2a: Alexandria|Outrage|p1b: Landorus|[from]lockedmove\n|-activate|p1b: Landorus|move: Protect\n|-start|p2a: Alexandria|confusion|[fatigue]\n|\n|-weather|RainDance|[upkeep]\n|upkeep\n|turn|16\n|\n|t:|1700765486\n|move|p1b: Landorus|Weather Ball|p2a: Alexandria\n|-resisted|p2a: Alexandria\n|-damage|p2a: Alexandria|59\/100\n|-damage|p1b: Landorus|55\/100|[from] item: Life Orb\n|-activate|p2a: Alexandria|confusion\n|move|p2a: Alexandria|Outrage|p1b: Landorus\n|-damage|p1b: Landorus|0 fnt\n|faint|p1b: Landorus\n|\n|win|brax\n|raw|Mr. Alola Tales's rating: 1404 &rarr; <strong>1380<\/strong><br \/>(-24 for losing)\n|raw|brax's rating: 1340 &rarr; <strong>1364<\/strong><br \/>(+24 for winning)\n|c|\u2606Mr. Alola Tales|gg\n|c|\u2606brax|Gg\n|l|\u2606Mr. Alola Tales\n","uploadtime":1700765530,"views":16,"p1id":"mralolatales","p2id":"brax","formatid":"gen9doublesou","rating":1364,"private":0,"password":""}