{"id":"gen9doublesou-1998397373","p1":"nightchaos79","p2":"Kuzwa","format":"[Gen 9] Doubles OU","log":"|j|\u2606nightchaos79\n|j|\u2606Kuzwa\n|t:|1700937755\n|gametype|doubles\n|player|p1|nightchaos79|red|1423\n|player|p2|Kuzwa|pokemonbreeder-gen4|1300\n|teamsize|p1|6\n|teamsize|p2|6\n|gen|9\n|tier|[Gen 9] Doubles OU\n|rated|\n|rule|Species Clause: Limit one of each Pok\u00e9mon\n|rule|OHKO Clause: OHKO moves are banned\n|rule|Evasion Moves Clause: Evasion moves are banned\n|rule|Gravity Sleep Clause: The combination of sleep-inducing moves with imperfect accuracy and Gravity or Gigantamax Orbeetle are banned\n|rule|Endless Battle Clause: Forcing endless battles is banned\n|rule|HP Percentage Mod: HP is shown in percentages\n|clearpoke\n|poke|p1|Fezandipiti, M|\n|poke|p1|Cramorant, M|\n|poke|p1|Politoed, F|\n|poke|p1|Gallade, M|\n|poke|p1|Ogerpon-Hearthflame, F|\n|poke|p1|Kleavor, F|\n|poke|p2|Chi-Yu|\n|poke|p2|Torkoal, M|\n|poke|p2|Glimmora, M|\n|poke|p2|Gallade, M|\n|poke|p2|Cinderace, M|\n|poke|p2|Gardevoir, F|\n|teampreview\n|inactive|Battle timer is ON: inactive players will automatically lose when time's up. (requested by nightchaos79)\n|\n|t:|1700937767\n|start\n|switch|p1a: Cramorant|Cramorant, M|100\/100\n|switch|p1b: Politoed|Politoed, F, shiny|100\/100\n|switch|p2a: Strega|Glimmora, M|100\/100\n|switch|p2b: Nyx|Gardevoir, F, shiny|100\/100\n|-item|p2a: Strega|Air Balloon\n|turn|1\n|\n|t:|1700937776\n|move|p2a: Strega|Power Gem|p1a: Cramorant\n|-supereffective|p1a: Cramorant\n|-enditem|p1a: Cramorant|Focus Sash\n|-damage|p1a: Cramorant|1\/100\n|move|p1a: Cramorant|Surf|p2a: Strega|[spread] p2a,p2b\n|-immune|p1b: Politoed|[from] ability: Water Absorb\n|-formechange|p1a: Cramorant|Cramorant-Gorging|\n|-supereffective|p2a: Strega\n|-damage|p2a: Strega|24\/100\n|-damage|p2b: Nyx|76\/100\n|-enditem|p2a: Strega|Air Balloon\n|move|p1b: Politoed|Muddy Water|p2a: Strega|[spread] p2a,p2b\n|-supereffective|p2a: Strega\n|-damage|p2a: Strega|0 fnt\n|-damage|p2b: Nyx|54\/100\n|faint|p2a: Strega\n|move|p2b: Nyx|Trick Room|p2b: Nyx\n|-fieldstart|move: Trick Room|[of] p2b: Nyx\n|\n|upkeep\n|\n|t:|1700937796\n|switch|p2a: Makoto Yuki|Gallade, M|100\/100\n|turn|2\n|\n|t:|1700937804\n|move|p1a: Cramorant|Protect|p1a: Cramorant\n|-singleturn|p1a: Cramorant|Protect\n|move|p2a: Makoto Yuki|Sacred Sword|p1b: Politoed\n|-damage|p1b: Politoed|15\/100\n|move|p2b: Nyx|Dazzling Gleam|p1b: Politoed|[spread] p1b\n|-activate|p1a: Cramorant|move: Protect\n|-damage|p1b: Politoed|0 fnt\n|faint|p1b: Politoed\n|\n|upkeep\n|\n|t:|1700937814\n|switch|p1b: Fezandipiti|Fezandipiti, M|100\/100\n|turn|3\n|\n|t:|1700937824\n|switch|p2a: Tortissed|Torkoal, M|100\/100\n|-weather|SunnyDay|[from] ability: Drought|[of] p2a: Tortissed\n|move|p1b: Fezandipiti|Protect|p1b: Fezandipiti\n|-singleturn|p1b: Fezandipiti|Protect\n|move|p2b: Nyx|Dazzling Gleam|p1a: Cramorant|[spread] p1a\n|-activate|p1b: Fezandipiti|move: Protect\n|-damage|p1a: Cramorant|0 fnt\n|-damage|p2b: Nyx|29\/100|[from] ability: Gulp Missile|[of] p1a: Cramorant\n|-status|p2b: Nyx|par\n|-formechange|p1a: Cramorant|Cramorant|\n|faint|p1a: Cramorant\n|\n|-weather|SunnyDay|[upkeep]\n|upkeep\n|\n|t:|1700937828\n|switch|p1a: Kleavor|Kleavor, F|100\/100\n|turn|4\n|\n|t:|1700937841\n|move|p2a: Tortissed|Eruption|p1a: Kleavor|[spread] p1a,p1b\n|-damage|p1a: Kleavor|0 fnt\n|-damage|p1b: Fezandipiti|36\/100\n|faint|p1a: Kleavor\n|move|p2b: Nyx|Psychic|p2a: Tortissed\n|-damage|p2a: Tortissed|31\/100\n|move|p1b: Fezandipiti|Sludge Bomb|p2b: Nyx\n|-supereffective|p2b: Nyx\n|-damage|p2b: Nyx|0 fnt\n|faint|p2b: Nyx\n|\n|-weather|SunnyDay|[upkeep]\n|-heal|p1b: Fezandipiti|42\/100|[from] item: Leftovers\n|upkeep\n|\n|t:|1700937853\n|switch|p2b: Makoto Yuki|Gallade, M|100\/100\n|switch|p1a: Ogerpon|Ogerpon-Hearthflame, F|100\/100\n|-ability|p1a: Ogerpon|Mold Breaker\n|turn|5\n|inactive|Kuzwa has 120 seconds left.\n|\n|t:|1700937889\n|-terastallize|p1a: Ogerpon|Fire\n|detailschange|p1a: Ogerpon|Ogerpon-Hearthflame-Tera, F, tera:Fire\n|-ability|p1a: Ogerpon|Embody Aspect (Hearthflame)|boost\n|-boost|p1a: Ogerpon|atk|1\n|move|p2a: Tortissed|Solar Beam||[still]\n|-prepare|p2a: Tortissed|Solar Beam\n|-anim|p2a: Tortissed|Solar Beam|p1b: Fezandipiti\n|-resisted|p1b: Fezandipiti\n|-damage|p1b: Fezandipiti|27\/100\n|move|p2b: Makoto Yuki|Solar Blade||[still]\n|-prepare|p2b: Makoto Yuki|Solar Blade\n|-anim|p2b: Makoto Yuki|Solar Blade|p1b: Fezandipiti\n|-resisted|p1b: Fezandipiti\n|-damage|p1b: Fezandipiti|0 fnt\n|faint|p1b: Fezandipiti\n|move|p1a: Ogerpon|Knock Off|p2a: Tortissed\n|-damage|p2a: Tortissed|0 fnt\n|-enditem|p2a: Tortissed|Heat Rock|[from] move: Knock Off|[of] p1a: Ogerpon\n|faint|p2a: Tortissed\n|\n|-weather|SunnyDay|[upkeep]\n|-fieldend|move: Trick Room\n|upkeep\n|\n|t:|1700937904\n|switch|p1b: Gallade|Gallade, M, shiny|100\/100\n|switch|p2a: Mortissed|Cinderace, M|100\/100\n|turn|6\n|\n|t:|1700937921\n|move|p1b: Gallade|Sacred Sword|p2a: Mortissed\n|-damage|p2a: Mortissed|3\/100\n|move|p2a: Mortissed|Swords Dance|p2a: Mortissed\n|-boost|p2a: Mortissed|atk|2\n|move|p1a: Ogerpon|Ivy Cudgel|p2b: Makoto Yuki|[anim] Ivy Cudgel Fire\n|-enditem|p2b: Makoto Yuki|Focus Sash\n|-damage|p2b: Makoto Yuki|1\/100\n|move|p2b: Makoto Yuki|Trick Room|p2b: Makoto Yuki\n|-fieldstart|move: Trick Room|[of] p2b: Makoto Yuki\n|\n|-weather|SunnyDay|[upkeep]\n|upkeep\n|turn|7\n|\n|t:|1700937939\n|move|p2b: Makoto Yuki|Solar Blade||[still]\n|-prepare|p2b: Makoto Yuki|Solar Blade\n|-anim|p2b: Makoto Yuki|Solar Blade|p1b: Gallade\n|-damage|p1b: Gallade|0 fnt\n|faint|p1b: Gallade\n|move|p1a: Ogerpon|Ivy Cudgel|p2b: Makoto Yuki|[anim] Ivy Cudgel Fire\n|-damage|p2b: Makoto Yuki|0 fnt\n|faint|p2b: Makoto Yuki\n|move|p2a: Mortissed|Pyro Ball|p1a: Ogerpon\n|-resisted|p1a: Ogerpon\n|-damage|p1a: Ogerpon|0 fnt\n|faint|p1a: Ogerpon\n|\n|win|Kuzwa\n|raw|nightchaos79's rating: 1423 &rarr; <strong>1396<\/strong><br \/>(-27 for losing)\n|raw|Kuzwa's rating: 1300 &rarr; <strong>1333<\/strong><br \/>(+33 for winning)\n","uploadtime":1700937950,"views":5,"p1id":"nightchaos79","p2id":"kuzwa","formatid":"gen9doublesou","rating":1333,"private":0,"password":""}