{"id":"gen9doublesou-1999854589","p1":"BullishBandit","p2":"jongallon","format":"[Gen 9] Doubles OU","log":"|j|\u2606BullishBandit\n|j|\u2606jongallon\n|t:|1701123080\n|gametype|doubles\n|player|p1|BullishBandit|2|1155\n|player|p2|jongallon|1|1109\n|teamsize|p1|6\n|teamsize|p2|6\n|gen|9\n|tier|[Gen 9] Doubles OU\n|rated|\n|rule|Species Clause: Limit one of each Pok\u00e9mon\n|rule|OHKO Clause: OHKO moves are banned\n|rule|Evasion Moves Clause: Evasion moves are banned\n|rule|Gravity Sleep Clause: The combination of sleep-inducing moves with imperfect accuracy and Gravity or Gigantamax Orbeetle are banned\n|rule|Endless Battle Clause: Forcing endless battles is banned\n|rule|HP Percentage Mod: HP is shown in percentages\n|clearpoke\n|poke|p1|Gholdengo|\n|poke|p1|Garganacl, F|\n|poke|p1|Maushold|\n|poke|p1|Toxapex, M|\n|poke|p1|Garchomp, F|\n|poke|p1|Tinkaton, F|\n|poke|p2|Baxcalibur, M|\n|poke|p2|Ninetales-Alola, M|\n|poke|p2|Clefairy, M|\n|poke|p2|Iron Hands|\n|poke|p2|Kingambit, F|\n|poke|p2|Cetitan, M|\n|teampreview\n|\n|t:|1701123092\n|start\n|switch|p1a: Tinkaton|Tinkaton, F|100\/100\n|switch|p1b: Garganacl|Garganacl, F, shiny|100\/100\n|switch|p2a: Baxcalibur|Baxcalibur, M|100\/100\n|switch|p2b: Ninetales|Ninetales-Alola, M|100\/100\n|-weather|Snow|[from] ability: Snow Warning|[of] p2b: Ninetales\n|turn|1\n|\n|t:|1701123104\n|-terastallize|p2a: Baxcalibur|Poison\n|move|p1a: Tinkaton|Fake Out|p2a: Baxcalibur\n|-damage|p2a: Baxcalibur|92\/100\n|move|p2b: Ninetales|Aurora Veil|p2b: Ninetales\n|-sidestart|p2: jongallon|move: Aurora Veil\n|cant|p2a: Baxcalibur|flinch\n|move|p1b: Garganacl|Salt Cure|p2a: Baxcalibur\n|-damage|p2a: Baxcalibur|84\/100\n|-start|p2a: Baxcalibur|Salt Cure\n|\n|-weather|Snow|[upkeep]\n|-damage|p2a: Baxcalibur|71\/100|[from] Salt Cure\n|upkeep\n|turn|2\n|\n|t:|1701123133\n|switch|p1a: Toxapex|Toxapex, M|100\/100\n|switch|p2a: Cetitan|Cetitan, M|100\/100\n|move|p2b: Ninetales|Protect|p2b: Ninetales\n|-singleturn|p2b: Ninetales|Protect\n|move|p1b: Garganacl|Heavy Slam|p2b: Ninetales\n|-activate|p2b: Ninetales|move: Protect\n|\n|-weather|Snow|[upkeep]\n|upkeep\n|turn|3\n|\n|t:|1701123150\n|switch|p2b: Kingambit|Kingambit, F|100\/100\n|switch|p1b: Garchomp|Garchomp, F|100\/100\n|move|p2a: Cetitan|Belly Drum|p2a: Cetitan\n|-damage|p2a: Cetitan|51\/100\n|-setboost|p2a: Cetitan|atk|6|[from] move: Belly Drum\n|move|p1a: Toxapex|Gunk Shot|p2b: Kingambit\n|-immune|p2b: Kingambit\n|\n|-weather|Snow|[upkeep]\n|upkeep\n|turn|4\n|\n|t:|1701123171\n|move|p1a: Toxapex|Baneful Bunker|p1a: Toxapex\n|-singleturn|p1a: Toxapex|move: Protect\n|move|p2a: Cetitan|Ice Shard|p1b: Garchomp\n|-supereffective|p1b: Garchomp\n|-damage|p1b: Garchomp|0 fnt\n|faint|p1b: Garchomp\n|move|p2b: Kingambit|Kowtow Cleave|p1a: Toxapex\n|-activate|p1a: Toxapex|move: Protect\n|\n|-weather|Snow|[upkeep]\n|upkeep\n|\n|t:|1701123195\n|switch|p1b: Gholdengo|Gholdengo|100\/100\n|turn|5\n|\n|t:|1701123217\n|move|p2a: Cetitan|Protect|p2a: Cetitan\n|-singleturn|p2a: Cetitan|Protect\n|move|p1b: Gholdengo|Make It Rain|p2b: Kingambit|[spread] p2b\n|-activate|p2a: Cetitan|move: Protect\n|-resisted|p2b: Kingambit\n|-damage|p2b: Kingambit|86\/100\n|-unboost|p1b: Gholdengo|spa|1\n|move|p1a: Toxapex|Gunk Shot|p2a: Cetitan\n|-activate|p2a: Cetitan|move: Protect\n|move|p2b: Kingambit|Kowtow Cleave|p1b: Gholdengo\n|-supereffective|p1b: Gholdengo\n|-crit|p1b: Gholdengo\n|-enditem|p1b: Gholdengo|Focus Sash\n|-damage|p1b: Gholdengo|1\/100\n|\n|-weather|none\n|-sideend|p2: jongallon|move: Aurora Veil\n|upkeep\n|turn|6\n|\n|t:|1701123244\n|switch|p2b: Clefairy|Clefairy, M|100\/100\n|move|p1a: Toxapex|Baneful Bunker|p1a: Toxapex\n|-singleturn|p1a: Toxapex|move: Protect\n|move|p2a: Cetitan|Ice Shard|p1b: Gholdengo\n|-resisted|p1b: Gholdengo\n|-damage|p1b: Gholdengo|0 fnt\n|faint|p1b: Gholdengo\n|\n|upkeep\n|\n|t:|1701123254\n|switch|p1b: Tinkaton|Tinkaton, F|100\/100\n|turn|7\n|\n|t:|1701123274\n|switch|p1b: Garganacl|Garganacl, F, shiny|100\/100\n|move|p2a: Cetitan|Protect|p2a: Cetitan\n|-singleturn|p2a: Cetitan|Protect\n|move|p1a: Toxapex|Gunk Shot|p2b: Clefairy\n|-supereffective|p2b: Clefairy\n|-damage|p2b: Clefairy|35\/100\n|-status|p2b: Clefairy|psn\n|move|p2b: Clefairy|Heal Pulse|p2a: Cetitan\n|-activate|p2a: Cetitan|move: Protect\n|\n|-damage|p2b: Clefairy|22\/100 psn|[from] psn\n|upkeep\n|turn|8\n|\n|t:|1701123312\n|move|p1b: Garganacl|Protect|p1b: Garganacl\n|-singleturn|p1b: Garganacl|Protect\n|move|p2a: Cetitan|Body Press|p1b: Garganacl\n|-activate|p1b: Garganacl|move: Protect\n|move|p1a: Toxapex|Gunk Shot|p2a: Cetitan|[miss]\n|-miss|p1a: Toxapex|p2a: Cetitan\n|move|p2b: Clefairy|Heal Pulse|p2a: Cetitan\n|-heal|p2a: Cetitan|100\/100\n|\n|-damage|p2b: Clefairy|10\/100 psn|[from] psn\n|upkeep\n|turn|9\n|\n|t:|1701123338\n|switch|p2b: Kingambit|Kingambit, F|86\/100\n|switch|p1b: Maushold|Maushold|100\/100\n|move|p2a: Cetitan|Body Press|p1b: Maushold\n|-supereffective|p1b: Maushold\n|-damage|p1b: Maushold|70\/100\n|move|p1a: Toxapex|Gunk Shot|p2a: Cetitan|[miss]\n|-miss|p1a: Toxapex|p2a: Cetitan\n|\n|upkeep\n|turn|10\n|\n|t:|1701123365\n|move|p1a: Toxapex|Baneful Bunker|p1a: Toxapex\n|-singleturn|p1a: Toxapex|move: Protect\n|move|p1b: Maushold|Population Bomb|p2a: Cetitan\n|-damage|p2a: Cetitan|94\/100\n|-damage|p2a: Cetitan|87\/100\n|-damage|p2a: Cetitan|80\/100\n|-damage|p2a: Cetitan|73\/100\n|-damage|p2a: Cetitan|66\/100\n|-damage|p2a: Cetitan|58\/100\n|-damage|p2a: Cetitan|52\/100\n|-damage|p2a: Cetitan|45\/100\n|-enditem|p2a: Cetitan|Sitrus Berry|[eat]\n|-heal|p2a: Cetitan|70\/100|[from] item: Sitrus Berry\n|-damage|p2a: Cetitan|64\/100\n|-damage|p2a: Cetitan|57\/100\n|-hitcount|p2a: Cetitan|10\n|move|p2a: Cetitan|Body Press|p1b: Maushold\n|-supereffective|p1b: Maushold\n|-damage|p1b: Maushold|40\/100\n|move|p2b: Kingambit|Kowtow Cleave|p1b: Maushold\n|-damage|p1b: Maushold|0 fnt\n|faint|p1b: Maushold\n|\n|upkeep\n|\n|t:|1701123390\n|switch|p1b: Tinkaton|Tinkaton, F|100\/100\n|turn|11\n|\n|t:|1701123399\n|-terastallize|p1b: Tinkaton|Fairy\n|move|p1b: Tinkaton|Play Rough|p2b: Kingambit\n|-damage|p2b: Kingambit|51\/100\n|move|p2a: Cetitan|Body Press|p1b: Tinkaton\n|-resisted|p1b: Tinkaton\n|-damage|p1b: Tinkaton|94\/100\n|move|p1a: Toxapex|Gunk Shot|p2a: Cetitan\n|-damage|p2a: Cetitan|29\/100\n|move|p2b: Kingambit|Iron Head|p1a: Toxapex\n|-resisted|p1a: Toxapex\n|-damage|p1a: Toxapex|84\/100\n|\n|upkeep\n|turn|12\n|\n|t:|1701123437\n|switch|p2a: Baxcalibur|Baxcalibur, M, tera:Poison|71\/100\n|switch|p2b: Ninetales|Ninetales-Alola, M|100\/100\n|-weather|Snow|[from] ability: Snow Warning|[of] p2b: Ninetales\n|move|p1a: Toxapex|Baneful Bunker|p1a: Toxapex\n|-singleturn|p1a: Toxapex|move: Protect\n|move|p1b: Tinkaton|Play Rough|p2b: Ninetales\n|-damage|p2b: Ninetales|59\/100\n|-unboost|p2b: Ninetales|atk|1\n|\n|-weather|Snow|[upkeep]\n|upkeep\n|turn|13\n|\n|t:|1701123459\n|move|p2b: Ninetales|Protect|p2b: Ninetales\n|-singleturn|p2b: Ninetales|Protect\n|move|p1b: Tinkaton|Gigaton Hammer|p2a: Baxcalibur\n|-damage|p2a: Baxcalibur|20\/100\n|move|p2a: Baxcalibur|Swords Dance|p2a: Baxcalibur\n|-boost|p2a: Baxcalibur|atk|2\n|move|p1a: Toxapex|Gunk Shot|p2b: Ninetales\n|-activate|p2b: Ninetales|move: Protect\n|\n|-weather|Snow|[upkeep]\n|upkeep\n|turn|14\n|\n|t:|1701123477\n|move|p1a: Toxapex|Baneful Bunker|p1a: Toxapex\n|-singleturn|p1a: Toxapex|move: Protect\n|move|p2b: Ninetales|Aurora Veil|p2b: Ninetales\n|-sidestart|p2: jongallon|move: Aurora Veil\n|move|p1b: Tinkaton|Play Rough|p2a: Baxcalibur\n|-resisted|p2a: Baxcalibur\n|-damage|p2a: Baxcalibur|8\/100\n|move|p2a: Baxcalibur|Glaive Rush|p1a: Toxapex\n|-activate|p1a: Toxapex|move: Protect\n|\n|-weather|Snow|[upkeep]\n|upkeep\n|turn|15\n|\n|t:|1701123500\n|switch|p2b: Iron Hands|Iron Hands|100\/100\n|move|p2a: Baxcalibur|Protect|p2a: Baxcalibur\n|-singleturn|p2a: Baxcalibur|Protect\n|move|p1b: Tinkaton|Play Rough|p2a: Baxcalibur\n|-activate|p2a: Baxcalibur|move: Protect\n|move|p1a: Toxapex|Gunk Shot|p2b: Iron Hands\n|-crit|p2b: Iron Hands\n|-damage|p2b: Iron Hands|71\/100\n|\n|-weather|Snow|[upkeep]\n|-heal|p2b: Iron Hands|77\/100|[from] item: Leftovers\n|upkeep\n|turn|16\n|\n|t:|1701123549\n|move|p1a: Toxapex|Baneful Bunker|p1a: Toxapex\n|-singleturn|p1a: Toxapex|move: Protect\n|move|p2a: Baxcalibur|Ice Shard|p1a: Toxapex\n|-activate|p1a: Toxapex|move: Protect\n|move|p1b: Tinkaton|Play Rough|p2a: Baxcalibur\n|-resisted|p2a: Baxcalibur\n|-damage|p2a: Baxcalibur|0 fnt\n|faint|p2a: Baxcalibur\n|move|p2b: Iron Hands|Wild Charge|p1a: Toxapex\n|-activate|p1a: Toxapex|move: Protect\n|-status|p2b: Iron Hands|psn\n|\n|-weather|none\n|-heal|p2b: Iron Hands|84\/100 psn|[from] item: Leftovers\n|-damage|p2b: Iron Hands|71\/100 psn|[from] psn\n|upkeep\n|\n|t:|1701123565\n|switch|p2a: Kingambit|Kingambit, F|51\/100\n|turn|17\n|\n|t:|1701123573\n|switch|p1a: Garganacl|Garganacl, F, shiny|100\/100\n|move|p1b: Tinkaton|Play Rough|p2a: Kingambit\n|-damage|p2a: Kingambit|27\/100\n|move|p2a: Kingambit|Iron Head|p1b: Tinkaton\n|-supereffective|p1b: Tinkaton\n|-damage|p1b: Tinkaton|0 fnt\n|faint|p1b: Tinkaton\n|move|p2b: Iron Hands|Wild Charge|p1a: Garganacl\n|-damage|p1a: Garganacl|71\/100\n|-damage|p2b: Iron Hands|66\/100 psn|[from] Recoil\n|\n|-heal|p2b: Iron Hands|72\/100 psn|[from] item: Leftovers\n|-heal|p1a: Garganacl|77\/100|[from] item: Leftovers\n|-damage|p2b: Iron Hands|59\/100 psn|[from] psn\n|upkeep\n|\n|t:|1701123588\n|switch|p1b: Toxapex|Toxapex, M|84\/100\n|turn|18\n|\n|t:|1701123594\n|move|p1b: Toxapex|Baneful Bunker|p1b: Toxapex\n|-singleturn|p1b: Toxapex|move: Protect\n|move|p2b: Iron Hands|Protect|p2b: Iron Hands\n|-singleturn|p2b: Iron Hands|Protect\n|move|p1a: Garganacl|Protect|p1a: Garganacl\n|-singleturn|p1a: Garganacl|Protect\n|move|p2a: Kingambit|Iron Head|p1a: Garganacl\n|-activate|p1a: Garganacl|move: Protect\n|\n|-heal|p2b: Iron Hands|65\/100 psn|[from] item: Leftovers\n|-heal|p1a: Garganacl|83\/100|[from] item: Leftovers\n|-damage|p2b: Iron Hands|53\/100 psn|[from] psn\n|-sideend|p2: jongallon|move: Aurora Veil\n|upkeep\n|turn|19\n|\n|t:|1701123613\n|move|p1b: Toxapex|Recover|p1b: Toxapex\n|-heal|p1b: Toxapex|100\/100\n|move|p2b: Iron Hands|Wild Charge|p1b: Toxapex\n|-supereffective|p1b: Toxapex\n|-damage|p1b: Toxapex|35\/100\n|-damage|p2b: Iron Hands|44\/100 psn|[from] Recoil\n|move|p2a: Kingambit|Iron Head|p1a: Garganacl\n|-supereffective|p1a: Garganacl\n|-damage|p1a: Garganacl|25\/100\n|move|p1a: Garganacl|Salt Cure|p2a: Kingambit\n|-resisted|p2a: Kingambit\n|-damage|p2a: Kingambit|20\/100\n|-start|p2a: Kingambit|Salt Cure\n|\n|-heal|p2b: Iron Hands|50\/100 psn|[from] item: Leftovers\n|-heal|p1a: Garganacl|31\/100|[from] item: Leftovers\n|-damage|p2b: Iron Hands|37\/100 psn|[from] psn\n|-damage|p2a: Kingambit|0 fnt|[from] Salt Cure\n|faint|p2a: Kingambit\n|upkeep\n|\n|t:|1701123633\n|switch|p2a: Ninetales|Ninetales-Alola, M|59\/100\n|-weather|Snow|[from] ability: Snow Warning|[of] p2a: Ninetales\n|turn|20\n|\n|t:|1701123644\n|move|p2a: Ninetales|Protect|p2a: Ninetales\n|-singleturn|p2a: Ninetales|Protect\n|move|p1a: Garganacl|Protect|p1a: Garganacl\n|-singleturn|p1a: Garganacl|Protect\n|move|p1b: Toxapex|Recover|p1b: Toxapex\n|-heal|p1b: Toxapex|85\/100\n|move|p2b: Iron Hands|Wild Charge|p1b: Toxapex\n|-supereffective|p1b: Toxapex\n|-damage|p1b: Toxapex|8\/100\n|-damage|p2b: Iron Hands|27\/100 psn|[from] Recoil\n|\n|-weather|Snow|[upkeep]\n|-heal|p2b: Iron Hands|33\/100 psn|[from] item: Leftovers\n|-heal|p1a: Garganacl|37\/100|[from] item: Leftovers\n|-damage|p2b: Iron Hands|20\/100 psn|[from] psn\n|upkeep\n|turn|21\n|\n|t:|1701123666\n|move|p1b: Toxapex|Baneful Bunker|p1b: Toxapex\n|-singleturn|p1b: Toxapex|move: Protect\n|move|p2a: Ninetales|Aurora Veil|p2a: Ninetales\n|-sidestart|p2: jongallon|move: Aurora Veil\n|move|p2b: Iron Hands|Wild Charge|p1b: Toxapex\n|-activate|p1b: Toxapex|move: Protect\n|move|p1a: Garganacl|Recover|p1a: Garganacl\n|-heal|p1a: Garganacl|87\/100\n|\n|-weather|Snow|[upkeep]\n|-heal|p2b: Iron Hands|27\/100 psn|[from] item: Leftovers\n|-heal|p1a: Garganacl|93\/100|[from] item: Leftovers\n|-damage|p2b: Iron Hands|14\/100 psn|[from] psn\n|upkeep\n|turn|22\n|\n|t:|1701123697\n|move|p2a: Ninetales|Ice Beam|p1a: Garganacl\n|-damage|p1a: Garganacl|60\/100\n|move|p1b: Toxapex|Recover|p1b: Toxapex\n|-heal|p1b: Toxapex|58\/100\n|move|p2b: Iron Hands|Wild Charge|p1b: Toxapex\n|-supereffective|p1b: Toxapex\n|-damage|p1b: Toxapex|0 fnt\n|faint|p1b: Toxapex\n|-damage|p2b: Iron Hands|6\/100 psn|[from] Recoil\n|move|p1a: Garganacl|Salt Cure|p2a: Ninetales\n|-supereffective|p2a: Ninetales\n|-damage|p2a: Ninetales|36\/100\n|-start|p2a: Ninetales|Salt Cure\n|\n|-weather|Snow|[upkeep]\n|-heal|p2b: Iron Hands|12\/100 psn|[from] item: Leftovers\n|-heal|p1a: Garganacl|67\/100|[from] item: Leftovers\n|-damage|p2b: Iron Hands|0 fnt|[from] psn\n|faint|p2b: Iron Hands\n|-end|p2b: Iron Hands|Quark Drive|[silent]\n|-damage|p2a: Ninetales|24\/100|[from] Salt Cure\n|upkeep\n|\n|t:|1701123721\n|switch|p2b: Clefairy|Clefairy, M|10\/100 psn\n|turn|23\n|\n|t:|1701123734\n|move|p2b: Clefairy|Helping Hand|p2a: Ninetales\n|-singleturn|p2a: Ninetales|Helping Hand|[of] p2b: Clefairy\n|move|p2a: Ninetales|Ice Beam|p1a: Garganacl\n|-damage|p1a: Garganacl|17\/100\n|move|p1a: Garganacl|Heavy Slam|p2a: Ninetales\n|-supereffective|p2a: Ninetales\n|-crit|p2a: Ninetales\n|-damage|p2a: Ninetales|0 fnt\n|faint|p2a: Ninetales\n|\n|-weather|Snow|[upkeep]\n|-heal|p1a: Garganacl|23\/100|[from] item: Leftovers\n|-damage|p2b: Clefairy|0 fnt|[from] psn\n|faint|p2b: Clefairy\n|upkeep\n|\n|t:|1701123756\n|switch|p2b: Cetitan|Cetitan, M|29\/100\n|turn|24\n|\n|t:|1701123771\n|move|p2b: Cetitan|Body Press|p1a: Garganacl\n|-supereffective|p1a: Garganacl\n|-damage|p1a: Garganacl|8\/100\n|move|p1a: Garganacl|Recover|p1a: Garganacl\n|-heal|p1a: Garganacl|58\/100\n|\n|-weather|none\n|-heal|p1a: Garganacl|64\/100|[from] item: Leftovers\n|upkeep\n|turn|25\n|\n|t:|1701123781\n|move|p1a: Garganacl|Protect|p1a: Garganacl\n|-singleturn|p1a: Garganacl|Protect\n|move|p2b: Cetitan|Body Press|p1a: Garganacl\n|-activate|p1a: Garganacl|move: Protect\n|\n|-heal|p1a: Garganacl|71\/100|[from] item: Leftovers\n|-sideend|p2: jongallon|move: Aurora Veil\n|upkeep\n|turn|26\n|\n|t:|1701123789\n|move|p2b: Cetitan|Body Press|p1a: Garganacl\n|-supereffective|p1a: Garganacl\n|-damage|p1a: Garganacl|54\/100\n|move|p1a: Garganacl|Salt Cure|p2b: Cetitan\n|-supereffective|p2b: Cetitan\n|-damage|p2b: Cetitan|0 fnt\n|faint|p2b: Cetitan\n|\n|win|BullishBandit\n|raw|BullishBandit's rating: 1155 &rarr; <strong>1177<\/strong><br \/>(+22 for winning)\n|raw|jongallon's rating: 1109 &rarr; <strong>1087<\/strong><br \/>(-22 for losing)\n|c|\u2606BullishBandit|gg\n","uploadtime":1701123807,"views":3,"p1id":"bullishbandit","p2id":"jongallon","formatid":"gen9doublesou","rating":1087,"private":0,"password":""}