{"id":"gen9doublesou-1971719638","p1":"Ex0tic_s0da","p2":"sophie_the_stimky","format":"[Gen 9] Doubles OU","log":"|j|\u2606Ex0tic_s0da\n|j|\u2606sophie_the_stimky\n|t:|1697764649\n|gametype|doubles\n|player|p1|Ex0tic_s0da|102|1107\n|player|p2|sophie_the_stimky|266|1046\n|teamsize|p1|6\n|teamsize|p2|6\n|gen|9\n|tier|[Gen 9] Doubles OU\n|rated|\n|rule|Species Clause: Limit one of each Pok\u00e9mon\n|rule|OHKO Clause: OHKO moves are banned\n|rule|Evasion Moves Clause: Evasion moves are banned\n|rule|Gravity Sleep Clause: The combination of sleep-inducing moves with imperfect accuracy and Gravity or Gigantamax Orbeetle are banned\n|rule|Endless Battle Clause: Forcing endless battles is banned\n|rule|HP Percentage Mod: HP is shown in percentages\n|clearpoke\n|poke|p1|Arbok, M|\n|poke|p1|Drifblim, F|\n|poke|p1|Mightyena, F|\n|poke|p1|Luxray, F|\n|poke|p1|Scizor, F|\n|poke|p1|Kommo-o, F|\n|poke|p2|Trevenant, F|\n|poke|p2|Blissey, F|\n|poke|p2|Ogerpon-Wellspring, F|\n|poke|p2|Chandelure, M|\n|poke|p2|Crawdaunt, M|\n|poke|p2|Landorus-Therian, M|\n|teampreview\n|inactive|Battle timer is ON: inactive players will automatically lose when time's up. (requested by Ex0tic_s0da)\n|\n|t:|1697764657\n|start\n|switch|p1a: Drifblim|Drifblim, F, shiny|100\/100\n|switch|p1b: Scizor|Scizor, F, shiny|100\/100\n|switch|p2a: Chandelure|Chandelure, M|100\/100\n|switch|p2b: Landorus|Landorus-Therian, M|100\/100\n|-ability|p2b: Landorus|Intimidate|boost\n|-unboost|p1a: Drifblim|atk|1\n|-unboost|p1b: Scizor|atk|1\n|turn|1\n|\n|t:|1697764679\n|move|p1a: Drifblim|Tailwind|p1a: Drifblim\n|-sidestart|p1: Ex0tic_s0da|move: Tailwind\n|move|p1b: Scizor|Aerial Ace|p2a: Chandelure\n|-damage|p2a: Chandelure|66\/100\n|move|p2b: Landorus|Swords Dance|p2b: Landorus\n|-boost|p2b: Landorus|atk|2\n|move|p2a: Chandelure|Trick Room|p2a: Chandelure\n|-fieldstart|move: Trick Room|[of] p2a: Chandelure\n|\n|upkeep\n|turn|2\n|\n|t:|1697764700\n|move|p2a: Chandelure|Flamethrower|p1b: Scizor\n|-supereffective|p1b: Scizor\n|-damage|p1b: Scizor|0 fnt\n|faint|p1b: Scizor\n|move|p2b: Landorus|Hammer Arm|p1a: Drifblim\n|-immune|p1a: Drifblim\n|move|p1a: Drifblim|Strength Sap|p2b: Landorus\n|-unboost|p2b: Landorus|atk|1\n|\n|upkeep\n|\n|t:|1697764713\n|switch|p1b: Mightyena|Mightyena, F, shiny|100\/100\n|turn|3\n|\n|t:|1697764722\n|move|p1b: Mightyena|Sucker Punch|p2a: Chandelure\n|-supereffective|p2a: Chandelure\n|-damage|p2a: Chandelure|14\/100\n|move|p2a: Chandelure|Flamethrower|p1a: Drifblim\n|-damage|p1a: Drifblim|29\/100\n|-status|p1a: Drifblim|brn\n|move|p2b: Landorus|Hammer Arm|p1b: Mightyena\n|-supereffective|p1b: Mightyena\n|-damage|p1b: Mightyena|0 fnt\n|-unboost|p2b: Landorus|spe|1\n|faint|p1b: Mightyena\n|move|p1a: Drifblim|Haze|p1a: Drifblim\n|-clearallboost\n|\n|-heal|p1a: Drifblim|35\/100 brn|[from] item: Leftovers\n|-damage|p1a: Drifblim|29\/100 brn|[from] brn\n|upkeep\n|\n|t:|1697764741\n|switch|p1b: Kommo-o|Kommo-o, F, shiny|100\/100\n|turn|4\n|\n|t:|1697764758\n|-terastallize|p2b: Landorus|Ground\n|move|p2a: Chandelure|Flamethrower|p1a: Drifblim\n|-damage|p1a: Drifblim|0 fnt\n|faint|p1a: Drifblim\n|move|p2b: Landorus|Earthquake|p1b: Kommo-o|[spread] p2a,p1b\n|-supereffective|p2a: Chandelure\n|-damage|p2a: Chandelure|0 fnt\n|-damage|p1b: Kommo-o|38\/100\n|faint|p2a: Chandelure\n|move|p1b: Kommo-o|Clangorous Soul|p1b: Kommo-o\n|-boost|p1b: Kommo-o|atk|1\n|-boost|p1b: Kommo-o|def|1\n|-boost|p1b: Kommo-o|spa|1\n|-boost|p1b: Kommo-o|spd|1\n|-boost|p1b: Kommo-o|spe|1\n|-damage|p1b: Kommo-o|5\/100\n|\n|-heal|p1b: Kommo-o|11\/100|[from] item: Leftovers\n|-sideend|p1: Ex0tic_s0da|move: Tailwind\n|upkeep\n|\n|t:|1697764780\n|switch|p2a: Crawdaunt|Crawdaunt, M|100\/100\n|switch|p1a: Arbok|Arbok, M, shiny|100\/100\n|-ability|p1a: Arbok|Intimidate|boost\n|-unboost|p2a: Crawdaunt|atk|1\n|-unboost|p2b: Landorus|atk|1\n|turn|5\n|\n|t:|1697764799\n|move|p2a: Crawdaunt|Aqua Jet|p1b: Kommo-o\n|-resisted|p1b: Kommo-o\n|-damage|p1b: Kommo-o|5\/100\n|move|p2b: Landorus|Earthquake|p1a: Arbok|[spread] p2a,p1a,p1b\n|-supereffective|p1a: Arbok\n|-damage|p2a: Crawdaunt|55\/100\n|-enditem|p1a: Arbok|Focus Sash\n|-damage|p1a: Arbok|1\/100\n|-damage|p1b: Kommo-o|0 fnt\n|faint|p1b: Kommo-o\n|move|p1a: Arbok|Glare|p2b: Landorus\n|-status|p2b: Landorus|par\n|\n|-heal|p2a: Crawdaunt|61\/100|[from] item: Leftovers\n|-fieldend|move: Trick Room\n|upkeep\n|\n|t:|1697764814\n|switch|p1b: Luxray|Luxray, F, shiny|100\/100\n|turn|6\n|\n|t:|1697764822\n|move|p2a: Crawdaunt|Aqua Jet|p1a: Arbok\n|-damage|p1a: Arbok|0 fnt\n|faint|p1a: Arbok\n|move|p1b: Luxray|Trailblaze|p2b: Landorus\n|-supereffective|p2b: Landorus\n|-damage|p2b: Landorus|62\/100 par\n|-boost|p1b: Luxray|spe|1\n|move|p2b: Landorus|Earthquake|p1b: Luxray|[spread] p2a,p1b\n|-supereffective|p1b: Luxray\n|-damage|p2a: Crawdaunt|8\/100\n|-damage|p1b: Luxray|7\/100\n|\n|-heal|p2a: Crawdaunt|14\/100|[from] item: Leftovers\n|-heal|p2b: Landorus|68\/100 par|[from] item: Leftovers\n|-status|p1b: Luxray|brn|[from] item: Flame Orb\n|upkeep\n|turn|7\n|c|\u2606sophie_the_stimky|gg\n|\n|t:|1697764841\n|-terastallize|p1b: Luxray|Grass\n|move|p2a: Crawdaunt|Aqua Jet|p1b: Luxray\n|-resisted|p1b: Luxray\n|-damage|p1b: Luxray|0 fnt\n|faint|p1b: Luxray\n|\n|win|sophie_the_stimky\n|raw|Ex0tic_s0da's rating: 1107 &rarr; <strong>1078<\/strong><br \/>(-29 for losing)\n|raw|sophie_the_stimky's rating: 1046 &rarr; <strong>1085<\/strong><br \/>(+39 for winning)\n|l|\u2606Ex0tic_s0da\n","uploadtime":1697765799,"views":10,"p1id":"ex0tics0da","p2id":"sophiethestimky","formatid":"gen9doublesou","rating":1078,"private":0,"password":""}