{"id":"gen9doublesou-1978241517","p1":"Pizzasauce6789","p2":"Critian Caceorte","format":"[Gen 9] Doubles OU","log":"|j|\u2606Pizzasauce6789\n|j|\u2606Critian Caceorte\n|t:|1698516175\n|gametype|doubles\n|player|p1|Pizzasauce6789|tuber|1092\n|player|p2|Critian Caceorte|1|1175\n|teamsize|p1|6\n|teamsize|p2|6\n|gen|9\n|tier|[Gen 9] Doubles OU\n|rated|\n|rule|Species Clause: Limit one of each Pok\u00e9mon\n|rule|OHKO Clause: OHKO moves are banned\n|rule|Evasion Moves Clause: Evasion moves are banned\n|rule|Gravity Sleep Clause: The combination of sleep-inducing moves with imperfect accuracy and Gravity or Gigantamax Orbeetle are banned\n|rule|Endless Battle Clause: Forcing endless battles is banned\n|rule|HP Percentage Mod: HP is shown in percentages\n|clearpoke\n|poke|p1|Quaquaval, F|\n|poke|p1|Haxorus, F|\n|poke|p1|Arcanine-Hisui, F|\n|poke|p1|Rillaboom, F|\n|poke|p1|Chi-Yu|\n|poke|p1|Ursaluna-Bloodmoon, M|\n|poke|p2|Amoonguss, M|\n|poke|p2|Arbok, F|\n|poke|p2|Weezing-Galar, M|\n|poke|p2|Sneasler, M|\n|poke|p2|Muk-Alola, F|\n|poke|p2|Iron Moth|\n|teampreview\n|\n|t:|1698516179\n|start\n|switch|p1a: Haxorus|Haxorus, F|100\/100\n|switch|p1b: Rillaboom|Rillaboom, F|100\/100\n|switch|p2a: Weezing|Weezing-Galar, M|100\/100\n|switch|p2b: Muk|Muk-Alola, F|100\/100\n|-fieldstart|move: Grassy Terrain|[from] ability: Grassy Surge|[of] p1b: Rillaboom\n|-enditem|p1b: Rillaboom|Grassy Seed\n|-boost|p1b: Rillaboom|def|1|[from] item: Grassy Seed\n|-ability|p1a: Haxorus|Mold Breaker\n|turn|1\n|j| LightningSword6354\n|l| LightningSword6354\n|\n|t:|1698516199\n|move|p1b: Rillaboom|Fake Out|p2a: Weezing\n|-damage|p2a: Weezing|88\/100\n|move|p1a: Haxorus|Brick Break|p2b: Muk\n|-damage|p2b: Muk|59\/100\n|-damage|p1a: Haxorus|91\/100|[from] item: Life Orb\n|cant|p2a: Weezing|flinch\n|move|p2b: Muk|Poison Jab|p1b: Rillaboom\n|-supereffective|p1b: Rillaboom\n|-damage|p1b: Rillaboom|55\/100\n|\n|-heal|p1b: Rillaboom|61\/100|[from] Grassy Terrain\n|-heal|p1a: Haxorus|97\/100|[from] Grassy Terrain\n|-heal|p2b: Muk|65\/100|[from] Grassy Terrain\n|-heal|p2b: Muk|71\/100|[from] item: Leftovers\n|upkeep\n|turn|2\n|\n|t:|1698516223\n|move|p1b: Rillaboom|Swords Dance|p1b: Rillaboom\n|-boost|p1b: Rillaboom|atk|2\n|move|p1a: Haxorus|Dragon Dance|p1a: Haxorus\n|-boost|p1a: Haxorus|atk|1\n|-boost|p1a: Haxorus|spe|1\n|move|p2a: Weezing|Play Rough|p1a: Haxorus\n|-supereffective|p1a: Haxorus\n|-damage|p1a: Haxorus|0 fnt\n|faint|p1a: Haxorus\n|move|p2b: Muk|Poison Jab|p1b: Rillaboom\n|-supereffective|p1b: Rillaboom\n|-damage|p1b: Rillaboom|16\/100\n|\n|-heal|p1b: Rillaboom|22\/100|[from] Grassy Terrain\n|-heal|p2b: Muk|77\/100|[from] Grassy Terrain\n|-heal|p2b: Muk|83\/100|[from] item: Leftovers\n|upkeep\n|\n|t:|1698516239\n|switch|p1a: Ursaluna|Ursaluna-Bloodmoon, M|100\/100\n|turn|3\n|\n|t:|1698516249\n|move|p2b: Muk|Protect|p2b: Muk\n|-singleturn|p2b: Muk|Protect\n|move|p1b: Rillaboom|Acrobatics|p2a: Weezing\n|-damage|p2a: Weezing|20\/100\n|move|p2a: Weezing|Explosion|p1a: Ursaluna|[spread] p1a,p1b\n|-activate|p2b: Muk|move: Protect\n|-enditem|p2a: Weezing|Normal Gem|[from] gem\n|-damage|p1a: Ursaluna|55\/100\n|-damage|p1b: Rillaboom|0 fnt\n|faint|p2a: Weezing\n|-ability|p2b: Muk|Levitate|[from] ability: Power of Alchemy|[of] p2a: Weezing\n|faint|p1b: Rillaboom\n|move|p1a: Ursaluna|Earth Power|p2b: Muk\n|-activate|p2b: Muk|move: Protect\n|\n|-heal|p1a: Ursaluna|61\/100|[from] Grassy Terrain\n|-heal|p2b: Muk|89\/100|[from] item: Leftovers\n|upkeep\n|\n|t:|1698516268\n|switch|p1b: Arcanine|Arcanine-Hisui, F|100\/100\n|switch|p2a: Sneasler|Sneasler, M|100\/100\n|turn|4\n|\n|t:|1698516285\n|-terastallize|p1a: Ursaluna|Poison\n|move|p2a: Sneasler|Close Combat|p1b: Arcanine\n|-supereffective|p1b: Arcanine\n|-damage|p1b: Arcanine|0 fnt\n|-unboost|p2a: Sneasler|def|1\n|-unboost|p2a: Sneasler|spd|1\n|faint|p1b: Arcanine\n|move|p1a: Ursaluna|Blood Moon|p2b: Muk\n|-damage|p2b: Muk|32\/100\n|move|p2b: Muk|Crunch|p1a: Ursaluna\n|-damage|p1a: Ursaluna|41\/100\n|-damage|p2b: Muk|16\/100|[from] item: Rocky Helmet|[of] p1a: Ursaluna\n|\n|-heal|p1a: Ursaluna|47\/100|[from] Grassy Terrain\n|-heal|p2b: Muk|22\/100|[from] item: Leftovers\n|upkeep\n|\n|t:|1698516296\n|switch|p1b: Chi-Yu|Chi-Yu|100\/100\n|-ability|p1b: Chi-Yu|Beads of Ruin\n|turn|5\n|\n|t:|1698516308\n|move|p2a: Sneasler|Close Combat|p1b: Chi-Yu\n|-supereffective|p1b: Chi-Yu\n|-damage|p1b: Chi-Yu|0 fnt\n|-unboost|p2a: Sneasler|def|1\n|-unboost|p2a: Sneasler|spd|1\n|faint|p1b: Chi-Yu\n|move|p1a: Ursaluna|Earth Power|p2a: Sneasler\n|-supereffective|p2a: Sneasler\n|-damage|p2a: Sneasler|0 fnt\n|faint|p2a: Sneasler\n|move|p2b: Muk|Zen Headbutt|p1a: Ursaluna\n|-supereffective|p1a: Ursaluna\n|-damage|p1a: Ursaluna|17\/100\n|-damage|p2b: Muk|5\/100|[from] item: Rocky Helmet|[of] p1a: Ursaluna\n|\n|-heal|p1a: Ursaluna|23\/100|[from] Grassy Terrain\n|-heal|p2b: Muk|11\/100|[from] item: Leftovers\n|-fieldend|move: Grassy Terrain\n|upkeep\n|\n|t:|1698516325\n|switch|p2a: Amoonguss|Amoonguss, M|100\/100\n|switch|p1b: Quaquaval|Quaquaval, F|100\/100\n|turn|6\n|\n|t:|1698516345\n|move|p2a: Amoonguss|Rage Powder|p2a: Amoonguss\n|-singleturn|p2a: Amoonguss|move: Rage Powder\n|move|p1b: Quaquaval|U-turn|p2a: Amoonguss\n|-damage|p2a: Amoonguss|77\/100\n|-damage|p1b: Quaquaval|84\/100|[from] item: Rocky Helmet|[of] p2a: Amoonguss\n|-damage|p1b: Quaquaval|74\/100|[from] item: Life Orb\n|move|p1a: Ursaluna|Blood Moon|p2a: Amoonguss\n|-damage|p2a: Amoonguss|7\/100\n|move|p2b: Muk|Zen Headbutt|p1a: Ursaluna\n|-supereffective|p1a: Ursaluna\n|-damage|p1a: Ursaluna|0 fnt\n|-damage|p2b: Muk|0 fnt|[from] item: Rocky Helmet|[of] p1a: Ursaluna\n|faint|p1a: Ursaluna\n|faint|p2b: Muk\n|\n|upkeep\n|\n|t:|1698516358\n|switch|p2b: Arbok|Arbok, F|100\/100\n|-ability|p2b: Arbok|Intimidate|boost\n|-unboost|p1b: Quaquaval|atk|1\n|turn|7\n|\n|t:|1698516368\n|move|p1b: Quaquaval|Aqua Step|p2a: Amoonguss\n|-resisted|p2a: Amoonguss\n|-damage|p2a: Amoonguss|0 fnt\n|-boost|p1b: Quaquaval|spe|1\n|-damage|p1b: Quaquaval|58\/100|[from] item: Rocky Helmet|[of] p2a: Amoonguss\n|faint|p2a: Amoonguss\n|-ability|p1b: Quaquaval|Moxie|boost\n|-boost|p1b: Quaquaval|atk|1\n|-damage|p1b: Quaquaval|48\/100|[from] item: Life Orb\n|move|p2b: Arbok|Glare|p1b: Quaquaval\n|-status|p1b: Quaquaval|par\n|\n|upkeep\n|\n|t:|1698516380\n|switch|p2a: Iron Moth|Iron Moth|100\/100\n|-enditem|p2a: Iron Moth|Booster Energy\n|-activate|p2a: Iron Moth|ability: Quark Drive|[fromitem]\n|-start|p2a: Iron Moth|quarkdrivespa\n|turn|8\n|\n|t:|1698516395\n|-terastallize|p2a: Iron Moth|Bug\n|move|p2a: Iron Moth|Bug Buzz|p1b: Quaquaval\n|-resisted|p1b: Quaquaval\n|-damage|p1b: Quaquaval|0 fnt\n|faint|p1b: Quaquaval\n|\n|win|Critian Caceorte\n|raw|Pizzasauce6789's rating: 1092 &rarr; <strong>1074<\/strong><br \/>(-18 for losing)\n|raw|Critian Caceorte's rating: 1175 &rarr; <strong>1194<\/strong><br \/>(+19 for winning)\n|l|\u2606Pizzasauce6789\n","uploadtime":1698516404,"views":13,"p1id":"pizzasauce6789","p2id":"critiancaceorte","formatid":"gen9doublesou","rating":1074,"private":0,"password":""}