{"id":"gen9doublesou-1987797062","p1":"Jonathan53332","p2":"Linkmasterjr","format":"[Gen 9] Doubles OU","log":"|j|\u2606Jonathan53332\n|j|\u2606Linkmasterjr\n|t:|1699637742\n|gametype|doubles\n|player|p1|Jonathan53332|1|\n|player|p2|Linkmasterjr|hugh|\n|teamsize|p1|6\n|teamsize|p2|6\n|gen|9\n|tier|[Gen 9] Doubles OU\n|rule|Species Clause: Limit one of each Pok\u00e9mon\n|rule|OHKO Clause: OHKO moves are banned\n|rule|Evasion Moves Clause: Evasion moves are banned\n|rule|Gravity Sleep Clause: The combination of sleep-inducing moves with imperfect accuracy and Gravity or Gigantamax Orbeetle are banned\n|rule|Endless Battle Clause: Forcing endless battles is banned\n|rule|HP Percentage Mod: HP is shown in percentages\n|clearpoke\n|poke|p1|Kilowattrel, F|\n|poke|p1|Dugtrio-Alola, F|\n|poke|p1|Amoonguss, M|\n|poke|p1|Palafin, F|\n|poke|p1|Gholdengo|\n|poke|p1|Cinderace, M|\n|poke|p2|Vikavolt, M|\n|poke|p2|Chandelure, M|\n|poke|p2|Empoleon, F|\n|poke|p2|Great Tusk|\n|poke|p2|Rillaboom, F|\n|poke|p2|Murkrow, F|\n|teampreview\n|\n|t:|1699637797\n|start\n|switch|p1a: Kilowattrel|Kilowattrel, F|100\/100\n|switch|p1b: Dugtrio|Dugtrio-Alola, F|100\/100\n|switch|p2a: Empoleon|Empoleon, F|100\/100\n|switch|p2b: Murkrow|Murkrow, F|100\/100\n|turn|1\n|\n|t:|1699637818\n|-terastallize|p2a: Empoleon|Flying\n|move|p2b: Murkrow|Tailwind|p2b: Murkrow\n|-sidestart|p2: Linkmasterjr|move: Tailwind\n|move|p1a: Kilowattrel|Discharge|p2a: Empoleon|[spread] p2a,p2b\n|-immune|p1b: Dugtrio\n|-supereffective|p2a: Empoleon\n|-supereffective|p2b: Murkrow\n|-damage|p2a: Empoleon|65\/100\n|-damage|p2b: Murkrow|26\/100\n|-status|p2a: Empoleon|par\n|-enditem|p2b: Murkrow|Eject Button\n|\n|t:|1699637837\n|switch|p2b: Great Tusk|Great Tusk, shiny|100\/100\n|-enditem|p2b: Great Tusk|Booster Energy\n|-activate|p2b: Great Tusk|ability: Protosynthesis|[fromitem]\n|-start|p2b: Great Tusk|protosynthesisatk\n|move|p1b: Dugtrio|Earthquake|p2b: Great Tusk|[spread] p2b\n|-immune|p1a: Kilowattrel\n|-immune|p2a: Empoleon\n|-damage|p2b: Great Tusk|75\/100\n|move|p2a: Empoleon|Bubble Beam|p1b: Dugtrio\n|-supereffective|p1b: Dugtrio\n|-enditem|p1b: Dugtrio|Focus Sash\n|-damage|p1b: Dugtrio|1\/100\n|-unboost|p1b: Dugtrio|spe|1\n|\n|upkeep\n|turn|2\n|\n|t:|1699637862\n|move|p2b: Great Tusk|Ice Fang|p1a: Kilowattrel\n|-supereffective|p1a: Kilowattrel\n|-enditem|p1a: Kilowattrel|Focus Sash\n|-damage|p1a: Kilowattrel|1\/100\n|move|p1a: Kilowattrel|Air Cutter|p2a: Empoleon|[spread] p2a,p2b\n|-supereffective|p2b: Great Tusk\n|-damage|p2a: Empoleon|54\/100 par\n|-damage|p2b: Great Tusk|16\/100\n|move|p1b: Dugtrio|Stealth Rock|p2b: Great Tusk\n|-sidestart|p2: Linkmasterjr|move: Stealth Rock\n|move|p2a: Empoleon|Bubble Beam|p1b: Dugtrio\n|-supereffective|p1b: Dugtrio\n|-damage|p1b: Dugtrio|0 fnt\n|faint|p1b: Dugtrio\n|\n|upkeep\n|\n|t:|1699637894\n|switch|p1b: Palafin|Palafin, F|100\/100\n|turn|3\n|\n|t:|1699637914\n|move|p1b: Palafin|Jet Punch|p2b: Great Tusk\n|-supereffective|p2b: Great Tusk\n|-crit|p2b: Great Tusk\n|-damage|p2b: Great Tusk|0 fnt\n|faint|p2b: Great Tusk\n|-end|p2b: Great Tusk|Protosynthesis|[silent]\n|move|p1a: Kilowattrel|Tailwind|p1a: Kilowattrel\n|-sidestart|p1: Jonathan53332|move: Tailwind\n|cant|p2a: Empoleon|par\n|\n|upkeep\n|\n|t:|1699637925\n|switch|p2b: Rillaboom|Rillaboom, F|100\/100\n|-damage|p2b: Rillaboom|88\/100|[from] Stealth Rock\n|-fieldstart|move: Grassy Terrain|[from] ability: Grassy Surge|[of] p2b: Rillaboom\n|turn|4\n|\n|t:|1699637941\n|detailschange|p1b: Palafin|Palafin-Hero, F\n|switch|p1b: Amoonguss|Amoonguss, M|100\/100\n|move|p2b: Rillaboom|Fake Out|p1a: Kilowattrel\n|-damage|p1a: Kilowattrel|0 fnt\n|faint|p1a: Kilowattrel\n|cant|p2a: Empoleon|par\n|\n|-heal|p2b: Rillaboom|94\/100|[from] Grassy Terrain\n|-sideend|p2: Linkmasterjr|move: Tailwind\n|upkeep\n|\n|t:|1699637946\n|switch|p1a: Palafin|Palafin-Hero, F|100\/100\n|-activate|p1a: Palafin|ability: Zero to Hero\n|turn|5\n|\n|t:|1699637958\n|-terastallize|p1a: Palafin|Steel\n|move|p2b: Rillaboom|Grassy Glide|p1a: Palafin\n|-resisted|p1a: Palafin\n|-damage|p1a: Palafin|82\/100\n|move|p1a: Palafin|Ice Punch|p2a: Empoleon\n|-supereffective|p2a: Empoleon\n|-damage|p2a: Empoleon|0 fnt\n|faint|p2a: Empoleon\n|move|p1b: Amoonguss|Sludge Bomb|p2b: Rillaboom\n|-supereffective|p2b: Rillaboom\n|-damage|p2b: Rillaboom|29\/100\n|\n|-heal|p1a: Palafin|88\/100|[from] Grassy Terrain\n|-heal|p2b: Rillaboom|35\/100|[from] Grassy Terrain\n|upkeep\n|\n|t:|1699637967\n|switch|p2a: Murkrow|Murkrow, F|26\/100\n|-damage|p2a: Murkrow|1\/100|[from] Stealth Rock\n|turn|6\n|\n|t:|1699637973\n|move|p2a: Murkrow|Tailwind|p2a: Murkrow\n|-sidestart|p2: Linkmasterjr|move: Tailwind\n|move|p1a: Palafin|Ice Punch|p2b: Rillaboom\n|-supereffective|p2b: Rillaboom\n|-damage|p2b: Rillaboom|0 fnt\n|faint|p2b: Rillaboom\n|move|p1b: Amoonguss|Sludge Bomb|p2a: Murkrow\n|-damage|p2a: Murkrow|0 fnt\n|faint|p2a: Murkrow\n|\n|-heal|p1a: Palafin|94\/100|[from] Grassy Terrain\n|-sideend|p1: Jonathan53332|move: Tailwind\n|upkeep\n|\n|t:|1699637978\n|switch|p2b: Vikavolt|Vikavolt, M|100\/100\n|switch|p2a: Chandelure|Chandelure, M|100\/100\n|-damage|p2a: Chandelure|76\/100|[from] Stealth Rock\n|-damage|p2b: Vikavolt|76\/100|[from] Stealth Rock\n|turn|7\n|\n|t:|1699637988\n|move|p2a: Chandelure|Heat Wave|p1a: Palafin|[spread] p1b\n|-miss|p2a: Chandelure|p1a: Palafin\n|-enditem|p2a: Chandelure|Blunder Policy\n|-boost|p2a: Chandelure|spe|2\n|-supereffective|p1b: Amoonguss\n|-damage|p1b: Amoonguss|50\/100\n|move|p1a: Palafin|Ice Punch|p2b: Vikavolt\n|-damage|p2b: Vikavolt|25\/100\n|move|p2b: Vikavolt|Bug Buzz|p1b: Amoonguss\n|-damage|p1b: Amoonguss|0 fnt\n|faint|p1b: Amoonguss\n|\n|-heal|p2a: Chandelure|82\/100|[from] Grassy Terrain\n|-heal|p1a: Palafin|100\/100|[from] Grassy Terrain\n|upkeep\n|\n|t:|1699638002\n|switch|p1b: Cinderace|Cinderace, M|100\/100\n|turn|8\n|inactive|Battle timer is ON: inactive players will automatically lose when time's up. (requested by Linkmasterjr)\n|\n|t:|1699638029\n|move|p2a: Chandelure|Heat Wave|p1a: Palafin|[spread] p1a,p1b\n|-supereffective|p1a: Palafin\n|-resisted|p1b: Cinderace\n|-damage|p1a: Palafin|4\/100\n|-damage|p1b: Cinderace|72\/100\n|move|p1b: Cinderace|Electro Ball|p2a: Chandelure\n|-start|p1b: Cinderace|typechange|Electric|[from] ability: Libero\n|-damage|p2a: Chandelure|70\/100\n|move|p1a: Palafin|Ice Punch|p2b: Vikavolt\n|-damage|p2b: Vikavolt|0 fnt\n|faint|p2b: Vikavolt\n|\n|-heal|p2a: Chandelure|76\/100|[from] Grassy Terrain\n|-heal|p1b: Cinderace|78\/100|[from] Grassy Terrain\n|-heal|p1a: Palafin|10\/100|[from] Grassy Terrain\n|upkeep\n|turn|9\n|\n|t:|1699638053\n|move|p2a: Chandelure|Heat Wave|p1b: Cinderace|[spread] p1a,p1b\n|-supereffective|p1a: Palafin\n|-damage|p1a: Palafin|0 fnt\n|-damage|p1b: Cinderace|20\/100\n|-status|p1b: Cinderace|brn\n|faint|p1a: Palafin\n|move|p1b: Cinderace|Electro Ball|p2a: Chandelure\n|-damage|p2a: Chandelure|65\/100\n|\n|-heal|p2a: Chandelure|71\/100|[from] Grassy Terrain\n|-heal|p1b: Cinderace|26\/100 brn|[from] Grassy Terrain\n|-damage|p1b: Cinderace|20\/100 brn|[from] brn\n|-sideend|p2: Linkmasterjr|move: Tailwind\n|upkeep\n|\n|t:|1699638056\n|switch|p1a: Gholdengo|Gholdengo|100\/100\n|turn|10\n|\n|t:|1699638061\n|move|p2a: Chandelure|Heat Wave|p1a: Gholdengo|[spread] p1a,p1b\n|-supereffective|p1a: Gholdengo\n|-damage|p1a: Gholdengo|30\/100\n|-damage|p1b: Cinderace|0 fnt\n|faint|p1b: Cinderace\n|move|p1a: Gholdengo|Shadow Ball|p2a: Chandelure\n|-supereffective|p2a: Chandelure\n|-damage|p2a: Chandelure|0 fnt\n|faint|p2a: Chandelure\n|\n|win|Jonathan53332\n","uploadtime":1699638065,"views":5,"p1id":"jonathan53332","p2id":"linkmasterjr","formatid":"gen9doublesou","rating":0,"private":0,"password":""}