{"id":"gen9doublesou-1990281525","p1":"mebin777","p2":"Elite.4.Challenger","format":"[Gen 9] Doubles OU","log":"|j|\u2606mebin777\n|j|\u2606Elite.4.Challenger\n|t:|1699950098\n|gametype|doubles\n|player|p1|mebin777|2|1454\n|player|p2|Elite.4.Challenger|koga|1444\n|teamsize|p1|6\n|teamsize|p2|6\n|gen|9\n|tier|[Gen 9] Doubles OU\n|rated|\n|rule|Species Clause: Limit one of each Pok\u00e9mon\n|rule|OHKO Clause: OHKO moves are banned\n|rule|Evasion Moves Clause: Evasion moves are banned\n|rule|Gravity Sleep Clause: The combination of sleep-inducing moves with imperfect accuracy and Gravity or Gigantamax Orbeetle are banned\n|rule|Endless Battle Clause: Forcing endless battles is banned\n|rule|HP Percentage Mod: HP is shown in percentages\n|clearpoke\n|poke|p1|Flutter Mane|\n|poke|p1|Iron Hands|\n|poke|p1|Tornadus, M|\n|poke|p1|Chien-Pao|\n|poke|p1|Landorus-Therian, M|\n|poke|p1|Ogerpon-Hearthflame, F|\n|poke|p2|Zapdos|\n|poke|p2|Grimmsnarl, M|\n|poke|p2|Basculegion-F, F|\n|poke|p2|Goodra-Hisui, M|\n|poke|p2|Politoed, F|\n|poke|p2|Toxicroak, M|\n|teampreview\n|\n|t:|1699950114\n|start\n|switch|p1a: Tornadus|Tornadus, M|100\/100\n|switch|p1b: Iron Hands|Iron Hands|100\/100\n|switch|p2a: Michael Phelps|Basculegion-F, F|100\/100\n|switch|p2b: Gollum|Grimmsnarl, M|100\/100\n|turn|1\n|\n|t:|1699950133\n|-terastallize|p2a: Michael Phelps|Ice\n|move|p2b: Gollum|Fake Out|p1b: Iron Hands\n|-damage|p1b: Iron Hands|90\/100\n|move|p1a: Tornadus|Tailwind|p1a: Tornadus\n|-sidestart|p1: mebin777|move: Tailwind\n|cant|p1b: Iron Hands|flinch\n|move|p2a: Michael Phelps|Ice Beam|p1a: Tornadus\n|-supereffective|p1a: Tornadus\n|-damage|p1a: Tornadus|0 fnt\n|faint|p1a: Tornadus\n|\n|upkeep\n|\n|t:|1699950153\n|switch|p1a: Flutter Mane|Flutter Mane|100\/100\n|-enditem|p1a: Flutter Mane|Booster Energy\n|-activate|p1a: Flutter Mane|ability: Protosynthesis|[fromitem]\n|-start|p1a: Flutter Mane|protosynthesisspd\n|turn|2\n|inactive|Battle timer is ON: inactive players will automatically lose when time's up. (requested by mebin777)\n|\n|t:|1699950187\n|switch|p2a: Kermit the Frog|Politoed, F|100\/100\n|-weather|RainDance|[from] ability: Drizzle|[of] p2a: Kermit the Frog\n|move|p2b: Gollum|Parting Shot|p1b: Iron Hands\n|-unboost|p1b: Iron Hands|atk|1\n|-unboost|p1b: Iron Hands|spa|1\n|\n|t:|1699950194\n|switch|p2b: James Murray|Goodra-Hisui, M|100\/100|[from] Parting Shot\n|move|p1a: Flutter Mane|Dazzling Gleam|p2a: Kermit the Frog|[spread] p2a,p2b\n|-damage|p2a: Kermit the Frog|82\/100\n|-damage|p2b: James Murray|86\/100\n|-enditem|p2a: Kermit the Frog|Eject Button\n|\n|t:|1699950202\n|switch|p2a: Gollum|Grimmsnarl, M|100\/100\n|move|p1b: Iron Hands|Drain Punch|p2a: Gollum\n|-damage|p2a: Gollum|65\/100\n|-heal|p1b: Iron Hands|100\/100|[from] drain|[of] p2a: Gollum\n|\n|-weather|RainDance|[upkeep]\n|upkeep\n|turn|3\n|\n|t:|1699950230\n|-end|p1b: Iron Hands|Quark Drive|[silent]\n|switch|p1b: Landorus|Landorus-Therian, M|100\/100\n|-ability|p1b: Landorus|Intimidate|boost\n|-unboost|p2a: Gollum|atk|1\n|-unboost|p2b: James Murray|atk|1\n|move|p1a: Flutter Mane|Protect|p1a: Flutter Mane\n|-singleturn|p1a: Flutter Mane|Protect\n|move|p2a: Gollum|Parting Shot|p1a: Flutter Mane\n|-activate|p1a: Flutter Mane|move: Protect\n|move|p2b: James Murray|Dragon Tail|p1a: Flutter Mane\n|-activate|p1a: Flutter Mane|move: Protect\n|\n|-weather|RainDance|[upkeep]\n|upkeep\n|turn|4\n|\n|t:|1699950249\n|move|p2a: Gollum|Parting Shot|p1a: Flutter Mane\n|-unboost|p1a: Flutter Mane|atk|1\n|-unboost|p1a: Flutter Mane|spa|1\n|\n|t:|1699950253\n|switch|p2a: Big Bird|Zapdos|100\/100|[from] Parting Shot\n|move|p1b: Landorus|Stomping Tantrum|p2b: James Murray\n|-supereffective|p2b: James Murray\n|-damage|p2b: James Murray|0 fnt\n|faint|p2b: James Murray\n|-damage|p1b: Landorus|90\/100|[from] item: Life Orb\n|move|p1a: Flutter Mane|Dazzling Gleam|p2a: Big Bird\n|-damage|p2a: Big Bird|71\/100\n|\n|-weather|RainDance|[upkeep]\n|-sideend|p1: mebin777|move: Tailwind\n|upkeep\n|\n|t:|1699950266\n|switch|p2b: Michael Phelps|Basculegion-F, F, tera:Ice|100\/100\n|turn|5\n|\n|t:|1699950279\n|switch|p1b: Iron Hands|Iron Hands|100\/100\n|switch|p2a: Kermit the Frog|Politoed, F|82\/100\n|move|p2b: Michael Phelps|Surf|p1a: Flutter Mane|[spread] p2a,p1a,p1b\n|-resisted|p2a: Kermit the Frog\n|-damage|p2a: Kermit the Frog|57\/100\n|-damage|p1a: Flutter Mane|56\/100\n|-damage|p1b: Iron Hands|61\/100\n|move|p1a: Flutter Mane|Dazzling Gleam|p2a: Kermit the Frog|[spread] p2a,p2b\n|-damage|p2a: Kermit the Frog|45\/100\n|-damage|p2b: Michael Phelps|79\/100\n|\n|-weather|RainDance|[upkeep]\n|upkeep\n|turn|6\n|\n|t:|1699950306\n|switch|p2b: Big Bird|Zapdos|71\/100\n|move|p1a: Flutter Mane|Moonblast|p2a: Kermit the Frog\n|-damage|p2a: Kermit the Frog|26\/100\n|-unboost|p2a: Kermit the Frog|spa|1\n|move|p2a: Kermit the Frog|Icy Wind|p1a: Flutter Mane|[spread] p1a,p1b\n|-damage|p1a: Flutter Mane|52\/100\n|-damage|p1b: Iron Hands|58\/100\n|-unboost|p1a: Flutter Mane|spe|1\n|-unboost|p1b: Iron Hands|spe|1\n|move|p1b: Iron Hands|Drain Punch|p2b: Big Bird\n|-resisted|p2b: Big Bird\n|-damage|p2b: Big Bird|42\/100\n|-heal|p1b: Iron Hands|68\/100|[from] drain|[of] p2b: Big Bird\n|\n|-weather|none\n|upkeep\n|turn|7\n|inactive|mebin777 has 120 seconds left.\n|\n|t:|1699950340\n|-end|p1a: Flutter Mane|Protosynthesis|[silent]\n|switch|p1a: Landorus|Landorus-Therian, M|90\/100\n|-ability|p1a: Landorus|Intimidate|boost\n|-unboost|p2a: Kermit the Frog|atk|1\n|-unboost|p2b: Big Bird|atk|1\n|move|p2a: Kermit the Frog|Protect|p2a: Kermit the Frog\n|-singleturn|p2a: Kermit the Frog|Protect\n|move|p2b: Big Bird|Tailwind|p2b: Big Bird\n|-sidestart|p2: Elite.4.Challenger|move: Tailwind\n|move|p1b: Iron Hands|Wild Charge|p2a: Kermit the Frog\n|-activate|p2a: Kermit the Frog|move: Protect\n|\n|upkeep\n|turn|8\n|\n|t:|1699950362\n|switch|p2a: Gollum|Grimmsnarl, M|65\/100\n|move|p2b: Big Bird|Volt Switch|p1b: Iron Hands\n|-resisted|p1b: Iron Hands\n|-damage|p1b: Iron Hands|56\/100\n|\n|t:|1699950371\n|switch|p2b: Kermit the Frog|Politoed, F|26\/100|[from] Volt Switch\n|-weather|RainDance|[from] ability: Drizzle|[of] p2b: Kermit the Frog\n|move|p1a: Landorus|Rock Slide|p2b: Kermit the Frog|[spread] p2a,p2b\n|-damage|p2a: Gollum|29\/100\n|-damage|p2b: Kermit the Frog|0 fnt\n|faint|p2b: Kermit the Frog\n|-damage|p1a: Landorus|80\/100|[from] item: Life Orb\n|move|p1b: Iron Hands|Wild Charge|p2a: Gollum\n|-damage|p2a: Gollum|0 fnt\n|faint|p2a: Gollum\n|-damage|p1b: Iron Hands|50\/100|[from] Recoil\n|\n|-weather|RainDance|[upkeep]\n|upkeep\n|inactive|Elite.4.Challenger has 120 seconds left.\n|\n|t:|1699950388\n|switch|p2b: Kermit the Dawg|Toxicroak, M|100\/100\n|switch|p2a: Michael Phelps|Basculegion-F, F, tera:Ice|79\/100\n|turn|9\n|\n|t:|1699950397\n|move|p2b: Kermit the Dawg|Fake Out|p1b: Iron Hands\n|-damage|p1b: Iron Hands|38\/100\n|-damage|p2b: Kermit the Dawg|91\/100|[from] item: Life Orb\n|move|p2a: Michael Phelps|Surf|p1a: Landorus|[spread] p1a,p1b\n|-heal|p2b: Kermit the Dawg|100\/100|[from] ability: Dry Skin|[of] p2a: Michael Phelps\n|-supereffective|p1a: Landorus\n|-damage|p1a: Landorus|0 fnt\n|-damage|p1b: Iron Hands|0 fnt\n|faint|p1a: Landorus\n|faint|p1b: Iron Hands\n|-end|p1b: Iron Hands|Quark Drive|[silent]\n|\n|-weather|RainDance|[upkeep]\n|upkeep\n|\n|t:|1699950411\n|switch|p1a: Ogerpon|Ogerpon-Hearthflame, F|100\/100\n|switch|p1b: Flutter Mane|Flutter Mane|52\/100\n|-ability|p1a: Ogerpon|Mold Breaker\n|turn|10\n|\n|t:|1699950419\n|move|p1b: Flutter Mane|Protect|p1b: Flutter Mane\n|-singleturn|p1b: Flutter Mane|Protect\n|move|p1a: Ogerpon|Spiky Shield|p1a: Ogerpon\n|-singleturn|p1a: Ogerpon|move: Protect\n|move|p2b: Kermit the Dawg|Sucker Punch||[still]\n|-fail|p2b: Kermit the Dawg\n|move|p2a: Michael Phelps|Surf|p1a: Ogerpon|[spread] \n|-activate|p1a: Ogerpon|move: Protect\n|-activate|p1b: Flutter Mane|move: Protect\n|-immune|p2b: Kermit the Dawg|[from] ability: Dry Skin\n|\n|-weather|RainDance|[upkeep]\n|-sideend|p2: Elite.4.Challenger|move: Tailwind\n|upkeep\n|turn|11\n|\n|t:|1699950440\n|move|p2a: Michael Phelps|Surf|p1b: Flutter Mane|[spread] p1a,p1b\n|-immune|p2b: Kermit the Dawg|[from] ability: Dry Skin\n|-crit|p1a: Ogerpon\n|-damage|p1a: Ogerpon|0 fnt\n|-damage|p1b: Flutter Mane|0 fnt\n|faint|p1a: Ogerpon\n|faint|p1b: Flutter Mane\n|-end|p1b: Flutter Mane|Protosynthesis|[silent]\n|move|p2b: Kermit the Dawg|Poison Jab|p1: Ogerpon|[notarget]\n|-fail|p2b: Kermit the Dawg\n|\n|-weather|RainDance|[upkeep]\n|upkeep\n|l|\u2606mebin777\n|inactive|mebin777 disconnected and has a minute to reconnect!\n|player|p1|\n|inactive|mebin777 has 30 seconds to reconnect!\n|inactive|mebin777 has 20 seconds to reconnect!\n|inactive|mebin777 has 15 seconds to reconnect!\n|inactive|mebin777 has 10 seconds to reconnect!\n|inactive|mebin777 has 5 seconds to reconnect!\n|-message|mebin777 lost due to inactivity.\n|\n|win|Elite.4.Challenger\n|raw|mebin777's rating: 1454 &rarr; <strong>1433<\/strong><br \/>(-21 for losing)\n|raw|Elite.4.Challenger's rating: 1444 &rarr; <strong>1465<\/strong><br \/>(+21 for winning)\n","uploadtime":1699950797,"views":16,"p1id":"mebin777","p2id":"elite4challenger","formatid":"gen9doublesou","rating":1433,"private":0,"password":""}