{"id":"gen9doublesou-1985158541","p1":"UY QUE RICO PAPI","p2":"ipreferdoubles","format":"[Gen 9] Doubles OU","log":"|j|\u2606UY QUE RICO PAPI\n|j|\u2606ipreferdoubles\n|t:|1699340276\n|gametype|doubles\n|player|p1|UY QUE RICO PAPI|101|1338\n|player|p2|ipreferdoubles|medium|1251\n|teamsize|p1|6\n|teamsize|p2|6\n|gen|9\n|tier|[Gen 9] Doubles OU\n|rated|\n|rule|Species Clause: Limit one of each Pok\u00e9mon\n|rule|OHKO Clause: OHKO moves are banned\n|rule|Evasion Moves Clause: Evasion moves are banned\n|rule|Gravity Sleep Clause: The combination of sleep-inducing moves with imperfect accuracy and Gravity or Gigantamax Orbeetle are banned\n|rule|Endless Battle Clause: Forcing endless battles is banned\n|rule|HP Percentage Mod: HP is shown in percentages\n|clearpoke\n|poke|p1|Bronzong|\n|poke|p1|Weavile, M|\n|poke|p1|Hatterene, F|\n|poke|p1|Ursaluna, M|\n|poke|p1|Trevenant, F|\n|poke|p1|Orthworm, M|\n|poke|p2|Kommo-o, F|\n|poke|p2|Slither Wing|\n|poke|p2|Kingambit, F|\n|poke|p2|Ninetales, M|\n|poke|p2|Iron Moth|\n|poke|p2|Dragonite, M|\n|teampreview\n|inactive|Battle timer is ON: inactive players will automatically lose when time's up. (requested by UY QUE RICO PAPI)\n|\n|t:|1699340307\n|start\n|switch|p1a: Bronzong|Bronzong|100\/100\n|switch|p1b: Weavile|Weavile, M|100\/100\n|switch|p2a: Kommo-o|Kommo-o, F|100\/100\n|switch|p2b: Kingambit|Kingambit, F|100\/100\n|turn|1\n|inactive|ipreferdoubles has 120 seconds left.\n|\n|t:|1699340349\n|move|p2a: Kommo-o|Protect|p2a: Kommo-o\n|-singleturn|p2a: Kommo-o|Protect\n|move|p1b: Weavile|Fake Out|p2a: Kommo-o\n|-activate|p2a: Kommo-o|move: Protect\n|move|p2b: Kingambit|Sucker Punch||[still]\n|-fail|p2b: Kingambit\n|move|p1a: Bronzong|Trick Room|p1a: Bronzong\n|-fieldstart|move: Trick Room|[of] p1a: Bronzong\n|\n|upkeep\n|turn|2\n|inactive|ipreferdoubles has 120 seconds left.\n|\n|t:|1699340380\n|move|p1b: Weavile|Ice Shard|p2a: Kommo-o\n|-supereffective|p2a: Kommo-o\n|-damage|p2a: Kommo-o|72\/100\n|move|p1a: Bronzong|Stealth Rock|p2b: Kingambit\n|-sidestart|p2: ipreferdoubles|move: Stealth Rock\n|move|p2b: Kingambit|Iron Head|p1b: Weavile\n|-supereffective|p1b: Weavile\n|-enditem|p1b: Weavile|Focus Sash\n|-damage|p1b: Weavile|1\/100\n|-enditem|p2b: Kingambit|Assault Vest|[silent]|[from] ability: Pickpocket|[of] p2b: Kingambit\n|-item|p1b: Weavile|Assault Vest|[from] ability: Pickpocket|[of] p2b: Kingambit\n|move|p2a: Kommo-o|Clangorous Soul|p2a: Kommo-o\n|-boost|p2a: Kommo-o|atk|1\n|-boost|p2a: Kommo-o|def|1\n|-boost|p2a: Kommo-o|spa|1\n|-boost|p2a: Kommo-o|spd|1\n|-boost|p2a: Kommo-o|spe|1\n|-damage|p2a: Kommo-o|39\/100\n|\n|-heal|p2a: Kommo-o|45\/100|[from] item: Leftovers\n|upkeep\n|turn|3\n|inactive|ipreferdoubles has 120 seconds left.\n|\n|t:|1699340407\n|move|p2a: Kommo-o|Protect|p2a: Kommo-o\n|-singleturn|p2a: Kommo-o|Protect\n|move|p2b: Kingambit|Sucker Punch|p1b: Weavile\n|-resisted|p1b: Weavile\n|-damage|p1b: Weavile|0 fnt\n|faint|p1b: Weavile\n|move|p1a: Bronzong|Steel Beam|p2b: Kingambit\n|-resisted|p2b: Kingambit\n|-damage|p2b: Kingambit|74\/100\n|-damage|p1a: Bronzong|50\/100|[from] steelbeam\n|\n|-heal|p2a: Kommo-o|51\/100|[from] item: Leftovers\n|upkeep\n|inactive|UY QUE RICO PAPI has 120 seconds left.\n|\n|t:|1699340424\n|switch|p1b: Ursaluna|Ursaluna, M|100\/100\n|turn|4\n|inactive|ipreferdoubles has 120 seconds left.\n|\n|t:|1699340461\n|switch|p2a: Dragonite|Dragonite, M|100\/100\n|-damage|p2a: Dragonite|76\/100|[from] Stealth Rock\n|-terastallize|p1b: Ursaluna|Ground\n|-terastallize|p2b: Kingambit|Ghost\n|move|p1a: Bronzong|Steel Beam|p2a: Dragonite\n|-damage|p2a: Dragonite|20\/100\n|-damage|p1a: Bronzong|0 fnt|[from] steelbeam\n|faint|p1a: Bronzong\n|move|p1b: Ursaluna|Earthquake|p2b: Kingambit|[spread] p2b\n|-immune|p2a: Dragonite\n|-damage|p2b: Kingambit|27\/100\n|move|p2b: Kingambit|Kowtow Cleave|p1b: Ursaluna\n|-damage|p1b: Ursaluna|67\/100\n|\n|-status|p1b: Ursaluna|brn|[from] item: Flame Orb\n|upkeep\n|\n|t:|1699340479\n|switch|p1a: Orthworm|Orthworm, M|100\/100\n|turn|5\n|inactive|ipreferdoubles has 120 seconds left.\n|inactive|UY QUE RICO PAPI has 120 seconds left.\n|\n|t:|1699340531\n|move|p2a: Dragonite|Extreme Speed|p1b: Ursaluna\n|-damage|p1b: Ursaluna|37\/100 brn\n|-damage|p2a: Dragonite|11\/100|[from] item: Life Orb\n|move|p2b: Kingambit|Sucker Punch|p1b: Ursaluna\n|-damage|p1b: Ursaluna|8\/100 brn\n|move|p1b: Ursaluna|Earthquake|p2b: Kingambit|[spread] p2b\n|-immune|p1a: Orthworm|[from] ability: Earth Eater\n|-immune|p2a: Dragonite\n|-damage|p2b: Kingambit|0 fnt\n|faint|p2b: Kingambit\n|-end|p2b: Kingambit|fallenundefined|[silent]\n|move|p1a: Orthworm|Shed Tail|p1a: Orthworm\n|-start|p1a: Orthworm|Substitute|[from] move: Shed Tail\n|-damage|p1a: Orthworm|50\/100\n|-enditem|p1a: Orthworm|Sitrus Berry|[eat]\n|-heal|p1a: Orthworm|75\/100|[from] item: Sitrus Berry\n|inactive|UY QUE RICO PAPI has 90 seconds left.\n|\n|t:|1699340552\n|switch|p1a: Trevenant|Trevenant, F|100\/100|[from] Shed Tail\n|\n|-damage|p1b: Ursaluna|2\/100 brn|[from] brn\n|-fieldend|move: Trick Room\n|upkeep\n|inactive|ipreferdoubles has 90 seconds left.\n|\n|t:|1699340594\n|switch|p2b: Ninetales|Ninetales, M|100\/100\n|-damage|p2b: Ninetales|76\/100|[from] Stealth Rock\n|-weather|SunnyDay|[from] ability: Drought|[of] p2b: Ninetales\n|turn|6\n|inactive|ipreferdoubles has 90 seconds left.\n|\n|t:|1699340620\n|move|p1b: Ursaluna|Protect|p1b: Ursaluna\n|-singleturn|p1b: Ursaluna|Protect\n|move|p2a: Dragonite|Extreme Speed|p1b: Ursaluna\n|-activate|p1b: Ursaluna|move: Protect\n|move|p2b: Ninetales|Healing Wish|p2b: Ninetales\n|faint|p2b: Ninetales\n|move|p1a: Trevenant|Trick Room|p1a: Trevenant\n|-fieldstart|move: Trick Room|[of] p1a: Trevenant\n|\n|-weather|SunnyDay|[upkeep]\n|-damage|p1b: Ursaluna|0 fnt|[from] brn\n|faint|p1b: Ursaluna\n|upkeep\n|\n|t:|1699340635\n|switch|p1b: Hatterene|Hatterene, F|100\/100\n|switch|p2b: Kommo-o|Kommo-o, F|51\/100\n|-heal|p2b: Kommo-o|100\/100|[from] move: Healing Wish\n|-damage|p2b: Kommo-o|94\/100|[from] Stealth Rock\n|turn|7\n|inactive|UY QUE RICO PAPI has 120 seconds left.\n|inactive|ipreferdoubles has 90 seconds left.\n|\n|t:|1699340685\n|switch|p2b: Iron Moth|Iron Moth|100\/100\n|-damage|p2b: Iron Moth|76\/100|[from] Stealth Rock\n|-enditem|p2b: Iron Moth|Booster Energy\n|-activate|p2b: Iron Moth|ability: Quark Drive|[fromitem]\n|-start|p2b: Iron Moth|quarkdrivespa\n|move|p2a: Dragonite|Extreme Speed|p1b: Hatterene\n|-damage|p1b: Hatterene|56\/100\n|-damage|p2a: Dragonite|1\/100|[from] item: Life Orb\n|move|p1b: Hatterene|Dazzling Gleam|p2a: Dragonite|[spread] p2a,p2b\n|-supereffective|p2a: Dragonite\n|-resisted|p2b: Iron Moth\n|-damage|p2a: Dragonite|0 fnt\n|-damage|p2b: Iron Moth|67\/100\n|faint|p2a: Dragonite\n|move|p1a: Trevenant|Disable||[still]\n|-fail|p1a: Trevenant\n|\n|-weather|SunnyDay|[upkeep]\n|upkeep\n|inactive|ipreferdoubles has 60 seconds left.\n|\n|t:|1699340702\n|switch|p2a: Slither Wing|Slither Wing|100\/100\n|-damage|p2a: Slither Wing|88\/100|[from] Stealth Rock\n|-activate|p2a: Slither Wing|ability: Protosynthesis\n|-start|p2a: Slither Wing|protosynthesisatk\n|turn|8\n|\n|t:|1699340716\n|switch|p1b: Orthworm|Orthworm, M|75\/100\n|move|p2a: Slither Wing|First Impression|p1b: Orthworm\n|-resisted|p1b: Orthworm\n|-damage|p1b: Orthworm|51\/100\n|move|p1a: Trevenant|Destiny Bond|p1a: Trevenant\n|-singlemove|p1a: Trevenant|Destiny Bond\n|move|p2b: Iron Moth|Heat Wave|p1a: Trevenant|[spread] p1a,p1b\n|-supereffective|p1a: Trevenant\n|-end|p1a: Trevenant|Substitute\n|-supereffective|p1b: Orthworm\n|-damage|p1b: Orthworm|0 fnt\n|faint|p1b: Orthworm\n|\n|-weather|SunnyDay|[upkeep]\n|upkeep\n|\n|t:|1699340729\n|switch|p1b: Hatterene|Hatterene, F|56\/100\n|turn|9\n|\n|t:|1699340738\n|-end|p2a: Slither Wing|Protosynthesis|[silent]\n|switch|p2a: Kommo-o|Kommo-o, F|94\/100\n|-damage|p2a: Kommo-o|88\/100|[from] Stealth Rock\n|move|p1b: Hatterene|Dazzling Gleam|p2a: Kommo-o|[spread] p2a,p2b\n|-supereffective|p2a: Kommo-o\n|-resisted|p2b: Iron Moth\n|-damage|p2a: Kommo-o|0 fnt\n|-damage|p2b: Iron Moth|58\/100\n|faint|p2a: Kommo-o\n|move|p1a: Trevenant|Disable|p2b: Iron Moth\n|-start|p2b: Iron Moth|Disable|Heat Wave\n|cant|p2b: Iron Moth|Disable|Heat Wave\n|\n|-weather|SunnyDay|[upkeep]\n|upkeep\n|\n|t:|1699340750\n|switch|p2a: Slither Wing|Slither Wing|88\/100\n|-damage|p2a: Slither Wing|76\/100|[from] Stealth Rock\n|-activate|p2a: Slither Wing|ability: Protosynthesis\n|-start|p2a: Slither Wing|protosynthesisatk\n|turn|10\n|\n|t:|1699340758\n|move|p1a: Trevenant|Ally Switch|p1a: Trevenant\n|swap|p1a: Trevenant|1|[from] move: Ally Switch\n|move|p2a: Slither Wing|First Impression|p1b: Trevenant\n|-damage|p1b: Trevenant|28\/100\n|-enditem|p1b: Trevenant|Sitrus Berry|[eat]\n|-heal|p1b: Trevenant|53\/100|[from] item: Sitrus Berry\n|move|p1a: Hatterene|Psychic|p2b: Iron Moth\n|-supereffective|p2b: Iron Moth\n|-damage|p2b: Iron Moth|0 fnt\n|faint|p2b: Iron Moth\n|-end|p2b: Iron Moth|Quark Drive|[silent]\n|\n|-weather|SunnyDay|[upkeep]\n|-fieldend|move: Trick Room\n|-item|p1b: Trevenant|Sitrus Berry|[from] ability: Harvest\n|upkeep\n|turn|11\n|c|\u2606ipreferdoubles|gg\n|inactive|ipreferdoubles has 120 seconds left.\n|\n|t:|1699340782\n|move|p2a: Slither Wing|Acrobatics|p1a: Hatterene\n|-damage|p1a: Hatterene|23\/100\n|move|p1b: Trevenant|Destiny Bond|p1b: Trevenant\n|-singlemove|p1b: Trevenant|Destiny Bond\n|move|p1a: Hatterene|Psychic|p2a: Slither Wing\n|-supereffective|p2a: Slither Wing\n|-damage|p2a: Slither Wing|0 fnt\n|faint|p2a: Slither Wing\n|-end|p2a: Slither Wing|Protosynthesis|[silent]\n|\n|win|UY QUE RICO PAPI\n|raw|UY QUE RICO PAPI's rating: 1338 &rarr; <strong>1353<\/strong><br \/>(+15 for winning)\n|raw|ipreferdoubles's rating: 1251 &rarr; <strong>1232<\/strong><br \/>(-19 for losing)\n","uploadtime":1699340793,"views":18,"p1id":"uyquericopapi","p2id":"ipreferdoubles","formatid":"gen9doublesou","rating":1232,"private":0,"password":""}