{"id":"gen9doublesou-1986506421","p1":"Elite.4.Challenger","p2":"dweebballs99","format":"[Gen 9] Doubles OU","log":"|j|\u2606Elite.4.Challenger\n|j|\u2606dweebballs99\n|t:|1699486044\n|gametype|doubles\n|player|p1|Elite.4.Challenger|koga|1316\n|player|p2|dweebballs99|sabrina|1420\n|teamsize|p1|6\n|teamsize|p2|6\n|gen|9\n|tier|[Gen 9] Doubles OU\n|rated|\n|rule|Species Clause: Limit one of each Pok\u00e9mon\n|rule|OHKO Clause: OHKO moves are banned\n|rule|Evasion Moves Clause: Evasion moves are banned\n|rule|Gravity Sleep Clause: The combination of sleep-inducing moves with imperfect accuracy and Gravity or Gigantamax Orbeetle are banned\n|rule|Endless Battle Clause: Forcing endless battles is banned\n|rule|HP Percentage Mod: HP is shown in percentages\n|clearpoke\n|poke|p1|Zapdos|\n|poke|p1|Grimmsnarl, M|\n|poke|p1|Basculegion-F, F|\n|poke|p1|Goodra-Hisui, M|\n|poke|p1|Politoed, F|\n|poke|p1|Toxicroak, M|\n|poke|p2|Flutter Mane|\n|poke|p2|Kingambit, F|\n|poke|p2|Ogerpon-Hearthflame, F|\n|poke|p2|Gliscor, M|\n|poke|p2|Manaphy|\n|poke|p2|Dragonite, M|\n|teampreview\n|inactive|Battle timer is ON: inactive players will automatically lose when time's up. (requested by dweebballs99)\n|\n|t:|1699486062\n|start\n|switch|p1a: Gollum|Grimmsnarl, M|100\/100\n|switch|p1b: Zapdos|Zapdos|100\/100\n|switch|p2a: Gliscor|Gliscor, M|100\/100\n|switch|p2b: Ogerpon|Ogerpon-Hearthflame, F|100\/100\n|-ability|p2b: Ogerpon|Mold Breaker\n|turn|1\n|inactive|dweebballs99 has 120 seconds left.\n|\n|t:|1699486095\n|-terastallize|p2b: Ogerpon|Fire\n|detailschange|p2b: Ogerpon|Ogerpon-Hearthflame-Tera, F, tera:Fire\n|-ability|p2b: Ogerpon|Embody Aspect (Hearthflame)|boost\n|-boost|p2b: Ogerpon|atk|1\n|move|p1a: Gollum|Parting Shot|p2b: Ogerpon\n|-unboost|p2b: Ogerpon|atk|1\n|-unboost|p2b: Ogerpon|spa|1\n|\n|t:|1699486108\n|switch|p1a: Politoed|Politoed, F|100\/100|[from] Parting Shot\n|-weather|RainDance|[from] ability: Drizzle|[of] p1a: Politoed\n|move|p2b: Ogerpon|Ivy Cudgel|p1a: Politoed\n|-resisted|p1a: Politoed\n|-damage|p1a: Politoed|80\/100\n|-enditem|p1a: Politoed|Eject Button\n|\n|t:|1699486118\n|switch|p1a: Basculegion|Basculegion-F, F|100\/100\n|move|p1b: Zapdos|Hurricane|p2b: Ogerpon\n|-damage|p2b: Ogerpon|33\/100\n|-start|p2b: Ogerpon|confusion\n|move|p2a: Gliscor|Toxic|p1b: Zapdos\n|-status|p1b: Zapdos|tox\n|\n|-weather|RainDance|[upkeep]\n|-damage|p1b: Zapdos|94\/100 tox|[from] psn\n|-status|p2a: Gliscor|tox|[from] item: Toxic Orb\n|upkeep\n|turn|2\n|c|\u2606dweebballs99|ok\n|c|\u2606Elite.4.Challenger|lol\n|\n|t:|1699486138\n|switch|p1b: Toxicroak|Toxicroak, M|100\/100\n|move|p2a: Gliscor|Protect|p2a: Gliscor\n|-singleturn|p2a: Gliscor|Protect\n|move|p1a: Basculegion|Surf|p2b: Ogerpon|[spread] p2b\n|-activate|p2a: Gliscor|move: Protect\n|-immune|p1b: Toxicroak|[from] ability: Dry Skin\n|-supereffective|p2b: Ogerpon\n|-damage|p2b: Ogerpon|0 fnt\n|faint|p2b: Ogerpon\n|\n|-weather|RainDance|[upkeep]\n|upkeep\n|\n|t:|1699486145\n|switch|p2b: Manaphy|Manaphy|100\/100\n|turn|3\n|\n|t:|1699486162\n|move|p1b: Toxicroak|Fake Out|p2b: Manaphy\n|-damage|p2b: Manaphy|82\/100\n|-damage|p1b: Toxicroak|91\/100|[from] item: Life Orb\n|move|p1a: Basculegion|Surf|p2b: Manaphy|[spread] p2a,p2b\n|-heal|p1b: Toxicroak|100\/100|[from] ability: Dry Skin|[of] p1a: Basculegion\n|-supereffective|p2a: Gliscor\n|-resisted|p2b: Manaphy\n|-damage|p2a: Gliscor|0 fnt\n|-damage|p2b: Manaphy|46\/100\n|faint|p2a: Gliscor\n|cant|p2b: Manaphy|flinch\n|\n|-weather|RainDance|[upkeep]\n|-heal|p2b: Manaphy|52\/100|[from] item: Leftovers\n|upkeep\n|\n|t:|1699486171\n|switch|p2a: Kingambit|Kingambit, F|100\/100\n|turn|4\n|\n|t:|1699486201\n|move|p2a: Kingambit|Sucker Punch|p1a: Basculegion\n|-supereffective|p1a: Basculegion\n|-crit|p1a: Basculegion\n|-damage|p1a: Basculegion|0 fnt\n|faint|p1a: Basculegion\n|-damage|p2a: Kingambit|91\/100|[from] item: Life Orb\n|move|p2b: Manaphy|Tail Glow|p2b: Manaphy\n|-boost|p2b: Manaphy|spa|3\n|move|p1b: Toxicroak|Close Combat|p2a: Kingambit\n|-supereffective|p2a: Kingambit\n|-damage|p2a: Kingambit|0 fnt\n|-unboost|p1b: Toxicroak|def|1\n|-unboost|p1b: Toxicroak|spd|1\n|faint|p2a: Kingambit\n|-damage|p1b: Toxicroak|91\/100|[from] item: Life Orb\n|\n|-weather|RainDance|[upkeep]\n|-heal|p1b: Toxicroak|100\/100|[from] ability: Dry Skin\n|-heal|p2b: Manaphy|58\/100|[from] item: Leftovers\n|upkeep\n|\n|t:|1699486220\n|switch|p1a: Goodra|Goodra-Hisui, M|100\/100\n|switch|p2a: Flutter Mane|Flutter Mane|100\/100\n|-enditem|p2a: Flutter Mane|Booster Energy\n|-activate|p2a: Flutter Mane|ability: Protosynthesis|[fromitem]\n|-start|p2a: Flutter Mane|protosynthesisspe\n|turn|5\n|\n|t:|1699486238\n|move|p1b: Toxicroak|Sucker Punch|p2a: Flutter Mane\n|-damage|p2a: Flutter Mane|41\/100\n|-damage|p1b: Toxicroak|91\/100|[from] item: Life Orb\n|move|p2a: Flutter Mane|Moonblast|p1b: Toxicroak\n|-damage|p1b: Toxicroak|0 fnt\n|faint|p1b: Toxicroak\n|move|p2b: Manaphy|Heart Swap|p2a: Flutter Mane\n|-swapboost|p2b: Manaphy|p2a: Flutter Mane|[from] move: Heart Swap\n|move|p1a: Goodra|Flash Cannon|p2a: Flutter Mane\n|-supereffective|p2a: Flutter Mane\n|-crit|p2a: Flutter Mane\n|-damage|p2a: Flutter Mane|0 fnt\n|faint|p2a: Flutter Mane\n|-end|p2a: Flutter Mane|Protosynthesis|[silent]\n|\n|-weather|none\n|-heal|p2b: Manaphy|64\/100|[from] item: Leftovers\n|upkeep\n|\n|t:|1699486256\n|switch|p2a: Dragonite|Dragonite, M|100\/100\n|switch|p1b: Politoed|Politoed, F|80\/100\n|-weather|RainDance|[from] ability: Drizzle|[of] p1b: Politoed\n|turn|6\n|inactive|dweebballs99 has 120 seconds left.\n|\n|t:|1699486294\n|move|p2a: Dragonite|Extreme Speed|p1b: Politoed\n|-damage|p1b: Politoed|34\/100\n|move|p2b: Manaphy|Ice Beam|p1a: Goodra\n|-damage|p1a: Goodra|84\/100\n|move|p1b: Politoed|Icy Wind|p2b: Manaphy|[spread] p2a,p2b\n|-supereffective|p2a: Dragonite\n|-resisted|p2b: Manaphy\n|-damage|p2a: Dragonite|62\/100\n|-damage|p2b: Manaphy|59\/100\n|-unboost|p2a: Dragonite|spe|1\n|-unboost|p2b: Manaphy|spe|1\n|move|p1a: Goodra|Acid Spray|p2a: Dragonite\n|-crit|p2a: Dragonite\n|-damage|p2a: Dragonite|44\/100\n|-unboost|p2a: Dragonite|spd|2\n|\n|-weather|RainDance|[upkeep]\n|-heal|p2b: Manaphy|66\/100|[from] item: Leftovers\n|upkeep\n|turn|7\n|\n|t:|1699486319\n|move|p2a: Dragonite|Extreme Speed|p1b: Politoed\n|-crit|p1b: Politoed\n|-damage|p1b: Politoed|0 fnt\n|faint|p1b: Politoed\n|move|p2b: Manaphy|Tail Glow|p2b: Manaphy\n|-boost|p2b: Manaphy|spa|3\n|move|p1a: Goodra|Dragon Pulse|p2a: Dragonite\n|-supereffective|p2a: Dragonite\n|-damage|p2a: Dragonite|0 fnt\n|faint|p2a: Dragonite\n|\n|-weather|RainDance|[upkeep]\n|-heal|p2b: Manaphy|72\/100|[from] item: Leftovers\n|upkeep\n|inactive|Elite.4.Challenger has 120 seconds left.\n|\n|t:|1699486339\n|switch|p1b: Gollum|Grimmsnarl, M|100\/100\n|turn|8\n|\n|t:|1699486352\n|move|p1b: Gollum|Fake Out|p2b: Manaphy\n|-damage|p2b: Manaphy|57\/100\n|cant|p2b: Manaphy|flinch\n|move|p1a: Goodra|Acid Spray|p2b: Manaphy\n|-damage|p2b: Manaphy|46\/100\n|-unboost|p2b: Manaphy|spd|2\n|\n|-weather|RainDance|[upkeep]\n|-heal|p2b: Manaphy|52\/100|[from] item: Leftovers\n|upkeep\n|turn|9\n|\n|t:|1699486376\n|move|p2b: Manaphy|Scald|p1b: Gollum\n|-damage|p1b: Gollum|0 fnt\n|faint|p1b: Gollum\n|move|p1a: Goodra|Dragon Pulse|p2b: Manaphy\n|-damage|p2b: Manaphy|0 fnt\n|faint|p2b: Manaphy\n|\n|win|Elite.4.Challenger\n|raw|Elite.4.Challenger's rating: 1316 &rarr; <strong>1342<\/strong><br \/>(+26 for winning)\n|raw|dweebballs99's rating: 1420 &rarr; <strong>1394<\/strong><br \/>(-26 for losing)\n|l|\u2606dweebballs99\n","uploadtime":1699486891,"views":10,"p1id":"elite4challenger","p2id":"dweebballs99","formatid":"gen9doublesou","rating":1342,"private":0,"password":""}