{"id":"gen9doublesou-1978370070","p1":"user27323","p2":"Sahira Alhazred","format":"[Gen 9] Doubles OU","log":"|j|\u2606user27323\n|j|\u2606Sahira Alhazred\n|t:|1698530417\n|gametype|doubles\n|player|p1|user27323|caitlin|1511\n|player|p2|Sahira Alhazred|cynthia-masters|1594\n|teamsize|p1|6\n|teamsize|p2|6\n|gen|9\n|tier|[Gen 9] Doubles OU\n|rated|\n|rule|Species Clause: Limit one of each Pok\u00e9mon\n|rule|OHKO Clause: OHKO moves are banned\n|rule|Evasion Moves Clause: Evasion moves are banned\n|rule|Gravity Sleep Clause: The combination of sleep-inducing moves with imperfect accuracy and Gravity or Gigantamax Orbeetle are banned\n|rule|Endless Battle Clause: Forcing endless battles is banned\n|rule|HP Percentage Mod: HP is shown in percentages\n|clearpoke\n|poke|p1|Flutter Mane|\n|poke|p1|Sylveon, F|\n|poke|p1|Jirachi|\n|poke|p1|Volcanion|\n|poke|p1|Iron Bundle|\n|poke|p1|Dragonite, M|\n|poke|p2|Camerupt, M|\n|poke|p2|Oranguru, M|\n|poke|p2|Iron Hands|\n|poke|p2|Ursaluna, M|\n|poke|p2|Cresselia, F|\n|poke|p2|Torkoal, M|\n|teampreview\n|\n|t:|1698530426\n|start\n|switch|p1a: ariana's ender \u2661|Sylveon, F|100\/100\n|switch|p1b: barbie moviegoer|Dragonite, M|100\/100\n|switch|p2a: Yokozuna|Iron Hands|100\/100\n|switch|p2b: Sun Tsu|Oranguru, M|100\/100\n|turn|1\n|\n|t:|1698530439\n|-terastallize|p1a: ariana's ender \u2661|Fairy\n|move|p2a: Yokozuna|Fake Out|p1a: ariana's ender \u2661\n|-damage|p1a: ariana's ender \u2661|82\/100\n|move|p1b: barbie moviegoer|Extreme Speed|p2b: Sun Tsu\n|-damage|p2b: Sun Tsu|58\/100\n|-damage|p1b: barbie moviegoer|91\/100|[from] item: Life Orb\n|cant|p1a: ariana's ender \u2661|flinch\n|move|p2b: Sun Tsu|Trick Room|p2b: Sun Tsu\n|-fieldstart|move: Trick Room|[of] p2b: Sun Tsu\n|\n|upkeep\n|turn|2\n|\n|t:|1698530461\n|switch|p1a: kenergy|Volcanion|100\/100\n|move|p1b: barbie moviegoer|Extreme Speed|p2b: Sun Tsu\n|-damage|p2b: Sun Tsu|19\/100\n|-damage|p1b: barbie moviegoer|81\/100|[from] item: Life Orb\n|move|p2a: Yokozuna|Wild Charge|p1a: kenergy\n|-supereffective|p1a: kenergy\n|-damage|p1a: kenergy|0 fnt\n|faint|p1a: kenergy\n|-damage|p2a: Yokozuna|86\/100|[from] Recoil\n|move|p2b: Sun Tsu|Instruct|p2a: Yokozuna\n|-singleturn|p2a: Yokozuna|move: Instruct|[of] p2b: Sun Tsu\n|move|p2a: Yokozuna|Wild Charge|p1b: barbie moviegoer\n|-damage|p1b: barbie moviegoer|18\/100\n|-damage|p2a: Yokozuna|76\/100|[from] Recoil\n|\n|upkeep\n|\n|t:|1698530478\n|switch|p1a: ariana's ender \u2661|Sylveon, F, tera:Fairy|82\/100\n|turn|3\n|\n|t:|1698530489\n|move|p1b: barbie moviegoer|Extreme Speed|p2b: Sun Tsu\n|-damage|p2b: Sun Tsu|0 fnt\n|faint|p2b: Sun Tsu\n|-damage|p1b: barbie moviegoer|8\/100|[from] item: Life Orb\n|move|p2a: Yokozuna|Wild Charge|p1a: ariana's ender \u2661\n|-damage|p1a: ariana's ender \u2661|27\/100\n|-damage|p2a: Yokozuna|67\/100|[from] Recoil\n|move|p1a: ariana's ender \u2661|Hyper Voice|p2a: Yokozuna\n|-supereffective|p2a: Yokozuna\n|-damage|p2a: Yokozuna|0 fnt\n|faint|p2a: Yokozuna\n|-end|p2a: Yokozuna|Quark Drive|[silent]\n|\n|upkeep\n|\n|t:|1698530498\n|switch|p2a: Vulcan|Torkoal, M|100\/100\n|switch|p2b: Burkan|Camerupt, M, shiny|100\/100\n|-weather|SunnyDay|[from] ability: Drought|[of] p2a: Vulcan\n|turn|4\n|\n|t:|1698530506\n|-terastallize|p2b: Burkan|Fire\n|move|p1b: barbie moviegoer|Extreme Speed|p2b: Burkan\n|-damage|p2b: Burkan|47\/100\n|-damage|p1b: barbie moviegoer|0 fnt|[from] item: Life Orb\n|faint|p1b: barbie moviegoer\n|move|p2a: Vulcan|Eruption|p1a: ariana's ender \u2661\n|-damage|p1a: ariana's ender \u2661|0 fnt\n|faint|p1a: ariana's ender \u2661\n|move|p2b: Burkan|Eruption|p1: ariana's ender \u2661|[notarget]\n|-fail|p2b: Burkan\n|\n|-weather|SunnyDay|[upkeep]\n|upkeep\n|\n|t:|1698530520\n|switch|p1a: bella thorns x|Flutter Mane|100\/100\n|switch|p1b: Iron Bundle|Iron Bundle|100\/100\n|-activate|p1a: bella thorns x|ability: Protosynthesis\n|-start|p1a: bella thorns x|protosynthesisspa\n|turn|5\n|\n|t:|1698530531\n|move|p1a: bella thorns x|Protect|p1a: bella thorns x\n|-singleturn|p1a: bella thorns x|Protect\n|move|p2a: Vulcan|Eruption|p1b: Iron Bundle|[spread] p1b\n|-activate|p1a: bella thorns x|move: Protect\n|-enditem|p1b: Iron Bundle|Focus Sash\n|-damage|p1b: Iron Bundle|1\/100\n|move|p2b: Burkan|Eruption|p1a: bella thorns x|[spread] p1b\n|-activate|p1a: bella thorns x|move: Protect\n|-damage|p1b: Iron Bundle|0 fnt\n|faint|p1b: Iron Bundle\n|-end|p1b: Iron Bundle|Quark Drive|[silent]\n|\n|-weather|SunnyDay|[upkeep]\n|-fieldend|move: Trick Room\n|upkeep\n|\n|t:|1698530540\n|switch|p1b: shooting star \u2606|Jirachi|100\/100\n|turn|6\n|\n|t:|1698530547\n|move|p1b: shooting star \u2606|Zen Headbutt|p2a: Vulcan\n|-damage|p2a: Vulcan|73\/100\n|move|p1a: bella thorns x|Shadow Ball|p2b: Burkan\n|-damage|p2b: Burkan|0 fnt\n|faint|p2b: Burkan\n|move|p2a: Vulcan|Heat Wave|p1b: shooting star \u2606|[spread] p1a\n|-miss|p2a: Vulcan|p1b: shooting star \u2606\n|-damage|p1a: bella thorns x|46\/100\n|\n|-weather|SunnyDay|[upkeep]\n|upkeep\n|\n|t:|1698530552\n|switch|p2b: Cassiopeia|Cresselia, F|100\/100\n|turn|7\n|\n|t:|1698530565\n|move|p1b: shooting star \u2606|Zen Headbutt|p2b: Cassiopeia\n|-resisted|p2b: Cassiopeia\n|-damage|p2b: Cassiopeia|89\/100\n|move|p1a: bella thorns x|Shadow Ball|p2a: Vulcan\n|-damage|p2a: Vulcan|0 fnt\n|faint|p2a: Vulcan\n|move|p2b: Cassiopeia|Trick Room|p2b: Cassiopeia\n|-fieldstart|move: Trick Room|[of] p2b: Cassiopeia\n|\n|-weather|SunnyDay|[upkeep]\n|upkeep\n|\n|t:|1698530574\n|switch|p2a: Bjorn|Ursaluna, M|100\/100\n|turn|8\n|\n|t:|1698530580\n|move|p1a: bella thorns x|Protect|p1a: bella thorns x\n|-singleturn|p1a: bella thorns x|Protect\n|move|p2b: Cassiopeia|Ally Switch|p2b: Cassiopeia\n|swap|p2b: Cassiopeia|0|[from] move: Ally Switch\n|move|p2b: Bjorn|Earthquake|p1b: shooting star \u2606|[spread] p1b\n|-activate|p1a: bella thorns x|move: Protect\n|-immune|p2a: Cassiopeia|[from] ability: Levitate\n|-supereffective|p1b: shooting star \u2606\n|-damage|p1b: shooting star \u2606|8\/100\n|move|p1b: shooting star \u2606|Zen Headbutt|p2a: Cassiopeia\n|-resisted|p2a: Cassiopeia\n|-damage|p2a: Cassiopeia|76\/100\n|\n|-weather|none\n|-end|p1a: bella thorns x|Protosynthesis\n|-status|p2b: Bjorn|brn|[from] item: Flame Orb\n|upkeep\n|-enditem|p1a: bella thorns x|Booster Energy\n|-activate|p1a: bella thorns x|ability: Protosynthesis|[fromitem]\n|-start|p1a: bella thorns x|protosynthesisspa\n|turn|9\n|c|\u2606user27323|bjork yas\n|c|\u2606user27323|great music\n|\n|t:|1698530597\n|move|p2b: Bjorn|Earthquake|p1a: bella thorns x|[spread] p1a,p1b\n|-immune|p2a: Cassiopeia|[from] ability: Levitate\n|-supereffective|p1b: shooting star \u2606\n|-damage|p1a: bella thorns x|0 fnt\n|-damage|p1b: shooting star \u2606|0 fnt\n|faint|p1a: bella thorns x\n|-end|p1a: bella thorns x|Protosynthesis|[silent]\n|faint|p1b: shooting star \u2606\n|\n|win|Sahira Alhazred\n|raw|user27323's rating: 1511 &rarr; <strong>1496<\/strong><br \/>(-15 for losing)\n|raw|Sahira Alhazred's rating: 1594 &rarr; <strong>1609<\/strong><br \/>(+15 for winning)\n|l|\u2606user27323\n","uploadtime":1698530917,"views":28,"p1id":"user27323","p2id":"sahiraalhazred","formatid":"gen9doublesou","rating":1496,"private":0,"password":""}