{"id":"gen9doublesou-1998146968","p1":"SaiLikesPokemon","p2":"sprite_enjoyer_45","format":"[Gen 9] Doubles OU","log":"|j|\u2606SaiLikesPokemon\n|j|\u2606sprite_enjoyer_45\n|t:|1700900416\n|gametype|doubles\n|player|p1|SaiLikesPokemon|2|1077\n|player|p2|sprite_enjoyer_45|unknown|1103\n|teamsize|p1|6\n|teamsize|p2|6\n|gen|9\n|tier|[Gen 9] Doubles OU\n|rated|\n|rule|Species Clause: Limit one of each Pok\u00e9mon\n|rule|OHKO Clause: OHKO moves are banned\n|rule|Evasion Moves Clause: Evasion moves are banned\n|rule|Gravity Sleep Clause: The combination of sleep-inducing moves with imperfect accuracy and Gravity or Gigantamax Orbeetle are banned\n|rule|Endless Battle Clause: Forcing endless battles is banned\n|rule|HP Percentage Mod: HP is shown in percentages\n|clearpoke\n|poke|p1|Grimmsnarl, M|\n|poke|p1|Torkoal, M|\n|poke|p1|Meowscarada, M|\n|poke|p1|Samurott-Hisui, F|\n|poke|p1|Walking Wake|\n|poke|p1|Murkrow, M|\n|poke|p2|Skeledirge, M|\n|poke|p2|Torkoal, M|\n|poke|p2|Arcanine-Hisui, M|\n|poke|p2|Chi-Yu|\n|poke|p2|Ursaluna-Bloodmoon, M|\n|poke|p2|Gengar, F|\n|teampreview\n|\n|t:|1700900433\n|start\n|switch|p1a: Grimmsnarl|Grimmsnarl, M|100\/100\n|switch|p1b: Murkrow|Murkrow, M|100\/100\n|switch|p2a: Arcanine|Arcanine-Hisui, M|100\/100\n|switch|p2b: Gengar|Gengar, F, shiny|100\/100\n|-ability|p2a: Arcanine|Intimidate|boost\n|-unboost|p1a: Grimmsnarl|atk|1\n|-unboost|p1b: Murkrow|atk|1\n|turn|1\n|\n|t:|1700900451\n|move|p1a: Grimmsnarl|Fake Out|p2a: Arcanine\n|-resisted|p2a: Arcanine\n|-damage|p2a: Arcanine|97\/100\n|move|p1b: Murkrow|Taunt|p2b: Gengar\n|-start|p2b: Gengar|move: Taunt\n|cant|p2a: Arcanine|flinch\n|cant|p2b: Gengar|move: Taunt|Trick Room\n|\n|-heal|p2a: Arcanine|100\/100|[from] item: Leftovers\n|upkeep\n|turn|2\n|\n|t:|1700900479\n|switch|p2b: Skeledirge|Skeledirge, M|100\/100\n|move|p1b: Murkrow|Thunder Wave|p2a: Arcanine\n|-status|p2a: Arcanine|par\n|move|p1a: Grimmsnarl|Reflect|p1a: Grimmsnarl\n|-sidestart|p1: SaiLikesPokemon|Reflect\n|move|p2a: Arcanine|Rock Slide|p1a: Grimmsnarl|[spread] p1a,p1b\n|-supereffective|p1b: Murkrow\n|-damage|p1a: Grimmsnarl|81\/100\n|-damage|p1b: Murkrow|42\/100\n|\n|upkeep\n|turn|3\n|\n|t:|1700900500\n|move|p2a: Arcanine|Extreme Speed|p1b: Murkrow\n|-damage|p1b: Murkrow|13\/100\n|move|p1b: Murkrow|Tailwind|p1b: Murkrow\n|-sidestart|p1: SaiLikesPokemon|move: Tailwind\n|move|p1a: Grimmsnarl|Light Screen|p1a: Grimmsnarl\n|-sidestart|p1: SaiLikesPokemon|move: Light Screen\n|move|p2b: Skeledirge|Heat Wave|p1a: Grimmsnarl|[spread] p1a,p1b\n|-damage|p1a: Grimmsnarl|58\/100\n|-damage|p1b: Murkrow|0 fnt\n|faint|p1b: Murkrow\n|\n|upkeep\n|\n|t:|1700900534\n|switch|p1b: Samurott|Samurott-Hisui, F|100\/100\n|turn|4\n|\n|t:|1700900555\n|switch|p2a: Gengar|Gengar, F, shiny|100\/100\n|-terastallize|p2b: Skeledirge|Grass\n|move|p1a: Grimmsnarl|Parting Shot|p2b: Skeledirge\n|-unboost|p2b: Skeledirge|atk|1\n|-unboost|p2b: Skeledirge|spa|1\n|\n|t:|1700900574\n|switch|p1a: Torkoal|Torkoal, M|100\/100|[from] Parting Shot\n|-weather|SunnyDay|[from] ability: Drought|[of] p1a: Torkoal\n|move|p1b: Samurott|Ceaseless Edge|p2b: Skeledirge\n|-damage|p2b: Skeledirge|69\/100\n|-sidestart|p2: sprite_enjoyer_45|Spikes\n|move|p2b: Skeledirge|Torch Song|p1a: Torkoal\n|-resisted|p1a: Torkoal\n|-damage|p1a: Torkoal|86\/100\n|-boost|p2b: Skeledirge|spa|1\n|\n|-weather|SunnyDay|[upkeep]\n|upkeep\n|turn|5\n|\n|t:|1700900594\n|switch|p2b: Torkoal|Torkoal, M|100\/100\n|-damage|p2b: Torkoal|88\/100|[from] Spikes\n|move|p1b: Samurott|Ceaseless Edge|p2a: Gengar\n|-supereffective|p2a: Gengar\n|-enditem|p2a: Gengar|Focus Sash\n|-damage|p2a: Gengar|1\/100\n|-sidestart|p2: sprite_enjoyer_45|Spikes\n|move|p1a: Torkoal|Lava Plume|p2b: Torkoal|[spread] p1b,p2a,p2b\n|-resisted|p1b: Samurott\n|-resisted|p2b: Torkoal\n|-damage|p1b: Samurott|85\/100\n|-damage|p2a: Gengar|0 fnt\n|-damage|p2b: Torkoal|61\/100\n|-status|p1b: Samurott|brn\n|-start|p1a: Torkoal|Disable|Lava Plume|[from] ability: Cursed Body|[of] p2a: Gengar\n|faint|p2a: Gengar\n|\n|-weather|SunnyDay|[upkeep]\n|-damage|p1b: Samurott|79\/100 brn|[from] brn\n|upkeep\n|\n|t:|1700900616\n|switch|p2a: Ursaluna|Ursaluna-Bloodmoon, M|100\/100\n|-damage|p2a: Ursaluna|84\/100|[from] Spikes\n|turn|6\n|\n|t:|1700900630\n|move|p1b: Samurott|Ceaseless Edge|p2b: Torkoal|[miss]\n|-miss|p1b: Samurott|p2b: Torkoal\n|move|p2a: Ursaluna|Moonblast|p1b: Samurott\n|-supereffective|p1b: Samurott\n|-damage|p1b: Samurott|0 fnt\n|faint|p1b: Samurott\n|-damage|p2a: Ursaluna|74\/100|[from] item: Life Orb\n|move|p1a: Torkoal|Earth Power|p2b: Torkoal\n|-supereffective|p2b: Torkoal\n|-damage|p2b: Torkoal|0 fnt\n|faint|p2b: Torkoal\n|\n|-weather|SunnyDay|[upkeep]\n|-sideend|p1: SaiLikesPokemon|move: Tailwind\n|upkeep\n|\n|t:|1700900649\n|switch|p1b: Grimmsnarl|Grimmsnarl, M|58\/100\n|switch|p2b: Arcanine|Arcanine-Hisui, M|100\/100 par\n|-damage|p2b: Arcanine|84\/100 par|[from] Spikes\n|-ability|p2b: Arcanine|Intimidate|boost\n|-unboost|p1a: Torkoal|atk|1\n|-unboost|p1b: Grimmsnarl|atk|1\n|turn|7\n|\n|t:|1700900670\n|move|p1b: Grimmsnarl|Fake Out|p2a: Ursaluna\n|-damage|p2a: Ursaluna|70\/100\n|move|p2b: Arcanine|Rock Slide|p1b: Grimmsnarl|[spread] p1a,p1b\n|-supereffective|p1a: Torkoal\n|-damage|p1a: Torkoal|59\/100\n|-damage|p1b: Grimmsnarl|40\/100\n|cant|p2a: Ursaluna|flinch\n|move|p1a: Torkoal|Earth Power|p2b: Arcanine\n|-supereffective|p2b: Arcanine\n|-damage|p2b: Arcanine|0 fnt\n|faint|p2b: Arcanine\n|\n|-weather|SunnyDay|[upkeep]\n|upkeep\n|\n|t:|1700900691\n|switch|p2b: Skeledirge|Skeledirge, M, tera:Grass|69\/100\n|-damage|p2b: Skeledirge|53\/100|[from] Spikes\n|turn|8\n|\n|t:|1700900711\n|move|p1b: Grimmsnarl|Parting Shot|p2b: Skeledirge\n|-unboost|p2b: Skeledirge|atk|1\n|-unboost|p2b: Skeledirge|spa|1\n|\n|t:|1700900716\n|switch|p1b: Walking Wake|Walking Wake|100\/100|[from] Parting Shot\n|-activate|p1b: Walking Wake|ability: Protosynthesis\n|-start|p1b: Walking Wake|protosynthesisspa\n|move|p2b: Skeledirge|Earth Power|p1a: Torkoal\n|-supereffective|p1a: Torkoal\n|-damage|p1a: Torkoal|27\/100\n|move|p2a: Ursaluna|Moonblast|p1b: Walking Wake\n|-supereffective|p1b: Walking Wake\n|-damage|p1b: Walking Wake|31\/100\n|-damage|p2a: Ursaluna|60\/100|[from] item: Life Orb\n|move|p1a: Torkoal|Earth Power|p2a: Ursaluna\n|-damage|p2a: Ursaluna|29\/100\n|\n|-weather|none\n|-end|p1b: Walking Wake|Protosynthesis\n|-end|p1a: Torkoal|Disable\n|upkeep\n|-enditem|p1b: Walking Wake|Booster Energy\n|-activate|p1b: Walking Wake|ability: Protosynthesis|[fromitem]\n|-start|p1b: Walking Wake|protosynthesisspa\n|turn|9\n|\n|t:|1700900755\n|move|p2a: Ursaluna|Protect|p2a: Ursaluna\n|-singleturn|p2a: Ursaluna|Protect\n|move|p1b: Walking Wake|Hydro Steam|p2a: Ursaluna\n|-activate|p2a: Ursaluna|move: Protect\n|move|p2b: Skeledirge|Earth Power|p1a: Torkoal\n|-supereffective|p1a: Torkoal\n|-damage|p1a: Torkoal|0 fnt\n|faint|p1a: Torkoal\n|\n|-sideend|p1: SaiLikesPokemon|Reflect\n|upkeep\n|\n|t:|1700900762\n|switch|p1a: Grimmsnarl|Grimmsnarl, M|40\/100\n|turn|10\n|\n|t:|1700900797\n|move|p1a: Grimmsnarl|Fake Out|p2b: Skeledirge\n|-damage|p2b: Skeledirge|44\/100\n|move|p1b: Walking Wake|Hydro Steam|p2a: Ursaluna\n|-supereffective|p2a: Ursaluna\n|-damage|p2a: Ursaluna|0 fnt\n|faint|p2a: Ursaluna\n|cant|p2b: Skeledirge|flinch\n|\n|-sideend|p1: SaiLikesPokemon|move: Light Screen\n|upkeep\n|\n|t:|1700900816\n|switch|p2a: Chi-Yu|Chi-Yu|100\/100\n|-damage|p2a: Chi-Yu|84\/100|[from] Spikes\n|-ability|p2a: Chi-Yu|Beads of Ruin\n|turn|11\n|\n|t:|1700900841\n|-terastallize|p1b: Walking Wake|Water\n|move|p2a: Chi-Yu|Protect|p2a: Chi-Yu\n|-singleturn|p2a: Chi-Yu|Protect\n|move|p1a: Grimmsnarl|Light Screen|p1a: Grimmsnarl\n|-sidestart|p1: SaiLikesPokemon|move: Light Screen\n|move|p1b: Walking Wake|Hydro Steam|p2a: Chi-Yu\n|-activate|p2a: Chi-Yu|move: Protect\n|move|p2b: Skeledirge|Heat Wave|p1a: Grimmsnarl|[spread] p1a,p1b\n|-resisted|p1b: Walking Wake\n|-damage|p1a: Grimmsnarl|20\/100\n|-damage|p1b: Walking Wake|18\/100\n|\n|upkeep\n|turn|12\n|\n|t:|1700900865\n|move|p2a: Chi-Yu|Protect||[still]\n|-fail|p2a: Chi-Yu\n|move|p1a: Grimmsnarl|Parting Shot|p2b: Skeledirge\n|-unboost|p2b: Skeledirge|atk|1\n|-unboost|p2b: Skeledirge|spa|1\n|\n|t:|1700900871\n|switch|p1a: Meowscarada|Meowscarada, M, shiny|100\/100|[from] Parting Shot\n|move|p1b: Walking Wake|Hydro Steam|p2a: Chi-Yu\n|-supereffective|p2a: Chi-Yu\n|-damage|p2a: Chi-Yu|0 fnt\n|faint|p2a: Chi-Yu\n|move|p2b: Skeledirge|Heat Wave|p1b: Walking Wake|[spread] p1a\n|-miss|p2b: Skeledirge|p1b: Walking Wake\n|-supereffective|p1a: Meowscarada\n|-damage|p1a: Meowscarada|64\/100\n|\n|upkeep\n|turn|13\n|-message|sprite_enjoyer_45 forfeited.\n|\n|win|SaiLikesPokemon\n|raw|SaiLikesPokemon's rating: 1077 &rarr; <strong>1108<\/strong><br \/>(+31 for winning)\n|raw|sprite_enjoyer_45's rating: 1103 &rarr; <strong>1076<\/strong><br \/>(-27 for losing)\n|l|\u2606sprite_enjoyer_45\n","uploadtime":1700900889,"views":4,"p1id":"sailikespokemon","p2id":"spriteenjoyer45","formatid":"gen9doublesou","rating":1076,"private":0,"password":""}