{"id":"gen9doublesou-1989944877","p1":"Kssc","p2":"Elite.4.Challenger","format":"[Gen 9] Doubles OU","log":"|j|\u2606Kssc\n|j|\u2606Elite.4.Challenger\n|t:|1699908964\n|gametype|doubles\n|player|p1|Kssc|265|1380\n|player|p2|Elite.4.Challenger|koga|1401\n|teamsize|p1|6\n|teamsize|p2|6\n|gen|9\n|tier|[Gen 9] Doubles OU\n|rated|\n|rule|Species Clause: Limit one of each Pok\u00e9mon\n|rule|OHKO Clause: OHKO moves are banned\n|rule|Evasion Moves Clause: Evasion moves are banned\n|rule|Gravity Sleep Clause: The combination of sleep-inducing moves with imperfect accuracy and Gravity or Gigantamax Orbeetle are banned\n|rule|Endless Battle Clause: Forcing endless battles is banned\n|rule|HP Percentage Mod: HP is shown in percentages\n|clearpoke\n|poke|p1|Kommo-o, F|\n|poke|p1|Flamigo, M|\n|poke|p1|Sinistcha-Masterpiece|\n|poke|p1|Grimmsnarl, M|\n|poke|p1|Gyarados, F|\n|poke|p1|Cresselia, F|\n|poke|p2|Zapdos|\n|poke|p2|Grimmsnarl, M|\n|poke|p2|Basculegion-F, F|\n|poke|p2|Goodra-Hisui, M|\n|poke|p2|Politoed, F|\n|poke|p2|Toxicroak, F|\n|teampreview\n|inactive|Battle timer is ON: inactive players will automatically lose when time's up. (requested by Kssc)\n|\n|t:|1699908985\n|start\n|switch|p1a: Gyarados|Gyarados, F|100\/100\n|switch|p1b: Grimmsnarl|Grimmsnarl, M|100\/100\n|switch|p2a: Michael Phelps|Basculegion-F, F|100\/100\n|switch|p2b: Kermit the Frog|Politoed, F|100\/100\n|-ability|p1a: Gyarados|Intimidate|boost\n|-unboost|p2a: Michael Phelps|atk|1\n|-unboost|p2b: Kermit the Frog|atk|1\n|-weather|RainDance|[from] ability: Drizzle|[of] p2b: Kermit the Frog\n|turn|1\n|\n|t:|1699909004\n|move|p2b: Kermit the Frog|Helping Hand|p2a: Michael Phelps\n|-singleturn|p2a: Michael Phelps|Helping Hand|[of] p2b: Kermit the Frog\n|move|p1b: Grimmsnarl|Thunder Wave|p2a: Michael Phelps|[miss]\n|-miss|p1b: Grimmsnarl|p2a: Michael Phelps\n|move|p2a: Michael Phelps|Ice Beam|p1a: Gyarados\n|-damage|p1a: Gyarados|36\/100\n|move|p1a: Gyarados|Waterfall|p2a: Michael Phelps\n|-resisted|p2a: Michael Phelps\n|-damage|p2a: Michael Phelps|60\/100\n|\n|-weather|RainDance|[upkeep]\n|upkeep\n|turn|2\n|\n|t:|1699909026\n|switch|p2a: James Murray|Goodra-Hisui, M|100\/100\n|switch|p1a: Cresselia|Cresselia, F|100\/100\n|move|p1b: Grimmsnarl|Parting Shot|p2a: James Murray\n|-unboost|p2a: James Murray|atk|1\n|-unboost|p2a: James Murray|spa|1\n|\n|t:|1699909035\n|switch|p1b: Gyarados|Gyarados, F|36\/100|[from] Parting Shot\n|-ability|p1b: Gyarados|Intimidate|boost\n|-unboost|p2a: James Murray|atk|1\n|-unboost|p2b: Kermit the Frog|atk|1\n|move|p2b: Kermit the Frog|Icy Wind|p1b: Gyarados|[spread] p1a,p1b\n|-damage|p1a: Cresselia|96\/100\n|-damage|p1b: Gyarados|27\/100\n|-unboost|p1a: Cresselia|spe|1\n|-unboost|p1b: Gyarados|spe|1\n|\n|-weather|RainDance|[upkeep]\n|-heal|p1a: Cresselia|100\/100|[from] item: Leftovers\n|upkeep\n|turn|3\n|\n|t:|1699909060\n|move|p2b: Kermit the Frog|Icy Wind|p1a: Cresselia|[spread] p1a,p1b\n|-damage|p1a: Cresselia|96\/100\n|-damage|p1b: Gyarados|17\/100\n|-unboost|p1a: Cresselia|spe|1\n|-unboost|p1b: Gyarados|spe|1\n|-enditem|p1b: Gyarados|Aguav Berry|[eat]\n|-heal|p1b: Gyarados|50\/100|[from] item: Aguav Berry\n|move|p2a: James Murray|Acid Spray|p1b: Gyarados\n|-crit|p1b: Gyarados\n|-damage|p1b: Gyarados|32\/100\n|-unboost|p1b: Gyarados|spd|2\n|move|p1b: Gyarados|Earthquake|p2a: James Murray|[spread] p2a,p2b\n|-immune|p1a: Cresselia|[from] ability: Levitate\n|-supereffective|p2a: James Murray\n|-damage|p2a: James Murray|52\/100\n|-damage|p2b: Kermit the Frog|73\/100\n|-enditem|p2b: Kermit the Frog|Eject Button\n|inactive|Elite.4.Challenger has 120 seconds left.\n|\n|t:|1699909078\n|switch|p2b: Michael Phelps|Basculegion-F, F|60\/100\n|move|p1a: Cresselia|Lunar Blessing|p1a: Cresselia|[spread] p1a,p1b\n|-heal|p1a: Cresselia|100\/100\n|-heal|p1b: Gyarados|57\/100\n|\n|-weather|RainDance|[upkeep]\n|upkeep\n|turn|4\n|\n|t:|1699909092\n|move|p1a: Cresselia|Ally Switch|p1a: Cresselia\n|swap|p1a: Cresselia|1|[from] move: Ally Switch\n|move|p2b: Michael Phelps|Surf|p1b: Cresselia|[spread] p2a,p1a,p1b\n|-resisted|p2a: James Murray\n|-resisted|p1a: Gyarados\n|-damage|p2a: James Murray|32\/100\n|-damage|p1a: Gyarados|0 fnt\n|-damage|p1b: Cresselia|64\/100\n|faint|p1a: Gyarados\n|move|p2a: James Murray|Life Dew|p2a: James Murray|[spread] p2a,p2b\n|-heal|p2a: James Murray|57\/100\n|-heal|p2b: Michael Phelps|86\/100\n|\n|-weather|RainDance|[upkeep]\n|-heal|p1b: Cresselia|70\/100|[from] item: Leftovers\n|upkeep\n|\n|t:|1699909109\n|switch|p1a: Grimmsnarl|Grimmsnarl, M|100\/100\n|turn|5\n|\n|t:|1699909122\n|switch|p2b: Big Bird|Zapdos|100\/100\n|move|p1a: Grimmsnarl|Trick|p2b: Big Bird\n|-activate|p1a: Grimmsnarl|move: Trick|[of] p2b: Big Bird\n|-item|p2b: Big Bird|Lagging Tail|[from] move: Trick\n|-item|p1a: Grimmsnarl|Focus Sash|[from] move: Trick\n|move|p2a: James Murray|Flash Cannon|p1a: Grimmsnarl\n|-supereffective|p1a: Grimmsnarl\n|-damage|p1a: Grimmsnarl|67\/100\n|move|p1b: Cresselia|Psychic|p2b: Big Bird\n|-damage|p2b: Big Bird|70\/100\n|\n|-weather|none\n|-heal|p1b: Cresselia|76\/100|[from] item: Leftovers\n|upkeep\n|turn|6\n|\n|t:|1699909149\n|move|p1a: Grimmsnarl|Parting Shot|p2b: Big Bird\n|-unboost|p2b: Big Bird|atk|1\n|-unboost|p2b: Big Bird|spa|1\n|\n|t:|1699909155\n|switch|p1a: Kommo-o|Kommo-o, F|100\/100|[from] Parting Shot\n|move|p2a: James Murray|Flash Cannon|p1a: Kommo-o\n|-damage|p1a: Kommo-o|75\/100\n|-unboost|p1a: Kommo-o|spd|1\n|move|p1b: Cresselia|Psychic|p2b: Big Bird\n|-damage|p2b: Big Bird|40\/100\n|move|p2b: Big Bird|Tailwind|p2b: Big Bird\n|-sidestart|p2: Elite.4.Challenger|move: Tailwind\n|\n|-heal|p1b: Cresselia|82\/100|[from] item: Leftovers\n|upkeep\n|turn|7\n|\n|t:|1699909179\n|switch|p2a: Kermit the Frog|Politoed, F|73\/100\n|-weather|RainDance|[from] ability: Drizzle|[of] p2a: Kermit the Frog\n|switch|p1b: Grimmsnarl|Grimmsnarl, M|67\/100\n|move|p1a: Kommo-o|Protect|p1a: Kommo-o\n|-singleturn|p1a: Kommo-o|Protect\n|move|p2b: Big Bird|Thunder|p1b: Grimmsnarl\n|-damage|p1b: Grimmsnarl|34\/100\n|\n|-weather|RainDance|[upkeep]\n|upkeep\n|turn|8\n|inactive|Elite.4.Challenger has 120 seconds left.\n|\n|t:|1699909217\n|switch|p1a: Sinistcha|Sinistcha-Masterpiece|100\/100\n|-heal|p1b: Grimmsnarl|59\/100|[from] ability: Hospitality|[of] p1a: Sinistcha\n|move|p1b: Grimmsnarl|Thunder Wave|p2a: Kermit the Frog\n|-status|p2a: Kermit the Frog|par\n|move|p2a: Kermit the Frog|Icy Wind|p1b: Grimmsnarl|[spread] p1a,p1b\n|-supereffective|p1a: Sinistcha\n|-damage|p1a: Sinistcha|81\/100\n|-damage|p1b: Grimmsnarl|53\/100\n|-unboost|p1a: Sinistcha|spe|1\n|-unboost|p1b: Grimmsnarl|spe|1\n|move|p2b: Big Bird|Hurricane|p1a: Sinistcha\n|-supereffective|p1a: Sinistcha\n|-damage|p1a: Sinistcha|0 fnt\n|faint|p1a: Sinistcha\n|\n|-weather|RainDance|[upkeep]\n|upkeep\n|\n|t:|1699909235\n|switch|p1a: Kommo-o|Kommo-o, F|75\/100\n|turn|9\n|\n|t:|1699909254\n|move|p1b: Grimmsnarl|Parting Shot|p2a: Kermit the Frog\n|-unboost|p2a: Kermit the Frog|atk|1\n|-unboost|p2a: Kermit the Frog|spa|1\n|\n|t:|1699909257\n|switch|p1b: Cresselia|Cresselia, F|82\/100|[from] Parting Shot\n|move|p1a: Kommo-o|Clangorous Soul|p1a: Kommo-o\n|-boost|p1a: Kommo-o|atk|1\n|-boost|p1a: Kommo-o|def|1\n|-boost|p1a: Kommo-o|spa|1\n|-boost|p1a: Kommo-o|spd|1\n|-boost|p1a: Kommo-o|spe|1\n|-damage|p1a: Kommo-o|42\/100\n|-enditem|p1a: Kommo-o|Throat Spray\n|-boost|p1a: Kommo-o|spa|1|[from] item: Throat Spray\n|move|p2a: Kermit the Frog|Icy Wind|p1b: Cresselia|[spread] p1a,p1b\n|-supereffective|p1a: Kommo-o\n|-damage|p1a: Kommo-o|33\/100\n|-damage|p1b: Cresselia|79\/100\n|-unboost|p1a: Kommo-o|spe|1\n|-unboost|p1b: Cresselia|spe|1\n|move|p2b: Big Bird|Hurricane|p1a: Kommo-o\n|-supereffective|p1a: Kommo-o\n|-damage|p1a: Kommo-o|0 fnt\n|faint|p1a: Kommo-o\n|\n|-weather|RainDance|[upkeep]\n|-heal|p1b: Cresselia|85\/100|[from] item: Leftovers\n|-sideend|p2: Elite.4.Challenger|move: Tailwind\n|upkeep\n|-message|Kssc forfeited.\n|\n|win|Elite.4.Challenger\n|raw|Kssc's rating: 1380 &rarr; <strong>1361<\/strong><br \/>(-19 for losing)\n|raw|Elite.4.Challenger's rating: 1401 &rarr; <strong>1420<\/strong><br \/>(+19 for winning)\n|l|\u2606Kssc\n","uploadtime":1699909282,"views":7,"p1id":"kssc","p2id":"elite4challenger","formatid":"gen9doublesou","rating":1361,"private":0,"password":""}