{"id":"gen9doublesou-1975417342","p1":"Thehombre","p2":"Nemasilla","format":"[Gen 9] Doubles OU","log":"|j|\u2606Thehombre\n|j|\u2606Nemasilla\n|t:|1698189049\n|gametype|doubles\n|player|p1|Thehombre|266|1036\n|player|p2|Nemasilla|guzma|1065\n|teamsize|p1|6\n|teamsize|p2|6\n|gen|9\n|tier|[Gen 9] Doubles OU\n|rated|\n|rule|Species Clause: Limit one of each Pok\u00e9mon\n|rule|OHKO Clause: OHKO moves are banned\n|rule|Evasion Moves Clause: Evasion moves are banned\n|rule|Gravity Sleep Clause: The combination of sleep-inducing moves with imperfect accuracy and Gravity or Gigantamax Orbeetle are banned\n|rule|Endless Battle Clause: Forcing endless battles is banned\n|rule|HP Percentage Mod: HP is shown in percentages\n|clearpoke\n|poke|p1|Overqwil, F|\n|poke|p1|Jirachi|\n|poke|p1|Umbreon, F|\n|poke|p1|Tsareena, F|\n|poke|p1|Vaporeon, F|\n|poke|p1|Articuno|\n|poke|p2|Volcarona, F|\n|poke|p2|Gyarados, M|\n|poke|p2|Iron Bundle|\n|poke|p2|Sinistcha|\n|poke|p2|Ninetales-Alola, F|\n|poke|p2|Iron Hands|\n|teampreview\n|inactive|Battle timer is ON: inactive players will automatically lose when time's up. (requested by Nemasilla)\n|inactive|Nemasilla has 120 seconds left.\n|\n|t:|1698189081\n|start\n|switch|p1a: Umbreon|Umbreon, F|100\/100\n|switch|p1b: Tsareena|Tsareena, F|100\/100\n|switch|p2a: Iron Hands|Iron Hands|100\/100\n|switch|p2b: Ninetales|Ninetales-Alola, F, shiny|100\/100\n|-weather|Snow|[from] ability: Snow Warning|[of] p2b: Ninetales\n|turn|1\n|\n|t:|1698189091\n|move|p2b: Ninetales|Blizzard|p1b: Tsareena|[spread] p1a,p1b\n|-supereffective|p1b: Tsareena\n|-damage|p1a: Umbreon|67\/100\n|-damage|p1b: Tsareena|25\/100\n|-status|p1a: Umbreon|frz\n|move|p1b: Tsareena|Light Screen|p1b: Tsareena\n|-sidestart|p1: Thehombre|move: Light Screen\n|-curestatus|p1a: Umbreon|frz|[msg]\n|move|p1a: Umbreon|Curse|p1a: Umbreon\n|-unboost|p1a: Umbreon|spe|1\n|-boost|p1a: Umbreon|atk|1\n|-boost|p1a: Umbreon|def|1\n|move|p2a: Iron Hands|Drain Punch|p1a: Umbreon\n|-supereffective|p1a: Umbreon\n|-damage|p1a: Umbreon|14\/100\n|\n|-weather|Snow|[upkeep]\n|-heal|p1a: Umbreon|20\/100|[from] item: Leftovers\n|upkeep\n|turn|2\n|\n|t:|1698189120\n|-end|p2a: Iron Hands|Quark Drive|[silent]\n|switch|p2a: Volcarona|Volcarona, F, shiny|100\/100\n|switch|p1a: Vaporeon|Vaporeon, F|100\/100\n|move|p2b: Ninetales|Blizzard|p1b: Tsareena|[spread] p1a,p1b\n|-resisted|p1a: Vaporeon\n|-supereffective|p1b: Tsareena\n|-damage|p1a: Vaporeon|86\/100\n|-damage|p1b: Tsareena|0 fnt\n|faint|p1b: Tsareena\n|\n|-weather|Snow|[upkeep]\n|-heal|p1a: Vaporeon|93\/100|[from] item: Leftovers\n|upkeep\n|\n|t:|1698189126\n|switch|p1b: Overqwil|Overqwil, F|100\/100\n|turn|3\n|\n|t:|1698189132\n|move|p2a: Volcarona|Protect|p2a: Volcarona\n|-singleturn|p2a: Volcarona|Protect\n|move|p2b: Ninetales|Blizzard|p1a: Vaporeon|[spread] p1a,p1b\n|-resisted|p1a: Vaporeon\n|-damage|p1a: Vaporeon|78\/100\n|-damage|p1b: Overqwil|45\/100\n|move|p1b: Overqwil|Acupressure|p1a: Vaporeon\n|-boost|p1a: Vaporeon|def|2\n|move|p1a: Vaporeon|Calm Mind|p1a: Vaporeon\n|-boost|p1a: Vaporeon|spa|1\n|-boost|p1a: Vaporeon|spd|1\n|\n|-weather|Snow|[upkeep]\n|-heal|p1a: Vaporeon|84\/100|[from] item: Leftovers\n|upkeep\n|turn|4\n|\n|t:|1698189144\n|-terastallize|p2a: Volcarona|Dragon\n|move|p2b: Ninetales|Blizzard|p1b: Overqwil|[spread] p1a,p1b\n|-resisted|p1a: Vaporeon\n|-damage|p1a: Vaporeon|76\/100\n|-damage|p1b: Overqwil|0 fnt\n|faint|p1b: Overqwil\n|move|p2a: Volcarona|Quiver Dance|p2a: Volcarona\n|-boost|p2a: Volcarona|spa|1\n|-boost|p2a: Volcarona|spd|1\n|-boost|p2a: Volcarona|spe|1\n|move|p1a: Vaporeon|Calm Mind|p1a: Vaporeon\n|-boost|p1a: Vaporeon|spa|1\n|-boost|p1a: Vaporeon|spd|1\n|\n|-weather|Snow|[upkeep]\n|-heal|p1a: Vaporeon|82\/100|[from] item: Leftovers\n|upkeep\n|\n|t:|1698189151\n|switch|p1b: Jirachi|Jirachi|100\/100\n|turn|5\n|\n|t:|1698189166\n|switch|p2b: Iron Hands|Iron Hands|100\/100\n|move|p2a: Volcarona|Heat Wave|p1b: Jirachi|[spread] p1b\n|-miss|p2a: Volcarona|p1a: Vaporeon\n|-supereffective|p1b: Jirachi\n|-damage|p1b: Jirachi|33\/100\n|move|p1b: Jirachi|Calm Mind|p1b: Jirachi\n|-boost|p1b: Jirachi|spa|1\n|-boost|p1b: Jirachi|spd|1\n|move|p1a: Vaporeon|Stored Power|p2a: Volcarona\n|-damage|p2a: Volcarona|46\/100\n|\n|-weather|none\n|-heal|p2a: Volcarona|52\/100|[from] item: Leftovers\n|-heal|p1b: Jirachi|39\/100|[from] item: Leftovers\n|-heal|p1a: Vaporeon|88\/100|[from] item: Leftovers\n|upkeep\n|turn|6\n|\n|t:|1698189182\n|move|p2b: Iron Hands|Fake Out|p1a: Vaporeon\n|-damage|p1a: Vaporeon|78\/100\n|move|p2a: Volcarona|Heat Wave|p1b: Jirachi|[spread] p1a,p1b\n|-resisted|p1a: Vaporeon\n|-supereffective|p1b: Jirachi\n|-damage|p1a: Vaporeon|72\/100\n|-damage|p1b: Jirachi|0 fnt\n|faint|p1b: Jirachi\n|cant|p1a: Vaporeon|flinch\n|\n|-heal|p2a: Volcarona|58\/100|[from] item: Leftovers\n|-heal|p1a: Vaporeon|78\/100|[from] item: Leftovers\n|upkeep\n|\n|t:|1698189188\n|switch|p1b: Articuno|Articuno|100\/100\n|-ability|p1b: Articuno|Pressure\n|turn|7\n|\n|t:|1698189200\n|move|p2a: Volcarona|Heat Wave|p1b: Articuno|[spread] p1a\n|-miss|p2a: Volcarona|p1b: Articuno\n|-resisted|p1a: Vaporeon\n|-damage|p1a: Vaporeon|71\/100\n|move|p1b: Articuno|Tailwind|p1b: Articuno\n|-sidestart|p1: Thehombre|move: Tailwind\n|move|p1a: Vaporeon|Stored Power|p2b: Iron Hands\n|-supereffective|p2b: Iron Hands\n|-damage|p2b: Iron Hands|0 fnt\n|faint|p2b: Iron Hands\n|-end|p2b: Iron Hands|Quark Drive|[silent]\n|\n|-heal|p2a: Volcarona|64\/100|[from] item: Leftovers\n|-heal|p1a: Vaporeon|77\/100|[from] item: Leftovers\n|upkeep\n|\n|t:|1698189226\n|switch|p2b: Iron Bundle|Iron Bundle|100\/100\n|-enditem|p2b: Iron Bundle|Booster Energy\n|-activate|p2b: Iron Bundle|ability: Quark Drive|[fromitem]\n|-start|p2b: Iron Bundle|quarkdrivespe\n|turn|8\n|\n|t:|1698189236\n|move|p1b: Articuno|Ice Beam|p2a: Volcarona\n|-supereffective|p2a: Volcarona\n|-damage|p2a: Volcarona|24\/100\n|move|p2b: Iron Bundle|Icy Wind|p1b: Articuno|[spread] p1a,p1b\n|-resisted|p1a: Vaporeon\n|-damage|p1a: Vaporeon|75\/100\n|-damage|p1b: Articuno|90\/100\n|-unboost|p1a: Vaporeon|spe|1\n|move|p2a: Volcarona|Struggle Bug|p1b: Articuno|[spread] p1a,p1b\n|-resisted|p1b: Articuno\n|-damage|p1a: Vaporeon|67\/100\n|-damage|p1b: Articuno|81\/100\n|-unboost|p1a: Vaporeon|spa|1\n|move|p1a: Vaporeon|Stored Power|p2a: Volcarona\n|-damage|p2a: Volcarona|0 fnt\n|faint|p2a: Volcarona\n|\n|-heal|p1a: Vaporeon|73\/100|[from] item: Leftovers\n|-sideend|p1: Thehombre|move: Light Screen\n|upkeep\n|\n|t:|1698189250\n|switch|p2a: Gyarados|Gyarados, M, shiny|100\/100\n|-ability|p2a: Gyarados|Intimidate|boost\n|-unboost|p1a: Vaporeon|atk|1\n|-unboost|p1b: Articuno|atk|1\n|turn|9\n|\n|t:|1698189267\n|move|p1b: Articuno|Freeze-Dry|p2a: Gyarados\n|-supereffective|p2a: Gyarados\n|-crit|p2a: Gyarados\n|-damage|p2a: Gyarados|0 fnt\n|faint|p2a: Gyarados\n|move|p2b: Iron Bundle|Icy Wind|p1a: Vaporeon|[spread] p1a,p1b\n|-resisted|p1a: Vaporeon\n|-damage|p1a: Vaporeon|69\/100\n|-damage|p1b: Articuno|65\/100\n|-unboost|p1a: Vaporeon|spe|1\n|move|p1a: Vaporeon|Stored Power|p2b: Iron Bundle\n|-damage|p2b: Iron Bundle|19\/100\n|\n|-heal|p1a: Vaporeon|75\/100|[from] item: Leftovers\n|upkeep\n|-message|Nemasilla forfeited.\n|\n|win|Thehombre\n|raw|Thehombre's rating: 1036 &rarr; <strong>1073<\/strong><br \/>(+37 for winning)\n|raw|Nemasilla's rating: 1065 &rarr; <strong>1044<\/strong><br \/>(-21 for losing)\n|l|\u2606Nemasilla\n","uploadtime":1698189283,"views":6,"p1id":"thehombre","p2id":"nemasilla","formatid":"gen9doublesou","rating":1044,"private":0,"password":""}