{"id":"gen9doublesou-1999047526","p1":"Blonking","p2":"zacianboi101","format":"[Gen 9] Doubles OU","log":"|j|\u2606Blonking\n|j|\u2606zacianboi101\n|inactive|Battle timer is ON: inactive players will automatically lose when time's up.\n|t:|1701027517\n|gametype|doubles\n|player|p1|Blonking|2|\n|player|p2|zacianboi101|101|\n|teamsize|p1|2\n|teamsize|p2|2\n|gen|9\n|tier|[Gen 9] Doubles OU\n|rated|Tournament battle\n|rule|Species Clause: Limit one of each Pok\u00e9mon\n|rule|OHKO Clause: OHKO moves are banned\n|rule|Evasion Moves Clause: Evasion moves are banned\n|rule|Gravity Sleep Clause: The combination of sleep-inducing moves with imperfect accuracy and Gravity or Gigantamax Orbeetle are banned\n|rule|Endless Battle Clause: Forcing endless battles is banned\n|rule|HP Percentage Mod: HP is shown in percentages\n|clearpoke\n|poke|p1|Sylveon, M|\n|poke|p1|Amoonguss, F|\n|poke|p2|Slowbro-Galar, M|\n|poke|p2|Lucario, F|\n|teampreview\n|j|*Lady Monita \u2746\n|inactive|Blonking also wants the timer to be on.\n|c|\u2606zacianboi101|lol\n|c|\u2606zacianboi101|i forot that i was in the finas\n|c|\u2606Blonking|Amogus\n|\n|t:|1701027532\n|start\n|switch|p1a: Amoonguss|Amoonguss, F|100\/100\n|switch|p1b: Sylveon|Sylveon, M|100\/100\n|switch|p2a: Slowbro|Slowbro-Galar, M|100\/100\n|switch|p2b: Lucario|Lucario, F|100\/100\n|turn|1\n|\n|t:|1701027549\n|move|p1a: Amoonguss|Rage Powder|p1a: Amoonguss\n|-singleturn|p1a: Amoonguss|move: Rage Powder\n|move|p2b: Lucario|Nasty Plot|p2b: Lucario\n|-boost|p2b: Lucario|spa|2\n|move|p1b: Sylveon|Yawn|p2b: Lucario\n|-start|p2b: Lucario|move: Yawn|[of] p1b: Sylveon\n|move|p2a: Slowbro|Psychic|p1a: Amoonguss\n|-supereffective|p1a: Amoonguss\n|-damage|p1a: Amoonguss|49\/100\n|-enditem|p1a: Amoonguss|Sitrus Berry|[eat]\n|-heal|p1a: Amoonguss|73\/100|[from] item: Sitrus Berry\n|\n|upkeep\n|turn|2\n|c|\u2606Blonking|Oh shoot this is the finals?\n|j| munchkinp\n|c|\u2606Blonking|And I\u2019m using this team?\n|\n|t:|1701027568\n|move|p1b: Sylveon|Protect|p1b: Sylveon\n|-singleturn|p1b: Sylveon|Protect\n|move|p1a: Amoonguss|Protect|p1a: Amoonguss\n|-singleturn|p1a: Amoonguss|Protect\n|move|p2b: Lucario|Flash Cannon|p1b: Sylveon\n|-activate|p1b: Sylveon|move: Protect\n|move|p2a: Slowbro|Psychic|p1a: Amoonguss\n|-activate|p1a: Amoonguss|move: Protect\n|\n|-end|p2b: Lucario|move: Yawn|[silent]\n|-status|p2b: Lucario|slp\n|upkeep\n|turn|3\n|c|\u2606zacianboi101|LOL\n|inactive|Blonking has 120 seconds left.\n|c|\u2606Blonking|It\u2019s a gimmick at best\n|c|\u2606zacianboi101|it kinda sucks tbh\n|c|\u2606zacianboi101|you win though\n|\n|t:|1701027615\n|-terastallize|p1b: Sylveon|Ground\n|move|p1b: Sylveon|Protect||[still]\n|-fail|p1b: Sylveon\n|cant|p2b: Lucario|slp\n|move|p1a: Amoonguss|Spore|p2a: Slowbro\n|-status|p2a: Slowbro|slp|[from] move: Spore\n|cant|p2a: Slowbro|slp\n|\n|upkeep\n|turn|4\n|c|\u2606Blonking|misclick\n|c|\u2606zacianboi101|wtf\n|inactive|Blonking has 120 seconds left.\n|c|\u2606zacianboi101|no sleep cause\n|c|\u2606zacianboi101|*clause\n|c| munchkinp|its doubles\n|c|\u2606Blonking|in doubles, no\n|inactive|zacianboi101 has 120 seconds left.\n|\n|t:|1701027651\n|-terastallize|p2b: Lucario|Fighting\n|move|p1a: Amoonguss|Rage Powder|p1a: Amoonguss\n|-singleturn|p1a: Amoonguss|move: Rage Powder\n|-curestatus|p2b: Lucario|slp|[msg]\n|move|p2b: Lucario|Aura Sphere|p1a: Amoonguss\n|-resisted|p1a: Amoonguss\n|-damage|p1a: Amoonguss|40\/100\n|move|p1b: Sylveon|Tera Blast|p2b: Lucario|[anim] Tera Blast Ground\n|-damage|p2b: Lucario|34\/100\n|-curestatus|p2a: Slowbro|slp|[msg]\n|move|p2a: Slowbro|Shell Side Arm|p1a: Amoonguss|[anim] Shell Side Arm Physical\n|-damage|p1a: Amoonguss|11\/100\n|-hint|Physical Shell Side Arm\n|\n|upkeep\n|turn|5\n|inactive|Blonking has 120 seconds left.\n|inactive|zacianboi101 has 120 seconds left.\n|c|\u2606Blonking|that was unfortunate\n|\n|t:|1701027681\n|move|p1a: Amoonguss|Rage Powder|p1a: Amoonguss\n|-singleturn|p1a: Amoonguss|move: Rage Powder\n|move|p2b: Lucario|Aura Sphere|p1a: Amoonguss\n|-resisted|p1a: Amoonguss\n|-damage|p1a: Amoonguss|0 fnt\n|faint|p1a: Amoonguss\n|move|p1b: Sylveon|Hyper Voice|p2b: Lucario|[spread] p2a,p2b\n|-resisted|p2a: Slowbro\n|-supereffective|p2b: Lucario\n|-damage|p2a: Slowbro|77\/100\n|-damage|p2b: Lucario|0 fnt\n|faint|p2b: Lucario\n|move|p2a: Slowbro|Psychic|p1b: Sylveon\n|-damage|p1b: Sylveon|73\/100\n|\n|-heal|p1b: Sylveon|79\/100|[from] item: Leftovers\n|upkeep\n|turn|6\n|c|\u2606Blonking|still, gg\n|\n|t:|1701027696\n|move|p1b: Sylveon|Yawn|p2a: Slowbro\n|-start|p2a: Slowbro|move: Yawn|[of] p1b: Sylveon\n|move|p2a: Slowbro|Shell Side Arm|p1b: Sylveon|[anim] Shell Side Arm Physical\n|-resisted|p1b: Sylveon\n|-damage|p1b: Sylveon|62\/100\n|-hint|Physical Shell Side Arm\n|-status|p1b: Sylveon|psn\n|\n|-heal|p1b: Sylveon|68\/100 psn|[from] item: Leftovers\n|-damage|p1b: Sylveon|55\/100 psn|[from] psn\n|upkeep\n|turn|7\n|c|\u2606zacianboi101|maybe\n|c|\u2606Blonking|PSN might be annoying\n|\n|t:|1701027707\n|move|p1b: Sylveon|Protect|p1b: Sylveon\n|-singleturn|p1b: Sylveon|Protect\n|move|p2a: Slowbro|Psychic|p1b: Sylveon\n|-activate|p1b: Sylveon|move: Protect\n|\n|-heal|p1b: Sylveon|61\/100 psn|[from] item: Leftovers\n|-damage|p1b: Sylveon|49\/100 psn|[from] psn\n|-end|p2a: Slowbro|move: Yawn|[silent]\n|-status|p2a: Slowbro|slp\n|upkeep\n|turn|8\n|\n|t:|1701027713\n|move|p1b: Sylveon|Tera Blast|p2a: Slowbro|[anim] Tera Blast Ground\n|-supereffective|p2a: Slowbro\n|-damage|p2a: Slowbro|0 fnt\n|faint|p2a: Slowbro\n|\n|win|Blonking\n|n|\u2606Blonking|blonking\n|n|\u2606zacianboi101|zacianboi101\n|n|*Lady Monita \u2746|ladymonita\n|n| munchkinp|munchkinp\n","uploadtime":1701027715,"views":6,"p1id":"blonking","p2id":"zacianboi101","formatid":"gen9doublesou","rating":0,"private":0,"password":""}