{"id":"gen9doublesou-1996775004","p1":"LordSandaime","p2":"z693611670","format":"[Gen 9] Doubles OU","log":"|j|\u2606LordSandaime\n|j|\u2606z693611670\n|t:|1700723194\n|gametype|doubles\n|player|p1|LordSandaime|alder|1584\n|player|p2|z693611670|emmet|1520\n|teamsize|p1|6\n|teamsize|p2|6\n|gen|9\n|tier|[Gen 9] Doubles OU\n|rated|\n|rule|Species Clause: Limit one of each Pok\u00e9mon\n|rule|OHKO Clause: OHKO moves are banned\n|rule|Evasion Moves Clause: Evasion moves are banned\n|rule|Gravity Sleep Clause: The combination of sleep-inducing moves with imperfect accuracy and Gravity or Gigantamax Orbeetle are banned\n|rule|Endless Battle Clause: Forcing endless battles is banned\n|rule|HP Percentage Mod: HP is shown in percentages\n|clearpoke\n|poke|p1|Kommo-o, M|\n|poke|p1|Iron Moth|\n|poke|p1|Rillaboom, M|\n|poke|p1|Farigiraf, M|\n|poke|p1|Gholdengo|\n|poke|p1|Grimmsnarl, M|\n|poke|p2|Muk-Alola, M|\n|poke|p2|Scovillain, F|\n|poke|p2|Chansey, F|\n|poke|p2|Grimmsnarl, M|\n|poke|p2|Sinistcha-Masterpiece|\n|poke|p2|Toxapex, F|\n|teampreview\n|inactive|Battle timer is ON: inactive players will automatically lose when time's up. (requested by LordSandaime)\n|inactive|LordSandaime has 120 seconds left.\n|\n|t:|1700723226\n|start\n|switch|p1a: Iron Moth|Iron Moth|100\/100\n|switch|p1b: Grimmsnarl|Grimmsnarl, M|100\/100\n|switch|p2a: xinq|Grimmsnarl, M|100\/100\n|switch|p2b: xiao8|Toxapex, F|100\/100\n|-enditem|p1a: Iron Moth|Booster Energy\n|-activate|p1a: Iron Moth|ability: Quark Drive|[fromitem]\n|-start|p1a: Iron Moth|quarkdrivespe\n|turn|1\n|\n|t:|1700723244\n|switch|p1b: Farigiraf|Farigiraf, M|100\/100\n|move|p2a: xinq|Fake Out||[still]\n|cant|p1b: Farigiraf|ability: Armor Tail|Fake Out|[of] p2a: xinq\n|move|p1a: Iron Moth|Psychic|p2b: xiao8\n|-supereffective|p2b: xiao8\n|-damage|p2b: xiao8|60\/100\n|move|p2b: xiao8|Toxic|p1b: Farigiraf\n|-status|p1b: Farigiraf|tox\n|\n|-damage|p1b: Farigiraf|94\/100 tox|[from] psn\n|upkeep\n|turn|2\n|\n|t:|1700723268\n|move|p2a: xinq|Light Screen|p2a: xinq\n|-sidestart|p2: z693611670|move: Light Screen\n|move|p1a: Iron Moth|Psychic|p2b: xiao8\n|-supereffective|p2b: xiao8\n|-damage|p2b: xiao8|34\/100\n|move|p1b: Farigiraf|Psychic|p2b: xiao8\n|-supereffective|p2b: xiao8\n|-damage|p2b: xiao8|0 fnt\n|faint|p2b: xiao8\n|\n|-damage|p1b: Farigiraf|82\/100 tox|[from] psn\n|upkeep\n|inactive|z693611670 has 120 seconds left.\n|\n|t:|1700723288\n|switch|p2b: Ame|Muk-Alola, M|100\/100\n|turn|3\n|\n|t:|1700723303\n|switch|p2a: Y'|Scovillain, F|100\/100\n|move|p1a: Iron Moth|Fiery Dance|p2a: Y'\n|-damage|p2a: Y'|60\/100\n|move|p1b: Farigiraf|Dazzling Gleam|p2b: Ame|[spread] p2a,p2b\n|-resisted|p2a: Y'\n|-damage|p2a: Y'|50\/100\n|-damage|p2b: Ame|90\/100\n|move|p2b: Ame|Substitute|p2b: Ame\n|-start|p2b: Ame|Substitute\n|-damage|p2b: Ame|65\/100\n|\n|-heal|p2b: Ame|71\/100|[from] item: Leftovers\n|-damage|p1b: Farigiraf|64\/100 tox|[from] psn\n|-ability|p2a: Y'|Moody|boost\n|-boost|p2a: Y'|def|2\n|-unboost|p2a: Y'|spa|1\n|upkeep\n|turn|4\n|\n|t:|1700723316\n|move|p2b: Ame|Protect|p2b: Ame\n|-singleturn|p2b: Ame|Protect\n|move|p1a: Iron Moth|Fiery Dance|p2a: Y'\n|-damage|p2a: Y'|10\/100\n|-boost|p1a: Iron Moth|spa|1\n|move|p2a: Y'|Leech Seed|p1a: Iron Moth\n|-start|p1a: Iron Moth|move: Leech Seed\n|move|p1b: Farigiraf|Dazzling Gleam|p2b: Ame|[spread] p2a\n|-activate|p2b: Ame|move: Protect\n|-resisted|p2a: Y'\n|-damage|p2a: Y'|1\/100\n|\n|-heal|p2b: Ame|77\/100|[from] item: Leftovers\n|-damage|p1a: Iron Moth|88\/100|[from] Leech Seed|[of] p2a: Y'\n|-heal|p2a: Y'|12\/100|[silent]\n|-damage|p1b: Farigiraf|40\/100 tox|[from] psn\n|-ability|p2a: Y'|Moody|boost\n|-boost|p2a: Y'|spa|2\n|-unboost|p2a: Y'|spd|1\n|upkeep\n|turn|5\n|\n|t:|1700723341\n|move|p1a: Iron Moth|Fiery Dance|p2a: Y'\n|-crit|p2a: Y'\n|-damage|p2a: Y'|0 fnt\n|faint|p2a: Y'\n|-ability|p2b: Ame|Moody|[from] ability: Power of Alchemy|[of] p2a: Y'\n|move|p1b: Farigiraf|Dazzling Gleam|p2b: Ame\n|-activate|p2b: Ame|move: Substitute|[damage]\n|move|p2b: Ame|Acid Armor|p2b: Ame\n|-boost|p2b: Ame|def|2\n|\n|-heal|p2b: Ame|83\/100|[from] item: Leftovers\n|-damage|p1b: Farigiraf|9\/100 tox|[from] psn\n|-ability|p2b: Ame|Moody|boost\n|-boost|p2b: Ame|atk|2\n|-unboost|p2b: Ame|spd|1\n|upkeep\n|-enditem|p1b: Farigiraf|Aguav Berry|[eat]\n|-heal|p1b: Farigiraf|43\/100 tox|[from] item: Aguav Berry\n|inactive|z693611670 has 120 seconds left.\n|\n|t:|1700723357\n|switch|p2a: faith_bian|Chansey, F|100\/100\n|turn|6\n|\n|t:|1700723367\n|switch|p1b: Gholdengo|Gholdengo|100\/100\n|move|p1a: Iron Moth|Fiery Dance|p2b: Ame\n|-end|p2b: Ame|Substitute\n|move|p2b: Ame|Knock Off|p1a: Iron Moth\n|-damage|p1a: Iron Moth|19\/100\n|move|p2a: faith_bian|Seismic Toss|p1a: Iron Moth\n|-damage|p1a: Iron Moth|0 fnt\n|faint|p1a: Iron Moth\n|-end|p1a: Iron Moth|Quark Drive|[silent]\n|\n|-heal|p2b: Ame|89\/100|[from] item: Leftovers\n|-ability|p2b: Ame|Moody|boost\n|-boost|p2b: Ame|spa|2\n|-unboost|p2b: Ame|atk|1\n|upkeep\n|\n|t:|1700723386\n|switch|p1a: Kommo-o|Kommo-o, M|100\/100\n|turn|7\n|\n|t:|1700723405\n|move|p1b: Gholdengo|Trick|p2b: Ame\n|-activate|p1b: Gholdengo|move: Trick|[of] p2b: Ame\n|-item|p2b: Ame|Choice Scarf|[from] move: Trick\n|-item|p1b: Gholdengo|Leftovers|[from] move: Trick\n|move|p1a: Kommo-o|Clangorous Soul|p1a: Kommo-o\n|-boost|p1a: Kommo-o|atk|1\n|-boost|p1a: Kommo-o|def|1\n|-boost|p1a: Kommo-o|spa|1\n|-boost|p1a: Kommo-o|spd|1\n|-boost|p1a: Kommo-o|spe|1\n|-damage|p1a: Kommo-o|68\/100\n|move|p2b: Ame|Knock Off|p1b: Gholdengo\n|-supereffective|p1b: Gholdengo\n|-damage|p1b: Gholdengo|0 fnt\n|-enditem|p1b: Gholdengo|Leftovers|[from] move: Knock Off|[of] p2b: Ame\n|faint|p1b: Gholdengo\n|move|p2a: faith_bian|Life Dew||[still]|[spread] p2a,p2b\n|-fail|p2a: faith_bian|heal\n|-heal|p2b: Ame|100\/100\n|\n|-heal|p1a: Kommo-o|74\/100|[from] item: Leftovers\n|-ability|p2b: Ame|Moody|boost\n|-boost|p2b: Ame|atk|2\n|-unboost|p2b: Ame|spd|1\n|upkeep\n|\n|t:|1700723418\n|switch|p1b: Rillaboom|Rillaboom, M, shiny|100\/100\n|-fieldstart|move: Grassy Terrain|[from] ability: Grassy Surge|[of] p1b: Rillaboom\n|turn|8\n|\n|t:|1700723445\n|-terastallize|p2b: Ame|Ghost\n|move|p1b: Rillaboom|Fake Out|p2b: Ame\n|-immune|p2b: Ame\n|move|p1a: Kommo-o|Clangorous Soul|p1a: Kommo-o\n|-boost|p1a: Kommo-o|atk|1\n|-boost|p1a: Kommo-o|def|1\n|-boost|p1a: Kommo-o|spa|1\n|-boost|p1a: Kommo-o|spd|1\n|-boost|p1a: Kommo-o|spe|1\n|-damage|p1a: Kommo-o|41\/100\n|move|p2b: Ame|Knock Off|p1a: Kommo-o\n|-resisted|p1a: Kommo-o\n|-damage|p1a: Kommo-o|20\/100\n|-enditem|p1a: Kommo-o|Leftovers|[from] move: Knock Off|[of] p2b: Ame\n|move|p2a: faith_bian|Life Dew||[still]|[still]|[spread] \n|-fail|p2a: faith_bian|heal\n|-fail|p2b: Ame|heal\n|\n|-heal|p1a: Kommo-o|26\/100|[from] Grassy Terrain\n|-ability|p2b: Ame|Moody|boost\n|-boost|p2b: Ame|spd|2\n|-unboost|p2b: Ame|atk|1\n|upkeep\n|turn|9\n|\n|t:|1700723468\n|move|p1a: Kommo-o|Drain Punch|p2a: faith_bian\n|-supereffective|p2a: faith_bian\n|-damage|p2a: faith_bian|22\/100\n|-heal|p1a: Kommo-o|100\/100|[from] drain|[of] p2a: faith_bian\n|move|p1b: Rillaboom|Knock Off|p2b: Ame\n|-supereffective|p2b: Ame\n|-damage|p2b: Ame|74\/100\n|-enditem|p2b: Ame|Choice Scarf|[from] move: Knock Off|[of] p1b: Rillaboom\n|move|p2b: Ame|Knock Off|p1b: Rillaboom\n|-damage|p1b: Rillaboom|22\/100\n|-enditem|p1b: Rillaboom|Assault Vest|[from] move: Knock Off|[of] p2b: Ame\n|move|p2a: faith_bian|Seismic Toss|p1a: Kommo-o\n|-damage|p1a: Kommo-o|66\/100\n|\n|-heal|p1a: Kommo-o|72\/100|[from] Grassy Terrain\n|-heal|p1b: Rillaboom|28\/100|[from] Grassy Terrain\n|-heal|p2a: faith_bian|28\/100|[from] Grassy Terrain\n|-heal|p2b: Ame|80\/100|[from] Grassy Terrain\n|-sideend|p2: z693611670|move: Light Screen\n|-ability|p2b: Ame|Moody|boost\n|-boost|p2b: Ame|spa|2\n|-unboost|p2b: Ame|def|1\n|upkeep\n|turn|10\n|inactive|z693611670 has 120 seconds left.\n|\n|t:|1700723507\n|switch|p2a: nothingtosay|Sinistcha-Masterpiece|100\/100\n|-heal|p2b: Ame|100\/100|[from] ability: Hospitality|[of] p2a: nothingtosay\n|move|p1a: Kommo-o|Clanging Scales|p2b: Ame|[spread] p2a,p2b\n|-damage|p2a: nothingtosay|21\/100\n|-damage|p2b: Ame|45\/100\n|-unboost|p1a: Kommo-o|def|1\n|move|p1b: Rillaboom|Wood Hammer|p2b: Ame\n|-damage|p2b: Ame|2\/100\n|-damage|p1b: Rillaboom|11\/100|[from] Recoil\n|move|p2b: Ame|Acid Armor|p2b: Ame\n|-boost|p2b: Ame|def|2\n|\n|-heal|p1a: Kommo-o|79\/100|[from] Grassy Terrain\n|-heal|p1b: Rillaboom|17\/100|[from] Grassy Terrain\n|-heal|p2a: nothingtosay|27\/100|[from] Grassy Terrain\n|-heal|p2a: nothingtosay|33\/100|[from] item: Leftovers\n|-heal|p2b: Ame|8\/100|[from] Grassy Terrain\n|-ability|p2b: Ame|Moody|boost\n|-boost|p2b: Ame|spd|2\n|-unboost|p2b: Ame|spa|1\n|upkeep\n|turn|11\n|inactive|z693611670 has 120 seconds left.\n|\n|t:|1700723538\n|switch|p2a: xinq|Grimmsnarl, M|100\/100\n|move|p2b: Ame|Protect|p2b: Ame\n|-singleturn|p2b: Ame|Protect\n|move|p1b: Rillaboom|Grassy Glide|p2b: Ame\n|-activate|p2b: Ame|move: Protect\n|move|p1a: Kommo-o|Flamethrower|p2a: xinq\n|-damage|p2a: xinq|51\/100\n|\n|-heal|p1a: Kommo-o|85\/100|[from] Grassy Terrain\n|-heal|p1b: Rillaboom|23\/100|[from] Grassy Terrain\n|-heal|p2a: xinq|57\/100|[from] Grassy Terrain\n|-heal|p2b: Ame|15\/100|[from] Grassy Terrain\n|-ability|p2b: Ame|Moody|boost\n|-boost|p2b: Ame|spd|2\n|-unboost|p2b: Ame|spe|1\n|upkeep\n|turn|12\n|inactive|z693611670 has 120 seconds left.\n|\n|t:|1700723564\n|switch|p1b: Farigiraf|Farigiraf, M|43\/100 tox\n|move|p2a: xinq|Fake Out||[still]\n|cant|p1b: Farigiraf|ability: Armor Tail|Fake Out|[of] p2a: xinq\n|move|p1a: Kommo-o|Drain Punch|p2a: xinq\n|-damage|p2a: xinq|9\/100\n|-heal|p1a: Kommo-o|100\/100|[from] drain|[of] p2a: xinq\n|move|p2b: Ame|Knock Off|p1b: Farigiraf\n|-supereffective|p1b: Farigiraf\n|-damage|p1b: Farigiraf|0 fnt\n|faint|p1b: Farigiraf\n|\n|-heal|p2a: xinq|15\/100|[from] Grassy Terrain\n|-heal|p2b: Ame|21\/100|[from] Grassy Terrain\n|-fieldend|move: Grassy Terrain\n|-ability|p2b: Ame|Moody|boost\n|-boost|p2b: Ame|spd|2\n|-unboost|p2b: Ame|spe|1\n|upkeep\n|inactive|LordSandaime has 120 seconds left.\n|\n|t:|1700723593\n|switch|p1b: Grimmsnarl|Grimmsnarl, M|100\/100\n|turn|13\n|inactive|z693611670 has 120 seconds left.\n|\n|t:|1700723613\n|switch|p2a: nothingtosay|Sinistcha-Masterpiece|33\/100\n|-heal|p2b: Ame|45\/100|[from] ability: Hospitality|[of] p2a: nothingtosay\n|move|p2b: Ame|Protect|p2b: Ame\n|-singleturn|p2b: Ame|Protect\n|move|p1a: Kommo-o|Flamethrower|p2b: Ame\n|-activate|p2b: Ame|move: Protect\n|move|p1b: Grimmsnarl|Spirit Break|p2a: nothingtosay\n|-damage|p2a: nothingtosay|13\/100\n|-unboost|p2a: nothingtosay|spa|1\n|\n|-heal|p2a: nothingtosay|19\/100|[from] item: Leftovers\n|-ability|p2b: Ame|Moody|boost\n|-boost|p2b: Ame|spa|2\n|-unboost|p2b: Ame|atk|1\n|upkeep\n|turn|14\n|inactive|z693611670 has 120 seconds left.\n|\n|t:|1700723646\n|switch|p2a: xinq|Grimmsnarl, M|15\/100\n|move|p1b: Grimmsnarl|Reflect|p1b: Grimmsnarl\n|-sidestart|p1: LordSandaime|Reflect\n|move|p1a: Kommo-o|Clangorous Soul|p1a: Kommo-o\n|-boost|p1a: Kommo-o|atk|1\n|-boost|p1a: Kommo-o|def|1\n|-boost|p1a: Kommo-o|spa|1\n|-boost|p1a: Kommo-o|spd|1\n|-boost|p1a: Kommo-o|spe|1\n|-damage|p1a: Kommo-o|68\/100\n|move|p2b: Ame|Knock Off|p1b: Grimmsnarl\n|-resisted|p1b: Grimmsnarl\n|-damage|p1b: Grimmsnarl|90\/100\n|-enditem|p1b: Grimmsnarl|Light Clay|[from] move: Knock Off|[of] p2b: Ame\n|\n|-ability|p2b: Ame|Moody|boost\n|-boost|p2b: Ame|spe|2\n|-unboost|p2b: Ame|atk|1\n|upkeep\n|turn|15\n|inactive|LordSandaime has 120 seconds left.\n|\n|t:|1700723677\n|-terastallize|p1a: Kommo-o|Fire\n|move|p2a: xinq|Fake Out|p1a: Kommo-o\n|-damage|p1a: Kommo-o|64\/100\n|move|p1b: Grimmsnarl|Thunder Wave|p2b: Ame\n|-status|p2b: Ame|par\n|cant|p1a: Kommo-o|flinch\n|move|p2b: Ame|Substitute|p2b: Ame\n|-start|p2b: Ame|Substitute\n|-damage|p2b: Ame|21\/100 par\n|\n|-ability|p2b: Ame|Moody|boost\n|-boost|p2b: Ame|spe|2\n|-unboost|p2b: Ame|spa|1\n|upkeep\n|turn|16\n|inactive|z693611670 has 120 seconds left.\n|\n|t:|1700723709\n|cant|p2b: Ame|par\n|move|p2a: xinq|Parting Shot|p1a: Kommo-o\n|-immune|p1a: Kommo-o|[from] ability: Soundproof\n|move|p1a: Kommo-o|Flamethrower|p2b: Ame\n|-activate|p2b: Ame|move: Substitute|[damage]\n|move|p1b: Grimmsnarl|Spirit Break|p2b: Ame\n|-end|p2b: Ame|Substitute\n|\n|-ability|p2b: Ame|Moody|boost\n|-boost|p2b: Ame|def|2\n|-unboost|p2b: Ame|spa|1\n|upkeep\n|turn|17\n|\n|t:|1700723726\n|switch|p2a: nothingtosay|Sinistcha-Masterpiece|19\/100\n|-heal|p2b: Ame|45\/100 par|[from] ability: Hospitality|[of] p2a: nothingtosay\n|move|p2b: Ame|Protect|p2b: Ame\n|-singleturn|p2b: Ame|Protect\n|move|p1a: Kommo-o|Clanging Scales|p2a: nothingtosay|[spread] p2a\n|-activate|p2b: Ame|move: Protect\n|-damage|p2a: nothingtosay|0 fnt\n|faint|p2a: nothingtosay\n|-unboost|p1a: Kommo-o|def|1\n|move|p1b: Grimmsnarl|Spirit Break|p2b: Ame\n|-activate|p2b: Ame|move: Protect\n|\n|-ability|p2b: Ame|Moody|boost\n|-boost|p2b: Ame|atk|2\n|-unboost|p2b: Ame|spe|1\n|upkeep\n|\n|t:|1700723740\n|switch|p2a: xinq|Grimmsnarl, M|15\/100\n|turn|18\n|\n|t:|1700723762\n|move|p2a: xinq|Fake Out|p1a: Kommo-o\n|-damage|p1a: Kommo-o|59\/100\n|cant|p1a: Kommo-o|flinch\n|move|p1b: Grimmsnarl|Spirit Break|p2a: xinq\n|-supereffective|p2a: xinq\n|-damage|p2a: xinq|0 fnt\n|faint|p2a: xinq\n|move|p2b: Ame|Knock Off|p1a: Kommo-o\n|-damage|p1a: Kommo-o|39\/100\n|\n|-ability|p2b: Ame|Moody|boost\n|-boost|p2b: Ame|def|1\n|-unboost|p2b: Ame|spe|1\n|upkeep\n|\n|t:|1700723781\n|switch|p2a: faith_bian|Chansey, F|28\/100\n|turn|19\n|\n|t:|1700723793\n|switch|p1b: Rillaboom|Rillaboom, M, shiny|23\/100\n|-fieldstart|move: Grassy Terrain|[from] ability: Grassy Surge|[of] p1b: Rillaboom\n|move|p1a: Kommo-o|Drain Punch|p2a: faith_bian\n|-supereffective|p2a: faith_bian\n|-damage|p2a: faith_bian|0 fnt\n|-heal|p1a: Kommo-o|70\/100|[from] drain|[of] p2a: faith_bian\n|faint|p2a: faith_bian\n|move|p2b: Ame|Knock Off|p1a: Kommo-o\n|-damage|p1a: Kommo-o|50\/100\n|\n|-heal|p1a: Kommo-o|57\/100|[from] Grassy Terrain\n|-heal|p1b: Rillaboom|30\/100|[from] Grassy Terrain\n|-heal|p2b: Ame|51\/100 par|[from] Grassy Terrain\n|-ability|p2b: Ame|Moody|boost\n|-boost|p2b: Ame|spa|2\n|-unboost|p2b: Ame|spd|1\n|upkeep\n|turn|20\n|inactive|LordSandaime has 120 seconds left.\n|inactive|z693611670 has 120 seconds left.\n|\n|t:|1700723825\n|move|p1a: Kommo-o|Clanging Scales|p2b: Ame\n|-damage|p2b: Ame|24\/100 par\n|-unboost|p1a: Kommo-o|def|1\n|move|p1b: Rillaboom|Wood Hammer|p2b: Ame\n|-damage|p2b: Ame|8\/100 par\n|-damage|p1b: Rillaboom|23\/100|[from] Recoil\n|move|p2b: Ame|Knock Off|p1a: Kommo-o\n|-damage|p1a: Kommo-o|24\/100\n|\n|-heal|p1a: Kommo-o|30\/100|[from] Grassy Terrain\n|-heal|p1b: Rillaboom|29\/100|[from] Grassy Terrain\n|-heal|p2b: Ame|14\/100 par|[from] Grassy Terrain\n|-ability|p2b: Ame|Moody|boost\n|-boost|p2b: Ame|atk|2\n|-unboost|p2b: Ame|def|1\n|upkeep\n|turn|21\n|-message|z693611670 forfeited.\n|\n|win|LordSandaime\n|raw|LordSandaime's rating: 1584 &rarr; <strong>1600<\/strong><br \/>(+16 for winning)\n|raw|z693611670's rating: 1520 &rarr; <strong>1504<\/strong><br \/>(-16 for losing)\n|l|\u2606z693611670\n|l|\u2606LordSandaime\n|j|\u2606LordSandaime\n|player|p1|LordSandaime|alder\n","uploadtime":1700723927,"views":10,"p1id":"lordsandaime","p2id":"z693611670","formatid":"gen9doublesou","rating":1504,"private":0,"password":""}