{"id":"gen9doublesou-1972586058","p1":"arowrath","p2":"JamesEE","format":"[Gen 9] Doubles OU","log":"|j|\u2606arowrath\n|j|\u2606JamesEE\n|t:|1697860451\n|gametype|doubles\n|player|p1|arowrath|265|\n|player|p2|JamesEE|169|\n|teamsize|p1|6\n|teamsize|p2|6\n|gen|9\n|tier|[Gen 9] Doubles OU\n|rule|Species Clause: Limit one of each Pok\u00e9mon\n|rule|OHKO Clause: OHKO moves are banned\n|rule|Evasion Moves Clause: Evasion moves are banned\n|rule|Gravity Sleep Clause: The combination of sleep-inducing moves with imperfect accuracy and Gravity or Gigantamax Orbeetle are banned\n|rule|Endless Battle Clause: Forcing endless battles is banned\n|rule|HP Percentage Mod: HP is shown in percentages\n|clearpoke\n|poke|p1|Dragonite, M|\n|poke|p1|Charizard, M|\n|poke|p1|Sandslash-Alola, M|\n|poke|p1|Gengar, M|\n|poke|p1|Gyarados, M|\n|poke|p1|Snorlax, M|\n|poke|p2|Farigiraf, M|\n|poke|p2|Empoleon, F|\n|poke|p2|Oricorio, F|\n|poke|p2|Jolteon, F|\n|poke|p2|Ursaring, F|\n|poke|p2|Jirachi|\n|teampreview\n|\n|t:|1697860484\n|start\n|switch|p1a: Pete's Dragonite|Dragonite, M, shiny|100\/100\n|switch|p1b: Frosted Tips|Sandslash-Alola, M|100\/100\n|switch|p2a: Oricorio|Oricorio, F|100\/100\n|switch|p2b: Empoleon|Empoleon, F|100\/100\n|turn|1\n|\n|t:|1697860508\n|move|p2a: Oricorio|Tailwind|p2a: Oricorio\n|-sidestart|p2: JamesEE|move: Tailwind\n|move|p2b: Empoleon|Flip Turn|p1a: Pete's Dragonite\n|-resisted|p1a: Pete's Dragonite\n|-damage|p1a: Pete's Dragonite|96\/100\n|\n|t:|1697860522\n|switch|p2b: Jirachi|Jirachi|100\/100|[from] Flip Turn\n|move|p1a: Pete's Dragonite|Thunder|p2a: Oricorio|[miss]\n|-miss|p1a: Pete's Dragonite|p2a: Oricorio\n|move|p1b: Frosted Tips|Steel Beam|p2b: Jirachi\n|-resisted|p2b: Jirachi\n|-damage|p2b: Jirachi|87\/100\n|-damage|p1b: Frosted Tips|50\/100|[from] steelbeam\n|\n|upkeep\n|turn|2\n|\n|t:|1697860557\n|-terastallize|p2a: Oricorio|Fire\n|move|p2a: Oricorio|Fly||[still]\n|-prepare|p2a: Oricorio|Fly\n|move|p1a: Pete's Dragonite|Flamethrower|p2b: Jirachi\n|-supereffective|p2b: Jirachi\n|-damage|p2b: Jirachi|36\/100\n|move|p1b: Frosted Tips|Earthquake|p2a: Oricorio|[spread] p2b\n|-miss|p1b: Frosted Tips|p2a: Oricorio\n|-immune|p1a: Pete's Dragonite\n|-supereffective|p2b: Jirachi\n|-damage|p2b: Jirachi|5\/100\n|move|p2b: Jirachi|Trick Room|p2b: Jirachi\n|-fieldstart|move: Trick Room|[of] p2b: Jirachi\n|\n|upkeep\n|turn|3\n|\n|t:|1697860580\n|move|p1b: Frosted Tips|Blizzard|p2a: Oricorio|[spread] p2b\n|-miss|p1b: Frosted Tips|p2a: Oricorio\n|-resisted|p2b: Jirachi\n|-damage|p2b: Jirachi|0 fnt\n|faint|p2b: Jirachi\n|move|p1a: Pete's Dragonite|Flamethrower|p2a: Oricorio|[miss]\n|-miss|p1a: Pete's Dragonite|p2a: Oricorio\n|move|p2a: Oricorio|Fly|p1b: Frosted Tips|[from]lockedmove\n|-resisted|p1b: Frosted Tips\n|-damage|p1b: Frosted Tips|41\/100\n|\n|upkeep\n|\n|t:|1697860593\n|switch|p2b: Jolteon|Jolteon, F|100\/100\n|turn|4\n|\n|t:|1697860618\n|switch|p1a: Snorlax|Snorlax, M|100\/100\n|move|p1b: Frosted Tips|Earthquake|p2b: Jolteon|[spread] p1a,p2a,p2b\n|-crit|p1a: Snorlax\n|-supereffective|p2a: Oricorio\n|-supereffective|p2b: Jolteon\n|-damage|p1a: Snorlax|77\/100\n|-damage|p2a: Oricorio|55\/100\n|-damage|p2b: Jolteon|48\/100\n|move|p2a: Oricorio|Dual Wingbeat|p1a: Snorlax\n|-damage|p1a: Snorlax|67\/100\n|-damage|p1a: Snorlax|58\/100\n|-hitcount|p1a: Snorlax|2\n|move|p2b: Jolteon|Volt Switch|p1b: Frosted Tips\n|-damage|p1b: Frosted Tips|2\/100\n|-enditem|p1b: Frosted Tips|Aguav Berry|[eat]\n|-heal|p1b: Frosted Tips|35\/100|[from] item: Aguav Berry\n|-start|p1b: Frosted Tips|confusion\n|\n|t:|1697860640\n|switch|p2b: Empoleon|Empoleon, F|100\/100|[from] Volt Switch\n|\n|-sideend|p2: JamesEE|move: Tailwind\n|upkeep\n|turn|5\n|\n|t:|1697860657\n|move|p1a: Snorlax|Thunderbolt|p2b: Empoleon\n|-supereffective|p2b: Empoleon\n|-damage|p2b: Empoleon|61\/100\n|-activate|p1b: Frosted Tips|confusion\n|move|p1b: Frosted Tips|Ice Beam|p2a: Oricorio\n|-resisted|p2a: Oricorio\n|-damage|p2a: Oricorio|42\/100\n|move|p2b: Empoleon|Body Slam|p1b: Frosted Tips\n|-resisted|p1b: Frosted Tips\n|-damage|p1b: Frosted Tips|28\/100\n|move|p2a: Oricorio|Dual Wingbeat|p1a: Snorlax\n|-damage|p1a: Snorlax|48\/100\n|-enditem|p1a: Snorlax|Aguav Berry|[eat]\n|-heal|p1a: Snorlax|82\/100|[from] item: Aguav Berry\n|-damage|p1a: Snorlax|71\/100\n|-hitcount|p1a: Snorlax|2\n|\n|upkeep\n|turn|6\n|\n|t:|1697860686\n|move|p1a: Snorlax|Thunderbolt|p2b: Empoleon\n|-supereffective|p2b: Empoleon\n|-damage|p2b: Empoleon|23\/100\n|-activate|p1b: Frosted Tips|confusion\n|-damage|p1b: Frosted Tips|21\/100|[from] confusion\n|move|p2b: Empoleon|Surf|p1b: Frosted Tips|[spread] p2a,p1a,p1b\n|-supereffective|p2a: Oricorio\n|-damage|p2a: Oricorio|0 fnt\n|-damage|p1a: Snorlax|50\/100\n|-damage|p1b: Frosted Tips|0 fnt\n|faint|p2a: Oricorio\n|faint|p1b: Frosted Tips\n|\n|-fieldend|move: Trick Room\n|upkeep\n|\n|t:|1697860712\n|switch|p2a: Farigiraf|Farigiraf, M|100\/100\n|switch|p1b: Pete's Dragonite|Dragonite, M, shiny|96\/100\n|turn|7\n|\n|t:|1697860730\n|move|p2a: Farigiraf|Protect|p2a: Farigiraf\n|-singleturn|p2a: Farigiraf|Protect\n|move|p2b: Empoleon|Flip Turn|p1b: Pete's Dragonite\n|-resisted|p1b: Pete's Dragonite\n|-damage|p1b: Pete's Dragonite|82\/100\n|\n|t:|1697860745\n|switch|p2b: Jolteon|Jolteon, F|48\/100|[from] Flip Turn\n|move|p1b: Pete's Dragonite|Draco Meteor|p2a: Farigiraf\n|-activate|p2a: Farigiraf|move: Protect\n|move|p1a: Snorlax|Thunderbolt|p2b: Jolteon\n|-heal|p2b: Jolteon|72\/100|[from] ability: Volt Absorb|[of] p1a: Snorlax\n|\n|upkeep\n|turn|8\n|\n|t:|1697860772\n|-terastallize|p1b: Pete's Dragonite|Dragon\n|move|p2b: Jolteon|Yawn|p1b: Pete's Dragonite\n|-start|p1b: Pete's Dragonite|move: Yawn|[of] p2b: Jolteon\n|move|p1b: Pete's Dragonite|Draco Meteor|p2a: Farigiraf\n|-crit|p2a: Farigiraf\n|-damage|p2a: Farigiraf|0 fnt\n|-unboost|p1b: Pete's Dragonite|spa|2\n|faint|p2a: Farigiraf\n|move|p1a: Snorlax|Earthquake|p2b: Jolteon|[spread] p1b,p2b\n|-supereffective|p2b: Jolteon\n|-damage|p1b: Pete's Dragonite|64\/100\n|-damage|p2b: Jolteon|21\/100\n|\n|upkeep\n|\n|t:|1697860786\n|switch|p2a: Empoleon|Empoleon, F|23\/100\n|turn|9\n|\n|t:|1697860814\n|move|p2b: Jolteon|Thunderbolt|p1a: Snorlax\n|-damage|p1a: Snorlax|30\/100\n|move|p2a: Empoleon|Body Slam|p1b: Pete's Dragonite\n|-damage|p1b: Pete's Dragonite|49\/100\n|move|p1b: Pete's Dragonite|Dragon Claw|p2b: Jolteon\n|-damage|p2b: Jolteon|0 fnt\n|faint|p2b: Jolteon\n|move|p1a: Snorlax|Earthquake|p2a: Empoleon|[spread] p1b,p2a\n|-supereffective|p2a: Empoleon\n|-damage|p1b: Pete's Dragonite|32\/100\n|-damage|p2a: Empoleon|0 fnt\n|faint|p2a: Empoleon\n|\n|-end|p1b: Pete's Dragonite|move: Yawn|[silent]\n|-status|p1b: Pete's Dragonite|slp\n|upkeep\n|\n|t:|1697860831\n|switch|p2b: Ursaring|Ursaring, F|100\/100\n|turn|10\n|\n|t:|1697860856\n|cant|p1b: Pete's Dragonite|slp\n|move|p2b: Ursaring|Bulldoze|p1a: Snorlax|[spread] p1a,p1b\n|-damage|p1a: Snorlax|16\/100\n|-damage|p1b: Pete's Dragonite|20\/100 slp\n|-unboost|p1a: Snorlax|spe|1\n|-unboost|p1b: Pete's Dragonite|spe|1\n|-enditem|p1b: Pete's Dragonite|Aguav Berry|[eat]\n|-heal|p1b: Pete's Dragonite|53\/100 slp|[from] item: Aguav Berry\n|move|p1a: Snorlax|Flamethrower|p2b: Ursaring\n|-damage|p2b: Ursaring|77\/100\n|\n|-heal|p2b: Ursaring|84\/100|[from] item: Leftovers\n|upkeep\n|turn|11\n|\n|t:|1697860883\n|move|p2b: Ursaring|Ice Punch|p1a: Snorlax\n|-damage|p1a: Snorlax|0 fnt\n|faint|p1a: Snorlax\n|cant|p1b: Pete's Dragonite|slp\n|\n|-heal|p2b: Ursaring|90\/100|[from] item: Leftovers\n|upkeep\n|\n|t:|1697860909\n|switch|p1a: Red Death|Gyarados, M, shiny|100\/100\n|-ability|p1a: Red Death|Intimidate|boost\n|-unboost|p2b: Ursaring|atk|1\n|turn|12\n|\n|t:|1697860936\n|move|p1a: Red Death|Flamethrower|p2b: Ursaring\n|-damage|p2b: Ursaring|67\/100\n|-status|p2b: Ursaring|brn\n|move|p2b: Ursaring|Rest|p2b: Ursaring\n|-status|p2b: Ursaring|slp|[from] move: Rest\n|-heal|p2b: Ursaring|100\/100 slp|[silent]\n|cant|p1b: Pete's Dragonite|slp\n|\n|upkeep\n|turn|13\n|\n|t:|1697860955\n|switch|p1b: Grim|Gengar, M|100\/100\n|move|p1a: Red Death|Hyper Beam|p2b: Ursaring\n|-damage|p2b: Ursaring|63\/100 slp\n|-mustrecharge|p1a: Red Death\n|cant|p2b: Ursaring|slp\n|move|p2b: Ursaring|Sleep Talk|p2b: Ursaring\n|move|p2b: Ursaring|Ice Punch|p1b: Grim|[from]move: Sleep Talk\n|-damage|p1b: Grim|50\/100\n|\n|-heal|p2b: Ursaring|69\/100 slp|[from] item: Leftovers\n|upkeep\n|turn|14\n|\n|t:|1697860978\n|move|p1b: Grim|Gunk Shot|p2b: Ursaring\n|-damage|p2b: Ursaring|36\/100 slp\n|cant|p1a: Red Death|recharge\n|cant|p2b: Ursaring|slp\n|move|p2b: Ursaring|Sleep Talk|p2b: Ursaring\n|move|p2b: Ursaring|Bulldoze|p1b: Grim|[from]move: Sleep Talk|[spread] p1b\n|-immune|p1a: Red Death\n|-supereffective|p1b: Grim\n|-damage|p1b: Grim|0 fnt\n|faint|p1b: Grim\n|\n|-heal|p2b: Ursaring|43\/100 slp|[from] item: Leftovers\n|upkeep\n|\n|t:|1697860991\n|switch|p1b: Smaug|Charizard, M, shiny|100\/100\n|turn|15\n|\n|t:|1697861003\n|move|p1b: Smaug|Fire Blast|p2b: Ursaring\n|-damage|p2b: Ursaring|0 fnt\n|faint|p2b: Ursaring\n|\n|win|arowrath\n|l|\u2606JamesEE\n","uploadtime":1697861017,"views":31,"p1id":"arowrath","p2id":"jamesee","formatid":"gen9doublesou","rating":0,"private":0,"password":""}