{"id":"gen9doublesou-1977017585","p1":"SolidState0","p2":"lilbookcase","format":"[Gen 9] Doubles OU","log":"|j|\u2606SolidState0\n|j|\u2606lilbookcase\n|t:|1698362279\n|gametype|doubles\n|player|p1|SolidState0|allister|\n|player|p2|lilbookcase|rocketgruntf|\n|teamsize|p1|6\n|teamsize|p2|6\n|gen|9\n|tier|[Gen 9] Doubles OU\n|rule|Species Clause: Limit one of each Pok\u00e9mon\n|rule|OHKO Clause: OHKO moves are banned\n|rule|Evasion Moves Clause: Evasion moves are banned\n|rule|Gravity Sleep Clause: The combination of sleep-inducing moves with imperfect accuracy and Gravity or Gigantamax Orbeetle are banned\n|rule|Endless Battle Clause: Forcing endless battles is banned\n|rule|HP Percentage Mod: HP is shown in percentages\n|clearpoke\n|poke|p1|Zoroark-Hisui, F|\n|poke|p1|Polteageist-Antique|\n|poke|p1|Spiritomb, F|\n|poke|p1|Toxapex, M|\n|poke|p1|Volcarona, F|\n|poke|p1|Gholdengo|\n|poke|p2|Roaring Moon|\n|poke|p2|Weezing-Galar, F|\n|poke|p2|Gholdengo|\n|poke|p2|Ursaluna, M|\n|poke|p2|Hatterene, F|\n|poke|p2|Gothitelle, M|\n|teampreview\n|\n|t:|1698362293\n|start\n|switch|p1a: Polteageist|Polteageist-Antique|100\/100\n|switch|p1b: Spiritomb|Spiritomb, F|100\/100\n|switch|p2a: Roaring Gibbous|Roaring Moon|100\/100\n|switch|p2b: Waxaluna|Ursaluna, M|100\/100\n|-enditem|p2a: Roaring Gibbous|Booster Energy\n|-activate|p2a: Roaring Gibbous|ability: Protosynthesis|[fromitem]\n|-start|p2a: Roaring Gibbous|protosynthesisspe\n|turn|1\n|\n|t:|1698362316\n|switch|p1b: Toxapex|Toxapex, M|100\/100\n|move|p2a: Roaring Gibbous|Protect|p2a: Roaring Gibbous\n|-singleturn|p2a: Roaring Gibbous|Protect\n|move|p1a: Polteageist|Grass Knot|p2b: Waxaluna\n|-supereffective|p2b: Waxaluna\n|-damage|p2b: Waxaluna|0 fnt\n|faint|p2b: Waxaluna\n|\n|upkeep\n|\n|t:|1698362345\n|switch|p2b: Smokin that Toxin|Weezing-Galar, F|100\/100\n|-ability|p2b: Smokin that Toxin|Neutralizing Gas\n|replace|p1a: Zoroark|Zoroark-Hisui, F\n|-end|p1a: Zoroark|Illusion\n|turn|2\n|\n|t:|1698362365\n|move|p2a: Roaring Gibbous|Knock Off|p1a: Zoroark\n|-supereffective|p1a: Zoroark\n|-damage|p1a: Zoroark|0 fnt\n|-enditem|p1a: Zoroark|Choice Specs|[from] move: Knock Off|[of] p2a: Roaring Gibbous\n|faint|p1a: Zoroark\n|move|p2b: Smokin that Toxin|Will-O-Wisp|p1b: Toxapex\n|-status|p1b: Toxapex|brn\n|move|p1b: Toxapex|Ice Beam|p2a: Roaring Gibbous\n|-supereffective|p2a: Roaring Gibbous\n|-damage|p2a: Roaring Gibbous|77\/100\n|\n|-damage|p1b: Toxapex|94\/100 brn|[from] brn\n|upkeep\n|\n|t:|1698362380\n|switch|p1a: Gholdengo|Gholdengo|100\/100\n|turn|3\n|\n|t:|1698362399\n|move|p2b: Smokin that Toxin|Protect|p2b: Smokin that Toxin\n|-singleturn|p2b: Smokin that Toxin|Protect\n|move|p2a: Roaring Gibbous|Knock Off|p1a: Gholdengo\n|-supereffective|p1a: Gholdengo\n|-damage|p1a: Gholdengo|0 fnt\n|-enditem|p1a: Gholdengo|Choice Scarf|[from] move: Knock Off|[of] p2a: Roaring Gibbous\n|faint|p1a: Gholdengo\n|move|p1b: Toxapex|Toxic|p2a: Roaring Gibbous\n|-status|p2a: Roaring Gibbous|tox\n|\n|-damage|p2a: Roaring Gibbous|71\/100 tox|[from] psn\n|-damage|p1b: Toxapex|88\/100 brn|[from] brn\n|upkeep\n|\n|t:|1698362417\n|switch|p1a: Spiritomb|Spiritomb, F|100\/100\n|turn|4\n|\n|t:|1698362440\n|move|p1a: Spiritomb|Ally Switch|p1a: Spiritomb\n|swap|p1a: Spiritomb|1|[from] move: Ally Switch\n|move|p2a: Roaring Gibbous|Knock Off|p1a: Toxapex\n|-damage|p1a: Toxapex|53\/100 brn\n|-enditem|p1a: Toxapex|Covert Cloak|[from] move: Knock Off|[of] p2a: Roaring Gibbous\n|move|p2b: Smokin that Toxin|Dazzling Gleam|p1b: Spiritomb|[spread] p1a,p1b\n|-resisted|p1a: Toxapex\n|-supereffective|p1b: Spiritomb\n|-damage|p1a: Toxapex|46\/100 brn\n|-damage|p1b: Spiritomb|74\/100\n|move|p1a: Toxapex|Ice Beam|p2a: Roaring Gibbous\n|-supereffective|p2a: Roaring Gibbous\n|-damage|p2a: Roaring Gibbous|46\/100 tox\n|\n|-heal|p1b: Spiritomb|80\/100|[from] item: Leftovers\n|-damage|p2a: Roaring Gibbous|34\/100 tox|[from] psn\n|-damage|p1a: Toxapex|40\/100 brn|[from] brn\n|upkeep\n|turn|5\n|\n|t:|1698362487\n|-end|p2a: Roaring Gibbous|Protosynthesis|[silent]\n|switch|p2a: Mr. Joe|Gholdengo|100\/100\n|move|p2b: Smokin that Toxin|Dazzling Gleam|p1b: Spiritomb|[spread] p1a,p1b\n|-resisted|p1a: Toxapex\n|-crit|p1a: Toxapex\n|-supereffective|p1b: Spiritomb\n|-damage|p1a: Toxapex|30\/100 brn\n|-damage|p1b: Spiritomb|50\/100\n|move|p1b: Spiritomb|Foul Play|p2a: Mr. Joe\n|-supereffective|p2a: Mr. Joe\n|-damage|p2a: Mr. Joe|72\/100\n|move|p1a: Toxapex|Recover|p1a: Toxapex\n|-heal|p1a: Toxapex|80\/100 brn\n|\n|-heal|p1b: Spiritomb|56\/100|[from] item: Leftovers\n|-damage|p1a: Toxapex|74\/100 brn|[from] brn\n|upkeep\n|turn|6\n|\n|t:|1698362521\n|move|p2b: Smokin that Toxin|Protect|p2b: Smokin that Toxin\n|-singleturn|p2b: Smokin that Toxin|Protect\n|move|p1b: Spiritomb|Shadow Sneak|p2a: Mr. Joe\n|-supereffective|p2a: Mr. Joe\n|-damage|p2a: Mr. Joe|48\/100\n|move|p2a: Mr. Joe|Trick|p1a: Toxapex\n|-activate|p2a: Mr. Joe|move: Trick|[of] p1a: Toxapex\n|-item|p1a: Toxapex|Choice Specs|[from] move: Trick\n|-enditem|p2a: Mr. Joe|Choice Specs|[silent]|[from] move: Trick\n|move|p1a: Toxapex|Toxic Spikes|p2b: Smokin that Toxin\n|-sidestart|p2: lilbookcase|move: Toxic Spikes\n|\n|-heal|p1b: Spiritomb|62\/100|[from] item: Leftovers\n|-damage|p1a: Toxapex|68\/100 brn|[from] brn\n|upkeep\n|turn|7\n|\n|t:|1698362564\n|move|p2a: Mr. Joe|Shadow Ball|p1b: Spiritomb\n|-damage|p1b: Spiritomb|24\/100\n|move|p2b: Smokin that Toxin|Dazzling Gleam|p1b: Spiritomb|[spread] p1a,p1b\n|-resisted|p1a: Toxapex\n|-supereffective|p1b: Spiritomb\n|-damage|p1a: Toxapex|61\/100 brn\n|-damage|p1b: Spiritomb|0 fnt\n|faint|p1b: Spiritomb\n|move|p1a: Toxapex|Toxic Spikes|p2b: Smokin that Toxin\n|-sidestart|p2: lilbookcase|move: Toxic Spikes\n|\n|-damage|p1a: Toxapex|54\/100 brn|[from] brn\n|upkeep\n|\n|t:|1698362573\n|switch|p1b: Volcarona|Volcarona, F|100\/100\n|turn|8\n|\n|t:|1698362627\n|switch|p2a: Roaring Gibbous|Roaring Moon|34\/100 tox\n|move|p1b: Volcarona|Heat Wave|p2b: Smokin that Toxin|[spread] p2a,p2b\n|-resisted|p2a: Roaring Gibbous\n|-damage|p2a: Roaring Gibbous|16\/100 tox\n|-damage|p2b: Smokin that Toxin|65\/100\n|move|p2b: Smokin that Toxin|Dazzling Gleam|p1b: Volcarona|[spread] p1a,p1b\n|-resisted|p1a: Toxapex\n|-resisted|p1b: Volcarona\n|-damage|p1a: Toxapex|48\/100 brn\n|-damage|p1b: Volcarona|91\/100\n|move|p1a: Toxapex|Toxic Spikes||[still]\n|-fail|p1a: Toxapex\n|\n|-heal|p2b: Smokin that Toxin|71\/100|[from] item: Leftovers\n|-damage|p2a: Roaring Gibbous|10\/100 tox|[from] psn\n|-damage|p1a: Toxapex|41\/100 brn|[from] brn\n|upkeep\n|turn|9\n|\n|t:|1698362662\n|move|p1b: Volcarona|Protect|p1b: Volcarona\n|-singleturn|p1b: Volcarona|Protect\n|move|p2a: Roaring Gibbous|Knock Off|p1b: Volcarona\n|-activate|p1b: Volcarona|move: Protect\n|move|p2b: Smokin that Toxin|Dazzling Gleam|p1b: Volcarona|[spread] p1a\n|-activate|p1b: Volcarona|move: Protect\n|-resisted|p1a: Toxapex\n|-damage|p1a: Toxapex|34\/100 brn\n|move|p1a: Toxapex|Toxic Spikes||[still]\n|-fail|p1a: Toxapex\n|\n|-heal|p2b: Smokin that Toxin|77\/100|[from] item: Leftovers\n|-damage|p2a: Roaring Gibbous|0 fnt|[from] psn\n|faint|p2a: Roaring Gibbous\n|-end|p2a: Roaring Gibbous|Protosynthesis|[silent]\n|-damage|p1a: Toxapex|28\/100 brn|[from] brn\n|upkeep\n|\n|t:|1698362677\n|switch|p2a: Mr. Joe|Gholdengo|48\/100\n|turn|10\n|\n|t:|1698362701\n|switch|p1a: Polteageist|Polteageist-Antique|100\/100\n|move|p1b: Volcarona|Quiver Dance|p1b: Volcarona\n|-boost|p1b: Volcarona|spa|1\n|-boost|p1b: Volcarona|spd|1\n|-boost|p1b: Volcarona|spe|1\n|move|p2a: Mr. Joe|Shadow Ball|p1b: Volcarona\n|-damage|p1b: Volcarona|58\/100\n|-unboost|p1b: Volcarona|spd|1\n|move|p2b: Smokin that Toxin|Explosion|p1a: Polteageist|[spread] p1b\n|-immune|p2a: Mr. Joe\n|-immune|p1a: Polteageist\n|-damage|p1b: Volcarona|2\/100\n|faint|p2b: Smokin that Toxin\n|-end|p2b: Smokin that Toxin|ability: Neutralizing Gas\n|\n|upkeep\n|\n|t:|1698362718\n|switch|p2b: Treat|Gothitelle, M|100\/100\n|-status|p2b: Treat|tox\n|-item|p1a: Polteageist|Focus Sash|[from] ability: Frisk|[of] p2b: Treat|[identify]\n|-item|p1b: Volcarona|Heavy-Duty Boots|[from] ability: Frisk|[of] p2b: Treat|[identify]\n|turn|11\n|\n|t:|1698362736\n|-terastallize|p1a: Polteageist|Fairy\n|move|p1b: Volcarona|Protect|p1b: Volcarona\n|-singleturn|p1b: Volcarona|Protect\n|move|p2b: Treat|Fake Out|p1b: Volcarona\n|-activate|p1b: Volcarona|move: Protect\n|move|p1a: Polteageist|Shell Smash|p1a: Polteageist\n|-unboost|p1a: Polteageist|def|1\n|-unboost|p1a: Polteageist|spd|1\n|-boost|p1a: Polteageist|atk|2\n|-boost|p1a: Polteageist|spa|2\n|-boost|p1a: Polteageist|spe|2\n|move|p2a: Mr. Joe|Shadow Ball|p1a: Polteageist\n|-damage|p1a: Polteageist|21\/100\n|\n|-damage|p2b: Treat|94\/100 tox|[from] psn\n|upkeep\n|turn|12\n|\n|t:|1698362774\n|move|p1a: Polteageist|Shadow Ball|p2b: Treat\n|-supereffective|p2b: Treat\n|-damage|p2b: Treat|0 fnt\n|faint|p2b: Treat\n|move|p1b: Volcarona|Heat Wave|p2a: Mr. Joe\n|-supereffective|p2a: Mr. Joe\n|-damage|p2a: Mr. Joe|0 fnt\n|faint|p2a: Mr. Joe\n|\n|upkeep\n|\n|t:|1698362780\n|switch|p2b: Trick|Hatterene, F|100\/100\n|-status|p2b: Trick|tox\n|turn|13\n|\n|t:|1698362795\n|-terastallize|p2b: Trick|Fairy\n|move|p1a: Polteageist|Shadow Ball|p2b: Trick\n|-damage|p2b: Trick|9\/100 tox\n|move|p1b: Volcarona|Heat Wave|p2b: Trick\n|-damage|p2b: Trick|0 fnt\n|faint|p2b: Trick\n|\n|win|SolidState0\n","uploadtime":1698362805,"views":23,"p1id":"solidstate0","p2id":"lilbookcase","formatid":"gen9doublesou","rating":0,"private":0,"password":""}