{"id":"gen9doublesou-1984785136","p1":"andergamert","p2":"mork25","format":"[Gen 9] Doubles OU","log":"|j|\u2606andergamert\n|j|\u2606mork25\n|t:|1699298802\n|gametype|doubles\n|player|p1|andergamert|265|1192\n|player|p2|mork25|iris-gen5bw2|1225\n|teamsize|p1|6\n|teamsize|p2|6\n|gen|9\n|tier|[Gen 9] Doubles OU\n|rated|\n|rule|Species Clause: Limit one of each Pok\u00e9mon\n|rule|OHKO Clause: OHKO moves are banned\n|rule|Evasion Moves Clause: Evasion moves are banned\n|rule|Gravity Sleep Clause: The combination of sleep-inducing moves with imperfect accuracy and Gravity or Gigantamax Orbeetle are banned\n|rule|Endless Battle Clause: Forcing endless battles is banned\n|rule|HP Percentage Mod: HP is shown in percentages\n|clearpoke\n|poke|p1|Sinistcha|\n|poke|p1|Kommo-o, F|\n|poke|p1|Shiftry, M|\n|poke|p1|Tinkaton, F|\n|poke|p1|Rillaboom, M|\n|poke|p1|Sneasler, F|\n|poke|p2|Golduck, M|\n|poke|p2|Cloyster, F|\n|poke|p2|Pelipper, M|\n|poke|p2|Amoonguss, F|\n|poke|p2|Gholdengo|\n|poke|p2|Chien-Pao|\n|teampreview\n|inactive|Battle timer is ON: inactive players will automatically lose when time's up. (requested by mork25)\n|\n|t:|1699298822\n|start\n|switch|p1a: Shiftry|Shiftry, M|100\/100\n|switch|p1b: Tinkaton|Tinkaton, F|100\/100\n|switch|p2a: Golduck|Golduck, M|100\/100\n|switch|p2b: Pelipper|Pelipper, M|100\/100\n|-ability|p1b: Tinkaton|Mold Breaker\n|-weather|RainDance|[from] ability: Drizzle|[of] p2b: Pelipper\n|turn|1\n|\n|t:|1699298849\n|move|p1b: Tinkaton|Fake Out|p2b: Pelipper\n|-damage|p2b: Pelipper|92\/100\n|move|p2a: Golduck|Taunt|p1a: Shiftry\n|-start|p1a: Shiftry|move: Taunt\n|cant|p1a: Shiftry|move: Taunt|Tailwind\n|cant|p2b: Pelipper|flinch\n|\n|-weather|RainDance|[upkeep]\n|upkeep\n|turn|2\n|\n|t:|1699298874\n|switch|p2b: Cloyster|Cloyster, F|100\/100\n|move|p2a: Golduck|Simple Beam|p2b: Cloyster\n|-endability|p2b: Cloyster|Skill Link|[from] move: Simple Beam\n|-ability|p2b: Cloyster|Simple|[from] move: Simple Beam\n|move|p1a: Shiftry|Leaf Blade|p2a: Golduck\n|-supereffective|p2a: Golduck\n|-damage|p2a: Golduck|14\/100\n|move|p1b: Tinkaton|Knock Off|p2b: Cloyster\n|-damage|p2b: Cloyster|79\/100\n|-enditem|p2b: Cloyster|White Herb|[from] move: Knock Off|[of] p1b: Tinkaton\n|\n|-weather|RainDance|[upkeep]\n|upkeep\n|turn|3\n|\n|t:|1699298892\n|switch|p2a: Amoonguss|Amoonguss, F|100\/100\n|switch|p1b: Sinistcha|Sinistcha|100\/100\n|move|p1a: Shiftry|Explosion|p2a: Amoonguss|[spread] p2a,p2b\n|-immune|p1b: Sinistcha\n|-damage|p2a: Amoonguss|42\/100\n|-damage|p2b: Cloyster|36\/100\n|faint|p1a: Shiftry\n|move|p2b: Cloyster|Icicle Spear|p1b: Sinistcha\n|-supereffective|p1b: Sinistcha\n|-damage|p1b: Sinistcha|84\/100\n|-supereffective|p1b: Sinistcha\n|-damage|p1b: Sinistcha|67\/100\n|-supereffective|p1b: Sinistcha\n|-damage|p1b: Sinistcha|51\/100\n|-supereffective|p1b: Sinistcha\n|-damage|p1b: Sinistcha|33\/100\n|-supereffective|p1b: Sinistcha\n|-damage|p1b: Sinistcha|16\/100\n|-hitcount|p1b: Sinistcha|5\n|\n|-weather|RainDance|[upkeep]\n|upkeep\n|\n|t:|1699298906\n|switch|p1a: Tinkaton|Tinkaton, F|100\/100\n|-ability|p1a: Tinkaton|Mold Breaker\n|turn|4\n|\n|t:|1699298943\n|move|p1a: Tinkaton|Fake Out|p2b: Cloyster\n|-damage|p2b: Cloyster|26\/100\n|move|p2a: Amoonguss|Rage Powder|p2a: Amoonguss\n|-singleturn|p2a: Amoonguss|move: Rage Powder\n|cant|p2b: Cloyster|flinch\n|move|p1b: Sinistcha|Matcha Gotcha|p2a: Amoonguss|[spread] p2a,p2b\n|-resisted|p2a: Amoonguss\n|-supereffective|p2b: Cloyster\n|-damage|p2a: Amoonguss|37\/100\n|-heal|p1b: Sinistcha|18\/100|[from] drain|[of] p2a: Amoonguss\n|-damage|p2b: Cloyster|0 fnt\n|-heal|p1b: Sinistcha|27\/100|[from] drain|[of] p2b: Cloyster\n|faint|p2b: Cloyster\n|\n|-weather|RainDance|[upkeep]\n|upkeep\n|\n|t:|1699298955\n|switch|p2b: Chien-Pao|Chien-Pao|100\/100\n|-ability|p2b: Chien-Pao|Sword of Ruin\n|turn|5\n|\n|t:|1699298975\n|move|p2a: Amoonguss|Rage Powder|p2a: Amoonguss\n|-singleturn|p2a: Amoonguss|move: Rage Powder\n|move|p2b: Chien-Pao|Swords Dance|p2b: Chien-Pao\n|-boost|p2b: Chien-Pao|atk|2\n|move|p1a: Tinkaton|Gigaton Hammer|p2a: Amoonguss\n|-damage|p2a: Amoonguss|0 fnt\n|faint|p2a: Amoonguss\n|move|p1b: Sinistcha|Strength Sap|p2b: Chien-Pao\n|-unboost|p2b: Chien-Pao|atk|1\n|-heal|p1b: Sinistcha|100\/100\n|\n|-weather|RainDance|[upkeep]\n|upkeep\n|\n|t:|1699298983\n|switch|p2a: Gholdengo|Gholdengo|100\/100\n|turn|6\n|\n|t:|1699298997\n|move|p2b: Chien-Pao|Sacred Sword|p1a: Tinkaton\n|-damage|p1a: Tinkaton|34\/100\n|move|p1a: Tinkaton|Knock Off|p2a: Gholdengo\n|-supereffective|p2a: Gholdengo\n|-damage|p2a: Gholdengo|31\/100\n|-enditem|p2a: Gholdengo|Leftovers|[from] move: Knock Off|[of] p1a: Tinkaton\n|move|p2a: Gholdengo|Make It Rain|p1a: Tinkaton|[spread] p1a,p1b\n|-damage|p1a: Tinkaton|6\/100\n|-damage|p1b: Sinistcha|37\/100\n|-unboost|p2a: Gholdengo|spa|1\n|move|p1b: Sinistcha|Strength Sap|p2b: Chien-Pao\n|-unboost|p2b: Chien-Pao|atk|1\n|-heal|p1b: Sinistcha|100\/100\n|\n|-weather|RainDance|[upkeep]\n|upkeep\n|turn|7\n|inactive|andergamert has 120 seconds left.\n|\n|t:|1699299030\n|move|p2b: Chien-Pao|Sacred Sword|p1a: Tinkaton\n|-damage|p1a: Tinkaton|0 fnt\n|faint|p1a: Tinkaton\n|move|p2a: Gholdengo|Recover|p2a: Gholdengo\n|-heal|p2a: Gholdengo|81\/100\n|move|p1b: Sinistcha|Matcha Gotcha|p2a: Gholdengo|[spread] p2a,p2b\n|-resisted|p2a: Gholdengo\n|-damage|p2a: Gholdengo|70\/100\n|-damage|p2b: Chien-Pao|61\/100\n|\n|-weather|RainDance|[upkeep]\n|upkeep\n|inactive|andergamert has 120 seconds left.\n|\n|t:|1699299038\n|switch|p1a: Rillaboom|Rillaboom, M|100\/100\n|-fieldstart|move: Grassy Terrain|[from] ability: Grassy Surge|[of] p1a: Rillaboom\n|turn|8\n|inactive|andergamert has 120 seconds left.\n|\n|t:|1699299066\n|switch|p2a: Golduck|Golduck, M|14\/100\n|move|p1b: Sinistcha|Rage Powder|p1b: Sinistcha\n|-singleturn|p1b: Sinistcha|move: Rage Powder\n|move|p2b: Chien-Pao|Icicle Crash|p1b: Sinistcha|[miss]\n|-miss|p2b: Chien-Pao|p1b: Sinistcha\n|move|p1a: Rillaboom|Wood Hammer|p2b: Chien-Pao\n|-damage|p2b: Chien-Pao|0 fnt\n|faint|p2b: Chien-Pao\n|-damage|p1a: Rillaboom|83\/100|[from] Recoil\n|\n|-weather|none\n|-heal|p2a: Golduck|20\/100|[from] Grassy Terrain\n|-heal|p1a: Rillaboom|89\/100|[from] Grassy Terrain\n|upkeep\n|\n|t:|1699299075\n|switch|p2b: Pelipper|Pelipper, M|92\/100\n|-weather|RainDance|[from] ability: Drizzle|[of] p2b: Pelipper\n|turn|9\n|\n|t:|1699299093\n|move|p1b: Sinistcha|Rage Powder|p1b: Sinistcha\n|-singleturn|p1b: Sinistcha|move: Rage Powder\n|move|p1a: Rillaboom|Grassy Glide|p2a: Golduck\n|-supereffective|p2a: Golduck\n|-damage|p2a: Golduck|0 fnt\n|faint|p2a: Golduck\n|move|p2b: Pelipper|Tailwind|p2b: Pelipper\n|-sidestart|p2: mork25|move: Tailwind\n|\n|-weather|RainDance|[upkeep]\n|-heal|p1a: Rillaboom|95\/100|[from] Grassy Terrain\n|upkeep\n|\n|t:|1699299098\n|switch|p2a: Gholdengo|Gholdengo|70\/100\n|turn|10\n|\n|t:|1699299113\n|move|p1b: Sinistcha|Rage Powder|p1b: Sinistcha\n|-singleturn|p1b: Sinistcha|move: Rage Powder\n|move|p2a: Gholdengo|Nasty Plot|p2a: Gholdengo\n|-boost|p2a: Gholdengo|spa|2\n|move|p2b: Pelipper|Hurricane|p1b: Sinistcha\n|-supereffective|p1b: Sinistcha\n|-damage|p1b: Sinistcha|17\/100\n|move|p1a: Rillaboom|U-turn|p2a: Gholdengo\n|-resisted|p2a: Gholdengo\n|-damage|p2a: Gholdengo|64\/100\n|\n|t:|1699299128\n|switch|p1a: Sneasler|Sneasler, F|100\/100|[from] U-turn\n|-enditem|p1a: Sneasler|Grassy Seed\n|-boost|p1a: Sneasler|def|1|[from] item: Grassy Seed\n|\n|-weather|RainDance|[upkeep]\n|-heal|p2a: Gholdengo|70\/100|[from] Grassy Terrain\n|-heal|p1b: Sinistcha|23\/100|[from] Grassy Terrain\n|upkeep\n|turn|11\n|\n|t:|1699299153\n|-terastallize|p1a: Sneasler|Flying\n|move|p1b: Sinistcha|Rage Powder|p1b: Sinistcha\n|-singleturn|p1b: Sinistcha|move: Rage Powder\n|move|p1a: Sneasler|Acrobatics|p2b: Pelipper\n|-damage|p2b: Pelipper|43\/100\n|move|p2a: Gholdengo|Shadow Ball|p1b: Sinistcha\n|-supereffective|p1b: Sinistcha\n|-damage|p1b: Sinistcha|0 fnt\n|faint|p1b: Sinistcha\n|move|p2b: Pelipper|Hurricane|p1a: Sneasler\n|-damage|p1a: Sneasler|51\/100\n|\n|-weather|RainDance|[upkeep]\n|-heal|p2a: Gholdengo|76\/100|[from] Grassy Terrain\n|upkeep\n|\n|t:|1699299166\n|switch|p1b: Kommo-o|Kommo-o, F|100\/100\n|turn|12\n|\n|t:|1699299180\n|move|p1a: Sneasler|Acrobatics|p2b: Pelipper\n|-damage|p2b: Pelipper|0 fnt\n|faint|p2b: Pelipper\n|move|p2a: Gholdengo|Make It Rain|p1b: Kommo-o|[spread] p1a,p1b\n|-crit|p1a: Sneasler\n|-damage|p1a: Sneasler|0 fnt\n|-damage|p1b: Kommo-o|0 fnt\n|-unboost|p2a: Gholdengo|spa|1\n|faint|p1a: Sneasler\n|faint|p1b: Kommo-o\n|\n|-weather|RainDance|[upkeep]\n|-heal|p2a: Gholdengo|83\/100|[from] Grassy Terrain\n|-sideend|p2: mork25|move: Tailwind\n|upkeep\n|\n|t:|1699299188\n|switch|p1a: Rillaboom|Rillaboom, M|95\/100\n|turn|13\n|\n|t:|1699299194\n|move|p1a: Rillaboom|Wood Hammer|p2a: Gholdengo\n|-resisted|p2a: Gholdengo\n|-damage|p2a: Gholdengo|45\/100\n|-damage|p1a: Rillaboom|82\/100|[from] Recoil\n|move|p2a: Gholdengo|Nasty Plot|p2a: Gholdengo\n|-boost|p2a: Gholdengo|spa|2\n|\n|-weather|RainDance|[upkeep]\n|-heal|p1a: Rillaboom|88\/100|[from] Grassy Terrain\n|-heal|p2a: Gholdengo|52\/100|[from] Grassy Terrain\n|upkeep\n|turn|14\n|\n|t:|1699299202\n|move|p1a: Rillaboom|Wood Hammer|p2a: Gholdengo\n|-resisted|p2a: Gholdengo\n|-damage|p2a: Gholdengo|16\/100\n|-damage|p1a: Rillaboom|75\/100|[from] Recoil\n|move|p2a: Gholdengo|Recover|p2a: Gholdengo\n|-heal|p2a: Gholdengo|66\/100\n|\n|-weather|RainDance|[upkeep]\n|-heal|p1a: Rillaboom|81\/100|[from] Grassy Terrain\n|-heal|p2a: Gholdengo|72\/100|[from] Grassy Terrain\n|upkeep\n|turn|15\n|c|\u2606mork25|gg?\n|\n|t:|1699299211\n|move|p1a: Rillaboom|Wood Hammer|p2a: Gholdengo\n|-resisted|p2a: Gholdengo\n|-damage|p2a: Gholdengo|36\/100\n|-damage|p1a: Rillaboom|68\/100|[from] Recoil\n|move|p2a: Gholdengo|Recover|p2a: Gholdengo\n|-heal|p2a: Gholdengo|86\/100\n|\n|-weather|RainDance|[upkeep]\n|-heal|p1a: Rillaboom|74\/100|[from] Grassy Terrain\n|-heal|p2a: Gholdengo|92\/100|[from] Grassy Terrain\n|-fieldend|move: Grassy Terrain\n|upkeep\n|turn|16\n|-message|andergamert forfeited.\n|\n|win|mork25\n|raw|andergamert's rating: 1192 &rarr; <strong>1169<\/strong><br \/>(-23 for losing)\n|raw|mork25's rating: 1225 &rarr; <strong>1248<\/strong><br \/>(+23 for winning)\n|l|\u2606andergamert\n","uploadtime":1699299232,"views":8,"p1id":"andergamert","p2id":"mork25","formatid":"gen9doublesou","rating":1169,"private":0,"password":""}