{"id":"gen9doublesou-1983167311","p1":"Sleepoligy","p2":"ohgodilovedilfs","format":"[Gen 9] Doubles OU","log":"|j|\u2606Sleepoligy\n|j|\u2606ohgodilovedilfs\n|t:|1699099344\n|gametype|doubles\n|player|p1|Sleepoligy|brycen|1137\n|player|p2|ohgodilovedilfs|101|1000\n|teamsize|p1|6\n|teamsize|p2|6\n|gen|9\n|tier|[Gen 9] Doubles OU\n|rated|\n|rule|Species Clause: Limit one of each Pok\u00e9mon\n|rule|OHKO Clause: OHKO moves are banned\n|rule|Evasion Moves Clause: Evasion moves are banned\n|rule|Gravity Sleep Clause: The combination of sleep-inducing moves with imperfect accuracy and Gravity or Gigantamax Orbeetle are banned\n|rule|Endless Battle Clause: Forcing endless battles is banned\n|rule|HP Percentage Mod: HP is shown in percentages\n|clearpoke\n|poke|p1|Hippowdon, F|\n|poke|p1|Gligar, M|\n|poke|p1|Toedscruel, M|\n|poke|p1|Landorus-Therian, M|\n|poke|p1|Ursaluna-Bloodmoon, M|\n|poke|p1|Great Tusk|\n|poke|p2|Fezandipiti, M|\n|poke|p2|Iron Hands|\n|poke|p2|Hatterene, F|\n|poke|p2|Garganacl, F|\n|poke|p2|Ninetales-Alola, F|\n|poke|p2|Arcanine-Hisui, F|\n|teampreview\n|inactive|Battle timer is ON: inactive players will automatically lose when time's up. (requested by Sleepoligy)\n|inactive|Sleepoligy has 120 seconds left.\n|inactive|Sleepoligy has 90 seconds left.\n|\n|t:|1699099424\n|start\n|switch|p1a: Toedscruel|Toedscruel, M|100\/100\n|switch|p1b: Landorus|Landorus-Therian, M|100\/100\n|switch|p2a: Iron Hands|Iron Hands|100\/100\n|switch|p2b: Hatterene|Hatterene, F|100\/100\n|-ability|p1b: Landorus|Intimidate|boost\n|-unboost|p2a: Iron Hands|atk|1\n|-unboost|p2b: Hatterene|atk|1\n|turn|1\n|inactive|ohgodilovedilfs has 120 seconds left.\n|\n|t:|1699099462\n|switch|p1b: Ursaluna|Ursaluna-Bloodmoon, M|100\/100\n|move|p2a: Iron Hands|Fake Out|p1b: Ursaluna\n|-damage|p1b: Ursaluna|92\/100\n|move|p1a: Toedscruel|Light Screen|p1a: Toedscruel\n|-sidestart|p1: Sleepoligy|move: Light Screen\n|move|p2b: Hatterene|Trick Room|p2b: Hatterene\n|-fieldstart|move: Trick Room|[of] p2b: Hatterene\n|\n|upkeep\n|turn|2\n|inactive|ohgodilovedilfs has 120 seconds left.\n|inactive|Sleepoligy has 120 seconds left.\n|\n|t:|1699099504\n|-terastallize|p1a: Toedscruel|Ghost\n|move|p1a: Toedscruel|Rage Powder|p1a: Toedscruel\n|-singleturn|p1a: Toedscruel|move: Rage Powder\n|move|p2b: Hatterene|Dazzling Gleam|p1b: Ursaluna|[spread] p1a,p1b\n|-damage|p1a: Toedscruel|85\/100\n|-damage|p1b: Ursaluna|71\/100\n|move|p1b: Ursaluna|Blood Moon|p2b: Hatterene\n|-damage|p2b: Hatterene|0 fnt\n|faint|p2b: Hatterene\n|move|p2a: Iron Hands|Drain Punch|p1a: Toedscruel\n|-immune|p1a: Toedscruel\n|\n|upkeep\n|inactive|ohgodilovedilfs has 90 seconds left.\n|\n|t:|1699099522\n|switch|p2b: Garganacl|Garganacl, F|100\/100\n|turn|3\n|\n|t:|1699099543\n|move|p1a: Toedscruel|Rage Powder|p1a: Toedscruel\n|-singleturn|p1a: Toedscruel|move: Rage Powder\n|move|p2b: Garganacl|Body Press|p1a: Toedscruel\n|-immune|p1a: Toedscruel\n|-activate|p1b: Ursaluna|move: Struggle\n|move|p1b: Ursaluna|Struggle|p2b: Garganacl\n|-damage|p2b: Garganacl|96\/100\n|-damage|p1b: Ursaluna|46\/100|[from] recoil\n|move|p2a: Iron Hands|Drain Punch|p1a: Toedscruel\n|-immune|p1a: Toedscruel\n|\n|-heal|p2b: Garganacl|100\/100|[from] item: Leftovers\n|upkeep\n|turn|4\n|inactive|ohgodilovedilfs has 120 seconds left.\n|\n|t:|1699099562\n|move|p1a: Toedscruel|Rage Powder|p1a: Toedscruel\n|-singleturn|p1a: Toedscruel|move: Rage Powder\n|move|p2b: Garganacl|Rock Slide|p1b: Ursaluna|[spread] p1a,p1b\n|-resisted|p1b: Ursaluna\n|-damage|p1a: Toedscruel|61\/100\n|-damage|p1b: Ursaluna|37\/100\n|move|p1b: Ursaluna|Blood Moon|p2a: Iron Hands\n|-damage|p2a: Iron Hands|11\/100\n|move|p2a: Iron Hands|Rock Slide|p1b: Ursaluna|[spread] p1a,p1b\n|-resisted|p1b: Ursaluna\n|-damage|p1a: Toedscruel|46\/100\n|-damage|p1b: Ursaluna|31\/100\n|\n|upkeep\n|turn|5\n|inactive|ohgodilovedilfs has 120 seconds left.\n|\n|t:|1699099598\n|switch|p1b: Gligar|Gligar, M|100\/100\n|switch|p1a: Landorus|Landorus-Therian, M|100\/100\n|-ability|p1a: Landorus|Intimidate|boost\n|-unboost|p2a: Iron Hands|atk|1\n|-unboost|p2b: Garganacl|atk|1\n|move|p2b: Garganacl|Rock Slide|p1a: Landorus|[spread] p1a,p1b\n|-damage|p1a: Landorus|83\/100\n|-damage|p1b: Gligar|89\/100\n|move|p2a: Iron Hands|Rock Slide|p1b: Gligar|[spread] p1a,p1b\n|-damage|p1a: Landorus|69\/100\n|-damage|p1b: Gligar|81\/100\n|\n|-sideend|p1: Sleepoligy|move: Light Screen\n|-fieldend|move: Trick Room\n|upkeep\n|turn|6\n|inactive|ohgodilovedilfs has 120 seconds left.\n|inactive|ohgodilovedilfs has 90 seconds left.\n|\n|t:|1699099639\n|move|p2a: Iron Hands|Fake Out||[still]\n|-hint|Fake Out only works on your first turn out.\n|-fail|p2a: Iron Hands\n|move|p1a: Landorus|Earthquake|p2b: Garganacl|[spread] p2a,p2b\n|-immune|p1b: Gligar\n|-supereffective|p2a: Iron Hands\n|-supereffective|p2b: Garganacl\n|-damage|p2a: Iron Hands|0 fnt\n|-damage|p2b: Garganacl|48\/100\n|faint|p2a: Iron Hands\n|-end|p2a: Iron Hands|Quark Drive|[silent]\n|move|p1b: Gligar|Tailwind|p1b: Gligar\n|-sidestart|p1: Sleepoligy|move: Tailwind\n|move|p2b: Garganacl|Body Press|p1a: Landorus\n|-resisted|p1a: Landorus\n|-damage|p1a: Landorus|51\/100\n|\n|-heal|p2b: Garganacl|54\/100|[from] item: Leftovers\n|upkeep\n|inactive|ohgodilovedilfs has 90 seconds left.\n|inactive|ohgodilovedilfs has 60 seconds left.\n|\n|t:|1699099700\n|switch|p2a: Ninetales|Ninetales-Alola, F|100\/100\n|-weather|Snow|[from] ability: Snow Warning|[of] p2a: Ninetales\n|turn|7\n|inactive|Sleepoligy has 120 seconds left.\n|\n|t:|1699099738\n|switch|p1b: Hippowdon|Hippowdon, F|100\/100\n|-weather|Sandstorm|[from] ability: Sand Stream|[of] p1b: Hippowdon\n|move|p2b: Garganacl|Protect|p2b: Garganacl\n|-singleturn|p2b: Garganacl|Protect\n|move|p1a: Landorus|Earthquake|p2a: Ninetales|[spread] p1b,p2a\n|-activate|p2b: Garganacl|move: Protect\n|-damage|p1b: Hippowdon|69\/100\n|-damage|p2a: Ninetales|36\/100\n|move|p2a: Ninetales|Blizzard|p1a: Landorus|[spread] p1b\n|-miss|p2a: Ninetales|p1a: Landorus\n|-supereffective|p1b: Hippowdon\n|-damage|p1b: Hippowdon|9\/100\n|-damage|p2a: Ninetales|27\/100|[from] item: Life Orb\n|\n|-weather|Sandstorm|[upkeep]\n|-damage|p2a: Ninetales|21\/100|[from] Sandstorm\n|-heal|p2b: Garganacl|60\/100|[from] item: Leftovers\n|upkeep\n|turn|8\n|inactive|ohgodilovedilfs has 60 seconds left.\n|inactive|ohgodilovedilfs has 30 seconds left.\n|\n|t:|1699099790\n|switch|p1b: Gligar|Gligar, M|81\/100\n|move|p2a: Ninetales|Protect|p2a: Ninetales\n|-singleturn|p2a: Ninetales|Protect\n|move|p1a: Landorus|Earthquake|p2b: Garganacl|[spread] p2b\n|-activate|p2a: Ninetales|move: Protect\n|-immune|p1b: Gligar\n|-supereffective|p2b: Garganacl\n|-damage|p2b: Garganacl|5\/100\n|move|p2b: Garganacl|Body Press|p1a: Landorus\n|-resisted|p1a: Landorus\n|-damage|p1a: Landorus|34\/100\n|\n|-weather|Sandstorm|[upkeep]\n|-damage|p2a: Ninetales|15\/100|[from] Sandstorm\n|-heal|p2b: Garganacl|12\/100|[from] item: Leftovers\n|upkeep\n|turn|9\n|inactive|ohgodilovedilfs has 30 seconds left.\n|inactive|ohgodilovedilfs has 20 seconds left.\n|\n|t:|1699099823\n|move|p2a: Ninetales|Protect||[still]\n|-fail|p2a: Ninetales\n|move|p2b: Garganacl|Protect|p2b: Garganacl\n|-singleturn|p2b: Garganacl|Protect\n|move|p1a: Landorus|Earthquake|p2a: Ninetales|[spread] p2a\n|-activate|p2b: Garganacl|move: Protect\n|-immune|p1b: Gligar\n|-damage|p2a: Ninetales|0 fnt\n|faint|p2a: Ninetales\n|move|p1b: Gligar|Struggle Bug|p2b: Garganacl\n|-activate|p2b: Garganacl|move: Protect\n|\n|-weather|Sandstorm|[upkeep]\n|-heal|p2b: Garganacl|18\/100|[from] item: Leftovers\n|-sideend|p1: Sleepoligy|move: Tailwind\n|upkeep\n|inactive|ohgodilovedilfs has 25 seconds left this turn.\n|inactive|ohgodilovedilfs has 20 seconds left.\n|inactive|ohgodilovedilfs has 15 seconds left.\n|inactive|ohgodilovedilfs has 10 seconds left.\n|inactive|ohgodilovedilfs has 5 seconds left.\n|\n|t:|1699099843\n|switch|p2a: Fezandipiti|Fezandipiti, M|100\/100\n|turn|10\n|inactive|ohgodilovedilfs has 30 seconds left this turn.\n|inactive|ohgodilovedilfs has 20 seconds left.\n|\n|t:|1699099857\n|move|p1a: Landorus|Earthquake|p2a: Fezandipiti|[spread] p2a,p2b\n|-immune|p1b: Gligar\n|-supereffective|p2a: Fezandipiti\n|-supereffective|p2b: Garganacl\n|-damage|p2a: Fezandipiti|0 fnt\n|-damage|p2b: Garganacl|0 fnt\n|faint|p2a: Fezandipiti\n|faint|p2b: Garganacl\n|move|p1b: Gligar|Tailwind|p1b: Gligar\n|-sidestart|p1: Sleepoligy|move: Tailwind\n|\n|-weather|Sandstorm|[upkeep]\n|upkeep\n|inactive|ohgodilovedilfs has 25 seconds left this turn.\n|inactive|ohgodilovedilfs has 20 seconds left.\n|-message|ohgodilovedilfs forfeited.\n|\n|win|Sleepoligy\n|inactive|ohgodilovedilfs has 25 seconds left this turn.\n|raw|Sleepoligy's rating: 1137 &rarr; <strong>1153<\/strong><br \/>(+16 for winning)\n|raw|ohgodilovedilfs's rating: 1000 &rarr; <strong>1000<\/strong><br \/>(+0 for losing)\n|l|\u2606ohgodilovedilfs\n","uploadtime":1699099870,"views":19,"p1id":"sleepoligy","p2id":"ohgodilovedilfs","formatid":"gen9doublesou","rating":1000,"private":0,"password":""}