{"id":"gen9doublesou-1978952100","p1":"squad5","p2":"dpac21","format":"[Gen 9] Doubles OU","log":"|j|\u2606squad5\n|j|\u2606dpac21\n|t:|1698613923\n|gametype|doubles\n|player|p1|squad5|fisherman-gen4|1306\n|player|p2|dpac21|101|1357\n|teamsize|p1|6\n|teamsize|p2|6\n|gen|9\n|tier|[Gen 9] Doubles OU\n|rated|\n|rule|Species Clause: Limit one of each Pok\u00e9mon\n|rule|OHKO Clause: OHKO moves are banned\n|rule|Evasion Moves Clause: Evasion moves are banned\n|rule|Gravity Sleep Clause: The combination of sleep-inducing moves with imperfect accuracy and Gravity or Gigantamax Orbeetle are banned\n|rule|Endless Battle Clause: Forcing endless battles is banned\n|rule|HP Percentage Mod: HP is shown in percentages\n|clearpoke\n|poke|p1|Flutter Mane|\n|poke|p1|Walking Wake|\n|poke|p1|Goodra, M|\n|poke|p1|Garganacl, M|\n|poke|p1|Zapdos|\n|poke|p1|Munkidori, M|\n|poke|p2|Roaring Moon|\n|poke|p2|Clodsire, M|\n|poke|p2|Klefki, F|\n|poke|p2|Ursaring, F|\n|poke|p2|Gardevoir, M|\n|poke|p2|Corviknight, M|\n|teampreview\n|\n|t:|1698613939\n|start\n|switch|p1a: Munkidori|Munkidori, M|100\/100\n|switch|p1b: Zapdos|Zapdos, shiny|100\/100\n|switch|p2a: Klefki|Klefki, F|100\/100\n|switch|p2b: Gardevoir|Gardevoir, M|100\/100\n|turn|1\n|inactive|Battle timer is ON: inactive players will automatically lose when time's up. (requested by squad5)\n|\n|t:|1698613999\n|move|p1a: Munkidori|Fake Out|p2b: Gardevoir\n|-damage|p2b: Gardevoir|89\/100\n|-status|p2b: Gardevoir|tox|[from] ability: Toxic Chain|[of] p1a: Munkidori\n|-activate|p2b: Gardevoir|ability: Synchronize\n|-immune|p1a: Munkidori\n|move|p2a: Klefki|Light Screen|p2a: Klefki\n|-sidestart|p2: dpac21|move: Light Screen\n|cant|p2b: Gardevoir|flinch\n|move|p1b: Zapdos|Tailwind|p1b: Zapdos\n|-sidestart|p1: squad5|move: Tailwind\n|\n|-damage|p2b: Gardevoir|83\/100 tox|[from] psn\n|upkeep\n|turn|2\n|\n|t:|1698614021\n|move|p2a: Klefki|Reflect|p2a: Klefki\n|-sidestart|p2: dpac21|Reflect\n|move|p1a: Munkidori|Sludge Bomb|p2b: Gardevoir\n|-supereffective|p2b: Gardevoir\n|-damage|p2b: Gardevoir|15\/100 tox\n|move|p1b: Zapdos|Thunderbolt|p2b: Gardevoir\n|-damage|p2b: Gardevoir|0 fnt\n|faint|p2b: Gardevoir\n|\n|upkeep\n|\n|t:|1698614033\n|switch|p2b: Clodsire|Clodsire, M|100\/100\n|turn|3\n|inactive|squad5 has 120 seconds left.\n|\n|t:|1698614064\n|switch|p1b: Garganacl|Garganacl, M|100\/100\n|move|p2a: Klefki|Calm Mind|p2a: Klefki\n|-boost|p2a: Klefki|spa|1\n|-boost|p2a: Klefki|spd|1\n|move|p1a: Munkidori|Psychic|p2b: Clodsire\n|-supereffective|p2b: Clodsire\n|-damage|p2b: Clodsire|60\/100\n|move|p2b: Clodsire|Toxic|p1b: Garganacl\n|-immune|p1b: Garganacl|[from] ability: Purifying Salt\n|\n|-heal|p2b: Clodsire|66\/100|[from] item: Leftovers\n|upkeep\n|turn|4\n|\n|t:|1698614081\n|move|p2a: Klefki|Calm Mind|p2a: Klefki\n|-boost|p2a: Klefki|spa|1\n|-boost|p2a: Klefki|spd|1\n|move|p1a: Munkidori|Psychic|p2b: Clodsire\n|-supereffective|p2b: Clodsire\n|-damage|p2b: Clodsire|27\/100\n|move|p1b: Garganacl|Salt Cure|p2a: Klefki\n|-resisted|p2a: Klefki\n|-damage|p2a: Klefki|95\/100\n|-start|p2a: Klefki|Salt Cure\n|move|p2b: Clodsire|Yawn|p1a: Munkidori\n|-start|p1a: Munkidori|move: Yawn|[of] p2b: Clodsire\n|\n|-heal|p2a: Klefki|100\/100|[from] item: Leftovers\n|-heal|p2b: Clodsire|34\/100|[from] item: Leftovers\n|-damage|p2a: Klefki|76\/100|[from] Salt Cure\n|-sideend|p1: squad5|move: Tailwind\n|upkeep\n|turn|5\n|inactive|dpac21 has 120 seconds left.\n|\n|t:|1698614125\n|switch|p2b: Ursaring|Ursaring, F|100\/100\n|move|p2a: Klefki|Calm Mind|p2a: Klefki\n|-boost|p2a: Klefki|spa|1\n|-boost|p2a: Klefki|spd|1\n|move|p1a: Munkidori|Psychic|p2b: Ursaring\n|-damage|p2b: Ursaring|75\/100\n|move|p1b: Garganacl|Stealth Rock|p2a: Klefki\n|-sidestart|p2: dpac21|move: Stealth Rock\n|\n|-heal|p2a: Klefki|82\/100|[from] item: Leftovers\n|-damage|p2a: Klefki|57\/100|[from] Salt Cure\n|-end|p1a: Munkidori|move: Yawn|[silent]\n|-status|p1a: Munkidori|slp\n|-sideend|p2: dpac21|move: Light Screen\n|upkeep\n|turn|6\n|inactive|dpac21 has 120 seconds left.\n|\n|t:|1698614157\n|cant|p1a: Munkidori|slp\n|move|p2a: Klefki|Dazzling Gleam|p1a: Munkidori|[spread] p1a,p1b\n|-resisted|p1a: Munkidori\n|-damage|p1a: Munkidori|78\/100 slp\n|-damage|p1b: Garganacl|73\/100\n|move|p2b: Ursaring|Swords Dance|p2b: Ursaring\n|-boost|p2b: Ursaring|atk|2\n|move|p1b: Garganacl|Salt Cure|p2b: Ursaring\n|-damage|p2b: Ursaring|67\/100\n|-start|p2b: Ursaring|Salt Cure\n|\n|-heal|p2a: Klefki|63\/100|[from] item: Leftovers\n|-heal|p1b: Garganacl|79\/100|[from] item: Leftovers\n|-damage|p2a: Klefki|38\/100|[from] Salt Cure\n|-damage|p2b: Ursaring|55\/100|[from] Salt Cure\n|-sideend|p2: dpac21|Reflect\n|upkeep\n|turn|7\n|inactive|dpac21 has 120 seconds left.\n|\n|t:|1698614182\n|move|p1b: Garganacl|Protect|p1b: Garganacl\n|-singleturn|p1b: Garganacl|Protect\n|cant|p1a: Munkidori|slp\n|move|p2a: Klefki|Dazzling Gleam|p1a: Munkidori|[spread] p1a\n|-activate|p1b: Garganacl|move: Protect\n|-resisted|p1a: Munkidori\n|-damage|p1a: Munkidori|55\/100 slp\n|move|p2b: Ursaring|High Horsepower|p1b: Garganacl\n|-activate|p1b: Garganacl|move: Protect\n|\n|-heal|p2a: Klefki|44\/100|[from] item: Leftovers\n|-heal|p1b: Garganacl|85\/100|[from] item: Leftovers\n|-damage|p2a: Klefki|19\/100|[from] Salt Cure\n|-damage|p2b: Ursaring|42\/100|[from] Salt Cure\n|upkeep\n|turn|8\n|inactive|dpac21 has 120 seconds left.\n|\n|t:|1698614206\n|switch|p1b: Goodra|Goodra, M, shiny|100\/100\n|cant|p1a: Munkidori|slp\n|move|p2a: Klefki|Dazzling Gleam|p1a: Munkidori|[spread] p1a,p1b\n|-resisted|p1a: Munkidori\n|-supereffective|p1b: Goodra\n|-damage|p1a: Munkidori|28\/100 slp\n|-damage|p1b: Goodra|42\/100\n|move|p2b: Ursaring|High Horsepower|p1b: Goodra\n|-damage|p1b: Goodra|0 fnt\n|-damage|p2b: Ursaring|25\/100|[from] item: Rocky Helmet|[of] p1b: Goodra\n|-ability|p1b: Goodra|Gooey\n|-unboost|p2b: Ursaring|spe|1\n|faint|p1b: Goodra\n|\n|-heal|p2a: Klefki|25\/100|[from] item: Leftovers\n|-damage|p2a: Klefki|0 fnt|[from] Salt Cure\n|faint|p2a: Klefki\n|-damage|p2b: Ursaring|13\/100|[from] Salt Cure\n|upkeep\n|inactive|dpac21 has 120 seconds left.\n|\n|t:|1698614234\n|switch|p1b: Zapdos|Zapdos, shiny|100\/100\n|switch|p2a: Corviknight|Corviknight, M, shiny|100\/100\n|turn|9\n|inactive|dpac21 has 120 seconds left.\n|\n|t:|1698614274\n|move|p1b: Zapdos|Protect|p1b: Zapdos\n|-singleturn|p1b: Zapdos|Protect\n|-curestatus|p1a: Munkidori|slp|[msg]\n|move|p1a: Munkidori|Sludge Bomb|p2b: Ursaring\n|-damage|p2b: Ursaring|0 fnt\n|faint|p2b: Ursaring\n|move|p2a: Corviknight|Body Press|p1a: Munkidori\n|-resisted|p1a: Munkidori\n|-damage|p1a: Munkidori|19\/100\n|\n|upkeep\n|inactive|dpac21 has 90 seconds left.\n|\n|t:|1698614297\n|switch|p2b: Roaring Moon|Roaring Moon|100\/100\n|-damage|p2b: Roaring Moon|88\/100|[from] Stealth Rock\n|-enditem|p2b: Roaring Moon|Booster Energy\n|-activate|p2b: Roaring Moon|ability: Protosynthesis|[fromitem]\n|-start|p2b: Roaring Moon|protosynthesisatk\n|turn|10\n|inactive|dpac21 has 90 seconds left.\n|inactive|squad5 has 120 seconds left.\n|\n|t:|1698614335\n|-terastallize|p2b: Roaring Moon|Steel\n|move|p1a: Munkidori|Sludge Bomb|p2b: Roaring Moon\n|-immune|p2b: Roaring Moon\n|move|p2b: Roaring Moon|Knock Off|p1a: Munkidori\n|-supereffective|p1a: Munkidori\n|-damage|p1a: Munkidori|0 fnt\n|-enditem|p1a: Munkidori|Focus Sash|[from] move: Knock Off|[of] p2b: Roaring Moon\n|faint|p1a: Munkidori\n|move|p1b: Zapdos|Tailwind|p1b: Zapdos\n|-sidestart|p1: squad5|move: Tailwind\n|move|p2a: Corviknight|Iron Defense|p2a: Corviknight\n|-boost|p2a: Corviknight|def|2\n|\n|upkeep\n|\n|t:|1698614349\n|switch|p1a: Walking Wake|Walking Wake|100\/100\n|turn|11\n|inactive|dpac21 has 90 seconds left.\n|\n|t:|1698614378\n|-terastallize|p1a: Walking Wake|Fire\n|move|p1a: Walking Wake|Flamethrower|p2b: Roaring Moon\n|-supereffective|p2b: Roaring Moon\n|-damage|p2b: Roaring Moon|0 fnt\n|faint|p2b: Roaring Moon\n|-end|p2b: Roaring Moon|Protosynthesis|[silent]\n|-damage|p1a: Walking Wake|91\/100|[from] item: Life Orb\n|move|p1b: Zapdos|Thunderbolt|p2a: Corviknight\n|-supereffective|p2a: Corviknight\n|-damage|p2a: Corviknight|37\/100\n|move|p2a: Corviknight|Iron Defense|p2a: Corviknight\n|-boost|p2a: Corviknight|def|2\n|\n|upkeep\n|\n|t:|1698614389\n|switch|p2b: Clodsire|Clodsire, M|34\/100\n|-damage|p2b: Clodsire|27\/100|[from] Stealth Rock\n|turn|12\n|\n|t:|1698614398\n|move|p1a: Walking Wake|Dragon Pulse|p2b: Clodsire\n|-damage|p2b: Clodsire|0 fnt\n|faint|p2b: Clodsire\n|-damage|p1a: Walking Wake|81\/100|[from] item: Life Orb\n|move|p1b: Zapdos|Thunderbolt|p2a: Corviknight\n|-supereffective|p2a: Corviknight\n|-damage|p2a: Corviknight|0 fnt\n|faint|p2a: Corviknight\n|\n|win|squad5\n|raw|squad5's rating: 1306 &rarr; <strong>1329<\/strong><br \/>(+23 for winning)\n|raw|dpac21's rating: 1357 &rarr; <strong>1334<\/strong><br \/>(-23 for losing)\n|l|\u2606dpac21\n","uploadtime":1698614411,"views":22,"p1id":"squad5","p2id":"dpac21","formatid":"gen9doublesou","rating":1329,"private":0,"password":""}