{"id":"gen9doublesou-1991375019","p1":"theoneandonlydog","p2":"LeafyGlace","format":"[Gen 9] Doubles OU","log":"|j|\u2606theoneandonlydog\n|j|\u2606LeafyGlace\n|t:|1700071865\n|gametype|doubles\n|player|p1|theoneandonlydog|lucas|\n|player|p2|LeafyGlace|cynthia|\n|teamsize|p1|6\n|teamsize|p2|6\n|gen|9\n|tier|[Gen 9] Doubles OU\n|rule|Species Clause: Limit one of each Pok\u00e9mon\n|rule|OHKO Clause: OHKO moves are banned\n|rule|Evasion Moves Clause: Evasion moves are banned\n|rule|Gravity Sleep Clause: The combination of sleep-inducing moves with imperfect accuracy and Gravity or Gigantamax Orbeetle are banned\n|rule|Endless Battle Clause: Forcing endless battles is banned\n|rule|HP Percentage Mod: HP is shown in percentages\n|clearpoke\n|poke|p1|Indeedee-F, F|\n|poke|p1|Meowscarada, M|\n|poke|p1|Krookodile, F|\n|poke|p1|Sinistcha-Masterpiece|\n|poke|p1|Iron Bundle|\n|poke|p1|Ursaluna, M|\n|poke|p2|Iron Bundle|\n|poke|p2|Glaceon, F|\n|poke|p2|Zoroark-Hisui, F|\n|poke|p2|Ninetales-Alola, M|\n|poke|p2|Baxcalibur, F|\n|poke|p2|Cetitan, F|\n|teampreview\n|\n|t:|1700071892\n|start\n|switch|p1a: Meowscarada|Meowscarada, M|100\/100\n|switch|p1b: Krookodile|Krookodile, F|100\/100\n|switch|p2a: Ninetales|Ninetales-Alola, M|100\/100\n|switch|p2b: Glaceon|Glaceon, F, shiny|100\/100\n|-weather|Snow|[from] ability: Snow Warning|[of] p2a: Ninetales\n|turn|1\n|\n|t:|1700071907\n|-terastallize|p1b: Krookodile|Dragon\n|move|p1a: Meowscarada|Flower Trick|p1b: Krookodile\n|-start|p1a: Meowscarada|typechange|Grass|[from] ability: Protean\n|-resisted|p1b: Krookodile\n|-crit|p1b: Krookodile\n|-damage|p1b: Krookodile|75\/100\n|-setboost|p1b: Krookodile|atk|6|[from] ability: Anger Point\n|move|p2a: Ninetales|Moonblast|p1a: Meowscarada\n|-damage|p1a: Meowscarada|52\/100\n|move|p1b: Krookodile|Earthquake|p2a: Ninetales|[spread] p1a,p2a,p2b\n|-resisted|p1a: Meowscarada\n|-crit|p2a: Ninetales\n|-damage|p1a: Meowscarada|0 fnt\n|-damage|p2a: Ninetales|0 fnt\n|-damage|p2b: Glaceon|2\/100\n|faint|p1a: Meowscarada\n|faint|p2a: Ninetales\n|move|p2b: Glaceon|Shadow Ball|p1b: Krookodile\n|-damage|p1b: Krookodile|35\/100\n|\n|-weather|Snow|[upkeep]\n|-heal|p2b: Glaceon|8\/100|[from] ability: Ice Body\n|-heal|p2b: Glaceon|14\/100|[from] item: Leftovers\n|upkeep\n|\n|t:|1700071931\n|switch|p1a: Indeedee|Indeedee-F, F|100\/100\n|switch|p2a: Cetitan|Cetitan, F|100\/100\n|-fieldstart|move: Psychic Terrain|[from] ability: Psychic Surge|[of] p1a: Indeedee\n|turn|2\n|\n|t:|1700071950\n|move|p1a: Indeedee|Follow Me|p1a: Indeedee\n|-singleturn|p1a: Indeedee|move: Follow Me\n|move|p2a: Cetitan|Earthquake|p1b: Krookodile|[spread] p2b,p1a,p1b\n|-damage|p2b: Glaceon|0 fnt\n|-damage|p1a: Indeedee|61\/100\n|-damage|p1b: Krookodile|0 fnt\n|faint|p2b: Glaceon\n|faint|p1b: Krookodile\n|-damage|p2a: Cetitan|91\/100|[from] item: Life Orb\n|\n|-weather|Snow|[upkeep]\n|-heal|p1a: Indeedee|67\/100|[from] item: Leftovers\n|upkeep\n|\n|t:|1700071968\n|switch|p1b: Ursaluna|Ursaluna, M|100\/100\n|switch|p2b: Iron Bundle|Iron Bundle|100\/100\n|-enditem|p2b: Iron Bundle|Booster Energy\n|-activate|p2b: Iron Bundle|ability: Quark Drive|[fromitem]\n|-start|p2b: Iron Bundle|quarkdrivespe\n|turn|3\n|\n|t:|1700071988\n|move|p1a: Indeedee|Follow Me|p1a: Indeedee\n|-singleturn|p1a: Indeedee|move: Follow Me\n|move|p2b: Iron Bundle|Hydro Pump|p1a: Indeedee|[miss]\n|-miss|p2b: Iron Bundle|p1a: Indeedee\n|move|p2a: Cetitan|Ice Spinner|p1a: Indeedee\n|-damage|p1a: Indeedee|3\/100\n|-fieldend|move: Psychic Terrain\n|-damage|p2a: Cetitan|81\/100|[from] item: Life Orb\n|move|p1b: Ursaluna|Close Combat|p2b: Iron Bundle\n|-supereffective|p2b: Iron Bundle\n|-damage|p2b: Iron Bundle|25\/100\n|-unboost|p1b: Ursaluna|def|1\n|-unboost|p1b: Ursaluna|spd|1\n|\n|-weather|Snow|[upkeep]\n|-heal|p1a: Indeedee|9\/100|[from] item: Leftovers\n|-status|p1b: Ursaluna|brn|[from] item: Flame Orb\n|upkeep\n|turn|4\n|\n|t:|1700072011\n|move|p1a: Indeedee|Helping Hand|p1b: Ursaluna\n|-singleturn|p1b: Ursaluna|Helping Hand|[of] p1a: Indeedee\n|move|p2b: Iron Bundle|Hydro Pump|p1b: Ursaluna\n|-supereffective|p1b: Ursaluna\n|-damage|p1b: Ursaluna|0 fnt\n|faint|p1b: Ursaluna\n|move|p2a: Cetitan|Ice Spinner|p1a: Indeedee\n|-damage|p1a: Indeedee|0 fnt\n|faint|p1a: Indeedee\n|-damage|p2a: Cetitan|71\/100|[from] item: Life Orb\n|\n|-weather|Snow|[upkeep]\n|upkeep\n|\n|t:|1700072017\n|switch|p1a: Sinistcha|Sinistcha-Masterpiece|100\/100\n|switch|p1b: Iron Bundle|Iron Bundle|100\/100\n|turn|5\n|\n|t:|1700072038\n|move|p2b: Iron Bundle|Ice Beam|p1a: Sinistcha\n|-supereffective|p1a: Sinistcha\n|-damage|p1a: Sinistcha|0 fnt\n|faint|p1a: Sinistcha\n|move|p2a: Cetitan|Earthquake|p1b: Iron Bundle|[spread] p2b,p1b\n|-damage|p2b: Iron Bundle|2\/100\n|-damage|p1b: Iron Bundle|75\/100\n|-damage|p2a: Cetitan|61\/100|[from] item: Life Orb\n|move|p1b: Iron Bundle|Chilling Water|p2a: Cetitan\n|-damage|p2a: Cetitan|31\/100\n|-unboost|p2a: Cetitan|atk|1\n|\n|-weather|Snow|[upkeep]\n|upkeep\n|turn|6\n|\n|t:|1700072058\n|move|p2a: Cetitan|Ice Shard|p1b: Iron Bundle\n|-resisted|p1b: Iron Bundle\n|-damage|p1b: Iron Bundle|71\/100\n|-damage|p2a: Cetitan|21\/100|[from] item: Life Orb\n|move|p2b: Iron Bundle|Flip Turn|p1b: Iron Bundle\n|-resisted|p1b: Iron Bundle\n|-damage|p1b: Iron Bundle|64\/100\n|\n|t:|1700072071\n|-end|p2b: Iron Bundle|Quark Drive|[silent]\n|switch|p2b: Iron Bundle|Iron Bundle|100\/100|[from] Flip Turn\n|move|p1b: Iron Bundle|Blizzard|p2b: Iron Bundle|[spread] p2a,p2b\n|-resisted|p2a: Cetitan\n|-damage|p2a: Cetitan|0 fnt\n|-damage|p2b: Iron Bundle|11\/100\n|replace|p2b: Zoroark|Zoroark-Hisui, F\n|-end|p2b: Zoroark|Illusion\n|faint|p2a: Cetitan\n|\n|-weather|Snow|[upkeep]\n|upkeep\n|\n|t:|1700072084\n|switch|p2a: Iron Bundle|Iron Bundle|2\/100\n|turn|7\n|\n|t:|1700072096\n|-terastallize|p2b: Zoroark|Ice\n|move|p1b: Iron Bundle|Blizzard|p2a: Iron Bundle|[spread] p2a,p2b\n|-resisted|p2a: Iron Bundle\n|-resisted|p2b: Zoroark\n|-damage|p2a: Iron Bundle|0 fnt\n|-damage|p2b: Zoroark|0 fnt\n|faint|p2a: Iron Bundle\n|-end|p2a: Iron Bundle|Quark Drive|[silent]\n|faint|p2b: Zoroark\n|\n|-weather|Snow|[upkeep]\n|upkeep\n|\n|t:|1700072103\n|switch|p2a: Baxcalibur|Baxcalibur, F|100\/100\n|turn|8\n|\n|t:|1700072111\n|move|p1b: Iron Bundle|Blizzard|p2a: Baxcalibur\n|-damage|p2a: Baxcalibur|41\/100\n|move|p2a: Baxcalibur|Scale Shot|p1b: Iron Bundle\n|-damage|p1b: Iron Bundle|51\/100\n|-damage|p1b: Iron Bundle|39\/100\n|-damage|p1b: Iron Bundle|28\/100\n|-damage|p1b: Iron Bundle|17\/100\n|-damage|p1b: Iron Bundle|6\/100\n|-hitcount|p1b: Iron Bundle|5\n|-unboost|p2a: Baxcalibur|def|1\n|-boost|p2a: Baxcalibur|spe|1\n|\n|-weather|none\n|upkeep\n|turn|9\n|\n|t:|1700072131\n|move|p2a: Baxcalibur|Scale Shot|p1b: Iron Bundle\n|-damage|p1b: Iron Bundle|0 fnt\n|faint|p1b: Iron Bundle\n|-end|p1b: Iron Bundle|Quark Drive|[silent]\n|-hitcount|p1: Iron Bundle|1\n|\n|win|LeafyGlace\n","uploadtime":1700072177,"views":10,"p1id":"theoneandonlydog","p2id":"leafyglace","formatid":"gen9doublesou","rating":0,"private":0,"password":""}