{"id":"gen9doublesou-1978019963","p1":"HaZZaLaDDa","p2":"fireflybutterfly","format":"[Gen 9] Doubles OU","log":"|j|\u2606HaZZaLaDDa\n|j|\u2606fireflybutterfly\n|t:|1698485745\n|gametype|doubles\n|player|p1|HaZZaLaDDa|policeman-gen4|1164\n|player|p2|fireflybutterfly|1|1021\n|teamsize|p1|6\n|teamsize|p2|6\n|gen|9\n|tier|[Gen 9] Doubles OU\n|rated|\n|rule|Species Clause: Limit one of each Pok\u00e9mon\n|rule|OHKO Clause: OHKO moves are banned\n|rule|Evasion Moves Clause: Evasion moves are banned\n|rule|Gravity Sleep Clause: The combination of sleep-inducing moves with imperfect accuracy and Gravity or Gigantamax Orbeetle are banned\n|rule|Endless Battle Clause: Forcing endless battles is banned\n|rule|HP Percentage Mod: HP is shown in percentages\n|clearpoke\n|poke|p1|Scovillain, M|\n|poke|p1|Murkrow, M|\n|poke|p1|Dragapult, F|\n|poke|p1|Tinkaton, F|\n|poke|p1|Medicham, F|\n|poke|p1|Gyarados, M|\n|poke|p2|Oricorio-Pom-Pom, M|\n|poke|p2|Quaquaval, M|\n|poke|p2|Volcarona, F|\n|poke|p2|Flamigo, F|\n|poke|p2|Meowscarada, M|\n|poke|p2|Tauros-Paldea-Blaze, M|\n|teampreview\n|inactive|Battle timer is ON: inactive players will automatically lose when time's up. (requested by fireflybutterfly)\n|\n|t:|1698485762\n|start\n|switch|p1a: Medicham|Medicham, F|100\/100\n|switch|p1b: Tinkaton|Tinkaton, F, shiny|100\/100\n|switch|p2a: Meowscarada|Meowscarada, M|100\/100\n|switch|p2b: Tauros|Tauros-Paldea-Blaze, M|100\/100\n|-item|p1b: Tinkaton|Air Balloon\n|turn|1\n|\n|t:|1698485790\n|move|p2a: Meowscarada|Flower Trick|p2b: Tauros\n|-start|p2a: Meowscarada|typechange|Grass|[from] ability: Protean\n|-resisted|p2b: Tauros\n|-crit|p2b: Tauros\n|-damage|p2b: Tauros|78\/100\n|-setboost|p2b: Tauros|atk|6|[from] ability: Anger Point\n|move|p1b: Tinkaton|Knock Off|p2b: Tauros\n|-resisted|p2b: Tauros\n|-damage|p2b: Tauros|67\/100\n|-enditem|p2b: Tauros|Safety Goggles|[from] move: Knock Off|[of] p1b: Tinkaton\n|move|p2b: Tauros|Raging Bull|p1b: Tinkaton\n|-supereffective|p1b: Tinkaton\n|-damage|p1b: Tinkaton|0 fnt\n|-enditem|p1b: Tinkaton|Air Balloon\n|faint|p1b: Tinkaton\n|move|p1a: Medicham|Skill Swap|p1: Tinkaton|[notarget]\n|-fail|p1a: Medicham\n|\n|upkeep\n|inactive|HaZZaLaDDa has 120 seconds left.\n|\n|t:|1698485811\n|switch|p1b: Gyarados|Gyarados, M|100\/100\n|-ability|p1b: Gyarados|Intimidate|boost\n|-unboost|p2a: Meowscarada|atk|1\n|-unboost|p2b: Tauros|atk|1\n|turn|2\n|\n|t:|1698485820\n|move|p1a: Medicham|Helping Hand|p1b: Gyarados\n|-singleturn|p1b: Gyarados|Helping Hand|[of] p1a: Medicham\n|move|p2a: Meowscarada|Pollen Puff|p2b: Tauros\n|-heal|p2b: Tauros|100\/100\n|move|p1b: Gyarados|Waterfall|p2b: Tauros\n|-supereffective|p2b: Tauros\n|-damage|p2b: Tauros|0 fnt\n|faint|p2b: Tauros\n|\n|upkeep\n|\n|t:|1698485831\n|switch|p2b: Oricorio|Oricorio-Pom-Pom, M|100\/100\n|turn|3\n|\n|t:|1698485848\n|move|p1b: Gyarados|Protect|p1b: Gyarados\n|-singleturn|p1b: Gyarados|Protect\n|move|p2a: Meowscarada|Sucker Punch||[still]\n|-fail|p2a: Meowscarada\n|move|p2b: Oricorio|Revelation Dance|p1b: Gyarados\n|-activate|p1b: Gyarados|move: Protect\n|move|p1a: Medicham|Skill Swap|p2b: Oricorio\n|-activate|p1a: Medicham|move: Skill Swap|Dancer|Pure Power|[of] p2b: Oricorio\n|\n|upkeep\n|turn|4\n|\n|t:|1698485868\n|move|p2a: Meowscarada|Flower Trick|p1a: Medicham\n|-crit|p1a: Medicham\n|-damage|p1a: Medicham|47\/100\n|move|p2b: Oricorio|Revelation Dance|p1b: Gyarados\n|-supereffective|p1b: Gyarados\n|-damage|p1b: Gyarados|0 fnt\n|faint|p1b: Gyarados\n|-activate|p1a: Medicham|ability: Dancer\n|move|p1a: Medicham|Revelation Dance|p2b: Oricorio|[from]ability: Dancer\n|-resisted|p2b: Oricorio\n|-damage|p2b: Oricorio|88\/100\n|move|p1a: Medicham|Skill Swap|p1: Gyarados|[notarget]\n|-fail|p1a: Medicham\n|\n|-heal|p2b: Oricorio|94\/100|[from] item: Leftovers\n|upkeep\n|inactive|HaZZaLaDDa has 120 seconds left.\n|\n|t:|1698485890\n|switch|p1b: Murkrow|Murkrow, M|100\/100\n|turn|5\n|\n|t:|1698485906\n|move|p1a: Medicham|Feint|p2b: Oricorio\n|-damage|p2b: Oricorio|87\/100\n|move|p1b: Murkrow|Tailwind|p1b: Murkrow\n|-sidestart|p1: HaZZaLaDDa|move: Tailwind\n|move|p2a: Meowscarada|Flower Trick|p1a: Medicham\n|-crit|p1a: Medicham\n|-damage|p1a: Medicham|0 fnt\n|faint|p1a: Medicham\n|move|p2b: Oricorio|Revelation Dance|p1b: Murkrow\n|-supereffective|p1b: Murkrow\n|-damage|p1b: Murkrow|23\/100\n|\n|-heal|p2b: Oricorio|94\/100|[from] item: Leftovers\n|upkeep\n|inactive|HaZZaLaDDa has 120 seconds left.\n|\n|t:|1698485922\n|switch|p1a: Scovillain|Scovillain, M|100\/100\n|turn|6\n|\n|t:|1698485939\n|move|p1a: Scovillain|Overheat|p2a: Meowscarada\n|-supereffective|p2a: Meowscarada\n|-enditem|p2a: Meowscarada|Focus Sash\n|-damage|p2a: Meowscarada|1\/100\n|-unboost|p1a: Scovillain|spa|2\n|move|p1b: Murkrow|Foul Play|p2b: Oricorio\n|-damage|p2b: Oricorio|66\/100\n|move|p2a: Meowscarada|Flower Trick|p1b: Murkrow\n|-resisted|p1b: Murkrow\n|-crit|p1b: Murkrow\n|-damage|p1b: Murkrow|1\/100\n|move|p2b: Oricorio|Air Slash|p1a: Scovillain\n|-supereffective|p1a: Scovillain\n|-damage|p1a: Scovillain|30\/100\n|\n|-heal|p1a: Scovillain|36\/100|[from] item: Leftovers\n|-heal|p2b: Oricorio|72\/100|[from] item: Leftovers\n|upkeep\n|turn|7\n|\n|t:|1698485962\n|move|p1a: Scovillain|Protect|p1a: Scovillain\n|-singleturn|p1a: Scovillain|Protect\n|move|p2a: Meowscarada|Sucker Punch|p1b: Murkrow\n|-resisted|p1b: Murkrow\n|-damage|p1b: Murkrow|0 fnt\n|faint|p1b: Murkrow\n|move|p2b: Oricorio|Air Slash|p1a: Scovillain\n|-activate|p1a: Scovillain|move: Protect\n|\n|-heal|p1a: Scovillain|42\/100|[from] item: Leftovers\n|-heal|p2b: Oricorio|78\/100|[from] item: Leftovers\n|upkeep\n|\n|t:|1698485974\n|switch|p1b: Dragapult|Dragapult, F|100\/100\n|turn|8\n|\n|t:|1698485986\n|move|p2a: Meowscarada|Sucker Punch||[still]\n|-fail|p2a: Meowscarada\n|move|p1b: Dragapult|Dragon Dance|p1b: Dragapult\n|-boost|p1b: Dragapult|atk|1\n|-boost|p1b: Dragapult|spe|1\n|move|p1a: Scovillain|Spicy Extract|p1b: Dragapult\n|-fail|p1b: Dragapult|unboost|[from] ability: Clear Body|[of] p1b: Dragapult\n|-boost|p1b: Dragapult|atk|2\n|move|p2b: Oricorio|Air Slash|p1a: Scovillain\n|-supereffective|p1a: Scovillain\n|-damage|p1a: Scovillain|0 fnt\n|faint|p1a: Scovillain\n|\n|-heal|p2b: Oricorio|84\/100|[from] item: Leftovers\n|-sideend|p1: HaZZaLaDDa|move: Tailwind\n|upkeep\n|turn|9\n|\n|t:|1698486011\n|-terastallize|p1b: Dragapult|Dragon\n|move|p2a: Meowscarada|Sucker Punch|p1b: Dragapult\n|-damage|p1b: Dragapult|82\/100\n|move|p1b: Dragapult|Dragon Darts|p2a: Meowscarada\n|-damage|p2a: Meowscarada|0 fnt\n|-anim|p1b: Dragapult|Dragon Darts|p2b: Oricorio\n|-damage|p2b: Oricorio|0 fnt\n|faint|p2a: Meowscarada\n|faint|p2b: Oricorio\n|-damage|p1b: Dragapult|72\/100|[from] item: Life Orb\n|\n|upkeep\n|\n|t:|1698486019\n|switch|p2a: Quaquaval|Quaquaval, M|100\/100\n|switch|p2b: Volcarona|Volcarona, F|100\/100\n|turn|10\n|\n|t:|1698486038\n|move|p1b: Dragapult|Dragon Darts|p2a: Quaquaval\n|-damage|p2a: Quaquaval|0 fnt\n|-anim|p1b: Dragapult|Dragon Darts|p2b: Volcarona\n|-enditem|p2b: Volcarona|Focus Sash\n|-damage|p2b: Volcarona|1\/100\n|faint|p2a: Quaquaval\n|-damage|p1b: Dragapult|62\/100|[from] item: Life Orb\n|move|p2b: Volcarona|Fiery Dance|p1b: Dragapult\n|-resisted|p1b: Dragapult\n|-damage|p1b: Dragapult|29\/100\n|-boost|p2b: Volcarona|spa|1\n|\n|upkeep\n|\n|t:|1698486043\n|switch|p2a: Flamigo|Flamigo, F|100\/100\n|-copyboost|p2a: Flamigo|p2b: Volcarona|[from] ability: Costar\n|turn|11\n|\n|t:|1698486060\n|move|p2b: Volcarona|Protect|p2b: Volcarona\n|-singleturn|p2b: Volcarona|Protect\n|move|p1b: Dragapult|Dragon Darts|p2a: Flamigo\n|-enditem|p2a: Flamigo|Focus Sash\n|-damage|p2a: Flamigo|1\/100\n|-anim|p1b: Dragapult|Dragon Darts|p2a: Flamigo\n|-crit|p2a: Flamigo\n|-damage|p2a: Flamigo|0 fnt\n|faint|p2a: Flamigo\n|-damage|p1b: Dragapult|19\/100|[from] item: Life Orb\n|\n|upkeep\n|turn|12\n|-message|fireflybutterfly forfeited.\n|\n|win|HaZZaLaDDa\n|raw|HaZZaLaDDa's rating: 1164 &rarr; <strong>1179<\/strong><br \/>(+15 for winning)\n|raw|fireflybutterfly's rating: 1021 &rarr; <strong>1013<\/strong><br \/>(-8 for losing)\n|l|\u2606fireflybutterfly\n","uploadtime":1698486076,"views":38,"p1id":"hazzaladda","p2id":"fireflybutterfly","formatid":"gen9doublesou","rating":1013,"private":0,"password":""}