{"id":"gen9doublesou-1973596562","p1":"12123434a","p2":"skullnoob17","format":"[Gen 9] Doubles OU","log":"|j|\u260612123434a\n|j|\u2606skullnoob17\n|t:|1697994506\n|gametype|doubles\n|player|p1|12123434a|twins-gen4dp|1593\n|player|p2|skullnoob17|colress|1398\n|teamsize|p1|6\n|teamsize|p2|6\n|gen|9\n|tier|[Gen 9] Doubles OU\n|rated|\n|rule|Species Clause: Limit one of each Pok\u00e9mon\n|rule|OHKO Clause: OHKO moves are banned\n|rule|Evasion Moves Clause: Evasion moves are banned\n|rule|Gravity Sleep Clause: The combination of sleep-inducing moves with imperfect accuracy and Gravity or Gigantamax Orbeetle are banned\n|rule|Endless Battle Clause: Forcing endless battles is banned\n|rule|HP Percentage Mod: HP is shown in percentages\n|clearpoke\n|poke|p1|Chien-Pao|\n|poke|p1|Dragonite, M|\n|poke|p1|Gholdengo|\n|poke|p1|Chi-Yu|\n|poke|p1|Enamorus-Therian, F|\n|poke|p1|Glimmora, M|\n|poke|p2|Oricorio-Sensu, F|\n|poke|p2|Quaquaval, M|\n|poke|p2|Volcarona, M|\n|poke|p2|Grimmsnarl, M|\n|poke|p2|Amoonguss, F|\n|poke|p2|Landorus-Therian, M|\n|teampreview\n|inactive|Battle timer is ON: inactive players will automatically lose when time's up. (requested by 12123434a)\n|inactive|skullnoob17 has 120 seconds left.\n|inactive|skullnoob17 has 90 seconds left.\n|\n|t:|1697994581\n|start\n|switch|p1a: Enamorus|Enamorus-Therian, F|100\/100\n|switch|p1b: Glimmora|Glimmora, M|100\/100\n|switch|p2a: Grimmsnarl|Grimmsnarl, M|100\/100\n|switch|p2b: Landorus|Landorus-Therian, M|100\/100\n|-ability|p2b: Landorus|Intimidate|boost\n|-unboost|p1a: Enamorus|atk|1\n|-unboost|p1b: Glimmora|atk|1\n|turn|1\n|\n|t:|1697994598\n|move|p2a: Grimmsnarl|Fake Out|p1b: Glimmora\n|-resisted|p1b: Glimmora\n|-damage|p1b: Glimmora|90\/100\n|-activate|p1b: Glimmora|ability: Toxic Debris\n|-sidestart|p2: skullnoob17|move: Toxic Spikes\n|-damage|p2a: Grimmsnarl|91\/100|[from] item: Life Orb\n|move|p2b: Landorus|Rock Slide|p1b: Glimmora|[spread] p1a\n|-miss|p2b: Landorus|p1b: Glimmora\n|-supereffective|p1a: Enamorus\n|-damage|p1a: Enamorus|52\/100\n|-damage|p2b: Landorus|91\/100|[from] item: Life Orb\n|cant|p1b: Glimmora|flinch\n|move|p1a: Enamorus|Springtide Storm|p2a: Grimmsnarl|[spread] p2b\n|-miss|p1a: Enamorus|p2a: Grimmsnarl\n|-damage|p2b: Landorus|36\/100\n|-unboost|p2b: Landorus|atk|1\n|\n|upkeep\n|turn|2\n|\n|t:|1697994621\n|switch|p2b: Amoonguss|Amoonguss, F|100\/100\n|-sideend|p2: skullnoob17|move: Toxic Spikes|[of] p2b: Amoonguss\n|move|p2a: Grimmsnarl|Parting Shot|p1a: Enamorus\n|-unboost|p1a: Enamorus|atk|1\n|-unboost|p1a: Enamorus|spa|1\n|\n|t:|1697994633\n|switch|p2a: Landorus|Landorus-Therian, M|36\/100|[from] Parting Shot\n|-ability|p2a: Landorus|Intimidate|boost\n|-unboost|p1a: Enamorus|atk|1\n|-unboost|p1b: Glimmora|atk|1\n|move|p1b: Glimmora|Mortal Spin|p2a: Landorus|[spread] p2a,p2b\n|-resisted|p2a: Landorus\n|-damage|p2a: Landorus|35\/100\n|-damage|p2b: Amoonguss|98\/100\n|-status|p2a: Landorus|psn\n|-damage|p1b: Glimmora|73\/100|[from] item: Rocky Helmet|[of] p2b: Amoonguss\n|move|p1a: Enamorus|Springtide Storm|p2b: Amoonguss|[spread] p2a,p2b\n|-crit|p2a: Landorus\n|-resisted|p2b: Amoonguss\n|-damage|p2a: Landorus|0 fnt\n|-damage|p2b: Amoonguss|84\/100\n|faint|p2a: Landorus\n|\n|upkeep\n|inactive|skullnoob17 has 120 seconds left.\n|\n|t:|1697994649\n|switch|p2a: Grimmsnarl|Grimmsnarl, M|91\/100\n|turn|3\n|\n|t:|1697994661\n|move|p2a: Grimmsnarl|Fake Out|p1b: Glimmora\n|-resisted|p1b: Glimmora\n|-damage|p1b: Glimmora|62\/100\n|-activate|p1b: Glimmora|ability: Toxic Debris\n|-sidestart|p2: skullnoob17|move: Toxic Spikes\n|-damage|p2a: Grimmsnarl|81\/100|[from] item: Life Orb\n|cant|p1b: Glimmora|flinch\n|move|p1a: Enamorus|Springtide Storm|p2a: Grimmsnarl|[spread] p2a,p2b\n|-supereffective|p2a: Grimmsnarl\n|-resisted|p2b: Amoonguss\n|-damage|p2a: Grimmsnarl|18\/100\n|-damage|p2b: Amoonguss|70\/100\n|move|p2b: Amoonguss|Sludge Bomb|p1a: Enamorus\n|-supereffective|p1a: Enamorus\n|-damage|p1a: Enamorus|0 fnt\n|faint|p1a: Enamorus\n|\n|upkeep\n|\n|t:|1697994676\n|switch|p1a: Gholdengo|Gholdengo|100\/100\n|turn|4\n|\n|t:|1697994689\n|move|p2a: Grimmsnarl|Sucker Punch||[still]\n|-fail|p2a: Grimmsnarl\n|move|p1b: Glimmora|Stealth Rock|p2a: Grimmsnarl\n|-sidestart|p2: skullnoob17|move: Stealth Rock\n|move|p1a: Gholdengo|Reflect|p1a: Gholdengo\n|-sidestart|p1: 12123434a|Reflect\n|move|p2b: Amoonguss|Spore|p1b: Glimmora\n|-status|p1b: Glimmora|slp|[from] move: Spore\n|\n|upkeep\n|turn|5\n|inactive|skullnoob17 has 120 seconds left.\n|\n|t:|1697994721\n|move|p2a: Grimmsnarl|Sucker Punch|p1a: Gholdengo\n|-supereffective|p1a: Gholdengo\n|-damage|p1a: Gholdengo|26\/100\n|-damage|p2a: Grimmsnarl|8\/100|[from] item: Life Orb\n|cant|p1b: Glimmora|slp\n|move|p1a: Gholdengo|Shadow Ball|p2b: Amoonguss\n|-damage|p2b: Amoonguss|27\/100\n|move|p2b: Amoonguss|Sludge Bomb|p1b: Glimmora\n|-resisted|p1b: Glimmora\n|-damage|p1b: Glimmora|50\/100 slp\n|\n|-heal|p1a: Gholdengo|32\/100|[from] item: Leftovers\n|upkeep\n|turn|6\n|\n|t:|1697994740\n|move|p2a: Grimmsnarl|Sucker Punch||[still]\n|-fail|p2a: Grimmsnarl\n|cant|p1b: Glimmora|slp\n|move|p1a: Gholdengo|Light Screen|p1a: Gholdengo\n|-sidestart|p1: 12123434a|move: Light Screen\n|move|p2b: Amoonguss|Pollen Puff|p2a: Grimmsnarl\n|-heal|p2a: Grimmsnarl|58\/100\n|\n|-heal|p1a: Gholdengo|38\/100|[from] item: Leftovers\n|upkeep\n|turn|7\n|\n|t:|1697994760\n|move|p2a: Grimmsnarl|Sucker Punch||[still]\n|-fail|p2a: Grimmsnarl\n|-curestatus|p1b: Glimmora|slp|[msg]\n|move|p1b: Glimmora|Mortal Spin|p2a: Grimmsnarl|[spread] p2a,p2b\n|-supereffective|p2a: Grimmsnarl\n|-damage|p2a: Grimmsnarl|53\/100\n|-damage|p2b: Amoonguss|24\/100\n|-status|p2a: Grimmsnarl|psn\n|-damage|p1b: Glimmora|34\/100|[from] item: Rocky Helmet|[of] p2b: Amoonguss\n|move|p1a: Gholdengo|Reflect||[still]\n|-fail|p1a: Gholdengo\n|move|p2b: Amoonguss|Sludge Bomb|p1b: Glimmora\n|-resisted|p1b: Glimmora\n|-damage|p1b: Glimmora|27\/100\n|\n|-heal|p1a: Gholdengo|44\/100|[from] item: Leftovers\n|-damage|p2a: Grimmsnarl|40\/100 psn|[from] psn\n|upkeep\n|turn|8\n|inactive|12123434a has 120 seconds left.\n|\n|t:|1697994804\n|switch|p2b: Oricorio|Oricorio-Sensu, F|100\/100\n|-damage|p2b: Oricorio|76\/100|[from] Stealth Rock\n|move|p1b: Glimmora|Power Gem|p2b: Oricorio\n|-supereffective|p2b: Oricorio\n|-damage|p2b: Oricorio|0 fnt\n|faint|p2b: Oricorio\n|move|p1a: Gholdengo|Make It Rain|p2a: Grimmsnarl\n|-supereffective|p2a: Grimmsnarl\n|-damage|p2a: Grimmsnarl|0 fnt\n|-unboost|p1a: Gholdengo|spa|1\n|faint|p2a: Grimmsnarl\n|\n|-heal|p1a: Gholdengo|50\/100|[from] item: Leftovers\n|-sideend|p1: 12123434a|Reflect\n|upkeep\n|inactive|skullnoob17 has 120 seconds left.\n|\n|t:|1697994825\n|switch|p2b: Quaquaval|Quaquaval, M|100\/100\n|switch|p2a: Amoonguss|Amoonguss, F|57\/100\n|-status|p2b: Quaquaval|psn\n|-damage|p2b: Quaquaval|94\/100 psn|[from] Stealth Rock\n|-sideend|p2: skullnoob17|move: Toxic Spikes|[of] p2a: Amoonguss\n|-damage|p2a: Amoonguss|45\/100|[from] Stealth Rock\n|turn|9\n|inactive|skullnoob17 has 120 seconds left.\n|\n|t:|1697994847\n|move|p1b: Glimmora|Power Gem|p2a: Amoonguss\n|-damage|p2a: Amoonguss|8\/100\n|move|p2b: Quaquaval|Aqua Step|p1b: Glimmora\n|-supereffective|p1b: Glimmora\n|-crit|p1b: Glimmora\n|-damage|p1b: Glimmora|0 fnt\n|-boost|p2b: Quaquaval|spe|1\n|-activate|p1b: Glimmora|ability: Toxic Debris\n|-sidestart|p2: skullnoob17|move: Toxic Spikes\n|faint|p1b: Glimmora\n|-ability|p2b: Quaquaval|Moxie|boost\n|-boost|p2b: Quaquaval|atk|1\n|move|p1a: Gholdengo|Reflect|p1a: Gholdengo\n|-sidestart|p1: 12123434a|Reflect\n|move|p2a: Amoonguss|Sludge Bomb|p1a: Gholdengo\n|-immune|p1a: Gholdengo\n|\n|-heal|p1a: Gholdengo|56\/100|[from] item: Leftovers\n|-damage|p2b: Quaquaval|82\/100 psn|[from] psn\n|upkeep\n|inactive|12123434a has 120 seconds left.\n|\n|t:|1697994880\n|switch|p1b: Dragonite|Dragonite, M|100\/100\n|turn|10\n|\n|t:|1697994888\n|switch|p2a: Volcarona|Volcarona, M|100\/100\n|-damage|p2a: Volcarona|50\/100|[from] Stealth Rock\n|-status|p2a: Volcarona|psn\n|move|p2b: Quaquaval|Ice Spinner|p1b: Dragonite\n|-supereffective|p1b: Dragonite\n|-damage|p1b: Dragonite|52\/100\n|move|p1a: Gholdengo|Make It Rain|p2a: Volcarona|[spread] p2a,p2b\n|-resisted|p2a: Volcarona\n|-resisted|p2b: Quaquaval\n|-damage|p2a: Volcarona|33\/100 psn\n|-damage|p2b: Quaquaval|58\/100 psn\n|-unboost|p1a: Gholdengo|spa|1\n|move|p1b: Dragonite|Dragon Dance|p1b: Dragonite\n|-boost|p1b: Dragonite|atk|1\n|-boost|p1b: Dragonite|spe|1\n|\n|-heal|p1a: Gholdengo|62\/100|[from] item: Leftovers\n|-heal|p2a: Volcarona|39\/100 psn|[from] item: Leftovers\n|-damage|p2b: Quaquaval|46\/100 psn|[from] psn\n|-damage|p2a: Volcarona|27\/100 psn|[from] psn\n|-sideend|p1: 12123434a|move: Light Screen\n|upkeep\n|turn|11\n|inactive|12123434a has 120 seconds left.\n|\n|t:|1697994927\n|-terastallize|p1b: Dragonite|Normal\n|move|p2b: Quaquaval|Protect|p2b: Quaquaval\n|-singleturn|p2b: Quaquaval|Protect\n|move|p1b: Dragonite|Extreme Speed|p2b: Quaquaval\n|-activate|p2b: Quaquaval|move: Protect\n|move|p1a: Gholdengo|Shadow Ball|p2a: Volcarona\n|-damage|p2a: Volcarona|0 fnt\n|faint|p2a: Volcarona\n|\n|-heal|p1a: Gholdengo|68\/100|[from] item: Leftovers\n|-damage|p2b: Quaquaval|34\/100 psn|[from] psn\n|upkeep\n|inactive|skullnoob17 has 120 seconds left.\n|-message|skullnoob17 forfeited.\n|\n|win|12123434a\n|raw|12123434a's rating: 1593 &rarr; <strong>1603<\/strong><br \/>(+10 for winning)\n|raw|skullnoob17's rating: 1398 &rarr; <strong>1388<\/strong><br \/>(-10 for losing)\n|l|\u2606skullnoob17\n","uploadtime":1697994946,"views":19,"p1id":"12123434a","p2id":"skullnoob17","formatid":"gen9doublesou","rating":1388,"private":0,"password":""}