{"id":"gen9doublesou-1974990480","p1":"coar1111","p2":"Absolitary37","format":"[Gen 9] Doubles OU","log":"|j|\u2606coar1111\n|j|\u2606Absolitary37\n|t:|1698152795\n|gametype|doubles\n|player|p1|coar1111|roark|1095\n|player|p2|Absolitary37|grimsley|1020\n|teamsize|p1|6\n|teamsize|p2|6\n|gen|9\n|tier|[Gen 9] Doubles OU\n|rated|\n|rule|Species Clause: Limit one of each Pok\u00e9mon\n|rule|OHKO Clause: OHKO moves are banned\n|rule|Evasion Moves Clause: Evasion moves are banned\n|rule|Gravity Sleep Clause: The combination of sleep-inducing moves with imperfect accuracy and Gravity or Gigantamax Orbeetle are banned\n|rule|Endless Battle Clause: Forcing endless battles is banned\n|rule|HP Percentage Mod: HP is shown in percentages\n|clearpoke\n|poke|p1|Drednaw, M|\n|poke|p1|Torterra, M|\n|poke|p1|Skeledirge, M|\n|poke|p1|Krookodile, M|\n|poke|p1|Arbok, M|\n|poke|p1|Kommo-o, M|\n|poke|p2|Torkoal, F|\n|poke|p2|Chandelure, F|\n|poke|p2|Sinistcha-Masterpiece|\n|poke|p2|Ogerpon-Wellspring, F|\n|poke|p2|Leavanny, M|\n|poke|p2|Ceruledge, M|\n|teampreview\n|c|\u2606Absolitary37|glhf\n|\n|t:|1698152804\n|start\n|switch|p1a: Drednaw|Drednaw, M, shiny|100\/100\n|switch|p1b: Skeledirge|Skeledirge, M|100\/100\n|switch|p2a: bombastic|Torkoal, F|100\/100\n|switch|p2b: special fire|Chandelure, F|100\/100\n|-weather|SunnyDay|[from] ability: Drought|[of] p2a: bombastic\n|turn|1\n|c|\u2606coar1111|What up\n|\n|t:|1698152822\n|move|p2b: special fire|Shadow Ball|p1b: Skeledirge\n|-supereffective|p1b: Skeledirge\n|-crit|p1b: Skeledirge\n|-damage|p1b: Skeledirge|0 fnt\n|faint|p1b: Skeledirge\n|move|p1a: Drednaw|Shell Smash|p1a: Drednaw\n|-unboost|p1a: Drednaw|def|1\n|-unboost|p1a: Drednaw|spd|1\n|-boost|p1a: Drednaw|atk|2\n|-boost|p1a: Drednaw|spa|2\n|-boost|p1a: Drednaw|spe|2\n|-enditem|p1a: Drednaw|White Herb\n|-clearnegativeboost|p1a: Drednaw|[silent]\n|move|p2a: bombastic|Solar Beam||[still]\n|-prepare|p2a: bombastic|Solar Beam\n|-anim|p2a: bombastic|Solar Beam|p1a: Drednaw\n|-supereffective|p1a: Drednaw\n|-damage|p1a: Drednaw|0 fnt\n|faint|p1a: Drednaw\n|\n|-weather|SunnyDay|[upkeep]\n|upkeep\n|c|\u2606Absolitary37|did crit matter?\n|c|\u2606Absolitary37|maybe...\n|\n|t:|1698152838\n|switch|p1a: Torterra|Torterra, M, shiny|100\/100\n|switch|p1b: Arbok|Arbok, M, shiny|100\/100\n|-ability|p1b: Arbok|Intimidate|boost\n|-unboost|p2a: bombastic|atk|1\n|-unboost|p2b: special fire|atk|1\n|turn|2\n|\n|t:|1698152847\n|switch|p2b: physical fire|Ceruledge, M|100\/100\n|-terastallize|p1a: Torterra|Rock\n|move|p1b: Arbok|Knock Off|p2b: physical fire\n|-supereffective|p2b: physical fire\n|-damage|p2b: physical fire|19\/100\n|-enditem|p2b: physical fire|Life Orb|[from] move: Knock Off|[of] p1b: Arbok\n|move|p1a: Torterra|Shell Smash|p1a: Torterra\n|-unboost|p1a: Torterra|def|1\n|-unboost|p1a: Torterra|spd|1\n|-boost|p1a: Torterra|atk|2\n|-boost|p1a: Torterra|spa|2\n|-boost|p1a: Torterra|spe|2\n|-enditem|p1a: Torterra|White Herb\n|-clearnegativeboost|p1a: Torterra|[silent]\n|move|p2a: bombastic|Lava Plume|p1a: Torterra|[spread] p1a,p1b\n|-start|p2b: physical fire|ability: Flash Fire\n|-resisted|p1a: Torterra\n|-damage|p1a: Torterra|77\/100\n|-damage|p1b: Arbok|40\/100\n|-status|p1b: Arbok|brn\n|\n|-weather|SunnyDay|[upkeep]\n|-damage|p1b: Arbok|34\/100 brn|[from] brn\n|upkeep\n|turn|3\n|c|\u2606Absolitary37|uh oh.\n|\n|t:|1698152869\n|switch|p1b: Krookodile|Krookodile, M, shiny|100\/100\n|-ability|p1b: Krookodile|Intimidate|boost\n|-unboost|p2a: bombastic|atk|1\n|-unboost|p2b: physical fire|atk|1\n|move|p1a: Torterra|Rock Slide|p2b: physical fire|[spread] p2b\n|-miss|p1a: Torterra|p2a: bombastic\n|-supereffective|p2b: physical fire\n|-damage|p2b: physical fire|0 fnt\n|faint|p2b: physical fire\n|move|p2a: bombastic|Solar Beam||[still]\n|-prepare|p2a: bombastic|Solar Beam\n|-anim|p2a: bombastic|Solar Beam|p1a: Torterra\n|-supereffective|p1a: Torterra\n|-damage|p1a: Torterra|0 fnt\n|faint|p1a: Torterra\n|\n|-weather|SunnyDay|[upkeep]\n|upkeep\n|\n|t:|1698152885\n|switch|p2b: cutie pie|Ogerpon-Wellspring, F|100\/100\n|switch|p1a: Kommo-o|Kommo-o, M|100\/100\n|turn|4\n|c|\u2606Absolitary37|torkoal is just-\n|\n|t:|1698152899\n|switch|p1b: Arbok|Arbok, M, shiny|34\/100 brn\n|-ability|p1b: Arbok|Intimidate|boost\n|-unboost|p2a: bombastic|atk|1\n|-unboost|p2b: cutie pie|atk|1\n|move|p2b: cutie pie|Play Rough|p1a: Kommo-o\n|-supereffective|p1a: Kommo-o\n|-damage|p1a: Kommo-o|5\/100\n|-enditem|p1a: Kommo-o|Sitrus Berry|[eat]\n|-heal|p1a: Kommo-o|30\/100|[from] item: Sitrus Berry\n|move|p1a: Kommo-o|Belly Drum||[still]\n|-fail|p1a: Kommo-o\n|move|p2a: bombastic|Solar Beam||[still]\n|-prepare|p2a: bombastic|Solar Beam\n|-anim|p2a: bombastic|Solar Beam|p1b: Arbok\n|-resisted|p1b: Arbok\n|-damage|p1b: Arbok|7\/100 brn\n|\n|-weather|SunnyDay|[upkeep]\n|-damage|p1b: Arbok|1\/100 brn|[from] brn\n|upkeep\n|turn|5\n|c|\u2606coar1111|too good\n|\n|t:|1698152919\n|switch|p2b: special fire|Chandelure, F|100\/100\n|move|p1a: Kommo-o|Drain Punch|p2b: special fire\n|-immune|p2b: special fire\n|move|p1b: Arbok|Leech Life|p2b: special fire\n|-resisted|p2b: special fire\n|-damage|p2b: special fire|97\/100\n|-heal|p1b: Arbok|3\/100 brn|[from] drain|[of] p2b: special fire\n|move|p2a: bombastic|Lava Plume|p1a: Kommo-o|[spread] p1a,p1b\n|-start|p2b: special fire|ability: Flash Fire\n|-resisted|p1a: Kommo-o\n|-damage|p1a: Kommo-o|10\/100\n|-damage|p1b: Arbok|0 fnt\n|faint|p1b: Arbok\n|\n|-weather|SunnyDay|[upkeep]\n|upkeep\n|\n|t:|1698152924\n|switch|p1b: Krookodile|Krookodile, M, shiny|100\/100\n|-ability|p1b: Krookodile|Intimidate|boost\n|-unboost|p2a: bombastic|atk|1\n|-unboost|p2b: special fire|atk|1\n|turn|6\n|inactive|Battle timer is ON: inactive players will automatically lose when time's up. (requested by coar1111)\n|\n|t:|1698152948\n|-terastallize|p2b: special fire|Fire\n|move|p1b: Krookodile|Crunch|p2b: special fire\n|-damage|p2b: special fire|38\/100\n|move|p1a: Kommo-o|Drain Punch|p2a: bombastic\n|-damage|p2a: bombastic|74\/100\n|-heal|p1a: Kommo-o|25\/100|[from] drain|[of] p2a: bombastic\n|move|p2b: special fire|Overheat|p1b: Krookodile\n|-damage|p1b: Krookodile|0 fnt\n|-unboost|p2b: special fire|spa|2\n|faint|p1b: Krookodile\n|move|p2a: bombastic|Lava Plume|p1a: Kommo-o|[spread] p1a\n|-immune|p2b: special fire|[from] ability: Flash Fire\n|-resisted|p1a: Kommo-o\n|-damage|p1a: Kommo-o|5\/100\n|\n|-weather|SunnyDay|[upkeep]\n|upkeep\n|turn|7\n|c|\u2606coar1111|gg\n|c|\u2606Absolitary37|gg\n|\n|t:|1698152971\n|move|p1a: Kommo-o|Dragon Claw|p2a: bombastic\n|-damage|p2a: bombastic|46\/100\n|move|p2b: special fire|Overheat|p1a: Kommo-o\n|-resisted|p1a: Kommo-o\n|-damage|p1a: Kommo-o|0 fnt\n|-unboost|p2b: special fire|spa|2\n|faint|p1a: Kommo-o\n|\n|win|Absolitary37\n|raw|coar1111's rating: 1095 &rarr; <strong>1066<\/strong><br \/>(-29 for losing)\n|raw|Absolitary37's rating: 1020 &rarr; <strong>1065<\/strong><br \/>(+45 for winning)\n|l|\u2606coar1111\n","uploadtime":1698152978,"views":16,"p1id":"coar1111","p2id":"absolitary37","formatid":"gen9doublesou","rating":1065,"private":0,"password":""}