{"id":"gen9doublesou-1995205934","p1":"velociraptor2016","p2":"caminoa1500otravez","format":"[Gen 9] Doubles OU","log":"|j|\u2606velociraptor2016\n|j|\u2606caminoa1500otravez\n|t:|1700534499\n|gametype|doubles\n|player|p1|velociraptor2016|101|1195\n|player|p2|caminoa1500otravez|benga|1193\n|teamsize|p1|6\n|teamsize|p2|6\n|gen|9\n|tier|[Gen 9] Doubles OU\n|rated|\n|rule|Species Clause: Limit one of each Pok\u00e9mon\n|rule|OHKO Clause: OHKO moves are banned\n|rule|Evasion Moves Clause: Evasion moves are banned\n|rule|Gravity Sleep Clause: The combination of sleep-inducing moves with imperfect accuracy and Gravity or Gigantamax Orbeetle are banned\n|rule|Endless Battle Clause: Forcing endless battles is banned\n|rule|HP Percentage Mod: HP is shown in percentages\n|clearpoke\n|poke|p1|Regieleki|\n|poke|p1|Pelipper, F|\n|poke|p1|Dragonite, F|\n|poke|p1|Landorus-Therian, M|\n|poke|p1|Chien-Pao|\n|poke|p1|Flutter Mane|\n|poke|p2|Indeedee-F, F|\n|poke|p2|Armarouge, M|\n|poke|p2|Hatterene, F|\n|poke|p2|Iron Hands|\n|poke|p2|Crawdaunt, M|\n|poke|p2|Ursaluna, F|\n|teampreview\n|inactive|Battle timer is ON: inactive players will automatically lose when time's up. (requested by velociraptor2016)\n|inactive|caminoa1500otravez has 120 seconds left.\n|\n|t:|1700534559\n|start\n|switch|p1a: Regieleki|Regieleki|100\/100\n|switch|p1b: Flutter Mane|Flutter Mane|100\/100\n|switch|p2a: Indeedee|Indeedee-F, F|100\/100\n|switch|p2b: Armarouge|Armarouge, M|100\/100\n|-fieldstart|move: Psychic Terrain|[from] ability: Psychic Surge|[of] p2a: Indeedee\n|-enditem|p1b: Flutter Mane|Booster Energy\n|-activate|p1b: Flutter Mane|ability: Protosynthesis|[fromitem]\n|-start|p1b: Flutter Mane|protosynthesisspa\n|turn|1\n|\n|t:|1700534568\n|move|p1b: Flutter Mane|Helping Hand|p1a: Regieleki\n|-singleturn|p1a: Regieleki|Helping Hand|[of] p1b: Flutter Mane\n|move|p2b: Armarouge|Protect|p2b: Armarouge\n|-singleturn|p2b: Armarouge|Protect\n|move|p1a: Regieleki|Explosion|p2a: Indeedee|[spread] p2a\n|-activate|p2b: Armarouge|move: Protect\n|-immune|p1b: Flutter Mane\n|-damage|p2a: Indeedee|0 fnt\n|faint|p1a: Regieleki\n|faint|p2a: Indeedee\n|\n|upkeep\n|\n|t:|1700534588\n|switch|p1a: Dragonite|Dragonite, F|100\/100\n|switch|p2a: Hatterene|Hatterene, F|100\/100\n|turn|2\n|inactive|caminoa1500otravez has 120 seconds left.\n|\n|t:|1700534629\n|-terastallize|p1a: Dragonite|Normal\n|move|p2b: Armarouge|Protect||[still]\n|-fail|p2b: Armarouge\n|move|p1b: Flutter Mane|Shadow Ball|p2a: Hatterene\n|-supereffective|p2a: Hatterene\n|-damage|p2a: Hatterene|0 fnt\n|faint|p2a: Hatterene\n|move|p1a: Dragonite|Ice Spinner|p2b: Armarouge\n|-resisted|p2b: Armarouge\n|-damage|p2b: Armarouge|84\/100\n|-fieldend|move: Psychic Terrain\n|-damage|p1a: Dragonite|91\/100|[from] item: Life Orb\n|\n|upkeep\n|\n|t:|1700534646\n|switch|p2a: Ursaluna|Ursaluna, F|100\/100\n|turn|3\n|inactive|caminoa1500otravez has 120 seconds left.\n|\n|t:|1700534660\n|move|p2a: Ursaluna|Protect|p2a: Ursaluna\n|-singleturn|p2a: Ursaluna|Protect\n|move|p1b: Flutter Mane|Shadow Ball|p2b: Armarouge\n|-supereffective|p2b: Armarouge\n|-damage|p2b: Armarouge|0 fnt\n|faint|p2b: Armarouge\n|move|p1a: Dragonite|Ice Spinner|p2a: Ursaluna\n|-activate|p2a: Ursaluna|move: Protect\n|\n|-status|p2a: Ursaluna|brn|[from] item: Flame Orb\n|upkeep\n|inactive|caminoa1500otravez has 120 seconds left.\n|\n|t:|1700534674\n|switch|p2b: Iron Hands|Iron Hands|100\/100\n|turn|4\n|inactive|velociraptor2016 has 120 seconds left.\n|\n|t:|1700534724\n|switch|p1a: Landorus|Landorus-Therian, M|100\/100\n|-ability|p1a: Landorus|Intimidate|boost\n|-unboost|p2a: Ursaluna|atk|1\n|-unboost|p2b: Iron Hands|atk|1\n|-terastallize|p2b: Iron Hands|Grass\n|move|p1b: Flutter Mane|Energy Ball|p2a: Ursaluna\n|-supereffective|p2a: Ursaluna\n|-damage|p2a: Ursaluna|16\/100 brn\n|move|p2b: Iron Hands|Brick Break|p1a: Landorus\n|-resisted|p1a: Landorus\n|-damage|p1a: Landorus|84\/100\n|move|p2a: Ursaluna|Earthquake|p1a: Landorus|[spread] p2b,p1b\n|-immune|p1a: Landorus\n|-resisted|p2b: Iron Hands\n|-crit|p1b: Flutter Mane\n|-damage|p2b: Iron Hands|85\/100\n|-damage|p1b: Flutter Mane|0 fnt\n|faint|p1b: Flutter Mane\n|-end|p1b: Flutter Mane|Protosynthesis|[silent]\n|\n|-damage|p2a: Ursaluna|10\/100 brn|[from] brn\n|upkeep\n|inactive|velociraptor2016 has 90 seconds left.\n|\n|t:|1700534748\n|switch|p1b: Chien-Pao|Chien-Pao|100\/100\n|-ability|p1b: Chien-Pao|Sword of Ruin\n|turn|5\n|\n|t:|1700534776\n|move|p1b: Chien-Pao|Ice Shard|p2a: Ursaluna\n|-supereffective|p2a: Ursaluna\n|-damage|p2a: Ursaluna|0 fnt\n|faint|p2a: Ursaluna\n|move|p1a: Landorus|U-turn|p2b: Iron Hands\n|-supereffective|p2b: Iron Hands\n|-damage|p2b: Iron Hands|34\/100\n|-enditem|p2b: Iron Hands|Sitrus Berry|[eat]\n|-heal|p2b: Iron Hands|59\/100|[from] item: Sitrus Berry\n|-message|caminoa1500otravez forfeited.\n|\n|win|velociraptor2016\n|raw|velociraptor2016's rating: 1195 &rarr; <strong>1221<\/strong><br \/>(+26 for winning)\n|raw|caminoa1500otravez's rating: 1211 &rarr; <strong>1185<\/strong><br \/>(-26 for losing)\n|l|\u2606caminoa1500otravez\n","uploadtime":1700534788,"views":3,"p1id":"velociraptor2016","p2id":"caminoa1500otravez","formatid":"gen9doublesou","rating":1185,"private":0,"password":""}