{"id":"smogtours-gen9doublesou-728559","p1":"Mizuhime","p2":"SeraphZ\u2605","format":"[Gen 9] Doubles OU","log":"|inactive|Battle timer is ON: inactive players will automatically lose when time's up.\n|t:|1699117345\n|gametype|doubles\n|player|p1|Mizuhime|#mizuhime|\n|player|p2|SeraphZ\u2605|picnicker|\n|teamsize|p1|6\n|teamsize|p2|6\n|gen|9\n|tier|[Gen 9] Doubles OU\n|rule|Species Clause: Limit one of each Pok\u00e9mon\n|rule|OHKO Clause: OHKO moves are banned\n|rule|Evasion Moves Clause: Evasion moves are banned\n|rule|Gravity Sleep Clause: The combination of sleep-inducing moves with imperfect accuracy and Gravity or Gigantamax Orbeetle are banned\n|rule|Endless Battle Clause: Forcing endless battles is banned\n|rule|HP Percentage Mod: HP is shown in percentages\n|clearpoke\n|poke|p1|Ninetales-Alola, F|\n|poke|p1|Baxcalibur, M|\n|poke|p1|Landorus-Therian, M|\n|poke|p1|Heatran, F|\n|poke|p1|Ogerpon-Wellspring, F|\n|poke|p1|Iron Hands|\n|poke|p2|Thundurus, M|\n|poke|p2|Flutter Mane|\n|poke|p2|Ogerpon-Hearthflame, F|\n|poke|p2|Iron Hands|\n|poke|p2|Roaring Moon|\n|poke|p2|Walking Wake|\n|teampreview\n|c|\u2606SeraphZ\u2605|hf\n|c|+xqiht|dwcop?\n|c|\u2606SeraphZ\u2605|y\n|inactive|Mizuhime has 270 seconds left.\n|inactive|SeraphZ\u2605 has 270 seconds left.\n|\n|t:|1699117395\n|start\n|switch|p1a: Vomitspit|Landorus-Therian, M, shiny|100\/100\n|switch|p1b: Gumbo|Baxcalibur, M|100\/100\n|switch|p2a: Thundurus|Thundurus, M|100\/100\n|switch|p2b: Flutter Mane|Flutter Mane|100\/100\n|-ability|p1a: Vomitspit|Intimidate|boost\n|-unboost|p2a: Thundurus|atk|1\n|-unboost|p2b: Flutter Mane|atk|1\n|turn|1\n|c|+RiloBR|vamo hackermanito\n|inactive|SeraphZ\u2605 has 270 seconds left.\n|\n|t:|1699117432\n|-terastallize|p1b: Gumbo|Poison\n|move|p2a: Thundurus|Sunny Day|p2a: Thundurus\n|-weather|SunnyDay\n|-activate|p2b: Flutter Mane|ability: Protosynthesis\n|-start|p2b: Flutter Mane|protosynthesisspe\n|move|p2b: Flutter Mane|Moonblast|p1a: Vomitspit\n|-damage|p1a: Vomitspit|8\/100\n|-unboost|p1a: Vomitspit|spa|1\n|move|p1a: Vomitspit|Rock Slide|p2a: Thundurus|[spread] p2b\n|-miss|p1a: Vomitspit|p2a: Thundurus\n|-damage|p2b: Flutter Mane|65\/100\n|move|p1b: Gumbo|Scale Shot|p2a: Thundurus|[miss]\n|-miss|p1b: Gumbo|p2a: Thundurus\n|\n|-weather|SunnyDay|[upkeep]\n|upkeep\n|turn|2\n|c|+Ash KetchumGamer|boa\n|inactive|SeraphZ\u2605 has 270 seconds left.\n|c|+RiloBR|joga y joga\n|c|\u2606Mizuhime|pokemon.\n|\n|t:|1699117462\n|switch|p1a: Ho3Cakes|Ninetales-Alola, F, shiny|100\/100\n|-weather|Snow|[from] ability: Snow Warning|[of] p1a: Ho3Cakes\n|-end|p2b: Flutter Mane|Protosynthesis\n|move|p2a: Thundurus|Thunder Wave|p1b: Gumbo\n|-status|p1b: Gumbo|par\n|move|p2b: Flutter Mane|Moonblast|p1a: Ho3Cakes\n|-damage|p1a: Ho3Cakes|27\/100\n|cant|p1b: Gumbo|par\n|\n|-weather|Snow|[upkeep]\n|upkeep\n|turn|3\n|c|+Ash KetchumGamer|boa\n|c|\u2606SeraphZ\u2605|to afiado hj\n|\n|t:|1699117483\n|move|p2a: Thundurus|Sunny Day|p2a: Thundurus\n|-weather|SunnyDay\n|-activate|p2b: Flutter Mane|ability: Protosynthesis\n|-start|p2b: Flutter Mane|protosynthesisspe\n|move|p2b: Flutter Mane|Moonblast|p1a: Ho3Cakes\n|-damage|p1a: Ho3Cakes|0 fnt\n|faint|p1a: Ho3Cakes\n|cant|p1b: Gumbo|par\n|\n|-weather|SunnyDay|[upkeep]\n|upkeep\n|\n|t:|1699117487\n|switch|p1a: DeepFriendFrenz|Heatran, F, shiny|100\/100\n|turn|4\n|c|+Ash KetchumGamer|boa\n|\n|t:|1699117493\n|-end|p2b: Flutter Mane|Protosynthesis|[silent]\n|switch|p2b: Walking Wake|Walking Wake|100\/100\n|-activate|p2b: Walking Wake|ability: Protosynthesis\n|-start|p2b: Walking Wake|protosynthesisspa\n|move|p2a: Thundurus|Thunder Wave|p1a: DeepFriendFrenz\n|-status|p1a: DeepFriendFrenz|par\n|move|p1b: Gumbo|Icicle Spear|p2b: Walking Wake\n|-damage|p2b: Walking Wake|88\/100\n|-damage|p2b: Walking Wake|75\/100\n|-damage|p2b: Walking Wake|62\/100\n|-damage|p2b: Walking Wake|50\/100\n|-damage|p2b: Walking Wake|36\/100\n|-hitcount|p2b: Walking Wake|5\n|move|p1a: DeepFriendFrenz|Heat Wave|p2a: Thundurus|[spread] p2a,p2b\n|-resisted|p2b: Walking Wake\n|-crit|p2b: Walking Wake\n|-damage|p2a: Thundurus|39\/100\n|-damage|p2b: Walking Wake|21\/100\n|\n|-weather|SunnyDay|[upkeep]\n|upkeep\n|turn|5\n|c|+RiloBR|kkkkkkkkkkkkkkk\n|\n|t:|1699117516\n|move|p1a: DeepFriendFrenz|Protect|p1a: DeepFriendFrenz\n|-singleturn|p1a: DeepFriendFrenz|Protect\n|move|p2b: Walking Wake|Hydro Steam|p1b: Gumbo\n|-damage|p1b: Gumbo|34\/100 par\n|move|p2a: Thundurus|Wildbolt Storm|p1b: Gumbo|[spread] p1b\n|-activate|p1a: DeepFriendFrenz|move: Protect\n|-damage|p1b: Gumbo|0 fnt\n|faint|p1b: Gumbo\n|\n|-weather|SunnyDay|[upkeep]\n|upkeep\n|\n|t:|1699117522\n|switch|p1b: Vomitspit|Landorus-Therian, M, shiny|8\/100\n|-ability|p1b: Vomitspit|Intimidate|boost\n|-unboost|p2a: Thundurus|atk|1\n|-unboost|p2b: Walking Wake|atk|1\n|turn|6\n|\n|t:|1699117541\n|switch|p2a: Iron Hands|Iron Hands|100\/100\n|move|p1b: Vomitspit|Rock Slide|p2b: Walking Wake|[spread] p2a,p2b\n|-resisted|p2a: Iron Hands\n|-damage|p2a: Iron Hands|93\/100\n|-damage|p2b: Walking Wake|2\/100\n|cant|p2b: Walking Wake|flinch\n|move|p1a: DeepFriendFrenz|Heat Wave|p2b: Walking Wake|[spread] p2b\n|-miss|p1a: DeepFriendFrenz|p2a: Iron Hands\n|-resisted|p2b: Walking Wake\n|-damage|p2b: Walking Wake|0 fnt\n|faint|p2b: Walking Wake\n|-end|p2b: Walking Wake|Protosynthesis|[silent]\n|\n|-weather|SunnyDay|[upkeep]\n|upkeep\n|c|+Ash KetchumGamer|ofc\n|c|\u2606Mizuhime|this has been\n|\n|t:|1699117555\n|switch|p2b: Ogerpon|Ogerpon-Hearthflame, F|100\/100\n|-ability|p2b: Ogerpon|Mold Breaker\n|turn|7\n|c|\u2606Mizuhime|what we call, a game.\n|\n|t:|1699117560\n|switch|p1b: Potholderz|Iron Hands|100\/100\n|move|p1a: DeepFriendFrenz|Protect|p1a: DeepFriendFrenz\n|-singleturn|p1a: DeepFriendFrenz|Protect\n|move|p2a: Iron Hands|Fake Out|p1b: Potholderz\n|-damage|p1b: Potholderz|90\/100\n|move|p2b: Ogerpon|Ivy Cudgel|p1a: DeepFriendFrenz\n|-activate|p1a: DeepFriendFrenz|move: Protect\n|\n|-weather|none\n|upkeep\n|turn|8\n|\n|t:|1699117571\n|switch|p1a: One Beer|Ogerpon-Wellspring, F|100\/100\n|move|p2b: Ogerpon|Spiky Shield|p2b: Ogerpon\n|-singleturn|p2b: Ogerpon|move: Protect\n|move|p1b: Potholderz|Fake Out|p2a: Iron Hands\n|-damage|p2a: Iron Hands|83\/100\n|cant|p2a: Iron Hands|flinch\n|\n|upkeep\n|turn|9\n|c|+AIRedzone|one of the games\n|\n|t:|1699117589\n|-end|p1b: Potholderz|Quark Drive|[silent]\n|switch|p1b: Vomitspit|Landorus-Therian, M, shiny|8\/100\n|-ability|p1b: Vomitspit|Intimidate|boost\n|-unboost|p2a: Iron Hands|atk|1\n|-unboost|p2b: Ogerpon|atk|1\n|move|p1a: One Beer|Ivy Cudgel|p2b: Ogerpon\n|-damage|p2b: Ogerpon|47\/100\n|move|p2b: Ogerpon|Ivy Cudgel|p1b: Vomitspit\n|-crit|p1b: Vomitspit\n|-damage|p1b: Vomitspit|0 fnt\n|faint|p1b: Vomitspit\n|move|p2a: Iron Hands|Wild Charge|p1a: One Beer\n|-damage|p1a: One Beer|61\/100\n|-damage|p2a: Iron Hands|76\/100|[from] Recoil\n|\n|upkeep\n|\n|t:|1699117596\n|switch|p1b: Potholderz|Iron Hands|90\/100\n|turn|10\n|c|\u2606Mizuhime|a game of all time, even\n|\n|t:|1699117609\n|move|p1b: Potholderz|Fake Out|p2a: Iron Hands\n|-damage|p2a: Iron Hands|66\/100\n|move|p2b: Ogerpon|Follow Me|p2b: Ogerpon\n|-singleturn|p2b: Ogerpon|move: Follow Me\n|move|p1a: One Beer|Ivy Cudgel|p2b: Ogerpon\n|-crit|p2b: Ogerpon\n|-damage|p2b: Ogerpon|0 fnt\n|faint|p2b: Ogerpon\n|cant|p2a: Iron Hands|flinch\n|\n|upkeep\n|inactive|SeraphZ\u2605 has 270 seconds left.\n|inactive|SeraphZ\u2605 has 240 seconds left.\n|\n|t:|1699117693\n|switch|p2b: Flutter Mane|Flutter Mane|65\/100\n|turn|11\n|\n|t:|1699117701\n|move|p1a: One Beer|Follow Me|p1a: One Beer\n|-singleturn|p1a: One Beer|move: Follow Me\n|move|p2b: Flutter Mane|Moonblast|p1a: One Beer\n|-damage|p1a: One Beer|0 fnt\n|faint|p1a: One Beer\n|move|p1b: Potholderz|Heavy Slam|p2b: Flutter Mane\n|-supereffective|p2b: Flutter Mane\n|-damage|p2b: Flutter Mane|0 fnt\n|faint|p2b: Flutter Mane\n|-end|p2b: Flutter Mane|Protosynthesis|[silent]\n|move|p2a: Iron Hands|Wild Charge|p1b: Potholderz\n|-resisted|p1b: Potholderz\n|-damage|p1b: Potholderz|79\/100\n|-damage|p2a: Iron Hands|63\/100|[from] Recoil\n|\n|upkeep\n|\n|t:|1699117707\n|switch|p2b: Roaring Moon|Roaring Moon|100\/100\n|switch|p1a: DeepFriendFrenz|Heatran, F, shiny|100\/100 par\n|turn|12\n|\n|t:|1699117715\n|-terastallize|p2b: Roaring Moon|Poison\n|move|p1a: DeepFriendFrenz|Protect|p1a: DeepFriendFrenz\n|-singleturn|p1a: DeepFriendFrenz|Protect\n|move|p2b: Roaring Moon|Dragon Claw|p1b: Potholderz\n|-damage|p1b: Potholderz|42\/100\n|-damage|p2b: Roaring Moon|91\/100|[from] item: Life Orb\n|move|p1b: Potholderz|Drain Punch|p2b: Roaring Moon\n|-resisted|p2b: Roaring Moon\n|-damage|p2b: Roaring Moon|68\/100\n|-heal|p1b: Potholderz|51\/100|[from] drain|[of] p2b: Roaring Moon\n|move|p2a: Iron Hands|Drain Punch|p1a: DeepFriendFrenz\n|-activate|p1a: DeepFriendFrenz|move: Protect\n|\n|upkeep\n|turn|13\n|\n|t:|1699117724\n|move|p2b: Roaring Moon|Dragon Claw|p1b: Potholderz\n|-damage|p1b: Potholderz|14\/100\n|-damage|p2b: Roaring Moon|58\/100|[from] item: Life Orb\n|move|p1b: Potholderz|Wild Charge|p2a: Iron Hands\n|-resisted|p2a: Iron Hands\n|-damage|p2a: Iron Hands|46\/100\n|-damage|p1b: Potholderz|10\/100|[from] Recoil\n|move|p2a: Iron Hands|Drain Punch|p1a: DeepFriendFrenz\n|-supereffective|p1a: DeepFriendFrenz\n|-damage|p1a: DeepFriendFrenz|45\/100 par\n|-heal|p2a: Iron Hands|68\/100|[from] drain|[of] p1a: DeepFriendFrenz\n|move|p1a: DeepFriendFrenz|Earth Power|p2a: Iron Hands\n|-supereffective|p2a: Iron Hands\n|-damage|p2a: Iron Hands|32\/100\n|\n|upkeep\n|turn|14\n|\n|t:|1699117739\n|move|p2b: Roaring Moon|Knock Off|p1b: Potholderz\n|-resisted|p1b: Potholderz\n|-damage|p1b: Potholderz|0 fnt\n|-enditem|p1b: Potholderz|Assault Vest|[from] move: Knock Off|[of] p2b: Roaring Moon\n|faint|p1b: Potholderz\n|-end|p1b: Potholderz|Quark Drive|[silent]\n|-damage|p2b: Roaring Moon|48\/100|[from] item: Life Orb\n|move|p2a: Iron Hands|Drain Punch|p1a: DeepFriendFrenz\n|-supereffective|p1a: DeepFriendFrenz\n|-damage|p1a: DeepFriendFrenz|0 fnt\n|-heal|p2a: Iron Hands|49\/100|[from] drain|[of] p1a: DeepFriendFrenz\n|faint|p1a: DeepFriendFrenz\n|\n|win|SeraphZ\u2605\n|c|\u2606SeraphZ\u2605|gg, sorry for hax\n|c|+Ash KetchumGamer|gg\n","uploadtime":1699117740,"views":112,"p1id":"mizuhime","p2id":"seraphz","formatid":"gen9doublesou","rating":0,"private":0,"password":""}