{"id":"smogtours-gen9doublesou-729134","p1":"Iceberg77","p2":"GenOne","format":"[Gen 9] Doubles OU","log":"|inactive|Battle timer is ON: inactive players will automatically lose when time's up.\n|t:|1699217270\n|gametype|doubles\n|player|p1|Iceberg77|iris-gen5bw2|\n|player|p2|GenOne|#genone|\n|teamsize|p1|6\n|teamsize|p2|6\n|gen|9\n|tier|[Gen 9] Doubles OU\n|rule|Species Clause: Limit one of each Pok\u00e9mon\n|rule|OHKO Clause: OHKO moves are banned\n|rule|Evasion Moves Clause: Evasion moves are banned\n|rule|Gravity Sleep Clause: The combination of sleep-inducing moves with imperfect accuracy and Gravity or Gigantamax Orbeetle are banned\n|rule|Endless Battle Clause: Forcing endless battles is banned\n|rule|HP Percentage Mod: HP is shown in percentages\n|clearpoke\n|poke|p1|Ninetales-Alola, F|\n|poke|p1|Ogerpon-Hearthflame, F|\n|poke|p1|Baxcalibur, F|\n|poke|p1|Flutter Mane|\n|poke|p1|Landorus-Therian, M|\n|poke|p1|Iron Hands|\n|poke|p2|Great Tusk|\n|poke|p2|Heatran, F|\n|poke|p2|Rillaboom, F|\n|poke|p2|Tornadus, M|\n|poke|p2|Weezing-Galar, M|\n|poke|p2|Baxcalibur, F|\n|teampreview\n|inactive|GenOne also wants the timer to be on.\n|c|\u2606Iceberg77|hf\n|c|\u2606GenOne|hf\n|inactive|Iceberg77 has 270 seconds left.\n|inactive|Iceberg77 has 240 seconds left.\n|inactive|Iceberg77 has 210 seconds left.\n|\n|t:|1699217372\n|start\n|switch|p1a: Landorus|Landorus-Therian, M|100\/100\n|switch|p1b: Iron Hands|Iron Hands|100\/100\n|switch|p2a: Great Tusk|Great Tusk|100\/100\n|switch|p2b: Weezing|Weezing-Galar, M|100\/100\n|-ability|p2b: Weezing|Neutralizing Gas\n|turn|1\n|inactive|Iceberg77 has 270 seconds left.\n|inactive|Iceberg77 has 240 seconds left.\n|c|+AIRedzone|Tuskothy\n|inactive|Iceberg77 has 210 seconds left.\n|\n|t:|1699217460\n|switch|p1a: Ogerpon|Ogerpon-Hearthflame, F|100\/100\n|move|p1b: Iron Hands|Fake Out|p2a: Great Tusk\n|-damage|p2a: Great Tusk|88\/100\n|cant|p2a: Great Tusk|flinch\n|move|p2b: Weezing|Will-O-Wisp|p1b: Iron Hands\n|-status|p1b: Iron Hands|brn\n|\n|-damage|p1b: Iron Hands|94\/100 brn|[from] brn\n|upkeep\n|turn|2\n|inactive|Iceberg77 has 210 seconds left.\n|inactive|GenOne has 270 seconds left.\n|inactive|Iceberg77 has 180 seconds left.\n|inactive|GenOne has 240 seconds left.\n|inactive|GenOne has 210 seconds left.\n|\n|t:|1699217566\n|-terastallize|p2a: Great Tusk|Steel\n|move|p2a: Great Tusk|Headlong Rush|p1a: Ogerpon\n|-damage|p1a: Ogerpon|23\/100\n|-unboost|p2a: Great Tusk|def|1\n|-unboost|p2a: Great Tusk|spd|1\n|move|p1a: Ogerpon|Ivy Cudgel|p2b: Weezing\n|-damage|p2b: Weezing|46\/100\n|-enditem|p2b: Weezing|Sitrus Berry|[eat]\n|-heal|p2b: Weezing|71\/100|[from] item: Sitrus Berry\n|move|p2b: Weezing|Sludge Bomb|p1a: Ogerpon\n|-supereffective|p1a: Ogerpon\n|-damage|p1a: Ogerpon|0 fnt\n|faint|p1a: Ogerpon\n|move|p1b: Iron Hands|Heavy Slam|p2b: Weezing\n|-supereffective|p2b: Weezing\n|-damage|p2b: Weezing|28\/100\n|\n|-damage|p1b: Iron Hands|88\/100 brn|[from] brn\n|upkeep\n|inactive|Iceberg77 has 150 seconds left.\n|inactive|Iceberg77 has 120 seconds left.\n|inactive|Iceberg77 has 90 seconds left.\n|\n|t:|1699217652\n|switch|p1a: Landorus|Landorus-Therian, M|100\/100\n|turn|3\n|inactive|Iceberg77 has 90 seconds left.\n|c|+Arcticblast|is Steel Great Tusk just Iron Treads?\n|inactive|GenOne has 210 seconds left.\n|\n|t:|1699217696\n|-end|p2a: Great Tusk|Protosynthesis|[silent]\n|switch|p2a: Rillaboom|Rillaboom, F|100\/100\n|-end|p2b: Weezing|ability: Neutralizing Gas\n|-ability|p1a: Landorus|Intimidate|boost\n|-unboost|p2a: Rillaboom|atk|1\n|-unboost|p2b: Weezing|atk|1\n|-fieldstart|move: Grassy Terrain|[from] ability: Grassy Surge|[of] p2a: Rillaboom\n|switch|p2b: Tornadus|Tornadus, M|100\/100\n|-end|p1b: Iron Hands|Quark Drive|[silent]\n|switch|p1b: Ninetales|Ninetales-Alola, F|100\/100\n|-weather|Snow|[from] ability: Snow Warning|[of] p1b: Ninetales\n|-terastallize|p1a: Landorus|Water\n|move|p1a: Landorus|Stomping Tantrum|p2a: Rillaboom\n|-resisted|p2a: Rillaboom\n|-damage|p2a: Rillaboom|78\/100\n|\n|-weather|Snow|[upkeep]\n|-heal|p2a: Rillaboom|84\/100|[from] Grassy Terrain\n|upkeep\n|turn|4\n|inactive|Iceberg77 has 90 seconds left.\n|inactive|GenOne has 210 seconds left.\n|inactive|Iceberg77 has 60 seconds left.\n|\n|t:|1699217735\n|switch|p1a: Iron Hands|Iron Hands|88\/100 brn\n|switch|p2a: Heatran|Heatran, F|100\/100\n|move|p2b: Tornadus|Sunny Day|p2b: Tornadus\n|-weather|SunnyDay\n|move|p1b: Ninetales|Blizzard|p2b: Tornadus|[spread] p2a,p2b\n|-resisted|p2a: Heatran\n|-supereffective|p2b: Tornadus\n|-damage|p2a: Heatran|97\/100\n|-damage|p2b: Tornadus|46\/100\n|\n|-weather|SunnyDay|[upkeep]\n|-heal|p2a: Heatran|100\/100|[from] Grassy Terrain\n|-heal|p1a: Iron Hands|94\/100 brn|[from] Grassy Terrain\n|-damage|p1a: Iron Hands|88\/100 brn|[from] brn\n|upkeep\n|turn|5\n|inactive|GenOne has 210 seconds left.\n|inactive|Iceberg77 has 60 seconds left.\n|\n|t:|1699217784\n|move|p1a: Iron Hands|Fake Out|p2a: Heatran\n|-resisted|p2a: Heatran\n|-damage|p2a: Heatran|96\/100\n|move|p2b: Tornadus|Tailwind|p2b: Tornadus\n|-sidestart|p2: GenOne|move: Tailwind\n|cant|p2a: Heatran|flinch\n|move|p1b: Ninetales|Blizzard|p2b: Tornadus|[spread] \n|-miss|p1b: Ninetales|p2a: Heatran\n|-miss|p1b: Ninetales|p2b: Tornadus\n|\n|-weather|SunnyDay|[upkeep]\n|-heal|p2a: Heatran|100\/100|[from] Grassy Terrain\n|-heal|p1a: Iron Hands|94\/100 brn|[from] Grassy Terrain\n|-damage|p1a: Iron Hands|88\/100 brn|[from] brn\n|upkeep\n|turn|6\n|inactive|Iceberg77 has 60 seconds left.\n|\n|t:|1699217803\n|switch|p2b: Great Tusk|Great Tusk, tera:Steel|88\/100\n|-activate|p2b: Great Tusk|ability: Protosynthesis\n|-start|p2b: Great Tusk|protosynthesisatk\n|switch|p1b: Landorus|Landorus-Therian, M, tera:Water|100\/100\n|-ability|p1b: Landorus|Intimidate|boost\n|-unboost|p2a: Heatran|atk|1\n|-unboost|p2b: Great Tusk|atk|1\n|move|p2a: Heatran|Heat Wave|p1a: Iron Hands|[spread] p1a,p1b\n|-resisted|p1b: Landorus\n|-damage|p1a: Iron Hands|62\/100 brn\n|-damage|p1b: Landorus|70\/100\n|move|p1a: Iron Hands|Drain Punch|p2a: Heatran\n|-supereffective|p2a: Heatran\n|-damage|p2a: Heatran|54\/100\n|-heal|p1a: Iron Hands|78\/100 brn|[from] drain|[of] p2a: Heatran\n|\n|-weather|SunnyDay|[upkeep]\n|-heal|p2b: Great Tusk|95\/100|[from] Grassy Terrain\n|-heal|p2a: Heatran|60\/100|[from] Grassy Terrain\n|-heal|p1b: Landorus|76\/100|[from] Grassy Terrain\n|-heal|p1a: Iron Hands|85\/100 brn|[from] Grassy Terrain\n|-damage|p1a: Iron Hands|78\/100 brn|[from] brn\n|upkeep\n|turn|7\n|inactive|GenOne has 240 seconds left.\n|inactive|Iceberg77 has 60 seconds left.\n|inactive|GenOne has 210 seconds left.\n|\n|t:|1699217860\n|-end|p1a: Iron Hands|Quark Drive|[silent]\n|switch|p1a: Ninetales|Ninetales-Alola, F|100\/100\n|-weather|Snow|[from] ability: Snow Warning|[of] p1a: Ninetales\n|-end|p2b: Great Tusk|Protosynthesis\n|move|p2b: Great Tusk|Headlong Rush|p1b: Landorus\n|-damage|p1b: Landorus|34\/100\n|-unboost|p2b: Great Tusk|def|1\n|-unboost|p2b: Great Tusk|spd|1\n|move|p2a: Heatran|Overheat|p1b: Landorus\n|-resisted|p1b: Landorus\n|-damage|p1b: Landorus|0 fnt\n|-unboost|p2a: Heatran|spa|2\n|faint|p1b: Landorus\n|\n|-weather|Snow|[upkeep]\n|-heal|p2b: Great Tusk|100\/100|[from] Grassy Terrain\n|-heal|p2a: Heatran|66\/100|[from] Grassy Terrain\n|-fieldend|move: Grassy Terrain\n|upkeep\n|inactive|Iceberg77 has 30 seconds left.\n|\n|t:|1699217883\n|switch|p1b: Iron Hands|Iron Hands|78\/100 brn\n|turn|8\n|inactive|GenOne has 210 seconds left.\n|\n|t:|1699217904\n|move|p1b: Iron Hands|Fake Out|p2b: Great Tusk\n|-resisted|p2b: Great Tusk\n|-damage|p2b: Great Tusk|96\/100\n|cant|p2b: Great Tusk|flinch\n|move|p2a: Heatran|Flash Cannon|p1a: Ninetales\n|-supereffective|p1a: Ninetales\n|-damage|p1a: Ninetales|15\/100\n|move|p1a: Ninetales|Aurora Veil|p1a: Ninetales\n|-sidestart|p1: Iceberg77|move: Aurora Veil\n|\n|-weather|Snow|[upkeep]\n|-damage|p1b: Iron Hands|72\/100 brn|[from] brn\n|-sideend|p2: GenOne|move: Tailwind\n|upkeep\n|turn|9\n|inactive|GenOne has 210 seconds left.\n|inactive|Iceberg77 has 30 seconds left.\n|\n|t:|1699217936\n|-end|p2b: Great Tusk|Protosynthesis|[silent]\n|switch|p2b: Weezing|Weezing-Galar, M|28\/100\n|-ability|p2b: Weezing|Neutralizing Gas\n|move|p1a: Ninetales|Blizzard|p2b: Weezing|[spread] p2a,p2b\n|-resisted|p2a: Heatran\n|-damage|p2a: Heatran|62\/100\n|-damage|p2b: Weezing|5\/100\n|move|p2a: Heatran|Heat Wave|p1a: Ninetales|[spread] p1a,p1b\n|-supereffective|p1a: Ninetales\n|-damage|p1a: Ninetales|0 fnt\n|-damage|p1b: Iron Hands|66\/100 brn\n|faint|p1a: Ninetales\n|move|p1b: Iron Hands|Drain Punch|p2b: Weezing\n|-resisted|p2b: Weezing\n|-damage|p2b: Weezing|0 fnt\n|-heal|p1b: Iron Hands|68\/100 brn|[from] drain|[of] p2b: Weezing\n|faint|p2b: Weezing\n|-end|p2b: Weezing|ability: Neutralizing Gas\n|\n|-weather|Snow|[upkeep]\n|-damage|p1b: Iron Hands|62\/100 brn|[from] brn\n|upkeep\n|inactive|GenOne has 210 seconds left.\n|\n|t:|1699217969\n|switch|p1a: Baxcalibur|Baxcalibur, F|100\/100\n|switch|p2b: Great Tusk|Great Tusk, tera:Steel|96\/100\n|turn|10\n|inactive|Iceberg77 has 60 seconds left.\n|\n|t:|1699217995\n|switch|p2a: Rillaboom|Rillaboom, F|84\/100\n|-fieldstart|move: Grassy Terrain|[from] ability: Grassy Surge|[of] p2a: Rillaboom\n|move|p2b: Great Tusk|Headlong Rush|p1b: Iron Hands\n|-supereffective|p1b: Iron Hands\n|-damage|p1b: Iron Hands|3\/100 brn\n|-unboost|p2b: Great Tusk|def|1\n|-unboost|p2b: Great Tusk|spd|1\n|move|p1a: Baxcalibur|Swords Dance|p1a: Baxcalibur\n|-boost|p1a: Baxcalibur|atk|2\n|move|p1b: Iron Hands|Drain Punch|p2b: Great Tusk\n|-supereffective|p2b: Great Tusk\n|-damage|p2b: Great Tusk|50\/100\n|-heal|p1b: Iron Hands|22\/100 brn|[from] drain|[of] p2b: Great Tusk\n|\n|-weather|Snow|[upkeep]\n|-heal|p2b: Great Tusk|56\/100|[from] Grassy Terrain\n|-heal|p2a: Rillaboom|91\/100|[from] Grassy Terrain\n|-heal|p1b: Iron Hands|28\/100 brn|[from] Grassy Terrain\n|-damage|p1b: Iron Hands|22\/100 brn|[from] brn\n|upkeep\n|turn|11\n|inactive|Iceberg77 has 60 seconds left.\n|inactive|Iceberg77 has 30 seconds left.\n|inactive|Iceberg77 has 20 seconds left.\n|\n|t:|1699218047\n|-end|p1b: Iron Hands|Quark Drive|[silent]\n|switch|p1b: Flutter Mane|Flutter Mane|100\/100\n|move|p2a: Rillaboom|Fake Out|p1a: Baxcalibur\n|-damage|p1a: Baxcalibur|94\/100\n|move|p2b: Great Tusk|Headlong Rush|p1b: Flutter Mane\n|-damage|p1b: Flutter Mane|9\/100\n|-unboost|p2b: Great Tusk|def|1\n|-unboost|p2b: Great Tusk|spd|1\n|cant|p1a: Baxcalibur|flinch\n|\n|-weather|none\n|-heal|p2b: Great Tusk|62\/100|[from] Grassy Terrain\n|-heal|p1b: Flutter Mane|15\/100|[from] Grassy Terrain\n|-heal|p1a: Baxcalibur|100\/100|[from] Grassy Terrain\n|-heal|p2a: Rillaboom|97\/100|[from] Grassy Terrain\n|upkeep\n|turn|12\n|inactive|GenOne has 240 seconds left.\n|inactive|Iceberg77 has 30 seconds left.\n|inactive|Iceberg77 has 20 seconds left.\n|\n|t:|1699218076\n|-end|p2b: Great Tusk|Protosynthesis|[silent]\n|switch|p2b: Heatran|Heatran, F|62\/100\n|move|p2a: Rillaboom|Grassy Glide|p1b: Flutter Mane\n|-damage|p1b: Flutter Mane|0 fnt\n|faint|p1b: Flutter Mane\n|-end|p1b: Flutter Mane|Protosynthesis|[silent]\n|move|p1a: Baxcalibur|Scale Shot|p2a: Rillaboom\n|-damage|p2a: Rillaboom|63\/100\n|-damage|p2a: Rillaboom|31\/100\n|-damage|p2a: Rillaboom|0 fnt\n|faint|p2a: Rillaboom\n|-hitcount|p2: Rillaboom|3\n|-unboost|p1a: Baxcalibur|def|1\n|-boost|p1a: Baxcalibur|spe|1\n|\n|-heal|p2b: Heatran|69\/100|[from] Grassy Terrain\n|upkeep\n|inactive|GenOne has 240 seconds left.\n|\n|t:|1699218102\n|switch|p1b: Iron Hands|Iron Hands|22\/100 brn\n|switch|p2a: Great Tusk|Great Tusk, tera:Steel|62\/100\n|turn|13\n|inactive|Iceberg77 has 60 seconds left.\n|\n|t:|1699218134\n|move|p1b: Iron Hands|Fake Out|p2b: Heatran\n|-resisted|p2b: Heatran\n|-damage|p2b: Heatran|65\/100\n|move|p2a: Great Tusk|Close Combat|p1b: Iron Hands\n|-damage|p1b: Iron Hands|0 fnt\n|-unboost|p2a: Great Tusk|def|1\n|-unboost|p2a: Great Tusk|spd|1\n|faint|p1b: Iron Hands\n|-end|p1b: Iron Hands|Quark Drive|[silent]\n|move|p1a: Baxcalibur|Icicle Spear|p2a: Great Tusk\n|-resisted|p2a: Great Tusk\n|-damage|p2a: Great Tusk|45\/100\n|-resisted|p2a: Great Tusk\n|-damage|p2a: Great Tusk|30\/100\n|-resisted|p2a: Great Tusk\n|-damage|p2a: Great Tusk|13\/100\n|-resisted|p2a: Great Tusk\n|-damage|p2a: Great Tusk|0 fnt\n|faint|p2a: Great Tusk\n|-end|p2a: Great Tusk|Protosynthesis|[silent]\n|-hitcount|p2: Great Tusk|4\n|cant|p2b: Heatran|flinch\n|\n|-heal|p2b: Heatran|71\/100|[from] Grassy Terrain\n|upkeep\n|inactive|GenOne has 240 seconds left.\n|\n|t:|1699218154\n|switch|p2a: Tornadus|Tornadus, M|46\/100\n|turn|14\n|inactive|Iceberg77 has 60 seconds left.\n|\n|t:|1699218162\n|move|p2a: Tornadus|Tailwind|p2a: Tornadus\n|-sidestart|p2: GenOne|move: Tailwind\n|move|p2b: Heatran|Flash Cannon|p1a: Baxcalibur\n|-supereffective|p1a: Baxcalibur\n|-damage|p1a: Baxcalibur|41\/100\n|move|p1a: Baxcalibur|Scale Shot|p2a: Tornadus\n|-damage|p2a: Tornadus|8\/100\n|-damage|p2a: Tornadus|0 fnt\n|faint|p2a: Tornadus\n|-hitcount|p2: Tornadus|2\n|-unboost|p1a: Baxcalibur|def|1\n|-boost|p1a: Baxcalibur|spe|1\n|\n|-heal|p2b: Heatran|77\/100|[from] Grassy Terrain\n|-heal|p1a: Baxcalibur|47\/100|[from] Grassy Terrain\n|-fieldend|move: Grassy Terrain\n|upkeep\n|\n|t:|1699218169\n|switch|p2a: Baxcalibur|Baxcalibur, F|100\/100\n|turn|15\n|\n|t:|1699218179\n|move|p2b: Heatran|Flash Cannon|p1a: Baxcalibur\n|-supereffective|p1a: Baxcalibur\n|-damage|p1a: Baxcalibur|0 fnt\n|faint|p1a: Baxcalibur\n|\n|win|GenOne\n|c|\u2606Iceberg77|gg\n|c|\u2606GenOne|gg\n","uploadtime":1699218180,"views":103,"p1id":"iceberg77","p2id":"genone","formatid":"gen9doublesou","rating":0,"private":0,"password":""}