{"id":"smogtours-gen9doublesou-730415","p1":"eragon11145","p2":"Tenzai","format":"[Gen 9] Doubles OU","log":"|inactive|Battle timer is ON: inactive players will automatically lose when time's up.\n|t:|1699825461\n|gametype|doubles\n|player|p1|eragon11145|#dwcopiii|\n|player|p2|Tenzai|#scl3spartans2|\n|teamsize|p1|6\n|teamsize|p2|6\n|gen|9\n|tier|[Gen 9] Doubles OU\n|rule|Species Clause: Limit one of each Pok\u00e9mon\n|rule|OHKO Clause: OHKO moves are banned\n|rule|Evasion Moves Clause: Evasion moves are banned\n|rule|Gravity Sleep Clause: The combination of sleep-inducing moves with imperfect accuracy and Gravity or Gigantamax Orbeetle are banned\n|rule|Endless Battle Clause: Forcing endless battles is banned\n|rule|HP Percentage Mod: HP is shown in percentages\n|clearpoke\n|poke|p1|Ogerpon-Cornerstone, F|\n|poke|p1|Rillaboom, M|\n|poke|p1|Chi-Yu|\n|poke|p1|Flutter Mane|\n|poke|p1|Roaring Moon|\n|poke|p1|Iron Hands|\n|poke|p2|Flutter Mane|\n|poke|p2|Torkoal, F|\n|poke|p2|Diancie|\n|poke|p2|Lilligant-Hisui, F|\n|poke|p2|Walking Wake|\n|poke|p2|Iron Hands|\n|teampreview\n|inactive|eragon11145 also wants the timer to be on.\n|c|\u2606Tenzai|hf\n|c|\u2606eragon11145|u2 bro\n|inactive|eragon11145 has 270 seconds left.\n|inactive|Tenzai has 270 seconds left.\n|raw|<div class=\"broadcast-red\"><strong>Moderated chat was set to \u2606!<\/strong><br \/>Only users of rank \u2606 and higher can talk.<\/div>\n|inactive|Tenzai has 240 seconds left.\n|inactive|Tenzai has 210 seconds left.\n|inactive|eragon11145 has 240 seconds left.\n|inactive|Tenzai has 180 seconds left.\n|\n|t:|1699825589\n|start\n|switch|p1a: Iron Hands|Iron Hands|100\/100\n|switch|p1b: Ogerpon|Ogerpon-Cornerstone, F|100\/100\n|switch|p2a: Walking Wake|Walking Wake|100\/100\n|switch|p2b: Iron Hands|Iron Hands|100\/100\n|turn|1\n|inactive|Tenzai has 240 seconds left.\n|inactive|Tenzai has 210 seconds left.\n|inactive|eragon11145 has 270 seconds left.\n|inactive|Tenzai has 180 seconds left.\n|\n|t:|1699825682\n|-end|p1a: Iron Hands|Quark Drive|[silent]\n|switch|p1a: Rillaboom|Rillaboom, M|100\/100\n|-fieldstart|move: Grassy Terrain|[from] ability: Grassy Surge|[of] p1a: Rillaboom\n|move|p1b: Ogerpon|Spiky Shield|p1b: Ogerpon\n|-singleturn|p1b: Ogerpon|move: Protect\n|move|p2b: Iron Hands|Fake Out|p1a: Rillaboom\n|-damage|p1a: Rillaboom|87\/100\n|move|p2a: Walking Wake|Hydro Steam|p1b: Ogerpon\n|-activate|p1b: Ogerpon|move: Protect\n|\n|-heal|p1a: Rillaboom|93\/100|[from] Grassy Terrain\n|upkeep\n|turn|2\n|inactive|eragon11145 has 270 seconds left.\n|inactive|Tenzai has 180 seconds left.\n|inactive|eragon11145 has 240 seconds left.\n|\n|t:|1699825731\n|move|p2a: Walking Wake|Protect|p2a: Walking Wake\n|-singleturn|p2a: Walking Wake|Protect\n|move|p1a: Rillaboom|Fake Out|p2b: Iron Hands\n|-damage|p2b: Iron Hands|90\/100\n|move|p1b: Ogerpon|Swords Dance|p1b: Ogerpon\n|-boost|p1b: Ogerpon|atk|2\n|cant|p2b: Iron Hands|flinch\n|\n|-heal|p1a: Rillaboom|99\/100|[from] Grassy Terrain\n|-heal|p2b: Iron Hands|96\/100|[from] Grassy Terrain\n|upkeep\n|turn|3\n|inactive|Tenzai has 180 seconds left.\n|inactive|Tenzai has 150 seconds left.\n|inactive|Tenzai has 120 seconds left.\n|\n|t:|1699825802\n|-terastallize|p2a: Walking Wake|Fire\n|move|p1b: Ogerpon|Grassy Glide|p2a: Walking Wake\n|-resisted|p2a: Walking Wake\n|-damage|p2a: Walking Wake|55\/100\n|move|p1a: Rillaboom|Grassy Glide|p2a: Walking Wake\n|-resisted|p2a: Walking Wake\n|-damage|p2a: Walking Wake|33\/100\n|move|p2a: Walking Wake|Flamethrower|p1b: Ogerpon\n|-damage|p1b: Ogerpon|30\/100\n|-damage|p2a: Walking Wake|24\/100|[from] item: Life Orb\n|move|p2b: Iron Hands|Drain Punch|p1b: Ogerpon\n|-supereffective|p1b: Ogerpon\n|-damage|p1b: Ogerpon|0 fnt\n|-heal|p2b: Iron Hands|100\/100|[from] drain|[of] p1b: Ogerpon\n|faint|p1b: Ogerpon\n|\n|-heal|p2a: Walking Wake|30\/100|[from] Grassy Terrain\n|-heal|p1a: Rillaboom|100\/100|[from] Grassy Terrain\n|upkeep\n|inactive|eragon11145 has 240 seconds left.\n|\n|t:|1699825827\n|switch|p1b: Roaring Moon|Roaring Moon|100\/100\n|-enditem|p1b: Roaring Moon|Booster Energy\n|-activate|p1b: Roaring Moon|ability: Protosynthesis|[fromitem]\n|-start|p1b: Roaring Moon|protosynthesisspe\n|turn|4\n|inactive|eragon11145 has 240 seconds left.\n|inactive|Tenzai has 120 seconds left.\n|inactive|Tenzai has 90 seconds left.\n|\n|t:|1699825908\n|-end|p2b: Iron Hands|Quark Drive|[silent]\n|switch|p2b: Torkoal|Torkoal, F|100\/100\n|-weather|SunnyDay|[from] ability: Drought|[of] p2b: Torkoal\n|-activate|p2a: Walking Wake|ability: Protosynthesis\n|-start|p2a: Walking Wake|protosynthesisspa\n|move|p1b: Roaring Moon|Protect|p1b: Roaring Moon\n|-singleturn|p1b: Roaring Moon|Protect\n|move|p2a: Walking Wake|Draco Meteor|p1b: Roaring Moon\n|-activate|p1b: Roaring Moon|move: Protect\n|move|p1a: Rillaboom|Wood Hammer|p2b: Torkoal\n|-resisted|p2b: Torkoal\n|-damage|p2b: Torkoal|69\/100\n|-damage|p1a: Rillaboom|92\/100|[from] Recoil\n|\n|-weather|SunnyDay|[upkeep]\n|-heal|p2a: Walking Wake|36\/100|[from] Grassy Terrain\n|-heal|p1a: Rillaboom|98\/100|[from] Grassy Terrain\n|-heal|p2b: Torkoal|75\/100|[from] Grassy Terrain\n|upkeep\n|turn|5\n|inactive|Tenzai has 90 seconds left.\n|\n|t:|1699825927\n|switch|p2b: Iron Hands|Iron Hands|100\/100\n|move|p2a: Walking Wake|Protect|p2a: Walking Wake\n|-singleturn|p2a: Walking Wake|Protect\n|move|p1b: Roaring Moon|Knock Off|p2a: Walking Wake\n|-activate|p2a: Walking Wake|move: Protect\n|move|p1a: Rillaboom|U-turn|p2b: Iron Hands\n|-resisted|p2b: Iron Hands\n|-damage|p2b: Iron Hands|91\/100\n|\n|t:|1699825930\n|switch|p1a: Iron Hands|Iron Hands|100\/100|[from] U-turn\n|\n|-weather|SunnyDay|[upkeep]\n|-heal|p2a: Walking Wake|42\/100|[from] Grassy Terrain\n|-heal|p2b: Iron Hands|98\/100|[from] Grassy Terrain\n|-fieldend|move: Grassy Terrain\n|upkeep\n|turn|6\n|inactive|Tenzai has 90 seconds left.\n|\n|t:|1699825950\n|move|p2b: Iron Hands|Fake Out|p1b: Roaring Moon\n|-damage|p1b: Roaring Moon|85\/100\n|move|p1a: Iron Hands|Fake Out|p2b: Iron Hands\n|-damage|p2b: Iron Hands|88\/100\n|cant|p1b: Roaring Moon|flinch\n|move|p2a: Walking Wake|Draco Meteor|p1b: Roaring Moon\n|-supereffective|p1b: Roaring Moon\n|-damage|p1b: Roaring Moon|0 fnt\n|-unboost|p2a: Walking Wake|spa|2\n|faint|p1b: Roaring Moon\n|-end|p1b: Roaring Moon|Protosynthesis|[silent]\n|-damage|p2a: Walking Wake|32\/100|[from] item: Life Orb\n|\n|-weather|SunnyDay|[upkeep]\n|upkeep\n|inactive|eragon11145 has 270 seconds left.\n|\n|t:|1699825996\n|switch|p1b: Rillaboom|Rillaboom, M|98\/100\n|-fieldstart|move: Grassy Terrain|[from] ability: Grassy Surge|[of] p1b: Rillaboom\n|turn|7\n|inactive|eragon11145 has 240 seconds left.\n|inactive|Tenzai has 90 seconds left.\n|\n|t:|1699826040\n|move|p1b: Rillaboom|Fake Out|p2b: Iron Hands\n|-damage|p2b: Iron Hands|77\/100\n|move|p2a: Walking Wake|Flamethrower|p1b: Rillaboom\n|-supereffective|p1b: Rillaboom\n|-damage|p1b: Rillaboom|9\/100\n|-damage|p2a: Walking Wake|23\/100|[from] item: Life Orb\n|cant|p2b: Iron Hands|flinch\n|move|p1a: Iron Hands|Drain Punch|p2a: Walking Wake\n|-damage|p2a: Walking Wake|0 fnt\n|faint|p2a: Walking Wake\n|-end|p2a: Walking Wake|Protosynthesis|[silent]\n|\n|-weather|SunnyDay|[upkeep]\n|-heal|p1b: Rillaboom|15\/100|[from] Grassy Terrain\n|-heal|p2b: Iron Hands|84\/100|[from] Grassy Terrain\n|upkeep\n|inactive|Tenzai has 60 seconds left.\n|inactive|Tenzai has 30 seconds left.\n|inactive|Tenzai has 20 seconds left.\n|inactive|Tenzai has 15 seconds left.\n|\n|t:|1699826111\n|switch|p2a: Lilligant|Lilligant-Hisui, F|100\/100\n|turn|8\n|inactive|Tenzai has 30 seconds left.\n|inactive|eragon11145 has 240 seconds left.\n|\n|t:|1699826131\n|move|p2a: Lilligant|Protect|p2a: Lilligant\n|-singleturn|p2a: Lilligant|Protect\n|move|p1b: Rillaboom|Grassy Glide|p2a: Lilligant\n|-activate|p2a: Lilligant|move: Protect\n|move|p2b: Iron Hands|Heavy Slam|p1b: Rillaboom\n|-damage|p1b: Rillaboom|0 fnt\n|faint|p1b: Rillaboom\n|move|p1a: Iron Hands|Drain Punch|p2a: Lilligant\n|-activate|p2a: Lilligant|move: Protect\n|\n|-weather|none\n|-heal|p2b: Iron Hands|90\/100|[from] Grassy Terrain\n|upkeep\n|inactive|eragon11145 has 240 seconds left.\n|\n|t:|1699826140\n|switch|p1b: Chi-Yu|Chi-Yu|100\/100\n|-ability|p1b: Chi-Yu|Beads of Ruin\n|turn|9\n|\n|t:|1699826164\n|-end|p2b: Iron Hands|Quark Drive|[silent]\n|switch|p2b: Torkoal|Torkoal, F|75\/100\n|-weather|SunnyDay|[from] ability: Drought|[of] p2b: Torkoal\n|-terastallize|p1b: Chi-Yu|Fairy\n|move|p2a: Lilligant|Solar Blade||[still]\n|-prepare|p2a: Lilligant|Solar Blade\n|-anim|p2a: Lilligant|Solar Blade|p1b: Chi-Yu\n|-damage|p1b: Chi-Yu|12\/100\n|move|p1b: Chi-Yu|Tera Blast|p2b: Torkoal|[anim] Tera Blast Fairy\n|-resisted|p2b: Torkoal\n|-damage|p2b: Torkoal|23\/100\n|move|p1a: Iron Hands|Drain Punch|p2a: Lilligant\n|-crit|p2a: Lilligant\n|-enditem|p2a: Lilligant|Focus Sash\n|-damage|p2a: Lilligant|1\/100\n|\n|-weather|SunnyDay|[upkeep]\n|-heal|p2a: Lilligant|7\/100|[from] Grassy Terrain\n|-heal|p1b: Chi-Yu|18\/100|[from] Grassy Terrain\n|-heal|p2b: Torkoal|29\/100|[from] Grassy Terrain\n|upkeep\n|turn|10\n|inactive|Tenzai has 60 seconds left.\n|\n|t:|1699826181\n|switch|p1b: Flutter Mane|Flutter Mane|100\/100\n|-activate|p1b: Flutter Mane|ability: Protosynthesis\n|-start|p1b: Flutter Mane|protosynthesisspe\n|move|p2a: Lilligant|After You|p2b: Torkoal\n|-activate|p2b: Torkoal|move: After You\n|move|p2b: Torkoal|Heat Wave|p1a: Iron Hands|[spread] p1a,p1b\n|-damage|p1a: Iron Hands|71\/100\n|-damage|p1b: Flutter Mane|48\/100\n|-status|p1a: Iron Hands|brn\n|move|p1a: Iron Hands|Drain Punch|p2a: Lilligant\n|-damage|p2a: Lilligant|0 fnt\n|-heal|p1a: Iron Hands|72\/100 brn|[from] drain|[of] p2a: Lilligant\n|faint|p2a: Lilligant\n|\n|-weather|SunnyDay|[upkeep]\n|-heal|p1b: Flutter Mane|54\/100|[from] Grassy Terrain\n|-heal|p1a: Iron Hands|79\/100 brn|[from] Grassy Terrain\n|-heal|p2b: Torkoal|35\/100|[from] Grassy Terrain\n|-damage|p1a: Iron Hands|72\/100 brn|[from] brn\n|upkeep\n|inactive|Tenzai has 60 seconds left.\n|\n|t:|1699826195\n|switch|p2a: Diancie|Diancie|100\/100\n|turn|11\n|c|\u2606eragon11145|rip\n|\n|t:|1699826203\n|move|p2b: Torkoal|Protect|p2b: Torkoal\n|-singleturn|p2b: Torkoal|Protect\n|move|p1b: Flutter Mane|Moonblast|p2a: Diancie\n|-damage|p2a: Diancie|68\/100\n|move|p1a: Iron Hands|Heavy Slam|p2a: Diancie\n|-supereffective|p2a: Diancie\n|-damage|p2a: Diancie|0 fnt\n|faint|p2a: Diancie\n|\n|-weather|SunnyDay|[upkeep]\n|-heal|p1b: Flutter Mane|61\/100|[from] Grassy Terrain\n|-heal|p1a: Iron Hands|79\/100 brn|[from] Grassy Terrain\n|-heal|p2b: Torkoal|42\/100|[from] Grassy Terrain\n|-damage|p1a: Iron Hands|72\/100 brn|[from] brn\n|-fieldend|move: Grassy Terrain\n|upkeep\n|\n|t:|1699826212\n|switch|p2a: Flutter Mane|Flutter Mane|100\/100\n|-activate|p2a: Flutter Mane|ability: Protosynthesis\n|-start|p2a: Flutter Mane|protosynthesisspe\n|turn|12\n|inactive|Tenzai has 90 seconds left.\n|\n|t:|1699826236\n|move|p1b: Flutter Mane|Shadow Ball|p2b: Torkoal\n|-damage|p2b: Torkoal|0 fnt\n|faint|p2b: Torkoal\n|move|p2a: Flutter Mane|Moonblast|p1a: Iron Hands\n|-supereffective|p1a: Iron Hands\n|-damage|p1a: Iron Hands|0 fnt\n|faint|p1a: Iron Hands\n|-end|p1a: Iron Hands|Quark Drive|[silent]\n|\n|-weather|SunnyDay|[upkeep]\n|upkeep\n|\n|t:|1699826240\n|switch|p1a: Chi-Yu|Chi-Yu, tera:Fairy|18\/100\n|switch|p2b: Iron Hands|Iron Hands|90\/100\n|-ability|p1a: Chi-Yu|Beads of Ruin\n|turn|13\n|\n|t:|1699826253\n|move|p2b: Iron Hands|Fake Out|p1a: Chi-Yu\n|-damage|p1a: Chi-Yu|1\/100\n|move|p1b: Flutter Mane|Moonblast|p2b: Iron Hands\n|-supereffective|p2b: Iron Hands\n|-damage|p2b: Iron Hands|17\/100\n|move|p2a: Flutter Mane|Moonblast|p1b: Flutter Mane\n|-damage|p1b: Flutter Mane|0 fnt\n|faint|p1b: Flutter Mane\n|-end|p1b: Flutter Mane|Protosynthesis|[silent]\n|cant|p1a: Chi-Yu|flinch\n|\n|-weather|none\n|-end|p2a: Flutter Mane|Protosynthesis\n|upkeep\n|turn|14\n|\n|t:|1699826261\n|move|p2a: Flutter Mane|Moonblast|p1a: Chi-Yu\n|-damage|p1a: Chi-Yu|0 fnt\n|faint|p1a: Chi-Yu\n|\n|win|Tenzai\n|c|\u2606Tenzai|gg\n|c|\u2606eragon11145|gg\n|player|p1|eragon11145|#dwcopiii\n","uploadtime":1699826262,"views":225,"p1id":"eragon11145","p2id":"tenzai","formatid":"gen9doublesou","rating":0,"private":0,"password":""}