{"id":"smogtours-gen9doublesou-729791","p1":"Feyette","p2":"theyummybagel","format":"[Gen 9] Doubles OU","log":"|inactive|Battle timer is ON: inactive players will automatically lose when time's up.\n|t:|1699668030\n|gametype|doubles\n|player|p1|Feyette|#scl3dynamos|\n|player|p2|theyummybagel|#scl3breakers|\n|teamsize|p1|6\n|teamsize|p2|6\n|gen|9\n|tier|[Gen 9] Doubles OU\n|rule|Species Clause: Limit one of each Pok\u00e9mon\n|rule|OHKO Clause: OHKO moves are banned\n|rule|Evasion Moves Clause: Evasion moves are banned\n|rule|Gravity Sleep Clause: The combination of sleep-inducing moves with imperfect accuracy and Gravity or Gigantamax Orbeetle are banned\n|rule|Endless Battle Clause: Forcing endless battles is banned\n|rule|HP Percentage Mod: HP is shown in percentages\n|clearpoke\n|poke|p1|Flutter Mane|\n|poke|p1|Ogerpon-Wellspring, F|\n|poke|p1|Iron Hands|\n|poke|p1|Glimmora, F|\n|poke|p1|Kingambit, M|\n|poke|p1|Landorus-Therian, M|\n|poke|p2|Heatran, M|\n|poke|p2|Roaring Moon|\n|poke|p2|Landorus-Therian, M|\n|poke|p2|Iron Hands|\n|poke|p2|Ogerpon-Wellspring, F|\n|poke|p2|Flutter Mane|\n|teampreview\n|inactive|theyummybagel also wants the timer to be on.\n|c|\u2606theyummybagel|hf\n|c|\u2606Feyette|u2\n|inactive|Feyette has 270 seconds left.\n|inactive|theyummybagel has 270 seconds left.\n|inactive|theyummybagel has 240 seconds left.\n|c|+AIRedzone|Gamer time\n|inactive|theyummybagel has 210 seconds left.\n|\n|t:|1699668129\n|start\n|switch|p1a: Glimmora|Glimmora, F|100\/100\n|switch|p1b: Iron Hands|Iron Hands|100\/100\n|switch|p2a: Roaring Moon|Roaring Moon|100\/100\n|switch|p2b: Heatran|Heatran, M|100\/100\n|-item|p1a: Glimmora|Air Balloon\n|-enditem|p2a: Roaring Moon|Booster Energy\n|-activate|p2a: Roaring Moon|ability: Protosynthesis|[fromitem]\n|-start|p2a: Roaring Moon|protosynthesisspe\n|turn|1\n|inactive|theyummybagel has 270 seconds left.\n|inactive|Feyette has 270 seconds left.\n|c|+RUBIAA|what is this for?\n|c|\u2606Feyette|scl\n|inactive|theyummybagel has 240 seconds left.\n|c|+Grandmas Cookin|derb\n|\n|t:|1699668207\n|switch|p2b: Ogerpon|Ogerpon-Wellspring, F|100\/100\n|move|p2a: Roaring Moon|Protect|p2a: Roaring Moon\n|-singleturn|p2a: Roaring Moon|Protect\n|move|p1b: Iron Hands|Fake Out|p2b: Ogerpon\n|-damage|p2b: Ogerpon|84\/100\n|move|p1a: Glimmora|Stealth Rock|p2a: Roaring Moon\n|-sidestart|p2: theyummybagel|move: Stealth Rock\n|\n|upkeep\n|turn|2\n|inactive|Feyette has 270 seconds left.\n|c|+kaori|holy fucking bingle\n|inactive|theyummybagel has 210 seconds left.\n|c|+ryo yamada2001|bingle\n|inactive|Feyette has 240 seconds left.\n|c|+freezai|tarnishing the good name of doubles with S**** Rocks\n|inactive|theyummybagel has 180 seconds left.\n|\n|t:|1699668268\n|-end|p2a: Roaring Moon|Protosynthesis|[silent]\n|switch|p2a: Landorus|Landorus-Therian, M|100\/100\n|-damage|p2a: Landorus|88\/100|[from] Stealth Rock\n|-ability|p2a: Landorus|Intimidate|boost\n|-unboost|p1a: Glimmora|atk|1\n|-unboost|p1b: Iron Hands|atk|1\n|-end|p1b: Iron Hands|Quark Drive|[silent]\n|switch|p1b: Landorus|Landorus-Therian, M|100\/100\n|-ability|p1b: Landorus|Intimidate|boost\n|-unboost|p2a: Landorus|atk|1\n|-unboost|p2b: Ogerpon|atk|1\n|move|p2b: Ogerpon|Ivy Cudgel|p1a: Glimmora\n|-supereffective|p1a: Glimmora\n|-damage|p1a: Glimmora|18\/100\n|-activate|p1a: Glimmora|ability: Toxic Debris\n|-sidestart|p2: theyummybagel|move: Toxic Spikes\n|-enditem|p1a: Glimmora|Air Balloon\n|move|p1a: Glimmora|Sludge Bomb|p2b: Ogerpon\n|-supereffective|p2b: Ogerpon\n|-damage|p2b: Ogerpon|0 fnt\n|faint|p2b: Ogerpon\n|\n|upkeep\n|c|+Grandmas Cookin|dou been using rocks forever\n|inactive|theyummybagel has 180 seconds left.\n|\n|t:|1699668286\n|switch|p2b: Flutter Mane|Flutter Mane|100\/100\n|-damage|p2b: Flutter Mane|88\/100|[from] Stealth Rock\n|-status|p2b: Flutter Mane|psn\n|turn|3\n|inactive|Feyette has 240 seconds left.\n|\n|t:|1699668309\n|move|p1b: Landorus|Stomping Tantrum|p2b: Flutter Mane\n|-damage|p2b: Flutter Mane|0 fnt\n|faint|p2b: Flutter Mane\n|-end|p2b: Flutter Mane|Protosynthesis|[silent]\n|move|p1a: Glimmora|Mortal Spin|p2a: Landorus\n|-resisted|p2a: Landorus\n|-damage|p2a: Landorus|86\/100\n|-status|p2a: Landorus|psn\n|move|p2a: Landorus|Stealth Rock|p1b: Landorus\n|-sidestart|p1: Feyette|move: Stealth Rock\n|\n|-damage|p2a: Landorus|74\/100 psn|[from] psn\n|upkeep\n|inactive|theyummybagel has 180 seconds left.\n|\n|t:|1699668326\n|switch|p2b: Roaring Moon|Roaring Moon|100\/100\n|-damage|p2b: Roaring Moon|88\/100|[from] Stealth Rock\n|-status|p2b: Roaring Moon|psn\n|turn|4\n|\n|t:|1699668345\n|switch|p1b: Iron Hands|Iron Hands|100\/100\n|-damage|p1b: Iron Hands|94\/100|[from] Stealth Rock\n|move|p2b: Roaring Moon|Tailwind|p2b: Roaring Moon\n|-sidestart|p2: theyummybagel|move: Tailwind\n|move|p2a: Landorus|Stomping Tantrum|p1a: Glimmora\n|-supereffective|p1a: Glimmora\n|-damage|p1a: Glimmora|0 fnt\n|-activate|p1a: Glimmora|ability: Toxic Debris\n|-sidestart|p2: theyummybagel|move: Toxic Spikes\n|faint|p1a: Glimmora\n|\n|-damage|p2b: Roaring Moon|75\/100 psn|[from] psn\n|-damage|p2a: Landorus|62\/100 psn|[from] psn\n|upkeep\n|inactive|Feyette has 240 seconds left.\n|\n|t:|1699668366\n|switch|p1a: Kingambit|Kingambit, M|100\/100\n|-damage|p1a: Kingambit|94\/100|[from] Stealth Rock\n|turn|5\n|inactive|theyummybagel has 210 seconds left.\n|\n|t:|1699668379\n|switch|p2a: Iron Hands|Iron Hands|100\/100\n|-damage|p2a: Iron Hands|94\/100|[from] Stealth Rock\n|-status|p2a: Iron Hands|tox\n|move|p1b: Iron Hands|Fake Out|p2a: Iron Hands\n|-damage|p2a: Iron Hands|84\/100 tox\n|move|p2b: Roaring Moon|Knock Off|p1b: Iron Hands\n|-resisted|p1b: Iron Hands\n|-damage|p1b: Iron Hands|77\/100\n|-enditem|p1b: Iron Hands|Assault Vest|[from] move: Knock Off|[of] p2b: Roaring Moon\n|move|p1a: Kingambit|Swords Dance|p1a: Kingambit\n|-boost|p1a: Kingambit|atk|2\n|\n|-damage|p2b: Roaring Moon|63\/100 psn|[from] psn\n|-damage|p2a: Iron Hands|78\/100 tox|[from] psn\n|upkeep\n|turn|6\n|inactive|Feyette has 270 seconds left.\n|inactive|theyummybagel has 210 seconds left.\n|\n|t:|1699668404\n|-terastallize|p1a: Kingambit|Flying\n|move|p2b: Roaring Moon|Acrobatics|p1b: Iron Hands\n|-damage|p1b: Iron Hands|49\/100\n|move|p2a: Iron Hands|Drain Punch|p1b: Iron Hands\n|-damage|p1b: Iron Hands|23\/100\n|-heal|p2a: Iron Hands|91\/100 tox|[from] drain|[of] p1b: Iron Hands\n|move|p1a: Kingambit|Low Kick|p2a: Iron Hands\n|-damage|p2a: Iron Hands|20\/100 tox\n|move|p1b: Iron Hands|Drain Punch|p2a: Iron Hands\n|-damage|p2a: Iron Hands|0 fnt\n|-heal|p1b: Iron Hands|33\/100|[from] drain|[of] p2a: Iron Hands\n|faint|p2a: Iron Hands\n|-end|p2a: Iron Hands|Quark Drive|[silent]\n|\n|-damage|p2b: Roaring Moon|50\/100 psn|[from] psn\n|upkeep\n|inactive|theyummybagel has 210 seconds left.\n|\n|t:|1699668415\n|switch|p2a: Heatran|Heatran, M|100\/100\n|-damage|p2a: Heatran|88\/100|[from] Stealth Rock\n|turn|7\n|inactive|Feyette has 270 seconds left.\n|inactive|Feyette has 240 seconds left.\n|inactive|Feyette has 210 seconds left.\n|\n|t:|1699668505\n|-terastallize|p2a: Heatran|Fairy\n|move|p2b: Roaring Moon|Knock Off|p1a: Kingambit\n|-damage|p1a: Kingambit|58\/100\n|-enditem|p1a: Kingambit|Covert Cloak|[from] move: Knock Off|[of] p2b: Roaring Moon\n|move|p2a: Heatran|Heat Wave|p1b: Iron Hands|[spread] p1a,p1b\n|-damage|p1a: Kingambit|23\/100\n|-damage|p1b: Iron Hands|7\/100\n|move|p1a: Kingambit|Low Kick|p2a: Heatran\n|-resisted|p2a: Heatran\n|-damage|p2a: Heatran|49\/100\n|-enditem|p2a: Heatran|Sitrus Berry|[eat]\n|-heal|p2a: Heatran|74\/100|[from] item: Sitrus Berry\n|move|p1b: Iron Hands|Drain Punch|p2b: Roaring Moon\n|-supereffective|p2b: Roaring Moon\n|-damage|p2b: Roaring Moon|0 fnt\n|-heal|p1b: Iron Hands|25\/100|[from] drain|[of] p2b: Roaring Moon\n|faint|p2b: Roaring Moon\n|-end|p2b: Roaring Moon|Protosynthesis|[silent]\n|\n|-sideend|p2: theyummybagel|move: Tailwind\n|upkeep\n|\n|t:|1699668519\n|switch|p2b: Landorus|Landorus-Therian, M|62\/100 psn\n|-damage|p2b: Landorus|49\/100 psn|[from] Stealth Rock\n|-ability|p2b: Landorus|Intimidate|boost\n|-unboost|p1a: Kingambit|atk|1\n|-ability|p1a: Kingambit|Defiant|boost\n|-boost|p1a: Kingambit|atk|2\n|-unboost|p1b: Iron Hands|atk|1\n|-enditem|p2b: Landorus|Sitrus Berry|[eat]\n|-heal|p2b: Landorus|74\/100 psn|[from] item: Sitrus Berry\n|turn|8\n|inactive|theyummybagel has 240 seconds left.\n|\n|t:|1699668529\n|move|p1a: Kingambit|Sucker Punch||[still]\n|-fail|p1a: Kingambit\n|move|p2b: Landorus|Stealth Rock||[still]\n|-fail|p2b: Landorus\n|move|p2a: Heatran|Heat Wave|p1a: Kingambit|[spread] p1a,p1b\n|-damage|p1a: Kingambit|0 fnt\n|-damage|p1b: Iron Hands|0 fnt\n|faint|p1a: Kingambit\n|faint|p1b: Iron Hands\n|-end|p1b: Iron Hands|Quark Drive|[silent]\n|\n|-damage|p2b: Landorus|62\/100 psn|[from] psn\n|upkeep\n|\n|t:|1699668540\n|switch|p1a: Flutter Mane|Flutter Mane|100\/100\n|switch|p1b: Ogerpon|Ogerpon-Wellspring, F|100\/100\n|-damage|p1a: Flutter Mane|88\/100|[from] Stealth Rock\n|-damage|p1b: Ogerpon|88\/100|[from] Stealth Rock\n|turn|9\n|\n|t:|1699668548\n|move|p1a: Flutter Mane|Moonblast|p2a: Heatran\n|-crit|p2a: Heatran\n|-damage|p2a: Heatran|0 fnt\n|faint|p2a: Heatran\n|move|p1b: Ogerpon|Ivy Cudgel|p2b: Landorus\n|-supereffective|p2b: Landorus\n|-damage|p2b: Landorus|0 fnt\n|faint|p2b: Landorus\n|\n|win|Feyette\n|c|\u2606Feyette|gg\n|c|\u2606theyummybagel|gg\n","uploadtime":1699668549,"views":424,"p1id":"feyette","p2id":"theyummybagel","formatid":"gen9doublesou","rating":0,"private":0,"password":""}