{"id":"smogtours-gen9doublesou-730896","p1":"zee","p2":"Tenzai","format":"[Gen 9] Doubles OU","log":"|inactive|Battle timer is ON: inactive players will automatically lose when time's up.\n|t:|1700233046\n|gametype|doubles\n|player|p1|zee|#roaplviiipichus|\n|player|p2|Tenzai|#scl3spartans|\n|teamsize|p1|6\n|teamsize|p2|6\n|gen|9\n|tier|[Gen 9] Doubles OU\n|rule|Species Clause: Limit one of each Pok\u00e9mon\n|rule|OHKO Clause: OHKO moves are banned\n|rule|Evasion Moves Clause: Evasion moves are banned\n|rule|Gravity Sleep Clause: The combination of sleep-inducing moves with imperfect accuracy and Gravity or Gigantamax Orbeetle are banned\n|rule|Endless Battle Clause: Forcing endless battles is banned\n|rule|HP Percentage Mod: HP is shown in percentages\n|clearpoke\n|poke|p1|Tornadus, M|\n|poke|p1|Gholdengo|\n|poke|p1|Kommo-o, M|\n|poke|p1|Ogerpon-Wellspring, F|\n|poke|p1|Chi-Yu|\n|poke|p1|Flutter Mane|\n|poke|p2|Iron Hands|\n|poke|p2|Moltres-Galar|\n|poke|p2|Arcanine-Hisui, M|\n|poke|p2|Scizor, M|\n|poke|p2|Sinistcha-Masterpiece|\n|poke|p2|Palafin, M|\n|teampreview\n|c|\u2606zee|hf\n|c|\u2606Tenzai|hf\n|inactive|zee has 270 seconds left.\n|inactive|Tenzai has 270 seconds left.\n|\n|t:|1700233090\n|start\n|switch|p1a: Gholdengo|Gholdengo|100\/100\n|switch|p1b: Kommo-o|Kommo-o, M|100\/100\n|switch|p2a: Arcanine|Arcanine-Hisui, M|100\/100\n|switch|p2b: Palafin|Palafin, M|100\/100\n|-ability|p2a: Arcanine|Intimidate|boost\n|-unboost|p1a: Gholdengo|atk|1\n|-unboost|p1b: Kommo-o|atk|1\n|turn|1\n|inactive|zee has 270 seconds left.\n|\n|t:|1700233122\n|switch|p1a: Ogerpon|Ogerpon-Wellspring, F|100\/100\n|detailschange|p2b: Palafin|Palafin-Hero, M\n|switch|p2b: Iron Hands|Iron Hands|100\/100\n|-terastallize|p1b: Kommo-o|Fire\n|move|p2a: Arcanine|Will-O-Wisp|p1b: Kommo-o\n|-immune|p1b: Kommo-o\n|move|p1b: Kommo-o|Iron Defense|p1b: Kommo-o\n|-boost|p1b: Kommo-o|def|2\n|\n|upkeep\n|turn|2\n|inactive|zee has 270 seconds left.\n|inactive|Tenzai has 270 seconds left.\n|\n|t:|1700233172\n|switch|p2a: Moltres|Moltres-Galar|100\/100\n|move|p1a: Ogerpon|Ivy Cudgel|p2a: Moltres\n|-damage|p2a: Moltres|47\/100\n|-ability|p2a: Moltres|Berserk|boost\n|-boost|p2a: Moltres|spa|1\n|move|p1b: Kommo-o|Body Press|p2a: Moltres\n|-damage|p2a: Moltres|0 fnt\n|faint|p2a: Moltres\n|move|p2b: Iron Hands|Volt Switch|p1b: Kommo-o\n|-damage|p1b: Kommo-o|90\/100\n|\n|t:|1700233190\n|-end|p2b: Iron Hands|Quark Drive|[silent]\n|switch|p2b: Arcanine|Arcanine-Hisui, M|100\/100|[from] Volt Switch\n|-ability|p2b: Arcanine|Intimidate|boost\n|-unboost|p1a: Ogerpon|atk|1\n|-unboost|p1b: Kommo-o|atk|1\n|\n|-heal|p1b: Kommo-o|96\/100|[from] item: Leftovers\n|upkeep\n|\n|t:|1700233196\n|switch|p2a: Palafin|Palafin-Hero, M|100\/100\n|-activate|p2a: Palafin|ability: Zero to Hero\n|turn|3\n|\n|t:|1700233208\n|switch|p2b: Sinistcha|Sinistcha-Masterpiece|100\/100\n|-terastallize|p2a: Palafin|Grass\n|move|p1a: Ogerpon|Ivy Cudgel|p2b: Sinistcha\n|-resisted|p2b: Sinistcha\n|-damage|p2b: Sinistcha|89\/100\n|move|p2a: Palafin|Bulk Up|p2a: Palafin\n|-boost|p2a: Palafin|atk|1\n|-boost|p2a: Palafin|def|1\n|move|p1b: Kommo-o|Iron Defense|p1b: Kommo-o\n|-boost|p1b: Kommo-o|def|2\n|\n|-heal|p1b: Kommo-o|100\/100|[from] item: Leftovers\n|upkeep\n|turn|4\n|inactive|Tenzai has 270 seconds left.\n|\n|t:|1700233226\n|switch|p1a: Tornadus|Tornadus, M|100\/100\n|move|p2b: Sinistcha|Rage Powder|p2b: Sinistcha\n|-singleturn|p2b: Sinistcha|move: Rage Powder\n|move|p2a: Palafin|Bulk Up|p2a: Palafin\n|-boost|p2a: Palafin|atk|1\n|-boost|p2a: Palafin|def|1\n|move|p1b: Kommo-o|Iron Defense|p1b: Kommo-o\n|-boost|p1b: Kommo-o|def|2\n|\n|upkeep\n|turn|5\n|\n|t:|1700233235\n|switch|p2b: Iron Hands|Iron Hands|100\/100\n|move|p2a: Palafin|Protect|p2a: Palafin\n|-singleturn|p2a: Palafin|Protect\n|move|p1a: Tornadus|Sunny Day|p1a: Tornadus\n|-weather|SunnyDay\n|move|p1b: Kommo-o|Fire Punch|p2a: Palafin\n|-activate|p2a: Palafin|move: Protect\n|\n|-weather|SunnyDay|[upkeep]\n|upkeep\n|turn|6\n|\n|t:|1700233243\n|move|p2b: Iron Hands|Fake Out|p1b: Kommo-o\n|-damage|p1b: Kommo-o|98\/100\n|move|p1a: Tornadus|Bleakwind Storm|p2a: Palafin|[spread] p2a\n|-miss|p1a: Tornadus|p2b: Iron Hands\n|-supereffective|p2a: Palafin\n|-damage|p2a: Palafin|37\/100\n|move|p2a: Palafin|Bulk Up|p2a: Palafin\n|-boost|p2a: Palafin|atk|1\n|-boost|p2a: Palafin|def|1\n|cant|p1b: Kommo-o|flinch\n|\n|-weather|SunnyDay|[upkeep]\n|-heal|p2a: Palafin|43\/100|[from] item: Leftovers\n|-heal|p1b: Kommo-o|100\/100|[from] item: Leftovers\n|upkeep\n|turn|7\n|\n|t:|1700233252\n|move|p2a: Palafin|Protect|p2a: Palafin\n|-singleturn|p2a: Palafin|Protect\n|move|p1a: Tornadus|Bleakwind Storm|p2b: Iron Hands|[spread] p2b\n|-activate|p2a: Palafin|move: Protect\n|-damage|p2b: Iron Hands|83\/100\n|move|p1b: Kommo-o|Fire Punch|p2b: Iron Hands\n|-damage|p2b: Iron Hands|69\/100\n|-status|p2b: Iron Hands|brn\n|move|p2b: Iron Hands|Wild Charge|p1a: Tornadus\n|-supereffective|p1a: Tornadus\n|-damage|p1a: Tornadus|51\/100\n|-damage|p2b: Iron Hands|60\/100 brn|[from] Recoil\n|\n|-weather|SunnyDay|[upkeep]\n|-heal|p2a: Palafin|49\/100|[from] item: Leftovers\n|-damage|p2b: Iron Hands|54\/100 brn|[from] brn\n|upkeep\n|turn|8\n|\n|t:|1700233266\n|-end|p2b: Iron Hands|Quark Drive|[silent]\n|switch|p2b: Sinistcha|Sinistcha-Masterpiece|89\/100\n|-heal|p2a: Palafin|74\/100|[from] ability: Hospitality|[of] p2b: Sinistcha\n|move|p2a: Palafin|Jet Punch|p1a: Tornadus\n|-crit|p1a: Tornadus\n|-damage|p1a: Tornadus|0 fnt\n|faint|p1a: Tornadus\n|move|p1b: Kommo-o|Body Press|p2a: Palafin\n|-damage|p2a: Palafin|18\/100\n|\n|-weather|SunnyDay|[upkeep]\n|-heal|p2a: Palafin|24\/100|[from] item: Leftovers\n|upkeep\n|\n|t:|1700233278\n|switch|p1a: Chi-Yu|Chi-Yu|100\/100\n|-ability|p1a: Chi-Yu|Beads of Ruin\n|turn|9\n|\n|t:|1700233285\n|switch|p2b: Iron Hands|Iron Hands|54\/100 brn\n|move|p2a: Palafin|Protect|p2a: Palafin\n|-singleturn|p2a: Palafin|Protect\n|move|p1a: Chi-Yu|Heat Wave|p2a: Palafin|[spread] p2b\n|-activate|p2a: Palafin|move: Protect\n|-damage|p2b: Iron Hands|16\/100 brn\n|move|p1b: Kommo-o|Body Press|p2a: Palafin\n|-activate|p2a: Palafin|move: Protect\n|\n|-weather|none\n|-heal|p2a: Palafin|30\/100|[from] item: Leftovers\n|-damage|p2b: Iron Hands|10\/100 brn|[from] brn\n|upkeep\n|turn|10\n|\n|t:|1700233298\n|switch|p1a: Flutter Mane|Flutter Mane|100\/100\n|-enditem|p1a: Flutter Mane|Booster Energy\n|-activate|p1a: Flutter Mane|ability: Protosynthesis|[fromitem]\n|-start|p1a: Flutter Mane|protosynthesisspe\n|move|p2b: Iron Hands|Fake Out|p1b: Kommo-o\n|-damage|p1b: Kommo-o|99\/100\n|move|p2a: Palafin|Jet Punch|p1a: Flutter Mane\n|-damage|p1a: Flutter Mane|0 fnt\n|faint|p1a: Flutter Mane\n|-end|p1a: Flutter Mane|Protosynthesis|[silent]\n|cant|p1b: Kommo-o|flinch\n|\n|-heal|p2a: Palafin|36\/100|[from] item: Leftovers\n|-heal|p1b: Kommo-o|100\/100|[from] item: Leftovers\n|-damage|p2b: Iron Hands|3\/100 brn|[from] brn\n|upkeep\n|\n|t:|1700233305\n|switch|p1a: Ogerpon|Ogerpon-Wellspring, F|100\/100\n|turn|11\n|\n|t:|1700233320\n|switch|p1a: Gholdengo|Gholdengo|100\/100\n|-end|p2b: Iron Hands|Quark Drive|[silent]\n|switch|p2b: Sinistcha|Sinistcha-Masterpiece|89\/100\n|-heal|p2a: Palafin|61\/100|[from] ability: Hospitality|[of] p2b: Sinistcha\n|move|p2a: Palafin|Protect|p2a: Palafin\n|-singleturn|p2a: Palafin|Protect\n|move|p1b: Kommo-o|Fire Punch|p2b: Sinistcha\n|-supereffective|p2b: Sinistcha\n|-damage|p2b: Sinistcha|69\/100\n|\n|-heal|p2a: Palafin|67\/100|[from] item: Leftovers\n|upkeep\n|turn|12\n|\n|t:|1700233337\n|switch|p2b: Arcanine|Arcanine-Hisui, M|100\/100\n|-ability|p2b: Arcanine|Intimidate|boost\n|-unboost|p1a: Gholdengo|atk|1\n|-unboost|p1b: Kommo-o|atk|1\n|move|p2a: Palafin|Protect|p2a: Palafin\n|-singleturn|p2a: Palafin|Protect\n|move|p1a: Gholdengo|Shadow Ball|p2b: Arcanine\n|-crit|p2b: Arcanine\n|-damage|p2b: Arcanine|35\/100\n|move|p1b: Kommo-o|Body Press|p2a: Palafin\n|-activate|p2a: Palafin|move: Protect\n|\n|-heal|p2a: Palafin|74\/100|[from] item: Leftovers\n|upkeep\n|turn|13\n|\n|t:|1700233359\n|switch|p2b: Sinistcha|Sinistcha-Masterpiece|69\/100\n|-heal|p2a: Palafin|99\/100|[from] ability: Hospitality|[of] p2b: Sinistcha\n|switch|p1a: Chi-Yu|Chi-Yu|100\/100\n|-ability|p1a: Chi-Yu|Beads of Ruin\n|move|p2a: Palafin|Bulk Up|p2a: Palafin\n|-boost|p2a: Palafin|atk|1\n|-boost|p2a: Palafin|def|1\n|move|p1b: Kommo-o|Body Press|p2a: Palafin\n|-damage|p2a: Palafin|51\/100\n|\n|-heal|p2a: Palafin|57\/100|[from] item: Leftovers\n|upkeep\n|turn|14\n|\n|t:|1700233379\n|switch|p1a: Ogerpon|Ogerpon-Wellspring, F|100\/100\n|move|p2b: Sinistcha|Rage Powder|p2b: Sinistcha\n|-singleturn|p2b: Sinistcha|move: Rage Powder\n|move|p2a: Palafin|Jet Punch|p1a: Ogerpon\n|-immune|p1a: Ogerpon|[from] ability: Water Absorb\n|move|p1b: Kommo-o|Fire Punch|p2b: Sinistcha\n|-supereffective|p2b: Sinistcha\n|-damage|p2b: Sinistcha|53\/100\n|\n|-heal|p2a: Palafin|63\/100|[from] item: Leftovers\n|upkeep\n|turn|15\n|\n|t:|1700233395\n|switch|p1b: Chi-Yu|Chi-Yu|100\/100\n|-ability|p1b: Chi-Yu|Beads of Ruin\n|move|p1a: Ogerpon|Spiky Shield|p1a: Ogerpon\n|-singleturn|p1a: Ogerpon|move: Protect\n|move|p2b: Sinistcha|Rage Powder|p2b: Sinistcha\n|-singleturn|p2b: Sinistcha|move: Rage Powder\n|move|p2a: Palafin|Bulk Up|p2a: Palafin\n|-boost|p2a: Palafin|atk|1\n|-boost|p2a: Palafin|def|1\n|\n|-heal|p2a: Palafin|70\/100|[from] item: Leftovers\n|upkeep\n|turn|16\n|\n|t:|1700233411\n|switch|p2b: Arcanine|Arcanine-Hisui, M|35\/100\n|-ability|p2b: Arcanine|Intimidate|boost\n|-unboost|p1a: Ogerpon|atk|1\n|-unboost|p1b: Chi-Yu|atk|1\n|move|p1a: Ogerpon|Follow Me|p1a: Ogerpon\n|-singleturn|p1a: Ogerpon|move: Follow Me\n|move|p2a: Palafin|Jet Punch|p1a: Ogerpon\n|-immune|p1a: Ogerpon|[from] ability: Water Absorb\n|move|p1b: Chi-Yu|Heat Wave|p2a: Palafin|[spread] p2a,p2b\n|-supereffective|p2a: Palafin\n|-resisted|p2b: Arcanine\n|-damage|p2a: Palafin|0 fnt\n|-damage|p2b: Arcanine|24\/100\n|faint|p2a: Palafin\n|\n|upkeep\n|inactive|Tenzai has 270 seconds left.\n|\n|t:|1700233434\n|switch|p2a: Iron Hands|Iron Hands|3\/100 brn\n|turn|17\n|\n|t:|1700233446\n|move|p1a: Ogerpon|Spiky Shield|p1a: Ogerpon\n|-singleturn|p1a: Ogerpon|move: Protect\n|move|p2a: Iron Hands|Fake Out|p1a: Ogerpon\n|-activate|p1a: Ogerpon|move: Protect\n|-damage|p2a: Iron Hands|0 fnt|[from] Spiky Shield|[of] p1a: Ogerpon\n|faint|p2a: Iron Hands\n|-end|p2a: Iron Hands|Quark Drive|[silent]\n|move|p1b: Chi-Yu|Dark Pulse|p2b: Arcanine\n|-damage|p2b: Arcanine|0 fnt\n|faint|p2b: Arcanine\n|\n|upkeep\n|\n|t:|1700233450\n|switch|p2b: Sinistcha|Sinistcha-Masterpiece|53\/100\n|switch|p2a: Scizor|Scizor, M|100\/100\n|turn|18\n|c|\u2606Tenzai|gg\n|c|\u2606zee|gg\n|\n|t:|1700233463\n|move|p1a: Ogerpon|Follow Me|p1a: Ogerpon\n|-singleturn|p1a: Ogerpon|move: Follow Me\n|move|p1b: Chi-Yu|Heat Wave|p2b: Sinistcha|[spread] p2a,p2b\n|-supereffective|p2a: Scizor\n|-supereffective|p2b: Sinistcha\n|-damage|p2a: Scizor|0 fnt\n|-damage|p2b: Sinistcha|0 fnt\n|faint|p2a: Scizor\n|faint|p2b: Sinistcha\n|\n|win|zee\n","uploadtime":1700233464,"views":467,"p1id":"zee","p2id":"tenzai","formatid":"gen9doublesou","rating":0,"private":0,"password":""}