{"id":"smogtours-gen9doublesou-728095","p1":"Enzonana","p2":"EternalSnowman","format":"[Gen 9] Doubles OU","log":"|inactive|Battle timer is ON: inactive players will automatically lose when time's up.\n|t:|1698874848\n|gametype|doubles\n|player|p1|Enzonana|#scl2dynamos|\n|player|p2|EternalSnowman|#dpl9spectralthieves|\n|teamsize|p1|6\n|teamsize|p2|6\n|gen|9\n|tier|[Gen 9] Doubles OU\n|rule|Species Clause: Limit one of each Pok\u00e9mon\n|rule|OHKO Clause: OHKO moves are banned\n|rule|Evasion Moves Clause: Evasion moves are banned\n|rule|Gravity Sleep Clause: The combination of sleep-inducing moves with imperfect accuracy and Gravity or Gigantamax Orbeetle are banned\n|rule|Endless Battle Clause: Forcing endless battles is banned\n|rule|HP Percentage Mod: HP is shown in percentages\n|clearpoke\n|poke|p1|Dragonite, M|\n|poke|p1|Tornadus, M|\n|poke|p1|Chien-Pao|\n|poke|p1|Basculegion-F, F|\n|poke|p1|Rillaboom, M|\n|poke|p1|Flutter Mane|\n|poke|p2|Ninetales, F|\n|poke|p2|Walking Wake|\n|poke|p2|Flutter Mane|\n|poke|p2|Farigiraf, F|\n|poke|p2|Roaring Moon|\n|poke|p2|Tornadus, M|\n|teampreview\n|inactive|Enzonana also wants the timer to be on.\n|c|\u2606Enzonana|have fun!\n|c|\u2606EternalSnowman|glhf\n|inactive|Enzonana has 270 seconds left.\n|inactive|EternalSnowman has 270 seconds left.\n|inactive|Enzonana has 240 seconds left.\n|inactive|EternalSnowman has 240 seconds left.\n|inactive|Enzonana has 210 seconds left.\n|\n|t:|1698874940\n|start\n|switch|p1a: Dragonite|Dragonite, M|100\/100\n|switch|p1b: Chien-Pao|Chien-Pao|100\/100\n|switch|p2a: Ninetales|Ninetales, F|100\/100\n|switch|p2b: Roaring Moon|Roaring Moon|100\/100\n|-ability|p1b: Chien-Pao|Sword of Ruin\n|-weather|SunnyDay|[from] ability: Drought|[of] p2a: Ninetales\n|-activate|p2b: Roaring Moon|ability: Protosynthesis\n|-start|p2b: Roaring Moon|protosynthesisatk\n|turn|1\n|inactive|Enzonana has 270 seconds left.\n|inactive|EternalSnowman has 270 seconds left.\n|\n|t:|1698875001\n|-terastallize|p2b: Roaring Moon|Fire\n|move|p2b: Roaring Moon|U-turn|p1b: Chien-Pao\n|-supereffective|p1b: Chien-Pao\n|-enditem|p1b: Chien-Pao|Focus Sash\n|-damage|p1b: Chien-Pao|1\/100\n|c|\u2606Enzonana|alavergablicc\n|inactive|EternalSnowman has 240 seconds left.\n|inactive|EternalSnowman has 210 seconds left.\n|\n|t:|1698875044\n|-end|p2b: Roaring Moon|Protosynthesis|[silent]\n|switch|p2b: Walking Wake|Walking Wake|100\/100|[from] U-turn\n|-activate|p2b: Walking Wake|ability: Protosynthesis\n|-start|p2b: Walking Wake|protosynthesisspe\n|move|p1b: Chien-Pao|Icicle Crash|p2b: Walking Wake\n|-crit|p2b: Walking Wake\n|-damage|p2b: Walking Wake|0 fnt\n|faint|p2b: Walking Wake\n|-end|p2b: Walking Wake|Protosynthesis|[silent]\n|move|p2a: Ninetales|Heat Wave|p1a: Dragonite|[spread] p1a,p1b\n|-resisted|p1a: Dragonite\n|-supereffective|p1b: Chien-Pao\n|-damage|p1a: Dragonite|90\/100\n|-damage|p1b: Chien-Pao|0 fnt\n|faint|p1b: Chien-Pao\n|move|p1a: Dragonite|Stomping Tantrum|p2a: Ninetales\n|-supereffective|p2a: Ninetales\n|-damage|p2a: Ninetales|29\/100\n|\n|-weather|SunnyDay|[upkeep]\n|upkeep\n|inactive|Enzonana has 270 seconds left.\n|inactive|EternalSnowman has 210 seconds left.\n|inactive|Enzonana has 240 seconds left.\n|\n|t:|1698875092\n|switch|p1b: Tornadus|Tornadus, M|100\/100\n|switch|p2b: Roaring Moon|Roaring Moon, tera:Fire|100\/100\n|-activate|p2b: Roaring Moon|ability: Protosynthesis\n|-start|p2b: Roaring Moon|protosynthesisatk\n|turn|2\n|inactive|Enzonana has 240 seconds left.\n|inactive|EternalSnowman has 210 seconds left.\n|inactive|Enzonana has 210 seconds left.\n|inactive|EternalSnowman has 180 seconds left.\n|\n|t:|1698875148\n|-end|p2b: Roaring Moon|Protosynthesis|[silent]\n|switch|p2b: Tornadus|Tornadus, M|100\/100\n|move|p1b: Tornadus|Tailwind|p1b: Tornadus\n|-sidestart|p1: Enzonana|move: Tailwind\n|move|p1a: Dragonite|Stomping Tantrum|p2b: Tornadus\n|-immune|p2b: Tornadus\n|move|p2a: Ninetales|Will-O-Wisp|p1a: Dragonite\n|-status|p1a: Dragonite|brn\n|\n|-weather|SunnyDay|[upkeep]\n|-damage|p1a: Dragonite|84\/100 brn|[from] brn\n|upkeep\n|turn|3\n|inactive|Enzonana has 210 seconds left.\n|inactive|EternalSnowman has 180 seconds left.\n|\n|t:|1698875166\n|move|p2a: Ninetales|Protect|p2a: Ninetales\n|-singleturn|p2a: Ninetales|Protect\n|move|p1b: Tornadus|Taunt|p2b: Tornadus\n|-start|p2b: Tornadus|move: Taunt\n|move|p1a: Dragonite|Stomping Tantrum|p2a: Ninetales\n|-activate|p2a: Ninetales|move: Protect\n|move|p2b: Tornadus|Bleakwind Storm|p1b: Tornadus|[spread] p1a,p1b\n|-damage|p1a: Dragonite|65\/100 brn\n|-damage|p1b: Tornadus|64\/100\n|-unboost|p1a: Dragonite|spe|1\n|\n|-weather|SunnyDay|[upkeep]\n|-damage|p1a: Dragonite|59\/100 brn|[from] brn\n|upkeep\n|turn|4\n|inactive|Enzonana has 210 seconds left.\n|inactive|Enzonana has 180 seconds left.\n|\n|t:|1698875231\n|move|p2a: Ninetales|Helping Hand|p2b: Tornadus\n|-singleturn|p2b: Tornadus|Helping Hand|[of] p2a: Ninetales\n|move|p1b: Tornadus|Bleakwind Storm|p2a: Ninetales|[spread] p2a,p2b\n|-crit|p2b: Tornadus\n|-damage|p2a: Ninetales|0 fnt\n|-damage|p2b: Tornadus|46\/100\n|faint|p2a: Ninetales\n|move|p1a: Dragonite|Aerial Ace|p2b: Tornadus\n|-damage|p2b: Tornadus|32\/100\n|move|p2b: Tornadus|Bleakwind Storm|p1b: Tornadus|[spread] p1a,p1b\n|-damage|p1a: Dragonite|31\/100 brn\n|-damage|p1b: Tornadus|12\/100\n|-unboost|p1b: Tornadus|spe|1\n|-enditem|p1b: Tornadus|Sitrus Berry|[eat]\n|-heal|p1b: Tornadus|36\/100|[from] item: Sitrus Berry\n|\n|-weather|SunnyDay|[upkeep]\n|-damage|p1a: Dragonite|25\/100 brn|[from] brn\n|upkeep\n|c|+Fakee|\ud83c\udde6\ud83c\uddf7\ud83c\udde8\ud83c\uddf4\ud83c\udde8\ud83c\uddf1\ud83c\udde7\ud83c\uddf7\ud83c\uddea\ud83c\udde8\ud83c\uddf2\ud83c\uddfd\ud83c\uddf5\ud83c\uddea\ud83c\uddf5\ud83c\udde6\ud83c\uddfb\ud83c\uddea go LA\n|inactive|EternalSnowman has 180 seconds left.\n|c|\u2606Enzonana|alamierda feiki q es eso\n|\n|t:|1698875257\n|switch|p2a: Flutter Mane|Flutter Mane|100\/100\n|-activate|p2a: Flutter Mane|ability: Protosynthesis\n|-start|p2a: Flutter Mane|protosynthesisspa\n|turn|5\n|\n|t:|1698875267\n|move|p1a: Dragonite|Extreme Speed|p2b: Tornadus\n|-damage|p2b: Tornadus|20\/100\n|move|p1b: Tornadus|Bleakwind Storm|p2b: Tornadus|[spread] p2a,p2b\n|-damage|p2a: Flutter Mane|65\/100\n|-damage|p2b: Tornadus|0 fnt\n|-unboost|p2a: Flutter Mane|spe|1\n|faint|p2b: Tornadus\n|move|p2a: Flutter Mane|Dazzling Gleam|p1a: Dragonite|[spread] p1a,p1b\n|-supereffective|p1a: Dragonite\n|-damage|p1a: Dragonite|0 fnt\n|-damage|p1b: Tornadus|0 fnt\n|faint|p1a: Dragonite\n|faint|p1b: Tornadus\n|\n|-weather|SunnyDay|[upkeep]\n|-sideend|p1: Enzonana|move: Tailwind\n|upkeep\n|inactive|Enzonana has 210 seconds left.\n|\n|t:|1698875292\n|switch|p1b: Rillaboom|Rillaboom, M|100\/100\n|switch|p2b: Roaring Moon|Roaring Moon, tera:Fire|100\/100\n|switch|p1a: Flutter Mane|Flutter Mane|100\/100\n|-activate|p2b: Roaring Moon|ability: Protosynthesis\n|-start|p2b: Roaring Moon|protosynthesisatk\n|-activate|p1a: Flutter Mane|ability: Protosynthesis\n|-start|p1a: Flutter Mane|protosynthesisspe\n|-fieldstart|move: Grassy Terrain|[from] ability: Grassy Surge|[of] p1b: Rillaboom\n|turn|6\n|c|+Fakee|\ud83c\uddf5\ud83c\uddeaENZONANA WIN FOR YOUR COUNTRY\ud83c\udde6\ud83c\uddf7\n|inactive|Enzonana has 210 seconds left.\n|\n|t:|1698875321\n|-end|p2a: Flutter Mane|Protosynthesis|[silent]\n|switch|p2a: Farigiraf|Farigiraf, F|100\/100\n|-terastallize|p1b: Rillaboom|Fire\n|move|p1a: Flutter Mane|Shadow Ball|p2b: Roaring Moon\n|-damage|p2b: Roaring Moon|68\/100\n|move|p2b: Roaring Moon|Tera Blast|p1a: Flutter Mane|[anim] Tera Blast Fire\n|-damage|p1a: Flutter Mane|0 fnt\n|faint|p1a: Flutter Mane\n|-end|p1a: Flutter Mane|Protosynthesis|[silent]\n|move|p1b: Rillaboom|Wood Hammer|p2b: Roaring Moon\n|-resisted|p2b: Roaring Moon\n|-damage|p2b: Roaring Moon|22\/100\n|-damage|p1b: Rillaboom|88\/100|[from] Recoil\n|\n|-weather|SunnyDay|[upkeep]\n|-heal|p2b: Roaring Moon|28\/100|[from] Grassy Terrain\n|-heal|p1b: Rillaboom|94\/100|[from] Grassy Terrain\n|upkeep\n|\n|t:|1698875332\n|switch|p1a: Basculegion|Basculegion-F, F|100\/100\n|turn|7\n|inactive|EternalSnowman has 240 seconds left.\n|inactive|Enzonana has 210 seconds left.\n|inactive|Enzonana has 180 seconds left.\n|inactive|EternalSnowman has 210 seconds left.\n|\n|t:|1698875382\n|move|p2a: Farigiraf|Protect|p2a: Farigiraf\n|-singleturn|p2a: Farigiraf|Protect\n|move|p1a: Basculegion|Last Respects|p2b: Roaring Moon\n|-damage|p2b: Roaring Moon|0 fnt\n|faint|p2b: Roaring Moon\n|-end|p2b: Roaring Moon|Protosynthesis|[silent]\n|move|p1b: Rillaboom|Wood Hammer|p2a: Farigiraf\n|-activate|p2a: Farigiraf|move: Protect\n|\n|-weather|SunnyDay|[upkeep]\n|-heal|p1b: Rillaboom|99\/100|[from] Grassy Terrain\n|upkeep\n|inactive|EternalSnowman has 210 seconds left.\n|\n|t:|1698875389\n|switch|p2b: Flutter Mane|Flutter Mane|65\/100\n|-activate|p2b: Flutter Mane|ability: Protosynthesis\n|-start|p2b: Flutter Mane|protosynthesisspa\n|turn|8\n|\n|t:|1698875406\n|move|p1a: Basculegion|Last Respects|p2b: Flutter Mane\n|-supereffective|p2b: Flutter Mane\n|-damage|p2b: Flutter Mane|0 fnt\n|faint|p2b: Flutter Mane\n|-end|p2b: Flutter Mane|Protosynthesis|[silent]\n|move|p2a: Farigiraf|High Horsepower|p1b: Rillaboom\n|-supereffective|p1b: Rillaboom\n|-damage|p1b: Rillaboom|32\/100\n|-damage|p2a: Farigiraf|91\/100|[from] item: Life Orb\n|move|p1b: Rillaboom|Wood Hammer|p2a: Farigiraf\n|-damage|p2a: Farigiraf|9\/100\n|-damage|p1b: Rillaboom|6\/100|[from] Recoil\n|\n|-weather|none\n|-heal|p2a: Farigiraf|15\/100|[from] Grassy Terrain\n|-heal|p1b: Rillaboom|13\/100|[from] Grassy Terrain\n|upkeep\n|turn|9\n|inactive|EternalSnowman has 240 seconds left.\n|c|+Fakee|si bueno la cosa es que ambos ursa y cress no est\u00e1n en buena posici\u00f3n.  Casi siempre debes de usar el tera si usas ursaluna para que no te den ko con tanto grass mon y hands, lo que significa que te quedas re abierto jugando con tu tera quemado. \n|inactive|Enzonana has 210 seconds left.\n|\n|t:|1698875426\n|move|p1a: Basculegion|Last Respects|p2a: Farigiraf\n|-immune|p2a: Farigiraf\n|move|p2a: Farigiraf|Psychic Fangs|p1b: Rillaboom\n|-damage|p1b: Rillaboom|0 fnt\n|faint|p1b: Rillaboom\n|-damage|p2a: Farigiraf|5\/100|[from] item: Life Orb\n|\n|-heal|p2a: Farigiraf|11\/100|[from] Grassy Terrain\n|upkeep\n|turn|10\n|c|+Mizuhime|el nana nooooooo\n|c|\u2606Enzonana|q pasa mizu\n|c|+Fakee|Tanto lando significa intimidate y significa que ya no vas a tener tantas KO con el oso (osea que pierdes turnos valiosos de tr), mientras que Cresselia hace absolutamente nada pq al tener tantos mons que pegan dur\u00edsimo y encima se buffean m\u00e1s, te quedas 1v2. Aj\u00e1, tienes lunar blessing k te cura 2 pesos, pero el otro de mientras se tira SD o NP\n|c|+Fakee|gg\n|\n|t:|1698875442\n|move|p2a: Farigiraf|Protect|p2a: Farigiraf\n|-singleturn|p2a: Farigiraf|Protect\n|move|p1a: Basculegion|Last Respects|p2a: Farigiraf\n|-activate|p2a: Farigiraf|move: Protect\n|\n|-heal|p2a: Farigiraf|17\/100|[from] Grassy Terrain\n|-fieldend|move: Grassy Terrain\n|upkeep\n|turn|11\n|\n|t:|1698875447\n|move|p1a: Basculegion|Last Respects|p2a: Farigiraf\n|-immune|p2a: Farigiraf\n|move|p2a: Farigiraf|Psychic Fangs|p1a: Basculegion\n|-damage|p1a: Basculegion|39\/100\n|-damage|p2a: Farigiraf|8\/100|[from] item: Life Orb\n|\n|upkeep\n|turn|12\n|\n|t:|1698875455\n|move|p1a: Basculegion|Last Respects|p2a: Farigiraf\n|-immune|p2a: Farigiraf\n|move|p2a: Farigiraf|Psychic Fangs|p1a: Basculegion\n|-damage|p1a: Basculegion|0 fnt\n|faint|p1a: Basculegion\n|-damage|p2a: Farigiraf|0 fnt|[from] item: Life Orb\n|faint|p2a: Farigiraf\n|\n|win|EternalSnowman\n|c|\u2606Enzonana|GG\n|c|\u2606EternalSnowman|gg\n","uploadtime":1698875456,"views":265,"p1id":"enzonana","p2id":"eternalsnowman","formatid":"gen9doublesou","rating":0,"private":0,"password":""}