{"id":"smogtours-gen9doublesou-730295","p1":"theyummybagel","p2":"Yellow Paint","format":"[Gen 9] Doubles OU","log":"|inactive|Battle timer is ON: inactive players will automatically lose when time's up.\n|t:|1699816974\n|gametype|doubles\n|player|p1|theyummybagel|#scl3breakers|\n|player|p2|Yellow Paint|artist|\n|teamsize|p1|6\n|teamsize|p2|6\n|gen|9\n|tier|[Gen 9] Doubles OU\n|rule|Species Clause: Limit one of each Pok\u00e9mon\n|rule|OHKO Clause: OHKO moves are banned\n|rule|Evasion Moves Clause: Evasion moves are banned\n|rule|Gravity Sleep Clause: The combination of sleep-inducing moves with imperfect accuracy and Gravity or Gigantamax Orbeetle are banned\n|rule|Endless Battle Clause: Forcing endless battles is banned\n|rule|HP Percentage Mod: HP is shown in percentages\n|clearpoke\n|poke|p1|Kommo-o, F|\n|poke|p1|Tornadus, M|\n|poke|p1|Rillaboom, F|\n|poke|p1|Flutter Mane|\n|poke|p1|Glimmora, M|\n|poke|p1|Kingambit, F|\n|poke|p2|Gholdengo|\n|poke|p2|Indeedee-F, F|\n|poke|p2|Diancie|\n|poke|p2|Sinistcha|\n|poke|p2|Landorus-Therian, M|\n|poke|p2|Volcanion|\n|teampreview\n|inactive|theyummybagel also wants the timer to be on.\n|c|\u2606Yellow Paint|cheers\n|c|\u2606theyummybagel|u2\n|inactive|theyummybagel has 270 seconds left.\n|inactive|Yellow Paint has 270 seconds left.\n|\n|t:|1699817031\n|start\n|switch|p1a: Kingambit|Kingambit, F|100\/100\n|switch|p1b: Glimmora|Glimmora, M|100\/100\n|switch|p2a: Volcanion|Volcanion|100\/100\n|switch|p2b: Landorus|Landorus-Therian, M|100\/100\n|-ability|p2b: Landorus|Intimidate|boost\n|-unboost|p1a: Kingambit|atk|1\n|-ability|p1a: Kingambit|Defiant|boost\n|-boost|p1a: Kingambit|atk|2\n|-unboost|p1b: Glimmora|atk|1\n|turn|1\n|inactive|Yellow Paint has 270 seconds left.\n|inactive|theyummybagel has 270 seconds left.\n|\n|t:|1699817078\n|move|p1a: Kingambit|Sucker Punch|p2a: Volcanion\n|-damage|p2a: Volcanion|47\/100\n|move|p2b: Landorus|Stomping Tantrum|p1a: Kingambit\n|-supereffective|p1a: Kingambit\n|-damage|p1a: Kingambit|31\/100\n|move|p1b: Glimmora|Power Gem|p2a: Volcanion\n|-supereffective|p2a: Volcanion\n|-damage|p2a: Volcanion|0 fnt\n|faint|p2a: Volcanion\n|\n|upkeep\n|inactive|Yellow Paint has 270 seconds left.\n|\n|t:|1699817098\n|switch|p2a: Indeedee|Indeedee-F, F|100\/100\n|-fieldstart|move: Psychic Terrain|[from] ability: Psychic Surge|[of] p2a: Indeedee\n|turn|2\n|inactive|theyummybagel has 270 seconds left.\n|\n|t:|1699817132\n|switch|p1a: Rillaboom|Rillaboom, F|100\/100\n|-fieldstart|move: Grassy Terrain|[from] ability: Grassy Surge|[of] p1a: Rillaboom\n|move|p2b: Landorus|Stomping Tantrum|p1a: Rillaboom\n|-resisted|p1a: Rillaboom\n|-damage|p1a: Rillaboom|79\/100\n|move|p1b: Glimmora|Stealth Rock|p2b: Landorus\n|-sidestart|p2: Yellow Paint|move: Stealth Rock\n|move|p2a: Indeedee|Trick Room|p2a: Indeedee\n|-fieldstart|move: Trick Room|[of] p2a: Indeedee\n|\n|-heal|p1a: Rillaboom|85\/100|[from] Grassy Terrain\n|upkeep\n|turn|3\n|inactive|theyummybagel has 270 seconds left.\n|\n|t:|1699817159\n|switch|p2a: Diancie|Diancie|100\/100\n|-damage|p2a: Diancie|88\/100|[from] Stealth Rock\n|switch|p2b: Gholdengo|Gholdengo|100\/100\n|-damage|p2b: Gholdengo|94\/100|[from] Stealth Rock\n|move|p1a: Rillaboom|U-turn|p1b: Glimmora\n|-resisted|p1b: Glimmora\n|-damage|p1b: Glimmora|86\/100\n|-activate|p1b: Glimmora|ability: Toxic Debris\n|-sidestart|p2: Yellow Paint|move: Toxic Spikes\n|inactive|theyummybagel has 270 seconds left.\n|\n|t:|1699817172\n|switch|p1a: Kommo-o|Kommo-o, F|100\/100|[from] U-turn\n|move|p1b: Glimmora|Earth Power|p2b: Gholdengo\n|-supereffective|p2b: Gholdengo\n|-damage|p2b: Gholdengo|30\/100\n|-unboost|p2b: Gholdengo|spd|1\n|\n|-heal|p2a: Diancie|94\/100|[from] Grassy Terrain\n|-heal|p2b: Gholdengo|36\/100|[from] Grassy Terrain\n|-heal|p1b: Glimmora|92\/100|[from] Grassy Terrain\n|upkeep\n|turn|4\n|\n|t:|1699817190\n|move|p2a: Diancie|Play Rough|p1a: Kommo-o\n|-supereffective|p1a: Kommo-o\n|-damage|p1a: Kommo-o|0 fnt\n|faint|p1a: Kommo-o\n|move|p2b: Gholdengo|Make It Rain|p1b: Glimmora\n|-supereffective|p1b: Glimmora\n|-crit|p1b: Glimmora\n|-damage|p1b: Glimmora|0 fnt\n|-unboost|p2b: Gholdengo|spa|1\n|faint|p1b: Glimmora\n|\n|-heal|p2a: Diancie|100\/100|[from] Grassy Terrain\n|-heal|p2b: Gholdengo|42\/100|[from] Grassy Terrain\n|upkeep\n|inactive|theyummybagel has 270 seconds left.\n|inactive|theyummybagel has 240 seconds left.\n|inactive|theyummybagel has 210 seconds left.\n|\n|t:|1699817265\n|switch|p1a: Kingambit|Kingambit, F|31\/100\n|switch|p1b: Tornadus|Tornadus, M|100\/100\n|turn|5\n|c|+laptops|GO BAGELLLLLL\n|\n|t:|1699817288\n|switch|p2b: Indeedee|Indeedee-F, F|100\/100\n|-damage|p2b: Indeedee|88\/100|[from] Stealth Rock\n|-status|p2b: Indeedee|psn\n|-fieldstart|move: Psychic Terrain|[from] ability: Psychic Surge|[of] p2b: Indeedee\n|-enditem|p2a: Diancie|Psychic Seed\n|-boost|p2a: Diancie|spd|1|[from] item: Psychic Seed\n|switch|p1b: Rillaboom|Rillaboom, F|85\/100\n|-fieldstart|move: Grassy Terrain|[from] ability: Grassy Surge|[of] p1b: Rillaboom\n|move|p2a: Diancie|Diamond Storm|p1b: Rillaboom|[spread] p1a,p1b\n|-resisted|p1a: Kingambit\n|-damage|p1a: Kingambit|19\/100\n|-damage|p1b: Rillaboom|47\/100\n|-boost|p2a: Diancie|def|2\n|move|p1a: Kingambit|Iron Head|p2a: Diancie\n|-supereffective|p2a: Diancie\n|-crit|p2a: Diancie\n|-damage|p2a: Diancie|0 fnt\n|faint|p2a: Diancie\n|\n|-heal|p1a: Kingambit|25\/100|[from] Grassy Terrain\n|-heal|p2b: Indeedee|94\/100 psn|[from] Grassy Terrain\n|-heal|p1b: Rillaboom|53\/100|[from] Grassy Terrain\n|-damage|p2b: Indeedee|82\/100 psn|[from] psn\n|upkeep\n|inactive|Yellow Paint has 270 seconds left.\n|\n|t:|1699817318\n|switch|p2a: Gholdengo|Gholdengo|42\/100\n|-damage|p2a: Gholdengo|36\/100|[from] Stealth Rock\n|turn|6\n|inactive|theyummybagel has 240 seconds left.\n|inactive|Yellow Paint has 270 seconds left.\n|\n|t:|1699817344\n|switch|p2b: Sinistcha|Sinistcha|100\/100\n|-damage|p2b: Sinistcha|88\/100|[from] Stealth Rock\n|-status|p2b: Sinistcha|psn\n|-heal|p2a: Gholdengo|61\/100|[from] ability: Hospitality|[of] p2b: Sinistcha\n|-terastallize|p2a: Gholdengo|Fairy\n|move|p1a: Kingambit|Assurance|p2a: Gholdengo\n|-resisted|p2a: Gholdengo\n|-damage|p2a: Gholdengo|46\/100\n|move|p2a: Gholdengo|Make It Rain|p1b: Rillaboom|[spread] p1a,p1b\n|-resisted|p1a: Kingambit\n|-damage|p1a: Kingambit|10\/100\n|-damage|p1b: Rillaboom|13\/100\n|-unboost|p2a: Gholdengo|spa|1\n|move|p1b: Rillaboom|U-turn|p2b: Sinistcha\n|-damage|p2b: Sinistcha|62\/100 psn\n|\n|t:|1699817362\n|switch|p1b: Tornadus|Tornadus, M|100\/100|[from] U-turn\n|\n|-heal|p1a: Kingambit|16\/100|[from] Grassy Terrain\n|-heal|p2b: Sinistcha|68\/100 psn|[from] Grassy Terrain\n|-heal|p2a: Gholdengo|52\/100|[from] Grassy Terrain\n|-damage|p2b: Sinistcha|56\/100 psn|[from] psn\n|-fieldend|move: Trick Room\n|upkeep\n|turn|7\n|inactive|theyummybagel has 240 seconds left.\n|\n|t:|1699817389\n|move|p1b: Tornadus|Taunt|p2b: Sinistcha\n|-start|p2b: Sinistcha|move: Taunt\n|move|p2a: Gholdengo|Make It Rain|p1a: Kingambit|[spread] p1a,p1b\n|-resisted|p1a: Kingambit\n|-damage|p1a: Kingambit|5\/100\n|-damage|p1b: Tornadus|63\/100\n|-unboost|p2a: Gholdengo|spa|1\n|move|p2b: Sinistcha|Matcha Gotcha|p1a: Kingambit|[spread] p1a,p1b\n|-resisted|p1a: Kingambit\n|-resisted|p1b: Tornadus\n|-damage|p1a: Kingambit|0 fnt\n|-heal|p2b: Sinistcha|58\/100 psn|[from] drain|[of] p1a: Kingambit\n|-damage|p1b: Tornadus|46\/100\n|-heal|p2b: Sinistcha|67\/100 psn|[from] drain|[of] p1b: Tornadus\n|faint|p1a: Kingambit\n|\n|-heal|p2a: Gholdengo|58\/100|[from] Grassy Terrain\n|-heal|p2b: Sinistcha|73\/100 psn|[from] Grassy Terrain\n|-damage|p2b: Sinistcha|61\/100 psn|[from] psn\n|upkeep\n|inactive|theyummybagel has 210 seconds left.\n|\n|t:|1699817412\n|switch|p1a: Flutter Mane|Flutter Mane|100\/100\n|turn|8\n|\n|t:|1699817423\n|switch|p2b: Indeedee|Indeedee-F, F|82\/100 psn\n|-damage|p2b: Indeedee|69\/100 psn|[from] Stealth Rock\n|-fieldstart|move: Psychic Terrain|[from] ability: Psychic Surge|[of] p2b: Indeedee\n|-enditem|p2a: Gholdengo|Psychic Seed\n|-boost|p2a: Gholdengo|spd|1|[from] item: Psychic Seed\n|-terastallize|p1a: Flutter Mane|Fairy\n|move|p1b: Tornadus|Sunny Day|p1b: Tornadus\n|-weather|SunnyDay\n|-activate|p1a: Flutter Mane|ability: Protosynthesis\n|-start|p1a: Flutter Mane|protosynthesisspa\n|move|p1a: Flutter Mane|Dazzling Gleam|p2b: Indeedee|[spread] p2a,p2b\n|-damage|p2a: Gholdengo|12\/100\n|-damage|p2b: Indeedee|0 fnt\n|faint|p2b: Indeedee\n|move|p2a: Gholdengo|Make It Rain|p1a: Flutter Mane|[spread] p1a,p1b\n|-supereffective|p1a: Flutter Mane\n|-damage|p1a: Flutter Mane|57\/100\n|-damage|p1b: Tornadus|21\/100\n|-unboost|p2a: Gholdengo|spa|1\n|\n|-weather|SunnyDay|[upkeep]\n|upkeep\n|\n|t:|1699817445\n|switch|p2b: Sinistcha|Sinistcha|61\/100 psn\n|-damage|p2b: Sinistcha|48\/100 psn|[from] Stealth Rock\n|-heal|p2a: Gholdengo|37\/100|[from] ability: Hospitality|[of] p2b: Sinistcha\n|-enditem|p2b: Sinistcha|Sitrus Berry|[eat]\n|-heal|p2b: Sinistcha|73\/100 psn|[from] item: Sitrus Berry\n|turn|9\n|inactive|theyummybagel has 240 seconds left.\n|inactive|Yellow Paint has 270 seconds left.\n|\n|t:|1699817485\n|move|p1a: Flutter Mane|Dazzling Gleam|p2b: Sinistcha|[spread] p2a,p2b\n|-damage|p2a: Gholdengo|0 fnt\n|-damage|p2b: Sinistcha|0 fnt\n|faint|p2a: Gholdengo\n|faint|p2b: Sinistcha\n|move|p1b: Tornadus|Bleakwind Storm|p2: Gholdengo|[notarget]\n|-fail|p1b: Tornadus\n|\n|-weather|SunnyDay|[upkeep]\n|upkeep\n|\n|t:|1699817488\n|switch|p2b: Landorus|Landorus-Therian, M|100\/100\n|-damage|p2b: Landorus|88\/100|[from] Stealth Rock\n|-ability|p2b: Landorus|Intimidate|boost\n|-unboost|p1a: Flutter Mane|atk|1\n|-unboost|p1b: Tornadus|atk|1\n|turn|10\n|\n|t:|1699817492\n|move|p1b: Tornadus|Tailwind|p1b: Tornadus\n|-sidestart|p1: theyummybagel|move: Tailwind\n|move|p1a: Flutter Mane|Dazzling Gleam|p2b: Landorus\n|-damage|p2b: Landorus|0 fnt\n|faint|p2b: Landorus\n|\n|win|theyummybagel\n|c|\u2606Yellow Paint|gg\n|c|\u2606theyummybagel|gg\n","uploadtime":1699817493,"views":113,"p1id":"theyummybagel","p2id":"yellowpaint","formatid":"gen9doublesou","rating":0,"private":0,"password":""}