{"id":"smogtours-gen9doublesou-731654","p1":"The JRL","p2":"Based Witch","format":"[Gen 9] Doubles OU","log":"|inactive|Battle timer is ON: inactive players will automatically lose when time's up.\n|t:|1700424153\n|gametype|doubles\n|player|p1|The JRL|#scl3islanders2|\n|player|p2|Based Witch|fantina|\n|teamsize|p1|6\n|teamsize|p2|6\n|gen|9\n|tier|[Gen 9] Doubles OU\n|rule|Species Clause: Limit one of each Pok\u00e9mon\n|rule|OHKO Clause: OHKO moves are banned\n|rule|Evasion Moves Clause: Evasion moves are banned\n|rule|Gravity Sleep Clause: The combination of sleep-inducing moves with imperfect accuracy and Gravity or Gigantamax Orbeetle are banned\n|rule|Endless Battle Clause: Forcing endless battles is banned\n|rule|HP Percentage Mod: HP is shown in percentages\n|clearpoke\n|poke|p1|Gholdengo|\n|poke|p1|Tornadus, M|\n|poke|p1|Ogerpon-Wellspring, F|\n|poke|p1|Zapdos-Galar|\n|poke|p1|Arcanine-Hisui, F|\n|poke|p1|Rillaboom, M|\n|poke|p2|Chi-Yu|\n|poke|p2|Gholdengo|\n|poke|p2|Tornadus, M|\n|poke|p2|Ogerpon-Wellspring, F|\n|poke|p2|Landorus-Therian, M|\n|poke|p2|Iron Hands|\n|teampreview\n|c|\u2606Based Witch|hf\n|c|\u2606The JRL|u2\n|inactive|The JRL has 270 seconds left.\n|inactive|Based Witch has 270 seconds left.\n|inactive|The JRL has 240 seconds left.\n|inactive|Based Witch has 240 seconds left.\n|inactive|The JRL has 210 seconds left.\n|inactive|Based Witch has 210 seconds left.\n|inactive|The JRL has 180 seconds left.\n|inactive|The JRL has 150 seconds left.\n|inactive|Based Witch has 180 seconds left.\n|\n|t:|1700424315\n|start\n|switch|p1a: Gholdengo|Gholdengo|100\/100\n|switch|p1b: Arcanine|Arcanine-Hisui, F|100\/100\n|switch|p2a: Tornadus|Tornadus, M|100\/100\n|switch|p2b: Gholdengo|Gholdengo|100\/100\n|-ability|p1b: Arcanine|Intimidate|boost\n|-unboost|p2a: Tornadus|atk|1\n|-unboost|p2b: Gholdengo|atk|1\n|turn|1\n|inactive|Based Witch has 240 seconds left.\n|inactive|The JRL has 210 seconds left.\n|raw|<div class=\"broadcast-red\"><strong>Moderated chat was set to \u2606!<\/strong><br \/>Only users of rank \u2606 and higher can talk.<\/div>\n|inactive|The JRL has 180 seconds left.\n|inactive|Based Witch has 210 seconds left.\n|\n|t:|1700424375\n|switch|p2a: Landorus|Landorus-Therian, M|100\/100\n|-ability|p2a: Landorus|Intimidate|boost\n|-unboost|p1a: Gholdengo|atk|1\n|-unboost|p1b: Arcanine|atk|1\n|-terastallize|p1a: Gholdengo|Dragon\n|move|p2b: Gholdengo|Shadow Ball|p1a: Gholdengo\n|-damage|p1a: Gholdengo|65\/100\n|move|p1b: Arcanine|Rock Slide|p2a: Landorus|[spread] p2a,p2b\n|-crit|p2a: Landorus\n|-resisted|p2b: Gholdengo\n|-crit|p2b: Gholdengo\n|-damage|p2a: Landorus|56\/100\n|-damage|p2b: Gholdengo|78\/100\n|move|p1a: Gholdengo|Nasty Plot|p1a: Gholdengo\n|-boost|p1a: Gholdengo|spa|2\n|\n|-heal|p1a: Gholdengo|71\/100|[from] item: Leftovers\n|upkeep\n|turn|2\n|inactive|The JRL has 180 seconds left.\n|inactive|Based Witch has 210 seconds left.\n|inactive|The JRL has 150 seconds left.\n|inactive|The JRL has 120 seconds left.\n|inactive|Based Witch has 180 seconds left.\n|inactive|The JRL has 90 seconds left.\n|\n|t:|1700424505\n|switch|p2b: Iron Hands|Iron Hands|100\/100\n|switch|p1b: Rillaboom|Rillaboom, M|100\/100\n|-fieldstart|move: Grassy Terrain|[from] ability: Grassy Surge|[of] p1b: Rillaboom\n|move|p1a: Gholdengo|Protect|p1a: Gholdengo\n|-singleturn|p1a: Gholdengo|Protect\n|move|p2a: Landorus|U-turn|p1b: Rillaboom\n|-supereffective|p1b: Rillaboom\n|-crit|p1b: Rillaboom\n|-damage|p1b: Rillaboom|0 fnt\n|faint|p1b: Rillaboom\n|inactive|Based Witch has 180 seconds left.\n|\n|t:|1700424519\n|switch|p2a: Gholdengo|Gholdengo|78\/100|[from] U-turn\n|\n|-heal|p2a: Gholdengo|84\/100|[from] Grassy Terrain\n|-heal|p1a: Gholdengo|77\/100|[from] Grassy Terrain\n|-heal|p1a: Gholdengo|83\/100|[from] item: Leftovers\n|upkeep\n|inactive|The JRL has 60 seconds left.\n|\n|t:|1700424549\n|switch|p1b: Arcanine|Arcanine-Hisui, F|100\/100\n|-ability|p1b: Arcanine|Intimidate|boost\n|-unboost|p2a: Gholdengo|atk|1\n|-unboost|p2b: Iron Hands|atk|1\n|turn|3\n|inactive|The JRL has 60 seconds left.\n|inactive|Based Witch has 180 seconds left.\n|\n|t:|1700424597\n|move|p2b: Iron Hands|Fake Out|p1a: Gholdengo\n|-damage|p1a: Gholdengo|75\/100\n|move|p2a: Gholdengo|Make It Rain|p1b: Arcanine|[spread] p1a,p1b\n|-crit|p1b: Arcanine\n|-damage|p1a: Gholdengo|35\/100\n|-damage|p1b: Arcanine|21\/100\n|-unboost|p2a: Gholdengo|spa|1\n|move|p1b: Arcanine|Will-O-Wisp|p2b: Iron Hands\n|-status|p2b: Iron Hands|brn\n|cant|p1a: Gholdengo|flinch\n|\n|-heal|p2a: Gholdengo|91\/100|[from] Grassy Terrain\n|-heal|p1b: Arcanine|27\/100|[from] Grassy Terrain\n|-heal|p1a: Gholdengo|41\/100|[from] Grassy Terrain\n|-heal|p1a: Gholdengo|47\/100|[from] item: Leftovers\n|-damage|p2b: Iron Hands|94\/100 brn|[from] brn\n|upkeep\n|turn|4\n|inactive|The JRL has 60 seconds left.\n|inactive|Based Witch has 180 seconds left.\n|inactive|The JRL has 30 seconds left.\n|\n|t:|1700424641\n|switch|p2a: Ogerpon|Ogerpon-Wellspring, F|100\/100\n|switch|p1b: Ogerpon|Ogerpon-Wellspring, F|100\/100\n|move|p1a: Gholdengo|Protect|p1a: Gholdengo\n|-singleturn|p1a: Gholdengo|Protect\n|move|p2b: Iron Hands|Volt Switch|p1b: Ogerpon\n|-damage|p1b: Ogerpon|88\/100\n|inactive|The JRL has 30 seconds left this turn.\n|\n|t:|1700424650\n|-end|p2b: Iron Hands|Quark Drive|[silent]\n|switch|p2b: Gholdengo|Gholdengo|91\/100|[from] Volt Switch\n|\n|-heal|p2b: Gholdengo|97\/100|[from] Grassy Terrain\n|-heal|p1b: Ogerpon|94\/100|[from] Grassy Terrain\n|-heal|p1a: Gholdengo|53\/100|[from] Grassy Terrain\n|-heal|p1a: Gholdengo|59\/100|[from] item: Leftovers\n|upkeep\n|turn|5\n|inactive|The JRL has 30 seconds left.\n|inactive|Based Witch has 150 seconds left.\n|inactive|The JRL has 20 seconds left.\n|inactive|The JRL has 15 seconds left.\n|\n|t:|1700424697\n|-terastallize|p2b: Gholdengo|Steel\n|move|p1b: Ogerpon|Follow Me|p1b: Ogerpon\n|-singleturn|p1b: Ogerpon|move: Follow Me\n|move|p2b: Gholdengo|Make It Rain|p1a: Gholdengo|[spread] p1a,p1b\n|-resisted|p1b: Ogerpon\n|-damage|p1a: Gholdengo|1\/100\n|-damage|p1b: Ogerpon|65\/100\n|-unboost|p2b: Gholdengo|spa|1\n|move|p2a: Ogerpon|Encore|p1b: Ogerpon\n|-start|p1b: Ogerpon|Encore\n|move|p1a: Gholdengo|Shadow Ball|p2b: Gholdengo\n|-damage|p2b: Gholdengo|1\/100\n|\n|-heal|p2b: Gholdengo|7\/100|[from] Grassy Terrain\n|-heal|p1b: Ogerpon|71\/100|[from] Grassy Terrain\n|-heal|p1a: Gholdengo|7\/100|[from] Grassy Terrain\n|-heal|p1a: Gholdengo|13\/100|[from] item: Leftovers\n|upkeep\n|turn|6\n|inactive|The JRL has 30 seconds left.\n|inactive|Based Witch has 150 seconds left.\n|inactive|The JRL has 20 seconds left.\n|inactive|The JRL has 15 seconds left.\n|inactive|The JRL has 10 seconds left.\n|\n|t:|1700424730\n|switch|p2a: Tornadus|Tornadus, M|100\/100\n|switch|p1b: Arcanine|Arcanine-Hisui, F|27\/100\n|-ability|p1b: Arcanine|Intimidate|boost\n|-unboost|p2a: Tornadus|atk|1\n|-unboost|p2b: Gholdengo|atk|1\n|move|p1a: Gholdengo|Protect|p1a: Gholdengo\n|-singleturn|p1a: Gholdengo|Protect\n|move|p2b: Gholdengo|Make It Rain|p1b: Arcanine|[spread] p1b\n|-activate|p1a: Gholdengo|move: Protect\n|-damage|p1b: Arcanine|0 fnt\n|-unboost|p2b: Gholdengo|spa|1\n|faint|p1b: Arcanine\n|\n|-heal|p2b: Gholdengo|13\/100|[from] Grassy Terrain\n|-heal|p1a: Gholdengo|19\/100|[from] Grassy Terrain\n|-heal|p1a: Gholdengo|25\/100|[from] item: Leftovers\n|-fieldend|move: Grassy Terrain\n|upkeep\n|inactive|The JRL has 15 seconds left this turn.\n|inactive|The JRL has 10 seconds left.\n|inactive|The JRL has 5 seconds left.\n|\n|t:|1700424741\n|switch|p1b: Tornadus|Tornadus, M|100\/100\n|turn|7\n|inactive|The JRL has 30 seconds left this turn.\n|inactive|The JRL has 20 seconds left.\n|inactive|The JRL has 15 seconds left.\n|inactive|The JRL has 10 seconds left.\n|\n|t:|1700424762\n|switch|p1a: Ogerpon|Ogerpon-Wellspring, F|71\/100\n|move|p2a: Tornadus|Tailwind|p2a: Tornadus\n|-sidestart|p2: Based Witch|move: Tailwind\n|move|p1b: Tornadus|Tailwind|p1b: Tornadus\n|-sidestart|p1: The JRL|move: Tailwind\n|move|p2b: Gholdengo|Make It Rain|p1a: Ogerpon|[spread] p1a,p1b\n|-resisted|p1a: Ogerpon\n|-damage|p1a: Ogerpon|57\/100\n|-damage|p1b: Tornadus|61\/100\n|-unboost|p2b: Gholdengo|spa|1\n|\n|upkeep\n|turn|8\n|inactive|The JRL has 30 seconds left.\n|inactive|Based Witch has 180 seconds left.\n|inactive|The JRL has 20 seconds left.\n|inactive|The JRL has 15 seconds left.\n|inactive|The JRL has 10 seconds left.\n|\n|t:|1700424790\n|switch|p2b: Iron Hands|Iron Hands|94\/100 brn\n|move|p2a: Tornadus|Bleakwind Storm|p1b: Tornadus|[spread] p1a,p1b\n|-supereffective|p1a: Ogerpon\n|-damage|p1a: Ogerpon|0 fnt\n|-damage|p1b: Tornadus|29\/100\n|-enditem|p1b: Tornadus|Sitrus Berry|[eat]\n|-heal|p1b: Tornadus|54\/100|[from] item: Sitrus Berry\n|faint|p1a: Ogerpon\n|move|p1b: Tornadus|Bleakwind Storm|p2a: Tornadus|[spread] p2a,p2b\n|-damage|p2a: Tornadus|61\/100\n|-damage|p2b: Iron Hands|76\/100 brn\n|-unboost|p2b: Iron Hands|spe|1\n|\n|-damage|p2b: Iron Hands|70\/100 brn|[from] brn\n|upkeep\n|inactive|The JRL has 15 seconds left this turn.\n|inactive|The JRL has 10 seconds left.\n|\n|t:|1700424799\n|switch|p1a: Gholdengo|Gholdengo, tera:Dragon|25\/100\n|turn|9\n|inactive|The JRL has 30 seconds left.\n|inactive|The JRL has 20 seconds left.\n|inactive|Based Witch has 180 seconds left.\n|\n|t:|1700424825\n|switch|p1b: Zapdos|Zapdos-Galar|100\/100\n|move|p1a: Gholdengo|Protect|p1a: Gholdengo\n|-singleturn|p1a: Gholdengo|Protect\n|move|p2a: Tornadus|Bleakwind Storm|p1b: Zapdos|[spread] p1b\n|-activate|p1a: Gholdengo|move: Protect\n|-supereffective|p1b: Zapdos\n|-damage|p1b: Zapdos|26\/100\n|move|p2b: Iron Hands|Wild Charge|p1b: Zapdos\n|-supereffective|p1b: Zapdos\n|-damage|p1b: Zapdos|0 fnt\n|faint|p1b: Zapdos\n|-damage|p2b: Iron Hands|66\/100 brn|[from] Recoil\n|\n|-heal|p1a: Gholdengo|31\/100|[from] item: Leftovers\n|-damage|p2b: Iron Hands|59\/100 brn|[from] brn\n|upkeep\n|inactive|The JRL has 25 seconds left this turn.\n|inactive|The JRL has 20 seconds left.\n|inactive|The JRL has 15 seconds left.\n|inactive|The JRL has 10 seconds left.\n|\n|t:|1700424841\n|switch|p1b: Tornadus|Tornadus, M|54\/100\n|turn|10\n|inactive|The JRL has 30 seconds left.\n|\n|t:|1700424849\n|move|p1b: Tornadus|Protect|p1b: Tornadus\n|-singleturn|p1b: Tornadus|Protect\n|move|p2a: Tornadus|Bleakwind Storm|p1a: Gholdengo|[spread] p1a\n|-activate|p1b: Tornadus|move: Protect\n|-crit|p1a: Gholdengo\n|-damage|p1a: Gholdengo|0 fnt\n|faint|p1a: Gholdengo\n|move|p2b: Iron Hands|Close Combat|p1b: Tornadus\n|-activate|p1b: Tornadus|move: Protect\n|\n|-damage|p2b: Iron Hands|53\/100 brn|[from] brn\n|-sideend|p1: The JRL|move: Tailwind\n|-sideend|p2: Based Witch|move: Tailwind\n|upkeep\n|turn|11\n|-message|The JRL forfeited.\n|\n|win|Based Witch\n|c|\u2606Based Witch|gg\n|c|\u2606The JRL|gg\n","uploadtime":1700424859,"views":319,"p1id":"thejrl","p2id":"basedwitch","formatid":"gen9doublesou","rating":0,"private":0,"password":""}