{"id":"smogtours-gen9doublesou-725735","p1":"infrunanami","p2":"caesarr","format":"[Gen 9] Doubles OU","log":"|inactive|Battle timer is ON: inactive players will automatically lose when time's up.\n|t:|1698005052\n|gametype|doubles\n|player|p1|infrunanami|#scl2dynamos|\n|player|p2|caesarr|102|\n|teamsize|p1|6\n|teamsize|p2|6\n|gen|9\n|tier|[Gen 9] Doubles OU\n|rule|Species Clause: Limit one of each Pok\u00e9mon\n|rule|OHKO Clause: OHKO moves are banned\n|rule|Evasion Moves Clause: Evasion moves are banned\n|rule|Gravity Sleep Clause: The combination of sleep-inducing moves with imperfect accuracy and Gravity or Gigantamax Orbeetle are banned\n|rule|Endless Battle Clause: Forcing endless battles is banned\n|rule|HP Percentage Mod: HP is shown in percentages\n|clearpoke\n|poke|p1|Flutter Mane|\n|poke|p1|Ogerpon-Hearthflame, F|\n|poke|p1|Ursaluna-Bloodmoon, M|\n|poke|p1|Cresselia, F|\n|poke|p1|Tornadus, M|\n|poke|p1|Kingambit, M|\n|poke|p2|Garganacl, M|\n|poke|p2|Chien-Pao|\n|poke|p2|Amoonguss, M|\n|poke|p2|Heatran, F|\n|poke|p2|Landorus-Therian, M|\n|poke|p2|Basculegion, M|\n|teampreview\n|inactive|infrunanami also wants the timer to be on.\n|c|\u2606infrunanami|HF PA\n|c|\u2606caesarr|igual\n|inactive|infrunanami has 270 seconds left.\n|inactive|caesarr has 270 seconds left.\n|c|+PoussPouss|vamooss nana !\n|c|+ina fable|El nana \n|inactive|infrunanami has 240 seconds left.\n|inactive|caesarr has 240 seconds left.\n|c|+PoussPouss|lo super poderoso ! \n|inactive|caesarr has 210 seconds left.\n|\n|t:|1698005156\n|start\n|switch|p1a: alavergablicc|Ogerpon-Hearthflame, F|100\/100\n|switch|p1b: el edgar|Tornadus, M|100\/100\n|switch|p2a: Basculegion|Basculegion, M, shiny|100\/100\n|switch|p2b: Chien-Pao|Chien-Pao|100\/100\n|-ability|p2b: Chien-Pao|Sword of Ruin\n|-ability|p1a: alavergablicc|Mold Breaker\n|turn|1\n|inactive|caesarr has 270 seconds left.\n|inactive|infrunanami has 270 seconds left.\n|c|+Mandibuladel5555|enzo no podes perder esto\n|inactive|caesarr has 240 seconds left.\n|inactive|infrunanami has 240 seconds left.\n|inactive|caesarr has 210 seconds left.\n|inactive|infrunanami has 210 seconds left.\n|\n|t:|1698005269\n|-terastallize|p1a: alavergablicc|Fire\n|detailschange|p1a: alavergablicc|Ogerpon-Hearthflame-Tera, F, tera:Fire\n|-ability|p1a: alavergablicc|Embody Aspect (Hearthflame)|boost\n|-boost|p1a: alavergablicc|atk|1\n|move|p1b: el edgar|Tailwind|p1b: el edgar\n|-sidestart|p1: infrunanami|move: Tailwind\n|move|p1a: alavergablicc|Ivy Cudgel|p2a: Basculegion\n|-resisted|p2a: Basculegion\n|-damage|p2a: Basculegion|0 fnt\n|faint|p2a: Basculegion\n|move|p2b: Chien-Pao|Ice Spinner|p1b: el edgar\n|-supereffective|p1b: el edgar\n|-crit|p1b: el edgar\n|-damage|p1b: el edgar|0 fnt\n|faint|p1b: el edgar\n|\n|upkeep\n|inactive|infrunanami has 210 seconds left.\n|inactive|caesarr has 210 seconds left.\n|c|+haxlolo|waos\n|\n|t:|1698005308\n|switch|p1b: soy la paulis :-3|Cresselia, F|100\/100\n|switch|p2a: Heatran|Heatran, F|100\/100\n|turn|2\n|\n|t:|1698005319\n|move|p2b: Chien-Pao|Protect|p2b: Chien-Pao\n|-singleturn|p2b: Chien-Pao|Protect\n|move|p1b: soy la paulis :-3|Ally Switch|p1b: soy la paulis :-3\n|swap|p1b: soy la paulis :-3|0|[from] move: Ally Switch\n|move|p1b: alavergablicc|Ivy Cudgel|p2b: Chien-Pao\n|-activate|p2b: Chien-Pao|move: Protect\n|move|p2a: Heatran|Earth Power|p1a: soy la paulis :-3\n|-immune|p1a: soy la paulis :-3|[from] ability: Levitate\n|\n|upkeep\n|turn|3\n|inactive|caesarr has 210 seconds left.\n|inactive|infrunanami has 210 seconds left.\n|\n|t:|1698005361\n|move|p1a: soy la paulis :-3|Ally Switch||[still]\n|-fail|p1a: soy la paulis :-3\n|move|p2b: Chien-Pao|Sucker Punch||[still]\n|-fail|p2b: Chien-Pao\n|move|p1b: alavergablicc|Ivy Cudgel|p2b: Chien-Pao\n|-supereffective|p2b: Chien-Pao\n|-crit|p2b: Chien-Pao\n|-enditem|p2b: Chien-Pao|Focus Sash\n|-damage|p2b: Chien-Pao|1\/100\n|move|p2a: Heatran|Earth Power|p1b: alavergablicc\n|-supereffective|p1b: alavergablicc\n|-damage|p1b: alavergablicc|37\/100\n|\n|upkeep\n|turn|4\n|inactive|infrunanami has 210 seconds left.\n|inactive|caesarr has 210 seconds left.\n|c|+Scizor Boladao|ah eso no funciona mas de una vez swguida?\n|inactive|infrunanami has 180 seconds left.\n|\n|t:|1698005399\n|switch|p1b: el kkru vs eric|Ursaluna-Bloodmoon, M|100\/100\n|move|p2b: Chien-Pao|Protect|p2b: Chien-Pao\n|-singleturn|p2b: Chien-Pao|Protect\n|move|p2a: Heatran|Earth Power|p1b: el kkru vs eric\n|-damage|p1b: el kkru vs eric|70\/100\n|move|p1a: soy la paulis :-3|Trick Room|p1a: soy la paulis :-3\n|-fieldstart|move: Trick Room|[of] p1a: soy la paulis :-3\n|\n|-sideend|p1: infrunanami|move: Tailwind\n|upkeep\n|turn|5\n|inactive|caesarr has 210 seconds left.\n|c|+haxlolo|parece q no scizor\n|c|+haxlolo|yo tmb pense q funcionaba asi jsjs\n|inactive|caesarr has 180 seconds left.\n|\n|t:|1698005458\n|switch|p2b: Amoonguss|Amoonguss, M|100\/100\n|-terastallize|p2a: Heatran|Grass\n|move|p1a: soy la paulis :-3|Ally Switch|p1a: soy la paulis :-3\n|swap|p1a: soy la paulis :-3|1|[from] move: Ally Switch\n|move|p1a: el kkru vs eric|Hyper Voice|p2b: Amoonguss|[spread] p2a,p2b\n|-damage|p2a: Heatran|77\/100\n|-damage|p2b: Amoonguss|69\/100\n|-enditem|p1a: el kkru vs eric|Throat Spray\n|-boost|p1a: el kkru vs eric|spa|1|[from] item: Throat Spray\n|move|p2a: Heatran|Tera Blast|p1b: soy la paulis :-3|[anim] Tera Blast Grass\n|-damage|p1b: soy la paulis :-3|83\/100\n|\n|upkeep\n|turn|6\n|inactive|infrunanami has 210 seconds left.\n|inactive|caesarr has 180 seconds left.\n|\n|t:|1698005479\n|move|p1a: el kkru vs eric|Protect|p1a: el kkru vs eric\n|-singleturn|p1a: el kkru vs eric|Protect\n|move|p2b: Amoonguss|Spore|p1a: el kkru vs eric\n|-activate|p1a: el kkru vs eric|move: Protect\n|move|p2a: Heatran|Tera Blast|p1b: soy la paulis :-3|[anim] Tera Blast Grass\n|-damage|p1b: soy la paulis :-3|65\/100\n|move|p1b: soy la paulis :-3|Trick Room|p1b: soy la paulis :-3\n|-fieldend|move: Trick Room\n|\n|upkeep\n|turn|7\n|inactive|infrunanami has 210 seconds left.\n|inactive|caesarr has 180 seconds left.\n|c|+Let's In The Sun|se incendia la cocina\n|inactive|caesarr has 150 seconds left.\n|\n|t:|1698005529\n|move|p1b: soy la paulis :-3|Ally Switch|p1b: soy la paulis :-3\n|swap|p1b: soy la paulis :-3|0|[from] move: Ally Switch\n|move|p2b: Amoonguss|Rage Powder|p2b: Amoonguss\n|-singleturn|p2b: Amoonguss|move: Rage Powder\n|move|p2a: Heatran|Tera Blast|p1a: soy la paulis :-3|[anim] Tera Blast Grass\n|-damage|p1a: soy la paulis :-3|47\/100\n|move|p1b: el kkru vs eric|Blood Moon|p2b: Amoonguss\n|-damage|p2b: Amoonguss|0 fnt\n|faint|p2b: Amoonguss\n|\n|upkeep\n|\n|t:|1698005536\n|switch|p2b: Chien-Pao|Chien-Pao|1\/100\n|-ability|p2b: Chien-Pao|Sword of Ruin\n|turn|8\n|\n|t:|1698005551\n|move|p1b: el kkru vs eric|Protect|p1b: el kkru vs eric\n|-singleturn|p1b: el kkru vs eric|Protect\n|move|p2b: Chien-Pao|Ice Spinner|p1a: soy la paulis :-3\n|-damage|p1a: soy la paulis :-3|16\/100\n|move|p2a: Heatran|Tera Blast|p1b: el kkru vs eric|[anim] Tera Blast Grass\n|-activate|p1b: el kkru vs eric|move: Protect\n|move|p1a: soy la paulis :-3|Trick Room|p1a: soy la paulis :-3\n|-fieldstart|move: Trick Room|[of] p1a: soy la paulis :-3\n|\n|upkeep\n|turn|9\n|inactive|caesarr has 150 seconds left.\n|\n|t:|1698005590\n|move|p1b: el kkru vs eric|Blood Moon|p2a: Heatran\n|-damage|p2a: Heatran|4\/100\n|move|p1a: soy la paulis :-3|Lunar Blessing|p1a: soy la paulis :-3|[spread] p1a,p1b\n|-heal|p1a: soy la paulis :-3|41\/100\n|-heal|p1b: el kkru vs eric|95\/100\n|move|p2a: Heatran|Tera Blast|p1a: soy la paulis :-3|[anim] Tera Blast Grass\n|-damage|p1a: soy la paulis :-3|21\/100\n|move|p2b: Chien-Pao|Ice Spinner|p1b: el kkru vs eric\n|-supereffective|p1b: el kkru vs eric\n|-damage|p1b: el kkru vs eric|20\/100\n|\n|upkeep\n|turn|10\n|inactive|infrunanami has 240 seconds left.\n|\n|t:|1698005609\n|move|p1b: el kkru vs eric|Protect|p1b: el kkru vs eric\n|-singleturn|p1b: el kkru vs eric|Protect\n|move|p2b: Chien-Pao|Sucker Punch||[still]\n|-fail|p2b: Chien-Pao\n|move|p1a: soy la paulis :-3|Lunar Blessing|p1a: soy la paulis :-3|[spread] p1a,p1b\n|-heal|p1a: soy la paulis :-3|46\/100\n|-heal|p1b: el kkru vs eric|45\/100\n|move|p2a: Heatran|Tera Blast|p1a: soy la paulis :-3|[anim] Tera Blast Grass\n|-damage|p1a: soy la paulis :-3|27\/100\n|\n|upkeep\n|turn|11\n|inactive|caesarr has 180 seconds left.\n|\n|t:|1698005623\n|switch|p2a: Landorus|Landorus-Therian, M|100\/100\n|-ability|p2a: Landorus|Intimidate|boost\n|-unboost|p1a: soy la paulis :-3|atk|1\n|-unboost|p1b: el kkru vs eric|atk|1\n|move|p2b: Chien-Pao|Protect|p2b: Chien-Pao\n|-singleturn|p2b: Chien-Pao|Protect\n|move|p1b: el kkru vs eric|Hyper Voice|p2a: Landorus|[spread] p2a\n|-activate|p2b: Chien-Pao|move: Protect\n|-damage|p2a: Landorus|41\/100\n|-enditem|p2a: Landorus|Sitrus Berry|[eat]\n|-heal|p2a: Landorus|65\/100|[from] item: Sitrus Berry\n|move|p1a: soy la paulis :-3|Lunar Blessing|p1a: soy la paulis :-3|[spread] p1a,p1b\n|-heal|p1a: soy la paulis :-3|52\/100\n|-heal|p1b: el kkru vs eric|70\/100\n|\n|upkeep\n|turn|12\n|inactive|infrunanami has 270 seconds left.\n|inactive|caesarr has 180 seconds left.\n|\n|t:|1698005646\n|move|p2b: Chien-Pao|Sucker Punch|p1b: el kkru vs eric\n|-damage|p1b: el kkru vs eric|38\/100\n|move|p1b: el kkru vs eric|Hyper Voice|p2b: Chien-Pao|[spread] p2a,p2b\n|-damage|p2a: Landorus|8\/100\n|-damage|p2b: Chien-Pao|0 fnt\n|faint|p2b: Chien-Pao\n|move|p1a: soy la paulis :-3|Psychic|p2a: Landorus\n|-damage|p2a: Landorus|0 fnt\n|faint|p2a: Landorus\n|\n|-fieldend|move: Trick Room\n|upkeep\n|inactive|caesarr has 180 seconds left.\n|\n|t:|1698005654\n|switch|p2b: Garganacl|Garganacl, M|100\/100\n|switch|p2a: Heatran|Heatran, F, tera:Grass|4\/100\n|turn|13\n|\n|t:|1698005674\n|move|p1b: el kkru vs eric|Protect|p1b: el kkru vs eric\n|-singleturn|p1b: el kkru vs eric|Protect\n|move|p2a: Heatran|Tera Blast|p1b: el kkru vs eric|[anim] Tera Blast Grass\n|-activate|p1b: el kkru vs eric|move: Protect\n|move|p1a: soy la paulis :-3|Psychic|p2a: Heatran\n|-damage|p2a: Heatran|0 fnt\n|faint|p2a: Heatran\n|move|p2b: Garganacl|Iron Defense|p2b: Garganacl\n|-boost|p2b: Garganacl|def|2\n|\n|upkeep\n|turn|14\n|inactive|caesarr has 210 seconds left.\n|\n|t:|1698005683\n|move|p1a: soy la paulis :-3|Ally Switch|p1a: soy la paulis :-3\n|swap|p1a: soy la paulis :-3|1|[from] move: Ally Switch\n|move|p2b: Garganacl|Body Press|p1b: soy la paulis :-3\n|-resisted|p1b: soy la paulis :-3\n|-damage|p1b: soy la paulis :-3|36\/100\n|move|p1a: el kkru vs eric|Earth Power|p2b: Garganacl\n|-supereffective|p2b: Garganacl\n|-damage|p2b: Garganacl|1\/100\n|\n|-heal|p2b: Garganacl|7\/100|[from] item: Leftovers\n|upkeep\n|turn|15\n|c|\u2606infrunanami|GG\n|c|\u2606caesarr|gg{\n|-message|caesarr forfeited.\n|\n|win|infrunanami\n|c|\u2606infrunanami|VAMOS LOS PECHOFRIOS\n|c|+longestbanana|VAMOSSSSSSSSSS\n","uploadtime":1698005696,"views":75,"p1id":"infrunanami","p2id":"caesarr","formatid":"gen9doublesou","rating":0,"private":0,"password":""}