{"id":"smogtours-gen9doublesou-729622","p1":"GuitarheroVGC","p2":"CaoJie","format":"[Gen 9] Doubles OU","log":"|inactive|Battle timer is ON: inactive players will automatically lose when time's up.\n|t:|1699564835\n|gametype|doubles\n|player|p1|GuitarheroVGC|kimonogirl|\n|player|p2|CaoJie|acetrainerf-gen6|\n|teamsize|p1|6\n|teamsize|p2|6\n|gen|9\n|tier|[Gen 9] Doubles OU\n|rule|Species Clause: Limit one of each Pok\u00e9mon\n|rule|OHKO Clause: OHKO moves are banned\n|rule|Evasion Moves Clause: Evasion moves are banned\n|rule|Gravity Sleep Clause: The combination of sleep-inducing moves with imperfect accuracy and Gravity or Gigantamax Orbeetle are banned\n|rule|Endless Battle Clause: Forcing endless battles is banned\n|rule|HP Percentage Mod: HP is shown in percentages\n|clearpoke\n|poke|p1|Landorus-Therian, M|\n|poke|p1|Kommo-o, M|\n|poke|p1|Kingambit, M|\n|poke|p1|Flutter Mane|\n|poke|p1|Glimmora, M|\n|poke|p1|Cresselia, F|\n|poke|p2|Ninetales-Alola, F|\n|poke|p2|Heatran, F|\n|poke|p2|Rillaboom, M|\n|poke|p2|Ogerpon-Wellspring, F|\n|poke|p2|Baxcalibur, M|\n|poke|p2|Landorus-Therian, M|\n|teampreview\n|c|\u2606GuitarheroVGC|glhf \n|c|\u2606CaoJie|hf \n|inactive|GuitarheroVGC has 270 seconds left.\n|inactive|CaoJie has 270 seconds left.\n|inactive|GuitarheroVGC has 240 seconds left.\n|inactive|CaoJie has 240 seconds left.\n|inactive|GuitarheroVGC has 210 seconds left.\n|inactive|CaoJie has 210 seconds left.\n|inactive|GuitarheroVGC has 180 seconds left.\n|\n|t:|1699564970\n|start\n|switch|p1a: Due Carrare|Landorus-Therian, M|100\/100\n|switch|p1b: Lumezzane|Glimmora, M|100\/100\n|switch|p2a: Ninetales|Ninetales-Alola, F|100\/100\n|switch|p2b: Rillaboom|Rillaboom, M|100\/100\n|-ability|p1a: Due Carrare|Intimidate|boost\n|-unboost|p2a: Ninetales|atk|1\n|-unboost|p2b: Rillaboom|atk|1\n|-weather|Snow|[from] ability: Snow Warning|[of] p2a: Ninetales\n|-fieldstart|move: Grassy Terrain|[from] ability: Grassy Surge|[of] p2b: Rillaboom\n|turn|1\n|inactive|GuitarheroVGC has 240 seconds left.\n|inactive|CaoJie has 270 seconds left.\n|inactive|GuitarheroVGC has 210 seconds left.\n|inactive|CaoJie has 240 seconds left.\n|inactive|CaoJie has 210 seconds left.\n|\n|t:|1699565076\n|switch|p1a: Polizzi Generosa|Cresselia, F|100\/100\n|move|p2b: Rillaboom|Fake Out|p1a: Polizzi Generosa\n|-damage|p1a: Polizzi Generosa|95\/100\n|move|p2a: Ninetales|Aurora Veil|p2a: Ninetales\n|-sidestart|p2: CaoJie|move: Aurora Veil\n|move|p1b: Lumezzane|Stealth Rock|p2b: Rillaboom\n|-sidestart|p2: CaoJie|move: Stealth Rock\n|\n|-weather|Snow|[upkeep]\n|upkeep\n|turn|2\n|inactive|CaoJie has 210 seconds left.\n|\n|t:|1699565100\n|switch|p2a: Landorus|Landorus-Therian, M|100\/100\n|-damage|p2a: Landorus|88\/100|[from] Stealth Rock\n|-ability|p2a: Landorus|Intimidate|boost\n|-unboost|p1a: Polizzi Generosa|atk|1\n|-unboost|p1b: Lumezzane|atk|1\n|move|p1b: Lumezzane|Sludge Bomb|p2b: Rillaboom\n|-supereffective|p2b: Rillaboom\n|-crit|p2b: Rillaboom\n|-damage|p2b: Rillaboom|0 fnt\n|faint|p2b: Rillaboom\n|move|p1a: Polizzi Generosa|Icy Wind|p2a: Landorus|[miss]\n|-miss|p1a: Polizzi Generosa|p2a: Landorus\n|\n|-weather|Snow|[upkeep]\n|upkeep\n|\n|t:|1699565120\n|switch|p2b: Baxcalibur|Baxcalibur, M|100\/100\n|-damage|p2b: Baxcalibur|76\/100|[from] Stealth Rock\n|turn|3\n|inactive|GuitarheroVGC has 240 seconds left.\n|inactive|CaoJie has 210 seconds left.\n|\n|t:|1699565137\n|move|p1b: Lumezzane|Spiky Shield|p1b: Lumezzane\n|-singleturn|p1b: Lumezzane|move: Protect\n|move|p2b: Baxcalibur|Protect|p2b: Baxcalibur\n|-singleturn|p2b: Baxcalibur|Protect\n|move|p2a: Landorus|Stomping Tantrum|p1b: Lumezzane\n|-activate|p1b: Lumezzane|move: Protect\n|-damage|p2a: Landorus|76\/100|[from] Spiky Shield|[of] p1b: Lumezzane\n|move|p1a: Polizzi Generosa|Icy Wind|p2b: Baxcalibur|[spread] p2a\n|-activate|p2b: Baxcalibur|move: Protect\n|-supereffective|p2a: Landorus\n|-damage|p2a: Landorus|50\/100\n|-unboost|p2a: Landorus|spe|1\n|\n|-weather|Snow|[upkeep]\n|-heal|p2b: Baxcalibur|82\/100|[from] Grassy Terrain\n|upkeep\n|turn|4\n|inactive|GuitarheroVGC has 240 seconds left.\n|inactive|CaoJie has 210 seconds left.\n|\n|t:|1699565186\n|switch|p2a: Ogerpon|Ogerpon-Wellspring, F|100\/100\n|-damage|p2a: Ogerpon|88\/100|[from] Stealth Rock\n|move|p1b: Lumezzane|Sludge Bomb|p2b: Baxcalibur\n|-damage|p2b: Baxcalibur|51\/100\n|move|p2b: Baxcalibur|Dragon Dance|p2b: Baxcalibur\n|-boost|p2b: Baxcalibur|atk|1\n|-boost|p2b: Baxcalibur|spe|1\n|move|p1a: Polizzi Generosa|Icy Wind|p2b: Baxcalibur|[spread] p2a,p2b\n|-damage|p2a: Ogerpon|83\/100\n|-damage|p2b: Baxcalibur|46\/100\n|-unboost|p2a: Ogerpon|spe|1\n|\n|-weather|Snow|[upkeep]\n|-heal|p2b: Baxcalibur|52\/100|[from] Grassy Terrain\n|-heal|p2a: Ogerpon|89\/100|[from] Grassy Terrain\n|upkeep\n|turn|5\n|inactive|GuitarheroVGC has 240 seconds left.\n|inactive|CaoJie has 180 seconds left.\n|inactive|CaoJie has 150 seconds left.\n|\n|t:|1699565246\n|move|p2a: Ogerpon|Grassy Glide|p1b: Lumezzane\n|-damage|p1b: Lumezzane|53\/100\n|-activate|p1b: Lumezzane|ability: Toxic Debris\n|-sidestart|p2: CaoJie|move: Toxic Spikes\n|move|p2b: Baxcalibur|High Horsepower|p1b: Lumezzane\n|-supereffective|p1b: Lumezzane\n|-damage|p1b: Lumezzane|0 fnt\n|-activate|p1b: Lumezzane|ability: Toxic Debris\n|-sidestart|p2: CaoJie|move: Toxic Spikes\n|faint|p1b: Lumezzane\n|move|p1a: Polizzi Generosa|Trick Room|p1a: Polizzi Generosa\n|-fieldstart|move: Trick Room|[of] p1a: Polizzi Generosa\n|\n|-weather|none\n|-heal|p2a: Ogerpon|95\/100|[from] Grassy Terrain\n|-heal|p2b: Baxcalibur|58\/100|[from] Grassy Terrain\n|-fieldend|move: Grassy Terrain\n|upkeep\n|inactive|GuitarheroVGC has 210 seconds left.\n|\n|t:|1699565281\n|switch|p1b: Carcoforo|Kommo-o, M|100\/100\n|turn|6\n|c|+Ciro Napoli|chi siamo\n|\n|t:|1699565300\n|-terastallize|p2b: Baxcalibur|Poison\n|move|p1a: Polizzi Generosa|Psyshock|p2b: Baxcalibur\n|-supereffective|p2b: Baxcalibur\n|-damage|p2b: Baxcalibur|31\/100\n|move|p2a: Ogerpon|Swords Dance|p2a: Ogerpon\n|-boost|p2a: Ogerpon|atk|2\n|move|p1b: Carcoforo|Body Press|p2b: Baxcalibur\n|-resisted|p2b: Baxcalibur\n|-damage|p2b: Baxcalibur|21\/100\n|move|p2b: Baxcalibur|Icicle Crash|p1b: Carcoforo\n|-supereffective|p1b: Carcoforo\n|-damage|p1b: Carcoforo|3\/100\n|\n|-heal|p1b: Carcoforo|10\/100|[from] item: Leftovers\n|upkeep\n|turn|7\n|inactive|CaoJie has 180 seconds left.\n|\n|t:|1699565316\n|move|p1b: Carcoforo|Protect|p1b: Carcoforo\n|-singleturn|p1b: Carcoforo|Protect\n|move|p2b: Baxcalibur|Protect|p2b: Baxcalibur\n|-singleturn|p2b: Baxcalibur|Protect\n|move|p1a: Polizzi Generosa|Psyshock|p2b: Baxcalibur\n|-activate|p2b: Baxcalibur|move: Protect\n|move|p2a: Ogerpon|Ivy Cudgel|p1b: Carcoforo\n|-activate|p1b: Carcoforo|move: Protect\n|\n|-heal|p1b: Carcoforo|16\/100|[from] item: Leftovers\n|upkeep\n|turn|8\n|inactive|GuitarheroVGC has 240 seconds left.\n|inactive|CaoJie has 180 seconds left.\n|inactive|GuitarheroVGC has 210 seconds left.\n|\n|t:|1699565377\n|move|p1b: Carcoforo|Protect||[still]\n|-fail|p1b: Carcoforo\n|move|p2b: Baxcalibur|Protect|p2b: Baxcalibur\n|-singleturn|p2b: Baxcalibur|Protect\n|move|p1a: Polizzi Generosa|Psyshock|p2b: Baxcalibur\n|-activate|p2b: Baxcalibur|move: Protect\n|move|p2a: Ogerpon|Ivy Cudgel|p1b: Carcoforo\n|-resisted|p1b: Carcoforo\n|-damage|p1b: Carcoforo|0 fnt\n|faint|p1b: Carcoforo\n|\n|-sideend|p2: CaoJie|move: Aurora Veil\n|upkeep\n|\n|t:|1699565391\n|switch|p1b: Telve di Sopra|Kingambit, M, shiny|100\/100\n|-activate|p1b: Telve di Sopra|ability: Supreme Overlord\n|-start|p1b: Telve di Sopra|fallen2|[silent]\n|turn|9\n|inactive|GuitarheroVGC has 210 seconds left.\n|inactive|CaoJie has 180 seconds left.\n|\n|t:|1699565404\n|switch|p2b: Landorus|Landorus-Therian, M|50\/100\n|-damage|p2b: Landorus|38\/100|[from] Stealth Rock\n|-ability|p2b: Landorus|Intimidate|boost\n|-unboost|p1a: Polizzi Generosa|atk|1\n|-unboost|p1b: Telve di Sopra|atk|1\n|move|p1b: Telve di Sopra|Protect|p1b: Telve di Sopra\n|-singleturn|p1b: Telve di Sopra|Protect\n|move|p1a: Polizzi Generosa|Icy Wind|p2a: Ogerpon|[spread] p2a,p2b\n|-supereffective|p2b: Landorus\n|-damage|p2a: Ogerpon|88\/100\n|-damage|p2b: Landorus|0 fnt\n|-unboost|p2a: Ogerpon|spe|1\n|faint|p2b: Landorus\n|move|p2a: Ogerpon|Ivy Cudgel|p1b: Telve di Sopra\n|-activate|p1b: Telve di Sopra|move: Protect\n|\n|-fieldend|move: Trick Room\n|upkeep\n|inactive|CaoJie has 180 seconds left.\n|\n|t:|1699565415\n|switch|p2b: Ninetales|Ninetales-Alola, F|100\/100\n|-damage|p2b: Ninetales|76\/100|[from] Stealth Rock\n|-status|p2b: Ninetales|tox\n|-weather|Snow|[from] ability: Snow Warning|[of] p2b: Ninetales\n|turn|10\n|inactive|GuitarheroVGC has 210 seconds left.\n|inactive|CaoJie has 180 seconds left.\n|\n|t:|1699565446\n|move|p2b: Ninetales|Aurora Veil|p2b: Ninetales\n|-sidestart|p2: CaoJie|move: Aurora Veil\n|move|p1a: Polizzi Generosa|Lunar Blessing|p1a: Polizzi Generosa|[spread] p1a,p1b\n|-heal|p1a: Polizzi Generosa|100\/100\n|move|p2a: Ogerpon|Ivy Cudgel|p1a: Polizzi Generosa\n|-crit|p1a: Polizzi Generosa\n|-damage|p1a: Polizzi Generosa|4\/100\n|move|p1b: Telve di Sopra|Swords Dance|p1b: Telve di Sopra\n|-boost|p1b: Telve di Sopra|atk|2\n|\n|-weather|Snow|[upkeep]\n|-damage|p2b: Ninetales|70\/100 tox|[from] psn\n|upkeep\n|turn|11\n|inactive|GuitarheroVGC has 210 seconds left.\n|\n|t:|1699565492\n|move|p1b: Telve di Sopra|Sucker Punch|p2a: Ogerpon\n|-damage|p2a: Ogerpon|38\/100\n|move|p2b: Ninetales|Icy Wind|p1b: Telve di Sopra|[spread] p1a,p1b\n|-resisted|p1b: Telve di Sopra\n|-damage|p1a: Polizzi Generosa|0 fnt\n|-damage|p1b: Telve di Sopra|94\/100\n|-unboost|p1b: Telve di Sopra|spe|1\n|faint|p1a: Polizzi Generosa\n|move|p2a: Ogerpon|Ivy Cudgel|p1b: Telve di Sopra\n|-crit|p1b: Telve di Sopra\n|-damage|p1b: Telve di Sopra|0 fnt\n|faint|p1b: Telve di Sopra\n|-end|p1b: Telve di Sopra|fallen2|[silent]\n|\n|-weather|Snow|[upkeep]\n|-damage|p2b: Ninetales|57\/100 tox|[from] psn\n|upkeep\n|\n|t:|1699565506\n|switch|p1a: Quero Vas|Flutter Mane|100\/100\n|switch|p1b: Due Carrare|Landorus-Therian, M|100\/100\n|-ability|p1b: Due Carrare|Intimidate|boost\n|-unboost|p2a: Ogerpon|atk|1\n|-unboost|p2b: Ninetales|atk|1\n|-enditem|p1a: Quero Vas|Booster Energy\n|-activate|p1a: Quero Vas|ability: Protosynthesis|[fromitem]\n|-start|p1a: Quero Vas|protosynthesisspe\n|turn|12\n|\n|t:|1699565516\n|-terastallize|p1b: Due Carrare|Water\n|move|p2a: Ogerpon|Spiky Shield|p2a: Ogerpon\n|-singleturn|p2a: Ogerpon|move: Protect\n|move|p1a: Quero Vas|Moonblast|p2a: Ogerpon\n|-activate|p2a: Ogerpon|move: Protect\n|move|p1b: Due Carrare|Rock Slide|p2a: Ogerpon|[spread] p2b\n|-activate|p2a: Ogerpon|move: Protect\n|-supereffective|p2b: Ninetales\n|-damage|p2b: Ninetales|29\/100 tox\n|move|p2b: Ninetales|Icy Wind|p1a: Quero Vas|[spread] p1b\n|-miss|p2b: Ninetales|p1a: Quero Vas\n|-resisted|p1b: Due Carrare\n|-damage|p1b: Due Carrare|90\/100\n|-unboost|p1b: Due Carrare|spe|1\n|\n|-weather|Snow|[upkeep]\n|-damage|p2b: Ninetales|11\/100 tox|[from] psn\n|upkeep\n|turn|13\n|inactive|GuitarheroVGC has 210 seconds left.\n|\n|t:|1699565538\n|move|p2b: Ninetales|Protect|p2b: Ninetales\n|-singleturn|p2b: Ninetales|Protect\n|move|p1a: Quero Vas|Moonblast|p2a: Ogerpon\n|-damage|p2a: Ogerpon|5\/100\n|-unboost|p2a: Ogerpon|spa|1\n|move|p1b: Due Carrare|Rock Slide|p2b: Ninetales|[spread] p2a\n|-activate|p2b: Ninetales|move: Protect\n|-damage|p2a: Ogerpon|0 fnt\n|faint|p2a: Ogerpon\n|\n|-weather|Snow|[upkeep]\n|-damage|p2b: Ninetales|0 fnt|[from] psn\n|faint|p2b: Ninetales\n|upkeep\n|\n|t:|1699565552\n|switch|p2b: Baxcalibur|Baxcalibur, M, tera:Poison|21\/100\n|switch|p2a: Heatran|Heatran, F|100\/100\n|-damage|p2b: Baxcalibur|8\/100|[from] Stealth Rock\n|-sideend|p2: CaoJie|move: Toxic Spikes|[of] p2b: Baxcalibur\n|-damage|p2a: Heatran|88\/100|[from] Stealth Rock\n|turn|14\n|inactive|CaoJie has 210 seconds left.\n|\n|t:|1699565589\n|move|p1a: Quero Vas|Dazzling Gleam|p2a: Heatran|[spread] p2a,p2b\n|-resisted|p2a: Heatran\n|-resisted|p2b: Baxcalibur\n|-damage|p2a: Heatran|83\/100\n|-damage|p2b: Baxcalibur|0 fnt\n|faint|p2b: Baxcalibur\n|move|p1b: Due Carrare|Rock Slide|p2a: Heatran\n|-damage|p2a: Heatran|64\/100\n|cant|p2a: Heatran|flinch\n|\n|-weather|none\n|upkeep\n|turn|15\n|\n|t:|1699565604\n|move|p1a: Quero Vas|Shadow Ball|p2a: Heatran\n|-damage|p2a: Heatran|37\/100\n|move|p1b: Due Carrare|Rock Slide|p2a: Heatran\n|-crit|p2a: Heatran\n|-damage|p2a: Heatran|0 fnt\n|faint|p2a: Heatran\n|\n|win|GuitarheroVGC\n|c|\u2606GuitarheroVGC|gg\n|c|\u2606CaoJie|gg\n|c|+Ciro Napoli|facile\n|c|+Givrix|.\n|c|\u2606CaoJie|bro.\n","uploadtime":1699565605,"views":179,"p1id":"guitarherovgc","p2id":"caojie","formatid":"gen9doublesou","rating":0,"private":0,"password":""}