{"id":"smogtours-gen9doublesou-730055","p1":"Iceberg77","p2":"luisin","format":"[Gen 9] Doubles OU","log":"|inactive|Battle timer is ON: inactive players will automatically lose when time's up.\n|t:|1699744114\n|gametype|doubles\n|player|p1|Iceberg77|iris-gen5bw2|\n|player|p2|luisin|liza-masters|\n|teamsize|p1|6\n|teamsize|p2|6\n|gen|9\n|tier|[Gen 9] Doubles OU\n|rule|Species Clause: Limit one of each Pok\u00e9mon\n|rule|OHKO Clause: OHKO moves are banned\n|rule|Evasion Moves Clause: Evasion moves are banned\n|rule|Gravity Sleep Clause: The combination of sleep-inducing moves with imperfect accuracy and Gravity or Gigantamax Orbeetle are banned\n|rule|Endless Battle Clause: Forcing endless battles is banned\n|rule|HP Percentage Mod: HP is shown in percentages\n|clearpoke\n|poke|p1|Rillaboom, M|\n|poke|p1|Gholdengo|\n|poke|p1|Ogerpon-Wellspring, F|\n|poke|p1|Volcanion|\n|poke|p1|Diancie|\n|poke|p1|Landorus-Therian, M|\n|poke|p2|Garganacl, F|\n|poke|p2|Toxapex, F|\n|poke|p2|Landorus-Therian, M|\n|poke|p2|Heatran, M|\n|poke|p2|Flutter Mane|\n|poke|p2|Rillaboom, M|\n|teampreview\n|c|\u2606Iceberg77|hf\n|c|\u2606luisin|u2\n|inactive|luisin disconnected and has 300 seconds to reconnect!\n|player|p2|\n|c|+Arcticblast|GO ICEBERG\n|inactive|Iceberg77 has 270 seconds left.\n|c|+Lunarr|\u033f\u033f \u033f\u033f \u033f\u033f \u033f'\u033f'\\\\\u0437= ( \u2580 \u035c\u035e\u0296\u2580) =\u03b5\/\/\u2019\u033f\u2019\u033f \u033f \u033f\u033f \u033f\u033f \u033f\u033f\n|inactive|luisin reconnected and has 285 seconds left.\n|player|p2|luisin|liza-masters\n|inactive|luisin has 270 seconds left.\n|inactive|Iceberg77 has 240 seconds left.\n|c|+Enzonana|VAMOS LUISIN INFELIZ\n|c|+Enzonana|sorry iceberg vamos rsr\n|\n|t:|1699744203\n|start\n|switch|p1a: Landorus|Landorus-Therian, M|100\/100\n|switch|p1b: Volcanion|Volcanion|100\/100\n|switch|p2a: Toxapex|Toxapex, F|100\/100\n|switch|p2b: Landorus|Landorus-Therian, M|100\/100\n|-ability|p1a: Landorus|Intimidate|boost\n|-unboost|p2a: Toxapex|atk|1\n|-unboost|p2b: Landorus|atk|1\n|-ability|p2b: Landorus|Intimidate|boost\n|-unboost|p1a: Landorus|atk|1\n|-unboost|p1b: Volcanion|atk|1\n|turn|1\n|inactive|Iceberg77 has 270 seconds left.\n|inactive|luisin has 270 seconds left.\n|\n|t:|1699744240\n|move|p1a: Landorus|U-turn|p2b: Landorus\n|-resisted|p2b: Landorus\n|-damage|p2b: Landorus|91\/100\n|\n|t:|1699744245\n|switch|p1a: Ogerpon|Ogerpon-Wellspring, F|100\/100|[from] U-turn\n|move|p2b: Landorus|Stealth Rock|p1b: Volcanion\n|-sidestart|p1: Iceberg77|move: Stealth Rock\n|move|p1b: Volcanion|Steam Eruption|p2b: Landorus\n|-supereffective|p2b: Landorus\n|-damage|p2b: Landorus|0 fnt\n|faint|p2b: Landorus\n|move|p2a: Toxapex|Toxic Spikes|p1a: Ogerpon\n|-sidestart|p1: Iceberg77|move: Toxic Spikes\n|\n|upkeep\n|inactive|luisin has 270 seconds left.\n|\n|t:|1699744257\n|switch|p2b: Garganacl|Garganacl, F|100\/100\n|turn|2\n|\n|t:|1699744280\n|switch|p1a: Landorus|Landorus-Therian, M|100\/100\n|-damage|p1a: Landorus|88\/100|[from] Stealth Rock\n|-ability|p1a: Landorus|Intimidate|boost\n|-unboost|p2a: Toxapex|atk|1\n|-unboost|p2b: Garganacl|atk|1\n|move|p2b: Garganacl|Protect|p2b: Garganacl\n|-singleturn|p2b: Garganacl|Protect\n|move|p1b: Volcanion|Earth Power|p2a: Toxapex\n|-supereffective|p2a: Toxapex\n|-damage|p2a: Toxapex|51\/100\n|move|p2a: Toxapex|Infestation|p1b: Volcanion\n|-resisted|p1b: Volcanion\n|-damage|p1b: Volcanion|99\/100\n|-activate|p1b: Volcanion|move: Infestation|[of] p2a: Toxapex\n|\n|-heal|p2a: Toxapex|57\/100|[from] item: Black Sludge\n|-damage|p1b: Volcanion|87\/100|[from] move: Infestation|[partiallytrapped]\n|upkeep\n|turn|3\n|\n|t:|1699744309\n|switch|p2a: Rillaboom|Rillaboom, M|100\/100\n|-fieldstart|move: Grassy Terrain|[from] ability: Grassy Surge|[of] p2a: Rillaboom\n|-terastallize|p2b: Garganacl|Ghost\n|move|p1a: Landorus|U-turn|p2b: Garganacl\n|-resisted|p2b: Garganacl\n|-damage|p2b: Garganacl|91\/100\n|inactive|Iceberg77 has 270 seconds left.\n|\n|t:|1699744320\n|switch|p1a: Gholdengo|Gholdengo|100\/100|[from] U-turn\n|-damage|p1a: Gholdengo|94\/100|[from] Stealth Rock\n|move|p1b: Volcanion|Earth Power|p2a: Rillaboom\n|-resisted|p2a: Rillaboom\n|-damage|p2a: Rillaboom|90\/100\n|move|p2b: Garganacl|Salt Cure|p1b: Volcanion\n|-supereffective|p1b: Volcanion\n|-damage|p1b: Volcanion|71\/100\n|-start|p1b: Volcanion|Salt Cure\n|\n|-heal|p2a: Rillaboom|96\/100|[from] Grassy Terrain\n|-heal|p1a: Gholdengo|100\/100|[from] Grassy Terrain\n|-heal|p1b: Volcanion|77\/100|[from] Grassy Terrain\n|-heal|p2b: Garganacl|97\/100|[from] Grassy Terrain\n|-heal|p2b: Garganacl|100\/100|[from] item: Leftovers\n|-end|p1b: Volcanion|Infestation|[partiallytrapped]|[silent]\n|-damage|p1b: Volcanion|52\/100|[from] Salt Cure\n|upkeep\n|turn|4\n|inactive|Iceberg77 has 270 seconds left.\n|\n|t:|1699744357\n|switch|p1b: Landorus|Landorus-Therian, M|88\/100\n|-damage|p1b: Landorus|75\/100|[from] Stealth Rock\n|-ability|p1b: Landorus|Intimidate|boost\n|-unboost|p2a: Rillaboom|atk|1\n|-unboost|p2b: Garganacl|atk|1\n|move|p2a: Rillaboom|High Horsepower|p1a: Gholdengo\n|-supereffective|p1a: Gholdengo\n|-damage|p1a: Gholdengo|61\/100\n|move|p1a: Gholdengo|Nasty Plot|p1a: Gholdengo\n|-boost|p1a: Gholdengo|spa|2\n|move|p2b: Garganacl|Salt Cure|p1a: Gholdengo\n|-resisted|p1a: Gholdengo\n|-damage|p1a: Gholdengo|58\/100\n|-start|p1a: Gholdengo|Salt Cure\n|\n|-heal|p2a: Rillaboom|100\/100|[from] Grassy Terrain\n|-heal|p1a: Gholdengo|64\/100|[from] Grassy Terrain\n|-heal|p1a: Gholdengo|70\/100|[from] item: Leftovers\n|-damage|p1a: Gholdengo|45\/100|[from] Salt Cure\n|upkeep\n|turn|5\n|inactive|Iceberg77 has 270 seconds left.\n|inactive|luisin has 270 seconds left.\n|inactive|Iceberg77 has 240 seconds left.\n|\n|t:|1699744407\n|move|p2b: Garganacl|Protect|p2b: Garganacl\n|-singleturn|p2b: Garganacl|Protect\n|move|p1b: Landorus|Stomping Tantrum|p2a: Rillaboom\n|-resisted|p2a: Rillaboom\n|-damage|p2a: Rillaboom|79\/100\n|move|p2a: Rillaboom|U-turn|p1a: Gholdengo\n|-resisted|p1a: Gholdengo\n|-damage|p1a: Gholdengo|42\/100\n|\n|t:|1699744413\n|switch|p2a: Heatran|Heatran, M|100\/100|[from] U-turn\n|move|p1a: Gholdengo|Make It Rain|p2a: Heatran|[spread] p2a\n|-activate|p2b: Garganacl|move: Protect\n|-resisted|p2a: Heatran\n|-damage|p2a: Heatran|87\/100\n|-unboost|p1a: Gholdengo|spa|1\n|\n|-heal|p1a: Gholdengo|48\/100|[from] Grassy Terrain\n|-heal|p1a: Gholdengo|54\/100|[from] item: Leftovers\n|-heal|p2a: Heatran|94\/100|[from] Grassy Terrain\n|-damage|p1a: Gholdengo|29\/100|[from] Salt Cure\n|upkeep\n|turn|6\n|inactive|luisin has 270 seconds left.\n|inactive|Iceberg77 has 240 seconds left.\n|inactive|luisin has 240 seconds left.\n|inactive|luisin has 210 seconds left.\n|\n|t:|1699744504\n|switch|p2a: Toxapex|Toxapex, F|91\/100\n|move|p1b: Landorus|Stomping Tantrum|p2a: Toxapex\n|-supereffective|p2a: Toxapex\n|-damage|p2a: Toxapex|25\/100\n|move|p1a: Gholdengo|Make It Rain|p2b: Garganacl|[spread] p2a,p2b\n|-resisted|p2a: Toxapex\n|-damage|p2a: Toxapex|0 fnt\n|-damage|p2b: Garganacl|55\/100\n|-unboost|p1a: Gholdengo|spa|1\n|faint|p2a: Toxapex\n|move|p2b: Garganacl|Recover|p2b: Garganacl\n|-heal|p2b: Garganacl|100\/100\n|\n|-heal|p1a: Gholdengo|35\/100|[from] Grassy Terrain\n|-heal|p1a: Gholdengo|41\/100|[from] item: Leftovers\n|-damage|p1a: Gholdengo|16\/100|[from] Salt Cure\n|upkeep\n|\n|t:|1699744514\n|switch|p2a: Flutter Mane|Flutter Mane|100\/100\n|turn|7\n|inactive|luisin has 210 seconds left.\n|inactive|Iceberg77 has 240 seconds left.\n|\n|t:|1699744554\n|move|p1b: Landorus|Stomping Tantrum|p2a: Flutter Mane\n|-damage|p2a: Flutter Mane|32\/100\n|move|p2a: Flutter Mane|Dazzling Gleam|p1b: Landorus|[spread] p1a,p1b\n|-resisted|p1a: Gholdengo\n|-damage|p1a: Gholdengo|0 fnt\n|-damage|p1b: Landorus|24\/100\n|faint|p1a: Gholdengo\n|move|p2b: Garganacl|Iron Defense|p2b: Garganacl\n|-boost|p2b: Garganacl|def|2\n|\n|-heal|p2a: Flutter Mane|38\/100|[from] Grassy Terrain\n|-fieldend|move: Grassy Terrain\n|upkeep\n|inactive|Iceberg77 has 240 seconds left.\n|\n|t:|1699744570\n|switch|p1a: Volcanion|Volcanion|52\/100\n|-damage|p1a: Volcanion|27\/100|[from] Stealth Rock\n|-status|p1a: Volcanion|psn\n|turn|8\n|inactive|luisin has 210 seconds left.\n|inactive|Iceberg77 has 240 seconds left.\n|\n|t:|1699744589\n|-end|p2a: Flutter Mane|Protosynthesis|[silent]\n|switch|p2a: Heatran|Heatran, M|94\/100\n|move|p1b: Landorus|Stomping Tantrum|p2a: Heatran\n|-supereffective|p2a: Heatran\n|-damage|p2a: Heatran|0 fnt\n|faint|p2a: Heatran\n|move|p1a: Volcanion|Heat Wave|p2b: Garganacl\n|-damage|p2b: Garganacl|66\/100\n|move|p2b: Garganacl|Salt Cure|p1b: Landorus\n|-damage|p1b: Landorus|15\/100\n|-start|p1b: Landorus|Salt Cure\n|\n|-heal|p2b: Garganacl|72\/100|[from] item: Leftovers\n|-damage|p1a: Volcanion|15\/100 psn|[from] psn\n|-damage|p1b: Landorus|3\/100|[from] Salt Cure\n|upkeep\n|\n|t:|1699744595\n|switch|p2a: Rillaboom|Rillaboom, M|79\/100\n|-fieldstart|move: Grassy Terrain|[from] ability: Grassy Surge|[of] p2a: Rillaboom\n|turn|9\n|\n|t:|1699744624\n|move|p2a: Rillaboom|Grassy Glide|p1a: Volcanion\n|-damage|p1a: Volcanion|0 fnt\n|faint|p1a: Volcanion\n|move|p1b: Landorus|Stomping Tantrum|p2a: Rillaboom\n|-resisted|p2a: Rillaboom\n|-damage|p2a: Rillaboom|59\/100\n|move|p2b: Garganacl|Iron Defense|p2b: Garganacl\n|-boost|p2b: Garganacl|def|2\n|\n|-heal|p2a: Rillaboom|65\/100|[from] Grassy Terrain\n|-heal|p2b: Garganacl|78\/100|[from] Grassy Terrain\n|-heal|p2b: Garganacl|85\/100|[from] item: Leftovers\n|-damage|p1b: Landorus|0 fnt|[from] Salt Cure\n|faint|p1b: Landorus\n|upkeep\n|inactive|Iceberg77 has 240 seconds left.\n|c|+Enzonana|hiiiiiiiijo de su puta madre\n|\n|t:|1699744643\n|switch|p1b: Rillaboom|Rillaboom, M|100\/100\n|switch|p1a: Diancie|Diancie|100\/100\n|-damage|p1b: Rillaboom|88\/100|[from] Stealth Rock\n|-status|p1b: Rillaboom|psn\n|-damage|p1a: Diancie|88\/100|[from] Stealth Rock\n|-status|p1a: Diancie|psn\n|turn|10\n|inactive|luisin has 240 seconds left.\n|\n|t:|1699744658\n|move|p1b: Rillaboom|Fake Out|p2a: Rillaboom\n|-damage|p2a: Rillaboom|52\/100\n|cant|p2a: Rillaboom|flinch\n|move|p2b: Garganacl|Salt Cure|p1b: Rillaboom\n|-damage|p1b: Rillaboom|81\/100 psn\n|-start|p1b: Rillaboom|Salt Cure\n|move|p1a: Diancie|Diamond Storm|p2a: Rillaboom|[spread] p2a,p2b\n|-damage|p2a: Rillaboom|18\/100\n|-damage|p2b: Garganacl|76\/100\n|\n|-heal|p2a: Rillaboom|24\/100|[from] Grassy Terrain\n|-heal|p1b: Rillaboom|87\/100 psn|[from] Grassy Terrain\n|-heal|p2b: Garganacl|82\/100|[from] Grassy Terrain\n|-heal|p2b: Garganacl|88\/100|[from] item: Leftovers\n|-heal|p1a: Diancie|94\/100 psn|[from] Grassy Terrain\n|-damage|p1b: Rillaboom|75\/100 psn|[from] psn\n|-damage|p1a: Diancie|82\/100 psn|[from] psn\n|-damage|p1b: Rillaboom|63\/100 psn|[from] Salt Cure\n|upkeep\n|turn|11\n|inactive|Iceberg77 has 270 seconds left.\n|\n|t:|1699744673\n|switch|p2a: Flutter Mane|Flutter Mane|38\/100\n|move|p1a: Diancie|Protect|p1a: Diancie\n|-singleturn|p1a: Diancie|Protect\n|move|p1b: Rillaboom|U-turn|p2a: Flutter Mane\n|-resisted|p2a: Flutter Mane\n|-damage|p2a: Flutter Mane|29\/100\n|\n|t:|1699744680\n|switch|p1b: Ogerpon|Ogerpon-Wellspring, F|100\/100|[from] U-turn\n|-damage|p1b: Ogerpon|88\/100|[from] Stealth Rock\n|-status|p1b: Ogerpon|psn\n|move|p2b: Garganacl|Salt Cure|p1a: Diancie\n|-activate|p1a: Diancie|move: Protect\n|\n|-heal|p2a: Flutter Mane|35\/100|[from] Grassy Terrain\n|-heal|p1b: Ogerpon|94\/100 psn|[from] Grassy Terrain\n|-heal|p2b: Garganacl|94\/100|[from] Grassy Terrain\n|-heal|p2b: Garganacl|100\/100|[from] item: Leftovers\n|-heal|p1a: Diancie|88\/100 psn|[from] Grassy Terrain\n|-damage|p1b: Ogerpon|82\/100 psn|[from] psn\n|-damage|p1a: Diancie|75\/100 psn|[from] psn\n|upkeep\n|turn|12\n|\n|t:|1699744694\n|move|p1b: Ogerpon|Grassy Glide|p2a: Flutter Mane\n|-crit|p2a: Flutter Mane\n|-damage|p2a: Flutter Mane|0 fnt\n|faint|p2a: Flutter Mane\n|-end|p2a: Flutter Mane|Protosynthesis|[silent]\n|move|p2b: Garganacl|Salt Cure|p1b: Ogerpon\n|-damage|p1b: Ogerpon|74\/100 psn\n|-start|p1b: Ogerpon|Salt Cure\n|move|p1a: Diancie|Diamond Storm|p2b: Garganacl|[miss]\n|-miss|p1a: Diancie|p2b: Garganacl\n|\n|-heal|p1b: Ogerpon|80\/100 psn|[from] Grassy Terrain\n|-heal|p1a: Diancie|82\/100 psn|[from] Grassy Terrain\n|-damage|p1b: Ogerpon|67\/100 psn|[from] psn\n|-damage|p1a: Diancie|69\/100 psn|[from] psn\n|-damage|p1b: Ogerpon|42\/100 psn|[from] Salt Cure\n|upkeep\n|\n|t:|1699744697\n|switch|p2a: Rillaboom|Rillaboom, M|24\/100\n|turn|13\n|c|+Enzonana|despues pone\n|inactive|Iceberg77 has 270 seconds left.\n|c|+Enzonana|todos contra mi solo\n|\n|t:|1699744734\n|move|p1b: Ogerpon|Spiky Shield|p1b: Ogerpon\n|-singleturn|p1b: Ogerpon|move: Protect\n|move|p2a: Rillaboom|Grassy Glide|p1a: Diancie\n|-supereffective|p1a: Diancie\n|-damage|p1a: Diancie|8\/100 psn\n|move|p2b: Garganacl|Salt Cure|p1a: Diancie\n|-damage|p1a: Diancie|2\/100 psn\n|-start|p1a: Diancie|Salt Cure\n|move|p1a: Diancie|Diamond Storm|p2b: Garganacl|[spread] p2a,p2b\n|-damage|p2a: Rillaboom|0 fnt\n|-damage|p2b: Garganacl|92\/100\n|faint|p2a: Rillaboom\n|\n|-heal|p1b: Ogerpon|48\/100 psn|[from] Grassy Terrain\n|-heal|p2b: Garganacl|99\/100|[from] Grassy Terrain\n|-heal|p2b: Garganacl|100\/100|[from] item: Leftovers\n|-heal|p1a: Diancie|8\/100 psn|[from] Grassy Terrain\n|-damage|p1b: Ogerpon|36\/100 psn|[from] psn\n|-damage|p1a: Diancie|0 fnt|[from] psn\n|faint|p1a: Diancie\n|-damage|p1b: Ogerpon|11\/100 psn|[from] Salt Cure\n|-fieldend|move: Grassy Terrain\n|upkeep\n|c|+Enzonana|en el winpost\n|\n|t:|1699744747\n|switch|p1a: Rillaboom|Rillaboom, M|63\/100 psn\n|-damage|p1a: Rillaboom|50\/100 psn|[from] Stealth Rock\n|-fieldstart|move: Grassy Terrain|[from] ability: Grassy Surge|[of] p1a: Rillaboom\n|turn|14\n|\n|t:|1699744756\n|-terastallize|p1b: Ogerpon|Water\n|detailschange|p1b: Ogerpon|Ogerpon-Wellspring-Tera, F, tera:Water\n|-ability|p1b: Ogerpon|Embody Aspect (Wellspring)|boost\n|-boost|p1b: Ogerpon|spd|1\n|move|p2b: Garganacl|Protect|p2b: Garganacl\n|-singleturn|p2b: Garganacl|Protect\n|move|p1a: Rillaboom|Grassy Glide|p2b: Garganacl\n|-activate|p2b: Garganacl|move: Protect\n|move|p1b: Ogerpon|Ivy Cudgel|p2b: Garganacl\n|-activate|p2b: Garganacl|move: Protect\n|\n|-heal|p1b: Ogerpon|17\/100 psn|[from] Grassy Terrain\n|-heal|p1a: Rillaboom|56\/100 psn|[from] Grassy Terrain\n|-damage|p1b: Ogerpon|5\/100 psn|[from] psn\n|-damage|p1a: Rillaboom|44\/100 psn|[from] psn\n|-damage|p1b: Ogerpon|0 fnt|[from] Salt Cure\n|faint|p1b: Ogerpon\n|upkeep\n|turn|15\n|\n|t:|1699744764\n|move|p1a: Rillaboom|Grassy Glide|p2b: Garganacl\n|-damage|p2b: Garganacl|92\/100\n|move|p2b: Garganacl|Salt Cure|p1a: Rillaboom\n|-damage|p1a: Rillaboom|38\/100 psn\n|-start|p1a: Rillaboom|Salt Cure\n|\n|-heal|p1a: Rillaboom|44\/100 psn|[from] Grassy Terrain\n|-heal|p2b: Garganacl|98\/100|[from] Grassy Terrain\n|-heal|p2b: Garganacl|100\/100|[from] item: Leftovers\n|-damage|p1a: Rillaboom|32\/100 psn|[from] psn\n|-damage|p1a: Rillaboom|19\/100 psn|[from] Salt Cure\n|upkeep\n|turn|16\n|\n|t:|1699744768\n|move|p2b: Garganacl|Protect|p2b: Garganacl\n|-singleturn|p2b: Garganacl|Protect\n|move|p1a: Rillaboom|Grassy Glide|p2b: Garganacl\n|-activate|p2b: Garganacl|move: Protect\n|\n|-heal|p1a: Rillaboom|25\/100 psn|[from] Grassy Terrain\n|-damage|p1a: Rillaboom|13\/100 psn|[from] psn\n|-damage|p1a: Rillaboom|1\/100 psn|[from] Salt Cure\n|upkeep\n|turn|17\n|c|\u2606Iceberg77|gg\n|c|\u2606luisin|gg\n|\n|t:|1699744773\n|move|p1a: Rillaboom|Grassy Glide|p2b: Garganacl\n|-damage|p2b: Garganacl|92\/100\n|move|p2b: Garganacl|Recover|p2b: Garganacl\n|-heal|p2b: Garganacl|100\/100\n|\n|-heal|p1a: Rillaboom|7\/100 psn|[from] Grassy Terrain\n|-damage|p1a: Rillaboom|0 fnt|[from] psn\n|faint|p1a: Rillaboom\n|\n|win|luisin\n|upkeep\n","uploadtime":1699744774,"views":213,"p1id":"iceberg77","p2id":"luisin","formatid":"gen9doublesou","rating":0,"private":0,"password":""}