{"id":"smogtours-gen9doublesou-728376","p1":"eragon11145","p2":"Lily","format":"[Gen 9] Doubles OU","log":"|inactive|Battle timer is ON: inactive players will automatically lose when time's up.\n|t:|1699045532\n|gametype|doubles\n|player|p1|eragon11145|#dwcopiii|\n|player|p2|Lily|#wcop2023europe|\n|teamsize|p1|6\n|teamsize|p2|6\n|gen|9\n|tier|[Gen 9] Doubles OU\n|rule|Species Clause: Limit one of each Pok\u00e9mon\n|rule|OHKO Clause: OHKO moves are banned\n|rule|Evasion Moves Clause: Evasion moves are banned\n|rule|Gravity Sleep Clause: The combination of sleep-inducing moves with imperfect accuracy and Gravity or Gigantamax Orbeetle are banned\n|rule|Endless Battle Clause: Forcing endless battles is banned\n|rule|HP Percentage Mod: HP is shown in percentages\n|clearpoke\n|poke|p1|Moltres-Galar|\n|poke|p1|Sinistcha|\n|poke|p1|Landorus-Therian, M|\n|poke|p1|Flutter Mane|\n|poke|p1|Volcanion|\n|poke|p1|Roaring Moon|\n|poke|p2|Sinistcha-Masterpiece|\n|poke|p2|Volcanion|\n|poke|p2|Iron Hands|\n|poke|p2|Diancie|\n|poke|p2|Flutter Mane|\n|poke|p2|Goodra-Hisui, M|\n|teampreview\n|inactive|Lily also wants the timer to be on.\n|inactive|eragon11145 also wants the timer to be on.\n|c|\u2606Lily|glhf\n|c|\u2606eragon11145|glhf\n|inactive|eragon11145 has 270 seconds left.\n|inactive|Lily has 270 seconds left.\n|inactive|Lily has 240 seconds left.\n|inactive|Lily has 210 seconds left.\n|c|+RelicanthPrimal<><|matcha\n|c|+Ms jisoo|Go lily SHOW EM WHOS MOTHERRRR\n|\n|t:|1699045639\n|start\n|switch|p1a: Landorus|Landorus-Therian, M|100\/100\n|switch|p1b: Moltres|Moltres-Galar|100\/100\n|switch|p2a: So Much Stardust|Diancie|100\/100\n|switch|p2b: Fake Out|Iron Hands|100\/100\n|-ability|p1a: Landorus|Intimidate|boost\n|-fail|p2a: So Much Stardust|unboost|[from] ability: Clear Body|[of] p2a: So Much Stardust\n|-unboost|p2b: Fake Out|atk|1\n|turn|1\n|inactive|Lily has 270 seconds left.\n|inactive|Lily has 240 seconds left.\n|\n|t:|1699045694\n|move|p2b: Fake Out|Fake Out|p1a: Landorus\n|-damage|p1a: Landorus|89\/100\n|cant|p1a: Landorus|flinch\n|move|p1b: Moltres|Nasty Plot|p1b: Moltres\n|-boost|p1b: Moltres|spa|2\n|move|p2a: So Much Stardust|Diamond Storm|p1b: Moltres|[spread] p1b\n|-miss|p2a: So Much Stardust|p1a: Landorus\n|-supereffective|p1b: Moltres\n|-damage|p1b: Moltres|44\/100\n|-ability|p1b: Moltres|Berserk|boost\n|-boost|p1b: Moltres|spa|1\n|\n|-heal|p1b: Moltres|50\/100|[from] item: Leftovers\n|upkeep\n|turn|2\n|inactive|Lily has 240 seconds left.\n|inactive|Lily has 210 seconds left.\n|inactive|Lily has 180 seconds left.\n|inactive|eragon11145 has 270 seconds left.\n|inactive|Lily has 150 seconds left.\n|c|+frania \u2654|go lily\n|\n|t:|1699045822\n|-end|p2b: Fake Out|Quark Drive|[silent]\n|switch|p2b: Heaven Iowa|Volcanion|100\/100\n|-terastallize|p1b: Moltres|Poison\n|move|p2a: So Much Stardust|Protect|p2a: So Much Stardust\n|-singleturn|p2a: So Much Stardust|Protect\n|move|p1a: Landorus|Stomping Tantrum|p2a: So Much Stardust\n|-activate|p2a: So Much Stardust|move: Protect\n|move|p1b: Moltres|Air Slash|p2a: So Much Stardust\n|-activate|p2a: So Much Stardust|move: Protect\n|\n|-heal|p1b: Moltres|57\/100|[from] item: Leftovers\n|upkeep\n|turn|3\n|\n|t:|1699045850\n|switch|p2a: The Pink Seashell|Goodra-Hisui, M|100\/100\n|move|p1a: Landorus|Stomping Tantrum|p2b: Heaven Iowa\n|-supereffective|p2b: Heaven Iowa\n|-damage|p2b: Heaven Iowa|5\/100\n|move|p1b: Moltres|Fiery Wrath|p2b: Heaven Iowa|[spread] p2a,p2b\n|-damage|p2a: The Pink Seashell|58\/100\n|-damage|p2b: Heaven Iowa|0 fnt\n|faint|p2b: Heaven Iowa\n|\n|-heal|p1b: Moltres|63\/100|[from] item: Leftovers\n|-heal|p2a: The Pink Seashell|65\/100|[from] item: Leftovers\n|upkeep\n|inactive|Lily has 120 seconds left.\n|inactive|Lily has 90 seconds left.\n|\n|t:|1699045915\n|switch|p2b: So Good Right Now|Flutter Mane|100\/100\n|-enditem|p2b: So Good Right Now|Booster Energy\n|-activate|p2b: So Good Right Now|ability: Protosynthesis|[fromitem]\n|-start|p2b: So Good Right Now|protosynthesisspe\n|turn|4\n|inactive|Lily has 90 seconds left.\n|\n|t:|1699045928\n|switch|p1a: Sinistcha|Sinistcha|100\/100\n|-heal|p1b: Moltres|88\/100|[from] ability: Hospitality|[of] p1a: Sinistcha\n|move|p1b: Moltres|Fiery Wrath|p2b: So Good Right Now|[spread] p2a,p2b\n|-damage|p2a: The Pink Seashell|23\/100\n|-damage|p2b: So Good Right Now|36\/100\n|move|p2a: The Pink Seashell|Heavy Slam|p1b: Moltres\n|-damage|p1b: Moltres|49\/100\n|-ability|p1b: Moltres|Berserk|boost\n|-boost|p1b: Moltres|spa|1\n|move|p2b: So Good Right Now|Trick Room|p2b: So Good Right Now\n|-fieldstart|move: Trick Room|[of] p2b: So Good Right Now\n|\n|-heal|p2a: The Pink Seashell|29\/100|[from] item: Leftovers\n|-heal|p1b: Moltres|55\/100|[from] item: Leftovers\n|upkeep\n|turn|5\n|\n|t:|1699045944\n|move|p2b: So Good Right Now|Protect|p2b: So Good Right Now\n|-singleturn|p2b: So Good Right Now|Protect\n|move|p2a: The Pink Seashell|Heavy Slam|p1b: Moltres\n|-damage|p1b: Moltres|16\/100\n|-ability|p1b: Moltres|Berserk|boost\n|-boost|p1b: Moltres|spa|1\n|move|p1a: Sinistcha|Life Dew||[still]|[spread] p1a,p1b\n|-fail|p1a: Sinistcha|heal\n|-heal|p1b: Moltres|41\/100\n|move|p1b: Moltres|Fiery Wrath|p2b: So Good Right Now|[spread] p2a\n|-activate|p2b: So Good Right Now|move: Protect\n|-damage|p2a: The Pink Seashell|0 fnt\n|faint|p2a: The Pink Seashell\n|\n|-heal|p1b: Moltres|47\/100|[from] item: Leftovers\n|upkeep\n|\n|t:|1699045953\n|switch|p2a: So Much Stardust|Diancie|100\/100\n|turn|6\n|\n|t:|1699045972\n|move|p2a: So Much Stardust|Diamond Storm|p1a: Sinistcha|[spread] p1a,p1b\n|-damage|p1a: Sinistcha|74\/100\n|-damage|p1b: Moltres|18\/100\n|move|p1a: Sinistcha|Life Dew|p1a: Sinistcha|[spread] p1a,p1b\n|-heal|p1a: Sinistcha|99\/100\n|-heal|p1b: Moltres|43\/100\n|move|p1b: Moltres|Fiery Wrath|p2a: So Much Stardust|[spread] p2a,p2b\n|-resisted|p2a: So Much Stardust\n|-damage|p2a: So Much Stardust|65\/100\n|-damage|p2b: So Good Right Now|0 fnt\n|faint|p2b: So Good Right Now\n|-end|p2b: So Good Right Now|Protosynthesis|[silent]\n|\n|-heal|p1b: Moltres|49\/100|[from] item: Leftovers\n|upkeep\n|\n|t:|1699045976\n|switch|p2b: Fake Out|Iron Hands|100\/100\n|turn|7\n|\n|t:|1699045986\n|switch|p1a: Landorus|Landorus-Therian, M|89\/100\n|-ability|p1a: Landorus|Intimidate|boost\n|-fail|p2a: So Much Stardust|unboost|[from] ability: Clear Body|[of] p2a: So Much Stardust\n|-unboost|p2b: Fake Out|atk|1\n|move|p1b: Moltres|Protect|p1b: Moltres\n|-singleturn|p1b: Moltres|Protect\n|move|p2a: So Much Stardust|Diamond Storm|p1b: Moltres|[spread] p1a\n|-activate|p1b: Moltres|move: Protect\n|-damage|p1a: Landorus|49\/100\n|move|p2b: Fake Out|Fire Punch|p1b: Moltres\n|-activate|p1b: Moltres|move: Protect\n|\n|-heal|p1b: Moltres|55\/100|[from] item: Leftovers\n|upkeep\n|turn|8\n|\n|t:|1699045998\n|switch|p1a: Sinistcha|Sinistcha|99\/100\n|-heal|p1b: Moltres|80\/100|[from] ability: Hospitality|[of] p1a: Sinistcha\n|move|p2a: So Much Stardust|Diamond Storm|p1b: Moltres|[spread] p1a,p1b\n|-damage|p1a: Sinistcha|73\/100\n|-damage|p1b: Moltres|52\/100\n|-boost|p2a: So Much Stardust|def|2\n|move|p2b: Fake Out|Fire Punch|p1b: Moltres\n|-damage|p1b: Moltres|35\/100\n|-ability|p1b: Moltres|Berserk|boost\n|-boost|p1b: Moltres|spa|1\n|move|p1b: Moltres|Air Slash|p2b: Fake Out\n|-damage|p2b: Fake Out|17\/100\n|-enditem|p2b: Fake Out|Sitrus Berry|[eat]\n|-heal|p2b: Fake Out|42\/100|[from] item: Sitrus Berry\n|\n|-heal|p1b: Moltres|41\/100|[from] item: Leftovers\n|-fieldend|move: Trick Room\n|upkeep\n|turn|9\n|\n|t:|1699046012\n|-end|p2b: Fake Out|Quark Drive|[silent]\n|switch|p2b: Kintsugi Kid|Sinistcha-Masterpiece|100\/100\n|-heal|p2a: So Much Stardust|90\/100|[from] ability: Hospitality|[of] p2b: Kintsugi Kid\n|move|p1b: Moltres|Fiery Wrath|p2a: So Much Stardust|[spread] p2a,p2b\n|-resisted|p2a: So Much Stardust\n|-supereffective|p2b: Kintsugi Kid\n|-damage|p2a: So Much Stardust|48\/100\n|-damage|p2b: Kintsugi Kid|0 fnt\n|faint|p2b: Kintsugi Kid\n|move|p1a: Sinistcha|Matcha Gotcha|p2a: So Much Stardust\n|-supereffective|p2a: So Much Stardust\n|-crit|p2a: So Much Stardust\n|-damage|p2a: So Much Stardust|0 fnt\n|-heal|p1a: Sinistcha|94\/100|[from] drain|[of] p2a: So Much Stardust\n|faint|p2a: So Much Stardust\n|\n|-heal|p1b: Moltres|47\/100|[from] item: Leftovers\n|upkeep\n|c|\u2606Lily|gg\n|-message|Lily forfeited.\n|\n|win|eragon11145\n|c|\u2606eragon11145|gg\n","uploadtime":1699046019,"views":194,"p1id":"eragon11145","p2id":"lily","formatid":"gen9doublesou","rating":0,"private":0,"password":""}