{"id":"smogtours-gen9doublesou-724193","p1":"Flying Beagle","p2":"GuitarheroVGC","format":"[Gen 9] Doubles OU","log":"|inactive|Battle timer is ON: inactive players will automatically lose when time's up.\n|t:|1697401598\n|gametype|doubles\n|player|p1|Flying Beagle|tateandliza-gen3|\n|player|p2|GuitarheroVGC|kimonogirl|\n|teamsize|p1|6\n|teamsize|p2|6\n|gen|9\n|tier|[Gen 9] Doubles OU\n|rule|Species Clause: Limit one of each Pok\u00e9mon\n|rule|OHKO Clause: OHKO moves are banned\n|rule|Evasion Moves Clause: Evasion moves are banned\n|rule|Gravity Sleep Clause: The combination of sleep-inducing moves with imperfect accuracy and Gravity or Gigantamax Orbeetle are banned\n|rule|Endless Battle Clause: Forcing endless battles is banned\n|rule|HP Percentage Mod: HP is shown in percentages\n|clearpoke\n|poke|p1|Roaring Moon|\n|poke|p1|Weezing, F|\n|poke|p1|Ogerpon-Wellspring, F|\n|poke|p1|Flutter Mane|\n|poke|p1|Chi-Yu|\n|poke|p1|Amoonguss, F|\n|poke|p2|Diancie, L99|\n|poke|p2|Flutter Mane|\n|poke|p2|Iron Hands|\n|poke|p2|Landorus-Therian, M|\n|poke|p2|Moltres-Galar|\n|poke|p2|Clefairy, M|\n|teampreview\n|c|\u2606Flying Beagle|gl hf!\n|c|\u2606GuitarheroVGC|glhf :)\n|inactive|Flying Beagle has 270 seconds left.\n|inactive|GuitarheroVGC has 270 seconds left.\n|\n|t:|1697401646\n|start\n|switch|p1a: Flutter Mane|Flutter Mane|100\/100\n|switch|p1b: Amoonguss|Amoonguss, F|100\/100\n|switch|p2a: red moon|Diancie, L99, shiny|100\/100\n|switch|p2b: cute boy|Landorus-Therian, M, shiny|100\/100\n|-ability|p2b: cute boy|Intimidate|boost\n|-unboost|p1a: Flutter Mane|atk|1\n|-unboost|p1b: Amoonguss|atk|1\n|turn|1\n|inactive|Flying Beagle has 270 seconds left.\n|inactive|GuitarheroVGC has 270 seconds left.\n|\n|t:|1697401704\n|switch|p1b: Weezing|Weezing, F|100\/100\n|-ability|p1b: Weezing|Neutralizing Gas\n|move|p1a: Flutter Mane|Icy Wind|p2a: red moon|[spread] p2a,p2b\n|-supereffective|p2b: cute boy\n|-damage|p2a: red moon|86\/100\n|-damage|p2b: cute boy|22\/100\n|-unboost|p2a: red moon|spe|1\n|-unboost|p2b: cute boy|spe|1\n|-enditem|p2b: cute boy|Sitrus Berry|[eat]\n|-heal|p2b: cute boy|47\/100|[from] item: Sitrus Berry\n|move|p2b: cute boy|Taunt|p1b: Weezing\n|-start|p1b: Weezing|move: Taunt\n|move|p2a: red moon|Diamond Storm|p1a: Flutter Mane|[spread] p1a,p1b\n|-damage|p1a: Flutter Mane|59\/100\n|-damage|p1b: Weezing|81\/100\n|\n|-heal|p1b: Weezing|87\/100|[from] item: Leftovers\n|upkeep\n|turn|2\n|inactive|Flying Beagle has 270 seconds left.\n|inactive|GuitarheroVGC has 270 seconds left.\n|inactive|Flying Beagle has 240 seconds left.\n|\n|t:|1697401756\n|-end|p1b: Weezing|ability: Neutralizing Gas\n|-ability|p2b: cute boy|Intimidate|boost\n|-unboost|p1a: Flutter Mane|atk|1\n|-unboost|p1b: Weezing|atk|1\n|switch|p1b: Amoonguss|Amoonguss, F|100\/100\n|switch|p2b: mc ride|Clefairy, M|100\/100\n|move|p1a: Flutter Mane|Icy Wind|p2a: red moon|[spread] p2a,p2b\n|-damage|p2a: red moon|74\/100\n|-damage|p2b: mc ride|82\/100\n|-unboost|p2b: mc ride|spe|1\n|move|p2a: red moon|Diamond Storm|p1b: Amoonguss|[spread] p1a,p1b\n|-damage|p1a: Flutter Mane|13\/100\n|-damage|p1b: Amoonguss|80\/100\n|\n|upkeep\n|turn|3\n|inactive|Flying Beagle has 240 seconds left.\n|\n|t:|1697401785\n|-end|p1a: Flutter Mane|Protosynthesis|[silent]\n|switch|p1a: Weezing|Weezing, F|87\/100\n|-ability|p1a: Weezing|Neutralizing Gas\n|switch|p2b: BEWARE|Moltres-Galar|100\/100\n|-terastallize|p2a: red moon|Grass\n|move|p1b: Amoonguss|Spore|p2a: red moon\n|-immune|p2a: red moon\n|move|p2a: red moon|Trick Room|p2a: red moon\n|-fieldstart|move: Trick Room|[of] p2a: red moon\n|\n|-heal|p1a: Weezing|93\/100|[from] item: Leftovers\n|upkeep\n|turn|4\n|inactive|Flying Beagle has 240 seconds left.\n|\n|t:|1697401821\n|move|p1b: Amoonguss|Spore|p2b: BEWARE\n|-activate|p2b: BEWARE|item: Safety Goggles|Spore\n|move|p2a: red moon|Diamond Storm|p1a: Weezing|[spread] p1a\n|-miss|p2a: red moon|p1b: Amoonguss\n|-damage|p1a: Weezing|73\/100\n|move|p1a: Weezing|Sludge Bomb|p2b: BEWARE\n|-damage|p2b: BEWARE|85\/100\n|-status|p2b: BEWARE|psn\n|move|p2b: BEWARE|Nasty Plot|p2b: BEWARE\n|-boost|p2b: BEWARE|spa|2\n|\n|-heal|p1a: Weezing|79\/100|[from] item: Leftovers\n|-damage|p2b: BEWARE|73\/100 psn|[from] psn\n|upkeep\n|turn|5\n|inactive|GuitarheroVGC has 270 seconds left.\n|inactive|Flying Beagle has 240 seconds left.\n|\n|t:|1697401846\n|move|p1b: Amoonguss|Protect|p1b: Amoonguss\n|-singleturn|p1b: Amoonguss|Protect\n|move|p2a: red moon|Diamond Storm|p1a: Weezing|[spread] p1a\n|-activate|p1b: Amoonguss|move: Protect\n|-damage|p1a: Weezing|61\/100\n|move|p1a: Weezing|Haze|p1a: Weezing\n|-clearallboost\n|move|p2b: BEWARE|Fiery Wrath|p1a: Weezing|[spread] p1a\n|-activate|p1b: Amoonguss|move: Protect\n|-damage|p1a: Weezing|30\/100\n|\n|-heal|p1a: Weezing|36\/100|[from] item: Leftovers\n|-damage|p2b: BEWARE|60\/100 psn|[from] psn\n|upkeep\n|turn|6\n|\n|t:|1697401865\n|move|p1b: Amoonguss|Pollen Puff|p1a: Weezing\n|-heal|p1a: Weezing|85\/100\n|move|p2a: red moon|Diamond Storm|p1a: Weezing|[spread] p1a,p1b\n|-damage|p1a: Weezing|65\/100\n|-damage|p1b: Amoonguss|58\/100\n|move|p1a: Weezing|Will-O-Wisp|p2a: red moon\n|-status|p2a: red moon|brn\n|move|p2b: BEWARE|Air Slash|p1a: Weezing\n|-damage|p1a: Weezing|28\/100\n|\n|-heal|p1a: Weezing|34\/100|[from] item: Leftovers\n|-damage|p2b: BEWARE|48\/100 psn|[from] psn\n|-damage|p2a: red moon|68\/100 brn|[from] brn\n|upkeep\n|turn|7\n|\n|t:|1697401889\n|switch|p2a: charlie|Flutter Mane, shiny|100\/100\n|move|p1b: Amoonguss|Pollen Puff|p1a: Weezing\n|-heal|p1a: Weezing|83\/100\n|move|p1a: Weezing|Sludge Bomb|p2b: BEWARE\n|-damage|p2b: BEWARE|31\/100 psn\n|move|p2b: BEWARE|Air Slash|p1b: Amoonguss\n|-supereffective|p1b: Amoonguss\n|-damage|p1b: Amoonguss|16\/100\n|\n|-heal|p1a: Weezing|89\/100|[from] item: Leftovers\n|-damage|p2b: BEWARE|18\/100 psn|[from] psn\n|-fieldend|move: Trick Room\n|upkeep\n|turn|8\n|inactive|Flying Beagle has 270 seconds left.\n|inactive|GuitarheroVGC has 270 seconds left.\n|inactive|Flying Beagle has 240 seconds left.\n|inactive|GuitarheroVGC has 240 seconds left.\n|\n|t:|1697401955\n|-end|p1a: Weezing|ability: Neutralizing Gas\n|switch|p1a: Chi-Yu|Chi-Yu|100\/100\n|-ability|p1a: Chi-Yu|Beads of Ruin\n|move|p1b: Amoonguss|Protect|p1b: Amoonguss\n|-singleturn|p1b: Amoonguss|Protect\n|move|p2a: charlie|Shadow Ball|p1a: Chi-Yu\n|-resisted|p1a: Chi-Yu\n|-damage|p1a: Chi-Yu|68\/100\n|move|p2b: BEWARE|Fiery Wrath|p1b: Amoonguss|[spread] p1a\n|-activate|p1b: Amoonguss|move: Protect\n|-resisted|p1a: Chi-Yu\n|-damage|p1a: Chi-Yu|54\/100\n|\n|-damage|p2b: BEWARE|6\/100 psn|[from] psn\n|upkeep\n|turn|9\n|inactive|Flying Beagle has 240 seconds left.\n|inactive|GuitarheroVGC has 240 seconds left.\n|inactive|Flying Beagle has 210 seconds left.\n|\n|t:|1697402023\n|-end|p2a: charlie|Protosynthesis|[silent]\n|switch|p2a: red moon|Diancie, L99, shiny, tera:Grass|68\/100 brn\n|switch|p1b: Roaring Moon|Roaring Moon|100\/100\n|-enditem|p1b: Roaring Moon|Booster Energy\n|-activate|p1b: Roaring Moon|ability: Protosynthesis|[fromitem]\n|-start|p1b: Roaring Moon|protosynthesisspe\n|move|p1a: Chi-Yu|Heat Wave|p2b: BEWARE|[spread] p2a,p2b\n|-supereffective|p2a: red moon\n|-damage|p2a: red moon|0 fnt\n|-damage|p2b: BEWARE|0 fnt\n|faint|p2a: red moon\n|faint|p2b: BEWARE\n|\n|upkeep\n|\n|t:|1697402044\n|switch|p2b: charlie|Flutter Mane, shiny|100\/100\n|switch|p2a: silver uncle|Iron Hands, shiny|100\/100\n|turn|10\n|inactive|Flying Beagle has 210 seconds left.\n|inactive|GuitarheroVGC has 240 seconds left.\n|inactive|Flying Beagle has 180 seconds left.\n|\n|t:|1697402081\n|switch|p1a: Amoonguss|Amoonguss, F|49\/100\n|move|p1b: Roaring Moon|Protect|p1b: Roaring Moon\n|-singleturn|p1b: Roaring Moon|Protect\n|move|p2a: silver uncle|Fake Out|p1b: Roaring Moon\n|-activate|p1b: Roaring Moon|move: Protect\n|move|p2b: charlie|Dazzling Gleam|p1b: Roaring Moon|[spread] p1a\n|-activate|p1b: Roaring Moon|move: Protect\n|-resisted|p1a: Amoonguss\n|-damage|p1a: Amoonguss|31\/100\n|\n|upkeep\n|turn|11\n|inactive|Flying Beagle has 180 seconds left.\n|\n|t:|1697402131\n|-terastallize|p1b: Roaring Moon|Flying\n|move|p1a: Amoonguss|Rage Powder|p1a: Amoonguss\n|-singleturn|p1a: Amoonguss|move: Rage Powder\n|move|p1b: Roaring Moon|Acrobatics|p2b: charlie\n|-damage|p2b: charlie|24\/100\n|move|p2b: charlie|Dazzling Gleam|p1a: Amoonguss|[spread] p1a,p1b\n|-resisted|p1a: Amoonguss\n|-damage|p1a: Amoonguss|14\/100\n|-damage|p1b: Roaring Moon|64\/100\n|move|p2a: silver uncle|Drain Punch|p1a: Amoonguss\n|-resisted|p1a: Amoonguss\n|-damage|p1a: Amoonguss|0 fnt\n|-damage|p2a: silver uncle|84\/100|[from] item: Rocky Helmet|[of] p1a: Amoonguss\n|faint|p1a: Amoonguss\n|\n|upkeep\n|inactive|Flying Beagle has 150 seconds left.\n|\n|t:|1697402165\n|switch|p1a: Flutter Mane|Flutter Mane|13\/100\n|turn|12\n|inactive|Flying Beagle has 150 seconds left.\n|\n|t:|1697402171\n|-end|p2b: charlie|Protosynthesis|[silent]\n|switch|p2b: mc ride|Clefairy, M|82\/100\n|move|p1b: Roaring Moon|Knock Off|p2b: mc ride\n|-resisted|p2b: mc ride\n|-damage|p2b: mc ride|62\/100\n|-enditem|p2b: mc ride|Eviolite|[from] move: Knock Off|[of] p1b: Roaring Moon\n|move|p1a: Flutter Mane|Moonblast|p2a: silver uncle\n|-supereffective|p2a: silver uncle\n|-damage|p2a: silver uncle|8\/100\n|-enditem|p2a: silver uncle|Sitrus Berry|[eat]\n|-heal|p2a: silver uncle|33\/100|[from] item: Sitrus Berry\n|move|p2a: silver uncle|Thunder Punch|p1a: Flutter Mane\n|-damage|p1a: Flutter Mane|0 fnt\n|faint|p1a: Flutter Mane\n|-end|p1a: Flutter Mane|Protosynthesis|[silent]\n|\n|upkeep\n|inactive|Flying Beagle has 150 seconds left.\n|inactive|Flying Beagle has 120 seconds left.\n|\n|t:|1697402223\n|switch|p1a: Chi-Yu|Chi-Yu|54\/100\n|-ability|p1a: Chi-Yu|Beads of Ruin\n|turn|13\n|inactive|Flying Beagle has 120 seconds left.\n|\n|t:|1697402234\n|move|p1b: Roaring Moon|Acrobatics|p2a: silver uncle\n|-damage|p2a: silver uncle|6\/100\n|move|p1a: Chi-Yu|Heat Wave|p2a: silver uncle|[spread] p2a,p2b\n|-damage|p2a: silver uncle|0 fnt\n|-damage|p2b: mc ride|0 fnt\n|faint|p2a: silver uncle\n|-end|p2a: silver uncle|Quark Drive|[silent]\n|faint|p2b: mc ride\n|\n|upkeep\n|\n|t:|1697402240\n|switch|p2b: cute boy|Landorus-Therian, M, shiny|47\/100\n|switch|p2a: charlie|Flutter Mane, shiny|24\/100\n|-ability|p2b: cute boy|Intimidate|boost\n|-unboost|p1a: Chi-Yu|atk|1\n|-unboost|p1b: Roaring Moon|atk|1\n|turn|14\n|\n|t:|1697402253\n|move|p1b: Roaring Moon|Acrobatics|p2a: charlie\n|-damage|p2a: charlie|0 fnt\n|faint|p2a: charlie\n|-end|p2a: charlie|Protosynthesis|[silent]\n|move|p1a: Chi-Yu|Heat Wave|p2b: cute boy\n|-damage|p2b: cute boy|0 fnt\n|faint|p2b: cute boy\n|\n|win|Flying Beagle\n|c|\u2606Flying Beagle|gg\n|c|\u2606GuitarheroVGC|gg\n","uploadtime":1697402254,"views":46,"p1id":"flyingbeagle","p2id":"guitarherovgc","formatid":"gen9doublesou","rating":0,"private":0,"password":""}