{"id":"smogtours-gen9doublesou-730069","p1":"Spurrific","p2":"Xrn","format":"[Gen 9] Doubles OU","log":"|inactive|Battle timer is ON: inactive players will automatically lose when time's up.\n|t:|1699747327\n|gametype|doubles\n|player|p1|Spurrific|#scl2dynamos|\n|player|p2|Xrn|#scl3platoon|\n|teamsize|p1|6\n|teamsize|p2|6\n|gen|9\n|tier|[Gen 9] Doubles OU\n|rule|Species Clause: Limit one of each Pok\u00e9mon\n|rule|OHKO Clause: OHKO moves are banned\n|rule|Evasion Moves Clause: Evasion moves are banned\n|rule|Gravity Sleep Clause: The combination of sleep-inducing moves with imperfect accuracy and Gravity or Gigantamax Orbeetle are banned\n|rule|Endless Battle Clause: Forcing endless battles is banned\n|rule|HP Percentage Mod: HP is shown in percentages\n|clearpoke\n|poke|p1|Roaring Moon|\n|poke|p1|Tornadus, M|\n|poke|p1|Flutter Mane|\n|poke|p1|Heatran, M|\n|poke|p1|Rillaboom, M|\n|poke|p1|Walking Wake|\n|poke|p2|Toxapex, F|\n|poke|p2|Cresselia, F|\n|poke|p2|Wo-Chien|\n|poke|p2|Ting-Lu|\n|poke|p2|Flutter Mane|\n|poke|p2|Kommo-o, F|\n|teampreview\n|inactive|Xrn also wants the timer to be on.\n|c|\u2606Spurrific|glhf\n|c|\u2606Xrn|hfgl\n|c|+Luthier|go justin \n|inactive|Spurrific has 270 seconds left.\n|inactive|Xrn has 270 seconds left.\n|c|+Luthier|xrn smells like rotten eggs \n|c|\u2606Xrn|go justin\n|c|\u2606Xrn|my teams already out\n|c|+Luthier|oh \n|c|+Luthier|then go xrn \n|c|+Luthier|we love the underdog \n|\n|t:|1699747386\n|start\n|switch|p1a: Tornadus|Tornadus, M|100\/100\n|switch|p1b: Roaring Moon|Roaring Moon|100\/100\n|switch|p2a: Toxapex|Toxapex, F|100\/100\n|switch|p2b: Ting-Lu|Ting-Lu|100\/100\n|-ability|p2b: Ting-Lu|Vessel of Ruin\n|turn|1\n|\n|t:|1699747407\n|move|p1a: Tornadus|Sunny Day|p1a: Tornadus\n|-weather|SunnyDay\n|-activate|p1b: Roaring Moon|ability: Protosynthesis\n|-start|p1b: Roaring Moon|protosynthesisatk\n|move|p1b: Roaring Moon|Knock Off|p2a: Toxapex\n|-damage|p2a: Toxapex|8\/100\n|-damage|p1b: Roaring Moon|84\/100|[from] item: Rocky Helmet|[of] p2a: Toxapex\n|-enditem|p2a: Toxapex|Rocky Helmet|[from] move: Knock Off|[of] p1b: Roaring Moon\n|move|p2b: Ting-Lu|Stealth Rock|p1a: Tornadus\n|-sidestart|p1: Spurrific|move: Stealth Rock\n|move|p2a: Toxapex|Gunk Shot|p1a: Tornadus\n|-damage|p1a: Tornadus|75\/100\n|\n|-weather|SunnyDay|[upkeep]\n|upkeep\n|turn|2\n|\n|t:|1699747426\n|switch|p2a: Wo-Chien|Wo-Chien|100\/100\n|-ability|p2a: Wo-Chien|Tablets of Ruin\n|move|p1b: Roaring Moon|Knock Off|p2b: Ting-Lu\n|-resisted|p2b: Ting-Lu\n|-damage|p2b: Ting-Lu|80\/100\n|-enditem|p2b: Ting-Lu|Leftovers|[from] move: Knock Off|[of] p1b: Roaring Moon\n|move|p1a: Tornadus|Bleakwind Storm|p2a: Wo-Chien|[spread] \n|-miss|p1a: Tornadus|p2a: Wo-Chien\n|-miss|p1a: Tornadus|p2b: Ting-Lu\n|move|p2b: Ting-Lu|Stomping Tantrum|p1b: Roaring Moon\n|-damage|p1b: Roaring Moon|58\/100\n|\n|-weather|SunnyDay|[upkeep]\n|upkeep\n|turn|3\n|\n|t:|1699747442\n|move|p2a: Wo-Chien|Protect|p2a: Wo-Chien\n|-singleturn|p2a: Wo-Chien|Protect\n|move|p1b: Roaring Moon|Knock Off|p2a: Wo-Chien\n|-activate|p2a: Wo-Chien|move: Protect\n|move|p1a: Tornadus|Bleakwind Storm|p2a: Wo-Chien|[spread] \n|-activate|p2a: Wo-Chien|move: Protect\n|-miss|p1a: Tornadus|p2b: Ting-Lu\n|move|p2b: Ting-Lu|Spikes|p1b: Roaring Moon\n|-sidestart|p1: Spurrific|Spikes\n|\n|-weather|SunnyDay|[upkeep]\n|upkeep\n|turn|4\n|c|+Luthier|is the acc less in sun \n|c|\u2606Xrn|no\n|inactive|Xrn has 270 seconds left.\n|\n|t:|1699747479\n|switch|p2a: Toxapex|Toxapex, F|42\/100\n|move|p1b: Roaring Moon|Knock Off|p2a: Toxapex\n|-damage|p2a: Toxapex|0 fnt\n|faint|p2a: Toxapex\n|move|p1a: Tornadus|Bleakwind Storm|p2b: Ting-Lu\n|-damage|p2b: Ting-Lu|61\/100\n|move|p2b: Ting-Lu|Stomping Tantrum|p1b: Roaring Moon\n|-damage|p1b: Roaring Moon|28\/100\n|\n|-weather|SunnyDay|[upkeep]\n|upkeep\n|\n|t:|1699747490\n|switch|p2a: Flutter Mane|Flutter Mane|100\/100\n|-activate|p2a: Flutter Mane|ability: Protosynthesis\n|-start|p2a: Flutter Mane|protosynthesisspe\n|turn|5\n|\n|t:|1699747502\n|move|p2a: Flutter Mane|Protect|p2a: Flutter Mane\n|-singleturn|p2a: Flutter Mane|Protect\n|move|p1a: Tornadus|Tailwind|p1a: Tornadus\n|-sidestart|p1: Spurrific|move: Tailwind\n|move|p1b: Roaring Moon|Knock Off|p2a: Flutter Mane\n|-activate|p2a: Flutter Mane|move: Protect\n|move|p2b: Ting-Lu|Stomping Tantrum|p1b: Roaring Moon\n|-damage|p1b: Roaring Moon|0 fnt\n|faint|p1b: Roaring Moon\n|-end|p1b: Roaring Moon|Protosynthesis|[silent]\n|\n|-weather|SunnyDay|[upkeep]\n|upkeep\n|\n|t:|1699747524\n|switch|p1b: Walking Wake|Walking Wake|100\/100\n|-damage|p1b: Walking Wake|88\/100|[from] Stealth Rock\n|-damage|p1b: Walking Wake|76\/100|[from] Spikes\n|-activate|p1b: Walking Wake|ability: Protosynthesis\n|-start|p1b: Walking Wake|protosynthesisspa\n|turn|6\n|\n|t:|1699747540\n|move|p1a: Tornadus|Protect|p1a: Tornadus\n|-singleturn|p1a: Tornadus|Protect\n|move|p1b: Walking Wake|Hydro Steam|p2b: Ting-Lu\n|-supereffective|p2b: Ting-Lu\n|-damage|p2b: Ting-Lu|0 fnt\n|faint|p2b: Ting-Lu\n|-damage|p1b: Walking Wake|66\/100|[from] item: Life Orb\n|move|p2a: Flutter Mane|Draining Kiss|p1b: Walking Wake\n|-supereffective|p1b: Walking Wake\n|-damage|p1b: Walking Wake|8\/100\n|\n|-weather|SunnyDay|[upkeep]\n|upkeep\n|\n|t:|1699747556\n|switch|p2b: Cresselia|Cresselia, F|100\/100\n|turn|7\n|inactive|Xrn has 270 seconds left.\n|\n|t:|1699747587\n|-terastallize|p1b: Walking Wake|Water\n|move|p2a: Flutter Mane|Protect|p2a: Flutter Mane\n|-singleturn|p2a: Flutter Mane|Protect\n|move|p1b: Walking Wake|Hydro Steam|p2b: Cresselia\n|-damage|p2b: Cresselia|17\/100\n|-damage|p1b: Walking Wake|0 fnt|[from] item: Life Orb\n|faint|p1b: Walking Wake\n|-end|p1b: Walking Wake|Protosynthesis|[silent]\n|move|p1a: Tornadus|Bleakwind Storm|p2b: Cresselia|[spread] p2b\n|-activate|p2a: Flutter Mane|move: Protect\n|-damage|p2b: Cresselia|0 fnt\n|faint|p2b: Cresselia\n|\n|-weather|SunnyDay|[upkeep]\n|upkeep\n|\n|t:|1699747604\n|switch|p1b: Flutter Mane|Flutter Mane|100\/100\n|switch|p2b: Kommo-o|Kommo-o, F|100\/100\n|-damage|p1b: Flutter Mane|88\/100|[from] Stealth Rock\n|-damage|p1b: Flutter Mane|76\/100|[from] Spikes\n|-activate|p1b: Flutter Mane|ability: Protosynthesis\n|-start|p1b: Flutter Mane|protosynthesisspa\n|turn|8\n|\n|t:|1699747625\n|-terastallize|p2b: Kommo-o|Fire\n|move|p1b: Flutter Mane|Moonblast|p2a: Flutter Mane\n|-damage|p2a: Flutter Mane|12\/100\n|move|p2a: Flutter Mane|Shadow Ball|p1b: Flutter Mane\n|-supereffective|p1b: Flutter Mane\n|-crit|p1b: Flutter Mane\n|-damage|p1b: Flutter Mane|0 fnt\n|faint|p1b: Flutter Mane\n|-end|p1b: Flutter Mane|Protosynthesis|[silent]\n|move|p1a: Tornadus|Bleakwind Storm|p2a: Flutter Mane|[spread] p2b\n|-miss|p1a: Tornadus|p2a: Flutter Mane\n|-damage|p2b: Kommo-o|74\/100\n|move|p2b: Kommo-o|Flamethrower|p1a: Tornadus\n|-damage|p1a: Tornadus|21\/100\n|\n|-weather|none\n|-end|p2a: Flutter Mane|Protosynthesis\n|-heal|p2b: Kommo-o|80\/100|[from] item: Leftovers\n|-sideend|p1: Spurrific|move: Tailwind\n|upkeep\n|-enditem|p2a: Flutter Mane|Booster Energy\n|-activate|p2a: Flutter Mane|ability: Protosynthesis|[fromitem]\n|-start|p2a: Flutter Mane|protosynthesisspe\n|inactive|Spurrific has 270 seconds left.\n|\n|t:|1699747649\n|switch|p1b: Rillaboom|Rillaboom, M|100\/100\n|-damage|p1b: Rillaboom|88\/100|[from] Stealth Rock\n|-damage|p1b: Rillaboom|76\/100|[from] Spikes\n|-fieldstart|move: Grassy Terrain|[from] ability: Grassy Surge|[of] p1b: Rillaboom\n|turn|9\n|\n|t:|1699747661\n|move|p1b: Rillaboom|Grassy Glide|p2a: Flutter Mane\n|-damage|p2a: Flutter Mane|0 fnt\n|faint|p2a: Flutter Mane\n|-end|p2a: Flutter Mane|Protosynthesis|[silent]\n|move|p1a: Tornadus|Bleakwind Storm|p2b: Kommo-o\n|-damage|p2b: Kommo-o|45\/100\n|-unboost|p2b: Kommo-o|spe|1\n|move|p2b: Kommo-o|Iron Defense|p2b: Kommo-o\n|-boost|p2b: Kommo-o|def|2\n|\n|-heal|p1b: Rillaboom|82\/100|[from] Grassy Terrain\n|-heal|p2b: Kommo-o|51\/100|[from] Grassy Terrain\n|-heal|p2b: Kommo-o|57\/100|[from] item: Leftovers\n|upkeep\n|\n|t:|1699747665\n|switch|p2a: Wo-Chien|Wo-Chien|100\/100\n|-ability|p2a: Wo-Chien|Tablets of Ruin\n|turn|10\n|\n|t:|1699747680\n|move|p2b: Kommo-o|Protect|p2b: Kommo-o\n|-singleturn|p2b: Kommo-o|Protect\n|move|p1a: Tornadus|Bleakwind Storm|p2a: Wo-Chien|[spread] p2a\n|-activate|p2b: Kommo-o|move: Protect\n|-supereffective|p2a: Wo-Chien\n|-damage|p2a: Wo-Chien|67\/100\n|move|p1b: Rillaboom|Wood Hammer|p2a: Wo-Chien\n|-resisted|p2a: Wo-Chien\n|-damage|p2a: Wo-Chien|32\/100\n|-damage|p1b: Rillaboom|72\/100|[from] Recoil\n|move|p2a: Wo-Chien|Foul Play|p1a: Tornadus\n|-damage|p1a: Tornadus|0 fnt\n|faint|p1a: Tornadus\n|\n|-heal|p1b: Rillaboom|78\/100|[from] Grassy Terrain\n|-heal|p2a: Wo-Chien|39\/100|[from] Grassy Terrain\n|-heal|p2a: Wo-Chien|45\/100|[from] item: Leftovers\n|-heal|p2b: Kommo-o|64\/100|[from] Grassy Terrain\n|-heal|p2b: Kommo-o|70\/100|[from] item: Leftovers\n|upkeep\n|\n|t:|1699747686\n|switch|p1a: Heatran|Heatran, M|100\/100\n|-damage|p1a: Heatran|88\/100|[from] Stealth Rock\n|-damage|p1a: Heatran|76\/100|[from] Spikes\n|turn|11\n|\n|t:|1699747695\n|move|p1a: Heatran|Earth Power|p2b: Kommo-o\n|-supereffective|p2b: Kommo-o\n|-damage|p2b: Kommo-o|12\/100\n|move|p1b: Rillaboom|Wood Hammer|p2b: Kommo-o\n|-resisted|p2b: Kommo-o\n|-damage|p2b: Kommo-o|0 fnt\n|faint|p2b: Kommo-o\n|-damage|p1b: Rillaboom|74\/100|[from] Recoil\n|move|p2a: Wo-Chien|Foul Play|p1b: Rillaboom\n|-damage|p1b: Rillaboom|24\/100\n|\n|-heal|p1a: Heatran|82\/100|[from] Grassy Terrain\n|-heal|p1b: Rillaboom|30\/100|[from] Grassy Terrain\n|-heal|p2a: Wo-Chien|51\/100|[from] Grassy Terrain\n|-heal|p2a: Wo-Chien|57\/100|[from] item: Leftovers\n|upkeep\n|turn|12\n|\n|t:|1699747702\n|move|p1a: Heatran|Heat Wave|p2a: Wo-Chien\n|-supereffective|p2a: Wo-Chien\n|-damage|p2a: Wo-Chien|0 fnt\n|faint|p2a: Wo-Chien\n|\n|win|Spurrific\n|c|\u2606Spurrific|gg\n|c|\u2606Xrn|Gg\n","uploadtime":1699747704,"views":172,"p1id":"spurrific","p2id":"xrn","formatid":"gen9doublesou","rating":0,"private":0,"password":""}