{"id":"smogtours-gen9doublesou-731567","p1":"sempra","p2":"the JRL","format":"[Gen 9] Doubles OU","log":"|inactive|Battle timer is ON: inactive players will automatically lose when time's up.\n|t:|1700417079\n|gametype|doubles\n|player|p1|sempra|#scl3machines|\n|player|p2|the JRL|#scl3islanders2|\n|teamsize|p1|6\n|teamsize|p2|6\n|gen|9\n|tier|[Gen 9] Doubles OU\n|rule|Species Clause: Limit one of each Pok\u00e9mon\n|rule|OHKO Clause: OHKO moves are banned\n|rule|Evasion Moves Clause: Evasion moves are banned\n|rule|Gravity Sleep Clause: The combination of sleep-inducing moves with imperfect accuracy and Gravity or Gigantamax Orbeetle are banned\n|rule|Endless Battle Clause: Forcing endless battles is banned\n|rule|HP Percentage Mod: HP is shown in percentages\n|clearpoke\n|poke|p1|Iron Hands|\n|poke|p1|Chien-Pao|\n|poke|p1|Flutter Mane|\n|poke|p1|Chi-Yu|\n|poke|p1|Ogerpon-Wellspring, F|\n|poke|p1|Landorus-Therian, M|\n|poke|p2|Grimmsnarl, M|\n|poke|p2|Chi-Yu|\n|poke|p2|Spectrier|\n|poke|p2|Rillaboom, M|\n|poke|p2|Ogerpon-Wellspring, F|\n|poke|p2|Landorus-Therian, M|\n|teampreview\n|inactive|sempra has 270 seconds left.\n|inactive|the JRL has 270 seconds left.\n|c|\u2606sempra|glhf\n|c|\u2606the JRL|u2\n|inactive|the JRL has 240 seconds left.\n|inactive|the JRL has 210 seconds left.\n|inactive|the JRL has 180 seconds left.\n|\n|t:|1700417199\n|start\n|switch|p1a: Iron Hands|Iron Hands, shiny|100\/100\n|switch|p1b: Chi-Yu|Chi-Yu|100\/100\n|switch|p2a: Spectrier|Spectrier|100\/100\n|switch|p2b: Landorus|Landorus-Therian, M|100\/100\n|-ability|p2b: Landorus|Intimidate|boost\n|-unboost|p1a: Iron Hands|atk|1\n|-unboost|p1b: Chi-Yu|atk|1\n|-ability|p1b: Chi-Yu|Beads of Ruin\n|turn|1\n|inactive|the JRL has 240 seconds left.\n|inactive|sempra has 270 seconds left.\n|inactive|the JRL has 210 seconds left.\n|\n|t:|1700417257\n|switch|p2b: Grimmsnarl|Grimmsnarl, M|100\/100\n|-end|p1a: Iron Hands|Quark Drive|[silent]\n|switch|p1a: Landorus|Landorus-Therian, M, shiny|100\/100\n|-ability|p1a: Landorus|Intimidate|boost\n|-unboost|p2a: Spectrier|atk|1\n|-unboost|p2b: Grimmsnarl|atk|1\n|move|p2a: Spectrier|Protect|p2a: Spectrier\n|-singleturn|p2a: Spectrier|Protect\n|move|p1b: Chi-Yu|Heat Wave|p2b: Grimmsnarl|[spread] p2b\n|-activate|p2a: Spectrier|move: Protect\n|-damage|p2b: Grimmsnarl|40\/100\n|\n|upkeep\n|turn|2\n|inactive|sempra has 270 seconds left.\n|inactive|the JRL has 210 seconds left.\n|inactive|the JRL has 180 seconds left.\n|\n|t:|1700417338\n|move|p2b: Grimmsnarl|Fake Out|p1b: Chi-Yu\n|-damage|p1b: Chi-Yu|90\/100\n|move|p2a: Spectrier|Nasty Plot|p2a: Spectrier\n|-boost|p2a: Spectrier|spa|2\n|cant|p1b: Chi-Yu|flinch\n|move|p1a: Landorus|Stealth Rock|p2a: Spectrier\n|-sidestart|p2: the JRL|move: Stealth Rock\n|\n|upkeep\n|turn|3\n|inactive|the JRL has 150 seconds left.\n|\n|t:|1700417381\n|move|p2b: Grimmsnarl|Light Screen|p2b: Grimmsnarl\n|-sidestart|p2: the JRL|move: Light Screen\n|move|p2a: Spectrier|Shadow Ball|p1a: Landorus\n|-damage|p1a: Landorus|0 fnt\n|faint|p1a: Landorus\n|-ability|p2a: Spectrier|Grim Neigh|boost\n|-boost|p2a: Spectrier|spa|1\n|move|p1b: Chi-Yu|Heat Wave|p2b: Grimmsnarl|[spread] p2a,p2b\n|-damage|p2a: Spectrier|50\/100\n|-damage|p2b: Grimmsnarl|0 fnt\n|faint|p2b: Grimmsnarl\n|\n|upkeep\n|inactive|the JRL has 150 seconds left.\n|\n|t:|1700417419\n|switch|p1a: Flutter Mane|Flutter Mane, shiny|100\/100\n|switch|p2b: Ogerpon|Ogerpon-Wellspring, F|100\/100\n|-damage|p2b: Ogerpon|88\/100|[from] Stealth Rock\n|-enditem|p1a: Flutter Mane|Booster Energy\n|-activate|p1a: Flutter Mane|ability: Protosynthesis|[fromitem]\n|-start|p1a: Flutter Mane|protosynthesisspe\n|turn|4\n|inactive|the JRL has 150 seconds left.\n|inactive|the JRL has 120 seconds left.\n|inactive|sempra has 270 seconds left.\n|inactive|the JRL has 90 seconds left.\n|\n|t:|1700417488\n|-terastallize|p2a: Spectrier|Fairy\n|-terastallize|p1b: Chi-Yu|Ghost\n|move|p2b: Ogerpon|Follow Me|p2b: Ogerpon\n|-singleturn|p2b: Ogerpon|move: Follow Me\n|move|p1a: Flutter Mane|Icy Wind|p2a: Spectrier|[spread] p2a,p2b\n|-damage|p2a: Spectrier|37\/100\n|-damage|p2b: Ogerpon|77\/100\n|-unboost|p2a: Spectrier|spe|1\n|-unboost|p2b: Ogerpon|spe|1\n|move|p1b: Chi-Yu|Heat Wave|p2a: Spectrier|[spread] p2a,p2b\n|-crit|p2b: Ogerpon\n|-damage|p2a: Spectrier|0 fnt\n|-damage|p2b: Ogerpon|0 fnt\n|faint|p2a: Spectrier\n|faint|p2b: Ogerpon\n|\n|upkeep\n|inactive|the JRL has 90 seconds left.\n|\n|t:|1700417519\n|switch|p2a: Rillaboom|Rillaboom, M|100\/100\n|switch|p2b: Chi-Yu|Chi-Yu|100\/100\n|-damage|p2b: Chi-Yu|76\/100|[from] Stealth Rock\n|-ability|p2b: Chi-Yu|Beads of Ruin\n|-damage|p2a: Rillaboom|88\/100|[from] Stealth Rock\n|-fieldstart|move: Grassy Terrain|[from] ability: Grassy Surge|[of] p2a: Rillaboom\n|-enditem|p2b: Chi-Yu|Grassy Seed\n|-boost|p2b: Chi-Yu|def|1|[from] item: Grassy Seed\n|turn|5\n|\n|t:|1700417547\n|move|p2a: Rillaboom|Grassy Glide|p1a: Flutter Mane\n|-damage|p1a: Flutter Mane|42\/100\n|move|p1a: Flutter Mane|Moonblast|p2b: Chi-Yu\n|-damage|p2b: Chi-Yu|50\/100\n|-unboost|p2b: Chi-Yu|spa|1\n|move|p1b: Chi-Yu|Heat Wave|p2b: Chi-Yu|[spread] p2a,p2b\n|-supereffective|p2a: Rillaboom\n|-resisted|p2b: Chi-Yu\n|-damage|p2a: Rillaboom|23\/100\n|-damage|p2b: Chi-Yu|35\/100\n|move|p2b: Chi-Yu|Nasty Plot|p2b: Chi-Yu\n|-boost|p2b: Chi-Yu|spa|2\n|\n|-heal|p1a: Flutter Mane|48\/100|[from] Grassy Terrain\n|-heal|p1b: Chi-Yu|96\/100|[from] Grassy Terrain\n|-heal|p2b: Chi-Yu|41\/100|[from] Grassy Terrain\n|-heal|p2a: Rillaboom|29\/100|[from] Grassy Terrain\n|upkeep\n|turn|6\n|inactive|the JRL has 60 seconds left.\n|\n|t:|1700417597\n|move|p2a: Rillaboom|Grassy Glide|p1a: Flutter Mane\n|-damage|p1a: Flutter Mane|0 fnt\n|faint|p1a: Flutter Mane\n|-end|p1a: Flutter Mane|Protosynthesis|[silent]\n|move|p1b: Chi-Yu|Heat Wave|p2b: Chi-Yu|[spread] p2a,p2b\n|-supereffective|p2a: Rillaboom\n|-resisted|p2b: Chi-Yu\n|-damage|p2a: Rillaboom|0 fnt\n|-damage|p2b: Chi-Yu|26\/100\n|faint|p2a: Rillaboom\n|move|p2b: Chi-Yu|Nasty Plot|p2b: Chi-Yu\n|-boost|p2b: Chi-Yu|spa|2\n|\n|-heal|p1b: Chi-Yu|100\/100|[from] Grassy Terrain\n|-heal|p2b: Chi-Yu|32\/100|[from] Grassy Terrain\n|upkeep\n|inactive|the JRL has 60 seconds left.\n|-message|the JRL forfeited.\n|\n|win|sempra\n|c|\u2606the JRL|gg\n|c|\u2606sempra|gg\n","uploadtime":1700417609,"views":68,"p1id":"sempra","p2id":"thejrl","formatid":"gen9doublesou","rating":0,"private":0,"password":""}