{"id":"smogtours-gen9doublesou-727382","p1":"Jello1231","p2":"Flying Beagle","format":"[Gen 9] Doubles OU","log":"|inactive|Battle timer is ON: inactive players will automatically lose when time's up.\n|t:|1698597304\n|gametype|doubles\n|player|p1|Jello1231|arezu|\n|player|p2|Flying Beagle|mina-lgpe|\n|teamsize|p1|6\n|teamsize|p2|6\n|gen|9\n|tier|[Gen 9] Doubles OU\n|rule|Species Clause: Limit one of each Pok\u00e9mon\n|rule|OHKO Clause: OHKO moves are banned\n|rule|Evasion Moves Clause: Evasion moves are banned\n|rule|Gravity Sleep Clause: The combination of sleep-inducing moves with imperfect accuracy and Gravity or Gigantamax Orbeetle are banned\n|rule|Endless Battle Clause: Forcing endless battles is banned\n|rule|HP Percentage Mod: HP is shown in percentages\n|clearpoke\n|poke|p1|Ting-Lu|\n|poke|p1|Heatran, F|\n|poke|p1|Diancie|\n|poke|p1|Rillaboom, F|\n|poke|p1|Iron Hands|\n|poke|p1|Palafin, F|\n|poke|p2|Diancie|\n|poke|p2|Farigiraf, F|\n|poke|p2|Ogerpon-Hearthflame, F|\n|poke|p2|Landorus-Therian, M|\n|poke|p2|Rillaboom, F|\n|poke|p2|Chien-Pao|\n|teampreview\n|c|\u2606Flying Beagle|gl hf\n|c|\u2606Jello1231|U2\n|inactive|Jello1231 has 270 seconds left.\n|inactive|Flying Beagle has 270 seconds left.\n|\n|t:|1698597341\n|start\n|switch|p1a: Palafin|Palafin, F|100\/100\n|switch|p1b: Rillaboom|Rillaboom, F|100\/100\n|switch|p2a: Ogerpon|Ogerpon-Hearthflame, F|100\/100\n|switch|p2b: Rillaboom|Rillaboom, F|100\/100\n|-ability|p2a: Ogerpon|Mold Breaker\n|-fieldstart|move: Grassy Terrain|[from] ability: Grassy Surge|[of] p2b: Rillaboom\n|turn|1\n|\n|t:|1698597365\n|detailschange|p1a: Palafin|Palafin-Hero, F\n|switch|p1a: Heatran|Heatran, F|100\/100\n|move|p1b: Rillaboom|Fake Out|p2a: Ogerpon\n|-damage|p2a: Ogerpon|83\/100\n|cant|p2a: Ogerpon|flinch\n|move|p2b: Rillaboom|U-turn|p1a: Heatran\n|-resisted|p1a: Heatran\n|-damage|p1a: Heatran|95\/100\n|inactive|Flying Beagle has 270 seconds left.\n|\n|t:|1698597384\n|switch|p2b: Landorus|Landorus-Therian, M|100\/100|[from] U-turn\n|-ability|p2b: Landorus|Intimidate|boost\n|-unboost|p1a: Heatran|atk|1\n|-unboost|p1b: Rillaboom|atk|1\n|\n|-heal|p2a: Ogerpon|89\/100|[from] Grassy Terrain\n|-heal|p1a: Heatran|100\/100|[from] Grassy Terrain\n|upkeep\n|turn|2\n|inactive|Flying Beagle has 270 seconds left.\n|\n|t:|1698597417\n|switch|p1b: Iron Hands|Iron Hands|100\/100\n|move|p1a: Heatran|Protect|p1a: Heatran\n|-singleturn|p1a: Heatran|Protect\n|move|p2a: Ogerpon|Ivy Cudgel|p1a: Heatran\n|-activate|p1a: Heatran|move: Protect\n|move|p2b: Landorus|Stomping Tantrum|p1a: Heatran\n|-activate|p1a: Heatran|move: Protect\n|\n|-heal|p2a: Ogerpon|95\/100|[from] Grassy Terrain\n|upkeep\n|turn|3\n|inactive|Flying Beagle has 270 seconds left.\n|inactive|Jello1231 has 270 seconds left.\n|\n|t:|1698597467\n|switch|p1a: Diancie|Diancie|100\/100\n|move|p2a: Ogerpon|Swords Dance|p2a: Ogerpon\n|-boost|p2a: Ogerpon|atk|2\n|move|p2b: Landorus|Stealth Rock|p1b: Iron Hands\n|-sidestart|p1: Jello1231|move: Stealth Rock\n|move|p1b: Iron Hands|Ice Punch|p2b: Landorus\n|-supereffective|p2b: Landorus\n|-damage|p2b: Landorus|0 fnt\n|faint|p2b: Landorus\n|\n|-heal|p2a: Ogerpon|100\/100|[from] Grassy Terrain\n|upkeep\n|inactive|Flying Beagle has 240 seconds left.\n|\n|t:|1698597509\n|switch|p2b: Rillaboom|Rillaboom, F|100\/100\n|turn|4\n|inactive|Jello1231 has 270 seconds left.\n|\n|t:|1698597520\n|move|p2b: Rillaboom|Fake Out|p1a: Diancie\n|-resisted|p1a: Diancie\n|-damage|p1a: Diancie|94\/100\n|move|p2a: Ogerpon|Ivy Cudgel|p1b: Iron Hands\n|-damage|p1b: Iron Hands|1\/100\n|move|p1b: Iron Hands|Drain Punch|p2a: Ogerpon\n|-damage|p2a: Ogerpon|50\/100\n|-heal|p1b: Iron Hands|20\/100|[from] drain|[of] p2a: Ogerpon\n|cant|p1a: Diancie|flinch\n|\n|-heal|p2a: Ogerpon|56\/100|[from] Grassy Terrain\n|-heal|p1b: Iron Hands|26\/100|[from] Grassy Terrain\n|-heal|p1a: Diancie|99\/100|[from] Grassy Terrain\n|upkeep\n|turn|5\n|inactive|Flying Beagle has 240 seconds left.\n|inactive|Jello1231 has 270 seconds left.\n|inactive|Flying Beagle has 210 seconds left.\n|\n|t:|1698597588\n|move|p2a: Ogerpon|Spiky Shield|p2a: Ogerpon\n|-singleturn|p2a: Ogerpon|move: Protect\n|move|p2b: Rillaboom|U-turn|p1a: Diancie\n|-resisted|p1a: Diancie\n|-damage|p1a: Diancie|90\/100\n|\n|t:|1698597591\n|switch|p2b: Diancie|Diancie|100\/100|[from] U-turn\n|move|p1b: Iron Hands|Drain Punch|p2a: Ogerpon\n|-activate|p2a: Ogerpon|move: Protect\n|-damage|p1b: Iron Hands|14\/100|[from] Spiky Shield|[of] p2a: Ogerpon\n|move|p1a: Diancie|Diamond Storm|p2a: Ogerpon|[spread] p2b\n|-activate|p2a: Ogerpon|move: Protect\n|-damage|p2b: Diancie|73\/100\n|-boost|p1a: Diancie|def|2\n|\n|-heal|p2a: Ogerpon|62\/100|[from] Grassy Terrain\n|-heal|p1b: Iron Hands|20\/100|[from] Grassy Terrain\n|-heal|p1a: Diancie|97\/100|[from] Grassy Terrain\n|-heal|p2b: Diancie|79\/100|[from] Grassy Terrain\n|-heal|p2b: Diancie|85\/100|[from] item: Leftovers\n|-fieldend|move: Grassy Terrain\n|upkeep\n|turn|6\n|inactive|Flying Beagle has 210 seconds left.\n|inactive|Flying Beagle has 180 seconds left.\n|\n|t:|1698597655\n|switch|p2a: Rillaboom|Rillaboom, F|100\/100\n|-fieldstart|move: Grassy Terrain|[from] ability: Grassy Surge|[of] p2a: Rillaboom\n|move|p1b: Iron Hands|Drain Punch|p2a: Rillaboom\n|-damage|p2a: Rillaboom|59\/100\n|-heal|p1b: Iron Hands|38\/100|[from] drain|[of] p2a: Rillaboom\n|move|p2b: Diancie|Diamond Storm|p1a: Diancie|[spread] p1a,p1b\n|-resisted|p1b: Iron Hands\n|-damage|p1a: Diancie|82\/100\n|-damage|p1b: Iron Hands|26\/100\n|-boost|p2b: Diancie|def|2\n|move|p1a: Diancie|Diamond Storm|p2a: Rillaboom|[spread] p2a,p2b\n|-damage|p2a: Rillaboom|29\/100\n|-damage|p2b: Diancie|73\/100\n|\n|-heal|p2a: Rillaboom|36\/100|[from] Grassy Terrain\n|-heal|p1b: Iron Hands|32\/100|[from] Grassy Terrain\n|-heal|p2b: Diancie|79\/100|[from] Grassy Terrain\n|-heal|p1a: Diancie|89\/100|[from] Grassy Terrain\n|-heal|p2b: Diancie|85\/100|[from] item: Leftovers\n|upkeep\n|turn|7\n|inactive|Flying Beagle has 180 seconds left.\n|\n|t:|1698597685\n|move|p1a: Diancie|Protect|p1a: Diancie\n|-singleturn|p1a: Diancie|Protect\n|move|p2a: Rillaboom|Wood Hammer|p1a: Diancie\n|-activate|p1a: Diancie|move: Protect\n|move|p1b: Iron Hands|Ice Punch|p2a: Rillaboom\n|-supereffective|p2a: Rillaboom\n|-damage|p2a: Rillaboom|0 fnt\n|faint|p2a: Rillaboom\n|move|p2b: Diancie|Diamond Storm|p1a: Diancie|[spread] p1b\n|-activate|p1a: Diancie|move: Protect\n|-resisted|p1b: Iron Hands\n|-damage|p1b: Iron Hands|21\/100\n|-boost|p2b: Diancie|def|2\n|\n|-heal|p1b: Iron Hands|27\/100|[from] Grassy Terrain\n|-heal|p1a: Diancie|95\/100|[from] Grassy Terrain\n|-heal|p2b: Diancie|92\/100|[from] Grassy Terrain\n|-heal|p2b: Diancie|98\/100|[from] item: Leftovers\n|upkeep\n|inactive|Flying Beagle has 150 seconds left.\n|\n|t:|1698597730\n|switch|p2a: Cheems|Chien-Pao|100\/100\n|-ability|p2a: Cheems|Sword of Ruin\n|turn|8\n|\n|t:|1698597752\n|move|p2a: Cheems|Protect|p2a: Cheems\n|-singleturn|p2a: Cheems|Protect\n|move|p1b: Iron Hands|Wild Charge|p2a: Cheems\n|-activate|p2a: Cheems|move: Protect\n|move|p2b: Diancie|Body Press|p1a: Diancie\n|-damage|p1a: Diancie|57\/100\n|move|p1a: Diancie|Diamond Storm|p2a: Cheems|[spread] \n|-activate|p2a: Cheems|move: Protect\n|-miss|p1a: Diancie|p2b: Diancie\n|\n|-heal|p1b: Iron Hands|34\/100|[from] Grassy Terrain\n|-heal|p2b: Diancie|100\/100|[from] Grassy Terrain\n|-heal|p1a: Diancie|63\/100|[from] Grassy Terrain\n|upkeep\n|turn|9\n|inactive|Flying Beagle has 150 seconds left.\n|c|+Raf|i love diancie gaming\n|\n|t:|1698597796\n|move|p2a: Cheems|Icicle Crash|p1a: Diancie\n|-damage|p1a: Diancie|40\/100\n|-enditem|p1a: Diancie|Sitrus Berry|[eat]\n|-heal|p1a: Diancie|65\/100|[from] item: Sitrus Berry\n|move|p1b: Iron Hands|Wild Charge|p2a: Cheems\n|-damage|p2a: Cheems|32\/100\n|-damage|p1b: Iron Hands|22\/100|[from] Recoil\n|move|p1a: Diancie|Diamond Storm|p2b: Diancie|[spread] p2a,p2b\n|-supereffective|p2a: Cheems\n|-crit|p2a: Cheems\n|-damage|p2a: Cheems|0 fnt\n|-damage|p2b: Diancie|89\/100\n|-boost|p1a: Diancie|def|2\n|faint|p2a: Cheems\n|move|p2b: Diancie|Body Press|p1a: Diancie\n|-damage|p1a: Diancie|46\/100\n|\n|-heal|p1b: Iron Hands|29\/100|[from] Grassy Terrain\n|-heal|p1a: Diancie|52\/100|[from] Grassy Terrain\n|-heal|p2b: Diancie|95\/100|[from] Grassy Terrain\n|-heal|p2b: Diancie|100\/100|[from] item: Leftovers\n|upkeep\n|\n|t:|1698597807\n|switch|p2a: Farigiraf|Farigiraf, F|100\/100\n|turn|10\n|inactive|Flying Beagle has 150 seconds left.\n|\n|t:|1698597823\n|move|p1b: Iron Hands|Drain Punch|p2a: Farigiraf\n|-damage|p2a: Farigiraf|55\/100\n|-heal|p1b: Iron Hands|48\/100|[from] drain|[of] p2a: Farigiraf\n|move|p2a: Farigiraf|Psyshock|p1b: Iron Hands\n|-supereffective|p1b: Iron Hands\n|-damage|p1b: Iron Hands|0 fnt\n|faint|p1b: Iron Hands\n|-end|p1b: Iron Hands|Quark Drive|[silent]\n|move|p2b: Diancie|Diamond Storm|p1a: Diancie\n|-damage|p1a: Diancie|41\/100\n|move|p1a: Diancie|Body Press|p2a: Farigiraf\n|-damage|p2a: Farigiraf|0 fnt\n|faint|p2a: Farigiraf\n|\n|-heal|p1a: Diancie|47\/100|[from] Grassy Terrain\n|-fieldend|move: Grassy Terrain\n|upkeep\n|inactive|Jello1231 has 270 seconds left.\n|\n|t:|1698597876\n|switch|p1b: Rillaboom|Rillaboom, F|100\/100\n|switch|p2a: Ogerpon|Ogerpon-Hearthflame, F|62\/100\n|-ability|p2a: Ogerpon|Mold Breaker\n|-damage|p1b: Rillaboom|88\/100|[from] Stealth Rock\n|-fieldstart|move: Grassy Terrain|[from] ability: Grassy Surge|[of] p1b: Rillaboom\n|turn|11\n|inactive|Jello1231 has 270 seconds left.\n|inactive|Flying Beagle has 180 seconds left.\n|\n|t:|1698597902\n|move|p2a: Ogerpon|Spiky Shield|p2a: Ogerpon\n|-singleturn|p2a: Ogerpon|move: Protect\n|move|p2b: Diancie|Protect|p2b: Diancie\n|-singleturn|p2b: Diancie|Protect\n|move|p1b: Rillaboom|Fake Out|p2a: Ogerpon\n|-activate|p2a: Ogerpon|move: Protect\n|-damage|p1b: Rillaboom|76\/100|[from] Spiky Shield|[of] p2a: Ogerpon\n|move|p1a: Diancie|Diamond Storm|p2b: Diancie|[spread] \n|-activate|p2a: Ogerpon|move: Protect\n|-activate|p2b: Diancie|move: Protect\n|\n|-heal|p2a: Ogerpon|68\/100|[from] Grassy Terrain\n|-heal|p1b: Rillaboom|82\/100|[from] Grassy Terrain\n|-heal|p1a: Diancie|53\/100|[from] Grassy Terrain\n|upkeep\n|turn|12\n|inactive|Flying Beagle has 180 seconds left.\n|inactive|Jello1231 has 270 seconds left.\n|inactive|Flying Beagle has 150 seconds left.\n|inactive|Jello1231 has 240 seconds left.\n|\n|t:|1698597966\n|-terastallize|p2b: Diancie|Fire\n|move|p1a: Diancie|Protect|p1a: Diancie\n|-singleturn|p1a: Diancie|Protect\n|move|p2a: Ogerpon|Grassy Glide|p1a: Diancie\n|-activate|p1a: Diancie|move: Protect\n|move|p1b: Rillaboom|High Horsepower|p2a: Ogerpon\n|-damage|p2a: Ogerpon|24\/100\n|move|p2b: Diancie|Diamond Storm|p1a: Diancie|[spread] p1b\n|-activate|p1a: Diancie|move: Protect\n|-damage|p1b: Rillaboom|50\/100\n|\n|-heal|p2a: Ogerpon|30\/100|[from] Grassy Terrain\n|-heal|p1b: Rillaboom|56\/100|[from] Grassy Terrain\n|-heal|p1a: Diancie|59\/100|[from] Grassy Terrain\n|upkeep\n|turn|13\n|inactive|Jello1231 has 240 seconds left.\n|\n|t:|1698597996\n|switch|p1b: Ting-Lu|Ting-Lu|100\/100\n|-damage|p1b: Ting-Lu|94\/100|[from] Stealth Rock\n|-ability|p1b: Ting-Lu|Vessel of Ruin\n|move|p2a: Ogerpon|Grassy Glide|p1a: Diancie\n|-supereffective|p1a: Diancie\n|-damage|p1a: Diancie|34\/100\n|move|p1a: Diancie|Body Press|p2a: Ogerpon\n|-damage|p2a: Ogerpon|0 fnt\n|faint|p2a: Ogerpon\n|move|p2b: Diancie|Diamond Storm|p1a: Diancie|[spread] p1a,p1b\n|-resisted|p1b: Ting-Lu\n|-damage|p1a: Diancie|25\/100\n|-damage|p1b: Ting-Lu|87\/100\n|\n|-heal|p1b: Ting-Lu|93\/100|[from] Grassy Terrain\n|-heal|p1b: Ting-Lu|99\/100|[from] item: Leftovers\n|-heal|p1a: Diancie|31\/100|[from] Grassy Terrain\n|upkeep\n|turn|14\n|inactive|Flying Beagle has 180 seconds left.\n|inactive|Jello1231 has 240 seconds left.\n|\n|t:|1698598012\n|move|p1b: Ting-Lu|Stomping Tantrum|p2b: Diancie\n|-supereffective|p2b: Diancie\n|-damage|p2b: Diancie|85\/100\n|move|p2b: Diancie|Diamond Storm|p1b: Ting-Lu|[spread] p1a,p1b\n|-resisted|p1b: Ting-Lu\n|-damage|p1a: Diancie|22\/100\n|-damage|p1b: Ting-Lu|92\/100\n|-boost|p2b: Diancie|def|2\n|move|p1a: Diancie|Diamond Storm|p2b: Diancie\n|-supereffective|p2b: Diancie\n|-damage|p2b: Diancie|67\/100\n|\n|-heal|p1b: Ting-Lu|99\/100|[from] Grassy Terrain\n|-heal|p1b: Ting-Lu|100\/100|[from] item: Leftovers\n|-heal|p1a: Diancie|28\/100|[from] Grassy Terrain\n|-heal|p2b: Diancie|73\/100|[from] Grassy Terrain\n|-heal|p2b: Diancie|79\/100|[from] item: Leftovers\n|upkeep\n|turn|15\n|inactive|Flying Beagle has 180 seconds left.\n|\n|t:|1698598036\n|move|p1a: Diancie|Protect|p1a: Diancie\n|-singleturn|p1a: Diancie|Protect\n|move|p1b: Ting-Lu|Stomping Tantrum|p2b: Diancie\n|-supereffective|p2b: Diancie\n|-damage|p2b: Diancie|67\/100\n|move|p2b: Diancie|Body Press|p1a: Diancie\n|-activate|p1a: Diancie|move: Protect\n|\n|-heal|p2b: Diancie|73\/100|[from] Grassy Terrain\n|-heal|p1a: Diancie|35\/100|[from] Grassy Terrain\n|-heal|p2b: Diancie|79\/100|[from] item: Leftovers\n|-fieldend|move: Grassy Terrain\n|upkeep\n|turn|16\n|inactive|Jello1231 has 270 seconds left.\n|\n|t:|1698598055\n|move|p1b: Ting-Lu|Stomping Tantrum|p2b: Diancie\n|-supereffective|p2b: Diancie\n|-crit|p2b: Diancie\n|-damage|p2b: Diancie|14\/100\n|move|p2b: Diancie|Body Press|p1a: Diancie\n|-damage|p1a: Diancie|7\/100\n|move|p1a: Diancie|Body Press|p2b: Diancie\n|-damage|p2b: Diancie|0 fnt\n|faint|p2b: Diancie\n|\n|win|Jello1231\n","uploadtime":1698598056,"views":39,"p1id":"jello1231","p2id":"flyingbeagle","formatid":"gen9doublesou","rating":0,"private":0,"password":""}