{"id":"smogtours-gen9doublesou-730859","p1":"theyummybagel","p2":"eragon11145","format":"[Gen 9] Doubles OU","log":"|inactive|Battle timer is ON: inactive players will automatically lose when time's up.\n|t:|1700175479\n|gametype|doubles\n|player|p1|theyummybagel|#scl3breakers|\n|player|p2|eragon11145|#dwcopiii|\n|teamsize|p1|6\n|teamsize|p2|6\n|gen|9\n|tier|[Gen 9] Doubles OU\n|rule|Species Clause: Limit one of each Pok\u00e9mon\n|rule|OHKO Clause: OHKO moves are banned\n|rule|Evasion Moves Clause: Evasion moves are banned\n|rule|Gravity Sleep Clause: The combination of sleep-inducing moves with imperfect accuracy and Gravity or Gigantamax Orbeetle are banned\n|rule|Endless Battle Clause: Forcing endless battles is banned\n|rule|HP Percentage Mod: HP is shown in percentages\n|clearpoke\n|poke|p1|Flutter Mane|\n|poke|p1|Chi-Yu|\n|poke|p1|Glimmora, F|\n|poke|p1|Ogerpon-Wellspring, F|\n|poke|p1|Landorus-Therian, M|\n|poke|p1|Iron Hands|\n|poke|p2|Kommo-o, F|\n|poke|p2|Flutter Mane|\n|poke|p2|Volcanion|\n|poke|p2|Glimmora, M|\n|poke|p2|Sinistcha|\n|poke|p2|Iron Hands|\n|teampreview\n|inactive|eragon11145 also wants the timer to be on.\n|inactive|theyummybagel also wants the timer to be on.\n|c|\u2606theyummybagel|hf\n|inactive|theyummybagel has 270 seconds left.\n|inactive|eragon11145 has 270 seconds left.\n|c|\u2606eragon11145|glhf\n|inactive|theyummybagel has 240 seconds left.\n|\n|t:|1700175553\n|start\n|switch|p1a: Landorus|Landorus-Therian, M|100\/100\n|switch|p1b: Chi-Yu|Chi-Yu|100\/100\n|switch|p2a: Glimmora|Glimmora, M|100\/100\n|switch|p2b: Iron Hands|Iron Hands|100\/100\n|-ability|p1a: Landorus|Intimidate|boost\n|-unboost|p2a: Glimmora|atk|1\n|-unboost|p2b: Iron Hands|atk|1\n|-ability|p1b: Chi-Yu|Beads of Ruin\n|turn|1\n|inactive|theyummybagel has 270 seconds left.\n|inactive|eragon11145 has 270 seconds left.\n|\n|t:|1700175595\n|move|p1b: Chi-Yu|Protect|p1b: Chi-Yu\n|-singleturn|p1b: Chi-Yu|Protect\n|move|p2b: Iron Hands|Fake Out|p1a: Landorus\n|-damage|p1a: Landorus|90\/100\n|cant|p1a: Landorus|flinch\n|move|p2a: Glimmora|Mortal Spin|p1b: Chi-Yu|[spread] p1a\n|-activate|p1b: Chi-Yu|move: Protect\n|-resisted|p1a: Landorus\n|-damage|p1a: Landorus|88\/100\n|-status|p1a: Landorus|psn\n|\n|-damage|p1a: Landorus|76\/100 psn|[from] psn\n|upkeep\n|turn|2\n|inactive|eragon11145 has 270 seconds left.\n|\n|t:|1700175627\n|-end|p2b: Iron Hands|Quark Drive|[silent]\n|switch|p2b: Sinistcha|Sinistcha|100\/100\n|move|p1a: Landorus|Stomping Tantrum|p2b: Sinistcha\n|-resisted|p2b: Sinistcha\n|-damage|p2b: Sinistcha|60\/100\n|move|p1b: Chi-Yu|Heat Wave|p2b: Sinistcha|[spread] p2a,p2b\n|-resisted|p2a: Glimmora\n|-supereffective|p2b: Sinistcha\n|-damage|p2a: Glimmora|51\/100\n|-damage|p2b: Sinistcha|0 fnt\n|faint|p2b: Sinistcha\n|-damage|p1b: Chi-Yu|91\/100|[from] item: Life Orb\n|move|p2a: Glimmora|Earth Power|p1b: Chi-Yu\n|-supereffective|p1b: Chi-Yu\n|-damage|p1b: Chi-Yu|22\/100\n|\n|-damage|p1a: Landorus|64\/100 psn|[from] psn\n|upkeep\n|\n|t:|1700175645\n|switch|p2b: Flutter Mane|Flutter Mane|100\/100\n|turn|3\n|inactive|eragon11145 has 270 seconds left.\n|\n|t:|1700175656\n|move|p1b: Chi-Yu|Protect|p1b: Chi-Yu\n|-singleturn|p1b: Chi-Yu|Protect\n|move|p1a: Landorus|Stomping Tantrum|p2a: Glimmora\n|-supereffective|p2a: Glimmora\n|-damage|p2a: Glimmora|0 fnt\n|-activate|p2a: Glimmora|ability: Toxic Debris\n|-sidestart|p1: theyummybagel|move: Toxic Spikes\n|faint|p2a: Glimmora\n|move|p2b: Flutter Mane|Dazzling Gleam|p1a: Landorus|[spread] p1a\n|-activate|p1b: Chi-Yu|move: Protect\n|-damage|p1a: Landorus|1\/100 psn\n|\n|-damage|p1a: Landorus|0 fnt|[from] psn\n|faint|p1a: Landorus\n|upkeep\n|inactive|theyummybagel has 270 seconds left.\n|inactive|eragon11145 has 270 seconds left.\n|inactive|theyummybagel has 240 seconds left.\n|\n|t:|1700175716\n|switch|p2a: Kommo-o|Kommo-o, F|100\/100\n|switch|p1a: Glimmora|Glimmora, F|100\/100\n|-sideend|p1: theyummybagel|move: Toxic Spikes|[of] p1a: Glimmora\n|turn|4\n|inactive|theyummybagel has 240 seconds left.\n|\n|t:|1700175743\n|switch|p1b: Flutter Mane|Flutter Mane|100\/100\n|-enditem|p1b: Flutter Mane|Booster Energy\n|-activate|p1b: Flutter Mane|ability: Protosynthesis|[fromitem]\n|-start|p1b: Flutter Mane|protosynthesisspe\n|move|p2a: Kommo-o|Protect|p2a: Kommo-o\n|-singleturn|p2a: Kommo-o|Protect\n|move|p2b: Flutter Mane|Dazzling Gleam|p1b: Flutter Mane|[spread] p1a,p1b\n|-resisted|p1a: Glimmora\n|-damage|p1a: Glimmora|76\/100\n|-damage|p1b: Flutter Mane|65\/100\n|move|p1a: Glimmora|Mortal Spin|p2a: Kommo-o|[spread] p2b\n|-activate|p2a: Kommo-o|move: Protect\n|-crit|p2b: Flutter Mane\n|-damage|p2b: Flutter Mane|88\/100\n|-status|p2b: Flutter Mane|psn\n|\n|-damage|p2b: Flutter Mane|76\/100 psn|[from] psn\n|upkeep\n|turn|5\n|\n|t:|1700175759\n|-end|p2b: Flutter Mane|Protosynthesis|[silent]\n|switch|p2b: Volcanion|Volcanion|100\/100\n|-terastallize|p2a: Kommo-o|Steel\n|move|p1b: Flutter Mane|Protect|p1b: Flutter Mane\n|-singleturn|p1b: Flutter Mane|Protect\n|move|p1a: Glimmora|Mortal Spin|p2a: Kommo-o|[spread] p2b\n|-immune|p2a: Kommo-o\n|-damage|p2b: Volcanion|97\/100\n|-status|p2b: Volcanion|psn\n|move|p2a: Kommo-o|Iron Head|p1b: Flutter Mane\n|-activate|p1b: Flutter Mane|move: Protect\n|\n|-damage|p2b: Volcanion|85\/100 psn|[from] psn\n|upkeep\n|turn|6\n|inactive|theyummybagel has 270 seconds left.\n|inactive|theyummybagel has 240 seconds left.\n|\n|t:|1700175812\n|move|p1b: Flutter Mane|Protect|p1b: Flutter Mane\n|-singleturn|p1b: Flutter Mane|Protect\n|move|p1a: Glimmora|Earth Power|p2a: Kommo-o\n|-supereffective|p2a: Kommo-o\n|-damage|p2a: Kommo-o|58\/100\n|move|p2a: Kommo-o|Iron Head|p1b: Flutter Mane\n|-activate|p1b: Flutter Mane|move: Protect\n|move|p2b: Volcanion|Steam Eruption|p1a: Glimmora\n|-supereffective|p1a: Glimmora\n|-damage|p1a: Glimmora|0 fnt\n|faint|p1a: Glimmora\n|\n|-heal|p2a: Kommo-o|64\/100|[from] item: Leftovers\n|-damage|p2b: Volcanion|72\/100 psn|[from] psn\n|upkeep\n|inactive|theyummybagel has 210 seconds left.\n|inactive|theyummybagel has 180 seconds left.\n|inactive|theyummybagel has 150 seconds left.\n|\n|t:|1700175916\n|switch|p1a: Chi-Yu|Chi-Yu|22\/100\n|-ability|p1a: Chi-Yu|Beads of Ruin\n|turn|7\n|inactive|theyummybagel has 150 seconds left.\n|inactive|eragon11145 has 270 seconds left.\n|inactive|theyummybagel has 120 seconds left.\n|inactive|eragon11145 has 240 seconds left.\n|inactive|theyummybagel has 90 seconds left.\n|inactive|eragon11145 has 210 seconds left.\n|\n|t:|1700176038\n|move|p2a: Kommo-o|Protect|p2a: Kommo-o\n|-singleturn|p2a: Kommo-o|Protect\n|move|p1b: Flutter Mane|Shadow Ball|p2b: Volcanion\n|-damage|p2b: Volcanion|21\/100 psn\n|-unboost|p2b: Volcanion|spd|1\n|move|p1a: Chi-Yu|Heat Wave|p2b: Volcanion|[spread] p2b\n|-activate|p2a: Kommo-o|move: Protect\n|-resisted|p2b: Volcanion\n|-damage|p2b: Volcanion|0 fnt\n|faint|p2b: Volcanion\n|-damage|p1a: Chi-Yu|12\/100|[from] item: Life Orb\n|\n|-heal|p2a: Kommo-o|71\/100|[from] item: Leftovers\n|upkeep\n|c|\u2606eragon11145|why\n|c|\u2606eragon11145|does\n|c|\u2606eragon11145|this \n|c|\u2606eragon11145|happen\n|c|\u2606eragon11145|every\n|c|\u2606eragon11145|time\n|\n|t:|1700176059\n|switch|p2b: Iron Hands|Iron Hands|100\/100\n|turn|8\n|inactive|theyummybagel has 90 seconds left.\n|inactive|eragon11145 has 210 seconds left.\n|inactive|theyummybagel has 60 seconds left.\n|inactive|eragon11145 has 180 seconds left.\n|\n|t:|1700176121\n|-terastallize|p1a: Chi-Yu|Ghost\n|move|p2b: Iron Hands|Fake Out|p1a: Chi-Yu\n|-immune|p1a: Chi-Yu\n|move|p1b: Flutter Mane|Moonblast|p2b: Iron Hands\n|-supereffective|p2b: Iron Hands\n|-damage|p2b: Iron Hands|40\/100\n|-unboost|p2b: Iron Hands|spa|1\n|move|p1a: Chi-Yu|Heat Wave|p2b: Iron Hands|[spread] p2a,p2b\n|-supereffective|p2a: Kommo-o\n|-damage|p2a: Kommo-o|0 fnt\n|-damage|p2b: Iron Hands|1\/100\n|faint|p2a: Kommo-o\n|-damage|p1a: Chi-Yu|2\/100|[from] item: Life Orb\n|\n|upkeep\n|-message|eragon11145 forfeited.\n|\n|win|theyummybagel\n|c|\u2606theyummybagel|mb for drop gg\n","uploadtime":1700176130,"views":468,"p1id":"theyummybagel","p2id":"eragon11145","formatid":"gen9doublesou","rating":0,"private":0,"password":""}