{"id":"smogtours-gen9doublesou-732750","p1":"the JRL","p2":"Nails","format":"[Gen 9] Doubles OU","log":"|inactive|Battle timer is ON: inactive players will automatically lose when time's up.\n|t:|1701028229\n|gametype|doubles\n|player|p1|the JRL|#scl3islanders2|\n|player|p2|Nails|#scl2terrors|\n|teamsize|p1|6\n|teamsize|p2|6\n|gen|9\n|tier|[Gen 9] Doubles OU\n|rule|Species Clause: Limit one of each Pok\u00e9mon\n|rule|OHKO Clause: OHKO moves are banned\n|rule|Evasion Moves Clause: Evasion moves are banned\n|rule|Gravity Sleep Clause: The combination of sleep-inducing moves with imperfect accuracy and Gravity or Gigantamax Orbeetle are banned\n|rule|Endless Battle Clause: Forcing endless battles is banned\n|rule|HP Percentage Mod: HP is shown in percentages\n|clearpoke\n|poke|p1|Heatran, M|\n|poke|p1|Kommo-o, F|\n|poke|p1|Flutter Mane|\n|poke|p1|Landorus-Therian, M|\n|poke|p1|Tornadus, M|\n|poke|p1|Rillaboom, M|\n|poke|p2|Baxcalibur, M|\n|poke|p2|Ninetales-Alola, F|\n|poke|p2|Sinistcha|\n|poke|p2|Landorus-Therian, M|\n|poke|p2|Heatran, M|\n|poke|p2|Dondozo, M|\n|teampreview\n|c|\u2606Nails|hf\n|c|\u2606the JRL|u2\n|inactive|the JRL has 270 seconds left.\n|inactive|Nails has 270 seconds left.\n|inactive|the JRL has 240 seconds left.\n|inactive|Nails has 240 seconds left.\n|inactive|the JRL has 210 seconds left.\n|inactive|Nails has 210 seconds left.\n|\n|t:|1701028341\n|start\n|switch|p1a: Flutter Mane|Flutter Mane|100\/100\n|switch|p1b: Rillaboom|Rillaboom, M|100\/100\n|switch|p2a: Can't Hurry Love|Dondozo, M|100\/100\n|switch|p2b: Give n Take|Baxcalibur, M|100\/100\n|-fieldstart|move: Grassy Terrain|[from] ability: Grassy Surge|[of] p1b: Rillaboom\n|turn|1\n|inactive|the JRL has 270 seconds left.\n|inactive|Nails has 270 seconds left.\n|inactive|the JRL has 240 seconds left.\n|inactive|Nails has 240 seconds left.\n|inactive|the JRL has 210 seconds left.\n|inactive|Nails has 210 seconds left.\n|\n|t:|1701028438\n|switch|p2b: Give it Time|Heatran, M|100\/100\n|move|p2a: Can't Hurry Love|Protect|p2a: Can't Hurry Love\n|-singleturn|p2a: Can't Hurry Love|Protect\n|move|p1b: Rillaboom|Fake Out|p2b: Give it Time\n|-resisted|p2b: Give it Time\n|-damage|p2b: Give it Time|95\/100\n|move|p1a: Flutter Mane|Moonblast|p2a: Can't Hurry Love\n|-activate|p2a: Can't Hurry Love|move: Protect\n|\n|-heal|p2b: Give it Time|100\/100|[from] Grassy Terrain\n|upkeep\n|turn|2\n|raw|<div class=\"broadcast-red\"><strong>Moderated chat was set to \u2606!<\/strong><br \/>Only users of rank \u2606 and higher can talk.<\/div>\n|inactive|Nails has 210 seconds left.\n|inactive|the JRL has 180 seconds left.\n|inactive|Nails has 180 seconds left.\n|inactive|the JRL has 150 seconds left.\n|\n|t:|1701028519\n|-end|p1a: Flutter Mane|Protosynthesis|[silent]\n|switch|p1a: Landorus|Landorus-Therian, M|100\/100\n|-ability|p1a: Landorus|Intimidate|boost\n|-fail|p2a: Can't Hurry Love|unboost|Attack|[from] ability: Oblivious|[of] p2a: Can't Hurry Love\n|-unboost|p2b: Give it Time|atk|1\n|switch|p2a: Don't Come Easy|Landorus-Therian, M|100\/100\n|-ability|p2a: Don't Come Easy|Intimidate|boost\n|-unboost|p1a: Landorus|atk|1\n|-unboost|p1b: Rillaboom|atk|1\n|move|p2b: Give it Time|Magma Storm|p1b: Rillaboom|[miss]\n|-miss|p2b: Give it Time|p1b: Rillaboom\n|move|p1b: Rillaboom|High Horsepower|p2b: Give it Time\n|-supereffective|p2b: Give it Time\n|-damage|p2b: Give it Time|31\/100\n|\n|-heal|p2b: Give it Time|37\/100|[from] Grassy Terrain\n|-heal|p2b: Give it Time|43\/100|[from] item: Leftovers\n|upkeep\n|turn|3\n|inactive|the JRL has 150 seconds left.\n|inactive|Nails has 180 seconds left.\n|inactive|the JRL has 120 seconds left.\n|inactive|the JRL has 90 seconds left.\n|\n|t:|1701028596\n|switch|p2b: Mama Said|Ninetales-Alola, F|100\/100\n|-weather|Snow|[from] ability: Snow Warning|[of] p2b: Mama Said\n|switch|p1b: Heatran|Heatran, M|100\/100\n|move|p1a: Landorus|Stomping Tantrum|p2b: Mama Said\n|-damage|p2b: Mama Said|73\/100\n|move|p2a: Don't Come Easy|Stealth Rock|p1a: Landorus\n|-sidestart|p1: the JRL|move: Stealth Rock\n|\n|-weather|Snow|[upkeep]\n|-heal|p2b: Mama Said|79\/100|[from] Grassy Terrain\n|upkeep\n|turn|4\n|inactive|the JRL has 90 seconds left.\n|inactive|the JRL has 60 seconds left.\n|inactive|the JRL has 30 seconds left.\n|\n|t:|1701028674\n|switch|p1a: Flutter Mane|Flutter Mane|100\/100\n|-damage|p1a: Flutter Mane|88\/100|[from] Stealth Rock\n|move|p2b: Mama Said|Aurora Veil|p2b: Mama Said\n|-sidestart|p2: Nails|move: Aurora Veil\n|move|p2a: Don't Come Easy|Sandsear Storm|p1b: Heatran|[spread] p1a,p1b\n|-supereffective|p1b: Heatran\n|-damage|p1a: Flutter Mane|57\/100\n|-damage|p1b: Heatran|0 fnt\n|faint|p1b: Heatran\n|\n|-weather|Snow|[upkeep]\n|-heal|p1a: Flutter Mane|63\/100|[from] Grassy Terrain\n|-heal|p2b: Mama Said|85\/100|[from] Grassy Terrain\n|upkeep\n|inactive|the JRL has 30 seconds left.\n|inactive|the JRL has 20 seconds left.\n|inactive|the JRL has 15 seconds left.\n|\n|t:|1701028696\n|switch|p1b: Rillaboom|Rillaboom, M|100\/100\n|-damage|p1b: Rillaboom|88\/100|[from] Stealth Rock\n|turn|5\n|inactive|Nails has 180 seconds left.\n|inactive|the JRL has 30 seconds left.\n|inactive|the JRL has 20 seconds left.\n|\n|t:|1701028720\n|move|p1b: Rillaboom|Fake Out|p2b: Mama Said\n|-damage|p2b: Mama Said|78\/100\n|move|p1a: Flutter Mane|Moonblast|p2b: Mama Said\n|-damage|p2b: Mama Said|30\/100\n|cant|p2b: Mama Said|flinch\n|move|p2a: Don't Come Easy|U-turn|p1b: Rillaboom\n|-supereffective|p1b: Rillaboom\n|-damage|p1b: Rillaboom|53\/100\n|inactive|the JRL has 25 seconds left this turn.\n|\n|t:|1701028730\n|switch|p2a: Give it Time|Heatran, M|43\/100|[from] U-turn\n|\n|-weather|Snow|[upkeep]\n|-heal|p1a: Flutter Mane|70\/100|[from] Grassy Terrain\n|-heal|p2b: Mama Said|36\/100|[from] Grassy Terrain\n|-heal|p2a: Give it Time|49\/100|[from] Grassy Terrain\n|-heal|p2a: Give it Time|56\/100|[from] item: Leftovers\n|-heal|p1b: Rillaboom|59\/100|[from] Grassy Terrain\n|-fieldend|move: Grassy Terrain\n|upkeep\n|turn|6\n|inactive|Nails has 180 seconds left.\n|inactive|the JRL has 30 seconds left.\n|inactive|the JRL has 20 seconds left.\n|inactive|the JRL has 15 seconds left.\n|inactive|the JRL has 10 seconds left.\n|\n|t:|1701028771\n|move|p1a: Flutter Mane|Moonblast|p2b: Mama Said\n|-damage|p2b: Mama Said|0 fnt\n|faint|p2b: Mama Said\n|move|p2a: Give it Time|Heat Wave|p1b: Rillaboom|[spread] p1a,p1b\n|-supereffective|p1b: Rillaboom\n|-damage|p1a: Flutter Mane|36\/100\n|-damage|p1b: Rillaboom|9\/100\n|move|p1b: Rillaboom|High Horsepower|p2a: Give it Time\n|-supereffective|p2a: Give it Time\n|-damage|p2a: Give it Time|0 fnt\n|faint|p2a: Give it Time\n|\n|-weather|Snow|[upkeep]\n|upkeep\n|inactive|the JRL has 15 seconds left this turn.\n|inactive|Nails has 150 seconds left.\n|\n|t:|1701028804\n|switch|p2b: Can't Hurry Love|Dondozo, M|100\/100\n|switch|p2a: Don't Come Easy|Landorus-Therian, M|100\/100\n|-ability|p2a: Don't Come Easy|Intimidate|boost\n|-unboost|p1a: Flutter Mane|atk|1\n|-unboost|p1b: Rillaboom|atk|1\n|turn|7\n|inactive|the JRL has 30 seconds left.\n|inactive|Nails has 150 seconds left.\n|inactive|the JRL has 20 seconds left.\n|inactive|the JRL has 15 seconds left.\n|\n|t:|1701028840\n|move|p1a: Flutter Mane|Moonblast|p2a: Don't Come Easy\n|-damage|p2a: Don't Come Easy|48\/100\n|-enditem|p2a: Don't Come Easy|Sitrus Berry|[eat]\n|-heal|p2a: Don't Come Easy|73\/100|[from] item: Sitrus Berry\n|move|p2a: Don't Come Easy|U-turn|p1b: Rillaboom\n|-supereffective|p1b: Rillaboom\n|-damage|p1b: Rillaboom|0 fnt\n|faint|p1b: Rillaboom\n|inactive|the JRL has 20 seconds left this turn.\n|\n|t:|1701028850\n|switch|p2a: Give n Take|Baxcalibur, M|100\/100|[from] U-turn\n|move|p2b: Can't Hurry Love|Heavy Slam|p1a: Flutter Mane\n|-supereffective|p1a: Flutter Mane\n|-damage|p1a: Flutter Mane|0 fnt\n|faint|p1a: Flutter Mane\n|-end|p1a: Flutter Mane|Protosynthesis|[silent]\n|\n|-weather|none\n|upkeep\n|inactive|the JRL has 25 seconds left this turn.\n|inactive|the JRL has 20 seconds left.\n|inactive|the JRL has 15 seconds left.\n|\n|t:|1701028863\n|switch|p1a: Tornadus|Tornadus, M|100\/100\n|switch|p1b: Kommo-o|Kommo-o, F|100\/100\n|-damage|p1a: Tornadus|75\/100|[from] Stealth Rock\n|-damage|p1b: Kommo-o|94\/100|[from] Stealth Rock\n|turn|8\n|inactive|Nails has 150 seconds left.\n|inactive|the JRL has 30 seconds left.\n|\n|t:|1701028874\n|-terastallize|p2a: Give n Take|Water\n|-terastallize|p1b: Kommo-o|Fire\n|move|p1a: Tornadus|Protect|p1a: Tornadus\n|-singleturn|p1a: Tornadus|Protect\n|move|p2a: Give n Take|Icicle Crash|p1a: Tornadus\n|-activate|p1a: Tornadus|move: Protect\n|move|p1b: Kommo-o|Iron Defense|p1b: Kommo-o\n|-boost|p1b: Kommo-o|def|2\n|move|p2b: Can't Hurry Love|Yawn|p1b: Kommo-o\n|-start|p1b: Kommo-o|move: Yawn|[of] p2b: Can't Hurry Love\n|\n|-heal|p1b: Kommo-o|100\/100|[from] item: Leftovers\n|upkeep\n|turn|9\n|inactive|the JRL has 30 seconds left.\n|inactive|the JRL has 20 seconds left.\n|inactive|the JRL has 15 seconds left.\n|inactive|the JRL has 10 seconds left.\n|\n|t:|1701028924\n|move|p1a: Tornadus|Bleakwind Storm|p2b: Can't Hurry Love|[spread] p2a,p2b\n|-damage|p2a: Give n Take|85\/100\n|-damage|p2b: Can't Hurry Love|84\/100\n|-unboost|p2a: Give n Take|spe|1\n|move|p1b: Kommo-o|Iron Defense|p1b: Kommo-o\n|-boost|p1b: Kommo-o|def|2\n|move|p2a: Give n Take|Icicle Crash|p1a: Tornadus\n|-supereffective|p1a: Tornadus\n|-damage|p1a: Tornadus|0 fnt\n|faint|p1a: Tornadus\n|move|p2b: Can't Hurry Love|Wave Crash|p1b: Kommo-o\n|-supereffective|p1b: Kommo-o\n|-crit|p1b: Kommo-o\n|-damage|p1b: Kommo-o|0 fnt\n|faint|p1b: Kommo-o\n|-damage|p2b: Can't Hurry Love|60\/100|[from] Recoil\n|\n|-heal|p2b: Can't Hurry Love|66\/100|[from] item: Leftovers\n|upkeep\n|inactive|the JRL has 15 seconds left this turn.\n|inactive|the JRL has 10 seconds left.\n|\n|t:|1701028930\n|switch|p1a: Landorus|Landorus-Therian, M|100\/100\n|-damage|p1a: Landorus|88\/100|[from] Stealth Rock\n|-ability|p1a: Landorus|Intimidate|boost\n|-unboost|p2a: Give n Take|atk|1\n|-fail|p2b: Can't Hurry Love|unboost|Attack|[from] ability: Oblivious|[of] p2b: Can't Hurry Love\n|turn|10\n|c|\u2606the JRL|gg\n|c|\u2606Nails|gg\n|inactive|the JRL has 30 seconds left.\n|inactive|Nails has 180 seconds left.\n|\n|t:|1701028939\n|move|p2a: Give n Take|Ice Shard|p1a: Landorus\n|-supereffective|p1a: Landorus\n|-damage|p1a: Landorus|17\/100\n|move|p1a: Landorus|Stomping Tantrum|p2a: Give n Take\n|-damage|p2a: Give n Take|57\/100\n|move|p2b: Can't Hurry Love|Wave Crash|p1a: Landorus\n|-supereffective|p1a: Landorus\n|-damage|p1a: Landorus|0 fnt\n|faint|p1a: Landorus\n|-damage|p2b: Can't Hurry Love|63\/100|[from] Recoil\n|\n|win|Nails\n","uploadtime":1701028940,"views":162,"p1id":"thejrl","p2id":"nails","formatid":"gen9doublesou","rating":0,"private":0,"password":""}