{"id":"smogtours-gen9doublesou-732468","p1":"GuitarheroVGC","p2":"Tessera","format":"[Gen 9] Doubles OU","log":"|inactive|Battle timer is ON: inactive players will automatically lose when time's up.\n|t:|1700946998\n|gametype|doubles\n|player|p1|GuitarheroVGC|kimonogirl|\n|player|p2|Tessera|bellelba|\n|teamsize|p1|6\n|teamsize|p2|6\n|gen|9\n|tier|[Gen 9] Doubles OU\n|rule|Species Clause: Limit one of each Pok\u00e9mon\n|rule|OHKO Clause: OHKO moves are banned\n|rule|Evasion Moves Clause: Evasion moves are banned\n|rule|Gravity Sleep Clause: The combination of sleep-inducing moves with imperfect accuracy and Gravity or Gigantamax Orbeetle are banned\n|rule|Endless Battle Clause: Forcing endless battles is banned\n|rule|HP Percentage Mod: HP is shown in percentages\n|clearpoke\n|poke|p1|Gholdengo|\n|poke|p1|Ogerpon-Wellspring, F|\n|poke|p1|Flutter Mane|\n|poke|p1|Roaring Moon|\n|poke|p1|Iron Hands|\n|poke|p1|Landorus-Therian, M|\n|poke|p2|Gholdengo|\n|poke|p2|Tornadus, M|\n|poke|p2|Landorus-Therian, M|\n|poke|p2|Ogerpon-Wellspring, F|\n|poke|p2|Basculegion-F, F|\n|poke|p2|Iron Hands|\n|teampreview\n|c|\u2606Tessera|hf\n|c|\u2606GuitarheroVGC|glhf :3\n|inactive|GuitarheroVGC has 270 seconds left.\n|inactive|Tessera has 270 seconds left.\n|inactive|GuitarheroVGC has 240 seconds left.\n|inactive|Tessera has 240 seconds left.\n|inactive|GuitarheroVGC has 210 seconds left.\n|inactive|GuitarheroVGC has 180 seconds left.\n|\n|t:|1700947142\n|start\n|switch|p1a: Bei ricordi|Roaring Moon|100\/100\n|switch|p1b: Lando Malando|Landorus-Therian, M|100\/100\n|switch|p2a: Tornadus|Tornadus, M|100\/100\n|switch|p2b: Gholdengo|Gholdengo|100\/100\n|-ability|p1b: Lando Malando|Intimidate|boost\n|-unboost|p2a: Tornadus|atk|1\n|-unboost|p2b: Gholdengo|atk|1\n|-enditem|p1a: Bei ricordi|Booster Energy\n|-activate|p1a: Bei ricordi|ability: Protosynthesis|[fromitem]\n|-start|p1a: Bei ricordi|protosynthesisspe\n|turn|1\n|inactive|GuitarheroVGC has 240 seconds left.\n|\n|t:|1700947160\n|-terastallize|p2b: Gholdengo|Steel\n|move|p2a: Tornadus|Tailwind|p2a: Tornadus\n|-sidestart|p2: Tessera|move: Tailwind\n|move|p1a: Bei ricordi|Tailwind|p1a: Bei ricordi\n|-sidestart|p1: GuitarheroVGC|move: Tailwind\n|move|p2b: Gholdengo|Dazzling Gleam|p1a: Bei ricordi|[spread] p1a,p1b\n|-supereffective|p1a: Bei ricordi\n|-crit|p1b: Lando Malando\n|-damage|p1a: Bei ricordi|0 fnt\n|-damage|p1b: Lando Malando|55\/100\n|faint|p1a: Bei ricordi\n|-end|p1a: Bei ricordi|Protosynthesis|[silent]\n|move|p1b: Lando Malando|Stealth Rock|p2a: Tornadus\n|-sidestart|p2: Tessera|move: Stealth Rock\n|\n|upkeep\n|\n|t:|1700947172\n|switch|p1a: Catch these|Iron Hands|100\/100\n|turn|2\n|inactive|GuitarheroVGC has 240 seconds left.\n|inactive|Tessera has 270 seconds left.\n|inactive|GuitarheroVGC has 210 seconds left.\n|inactive|Tessera has 240 seconds left.\n|\n|t:|1700947245\n|switch|p2b: Ogerpon|Ogerpon-Wellspring, F|100\/100\n|-damage|p2b: Ogerpon|88\/100|[from] Stealth Rock\n|switch|p2a: Landorus|Landorus-Therian, M|100\/100\n|-damage|p2a: Landorus|88\/100|[from] Stealth Rock\n|-ability|p2a: Landorus|Intimidate|boost\n|-unboost|p1a: Catch these|atk|1\n|-unboost|p1b: Lando Malando|atk|1\n|switch|p1b: Versace Soup|Gholdengo|100\/100\n|-terastallize|p1a: Catch these|Fire\n|move|p1a: Catch these|Fire Punch|p2b: Ogerpon\n|-damage|p2b: Ogerpon|60\/100\n|\n|upkeep\n|turn|3\n|inactive|Tessera has 240 seconds left.\n|inactive|GuitarheroVGC has 180 seconds left.\n|\n|t:|1700947290\n|switch|p2b: Iron Hands|Iron Hands|100\/100\n|-damage|p2b: Iron Hands|94\/100|[from] Stealth Rock\n|switch|p1b: Lando Malando|Landorus-Therian, M|55\/100\n|-ability|p1b: Lando Malando|Intimidate|boost\n|-unboost|p2a: Landorus|atk|1\n|-unboost|p2b: Iron Hands|atk|1\n|-end|p1a: Catch these|Quark Drive|[silent]\n|switch|p1a: Big Girl Gone Wild|Ogerpon-Wellspring, F|100\/100\n|move|p2a: Landorus|Sandsear Storm|p1b: Lando Malando|[spread] p1a\n|-immune|p1b: Lando Malando\n|-resisted|p1a: Big Girl Gone Wild\n|-damage|p1a: Big Girl Gone Wild|83\/100\n|\n|upkeep\n|turn|4\n|inactive|Tessera has 240 seconds left.\n|inactive|GuitarheroVGC has 180 seconds left.\n|\n|t:|1700947321\n|switch|p1a: Versace Soup|Gholdengo|100\/100\n|move|p2b: Iron Hands|Fake Out|p1a: Versace Soup\n|-immune|p1a: Versace Soup\n|move|p2a: Landorus|Sludge Bomb|p1a: Versace Soup\n|-immune|p1a: Versace Soup\n|move|p1b: Lando Malando|Sandsear Storm|p2a: Landorus|[spread] p2b\n|-immune|p2a: Landorus\n|-supereffective|p2b: Iron Hands\n|-damage|p2b: Iron Hands|64\/100\n|-status|p2b: Iron Hands|brn\n|\n|-damage|p2b: Iron Hands|58\/100 brn|[from] brn\n|-sideend|p1: GuitarheroVGC|move: Tailwind\n|-sideend|p2: Tessera|move: Tailwind\n|upkeep\n|turn|5\n|inactive|GuitarheroVGC has 180 seconds left.\n|inactive|Tessera has 240 seconds left.\n|\n|t:|1700947347\n|move|p1a: Versace Soup|Protect|p1a: Versace Soup\n|-singleturn|p1a: Versace Soup|Protect\n|move|p2a: Landorus|U-turn|p1a: Versace Soup\n|-activate|p1a: Versace Soup|move: Protect\n|move|p1b: Lando Malando|Sandsear Storm|p2b: Iron Hands|[spread] \n|-immune|p2a: Landorus\n|-miss|p1b: Lando Malando|p2b: Iron Hands\n|move|p2b: Iron Hands|Volt Switch|p1a: Versace Soup\n|-activate|p1a: Versace Soup|move: Protect\n|\n|-damage|p2b: Iron Hands|52\/100 brn|[from] brn\n|upkeep\n|turn|6\n|inactive|GuitarheroVGC has 180 seconds left.\n|\n|t:|1700947383\n|switch|p1a: Catch these|Iron Hands, tera:Fire|100\/100\n|move|p2a: Landorus|Sandsear Storm|p1a: Catch these|[spread] p1a\n|-immune|p1b: Lando Malando\n|-supereffective|p1a: Catch these\n|-damage|p1a: Catch these|46\/100\n|-enditem|p1a: Catch these|Sitrus Berry|[eat]\n|-heal|p1a: Catch these|71\/100|[from] item: Sitrus Berry\n|move|p1b: Lando Malando|Sandsear Storm|p2b: Iron Hands|[spread] \n|-immune|p2a: Landorus\n|-miss|p1b: Lando Malando|p2b: Iron Hands\n|move|p2b: Iron Hands|Wild Charge|p1a: Catch these\n|-damage|p1a: Catch these|60\/100\n|-damage|p2b: Iron Hands|49\/100 brn|[from] Recoil\n|\n|-damage|p2b: Iron Hands|43\/100 brn|[from] brn\n|upkeep\n|turn|7\n|inactive|GuitarheroVGC has 180 seconds left.\n|\n|t:|1700947407\n|-end|p2b: Iron Hands|Quark Drive|[silent]\n|switch|p2b: Ogerpon|Ogerpon-Wellspring, F|60\/100\n|-damage|p2b: Ogerpon|48\/100|[from] Stealth Rock\n|move|p1a: Catch these|Fake Out|p2a: Landorus\n|-damage|p2a: Landorus|72\/100\n|cant|p2a: Landorus|flinch\n|move|p1b: Lando Malando|Sandsear Storm|p2a: Landorus|[spread] p2b\n|-immune|p2a: Landorus\n|-resisted|p2b: Ogerpon\n|-damage|p2b: Ogerpon|32\/100\n|\n|upkeep\n|turn|8\n|inactive|Tessera has 270 seconds left.\n|inactive|GuitarheroVGC has 180 seconds left.\n|\n|t:|1700947425\n|-end|p1a: Catch these|Quark Drive|[silent]\n|switch|p1a: Big Girl Gone Wild|Ogerpon-Wellspring, F|83\/100\n|move|p2b: Ogerpon|Horn Leech|p1b: Lando Malando\n|-damage|p1b: Lando Malando|18\/100\n|-heal|p2b: Ogerpon|52\/100|[from] drain|[of] p1b: Lando Malando\n|-enditem|p1b: Lando Malando|Sitrus Berry|[eat]\n|-heal|p1b: Lando Malando|43\/100|[from] item: Sitrus Berry\n|move|p2a: Landorus|Sandsear Storm|p1b: Lando Malando|[spread] p1a\n|-immune|p1b: Lando Malando\n|-resisted|p1a: Big Girl Gone Wild\n|-damage|p1a: Big Girl Gone Wild|66\/100\n|move|p1b: Lando Malando|U-turn|p2b: Ogerpon\n|-supereffective|p2b: Ogerpon\n|-damage|p2b: Ogerpon|13\/100\n|inactive|GuitarheroVGC has 180 seconds left.\n|\n|t:|1700947443\n|switch|p1b: Maria x tutti|Flutter Mane|100\/100|[from] U-turn\n|\n|upkeep\n|turn|9\n|\n|t:|1700947452\n|switch|p2a: Iron Hands|Iron Hands|43\/100 brn\n|-damage|p2a: Iron Hands|36\/100 brn|[from] Stealth Rock\n|move|p1b: Maria x tutti|Dazzling Gleam|p2a: Iron Hands|[spread] p2a,p2b\n|-supereffective|p2a: Iron Hands\n|-damage|p2a: Iron Hands|0 fnt\n|-damage|p2b: Ogerpon|0 fnt\n|faint|p2a: Iron Hands\n|-end|p2a: Iron Hands|Quark Drive|[silent]\n|faint|p2b: Ogerpon\n|move|p1a: Big Girl Gone Wild|Ivy Cudgel|p2: Iron Hands|[notarget]\n|-fail|p1a: Big Girl Gone Wild\n|\n|upkeep\n|\n|t:|1700947459\n|switch|p2b: Tornadus|Tornadus, M|100\/100\n|switch|p2a: Gholdengo|Gholdengo, tera:Steel|100\/100\n|-damage|p2a: Gholdengo|94\/100|[from] Stealth Rock\n|-damage|p2b: Tornadus|76\/100|[from] Stealth Rock\n|turn|10\n|inactive|GuitarheroVGC has 210 seconds left.\n|\n|t:|1700947474\n|-end|p1b: Maria x tutti|Protosynthesis|[silent]\n|switch|p1b: Catch these|Iron Hands, tera:Fire|60\/100\n|move|p2b: Tornadus|Tailwind|p2b: Tornadus\n|-sidestart|p2: Tessera|move: Tailwind\n|move|p2a: Gholdengo|Make It Rain|p1a: Big Girl Gone Wild|[spread] p1a,p1b\n|-resisted|p1a: Big Girl Gone Wild\n|-resisted|p1b: Catch these\n|-damage|p1a: Big Girl Gone Wild|20\/100\n|-damage|p1b: Catch these|23\/100\n|-unboost|p2a: Gholdengo|spa|1\n|move|p1a: Big Girl Gone Wild|Ivy Cudgel|p2b: Tornadus|[anim] Ivy Cudgel Water\n|-damage|p2b: Tornadus|25\/100\n|\n|upkeep\n|turn|11\n|inactive|GuitarheroVGC has 210 seconds left.\n|\n|t:|1700947509\n|switch|p2a: Landorus|Landorus-Therian, M|72\/100\n|-damage|p2a: Landorus|60\/100|[from] Stealth Rock\n|-ability|p2a: Landorus|Intimidate|boost\n|-unboost|p1a: Big Girl Gone Wild|atk|1\n|-unboost|p1b: Catch these|atk|1\n|move|p2b: Tornadus|Bleakwind Storm|p1b: Catch these|[spread] p1a,p1b\n|-supereffective|p1a: Big Girl Gone Wild\n|-crit|p1a: Big Girl Gone Wild\n|-damage|p1a: Big Girl Gone Wild|0 fnt\n|-damage|p1b: Catch these|0 fnt\n|faint|p1a: Big Girl Gone Wild\n|faint|p1b: Catch these\n|-end|p1b: Catch these|Quark Drive|[silent]\n|\n|upkeep\n|\n|t:|1700947520\n|switch|p1a: Lando Malando|Landorus-Therian, M|43\/100\n|switch|p1b: Maria x tutti|Flutter Mane|100\/100\n|-ability|p1a: Lando Malando|Intimidate|boost\n|-unboost|p2a: Landorus|atk|1\n|-unboost|p2b: Tornadus|atk|1\n|turn|12\n|inactive|GuitarheroVGC has 210 seconds left.\n|\n|t:|1700947533\n|move|p2b: Tornadus|Bleakwind Storm|p1a: Lando Malando|[spread] p1a,p1b\n|-damage|p1a: Lando Malando|14\/100\n|-damage|p1b: Maria x tutti|72\/100\n|move|p2a: Landorus|Sludge Bomb|p1b: Maria x tutti\n|-damage|p1b: Maria x tutti|43\/100\n|move|p1b: Maria x tutti|Moonblast|p2a: Landorus\n|-damage|p2a: Landorus|0 fnt\n|faint|p2a: Landorus\n|move|p1a: Lando Malando|Sludge Bomb|p2b: Tornadus\n|-damage|p2b: Tornadus|0 fnt\n|faint|p2b: Tornadus\n|\n|upkeep\n|\n|t:|1700947542\n|switch|p2b: Gholdengo|Gholdengo, tera:Steel|94\/100\n|switch|p2a: Basculegion|Basculegion-F, F, shiny|100\/100\n|-damage|p2a: Basculegion|88\/100|[from] Stealth Rock\n|-damage|p2b: Gholdengo|88\/100|[from] Stealth Rock\n|turn|13\n|\n|t:|1700947558\n|-end|p1b: Maria x tutti|Protosynthesis|[silent]\n|switch|p1b: Versace Soup|Gholdengo|100\/100\n|move|p2a: Basculegion|Last Respects|p1b: Versace Soup\n|-supereffective|p1b: Versace Soup\n|-damage|p1b: Versace Soup|0 fnt\n|faint|p1b: Versace Soup\n|move|p2b: Gholdengo|Shadow Ball|p1a: Lando Malando\n|-damage|p1a: Lando Malando|0 fnt\n|faint|p1a: Lando Malando\n|\n|-sideend|p2: Tessera|move: Tailwind\n|upkeep\n|\n|t:|1700947569\n|switch|p1b: Maria x tutti|Flutter Mane|43\/100\n|turn|14\n|c|\u2606GuitarheroVGC|gg\n|\n|t:|1700947573\n|move|p1b: Maria x tutti|Shadow Ball|p2a: Basculegion\n|-supereffective|p2a: Basculegion\n|-damage|p2a: Basculegion|0 fnt\n|faint|p2a: Basculegion\n|move|p2b: Gholdengo|Shadow Ball|p1b: Maria x tutti\n|-supereffective|p1b: Maria x tutti\n|-damage|p1b: Maria x tutti|0 fnt\n|faint|p1b: Maria x tutti\n|-end|p1b: Maria x tutti|Protosynthesis|[silent]\n|\n|win|Tessera\n|c|\u2606Tessera|gg\n|c|+sundays.n_sundaes|My goat\n","uploadtime":1700947574,"views":131,"p1id":"guitarherovgc","p2id":"tessera","formatid":"gen9doublesou","rating":0,"private":0,"password":""}