{"id":"smogtours-gen9doublesou-727643","p1":"Eragon11145","p2":"zee","format":"[Gen 9] Doubles OU","log":"|inactive|Battle timer is ON: inactive players will automatically lose when time's up.\n|t:|1698615157\n|gametype|doubles\n|player|p1|Eragon11145|#dwcopiii|\n|player|p2|zee|#scl3gible2|\n|teamsize|p1|6\n|teamsize|p2|6\n|gen|9\n|tier|[Gen 9] Doubles OU\n|rule|Species Clause: Limit one of each Pok\u00e9mon\n|rule|OHKO Clause: OHKO moves are banned\n|rule|Evasion Moves Clause: Evasion moves are banned\n|rule|Gravity Sleep Clause: The combination of sleep-inducing moves with imperfect accuracy and Gravity or Gigantamax Orbeetle are banned\n|rule|Endless Battle Clause: Forcing endless battles is banned\n|rule|HP Percentage Mod: HP is shown in percentages\n|clearpoke\n|poke|p1|Volcanion|\n|poke|p1|Rillaboom, F|\n|poke|p1|Flutter Mane|\n|poke|p1|Landorus-Therian, M|\n|poke|p1|Okidogi, M|\n|poke|p1|Amoonguss, F|\n|poke|p2|Landorus-Therian, M|\n|poke|p2|Flutter Mane|\n|poke|p2|Iron Hands|\n|poke|p2|Amoonguss, M|\n|poke|p2|Iron Bundle|\n|poke|p2|Heatran, F|\n|teampreview\n|inactive|Eragon11145 also wants the timer to be on.\n|c|\u2606zee|hf\n|c|\u2606Eragon11145|glhf\n|inactive|Eragon11145 has 270 seconds left.\n|inactive|zee has 270 seconds left.\n|raw|<div class=\"broadcast-red\"><strong>Moderated chat was set to \u2606!<\/strong><br \/>Only users of rank \u2606 and higher can talk.<\/div>\n|inactive|Eragon11145 has 240 seconds left.\n|\n|t:|1698615218\n|start\n|switch|p1a: Okidogi|Okidogi, M|100\/100\n|switch|p1b: Landorus|Landorus-Therian, M|100\/100\n|switch|p2a: Flutter Mane|Flutter Mane|100\/100\n|switch|p2b: Landorus|Landorus-Therian, M|100\/100\n|-ability|p1b: Landorus|Intimidate|boost\n|-unboost|p2a: Flutter Mane|atk|1\n|-unboost|p2b: Landorus|atk|1\n|-ability|p2b: Landorus|Intimidate|boost\n|-ability|p1a: Okidogi|Guard Dog|boost\n|-boost|p1a: Okidogi|atk|1\n|-unboost|p1b: Landorus|atk|1\n|turn|1\n|inactive|zee has 270 seconds left.\n|inactive|Eragon11145 has 270 seconds left.\n|inactive|zee has 240 seconds left.\n|\n|t:|1698615284\n|-terastallize|p2a: Flutter Mane|Fairy\n|move|p1a: Okidogi|Protect|p1a: Okidogi\n|-singleturn|p1a: Okidogi|Protect\n|move|p1b: Landorus|U-turn|p2a: Flutter Mane\n|-resisted|p2a: Flutter Mane\n|-damage|p2a: Flutter Mane|83\/100\n|inactive|Eragon11145 has 270 seconds left.\n|\n|t:|1698615290\n|switch|p1b: Amoonguss|Amoonguss, F|100\/100|[from] U-turn\n|move|p2a: Flutter Mane|Moonblast|p1a: Okidogi\n|-activate|p1a: Okidogi|move: Protect\n|move|p2b: Landorus|Taunt|p1b: Amoonguss\n|-start|p1b: Amoonguss|move: Taunt\n|\n|upkeep\n|turn|2\n|\n|t:|1698615306\n|switch|p1b: Landorus|Landorus-Therian, M|100\/100\n|-ability|p1b: Landorus|Intimidate|boost\n|-unboost|p2a: Flutter Mane|atk|1\n|-unboost|p2b: Landorus|atk|1\n|-terastallize|p1a: Okidogi|Poison\n|move|p2a: Flutter Mane|Moonblast|p1a: Okidogi\n|-resisted|p1a: Okidogi\n|-damage|p1a: Okidogi|58\/100\n|-unboost|p1a: Okidogi|spa|1\n|move|p2b: Landorus|Stealth Rock|p1b: Landorus\n|-sidestart|p1: Eragon11145|move: Stealth Rock\n|move|p1a: Okidogi|Poison Jab|p2a: Flutter Mane\n|-supereffective|p2a: Flutter Mane\n|-damage|p2a: Flutter Mane|0 fnt\n|faint|p2a: Flutter Mane\n|-end|p2a: Flutter Mane|Protosynthesis|[silent]\n|\n|-heal|p1a: Okidogi|64\/100|[from] item: Leftovers\n|upkeep\n|inactive|zee has 240 seconds left.\n|\n|t:|1698615339\n|switch|p2a: Iron Bundle|Iron Bundle|100\/100\n|-enditem|p2a: Iron Bundle|Booster Energy\n|-activate|p2a: Iron Bundle|ability: Quark Drive|[fromitem]\n|-start|p2a: Iron Bundle|quarkdrivespe\n|turn|3\n|inactive|Eragon11145 has 270 seconds left.\n|inactive|Eragon11145 has 240 seconds left.\n|inactive|Eragon11145 has 210 seconds left.\n|\n|t:|1698615451\n|switch|p1b: Rillaboom|Rillaboom, F|100\/100\n|-damage|p1b: Rillaboom|88\/100|[from] Stealth Rock\n|-fieldstart|move: Grassy Terrain|[from] ability: Grassy Surge|[of] p1b: Rillaboom\n|move|p2a: Iron Bundle|Protect|p2a: Iron Bundle\n|-singleturn|p2a: Iron Bundle|Protect\n|move|p1a: Okidogi|Protect|p1a: Okidogi\n|-singleturn|p1a: Okidogi|Protect\n|move|p2b: Landorus|U-turn|p1b: Rillaboom\n|-supereffective|p1b: Rillaboom\n|-damage|p1b: Rillaboom|64\/100\n|inactive|zee has 240 seconds left.\n|\n|t:|1698615465\n|switch|p2b: Heatran|Heatran, F|100\/100|[from] U-turn\n|\n|-heal|p1b: Rillaboom|70\/100|[from] Grassy Terrain\n|-heal|p1a: Okidogi|70\/100|[from] Grassy Terrain\n|-heal|p1a: Okidogi|77\/100|[from] item: Leftovers\n|upkeep\n|turn|4\n|inactive|Eragon11145 has 210 seconds left.\n|\n|t:|1698615478\n|-end|p2a: Iron Bundle|Quark Drive|[silent]\n|switch|p2a: Amoonguss|Amoonguss, M, shiny|100\/100\n|move|p2b: Heatran|Protect|p2b: Heatran\n|-singleturn|p2b: Heatran|Protect\n|move|p1b: Rillaboom|Fake Out|p2a: Amoonguss\n|-crit|p2a: Amoonguss\n|-damage|p2a: Amoonguss|85\/100\n|move|p1a: Okidogi|Drain Punch|p2b: Heatran\n|-activate|p2b: Heatran|move: Protect\n|\n|-heal|p1b: Rillaboom|76\/100|[from] Grassy Terrain\n|-heal|p1a: Okidogi|83\/100|[from] Grassy Terrain\n|-heal|p1a: Okidogi|89\/100|[from] item: Leftovers\n|-heal|p2a: Amoonguss|91\/100|[from] Grassy Terrain\n|upkeep\n|turn|5\n|\n|t:|1698615491\n|move|p1a: Okidogi|Protect|p1a: Okidogi\n|-singleturn|p1a: Okidogi|Protect\n|move|p2a: Amoonguss|Rage Powder|p2a: Amoonguss\n|-singleturn|p2a: Amoonguss|move: Rage Powder\n|move|p2b: Heatran|Heat Wave|p1b: Rillaboom|[spread] p1b\n|-activate|p1a: Okidogi|move: Protect\n|-supereffective|p1b: Rillaboom\n|-damage|p1b: Rillaboom|9\/100\n|-damage|p2b: Heatran|91\/100|[from] item: Life Orb\n|move|p1b: Rillaboom|High Horsepower|p2b: Heatran\n|-supereffective|p2b: Heatran\n|-damage|p2b: Heatran|0 fnt\n|faint|p2b: Heatran\n|\n|-heal|p1b: Rillaboom|15\/100|[from] Grassy Terrain\n|-heal|p1a: Okidogi|95\/100|[from] Grassy Terrain\n|-heal|p1a: Okidogi|100\/100|[from] item: Leftovers\n|-heal|p2a: Amoonguss|97\/100|[from] Grassy Terrain\n|upkeep\n|inactive|zee has 270 seconds left.\n|\n|t:|1698615504\n|switch|p2b: Landorus|Landorus-Therian, M|100\/100\n|-ability|p2b: Landorus|Intimidate|boost\n|-ability|p1a: Okidogi|Guard Dog|boost\n|-boost|p1a: Okidogi|atk|1\n|-unboost|p1b: Rillaboom|atk|1\n|turn|6\n|\n|t:|1698615511\n|switch|p1b: Landorus|Landorus-Therian, M|100\/100\n|-damage|p1b: Landorus|88\/100|[from] Stealth Rock\n|-ability|p1b: Landorus|Intimidate|boost\n|-unboost|p2a: Amoonguss|atk|1\n|-unboost|p2b: Landorus|atk|1\n|move|p2b: Landorus|U-turn|p1b: Landorus\n|-resisted|p1b: Landorus\n|-damage|p1b: Landorus|79\/100\n|\n|t:|1698615518\n|switch|p2b: Iron Bundle|Iron Bundle|100\/100|[from] U-turn\n|move|p1a: Okidogi|Poison Jab|p2a: Amoonguss\n|-damage|p2a: Amoonguss|16\/100\n|-enditem|p2a: Amoonguss|Sitrus Berry|[eat]\n|-heal|p2a: Amoonguss|41\/100|[from] item: Sitrus Berry\n|move|p2a: Amoonguss|Spore|p1a: Okidogi\n|-status|p1a: Okidogi|slp|[from] move: Spore\n|\n|-heal|p2a: Amoonguss|47\/100|[from] Grassy Terrain\n|upkeep\n|turn|7\n|inactive|Eragon11145 has 270 seconds left.\n|inactive|Eragon11145 has 240 seconds left.\n|\n|t:|1698615588\n|switch|p2a: Iron Hands|Iron Hands|100\/100\n|cant|p1a: Okidogi|slp\n|move|p1b: Landorus|U-turn|p2a: Iron Hands\n|-resisted|p2a: Iron Hands\n|-damage|p2a: Iron Hands|92\/100\n|\n|t:|1698615596\n|switch|p1b: Volcanion|Volcanion|100\/100|[from] U-turn\n|move|p2b: Iron Bundle|Hydro Pump|p1a: Okidogi\n|-damage|p1a: Okidogi|56\/100 slp\n|\n|-heal|p1a: Okidogi|62\/100 slp|[from] Grassy Terrain\n|-heal|p1a: Okidogi|68\/100 slp|[from] item: Leftovers\n|-heal|p2a: Iron Hands|98\/100|[from] Grassy Terrain\n|-fieldend|move: Grassy Terrain\n|upkeep\n|turn|8\n|\n|t:|1698615605\n|move|p2b: Iron Bundle|Protect|p2b: Iron Bundle\n|-singleturn|p2b: Iron Bundle|Protect\n|cant|p1a: Okidogi|slp\n|move|p1b: Volcanion|Will-O-Wisp|p2a: Iron Hands\n|-status|p2a: Iron Hands|brn\n|move|p2a: Iron Hands|Wild Charge|p1a: Okidogi\n|-damage|p1a: Okidogi|47\/100 slp\n|-damage|p2a: Iron Hands|94\/100 brn|[from] Recoil\n|\n|-heal|p1a: Okidogi|53\/100 slp|[from] item: Leftovers\n|-damage|p2a: Iron Hands|88\/100 brn|[from] brn\n|upkeep\n|turn|9\n|inactive|Eragon11145 has 240 seconds left.\n|\n|t:|1698615653\n|-end|p2b: Iron Bundle|Quark Drive|[silent]\n|switch|p2b: Landorus|Landorus-Therian, M|100\/100\n|-ability|p2b: Landorus|Intimidate|boost\n|-ability|p1a: Okidogi|Guard Dog|boost\n|-boost|p1a: Okidogi|atk|1\n|-unboost|p1b: Volcanion|atk|1\n|cant|p1a: Okidogi|slp\n|move|p1b: Volcanion|Heat Wave|p2b: Landorus|[spread] p2a\n|-miss|p1b: Volcanion|p2b: Landorus\n|-damage|p2a: Iron Hands|71\/100 brn\n|move|p2a: Iron Hands|Wild Charge|p1b: Volcanion\n|-supereffective|p1b: Volcanion\n|-damage|p1b: Volcanion|59\/100\n|-damage|p2a: Iron Hands|63\/100 brn|[from] Recoil\n|\n|-heal|p1a: Okidogi|59\/100 slp|[from] item: Leftovers\n|-damage|p2a: Iron Hands|57\/100 brn|[from] brn\n|upkeep\n|turn|10\n|\n|t:|1698615674\n|switch|p1b: Rillaboom|Rillaboom, F|15\/100\n|-damage|p1b: Rillaboom|2\/100|[from] Stealth Rock\n|-fieldstart|move: Grassy Terrain|[from] ability: Grassy Surge|[of] p1b: Rillaboom\n|-curestatus|p1a: Okidogi|slp|[msg]\n|move|p1a: Okidogi|Protect|p1a: Okidogi\n|-singleturn|p1a: Okidogi|Protect\n|move|p2b: Landorus|Stomping Tantrum|p1a: Okidogi\n|-activate|p1a: Okidogi|move: Protect\n|move|p2a: Iron Hands|Wild Charge|p1b: Rillaboom\n|-resisted|p1b: Rillaboom\n|-damage|p1b: Rillaboom|0 fnt\n|faint|p1b: Rillaboom\n|-damage|p2a: Iron Hands|56\/100 brn|[from] Recoil\n|\n|-heal|p1a: Okidogi|65\/100|[from] Grassy Terrain\n|-heal|p1a: Okidogi|72\/100|[from] item: Leftovers\n|-heal|p2a: Iron Hands|62\/100 brn|[from] Grassy Terrain\n|-damage|p2a: Iron Hands|56\/100 brn|[from] brn\n|upkeep\n|\n|t:|1698615677\n|switch|p1b: Landorus|Landorus-Therian, M|79\/100\n|-damage|p1b: Landorus|67\/100|[from] Stealth Rock\n|-ability|p1b: Landorus|Intimidate|boost\n|-unboost|p2a: Iron Hands|atk|1\n|-unboost|p2b: Landorus|atk|1\n|turn|11\n|inactive|Eragon11145 has 240 seconds left.\n|\n|t:|1698615699\n|move|p1b: Landorus|Stomping Tantrum|p2a: Iron Hands\n|-supereffective|p2a: Iron Hands\n|-damage|p2a: Iron Hands|1\/100 brn\n|move|p2b: Landorus|Stomping Tantrum|p1a: Okidogi\n|-supereffective|p1a: Okidogi\n|-damage|p1a: Okidogi|24\/100\n|move|p1a: Okidogi|Drain Punch|p2a: Iron Hands\n|-damage|p2a: Iron Hands|0 fnt\n|-heal|p1a: Okidogi|24\/100|[from] drain|[of] p2a: Iron Hands\n|faint|p2a: Iron Hands\n|-end|p2a: Iron Hands|Quark Drive|[silent]\n|\n|-heal|p1a: Okidogi|30\/100|[from] Grassy Terrain\n|-heal|p1a: Okidogi|37\/100|[from] item: Leftovers\n|upkeep\n|\n|t:|1698615704\n|switch|p2a: Iron Bundle|Iron Bundle|100\/100\n|turn|12\n|inactive|Eragon11145 has 240 seconds left.\n|\n|t:|1698615726\n|switch|p1b: Amoonguss|Amoonguss, F|100\/100\n|-damage|p1b: Amoonguss|88\/100|[from] Stealth Rock\n|move|p1a: Okidogi|Protect|p1a: Okidogi\n|-singleturn|p1a: Okidogi|Protect\n|move|p2a: Iron Bundle|Freeze-Dry|p1b: Amoonguss\n|-supereffective|p1b: Amoonguss\n|-damage|p1b: Amoonguss|31\/100\n|move|p2b: Landorus|U-turn|p2a: Iron Bundle\n|-damage|p2a: Iron Bundle|81\/100\n|\n|t:|1698615735\n|switch|p2b: Amoonguss|Amoonguss, M, shiny|81\/100|[from] U-turn\n|\n|-heal|p2a: Iron Bundle|87\/100|[from] Grassy Terrain\n|-heal|p1a: Okidogi|43\/100|[from] Grassy Terrain\n|-heal|p1a: Okidogi|49\/100|[from] item: Leftovers\n|-heal|p2b: Amoonguss|87\/100|[from] Grassy Terrain\n|-heal|p1b: Amoonguss|37\/100|[from] Grassy Terrain\n|upkeep\n|turn|13\n|\n|t:|1698615763\n|move|p2a: Iron Bundle|Protect|p2a: Iron Bundle\n|-singleturn|p2a: Iron Bundle|Protect\n|move|p1a: Okidogi|Poison Jab|p2b: Amoonguss\n|-damage|p2b: Amoonguss|0 fnt\n|faint|p2b: Amoonguss\n|move|p1b: Amoonguss|Spore|p2a: Iron Bundle\n|-activate|p2a: Iron Bundle|move: Protect\n|\n|-heal|p2a: Iron Bundle|93\/100|[from] Grassy Terrain\n|-heal|p1a: Okidogi|55\/100|[from] Grassy Terrain\n|-heal|p1a: Okidogi|61\/100|[from] item: Leftovers\n|-heal|p1b: Amoonguss|44\/100|[from] Grassy Terrain\n|upkeep\n|\n|t:|1698615767\n|switch|p2b: Landorus|Landorus-Therian, M|100\/100\n|-ability|p2b: Landorus|Intimidate|boost\n|-ability|p1a: Okidogi|Guard Dog|boost\n|-boost|p1a: Okidogi|atk|1\n|-unboost|p1b: Amoonguss|atk|1\n|turn|14\n|inactive|Eragon11145 has 270 seconds left.\n|\n|t:|1698615773\n|switch|p1b: Landorus|Landorus-Therian, M|67\/100\n|-damage|p1b: Landorus|54\/100|[from] Stealth Rock\n|-ability|p1b: Landorus|Intimidate|boost\n|-unboost|p2a: Iron Bundle|atk|1\n|-unboost|p2b: Landorus|atk|1\n|move|p1a: Okidogi|Protect|p1a: Okidogi\n|-singleturn|p1a: Okidogi|Protect\n|move|p2a: Iron Bundle|Hydro Pump|p1a: Okidogi\n|-activate|p1a: Okidogi|move: Protect\n|move|p2b: Landorus|Stomping Tantrum|p1a: Okidogi\n|-activate|p1a: Okidogi|move: Protect\n|\n|-heal|p2a: Iron Bundle|99\/100|[from] Grassy Terrain\n|-heal|p1a: Okidogi|67\/100|[from] Grassy Terrain\n|-heal|p1a: Okidogi|73\/100|[from] item: Leftovers\n|-fieldend|move: Grassy Terrain\n|upkeep\n|turn|15\n|\n|t:|1698615797\n|move|p1b: Landorus|Stone Edge|p2a: Iron Bundle\n|-supereffective|p2a: Iron Bundle\n|-damage|p2a: Iron Bundle|21\/100\n|move|p2a: Iron Bundle|Hydro Pump|p1a: Okidogi\n|-damage|p1a: Okidogi|30\/100\n|move|p2b: Landorus|Stomping Tantrum|p1a: Okidogi\n|-supereffective|p1a: Okidogi\n|-damage|p1a: Okidogi|0 fnt\n|faint|p1a: Okidogi\n|\n|upkeep\n|\n|t:|1698615804\n|switch|p1a: Flutter Mane|Flutter Mane|100\/100\n|-damage|p1a: Flutter Mane|88\/100|[from] Stealth Rock\n|-enditem|p1a: Flutter Mane|Booster Energy\n|-activate|p1a: Flutter Mane|ability: Protosynthesis|[fromitem]\n|-start|p1a: Flutter Mane|protosynthesisspe\n|turn|16\n|\n|t:|1698615811\n|move|p2a: Iron Bundle|Protect|p2a: Iron Bundle\n|-singleturn|p2a: Iron Bundle|Protect\n|move|p1a: Flutter Mane|Icy Wind|p2b: Landorus|[spread] p2b\n|-activate|p2a: Iron Bundle|move: Protect\n|-supereffective|p2b: Landorus\n|-damage|p2b: Landorus|58\/100\n|-unboost|p2b: Landorus|spe|1\n|move|p1b: Landorus|Stone Edge|p2a: Iron Bundle\n|-activate|p2a: Iron Bundle|move: Protect\n|move|p2b: Landorus|Stomping Tantrum|p1a: Flutter Mane\n|-damage|p1a: Flutter Mane|42\/100\n|\n|upkeep\n|turn|17\n|\n|t:|1698615827\n|move|p1a: Flutter Mane|Moonblast|p2a: Iron Bundle\n|-damage|p2a: Iron Bundle|0 fnt\n|faint|p2a: Iron Bundle\n|-end|p2a: Iron Bundle|Quark Drive|[silent]\n|move|p1b: Landorus|Stone Edge|p2b: Landorus\n|-damage|p2b: Landorus|21\/100\n|-enditem|p2b: Landorus|Sitrus Berry|[eat]\n|-heal|p2b: Landorus|46\/100|[from] item: Sitrus Berry\n|move|p2b: Landorus|Stomping Tantrum|p1a: Flutter Mane\n|-damage|p1a: Flutter Mane|0 fnt\n|faint|p1a: Flutter Mane\n|-end|p1a: Flutter Mane|Protosynthesis|[silent]\n|\n|upkeep\n|\n|t:|1698615831\n|switch|p1a: Amoonguss|Amoonguss, F|77\/100\n|-damage|p1a: Amoonguss|64\/100|[from] Stealth Rock\n|turn|18\n|c|\u2606zee|gg\n|-message|zee forfeited.\n|\n|win|Eragon11145\n|c|\u2606Eragon11145|gg\n","uploadtime":1698615838,"views":366,"p1id":"eragon11145","p2id":"zee","formatid":"gen9doublesou","rating":0,"private":0,"password":""}