{"id":"smogtours-gen9doublesou-727367","p1":"Flying Beagle","p2":"Jello1231","format":"[Gen 9] Doubles OU","log":"|inactive|Battle timer is ON: inactive players will automatically lose when time's up.\n|t:|1698596181\n|gametype|doubles\n|player|p1|Flying Beagle|mina-lgpe|\n|player|p2|Jello1231|arezu|\n|teamsize|p1|6\n|teamsize|p2|6\n|gen|9\n|tier|[Gen 9] Doubles OU\n|rule|Species Clause: Limit one of each Pok\u00e9mon\n|rule|OHKO Clause: OHKO moves are banned\n|rule|Evasion Moves Clause: Evasion moves are banned\n|rule|Gravity Sleep Clause: The combination of sleep-inducing moves with imperfect accuracy and Gravity or Gigantamax Orbeetle are banned\n|rule|Endless Battle Clause: Forcing endless battles is banned\n|rule|HP Percentage Mod: HP is shown in percentages\n|clearpoke\n|poke|p1|Rillaboom, F|\n|poke|p1|Ursaluna-Bloodmoon, M|\n|poke|p1|Glimmora, M|\n|poke|p1|Sinistcha-Masterpiece|\n|poke|p1|Landorus-Therian, M|\n|poke|p1|Heatran, F|\n|poke|p2|Chien-Pao|\n|poke|p2|Arcanine-Hisui, M|\n|poke|p2|Dragonite, F|\n|poke|p2|Gholdengo|\n|poke|p2|Ogerpon-Wellspring, F|\n|poke|p2|Rillaboom, F|\n|teampreview\n|c|\u2606Flying Beagle|gl hf\n|inactive|Flying Beagle has 270 seconds left.\n|c|\u2606Jello1231|U2\n|\n|t:|1698596217\n|start\n|switch|p1a: Glimmora|Glimmora, M|100\/100\n|switch|p1b: Landorus|Landorus-Therian, M|100\/100\n|switch|p2a: Gholdengo|Gholdengo|100\/100\n|switch|p2b: Arcanine|Arcanine-Hisui, M|100\/100\n|-ability|p1b: Landorus|Intimidate|boost\n|-unboost|p2a: Gholdengo|atk|1\n|-unboost|p2b: Arcanine|atk|1\n|-ability|p2b: Arcanine|Intimidate|boost\n|-unboost|p1a: Glimmora|atk|1\n|-unboost|p1b: Landorus|atk|1\n|turn|1\n|inactive|Flying Beagle has 270 seconds left.\n|inactive|Jello1231 has 270 seconds left.\n|inactive|Jello1231 has 240 seconds left.\n|inactive|Jello1231 has 210 seconds left.\n|inactive|Jello1231 has 180 seconds left.\n|\n|t:|1698596344\n|-terastallize|p2a: Gholdengo|Steel\n|move|p2a: Gholdengo|Make It Rain|p1a: Glimmora|[spread] p1a,p1b\n|-supereffective|p1a: Glimmora\n|-enditem|p1a: Glimmora|Focus Sash\n|-damage|p1a: Glimmora|1\/100\n|-damage|p1b: Landorus|16\/100\n|-unboost|p2a: Gholdengo|spa|1\n|move|p1b: Landorus|U-turn|p2a: Gholdengo\n|-resisted|p2a: Gholdengo\n|-damage|p2a: Gholdengo|90\/100\n|inactive|Flying Beagle has 240 seconds left.\n|\n|t:|1698596367\n|switch|p1b: Ursaluna|Ursaluna-Bloodmoon, M|100\/100|[from] U-turn\n|move|p1a: Glimmora|Stealth Rock|p2a: Gholdengo\n|-sidestart|p2: Jello1231|move: Stealth Rock\n|move|p2b: Arcanine|Flare Blitz|p1b: Ursaluna\n|-damage|p1b: Ursaluna|57\/100\n|-damage|p2b: Arcanine|83\/100|[from] Recoil\n|\n|upkeep\n|turn|2\n|inactive|Flying Beagle has 240 seconds left.\n|inactive|Jello1231 has 180 seconds left.\n|\n|t:|1698596396\n|switch|p1a: Heatran|Heatran, F|100\/100\n|switch|p2b: Ogerpon|Ogerpon-Wellspring, F|100\/100\n|-damage|p2b: Ogerpon|88\/100|[from] Stealth Rock\n|move|p1b: Ursaluna|Protect|p1b: Ursaluna\n|-singleturn|p1b: Ursaluna|Protect\n|move|p2a: Gholdengo|Make It Rain|p1b: Ursaluna|[spread] p1a\n|-activate|p1b: Ursaluna|move: Protect\n|-resisted|p1a: Heatran\n|-damage|p1a: Heatran|92\/100\n|-unboost|p2a: Gholdengo|spa|1\n|\n|-heal|p1a: Heatran|99\/100|[from] item: Leftovers\n|upkeep\n|turn|3\n|inactive|Flying Beagle has 240 seconds left.\n|inactive|Jello1231 has 180 seconds left.\n|\n|t:|1698596439\n|switch|p2a: Arcanine|Arcanine-Hisui, M|83\/100\n|-damage|p2a: Arcanine|58\/100|[from] Stealth Rock\n|-ability|p2a: Arcanine|Intimidate|boost\n|-unboost|p1a: Heatran|atk|1\n|-unboost|p1b: Ursaluna|atk|1\n|switch|p1b: Rillaboom|Rillaboom, F|100\/100\n|-fieldstart|move: Grassy Terrain|[from] ability: Grassy Surge|[of] p1b: Rillaboom\n|-terastallize|p1a: Heatran|Grass\n|move|p2b: Ogerpon|Ivy Cudgel|p1b: Rillaboom\n|-resisted|p1b: Rillaboom\n|-damage|p1b: Rillaboom|72\/100\n|move|p1a: Heatran|Heat Wave|p2b: Ogerpon|[spread] p2a,p2b\n|-resisted|p2a: Arcanine\n|-damage|p2a: Arcanine|46\/100\n|-damage|p2b: Ogerpon|50\/100\n|\n|-heal|p2a: Arcanine|52\/100|[from] Grassy Terrain\n|-heal|p2b: Ogerpon|56\/100|[from] Grassy Terrain\n|-heal|p1b: Rillaboom|78\/100|[from] Grassy Terrain\n|-heal|p1a: Heatran|100\/100|[from] Grassy Terrain\n|upkeep\n|turn|4\n|inactive|Flying Beagle has 240 seconds left.\n|inactive|Jello1231 has 180 seconds left.\n|inactive|Flying Beagle has 210 seconds left.\n|inactive|Jello1231 has 150 seconds left.\n|\n|t:|1698596502\n|switch|p2b: Dragonite|Dragonite, F|100\/100\n|-damage|p2b: Dragonite|76\/100|[from] Stealth Rock\n|move|p1b: Rillaboom|Fake Out|p2a: Arcanine\n|-resisted|p2a: Arcanine\n|-damage|p2a: Arcanine|43\/100\n|cant|p2a: Arcanine|flinch\n|move|p1a: Heatran|Heat Wave|p2b: Dragonite|[spread] p2a\n|-miss|p1a: Heatran|p2b: Dragonite\n|-resisted|p2a: Arcanine\n|-damage|p2a: Arcanine|30\/100\n|\n|-heal|p2a: Arcanine|36\/100|[from] Grassy Terrain\n|-heal|p1b: Rillaboom|84\/100|[from] Grassy Terrain\n|upkeep\n|turn|5\n|inactive|Flying Beagle has 210 seconds left.\n|inactive|Jello1231 has 150 seconds left.\n|inactive|Jello1231 has 120 seconds left.\n|inactive|Flying Beagle has 180 seconds left.\n|\n|t:|1698596565\n|switch|p1b: Glimmora|Glimmora, M|1\/100\n|move|p1a: Heatran|Protect|p1a: Heatran\n|-singleturn|p1a: Heatran|Protect\n|move|p2a: Arcanine|Extreme Speed|p1a: Heatran\n|-activate|p1a: Heatran|move: Protect\n|move|p2b: Dragonite|Ice Spinner|p1a: Heatran\n|-activate|p1a: Heatran|move: Protect\n|\n|-heal|p1b: Glimmora|7\/100|[from] Grassy Terrain\n|-heal|p2a: Arcanine|42\/100|[from] Grassy Terrain\n|upkeep\n|turn|6\n|inactive|Jello1231 has 120 seconds left.\n|\n|t:|1698596583\n|switch|p1a: Sinistcha|Sinistcha-Masterpiece|100\/100\n|-heal|p1b: Glimmora|32\/100|[from] ability: Hospitality|[of] p1a: Sinistcha\n|move|p2a: Arcanine|Extreme Speed|p1b: Glimmora\n|-resisted|p1b: Glimmora\n|-damage|p1b: Glimmora|8\/100\n|-activate|p1b: Glimmora|ability: Toxic Debris\n|-sidestart|p2: Jello1231|move: Toxic Spikes\n|move|p1b: Glimmora|Power Gem|p2b: Dragonite\n|-supereffective|p2b: Dragonite\n|-damage|p2b: Dragonite|0 fnt\n|faint|p2b: Dragonite\n|\n|-heal|p1b: Glimmora|14\/100|[from] Grassy Terrain\n|-heal|p2a: Arcanine|48\/100|[from] Grassy Terrain\n|upkeep\n|inactive|Jello1231 has 90 seconds left.\n|\n|t:|1698596615\n|switch|p2b: Gholdengo|Gholdengo, tera:Steel|90\/100\n|-damage|p2b: Gholdengo|84\/100|[from] Stealth Rock\n|turn|7\n|inactive|Flying Beagle has 210 seconds left.\n|inactive|Flying Beagle has 180 seconds left.\n|inactive|Flying Beagle has 150 seconds left.\n|\n|t:|1698596697\n|move|p2a: Arcanine|Extreme Speed|p1b: Glimmora\n|-resisted|p1b: Glimmora\n|-damage|p1b: Glimmora|0 fnt\n|-activate|p1b: Glimmora|ability: Toxic Debris\n|-sidestart|p2: Jello1231|move: Toxic Spikes\n|faint|p1b: Glimmora\n|move|p2b: Gholdengo|Trick|p1a: Sinistcha\n|-activate|p2b: Gholdengo|move: Trick|[of] p1a: Sinistcha\n|-item|p1a: Sinistcha|Choice Scarf|[from] move: Trick\n|-item|p2b: Gholdengo|Eject Button|[from] move: Trick\n|move|p1a: Sinistcha|Trick Room|p1a: Sinistcha\n|-fieldstart|move: Trick Room|[of] p1a: Sinistcha\n|\n|-heal|p2a: Arcanine|54\/100|[from] Grassy Terrain\n|-heal|p2b: Gholdengo|90\/100|[from] Grassy Terrain\n|-fieldend|move: Grassy Terrain\n|upkeep\n|inactive|Flying Beagle has 120 seconds left.\n|\n|t:|1698596749\n|switch|p1b: Ursaluna|Ursaluna-Bloodmoon, M|57\/100\n|turn|8\n|inactive|Jello1231 has 120 seconds left.\n|inactive|Flying Beagle has 90 seconds left.\n|inactive|Jello1231 has 90 seconds left.\n|inactive|Jello1231 has 60 seconds left.\n|\n|t:|1698596848\n|switch|p1a: Rillaboom|Rillaboom, F|84\/100\n|-fieldstart|move: Grassy Terrain|[from] ability: Grassy Surge|[of] p1a: Rillaboom\n|-enditem|p1b: Ursaluna|Grassy Seed\n|-boost|p1b: Ursaluna|def|1|[from] item: Grassy Seed\n|switch|p2b: Rillaboom|Rillaboom, F|100\/100\n|-damage|p2b: Rillaboom|88\/100|[from] Stealth Rock\n|-status|p2b: Rillaboom|tox\n|move|p2a: Arcanine|Extreme Speed|p1b: Ursaluna\n|-damage|p1b: Ursaluna|39\/100\n|move|p1b: Ursaluna|Earth Power|p2b: Rillaboom\n|-resisted|p2b: Rillaboom\n|-damage|p2b: Rillaboom|56\/100 tox\n|\n|-heal|p1b: Ursaluna|45\/100|[from] Grassy Terrain\n|-heal|p1a: Rillaboom|90\/100|[from] Grassy Terrain\n|-heal|p2b: Rillaboom|62\/100 tox|[from] Grassy Terrain\n|-heal|p2a: Arcanine|60\/100|[from] Grassy Terrain\n|-damage|p2b: Rillaboom|56\/100 tox|[from] psn\n|upkeep\n|turn|9\n|inactive|Jello1231 has 60 seconds left.\n|inactive|Flying Beagle has 90 seconds left.\n|\n|t:|1698596889\n|switch|p2b: Gholdengo|Gholdengo, tera:Steel|90\/100\n|-damage|p2b: Gholdengo|84\/100|[from] Stealth Rock\n|move|p1b: Ursaluna|Protect|p1b: Ursaluna\n|-singleturn|p1b: Ursaluna|Protect\n|move|p2a: Arcanine|Extreme Speed|p1b: Ursaluna\n|-activate|p1b: Ursaluna|move: Protect\n|move|p1a: Rillaboom|U-turn|p2b: Gholdengo\n|-resisted|p2b: Gholdengo\n|-damage|p2b: Gholdengo|69\/100\n|-enditem|p2b: Gholdengo|Eject Button\n|inactive|Jello1231 has 30 seconds left.\n|inactive|Jello1231 has 20 seconds left.\n|inactive|Jello1231 has 15 seconds left.\n|inactive|Jello1231 has 10 seconds left.\n|\n|t:|1698596922\n|switch|p2b: Rillaboom|Rillaboom, F|56\/100 tox\n|-damage|p2b: Rillaboom|44\/100 tox|[from] Stealth Rock\n|\n|-heal|p1b: Ursaluna|51\/100|[from] Grassy Terrain\n|-heal|p1a: Rillaboom|96\/100|[from] Grassy Terrain\n|-heal|p2b: Rillaboom|50\/100 tox|[from] Grassy Terrain\n|-heal|p2a: Arcanine|66\/100|[from] Grassy Terrain\n|-damage|p2b: Rillaboom|44\/100 tox|[from] psn\n|upkeep\n|turn|10\n|inactive|Jello1231 has 30 seconds left.\n|inactive|Flying Beagle has 90 seconds left.\n|inactive|Jello1231 has 20 seconds left.\n|inactive|Jello1231 has 15 seconds left.\n|inactive|Jello1231 has 10 seconds left.\n|inactive|Flying Beagle has 60 seconds left.\n|\n|t:|1698596973\n|switch|p1a: Sinistcha|Sinistcha-Masterpiece|100\/100\n|-heal|p1b: Ursaluna|76\/100|[from] ability: Hospitality|[of] p1a: Sinistcha\n|switch|p2a: Gholdengo|Gholdengo, tera:Steel|69\/100\n|-damage|p2a: Gholdengo|63\/100|[from] Stealth Rock\n|move|p2b: Rillaboom|Grassy Glide|p1b: Ursaluna\n|-supereffective|p1b: Ursaluna\n|-damage|p1b: Ursaluna|29\/100\n|move|p1b: Ursaluna|Hyper Voice|p2b: Rillaboom|[spread] p2a,p2b\n|-resisted|p2a: Gholdengo\n|-damage|p2a: Gholdengo|40\/100\n|-damage|p2b: Rillaboom|1\/100 tox\n|\n|-heal|p1b: Ursaluna|35\/100|[from] Grassy Terrain\n|-heal|p2b: Rillaboom|7\/100 tox|[from] Grassy Terrain\n|-heal|p2a: Gholdengo|46\/100|[from] Grassy Terrain\n|-damage|p2b: Rillaboom|0 fnt|[from] psn\n|faint|p2b: Rillaboom\n|upkeep\n|inactive|Jello1231 has 15 seconds left this turn.\n|inactive|Jello1231 has 10 seconds left.\n|inactive|Jello1231 has 5 seconds left.\n|\n|t:|1698596984\n|switch|p2b: Ogerpon|Ogerpon-Wellspring, F|56\/100\n|-damage|p2b: Ogerpon|44\/100|[from] Stealth Rock\n|-status|p2b: Ogerpon|tox\n|turn|11\n|inactive|Jello1231 has 30 seconds left this turn.\n|inactive|Jello1231 has 20 seconds left.\n|inactive|Jello1231 has 15 seconds left.\n|inactive|Jello1231 has 10 seconds left.\n|inactive|Flying Beagle has 60 seconds left.\n|\n|t:|1698597035\n|move|p2b: Ogerpon|Grassy Glide|p1b: Ursaluna\n|-supereffective|p1b: Ursaluna\n|-damage|p1b: Ursaluna|0 fnt\n|faint|p1b: Ursaluna\n|move|p1a: Sinistcha|Matcha Gotcha|p2a: Gholdengo|[spread] p2a,p2b\n|-resisted|p2a: Gholdengo\n|-crit|p2a: Gholdengo\n|-damage|p2a: Gholdengo|15\/100\n|-damage|p2b: Ogerpon|13\/100 tox\n|-status|p2a: Gholdengo|brn\n|move|p2a: Gholdengo|Shadow Ball|p1a: Sinistcha\n|-supereffective|p1a: Sinistcha\n|-damage|p1a: Sinistcha|0 fnt\n|faint|p1a: Sinistcha\n|\n|-heal|p2b: Ogerpon|19\/100 tox|[from] Grassy Terrain\n|-heal|p2a: Gholdengo|21\/100 brn|[from] Grassy Terrain\n|-damage|p2b: Ogerpon|13\/100 tox|[from] psn\n|-damage|p2a: Gholdengo|15\/100 brn|[from] brn\n|-fieldend|move: Trick Room\n|upkeep\n|inactive|Jello1231 has 15 seconds left this turn.\n|inactive|Flying Beagle has 30 seconds left.\n|inactive|Flying Beagle has 20 seconds left.\n|inactive|Flying Beagle has 15 seconds left.\n|\n|t:|1698597062\n|switch|p1b: Heatran|Heatran, F, tera:Grass|100\/100\n|switch|p1a: Rillaboom|Rillaboom, F|96\/100\n|turn|12\n|inactive|Flying Beagle has 30 seconds left.\n|inactive|Jello1231 has 30 seconds left.\n|inactive|Flying Beagle has 20 seconds left.\n|inactive|Flying Beagle has 15 seconds left.\n|\n|t:|1698597087\n|move|p2b: Ogerpon|Spiky Shield|p2b: Ogerpon\n|-singleturn|p2b: Ogerpon|move: Protect\n|move|p1a: Rillaboom|Fake Out|p2a: Gholdengo\n|-resisted|p2a: Gholdengo\n|-damage|p2a: Gholdengo|7\/100 brn\n|cant|p2a: Gholdengo|flinch\n|move|p1b: Heatran|Heat Wave|p2b: Ogerpon|[spread] p2a\n|-activate|p2b: Ogerpon|move: Protect\n|-supereffective|p2a: Gholdengo\n|-damage|p2a: Gholdengo|0 fnt\n|faint|p2a: Gholdengo\n|\n|-heal|p2b: Ogerpon|19\/100 tox|[from] Grassy Terrain\n|-heal|p1a: Rillaboom|100\/100|[from] Grassy Terrain\n|-damage|p2b: Ogerpon|7\/100 tox|[from] psn\n|-fieldend|move: Grassy Terrain\n|upkeep\n|inactive|Flying Beagle has 20 seconds left this turn.\n|inactive|Jello1231 has 30 seconds left this turn.\n|inactive|Jello1231 has 20 seconds left.\n|inactive|Jello1231 has 15 seconds left.\n|inactive|Jello1231 has 10 seconds left.\n|\n|t:|1698597110\n|switch|p2a: Arcanine|Arcanine-Hisui, M|66\/100\n|-damage|p2a: Arcanine|42\/100|[from] Stealth Rock\n|-status|p2a: Arcanine|tox\n|-ability|p2a: Arcanine|Intimidate|boost\n|-unboost|p1a: Rillaboom|atk|1\n|-unboost|p1b: Heatran|atk|1\n|turn|13\n|inactive|Jello1231 has 30 seconds left.\n|\n|t:|1698597124\n|switch|p1a: Landorus|Landorus-Therian, M|16\/100\n|-ability|p1a: Landorus|Intimidate|boost\n|-unboost|p2a: Arcanine|atk|1\n|-unboost|p2b: Ogerpon|atk|1\n|move|p2b: Ogerpon|Follow Me|p2b: Ogerpon\n|-singleturn|p2b: Ogerpon|move: Follow Me\n|move|p2a: Arcanine|Rock Slide|p1b: Heatran|[spread] p1a,p1b\n|-damage|p1a: Landorus|0 fnt\n|-damage|p1b: Heatran|77\/100\n|faint|p1a: Landorus\n|move|p1b: Heatran|Earth Power|p2b: Ogerpon\n|-resisted|p2b: Ogerpon\n|-damage|p2b: Ogerpon|0 fnt\n|faint|p2b: Ogerpon\n|\n|-heal|p1b: Heatran|83\/100|[from] item: Leftovers\n|-damage|p2a: Arcanine|36\/100 tox|[from] psn\n|upkeep\n|\n|t:|1698597133\n|switch|p1a: Rillaboom|Rillaboom, F|100\/100\n|switch|p2b: Chien-Pao|Chien-Pao|100\/100\n|-damage|p2b: Chien-Pao|76\/100|[from] Stealth Rock\n|-status|p2b: Chien-Pao|tox\n|-ability|p2b: Chien-Pao|Sword of Ruin\n|-fieldstart|move: Grassy Terrain|[from] ability: Grassy Surge|[of] p1a: Rillaboom\n|turn|14\n|inactive|Jello1231 has 60 seconds left.\n|\n|t:|1698597152\n|move|p2b: Chien-Pao|Protect|p2b: Chien-Pao\n|-singleturn|p2b: Chien-Pao|Protect\n|move|p1a: Rillaboom|Fake Out|p2b: Chien-Pao\n|-activate|p2b: Chien-Pao|move: Protect\n|move|p2a: Arcanine|Rock Slide|p1a: Rillaboom|[spread] p1a,p1b\n|-damage|p1a: Rillaboom|63\/100\n|-damage|p1b: Heatran|51\/100\n|move|p1b: Heatran|Earth Power|p2a: Arcanine\n|-supereffective|p2a: Arcanine\n|-damage|p2a: Arcanine|0 fnt\n|faint|p2a: Arcanine\n|\n|-heal|p2b: Chien-Pao|82\/100 tox|[from] Grassy Terrain\n|-heal|p1a: Rillaboom|70\/100|[from] Grassy Terrain\n|-heal|p1b: Heatran|57\/100|[from] Grassy Terrain\n|-heal|p1b: Heatran|63\/100|[from] item: Leftovers\n|-damage|p2b: Chien-Pao|76\/100 tox|[from] psn\n|upkeep\n|turn|15\n|\n|t:|1698597168\n|move|p2b: Chien-Pao|Icicle Crash|p1b: Heatran\n|-supereffective|p1b: Heatran\n|-crit|p1b: Heatran\n|-damage|p1b: Heatran|0 fnt\n|faint|p1b: Heatran\n|move|p1a: Rillaboom|Wood Hammer|p2b: Chien-Pao\n|-crit|p2b: Chien-Pao\n|-damage|p2b: Chien-Pao|0 fnt\n|faint|p2b: Chien-Pao\n|-damage|p1a: Rillaboom|50\/100|[from] Recoil\n|\n|win|Flying Beagle\n|c|\u2606Flying Beagle|gg\n","uploadtime":1698597169,"views":39,"p1id":"flyingbeagle","p2id":"jello1231","formatid":"gen9doublesou","rating":0,"private":0,"password":""}