{"id":"smogtours-gen9doublesou-724870","p1":"Flying Beagle","p2":"sanjaydas","format":"[Gen 9] Doubles OU","log":"|inactive|Battle timer is ON: inactive players will automatically lose when time's up.\n|t:|1697801896\n|gametype|doubles\n|player|p1|Flying Beagle|tateandliza-gen3|\n|player|p2|sanjaydas|169|\n|teamsize|p1|6\n|teamsize|p2|6\n|gen|9\n|tier|[Gen 9] Doubles OU\n|rule|Species Clause: Limit one of each Pok\u00e9mon\n|rule|OHKO Clause: OHKO moves are banned\n|rule|Evasion Moves Clause: Evasion moves are banned\n|rule|Gravity Sleep Clause: The combination of sleep-inducing moves with imperfect accuracy and Gravity or Gigantamax Orbeetle are banned\n|rule|Endless Battle Clause: Forcing endless battles is banned\n|rule|HP Percentage Mod: HP is shown in percentages\n|clearpoke\n|poke|p1|Arcanine-Hisui, M|\n|poke|p1|Tornadus, M|\n|poke|p1|Ogerpon-Wellspring, F|\n|poke|p1|Landorus-Therian, M|\n|poke|p1|Rillaboom, F|\n|poke|p1|Iron Hands|\n|poke|p2|Ninetales-Alola, F|\n|poke|p2|Ogerpon-Wellspring, F|\n|poke|p2|Flutter Mane|\n|poke|p2|Heatran, M|\n|poke|p2|Landorus-Therian, M|\n|poke|p2|Roaring Moon|\n|teampreview\n|c|\u2606sanjaydas|glhf\n|c|\u2606Flying Beagle|sorry for the wait!\n|c|\u2606Flying Beagle|gl hf\n|c|\u2606sanjaydas|np\n|inactive|Flying Beagle has 270 seconds left.\n|inactive|sanjaydas has 270 seconds left.\n|inactive|Flying Beagle has 240 seconds left.\n|\n|t:|1697801973\n|start\n|switch|p1a: Tornadus|Tornadus, M|100\/100\n|switch|p1b: Windie|Arcanine-Hisui, M|100\/100\n|switch|p2a: Landorus|Landorus-Therian, M|100\/100\n|switch|p2b: Flutter Mane|Flutter Mane|100\/100\n|-ability|p1b: Windie|Intimidate|boost\n|-unboost|p2a: Landorus|atk|1\n|-unboost|p2b: Flutter Mane|atk|1\n|-ability|p2a: Landorus|Intimidate|boost\n|-unboost|p1a: Tornadus|atk|1\n|-unboost|p1b: Windie|atk|1\n|turn|1\n|inactive|Flying Beagle has 270 seconds left.\n|\n|t:|1697802010\n|-terastallize|p1b: Windie|Normal\n|move|p1a: Tornadus|Tailwind|p1a: Tornadus\n|-sidestart|p1: Flying Beagle|move: Tailwind\n|move|p1b: Windie|Rock Slide|p2a: Landorus|[spread] p2a,p2b\n|-damage|p2a: Landorus|69\/100\n|-damage|p2b: Flutter Mane|39\/100\n|move|p2b: Flutter Mane|Power Gem|p1a: Tornadus\n|-supereffective|p1a: Tornadus\n|-enditem|p1a: Tornadus|Focus Sash\n|-damage|p1a: Tornadus|1\/100\n|move|p2a: Landorus|Stomping Tantrum|p1b: Windie\n|-damage|p1b: Windie|69\/100\n|\n|upkeep\n|turn|2\n|inactive|Flying Beagle has 270 seconds left.\n|\n|t:|1697802039\n|switch|p1a: Landorus|Landorus-Therian, M|100\/100\n|-ability|p1a: Landorus|Intimidate|boost\n|-unboost|p2a: Landorus|atk|1\n|-unboost|p2b: Flutter Mane|atk|1\n|-end|p2b: Flutter Mane|Protosynthesis|[silent]\n|switch|p2b: Heatran|Heatran, M|100\/100\n|move|p1b: Windie|Rock Slide|p2a: Landorus|[spread] p2a,p2b\n|-damage|p2a: Landorus|36\/100\n|-damage|p2b: Heatran|76\/100\n|move|p2a: Landorus|U-turn|p1a: Landorus\n|-resisted|p1a: Landorus\n|-damage|p1a: Landorus|94\/100\n|inactive|sanjaydas has 270 seconds left.\n|\n|t:|1697802051\n|switch|p2a: Ninetales|Ninetales-Alola, F|100\/100|[from] U-turn\n|-weather|Snow|[from] ability: Snow Warning|[of] p2a: Ninetales\n|\n|-weather|Snow|[upkeep]\n|upkeep\n|turn|3\n|inactive|Flying Beagle has 270 seconds left.\n|inactive|Flying Beagle has 240 seconds left.\n|\n|t:|1697802117\n|switch|p2b: Landorus|Landorus-Therian, M|36\/100\n|-ability|p2b: Landorus|Intimidate|boost\n|-unboost|p1a: Landorus|atk|1\n|-unboost|p1b: Windie|atk|1\n|move|p1b: Windie|Rock Slide|p2b: Landorus|[spread] p2a,p2b\n|-supereffective|p2a: Ninetales\n|-damage|p2a: Ninetales|67\/100\n|-damage|p2b: Landorus|15\/100\n|move|p1a: Landorus|Rock Slide|p2a: Ninetales|[spread] p2a,p2b\n|-supereffective|p2a: Ninetales\n|-damage|p2a: Ninetales|48\/100\n|-damage|p2b: Landorus|1\/100\n|cant|p2a: Ninetales|flinch\n|\n|-weather|Snow|[upkeep]\n|upkeep\n|turn|4\n|c|\u2606Flying Beagle|sry\n|inactive|Flying Beagle has 240 seconds left.\n|c|\u2606sanjaydas|allg\n|\n|t:|1697802138\n|switch|p2b: Roaring Moon|Roaring Moon|100\/100\n|-enditem|p2b: Roaring Moon|Booster Energy\n|-activate|p2b: Roaring Moon|ability: Protosynthesis|[fromitem]\n|-start|p2b: Roaring Moon|protosynthesisspe\n|move|p2a: Ninetales|Protect|p2a: Ninetales\n|-singleturn|p2a: Ninetales|Protect\n|move|p1b: Windie|Rock Slide|p2a: Ninetales|[spread] p2b\n|-activate|p2a: Ninetales|move: Protect\n|-damage|p2b: Roaring Moon|72\/100\n|move|p1a: Landorus|Rock Slide|p2b: Roaring Moon|[spread] p2b\n|-activate|p2a: Ninetales|move: Protect\n|-damage|p2b: Roaring Moon|56\/100\n|\n|-weather|Snow|[upkeep]\n|-sideend|p1: Flying Beagle|move: Tailwind\n|upkeep\n|turn|5\n|inactive|Flying Beagle has 240 seconds left.\n|\n|t:|1697802169\n|switch|p1b: Tornadus|Tornadus, M|1\/100\n|switch|p1a: Iron Hands|Iron Hands|100\/100\n|move|p2b: Roaring Moon|Knock Off|p1b: Tornadus\n|-damage|p1b: Tornadus|0 fnt\n|faint|p1b: Tornadus\n|move|p2a: Ninetales|Aurora Veil|p2a: Ninetales\n|-sidestart|p2: sanjaydas|move: Aurora Veil\n|\n|-weather|Snow|[upkeep]\n|upkeep\n|inactive|Flying Beagle has 210 seconds left.\n|\n|t:|1697802210\n|switch|p1b: Landorus|Landorus-Therian, M|94\/100\n|-ability|p1b: Landorus|Intimidate|boost\n|-unboost|p2a: Ninetales|atk|1\n|-unboost|p2b: Roaring Moon|atk|1\n|turn|6\n|\n|t:|1697802237\n|move|p2b: Roaring Moon|Protect|p2b: Roaring Moon\n|-singleturn|p2b: Roaring Moon|Protect\n|move|p2a: Ninetales|Protect|p2a: Ninetales\n|-singleturn|p2a: Ninetales|Protect\n|move|p1a: Iron Hands|Fake Out|p2a: Ninetales\n|-activate|p2a: Ninetales|move: Protect\n|move|p1b: Landorus|Stealth Rock|p2b: Roaring Moon\n|-sidestart|p2: sanjaydas|move: Stealth Rock\n|\n|-weather|none\n|upkeep\n|turn|7\n|inactive|Flying Beagle has 240 seconds left.\n|\n|t:|1697802265\n|switch|p1b: Windie|Arcanine-Hisui, M, tera:Normal|69\/100\n|-ability|p1b: Windie|Intimidate|boost\n|-unboost|p2a: Ninetales|atk|1\n|-unboost|p2b: Roaring Moon|atk|1\n|move|p2b: Roaring Moon|Knock Off|p1b: Windie\n|-damage|p1b: Windie|38\/100\n|-enditem|p1b: Windie|Choice Band|[from] move: Knock Off|[of] p2b: Roaring Moon\n|move|p2a: Ninetales|Encore|p1a: Iron Hands\n|-start|p1a: Iron Hands|Encore\n|move|p1a: Iron Hands|Fake Out||[still]\n|-hint|Fake Out only works on your first turn out.\n|-fail|p1a: Iron Hands\n|\n|upkeep\n|turn|8\n|inactive|Flying Beagle has 240 seconds left.\n|inactive|Flying Beagle has 210 seconds left.\n|\n|t:|1697802331\n|switch|p1b: Rillaboom|Rillaboom, F|100\/100\n|-fieldstart|move: Grassy Terrain|[from] ability: Grassy Surge|[of] p1b: Rillaboom\n|-end|p1a: Iron Hands|Quark Drive|[silent]\n|switch|p1a: Ogerpon|Ogerpon-Wellspring, F|100\/100\n|move|p2b: Roaring Moon|Knock Off|p1a: Ogerpon\n|-damage|p1a: Ogerpon|80\/100\n|move|p2a: Ninetales|Blizzard|p1b: Rillaboom|[spread] \n|-miss|p2a: Ninetales|p1a: Ogerpon\n|-miss|p2a: Ninetales|p1b: Rillaboom\n|\n|-heal|p2b: Roaring Moon|62\/100|[from] Grassy Terrain\n|-heal|p1a: Ogerpon|86\/100|[from] Grassy Terrain\n|-heal|p2a: Ninetales|54\/100|[from] Grassy Terrain\n|upkeep\n|turn|9\n|\n|t:|1697802349\n|switch|p2a: Landorus|Landorus-Therian, M|1\/100\n|-damage|p2a: Landorus|0 fnt|[from] Stealth Rock\n|faint|p2a: Landorus\n|move|p1b: Rillaboom|Fake Out|p2b: Roaring Moon\n|-damage|p2b: Roaring Moon|51\/100\n|cant|p2b: Roaring Moon|flinch\n|move|p1a: Ogerpon|Swords Dance|p1a: Ogerpon\n|-boost|p1a: Ogerpon|atk|2\n|\n|-heal|p2b: Roaring Moon|57\/100|[from] Grassy Terrain\n|-heal|p1a: Ogerpon|93\/100|[from] Grassy Terrain\n|upkeep\n|inactive|sanjaydas has 270 seconds left.\n|\n|t:|1697802374\n|switch|p2a: Heatran|Heatran, M|76\/100\n|-damage|p2a: Heatran|64\/100|[from] Stealth Rock\n|turn|10\n|inactive|Flying Beagle has 210 seconds left.\n|\n|t:|1697802417\n|move|p1a: Ogerpon|Spiky Shield|p1a: Ogerpon\n|-singleturn|p1a: Ogerpon|move: Protect\n|move|p2b: Roaring Moon|Knock Off|p1b: Rillaboom\n|-damage|p1b: Rillaboom|75\/100\n|-enditem|p1b: Rillaboom|Assault Vest|[from] move: Knock Off|[of] p2b: Roaring Moon\n|move|p1b: Rillaboom|U-turn|p2a: Heatran\n|-resisted|p2a: Heatran\n|-damage|p2a: Heatran|61\/100\n|inactive|Flying Beagle has 180 seconds left.\n|\n|t:|1697802434\n|switch|p1b: Iron Hands|Iron Hands|100\/100|[from] U-turn\n|move|p2a: Heatran|Will-O-Wisp|p1a: Ogerpon\n|-activate|p1a: Ogerpon|move: Protect\n|\n|-heal|p2b: Roaring Moon|63\/100|[from] Grassy Terrain\n|-heal|p1a: Ogerpon|99\/100|[from] Grassy Terrain\n|-heal|p2a: Heatran|67\/100|[from] Grassy Terrain\n|upkeep\n|turn|11\n|\n|t:|1697802448\n|move|p1b: Iron Hands|Fake Out|p2a: Heatran\n|-resisted|p2a: Heatran\n|-damage|p2a: Heatran|63\/100\n|move|p2b: Roaring Moon|Tailwind|p2b: Roaring Moon\n|-sidestart|p2: sanjaydas|move: Tailwind\n|move|p2a: Heatran|Will-O-Wisp|p1a: Ogerpon|[miss]\n|-miss|p2a: Heatran|p1a: Ogerpon\n|move|p1a: Ogerpon|Swords Dance|p1a: Ogerpon\n|-boost|p1a: Ogerpon|atk|2\n|\n|-heal|p2b: Roaring Moon|69\/100|[from] Grassy Terrain\n|-heal|p2a: Heatran|69\/100|[from] Grassy Terrain\n|-heal|p1a: Ogerpon|100\/100|[from] Grassy Terrain\n|upkeep\n|turn|12\n|inactive|Flying Beagle has 210 seconds left.\n|\n|t:|1697802474\n|-end|p1b: Iron Hands|Quark Drive|[silent]\n|switch|p1b: Landorus|Landorus-Therian, M|94\/100\n|-ability|p1b: Landorus|Intimidate|boost\n|-unboost|p2a: Heatran|atk|1\n|-unboost|p2b: Roaring Moon|atk|1\n|-terastallize|p2b: Roaring Moon|Flying\n|move|p2b: Roaring Moon|Acrobatics|p1a: Ogerpon\n|-supereffective|p1a: Ogerpon\n|-damage|p1a: Ogerpon|52\/100\n|move|p2a: Heatran|Will-O-Wisp|p1b: Landorus\n|-status|p1b: Landorus|brn\n|move|p1a: Ogerpon|Ivy Cudgel|p2a: Heatran\n|-supereffective|p2a: Heatran\n|-damage|p2a: Heatran|0 fnt\n|faint|p2a: Heatran\n|\n|-heal|p1a: Ogerpon|58\/100|[from] Grassy Terrain\n|-damage|p1b: Landorus|88\/100 brn|[from] brn\n|-sideend|p2: sanjaydas|move: Aurora Veil\n|-fieldend|move: Grassy Terrain\n|upkeep\n|inactive|sanjaydas has 270 seconds left.\n|\n|t:|1697802488\n|switch|p2a: Flutter Mane|Flutter Mane|39\/100\n|-damage|p2a: Flutter Mane|27\/100|[from] Stealth Rock\n|turn|13\n|inactive|Flying Beagle has 210 seconds left.\n|inactive|Flying Beagle has 180 seconds left.\n|\n|t:|1697802545\n|-end|p2a: Flutter Mane|Protosynthesis|[silent]\n|switch|p2a: Ninetales|Ninetales-Alola, F|54\/100\n|-damage|p2a: Ninetales|30\/100|[from] Stealth Rock\n|-weather|Snow|[from] ability: Snow Warning|[of] p2a: Ninetales\n|move|p1a: Ogerpon|Spiky Shield|p1a: Ogerpon\n|-singleturn|p1a: Ogerpon|move: Protect\n|move|p2b: Roaring Moon|Acrobatics|p1a: Ogerpon\n|-activate|p1a: Ogerpon|move: Protect\n|-damage|p2b: Roaring Moon|57\/100|[from] Spiky Shield|[of] p1a: Ogerpon\n|move|p1b: Landorus|Stomping Tantrum|p2a: Ninetales\n|-damage|p2a: Ninetales|14\/100\n|\n|-weather|Snow|[upkeep]\n|-damage|p1b: Landorus|82\/100 brn|[from] brn\n|upkeep\n|turn|14\n|inactive|Flying Beagle has 180 seconds left.\n|\n|t:|1697802565\n|switch|p1b: Windie|Arcanine-Hisui, M, tera:Normal|38\/100\n|-ability|p1b: Windie|Intimidate|boost\n|-unboost|p2a: Ninetales|atk|1\n|-unboost|p2b: Roaring Moon|atk|1\n|move|p2a: Ninetales|Protect|p2a: Ninetales\n|-singleturn|p2a: Ninetales|Protect\n|move|p2b: Roaring Moon|Acrobatics|p1a: Ogerpon\n|-supereffective|p1a: Ogerpon\n|-damage|p1a: Ogerpon|16\/100\n|move|p1a: Ogerpon|Horn Leech|p2a: Ninetales\n|-activate|p2a: Ninetales|move: Protect\n|\n|-weather|Snow|[upkeep]\n|-sideend|p2: sanjaydas|move: Tailwind\n|upkeep\n|turn|15\n|inactive|Flying Beagle has 180 seconds left.\n|inactive|sanjaydas has 270 seconds left.\n|inactive|Flying Beagle has 150 seconds left.\n|\n|t:|1697802618\n|move|p1a: Ogerpon|Spiky Shield|p1a: Ogerpon\n|-singleturn|p1a: Ogerpon|move: Protect\n|move|p1b: Windie|Extreme Speed|p2a: Ninetales\n|-damage|p2a: Ninetales|0 fnt\n|faint|p2a: Ninetales\n|move|p2b: Roaring Moon|Acrobatics|p1a: Ogerpon\n|-activate|p1a: Ogerpon|move: Protect\n|-damage|p2b: Roaring Moon|44\/100|[from] Spiky Shield|[of] p1a: Ogerpon\n|\n|-weather|Snow|[upkeep]\n|upkeep\n|inactive|sanjaydas has 270 seconds left.\n|\n|t:|1697802625\n|switch|p2a: Flutter Mane|Flutter Mane|27\/100\n|-damage|p2a: Flutter Mane|14\/100|[from] Stealth Rock\n|turn|16\n|\n|t:|1697802643\n|move|p2b: Roaring Moon|Protect|p2b: Roaring Moon\n|-singleturn|p2b: Roaring Moon|Protect\n|move|p1b: Windie|Extreme Speed|p2b: Roaring Moon\n|-activate|p2b: Roaring Moon|move: Protect\n|move|p2a: Flutter Mane|Dazzling Gleam|p1a: Ogerpon|[spread] p1a,p1b\n|-damage|p1a: Ogerpon|0 fnt\n|-damage|p1b: Windie|0 fnt\n|faint|p1a: Ogerpon\n|faint|p1b: Windie\n|\n|-weather|Snow|[upkeep]\n|upkeep\n|inactive|Flying Beagle has 150 seconds left.\n|\n|t:|1697802671\n|switch|p1a: Rillaboom|Rillaboom, F|75\/100\n|switch|p1b: Iron Hands|Iron Hands|100\/100\n|-fieldstart|move: Grassy Terrain|[from] ability: Grassy Surge|[of] p1a: Rillaboom\n|turn|17\n|\n|t:|1697802692\n|-end|p2a: Flutter Mane|Protosynthesis|[silent]\n|switch|p2a: Ogerpon|Ogerpon-Wellspring, F|100\/100\n|-damage|p2a: Ogerpon|88\/100|[from] Stealth Rock\n|move|p1a: Rillaboom|Grassy Glide|p2a: Ogerpon\n|-damage|p2a: Ogerpon|56\/100\n|move|p2b: Roaring Moon|Acrobatics|p1a: Rillaboom\n|-supereffective|p1a: Rillaboom\n|-damage|p1a: Rillaboom|38\/100\n|move|p1b: Iron Hands|Wild Charge|p2b: Roaring Moon\n|-supereffective|p2b: Roaring Moon\n|-damage|p2b: Roaring Moon|0 fnt\n|faint|p2b: Roaring Moon\n|-end|p2b: Roaring Moon|Protosynthesis|[silent]\n|-damage|p1b: Iron Hands|92\/100|[from] Recoil\n|\n|-weather|none\n|-heal|p2a: Ogerpon|62\/100|[from] Grassy Terrain\n|-heal|p1a: Rillaboom|44\/100|[from] Grassy Terrain\n|-heal|p1b: Iron Hands|98\/100|[from] Grassy Terrain\n|upkeep\n|\n|t:|1697802703\n|switch|p2b: Flutter Mane|Flutter Mane|14\/100\n|-damage|p2b: Flutter Mane|2\/100|[from] Stealth Rock\n|turn|18\n|inactive|Flying Beagle has 180 seconds left.\n|\n|t:|1697802709\n|move|p1a: Rillaboom|Grassy Glide|p2b: Flutter Mane\n|-damage|p2b: Flutter Mane|0 fnt\n|faint|p2b: Flutter Mane\n|-end|p2b: Flutter Mane|Protosynthesis|[silent]\n|move|p2a: Ogerpon|Swords Dance|p2a: Ogerpon\n|-boost|p2a: Ogerpon|atk|2\n|move|p1b: Iron Hands|Close Combat|p2a: Ogerpon\n|-crit|p2a: Ogerpon\n|-damage|p2a: Ogerpon|0 fnt\n|-unboost|p1b: Iron Hands|def|1\n|-unboost|p1b: Iron Hands|spd|1\n|faint|p2a: Ogerpon\n|\n|win|Flying Beagle\n|c|\u2606sanjaydas|gg\n|c|\u2606Flying Beagle|gg sry for hax\n","uploadtime":1697802711,"views":62,"p1id":"flyingbeagle","p2id":"sanjaydas","formatid":"gen9doublesou","rating":0,"private":0,"password":""}