{"id":"smogtours-gen9doublesou-730025","p1":"eragon11145","p2":"Ninja","format":"[Gen 9] Doubles OU","log":"|inactive|Battle timer is ON: inactive players will automatically lose when time's up.\n|t:|1699737425\n|gametype|doubles\n|player|p1|eragon11145|#dwcopiii|\n|player|p2|Ninja|#puwciiibrazil|\n|teamsize|p1|6\n|teamsize|p2|6\n|gen|9\n|tier|[Gen 9] Doubles OU\n|rule|Species Clause: Limit one of each Pok\u00e9mon\n|rule|OHKO Clause: OHKO moves are banned\n|rule|Evasion Moves Clause: Evasion moves are banned\n|rule|Gravity Sleep Clause: The combination of sleep-inducing moves with imperfect accuracy and Gravity or Gigantamax Orbeetle are banned\n|rule|Endless Battle Clause: Forcing endless battles is banned\n|rule|HP Percentage Mod: HP is shown in percentages\n|clearpoke\n|poke|p1|Ninetales-Alola, F|\n|poke|p1|Baxcalibur, M|\n|poke|p1|Sinistcha|\n|poke|p1|Heatran, M|\n|poke|p1|Flutter Mane|\n|poke|p1|Iron Hands|\n|poke|p2|Kleavor, F|\n|poke|p2|Kingambit, F|\n|poke|p2|Flutter Mane|\n|poke|p2|Rillaboom, M|\n|poke|p2|Volcanion|\n|poke|p2|Iron Hands|\n|teampreview\n|inactive|eragon11145 also wants the timer to be on.\n|c|\u2606Ninja|hf\n|c|\u2606eragon11145|u2\n|inactive|eragon11145 has 270 seconds left.\n|inactive|Ninja has 270 seconds left.\n|inactive|Ninja has 240 seconds left.\n|inactive|Ninja has 210 seconds left.\n|\n|t:|1699737518\n|start\n|switch|p1a: Iron Hands|Iron Hands|100\/100\n|switch|p1b: Heatran|Heatran, M|100\/100\n|switch|p2a: Flutter Mane|Flutter Mane, shiny|100\/100\n|switch|p2b: Kleavor|Kleavor, F|100\/100\n|-enditem|p2a: Flutter Mane|Booster Energy\n|-activate|p2a: Flutter Mane|ability: Protosynthesis|[fromitem]\n|-start|p2a: Flutter Mane|protosynthesisspa\n|turn|1\n|inactive|Ninja has 270 seconds left.\n|\n|t:|1699737556\n|switch|p2b: Iron Hands|Iron Hands|100\/100\n|move|p2a: Flutter Mane|Protect|p2a: Flutter Mane\n|-singleturn|p2a: Flutter Mane|Protect\n|move|p1a: Iron Hands|Fake Out|p2b: Iron Hands\n|-damage|p2b: Iron Hands|90\/100\n|move|p1b: Heatran|Substitute|p1b: Heatran\n|-start|p1b: Heatran|Substitute\n|-damage|p1b: Heatran|76\/100\n|\n|-heal|p1b: Heatran|82\/100|[from] item: Leftovers\n|upkeep\n|turn|2\n|inactive|Ninja has 270 seconds left.\n|inactive|eragon11145 has 270 seconds left.\n|inactive|Ninja has 240 seconds left.\n|inactive|Ninja has 210 seconds left.\n|\n|t:|1699737655\n|-end|p1a: Iron Hands|Quark Drive|[silent]\n|switch|p1a: Ninetales|Ninetales-Alola, F|100\/100\n|-weather|Snow|[from] ability: Snow Warning|[of] p1a: Ninetales\n|move|p2b: Iron Hands|Fake Out|p1a: Ninetales\n|-damage|p1a: Ninetales|89\/100\n|move|p2a: Flutter Mane|Moonblast|p1a: Ninetales\n|-damage|p1a: Ninetales|28\/100\n|move|p1b: Heatran|Heat Wave|p2a: Flutter Mane|[spread] p2b\n|-miss|p1b: Heatran|p2a: Flutter Mane\n|-damage|p2b: Iron Hands|68\/100\n|\n|-weather|Snow|[upkeep]\n|-heal|p1b: Heatran|88\/100|[from] item: Leftovers\n|upkeep\n|turn|3\n|inactive|Ninja has 210 seconds left.\n|inactive|eragon11145 has 270 seconds left.\n|\n|t:|1699737679\n|move|p2a: Flutter Mane|Moonblast|p1a: Ninetales\n|-damage|p1a: Ninetales|0 fnt\n|faint|p1a: Ninetales\n|move|p1b: Heatran|Earth Power|p2b: Iron Hands\n|-supereffective|p2b: Iron Hands\n|-damage|p2b: Iron Hands|33\/100\n|move|p2b: Iron Hands|Drain Punch|p1b: Heatran\n|-supereffective|p1b: Heatran\n|-end|p1b: Heatran|Substitute\n|-heal|p2b: Iron Hands|44\/100|[from] drain|[of] p1b: Heatran\n|\n|-weather|Snow|[upkeep]\n|-heal|p1b: Heatran|94\/100|[from] item: Leftovers\n|upkeep\n|inactive|eragon11145 has 270 seconds left.\n|\n|t:|1699737702\n|switch|p1a: Baxcalibur|Baxcalibur, M|100\/100\n|turn|4\n|inactive|Ninja has 210 seconds left.\n|inactive|Ninja has 180 seconds left.\n|\n|t:|1699737776\n|-terastallize|p1a: Baxcalibur|Poison\n|move|p2a: Flutter Mane|Shadow Ball|p1a: Baxcalibur\n|-damage|p1a: Baxcalibur|55\/100\n|-unboost|p1a: Baxcalibur|spd|1\n|move|p1a: Baxcalibur|Dragon Dance|p1a: Baxcalibur\n|-boost|p1a: Baxcalibur|atk|1\n|-boost|p1a: Baxcalibur|spe|1\n|move|p1b: Heatran|Substitute|p1b: Heatran\n|-start|p1b: Heatran|Substitute\n|-damage|p1b: Heatran|69\/100\n|move|p2b: Iron Hands|Drain Punch|p1b: Heatran\n|-supereffective|p1b: Heatran\n|-end|p1b: Heatran|Substitute\n|-heal|p2b: Iron Hands|54\/100|[from] drain|[of] p1b: Heatran\n|\n|-weather|Snow|[upkeep]\n|-heal|p1a: Baxcalibur|61\/100|[from] ability: Ice Body\n|-heal|p1a: Baxcalibur|67\/100|[from] item: Leftovers\n|-heal|p1b: Heatran|76\/100|[from] item: Leftovers\n|upkeep\n|turn|5\n|inactive|Ninja has 180 seconds left.\n|inactive|Ninja has 150 seconds left.\n|inactive|Ninja has 120 seconds left.\n|\n|t:|1699737852\n|switch|p1b: Flutter Mane|Flutter Mane|100\/100\n|move|p1a: Baxcalibur|Protect|p1a: Baxcalibur\n|-singleturn|p1a: Baxcalibur|Protect\n|move|p2a: Flutter Mane|Shadow Ball|p1a: Baxcalibur\n|-activate|p1a: Baxcalibur|move: Protect\n|move|p2b: Iron Hands|Drain Punch|p1b: Flutter Mane\n|-immune|p1b: Flutter Mane\n|\n|-weather|Snow|[upkeep]\n|-heal|p1a: Baxcalibur|73\/100|[from] ability: Ice Body\n|-heal|p1a: Baxcalibur|80\/100|[from] item: Leftovers\n|upkeep\n|turn|6\n|inactive|Ninja has 120 seconds left.\n|inactive|Ninja has 90 seconds left.\n|\n|t:|1699737912\n|-end|p2b: Iron Hands|Quark Drive|[silent]\n|switch|p2b: Volcanion|Volcanion|100\/100\n|move|p2a: Flutter Mane|Protect|p2a: Flutter Mane\n|-singleturn|p2a: Flutter Mane|Protect\n|move|p1a: Baxcalibur|High Horsepower|p2b: Volcanion\n|-supereffective|p2b: Volcanion\n|-damage|p2b: Volcanion|9\/100\n|move|p1b: Flutter Mane|Shadow Ball|p2a: Flutter Mane\n|-activate|p2a: Flutter Mane|move: Protect\n|\n|-weather|none\n|-heal|p1a: Baxcalibur|86\/100|[from] item: Leftovers\n|-heal|p2b: Volcanion|15\/100|[from] item: Leftovers\n|upkeep\n|turn|7\n|inactive|Ninja has 90 seconds left.\n|inactive|eragon11145 has 270 seconds left.\n|inactive|Ninja has 60 seconds left.\n|inactive|eragon11145 has 240 seconds left.\n|\n|t:|1699738006\n|move|p1a: Baxcalibur|Icicle Crash|p2a: Flutter Mane\n|-damage|p2a: Flutter Mane|0 fnt\n|faint|p2a: Flutter Mane\n|-end|p2a: Flutter Mane|Protosynthesis|[silent]\n|move|p1b: Flutter Mane|Shadow Ball|p2b: Volcanion\n|-damage|p2b: Volcanion|0 fnt\n|faint|p2b: Volcanion\n|\n|-heal|p1a: Baxcalibur|92\/100|[from] item: Leftovers\n|upkeep\n|inactive|Ninja has 30 seconds left.\n|inactive|Ninja has 20 seconds left.\n|inactive|Ninja has 15 seconds left.\n|inactive|Ninja has 10 seconds left.\n|inactive|Ninja has 5 seconds left.\n|\n|t:|1699738063\n|switch|p2a: Kingambit|Kingambit, F|100\/100\n|switch|p2b: Iron Hands|Iron Hands|54\/100\n|turn|8\n|inactive|Ninja has 30 seconds left this turn.\n|\n|t:|1699738072\n|-end|p1b: Flutter Mane|Protosynthesis|[silent]\n|switch|p1b: Iron Hands|Iron Hands|100\/100\n|move|p1a: Baxcalibur|High Horsepower|p2b: Iron Hands\n|-supereffective|p2b: Iron Hands\n|-damage|p2b: Iron Hands|0 fnt\n|faint|p2b: Iron Hands\n|-end|p2b: Iron Hands|Quark Drive|[silent]\n|move|p2a: Kingambit|Swords Dance|p2a: Kingambit\n|-boost|p2a: Kingambit|atk|2\n|\n|-heal|p1a: Baxcalibur|98\/100|[from] item: Leftovers\n|upkeep\n|inactive|Ninja has 30 seconds left this turn.\n|\n|t:|1699738080\n|switch|p2b: Rillaboom|Rillaboom, M|100\/100\n|-fieldstart|move: Grassy Terrain|[from] ability: Grassy Surge|[of] p2b: Rillaboom\n|turn|9\n|\n|t:|1699738092\n|move|p2b: Rillaboom|Fake Out|p1b: Iron Hands\n|-damage|p1b: Iron Hands|91\/100\n|cant|p1b: Iron Hands|flinch\n|move|p2a: Kingambit|Sucker Punch|p1a: Baxcalibur\n|-damage|p1a: Baxcalibur|27\/100\n|move|p1a: Baxcalibur|Icicle Crash|p2b: Rillaboom\n|-supereffective|p2b: Rillaboom\n|-damage|p2b: Rillaboom|0 fnt\n|faint|p2b: Rillaboom\n|\n|-heal|p1a: Baxcalibur|33\/100|[from] Grassy Terrain\n|-heal|p1a: Baxcalibur|39\/100|[from] item: Leftovers\n|-heal|p1b: Iron Hands|98\/100|[from] Grassy Terrain\n|upkeep\n|\n|t:|1699738099\n|switch|p2b: Kleavor|Kleavor, F|100\/100\n|turn|10\n|inactive|Ninja has 60 seconds left.\n|\n|t:|1699738122\n|move|p1a: Baxcalibur|Protect|p1a: Baxcalibur\n|-singleturn|p1a: Baxcalibur|Protect\n|move|p2a: Kingambit|Protect|p2a: Kingambit\n|-singleturn|p2a: Kingambit|Protect\n|move|p2b: Kleavor|Stone Axe|p1a: Baxcalibur\n|-activate|p1a: Baxcalibur|move: Protect\n|move|p1b: Iron Hands|Drain Punch|p2a: Kingambit\n|-activate|p2a: Kingambit|move: Protect\n|\n|-heal|p1a: Baxcalibur|45\/100|[from] Grassy Terrain\n|-heal|p1a: Baxcalibur|52\/100|[from] item: Leftovers\n|-heal|p1b: Iron Hands|100\/100|[from] Grassy Terrain\n|upkeep\n|turn|11\n|inactive|Ninja has 60 seconds left.\n|inactive|eragon11145 has 270 seconds left.\n|\n|t:|1699738156\n|-terastallize|p2a: Kingambit|Poison\n|move|p2a: Kingambit|Sucker Punch|p1a: Baxcalibur\n|-damage|p1a: Baxcalibur|0 fnt\n|faint|p1a: Baxcalibur\n|move|p2b: Kleavor|Stone Axe|p1b: Iron Hands\n|-resisted|p1b: Iron Hands\n|-damage|p1b: Iron Hands|82\/100\n|-sidestart|p1: eragon11145|move: Stealth Rock\n|move|p1b: Iron Hands|Drain Punch|p2a: Kingambit\n|-resisted|p2a: Kingambit\n|-damage|p2a: Kingambit|84\/100\n|-heal|p1b: Iron Hands|88\/100|[from] drain|[of] p2a: Kingambit\n|\n|-heal|p2a: Kingambit|90\/100|[from] Grassy Terrain\n|-heal|p2a: Kingambit|96\/100|[from] item: Leftovers\n|-heal|p1b: Iron Hands|95\/100|[from] Grassy Terrain\n|upkeep\n|inactive|eragon11145 has 270 seconds left.\n|\n|t:|1699738169\n|switch|p1a: Heatran|Heatran, M|76\/100\n|-damage|p1a: Heatran|63\/100|[from] Stealth Rock\n|turn|12\n|\n|t:|1699738181\n|-end|p1b: Iron Hands|Quark Drive|[silent]\n|switch|p1b: Sinistcha|Sinistcha|100\/100\n|-damage|p1b: Sinistcha|88\/100|[from] Stealth Rock\n|-heal|p1a: Heatran|88\/100|[from] ability: Hospitality|[of] p1b: Sinistcha\n|move|p2a: Kingambit|Protect|p2a: Kingambit\n|-singleturn|p2a: Kingambit|Protect\n|move|p2b: Kleavor|Tailwind|p2b: Kleavor\n|-sidestart|p2: Ninja|move: Tailwind\n|move|p1a: Heatran|Heat Wave|p2a: Kingambit|[spread] p2b\n|-activate|p2a: Kingambit|move: Protect\n|-damage|p2b: Kleavor|47\/100\n|\n|-heal|p2b: Kleavor|53\/100|[from] Grassy Terrain\n|-heal|p2a: Kingambit|100\/100|[from] Grassy Terrain\n|-heal|p1a: Heatran|94\/100|[from] Grassy Terrain\n|-heal|p1a: Heatran|100\/100|[from] item: Leftovers\n|-heal|p1b: Sinistcha|94\/100|[from] Grassy Terrain\n|upkeep\n|turn|13\n|\n|t:|1699738205\n|move|p1b: Sinistcha|Protect|p1b: Sinistcha\n|-singleturn|p1b: Sinistcha|Protect\n|move|p2b: Kleavor|Brick Break|p1a: Heatran\n|-supereffective|p1a: Heatran\n|-damage|p1a: Heatran|49\/100\n|move|p2a: Kingambit|Kowtow Cleave|p1b: Sinistcha\n|-activate|p1b: Sinistcha|move: Protect\n|move|p1a: Heatran|Heat Wave|p2a: Kingambit|[spread] p2a,p2b\n|-damage|p2a: Kingambit|59\/100\n|-damage|p2b: Kleavor|0 fnt\n|faint|p2b: Kleavor\n|\n|-heal|p2a: Kingambit|65\/100|[from] Grassy Terrain\n|-heal|p2a: Kingambit|71\/100|[from] item: Leftovers\n|-heal|p1a: Heatran|55\/100|[from] Grassy Terrain\n|-heal|p1a: Heatran|61\/100|[from] item: Leftovers\n|-heal|p1b: Sinistcha|99\/100|[from] Grassy Terrain\n|-fieldend|move: Grassy Terrain\n|upkeep\n|turn|14\n|inactive|Ninja has 90 seconds left.\n|\n|t:|1699738215\n|move|p1b: Sinistcha|Rage Powder|p1b: Sinistcha\n|-singleturn|p1b: Sinistcha|move: Rage Powder\n|move|p2a: Kingambit|Kowtow Cleave|p1b: Sinistcha\n|-supereffective|p1b: Sinistcha\n|-damage|p1b: Sinistcha|0 fnt\n|faint|p1b: Sinistcha\n|move|p1a: Heatran|Earth Power|p2a: Kingambit\n|-supereffective|p2a: Kingambit\n|-damage|p2a: Kingambit|0 fnt\n|faint|p2a: Kingambit\n|\n|win|eragon11145\n|c|\u2606Ninja|gg\n|c|\u2606eragon11145|gg\n","uploadtime":1699738216,"views":127,"p1id":"eragon11145","p2id":"ninja","formatid":"gen9doublesou","rating":0,"private":0,"password":""}