{"id":"smogtours-gen9doublesou-728287","p1":"sanjaydas","p2":"frania \u2654","format":"[Gen 9] Doubles OU","log":"|inactive|Battle timer is ON: inactive players will automatically lose when time's up.\n|t:|1699016689\n|gametype|doubles\n|player|p1|sanjaydas|1|\n|player|p2|frania \u2654|#dpl9spectralthieves|\n|teamsize|p1|6\n|teamsize|p2|6\n|gen|9\n|tier|[Gen 9] Doubles OU\n|rule|Species Clause: Limit one of each Pok\u00e9mon\n|rule|OHKO Clause: OHKO moves are banned\n|rule|Evasion Moves Clause: Evasion moves are banned\n|rule|Gravity Sleep Clause: The combination of sleep-inducing moves with imperfect accuracy and Gravity or Gigantamax Orbeetle are banned\n|rule|Endless Battle Clause: Forcing endless battles is banned\n|rule|HP Percentage Mod: HP is shown in percentages\n|clearpoke\n|poke|p1|Iron Hands|\n|poke|p1|Cresselia, F|\n|poke|p1|Landorus-Therian, M|\n|poke|p1|Ogerpon-Wellspring, F|\n|poke|p1|Chi-Yu|\n|poke|p1|Flutter Mane|\n|poke|p2|Diancie|\n|poke|p2|Flutter Mane|\n|poke|p2|Iron Hands|\n|poke|p2|Ogerpon-Hearthflame, F|\n|poke|p2|Tornadus, M|\n|poke|p2|Kingambit, F|\n|teampreview\n|c|\u2606frania \u2654|hf\n|c|+WhoDatMan|go go sanjay\n|inactive|sanjaydas has 270 seconds left.\n|inactive|frania \u2654 has 270 seconds left.\n|inactive|sanjaydas has 240 seconds left.\n|inactive|frania \u2654 has 240 seconds left.\n|c|+Alolan HTH|Lets go Frania\n|c|+Alolan HTH|go EU\n|inactive|sanjaydas has 210 seconds left.\n|\n|t:|1699016808\n|start\n|switch|p1a: Ogerpon|Ogerpon-Wellspring, F|100\/100\n|switch|p1b: Chi-Yu|Chi-Yu|100\/100\n|switch|p2a: Tornadus|Tornadus, M|100\/100\n|switch|p2b: Flutter Mane|Flutter Mane|100\/100\n|-ability|p1b: Chi-Yu|Beads of Ruin\n|turn|1\n|inactive|sanjaydas has 240 seconds left.\n|inactive|frania \u2654 has 270 seconds left.\n|inactive|frania \u2654 has 240 seconds left.\n|\n|t:|1699016895\n|switch|p1b: Cresselia|Cresselia, F|100\/100\n|-terastallize|p1a: Ogerpon|Water\n|detailschange|p1a: Ogerpon|Ogerpon-Wellspring-Tera, F, tera:Water\n|-ability|p1a: Ogerpon|Embody Aspect (Wellspring)|boost\n|-boost|p1a: Ogerpon|spd|1\n|move|p2a: Tornadus|Sunny Day|p2a: Tornadus\n|-weather|SunnyDay\n|-activate|p2b: Flutter Mane|ability: Protosynthesis\n|-start|p2b: Flutter Mane|protosynthesisspa\n|move|p2b: Flutter Mane|Power Gem|p1b: Cresselia\n|-damage|p1b: Cresselia|70\/100\n|move|p1a: Ogerpon|Ivy Cudgel|p2b: Flutter Mane\n|-damage|p2b: Flutter Mane|47\/100\n|\n|-weather|SunnyDay|[upkeep]\n|upkeep\n|turn|2\n|inactive|sanjaydas has 240 seconds left.\n|c|+Agent PG(\u2726)|Let's go Sanjay \n|inactive|frania \u2654 has 210 seconds left.\n|inactive|sanjaydas has 210 seconds left.\n|inactive|sanjaydas has 180 seconds left.\n|\n|t:|1699016986\n|-end|p2b: Flutter Mane|Protosynthesis|[silent]\n|switch|p2b: Iron Hands|Iron Hands|100\/100\n|switch|p2a: Kingambit|Kingambit, F|100\/100\n|move|p1a: Ogerpon|Ivy Cudgel|p2b: Iron Hands\n|-damage|p2b: Iron Hands|77\/100\n|move|p1b: Cresselia|Ice Beam|p2a: Kingambit\n|-resisted|p2a: Kingambit\n|-damage|p2a: Kingambit|93\/100\n|\n|-weather|SunnyDay|[upkeep]\n|upkeep\n|turn|3\n|inactive|frania \u2654 has 210 seconds left.\n|\n|t:|1699017005\n|switch|p1a: Iron Hands|Iron Hands|100\/100\n|switch|p1b: Chi-Yu|Chi-Yu|100\/100\n|-ability|p1b: Chi-Yu|Beads of Ruin\n|move|p2b: Iron Hands|Wild Charge|p1a: Iron Hands\n|-resisted|p1a: Iron Hands\n|-damage|p1a: Iron Hands|86\/100\n|-damage|p2b: Iron Hands|73\/100|[from] Recoil\n|move|p2a: Kingambit|Swords Dance|p2a: Kingambit\n|-boost|p2a: Kingambit|atk|2\n|\n|-weather|SunnyDay|[upkeep]\n|upkeep\n|turn|4\n|inactive|sanjaydas has 180 seconds left.\n|inactive|frania \u2654 has 210 seconds left.\n|inactive|frania \u2654 has 180 seconds left.\n|inactive|sanjaydas has 150 seconds left.\n|inactive|frania \u2654 has 150 seconds left.\n|inactive|frania \u2654 has 120 seconds left.\n|\n|t:|1699017126\n|-end|p2b: Iron Hands|Quark Drive|[silent]\n|switch|p2b: Diancie|Diancie|100\/100\n|move|p2a: Kingambit|Protect|p2a: Kingambit\n|-singleturn|p2a: Kingambit|Protect\n|move|p1b: Chi-Yu|Overheat|p2b: Diancie\n|-resisted|p2b: Diancie\n|-damage|p2b: Diancie|39\/100\n|-unboost|p1b: Chi-Yu|spa|2\n|move|p1a: Iron Hands|Swords Dance|p1a: Iron Hands\n|-boost|p1a: Iron Hands|atk|2\n|\n|-weather|SunnyDay|[upkeep]\n|upkeep\n|turn|5\n|inactive|sanjaydas has 150 seconds left.\n|inactive|frania \u2654 has 120 seconds left.\n|inactive|frania \u2654 has 90 seconds left.\n|inactive|frania \u2654 has 60 seconds left.\n|\n|t:|1699017207\n|-terastallize|p2a: Kingambit|Fairy\n|move|p1b: Chi-Yu|Overheat|p2a: Kingambit\n|-damage|p2a: Kingambit|20\/100\n|-unboost|p1b: Chi-Yu|spa|2\n|move|p2a: Kingambit|Kowtow Cleave|p1a: Iron Hands\n|-resisted|p1a: Iron Hands\n|-damage|p1a: Iron Hands|47\/100\n|-enditem|p1a: Iron Hands|Sitrus Berry|[eat]\n|-heal|p1a: Iron Hands|72\/100|[from] item: Sitrus Berry\n|move|p1a: Iron Hands|Drain Punch|p2b: Diancie\n|-damage|p2b: Diancie|0 fnt\n|-heal|p1a: Iron Hands|85\/100|[from] drain|[of] p2b: Diancie\n|faint|p2b: Diancie\n|\n|-weather|none\n|upkeep\n|inactive|frania \u2654 has 30 seconds left.\n|inactive|frania \u2654 has 20 seconds left.\n|inactive|frania \u2654 has 15 seconds left.\n|\n|t:|1699017257\n|switch|p2b: Flutter Mane|Flutter Mane|47\/100\n|turn|6\n|inactive|frania \u2654 has 30 seconds left.\n|\n|t:|1699017275\n|move|p2a: Kingambit|Protect|p2a: Kingambit\n|-singleturn|p2a: Kingambit|Protect\n|move|p1a: Iron Hands|Protect|p1a: Iron Hands\n|-singleturn|p1a: Iron Hands|Protect\n|move|p2b: Flutter Mane|Moonblast|p1a: Iron Hands\n|-activate|p1a: Iron Hands|move: Protect\n|move|p1b: Chi-Yu|Overheat|p2b: Flutter Mane\n|-damage|p2b: Flutter Mane|11\/100\n|-unboost|p1b: Chi-Yu|spa|2\n|\n|upkeep\n|turn|7\n|inactive|sanjaydas has 180 seconds left.\n|inactive|frania \u2654 has 30 seconds left.\n|inactive|frania \u2654 has 20 seconds left.\n|\n|t:|1699017307\n|-end|p1a: Iron Hands|Quark Drive|[silent]\n|switch|p1a: Cresselia|Cresselia, F|70\/100\n|move|p2b: Flutter Mane|Moonblast|p1a: Cresselia\n|-damage|p1a: Cresselia|13\/100\n|-unboost|p1a: Cresselia|spa|1\n|move|p1b: Chi-Yu|Overheat|p2a: Kingambit\n|-damage|p2a: Kingambit|0 fnt\n|faint|p2a: Kingambit\n|\n|upkeep\n|inactive|frania \u2654 has 25 seconds left this turn.\n|inactive|frania \u2654 has 20 seconds left.\n|inactive|frania \u2654 has 15 seconds left.\n|inactive|frania \u2654 has 10 seconds left.\n|\n|t:|1699017323\n|switch|p2a: Iron Hands|Iron Hands|73\/100\n|turn|8\n|inactive|sanjaydas has 180 seconds left.\n|inactive|frania \u2654 has 30 seconds left.\n|\n|t:|1699017339\n|switch|p1b: Landorus|Landorus-Therian, M|100\/100\n|-ability|p1b: Landorus|Intimidate|boost\n|-unboost|p2a: Iron Hands|atk|1\n|-unboost|p2b: Flutter Mane|atk|1\n|move|p2b: Flutter Mane|Moonblast|p1a: Cresselia\n|-damage|p1a: Cresselia|0 fnt\n|faint|p1a: Cresselia\n|move|p2a: Iron Hands|Drain Punch|p1b: Landorus\n|-resisted|p1b: Landorus\n|-damage|p1b: Landorus|88\/100\n|-heal|p2a: Iron Hands|79\/100|[from] drain|[of] p1b: Landorus\n|\n|upkeep\n|inactive|frania \u2654 has 30 seconds left this turn.\n|\n|t:|1699017353\n|switch|p1a: Flutter Mane|Flutter Mane|100\/100\n|-enditem|p1a: Flutter Mane|Booster Energy\n|-activate|p1a: Flutter Mane|ability: Protosynthesis|[fromitem]\n|-start|p1a: Flutter Mane|protosynthesisspe\n|turn|9\n|\n|t:|1699017371\n|-end|p2b: Flutter Mane|Protosynthesis|[silent]\n|switch|p2b: Ogerpon|Ogerpon-Hearthflame, F|100\/100\n|-ability|p2b: Ogerpon|Mold Breaker\n|-end|p2a: Iron Hands|Quark Drive|[silent]\n|switch|p2a: Tornadus|Tornadus, M|100\/100\n|move|p1a: Flutter Mane|Moonblast|p2a: Tornadus\n|-damage|p2a: Tornadus|45\/100\n|move|p1b: Landorus|U-turn|p2b: Ogerpon\n|-damage|p2b: Ogerpon|64\/100\n|inactive|sanjaydas has 180 seconds left.\n|\n|t:|1699017382\n|switch|p1b: Ogerpon|Ogerpon-Wellspring-Tera, F, tera:Water|100\/100|[from] U-turn\n|-ability|p1b: Ogerpon|Embody Aspect (Wellspring)|boost\n|-boost|p1b: Ogerpon|spd|1\n|\n|upkeep\n|turn|10\n|inactive|frania \u2654 has 60 seconds left.\n|\n|t:|1699017419\n|switch|p1b: Landorus|Landorus-Therian, M|88\/100\n|-ability|p1b: Landorus|Intimidate|boost\n|-unboost|p2a: Tornadus|atk|1\n|-unboost|p2b: Ogerpon|atk|1\n|move|p2a: Tornadus|Tailwind|p2a: Tornadus\n|-sidestart|p2: frania \u2654|move: Tailwind\n|move|p2b: Ogerpon|Wood Hammer|p1a: Flutter Mane\n|-damage|p1a: Flutter Mane|3\/100\n|-damage|p2b: Ogerpon|39\/100|[from] Recoil\n|move|p1a: Flutter Mane|Moonblast|p2a: Tornadus\n|-damage|p2a: Tornadus|0 fnt\n|faint|p2a: Tornadus\n|\n|upkeep\n|\n|t:|1699017424\n|switch|p2a: Flutter Mane|Flutter Mane|11\/100\n|turn|11\n|\n|t:|1699017444\n|move|p1a: Flutter Mane|Protect|p1a: Flutter Mane\n|-singleturn|p1a: Flutter Mane|Protect\n|move|p2a: Flutter Mane|Dazzling Gleam|p1b: Landorus|[spread] p1b\n|-activate|p1a: Flutter Mane|move: Protect\n|-damage|p1b: Landorus|53\/100\n|move|p2b: Ogerpon|Wood Hammer|p1b: Landorus\n|-damage|p1b: Landorus|6\/100\n|-damage|p2b: Ogerpon|20\/100|[from] Recoil\n|move|p1b: Landorus|Rock Slide|p2a: Flutter Mane|[spread] p2a,p2b\n|-supereffective|p2b: Ogerpon\n|-damage|p2a: Flutter Mane|0 fnt\n|-damage|p2b: Ogerpon|0 fnt\n|faint|p2a: Flutter Mane\n|-end|p2a: Flutter Mane|Protosynthesis|[silent]\n|faint|p2b: Ogerpon\n|\n|upkeep\n|c|\u2606frania \u2654|gg\n|-message|frania \u2654 forfeited.\n|\n|win|sanjaydas\n|c|+WhoDatMan|LESSGOOO\n","uploadtime":1699017451,"views":222,"p1id":"sanjaydas","p2id":"frania","formatid":"gen9doublesou","rating":0,"private":0,"password":""}