{"id":"smogtours-gen9doublesou-730107","p1":"Metallica126","p2":"ILoveMashing\u2764","format":"[Gen 9] Doubles OU","log":"|inactive|Battle timer is ON: inactive players will automatically lose when time's up.\n|t:|1699767108\n|gametype|doubles\n|player|p1|Metallica126|caitlin|\n|player|p2|ILoveMashing\u2764|#agplvivoryimpalers|\n|teamsize|p1|6\n|teamsize|p2|6\n|gen|9\n|tier|[Gen 9] Doubles OU\n|rule|Species Clause: Limit one of each Pok\u00e9mon\n|rule|OHKO Clause: OHKO moves are banned\n|rule|Evasion Moves Clause: Evasion moves are banned\n|rule|Gravity Sleep Clause: The combination of sleep-inducing moves with imperfect accuracy and Gravity or Gigantamax Orbeetle are banned\n|rule|Endless Battle Clause: Forcing endless battles is banned\n|rule|HP Percentage Mod: HP is shown in percentages\n|clearpoke\n|poke|p1|Cresselia, F|\n|poke|p1|Glastrier|\n|poke|p1|Iron Hands|\n|poke|p1|Flutter Mane|\n|poke|p1|Heatran, F|\n|poke|p1|Basculegion-F, F|\n|poke|p2|Glimmora, F|\n|poke|p2|Landorus-Therian, M|\n|poke|p2|Tornadus, M|\n|poke|p2|Chi-Yu|\n|poke|p2|Flutter Mane|\n|poke|p2|Indeedee-F, F|\n|teampreview\n|c|\u2606Metallica126|hf\n|inactive|Metallica126 has 270 seconds left.\n|inactive|ILoveMashing\u2764 has 270 seconds left.\n|c|\u2606ILoveMashing\u2764|hf\n|\n|t:|1699767147\n|start\n|switch|p1a: Flutter Mane|Flutter Mane|100\/100\n|switch|p1b: Heatran|Heatran, F|100\/100\n|switch|p2a: Glimmora|Glimmora, F|100\/100\n|switch|p2b: Landorus|Landorus-Therian, M|100\/100\n|-ability|p2b: Landorus|Intimidate|boost\n|-unboost|p1a: Flutter Mane|atk|1\n|-unboost|p1b: Heatran|atk|1\n|turn|1\n|inactive|Metallica126 has 270 seconds left.\n|inactive|ILoveMashing\u2764 has 270 seconds left.\n|inactive|ILoveMashing\u2764 has 240 seconds left.\n|inactive|ILoveMashing\u2764 has 210 seconds left.\n|\n|t:|1699767253\n|switch|p1b: Cresselia|Cresselia, F|100\/100\n|move|p1a: Flutter Mane|Shadow Ball|p2a: Glimmora\n|-damage|p2a: Glimmora|66\/100\n|move|p2b: Landorus|Earthquake|p1a: Flutter Mane|[spread] p2a,p1a\n|-immune|p1b: Cresselia|[from] ability: Levitate\n|-supereffective|p2a: Glimmora\n|-damage|p2a: Glimmora|0 fnt\n|-damage|p1a: Flutter Mane|19\/100\n|-activate|p2a: Glimmora|ability: Toxic Debris\n|-sidestart|p1: Metallica126|move: Toxic Spikes\n|faint|p2a: Glimmora\n|\n|upkeep\n|inactive|ILoveMashing\u2764 has 180 seconds left.\n|inactive|ILoveMashing\u2764 has 150 seconds left.\n|\n|t:|1699767318\n|switch|p2a: Tornadus|Tornadus, M|100\/100\n|turn|2\n|inactive|ILoveMashing\u2764 has 150 seconds left.\n|\n|t:|1699767345\n|switch|p2b: Indeedee|Indeedee-F, F|100\/100\n|-fieldstart|move: Psychic Terrain|[from] ability: Psychic Surge|[of] p2b: Indeedee\n|-terastallize|p1b: Cresselia|Dark\n|move|p1a: Flutter Mane|Shadow Ball|p2b: Indeedee\n|-immune|p2b: Indeedee\n|move|p2a: Tornadus|Bleakwind Storm|p1a: Flutter Mane|[spread] p1a,p1b\n|-damage|p1a: Flutter Mane|0 fnt\n|-damage|p1b: Cresselia|81\/100\n|-unboost|p1b: Cresselia|spe|1\n|faint|p1a: Flutter Mane\n|-end|p1a: Flutter Mane|Protosynthesis|[silent]\n|move|p1b: Cresselia|Trick Room|p1b: Cresselia\n|-fieldstart|move: Trick Room|[of] p1b: Cresselia\n|\n|upkeep\n|\n|t:|1699767356\n|switch|p1a: Oguri Cap|Glastrier|100\/100\n|-status|p1a: Oguri Cap|psn\n|turn|3\n|\n|t:|1699767371\n|move|p2a: Tornadus|Protect|p2a: Tornadus\n|-singleturn|p2a: Tornadus|Protect\n|move|p1a: Oguri Cap|Icicle Crash|p2a: Tornadus\n|-activate|p2a: Tornadus|move: Protect\n|move|p1b: Cresselia|Lunar Blessing|p1b: Cresselia|[spread] p1a,p1b\n|-curestatus|p1a: Oguri Cap|psn|[msg]\n|-heal|p1b: Cresselia|100\/100\n|move|p2b: Indeedee|Trick Room|p2b: Indeedee\n|-fieldend|move: Trick Room\n|\n|upkeep\n|turn|4\n|inactive|ILoveMashing\u2764 has 180 seconds left.\n|\n|t:|1699767394\n|switch|p2a: Chi-Yu|Chi-Yu|100\/100\n|-ability|p2a: Chi-Yu|Beads of Ruin\n|move|p1a: Oguri Cap|Icicle Crash|p2a: Chi-Yu\n|-resisted|p2a: Chi-Yu\n|-damage|p2a: Chi-Yu|66\/100\n|move|p2b: Indeedee|Trick Room|p2b: Indeedee\n|-fieldstart|move: Trick Room|[of] p2b: Indeedee\n|move|p1b: Cresselia|Trick Room|p1b: Cresselia\n|-fieldend|move: Trick Room\n|\n|upkeep\n|turn|5\n|inactive|ILoveMashing\u2764 has 180 seconds left.\n|inactive|Metallica126 has 270 seconds left.\n|inactive|ILoveMashing\u2764 has 150 seconds left.\n|\n|t:|1699767438\n|move|p1a: Oguri Cap|Protect|p1a: Oguri Cap\n|-singleturn|p1a: Oguri Cap|Protect\n|move|p2a: Chi-Yu|Heat Wave|p1a: Oguri Cap|[spread] p1b\n|-activate|p1a: Oguri Cap|move: Protect\n|-damage|p1b: Cresselia|76\/100\n|move|p2b: Indeedee|Trick Room|p2b: Indeedee\n|-fieldstart|move: Trick Room|[of] p2b: Indeedee\n|move|p1b: Cresselia|Trick Room|p1b: Cresselia\n|-fieldend|move: Trick Room\n|\n|upkeep\n|turn|6\n|c|+Akaru Kokuyo\u3075\u308f|XD\n|c|+xqiht|xd\n|inactive|ILoveMashing\u2764 has 150 seconds left.\n|\n|t:|1699767472\n|switch|p1a: Heatran|Heatran, F|100\/100\n|move|p2a: Chi-Yu|Nasty Plot|p2a: Chi-Yu\n|-boost|p2a: Chi-Yu|spa|2\n|move|p1b: Cresselia|Lunar Blessing|p1b: Cresselia|[spread] p1a,p1b\n|-heal|p1b: Cresselia|100\/100\n|move|p2b: Indeedee|Trick Room|p2b: Indeedee\n|-fieldstart|move: Trick Room|[of] p2b: Indeedee\n|\n|-fieldend|move: Psychic Terrain\n|upkeep\n|turn|7\n|\n|t:|1699767483\n|switch|p1b: Iron Hands|Iron Hands|100\/100\n|-status|p1b: Iron Hands|psn\n|move|p2a: Chi-Yu|Protect|p2a: Chi-Yu\n|-singleturn|p2a: Chi-Yu|Protect\n|move|p1a: Heatran|Earth Power|p2a: Chi-Yu\n|-activate|p2a: Chi-Yu|move: Protect\n|move|p2b: Indeedee|Trick Room|p2b: Indeedee\n|-fieldend|move: Trick Room\n|\n|-damage|p1b: Iron Hands|88\/100 psn|[from] psn\n|upkeep\n|turn|8\n|inactive|ILoveMashing\u2764 has 180 seconds left.\n|inactive|ILoveMashing\u2764 has 150 seconds left.\n|inactive|ILoveMashing\u2764 has 120 seconds left.\n|\n|t:|1699767554\n|switch|p2a: Landorus|Landorus-Therian, M|100\/100\n|-ability|p2a: Landorus|Intimidate|boost\n|-unboost|p1a: Heatran|atk|1\n|-unboost|p1b: Iron Hands|atk|1\n|switch|p2b: Tornadus|Tornadus, M|100\/100\n|move|p1b: Iron Hands|Fake Out|p2b: Tornadus\n|-damage|p2b: Tornadus|88\/100\n|move|p1a: Heatran|Earth Power|p2a: Landorus\n|-immune|p2a: Landorus\n|\n|-damage|p1b: Iron Hands|76\/100 psn|[from] psn\n|upkeep\n|turn|9\n|inactive|ILoveMashing\u2764 has 120 seconds left.\n|\n|t:|1699767592\n|switch|p2b: Indeedee|Indeedee-F, F|100\/100\n|-fieldstart|move: Psychic Terrain|[from] ability: Psychic Surge|[of] p2b: Indeedee\n|switch|p1a: Cresselia|Cresselia, F, tera:Dark|100\/100\n|move|p2a: Landorus|U-turn|p1a: Cresselia\n|-supereffective|p1a: Cresselia\n|-damage|p1a: Cresselia|47\/100\n|\n|t:|1699767611\n|switch|p2a: Chi-Yu|Chi-Yu|66\/100|[from] U-turn\n|-ability|p2a: Chi-Yu|Beads of Ruin\n|move|p1b: Iron Hands|Wild Charge|p2b: Indeedee\n|-damage|p2b: Indeedee|68\/100\n|-damage|p1b: Iron Hands|69\/100 psn|[from] Recoil\n|\n|-damage|p1b: Iron Hands|57\/100 psn|[from] psn\n|upkeep\n|turn|10\n|\n|t:|1699767639\n|move|p2a: Chi-Yu|Heat Wave|p1b: Iron Hands|[spread] p1a,p1b\n|-damage|p1a: Cresselia|20\/100\n|-damage|p1b: Iron Hands|33\/100 psn\n|move|p2b: Indeedee|Psychic|p1b: Iron Hands\n|-supereffective|p1b: Iron Hands\n|-damage|p1b: Iron Hands|0 fnt\n|faint|p1b: Iron Hands\n|-end|p1b: Iron Hands|Quark Drive|[silent]\n|move|p1a: Cresselia|Trick Room|p1a: Cresselia\n|-fieldstart|move: Trick Room|[of] p1a: Cresselia\n|\n|upkeep\n|\n|t:|1699767643\n|switch|p1b: Oguri Cap|Glastrier|100\/100\n|-status|p1b: Oguri Cap|psn\n|turn|11\n|inactive|ILoveMashing\u2764 has 120 seconds left.\n|\n|t:|1699767658\n|switch|p2a: Landorus|Landorus-Therian, M|100\/100\n|-ability|p2a: Landorus|Intimidate|boost\n|-unboost|p1a: Cresselia|atk|1\n|-fail|p1b: Oguri Cap|unboost|[from] item: Clear Amulet|[of] p1b: Oguri Cap\n|move|p1b: Oguri Cap|Icicle Crash|p2b: Indeedee|[miss]\n|-miss|p1b: Oguri Cap|p2b: Indeedee\n|move|p1a: Cresselia|Lunar Blessing|p1a: Cresselia|[spread] p1a,p1b\n|-heal|p1a: Cresselia|45\/100\n|-curestatus|p1b: Oguri Cap|psn|[msg]\n|move|p2b: Indeedee|Trick Room|p2b: Indeedee\n|-fieldend|move: Trick Room\n|\n|upkeep\n|turn|12\n|inactive|ILoveMashing\u2764 has 120 seconds left.\n|inactive|Metallica126 has 270 seconds left.\n|\n|t:|1699767698\n|switch|p1a: Heatran|Heatran, F|100\/100\n|move|p2a: Landorus|U-turn|p1a: Heatran\n|-resisted|p1a: Heatran\n|-damage|p1a: Heatran|93\/100\n|\n|t:|1699767709\n|switch|p2a: Chi-Yu|Chi-Yu|66\/100|[from] U-turn\n|-ability|p2a: Chi-Yu|Beads of Ruin\n|move|p2b: Indeedee|Psychic|p1b: Oguri Cap\n|-damage|p1b: Oguri Cap|60\/100\n|move|p1b: Oguri Cap|Icicle Crash|p2b: Indeedee\n|-damage|p2b: Indeedee|20\/100\n|-enditem|p2b: Indeedee|Sitrus Berry|[eat]\n|-heal|p2b: Indeedee|45\/100|[from] item: Sitrus Berry\n|\n|upkeep\n|turn|13\n|inactive|ILoveMashing\u2764 has 120 seconds left.\n|inactive|Metallica126 has 270 seconds left.\n|inactive|ILoveMashing\u2764 has 90 seconds left.\n|inactive|Metallica126 has 240 seconds left.\n|inactive|ILoveMashing\u2764 has 60 seconds left.\n|\n|t:|1699767799\n|switch|p2b: Landorus|Landorus-Therian, M|100\/100\n|-ability|p2b: Landorus|Intimidate|boost\n|-unboost|p1a: Heatran|atk|1\n|-fail|p1b: Oguri Cap|unboost|[from] item: Clear Amulet|[of] p1b: Oguri Cap\n|switch|p1b: Basculegion|Basculegion-F, F|100\/100\n|-status|p1b: Basculegion|psn\n|-terastallize|p2a: Chi-Yu|Dragon\n|move|p2a: Chi-Yu|Dark Pulse|p1a: Heatran\n|-damage|p1a: Heatran|60\/100\n|move|p1a: Heatran|Heat Wave|p2a: Chi-Yu|[spread] p2a,p2b\n|-resisted|p2a: Chi-Yu\n|-damage|p2a: Chi-Yu|46\/100\n|-damage|p2b: Landorus|38\/100\n|-enditem|p2a: Chi-Yu|Sitrus Berry|[eat]\n|-heal|p2a: Chi-Yu|70\/100|[from] item: Sitrus Berry\n|\n|-damage|p1b: Basculegion|88\/100 psn|[from] psn\n|-fieldend|move: Psychic Terrain\n|upkeep\n|turn|14\n|inactive|ILoveMashing\u2764 has 60 seconds left.\n|\n|t:|1699767828\n|move|p2a: Chi-Yu|Protect|p2a: Chi-Yu\n|-singleturn|p2a: Chi-Yu|Protect\n|move|p1b: Basculegion|Flip Turn|p2b: Landorus\n|-supereffective|p2b: Landorus\n|-damage|p2b: Landorus|0 fnt\n|faint|p2b: Landorus\n|\n|t:|1699767837\n|switch|p1b: Cresselia|Cresselia, F, tera:Dark|45\/100|[from] Flip Turn\n|move|p1a: Heatran|Flash Cannon|p2a: Chi-Yu\n|-activate|p2a: Chi-Yu|move: Protect\n|\n|upkeep\n|inactive|ILoveMashing\u2764 has 60 seconds left.\n|\n|t:|1699767844\n|switch|p2b: Flutter Mane|Flutter Mane|100\/100\n|turn|15\n|inactive|Metallica126 has 270 seconds left.\n|inactive|ILoveMashing\u2764 has 60 seconds left.\n|inactive|Metallica126 has 240 seconds left.\n|\n|t:|1699767901\n|switch|p1b: Oguri Cap|Glastrier|60\/100\n|-status|p1b: Oguri Cap|psn\n|move|p2b: Flutter Mane|Moonblast|p1b: Oguri Cap\n|-damage|p1b: Oguri Cap|0 fnt\n|faint|p1b: Oguri Cap\n|move|p2a: Chi-Yu|Dark Pulse|p1a: Heatran\n|-damage|p1a: Heatran|29\/100\n|move|p1a: Heatran|Flash Cannon|p2b: Flutter Mane\n|-supereffective|p2b: Flutter Mane\n|-damage|p2b: Flutter Mane|0 fnt\n|faint|p2b: Flutter Mane\n|-end|p2b: Flutter Mane|Protosynthesis|[silent]\n|\n|upkeep\n|\n|t:|1699767917\n|switch|p2b: Tornadus|Tornadus, M|88\/100\n|switch|p1b: Basculegion|Basculegion-F, F|88\/100 psn\n|turn|16\n|inactive|ILoveMashing\u2764 has 60 seconds left.\n|inactive|Metallica126 has 240 seconds left.\n|\n|t:|1699767952\n|switch|p1a: Cresselia|Cresselia, F, tera:Dark|45\/100\n|move|p2b: Tornadus|Tailwind|p2b: Tornadus\n|-sidestart|p2: ILoveMashing\u2764|move: Tailwind\n|move|p2a: Chi-Yu|Dark Pulse|p1b: Basculegion\n|-supereffective|p1b: Basculegion\n|-damage|p1b: Basculegion|0 fnt\n|faint|p1b: Basculegion\n|\n|upkeep\n|\n|t:|1699767955\n|switch|p1b: Heatran|Heatran, F|29\/100\n|turn|17\n|\n|t:|1699767968\n|move|p1a: Cresselia|Ally Switch|p1a: Cresselia\n|swap|p1a: Cresselia|1|[from] move: Ally Switch\n|move|p2b: Tornadus|Bleakwind Storm|p1a: Heatran|[spread] p1a,p1b\n|-resisted|p1a: Heatran\n|-damage|p1a: Heatran|17\/100\n|-damage|p1b: Cresselia|22\/100\n|-unboost|p1a: Heatran|spe|1\n|move|p2a: Chi-Yu|Dark Pulse|p1b: Cresselia\n|-resisted|p1b: Cresselia\n|-damage|p1b: Cresselia|8\/100\n|move|p1a: Heatran|Heat Wave|p2a: Chi-Yu|[spread] p2a,p2b\n|-resisted|p2a: Chi-Yu\n|-damage|p2a: Chi-Yu|50\/100\n|-damage|p2b: Tornadus|30\/100\n|-enditem|p2b: Tornadus|Sitrus Berry|[eat]\n|-heal|p2b: Tornadus|55\/100|[from] item: Sitrus Berry\n|\n|upkeep\n|turn|18\n|inactive|ILoveMashing\u2764 has 90 seconds left.\n|\n|t:|1699767986\n|move|p2b: Tornadus|Bleakwind Storm|p1a: Heatran|[spread] p1a\n|-miss|p2b: Tornadus|p1b: Cresselia\n|-resisted|p1a: Heatran\n|-damage|p1a: Heatran|3\/100\n|-unboost|p1a: Heatran|spe|1\n|move|p2a: Chi-Yu|Dark Pulse|p1a: Heatran\n|-damage|p1a: Heatran|0 fnt\n|faint|p1a: Heatran\n|move|p1b: Cresselia|Psychic|p2b: Tornadus\n|-damage|p2b: Tornadus|20\/100\n|-unboost|p2b: Tornadus|spd|1\n|\n|upkeep\n|turn|19\n|-message|Metallica126 forfeited.\n|\n|win|ILoveMashing\u2764\n|c|\u2606Metallica126|gg\n|c|\u2606ILoveMashing\u2764|gg\n|player|p1|Metallica126|caitlin\n","uploadtime":1699767992,"views":142,"p1id":"metallica126","p2id":"ilovemashing","formatid":"gen9doublesou","rating":0,"private":0,"password":""}