{"id":"smogtours-gen9doublesou-729795","p1":"Beraldinhoo","p2":"KeanuVGC","format":"[Gen 9] Doubles OU","log":"|inactive|Battle timer is ON: inactive players will automatically lose when time's up.\n|t:|1699668472\n|gametype|doubles\n|player|p1|Beraldinhoo|#scl3dynamos|\n|player|p2|KeanuVGC|sonia-masters|\n|teamsize|p1|6\n|teamsize|p2|6\n|gen|9\n|tier|[Gen 9] Doubles OU\n|rule|Species Clause: Limit one of each Pok\u00e9mon\n|rule|OHKO Clause: OHKO moves are banned\n|rule|Evasion Moves Clause: Evasion moves are banned\n|rule|Gravity Sleep Clause: The combination of sleep-inducing moves with imperfect accuracy and Gravity or Gigantamax Orbeetle are banned\n|rule|Endless Battle Clause: Forcing endless battles is banned\n|rule|HP Percentage Mod: HP is shown in percentages\n|clearpoke\n|poke|p1|Roaring Moon|\n|poke|p1|Ninetales-Alola, F|\n|poke|p1|Ogerpon-Wellspring, F|\n|poke|p1|Heatran, F|\n|poke|p1|Landorus-Therian, M|\n|poke|p1|Flutter Mane|\n|poke|p2|Kommo-o, M|\n|poke|p2|Tyranitar, M|\n|poke|p2|Rillaboom, M|\n|poke|p2|Flutter Mane|\n|poke|p2|Iron Bundle|\n|poke|p2|Arcanine-Hisui, F|\n|teampreview\n|c|\u2606KeanuVGC|glhf\n|c|\u2606Beraldinhoo|Hf\n|inactive|Beraldinhoo has 270 seconds left.\n|inactive|KeanuVGC has 270 seconds left.\n|inactive|Beraldinhoo has 240 seconds left.\n|inactive|Beraldinhoo has 210 seconds left.\n|c|+siras|salve\n|\n|t:|1699668583\n|start\n|switch|p1a: Heatran|Heatran, F|100\/100\n|switch|p1b: Landorus|Landorus-Therian, M|100\/100\n|switch|p2a: Arcanine|Arcanine-Hisui, F|100\/100\n|switch|p2b: Iron Bundle|Iron Bundle|100\/100\n|-ability|p2a: Arcanine|Intimidate|boost\n|-unboost|p1a: Heatran|atk|1\n|-unboost|p1b: Landorus|atk|1\n|-ability|p1b: Landorus|Intimidate|boost\n|-unboost|p2a: Arcanine|atk|1\n|-unboost|p2b: Iron Bundle|atk|1\n|-enditem|p2b: Iron Bundle|Booster Energy\n|-activate|p2b: Iron Bundle|ability: Quark Drive|[fromitem]\n|-start|p2b: Iron Bundle|quarkdrivespe\n|turn|1\n|inactive|Beraldinhoo has 270 seconds left.\n|inactive|KeanuVGC has 270 seconds left.\n|inactive|Beraldinhoo has 240 seconds left.\n|\n|t:|1699668635\n|switch|p2a: Kommo-o|Kommo-o, M|100\/100\n|move|p2b: Iron Bundle|Icy Wind|p1b: Landorus|[spread] p1a,p1b\n|-resisted|p1a: Heatran\n|-supereffective|p1b: Landorus\n|-damage|p1a: Heatran|98\/100\n|-damage|p1b: Landorus|44\/100\n|-unboost|p1a: Heatran|spe|1\n|-unboost|p1b: Landorus|spe|1\n|move|p1b: Landorus|Rock Slide|p2b: Iron Bundle|[spread] p2a,p2b\n|-resisted|p2a: Kommo-o\n|-supereffective|p2b: Iron Bundle\n|-damage|p2a: Kommo-o|96\/100\n|-damage|p2b: Iron Bundle|67\/100\n|move|p1a: Heatran|Flash Cannon|p2b: Iron Bundle\n|-damage|p2b: Iron Bundle|0 fnt\n|faint|p2b: Iron Bundle\n|-end|p2b: Iron Bundle|Quark Drive|[silent]\n|\n|-heal|p2a: Kommo-o|100\/100|[from] item: Leftovers\n|upkeep\n|inactive|KeanuVGC has 240 seconds left.\n|\n|t:|1699668669\n|switch|p2b: Rillaboom|Rillaboom, M|100\/100\n|-fieldstart|move: Grassy Terrain|[from] ability: Grassy Surge|[of] p2b: Rillaboom\n|turn|2\n|inactive|KeanuVGC has 240 seconds left.\n|inactive|Beraldinhoo has 240 seconds left.\n|\n|t:|1699668710\n|move|p2b: Rillaboom|Stomping Tantrum|p1a: Heatran\n|-supereffective|p1a: Heatran\n|-damage|p1a: Heatran|0 fnt\n|faint|p1a: Heatran\n|move|p2a: Kommo-o|Iron Defense|p2a: Kommo-o\n|-boost|p2a: Kommo-o|def|2\n|move|p1b: Landorus|U-turn|p2b: Rillaboom\n|-supereffective|p2b: Rillaboom\n|-damage|p2b: Rillaboom|65\/100\n|\n|t:|1699668717\n|switch|p1b: Ninetales|Ninetales-Alola, F|100\/100|[from] U-turn\n|-weather|Snow|[from] ability: Snow Warning|[of] p1b: Ninetales\n|\n|-weather|Snow|[upkeep]\n|-heal|p2b: Rillaboom|71\/100|[from] Grassy Terrain\n|upkeep\n|\n|t:|1699668720\n|switch|p1a: Flutter Mane|Flutter Mane|100\/100\n|turn|3\n|inactive|KeanuVGC has 270 seconds left.\n|\n|t:|1699668745\n|switch|p2b: Tyranitar|Tyranitar, M|100\/100\n|-weather|Sandstorm|[from] ability: Sand Stream|[of] p2b: Tyranitar\n|-terastallize|p2a: Kommo-o|Steel\n|move|p1a: Flutter Mane|Dazzling Gleam|p2a: Kommo-o|[spread] p2a,p2b\n|-resisted|p2a: Kommo-o\n|-supereffective|p2b: Tyranitar\n|-damage|p2a: Kommo-o|80\/100\n|-damage|p2b: Tyranitar|67\/100\n|move|p1b: Ninetales|Blizzard|p2b: Tyranitar|[spread] p2a\n|-miss|p1b: Ninetales|p2b: Tyranitar\n|-resisted|p2a: Kommo-o\n|-damage|p2a: Kommo-o|69\/100\n|move|p2a: Kommo-o|Iron Defense|p2a: Kommo-o\n|-boost|p2a: Kommo-o|def|2\n|\n|-weather|Sandstorm|[upkeep]\n|-damage|p1a: Flutter Mane|95\/100|[from] Sandstorm\n|-damage|p1b: Ninetales|94\/100|[from] Sandstorm\n|-heal|p1a: Flutter Mane|100\/100|[from] Grassy Terrain\n|-heal|p1b: Ninetales|100\/100|[from] Grassy Terrain\n|-heal|p2a: Kommo-o|75\/100|[from] Grassy Terrain\n|-heal|p2a: Kommo-o|82\/100|[from] item: Leftovers\n|-heal|p2b: Tyranitar|74\/100|[from] Grassy Terrain\n|upkeep\n|turn|4\n|inactive|KeanuVGC has 270 seconds left.\n|\n|t:|1699668771\n|-end|p1a: Flutter Mane|Protosynthesis|[silent]\n|switch|p1a: Landorus|Landorus-Therian, M|44\/100\n|-ability|p1a: Landorus|Intimidate|boost\n|-unboost|p2a: Kommo-o|atk|1\n|-unboost|p2b: Tyranitar|atk|1\n|switch|p2b: Arcanine|Arcanine-Hisui, F|100\/100\n|-ability|p2b: Arcanine|Intimidate|boost\n|-unboost|p1a: Landorus|atk|1\n|-unboost|p1b: Ninetales|atk|1\n|move|p1b: Ninetales|Encore|p2a: Kommo-o\n|-start|p2a: Kommo-o|Encore\n|move|p2a: Kommo-o|Iron Defense|p2a: Kommo-o\n|-boost|p2a: Kommo-o|def|2\n|\n|-weather|Sandstorm|[upkeep]\n|-damage|p1b: Ninetales|94\/100|[from] Sandstorm\n|-heal|p1b: Ninetales|100\/100|[from] Grassy Terrain\n|-heal|p2a: Kommo-o|88\/100|[from] Grassy Terrain\n|-heal|p2a: Kommo-o|94\/100|[from] item: Leftovers\n|upkeep\n|turn|5\n|inactive|Beraldinhoo has 270 seconds left.\n|inactive|KeanuVGC has 270 seconds left.\n|inactive|Beraldinhoo has 240 seconds left.\n|\n|t:|1699668817\n|switch|p1b: Ogerpon|Ogerpon-Wellspring, F|100\/100\n|move|p2b: Arcanine|Will-O-Wisp|p1a: Landorus\n|-status|p1a: Landorus|brn\n|move|p1a: Landorus|Stomping Tantrum|p2b: Arcanine\n|-supereffective|p2b: Arcanine\n|-damage|p2b: Arcanine|38\/100\n|-enditem|p2b: Arcanine|Sitrus Berry|[eat]\n|-heal|p2b: Arcanine|62\/100|[from] item: Sitrus Berry\n|move|p2a: Kommo-o|Iron Defense|p2a: Kommo-o\n|-boost|p2a: Kommo-o|def|0\n|\n|-weather|Sandstorm|[upkeep]\n|-damage|p1b: Ogerpon|94\/100|[from] Sandstorm\n|-heal|p2b: Arcanine|69\/100|[from] Grassy Terrain\n|-heal|p1b: Ogerpon|100\/100|[from] Grassy Terrain\n|-heal|p2a: Kommo-o|99\/100|[from] Grassy Terrain\n|-heal|p2a: Kommo-o|100\/100|[from] item: Leftovers\n|-damage|p1a: Landorus|38\/100 brn|[from] brn\n|upkeep\n|turn|6\n|inactive|KeanuVGC has 270 seconds left.\n|inactive|Beraldinhoo has 240 seconds left.\n|inactive|KeanuVGC has 240 seconds left.\n|\n|t:|1699668870\n|move|p2b: Arcanine|Will-O-Wisp|p1b: Ogerpon\n|-status|p1b: Ogerpon|brn\n|move|p1b: Ogerpon|Ivy Cudgel|p2b: Arcanine\n|-supereffective|p2b: Arcanine\n|-damage|p2b: Arcanine|0 fnt\n|faint|p2b: Arcanine\n|move|p1a: Landorus|U-turn|p2a: Kommo-o\n|-resisted|p2a: Kommo-o\n|-damage|p2a: Kommo-o|99\/100\n|inactive|Beraldinhoo has 210 seconds left.\n|\n|t:|1699668901\n|switch|p1a: Ninetales|Ninetales-Alola, F|100\/100|[from] U-turn\n|-weather|Snow|[from] ability: Snow Warning|[of] p1a: Ninetales\n|move|p2a: Kommo-o|Iron Defense|p2a: Kommo-o\n|-boost|p2a: Kommo-o|def|0\n|\n|-weather|Snow|[upkeep]\n|-heal|p2a: Kommo-o|100\/100|[from] Grassy Terrain\n|-damage|p1b: Ogerpon|94\/100 brn|[from] brn\n|-end|p2a: Kommo-o|Encore\n|-fieldend|move: Grassy Terrain\n|upkeep\n|inactive|KeanuVGC has 210 seconds left.\n|inactive|KeanuVGC has 180 seconds left.\n|inactive|KeanuVGC has 150 seconds left.\n|\n|t:|1699668995\n|switch|p2b: Tyranitar|Tyranitar, M|74\/100\n|-weather|Sandstorm|[from] ability: Sand Stream|[of] p2b: Tyranitar\n|turn|7\n|inactive|Beraldinhoo has 210 seconds left.\n|inactive|KeanuVGC has 150 seconds left.\n|\n|t:|1699669032\n|switch|p2b: Rillaboom|Rillaboom, M|71\/100\n|-fieldstart|move: Grassy Terrain|[from] ability: Grassy Surge|[of] p2b: Rillaboom\n|move|p2a: Kommo-o|Protect|p2a: Kommo-o\n|-singleturn|p2a: Kommo-o|Protect\n|move|p1a: Ninetales|Encore|p2a: Kommo-o\n|-activate|p2a: Kommo-o|move: Protect\n|move|p1b: Ogerpon|Ivy Cudgel|p2b: Rillaboom\n|-resisted|p2b: Rillaboom\n|-damage|p2b: Rillaboom|56\/100\n|\n|-weather|Sandstorm|[upkeep]\n|-damage|p1a: Ninetales|94\/100|[from] Sandstorm\n|-damage|p1b: Ogerpon|88\/100 brn|[from] Sandstorm\n|-damage|p2b: Rillaboom|50\/100|[from] Sandstorm\n|-heal|p1a: Ninetales|100\/100|[from] Grassy Terrain\n|-heal|p1b: Ogerpon|94\/100 brn|[from] Grassy Terrain\n|-heal|p2b: Rillaboom|56\/100|[from] Grassy Terrain\n|-damage|p1b: Ogerpon|88\/100 brn|[from] brn\n|upkeep\n|turn|8\n|inactive|KeanuVGC has 150 seconds left.\n|\n|t:|1699669043\n|move|p2b: Rillaboom|Fake Out|p1a: Ninetales\n|-damage|p1a: Ninetales|82\/100\n|cant|p1a: Ninetales|flinch\n|move|p1b: Ogerpon|Ivy Cudgel|p2b: Rillaboom\n|-resisted|p2b: Rillaboom\n|-damage|p2b: Rillaboom|41\/100\n|move|p2a: Kommo-o|Body Press|p1b: Ogerpon\n|-damage|p1b: Ogerpon|0 fnt\n|faint|p1b: Ogerpon\n|\n|-weather|Sandstorm|[upkeep]\n|-damage|p1a: Ninetales|76\/100|[from] Sandstorm\n|-damage|p2b: Rillaboom|35\/100|[from] Sandstorm\n|-heal|p1a: Ninetales|82\/100|[from] Grassy Terrain\n|-heal|p2b: Rillaboom|41\/100|[from] Grassy Terrain\n|upkeep\n|\n|t:|1699669062\n|switch|p1b: Roaring Moon|Roaring Moon|100\/100\n|-enditem|p1b: Roaring Moon|Booster Energy\n|-activate|p1b: Roaring Moon|ability: Protosynthesis|[fromitem]\n|-start|p1b: Roaring Moon|protosynthesisspe\n|turn|9\n|inactive|Beraldinhoo has 240 seconds left.\n|\n|t:|1699669091\n|move|p1b: Roaring Moon|Knock Off|p2b: Rillaboom\n|-damage|p2b: Rillaboom|0 fnt\n|-enditem|p2b: Rillaboom|Meadow Plate|[from] move: Knock Off|[of] p1b: Roaring Moon\n|faint|p2b: Rillaboom\n|move|p1a: Ninetales|Encore|p2a: Kommo-o\n|-start|p2a: Kommo-o|Encore\n|move|p2a: Kommo-o|Body Press|p1b: Roaring Moon\n|-supereffective|p1b: Roaring Moon\n|-damage|p1b: Roaring Moon|0 fnt\n|faint|p1b: Roaring Moon\n|-end|p1b: Roaring Moon|Protosynthesis|[silent]\n|\n|-weather|Sandstorm|[upkeep]\n|-damage|p1a: Ninetales|76\/100|[from] Sandstorm\n|-heal|p1a: Ninetales|82\/100|[from] Grassy Terrain\n|upkeep\n|inactive|Beraldinhoo has 240 seconds left.\n|inactive|KeanuVGC has 180 seconds left.\n|\n|t:|1699669121\n|switch|p1b: Flutter Mane|Flutter Mane|100\/100\n|switch|p2b: Flutter Mane|Flutter Mane|100\/100\n|turn|10\n|inactive|KeanuVGC has 180 seconds left.\n|inactive|Beraldinhoo has 240 seconds left.\n|inactive|KeanuVGC has 150 seconds left.\n|inactive|Beraldinhoo has 210 seconds left.\n|\n|t:|1699669184\n|-terastallize|p1b: Flutter Mane|Fairy\n|move|p2b: Flutter Mane|Protect|p2b: Flutter Mane\n|-singleturn|p2b: Flutter Mane|Protect\n|move|p1b: Flutter Mane|Moonblast|p2b: Flutter Mane\n|-activate|p2b: Flutter Mane|move: Protect\n|move|p1a: Ninetales|Blizzard|p2a: Kommo-o|[spread] p2a\n|-activate|p2b: Flutter Mane|move: Protect\n|-resisted|p2a: Kommo-o\n|-damage|p2a: Kommo-o|91\/100\n|move|p2a: Kommo-o|Body Press|p1a: Ninetales\n|-damage|p1a: Ninetales|0 fnt\n|faint|p1a: Ninetales\n|\n|-weather|Sandstorm|[upkeep]\n|-damage|p2b: Flutter Mane|95\/100|[from] Sandstorm\n|-damage|p1b: Flutter Mane|95\/100|[from] Sandstorm\n|-heal|p2b: Flutter Mane|100\/100|[from] Grassy Terrain\n|-heal|p1b: Flutter Mane|100\/100|[from] Grassy Terrain\n|-heal|p2a: Kommo-o|97\/100|[from] Grassy Terrain\n|-heal|p2a: Kommo-o|100\/100|[from] item: Leftovers\n|upkeep\n|\n|t:|1699669191\n|switch|p1a: Landorus|Landorus-Therian, M|38\/100 brn\n|-ability|p1a: Landorus|Intimidate|boost\n|-unboost|p2a: Kommo-o|atk|1\n|-unboost|p2b: Flutter Mane|atk|1\n|turn|11\n|\n|t:|1699669211\n|move|p2b: Flutter Mane|Moonblast|p1a: Landorus\n|-damage|p1a: Landorus|0 fnt\n|faint|p1a: Landorus\n|move|p1b: Flutter Mane|Moonblast|p2b: Flutter Mane\n|-damage|p2b: Flutter Mane|0 fnt\n|faint|p2b: Flutter Mane\n|-end|p2b: Flutter Mane|Protosynthesis|[silent]\n|move|p2a: Kommo-o|Body Press|p1b: Flutter Mane\n|-resisted|p1b: Flutter Mane\n|-damage|p1b: Flutter Mane|0 fnt\n|faint|p1b: Flutter Mane\n|-end|p1b: Flutter Mane|Protosynthesis|[silent]\n|\n|win|KeanuVGC\n|c|\u2606KeanuVGC|gg\n|c|\u2606Beraldinhoo|Gg\n","uploadtime":1699669212,"views":136,"p1id":"beraldinhoo","p2id":"keanuvgc","formatid":"gen9doublesou","rating":0,"private":0,"password":""}