{"id":"smogtours-gen9doublesou-727548","p1":"GuitarheroVGC","p2":"Raf","format":"[Gen 9] Doubles OU","log":"|inactive|Battle timer is ON: inactive players will automatically lose when time's up.\n|t:|1698606893\n|gametype|doubles\n|player|p1|GuitarheroVGC|kimonogirl|\n|player|p2|Raf|#scl3dynamos2|\n|teamsize|p1|6\n|teamsize|p2|6\n|gen|9\n|tier|[Gen 9] Doubles OU\n|rule|Species Clause: Limit one of each Pok\u00e9mon\n|rule|OHKO Clause: OHKO moves are banned\n|rule|Evasion Moves Clause: Evasion moves are banned\n|rule|Gravity Sleep Clause: The combination of sleep-inducing moves with imperfect accuracy and Gravity or Gigantamax Orbeetle are banned\n|rule|Endless Battle Clause: Forcing endless battles is banned\n|rule|HP Percentage Mod: HP is shown in percentages\n|clearpoke\n|poke|p1|Landorus-Therian, M|\n|poke|p1|Ogerpon-Wellspring, F|\n|poke|p1|Baxcalibur, F|\n|poke|p1|Heatran, F|\n|poke|p1|Rillaboom, M|\n|poke|p1|Ninetales-Alola, F|\n|poke|p2|Diancie|\n|poke|p2|Farigiraf, M|\n|poke|p2|Ogerpon-Hearthflame, F|\n|poke|p2|Landorus-Therian, M|\n|poke|p2|Rillaboom, F|\n|poke|p2|Chien-Pao|\n|teampreview\n|inactive|Raf also wants the timer to be on.\n|c|\u2606Raf|hf\n|c|\u2606GuitarheroVGC|gl :)\n|inactive|GuitarheroVGC has 270 seconds left.\n|inactive|Raf has 270 seconds left.\n|inactive|GuitarheroVGC has 240 seconds left.\n|inactive|Raf has 240 seconds left.\n|inactive|GuitarheroVGC has 210 seconds left.\n|inactive|GuitarheroVGC has 180 seconds left.\n|inactive|GuitarheroVGC has 150 seconds left.\n|\n|t:|1698607055\n|start\n|switch|p1a: Ogerpon|Ogerpon-Wellspring, F|100\/100\n|switch|p1b: Heatran|Heatran, F|100\/100\n|switch|p2a: Landorus|Landorus-Therian, M|100\/100\n|switch|p2b: Rillaboom|Rillaboom, F|100\/100\n|-fieldstart|move: Grassy Terrain|[from] ability: Grassy Surge|[of] p2b: Rillaboom\n|-ability|p2a: Landorus|Intimidate|boost\n|-unboost|p1a: Ogerpon|atk|1\n|-unboost|p1b: Heatran|atk|1\n|turn|1\n|inactive|GuitarheroVGC has 210 seconds left.\n|\n|t:|1698607078\n|move|p1a: Ogerpon|Spiky Shield|p1a: Ogerpon\n|-singleturn|p1a: Ogerpon|move: Protect\n|move|p1b: Heatran|Protect|p1b: Heatran\n|-singleturn|p1b: Heatran|Protect\n|move|p2b: Rillaboom|Fake Out|p1a: Ogerpon\n|-activate|p1a: Ogerpon|move: Protect\n|-damage|p2b: Rillaboom|88\/100|[from] Spiky Shield|[of] p1a: Ogerpon\n|move|p2a: Landorus|Stealth Rock|p1a: Ogerpon\n|-sidestart|p1: GuitarheroVGC|move: Stealth Rock\n|\n|-heal|p2b: Rillaboom|94\/100|[from] Grassy Terrain\n|upkeep\n|turn|2\n|inactive|GuitarheroVGC has 210 seconds left.\n|\n|t:|1698607111\n|switch|p1b: Landorus|Landorus-Therian, M|100\/100\n|-damage|p1b: Landorus|88\/100|[from] Stealth Rock\n|-ability|p1b: Landorus|Intimidate|boost\n|-unboost|p2a: Landorus|atk|1\n|-unboost|p2b: Rillaboom|atk|1\n|move|p1a: Ogerpon|Ivy Cudgel|p2a: Landorus\n|-supereffective|p2a: Landorus\n|-crit|p2a: Landorus\n|-damage|p2a: Landorus|0 fnt\n|faint|p2a: Landorus\n|move|p2b: Rillaboom|U-turn|p1a: Ogerpon\n|-supereffective|p1a: Ogerpon\n|-damage|p1a: Ogerpon|69\/100\n|inactive|Raf has 270 seconds left.\n|\n|t:|1698607130\n|switch|p2b: Chien-Pao|Chien-Pao|100\/100|[from] U-turn\n|-ability|p2b: Chien-Pao|Sword of Ruin\n|\n|-heal|p1a: Ogerpon|75\/100|[from] Grassy Terrain\n|upkeep\n|inactive|Raf has 270 seconds left.\n|inactive|Raf has 240 seconds left.\n|\n|t:|1698607183\n|switch|p2a: Ogerpon|Ogerpon-Hearthflame, F|100\/100\n|-ability|p2a: Ogerpon|Mold Breaker\n|turn|3\n|inactive|Raf has 240 seconds left.\n|\n|t:|1698607210\n|move|p2a: Ogerpon|Spiky Shield|p2a: Ogerpon\n|-singleturn|p2a: Ogerpon|move: Protect\n|move|p1a: Ogerpon|Spiky Shield|p1a: Ogerpon\n|-singleturn|p1a: Ogerpon|move: Protect\n|move|p1b: Landorus|U-turn|p2b: Chien-Pao\n|-supereffective|p2b: Chien-Pao\n|-damage|p2b: Chien-Pao|31\/100\n|\n|t:|1698607217\n|switch|p1b: Heatran|Heatran, F|100\/100|[from] U-turn\n|-damage|p1b: Heatran|88\/100|[from] Stealth Rock\n|move|p2b: Chien-Pao|Icicle Crash|p1a: Ogerpon\n|-activate|p1a: Ogerpon|move: Protect\n|\n|-heal|p2b: Chien-Pao|37\/100|[from] Grassy Terrain\n|-heal|p1a: Ogerpon|81\/100|[from] Grassy Terrain\n|-heal|p1b: Heatran|94\/100|[from] Grassy Terrain\n|-heal|p1b: Heatran|100\/100|[from] item: Leftovers\n|upkeep\n|turn|4\n|inactive|Raf has 240 seconds left.\n|inactive|GuitarheroVGC has 210 seconds left.\n|\n|t:|1698607262\n|switch|p1a: Landorus|Landorus-Therian, M|88\/100\n|-damage|p1a: Landorus|76\/100|[from] Stealth Rock\n|-ability|p1a: Landorus|Intimidate|boost\n|-unboost|p2a: Ogerpon|atk|1\n|-unboost|p2b: Chien-Pao|atk|1\n|move|p2b: Chien-Pao|Icicle Crash|p1a: Landorus\n|-supereffective|p1a: Landorus\n|-damage|p1a: Landorus|0 fnt\n|faint|p1a: Landorus\n|move|p2a: Ogerpon|Swords Dance|p2a: Ogerpon\n|-boost|p2a: Ogerpon|atk|2\n|move|p1b: Heatran|Heat Wave|p2b: Chien-Pao|[spread] p2a,p2b\n|-crit|p2a: Ogerpon\n|-supereffective|p2b: Chien-Pao\n|-damage|p2a: Ogerpon|40\/100\n|-damage|p2b: Chien-Pao|0 fnt\n|faint|p2b: Chien-Pao\n|\n|-heal|p2a: Ogerpon|47\/100|[from] Grassy Terrain\n|upkeep\n|inactive|Raf has 240 seconds left.\n|inactive|GuitarheroVGC has 210 seconds left.\n|\n|t:|1698607288\n|switch|p2b: Diancie|Diancie|100\/100\n|switch|p1a: Ninetales|Ninetales-Alola, F|100\/100\n|-damage|p1a: Ninetales|76\/100|[from] Stealth Rock\n|-weather|Snow|[from] ability: Snow Warning|[of] p1a: Ninetales\n|turn|5\n|inactive|Raf has 240 seconds left.\n|inactive|Raf has 210 seconds left.\n|inactive|Raf has 180 seconds left.\n|\n|t:|1698607367\n|-terastallize|p1a: Ninetales|Water\n|move|p1a: Ninetales|Aurora Veil|p1a: Ninetales\n|-sidestart|p1: GuitarheroVGC|move: Aurora Veil\n|move|p2a: Ogerpon|Ivy Cudgel|p1b: Heatran\n|-damage|p1b: Heatran|47\/100\n|move|p1b: Heatran|Heat Wave|p2a: Ogerpon|[spread] p2a,p2b\n|-resisted|p2b: Diancie\n|-damage|p2a: Ogerpon|9\/100\n|-damage|p2b: Diancie|88\/100\n|move|p2b: Diancie|Diamond Storm|p1b: Heatran|[spread] p1a,p1b\n|-damage|p1a: Ninetales|49\/100\n|-damage|p1b: Heatran|30\/100\n|\n|-weather|Snow|[upkeep]\n|-heal|p1a: Ninetales|55\/100|[from] Grassy Terrain\n|-heal|p2a: Ogerpon|16\/100|[from] Grassy Terrain\n|-heal|p1b: Heatran|36\/100|[from] Grassy Terrain\n|-heal|p1b: Heatran|42\/100|[from] item: Leftovers\n|-heal|p2b: Diancie|94\/100|[from] Grassy Terrain\n|-heal|p2b: Diancie|99\/100|[from] item: Leftovers\n|-fieldend|move: Grassy Terrain\n|upkeep\n|turn|6\n|c|\u2606Raf|wheres my crit\n|inactive|Raf has 180 seconds left.\n|inactive|GuitarheroVGC has 210 seconds left.\n|inactive|Raf has 150 seconds left.\n|inactive|GuitarheroVGC has 180 seconds left.\n|inactive|Raf has 120 seconds left.\n|\n|t:|1698607476\n|switch|p2b: Rillaboom|Rillaboom, F|94\/100\n|-fieldstart|move: Grassy Terrain|[from] ability: Grassy Surge|[of] p2b: Rillaboom\n|move|p2a: Ogerpon|Spiky Shield|p2a: Ogerpon\n|-singleturn|p2a: Ogerpon|move: Protect\n|move|p1a: Ninetales|Icy Wind|p2a: Ogerpon|[spread] p2b\n|-activate|p2a: Ogerpon|move: Protect\n|-supereffective|p2b: Rillaboom\n|-damage|p2b: Rillaboom|77\/100\n|-unboost|p2b: Rillaboom|spe|1\n|move|p1b: Heatran|Heat Wave|p2a: Ogerpon|[spread] p2b\n|-activate|p2a: Ogerpon|move: Protect\n|-supereffective|p2b: Rillaboom\n|-damage|p2b: Rillaboom|13\/100\n|\n|-weather|Snow|[upkeep]\n|-heal|p1a: Ninetales|61\/100|[from] Grassy Terrain\n|-heal|p2a: Ogerpon|22\/100|[from] Grassy Terrain\n|-heal|p1b: Heatran|48\/100|[from] Grassy Terrain\n|-heal|p1b: Heatran|55\/100|[from] item: Leftovers\n|-heal|p2b: Rillaboom|19\/100|[from] Grassy Terrain\n|upkeep\n|turn|7\n|inactive|Raf has 120 seconds left.\n|inactive|GuitarheroVGC has 180 seconds left.\n|\n|t:|1698607502\n|move|p1b: Heatran|Protect|p1b: Heatran\n|-singleturn|p1b: Heatran|Protect\n|move|p2b: Rillaboom|Grassy Glide|p1a: Ninetales\n|-supereffective|p1a: Ninetales\n|-damage|p1a: Ninetales|0 fnt\n|faint|p1a: Ninetales\n|move|p2a: Ogerpon|Ivy Cudgel|p1b: Heatran\n|-activate|p1b: Heatran|move: Protect\n|\n|-weather|Snow|[upkeep]\n|-heal|p2a: Ogerpon|28\/100|[from] Grassy Terrain\n|-heal|p1b: Heatran|61\/100|[from] Grassy Terrain\n|-heal|p1b: Heatran|67\/100|[from] item: Leftovers\n|-heal|p2b: Rillaboom|25\/100|[from] Grassy Terrain\n|upkeep\n|inactive|GuitarheroVGC has 180 seconds left.\n|\n|t:|1698607512\n|switch|p1a: Ogerpon|Ogerpon-Wellspring, F|81\/100\n|-damage|p1a: Ogerpon|69\/100|[from] Stealth Rock\n|turn|8\n|inactive|Raf has 120 seconds left.\n|\n|t:|1698607541\n|move|p2a: Ogerpon|Spiky Shield|p2a: Ogerpon\n|-singleturn|p2a: Ogerpon|move: Protect\n|move|p1a: Ogerpon|Ivy Cudgel|p2a: Ogerpon\n|-activate|p2a: Ogerpon|move: Protect\n|move|p1b: Heatran|Heat Wave|p2b: Rillaboom|[spread] p2b\n|-activate|p2a: Ogerpon|move: Protect\n|-supereffective|p2b: Rillaboom\n|-damage|p2b: Rillaboom|0 fnt\n|faint|p2b: Rillaboom\n|\n|-weather|Snow|[upkeep]\n|-heal|p2a: Ogerpon|34\/100|[from] Grassy Terrain\n|-heal|p1a: Ogerpon|75\/100|[from] Grassy Terrain\n|-heal|p1b: Heatran|73\/100|[from] Grassy Terrain\n|-heal|p1b: Heatran|80\/100|[from] item: Leftovers\n|upkeep\n|inactive|Raf has 90 seconds left.\n|\n|t:|1698607572\n|switch|p2b: Farigiraf|Farigiraf, M|100\/100\n|turn|9\n|\n|t:|1698607579\n|move|p2a: Ogerpon|Grassy Glide|p1a: Ogerpon\n|-damage|p1a: Ogerpon|28\/100\n|move|p1a: Ogerpon|Ivy Cudgel|p2a: Ogerpon\n|-damage|p2a: Ogerpon|0 fnt\n|faint|p2a: Ogerpon\n|move|p1b: Heatran|Heat Wave|p2b: Farigiraf\n|-damage|p2b: Farigiraf|50\/100\n|move|p2b: Farigiraf|Trick Room|p2b: Farigiraf\n|-fieldstart|move: Trick Room|[of] p2b: Farigiraf\n|\n|-weather|none\n|-heal|p2b: Farigiraf|56\/100|[from] Grassy Terrain\n|-heal|p1b: Heatran|86\/100|[from] Grassy Terrain\n|-heal|p1b: Heatran|92\/100|[from] item: Leftovers\n|-heal|p1a: Ogerpon|34\/100|[from] Grassy Terrain\n|upkeep\n|\n|t:|1698607584\n|switch|p2a: Diancie|Diancie|99\/100\n|turn|10\n|inactive|Raf has 120 seconds left.\n|\n|t:|1698607597\n|-terastallize|p2a: Diancie|Fire\n|move|p2b: Farigiraf|Helping Hand|p2a: Diancie\n|-singleturn|p2a: Diancie|Helping Hand|[of] p2b: Farigiraf\n|move|p1a: Ogerpon|Spiky Shield|p1a: Ogerpon\n|-singleturn|p1a: Ogerpon|move: Protect\n|move|p2a: Diancie|Diamond Storm|p1a: Ogerpon|[spread] p1b\n|-activate|p1a: Ogerpon|move: Protect\n|-damage|p1b: Heatran|68\/100\n|-boost|p2a: Diancie|def|2\n|move|p1b: Heatran|Magma Storm|p2a: Diancie|[miss]\n|-miss|p1b: Heatran|p2a: Diancie\n|\n|-heal|p2a: Diancie|100\/100|[from] Grassy Terrain\n|-heal|p2b: Farigiraf|62\/100|[from] Grassy Terrain\n|-heal|p1b: Heatran|74\/100|[from] Grassy Terrain\n|-heal|p1b: Heatran|81\/100|[from] item: Leftovers\n|-heal|p1a: Ogerpon|40\/100|[from] Grassy Terrain\n|-fieldend|move: Grassy Terrain\n|upkeep\n|turn|11\n|\n|t:|1698607619\n|move|p2a: Diancie|Diamond Storm|p1b: Heatran|[spread] p1a,p1b\n|-damage|p1a: Ogerpon|18\/100\n|-damage|p1b: Heatran|63\/100\n|move|p2b: Farigiraf|Tera Blast|p1a: Ogerpon\n|-damage|p1a: Ogerpon|0 fnt\n|faint|p1a: Ogerpon\n|move|p1b: Heatran|Earth Power|p2a: Diancie\n|-supereffective|p2a: Diancie\n|-damage|p2a: Diancie|52\/100\n|\n|-heal|p2a: Diancie|59\/100|[from] item: Leftovers\n|-heal|p1b: Heatran|69\/100|[from] item: Leftovers\n|upkeep\n|\n|t:|1698607632\n|switch|p1a: Rillaboom|Rillaboom, M|100\/100\n|-damage|p1a: Rillaboom|88\/100|[from] Stealth Rock\n|-fieldstart|move: Grassy Terrain|[from] ability: Grassy Surge|[of] p1a: Rillaboom\n|turn|12\n|inactive|Raf has 150 seconds left.\n|\n|t:|1698607665\n|move|p2b: Farigiraf|Helping Hand|p2a: Diancie\n|-singleturn|p2a: Diancie|Helping Hand|[of] p2b: Farigiraf\n|move|p1a: Rillaboom|Fake Out||[still]\n|cant|p2b: Farigiraf|ability: Armor Tail|Fake Out|[of] p1a: Rillaboom\n|move|p2a: Diancie|Body Press|p1b: Heatran\n|-supereffective|p1b: Heatran\n|-damage|p1b: Heatran|0 fnt\n|faint|p1b: Heatran\n|\n|-heal|p2a: Diancie|65\/100|[from] Grassy Terrain\n|-heal|p2a: Diancie|71\/100|[from] item: Leftovers\n|-heal|p2b: Farigiraf|68\/100|[from] Grassy Terrain\n|-heal|p1a: Rillaboom|94\/100|[from] Grassy Terrain\n|-sideend|p1: GuitarheroVGC|move: Aurora Veil\n|upkeep\n|inactive|GuitarheroVGC has 270 seconds left.\n|\n|t:|1698607674\n|switch|p1b: Baxcalibur|Baxcalibur, F|100\/100\n|-damage|p1b: Baxcalibur|76\/100|[from] Stealth Rock\n|turn|13\n|inactive|Raf has 150 seconds left.\n|\n|t:|1698607682\n|move|p1b: Baxcalibur|Protect|p1b: Baxcalibur\n|-singleturn|p1b: Baxcalibur|Protect\n|move|p2a: Diancie|Diamond Storm|p1a: Rillaboom|[spread] p1a\n|-activate|p1b: Baxcalibur|move: Protect\n|-damage|p1a: Rillaboom|67\/100\n|-boost|p2a: Diancie|def|2\n|move|p2b: Farigiraf|Psyshock|p1a: Rillaboom\n|-damage|p1a: Rillaboom|26\/100\n|move|p1a: Rillaboom|U-turn|p2b: Farigiraf\n|-supereffective|p2b: Farigiraf\n|-damage|p2b: Farigiraf|21\/100\n|\n|-heal|p2a: Diancie|77\/100|[from] Grassy Terrain\n|-heal|p2a: Diancie|84\/100|[from] item: Leftovers\n|-heal|p2b: Farigiraf|27\/100|[from] Grassy Terrain\n|-heal|p1a: Rillaboom|32\/100|[from] Grassy Terrain\n|-heal|p1b: Baxcalibur|82\/100|[from] Grassy Terrain\n|-fieldend|move: Trick Room\n|upkeep\n|turn|14\n|\n|t:|1698607697\n|move|p1b: Baxcalibur|Scale Shot|p2a: Diancie\n|-damage|p2a: Diancie|79\/100\n|-damage|p2a: Diancie|75\/100\n|-damage|p2a: Diancie|71\/100\n|-damage|p2a: Diancie|67\/100\n|-damage|p2a: Diancie|62\/100\n|-hitcount|p2a: Diancie|5\n|-unboost|p1b: Baxcalibur|def|1\n|-boost|p1b: Baxcalibur|spe|1\n|move|p1a: Rillaboom|U-turn|p2b: Farigiraf\n|-supereffective|p2b: Farigiraf\n|-damage|p2b: Farigiraf|0 fnt\n|faint|p2b: Farigiraf\n|move|p2a: Diancie|Body Press|p1b: Baxcalibur\n|-supereffective|p1b: Baxcalibur\n|-damage|p1b: Baxcalibur|0 fnt\n|faint|p1b: Baxcalibur\n|\n|-heal|p1a: Rillaboom|38\/100|[from] Grassy Terrain\n|-heal|p2a: Diancie|69\/100|[from] Grassy Terrain\n|-heal|p2a: Diancie|75\/100|[from] item: Leftovers\n|upkeep\n|turn|15\n|inactive|Raf has 180 seconds left.\n|c|\u2606Raf|gg\n|\n|t:|1698607713\n|move|p1a: Rillaboom|Wood Hammer|p2a: Diancie\n|-resisted|p2a: Diancie\n|-damage|p2a: Diancie|64\/100\n|-damage|p1a: Rillaboom|36\/100|[from] Recoil\n|move|p2a: Diancie|Body Press|p1a: Rillaboom\n|-damage|p1a: Rillaboom|0 fnt\n|faint|p1a: Rillaboom\n|\n|win|Raf\n|c|\u2606GuitarheroVGC|gg\n","uploadtime":1698607714,"views":67,"p1id":"guitarherovgc","p2id":"raf","formatid":"gen9doublesou","rating":0,"private":0,"password":""}