{"id":"smogtours-gen9doublesou-730327","p1":"Xrn","p2":"the JRL","format":"[Gen 9] Doubles OU","log":"|inactive|Battle timer is ON: inactive players will automatically lose when time's up.\n|t:|1699819404\n|gametype|doubles\n|player|p1|Xrn|#scl3platoon|\n|player|p2|the JRL|#scl3islanders2|\n|teamsize|p1|6\n|teamsize|p2|6\n|gen|9\n|tier|[Gen 9] Doubles OU\n|rule|Species Clause: Limit one of each Pok\u00e9mon\n|rule|OHKO Clause: OHKO moves are banned\n|rule|Evasion Moves Clause: Evasion moves are banned\n|rule|Gravity Sleep Clause: The combination of sleep-inducing moves with imperfect accuracy and Gravity or Gigantamax Orbeetle are banned\n|rule|Endless Battle Clause: Forcing endless battles is banned\n|rule|HP Percentage Mod: HP is shown in percentages\n|clearpoke\n|poke|p1|Landorus-Therian, M|\n|poke|p1|Flutter Mane|\n|poke|p1|Ogerpon-Wellspring, F|\n|poke|p1|Heatran, F|\n|poke|p1|Glimmora, F|\n|poke|p1|Kommo-o, F|\n|poke|p2|Sinistcha-Masterpiece|\n|poke|p2|Ursaluna, F|\n|poke|p2|Diancie|\n|poke|p2|Indeedee-F, F|\n|poke|p2|Armarouge, F|\n|poke|p2|Iron Hands|\n|teampreview\n|inactive|Xrn also wants the timer to be on.\n|raw|<div class=\"broadcast-red\"><strong>Moderated chat was set to \u2606!<\/strong><br \/>Only users of rank \u2606 and higher can talk.<\/div>\n|c|\u2606the JRL|hf\n|c|\u2606Xrn|hf\n|inactive|Xrn has 270 seconds left.\n|inactive|the JRL has 270 seconds left.\n|inactive|Xrn has 240 seconds left.\n|inactive|the JRL has 240 seconds left.\n|inactive|Xrn has 210 seconds left.\n|\n|t:|1699819498\n|start\n|switch|p1a: Follow My Girl|Heatran, F, shiny|100\/100\n|switch|p1b: Wild|Landorus-Therian, M, shiny|100\/100\n|switch|p2a: Indeedee|Indeedee-F, F|100\/100\n|switch|p2b: Armarouge|Armarouge, F|100\/100\n|-ability|p1b: Wild|Intimidate|boost\n|-unboost|p2a: Indeedee|atk|1\n|-unboost|p2b: Armarouge|atk|1\n|-fieldstart|move: Psychic Terrain|[from] ability: Psychic Surge|[of] p2a: Indeedee\n|turn|1\n|inactive|Xrn has 270 seconds left.\n|inactive|the JRL has 270 seconds left.\n|\n|t:|1699819548\n|move|p1b: Wild|U-turn|p2b: Armarouge\n|-damage|p2b: Armarouge|76\/100\n|inactive|Xrn has 240 seconds left.\n|\n|t:|1699819582\n|switch|p1b: Lilo|Glimmora, F|100\/100|[from] U-turn\n|move|p1a: Follow My Girl|Taunt|p2a: Indeedee\n|-start|p2a: Indeedee|move: Taunt\n|move|p2b: Armarouge|Expanding Force|p1a: Follow My Girl|[spread] p1a,p1b\n|-resisted|p1a: Follow My Girl\n|-supereffective|p1b: Lilo\n|-damage|p1a: Follow My Girl|64\/100\n|-damage|p1b: Lilo|0 fnt\n|faint|p1b: Lilo\n|cant|p2a: Indeedee|move: Taunt|Trick Room\n|\n|-heal|p1a: Follow My Girl|70\/100|[from] item: Leftovers\n|upkeep\n|inactive|Xrn has 210 seconds left.\n|\n|t:|1699819605\n|switch|p1b: saw you in a dream|Flutter Mane|100\/100\n|turn|2\n|inactive|the JRL has 270 seconds left.\n|inactive|Xrn has 210 seconds left.\n|inactive|the JRL has 240 seconds left.\n|inactive|Xrn has 180 seconds left.\n|\n|t:|1699819682\n|-terastallize|p2b: Armarouge|Grass\n|move|p1b: saw you in a dream|Moonblast|p2b: Armarouge\n|-damage|p2b: Armarouge|0 fnt\n|faint|p2b: Armarouge\n|move|p1a: Follow My Girl|Magma Storm|p2a: Indeedee|[miss]\n|-miss|p1a: Follow My Girl|p2a: Indeedee\n|move|p2a: Indeedee|Psychic|p1b: saw you in a dream\n|-damage|p1b: saw you in a dream|67\/100\n|\n|-heal|p1a: Follow My Girl|76\/100|[from] item: Leftovers\n|upkeep\n|inactive|the JRL has 210 seconds left.\n|inactive|the JRL has 180 seconds left.\n|\n|t:|1699819746\n|switch|p2b: Diancie|Diancie|100\/100\n|turn|3\n|inactive|the JRL has 180 seconds left.\n|inactive|Xrn has 180 seconds left.\n|inactive|Xrn has 150 seconds left.\n|\n|t:|1699819813\n|switch|p2a: Sinistcha|Sinistcha-Masterpiece|100\/100\n|move|p2b: Diancie|Protect|p2b: Diancie\n|-singleturn|p2b: Diancie|Protect\n|move|p1b: saw you in a dream|Moonblast|p2b: Diancie\n|-activate|p2b: Diancie|move: Protect\n|move|p1a: Follow My Girl|Earth Power|p2b: Diancie\n|-activate|p2b: Diancie|move: Protect\n|\n|-heal|p1a: Follow My Girl|82\/100|[from] item: Leftovers\n|upkeep\n|turn|4\n|inactive|the JRL has 180 seconds left.\n|inactive|Xrn has 150 seconds left.\n|inactive|Xrn has 120 seconds left.\n|\n|t:|1699819873\n|-end|p1b: saw you in a dream|Protosynthesis|[silent]\n|switch|p1b: f a r a w a y|Kommo-o, F, shiny|100\/100\n|move|p2a: Sinistcha|Rage Powder|p2a: Sinistcha\n|-singleturn|p2a: Sinistcha|move: Rage Powder\n|move|p1a: Follow My Girl|Magma Storm|p2a: Sinistcha\n|-supereffective|p2a: Sinistcha\n|-damage|p2a: Sinistcha|0 fnt\n|faint|p2a: Sinistcha\n|move|p2b: Diancie|Trick Room|p2b: Diancie\n|-fieldstart|move: Trick Room|[of] p2b: Diancie\n|\n|-heal|p1a: Follow My Girl|89\/100|[from] item: Leftovers\n|upkeep\n|\n|t:|1699819885\n|switch|p2a: Ursaluna|Ursaluna, F|100\/100\n|turn|5\n|inactive|the JRL has 180 seconds left.\n|inactive|Xrn has 120 seconds left.\n|\n|t:|1699819935\n|-terastallize|p1a: Follow My Girl|Fairy\n|move|p1b: f a r a w a y|Protect|p1b: f a r a w a y\n|-singleturn|p1b: f a r a w a y|Protect\n|move|p2a: Ursaluna|Swords Dance|p2a: Ursaluna\n|-boost|p2a: Ursaluna|atk|2\n|move|p2b: Diancie|Diamond Storm|p1a: Follow My Girl|[spread] p1a\n|-activate|p1b: f a r a w a y|move: Protect\n|-damage|p1a: Follow My Girl|54\/100\n|move|p1a: Follow My Girl|Magma Storm|p2a: Ursaluna\n|-damage|p2a: Ursaluna|54\/100\n|-activate|p2a: Ursaluna|move: Magma Storm|[of] p1a: Follow My Girl\n|\n|-heal|p1a: Follow My Girl|60\/100|[from] item: Leftovers\n|-damage|p2a: Ursaluna|42\/100|[from] move: Magma Storm|[partiallytrapped]\n|-fieldend|move: Psychic Terrain\n|-status|p2a: Ursaluna|brn|[from] item: Flame Orb\n|upkeep\n|turn|6\n|inactive|Xrn has 120 seconds left.\n|inactive|the JRL has 180 seconds left.\n|inactive|Xrn has 90 seconds left.\n|\n|t:|1699819973\n|switch|p1b: Wild|Landorus-Therian, M, shiny|100\/100\n|-ability|p1b: Wild|Intimidate|boost\n|-unboost|p2a: Ursaluna|atk|1\n|-fail|p2b: Diancie|unboost|[from] ability: Clear Body|[of] p2b: Diancie\n|move|p1a: Follow My Girl|Protect|p1a: Follow My Girl\n|-singleturn|p1a: Follow My Girl|Protect\n|move|p2a: Ursaluna|Facade|p1a: Follow My Girl\n|-activate|p1a: Follow My Girl|move: Protect\n|move|p2b: Diancie|Diamond Storm|p1a: Follow My Girl|[spread] p1b\n|-activate|p1a: Follow My Girl|move: Protect\n|-damage|p1b: Wild|54\/100\n|\n|-heal|p1a: Follow My Girl|67\/100|[from] item: Leftovers\n|-damage|p2a: Ursaluna|36\/100 brn|[from] brn\n|-damage|p2a: Ursaluna|24\/100 brn|[from] move: Magma Storm|[partiallytrapped]\n|upkeep\n|turn|7\n|inactive|the JRL has 180 seconds left.\n|inactive|Xrn has 90 seconds left.\n|inactive|Xrn has 60 seconds left.\n|\n|t:|1699820036\n|switch|p1a: saw you in a dream|Flutter Mane|67\/100\n|move|p2a: Ursaluna|Facade|p1a: saw you in a dream\n|-immune|p1a: saw you in a dream\n|move|p2b: Diancie|Diamond Storm|p1a: saw you in a dream|[spread] p1a,p1b\n|-damage|p1a: saw you in a dream|2\/100\n|-damage|p1b: Wild|13\/100\n|move|p1b: Wild|U-turn|p2a: Ursaluna\n|-damage|p2a: Ursaluna|2\/100 brn\n|\n|t:|1699820047\n|switch|p1b: Follow My Girl|Heatran, F, shiny, tera:Fairy|67\/100|[from] U-turn\n|\n|-heal|p1b: Follow My Girl|73\/100|[from] item: Leftovers\n|-damage|p2a: Ursaluna|0 fnt|[from] brn\n|faint|p2a: Ursaluna\n|upkeep\n|\n|t:|1699820058\n|switch|p2a: Indeedee|Indeedee-F, F|100\/100\n|-fieldstart|move: Psychic Terrain|[from] ability: Psychic Surge|[of] p2a: Indeedee\n|turn|8\n|inactive|Xrn has 60 seconds left.\n|\n|t:|1699820082\n|move|p1b: Follow My Girl|Protect|p1b: Follow My Girl\n|-singleturn|p1b: Follow My Girl|Protect\n|move|p1a: saw you in a dream|Dazzling Gleam|p2b: Diancie|[spread] p2a,p2b\n|-crit|p2b: Diancie\n|-damage|p2a: Indeedee|59\/100\n|-damage|p2b: Diancie|56\/100\n|move|p2b: Diancie|Trick Room|p2b: Diancie\n|-fieldend|move: Trick Room\n|move|p2a: Indeedee|Trick Room|p2a: Indeedee\n|-fieldstart|move: Trick Room|[of] p2a: Indeedee\n|\n|-heal|p1b: Follow My Girl|79\/100|[from] item: Leftovers\n|upkeep\n|turn|9\n|inactive|Xrn has 60 seconds left.\n|\n|t:|1699820117\n|move|p2a: Indeedee|Follow Me|p2a: Indeedee\n|-singleturn|p2a: Indeedee|move: Follow Me\n|move|p2b: Diancie|Diamond Storm|p1a: saw you in a dream|[spread] p1a,p1b\n|-damage|p1a: saw you in a dream|0 fnt\n|-damage|p1b: Follow My Girl|46\/100\n|-boost|p2b: Diancie|def|2\n|faint|p1a: saw you in a dream\n|-end|p1a: saw you in a dream|Protosynthesis|[silent]\n|move|p1b: Follow My Girl|Magma Storm|p2a: Indeedee\n|-damage|p2a: Indeedee|12\/100\n|-activate|p2a: Indeedee|move: Magma Storm|[of] p1b: Follow My Girl\n|\n|-heal|p1b: Follow My Girl|52\/100|[from] item: Leftovers\n|-damage|p2a: Indeedee|0 fnt|[from] move: Magma Storm|[partiallytrapped]\n|faint|p2a: Indeedee\n|upkeep\n|inactive|Xrn has 60 seconds left.\n|\n|t:|1699820133\n|switch|p2a: Iron Hands|Iron Hands|100\/100\n|switch|p1a: Wild|Landorus-Therian, M, shiny|13\/100\n|-ability|p1a: Wild|Intimidate|boost\n|-unboost|p2a: Iron Hands|atk|1\n|-fail|p2b: Diancie|unboost|[from] ability: Clear Body|[of] p2b: Diancie\n|turn|10\n|inactive|the JRL has 210 seconds left.\n|inactive|Xrn has 60 seconds left.\n|\n|t:|1699820162\n|move|p2b: Diancie|Diamond Storm|p1a: Wild|[spread] p1a,p1b\n|-damage|p1a: Wild|0 fnt\n|-damage|p1b: Follow My Girl|17\/100\n|-boost|p2b: Diancie|def|2\n|faint|p1a: Wild\n|move|p2a: Iron Hands|Close Combat|p1b: Follow My Girl\n|-resisted|p1b: Follow My Girl\n|-damage|p1b: Follow My Girl|0 fnt\n|-unboost|p2a: Iron Hands|def|1\n|-unboost|p2a: Iron Hands|spd|1\n|faint|p1b: Follow My Girl\n|\n|upkeep\n|inactive|Xrn has 60 seconds left.\n|\n|t:|1699820168\n|switch|p1b: f a r a w a y|Kommo-o, F, shiny|100\/100\n|switch|p1a: Marika Is Sleeping|Ogerpon-Wellspring, F|100\/100\n|turn|11\n|inactive|the JRL has 210 seconds left.\n|inactive|the JRL has 180 seconds left.\n|inactive|the JRL has 150 seconds left.\n|\n|t:|1699820250\n|move|p1b: f a r a w a y|Protect|p1b: f a r a w a y\n|-singleturn|p1b: f a r a w a y|Protect\n|move|p1a: Marika Is Sleeping|Spiky Shield|p1a: Marika Is Sleeping\n|-singleturn|p1a: Marika Is Sleeping|move: Protect\n|move|p2a: Iron Hands|Close Combat|p1b: f a r a w a y\n|-activate|p1b: f a r a w a y|move: Protect\n|move|p2b: Diancie|Body Press|p1b: f a r a w a y\n|-activate|p1b: f a r a w a y|move: Protect\n|\n|upkeep\n|turn|12\n|inactive|the JRL has 150 seconds left.\n|inactive|the JRL has 120 seconds left.\n|inactive|the JRL has 90 seconds left.\n|\n|t:|1699820340\n|move|p1a: Marika Is Sleeping|Follow Me|p1a: Marika Is Sleeping\n|-singleturn|p1a: Marika Is Sleeping|move: Follow Me\n|move|p2b: Diancie|Body Press|p1a: Marika Is Sleeping\n|-damage|p1a: Marika Is Sleeping|16\/100\n|move|p2a: Iron Hands|Close Combat|p1a: Marika Is Sleeping\n|-damage|p1a: Marika Is Sleeping|0 fnt\n|-unboost|p2a: Iron Hands|def|1\n|-unboost|p2a: Iron Hands|spd|1\n|faint|p1a: Marika Is Sleeping\n|move|p1b: f a r a w a y|Iron Defense|p1b: f a r a w a y\n|-boost|p1b: f a r a w a y|def|2\n|\n|-fieldend|move: Trick Room\n|-fieldend|move: Psychic Terrain\n|upkeep\n|turn|13\n|inactive|Xrn has 90 seconds left.\n|\n|t:|1699820370\n|move|p1b: f a r a w a y|Iron Defense|p1b: f a r a w a y\n|-boost|p1b: f a r a w a y|def|2\n|move|p2a: Iron Hands|Close Combat|p1b: f a r a w a y\n|-damage|p1b: f a r a w a y|88\/100\n|-unboost|p2a: Iron Hands|def|1\n|-unboost|p2a: Iron Hands|spd|1\n|move|p2b: Diancie|Trick Room|p2b: Diancie\n|-fieldstart|move: Trick Room|[of] p2b: Diancie\n|\n|-heal|p1b: f a r a w a y|94\/100|[from] item: Leftovers\n|upkeep\n|turn|14\n|\n|t:|1699820388\n|move|p2b: Diancie|Diamond Storm|p1b: f a r a w a y\n|-resisted|p1b: f a r a w a y\n|-damage|p1b: f a r a w a y|88\/100\n|move|p2a: Iron Hands|Close Combat|p1b: f a r a w a y\n|-damage|p1b: f a r a w a y|77\/100\n|-unboost|p2a: Iron Hands|def|1\n|-unboost|p2a: Iron Hands|spd|1\n|move|p1b: f a r a w a y|Body Press|p2a: Iron Hands\n|-damage|p2a: Iron Hands|0 fnt\n|faint|p2a: Iron Hands\n|-end|p2a: Iron Hands|Quark Drive|[silent]\n|\n|-heal|p1b: f a r a w a y|83\/100|[from] item: Leftovers\n|upkeep\n|turn|15\n|inactive|the JRL has 120 seconds left.\n|\n|t:|1699820406\n|move|p1b: f a r a w a y|Protect|p1b: f a r a w a y\n|-singleturn|p1b: f a r a w a y|Protect\n|move|p2b: Diancie|Body Press|p1b: f a r a w a y\n|-activate|p1b: f a r a w a y|move: Protect\n|\n|-heal|p1b: f a r a w a y|89\/100|[from] item: Leftovers\n|upkeep\n|turn|16\n|inactive|the JRL has 120 seconds left.\n|\n|t:|1699820433\n|move|p2b: Diancie|Diamond Storm|p1b: f a r a w a y\n|-resisted|p1b: f a r a w a y\n|-damage|p1b: f a r a w a y|82\/100\n|move|p1b: f a r a w a y|Body Press|p2b: Diancie\n|-damage|p2b: Diancie|24\/100\n|\n|-heal|p1b: f a r a w a y|89\/100|[from] item: Leftovers\n|upkeep\n|turn|17\n|\n|t:|1699820445\n|move|p1b: f a r a w a y|Protect|p1b: f a r a w a y\n|-singleturn|p1b: f a r a w a y|Protect\n|move|p2b: Diancie|Body Press|p1b: f a r a w a y\n|-activate|p1b: f a r a w a y|move: Protect\n|\n|-heal|p1b: f a r a w a y|95\/100|[from] item: Leftovers\n|-fieldend|move: Trick Room\n|upkeep\n|turn|18\n|c|\u2606the JRL|gg\n|inactive|the JRL has 150 seconds left.\n|c|\u2606Xrn|stop fucking psyspamming me\n|c|\u2606Xrn|gg\n|\n|t:|1699820453\n|move|p1b: f a r a w a y|Body Press|p2b: Diancie\n|-damage|p2b: Diancie|0 fnt\n|faint|p2b: Diancie\n|\n|win|Xrn\n","uploadtime":1699820454,"views":254,"p1id":"xrn","p2id":"thejrl","formatid":"gen9doublesou","rating":0,"private":0,"password":""}