{"id":"smogtours-gen9doublesou-729464","p1":"zee","p2":"WillE_VGC","format":"[Gen 9] Doubles OU","log":"|inactive|Battle timer is ON: inactive players will automatically lose when time's up.\n|t:|1699389725\n|gametype|doubles\n|player|p1|zee|#roaplviiipichus|\n|player|p2|WillE_VGC|#dpl9spectralthieves|\n|teamsize|p1|6\n|teamsize|p2|6\n|gen|9\n|tier|[Gen 9] Doubles OU\n|rule|Species Clause: Limit one of each Pok\u00e9mon\n|rule|OHKO Clause: OHKO moves are banned\n|rule|Evasion Moves Clause: Evasion moves are banned\n|rule|Gravity Sleep Clause: The combination of sleep-inducing moves with imperfect accuracy and Gravity or Gigantamax Orbeetle are banned\n|rule|Endless Battle Clause: Forcing endless battles is banned\n|rule|HP Percentage Mod: HP is shown in percentages\n|clearpoke\n|poke|p1|Manaphy|\n|poke|p1|Weezing, M|\n|poke|p1|Ogerpon-Hearthflame, F|\n|poke|p1|Flutter Mane|\n|poke|p1|Roaring Moon|\n|poke|p1|Iron Hands|\n|poke|p2|Farigiraf, F|\n|poke|p2|Dragapult, F|\n|poke|p2|Chien-Pao|\n|poke|p2|Glimmora, F|\n|poke|p2|Flutter Mane|\n|poke|p2|Heatran, M|\n|teampreview\n|inactive|zee has 270 seconds left.\n|inactive|WillE_VGC has 270 seconds left.\n|c|\u2606WillE_VGC|glhf\n|c|\u2606zee|glhf\n|inactive|WillE_VGC has 240 seconds left.\n|\n|t:|1699389809\n|start\n|switch|p1a: Manaphy|Manaphy, shiny|100\/100\n|switch|p1b: Roaring Moon|Roaring Moon|100\/100\n|switch|p2a: Yur|Heatran, M|100\/100\n|switch|p2b: MDB|Dragapult, F|100\/100\n|-enditem|p1b: Roaring Moon|Booster Energy\n|-activate|p1b: Roaring Moon|ability: Protosynthesis|[fromitem]\n|-start|p1b: Roaring Moon|protosynthesisspe\n|turn|1\n|inactive|zee has 270 seconds left.\n|inactive|WillE_VGC has 270 seconds left.\n|\n|t:|1699389860\n|switch|p2b: Mane Man|Flutter Mane|100\/100\n|-enditem|p2b: Mane Man|Booster Energy\n|-activate|p2b: Mane Man|ability: Protosynthesis|[fromitem]\n|-start|p2b: Mane Man|protosynthesisspe\n|-terastallize|p2a: Yur|Grass\n|move|p1b: Roaring Moon|Knock Off|p2b: Mane Man\n|-damage|p2b: Mane Man|36\/100\n|move|p1a: Manaphy|Tail Glow|p1a: Manaphy\n|-boost|p1a: Manaphy|spa|3\n|move|p2a: Yur|Tera Blast|p1a: Manaphy|[anim] Tera Blast Grass\n|-supereffective|p1a: Manaphy\n|-damage|p1a: Manaphy|15\/100\n|\n|-heal|p1a: Manaphy|21\/100|[from] item: Leftovers\n|upkeep\n|turn|2\n|inactive|zee has 270 seconds left.\n|inactive|WillE_VGC has 270 seconds left.\n|inactive|WillE_VGC has 240 seconds left.\n|\n|t:|1699389905\n|switch|p2a: Slimthickora|Glimmora, F|100\/100\n|-terastallize|p1b: Roaring Moon|Flying\n|move|p2b: Mane Man|Protect|p2b: Mane Man\n|-singleturn|p2b: Mane Man|Protect\n|move|p1a: Manaphy|Protect|p1a: Manaphy\n|-singleturn|p1a: Manaphy|Protect\n|move|p1b: Roaring Moon|Tailwind|p1b: Roaring Moon\n|-sidestart|p1: zee|move: Tailwind\n|\n|-heal|p1a: Manaphy|27\/100|[from] item: Leftovers\n|upkeep\n|turn|3\n|inactive|zee has 270 seconds left.\n|inactive|WillE_VGC has 240 seconds left.\n|\n|t:|1699389935\n|move|p1b: Roaring Moon|Acrobatics|p2b: Mane Man\n|-damage|p2b: Mane Man|0 fnt\n|faint|p2b: Mane Man\n|-end|p2b: Mane Man|Protosynthesis|[silent]\n|move|p1a: Manaphy|Scald|p2a: Slimthickora\n|-supereffective|p2a: Slimthickora\n|-enditem|p2a: Slimthickora|Focus Sash\n|-damage|p2a: Slimthickora|1\/100\n|-status|p2a: Slimthickora|brn\n|move|p2a: Slimthickora|Power Gem|p1b: Roaring Moon\n|-supereffective|p1b: Roaring Moon\n|-damage|p1b: Roaring Moon|33\/100\n|\n|-heal|p1a: Manaphy|33\/100|[from] item: Leftovers\n|-damage|p2a: Slimthickora|0 fnt|[from] brn\n|faint|p2a: Slimthickora\n|upkeep\n|inactive|WillE_VGC has 210 seconds left.\n|\n|t:|1699389976\n|switch|p2b: MDB|Dragapult, F|100\/100\n|switch|p2a: Cheezwhiz|Chien-Pao|100\/100\n|-ability|p2a: Cheezwhiz|Sword of Ruin\n|turn|4\n|inactive|WillE_VGC has 210 seconds left.\n|inactive|zee has 270 seconds left.\n|\n|t:|1699390022\n|-end|p1b: Roaring Moon|Protosynthesis|[silent]\n|switch|p1b: Flutter Mane|Flutter Mane|100\/100\n|move|p1a: Manaphy|Protect|p1a: Manaphy\n|-singleturn|p1a: Manaphy|Protect\n|move|p2a: Cheezwhiz|Sucker Punch||[still]\n|-fail|p2a: Cheezwhiz\n|move|p2b: MDB|Dragon Darts|p1a: Manaphy\n|-immune|p1b: Flutter Mane\n|\n|-heal|p1a: Manaphy|39\/100|[from] item: Leftovers\n|upkeep\n|turn|5\n|inactive|WillE_VGC has 210 seconds left.\n|inactive|WillE_VGC has 180 seconds left.\n|inactive|WillE_VGC has 150 seconds left.\n|\n|t:|1699390099\n|switch|p1a: Weezing|Weezing, M, shiny|100\/100\n|-ability|p1a: Weezing|Neutralizing Gas\n|switch|p2b: Melman|Farigiraf, F|100\/100\n|move|p2a: Cheezwhiz|Protect|p2a: Cheezwhiz\n|-singleturn|p2a: Cheezwhiz|Protect\n|move|p1b: Flutter Mane|Dazzling Gleam|p2a: Cheezwhiz|[spread] p2b\n|-activate|p2a: Cheezwhiz|move: Protect\n|-damage|p2b: Melman|68\/100\n|\n|-sideend|p1: zee|move: Tailwind\n|upkeep\n|turn|6\n|inactive|WillE_VGC has 150 seconds left.\n|inactive|WillE_VGC has 120 seconds left.\n|\n|t:|1699390159\n|switch|p2a: Yur|Heatran, M, tera:Grass|100\/100\n|move|p1b: Flutter Mane|Dazzling Gleam|p2b: Melman|[spread] p2a,p2b\n|-damage|p2a: Yur|75\/100\n|-damage|p2b: Melman|35\/100\n|-enditem|p2b: Melman|Sitrus Berry|[eat]\n|-heal|p2b: Melman|60\/100|[from] item: Sitrus Berry\n|move|p2b: Melman|Psychic|p1a: Weezing\n|-supereffective|p1a: Weezing\n|-damage|p1a: Weezing|32\/100\n|-enditem|p1a: Weezing|Sitrus Berry|[eat]\n|-heal|p1a: Weezing|56\/100|[from] item: Sitrus Berry\n|move|p1a: Weezing|Taunt|p2b: Melman\n|-start|p2b: Melman|move: Taunt\n|\n|upkeep\n|turn|7\n|\n|t:|1699390181\n|-end|p1b: Flutter Mane|Protosynthesis|[silent]\n|switch|p1b: Iron Hands|Iron Hands|100\/100\n|move|p2a: Yur|Heat Wave|p1a: Weezing|[spread] p1b\n|-miss|p2a: Yur|p1a: Weezing\n|-damage|p1b: Iron Hands|81\/100\n|move|p2b: Melman|Psychic|p1b: Iron Hands\n|-supereffective|p1b: Iron Hands\n|-damage|p1b: Iron Hands|44\/100\n|move|p1a: Weezing|Gunk Shot|p2a: Yur\n|-supereffective|p2a: Yur\n|-damage|p2a: Yur|12\/100\n|-status|p2a: Yur|psn\n|\n|-damage|p2a: Yur|0 fnt|[from] psn\n|faint|p2a: Yur\n|upkeep\n|inactive|WillE_VGC has 120 seconds left.\n|inactive|WillE_VGC has 90 seconds left.\n|\n|t:|1699390250\n|switch|p2a: MDB|Dragapult, F|100\/100\n|turn|8\n|\n|t:|1699390256\n|move|p1b: Iron Hands|Fake Out|p2b: Melman\n|-damage|p2b: Melman|43\/100\n|move|p2a: MDB|Dragon Darts|p1b: Iron Hands\n|-damage|p1b: Iron Hands|22\/100\n|-anim|p2a: MDB|Dragon Darts|p1a: Weezing\n|-damage|p1a: Weezing|26\/100\n|cant|p2b: Melman|flinch\n|move|p1a: Weezing|Will-O-Wisp|p2a: MDB|[miss]\n|-miss|p1a: Weezing|p2a: MDB\n|\n|upkeep\n|turn|9\n|\n|t:|1699390277\n|switch|p2b: Cheezwhiz|Chien-Pao|100\/100\n|move|p2a: MDB|Dragon Darts|p1a: Weezing\n|-crit|p1a: Weezing\n|-damage|p1a: Weezing|0 fnt\n|-anim|p2a: MDB|Dragon Darts|p1b: Iron Hands\n|-damage|p1b: Iron Hands|0 fnt\n|faint|p1a: Weezing\n|-end|p1a: Weezing|ability: Neutralizing Gas\n|-ability|p2b: Cheezwhiz|Sword of Ruin\n|faint|p1b: Iron Hands\n|-end|p1b: Iron Hands|Quark Drive|[silent]\n|\n|upkeep\n|\n|t:|1699390284\n|switch|p1a: Ogerpon|Ogerpon-Hearthflame, F|100\/100\n|switch|p1b: Flutter Mane|Flutter Mane|100\/100\n|-ability|p1a: Ogerpon|Mold Breaker\n|turn|10\n|inactive|WillE_VGC has 120 seconds left.\n|inactive|WillE_VGC has 90 seconds left.\n|\n|t:|1699390322\n|move|p1a: Ogerpon|Follow Me|p1a: Ogerpon\n|-singleturn|p1a: Ogerpon|move: Follow Me\n|move|p2b: Cheezwhiz|Sucker Punch||[still]\n|-fail|p2b: Cheezwhiz\n|move|p2a: MDB|Dragon Darts|p1a: Ogerpon\n|-damage|p1a: Ogerpon|41\/100\n|-anim|p2a: MDB|Dragon Darts|p1a: Ogerpon\n|-damage|p1a: Ogerpon|0 fnt\n|faint|p1a: Ogerpon\n|move|p1b: Flutter Mane|Dazzling Gleam|p2b: Cheezwhiz|[spread] p2a,p2b\n|-supereffective|p2a: MDB\n|-supereffective|p2b: Cheezwhiz\n|-damage|p2a: MDB|0 fnt\n|-damage|p2b: Cheezwhiz|0 fnt\n|faint|p2a: MDB\n|faint|p2b: Cheezwhiz\n|\n|upkeep\n|c|\u2606WillE_VGC|gg\n|c|\u2606zee|gg\n|-message|WillE_VGC forfeited.\n|\n|win|zee\n","uploadtime":1699390331,"views":168,"p1id":"zee","p2id":"willevgc","formatid":"gen9doublesou","rating":0,"private":0,"password":""}