{"id":"smogtours-gen9doublesou-728174","p1":"ratpacker","p2":"Meminger21","format":"[Gen 9] Doubles OU","log":"|inactive|Battle timer is ON: inactive players will automatically lose when time's up.\n|t:|1698951689\n|gametype|doubles\n|player|p1|ratpacker|twins|\n|player|p2|Meminger21|liza|\n|teamsize|p1|6\n|teamsize|p2|6\n|gen|9\n|tier|[Gen 9] Doubles OU\n|rule|Species Clause: Limit one of each Pok\u00e9mon\n|rule|OHKO Clause: OHKO moves are banned\n|rule|Evasion Moves Clause: Evasion moves are banned\n|rule|Gravity Sleep Clause: The combination of sleep-inducing moves with imperfect accuracy and Gravity or Gigantamax Orbeetle are banned\n|rule|Endless Battle Clause: Forcing endless battles is banned\n|rule|HP Percentage Mod: HP is shown in percentages\n|clearpoke\n|poke|p1|Kommo-o, F|\n|poke|p1|Rillaboom, M|\n|poke|p1|Ninetales, F|\n|poke|p1|Flutter Mane|\n|poke|p1|Tornadus, M|\n|poke|p1|Landorus-Therian, M|\n|poke|p2|Landorus-Therian, M|\n|poke|p2|Amoonguss, F|\n|poke|p2|Dragonite, F|\n|poke|p2|Heatran, M|\n|poke|p2|Iron Hands|\n|poke|p2|Flutter Mane|\n|teampreview\n|c|\u2606Meminger21|hf\n|c|\u2606ratpacker|hf\n|raw|<div class=\"broadcast-red\"><strong>Moderated chat was set to \u2606!<\/strong><br \/>Only users of rank \u2606 and higher can talk.<\/div>\n|inactive|ratpacker has 270 seconds left.\n|inactive|Meminger21 has 270 seconds left.\n|inactive|ratpacker has 240 seconds left.\n|inactive|Meminger21 has 240 seconds left.\n|\n|t:|1698951775\n|start\n|switch|p1a: YES I'M BACK|Landorus-Therian, M|100\/100\n|switch|p1b: POWER PACK|Ninetales, F|100\/100\n|switch|p2a: Landorus|Landorus-Therian, M|100\/100\n|switch|p2b: Heatran|Heatran, M|100\/100\n|-weather|SunnyDay|[from] ability: Drought|[of] p1b: POWER PACK\n|-ability|p2a: Landorus|Intimidate|boost\n|-unboost|p1a: YES I'M BACK|atk|1\n|-unboost|p1b: POWER PACK|atk|1\n|-ability|p1a: YES I'M BACK|Intimidate|boost\n|-unboost|p2a: Landorus|atk|1\n|-unboost|p2b: Heatran|atk|1\n|turn|1\n|inactive|ratpacker has 270 seconds left.\n|\n|t:|1698951827\n|-terastallize|p2b: Heatran|Fairy\n|move|p1b: POWER PACK|Will-O-Wisp|p2a: Landorus\n|-status|p2a: Landorus|brn\n|move|p2b: Heatran|Heat Wave|p1b: POWER PACK|[spread] p1a,p1b\n|-resisted|p1b: POWER PACK\n|-damage|p1a: YES I'M BACK|52\/100\n|-damage|p1b: POWER PACK|73\/100\n|-status|p1a: YES I'M BACK|brn\n|move|p2a: Landorus|Stealth Rock|p1a: YES I'M BACK\n|-sidestart|p1: ratpacker|move: Stealth Rock\n|move|p1a: YES I'M BACK|Stealth Rock|p2a: Landorus\n|-sidestart|p2: Meminger21|move: Stealth Rock\n|\n|-weather|SunnyDay|[upkeep]\n|-damage|p2a: Landorus|94\/100 brn|[from] brn\n|-damage|p1a: YES I'M BACK|46\/100 brn|[from] brn\n|upkeep\n|turn|2\n|inactive|ratpacker has 270 seconds left.\n|\n|t:|1698951854\n|move|p1b: POWER PACK|Snarl|p2a: Landorus|[spread] p2a,p2b\n|-resisted|p2b: Heatran\n|-damage|p2a: Landorus|87\/100 brn\n|-damage|p2b: Heatran|97\/100\n|-unboost|p2a: Landorus|spa|1\n|-unboost|p2b: Heatran|spa|1\n|move|p2b: Heatran|Heat Wave|p1b: POWER PACK|[spread] p1a\n|-miss|p2b: Heatran|p1b: POWER PACK\n|-damage|p1a: YES I'M BACK|8\/100 brn\n|move|p2a: Landorus|Stomping Tantrum|p1b: POWER PACK\n|-supereffective|p1b: POWER PACK\n|-damage|p1b: POWER PACK|46\/100\n|move|p1a: YES I'M BACK|U-turn|p2b: Heatran\n|-resisted|p2b: Heatran\n|-damage|p2b: Heatran|94\/100\n|\n|t:|1698951868\n|switch|p1a: BACK IN BLACK|Kommo-o, F|100\/100|[from] U-turn\n|-damage|p1a: BACK IN BLACK|94\/100|[from] Stealth Rock\n|\n|-weather|SunnyDay|[upkeep]\n|-heal|p2b: Heatran|99\/100|[from] item: Leftovers\n|-heal|p1a: BACK IN BLACK|100\/100|[from] item: Leftovers\n|-damage|p2a: Landorus|81\/100 brn|[from] brn\n|upkeep\n|turn|3\n|inactive|ratpacker has 270 seconds left.\n|\n|t:|1698951880\n|-terastallize|p1a: BACK IN BLACK|Fire\n|move|p1b: POWER PACK|Protect|p1b: POWER PACK\n|-singleturn|p1b: POWER PACK|Protect\n|move|p2b: Heatran|Will-O-Wisp|p1a: BACK IN BLACK|[miss]\n|-miss|p2b: Heatran|p1a: BACK IN BLACK\n|move|p2a: Landorus|U-turn|p1a: BACK IN BLACK\n|-resisted|p1a: BACK IN BLACK\n|-damage|p1a: BACK IN BLACK|98\/100\n|inactive|Meminger21 has 270 seconds left.\n|inactive|Meminger21 has 240 seconds left.\n|\n|t:|1698951944\n|switch|p2a: Iron Hands|Iron Hands|100\/100|[from] U-turn\n|-damage|p2a: Iron Hands|94\/100|[from] Stealth Rock\n|move|p1a: BACK IN BLACK|Iron Defense|p1a: BACK IN BLACK\n|-boost|p1a: BACK IN BLACK|def|2\n|\n|-weather|SunnyDay|[upkeep]\n|-heal|p2b: Heatran|100\/100|[from] item: Leftovers\n|-heal|p1a: BACK IN BLACK|100\/100|[from] item: Leftovers\n|upkeep\n|turn|4\n|\n|t:|1698951963\n|switch|p1b: YES I'M BACK|Landorus-Therian, M|8\/100 brn\n|-damage|p1b: YES I'M BACK|0 fnt|[from] Stealth Rock\n|faint|p1b: YES I'M BACK\n|-end|p2a: Iron Hands|Quark Drive|[silent]\n|switch|p2a: Landorus|Landorus-Therian, M|81\/100 brn\n|-damage|p2a: Landorus|69\/100 brn|[from] Stealth Rock\n|-ability|p2a: Landorus|Intimidate|boost\n|-unboost|p1a: BACK IN BLACK|atk|1\n|move|p2b: Heatran|Earth Power|p1a: BACK IN BLACK\n|-supereffective|p1a: BACK IN BLACK\n|-damage|p1a: BACK IN BLACK|69\/100\n|move|p1a: BACK IN BLACK|Iron Defense|p1a: BACK IN BLACK\n|-boost|p1a: BACK IN BLACK|def|2\n|\n|-weather|SunnyDay|[upkeep]\n|-heal|p1a: BACK IN BLACK|76\/100|[from] item: Leftovers\n|-damage|p2a: Landorus|63\/100 brn|[from] brn\n|upkeep\n|inactive|ratpacker has 270 seconds left.\n|inactive|ratpacker has 240 seconds left.\n|\n|t:|1698952034\n|switch|p1b: CUS' I'M BACK|Flutter Mane|100\/100\n|-damage|p1b: CUS' I'M BACK|88\/100|[from] Stealth Rock\n|-activate|p1b: CUS' I'M BACK|ability: Protosynthesis\n|-start|p1b: CUS' I'M BACK|protosynthesisspe\n|turn|5\n|inactive|ratpacker has 240 seconds left.\n|inactive|Meminger21 has 270 seconds left.\n|\n|t:|1698952066\n|move|p2b: Heatran|Protect|p2b: Heatran\n|-singleturn|p2b: Heatran|Protect\n|move|p1b: CUS' I'M BACK|Shadow Ball|p2b: Heatran\n|-activate|p2b: Heatran|move: Protect\n|move|p2a: Landorus|U-turn|p1b: CUS' I'M BACK\n|-resisted|p1b: CUS' I'M BACK\n|-damage|p1b: CUS' I'M BACK|83\/100\n|\n|t:|1698952071\n|switch|p2a: Amoonguss|Amoonguss, F|100\/100|[from] U-turn\n|-damage|p2a: Amoonguss|88\/100|[from] Stealth Rock\n|move|p1a: BACK IN BLACK|Body Press|p2b: Heatran\n|-activate|p2b: Heatran|move: Protect\n|\n|-weather|SunnyDay|[upkeep]\n|-heal|p1a: BACK IN BLACK|82\/100|[from] item: Leftovers\n|upkeep\n|turn|6\n|inactive|Meminger21 has 270 seconds left.\n|\n|t:|1698952094\n|switch|p2b: Iron Hands|Iron Hands|94\/100\n|-damage|p2b: Iron Hands|88\/100|[from] Stealth Rock\n|move|p1b: CUS' I'M BACK|Shadow Ball|p2a: Amoonguss\n|-damage|p2a: Amoonguss|33\/100\n|move|p1a: BACK IN BLACK|Body Press|p2a: Amoonguss\n|-resisted|p2a: Amoonguss\n|-damage|p2a: Amoonguss|0 fnt\n|-damage|p1a: BACK IN BLACK|65\/100|[from] item: Rocky Helmet|[of] p2a: Amoonguss\n|faint|p2a: Amoonguss\n|\n|-weather|SunnyDay|[upkeep]\n|-heal|p1a: BACK IN BLACK|71\/100|[from] item: Leftovers\n|upkeep\n|inactive|Meminger21 has 270 seconds left.\n|inactive|Meminger21 has 240 seconds left.\n|inactive|Meminger21 has 210 seconds left.\n|inactive|Meminger21 has 180 seconds left.\n|\n|t:|1698952212\n|switch|p2a: Heatran|Heatran, M, tera:Fairy|100\/100\n|-damage|p2a: Heatran|88\/100|[from] Stealth Rock\n|turn|7\n|\n|t:|1698952221\n|move|p2a: Heatran|Protect|p2a: Heatran\n|-singleturn|p2a: Heatran|Protect\n|move|p1b: CUS' I'M BACK|Shadow Ball|p2b: Iron Hands\n|-damage|p2b: Iron Hands|56\/100\n|move|p1a: BACK IN BLACK|Body Press|p2b: Iron Hands\n|-damage|p2b: Iron Hands|0 fnt\n|faint|p2b: Iron Hands\n|-end|p2b: Iron Hands|Quark Drive|[silent]\n|\n|-weather|SunnyDay|[upkeep]\n|-heal|p2a: Heatran|94\/100|[from] item: Leftovers\n|-heal|p1a: BACK IN BLACK|78\/100|[from] item: Leftovers\n|upkeep\n|\n|t:|1698952228\n|switch|p2b: Flutter Mane|Flutter Mane|100\/100\n|-damage|p2b: Flutter Mane|88\/100|[from] Stealth Rock\n|-activate|p2b: Flutter Mane|ability: Protosynthesis\n|-start|p2b: Flutter Mane|protosynthesisspe\n|turn|8\n|\n|t:|1698952236\n|move|p2b: Flutter Mane|Imprison|p2b: Flutter Mane\n|-start|p2b: Flutter Mane|move: Imprison\n|cant|p1b: CUS' I'M BACK|move: Imprison|Shadow Ball\n|move|p2a: Heatran|Earth Power|p1a: BACK IN BLACK\n|-supereffective|p1a: BACK IN BLACK\n|-damage|p1a: BACK IN BLACK|28\/100\n|move|p1a: BACK IN BLACK|Body Press|p2a: Heatran\n|-resisted|p2a: Heatran\n|-damage|p2a: Heatran|45\/100\n|\n|-weather|none\n|-end|p2b: Flutter Mane|Protosynthesis\n|-end|p1b: CUS' I'M BACK|Protosynthesis\n|-heal|p2a: Heatran|52\/100|[from] item: Leftovers\n|-heal|p1a: BACK IN BLACK|35\/100|[from] item: Leftovers\n|upkeep\n|-enditem|p2b: Flutter Mane|Booster Energy\n|-activate|p2b: Flutter Mane|ability: Protosynthesis|[fromitem]\n|-start|p2b: Flutter Mane|protosynthesisspe\n|turn|9\n|inactive|Meminger21 has 210 seconds left.\n|inactive|ratpacker has 270 seconds left.\n|inactive|Meminger21 has 180 seconds left.\n|inactive|Meminger21 has 150 seconds left.\n|inactive|ratpacker has 240 seconds left.\n|\n|t:|1698952337\n|-end|p1b: CUS' I'M BACK|Protosynthesis|[silent]\n|switch|p1b: I'VE HIT THE SACK|Rillaboom, M|100\/100\n|-damage|p1b: I'VE HIT THE SACK|88\/100|[from] Stealth Rock\n|-fieldstart|move: Grassy Terrain|[from] ability: Grassy Surge|[of] p1b: I'VE HIT THE SACK\n|switch|p1a: BACK IN THE BACK|Tornadus, M|100\/100\n|-damage|p1a: BACK IN THE BACK|76\/100|[from] Stealth Rock\n|move|p2b: Flutter Mane|Moonblast|p1b: I'VE HIT THE SACK\n|-damage|p1b: I'VE HIT THE SACK|55\/100\n|move|p2a: Heatran|Heat Wave|p1b: I'VE HIT THE SACK|[spread] p1a,p1b\n|-supereffective|p1b: I'VE HIT THE SACK\n|-damage|p1a: BACK IN THE BACK|38\/100\n|-damage|p1b: I'VE HIT THE SACK|6\/100\n|-enditem|p1a: BACK IN THE BACK|Sitrus Berry|[eat]\n|-heal|p1a: BACK IN THE BACK|63\/100|[from] item: Sitrus Berry\n|\n|-heal|p2b: Flutter Mane|94\/100|[from] Grassy Terrain\n|-heal|p2a: Heatran|58\/100|[from] Grassy Terrain\n|-heal|p2a: Heatran|64\/100|[from] item: Leftovers\n|-heal|p1b: I'VE HIT THE SACK|12\/100|[from] Grassy Terrain\n|upkeep\n|turn|10\n|inactive|ratpacker has 240 seconds left.\n|inactive|Meminger21 has 150 seconds left.\n|\n|t:|1698952376\n|switch|p2a: Dragonite|Dragonite, F|100\/100\n|-damage|p2a: Dragonite|76\/100|[from] Stealth Rock\n|move|p2b: Flutter Mane|Protect|p2b: Flutter Mane\n|-singleturn|p2b: Flutter Mane|Protect\n|move|p1a: BACK IN THE BACK|Tailwind|p1a: BACK IN THE BACK\n|-sidestart|p1: ratpacker|move: Tailwind\n|move|p1b: I'VE HIT THE SACK|Grassy Glide|p2b: Flutter Mane\n|-activate|p2b: Flutter Mane|move: Protect\n|\n|-heal|p2b: Flutter Mane|100\/100|[from] Grassy Terrain\n|-heal|p1b: I'VE HIT THE SACK|19\/100|[from] Grassy Terrain\n|upkeep\n|turn|11\n|inactive|ratpacker has 240 seconds left.\n|inactive|Meminger21 has 150 seconds left.\n|\n|t:|1698952429\n|switch|p1b: CUS' I'M BACK|Flutter Mane|83\/100\n|-damage|p1b: CUS' I'M BACK|71\/100|[from] Stealth Rock\n|move|p2a: Dragonite|Extreme Speed|p1b: CUS' I'M BACK\n|-immune|p1b: CUS' I'M BACK\n|move|p1a: BACK IN THE BACK|Bleakwind Storm|p2a: Dragonite|[spread] p2a,p2b\n|-damage|p2a: Dragonite|49\/100\n|-damage|p2b: Flutter Mane|69\/100\n|-unboost|p2b: Flutter Mane|spe|1\n|move|p2b: Flutter Mane|Shadow Ball|p1b: CUS' I'M BACK\n|-supereffective|p1b: CUS' I'M BACK\n|-damage|p1b: CUS' I'M BACK|0 fnt\n|faint|p1b: CUS' I'M BACK\n|-end|p1b: CUS' I'M BACK|Protosynthesis|[silent]\n|\n|-heal|p2b: Flutter Mane|76\/100|[from] Grassy Terrain\n|upkeep\n|inactive|ratpacker has 210 seconds left.\n|\n|t:|1698952451\n|switch|p1b: POWER PACK|Ninetales, F|46\/100\n|-damage|p1b: POWER PACK|21\/100|[from] Stealth Rock\n|-weather|SunnyDay|[from] ability: Drought|[of] p1b: POWER PACK\n|turn|12\n|\n|t:|1698952461\n|move|p2a: Dragonite|Extreme Speed|p1b: POWER PACK\n|-damage|p1b: POWER PACK|0 fnt\n|faint|p1b: POWER PACK\n|move|p1a: BACK IN THE BACK|Bleakwind Storm|p2b: Flutter Mane|[spread] p2b\n|-miss|p1a: BACK IN THE BACK|p2a: Dragonite\n|-damage|p2b: Flutter Mane|46\/100\n|-unboost|p2b: Flutter Mane|spe|1\n|move|p2b: Flutter Mane|Moonblast|p1a: BACK IN THE BACK\n|-damage|p1a: BACK IN THE BACK|8\/100\n|\n|-weather|SunnyDay|[upkeep]\n|-heal|p2b: Flutter Mane|52\/100|[from] Grassy Terrain\n|upkeep\n|\n|t:|1698952473\n|switch|p1b: I'VE HIT THE SACK|Rillaboom, M|19\/100\n|-damage|p1b: I'VE HIT THE SACK|6\/100|[from] Stealth Rock\n|turn|13\n|inactive|ratpacker has 240 seconds left.\n|inactive|Meminger21 has 180 seconds left.\n|\n|t:|1698952483\n|move|p1b: I'VE HIT THE SACK|Fake Out|p2a: Dragonite\n|-damage|p2a: Dragonite|36\/100\n|move|p2a: Dragonite|Extreme Speed|p1b: I'VE HIT THE SACK\n|-damage|p1b: I'VE HIT THE SACK|0 fnt\n|faint|p1b: I'VE HIT THE SACK\n|move|p1a: BACK IN THE BACK|Bleakwind Storm|p2a: Dragonite|[spread] p2a,p2b\n|-damage|p2a: Dragonite|7\/100\n|-damage|p2b: Flutter Mane|22\/100\n|move|p2b: Flutter Mane|Moonblast|p1a: BACK IN THE BACK\n|-damage|p1a: BACK IN THE BACK|0 fnt\n|faint|p1a: BACK IN THE BACK\n|\n|-weather|SunnyDay|[upkeep]\n|-heal|p2b: Flutter Mane|28\/100|[from] Grassy Terrain\n|-sideend|p1: ratpacker|move: Tailwind\n|-fieldend|move: Grassy Terrain\n|upkeep\n|inactive|ratpacker has 240 seconds left.\n|c|\u2606ratpacker|gg\n|-message|ratpacker forfeited.\n|\n|win|Meminger21\n|c|\u2606Meminger21|gg\n|player|p1|ratpacker|twins\n|player|p1|\n","uploadtime":1698952495,"views":300,"p1id":"ratpacker","p2id":"meminger21","formatid":"gen9doublesou","rating":0,"private":0,"password":""}