{"id":"smogtours-gen9doublesou-727336","p1":"Feyette","p2":"qsns","format":"[Gen 9] Doubles OU","log":"|inactive|Battle timer is ON: inactive players will automatically lose when time's up.\n|t:|1698592349\n|gametype|doubles\n|player|p1|Feyette|#scl3dynamos|\n|player|p2|qsns|#nu|\n|teamsize|p1|6\n|teamsize|p2|6\n|gen|9\n|tier|[Gen 9] Doubles OU\n|rule|Species Clause: Limit one of each Pok\u00e9mon\n|rule|OHKO Clause: OHKO moves are banned\n|rule|Evasion Moves Clause: Evasion moves are banned\n|rule|Gravity Sleep Clause: The combination of sleep-inducing moves with imperfect accuracy and Gravity or Gigantamax Orbeetle are banned\n|rule|Endless Battle Clause: Forcing endless battles is banned\n|rule|HP Percentage Mod: HP is shown in percentages\n|clearpoke\n|poke|p1|Roaring Moon|\n|poke|p1|Weezing, F|\n|poke|p1|Diancie|\n|poke|p1|Rillaboom, F|\n|poke|p1|Volcanion|\n|poke|p1|Flutter Mane|\n|poke|p2|Ninetales-Alola, M|\n|poke|p2|Baxcalibur, M|\n|poke|p2|Heatran, F|\n|poke|p2|Iron Hands|\n|poke|p2|Ogerpon-Wellspring, F|\n|poke|p2|Flutter Mane|\n|teampreview\n|c|\u2606qsns|hf\n|c|\u2606Feyette|u2\n|inactive|qsns has 270 seconds left.\n|inactive|qsns has 240 seconds left.\n|\n|t:|1698592420\n|start\n|switch|p1a: Roaring Moon|Roaring Moon|100\/100\n|switch|p1b: Weezing|Weezing, F|100\/100\n|switch|p2a: get gone|Heatran, F|100\/100\n|switch|p2b: on the bound|Iron Hands|100\/100\n|-ability|p1b: Weezing|Neutralizing Gas\n|-enditem|p1a: Roaring Moon|Booster Energy\n|-activate|p1a: Roaring Moon|ability: Protosynthesis|[fromitem]\n|-start|p1a: Roaring Moon|protosynthesisspe\n|turn|1\n|inactive|Feyette has 270 seconds left.\n|c|+SingleThunder|go quiznos!!\n|\n|t:|1698592456\n|-end|p1b: Weezing|ability: Neutralizing Gas\n|switch|p1b: Volcanion|Volcanion|100\/100\n|move|p2b: on the bound|Fake Out|p1b: Volcanion\n|-damage|p1b: Volcanion|87\/100\n|move|p1a: Roaring Moon|Knock Off|p2b: on the bound\n|-resisted|p2b: on the bound\n|-damage|p2b: on the bound|82\/100\n|-enditem|p2b: on the bound|Assault Vest|[from] move: Knock Off|[of] p1a: Roaring Moon\n|move|p2a: get gone|Will-O-Wisp|p1a: Roaring Moon\n|-status|p1a: Roaring Moon|brn\n|\n|-damage|p1a: Roaring Moon|94\/100 brn|[from] brn\n|upkeep\n|turn|2\n|inactive|Feyette has 270 seconds left.\n|c|+Xrn|cringe flutter\n|\n|t:|1698592497\n|switch|p2a: HOWKINGS|Ogerpon-Wellspring, F|100\/100\n|move|p1b: Volcanion|Protect|p1b: Volcanion\n|-singleturn|p1b: Volcanion|Protect\n|move|p1a: Roaring Moon|Knock Off|p2a: HOWKINGS\n|-damage|p2a: HOWKINGS|82\/100\n|move|p2b: on the bound|Wild Charge|p1b: Volcanion\n|-activate|p1b: Volcanion|move: Protect\n|\n|-damage|p1a: Roaring Moon|88\/100 brn|[from] brn\n|upkeep\n|turn|3\n|inactive|Feyette has 270 seconds left.\n|c|+Expulso|HOWKINGS\n|c|+Howkings|Howkings.\n|c|\u2606qsns|HOWKINGS\n|inactive|qsns has 270 seconds left.\n|\n|t:|1698592548\n|switch|p1b: Rillaboom|Rillaboom, F|100\/100\n|-fieldstart|move: Grassy Terrain|[from] ability: Grassy Surge|[of] p1b: Rillaboom\n|move|p1a: Roaring Moon|Breaking Swipe|p2b: on the bound|[spread] p2a,p2b\n|-crit|p2a: HOWKINGS\n|-damage|p2a: HOWKINGS|61\/100\n|-damage|p2b: on the bound|74\/100\n|-unboost|p2a: HOWKINGS|atk|1\n|-unboost|p2b: on the bound|atk|1\n|move|p2a: HOWKINGS|Horn Leech|p1b: Rillaboom\n|-resisted|p1b: Rillaboom\n|-damage|p1b: Rillaboom|81\/100\n|-heal|p2a: HOWKINGS|71\/100|[from] drain|[of] p1b: Rillaboom\n|move|p2b: on the bound|Drain Punch|p1a: Roaring Moon\n|-supereffective|p1a: Roaring Moon\n|-damage|p1a: Roaring Moon|23\/100 brn\n|-heal|p2b: on the bound|99\/100|[from] drain|[of] p1a: Roaring Moon\n|\n|-heal|p1a: Roaring Moon|29\/100 brn|[from] Grassy Terrain\n|-heal|p2a: HOWKINGS|77\/100|[from] Grassy Terrain\n|-heal|p1b: Rillaboom|87\/100|[from] Grassy Terrain\n|-heal|p2b: on the bound|100\/100|[from] Grassy Terrain\n|-damage|p1a: Roaring Moon|23\/100 brn|[from] brn\n|upkeep\n|turn|4\n|inactive|qsns has 270 seconds left.\n|inactive|Feyette has 270 seconds left.\n|inactive|qsns has 240 seconds left.\n|\n|t:|1698592594\n|switch|p2a: paper bag|Ninetales-Alola, M|100\/100\n|-weather|Snow|[from] ability: Snow Warning|[of] p2a: paper bag\n|move|p1a: Roaring Moon|Tailwind|p1a: Roaring Moon\n|-sidestart|p1: Feyette|move: Tailwind\n|move|p1b: Rillaboom|High Horsepower|p2b: on the bound\n|-supereffective|p2b: on the bound\n|-damage|p2b: on the bound|49\/100\n|move|p2b: on the bound|Drain Punch|p1b: Rillaboom\n|-damage|p1b: Rillaboom|60\/100\n|-heal|p2b: on the bound|61\/100|[from] drain|[of] p1b: Rillaboom\n|\n|-weather|Snow|[upkeep]\n|-heal|p1a: Roaring Moon|29\/100 brn|[from] Grassy Terrain\n|-heal|p1b: Rillaboom|66\/100|[from] Grassy Terrain\n|-heal|p2b: on the bound|67\/100|[from] Grassy Terrain\n|-damage|p1a: Roaring Moon|23\/100 brn|[from] brn\n|upkeep\n|turn|5\n|inactive|Feyette has 270 seconds left.\n|inactive|qsns has 240 seconds left.\n|\n|t:|1698592625\n|-end|p2b: on the bound|Quark Drive|[silent]\n|switch|p2b: a mistake|Baxcalibur, M|100\/100\n|move|p1a: Roaring Moon|Iron Head|p2a: paper bag\n|-supereffective|p2a: paper bag\n|-damage|p2a: paper bag|51\/100\n|move|p1b: Rillaboom|Wood Hammer|p2a: paper bag\n|-damage|p2a: paper bag|0 fnt\n|faint|p2a: paper bag\n|-damage|p1b: Rillaboom|51\/100|[from] Recoil\n|\n|-weather|Snow|[upkeep]\n|-heal|p1a: Roaring Moon|29\/100 brn|[from] Grassy Terrain\n|-heal|p1b: Rillaboom|57\/100|[from] Grassy Terrain\n|-damage|p1a: Roaring Moon|23\/100 brn|[from] brn\n|upkeep\n|\n|t:|1698592644\n|switch|p2a: on the bound|Iron Hands|67\/100\n|turn|6\n|\n|t:|1698592664\n|switch|p1b: Weezing|Weezing, F|100\/100\n|-ability|p1b: Weezing|Neutralizing Gas\n|move|p2a: on the bound|Fake Out|p1b: Weezing\n|-damage|p1b: Weezing|89\/100\n|move|p1a: Roaring Moon|Breaking Swipe|p2b: a mistake|[spread] p2a,p2b\n|-supereffective|p2b: a mistake\n|-damage|p2a: on the bound|59\/100\n|-damage|p2b: a mistake|86\/100\n|-unboost|p2a: on the bound|atk|1\n|move|p2b: a mistake|Dragon Dance|p2b: a mistake\n|-boost|p2b: a mistake|atk|1\n|-boost|p2b: a mistake|spe|1\n|\n|-weather|Snow|[upkeep]\n|-heal|p1a: Roaring Moon|29\/100 brn|[from] Grassy Terrain\n|-heal|p2b: a mistake|92\/100|[from] Grassy Terrain\n|-heal|p1b: Weezing|95\/100|[from] Grassy Terrain\n|-heal|p1b: Weezing|100\/100|[from] item: Leftovers\n|-heal|p2a: on the bound|65\/100|[from] Grassy Terrain\n|-damage|p1a: Roaring Moon|23\/100 brn|[from] brn\n|upkeep\n|turn|7\n|inactive|qsns has 240 seconds left.\n|inactive|Feyette has 270 seconds left.\n|inactive|qsns has 210 seconds left.\n|\n|t:|1698592712\n|-end|p1a: Roaring Moon|Protosynthesis|[silent]\n|switch|p1a: Diancie|Diancie|100\/100\n|-end|p2a: on the bound|Quark Drive|[silent]\n|switch|p2a: HOWKINGS|Ogerpon-Wellspring, F|77\/100\n|move|p2b: a mistake|Protect|p2b: a mistake\n|-singleturn|p2b: a mistake|Protect\n|move|p1b: Weezing|Will-O-Wisp|p2b: a mistake\n|-activate|p2b: a mistake|move: Protect\n|\n|-weather|Snow|[upkeep]\n|-heal|p2b: a mistake|98\/100|[from] Grassy Terrain\n|-heal|p2a: HOWKINGS|84\/100|[from] Grassy Terrain\n|-sideend|p1: Feyette|move: Tailwind\n|-fieldend|move: Grassy Terrain\n|upkeep\n|turn|8\n|inactive|Feyette has 270 seconds left.\n|inactive|qsns has 210 seconds left.\n|inactive|Feyette has 240 seconds left.\n|\n|t:|1698592761\n|switch|p2a: get gone|Heatran, F|100\/100\n|move|p2b: a mistake|Icicle Crash|p1b: Weezing\n|-damage|p1b: Weezing|44\/100\n|cant|p1b: Weezing|flinch\n|move|p1a: Diancie|Trick Room|p1a: Diancie\n|-fieldstart|move: Trick Room|[of] p1a: Diancie\n|\n|-weather|none\n|-heal|p1b: Weezing|50\/100|[from] item: Leftovers\n|upkeep\n|turn|9\n|inactive|qsns has 210 seconds left.\n|inactive|Feyette has 240 seconds left.\n|\n|t:|1698592809\n|switch|p2b: on the bound|Iron Hands|65\/100\n|-terastallize|p1a: Diancie|Fire\n|move|p1a: Diancie|Diamond Storm|p2a: get gone|[spread] p2a,p2b\n|-crit|p2a: get gone\n|-resisted|p2b: on the bound\n|-damage|p2a: get gone|61\/100\n|-damage|p2b: on the bound|53\/100\n|-boost|p1a: Diancie|def|2\n|move|p1b: Weezing|Will-O-Wisp|p2b: on the bound|[miss]\n|-miss|p1b: Weezing|p2b: on the bound\n|move|p2a: get gone|Earth Power|p1b: Weezing\n|-supereffective|p1b: Weezing\n|-damage|p1b: Weezing|0 fnt\n|faint|p1b: Weezing\n|-end|p1b: Weezing|ability: Neutralizing Gas\n|\n|-heal|p2a: get gone|67\/100|[from] item: Leftovers\n|upkeep\n|inactive|Feyette has 210 seconds left.\n|inactive|Feyette has 180 seconds left.\n|\n|t:|1698592867\n|switch|p1b: Rillaboom|Rillaboom, F|57\/100\n|-fieldstart|move: Grassy Terrain|[from] ability: Grassy Surge|[of] p1b: Rillaboom\n|turn|10\n|\n|t:|1698592881\n|-terastallize|p2a: get gone|Grass\n|move|p2b: on the bound|Fake Out|p1b: Rillaboom\n|-damage|p1b: Rillaboom|43\/100\n|cant|p1b: Rillaboom|flinch\n|move|p1a: Diancie|Body Press|p2a: get gone\n|-damage|p2a: get gone|20\/100\n|move|p2a: get gone|Earth Power|p1a: Diancie\n|-supereffective|p1a: Diancie\n|-damage|p1a: Diancie|50\/100\n|\n|-heal|p1a: Diancie|57\/100|[from] Grassy Terrain\n|-heal|p1a: Diancie|63\/100|[from] item: Leftovers\n|-heal|p2b: on the bound|59\/100|[from] Grassy Terrain\n|-heal|p2a: get gone|27\/100|[from] Grassy Terrain\n|-heal|p2a: get gone|33\/100|[from] item: Leftovers\n|-heal|p1b: Rillaboom|50\/100|[from] Grassy Terrain\n|upkeep\n|turn|11\n|inactive|Feyette has 210 seconds left.\n|inactive|qsns has 210 seconds left.\n|inactive|Feyette has 180 seconds left.\n|\n|t:|1698592940\n|move|p2a: get gone|Protect|p2a: get gone\n|-singleturn|p2a: get gone|Protect\n|move|p1a: Diancie|Body Press|p2a: get gone\n|-activate|p2a: get gone|move: Protect\n|move|p2b: on the bound|Drain Punch|p1b: Rillaboom\n|-damage|p1b: Rillaboom|10\/100\n|-heal|p2b: on the bound|76\/100|[from] drain|[of] p1b: Rillaboom\n|move|p1b: Rillaboom|High Horsepower|p2b: on the bound\n|-supereffective|p2b: on the bound\n|-damage|p2b: on the bound|25\/100\n|\n|-heal|p1a: Diancie|69\/100|[from] Grassy Terrain\n|-heal|p1a: Diancie|75\/100|[from] item: Leftovers\n|-heal|p2b: on the bound|31\/100|[from] Grassy Terrain\n|-heal|p2a: get gone|39\/100|[from] Grassy Terrain\n|-heal|p2a: get gone|45\/100|[from] item: Leftovers\n|-heal|p1b: Rillaboom|16\/100|[from] Grassy Terrain\n|upkeep\n|turn|12\n|inactive|Feyette has 180 seconds left.\n|inactive|qsns has 210 seconds left.\n|inactive|Feyette has 150 seconds left.\n|inactive|qsns has 180 seconds left.\n|\n|t:|1698593013\n|switch|p2a: fast as you can|Flutter Mane|100\/100\n|switch|p1b: Flutter Mane|Flutter Mane|100\/100\n|move|p1a: Diancie|Body Press|p2b: on the bound\n|-damage|p2b: on the bound|0 fnt\n|faint|p2b: on the bound\n|-end|p2b: on the bound|Quark Drive|[silent]\n|\n|-heal|p1a: Diancie|82\/100|[from] Grassy Terrain\n|-heal|p1a: Diancie|88\/100|[from] item: Leftovers\n|-fieldend|move: Trick Room\n|upkeep\n|\n|t:|1698593022\n|switch|p2b: HOWKINGS|Ogerpon-Wellspring, F|84\/100\n|turn|13\n|inactive|Feyette has 150 seconds left.\n|inactive|qsns has 180 seconds left.\n|inactive|Feyette has 120 seconds left.\n|inactive|qsns has 150 seconds left.\n|\n|t:|1698593069\n|move|p2a: fast as you can|Shadow Ball|p1b: Flutter Mane\n|-supereffective|p1b: Flutter Mane\n|-crit|p1b: Flutter Mane\n|-damage|p1b: Flutter Mane|0 fnt\n|faint|p1b: Flutter Mane\n|-end|p1b: Flutter Mane|Protosynthesis|[silent]\n|move|p2b: HOWKINGS|Ivy Cudgel|p1a: Diancie\n|-supereffective|p1a: Diancie\n|-crit|p1a: Diancie\n|-damage|p1a: Diancie|0 fnt\n|faint|p1a: Diancie\n|\n|-heal|p2b: HOWKINGS|90\/100|[from] Grassy Terrain\n|upkeep\n|c|+RUBIAA|Dis scl?\n|inactive|Feyette has 120 seconds left.\n|\n|t:|1698593084\n|switch|p1b: Volcanion|Volcanion|87\/100\n|switch|p1a: Roaring Moon|Roaring Moon|23\/100 brn\n|turn|14\n|c|\u2606Feyette|gg\n|\n|t:|1698593101\n|move|p2a: fast as you can|Shadow Ball|p1a: Roaring Moon\n|-resisted|p1a: Roaring Moon\n|-damage|p1a: Roaring Moon|0 fnt\n|faint|p1a: Roaring Moon\n|-end|p1a: Roaring Moon|Protosynthesis|[silent]\n|move|p2b: HOWKINGS|Horn Leech|p1b: Volcanion\n|-damage|p1b: Volcanion|40\/100\n|-heal|p2b: HOWKINGS|100\/100|[from] drain|[of] p1b: Volcanion\n|move|p1b: Volcanion|Heat Wave|p2a: fast as you can|[spread] p2a,p2b\n|-damage|p2a: fast as you can|63\/100\n|-damage|p2b: HOWKINGS|62\/100\n|-status|p2b: HOWKINGS|brn\n|\n|-heal|p2a: fast as you can|69\/100|[from] Grassy Terrain\n|-heal|p2b: HOWKINGS|68\/100 brn|[from] Grassy Terrain\n|-heal|p1b: Volcanion|46\/100|[from] Grassy Terrain\n|-damage|p2b: HOWKINGS|62\/100 brn|[from] brn\n|-fieldend|move: Grassy Terrain\n|upkeep\n|\n|t:|1698593105\n|switch|p1a: Rillaboom|Rillaboom, F|16\/100\n|-fieldstart|move: Grassy Terrain|[from] ability: Grassy Surge|[of] p1a: Rillaboom\n|turn|15\n|inactive|Feyette has 150 seconds left.\n|inactive|qsns has 180 seconds left.\n|\n|t:|1698593119\n|move|p1a: Rillaboom|Grassy Glide|p2a: fast as you can\n|-damage|p2a: fast as you can|0 fnt\n|faint|p2a: fast as you can\n|-end|p2a: fast as you can|Protosynthesis|[silent]\n|move|p2b: HOWKINGS|Horn Leech|p1b: Volcanion\n|-damage|p1b: Volcanion|22\/100\n|-heal|p2b: HOWKINGS|74\/100 brn|[from] drain|[of] p1b: Volcanion\n|move|p1b: Volcanion|Heat Wave|p2b: HOWKINGS\n|-crit|p2b: HOWKINGS\n|-damage|p2b: HOWKINGS|7\/100 brn\n|\n|-heal|p2b: HOWKINGS|14\/100 brn|[from] Grassy Terrain\n|-heal|p1a: Rillaboom|22\/100|[from] Grassy Terrain\n|-heal|p1b: Volcanion|28\/100|[from] Grassy Terrain\n|-damage|p2b: HOWKINGS|7\/100 brn|[from] brn\n|upkeep\n|\n|t:|1698593121\n|switch|p2a: a mistake|Baxcalibur, M|98\/100\n|turn|16\n|\n|t:|1698593132\n|move|p2b: HOWKINGS|Follow Me|p2b: HOWKINGS\n|-singleturn|p2b: HOWKINGS|move: Follow Me\n|move|p1a: Rillaboom|Grassy Glide|p2b: HOWKINGS\n|-damage|p2b: HOWKINGS|0 fnt\n|faint|p2b: HOWKINGS\n|move|p2a: a mistake|Glaive Rush|p1b: Volcanion\n|-damage|p1b: Volcanion|0 fnt\n|-singlemove|p2a: a mistake|Glaive Rush|[silent]\n|faint|p1b: Volcanion\n|\n|-heal|p2a: a mistake|100\/100|[from] Grassy Terrain\n|-heal|p1a: Rillaboom|29\/100|[from] Grassy Terrain\n|upkeep\n|\n|t:|1698593134\n|switch|p2b: get gone|Heatran, F, tera:Grass|45\/100\n|turn|17\n|\n|t:|1698593138\n|move|p2a: a mistake|Glaive Rush|p1a: Rillaboom\n|-damage|p1a: Rillaboom|0 fnt\n|-singlemove|p2a: a mistake|Glaive Rush|[silent]\n|faint|p1a: Rillaboom\n|\n|win|qsns\n|c|\u2606qsns|gg, sorry about that\n","uploadtime":1698593139,"views":349,"p1id":"feyette","p2id":"qsns","formatid":"gen9doublesou","rating":0,"private":0,"password":""}