{"id":"smogtours-gen9doublesou-730530","p1":"zoe","p2":"Fakee","format":"[Gen 9] Doubles OU","log":"|inactive|Battle timer is ON: inactive players will automatically lose when time's up.\n|t:|1699840906\n|gametype|doubles\n|player|p1|zoe|#uuplxiidols|\n|player|p2|Fakee|psychicf-gen4|\n|teamsize|p1|6\n|teamsize|p2|6\n|gen|9\n|tier|[Gen 9] Doubles OU\n|rule|Species Clause: Limit one of each Pok\u00e9mon\n|rule|OHKO Clause: OHKO moves are banned\n|rule|Evasion Moves Clause: Evasion moves are banned\n|rule|Gravity Sleep Clause: The combination of sleep-inducing moves with imperfect accuracy and Gravity or Gigantamax Orbeetle are banned\n|rule|Endless Battle Clause: Forcing endless battles is banned\n|rule|HP Percentage Mod: HP is shown in percentages\n|clearpoke\n|poke|p1|Manaphy|\n|poke|p1|Ogerpon-Wellspring, F|\n|poke|p1|Iron Hands|\n|poke|p1|Landorus-Therian, M|\n|poke|p1|Flutter Mane|\n|poke|p1|Heatran, M|\n|poke|p2|Garganacl, M|\n|poke|p2|Toxapex, M|\n|poke|p2|Landorus-Therian, M|\n|poke|p2|Heatran, F|\n|poke|p2|Flutter Mane|\n|poke|p2|Rillaboom, M|\n|teampreview\n|c|\u2606zoe|glhf\n|inactive|zoe has 270 seconds left.\n|inactive|Fakee has 270 seconds left.\n|c|\u2606Fakee|hf\n|inactive|Fakee has 240 seconds left.\n|inactive|Fakee has 210 seconds left.\n|inactive|zoe has 240 seconds left.\n|inactive|Fakee has 180 seconds left.\n|c|+Enzonana|dale paps\n|inactive|Fakee has 150 seconds left.\n|\n|t:|1699841062\n|start\n|switch|p1a: Landorus|Landorus-Therian, M, shiny|100\/100\n|switch|p1b: Manaphy|Manaphy, shiny|100\/100\n|switch|p2a: EL NANA|Rillaboom, M|100\/100\n|switch|p2b: LA PAULIS :3|Flutter Mane|100\/100\n|-ability|p1a: Landorus|Intimidate|boost\n|-unboost|p2a: EL NANA|atk|1\n|-unboost|p2b: LA PAULIS :3|atk|1\n|-fieldstart|move: Grassy Terrain|[from] ability: Grassy Surge|[of] p2a: EL NANA\n|turn|1\n|c|+Enzonana|esta vez no tienes politoed damp\n|c|+Enzonana|ALAMADRE\n|c|+Enzonana|soy ese\n|inactive|Fakee has 210 seconds left.\n|c|+Enzonana|hiiiiiiiijo de su puta madre\n|inactive|zoe has 270 seconds left.\n|\n|t:|1699841108\n|move|p1b: Manaphy|Protect|p1b: Manaphy\n|-singleturn|p1b: Manaphy|Protect\n|move|p2a: EL NANA|Fake Out|p1a: Landorus\n|-damage|p1a: Landorus|90\/100\n|cant|p1a: Landorus|flinch\n|move|p2b: LA PAULIS :3|Dazzling Gleam|p1a: Landorus|[spread] p1a\n|-activate|p1b: Manaphy|move: Protect\n|-damage|p1a: Landorus|36\/100\n|\n|upkeep\n|turn|2\n|inactive|Fakee has 210 seconds left.\n|c|+Enzonana|SAGRADA MIERDA\n|c|+Enzonana|(holly shit)\n|c|\u2606Fakee|holy*\n|c|+Enzonana|for the non spanish speakers\n|c|+Enzonana|asies lo dijemal\n|inactive|Fakee has 180 seconds left.\n|c|+Enzonana|!dt raticate alola\n|raw|<div class=\"message\"><ul class=\"utilichart\"><li class=\"result\"><span class=\"col numcol\">Illegal<\/span> <span class=\"col iconcol\"><psicon pokemon=\"raticatealola\"\/><\/span> <span class=\"col pokemonnamecol\" style=\"white-space:nowrap\"><a href=\"https:\/\/dex.pokemonshowdown.com\/pokemon\/raticatealola\" target=\"_blank\">Raticate-Alola<\/a><\/span> <span class=\"col typecol\"><img src=\"https:\/\/play.pokemonshowdown.com\/sprites\/types\/Dark.png\" alt=\"Dark\" height=\"14\" width=\"32\"><img src=\"https:\/\/play.pokemonshowdown.com\/sprites\/types\/Normal.png\" alt=\"Normal\" height=\"14\" width=\"32\"><\/span> <span style=\"float:left;min-height:26px\"><span class=\"col twoabilitycol\">Gluttony<br \/>Hustle<\/span><span class=\"col abilitycol\"><em>Thick Fat<\/em><\/span><\/span><span style=\"float:left;min-height:26px\"><span class=\"col statcol\"><em>HP<\/em><br \/>75<\/span> <span class=\"col statcol\"><em>Atk<\/em><br \/>71<\/span> <span class=\"col statcol\"><em>Def<\/em><br \/>70<\/span> <span class=\"col statcol\"><em>SpA<\/em><br \/>40<\/span> <span class=\"col statcol\"><em>SpD<\/em><br \/>80<\/span> <span class=\"col statcol\"><em>Spe<\/em><br \/>77<\/span> <span class=\"col bstcol\"><em>BST<br \/>413<\/em><\/span> <\/span><\/li><li style=\"clear:both\"><\/li><\/ul><\/div>\n|raw|<font size=\"1\"><font color=\"#686868\">Dex#:<\/font> 20&nbsp;|&ThickSpace;<font color=\"#686868\">Gen:<\/font> 7&nbsp;|&ThickSpace;<font color=\"#686868\">Height:<\/font> 0.7 m&nbsp;|&ThickSpace;<font color=\"#686868\">Weight:<\/font> 25.5 kg <em>(60 BP)<\/em>&nbsp;|&ThickSpace;<font color=\"#686868\">Dex Colour:<\/font> Black&nbsp;|&ThickSpace;<font color=\"#686868\">Egg Group(s):<\/font> Field&nbsp;|&ThickSpace;<font color=\"#686868\">Pre-Evolution:<\/font> Rattata-Alola&nbsp;|&ThickSpace;<font color=\"#686868\">Does Not Evolve<\/font><\/font>\n\n|\n|t:|1699841167\n|switch|p1a: Heatran|Heatran, M, shiny|100\/100\n|-terastallize|p1b: Manaphy|Poison\n|move|p2b: LA PAULIS :3|Dazzling Gleam|p1a: Heatran|[spread] p1a,p1b\n|-resisted|p1a: Heatran\n|-resisted|p1b: Manaphy\n|-damage|p1a: Heatran|91\/100\n|-damage|p1b: Manaphy|84\/100\n|move|p1b: Manaphy|Tail Glow|p1b: Manaphy\n|-boost|p1b: Manaphy|spa|3\n|move|p2a: EL NANA|U-turn|p1b: Manaphy\n|-resisted|p1b: Manaphy\n|-damage|p1b: Manaphy|77\/100\n|\n|t:|1699841179\n|switch|p2a: HIIIJO DE SU PTM|Toxapex, M|100\/100|[from] U-turn\n|\n|-heal|p1b: Manaphy|84\/100|[from] Grassy Terrain\n|-heal|p1b: Manaphy|90\/100|[from] item: Leftovers\n|-heal|p1a: Heatran|97\/100|[from] Grassy Terrain\n|upkeep\n|turn|3\n|c|+Enzonana|HIIIIIIIJO DE SU PTM\n|inactive|Fakee has 150 seconds left.\n|inactive|Fakee has 120 seconds left.\n|inactive|Fakee has 90 seconds left.\n|\n|t:|1699841275\n|-end|p2b: LA PAULIS :3|Protosynthesis|[silent]\n|switch|p2b: HEATRANN|Heatran, F|100\/100\n|move|p1b: Manaphy|Tera Blast|p2a: HIIIJO DE SU PTM|[anim] Tera Blast Poison\n|-resisted|p2a: HIIIJO DE SU PTM\n|-damage|p2a: HIIIJO DE SU PTM|74\/100\n|move|p1a: Heatran|Earth Power|p2a: HIIIJO DE SU PTM\n|-supereffective|p2a: HIIIJO DE SU PTM\n|-damage|p2a: HIIIJO DE SU PTM|22\/100\n|move|p2a: HIIIJO DE SU PTM|Haze|p2a: HIIIJO DE SU PTM\n|-clearallboost\n|\n|-heal|p1b: Manaphy|96\/100|[from] Grassy Terrain\n|-heal|p1b: Manaphy|100\/100|[from] item: Leftovers\n|-heal|p1a: Heatran|100\/100|[from] Grassy Terrain\n|-heal|p2a: HIIIJO DE SU PTM|28\/100|[from] Grassy Terrain\n|upkeep\n|turn|4\n|c|+Toxinalpaca|26 is wild\n|c|+Enzonana|26\n|inactive|Fakee has 90 seconds left.\n|inactive|Fakee has 60 seconds left.\n|\n|t:|1699841330\n|switch|p1a: Ogerpon|Ogerpon-Wellspring, F|100\/100\n|switch|p2a: GOLONDRINA|Garganacl, M|100\/100\n|move|p1b: Manaphy|Protect|p1b: Manaphy\n|-singleturn|p1b: Manaphy|Protect\n|move|p2b: HEATRANN|Earth Power|p1a: Ogerpon\n|-resisted|p1a: Ogerpon\n|-damage|p1a: Ogerpon|83\/100\n|\n|-heal|p1a: Ogerpon|90\/100|[from] Grassy Terrain\n|upkeep\n|turn|5\n|inactive|Fakee has 60 seconds left.\n|\n|t:|1699841368\n|switch|p2b: HIIIJO DE SU PTM|Toxapex, M|61\/100\n|move|p1a: Ogerpon|Ivy Cudgel|p2b: HIIIJO DE SU PTM\n|-resisted|p2b: HIIIJO DE SU PTM\n|-damage|p2b: HIIIJO DE SU PTM|45\/100\n|move|p1b: Manaphy|Tail Glow|p1b: Manaphy\n|-boost|p1b: Manaphy|spa|3\n|move|p2a: GOLONDRINA|Salt Cure|p1b: Manaphy\n|-damage|p1b: Manaphy|90\/100\n|-start|p1b: Manaphy|Salt Cure\n|\n|-heal|p1a: Ogerpon|96\/100|[from] Grassy Terrain\n|-heal|p1b: Manaphy|96\/100|[from] Grassy Terrain\n|-heal|p1b: Manaphy|100\/100|[from] item: Leftovers\n|-heal|p2b: HIIIJO DE SU PTM|51\/100|[from] Grassy Terrain\n|-damage|p1b: Manaphy|88\/100|[from] Salt Cure\n|-fieldend|move: Grassy Terrain\n|upkeep\n|turn|6\n|inactive|Fakee has 60 seconds left.\n|\n|t:|1699841384\n|move|p2a: GOLONDRINA|Protect|p2a: GOLONDRINA\n|-singleturn|p2a: GOLONDRINA|Protect\n|move|p1a: Ogerpon|Ivy Cudgel|p2b: HIIIJO DE SU PTM\n|-resisted|p2b: HIIIJO DE SU PTM\n|-damage|p2b: HIIIJO DE SU PTM|36\/100\n|move|p1b: Manaphy|Surf|p2a: GOLONDRINA|[spread] p2b\n|-activate|p2a: GOLONDRINA|move: Protect\n|-heal|p1a: Ogerpon|100\/100|[from] ability: Water Absorb|[of] p1b: Manaphy\n|-resisted|p2b: HIIIJO DE SU PTM\n|-damage|p2b: HIIIJO DE SU PTM|13\/100\n|move|p2b: HIIIJO DE SU PTM|Recover|p2b: HIIIJO DE SU PTM\n|-heal|p2b: HIIIJO DE SU PTM|63\/100\n|\n|-heal|p1b: Manaphy|94\/100|[from] item: Leftovers\n|-damage|p1b: Manaphy|82\/100|[from] Salt Cure\n|upkeep\n|turn|7\n|inactive|Fakee has 60 seconds left.\n|\n|t:|1699841438\n|switch|p2a: EL NANA|Rillaboom, M|100\/100\n|-fieldstart|move: Grassy Terrain|[from] ability: Grassy Surge|[of] p2a: EL NANA\n|move|p1a: Ogerpon|Encore|p2b: HIIIJO DE SU PTM\n|-start|p2b: HIIIJO DE SU PTM|Encore\n|move|p1b: Manaphy|Surf|p2a: EL NANA|[spread] p2a,p2b\n|-immune|p1a: Ogerpon|[from] ability: Water Absorb\n|-resisted|p2a: EL NANA\n|-resisted|p2b: HIIIJO DE SU PTM\n|-damage|p2a: EL NANA|81\/100\n|-damage|p2b: HIIIJO DE SU PTM|44\/100\n|move|p2b: HIIIJO DE SU PTM|Recover|p2b: HIIIJO DE SU PTM\n|-heal|p2b: HIIIJO DE SU PTM|94\/100\n|\n|-heal|p1b: Manaphy|88\/100|[from] Grassy Terrain\n|-heal|p1b: Manaphy|94\/100|[from] item: Leftovers\n|-heal|p2a: EL NANA|87\/100|[from] Grassy Terrain\n|-heal|p2b: HIIIJO DE SU PTM|99\/100|[from] Grassy Terrain\n|-damage|p1b: Manaphy|82\/100|[from] Salt Cure\n|upkeep\n|turn|8\n|c|\u2606Fakee|hiiiiiiiiiijo de su ptm\n|c|+Enzonana|HIIIIIIIJO DE SU PTM\n|inactive|Fakee has 30 seconds left.\n|inactive|Fakee has 20 seconds left.\n|inactive|Fakee has 15 seconds left.\n|inactive|Fakee has 10 seconds left.\n|\n|t:|1699841493\n|switch|p1a: Heatran|Heatran, M, shiny|100\/100\n|switch|p2b: GOLONDRINA|Garganacl, M|100\/100\n|move|p1b: Manaphy|Tera Blast|p2a: EL NANA|[anim] Tera Blast Poison\n|-supereffective|p2a: EL NANA\n|-damage|p2a: EL NANA|0 fnt\n|faint|p2a: EL NANA\n|\n|-heal|p1b: Manaphy|88\/100|[from] Grassy Terrain\n|-heal|p1b: Manaphy|94\/100|[from] item: Leftovers\n|-damage|p1b: Manaphy|82\/100|[from] Salt Cure\n|upkeep\n|inactive|Fakee has 15 seconds left this turn.\n|inactive|Fakee has 10 seconds left.\n|\n|t:|1699841502\n|switch|p2a: HIIIJO DE SU PTM|Toxapex, M|100\/100\n|turn|9\n|inactive|Fakee has 30 seconds left.\n|\n|t:|1699841512\n|switch|p1a: Ogerpon|Ogerpon-Wellspring, F|100\/100\n|move|p1b: Manaphy|Surf|p2b: GOLONDRINA|[spread] p2a,p2b\n|-immune|p1a: Ogerpon|[from] ability: Water Absorb\n|-resisted|p2a: HIIIJO DE SU PTM\n|-supereffective|p2b: GOLONDRINA\n|-damage|p2a: HIIIJO DE SU PTM|81\/100\n|-damage|p2b: GOLONDRINA|20\/100\n|move|p2a: HIIIJO DE SU PTM|Toxic Spikes|p1a: Ogerpon\n|-sidestart|p1: zoe|move: Toxic Spikes\n|move|p2b: GOLONDRINA|Salt Cure|p1a: Ogerpon\n|-damage|p1a: Ogerpon|86\/100\n|-start|p1a: Ogerpon|Salt Cure\n|\n|-heal|p1a: Ogerpon|92\/100|[from] Grassy Terrain\n|-heal|p1b: Manaphy|88\/100|[from] Grassy Terrain\n|-heal|p1b: Manaphy|94\/100|[from] item: Leftovers\n|-heal|p2a: HIIIJO DE SU PTM|87\/100|[from] Grassy Terrain\n|-heal|p2b: GOLONDRINA|26\/100|[from] Grassy Terrain\n|-heal|p2b: GOLONDRINA|32\/100|[from] item: Leftovers\n|-damage|p1a: Ogerpon|67\/100|[from] Salt Cure\n|-damage|p1b: Manaphy|82\/100|[from] Salt Cure\n|upkeep\n|turn|10\n|inactive|Fakee has 30 seconds left.\n|\n|t:|1699841539\n|move|p2b: GOLONDRINA|Protect|p2b: GOLONDRINA\n|-singleturn|p2b: GOLONDRINA|Protect\n|move|p1a: Ogerpon|Encore|p2a: HIIIJO DE SU PTM\n|-start|p2a: HIIIJO DE SU PTM|Encore\n|move|p1b: Manaphy|Surf|p2b: GOLONDRINA|[spread] p2a\n|-activate|p2b: GOLONDRINA|move: Protect\n|-heal|p1a: Ogerpon|92\/100|[from] ability: Water Absorb|[of] p1b: Manaphy\n|-resisted|p2a: HIIIJO DE SU PTM\n|-damage|p2a: HIIIJO DE SU PTM|67\/100\n|move|p2a: HIIIJO DE SU PTM|Toxic Spikes|p1a: Ogerpon\n|-sidestart|p1: zoe|move: Toxic Spikes\n|\n|-heal|p1a: Ogerpon|98\/100|[from] Grassy Terrain\n|-heal|p1b: Manaphy|88\/100|[from] Grassy Terrain\n|-heal|p1b: Manaphy|94\/100|[from] item: Leftovers\n|-heal|p2a: HIIIJO DE SU PTM|74\/100|[from] Grassy Terrain\n|-heal|p2b: GOLONDRINA|38\/100|[from] Grassy Terrain\n|-heal|p2b: GOLONDRINA|45\/100|[from] item: Leftovers\n|-damage|p1a: Ogerpon|73\/100|[from] Salt Cure\n|-damage|p1b: Manaphy|82\/100|[from] Salt Cure\n|upkeep\n|turn|11\n|c|+KeanuVGC|fakee\n|c|\u2606Fakee|q\n|c|+KeanuVGC|wth are u doing in worldcup\n|c|\u2606Fakee|idk\n|c|+KeanuVGC|\ud83d\udc80\n|inactive|Fakee has 30 seconds left.\n|inactive|Fakee has 20 seconds left.\n|inactive|Fakee has 15 seconds left.\n|inactive|Fakee has 10 seconds left.\n|\n|t:|1699841586\n|switch|p2b: LA PAULIS :3|Flutter Mane|100\/100\n|move|p1a: Ogerpon|Ivy Cudgel|p2b: LA PAULIS :3\n|-damage|p2b: LA PAULIS :3|20\/100\n|move|p1b: Manaphy|Surf|p2a: HIIIJO DE SU PTM|[spread] p2a,p2b\n|-heal|p1a: Ogerpon|98\/100|[from] ability: Water Absorb|[of] p1b: Manaphy\n|-resisted|p2a: HIIIJO DE SU PTM\n|-damage|p2a: HIIIJO DE SU PTM|54\/100\n|-damage|p2b: LA PAULIS :3|0 fnt\n|faint|p2b: LA PAULIS :3\n|-end|p2b: LA PAULIS :3|Protosynthesis|[silent]\n|move|p2a: HIIIJO DE SU PTM|Toxic Spikes||[still]\n|-fail|p2a: HIIIJO DE SU PTM\n|\n|-heal|p1a: Ogerpon|100\/100|[from] Grassy Terrain\n|-heal|p1b: Manaphy|88\/100|[from] Grassy Terrain\n|-heal|p1b: Manaphy|94\/100|[from] item: Leftovers\n|-heal|p2a: HIIIJO DE SU PTM|60\/100|[from] Grassy Terrain\n|-damage|p1a: Ogerpon|75\/100|[from] Salt Cure\n|-damage|p1b: Manaphy|82\/100|[from] Salt Cure\n|-fieldend|move: Grassy Terrain\n|upkeep\n|inactive|Fakee has 15 seconds left this turn.\n|inactive|Fakee has 10 seconds left.\n|\n|t:|1699841592\n|switch|p2b: HEATRANN|Heatran, F|100\/100\n|turn|12\n|inactive|Fakee has 30 seconds left.\n|inactive|Fakee has 20 seconds left.\n|inactive|Fakee has 15 seconds left.\n|\n|t:|1699841614\n|switch|p2a: EDGAR O GENIO|Landorus-Therian, M|100\/100\n|-ability|p2a: EDGAR O GENIO|Intimidate|boost\n|-unboost|p1a: Ogerpon|atk|1\n|-unboost|p1b: Manaphy|atk|1\n|-terastallize|p2b: HEATRANN|Fairy\n|move|p1a: Ogerpon|Follow Me|p1a: Ogerpon\n|-singleturn|p1a: Ogerpon|move: Follow Me\n|move|p1b: Manaphy|Surf|p2b: HEATRANN|[spread] p2a,p2b\n|-heal|p1a: Ogerpon|100\/100|[from] ability: Water Absorb|[of] p1b: Manaphy\n|-supereffective|p2a: EDGAR O GENIO\n|-damage|p2a: EDGAR O GENIO|0 fnt\n|-damage|p2b: HEATRANN|71\/100\n|faint|p2a: EDGAR O GENIO\n|move|p2b: HEATRANN|Heat Wave|p1b: Manaphy|[spread] p1b\n|-miss|p2b: HEATRANN|p1a: Ogerpon\n|-damage|p1b: Manaphy|46\/100\n|\n|-heal|p1b: Manaphy|52\/100|[from] item: Leftovers\n|-damage|p1a: Ogerpon|75\/100|[from] Salt Cure\n|-damage|p1b: Manaphy|40\/100|[from] Salt Cure\n|upkeep\n|inactive|Fakee has 20 seconds left this turn.\n|inactive|Fakee has 15 seconds left.\n|inactive|Fakee has 10 seconds left.\n|\n|t:|1699841629\n|switch|p2a: HIIIJO DE SU PTM|Toxapex, M|94\/100\n|turn|13\n|inactive|Fakee has 30 seconds left.\n|inactive|Fakee has 20 seconds left.\n|\n|t:|1699841646\n|move|p1a: Ogerpon|Ivy Cudgel|p2b: HEATRANN\n|-damage|p2b: HEATRANN|44\/100\n|move|p1b: Manaphy|Tera Blast|p2b: HEATRANN|[anim] Tera Blast Poison\n|-supereffective|p2b: HEATRANN\n|-damage|p2b: HEATRANN|0 fnt\n|faint|p2b: HEATRANN\n|move|p2a: HIIIJO DE SU PTM|Haze|p2a: HIIIJO DE SU PTM\n|-clearallboost\n|\n|-heal|p1b: Manaphy|46\/100|[from] item: Leftovers\n|-damage|p1a: Ogerpon|50\/100|[from] Salt Cure\n|-damage|p1b: Manaphy|34\/100|[from] Salt Cure\n|upkeep\n|inactive|Fakee has 25 seconds left this turn.\n|inactive|Fakee has 20 seconds left.\n|\n|t:|1699841654\n|switch|p2b: GOLONDRINA|Garganacl, M|45\/100\n|turn|14\n|inactive|Fakee has 30 seconds left.\n|\n|t:|1699841678\n|move|p1a: Ogerpon|Ivy Cudgel|p2b: GOLONDRINA\n|-supereffective|p2b: GOLONDRINA\n|-damage|p2b: GOLONDRINA|0 fnt\n|faint|p2b: GOLONDRINA\n|move|p1b: Manaphy|Surf|p2a: HIIIJO DE SU PTM|[spread] p2a\n|-heal|p1a: Ogerpon|75\/100|[from] ability: Water Absorb|[of] p1b: Manaphy\n|-resisted|p2a: HIIIJO DE SU PTM\n|-damage|p2a: HIIIJO DE SU PTM|85\/100\n|move|p2a: HIIIJO DE SU PTM|Infestation|p1b: Manaphy\n|-resisted|p1b: Manaphy\n|-damage|p1b: Manaphy|32\/100\n|-activate|p1b: Manaphy|move: Infestation|[of] p2a: HIIIJO DE SU PTM\n|\n|-heal|p1b: Manaphy|39\/100|[from] item: Leftovers\n|-damage|p1a: Ogerpon|50\/100|[from] Salt Cure\n|-damage|p1b: Manaphy|26\/100|[from] move: Infestation|[partiallytrapped]\n|-damage|p1b: Manaphy|14\/100|[from] Salt Cure\n|upkeep\n|turn|15\n|c|\u2606Fakee|GG\n|c|\u2606zoe|gg\n|\n|t:|1699841700\n|move|p1a: Ogerpon|Encore|p2a: HIIIJO DE SU PTM\n|-start|p2a: HIIIJO DE SU PTM|Encore\n|move|p1b: Manaphy|Surf|p2a: HIIIJO DE SU PTM|[spread] p2a\n|-heal|p1a: Ogerpon|75\/100|[from] ability: Water Absorb|[of] p1b: Manaphy\n|-resisted|p2a: HIIIJO DE SU PTM\n|-damage|p2a: HIIIJO DE SU PTM|77\/100\n|move|p2a: HIIIJO DE SU PTM|Infestation|p1a: Ogerpon\n|-supereffective|p1a: Ogerpon\n|-damage|p1a: Ogerpon|69\/100\n|-activate|p1a: Ogerpon|move: Infestation|[of] p2a: HIIIJO DE SU PTM\n|\n|-heal|p1b: Manaphy|20\/100|[from] item: Leftovers\n|-damage|p1a: Ogerpon|44\/100|[from] Salt Cure\n|-damage|p1a: Ogerpon|32\/100|[from] move: Infestation|[partiallytrapped]\n|-damage|p1b: Manaphy|8\/100|[from] move: Infestation|[partiallytrapped]\n|-damage|p1b: Manaphy|0 fnt|[from] Salt Cure\n|faint|p1b: Manaphy\n|upkeep\n|\n|t:|1699841703\n|switch|p1b: Heatran|Heatran, M, shiny|100\/100\n|turn|16\n|\n|t:|1699841714\n|move|p1a: Ogerpon|Ivy Cudgel|p2a: HIIIJO DE SU PTM\n|-resisted|p2a: HIIIJO DE SU PTM\n|-damage|p2a: HIIIJO DE SU PTM|59\/100\n|move|p1b: Heatran|Earth Power|p2a: HIIIJO DE SU PTM\n|-supereffective|p2a: HIIIJO DE SU PTM\n|-damage|p2a: HIIIJO DE SU PTM|8\/100\n|move|p2a: HIIIJO DE SU PTM|Infestation|p1a: Ogerpon\n|-supereffective|p1a: Ogerpon\n|-damage|p1a: Ogerpon|27\/100\n|\n|-damage|p1a: Ogerpon|14\/100|[from] move: Infestation|[partiallytrapped]\n|-damage|p1a: Ogerpon|0 fnt|[from] Salt Cure\n|faint|p1a: Ogerpon\n|upkeep\n|\n|t:|1699841719\n|switch|p1a: Landorus|Landorus-Therian, M, shiny|36\/100\n|-ability|p1a: Landorus|Intimidate|boost\n|-unboost|p2a: HIIIJO DE SU PTM|atk|1\n|turn|17\n|\n|t:|1699841724\n|move|p1a: Landorus|Stomping Tantrum|p2a: HIIIJO DE SU PTM\n|-supereffective|p2a: HIIIJO DE SU PTM\n|-damage|p2a: HIIIJO DE SU PTM|0 fnt\n|-damage|p1a: Landorus|19\/100|[from] item: Rocky Helmet|[of] p2a: HIIIJO DE SU PTM\n|faint|p2a: HIIIJO DE SU PTM\n|\n|win|zoe\n","uploadtime":1699841725,"views":63,"p1id":"zoe","p2id":"fakee","formatid":"gen9doublesou","rating":0,"private":0,"password":""}