{"id":"smogtours-gen9doublesou-729401","p1":"eragon11145","p2":"KeanuVGC","format":"[Gen 9] Doubles OU","log":"|inactive|Battle timer is ON: inactive players will automatically lose when time's up.\n|t:|1699345252\n|gametype|doubles\n|player|p1|eragon11145|#dwcopiii|\n|player|p2|KeanuVGC|sonia-masters|\n|teamsize|p1|6\n|teamsize|p2|6\n|gen|9\n|tier|[Gen 9] Doubles OU\n|rule|Species Clause: Limit one of each Pok\u00e9mon\n|rule|OHKO Clause: OHKO moves are banned\n|rule|Evasion Moves Clause: Evasion moves are banned\n|rule|Gravity Sleep Clause: The combination of sleep-inducing moves with imperfect accuracy and Gravity or Gigantamax Orbeetle are banned\n|rule|Endless Battle Clause: Forcing endless battles is banned\n|rule|HP Percentage Mod: HP is shown in percentages\n|clearpoke\n|poke|p1|Farigiraf, M|\n|poke|p1|Toxtricity, F|\n|poke|p1|Roaring Moon|\n|poke|p1|Brambleghast, M|\n|poke|p1|Dragapult, F|\n|poke|p1|Iron Hands|\n|poke|p2|Charjabug, F|\n|poke|p2|Chi-Yu|\n|poke|p2|Chien-Pao|\n|poke|p2|Rillaboom, M|\n|poke|p2|Flutter Mane|\n|poke|p2|Ogerpon-Wellspring, F|\n|teampreview\n|inactive|eragon11145 also wants the timer to be on.\n|c|+Schister|Gaming\n|c|\u2606KeanuVGC|ez\n|c|\u2606eragon11145|gaming\n|c|\u2606KeanuVGC|ezz\n|c|\u2606eragon11145|oh oops\n|c|\u2606eragon11145|testing on the wrong server\n|inactive|eragon11145 has 270 seconds left.\n|inactive|KeanuVGC has 270 seconds left.\n|c|\u2606KeanuVGC|free\n|\n|t:|1699345292\n|start\n|switch|p1a: Roaring Moon|Roaring Moon|100\/100\n|switch|p1b: Brambleghast|Brambleghast, M|100\/100\n|switch|p2a: PowerOne|Charjabug, F|100\/100\n|switch|p2b: Chi-Yu|Chi-Yu|100\/100\n|-ability|p2b: Chi-Yu|Beads of Ruin\n|-enditem|p1a: Roaring Moon|Booster Energy\n|-activate|p1a: Roaring Moon|ability: Protosynthesis|[fromitem]\n|-start|p1a: Roaring Moon|protosynthesisspe\n|turn|1\n|\n|t:|1699345306\n|-terastallize|p1b: Brambleghast|Fairy\n|move|p1a: Roaring Moon|Tailwind|p1a: Roaring Moon\n|-sidestart|p1: eragon11145|move: Tailwind\n|-ability|p1b: Brambleghast|Wind Rider|boost\n|-boost|p1b: Brambleghast|atk|1\n|move|p1b: Brambleghast|Tera Blast|p2b: Chi-Yu|[anim] Tera Blast Fairy\n|-damage|p2b: Chi-Yu|0 fnt\n|faint|p2b: Chi-Yu\n|-damage|p1b: Brambleghast|91\/100|[from] item: Life Orb\n|move|p2a: PowerOne|Sticky Web|p1b: Brambleghast\n|-sidestart|p1: eragon11145|move: Sticky Web\n|\n|upkeep\n|inactive|KeanuVGC has 270 seconds left.\n|c|\u2606KeanuVGC|help\n|c|\u2606KeanuVGC|my wifi\n|inactive|KeanuVGC has 240 seconds left.\n|\n|t:|1699345375\n|switch|p2b: Chien-Pao|Chien-Pao|100\/100\n|-ability|p2b: Chien-Pao|Sword of Ruin\n|turn|2\n|inactive|KeanuVGC has 240 seconds left.\n|\n|t:|1699345407\n|move|p2b: Chien-Pao|Protect|p2b: Chien-Pao\n|-singleturn|p2b: Chien-Pao|Protect\n|move|p1a: Roaring Moon|Acrobatics|p2b: Chien-Pao\n|-activate|p2b: Chien-Pao|move: Protect\n|move|p1b: Brambleghast|Poltergeist|p2a: PowerOne\n|-activate|p2a: PowerOne|move: Poltergeist|Eviolite\n|-damage|p2a: PowerOne|11\/100\n|-damage|p1b: Brambleghast|81\/100|[from] item: Life Orb\n|move|p2a: PowerOne|Lunge|p1a: Roaring Moon\n|-supereffective|p1a: Roaring Moon\n|-damage|p1a: Roaring Moon|23\/100\n|-unboost|p1a: Roaring Moon|atk|1\n|\n|upkeep\n|turn|3\n|inactive|KeanuVGC has 240 seconds left.\n|inactive|eragon11145 has 270 seconds left.\n|\n|t:|1699345454\n|move|p1a: Roaring Moon|Protect|p1a: Roaring Moon\n|-singleturn|p1a: Roaring Moon|Protect\n|move|p1b: Brambleghast|Protect|p1b: Brambleghast\n|-singleturn|p1b: Brambleghast|Protect\n|move|p2b: Chien-Pao|Sucker Punch||[still]\n|-fail|p2b: Chien-Pao\n|move|p2a: PowerOne|Lunge|p1b: Brambleghast\n|-activate|p1b: Brambleghast|move: Protect\n|\n|upkeep\n|turn|4\n|inactive|KeanuVGC disconnected and has 300 seconds to reconnect!\n|player|p2|\n|inactive|eragon11145 has 270 seconds left.\n|inactive|KeanuVGC reconnected and has 250 seconds left.\n|player|p2|KeanuVGC|sonia-masters\n|\n|t:|1699345483\n|move|p1a: Roaring Moon|Tailwind||[still]\n|-fail|p1a: Roaring Moon\n|move|p1b: Brambleghast|Tera Blast|p2a: PowerOne|[anim] Tera Blast Fairy\n|-damage|p2a: PowerOne|0 fnt\n|faint|p2a: PowerOne\n|-damage|p1b: Brambleghast|71\/100|[from] item: Life Orb\n|move|p2b: Chien-Pao|Ice Spinner|p1b: Brambleghast\n|-damage|p1b: Brambleghast|0 fnt\n|faint|p1b: Brambleghast\n|\n|-sideend|p1: eragon11145|move: Tailwind\n|upkeep\n|\n|t:|1699345501\n|switch|p1b: Dragapult|Dragapult, F|100\/100\n|switch|p2a: Flutter Mane|Flutter Mane|100\/100\n|-activate|p1b: Dragapult|move: Sticky Web\n|-fail|p1b: Dragapult|unboost|[from] ability: Clear Body|[of] p1b: Dragapult\n|-enditem|p2a: Flutter Mane|Booster Energy\n|-activate|p2a: Flutter Mane|ability: Protosynthesis|[fromitem]\n|-start|p2a: Flutter Mane|protosynthesisspe\n|turn|5\n|inactive|KeanuVGC has 270 seconds left.\n|inactive|KeanuVGC has 240 seconds left.\n|\n|t:|1699345548\n|-end|p1a: Roaring Moon|Protosynthesis|[silent]\n|switch|p1a: Farigiraf|Farigiraf, M|100\/100\n|-activate|p1a: Farigiraf|move: Sticky Web\n|-unboost|p1a: Farigiraf|spe|1\n|-terastallize|p2a: Flutter Mane|Fairy\n|move|p2a: Flutter Mane|Dazzling Gleam|p1a: Farigiraf|[spread] p1a,p1b\n|-supereffective|p1b: Dragapult\n|-damage|p1a: Farigiraf|67\/100\n|-damage|p1b: Dragapult|2\/100\n|move|p1b: Dragapult|Phantom Force||[still]\n|-prepare|p1b: Dragapult|Phantom Force\n|move|p2b: Chien-Pao|Ice Spinner|p1b: Dragapult|[miss]\n|-miss|p2b: Chien-Pao|p1b: Dragapult\n|\n|upkeep\n|turn|6\n|\n|t:|1699345562\n|-end|p2a: Flutter Mane|Protosynthesis|[silent]\n|switch|p2a: Rillaboom|Rillaboom, M|100\/100\n|-fieldstart|move: Grassy Terrain|[from] ability: Grassy Surge|[of] p2a: Rillaboom\n|move|p1b: Dragapult|Phantom Force|p2a: Rillaboom|[from]lockedmove\n|-damage|p2a: Rillaboom|19\/100\n|move|p2b: Chien-Pao|Ice Spinner|p1a: Farigiraf\n|-damage|p1a: Farigiraf|14\/100\n|-fieldend|move: Grassy Terrain\n|move|p1a: Farigiraf|Trick Room|p1a: Farigiraf\n|-fieldstart|move: Trick Room|[of] p1a: Farigiraf\n|\n|upkeep\n|turn|7\n|inactive|KeanuVGC has 270 seconds left.\n|inactive|KeanuVGC has 240 seconds left.\n|\n|t:|1699345622\n|switch|p1b: Iron Hands|Iron Hands|100\/100\n|-activate|p1b: Iron Hands|move: Sticky Web\n|-unboost|p1b: Iron Hands|spe|1\n|move|p1a: Farigiraf|Dazzling Gleam|p2a: Rillaboom|[spread] p2a,p2b\n|-supereffective|p2b: Chien-Pao\n|-damage|p2a: Rillaboom|1\/100\n|-damage|p2b: Chien-Pao|50\/100\n|move|p2a: Rillaboom|Wood Hammer|p1a: Farigiraf\n|-damage|p1a: Farigiraf|0 fnt\n|faint|p1a: Farigiraf\n|-damage|p2a: Rillaboom|0 fnt|[from] Recoil\n|faint|p2a: Rillaboom\n|move|p2b: Chien-Pao|Ice Spinner|p1b: Iron Hands\n|-damage|p1b: Iron Hands|57\/100\n|\n|upkeep\n|inactive|KeanuVGC disconnected and has 280 seconds to reconnect!\n|player|p2|\n|inactive|KeanuVGC has 270 seconds to reconnect!\n|inactive|KeanuVGC reconnected and has 230 seconds left.\n|player|p2|KeanuVGC|sonia-masters\n|\n|t:|1699345650\n|switch|p1a: Toxtricity|Toxtricity, F, shiny|100\/100\n|switch|p2a: Ogerpon|Ogerpon-Wellspring, F|100\/100\n|-activate|p1a: Toxtricity|move: Sticky Web\n|-unboost|p1a: Toxtricity|spe|1\n|turn|8\n|\n|t:|1699345659\n|move|p2a: Ogerpon|Spiky Shield|p2a: Ogerpon\n|-singleturn|p2a: Ogerpon|move: Protect\n|move|p2b: Chien-Pao|Protect|p2b: Chien-Pao\n|-singleturn|p2b: Chien-Pao|Protect\n|move|p1b: Iron Hands|Drain Punch|p2a: Ogerpon\n|-activate|p2a: Ogerpon|move: Protect\n|-damage|p1b: Iron Hands|45\/100|[from] Spiky Shield|[of] p2a: Ogerpon\n|move|p1a: Toxtricity|Overdrive|p2a: Ogerpon|[spread] \n|-activate|p2a: Ogerpon|move: Protect\n|-activate|p2b: Chien-Pao|move: Protect\n|\n|upkeep\n|turn|9\n|\n|t:|1699345684\n|move|p2b: Chien-Pao|Sucker Punch|p1a: Toxtricity\n|-damage|p1a: Toxtricity|23\/100\n|move|p1b: Iron Hands|Wild Charge|p2a: Ogerpon\n|-damage|p2a: Ogerpon|14\/100\n|-damage|p1b: Iron Hands|30\/100|[from] Recoil\n|move|p1a: Toxtricity|Overdrive|p2a: Ogerpon|[spread] p2a,p2b\n|-damage|p2a: Ogerpon|0 fnt\n|-damage|p2b: Chien-Pao|0 fnt\n|faint|p2a: Ogerpon\n|faint|p2b: Chien-Pao\n|\n|upkeep\n|\n|t:|1699345687\n|switch|p2b: Flutter Mane|Flutter Mane, tera:Fairy|100\/100\n|turn|10\n|\n|t:|1699345698\n|move|p2b: Flutter Mane|Protect|p2b: Flutter Mane\n|-singleturn|p2b: Flutter Mane|Protect\n|move|p1b: Iron Hands|Wild Charge|p2b: Flutter Mane\n|-activate|p2b: Flutter Mane|move: Protect\n|move|p1a: Toxtricity|Overdrive|p2b: Flutter Mane\n|-activate|p2b: Flutter Mane|move: Protect\n|\n|-fieldend|move: Trick Room\n|upkeep\n|turn|11\n|\n|t:|1699345704\n|-end|p1b: Iron Hands|Quark Drive|[silent]\n|switch|p1b: Roaring Moon|Roaring Moon|23\/100\n|-activate|p1b: Roaring Moon|move: Sticky Web\n|-unboost|p1b: Roaring Moon|spe|1\n|move|p2b: Flutter Mane|Dazzling Gleam|p1b: Roaring Moon|[spread] p1a,p1b\n|-resisted|p1a: Toxtricity\n|-crit|p1a: Toxtricity\n|-supereffective|p1b: Roaring Moon\n|-damage|p1a: Toxtricity|0 fnt\n|-damage|p1b: Roaring Moon|0 fnt\n|faint|p1a: Toxtricity\n|faint|p1b: Roaring Moon\n|-end|p1b: Roaring Moon|Protosynthesis|[silent]\n|\n|upkeep\n|\n|t:|1699345712\n|switch|p1b: Dragapult|Dragapult, F|2\/100\n|switch|p1a: Iron Hands|Iron Hands|30\/100\n|-activate|p1b: Dragapult|move: Sticky Web\n|-fail|p1b: Dragapult|unboost|[from] ability: Clear Body|[of] p1b: Dragapult\n|-activate|p1a: Iron Hands|move: Sticky Web\n|-unboost|p1a: Iron Hands|spe|1\n|turn|12\n|\n|t:|1699345727\n|move|p2b: Flutter Mane|Protect|p2b: Flutter Mane\n|-singleturn|p2b: Flutter Mane|Protect\n|move|p1a: Iron Hands|Fake Out|p2b: Flutter Mane\n|-activate|p2b: Flutter Mane|move: Protect\n|move|p1b: Dragapult|Phantom Force||[still]\n|-prepare|p1b: Dragapult|Phantom Force\n|\n|upkeep\n|turn|13\n|\n|t:|1699345731\n|move|p1b: Dragapult|Phantom Force|p2b: Flutter Mane|[from]lockedmove\n|-damage|p2b: Flutter Mane|0 fnt\n|faint|p2b: Flutter Mane\n|-end|p2b: Flutter Mane|Protosynthesis|[silent]\n|\n|win|eragon11145\n","uploadtime":1699345732,"views":17,"p1id":"eragon11145","p2id":"keanuvgc","formatid":"gen9doublesou","rating":0,"private":0,"password":""}