{"id":"smogtours-gen9doublesou-728870","p1":"Arcticblast","p2":"latiasatoshi","format":"[Gen 9] Doubles OU","log":"|inactive|Battle timer is ON: inactive players will automatically lose when time's up.\n|t:|1699193112\n|gametype|doubles\n|player|p1|Arcticblast|will|\n|player|p2|latiasatoshi|1|\n|teamsize|p1|6\n|teamsize|p2|6\n|gen|9\n|tier|[Gen 9] Doubles OU\n|rule|Species Clause: Limit one of each Pok\u00e9mon\n|rule|OHKO Clause: OHKO moves are banned\n|rule|Evasion Moves Clause: Evasion moves are banned\n|rule|Gravity Sleep Clause: The combination of sleep-inducing moves with imperfect accuracy and Gravity or Gigantamax Orbeetle are banned\n|rule|Endless Battle Clause: Forcing endless battles is banned\n|rule|HP Percentage Mod: HP is shown in percentages\n|clearpoke\n|poke|p1|Ninetales-Alola, M|\n|poke|p1|Baxcalibur, M|\n|poke|p1|Heatran, M|\n|poke|p1|Iron Hands|\n|poke|p1|Ogerpon-Wellspring, F|\n|poke|p1|Diancie|\n|poke|p2|Cresselia, F|\n|poke|p2|Rillaboom, M|\n|poke|p2|Volcanion|\n|poke|p2|Gholdengo|\n|poke|p2|Roaring Moon|\n|poke|p2|Landorus-Therian, M|\n|teampreview\n|inactive|Arcticblast has 270 seconds left.\n|inactive|latiasatoshi has 270 seconds left.\n|\n|t:|1699193166\n|start\n|switch|p1a: Heatran|Heatran, M|100\/100\n|switch|p1b: Iron Hands|Iron Hands|100\/100\n|switch|p2a: Roaring Moon|Roaring Moon|100\/100\n|switch|p2b: Volcanion|Volcanion|100\/100\n|-enditem|p2a: Roaring Moon|Booster Energy\n|-activate|p2a: Roaring Moon|ability: Protosynthesis|[fromitem]\n|-start|p2a: Roaring Moon|protosynthesisatk\n|turn|1\n|inactive|Arcticblast has 270 seconds left.\n|\n|t:|1699193197\n|move|p1a: Heatran|Protect|p1a: Heatran\n|-singleturn|p1a: Heatran|Protect\n|move|p2a: Roaring Moon|Knock Off|p1b: Iron Hands\n|-resisted|p1b: Iron Hands\n|-damage|p1b: Iron Hands|78\/100\n|-enditem|p1b: Iron Hands|Assault Vest|[from] move: Knock Off|[of] p2a: Roaring Moon\n|move|p2b: Volcanion|Earth Power|p1b: Iron Hands\n|-supereffective|p1b: Iron Hands\n|-damage|p1b: Iron Hands|5\/100\n|-damage|p2b: Volcanion|91\/100|[from] item: Life Orb\n|move|p1b: Iron Hands|Drain Punch|p2a: Roaring Moon\n|-supereffective|p2a: Roaring Moon\n|-damage|p2a: Roaring Moon|0 fnt\n|-heal|p1b: Iron Hands|45\/100|[from] drain|[of] p2a: Roaring Moon\n|faint|p2a: Roaring Moon\n|-end|p2a: Roaring Moon|Protosynthesis|[silent]\n|\n|upkeep\n|\n|t:|1699193206\n|switch|p2a: Landorus|Landorus-Therian, M|100\/100\n|-ability|p2a: Landorus|Intimidate|boost\n|-unboost|p1a: Heatran|atk|1\n|-unboost|p1b: Iron Hands|atk|1\n|turn|2\n|\n|t:|1699193227\n|-end|p1b: Iron Hands|Quark Drive|[silent]\n|switch|p1b: Ogerpon|Ogerpon-Wellspring, F|100\/100\n|-terastallize|p1a: Heatran|Grass\n|move|p2a: Landorus|Stealth Rock|p1a: Heatran\n|-sidestart|p1: Arcticblast|move: Stealth Rock\n|move|p1a: Heatran|Earth Power|p2b: Volcanion\n|-supereffective|p2b: Volcanion\n|-damage|p2b: Volcanion|0 fnt\n|faint|p2b: Volcanion\n|-damage|p1a: Heatran|91\/100|[from] item: Life Orb\n|\n|upkeep\n|\n|t:|1699193239\n|switch|p2b: Cresselia|Cresselia, F|100\/100\n|turn|3\n|inactive|latiasatoshi has 270 seconds left.\n|\n|t:|1699193273\n|switch|p2a: Rillaboom|Rillaboom, M|100\/100\n|-fieldstart|move: Grassy Terrain|[from] ability: Grassy Surge|[of] p2a: Rillaboom\n|-enditem|p2b: Cresselia|Grassy Seed\n|-boost|p2b: Cresselia|def|1|[from] item: Grassy Seed\n|move|p1a: Heatran|Protect|p1a: Heatran\n|-singleturn|p1a: Heatran|Protect\n|move|p1b: Ogerpon|Ivy Cudgel|p2a: Rillaboom\n|-resisted|p2a: Rillaboom\n|-crit|p2a: Rillaboom\n|-damage|p2a: Rillaboom|55\/100\n|move|p2b: Cresselia|Calm Mind|p2b: Cresselia\n|-boost|p2b: Cresselia|spa|1\n|-boost|p2b: Cresselia|spd|1\n|\n|-heal|p1a: Heatran|97\/100|[from] Grassy Terrain\n|-heal|p2a: Rillaboom|61\/100|[from] Grassy Terrain\n|upkeep\n|turn|4\n|inactive|latiasatoshi has 270 seconds left.\n|inactive|latiasatoshi has 240 seconds left.\n|\n|t:|1699193330\n|move|p1b: Ogerpon|Horn Leech|p2b: Cresselia\n|-damage|p2b: Cresselia|76\/100\n|move|p1a: Heatran|Heat Wave|p2b: Cresselia|[spread] p2a,p2b\n|-supereffective|p2a: Rillaboom\n|-damage|p2a: Rillaboom|0 fnt\n|-damage|p2b: Cresselia|57\/100\n|faint|p2a: Rillaboom\n|-damage|p1a: Heatran|87\/100|[from] item: Life Orb\n|move|p2b: Cresselia|Moonblast|p1a: Heatran\n|-crit|p1a: Heatran\n|-damage|p1a: Heatran|47\/100\n|\n|-heal|p1a: Heatran|53\/100|[from] Grassy Terrain\n|upkeep\n|inactive|latiasatoshi has 240 seconds left.\n|\n|t:|1699193338\n|switch|p2a: Landorus|Landorus-Therian, M|100\/100\n|-ability|p2a: Landorus|Intimidate|boost\n|-unboost|p1a: Heatran|atk|1\n|-unboost|p1b: Ogerpon|atk|1\n|turn|5\n|\n|t:|1699193361\n|switch|p1b: Ninetales|Ninetales-Alola, M|100\/100\n|-damage|p1b: Ninetales|76\/100|[from] Stealth Rock\n|-weather|Snow|[from] ability: Snow Warning|[of] p1b: Ninetales\n|-terastallize|p2a: Landorus|Water\n|move|p1a: Heatran|Protect|p1a: Heatran\n|-singleturn|p1a: Heatran|Protect\n|move|p2a: Landorus|U-turn|p1b: Ninetales\n|-resisted|p1b: Ninetales\n|-damage|p1b: Ninetales|65\/100\n|\n|t:|1699193370\n|switch|p2a: Gholdengo|Gholdengo|100\/100|[from] U-turn\n|move|p2b: Cresselia|Trick Room|p2b: Cresselia\n|-fieldstart|move: Trick Room|[of] p2b: Cresselia\n|\n|-weather|Snow|[upkeep]\n|-heal|p1a: Heatran|59\/100|[from] Grassy Terrain\n|-heal|p1b: Ninetales|71\/100|[from] Grassy Terrain\n|upkeep\n|turn|6\n|inactive|latiasatoshi has 270 seconds left.\n|\n|t:|1699193390\n|move|p2b: Cresselia|Moonblast|p1b: Ninetales\n|-damage|p1b: Ninetales|45\/100\n|move|p1a: Heatran|Heat Wave|p2b: Cresselia|[spread] p2a,p2b\n|-supereffective|p2a: Gholdengo\n|-damage|p2a: Gholdengo|0 fnt\n|-damage|p2b: Cresselia|35\/100\n|faint|p2a: Gholdengo\n|-damage|p1a: Heatran|49\/100|[from] item: Life Orb\n|move|p1b: Ninetales|Aurora Veil|p1b: Ninetales\n|-sidestart|p1: Arcticblast|move: Aurora Veil\n|\n|-weather|Snow|[upkeep]\n|-heal|p1a: Heatran|56\/100|[from] Grassy Terrain\n|-heal|p1b: Ninetales|51\/100|[from] Grassy Terrain\n|upkeep\n|inactive|latiasatoshi has 270 seconds left.\n|\n|t:|1699193411\n|switch|p2a: Landorus|Landorus-Therian, M, tera:Water|100\/100\n|-ability|p2a: Landorus|Intimidate|boost\n|-unboost|p1a: Heatran|atk|1\n|-unboost|p1b: Ninetales|atk|1\n|turn|7\n|\n|t:|1699193423\n|move|p2b: Cresselia|Moonblast|p1b: Ninetales\n|-damage|p1b: Ninetales|32\/100\n|move|p1a: Heatran|Flash Cannon|p2b: Cresselia\n|-damage|p2b: Cresselia|12\/100\n|-unboost|p2b: Cresselia|spd|1\n|-damage|p1a: Heatran|46\/100|[from] item: Life Orb\n|move|p2a: Landorus|Stomping Tantrum|p1b: Ninetales\n|-damage|p1b: Ninetales|8\/100\n|move|p1b: Ninetales|Disable|p2b: Cresselia\n|-start|p2b: Cresselia|Disable|Moonblast\n|\n|-weather|Snow|[upkeep]\n|-heal|p1a: Heatran|52\/100|[from] Grassy Terrain\n|-heal|p1b: Ninetales|15\/100|[from] Grassy Terrain\n|-fieldend|move: Grassy Terrain\n|upkeep\n|turn|8\n|\n|t:|1699193443\n|move|p2b: Cresselia|Lunar Blessing|p2b: Cresselia|[spread] p2a,p2b\n|-heal|p2b: Cresselia|37\/100\n|move|p1a: Heatran|Flash Cannon|p2b: Cresselia\n|-damage|p2b: Cresselia|4\/100\n|-damage|p1a: Heatran|42\/100|[from] item: Life Orb\n|move|p2a: Landorus|U-turn|p1a: Heatran\n|-supereffective|p1a: Heatran\n|-damage|p1a: Heatran|11\/100\n|move|p1b: Ninetales|Blizzard|p2b: Cresselia|[spread] p2a,p2b\n|-resisted|p2a: Landorus\n|-damage|p2a: Landorus|90\/100\n|-damage|p2b: Cresselia|0 fnt\n|faint|p2b: Cresselia\n|\n|-weather|Snow|[upkeep]\n|upkeep\n|turn|9\n|inactive|Arcticblast has 270 seconds left.\n|\n|t:|1699193479\n|switch|p1a: Baxcalibur|Baxcalibur, M|100\/100\n|-damage|p1a: Baxcalibur|75\/100|[from] Stealth Rock\n|switch|p1b: Ogerpon|Ogerpon-Wellspring, F|100\/100\n|-damage|p1b: Ogerpon|88\/100|[from] Stealth Rock\n|move|p2a: Landorus|Rock Slide|p1b: Ogerpon|[spread] p1a,p1b\n|-supereffective|p1a: Baxcalibur\n|-damage|p1a: Baxcalibur|59\/100\n|-damage|p1b: Ogerpon|73\/100\n|\n|-weather|none\n|-fieldend|move: Trick Room\n|upkeep\n|turn|10\n|\n|t:|1699193494\n|move|p1b: Ogerpon|Horn Leech|p2a: Landorus\n|-supereffective|p2a: Landorus\n|-damage|p2a: Landorus|0 fnt\n|-heal|p1b: Ogerpon|100\/100|[from] drain|[of] p2a: Landorus\n|faint|p2a: Landorus\n|\n|win|Arcticblast\n|c|\u2606Arcticblast|gg\n|c|\u2606latiasatoshi|gg\n","uploadtime":1699193495,"views":102,"p1id":"arcticblast","p2id":"latiasatoshi","formatid":"gen9doublesou","rating":0,"private":0,"password":""}