{"id":"smogtours-gen9doublesou-730543","p1":"Penter","p2":"giove97","format":"[Gen 9] Doubles OU","log":"|inactive|Battle timer is ON: inactive players will automatically lose when time's up.\n|t:|1699866787\n|gametype|doubles\n|player|p1|Penter|1|\n|player|p2|giove97|gambler|\n|teamsize|p1|6\n|teamsize|p2|6\n|gen|9\n|tier|[Gen 9] Doubles OU\n|rule|Species Clause: Limit one of each Pok\u00e9mon\n|rule|OHKO Clause: OHKO moves are banned\n|rule|Evasion Moves Clause: Evasion moves are banned\n|rule|Gravity Sleep Clause: The combination of sleep-inducing moves with imperfect accuracy and Gravity or Gigantamax Orbeetle are banned\n|rule|Endless Battle Clause: Forcing endless battles is banned\n|rule|HP Percentage Mod: HP is shown in percentages\n|clearpoke\n|poke|p1|Glimmora, M|\n|poke|p1|Gholdengo|\n|poke|p1|Iron Hands|\n|poke|p1|Landorus-Therian, M|\n|poke|p1|Tornadus, M|\n|poke|p1|Ogerpon-Hearthflame, F|\n|poke|p2|Iron Bundle|\n|poke|p2|Ninetales-Alola, F|\n|poke|p2|Okidogi, M|\n|poke|p2|Ogerpon-Hearthflame, F|\n|poke|p2|Tornadus, M|\n|poke|p2|Flutter Mane|\n|teampreview\n|c|\u2606giove97|glhf\n|inactive|Penter has 270 seconds left.\n|inactive|giove97 has 270 seconds left.\n|c|\u2606Penter|u2\n|inactive|Penter has 240 seconds left.\n|inactive|giove97 has 240 seconds left.\n|inactive|Penter has 210 seconds left.\n|\n|t:|1699866882\n|start\n|switch|p1a: Gholdengo|Gholdengo|100\/100\n|switch|p1b: Tornadus|Tornadus, M|100\/100\n|switch|p2a: Mother|Ninetales-Alola, F, shiny|100\/100\n|switch|p2b: Tornadus|Tornadus, M|100\/100\n|-weather|Snow|[from] ability: Snow Warning|[of] p2a: Mother\n|turn|1\n|\n|t:|1699866905\n|move|p2b: Tornadus|Taunt|p1a: Gholdengo\n|-immune|p1a: Gholdengo|[from] ability: Good as Gold\n|move|p1b: Tornadus|Tailwind|p1b: Tornadus\n|-sidestart|p1: Penter|move: Tailwind\n|move|p1a: Gholdengo|Make It Rain|p2b: Tornadus|[spread] p2a,p2b\n|-supereffective|p2a: Mother\n|-damage|p2a: Mother|0 fnt\n|-damage|p2b: Tornadus|46\/100\n|-unboost|p1a: Gholdengo|spa|1\n|faint|p2a: Mother\n|\n|-weather|Snow|[upkeep]\n|upkeep\n|\n|t:|1699866916\n|switch|p2a: Iron Bundle|Iron Bundle|100\/100\n|turn|2\n|inactive|Penter has 270 seconds left.\n|\n|t:|1699866951\n|move|p1a: Gholdengo|Make It Rain|p2b: Tornadus|[spread] p2a,p2b\n|-damage|p2a: Iron Bundle|37\/100\n|-damage|p2b: Tornadus|5\/100\n|-unboost|p1a: Gholdengo|spa|1\n|move|p1b: Tornadus|Bleakwind Storm|p2b: Tornadus|[spread] \n|-miss|p1b: Tornadus|p2a: Iron Bundle\n|-miss|p1b: Tornadus|p2b: Tornadus\n|move|p2a: Iron Bundle|Blizzard|p1a: Gholdengo|[spread] p1a,p1b\n|-resisted|p1a: Gholdengo\n|-supereffective|p1b: Tornadus\n|-damage|p1a: Gholdengo|66\/100\n|-damage|p1b: Tornadus|0 fnt\n|faint|p1b: Tornadus\n|move|p2b: Tornadus|Bleakwind Storm|p1a: Gholdengo\n|-resisted|p1a: Gholdengo\n|-damage|p1a: Gholdengo|38\/100\n|\n|-weather|Snow|[upkeep]\n|upkeep\n|inactive|Penter has 270 seconds left.\n|\n|t:|1699866971\n|switch|p1b: Iron Hands|Iron Hands|100\/100\n|turn|3\n|\n|t:|1699866979\n|move|p1a: Gholdengo|Make It Rain|p2a: Iron Bundle|[spread] p2a,p2b\n|-damage|p2a: Iron Bundle|0 fnt\n|-damage|p2b: Tornadus|0 fnt\n|-unboost|p1a: Gholdengo|spa|1\n|faint|p2a: Iron Bundle\n|-end|p2a: Iron Bundle|Quark Drive|[silent]\n|faint|p2b: Tornadus\n|move|p1b: Iron Hands|Swords Dance|p1b: Iron Hands\n|-boost|p1b: Iron Hands|atk|2\n|\n|-weather|Snow|[upkeep]\n|upkeep\n|\n|t:|1699867000\n|switch|p2a: Flutter Mane|Flutter Mane|100\/100\n|switch|p2b: Ogerpon|Ogerpon-Hearthflame, F|100\/100\n|-ability|p2b: Ogerpon|Mold Breaker\n|-enditem|p2a: Flutter Mane|Booster Energy\n|-activate|p2a: Flutter Mane|ability: Protosynthesis|[fromitem]\n|-start|p2a: Flutter Mane|protosynthesisspe\n|turn|4\n|\n|t:|1699867022\n|switch|p1a: Landorus|Landorus-Therian, M|100\/100\n|-ability|p1a: Landorus|Intimidate|boost\n|-unboost|p2a: Flutter Mane|atk|1\n|-unboost|p2b: Ogerpon|atk|1\n|move|p2b: Ogerpon|Spiky Shield|p2b: Ogerpon\n|-singleturn|p2b: Ogerpon|move: Protect\n|move|p1b: Iron Hands|Protect|p1b: Iron Hands\n|-singleturn|p1b: Iron Hands|Protect\n|move|p2a: Flutter Mane|Shadow Ball|p1a: Landorus\n|-damage|p1a: Landorus|53\/100\n|\n|-weather|Snow|[upkeep]\n|-sideend|p1: Penter|move: Tailwind\n|upkeep\n|turn|5\n|inactive|Penter has 270 seconds left.\n|inactive|giove97 has 270 seconds left.\n|\n|t:|1699867055\n|move|p2a: Flutter Mane|Moonblast|p1b: Iron Hands\n|-supereffective|p1b: Iron Hands\n|-damage|p1b: Iron Hands|24\/100\n|-enditem|p1b: Iron Hands|Sitrus Berry|[eat]\n|-heal|p1b: Iron Hands|49\/100|[from] item: Sitrus Berry\n|move|p1a: Landorus|U-turn|p2b: Ogerpon\n|-damage|p2b: Ogerpon|64\/100\n|inactive|Penter has 270 seconds left.\n|\n|t:|1699867061\n|switch|p1a: Glimmora|Glimmora, M|100\/100|[from] U-turn\n|move|p2b: Ogerpon|Horn Leech|p1a: Glimmora\n|-crit|p1a: Glimmora\n|-damage|p1a: Glimmora|23\/100\n|-heal|p2b: Ogerpon|100\/100|[from] drain|[of] p1a: Glimmora\n|-activate|p1a: Glimmora|ability: Toxic Debris\n|-sidestart|p2: giove97|move: Toxic Spikes\n|move|p1b: Iron Hands|Drain Punch|p2b: Ogerpon\n|-damage|p2b: Ogerpon|0 fnt\n|-heal|p1b: Iron Hands|80\/100|[from] drain|[of] p2b: Ogerpon\n|faint|p2b: Ogerpon\n|\n|-weather|none\n|upkeep\n|inactive|giove97 has 270 seconds left.\n|\n|t:|1699867074\n|switch|p2b: Okidogi|Okidogi, M|100\/100\n|-sideend|p2: giove97|move: Toxic Spikes|[of] p2b: Okidogi\n|turn|6\n|inactive|Penter has 270 seconds left.\n|inactive|giove97 has 270 seconds left.\n|\n|t:|1699867138\n|move|p2a: Flutter Mane|Moonblast|p1b: Iron Hands\n|-supereffective|p1b: Iron Hands\n|-crit|p1b: Iron Hands\n|-damage|p1b: Iron Hands|0 fnt\n|faint|p1b: Iron Hands\n|-end|p1b: Iron Hands|Quark Drive|[silent]\n|move|p1a: Glimmora|Earth Power|p2b: Okidogi\n|-supereffective|p2b: Okidogi\n|-damage|p2b: Okidogi|33\/100\n|-enditem|p2b: Okidogi|Sitrus Berry|[eat]\n|-heal|p2b: Okidogi|58\/100|[from] item: Sitrus Berry\n|move|p2b: Okidogi|Bulk Up|p2b: Okidogi\n|-boost|p2b: Okidogi|atk|1\n|-boost|p2b: Okidogi|def|1\n|\n|upkeep\n|\n|t:|1699867152\n|switch|p1b: Ogerpon|Ogerpon-Hearthflame, F|100\/100\n|-ability|p1b: Ogerpon|Mold Breaker\n|turn|7\n|inactive|Penter has 270 seconds left.\n|inactive|giove97 has 270 seconds left.\n|inactive|Penter has 240 seconds left.\n|\n|t:|1699867197\n|-terastallize|p1b: Ogerpon|Fire\n|detailschange|p1b: Ogerpon|Ogerpon-Hearthflame-Tera, F, tera:Fire\n|-ability|p1b: Ogerpon|Embody Aspect (Hearthflame)|boost\n|-boost|p1b: Ogerpon|atk|1\n|move|p2a: Flutter Mane|Shadow Ball|p1a: Glimmora\n|-damage|p1a: Glimmora|0 fnt\n|faint|p1a: Glimmora\n|move|p1b: Ogerpon|Ivy Cudgel|p2a: Flutter Mane\n|-damage|p2a: Flutter Mane|0 fnt\n|faint|p2a: Flutter Mane\n|-end|p2a: Flutter Mane|Protosynthesis|[silent]\n|move|p2b: Okidogi|Drain Punch|p1b: Ogerpon\n|-damage|p1b: Ogerpon|40\/100\n|-heal|p2b: Okidogi|87\/100|[from] drain|[of] p1b: Ogerpon\n|\n|upkeep\n|inactive|Penter has 240 seconds left.\n|\n|t:|1699867203\n|switch|p1a: Gholdengo|Gholdengo|38\/100\n|turn|8\n|inactive|giove97 has 270 seconds left.\n|\n|t:|1699867227\n|move|p1a: Gholdengo|Shadow Ball|p2b: Okidogi\n|-damage|p2b: Okidogi|47\/100\n|move|p1b: Ogerpon|Ivy Cudgel|p2b: Okidogi\n|-damage|p2b: Okidogi|0 fnt\n|faint|p2b: Okidogi\n|\n|win|Penter\n|c|\u2606giove97|gg\n|c|\u2606Penter|gg\n|c|+Cyril tbh|1-0?\n|c|\u2606giove97|y\n|c|+KeshBa45|Goat penta\n|c|+Cyril tbh|whats next format?\n|c|\u2606giove97|lc\n|c|+Cyril tbh|send link here giove97\n","uploadtime":1699867228,"views":73,"p1id":"penter","p2id":"giove97","formatid":"gen9doublesou","rating":0,"private":0,"password":""}