{"id":"smogtours-gen9doublesou-730255","p1":"Losconosciuto","p2":"Akaru Kokuyo\u3075\u308f","format":"[Gen 9] Doubles OU","log":"|inactive|Battle timer is ON: inactive players will automatically lose when time's up.\n|t:|1699812128\n|gametype|doubles\n|player|p1|Losconosciuto|#losconosciuto|\n|player|p2|Akaru Kokuyo\u3075\u308f|#bssplviiidavesdragonairs|\n|teamsize|p1|6\n|teamsize|p2|6\n|gen|9\n|tier|[Gen 9] Doubles OU\n|rule|Species Clause: Limit one of each Pok\u00e9mon\n|rule|OHKO Clause: OHKO moves are banned\n|rule|Evasion Moves Clause: Evasion moves are banned\n|rule|Gravity Sleep Clause: The combination of sleep-inducing moves with imperfect accuracy and Gravity or Gigantamax Orbeetle are banned\n|rule|Endless Battle Clause: Forcing endless battles is banned\n|rule|HP Percentage Mod: HP is shown in percentages\n|clearpoke\n|poke|p1|Roaring Moon|\n|poke|p1|Glimmora, M|\n|poke|p1|Volcanion|\n|poke|p1|Rillaboom, F|\n|poke|p1|Flutter Mane|\n|poke|p1|Landorus-Therian, M|\n|poke|p2|Glimmora, M|\n|poke|p2|Landorus-Therian, M|\n|poke|p2|Tornadus, M|\n|poke|p2|Chi-Yu|\n|poke|p2|Flutter Mane|\n|poke|p2|Indeedee-F, F|\n|teampreview\n|inactive|Losconosciuto also wants the timer to be on.\n|c|\u2606Losconosciuto|hf\n|c|\u2606Akaru Kokuyo\u3075\u308f|glhf\n|c|+KeanuVGC|dou wc?\n|c|\u2606Losconosciuto|teamballo\n|c|+KeanuVGC|ah\n|inactive|Losconosciuto has 270 seconds left.\n|inactive|Akaru Kokuyo\u3075\u308f has 270 seconds left.\n|c|\u2606Losconosciuto|luisin team\n|inactive|Losconosciuto has 240 seconds left.\n|inactive|Akaru Kokuyo\u3075\u308f has 240 seconds left.\n|c|+paolode99|forza losco\n|inactive|Losconosciuto has 210 seconds left.\n|\n|t:|1699812237\n|start\n|switch|p1a: Landorus|Landorus-Therian, M|100\/100\n|switch|p1b: Rillaboom|Rillaboom, F|100\/100\n|switch|p2a: Landorus|Landorus-Therian, M|100\/100\n|switch|p2b: Flutter Mane|Flutter Mane|100\/100\n|-ability|p1a: Landorus|Intimidate|boost\n|-unboost|p2a: Landorus|atk|1\n|-unboost|p2b: Flutter Mane|atk|1\n|-ability|p2a: Landorus|Intimidate|boost\n|-unboost|p1a: Landorus|atk|1\n|-unboost|p1b: Rillaboom|atk|1\n|-fieldstart|move: Grassy Terrain|[from] ability: Grassy Surge|[of] p1b: Rillaboom\n|turn|1\n|inactive|Losconosciuto has 270 seconds left.\n|inactive|Akaru Kokuyo\u3075\u308f has 270 seconds left.\n|c|+acii|Losco rosa\n|inactive|Losconosciuto has 240 seconds left.\n|inactive|Akaru Kokuyo\u3075\u308f has 240 seconds left.\n|inactive|Losconosciuto has 210 seconds left.\n|inactive|Losconosciuto has 180 seconds left.\n|\n|t:|1699812350\n|-end|p2b: Flutter Mane|Protosynthesis|[silent]\n|switch|p2b: Tornadus|Tornadus, M|100\/100\n|switch|p1b: Glimmora|Glimmora, M|100\/100\n|move|p1a: Landorus|U-turn|p2b: Tornadus\n|-resisted|p2b: Tornadus\n|-damage|p2b: Tornadus|89\/100\n|c|+F3ner|Forza losco \n|\n|t:|1699812360\n|switch|p1a: Volcanion|Volcanion|100\/100|[from] U-turn\n|move|p2a: Landorus|U-turn|p1b: Glimmora\n|-resisted|p1b: Glimmora\n|-damage|p1b: Glimmora|84\/100\n|-activate|p1b: Glimmora|ability: Toxic Debris\n|-sidestart|p2: Akaru Kokuyo\u3075\u308f|move: Toxic Spikes\n|\n|t:|1699812373\n|switch|p2a: Glimmora|Glimmora, M|100\/100|[from] U-turn\n|-sideend|p2: Akaru Kokuyo\u3075\u308f|move: Toxic Spikes|[of] p2a: Glimmora\n|\n|-heal|p1b: Glimmora|90\/100|[from] Grassy Terrain\n|upkeep\n|turn|2\n|inactive|Akaru Kokuyo\u3075\u308f has 240 seconds left.\n|inactive|Losconosciuto has 180 seconds left.\n|inactive|Akaru Kokuyo\u3075\u308f has 210 seconds left.\n|\n|t:|1699812443\n|switch|p1b: Landorus|Landorus-Therian, M|100\/100\n|-ability|p1b: Landorus|Intimidate|boost\n|-unboost|p2a: Glimmora|atk|1\n|-unboost|p2b: Tornadus|atk|1\n|move|p1a: Volcanion|Protect|p1a: Volcanion\n|-singleturn|p1a: Volcanion|Protect\n|move|p2b: Tornadus|Tailwind|p2b: Tornadus\n|-sidestart|p2: Akaru Kokuyo\u3075\u308f|move: Tailwind\n|move|p2a: Glimmora|Power Gem|p1a: Volcanion\n|-activate|p1a: Volcanion|move: Protect\n|\n|upkeep\n|turn|3\n|inactive|Losconosciuto has 180 seconds left.\n|inactive|Akaru Kokuyo\u3075\u308f has 210 seconds left.\n|inactive|Losconosciuto has 150 seconds left.\n|inactive|Losconosciuto has 120 seconds left.\n|inactive|Losconosciuto has 90 seconds left.\n|\n|t:|1699812540\n|move|p2b: Tornadus|Sunny Day|p2b: Tornadus\n|-weather|SunnyDay\n|move|p2a: Glimmora|Power Gem|p1a: Volcanion\n|-supereffective|p1a: Volcanion\n|-damage|p1a: Volcanion|34\/100\n|move|p1b: Landorus|Rock Slide|p2a: Glimmora|[spread] \n|-miss|p1b: Landorus|p2a: Glimmora\n|-miss|p1b: Landorus|p2b: Tornadus\n|move|p1a: Volcanion|Steam Eruption|p2b: Tornadus\n|-damage|p2b: Tornadus|58\/100\n|-status|p2b: Tornadus|brn\n|\n|-weather|SunnyDay|[upkeep]\n|-heal|p1a: Volcanion|40\/100|[from] Grassy Terrain\n|-heal|p1a: Volcanion|47\/100|[from] item: Leftovers\n|-damage|p2b: Tornadus|52\/100 brn|[from] brn\n|upkeep\n|turn|4\n|inactive|Akaru Kokuyo\u3075\u308f has 210 seconds left.\n|inactive|Losconosciuto has 90 seconds left.\n|\n|t:|1699812582\n|switch|p2b: Flutter Mane|Flutter Mane|100\/100\n|-activate|p2b: Flutter Mane|ability: Protosynthesis\n|-start|p2b: Flutter Mane|protosynthesisspa\n|switch|p1a: Roaring Moon|Roaring Moon|100\/100\n|-activate|p1a: Roaring Moon|ability: Protosynthesis\n|-start|p1a: Roaring Moon|protosynthesisspe\n|move|p2a: Glimmora|Earth Power|p1b: Landorus\n|-immune|p1b: Landorus\n|move|p1b: Landorus|Rock Slide|p2a: Glimmora|[spread] p2a,p2b\n|-damage|p2a: Glimmora|76\/100\n|-damage|p2b: Flutter Mane|57\/100\n|-activate|p2a: Glimmora|ability: Toxic Debris\n|-sidestart|p1: Losconosciuto|move: Toxic Spikes\n|\n|-weather|SunnyDay|[upkeep]\n|-heal|p2b: Flutter Mane|63\/100|[from] Grassy Terrain\n|-heal|p2a: Glimmora|83\/100|[from] Grassy Terrain\n|upkeep\n|turn|5\n|inactive|Akaru Kokuyo\u3075\u308f has 210 seconds left.\n|inactive|Losconosciuto has 90 seconds left.\n|\n|t:|1699812601\n|switch|p2a: Tornadus|Tornadus, M|52\/100 brn\n|switch|p1b: Glimmora|Glimmora, M|90\/100\n|-sideend|p1: Losconosciuto|move: Toxic Spikes|[of] p1b: Glimmora\n|move|p1a: Roaring Moon|Protect|p1a: Roaring Moon\n|-singleturn|p1a: Roaring Moon|Protect\n|move|p2b: Flutter Mane|Dazzling Gleam|p1a: Roaring Moon|[spread] p1b\n|-activate|p1a: Roaring Moon|move: Protect\n|-resisted|p1b: Glimmora\n|-damage|p1b: Glimmora|52\/100\n|\n|-weather|SunnyDay|[upkeep]\n|-heal|p2b: Flutter Mane|69\/100|[from] Grassy Terrain\n|-heal|p1b: Glimmora|58\/100|[from] Grassy Terrain\n|-damage|p2a: Tornadus|46\/100 brn|[from] brn\n|-sideend|p2: Akaru Kokuyo\u3075\u308f|move: Tailwind\n|-fieldend|move: Grassy Terrain\n|upkeep\n|-enditem|p2a: Tornadus|Sitrus Berry|[eat]\n|-heal|p2a: Tornadus|71\/100 brn|[from] item: Sitrus Berry\n|turn|6\n|inactive|Akaru Kokuyo\u3075\u308f has 210 seconds left.\n|inactive|Losconosciuto has 90 seconds left.\n|\n|t:|1699812628\n|-end|p2b: Flutter Mane|Protosynthesis|[silent]\n|switch|p2b: Landorus|Landorus-Therian, M|100\/100\n|-ability|p2b: Landorus|Intimidate|boost\n|-unboost|p1a: Roaring Moon|atk|1\n|-unboost|p1b: Glimmora|atk|1\n|switch|p2a: Indeedee|Indeedee-F, F|100\/100\n|-fieldstart|move: Psychic Terrain|[from] ability: Psychic Surge|[of] p2a: Indeedee\n|-terastallize|p1a: Roaring Moon|Fire\n|move|p1a: Roaring Moon|Knock Off|p2b: Landorus\n|-damage|p2b: Landorus|67\/100\n|-enditem|p2b: Landorus|Choice Band|[from] move: Knock Off|[of] p1a: Roaring Moon\n|move|p1b: Glimmora|Stealth Rock|p2b: Landorus\n|-sidestart|p2: Akaru Kokuyo\u3075\u308f|move: Stealth Rock\n|\n|-weather|SunnyDay|[upkeep]\n|upkeep\n|turn|7\n|inactive|Akaru Kokuyo\u3075\u308f has 210 seconds left.\n|\n|t:|1699812661\n|switch|p1b: Landorus|Landorus-Therian, M|100\/100\n|-ability|p1b: Landorus|Intimidate|boost\n|-unboost|p2a: Indeedee|atk|1\n|-unboost|p2b: Landorus|atk|1\n|move|p1a: Roaring Moon|Protect|p1a: Roaring Moon\n|-singleturn|p1a: Roaring Moon|Protect\n|move|p2b: Landorus|U-turn|p1b: Landorus\n|-resisted|p1b: Landorus\n|-damage|p1b: Landorus|91\/100\n|inactive|Akaru Kokuyo\u3075\u308f has 180 seconds left.\n|inactive|Akaru Kokuyo\u3075\u308f has 150 seconds left.\n|inactive|Akaru Kokuyo\u3075\u308f has 120 seconds left.\n|\n|t:|1699812759\n|switch|p2b: Flutter Mane|Flutter Mane|69\/100|[from] U-turn\n|-damage|p2b: Flutter Mane|57\/100|[from] Stealth Rock\n|-activate|p2b: Flutter Mane|ability: Protosynthesis\n|-start|p2b: Flutter Mane|protosynthesisspa\n|move|p2a: Indeedee|Psychic|p1b: Landorus\n|-damage|p1b: Landorus|44\/100\n|\n|-weather|none\n|-end|p1a: Roaring Moon|Protosynthesis\n|-end|p2b: Flutter Mane|Protosynthesis\n|upkeep\n|-enditem|p1a: Roaring Moon|Booster Energy\n|-activate|p1a: Roaring Moon|ability: Protosynthesis|[fromitem]\n|-start|p1a: Roaring Moon|protosynthesisspe\n|turn|8\n|inactive|Losconosciuto has 120 seconds left.\n|inactive|Akaru Kokuyo\u3075\u308f has 120 seconds left.\n|inactive|Akaru Kokuyo\u3075\u308f has 90 seconds left.\n|\n|t:|1699812802\n|-end|p2b: Flutter Mane|Protosynthesis|[silent]\n|switch|p2b: Landorus|Landorus-Therian, M|67\/100\n|-damage|p2b: Landorus|55\/100|[from] Stealth Rock\n|-ability|p2b: Landorus|Intimidate|boost\n|-unboost|p1a: Roaring Moon|atk|1\n|-unboost|p1b: Landorus|atk|1\n|move|p1a: Roaring Moon|Knock Off|p2a: Indeedee\n|-supereffective|p2a: Indeedee\n|-damage|p2a: Indeedee|52\/100\n|-enditem|p2a: Indeedee|Sitrus Berry|[from] move: Knock Off|[of] p1a: Roaring Moon\n|move|p1b: Landorus|U-turn|p2a: Indeedee\n|-supereffective|p2a: Indeedee\n|-crit|p2a: Indeedee\n|-damage|p2a: Indeedee|0 fnt\n|faint|p2a: Indeedee\n|c|\u2606Akaru Kokuyo\u3075\u308f|asadassdasas\n|\n|t:|1699812815\n|switch|p1b: Rillaboom|Rillaboom, F|100\/100|[from] U-turn\n|-fieldstart|move: Grassy Terrain|[from] ability: Grassy Surge|[of] p1b: Rillaboom\n|\n|upkeep\n|inactive|Akaru Kokuyo\u3075\u308f has 90 seconds left.\n|\n|t:|1699812849\n|switch|p2a: Tornadus|Tornadus, M|71\/100 brn\n|-damage|p2a: Tornadus|46\/100 brn|[from] Stealth Rock\n|turn|9\n|inactive|Akaru Kokuyo\u3075\u308f has 90 seconds left.\n|inactive|Losconosciuto has 120 seconds left.\n|inactive|Losconosciuto has 90 seconds left.\n|inactive|Losconosciuto has 60 seconds left.\n|\n|t:|1699812923\n|switch|p2b: Glimmora|Glimmora, M|83\/100\n|-damage|p2b: Glimmora|70\/100|[from] Stealth Rock\n|move|p2a: Tornadus|Protect|p2a: Tornadus\n|-singleturn|p2a: Tornadus|Protect\n|move|p1b: Rillaboom|Fake Out|p2b: Glimmora\n|-resisted|p2b: Glimmora\n|-damage|p2b: Glimmora|63\/100\n|-activate|p2b: Glimmora|ability: Toxic Debris\n|-sidestart|p1: Losconosciuto|move: Toxic Spikes\n|move|p1a: Roaring Moon|Tailwind|p1a: Roaring Moon\n|-sidestart|p1: Losconosciuto|move: Tailwind\n|\n|-heal|p2b: Glimmora|69\/100|[from] Grassy Terrain\n|-damage|p2a: Tornadus|40\/100 brn|[from] brn\n|upkeep\n|turn|10\n|inactive|Losconosciuto has 60 seconds left.\n|\n|t:|1699812960\n|-end|p1a: Roaring Moon|Protosynthesis|[silent]\n|switch|p1a: Glimmora|Glimmora, M|58\/100\n|-sideend|p1: Losconosciuto|move: Toxic Spikes|[of] p1a: Glimmora\n|switch|p1b: Flutter Mane|Flutter Mane|100\/100\n|move|p2a: Tornadus|Tailwind|p2a: Tornadus\n|-sidestart|p2: Akaru Kokuyo\u3075\u308f|move: Tailwind\n|move|p2b: Glimmora|Sludge Bomb|p1b: Flutter Mane\n|-damage|p1b: Flutter Mane|66\/100\n|\n|-heal|p1b: Flutter Mane|72\/100|[from] Grassy Terrain\n|-heal|p1a: Glimmora|65\/100|[from] Grassy Terrain\n|-heal|p2b: Glimmora|76\/100|[from] Grassy Terrain\n|-damage|p2a: Tornadus|34\/100 brn|[from] brn\n|upkeep\n|turn|11\n|inactive|Akaru Kokuyo\u3075\u308f has 120 seconds left.\n|inactive|Losconosciuto has 60 seconds left.\n|inactive|Akaru Kokuyo\u3075\u308f has 90 seconds left.\n|\n|t:|1699813014\n|switch|p1a: Landorus|Landorus-Therian, M|44\/100\n|-ability|p1a: Landorus|Intimidate|boost\n|-unboost|p2a: Tornadus|atk|1\n|-unboost|p2b: Glimmora|atk|1\n|move|p1b: Flutter Mane|Dazzling Gleam|p2a: Tornadus|[spread] p2a,p2b\n|-resisted|p2b: Glimmora\n|-damage|p2a: Tornadus|0 fnt\n|-damage|p2b: Glimmora|63\/100\n|faint|p2a: Tornadus\n|move|p2b: Glimmora|Mortal Spin|p1a: Landorus|[spread] p1a,p1b\n|-resisted|p1a: Landorus\n|-damage|p1a: Landorus|42\/100\n|-damage|p1b: Flutter Mane|68\/100\n|-status|p1a: Landorus|psn\n|-status|p1b: Flutter Mane|psn\n|-sideend|p2: Akaru Kokuyo\u3075\u308f|Stealth Rock|[from] move: Mortal Spin|[of] p2b: Glimmora\n|\n|-heal|p1b: Flutter Mane|74\/100 psn|[from] Grassy Terrain\n|-heal|p2b: Glimmora|69\/100|[from] Grassy Terrain\n|-damage|p1a: Landorus|30\/100 psn|[from] psn\n|-damage|p1b: Flutter Mane|62\/100 psn|[from] psn\n|upkeep\n|\n|t:|1699813034\n|switch|p2a: Landorus|Landorus-Therian, M|55\/100\n|-ability|p2a: Landorus|Intimidate|boost\n|-unboost|p1a: Landorus|atk|1\n|-unboost|p1b: Flutter Mane|atk|1\n|turn|12\n|\n|t:|1699813060\n|move|p1a: Landorus|Stomping Tantrum|p2b: Glimmora\n|-supereffective|p2b: Glimmora\n|-damage|p2b: Glimmora|0 fnt\n|-activate|p2b: Glimmora|ability: Toxic Debris\n|-sidestart|p1: Losconosciuto|move: Toxic Spikes\n|faint|p2b: Glimmora\n|move|p1b: Flutter Mane|Dazzling Gleam|p2a: Landorus\n|-damage|p2a: Landorus|0 fnt\n|faint|p2a: Landorus\n|\n|-heal|p1b: Flutter Mane|68\/100 psn|[from] Grassy Terrain\n|-damage|p1a: Landorus|17\/100 psn|[from] psn\n|-damage|p1b: Flutter Mane|55\/100 psn|[from] psn\n|-sideend|p1: Losconosciuto|move: Tailwind\n|-fieldend|move: Grassy Terrain\n|upkeep\n|\n|t:|1699813066\n|switch|p2a: Chi-Yu|Chi-Yu|100\/100\n|switch|p2b: Flutter Mane|Flutter Mane|57\/100\n|-ability|p2a: Chi-Yu|Beads of Ruin\n|turn|13\n|inactive|Losconosciuto has 90 seconds left.\n|\n|t:|1699813100\n|switch|p1a: Glimmora|Glimmora, M|65\/100\n|-sideend|p1: Losconosciuto|move: Toxic Spikes|[of] p1a: Glimmora\n|-end|p1b: Flutter Mane|Protosynthesis|[silent]\n|switch|p1b: Volcanion|Volcanion|47\/100\n|move|p2b: Flutter Mane|Dazzling Gleam|p1a: Glimmora|[spread] p1a,p1b\n|-resisted|p1a: Glimmora\n|-resisted|p1b: Volcanion\n|-damage|p1a: Glimmora|27\/100\n|-damage|p1b: Volcanion|20\/100\n|move|p2a: Chi-Yu|Nasty Plot|p2a: Chi-Yu\n|-boost|p2a: Chi-Yu|spa|2\n|\n|-heal|p1b: Volcanion|26\/100|[from] item: Leftovers\n|-sideend|p2: Akaru Kokuyo\u3075\u308f|move: Tailwind\n|upkeep\n|turn|14\n|inactive|Losconosciuto has 90 seconds left.\n|inactive|Losconosciuto has 60 seconds left.\n|\n|t:|1699813163\n|move|p1b: Volcanion|Protect|p1b: Volcanion\n|-singleturn|p1b: Volcanion|Protect\n|move|p2b: Flutter Mane|Dazzling Gleam|p1b: Volcanion|[spread] p1a\n|-activate|p1b: Volcanion|move: Protect\n|-resisted|p1a: Glimmora\n|-damage|p1a: Glimmora|0 fnt\n|faint|p1a: Glimmora\n|move|p2a: Chi-Yu|Nasty Plot|p2a: Chi-Yu\n|-boost|p2a: Chi-Yu|spa|2\n|\n|-heal|p1b: Volcanion|32\/100|[from] item: Leftovers\n|upkeep\n|inactive|Losconosciuto has 30 seconds left.\n|inactive|Losconosciuto has 20 seconds left.\n|inactive|Losconosciuto has 15 seconds left.\n|inactive|Losconosciuto has 10 seconds left.\n|\n|t:|1699813194\n|switch|p1a: Landorus|Landorus-Therian, M|17\/100 psn\n|-ability|p1a: Landorus|Intimidate|boost\n|-unboost|p2a: Chi-Yu|atk|1\n|-unboost|p2b: Flutter Mane|atk|1\n|turn|15\n|inactive|Losconosciuto has 30 seconds left.\n|inactive|Akaru Kokuyo\u3075\u308f has 120 seconds left.\n|inactive|Losconosciuto has 20 seconds left.\n|inactive|Losconosciuto has 15 seconds left.\n|\n|t:|1699813218\n|-terastallize|p2b: Flutter Mane|Flying\n|move|p1b: Volcanion|Protect||[still]\n|-fail|p1b: Volcanion\n|move|p1a: Landorus|Stomping Tantrum|p2b: Flutter Mane\n|-immune|p2b: Flutter Mane\n|move|p2b: Flutter Mane|Dazzling Gleam|p1b: Volcanion|[spread] p1a,p1b\n|-resisted|p1b: Volcanion\n|-damage|p1a: Landorus|0 fnt\n|-damage|p1b: Volcanion|3\/100\n|faint|p1a: Landorus\n|move|p2a: Chi-Yu|Dark Pulse|p1b: Volcanion\n|-damage|p1b: Volcanion|0 fnt\n|faint|p1b: Volcanion\n|\n|upkeep\n|inactive|Losconosciuto has 20 seconds left this turn.\n|inactive|Losconosciuto has 15 seconds left.\n|inactive|Losconosciuto has 10 seconds left.\n|\n|t:|1699813229\n|switch|p1a: Rillaboom|Rillaboom, F|100\/100\n|switch|p1b: Roaring Moon|Roaring Moon, tera:Fire|100\/100\n|-fieldstart|move: Grassy Terrain|[from] ability: Grassy Surge|[of] p1a: Rillaboom\n|turn|16\n|inactive|Losconosciuto has 30 seconds left.\n|inactive|Losconosciuto has 20 seconds left.\n|inactive|Losconosciuto has 15 seconds left.\n|\n|t:|1699813252\n|move|p1a: Rillaboom|Fake Out|p2b: Flutter Mane\n|-damage|p2b: Flutter Mane|31\/100\n|move|p1b: Roaring Moon|Tailwind|p1b: Roaring Moon\n|-sidestart|p1: Losconosciuto|move: Tailwind\n|cant|p2b: Flutter Mane|flinch\n|move|p2a: Chi-Yu|Heat Wave|p1b: Roaring Moon|[spread] p1a,p1b\n|-supereffective|p1a: Rillaboom\n|-resisted|p1b: Roaring Moon\n|-damage|p1a: Rillaboom|0 fnt\n|-damage|p1b: Roaring Moon|34\/100\n|faint|p1a: Rillaboom\n|\n|-heal|p1b: Roaring Moon|40\/100|[from] Grassy Terrain\n|upkeep\n|inactive|Losconosciuto has 20 seconds left this turn.\n|inactive|Losconosciuto has 15 seconds left.\n|\n|t:|1699813261\n|switch|p1a: Flutter Mane|Flutter Mane|55\/100 psn\n|turn|17\n|inactive|Akaru Kokuyo\u3075\u308f has 150 seconds left.\n|inactive|Losconosciuto has 30 seconds left.\n|inactive|Losconosciuto has 20 seconds left.\n|inactive|Losconosciuto has 15 seconds left.\n|inactive|Losconosciuto has 10 seconds left.\n|\n|t:|1699813295\n|move|p1b: Roaring Moon|Knock Off|p2a: Chi-Yu\n|-resisted|p2a: Chi-Yu\n|-damage|p2a: Chi-Yu|65\/100\n|-enditem|p2a: Chi-Yu|Sitrus Berry|[from] move: Knock Off|[of] p1b: Roaring Moon\n|move|p1a: Flutter Mane|Dazzling Gleam|p2a: Chi-Yu|[spread] p2a,p2b\n|-damage|p2a: Chi-Yu|23\/100\n|-damage|p2b: Flutter Mane|0 fnt\n|faint|p2b: Flutter Mane\n|-end|p2b: Flutter Mane|Protosynthesis|[silent]\n|move|p2a: Chi-Yu|Heat Wave|p1a: Flutter Mane|[spread] p1a\n|-miss|p2a: Chi-Yu|p1b: Roaring Moon\n|-damage|p1a: Flutter Mane|0 fnt\n|faint|p1a: Flutter Mane\n|-end|p1a: Flutter Mane|Protosynthesis|[silent]\n|\n|-heal|p1b: Roaring Moon|46\/100|[from] Grassy Terrain\n|-heal|p2a: Chi-Yu|29\/100|[from] Grassy Terrain\n|upkeep\n|turn|18\n|inactive|Losconosciuto has 30 seconds left.\n|\n|t:|1699813309\n|move|p2a: Chi-Yu|Protect|p2a: Chi-Yu\n|-singleturn|p2a: Chi-Yu|Protect\n|move|p1b: Roaring Moon|Breaking Swipe|p2a: Chi-Yu\n|-activate|p2a: Chi-Yu|move: Protect\n|\n|-heal|p1b: Roaring Moon|52\/100|[from] Grassy Terrain\n|-heal|p2a: Chi-Yu|35\/100|[from] Grassy Terrain\n|upkeep\n|turn|19\n|inactive|Akaru Kokuyo\u3075\u308f has 180 seconds left.\n|\n|t:|1699813348\n|move|p2a: Chi-Yu|Protect|p2a: Chi-Yu\n|-singleturn|p2a: Chi-Yu|Protect\n|move|p1b: Roaring Moon|Breaking Swipe|p2a: Chi-Yu\n|-activate|p2a: Chi-Yu|move: Protect\n|\n|-heal|p1b: Roaring Moon|58\/100|[from] Grassy Terrain\n|-heal|p2a: Chi-Yu|41\/100|[from] Grassy Terrain\n|-sideend|p1: Losconosciuto|move: Tailwind\n|upkeep\n|turn|20\n|\n|t:|1699813361\n|move|p1b: Roaring Moon|Breaking Swipe|p2a: Chi-Yu\n|-damage|p2a: Chi-Yu|0 fnt\n|faint|p2a: Chi-Yu\n|\n|win|Losconosciuto\n|c|\u2606Akaru Kokuyo\u3075\u308f|sigh\n|c|\u2606Losconosciuto|gg\n","uploadtime":1699813362,"views":80,"p1id":"losconosciuto","p2id":"akarukokuyo","formatid":"gen9doublesou","rating":0,"private":0,"password":""}