{"id":"smogtours-gen9doublesou-727757","p1":"Based Witch","p2":"Meminger21","format":"[Gen 9] Doubles OU","log":"|inactive|Battle timer is ON: inactive players will automatically lose when time's up.\n|t:|1698625087\n|gametype|doubles\n|player|p1|Based Witch|fantina|\n|player|p2|Meminger21|liza|\n|teamsize|p1|6\n|teamsize|p2|6\n|gen|9\n|tier|[Gen 9] Doubles OU\n|rule|Species Clause: Limit one of each Pok\u00e9mon\n|rule|OHKO Clause: OHKO moves are banned\n|rule|Evasion Moves Clause: Evasion moves are banned\n|rule|Gravity Sleep Clause: The combination of sleep-inducing moves with imperfect accuracy and Gravity or Gigantamax Orbeetle are banned\n|rule|Endless Battle Clause: Forcing endless battles is banned\n|rule|HP Percentage Mod: HP is shown in percentages\n|clearpoke\n|poke|p1|Tyranitar, F|\n|poke|p1|Ogerpon-Hearthflame, F|\n|poke|p1|Basculegion-F, F|\n|poke|p1|Kommo-o, F|\n|poke|p1|Flutter Mane|\n|poke|p1|Landorus-Therian, M|\n|poke|p2|Landorus-Therian, M|\n|poke|p2|Ogerpon-Wellspring, F|\n|poke|p2|Gholdengo|\n|poke|p2|Chien-Pao|\n|poke|p2|Iron Hands|\n|poke|p2|Tornadus, M|\n|teampreview\n|c|\u2606Meminger21|hf\n|c|\u2606Based Witch|hf\n|raw|<div class=\"broadcast-red\"><strong>Moderated chat was set to \u2606!<\/strong><br \/>Only users of rank \u2606 and higher can talk.<\/div>\n|inactive|Based Witch has 270 seconds left.\n|inactive|Meminger21 has 270 seconds left.\n|inactive|Based Witch has 240 seconds left.\n|inactive|Meminger21 has 240 seconds left.\n|inactive|Based Witch has 210 seconds left.\n|inactive|Meminger21 has 210 seconds left.\n|\n|t:|1698625190\n|start\n|switch|p1a: Landorus|Landorus-Therian, M|100\/100\n|switch|p1b: Flutter Mane|Flutter Mane|100\/100\n|switch|p2a: Landorus|Landorus-Therian, M|100\/100\n|switch|p2b: Tornadus|Tornadus, M|100\/100\n|-ability|p2a: Landorus|Intimidate|boost\n|-unboost|p1a: Landorus|atk|1\n|-unboost|p1b: Flutter Mane|atk|1\n|-ability|p1a: Landorus|Intimidate|boost\n|-unboost|p2a: Landorus|atk|1\n|-unboost|p2b: Tornadus|atk|1\n|turn|1\n|inactive|Based Witch has 270 seconds left.\n|\n|t:|1698625223\n|move|p2b: Tornadus|Protect|p2b: Tornadus\n|-singleturn|p2b: Tornadus|Protect\n|move|p1b: Flutter Mane|Icy Wind|p2a: Landorus|[spread] p2a\n|-activate|p2b: Tornadus|move: Protect\n|-supereffective|p2a: Landorus\n|-damage|p2a: Landorus|46\/100\n|-unboost|p2a: Landorus|spe|1\n|move|p1a: Landorus|Stealth Rock|p2b: Tornadus\n|-sidestart|p2: Meminger21|move: Stealth Rock\n|move|p2a: Landorus|U-turn|p1a: Landorus\n|-resisted|p1a: Landorus\n|-crit|p1a: Landorus\n|-damage|p1a: Landorus|81\/100\n|inactive|Meminger21 has 270 seconds left.\n|inactive|Meminger21 has 240 seconds left.\n|\n|t:|1698625287\n|switch|p2a: Chien-P\u00e3o|Chien-Pao|100\/100|[from] U-turn\n|-damage|p2a: Chien-P\u00e3o|76\/100|[from] Stealth Rock\n|-ability|p2a: Chien-P\u00e3o|Sword of Ruin\n|\n|upkeep\n|turn|2\n|inactive|Meminger21 has 240 seconds left.\n|inactive|Based Witch has 270 seconds left.\n|inactive|Meminger21 has 210 seconds left.\n|inactive|Meminger21 has 180 seconds left.\n|inactive|Based Witch has 240 seconds left.\n|inactive|Meminger21 has 150 seconds left.\n|\n|t:|1698625392\n|switch|p1a: Tyranitar|Tyranitar, F|100\/100\n|-weather|Sandstorm|[from] ability: Sand Stream|[of] p1a: Tyranitar\n|move|p2a: Chien-P\u00e3o|Ice Spinner|p1b: Flutter Mane\n|-damage|p1b: Flutter Mane|0 fnt\n|faint|p1b: Flutter Mane\n|-end|p1b: Flutter Mane|Protosynthesis|[silent]\n|-damage|p2a: Chien-P\u00e3o|66\/100|[from] item: Life Orb\n|move|p2b: Tornadus|Bleakwind Storm|p1a: Tyranitar\n|-resisted|p1a: Tyranitar\n|-damage|p1a: Tyranitar|93\/100\n|\n|-weather|Sandstorm|[upkeep]\n|-damage|p2a: Chien-P\u00e3o|60\/100|[from] Sandstorm\n|-damage|p2b: Tornadus|94\/100|[from] Sandstorm\n|upkeep\n|inactive|Based Witch has 210 seconds left.\n|\n|t:|1698625427\n|switch|p1b: Ogerpon|Ogerpon-Hearthflame, F|100\/100\n|-ability|p1b: Ogerpon|Mold Breaker\n|turn|3\n|inactive|Meminger21 has 150 seconds left.\n|\n|t:|1698625469\n|switch|p2b: Landorus|Landorus-Therian, M|46\/100\n|-damage|p2b: Landorus|34\/100|[from] Stealth Rock\n|-ability|p2b: Landorus|Intimidate|boost\n|-unboost|p1a: Tyranitar|atk|1\n|-unboost|p1b: Ogerpon|atk|1\n|move|p2a: Chien-P\u00e3o|Lash Out|p1b: Ogerpon\n|-damage|p1b: Ogerpon|19\/100\n|-damage|p2a: Chien-P\u00e3o|50\/100|[from] item: Life Orb\n|move|p1b: Ogerpon|Ivy Cudgel|p2a: Chien-P\u00e3o\n|-supereffective|p2a: Chien-P\u00e3o\n|-damage|p2a: Chien-P\u00e3o|0 fnt\n|faint|p2a: Chien-P\u00e3o\n|move|p1a: Tyranitar|Stone Edge|p2b: Landorus\n|-crit|p2b: Landorus\n|-damage|p2b: Landorus|0 fnt\n|faint|p2b: Landorus\n|\n|-weather|Sandstorm|[upkeep]\n|-damage|p1b: Ogerpon|12\/100|[from] Sandstorm\n|upkeep\n|inactive|Meminger21 has 120 seconds left.\n|inactive|Meminger21 has 90 seconds left.\n|inactive|Meminger21 has 60 seconds left.\n|inactive|Meminger21 has 30 seconds left.\n|\n|t:|1698625580\n|switch|p2a: Gholdengo|Gholdengo|100\/100\n|switch|p2b: Iron Hands|Iron Hands|100\/100\n|-damage|p2a: Gholdengo|94\/100|[from] Stealth Rock\n|-damage|p2b: Iron Hands|94\/100|[from] Stealth Rock\n|turn|4\n|inactive|Based Witch has 240 seconds left.\n|\n|t:|1698625602\n|switch|p1b: Landorus|Landorus-Therian, M|81\/100\n|-ability|p1b: Landorus|Intimidate|boost\n|-unboost|p2a: Gholdengo|atk|1\n|-unboost|p2b: Iron Hands|atk|1\n|-terastallize|p2a: Gholdengo|Dragon\n|move|p2b: Iron Hands|Fake Out|p1a: Tyranitar\n|-resisted|p1a: Tyranitar\n|-damage|p1a: Tyranitar|90\/100\n|move|p2a: Gholdengo|Nasty Plot|p2a: Gholdengo\n|-boost|p2a: Gholdengo|spa|2\n|cant|p1a: Tyranitar|flinch\n|\n|-weather|Sandstorm|[upkeep]\n|-damage|p2a: Gholdengo|88\/100|[from] Sandstorm\n|-damage|p2b: Iron Hands|88\/100|[from] Sandstorm\n|-heal|p2a: Gholdengo|94\/100|[from] item: Leftovers\n|upkeep\n|turn|5\n|inactive|Based Witch has 240 seconds left.\n|inactive|Meminger21 has 60 seconds left.\n|inactive|Based Witch has 210 seconds left.\n|inactive|Meminger21 has 30 seconds left.\n|inactive|Meminger21 has 20 seconds left.\n|inactive|Meminger21 has 15 seconds left.\n|inactive|Based Witch has 180 seconds left.\n|\n|t:|1698625685\n|-end|p2b: Iron Hands|Quark Drive|[silent]\n|switch|p2b: Ogerpon|Ogerpon-Wellspring, F|100\/100\n|-damage|p2b: Ogerpon|88\/100|[from] Stealth Rock\n|move|p2a: Gholdengo|Protect|p2a: Gholdengo\n|-singleturn|p2a: Gholdengo|Protect\n|move|p1b: Landorus|U-turn|p2b: Ogerpon\n|-supereffective|p2b: Ogerpon\n|-damage|p2b: Ogerpon|42\/100\n|inactive|Meminger21 has 20 seconds left this turn.\n|\n|t:|1698625710\n|switch|p1b: Basculegion|Basculegion-F, F|100\/100|[from] U-turn\n|move|p1a: Tyranitar|Knock Off|p2a: Gholdengo\n|-activate|p2a: Gholdengo|move: Protect\n|\n|-weather|Sandstorm|[upkeep]\n|-damage|p1b: Basculegion|94\/100|[from] Sandstorm\n|-damage|p2b: Ogerpon|36\/100|[from] Sandstorm\n|-damage|p2a: Gholdengo|88\/100|[from] Sandstorm\n|-heal|p2a: Gholdengo|94\/100|[from] item: Leftovers\n|upkeep\n|turn|6\n|\n|t:|1698625725\n|move|p2b: Ogerpon|Follow Me|p2b: Ogerpon\n|-singleturn|p2b: Ogerpon|move: Follow Me\n|move|p1b: Basculegion|Last Respects|p2b: Ogerpon\n|-damage|p2b: Ogerpon|0 fnt\n|faint|p2b: Ogerpon\n|move|p2a: Gholdengo|Shadow Ball|p1b: Basculegion\n|-supereffective|p1b: Basculegion\n|-damage|p1b: Basculegion|0 fnt\n|faint|p1b: Basculegion\n|move|p1a: Tyranitar|Knock Off|p2a: Gholdengo\n|-damage|p2a: Gholdengo|63\/100\n|-enditem|p2a: Gholdengo|Leftovers|[from] move: Knock Off|[of] p1a: Tyranitar\n|\n|-weather|none\n|upkeep\n|inactive|Based Witch has 180 seconds left.\n|\n|t:|1698625738\n|switch|p1b: Kommo-o|Kommo-o, F|100\/100\n|switch|p2b: Tornadus|Tornadus, M|94\/100\n|-damage|p2b: Tornadus|70\/100|[from] Stealth Rock\n|turn|7\n|inactive|Meminger21 has 60 seconds left.\n|\n|t:|1698625767\n|-terastallize|p1b: Kommo-o|Fire\n|move|p2b: Tornadus|Tailwind|p2b: Tornadus\n|-sidestart|p2: Meminger21|move: Tailwind\n|move|p2a: Gholdengo|Make It Rain|p1a: Tyranitar|[spread] p1a,p1b\n|-supereffective|p1a: Tyranitar\n|-resisted|p1b: Kommo-o\n|-damage|p1a: Tyranitar|0 fnt\n|-damage|p1b: Kommo-o|66\/100\n|-unboost|p2a: Gholdengo|spa|1\n|faint|p1a: Tyranitar\n|move|p1b: Kommo-o|Dragon Tail|p2a: Gholdengo\n|-supereffective|p2a: Gholdengo\n|-damage|p2a: Gholdengo|20\/100\n|drag|p2a: Iron Hands|Iron Hands|88\/100\n|-damage|p2a: Iron Hands|82\/100|[from] Stealth Rock\n|\n|-heal|p1b: Kommo-o|72\/100|[from] item: Leftovers\n|upkeep\n|\n|t:|1698625781\n|switch|p1a: Landorus|Landorus-Therian, M|81\/100\n|-ability|p1a: Landorus|Intimidate|boost\n|-unboost|p2a: Iron Hands|atk|1\n|-unboost|p2b: Tornadus|atk|1\n|turn|8\n|inactive|Based Witch has 210 seconds left.\n|inactive|Meminger21 has 60 seconds left.\n|inactive|Meminger21 has 30 seconds left.\n|\n|t:|1698625844\n|move|p2a: Iron Hands|Fake Out|p1b: Kommo-o\n|-damage|p1b: Kommo-o|64\/100\n|move|p2b: Tornadus|Bleakwind Storm|p1b: Kommo-o|[spread] p1b\n|-miss|p2b: Tornadus|p1a: Landorus\n|-damage|p1b: Kommo-o|40\/100\n|move|p1a: Landorus|Rock Tomb|p2b: Tornadus\n|-supereffective|p2b: Tornadus\n|-damage|p2b: Tornadus|30\/100\n|-unboost|p2b: Tornadus|spe|1\n|-enditem|p2b: Tornadus|Sitrus Berry|[eat]\n|-heal|p2b: Tornadus|55\/100|[from] item: Sitrus Berry\n|cant|p1b: Kommo-o|flinch\n|\n|-heal|p1b: Kommo-o|47\/100|[from] item: Leftovers\n|upkeep\n|turn|9\n|inactive|Based Witch has 210 seconds left.\n|inactive|Meminger21 has 30 seconds left.\n|inactive|Meminger21 has 20 seconds left.\n|inactive|Meminger21 has 15 seconds left.\n|inactive|Meminger21 has 10 seconds left.\n|inactive|Meminger21 has 5 seconds left.\n|\n|t:|1698625890\n|switch|p2b: Gholdengo|Gholdengo, tera:Dragon|20\/100\n|-damage|p2b: Gholdengo|7\/100|[from] Stealth Rock\n|move|p1b: Kommo-o|Protect|p1b: Kommo-o\n|-singleturn|p1b: Kommo-o|Protect\n|move|p2a: Iron Hands|Heavy Slam|p1a: Landorus\n|-damage|p1a: Landorus|54\/100\n|move|p1a: Landorus|Rock Tomb|p2b: Gholdengo\n|-crit|p2b: Gholdengo\n|-damage|p2b: Gholdengo|0 fnt\n|faint|p2b: Gholdengo\n|\n|-heal|p1b: Kommo-o|53\/100|[from] item: Leftovers\n|upkeep\n|inactive|Meminger21 has 10 seconds left this turn.\n|inactive|Meminger21 has 5 seconds left.\n|-message|Meminger21 lost due to inactivity.\n|\n|win|Based Witch\n|c|\u2606Meminger21|gg\n|c|\u2606Based Witch|gg\n","uploadtime":1698625901,"views":448,"p1id":"basedwitch","p2id":"meminger21","formatid":"gen9doublesou","rating":0,"private":0,"password":""}