{"id":"smogtours-gen9doublesou-729958","p1":"spellcaster","p2":"Papiloco","format":"[Gen 9] Doubles OU","log":"|inactive|Battle timer is ON: inactive players will automatically lose when time's up.\n|t:|1699729722\n|gametype|doubles\n|player|p1|spellcaster|rosa-wonderlauncher|\n|player|p2|Papiloco|#rbtt6teampalkia|\n|teamsize|p1|6\n|teamsize|p2|6\n|gen|9\n|tier|[Gen 9] Doubles OU\n|rule|Species Clause: Limit one of each Pok\u00e9mon\n|rule|OHKO Clause: OHKO moves are banned\n|rule|Evasion Moves Clause: Evasion moves are banned\n|rule|Gravity Sleep Clause: The combination of sleep-inducing moves with imperfect accuracy and Gravity or Gigantamax Orbeetle are banned\n|rule|Endless Battle Clause: Forcing endless battles is banned\n|rule|HP Percentage Mod: HP is shown in percentages\n|clearpoke\n|poke|p1|Armarouge, F|\n|poke|p1|Indeedee-F, F|\n|poke|p1|Ursaluna, M|\n|poke|p1|Amoonguss, M|\n|poke|p1|Diancie|\n|poke|p1|Torkoal, M|\n|poke|p2|Flutter Mane|\n|poke|p2|Chi-Yu|\n|poke|p2|Landorus-Therian, M|\n|poke|p2|Kingambit, M|\n|poke|p2|Diancie|\n|poke|p2|Amoonguss, F|\n|teampreview\n|c|\u2606spellcaster|gl hf\n|c|\u2606Papiloco|u2\n|inactive|spellcaster has 270 seconds left.\n|inactive|Papiloco has 270 seconds left.\n|inactive|spellcaster has 240 seconds left.\n|inactive|Papiloco has 240 seconds left.\n|inactive|spellcaster has 210 seconds left.\n|c|+Enzonana|VAMOS PAPIJOTO\n|\n|t:|1699729825\n|start\n|switch|p1a: Amoonguss|Amoonguss, M|100\/100\n|switch|p1b: Ursaluna|Ursaluna, M|100\/100\n|switch|p2a: Chi-Yu|Chi-Yu|100\/100\n|switch|p2b: Landorus|Landorus-Therian, M|100\/100\n|-ability|p2a: Chi-Yu|Beads of Ruin\n|-ability|p2b: Landorus|Intimidate|boost\n|-unboost|p1a: Amoonguss|atk|1\n|-unboost|p1b: Ursaluna|atk|1\n|turn|1\n|inactive|spellcaster has 270 seconds left.\n|inactive|Papiloco has 270 seconds left.\n|\n|t:|1699729862\n|-terastallize|p1a: Amoonguss|Water\n|move|p2a: Chi-Yu|Protect|p2a: Chi-Yu\n|-singleturn|p2a: Chi-Yu|Protect\n|move|p1b: Ursaluna|Protect|p1b: Ursaluna\n|-singleturn|p1b: Ursaluna|Protect\n|move|p2b: Landorus|Stealth Rock|p1a: Amoonguss\n|-sidestart|p1: spellcaster|move: Stealth Rock\n|move|p1a: Amoonguss|Spore|p2a: Chi-Yu\n|-activate|p2a: Chi-Yu|move: Protect\n|\n|-status|p1b: Ursaluna|brn|[from] item: Flame Orb\n|upkeep\n|turn|2\n|inactive|spellcaster has 270 seconds left.\n|inactive|Papiloco has 270 seconds left.\n|inactive|spellcaster has 240 seconds left.\n|inactive|Papiloco has 240 seconds left.\n|\n|t:|1699729924\n|move|p2a: Chi-Yu|Heat Wave|p1a: Amoonguss|[spread] p1a,p1b\n|-resisted|p1a: Amoonguss\n|-damage|p1a: Amoonguss|81\/100\n|-damage|p1b: Ursaluna|65\/100 brn\n|move|p2b: Landorus|U-turn|p1b: Ursaluna\n|-damage|p1b: Ursaluna|45\/100 brn\n|\n|t:|1699729931\n|switch|p2b: Amoonguss|Amoonguss, F|100\/100|[from] U-turn\n|move|p1b: Ursaluna|High Horsepower|p2a: Chi-Yu\n|-supereffective|p2a: Chi-Yu\n|-enditem|p2a: Chi-Yu|Focus Sash\n|-damage|p2a: Chi-Yu|1\/100\n|move|p1a: Amoonguss|Spore|p2b: Amoonguss\n|-immune|p2b: Amoonguss\n|\n|-damage|p1b: Ursaluna|39\/100 brn|[from] brn\n|upkeep\n|turn|3\n|inactive|spellcaster has 240 seconds left.\n|inactive|Papiloco has 240 seconds left.\n|c|+Enzonana|VI Q TE DEJASTE DE TU NOVIO\n|c|+Enzonana|BABY ME ALEGROOO\n|inactive|spellcaster has 210 seconds left.\n|inactive|Papiloco has 210 seconds left.\n|inactive|spellcaster has 180 seconds left.\n|\n|t:|1699730011\n|move|p2a: Chi-Yu|Protect|p2a: Chi-Yu\n|-singleturn|p2a: Chi-Yu|Protect\n|move|p1a: Amoonguss|Protect|p1a: Amoonguss\n|-singleturn|p1a: Amoonguss|Protect\n|move|p1b: Ursaluna|Facade|p2a: Chi-Yu\n|-activate|p2a: Chi-Yu|move: Protect\n|move|p2b: Amoonguss|Spore|p1a: Amoonguss\n|-activate|p1a: Amoonguss|move: Protect\n|\n|-damage|p1b: Ursaluna|33\/100 brn|[from] brn\n|upkeep\n|turn|4\n|inactive|Papiloco has 210 seconds left.\n|c|+Enzonana|chipinson\n|inactive|spellcaster has 180 seconds left.\n|\n|t:|1699730055\n|move|p2a: Chi-Yu|Heat Wave|p1a: Amoonguss|[spread] p1a,p1b\n|-resisted|p1a: Amoonguss\n|-damage|p1a: Amoonguss|61\/100\n|-damage|p1b: Ursaluna|0 fnt\n|faint|p1b: Ursaluna\n|move|p1a: Amoonguss|Pollen Puff|p2a: Chi-Yu\n|-damage|p2a: Chi-Yu|0 fnt\n|faint|p2a: Chi-Yu\n|move|p2b: Amoonguss|Spore|p1a: Amoonguss\n|-status|p1a: Amoonguss|slp|[from] move: Spore\n|\n|upkeep\n|inactive|spellcaster has 180 seconds left.\n|c|+Enzonana|hiiiiiiiijodesuputamadre\n|\n|t:|1699730086\n|switch|p2a: Kingambit|Kingambit, M|100\/100\n|switch|p1b: Torkoal|Torkoal, M|100\/100\n|-damage|p1b: Torkoal|75\/100|[from] Stealth Rock\n|-weather|SunnyDay|[from] ability: Drought|[of] p1b: Torkoal\n|turn|5\n|inactive|Papiloco has 210 seconds left.\n|\n|t:|1699730105\n|-terastallize|p2a: Kingambit|Fire\n|move|p2a: Kingambit|Swords Dance|p2a: Kingambit\n|-boost|p2a: Kingambit|atk|2\n|cant|p1a: Amoonguss|slp\n|move|p2b: Amoonguss|Spore|p1b: Torkoal\n|-status|p1b: Torkoal|slp|[from] move: Spore\n|cant|p1b: Torkoal|slp\n|\n|-weather|SunnyDay|[upkeep]\n|upkeep\n|turn|6\n|\n|t:|1699730124\n|switch|p2b: Diancie|Diancie|100\/100\n|move|p2a: Kingambit|Kowtow Cleave|p1a: Amoonguss\n|-damage|p1a: Amoonguss|0 fnt\n|faint|p1a: Amoonguss\n|-curestatus|p1b: Torkoal|slp|[msg]\n|move|p1b: Torkoal|Earth Power|p2a: Kingambit\n|-supereffective|p2a: Kingambit\n|-damage|p2a: Kingambit|51\/100\n|\n|-weather|SunnyDay|[upkeep]\n|upkeep\n|\n|t:|1699730134\n|switch|p1a: Diancie|Diancie|100\/100\n|-damage|p1a: Diancie|88\/100|[from] Stealth Rock\n|turn|7\n|inactive|Papiloco has 240 seconds left.\n|\n|t:|1699730167\n|switch|p1b: Indeedee|Indeedee-F, F|100\/100\n|-damage|p1b: Indeedee|88\/100|[from] Stealth Rock\n|-fieldstart|move: Psychic Terrain|[from] ability: Psychic Surge|[of] p1b: Indeedee\n|-enditem|p1b: Indeedee|Psychic Seed\n|-boost|p1b: Indeedee|spd|1|[from] item: Psychic Seed\n|move|p2a: Kingambit|Kowtow Cleave|p1a: Diancie\n|-resisted|p1a: Diancie\n|-damage|p1a: Diancie|43\/100\n|move|p2b: Diancie|Diamond Storm|p1a: Diancie|[spread] p1a,p1b\n|-damage|p1a: Diancie|17\/100\n|-damage|p1b: Indeedee|55\/100\n|-boost|p2b: Diancie|def|2\n|move|p1a: Diancie|Diamond Storm|p2b: Diancie|[spread] p2a,p2b\n|-supereffective|p2a: Kingambit\n|-crit|p2a: Kingambit\n|-damage|p2a: Kingambit|0 fnt\n|-damage|p2b: Diancie|87\/100\n|-boost|p1a: Diancie|def|2\n|faint|p2a: Kingambit\n|\n|-weather|SunnyDay|[upkeep]\n|upkeep\n|inactive|Papiloco has 210 seconds left.\n|\n|t:|1699730190\n|switch|p2a: Flutter Mane|Flutter Mane|100\/100\n|-activate|p2a: Flutter Mane|ability: Protosynthesis\n|-start|p2a: Flutter Mane|protosynthesisspe\n|turn|8\n|\n|t:|1699730202\n|move|p1b: Indeedee|Follow Me|p1b: Indeedee\n|-singleturn|p1b: Indeedee|move: Follow Me\n|move|p2a: Flutter Mane|Dazzling Gleam|p1b: Indeedee|[spread] p1a,p1b\n|-crit|p1a: Diancie\n|-damage|p1a: Diancie|0 fnt\n|-damage|p1b: Indeedee|28\/100\n|faint|p1a: Diancie\n|move|p2b: Diancie|Body Press|p1b: Indeedee\n|-damage|p1b: Indeedee|0 fnt\n|faint|p1b: Indeedee\n|\n|-weather|SunnyDay|[upkeep]\n|upkeep\n|\n|t:|1699730209\n|switch|p1b: Torkoal|Torkoal, M|75\/100\n|switch|p1a: Armarouge|Armarouge, F|100\/100\n|-damage|p1a: Armarouge|76\/100|[from] Stealth Rock\n|-damage|p1b: Torkoal|50\/100|[from] Stealth Rock\n|turn|9\n|inactive|Papiloco has 240 seconds left.\n|c|\u2606spellcaster|g g\n|\n|t:|1699730232\n|-end|p2a: Flutter Mane|Protosynthesis|[silent]\n|switch|p2a: Amoonguss|Amoonguss, F|100\/100\n|move|p2b: Diancie|Diamond Storm|p1a: Armarouge|[spread] p1a,p1b\n|-supereffective|p1a: Armarouge\n|-supereffective|p1b: Torkoal\n|-damage|p1a: Armarouge|13\/100\n|-damage|p1b: Torkoal|5\/100\n|move|p1b: Torkoal|Heat Wave|p2a: Amoonguss|[spread] p2a,p2b\n|-supereffective|p2a: Amoonguss\n|-enditem|p2a: Amoonguss|Occa Berry|[eat]\n|-enditem|p2a: Amoonguss|Occa Berry|[weaken]\n|-resisted|p2b: Diancie\n|-damage|p2a: Amoonguss|46\/100\n|-damage|p2b: Diancie|66\/100\n|move|p1a: Armarouge|Trick Room|p1a: Armarouge\n|-fieldstart|move: Trick Room|[of] p1a: Armarouge\n|\n|-weather|none\n|upkeep\n|turn|10\n|inactive|Papiloco has 240 seconds left.\n|inactive|spellcaster has 270 seconds left.\n|\n|t:|1699730263\n|switch|p2a: Flutter Mane|Flutter Mane|100\/100\n|move|p1b: Torkoal|Earth Power|p2b: Diancie\n|-supereffective|p2b: Diancie\n|-crit|p2b: Diancie\n|-damage|p2b: Diancie|4\/100\n|move|p2b: Diancie|Body Press|p1b: Torkoal\n|-damage|p1b: Torkoal|0 fnt\n|faint|p1b: Torkoal\n|move|p1a: Armarouge|Expanding Force|p2a: Flutter Mane|[spread] p2a,p2b\n|-damage|p2a: Flutter Mane|21\/100\n|-damage|p2b: Diancie|0 fnt\n|faint|p2b: Diancie\n|-damage|p1a: Armarouge|3\/100|[from] item: Life Orb\n|\n|upkeep\n|\n|t:|1699730271\n|switch|p2b: Amoonguss|Amoonguss, F|79\/100\n|turn|11\n|c|\u2606Papiloco|gg\n|inactive|Papiloco has 240 seconds left.\n|\n|t:|1699730280\n|move|p2b: Amoonguss|Pollen Puff|p1a: Armarouge\n|-damage|p1a: Armarouge|0 fnt\n|faint|p1a: Armarouge\n|\n|win|Papiloco\n","uploadtime":1699730281,"views":99,"p1id":"spellcaster","p2id":"papiloco","formatid":"gen9doublesou","rating":0,"private":0,"password":""}