{"id":"smogtours-gen9doublesou-726704","p1":"Xrn","p2":"Nails","format":"[Gen 9] Doubles OU","log":"|inactive|Battle timer is ON: inactive players will automatically lose when time's up.\n|t:|1698371260\n|gametype|doubles\n|player|p1|Xrn|#scl3platoon|\n|player|p2|Nails|#scl2terrors|\n|teamsize|p1|6\n|teamsize|p2|6\n|gen|9\n|tier|[Gen 9] Doubles OU\n|rule|Species Clause: Limit one of each Pok\u00e9mon\n|rule|OHKO Clause: OHKO moves are banned\n|rule|Evasion Moves Clause: Evasion moves are banned\n|rule|Gravity Sleep Clause: The combination of sleep-inducing moves with imperfect accuracy and Gravity or Gigantamax Orbeetle are banned\n|rule|Endless Battle Clause: Forcing endless battles is banned\n|rule|HP Percentage Mod: HP is shown in percentages\n|clearpoke\n|poke|p1|Iron Hands|\n|poke|p1|Ogerpon-Wellspring, F|\n|poke|p1|Heatran, F|\n|poke|p1|Tornadus, M|\n|poke|p1|Amoonguss, M|\n|poke|p1|Gholdengo|\n|poke|p2|Armarouge, M|\n|poke|p2|Indeedee-F, F|\n|poke|p2|Diancie|\n|poke|p2|Iron Hands|\n|poke|p2|Flutter Mane|\n|poke|p2|Ogerpon-Wellspring, F|\n|teampreview\n|inactive|Xrn also wants the timer to be on.\n|c|\u2606Nails|hf\n|raw|<div class=\"broadcast-red\"><strong>Moderated chat was set to \u2606!<\/strong><br \/>Only users of rank \u2606 and higher can talk.<\/div>\n|c|\u2606Xrn|u2\n|inactive|Xrn has 270 seconds left.\n|inactive|Nails has 270 seconds left.\n|inactive|Xrn has 240 seconds left.\n|inactive|Nails has 240 seconds left.\n|inactive|Xrn has 210 seconds left.\n|inactive|Nails has 210 seconds left.\n|inactive|Xrn has 180 seconds left.\n|\n|t:|1698371386\n|start\n|switch|p1a: detonate|Gholdengo|100\/100\n|switch|p1b: c2.0|Iron Hands|100\/100\n|switch|p2a: ryancie|Diancie, shiny|100\/100\n|switch|p2b: xav-wellspring|Ogerpon-Wellspring, F|100\/100\n|turn|1\n|inactive|Xrn has 240 seconds left.\n|inactive|Nails has 270 seconds left.\n|inactive|Nails has 240 seconds left.\n|inactive|Xrn has 210 seconds left.\n|inactive|Nails has 210 seconds left.\n|inactive|Nails has 180 seconds left.\n|\n|t:|1698371505\n|switch|p2a: imgeengee|Indeedee-F, F|100\/100\n|-fieldstart|move: Psychic Terrain|[from] ability: Psychic Surge|[of] p2a: imgeengee\n|move|p2b: xav-wellspring|Ivy Cudgel|p1a: detonate\n|-damage|p1a: detonate|47\/100\n|move|p1a: detonate|Nasty Plot|p1a: detonate\n|-boost|p1a: detonate|spa|2\n|move|p1b: c2.0|Volt Switch|p2b: xav-wellspring\n|-damage|p2b: xav-wellspring|89\/100\n|inactive|Xrn has 180 seconds left.\n|\n|t:|1698371548\n|-end|p1b: c2.0|Quark Drive|[silent]\n|switch|p1b: anthems|Ogerpon-Wellspring, F|100\/100|[from] Volt Switch\n|\n|-heal|p1a: detonate|53\/100|[from] item: Leftovers\n|upkeep\n|turn|2\n|inactive|Xrn has 180 seconds left.\n|inactive|Nails has 180 seconds left.\n|inactive|Xrn has 150 seconds left.\n|\n|t:|1698371601\n|-terastallize|p1a: detonate|Dragon\n|move|p1b: anthems|Horn Leech|p2a: imgeengee\n|-damage|p2a: imgeengee|57\/100\n|move|p2b: xav-wellspring|U-turn|p1b: anthems\n|-supereffective|p1b: anthems\n|-damage|p1b: anthems|30\/100\n|inactive|Nails has 180 seconds left.\n|\n|t:|1698371616\n|switch|p2b: shoddy hands|Iron Hands|100\/100|[from] U-turn\n|-enditem|p2b: shoddy hands|Psychic Seed\n|-boost|p2b: shoddy hands|spd|1|[from] item: Psychic Seed\n|move|p1a: detonate|Make It Rain|p2a: imgeengee|[spread] p2a,p2b\n|-resisted|p2b: shoddy hands\n|-damage|p2a: imgeengee|0 fnt\n|-damage|p2b: shoddy hands|76\/100\n|-unboost|p1a: detonate|spa|1\n|faint|p2a: imgeengee\n|\n|-heal|p1a: detonate|59\/100|[from] item: Leftovers\n|upkeep\n|\n|t:|1698371627\n|switch|p2a: avarice|Flutter Mane|100\/100\n|turn|3\n|inactive|Nails has 180 seconds left.\n|inactive|Xrn has 150 seconds left.\n|\n|t:|1698371682\n|switch|p1b: visions|Amoonguss, M, shiny|100\/100\n|switch|p1a: pink diamond|Heatran, F, shiny|100\/100\n|move|p2a: avarice|Dazzling Gleam|p1b: visions|[spread] p1a,p1b\n|-resisted|p1a: pink diamond\n|-resisted|p1b: visions\n|-damage|p1a: pink diamond|92\/100\n|-damage|p1b: visions|84\/100\n|move|p2b: shoddy hands|Swords Dance|p2b: shoddy hands\n|-boost|p2b: shoddy hands|atk|2\n|\n|upkeep\n|turn|4\n|inactive|Xrn has 120 seconds left.\n|inactive|Nails has 150 seconds left.\n|inactive|Xrn has 90 seconds left.\n|\n|t:|1698371748\n|-end|p2a: avarice|Protosynthesis|[silent]\n|switch|p2a: xav-wellspring|Ogerpon-Wellspring, F|89\/100\n|-terastallize|p2b: shoddy hands|Grass\n|move|p1a: pink diamond|Will-O-Wisp|p2a: xav-wellspring\n|-status|p2a: xav-wellspring|brn\n|move|p2b: shoddy hands|Drain Punch|p1a: pink diamond\n|-supereffective|p1a: pink diamond\n|-damage|p1a: pink diamond|0 fnt\n|-heal|p2b: shoddy hands|100\/100|[from] drain|[of] p1a: pink diamond\n|faint|p1a: pink diamond\n|move|p1b: visions|Spore|p2b: shoddy hands\n|-immune|p2b: shoddy hands\n|\n|-damage|p2a: xav-wellspring|83\/100 brn|[from] brn\n|upkeep\n|inactive|Xrn has 60 seconds left.\n|\n|t:|1698371796\n|switch|p1a: party 4 u|Tornadus, M, shiny|100\/100\n|turn|5\n|inactive|Nails has 150 seconds left.\n|inactive|Xrn has 60 seconds left.\n|inactive|Nails has 120 seconds left.\n|\n|t:|1698371853\n|switch|p1a: c2.0|Iron Hands|100\/100\n|move|p2a: xav-wellspring|Spiky Shield|p2a: xav-wellspring\n|-singleturn|p2a: xav-wellspring|move: Protect\n|move|p2b: shoddy hands|Thunder Punch|p1a: c2.0\n|-resisted|p1a: c2.0\n|-damage|p1a: c2.0|70\/100\n|move|p1b: visions|Clear Smog|p2b: shoddy hands\n|-supereffective|p2b: shoddy hands\n|-damage|p2b: shoddy hands|86\/100\n|-clearboost|p2b: shoddy hands\n|\n|-damage|p2a: xav-wellspring|77\/100 brn|[from] brn\n|-fieldend|move: Psychic Terrain\n|upkeep\n|turn|6\n|inactive|Xrn has 60 seconds left.\n|inactive|Nails has 120 seconds left.\n|\n|t:|1698371885\n|-end|p2b: shoddy hands|Quark Drive|[silent]\n|switch|p2b: avarice|Flutter Mane|100\/100\n|move|p2a: xav-wellspring|U-turn|p1b: visions\n|-crit|p1b: visions\n|-damage|p1b: visions|70\/100\n|\n|t:|1698371888\n|switch|p2a: shoddy hands|Iron Hands, tera:Grass|86\/100|[from] U-turn\n|move|p1a: c2.0|Drain Punch|p2b: avarice\n|-immune|p2b: avarice\n|move|p1b: visions|Spore|p2a: shoddy hands\n|-immune|p2a: shoddy hands\n|\n|upkeep\n|turn|7\n|inactive|Xrn has 60 seconds left.\n|inactive|Nails has 120 seconds left.\n|inactive|Xrn has 30 seconds left.\n|inactive|Nails has 90 seconds left.\n|\n|t:|1698371948\n|move|p2a: shoddy hands|Fake Out|p1b: visions\n|-damage|p1b: visions|58\/100\n|move|p2b: avarice|Shadow Ball|p1b: visions\n|-damage|p1b: visions|10\/100\n|-enditem|p1b: visions|Sitrus Berry|[eat]\n|-heal|p1b: visions|35\/100|[from] item: Sitrus Berry\n|move|p1a: c2.0|Heavy Slam|p2b: avarice\n|-supereffective|p2b: avarice\n|-damage|p2b: avarice|0 fnt\n|faint|p2b: avarice\n|-end|p2b: avarice|Protosynthesis|[silent]\n|cant|p1b: visions|flinch\n|\n|upkeep\n|\n|t:|1698371954\n|switch|p2b: armarozes|Armarouge, M|100\/100\n|turn|8\n|inactive|Nails has 90 seconds left.\n|inactive|Nails has 60 seconds left.\n|\n|t:|1698372014\n|switch|p1b: party 4 u|Tornadus, M, shiny|100\/100\n|move|p1a: c2.0|Volt Switch|p2a: shoddy hands\n|-resisted|p2a: shoddy hands\n|-damage|p2a: shoddy hands|81\/100\n|\n|t:|1698372022\n|-end|p1a: c2.0|Quark Drive|[silent]\n|switch|p1a: visions|Amoonguss, M, shiny|68\/100|[from] Volt Switch\n|move|p2b: armarozes|Expanding Force|p1b: party 4 u\n|-damage|p1b: party 4 u|37\/100\n|-damage|p2b: armarozes|91\/100|[from] item: Life Orb\n|move|p2a: shoddy hands|Thunder Punch|p1a: visions\n|-resisted|p1a: visions\n|-damage|p1a: visions|50\/100\n|\n|upkeep\n|turn|9\n|inactive|Nails has 60 seconds left.\n|\n|t:|1698372063\n|move|p2b: armarozes|Protect|p2b: armarozes\n|-singleturn|p2b: armarozes|Protect\n|move|p1b: party 4 u|Tailwind|p1b: party 4 u\n|-sidestart|p1: Xrn|move: Tailwind\n|move|p1a: visions|Spore|p2b: armarozes\n|-activate|p2b: armarozes|move: Protect\n|move|p2a: shoddy hands|Thunder Punch|p1b: party 4 u\n|-supereffective|p1b: party 4 u\n|-damage|p1b: party 4 u|0 fnt\n|faint|p1b: party 4 u\n|\n|upkeep\n|inactive|Xrn has 30 seconds left.\n|inactive|Xrn has 20 seconds left.\n|\n|t:|1698372084\n|switch|p1b: detonate|Gholdengo, tera:Dragon|59\/100\n|turn|10\n|inactive|Nails has 60 seconds left.\n|inactive|Nails has 30 seconds left.\n|inactive|Nails has 20 seconds left.\n|inactive|Nails has 15 seconds left.\n|\n|t:|1698372137\n|switch|p2b: xav-wellspring|Ogerpon-Wellspring, F|77\/100 brn\n|move|p1b: detonate|Nasty Plot|p1b: detonate\n|-boost|p1b: detonate|spa|2\n|move|p1a: visions|Spore|p2b: xav-wellspring\n|-immune|p2b: xav-wellspring\n|move|p2a: shoddy hands|Drain Punch|p1b: detonate\n|-damage|p1b: detonate|20\/100\n|-heal|p2a: shoddy hands|97\/100|[from] drain|[of] p1b: detonate\n|\n|-heal|p1b: detonate|26\/100|[from] item: Leftovers\n|-damage|p2b: xav-wellspring|71\/100 brn|[from] brn\n|upkeep\n|turn|11\n|inactive|Xrn has 60 seconds left.\n|inactive|Nails has 30 seconds left.\n|inactive|Nails has 20 seconds left.\n|inactive|Nails has 15 seconds left.\n|inactive|Nails has 10 seconds left.\n|inactive|Xrn has 30 seconds left.\n|inactive|Xrn has 20 seconds left.\n|\n|t:|1698372184\n|move|p2b: xav-wellspring|Follow Me|p2b: xav-wellspring\n|-singleturn|p2b: xav-wellspring|move: Follow Me\n|move|p1b: detonate|Nasty Plot|p1b: detonate\n|-boost|p1b: detonate|spa|2\n|move|p1a: visions|Pollen Puff|p2b: xav-wellspring\n|-supereffective|p2b: xav-wellspring\n|-damage|p2b: xav-wellspring|38\/100 brn\n|move|p2a: shoddy hands|Drain Punch|p1b: detonate\n|-damage|p1b: detonate|0 fnt\n|-heal|p2a: shoddy hands|100\/100|[from] drain|[of] p1b: detonate\n|faint|p1b: detonate\n|\n|-damage|p2b: xav-wellspring|32\/100 brn|[from] brn\n|upkeep\n|inactive|Xrn has 25 seconds left this turn.\n|inactive|Nails has 15 seconds left this turn.\n|inactive|Xrn has 20 seconds left.\n|inactive|Xrn has 15 seconds left.\n|inactive|Xrn has 10 seconds left.\n|\n|t:|1698372199\n|switch|p1b: c2.0|Iron Hands|70\/100\n|turn|12\n|inactive|Xrn has 30 seconds left.\n|inactive|Xrn has 20 seconds left.\n|\n|t:|1698372214\n|move|p2b: xav-wellspring|Spiky Shield|p2b: xav-wellspring\n|-singleturn|p2b: xav-wellspring|move: Protect\n|move|p1b: c2.0|Drain Punch|p2a: shoddy hands\n|-damage|p2a: shoddy hands|75\/100\n|-heal|p1b: c2.0|84\/100|[from] drain|[of] p2a: shoddy hands\n|move|p1a: visions|Pollen Puff|p2a: shoddy hands\n|-supereffective|p2a: shoddy hands\n|-damage|p2a: shoddy hands|43\/100\n|move|p2a: shoddy hands|Swords Dance|p2a: shoddy hands\n|-boost|p2a: shoddy hands|atk|2\n|\n|-damage|p2b: xav-wellspring|25\/100 brn|[from] brn\n|-sideend|p1: Xrn|move: Tailwind\n|upkeep\n|turn|13\n|inactive|Xrn has 30 seconds left.\n|\n|t:|1698372235\n|move|p2b: xav-wellspring|U-turn|p1a: visions\n|-damage|p1a: visions|40\/100\n|\n|t:|1698372241\n|switch|p2b: ryancie|Diancie, shiny|100\/100|[from] U-turn\n|move|p1b: c2.0|Drain Punch|p2a: shoddy hands\n|-damage|p2a: shoddy hands|17\/100\n|-heal|p1b: c2.0|98\/100|[from] drain|[of] p2a: shoddy hands\n|move|p2a: shoddy hands|Drain Punch|p1a: visions\n|-resisted|p1a: visions\n|-damage|p1a: visions|7\/100\n|-heal|p2a: shoddy hands|32\/100|[from] drain|[of] p1a: visions\n|move|p1a: visions|Clear Smog|p2a: shoddy hands\n|-supereffective|p2a: shoddy hands\n|-damage|p2a: shoddy hands|8\/100\n|-clearboost|p2a: shoddy hands\n|\n|upkeep\n|turn|14\n|inactive|Nails has 60 seconds left.\n|inactive|Nails has 30 seconds left.\n|inactive|Xrn has 30 seconds left.\n|inactive|Xrn has 20 seconds left.\n|inactive|Xrn has 15 seconds left.\n|\n|t:|1698372300\n|move|p2b: ryancie|Protect|p2b: ryancie\n|-singleturn|p2b: ryancie|Protect\n|move|p1b: c2.0|Drain Punch|p2a: shoddy hands\n|-crit|p2a: shoddy hands\n|-damage|p2a: shoddy hands|0 fnt\n|-heal|p1b: c2.0|100\/100|[from] drain|[of] p2a: shoddy hands\n|faint|p2a: shoddy hands\n|-end|p2a: shoddy hands|Quark Drive|[silent]\n|move|p1a: visions|Spore|p2b: ryancie\n|-activate|p2b: ryancie|move: Protect\n|\n|upkeep\n|inactive|Xrn has 20 seconds left this turn.\n|inactive|Nails has 30 seconds left.\n|inactive|Nails has 20 seconds left.\n|inactive|Nails has 15 seconds left.\n|\n|t:|1698372321\n|switch|p2a: armarozes|Armarouge, M|91\/100\n|turn|15\n|inactive|Nails has 30 seconds left.\n|inactive|Xrn has 30 seconds left.\n|inactive|Nails has 20 seconds left.\n|inactive|Nails has 15 seconds left.\n|inactive|Nails has 10 seconds left.\n|inactive|Nails has 5 seconds left.\n|\n|t:|1698372356\n|move|p2b: ryancie|Protect||[still]\n|-fail|p2b: ryancie\n|move|p1b: c2.0|Heavy Slam|p2b: ryancie\n|-supereffective|p2b: ryancie\n|-damage|p2b: ryancie|0 fnt\n|faint|p2b: ryancie\n|move|p2a: armarozes|Expanding Force|p1a: visions\n|-supereffective|p1a: visions\n|-damage|p1a: visions|0 fnt\n|faint|p1a: visions\n|-damage|p2a: armarozes|81\/100|[from] item: Life Orb\n|\n|upkeep\n|inactive|Nails has 30 seconds left this turn.\n|\n|t:|1698372361\n|switch|p2b: xav-wellspring|Ogerpon-Wellspring, F|25\/100 brn\n|switch|p1a: anthems|Ogerpon-Wellspring, F|30\/100\n|turn|16\n|inactive|Xrn has 60 seconds left.\n|inactive|Nails has 30 seconds left.\n|inactive|Nails has 20 seconds left.\n|inactive|Nails has 15 seconds left.\n|inactive|Nails has 10 seconds left.\n|\n|t:|1698372409\n|move|p1a: anthems|Spiky Shield|p1a: anthems\n|-singleturn|p1a: anthems|move: Protect\n|move|p2b: xav-wellspring|Follow Me|p2b: xav-wellspring\n|-singleturn|p2b: xav-wellspring|move: Follow Me\n|move|p1b: c2.0|Drain Punch|p2b: xav-wellspring\n|-damage|p2b: xav-wellspring|0 fnt\n|faint|p2b: xav-wellspring\n|move|p2a: armarozes|Expanding Force|p1a: anthems\n|-activate|p1a: anthems|move: Protect\n|\n|upkeep\n|turn|17\n|inactive|Nails has 30 seconds left.\n|c|\u2606Xrn|gg\n|\n|t:|1698372417\n|move|p1a: anthems|Ivy Cudgel|p2a: armarozes\n|-supereffective|p2a: armarozes\n|-damage|p2a: armarozes|0 fnt\n|faint|p2a: armarozes\n|\n|win|Xrn\n|c|\u2606Nails|gg\n|player|p1|Xrn|#scl3platoon\n","uploadtime":1698372418,"views":567,"p1id":"xrn","p2id":"nails","formatid":"gen9doublesou","rating":0,"private":0,"password":""}