{"id":"smogtours-gen9doublesou-730361","p1":"the JRL","p2":"eragon11145","format":"[Gen 9] Doubles OU","log":"|inactive|Battle timer is ON: inactive players will automatically lose when time's up.\n|t:|1699821261\n|gametype|doubles\n|player|p1|the JRL|#scl3islanders2|\n|player|p2|eragon11145|#dwcopiii|\n|teamsize|p1|6\n|teamsize|p2|6\n|gen|9\n|tier|[Gen 9] Doubles OU\n|rule|Species Clause: Limit one of each Pok\u00e9mon\n|rule|OHKO Clause: OHKO moves are banned\n|rule|Evasion Moves Clause: Evasion moves are banned\n|rule|Gravity Sleep Clause: The combination of sleep-inducing moves with imperfect accuracy and Gravity or Gigantamax Orbeetle are banned\n|rule|Endless Battle Clause: Forcing endless battles is banned\n|rule|HP Percentage Mod: HP is shown in percentages\n|clearpoke\n|poke|p1|Ursaluna-Bloodmoon, M|\n|poke|p1|Ogerpon-Hearthflame, F|\n|poke|p1|Torkoal, F|\n|poke|p1|Iron Hands|\n|poke|p1|Cresselia, F|\n|poke|p1|Walking Wake|\n|poke|p2|Chi-Yu|\n|poke|p2|Iron Hands|\n|poke|p2|Roaring Moon|\n|poke|p2|Flutter Mane|\n|poke|p2|Landorus-Therian, M|\n|poke|p2|Ogerpon-Wellspring, F|\n|teampreview\n|inactive|eragon11145 also wants the timer to be on.\n|c|\u2606eragon11145|glhf\n|c|+Ash KetchumGamer|is this scl\n|inactive|the JRL has 270 seconds left.\n|inactive|eragon11145 has 270 seconds left.\n|c|+Xrn|no\n|c|\u2606the JRL|U2\n|c|+Ash KetchumGamer|ty\n|c|+LpZ IV|np\n|inactive|the JRL has 240 seconds left.\n|c|+Feen|i got yelled at cuz I tagged here in our scl team\n|c|\u2606eragon11145|goat\n|inactive|the JRL has 210 seconds left.\n|inactive|the JRL has 180 seconds left.\n|inactive|the JRL has 150 seconds left.\n|\n|t:|1699821428\n|start\n|switch|p1a: Ogerpon|Ogerpon-Hearthflame, F|100\/100\n|switch|p1b: Iron Hands|Iron Hands|100\/100\n|switch|p2a: Chi-Yu|Chi-Yu|100\/100\n|switch|p2b: Iron Hands|Iron Hands|100\/100\n|-ability|p1a: Ogerpon|Mold Breaker\n|-ability|p2a: Chi-Yu|Beads of Ruin\n|turn|1\n|inactive|the JRL has 210 seconds left.\n|inactive|the JRL has 180 seconds left.\n|inactive|the JRL has 150 seconds left.\n|c|+IoSonoNeon|LpZ IV\n|c|+IoSonoNeon|my father\n|\n|t:|1699821511\n|-end|p1b: Iron Hands|Quark Drive|[silent]\n|switch|p1b: Walking Wake|Walking Wake|100\/100\n|move|p1a: Ogerpon|Spiky Shield|p1a: Ogerpon\n|-singleturn|p1a: Ogerpon|move: Protect\n|move|p2b: Iron Hands|Fake Out|p1b: Walking Wake\n|-damage|p1b: Walking Wake|85\/100\n|move|p2a: Chi-Yu|Nasty Plot|p2a: Chi-Yu\n|-boost|p2a: Chi-Yu|spa|2\n|\n|upkeep\n|turn|2\n|inactive|the JRL has 150 seconds left.\n|inactive|the JRL has 120 seconds left.\n|\n|t:|1699821565\n|-end|p2b: Iron Hands|Quark Drive|[silent]\n|switch|p2b: Ogerpon|Ogerpon-Wellspring, F|100\/100\n|-terastallize|p1a: Ogerpon|Fire\n|detailschange|p1a: Ogerpon|Ogerpon-Hearthflame-Tera, F, tera:Fire\n|-ability|p1a: Ogerpon|Embody Aspect (Hearthflame)|boost\n|-boost|p1a: Ogerpon|atk|1\n|move|p2a: Chi-Yu|Protect|p2a: Chi-Yu\n|-singleturn|p2a: Chi-Yu|Protect\n|move|p1a: Ogerpon|Ivy Cudgel|p2b: Ogerpon\n|-damage|p2b: Ogerpon|8\/100\n|move|p1b: Walking Wake|Hydro Steam|p2b: Ogerpon\n|-heal|p2b: Ogerpon|33\/100|[from] ability: Water Absorb|[of] p1b: Walking Wake\n|\n|upkeep\n|turn|3\n|inactive|the JRL has 120 seconds left.\n|inactive|eragon11145 has 270 seconds left.\n|inactive|the JRL has 90 seconds left.\n|\n|t:|1699821615\n|-end|p1b: Walking Wake|Protosynthesis|[silent]\n|switch|p1b: Iron Hands|Iron Hands|100\/100\n|-terastallize|p2a: Chi-Yu|Poison\n|move|p1a: Ogerpon|Spiky Shield|p1a: Ogerpon\n|-singleturn|p1a: Ogerpon|move: Protect\n|move|p2b: Ogerpon|Follow Me|p2b: Ogerpon\n|-singleturn|p2b: Ogerpon|move: Follow Me\n|move|p2a: Chi-Yu|Dark Pulse|p1a: Ogerpon\n|-activate|p1a: Ogerpon|move: Protect\n|\n|upkeep\n|turn|4\n|inactive|the JRL has 90 seconds left.\n|\n|t:|1699821661\n|switch|p2b: Landorus|Landorus-Therian, M|100\/100\n|-ability|p2b: Landorus|Intimidate|boost\n|-unboost|p1a: Ogerpon|atk|1\n|-unboost|p1b: Iron Hands|atk|1\n|move|p2a: Chi-Yu|Protect|p2a: Chi-Yu\n|-singleturn|p2a: Chi-Yu|Protect\n|move|p1b: Iron Hands|Fake Out|p2a: Chi-Yu\n|-activate|p2a: Chi-Yu|move: Protect\n|move|p1a: Ogerpon|Ivy Cudgel|p2b: Landorus\n|-damage|p2b: Landorus|21\/100\n|\n|upkeep\n|turn|5\n|inactive|the JRL has 90 seconds left.\n|inactive|the JRL has 60 seconds left.\n|inactive|the JRL has 30 seconds left.\n|\n|t:|1699821727\n|move|p1a: Ogerpon|Spiky Shield|p1a: Ogerpon\n|-singleturn|p1a: Ogerpon|move: Protect\n|move|p2b: Landorus|Stomping Tantrum|p1a: Ogerpon\n|-activate|p1a: Ogerpon|move: Protect\n|-damage|p2b: Landorus|9\/100|[from] Spiky Shield|[of] p1a: Ogerpon\n|move|p2a: Chi-Yu|Heat Wave|p1a: Ogerpon|[spread] p1b\n|-activate|p1a: Ogerpon|move: Protect\n|-damage|p1b: Iron Hands|43\/100\n|-damage|p2a: Chi-Yu|91\/100|[from] item: Life Orb\n|move|p1b: Iron Hands|Close Combat|p2b: Landorus\n|-resisted|p2b: Landorus\n|-damage|p2b: Landorus|0 fnt\n|-unboost|p1b: Iron Hands|def|1\n|-unboost|p1b: Iron Hands|spd|1\n|faint|p2b: Landorus\n|\n|upkeep\n|inactive|eragon11145 has 270 seconds left.\n|\n|t:|1699821739\n|switch|p2b: Roaring Moon|Roaring Moon|100\/100\n|-enditem|p2b: Roaring Moon|Booster Energy\n|-activate|p2b: Roaring Moon|ability: Protosynthesis|[fromitem]\n|-start|p2b: Roaring Moon|protosynthesisspe\n|turn|6\n|inactive|the JRL has 30 seconds left.\n|\n|t:|1699821777\n|switch|p1a: Walking Wake|Walking Wake|85\/100\n|move|p2b: Roaring Moon|Breaking Swipe|p1b: Iron Hands|[spread] p1a,p1b\n|-supereffective|p1a: Walking Wake\n|-damage|p1a: Walking Wake|45\/100\n|-damage|p1b: Iron Hands|23\/100\n|-unboost|p1a: Walking Wake|atk|1\n|-unboost|p1b: Iron Hands|atk|1\n|move|p2a: Chi-Yu|Heat Wave|p1b: Iron Hands|[spread] p1b\n|-miss|p2a: Chi-Yu|p1a: Walking Wake\n|-damage|p1b: Iron Hands|0 fnt\n|faint|p1b: Iron Hands\n|-end|p1b: Iron Hands|Quark Drive|[silent]\n|-damage|p2a: Chi-Yu|81\/100|[from] item: Life Orb\n|\n|upkeep\n|inactive|the JRL has 30 seconds left this turn.\n|inactive|the JRL has 20 seconds left.\n|inactive|the JRL has 15 seconds left.\n|inactive|the JRL has 10 seconds left.\n|\n|t:|1699821802\n|switch|p1b: Torkoal|Torkoal, F|100\/100\n|-weather|SunnyDay|[from] ability: Drought|[of] p1b: Torkoal\n|-activate|p1a: Walking Wake|ability: Protosynthesis\n|-start|p1a: Walking Wake|protosynthesisspe\n|turn|7\n|inactive|the JRL has 30 seconds left.\n|inactive|the JRL has 20 seconds left.\n|\n|t:|1699821822\n|move|p2b: Roaring Moon|Tailwind|p2b: Roaring Moon\n|-sidestart|p2: eragon11145|move: Tailwind\n|move|p1a: Walking Wake|Dragon Pulse|p2b: Roaring Moon\n|-supereffective|p2b: Roaring Moon\n|-damage|p2b: Roaring Moon|0 fnt\n|faint|p2b: Roaring Moon\n|-end|p2b: Roaring Moon|Protosynthesis|[silent]\n|-damage|p1a: Walking Wake|35\/100|[from] item: Life Orb\n|move|p2a: Chi-Yu|Heat Wave|p1b: Torkoal|[spread] p1a,p1b\n|-resisted|p1a: Walking Wake\n|-crit|p1a: Walking Wake\n|-resisted|p1b: Torkoal\n|-damage|p1a: Walking Wake|0 fnt\n|-damage|p1b: Torkoal|0 fnt\n|faint|p1a: Walking Wake\n|-end|p1a: Walking Wake|Protosynthesis|[silent]\n|faint|p1b: Torkoal\n|-damage|p2a: Chi-Yu|71\/100|[from] item: Life Orb\n|\n|-weather|SunnyDay|[upkeep]\n|upkeep\n|inactive|the JRL has 30 seconds left.\n|\n|t:|1699821843\n|switch|p2b: Flutter Mane|Flutter Mane|100\/100\n|switch|p1a: Cresselia|Cresselia, F|100\/100\n|switch|p1b: Ogerpon|Ogerpon-Hearthflame-Tera, F, tera:Fire|100\/100\n|-activate|p2b: Flutter Mane|ability: Protosynthesis\n|-start|p2b: Flutter Mane|protosynthesisspe\n|-ability|p1b: Ogerpon|Embody Aspect (Hearthflame)|boost\n|-boost|p1b: Ogerpon|atk|1\n|turn|8\n|\n|t:|1699821861\n|move|p2b: Flutter Mane|Dazzling Gleam|p1a: Cresselia|[spread] p1a,p1b\n|-resisted|p1b: Ogerpon\n|-crit|p1b: Ogerpon\n|-damage|p1a: Cresselia|70\/100\n|-damage|p1b: Ogerpon|56\/100\n|move|p2a: Chi-Yu|Heat Wave|p1a: Cresselia|[spread] p1a,p1b\n|-resisted|p1b: Ogerpon\n|-damage|p1a: Cresselia|0 fnt\n|-damage|p1b: Ogerpon|0 fnt\n|faint|p1a: Cresselia\n|faint|p1b: Ogerpon\n|-damage|p2a: Chi-Yu|61\/100|[from] item: Life Orb\n|\n|-weather|SunnyDay|[upkeep]\n|upkeep\n|c|\u2606eragon11145|gg\n|inactive|the JRL has 30 seconds left.\n|\n|t:|1699821874\n|switch|p1a: Ursaluna|Ursaluna-Bloodmoon, M|100\/100\n|turn|9\n|\n|t:|1699821878\n|move|p2b: Flutter Mane|Dazzling Gleam|p1a: Ursaluna\n|-damage|p1a: Ursaluna|14\/100\n|move|p2a: Chi-Yu|Dark Pulse|p1a: Ursaluna\n|-damage|p1a: Ursaluna|0 fnt\n|faint|p1a: Ursaluna\n|-damage|p2a: Chi-Yu|51\/100|[from] item: Life Orb\n|\n|win|eragon11145\n|c|\u2606the JRL|gg\n","uploadtime":1699821879,"views":110,"p1id":"thejrl","p2id":"eragon11145","formatid":"gen9doublesou","rating":0,"private":0,"password":""}