{"id":"smogtours-gen9doublesou-729607","p1":"munkidori fan","p2":"MichaelderBeste2","format":"[Gen 9] Doubles OU","log":"|inactive|Battle timer is ON: inactive players will automatically lose when time's up.\n|t:|1699560813\n|gametype|doubles\n|player|p1|munkidori fan|101|\n|player|p2|MichaelderBeste2|#wcop2023germany|\n|teamsize|p1|6\n|teamsize|p2|6\n|gen|9\n|tier|[Gen 9] Doubles OU\n|rule|Species Clause: Limit one of each Pok\u00e9mon\n|rule|OHKO Clause: OHKO moves are banned\n|rule|Evasion Moves Clause: Evasion moves are banned\n|rule|Gravity Sleep Clause: The combination of sleep-inducing moves with imperfect accuracy and Gravity or Gigantamax Orbeetle are banned\n|rule|Endless Battle Clause: Forcing endless battles is banned\n|rule|HP Percentage Mod: HP is shown in percentages\n|clearpoke\n|poke|p1|Tornadus, M|\n|poke|p1|Gholdengo|\n|poke|p1|Regidrago|\n|poke|p1|Rillaboom, F|\n|poke|p1|Volcanion|\n|poke|p1|Landorus-Therian, M|\n|poke|p2|Flutter Mane|\n|poke|p2|Armarouge, M|\n|poke|p2|Ogerpon-Wellspring, F|\n|poke|p2|Ursaluna, M|\n|poke|p2|Iron Hands|\n|poke|p2|Indeedee-F, F|\n|teampreview\n|c|\u2606MichaelderBeste2|hf\n|c|\u2606munkidori fan|u2\n|inactive|munkidori fan has 270 seconds left.\n|inactive|MichaelderBeste2 has 270 seconds left.\n|inactive|MichaelderBeste2 has 240 seconds left.\n|inactive|MichaelderBeste2 has 210 seconds left.\n|c|+Yoda2798|go MichaealderBestie\n|\n|t:|1699560908\n|start\n|switch|p1a: Landorus|Landorus-Therian, M|100\/100\n|switch|p1b: Regidrago|Regidrago|100\/100\n|switch|p2a: Iron Hands|Iron Hands|100\/100\n|switch|p2b: Armarouge|Armarouge, M|100\/100\n|-ability|p1a: Landorus|Intimidate|boost\n|-unboost|p2a: Iron Hands|atk|1\n|-unboost|p2b: Armarouge|atk|1\n|turn|1\n|inactive|MichaelderBeste2 has 270 seconds left.\n|\n|t:|1699560935\n|move|p2a: Iron Hands|Fake Out|p1b: Regidrago\n|-damage|p1b: Regidrago|89\/100\n|cant|p1b: Regidrago|flinch\n|move|p1a: Landorus|U-turn|p2b: Armarouge\n|-damage|p2b: Armarouge|76\/100\n|\n|t:|1699560945\n|switch|p1a: Hotlinebling|Gholdengo|100\/100|[from] U-turn\n|move|p2b: Armarouge|Trick Room|p2b: Armarouge\n|-fieldstart|move: Trick Room|[of] p2b: Armarouge\n|\n|upkeep\n|turn|2\n|c|+frania \u2654|\ud83e\udde0\ud83e\udd2f\n|\n|t:|1699560970\n|-end|p2a: Iron Hands|Quark Drive|[silent]\n|switch|p2a: Indeedee|Indeedee-F, F|100\/100\n|-fieldstart|move: Psychic Terrain|[from] ability: Psychic Surge|[of] p2a: Indeedee\n|move|p1a: Hotlinebling|Protect|p1a: Hotlinebling\n|-singleturn|p1a: Hotlinebling|Protect\n|move|p1b: Regidrago|Protect|p1b: Regidrago\n|-singleturn|p1b: Regidrago|Protect\n|move|p2b: Armarouge|Expanding Force|p1b: Regidrago|[spread] \n|-activate|p1a: Hotlinebling|move: Protect\n|-activate|p1b: Regidrago|move: Protect\n|\n|upkeep\n|turn|3\n|\n|t:|1699560987\n|switch|p1a: Rillaboom|Rillaboom, F|100\/100\n|-fieldstart|move: Grassy Terrain|[from] ability: Grassy Surge|[of] p1a: Rillaboom\n|move|p2b: Armarouge|Armor Cannon|p1a: Rillaboom\n|-supereffective|p1a: Rillaboom\n|-damage|p1a: Rillaboom|4\/100\n|-unboost|p2b: Armarouge|def|1\n|-unboost|p2b: Armarouge|spd|1\n|move|p2a: Indeedee|Psychic|p1b: Regidrago\n|-damage|p1b: Regidrago|58\/100\n|move|p1b: Regidrago|Dragon Energy|p2b: Armarouge|[spread] p2a,p2b\n|-damage|p2a: Indeedee|52\/100\n|-damage|p2b: Armarouge|0 fnt\n|faint|p2b: Armarouge\n|\n|-heal|p2a: Indeedee|58\/100|[from] Grassy Terrain\n|-heal|p1a: Rillaboom|10\/100|[from] Grassy Terrain\n|-heal|p1b: Regidrago|64\/100|[from] Grassy Terrain\n|upkeep\n|\n|t:|1699561005\n|switch|p2b: Iron Hands|Iron Hands|100\/100\n|turn|4\n|\n|t:|1699561021\n|switch|p2a: Flutter Mane|Flutter Mane|100\/100\n|switch|p1a: Landorus|Landorus-Therian, M|100\/100\n|-ability|p1a: Landorus|Intimidate|boost\n|-unboost|p2a: Flutter Mane|atk|1\n|-unboost|p2b: Iron Hands|atk|1\n|move|p1b: Regidrago|Protect|p1b: Regidrago\n|-singleturn|p1b: Regidrago|Protect\n|move|p2b: Iron Hands|Swords Dance|p2b: Iron Hands\n|-boost|p2b: Iron Hands|atk|2\n|\n|-heal|p1b: Regidrago|71\/100|[from] Grassy Terrain\n|upkeep\n|turn|5\n|inactive|munkidori fan has 270 seconds left.\n|\n|t:|1699561066\n|switch|p1b: Rillaboom|Rillaboom, F|10\/100\n|move|p2b: Iron Hands|Drain Punch|p1b: Rillaboom\n|-damage|p1b: Rillaboom|0 fnt\n|faint|p1b: Rillaboom\n|move|p1a: Landorus|Stomping Tantrum|p2b: Iron Hands\n|-supereffective|p2b: Iron Hands\n|-damage|p2b: Iron Hands|47\/100\n|-enditem|p2b: Iron Hands|Sitrus Berry|[eat]\n|-heal|p2b: Iron Hands|72\/100|[from] item: Sitrus Berry\n|move|p2a: Flutter Mane|Moonblast|p1a: Landorus\n|-damage|p1a: Landorus|30\/100\n|-unboost|p1a: Landorus|spa|1\n|-enditem|p1a: Landorus|Sitrus Berry|[eat]\n|-heal|p1a: Landorus|55\/100|[from] item: Sitrus Berry\n|\n|-heal|p2b: Iron Hands|79\/100|[from] Grassy Terrain\n|-fieldend|move: Trick Room\n|upkeep\n|\n|t:|1699561094\n|switch|p1b: Hotlinebling|Gholdengo|100\/100\n|turn|6\n|\n|t:|1699561114\n|switch|p1a: Volcanion|Volcanion|100\/100\n|move|p1b: Hotlinebling|Protect|p1b: Hotlinebling\n|-singleturn|p1b: Hotlinebling|Protect\n|move|p2a: Flutter Mane|Moonblast|p1a: Volcanion\n|-resisted|p1a: Volcanion\n|-damage|p1a: Volcanion|70\/100\n|move|p2b: Iron Hands|Fire Punch|p1b: Hotlinebling\n|-activate|p1b: Hotlinebling|move: Protect\n|\n|-heal|p1a: Volcanion|76\/100|[from] Grassy Terrain\n|-heal|p2b: Iron Hands|85\/100|[from] Grassy Terrain\n|upkeep\n|turn|7\n|inactive|munkidori fan has 270 seconds left.\n|\n|t:|1699561139\n|move|p2a: Flutter Mane|Moonblast|p1b: Hotlinebling\n|-resisted|p1b: Hotlinebling\n|-damage|p1b: Hotlinebling|62\/100\n|-unboost|p1b: Hotlinebling|spa|1\n|move|p1b: Hotlinebling|Nasty Plot|p1b: Hotlinebling\n|-boost|p1b: Hotlinebling|spa|2\n|move|p1a: Volcanion|Haze|p1a: Volcanion\n|-clearallboost\n|move|p2b: Iron Hands|Fire Punch|p1b: Hotlinebling\n|-supereffective|p1b: Hotlinebling\n|-damage|p1b: Hotlinebling|9\/100\n|\n|-heal|p1b: Hotlinebling|16\/100|[from] Grassy Terrain\n|-heal|p1a: Volcanion|82\/100|[from] Grassy Terrain\n|-heal|p2b: Iron Hands|91\/100|[from] Grassy Terrain\n|-fieldend|move: Grassy Terrain\n|upkeep\n|turn|8\n|c|\u2606munkidori fan|im dumb lol\n|inactive|munkidori fan has 270 seconds left.\n|\n|t:|1699561166\n|move|p2a: Flutter Mane|Moonblast|p1b: Hotlinebling\n|-resisted|p1b: Hotlinebling\n|-crit|p1b: Hotlinebling\n|-damage|p1b: Hotlinebling|0 fnt\n|faint|p1b: Hotlinebling\n|move|p1a: Volcanion|Will-O-Wisp|p2b: Iron Hands\n|-status|p2b: Iron Hands|brn\n|move|p2b: Iron Hands|Drain Punch|p1a: Volcanion\n|-damage|p1a: Volcanion|67\/100\n|-heal|p2b: Iron Hands|96\/100 brn|[from] drain|[of] p1a: Volcanion\n|\n|-damage|p2b: Iron Hands|90\/100 brn|[from] brn\n|upkeep\n|\n|t:|1699561183\n|switch|p1b: Regidrago|Regidrago|71\/100\n|turn|9\n|inactive|munkidori fan has 270 seconds left.\n|\n|t:|1699561202\n|-end|p2b: Iron Hands|Quark Drive|[silent]\n|switch|p2b: Ogerpon|Ogerpon-Wellspring, F|100\/100\n|move|p1b: Regidrago|Protect|p1b: Regidrago\n|-singleturn|p1b: Regidrago|Protect\n|move|p2a: Flutter Mane|Moonblast|p1b: Regidrago\n|-activate|p1b: Regidrago|move: Protect\n|move|p1a: Volcanion|Heat Wave|p2a: Flutter Mane|[spread] p2a,p2b\n|-damage|p2a: Flutter Mane|71\/100\n|-damage|p2b: Ogerpon|66\/100\n|\n|upkeep\n|turn|10\n|inactive|munkidori fan has 270 seconds left.\n|\n|t:|1699561226\n|switch|p1b: Tornadus|Tornadus, M|100\/100\n|move|p2a: Flutter Mane|Moonblast|p1b: Tornadus\n|-damage|p1b: Tornadus|42\/100\n|move|p2b: Ogerpon|Power Whip|p1a: Volcanion\n|-damage|p1a: Volcanion|14\/100\n|move|p1a: Volcanion|Heat Wave|p2b: Ogerpon|[spread] \n|-miss|p1a: Volcanion|p2a: Flutter Mane\n|-miss|p1a: Volcanion|p2b: Ogerpon\n|\n|upkeep\n|turn|11\n|inactive|MichaelderBeste2 has 270 seconds left.\n|inactive|MichaelderBeste2 has 240 seconds left.\n|inactive|MichaelderBeste2 has 210 seconds left.\n|inactive|MichaelderBeste2 has 180 seconds left.\n|\n|t:|1699561366\n|move|p1b: Tornadus|Tailwind|p1b: Tornadus\n|-sidestart|p1: munkidori fan|move: Tailwind\n|move|p2a: Flutter Mane|Moonblast|p1a: Volcanion\n|-resisted|p1a: Volcanion\n|-damage|p1a: Volcanion|0 fnt\n|faint|p1a: Volcanion\n|move|p2b: Ogerpon|Ivy Cudgel|p1b: Tornadus\n|-damage|p1b: Tornadus|0 fnt\n|faint|p1b: Tornadus\n|\n|upkeep\n|\n|t:|1699561372\n|switch|p1b: Regidrago|Regidrago|71\/100\n|switch|p1a: Landorus|Landorus-Therian, M|55\/100\n|-ability|p1a: Landorus|Intimidate|boost\n|-unboost|p2a: Flutter Mane|atk|1\n|-unboost|p2b: Ogerpon|atk|1\n|turn|12\n|inactive|MichaelderBeste2 has 180 seconds left.\n|\n|t:|1699561393\n|-terastallize|p1b: Regidrago|Steel\n|-terastallize|p2b: Ogerpon|Water\n|detailschange|p2b: Ogerpon|Ogerpon-Wellspring-Tera, F, tera:Water\n|-ability|p2b: Ogerpon|Embody Aspect (Wellspring)|boost\n|-boost|p2b: Ogerpon|spd|1\n|move|p2b: Ogerpon|Follow Me|p2b: Ogerpon\n|-singleturn|p2b: Ogerpon|move: Follow Me\n|move|p1b: Regidrago|Dragon Energy|p2a: Flutter Mane|[spread] p2b\n|-immune|p2a: Flutter Mane\n|-crit|p2b: Ogerpon\n|-damage|p2b: Ogerpon|0 fnt\n|faint|p2b: Ogerpon\n|move|p1a: Landorus|Stomping Tantrum|p2a: Flutter Mane\n|-damage|p2a: Flutter Mane|5\/100\n|move|p2a: Flutter Mane|Moonblast|p1a: Landorus\n|-damage|p1a: Landorus|0 fnt\n|faint|p1a: Landorus\n|\n|upkeep\n|\n|t:|1699561417\n|switch|p2b: Iron Hands|Iron Hands|90\/100 brn\n|turn|13\n|\n|t:|1699561429\n|-end|p2a: Flutter Mane|Protosynthesis|[silent]\n|switch|p2a: Ursaluna|Ursaluna, M|100\/100\n|move|p2b: Iron Hands|Fake Out|p1b: Regidrago\n|-resisted|p1b: Regidrago\n|-damage|p1b: Regidrago|66\/100\n|cant|p1b: Regidrago|flinch\n|\n|-damage|p2b: Iron Hands|84\/100 brn|[from] brn\n|-status|p2a: Ursaluna|brn|[from] item: Flame Orb\n|upkeep\n|turn|14\n|\n|t:|1699561441\n|move|p2a: Ursaluna|Protect|p2a: Ursaluna\n|-singleturn|p2a: Ursaluna|Protect\n|move|p1b: Regidrago|Draco Meteor|p2a: Ursaluna\n|-activate|p2a: Ursaluna|move: Protect\n|move|p2b: Iron Hands|Drain Punch|p1b: Regidrago\n|-supereffective|p1b: Regidrago\n|-damage|p1b: Regidrago|22\/100\n|-heal|p2b: Iron Hands|100\/100 brn|[from] drain|[of] p1b: Regidrago\n|\n|-damage|p2b: Iron Hands|94\/100 brn|[from] brn\n|-damage|p2a: Ursaluna|94\/100 brn|[from] brn\n|-sideend|p1: munkidori fan|move: Tailwind\n|upkeep\n|turn|15\n|\n|t:|1699561449\n|move|p1b: Regidrago|Draco Meteor|p2a: Ursaluna|[miss]\n|-miss|p1b: Regidrago|p2a: Ursaluna\n|move|p2b: Iron Hands|Drain Punch|p1b: Regidrago\n|-supereffective|p1b: Regidrago\n|-damage|p1b: Regidrago|0 fnt\n|-heal|p2b: Iron Hands|100\/100 brn|[from] drain|[of] p1b: Regidrago\n|faint|p1b: Regidrago\n|\n|win|MichaelderBeste2\n|c|\u2606MichaelderBeste2|gg\n|c|\u2606munkidori fan|gg\n","uploadtime":1699561450,"views":164,"p1id":"munkidorifan","p2id":"michaelderbeste2","formatid":"gen9doublesou","rating":0,"private":0,"password":""}