{"id":"smogtours-gen9doublesou-732753","p1":"Eragon11145","p2":"Akaru Kokuyo\u3075\u308f","format":"[Gen 9] Doubles OU","log":"|inactive|Battle timer is ON: inactive players will automatically lose when time's up.\n|t:|1701028522\n|gametype|doubles\n|player|p1|Eragon11145|#dwcopiii|\n|player|p2|Akaru Kokuyo\u3075\u308f|#bssplviiidavesdragonairs|\n|teamsize|p1|6\n|teamsize|p2|6\n|gen|9\n|tier|[Gen 9] Doubles OU\n|rule|Species Clause: Limit one of each Pok\u00e9mon\n|rule|OHKO Clause: OHKO moves are banned\n|rule|Evasion Moves Clause: Evasion moves are banned\n|rule|Gravity Sleep Clause: The combination of sleep-inducing moves with imperfect accuracy and Gravity or Gigantamax Orbeetle are banned\n|rule|Endless Battle Clause: Forcing endless battles is banned\n|rule|HP Percentage Mod: HP is shown in percentages\n|clearpoke\n|poke|p1|Indeedee-F, F|\n|poke|p1|Chi-Yu|\n|poke|p1|Tornadus, M|\n|poke|p1|Flutter Mane|\n|poke|p1|Landorus-Therian, M|\n|poke|p1|Ogerpon-Wellspring, F|\n|poke|p2|Landorus-Therian, M|\n|poke|p2|Ogerpon-Wellspring, F|\n|poke|p2|Heatran, M|\n|poke|p2|Flutter Mane|\n|poke|p2|Amoonguss, F|\n|poke|p2|Iron Hands|\n|teampreview\n|inactive|Eragon11145 also wants the timer to be on.\n|c|+Ann Nonima|La pr\u00f3xima avisa :punch:\n|c|\u2606Akaru Kokuyo\u3075\u308f|Wey te acabo de mandar el link JAJAJA\n|c|+Ann Nonima|Ah sorry JAHAJ\n|inactive|Eragon11145 has 270 seconds left.\n|inactive|Akaru Kokuyo\u3075\u308f has 270 seconds left.\n|c|\u2606Akaru Kokuyo\u3075\u308f|glhf\n|c|\u2606Eragon11145|glhf bro\n|c|+edgar|go eragon!\n|c|+longestbanana|WOOOOOOOOO LETS GO ERAGON\n|inactive|Akaru Kokuyo\u3075\u308f has 240 seconds left.\n|inactive|Eragon11145 has 240 seconds left.\n|inactive|Akaru Kokuyo\u3075\u308f has 210 seconds left.\n|\n|t:|1701028621\n|start\n|switch|p1a: Landorus|Landorus-Therian, M|100\/100\n|switch|p1b: Chi-Yu|Chi-Yu|100\/100\n|switch|p2a: Landorus|Landorus-Therian, M|100\/100\n|switch|p2b: Heatran|Heatran, M|100\/100\n|-ability|p1a: Landorus|Intimidate|boost\n|-unboost|p2a: Landorus|atk|1\n|-unboost|p2b: Heatran|atk|1\n|-ability|p2a: Landorus|Intimidate|boost\n|-unboost|p1a: Landorus|atk|1\n|-unboost|p1b: Chi-Yu|atk|1\n|-ability|p1b: Chi-Yu|Beads of Ruin\n|turn|1\n|c|+Pissog|GO ERAGON\n|inactive|Akaru Kokuyo\u3075\u308f has 270 seconds left.\n|inactive|Eragon11145 has 270 seconds left.\n|\n|t:|1701028663\n|move|p1b: Chi-Yu|Protect|p1b: Chi-Yu\n|-singleturn|p1b: Chi-Yu|Protect\n|move|p1a: Landorus|Stomping Tantrum|p2b: Heatran\n|-supereffective|p2b: Heatran\n|-enditem|p2b: Heatran|Shuca Berry|[eat]\n|-enditem|p2b: Heatran|Shuca Berry|[weaken]\n|-damage|p2b: Heatran|51\/100\n|move|p2a: Landorus|U-turn|p1a: Landorus\n|-resisted|p1a: Landorus\n|-damage|p1a: Landorus|89\/100\n|inactive|Akaru Kokuyo\u3075\u308f has 270 seconds left.\n|\n|t:|1701028672\n|switch|p2a: Ogerpon|Ogerpon-Wellspring, F|100\/100|[from] U-turn\n|move|p2b: Heatran|Heat Wave|p1a: Landorus|[spread] p1a\n|-activate|p1b: Chi-Yu|move: Protect\n|-damage|p1a: Landorus|24\/100\n|\n|upkeep\n|turn|2\n|c|+lunarr|What this for?\n|c|\u2606Eragon11145|fun\n|c|\u2606Akaru Kokuyo\u3075\u308f|fun\n|c|+lunarr|Fire..\n|c|+Pissog|italian pl\n|inactive|Akaru Kokuyo\u3075\u308f has 270 seconds left.\n|c|+Pissog|(very fun tbh)\n|\n|t:|1701028711\n|switch|p1a: Tornadus|Tornadus, M|100\/100\n|switch|p1b: Ogerpon|Ogerpon-Wellspring, F|100\/100\n|switch|p2b: Landorus|Landorus-Therian, M|100\/100\n|-ability|p2b: Landorus|Intimidate|boost\n|-unboost|p1a: Tornadus|atk|1\n|-unboost|p1b: Ogerpon|atk|1\n|move|p2a: Ogerpon|Swords Dance|p2a: Ogerpon\n|-boost|p2a: Ogerpon|atk|2\n|\n|upkeep\n|turn|3\n|c|+Wesqii|its for the minecraft survival showdown\n|inactive|Akaru Kokuyo\u3075\u308f has 270 seconds left.\n|\n|t:|1701028738\n|switch|p2b: Iron Hands|Iron Hands|100\/100\n|move|p2a: Ogerpon|Spiky Shield|p2a: Ogerpon\n|-singleturn|p2a: Ogerpon|move: Protect\n|move|p1a: Tornadus|Tailwind|p1a: Tornadus\n|-sidestart|p1: Eragon11145|move: Tailwind\n|move|p1b: Ogerpon|Encore|p2a: Ogerpon\n|-activate|p2a: Ogerpon|move: Protect\n|\n|upkeep\n|turn|4\n|\n|t:|1701028753\n|switch|p1a: Indeedee|Indeedee-F, F|100\/100\n|-fieldstart|move: Psychic Terrain|[from] ability: Psychic Surge|[of] p1a: Indeedee\n|move|p2b: Iron Hands|Fake Out|p1b: Ogerpon\n|-activate|p1b: Ogerpon|move: Psychic Terrain\n|move|p1b: Ogerpon|Encore|p2a: Ogerpon\n|-start|p2a: Ogerpon|Encore\n|move|p2a: Ogerpon|Spiky Shield||[still]\n|-fail|p2a: Ogerpon\n|\n|upkeep\n|turn|5\n|inactive|Eragon11145 has 270 seconds left.\n|inactive|Akaru Kokuyo\u3075\u308f has 270 seconds left.\n|\n|t:|1701028800\n|switch|p1b: Landorus|Landorus-Therian, M|24\/100\n|-ability|p1b: Landorus|Intimidate|boost\n|-unboost|p2a: Ogerpon|atk|1\n|-unboost|p2b: Iron Hands|atk|1\n|switch|p2a: Heatran|Heatran, M|51\/100\n|move|p1a: Indeedee|Psychic|p2b: Iron Hands\n|-supereffective|p2b: Iron Hands\n|-damage|p2b: Iron Hands|66\/100\n|move|p2b: Iron Hands|Volt Switch|p1b: Landorus\n|-immune|p1b: Landorus\n|\n|upkeep\n|turn|6\n|\n|t:|1701028818\n|-end|p2b: Iron Hands|Quark Drive|[silent]\n|switch|p2b: Landorus|Landorus-Therian, M|100\/100\n|-ability|p2b: Landorus|Intimidate|boost\n|-unboost|p1a: Indeedee|atk|1\n|-unboost|p1b: Landorus|atk|1\n|move|p1b: Landorus|Stomping Tantrum|p2a: Heatran\n|-supereffective|p2a: Heatran\n|-damage|p2a: Heatran|0 fnt\n|faint|p2a: Heatran\n|move|p1a: Indeedee|Heal Pulse|p1b: Landorus\n|-heal|p1b: Landorus|74\/100\n|\n|-sideend|p1: Eragon11145|move: Tailwind\n|upkeep\n|inactive|Akaru Kokuyo\u3075\u308f has 270 seconds left.\n|\n|t:|1701028831\n|switch|p2a: Flutter Mane|Flutter Mane|100\/100\n|turn|7\n|\n|t:|1701028859\n|move|p1b: Landorus|Stomping Tantrum|p2a: Flutter Mane\n|-damage|p2a: Flutter Mane|50\/100\n|move|p2b: Landorus|U-turn|p1b: Landorus\n|-resisted|p1b: Landorus\n|-damage|p1b: Landorus|57\/100\n|\n|t:|1701028868\n|switch|p2b: Amoonguss|Amoonguss, F|100\/100|[from] U-turn\n|move|p2a: Flutter Mane|Dazzling Gleam|p1b: Landorus|[spread] p1a,p1b\n|-crit|p1b: Landorus\n|-damage|p1a: Indeedee|62\/100\n|-damage|p1b: Landorus|0 fnt\n|faint|p1b: Landorus\n|move|p1a: Indeedee|Heal Pulse|p1: Landorus|[notarget]\n|-fail|p1a: Indeedee\n|\n|upkeep\n|c|\u2606Eragon11145|f\n|\n|t:|1701028877\n|switch|p1b: Chi-Yu|Chi-Yu|100\/100\n|-ability|p1b: Chi-Yu|Beads of Ruin\n|-enditem|p1b: Chi-Yu|Psychic Seed\n|-boost|p1b: Chi-Yu|spd|1|[from] item: Psychic Seed\n|turn|8\n|\n|t:|1701028891\n|move|p1a: Indeedee|Follow Me|p1a: Indeedee\n|-singleturn|p1a: Indeedee|move: Follow Me\n|move|p2a: Flutter Mane|Dazzling Gleam|p1a: Indeedee|[spread] p1a,p1b\n|-damage|p1a: Indeedee|10\/100\n|-damage|p1b: Chi-Yu|75\/100\n|move|p1b: Chi-Yu|Nasty Plot|p1b: Chi-Yu\n|-boost|p1b: Chi-Yu|spa|2\n|move|p2b: Amoonguss|Spore|p1a: Indeedee\n|-activate|p1a: Indeedee|item: Safety Goggles|Spore\n|\n|-fieldend|move: Psychic Terrain\n|upkeep\n|turn|9\n|inactive|Eragon11145 has 270 seconds left.\n|inactive|Akaru Kokuyo\u3075\u308f has 270 seconds left.\n|\n|t:|1701028929\n|switch|p1a: Ogerpon|Ogerpon-Wellspring, F|100\/100\n|-terastallize|p1b: Chi-Yu|Grass\n|-terastallize|p2b: Amoonguss|Dragon\n|move|p2a: Flutter Mane|Dazzling Gleam|p1a: Ogerpon|[spread] p1a,p1b\n|-damage|p1a: Ogerpon|53\/100\n|-damage|p1b: Chi-Yu|45\/100\n|move|p1b: Chi-Yu|Heat Wave|p2a: Flutter Mane|[spread] p2a,p2b\n|-resisted|p2b: Amoonguss\n|-damage|p2a: Flutter Mane|0 fnt\n|-damage|p2b: Amoonguss|66\/100\n|faint|p2a: Flutter Mane\n|-end|p2a: Flutter Mane|Protosynthesis|[silent]\n|move|p2b: Amoonguss|Spore|p1b: Chi-Yu\n|-immune|p1b: Chi-Yu\n|\n|upkeep\n|inactive|Akaru Kokuyo\u3075\u308f has 270 seconds left.\n|\n|t:|1701028944\n|switch|p2a: Landorus|Landorus-Therian, M|100\/100\n|-ability|p2a: Landorus|Intimidate|boost\n|-unboost|p1a: Ogerpon|atk|1\n|-unboost|p1b: Chi-Yu|atk|1\n|turn|10\n|inactive|Akaru Kokuyo\u3075\u308f has 270 seconds left.\n|\n|t:|1701028975\n|switch|p2b: Iron Hands|Iron Hands|66\/100\n|move|p1a: Ogerpon|Follow Me|p1a: Ogerpon\n|-singleturn|p1a: Ogerpon|move: Follow Me\n|move|p2a: Landorus|U-turn|p1a: Ogerpon\n|-supereffective|p1a: Ogerpon\n|-damage|p1a: Ogerpon|7\/100\n|\n|t:|1701028981\n|switch|p2a: Amoonguss|Amoonguss, F, tera:Dragon|99\/100|[from] U-turn\n|move|p1b: Chi-Yu|Dark Pulse|p2b: Iron Hands\n|-resisted|p2b: Iron Hands\n|-damage|p2b: Iron Hands|39\/100\n|\n|upkeep\n|turn|11\n|inactive|Akaru Kokuyo\u3075\u308f has 270 seconds left.\n|\n|t:|1701029000\n|switch|p1a: Indeedee|Indeedee-F, F|10\/100\n|-fieldstart|move: Psychic Terrain|[from] ability: Psychic Surge|[of] p1a: Indeedee\n|move|p2b: Iron Hands|Fake Out|p1b: Chi-Yu\n|-activate|p1b: Chi-Yu|move: Psychic Terrain\n|move|p1b: Chi-Yu|Heat Wave|p2b: Iron Hands|[spread] p2a,p2b\n|-resisted|p2a: Amoonguss\n|-damage|p2a: Amoonguss|65\/100\n|-damage|p2b: Iron Hands|0 fnt\n|faint|p2b: Iron Hands\n|-end|p2b: Iron Hands|Quark Drive|[silent]\n|move|p2a: Amoonguss|Pollen Puff|p2: Iron Hands|[notarget]\n|-fail|p2a: Amoonguss\n|\n|upkeep\n|\n|t:|1701029008\n|switch|p2b: Ogerpon|Ogerpon-Wellspring, F|100\/100\n|turn|12\n|\n|t:|1701029027\n|move|p1a: Indeedee|Follow Me|p1a: Indeedee\n|-singleturn|p1a: Indeedee|move: Follow Me\n|move|p2b: Ogerpon|Horn Leech|p1a: Indeedee\n|-damage|p1a: Indeedee|0 fnt\n|faint|p1a: Indeedee\n|move|p1b: Chi-Yu|Dark Pulse|p2a: Amoonguss\n|-damage|p2a: Amoonguss|0 fnt\n|faint|p2a: Amoonguss\n|\n|upkeep\n|\n|t:|1701029034\n|switch|p1a: Tornadus|Tornadus, M|100\/100\n|switch|p2a: Landorus|Landorus-Therian, M|100\/100\n|-ability|p2a: Landorus|Intimidate|boost\n|-unboost|p1a: Tornadus|atk|1\n|-unboost|p1b: Chi-Yu|atk|1\n|turn|13\n|c|\u2606Akaru Kokuyo\u3075\u308f|Gg\n|c|\u2606Eragon11145|gg\n|\n|t:|1701029044\n|move|p1a: Tornadus|Tailwind|p1a: Tornadus\n|-sidestart|p1: Eragon11145|move: Tailwind\n|move|p1b: Chi-Yu|Dark Pulse|p2a: Landorus\n|-damage|p2a: Landorus|0 fnt\n|faint|p2a: Landorus\n|move|p2b: Ogerpon|Horn Leech|p1b: Chi-Yu\n|-resisted|p1b: Chi-Yu\n|-damage|p1b: Chi-Yu|26\/100\n|\n|upkeep\n|turn|14\n|\n|t:|1701029051\n|move|p1a: Tornadus|Icy Wind|p2b: Ogerpon\n|-damage|p2b: Ogerpon|75\/100\n|-unboost|p2b: Ogerpon|spe|1\n|move|p1b: Chi-Yu|Dark Pulse|p2b: Ogerpon\n|-damage|p2b: Ogerpon|0 fnt\n|faint|p2b: Ogerpon\n|\n|win|Eragon11145\n|c|+longestbanana|LETS GOOO ERAGOAT \n","uploadtime":1701029052,"views":69,"p1id":"eragon11145","p2id":"akarukokuyo","formatid":"gen9doublesou","rating":0,"private":0,"password":""}