{"id":"smogtours-gen9doublesou-724178","p1":"GuitarheroVGC","p2":"Flying Beagle","format":"[Gen 9] Doubles OU","log":"|inactive|Battle timer is ON: inactive players will automatically lose when time's up.\n|t:|1697400709\n|gametype|doubles\n|player|p1|GuitarheroVGC|kimonogirl|\n|player|p2|Flying Beagle|tateandliza-gen3|\n|teamsize|p1|6\n|teamsize|p2|6\n|gen|9\n|tier|[Gen 9] Doubles OU\n|rule|Species Clause: Limit one of each Pok\u00e9mon\n|rule|OHKO Clause: OHKO moves are banned\n|rule|Evasion Moves Clause: Evasion moves are banned\n|rule|Gravity Sleep Clause: The combination of sleep-inducing moves with imperfect accuracy and Gravity or Gigantamax Orbeetle are banned\n|rule|Endless Battle Clause: Forcing endless battles is banned\n|rule|HP Percentage Mod: HP is shown in percentages\n|clearpoke\n|poke|p1|Mew|\n|poke|p1|Ursaluna-Bloodmoon, M|\n|poke|p1|Iron Hands|\n|poke|p1|Chi-Yu|\n|poke|p1|Landorus-Therian, M|\n|poke|p1|Sinistcha-Masterpiece|\n|poke|p2|Arcanine-Hisui, M|\n|poke|p2|Tornadus, M|\n|poke|p2|Ogerpon-Wellspring, F|\n|poke|p2|Landorus-Therian, M|\n|poke|p2|Rillaboom, M|\n|poke|p2|Iron Hands|\n|teampreview\n|c|\u2606Flying Beagle|gl hf!\n|c|\u2606GuitarheroVGC|glhf \n|inactive|GuitarheroVGC has 270 seconds left.\n|inactive|Flying Beagle has 270 seconds left.\n|inactive|Flying Beagle has 240 seconds left.\n|\n|t:|1697400776\n|start\n|switch|p1a: Mew|Mew, shiny|100\/100\n|switch|p1b: Ursaluna|Ursaluna-Bloodmoon, M|100\/100\n|switch|p2a: Landorus|Landorus-Therian, M|100\/100\n|switch|p2b: Rillaboom|Rillaboom, M|100\/100\n|-ability|p2a: Landorus|Intimidate|boost\n|-unboost|p1a: Mew|atk|1\n|-unboost|p1b: Ursaluna|atk|1\n|-fieldstart|move: Grassy Terrain|[from] ability: Grassy Surge|[of] p2b: Rillaboom\n|turn|1\n|inactive|GuitarheroVGC has 270 seconds left.\n|inactive|Flying Beagle has 270 seconds left.\n|\n|t:|1697400812\n|-terastallize|p1b: Ursaluna|Normal\n|move|p2a: Landorus|Stealth Rock|p1b: Ursaluna\n|-sidestart|p1: GuitarheroVGC|move: Stealth Rock\n|move|p2b: Rillaboom|Wood Hammer|p1b: Ursaluna\n|-damage|p1b: Ursaluna|54\/100\n|-damage|p2b: Rillaboom|83\/100|[from] Recoil\n|move|p1b: Ursaluna|Blood Moon|p2b: Rillaboom\n|-damage|p2b: Rillaboom|17\/100\n|move|p1a: Mew|Trick Room|p1a: Mew\n|-fieldstart|move: Trick Room|[of] p1a: Mew\n|\n|-heal|p1b: Ursaluna|60\/100|[from] Grassy Terrain\n|-heal|p2b: Rillaboom|24\/100|[from] Grassy Terrain\n|upkeep\n|turn|2\n|inactive|Flying Beagle has 270 seconds left.\n|\n|t:|1697400858\n|switch|p2b: Windie|Arcanine-Hisui, M|100\/100\n|-ability|p2b: Windie|Intimidate|boost\n|-unboost|p1a: Mew|atk|1\n|-unboost|p1b: Ursaluna|atk|1\n|move|p1b: Ursaluna|Hyper Voice|p2a: Landorus|[spread] p2a,p2b\n|-resisted|p2b: Windie\n|-damage|p2a: Landorus|53\/100\n|-damage|p2b: Windie|71\/100\n|move|p1a: Mew|Pollen Puff|p1b: Ursaluna\n|-heal|p1b: Ursaluna|100\/100\n|move|p2a: Landorus|Taunt|p1a: Mew\n|-start|p1a: Mew|move: Taunt\n|\n|-heal|p2b: Windie|77\/100|[from] Grassy Terrain\n|upkeep\n|turn|3\n|inactive|Flying Beagle has 270 seconds left.\n|inactive|Flying Beagle has 240 seconds left.\n|\n|t:|1697400901\n|switch|p2b: Tornadus|Tornadus, M|100\/100\n|move|p1a: Mew|Vacuum Wave|p1b: Ursaluna\n|-supereffective|p1b: Ursaluna\n|-damage|p1b: Ursaluna|82\/100\n|-enditem|p1b: Ursaluna|Weakness Policy\n|-boost|p1b: Ursaluna|atk|2|[from] item: Weakness Policy\n|-boost|p1b: Ursaluna|spa|2|[from] item: Weakness Policy\n|move|p1b: Ursaluna|Earth Power|p2b: Tornadus\n|-immune|p2b: Tornadus\n|move|p2a: Landorus|Stomping Tantrum|p1b: Ursaluna\n|-damage|p1b: Ursaluna|54\/100\n|\n|-heal|p1b: Ursaluna|60\/100|[from] Grassy Terrain\n|upkeep\n|turn|4\n|inactive|Flying Beagle has 240 seconds left.\n|\n|t:|1697400948\n|move|p2b: Tornadus|Protect|p2b: Tornadus\n|-singleturn|p2b: Tornadus|Protect\n|move|p1b: Ursaluna|Hyper Voice|p2b: Tornadus|[spread] p2a\n|-activate|p2b: Tornadus|move: Protect\n|-damage|p2a: Landorus|0 fnt\n|faint|p2a: Landorus\n|move|p1a: Mew|Pollen Puff|p1b: Ursaluna\n|-heal|p1b: Ursaluna|100\/100\n|\n|upkeep\n|inactive|Flying Beagle has 210 seconds left.\n|inactive|Flying Beagle has 180 seconds left.\n|\n|t:|1697400998\n|switch|p2a: Iron Hands|Iron Hands|100\/100\n|turn|5\n|\n|t:|1697401008\n|-terastallize|p2a: Iron Hands|Grass\n|move|p1b: Ursaluna|Earth Power|p2a: Iron Hands\n|-resisted|p2a: Iron Hands\n|-damage|p2a: Iron Hands|70\/100\n|move|p2a: Iron Hands|Close Combat|p1b: Ursaluna\n|-supereffective|p1b: Ursaluna\n|-damage|p1b: Ursaluna|9\/100\n|-unboost|p2a: Iron Hands|def|1\n|-unboost|p2a: Iron Hands|spd|1\n|move|p1a: Mew|Pollen Puff|p1b: Ursaluna\n|-heal|p1b: Ursaluna|59\/100\n|move|p2b: Tornadus|Bleakwind Storm|p1a: Mew|[spread] p1a,p1b\n|-damage|p1a: Mew|77\/100\n|-damage|p1b: Ursaluna|20\/100\n|\n|-heal|p1b: Ursaluna|26\/100|[from] Grassy Terrain\n|-heal|p2a: Iron Hands|76\/100|[from] Grassy Terrain\n|-heal|p1a: Mew|83\/100|[from] Grassy Terrain\n|-end|p1a: Mew|move: Taunt\n|-fieldend|move: Trick Room\n|-fieldend|move: Grassy Terrain\n|upkeep\n|turn|6\n|inactive|Flying Beagle has 210 seconds left.\n|inactive|Flying Beagle has 180 seconds left.\n|\n|t:|1697401060\n|move|p1b: Ursaluna|Protect|p1b: Ursaluna\n|-singleturn|p1b: Ursaluna|Protect\n|move|p2b: Tornadus|Taunt|p1a: Mew\n|-start|p1a: Mew|move: Taunt\n|move|p2a: Iron Hands|Close Combat|p1b: Ursaluna\n|-activate|p1b: Ursaluna|move: Protect\n|cant|p1a: Mew|move: Taunt|Trick Room\n|\n|upkeep\n|turn|7\n|inactive|Flying Beagle has 180 seconds left.\n|\n|t:|1697401074\n|move|p2b: Tornadus|Tailwind|p2b: Tornadus\n|-sidestart|p2: Flying Beagle|move: Tailwind\n|move|p2a: Iron Hands|Close Combat|p1b: Ursaluna\n|-supereffective|p1b: Ursaluna\n|-damage|p1b: Ursaluna|0 fnt\n|-unboost|p2a: Iron Hands|def|1\n|-unboost|p2a: Iron Hands|spd|1\n|faint|p1b: Ursaluna\n|move|p1a: Mew|Pollen Puff|p2a: Iron Hands\n|-supereffective|p2a: Iron Hands\n|-damage|p2a: Iron Hands|38\/100\n|\n|upkeep\n|c|+frania \u2654|scl?\n|c|\u2606Flying Beagle|ssnl\n|\n|t:|1697401087\n|switch|p1b: Iron Hands|Iron Hands|100\/100\n|-damage|p1b: Iron Hands|94\/100|[from] Stealth Rock\n|turn|8\n|inactive|Flying Beagle has 180 seconds left.\n|\n|t:|1697401132\n|-end|p2a: Iron Hands|Quark Drive|[silent]\n|switch|p2a: Windie|Arcanine-Hisui, M|77\/100\n|-ability|p2a: Windie|Intimidate|boost\n|-unboost|p1a: Mew|atk|1\n|-unboost|p1b: Iron Hands|atk|1\n|move|p2b: Tornadus|Bleakwind Storm|p1a: Mew|[spread] p1a,p1b\n|-damage|p1a: Mew|57\/100\n|-damage|p1b: Iron Hands|73\/100\n|-unboost|p1b: Iron Hands|spe|1\n|move|p1a: Mew|Pollen Puff|p2a: Windie\n|-resisted|p2a: Windie\n|-damage|p2a: Windie|67\/100\n|move|p1b: Iron Hands|Wild Charge|p2b: Tornadus\n|-supereffective|p2b: Tornadus\n|-enditem|p2b: Tornadus|Focus Sash\n|-damage|p2b: Tornadus|1\/100\n|-damage|p1b: Iron Hands|58\/100|[from] Recoil\n|\n|-end|p1a: Mew|move: Taunt\n|upkeep\n|turn|9\n|inactive|Flying Beagle has 180 seconds left.\n|inactive|Flying Beagle has 150 seconds left.\n|\n|t:|1697401192\n|move|p1a: Mew|Vacuum Wave|p2b: Tornadus\n|-resisted|p2b: Tornadus\n|-damage|p2b: Tornadus|0 fnt\n|faint|p2b: Tornadus\n|move|p2a: Windie|Flare Blitz|p1b: Iron Hands\n|-damage|p1b: Iron Hands|2\/100\n|-damage|p2a: Windie|41\/100|[from] Recoil\n|move|p1b: Iron Hands|Close Combat|p2a: Windie\n|-supereffective|p2a: Windie\n|-damage|p2a: Windie|0 fnt\n|-unboost|p1b: Iron Hands|def|1\n|-unboost|p1b: Iron Hands|spd|1\n|faint|p2a: Windie\n|\n|upkeep\n|inactive|Flying Beagle has 120 seconds left.\n|\n|t:|1697401233\n|switch|p2b: Rillaboom|Rillaboom, M|24\/100\n|switch|p2a: Ogerpon|Ogerpon-Wellspring, F|100\/100\n|-fieldstart|move: Grassy Terrain|[from] ability: Grassy Surge|[of] p2b: Rillaboom\n|turn|10\n|inactive|Flying Beagle has 120 seconds left.\n|\n|t:|1697401242\n|move|p2a: Ogerpon|Swords Dance|p2a: Ogerpon\n|-boost|p2a: Ogerpon|atk|2\n|move|p2b: Rillaboom|Wood Hammer|p1a: Mew\n|-damage|p1a: Mew|0 fnt\n|faint|p1a: Mew\n|-damage|p2b: Rillaboom|3\/100|[from] Recoil\n|move|p1b: Iron Hands|Close Combat|p2b: Rillaboom\n|-damage|p2b: Rillaboom|0 fnt\n|-unboost|p1b: Iron Hands|def|1\n|-unboost|p1b: Iron Hands|spd|1\n|faint|p2b: Rillaboom\n|\n|-heal|p1b: Iron Hands|9\/100|[from] Grassy Terrain\n|-sideend|p2: Flying Beagle|move: Tailwind\n|upkeep\n|\n|t:|1697401253\n|switch|p2b: Iron Hands|Iron Hands, tera:Grass|38\/100\n|switch|p1a: Landorus|Landorus-Therian, M|100\/100\n|-damage|p1a: Landorus|88\/100|[from] Stealth Rock\n|-ability|p1a: Landorus|Intimidate|boost\n|-unboost|p2a: Ogerpon|atk|1\n|-unboost|p2b: Iron Hands|atk|1\n|turn|11\n|inactive|Flying Beagle has 150 seconds left.\n|\n|t:|1697401273\n|move|p2b: Iron Hands|Fake Out|p1a: Landorus\n|-damage|p1a: Landorus|75\/100\n|cant|p1a: Landorus|flinch\n|move|p2a: Ogerpon|Swords Dance|p2a: Ogerpon\n|-boost|p2a: Ogerpon|atk|2\n|move|p1b: Iron Hands|Close Combat|p2b: Iron Hands\n|-damage|p2b: Iron Hands|4\/100\n|-unboost|p1b: Iron Hands|def|1\n|-unboost|p1b: Iron Hands|spd|1\n|\n|-heal|p2b: Iron Hands|11\/100|[from] Grassy Terrain\n|-heal|p1b: Iron Hands|15\/100|[from] Grassy Terrain\n|upkeep\n|turn|12\n|inactive|Flying Beagle has 150 seconds left.\n|inactive|Flying Beagle has 120 seconds left.\n|\n|t:|1697401326\n|-end|p1b: Iron Hands|Quark Drive|[silent]\n|switch|p1b: Sinistcha|Sinistcha-Masterpiece|100\/100\n|-damage|p1b: Sinistcha|88\/100|[from] Stealth Rock\n|-heal|p1a: Landorus|99\/100|[from] ability: Hospitality|[of] p1b: Sinistcha\n|move|p1a: Landorus|U-turn|p2a: Ogerpon\n|-supereffective|p2a: Ogerpon\n|-damage|p2a: Ogerpon|40\/100\n|\n|t:|1697401338\n|switch|p1a: Chi-Yu|Chi-Yu|100\/100|[from] U-turn\n|-damage|p1a: Chi-Yu|76\/100|[from] Stealth Rock\n|-ability|p1a: Chi-Yu|Beads of Ruin\n|move|p2a: Ogerpon|Ivy Cudgel|p1a: Chi-Yu\n|-supereffective|p1a: Chi-Yu\n|-damage|p1a: Chi-Yu|0 fnt\n|faint|p1a: Chi-Yu\n|move|p2b: Iron Hands|Close Combat|p1b: Sinistcha\n|-immune|p1b: Sinistcha\n|\n|-heal|p2a: Ogerpon|46\/100|[from] Grassy Terrain\n|-heal|p1b: Sinistcha|94\/100|[from] Grassy Terrain\n|-heal|p2b: Iron Hands|17\/100|[from] Grassy Terrain\n|upkeep\n|\n|t:|1697401347\n|switch|p1a: Landorus|Landorus-Therian, M|99\/100\n|-damage|p1a: Landorus|88\/100|[from] Stealth Rock\n|-ability|p1a: Landorus|Intimidate|boost\n|-unboost|p2a: Ogerpon|atk|1\n|-unboost|p2b: Iron Hands|atk|1\n|turn|13\n|inactive|Flying Beagle has 150 seconds left.\n|\n|t:|1697401361\n|move|p2a: Ogerpon|Spiky Shield|p2a: Ogerpon\n|-singleturn|p2a: Ogerpon|move: Protect\n|move|p1a: Landorus|U-turn|p2a: Ogerpon\n|-activate|p2a: Ogerpon|move: Protect\n|-damage|p1a: Landorus|76\/100|[from] Spiky Shield|[of] p2a: Ogerpon\n|move|p2b: Iron Hands|Ice Punch|p1a: Landorus\n|-supereffective|p1a: Landorus\n|-damage|p1a: Landorus|8\/100\n|move|p1b: Sinistcha|Trick Room|p1b: Sinistcha\n|-fieldstart|move: Trick Room|[of] p1b: Sinistcha\n|\n|-heal|p2b: Iron Hands|23\/100|[from] Grassy Terrain\n|-heal|p1b: Sinistcha|99\/100|[from] Grassy Terrain\n|-heal|p2a: Ogerpon|52\/100|[from] Grassy Terrain\n|upkeep\n|turn|14\n|inactive|Flying Beagle has 150 seconds left.\n|\n|t:|1697401396\n|move|p2b: Iron Hands|Ice Punch|p1a: Landorus\n|-supereffective|p1a: Landorus\n|-damage|p1a: Landorus|0 fnt\n|faint|p1a: Landorus\n|move|p1b: Sinistcha|Matcha Gotcha|p2b: Iron Hands|[spread] p2a\n|-miss|p1b: Sinistcha|p2b: Iron Hands\n|-damage|p2a: Ogerpon|20\/100\n|-heal|p1b: Sinistcha|100\/100|[from] drain|[of] p2a: Ogerpon\n|move|p2a: Ogerpon|Horn Leech|p1b: Sinistcha\n|-resisted|p1b: Sinistcha\n|-damage|p1b: Sinistcha|57\/100\n|-heal|p2a: Ogerpon|40\/100|[from] drain|[of] p1b: Sinistcha\n|\n|-heal|p2b: Iron Hands|29\/100|[from] Grassy Terrain\n|-heal|p1b: Sinistcha|63\/100|[from] Grassy Terrain\n|-heal|p2a: Ogerpon|47\/100|[from] Grassy Terrain\n|-fieldend|move: Grassy Terrain\n|upkeep\n|\n|t:|1697401408\n|switch|p1a: Iron Hands|Iron Hands|15\/100\n|-damage|p1a: Iron Hands|9\/100|[from] Stealth Rock\n|turn|15\n|inactive|Flying Beagle has 150 seconds left.\n|\n|t:|1697401445\n|move|p1a: Iron Hands|Close Combat|p2b: Iron Hands\n|-damage|p2b: Iron Hands|0 fnt\n|-unboost|p1a: Iron Hands|def|1\n|-unboost|p1a: Iron Hands|spd|1\n|faint|p2b: Iron Hands\n|-end|p2b: Iron Hands|Quark Drive|[silent]\n|move|p1b: Sinistcha|Matcha Gotcha|p2a: Ogerpon\n|-crit|p2a: Ogerpon\n|-damage|p2a: Ogerpon|3\/100\n|-heal|p1b: Sinistcha|86\/100|[from] drain|[of] p2a: Ogerpon\n|move|p2a: Ogerpon|Ivy Cudgel|p1b: Sinistcha\n|-resisted|p1b: Sinistcha\n|-damage|p1b: Sinistcha|46\/100\n|-enditem|p1b: Sinistcha|Sitrus Berry|[eat]\n|-heal|p1b: Sinistcha|71\/100|[from] item: Sitrus Berry\n|\n|upkeep\n|turn|16\n|inactive|Flying Beagle has 150 seconds left.\n|\n|t:|1697401461\n|move|p2a: Ogerpon|Spiky Shield|p2a: Ogerpon\n|-singleturn|p2a: Ogerpon|move: Protect\n|move|p1a: Iron Hands|Volt Switch|p2a: Ogerpon\n|-activate|p2a: Ogerpon|move: Protect\n|move|p1b: Sinistcha|Matcha Gotcha|p2a: Ogerpon\n|-activate|p2a: Ogerpon|move: Protect\n|\n|upkeep\n|turn|17\n|\n|t:|1697401465\n|move|p2a: Ogerpon|Spiky Shield||[still]\n|-fail|p2a: Ogerpon\n|move|p1a: Iron Hands|Volt Switch|p2a: Ogerpon\n|-damage|p2a: Ogerpon|0 fnt\n|faint|p2a: Ogerpon\n|\n|win|GuitarheroVGC\n|c|\u2606Flying Beagle|gg\n|c|\u2606GuitarheroVGC|gg\n","uploadtime":1697401466,"views":56,"p1id":"guitarherovgc","p2id":"flyingbeagle","formatid":"gen9doublesou","rating":0,"private":0,"password":""}