{"id":"smogtours-gen9doublesou-724291","p1":"qsns","p2":"Akaru Kokuyo","format":"[Gen 9] Doubles OU","log":"|inactive|Battle timer is ON: inactive players will automatically lose when time's up.\n|t:|1697414313\n|gametype|doubles\n|player|p1|qsns|#scl3machines|\n|player|p2|Akaru Kokuyo|#scl3foxes|\n|teamsize|p1|6\n|teamsize|p2|6\n|gen|9\n|tier|[Gen 9] Doubles OU\n|rule|Species Clause: Limit one of each Pok\u00e9mon\n|rule|OHKO Clause: OHKO moves are banned\n|rule|Evasion Moves Clause: Evasion moves are banned\n|rule|Gravity Sleep Clause: The combination of sleep-inducing moves with imperfect accuracy and Gravity or Gigantamax Orbeetle are banned\n|rule|Endless Battle Clause: Forcing endless battles is banned\n|rule|HP Percentage Mod: HP is shown in percentages\n|clearpoke\n|poke|p1|Kingambit, M|\n|poke|p1|Rillaboom, F|\n|poke|p1|Flutter Mane|\n|poke|p1|Ogerpon-Hearthflame, F|\n|poke|p1|Landorus-Therian, M|\n|poke|p1|Basculegion, M|\n|poke|p2|Flutter Mane|\n|poke|p2|Chi-Yu|\n|poke|p2|Landorus-Therian, M|\n|poke|p2|Kingambit, F|\n|poke|p2|Diancie|\n|poke|p2|Amoonguss, M|\n|teampreview\n|c|+Enzonana|ala verga blicc\n|c|+SingleThunder|go quiznos\n|c|\u2606Akaru Kokuyo|glhf\n|c|\u2606qsns|u2\n|c|+Nails|go qsns!\n|raw|<div class=\"broadcast-red\"><strong>Moderated chat was set to \u2606!<\/strong><br \/>Only users of rank \u2606 and higher can talk.<\/div>\n|inactive|qsns has 270 seconds left.\n|inactive|Akaru Kokuyo has 270 seconds left.\n|inactive|qsns has 240 seconds left.\n|inactive|qsns has 210 seconds left.\n|\n|t:|1697414418\n|start\n|switch|p1a: Kingambit|Kingambit, M|100\/100\n|switch|p1b: Ogerpon|Ogerpon-Hearthflame, F|100\/100\n|switch|p2a: Edgar voladorus|Landorus-Therian, M|100\/100\n|switch|p2b: Edgar calientus|Chi-Yu|100\/100\n|-ability|p2b: Edgar calientus|Beads of Ruin\n|-ability|p1b: Ogerpon|Mold Breaker\n|-ability|p2a: Edgar voladorus|Intimidate|boost\n|-unboost|p1a: Kingambit|atk|1\n|-ability|p1a: Kingambit|Defiant|boost\n|-boost|p1a: Kingambit|atk|2\n|-unboost|p1b: Ogerpon|atk|1\n|turn|1\n|inactive|qsns has 270 seconds left.\n|inactive|Akaru Kokuyo has 270 seconds left.\n|inactive|qsns has 240 seconds left.\n|inactive|Akaru Kokuyo has 240 seconds left.\n|inactive|Akaru Kokuyo has 210 seconds left.\n|\n|t:|1697414514\n|switch|p1b: Landorus|Landorus-Therian, M|100\/100\n|-ability|p1b: Landorus|Intimidate|boost\n|-unboost|p2a: Edgar voladorus|atk|1\n|-unboost|p2b: Edgar calientus|atk|1\n|-terastallize|p1a: Kingambit|Fire\n|move|p2b: Edgar calientus|Heat Wave|p1b: Landorus|[spread] p1a,p1b\n|-resisted|p1a: Kingambit\n|-damage|p1a: Kingambit|73\/100\n|-damage|p1b: Landorus|48\/100\n|-status|p1b: Landorus|brn\n|-enditem|p1b: Landorus|Sitrus Berry|[eat]\n|-heal|p1b: Landorus|73\/100 brn|[from] item: Sitrus Berry\n|move|p2a: Edgar voladorus|Stomping Tantrum|p1b: Landorus\n|-immune|p1b: Landorus\n|move|p1a: Kingambit|Swords Dance|p1a: Kingambit\n|-boost|p1a: Kingambit|atk|2\n|\n|-damage|p1b: Landorus|67\/100 brn|[from] brn\n|upkeep\n|turn|2\n|inactive|qsns has 240 seconds left.\n|inactive|Akaru Kokuyo has 210 seconds left.\n|inactive|qsns has 210 seconds left.\n|\n|t:|1697414569\n|move|p1a: Kingambit|Protect|p1a: Kingambit\n|-singleturn|p1a: Kingambit|Protect\n|move|p2b: Edgar calientus|Dark Pulse|p1a: Kingambit\n|-activate|p1a: Kingambit|move: Protect\n|move|p1b: Landorus|U-turn|p2b: Edgar calientus\n|-damage|p2b: Edgar calientus|78\/100\n|\n|t:|1697414574\n|switch|p1b: Rillaboom|Rillaboom, F|100\/100|[from] U-turn\n|-fieldstart|move: Grassy Terrain|[from] ability: Grassy Surge|[of] p1b: Rillaboom\n|-enditem|p1a: Kingambit|Grassy Seed\n|-boost|p1a: Kingambit|def|1|[from] item: Grassy Seed\n|move|p2a: Edgar voladorus|Stomping Tantrum|p1a: Kingambit\n|-activate|p1a: Kingambit|move: Protect\n|\n|-heal|p2b: Edgar calientus|84\/100|[from] Grassy Terrain\n|-heal|p1a: Kingambit|79\/100|[from] Grassy Terrain\n|upkeep\n|turn|3\n|inactive|Akaru Kokuyo has 210 seconds left.\n|inactive|qsns has 210 seconds left.\n|\n|t:|1697414616\n|move|p1b: Rillaboom|Grassy Glide|p2b: Edgar calientus\n|-resisted|p2b: Edgar calientus\n|-damage|p2b: Edgar calientus|51\/100\n|move|p1a: Kingambit|Sucker Punch|p2b: Edgar calientus\n|-resisted|p2b: Edgar calientus\n|-damage|p2b: Edgar calientus|0 fnt\n|faint|p2b: Edgar calientus\n|move|p2a: Edgar voladorus|Stomping Tantrum|p1a: Kingambit\n|-supereffective|p1a: Kingambit\n|-damage|p1a: Kingambit|54\/100\n|\n|-heal|p1a: Kingambit|60\/100|[from] Grassy Terrain\n|upkeep\n|\n|t:|1697414629\n|switch|p2b: Edgar mujerus|Diancie|100\/100\n|turn|4\n|inactive|qsns has 210 seconds left.\n|\n|t:|1697414674\n|move|p2b: Edgar mujerus|Protect|p2b: Edgar mujerus\n|-singleturn|p2b: Edgar mujerus|Protect\n|move|p1b: Rillaboom|Grassy Glide|p2b: Edgar mujerus\n|-activate|p2b: Edgar mujerus|move: Protect\n|move|p2a: Edgar voladorus|Stomping Tantrum|p1a: Kingambit\n|-supereffective|p1a: Kingambit\n|-damage|p1a: Kingambit|34\/100\n|move|p1a: Kingambit|Kowtow Cleave|p2b: Edgar mujerus\n|-activate|p2b: Edgar mujerus|move: Protect\n|\n|-heal|p1a: Kingambit|40\/100|[from] Grassy Terrain\n|upkeep\n|turn|5\n|inactive|qsns has 210 seconds left.\n|\n|t:|1697414702\n|switch|p2b: Edgar edgarus|Flutter Mane|100\/100\n|move|p1b: Rillaboom|Grassy Glide|p2b: Edgar edgarus\n|-damage|p2b: Edgar edgarus|43\/100\n|move|p2a: Edgar voladorus|U-turn|p1b: Rillaboom\n|-supereffective|p1b: Rillaboom\n|-damage|p1b: Rillaboom|67\/100\n|\n|t:|1697414709\n|switch|p2a: Edgar mujerus|Diancie|100\/100|[from] U-turn\n|move|p1a: Kingambit|Kowtow Cleave|p2b: Edgar edgarus\n|-damage|p2b: Edgar edgarus|0 fnt\n|faint|p2b: Edgar edgarus\n|-end|p2b: Edgar edgarus|Protosynthesis|[silent]\n|\n|-heal|p1b: Rillaboom|73\/100|[from] Grassy Terrain\n|-heal|p1a: Kingambit|46\/100|[from] Grassy Terrain\n|upkeep\n|inactive|Akaru Kokuyo has 180 seconds left.\n|inactive|Akaru Kokuyo has 150 seconds left.\n|\n|t:|1697414758\n|switch|p2b: Edgar culonus|Kingambit, F|100\/100\n|turn|6\n|inactive|Akaru Kokuyo has 150 seconds left.\n|inactive|qsns has 210 seconds left.\n|inactive|Akaru Kokuyo has 120 seconds left.\n|inactive|qsns has 180 seconds left.\n|\n|t:|1697414863\n|-terastallize|p2a: Edgar mujerus|Dragon\n|move|p1b: Rillaboom|High Horsepower|p2b: Edgar culonus\n|-supereffective|p2b: Edgar culonus\n|-damage|p2b: Edgar culonus|53\/100\n|move|p1a: Kingambit|Kowtow Cleave|p2b: Edgar culonus\n|-resisted|p2b: Edgar culonus\n|-damage|p2b: Edgar culonus|11\/100\n|move|p2b: Edgar culonus|Kowtow Cleave|p1a: Kingambit\n|-damage|p1a: Kingambit|17\/100\n|move|p2a: Edgar mujerus|Trick Room|p2a: Edgar mujerus\n|-fieldstart|move: Trick Room|[of] p2a: Edgar mujerus\n|\n|-heal|p2b: Edgar culonus|17\/100|[from] Grassy Terrain\n|-heal|p1a: Kingambit|23\/100|[from] Grassy Terrain\n|-heal|p1b: Rillaboom|80\/100|[from] Grassy Terrain\n|-fieldend|move: Grassy Terrain\n|upkeep\n|turn|7\n|inactive|Akaru Kokuyo has 120 seconds left.\n|inactive|qsns has 150 seconds left.\n|\n|t:|1697414919\n|move|p2b: Edgar culonus|Sucker Punch|p1a: Kingambit\n|-damage|p1a: Kingambit|0 fnt\n|faint|p1a: Kingambit\n|move|p2a: Edgar mujerus|Diamond Storm|p1b: Rillaboom\n|-damage|p1b: Rillaboom|40\/100\n|-enditem|p1b: Rillaboom|Sitrus Berry|[eat]\n|-heal|p1b: Rillaboom|65\/100|[from] item: Sitrus Berry\n|move|p1b: Rillaboom|U-turn|p2b: Edgar culonus\n|-damage|p2b: Edgar culonus|0 fnt\n|faint|p2b: Edgar culonus\n|inactive|qsns has 120 seconds left.\n|\n|t:|1697414953\n|switch|p1b: Landorus|Landorus-Therian, M|67\/100 brn|[from] U-turn\n|-ability|p1b: Landorus|Intimidate|boost\n|-fail|p2a: Edgar mujerus|unboost|[from] ability: Clear Body|[of] p2a: Edgar mujerus\n|\n|-damage|p1b: Landorus|61\/100 brn|[from] brn\n|upkeep\n|\n|t:|1697414958\n|switch|p2b: Edgar amogusus|Amoonguss, M|100\/100\n|switch|p1a: Rillaboom|Rillaboom, F|65\/100\n|-fieldstart|move: Grassy Terrain|[from] ability: Grassy Surge|[of] p1a: Rillaboom\n|turn|8\n|\n|t:|1697414977\n|move|p1a: Rillaboom|Fake Out|p2a: Edgar mujerus\n|-damage|p2a: Edgar mujerus|89\/100\n|move|p2b: Edgar amogusus|Pollen Puff|p1a: Rillaboom\n|-supereffective|p1a: Rillaboom\n|-damage|p1a: Rillaboom|20\/100\n|cant|p2a: Edgar mujerus|flinch\n|move|p1b: Landorus|Taunt|p2b: Edgar amogusus\n|-start|p2b: Edgar amogusus|move: Taunt\n|\n|-heal|p2a: Edgar mujerus|95\/100|[from] Grassy Terrain\n|-heal|p1a: Rillaboom|27\/100|[from] Grassy Terrain\n|-damage|p1b: Landorus|55\/100 brn|[from] brn\n|upkeep\n|turn|9\n|inactive|qsns has 150 seconds left.\n|\n|t:|1697415006\n|move|p2b: Edgar amogusus|Pollen Puff|p1b: Landorus\n|-resisted|p1b: Landorus\n|-damage|p1b: Landorus|47\/100 brn\n|move|p2a: Edgar mujerus|Diamond Storm|p1b: Landorus|[spread] p1a,p1b\n|-damage|p1a: Rillaboom|0 fnt\n|-damage|p1b: Landorus|16\/100 brn\n|-boost|p2a: Edgar mujerus|def|2\n|faint|p1a: Rillaboom\n|move|p1b: Landorus|U-turn|p2b: Edgar amogusus\n|-damage|p2b: Edgar amogusus|91\/100\n|\n|t:|1697415016\n|switch|p1b: Flutter Mane|Flutter Mane|100\/100|[from] U-turn\n|-enditem|p1b: Flutter Mane|Booster Energy\n|-activate|p1b: Flutter Mane|ability: Protosynthesis|[fromitem]\n|-start|p1b: Flutter Mane|protosynthesisspe\n|\n|-heal|p2b: Edgar amogusus|97\/100|[from] Grassy Terrain\n|-heal|p2a: Edgar mujerus|100\/100|[from] Grassy Terrain\n|upkeep\n|inactive|qsns has 120 seconds left.\n|\n|t:|1697415042\n|switch|p1a: Landorus|Landorus-Therian, M|16\/100 brn\n|-ability|p1a: Landorus|Intimidate|boost\n|-fail|p2a: Edgar mujerus|unboost|[from] ability: Clear Body|[of] p2a: Edgar mujerus\n|-unboost|p2b: Edgar amogusus|atk|1\n|turn|10\n|inactive|Akaru Kokuyo has 180 seconds left.\n|\n|t:|1697415068\n|move|p2b: Edgar amogusus|Clear Smog|p1b: Flutter Mane\n|-damage|p1b: Flutter Mane|86\/100\n|-clearboost|p1b: Flutter Mane\n|move|p2a: Edgar mujerus|Diamond Storm|p1b: Flutter Mane|[spread] p1a,p1b\n|-damage|p1a: Landorus|0 fnt\n|-damage|p1b: Flutter Mane|31\/100\n|faint|p1a: Landorus\n|move|p1b: Flutter Mane|Moonblast|p2a: Edgar mujerus\n|-supereffective|p2a: Edgar mujerus\n|-damage|p2a: Edgar mujerus|37\/100\n|\n|-heal|p2b: Edgar amogusus|100\/100|[from] Grassy Terrain\n|-heal|p2a: Edgar mujerus|43\/100|[from] Grassy Terrain\n|-heal|p1b: Flutter Mane|37\/100|[from] Grassy Terrain\n|-fieldend|move: Trick Room\n|upkeep\n|\n|t:|1697415077\n|switch|p1a: Basculegion|Basculegion, M|100\/100\n|turn|11\n|inactive|qsns has 150 seconds left.\n|inactive|Akaru Kokuyo has 180 seconds left.\n|inactive|qsns has 120 seconds left.\n|\n|t:|1697415128\n|switch|p2a: Edgar voladorus|Landorus-Therian, M|100\/100\n|-ability|p2a: Edgar voladorus|Intimidate|boost\n|-unboost|p1a: Basculegion|atk|1\n|-unboost|p1b: Flutter Mane|atk|1\n|move|p1b: Flutter Mane|Moonblast|p2a: Edgar voladorus\n|-damage|p2a: Edgar voladorus|53\/100\n|-unboost|p2a: Edgar voladorus|spa|1\n|move|p1a: Basculegion|Last Respects|p2b: Edgar amogusus\n|-damage|p2b: Edgar amogusus|40\/100\n|move|p2b: Edgar amogusus|Pollen Puff|p2a: Edgar voladorus\n|-heal|p2a: Edgar voladorus|100\/100\n|\n|-heal|p1b: Flutter Mane|43\/100|[from] Grassy Terrain\n|-heal|p2b: Edgar amogusus|46\/100|[from] Grassy Terrain\n|-end|p2b: Edgar amogusus|move: Taunt\n|upkeep\n|turn|12\n|inactive|Akaru Kokuyo has 180 seconds left.\n|inactive|qsns has 120 seconds left.\n|inactive|Akaru Kokuyo has 150 seconds left.\n|\n|t:|1697415178\n|switch|p2b: Edgar mujerus|Diancie, tera:Dragon|43\/100\n|move|p1b: Flutter Mane|Protect|p1b: Flutter Mane\n|-singleturn|p1b: Flutter Mane|Protect\n|move|p1a: Basculegion|Last Respects|p2b: Edgar mujerus\n|-damage|p2b: Edgar mujerus|0 fnt\n|faint|p2b: Edgar mujerus\n|move|p2a: Edgar voladorus|Stomping Tantrum|p1b: Flutter Mane\n|-activate|p1b: Flutter Mane|move: Protect\n|\n|-heal|p1b: Flutter Mane|49\/100|[from] Grassy Terrain\n|-fieldend|move: Grassy Terrain\n|upkeep\n|\n|t:|1697415183\n|switch|p2b: Edgar amogusus|Amoonguss, M|79\/100\n|turn|13\n|inactive|qsns has 120 seconds left.\n|\n|t:|1697415199\n|move|p1b: Flutter Mane|Shadow Ball|p2b: Edgar amogusus\n|-damage|p2b: Edgar amogusus|43\/100\n|move|p1a: Basculegion|Last Respects|p2b: Edgar amogusus\n|-damage|p2b: Edgar amogusus|0 fnt\n|faint|p2b: Edgar amogusus\n|move|p2a: Edgar voladorus|Stomping Tantrum|p1b: Flutter Mane\n|-damage|p1b: Flutter Mane|0 fnt\n|faint|p1b: Flutter Mane\n|-end|p1b: Flutter Mane|Protosynthesis|[silent]\n|\n|upkeep\n|\n|t:|1697415200\n|switch|p1b: Ogerpon|Ogerpon-Hearthflame, F|100\/100\n|-ability|p1b: Ogerpon|Mold Breaker\n|turn|14\n|c|\u2606Akaru Kokuyo|gg\n|c|\u2606qsns|gg\n|\n|t:|1697415207\n|move|p1a: Basculegion|Last Respects|p2a: Edgar voladorus\n|-damage|p2a: Edgar voladorus|15\/100\n|-enditem|p2a: Edgar voladorus|Sitrus Berry|[eat]\n|-heal|p2a: Edgar voladorus|40\/100|[from] item: Sitrus Berry\n|move|p1b: Ogerpon|Ivy Cudgel|p2a: Edgar voladorus\n|-damage|p2a: Edgar voladorus|0 fnt\n|faint|p2a: Edgar voladorus\n|\n|win|qsns\n|player|p2|Akaru Kokuyo|#scl3foxes\n|c|\u2606qsns|Replays where Basc doesn\u2019t look too strong:\n|player|p2|\n","uploadtime":1697414598,"views":382,"p1id":"qsns","p2id":"akarukokuyo","formatid":"gen9doublesou","rating":0,"private":0,"password":""}