{"id":"smogtours-gen9doublesou-730023","p1":"Feyette","p2":"Nephtyrix","format":"[Gen 9] Doubles OU","log":"|inactive|Battle timer is ON: inactive players will automatically lose when time's up.\n|t:|1699737206\n|gametype|doubles\n|player|p1|Feyette|#scl3dynamos|\n|player|p2|Nephtyrix|chase|\n|teamsize|p1|6\n|teamsize|p2|6\n|gen|9\n|tier|[Gen 9] Doubles OU\n|rule|Species Clause: Limit one of each Pok\u00e9mon\n|rule|OHKO Clause: OHKO moves are banned\n|rule|Evasion Moves Clause: Evasion moves are banned\n|rule|Gravity Sleep Clause: The combination of sleep-inducing moves with imperfect accuracy and Gravity or Gigantamax Orbeetle are banned\n|rule|Endless Battle Clause: Forcing endless battles is banned\n|rule|HP Percentage Mod: HP is shown in percentages\n|clearpoke\n|poke|p1|Amoonguss, M|\n|poke|p1|Roaring Moon|\n|poke|p1|Heatran, F|\n|poke|p1|Flutter Mane|\n|poke|p1|Iron Hands|\n|poke|p1|Landorus-Therian, M|\n|poke|p2|Flutter Mane|\n|poke|p2|Glimmora, F|\n|poke|p2|Heatran, M|\n|poke|p2|Landorus-Therian, M|\n|poke|p2|Ogerpon-Hearthflame, F|\n|poke|p2|Rillaboom, F|\n|teampreview\n|c|\u2606Feyette|gl hf\n|inactive|Nephtyrix has 270 seconds left.\n|c|\u2606Nephtyrix|Go kunikuni Kingdras !\n|c|\u2606Nephtyrix|gl hf :)\n|inactive|Nephtyrix has 240 seconds left.\n|c|\u2606Feyette|derb\n|\n|t:|1699737272\n|start\n|switch|p1a: Flutter Mane|Flutter Mane|100\/100\n|switch|p1b: Heatran|Heatran, F|100\/100\n|switch|p2a: CLOUDY TOES|Landorus-Therian, M|100\/100\n|switch|p2b: DAVID BOWMAN|Rillaboom, F|100\/100\n|-ability|p2a: CLOUDY TOES|Intimidate|boost\n|-unboost|p1a: Flutter Mane|atk|1\n|-unboost|p1b: Heatran|atk|1\n|-fieldstart|move: Grassy Terrain|[from] ability: Grassy Surge|[of] p2b: DAVID BOWMAN\n|turn|1\n|c|\u2606Nephtyrix|let's derb tonight\n|\n|t:|1699737299\n|-end|p1a: Flutter Mane|Protosynthesis|[silent]\n|switch|p1a: Amoonguss|Amoonguss, M|100\/100\n|move|p1b: Heatran|Protect|p1b: Heatran\n|-singleturn|p1b: Heatran|Protect\n|move|p2b: DAVID BOWMAN|Fake Out|p1b: Heatran\n|-activate|p1b: Heatran|move: Protect\n|move|p2a: CLOUDY TOES|U-turn|p1a: Amoonguss\n|-damage|p1a: Amoonguss|78\/100\n|-damage|p2a: CLOUDY TOES|84\/100|[from] item: Rocky Helmet|[of] p1a: Amoonguss\n|inactive|Nephtyrix has 270 seconds left.\n|c|+Schister|derbtyrix\n|\n|t:|1699737336\n|switch|p2a: HOOBASKANK|Glimmora, F|100\/100|[from] U-turn\n|\n|-heal|p1a: Amoonguss|84\/100|[from] Grassy Terrain\n|upkeep\n|turn|2\n|inactive|Nephtyrix has 270 seconds left.\n|inactive|Nephtyrix has 240 seconds left.\n|\n|t:|1699737376\n|-terastallize|p2a: HOOBASKANK|Grass\n|move|p1b: Heatran|Substitute|p1b: Heatran\n|-start|p1b: Heatran|Substitute\n|-damage|p1b: Heatran|76\/100\n|move|p2a: HOOBASKANK|Earth Power|p1b: Heatran\n|-supereffective|p1b: Heatran\n|-end|p1b: Heatran|Substitute\n|move|p2b: DAVID BOWMAN|Drum Beating|p1b: Heatran\n|-resisted|p1b: Heatran\n|-damage|p1b: Heatran|64\/100\n|-unboost|p1b: Heatran|spe|1\n|move|p1a: Amoonguss|Spore|p2a: HOOBASKANK\n|-immune|p2a: HOOBASKANK\n|\n|-heal|p1b: Heatran|70\/100|[from] Grassy Terrain\n|-heal|p1b: Heatran|76\/100|[from] item: Leftovers\n|-heal|p1a: Amoonguss|91\/100|[from] Grassy Terrain\n|upkeep\n|turn|3\n|inactive|Nephtyrix has 240 seconds left.\n|inactive|Feyette has 270 seconds left.\n|\n|t:|1699737426\n|move|p2a: HOOBASKANK|Stealth Rock|p1a: Amoonguss\n|-sidestart|p1: Feyette|move: Stealth Rock\n|move|p2b: DAVID BOWMAN|U-turn|p1b: Heatran\n|-resisted|p1b: Heatran\n|-damage|p1b: Heatran|72\/100\n|\n|t:|1699737436\n|switch|p2b: MUMMY CENTRAL|Heatran, M|100\/100|[from] U-turn\n|move|p1b: Heatran|Heat Wave|p2b: MUMMY CENTRAL|[spread] p2a\n|-start|p2b: MUMMY CENTRAL|ability: Flash Fire\n|-supereffective|p2a: HOOBASKANK\n|-damage|p2a: HOOBASKANK|22\/100\n|-enditem|p2a: HOOBASKANK|Sitrus Berry|[eat]\n|-heal|p2a: HOOBASKANK|46\/100|[from] item: Sitrus Berry\n|move|p1a: Amoonguss|Pollen Puff|p2a: HOOBASKANK\n|-supereffective|p2a: HOOBASKANK\n|-damage|p2a: HOOBASKANK|1\/100\n|\n|-heal|p2a: HOOBASKANK|8\/100|[from] Grassy Terrain\n|-heal|p1b: Heatran|78\/100|[from] Grassy Terrain\n|-heal|p1b: Heatran|84\/100|[from] item: Leftovers\n|-heal|p1a: Amoonguss|97\/100|[from] Grassy Terrain\n|upkeep\n|turn|4\n|inactive|Nephtyrix has 240 seconds left.\n|inactive|Feyette has 270 seconds left.\n|\n|t:|1699737458\n|-terastallize|p1b: Heatran|Fairy\n|move|p1a: Amoonguss|Protect|p1a: Amoonguss\n|-singleturn|p1a: Amoonguss|Protect\n|move|p2a: HOOBASKANK|Earth Power|p1b: Heatran\n|-damage|p1b: Heatran|50\/100\n|move|p2b: MUMMY CENTRAL|Substitute|p2b: MUMMY CENTRAL\n|-start|p2b: MUMMY CENTRAL|Substitute\n|-damage|p2b: MUMMY CENTRAL|75\/100\n|move|p1b: Heatran|Earth Power|p2b: MUMMY CENTRAL\n|-supereffective|p2b: MUMMY CENTRAL\n|-crit|p2b: MUMMY CENTRAL\n|-end|p2b: MUMMY CENTRAL|Substitute\n|\n|-heal|p2a: HOOBASKANK|14\/100|[from] Grassy Terrain\n|-heal|p2b: MUMMY CENTRAL|82\/100|[from] Grassy Terrain\n|-heal|p2b: MUMMY CENTRAL|88\/100|[from] item: Leftovers\n|-heal|p1b: Heatran|56\/100|[from] Grassy Terrain\n|-heal|p1b: Heatran|62\/100|[from] item: Leftovers\n|-heal|p1a: Amoonguss|100\/100|[from] Grassy Terrain\n|upkeep\n|turn|5\n|\n|t:|1699737475\n|move|p2a: HOOBASKANK|Sludge Bomb|p1b: Heatran\n|-supereffective|p1b: Heatran\n|-damage|p1b: Heatran|0 fnt\n|faint|p1b: Heatran\n|move|p2b: MUMMY CENTRAL|Substitute|p2b: MUMMY CENTRAL\n|-start|p2b: MUMMY CENTRAL|Substitute\n|-damage|p2b: MUMMY CENTRAL|63\/100\n|move|p1a: Amoonguss|Spore||[still]\n|-fail|p1a: Amoonguss\n|\n|-heal|p2a: HOOBASKANK|20\/100|[from] Grassy Terrain\n|-heal|p2b: MUMMY CENTRAL|69\/100|[from] Grassy Terrain\n|-heal|p2b: MUMMY CENTRAL|75\/100|[from] item: Leftovers\n|-fieldend|move: Grassy Terrain\n|upkeep\n|inactive|Feyette has 270 seconds left.\n|\n|t:|1699737492\n|switch|p1b: Landorus|Landorus-Therian, M|100\/100\n|-damage|p1b: Landorus|88\/100|[from] Stealth Rock\n|-ability|p1b: Landorus|Intimidate|boost\n|-unboost|p2a: HOOBASKANK|atk|1\n|-immune|p2b: MUMMY CENTRAL\n|turn|6\n|inactive|Nephtyrix has 270 seconds left.\n|\n|t:|1699737515\n|move|p2b: MUMMY CENTRAL|Protect|p2b: MUMMY CENTRAL\n|-singleturn|p2b: MUMMY CENTRAL|Protect\n|move|p1b: Landorus|Stomping Tantrum|p2b: MUMMY CENTRAL\n|-activate|p2b: MUMMY CENTRAL|move: Protect\n|move|p2a: HOOBASKANK|Sludge Bomb|p1a: Amoonguss\n|-damage|p1a: Amoonguss|55\/100\n|move|p1a: Amoonguss|Spore|p2b: MUMMY CENTRAL\n|-activate|p2b: MUMMY CENTRAL|move: Protect\n|\n|-heal|p2b: MUMMY CENTRAL|82\/100|[from] item: Leftovers\n|upkeep\n|turn|7\n|\n|t:|1699737524\n|switch|p1a: Iron Hands|Iron Hands|100\/100\n|-damage|p1a: Iron Hands|94\/100|[from] Stealth Rock\n|move|p1b: Landorus|Stomping Tantrum|p2b: MUMMY CENTRAL\n|-supereffective|p2b: MUMMY CENTRAL\n|-end|p2b: MUMMY CENTRAL|Substitute\n|move|p2a: HOOBASKANK|Sludge Bomb|p1a: Iron Hands\n|-damage|p1a: Iron Hands|69\/100\n|move|p2b: MUMMY CENTRAL|Heat Wave|p1b: Landorus|[spread] p1a,p1b\n|-damage|p1a: Iron Hands|42\/100\n|-damage|p1b: Landorus|15\/100\n|\n|-heal|p2b: MUMMY CENTRAL|88\/100|[from] item: Leftovers\n|upkeep\n|turn|8\n|\n|t:|1699737542\n|switch|p2a: CLOUDY TOES|Landorus-Therian, M|84\/100\n|-ability|p2a: CLOUDY TOES|Intimidate|boost\n|-unboost|p1a: Iron Hands|atk|1\n|-unboost|p1b: Landorus|atk|1\n|move|p2b: MUMMY CENTRAL|Protect|p2b: MUMMY CENTRAL\n|-singleturn|p2b: MUMMY CENTRAL|Protect\n|move|p1b: Landorus|Stomping Tantrum|p2a: CLOUDY TOES\n|-immune|p2a: CLOUDY TOES\n|move|p1a: Iron Hands|Drain Punch|p2b: MUMMY CENTRAL\n|-activate|p2b: MUMMY CENTRAL|move: Protect\n|\n|-heal|p2b: MUMMY CENTRAL|94\/100|[from] item: Leftovers\n|upkeep\n|turn|9\n|\n|t:|1699737569\n|-end|p2b: MUMMY CENTRAL|ability: Flash Fire|[silent]\n|switch|p2b: DAVID BOWMAN|Rillaboom, F|100\/100\n|-fieldstart|move: Grassy Terrain|[from] ability: Grassy Surge|[of] p2b: DAVID BOWMAN\n|-end|p1a: Iron Hands|Quark Drive|[silent]\n|switch|p1a: Roaring Moon|Roaring Moon|100\/100\n|-damage|p1a: Roaring Moon|88\/100|[from] Stealth Rock\n|-enditem|p1a: Roaring Moon|Booster Energy\n|-activate|p1a: Roaring Moon|ability: Protosynthesis|[fromitem]\n|-start|p1a: Roaring Moon|protosynthesisatk\n|move|p1b: Landorus|Stomping Tantrum|p2b: DAVID BOWMAN\n|-resisted|p2b: DAVID BOWMAN\n|-damage|p2b: DAVID BOWMAN|74\/100\n|move|p2a: CLOUDY TOES|Stomping Tantrum|p1a: Roaring Moon\n|-damage|p1a: Roaring Moon|25\/100\n|\n|-heal|p1a: Roaring Moon|31\/100|[from] Grassy Terrain\n|-heal|p2b: DAVID BOWMAN|80\/100|[from] Grassy Terrain\n|upkeep\n|turn|10\n|\n|t:|1699737585\n|switch|p1b: Amoonguss|Amoonguss, M|88\/100\n|-damage|p1b: Amoonguss|75\/100|[from] Stealth Rock\n|move|p1a: Roaring Moon|Protect|p1a: Roaring Moon\n|-singleturn|p1a: Roaring Moon|Protect\n|move|p2b: DAVID BOWMAN|Grassy Glide|p1b: Amoonguss\n|-resisted|p1b: Amoonguss\n|-damage|p1b: Amoonguss|69\/100\n|-damage|p2b: DAVID BOWMAN|63\/100|[from] item: Rocky Helmet|[of] p1b: Amoonguss\n|move|p2a: CLOUDY TOES|Stomping Tantrum|p1a: Roaring Moon\n|-activate|p1a: Roaring Moon|move: Protect\n|\n|-heal|p1a: Roaring Moon|37\/100|[from] Grassy Terrain\n|-heal|p2b: DAVID BOWMAN|69\/100|[from] Grassy Terrain\n|-heal|p1b: Amoonguss|75\/100|[from] Grassy Terrain\n|upkeep\n|turn|11\n|inactive|Nephtyrix has 270 seconds left.\n|\n|t:|1699737621\n|switch|p2a: HOOBASKANK|Glimmora, F, tera:Grass|20\/100\n|move|p1a: Roaring Moon|Protect||[still]\n|-fail|p1a: Roaring Moon\n|move|p2b: DAVID BOWMAN|U-turn|p1a: Roaring Moon\n|-supereffective|p1a: Roaring Moon\n|-damage|p1a: Roaring Moon|0 fnt\n|faint|p1a: Roaring Moon\n|-end|p1a: Roaring Moon|Protosynthesis|[silent]\n|\n|t:|1699737630\n|switch|p2b: SVEN LIONS|Ogerpon-Hearthflame, F|100\/100|[from] U-turn\n|-ability|p2b: SVEN LIONS|Mold Breaker\n|move|p1b: Amoonguss|Spore|p2a: HOOBASKANK\n|-immune|p2a: HOOBASKANK\n|\n|-heal|p2a: HOOBASKANK|26\/100|[from] Grassy Terrain\n|-heal|p1b: Amoonguss|81\/100|[from] Grassy Terrain\n|upkeep\n|c|\u2606Feyette|i shouldnt have done this at 4am lol\n|c|\u2606Feyette|thats on me tho i suggested this time\n|inactive|Feyette has 270 seconds left.\n|\n|t:|1699737648\n|switch|p1a: Flutter Mane|Flutter Mane|100\/100\n|-damage|p1a: Flutter Mane|88\/100|[from] Stealth Rock\n|turn|12\n|c|\u2606Nephtyrix|mb I didn't check it's 4am for you ..\n|inactive|Nephtyrix has 270 seconds left.\n|\n|t:|1699737678\n|switch|p1b: Landorus|Landorus-Therian, M|15\/100\n|-damage|p1b: Landorus|2\/100|[from] Stealth Rock\n|-ability|p1b: Landorus|Intimidate|boost\n|-unboost|p2a: HOOBASKANK|atk|1\n|-unboost|p2b: SVEN LIONS|atk|1\n|move|p1a: Flutter Mane|Icy Wind|p2b: SVEN LIONS|[spread] p2a,p2b\n|-supereffective|p2a: HOOBASKANK\n|-damage|p2a: HOOBASKANK|0 fnt\n|-damage|p2b: SVEN LIONS|81\/100\n|-unboost|p2b: SVEN LIONS|spe|1\n|faint|p2a: HOOBASKANK\n|move|p2b: SVEN LIONS|Ivy Cudgel|p1a: Flutter Mane\n|-damage|p1a: Flutter Mane|24\/100\n|\n|-heal|p1a: Flutter Mane|30\/100|[from] Grassy Terrain\n|-heal|p2b: SVEN LIONS|87\/100|[from] Grassy Terrain\n|upkeep\n|\n|t:|1699737690\n|switch|p2a: DAVID BOWMAN|Rillaboom, F|69\/100\n|turn|13\n|c|\u2606Feyette|its all good lol, i suggested it\n|\n|t:|1699737702\n|move|p2a: DAVID BOWMAN|Grassy Glide|p1a: Flutter Mane\n|-damage|p1a: Flutter Mane|0 fnt\n|faint|p1a: Flutter Mane\n|-end|p1a: Flutter Mane|Protosynthesis|[silent]\n|move|p2b: SVEN LIONS|Grassy Glide|p1b: Landorus\n|-damage|p1b: Landorus|0 fnt\n|faint|p1b: Landorus\n|\n|-heal|p2a: DAVID BOWMAN|75\/100|[from] Grassy Terrain\n|-heal|p2b: SVEN LIONS|93\/100|[from] Grassy Terrain\n|-fieldend|move: Grassy Terrain\n|upkeep\n|\n|t:|1699737706\n|switch|p1a: Iron Hands|Iron Hands|42\/100\n|switch|p1b: Amoonguss|Amoonguss, M|100\/100\n|-damage|p1a: Iron Hands|36\/100|[from] Stealth Rock\n|-damage|p1b: Amoonguss|88\/100|[from] Stealth Rock\n|turn|14\n|\n|t:|1699737719\n|switch|p2a: CLOUDY TOES|Landorus-Therian, M|84\/100\n|-ability|p2a: CLOUDY TOES|Intimidate|boost\n|-unboost|p1a: Iron Hands|atk|1\n|-unboost|p1b: Amoonguss|atk|1\n|move|p2b: SVEN LIONS|Swords Dance|p2b: SVEN LIONS\n|-boost|p2b: SVEN LIONS|atk|2\n|move|p1a: Iron Hands|Drain Punch|p2a: CLOUDY TOES\n|-resisted|p2a: CLOUDY TOES\n|-damage|p2a: CLOUDY TOES|69\/100\n|-heal|p1a: Iron Hands|41\/100|[from] drain|[of] p2a: CLOUDY TOES\n|move|p1b: Amoonguss|Pollen Puff|p1a: Iron Hands\n|-heal|p1a: Iron Hands|91\/100\n|\n|upkeep\n|turn|15\n|c|\u2606Feyette|gg\n|-message|Feyette forfeited.\n|\n|win|Nephtyrix\n|c|\u2606Nephtyrix|gg\n","uploadtime":1699737728,"views":126,"p1id":"feyette","p2id":"nephtyrix","formatid":"gen9doublesou","rating":0,"private":0,"password":""}