{"id":"smogtours-gen9doublesou-724768","p1":"the JRL","p2":"qsns","format":"[Gen 9] Doubles OU","log":"|inactive|Battle timer is ON: inactive players will automatically lose when time's up.\n|t:|1697741963\n|gametype|doubles\n|player|p1|the JRL|#scl3islanders2|\n|player|p2|qsns|#scl3machines|\n|teamsize|p1|6\n|teamsize|p2|6\n|gen|9\n|tier|[Gen 9] Doubles OU\n|rule|Species Clause: Limit one of each Pok\u00e9mon\n|rule|OHKO Clause: OHKO moves are banned\n|rule|Evasion Moves Clause: Evasion moves are banned\n|rule|Gravity Sleep Clause: The combination of sleep-inducing moves with imperfect accuracy and Gravity or Gigantamax Orbeetle are banned\n|rule|Endless Battle Clause: Forcing endless battles is banned\n|rule|HP Percentage Mod: HP is shown in percentages\n|clearpoke\n|poke|p1|Sinistcha|\n|poke|p1|Iron Hands|\n|poke|p1|Goodra-Hisui, M|\n|poke|p1|Chi-Yu|\n|poke|p1|Landorus-Therian, M|\n|poke|p1|Flutter Mane|\n|poke|p2|Tornadus, M|\n|poke|p2|Arcanine-Hisui, F|\n|poke|p2|Iron Hands|\n|poke|p2|Gholdengo|\n|poke|p2|Ogerpon-Wellspring, F|\n|poke|p2|Chien-Pao|\n|teampreview\n|raw|<div class=\"broadcast-red\"><strong>Moderated chat was set to \u2606!<\/strong><br \/>Only users of rank \u2606 and higher can talk.<\/div>\n|c|\u2606qsns|hf\n|c|\u2606the JRL|hf\n|inactive|the JRL has 270 seconds left.\n|inactive|qsns has 270 seconds left.\n|inactive|the JRL has 240 seconds left.\n|inactive|qsns has 240 seconds left.\n|inactive|the JRL has 210 seconds left.\n|inactive|qsns has 210 seconds left.\n|inactive|qsns has 180 seconds left.\n|\n|t:|1697742092\n|start\n|switch|p1a: Goodra|Goodra-Hisui, M|100\/100\n|switch|p1b: Landorus|Landorus-Therian, M|100\/100\n|switch|p2a: black rainbow|Chien-Pao|100\/100\n|switch|p2b: HOWKINGS|Ogerpon-Wellspring, F|100\/100\n|-ability|p1b: Landorus|Intimidate|boost\n|-unboost|p2a: black rainbow|atk|1\n|-unboost|p2b: HOWKINGS|atk|1\n|-ability|p2a: black rainbow|Sword of Ruin\n|turn|1\n|inactive|the JRL has 270 seconds left.\n|inactive|qsns has 240 seconds left.\n|inactive|the JRL has 240 seconds left.\n|inactive|qsns has 210 seconds left.\n|\n|t:|1697742153\n|switch|p1b: Iron Hands|Iron Hands|100\/100\n|switch|p2a: Hamilton|Arcanine-Hisui, F, shiny|100\/100\n|-ability|p2a: Hamilton|Intimidate|boost\n|-unboost|p1a: Goodra|atk|1\n|-unboost|p1b: Iron Hands|atk|1\n|switch|p2b: actor out of work|Gholdengo, shiny|100\/100\n|-terastallize|p1a: Goodra|Water\n|move|p1a: Goodra|Acid Armor|p1a: Goodra\n|-boost|p1a: Goodra|def|2\n|\n|upkeep\n|turn|2\n|inactive|qsns has 210 seconds left.\n|inactive|the JRL has 240 seconds left.\n|\n|t:|1697742202\n|switch|p2a: the strangers|Iron Hands, shiny|100\/100\n|move|p1b: Iron Hands|Fake Out|p2a: the strangers\n|-damage|p2a: the strangers|94\/100\n|move|p2b: actor out of work|Nasty Plot|p2b: actor out of work\n|-boost|p2b: actor out of work|spa|2\n|move|p1a: Goodra|Body Press|p2a: the strangers\n|-crit|p2a: the strangers\n|-damage|p2a: the strangers|53\/100\n|\n|upkeep\n|turn|3\n|inactive|the JRL has 210 seconds left.\n|inactive|qsns has 180 seconds left.\n|inactive|the JRL has 180 seconds left.\n|\n|t:|1697742290\n|-end|p1b: Iron Hands|Quark Drive|[silent]\n|switch|p1b: Chi-Yu|Chi-Yu|100\/100\n|-ability|p1b: Chi-Yu|Beads of Ruin\n|move|p2b: actor out of work|Nasty Plot|p2b: actor out of work\n|-boost|p2b: actor out of work|spa|2\n|move|p1a: Goodra|Body Press|p2a: the strangers\n|-damage|p2a: the strangers|26\/100\n|move|p2a: the strangers|Drain Punch|p1b: Chi-Yu\n|-supereffective|p1b: Chi-Yu\n|-damage|p1b: Chi-Yu|0 fnt\n|-heal|p2a: the strangers|59\/100|[from] drain|[of] p1b: Chi-Yu\n|faint|p1b: Chi-Yu\n|\n|upkeep\n|inactive|the JRL has 150 seconds left.\n|\n|t:|1697742302\n|switch|p1b: Landorus|Landorus-Therian, M|100\/100\n|-ability|p1b: Landorus|Intimidate|boost\n|-unboost|p2a: the strangers|atk|1\n|-unboost|p2b: actor out of work|atk|1\n|turn|4\n|inactive|the JRL has 150 seconds left.\n|inactive|the JRL has 120 seconds left.\n|\n|t:|1697742386\n|-end|p2a: the strangers|Quark Drive|[silent]\n|switch|p2a: HOWKINGS|Ogerpon-Wellspring, F|100\/100\n|move|p2b: actor out of work|Protect|p2b: actor out of work\n|-singleturn|p2b: actor out of work|Protect\n|move|p1b: Landorus|Stomping Tantrum|p2b: actor out of work\n|-activate|p2b: actor out of work|move: Protect\n|move|p1a: Goodra|Body Press|p2b: actor out of work\n|-activate|p2b: actor out of work|move: Protect\n|\n|upkeep\n|turn|5\n|\n|t:|1697742406\n|switch|p1b: Iron Hands|Iron Hands|100\/100\n|move|p2a: HOWKINGS|Follow Me|p2a: HOWKINGS\n|-singleturn|p2a: HOWKINGS|move: Follow Me\n|move|p2b: actor out of work|Make It Rain|p1a: Goodra|[spread] p1a,p1b\n|-resisted|p1a: Goodra\n|-resisted|p1b: Iron Hands\n|-damage|p1a: Goodra|59\/100\n|-damage|p1b: Iron Hands|65\/100\n|-unboost|p2b: actor out of work|spa|1\n|move|p1a: Goodra|Body Press|p2a: HOWKINGS\n|-crit|p2a: HOWKINGS\n|-damage|p2a: HOWKINGS|38\/100\n|\n|-heal|p1a: Goodra|65\/100|[from] item: Leftovers\n|upkeep\n|turn|6\n|inactive|the JRL has 120 seconds left.\n|inactive|the JRL has 90 seconds left.\n|inactive|the JRL has 60 seconds left.\n|\n|t:|1697742486\n|-end|p1b: Iron Hands|Quark Drive|[silent]\n|switch|p1b: Sinistcha|Sinistcha|100\/100\n|-heal|p1a: Goodra|90\/100|[from] ability: Hospitality|[of] p1b: Sinistcha\n|move|p2a: HOWKINGS|Spiky Shield|p2a: HOWKINGS\n|-singleturn|p2a: HOWKINGS|move: Protect\n|move|p2b: actor out of work|Shadow Ball|p1a: Goodra\n|-damage|p1a: Goodra|38\/100\n|move|p1a: Goodra|Body Press|p2a: HOWKINGS\n|-activate|p2a: HOWKINGS|move: Protect\n|-damage|p1a: Goodra|25\/100|[from] Spiky Shield|[of] p2a: HOWKINGS\n|\n|-heal|p1a: Goodra|31\/100|[from] item: Leftovers\n|upkeep\n|turn|7\n|inactive|qsns has 240 seconds left.\n|inactive|the JRL has 60 seconds left.\n|inactive|the JRL has 30 seconds left.\n|\n|t:|1697742545\n|switch|p2a: the party|Tornadus, M, shiny|100\/100\n|move|p1a: Goodra|Protect|p1a: Goodra\n|-singleturn|p1a: Goodra|Protect\n|move|p2b: actor out of work|Shadow Ball|p1b: Sinistcha\n|-supereffective|p1b: Sinistcha\n|-damage|p1b: Sinistcha|0 fnt\n|faint|p1b: Sinistcha\n|\n|-heal|p1a: Goodra|37\/100|[from] item: Leftovers\n|upkeep\n|inactive|the JRL has 30 seconds left this turn.\n|inactive|the JRL has 20 seconds left.\n|\n|t:|1697742557\n|switch|p1b: Iron Hands|Iron Hands|65\/100\n|turn|8\n|inactive|the JRL has 30 seconds left.\n|inactive|qsns has 240 seconds left.\n|inactive|the JRL has 20 seconds left.\n|inactive|the JRL has 15 seconds left.\n|inactive|the JRL has 10 seconds left.\n|\n|t:|1697742604\n|move|p2a: the party|Tailwind|p2a: the party\n|-sidestart|p2: qsns|move: Tailwind\n|move|p2b: actor out of work|Shadow Ball|p1a: Goodra\n|-damage|p1a: Goodra|0 fnt\n|faint|p1a: Goodra\n|move|p1b: Iron Hands|Wild Charge|p2b: actor out of work\n|-damage|p2b: actor out of work|54\/100\n|-damage|p1b: Iron Hands|55\/100|[from] Recoil\n|\n|-heal|p2b: actor out of work|60\/100|[from] item: Leftovers\n|upkeep\n|inactive|the JRL has 15 seconds left this turn.\n|inactive|the JRL has 10 seconds left.\n|inactive|the JRL has 5 seconds left.\n|\n|t:|1697742614\n|switch|p1a: Flutter Mane|Flutter Mane|100\/100\n|-enditem|p1a: Flutter Mane|Booster Energy\n|-activate|p1a: Flutter Mane|ability: Protosynthesis|[fromitem]\n|-start|p1a: Flutter Mane|protosynthesisspe\n|turn|9\n|inactive|the JRL has 30 seconds left this turn.\n|inactive|the JRL has 20 seconds left.\n|\n|t:|1697742632\n|move|p1a: Flutter Mane|Protect|p1a: Flutter Mane\n|-singleturn|p1a: Flutter Mane|Protect\n|move|p2b: actor out of work|Protect|p2b: actor out of work\n|-singleturn|p2b: actor out of work|Protect\n|move|p2a: the party|Bleakwind Storm|p1b: Iron Hands|[spread] p1b\n|-activate|p1a: Flutter Mane|move: Protect\n|-damage|p1b: Iron Hands|41\/100\n|move|p1b: Iron Hands|Close Combat|p2b: actor out of work\n|-activate|p2b: actor out of work|move: Protect\n|\n|-heal|p2b: actor out of work|66\/100|[from] item: Leftovers\n|upkeep\n|turn|10\n|inactive|the JRL has 30 seconds left.\n|inactive|qsns has 240 seconds left.\n|\n|t:|1697742671\n|switch|p2b: Hamilton|Arcanine-Hisui, F, shiny|100\/100\n|-ability|p2b: Hamilton|Intimidate|boost\n|-unboost|p1a: Flutter Mane|atk|1\n|-unboost|p1b: Iron Hands|atk|1\n|move|p1a: Flutter Mane|Shadow Ball|p2b: Hamilton\n|-damage|p2b: Hamilton|55\/100\n|-unboost|p2b: Hamilton|spd|1\n|move|p2a: the party|Bleakwind Storm|p1a: Flutter Mane|[spread] p1b\n|-miss|p2a: the party|p1a: Flutter Mane\n|-damage|p1b: Iron Hands|24\/100\n|move|p1b: Iron Hands|Wild Charge|p2a: the party\n|-supereffective|p2a: the party\n|-damage|p2a: the party|19\/100\n|-damage|p1b: Iron Hands|8\/100|[from] Recoil\n|\n|upkeep\n|turn|11\n|inactive|qsns has 240 seconds left.\n|inactive|the JRL has 30 seconds left.\n|\n|t:|1697742705\n|switch|p2a: the strangers|Iron Hands, shiny|59\/100\n|-end|p1b: Iron Hands|Quark Drive|[silent]\n|switch|p1b: Landorus|Landorus-Therian, M|100\/100\n|-ability|p1b: Landorus|Intimidate|boost\n|-unboost|p2a: the strangers|atk|1\n|-unboost|p2b: Hamilton|atk|1\n|move|p1a: Flutter Mane|Icy Wind|p2b: Hamilton|[spread] p2a,p2b\n|-resisted|p2b: Hamilton\n|-damage|p2a: the strangers|52\/100\n|-damage|p2b: Hamilton|43\/100\n|-unboost|p2a: the strangers|spe|1\n|-unboost|p2b: Hamilton|spe|1\n|move|p2b: Hamilton|Flare Blitz|p1a: Flutter Mane\n|-damage|p1a: Flutter Mane|0 fnt\n|faint|p1a: Flutter Mane\n|-end|p1a: Flutter Mane|Protosynthesis|[silent]\n|-damage|p2b: Hamilton|18\/100|[from] Recoil\n|\n|-sideend|p2: qsns|move: Tailwind\n|upkeep\n|inactive|the JRL has 30 seconds left.\n|inactive|the JRL has 20 seconds left.\n|\n|t:|1697742721\n|switch|p1a: Iron Hands|Iron Hands|8\/100\n|turn|12\n|\n|t:|1697742733\n|move|p1a: Iron Hands|Fake Out|p2a: the strangers\n|-damage|p2a: the strangers|42\/100\n|cant|p2a: the strangers|flinch\n|move|p1b: Landorus|Stomping Tantrum|p2a: the strangers\n|-supereffective|p2a: the strangers\n|-damage|p2a: the strangers|0 fnt\n|faint|p2a: the strangers\n|-end|p2a: the strangers|Quark Drive|[silent]\n|move|p2b: Hamilton|Flare Blitz|p1a: Iron Hands\n|-crit|p1a: Iron Hands\n|-damage|p1a: Iron Hands|0 fnt\n|faint|p1a: Iron Hands\n|-end|p1a: Iron Hands|Quark Drive|[silent]\n|-damage|p2b: Hamilton|15\/100|[from] Recoil\n|\n|upkeep\n|\n|t:|1697742738\n|switch|p2a: the party|Tornadus, M, shiny|19\/100\n|turn|13\n|c|\u2606the JRL|gg\n|c|\u2606qsns|gg\n|-message|the JRL forfeited.\n|\n|win|qsns\n|player|p2|qsns|#scl3machines\n","uploadtime":1697742748,"views":572,"p1id":"thejrl","p2id":"qsns","formatid":"gen9doublesou","rating":0,"private":0,"password":""}