{"id":"smogtours-gen9doublesou-729116","p1":"sempra","p2":"eragon11145","format":"[Gen 9] Doubles OU","log":"|inactive|Battle timer is ON: inactive players will automatically lose when time's up.\n|t:|1699215684\n|gametype|doubles\n|player|p1|sempra|wicke|\n|player|p2|eragon11145|#dwcopiii|\n|teamsize|p1|6\n|teamsize|p2|6\n|gen|9\n|tier|[Gen 9] Doubles OU\n|rule|Species Clause: Limit one of each Pok\u00e9mon\n|rule|OHKO Clause: OHKO moves are banned\n|rule|Evasion Moves Clause: Evasion moves are banned\n|rule|Gravity Sleep Clause: The combination of sleep-inducing moves with imperfect accuracy and Gravity or Gigantamax Orbeetle are banned\n|rule|Endless Battle Clause: Forcing endless battles is banned\n|rule|HP Percentage Mod: HP is shown in percentages\n|clearpoke\n|poke|p1|Roaring Moon|\n|poke|p1|Baxcalibur, F|\n|poke|p1|Ninetales-Alola, F|\n|poke|p1|Heatran, F|\n|poke|p1|Amoonguss, F|\n|poke|p1|Dondozo, F|\n|poke|p2|Volcanion|\n|poke|p2|Landorus-Therian, M|\n|poke|p2|Ogerpon, F|\n|poke|p2|Iron Hands|\n|poke|p2|Flutter Mane|\n|poke|p2|Tornadus, M|\n|teampreview\n|inactive|eragon11145 also wants the timer to be on.\n|raw|<div class=\"broadcast-red\"><strong>Moderated chat was set to \u2606!<\/strong><br \/>Only users of rank \u2606 and higher can talk.<\/div>\n|c|\u2606sempra|glhf\n|c|\u2606eragon11145|glhf\n|inactive|eragon11145 has 270 seconds left.\n|inactive|eragon11145 has 240 seconds left.\n|inactive|eragon11145 has 210 seconds left.\n|\n|t:|1699215781\n|start\n|switch|p1a: Baxcalibur|Baxcalibur, F, shiny|100\/100\n|switch|p1b: Ninetales|Ninetales-Alola, F, shiny|100\/100\n|switch|p2a: Flutter Mane|Flutter Mane|100\/100\n|switch|p2b: Volcanion|Volcanion|100\/100\n|-weather|Snow|[from] ability: Snow Warning|[of] p1b: Ninetales\n|turn|1\n|\n|t:|1699215807\n|move|p2a: Flutter Mane|Shadow Ball|p1a: Baxcalibur\n|-damage|p1a: Baxcalibur|69\/100\n|-unboost|p1a: Baxcalibur|spd|1\n|move|p1b: Ninetales|Aurora Veil|p1b: Ninetales\n|-sidestart|p1: sempra|move: Aurora Veil\n|move|p1a: Baxcalibur|Icicle Crash|p2a: Flutter Mane\n|-crit|p2a: Flutter Mane\n|-damage|p2a: Flutter Mane|0 fnt\n|faint|p2a: Flutter Mane\n|-end|p2a: Flutter Mane|Protosynthesis|[silent]\n|move|p2b: Volcanion|Steam Eruption|p1a: Baxcalibur\n|-resisted|p1a: Baxcalibur\n|-damage|p1a: Baxcalibur|53\/100\n|\n|-weather|Snow|[upkeep]\n|-heal|p1a: Baxcalibur|59\/100|[from] ability: Ice Body\n|upkeep\n|inactive|eragon11145 has 270 seconds left.\n|\n|t:|1699215823\n|switch|p2a: Landorus|Landorus-Therian, M|100\/100\n|-ability|p2a: Landorus|Intimidate|boost\n|-unboost|p1a: Baxcalibur|atk|1\n|-unboost|p1b: Ninetales|atk|1\n|turn|2\n|\n|t:|1699215833\n|switch|p1a: Dondozo|Dondozo, F|100\/100\n|move|p2a: Landorus|Protect|p2a: Landorus\n|-singleturn|p2a: Landorus|Protect\n|move|p1b: Ninetales|Icy Wind|p2b: Volcanion|[spread] p2b\n|-activate|p2a: Landorus|move: Protect\n|-resisted|p2b: Volcanion\n|-damage|p2b: Volcanion|97\/100\n|-unboost|p2b: Volcanion|spe|1\n|move|p2b: Volcanion|Heat Wave|p1b: Ninetales|[spread] p1a,p1b\n|-resisted|p1a: Dondozo\n|-supereffective|p1b: Ninetales\n|-crit|p1b: Ninetales\n|-damage|p1a: Dondozo|90\/100\n|-damage|p1b: Ninetales|0 fnt\n|faint|p1b: Ninetales\n|\n|-weather|Snow|[upkeep]\n|-heal|p2b: Volcanion|100\/100|[from] item: Leftovers\n|upkeep\n|\n|t:|1699215842\n|switch|p1b: Baxcalibur|Baxcalibur, F, shiny|59\/100\n|turn|3\n|\n|t:|1699215847\n|switch|p2a: Iron Hands|Iron Hands|100\/100\n|move|p1b: Baxcalibur|Icicle Crash|p2a: Iron Hands\n|-damage|p2a: Iron Hands|64\/100\n|move|p2b: Volcanion|Will-O-Wisp|p1b: Baxcalibur\n|-status|p1b: Baxcalibur|brn\n|move|p1a: Dondozo|Yawn|p2b: Volcanion\n|-start|p2b: Volcanion|move: Yawn|[of] p1a: Dondozo\n|\n|-weather|Snow|[upkeep]\n|-heal|p1b: Baxcalibur|65\/100 brn|[from] ability: Ice Body\n|-damage|p1b: Baxcalibur|59\/100 brn|[from] brn\n|upkeep\n|turn|4\n|\n|t:|1699215871\n|switch|p1b: Amoonguss|Amoonguss, F, shiny|100\/100\n|switch|p2b: Ogerpon|Ogerpon, F|100\/100\n|move|p2a: Iron Hands|Fake Out|p1b: Amoonguss\n|-damage|p1b: Amoonguss|91\/100\n|move|p1a: Dondozo|Yawn|p2b: Ogerpon\n|-start|p2b: Ogerpon|move: Yawn|[of] p1a: Dondozo\n|\n|-weather|Snow|[upkeep]\n|upkeep\n|turn|5\n|inactive|eragon11145 has 270 seconds left.\n|\n|t:|1699215914\n|switch|p2b: Tornadus|Tornadus, M|100\/100\n|move|p2a: Iron Hands|Wild Charge|p1a: Dondozo\n|-supereffective|p1a: Dondozo\n|-damage|p1a: Dondozo|47\/100\n|-enditem|p1a: Dondozo|Sitrus Berry|[eat]\n|-heal|p1a: Dondozo|72\/100|[from] item: Sitrus Berry\n|-damage|p2a: Iron Hands|54\/100|[from] Recoil\n|move|p1a: Dondozo|Yawn|p2b: Tornadus\n|-start|p2b: Tornadus|move: Yawn|[of] p1a: Dondozo\n|move|p1b: Amoonguss|Spore|p2a: Iron Hands\n|-status|p2a: Iron Hands|slp|[from] move: Spore\n|\n|-weather|none\n|upkeep\n|turn|6\n|inactive|eragon11145 has 270 seconds left.\n|\n|t:|1699215959\n|switch|p1a: Heatran|Heatran, F, shiny|100\/100\n|move|p2b: Tornadus|Bleakwind Storm|p1b: Amoonguss|[spread] p1a,p1b\n|-resisted|p1a: Heatran\n|-supereffective|p1b: Amoonguss\n|-damage|p1a: Heatran|90\/100\n|-damage|p1b: Amoonguss|48\/100\n|-enditem|p1b: Amoonguss|Sitrus Berry|[eat]\n|-heal|p1b: Amoonguss|73\/100|[from] item: Sitrus Berry\n|cant|p2a: Iron Hands|slp\n|move|p1b: Amoonguss|Spore|p2a: Iron Hands\n|-fail|p2a: Iron Hands|slp\n|\n|-heal|p1a: Heatran|96\/100|[from] item: Leftovers\n|-end|p2b: Tornadus|move: Yawn|[silent]\n|-status|p2b: Tornadus|slp\n|upkeep\n|turn|7\n|inactive|eragon11145 has 270 seconds left.\n|\n|t:|1699215975\n|switch|p1b: Dondozo|Dondozo, F|72\/100\n|cant|p2b: Tornadus|slp\n|move|p1a: Heatran|Magma Storm|p2a: Iron Hands|[miss]\n|-miss|p1a: Heatran|p2a: Iron Hands\n|cant|p2a: Iron Hands|slp\n|\n|-heal|p1a: Heatran|100\/100|[from] item: Leftovers\n|upkeep\n|turn|8\n|\n|t:|1699215990\n|-curestatus|p2b: Tornadus|slp|[msg]\n|move|p2b: Tornadus|Tailwind|p2b: Tornadus\n|-sidestart|p2: eragon11145|move: Tailwind\n|-curestatus|p2a: Iron Hands|slp|[msg]\n|move|p2a: Iron Hands|Drain Punch|p1a: Heatran\n|-supereffective|p1a: Heatran\n|-damage|p1a: Heatran|52\/100\n|-heal|p2a: Iron Hands|73\/100|[from] drain|[of] p1a: Heatran\n|move|p1a: Heatran|Magma Storm|p2a: Iron Hands\n|-damage|p2a: Iron Hands|47\/100\n|-activate|p2a: Iron Hands|move: Magma Storm|[of] p1a: Heatran\n|move|p1b: Dondozo|Yawn|p2a: Iron Hands\n|-start|p2a: Iron Hands|move: Yawn|[of] p1b: Dondozo\n|\n|-heal|p1a: Heatran|58\/100|[from] item: Leftovers\n|-damage|p2a: Iron Hands|35\/100|[from] move: Magma Storm|[partiallytrapped]\n|-sideend|p1: sempra|move: Aurora Veil\n|upkeep\n|turn|9\n|\n|t:|1699216016\n|move|p1a: Heatran|Protect|p1a: Heatran\n|-singleturn|p1a: Heatran|Protect\n|move|p1b: Dondozo|Protect|p1b: Dondozo\n|-singleturn|p1b: Dondozo|Protect\n|move|p2b: Tornadus|Bleakwind Storm|p1a: Heatran|[spread] \n|-activate|p1a: Heatran|move: Protect\n|-activate|p1b: Dondozo|move: Protect\n|move|p2a: Iron Hands|Wild Charge|p1b: Dondozo\n|-activate|p1b: Dondozo|move: Protect\n|\n|-heal|p1a: Heatran|64\/100|[from] item: Leftovers\n|-damage|p2a: Iron Hands|22\/100|[from] move: Magma Storm|[partiallytrapped]\n|-end|p2a: Iron Hands|move: Yawn|[silent]\n|-status|p2a: Iron Hands|slp\n|upkeep\n|turn|10\n|\n|t:|1699216024\n|move|p2b: Tornadus|Protect|p2b: Tornadus\n|-singleturn|p2b: Tornadus|Protect\n|cant|p2a: Iron Hands|slp\n|move|p1a: Heatran|Magma Storm|p2b: Tornadus\n|-activate|p2b: Tornadus|move: Protect\n|move|p1b: Dondozo|Yawn|p2b: Tornadus\n|-activate|p2b: Tornadus|move: Protect\n|\n|-heal|p1a: Heatran|70\/100|[from] item: Leftovers\n|-damage|p2a: Iron Hands|10\/100 slp|[from] move: Magma Storm|[partiallytrapped]\n|upkeep\n|turn|11\n|\n|t:|1699216043\n|move|p1a: Heatran|Protect|p1a: Heatran\n|-singleturn|p1a: Heatran|Protect\n|move|p2b: Tornadus|Bleakwind Storm|p1b: Dondozo|[spread] p1b\n|-activate|p1a: Heatran|move: Protect\n|-damage|p1b: Dondozo|42\/100\n|cant|p2a: Iron Hands|slp\n|move|p1b: Dondozo|Yawn|p2b: Tornadus\n|-start|p2b: Tornadus|move: Yawn|[of] p1b: Dondozo\n|\n|-heal|p1a: Heatran|76\/100|[from] item: Leftovers\n|-damage|p2a: Iron Hands|0 fnt|[from] move: Magma Storm|[partiallytrapped]\n|faint|p2a: Iron Hands\n|-end|p2a: Iron Hands|Quark Drive|[silent]\n|-sideend|p2: eragon11145|move: Tailwind\n|upkeep\n|inactive|eragon11145 has 270 seconds left.\n|\n|t:|1699216076\n|switch|p2a: Landorus|Landorus-Therian, M|100\/100\n|-ability|p2a: Landorus|Intimidate|boost\n|-unboost|p1a: Heatran|atk|1\n|-fail|p1b: Dondozo|unboost|Attack|[from] ability: Oblivious|[of] p1b: Dondozo\n|turn|12\n|inactive|eragon11145 has 270 seconds left.\n|\n|t:|1699216092\n|switch|p2b: Volcanion|Volcanion|100\/100\n|switch|p1a: Baxcalibur|Baxcalibur, F, shiny|59\/100 brn\n|-terastallize|p2a: Landorus|Flying\n|move|p2a: Landorus|Tera Blast|p1a: Baxcalibur|[anim] Tera Blast Flying\n|-damage|p1a: Baxcalibur|7\/100 brn\n|move|p1b: Dondozo|Wave Crash|p2a: Landorus\n|-damage|p2a: Landorus|43\/100\n|-damage|p1b: Dondozo|27\/100|[from] Recoil\n|\n|-damage|p1a: Baxcalibur|1\/100 brn|[from] brn\n|upkeep\n|turn|13\n|\n|t:|1699216108\n|move|p2a: Landorus|Protect|p2a: Landorus\n|-singleturn|p2a: Landorus|Protect\n|move|p2b: Volcanion|Protect|p2b: Volcanion\n|-singleturn|p2b: Volcanion|Protect\n|move|p1a: Baxcalibur|High Horsepower|p2b: Volcanion\n|-activate|p2b: Volcanion|move: Protect\n|move|p1b: Dondozo|Yawn|p2b: Volcanion\n|-activate|p2b: Volcanion|move: Protect\n|\n|-damage|p1a: Baxcalibur|0 fnt|[from] brn\n|faint|p1a: Baxcalibur\n|upkeep\n|\n|t:|1699216119\n|switch|p1a: Roaring Moon|Roaring Moon, shiny|100\/100\n|-enditem|p1a: Roaring Moon|Booster Energy\n|-activate|p1a: Roaring Moon|ability: Protosynthesis|[fromitem]\n|-start|p1a: Roaring Moon|protosynthesisatk\n|turn|14\n|\n|t:|1699216130\n|switch|p2a: Tornadus|Tornadus, M|100\/100\n|move|p1a: Roaring Moon|Knock Off|p2a: Tornadus\n|-damage|p2a: Tornadus|0 fnt\n|-enditem|p2a: Tornadus|Covert Cloak|[from] move: Knock Off|[of] p1a: Roaring Moon\n|faint|p2a: Tornadus\n|move|p2b: Volcanion|Will-O-Wisp|p1a: Roaring Moon\n|-status|p1a: Roaring Moon|brn\n|move|p1b: Dondozo|Yawn|p2b: Volcanion\n|-start|p2b: Volcanion|move: Yawn|[of] p1b: Dondozo\n|\n|-damage|p1a: Roaring Moon|94\/100 brn|[from] brn\n|upkeep\n|\n|t:|1699216147\n|switch|p2a: Landorus|Landorus-Therian, M, tera:Flying|43\/100\n|-ability|p2a: Landorus|Intimidate|boost\n|-unboost|p1a: Roaring Moon|atk|1\n|-fail|p1b: Dondozo|unboost|Attack|[from] ability: Oblivious|[of] p1b: Dondozo\n|turn|15\n|inactive|eragon11145 has 270 seconds left.\n|\n|t:|1699216184\n|switch|p2b: Ogerpon|Ogerpon, F|100\/100\n|move|p1a: Roaring Moon|Dragon Dance|p1a: Roaring Moon\n|-boost|p1a: Roaring Moon|atk|1\n|-boost|p1a: Roaring Moon|spe|1\n|move|p2a: Landorus|Tera Blast|p1b: Dondozo|[anim] Tera Blast Flying\n|-damage|p1b: Dondozo|0 fnt\n|faint|p1b: Dondozo\n|\n|-damage|p1a: Roaring Moon|88\/100 brn|[from] brn\n|upkeep\n|inactive|sempra has 270 seconds left.\n|\n|t:|1699216197\n|switch|p1b: Amoonguss|Amoonguss, F, shiny|100\/100\n|turn|16\n|inactive|sempra has 270 seconds left.\n|inactive|eragon11145 has 270 seconds left.\n|\n|t:|1699216240\n|-terastallize|p1b: Amoonguss|Water\n|move|p1a: Roaring Moon|Acrobatics|p2b: Ogerpon\n|-supereffective|p2b: Ogerpon\n|-damage|p2b: Ogerpon|37\/100\n|move|p2b: Ogerpon|Stomping Tantrum|p1a: Roaring Moon\n|-damage|p1a: Roaring Moon|51\/100 brn\n|move|p2a: Landorus|Tera Blast|p1a: Roaring Moon|[anim] Tera Blast Flying\n|-crit|p1a: Roaring Moon\n|-damage|p1a: Roaring Moon|0 fnt\n|faint|p1a: Roaring Moon\n|-end|p1a: Roaring Moon|Protosynthesis|[silent]\n|move|p1b: Amoonguss|Spore|p2a: Landorus\n|-status|p2a: Landorus|slp|[from] move: Spore\n|\n|upkeep\n|\n|t:|1699216244\n|switch|p1a: Heatran|Heatran, F, shiny|76\/100\n|turn|17\n|inactive|sempra has 270 seconds left.\n|\n|t:|1699216281\n|move|p1b: Amoonguss|Rage Powder|p1b: Amoonguss\n|-singleturn|p1b: Amoonguss|move: Rage Powder\n|move|p2b: Ogerpon|Stomping Tantrum|p1a: Heatran\n|-supereffective|p1a: Heatran\n|-damage|p1a: Heatran|0 fnt\n|faint|p1a: Heatran\n|cant|p2a: Landorus|slp\n|\n|upkeep\n|turn|18\n|inactive|sempra has 270 seconds left.\n|c|\u2606eragon11145|gg\n|\n|t:|1699216297\n|switch|p2b: Volcanion|Volcanion|100\/100\n|cant|p2a: Landorus|slp\n|move|p1b: Amoonguss|Pollen Puff|p2b: Volcanion\n|-resisted|p2b: Volcanion\n|-damage|p2b: Volcanion|92\/100\n|\n|-heal|p2b: Volcanion|98\/100|[from] item: Leftovers\n|upkeep\n|turn|19\n|c|\u2606sempra|gg\n|-message|sempra forfeited.\n|\n|win|eragon11145\n","uploadtime":1699216306,"views":297,"p1id":"sempra","p2id":"eragon11145","formatid":"gen9doublesou","rating":0,"private":0,"password":""}