{"id":"smogtours-gen9doublesou-728554","p1":"theyummybagel","p2":"the JRL","format":"[Gen 9] Doubles OU","log":"|inactive|Battle timer is ON: inactive players will automatically lose when time's up.\n|t:|1699116540\n|gametype|doubles\n|player|p1|theyummybagel|#scl3breakers|\n|player|p2|the JRL|#scl3islanders2|\n|teamsize|p1|6\n|teamsize|p2|6\n|gen|9\n|tier|[Gen 9] Doubles OU\n|rule|Species Clause: Limit one of each Pok\u00e9mon\n|rule|OHKO Clause: OHKO moves are banned\n|rule|Evasion Moves Clause: Evasion moves are banned\n|rule|Gravity Sleep Clause: The combination of sleep-inducing moves with imperfect accuracy and Gravity or Gigantamax Orbeetle are banned\n|rule|Endless Battle Clause: Forcing endless battles is banned\n|rule|HP Percentage Mod: HP is shown in percentages\n|clearpoke\n|poke|p1|Tornadus, M|\n|poke|p1|Gholdengo|\n|poke|p1|Regidrago|\n|poke|p1|Volcanion|\n|poke|p1|Zapdos-Galar|\n|poke|p1|Rillaboom, F|\n|poke|p2|Ninetales-Alola, F|\n|poke|p2|Heatran, F|\n|poke|p2|Rillaboom, M|\n|poke|p2|Ogerpon-Wellspring, F|\n|poke|p2|Baxcalibur, F|\n|poke|p2|Landorus-Therian, M|\n|teampreview\n|inactive|theyummybagel also wants the timer to be on.\n|c|\u2606theyummybagel|hf\n|c|\u2606the JRL|u2\n|inactive|theyummybagel has 270 seconds left.\n|inactive|the JRL has 270 seconds left.\n|inactive|theyummybagel has 240 seconds left.\n|inactive|the JRL has 240 seconds left.\n|inactive|theyummybagel has 210 seconds left.\n|inactive|the JRL has 210 seconds left.\n|c|+Grandmas Cookin|replays where flutter mane doesn\u2019t look broken\n|inactive|the JRL has 180 seconds left.\n|c|+ratpacker|replays where flutter mane doesn't\n|inactive|the JRL has 150 seconds left.\n|\n|t:|1699116695\n|start\n|switch|p1a: Gholdengo|Gholdengo|100\/100\n|switch|p1b: Zapdos|Zapdos-Galar|100\/100\n|switch|p2a: Heatran|Heatran, F|100\/100\n|switch|p2b: Ninetales|Ninetales-Alola, F|100\/100\n|-weather|Snow|[from] ability: Snow Warning|[of] p2b: Ninetales\n|turn|1\n|inactive|theyummybagel has 270 seconds left.\n|inactive|the JRL has 210 seconds left.\n|raw|<div class=\"broadcast-red\"><strong>Moderated chat was set to \u2606!<\/strong><br \/>Only users of rank \u2606 and higher can talk.<\/div>\n|inactive|theyummybagel has 240 seconds left.\n|inactive|the JRL has 180 seconds left.\n|inactive|theyummybagel has 210 seconds left.\n|\n|t:|1699116787\n|-terastallize|p2a: Heatran|Ghost\n|move|p1b: Zapdos|Close Combat|p2a: Heatran\n|-immune|p2a: Heatran\n|move|p2b: Ninetales|Aurora Veil|p2b: Ninetales\n|-sidestart|p2: the JRL|move: Aurora Veil\n|move|p1a: Gholdengo|Make It Rain|p2b: Ninetales|[spread] p2a,p2b\n|-supereffective|p2b: Ninetales\n|-damage|p2a: Heatran|61\/100\n|-damage|p2b: Ninetales|0 fnt\n|-unboost|p1a: Gholdengo|spa|1\n|faint|p2b: Ninetales\n|move|p2a: Heatran|Heat Wave|p1b: Zapdos|[spread] p1a,p1b\n|-supereffective|p1a: Gholdengo\n|-damage|p1a: Gholdengo|17\/100\n|-damage|p1b: Zapdos|51\/100\n|-status|p1b: Zapdos|brn\n|\n|-weather|Snow|[upkeep]\n|-damage|p1b: Zapdos|45\/100 brn|[from] brn\n|upkeep\n|inactive|the JRL has 150 seconds left.\n|inactive|the JRL has 120 seconds left.\n|\n|t:|1699116834\n|switch|p2b: Ogerpon|Ogerpon-Wellspring, F|100\/100\n|turn|2\n|inactive|theyummybagel has 210 seconds left.\n|inactive|the JRL has 120 seconds left.\n|\n|t:|1699116877\n|move|p1b: Zapdos|Close Combat|p2b: Ogerpon\n|-damage|p2b: Ogerpon|76\/100\n|-unboost|p1b: Zapdos|def|1\n|-unboost|p1b: Zapdos|spd|1\n|move|p2b: Ogerpon|Swords Dance|p2b: Ogerpon\n|-boost|p2b: Ogerpon|atk|2\n|move|p1a: Gholdengo|Shadow Ball|p2a: Heatran\n|-supereffective|p2a: Heatran\n|-damage|p2a: Heatran|22\/100\n|move|p2a: Heatran|Heat Wave|p1a: Gholdengo|[spread] p1b\n|-miss|p2a: Heatran|p1a: Gholdengo\n|-damage|p1b: Zapdos|0 fnt\n|faint|p1b: Zapdos\n|\n|-weather|Snow|[upkeep]\n|upkeep\n|inactive|theyummybagel has 180 seconds left.\n|inactive|theyummybagel has 150 seconds left.\n|inactive|theyummybagel has 120 seconds left.\n|\n|t:|1699116976\n|switch|p1b: Rillaboom|Rillaboom, F|100\/100\n|-fieldstart|move: Grassy Terrain|[from] ability: Grassy Surge|[of] p1b: Rillaboom\n|turn|3\n|inactive|theyummybagel has 120 seconds left.\n|inactive|the JRL has 120 seconds left.\n|inactive|theyummybagel has 90 seconds left.\n|\n|t:|1699117017\n|switch|p2a: Rillaboom|Rillaboom, M|100\/100\n|move|p2b: Ogerpon|Spiky Shield|p2b: Ogerpon\n|-singleturn|p2b: Ogerpon|move: Protect\n|move|p1b: Rillaboom|Fake Out|p2b: Ogerpon\n|-activate|p2b: Ogerpon|move: Protect\n|-damage|p1b: Rillaboom|88\/100|[from] Spiky Shield|[of] p2b: Ogerpon\n|move|p1a: Gholdengo|Shadow Ball|p2a: Rillaboom\n|-damage|p2a: Rillaboom|87\/100\n|\n|-weather|Snow|[upkeep]\n|-heal|p2b: Ogerpon|82\/100|[from] Grassy Terrain\n|-heal|p1a: Gholdengo|23\/100|[from] Grassy Terrain\n|-heal|p1b: Rillaboom|94\/100|[from] Grassy Terrain\n|-heal|p2a: Rillaboom|93\/100|[from] Grassy Terrain\n|upkeep\n|turn|4\n|inactive|the JRL has 120 seconds left.\n|inactive|the JRL has 90 seconds left.\n|\n|t:|1699117070\n|move|p2b: Ogerpon|Grassy Glide|p1a: Gholdengo\n|-resisted|p1a: Gholdengo\n|-damage|p1a: Gholdengo|0 fnt\n|faint|p1a: Gholdengo\n|move|p1b: Rillaboom|Wood Hammer|p2b: Ogerpon\n|-damage|p2b: Ogerpon|18\/100\n|-damage|p1b: Rillaboom|73\/100|[from] Recoil\n|move|p2a: Rillaboom|U-turn|p1b: Rillaboom\n|-supereffective|p1b: Rillaboom\n|-damage|p1b: Rillaboom|27\/100\n|\n|t:|1699117092\n|switch|p2a: Landorus|Landorus-Therian, M|100\/100|[from] U-turn\n|-ability|p2a: Landorus|Intimidate|boost\n|-unboost|p1b: Rillaboom|atk|1\n|\n|-weather|Snow|[upkeep]\n|-heal|p2b: Ogerpon|24\/100|[from] Grassy Terrain\n|-heal|p1b: Rillaboom|33\/100|[from] Grassy Terrain\n|upkeep\n|\n|t:|1699117099\n|switch|p1a: Tornadus|Tornadus, M|100\/100\n|turn|5\n|inactive|the JRL has 90 seconds left.\n|inactive|the JRL has 60 seconds left.\n|inactive|the JRL has 30 seconds left.\n|inactive|the JRL has 20 seconds left.\n|\n|t:|1699117180\n|move|p1a: Tornadus|Tailwind|p1a: Tornadus\n|-sidestart|p1: theyummybagel|move: Tailwind\n|move|p1b: Rillaboom|Wood Hammer|p2a: Landorus\n|-damage|p2a: Landorus|52\/100\n|-damage|p1b: Rillaboom|19\/100|[from] Recoil\n|move|p2a: Landorus|U-turn|p1b: Rillaboom\n|-supereffective|p1b: Rillaboom\n|-damage|p1b: Rillaboom|0 fnt\n|faint|p1b: Rillaboom\n|inactive|the JRL has 25 seconds left this turn.\n|inactive|the JRL has 20 seconds left.\n|inactive|the JRL has 15 seconds left.\n|\n|t:|1699117192\n|switch|p2a: Rillaboom|Rillaboom, M|93\/100|[from] U-turn\n|move|p2b: Ogerpon|Ivy Cudgel|p1a: Tornadus\n|-damage|p1a: Tornadus|0 fnt\n|faint|p1a: Tornadus\n|\n|-weather|none\n|-heal|p2b: Ogerpon|30\/100|[from] Grassy Terrain\n|-heal|p2a: Rillaboom|99\/100|[from] Grassy Terrain\n|upkeep\n|inactive|the JRL has 20 seconds left this turn.\n|\n|t:|1699117202\n|switch|p1a: Volcanion|Volcanion|100\/100\n|switch|p1b: Regidrago|Regidrago|100\/100\n|turn|6\n|inactive|the JRL has 30 seconds left.\n|\n|t:|1699117220\n|move|p1b: Regidrago|Protect|p1b: Regidrago\n|-singleturn|p1b: Regidrago|Protect\n|move|p2a: Rillaboom|Fake Out|p1a: Volcanion\n|-damage|p1a: Volcanion|89\/100\n|move|p2b: Ogerpon|Grassy Glide|p1b: Regidrago\n|-activate|p1b: Regidrago|move: Protect\n|cant|p1a: Volcanion|flinch\n|\n|-heal|p1a: Volcanion|95\/100|[from] Grassy Terrain\n|-heal|p2b: Ogerpon|36\/100|[from] Grassy Terrain\n|-heal|p2a: Rillaboom|100\/100|[from] Grassy Terrain\n|upkeep\n|turn|7\n|inactive|theyummybagel has 180 seconds left.\n|\n|t:|1699117233\n|-terastallize|p1b: Regidrago|Dragon\n|move|p2b: Ogerpon|Grassy Glide|p1b: Regidrago\n|-resisted|p1b: Regidrago\n|-damage|p1b: Regidrago|56\/100\n|move|p2a: Rillaboom|Grassy Glide|p1b: Regidrago\n|-resisted|p1b: Regidrago\n|-damage|p1b: Regidrago|34\/100\n|move|p1b: Regidrago|Dragon Energy|p2a: Rillaboom|[spread] p2a,p2b\n|-damage|p2a: Rillaboom|82\/100\n|-damage|p2b: Ogerpon|10\/100\n|move|p1a: Volcanion|Heat Wave|p2a: Rillaboom|[spread] p2a,p2b\n|-supereffective|p2a: Rillaboom\n|-damage|p2a: Rillaboom|44\/100\n|-damage|p2b: Ogerpon|0 fnt\n|faint|p2b: Ogerpon\n|\n|-heal|p1b: Regidrago|40\/100|[from] Grassy Terrain\n|-heal|p1a: Volcanion|100\/100|[from] Grassy Terrain\n|-heal|p2a: Rillaboom|50\/100|[from] Grassy Terrain\n|-fieldend|move: Grassy Terrain\n|upkeep\n|\n|t:|1699117250\n|switch|p2b: Baxcalibur|Baxcalibur, F|100\/100\n|turn|8\n|\n|t:|1699117266\n|switch|p2a: Heatran|Heatran, F, tera:Ghost|22\/100\n|move|p2b: Baxcalibur|Protect|p2b: Baxcalibur\n|-singleturn|p2b: Baxcalibur|Protect\n|move|p1b: Regidrago|Dragon Energy|p2a: Heatran|[spread] p2a\n|-activate|p2b: Baxcalibur|move: Protect\n|-damage|p2a: Heatran|0 fnt\n|faint|p2a: Heatran\n|move|p1a: Volcanion|Heat Wave|p2b: Baxcalibur\n|-activate|p2b: Baxcalibur|move: Protect\n|\n|-sideend|p1: theyummybagel|move: Tailwind\n|-sideend|p2: the JRL|move: Aurora Veil\n|upkeep\n|\n|t:|1699117271\n|switch|p2a: Rillaboom|Rillaboom, M|50\/100\n|-fieldstart|move: Grassy Terrain|[from] ability: Grassy Surge|[of] p2a: Rillaboom\n|turn|9\n|inactive|theyummybagel has 210 seconds left.\n|\n|t:|1699117292\n|move|p2a: Rillaboom|Fake Out|p1b: Regidrago\n|-damage|p1b: Regidrago|25\/100\n|move|p2b: Baxcalibur|Dragon Dance|p2b: Baxcalibur\n|-boost|p2b: Baxcalibur|atk|1\n|-boost|p2b: Baxcalibur|spe|1\n|cant|p1b: Regidrago|flinch\n|move|p1a: Volcanion|Heat Wave|p2a: Rillaboom|[spread] p2a,p2b\n|-supereffective|p2a: Rillaboom\n|-damage|p2a: Rillaboom|0 fnt\n|-damage|p2b: Baxcalibur|63\/100\n|-ability|p2b: Baxcalibur|Thermal Exchange|boost\n|-boost|p2b: Baxcalibur|atk|1\n|faint|p2a: Rillaboom\n|\n|-heal|p2b: Baxcalibur|69\/100|[from] Grassy Terrain\n|-heal|p1b: Regidrago|32\/100|[from] Grassy Terrain\n|upkeep\n|\n|t:|1699117302\n|switch|p2a: Landorus|Landorus-Therian, M|52\/100\n|-ability|p2a: Landorus|Intimidate|boost\n|-unboost|p1a: Volcanion|atk|1\n|-unboost|p1b: Regidrago|atk|1\n|turn|10\n|inactive|the JRL has 90 seconds left.\n|inactive|the JRL has 60 seconds left.\n|inactive|theyummybagel has 210 seconds left.\n|\n|t:|1699117390\n|move|p1b: Regidrago|Protect|p1b: Regidrago\n|-singleturn|p1b: Regidrago|Protect\n|move|p2b: Baxcalibur|High Horsepower|p1a: Volcanion\n|-supereffective|p1a: Volcanion\n|-damage|p1a: Volcanion|0 fnt\n|faint|p1a: Volcanion\n|move|p2a: Landorus|Stomping Tantrum|p1b: Regidrago\n|-activate|p1b: Regidrago|move: Protect\n|\n|-heal|p2b: Baxcalibur|75\/100|[from] Grassy Terrain\n|-heal|p1b: Regidrago|38\/100|[from] Grassy Terrain\n|upkeep\n|turn|11\n|inactive|theyummybagel has 210 seconds left.\n|inactive|the JRL has 60 seconds left.\n|\n|t:|1699117404\n|move|p2b: Baxcalibur|High Horsepower|p1b: Regidrago\n|-damage|p1b: Regidrago|0 fnt\n|faint|p1b: Regidrago\n|\n|win|the JRL\n|c|\u2606the JRL|gg\n|c|\u2606theyummybagel|gg\n","uploadtime":1699117405,"views":306,"p1id":"theyummybagel","p2id":"thejrl","formatid":"gen9doublesou","rating":0,"private":0,"password":""}