{"id":"smogtours-gen9doublesou-732600","p1":"Amaranth","p2":"sanjaydas","format":"[Gen 9] Doubles OU","log":"|inactive|Battle timer is ON: inactive players will automatically lose when time's up.\n|t:|1701011042\n|gametype|doubles\n|player|p1|Amaranth|#amaranth|\n|player|p2|sanjaydas|170|\n|teamsize|p1|6\n|teamsize|p2|6\n|gen|9\n|tier|[Gen 9] Doubles OU\n|rule|Species Clause: Limit one of each Pok\u00e9mon\n|rule|OHKO Clause: OHKO moves are banned\n|rule|Evasion Moves Clause: Evasion moves are banned\n|rule|Gravity Sleep Clause: The combination of sleep-inducing moves with imperfect accuracy and Gravity or Gigantamax Orbeetle are banned\n|rule|Endless Battle Clause: Forcing endless battles is banned\n|rule|HP Percentage Mod: HP is shown in percentages\n|clearpoke\n|poke|p1|Clefairy, F|\n|poke|p1|Kommo-o, M|\n|poke|p1|Rillaboom, F|\n|poke|p1|Landorus-Therian, M|\n|poke|p1|Ursaluna, F|\n|poke|p1|Sinistcha-Masterpiece|\n|poke|p2|Gholdengo|\n|poke|p2|Regidrago|\n|poke|p2|Landorus-Therian, M|\n|poke|p2|Tornadus, M|\n|poke|p2|Palafin, F|\n|poke|p2|Glimmora, M|\n|teampreview\n|c|\u2606Amaranth|hf\n|c|\u2606sanjaydas|glhf\n|c|+WhoDatMan|gogo sanjay\n|inactive|sanjaydas has 270 seconds left.\n|inactive|sanjaydas has 240 seconds left.\n|inactive|sanjaydas has 210 seconds left.\n|c|+manan999|Go Sanjay\n|inactive|sanjaydas has 180 seconds left.\n|c|+manan999|Take it easy\n|inactive|sanjaydas has 150 seconds left.\n|\n|t:|1701011208\n|start\n|switch|p1a: Kommo-o|Kommo-o, M|100\/100\n|switch|p1b: Landorus|Landorus-Therian, M|100\/100\n|switch|p2a: Regidrago|Regidrago|100\/100\n|switch|p2b: Glimmora|Glimmora, M|100\/100\n|-ability|p1b: Landorus|Intimidate|boost\n|-unboost|p2a: Regidrago|atk|1\n|-unboost|p2b: Glimmora|atk|1\n|turn|1\n|inactive|sanjaydas has 210 seconds left.\n|inactive|Amaranth has 270 seconds left.\n|inactive|sanjaydas has 180 seconds left.\n|inactive|Amaranth has 240 seconds left.\n|inactive|sanjaydas has 150 seconds left.\n|\n|t:|1701011300\n|-terastallize|p1a: Kommo-o|Poison\n|move|p1b: Landorus|U-turn|p2a: Regidrago\n|-damage|p2a: Regidrago|72\/100\n|\n|t:|1701011304\n|switch|p1b: Clefairy|Clefairy, F|100\/100|[from] U-turn\n|move|p2b: Glimmora|Sludge Bomb|p1b: Clefairy\n|-supereffective|p1b: Clefairy\n|-damage|p1b: Clefairy|25\/100\n|move|p1a: Kommo-o|Drain Punch|p2a: Regidrago\n|-damage|p2a: Regidrago|36\/100\n|move|p2a: Regidrago|Dragon Energy|p1b: Clefairy|[spread] p1a\n|-immune|p1b: Clefairy\n|-damage|p1a: Kommo-o|73\/100\n|\n|upkeep\n|turn|2\n|inactive|Amaranth has 240 seconds left.\n|inactive|sanjaydas has 150 seconds left.\n|inactive|sanjaydas has 120 seconds left.\n|\n|t:|1701011380\n|switch|p2a: Tornadus|Tornadus, M|100\/100\n|move|p1b: Clefairy|Protect|p1b: Clefairy\n|-singleturn|p1b: Clefairy|Protect\n|move|p2b: Glimmora|Stealth Rock|p1a: Kommo-o\n|-sidestart|p1: Amaranth|move: Stealth Rock\n|move|p1a: Kommo-o|Drain Punch|p2a: Tornadus\n|-resisted|p2a: Tornadus\n|-damage|p2a: Tornadus|84\/100\n|-heal|p1a: Kommo-o|83\/100|[from] drain|[of] p2a: Tornadus\n|\n|upkeep\n|turn|3\n|inactive|Amaranth has 240 seconds left.\n|\n|t:|1701011409\n|switch|p1b: Landorus|Landorus-Therian, M|100\/100\n|-damage|p1b: Landorus|88\/100|[from] Stealth Rock\n|-ability|p1b: Landorus|Intimidate|boost\n|-unboost|p2a: Tornadus|atk|1\n|-unboost|p2b: Glimmora|atk|1\n|move|p2b: Glimmora|Sludge Bomb|p1b: Landorus\n|-resisted|p1b: Landorus\n|-damage|p1b: Landorus|59\/100\n|-status|p1b: Landorus|psn\n|move|p1a: Kommo-o|Clangorous Soul|p1a: Kommo-o\n|-boost|p1a: Kommo-o|atk|1\n|-boost|p1a: Kommo-o|def|1\n|-boost|p1a: Kommo-o|spa|1\n|-boost|p1a: Kommo-o|spd|1\n|-boost|p1a: Kommo-o|spe|1\n|-damage|p1a: Kommo-o|50\/100\n|move|p2a: Tornadus|Bleakwind Storm|p1b: Landorus|[spread] p1a,p1b\n|-damage|p1a: Kommo-o|27\/100\n|-damage|p1b: Landorus|20\/100 psn\n|\n|-damage|p1b: Landorus|8\/100 psn|[from] psn\n|upkeep\n|turn|4\n|inactive|Amaranth has 240 seconds left.\n|inactive|sanjaydas has 90 seconds left.\n|inactive|Amaranth has 210 seconds left.\n|inactive|sanjaydas has 60 seconds left.\n|\n|t:|1701011492\n|-terastallize|p2b: Glimmora|Ghost\n|move|p1a: Kommo-o|Protect|p1a: Kommo-o\n|-singleturn|p1a: Kommo-o|Protect\n|move|p1b: Landorus|Rock Slide|p2b: Glimmora|[spread] p2a,p2b\n|-supereffective|p2a: Tornadus\n|-damage|p2a: Tornadus|46\/100\n|-damage|p2b: Glimmora|72\/100\n|-activate|p2b: Glimmora|ability: Toxic Debris\n|-sidestart|p1: Amaranth|move: Toxic Spikes\n|-enditem|p2a: Tornadus|Sitrus Berry|[eat]\n|-heal|p2a: Tornadus|71\/100|[from] item: Sitrus Berry\n|cant|p2b: Glimmora|flinch\n|move|p2a: Tornadus|Bleakwind Storm|p1a: Kommo-o|[spread] p1b\n|-activate|p1a: Kommo-o|move: Protect\n|-damage|p1b: Landorus|0 fnt\n|faint|p1b: Landorus\n|\n|upkeep\n|\n|t:|1701011514\n|switch|p1b: Sinistcha|Sinistcha-Masterpiece|100\/100\n|-damage|p1b: Sinistcha|88\/100|[from] Stealth Rock\n|-status|p1b: Sinistcha|psn\n|-heal|p1a: Kommo-o|52\/100|[from] ability: Hospitality|[of] p1b: Sinistcha\n|turn|5\n|inactive|sanjaydas has 60 seconds left.\n|\n|t:|1701011530\n|switch|p1b: Clefairy|Clefairy, F|25\/100\n|-damage|p1b: Clefairy|13\/100|[from] Stealth Rock\n|-status|p1b: Clefairy|psn\n|move|p2a: Tornadus|Taunt|p1b: Clefairy\n|-start|p1b: Clefairy|move: Taunt\n|move|p1a: Kommo-o|Poison Jab|p2a: Tornadus\n|-damage|p2a: Tornadus|20\/100\n|move|p2b: Glimmora|Power Gem|p1a: Kommo-o\n|-damage|p1a: Kommo-o|31\/100\n|\n|-damage|p1b: Clefairy|0 fnt|[from] psn\n|faint|p1b: Clefairy\n|upkeep\n|\n|t:|1701011548\n|switch|p1b: Rillaboom|Rillaboom, F|100\/100\n|-damage|p1b: Rillaboom|88\/100|[from] Stealth Rock\n|-status|p1b: Rillaboom|psn\n|-fieldstart|move: Grassy Terrain|[from] ability: Grassy Surge|[of] p1b: Rillaboom\n|turn|6\n|inactive|Amaranth has 210 seconds left.\n|\n|t:|1701011559\n|switch|p2a: Landorus|Landorus-Therian, M|100\/100\n|-ability|p2a: Landorus|Intimidate|boost\n|-fail|p1a: Kommo-o|unboost|[from] item: Clear Amulet|[of] p1a: Kommo-o\n|-unboost|p1b: Rillaboom|atk|1\n|move|p1a: Kommo-o|Drain Punch|p2a: Landorus\n|-resisted|p2a: Landorus\n|-damage|p2a: Landorus|68\/100\n|-heal|p1a: Kommo-o|49\/100|[from] drain|[of] p2a: Landorus\n|move|p2b: Glimmora|Sludge Bomb|p1b: Rillaboom\n|-supereffective|p1b: Rillaboom\n|-damage|p1b: Rillaboom|18\/100 psn\n|move|p1b: Rillaboom|Wood Hammer|p2b: Glimmora\n|-damage|p2b: Glimmora|0 fnt\n|-activate|p2b: Glimmora|ability: Toxic Debris\n|-sidestart|p1: Amaranth|move: Toxic Spikes\n|faint|p2b: Glimmora\n|-damage|p1b: Rillaboom|0 fnt|[from] Recoil\n|faint|p1b: Rillaboom\n|\n|-heal|p1a: Kommo-o|54\/100|[from] Grassy Terrain\n|upkeep\n|inactive|sanjaydas has 90 seconds left.\n|\n|t:|1701011577\n|switch|p2b: Gholdengo|Gholdengo|100\/100\n|switch|p1b: Sinistcha|Sinistcha-Masterpiece|88\/100 psn\n|-damage|p1b: Sinistcha|76\/100 psn|[from] Stealth Rock\n|-heal|p1a: Kommo-o|79\/100|[from] ability: Hospitality|[of] p1b: Sinistcha\n|turn|7\n|inactive|Amaranth has 240 seconds left.\n|\n|t:|1701011593\n|move|p2a: Landorus|U-turn|p1b: Sinistcha\n|-damage|p1b: Sinistcha|53\/100 psn\n|\n|t:|1701011604\n|switch|p2a: Regidrago|Regidrago|36\/100|[from] U-turn\n|move|p1a: Kommo-o|Drain Punch|p2a: Regidrago\n|-crit|p2a: Regidrago\n|-damage|p2a: Regidrago|0 fnt\n|-heal|p1a: Kommo-o|100\/100|[from] drain|[of] p2a: Regidrago\n|faint|p2a: Regidrago\n|move|p2b: Gholdengo|Make It Rain|p1a: Kommo-o|[spread] p1a,p1b\n|-damage|p1a: Kommo-o|51\/100\n|-damage|p1b: Sinistcha|0 fnt\n|-unboost|p2b: Gholdengo|spa|1\n|faint|p1b: Sinistcha\n|\n|-heal|p1a: Kommo-o|57\/100|[from] Grassy Terrain\n|upkeep\n|inactive|sanjaydas has 90 seconds left.\n|\n|t:|1701011636\n|switch|p2a: Landorus|Landorus-Therian, M|68\/100\n|switch|p1b: Ursaluna|Ursaluna, F|100\/100\n|-ability|p2a: Landorus|Intimidate|boost\n|-fail|p1a: Kommo-o|unboost|[from] item: Clear Amulet|[of] p1a: Kommo-o\n|-unboost|p1b: Ursaluna|atk|1\n|-damage|p1b: Ursaluna|94\/100|[from] Stealth Rock\n|-status|p1b: Ursaluna|tox\n|turn|8\n|\n|t:|1701011645\n|move|p1b: Ursaluna|Protect|p1b: Ursaluna\n|-singleturn|p1b: Ursaluna|Protect\n|move|p2a: Landorus|Stomping Tantrum|p1a: Kommo-o\n|-supereffective|p1a: Kommo-o\n|-damage|p1a: Kommo-o|0 fnt\n|faint|p1a: Kommo-o\n|move|p2b: Gholdengo|Make It Rain|p1b: Ursaluna\n|-activate|p1b: Ursaluna|move: Protect\n|\n|-heal|p1b: Ursaluna|100\/100 tox|[from] Grassy Terrain\n|-damage|p1b: Ursaluna|94\/100 tox|[from] psn\n|upkeep\n|turn|9\n|\n|t:|1701011655\n|switch|p2b: Tornadus|Tornadus, M|20\/100\n|move|p2a: Landorus|Stomping Tantrum|p1b: Ursaluna\n|-damage|p1b: Ursaluna|66\/100 tox\n|move|p1b: Ursaluna|Headlong Rush|p2b: Tornadus\n|-immune|p2b: Tornadus\n|\n|-heal|p1b: Ursaluna|72\/100 tox|[from] Grassy Terrain\n|-damage|p1b: Ursaluna|60\/100 tox|[from] psn\n|upkeep\n|turn|10\n|c|\u2606Amaranth|gg\n|-message|Amaranth forfeited.\n|\n|win|sanjaydas\n|c|\u2606sanjaydas|gg\n|c|+WhoDatMan|lets goo sanjay\n|c|+manan999|Gg\n|c|+sundays.n_sundaes|SHIMA\n|c|+manan999|Sanjay the goat\n","uploadtime":1701011660,"views":94,"p1id":"amaranth","p2id":"sanjaydas","formatid":"gen9doublesou","rating":0,"private":0,"password":""}