{"id":"smogtours-gen9doublesou-725309","p1":"Xrn","p2":"Meminger21","format":"[Gen 9] Doubles OU","log":"|inactive|Battle timer is ON: inactive players will automatically lose when time's up.\n|t:|1697932989\n|gametype|doubles\n|player|p1|Xrn|#scl3platoon|\n|player|p2|Meminger21|liza|\n|teamsize|p1|6\n|teamsize|p2|6\n|gen|9\n|tier|[Gen 9] Doubles OU\n|rule|Species Clause: Limit one of each Pok\u00e9mon\n|rule|OHKO Clause: OHKO moves are banned\n|rule|Evasion Moves Clause: Evasion moves are banned\n|rule|Gravity Sleep Clause: The combination of sleep-inducing moves with imperfect accuracy and Gravity or Gigantamax Orbeetle are banned\n|rule|Endless Battle Clause: Forcing endless battles is banned\n|rule|HP Percentage Mod: HP is shown in percentages\n|clearpoke\n|poke|p1|Walking Wake|\n|poke|p1|Flutter Mane|\n|poke|p1|Ogerpon-Hearthflame, F|\n|poke|p1|Iron Hands|\n|poke|p1|Landorus-Therian, M|\n|poke|p1|Torkoal, M|\n|poke|p2|Landorus-Therian, M|\n|poke|p2|Rillaboom, F|\n|poke|p2|Clefairy, F|\n|poke|p2|Chi-Yu|\n|poke|p2|Kommo-o, M|\n|poke|p2|Flutter Mane|\n|teampreview\n|inactive|Xrn also wants the timer to be on.\n|raw|<div class=\"broadcast-red\"><strong>Moderated chat was set to \u2606!<\/strong><br \/>Only users of rank \u2606 and higher can talk.<\/div>\n|c|\u2606Xrn|hf\n|c|\u2606Meminger21|hf\n|inactive|Xrn has 270 seconds left.\n|inactive|Meminger21 has 270 seconds left.\n|inactive|Xrn has 240 seconds left.\n|inactive|Meminger21 has 240 seconds left.\n|inactive|Xrn has 210 seconds left.\n|inactive|Meminger21 has 210 seconds left.\n|inactive|Meminger21 has 180 seconds left.\n|inactive|Xrn has 180 seconds left.\n|\n|t:|1697933136\n|start\n|switch|p1a: stubborn forces|Iron Hands|100\/100\n|switch|p1b: drifty|Landorus-Therian, M, shiny|100\/100\n|switch|p2a: Rillaboom|Rillaboom, F|100\/100\n|switch|p2b: Landorus|Landorus-Therian, M|100\/100\n|-ability|p2b: Landorus|Intimidate|boost\n|-unboost|p1a: stubborn forces|atk|1\n|-unboost|p1b: drifty|atk|1\n|-fieldstart|move: Grassy Terrain|[from] ability: Grassy Surge|[of] p2a: Rillaboom\n|-ability|p1b: drifty|Intimidate|boost\n|-unboost|p2a: Rillaboom|atk|1\n|-unboost|p2b: Landorus|atk|1\n|turn|1\n|inactive|Xrn has 240 seconds left.\n|inactive|Meminger21 has 240 seconds left.\n|inactive|Xrn has 210 seconds left.\n|inactive|Meminger21 has 210 seconds left.\n|inactive|Xrn has 180 seconds left.\n|inactive|Meminger21 has 180 seconds left.\n|\n|t:|1697933218\n|-end|p1a: stubborn forces|Quark Drive|[silent]\n|switch|p1a: better off|Ogerpon-Hearthflame, F|100\/100\n|-ability|p1a: better off|Mold Breaker\n|move|p2a: Rillaboom|Fake Out|p1b: drifty\n|-damage|p1b: drifty|92\/100\n|move|p2b: Landorus|Stomping Tantrum|p1a: better off\n|-damage|p1a: better off|66\/100\n|cant|p1b: drifty|flinch\n|\n|-heal|p1a: better off|72\/100|[from] Grassy Terrain\n|upkeep\n|turn|2\n|inactive|Xrn has 180 seconds left.\n|\n|t:|1697933259\n|switch|p2a: Chi-Yu|Chi-Yu|100\/100\n|-ability|p2a: Chi-Yu|Beads of Ruin\n|move|p1a: better off|Ivy Cudgel|p2a: Chi-Yu\n|-resisted|p2a: Chi-Yu\n|-damage|p2a: Chi-Yu|50\/100\n|move|p2b: Landorus|U-turn|p1b: drifty\n|-resisted|p1b: drifty\n|-damage|p1b: drifty|83\/100\n|inactive|Meminger21 has 180 seconds left.\n|inactive|Meminger21 has 150 seconds left.\n|\n|t:|1697933300\n|switch|p2b: Clefairy|Clefairy, F|100\/100|[from] U-turn\n|move|p1b: drifty|Stealth Rock|p2b: Clefairy\n|-sidestart|p2: Meminger21|move: Stealth Rock\n|\n|-heal|p1a: better off|78\/100|[from] Grassy Terrain\n|-heal|p2a: Chi-Yu|56\/100|[from] Grassy Terrain\n|upkeep\n|turn|3\n|inactive|Xrn has 180 seconds left.\n|inactive|Meminger21 has 150 seconds left.\n|inactive|Xrn has 150 seconds left.\n|\n|t:|1697933346\n|switch|p1b: stubborn forces|Iron Hands|100\/100\n|move|p2b: Clefairy|Helping Hand|p2a: Chi-Yu\n|-singleturn|p2a: Chi-Yu|Helping Hand|[of] p2b: Clefairy\n|move|p1a: better off|Spiky Shield|p1a: better off\n|-singleturn|p1a: better off|move: Protect\n|move|p2a: Chi-Yu|Heat Wave|p1a: better off|[spread] p1b\n|-activate|p1a: better off|move: Protect\n|-damage|p1b: stubborn forces|38\/100\n|\n|-heal|p1a: better off|84\/100|[from] Grassy Terrain\n|-heal|p2a: Chi-Yu|62\/100|[from] Grassy Terrain\n|-heal|p1b: stubborn forces|44\/100|[from] Grassy Terrain\n|upkeep\n|turn|4\n|inactive|Meminger21 has 150 seconds left.\n|inactive|Xrn has 150 seconds left.\n|inactive|Meminger21 has 120 seconds left.\n|inactive|Xrn has 120 seconds left.\n|\n|t:|1697933428\n|switch|p1a: seventeen|Walking Wake|100\/100\n|move|p2a: Chi-Yu|Heat Wave|p1b: stubborn forces|[spread] p1a,p1b\n|-resisted|p1a: seventeen\n|-damage|p1a: seventeen|74\/100\n|-damage|p1b: stubborn forces|2\/100\n|move|p1b: stubborn forces|Heavy Slam|p2b: Clefairy\n|-supereffective|p2b: Clefairy\n|-damage|p2b: Clefairy|23\/100\n|move|p2b: Clefairy|Heal Pulse|p2a: Chi-Yu\n|-heal|p2a: Chi-Yu|100\/100\n|\n|-heal|p1a: seventeen|80\/100|[from] Grassy Terrain\n|-heal|p1b: stubborn forces|8\/100|[from] Grassy Terrain\n|-heal|p2b: Clefairy|29\/100|[from] Grassy Terrain\n|upkeep\n|turn|5\n|inactive|Xrn has 120 seconds left.\n|inactive|Meminger21 has 90 seconds left.\n|inactive|Xrn has 90 seconds left.\n|inactive|Meminger21 has 60 seconds left.\n|\n|t:|1697933517\n|move|p2b: Clefairy|Follow Me|p2b: Clefairy\n|-singleturn|p2b: Clefairy|move: Follow Me\n|move|p1a: seventeen|Hydro Steam|p2b: Clefairy\n|-damage|p2b: Clefairy|0 fnt\n|faint|p2b: Clefairy\n|-damage|p1a: seventeen|71\/100|[from] item: Life Orb\n|move|p2a: Chi-Yu|Heat Wave|p1a: seventeen|[spread] p1a,p1b\n|-resisted|p1a: seventeen\n|-damage|p1a: seventeen|48\/100\n|-damage|p1b: stubborn forces|0 fnt\n|faint|p1b: stubborn forces\n|-end|p1b: stubborn forces|Quark Drive|[silent]\n|\n|-heal|p1a: seventeen|54\/100|[from] Grassy Terrain\n|-fieldend|move: Grassy Terrain\n|upkeep\n|inactive|Meminger21 has 60 seconds left.\n|inactive|Xrn has 90 seconds left.\n|\n|t:|1697933544\n|switch|p1b: better off|Ogerpon-Hearthflame, F|84\/100\n|switch|p2b: Flutter Mane|Flutter Mane|100\/100\n|-damage|p2b: Flutter Mane|88\/100|[from] Stealth Rock\n|-ability|p1b: better off|Mold Breaker\n|-enditem|p2b: Flutter Mane|Booster Energy\n|-activate|p2b: Flutter Mane|ability: Protosynthesis|[fromitem]\n|-start|p2b: Flutter Mane|protosynthesisspe\n|turn|6\n|inactive|Xrn has 90 seconds left.\n|inactive|Meminger21 has 60 seconds left.\n|inactive|Xrn has 60 seconds left.\n|inactive|Meminger21 has 30 seconds left.\n|\n|t:|1697933604\n|move|p1b: better off|Follow Me|p1b: better off\n|-singleturn|p1b: better off|move: Follow Me\n|move|p2b: Flutter Mane|Icy Wind|p1b: better off|[spread] p1a,p1b\n|-crit|p1b: better off\n|-damage|p1a: seventeen|31\/100\n|-damage|p1b: better off|55\/100\n|-unboost|p1a: seventeen|spe|1\n|-unboost|p1b: better off|spe|1\n|move|p2a: Chi-Yu|Heat Wave|p1b: better off|[spread] p1a,p1b\n|-resisted|p1a: seventeen\n|-damage|p1a: seventeen|7\/100\n|-damage|p1b: better off|0 fnt\n|faint|p1b: better off\n|move|p1a: seventeen|Hydro Steam|p2a: Chi-Yu\n|-supereffective|p2a: Chi-Yu\n|-damage|p2a: Chi-Yu|0 fnt\n|faint|p2a: Chi-Yu\n|-damage|p1a: seventeen|0 fnt|[from] item: Life Orb\n|faint|p1a: seventeen\n|-end|p1a: seventeen|Protosynthesis|[silent]\n|\n|upkeep\n|inactive|Xrn has 60 seconds left.\n|inactive|Meminger21 has 30 seconds left.\n|inactive|Meminger21 has 20 seconds left.\n|inactive|Meminger21 has 15 seconds left.\n|\n|t:|1697933645\n|switch|p1b: what goes around|Torkoal, M|100\/100\n|switch|p1a: dreams|Flutter Mane|100\/100\n|switch|p2a: Kommo-o|Kommo-o, M|100\/100\n|-damage|p2a: Kommo-o|94\/100|[from] Stealth Rock\n|-weather|SunnyDay|[from] ability: Drought|[of] p1b: what goes around\n|-activate|p1a: dreams|ability: Protosynthesis\n|-start|p1a: dreams|protosynthesisspe\n|turn|7\n|inactive|Meminger21 has 30 seconds left.\n|inactive|Xrn has 60 seconds left.\n|\n|t:|1697933679\n|-terastallize|p2a: Kommo-o|Fire\n|-terastallize|p1b: what goes around|Fire\n|move|p2b: Flutter Mane|Icy Wind|p1a: dreams|[spread] p1a,p1b\n|-resisted|p1b: what goes around\n|-damage|p1a: dreams|85\/100\n|-damage|p1b: what goes around|91\/100\n|-unboost|p1a: dreams|spe|1\n|-unboost|p1b: what goes around|spe|1\n|move|p2a: Kommo-o|Clangorous Soul|p2a: Kommo-o\n|-boost|p2a: Kommo-o|atk|1\n|-boost|p2a: Kommo-o|def|1\n|-boost|p2a: Kommo-o|spa|1\n|-boost|p2a: Kommo-o|spd|1\n|-boost|p2a: Kommo-o|spe|1\n|-damage|p2a: Kommo-o|61\/100\n|-enditem|p2a: Kommo-o|Throat Spray\n|-boost|p2a: Kommo-o|spa|1|[from] item: Throat Spray\n|move|p1b: what goes around|Eruption|p2a: Kommo-o|[spread] p2a,p2b\n|-resisted|p2a: Kommo-o\n|-crit|p2b: Flutter Mane\n|-damage|p2a: Kommo-o|32\/100\n|-damage|p2b: Flutter Mane|0 fnt\n|faint|p2b: Flutter Mane\n|-end|p2b: Flutter Mane|Protosynthesis|[silent]\n|move|p1a: dreams|Trick Room|p1a: dreams\n|-fieldstart|move: Trick Room|[of] p1a: dreams\n|\n|-weather|SunnyDay|[upkeep]\n|upkeep\n|inactive|Meminger21 has 30 seconds left.\n|inactive|Meminger21 has 20 seconds left.\n|inactive|Meminger21 has 15 seconds left.\n|inactive|Meminger21 has 10 seconds left.\n|inactive|Meminger21 has 5 seconds left.\n|\n|t:|1697933710\n|switch|p2b: Rillaboom|Rillaboom, F|100\/100\n|-damage|p2b: Rillaboom|88\/100|[from] Stealth Rock\n|-fieldstart|move: Grassy Terrain|[from] ability: Grassy Surge|[of] p2b: Rillaboom\n|turn|8\n|inactive|Meminger21 has 30 seconds left this turn.\n|\n|t:|1697933726\n|move|p1b: what goes around|Protect|p1b: what goes around\n|-singleturn|p1b: what goes around|Protect\n|move|p1a: dreams|Protect|p1a: dreams\n|-singleturn|p1a: dreams|Protect\n|move|p2b: Rillaboom|Fake Out|p1b: what goes around\n|-activate|p1b: what goes around|move: Protect\n|move|p2a: Kommo-o|Flash Cannon|p1a: dreams\n|-activate|p1a: dreams|move: Protect\n|\n|-weather|SunnyDay|[upkeep]\n|-heal|p1b: what goes around|97\/100|[from] Grassy Terrain\n|-heal|p2b: Rillaboom|94\/100|[from] Grassy Terrain\n|-heal|p1a: dreams|91\/100|[from] Grassy Terrain\n|-heal|p2a: Kommo-o|38\/100|[from] Grassy Terrain\n|upkeep\n|turn|9\n|inactive|Xrn has 90 seconds left.\n|\n|t:|1697933742\n|move|p2a: Kommo-o|Protect|p2a: Kommo-o\n|-singleturn|p2a: Kommo-o|Protect\n|move|p2b: Rillaboom|Grassy Glide|p1b: what goes around\n|-resisted|p1b: what goes around\n|-damage|p1b: what goes around|83\/100\n|move|p1b: what goes around|Eruption|p2a: Kommo-o|[spread] p2b\n|-activate|p2a: Kommo-o|move: Protect\n|-supereffective|p2b: Rillaboom\n|-damage|p2b: Rillaboom|0 fnt\n|faint|p2b: Rillaboom\n|move|p1a: dreams|Moonblast|p2a: Kommo-o\n|-activate|p2a: Kommo-o|move: Protect\n|\n|-weather|SunnyDay|[upkeep]\n|-heal|p1b: what goes around|89\/100|[from] Grassy Terrain\n|-heal|p1a: dreams|97\/100|[from] Grassy Terrain\n|-heal|p2a: Kommo-o|44\/100|[from] Grassy Terrain\n|upkeep\n|\n|t:|1697933745\n|switch|p2b: Landorus|Landorus-Therian, M|100\/100\n|-damage|p2b: Landorus|88\/100|[from] Stealth Rock\n|-ability|p2b: Landorus|Intimidate|boost\n|-unboost|p1a: dreams|atk|1\n|-unboost|p1b: what goes around|atk|1\n|turn|10\n|inactive|Meminger21 has 60 seconds left.\n|inactive|Xrn has 90 seconds left.\n|inactive|Meminger21 has 30 seconds left.\n|inactive|Xrn has 60 seconds left.\n|inactive|Meminger21 has 20 seconds left.\n|inactive|Xrn has 30 seconds left.\n|\n|t:|1697933832\n|move|p1b: what goes around|Earth Power|p2a: Kommo-o\n|-supereffective|p2a: Kommo-o\n|-damage|p2a: Kommo-o|5\/100\n|move|p2b: Landorus|Stomping Tantrum|p1b: what goes around\n|-supereffective|p1b: what goes around\n|-damage|p1b: what goes around|28\/100\n|move|p1a: dreams|Moonblast|p2a: Kommo-o\n|-resisted|p2a: Kommo-o\n|-damage|p2a: Kommo-o|0 fnt\n|faint|p2a: Kommo-o\n|\n|-weather|SunnyDay|[upkeep]\n|-heal|p1b: what goes around|34\/100|[from] Grassy Terrain\n|-heal|p1a: dreams|100\/100|[from] Grassy Terrain\n|upkeep\n|turn|11\n|inactive|Xrn has 30 seconds left.\n|\n|t:|1697933857\n|-end|p1a: dreams|Protosynthesis|[silent]\n|switch|p1a: drifty|Landorus-Therian, M, shiny|83\/100\n|-ability|p1a: drifty|Intimidate|boost\n|-unboost|p2b: Landorus|atk|1\n|move|p1b: what goes around|Heat Wave|p2b: Landorus\n|-damage|p2b: Landorus|26\/100\n|move|p2b: Landorus|Stomping Tantrum|p1a: drifty\n|-immune|p1a: drifty\n|\n|-weather|SunnyDay|[upkeep]\n|-heal|p1b: what goes around|40\/100|[from] Grassy Terrain\n|-fieldend|move: Trick Room\n|upkeep\n|turn|12\n|\n|t:|1697933863\n|move|p2b: Landorus|Stomping Tantrum|p1b: what goes around\n|-supereffective|p1b: what goes around\n|-damage|p1b: what goes around|0 fnt\n|faint|p1b: what goes around\n|move|p1a: drifty|Stomping Tantrum|p2b: Landorus\n|-immune|p2b: Landorus\n|\n|-weather|SunnyDay|[upkeep]\n|-fieldend|move: Grassy Terrain\n|upkeep\n|c|\u2606Meminger21|gg\n|\n|t:|1697933864\n|switch|p1b: dreams|Flutter Mane|100\/100\n|-activate|p1b: dreams|ability: Protosynthesis\n|-start|p1b: dreams|protosynthesisspe\n|turn|13\n|c|\u2606Xrn|gg\n|\n|t:|1697933871\n|move|p1b: dreams|Moonblast|p2b: Landorus\n|-damage|p2b: Landorus|0 fnt\n|faint|p2b: Landorus\n|\n|win|Xrn\n","uploadtime":1697933872,"views":340,"p1id":"xrn","p2id":"meminger21","formatid":"gen9doublesou","rating":0,"private":0,"password":""}