{"id":"smogtours-gen9doublesou-728361","p1":"GuitarheroVGC","p2":"Yddeon","format":"[Gen 9] Doubles OU","log":"|inactive|Battle timer is ON: inactive players will automatically lose when time's up.\n|t:|1699042558\n|gametype|doubles\n|player|p1|GuitarheroVGC|kimonogirl|\n|player|p2|Yddeon|169|\n|teamsize|p1|6\n|teamsize|p2|6\n|gen|9\n|tier|[Gen 9] Doubles OU\n|rule|Species Clause: Limit one of each Pok\u00e9mon\n|rule|OHKO Clause: OHKO moves are banned\n|rule|Evasion Moves Clause: Evasion moves are banned\n|rule|Gravity Sleep Clause: The combination of sleep-inducing moves with imperfect accuracy and Gravity or Gigantamax Orbeetle are banned\n|rule|Endless Battle Clause: Forcing endless battles is banned\n|rule|HP Percentage Mod: HP is shown in percentages\n|clearpoke\n|poke|p1|Kommo-o, M|\n|poke|p1|Rillaboom, M|\n|poke|p1|Glimmora, F|\n|poke|p1|Flutter Mane|\n|poke|p1|Heatran, F|\n|poke|p1|Landorus-Therian, M|\n|poke|p2|Ninetales-Alola, M|\n|poke|p2|Cresselia, F|\n|poke|p2|Heatran, F|\n|poke|p2|Ursaluna, F|\n|poke|p2|Baxcalibur, M|\n|poke|p2|Iron Hands|\n|teampreview\n|c|\u2606GuitarheroVGC|glhf \n|inactive|GuitarheroVGC has 270 seconds left.\n|inactive|Yddeon has 270 seconds left.\n|c|\u2606Yddeon|glhf\n|c|\u2606GuitarheroVGC|tempo di mostrare al mondo lo stile dei conti di castelfranco \n|inactive|GuitarheroVGC has 240 seconds left.\n|inactive|Yddeon has 240 seconds left.\n|inactive|GuitarheroVGC has 210 seconds left.\n|inactive|Yddeon has 210 seconds left.\n|\n|t:|1699042686\n|start\n|switch|p1a: LA SCIMMIA NUDA|Rillaboom, M|100\/100\n|switch|p1b: 'A TIPA TOSSICA|Glimmora, F|100\/100\n|switch|p2a: Ninetales|Ninetales-Alola, M, shiny|100\/100\n|switch|p2b: Iron Hands|Iron Hands|100\/100\n|-weather|Snow|[from] ability: Snow Warning|[of] p2a: Ninetales\n|-fieldstart|move: Grassy Terrain|[from] ability: Grassy Surge|[of] p1a: LA SCIMMIA NUDA\n|turn|1\n|inactive|GuitarheroVGC has 270 seconds left.\n|\n|t:|1699042703\n|move|p1a: LA SCIMMIA NUDA|Fake Out|p2a: Ninetales\n|-crit|p2a: Ninetales\n|-damage|p2a: Ninetales|83\/100\n|cant|p2a: Ninetales|flinch\n|move|p1b: 'A TIPA TOSSICA|Sludge Bomb|p2a: Ninetales\n|-supereffective|p2a: Ninetales\n|-damage|p2a: Ninetales|0 fnt\n|faint|p2a: Ninetales\n|move|p2b: Iron Hands|Swords Dance|p2b: Iron Hands\n|-boost|p2b: Iron Hands|atk|2\n|\n|-weather|Snow|[upkeep]\n|upkeep\n|\n|t:|1699042710\n|switch|p2a: Cresselia|Cresselia, F|100\/100\n|turn|2\n|\n|t:|1699042724\n|move|p1b: 'A TIPA TOSSICA|Sludge Bomb|p2a: Cresselia\n|-damage|p2a: Cresselia|72\/100\n|move|p1a: LA SCIMMIA NUDA|Wood Hammer|p2a: Cresselia\n|-damage|p2a: Cresselia|18\/100\n|-damage|p1a: LA SCIMMIA NUDA|81\/100|[from] Recoil\n|move|p2b: Iron Hands|Drain Punch|p1a: LA SCIMMIA NUDA\n|-damage|p1a: LA SCIMMIA NUDA|10\/100\n|move|p2a: Cresselia|Trick Room|p2a: Cresselia\n|-fieldstart|move: Trick Room|[of] p2a: Cresselia\n|\n|-weather|Snow|[upkeep]\n|-heal|p1a: LA SCIMMIA NUDA|17\/100|[from] Grassy Terrain\n|upkeep\n|turn|3\n|inactive|Yddeon has 270 seconds left.\n|\n|t:|1699042756\n|switch|p2a: Heatran|Heatran, F|100\/100\n|move|p1a: LA SCIMMIA NUDA|Grassy Glide|p2a: Heatran\n|-resisted|p2a: Heatran\n|-damage|p2a: Heatran|94\/100\n|move|p2b: Iron Hands|Drain Punch|p1a: LA SCIMMIA NUDA\n|-damage|p1a: LA SCIMMIA NUDA|0 fnt\n|faint|p1a: LA SCIMMIA NUDA\n|move|p1b: 'A TIPA TOSSICA|Sludge Bomb|p2b: Iron Hands\n|-damage|p2b: Iron Hands|62\/100\n|\n|-weather|Snow|[upkeep]\n|-heal|p2b: Iron Hands|68\/100|[from] Grassy Terrain\n|-heal|p2a: Heatran|99\/100|[from] Grassy Terrain\n|-heal|p2a: Heatran|100\/100|[from] item: Leftovers\n|upkeep\n|inactive|GuitarheroVGC has 270 seconds left.\n|\n|t:|1699042779\n|switch|p1a: CANE PUGLIESE|Landorus-Therian, M|100\/100\n|-ability|p1a: CANE PUGLIESE|Intimidate|boost\n|-unboost|p2a: Heatran|atk|1\n|-unboost|p2b: Iron Hands|atk|1\n|turn|4\n|\n|t:|1699042798\n|switch|p2a: Ursaluna|Ursaluna, F|100\/100\n|switch|p1a: TIBURZIONE|Heatran, F|100\/100\n|move|p2b: Iron Hands|Drain Punch|p1b: 'A TIPA TOSSICA\n|-damage|p1b: 'A TIPA TOSSICA|26\/100\n|-heal|p2b: Iron Hands|91\/100|[from] drain|[of] p1b: 'A TIPA TOSSICA\n|-activate|p1b: 'A TIPA TOSSICA|ability: Toxic Debris\n|-sidestart|p2: Yddeon|move: Toxic Spikes\n|move|p1b: 'A TIPA TOSSICA|Sludge Bomb|p2b: Iron Hands\n|-damage|p2b: Iron Hands|54\/100\n|\n|-weather|Snow|[upkeep]\n|-heal|p2b: Iron Hands|60\/100|[from] Grassy Terrain\n|-heal|p1b: 'A TIPA TOSSICA|32\/100|[from] Grassy Terrain\n|-status|p2a: Ursaluna|brn|[from] item: Flame Orb\n|upkeep\n|turn|5\n|inactive|GuitarheroVGC has 270 seconds left.\n|inactive|Yddeon has 270 seconds left.\n|\n|t:|1699042850\n|switch|p1b: CANE PUGLIESE|Landorus-Therian, M|100\/100\n|-ability|p1b: CANE PUGLIESE|Intimidate|boost\n|-unboost|p2a: Ursaluna|atk|1\n|-unboost|p2b: Iron Hands|atk|1\n|move|p1a: TIBURZIONE|Protect|p1a: TIBURZIONE\n|-singleturn|p1a: TIBURZIONE|Protect\n|move|p2a: Ursaluna|Facade|p1b: CANE PUGLIESE\n|-damage|p1b: CANE PUGLIESE|9\/100\n|move|p2b: Iron Hands|Drain Punch|p1a: TIBURZIONE\n|-activate|p1a: TIBURZIONE|move: Protect\n|\n|-weather|none\n|-heal|p2b: Iron Hands|66\/100|[from] Grassy Terrain\n|-damage|p2a: Ursaluna|94\/100 brn|[from] brn\n|-fieldend|move: Grassy Terrain\n|upkeep\n|turn|6\n|inactive|Yddeon has 270 seconds left.\n|inactive|GuitarheroVGC has 270 seconds left.\n|inactive|Yddeon has 240 seconds left.\n|\n|t:|1699042910\n|switch|p1b: 'A TIPA TOSSICA|Glimmora, F|32\/100\n|-terastallize|p1a: TIBURZIONE|Fairy\n|move|p2a: Ursaluna|Swords Dance|p2a: Ursaluna\n|-boost|p2a: Ursaluna|atk|2\n|move|p2b: Iron Hands|Drain Punch|p1b: 'A TIPA TOSSICA\n|-damage|p1b: 'A TIPA TOSSICA|0 fnt\n|-heal|p2b: Iron Hands|76\/100|[from] drain|[of] p1b: 'A TIPA TOSSICA\n|-activate|p1b: 'A TIPA TOSSICA|ability: Toxic Debris\n|-sidestart|p2: Yddeon|move: Toxic Spikes\n|faint|p1b: 'A TIPA TOSSICA\n|move|p1a: TIBURZIONE|Earth Power|p2b: Iron Hands\n|-supereffective|p2b: Iron Hands\n|-damage|p2b: Iron Hands|35\/100\n|-enditem|p2b: Iron Hands|Sitrus Berry|[eat]\n|-heal|p2b: Iron Hands|60\/100|[from] item: Sitrus Berry\n|\n|-damage|p2a: Ursaluna|88\/100 brn|[from] brn\n|-fieldend|move: Trick Room\n|upkeep\n|\n|t:|1699042921\n|switch|p1b: CANE PUGLIESE|Landorus-Therian, M|9\/100\n|-ability|p1b: CANE PUGLIESE|Intimidate|boost\n|-unboost|p2a: Ursaluna|atk|1\n|-unboost|p2b: Iron Hands|atk|1\n|turn|7\n|inactive|GuitarheroVGC has 270 seconds left.\n|inactive|Yddeon has 240 seconds left.\n|inactive|Yddeon has 210 seconds left.\n|\n|t:|1699042966\n|-end|p2b: Iron Hands|Quark Drive|[silent]\n|switch|p2b: Cresselia|Cresselia, F|18\/100\n|move|p2a: Ursaluna|Protect|p2a: Ursaluna\n|-singleturn|p2a: Ursaluna|Protect\n|move|p1b: CANE PUGLIESE|U-turn|p2a: Ursaluna\n|-activate|p2a: Ursaluna|move: Protect\n|move|p1a: TIBURZIONE|Heat Wave|p2a: Ursaluna|[spread] p2b\n|-activate|p2a: Ursaluna|move: Protect\n|-damage|p2b: Cresselia|0 fnt\n|faint|p2b: Cresselia\n|\n|-damage|p2a: Ursaluna|82\/100 brn|[from] brn\n|upkeep\n|inactive|Yddeon has 210 seconds left.\n|inactive|Yddeon has 180 seconds left.\n|\n|t:|1699043004\n|switch|p2b: Iron Hands|Iron Hands|60\/100\n|-status|p2b: Iron Hands|tox\n|turn|8\n|inactive|Yddeon has 180 seconds left.\n|\n|t:|1699043030\n|switch|p1b: WALE QUEL CHE WALE|Flutter Mane|100\/100\n|move|p1a: TIBURZIONE|Protect|p1a: TIBURZIONE\n|-singleturn|p1a: TIBURZIONE|Protect\n|move|p2b: Iron Hands|Fake Out|p1a: TIBURZIONE\n|-activate|p1a: TIBURZIONE|move: Protect\n|move|p2a: Ursaluna|Facade|p1a: TIBURZIONE\n|-activate|p1a: TIBURZIONE|move: Protect\n|\n|-damage|p2b: Iron Hands|54\/100 tox|[from] psn\n|-damage|p2a: Ursaluna|75\/100 brn|[from] brn\n|upkeep\n|turn|9\n|inactive|Yddeon has 180 seconds left.\n|inactive|GuitarheroVGC has 270 seconds left.\n|\n|t:|1699043066\n|move|p2a: Ursaluna|Protect|p2a: Ursaluna\n|-singleturn|p2a: Ursaluna|Protect\n|move|p1b: WALE QUEL CHE WALE|Dazzling Gleam|p2a: Ursaluna|[spread] p2b\n|-activate|p2a: Ursaluna|move: Protect\n|-supereffective|p2b: Iron Hands\n|-damage|p2b: Iron Hands|0 fnt\n|faint|p2b: Iron Hands\n|-end|p2b: Iron Hands|Quark Drive|[silent]\n|move|p1a: TIBURZIONE|Heat Wave|p2a: Ursaluna\n|-activate|p2a: Ursaluna|move: Protect\n|\n|-damage|p2a: Ursaluna|69\/100 brn|[from] brn\n|upkeep\n|inactive|Yddeon has 150 seconds left.\n|\n|t:|1699043107\n|switch|p2b: Heatran|Heatran, F|100\/100\n|turn|10\n|\n|t:|1699043115\n|-end|p1b: WALE QUEL CHE WALE|Protosynthesis|[silent]\n|switch|p1b: CANE PUGLIESE|Landorus-Therian, M|9\/100\n|-ability|p1b: CANE PUGLIESE|Intimidate|boost\n|-unboost|p2a: Ursaluna|atk|1\n|-unboost|p2b: Heatran|atk|1\n|move|p2b: Heatran|Protect|p2b: Heatran\n|-singleturn|p2b: Heatran|Protect\n|move|p1a: TIBURZIONE|Earth Power|p2b: Heatran\n|-activate|p2b: Heatran|move: Protect\n|move|p2a: Ursaluna|Earthquake|p1a: TIBURZIONE|[spread] p1a\n|-activate|p2b: Heatran|move: Protect\n|-immune|p1b: CANE PUGLIESE\n|-damage|p1a: TIBURZIONE|64\/100\n|\n|-heal|p1a: TIBURZIONE|71\/100|[from] item: Leftovers\n|-damage|p2a: Ursaluna|63\/100 brn|[from] brn\n|upkeep\n|turn|11\n|inactive|GuitarheroVGC has 270 seconds left.\n|inactive|Yddeon has 150 seconds left.\n|inactive|Yddeon has 120 seconds left.\n|\n|t:|1699043178\n|-terastallize|p2b: Heatran|Fairy\n|move|p1b: CANE PUGLIESE|U-turn|p2a: Ursaluna\n|-damage|p2a: Ursaluna|43\/100 brn\n|inactive|GuitarheroVGC has 270 seconds left.\n|\n|t:|1699043185\n|switch|p1b: 'ANNAMO BENE AOH|Kommo-o, M, shiny|100\/100|[from] U-turn\n|move|p1a: TIBURZIONE|Earth Power|p2b: Heatran\n|-damage|p2b: Heatran|76\/100\n|move|p2b: Heatran|Flash Cannon|p1a: TIBURZIONE\n|-supereffective|p1a: TIBURZIONE\n|-damage|p1a: TIBURZIONE|0 fnt\n|faint|p1a: TIBURZIONE\n|move|p2a: Ursaluna|Facade|p1b: 'ANNAMO BENE AOH\n|-damage|p1b: 'ANNAMO BENE AOH|44\/100\n|\n|-heal|p1b: 'ANNAMO BENE AOH|50\/100|[from] item: Leftovers\n|-heal|p2b: Heatran|82\/100|[from] item: Leftovers\n|-damage|p2a: Ursaluna|36\/100 brn|[from] brn\n|upkeep\n|inactive|GuitarheroVGC has 270 seconds left.\n|\n|t:|1699043193\n|switch|p1a: WALE QUEL CHE WALE|Flutter Mane|100\/100\n|turn|12\n|inactive|Yddeon has 150 seconds left.\n|inactive|Yddeon has 120 seconds left.\n|inactive|Yddeon has 90 seconds left.\n|\n|t:|1699043262\n|move|p1a: WALE QUEL CHE WALE|Moonblast|p2b: Heatran\n|-damage|p2b: Heatran|23\/100\n|move|p1b: 'ANNAMO BENE AOH|Body Press|p2a: Ursaluna\n|-supereffective|p2a: Ursaluna\n|-damage|p2a: Ursaluna|0 fnt\n|faint|p2a: Ursaluna\n|move|p2b: Heatran|Magma Storm|p1b: 'ANNAMO BENE AOH\n|-resisted|p1b: 'ANNAMO BENE AOH\n|-damage|p1b: 'ANNAMO BENE AOH|30\/100\n|-activate|p1b: 'ANNAMO BENE AOH|move: Magma Storm|[of] p2b: Heatran\n|\n|-heal|p1b: 'ANNAMO BENE AOH|36\/100|[from] item: Leftovers\n|-heal|p2b: Heatran|29\/100|[from] item: Leftovers\n|-damage|p1b: 'ANNAMO BENE AOH|23\/100|[from] move: Magma Storm|[partiallytrapped]\n|upkeep\n|inactive|Yddeon has 90 seconds left.\n|\n|t:|1699043268\n|switch|p2a: Baxcalibur|Baxcalibur, M, shiny|100\/100\n|-status|p2a: Baxcalibur|tox\n|turn|13\n|inactive|Yddeon has 90 seconds left.\n|\n|t:|1699043315\n|move|p2b: Heatran|Protect|p2b: Heatran\n|-singleturn|p2b: Heatran|Protect\n|move|p1a: WALE QUEL CHE WALE|Moonblast|p2a: Baxcalibur\n|-supereffective|p2a: Baxcalibur\n|-damage|p2a: Baxcalibur|0 fnt\n|faint|p2a: Baxcalibur\n|move|p1b: 'ANNAMO BENE AOH|Iron Head|p2b: Heatran\n|-activate|p2b: Heatran|move: Protect\n|\n|-heal|p1b: 'ANNAMO BENE AOH|30\/100|[from] item: Leftovers\n|-heal|p2b: Heatran|35\/100|[from] item: Leftovers\n|-damage|p1b: 'ANNAMO BENE AOH|17\/100|[from] move: Magma Storm|[partiallytrapped]\n|upkeep\n|turn|14\n|inactive|Yddeon has 90 seconds left.\n|-message|Yddeon forfeited.\n|\n|win|GuitarheroVGC\n|c|\u2606Yddeon|gg\n|c|\u2606GuitarheroVGC|noi la trick room non la vogliamo!!! ooooh \n|c|\u2606GuitarheroVGC|gg\n","uploadtime":1699043331,"views":231,"p1id":"guitarherovgc","p2id":"yddeon","formatid":"gen9doublesou","rating":0,"private":0,"password":""}