{"id":"smogtours-gen9doublesou-728333","p1":"RelicanthPrimal<><","p2":"Yddeon","format":"[Gen 9] Doubles OU","log":"|inactive|Battle timer is ON: inactive players will automatically lose when time's up.\n|t:|1699038089\n|gametype|doubles\n|player|p1|RelicanthPrimal<><|#dpl8ducks|\n|player|p2|Yddeon|169|\n|teamsize|p1|6\n|teamsize|p2|6\n|gen|9\n|tier|[Gen 9] Doubles OU\n|rule|Species Clause: Limit one of each Pok\u00e9mon\n|rule|OHKO Clause: OHKO moves are banned\n|rule|Evasion Moves Clause: Evasion moves are banned\n|rule|Gravity Sleep Clause: The combination of sleep-inducing moves with imperfect accuracy and Gravity or Gigantamax Orbeetle are banned\n|rule|Endless Battle Clause: Forcing endless battles is banned\n|rule|HP Percentage Mod: HP is shown in percentages\n|clearpoke\n|poke|p1|Iron Hands|\n|poke|p1|Flutter Mane|\n|poke|p1|Landorus-Therian, M|\n|poke|p1|Torkoal, F|\n|poke|p1|Farigiraf, F|\n|poke|p1|Tornadus, M|\n|poke|p2|Gholdengo|\n|poke|p2|Amoonguss, F|\n|poke|p2|Iron Hands|\n|poke|p2|Roaring Moon|\n|poke|p2|Landorus-Therian, M|\n|poke|p2|Flutter Mane|\n|teampreview\n|inactive|RelicanthPrimal<>< also wants the timer to be on.\n|c|\u2606RelicanthPrimal<><|glhf\n|c|\u2606Yddeon|glhf\n|inactive|RelicanthPrimal<>< has 270 seconds left.\n|inactive|Yddeon has 270 seconds left.\n|inactive|RelicanthPrimal<>< has 240 seconds left.\n|\n|t:|1699038176\n|start\n|switch|p1a: Flutter Mane|Flutter Mane|100\/100\n|switch|p1b: Torkoal|Torkoal, F|100\/100\n|switch|p2a: Flutter Mane|Flutter Mane|100\/100\n|switch|p2b: Landorus|Landorus-Therian, M|100\/100\n|-ability|p2b: Landorus|Intimidate|boost\n|-unboost|p1a: Flutter Mane|atk|1\n|-unboost|p1b: Torkoal|atk|1\n|-weather|SunnyDay|[from] ability: Drought|[of] p1b: Torkoal\n|-activate|p1a: Flutter Mane|ability: Protosynthesis\n|-start|p1a: Flutter Mane|protosynthesisspe\n|-activate|p2a: Flutter Mane|ability: Protosynthesis\n|-start|p2a: Flutter Mane|protosynthesisspe\n|turn|1\n|inactive|Yddeon has 270 seconds left.\n|\n|t:|1699038213\n|switch|p1b: Landorus|Landorus-Therian, M|100\/100\n|-ability|p1b: Landorus|Intimidate|boost\n|-unboost|p2a: Flutter Mane|atk|1\n|-unboost|p2b: Landorus|atk|1\n|move|p2a: Flutter Mane|Shadow Ball|p1a: Flutter Mane\n|-supereffective|p1a: Flutter Mane\n|-damage|p1a: Flutter Mane|4\/100\n|-enditem|p1a: Flutter Mane|Sitrus Berry|[eat]\n|-heal|p1a: Flutter Mane|28\/100|[from] item: Sitrus Berry\n|move|p1a: Flutter Mane|Imprison|p1a: Flutter Mane\n|-start|p1a: Flutter Mane|move: Imprison\n|move|p2b: Landorus|U-turn|p1a: Flutter Mane\n|-resisted|p1a: Flutter Mane\n|-damage|p1a: Flutter Mane|21\/100\n|inactive|Yddeon has 240 seconds left.\n|\n|t:|1699038259\n|switch|p2b: Amoonguss|Amoonguss, F|100\/100|[from] U-turn\n|\n|-weather|SunnyDay|[upkeep]\n|upkeep\n|turn|2\n|inactive|Yddeon has 240 seconds left.\n|\n|t:|1699038277\n|-end|p2a: Flutter Mane|Protosynthesis|[silent]\n|switch|p2a: Landorus|Landorus-Therian, M|100\/100\n|-ability|p2a: Landorus|Intimidate|boost\n|-unboost|p1a: Flutter Mane|atk|1\n|-unboost|p1b: Landorus|atk|1\n|-terastallize|p1b: Landorus|Fire\n|move|p1a: Flutter Mane|Shadow Ball|p2b: Amoonguss\n|-damage|p2b: Amoonguss|71\/100\n|move|p1b: Landorus|Weather Ball|p2b: Amoonguss\n|-supereffective|p2b: Amoonguss\n|-damage|p2b: Amoonguss|0 fnt\n|faint|p2b: Amoonguss\n|\n|-weather|SunnyDay|[upkeep]\n|upkeep\n|\n|t:|1699038303\n|switch|p2b: Gholdengo|Gholdengo|100\/100\n|turn|3\n|inactive|RelicanthPrimal<>< has 270 seconds left.\n|inactive|RelicanthPrimal<>< has 240 seconds left.\n|inactive|RelicanthPrimal<>< has 210 seconds left.\n|\n|t:|1699038395\n|switch|p1b: Iron Hands|Iron Hands|100\/100\n|-terastallize|p2b: Gholdengo|Water\n|move|p1a: Flutter Mane|Protect|p1a: Flutter Mane\n|-singleturn|p1a: Flutter Mane|Protect\n|move|p2a: Landorus|Rock Slide|p1a: Flutter Mane|[spread] p1b\n|-activate|p1a: Flutter Mane|move: Protect\n|-resisted|p1b: Iron Hands\n|-damage|p1b: Iron Hands|93\/100\n|move|p2b: Gholdengo|Nasty Plot|p2b: Gholdengo\n|-boost|p2b: Gholdengo|spa|2\n|\n|-weather|SunnyDay|[upkeep]\n|upkeep\n|turn|4\n|inactive|Yddeon has 240 seconds left.\n|inactive|RelicanthPrimal<>< has 210 seconds left.\n|inactive|RelicanthPrimal<>< has 180 seconds left.\n|inactive|RelicanthPrimal<>< has 150 seconds left.\n|\n|t:|1699038507\n|-end|p1a: Flutter Mane|Protosynthesis|[silent]\n|switch|p1a: Landorus|Landorus-Therian, M, tera:Fire|100\/100\n|-ability|p1a: Landorus|Intimidate|boost\n|-unboost|p2a: Landorus|atk|1\n|-unboost|p2b: Gholdengo|atk|1\n|switch|p2b: Iron Hands|Iron Hands|100\/100\n|move|p2a: Landorus|Rock Slide|p1b: Iron Hands|[spread] p1a,p1b\n|-supereffective|p1a: Landorus\n|-resisted|p1b: Iron Hands\n|-damage|p1a: Landorus|69\/100\n|-damage|p1b: Iron Hands|88\/100\n|move|p1b: Iron Hands|Wild Charge|p2b: Iron Hands\n|-resisted|p2b: Iron Hands\n|-damage|p2b: Iron Hands|85\/100\n|-damage|p1b: Iron Hands|83\/100|[from] Recoil\n|\n|-weather|SunnyDay|[upkeep]\n|upkeep\n|turn|5\n|inactive|Yddeon has 240 seconds left.\n|\n|t:|1699038531\n|switch|p2a: Roaring Moon|Roaring Moon|100\/100\n|-activate|p2a: Roaring Moon|ability: Protosynthesis\n|-start|p2a: Roaring Moon|protosynthesisspe\n|move|p1a: Landorus|Sandsear Storm|p2b: Iron Hands|[spread] p2a\n|-miss|p1a: Landorus|p2b: Iron Hands\n|-damage|p2a: Roaring Moon|70\/100\n|-status|p2a: Roaring Moon|brn\n|move|p1b: Iron Hands|Close Combat|p2b: Iron Hands\n|-damage|p2b: Iron Hands|35\/100\n|-unboost|p1b: Iron Hands|def|1\n|-unboost|p1b: Iron Hands|spd|1\n|move|p2b: Iron Hands|Drain Punch|p1b: Iron Hands\n|-damage|p1b: Iron Hands|39\/100\n|-heal|p2b: Iron Hands|57\/100|[from] drain|[of] p1b: Iron Hands\n|\n|-weather|none\n|-end|p2a: Roaring Moon|Protosynthesis\n|-damage|p2a: Roaring Moon|64\/100 brn|[from] brn\n|upkeep\n|-enditem|p2a: Roaring Moon|Booster Energy\n|-activate|p2a: Roaring Moon|ability: Protosynthesis|[fromitem]\n|-start|p2a: Roaring Moon|protosynthesisspe\n|turn|6\n|inactive|RelicanthPrimal<>< has 150 seconds left.\n|inactive|Yddeon has 240 seconds left.\n|\n|t:|1699038563\n|-end|p1b: Iron Hands|Quark Drive|[silent]\n|switch|p1b: Tornadus|Tornadus, M|100\/100\n|move|p2a: Roaring Moon|Knock Off|p1a: Landorus\n|-damage|p1a: Landorus|45\/100\n|-enditem|p1a: Landorus|Sitrus Berry|[from] move: Knock Off|[of] p2a: Roaring Moon\n|move|p1a: Landorus|Sandsear Storm|p2a: Roaring Moon|[spread] p2a\n|-miss|p1a: Landorus|p2b: Iron Hands\n|-damage|p2a: Roaring Moon|35\/100 brn\n|move|p2b: Iron Hands|Drain Punch|p1a: Landorus\n|-damage|p1a: Landorus|5\/100\n|-heal|p2b: Iron Hands|73\/100|[from] drain|[of] p1a: Landorus\n|\n|-damage|p2a: Roaring Moon|29\/100 brn|[from] brn\n|upkeep\n|turn|7\n|\n|t:|1699038581\n|-end|p2b: Iron Hands|Quark Drive|[silent]\n|switch|p2b: Flutter Mane|Flutter Mane|100\/100\n|move|p1b: Tornadus|Tailwind|p1b: Tornadus\n|-sidestart|p1: RelicanthPrimal<><|move: Tailwind\n|move|p2a: Roaring Moon|Tailwind|p2a: Roaring Moon\n|-sidestart|p2: Yddeon|move: Tailwind\n|move|p1a: Landorus|Sandsear Storm|p2a: Roaring Moon|[spread] p2a,p2b\n|-damage|p2a: Roaring Moon|0 fnt\n|-damage|p2b: Flutter Mane|66\/100\n|faint|p2a: Roaring Moon\n|-end|p2a: Roaring Moon|Protosynthesis|[silent]\n|\n|upkeep\n|inactive|Yddeon has 240 seconds left.\n|\n|t:|1699038594\n|switch|p2a: Gholdengo|Gholdengo, tera:Water|100\/100\n|turn|8\n|inactive|RelicanthPrimal<>< has 150 seconds left.\n|inactive|RelicanthPrimal<>< has 120 seconds left.\n|inactive|RelicanthPrimal<>< has 90 seconds left.\n|\n|t:|1699038681\n|switch|p1a: Torkoal|Torkoal, F|100\/100\n|-weather|SunnyDay|[from] ability: Drought|[of] p1a: Torkoal\n|-activate|p2b: Flutter Mane|ability: Protosynthesis\n|-start|p2b: Flutter Mane|protosynthesisspe\n|move|p2b: Flutter Mane|Dazzling Gleam|p1b: Tornadus|[spread] p1a,p1b\n|-resisted|p1a: Torkoal\n|-damage|p1a: Torkoal|82\/100\n|-damage|p1b: Tornadus|51\/100\n|move|p2a: Gholdengo|Nasty Plot|p2a: Gholdengo\n|-boost|p2a: Gholdengo|spa|2\n|move|p1b: Tornadus|Bleakwind Storm|p2a: Gholdengo|[spread] p2a,p2b\n|-crit|p2b: Flutter Mane\n|-damage|p2a: Gholdengo|61\/100\n|-damage|p2b: Flutter Mane|2\/100\n|-unboost|p2b: Flutter Mane|spe|1\n|\n|-weather|SunnyDay|[upkeep]\n|-heal|p2a: Gholdengo|67\/100|[from] item: Leftovers\n|upkeep\n|turn|9\n|inactive|RelicanthPrimal<>< has 90 seconds left.\n|\n|t:|1699038708\n|move|p2b: Flutter Mane|Dazzling Gleam|p1b: Tornadus|[spread] p1a,p1b\n|-resisted|p1a: Torkoal\n|-damage|p1a: Torkoal|62\/100\n|-damage|p1b: Tornadus|3\/100\n|-enditem|p1b: Tornadus|Sitrus Berry|[eat]\n|-heal|p1b: Tornadus|28\/100|[from] item: Sitrus Berry\n|move|p2a: Gholdengo|Shadow Ball|p1a: Torkoal\n|-damage|p1a: Torkoal|0 fnt\n|faint|p1a: Torkoal\n|move|p1b: Tornadus|Bleakwind Storm|p2a: Gholdengo|[spread] p2b\n|-miss|p1b: Tornadus|p2a: Gholdengo\n|-damage|p2b: Flutter Mane|0 fnt\n|faint|p2b: Flutter Mane\n|-end|p2b: Flutter Mane|Protosynthesis|[silent]\n|\n|-weather|SunnyDay|[upkeep]\n|-heal|p2a: Gholdengo|73\/100|[from] item: Leftovers\n|upkeep\n|inactive|RelicanthPrimal<>< has 90 seconds left.\n|inactive|RelicanthPrimal<>< has 60 seconds left.\n|\n|t:|1699038771\n|switch|p2b: Landorus|Landorus-Therian, M|100\/100\n|switch|p1a: Landorus|Landorus-Therian, M, tera:Fire|5\/100\n|-ability|p2b: Landorus|Intimidate|boost\n|-unboost|p1a: Landorus|atk|1\n|-unboost|p1b: Tornadus|atk|1\n|-ability|p1a: Landorus|Intimidate|boost\n|-unboost|p2a: Gholdengo|atk|1\n|-unboost|p2b: Landorus|atk|1\n|turn|10\n|\n|t:|1699038783\n|move|p1b: Tornadus|Protect|p1b: Tornadus\n|-singleturn|p1b: Tornadus|Protect\n|move|p1a: Landorus|Protect|p1a: Landorus\n|-singleturn|p1a: Landorus|Protect\n|move|p2b: Landorus|Rock Slide|p1b: Tornadus|[spread] \n|-activate|p1a: Landorus|move: Protect\n|-activate|p1b: Tornadus|move: Protect\n|move|p2a: Gholdengo|Nasty Plot|p2a: Gholdengo\n|-boost|p2a: Gholdengo|spa|2\n|\n|-weather|SunnyDay|[upkeep]\n|-heal|p2a: Gholdengo|79\/100|[from] item: Leftovers\n|-sideend|p2: Yddeon|move: Tailwind\n|-sideend|p1: RelicanthPrimal<><|move: Tailwind\n|upkeep\n|turn|11\n|inactive|RelicanthPrimal<>< has 60 seconds left.\n|\n|t:|1699038819\n|move|p1b: Tornadus|Tailwind|p1b: Tornadus\n|-sidestart|p1: RelicanthPrimal<><|move: Tailwind\n|move|p1a: Landorus|Weather Ball|p2b: Landorus\n|-damage|p2b: Landorus|3\/100\n|move|p2b: Landorus|Rock Slide|p1b: Tornadus|[spread] p1a,p1b\n|-supereffective|p1a: Landorus\n|-supereffective|p1b: Tornadus\n|-damage|p1a: Landorus|0 fnt\n|-damage|p1b: Tornadus|0 fnt\n|faint|p1a: Landorus\n|faint|p1b: Tornadus\n|move|p2a: Gholdengo|Make It Rain|p1: Landorus|[notarget]\n|-fail|p2a: Gholdengo\n|\n|-weather|SunnyDay|[upkeep]\n|-heal|p2a: Gholdengo|86\/100|[from] item: Leftovers\n|upkeep\n|\n|t:|1699038833\n|switch|p1b: Iron Hands|Iron Hands|39\/100\n|switch|p1a: Flutter Mane|Flutter Mane|21\/100\n|-activate|p1a: Flutter Mane|ability: Protosynthesis\n|-start|p1a: Flutter Mane|protosynthesisspe\n|turn|12\n|inactive|RelicanthPrimal<>< has 60 seconds left.\n|\n|t:|1699038872\n|move|p2a: Gholdengo|Protect|p2a: Gholdengo\n|-singleturn|p2a: Gholdengo|Protect\n|move|p1b: Iron Hands|Fake Out|p2a: Gholdengo\n|-activate|p2a: Gholdengo|move: Protect\n|move|p1a: Flutter Mane|Moonblast|p2b: Landorus\n|-damage|p2b: Landorus|0 fnt\n|faint|p2b: Landorus\n|\n|-weather|none\n|-end|p1a: Flutter Mane|Protosynthesis\n|-heal|p2a: Gholdengo|92\/100|[from] item: Leftovers\n|upkeep\n|\n|t:|1699038879\n|switch|p2b: Iron Hands|Iron Hands|73\/100\n|turn|13\n|inactive|RelicanthPrimal<>< has 60 seconds left.\n|\n|t:|1699038894\n|-end|p1a: Flutter Mane|Protosynthesis|[silent]\n|switch|p1a: Farigiraf|Farigiraf, F|100\/100\n|move|p2b: Iron Hands|Fake Out||[still]\n|cant|p1a: Farigiraf|ability: Armor Tail|Fake Out|[of] p2b: Iron Hands\n|move|p1b: Iron Hands|Wild Charge|p2a: Gholdengo\n|-supereffective|p2a: Gholdengo\n|-damage|p2a: Gholdengo|5\/100\n|-damage|p1b: Iron Hands|21\/100|[from] Recoil\n|move|p2a: Gholdengo|Make It Rain|p1a: Farigiraf|[spread] p1a,p1b\n|-resisted|p1b: Iron Hands\n|-damage|p1a: Farigiraf|0 fnt\n|-damage|p1b: Iron Hands|0 fnt\n|-unboost|p2a: Gholdengo|spa|1\n|faint|p1a: Farigiraf\n|faint|p1b: Iron Hands\n|-end|p1b: Iron Hands|Quark Drive|[silent]\n|\n|-heal|p2a: Gholdengo|11\/100|[from] item: Leftovers\n|upkeep\n|\n|t:|1699038905\n|switch|p1b: Flutter Mane|Flutter Mane|21\/100\n|turn|14\n|inactive|RelicanthPrimal<>< has 60 seconds left.\n|\n|t:|1699038932\n|move|p1b: Flutter Mane|Moonblast|p2a: Gholdengo\n|-crit|p2a: Gholdengo\n|-damage|p2a: Gholdengo|0 fnt\n|faint|p2a: Gholdengo\n|move|p2b: Iron Hands|Heavy Slam|p1b: Flutter Mane\n|-supereffective|p1b: Flutter Mane\n|-damage|p1b: Flutter Mane|0 fnt\n|faint|p1b: Flutter Mane\n|-end|p1b: Flutter Mane|Protosynthesis|[silent]\n|\n|win|Yddeon\n|c|+seroo|goated \n|c|\u2606Yddeon|gg\n","uploadtime":1699038933,"views":165,"p1id":"relicanthprimal","p2id":"yddeon","formatid":"gen9doublesou","rating":0,"private":0,"password":""}