{"id":"smogtours-gen9doublesou-729737","p1":"RelicanthPrimal<><","p2":"GuitarheroVGC","format":"[Gen 9] Doubles OU","log":"|inactive|Battle timer is ON: inactive players will automatically lose when time's up.\n|t:|1699647918\n|gametype|doubles\n|player|p1|RelicanthPrimal<><|#dpl8ducks|\n|player|p2|GuitarheroVGC|kimonogirl|\n|teamsize|p1|6\n|teamsize|p2|6\n|gen|9\n|tier|[Gen 9] Doubles OU\n|rule|Species Clause: Limit one of each Pok\u00e9mon\n|rule|OHKO Clause: OHKO moves are banned\n|rule|Evasion Moves Clause: Evasion moves are banned\n|rule|Gravity Sleep Clause: The combination of sleep-inducing moves with imperfect accuracy and Gravity or Gigantamax Orbeetle are banned\n|rule|Endless Battle Clause: Forcing endless battles is banned\n|rule|HP Percentage Mod: HP is shown in percentages\n|clearpoke\n|poke|p1|Flutter Mane|\n|poke|p1|Iron Hands|\n|poke|p1|Landorus-Therian, M|\n|poke|p1|Kingambit, F|\n|poke|p1|Farigiraf, F|\n|poke|p1|Tornadus, M|\n|poke|p2|Tornadus, M|\n|poke|p2|Iron Hands|\n|poke|p2|Rillaboom, F|\n|poke|p2|Flutter Mane|\n|poke|p2|Ogerpon-Hearthflame, F|\n|poke|p2|Heatran, F|\n|teampreview\n|inactive|RelicanthPrimal<>< also wants the timer to be on.\n|c|\u2606RelicanthPrimal<><|hf\n|inactive|RelicanthPrimal<>< has 270 seconds left.\n|inactive|GuitarheroVGC has 270 seconds left.\n|inactive|RelicanthPrimal<>< has 240 seconds left.\n|inactive|GuitarheroVGC has 240 seconds left.\n|inactive|GuitarheroVGC has 210 seconds left.\n|inactive|GuitarheroVGC has 180 seconds left.\n|\n|t:|1699648064\n|start\n|switch|p1a: Iron Hands|Iron Hands|100\/100\n|switch|p1b: Farigiraf|Farigiraf, F|100\/100\n|switch|p2a: Giulio|Tornadus, M|100\/100\n|switch|p2b: :O|Ogerpon-Hearthflame, F|100\/100\n|-ability|p2b: :O|Mold Breaker\n|turn|1\n|\n|t:|1699648088\n|move|p1a: Iron Hands|Fake Out|p2b: :O\n|-damage|p2b: :O|79\/100\n|move|p2a: Giulio|Sunny Day|p2a: Giulio\n|-weather|SunnyDay\n|cant|p2b: :O|flinch\n|move|p1b: Farigiraf|Trick Room|p1b: Farigiraf\n|-fieldstart|move: Trick Room|[of] p1b: Farigiraf\n|\n|-weather|SunnyDay|[upkeep]\n|upkeep\n|turn|2\n|inactive|GuitarheroVGC has 240 seconds left.\n|inactive|RelicanthPrimal<>< has 270 seconds left.\n|inactive|GuitarheroVGC has 210 seconds left.\n|\n|t:|1699648129\n|switch|p2a: super tafazzi|Rillaboom, F|100\/100\n|-fieldstart|move: Grassy Terrain|[from] ability: Grassy Surge|[of] p2a: super tafazzi\n|move|p2b: :O|Spiky Shield|p2b: :O\n|-singleturn|p2b: :O|move: Protect\n|move|p1a: Iron Hands|Close Combat|p2b: :O\n|-activate|p2b: :O|move: Protect\n|-damage|p1a: Iron Hands|88\/100|[from] Spiky Shield|[of] p2b: :O\n|move|p1b: Farigiraf|Twin Beam|p2b: :O\n|-activate|p2b: :O|move: Protect\n|\n|-weather|SunnyDay|[upkeep]\n|-heal|p1a: Iron Hands|94\/100|[from] Grassy Terrain\n|-heal|p2b: :O|85\/100|[from] Grassy Terrain\n|upkeep\n|turn|3\n|inactive|RelicanthPrimal<>< has 270 seconds left.\n|inactive|GuitarheroVGC has 210 seconds left.\n|\n|t:|1699648181\n|switch|p2b: Margherita II|Flutter Mane|100\/100\n|-activate|p2b: Margherita II|ability: Protosynthesis\n|-start|p2b: Margherita II|protosynthesisspa\n|move|p1a: Iron Hands|Close Combat|p2a: super tafazzi\n|-damage|p2a: super tafazzi|43\/100\n|-unboost|p1a: Iron Hands|def|1\n|-unboost|p1a: Iron Hands|spd|1\n|move|p1b: Farigiraf|Twin Beam|p2a: super tafazzi\n|-damage|p2a: super tafazzi|27\/100\n|-damage|p2a: super tafazzi|10\/100\n|-hitcount|p2a: super tafazzi|2\n|move|p2a: super tafazzi|U-turn|p1b: Farigiraf\n|-supereffective|p1b: Farigiraf\n|-damage|p1b: Farigiraf|50\/100\n|inactive|GuitarheroVGC has 180 seconds left.\n|\n|t:|1699648200\n|switch|p2a: ottavo re de roma|Heatran, F|100\/100|[from] U-turn\n|\n|-weather|SunnyDay|[upkeep]\n|-heal|p1a: Iron Hands|100\/100|[from] Grassy Terrain\n|-heal|p1b: Farigiraf|56\/100|[from] Grassy Terrain\n|upkeep\n|turn|4\n|inactive|RelicanthPrimal<>< has 270 seconds left.\n|inactive|RelicanthPrimal<>< has 240 seconds left.\n|inactive|RelicanthPrimal<>< has 210 seconds left.\n|\n|t:|1699648295\n|-end|p2b: Margherita II|Protosynthesis|[silent]\n|switch|p2b: maradonasss|Iron Hands|100\/100\n|-terastallize|p2a: ottavo re de roma|Fairy\n|move|p1a: Iron Hands|Close Combat|p2a: ottavo re de roma\n|-resisted|p2a: ottavo re de roma\n|-damage|p2a: ottavo re de roma|70\/100\n|-unboost|p1a: Iron Hands|def|1\n|-unboost|p1a: Iron Hands|spd|1\n|move|p1b: Farigiraf|Twin Beam|p2a: ottavo re de roma\n|-damage|p2a: ottavo re de roma|57\/100\n|-damage|p2a: ottavo re de roma|44\/100\n|-hitcount|p2a: ottavo re de roma|2\n|move|p2a: ottavo re de roma|Heat Wave|p1a: Iron Hands|[spread] p1a,p1b\n|-damage|p1a: Iron Hands|39\/100\n|-damage|p1b: Farigiraf|0 fnt\n|-status|p1a: Iron Hands|brn\n|faint|p1b: Farigiraf\n|\n|-weather|SunnyDay|[upkeep]\n|-heal|p1a: Iron Hands|45\/100 brn|[from] Grassy Terrain\n|-heal|p2a: ottavo re de roma|50\/100|[from] Grassy Terrain\n|-damage|p1a: Iron Hands|39\/100 brn|[from] brn\n|upkeep\n|c|\u2606RelicanthPrimal<><|oi vey\n|inactive|RelicanthPrimal<>< has 180 seconds left.\n|inactive|RelicanthPrimal<>< has 150 seconds left.\n|\n|t:|1699648363\n|switch|p1b: Landorus|Landorus-Therian, M|100\/100\n|-ability|p1b: Landorus|Intimidate|boost\n|-unboost|p2a: ottavo re de roma|atk|1\n|-unboost|p2b: maradonasss|atk|1\n|turn|5\n|inactive|RelicanthPrimal<>< has 150 seconds left.\n|inactive|RelicanthPrimal<>< has 120 seconds left.\n|\n|t:|1699648421\n|move|p1b: Landorus|Protect|p1b: Landorus\n|-singleturn|p1b: Landorus|Protect\n|move|p2b: maradonasss|Fire Punch|p1b: Landorus\n|-activate|p1b: Landorus|move: Protect\n|move|p1a: Iron Hands|Close Combat|p2b: maradonasss\n|-damage|p2b: maradonasss|78\/100\n|-unboost|p1a: Iron Hands|def|1\n|-unboost|p1a: Iron Hands|spd|1\n|move|p2a: ottavo re de roma|Heat Wave|p1b: Landorus|[spread] p1a\n|-activate|p1b: Landorus|move: Protect\n|-damage|p1a: Iron Hands|0 fnt\n|faint|p1a: Iron Hands\n|-end|p1a: Iron Hands|Quark Drive|[silent]\n|\n|-weather|none\n|-heal|p2b: maradonasss|85\/100|[from] Grassy Terrain\n|-heal|p2a: ottavo re de roma|56\/100|[from] Grassy Terrain\n|-fieldend|move: Trick Room\n|upkeep\n|inactive|RelicanthPrimal<>< has 90 seconds left.\n|\n|t:|1699648455\n|switch|p1a: Tornadus|Tornadus, M|100\/100\n|turn|6\n|inactive|GuitarheroVGC has 240 seconds left.\n|\n|t:|1699648468\n|-end|p2b: maradonasss|Quark Drive|[silent]\n|switch|p2b: Giulio|Tornadus, M|100\/100\n|move|p1a: Tornadus|Tailwind|p1a: Tornadus\n|-sidestart|p1: RelicanthPrimal<><|move: Tailwind\n|move|p1b: Landorus|Calm Mind|p1b: Landorus\n|-boost|p1b: Landorus|spa|1\n|-boost|p1b: Landorus|spd|1\n|move|p2a: ottavo re de roma|Heat Wave|p1a: Tornadus|[spread] p1a\n|-miss|p2a: ottavo re de roma|p1b: Landorus\n|-damage|p1a: Tornadus|54\/100\n|\n|-heal|p2a: ottavo re de roma|63\/100|[from] Grassy Terrain\n|-fieldend|move: Grassy Terrain\n|upkeep\n|turn|7\n|inactive|GuitarheroVGC has 240 seconds left.\n|inactive|RelicanthPrimal<>< has 90 seconds left.\n|\n|t:|1699648514\n|move|p1a: Tornadus|Taunt|p2b: Giulio\n|-start|p2b: Giulio|move: Taunt\n|cant|p2b: Giulio|move: Taunt|Tailwind\n|move|p1b: Landorus|Sandsear Storm|p2a: ottavo re de roma|[spread] p2a\n|-immune|p2b: Giulio\n|-damage|p2a: ottavo re de roma|31\/100\n|move|p2a: ottavo re de roma|Heat Wave|p1b: Landorus|[spread] \n|-miss|p2a: ottavo re de roma|p1a: Tornadus\n|-miss|p2a: ottavo re de roma|p1b: Landorus\n|\n|upkeep\n|turn|8\n|inactive|RelicanthPrimal<>< has 90 seconds left.\n|inactive|GuitarheroVGC has 240 seconds left.\n|inactive|RelicanthPrimal<>< has 60 seconds left.\n|inactive|RelicanthPrimal<>< has 30 seconds left.\n|\n|t:|1699648603\n|move|p1a: Tornadus|Bleakwind Storm|p2b: Giulio|[spread] p2a,p2b\n|-damage|p2a: ottavo re de roma|9\/100\n|-damage|p2b: Giulio|55\/100\n|move|p1b: Landorus|Tera Blast|p2b: Giulio\n|-damage|p2b: Giulio|10\/100\n|move|p2b: Giulio|Bleakwind Storm|p1b: Landorus|[spread] p1a,p1b\n|-crit|p1b: Landorus\n|-damage|p1a: Tornadus|21\/100\n|-damage|p1b: Landorus|53\/100\n|-unboost|p1b: Landorus|spe|1\n|-enditem|p1a: Tornadus|Sitrus Berry|[eat]\n|-heal|p1a: Tornadus|46\/100|[from] item: Sitrus Berry\n|move|p2a: ottavo re de roma|Heat Wave|p1b: Landorus|[spread] p1a,p1b\n|-damage|p1a: Tornadus|2\/100\n|-damage|p1b: Landorus|24\/100\n|-status|p1a: Tornadus|brn\n|-enditem|p1b: Landorus|Sitrus Berry|[eat]\n|-heal|p1b: Landorus|49\/100|[from] item: Sitrus Berry\n|\n|-damage|p1a: Tornadus|0 fnt|[from] brn\n|faint|p1a: Tornadus\n|upkeep\n|inactive|RelicanthPrimal<>< has 30 seconds left this turn.\n|inactive|RelicanthPrimal<>< has 20 seconds left.\n|\n|t:|1699648615\n|switch|p1a: Flutter Mane|Flutter Mane|100\/100\n|-enditem|p1a: Flutter Mane|Booster Energy\n|-activate|p1a: Flutter Mane|ability: Protosynthesis|[fromitem]\n|-start|p1a: Flutter Mane|protosynthesisspe\n|turn|9\n|inactive|RelicanthPrimal<>< has 30 seconds left.\n|inactive|RelicanthPrimal<>< has 20 seconds left.\n|\n|t:|1699648646\n|switch|p2b: super tafazzi|Rillaboom, F|10\/100\n|-fieldstart|move: Grassy Terrain|[from] ability: Grassy Surge|[of] p2b: super tafazzi\n|move|p1a: Flutter Mane|Moonblast|p2b: super tafazzi\n|-damage|p2b: super tafazzi|0 fnt\n|faint|p2b: super tafazzi\n|move|p1b: Landorus|Tera Blast|p2a: ottavo re de roma\n|-damage|p2a: ottavo re de roma|0 fnt\n|faint|p2a: ottavo re de roma\n|\n|-sideend|p1: RelicanthPrimal<><|move: Tailwind\n|upkeep\n|inactive|RelicanthPrimal<>< has 25 seconds left this turn.\n|inactive|GuitarheroVGC has 240 seconds left.\n|\n|t:|1699648669\n|switch|p2a: Giulio|Tornadus, M|10\/100\n|switch|p2b: :O|Ogerpon-Hearthflame, F|85\/100\n|-ability|p2b: :O|Mold Breaker\n|turn|10\n|inactive|RelicanthPrimal<>< has 30 seconds left.\n|inactive|RelicanthPrimal<>< has 20 seconds left.\n|inactive|RelicanthPrimal<>< has 15 seconds left.\n|inactive|RelicanthPrimal<>< has 10 seconds left.\n|inactive|RelicanthPrimal<>< has 5 seconds left.\n|\n|t:|1699648715\n|-terastallize|p1a: Flutter Mane|Water\n|move|p2a: Giulio|Tailwind|p2a: Giulio\n|-sidestart|p2: GuitarheroVGC|move: Tailwind\n|move|p2b: :O|Ivy Cudgel|p1a: Flutter Mane\n|-resisted|p1a: Flutter Mane\n|-damage|p1a: Flutter Mane|54\/100\n|move|p1a: Flutter Mane|Shadow Ball|p2b: :O\n|-damage|p2b: :O|45\/100\n|move|p1b: Landorus|Sandsear Storm|p2a: Giulio|[spread] p2b\n|-immune|p2a: Giulio\n|-damage|p2b: :O|0 fnt\n|faint|p2b: :O\n|\n|-heal|p1a: Flutter Mane|61\/100|[from] Grassy Terrain\n|upkeep\n|inactive|RelicanthPrimal<>< has 10 seconds left this turn.\n|inactive|GuitarheroVGC has 240 seconds left.\n|\n|t:|1699648727\n|switch|p2b: Margherita II|Flutter Mane|100\/100\n|turn|11\n|inactive|RelicanthPrimal<>< has 30 seconds left.\n|\n|t:|1699648741\n|move|p2b: Margherita II|Moonblast|p1a: Flutter Mane\n|-damage|p1a: Flutter Mane|0 fnt\n|faint|p1a: Flutter Mane\n|-end|p1a: Flutter Mane|Protosynthesis|[silent]\n|move|p2a: Giulio|Bleakwind Storm|p1b: Landorus|[miss]\n|-miss|p2a: Giulio|p1b: Landorus\n|move|p1b: Landorus|Sandsear Storm|p2b: Margherita II|[spread] p2b\n|-immune|p2a: Giulio\n|-damage|p2b: Margherita II|54\/100\n|\n|-heal|p2b: Margherita II|60\/100|[from] Grassy Terrain\n|upkeep\n|inactive|RelicanthPrimal<>< has 30 seconds left this turn.\n|\n|t:|1699648745\n|switch|p1a: Kingambit|Kingambit, F|100\/100\n|turn|12\n|inactive|GuitarheroVGC has 270 seconds left.\n|\n|t:|1699648775\n|-end|p2b: Margherita II|Protosynthesis|[silent]\n|switch|p2b: maradonasss|Iron Hands|85\/100\n|move|p1a: Kingambit|Sucker Punch||[still]\n|-fail|p1a: Kingambit\n|move|p2a: Giulio|Bleakwind Storm|p1a: Kingambit|[spread] \n|-miss|p2a: Giulio|p1a: Kingambit\n|-miss|p2a: Giulio|p1b: Landorus\n|move|p1b: Landorus|Tera Blast|p2a: Giulio\n|-damage|p2a: Giulio|0 fnt\n|faint|p2a: Giulio\n|\n|-heal|p2b: maradonasss|91\/100|[from] Grassy Terrain\n|upkeep\n|inactive|GuitarheroVGC has 270 seconds left.\n|\n|t:|1699648784\n|switch|p2a: Margherita II|Flutter Mane|60\/100\n|turn|13\n|\n|t:|1699648793\n|move|p1a: Kingambit|Sucker Punch|p2a: Margherita II\n|-damage|p2a: Margherita II|0 fnt\n|faint|p2a: Margherita II\n|-end|p2a: Margherita II|Protosynthesis|[silent]\n|move|p2b: maradonasss|Fire Punch|p1b: Landorus\n|-damage|p1b: Landorus|23\/100\n|-status|p1b: Landorus|brn\n|move|p1b: Landorus|Sandsear Storm|p2b: maradonasss\n|-supereffective|p2b: maradonasss\n|-damage|p2b: maradonasss|0 fnt\n|faint|p2b: maradonasss\n|-end|p2b: maradonasss|Quark Drive|[silent]\n|\n|win|RelicanthPrimal<><\n|c|\u2606GuitarheroVGC|gg\n|c|\u2606RelicanthPrimal<><|gg\n","uploadtime":1699648794,"views":160,"p1id":"relicanthprimal","p2id":"guitarherovgc","formatid":"gen9doublesou","rating":0,"private":0,"password":""}