{"id":"smogtours-gen9doublesou-730359","p1":"Nails","p2":"Based Witch","format":"[Gen 9] Doubles OU","log":"|inactive|Battle timer is ON: inactive players will automatically lose when time's up.\n|t:|1699821056\n|gametype|doubles\n|player|p1|Nails|#scl2terrors|\n|player|p2|Based Witch|fantina|\n|teamsize|p1|6\n|teamsize|p2|6\n|gen|9\n|tier|[Gen 9] Doubles OU\n|rule|Species Clause: Limit one of each Pok\u00e9mon\n|rule|OHKO Clause: OHKO moves are banned\n|rule|Evasion Moves Clause: Evasion moves are banned\n|rule|Gravity Sleep Clause: The combination of sleep-inducing moves with imperfect accuracy and Gravity or Gigantamax Orbeetle are banned\n|rule|Endless Battle Clause: Forcing endless battles is banned\n|rule|HP Percentage Mod: HP is shown in percentages\n|clearpoke\n|poke|p1|Gholdengo|\n|poke|p1|Rillaboom, F|\n|poke|p1|Tornadus, M|\n|poke|p1|Landorus-Therian, M|\n|poke|p1|Ogerpon-Hearthflame, F|\n|poke|p1|Palafin, M|\n|poke|p2|Rillaboom, M|\n|poke|p2|Ogerpon-Wellspring, F|\n|poke|p2|Tornadus, M|\n|poke|p2|Landorus-Therian, M|\n|poke|p2|Iron Hands|\n|poke|p2|Gholdengo|\n|teampreview\n|c|\u2606Nails|hf\n|c|\u2606Based Witch|hf\n|raw|<div class=\"broadcast-red\"><strong>Moderated chat was set to \u2606!<\/strong><br \/>Only users of rank \u2606 and higher can talk.<\/div>\n|inactive|Nails has 270 seconds left.\n|inactive|Based Witch has 270 seconds left.\n|inactive|Nails has 240 seconds left.\n|inactive|Based Witch has 240 seconds left.\n|inactive|Based Witch has 210 seconds left.\n|\n|t:|1699821154\n|start\n|switch|p1a: Palafin|Palafin, M|100\/100\n|switch|p1b: Gholdengo|Gholdengo|100\/100\n|switch|p2a: Landorus|Landorus-Therian, M|100\/100\n|switch|p2b: Iron Hands|Iron Hands|100\/100\n|-ability|p2a: Landorus|Intimidate|boost\n|-fail|p1a: Palafin|unboost|[from] item: Clear Amulet|[of] p1a: Palafin\n|-unboost|p1b: Gholdengo|atk|1\n|turn|1\n|inactive|Based Witch has 270 seconds left.\n|inactive|Nails has 270 seconds left.\n|inactive|Based Witch has 240 seconds left.\n|\n|t:|1699821223\n|detailschange|p1a: Palafin|Palafin-Hero, M\n|switch|p1a: Landorus|Landorus-Therian, M, shiny|100\/100\n|-ability|p1a: Landorus|Intimidate|boost\n|-unboost|p2a: Landorus|atk|1\n|-unboost|p2b: Iron Hands|atk|1\n|-end|p2b: Iron Hands|Quark Drive|[silent]\n|switch|p2b: Ogerpon|Ogerpon-Wellspring, F|100\/100\n|-terastallize|p1b: Gholdengo|Dragon\n|move|p2a: Landorus|Nasty Plot|p2a: Landorus\n|-boost|p2a: Landorus|spa|2\n|move|p1b: Gholdengo|Nasty Plot|p1b: Gholdengo\n|-boost|p1b: Gholdengo|spa|2\n|\n|upkeep\n|turn|2\n|inactive|Nails has 270 seconds left.\n|inactive|Based Witch has 240 seconds left.\n|inactive|Nails has 240 seconds left.\n|inactive|Based Witch has 210 seconds left.\n|inactive|Nails has 210 seconds left.\n|inactive|Based Witch has 180 seconds left.\n|inactive|Nails has 180 seconds left.\n|inactive|Based Witch has 150 seconds left.\n|\n|t:|1699821335\n|switch|p1a: Tornadus|Tornadus, M, shiny|100\/100\n|move|p2b: Ogerpon|Ivy Cudgel|p1a: Tornadus\n|-damage|p1a: Tornadus|31\/100\n|move|p2a: Landorus|Sandsear Storm|p1b: Gholdengo|[spread] p1b\n|-immune|p1a: Tornadus\n|-damage|p1b: Gholdengo|37\/100\n|move|p1b: Gholdengo|Nasty Plot|p1b: Gholdengo\n|-boost|p1b: Gholdengo|spa|2\n|\n|-heal|p1b: Gholdengo|43\/100|[from] item: Leftovers\n|upkeep\n|turn|3\n|inactive|Nails has 180 seconds left.\n|inactive|Based Witch has 150 seconds left.\n|\n|t:|1699821379\n|switch|p2b: Iron Hands|Iron Hands|100\/100\n|move|p2a: Landorus|Protect|p2a: Landorus\n|-singleturn|p2a: Landorus|Protect\n|move|p1a: Tornadus|Tailwind|p1a: Tornadus\n|-sidestart|p1: Nails|move: Tailwind\n|move|p1b: Gholdengo|Make It Rain|p2b: Iron Hands|[spread] p2b\n|-activate|p2a: Landorus|move: Protect\n|-resisted|p2b: Iron Hands\n|-damage|p2b: Iron Hands|66\/100\n|-unboost|p1b: Gholdengo|spa|1\n|\n|-heal|p1b: Gholdengo|49\/100|[from] item: Leftovers\n|upkeep\n|turn|4\n|inactive|Based Witch has 150 seconds left.\n|\n|t:|1699821412\n|switch|p1a: Rillaboom|Rillaboom, F, shiny|100\/100\n|-fieldstart|move: Grassy Terrain|[from] ability: Grassy Surge|[of] p1a: Rillaboom\n|-end|p2b: Iron Hands|Quark Drive|[silent]\n|switch|p2b: Rillaboom|Rillaboom, M|100\/100\n|move|p1b: Gholdengo|Protect|p1b: Gholdengo\n|-singleturn|p1b: Gholdengo|Protect\n|move|p2a: Landorus|Sludge Bomb|p1a: Rillaboom\n|-supereffective|p1a: Rillaboom\n|-damage|p1a: Rillaboom|30\/100\n|\n|-heal|p1b: Gholdengo|55\/100|[from] Grassy Terrain\n|-heal|p1b: Gholdengo|61\/100|[from] item: Leftovers\n|-heal|p1a: Rillaboom|36\/100|[from] Grassy Terrain\n|upkeep\n|turn|5\n|inactive|Nails has 150 seconds left.\n|inactive|Based Witch has 150 seconds left.\n|inactive|Nails has 120 seconds left.\n|\n|t:|1699821480\n|switch|p2b: Iron Hands|Iron Hands|66\/100\n|move|p2a: Landorus|Protect|p2a: Landorus\n|-singleturn|p2a: Landorus|Protect\n|move|p1a: Rillaboom|Fake Out|p2a: Landorus\n|-activate|p2a: Landorus|move: Protect\n|move|p1b: Gholdengo|Nasty Plot|p1b: Gholdengo\n|-boost|p1b: Gholdengo|spa|2\n|\n|-heal|p1b: Gholdengo|67\/100|[from] Grassy Terrain\n|-heal|p1b: Gholdengo|73\/100|[from] item: Leftovers\n|-heal|p1a: Rillaboom|42\/100|[from] Grassy Terrain\n|-heal|p2b: Iron Hands|72\/100|[from] Grassy Terrain\n|upkeep\n|turn|6\n|inactive|Nails has 120 seconds left.\n|inactive|Based Witch has 150 seconds left.\n|inactive|Nails has 90 seconds left.\n|inactive|Nails has 60 seconds left.\n|\n|t:|1699821563\n|switch|p1a: Tornadus|Tornadus, M, shiny|31\/100\n|move|p1b: Gholdengo|Protect|p1b: Gholdengo\n|-singleturn|p1b: Gholdengo|Protect\n|move|p2b: Iron Hands|Fake Out|p1b: Gholdengo\n|-activate|p1b: Gholdengo|move: Protect\n|move|p2a: Landorus|Sludge Bomb|p1a: Tornadus\n|-damage|p1a: Tornadus|0 fnt\n|faint|p1a: Tornadus\n|\n|-heal|p1b: Gholdengo|79\/100|[from] Grassy Terrain\n|-heal|p1b: Gholdengo|85\/100|[from] item: Leftovers\n|-heal|p2b: Iron Hands|78\/100|[from] Grassy Terrain\n|-sideend|p1: Nails|move: Tailwind\n|upkeep\n|inactive|Nails has 60 seconds left.\n|\n|t:|1699821578\n|switch|p1a: Landorus|Landorus-Therian, M, shiny|100\/100\n|-ability|p1a: Landorus|Intimidate|boost\n|-unboost|p2a: Landorus|atk|1\n|-unboost|p2b: Iron Hands|atk|1\n|turn|7\n|inactive|Nails has 60 seconds left.\n|\n|t:|1699821614\n|move|p2a: Landorus|Protect|p2a: Landorus\n|-singleturn|p2a: Landorus|Protect\n|move|p1a: Landorus|U-turn|p2b: Iron Hands\n|-resisted|p2b: Iron Hands\n|-damage|p2b: Iron Hands|70\/100\n|\n|t:|1699821623\n|switch|p1a: Rillaboom|Rillaboom, F, shiny|42\/100|[from] U-turn\n|move|p1b: Gholdengo|Make It Rain|p2b: Iron Hands|[spread] p2b\n|-activate|p2a: Landorus|move: Protect\n|-resisted|p2b: Iron Hands\n|-damage|p2b: Iron Hands|34\/100\n|-unboost|p1b: Gholdengo|spa|1\n|move|p2b: Iron Hands|Close Combat|p1b: Gholdengo\n|-damage|p1b: Gholdengo|50\/100\n|-unboost|p2b: Iron Hands|def|1\n|-unboost|p2b: Iron Hands|spd|1\n|\n|-heal|p1b: Gholdengo|56\/100|[from] Grassy Terrain\n|-heal|p1b: Gholdengo|62\/100|[from] item: Leftovers\n|-heal|p1a: Rillaboom|48\/100|[from] Grassy Terrain\n|-heal|p2b: Iron Hands|40\/100|[from] Grassy Terrain\n|upkeep\n|turn|8\n|inactive|Nails has 60 seconds left.\n|inactive|Based Witch has 180 seconds left.\n|\n|t:|1699821648\n|switch|p2a: Ogerpon|Ogerpon-Wellspring, F|100\/100\n|move|p1a: Rillaboom|Fake Out|p2a: Ogerpon\n|-damage|p2a: Ogerpon|87\/100\n|move|p1b: Gholdengo|Make It Rain|p2a: Ogerpon|[spread] p2a,p2b\n|-resisted|p2a: Ogerpon\n|-resisted|p2b: Iron Hands\n|-damage|p2a: Ogerpon|27\/100\n|-damage|p2b: Iron Hands|0 fnt\n|-unboost|p1b: Gholdengo|spa|1\n|faint|p2b: Iron Hands\n|-end|p2b: Iron Hands|Quark Drive|[silent]\n|\n|-heal|p2a: Ogerpon|33\/100|[from] Grassy Terrain\n|-heal|p1b: Gholdengo|68\/100|[from] Grassy Terrain\n|-heal|p1b: Gholdengo|75\/100|[from] item: Leftovers\n|-heal|p1a: Rillaboom|54\/100|[from] Grassy Terrain\n|-fieldend|move: Grassy Terrain\n|upkeep\n|\n|t:|1699821664\n|switch|p2b: Gholdengo|Gholdengo|100\/100\n|turn|9\n|\n|t:|1699821689\n|move|p2a: Ogerpon|Follow Me|p2a: Ogerpon\n|-singleturn|p2a: Ogerpon|move: Follow Me\n|move|p1b: Gholdengo|Shadow Ball|p2a: Ogerpon\n|-damage|p2a: Ogerpon|0 fnt\n|faint|p2a: Ogerpon\n|move|p1a: Rillaboom|U-turn|p2b: Gholdengo\n|-resisted|p2b: Gholdengo\n|-damage|p2b: Gholdengo|95\/100\n|inactive|Nails has 60 seconds left.\n|\n|t:|1699821709\n|switch|p1a: Ogerpon|Ogerpon-Hearthflame, F|100\/100|[from] U-turn\n|-ability|p1a: Ogerpon|Mold Breaker\n|move|p2b: Gholdengo|Nasty Plot|p2b: Gholdengo\n|-boost|p2b: Gholdengo|spa|2\n|\n|-heal|p1b: Gholdengo|81\/100|[from] item: Leftovers\n|-heal|p2b: Gholdengo|100\/100|[from] item: Leftovers\n|upkeep\n|\n|t:|1699821715\n|switch|p2a: Tornadus|Tornadus, M|100\/100\n|turn|10\n|inactive|Based Witch has 180 seconds left.\n|inactive|Nails has 60 seconds left.\n|inactive|Based Witch has 150 seconds left.\n|inactive|Nails has 30 seconds left.\n|\n|t:|1699821779\n|move|p2a: Tornadus|Tailwind|p2a: Tornadus\n|-sidestart|p2: Based Witch|move: Tailwind\n|move|p2b: Gholdengo|Make It Rain|p1a: Ogerpon|[spread] p1a,p1b\n|-resisted|p1a: Ogerpon\n|-damage|p1a: Ogerpon|46\/100\n|-damage|p1b: Gholdengo|0 fnt\n|-unboost|p2b: Gholdengo|spa|1\n|faint|p1b: Gholdengo\n|move|p1a: Ogerpon|Ivy Cudgel|p2b: Gholdengo\n|-supereffective|p2b: Gholdengo\n|-damage|p2b: Gholdengo|0 fnt\n|faint|p2b: Gholdengo\n|\n|upkeep\n|inactive|Nails has 30 seconds left.\n|\n|t:|1699821805\n|switch|p1b: Landorus|Landorus-Therian, M, shiny|100\/100\n|switch|p2b: Landorus|Landorus-Therian, M|100\/100\n|-ability|p2b: Landorus|Intimidate|boost\n|-unboost|p1a: Ogerpon|atk|1\n|-unboost|p1b: Landorus|atk|1\n|-ability|p1b: Landorus|Intimidate|boost\n|-unboost|p2a: Tornadus|atk|1\n|-unboost|p2b: Landorus|atk|1\n|turn|11\n|inactive|Nails has 30 seconds left.\n|inactive|Nails has 20 seconds left.\n|inactive|Nails has 15 seconds left.\n|\n|t:|1699821840\n|move|p1a: Ogerpon|Spiky Shield|p1a: Ogerpon\n|-singleturn|p1a: Ogerpon|move: Protect\n|move|p2a: Tornadus|Bleakwind Storm|p1a: Ogerpon|[spread] p1b\n|-activate|p1a: Ogerpon|move: Protect\n|-damage|p1b: Landorus|73\/100\n|move|p2b: Landorus|Nasty Plot|p2b: Landorus\n|-boost|p2b: Landorus|spa|2\n|move|p1b: Landorus|U-turn|p2b: Landorus\n|-resisted|p2b: Landorus\n|-damage|p2b: Landorus|92\/100\n|inactive|Nails has 20 seconds left this turn.\n|inactive|Nails has 15 seconds left.\n|\n|t:|1699821847\n|switch|p1b: Palafin|Palafin-Hero, M|100\/100|[from] U-turn\n|-activate|p1b: Palafin|ability: Zero to Hero\n|\n|upkeep\n|turn|12\n|inactive|Nails has 30 seconds left.\n|inactive|Nails has 20 seconds left.\n|inactive|Nails has 15 seconds left.\n|inactive|Nails has 10 seconds left.\n|inactive|Based Witch has 180 seconds left.\n|\n|t:|1699821881\n|switch|p1a: Landorus|Landorus-Therian, M, shiny|73\/100\n|-ability|p1a: Landorus|Intimidate|boost\n|-unboost|p2a: Tornadus|atk|1\n|-unboost|p2b: Landorus|atk|1\n|-terastallize|p2b: Landorus|Grass\n|move|p2a: Tornadus|Rain Dance|p2a: Tornadus\n|-weather|RainDance\n|move|p1b: Palafin|Jet Punch|p2b: Landorus\n|-resisted|p2b: Landorus\n|-crit|p2b: Landorus\n|-damage|p2b: Landorus|51\/100\n|move|p2b: Landorus|Sandsear Storm|p1a: Landorus|[spread] p1b\n|-immune|p1a: Landorus\n|-damage|p1b: Palafin|48\/100\n|-status|p1b: Palafin|brn\n|\n|-weather|RainDance|[upkeep]\n|-damage|p1b: Palafin|42\/100 brn|[from] brn\n|upkeep\n|turn|13\n|inactive|Nails has 30 seconds left.\n|inactive|Nails has 20 seconds left.\n|inactive|Nails has 15 seconds left.\n|inactive|Nails has 10 seconds left.\n|inactive|Based Witch has 180 seconds left.\n|\n|t:|1699821915\n|move|p2b: Landorus|Protect|p2b: Landorus\n|-singleturn|p2b: Landorus|Protect\n|move|p1b: Palafin|Jet Punch|p2a: Tornadus\n|-damage|p2a: Tornadus|67\/100\n|move|p2a: Tornadus|Bleakwind Storm|p1b: Palafin|[spread] p1a,p1b\n|-damage|p1a: Landorus|43\/100\n|-damage|p1b: Palafin|16\/100 brn\n|-unboost|p1a: Landorus|spe|1\n|-enditem|p1a: Landorus|Sitrus Berry|[eat]\n|-heal|p1a: Landorus|68\/100|[from] item: Sitrus Berry\n|move|p1a: Landorus|U-turn|p2b: Landorus\n|-activate|p2b: Landorus|move: Protect\n|\n|-weather|RainDance|[upkeep]\n|-damage|p1b: Palafin|10\/100 brn|[from] brn\n|-sideend|p2: Based Witch|move: Tailwind\n|upkeep\n|turn|14\n|inactive|Nails has 30 seconds left.\n|inactive|Nails has 20 seconds left.\n|inactive|Nails has 15 seconds left.\n|\n|t:|1699821937\n|move|p1b: Palafin|Jet Punch|p2a: Tornadus\n|-damage|p2a: Tornadus|36\/100\n|-enditem|p2a: Tornadus|Sitrus Berry|[eat]\n|-heal|p2a: Tornadus|61\/100|[from] item: Sitrus Berry\n|move|p2a: Tornadus|Bleakwind Storm|p1a: Landorus|[spread] p1a,p1b\n|-damage|p1a: Landorus|36\/100\n|-damage|p1b: Palafin|0 fnt\n|faint|p1b: Palafin\n|move|p2b: Landorus|Sludge Bomb|p1a: Landorus\n|-resisted|p1a: Landorus\n|-damage|p1a: Landorus|12\/100\n|move|p1a: Landorus|U-turn|p2b: Landorus\n|-supereffective|p2b: Landorus\n|-damage|p2b: Landorus|0 fnt\n|faint|p2b: Landorus\n|inactive|Nails has 20 seconds left this turn.\n|inactive|Nails has 15 seconds left.\n|inactive|Nails has 10 seconds left.\n|\n|t:|1699821949\n|switch|p1a: Rillaboom|Rillaboom, F, shiny|54\/100|[from] U-turn\n|-fieldstart|move: Grassy Terrain|[from] ability: Grassy Surge|[of] p1a: Rillaboom\n|\n|-weather|RainDance|[upkeep]\n|-heal|p1a: Rillaboom|61\/100|[from] Grassy Terrain\n|upkeep\n|inactive|Nails has 30 seconds left.\n|inactive|Based Witch has 210 seconds left.\n|\n|t:|1699821961\n|switch|p2b: Rillaboom|Rillaboom, M|100\/100\n|switch|p1b: Landorus|Landorus-Therian, M, shiny|12\/100\n|-ability|p1b: Landorus|Intimidate|boost\n|-unboost|p2a: Tornadus|atk|1\n|-unboost|p2b: Rillaboom|atk|1\n|turn|15\n|inactive|Nails has 30 seconds left.\n|\n|t:|1699821981\n|switch|p1b: Ogerpon|Ogerpon-Hearthflame, F|46\/100\n|-ability|p1b: Ogerpon|Mold Breaker\n|move|p1a: Rillaboom|Fake Out|p2a: Tornadus\n|-damage|p2a: Tornadus|44\/100\n|move|p2b: Rillaboom|Grassy Glide|p1b: Ogerpon\n|-resisted|p1b: Ogerpon\n|-damage|p1b: Ogerpon|39\/100\n|cant|p2a: Tornadus|flinch\n|\n|-weather|RainDance|[upkeep]\n|-heal|p1b: Ogerpon|45\/100|[from] Grassy Terrain\n|-heal|p1a: Rillaboom|67\/100|[from] Grassy Terrain\n|upkeep\n|turn|16\n|inactive|Based Witch has 240 seconds left.\n|\n|t:|1699821996\n|switch|p1a: Landorus|Landorus-Therian, M, shiny|12\/100\n|-ability|p1a: Landorus|Intimidate|boost\n|-unboost|p2a: Tornadus|atk|1\n|-unboost|p2b: Rillaboom|atk|1\n|move|p1b: Ogerpon|Spiky Shield|p1b: Ogerpon\n|-singleturn|p1b: Ogerpon|move: Protect\n|move|p2a: Tornadus|Bleakwind Storm|p1a: Landorus|[spread] p1a\n|-activate|p1b: Ogerpon|move: Protect\n|-damage|p1a: Landorus|0 fnt\n|faint|p1a: Landorus\n|move|p2b: Rillaboom|U-turn|p1b: Ogerpon\n|-activate|p1b: Ogerpon|move: Protect\n|-damage|p2b: Rillaboom|88\/100|[from] Spiky Shield|[of] p1b: Ogerpon\n|\n|-weather|none\n|-heal|p1b: Ogerpon|51\/100|[from] Grassy Terrain\n|-heal|p2b: Rillaboom|94\/100|[from] Grassy Terrain\n|upkeep\n|\n|t:|1699821999\n|switch|p1a: Rillaboom|Rillaboom, F, shiny|67\/100\n|turn|17\n|\n|t:|1699822008\n|move|p2a: Tornadus|Protect|p2a: Tornadus\n|-singleturn|p2a: Tornadus|Protect\n|move|p1a: Rillaboom|Fake Out|p2a: Tornadus\n|-activate|p2a: Tornadus|move: Protect\n|move|p1b: Ogerpon|Ivy Cudgel|p2a: Tornadus\n|-activate|p2a: Tornadus|move: Protect\n|move|p2b: Rillaboom|U-turn|p1a: Rillaboom\n|-supereffective|p1a: Rillaboom\n|-damage|p1a: Rillaboom|46\/100\n|\n|-heal|p1b: Ogerpon|57\/100|[from] Grassy Terrain\n|-heal|p1a: Rillaboom|52\/100|[from] Grassy Terrain\n|-heal|p2b: Rillaboom|100\/100|[from] Grassy Terrain\n|upkeep\n|turn|18\n|inactive|Nails has 90 seconds left.\n|\n|t:|1699822028\n|move|p1b: Ogerpon|Grassy Glide|p2a: Tornadus\n|-resisted|p2a: Tornadus\n|-damage|p2a: Tornadus|18\/100\n|move|p1a: Rillaboom|Grassy Glide|p2a: Tornadus\n|-resisted|p2a: Tornadus\n|-damage|p2a: Tornadus|0 fnt\n|faint|p2a: Tornadus\n|move|p2b: Rillaboom|U-turn|p1a: Rillaboom\n|-supereffective|p1a: Rillaboom\n|-damage|p1a: Rillaboom|30\/100\n|\n|-heal|p1b: Ogerpon|63\/100|[from] Grassy Terrain\n|-heal|p1a: Rillaboom|37\/100|[from] Grassy Terrain\n|-fieldend|move: Grassy Terrain\n|upkeep\n|turn|19\n|\n|t:|1699822041\n|move|p1b: Ogerpon|Ivy Cudgel|p2b: Rillaboom\n|-supereffective|p2b: Rillaboom\n|-damage|p2b: Rillaboom|0 fnt\n|faint|p2b: Rillaboom\n|\n|win|Nails\n|c|\u2606Nails|gg\n|c|\u2606Based Witch|gg\n","uploadtime":1699822042,"views":384,"p1id":"nails","p2id":"basedwitch","formatid":"gen9doublesou","rating":0,"private":0,"password":""}