{"id":"smogtours-gen9doublesou-730451","p1":"Enzonana","p2":"KeanuVGC","format":"[Gen 9] Doubles OU","log":"|inactive|Battle timer is ON: inactive players will automatically lose when time's up.\n|t:|1699827143\n|gametype|doubles\n|player|p1|Enzonana|#scl2dynamos|\n|player|p2|KeanuVGC|sonia-masters|\n|teamsize|p1|6\n|teamsize|p2|6\n|gen|9\n|tier|[Gen 9] Doubles OU\n|rule|Species Clause: Limit one of each Pok\u00e9mon\n|rule|OHKO Clause: OHKO moves are banned\n|rule|Evasion Moves Clause: Evasion moves are banned\n|rule|Gravity Sleep Clause: The combination of sleep-inducing moves with imperfect accuracy and Gravity or Gigantamax Orbeetle are banned\n|rule|Endless Battle Clause: Forcing endless battles is banned\n|rule|HP Percentage Mod: HP is shown in percentages\n|clearpoke\n|poke|p1|Tyranitar, F|\n|poke|p1|Ogerpon-Hearthflame, F|\n|poke|p1|Basculegion-F, F|\n|poke|p1|Kommo-o, M|\n|poke|p1|Flutter Mane|\n|poke|p1|Landorus-Therian, M|\n|poke|p2|Iron Hands|\n|poke|p2|Indeedee-F, F|\n|poke|p2|Landorus-Therian, M|\n|poke|p2|Amoonguss, F|\n|poke|p2|Diancie|\n|poke|p2|Armarouge, M|\n|teampreview\n|inactive|Enzonana also wants the timer to be on.\n|c|\u2606Enzonana|hf\n|c|\u2606KeanuVGC|u2\n|inactive|Enzonana has 270 seconds left.\n|inactive|KeanuVGC has 270 seconds left.\n|c|+Pousspouss|Enzooooo\n|inactive|Enzonana has 240 seconds left.\n|\n|t:|1699827222\n|start\n|switch|p1a: lapaulis|Ogerpon-Hearthflame, F|100\/100\n|switch|p1b: el cien|Landorus-Therian, M|100\/100\n|switch|p2a: Iron Hands|Iron Hands|100\/100\n|switch|p2b: Landorus|Landorus-Therian, M, shiny|100\/100\n|-ability|p1a: lapaulis|Mold Breaker\n|-ability|p1b: el cien|Intimidate|boost\n|-unboost|p2a: Iron Hands|atk|1\n|-unboost|p2b: Landorus|atk|1\n|-ability|p2b: Landorus|Intimidate|boost\n|-unboost|p1a: lapaulis|atk|1\n|-unboost|p1b: el cien|atk|1\n|turn|1\n|\n|t:|1699827232\n|move|p1a: lapaulis|Spikes|p2b: Landorus\n|-sidestart|p2: KeanuVGC|Spikes\n|move|p1b: el cien|Stealth Rock|p2a: Iron Hands\n|-sidestart|p2: KeanuVGC|move: Stealth Rock\n|move|p2b: Landorus|Stealth Rock|p1b: el cien\n|-sidestart|p1: Enzonana|move: Stealth Rock\n|move|p2a: Iron Hands|Swords Dance|p2a: Iron Hands\n|-boost|p2a: Iron Hands|atk|2\n|\n|upkeep\n|turn|2\n|c|+hidin|Keanu.\n|inactive|KeanuVGC has 270 seconds left.\n|\n|t:|1699827265\n|move|p1a: lapaulis|Ivy Cudgel|p2a: Iron Hands\n|-damage|p2a: Iron Hands|76\/100\n|move|p1b: el cien|U-turn|p2b: Landorus\n|-resisted|p2b: Landorus\n|-damage|p2b: Landorus|94\/100\n|\n|t:|1699827274\n|switch|p1b: (insane)|Flutter Mane|100\/100|[from] U-turn\n|-damage|p1b: (insane)|88\/100|[from] Stealth Rock\n|move|p2b: Landorus|Taunt|p1a: lapaulis\n|-start|p1a: lapaulis|move: Taunt\n|move|p2a: Iron Hands|Swords Dance|p2a: Iron Hands\n|-boost|p2a: Iron Hands|atk|2\n|\n|upkeep\n|turn|3\n|c|+longestbanana|VAMOSSSS ENZOOOO\n|inactive|Enzonana has 270 seconds left.\n|inactive|KeanuVGC has 270 seconds left.\n|inactive|Enzonana has 240 seconds left.\n|inactive|KeanuVGC has 240 seconds left.\n|\n|t:|1699827353\n|switch|p2b: Indeedee|Indeedee-F, F, shiny|100\/100\n|-damage|p2b: Indeedee|88\/100|[from] Spikes\n|-damage|p2b: Indeedee|75\/100|[from] Stealth Rock\n|-fieldstart|move: Psychic Terrain|[from] ability: Psychic Surge|[of] p2b: Indeedee\n|-enditem|p2a: Iron Hands|Psychic Seed\n|-boost|p2a: Iron Hands|spd|1|[from] item: Psychic Seed\n|-terastallize|p1a: lapaulis|Fire\n|detailschange|p1a: lapaulis|Ogerpon-Hearthflame-Tera, F, tera:Fire\n|-ability|p1a: lapaulis|Embody Aspect (Hearthflame)|boost\n|-boost|p1a: lapaulis|atk|1\n|move|p1b: (insane)|Dazzling Gleam|p2b: Indeedee|[spread] p2a,p2b\n|-supereffective|p2a: Iron Hands\n|-damage|p2a: Iron Hands|40\/100\n|-damage|p2b: Indeedee|33\/100\n|move|p1a: lapaulis|Ivy Cudgel|p2a: Iron Hands\n|-crit|p2a: Iron Hands\n|-damage|p2a: Iron Hands|0 fnt\n|faint|p2a: Iron Hands\n|-end|p2a: Iron Hands|Quark Drive|[silent]\n|\n|upkeep\n|c|+Kaipro|RA RA RA RAAAA\n|inactive|KeanuVGC has 240 seconds left.\n|c|+Kaipro|Sad\n|inactive|KeanuVGC has 210 seconds left.\n|inactive|KeanuVGC has 180 seconds left.\n|\n|t:|1699827441\n|switch|p2a: Armarouge|Armarouge, M|100\/100\n|-damage|p2a: Armarouge|88\/100|[from] Spikes\n|-damage|p2a: Armarouge|63\/100|[from] Stealth Rock\n|turn|4\n|inactive|KeanuVGC has 180 seconds left.\n|\n|t:|1699827448\n|move|p2b: Indeedee|Follow Me|p2b: Indeedee\n|-singleturn|p2b: Indeedee|move: Follow Me\n|move|p1b: (insane)|Dazzling Gleam|p2a: Armarouge|[spread] p2a,p2b\n|-resisted|p2a: Armarouge\n|-damage|p2a: Armarouge|41\/100\n|-damage|p2b: Indeedee|0 fnt\n|faint|p2b: Indeedee\n|move|p1a: lapaulis|Power Whip|p2a: Armarouge\n|-resisted|p2a: Armarouge\n|-damage|p2a: Armarouge|10\/100\n|move|p2a: Armarouge|Trick Room|p2a: Armarouge\n|-fieldstart|move: Trick Room|[of] p2a: Armarouge\n|\n|upkeep\n|inactive|KeanuVGC has 180 seconds left.\n|\n|t:|1699827466\n|switch|p2b: Diancie|Diancie|100\/100\n|-damage|p2b: Diancie|88\/100|[from] Spikes\n|-damage|p2b: Diancie|75\/100|[from] Stealth Rock\n|turn|5\n|inactive|Enzonana has 270 seconds left.\n|\n|t:|1699827480\n|switch|p1a: alavergablicc|Tyranitar, F|100\/100\n|-damage|p1a: alavergablicc|88\/100|[from] Stealth Rock\n|-weather|Sandstorm|[from] ability: Sand Stream|[of] p1a: alavergablicc\n|move|p2b: Diancie|Diamond Storm|p1a: alavergablicc|[spread] p1a,p1b\n|-damage|p1a: alavergablicc|56\/100\n|-damage|p1b: (insane)|28\/100\n|-boost|p2b: Diancie|def|2\n|move|p2a: Armarouge|Expanding Force|p1a: alavergablicc|[spread] p1b\n|-immune|p1a: alavergablicc\n|-crit|p1b: (insane)\n|-damage|p1b: (insane)|0 fnt\n|faint|p1b: (insane)\n|-end|p1b: (insane)|Protosynthesis|[silent]\n|-damage|p2a: Armarouge|0 fnt|[from] item: Life Orb\n|faint|p2a: Armarouge\n|\n|-weather|Sandstorm|[upkeep]\n|upkeep\n|\n|t:|1699827503\n|switch|p2a: Amoonguss|Amoonguss, F|100\/100\n|switch|p1b: kkru|Kommo-o, M|100\/100\n|-damage|p2a: Amoonguss|88\/100|[from] Spikes\n|-damage|p2a: Amoonguss|75\/100|[from] Stealth Rock\n|-damage|p1b: kkru|94\/100|[from] Stealth Rock\n|turn|6\n|inactive|KeanuVGC has 210 seconds left.\n|inactive|Enzonana has 270 seconds left.\n|inactive|KeanuVGC has 180 seconds left.\n|\n|t:|1699827545\n|switch|p1a: el cien|Landorus-Therian, M|100\/100\n|-damage|p1a: el cien|88\/100|[from] Stealth Rock\n|-ability|p1a: el cien|Intimidate|boost\n|-unboost|p2a: Amoonguss|atk|1\n|-fail|p2b: Diancie|unboost|[from] ability: Clear Body|[of] p2b: Diancie\n|move|p2a: Amoonguss|Spore|p1b: kkru\n|-immune|p1b: kkru|[from] ability: Overcoat\n|move|p2b: Diancie|Diamond Storm|p1a: el cien|[spread] p1a,p1b\n|-resisted|p1b: kkru\n|-damage|p1a: el cien|49\/100\n|-damage|p1b: kkru|78\/100\n|-enditem|p1a: el cien|Sitrus Berry|[eat]\n|-heal|p1a: el cien|74\/100|[from] item: Sitrus Berry\n|move|p1b: kkru|Iron Defense|p1b: kkru\n|-boost|p1b: kkru|def|2\n|\n|-weather|Sandstorm|[upkeep]\n|-damage|p2a: Amoonguss|69\/100|[from] Sandstorm\n|-heal|p1b: kkru|84\/100|[from] item: Leftovers\n|upkeep\n|turn|7\n|inactive|Enzonana has 270 seconds left.\n|inactive|KeanuVGC has 180 seconds left.\n|\n|t:|1699827592\n|-terastallize|p2b: Diancie|Dragon\n|move|p2a: Amoonguss|Clear Smog|p1b: kkru\n|-damage|p1b: kkru|74\/100\n|-clearboost|p1b: kkru\n|move|p2b: Diancie|Diamond Storm|p1b: kkru|[spread] p1a,p1b\n|-resisted|p1b: kkru\n|-damage|p1a: el cien|36\/100\n|-damage|p1b: kkru|56\/100\n|move|p1b: kkru|Iron Defense|p1b: kkru\n|-boost|p1b: kkru|def|2\n|move|p1a: el cien|U-turn|p2a: Amoonguss\n|-damage|p2a: Amoonguss|48\/100\n|-enditem|p2a: Amoonguss|Sitrus Berry|[eat]\n|-heal|p2a: Amoonguss|73\/100|[from] item: Sitrus Berry\n|\n|t:|1699827600\n|switch|p1a: alavergablicc|Tyranitar, F|56\/100|[from] U-turn\n|-damage|p1a: alavergablicc|43\/100|[from] Stealth Rock\n|\n|-weather|Sandstorm|[upkeep]\n|-damage|p2a: Amoonguss|67\/100|[from] Sandstorm\n|-damage|p2b: Diancie|69\/100|[from] Sandstorm\n|-heal|p1b: kkru|62\/100|[from] item: Leftovers\n|-fieldend|move: Psychic Terrain\n|upkeep\n|turn|8\n|inactive|Enzonana has 270 seconds left.\n|inactive|KeanuVGC has 180 seconds left.\n|\n|t:|1699827626\n|move|p2a: Amoonguss|Spore|p1a: alavergablicc\n|-status|p1a: alavergablicc|slp|[from] move: Spore\n|move|p2b: Diancie|Diamond Storm|p1b: kkru|[spread] p1a,p1b\n|-resisted|p1b: kkru\n|-damage|p1a: alavergablicc|14\/100 slp\n|-damage|p1b: kkru|54\/100\n|-boost|p2b: Diancie|def|2\n|cant|p1a: alavergablicc|slp\n|move|p1b: kkru|Dragon Tail|p2b: Diancie\n|-supereffective|p2b: Diancie\n|-damage|p2b: Diancie|57\/100\n|drag|p2b: Landorus|Landorus-Therian, M, shiny|94\/100\n|-damage|p2b: Landorus|82\/100|[from] Stealth Rock\n|-ability|p2b: Landorus|Intimidate|boost\n|-unboost|p1a: alavergablicc|atk|1\n|-unboost|p1b: kkru|atk|1\n|\n|-weather|Sandstorm|[upkeep]\n|-damage|p2a: Amoonguss|61\/100|[from] Sandstorm\n|-heal|p1b: kkru|60\/100|[from] item: Leftovers\n|-fieldend|move: Trick Room\n|upkeep\n|turn|9\n|inactive|Enzonana has 270 seconds left.\n|inactive|KeanuVGC has 180 seconds left.\n|inactive|KeanuVGC has 150 seconds left.\n|inactive|KeanuVGC has 120 seconds left.\n|inactive|Enzonana has 240 seconds left.\n|\n|t:|1699827730\n|switch|p1a: el cien|Landorus-Therian, M|36\/100\n|-damage|p1a: el cien|24\/100|[from] Stealth Rock\n|-ability|p1a: el cien|Intimidate|boost\n|-unboost|p2a: Amoonguss|atk|1\n|-unboost|p2b: Landorus|atk|1\n|move|p1b: kkru|Protect|p1b: kkru\n|-singleturn|p1b: kkru|Protect\n|move|p2b: Landorus|U-turn|p1a: el cien\n|-resisted|p1a: el cien\n|-damage|p1a: el cien|17\/100\n|\n|t:|1699827739\n|switch|p2b: Diancie|Diancie, tera:Dragon|57\/100|[from] U-turn\n|-damage|p2b: Diancie|44\/100|[from] Spikes\n|-damage|p2b: Diancie|32\/100|[from] Stealth Rock\n|move|p2a: Amoonguss|Pollen Puff|p2b: Diancie\n|-heal|p2b: Diancie|82\/100\n|\n|-weather|none\n|-heal|p1b: kkru|66\/100|[from] item: Leftovers\n|upkeep\n|turn|10\n|\n|t:|1699827760\n|move|p2a: Amoonguss|Rage Powder|p2a: Amoonguss\n|-singleturn|p2a: Amoonguss|move: Rage Powder\n|move|p1a: el cien|U-turn|p2a: Amoonguss\n|-damage|p2a: Amoonguss|41\/100\n|\n|t:|1699827764\n|switch|p1a: alavergablicc|Tyranitar, F|14\/100 slp|[from] U-turn\n|-damage|p1a: alavergablicc|1\/100 slp|[from] Stealth Rock\n|-weather|Sandstorm|[from] ability: Sand Stream|[of] p1a: alavergablicc\n|move|p1b: kkru|Body Press|p2b: Diancie\n|-damage|p2b: Diancie|33\/100\n|move|p2b: Diancie|Trick Room|p2b: Diancie\n|-fieldstart|move: Trick Room|[of] p2b: Diancie\n|\n|-weather|Sandstorm|[upkeep]\n|-damage|p2a: Amoonguss|35\/100|[from] Sandstorm\n|-damage|p2b: Diancie|27\/100|[from] Sandstorm\n|-heal|p1b: kkru|72\/100|[from] item: Leftovers\n|upkeep\n|turn|11\n|inactive|Enzonana has 270 seconds left.\n|inactive|KeanuVGC has 120 seconds left.\n|\n|t:|1699827792\n|move|p2a: Amoonguss|Pollen Puff|p2b: Diancie\n|-heal|p2b: Diancie|77\/100\n|move|p2b: Diancie|Diamond Storm|p1a: alavergablicc|[spread] p1a,p1b\n|-resisted|p1b: kkru\n|-damage|p1a: alavergablicc|0 fnt\n|-damage|p1b: kkru|64\/100\n|-boost|p2b: Diancie|def|2\n|faint|p1a: alavergablicc\n|move|p1b: kkru|Dragon Tail|p2b: Diancie\n|-supereffective|p2b: Diancie\n|-damage|p2b: Diancie|65\/100\n|drag|p2b: Landorus|Landorus-Therian, M, shiny|82\/100\n|-damage|p2b: Landorus|70\/100|[from] Stealth Rock\n|-ability|p2b: Landorus|Intimidate|boost\n|-unboost|p1b: kkru|atk|1\n|\n|-weather|Sandstorm|[upkeep]\n|-damage|p2a: Amoonguss|29\/100|[from] Sandstorm\n|-heal|p1b: kkru|70\/100|[from] item: Leftovers\n|upkeep\n|\n|t:|1699827799\n|switch|p1a: el cien|Landorus-Therian, M|17\/100\n|-damage|p1a: el cien|5\/100|[from] Stealth Rock\n|-ability|p1a: el cien|Intimidate|boost\n|-unboost|p2a: Amoonguss|atk|1\n|-unboost|p2b: Landorus|atk|1\n|turn|12\n|inactive|Enzonana has 270 seconds left.\n|\n|t:|1699827827\n|move|p2a: Amoonguss|Spore|p1a: el cien\n|-status|p1a: el cien|slp|[from] move: Spore\n|move|p2b: Landorus|Taunt|p1b: kkru\n|-start|p1b: kkru|move: Taunt\n|move|p1b: kkru|Body Press|p2a: Amoonguss\n|-resisted|p2a: Amoonguss\n|-damage|p2a: Amoonguss|1\/100\n|cant|p1a: el cien|slp\n|\n|-weather|Sandstorm|[upkeep]\n|-damage|p2a: Amoonguss|0 fnt|[from] Sandstorm\n|faint|p2a: Amoonguss\n|-heal|p1b: kkru|76\/100|[from] item: Leftovers\n|upkeep\n|c|+Fakee|hiiiiiiiiiiiijo de su puta madre\n|c|\u2606Enzonana|hiiiiiiiiiiiijo de su puta madre\n|\n|t:|1699827836\n|switch|p2a: Diancie|Diancie, tera:Dragon|65\/100\n|-damage|p2a: Diancie|53\/100|[from] Spikes\n|-damage|p2a: Diancie|40\/100|[from] Stealth Rock\n|turn|13\n|\n|t:|1699827849\n|move|p2a: Diancie|Diamond Storm|p1b: kkru|[spread] p1a,p1b\n|-resisted|p1b: kkru\n|-damage|p1a: el cien|0 fnt\n|-damage|p1b: kkru|69\/100\n|faint|p1a: el cien\n|move|p2b: Landorus|Stomping Tantrum|p1b: kkru\n|-damage|p1b: kkru|59\/100\n|move|p1b: kkru|Body Press|p2a: Diancie\n|-damage|p2a: Diancie|0 fnt\n|faint|p2a: Diancie\n|\n|-weather|Sandstorm|[upkeep]\n|-heal|p1b: kkru|65\/100|[from] item: Leftovers\n|upkeep\n|c|\u2606Enzonana|gg\n|c|\u2606Enzonana|GG\n|c|\u2606KeanuVGC|gg\n|\n|t:|1699827860\n|switch|p1a: raindrops|Basculegion-F, F|100\/100\n|-damage|p1a: raindrops|88\/100|[from] Stealth Rock\n|turn|14\n|c|+Fakee|estas loco pa pq dices gg 2 veces\n|\n|t:|1699827865\n|move|p2b: Landorus|Stomping Tantrum|p1a: raindrops\n|-damage|p1a: raindrops|58\/100\n|move|p1b: kkru|Body Press|p2b: Landorus\n|-resisted|p2b: Landorus\n|-damage|p2b: Landorus|44\/100\n|-enditem|p2b: Landorus|Sitrus Berry|[eat]\n|-heal|p2b: Landorus|69\/100|[from] item: Sitrus Berry\n|move|p1a: raindrops|Soak|p2b: Landorus\n|-start|p2b: Landorus|typechange|Water\n|\n|-weather|none\n|-heal|p1b: kkru|72\/100|[from] item: Leftovers\n|-end|p1b: kkru|move: Taunt\n|-fieldend|move: Trick Room\n|upkeep\n|turn|15\n|\n|t:|1699827874\n|switch|p1a: lapaulis|Ogerpon-Hearthflame-Tera, F, tera:Fire|100\/100\n|-damage|p1a: lapaulis|76\/100|[from] Stealth Rock\n|-ability|p1a: lapaulis|Embody Aspect (Hearthflame)|boost\n|-boost|p1a: lapaulis|atk|1\n|move|p1b: kkru|Body Press|p2b: Landorus\n|-damage|p2b: Landorus|18\/100\n|move|p2b: Landorus|Stomping Tantrum|p1a: lapaulis\n|-supereffective|p1a: lapaulis\n|-crit|p1a: lapaulis\n|-damage|p1a: lapaulis|0 fnt\n|faint|p1a: lapaulis\n|\n|-heal|p1b: kkru|78\/100|[from] item: Leftovers\n|upkeep\n|\n|t:|1699827876\n|switch|p1a: raindrops|Basculegion-F, F|58\/100\n|-damage|p1a: raindrops|46\/100|[from] Stealth Rock\n|turn|16\n|\n|t:|1699827884\n|move|p1a: raindrops|Last Respects|p2b: Landorus\n|-damage|p2b: Landorus|0 fnt\n|faint|p2b: Landorus\n|\n|win|Enzonana\n|c|\u2606Enzonana|GGGGGGGGGGGGG\n|c|+longestbanana|VAMOS ENZOOOO\n|c|+Pousspouss|Enzooooooooo\n","uploadtime":1699827886,"views":101,"p1id":"enzonana","p2id":"keanuvgc","formatid":"gen9doublesou","rating":0,"private":0,"password":""}