{"id":"smogtours-gen9doublesou-727557","p1":"GuitarheroVGC","p2":"Raf","format":"[Gen 9] Doubles OU","log":"|inactive|Battle timer is ON: inactive players will automatically lose when time's up.\n|t:|1698607771\n|gametype|doubles\n|player|p1|GuitarheroVGC|kimonogirl|\n|player|p2|Raf|#scl3dynamos2|\n|teamsize|p1|6\n|teamsize|p2|6\n|gen|9\n|tier|[Gen 9] Doubles OU\n|rule|Species Clause: Limit one of each Pok\u00e9mon\n|rule|OHKO Clause: OHKO moves are banned\n|rule|Evasion Moves Clause: Evasion moves are banned\n|rule|Gravity Sleep Clause: The combination of sleep-inducing moves with imperfect accuracy and Gravity or Gigantamax Orbeetle are banned\n|rule|Endless Battle Clause: Forcing endless battles is banned\n|rule|HP Percentage Mod: HP is shown in percentages\n|clearpoke\n|poke|p1|Landorus-Therian, M|\n|poke|p1|Heatran, F|\n|poke|p1|Rillaboom, M|\n|poke|p1|Ogerpon-Hearthflame, F|\n|poke|p1|Iron Bundle|\n|poke|p1|Iron Hands|\n|poke|p2|Heatran, F|\n|poke|p2|Gholdengo|\n|poke|p2|Ogerpon-Wellspring, F|\n|poke|p2|Tornadus, M|\n|poke|p2|Iron Hands|\n|poke|p2|Amoonguss, M|\n|teampreview\n|inactive|Raf also wants the timer to be on.\n|c|\u2606Raf|hf\n|c|\u2606GuitarheroVGC|gl \n|inactive|Raf has 270 seconds left.\n|inactive|Raf has 240 seconds left.\n|c|+Akaru Kokuyo\u3075\u308f|wat is this\n|c|\u2606Raf|ssn\n|c|\u2606Raf|l\n|c|+Akaru Kokuyo\u3075\u308f|o\n|c|+Akaru Kokuyo\u3075\u308f|gl bot\n|c|+Akaru Kokuyo\u3075\u308f|h\n|inactive|Raf has 210 seconds left.\n|\n|t:|1698607861\n|start\n|switch|p1a: Iron Bundle|Iron Bundle|100\/100\n|switch|p1b: Iron Hands|Iron Hands|100\/100\n|switch|p2a: Tornadus|Tornadus, M|100\/100\n|switch|p2b: Ogerpon|Ogerpon-Wellspring, F|100\/100\n|-enditem|p1a: Iron Bundle|Booster Energy\n|-activate|p1a: Iron Bundle|ability: Quark Drive|[fromitem]\n|-start|p1a: Iron Bundle|quarkdrivespe\n|turn|1\n|c|+Feyette|is this top 8\n|c|\u2606Raf|ye\n|c|\u2606Raf|winners semis\n|\n|t:|1698607880\n|move|p2a: Tornadus|Protect|p2a: Tornadus\n|-singleturn|p2a: Tornadus|Protect\n|move|p2b: Ogerpon|Spiky Shield|p2b: Ogerpon\n|-singleturn|p2b: Ogerpon|move: Protect\n|move|p1b: Iron Hands|Fake Out|p2b: Ogerpon\n|-activate|p2b: Ogerpon|move: Protect\n|-damage|p1b: Iron Hands|88\/100|[from] Spiky Shield|[of] p2b: Ogerpon\n|move|p1a: Iron Bundle|Encore|p2a: Tornadus\n|-activate|p2a: Tornadus|move: Protect\n|\n|upkeep\n|turn|2\n|c|+Feyette|goat\n|\n|t:|1698607907\n|move|p1a: Iron Bundle|Protect|p1a: Iron Bundle\n|-singleturn|p1a: Iron Bundle|Protect\n|move|p2a: Tornadus|Tailwind|p2a: Tornadus\n|-sidestart|p2: Raf|move: Tailwind\n|move|p2b: Ogerpon|Horn Leech|p1a: Iron Bundle\n|-activate|p1a: Iron Bundle|move: Protect\n|move|p1b: Iron Hands|Wild Charge|p2b: Ogerpon\n|-damage|p2b: Ogerpon|47\/100\n|-damage|p1b: Iron Hands|77\/100|[from] Recoil\n|\n|upkeep\n|turn|3\n|inactive|GuitarheroVGC has 270 seconds left.\n|inactive|Raf has 270 seconds left.\n|c|+Luthier|good luck raf if u lose then ur getting sold back \n|c|\u2606Raf|oh ok\n|c|+AIRedzone|it's so joever for fey\n|inactive|GuitarheroVGC has 240 seconds left.\n|inactive|Raf has 240 seconds left.\n|\n|t:|1698608000\n|switch|p2b: Iron Hands|Iron Hands|100\/100\n|move|p2a: Tornadus|Bleakwind Storm|p1b: Iron Hands|[spread] p1a\n|-miss|p2a: Tornadus|p1b: Iron Hands\n|-damage|p1a: Iron Bundle|55\/100\n|move|p1a: Iron Bundle|Freeze-Dry|p2a: Tornadus\n|-supereffective|p2a: Tornadus\n|-damage|p2a: Tornadus|32\/100\n|-enditem|p2a: Tornadus|Sitrus Berry|[eat]\n|-heal|p2a: Tornadus|57\/100|[from] item: Sitrus Berry\n|move|p1b: Iron Hands|Wild Charge|p2a: Tornadus\n|-supereffective|p2a: Tornadus\n|-damage|p2a: Tornadus|0 fnt\n|faint|p2a: Tornadus\n|-damage|p1b: Iron Hands|66\/100|[from] Recoil\n|\n|upkeep\n|inactive|Raf has 240 seconds left.\n|\n|t:|1698608019\n|switch|p2a: Gholdengo|Gholdengo|100\/100\n|turn|4\n|inactive|GuitarheroVGC has 240 seconds left.\n|inactive|Raf has 240 seconds left.\n|\n|t:|1698608056\n|move|p1a: Iron Bundle|Protect|p1a: Iron Bundle\n|-singleturn|p1a: Iron Bundle|Protect\n|move|p2a: Gholdengo|Nasty Plot|p2a: Gholdengo\n|-boost|p2a: Gholdengo|spa|2\n|move|p2b: Iron Hands|Volt Switch|p1a: Iron Bundle\n|-activate|p1a: Iron Bundle|move: Protect\n|move|p1b: Iron Hands|Wild Charge|p2a: Gholdengo\n|-damage|p2a: Gholdengo|55\/100\n|-damage|p1b: Iron Hands|56\/100|[from] Recoil\n|\n|-heal|p2a: Gholdengo|61\/100|[from] item: Leftovers\n|upkeep\n|turn|5\n|inactive|Raf has 240 seconds left.\n|\n|t:|1698608075\n|move|p2a: Gholdengo|Protect|p2a: Gholdengo\n|-singleturn|p2a: Gholdengo|Protect\n|move|p1a: Iron Bundle|Icy Wind|p2a: Gholdengo|[spread] p2b\n|-activate|p2a: Gholdengo|move: Protect\n|-damage|p2b: Iron Hands|93\/100\n|-unboost|p2b: Iron Hands|spe|1\n|move|p2b: Iron Hands|Drain Punch|p1a: Iron Bundle\n|-supereffective|p1a: Iron Bundle\n|-damage|p1a: Iron Bundle|0 fnt\n|-heal|p2b: Iron Hands|100\/100|[from] drain|[of] p1a: Iron Bundle\n|faint|p1a: Iron Bundle\n|-end|p1a: Iron Bundle|Quark Drive|[silent]\n|move|p1b: Iron Hands|Wild Charge|p2a: Gholdengo\n|-activate|p2a: Gholdengo|move: Protect\n|\n|-heal|p2a: Gholdengo|67\/100|[from] item: Leftovers\n|-sideend|p2: Raf|move: Tailwind\n|upkeep\n|inactive|GuitarheroVGC has 240 seconds left.\n|\n|t:|1698608088\n|switch|p1a: Landorus|Landorus-Therian, M|100\/100\n|-ability|p1a: Landorus|Intimidate|boost\n|-unboost|p2a: Gholdengo|atk|1\n|-unboost|p2b: Iron Hands|atk|1\n|turn|6\n|inactive|Raf has 240 seconds left.\n|inactive|GuitarheroVGC has 240 seconds left.\n|inactive|Raf has 210 seconds left.\n|\n|t:|1698608160\n|switch|p2a: Amoonguss|Amoonguss, M|100\/100\n|move|p1a: Landorus|Stomping Tantrum|p2a: Amoonguss\n|-damage|p2a: Amoonguss|63\/100\n|move|p1b: Iron Hands|Wild Charge|p2a: Amoonguss\n|-resisted|p2a: Amoonguss\n|-damage|p2a: Amoonguss|41\/100\n|-enditem|p2a: Amoonguss|Sitrus Berry|[eat]\n|-heal|p2a: Amoonguss|66\/100|[from] item: Sitrus Berry\n|-damage|p1b: Iron Hands|51\/100|[from] Recoil\n|move|p2b: Iron Hands|Volt Switch|p1b: Iron Hands\n|-resisted|p1b: Iron Hands\n|-damage|p1b: Iron Hands|48\/100\n|\n|t:|1698608172\n|-end|p2b: Iron Hands|Quark Drive|[silent]\n|switch|p2b: Ogerpon|Ogerpon-Wellspring, F|47\/100|[from] Volt Switch\n|\n|upkeep\n|turn|7\n|\n|t:|1698608191\n|switch|p1a: Rillaboom|Rillaboom, M|100\/100\n|-fieldstart|move: Grassy Terrain|[from] ability: Grassy Surge|[of] p1a: Rillaboom\n|switch|p2b: Gholdengo|Gholdengo|67\/100\n|move|p1b: Iron Hands|Wild Charge|p2b: Gholdengo\n|-damage|p2b: Gholdengo|20\/100\n|-damage|p1b: Iron Hands|38\/100|[from] Recoil\n|move|p2a: Amoonguss|Pollen Puff|p2b: Gholdengo\n|-heal|p2b: Gholdengo|70\/100\n|\n|-heal|p2b: Gholdengo|76\/100|[from] Grassy Terrain\n|-heal|p2b: Gholdengo|82\/100|[from] item: Leftovers\n|-heal|p1b: Iron Hands|44\/100|[from] Grassy Terrain\n|-heal|p2a: Amoonguss|72\/100|[from] Grassy Terrain\n|upkeep\n|turn|8\n|inactive|Raf has 210 seconds left.\n|inactive|GuitarheroVGC has 270 seconds left.\n|\n|t:|1698608220\n|move|p1a: Rillaboom|Fake Out|p2a: Amoonguss\n|-damage|p2a: Amoonguss|59\/100\n|move|p2b: Gholdengo|Nasty Plot|p2b: Gholdengo\n|-boost|p2b: Gholdengo|spa|2\n|move|p1b: Iron Hands|Wild Charge|p2b: Gholdengo\n|-damage|p2b: Gholdengo|34\/100\n|-damage|p1b: Iron Hands|34\/100|[from] Recoil\n|cant|p2a: Amoonguss|flinch\n|\n|-heal|p2b: Gholdengo|40\/100|[from] Grassy Terrain\n|-heal|p2b: Gholdengo|46\/100|[from] item: Leftovers\n|-heal|p1b: Iron Hands|40\/100|[from] Grassy Terrain\n|-heal|p2a: Amoonguss|65\/100|[from] Grassy Terrain\n|upkeep\n|turn|9\n|\n|t:|1698608229\n|-terastallize|p1a: Rillaboom|Fire\n|move|p2b: Gholdengo|Shadow Ball|p1b: Iron Hands\n|-damage|p1b: Iron Hands|0 fnt\n|faint|p1b: Iron Hands\n|-end|p1b: Iron Hands|Quark Drive|[silent]\n|move|p1a: Rillaboom|Wood Hammer|p2b: Gholdengo\n|-resisted|p2b: Gholdengo\n|-damage|p2b: Gholdengo|10\/100\n|-damage|p1a: Rillaboom|89\/100|[from] Recoil\n|move|p2a: Amoonguss|Pollen Puff|p2b: Gholdengo\n|-heal|p2b: Gholdengo|59\/100\n|\n|-heal|p2b: Gholdengo|66\/100|[from] Grassy Terrain\n|-heal|p2b: Gholdengo|72\/100|[from] item: Leftovers\n|-heal|p1a: Rillaboom|96\/100|[from] Grassy Terrain\n|-heal|p2a: Amoonguss|71\/100|[from] Grassy Terrain\n|upkeep\n|\n|t:|1698608235\n|switch|p1b: Ogerpon|Ogerpon-Hearthflame, F|100\/100\n|-ability|p1b: Ogerpon|Mold Breaker\n|turn|10\n|inactive|Raf has 240 seconds left.\n|\n|t:|1698608258\n|switch|p2a: Iron Hands|Iron Hands|100\/100\n|move|p2b: Gholdengo|Protect|p2b: Gholdengo\n|-singleturn|p2b: Gholdengo|Protect\n|move|p1b: Ogerpon|Ivy Cudgel|p2b: Gholdengo\n|-activate|p2b: Gholdengo|move: Protect\n|move|p1a: Rillaboom|Wood Hammer|p2a: Iron Hands\n|-damage|p2a: Iron Hands|44\/100\n|-damage|p1a: Rillaboom|74\/100|[from] Recoil\n|\n|-heal|p2b: Gholdengo|78\/100|[from] Grassy Terrain\n|-heal|p2b: Gholdengo|84\/100|[from] item: Leftovers\n|-heal|p1a: Rillaboom|80\/100|[from] Grassy Terrain\n|-heal|p2a: Iron Hands|51\/100|[from] Grassy Terrain\n|upkeep\n|turn|11\n|inactive|Raf has 240 seconds left.\n|\n|t:|1698608274\n|switch|p1a: Heatran|Heatran, F|100\/100\n|move|p1b: Ogerpon|Spiky Shield|p1b: Ogerpon\n|-singleturn|p1b: Ogerpon|move: Protect\n|move|p2a: Iron Hands|Fake Out|p1b: Ogerpon\n|-activate|p1b: Ogerpon|move: Protect\n|-damage|p2a: Iron Hands|38\/100|[from] Spiky Shield|[of] p1b: Ogerpon\n|move|p2b: Gholdengo|Shadow Ball|p1a: Heatran\n|-damage|p1a: Heatran|22\/100\n|\n|-heal|p1a: Heatran|29\/100|[from] Grassy Terrain\n|-heal|p2b: Gholdengo|90\/100|[from] Grassy Terrain\n|-heal|p2b: Gholdengo|96\/100|[from] item: Leftovers\n|-heal|p2a: Iron Hands|44\/100|[from] Grassy Terrain\n|-fieldend|move: Grassy Terrain\n|upkeep\n|turn|12\n|\n|t:|1698608296\n|switch|p1a: Landorus|Landorus-Therian, M|100\/100\n|-ability|p1a: Landorus|Intimidate|boost\n|-unboost|p2a: Iron Hands|atk|1\n|-unboost|p2b: Gholdengo|atk|1\n|-terastallize|p2b: Gholdengo|Dragon\n|move|p1b: Ogerpon|Ivy Cudgel|p2b: Gholdengo\n|-resisted|p2b: Gholdengo\n|-crit|p2b: Gholdengo\n|-damage|p2b: Gholdengo|61\/100\n|move|p2b: Gholdengo|Shadow Ball|p1b: Ogerpon\n|-damage|p1b: Ogerpon|16\/100\n|-unboost|p1b: Ogerpon|spd|1\n|move|p2a: Iron Hands|Volt Switch|p1a: Landorus\n|-immune|p1a: Landorus\n|\n|-heal|p2b: Gholdengo|67\/100|[from] item: Leftovers\n|upkeep\n|turn|13\n|inactive|Raf has 270 seconds left.\n|\n|t:|1698608321\n|move|p2b: Gholdengo|Protect|p2b: Gholdengo\n|-singleturn|p2b: Gholdengo|Protect\n|move|p1a: Landorus|Stomping Tantrum|p2b: Gholdengo\n|-activate|p2b: Gholdengo|move: Protect\n|move|p1b: Ogerpon|Ivy Cudgel|p2b: Gholdengo\n|-activate|p2b: Gholdengo|move: Protect\n|move|p2a: Iron Hands|Drain Punch|p1b: Ogerpon\n|-damage|p1b: Ogerpon|0 fnt\n|-heal|p2a: Iron Hands|50\/100|[from] drain|[of] p1b: Ogerpon\n|faint|p1b: Ogerpon\n|\n|-heal|p2b: Gholdengo|73\/100|[from] item: Leftovers\n|upkeep\n|\n|t:|1698608324\n|switch|p1b: Rillaboom|Rillaboom, M, tera:Fire|80\/100\n|-fieldstart|move: Grassy Terrain|[from] ability: Grassy Surge|[of] p1b: Rillaboom\n|turn|14\n|\n|t:|1698608333\n|-end|p2a: Iron Hands|Quark Drive|[silent]\n|switch|p2a: Amoonguss|Amoonguss, M|100\/100\n|move|p1b: Rillaboom|Fake Out|p2b: Gholdengo\n|-damage|p2b: Gholdengo|60\/100\n|move|p1a: Landorus|Stomping Tantrum|p2a: Amoonguss\n|-crit|p2a: Amoonguss\n|-damage|p2a: Amoonguss|46\/100\n|cant|p2b: Gholdengo|flinch\n|\n|-heal|p2b: Gholdengo|67\/100|[from] Grassy Terrain\n|-heal|p2b: Gholdengo|73\/100|[from] item: Leftovers\n|-heal|p1b: Rillaboom|86\/100|[from] Grassy Terrain\n|-heal|p2a: Amoonguss|52\/100|[from] Grassy Terrain\n|upkeep\n|turn|15\n|\n|t:|1698608346\n|move|p2a: Amoonguss|Rage Powder|p2a: Amoonguss\n|-singleturn|p2a: Amoonguss|move: Rage Powder\n|move|p1a: Landorus|Stomping Tantrum|p2a: Amoonguss\n|-damage|p2a: Amoonguss|13\/100\n|move|p2b: Gholdengo|Shadow Ball|p1a: Landorus\n|-damage|p1a: Landorus|4\/100\n|move|p1b: Rillaboom|Wood Hammer|p2a: Amoonguss\n|-resisted|p2a: Amoonguss\n|-damage|p2a: Amoonguss|0 fnt\n|faint|p2a: Amoonguss\n|-damage|p1b: Rillaboom|81\/100|[from] Recoil\n|\n|-heal|p2b: Gholdengo|79\/100|[from] Grassy Terrain\n|-heal|p2b: Gholdengo|85\/100|[from] item: Leftovers\n|-heal|p1b: Rillaboom|88\/100|[from] Grassy Terrain\n|upkeep\n|\n|t:|1698608355\n|switch|p2a: Iron Hands|Iron Hands|50\/100\n|turn|16\n|\n|t:|1698608369\n|switch|p1a: Heatran|Heatran, F|29\/100\n|move|p2a: Iron Hands|Fake Out|p1a: Heatran\n|-resisted|p1a: Heatran\n|-damage|p1a: Heatran|23\/100\n|move|p2b: Gholdengo|Shadow Ball|p1b: Rillaboom\n|-crit|p1b: Rillaboom\n|-damage|p1b: Rillaboom|0 fnt\n|faint|p1b: Rillaboom\n|\n|-heal|p1a: Heatran|29\/100|[from] Grassy Terrain\n|-heal|p2b: Gholdengo|91\/100|[from] Grassy Terrain\n|-heal|p2b: Gholdengo|97\/100|[from] item: Leftovers\n|-heal|p2a: Iron Hands|56\/100|[from] Grassy Terrain\n|upkeep\n|\n|t:|1698608377\n|switch|p1b: Landorus|Landorus-Therian, M|4\/100\n|-ability|p1b: Landorus|Intimidate|boost\n|-unboost|p2a: Iron Hands|atk|1\n|-unboost|p2b: Gholdengo|atk|1\n|turn|17\n|c|\u2606GuitarheroVGC|gg\n|\n|t:|1698608383\n|-end|p2a: Iron Hands|Quark Drive|[silent]\n|switch|p2a: Ogerpon|Ogerpon-Wellspring, F|47\/100\n|move|p2b: Gholdengo|Protect|p2b: Gholdengo\n|-singleturn|p2b: Gholdengo|Protect\n|move|p1b: Landorus|Stomping Tantrum|p2b: Gholdengo\n|-activate|p2b: Gholdengo|move: Protect\n|move|p1a: Heatran|Heat Wave|p2a: Ogerpon|[spread] p2a\n|-activate|p2b: Gholdengo|move: Protect\n|-damage|p2a: Ogerpon|0 fnt\n|faint|p2a: Ogerpon\n|-damage|p1a: Heatran|19\/100|[from] item: Life Orb\n|\n|-heal|p1a: Heatran|25\/100|[from] Grassy Terrain\n|-heal|p2b: Gholdengo|100\/100|[from] Grassy Terrain\n|upkeep\n|c|\u2606Raf|ggs\n|\n|t:|1698608386\n|switch|p2a: Iron Hands|Iron Hands|56\/100\n|turn|18\n|\n|t:|1698608393\n|move|p2a: Iron Hands|Fake Out|p1b: Landorus\n|-damage|p1b: Landorus|0 fnt\n|faint|p1b: Landorus\n|move|p1a: Heatran|Heat Wave|p2a: Iron Hands|[spread] p2a,p2b\n|-resisted|p2b: Gholdengo\n|-damage|p2a: Iron Hands|32\/100\n|-damage|p2b: Gholdengo|76\/100\n|-damage|p1a: Heatran|15\/100|[from] item: Life Orb\n|move|p2b: Gholdengo|Shadow Ball|p1a: Heatran\n|-damage|p1a: Heatran|0 fnt\n|faint|p1a: Heatran\n|\n|win|Raf\n","uploadtime":1698608394,"views":60,"p1id":"guitarherovgc","p2id":"raf","formatid":"gen9doublesou","rating":0,"private":0,"password":""}