{"id":"smogtours-gen9doublesou-725835","p1":"eragon11145","p2":"Nailea","format":"[Gen 9] Doubles OU","log":"|inactive|Battle timer is ON: inactive players will automatically lose when time's up.\n|t:|1698015405\n|gametype|doubles\n|player|p1|eragon11145|#dwcopiii|\n|player|p2|Nailea|elesa|\n|teamsize|p1|6\n|teamsize|p2|6\n|gen|9\n|tier|[Gen 9] Doubles OU\n|rule|Species Clause: Limit one of each Pok\u00e9mon\n|rule|OHKO Clause: OHKO moves are banned\n|rule|Evasion Moves Clause: Evasion moves are banned\n|rule|Gravity Sleep Clause: The combination of sleep-inducing moves with imperfect accuracy and Gravity or Gigantamax Orbeetle are banned\n|rule|Endless Battle Clause: Forcing endless battles is banned\n|rule|HP Percentage Mod: HP is shown in percentages\n|clearpoke\n|poke|p1|Kingambit, M|\n|poke|p1|Rillaboom, M|\n|poke|p1|Flutter Mane|\n|poke|p1|Ogerpon-Hearthflame, F|\n|poke|p1|Great Tusk|\n|poke|p1|Tornadus, M|\n|poke|p2|Tornadus, M|\n|poke|p2|Ogerpon-Wellspring, F|\n|poke|p2|Gholdengo|\n|poke|p2|Ninetales-Alola, M|\n|poke|p2|Iron Hands|\n|poke|p2|Amoonguss, F|\n|teampreview\n|inactive|eragon11145 also wants the timer to be on.\n|c|\u2606Nailea|hf\n|c|\u2606eragon11145|u2 \n|inactive|eragon11145 has 270 seconds left.\n|inactive|Nailea has 270 seconds left.\n|c|+KeanuVGC|wth\n|c|+KeanuVGC|i thought u were facing ann\n|inactive|Nailea has 240 seconds left.\n|c|\u2606eragon11145|(this is ann)\n|c|\u2606Nailea|Lmao\n|c|+KeanuVGC|oh\n|c|+KeanuVGC|LOL\n|\n|t:|1698015480\n|start\n|switch|p1a: Ogerpon|Ogerpon-Hearthflame, F|100\/100\n|switch|p1b: Tornadus|Tornadus, M|100\/100\n|switch|p2a: Iron Hands|Iron Hands|100\/100\n|switch|p2b: Ogerpon|Ogerpon-Wellspring, F|100\/100\n|-ability|p1a: Ogerpon|Mold Breaker\n|turn|1\n|\n|t:|1698015499\n|switch|p1b: Rillaboom|Rillaboom, M|100\/100\n|-fieldstart|move: Grassy Terrain|[from] ability: Grassy Surge|[of] p1b: Rillaboom\n|move|p1a: Ogerpon|Spiky Shield|p1a: Ogerpon\n|-singleturn|p1a: Ogerpon|move: Protect\n|move|p2a: Iron Hands|Fake Out|p1b: Rillaboom\n|-damage|p1b: Rillaboom|88\/100\n|move|p2b: Ogerpon|Ivy Cudgel|p1b: Rillaboom\n|-resisted|p1b: Rillaboom\n|-damage|p1b: Rillaboom|62\/100\n|\n|-heal|p1b: Rillaboom|68\/100|[from] Grassy Terrain\n|upkeep\n|turn|2\n|\n|t:|1698015518\n|move|p2b: Ogerpon|Ivy Cudgel|p1a: Ogerpon\n|-damage|p1a: Ogerpon|46\/100\n|move|p1a: Ogerpon|Power Whip|p2a: Iron Hands\n|-damage|p2a: Iron Hands|46\/100\n|move|p1b: Rillaboom|Wood Hammer|p2a: Iron Hands\n|-damage|p2a: Iron Hands|0 fnt\n|faint|p2a: Iron Hands\n|-end|p2a: Iron Hands|Quark Drive|[silent]\n|-damage|p1b: Rillaboom|51\/100|[from] Recoil\n|\n|-heal|p1a: Ogerpon|52\/100|[from] Grassy Terrain\n|-heal|p1b: Rillaboom|57\/100|[from] Grassy Terrain\n|upkeep\n|\n|t:|1698015529\n|switch|p2a: Tornadus|Tornadus, M|100\/100\n|turn|3\n|\n|t:|1698015542\n|switch|p1b: Tornadus|Tornadus, M|100\/100\n|move|p1a: Ogerpon|Spiky Shield|p1a: Ogerpon\n|-singleturn|p1a: Ogerpon|move: Protect\n|move|p2a: Tornadus|Bleakwind Storm|p1a: Ogerpon|[spread] \n|-activate|p1a: Ogerpon|move: Protect\n|-miss|p2a: Tornadus|p1b: Tornadus\n|move|p2b: Ogerpon|Swords Dance|p2b: Ogerpon\n|-boost|p2b: Ogerpon|atk|2\n|\n|-heal|p1a: Ogerpon|58\/100|[from] Grassy Terrain\n|upkeep\n|turn|4\n|c|+Enzonana|pq juegan?\n|inactive|eragon11145 has 270 seconds left.\n|inactive|Nailea has 270 seconds left.\n|inactive|eragon11145 has 240 seconds left.\n|\n|t:|1698015605\n|switch|p1a: Rillaboom|Rillaboom, M|57\/100\n|move|p1b: Tornadus|Tailwind|p1b: Tornadus\n|-sidestart|p1: eragon11145|move: Tailwind\n|move|p2a: Tornadus|Bleakwind Storm|p1a: Rillaboom|[spread] p1b\n|-miss|p2a: Tornadus|p1a: Rillaboom\n|-damage|p1b: Tornadus|66\/100\n|move|p2b: Ogerpon|Ivy Cudgel|p1b: Tornadus\n|-damage|p1b: Tornadus|0 fnt\n|faint|p1b: Tornadus\n|\n|-heal|p1a: Rillaboom|63\/100|[from] Grassy Terrain\n|upkeep\n|c|+edgar|goo eragon!!!\n|inactive|eragon11145 has 240 seconds left.\n|c|+KeanuVGC|real\n|\n|t:|1698015629\n|switch|p1b: Kingambit|Kingambit, M|100\/100\n|turn|5\n|inactive|Nailea has 270 seconds left.\n|inactive|eragon11145 has 240 seconds left.\n|c|+zoe|hi edgar\n|inactive|Nailea has 240 seconds left.\n|c|+edgar|hi zoe :)\n|c|+zoe|;)\n|c|+zoe|*:)\n|\n|t:|1698015683\n|switch|p2a: Amoonguss|Amoonguss, F|100\/100\n|move|p1a: Rillaboom|Fake Out|p2b: Ogerpon\n|-damage|p2b: Ogerpon|86\/100\n|cant|p2b: Ogerpon|flinch\n|move|p1b: Kingambit|Swords Dance|p1b: Kingambit\n|-boost|p1b: Kingambit|atk|2\n|\n|-heal|p1a: Rillaboom|69\/100|[from] Grassy Terrain\n|-heal|p2b: Ogerpon|92\/100|[from] Grassy Terrain\n|-fieldend|move: Grassy Terrain\n|upkeep\n|turn|6\n|inactive|Nailea has 240 seconds left.\n|inactive|Nailea has 210 seconds left.\n|\n|t:|1698015725\n|move|p1b: Kingambit|Protect|p1b: Kingambit\n|-singleturn|p1b: Kingambit|Protect\n|move|p1a: Rillaboom|U-turn|p2b: Ogerpon\n|-supereffective|p2b: Ogerpon\n|-damage|p2b: Ogerpon|38\/100\n|\n|t:|1698015734\n|switch|p1a: Ogerpon|Ogerpon-Hearthflame, F|58\/100|[from] U-turn\n|-ability|p1a: Ogerpon|Mold Breaker\n|move|p2b: Ogerpon|Ivy Cudgel|p1a: Ogerpon\n|-damage|p1a: Ogerpon|0 fnt\n|faint|p1a: Ogerpon\n|move|p2a: Amoonguss|Pollen Puff|p2b: Ogerpon\n|-heal|p2b: Ogerpon|88\/100\n|\n|upkeep\n|\n|t:|1698015740\n|switch|p1a: Rillaboom|Rillaboom, M|69\/100\n|-fieldstart|move: Grassy Terrain|[from] ability: Grassy Surge|[of] p1a: Rillaboom\n|turn|7\n|inactive|eragon11145 has 270 seconds left.\n|inactive|Nailea has 240 seconds left.\n|\n|t:|1698015754\n|switch|p2a: Ninetales|Ninetales-Alola, M|100\/100\n|-weather|Snow|[from] ability: Snow Warning|[of] p2a: Ninetales\n|move|p2b: Ogerpon|Spiky Shield|p2b: Ogerpon\n|-singleturn|p2b: Ogerpon|move: Protect\n|move|p1a: Rillaboom|Fake Out|p2a: Ninetales\n|-damage|p2a: Ninetales|89\/100\n|move|p1b: Kingambit|Sucker Punch||[still]\n|-fail|p1b: Kingambit\n|\n|-weather|Snow|[upkeep]\n|-heal|p1a: Rillaboom|75\/100|[from] Grassy Terrain\n|-heal|p2a: Ninetales|95\/100|[from] Grassy Terrain\n|-heal|p2b: Ogerpon|94\/100|[from] Grassy Terrain\n|-sideend|p1: eragon11145|move: Tailwind\n|upkeep\n|turn|8\n|inactive|Nailea has 240 seconds left.\n|\n|t:|1698015778\n|move|p1a: Rillaboom|Grassy Glide|p2b: Ogerpon\n|-damage|p2b: Ogerpon|54\/100\n|move|p1b: Kingambit|Sucker Punch|p2b: Ogerpon\n|-crit|p2b: Ogerpon\n|-damage|p2b: Ogerpon|0 fnt\n|faint|p2b: Ogerpon\n|move|p2a: Ninetales|Aurora Veil|p2a: Ninetales\n|-sidestart|p2: Nailea|move: Aurora Veil\n|\n|-weather|Snow|[upkeep]\n|-heal|p2a: Ninetales|100\/100|[from] Grassy Terrain\n|-heal|p1a: Rillaboom|82\/100|[from] Grassy Terrain\n|upkeep\n|inactive|Nailea has 240 seconds left.\n|c|\u2606Nailea|damn i messed up\n|\n|t:|1698015801\n|switch|p2b: Gholdengo|Gholdengo|100\/100\n|turn|9\n|\n|t:|1698015815\n|move|p2a: Ninetales|Encore|p1b: Kingambit\n|-start|p1b: Kingambit|Encore\n|move|p2b: Gholdengo|Nasty Plot|p2b: Gholdengo\n|-boost|p2b: Gholdengo|spa|2\n|move|p1a: Rillaboom|Wood Hammer|p2b: Gholdengo\n|-resisted|p2b: Gholdengo\n|-crit|p2b: Gholdengo\n|-damage|p2b: Gholdengo|52\/100\n|-damage|p1a: Rillaboom|67\/100|[from] Recoil\n|move|p1b: Kingambit|Sucker Punch||[still]\n|-fail|p1b: Kingambit\n|\n|-weather|Snow|[upkeep]\n|-heal|p2b: Gholdengo|58\/100|[from] Grassy Terrain\n|-heal|p2b: Gholdengo|64\/100|[from] item: Leftovers\n|-heal|p1a: Rillaboom|73\/100|[from] Grassy Terrain\n|upkeep\n|turn|10\n|\n|t:|1698015831\n|switch|p2a: Amoonguss|Amoonguss, F|100\/100\n|move|p1b: Kingambit|Sucker Punch||[still]\n|-fail|p1b: Kingambit\n|move|p2b: Gholdengo|Nasty Plot|p2b: Gholdengo\n|-boost|p2b: Gholdengo|spa|2\n|move|p1a: Rillaboom|U-turn|p2a: Amoonguss\n|-damage|p2a: Amoonguss|88\/100\n|\n|t:|1698015850\n|switch|p1a: Great Tusk|Great Tusk|100\/100|[from] U-turn\n|\n|-weather|Snow|[upkeep]\n|-heal|p2b: Gholdengo|70\/100|[from] Grassy Terrain\n|-heal|p2b: Gholdengo|77\/100|[from] item: Leftovers\n|-heal|p2a: Amoonguss|94\/100|[from] Grassy Terrain\n|upkeep\n|turn|11\n|inactive|eragon11145 has 270 seconds left.\n|inactive|eragon11145 has 240 seconds left.\n|\n|t:|1698015934\n|move|p2b: Gholdengo|Protect|p2b: Gholdengo\n|-singleturn|p2b: Gholdengo|Protect\n|move|p1b: Kingambit|Sucker Punch||[still]\n|-fail|p1b: Kingambit\n|move|p1a: Great Tusk|Headlong Rush|p2a: Amoonguss\n|-damage|p2a: Amoonguss|63\/100\n|-unboost|p1a: Great Tusk|def|1\n|-unboost|p1a: Great Tusk|spd|1\n|move|p2a: Amoonguss|Spore|p1b: Kingambit\n|-status|p1b: Kingambit|slp|[from] move: Spore\n|\n|-weather|none\n|-heal|p2b: Gholdengo|83\/100|[from] Grassy Terrain\n|-heal|p2b: Gholdengo|89\/100|[from] item: Leftovers\n|-heal|p2a: Amoonguss|69\/100|[from] Grassy Terrain\n|-end|p1b: Kingambit|Encore\n|-fieldend|move: Grassy Terrain\n|upkeep\n|turn|12\n|inactive|eragon11145 has 240 seconds left.\n|\n|t:|1698015950\n|move|p2a: Amoonguss|Rage Powder|p2a: Amoonguss\n|-singleturn|p2a: Amoonguss|move: Rage Powder\n|move|p1a: Great Tusk|Headlong Rush|p2a: Amoonguss\n|-damage|p2a: Amoonguss|38\/100\n|-unboost|p1a: Great Tusk|def|1\n|-unboost|p1a: Great Tusk|spd|1\n|move|p2b: Gholdengo|Make It Rain|p1a: Great Tusk|[spread] p1a,p1b\n|-resisted|p1b: Kingambit\n|-damage|p1a: Great Tusk|0 fnt\n|-damage|p1b: Kingambit|40\/100 slp\n|-unboost|p2b: Gholdengo|spa|1\n|faint|p1a: Great Tusk\n|-end|p1a: Great Tusk|Protosynthesis|[silent]\n|cant|p1b: Kingambit|slp\n|\n|-heal|p2b: Gholdengo|95\/100|[from] item: Leftovers\n|-heal|p1b: Kingambit|46\/100 slp|[from] item: Leftovers\n|upkeep\n|\n|t:|1698015967\n|switch|p1a: Rillaboom|Rillaboom, M|73\/100\n|-fieldstart|move: Grassy Terrain|[from] ability: Grassy Surge|[of] p1a: Rillaboom\n|turn|13\n|inactive|eragon11145 has 240 seconds left.\n|inactive|Nailea has 270 seconds left.\n|inactive|Nailea has 240 seconds left.\n|inactive|eragon11145 has 210 seconds left.\n|c|+Akaru Kokuyo\u3075\u308f|nice team Nailea\n|\n|t:|1698016041\n|switch|p2a: Ninetales|Ninetales-Alola, M|100\/100\n|-weather|Snow|[from] ability: Snow Warning|[of] p2a: Ninetales\n|-terastallize|p2b: Gholdengo|Dragon\n|-terastallize|p1a: Rillaboom|Fire\n|move|p1a: Rillaboom|Fake Out|p2a: Ninetales\n|-damage|p2a: Ninetales|93\/100\n|move|p2b: Gholdengo|Make It Rain|p1a: Rillaboom|[spread] p1a,p1b\n|-resisted|p1a: Rillaboom\n|-resisted|p1b: Kingambit\n|-damage|p1a: Rillaboom|35\/100\n|-damage|p1b: Kingambit|0 fnt\n|-unboost|p2b: Gholdengo|spa|1\n|faint|p1b: Kingambit\n|\n|-weather|Snow|[upkeep]\n|-heal|p2a: Ninetales|99\/100|[from] Grassy Terrain\n|-heal|p2b: Gholdengo|100\/100|[from] Grassy Terrain\n|-heal|p1a: Rillaboom|41\/100|[from] Grassy Terrain\n|upkeep\n|inactive|eragon11145 has 210 seconds left.\n|\n|t:|1698016053\n|switch|p1b: Flutter Mane|Flutter Mane|100\/100\n|turn|14\n|\n|t:|1698016071\n|switch|p2a: Tornadus|Tornadus, M|100\/100\n|move|p2b: Gholdengo|Protect|p2b: Gholdengo\n|-singleturn|p2b: Gholdengo|Protect\n|move|p1b: Flutter Mane|Moonblast|p2b: Gholdengo\n|-activate|p2b: Gholdengo|move: Protect\n|move|p1a: Rillaboom|Wood Hammer|p2a: Tornadus\n|-resisted|p2a: Tornadus\n|-damage|p2a: Tornadus|70\/100\n|-damage|p1a: Rillaboom|32\/100|[from] Recoil\n|\n|-weather|Snow|[upkeep]\n|-heal|p1a: Rillaboom|38\/100|[from] Grassy Terrain\n|upkeep\n|turn|15\n|c|+KeanuVGC|what in the vgc \n|c|\u2606eragon11145|gg\n|-message|eragon11145 forfeited.\n|\n|win|Nailea\n|c|\u2606Nailea|gg\n","uploadtime":1698016077,"views":183,"p1id":"eragon11145","p2id":"nailea","formatid":"gen9doublesou","rating":0,"private":0,"password":""}