{"id":"smogtours-gen9doublesou-723943","p1":"Tenzai","p2":"Enzonana","format":"[Gen 9] Doubles OU","log":"|inactive|Battle timer is ON: inactive players will automatically lose when time's up.\n|t:|1697385988\n|gametype|doubles\n|player|p1|Tenzai|#scl3spartans2|\n|player|p2|Enzonana|bertha|\n|teamsize|p1|6\n|teamsize|p2|6\n|gen|9\n|tier|[Gen 9] Doubles OU\n|rule|Species Clause: Limit one of each Pok\u00e9mon\n|rule|OHKO Clause: OHKO moves are banned\n|rule|Evasion Moves Clause: Evasion moves are banned\n|rule|Gravity Sleep Clause: The combination of sleep-inducing moves with imperfect accuracy and Gravity or Gigantamax Orbeetle are banned\n|rule|Endless Battle Clause: Forcing endless battles is banned\n|rule|HP Percentage Mod: HP is shown in percentages\n|clearpoke\n|poke|p1|Landorus-Therian, M|\n|poke|p1|Flutter Mane|\n|poke|p1|Iron Hands|\n|poke|p1|Ogerpon-Hearthflame, F|\n|poke|p1|Tornadus, M|\n|poke|p1|Kingambit, M|\n|poke|p2|Pelipper, M|\n|poke|p2|Basculegion, M|\n|poke|p2|Ogerpon-Wellspring, F|\n|poke|p2|Chien-Pao|\n|poke|p2|Dragonite, F|\n|poke|p2|Gholdengo|\n|teampreview\n|inactive|Enzonana also wants the timer to be on.\n|c|\u2606Enzonana|HF PA\n|c|+daunt vs|nananananananannananananananna\n|c|\u2606Tenzai|hf\n|c|+daunt vs|eres puto\n|inactive|Tenzai has 270 seconds left.\n|inactive|Enzonana has 270 seconds left.\n|c|\u2606Enzonana|alo mods?\n|c|+PoussPouss|nanaaaaaaaa ! \n|c|+haxlolo|DALE NANA\n|c|+PoussPouss|vamos \n|c|+edgar|lets go tenzai\n|inactive|Tenzai has 240 seconds left.\n|inactive|Enzonana has 240 seconds left.\n|inactive|Tenzai has 210 seconds left.\n|\n|t:|1697386091\n|start\n|switch|p1a: Flutter Mane|Flutter Mane|100\/100\n|switch|p1b: Tornadus|Tornadus, M|100\/100\n|switch|p2a: kokuyo|Ogerpon-Wellspring, F|100\/100\n|switch|p2b: soy el paps|Chien-Pao|100\/100\n|-ability|p2b: soy el paps|Sword of Ruin\n|turn|1\n|inactive|Tenzai has 270 seconds left.\n|inactive|Enzonana has 270 seconds left.\n|inactive|Tenzai has 240 seconds left.\n|inactive|Enzonana has 240 seconds left.\n|\n|t:|1697386151\n|switch|p2b: feikiii|Gholdengo|100\/100\n|-terastallize|p2a: kokuyo|Water\n|detailschange|p2a: kokuyo|Ogerpon-Wellspring-Tera, F, tera:Water\n|-ability|p2a: kokuyo|Embody Aspect (Wellspring)|boost\n|-boost|p2a: kokuyo|spd|1\n|move|p1b: Tornadus|Sunny Day|p1b: Tornadus\n|-weather|SunnyDay\n|-activate|p1a: Flutter Mane|ability: Protosynthesis\n|-start|p1a: Flutter Mane|protosynthesisspa\n|move|p1a: Flutter Mane|Dazzling Gleam|p2a: kokuyo|[spread] p2a,p2b\n|-resisted|p2b: feikiii\n|-damage|p2a: kokuyo|51\/100\n|-damage|p2b: feikiii|66\/100\n|move|p2a: kokuyo|Ivy Cudgel|p1b: Tornadus\n|-damage|p1b: Tornadus|64\/100\n|\n|-weather|SunnyDay|[upkeep]\n|upkeep\n|turn|2\n|inactive|Tenzai has 240 seconds left.\n|inactive|Enzonana has 240 seconds left.\n|\n|t:|1697386177\n|-end|p1a: Flutter Mane|Protosynthesis|[silent]\n|switch|p1a: Kingambit|Kingambit, M|100\/100\n|switch|p2a: a la vrga blicc|Pelipper, M|100\/100\n|-weather|RainDance|[from] ability: Drizzle|[of] p2a: a la vrga blicc\n|move|p2b: feikiii|Make It Rain|p1a: Kingambit|[spread] p1a,p1b\n|-resisted|p1a: Kingambit\n|-damage|p1a: Kingambit|80\/100\n|-damage|p1b: Tornadus|14\/100\n|-unboost|p2b: feikiii|spa|1\n|move|p1b: Tornadus|U-turn|p2a: a la vrga blicc\n|-resisted|p2a: a la vrga blicc\n|-damage|p2a: a la vrga blicc|93\/100\n|-enditem|p2a: a la vrga blicc|Eject Button\n|inactive|Enzonana has 240 seconds left.\n|\n|t:|1697386185\n|switch|p2a: edgar (anciano)|Dragonite, F|100\/100\n|\n|-weather|RainDance|[upkeep]\n|upkeep\n|turn|3\n|inactive|Tenzai has 240 seconds left.\n|\n|t:|1697386222\n|switch|p1b: Iron Hands|Iron Hands|100\/100\n|move|p2b: feikiii|Make It Rain|p1a: Kingambit|[spread] p1a,p1b\n|-resisted|p1a: Kingambit\n|-resisted|p1b: Iron Hands\n|-damage|p1a: Kingambit|66\/100\n|-damage|p1b: Iron Hands|91\/100\n|-unboost|p2b: feikiii|spa|1\n|move|p2a: edgar (anciano)|Stomping Tantrum|p1a: Kingambit\n|-supereffective|p1a: Kingambit\n|-damage|p1a: Kingambit|0 fnt\n|faint|p1a: Kingambit\n|\n|-weather|RainDance|[upkeep]\n|upkeep\n|c|+ILoveMashing|bancanana\n|c|+haxlolo|the gout\n|\n|t:|1697386242\n|switch|p1a: Flutter Mane|Flutter Mane|100\/100\n|turn|4\n|inactive|Tenzai has 240 seconds left.\n|inactive|Enzonana has 270 seconds left.\n|c|+corvere|Enzo...\n|c|+corvere|BANANA BANANA\n|\n|t:|1697386271\n|move|p2b: feikiii|Make It Rain|p1b: Iron Hands|[spread] p1a,p1b\n|-supereffective|p1a: Flutter Mane\n|-resisted|p1b: Iron Hands\n|-damage|p1a: Flutter Mane|58\/100\n|-damage|p1b: Iron Hands|85\/100\n|-unboost|p2b: feikiii|spa|1\n|move|p1a: Flutter Mane|Moonblast|p2a: edgar (anciano)\n|-supereffective|p2a: edgar (anciano)\n|-damage|p2a: edgar (anciano)|0 fnt\n|faint|p2a: edgar (anciano)\n|move|p1b: Iron Hands|Wild Charge|p2b: feikiii\n|-damage|p2b: feikiii|9\/100\n|-damage|p1b: Iron Hands|75\/100|[from] Recoil\n|\n|-weather|RainDance|[upkeep]\n|upkeep\n|inactive|Enzonana has 240 seconds left.\n|inactive|Enzonana has 210 seconds left.\n|\n|t:|1697386332\n|switch|p2a: kokuyo|Ogerpon-Wellspring-Tera, F, tera:Water|51\/100\n|-ability|p2a: kokuyo|Embody Aspect (Wellspring)|boost\n|-boost|p2a: kokuyo|spd|1\n|turn|5\n|inactive|Tenzai has 240 seconds left.\n|inactive|Enzonana has 210 seconds left.\n|\n|t:|1697386359\n|move|p2a: kokuyo|Spiky Shield|p2a: kokuyo\n|-singleturn|p2a: kokuyo|move: Protect\n|move|p2b: feikiii|Make It Rain|p1b: Iron Hands|[spread] p1a,p1b\n|-supereffective|p1a: Flutter Mane\n|-resisted|p1b: Iron Hands\n|-damage|p1a: Flutter Mane|25\/100\n|-damage|p1b: Iron Hands|70\/100\n|-unboost|p2b: feikiii|spa|1\n|move|p1a: Flutter Mane|Moonblast|p2a: kokuyo\n|-activate|p2a: kokuyo|move: Protect\n|move|p1b: Iron Hands|Wild Charge|p2a: kokuyo\n|-activate|p2a: kokuyo|move: Protect\n|-damage|p1b: Iron Hands|58\/100|[from] Spiky Shield|[of] p2a: kokuyo\n|\n|-weather|RainDance|[upkeep]\n|upkeep\n|turn|6\n|inactive|Tenzai has 240 seconds left.\n|inactive|Enzonana has 210 seconds left.\n|\n|t:|1697386392\n|-end|p1a: Flutter Mane|Protosynthesis|[silent]\n|switch|p1a: Landorus|Landorus-Therian, M|100\/100\n|-ability|p1a: Landorus|Intimidate|boost\n|-unboost|p2a: kokuyo|atk|1\n|-unboost|p2b: feikiii|atk|1\n|-terastallize|p1b: Iron Hands|Grass\n|move|p2b: feikiii|Make It Rain|p1a: Landorus|[spread] p1a,p1b\n|-damage|p1a: Landorus|86\/100\n|-damage|p1b: Iron Hands|50\/100\n|-unboost|p2b: feikiii|spa|1\n|move|p2a: kokuyo|Ivy Cudgel|p1b: Iron Hands\n|-resisted|p1b: Iron Hands\n|-damage|p1b: Iron Hands|23\/100\n|move|p1b: Iron Hands|Wild Charge|p2a: kokuyo\n|-supereffective|p2a: kokuyo\n|-damage|p2a: kokuyo|0 fnt\n|faint|p2a: kokuyo\n|-damage|p1b: Iron Hands|15\/100|[from] Recoil\n|\n|-weather|none\n|upkeep\n|inactive|Enzonana has 210 seconds left.\n|\n|t:|1697386412\n|switch|p2a: soy kkru|Basculegion, M|100\/100\n|turn|7\n|inactive|Tenzai has 240 seconds left.\n|\n|t:|1697386433\n|switch|p2b: a la vrga blicc|Pelipper, M|93\/100\n|-weather|RainDance|[from] ability: Drizzle|[of] p2b: a la vrga blicc\n|move|p2a: soy kkru|Protect|p2a: soy kkru\n|-singleturn|p2a: soy kkru|Protect\n|move|p1a: Landorus|U-turn|p2b: a la vrga blicc\n|-resisted|p2b: a la vrga blicc\n|-damage|p2b: a la vrga blicc|81\/100\n|inactive|Tenzai has 210 seconds left.\n|inactive|Tenzai has 180 seconds left.\n|inactive|Tenzai has 150 seconds left.\n|\n|t:|1697386538\n|switch|p1a: Tornadus|Tornadus, M|14\/100|[from] U-turn\n|move|p1b: Iron Hands|Wild Charge|p2a: soy kkru\n|-activate|p2a: soy kkru|move: Protect\n|\n|-weather|RainDance|[upkeep]\n|upkeep\n|turn|8\n|inactive|Enzonana has 240 seconds left.\n|\n|t:|1697386547\n|move|p2a: soy kkru|Aqua Jet|p1a: Tornadus\n|-damage|p1a: Tornadus|0 fnt\n|faint|p1a: Tornadus\n|-damage|p2a: soy kkru|91\/100|[from] item: Life Orb\n|move|p2b: a la vrga blicc|Hurricane|p1b: Iron Hands\n|-supereffective|p1b: Iron Hands\n|-damage|p1b: Iron Hands|0 fnt\n|faint|p1b: Iron Hands\n|-end|p1b: Iron Hands|Quark Drive|[silent]\n|\n|-weather|RainDance|[upkeep]\n|upkeep\n|\n|t:|1697386556\n|switch|p1a: Landorus|Landorus-Therian, M|86\/100\n|switch|p1b: Ogerpon|Ogerpon-Hearthflame, F|100\/100\n|-ability|p1b: Ogerpon|Mold Breaker\n|-ability|p1a: Landorus|Intimidate|boost\n|-unboost|p2a: soy kkru|atk|1\n|-unboost|p2b: a la vrga blicc|atk|1\n|turn|9\n|inactive|Tenzai has 180 seconds left.\n|inactive|Enzonana has 240 seconds left.\n|\n|t:|1697386607\n|move|p1b: Ogerpon|Spiky Shield|p1b: Ogerpon\n|-singleturn|p1b: Ogerpon|move: Protect\n|move|p2a: soy kkru|Wave Crash|p1a: Landorus\n|-supereffective|p1a: Landorus\n|-damage|p1a: Landorus|0 fnt\n|faint|p1a: Landorus\n|-damage|p2a: soy kkru|62\/100|[from] Recoil\n|-damage|p2a: soy kkru|52\/100|[from] item: Life Orb\n|move|p2b: a la vrga blicc|Tailwind|p2b: a la vrga blicc\n|-sidestart|p2: Enzonana|move: Tailwind\n|\n|-weather|RainDance|[upkeep]\n|upkeep\n|\n|t:|1697386613\n|switch|p1a: Flutter Mane|Flutter Mane|25\/100\n|turn|10\n|c|+Fakee|soy el paps\n|c|+haxlolo|la fkin cabra\n|\n|t:|1697386618\n|move|p1b: Ogerpon|Follow Me|p1b: Ogerpon\n|-singleturn|p1b: Ogerpon|move: Follow Me\n|move|p2a: soy kkru|Wave Crash|p1b: Ogerpon\n|-damage|p1b: Ogerpon|0 fnt\n|faint|p1b: Ogerpon\n|-damage|p2a: soy kkru|25\/100|[from] Recoil\n|-damage|p2a: soy kkru|15\/100|[from] item: Life Orb\n|move|p2b: a la vrga blicc|Hurricane|p1a: Flutter Mane\n|-damage|p1a: Flutter Mane|0 fnt\n|faint|p1a: Flutter Mane\n|-end|p1a: Flutter Mane|Protosynthesis|[silent]\n|\n|win|Enzonana\n|c|\u2606Enzonana|GG\n|c|+PoussPouss|vamos nana \n|c|\u2606Tenzai|gg\n","uploadtime":1697386619,"views":66,"p1id":"tenzai","p2id":"enzonana","formatid":"gen9doublesou","rating":0,"private":0,"password":""}