{"id":"smogtours-gen9doublesou-732717","p1":"latiasatoshi","p2":"Meminger21","format":"[Gen 9] Doubles OU","log":"|inactive|Battle timer is ON: inactive players will automatically lose when time's up.\n|t:|1701025400\n|gametype|doubles\n|player|p1|latiasatoshi|170|\n|player|p2|Meminger21|liza|\n|teamsize|p1|6\n|teamsize|p2|6\n|gen|9\n|tier|[Gen 9] Doubles OU\n|rule|Species Clause: Limit one of each Pok\u00e9mon\n|rule|OHKO Clause: OHKO moves are banned\n|rule|Evasion Moves Clause: Evasion moves are banned\n|rule|Gravity Sleep Clause: The combination of sleep-inducing moves with imperfect accuracy and Gravity or Gigantamax Orbeetle are banned\n|rule|Endless Battle Clause: Forcing endless battles is banned\n|rule|HP Percentage Mod: HP is shown in percentages\n|clearpoke\n|poke|p1|Torkoal, M|\n|poke|p1|Indeedee-F, F|\n|poke|p1|Armarouge, M|\n|poke|p1|Diancie|\n|poke|p1|Walking Wake|\n|poke|p1|Roaring Moon|\n|poke|p2|Ursaluna, M|\n|poke|p2|Ogerpon, F|\n|poke|p2|Flutter Mane|\n|poke|p2|Volcanion|\n|poke|p2|Rillaboom, M|\n|poke|p2|Iron Bundle|\n|teampreview\n|c|\u2606Meminger21|hf\n|inactive|Meminger21 has 270 seconds left.\n|c|\u2606latiasatoshi|hf\n|inactive|latiasatoshi has 270 seconds left.\n|inactive|Meminger21 has 240 seconds left.\n|\n|t:|1701025474\n|start\n|switch|p1a: Diancie|Diancie|100\/100\n|switch|p1b: Walking Wake|Walking Wake|100\/100\n|switch|p2a: Flutter Mane|Flutter Mane|100\/100\n|switch|p2b: Volcanion|Volcanion|100\/100\n|turn|1\n|\n|t:|1701025499\n|move|p2a: Flutter Mane|Moonblast|p1b: Walking Wake\n|-supereffective|p1b: Walking Wake\n|-damage|p1b: Walking Wake|28\/100\n|move|p1b: Walking Wake|Hydro Steam|p2a: Flutter Mane\n|-damage|p2a: Flutter Mane|64\/100\n|move|p2b: Volcanion|Steam Eruption|p1a: Diancie\n|-supereffective|p1a: Diancie\n|-damage|p1a: Diancie|6\/100\n|-enditem|p1a: Diancie|Weakness Policy\n|-boost|p1a: Diancie|atk|2|[from] item: Weakness Policy\n|-boost|p1a: Diancie|spa|2|[from] item: Weakness Policy\n|move|p1a: Diancie|Diamond Storm|p2b: Volcanion|[spread] p2b\n|-miss|p1a: Diancie|p2a: Flutter Mane\n|-supereffective|p2b: Volcanion\n|-damage|p2b: Volcanion|5\/100\n|-boost|p1a: Diancie|def|2\n|\n|upkeep\n|turn|2\n|c|+SingleThunder|why does flutter look like that\n|inactive|latiasatoshi has 270 seconds left.\n|inactive|Meminger21 has 270 seconds left.\n|c|+KeanuVGC|thats what i said\n|\n|t:|1701025540\n|move|p2a: Flutter Mane|Moonblast|p1b: Walking Wake\n|-supereffective|p1b: Walking Wake\n|-damage|p1b: Walking Wake|0 fnt\n|faint|p1b: Walking Wake\n|-end|p1b: Walking Wake|Protosynthesis|[silent]\n|move|p2b: Volcanion|Earth Power|p1a: Diancie\n|-supereffective|p1a: Diancie\n|-damage|p1a: Diancie|0 fnt\n|faint|p1a: Diancie\n|\n|upkeep\n|\n|t:|1701025551\n|switch|p1b: Roaring Moon|Roaring Moon|100\/100\n|switch|p1a: Armarouge|Armarouge, M|100\/100\n|turn|3\n|\n|t:|1701025565\n|-terastallize|p1a: Armarouge|Psychic\n|move|p1b: Roaring Moon|U-turn|p1a: Armarouge\n|-supereffective|p1a: Armarouge\n|-damage|p1a: Armarouge|44\/100\n|-ability|p1a: Armarouge|Weak Armor|boost\n|-unboost|p1a: Armarouge|def|1\n|-boost|p1a: Armarouge|spe|2\n|-enditem|p1a: Armarouge|Weakness Policy\n|-boost|p1a: Armarouge|atk|2|[from] item: Weakness Policy\n|-boost|p1a: Armarouge|spa|2|[from] item: Weakness Policy\n|\n|t:|1701025573\n|-end|p1b: Roaring Moon|Protosynthesis|[silent]\n|switch|p1b: Indeedee|Indeedee-F, F|100\/100|[from] U-turn\n|-fieldstart|move: Psychic Terrain|[from] ability: Psychic Surge|[of] p1b: Indeedee\n|move|p1a: Armarouge|Expanding Force|p2a: Flutter Mane|[spread] p2a,p2b\n|-damage|p2a: Flutter Mane|0 fnt\n|-damage|p2b: Volcanion|0 fnt\n|faint|p2a: Flutter Mane\n|-end|p2a: Flutter Mane|Protosynthesis|[silent]\n|faint|p2b: Volcanion\n|\n|upkeep\n|\n|t:|1701025578\n|switch|p2a: Rillaboom|Rillaboom, M|100\/100\n|switch|p2b: Iron Bundle|Iron Bundle|100\/100\n|-fieldstart|move: Grassy Terrain|[from] ability: Grassy Surge|[of] p2a: Rillaboom\n|-enditem|p2b: Iron Bundle|Booster Energy\n|-activate|p2b: Iron Bundle|ability: Quark Drive|[fromitem]\n|-start|p2b: Iron Bundle|quarkdrivespe\n|turn|4\n|inactive|Meminger21 has 270 seconds left.\n|inactive|latiasatoshi has 270 seconds left.\n|\n|t:|1701025637\n|move|p2a: Rillaboom|Fake Out|p1b: Indeedee\n|-damage|p1b: Indeedee|86\/100\n|move|p2b: Iron Bundle|Hydro Pump|p1a: Armarouge\n|-damage|p1a: Armarouge|0 fnt\n|faint|p1a: Armarouge\n|cant|p1b: Indeedee|flinch\n|\n|-heal|p1b: Indeedee|92\/100|[from] Grassy Terrain\n|upkeep\n|inactive|latiasatoshi has 270 seconds left.\n|\n|t:|1701025648\n|switch|p1a: Roaring Moon|Roaring Moon|100\/100\n|turn|5\n|inactive|Meminger21 has 270 seconds left.\n|inactive|latiasatoshi has 270 seconds left.\n|\n|t:|1701025682\n|move|p2b: Iron Bundle|Icy Wind|p1b: Indeedee|[spread] p1a,p1b\n|-supereffective|p1a: Roaring Moon\n|-damage|p1a: Roaring Moon|62\/100\n|-damage|p1b: Indeedee|73\/100\n|-unboost|p1a: Roaring Moon|spe|1\n|-unboost|p1b: Indeedee|spe|1\n|move|p1a: Roaring Moon|U-turn|p2a: Rillaboom\n|-supereffective|p2a: Rillaboom\n|-damage|p2a: Rillaboom|42\/100\n|\n|t:|1701025688\n|-end|p1a: Roaring Moon|Protosynthesis|[silent]\n|switch|p1a: Torkoal|Torkoal, M|100\/100|[from] U-turn\n|-weather|SunnyDay|[from] ability: Drought|[of] p1a: Torkoal\n|move|p2a: Rillaboom|U-turn|p1b: Indeedee\n|-supereffective|p1b: Indeedee\n|-damage|p1b: Indeedee|22\/100\n|-enditem|p1b: Indeedee|Sitrus Berry|[eat]\n|-heal|p1b: Indeedee|47\/100|[from] item: Sitrus Berry\n|inactive|Meminger21 has 240 seconds left.\n|\n|t:|1701025735\n|switch|p2a: Ursaluna|Ursaluna, M|100\/100|[from] U-turn\n|move|p1b: Indeedee|Trick Room|p1b: Indeedee\n|-fieldstart|move: Trick Room|[of] p1b: Indeedee\n|\n|-weather|SunnyDay|[upkeep]\n|-heal|p1b: Indeedee|53\/100|[from] Grassy Terrain\n|-status|p2a: Ursaluna|brn|[from] item: Flame Orb\n|upkeep\n|turn|6\n|inactive|Meminger21 has 240 seconds left.\n|inactive|Meminger21 has 210 seconds left.\n|\n|t:|1701025779\n|move|p1b: Indeedee|Helping Hand|p1a: Torkoal\n|-singleturn|p1a: Torkoal|Helping Hand|[of] p1b: Indeedee\n|move|p2a: Ursaluna|Protect|p2a: Ursaluna\n|-singleturn|p2a: Ursaluna|Protect\n|move|p1a: Torkoal|Eruption|p2b: Iron Bundle|[spread] p2b\n|-activate|p2a: Ursaluna|move: Protect\n|-damage|p2b: Iron Bundle|0 fnt\n|faint|p2b: Iron Bundle\n|-end|p2b: Iron Bundle|Quark Drive|[silent]\n|\n|-weather|SunnyDay|[upkeep]\n|-heal|p1b: Indeedee|59\/100|[from] Grassy Terrain\n|-damage|p2a: Ursaluna|94\/100 brn|[from] brn\n|upkeep\n|inactive|Meminger21 has 210 seconds left.\n|\n|t:|1701025785\n|switch|p2b: Rillaboom|Rillaboom, M|42\/100\n|turn|7\n|\n|t:|1701025792\n|switch|p1b: Roaring Moon|Roaring Moon|62\/100\n|-activate|p1b: Roaring Moon|ability: Protosynthesis\n|-start|p1b: Roaring Moon|protosynthesisatk\n|move|p1a: Torkoal|Protect|p1a: Torkoal\n|-singleturn|p1a: Torkoal|Protect\n|move|p2b: Rillaboom|Fake Out|p1a: Torkoal\n|-activate|p1a: Torkoal|move: Protect\n|move|p2a: Ursaluna|Facade|p1b: Roaring Moon\n|-damage|p1b: Roaring Moon|0 fnt\n|faint|p1b: Roaring Moon\n|-end|p1b: Roaring Moon|Protosynthesis|[silent]\n|\n|-weather|SunnyDay|[upkeep]\n|-heal|p2a: Ursaluna|100\/100 brn|[from] Grassy Terrain\n|-heal|p2b: Rillaboom|48\/100|[from] Grassy Terrain\n|-damage|p2a: Ursaluna|94\/100 brn|[from] brn\n|upkeep\n|\n|t:|1701025802\n|switch|p1b: Indeedee|Indeedee-F, F|59\/100\n|-fieldstart|move: Psychic Terrain|[from] ability: Psychic Surge|[of] p1b: Indeedee\n|turn|8\n|\n|t:|1701025806\n|switch|p2b: Ogerpon|Ogerpon, F|100\/100\n|move|p1b: Indeedee|Helping Hand|p1a: Torkoal\n|-singleturn|p1a: Torkoal|Helping Hand|[of] p1b: Indeedee\n|move|p2a: Ursaluna|Protect|p2a: Ursaluna\n|-singleturn|p2a: Ursaluna|Protect\n|move|p1a: Torkoal|Eruption|p2b: Ogerpon|[spread] p2b\n|-activate|p2a: Ursaluna|move: Protect\n|-supereffective|p2b: Ogerpon\n|-damage|p2b: Ogerpon|0 fnt\n|faint|p2b: Ogerpon\n|\n|-weather|SunnyDay|[upkeep]\n|-damage|p2a: Ursaluna|88\/100 brn|[from] brn\n|upkeep\n|\n|t:|1701025809\n|switch|p2b: Rillaboom|Rillaboom, M|48\/100\n|-fieldstart|move: Grassy Terrain|[from] ability: Grassy Surge|[of] p2b: Rillaboom\n|turn|9\n|\n|t:|1701025827\n|-terastallize|p2a: Ursaluna|Normal\n|move|p1b: Indeedee|Helping Hand|p1a: Torkoal\n|-singleturn|p1a: Torkoal|Helping Hand|[of] p1b: Indeedee\n|move|p2b: Rillaboom|Fake Out|p1a: Torkoal\n|-damage|p1a: Torkoal|89\/100\n|cant|p1a: Torkoal|flinch\n|move|p2a: Ursaluna|Facade|p1b: Indeedee\n|-damage|p1b: Indeedee|0 fnt\n|faint|p1b: Indeedee\n|\n|-weather|none\n|-heal|p1a: Torkoal|96\/100|[from] Grassy Terrain\n|-heal|p2a: Ursaluna|94\/100 brn|[from] Grassy Terrain\n|-heal|p2b: Rillaboom|54\/100|[from] Grassy Terrain\n|-damage|p2a: Ursaluna|88\/100 brn|[from] brn\n|-fieldend|move: Trick Room\n|upkeep\n|turn|10\n|c|\u2606latiasatoshi|gg\n|\n|t:|1701025855\n|move|p2b: Rillaboom|Grassy Glide|p1a: Torkoal\n|-resisted|p1a: Torkoal\n|-damage|p1a: Torkoal|80\/100\n|move|p2a: Ursaluna|Facade|p1a: Torkoal\n|-damage|p1a: Torkoal|0 fnt\n|faint|p1a: Torkoal\n|\n|win|Meminger21\n|c|\u2606Meminger21|gg\n","uploadtime":1701025856,"views":68,"p1id":"latiasatoshi","p2id":"meminger21","formatid":"gen9doublesou","rating":0,"private":0,"password":""}