{"id":"smogtours-gen9doublesou-729664","p1":"Exotic64","p2":"Spitfire arcanine","format":"[Gen 9] Doubles OU","log":"|inactive|Battle timer is ON: inactive players will automatically lose when time's up.\n|t:|1699617773\n|gametype|doubles\n|player|p1|Exotic64|lucas|\n|player|p2|Spitfire arcanine|lyra|\n|teamsize|p1|6\n|teamsize|p2|6\n|gen|9\n|tier|[Gen 9] Doubles OU\n|rule|Species Clause: Limit one of each Pok\u00e9mon\n|rule|OHKO Clause: OHKO moves are banned\n|rule|Evasion Moves Clause: Evasion moves are banned\n|rule|Gravity Sleep Clause: The combination of sleep-inducing moves with imperfect accuracy and Gravity or Gigantamax Orbeetle are banned\n|rule|Endless Battle Clause: Forcing endless battles is banned\n|rule|HP Percentage Mod: HP is shown in percentages\n|clearpoke\n|poke|p1|Roaring Moon|\n|poke|p1|Weezing, F|\n|poke|p1|Flutter Mane|\n|poke|p1|Iron Hands|\n|poke|p1|Ogerpon-Wellspring, F|\n|poke|p1|Landorus-Therian, M|\n|poke|p2|Ogerpon-Wellspring, F|\n|poke|p2|Arcanine-Hisui, F|\n|poke|p2|Tornadus, M|\n|poke|p2|Flutter Mane|\n|poke|p2|Kingambit, M|\n|poke|p2|Sinistcha|\n|teampreview\n|inactive|Exotic64 also wants the timer to be on.\n|c|\u2606Spitfire arcanine|hf\n|c|\u2606Exotic64|u2\n|inactive|Exotic64 has 270 seconds left.\n|inactive|Spitfire arcanine has 270 seconds left.\n|inactive|Exotic64 has 240 seconds left.\n|inactive|Spitfire arcanine has 240 seconds left.\n|inactive|Exotic64 has 210 seconds left.\n|inactive|Spitfire arcanine has 210 seconds left.\n|inactive|Exotic64 has 180 seconds left.\n|inactive|Spitfire arcanine has 180 seconds left.\n|inactive|Exotic64 has 150 seconds left.\n|inactive|Spitfire arcanine has 150 seconds left.\n|inactive|Spitfire arcanine has 120 seconds left.\n|\n|t:|1699617965\n|start\n|switch|p1a: Iron Hands|Iron Hands|100\/100\n|switch|p1b: Landorus|Landorus-Therian, M|100\/100\n|switch|p2a: Flutter Mane|Flutter Mane|100\/100\n|switch|p2b: Tornadus|Tornadus, M|100\/100\n|-ability|p1b: Landorus|Intimidate|boost\n|-unboost|p2a: Flutter Mane|atk|1\n|-unboost|p2b: Tornadus|atk|1\n|turn|1\n|inactive|Exotic64 has 210 seconds left.\n|inactive|Spitfire arcanine has 180 seconds left.\n|\n|t:|1699617987\n|move|p2a: Flutter Mane|Moonblast|p1b: Landorus\n|-crit|p1b: Landorus\n|-damage|p1b: Landorus|0 fnt\n|faint|p1b: Landorus\n|move|p2b: Tornadus|Bleakwind Storm|p1a: Iron Hands|[miss]\n|-miss|p2b: Tornadus|p1a: Iron Hands\n|move|p1a: Iron Hands|Heavy Slam|p2a: Flutter Mane\n|-supereffective|p2a: Flutter Mane\n|-damage|p2a: Flutter Mane|0 fnt\n|faint|p2a: Flutter Mane\n|-end|p2a: Flutter Mane|Protosynthesis|[silent]\n|\n|upkeep\n|inactive|Exotic64 has 210 seconds left.\n|inactive|Spitfire arcanine has 180 seconds left.\n|\n|t:|1699618034\n|switch|p2a: Arcanine|Arcanine-Hisui, F|100\/100\n|switch|p1b: Flutter Mane|Flutter Mane|100\/100\n|-ability|p2a: Arcanine|Intimidate|boost\n|-unboost|p1a: Iron Hands|atk|1\n|-unboost|p1b: Flutter Mane|atk|1\n|turn|2\n|inactive|Exotic64 has 210 seconds left.\n|inactive|Spitfire arcanine has 180 seconds left.\n|inactive|Exotic64 has 180 seconds left.\n|\n|t:|1699618092\n|-end|p1b: Flutter Mane|Protosynthesis|[silent]\n|switch|p1b: Roaring Moon|Roaring Moon|100\/100\n|-enditem|p1b: Roaring Moon|Booster Energy\n|-activate|p1b: Roaring Moon|ability: Protosynthesis|[fromitem]\n|-start|p1b: Roaring Moon|protosynthesisspe\n|move|p2b: Tornadus|Bleakwind Storm|p1a: Iron Hands|[spread] p1a,p1b\n|-damage|p1a: Iron Hands|82\/100\n|-damage|p1b: Roaring Moon|61\/100\n|-unboost|p1a: Iron Hands|spe|1\n|move|p2a: Arcanine|Will-O-Wisp|p1a: Iron Hands\n|-status|p1a: Iron Hands|brn\n|move|p1a: Iron Hands|Drain Punch|p2a: Arcanine\n|-supereffective|p2a: Arcanine\n|-damage|p2a: Arcanine|72\/100\n|-heal|p1a: Iron Hands|95\/100 brn|[from] drain|[of] p2a: Arcanine\n|\n|-damage|p1a: Iron Hands|89\/100 brn|[from] brn\n|upkeep\n|turn|3\n|inactive|Spitfire arcanine has 180 seconds left.\n|inactive|Exotic64 has 180 seconds left.\n|inactive|Spitfire arcanine has 150 seconds left.\n|inactive|Spitfire arcanine has 120 seconds left.\n|\n|t:|1699618161\n|move|p1b: Roaring Moon|Knock Off|p2b: Tornadus\n|-damage|p2b: Tornadus|41\/100\n|-enditem|p2b: Tornadus|Mental Herb|[from] move: Knock Off|[of] p1b: Roaring Moon\n|move|p2b: Tornadus|Bleakwind Storm|p1b: Roaring Moon|[spread] p1b\n|-miss|p2b: Tornadus|p1a: Iron Hands\n|-damage|p1b: Roaring Moon|24\/100\n|move|p2a: Arcanine|Will-O-Wisp|p1b: Roaring Moon\n|-status|p1b: Roaring Moon|brn\n|move|p1a: Iron Hands|Wild Charge|p2b: Tornadus\n|-supereffective|p2b: Tornadus\n|-damage|p2b: Tornadus|2\/100\n|-damage|p1a: Iron Hands|81\/100 brn|[from] Recoil\n|\n|-damage|p1b: Roaring Moon|18\/100 brn|[from] brn\n|-damage|p1a: Iron Hands|75\/100 brn|[from] brn\n|upkeep\n|turn|4\n|inactive|Exotic64 has 180 seconds left.\n|inactive|Spitfire arcanine has 120 seconds left.\n|\n|t:|1699618196\n|move|p2b: Tornadus|Protect|p2b: Tornadus\n|-singleturn|p2b: Tornadus|Protect\n|move|p1b: Roaring Moon|Protect|p1b: Roaring Moon\n|-singleturn|p1b: Roaring Moon|Protect\n|move|p2a: Arcanine|Flare Blitz|p1a: Iron Hands\n|-damage|p1a: Iron Hands|35\/100 brn\n|-damage|p2a: Arcanine|57\/100|[from] Recoil\n|move|p1a: Iron Hands|Wild Charge|p2b: Tornadus\n|-activate|p2b: Tornadus|move: Protect\n|\n|-damage|p1b: Roaring Moon|12\/100 brn|[from] brn\n|-damage|p1a: Iron Hands|29\/100 brn|[from] brn\n|upkeep\n|turn|5\n|inactive|Spitfire arcanine has 120 seconds left.\n|\n|t:|1699618222\n|switch|p2b: Kingambit|Kingambit, M|100\/100\n|move|p1b: Roaring Moon|Knock Off|p2b: Kingambit\n|-resisted|p2b: Kingambit\n|-damage|p2b: Kingambit|91\/100\n|-enditem|p2b: Kingambit|Assault Vest|[from] move: Knock Off|[of] p1b: Roaring Moon\n|move|p2a: Arcanine|Flare Blitz|p1a: Iron Hands\n|-damage|p1a: Iron Hands|0 fnt\n|faint|p1a: Iron Hands\n|-end|p1a: Iron Hands|Quark Drive|[silent]\n|-damage|p2a: Arcanine|46\/100|[from] Recoil\n|\n|-damage|p1b: Roaring Moon|5\/100 brn|[from] brn\n|upkeep\n|inactive|Exotic64 has 180 seconds left.\n|inactive|Exotic64 has 150 seconds left.\n|\n|t:|1699618273\n|switch|p1a: Weezing|Weezing, F|100\/100\n|-ability|p1a: Weezing|Neutralizing Gas\n|turn|6\n|inactive|Exotic64 has 150 seconds left.\n|inactive|Spitfire arcanine has 120 seconds left.\n|\n|t:|1699618330\n|switch|p2b: Tornadus|Tornadus, M|2\/100\n|move|p1b: Roaring Moon|Tailwind|p1b: Roaring Moon\n|-sidestart|p1: Exotic64|move: Tailwind\n|move|p1a: Weezing|Will-O-Wisp|p2b: Tornadus\n|-status|p2b: Tornadus|brn\n|move|p2a: Arcanine|Flare Blitz|p1a: Weezing\n|-damage|p1a: Weezing|55\/100\n|-damage|p2a: Arcanine|33\/100|[from] Recoil\n|\n|-heal|p1a: Weezing|61\/100|[from] item: Leftovers\n|-damage|p1b: Roaring Moon|0 fnt|[from] brn\n|faint|p1b: Roaring Moon\n|-end|p1b: Roaring Moon|Protosynthesis|[silent]\n|-damage|p2b: Tornadus|0 fnt|[from] brn\n|faint|p2b: Tornadus\n|upkeep\n|\n|t:|1699618350\n|switch|p1b: Ogerpon|Ogerpon-Wellspring, F|100\/100\n|switch|p2b: Kingambit|Kingambit, M|91\/100\n|turn|7\n|inactive|Spitfire arcanine has 120 seconds left.\n|inactive|Exotic64 has 180 seconds left.\n|\n|t:|1699618370\n|move|p1b: Ogerpon|Horn Leech|p2a: Arcanine\n|-damage|p2a: Arcanine|0 fnt\n|faint|p2a: Arcanine\n|move|p1a: Weezing|Will-O-Wisp|p2b: Kingambit\n|-status|p2b: Kingambit|brn\n|move|p2b: Kingambit|Kowtow Cleave|p1a: Weezing\n|-damage|p1a: Weezing|40\/100\n|\n|-heal|p1a: Weezing|46\/100|[from] item: Leftovers\n|-damage|p2b: Kingambit|85\/100 brn|[from] brn\n|upkeep\n|\n|t:|1699618376\n|switch|p2a: Sinistcha|Sinistcha|100\/100\n|turn|8\n|\n|t:|1699618386\n|move|p1b: Ogerpon|Ivy Cudgel|p2b: Kingambit\n|-damage|p2b: Kingambit|45\/100 brn\n|move|p1a: Weezing|Gunk Shot|p2a: Sinistcha\n|-damage|p2a: Sinistcha|71\/100\n|move|p2b: Kingambit|Kowtow Cleave|p1a: Weezing\n|-damage|p1a: Weezing|28\/100\n|move|p2a: Sinistcha|Trick Room|p2a: Sinistcha\n|-fieldstart|move: Trick Room|[of] p2a: Sinistcha\n|\n|-heal|p1a: Weezing|34\/100|[from] item: Leftovers\n|-damage|p2b: Kingambit|39\/100 brn|[from] brn\n|upkeep\n|turn|9\n|inactive|Spitfire arcanine has 150 seconds left.\n|inactive|Exotic64 has 210 seconds left.\n|\n|t:|1699618425\n|move|p1a: Weezing|Protect|p1a: Weezing\n|-singleturn|p1a: Weezing|Protect\n|move|p2a: Sinistcha|Shadow Ball|p1a: Weezing\n|-activate|p1a: Weezing|move: Protect\n|move|p2b: Kingambit|Iron Head|p1a: Weezing\n|-activate|p1a: Weezing|move: Protect\n|move|p1b: Ogerpon|Ivy Cudgel|p2b: Kingambit\n|-damage|p2b: Kingambit|0 fnt\n|faint|p2b: Kingambit\n|\n|-heal|p1a: Weezing|40\/100|[from] item: Leftovers\n|-sideend|p1: Exotic64|move: Tailwind\n|upkeep\n|\n|t:|1699618427\n|switch|p2b: Ogerpon|Ogerpon-Wellspring, F|100\/100\n|turn|10\n|inactive|Spitfire arcanine has 150 seconds left.\n|inactive|Exotic64 has 210 seconds left.\n|inactive|Spitfire arcanine has 120 seconds left.\n|\n|t:|1699618476\n|move|p2b: Ogerpon|Spiky Shield|p2b: Ogerpon\n|-singleturn|p2b: Ogerpon|move: Protect\n|move|p2a: Sinistcha|Shadow Ball|p1a: Weezing\n|-damage|p1a: Weezing|4\/100\n|move|p1a: Weezing|Gunk Shot|p2b: Ogerpon\n|-activate|p2b: Ogerpon|move: Protect\n|move|p1b: Ogerpon|Horn Leech|p2b: Ogerpon\n|-activate|p2b: Ogerpon|move: Protect\n|-damage|p1b: Ogerpon|88\/100|[from] Spiky Shield|[of] p2b: Ogerpon\n|\n|-heal|p1a: Weezing|10\/100|[from] item: Leftovers\n|upkeep\n|turn|11\n|\n|t:|1699618495\n|move|p1a: Weezing|Protect|p1a: Weezing\n|-singleturn|p1a: Weezing|Protect\n|move|p2a: Sinistcha|Shadow Ball|p1a: Weezing\n|-activate|p1a: Weezing|move: Protect\n|move|p1b: Ogerpon|Horn Leech|p2b: Ogerpon\n|-damage|p2b: Ogerpon|47\/100\n|-heal|p1b: Ogerpon|100\/100|[from] drain|[of] p2b: Ogerpon\n|move|p2b: Ogerpon|Swords Dance|p2b: Ogerpon\n|-boost|p2b: Ogerpon|atk|2\n|\n|-heal|p1a: Weezing|16\/100|[from] item: Leftovers\n|upkeep\n|turn|12\n|inactive|Exotic64 has 240 seconds left.\n|inactive|Spitfire arcanine has 120 seconds left.\n|inactive|Exotic64 has 210 seconds left.\n|inactive|Spitfire arcanine has 90 seconds left.\n|inactive|Exotic64 has 180 seconds left.\n|inactive|Spitfire arcanine has 60 seconds left.\n|\n|t:|1699618598\n|move|p1b: Ogerpon|Spiky Shield|p1b: Ogerpon\n|-singleturn|p1b: Ogerpon|move: Protect\n|move|p2a: Sinistcha|Shadow Ball|p1a: Weezing\n|-damage|p1a: Weezing|0 fnt\n|faint|p1a: Weezing\n|-end|p1a: Weezing|ability: Neutralizing Gas\n|-heal|p2b: Ogerpon|72\/100|[from] ability: Hospitality|[of] p2a: Sinistcha\n|move|p2b: Ogerpon|Horn Leech|p1b: Ogerpon\n|-activate|p1b: Ogerpon|move: Protect\n|-damage|p2b: Ogerpon|60\/100|[from] Spiky Shield|[of] p1b: Ogerpon\n|\n|-fieldend|move: Trick Room\n|upkeep\n|\n|t:|1699618607\n|switch|p1a: Flutter Mane|Flutter Mane|100\/100\n|turn|13\n|inactive|Exotic64 has 180 seconds left.\n|inactive|Spitfire arcanine has 60 seconds left.\n|inactive|Exotic64 has 150 seconds left.\n|\n|t:|1699618655\n|-terastallize|p1a: Flutter Mane|Fairy\n|-terastallize|p2a: Sinistcha|Fire\n|move|p2b: Ogerpon|Spiky Shield|p2b: Ogerpon\n|-singleturn|p2b: Ogerpon|move: Protect\n|move|p1a: Flutter Mane|Moonblast|p2a: Sinistcha\n|-resisted|p2a: Sinistcha\n|-damage|p2a: Sinistcha|26\/100\n|-enditem|p2a: Sinistcha|Sitrus Berry|[eat]\n|-heal|p2a: Sinistcha|50\/100|[from] item: Sitrus Berry\n|move|p1b: Ogerpon|Swords Dance|p1b: Ogerpon\n|-boost|p1b: Ogerpon|atk|2\n|move|p2a: Sinistcha|Trick Room|p2a: Sinistcha\n|-fieldstart|move: Trick Room|[of] p2a: Sinistcha\n|\n|upkeep\n|turn|14\n|inactive|Exotic64 has 150 seconds left.\n|inactive|Spitfire arcanine has 30 seconds left.\n|\n|t:|1699618695\n|move|p2a: Sinistcha|Shadow Ball|p1b: Ogerpon\n|-damage|p1b: Ogerpon|72\/100\n|-unboost|p1b: Ogerpon|spd|1\n|move|p1b: Ogerpon|Horn Leech|p2b: Ogerpon\n|-damage|p2b: Ogerpon|0 fnt\n|-heal|p1b: Ogerpon|99\/100|[from] drain|[of] p2b: Ogerpon\n|faint|p2b: Ogerpon\n|move|p1a: Flutter Mane|Moonblast|p2a: Sinistcha\n|-resisted|p2a: Sinistcha\n|-damage|p2a: Sinistcha|1\/100\n|-unboost|p2a: Sinistcha|spa|1\n|\n|upkeep\n|turn|15\n|c|\u2606Exotic64|gg\n|c|\u2606Spitfire arcanine|gg\n|\n|t:|1699618713\n|move|p2a: Sinistcha|Shadow Ball|p1b: Ogerpon\n|-damage|p1b: Ogerpon|67\/100\n|-unboost|p1b: Ogerpon|spd|1\n|move|p1b: Ogerpon|Ivy Cudgel|p2a: Sinistcha\n|-supereffective|p2a: Sinistcha\n|-damage|p2a: Sinistcha|0 fnt\n|faint|p2a: Sinistcha\n|\n|win|Exotic64\n|c|+vkhss|damn\n|c|\u2606Exotic64|vk\n|c|\u2606Exotic64|the nicknames didnt work\n|c|\u2606Exotic64|u wouldve loved it\n","uploadtime":1699618714,"views":109,"p1id":"exotic64","p2id":"spitfirearcanine","formatid":"gen9doublesou","rating":0,"private":0,"password":""}