{"id":"smogtours-gen9doublesou-729713","p1":"Actuarily","p2":"Meminger21","format":"[Gen 9] Doubles OU","log":"|inactive|Battle timer is ON: inactive players will automatically lose when time's up.\n|t:|1699641177\n|gametype|doubles\n|player|p1|Actuarily|roughneck-gen4|\n|player|p2|Meminger21|liza|\n|teamsize|p1|6\n|teamsize|p2|6\n|gen|9\n|tier|[Gen 9] Doubles OU\n|rule|Species Clause: Limit one of each Pok\u00e9mon\n|rule|OHKO Clause: OHKO moves are banned\n|rule|Evasion Moves Clause: Evasion moves are banned\n|rule|Gravity Sleep Clause: The combination of sleep-inducing moves with imperfect accuracy and Gravity or Gigantamax Orbeetle are banned\n|rule|Endless Battle Clause: Forcing endless battles is banned\n|rule|HP Percentage Mod: HP is shown in percentages\n|clearpoke\n|poke|p1|Clefairy, F|\n|poke|p1|Ogerpon-Wellspring, F|\n|poke|p1|Iron Hands|\n|poke|p1|Landorus-Therian, M|\n|poke|p1|Diancie|\n|poke|p1|Chi-Yu|\n|poke|p2|Landorus-Therian, M|\n|poke|p2|Amoonguss, M|\n|poke|p2|Kingambit, M|\n|poke|p2|Chi-Yu|\n|poke|p2|Iron Hands|\n|poke|p2|Flutter Mane|\n|teampreview\n|c|\u2606Meminger21|hf\n|raw|<div class=\"broadcast-red\"><strong>Moderated chat was set to \u2606!<\/strong><br \/>Only users of rank \u2606 and higher can talk.<\/div>\n|inactive|Actuarily has 270 seconds left.\n|inactive|Meminger21 has 270 seconds left.\n|c|\u2606Actuarily|Gl\n|inactive|Actuarily has 240 seconds left.\n|inactive|Meminger21 has 240 seconds left.\n|inactive|Actuarily has 210 seconds left.\n|inactive|Meminger21 has 210 seconds left.\n|\n|t:|1699641273\n|start\n|switch|p1a: Ogerpon|Ogerpon-Wellspring, F|100\/100\n|switch|p1b: Diancie|Diancie|100\/100\n|switch|p2a: Landorus|Landorus-Therian, M|100\/100\n|switch|p2b: Iron Hands|Iron Hands|100\/100\n|-ability|p2a: Landorus|Intimidate|boost\n|-unboost|p1a: Ogerpon|atk|1\n|-fail|p1b: Diancie|unboost|[from] ability: Clear Body|[of] p1b: Diancie\n|turn|1\n|inactive|Actuarily has 270 seconds left.\n|inactive|Meminger21 has 270 seconds left.\n|\n|t:|1699641320\n|switch|p1a: Landorus|Landorus-Therian, M|100\/100\n|-ability|p1a: Landorus|Intimidate|boost\n|-unboost|p2a: Landorus|atk|1\n|-unboost|p2b: Iron Hands|atk|1\n|move|p1b: Diancie|Protect|p1b: Diancie\n|-singleturn|p1b: Diancie|Protect\n|move|p2a: Landorus|Stealth Rock|p1b: Diancie\n|-sidestart|p1: Actuarily|move: Stealth Rock\n|move|p2b: Iron Hands|Wild Charge|p1a: Landorus\n|-immune|p1a: Landorus\n|\n|upkeep\n|turn|2\n|inactive|Actuarily has 270 seconds left.\n|inactive|Meminger21 has 270 seconds left.\n|\n|t:|1699641340\n|-end|p2b: Iron Hands|Quark Drive|[silent]\n|switch|p2b: Amoonguss|Amoonguss, M|100\/100\n|move|p2a: Landorus|Taunt|p1b: Diancie\n|-start|p1b: Diancie|move: Taunt\n|move|p1a: Landorus|U-turn|p2b: Amoonguss\n|-damage|p2b: Amoonguss|80\/100\n|inactive|Actuarily has 240 seconds left.\n|inactive|Actuarily has 210 seconds left.\n|\n|t:|1699641400\n|switch|p1a: Chi-Yu|Chi-Yu|100\/100|[from] U-turn\n|-damage|p1a: Chi-Yu|76\/100|[from] Stealth Rock\n|-ability|p1a: Chi-Yu|Beads of Ruin\n|cant|p1b: Diancie|move: Taunt|Trick Room\n|\n|upkeep\n|turn|3\n|\n|t:|1699641414\n|switch|p1b: Landorus|Landorus-Therian, M|100\/100\n|-damage|p1b: Landorus|88\/100|[from] Stealth Rock\n|-ability|p1b: Landorus|Intimidate|boost\n|-unboost|p2a: Landorus|atk|1\n|-unboost|p2b: Amoonguss|atk|1\n|switch|p2b: Iron Hands|Iron Hands|100\/100\n|move|p1a: Chi-Yu|Heat Wave|p2b: Iron Hands|[spread] p2a,p2b\n|-damage|p2a: Landorus|48\/100\n|-damage|p2b: Iron Hands|72\/100\n|-status|p2a: Landorus|brn\n|-enditem|p2a: Landorus|Sitrus Berry|[eat]\n|-heal|p2a: Landorus|72\/100 brn|[from] item: Sitrus Berry\n|move|p2a: Landorus|Stomping Tantrum|p1a: Chi-Yu\n|-supereffective|p1a: Chi-Yu\n|-damage|p1a: Chi-Yu|44\/100\n|\n|-damage|p2a: Landorus|66\/100 brn|[from] brn\n|upkeep\n|turn|4\n|inactive|Actuarily has 240 seconds left.\n|inactive|Meminger21 has 270 seconds left.\n|\n|t:|1699641472\n|-end|p2b: Iron Hands|Quark Drive|[silent]\n|switch|p2b: Kingambit|Kingambit, M|100\/100\n|move|p1a: Chi-Yu|Heat Wave|p2b: Kingambit|[spread] p2a,p2b\n|-supereffective|p2b: Kingambit\n|-damage|p2a: Landorus|10\/100 brn\n|-damage|p2b: Kingambit|0 fnt\n|faint|p2b: Kingambit\n|move|p2a: Landorus|U-turn|p1b: Landorus\n|-resisted|p1b: Landorus\n|-damage|p1b: Landorus|85\/100\n|inactive|Meminger21 has 240 seconds left.\n|\n|t:|1699641484\n|switch|p2a: Flutter Mane|Flutter Mane|100\/100|[from] U-turn\n|-enditem|p2a: Flutter Mane|Booster Energy\n|-activate|p2a: Flutter Mane|ability: Protosynthesis|[fromitem]\n|-start|p2a: Flutter Mane|protosynthesisspe\n|move|p1b: Landorus|Stomping Tantrum|p2a: Flutter Mane\n|-damage|p2a: Flutter Mane|16\/100\n|\n|upkeep\n|\n|t:|1699641487\n|switch|p2b: Chi-Yu|Chi-Yu|100\/100\n|-ability|p2b: Chi-Yu|Beads of Ruin\n|turn|5\n|\n|t:|1699641498\n|move|p2a: Flutter Mane|Icy Wind|p1a: Chi-Yu|[spread] p1a,p1b\n|-resisted|p1a: Chi-Yu\n|-supereffective|p1b: Landorus\n|-damage|p1a: Chi-Yu|37\/100\n|-damage|p1b: Landorus|28\/100\n|-unboost|p1a: Chi-Yu|spe|1\n|-unboost|p1b: Landorus|spe|1\n|move|p2b: Chi-Yu|Heat Wave|p1b: Landorus|[spread] p1a,p1b\n|-resisted|p1a: Chi-Yu\n|-damage|p1a: Chi-Yu|0 fnt\n|-damage|p1b: Landorus|0 fnt\n|faint|p1a: Chi-Yu\n|faint|p1b: Landorus\n|\n|upkeep\n|inactive|Actuarily has 240 seconds left.\n|\n|t:|1699641540\n|switch|p1a: Iron Hands|Iron Hands|100\/100\n|switch|p1b: Diancie|Diancie|100\/100\n|-damage|p1a: Iron Hands|94\/100|[from] Stealth Rock\n|-damage|p1b: Diancie|88\/100|[from] Stealth Rock\n|turn|6\n|inactive|Actuarily has 240 seconds left.\n|inactive|Meminger21 has 270 seconds left.\n|inactive|Meminger21 has 240 seconds left.\n|\n|t:|1699641596\n|-end|p1a: Iron Hands|Quark Drive|[silent]\n|switch|p1a: Clefairy|Clefairy, F|100\/100\n|-damage|p1a: Clefairy|88\/100|[from] Stealth Rock\n|-terastallize|p2b: Chi-Yu|Ghost\n|move|p2a: Flutter Mane|Moonblast|p1b: Diancie\n|-damage|p1b: Diancie|50\/100\n|move|p2b: Chi-Yu|Heat Wave|p1a: Clefairy|[spread] p1a,p1b\n|-resisted|p1b: Diancie\n|-damage|p1a: Clefairy|9\/100\n|-damage|p1b: Diancie|25\/100\n|move|p1b: Diancie|Trick Room|p1b: Diancie\n|-fieldstart|move: Trick Room|[of] p1b: Diancie\n|\n|upkeep\n|turn|7\n|inactive|Actuarily has 240 seconds left.\n|inactive|Meminger21 has 240 seconds left.\n|\n|t:|1699641632\n|switch|p2b: Amoonguss|Amoonguss, M|100\/100\n|-end|p2a: Flutter Mane|Protosynthesis|[silent]\n|switch|p2a: Iron Hands|Iron Hands|72\/100\n|move|p1a: Clefairy|Grass Knot|p1b: Diancie\n|-supereffective|p1b: Diancie\n|-damage|p1b: Diancie|21\/100\n|-enditem|p1b: Diancie|Weakness Policy\n|-boost|p1b: Diancie|atk|2|[from] item: Weakness Policy\n|-boost|p1b: Diancie|spa|2|[from] item: Weakness Policy\n|move|p1b: Diancie|Diamond Storm|p2b: Amoonguss|[spread] p2a\n|-miss|p1b: Diancie|p2b: Amoonguss\n|-resisted|p2a: Iron Hands\n|-damage|p2a: Iron Hands|48\/100\n|-boost|p1b: Diancie|def|2\n|\n|upkeep\n|turn|8\n|inactive|Actuarily has 240 seconds left.\n|inactive|Actuarily has 210 seconds left.\n|\n|t:|1699641677\n|move|p1b: Diancie|Protect|p1b: Diancie\n|-singleturn|p1b: Diancie|Protect\n|move|p2a: Iron Hands|Fake Out|p1b: Diancie\n|-activate|p1b: Diancie|move: Protect\n|move|p1a: Clefairy|Follow Me|p1a: Clefairy\n|-singleturn|p1a: Clefairy|move: Follow Me\n|move|p2b: Amoonguss|Spore|p1a: Clefairy\n|-status|p1a: Clefairy|slp|[from] move: Spore\n|\n|upkeep\n|turn|9\n|inactive|Meminger21 has 270 seconds left.\n|inactive|Actuarily has 210 seconds left.\n|inactive|Actuarily has 180 seconds left.\n|inactive|Actuarily has 150 seconds left.\n|\n|t:|1699641791\n|switch|p1a: Iron Hands|Iron Hands|94\/100\n|-damage|p1a: Iron Hands|88\/100|[from] Stealth Rock\n|move|p2b: Amoonguss|Clear Smog|p1b: Diancie\n|-damage|p1b: Diancie|9\/100\n|-clearboost|p1b: Diancie\n|move|p1b: Diancie|Diamond Storm|p2a: Iron Hands|[spread] p2a,p2b\n|-resisted|p2a: Iron Hands\n|-damage|p2a: Iron Hands|36\/100\n|-damage|p2b: Amoonguss|72\/100\n|move|p2a: Iron Hands|Heavy Slam|p1b: Diancie\n|-supereffective|p1b: Diancie\n|-damage|p1b: Diancie|0 fnt\n|faint|p1b: Diancie\n|\n|upkeep\n|inactive|Actuarily has 120 seconds left.\n|\n|t:|1699641815\n|switch|p1b: Ogerpon|Ogerpon-Wellspring, F|100\/100\n|-damage|p1b: Ogerpon|88\/100|[from] Stealth Rock\n|turn|10\n|inactive|Meminger21 has 270 seconds left.\n|\n|t:|1699641841\n|switch|p2b: Landorus|Landorus-Therian, M|10\/100 brn\n|-ability|p2b: Landorus|Intimidate|boost\n|-unboost|p1a: Iron Hands|atk|1\n|-unboost|p1b: Ogerpon|atk|1\n|switch|p1b: Clefairy|Clefairy, F|9\/100 slp\n|-damage|p1b: Clefairy|0 fnt|[from] Stealth Rock\n|faint|p1b: Clefairy\n|move|p1a: Iron Hands|Fake Out|p2b: Landorus\n|-damage|p2b: Landorus|2\/100 brn\n|move|p2a: Iron Hands|Close Combat|p1a: Iron Hands\n|-damage|p1a: Iron Hands|43\/100\n|-unboost|p2a: Iron Hands|def|1\n|-unboost|p2a: Iron Hands|spd|1\n|-enditem|p1a: Iron Hands|Sitrus Berry|[eat]\n|-heal|p1a: Iron Hands|68\/100|[from] item: Sitrus Berry\n|\n|-damage|p2b: Landorus|0 fnt|[from] brn\n|faint|p2b: Landorus\n|-fieldend|move: Trick Room\n|upkeep\n|inactive|Meminger21 has 270 seconds left.\n|\n|t:|1699641873\n|switch|p2b: Amoonguss|Amoonguss, M|100\/100\n|switch|p1b: Ogerpon|Ogerpon-Wellspring, F|88\/100\n|-damage|p1b: Ogerpon|76\/100|[from] Stealth Rock\n|turn|11\n|inactive|Actuarily has 150 seconds left.\n|\n|t:|1699641892\n|-terastallize|p1a: Iron Hands|Fire\n|move|p1b: Ogerpon|Follow Me|p1b: Ogerpon\n|-singleturn|p1b: Ogerpon|move: Follow Me\n|move|p2a: Iron Hands|Close Combat|p1b: Ogerpon\n|-damage|p1b: Ogerpon|0 fnt\n|-unboost|p2a: Iron Hands|def|1\n|-unboost|p2a: Iron Hands|spd|1\n|faint|p1b: Ogerpon\n|move|p1a: Iron Hands|Belly Drum|p1a: Iron Hands\n|-damage|p1a: Iron Hands|18\/100\n|-setboost|p1a: Iron Hands|atk|6|[from] move: Belly Drum\n|move|p2b: Amoonguss|Spore|p1a: Iron Hands\n|-status|p1a: Iron Hands|slp|[from] move: Spore\n|\n|upkeep\n|turn|12\n|\n|t:|1699641901\n|move|p2a: Iron Hands|Close Combat|p1a: Iron Hands\n|-damage|p1a: Iron Hands|0 fnt\n|-unboost|p2a: Iron Hands|def|1\n|-unboost|p2a: Iron Hands|spd|1\n|faint|p1a: Iron Hands\n|-end|p1a: Iron Hands|Quark Drive|[silent]\n|\n|win|Meminger21\n|c|\u2606Meminger21|gg\n|c|\u2606Actuarily|Gg\n","uploadtime":1699641902,"views":119,"p1id":"actuarily","p2id":"meminger21","formatid":"gen9doublesou","rating":0,"private":0,"password":""}