{"id":"smogtours-gen9doublesou-732252","p1":"zee","p2":"theyummybagel","format":"[Gen 9] Doubles OU","log":"|inactive|Battle timer is ON: inactive players will automatically lose when time's up.\n|t:|1700871302\n|gametype|doubles\n|player|p1|zee|#roaplviiipichus|\n|player|p2|theyummybagel|#scl3breakers|\n|teamsize|p1|6\n|teamsize|p2|6\n|gen|9\n|tier|[Gen 9] Doubles OU\n|rule|Species Clause: Limit one of each Pok\u00e9mon\n|rule|OHKO Clause: OHKO moves are banned\n|rule|Evasion Moves Clause: Evasion moves are banned\n|rule|Gravity Sleep Clause: The combination of sleep-inducing moves with imperfect accuracy and Gravity or Gigantamax Orbeetle are banned\n|rule|Endless Battle Clause: Forcing endless battles is banned\n|rule|HP Percentage Mod: HP is shown in percentages\n|clearpoke\n|poke|p1|Arcanine-Hisui, F|\n|poke|p1|Iron Hands|\n|poke|p1|Gholdengo|\n|poke|p1|Roaring Moon|\n|poke|p1|Ogerpon-Wellspring, F|\n|poke|p1|Clefairy, M|\n|poke|p2|Ursaluna-Bloodmoon, M|\n|poke|p2|Sinistcha-Masterpiece|\n|poke|p2|Iron Hands|\n|poke|p2|Volcanion|\n|poke|p2|Flutter Mane|\n|poke|p2|Landorus-Therian, M|\n|teampreview\n|inactive|theyummybagel also wants the timer to be on.\n|c|\u2606zee|hf\n|c|\u2606theyummybagel|u2\n|inactive|zee has 270 seconds left.\n|inactive|theyummybagel has 270 seconds left.\n|inactive|theyummybagel has 240 seconds left.\n|inactive|theyummybagel has 210 seconds left.\n|\n|t:|1700871405\n|start\n|switch|p1a: z0mogvgc's $50 AUD|Ogerpon-Wellspring, F|100\/100\n|switch|p1b: CV Subscriber|Arcanine-Hisui, F|100\/100\n|switch|p2a: Volcanion|Volcanion|100\/100\n|switch|p2b: Landorus|Landorus-Therian, M|100\/100\n|-ability|p1b: CV Subscriber|Intimidate|boost\n|-unboost|p2a: Volcanion|atk|1\n|-unboost|p2b: Landorus|atk|1\n|-ability|p2b: Landorus|Intimidate|boost\n|-unboost|p1a: z0mogvgc's $50 AUD|atk|1\n|-unboost|p1b: CV Subscriber|atk|1\n|turn|1\n|inactive|theyummybagel has 270 seconds left.\n|\n|t:|1700871443\n|switch|p1b: HECTOR|Clefairy, M|100\/100\n|move|p1a: z0mogvgc's $50 AUD|Spiky Shield|p1a: z0mogvgc's $50 AUD\n|-singleturn|p1a: z0mogvgc's $50 AUD|move: Protect\n|move|p2b: Landorus|Stealth Rock|p1b: HECTOR\n|-sidestart|p1: zee|move: Stealth Rock\n|move|p2a: Volcanion|Earth Power|p1b: HECTOR\n|-damage|p1b: HECTOR|71\/100\n|\n|upkeep\n|turn|2\n|inactive|theyummybagel has 270 seconds left.\n|\n|t:|1700871458\n|switch|p2b: Sinistcha|Sinistcha-Masterpiece|100\/100\n|move|p1a: z0mogvgc's $50 AUD|Swords Dance|p1a: z0mogvgc's $50 AUD\n|-boost|p1a: z0mogvgc's $50 AUD|atk|2\n|move|p2a: Volcanion|Heat Wave|p1a: z0mogvgc's $50 AUD|[spread] p1a,p1b\n|-crit|p1a: z0mogvgc's $50 AUD\n|-damage|p1a: z0mogvgc's $50 AUD|59\/100\n|-damage|p1b: HECTOR|37\/100\n|move|p1b: HECTOR|Sing|p2b: Sinistcha\n|-status|p2b: Sinistcha|slp|[from] move: Sing\n|\n|upkeep\n|turn|3\n|inactive|theyummybagel has 270 seconds left.\n|inactive|zee has 270 seconds left.\n|\n|t:|1700871509\n|switch|p2b: Landorus|Landorus-Therian, M|100\/100\n|-ability|p2b: Landorus|Intimidate|boost\n|-unboost|p1a: z0mogvgc's $50 AUD|atk|1\n|-unboost|p1b: HECTOR|atk|1\n|move|p1b: HECTOR|Protect|p1b: HECTOR\n|-singleturn|p1b: HECTOR|Protect\n|move|p1a: z0mogvgc's $50 AUD|Swords Dance|p1a: z0mogvgc's $50 AUD\n|-boost|p1a: z0mogvgc's $50 AUD|atk|2\n|move|p2a: Volcanion|Steam Eruption|p1b: HECTOR\n|-activate|p1b: HECTOR|move: Protect\n|\n|upkeep\n|turn|4\n|inactive|theyummybagel has 270 seconds left.\n|inactive|zee has 270 seconds left.\n|inactive|theyummybagel has 240 seconds left.\n|\n|t:|1700871559\n|switch|p2b: Iron Hands|Iron Hands|100\/100\n|-terastallize|p2a: Volcanion|Fire\n|move|p1b: HECTOR|Follow Me|p1b: HECTOR\n|-singleturn|p1b: HECTOR|move: Follow Me\n|move|p1a: z0mogvgc's $50 AUD|Horn Leech|p2a: Volcanion\n|-resisted|p2a: Volcanion\n|-damage|p2a: Volcanion|68\/100\n|-heal|p1a: z0mogvgc's $50 AUD|77\/100|[from] drain|[of] p2a: Volcanion\n|move|p2a: Volcanion|Heat Wave|p1b: HECTOR|[spread] p1a,p1b\n|-damage|p1a: z0mogvgc's $50 AUD|35\/100\n|-damage|p1b: HECTOR|0 fnt\n|faint|p1b: HECTOR\n|\n|upkeep\n|inactive|zee has 270 seconds left.\n|\n|t:|1700871584\n|switch|p1b: CV Subscriber|Arcanine-Hisui, F|100\/100\n|-damage|p1b: CV Subscriber|76\/100|[from] Stealth Rock\n|-ability|p1b: CV Subscriber|Intimidate|boost\n|-unboost|p2a: Volcanion|atk|1\n|-unboost|p2b: Iron Hands|atk|1\n|turn|5\n|\n|t:|1700871600\n|switch|p2a: Landorus|Landorus-Therian, M|100\/100\n|-ability|p2a: Landorus|Intimidate|boost\n|-unboost|p1a: z0mogvgc's $50 AUD|atk|1\n|-unboost|p1b: CV Subscriber|atk|1\n|move|p1a: z0mogvgc's $50 AUD|Horn Leech|p2b: Iron Hands\n|-damage|p2b: Iron Hands|52\/100\n|-heal|p1a: z0mogvgc's $50 AUD|68\/100|[from] drain|[of] p2b: Iron Hands\n|move|p1b: CV Subscriber|Rock Slide|p2b: Iron Hands|[spread] p2a,p2b\n|-resisted|p2b: Iron Hands\n|-damage|p2a: Landorus|85\/100\n|-damage|p2b: Iron Hands|45\/100\n|cant|p2b: Iron Hands|flinch\n|\n|upkeep\n|turn|6\n|\n|t:|1700871623\n|move|p1a: z0mogvgc's $50 AUD|Horn Leech|p2b: Iron Hands\n|-damage|p2b: Iron Hands|0 fnt\n|-heal|p1a: z0mogvgc's $50 AUD|98\/100|[from] drain|[of] p2b: Iron Hands\n|faint|p2b: Iron Hands\n|-end|p2b: Iron Hands|Quark Drive|[silent]\n|move|p1b: CV Subscriber|Rock Slide|p2a: Landorus\n|-damage|p2a: Landorus|63\/100\n|move|p2a: Landorus|Stomping Tantrum|p1b: CV Subscriber\n|-supereffective|p1b: CV Subscriber\n|-damage|p1b: CV Subscriber|0 fnt\n|faint|p1b: CV Subscriber\n|\n|upkeep\n|inactive|theyummybagel has 270 seconds left.\n|\n|t:|1700871637\n|switch|p1b: whats chimpin|Roaring Moon|100\/100\n|switch|p2b: Volcanion|Volcanion, tera:Fire|68\/100\n|-damage|p1b: whats chimpin|88\/100|[from] Stealth Rock\n|-enditem|p1b: whats chimpin|Booster Energy\n|-activate|p1b: whats chimpin|ability: Protosynthesis|[fromitem]\n|-start|p1b: whats chimpin|protosynthesisspe\n|turn|7\n|\n|t:|1700871654\n|switch|p2a: Sinistcha|Sinistcha-Masterpiece|100\/100 slp\n|-heal|p2b: Volcanion|93\/100|[from] ability: Hospitality|[of] p2a: Sinistcha\n|move|p1b: whats chimpin|Knock Off|p2b: Volcanion\n|-damage|p2b: Volcanion|59\/100\n|-enditem|p2b: Volcanion|Heavy-Duty Boots|[from] move: Knock Off|[of] p1b: whats chimpin\n|move|p1a: z0mogvgc's $50 AUD|Ivy Cudgel|p2a: Sinistcha|[anim] Ivy Cudgel Water\n|-resisted|p2a: Sinistcha\n|-damage|p2a: Sinistcha|62\/100 slp\n|move|p2b: Volcanion|Heat Wave|p1b: whats chimpin|[spread] p1a,p1b\n|-crit|p1a: z0mogvgc's $50 AUD\n|-resisted|p1b: whats chimpin\n|-damage|p1a: z0mogvgc's $50 AUD|11\/100\n|-damage|p1b: whats chimpin|66\/100\n|\n|upkeep\n|turn|8\n|\n|t:|1700871676\n|switch|p2a: Landorus|Landorus-Therian, M|63\/100\n|-ability|p2a: Landorus|Intimidate|boost\n|-unboost|p1a: z0mogvgc's $50 AUD|atk|1\n|-unboost|p1b: whats chimpin|atk|1\n|move|p1b: whats chimpin|Knock Off|p2a: Landorus\n|-damage|p2a: Landorus|38\/100\n|-enditem|p2a: Landorus|Sitrus Berry|[from] move: Knock Off|[of] p1b: whats chimpin\n|move|p1a: z0mogvgc's $50 AUD|Horn Leech|p2b: Volcanion\n|-resisted|p2b: Volcanion\n|-damage|p2b: Volcanion|40\/100\n|-heal|p1a: z0mogvgc's $50 AUD|22\/100|[from] drain|[of] p2b: Volcanion\n|move|p2b: Volcanion|Heat Wave|p1a: z0mogvgc's $50 AUD|[spread] p1a,p1b\n|-resisted|p1b: whats chimpin\n|-damage|p1a: z0mogvgc's $50 AUD|0 fnt\n|-damage|p1b: whats chimpin|43\/100\n|faint|p1a: z0mogvgc's $50 AUD\n|\n|upkeep\n|\n|t:|1700871685\n|switch|p1a: 0 price aric|Gholdengo|100\/100\n|-damage|p1a: 0 price aric|94\/100|[from] Stealth Rock\n|turn|9\n|\n|t:|1700871694\n|switch|p2a: Sinistcha|Sinistcha-Masterpiece|62\/100 slp\n|-heal|p2b: Volcanion|65\/100|[from] ability: Hospitality|[of] p2a: Sinistcha\n|-terastallize|p1a: 0 price aric|Dragon\n|move|p1b: whats chimpin|Tailwind|p1b: whats chimpin\n|-sidestart|p1: zee|move: Tailwind\n|move|p1a: 0 price aric|Nasty Plot|p1a: 0 price aric\n|-boost|p1a: 0 price aric|spa|2\n|move|p2b: Volcanion|Heat Wave|p1a: 0 price aric|[spread] p1a\n|-miss|p2b: Volcanion|p1b: whats chimpin\n|-resisted|p1a: 0 price aric\n|-damage|p1a: 0 price aric|71\/100\n|\n|-heal|p1a: 0 price aric|77\/100|[from] item: Leftovers\n|upkeep\n|turn|10\n|inactive|theyummybagel has 270 seconds left.\n|inactive|theyummybagel has 240 seconds left.\n|\n|t:|1700871771\n|switch|p2a: Landorus|Landorus-Therian, M|38\/100\n|-ability|p2a: Landorus|Intimidate|boost\n|-unboost|p1a: 0 price aric|atk|1\n|-unboost|p1b: whats chimpin|atk|1\n|move|p2b: Volcanion|Protect|p2b: Volcanion\n|-singleturn|p2b: Volcanion|Protect\n|move|p1b: whats chimpin|Knock Off|p2a: Landorus\n|-damage|p2a: Landorus|24\/100\n|move|p1a: 0 price aric|Shadow Ball|p2b: Volcanion\n|-activate|p2b: Volcanion|move: Protect\n|\n|-heal|p1a: 0 price aric|83\/100|[from] item: Leftovers\n|upkeep\n|turn|11\n|inactive|theyummybagel has 240 seconds left.\n|\n|t:|1700871810\n|switch|p2b: Ursaluna|Ursaluna-Bloodmoon, M|100\/100\n|move|p1b: whats chimpin|Knock Off|p2b: Ursaluna\n|-damage|p2b: Ursaluna|84\/100\n|-enditem|p2b: Ursaluna|Throat Spray|[from] move: Knock Off|[of] p1b: whats chimpin\n|move|p1a: 0 price aric|Shadow Ball|p2b: Ursaluna\n|-immune|p2b: Ursaluna\n|move|p2a: Landorus|U-turn|p1b: whats chimpin\n|-supereffective|p1b: whats chimpin\n|-damage|p1b: whats chimpin|0 fnt\n|faint|p1b: whats chimpin\n|-end|p1b: whats chimpin|Protosynthesis|[silent]\n|inactive|theyummybagel has 210 seconds left.\n|\n|t:|1700871826\n|switch|p2a: Volcanion|Volcanion, tera:Fire|65\/100|[from] U-turn\n|\n|-heal|p1a: 0 price aric|89\/100|[from] item: Leftovers\n|upkeep\n|\n|t:|1700871828\n|switch|p1b: BIG MIKE|Iron Hands|100\/100\n|-damage|p1b: BIG MIKE|94\/100|[from] Stealth Rock\n|turn|12\n|\n|t:|1700871849\n|move|p1b: BIG MIKE|Fake Out|p2b: Ursaluna\n|-damage|p2b: Ursaluna|75\/100\n|move|p1a: 0 price aric|Nasty Plot|p1a: 0 price aric\n|-boost|p1a: 0 price aric|spa|2\n|move|p2a: Volcanion|Earth Power|p1b: BIG MIKE\n|-supereffective|p1b: BIG MIKE\n|-damage|p1b: BIG MIKE|67\/100\n|cant|p2b: Ursaluna|flinch\n|\n|-heal|p1a: 0 price aric|95\/100|[from] item: Leftovers\n|-sideend|p1: zee|move: Tailwind\n|upkeep\n|turn|13\n|inactive|theyummybagel has 210 seconds left.\n|\n|t:|1700871884\n|switch|p2b: Sinistcha|Sinistcha-Masterpiece|62\/100 slp\n|-heal|p2a: Volcanion|90\/100|[from] ability: Hospitality|[of] p2b: Sinistcha\n|move|p1a: 0 price aric|Make It Rain|p2b: Sinistcha|[spread] p2a,p2b\n|-resisted|p2a: Volcanion\n|-damage|p2a: Volcanion|23\/100\n|-damage|p2b: Sinistcha|0 fnt\n|-unboost|p1a: 0 price aric|spa|1\n|faint|p2b: Sinistcha\n|move|p2a: Volcanion|Earth Power|p1b: BIG MIKE\n|-supereffective|p1b: BIG MIKE\n|-damage|p1b: BIG MIKE|39\/100\n|move|p1b: BIG MIKE|Heavy Slam|p2a: Volcanion\n|-resisted|p2a: Volcanion\n|-damage|p2a: Volcanion|18\/100\n|\n|-heal|p1a: 0 price aric|100\/100|[from] item: Leftovers\n|upkeep\n|\n|t:|1700871910\n|switch|p2b: Landorus|Landorus-Therian, M|24\/100\n|-ability|p2b: Landorus|Intimidate|boost\n|-unboost|p1a: 0 price aric|atk|1\n|-unboost|p1b: BIG MIKE|atk|1\n|turn|14\n|\n|t:|1700871924\n|move|p2a: Volcanion|Protect|p2a: Volcanion\n|-singleturn|p2a: Volcanion|Protect\n|move|p1a: 0 price aric|Make It Rain|p2a: Volcanion|[spread] p2b\n|-activate|p2a: Volcanion|move: Protect\n|-damage|p2b: Landorus|0 fnt\n|-unboost|p1a: 0 price aric|spa|1\n|faint|p2b: Landorus\n|move|p1b: BIG MIKE|Heavy Slam|p2a: Volcanion\n|-activate|p2a: Volcanion|move: Protect\n|\n|upkeep\n|inactive|theyummybagel has 180 seconds left.\n|\n|t:|1700871950\n|switch|p2b: Ursaluna|Ursaluna-Bloodmoon, M|75\/100\n|turn|15\n|\n|t:|1700871966\n|move|p1a: 0 price aric|Shadow Ball|p2a: Volcanion\n|-damage|p2a: Volcanion|0 fnt\n|faint|p2a: Volcanion\n|move|p1b: BIG MIKE|Close Combat|p2b: Ursaluna\n|-supereffective|p2b: Ursaluna\n|-damage|p2b: Ursaluna|15\/100\n|-unboost|p1b: BIG MIKE|def|1\n|-unboost|p1b: BIG MIKE|spd|1\n|move|p2b: Ursaluna|Blood Moon|p1a: 0 price aric\n|-damage|p1a: 0 price aric|17\/100\n|\n|-heal|p1a: 0 price aric|23\/100|[from] item: Leftovers\n|upkeep\n|\n|t:|1700871972\n|switch|p2a: Flutter Mane|Flutter Mane|100\/100\n|turn|16\n|c|\u2606zee|gg\n|\n|t:|1700871978\n|move|p1a: 0 price aric|Protect|p1a: 0 price aric\n|-singleturn|p1a: 0 price aric|Protect\n|move|p2a: Flutter Mane|Dazzling Gleam|p1a: 0 price aric|[spread] p1b\n|-activate|p1a: 0 price aric|move: Protect\n|-supereffective|p1b: BIG MIKE\n|-damage|p1b: BIG MIKE|0 fnt\n|faint|p1b: BIG MIKE\n|-end|p1b: BIG MIKE|Quark Drive|[silent]\n|move|p2b: Ursaluna|Hyper Voice|p1a: 0 price aric\n|-activate|p1a: 0 price aric|move: Protect\n|\n|-heal|p1a: 0 price aric|29\/100|[from] item: Leftovers\n|upkeep\n|turn|17\n|c|\u2606theyummybagel|gg\n|\n|t:|1700871988\n|move|p2a: Flutter Mane|Dazzling Gleam|p1a: 0 price aric\n|-supereffective|p1a: 0 price aric\n|-damage|p1a: 0 price aric|0 fnt\n|faint|p1a: 0 price aric\n|\n|win|theyummybagel\n","uploadtime":1700871989,"views":172,"p1id":"zee","p2id":"theyummybagel","formatid":"gen9doublesou","rating":0,"private":0,"password":""}