{"id":"smogtours-gen9doublesou-729404","p1":"Amaranth","p2":"Feyette","format":"[Gen 9] Doubles OU","log":"|inactive|Battle timer is ON: inactive players will automatically lose when time's up.\n|t:|1699362151\n|gametype|doubles\n|player|p1|Amaranth|#amaranth|\n|player|p2|Feyette|#scl3dynamos|\n|teamsize|p1|6\n|teamsize|p2|6\n|gen|9\n|tier|[Gen 9] Doubles OU\n|rule|Species Clause: Limit one of each Pok\u00e9mon\n|rule|OHKO Clause: OHKO moves are banned\n|rule|Evasion Moves Clause: Evasion moves are banned\n|rule|Gravity Sleep Clause: The combination of sleep-inducing moves with imperfect accuracy and Gravity or Gigantamax Orbeetle are banned\n|rule|Endless Battle Clause: Forcing endless battles is banned\n|rule|HP Percentage Mod: HP is shown in percentages\n|clearpoke\n|poke|p1|Glimmora, M|\n|poke|p1|Landorus-Therian, M|\n|poke|p1|Flutter Mane|\n|poke|p1|Heatran, F|\n|poke|p1|Rillaboom, F|\n|poke|p1|Ogerpon-Hearthflame, F|\n|poke|p2|Flutter Mane|\n|poke|p2|Ursaluna, F|\n|poke|p2|Landorus-Therian, M|\n|poke|p2|Rillaboom, F|\n|poke|p2|Diancie|\n|poke|p2|Volcanion|\n|teampreview\n|c|\u2606Feyette|gl hf\n|c|\u2606Amaranth|gl hf\n|inactive|Amaranth has 270 seconds left.\n|inactive|Feyette has 270 seconds left.\n|c|+YoBuddyTheBaker|Let's go APAC!\n|\n|t:|1699362194\n|start\n|switch|p1a: Landorus|Landorus-Therian, M|100\/100\n|switch|p1b: Heatran|Heatran, F|100\/100\n|switch|p2a: Flutter Mane|Flutter Mane|100\/100\n|switch|p2b: Landorus|Landorus-Therian, M|100\/100\n|-ability|p1a: Landorus|Intimidate|boost\n|-unboost|p2a: Flutter Mane|atk|1\n|-unboost|p2b: Landorus|atk|1\n|-ability|p2b: Landorus|Intimidate|boost\n|-unboost|p1a: Landorus|atk|1\n|-unboost|p1b: Heatran|atk|1\n|turn|1\n|\n|t:|1699362212\n|move|p1b: Heatran|Protect|p1b: Heatran\n|-singleturn|p1b: Heatran|Protect\n|move|p1a: Landorus|U-turn|p2a: Flutter Mane\n|-resisted|p2a: Flutter Mane\n|-crit|p2a: Flutter Mane\n|-damage|p2a: Flutter Mane|84\/100\n|\n|t:|1699362230\n|switch|p1a: Glimmora|Glimmora, M|100\/100|[from] U-turn\n|move|p2a: Flutter Mane|Moonblast|p1a: Glimmora\n|-resisted|p1a: Glimmora\n|-damage|p1a: Glimmora|63\/100\n|move|p2b: Landorus|Stealth Rock|p1b: Heatran\n|-sidestart|p1: Amaranth|move: Stealth Rock\n|\n|upkeep\n|turn|2\n|inactive|Amaranth has 270 seconds left.\n|inactive|Feyette has 270 seconds left.\n|\n|t:|1699362278\n|switch|p1a: Rillaboom|Rillaboom, F|100\/100\n|-damage|p1a: Rillaboom|88\/100|[from] Stealth Rock\n|-fieldstart|move: Grassy Terrain|[from] ability: Grassy Surge|[of] p1a: Rillaboom\n|-terastallize|p1b: Heatran|Fairy\n|move|p2a: Flutter Mane|Moonblast|p1a: Rillaboom\n|-damage|p1a: Rillaboom|29\/100\n|-unboost|p1a: Rillaboom|spa|1\n|move|p1b: Heatran|Heat Wave|p2b: Landorus|[spread] p2a,p2b\n|-damage|p2a: Flutter Mane|51\/100\n|-damage|p2b: Landorus|67\/100\n|move|p2b: Landorus|Stomping Tantrum|p1b: Heatran\n|-damage|p1b: Heatran|77\/100\n|\n|-heal|p2a: Flutter Mane|57\/100|[from] Grassy Terrain\n|-heal|p1b: Heatran|84\/100|[from] Grassy Terrain\n|-heal|p1b: Heatran|90\/100|[from] item: Leftovers\n|-heal|p1a: Rillaboom|36\/100|[from] Grassy Terrain\n|upkeep\n|turn|3\n|inactive|Amaranth has 270 seconds left.\n|inactive|Feyette has 270 seconds left.\n|inactive|Amaranth has 240 seconds left.\n|inactive|Feyette has 240 seconds left.\n|\n|t:|1699362334\n|-end|p2a: Flutter Mane|Protosynthesis|[silent]\n|switch|p2a: Volcanion|Volcanion|100\/100\n|move|p1a: Rillaboom|Grassy Glide|p2a: Volcanion\n|-damage|p2a: Volcanion|66\/100\n|move|p1b: Heatran|Substitute|p1b: Heatran\n|-start|p1b: Heatran|Substitute\n|-damage|p1b: Heatran|65\/100\n|move|p2b: Landorus|U-turn|p1a: Rillaboom\n|-supereffective|p1a: Rillaboom\n|-damage|p1a: Rillaboom|3\/100\n|inactive|Feyette has 240 seconds left.\n|\n|t:|1699362354\n|switch|p2b: Flutter Mane|Flutter Mane|57\/100|[from] U-turn\n|\n|-heal|p2b: Flutter Mane|63\/100|[from] Grassy Terrain\n|-heal|p1b: Heatran|71\/100|[from] Grassy Terrain\n|-heal|p1b: Heatran|77\/100|[from] item: Leftovers\n|-heal|p1a: Rillaboom|9\/100|[from] Grassy Terrain\n|-heal|p2a: Volcanion|72\/100|[from] Grassy Terrain\n|upkeep\n|turn|4\n|inactive|Amaranth has 240 seconds left.\n|\n|t:|1699362388\n|move|p1a: Rillaboom|Grassy Glide|p2a: Volcanion\n|-damage|p2a: Volcanion|41\/100\n|move|p2b: Flutter Mane|Dazzling Gleam|p1a: Rillaboom|[spread] p1a,p1b\n|-end|p1b: Heatran|Substitute\n|-damage|p1a: Rillaboom|0 fnt\n|faint|p1a: Rillaboom\n|move|p1b: Heatran|Earth Power|p2a: Volcanion\n|-supereffective|p2a: Volcanion\n|-damage|p2a: Volcanion|0 fnt\n|faint|p2a: Volcanion\n|\n|-heal|p2b: Flutter Mane|70\/100|[from] Grassy Terrain\n|-heal|p1b: Heatran|84\/100|[from] Grassy Terrain\n|-heal|p1b: Heatran|90\/100|[from] item: Leftovers\n|upkeep\n|inactive|Amaranth has 240 seconds left.\n|inactive|Feyette has 240 seconds left.\n|inactive|Amaranth has 210 seconds left.\n|\n|t:|1699362443\n|switch|p1a: Flutter Mane|Flutter Mane|100\/100\n|switch|p2a: Diancie|Diancie|100\/100\n|-damage|p1a: Flutter Mane|88\/100|[from] Stealth Rock\n|turn|5\n|inactive|Feyette has 240 seconds left.\n|\n|t:|1699362461\n|move|p2a: Diancie|Protect|p2a: Diancie\n|-singleturn|p2a: Diancie|Protect\n|move|p2b: Flutter Mane|Dazzling Gleam|p1b: Heatran|[spread] p1a,p1b\n|-damage|p1a: Flutter Mane|52\/100\n|-damage|p1b: Heatran|48\/100\n|move|p1a: Flutter Mane|Moonblast|p2b: Flutter Mane\n|-damage|p2b: Flutter Mane|2\/100\n|move|p1b: Heatran|Substitute|p1b: Heatran\n|-start|p1b: Heatran|Substitute\n|-damage|p1b: Heatran|23\/100\n|\n|-heal|p2b: Flutter Mane|8\/100|[from] Grassy Terrain\n|-heal|p1a: Flutter Mane|58\/100|[from] Grassy Terrain\n|-heal|p1b: Heatran|29\/100|[from] Grassy Terrain\n|-heal|p1b: Heatran|36\/100|[from] item: Leftovers\n|upkeep\n|turn|6\n|\n|t:|1699362487\n|move|p2b: Flutter Mane|Dazzling Gleam|p1a: Flutter Mane|[spread] p1a,p1b\n|-end|p1b: Heatran|Substitute\n|-damage|p1a: Flutter Mane|20\/100\n|move|p1a: Flutter Mane|Moonblast|p2a: Diancie\n|-damage|p2a: Diancie|43\/100\n|move|p1b: Heatran|Earth Power|p2a: Diancie\n|-supereffective|p2a: Diancie\n|-damage|p2a: Diancie|0 fnt\n|faint|p2a: Diancie\n|\n|-heal|p2b: Flutter Mane|14\/100|[from] Grassy Terrain\n|-heal|p1a: Flutter Mane|26\/100|[from] Grassy Terrain\n|-heal|p1b: Heatran|42\/100|[from] Grassy Terrain\n|-heal|p1b: Heatran|48\/100|[from] item: Leftovers\n|-fieldend|move: Grassy Terrain\n|upkeep\n|inactive|Feyette has 240 seconds left.\n|\n|t:|1699362508\n|switch|p2a: Ursaluna|Ursaluna, F|100\/100\n|turn|7\n|inactive|Amaranth has 240 seconds left.\n|\n|t:|1699362520\n|-end|p1a: Flutter Mane|Protosynthesis|[silent]\n|switch|p1a: Glimmora|Glimmora, M|63\/100\n|-damage|p1a: Glimmora|51\/100|[from] Stealth Rock\n|-terastallize|p2b: Flutter Mane|Fairy\n|move|p2b: Flutter Mane|Dazzling Gleam|p1a: Glimmora|[spread] p1a,p1b\n|-resisted|p1a: Glimmora\n|-damage|p1a: Glimmora|20\/100\n|-damage|p1b: Heatran|0 fnt\n|-enditem|p1a: Glimmora|Sitrus Berry|[eat]\n|-heal|p1a: Glimmora|45\/100|[from] item: Sitrus Berry\n|faint|p1b: Heatran\n|move|p2a: Ursaluna|Swords Dance|p2a: Ursaluna\n|-boost|p2a: Ursaluna|atk|2\n|\n|-status|p2a: Ursaluna|brn|[from] item: Flame Orb\n|upkeep\n|\n|t:|1699362528\n|switch|p1b: Landorus|Landorus-Therian, M|100\/100\n|-damage|p1b: Landorus|88\/100|[from] Stealth Rock\n|-ability|p1b: Landorus|Intimidate|boost\n|-unboost|p2a: Ursaluna|atk|1\n|-unboost|p2b: Flutter Mane|atk|1\n|turn|8\n|inactive|Amaranth has 240 seconds left.\n|inactive|Feyette has 270 seconds left.\n|inactive|Amaranth has 210 seconds left.\n|\n|t:|1699362590\n|-end|p2b: Flutter Mane|Protosynthesis|[silent]\n|switch|p2b: Landorus|Landorus-Therian, M|67\/100\n|-ability|p2b: Landorus|Intimidate|boost\n|-unboost|p1a: Glimmora|atk|1\n|-unboost|p1b: Landorus|atk|1\n|move|p1b: Landorus|U-turn|p2b: Landorus\n|-resisted|p2b: Landorus\n|-damage|p2b: Landorus|58\/100\n|\n|t:|1699362594\n|switch|p1b: Flutter Mane|Flutter Mane|26\/100|[from] U-turn\n|-damage|p1b: Flutter Mane|13\/100|[from] Stealth Rock\n|move|p1a: Glimmora|Earth Power|p2a: Ursaluna\n|-damage|p2a: Ursaluna|80\/100 brn\n|move|p2a: Ursaluna|Facade|p1b: Flutter Mane\n|-immune|p1b: Flutter Mane\n|\n|-damage|p2a: Ursaluna|74\/100 brn|[from] brn\n|upkeep\n|turn|9\n|inactive|Amaranth has 210 seconds left.\n|inactive|Feyette has 270 seconds left.\n|\n|t:|1699362632\n|move|p1b: Flutter Mane|Moonblast|p2b: Landorus\n|-damage|p2b: Landorus|0 fnt\n|faint|p2b: Landorus\n|move|p1a: Glimmora|Stealth Rock|p2a: Ursaluna\n|-sidestart|p2: Feyette|move: Stealth Rock\n|move|p2a: Ursaluna|Headlong Rush|p1b: Flutter Mane\n|-damage|p1b: Flutter Mane|0 fnt\n|-unboost|p2a: Ursaluna|def|1\n|-unboost|p2a: Ursaluna|spd|1\n|faint|p1b: Flutter Mane\n|-end|p1b: Flutter Mane|Protosynthesis|[silent]\n|\n|-damage|p2a: Ursaluna|68\/100 brn|[from] brn\n|upkeep\n|inactive|Amaranth has 210 seconds left.\n|\n|t:|1699362643\n|switch|p1b: Landorus|Landorus-Therian, M|88\/100\n|switch|p2b: Rillaboom|Rillaboom, F|100\/100\n|-damage|p1b: Landorus|76\/100|[from] Stealth Rock\n|-ability|p1b: Landorus|Intimidate|boost\n|-unboost|p2a: Ursaluna|atk|1\n|-unboost|p2b: Rillaboom|atk|1\n|-damage|p2b: Rillaboom|88\/100|[from] Stealth Rock\n|-fieldstart|move: Grassy Terrain|[from] ability: Grassy Surge|[of] p2b: Rillaboom\n|turn|10\n|\n|t:|1699362672\n|move|p2b: Rillaboom|Fake Out|p1b: Landorus\n|-damage|p1b: Landorus|66\/100\n|cant|p1b: Landorus|flinch\n|move|p1a: Glimmora|Mortal Spin|p2b: Rillaboom|[spread] p2a,p2b\n|-resisted|p2a: Ursaluna\n|-supereffective|p2b: Rillaboom\n|-damage|p2a: Ursaluna|67\/100 brn\n|-damage|p2b: Rillaboom|82\/100\n|-status|p2b: Rillaboom|psn\n|-sideend|p1: Amaranth|Stealth Rock|[from] move: Mortal Spin|[of] p1a: Glimmora\n|move|p2a: Ursaluna|Facade|p1b: Landorus\n|-damage|p1b: Landorus|0 fnt\n|faint|p1b: Landorus\n|\n|-heal|p1a: Glimmora|51\/100|[from] Grassy Terrain\n|-heal|p2b: Rillaboom|88\/100 psn|[from] Grassy Terrain\n|-heal|p2a: Ursaluna|73\/100 brn|[from] Grassy Terrain\n|-damage|p2b: Rillaboom|76\/100 psn|[from] psn\n|-damage|p2a: Ursaluna|67\/100 brn|[from] brn\n|upkeep\n|inactive|Amaranth has 210 seconds left.\n|\n|t:|1699362696\n|switch|p1b: Ogerpon|Ogerpon-Hearthflame, F|100\/100\n|-ability|p1b: Ogerpon|Mold Breaker\n|turn|11\n|inactive|Feyette has 270 seconds left.\n|\n|t:|1699362731\n|move|p2a: Ursaluna|Protect|p2a: Ursaluna\n|-singleturn|p2a: Ursaluna|Protect\n|move|p1b: Ogerpon|Grassy Glide|p2a: Ursaluna\n|-activate|p2a: Ursaluna|move: Protect\n|move|p1a: Glimmora|Sludge Bomb|p2b: Rillaboom\n|-supereffective|p2b: Rillaboom\n|-damage|p2b: Rillaboom|13\/100 psn\n|move|p2b: Rillaboom|U-turn|p1b: Ogerpon\n|-damage|p1b: Ogerpon|84\/100\n|\n|t:|1699362742\n|switch|p2b: Flutter Mane|Flutter Mane, tera:Fairy|14\/100|[from] U-turn\n|-damage|p2b: Flutter Mane|2\/100|[from] Stealth Rock\n|\n|-heal|p2b: Flutter Mane|8\/100|[from] Grassy Terrain\n|-heal|p1a: Glimmora|58\/100|[from] Grassy Terrain\n|-heal|p1b: Ogerpon|90\/100|[from] Grassy Terrain\n|-heal|p2a: Ursaluna|73\/100 brn|[from] Grassy Terrain\n|-damage|p2a: Ursaluna|67\/100 brn|[from] brn\n|upkeep\n|turn|12\n|inactive|Amaranth has 240 seconds left.\n|inactive|Feyette has 270 seconds left.\n|inactive|Amaranth has 210 seconds left.\n|\n|t:|1699362800\n|move|p1b: Ogerpon|Grassy Glide|p2a: Ursaluna\n|-supereffective|p2a: Ursaluna\n|-damage|p2a: Ursaluna|0 fnt\n|faint|p2a: Ursaluna\n|move|p2b: Flutter Mane|Shadow Ball|p1a: Glimmora\n|-damage|p1a: Glimmora|0 fnt\n|faint|p1a: Glimmora\n|\n|-heal|p2b: Flutter Mane|14\/100|[from] Grassy Terrain\n|-heal|p1b: Ogerpon|96\/100|[from] Grassy Terrain\n|upkeep\n|\n|t:|1699362807\n|switch|p2a: Rillaboom|Rillaboom, F|13\/100 psn\n|-damage|p2a: Rillaboom|0 fnt|[from] Stealth Rock\n|faint|p2a: Rillaboom\n|turn|13\n|c|\u2606Amaranth|gg\n|inactive|Feyette has 270 seconds left.\n|c|\u2606Feyette|gg\n|\n|t:|1699362815\n|move|p1b: Ogerpon|Grassy Glide|p2b: Flutter Mane\n|-damage|p2b: Flutter Mane|0 fnt\n|faint|p2b: Flutter Mane\n|-end|p2b: Flutter Mane|Protosynthesis|[silent]\n|\n|win|Amaranth\n","uploadtime":1699362816,"views":271,"p1id":"amaranth","p2id":"feyette","formatid":"gen9doublesou","rating":0,"private":0,"password":""}