{"id":"smogtours-gen9doublesou-728646","p1":"Flying Beagle","p2":"Spurrific","format":"[Gen 9] Doubles OU","log":"|inactive|Battle timer is ON: inactive players will automatically lose when time's up.\n|t:|1699128185\n|gametype|doubles\n|player|p1|Flying Beagle|mina-lgpe|\n|player|p2|Spurrific|#scl2dynamos|\n|teamsize|p1|6\n|teamsize|p2|6\n|gen|9\n|tier|[Gen 9] Doubles OU\n|rule|Species Clause: Limit one of each Pok\u00e9mon\n|rule|OHKO Clause: OHKO moves are banned\n|rule|Evasion Moves Clause: Evasion moves are banned\n|rule|Gravity Sleep Clause: The combination of sleep-inducing moves with imperfect accuracy and Gravity or Gigantamax Orbeetle are banned\n|rule|Endless Battle Clause: Forcing endless battles is banned\n|rule|HP Percentage Mod: HP is shown in percentages\n|clearpoke\n|poke|p1|Kommo-o, F|\n|poke|p1|Scizor, M|\n|poke|p1|Sinistcha-Masterpiece|\n|poke|p1|Iron Hands|\n|poke|p1|Landorus-Therian, M|\n|poke|p1|Flutter Mane|\n|poke|p2|Roaring Moon|\n|poke|p2|Tornadus, M|\n|poke|p2|Flutter Mane|\n|poke|p2|Heatran, F|\n|poke|p2|Rillaboom, M|\n|poke|p2|Walking Wake|\n|teampreview\n|c|\u2606Flying Beagle|gl hf!\n|c|\u2606Spurrific|glhf\n|inactive|Flying Beagle has 270 seconds left.\n|inactive|Spurrific has 270 seconds left.\n|inactive|Spurrific has 240 seconds left.\n|\n|t:|1699128273\n|start\n|switch|p1a: Iron Hands|Iron Hands|100\/100\n|switch|p1b: Flutter Mane|Flutter Mane|100\/100\n|switch|p2a: Tornadus|Tornadus, M|100\/100\n|switch|p2b: Flutter Mane|Flutter Mane|100\/100\n|turn|1\n|inactive|Flying Beagle has 270 seconds left.\n|\n|t:|1699128313\n|-terastallize|p1b: Flutter Mane|Fairy\n|move|p2a: Tornadus|Tailwind|p2a: Tornadus\n|-sidestart|p2: Spurrific|move: Tailwind\n|move|p2b: Flutter Mane|Moonblast|p1a: Iron Hands\n|-supereffective|p1a: Iron Hands\n|-damage|p1a: Iron Hands|15\/100\n|move|p1b: Flutter Mane|Shadow Ball|p2b: Flutter Mane\n|-supereffective|p2b: Flutter Mane\n|-damage|p2b: Flutter Mane|0 fnt\n|faint|p2b: Flutter Mane\n|-end|p2b: Flutter Mane|Protosynthesis|[silent]\n|move|p1a: Iron Hands|Wild Charge|p2a: Tornadus\n|-supereffective|p2a: Tornadus\n|-damage|p2a: Tornadus|0 fnt\n|faint|p2a: Tornadus\n|-damage|p1a: Iron Hands|0 fnt|[from] Recoil\n|faint|p1a: Iron Hands\n|-end|p1a: Iron Hands|Quark Drive|[silent]\n|\n|upkeep\n|inactive|Flying Beagle has 270 seconds left.\n|\n|t:|1699128340\n|switch|p2b: Roaring Moon|Roaring Moon|100\/100\n|switch|p2a: Heatran|Heatran, F|100\/100\n|switch|p1a: Kommo-o|Kommo-o, F|100\/100\n|turn|2\n|inactive|Flying Beagle has 270 seconds left.\n|inactive|Spurrific has 270 seconds left.\n|\n|t:|1699128381\n|-end|p1b: Flutter Mane|Protosynthesis|[silent]\n|switch|p1b: Landorus|Landorus-Therian, M|100\/100\n|-ability|p1b: Landorus|Intimidate|boost\n|-unboost|p2a: Heatran|atk|1\n|-unboost|p2b: Roaring Moon|atk|1\n|move|p2b: Roaring Moon|Knock Off|p1b: Landorus\n|-damage|p1b: Landorus|35\/100\n|-enditem|p1b: Landorus|Choice Scarf|[from] move: Knock Off|[of] p2b: Roaring Moon\n|move|p2a: Heatran|Magma Storm|p1a: Kommo-o\n|-resisted|p1a: Kommo-o\n|-damage|p1a: Kommo-o|74\/100\n|-activate|p1a: Kommo-o|move: Magma Storm|[of] p2a: Heatran\n|move|p1a: Kommo-o|Body Press|p2a: Heatran\n|-supereffective|p2a: Heatran\n|-crit|p2a: Heatran\n|-damage|p2a: Heatran|0 fnt\n|faint|p2a: Heatran\n|\n|-heal|p1a: Kommo-o|80\/100|[from] item: Leftovers\n|-end|p1a: Kommo-o|Magma Storm|[partiallytrapped]|[silent]\n|upkeep\n|\n|t:|1699128390\n|switch|p2a: Walking Wake|Walking Wake|100\/100\n|turn|3\n|c|\u2606Flying Beagle|sry\n|inactive|Flying Beagle has 270 seconds left.\n|inactive|Spurrific has 270 seconds left.\n|inactive|Flying Beagle has 240 seconds left.\n|\n|t:|1699128441\n|-end|p2b: Roaring Moon|Protosynthesis|[silent]\n|switch|p2b: Rillaboom|Rillaboom, M|100\/100\n|-fieldstart|move: Grassy Terrain|[from] ability: Grassy Surge|[of] p2b: Rillaboom\n|switch|p1a: Sinistcha|Sinistcha-Masterpiece|100\/100\n|-heal|p1b: Landorus|60\/100|[from] ability: Hospitality|[of] p1a: Sinistcha\n|move|p2a: Walking Wake|Hydro Steam|p1b: Landorus\n|-supereffective|p1b: Landorus\n|-damage|p1b: Landorus|0 fnt\n|faint|p1b: Landorus\n|-damage|p2a: Walking Wake|90\/100|[from] item: Life Orb\n|\n|-heal|p2a: Walking Wake|97\/100|[from] Grassy Terrain\n|upkeep\n|inactive|Flying Beagle has 210 seconds left.\n|\n|t:|1699128485\n|switch|p1b: Scizor|Scizor, M|100\/100\n|turn|4\n|inactive|Flying Beagle has 210 seconds left.\n|inactive|Flying Beagle has 180 seconds left.\n|inactive|Spurrific has 270 seconds left.\n|\n|t:|1699128537\n|move|p1b: Scizor|Bullet Punch|p2b: Rillaboom\n|-damage|p2b: Rillaboom|67\/100\n|move|p2a: Walking Wake|Flamethrower|p1a: Sinistcha\n|-supereffective|p1a: Sinistcha\n|-damage|p1a: Sinistcha|6\/100\n|-enditem|p1a: Sinistcha|Sitrus Berry|[eat]\n|-heal|p1a: Sinistcha|30\/100|[from] item: Sitrus Berry\n|-damage|p2a: Walking Wake|87\/100|[from] item: Life Orb\n|move|p2b: Rillaboom|Wood Hammer|p1a: Sinistcha\n|-resisted|p1a: Sinistcha\n|-crit|p1a: Sinistcha\n|-damage|p1a: Sinistcha|0 fnt\n|faint|p1a: Sinistcha\n|-damage|p2b: Rillaboom|59\/100|[from] Recoil\n|\n|-heal|p2a: Walking Wake|93\/100|[from] Grassy Terrain\n|-heal|p2b: Rillaboom|65\/100|[from] Grassy Terrain\n|-sideend|p2: Spurrific|move: Tailwind\n|upkeep\n|inactive|Flying Beagle has 150 seconds left.\n|inactive|Flying Beagle has 120 seconds left.\n|\n|t:|1699128601\n|switch|p1a: Flutter Mane|Flutter Mane, tera:Fairy|100\/100\n|turn|5\n|inactive|Flying Beagle has 120 seconds left.\n|inactive|Spurrific has 270 seconds left.\n|inactive|Flying Beagle has 90 seconds left.\n|inactive|Flying Beagle has 60 seconds left.\n|\n|t:|1699128701\n|switch|p2b: Roaring Moon|Roaring Moon|100\/100\n|move|p2a: Walking Wake|Protect|p2a: Walking Wake\n|-singleturn|p2a: Walking Wake|Protect\n|move|p1a: Flutter Mane|Moonblast|p2a: Walking Wake\n|-activate|p2a: Walking Wake|move: Protect\n|move|p1b: Scizor|Swords Dance|p1b: Scizor\n|-boost|p1b: Scizor|atk|2\n|\n|-heal|p2a: Walking Wake|99\/100|[from] Grassy Terrain\n|upkeep\n|turn|6\n|inactive|Spurrific has 270 seconds left.\n|inactive|Flying Beagle has 60 seconds left.\n|inactive|Flying Beagle has 30 seconds left.\n|inactive|Flying Beagle has 20 seconds left.\n|inactive|Flying Beagle has 15 seconds left.\n|inactive|Flying Beagle has 10 seconds left.\n|\n|t:|1699128762\n|-end|p2a: Walking Wake|Protosynthesis|[silent]\n|switch|p2a: Rillaboom|Rillaboom, M|65\/100\n|-terastallize|p2b: Roaring Moon|Steel\n|move|p1b: Scizor|Bullet Punch|p2b: Roaring Moon\n|-resisted|p2b: Roaring Moon\n|-damage|p2b: Roaring Moon|60\/100\n|move|p1a: Flutter Mane|Moonblast|p2a: Rillaboom\n|-damage|p2a: Rillaboom|0 fnt\n|faint|p2a: Rillaboom\n|move|p2b: Roaring Moon|Iron Head|p1a: Flutter Mane\n|-supereffective|p1a: Flutter Mane\n|-damage|p1a: Flutter Mane|0 fnt\n|faint|p1a: Flutter Mane\n|-end|p1a: Flutter Mane|Protosynthesis|[silent]\n|\n|-heal|p2b: Roaring Moon|66\/100|[from] Grassy Terrain\n|upkeep\n|inactive|Flying Beagle has 30 seconds left.\n|\n|t:|1699128773\n|switch|p1a: Kommo-o|Kommo-o, F|80\/100\n|switch|p2a: Walking Wake|Walking Wake|99\/100\n|turn|7\n|inactive|Flying Beagle has 30 seconds left.\n|inactive|Flying Beagle has 20 seconds left.\n|\n|t:|1699128808\n|move|p1a: Kommo-o|Protect|p1a: Kommo-o\n|-singleturn|p1a: Kommo-o|Protect\n|move|p2a: Walking Wake|Flamethrower|p1b: Scizor\n|-supereffective|p1b: Scizor\n|-damage|p1b: Scizor|0 fnt\n|faint|p1b: Scizor\n|-damage|p2a: Walking Wake|89\/100|[from] item: Life Orb\n|move|p2b: Roaring Moon|Iron Head|p1a: Kommo-o\n|-activate|p1a: Kommo-o|move: Protect\n|\n|-heal|p2a: Walking Wake|95\/100|[from] Grassy Terrain\n|-heal|p2b: Roaring Moon|73\/100|[from] Grassy Terrain\n|-heal|p1a: Kommo-o|87\/100|[from] Grassy Terrain\n|-heal|p1a: Kommo-o|93\/100|[from] item: Leftovers\n|-fieldend|move: Grassy Terrain\n|upkeep\n|turn|8\n|c|\u2606Flying Beagle|gg\n|c|\u2606Spurrific|gg\n|\n|t:|1699128819\n|move|p2a: Walking Wake|Draco Meteor|p1a: Kommo-o\n|-supereffective|p1a: Kommo-o\n|-damage|p1a: Kommo-o|0 fnt\n|-unboost|p2a: Walking Wake|spa|2\n|faint|p1a: Kommo-o\n|-damage|p2a: Walking Wake|85\/100|[from] item: Life Orb\n|\n|win|Spurrific\n","uploadtime":1699128820,"views":181,"p1id":"flyingbeagle","p2id":"spurrific","formatid":"gen9doublesou","rating":0,"private":0,"password":""}