{"id":"smogtours-gen9doublesou-729226","p1":"z0mog","p2":"WillE_VGC","format":"[Gen 9] Doubles OU","log":"|inactive|Battle timer is ON: inactive players will automatically lose when time's up.\n|t:|1699229562\n|gametype|doubles\n|player|p1|z0mog|#wcop2021uswest|\n|player|p2|WillE_VGC|#dpl9spectralthieves|\n|teamsize|p1|6\n|teamsize|p2|6\n|gen|9\n|tier|[Gen 9] Doubles OU\n|rule|Species Clause: Limit one of each Pok\u00e9mon\n|rule|OHKO Clause: OHKO moves are banned\n|rule|Evasion Moves Clause: Evasion moves are banned\n|rule|Gravity Sleep Clause: The combination of sleep-inducing moves with imperfect accuracy and Gravity or Gigantamax Orbeetle are banned\n|rule|Endless Battle Clause: Forcing endless battles is banned\n|rule|HP Percentage Mod: HP is shown in percentages\n|clearpoke\n|poke|p1|Roaring Moon|\n|poke|p1|Ninetales, F|\n|poke|p1|Walking Wake|\n|poke|p1|Flutter Mane|\n|poke|p1|Farigiraf, F|\n|poke|p1|Tornadus, M|\n|poke|p2|Grimmsnarl, M|\n|poke|p2|Arcanine-Hisui, M|\n|poke|p2|Ogerpon-Wellspring, F|\n|poke|p2|Gholdengo|\n|poke|p2|Iron Hands|\n|poke|p2|Tornadus, M|\n|teampreview\n|c|\u2606WillE_VGC|glhf\n|c|\u2606z0mog|hf\n|inactive|z0mog has 270 seconds left.\n|inactive|WillE_VGC has 270 seconds left.\n|inactive|WillE_VGC has 240 seconds left.\n|\n|t:|1699229634\n|start\n|switch|p1a: Ninetales|Ninetales, F|100\/100\n|switch|p1b: Walking Wake|Walking Wake|100\/100\n|switch|p2a: Olivernia|Arcanine-Hisui, M|100\/100\n|switch|p2b: Tear in my heart|Tornadus, M|100\/100\n|-weather|SunnyDay|[from] ability: Drought|[of] p1a: Ninetales\n|-activate|p1b: Walking Wake|ability: Protosynthesis\n|-start|p1b: Walking Wake|protosynthesisspe\n|-ability|p2a: Olivernia|Intimidate|boost\n|-unboost|p1a: Ninetales|atk|1\n|-unboost|p1b: Walking Wake|atk|1\n|turn|1\n|inactive|z0mog has 270 seconds left.\n|inactive|WillE_VGC has 270 seconds left.\n|inactive|z0mog has 240 seconds left.\n|inactive|WillE_VGC has 240 seconds left.\n|\n|t:|1699229711\n|-terastallize|p2a: Olivernia|Fairy\n|move|p2b: Tear in my heart|Tailwind|p2b: Tear in my heart\n|-sidestart|p2: WillE_VGC|move: Tailwind\n|move|p2a: Olivernia|Rock Slide|p1b: Walking Wake|[spread] p1a\n|-miss|p2a: Olivernia|p1b: Walking Wake\n|-supereffective|p1a: Ninetales\n|-damage|p1a: Ninetales|22\/100\n|move|p1b: Walking Wake|Hydro Steam|p2b: Tear in my heart\n|-damage|p2b: Tear in my heart|18\/100\n|-damage|p1b: Walking Wake|91\/100|[from] item: Life Orb\n|move|p1a: Ninetales|Will-O-Wisp|p2a: Olivernia|[miss]\n|-miss|p1a: Ninetales|p2a: Olivernia\n|\n|-weather|SunnyDay|[upkeep]\n|upkeep\n|turn|2\n|inactive|WillE_VGC has 240 seconds left.\n|inactive|z0mog has 240 seconds left.\n|\n|t:|1699229751\n|switch|p2b: Masked Man|Ogerpon-Wellspring, F|100\/100\n|move|p1a: Ninetales|Helping Hand|p1b: Walking Wake\n|-singleturn|p1b: Walking Wake|Helping Hand|[of] p1a: Ninetales\n|move|p2a: Olivernia|Rock Slide|p1a: Ninetales|[spread] p1a,p1b\n|-supereffective|p1a: Ninetales\n|-damage|p1a: Ninetales|0 fnt\n|-damage|p1b: Walking Wake|61\/100\n|faint|p1a: Ninetales\n|move|p1b: Walking Wake|Hydro Steam|p2a: Olivernia\n|-damage|p2a: Olivernia|0 fnt\n|faint|p2a: Olivernia\n|-damage|p1b: Walking Wake|51\/100|[from] item: Life Orb\n|\n|-weather|SunnyDay|[upkeep]\n|upkeep\n|inactive|WillE_VGC has 240 seconds left.\n|\n|t:|1699229769\n|switch|p1a: Tornadus|Tornadus, M|100\/100\n|switch|p2a: Gargamel|Grimmsnarl, M|100\/100\n|turn|3\n|inactive|WillE_VGC has 240 seconds left.\n|\n|t:|1699229813\n|move|p2b: Masked Man|Spiky Shield|p2b: Masked Man\n|-singleturn|p2b: Masked Man|move: Protect\n|move|p1b: Walking Wake|Protect|p1b: Walking Wake\n|-singleturn|p1b: Walking Wake|Protect\n|move|p1a: Tornadus|Tailwind|p1a: Tornadus\n|-sidestart|p1: z0mog|move: Tailwind\n|move|p2a: Gargamel|Spirit Break|p1b: Walking Wake\n|-activate|p1b: Walking Wake|move: Protect\n|\n|-weather|SunnyDay|[upkeep]\n|upkeep\n|turn|4\n|\n|t:|1699229835\n|switch|p2b: Ballshanglow|Gholdengo|100\/100\n|move|p2a: Gargamel|Light Screen|p2a: Gargamel\n|-sidestart|p2: WillE_VGC|move: Light Screen\n|move|p1b: Walking Wake|Draco Meteor|p2b: Ballshanglow\n|-resisted|p2b: Ballshanglow\n|-damage|p2b: Ballshanglow|70\/100\n|-unboost|p1b: Walking Wake|spa|2\n|-damage|p1b: Walking Wake|41\/100|[from] item: Life Orb\n|move|p1a: Tornadus|Bleakwind Storm|p2a: Gargamel|[spread] p2b\n|-miss|p1a: Tornadus|p2a: Gargamel\n|-resisted|p2b: Ballshanglow\n|-damage|p2b: Ballshanglow|59\/100\n|\n|-weather|SunnyDay|[upkeep]\n|-heal|p2b: Ballshanglow|65\/100|[from] item: Leftovers\n|-sideend|p2: WillE_VGC|move: Tailwind\n|upkeep\n|turn|5\n|inactive|WillE_VGC has 240 seconds left.\n|\n|t:|1699229861\n|-end|p1b: Walking Wake|Protosynthesis|[silent]\n|switch|p1b: Farigiraf|Farigiraf, F|100\/100\n|move|p2b: Ballshanglow|Protect|p2b: Ballshanglow\n|-singleturn|p2b: Ballshanglow|Protect\n|move|p1a: Tornadus|Bleakwind Storm|p2a: Gargamel|[spread] p2a\n|-activate|p2b: Ballshanglow|move: Protect\n|-damage|p2a: Gargamel|84\/100\n|move|p2a: Gargamel|Spirit Break|p1b: Farigiraf\n|-damage|p1b: Farigiraf|62\/100\n|-unboost|p1b: Farigiraf|spa|1\n|\n|-weather|SunnyDay|[upkeep]\n|-heal|p2b: Ballshanglow|72\/100|[from] item: Leftovers\n|upkeep\n|turn|6\n|inactive|WillE_VGC has 240 seconds left.\n|\n|t:|1699229873\n|move|p1a: Tornadus|Bleakwind Storm|p2b: Ballshanglow|[spread] \n|-miss|p1a: Tornadus|p2a: Gargamel\n|-miss|p1a: Tornadus|p2b: Ballshanglow\n|move|p1b: Farigiraf|High Horsepower|p2b: Ballshanglow\n|-supereffective|p2b: Ballshanglow\n|-damage|p2b: Ballshanglow|0 fnt\n|faint|p2b: Ballshanglow\n|-damage|p1b: Farigiraf|52\/100|[from] item: Life Orb\n|move|p2a: Gargamel|Spirit Break|p1a: Tornadus\n|-damage|p1a: Tornadus|76\/100\n|\n|-weather|SunnyDay|[upkeep]\n|-sideend|p1: z0mog|move: Tailwind\n|upkeep\n|\n|t:|1699229888\n|switch|p2b: Tony Stark|Iron Hands|100\/100\n|turn|7\n|inactive|WillE_VGC has 240 seconds left.\n|\n|t:|1699229912\n|move|p1a: Tornadus|Tailwind|p1a: Tornadus\n|-sidestart|p1: z0mog|move: Tailwind\n|move|p2a: Gargamel|Reflect|p2a: Gargamel\n|-sidestart|p2: WillE_VGC|Reflect\n|move|p1b: Farigiraf|Psychic Fangs|p2b: Tony Stark\n|-sideend|p2: WillE_VGC|Reflect\n|-sideend|p2: WillE_VGC|move: Light Screen\n|-supereffective|p2b: Tony Stark\n|-damage|p2b: Tony Stark|29\/100\n|-damage|p1b: Farigiraf|42\/100|[from] item: Life Orb\n|move|p2b: Tony Stark|Drain Punch|p1b: Farigiraf\n|-damage|p1b: Farigiraf|0 fnt\n|-heal|p2b: Tony Stark|47\/100|[from] drain|[of] p1b: Farigiraf\n|faint|p1b: Farigiraf\n|\n|-weather|SunnyDay|[upkeep]\n|upkeep\n|inactive|z0mog has 270 seconds left.\n|\n|t:|1699229934\n|switch|p1b: Flutter Mane|Flutter Mane|100\/100\n|-activate|p1b: Flutter Mane|ability: Protosynthesis\n|-start|p1b: Flutter Mane|protosynthesisspa\n|turn|8\n|inactive|WillE_VGC has 240 seconds left.\n|\n|t:|1699229962\n|-end|p2b: Tony Stark|Quark Drive|[silent]\n|switch|p2b: Tear in my heart|Tornadus, M|18\/100\n|-terastallize|p1b: Flutter Mane|Fairy\n|move|p2a: Gargamel|Light Screen|p2a: Gargamel\n|-sidestart|p2: WillE_VGC|move: Light Screen\n|move|p1b: Flutter Mane|Dazzling Gleam|p2a: Gargamel|[spread] p2a,p2b\n|-supereffective|p2a: Gargamel\n|-damage|p2a: Gargamel|0 fnt\n|-damage|p2b: Tear in my heart|0 fnt\n|faint|p2a: Gargamel\n|faint|p2b: Tear in my heart\n|move|p1a: Tornadus|Bleakwind Storm|p2: Gargamel|[notarget]\n|-fail|p1a: Tornadus\n|\n|-weather|none\n|-end|p1b: Flutter Mane|Protosynthesis\n|upkeep\n|\n|t:|1699229964\n|switch|p2b: Masked Man|Ogerpon-Wellspring, F|100\/100\n|switch|p2a: Tony Stark|Iron Hands|47\/100\n|turn|9\n|\n|t:|1699229978\n|-end|p1b: Flutter Mane|Protosynthesis|[silent]\n|switch|p1b: Walking Wake|Walking Wake|41\/100\n|move|p2a: Tony Stark|Fake Out|p1b: Walking Wake\n|-damage|p1b: Walking Wake|27\/100\n|move|p1a: Tornadus|Bleakwind Storm|p2a: Tony Stark|[spread] p2a,p2b\n|-supereffective|p2b: Masked Man\n|-damage|p2a: Tony Stark|37\/100\n|-damage|p2b: Masked Man|58\/100\n|move|p2b: Masked Man|Ivy Cudgel|p1b: Walking Wake\n|-resisted|p1b: Walking Wake\n|-damage|p1b: Walking Wake|13\/100\n|\n|upkeep\n|turn|10\n|\n|t:|1699229994\n|move|p1a: Tornadus|Sunny Day|p1a: Tornadus\n|-weather|SunnyDay\n|-activate|p1b: Walking Wake|ability: Protosynthesis\n|-start|p1b: Walking Wake|protosynthesisspe\n|move|p1b: Walking Wake|Draco Meteor|p2a: Tony Stark\n|-damage|p2a: Tony Stark|6\/100\n|-unboost|p1b: Walking Wake|spa|2\n|-damage|p1b: Walking Wake|3\/100|[from] item: Life Orb\n|move|p2b: Masked Man|Horn Leech|p1b: Walking Wake\n|-damage|p1b: Walking Wake|0 fnt\n|-heal|p2b: Masked Man|60\/100|[from] drain|[of] p1b: Walking Wake\n|faint|p1b: Walking Wake\n|-end|p1b: Walking Wake|Protosynthesis|[silent]\n|move|p2a: Tony Stark|Wild Charge|p1a: Tornadus\n|-supereffective|p1a: Tornadus\n|-damage|p1a: Tornadus|0 fnt\n|faint|p1a: Tornadus\n|-damage|p2a: Tony Stark|0 fnt|[from] Recoil\n|faint|p2a: Tony Stark\n|-end|p2a: Tony Stark|Quark Drive|[silent]\n|\n|-weather|SunnyDay|[upkeep]\n|-sideend|p1: z0mog|move: Tailwind\n|upkeep\n|\n|t:|1699229996\n|switch|p1b: Roaring Moon|Roaring Moon|100\/100\n|switch|p1a: Flutter Mane|Flutter Mane, tera:Fairy|100\/100\n|-activate|p1b: Roaring Moon|ability: Protosynthesis\n|-start|p1b: Roaring Moon|protosynthesisatk\n|-activate|p1a: Flutter Mane|ability: Protosynthesis\n|-start|p1a: Flutter Mane|protosynthesisspa\n|turn|11\n|-message|WillE_VGC forfeited.\n|\n|win|z0mog\n|c|\u2606z0mog|gg\n","uploadtime":1699230004,"views":116,"p1id":"z0mog","p2id":"willevgc","formatid":"gen9doublesou","rating":0,"private":0,"password":""}