{"id":"smogtours-gen9doublesou-729815","p1":"z0mog","p2":"Hrishio7","format":"[Gen 9] Doubles OU","log":"|inactive|Battle timer is ON: inactive players will automatically lose when time's up.\n|t:|1699683315\n|gametype|doubles\n|player|p1|z0mog|#splxclassiest|\n|player|p2|Hrishio7|cynthia|\n|teamsize|p1|6\n|teamsize|p2|6\n|gen|9\n|tier|[Gen 9] Doubles OU\n|rule|Species Clause: Limit one of each Pok\u00e9mon\n|rule|OHKO Clause: OHKO moves are banned\n|rule|Evasion Moves Clause: Evasion moves are banned\n|rule|Gravity Sleep Clause: The combination of sleep-inducing moves with imperfect accuracy and Gravity or Gigantamax Orbeetle are banned\n|rule|Endless Battle Clause: Forcing endless battles is banned\n|rule|HP Percentage Mod: HP is shown in percentages\n|clearpoke\n|poke|p1|Kingambit, M|\n|poke|p1|Flutter Mane|\n|poke|p1|Ogerpon-Hearthflame, F|\n|poke|p1|Rillaboom, M|\n|poke|p1|Roaring Moon|\n|poke|p1|Glimmora, M|\n|poke|p2|Iron Hands|\n|poke|p2|Chi-Yu|\n|poke|p2|Gholdengo|\n|poke|p2|Ogerpon-Wellspring, F|\n|poke|p2|Kommo-o, M|\n|poke|p2|Tornadus, M|\n|teampreview\n|c|\u2606Hrishio7|cool avatar, hf\n|c|\u2606z0mog|u2\n|inactive|Hrishio7 has 270 seconds left.\n|\n|t:|1699683354\n|start\n|switch|p1a: Glimmora|Glimmora, M|100\/100\n|switch|p1b: Roaring Moon|Roaring Moon|100\/100\n|switch|p2a: Chi-Yu|Chi-Yu|100\/100\n|switch|p2b: Iron Hands|Iron Hands|100\/100\n|-ability|p2a: Chi-Yu|Beads of Ruin\n|-enditem|p1b: Roaring Moon|Booster Energy\n|-activate|p1b: Roaring Moon|ability: Protosynthesis|[fromitem]\n|-start|p1b: Roaring Moon|protosynthesisspe\n|turn|1\n|inactive|Hrishio7 has 270 seconds left.\n|\n|t:|1699683393\n|move|p2b: Iron Hands|Fake Out|p1b: Roaring Moon\n|-damage|p1b: Roaring Moon|85\/100\n|cant|p1b: Roaring Moon|flinch\n|move|p2a: Chi-Yu|Dark Pulse|p1a: Glimmora\n|-damage|p1a: Glimmora|11\/100\n|cant|p1a: Glimmora|flinch\n|\n|upkeep\n|turn|2\n|inactive|Hrishio7 has 270 seconds left.\n|\n|t:|1699683421\n|move|p1b: Roaring Moon|Tailwind|p1b: Roaring Moon\n|-sidestart|p1: z0mog|move: Tailwind\n|move|p1a: Glimmora|Mortal Spin|p2a: Chi-Yu|[spread] p2a,p2b\n|-damage|p2a: Chi-Yu|95\/100\n|-damage|p2b: Iron Hands|98\/100\n|-status|p2a: Chi-Yu|psn\n|-status|p2b: Iron Hands|psn\n|move|p2a: Chi-Yu|Dark Pulse|p1a: Glimmora\n|-damage|p1a: Glimmora|0 fnt\n|faint|p1a: Glimmora\n|move|p2b: Iron Hands|Drain Punch|p1b: Roaring Moon\n|-supereffective|p1b: Roaring Moon\n|-damage|p1b: Roaring Moon|0 fnt\n|-heal|p2b: Iron Hands|100\/100 psn|[from] drain|[of] p1b: Roaring Moon\n|faint|p1b: Roaring Moon\n|-end|p1b: Roaring Moon|Protosynthesis|[silent]\n|\n|-damage|p2a: Chi-Yu|82\/100 psn|[from] psn\n|-damage|p2b: Iron Hands|88\/100 psn|[from] psn\n|upkeep\n|\n|t:|1699683434\n|switch|p1b: Ogerpon|Ogerpon-Hearthflame, F|100\/100\n|switch|p1a: Flutter Mane|Flutter Mane|100\/100\n|-ability|p1b: Ogerpon|Mold Breaker\n|turn|3\n|inactive|Hrishio7 has 270 seconds left.\n|\n|t:|1699683472\n|-terastallize|p2b: Iron Hands|Fire\n|move|p1a: Flutter Mane|Moonblast|p2b: Iron Hands\n|-resisted|p2b: Iron Hands\n|-damage|p2b: Iron Hands|67\/100 psn\n|move|p1b: Ogerpon|Ivy Cudgel|p2b: Iron Hands\n|-resisted|p2b: Iron Hands\n|-damage|p2b: Iron Hands|49\/100 psn\n|move|p2a: Chi-Yu|Dark Pulse|p1b: Ogerpon\n|-damage|p1b: Ogerpon|42\/100\n|move|p2b: Iron Hands|Heavy Slam|p1a: Flutter Mane\n|-supereffective|p1a: Flutter Mane\n|-damage|p1a: Flutter Mane|0 fnt\n|faint|p1a: Flutter Mane\n|-end|p1a: Flutter Mane|Protosynthesis|[silent]\n|\n|-damage|p2a: Chi-Yu|70\/100 psn|[from] psn\n|-damage|p2b: Iron Hands|37\/100 psn|[from] psn\n|upkeep\n|\n|t:|1699683495\n|switch|p1a: Rillaboom|Rillaboom, M|100\/100\n|-fieldstart|move: Grassy Terrain|[from] ability: Grassy Surge|[of] p1a: Rillaboom\n|turn|4\n|\n|t:|1699683518\n|switch|p2a: Gholdengo|Gholdengo|100\/100\n|-end|p2b: Iron Hands|Quark Drive|[silent]\n|switch|p2b: Kommo-o|Kommo-o, M|100\/100\n|-terastallize|p1b: Ogerpon|Fire\n|detailschange|p1b: Ogerpon|Ogerpon-Hearthflame-Tera, F, tera:Fire\n|-ability|p1b: Ogerpon|Embody Aspect (Hearthflame)|boost\n|-boost|p1b: Ogerpon|atk|1\n|move|p1a: Rillaboom|Fake Out|p2b: Kommo-o\n|-damage|p2b: Kommo-o|91\/100\n|move|p1b: Ogerpon|Ivy Cudgel|p2a: Gholdengo\n|-supereffective|p2a: Gholdengo\n|-damage|p2a: Gholdengo|0 fnt\n|faint|p2a: Gholdengo\n|\n|-heal|p1b: Ogerpon|48\/100|[from] Grassy Terrain\n|-heal|p2b: Kommo-o|97\/100|[from] Grassy Terrain\n|-heal|p2b: Kommo-o|100\/100|[from] item: Leftovers\n|upkeep\n|inactive|Hrishio7 has 270 seconds left.\n|inactive|Hrishio7 has 240 seconds left.\n|\n|t:|1699683573\n|switch|p2a: Tornadus|Tornadus, M|100\/100\n|turn|5\n|\n|t:|1699683581\n|move|p2a: Tornadus|Tailwind|p2a: Tornadus\n|-sidestart|p2: Hrishio7|move: Tailwind\n|move|p1b: Ogerpon|Ivy Cudgel|p2b: Kommo-o\n|-resisted|p2b: Kommo-o\n|-damage|p2b: Kommo-o|66\/100\n|move|p2b: Kommo-o|Iron Defense|p2b: Kommo-o\n|-boost|p2b: Kommo-o|def|2\n|move|p1a: Rillaboom|Wood Hammer|p2b: Kommo-o\n|-resisted|p2b: Kommo-o\n|-crit|p2b: Kommo-o\n|-damage|p2b: Kommo-o|20\/100\n|-damage|p1a: Rillaboom|88\/100|[from] Recoil\n|\n|-heal|p1b: Ogerpon|54\/100|[from] Grassy Terrain\n|-heal|p2b: Kommo-o|27\/100|[from] Grassy Terrain\n|-heal|p2b: Kommo-o|33\/100|[from] item: Leftovers\n|-heal|p1a: Rillaboom|94\/100|[from] Grassy Terrain\n|-sideend|p1: z0mog|move: Tailwind\n|upkeep\n|turn|6\n|\n|t:|1699683606\n|move|p1b: Ogerpon|Spiky Shield|p1b: Ogerpon\n|-singleturn|p1b: Ogerpon|move: Protect\n|move|p2a: Tornadus|Bleakwind Storm|p1a: Rillaboom|[spread] p1a\n|-activate|p1b: Ogerpon|move: Protect\n|-supereffective|p1a: Rillaboom\n|-damage|p1a: Rillaboom|35\/100\n|-unboost|p1a: Rillaboom|spe|1\n|move|p2b: Kommo-o|Body Press|p1a: Rillaboom\n|-damage|p1a: Rillaboom|0 fnt\n|faint|p1a: Rillaboom\n|\n|-heal|p2b: Kommo-o|39\/100|[from] Grassy Terrain\n|-heal|p2b: Kommo-o|45\/100|[from] item: Leftovers\n|-heal|p1b: Ogerpon|60\/100|[from] Grassy Terrain\n|upkeep\n|\n|t:|1699683608\n|switch|p1a: Kingambit|Kingambit, M|100\/100\n|-enditem|p1a: Kingambit|Grassy Seed\n|-boost|p1a: Kingambit|def|1|[from] item: Grassy Seed\n|turn|7\n|inactive|Hrishio7 has 270 seconds left.\n|\n|t:|1699683634\n|move|p2b: Kommo-o|Protect|p2b: Kommo-o\n|-singleturn|p2b: Kommo-o|Protect\n|move|p1a: Kingambit|Protect|p1a: Kingambit\n|-singleturn|p1a: Kingambit|Protect\n|move|p2a: Tornadus|Bleakwind Storm|p1b: Ogerpon|[spread] p1b\n|-activate|p1a: Kingambit|move: Protect\n|-damage|p1b: Ogerpon|26\/100\n|-unboost|p1b: Ogerpon|spe|1\n|move|p1b: Ogerpon|Ivy Cudgel|p2b: Kommo-o\n|-activate|p2b: Kommo-o|move: Protect\n|\n|-heal|p2b: Kommo-o|52\/100|[from] Grassy Terrain\n|-heal|p2b: Kommo-o|58\/100|[from] item: Leftovers\n|-heal|p1b: Ogerpon|32\/100|[from] Grassy Terrain\n|upkeep\n|turn|8\n|inactive|Hrishio7 has 270 seconds left.\n|\n|t:|1699683650\n|move|p2a: Tornadus|Bleakwind Storm|p1b: Ogerpon|[spread] p1a,p1b\n|-resisted|p1a: Kingambit\n|-damage|p1a: Kingambit|83\/100\n|-damage|p1b: Ogerpon|0 fnt\n|faint|p1b: Ogerpon\n|move|p2b: Kommo-o|Body Press|p1a: Kingambit\n|-supereffective|p1a: Kingambit\n|-damage|p1a: Kingambit|0 fnt\n|faint|p1a: Kingambit\n|\n|win|Hrishio7\n|c|\u2606z0mog|gg haha\n|c|\u2606Hrishio7|gg bro\n","uploadtime":1699683651,"views":174,"p1id":"z0mog","p2id":"hrishio7","formatid":"gen9doublesou","rating":0,"private":0,"password":""}