{"id":"smogtours-gen9doublesou-725556","p1":"Raf","p2":"zee","format":"[Gen 9] Doubles OU","log":"|inactive|Battle timer is ON: inactive players will automatically lose when time's up.\n|t:|1697991440\n|gametype|doubles\n|player|p1|Raf|#scl3dynamos2|\n|player|p2|zee|#scl3gible2|\n|teamsize|p1|6\n|teamsize|p2|6\n|gen|9\n|tier|[Gen 9] Doubles OU\n|rule|Species Clause: Limit one of each Pok\u00e9mon\n|rule|OHKO Clause: OHKO moves are banned\n|rule|Evasion Moves Clause: Evasion moves are banned\n|rule|Gravity Sleep Clause: The combination of sleep-inducing moves with imperfect accuracy and Gravity or Gigantamax Orbeetle are banned\n|rule|Endless Battle Clause: Forcing endless battles is banned\n|rule|HP Percentage Mod: HP is shown in percentages\n|clearpoke\n|poke|p1|Tornadus, M|\n|poke|p1|Landorus, M|\n|poke|p1|Scizor, F|\n|poke|p1|Ogerpon-Wellspring, F|\n|poke|p1|Iron Hands|\n|poke|p1|Roaring Moon|\n|poke|p2|Iron Hands|\n|poke|p2|Flutter Mane|\n|poke|p2|Roaring Moon|\n|poke|p2|Ogerpon-Wellspring, F|\n|poke|p2|Weezing, F|\n|poke|p2|Landorus-Therian, M|\n|teampreview\n|inactive|Raf also wants the timer to be on.\n|c|\u2606zee|hf\n|c|\u2606Raf|u2\n|inactive|Raf has 270 seconds left.\n|inactive|zee has 270 seconds left.\n|inactive|Raf has 240 seconds left.\n|c|+Enzonana|VAMOS RAFAEL\n|inactive|Raf has 210 seconds left.\n|\n|t:|1697991551\n|start\n|switch|p1a: Tornadus|Tornadus, M|100\/100\n|switch|p1b: Landorus|Landorus, M|100\/100\n|switch|p2a: Ogerpon|Ogerpon-Wellspring, F|100\/100\n|switch|p2b: Landorus|Landorus-Therian, M|100\/100\n|-ability|p2b: Landorus|Intimidate|boost\n|-unboost|p1a: Tornadus|atk|1\n|-unboost|p1b: Landorus|atk|1\n|turn|1\n|inactive|Raf has 270 seconds left.\n|inactive|zee has 270 seconds left.\n|inactive|Raf has 240 seconds left.\n|inactive|zee has 240 seconds left.\n|inactive|Raf has 210 seconds left.\n|inactive|Raf has 180 seconds left.\n|\n|t:|1697991653\n|move|p1b: Landorus|Protect|p1b: Landorus\n|-singleturn|p1b: Landorus|Protect\n|move|p2a: Ogerpon|Ivy Cudgel|p1a: Tornadus\n|-damage|p1a: Tornadus|46\/100\n|move|p1a: Tornadus|Bleakwind Storm|p2b: Landorus|[spread] \n|-miss|p1a: Tornadus|p2a: Ogerpon\n|-miss|p1a: Tornadus|p2b: Landorus\n|move|p2b: Landorus|Rock Tomb|p1a: Tornadus\n|-supereffective|p1a: Tornadus\n|-damage|p1a: Tornadus|4\/100\n|\n|upkeep\n|turn|2\n|inactive|Raf has 180 seconds left.\n|inactive|zee has 240 seconds left.\n|inactive|zee has 210 seconds left.\n|inactive|Raf has 150 seconds left.\n|\n|t:|1697991716\n|switch|p1a: Ogerpon|Ogerpon-Wellspring, F|100\/100\n|switch|p2b: Weezing|Weezing, F, shiny|100\/100\n|-ability|p2b: Weezing|Neutralizing Gas\n|move|p2a: Ogerpon|Horn Leech|p1a: Ogerpon\n|-damage|p1a: Ogerpon|61\/100\n|move|p1b: Landorus|Sandsear Storm|p2b: Weezing|[spread] p2a,p2b\n|-resisted|p2a: Ogerpon\n|-supereffective|p2b: Weezing\n|-damage|p2a: Ogerpon|78\/100\n|-damage|p2b: Weezing|2\/100\n|-enditem|p2b: Weezing|Sitrus Berry|[eat]\n|-heal|p2b: Weezing|27\/100|[from] item: Sitrus Berry\n|-damage|p1b: Landorus|91\/100|[from] item: Life Orb\n|\n|upkeep\n|turn|3\n|inactive|Raf has 150 seconds left.\n|\n|t:|1697991752\n|-end|p2b: Weezing|ability: Neutralizing Gas\n|switch|p2b: Roaring Moon|Roaring Moon|100\/100\n|-enditem|p2b: Roaring Moon|Booster Energy\n|-activate|p2b: Roaring Moon|ability: Protosynthesis|[fromitem]\n|-start|p2b: Roaring Moon|protosynthesisspe\n|move|p2a: Ogerpon|Spiky Shield|p2a: Ogerpon\n|-singleturn|p2a: Ogerpon|move: Protect\n|move|p1a: Ogerpon|Follow Me|p1a: Ogerpon\n|-singleturn|p1a: Ogerpon|move: Follow Me\n|move|p1b: Landorus|Sludge Bomb|p2a: Ogerpon\n|-activate|p2a: Ogerpon|move: Protect\n|\n|upkeep\n|turn|4\n|inactive|Raf has 150 seconds left.\n|inactive|Raf has 120 seconds left.\n|inactive|zee has 210 seconds left.\n|\n|t:|1697991822\n|-terastallize|p1a: Ogerpon|Water\n|detailschange|p1a: Ogerpon|Ogerpon-Wellspring-Tera, F, tera:Water\n|-ability|p1a: Ogerpon|Embody Aspect (Wellspring)|boost\n|-boost|p1a: Ogerpon|spd|1\n|move|p1a: Ogerpon|Follow Me|p1a: Ogerpon\n|-singleturn|p1a: Ogerpon|move: Follow Me\n|move|p2b: Roaring Moon|Acrobatics|p1a: Ogerpon\n|-damage|p1a: Ogerpon|24\/100\n|move|p2a: Ogerpon|Ivy Cudgel|p1a: Ogerpon\n|-resisted|p1a: Ogerpon\n|-damage|p1a: Ogerpon|0 fnt\n|faint|p1a: Ogerpon\n|move|p1b: Landorus|Sludge Bomb|p2a: Ogerpon\n|-supereffective|p2a: Ogerpon\n|-damage|p2a: Ogerpon|0 fnt\n|faint|p2a: Ogerpon\n|\n|upkeep\n|\n|t:|1697991851\n|switch|p2a: Landorus|Landorus-Therian, M|100\/100\n|switch|p1a: Iron Hands|Iron Hands|100\/100\n|-ability|p2a: Landorus|Intimidate|boost\n|-unboost|p1a: Iron Hands|atk|1\n|-unboost|p1b: Landorus|atk|1\n|turn|5\n|inactive|zee has 240 seconds left.\n|inactive|Raf has 90 seconds left.\n|inactive|zee has 210 seconds left.\n|\n|t:|1697991892\n|switch|p1b: Tornadus|Tornadus, M|4\/100\n|move|p1a: Iron Hands|Fake Out|p2b: Roaring Moon\n|-damage|p2b: Roaring Moon|88\/100\n|cant|p2b: Roaring Moon|flinch\n|move|p2a: Landorus|Stomping Tantrum|p1a: Iron Hands\n|-supereffective|p1a: Iron Hands\n|-damage|p1a: Iron Hands|44\/100\n|\n|upkeep\n|turn|6\n|inactive|Raf has 90 seconds left.\n|\n|t:|1697991917\n|move|p1b: Tornadus|Tailwind|p1b: Tornadus\n|-sidestart|p1: Raf|move: Tailwind\n|move|p2b: Roaring Moon|Tailwind|p2b: Roaring Moon\n|-sidestart|p2: zee|move: Tailwind\n|move|p2a: Landorus|Stomping Tantrum|p1a: Iron Hands\n|-supereffective|p1a: Iron Hands\n|-damage|p1a: Iron Hands|0 fnt\n|faint|p1a: Iron Hands\n|-end|p1a: Iron Hands|Quark Drive|[silent]\n|\n|upkeep\n|inactive|Raf has 60 seconds left.\n|\n|t:|1697991962\n|switch|p1a: Landorus|Landorus, M|91\/100\n|turn|7\n|inactive|zee has 240 seconds left.\n|inactive|zee has 210 seconds left.\n|\n|t:|1697992023\n|move|p2b: Roaring Moon|Knock Off|p1a: Landorus\n|-damage|p1a: Landorus|32\/100\n|-enditem|p1a: Landorus|Life Orb|[from] move: Knock Off|[of] p2b: Roaring Moon\n|move|p1a: Landorus|Earth Power|p2b: Roaring Moon\n|-damage|p2b: Roaring Moon|39\/100\n|move|p1b: Tornadus|Bleakwind Storm|p2a: Landorus|[spread] p2a\n|-miss|p1b: Tornadus|p2b: Roaring Moon\n|-damage|p2a: Landorus|75\/100\n|-unboost|p2a: Landorus|spe|1\n|move|p2a: Landorus|U-turn|p1a: Landorus\n|-resisted|p1a: Landorus\n|-damage|p1a: Landorus|16\/100\n|\n|t:|1697992033\n|switch|p2a: Flutter Mane|Flutter Mane|100\/100|[from] U-turn\n|\n|upkeep\n|turn|8\n|inactive|Raf has 90 seconds left.\n|inactive|Raf has 60 seconds left.\n|inactive|Raf has 30 seconds left.\n|inactive|Raf has 20 seconds left.\n|inactive|Raf has 15 seconds left.\n|inactive|Raf has 10 seconds left.\n|\n|t:|1697992124\n|move|p1a: Landorus|Protect|p1a: Landorus\n|-singleturn|p1a: Landorus|Protect\n|move|p2b: Roaring Moon|Acrobatics|p1b: Tornadus\n|-damage|p1b: Tornadus|0 fnt\n|faint|p1b: Tornadus\n|move|p2a: Flutter Mane|Dazzling Gleam|p1a: Landorus\n|-activate|p1a: Landorus|move: Protect\n|\n|upkeep\n|inactive|Raf has 15 seconds left this turn.\n|inactive|Raf has 10 seconds left.\n|\n|t:|1697992129\n|switch|p1b: Scizor|Scizor, F|100\/100\n|turn|9\n|inactive|Raf has 30 seconds left.\n|\n|t:|1697992136\n|move|p1b: Scizor|Bullet Punch|p2a: Flutter Mane\n|-supereffective|p2a: Flutter Mane\n|-damage|p2a: Flutter Mane|0 fnt\n|faint|p2a: Flutter Mane\n|-end|p2a: Flutter Mane|Protosynthesis|[silent]\n|move|p2b: Roaring Moon|Knock Off|p1a: Landorus\n|-damage|p1a: Landorus|0 fnt\n|faint|p1a: Landorus\n|\n|-sideend|p1: Raf|move: Tailwind\n|-sideend|p2: zee|move: Tailwind\n|upkeep\n|\n|t:|1697992139\n|switch|p2a: Landorus|Landorus-Therian, M|75\/100\n|switch|p1a: Roaring Moon|Roaring Moon|100\/100\n|-ability|p2a: Landorus|Intimidate|boost\n|-unboost|p1a: Roaring Moon|atk|1\n|-fail|p1b: Scizor|unboost|[from] item: Clear Amulet|[of] p1b: Scizor\n|-enditem|p1a: Roaring Moon|Booster Energy\n|-activate|p1a: Roaring Moon|ability: Protosynthesis|[fromitem]\n|-start|p1a: Roaring Moon|protosynthesisspe\n|turn|10\n|inactive|Raf has 60 seconds left.\n|\n|t:|1697992184\n|move|p1b: Scizor|Protect|p1b: Scizor\n|-singleturn|p1b: Scizor|Protect\n|move|p1a: Roaring Moon|Brick Break|p2b: Roaring Moon\n|-supereffective|p2b: Roaring Moon\n|-damage|p2b: Roaring Moon|0 fnt\n|faint|p2b: Roaring Moon\n|-end|p2b: Roaring Moon|Protosynthesis|[silent]\n|move|p2a: Landorus|Stomping Tantrum|p1b: Scizor\n|-activate|p1b: Scizor|move: Protect\n|\n|upkeep\n|\n|t:|1697992187\n|switch|p2b: Iron Hands|Iron Hands|100\/100\n|turn|11\n|inactive|Raf has 60 seconds left.\n|\n|t:|1697992198\n|move|p1a: Roaring Moon|Knock Off|p2b: Iron Hands\n|-resisted|p2b: Iron Hands\n|-damage|p2b: Iron Hands|89\/100\n|-enditem|p2b: Iron Hands|Assault Vest|[from] move: Knock Off|[of] p1a: Roaring Moon\n|move|p2a: Landorus|Stomping Tantrum|p1b: Scizor\n|-crit|p1b: Scizor\n|-damage|p1b: Scizor|42\/100\n|move|p1b: Scizor|Swords Dance|p1b: Scizor\n|-boost|p1b: Scizor|atk|2\n|move|p2b: Iron Hands|Drain Punch|p1a: Roaring Moon\n|-supereffective|p1a: Roaring Moon\n|-damage|p1a: Roaring Moon|0 fnt\n|-heal|p2b: Iron Hands|100\/100|[from] drain|[of] p1a: Roaring Moon\n|faint|p1a: Roaring Moon\n|-end|p1a: Roaring Moon|Protosynthesis|[silent]\n|\n|upkeep\n|turn|12\n|c|\u2606Raf|gg\n|\n|t:|1697992215\n|move|p1b: Scizor|Bullet Punch|p2a: Landorus\n|-damage|p2a: Landorus|8\/100\n|move|p2a: Landorus|Stomping Tantrum|p1b: Scizor\n|-damage|p1b: Scizor|0 fnt\n|faint|p1b: Scizor\n|\n|win|zee\n|c|\u2606zee|gg\n","uploadtime":1697992216,"views":368,"p1id":"raf","p2id":"zee","formatid":"gen9doublesou","rating":0,"private":0,"password":""}