{"id":"smogtours-gen9doublesou-725036","p1":"eragon11145","p2":"xqiht","format":"[Gen 9] Doubles OU","log":"|inactive|Battle timer is ON: inactive players will automatically lose when time's up.\n|t:|1697857366\n|gametype|doubles\n|player|p1|eragon11145|#dwcopiii|\n|player|p2|xqiht|#scl3shoguns|\n|teamsize|p1|6\n|teamsize|p2|6\n|gen|9\n|tier|[Gen 9] Doubles OU\n|rule|Species Clause: Limit one of each Pok\u00e9mon\n|rule|OHKO Clause: OHKO moves are banned\n|rule|Evasion Moves Clause: Evasion moves are banned\n|rule|Gravity Sleep Clause: The combination of sleep-inducing moves with imperfect accuracy and Gravity or Gigantamax Orbeetle are banned\n|rule|Endless Battle Clause: Forcing endless battles is banned\n|rule|HP Percentage Mod: HP is shown in percentages\n|clearpoke\n|poke|p1|Tornadus, M|\n|poke|p1|Volcanion|\n|poke|p1|Iron Hands|\n|poke|p1|Flutter Mane|\n|poke|p1|Rillaboom, M|\n|poke|p1|Ursaluna, F|\n|poke|p2|Ogerpon-Wellspring, F|\n|poke|p2|Arcanine-Hisui, F|\n|poke|p2|Gholdengo|\n|poke|p2|Tornadus, M|\n|poke|p2|Basculegion-F, F|\n|poke|p2|Iron Hands|\n|teampreview\n|inactive|eragon11145 also wants the timer to be on.\n|inactive|eragon11145 has 270 seconds left.\n|inactive|xqiht has 270 seconds left.\n|c|\u2606eragon11145|glhg\n|c|\u2606eragon11145|glhf\n|c|\u2606xqiht|u2\n|inactive|eragon11145 has 240 seconds left.\n|inactive|xqiht has 240 seconds left.\n|\n|t:|1697857433\n|start\n|switch|p1a: Iron Hands|Iron Hands|100\/100\n|switch|p1b: Volcanion|Volcanion|100\/100\n|switch|p2a: Tornadus|Tornadus, M|100\/100\n|switch|p2b: Gholdengo|Gholdengo|100\/100\n|turn|1\n|c|+Wesqii|gl goats\n|c|+Taka|ERAGOAT Szn\n|\n|t:|1697857460\n|move|p2a: Tornadus|Rain Dance|p2a: Tornadus\n|-weather|RainDance\n|move|p2b: Gholdengo|Nasty Plot|p2b: Gholdengo\n|-boost|p2b: Gholdengo|spa|2\n|move|p1b: Volcanion|Heat Wave|p2b: Gholdengo|[spread] p2a,p2b\n|-supereffective|p2b: Gholdengo\n|-damage|p2a: Tornadus|83\/100\n|-damage|p2b: Gholdengo|67\/100\n|move|p1a: Iron Hands|Wild Charge|p2a: Tornadus\n|-supereffective|p2a: Tornadus\n|-damage|p2a: Tornadus|0 fnt\n|faint|p2a: Tornadus\n|-damage|p1a: Iron Hands|85\/100|[from] Recoil\n|\n|-weather|RainDance|[upkeep]\n|-heal|p2b: Gholdengo|73\/100|[from] item: Leftovers\n|upkeep\n|inactive|xqiht has 270 seconds left.\n|\n|t:|1697857476\n|switch|p2a: Ogerpon|Ogerpon-Wellspring, F|100\/100\n|turn|2\n|inactive|xqiht has 270 seconds left.\n|inactive|eragon11145 has 270 seconds left.\n|inactive|xqiht has 240 seconds left.\n|inactive|xqiht has 210 seconds left.\n|inactive|xqiht has 180 seconds left.\n|\n|t:|1697857591\n|move|p1b: Volcanion|Protect|p1b: Volcanion\n|-singleturn|p1b: Volcanion|Protect\n|move|p2a: Ogerpon|Ivy Cudgel|p1a: Iron Hands\n|-damage|p1a: Iron Hands|26\/100\n|move|p2b: Gholdengo|Shadow Ball|p1a: Iron Hands\n|-damage|p1a: Iron Hands|0 fnt\n|faint|p1a: Iron Hands\n|-end|p1a: Iron Hands|Quark Drive|[silent]\n|\n|-weather|RainDance|[upkeep]\n|-heal|p2b: Gholdengo|79\/100|[from] item: Leftovers\n|upkeep\n|\n|t:|1697857601\n|switch|p1a: Rillaboom|Rillaboom, M|100\/100\n|-fieldstart|move: Grassy Terrain|[from] ability: Grassy Surge|[of] p1a: Rillaboom\n|turn|3\n|\n|t:|1697857613\n|-terastallize|p1b: Volcanion|Grass\n|move|p2a: Ogerpon|Spiky Shield|p2a: Ogerpon\n|-singleturn|p2a: Ogerpon|move: Protect\n|move|p2b: Gholdengo|Shadow Ball|p1b: Volcanion\n|-damage|p1b: Volcanion|19\/100\n|move|p1a: Rillaboom|U-turn|p1b: Volcanion\n|-supereffective|p1b: Volcanion\n|-damage|p1b: Volcanion|0 fnt\n|faint|p1b: Volcanion\n|\n|t:|1697857621\n|switch|p1a: Tornadus|Tornadus, M|100\/100|[from] U-turn\n|\n|-weather|RainDance|[upkeep]\n|-heal|p2b: Gholdengo|85\/100|[from] Grassy Terrain\n|-heal|p2b: Gholdengo|91\/100|[from] item: Leftovers\n|upkeep\n|\n|t:|1697857626\n|switch|p1b: Ursaluna|Ursaluna, F|100\/100\n|turn|4\n|\n|t:|1697857648\n|switch|p2a: Iron Hands|Iron Hands|100\/100\n|move|p2b: Gholdengo|Protect|p2b: Gholdengo\n|-singleturn|p2b: Gholdengo|Protect\n|move|p1b: Ursaluna|Protect|p1b: Ursaluna\n|-singleturn|p1b: Ursaluna|Protect\n|move|p1a: Tornadus|Bleakwind Storm|p2b: Gholdengo|[spread] p2a\n|-activate|p2b: Gholdengo|move: Protect\n|-damage|p2a: Iron Hands|84\/100\n|\n|-weather|RainDance|[upkeep]\n|-heal|p2b: Gholdengo|98\/100|[from] Grassy Terrain\n|-heal|p2b: Gholdengo|100\/100|[from] item: Leftovers\n|-heal|p2a: Iron Hands|90\/100|[from] Grassy Terrain\n|upkeep\n|turn|5\n|inactive|xqiht has 240 seconds left.\n|\n|t:|1697857662\n|switch|p1b: Rillaboom|Rillaboom, M|100\/100\n|move|p2a: Iron Hands|Fake Out|p1b: Rillaboom\n|-damage|p1b: Rillaboom|87\/100\n|move|p1a: Tornadus|Tailwind|p1a: Tornadus\n|-sidestart|p1: eragon11145|move: Tailwind\n|move|p2b: Gholdengo|Make It Rain|p1a: Tornadus|[spread] p1a,p1b\n|-damage|p1a: Tornadus|0 fnt\n|-damage|p1b: Rillaboom|23\/100\n|-unboost|p2b: Gholdengo|spa|1\n|faint|p1a: Tornadus\n|\n|-weather|none\n|-heal|p1b: Rillaboom|29\/100|[from] Grassy Terrain\n|-heal|p2a: Iron Hands|96\/100|[from] Grassy Terrain\n|upkeep\n|\n|t:|1697857666\n|switch|p1a: Ursaluna|Ursaluna, F|100\/100\n|turn|6\n|\n|t:|1697857679\n|-end|p2a: Iron Hands|Quark Drive|[silent]\n|switch|p2a: Arcanine|Arcanine-Hisui, F|100\/100\n|-ability|p2a: Arcanine|Intimidate|boost\n|-unboost|p1a: Ursaluna|atk|1\n|-unboost|p1b: Rillaboom|atk|1\n|move|p2b: Gholdengo|Protect|p2b: Gholdengo\n|-singleturn|p2b: Gholdengo|Protect\n|move|p1b: Rillaboom|Fake Out|p2a: Arcanine\n|-resisted|p2a: Arcanine\n|-damage|p2a: Arcanine|96\/100\n|move|p1a: Ursaluna|High Horsepower|p2b: Gholdengo\n|-activate|p2b: Gholdengo|move: Protect\n|\n|-heal|p1b: Rillaboom|36\/100|[from] Grassy Terrain\n|-heal|p2a: Arcanine|100\/100|[from] Grassy Terrain\n|upkeep\n|turn|7\n|inactive|xqiht has 270 seconds left.\n|\n|t:|1697857697\n|-terastallize|p2b: Gholdengo|Dragon\n|move|p1b: Rillaboom|Wood Hammer|p2a: Arcanine\n|-damage|p2a: Arcanine|42\/100\n|-damage|p1b: Rillaboom|19\/100|[from] Recoil\n|move|p1a: Ursaluna|High Horsepower|p2b: Gholdengo\n|-damage|p2b: Gholdengo|72\/100\n|move|p2a: Arcanine|Flare Blitz|p1a: Ursaluna\n|-damage|p1a: Ursaluna|42\/100\n|-damage|p2a: Arcanine|16\/100|[from] Recoil\n|move|p2b: Gholdengo|Make It Rain|p1a: Ursaluna|[spread] p1a,p1b\n|-damage|p1a: Ursaluna|0 fnt\n|-damage|p1b: Rillaboom|0 fnt\n|-unboost|p2b: Gholdengo|spa|1\n|faint|p1a: Ursaluna\n|faint|p1b: Rillaboom\n|\n|-heal|p2a: Arcanine|22\/100|[from] Grassy Terrain\n|-heal|p2b: Gholdengo|78\/100|[from] Grassy Terrain\n|-heal|p2b: Gholdengo|84\/100|[from] item: Leftovers\n|-fieldend|move: Grassy Terrain\n|upkeep\n|\n|t:|1697857702\n|switch|p1a: Flutter Mane|Flutter Mane|100\/100\n|turn|8\n|c|\u2606eragon11145|gg\n|\n|t:|1697857707\n|move|p1a: Flutter Mane|Dazzling Gleam|p2a: Arcanine|[spread] p2a,p2b\n|-resisted|p2a: Arcanine\n|-supereffective|p2b: Gholdengo\n|-damage|p2a: Arcanine|0 fnt\n|-damage|p2b: Gholdengo|0 fnt\n|faint|p2a: Arcanine\n|faint|p2b: Gholdengo\n|\n|-sideend|p1: eragon11145|move: Tailwind\n|upkeep\n|\n|t:|1697857711\n|switch|p2a: Basculegion|Basculegion-F, F|100\/100\n|switch|p2b: Ogerpon|Ogerpon-Wellspring, F|100\/100\n|turn|9\n|c|\u2606xqiht|gg\n|-message|eragon11145 forfeited.\n|\n|win|xqiht\n","uploadtime":1697857718,"views":136,"p1id":"eragon11145","p2id":"xqiht","formatid":"gen9doublesou","rating":0,"private":0,"password":""}