{"id":"smogtours-gen9doublesou-728372","p1":"Yddeon","p2":"CaoJie","format":"[Gen 9] Doubles OU","log":"|inactive|Battle timer is ON: inactive players will automatically lose when time's up.\n|t:|1699044339\n|gametype|doubles\n|player|p1|Yddeon|169|\n|player|p2|CaoJie|acetrainerf-gen6|\n|teamsize|p1|6\n|teamsize|p2|6\n|gen|9\n|tier|[Gen 9] Doubles OU\n|rule|Species Clause: Limit one of each Pok\u00e9mon\n|rule|OHKO Clause: OHKO moves are banned\n|rule|Evasion Moves Clause: Evasion moves are banned\n|rule|Gravity Sleep Clause: The combination of sleep-inducing moves with imperfect accuracy and Gravity or Gigantamax Orbeetle are banned\n|rule|Endless Battle Clause: Forcing endless battles is banned\n|rule|HP Percentage Mod: HP is shown in percentages\n|clearpoke\n|poke|p1|Gholdengo|\n|poke|p1|Amoonguss, M|\n|poke|p1|Iron Hands|\n|poke|p1|Roaring Moon|\n|poke|p1|Landorus-Therian, M|\n|poke|p1|Flutter Mane|\n|poke|p2|Amoonguss, M|\n|poke|p2|Gholdengo|\n|poke|p2|Iron Hands|\n|poke|p2|Heatran, F|\n|poke|p2|Ogerpon-Wellspring, F|\n|poke|p2|Tornadus, M|\n|teampreview\n|inactive|Yddeon has 270 seconds left.\n|inactive|CaoJie has 270 seconds left.\n|c|\u2606CaoJie|hf\n|c|\u2606Yddeon|glhf\n|c|+Nephtyrix|Let's go iKiQ ! \n|inactive|CaoJie has 240 seconds left.\n|inactive|CaoJie has 210 seconds left.\n|c|+Nephtyrix|Go France, Go Louis Croix V\u00e9 Baton ! \n|inactive|CaoJie has 180 seconds left.\n|\n|t:|1699044464\n|start\n|switch|p1a: Landorus|Landorus-Therian, M|100\/100\n|switch|p1b: Iron Hands|Iron Hands|100\/100\n|switch|p2a: Iron Hands|Iron Hands|100\/100\n|switch|p2b: Tornadus|Tornadus, M|100\/100\n|-ability|p1a: Landorus|Intimidate|boost\n|-unboost|p2a: Iron Hands|atk|1\n|-unboost|p2b: Tornadus|atk|1\n|turn|1\n|inactive|CaoJie has 240 seconds left.\n|\n|t:|1699044489\n|move|p2a: Iron Hands|Fake Out|p1b: Iron Hands\n|-damage|p1b: Iron Hands|93\/100\n|move|p2b: Tornadus|Tailwind|p2b: Tornadus\n|-sidestart|p2: CaoJie|move: Tailwind\n|move|p1a: Landorus|U-turn|p2b: Tornadus\n|-resisted|p2b: Tornadus\n|-damage|p2b: Tornadus|86\/100\n|\n|t:|1699044498\n|switch|p1a: Gholdengo|Gholdengo|100\/100|[from] U-turn\n|cant|p1b: Iron Hands|flinch\n|\n|upkeep\n|turn|2\n|\n|t:|1699044522\n|switch|p2b: Amoonguss|Amoonguss, M|100\/100\n|move|p2a: Iron Hands|Volt Switch|p1a: Gholdengo\n|-damage|p1a: Gholdengo|89\/100\n|inactive|CaoJie has 240 seconds left.\n|\n|t:|1699044560\n|-end|p2a: Iron Hands|Quark Drive|[silent]\n|switch|p2a: Heatran|Heatran, F|100\/100|[from] Volt Switch\n|move|p1a: Gholdengo|Nasty Plot|p1a: Gholdengo\n|-boost|p1a: Gholdengo|spa|2\n|move|p1b: Iron Hands|Wild Charge|p2b: Amoonguss\n|-resisted|p2b: Amoonguss\n|-damage|p2b: Amoonguss|79\/100\n|-damage|p1b: Iron Hands|88\/100|[from] Recoil\n|\n|-heal|p1a: Gholdengo|95\/100|[from] item: Leftovers\n|upkeep\n|turn|3\n|inactive|CaoJie has 240 seconds left.\n|\n|t:|1699044592\n|move|p1a: Gholdengo|Protect|p1a: Gholdengo\n|-singleturn|p1a: Gholdengo|Protect\n|move|p2b: Amoonguss|Rage Powder|p2b: Amoonguss\n|-singleturn|p2b: Amoonguss|move: Rage Powder\n|move|p2a: Heatran|Heat Wave|p1a: Gholdengo|[spread] \n|-activate|p1a: Gholdengo|move: Protect\n|-miss|p2a: Heatran|p1b: Iron Hands\n|move|p1b: Iron Hands|Drain Punch|p2b: Amoonguss\n|-resisted|p2b: Amoonguss\n|-damage|p2b: Amoonguss|63\/100\n|-heal|p1b: Iron Hands|96\/100|[from] drain|[of] p2b: Amoonguss\n|\n|-heal|p1a: Gholdengo|100\/100|[from] item: Leftovers\n|upkeep\n|turn|4\n|inactive|CaoJie has 210 seconds left.\n|inactive|CaoJie has 180 seconds left.\n|inactive|CaoJie has 150 seconds left.\n|\n|t:|1699044704\n|switch|p2b: Iron Hands|Iron Hands|100\/100\n|-terastallize|p1a: Gholdengo|Water\n|move|p2a: Heatran|Will-O-Wisp|p1b: Iron Hands\n|-status|p1b: Iron Hands|brn\n|move|p1a: Gholdengo|Shadow Ball|p2b: Iron Hands\n|-damage|p2b: Iron Hands|64\/100\n|move|p1b: Iron Hands|Drain Punch|p2a: Heatran\n|-supereffective|p2a: Heatran\n|-damage|p2a: Heatran|63\/100\n|-heal|p1b: Iron Hands|100\/100 brn|[from] drain|[of] p2a: Heatran\n|\n|-damage|p1b: Iron Hands|94\/100 brn|[from] brn\n|-sideend|p2: CaoJie|move: Tailwind\n|upkeep\n|turn|5\n|inactive|CaoJie has 150 seconds left.\n|inactive|CaoJie has 120 seconds left.\n|\n|t:|1699044744\n|-end|p1b: Iron Hands|Quark Drive|[silent]\n|switch|p1b: Landorus|Landorus-Therian, M|100\/100\n|-ability|p1b: Landorus|Intimidate|boost\n|-unboost|p2a: Heatran|atk|1\n|-unboost|p2b: Iron Hands|atk|1\n|move|p1a: Gholdengo|Protect|p1a: Gholdengo\n|-singleturn|p1a: Gholdengo|Protect\n|move|p2b: Iron Hands|Fake Out|p1b: Landorus\n|-damage|p1b: Landorus|89\/100\n|move|p2a: Heatran|Earth Power|p1b: Landorus\n|-immune|p1b: Landorus\n|\n|upkeep\n|turn|6\n|inactive|CaoJie has 120 seconds left.\n|\n|t:|1699044766\n|switch|p2a: Amoonguss|Amoonguss, M|97\/100\n|move|p1b: Landorus|Stomping Tantrum|p2b: Iron Hands\n|-supereffective|p2b: Iron Hands\n|-damage|p2b: Iron Hands|6\/100\n|move|p1a: Gholdengo|Shadow Ball|p2b: Iron Hands\n|-damage|p2b: Iron Hands|0 fnt\n|faint|p2b: Iron Hands\n|-end|p2b: Iron Hands|Quark Drive|[silent]\n|\n|upkeep\n|inactive|CaoJie has 120 seconds left.\n|\n|t:|1699044774\n|switch|p2b: Ogerpon|Ogerpon-Wellspring, F|100\/100\n|turn|7\n|inactive|CaoJie has 120 seconds left.\n|inactive|CaoJie has 90 seconds left.\n|\n|t:|1699044834\n|switch|p1b: Iron Hands|Iron Hands|94\/100 brn\n|move|p1a: Gholdengo|Protect|p1a: Gholdengo\n|-singleturn|p1a: Gholdengo|Protect\n|move|p2a: Amoonguss|Rage Powder|p2a: Amoonguss\n|-singleturn|p2a: Amoonguss|move: Rage Powder\n|move|p2b: Ogerpon|Swords Dance|p2b: Ogerpon\n|-boost|p2b: Ogerpon|atk|2\n|\n|-damage|p1b: Iron Hands|88\/100 brn|[from] brn\n|upkeep\n|turn|8\n|inactive|CaoJie has 90 seconds left.\n|\n|t:|1699044860\n|move|p2b: Ogerpon|Spiky Shield|p2b: Ogerpon\n|-singleturn|p2b: Ogerpon|move: Protect\n|move|p1b: Iron Hands|Fake Out|p2b: Ogerpon\n|-activate|p2b: Ogerpon|move: Protect\n|-damage|p1b: Iron Hands|76\/100 brn|[from] Spiky Shield|[of] p2b: Ogerpon\n|move|p1a: Gholdengo|Shadow Ball|p2a: Amoonguss\n|-damage|p2a: Amoonguss|40\/100\n|-unboost|p2a: Amoonguss|spd|1\n|-enditem|p2a: Amoonguss|Sitrus Berry|[eat]\n|-heal|p2a: Amoonguss|65\/100|[from] item: Sitrus Berry\n|move|p2a: Amoonguss|Clear Smog|p1a: Gholdengo\n|-damage|p1a: Gholdengo|87\/100\n|-clearboost|p1a: Gholdengo\n|\n|-heal|p1a: Gholdengo|93\/100|[from] item: Leftovers\n|-damage|p1b: Iron Hands|69\/100 brn|[from] brn\n|upkeep\n|turn|9\n|inactive|CaoJie has 90 seconds left.\n|inactive|Yddeon has 270 seconds left.\n|inactive|Yddeon has 240 seconds left.\n|\n|t:|1699044942\n|switch|p1a: Landorus|Landorus-Therian, M|89\/100\n|-ability|p1a: Landorus|Intimidate|boost\n|-unboost|p2a: Amoonguss|atk|1\n|-unboost|p2b: Ogerpon|atk|1\n|-end|p1b: Iron Hands|Quark Drive|[silent]\n|switch|p1b: Roaring Moon|Roaring Moon|100\/100\n|-enditem|p1b: Roaring Moon|Booster Energy\n|-activate|p1b: Roaring Moon|ability: Protosynthesis|[fromitem]\n|-start|p1b: Roaring Moon|protosynthesisspe\n|switch|p2a: Heatran|Heatran, F|63\/100\n|move|p2b: Ogerpon|Ivy Cudgel|p1b: Roaring Moon\n|-resisted|p1b: Roaring Moon\n|-crit|p1b: Roaring Moon\n|-damage|p1b: Roaring Moon|35\/100\n|\n|upkeep\n|turn|10\n|inactive|Yddeon has 240 seconds left.\n|inactive|CaoJie has 90 seconds left.\n|inactive|CaoJie has 60 seconds left.\n|\n|t:|1699044994\n|switch|p2a: Tornadus|Tornadus, M|86\/100\n|move|p2b: Ogerpon|Spiky Shield|p2b: Ogerpon\n|-singleturn|p2b: Ogerpon|move: Protect\n|move|p1b: Roaring Moon|Breaking Swipe|p2a: Tornadus|[spread] p2a\n|-activate|p2b: Ogerpon|move: Protect\n|-damage|p1b: Roaring Moon|23\/100|[from] Spiky Shield|[of] p2b: Ogerpon\n|-damage|p2a: Tornadus|66\/100\n|-unboost|p2a: Tornadus|atk|1\n|move|p1a: Landorus|U-turn|p2b: Ogerpon\n|-activate|p2b: Ogerpon|move: Protect\n|-damage|p1a: Landorus|77\/100|[from] Spiky Shield|[of] p2b: Ogerpon\n|\n|upkeep\n|turn|11\n|inactive|CaoJie has 60 seconds left.\n|inactive|Yddeon has 240 seconds left.\n|inactive|CaoJie has 30 seconds left.\n|\n|t:|1699045045\n|switch|p1a: Iron Hands|Iron Hands|69\/100 brn\n|move|p2a: Tornadus|Tailwind|p2a: Tornadus\n|-sidestart|p2: CaoJie|move: Tailwind\n|move|p2b: Ogerpon|Ivy Cudgel|p1b: Roaring Moon\n|-resisted|p1b: Roaring Moon\n|-damage|p1b: Roaring Moon|0 fnt\n|faint|p1b: Roaring Moon\n|-end|p1b: Roaring Moon|Protosynthesis|[silent]\n|\n|-damage|p1a: Iron Hands|63\/100 brn|[from] brn\n|upkeep\n|inactive|CaoJie has 30 seconds left this turn.\n|\n|t:|1699045057\n|switch|p1b: Landorus|Landorus-Therian, M|77\/100\n|-ability|p1b: Landorus|Intimidate|boost\n|-unboost|p2a: Tornadus|atk|1\n|-unboost|p2b: Ogerpon|atk|1\n|turn|12\n|inactive|Yddeon has 240 seconds left.\n|\n|t:|1699045069\n|switch|p2a: Amoonguss|Amoonguss, M|99\/100\n|switch|p1b: Amoonguss|Amoonguss, M|100\/100\n|move|p2b: Ogerpon|Spiky Shield|p2b: Ogerpon\n|-singleturn|p2b: Ogerpon|move: Protect\n|move|p1a: Iron Hands|Wild Charge|p2a: Amoonguss\n|-resisted|p2a: Amoonguss\n|-damage|p2a: Amoonguss|89\/100\n|-damage|p1a: Iron Hands|61\/100 brn|[from] Recoil\n|\n|-damage|p1a: Iron Hands|55\/100 brn|[from] brn\n|upkeep\n|turn|13\n|inactive|CaoJie has 60 seconds left.\n|inactive|Yddeon has 240 seconds left.\n|\n|t:|1699045091\n|move|p2a: Amoonguss|Rage Powder|p2a: Amoonguss\n|-singleturn|p2a: Amoonguss|move: Rage Powder\n|move|p2b: Ogerpon|Ivy Cudgel|p1a: Iron Hands\n|-damage|p1a: Iron Hands|16\/100 brn\n|move|p1a: Iron Hands|Drain Punch|p2a: Amoonguss\n|-resisted|p2a: Amoonguss\n|-damage|p2a: Amoonguss|81\/100\n|-heal|p1a: Iron Hands|20\/100 brn|[from] drain|[of] p2a: Amoonguss\n|move|p1b: Amoonguss|Pollen Puff|p2b: Ogerpon\n|-supereffective|p2b: Ogerpon\n|-damage|p2b: Ogerpon|64\/100\n|\n|-damage|p1a: Iron Hands|14\/100 brn|[from] brn\n|upkeep\n|turn|14\n|inactive|CaoJie has 60 seconds left.\n|inactive|Yddeon has 240 seconds left.\n|\n|t:|1699045128\n|move|p2b: Ogerpon|Ivy Cudgel|p1a: Iron Hands\n|-crit|p1a: Iron Hands\n|-damage|p1a: Iron Hands|0 fnt\n|faint|p1a: Iron Hands\n|-end|p1a: Iron Hands|Quark Drive|[silent]\n|move|p2a: Amoonguss|Pollen Puff|p2b: Ogerpon\n|-heal|p2b: Ogerpon|100\/100\n|move|p1b: Amoonguss|Pollen Puff|p2b: Ogerpon\n|-supereffective|p2b: Ogerpon\n|-damage|p2b: Ogerpon|61\/100\n|\n|-sideend|p2: CaoJie|move: Tailwind\n|upkeep\n|\n|t:|1699045140\n|switch|p1a: Landorus|Landorus-Therian, M|77\/100\n|-ability|p1a: Landorus|Intimidate|boost\n|-unboost|p2a: Amoonguss|atk|1\n|-unboost|p2b: Ogerpon|atk|1\n|turn|15\n|inactive|Yddeon has 240 seconds left.\n|inactive|CaoJie has 60 seconds left.\n|\n|t:|1699045181\n|move|p2b: Ogerpon|Spiky Shield|p2b: Ogerpon\n|-singleturn|p2b: Ogerpon|move: Protect\n|move|p1a: Landorus|U-turn|p2a: Amoonguss\n|-damage|p2a: Amoonguss|57\/100\n|\n|t:|1699045186\n|switch|p1a: Gholdengo|Gholdengo, tera:Water|93\/100|[from] U-turn\n|move|p2a: Amoonguss|Spore|p1a: Gholdengo\n|-immune|p1a: Gholdengo|[from] ability: Good as Gold\n|move|p1b: Amoonguss|Spore|p2a: Amoonguss\n|-immune|p2a: Amoonguss\n|\n|-heal|p1a: Gholdengo|99\/100|[from] item: Leftovers\n|upkeep\n|turn|16\n|inactive|Yddeon has 240 seconds left.\n|inactive|CaoJie has 60 seconds left.\n|inactive|Yddeon has 210 seconds left.\n|inactive|CaoJie has 30 seconds left.\n|inactive|CaoJie has 20 seconds left.\n|inactive|CaoJie has 15 seconds left.\n|inactive|CaoJie has 10 seconds left.\n|\n|t:|1699045262\n|switch|p2b: Tornadus|Tornadus, M|66\/100\n|switch|p1a: Landorus|Landorus-Therian, M|77\/100\n|-ability|p1a: Landorus|Intimidate|boost\n|-unboost|p2a: Amoonguss|atk|1\n|-unboost|p2b: Tornadus|atk|1\n|move|p2a: Amoonguss|Rage Powder|p2a: Amoonguss\n|-singleturn|p2a: Amoonguss|move: Rage Powder\n|move|p1b: Amoonguss|Pollen Puff|p2b: Tornadus\n|-resisted|p2b: Tornadus\n|-damage|p2b: Tornadus|55\/100\n|\n|upkeep\n|turn|17\n|inactive|CaoJie has 30 seconds left.\n|inactive|CaoJie has 20 seconds left.\n|inactive|CaoJie has 15 seconds left.\n|\n|t:|1699045286\n|switch|p1a: Gholdengo|Gholdengo, tera:Water|99\/100\n|move|p2a: Amoonguss|Rage Powder|p2a: Amoonguss\n|-singleturn|p2a: Amoonguss|move: Rage Powder\n|move|p2b: Tornadus|Taunt|p1b: Amoonguss\n|-start|p1b: Amoonguss|move: Taunt\n|cant|p1b: Amoonguss|move: Taunt|Spore\n|\n|-heal|p1a: Gholdengo|100\/100|[from] item: Leftovers\n|upkeep\n|turn|18\n|inactive|Yddeon has 210 seconds left.\n|inactive|CaoJie has 30 seconds left.\n|\n|t:|1699045315\n|switch|p1b: Flutter Mane|Flutter Mane|100\/100\n|move|p2b: Tornadus|Tailwind|p2b: Tornadus\n|-sidestart|p2: CaoJie|move: Tailwind\n|move|p1a: Gholdengo|Nasty Plot|p1a: Gholdengo\n|-boost|p1a: Gholdengo|spa|2\n|move|p2a: Amoonguss|Pollen Puff|p2b: Tornadus\n|-heal|p2b: Tornadus|100\/100\n|\n|upkeep\n|turn|19\n|inactive|Yddeon has 210 seconds left.\n|inactive|Yddeon has 180 seconds left.\n|\n|t:|1699045368\n|move|p2b: Tornadus|Bleakwind Storm|p1a: Gholdengo|[spread] p1a,p1b\n|-damage|p1a: Gholdengo|66\/100\n|-damage|p1b: Flutter Mane|68\/100\n|-unboost|p1a: Gholdengo|spe|1\n|move|p1b: Flutter Mane|Dazzling Gleam|p2a: Amoonguss|[spread] p2a,p2b\n|-resisted|p2a: Amoonguss\n|-damage|p2a: Amoonguss|40\/100\n|-damage|p2b: Tornadus|55\/100\n|move|p2a: Amoonguss|Spore|p1b: Flutter Mane\n|-status|p1b: Flutter Mane|slp|[from] move: Spore\n|move|p1a: Gholdengo|Make It Rain|p2a: Amoonguss|[spread] p2a,p2b\n|-damage|p2a: Amoonguss|0 fnt\n|-damage|p2b: Tornadus|0 fnt\n|-unboost|p1a: Gholdengo|spa|1\n|faint|p2a: Amoonguss\n|faint|p2b: Tornadus\n|\n|-heal|p1a: Gholdengo|72\/100|[from] item: Leftovers\n|upkeep\n|inactive|CaoJie has 30 seconds left.\n|\n|t:|1699045385\n|switch|p2b: Gholdengo|Gholdengo, shiny|100\/100\n|switch|p2a: Ogerpon|Ogerpon-Wellspring, F|61\/100\n|turn|20\n|\n|t:|1699045398\n|-end|p1b: Flutter Mane|Protosynthesis|[silent]\n|switch|p1b: Amoonguss|Amoonguss, M|100\/100\n|move|p2b: Gholdengo|Protect|p2b: Gholdengo\n|-singleturn|p2b: Gholdengo|Protect\n|move|p1a: Gholdengo|Protect|p1a: Gholdengo\n|-singleturn|p1a: Gholdengo|Protect\n|move|p2a: Ogerpon|Swords Dance|p2a: Ogerpon\n|-boost|p2a: Ogerpon|atk|2\n|\n|-heal|p1a: Gholdengo|78\/100|[from] item: Leftovers\n|upkeep\n|turn|21\n|\n|t:|1699045419\n|switch|p1a: Flutter Mane|Flutter Mane|68\/100 slp\n|move|p2a: Ogerpon|Horn Leech|p1a: Flutter Mane\n|-damage|p1a: Flutter Mane|0 fnt\n|-heal|p2a: Ogerpon|86\/100|[from] drain|[of] p1a: Flutter Mane\n|faint|p1a: Flutter Mane\n|-end|p1a: Flutter Mane|Protosynthesis|[silent]\n|move|p2b: Gholdengo|Nasty Plot|p2b: Gholdengo\n|-boost|p2b: Gholdengo|spa|2\n|move|p1b: Amoonguss|Pollen Puff|p2a: Ogerpon\n|-supereffective|p2a: Ogerpon\n|-damage|p2a: Ogerpon|48\/100\n|\n|-sideend|p2: CaoJie|move: Tailwind\n|upkeep\n|inactive|Yddeon has 180 seconds left.\n|\n|t:|1699045446\n|switch|p1a: Landorus|Landorus-Therian, M|77\/100\n|-ability|p1a: Landorus|Intimidate|boost\n|-unboost|p2a: Ogerpon|atk|1\n|-unboost|p2b: Gholdengo|atk|1\n|turn|22\n|inactive|CaoJie has 90 seconds left.\n|inactive|Yddeon has 180 seconds left.\n|\n|t:|1699045466\n|switch|p1a: Gholdengo|Gholdengo, tera:Water|78\/100\n|-terastallize|p2b: Gholdengo|Dragon\n|move|p2a: Ogerpon|Spiky Shield|p2a: Ogerpon\n|-singleturn|p2a: Ogerpon|move: Protect\n|move|p2b: Gholdengo|Make It Rain|p1b: Amoonguss|[spread] p1a,p1b\n|-resisted|p1a: Gholdengo\n|-crit|p1a: Gholdengo\n|-damage|p1a: Gholdengo|11\/100\n|-damage|p1b: Amoonguss|24\/100\n|-unboost|p2b: Gholdengo|spa|1\n|-enditem|p1b: Amoonguss|Sitrus Berry|[eat]\n|-heal|p1b: Amoonguss|49\/100|[from] item: Sitrus Berry\n|move|p1b: Amoonguss|Pollen Puff|p1a: Gholdengo\n|-heal|p1a: Gholdengo|61\/100\n|\n|-heal|p1a: Gholdengo|68\/100|[from] item: Leftovers\n|upkeep\n|turn|23\n|inactive|Yddeon has 180 seconds left.\n|inactive|CaoJie has 90 seconds left.\n|\n|t:|1699045493\n|switch|p1b: Landorus|Landorus-Therian, M|77\/100\n|-ability|p1b: Landorus|Intimidate|boost\n|-unboost|p2a: Ogerpon|atk|1\n|-unboost|p2b: Gholdengo|atk|1\n|move|p1a: Gholdengo|Protect|p1a: Gholdengo\n|-singleturn|p1a: Gholdengo|Protect\n|move|p2a: Ogerpon|Ivy Cudgel|p1b: Landorus\n|-supereffective|p1b: Landorus\n|-damage|p1b: Landorus|0 fnt\n|faint|p1b: Landorus\n|move|p2b: Gholdengo|Shadow Ball|p1a: Gholdengo\n|-activate|p1a: Gholdengo|move: Protect\n|\n|-heal|p1a: Gholdengo|74\/100|[from] item: Leftovers\n|upkeep\n|inactive|Yddeon has 180 seconds left.\n|\n|t:|1699045502\n|switch|p1b: Amoonguss|Amoonguss, M|82\/100\n|turn|24\n|inactive|Yddeon has 180 seconds left.\n|\n|t:|1699045544\n|move|p1a: Gholdengo|Protect|p1a: Gholdengo\n|-singleturn|p1a: Gholdengo|Protect\n|move|p2a: Ogerpon|Horn Leech|p1a: Gholdengo\n|-activate|p1a: Gholdengo|move: Protect\n|move|p2b: Gholdengo|Shadow Ball|p1a: Gholdengo\n|-activate|p1a: Gholdengo|move: Protect\n|move|p1b: Amoonguss|Pollen Puff|p2a: Ogerpon\n|-supereffective|p2a: Ogerpon\n|-damage|p2a: Ogerpon|14\/100\n|\n|-heal|p1a: Gholdengo|80\/100|[from] item: Leftovers\n|upkeep\n|turn|25\n|inactive|Yddeon has 180 seconds left.\n|inactive|Yddeon has 150 seconds left.\n|\n|t:|1699045586\n|move|p1b: Amoonguss|Rage Powder|p1b: Amoonguss\n|-singleturn|p1b: Amoonguss|move: Rage Powder\n|move|p2a: Ogerpon|Horn Leech|p1a: Gholdengo\n|-supereffective|p1a: Gholdengo\n|-damage|p1a: Gholdengo|13\/100\n|-heal|p2a: Ogerpon|49\/100|[from] drain|[of] p1a: Gholdengo\n|move|p1a: Gholdengo|Shadow Ball|p2a: Ogerpon\n|-damage|p2a: Ogerpon|13\/100\n|move|p2b: Gholdengo|Shadow Ball|p1b: Amoonguss\n|-damage|p1b: Amoonguss|35\/100\n|\n|-heal|p1a: Gholdengo|19\/100|[from] item: Leftovers\n|upkeep\n|turn|26\n|inactive|CaoJie has 150 seconds left.\n|\n|t:|1699045610\n|move|p2a: Ogerpon|Horn Leech|p1a: Gholdengo\n|-supereffective|p1a: Gholdengo\n|-damage|p1a: Gholdengo|0 fnt\n|-heal|p2a: Ogerpon|22\/100|[from] drain|[of] p1a: Gholdengo\n|faint|p1a: Gholdengo\n|move|p2b: Gholdengo|Shadow Ball|p1b: Amoonguss\n|-damage|p1b: Amoonguss|0 fnt\n|faint|p1b: Amoonguss\n|\n|win|CaoJie\n|c|\u2606CaoJie|gg\n","uploadtime":1699045611,"views":144,"p1id":"yddeon","p2id":"caojie","formatid":"gen9doublesou","rating":0,"private":0,"password":""}