{"id":"smogtours-gen9doublesou-728460","p1":"xqiht","p2":"Losconosciuto","format":"[Gen 9] Doubles OU","log":"|inactive|Battle timer is ON: inactive players will automatically lose when time's up.\n|t:|1699092124\n|gametype|doubles\n|player|p1|xqiht|#scl3shoguns|\n|player|p2|Losconosciuto|#losconosciuto|\n|teamsize|p1|6\n|teamsize|p2|6\n|gen|9\n|tier|[Gen 9] Doubles OU\n|rule|Species Clause: Limit one of each Pok\u00e9mon\n|rule|OHKO Clause: OHKO moves are banned\n|rule|Evasion Moves Clause: Evasion moves are banned\n|rule|Gravity Sleep Clause: The combination of sleep-inducing moves with imperfect accuracy and Gravity or Gigantamax Orbeetle are banned\n|rule|Endless Battle Clause: Forcing endless battles is banned\n|rule|HP Percentage Mod: HP is shown in percentages\n|clearpoke\n|poke|p1|Rillaboom, F|\n|poke|p1|Ogerpon-Hearthflame, F|\n|poke|p1|Kingambit, F|\n|poke|p1|Flutter Mane|\n|poke|p1|Maushold|\n|poke|p1|Diancie|\n|poke|p2|Roaring Moon|\n|poke|p2|Weezing, F|\n|poke|p2|Heatran, F|\n|poke|p2|Rillaboom, M|\n|poke|p2|Flutter Mane|\n|poke|p2|Great Tusk|\n|teampreview\n|inactive|Losconosciuto also wants the timer to be on.\n|c|\u2606Losconosciuto|hf\n|c|\u2606xqiht|hf\n|inactive|xqiht has 270 seconds left.\n|inactive|Losconosciuto has 270 seconds left.\n|inactive|Losconosciuto has 240 seconds left.\n|inactive|Losconosciuto has 210 seconds left.\n|\n|t:|1699092223\n|start\n|switch|p1a: Maushold|Maushold|100\/100\n|switch|p1b: Diancie|Diancie|100\/100\n|switch|p2a: Roaring Moon|Roaring Moon|100\/100\n|switch|p2b: Weezing|Weezing, F|100\/100\n|-ability|p2b: Weezing|Neutralizing Gas\n|-enditem|p2a: Roaring Moon|Booster Energy\n|-activate|p2a: Roaring Moon|ability: Protosynthesis|[fromitem]\n|-start|p2a: Roaring Moon|protosynthesisspe\n|turn|1\n|inactive|Losconosciuto has 270 seconds left.\n|\n|t:|1699092264\n|move|p1a: Maushold|Follow Me|p1a: Maushold\n|-singleturn|p1a: Maushold|move: Follow Me\n|move|p2a: Roaring Moon|Knock Off|p1a: Maushold\n|-damage|p1a: Maushold|31\/100\n|-enditem|p1a: Maushold|Safety Goggles|[from] move: Knock Off|[of] p2a: Roaring Moon\n|move|p2b: Weezing|Will-O-Wisp|p1a: Maushold\n|-status|p1a: Maushold|brn\n|move|p1b: Diancie|Trick Room|p1b: Diancie\n|-fieldstart|move: Trick Room|[of] p1b: Diancie\n|\n|-damage|p1a: Maushold|25\/100 brn|[from] brn\n|upkeep\n|turn|2\n|inactive|Losconosciuto has 270 seconds left.\n|inactive|Losconosciuto has 240 seconds left.\n|\n|t:|1699092308\n|-end|p2a: Roaring Moon|Protosynthesis|[silent]\n|switch|p2a: Rillaboom|Rillaboom, M|100\/100\n|move|p2b: Weezing|Protect|p2b: Weezing\n|-singleturn|p2b: Weezing|Protect\n|move|p1a: Maushold|Follow Me|p1a: Maushold\n|-singleturn|p1a: Maushold|move: Follow Me\n|move|p1b: Diancie|Diamond Storm|p2b: Weezing|[spread] p2a\n|-activate|p2b: Weezing|move: Protect\n|-damage|p2a: Rillaboom|74\/100\n|\n|-damage|p1a: Maushold|19\/100 brn|[from] brn\n|upkeep\n|turn|3\n|\n|t:|1699092327\n|move|p1b: Diancie|Protect|p1b: Diancie\n|-singleturn|p1b: Diancie|Protect\n|move|p2a: Rillaboom|Fake Out|p1a: Maushold\n|-damage|p1a: Maushold|0 fnt\n|faint|p1a: Maushold\n|move|p2b: Weezing|Will-O-Wisp|p1b: Diancie\n|-activate|p1b: Diancie|move: Protect\n|\n|upkeep\n|inactive|xqiht has 270 seconds left.\n|inactive|xqiht has 240 seconds left.\n|\n|t:|1699092382\n|switch|p1a: Rillaboom|Rillaboom, F|100\/100\n|turn|4\n|inactive|Losconosciuto has 270 seconds left.\n|\n|t:|1699092402\n|-terastallize|p1b: Diancie|Grass\n|move|p2b: Weezing|Protect|p2b: Weezing\n|-singleturn|p2b: Weezing|Protect\n|move|p1a: Rillaboom|Fake Out|p2b: Weezing\n|-activate|p2b: Weezing|move: Protect\n|move|p1b: Diancie|Diamond Storm|p2a: Rillaboom|[spread] p2a\n|-activate|p2b: Weezing|move: Protect\n|-damage|p2a: Rillaboom|45\/100\n|-enditem|p2a: Rillaboom|Sitrus Berry|[eat]\n|-heal|p2a: Rillaboom|70\/100|[from] item: Sitrus Berry\n|move|p2a: Rillaboom|U-turn|p1a: Rillaboom\n|-supereffective|p1a: Rillaboom\n|-damage|p1a: Rillaboom|57\/100\n|inactive|Losconosciuto has 240 seconds left.\n|\n|t:|1699092423\n|switch|p2a: Roaring Moon|Roaring Moon|100\/100|[from] U-turn\n|\n|upkeep\n|turn|5\n|\n|t:|1699092436\n|switch|p1a: Kingambit|Kingambit, F|100\/100\n|move|p2a: Roaring Moon|Protect|p2a: Roaring Moon\n|-singleturn|p2a: Roaring Moon|Protect\n|move|p1b: Diancie|Diamond Storm|p2b: Weezing|[spread] p2b\n|-activate|p2a: Roaring Moon|move: Protect\n|-damage|p2b: Weezing|74\/100\n|move|p2b: Weezing|Will-O-Wisp|p1b: Diancie\n|-status|p1b: Diancie|brn\n|\n|-damage|p1b: Diancie|94\/100 brn|[from] brn\n|-fieldend|move: Trick Room\n|upkeep\n|turn|6\n|inactive|Losconosciuto has 270 seconds left.\n|\n|t:|1699092471\n|-end|p2a: Roaring Moon|Protosynthesis|[silent]\n|switch|p2a: Heatran|Heatran, F|100\/100\n|move|p1a: Kingambit|Protect|p1a: Kingambit\n|-singleturn|p1a: Kingambit|Protect\n|move|p2b: Weezing|Taunt|p1b: Diancie\n|-start|p1b: Diancie|move: Taunt\n|cant|p1b: Diancie|move: Taunt|Trick Room\n|\n|-damage|p1b: Diancie|88\/100 brn|[from] brn\n|upkeep\n|turn|7\n|inactive|Losconosciuto has 240 seconds left.\n|\n|t:|1699092515\n|switch|p1a: Ogerpon|Ogerpon-Hearthflame, F|100\/100\n|move|p2a: Heatran|Heat Wave|p1a: Ogerpon|[spread] p1a,p1b\n|-supereffective|p1b: Diancie\n|-damage|p1a: Ogerpon|36\/100\n|-damage|p1b: Diancie|0 fnt\n|faint|p1b: Diancie\n|move|p2b: Weezing|Gunk Shot|p1a: Ogerpon\n|-supereffective|p1a: Ogerpon\n|-damage|p1a: Ogerpon|0 fnt\n|faint|p1a: Ogerpon\n|\n|upkeep\n|\n|t:|1699092531\n|switch|p1a: Flutter Mane|Flutter Mane|100\/100\n|switch|p1b: Rillaboom|Rillaboom, F|57\/100\n|turn|8\n|inactive|Losconosciuto has 240 seconds left.\n|\n|t:|1699092581\n|switch|p2a: Roaring Moon|Roaring Moon|100\/100\n|move|p2b: Weezing|Protect|p2b: Weezing\n|-singleturn|p2b: Weezing|Protect\n|move|p1b: Rillaboom|Fake Out|p2a: Roaring Moon\n|-damage|p2a: Roaring Moon|83\/100\n|move|p1a: Flutter Mane|Shadow Ball|p2a: Roaring Moon\n|-resisted|p2a: Roaring Moon\n|-damage|p2a: Roaring Moon|53\/100\n|\n|upkeep\n|turn|9\n|inactive|Losconosciuto has 210 seconds left.\n|inactive|xqiht has 270 seconds left.\n|\n|t:|1699092621\n|move|p2a: Roaring Moon|Tailwind|p2a: Roaring Moon\n|-sidestart|p2: Losconosciuto|move: Tailwind\n|move|p1a: Flutter Mane|Shadow Ball|p2b: Weezing\n|-damage|p2b: Weezing|11\/100\n|-enditem|p2b: Weezing|Sitrus Berry|[eat]\n|-heal|p2b: Weezing|36\/100|[from] item: Sitrus Berry\n|move|p2b: Weezing|Will-O-Wisp|p1b: Rillaboom\n|-status|p1b: Rillaboom|brn\n|move|p1b: Rillaboom|U-turn|p2a: Roaring Moon\n|-supereffective|p2a: Roaring Moon\n|-damage|p2a: Roaring Moon|26\/100\n|inactive|xqiht has 270 seconds left.\n|\n|t:|1699092631\n|switch|p1b: Kingambit|Kingambit, F|100\/100|[from] U-turn\n|\n|upkeep\n|turn|10\n|inactive|xqiht has 270 seconds left.\n|inactive|Losconosciuto has 210 seconds left.\n|inactive|xqiht disconnected and has 300 seconds to reconnect!\n|player|p1|\n|inactive|xqiht reconnected and has 270 seconds left.\n|player|p1|xqiht|#scl3shoguns\n|\n|t:|1699092704\n|move|p2a: Roaring Moon|Knock Off|p1a: Flutter Mane\n|-damage|p1a: Flutter Mane|24\/100\n|-enditem|p1a: Flutter Mane|Choice Specs|[from] move: Knock Off|[of] p2a: Roaring Moon\n|move|p2b: Weezing|Will-O-Wisp|p1b: Kingambit\n|-status|p1b: Kingambit|brn\n|move|p1a: Flutter Mane|Shadow Ball|p2a: Roaring Moon\n|-resisted|p2a: Roaring Moon\n|-damage|p2a: Roaring Moon|8\/100\n|move|p1b: Kingambit|Swords Dance|p1b: Kingambit\n|-boost|p1b: Kingambit|atk|2\n|\n|-damage|p1b: Kingambit|94\/100 brn|[from] brn\n|upkeep\n|turn|11\n|inactive|Losconosciuto has 210 seconds left.\n|\n|t:|1699092738\n|move|p1b: Kingambit|Sucker Punch|p2a: Roaring Moon\n|-resisted|p2a: Roaring Moon\n|-damage|p2a: Roaring Moon|0 fnt\n|faint|p2a: Roaring Moon\n|-end|p2a: Roaring Moon|Protosynthesis|[silent]\n|move|p2b: Weezing|Taunt|p1b: Kingambit\n|-start|p1b: Kingambit|move: Taunt\n|move|p1a: Flutter Mane|Shadow Ball|p2b: Weezing\n|-damage|p2b: Weezing|0 fnt\n|faint|p2b: Weezing\n|-end|p2b: Weezing|ability: Neutralizing Gas\n|\n|-heal|p1b: Kingambit|100\/100 brn|[from] item: Leftovers\n|-damage|p1b: Kingambit|94\/100 brn|[from] brn\n|upkeep\n|inactive|Losconosciuto has 210 seconds left.\n|\n|t:|1699092755\n|switch|p2a: Great Tusk|Great Tusk|100\/100\n|switch|p2b: Flutter Mane|Flutter Mane|100\/100\n|turn|12\n|\n|t:|1699092766\n|-end|p1a: Flutter Mane|Protosynthesis|[silent]\n|switch|p1a: Rillaboom|Rillaboom, F|57\/100 brn\n|-fieldstart|move: Grassy Terrain|[from] ability: Grassy Surge|[of] p1a: Rillaboom\n|-terastallize|p2b: Flutter Mane|Fairy\n|move|p1b: Kingambit|Sucker Punch|p2b: Flutter Mane\n|-resisted|p2b: Flutter Mane\n|-damage|p2b: Flutter Mane|74\/100\n|move|p2a: Great Tusk|Close Combat|p1b: Kingambit\n|-supereffective|p1b: Kingambit\n|-damage|p1b: Kingambit|0 fnt\n|-unboost|p2a: Great Tusk|def|1\n|-unboost|p2a: Great Tusk|spd|1\n|faint|p1b: Kingambit\n|move|p2b: Flutter Mane|Dazzling Gleam|p1a: Rillaboom\n|-damage|p1a: Rillaboom|13\/100 brn\n|\n|-heal|p2b: Flutter Mane|80\/100|[from] Grassy Terrain\n|-heal|p1a: Rillaboom|20\/100 brn|[from] Grassy Terrain\n|-damage|p1a: Rillaboom|13\/100 brn|[from] brn\n|-sideend|p2: Losconosciuto|move: Tailwind\n|upkeep\n|\n|t:|1699092776\n|switch|p1b: Flutter Mane|Flutter Mane|24\/100\n|turn|13\n|inactive|Losconosciuto has 240 seconds left.\n|\n|t:|1699092789\n|-end|p2a: Great Tusk|Protosynthesis|[silent]\n|switch|p2a: Rillaboom|Rillaboom, M|70\/100\n|move|p1a: Rillaboom|Fake Out|p2b: Flutter Mane\n|-damage|p2b: Flutter Mane|71\/100\n|cant|p2b: Flutter Mane|flinch\n|move|p1b: Flutter Mane|Dazzling Gleam|p2b: Flutter Mane|[spread] p2a,p2b\n|-crit|p2b: Flutter Mane\n|-damage|p2a: Rillaboom|38\/100\n|-damage|p2b: Flutter Mane|36\/100\n|\n|-heal|p2b: Flutter Mane|42\/100|[from] Grassy Terrain\n|-heal|p1b: Flutter Mane|30\/100|[from] Grassy Terrain\n|-heal|p2a: Rillaboom|44\/100|[from] Grassy Terrain\n|-heal|p1a: Rillaboom|20\/100 brn|[from] Grassy Terrain\n|-damage|p1a: Rillaboom|13\/100 brn|[from] brn\n|upkeep\n|turn|14\n|c|\u2606xqiht|gg\n|c|\u2606Losconosciuto|gg\n|\n|t:|1699092802\n|move|p2a: Rillaboom|Grassy Glide|p1b: Flutter Mane\n|-damage|p1b: Flutter Mane|0 fnt\n|faint|p1b: Flutter Mane\n|-end|p1b: Flutter Mane|Protosynthesis|[silent]\n|move|p1a: Rillaboom|Grassy Glide|p2b: Flutter Mane\n|-damage|p2b: Flutter Mane|16\/100\n|move|p2b: Flutter Mane|Dazzling Gleam|p1a: Rillaboom\n|-damage|p1a: Rillaboom|0 fnt\n|faint|p1a: Rillaboom\n|\n|win|Losconosciuto\n","uploadtime":1699092803,"views":86,"p1id":"xqiht","p2id":"losconosciuto","formatid":"gen9doublesou","rating":0,"private":0,"password":""}