{"id":"smogtours-gen9doublesou-732148","p1":"skimmythegod","p2":"ina fable","format":"[Gen 9] Doubles OU","log":"|inactive|Battle timer is ON: inactive players will automatically lose when time's up.\n|t:|1700838210\n|gametype|doubles\n|player|p1|skimmythegod|#uplximelmetal|\n|player|p2|ina fable|#roaladder|\n|teamsize|p1|6\n|teamsize|p2|6\n|gen|9\n|tier|[Gen 9] Doubles OU\n|rule|Species Clause: Limit one of each Pok\u00e9mon\n|rule|OHKO Clause: OHKO moves are banned\n|rule|Evasion Moves Clause: Evasion moves are banned\n|rule|Gravity Sleep Clause: The combination of sleep-inducing moves with imperfect accuracy and Gravity or Gigantamax Orbeetle are banned\n|rule|Endless Battle Clause: Forcing endless battles is banned\n|rule|HP Percentage Mod: HP is shown in percentages\n|clearpoke\n|poke|p1|Regidrago|\n|poke|p1|Gholdengo|\n|poke|p1|Tornadus, M|\n|poke|p1|Rillaboom, F|\n|poke|p1|Landorus-Therian, M|\n|poke|p1|Volcanion|\n|poke|p2|Kommo-o, M|\n|poke|p2|Ogerpon-Cornerstone, F|\n|poke|p2|Cresselia, F|\n|poke|p2|Heatran, F|\n|poke|p2|Iron Hands|\n|poke|p2|Landorus-Therian, M|\n|teampreview\n|inactive|skimmythegod also wants the timer to be on.\n|c|\u2606skimmythegod|hf\n|inactive|skimmythegod has 270 seconds left.\n|inactive|ina fable has 270 seconds left.\n|c|+Nowelle|thought this was for OUPL lol\n|inactive|skimmythegod has 240 seconds left.\n|inactive|ina fable has 240 seconds left.\n|c|+Nowelle|you got me worried ina xD\n|c|\u2606ina fable|Oh lol\n|c|\u2606ina fable|managers dont olay for oupl\n|c|\u2606ina fable|LOL\n|c|+Nowelle|yeah i'm dumb x_x\n|c|+Nischal|go skimmy\n|inactive|skimmythegod has 210 seconds left.\n|inactive|ina fable has 210 seconds left.\n|c|+MAVERICK SHOOTERS|doubles isnt even in oupl\n|c|\u2606ina fable|lol\n|c|+SEROO|Says who\n|inactive|ina fable has 180 seconds left.\n|\n|t:|1700838341\n|start\n|switch|p1a: L.E.D.|Gholdengo|100\/100\n|switch|p1b: Overconfidence|Volcanion|100\/100\n|switch|p2a: Iron Hands|Iron Hands|100\/100\n|switch|p2b: Landorus|Landorus-Therian, M|100\/100\n|-ability|p2b: Landorus|Intimidate|boost\n|-unboost|p1a: L.E.D.|atk|1\n|-unboost|p1b: Overconfidence|atk|1\n|turn|1\n|c|+Nowelle|mav i didn't even looked the tier lol, just saw ina playing lmao\n|inactive|skimmythegod has 270 seconds left.\n|inactive|ina fable has 240 seconds left.\n|c|+Nowelle|lgi tho\n|inactive|skimmythegod has 240 seconds left.\n|inactive|ina fable has 210 seconds left.\n|\n|t:|1700838409\n|move|p1b: Overconfidence|Protect|p1b: Overconfidence\n|-singleturn|p1b: Overconfidence|Protect\n|move|p2b: Landorus|U-turn|p1a: L.E.D.\n|-resisted|p1a: L.E.D.\n|-damage|p1a: L.E.D.|94\/100\n|inactive|ina fable has 180 seconds left.\n|\n|t:|1700838450\n|switch|p2b: Italiano|Heatran, F|100\/100|[from] U-turn\n|move|p1a: L.E.D.|Make It Rain|p2b: Italiano|[spread] p2a,p2b\n|-resisted|p2a: Iron Hands\n|-resisted|p2b: Italiano\n|-damage|p2a: Iron Hands|85\/100\n|-damage|p2b: Italiano|86\/100\n|-unboost|p1a: L.E.D.|spa|1\n|move|p2a: Iron Hands|Wild Charge|p1a: L.E.D.\n|-damage|p1a: L.E.D.|47\/100\n|-damage|p2a: Iron Hands|76\/100|[from] Recoil\n|\n|upkeep\n|turn|2\n|inactive|ina fable has 150 seconds left.\n|\n|t:|1700838505\n|switch|p1a: Dicker's Done|Landorus-Therian, M|100\/100\n|-ability|p1a: Dicker's Done|Intimidate|boost\n|-unboost|p2a: Iron Hands|atk|1\n|-unboost|p2b: Italiano|atk|1\n|move|p2b: Italiano|Protect|p2b: Italiano\n|-singleturn|p2b: Italiano|Protect\n|move|p1b: Overconfidence|Steam Eruption|p2b: Italiano\n|-activate|p2b: Italiano|move: Protect\n|move|p2a: Iron Hands|Wild Charge|p1b: Overconfidence\n|-supereffective|p1b: Overconfidence\n|-damage|p1b: Overconfidence|41\/100\n|-damage|p2a: Iron Hands|65\/100|[from] Recoil\n|\n|-heal|p1b: Overconfidence|47\/100|[from] item: Leftovers\n|upkeep\n|turn|3\n|inactive|skimmythegod has 270 seconds left.\n|inactive|ina fable has 120 seconds left.\n|\n|t:|1700838561\n|switch|p2b: Cresselia|Cresselia, F|100\/100\n|-end|p2a: Iron Hands|Quark Drive|[silent]\n|switch|p2a: Landorus|Landorus-Therian, M|100\/100\n|-ability|p2a: Landorus|Intimidate|boost\n|-unboost|p1a: Dicker's Done|atk|1\n|-unboost|p1b: Overconfidence|atk|1\n|move|p1a: Dicker's Done|Stealth Rock|p2b: Cresselia\n|-sidestart|p2: ina fable|move: Stealth Rock\n|move|p1b: Overconfidence|Steam Eruption|p2b: Cresselia\n|-damage|p2b: Cresselia|65\/100\n|\n|-heal|p1b: Overconfidence|53\/100|[from] item: Leftovers\n|upkeep\n|turn|4\n|inactive|ina fable has 90 seconds left.\n|\n|t:|1700838594\n|move|p1b: Overconfidence|Protect|p1b: Overconfidence\n|-singleturn|p1b: Overconfidence|Protect\n|move|p2a: Landorus|Rock Slide|p1a: Dicker's Done|[spread] p1a\n|-activate|p1b: Overconfidence|move: Protect\n|-damage|p1a: Dicker's Done|80\/100\n|move|p1a: Dicker's Done|U-turn|p2b: Cresselia\n|-supereffective|p2b: Cresselia\n|-damage|p2b: Cresselia|44\/100\n|\n|t:|1700838604\n|switch|p1a: Wendrid|Rillaboom, F|100\/100|[from] U-turn\n|-fieldstart|move: Grassy Terrain|[from] ability: Grassy Surge|[of] p1a: Wendrid\n|move|p2b: Cresselia|Icy Wind|p1a: Wendrid|[spread] p1a\n|-activate|p1b: Overconfidence|move: Protect\n|-supereffective|p1a: Wendrid\n|-damage|p1a: Wendrid|90\/100\n|-unboost|p1a: Wendrid|spe|1\n|\n|-heal|p1b: Overconfidence|59\/100|[from] Grassy Terrain\n|-heal|p1b: Overconfidence|65\/100|[from] item: Leftovers\n|-heal|p1a: Wendrid|96\/100|[from] Grassy Terrain\n|upkeep\n|turn|5\n|inactive|skimmythegod has 270 seconds left.\n|inactive|ina fable has 90 seconds left.\n|inactive|skimmythegod has 240 seconds left.\n|\n|t:|1700838678\n|switch|p2a: Iron Hands|Iron Hands|65\/100\n|-damage|p2a: Iron Hands|58\/100|[from] Stealth Rock\n|move|p1a: Wendrid|Fake Out|p2a: Iron Hands\n|-damage|p2a: Iron Hands|50\/100\n|move|p2b: Cresselia|Lunar Blessing|p2b: Cresselia|[spread] p2a,p2b\n|-heal|p2a: Iron Hands|75\/100\n|-heal|p2b: Cresselia|69\/100\n|move|p1b: Overconfidence|Steam Eruption|p2a: Iron Hands\n|-damage|p2a: Iron Hands|44\/100\n|\n|-heal|p1b: Overconfidence|71\/100|[from] Grassy Terrain\n|-heal|p1b: Overconfidence|77\/100|[from] item: Leftovers\n|-heal|p1a: Wendrid|100\/100|[from] Grassy Terrain\n|-heal|p2a: Iron Hands|50\/100|[from] Grassy Terrain\n|upkeep\n|turn|6\n|inactive|ina fable has 90 seconds left.\n|inactive|skimmythegod has 240 seconds left.\n|inactive|ina fable has 60 seconds left.\n|inactive|skimmythegod has 210 seconds left.\n|\n|t:|1700838745\n|move|p2b: Cresselia|Lunar Blessing|p2b: Cresselia|[spread] p2a,p2b\n|-heal|p2a: Iron Hands|75\/100\n|-heal|p2b: Cresselia|94\/100\n|move|p1b: Overconfidence|Steam Eruption|p2a: Iron Hands\n|-damage|p2a: Iron Hands|46\/100\n|move|p1a: Wendrid|U-turn|p2b: Cresselia\n|-supereffective|p2b: Cresselia\n|-damage|p2b: Cresselia|66\/100\n|\n|t:|1700838754\n|switch|p1a: Dicker's Done|Landorus-Therian, M|80\/100|[from] U-turn\n|-ability|p1a: Dicker's Done|Intimidate|boost\n|-unboost|p2a: Iron Hands|atk|1\n|-unboost|p2b: Cresselia|atk|1\n|move|p2a: Iron Hands|Drain Punch|p1a: Dicker's Done\n|-resisted|p1a: Dicker's Done\n|-damage|p1a: Dicker's Done|66\/100\n|-heal|p2a: Iron Hands|51\/100|[from] drain|[of] p1a: Dicker's Done\n|\n|-heal|p1b: Overconfidence|83\/100|[from] Grassy Terrain\n|-heal|p1b: Overconfidence|89\/100|[from] item: Leftovers\n|-heal|p2a: Iron Hands|57\/100|[from] Grassy Terrain\n|upkeep\n|turn|7\n|inactive|skimmythegod has 210 seconds left.\n|inactive|ina fable has 60 seconds left.\n|\n|t:|1700838791\n|move|p1a: Dicker's Done|Stomping Tantrum|p2a: Iron Hands\n|-supereffective|p2a: Iron Hands\n|-damage|p2a: Iron Hands|9\/100\n|move|p2b: Cresselia|Icy Wind|p1a: Dicker's Done|[spread] p1a,p1b\n|-supereffective|p1a: Dicker's Done\n|-resisted|p1b: Overconfidence\n|-damage|p1a: Dicker's Done|34\/100\n|-damage|p1b: Overconfidence|87\/100\n|-unboost|p1a: Dicker's Done|spe|1\n|-unboost|p1b: Overconfidence|spe|1\n|-enditem|p1a: Dicker's Done|Sitrus Berry|[eat]\n|-heal|p1a: Dicker's Done|59\/100|[from] item: Sitrus Berry\n|move|p2a: Iron Hands|Wild Charge|p1b: Overconfidence\n|-supereffective|p1b: Overconfidence\n|-damage|p1b: Overconfidence|33\/100\n|-damage|p2a: Iron Hands|0 fnt|[from] Recoil\n|faint|p2a: Iron Hands\n|-end|p2a: Iron Hands|Quark Drive|[silent]\n|move|p1b: Overconfidence|Heat Wave|p2b: Cresselia|[miss]\n|-miss|p1b: Overconfidence|p2b: Cresselia\n|\n|-heal|p1b: Overconfidence|39\/100|[from] Grassy Terrain\n|-heal|p1b: Overconfidence|45\/100|[from] item: Leftovers\n|upkeep\n|inactive|ina fable has 30 seconds left.\n|\n|t:|1700838823\n|switch|p2a: Kommo-o|Kommo-o, M|100\/100\n|-damage|p2a: Kommo-o|94\/100|[from] Stealth Rock\n|turn|8\n|inactive|skimmythegod has 210 seconds left.\n|inactive|skimmythegod has 180 seconds left.\n|\n|t:|1700838881\n|move|p2a: Kommo-o|Clangorous Soul|p2a: Kommo-o\n|-boost|p2a: Kommo-o|atk|1\n|-boost|p2a: Kommo-o|def|1\n|-boost|p2a: Kommo-o|spa|1\n|-boost|p2a: Kommo-o|spd|1\n|-boost|p2a: Kommo-o|spe|1\n|-damage|p2a: Kommo-o|62\/100\n|move|p2b: Cresselia|Lunar Blessing|p2b: Cresselia|[spread] p2a,p2b\n|-heal|p2a: Kommo-o|87\/100\n|-heal|p2b: Cresselia|91\/100\n|move|p1a: Dicker's Done|U-turn|p2b: Cresselia\n|-supereffective|p2b: Cresselia\n|-damage|p2b: Cresselia|59\/100\n|inactive|skimmythegod has 180 seconds left.\n|\n|t:|1700838900\n|switch|p1a: L.E.D.|Gholdengo|47\/100|[from] U-turn\n|move|p1b: Overconfidence|Haze|p1b: Overconfidence\n|-clearallboost\n|\n|-heal|p2a: Kommo-o|93\/100|[from] Grassy Terrain\n|-heal|p1a: L.E.D.|53\/100|[from] Grassy Terrain\n|-heal|p1b: Overconfidence|51\/100|[from] Grassy Terrain\n|-heal|p1b: Overconfidence|57\/100|[from] item: Leftovers\n|-fieldend|move: Grassy Terrain\n|upkeep\n|turn|9\n|inactive|ina fable has 60 seconds left.\n|inactive|ina fable has 30 seconds left.\n|\n|t:|1700838944\n|move|p2a: Kommo-o|Drain Punch|p1b: Overconfidence\n|-damage|p1b: Overconfidence|30\/100\n|-heal|p2a: Kommo-o|100\/100|[from] drain|[of] p1b: Overconfidence\n|move|p1a: L.E.D.|Make It Rain|p2b: Cresselia|[spread] p2a,p2b\n|-damage|p2a: Kommo-o|38\/100\n|-damage|p2b: Cresselia|27\/100\n|-unboost|p1a: L.E.D.|spa|1\n|move|p2b: Cresselia|Lunar Blessing|p2b: Cresselia|[spread] p2a,p2b\n|-heal|p2a: Kommo-o|63\/100\n|-heal|p2b: Cresselia|52\/100\n|move|p1b: Overconfidence|Haze|p1b: Overconfidence\n|-clearallboost\n|\n|-heal|p1b: Overconfidence|36\/100|[from] item: Leftovers\n|upkeep\n|turn|10\n|inactive|skimmythegod has 210 seconds left.\n|inactive|ina fable has 30 seconds left.\n|\n|t:|1700838971\n|move|p2a: Kommo-o|Protect|p2a: Kommo-o\n|-singleturn|p2a: Kommo-o|Protect\n|move|p1a: L.E.D.|Make It Rain|p2b: Cresselia|[spread] p2b\n|-activate|p2a: Kommo-o|move: Protect\n|-damage|p2b: Cresselia|19\/100\n|-unboost|p1a: L.E.D.|spa|1\n|move|p2b: Cresselia|Lunar Blessing|p2b: Cresselia|[spread] p2a,p2b\n|-heal|p2a: Kommo-o|88\/100\n|-heal|p2b: Cresselia|44\/100\n|move|p1b: Overconfidence|Steam Eruption|p2a: Kommo-o\n|-activate|p2a: Kommo-o|move: Protect\n|\n|-heal|p1b: Overconfidence|42\/100|[from] item: Leftovers\n|upkeep\n|turn|11\n|inactive|skimmythegod has 210 seconds left.\n|inactive|ina fable has 30 seconds left.\n|\n|t:|1700839006\n|switch|p1b: Vanilla Paste|Tornadus, M|100\/100\n|move|p2a: Kommo-o|Drain Punch|p1b: Vanilla Paste\n|-resisted|p1b: Vanilla Paste\n|-damage|p1b: Vanilla Paste|80\/100\n|-heal|p2a: Kommo-o|99\/100|[from] drain|[of] p1b: Vanilla Paste\n|move|p1a: L.E.D.|Nasty Plot|p1a: L.E.D.\n|-boost|p1a: L.E.D.|spa|2\n|move|p2b: Cresselia|Lunar Blessing|p2b: Cresselia|[spread] p2a,p2b\n|-heal|p2a: Kommo-o|100\/100\n|-heal|p2b: Cresselia|69\/100\n|\n|upkeep\n|turn|12\n|inactive|ina fable has 30 seconds left.\n|\n|t:|1700839028\n|switch|p2a: Italiano|Heatran, F|86\/100\n|-damage|p2a: Italiano|73\/100|[from] Stealth Rock\n|move|p1b: Vanilla Paste|Tailwind|p1b: Vanilla Paste\n|-sidestart|p1: skimmythegod|move: Tailwind\n|move|p1a: L.E.D.|Shadow Ball|p2b: Cresselia\n|-supereffective|p2b: Cresselia\n|-damage|p2b: Cresselia|0 fnt\n|faint|p2b: Cresselia\n|\n|upkeep\n|inactive|ina fable has 30 seconds left.\n|inactive|ina fable has 20 seconds left.\n|inactive|ina fable has 15 seconds left.\n|\n|t:|1700839053\n|switch|p2b: Peruano|Ogerpon-Cornerstone, F|100\/100\n|-damage|p2b: Peruano|88\/100|[from] Stealth Rock\n|turn|13\n|inactive|skimmythegod has 240 seconds left.\n|inactive|ina fable has 30 seconds left.\n|inactive|ina fable has 20 seconds left.\n|\n|t:|1700839075\n|switch|p1b: Telescope|Regidrago|100\/100\n|move|p1a: L.E.D.|Protect|p1a: L.E.D.\n|-singleturn|p1a: L.E.D.|Protect\n|move|p2b: Peruano|Spiky Shield|p2b: Peruano\n|-singleturn|p2b: Peruano|move: Protect\n|move|p2a: Italiano|Heat Wave|p1b: Telescope|[spread] p1b\n|-activate|p1a: L.E.D.|move: Protect\n|-resisted|p1b: Telescope\n|-damage|p1b: Telescope|72\/100\n|-status|p1b: Telescope|brn\n|-damage|p2a: Italiano|64\/100|[from] item: Life Orb\n|\n|-damage|p1b: Telescope|66\/100 brn|[from] brn\n|upkeep\n|turn|14\n|inactive|ina fable has 30 seconds left.\n|\n|t:|1700839097\n|move|p1b: Telescope|Earth Power|p2a: Italiano\n|-supereffective|p2a: Italiano\n|-damage|p2a: Italiano|0 fnt\n|faint|p2a: Italiano\n|move|p1a: L.E.D.|Make It Rain|p2b: Peruano\n|-supereffective|p2b: Peruano\n|-damage|p2b: Peruano|0 fnt\n|-unboost|p1a: L.E.D.|spa|1\n|faint|p2b: Peruano\n|\n|-damage|p1b: Telescope|60\/100 brn|[from] brn\n|upkeep\n|inactive|ina fable has 30 seconds left this turn.\n|\n|t:|1700839100\n|switch|p2b: Landorus|Landorus-Therian, M|100\/100\n|switch|p2a: Kommo-o|Kommo-o, M|100\/100\n|-damage|p2b: Landorus|88\/100|[from] Stealth Rock\n|-ability|p2b: Landorus|Intimidate|boost\n|-unboost|p1a: L.E.D.|atk|1\n|-unboost|p1b: Telescope|atk|1\n|-damage|p2a: Kommo-o|94\/100|[from] Stealth Rock\n|turn|15\n|inactive|skimmythegod has 270 seconds left.\n|\n|t:|1700839115\n|move|p2a: Kommo-o|Protect|p2a: Kommo-o\n|-singleturn|p2a: Kommo-o|Protect\n|move|p1b: Telescope|Dragon Energy|p2a: Kommo-o|[spread] p2b\n|-activate|p2a: Kommo-o|move: Protect\n|-damage|p2b: Landorus|21\/100\n|move|p1a: L.E.D.|Make It Rain|p2b: Landorus|[spread] p2b\n|-activate|p2a: Kommo-o|move: Protect\n|-damage|p2b: Landorus|0 fnt\n|-unboost|p1a: L.E.D.|spa|1\n|faint|p2b: Landorus\n|\n|-damage|p1b: Telescope|54\/100 brn|[from] brn\n|-sideend|p1: skimmythegod|move: Tailwind\n|upkeep\n|turn|16\n|inactive|ina fable has 60 seconds left.\n|\n|t:|1700839123\n|-terastallize|p2a: Kommo-o|Fire\n|move|p2a: Kommo-o|Clangorous Soul|p2a: Kommo-o\n|-boost|p2a: Kommo-o|atk|1\n|-boost|p2a: Kommo-o|def|1\n|-boost|p2a: Kommo-o|spa|1\n|-boost|p2a: Kommo-o|spd|1\n|-boost|p2a: Kommo-o|spe|1\n|-damage|p2a: Kommo-o|62\/100\n|move|p1b: Telescope|Dragon Energy|p2a: Kommo-o\n|-damage|p2a: Kommo-o|12\/100\n|move|p1a: L.E.D.|Make It Rain|p2a: Kommo-o\n|-resisted|p2a: Kommo-o\n|-damage|p2a: Kommo-o|0 fnt\n|-unboost|p1a: L.E.D.|spa|1\n|faint|p2a: Kommo-o\n|\n|win|skimmythegod\n|c|\u2606skimmythegod|gg\n","uploadtime":1700839124,"views":24,"p1id":"skimmythegod","p2id":"inafable","formatid":"gen9doublesou","rating":0,"private":0,"password":""}