{"id":"smogtours-gen9doublesou-729925","p1":"Mizuhime","p2":"Nido-Rus","format":"[Gen 9] Doubles OU","log":"|inactive|Battle timer is ON: inactive players will automatically lose when time's up.\n|t:|1699725457\n|gametype|doubles\n|player|p1|Mizuhime|#mizuhime|\n|player|p2|Nido-Rus|cheryl|\n|teamsize|p1|6\n|teamsize|p2|6\n|gen|9\n|tier|[Gen 9] Doubles OU\n|rule|Species Clause: Limit one of each Pok\u00e9mon\n|rule|OHKO Clause: OHKO moves are banned\n|rule|Evasion Moves Clause: Evasion moves are banned\n|rule|Gravity Sleep Clause: The combination of sleep-inducing moves with imperfect accuracy and Gravity or Gigantamax Orbeetle are banned\n|rule|Endless Battle Clause: Forcing endless battles is banned\n|rule|HP Percentage Mod: HP is shown in percentages\n|clearpoke\n|poke|p1|Iron Hands|\n|poke|p1|Tornadus, M|\n|poke|p1|Flutter Mane|\n|poke|p1|Ogerpon-Hearthflame, F|\n|poke|p1|Chien-Pao|\n|poke|p1|Dragonite, F|\n|poke|p2|Tornadus, M|\n|poke|p2|Palafin, M|\n|poke|p2|Ogerpon-Hearthflame, F|\n|poke|p2|Landorus-Therian, M|\n|poke|p2|Gholdengo|\n|poke|p2|Rillaboom, M|\n|teampreview\n|c|\u2606Nido-Rus|gl HF\n|c|\u2606Mizuhime|you too \n|inactive|Nido-Rus has 270 seconds left.\n|inactive|Nido-Rus has 240 seconds left.\n|\n|t:|1699725529\n|start\n|switch|p1a: Chien-Pao|Chien-Pao|100\/100\n|switch|p1b: Tornadus|Tornadus, M, shiny|100\/100\n|switch|p2a: Palafin|Palafin, M|100\/100\n|switch|p2b: Tornadus|Tornadus, M|100\/100\n|-ability|p1a: Chien-Pao|Sword of Ruin\n|turn|1\n|\n|t:|1699725552\n|move|p2b: Tornadus|Tailwind|p2b: Tornadus\n|-sidestart|p2: Nido-Rus|move: Tailwind\n|move|p1b: Tornadus|Tailwind|p1b: Tornadus\n|-sidestart|p1: Mizuhime|move: Tailwind\n|move|p1a: Chien-Pao|Lash Out|p2a: Palafin\n|-damage|p2a: Palafin|49\/100\n|move|p2a: Palafin|Drain Punch|p1a: Chien-Pao\n|-supereffective|p1a: Chien-Pao\n|-damage|p1a: Chien-Pao|15\/100\n|-heal|p2a: Palafin|81\/100|[from] drain|[of] p1a: Chien-Pao\n|\n|upkeep\n|turn|2\n|inactive|Nido-Rus has 270 seconds left.\n|\n|t:|1699725590\n|detailschange|p2a: Palafin|Palafin-Hero, M\n|switch|p2a: Landorus|Landorus-Therian, M|100\/100\n|-ability|p2a: Landorus|Intimidate|boost\n|-unboost|p1a: Chien-Pao|atk|1\n|-unboost|p1b: Tornadus|atk|1\n|move|p1a: Chien-Pao|Protect|p1a: Chien-Pao\n|-singleturn|p1a: Chien-Pao|Protect\n|move|p2b: Tornadus|Bleakwind Storm|p1a: Chien-Pao|[spread] p1b\n|-activate|p1a: Chien-Pao|move: Protect\n|-damage|p1b: Tornadus|64\/100\n|move|p1b: Tornadus|Bleakwind Storm|p2a: Landorus|[spread] p2b\n|-miss|p1b: Tornadus|p2a: Landorus\n|-damage|p2b: Tornadus|63\/100\n|\n|upkeep\n|turn|3\n|inactive|Mizuhime has 270 seconds left.\n|\n|t:|1699725629\n|switch|p1a: Iron Hands|Iron Hands, shiny|100\/100\n|switch|p1b: Dragonite|Dragonite, F, shiny|100\/100\n|move|p2a: Landorus|U-turn|p1a: Iron Hands\n|-resisted|p1a: Iron Hands\n|-damage|p1a: Iron Hands|91\/100\n|inactive|Nido-Rus has 270 seconds left.\n|\n|t:|1699725646\n|switch|p2a: Gholdengo|Gholdengo|100\/100|[from] U-turn\n|move|p2b: Tornadus|Bleakwind Storm|p1a: Iron Hands|[spread] p1a\n|-miss|p2b: Tornadus|p1b: Dragonite\n|-damage|p1a: Iron Hands|74\/100\n|-unboost|p1a: Iron Hands|spe|1\n|\n|upkeep\n|turn|4\n|c|+AIRedzone|LET\"S GO NIDOAT\n|inactive|Nido-Rus has 270 seconds left.\n|inactive|Mizuhime has 270 seconds left.\n|\n|t:|1699725676\n|-end|p1a: Iron Hands|Quark Drive|[silent]\n|switch|p1a: Chien-Pao|Chien-Pao|15\/100\n|-ability|p1a: Chien-Pao|Sword of Ruin\n|move|p2b: Tornadus|Bleakwind Storm|p1b: Dragonite|[spread] p1b\n|-miss|p2b: Tornadus|p1a: Chien-Pao\n|-damage|p1b: Dragonite|70\/100\n|move|p2a: Gholdengo|Shadow Ball|p1b: Dragonite\n|-damage|p1b: Dragonite|33\/100\n|move|p1b: Dragonite|Aerial Ace|p2b: Tornadus\n|-damage|p2b: Tornadus|0 fnt\n|faint|p2b: Tornadus\n|\n|-sideend|p2: Nido-Rus|move: Tailwind\n|-sideend|p1: Mizuhime|move: Tailwind\n|upkeep\n|\n|t:|1699725695\n|switch|p2b: Landorus|Landorus-Therian, M|100\/100\n|-ability|p2b: Landorus|Intimidate|boost\n|-unboost|p1a: Chien-Pao|atk|1\n|-fail|p1b: Dragonite|unboost|Attack|[from] ability: Inner Focus|[of] p1b: Dragonite\n|turn|5\n|inactive|Nido-Rus has 270 seconds left.\n|inactive|Mizuhime has 270 seconds left.\n|\n|t:|1699725727\n|switch|p1a: Iron Hands|Iron Hands, shiny|74\/100\n|move|p2b: Landorus|U-turn|p1a: Iron Hands\n|-resisted|p1a: Iron Hands\n|-damage|p1a: Iron Hands|65\/100\n|\n|t:|1699725741\n|switch|p2b: Palafin|Palafin-Hero, M|81\/100|[from] U-turn\n|-activate|p2b: Palafin|ability: Zero to Hero\n|move|p2a: Gholdengo|Make It Rain|p1a: Iron Hands|[spread] p1a,p1b\n|-resisted|p1a: Iron Hands\n|-damage|p1a: Iron Hands|54\/100\n|-damage|p1b: Dragonite|0 fnt\n|-unboost|p2a: Gholdengo|spa|1\n|faint|p1b: Dragonite\n|\n|upkeep\n|inactive|Mizuhime has 270 seconds left.\n|\n|t:|1699725753\n|switch|p1b: Ogerpon|Ogerpon-Hearthflame, F|100\/100\n|-ability|p1b: Ogerpon|Mold Breaker\n|turn|6\n|inactive|Nido-Rus has 270 seconds left.\n|\n|t:|1699725789\n|switch|p2b: Rillaboom|Rillaboom, M|100\/100\n|-fieldstart|move: Grassy Terrain|[from] ability: Grassy Surge|[of] p2b: Rillaboom\n|switch|p2a: Landorus|Landorus-Therian, M|100\/100\n|-ability|p2a: Landorus|Intimidate|boost\n|-unboost|p1a: Iron Hands|atk|1\n|-unboost|p1b: Ogerpon|atk|1\n|move|p1a: Iron Hands|Fake Out|p2b: Rillaboom\n|-damage|p2b: Rillaboom|91\/100\n|move|p1b: Ogerpon|Wood Hammer|p2a: Landorus\n|-damage|p2a: Landorus|28\/100\n|-damage|p1b: Ogerpon|75\/100|[from] Recoil\n|\n|-heal|p1b: Ogerpon|81\/100|[from] Grassy Terrain\n|-heal|p2b: Rillaboom|97\/100|[from] Grassy Terrain\n|-heal|p1a: Iron Hands|60\/100|[from] Grassy Terrain\n|upkeep\n|turn|7\n|inactive|Nido-Rus has 270 seconds left.\n|\n|t:|1699725817\n|switch|p1b: Tornadus|Tornadus, M, shiny|64\/100\n|-terastallize|p1a: Iron Hands|Grass\n|move|p2a: Landorus|U-turn|p1a: Iron Hands\n|-supereffective|p1a: Iron Hands\n|-damage|p1a: Iron Hands|23\/100\n|\n|t:|1699725828\n|switch|p2a: Gholdengo|Gholdengo|100\/100|[from] U-turn\n|move|p2b: Rillaboom|Wood Hammer|p1a: Iron Hands\n|-resisted|p1a: Iron Hands\n|-crit|p1a: Iron Hands\n|-damage|p1a: Iron Hands|0 fnt\n|faint|p1a: Iron Hands\n|-end|p1a: Iron Hands|Quark Drive|[silent]\n|-damage|p2b: Rillaboom|89\/100|[from] Recoil\n|\n|-heal|p2b: Rillaboom|95\/100|[from] Grassy Terrain\n|upkeep\n|\n|t:|1699725833\n|switch|p1a: Ogerpon|Ogerpon-Hearthflame, F|81\/100\n|-ability|p1a: Ogerpon|Mold Breaker\n|turn|8\n|inactive|Nido-Rus has 270 seconds left.\n|inactive|Nido-Rus has 240 seconds left.\n|\n|t:|1699725891\n|-terastallize|p2a: Gholdengo|Dragon\n|move|p1b: Tornadus|Tailwind|p1b: Tornadus\n|-sidestart|p1: Mizuhime|move: Tailwind\n|move|p1a: Ogerpon|Ivy Cudgel|p2a: Gholdengo\n|-resisted|p2a: Gholdengo\n|-damage|p2a: Gholdengo|70\/100\n|move|p2a: Gholdengo|Shadow Ball|p1b: Tornadus\n|-damage|p1b: Tornadus|22\/100\n|move|p2b: Rillaboom|Wood Hammer|p1b: Tornadus\n|-resisted|p1b: Tornadus\n|-damage|p1b: Tornadus|0 fnt\n|faint|p1b: Tornadus\n|-damage|p2b: Rillaboom|89\/100|[from] Recoil\n|\n|-heal|p1a: Ogerpon|87\/100|[from] Grassy Terrain\n|-heal|p2a: Gholdengo|76\/100|[from] Grassy Terrain\n|-heal|p2a: Gholdengo|83\/100|[from] item: Leftovers\n|-heal|p2b: Rillaboom|95\/100|[from] Grassy Terrain\n|upkeep\n|\n|t:|1699725897\n|switch|p1b: Flutter Mane|Flutter Mane, shiny|100\/100\n|turn|9\n|inactive|Nido-Rus has 240 seconds left.\n|inactive|Mizuhime has 270 seconds left.\n|inactive|Nido-Rus has 210 seconds left.\n|\n|t:|1699725943\n|switch|p2a: Landorus|Landorus-Therian, M|28\/100\n|-ability|p2a: Landorus|Intimidate|boost\n|-unboost|p1a: Ogerpon|atk|1\n|-unboost|p1b: Flutter Mane|atk|1\n|move|p2b: Rillaboom|Grassy Glide|p1b: Flutter Mane\n|-damage|p1b: Flutter Mane|32\/100\n|move|p1b: Flutter Mane|Moonblast|p2a: Landorus\n|-crit|p2a: Landorus\n|-damage|p2a: Landorus|0 fnt\n|faint|p2a: Landorus\n|move|p1a: Ogerpon|Ivy Cudgel|p2b: Rillaboom\n|-supereffective|p2b: Rillaboom\n|-damage|p2b: Rillaboom|23\/100\n|\n|-heal|p1b: Flutter Mane|38\/100|[from] Grassy Terrain\n|-heal|p1a: Ogerpon|93\/100|[from] Grassy Terrain\n|-heal|p2b: Rillaboom|29\/100|[from] Grassy Terrain\n|upkeep\n|inactive|Nido-Rus has 210 seconds left.\n|inactive|Nido-Rus has 180 seconds left.\n|\n|t:|1699725987\n|switch|p2a: Ogerpon|Ogerpon-Hearthflame, F|100\/100\n|-ability|p2a: Ogerpon|Mold Breaker\n|turn|10\n|\n|t:|1699725998\n|-end|p1b: Flutter Mane|Protosynthesis|[silent]\n|switch|p1b: Chien-Pao|Chien-Pao|15\/100\n|-ability|p1b: Chien-Pao|Sword of Ruin\n|move|p2b: Rillaboom|Grassy Glide|p1b: Chien-Pao\n|-damage|p1b: Chien-Pao|0 fnt\n|faint|p1b: Chien-Pao\n|move|p1a: Ogerpon|Ivy Cudgel|p2b: Rillaboom\n|-supereffective|p2b: Rillaboom\n|-damage|p2b: Rillaboom|0 fnt\n|faint|p2b: Rillaboom\n|move|p2a: Ogerpon|Ivy Cudgel|p1a: Ogerpon\n|-damage|p1a: Ogerpon|17\/100\n|\n|-heal|p1a: Ogerpon|23\/100|[from] Grassy Terrain\n|-fieldend|move: Grassy Terrain\n|upkeep\n|inactive|Nido-Rus has 210 seconds left.\n|\n|t:|1699726012\n|switch|p1b: Flutter Mane|Flutter Mane, shiny|38\/100\n|switch|p2b: Palafin|Palafin-Hero, M|81\/100\n|turn|11\n|\n|t:|1699726028\n|move|p1a: Ogerpon|Follow Me|p1a: Ogerpon\n|-singleturn|p1a: Ogerpon|move: Follow Me\n|move|p2b: Palafin|Jet Punch|p1a: Ogerpon\n|-damage|p1a: Ogerpon|0 fnt\n|faint|p1a: Ogerpon\n|move|p1b: Flutter Mane|Power Gem|p2a: Ogerpon\n|-supereffective|p2a: Ogerpon\n|-damage|p2a: Ogerpon|21\/100\n|move|p2a: Ogerpon|Ivy Cudgel|p1b: Flutter Mane\n|-damage|p1b: Flutter Mane|0 fnt\n|faint|p1b: Flutter Mane\n|-end|p1b: Flutter Mane|Protosynthesis|[silent]\n|\n|win|Nido-Rus\n|c|\u2606Mizuhime|gg\n|c|\u2606Nido-Rus|gg\n","uploadtime":1699726029,"views":110,"p1id":"mizuhime","p2id":"nidorus","formatid":"gen9doublesou","rating":0,"private":0,"password":""}