{"id":"smogtours-gen9doublesou-729403","p1":"eragon11145","p2":"R4ye","format":"[Gen 9] Doubles OU","log":"|inactive|Battle timer is ON: inactive players will automatically lose when time's up.\n|t:|1699346072\n|gametype|doubles\n|player|p1|eragon11145|#dwcopiii|\n|player|p2|R4ye|265|\n|teamsize|p1|6\n|teamsize|p2|6\n|gen|9\n|tier|[Gen 9] Doubles OU\n|rule|Species Clause: Limit one of each Pok\u00e9mon\n|rule|OHKO Clause: OHKO moves are banned\n|rule|Evasion Moves Clause: Evasion moves are banned\n|rule|Gravity Sleep Clause: The combination of sleep-inducing moves with imperfect accuracy and Gravity or Gigantamax Orbeetle are banned\n|rule|Endless Battle Clause: Forcing endless battles is banned\n|rule|HP Percentage Mod: HP is shown in percentages\n|clearpoke\n|poke|p1|Farigiraf, F|\n|poke|p1|Toxtricity, F|\n|poke|p1|Roaring Moon|\n|poke|p1|Brambleghast, F|\n|poke|p1|Dragapult, F|\n|poke|p1|Iron Hands|\n|poke|p2|Tornadus, M|\n|poke|p2|Bombirdier, F|\n|poke|p2|Chien-Pao|\n|poke|p2|Sneasler, F|\n|poke|p2|Lilligant-Hisui, F|\n|poke|p2|Flutter Mane|\n|teampreview\n|inactive|eragon11145 also wants the timer to be on.\n|inactive|R4ye has 270 seconds left.\n|inactive|eragon11145 has 270 seconds left.\n|\n|t:|1699346143\n|start\n|switch|p1a: Roaring Moon|Roaring Moon|100\/100\n|switch|p1b: Brambleghast|Brambleghast, F|100\/100\n|switch|p2a: Tornadus|Tornadus, M, shiny|100\/100\n|switch|p2b: Chien-Pao|Chien-Pao|100\/100\n|-ability|p2b: Chien-Pao|Sword of Ruin\n|-enditem|p1a: Roaring Moon|Booster Energy\n|-activate|p1a: Roaring Moon|ability: Protosynthesis|[fromitem]\n|-start|p1a: Roaring Moon|protosynthesisspe\n|turn|1\n|\n|t:|1699346162\n|switch|p1b: Iron Hands|Iron Hands|100\/100\n|move|p1a: Roaring Moon|Protect|p1a: Roaring Moon\n|-singleturn|p1a: Roaring Moon|Protect\n|move|p2a: Tornadus|Tailwind|p2a: Tornadus\n|-sidestart|p2: R4ye|move: Tailwind\n|move|p2b: Chien-Pao|Ice Spinner|p1a: Roaring Moon\n|-activate|p1a: Roaring Moon|move: Protect\n|\n|upkeep\n|turn|2\n|\n|t:|1699346172\n|switch|p2b: Sneasler|Sneasler, F|100\/100\n|move|p1b: Iron Hands|Fake Out|p2b: Sneasler\n|-damage|p2b: Sneasler|76\/100\n|move|p2a: Tornadus|Bleakwind Storm|p1b: Iron Hands|[spread] p1a,p1b\n|-damage|p1a: Roaring Moon|66\/100\n|-damage|p1b: Iron Hands|78\/100\n|-unboost|p1b: Iron Hands|spe|1\n|move|p1a: Roaring Moon|Tailwind|p1a: Roaring Moon\n|-sidestart|p1: eragon11145|move: Tailwind\n|\n|upkeep\n|turn|3\n|\n|t:|1699346185\n|move|p1a: Roaring Moon|Acrobatics|p2b: Sneasler\n|-supereffective|p2b: Sneasler\n|-damage|p2b: Sneasler|0 fnt\n|faint|p2b: Sneasler\n|move|p2a: Tornadus|Bleakwind Storm|p1a: Roaring Moon|[spread] p1a,p1b\n|-damage|p1a: Roaring Moon|32\/100\n|-damage|p1b: Iron Hands|57\/100\n|move|p1b: Iron Hands|Wild Charge|p2a: Tornadus\n|-supereffective|p2a: Tornadus\n|-damage|p2a: Tornadus|0 fnt\n|faint|p2a: Tornadus\n|-damage|p1b: Iron Hands|40\/100|[from] Recoil\n|\n|upkeep\n|\n|t:|1699346197\n|switch|p2a: Chien-Pao|Chien-Pao|100\/100\n|switch|p2b: Bombirdier|Bombirdier, F, shiny|100\/100\n|-ability|p2a: Chien-Pao|Sword of Ruin\n|turn|4\n|\n|t:|1699346220\n|move|p1a: Roaring Moon|Protect|p1a: Roaring Moon\n|-singleturn|p1a: Roaring Moon|Protect\n|move|p2a: Chien-Pao|Sucker Punch||[still]\n|-fail|p2a: Chien-Pao\n|move|p2b: Bombirdier|Brave Bird|p1b: Iron Hands\n|-damage|p1b: Iron Hands|0 fnt\n|faint|p1b: Iron Hands\n|-end|p1b: Iron Hands|Quark Drive|[silent]\n|-damage|p2b: Bombirdier|79\/100|[from] Recoil\n|\n|-sideend|p2: R4ye|move: Tailwind\n|upkeep\n|\n|t:|1699346233\n|switch|p1b: Toxtricity|Toxtricity, F, shiny|100\/100\n|turn|5\n|\n|t:|1699346238\n|switch|p2b: Lilligant|Lilligant-Hisui, F, shiny|100\/100\n|move|p2a: Chien-Pao|Sucker Punch|p1a: Roaring Moon\n|-resisted|p1a: Roaring Moon\n|-damage|p1a: Roaring Moon|1\/100\n|move|p1a: Roaring Moon|Acrobatics|p2a: Chien-Pao\n|-damage|p2a: Chien-Pao|48\/100\n|move|p1b: Toxtricity|Overdrive|p2b: Lilligant|[spread] p2a,p2b\n|-resisted|p2b: Lilligant\n|-crit|p2b: Lilligant\n|-damage|p2a: Chien-Pao|0 fnt\n|-damage|p2b: Lilligant|44\/100\n|faint|p2a: Chien-Pao\n|\n|-sideend|p1: eragon11145|move: Tailwind\n|upkeep\n|\n|t:|1699346249\n|switch|p2a: Bombirdier|Bombirdier, F, shiny|79\/100\n|turn|6\n|\n|t:|1699346269\n|-terastallize|p2a: Bombirdier|Rock\n|move|p1a: Roaring Moon|Tailwind|p1a: Roaring Moon\n|-sidestart|p1: eragon11145|move: Tailwind\n|move|p1b: Toxtricity|Overdrive|p2b: Lilligant|[spread] p2a,p2b\n|-resisted|p2b: Lilligant\n|-crit|p2b: Lilligant\n|-damage|p2a: Bombirdier|1\/100\n|-damage|p2b: Lilligant|0 fnt\n|faint|p2b: Lilligant\n|move|p2a: Bombirdier|Rock Slide|p1a: Roaring Moon|[spread] p1a,p1b\n|-damage|p1a: Roaring Moon|0 fnt\n|-damage|p1b: Toxtricity|19\/100\n|faint|p1a: Roaring Moon\n|-end|p1a: Roaring Moon|Protosynthesis|[silent]\n|\n|upkeep\n|\n|t:|1699346279\n|switch|p1a: Brambleghast|Brambleghast, F|100\/100\n|switch|p2b: Flutter Mane|Flutter Mane, shiny|100\/100\n|-ability|p1a: Brambleghast|Wind Rider|boost\n|-boost|p1a: Brambleghast|atk|1\n|-enditem|p2b: Flutter Mane|Booster Energy\n|-activate|p2b: Flutter Mane|ability: Protosynthesis|[fromitem]\n|-start|p2b: Flutter Mane|protosynthesisspa\n|turn|7\n|\n|t:|1699346283\n|-terastallize|p1a: Brambleghast|Fairy\n|move|p1a: Brambleghast|Tera Blast|p2b: Flutter Mane|[anim] Tera Blast Fairy\n|-damage|p2b: Flutter Mane|0 fnt\n|faint|p2b: Flutter Mane\n|-end|p2b: Flutter Mane|Protosynthesis|[silent]\n|-damage|p1a: Brambleghast|91\/100|[from] item: Life Orb\n|move|p1b: Toxtricity|Overdrive|p2a: Bombirdier\n|-damage|p2a: Bombirdier|0 fnt\n|faint|p2a: Bombirdier\n|\n|win|eragon11145\n","uploadtime":1699346284,"views":18,"p1id":"eragon11145","p2id":"r4ye","formatid":"gen9doublesou","rating":0,"private":0,"password":""}