{"id":"smogtours-gen9doublesou-724205","p1":"GuitarheroVGC","p2":"Flying Beagle","format":"[Gen 9] Doubles OU","log":"|inactive|Battle timer is ON: inactive players will automatically lose when time's up.\n|t:|1697402326\n|gametype|doubles\n|player|p1|GuitarheroVGC|kimonogirl|\n|player|p2|Flying Beagle|tateandliza-gen3|\n|teamsize|p1|6\n|teamsize|p2|6\n|gen|9\n|tier|[Gen 9] Doubles OU\n|rule|Species Clause: Limit one of each Pok\u00e9mon\n|rule|OHKO Clause: OHKO moves are banned\n|rule|Evasion Moves Clause: Evasion moves are banned\n|rule|Gravity Sleep Clause: The combination of sleep-inducing moves with imperfect accuracy and Gravity or Gigantamax Orbeetle are banned\n|rule|Endless Battle Clause: Forcing endless battles is banned\n|rule|HP Percentage Mod: HP is shown in percentages\n|clearpoke\n|poke|p1|Iron Hands|\n|poke|p1|Cresselia, F|\n|poke|p1|Volcanion|\n|poke|p1|Basculegion, M|\n|poke|p1|Ogerpon-Hearthflame, F|\n|poke|p1|Rillaboom, M|\n|poke|p2|Goodra-Hisui, F|\n|poke|p2|Ninetales-Alola, F|\n|poke|p2|Rillaboom, M|\n|poke|p2|Glimmora, M|\n|poke|p2|Landorus-Therian, M|\n|poke|p2|Chi-Yu|\n|teampreview\n|c|\u2606Flying Beagle|gl hf!\n|c|\u2606GuitarheroVGC|hf\n|inactive|Flying Beagle has 270 seconds left.\n|inactive|GuitarheroVGC has 270 seconds left.\n|\n|t:|1697402389\n|start\n|switch|p1a: the maam'|Cresselia, F|100\/100\n|switch|p1b: digimon agumon|Volcanion|100\/100\n|switch|p2a: Glimmora|Glimmora, M|100\/100\n|switch|p2b: Landorus|Landorus-Therian, M|100\/100\n|-ability|p2b: Landorus|Intimidate|boost\n|-unboost|p1a: the maam'|atk|1\n|-unboost|p1b: digimon agumon|atk|1\n|turn|1\n|inactive|Flying Beagle has 270 seconds left.\n|\n|t:|1697402445\n|move|p1a: the maam'|Ally Switch|p1a: the maam'\n|swap|p1a: the maam'|1|[from] move: Ally Switch\n|move|p2a: Glimmora|Spikes|p1a: digimon agumon\n|-sidestart|p1: GuitarheroVGC|Spikes\n|move|p2b: Landorus|Stealth Rock|p1b: the maam'\n|-sidestart|p1: GuitarheroVGC|move: Stealth Rock\n|move|p1a: digimon agumon|Earth Power|p2a: Glimmora\n|-supereffective|p2a: Glimmora\n|-enditem|p2a: Glimmora|Focus Sash\n|-damage|p2a: Glimmora|1\/100\n|\n|upkeep\n|turn|2\n|c|+AIRedzone|Bingle of the flying variety\n|c|\u2606Flying Beagle|hi redzone !!\n|c|+AIRedzone|hai :)\n|\n|t:|1697402471\n|move|p2a: Glimmora|Earth Power|p1a: digimon agumon\n|-supereffective|p1a: digimon agumon\n|-damage|p1a: digimon agumon|60\/100\n|move|p2b: Landorus|Taunt|p1b: the maam'\n|-start|p1b: the maam'|move: Taunt\n|move|p1a: digimon agumon|Heat Wave|p2a: Glimmora|[spread] p2a,p2b\n|-resisted|p2a: Glimmora\n|-damage|p2a: Glimmora|0 fnt\n|-damage|p2b: Landorus|59\/100\n|-status|p2b: Landorus|brn\n|faint|p2a: Glimmora\n|cant|p1b: the maam'|move: Taunt|Trick Room\n|\n|-damage|p2b: Landorus|53\/100 brn|[from] brn\n|upkeep\n|inactive|Flying Beagle has 240 seconds left.\n|\n|t:|1697402491\n|switch|p2a: Goodra|Goodra-Hisui, F|100\/100\n|turn|3\n|\n|t:|1697402506\n|switch|p1b: the juggler|Iron Hands|100\/100\n|-damage|p1b: the juggler|88\/100|[from] Spikes\n|-damage|p1b: the juggler|82\/100|[from] Stealth Rock\n|move|p2b: Landorus|U-turn|p1a: digimon agumon\n|-resisted|p1a: digimon agumon\n|-crit|p1a: digimon agumon\n|-damage|p1a: digimon agumon|52\/100\n|\n|t:|1697402514\n|switch|p2b: Rillaboom|Rillaboom, M|100\/100|[from] U-turn\n|-fieldstart|move: Grassy Terrain|[from] ability: Grassy Surge|[of] p2b: Rillaboom\n|move|p1a: digimon agumon|Earth Power|p2a: Goodra\n|-supereffective|p2a: Goodra\n|-damage|p2a: Goodra|60\/100\n|move|p2a: Goodra|Curse|p2a: Goodra\n|-unboost|p2a: Goodra|spe|1\n|-boost|p2a: Goodra|atk|1\n|-boost|p2a: Goodra|def|1\n|\n|-heal|p1a: digimon agumon|58\/100|[from] Grassy Terrain\n|-heal|p1b: the juggler|88\/100|[from] Grassy Terrain\n|-heal|p2a: Goodra|66\/100|[from] Grassy Terrain\n|-heal|p2a: Goodra|72\/100|[from] item: Leftovers\n|upkeep\n|turn|4\n|inactive|Flying Beagle has 270 seconds left.\n|inactive|Flying Beagle has 240 seconds left.\n|\n|t:|1697402574\n|switch|p2b: Ninetales|Ninetales-Alola, F|100\/100\n|-weather|Snow|[from] ability: Snow Warning|[of] p2b: Ninetales\n|move|p2a: Goodra|Protect|p2a: Goodra\n|-singleturn|p2a: Goodra|Protect\n|move|p1a: digimon agumon|Heat Wave|p2b: Ninetales|[spread] p2b\n|-activate|p2a: Goodra|move: Protect\n|-supereffective|p2b: Ninetales\n|-crit|p2b: Ninetales\n|-damage|p2b: Ninetales|0 fnt\n|faint|p2b: Ninetales\n|move|p1b: the juggler|Swords Dance|p1b: the juggler\n|-boost|p1b: the juggler|atk|2\n|\n|-weather|Snow|[upkeep]\n|-heal|p1a: digimon agumon|64\/100|[from] Grassy Terrain\n|-heal|p1b: the juggler|94\/100|[from] Grassy Terrain\n|-heal|p2a: Goodra|78\/100|[from] Grassy Terrain\n|-heal|p2a: Goodra|84\/100|[from] item: Leftovers\n|upkeep\n|inactive|Flying Beagle has 210 seconds left.\n|c|\u2606GuitarheroVGC|i'm sorry...\n|inactive|Flying Beagle has 180 seconds left.\n|\n|t:|1697402624\n|switch|p2b: Rillaboom|Rillaboom, M|100\/100\n|turn|5\n|\n|t:|1697402634\n|-terastallize|p2a: Goodra|Fire\n|move|p2b: Rillaboom|Wood Hammer|p1a: digimon agumon\n|-damage|p1a: digimon agumon|0 fnt\n|faint|p1a: digimon agumon\n|-damage|p2b: Rillaboom|80\/100|[from] Recoil\n|move|p1b: the juggler|Drain Punch|p2a: Goodra\n|-damage|p2a: Goodra|34\/100\n|-heal|p1b: the juggler|100\/100|[from] drain|[of] p2a: Goodra\n|move|p2a: Goodra|Dragon Tail|p1b: the juggler\n|-damage|p1b: the juggler|77\/100\n|-end|p1b: the juggler|Quark Drive|[silent]\n|drag|p1b: lord of hellfire|Basculegion, M|100\/100\n|-damage|p1b: lord of hellfire|88\/100|[from] Spikes\n|-damage|p1b: lord of hellfire|76\/100|[from] Stealth Rock\n|\n|-weather|Snow|[upkeep]\n|-heal|p1b: lord of hellfire|82\/100|[from] Grassy Terrain\n|-heal|p2b: Rillaboom|87\/100|[from] Grassy Terrain\n|-heal|p2a: Goodra|40\/100|[from] Grassy Terrain\n|-heal|p2a: Goodra|47\/100|[from] item: Leftovers\n|upkeep\n|\n|t:|1697402651\n|switch|p1a: lord of the game|Ogerpon-Hearthflame, F|100\/100\n|-damage|p1a: lord of the game|88\/100|[from] Spikes\n|-damage|p1a: lord of the game|63\/100|[from] Stealth Rock\n|-ability|p1a: lord of the game|Mold Breaker\n|turn|6\n|inactive|Flying Beagle has 210 seconds left.\n|\n|t:|1697402668\n|-terastallize|p1b: lord of hellfire|Dark\n|move|p2b: Rillaboom|Grassy Glide|p1b: lord of hellfire\n|-damage|p1b: lord of hellfire|28\/100\n|move|p1b: lord of hellfire|Wave Crash|p2a: Goodra\n|-supereffective|p2a: Goodra\n|-damage|p2a: Goodra|0 fnt\n|faint|p2a: Goodra\n|-damage|p1b: lord of hellfire|13\/100|[from] Recoil\n|move|p1a: lord of the game|Ivy Cudgel|p2b: Rillaboom\n|-supereffective|p2b: Rillaboom\n|-damage|p2b: Rillaboom|0 fnt\n|faint|p2b: Rillaboom\n|\n|-weather|Snow|[upkeep]\n|-heal|p1b: lord of hellfire|19\/100|[from] Grassy Terrain\n|-heal|p1a: lord of the game|69\/100|[from] Grassy Terrain\n|upkeep\n|inactive|Flying Beagle has 210 seconds left.\n|\n|t:|1697402675\n|switch|p2b: Chi-Yu|Chi-Yu|100\/100\n|switch|p2a: Landorus|Landorus-Therian, M|53\/100 brn\n|-ability|p2b: Chi-Yu|Beads of Ruin\n|-ability|p2a: Landorus|Intimidate|boost\n|-unboost|p1a: lord of the game|atk|1\n|-unboost|p1b: lord of hellfire|atk|1\n|turn|7\n|\n|t:|1697402699\n|move|p2b: Chi-Yu|Protect|p2b: Chi-Yu\n|-singleturn|p2b: Chi-Yu|Protect\n|move|p1b: lord of hellfire|Wave Crash|p2b: Chi-Yu\n|-activate|p2b: Chi-Yu|move: Protect\n|move|p1a: lord of the game|Ivy Cudgel|p2a: Landorus\n|-crit|p2a: Landorus\n|-damage|p2a: Landorus|0 fnt\n|faint|p2a: Landorus\n|\n|-weather|Snow|[upkeep]\n|-heal|p1b: lord of hellfire|25\/100|[from] Grassy Terrain\n|-heal|p1a: lord of the game|75\/100|[from] Grassy Terrain\n|-fieldend|move: Grassy Terrain\n|upkeep\n|turn|8\n|c|\u2606Flying Beagle|gg\n|\n|t:|1697402709\n|move|p1b: lord of hellfire|Wave Crash|p2b: Chi-Yu\n|-supereffective|p2b: Chi-Yu\n|-damage|p2b: Chi-Yu|12\/100\n|-damage|p1b: lord of hellfire|2\/100|[from] Recoil\n|move|p2b: Chi-Yu|Heat Wave|p1a: lord of the game|[spread] p1a,p1b\n|-crit|p1b: lord of hellfire\n|-damage|p1a: lord of the game|35\/100\n|-damage|p1b: lord of hellfire|0 fnt\n|faint|p1b: lord of hellfire\n|move|p1a: lord of the game|Ivy Cudgel|p2b: Chi-Yu\n|-resisted|p2b: Chi-Yu\n|-damage|p2b: Chi-Yu|0 fnt\n|faint|p2b: Chi-Yu\n|\n|win|GuitarheroVGC\n|c|\u2606GuitarheroVGC|very sorry for the hax...\n|c|\u2606Flying Beagle|it's all good dw\n","uploadtime":1697402710,"views":46,"p1id":"guitarherovgc","p2id":"flyingbeagle","formatid":"gen9doublesou","rating":0,"private":0,"password":""}