{"id":"smogtours-gen9doublesou-725535","p1":"Tenzai","p2":"Akaru Kokuyo\u3075\u308f","format":"[Gen 9] Doubles OU","log":"|inactive|Battle timer is ON: inactive players will automatically lose when time's up.\n|t:|1697990524\n|gametype|doubles\n|player|p1|Tenzai|#scl3spartans2|\n|player|p2|Akaru Kokuyo\u3075\u308f|#scl3foxes|\n|teamsize|p1|6\n|teamsize|p2|6\n|gen|9\n|tier|[Gen 9] Doubles OU\n|rule|Species Clause: Limit one of each Pok\u00e9mon\n|rule|OHKO Clause: OHKO moves are banned\n|rule|Evasion Moves Clause: Evasion moves are banned\n|rule|Gravity Sleep Clause: The combination of sleep-inducing moves with imperfect accuracy and Gravity or Gigantamax Orbeetle are banned\n|rule|Endless Battle Clause: Forcing endless battles is banned\n|rule|HP Percentage Mod: HP is shown in percentages\n|clearpoke\n|poke|p1|Zapdos-Galar|\n|poke|p1|Ursaluna, M|\n|poke|p1|Cresselia, F|\n|poke|p1|Rillaboom, M|\n|poke|p1|Tornadus, M|\n|poke|p1|Heatran, F|\n|poke|p2|Tornadus, M|\n|poke|p2|Ogerpon-Wellspring, F|\n|poke|p2|Gholdengo|\n|poke|p2|Ninetales-Alola, F|\n|poke|p2|Iron Hands|\n|poke|p2|Amoonguss, F|\n|teampreview\n|c|+EQ Enrique|kakaru\n|c|\u2606Akaru Kokuyo\u3075\u308f|glhf\n|c|\u2606Tenzai|hf\n|raw|<div class=\"broadcast-red\"><strong>Moderated chat was set to \u2606!<\/strong><br \/>Only users of rank \u2606 and higher can talk.<\/div>\n|inactive|Tenzai has 270 seconds left.\n|inactive|Akaru Kokuyo\u3075\u308f has 270 seconds left.\n|inactive|Tenzai has 240 seconds left.\n|inactive|Akaru Kokuyo\u3075\u308f has 240 seconds left.\n|inactive|Akaru Kokuyo\u3075\u308f has 210 seconds left.\n|\n|t:|1697990627\n|start\n|switch|p1a: Zapdos|Zapdos-Galar|100\/100\n|switch|p1b: Tornadus|Tornadus, M|100\/100\n|switch|p2a: Ninetales|Ninetales-Alola, F|100\/100\n|switch|p2b: Iron Hands|Iron Hands|100\/100\n|-weather|Snow|[from] ability: Snow Warning|[of] p2a: Ninetales\n|turn|1\n|inactive|Akaru Kokuyo\u3075\u308f has 270 seconds left.\n|\n|t:|1697990654\n|switch|p1a: Heatran|Heatran, F|100\/100\n|move|p1b: Tornadus|Protect|p1b: Tornadus\n|-singleturn|p1b: Tornadus|Protect\n|move|p2b: Iron Hands|Fake Out|p1a: Heatran\n|-resisted|p1a: Heatran\n|-damage|p1a: Heatran|95\/100\n|move|p2a: Ninetales|Blizzard|p1a: Heatran|[spread] p1a\n|-activate|p1b: Tornadus|move: Protect\n|-resisted|p1a: Heatran\n|-damage|p1a: Heatran|92\/100\n|\n|-weather|Snow|[upkeep]\n|upkeep\n|turn|2\n|inactive|Akaru Kokuyo\u3075\u308f has 270 seconds left.\n|inactive|Tenzai has 270 seconds left.\n|inactive|Tenzai has 240 seconds left.\n|inactive|Tenzai has 210 seconds left.\n|\n|t:|1697990766\n|switch|p1b: Rillaboom|Rillaboom, M|100\/100\n|-fieldstart|move: Grassy Terrain|[from] ability: Grassy Surge|[of] p1b: Rillaboom\n|-terastallize|p1a: Heatran|Fairy\n|move|p2a: Ninetales|Protect|p2a: Ninetales\n|-singleturn|p2a: Ninetales|Protect\n|move|p1a: Heatran|Heat Wave|p2a: Ninetales|[spread] p2b\n|-activate|p2a: Ninetales|move: Protect\n|-damage|p2b: Iron Hands|82\/100\n|move|p2b: Iron Hands|Close Combat|p1a: Heatran\n|-resisted|p1a: Heatran\n|-damage|p1a: Heatran|62\/100\n|-unboost|p2b: Iron Hands|def|1\n|-unboost|p2b: Iron Hands|spd|1\n|\n|-weather|Snow|[upkeep]\n|-heal|p1a: Heatran|69\/100|[from] Grassy Terrain\n|-heal|p2b: Iron Hands|88\/100|[from] Grassy Terrain\n|upkeep\n|turn|3\n|inactive|Tenzai has 210 seconds left.\n|inactive|Akaru Kokuyo\u3075\u308f has 270 seconds left.\n|\n|t:|1697990794\n|switch|p2a: Ogerpon|Ogerpon-Wellspring, F|100\/100\n|-end|p2b: Iron Hands|Quark Drive|[silent]\n|switch|p2b: Tornadus|Tornadus, M|100\/100\n|move|p1b: Rillaboom|U-turn|p2b: Tornadus\n|-resisted|p2b: Tornadus\n|-damage|p2b: Tornadus|88\/100\n|\n|t:|1697990801\n|switch|p1b: Tornadus|Tornadus, M|100\/100|[from] U-turn\n|move|p1a: Heatran|Heat Wave|p2b: Tornadus|[spread] p2a,p2b\n|-damage|p2a: Ogerpon|61\/100\n|-damage|p2b: Tornadus|44\/100\n|-enditem|p2b: Tornadus|Sitrus Berry|[eat]\n|-heal|p2b: Tornadus|68\/100|[from] item: Sitrus Berry\n|\n|-weather|Snow|[upkeep]\n|-heal|p2a: Ogerpon|67\/100|[from] Grassy Terrain\n|-heal|p1a: Heatran|75\/100|[from] Grassy Terrain\n|upkeep\n|turn|4\n|inactive|Tenzai has 210 seconds left.\n|inactive|Akaru Kokuyo\u3075\u308f has 270 seconds left.\n|inactive|Tenzai has 180 seconds left.\n|inactive|Akaru Kokuyo\u3075\u308f has 240 seconds left.\n|inactive|Tenzai has 150 seconds left.\n|inactive|Akaru Kokuyo\u3075\u308f has 210 seconds left.\n|\n|t:|1697990902\n|move|p2b: Tornadus|Taunt|p1b: Tornadus\n|-start|p1b: Tornadus|move: Taunt\n|cant|p1b: Tornadus|move: Taunt|Tailwind\n|move|p2a: Ogerpon|Ivy Cudgel|p1a: Heatran\n|-damage|p1a: Heatran|29\/100\n|move|p1a: Heatran|Heat Wave|p2a: Ogerpon|[spread] p2a\n|-miss|p1a: Heatran|p2b: Tornadus\n|-damage|p2a: Ogerpon|30\/100\n|\n|-weather|Snow|[upkeep]\n|-heal|p2a: Ogerpon|36\/100|[from] Grassy Terrain\n|-heal|p1a: Heatran|36\/100|[from] Grassy Terrain\n|upkeep\n|turn|5\n|inactive|Akaru Kokuyo\u3075\u308f has 210 seconds left.\n|\n|t:|1697990939\n|switch|p2a: Iron Hands|Iron Hands|88\/100\n|switch|p1b: Rillaboom|Rillaboom, M|100\/100\n|move|p2b: Tornadus|Protect|p2b: Tornadus\n|-singleturn|p2b: Tornadus|Protect\n|move|p1a: Heatran|Heat Wave|p2b: Tornadus|[spread] p2a\n|-activate|p2b: Tornadus|move: Protect\n|-damage|p2a: Iron Hands|69\/100\n|\n|-weather|none\n|-heal|p1a: Heatran|42\/100|[from] Grassy Terrain\n|-heal|p2a: Iron Hands|75\/100|[from] Grassy Terrain\n|upkeep\n|turn|6\n|inactive|Tenzai has 150 seconds left.\n|inactive|Akaru Kokuyo\u3075\u308f has 210 seconds left.\n|inactive|Tenzai has 120 seconds left.\n|\n|t:|1697990999\n|move|p1b: Rillaboom|Fake Out|p2b: Tornadus\n|-damage|p2b: Tornadus|54\/100\n|cant|p2b: Tornadus|flinch\n|move|p1a: Heatran|Tera Blast|p2b: Tornadus|[anim] Tera Blast Fairy\n|-damage|p2b: Tornadus|0 fnt\n|faint|p2b: Tornadus\n|move|p2a: Iron Hands|Heavy Slam|p1a: Heatran\n|-supereffective|p1a: Heatran\n|-damage|p1a: Heatran|17\/100\n|\n|-heal|p1a: Heatran|23\/100|[from] Grassy Terrain\n|-heal|p2a: Iron Hands|81\/100|[from] Grassy Terrain\n|-fieldend|move: Grassy Terrain\n|upkeep\n|inactive|Akaru Kokuyo\u3075\u308f has 180 seconds left.\n|\n|t:|1697991009\n|switch|p2b: Ninetales|Ninetales-Alola, F|100\/100\n|-weather|Snow|[from] ability: Snow Warning|[of] p2b: Ninetales\n|turn|7\n|\n|t:|1697991026\n|move|p2b: Ninetales|Aurora Veil|p2b: Ninetales\n|-sidestart|p2: Akaru Kokuyo\u3075\u308f|move: Aurora Veil\n|move|p1b: Rillaboom|U-turn|p2a: Iron Hands\n|-resisted|p2a: Iron Hands\n|-damage|p2a: Iron Hands|76\/100\n|\n|t:|1697991032\n|switch|p1b: Cresselia|Cresselia, F|100\/100|[from] U-turn\n|move|p1a: Heatran|Flash Cannon|p2b: Ninetales\n|-supereffective|p2b: Ninetales\n|-damage|p2b: Ninetales|0 fnt\n|faint|p2b: Ninetales\n|move|p2a: Iron Hands|Wild Charge|p1a: Heatran\n|-damage|p1a: Heatran|0 fnt\n|faint|p1a: Heatran\n|-damage|p2a: Iron Hands|72\/100|[from] Recoil\n|\n|-weather|Snow|[upkeep]\n|upkeep\n|inactive|Akaru Kokuyo\u3075\u308f has 210 seconds left.\n|inactive|Tenzai has 150 seconds left.\n|\n|t:|1697991055\n|switch|p2b: Gholdengo|Gholdengo|100\/100\n|switch|p1a: Rillaboom|Rillaboom, M|100\/100\n|-fieldstart|move: Grassy Terrain|[from] ability: Grassy Surge|[of] p1a: Rillaboom\n|-enditem|p1b: Cresselia|Grassy Seed\n|-boost|p1b: Cresselia|def|1|[from] item: Grassy Seed\n|turn|8\n|inactive|Tenzai has 150 seconds left.\n|\n|t:|1697991081\n|-end|p2a: Iron Hands|Quark Drive|[silent]\n|switch|p2a: Amoonguss|Amoonguss, F|100\/100\n|move|p1a: Rillaboom|Brick Break|p2a: Amoonguss\n|-sideend|p2: Akaru Kokuyo\u3075\u308f|move: Aurora Veil\n|-resisted|p2a: Amoonguss\n|-damage|p2a: Amoonguss|92\/100\n|move|p2b: Gholdengo|Nasty Plot|p2b: Gholdengo\n|-boost|p2b: Gholdengo|spa|2\n|move|p1b: Cresselia|Calm Mind|p1b: Cresselia\n|-boost|p1b: Cresselia|spa|1\n|-boost|p1b: Cresselia|spd|1\n|\n|-weather|Snow|[upkeep]\n|-heal|p2a: Amoonguss|98\/100|[from] Grassy Terrain\n|upkeep\n|turn|9\n|inactive|Akaru Kokuyo\u3075\u308f has 240 seconds left.\n|\n|t:|1697991096\n|move|p1a: Rillaboom|U-turn|p2a: Amoonguss\n|-damage|p2a: Amoonguss|83\/100\n|inactive|Tenzai has 150 seconds left.\n|inactive|Tenzai has 120 seconds left.\n|\n|t:|1697991145\n|switch|p1a: Zapdos|Zapdos-Galar|100\/100|[from] U-turn\n|move|p2b: Gholdengo|Nasty Plot|p2b: Gholdengo\n|-boost|p2b: Gholdengo|spa|2\n|move|p1b: Cresselia|Stored Power|p2a: Amoonguss\n|-supereffective|p2a: Amoonguss\n|-damage|p2a: Amoonguss|23\/100\n|move|p2a: Amoonguss|Clear Smog|p1b: Cresselia\n|-damage|p1b: Cresselia|94\/100\n|-clearboost|p1b: Cresselia\n|\n|-weather|Snow|[upkeep]\n|-heal|p2a: Amoonguss|29\/100|[from] Grassy Terrain\n|upkeep\n|turn|10\n|inactive|Tenzai has 120 seconds left.\n|\n|t:|1697991189\n|switch|p2a: Ogerpon|Ogerpon-Wellspring, F|36\/100\n|move|p1a: Zapdos|U-turn|p2a: Ogerpon\n|-supereffective|p2a: Ogerpon\n|-damage|p2a: Ogerpon|0 fnt\n|faint|p2a: Ogerpon\n|\n|t:|1697991193\n|switch|p1a: Rillaboom|Rillaboom, M|100\/100|[from] U-turn\n|move|p2b: Gholdengo|Make It Rain|p1a: Rillaboom|[spread] p1a,p1b\n|-damage|p1a: Rillaboom|22\/100\n|-damage|p1b: Cresselia|10\/100\n|-unboost|p2b: Gholdengo|spa|1\n|move|p1b: Cresselia|Ice Beam|p2b: Gholdengo\n|-resisted|p2b: Gholdengo\n|-damage|p2b: Gholdengo|93\/100\n|\n|-weather|Snow|[upkeep]\n|-heal|p1a: Rillaboom|29\/100|[from] Grassy Terrain\n|-heal|p2b: Gholdengo|99\/100|[from] Grassy Terrain\n|-heal|p2b: Gholdengo|100\/100|[from] item: Leftovers\n|upkeep\n|inactive|Akaru Kokuyo\u3075\u308f has 240 seconds left.\n|\n|t:|1697991213\n|switch|p2a: Amoonguss|Amoonguss, F|62\/100\n|turn|11\n|inactive|Tenzai has 120 seconds left.\n|\n|t:|1697991257\n|move|p1a: Rillaboom|Grassy Glide|p2b: Gholdengo\n|-resisted|p2b: Gholdengo\n|-damage|p2b: Gholdengo|85\/100\n|move|p2b: Gholdengo|Nasty Plot|p2b: Gholdengo\n|-boost|p2b: Gholdengo|spa|2\n|move|p1b: Cresselia|Ice Beam|p2a: Amoonguss\n|-supereffective|p2a: Amoonguss\n|-damage|p2a: Amoonguss|31\/100\n|move|p2a: Amoonguss|Spore|p1b: Cresselia\n|-status|p1b: Cresselia|slp|[from] move: Spore\n|\n|-weather|none\n|-heal|p1a: Rillaboom|35\/100|[from] Grassy Terrain\n|-heal|p2b: Gholdengo|91\/100|[from] Grassy Terrain\n|-heal|p2b: Gholdengo|98\/100|[from] item: Leftovers\n|-heal|p2a: Amoonguss|37\/100|[from] Grassy Terrain\n|upkeep\n|turn|12\n|inactive|Tenzai has 120 seconds left.\n|inactive|Akaru Kokuyo\u3075\u308f has 270 seconds left.\n|\n|t:|1697991302\n|move|p1a: Rillaboom|Grassy Glide|p2a: Amoonguss\n|-resisted|p2a: Amoonguss\n|-damage|p2a: Amoonguss|30\/100\n|move|p2b: Gholdengo|Shadow Ball|p1a: Rillaboom\n|-damage|p1a: Rillaboom|0 fnt\n|faint|p1a: Rillaboom\n|cant|p1b: Cresselia|slp\n|move|p2a: Amoonguss|Spore|p1b: Cresselia\n|-fail|p1b: Cresselia|slp\n|\n|-heal|p2b: Gholdengo|100\/100|[from] Grassy Terrain\n|-heal|p2a: Amoonguss|36\/100|[from] Grassy Terrain\n|-fieldend|move: Grassy Terrain\n|upkeep\n|inactive|Tenzai has 120 seconds left.\n|inactive|Tenzai has 90 seconds left.\n|\n|t:|1697991347\n|switch|p1a: Tornadus|Tornadus, M|100\/100\n|turn|13\n|inactive|Akaru Kokuyo\u3075\u308f has 270 seconds left.\n|inactive|Tenzai has 90 seconds left.\n|\n|t:|1697991365\n|switch|p1b: Ursaluna|Ursaluna, M|100\/100\n|switch|p2a: Iron Hands|Iron Hands|72\/100\n|move|p1a: Tornadus|Tailwind|p1a: Tornadus\n|-sidestart|p1: Tenzai|move: Tailwind\n|move|p2b: Gholdengo|Make It Rain|p1b: Ursaluna|[spread] p1a,p1b\n|-damage|p1a: Tornadus|0 fnt\n|-damage|p1b: Ursaluna|0 fnt\n|-unboost|p2b: Gholdengo|spa|1\n|faint|p1a: Tornadus\n|faint|p1b: Ursaluna\n|\n|upkeep\n|inactive|Tenzai has 90 seconds left.\n|c|\u2606Tenzai|gg\n|c|\u2606Akaru Kokuyo\u3075\u308f|gg\n|inactive|Tenzai has 60 seconds left.\n|\n|t:|1697991405\n|switch|p1a: Cresselia|Cresselia, F|10\/100 slp\n|switch|p1b: Zapdos|Zapdos-Galar|100\/100\n|turn|14\n|\n|t:|1697991413\n|move|p2a: Iron Hands|Fake Out|p1b: Zapdos\n|-damage|p1b: Zapdos|85\/100\n|cant|p1b: Zapdos|flinch\n|-curestatus|p1a: Cresselia|slp|[msg]\n|move|p1a: Cresselia|Moonlight|p1a: Cresselia\n|-heal|p1a: Cresselia|60\/100\n|move|p2b: Gholdengo|Make It Rain|p1a: Cresselia|[spread] p1a,p1b\n|-damage|p1a: Cresselia|0 fnt\n|-damage|p1b: Zapdos|0 fnt\n|-unboost|p2b: Gholdengo|spa|1\n|faint|p1a: Cresselia\n|faint|p1b: Zapdos\n|\n|win|Akaru Kokuyo\u3075\u308f\n","uploadtime":1697991414,"views":377,"p1id":"tenzai","p2id":"akarukokuyo","formatid":"gen9doublesou","rating":0,"private":0,"password":""}