{"id":"smogtours-gen9doublesou-732601","p1":"Feyette","p2":"Based Witch","format":"[Gen 9] Doubles OU","log":"|inactive|Battle timer is ON: inactive players will automatically lose when time's up.\n|t:|1701011071\n|gametype|doubles\n|player|p1|Feyette|#scl3dynamos|\n|player|p2|Based Witch|fantina|\n|teamsize|p1|6\n|teamsize|p2|6\n|gen|9\n|tier|[Gen 9] Doubles OU\n|rule|Species Clause: Limit one of each Pok\u00e9mon\n|rule|OHKO Clause: OHKO moves are banned\n|rule|Evasion Moves Clause: Evasion moves are banned\n|rule|Gravity Sleep Clause: The combination of sleep-inducing moves with imperfect accuracy and Gravity or Gigantamax Orbeetle are banned\n|rule|Endless Battle Clause: Forcing endless battles is banned\n|rule|HP Percentage Mod: HP is shown in percentages\n|clearpoke\n|poke|p1|Farigiraf, F|\n|poke|p1|Heatran, M|\n|poke|p1|Zapdos-Galar|\n|poke|p1|Clodsire, M|\n|poke|p1|Iron Bundle|\n|poke|p1|Rillaboom, M|\n|poke|p2|Amoonguss, F|\n|poke|p2|Okidogi, M|\n|poke|p2|Tornadus, M|\n|poke|p2|Ogerpon-Wellspring, F|\n|poke|p2|Landorus-Therian, M|\n|poke|p2|Heatran, M|\n|teampreview\n|c|\u2606Based Witch|hf\n|c|\u2606Feyette|u2\n|inactive|Feyette has 270 seconds left.\n|inactive|Based Witch has 270 seconds left.\n|c|+Enzonana|DALE CAGADANN\n|inactive|Feyette has 240 seconds left.\n|inactive|Based Witch has 240 seconds left.\n|inactive|Feyette has 210 seconds left.\n|inactive|Based Witch has 210 seconds left.\n|inactive|Based Witch has 180 seconds left.\n|\n|t:|1701011195\n|start\n|switch|p1a: Zapdos|Zapdos-Galar|100\/100\n|switch|p1b: Rillaboom|Rillaboom, M|100\/100\n|switch|p2a: Okidogi|Okidogi, M|100\/100\n|switch|p2b: Tornadus|Tornadus, M|100\/100\n|-fieldstart|move: Grassy Terrain|[from] ability: Grassy Surge|[of] p1b: Rillaboom\n|-enditem|p1a: Zapdos|Grassy Seed\n|-boost|p1a: Zapdos|def|1|[from] item: Grassy Seed\n|turn|1\n|c|+FAKEE|+Enzonana: DALE CAGADANN\n|inactive|Feyette has 270 seconds left.\n|inactive|Based Witch has 240 seconds left.\n|c|+FAKEE|pq estamos usando un okidogi enzonana\n|c|+FAKEE|explicame ese momazo\n|c|+Enzonana|es scl pa\n|c|+AIRedzone|Gooooo fey\n|c|+Enzonana|los undrafted no opinamos\n|c|+FAKEE|hiiiiiijo de su puta madre\n|inactive|Feyette has 240 seconds left.\n|\n|t:|1701011265\n|switch|p1b: Clodsire|Clodsire, M|100\/100\n|switch|p2a: Heatran|Heatran, M|100\/100\n|move|p2b: Tornadus|Tailwind|p2b: Tornadus\n|-sidestart|p2: Based Witch|move: Tailwind\n|move|p1a: Zapdos|Acrobatics|p2b: Tornadus\n|-damage|p2b: Tornadus|26\/100\n|-enditem|p2b: Tornadus|Sitrus Berry|[eat]\n|-heal|p2b: Tornadus|51\/100|[from] item: Sitrus Berry\n|\n|upkeep\n|turn|2\n|inactive|Based Witch has 240 seconds left.\n|inactive|Feyette has 240 seconds left.\n|inactive|Based Witch has 210 seconds left.\n|inactive|Feyette has 210 seconds left.\n|\n|t:|1701011322\n|switch|p2b: Ogerpon|Ogerpon-Wellspring, F|100\/100\n|-terastallize|p2a: Heatran|Ghost\n|-terastallize|p1a: Zapdos|Fire\n|move|p2a: Heatran|Will-O-Wisp|p1a: Zapdos\n|-immune|p1a: Zapdos\n|move|p1a: Zapdos|Acrobatics|p2b: Ogerpon\n|-supereffective|p2b: Ogerpon\n|-damage|p2b: Ogerpon|0 fnt\n|faint|p2b: Ogerpon\n|move|p1b: Clodsire|Stealth Rock|p2a: Heatran\n|-sidestart|p2: Based Witch|move: Stealth Rock\n|\n|upkeep\n|inactive|Based Witch has 180 seconds left.\n|\n|t:|1701011370\n|switch|p2b: Tornadus|Tornadus, M|51\/100\n|-damage|p2b: Tornadus|26\/100|[from] Stealth Rock\n|turn|3\n|inactive|Based Witch has 180 seconds left.\n|inactive|Feyette has 210 seconds left.\n|\n|t:|1701011422\n|move|p1a: Zapdos|Protect|p1a: Zapdos\n|-singleturn|p1a: Zapdos|Protect\n|move|p2b: Tornadus|Bleakwind Storm|p1b: Clodsire|[spread] p1b\n|-activate|p1a: Zapdos|move: Protect\n|-damage|p1b: Clodsire|77\/100\n|move|p2a: Heatran|Earth Power|p1a: Zapdos\n|-activate|p1a: Zapdos|move: Protect\n|move|p1b: Clodsire|Gunk Shot|p2b: Tornadus\n|-crit|p2b: Tornadus\n|-damage|p2b: Tornadus|0 fnt\n|faint|p2b: Tornadus\n|\n|-heal|p1b: Clodsire|83\/100|[from] Grassy Terrain\n|-heal|p1b: Clodsire|89\/100|[from] item: Leftovers\n|upkeep\n|inactive|Based Witch has 180 seconds left.\n|\n|t:|1701011428\n|switch|p2b: Landorus|Landorus-Therian, M|100\/100\n|-damage|p2b: Landorus|88\/100|[from] Stealth Rock\n|-ability|p2b: Landorus|Intimidate|boost\n|-unboost|p1a: Zapdos|atk|1\n|-ability|p1a: Zapdos|Defiant|boost\n|-boost|p1a: Zapdos|atk|2\n|-unboost|p1b: Clodsire|atk|1\n|turn|4\n|inactive|Feyette has 210 seconds left.\n|\n|t:|1701011458\n|switch|p1b: Heatran|Heatran, M|100\/100\n|move|p1a: Zapdos|Protect|p1a: Zapdos\n|-singleturn|p1a: Zapdos|Protect\n|move|p2b: Landorus|Stomping Tantrum|p1a: Zapdos\n|-activate|p1a: Zapdos|move: Protect\n|move|p2a: Heatran|Earth Power|p1a: Zapdos\n|-activate|p1a: Zapdos|move: Protect\n|\n|-sideend|p2: Based Witch|move: Tailwind\n|upkeep\n|turn|5\n|inactive|Feyette has 210 seconds left.\n|inactive|Based Witch has 210 seconds left.\n|inactive|Feyette has 180 seconds left.\n|inactive|Based Witch has 180 seconds left.\n|\n|t:|1701011517\n|switch|p1b: Iron Bundle|Iron Bundle|100\/100\n|-enditem|p1b: Iron Bundle|Booster Energy\n|-activate|p1b: Iron Bundle|ability: Quark Drive|[fromitem]\n|-start|p1b: Iron Bundle|quarkdrivespe\n|move|p2b: Landorus|Stomping Tantrum|p1a: Zapdos\n|-supereffective|p1a: Zapdos\n|-damage|p1a: Zapdos|29\/100\n|move|p1a: Zapdos|Acrobatics|p2b: Landorus\n|-damage|p2b: Landorus|5\/100\n|move|p2a: Heatran|Earth Power|p1a: Zapdos\n|-supereffective|p1a: Zapdos\n|-damage|p1a: Zapdos|0 fnt\n|faint|p1a: Zapdos\n|\n|-fieldend|move: Grassy Terrain\n|upkeep\n|inactive|Feyette has 150 seconds left.\n|inactive|Feyette has 120 seconds left.\n|\n|t:|1701011563\n|switch|p1a: Farigiraf|Farigiraf, F|100\/100\n|turn|6\n|\n|t:|1701011580\n|move|p1b: Iron Bundle|Icy Wind|p2b: Landorus|[spread] p2a,p2b\n|-supereffective|p2b: Landorus\n|-damage|p2a: Heatran|86\/100\n|-damage|p2b: Landorus|0 fnt\n|-unboost|p2a: Heatran|spe|1\n|faint|p2b: Landorus\n|move|p1a: Farigiraf|Nasty Plot|p1a: Farigiraf\n|-boost|p1a: Farigiraf|spa|2\n|move|p2a: Heatran|Heat Wave|p1a: Farigiraf|[spread] p1a,p1b\n|-crit|p1b: Iron Bundle\n|-damage|p1a: Farigiraf|56\/100\n|-damage|p1b: Iron Bundle|14\/100\n|\n|-heal|p2a: Heatran|92\/100|[from] item: Leftovers\n|upkeep\n|\n|t:|1701011591\n|switch|p2b: Amoonguss|Amoonguss, F|100\/100\n|-damage|p2b: Amoonguss|88\/100|[from] Stealth Rock\n|turn|7\n|\n|t:|1701011600\n|move|p1b: Iron Bundle|Icy Wind|p2b: Amoonguss|[spread] p2a,p2b\n|-supereffective|p2b: Amoonguss\n|-crit|p2b: Amoonguss\n|-damage|p2a: Heatran|78\/100\n|-damage|p2b: Amoonguss|46\/100\n|-unboost|p2a: Heatran|spe|1\n|-unboost|p2b: Amoonguss|spe|1\n|move|p1a: Farigiraf|Psyshock|p2a: Heatran\n|-damage|p2a: Heatran|11\/100\n|move|p2a: Heatran|Heat Wave|p1b: Iron Bundle|[spread] p1a,p1b\n|-crit|p1b: Iron Bundle\n|-damage|p1a: Farigiraf|13\/100\n|-damage|p1b: Iron Bundle|0 fnt\n|-status|p1a: Farigiraf|brn\n|faint|p1b: Iron Bundle\n|-end|p1b: Iron Bundle|Quark Drive|[silent]\n|move|p2b: Amoonguss|Pollen Puff|p1a: Farigiraf\n|-supereffective|p1a: Farigiraf\n|-damage|p1a: Farigiraf|0 fnt\n|faint|p1a: Farigiraf\n|\n|-heal|p2a: Heatran|17\/100|[from] item: Leftovers\n|upkeep\n|inactive|Feyette has 150 seconds left.\n|\n|t:|1701011613\n|switch|p1b: Heatran|Heatran, M|100\/100\n|switch|p1a: Rillaboom|Rillaboom, M|100\/100\n|-fieldstart|move: Grassy Terrain|[from] ability: Grassy Surge|[of] p1a: Rillaboom\n|turn|8\n|inactive|Based Witch has 240 seconds left.\n|inactive|Based Witch has 210 seconds left.\n|inactive|Based Witch has 180 seconds left.\n|\n|t:|1701011690\n|switch|p2b: Okidogi|Okidogi, M|100\/100\n|-damage|p2b: Okidogi|94\/100|[from] Stealth Rock\n|move|p2a: Heatran|Protect|p2a: Heatran\n|-singleturn|p2a: Heatran|Protect\n|move|p1a: Rillaboom|Wood Hammer|p2a: Heatran\n|-activate|p2a: Heatran|move: Protect\n|move|p1b: Heatran|Heat Wave|p2a: Heatran|[spread] p2b\n|-activate|p2a: Heatran|move: Protect\n|-damage|p2b: Okidogi|69\/100\n|\n|-heal|p2b: Okidogi|76\/100|[from] Grassy Terrain\n|-heal|p2a: Heatran|24\/100|[from] Grassy Terrain\n|-heal|p2a: Heatran|30\/100|[from] item: Leftovers\n|upkeep\n|turn|9\n|inactive|Feyette has 180 seconds left.\n|inactive|Feyette has 150 seconds left.\n|\n|t:|1701011740\n|switch|p2a: Amoonguss|Amoonguss, F|79\/100\n|-damage|p2a: Amoonguss|67\/100|[from] Stealth Rock\n|move|p1a: Rillaboom|Wood Hammer|p2a: Amoonguss\n|-resisted|p2a: Amoonguss\n|-damage|p2a: Amoonguss|46\/100\n|-damage|p1a: Rillaboom|93\/100|[from] Recoil\n|move|p2b: Okidogi|Drain Punch|p1b: Heatran\n|-supereffective|p1b: Heatran\n|-damage|p1b: Heatran|30\/100\n|-heal|p2b: Okidogi|100\/100|[from] drain|[of] p1b: Heatran\n|move|p1b: Heatran|Heat Wave|p2b: Okidogi|[spread] p2a\n|-miss|p1b: Heatran|p2b: Okidogi\n|-supereffective|p2a: Amoonguss\n|-enditem|p2a: Amoonguss|Occa Berry|[eat]\n|-enditem|p2a: Amoonguss|Occa Berry|[weaken]\n|-damage|p2a: Amoonguss|15\/100\n|\n|-heal|p1a: Rillaboom|99\/100|[from] Grassy Terrain\n|-heal|p1b: Heatran|36\/100|[from] Grassy Terrain\n|-heal|p2a: Amoonguss|21\/100|[from] Grassy Terrain\n|upkeep\n|turn|10\n|inactive|Feyette has 150 seconds left.\n|\n|t:|1701011763\n|switch|p1b: Clodsire|Clodsire, M|89\/100\n|switch|p2a: Heatran|Heatran, M, tera:Ghost|30\/100\n|-damage|p2a: Heatran|17\/100|[from] Stealth Rock\n|move|p1a: Rillaboom|Wood Hammer|p2a: Heatran\n|-damage|p2a: Heatran|0 fnt\n|faint|p2a: Heatran\n|-damage|p1a: Rillaboom|94\/100|[from] Recoil\n|move|p2b: Okidogi|Drain Punch|p1b: Clodsire\n|-resisted|p1b: Clodsire\n|-damage|p1b: Clodsire|74\/100\n|\n|-heal|p1a: Rillaboom|99\/100|[from] Grassy Terrain\n|-heal|p1b: Clodsire|80\/100|[from] Grassy Terrain\n|-heal|p1b: Clodsire|86\/100|[from] item: Leftovers\n|upkeep\n|\n|t:|1701011776\n|switch|p2a: Amoonguss|Amoonguss, F|54\/100\n|-damage|p2a: Amoonguss|42\/100|[from] Stealth Rock\n|turn|11\n|inactive|Feyette has 150 seconds left.\n|\n|t:|1701011803\n|move|p1a: Rillaboom|Taunt|p2a: Amoonguss\n|-start|p2a: Amoonguss|move: Taunt\n|move|p2b: Okidogi|Gunk Shot|p1a: Rillaboom\n|-supereffective|p1a: Rillaboom\n|-damage|p1a: Rillaboom|0 fnt\n|faint|p1a: Rillaboom\n|cant|p2a: Amoonguss|move: Taunt|Spore\n|move|p1b: Clodsire|Gunk Shot|p2a: Amoonguss\n|-damage|p2a: Amoonguss|13\/100\n|\n|-heal|p2a: Amoonguss|19\/100|[from] Grassy Terrain\n|-heal|p1b: Clodsire|92\/100|[from] Grassy Terrain\n|-heal|p1b: Clodsire|98\/100|[from] item: Leftovers\n|upkeep\n|inactive|Feyette has 150 seconds left.\n|\n|t:|1701011812\n|switch|p1a: Heatran|Heatran, M|36\/100\n|turn|12\n|\n|t:|1701011822\n|move|p2b: Okidogi|Drain Punch|p1a: Heatran\n|-supereffective|p1a: Heatran\n|-damage|p1a: Heatran|0 fnt\n|faint|p1a: Heatran\n|move|p2a: Amoonguss|Pollen Puff|p2b: Okidogi\n|-immune|p2b: Okidogi\n|move|p1b: Clodsire|Gunk Shot|p2a: Amoonguss\n|-damage|p2a: Amoonguss|0 fnt\n|faint|p2a: Amoonguss\n|\n|-heal|p1b: Clodsire|100\/100|[from] Grassy Terrain\n|-fieldend|move: Grassy Terrain\n|upkeep\n|turn|13\n|\n|t:|1701011825\n|move|p2b: Okidogi|Knock Off|p1b: Clodsire\n|-damage|p1b: Clodsire|78\/100\n|-enditem|p1b: Clodsire|Leftovers|[from] move: Knock Off|[of] p2b: Okidogi\n|move|p1b: Clodsire|High Horsepower|p2b: Okidogi\n|-supereffective|p2b: Okidogi\n|-damage|p2b: Okidogi|58\/100\n|\n|upkeep\n|turn|14\n|\n|t:|1701011833\n|move|p2b: Okidogi|Ice Punch|p1b: Clodsire\n|-supereffective|p1b: Clodsire\n|-damage|p1b: Clodsire|40\/100\n|move|p1b: Clodsire|Recover|p1b: Clodsire\n|-heal|p1b: Clodsire|90\/100\n|\n|upkeep\n|turn|15\n|inactive|Feyette has 240 seconds left.\n|\n|t:|1701011841\n|move|p2b: Okidogi|Ice Punch|p1b: Clodsire\n|-supereffective|p1b: Clodsire\n|-damage|p1b: Clodsire|51\/100\n|move|p1b: Clodsire|High Horsepower|p2b: Okidogi\n|-supereffective|p2b: Okidogi\n|-damage|p2b: Okidogi|18\/100\n|\n|upkeep\n|turn|16\n|\n|t:|1701011848\n|move|p2b: Okidogi|Ice Punch|p1b: Clodsire\n|-supereffective|p1b: Clodsire\n|-damage|p1b: Clodsire|15\/100\n|move|p1b: Clodsire|High Horsepower|p2b: Okidogi\n|-supereffective|p2b: Okidogi\n|-damage|p2b: Okidogi|0 fnt\n|faint|p2b: Okidogi\n|\n|win|Feyette\n|c|\u2606Feyette|gg\n","uploadtime":1701011849,"views":144,"p1id":"feyette","p2id":"basedwitch","formatid":"gen9doublesou","rating":0,"private":0,"password":""}