{"id":"smogtours-gen9doublesou-731062","p1":"tianlengmeihou","p2":"ratpacker","format":"[Gen 9] Doubles OU","log":"|inactive|Battle timer is ON: inactive players will automatically lose when time's up.\n|t:|1700305087\n|gametype|doubles\n|player|p1|tianlengmeihou|101|\n|player|p2|ratpacker|twins|\n|teamsize|p1|6\n|teamsize|p2|6\n|gen|9\n|tier|[Gen 9] Doubles OU\n|rule|Species Clause: Limit one of each Pok\u00e9mon\n|rule|OHKO Clause: OHKO moves are banned\n|rule|Evasion Moves Clause: Evasion moves are banned\n|rule|Gravity Sleep Clause: The combination of sleep-inducing moves with imperfect accuracy and Gravity or Gigantamax Orbeetle are banned\n|rule|Endless Battle Clause: Forcing endless battles is banned\n|rule|HP Percentage Mod: HP is shown in percentages\n|clearpoke\n|poke|p1|Rillaboom, F|\n|poke|p1|Ogerpon-Hearthflame, F|\n|poke|p1|Chien-Pao|\n|poke|p1|Dragonite, M|\n|poke|p1|Flutter Mane|\n|poke|p1|Iron Hands|\n|poke|p2|Palafin, M|\n|poke|p2|Rillaboom, F|\n|poke|p2|Kingambit, F|\n|poke|p2|Flutter Mane|\n|poke|p2|Ogerpon-Hearthflame, F|\n|poke|p2|Moltres-Galar|\n|teampreview\n|inactive|tianlengmeihou has 270 seconds left.\n|inactive|ratpacker has 270 seconds left.\n|inactive|tianlengmeihou has 240 seconds left.\n|inactive|ratpacker has 240 seconds left.\n|inactive|ratpacker has 210 seconds left.\n|inactive|ratpacker has 180 seconds left.\n|\n|t:|1700305210\n|start\n|switch|p1a: Iron Hands|Iron Hands|100\/100\n|switch|p1b: Flutter Mane|Flutter Mane|100\/100\n|switch|p2a: HOT LIPS HOULIHAN|Palafin, M|100\/100\n|switch|p2b: RADAR|Flutter Mane|100\/100\n|turn|1\n|\n|t:|1700305236\n|detailschange|p2a: HOT LIPS HOULIHAN|Palafin-Hero, M\n|switch|p2a: COLONEL BLAKE|Rillaboom, F|100\/100\n|-fieldstart|move: Grassy Terrain|[from] ability: Grassy Surge|[of] p2a: COLONEL BLAKE\n|move|p2b: RADAR|Protect|p2b: RADAR\n|-singleturn|p2b: RADAR|Protect\n|move|p1b: Flutter Mane|Moonblast|p2a: COLONEL BLAKE\n|-damage|p2a: COLONEL BLAKE|25\/100\n|-enditem|p2a: COLONEL BLAKE|Eject Button\n|inactive|ratpacker has 240 seconds left.\n|\n|t:|1700305268\n|switch|p2a: TRAPPER MCINTYRE|Ogerpon-Hearthflame, F|100\/100\n|-ability|p2a: TRAPPER MCINTYRE|Mold Breaker\n|move|p1a: Iron Hands|Heavy Slam|p2b: RADAR\n|-activate|p2b: RADAR|move: Protect\n|\n|upkeep\n|turn|2\n|inactive|ratpacker has 240 seconds left.\n|inactive|tianlengmeihou has 270 seconds left.\n|inactive|ratpacker has 210 seconds left.\n|inactive|ratpacker has 180 seconds left.\n|inactive|tianlengmeihou has 240 seconds left.\n|inactive|ratpacker has 150 seconds left.\n|inactive|ratpacker has 120 seconds left.\n|\n|t:|1700305396\n|move|p1b: Flutter Mane|Moonblast|p2b: RADAR\n|-damage|p2b: RADAR|33\/100\n|-unboost|p2b: RADAR|spa|1\n|move|p2b: RADAR|Moonblast|p1a: Iron Hands\n|-supereffective|p1a: Iron Hands\n|-damage|p1a: Iron Hands|58\/100\n|move|p2a: TRAPPER MCINTYRE|Ivy Cudgel|p1a: Iron Hands\n|-damage|p1a: Iron Hands|10\/100\n|move|p1a: Iron Hands|Heavy Slam|p2b: RADAR\n|-supereffective|p2b: RADAR\n|-damage|p2b: RADAR|0 fnt\n|faint|p2b: RADAR\n|-end|p2b: RADAR|Protosynthesis|[silent]\n|\n|-heal|p1a: Iron Hands|16\/100|[from] Grassy Terrain\n|upkeep\n|inactive|ratpacker has 120 seconds left.\n|\n|t:|1700305412\n|switch|p2b: HOT LIPS HOULIHAN|Palafin-Hero, M|100\/100\n|-activate|p2b: HOT LIPS HOULIHAN|ability: Zero to Hero\n|turn|3\n|inactive|ratpacker has 120 seconds left.\n|inactive|tianlengmeihou has 240 seconds left.\n|\n|t:|1700305449\n|-end|p1a: Iron Hands|Quark Drive|[silent]\n|switch|p1a: Rillaboom|Rillaboom, F|100\/100\n|move|p2a: TRAPPER MCINTYRE|Follow Me|p2a: TRAPPER MCINTYRE\n|-singleturn|p2a: TRAPPER MCINTYRE|move: Follow Me\n|move|p1b: Flutter Mane|Moonblast|p2a: TRAPPER MCINTYRE\n|-resisted|p2a: TRAPPER MCINTYRE\n|-damage|p2a: TRAPPER MCINTYRE|63\/100\n|move|p2b: HOT LIPS HOULIHAN|Bulk Up|p2b: HOT LIPS HOULIHAN\n|-boost|p2b: HOT LIPS HOULIHAN|atk|1\n|-boost|p2b: HOT LIPS HOULIHAN|def|1\n|\n|-heal|p2a: TRAPPER MCINTYRE|69\/100|[from] Grassy Terrain\n|upkeep\n|turn|4\n|inactive|tianlengmeihou has 240 seconds left.\n|\n|t:|1700305483\n|move|p2a: TRAPPER MCINTYRE|Spiky Shield|p2a: TRAPPER MCINTYRE\n|-singleturn|p2a: TRAPPER MCINTYRE|move: Protect\n|move|p2b: HOT LIPS HOULIHAN|Protect|p2b: HOT LIPS HOULIHAN\n|-singleturn|p2b: HOT LIPS HOULIHAN|Protect\n|move|p1a: Rillaboom|Fake Out|p2a: TRAPPER MCINTYRE\n|-activate|p2a: TRAPPER MCINTYRE|move: Protect\n|-damage|p1a: Rillaboom|88\/100|[from] Spiky Shield|[of] p2a: TRAPPER MCINTYRE\n|move|p1b: Flutter Mane|Moonblast|p2a: TRAPPER MCINTYRE\n|-activate|p2a: TRAPPER MCINTYRE|move: Protect\n|\n|-heal|p2a: TRAPPER MCINTYRE|75\/100|[from] Grassy Terrain\n|-heal|p1a: Rillaboom|94\/100|[from] Grassy Terrain\n|upkeep\n|turn|5\n|inactive|ratpacker has 150 seconds left.\n|inactive|tianlengmeihou has 240 seconds left.\n|\n|t:|1700305521\n|switch|p1a: \u91cd\u94f8\u9f99\u7cfb\u8363\u5149x3|Dragonite, M|100\/100\n|move|p2a: TRAPPER MCINTYRE|Follow Me|p2a: TRAPPER MCINTYRE\n|-singleturn|p2a: TRAPPER MCINTYRE|move: Follow Me\n|move|p1b: Flutter Mane|Moonblast|p2a: TRAPPER MCINTYRE\n|-resisted|p2a: TRAPPER MCINTYRE\n|-damage|p2a: TRAPPER MCINTYRE|41\/100\n|move|p2b: HOT LIPS HOULIHAN|Bulk Up|p2b: HOT LIPS HOULIHAN\n|-boost|p2b: HOT LIPS HOULIHAN|atk|1\n|-boost|p2b: HOT LIPS HOULIHAN|def|1\n|\n|-heal|p2a: TRAPPER MCINTYRE|47\/100|[from] Grassy Terrain\n|-fieldend|move: Grassy Terrain\n|upkeep\n|turn|6\n|inactive|tianlengmeihou has 240 seconds left.\n|inactive|ratpacker has 150 seconds left.\n|\n|t:|1700305548\n|move|p2a: TRAPPER MCINTYRE|Spiky Shield|p2a: TRAPPER MCINTYRE\n|-singleturn|p2a: TRAPPER MCINTYRE|move: Protect\n|move|p1a: \u91cd\u94f8\u9f99\u7cfb\u8363\u5149x3|Extreme Speed|p2a: TRAPPER MCINTYRE\n|-activate|p2a: TRAPPER MCINTYRE|move: Protect\n|-damage|p1a: \u91cd\u94f8\u9f99\u7cfb\u8363\u5149x3|88\/100|[from] Spiky Shield|[of] p2a: TRAPPER MCINTYRE\n|move|p2b: HOT LIPS HOULIHAN|Jet Punch|p1b: Flutter Mane\n|-damage|p1b: Flutter Mane|0 fnt\n|faint|p1b: Flutter Mane\n|-end|p1b: Flutter Mane|Protosynthesis|[silent]\n|\n|upkeep\n|\n|t:|1700305560\n|switch|p1b: Rillaboom|Rillaboom, F|94\/100\n|-fieldstart|move: Grassy Terrain|[from] ability: Grassy Surge|[of] p1b: Rillaboom\n|turn|7\n|inactive|ratpacker has 150 seconds left.\n|\n|t:|1700305595\n|switch|p2a: FRANK BURNS|Kingambit, F|100\/100\n|-terastallize|p2b: HOT LIPS HOULIHAN|Dragon\n|move|p1b: Rillaboom|Fake Out|p2b: HOT LIPS HOULIHAN\n|-damage|p2b: HOT LIPS HOULIHAN|95\/100\n|move|p1a: \u91cd\u94f8\u9f99\u7cfb\u8363\u5149x3|Extreme Speed|p2a: FRANK BURNS\n|-resisted|p2a: FRANK BURNS\n|-damage|p2a: FRANK BURNS|82\/100\n|cant|p2b: HOT LIPS HOULIHAN|flinch\n|\n|-heal|p2b: HOT LIPS HOULIHAN|100\/100|[from] Grassy Terrain\n|-heal|p1b: Rillaboom|99\/100|[from] Grassy Terrain\n|-heal|p2a: FRANK BURNS|88\/100|[from] Grassy Terrain\n|upkeep\n|turn|8\n|inactive|tianlengmeihou has 240 seconds left.\n|inactive|ratpacker has 150 seconds left.\n|inactive|ratpacker has 120 seconds left.\n|\n|t:|1700305655\n|move|p1a: \u91cd\u94f8\u9f99\u7cfb\u8363\u5149x3|Extreme Speed|p2b: HOT LIPS HOULIHAN\n|-damage|p2b: HOT LIPS HOULIHAN|80\/100\n|move|p2b: HOT LIPS HOULIHAN|Bulk Up|p2b: HOT LIPS HOULIHAN\n|-boost|p2b: HOT LIPS HOULIHAN|atk|1\n|-boost|p2b: HOT LIPS HOULIHAN|def|1\n|move|p1b: Rillaboom|U-turn|p2a: FRANK BURNS\n|-damage|p2a: FRANK BURNS|69\/100\n|inactive|tianlengmeihou has 240 seconds left.\n|\n|t:|1700305664\n|switch|p1b: Chien-Pao|Chien-Pao|100\/100|[from] U-turn\n|-ability|p1b: Chien-Pao|Sword of Ruin\n|move|p2a: FRANK BURNS|Kowtow Cleave|p1a: \u91cd\u94f8\u9f99\u7cfb\u8363\u5149x3\n|-damage|p1a: \u91cd\u94f8\u9f99\u7cfb\u8363\u5149x3|29\/100\n|\n|-heal|p2b: HOT LIPS HOULIHAN|86\/100|[from] Grassy Terrain\n|-heal|p2a: FRANK BURNS|75\/100|[from] Grassy Terrain\n|upkeep\n|turn|9\n|inactive|tianlengmeihou has 240 seconds left.\n|inactive|ratpacker has 120 seconds left.\n|inactive|tianlengmeihou disconnected and has 300 seconds to reconnect!\n|player|p1|\n|inactive|tianlengmeihou has 270 seconds to reconnect!\n|inactive|ratpacker has 90 seconds left.\n|inactive|tianlengmeihou reconnected and has 235 seconds left.\n|player|p1|tianlengmeihou|101\n|inactive|ratpacker has 60 seconds left.\n|inactive|tianlengmeihou has 210 seconds left.\n|\n|t:|1700305772\n|switch|p1a: Iron Hands|Iron Hands|16\/100\n|move|p2b: HOT LIPS HOULIHAN|Protect|p2b: HOT LIPS HOULIHAN\n|-singleturn|p2b: HOT LIPS HOULIHAN|Protect\n|move|p1b: Chien-Pao|Sacred Sword|p2a: FRANK BURNS\n|-supereffective|p2a: FRANK BURNS\n|-damage|p2a: FRANK BURNS|0 fnt\n|faint|p2a: FRANK BURNS\n|\n|-heal|p2b: HOT LIPS HOULIHAN|93\/100|[from] Grassy Terrain\n|-heal|p1a: Iron Hands|23\/100|[from] Grassy Terrain\n|upkeep\n|inactive|ratpacker has 60 seconds left.\n|\n|t:|1700305781\n|switch|p2a: COLONEL BLAKE|Rillaboom, F|25\/100\n|turn|10\n|inactive|tianlengmeihou disconnected and has 250 seconds to reconnect!\n|player|p1|\n|inactive|tianlengmeihou has 240 seconds to reconnect!\n|inactive|tianlengmeihou reconnected and has 220 seconds left.\n|player|p1|tianlengmeihou|101\n|inactive|tianlengmeihou has 210 seconds left.\n|\n|t:|1700305831\n|-terastallize|p1b: Chien-Pao|Ghost\n|move|p2a: COLONEL BLAKE|Fake Out|p1a: Iron Hands\n|-damage|p1a: Iron Hands|10\/100\n|cant|p1a: Iron Hands|flinch\n|move|p2b: HOT LIPS HOULIHAN|Jet Punch|p1b: Chien-Pao\n|-enditem|p1b: Chien-Pao|Focus Sash\n|-damage|p1b: Chien-Pao|1\/100\n|move|p1b: Chien-Pao|Icicle Crash|p2b: HOT LIPS HOULIHAN\n|-supereffective|p2b: HOT LIPS HOULIHAN\n|-damage|p2b: HOT LIPS HOULIHAN|55\/100\n|\n|-heal|p1b: Chien-Pao|7\/100|[from] Grassy Terrain\n|-heal|p2b: HOT LIPS HOULIHAN|61\/100|[from] Grassy Terrain\n|-heal|p2a: COLONEL BLAKE|31\/100|[from] Grassy Terrain\n|-heal|p1a: Iron Hands|17\/100|[from] Grassy Terrain\n|upkeep\n|turn|11\n|inactive|ratpacker has 90 seconds left.\n|inactive|tianlengmeihou has 210 seconds left.\n|inactive|ratpacker has 60 seconds left.\n|\n|t:|1700305880\n|move|p1b: Chien-Pao|Protect|p1b: Chien-Pao\n|-singleturn|p1b: Chien-Pao|Protect\n|move|p2a: COLONEL BLAKE|Protect|p2a: COLONEL BLAKE\n|-singleturn|p2a: COLONEL BLAKE|Protect\n|move|p2b: HOT LIPS HOULIHAN|Drain Punch|p1a: Iron Hands\n|-damage|p1a: Iron Hands|0 fnt\n|-heal|p2b: HOT LIPS HOULIHAN|70\/100|[from] drain|[of] p1a: Iron Hands\n|faint|p1a: Iron Hands\n|-end|p1a: Iron Hands|Quark Drive|[silent]\n|\n|-heal|p1b: Chien-Pao|13\/100|[from] Grassy Terrain\n|-heal|p2b: HOT LIPS HOULIHAN|76\/100|[from] Grassy Terrain\n|-heal|p2a: COLONEL BLAKE|38\/100|[from] Grassy Terrain\n|-fieldend|move: Grassy Terrain\n|upkeep\n|inactive|tianlengmeihou has 210 seconds left.\n|\n|t:|1700305888\n|switch|p1a: \u91cd\u94f8\u9f99\u7cfb\u8363\u5149x3|Dragonite, M|29\/100\n|turn|12\n|inactive|ratpacker has 60 seconds left.\n|\n|t:|1700305922\n|move|p1a: \u91cd\u94f8\u9f99\u7cfb\u8363\u5149x3|Extreme Speed|p2a: COLONEL BLAKE\n|-damage|p2a: COLONEL BLAKE|0 fnt\n|faint|p2a: COLONEL BLAKE\n|move|p2b: HOT LIPS HOULIHAN|Jet Punch|p1b: Chien-Pao\n|-damage|p1b: Chien-Pao|0 fnt\n|faint|p1b: Chien-Pao\n|\n|upkeep\n|\n|t:|1700305936\n|switch|p1b: Rillaboom|Rillaboom, F|99\/100\n|switch|p2a: HAWKEYE PIERCE|Moltres-Galar|100\/100\n|-fieldstart|move: Grassy Terrain|[from] ability: Grassy Surge|[of] p1b: Rillaboom\n|turn|13\n|inactive|tianlengmeihou has 270 seconds left.\n|inactive|ratpacker has 90 seconds left.\n|\n|t:|1700305952\n|move|p1b: Rillaboom|Fake Out|p2a: HAWKEYE PIERCE\n|-damage|p2a: HAWKEYE PIERCE|86\/100\n|move|p1a: \u91cd\u94f8\u9f99\u7cfb\u8363\u5149x3|Extreme Speed|p2a: HAWKEYE PIERCE\n|-damage|p2a: HAWKEYE PIERCE|42\/100\n|-ability|p2a: HAWKEYE PIERCE|Berserk|boost\n|-boost|p2a: HAWKEYE PIERCE|spa|1\n|move|p2b: HOT LIPS HOULIHAN|Jet Punch|p1a: \u91cd\u94f8\u9f99\u7cfb\u8363\u5149x3\n|-resisted|p1a: \u91cd\u94f8\u9f99\u7cfb\u8363\u5149x3\n|-damage|p1a: \u91cd\u94f8\u9f99\u7cfb\u8363\u5149x3|0 fnt\n|faint|p1a: \u91cd\u94f8\u9f99\u7cfb\u8363\u5149x3\n|cant|p2a: HAWKEYE PIERCE|flinch\n|\n|-heal|p2b: HOT LIPS HOULIHAN|82\/100|[from] Grassy Terrain\n|-heal|p1b: Rillaboom|100\/100|[from] Grassy Terrain\n|upkeep\n|\n|t:|1700305960\n|switch|p1a: Ogerpon|Ogerpon-Hearthflame, F|100\/100\n|-ability|p1a: Ogerpon|Mold Breaker\n|turn|14\n|\n|t:|1700305977\n|move|p1a: Ogerpon|Ivy Cudgel|p2b: HOT LIPS HOULIHAN\n|-resisted|p2b: HOT LIPS HOULIHAN\n|-damage|p2b: HOT LIPS HOULIHAN|72\/100\n|move|p2b: HOT LIPS HOULIHAN|Drain Punch|p1b: Rillaboom\n|-damage|p1b: Rillaboom|33\/100\n|-heal|p2b: HOT LIPS HOULIHAN|100\/100|[from] drain|[of] p1b: Rillaboom\n|move|p2a: HAWKEYE PIERCE|Tailwind|p2a: HAWKEYE PIERCE\n|-sidestart|p2: ratpacker|move: Tailwind\n|move|p1b: Rillaboom|Wood Hammer|p2b: HOT LIPS HOULIHAN\n|-resisted|p2b: HOT LIPS HOULIHAN\n|-damage|p2b: HOT LIPS HOULIHAN|86\/100\n|-damage|p1b: Rillaboom|28\/100|[from] Recoil\n|\n|-heal|p2b: HOT LIPS HOULIHAN|93\/100|[from] Grassy Terrain\n|-heal|p1b: Rillaboom|34\/100|[from] Grassy Terrain\n|upkeep\n|turn|15\n|inactive|ratpacker has 120 seconds left.\n|-message|tianlengmeihou forfeited.\n|\n|win|ratpacker\n","uploadtime":1700305990,"views":141,"p1id":"tianlengmeihou","p2id":"ratpacker","formatid":"gen9doublesou","rating":0,"private":0,"password":""}