{"id":"smogtours-gen9doublesou-729225","p1":"luisin","p2":"GenOne","format":"[Gen 9] Doubles OU","log":"|inactive|Battle timer is ON: inactive players will automatically lose when time's up.\n|t:|1699229489\n|gametype|doubles\n|player|p1|luisin|liza-masters|\n|player|p2|GenOne|#genone|\n|teamsize|p1|6\n|teamsize|p2|6\n|gen|9\n|tier|[Gen 9] Doubles OU\n|rule|Species Clause: Limit one of each Pok\u00e9mon\n|rule|OHKO Clause: OHKO moves are banned\n|rule|Evasion Moves Clause: Evasion moves are banned\n|rule|Gravity Sleep Clause: The combination of sleep-inducing moves with imperfect accuracy and Gravity or Gigantamax Orbeetle are banned\n|rule|Endless Battle Clause: Forcing endless battles is banned\n|rule|HP Percentage Mod: HP is shown in percentages\n|clearpoke\n|poke|p1|Rillaboom, F|\n|poke|p1|Landorus-Therian, M|\n|poke|p1|Ursaluna, F|\n|poke|p1|Kommo-o, M|\n|poke|p1|Sinistcha|\n|poke|p1|Clefairy, M|\n|poke|p2|Torkoal, F|\n|poke|p2|Indeedee-F, F|\n|poke|p2|Armarouge, F|\n|poke|p2|Tornadus, M|\n|poke|p2|Lilligant-Hisui, F|\n|poke|p2|Great Tusk|\n|teampreview\n|inactive|GenOne also wants the timer to be on.\n|c|\u2606GenOne|hf\n|c|\u2606luisin|u2!\n|inactive|luisin has 270 seconds left.\n|\n|t:|1699229534\n|start\n|switch|p1a: Dekoboko|Kommo-o, M|100\/100\n|switch|p1b: SHINY DAYS|Landorus-Therian, M|100\/100\n|switch|p2a: :torky:|Torkoal, F|100\/100\n|switch|p2b: Lilligant|Lilligant-Hisui, F|100\/100\n|-ability|p1b: SHINY DAYS|Intimidate|boost\n|-unboost|p2a: :torky:|atk|1\n|-unboost|p2b: Lilligant|atk|1\n|-weather|SunnyDay|[from] ability: Drought|[of] p2a: :torky:\n|turn|1\n|\n|t:|1699229546\n|switch|p1b: Start:Dash!!|Clefairy, M|100\/100\n|-terastallize|p1a: Dekoboko|Fire\n|-terastallize|p2a: :torky:|Fire\n|move|p2b: Lilligant|After You|p2a: :torky:\n|-activate|p2a: :torky:|move: After You\n|move|p2a: :torky:|Eruption|p1a: Dekoboko|[spread] p1a,p1b\n|-resisted|p1a: Dekoboko\n|-damage|p1a: Dekoboko|50\/100\n|-damage|p1b: Start:Dash!!|3\/100\n|move|p1a: Dekoboko|Clangorous Soul|p1a: Dekoboko\n|-boost|p1a: Dekoboko|atk|1\n|-boost|p1a: Dekoboko|def|1\n|-boost|p1a: Dekoboko|spa|1\n|-boost|p1a: Dekoboko|spd|1\n|-boost|p1a: Dekoboko|spe|1\n|-damage|p1a: Dekoboko|18\/100\n|\n|-weather|SunnyDay|[upkeep]\n|upkeep\n|turn|2\n|inactive|GenOne has 270 seconds left.\n|c|+SingleThunder|Genone so evil!\n|\n|t:|1699229579\n|move|p1a: Dekoboko|Protect|p1a: Dekoboko\n|-singleturn|p1a: Dekoboko|Protect\n|move|p2a: :torky:|Protect|p2a: :torky:\n|-singleturn|p2a: :torky:|Protect\n|move|p1b: Start:Dash!!|Follow Me|p1b: Start:Dash!!\n|-singleturn|p1b: Start:Dash!!|move: Follow Me\n|move|p2b: Lilligant|Close Combat|p1b: Start:Dash!!\n|-resisted|p1b: Start:Dash!!\n|-damage|p1b: Start:Dash!!|0 fnt\n|-unboost|p2b: Lilligant|def|1\n|-unboost|p2b: Lilligant|spd|1\n|faint|p1b: Start:Dash!!\n|\n|-weather|SunnyDay|[upkeep]\n|upkeep\n|\n|t:|1699229586\n|switch|p1b: Shall We Dance?|Sinistcha|100\/100\n|-heal|p1a: Dekoboko|43\/100|[from] ability: Hospitality|[of] p1b: Shall We Dance?\n|turn|3\n|\n|t:|1699229624\n|switch|p1b: SHINY DAYS|Landorus-Therian, M|100\/100\n|-ability|p1b: SHINY DAYS|Intimidate|boost\n|-unboost|p2a: :torky:|atk|1\n|-unboost|p2b: Lilligant|atk|1\n|move|p2b: Lilligant|After You|p2a: :torky:\n|-activate|p2a: :torky:|move: After You\n|move|p2a: :torky:|Eruption|p1a: Dekoboko|[spread] p1a,p1b\n|-resisted|p1a: Dekoboko\n|-damage|p1a: Dekoboko|4\/100\n|-damage|p1b: SHINY DAYS|0 fnt\n|faint|p1b: SHINY DAYS\n|move|p1a: Dekoboko|Drain Punch|p2b: Lilligant\n|-enditem|p2b: Lilligant|Focus Sash\n|-damage|p2b: Lilligant|1\/100\n|-heal|p1a: Dekoboko|51\/100|[from] drain|[of] p2b: Lilligant\n|\n|-weather|SunnyDay|[upkeep]\n|upkeep\n|inactive|luisin has 270 seconds left.\n|\n|t:|1699229646\n|switch|p1b: Black Bullet|Rillaboom, F|100\/100\n|-fieldstart|move: Grassy Terrain|[from] ability: Grassy Surge|[of] p1b: Black Bullet\n|turn|4\n|\n|t:|1699229659\n|switch|p2a: Indeedee|Indeedee-F, F|100\/100\n|-fieldstart|move: Psychic Terrain|[from] ability: Psychic Surge|[of] p2a: Indeedee\n|move|p2b: Lilligant|Sleep Powder|p1a: Dekoboko\n|-status|p1a: Dekoboko|slp|[from] move: Sleep Powder\n|cant|p1a: Dekoboko|slp\n|move|p1b: Black Bullet|U-turn|p2b: Lilligant\n|-damage|p2b: Lilligant|0 fnt\n|faint|p2b: Lilligant\n|\n|t:|1699229666\n|switch|p1b: Shall We Dance?|Sinistcha|100\/100|[from] U-turn\n|-heal|p1a: Dekoboko|76\/100 slp|[from] ability: Hospitality|[of] p1b: Shall We Dance?\n|\n|-weather|SunnyDay|[upkeep]\n|upkeep\n|\n|t:|1699229674\n|switch|p2b: Great Tusk|Great Tusk|100\/100\n|-activate|p2b: Great Tusk|ability: Protosynthesis\n|-start|p2b: Great Tusk|protosynthesisatk\n|turn|5\n|\n|t:|1699229684\n|move|p2a: Indeedee|Helping Hand|p2b: Great Tusk\n|-singleturn|p2b: Great Tusk|Helping Hand|[of] p2a: Indeedee\n|-curestatus|p1a: Dekoboko|slp|[msg]\n|move|p1a: Dekoboko|Protect|p1a: Dekoboko\n|-singleturn|p1a: Dekoboko|Protect\n|move|p1b: Shall We Dance?|Rage Powder|p1b: Shall We Dance?\n|-singleturn|p1b: Shall We Dance?|move: Rage Powder\n|move|p2b: Great Tusk|Headlong Rush|p1b: Shall We Dance?\n|-resisted|p1b: Shall We Dance?\n|-crit|p1b: Shall We Dance?\n|-damage|p1b: Shall We Dance?|0 fnt\n|-unboost|p2b: Great Tusk|def|1\n|-unboost|p2b: Great Tusk|spd|1\n|faint|p1b: Shall We Dance?\n|-damage|p2b: Great Tusk|91\/100|[from] item: Life Orb\n|\n|-weather|none\n|-end|p2b: Great Tusk|Protosynthesis\n|upkeep\n|\n|t:|1699229692\n|switch|p1b: Black Bullet|Rillaboom, F|100\/100\n|-fieldstart|move: Grassy Terrain|[from] ability: Grassy Surge|[of] p1b: Black Bullet\n|turn|6\n|inactive|luisin has 270 seconds left.\n|inactive|luisin has 240 seconds left.\n|inactive|GenOne has 270 seconds left.\n|\n|t:|1699229787\n|switch|p2a: Tornadus|Tornadus, M|100\/100\n|move|p2b: Great Tusk|Protect|p2b: Great Tusk\n|-singleturn|p2b: Great Tusk|Protect\n|move|p1a: Dekoboko|Clangorous Soul|p1a: Dekoboko\n|-boost|p1a: Dekoboko|atk|1\n|-boost|p1a: Dekoboko|def|1\n|-boost|p1a: Dekoboko|spa|1\n|-boost|p1a: Dekoboko|spd|1\n|-boost|p1a: Dekoboko|spe|1\n|-damage|p1a: Dekoboko|43\/100\n|move|p1b: Black Bullet|U-turn|p2a: Tornadus\n|-resisted|p2a: Tornadus\n|-damage|p2a: Tornadus|80\/100\n|\n|t:|1699229791\n|switch|p1b: Phantom Joke|Ursaluna, F|100\/100|[from] U-turn\n|\n|-heal|p1a: Dekoboko|49\/100|[from] Grassy Terrain\n|-heal|p2b: Great Tusk|97\/100|[from] Grassy Terrain\n|-status|p1b: Phantom Joke|brn|[from] item: Flame Orb\n|upkeep\n|turn|7\n|inactive|luisin has 240 seconds left.\n|\n|t:|1699229811\n|switch|p1b: Black Bullet|Rillaboom, F|100\/100\n|move|p2a: Tornadus|Tailwind|p2a: Tornadus\n|-sidestart|p2: GenOne|move: Tailwind\n|move|p1a: Dekoboko|Drain Punch|p2b: Great Tusk\n|-damage|p2b: Great Tusk|15\/100\n|-heal|p1a: Dekoboko|99\/100|[from] drain|[of] p2b: Great Tusk\n|move|p2b: Great Tusk|Close Combat|p1b: Black Bullet\n|-damage|p1b: Black Bullet|23\/100\n|-unboost|p2b: Great Tusk|def|1\n|-unboost|p2b: Great Tusk|spd|1\n|-damage|p2b: Great Tusk|5\/100|[from] item: Life Orb\n|\n|-heal|p1a: Dekoboko|100\/100|[from] Grassy Terrain\n|-heal|p2b: Great Tusk|11\/100|[from] Grassy Terrain\n|-heal|p1b: Black Bullet|29\/100|[from] Grassy Terrain\n|upkeep\n|turn|8\n|\n|t:|1699229832\n|switch|p2a: Indeedee|Indeedee-F, F|100\/100\n|-fieldstart|move: Psychic Terrain|[from] ability: Psychic Surge|[of] p2a: Indeedee\n|switch|p1b: Phantom Joke|Ursaluna, F|100\/100 brn\n|move|p1a: Dekoboko|Protect|p1a: Dekoboko\n|-singleturn|p1a: Dekoboko|Protect\n|move|p2b: Great Tusk|Headlong Rush|p1a: Dekoboko\n|-activate|p1a: Dekoboko|move: Protect\n|\n|-damage|p1b: Phantom Joke|94\/100 brn|[from] brn\n|upkeep\n|turn|9\n|inactive|luisin has 240 seconds left.\n|inactive|GenOne has 270 seconds left.\n|inactive|luisin has 210 seconds left.\n|\n|t:|1699229894\n|move|p1a: Dekoboko|Protect|p1a: Dekoboko\n|-singleturn|p1a: Dekoboko|Protect\n|move|p2a: Indeedee|Follow Me|p2a: Indeedee\n|-singleturn|p2a: Indeedee|move: Follow Me\n|move|p2b: Great Tusk|Headlong Rush|p1a: Dekoboko\n|-activate|p1a: Dekoboko|move: Protect\n|move|p1b: Phantom Joke|Facade|p2a: Indeedee\n|-damage|p2a: Indeedee|0 fnt\n|faint|p2a: Indeedee\n|\n|-damage|p1b: Phantom Joke|88\/100 brn|[from] brn\n|upkeep\n|\n|t:|1699229907\n|switch|p2a: Armarouge|Armarouge, F|100\/100\n|turn|10\n|\n|t:|1699229921\n|switch|p1b: Black Bullet|Rillaboom, F|29\/100\n|-fieldstart|move: Grassy Terrain|[from] ability: Grassy Surge|[of] p1b: Black Bullet\n|move|p1a: Dekoboko|Drain Punch|p2b: Great Tusk\n|-damage|p2b: Great Tusk|0 fnt\n|faint|p2b: Great Tusk\n|-end|p2b: Great Tusk|Protosynthesis|[silent]\n|move|p2a: Armarouge|Expanding Force|p1a: Dekoboko\n|-damage|p1a: Dekoboko|69\/100\n|-damage|p2a: Armarouge|90\/100|[from] item: Life Orb\n|\n|-heal|p1a: Dekoboko|75\/100|[from] Grassy Terrain\n|-heal|p2a: Armarouge|96\/100|[from] Grassy Terrain\n|-heal|p1b: Black Bullet|36\/100|[from] Grassy Terrain\n|-sideend|p2: GenOne|move: Tailwind\n|upkeep\n|inactive|GenOne has 270 seconds left.\n|\n|t:|1699229948\n|switch|p2b: Tornadus|Tornadus, M|80\/100\n|turn|11\n|inactive|GenOne has 270 seconds left.\n|\n|t:|1699229967\n|move|p1b: Black Bullet|Fake Out|p2a: Armarouge\n|-damage|p2a: Armarouge|81\/100\n|move|p2b: Tornadus|Tailwind|p2b: Tornadus\n|-sidestart|p2: GenOne|move: Tailwind\n|move|p1a: Dekoboko|Fire Punch|p2b: Tornadus\n|-damage|p2b: Tornadus|0 fnt\n|faint|p2b: Tornadus\n|cant|p2a: Armarouge|flinch\n|\n|-heal|p1a: Dekoboko|81\/100|[from] Grassy Terrain\n|-heal|p2a: Armarouge|87\/100|[from] Grassy Terrain\n|-heal|p1b: Black Bullet|42\/100|[from] Grassy Terrain\n|upkeep\n|inactive|GenOne has 270 seconds left.\n|\n|t:|1699229977\n|switch|p2b: :torky:|Torkoal, F, tera:Fire|100\/100\n|-weather|SunnyDay|[from] ability: Drought|[of] p2b: :torky:\n|turn|12\n|inactive|luisin has 270 seconds left.\n|\n|t:|1699229987\n|move|p1b: Black Bullet|Grassy Glide|p2a: Armarouge\n|-resisted|p2a: Armarouge\n|-damage|p2a: Armarouge|67\/100\n|move|p1a: Dekoboko|Drain Punch|p2a: Armarouge\n|-resisted|p2a: Armarouge\n|-damage|p2a: Armarouge|32\/100\n|-heal|p1a: Dekoboko|100\/100|[from] drain|[of] p2a: Armarouge\n|move|p2a: Armarouge|Armor Cannon|p1a: Dekoboko\n|-resisted|p1a: Dekoboko\n|-damage|p1a: Dekoboko|68\/100\n|-unboost|p2a: Armarouge|def|1\n|-unboost|p2a: Armarouge|spd|1\n|-damage|p2a: Armarouge|22\/100|[from] item: Life Orb\n|move|p2b: :torky:|Heat Wave|p1a: Dekoboko|[spread] p1a,p1b\n|-resisted|p1a: Dekoboko\n|-supereffective|p1b: Black Bullet\n|-damage|p1a: Dekoboko|48\/100\n|-damage|p1b: Black Bullet|0 fnt\n|faint|p1b: Black Bullet\n|\n|-weather|SunnyDay|[upkeep]\n|-heal|p1a: Dekoboko|54\/100|[from] Grassy Terrain\n|-heal|p2a: Armarouge|28\/100|[from] Grassy Terrain\n|upkeep\n|\n|t:|1699229990\n|switch|p1b: Phantom Joke|Ursaluna, F|88\/100 brn\n|turn|13\n|inactive|GenOne has 270 seconds left.\n|\n|t:|1699230021\n|move|p1a: Dekoboko|Drain Punch|p2a: Armarouge\n|-resisted|p2a: Armarouge\n|-damage|p2a: Armarouge|0 fnt\n|-heal|p1a: Dekoboko|70\/100|[from] drain|[of] p2a: Armarouge\n|faint|p2a: Armarouge\n|move|p1b: Phantom Joke|High Horsepower|p2b: :torky:\n|-supereffective|p2b: :torky:\n|-damage|p2b: :torky:|0 fnt\n|faint|p2b: :torky:\n|\n|win|luisin\n|c|\u2606GenOne|gg\n|c|+Akaru Kokuyo\u3075\u308f|HOWWWWWWWW\n|c|\u2606luisin|gg\n","uploadtime":1699230022,"views":89,"p1id":"luisin","p2id":"genone","formatid":"gen9doublesou","rating":0,"private":0,"password":""}