{"id":"smogtours-gen9doublesou-729448","p1":"theyummybagel","p2":"MichaelderBeste2","format":"[Gen 9] Doubles OU","log":"|inactive|Battle timer is ON: inactive players will automatically lose when time's up.\n|t:|1699381462\n|gametype|doubles\n|player|p1|theyummybagel|#scl3breakers|\n|player|p2|MichaelderBeste2|#wcop2023germany|\n|teamsize|p1|6\n|teamsize|p2|6\n|gen|9\n|tier|[Gen 9] Doubles OU\n|rule|Species Clause: Limit one of each Pok\u00e9mon\n|rule|OHKO Clause: OHKO moves are banned\n|rule|Evasion Moves Clause: Evasion moves are banned\n|rule|Gravity Sleep Clause: The combination of sleep-inducing moves with imperfect accuracy and Gravity or Gigantamax Orbeetle are banned\n|rule|Endless Battle Clause: Forcing endless battles is banned\n|rule|HP Percentage Mod: HP is shown in percentages\n|clearpoke\n|poke|p1|Sinistcha-Masterpiece|\n|poke|p1|Chi-Yu|\n|poke|p1|Flutter Mane|\n|poke|p1|Iron Bundle|\n|poke|p1|Kingambit, F|\n|poke|p1|Landorus-Therian, M|\n|poke|p2|Ursaluna-Bloodmoon, M|\n|poke|p2|Flutter Mane|\n|poke|p2|Heatran, M|\n|poke|p2|Rillaboom, M|\n|poke|p2|Cresselia, F|\n|poke|p2|Ogerpon-Wellspring, F|\n|teampreview\n|inactive|theyummybagel also wants the timer to be on.\n|c|\u2606MichaelderBeste2|hf\n|c|\u2606theyummybagel|hf\n|c|+Schister|Gaming\n|inactive|theyummybagel has 270 seconds left.\n|inactive|MichaelderBeste2 has 270 seconds left.\n|inactive|MichaelderBeste2 has 240 seconds left.\n|inactive|theyummybagel has 240 seconds left.\n|\n|t:|1699381560\n|start\n|switch|p1a: Chi-Yu|Chi-Yu|100\/100\n|switch|p1b: Landorus|Landorus-Therian, M|100\/100\n|switch|p2a: Ogerpon|Ogerpon-Wellspring, F|100\/100\n|switch|p2b: Ursaluna|Ursaluna-Bloodmoon, M|100\/100\n|-ability|p1b: Landorus|Intimidate|boost\n|-unboost|p2a: Ogerpon|atk|1\n|-unboost|p2b: Ursaluna|atk|1\n|-ability|p1a: Chi-Yu|Beads of Ruin\n|turn|1\n|c|+laptops|GO BINGLEEE\n|inactive|theyummybagel has 270 seconds left.\n|inactive|MichaelderBeste2 has 270 seconds left.\n|inactive|theyummybagel has 240 seconds left.\n|inactive|theyummybagel has 210 seconds left.\n|\n|t:|1699381675\n|-terastallize|p2a: Ogerpon|Water\n|detailschange|p2a: Ogerpon|Ogerpon-Wellspring-Tera, F, tera:Water\n|-ability|p2a: Ogerpon|Embody Aspect (Wellspring)|boost\n|-boost|p2a: Ogerpon|spd|1\n|move|p1a: Chi-Yu|Protect|p1a: Chi-Yu\n|-singleturn|p1a: Chi-Yu|Protect\n|move|p1b: Landorus|U-turn|p2a: Ogerpon\n|-damage|p2a: Ogerpon|69\/100\n|inactive|theyummybagel has 180 seconds left.\n|\n|t:|1699381693\n|switch|p1b: Sinistcha|Sinistcha-Masterpiece|100\/100|[from] U-turn\n|move|p2a: Ogerpon|Swords Dance|p2a: Ogerpon\n|-boost|p2a: Ogerpon|atk|2\n|move|p2b: Ursaluna|Hyper Voice|p1a: Chi-Yu|[spread] p1b\n|-activate|p1a: Chi-Yu|move: Protect\n|-damage|p1b: Sinistcha|53\/100\n|-enditem|p2b: Ursaluna|Throat Spray\n|-boost|p2b: Ursaluna|spa|1|[from] item: Throat Spray\n|\n|upkeep\n|turn|2\n|inactive|theyummybagel has 180 seconds left.\n|inactive|MichaelderBeste2 has 270 seconds left.\n|\n|t:|1699381733\n|move|p1b: Sinistcha|Rage Powder|p1b: Sinistcha\n|-singleturn|p1b: Sinistcha|move: Rage Powder\n|move|p2a: Ogerpon|Ivy Cudgel|p1b: Sinistcha\n|-resisted|p1b: Sinistcha\n|-damage|p1b: Sinistcha|14\/100\n|move|p1a: Chi-Yu|Nasty Plot|p1a: Chi-Yu\n|-boost|p1a: Chi-Yu|spa|2\n|move|p2b: Ursaluna|Hyper Voice|p1a: Chi-Yu|[spread] p1a,p1b\n|-damage|p1a: Chi-Yu|55\/100\n|-damage|p1b: Sinistcha|0 fnt\n|faint|p1b: Sinistcha\n|\n|upkeep\n|inactive|theyummybagel has 150 seconds left.\n|inactive|theyummybagel has 120 seconds left.\n|\n|t:|1699381812\n|switch|p1b: Iron Bundle|Iron Bundle|100\/100\n|-enditem|p1b: Iron Bundle|Booster Energy\n|-activate|p1b: Iron Bundle|ability: Quark Drive|[fromitem]\n|-start|p1b: Iron Bundle|quarkdrivespe\n|turn|3\n|inactive|MichaelderBeste2 has 270 seconds left.\n|\n|t:|1699381853\n|move|p1b: Iron Bundle|Protect|p1b: Iron Bundle\n|-singleturn|p1b: Iron Bundle|Protect\n|move|p1a: Chi-Yu|Protect|p1a: Chi-Yu\n|-singleturn|p1a: Chi-Yu|Protect\n|move|p2a: Ogerpon|Ivy Cudgel|p1a: Chi-Yu\n|-activate|p1a: Chi-Yu|move: Protect\n|move|p2b: Ursaluna|Blood Moon|p1b: Iron Bundle\n|-activate|p1b: Iron Bundle|move: Protect\n|\n|upkeep\n|turn|4\n|inactive|MichaelderBeste2 has 270 seconds left.\n|inactive|theyummybagel has 120 seconds left.\n|\n|t:|1699381884\n|move|p1b: Iron Bundle|Icy Wind|p2b: Ursaluna|[spread] p2a,p2b\n|-resisted|p2a: Ogerpon\n|-supereffective|p2b: Ursaluna\n|-damage|p2a: Ogerpon|61\/100\n|-damage|p2b: Ursaluna|53\/100\n|-unboost|p2a: Ogerpon|spe|1\n|-unboost|p2b: Ursaluna|spe|1\n|move|p1a: Chi-Yu|Dark Pulse|p2a: Ogerpon\n|-damage|p2a: Ogerpon|2\/100\n|move|p2a: Ogerpon|Ivy Cudgel|p1a: Chi-Yu\n|-supereffective|p1a: Chi-Yu\n|-damage|p1a: Chi-Yu|0 fnt\n|faint|p1a: Chi-Yu\n|move|p2b: Ursaluna|Hyper Voice|p1b: Iron Bundle\n|-damage|p1b: Iron Bundle|0 fnt\n|faint|p1b: Iron Bundle\n|-end|p1b: Iron Bundle|Quark Drive|[silent]\n|\n|upkeep\n|inactive|theyummybagel has 120 seconds left.\n|\n|t:|1699381901\n|switch|p1b: Kingambit|Kingambit, F|100\/100\n|switch|p1a: Flutter Mane|Flutter Mane|100\/100\n|turn|5\n|inactive|MichaelderBeste2 has 270 seconds left.\n|\n|t:|1699381939\n|switch|p2b: Rillaboom|Rillaboom, M|100\/100\n|-fieldstart|move: Grassy Terrain|[from] ability: Grassy Surge|[of] p2b: Rillaboom\n|-terastallize|p1a: Flutter Mane|Fairy\n|move|p2a: Ogerpon|Grassy Glide|p1a: Flutter Mane\n|-crit|p1a: Flutter Mane\n|-damage|p1a: Flutter Mane|0 fnt\n|faint|p1a: Flutter Mane\n|-end|p1a: Flutter Mane|Protosynthesis|[silent]\n|move|p1b: Kingambit|Swords Dance|p1b: Kingambit\n|-boost|p1b: Kingambit|atk|2\n|\n|-heal|p2a: Ogerpon|8\/100|[from] Grassy Terrain\n|upkeep\n|inactive|theyummybagel has 120 seconds left.\n|\n|t:|1699381950\n|switch|p1a: Landorus|Landorus-Therian, M|100\/100\n|-ability|p1a: Landorus|Intimidate|boost\n|-unboost|p2a: Ogerpon|atk|1\n|-unboost|p2b: Rillaboom|atk|1\n|turn|6\n|inactive|MichaelderBeste2 has 270 seconds left.\n|\n|t:|1699381970\n|move|p2b: Rillaboom|Fake Out|p1a: Landorus\n|-damage|p1a: Landorus|91\/100\n|cant|p1a: Landorus|flinch\n|move|p2a: Ogerpon|Ivy Cudgel|p1a: Landorus\n|-supereffective|p1a: Landorus\n|-crit|p1a: Landorus\n|-damage|p1a: Landorus|0 fnt\n|faint|p1a: Landorus\n|move|p1b: Kingambit|Swords Dance|p1b: Kingambit\n|-boost|p1b: Kingambit|atk|2\n|\n|-heal|p2a: Ogerpon|14\/100|[from] Grassy Terrain\n|upkeep\n|turn|7\n|inactive|MichaelderBeste2 has 270 seconds left.\n|\n|t:|1699381990\n|move|p2a: Ogerpon|Spiky Shield|p2a: Ogerpon\n|-singleturn|p2a: Ogerpon|move: Protect\n|move|p2b: Rillaboom|U-turn|p1b: Kingambit\n|-damage|p1b: Kingambit|90\/100\n|\n|t:|1699381994\n|switch|p2b: Ursaluna|Ursaluna-Bloodmoon, M|53\/100|[from] U-turn\n|move|p1b: Kingambit|Kowtow Cleave|p2b: Ursaluna\n|-damage|p2b: Ursaluna|0 fnt\n|faint|p2b: Ursaluna\n|\n|-heal|p2a: Ogerpon|20\/100|[from] Grassy Terrain\n|-heal|p1b: Kingambit|96\/100|[from] Grassy Terrain\n|upkeep\n|\n|t:|1699381999\n|switch|p2b: Heatran|Heatran, M|100\/100\n|turn|8\n|\n|t:|1699382010\n|move|p2b: Heatran|Will-O-Wisp|p1b: Kingambit\n|-status|p1b: Kingambit|brn\n|move|p2a: Ogerpon|Ivy Cudgel|p1b: Kingambit\n|-damage|p1b: Kingambit|39\/100 brn\n|move|p1b: Kingambit|Kowtow Cleave|p2b: Heatran\n|-damage|p2b: Heatran|25\/100\n|\n|-heal|p2b: Heatran|32\/100|[from] Grassy Terrain\n|-heal|p2b: Heatran|38\/100|[from] item: Leftovers\n|-heal|p2a: Ogerpon|26\/100|[from] Grassy Terrain\n|-heal|p1b: Kingambit|45\/100 brn|[from] Grassy Terrain\n|-damage|p1b: Kingambit|39\/100 brn|[from] brn\n|upkeep\n|turn|9\n|\n|t:|1699382019\n|move|p1b: Kingambit|Sucker Punch|p2a: Ogerpon\n|-damage|p2a: Ogerpon|0 fnt\n|faint|p2a: Ogerpon\n|move|p2b: Heatran|Earth Power|p1b: Kingambit\n|-supereffective|p1b: Kingambit\n|-damage|p1b: Kingambit|0 fnt\n|faint|p1b: Kingambit\n|\n|win|MichaelderBeste2\n|c|\u2606MichaelderBeste2|gg\n|c|\u2606theyummybagel|gg\n","uploadtime":1699382020,"views":229,"p1id":"theyummybagel","p2id":"michaelderbeste2","formatid":"gen9doublesou","rating":0,"private":0,"password":""}