{"id":"smogtours-gen9doublesou-727892","p1":"EternalSnowman","p2":"kunal2","format":"[Gen 9] Doubles OU","log":"|inactive|Battle timer is ON: inactive players will automatically lose when time's up.\n|t:|1698711381\n|gametype|doubles\n|player|p1|EternalSnowman|#dpl9spectralthieves|\n|player|p2|kunal2|#vgcplzoruas|\n|teamsize|p1|6\n|teamsize|p2|6\n|gen|9\n|tier|[Gen 9] Doubles OU\n|rule|Species Clause: Limit one of each Pok\u00e9mon\n|rule|OHKO Clause: OHKO moves are banned\n|rule|Evasion Moves Clause: Evasion moves are banned\n|rule|Gravity Sleep Clause: The combination of sleep-inducing moves with imperfect accuracy and Gravity or Gigantamax Orbeetle are banned\n|rule|Endless Battle Clause: Forcing endless battles is banned\n|rule|HP Percentage Mod: HP is shown in percentages\n|clearpoke\n|poke|p1|Roaring Moon|\n|poke|p1|Ogerpon-Wellspring, F|\n|poke|p1|Arcanine-Hisui, M|\n|poke|p1|Manaphy|\n|poke|p1|Gholdengo|\n|poke|p1|Rillaboom, F|\n|poke|p2|Landorus-Therian, M|\n|poke|p2|Iron Hands|\n|poke|p2|Amoonguss, M|\n|poke|p2|Volcanion|\n|poke|p2|Diancie|\n|poke|p2|Flutter Mane|\n|teampreview\n|c|\u2606EternalSnowman|glhf boss\n|c|\u2606kunal2|u2\n|inactive|EternalSnowman has 270 seconds left.\n|inactive|kunal2 has 270 seconds left.\n|c|+AIRedzone|goooooo Kunal\n|c|\u2606kunal2|wtf no one told me manaphy is legal that guys sick\n|inactive|kunal2 has 240 seconds left.\n|c|+Arcticblast|ESM bringing Manaphy because Manaphy isn't allowed to win a regional\n|c|+Schister|goooooo ESM\n|c|+ratpacker|Go Europe\n|\n|t:|1698711459\n|start\n|switch|p1a: Arcanine|Arcanine-Hisui, M|100\/100\n|switch|p1b: Manaphy|Manaphy|100\/100\n|switch|p2a: Landorus|Landorus-Therian, M|100\/100\n|switch|p2b: Iron Hands|Iron Hands|100\/100\n|-ability|p1a: Arcanine|Intimidate|boost\n|-unboost|p2a: Landorus|atk|1\n|-unboost|p2b: Iron Hands|atk|1\n|-ability|p2a: Landorus|Intimidate|boost\n|-unboost|p1a: Arcanine|atk|1\n|-unboost|p1b: Manaphy|atk|1\n|turn|1\n|c|+ratpacker|Wait, no\n|inactive|kunal2 has 270 seconds left.\n|\n|t:|1698711513\n|move|p2b: Iron Hands|Fake Out|p1a: Arcanine\n|-resisted|p1a: Arcanine\n|-damage|p1a: Arcanine|95\/100\n|cant|p1a: Arcanine|flinch\n|move|p1b: Manaphy|Tail Glow|p1b: Manaphy\n|-boost|p1b: Manaphy|spa|3\n|move|p2a: Landorus|Stomping Tantrum|p1a: Arcanine\n|-supereffective|p1a: Arcanine\n|-damage|p1a: Arcanine|0 fnt\n|faint|p1a: Arcanine\n|\n|upkeep\n|c|+Feyette|is that 4 times regional winning mon hisui arcanine\n|c|+Arcticblast|not any more it isn't\n|c|+Feyette|darn\n|inactive|EternalSnowman has 270 seconds left.\n|\n|t:|1698711533\n|switch|p1a: Ogerpon|Ogerpon-Wellspring, F|100\/100\n|turn|2\n|inactive|kunal2 has 270 seconds left.\n|inactive|kunal2 has 240 seconds left.\n|\n|t:|1698711578\n|switch|p2a: Volcanion|Volcanion|100\/100\n|move|p1b: Manaphy|Tail Glow|p1b: Manaphy\n|-boost|p1b: Manaphy|spa|3\n|move|p1a: Ogerpon|Encore|p2b: Iron Hands\n|-start|p2b: Iron Hands|Encore\n|move|p2b: Iron Hands|Fake Out||[still]\n|-hint|Fake Out only works on your first turn out.\n|-fail|p2b: Iron Hands\n|\n|upkeep\n|turn|3\n|inactive|kunal2 has 240 seconds left.\n|\n|t:|1698711614\n|-end|p2b: Iron Hands|Quark Drive|[silent]\n|switch|p2b: Landorus|Landorus-Therian, M|100\/100\n|-ability|p2b: Landorus|Intimidate|boost\n|-unboost|p1a: Ogerpon|atk|1\n|-unboost|p1b: Manaphy|atk|1\n|move|p2a: Volcanion|Protect|p2a: Volcanion\n|-singleturn|p2a: Volcanion|Protect\n|move|p1b: Manaphy|Tera Blast|p2a: Volcanion\n|-activate|p2a: Volcanion|move: Protect\n|move|p1a: Ogerpon|Ivy Cudgel|p2b: Landorus\n|-supereffective|p2b: Landorus\n|-damage|p2b: Landorus|39\/100\n|-enditem|p2b: Landorus|Sitrus Berry|[eat]\n|-heal|p2b: Landorus|64\/100|[from] item: Sitrus Berry\n|\n|upkeep\n|turn|4\n|inactive|kunal2 has 240 seconds left.\n|inactive|kunal2 has 210 seconds left.\n|\n|t:|1698711668\n|move|p1b: Manaphy|Surf|p2b: Landorus|[spread] p2b\n|-immune|p1a: Ogerpon|[from] ability: Water Absorb\n|-immune|p2a: Volcanion|[from] ability: Water Absorb\n|-supereffective|p2b: Landorus\n|-damage|p2b: Landorus|0 fnt\n|faint|p2b: Landorus\n|move|p1a: Ogerpon|Encore|p2a: Volcanion\n|-start|p2a: Volcanion|Encore\n|move|p2a: Volcanion|Protect||[still]\n|-fail|p2a: Volcanion\n|\n|upkeep\n|\n|t:|1698711678\n|switch|p2b: Amoonguss|Amoonguss, M|100\/100\n|turn|5\n|\n|t:|1698711695\n|switch|p2a: Iron Hands|Iron Hands|100\/100\n|move|p1a: Ogerpon|Follow Me|p1a: Ogerpon\n|-singleturn|p1a: Ogerpon|move: Follow Me\n|move|p1b: Manaphy|Tera Blast|p2b: Amoonguss\n|-damage|p2b: Amoonguss|18\/100\n|-enditem|p2b: Amoonguss|Sitrus Berry|[eat]\n|-heal|p2b: Amoonguss|43\/100|[from] item: Sitrus Berry\n|move|p2b: Amoonguss|Clear Smog|p1a: Ogerpon\n|-supereffective|p1a: Ogerpon\n|-damage|p1a: Ogerpon|69\/100\n|-clearboost|p1a: Ogerpon\n|\n|upkeep\n|turn|6\n|\n|t:|1698711722\n|switch|p2b: Flutter Mane|Flutter Mane|100\/100\n|move|p1b: Manaphy|Protect|p1b: Manaphy\n|-singleturn|p1b: Manaphy|Protect\n|move|p1a: Ogerpon|Spiky Shield|p1a: Ogerpon\n|-singleturn|p1a: Ogerpon|move: Protect\n|move|p2a: Iron Hands|Wild Charge|p1b: Manaphy\n|-activate|p1b: Manaphy|move: Protect\n|\n|upkeep\n|turn|7\n|inactive|kunal2 has 210 seconds left.\n|\n|t:|1698711756\n|-terastallize|p2b: Flutter Mane|Fairy\n|move|p1a: Ogerpon|Follow Me|p1a: Ogerpon\n|-singleturn|p1a: Ogerpon|move: Follow Me\n|move|p2b: Flutter Mane|Dazzling Gleam|p1b: Manaphy|[spread] p1a,p1b\n|-crit|p1a: Ogerpon\n|-damage|p1a: Ogerpon|17\/100\n|-damage|p1b: Manaphy|66\/100\n|move|p1b: Manaphy|Surf|p2a: Iron Hands|[spread] p2a,p2b\n|-heal|p1a: Ogerpon|42\/100|[from] ability: Water Absorb|[of] p1b: Manaphy\n|-damage|p2a: Iron Hands|39\/100\n|-damage|p2b: Flutter Mane|0 fnt\n|faint|p2b: Flutter Mane\n|-end|p2b: Flutter Mane|Protosynthesis|[silent]\n|move|p2a: Iron Hands|Wild Charge|p1a: Ogerpon\n|-damage|p1a: Ogerpon|4\/100\n|-damage|p2a: Iron Hands|31\/100|[from] Recoil\n|\n|-heal|p1b: Manaphy|72\/100|[from] item: Leftovers\n|upkeep\n|inactive|kunal2 has 210 seconds left.\n|\n|t:|1698711772\n|switch|p2b: Volcanion|Volcanion|100\/100\n|turn|8\n|inactive|kunal2 has 210 seconds left.\n|\n|t:|1698711793\n|-end|p2a: Iron Hands|Quark Drive|[silent]\n|switch|p2a: Amoonguss|Amoonguss, M|76\/100\n|move|p1a: Ogerpon|Follow Me|p1a: Ogerpon\n|-singleturn|p1a: Ogerpon|move: Follow Me\n|move|p1b: Manaphy|Surf|p2a: Amoonguss|[spread] p2a\n|-heal|p1a: Ogerpon|29\/100|[from] ability: Water Absorb|[of] p1b: Manaphy\n|-immune|p2b: Volcanion|[from] ability: Water Absorb\n|-resisted|p2a: Amoonguss\n|-damage|p2a: Amoonguss|22\/100\n|move|p2b: Volcanion|Heat Wave|p1a: Ogerpon|[spread] p1a,p1b\n|-resisted|p1b: Manaphy\n|-damage|p1a: Ogerpon|0 fnt\n|-damage|p1b: Manaphy|53\/100\n|faint|p1a: Ogerpon\n|\n|-heal|p1b: Manaphy|59\/100|[from] item: Leftovers\n|upkeep\n|c|\u2606kunal2|dude that mon is op wtf\n|inactive|EternalSnowman has 270 seconds left.\n|\n|t:|1698711831\n|switch|p1a: Roaring Moon|Roaring Moon|100\/100\n|-enditem|p1a: Roaring Moon|Booster Energy\n|-activate|p1a: Roaring Moon|ability: Protosynthesis|[fromitem]\n|-start|p1a: Roaring Moon|protosynthesisspe\n|turn|9\n|inactive|EternalSnowman has 270 seconds left.\n|inactive|kunal2 has 210 seconds left.\n|\n|t:|1698711869\n|move|p1a: Roaring Moon|Knock Off|p2b: Volcanion\n|-damage|p2b: Volcanion|63\/100\n|-enditem|p2b: Volcanion|Heavy-Duty Boots|[from] move: Knock Off|[of] p1a: Roaring Moon\n|move|p1b: Manaphy|Tera Blast|p2a: Amoonguss\n|-damage|p2a: Amoonguss|0 fnt\n|faint|p2a: Amoonguss\n|move|p2b: Volcanion|Will-O-Wisp|p1a: Roaring Moon\n|-status|p1a: Roaring Moon|brn\n|\n|-heal|p1b: Manaphy|66\/100|[from] item: Leftovers\n|-damage|p1a: Roaring Moon|94\/100 brn|[from] brn\n|upkeep\n|\n|t:|1698711889\n|switch|p2a: Diancie|Diancie|100\/100\n|turn|10\n|inactive|kunal2 has 210 seconds left.\n|\n|t:|1698711920\n|-terastallize|p1b: Manaphy|Poison\n|move|p2a: Diancie|Protect|p2a: Diancie\n|-singleturn|p2a: Diancie|Protect\n|move|p1a: Roaring Moon|Knock Off|p2a: Diancie\n|-activate|p2a: Diancie|move: Protect\n|move|p1b: Manaphy|Tera Blast|p2a: Diancie|[anim] Tera Blast Poison\n|-activate|p2a: Diancie|move: Protect\n|move|p2b: Volcanion|Steam Eruption|p1b: Manaphy\n|-damage|p1b: Manaphy|11\/100\n|-status|p1b: Manaphy|brn\n|\n|-heal|p1b: Manaphy|17\/100 brn|[from] item: Leftovers\n|-damage|p1a: Roaring Moon|88\/100 brn|[from] brn\n|-damage|p1b: Manaphy|11\/100 brn|[from] brn\n|upkeep\n|turn|11\n|inactive|kunal2 has 180 seconds left.\n|inactive|kunal2 has 150 seconds left.\n|\n|t:|1698711983\n|move|p1a: Roaring Moon|Knock Off|p2a: Diancie\n|-resisted|p2a: Diancie\n|-damage|p2a: Diancie|92\/100\n|-enditem|p2a: Diancie|Weakness Policy|[from] move: Knock Off|[of] p1a: Roaring Moon\n|move|p1b: Manaphy|Tera Blast|p2a: Diancie|[anim] Tera Blast Poison\n|-damage|p2a: Diancie|0 fnt\n|faint|p2a: Diancie\n|move|p2b: Volcanion|Heat Wave|p1a: Roaring Moon|[spread] p1a,p1b\n|-resisted|p1a: Roaring Moon\n|-crit|p1b: Manaphy\n|-damage|p1a: Roaring Moon|72\/100 brn\n|-damage|p1b: Manaphy|0 fnt\n|faint|p1b: Manaphy\n|\n|-damage|p1a: Roaring Moon|66\/100 brn|[from] brn\n|upkeep\n|\n|t:|1698711991\n|switch|p1b: Gholdengo|Gholdengo|100\/100\n|switch|p2a: Iron Hands|Iron Hands|31\/100\n|turn|12\n|\n|t:|1698712009\n|move|p1a: Roaring Moon|Breaking Swipe|p2a: Iron Hands|[spread] p2a,p2b\n|-crit|p2a: Iron Hands\n|-damage|p2a: Iron Hands|21\/100\n|-damage|p2b: Volcanion|55\/100\n|-unboost|p2a: Iron Hands|atk|1\n|-unboost|p2b: Volcanion|atk|1\n|move|p1b: Gholdengo|Shadow Ball|p2b: Volcanion\n|-damage|p2b: Volcanion|0 fnt\n|faint|p2b: Volcanion\n|move|p2a: Iron Hands|Drain Punch|p1a: Roaring Moon\n|-supereffective|p1a: Roaring Moon\n|-damage|p1a: Roaring Moon|6\/100 brn\n|-heal|p2a: Iron Hands|48\/100|[from] drain|[of] p1a: Roaring Moon\n|\n|-damage|p1a: Roaring Moon|0 fnt|[from] brn\n|faint|p1a: Roaring Moon\n|-end|p1a: Roaring Moon|Protosynthesis|[silent]\n|upkeep\n|\n|t:|1698712015\n|switch|p1a: Rillaboom|Rillaboom, F|100\/100\n|-fieldstart|move: Grassy Terrain|[from] ability: Grassy Surge|[of] p1a: Rillaboom\n|turn|13\n|inactive|kunal2 has 210 seconds left.\n|\n|t:|1698712025\n|move|p1a: Rillaboom|Fake Out|p2a: Iron Hands\n|-damage|p2a: Iron Hands|38\/100\n|move|p1b: Gholdengo|Shadow Ball|p2a: Iron Hands\n|-damage|p2a: Iron Hands|5\/100\n|cant|p2a: Iron Hands|flinch\n|\n|-heal|p2a: Iron Hands|11\/100|[from] Grassy Terrain\n|upkeep\n|turn|14\n|\n|t:|1698712029\n|move|p1b: Gholdengo|Shadow Ball|p2a: Iron Hands\n|-damage|p2a: Iron Hands|0 fnt\n|faint|p2a: Iron Hands\n|-end|p2a: Iron Hands|Quark Drive|[silent]\n|\n|win|EternalSnowman\n|c|\u2606kunal2|gg\n|c|\u2606EternalSnowman|gg\n","uploadtime":1698712030,"views":281,"p1id":"eternalsnowman","p2id":"kunal2","formatid":"gen9doublesou","rating":0,"private":0,"password":""}