{"id":"smogtours-gen9doublesou-729676","p1":"Exotic64","p2":"laptops","format":"[Gen 9] Doubles OU","log":"|inactive|Battle timer is ON: inactive players will automatically lose when time's up.\n|t:|1699625125\n|gametype|doubles\n|player|p1|Exotic64|ethan|\n|player|p2|laptops|lisia-masters|\n|teamsize|p1|6\n|teamsize|p2|6\n|gen|9\n|tier|[Gen 9] Doubles OU\n|rule|Species Clause: Limit one of each Pok\u00e9mon\n|rule|OHKO Clause: OHKO moves are banned\n|rule|Evasion Moves Clause: Evasion moves are banned\n|rule|Gravity Sleep Clause: The combination of sleep-inducing moves with imperfect accuracy and Gravity or Gigantamax Orbeetle are banned\n|rule|Endless Battle Clause: Forcing endless battles is banned\n|rule|HP Percentage Mod: HP is shown in percentages\n|clearpoke\n|poke|p1|Basculegion-F, F|\n|poke|p1|Ursaluna, M|\n|poke|p1|Landorus-Therian, M|\n|poke|p1|Rillaboom, F|\n|poke|p1|Diancie|\n|poke|p1|Volcanion|\n|poke|p2|Roaring Moon|\n|poke|p2|Glimmora, M|\n|poke|p2|Ogerpon-Hearthflame, F|\n|poke|p2|Landorus-Therian, M|\n|poke|p2|Flutter Mane|\n|poke|p2|Basculegion-F, F|\n|teampreview\n|inactive|Exotic64 also wants the timer to be on.\n|c|\u2606Exotic64|glhf\n|c|\u2606laptops|good luck have fun\n|inactive|Exotic64 has 270 seconds left.\n|inactive|laptops has 270 seconds left.\n|c|+Raf|gooo exotic\n|inactive|Exotic64 has 240 seconds left.\n|inactive|Exotic64 has 210 seconds left.\n|\n|t:|1699625233\n|start\n|switch|p1a: Rillaboom|Rillaboom, F|100\/100\n|switch|p1b: Volcanion|Volcanion|100\/100\n|switch|p2a: Landorus|Landorus-Therian, M|100\/100\n|switch|p2b: Glimmora|Glimmora, M|100\/100\n|-ability|p2a: Landorus|Intimidate|boost\n|-unboost|p1a: Rillaboom|atk|1\n|-unboost|p1b: Volcanion|atk|1\n|-fieldstart|move: Grassy Terrain|[from] ability: Grassy Surge|[of] p1a: Rillaboom\n|turn|1\n|inactive|Exotic64 has 270 seconds left.\n|\n|t:|1699625256\n|switch|p2a: Roaring Moon|Roaring Moon|100\/100\n|-enditem|p2a: Roaring Moon|Booster Energy\n|-activate|p2a: Roaring Moon|ability: Protosynthesis|[fromitem]\n|-start|p2a: Roaring Moon|protosynthesisspe\n|move|p1a: Rillaboom|Fake Out|p2a: Roaring Moon\n|-damage|p2a: Roaring Moon|89\/100\n|move|p2b: Glimmora|Stealth Rock|p1a: Rillaboom\n|-sidestart|p1: Exotic64|move: Stealth Rock\n|move|p1b: Volcanion|Earth Power|p2b: Glimmora\n|-supereffective|p2b: Glimmora\n|-enditem|p2b: Glimmora|Focus Sash\n|-damage|p2b: Glimmora|1\/100\n|\n|-heal|p2a: Roaring Moon|95\/100|[from] Grassy Terrain\n|-heal|p2b: Glimmora|7\/100|[from] Grassy Terrain\n|upkeep\n|turn|2\n|inactive|Exotic64 has 270 seconds left.\n|\n|t:|1699625285\n|switch|p1a: Landorus|Landorus-Therian, M|100\/100\n|-damage|p1a: Landorus|88\/100|[from] Stealth Rock\n|-ability|p1a: Landorus|Intimidate|boost\n|-unboost|p2a: Roaring Moon|atk|1\n|-unboost|p2b: Glimmora|atk|1\n|move|p2a: Roaring Moon|Knock Off|p1b: Volcanion\n|-damage|p1b: Volcanion|75\/100\n|-enditem|p1b: Volcanion|Safety Goggles|[from] move: Knock Off|[of] p2a: Roaring Moon\n|move|p2b: Glimmora|Power Gem|p1b: Volcanion\n|-supereffective|p1b: Volcanion\n|-damage|p1b: Volcanion|0 fnt\n|faint|p1b: Volcanion\n|\n|-heal|p2a: Roaring Moon|100\/100|[from] Grassy Terrain\n|-heal|p2b: Glimmora|13\/100|[from] Grassy Terrain\n|upkeep\n|\n|t:|1699625302\n|switch|p1b: Diancie|Diancie|100\/100\n|-damage|p1b: Diancie|88\/100|[from] Stealth Rock\n|turn|3\n|inactive|laptops has 270 seconds left.\n|\n|t:|1699625351\n|move|p2a: Roaring Moon|Knock Off|p1b: Diancie\n|-resisted|p1b: Diancie\n|-damage|p1b: Diancie|75\/100\n|-enditem|p1b: Diancie|Stone Plate|[from] move: Knock Off|[of] p2a: Roaring Moon\n|move|p2b: Glimmora|Sludge Bomb|p1b: Diancie\n|-damage|p1b: Diancie|36\/100\n|-status|p1b: Diancie|psn\n|move|p1a: Landorus|Stealth Rock|p2b: Glimmora\n|-sidestart|p2: laptops|move: Stealth Rock\n|move|p1b: Diancie|Trick Room|p1b: Diancie\n|-fieldstart|move: Trick Room|[of] p1b: Diancie\n|\n|-heal|p1b: Diancie|42\/100 psn|[from] Grassy Terrain\n|-heal|p2b: Glimmora|19\/100|[from] Grassy Terrain\n|-damage|p1b: Diancie|29\/100 psn|[from] psn\n|upkeep\n|turn|4\n|inactive|laptops has 270 seconds left.\n|inactive|laptops has 240 seconds left.\n|\n|t:|1699625397\n|move|p2a: Roaring Moon|Protect|p2a: Roaring Moon\n|-singleturn|p2a: Roaring Moon|Protect\n|move|p1b: Diancie|Diamond Storm|p2b: Glimmora|[spread] p2b\n|-activate|p2a: Roaring Moon|move: Protect\n|-damage|p2b: Glimmora|0 fnt\n|-activate|p2b: Glimmora|ability: Toxic Debris\n|-sidestart|p1: Exotic64|move: Toxic Spikes\n|faint|p2b: Glimmora\n|move|p1a: Landorus|U-turn|p2a: Roaring Moon\n|-activate|p2a: Roaring Moon|move: Protect\n|\n|-heal|p1b: Diancie|36\/100 psn|[from] Grassy Terrain\n|-damage|p1b: Diancie|23\/100 psn|[from] psn\n|upkeep\n|\n|t:|1699625407\n|switch|p2b: Landorus|Landorus-Therian, M|100\/100\n|-damage|p2b: Landorus|88\/100|[from] Stealth Rock\n|-ability|p2b: Landorus|Intimidate|boost\n|-unboost|p1a: Landorus|atk|1\n|-fail|p1b: Diancie|unboost|[from] ability: Clear Body|[of] p1b: Diancie\n|turn|5\n|inactive|laptops has 240 seconds left.\n|\n|t:|1699625452\n|move|p1b: Diancie|Body Press|p2a: Roaring Moon\n|-supereffective|p2a: Roaring Moon\n|-damage|p2a: Roaring Moon|41\/100\n|move|p1a: Landorus|U-turn|p2a: Roaring Moon\n|-supereffective|p2a: Roaring Moon\n|-damage|p2a: Roaring Moon|9\/100\n|\n|t:|1699625458\n|switch|p1a: Rillaboom|Rillaboom, F|100\/100|[from] U-turn\n|-damage|p1a: Rillaboom|88\/100|[from] Stealth Rock\n|-status|p1a: Rillaboom|psn\n|move|p2b: Landorus|Stomping Tantrum|p1b: Diancie\n|-supereffective|p1b: Diancie\n|-damage|p1b: Diancie|0 fnt\n|faint|p1b: Diancie\n|move|p2a: Roaring Moon|Breaking Swipe|p1a: Rillaboom\n|-damage|p1a: Rillaboom|68\/100 psn\n|-unboost|p1a: Rillaboom|atk|1\n|\n|-heal|p1a: Rillaboom|74\/100 psn|[from] Grassy Terrain\n|-heal|p2a: Roaring Moon|15\/100|[from] Grassy Terrain\n|-damage|p1a: Rillaboom|62\/100 psn|[from] psn\n|-fieldend|move: Grassy Terrain\n|upkeep\n|\n|t:|1699625468\n|switch|p1b: Ursaluna|Ursaluna, M|100\/100\n|-damage|p1b: Ursaluna|94\/100|[from] Stealth Rock\n|-status|p1b: Ursaluna|psn\n|turn|6\n|inactive|laptops has 240 seconds left.\n|\n|t:|1699625497\n|move|p1b: Ursaluna|Facade|p2b: Landorus\n|-damage|p2b: Landorus|0 fnt\n|faint|p2b: Landorus\n|move|p1a: Rillaboom|U-turn|p2a: Roaring Moon\n|-supereffective|p2a: Roaring Moon\n|-damage|p2a: Roaring Moon|0 fnt\n|faint|p2a: Roaring Moon\n|-end|p2a: Roaring Moon|Protosynthesis|[silent]\n|\n|t:|1699625505\n|switch|p1a: Landorus|Landorus-Therian, M|88\/100|[from] U-turn\n|-damage|p1a: Landorus|76\/100|[from] Stealth Rock\n|\n|-damage|p1b: Ursaluna|82\/100 psn|[from] psn\n|upkeep\n|inactive|laptops has 210 seconds left.\n|\n|t:|1699625552\n|switch|p2b: Basculegion|Basculegion-F, F|100\/100\n|switch|p2a: Ogerpon|Ogerpon-Hearthflame, F|100\/100\n|-damage|p2a: Ogerpon|75\/100|[from] Stealth Rock\n|-ability|p2a: Ogerpon|Mold Breaker\n|-damage|p2b: Basculegion|88\/100|[from] Stealth Rock\n|turn|7\n|inactive|laptops has 210 seconds left.\n|\n|t:|1699625566\n|move|p2a: Ogerpon|Spiky Shield|p2a: Ogerpon\n|-singleturn|p2a: Ogerpon|move: Protect\n|move|p1b: Ursaluna|Headlong Rush|p2b: Basculegion\n|-damage|p2b: Basculegion|0 fnt\n|-unboost|p1b: Ursaluna|def|1\n|-unboost|p1b: Ursaluna|spd|1\n|faint|p2b: Basculegion\n|move|p1a: Landorus|Sandsear Storm|p2a: Ogerpon\n|-activate|p2a: Ogerpon|move: Protect\n|\n|-damage|p1b: Ursaluna|69\/100 psn|[from] psn\n|-fieldend|move: Trick Room\n|upkeep\n|inactive|laptops has 210 seconds left.\n|\n|t:|1699625572\n|switch|p2b: Flutter Mane|Flutter Mane|100\/100\n|-damage|p2b: Flutter Mane|88\/100|[from] Stealth Rock\n|turn|8\n|inactive|laptops has 210 seconds left.\n|inactive|laptops has 180 seconds left.\n|inactive|laptops has 150 seconds left.\n|inactive|laptops has 120 seconds left.\n|\n|t:|1699625691\n|-terastallize|p2b: Flutter Mane|Fairy\n|move|p2b: Flutter Mane|Dazzling Gleam|p1b: Ursaluna|[spread] p1a,p1b\n|-damage|p1a: Landorus|2\/100\n|-damage|p1b: Ursaluna|0 fnt\n|-enditem|p1a: Landorus|Sitrus Berry|[eat]\n|-heal|p1a: Landorus|27\/100|[from] item: Sitrus Berry\n|faint|p1b: Ursaluna\n|move|p2a: Ogerpon|Ivy Cudgel|p1a: Landorus\n|-damage|p1a: Landorus|0 fnt\n|faint|p1a: Landorus\n|\n|upkeep\n|\n|t:|1699625706\n|switch|p1a: Rillaboom|Rillaboom, F|62\/100 psn\n|switch|p1b: Basculegion|Basculegion-F, F|100\/100\n|-damage|p1b: Basculegion|88\/100|[from] Stealth Rock\n|-status|p1b: Basculegion|psn\n|-damage|p1a: Rillaboom|50\/100 psn|[from] Stealth Rock\n|-fieldstart|move: Grassy Terrain|[from] ability: Grassy Surge|[of] p1a: Rillaboom\n|turn|9\n|\n|t:|1699625724\n|move|p1a: Rillaboom|Fake Out|p2a: Ogerpon\n|-damage|p2a: Ogerpon|58\/100\n|move|p1b: Basculegion|Last Respects|p2b: Flutter Mane\n|-damage|p2b: Flutter Mane|0 fnt\n|faint|p2b: Flutter Mane\n|-end|p2b: Flutter Mane|Protosynthesis|[silent]\n|cant|p2a: Ogerpon|flinch\n|\n|-heal|p1b: Basculegion|94\/100 psn|[from] Grassy Terrain\n|-heal|p2a: Ogerpon|64\/100|[from] Grassy Terrain\n|-heal|p1a: Rillaboom|56\/100 psn|[from] Grassy Terrain\n|-damage|p1b: Basculegion|82\/100 psn|[from] psn\n|-damage|p1a: Rillaboom|44\/100 psn|[from] psn\n|upkeep\n|turn|10\n|\n|t:|1699625731\n|-terastallize|p1b: Basculegion|Grass\n|move|p2a: Ogerpon|Spiky Shield|p2a: Ogerpon\n|-singleturn|p2a: Ogerpon|move: Protect\n|move|p1a: Rillaboom|Grassy Glide|p2a: Ogerpon\n|-activate|p2a: Ogerpon|move: Protect\n|-damage|p1a: Rillaboom|31\/100 psn|[from] Spiky Shield|[of] p2a: Ogerpon\n|move|p1b: Basculegion|Last Respects|p2a: Ogerpon\n|-activate|p2a: Ogerpon|move: Protect\n|\n|-heal|p1b: Basculegion|88\/100 psn|[from] Grassy Terrain\n|-heal|p2a: Ogerpon|70\/100|[from] Grassy Terrain\n|-heal|p1a: Rillaboom|37\/100 psn|[from] Grassy Terrain\n|-damage|p1b: Basculegion|76\/100 psn|[from] psn\n|-damage|p1a: Rillaboom|25\/100 psn|[from] psn\n|upkeep\n|turn|11\n|\n|t:|1699625736\n|move|p2a: Ogerpon|Spiky Shield||[still]\n|-fail|p2a: Ogerpon\n|move|p1a: Rillaboom|Grassy Glide|p2a: Ogerpon\n|-resisted|p2a: Ogerpon\n|-crit|p2a: Ogerpon\n|-damage|p2a: Ogerpon|54\/100\n|move|p1b: Basculegion|Last Respects|p2a: Ogerpon\n|-damage|p2a: Ogerpon|0 fnt\n|faint|p2a: Ogerpon\n|\n|win|Exotic64\n|c|\u2606laptops|gg\n|c|\u2606Exotic64|gg\n","uploadtime":1699625737,"views":158,"p1id":"exotic64","p2id":"laptops","formatid":"gen9doublesou","rating":0,"private":0,"password":""}