{"id":"smogtours-gen9doublesou-732738","p1":"a spiffy spaceman","p2":"Tenzai","format":"[Gen 9] Doubles OU","log":"|inactive|Battle timer is ON: inactive players will automatically lose when time's up.\n|t:|1701026960\n|gametype|doubles\n|player|p1|a spiffy spaceman|burgh|\n|player|p2|Tenzai|#scl3spartans2|\n|teamsize|p1|6\n|teamsize|p2|6\n|gen|9\n|tier|[Gen 9] Doubles OU\n|rule|Species Clause: Limit one of each Pok\u00e9mon\n|rule|OHKO Clause: OHKO moves are banned\n|rule|Evasion Moves Clause: Evasion moves are banned\n|rule|Gravity Sleep Clause: The combination of sleep-inducing moves with imperfect accuracy and Gravity or Gigantamax Orbeetle are banned\n|rule|Endless Battle Clause: Forcing endless battles is banned\n|rule|HP Percentage Mod: HP is shown in percentages\n|clearpoke\n|poke|p1|Kingambit, M|\n|poke|p1|Dragonite, F|\n|poke|p1|Chien-Pao|\n|poke|p1|Amoonguss, M|\n|poke|p1|Arcanine-Hisui, F|\n|poke|p1|Ogerpon-Wellspring, F|\n|poke|p2|Landorus-Therian, M|\n|poke|p2|Tornadus, M|\n|poke|p2|Okidogi, M|\n|poke|p2|Heatran, M|\n|poke|p2|Rillaboom, F|\n|poke|p2|Regidrago|\n|teampreview\n|inactive|a spiffy spaceman has 270 seconds left.\n|inactive|Tenzai has 270 seconds left.\n|inactive|a spiffy spaceman has 240 seconds left.\n|inactive|Tenzai has 240 seconds left.\n|inactive|a spiffy spaceman has 210 seconds left.\n|inactive|Tenzai has 210 seconds left.\n|inactive|a spiffy spaceman has 180 seconds left.\n|\n|t:|1701027085\n|start\n|switch|p1a: Dragonite|Dragonite, F|100\/100\n|switch|p1b: Hamilton|Arcanine-Hisui, F|100\/100\n|switch|p2a: Tornadus|Tornadus, M|100\/100\n|switch|p2b: Heatran|Heatran, M|100\/100\n|-ability|p1b: Hamilton|Intimidate|boost\n|-unboost|p2a: Tornadus|atk|1\n|-unboost|p2b: Heatran|atk|1\n|turn|1\n|inactive|Tenzai has 270 seconds left.\n|inactive|a spiffy spaceman has 240 seconds left.\n|\n|t:|1701027119\n|switch|p2b: Landorus|Landorus-Therian, M|100\/100\n|-ability|p2b: Landorus|Intimidate|boost\n|-fail|p1a: Dragonite|unboost|Attack|[from] ability: Inner Focus|[of] p1a: Dragonite\n|-unboost|p1b: Hamilton|atk|1\n|move|p2a: Tornadus|Protect|p2a: Tornadus\n|-singleturn|p2a: Tornadus|Protect\n|move|p1a: Dragonite|Stomping Tantrum|p2b: Landorus\n|-immune|p2b: Landorus\n|move|p1b: Hamilton|Stealth Rock|p2b: Landorus\n|-sidestart|p2: Tenzai|move: Stealth Rock\n|\n|upkeep\n|turn|2\n|inactive|a spiffy spaceman has 240 seconds left.\n|inactive|Tenzai has 240 seconds left.\n|inactive|a spiffy spaceman has 210 seconds left.\n|\n|t:|1701027189\n|switch|p1a: Amoonguss|Amoonguss, M|100\/100\n|move|p2a: Tornadus|Bleakwind Storm|p1b: Hamilton|[spread] p1a,p1b\n|-supereffective|p1a: Amoonguss\n|-resisted|p1b: Hamilton\n|-damage|p1a: Amoonguss|50\/100\n|-damage|p1b: Hamilton|83\/100\n|-enditem|p1a: Amoonguss|Sitrus Berry|[eat]\n|-heal|p1a: Amoonguss|75\/100|[from] item: Sitrus Berry\n|move|p1b: Hamilton|Rock Slide|p2a: Tornadus|[spread] p2a\n|-miss|p1b: Hamilton|p2b: Landorus\n|-supereffective|p2a: Tornadus\n|-damage|p2a: Tornadus|62\/100\n|move|p2b: Landorus|Stomping Tantrum|p1b: Hamilton\n|-supereffective|p1b: Hamilton\n|-damage|p1b: Hamilton|0 fnt\n|faint|p1b: Hamilton\n|\n|upkeep\n|inactive|a spiffy spaceman has 180 seconds left.\n|\n|t:|1701027209\n|switch|p1b: Chien-Pao|Chien-Pao|100\/100\n|-ability|p1b: Chien-Pao|Sword of Ruin\n|turn|3\n|inactive|Tenzai has 240 seconds left.\n|inactive|a spiffy spaceman has 180 seconds left.\n|inactive|Tenzai has 210 seconds left.\n|\n|t:|1701027274\n|switch|p1a: Dragonite|Dragonite, F|100\/100\n|move|p2a: Tornadus|Protect|p2a: Tornadus\n|-singleturn|p2a: Tornadus|Protect\n|move|p1b: Chien-Pao|Ice Spinner|p2a: Tornadus\n|-activate|p2a: Tornadus|move: Protect\n|move|p2b: Landorus|U-turn|p1a: Dragonite\n|-resisted|p1a: Dragonite\n|-damage|p1a: Dragonite|82\/100\n|inactive|Tenzai has 180 seconds left.\n|inactive|Tenzai has 150 seconds left.\n|\n|t:|1701027341\n|switch|p2b: Heatran|Heatran, M|100\/100|[from] U-turn\n|-damage|p2b: Heatran|88\/100|[from] Stealth Rock\n|\n|upkeep\n|turn|4\n|inactive|Tenzai has 150 seconds left.\n|inactive|Tenzai has 120 seconds left.\n|\n|t:|1701027384\n|-terastallize|p1a: Dragonite|Normal\n|-terastallize|p2b: Heatran|Ghost\n|move|p1a: Dragonite|Extreme Speed|p2a: Tornadus\n|-crit|p2a: Tornadus\n|-damage|p2a: Tornadus|0 fnt\n|faint|p2a: Tornadus\n|move|p1b: Chien-Pao|Sacred Sword|p2b: Heatran\n|-immune|p2b: Heatran\n|move|p2b: Heatran|Will-O-Wisp|p1a: Dragonite\n|-status|p1a: Dragonite|brn\n|\n|-damage|p1a: Dragonite|76\/100 brn|[from] brn\n|upkeep\n|inactive|Tenzai has 90 seconds left.\n|\n|t:|1701027422\n|switch|p2a: Okidogi|Okidogi, M|100\/100\n|-damage|p2a: Okidogi|94\/100|[from] Stealth Rock\n|turn|5\n|inactive|a spiffy spaceman has 210 seconds left.\n|inactive|Tenzai has 90 seconds left.\n|inactive|a spiffy spaceman has 180 seconds left.\n|inactive|Tenzai has 60 seconds left.\n|\n|t:|1701027497\n|switch|p1a: HOWKINGS|Ogerpon-Wellspring, F|100\/100\n|move|p1b: Chien-Pao|Protect|p1b: Chien-Pao\n|-singleturn|p1b: Chien-Pao|Protect\n|move|p2b: Heatran|Will-O-Wisp|p1b: Chien-Pao\n|-activate|p1b: Chien-Pao|move: Protect\n|move|p2a: Okidogi|Drain Punch|p1b: Chien-Pao\n|-activate|p1b: Chien-Pao|move: Protect\n|\n|upkeep\n|turn|6\n|inactive|Tenzai has 60 seconds left.\n|inactive|a spiffy spaceman has 150 seconds left.\n|inactive|a spiffy spaceman has 120 seconds left.\n|\n|t:|1701027570\n|switch|p2b: Landorus|Landorus-Therian, M|100\/100\n|-damage|p2b: Landorus|88\/100|[from] Stealth Rock\n|-ability|p2b: Landorus|Intimidate|boost\n|-unboost|p1a: HOWKINGS|atk|1\n|-unboost|p1b: Chien-Pao|atk|1\n|move|p1b: Chien-Pao|Ice Spinner|p2b: Landorus\n|-supereffective|p2b: Landorus\n|-damage|p2b: Landorus|0 fnt\n|faint|p2b: Landorus\n|move|p1a: HOWKINGS|Ivy Cudgel|p2a: Okidogi|[anim] Ivy Cudgel Water\n|-crit|p2a: Okidogi\n|-damage|p2a: Okidogi|4\/100\n|move|p2a: Okidogi|Poison Jab|p1b: Chien-Pao\n|-damage|p1b: Chien-Pao|42\/100\n|\n|upkeep\n|inactive|Tenzai has 30 seconds left.\n|inactive|Tenzai has 20 seconds left.\n|inactive|Tenzai has 15 seconds left.\n|\n|t:|1701027600\n|switch|p2b: Regidrago|Regidrago|100\/100\n|-damage|p2b: Regidrago|88\/100|[from] Stealth Rock\n|turn|7\n|inactive|a spiffy spaceman has 120 seconds left.\n|\n|t:|1701027633\n|switch|p1b: Kingambit|Kingambit, M|100\/100\n|move|p2b: Regidrago|Dragon Pulse|p1b: Kingambit\n|-resisted|p1b: Kingambit\n|-damage|p1b: Kingambit|80\/100\n|move|p1a: HOWKINGS|Ivy Cudgel|p2a: Okidogi|[anim] Ivy Cudgel Water\n|-damage|p2a: Okidogi|0 fnt\n|faint|p2a: Okidogi\n|\n|upkeep\n|inactive|Tenzai has 30 seconds left.\n|\n|t:|1701027653\n|switch|p2a: Rillaboom|Rillaboom, F|100\/100\n|-damage|p2a: Rillaboom|88\/100|[from] Stealth Rock\n|-fieldstart|move: Grassy Terrain|[from] ability: Grassy Surge|[of] p2a: Rillaboom\n|turn|8\n|inactive|a spiffy spaceman has 120 seconds left.\n|inactive|Tenzai has 30 seconds left.\n|inactive|a spiffy spaceman has 90 seconds left.\n|\n|t:|1701027707\n|switch|p1a: Amoonguss|Amoonguss, M|100\/100\n|move|p2b: Regidrago|Dragon Pulse|p1a: Amoonguss\n|-damage|p1a: Amoonguss|50\/100\n|move|p2a: Rillaboom|Brick Break|p1b: Kingambit\n|-supereffective|p1b: Kingambit\n|-damage|p1b: Kingambit|11\/100\n|move|p1b: Kingambit|Kowtow Cleave|p2a: Rillaboom\n|-damage|p2a: Rillaboom|45\/100\n|\n|-heal|p2b: Regidrago|94\/100|[from] Grassy Terrain\n|-heal|p2a: Rillaboom|51\/100|[from] Grassy Terrain\n|-heal|p1b: Kingambit|17\/100|[from] Grassy Terrain\n|-heal|p1a: Amoonguss|56\/100|[from] Grassy Terrain\n|upkeep\n|turn|9\n|inactive|Tenzai has 30 seconds left.\n|inactive|a spiffy spaceman has 90 seconds left.\n|inactive|Tenzai has 20 seconds left.\n|\n|t:|1701027739\n|move|p1b: Kingambit|Sucker Punch|p2a: Rillaboom\n|-crit|p2a: Rillaboom\n|-damage|p2a: Rillaboom|0 fnt\n|faint|p2a: Rillaboom\n|move|p2b: Regidrago|Dragon Pulse|p1a: Amoonguss\n|-damage|p1a: Amoonguss|5\/100\n|move|p1a: Amoonguss|Spore|p2b: Regidrago\n|-status|p2b: Regidrago|slp|[from] move: Spore\n|\n|-heal|p2b: Regidrago|99\/100 slp|[from] Grassy Terrain\n|-heal|p1b: Kingambit|23\/100|[from] Grassy Terrain\n|-heal|p1a: Amoonguss|11\/100|[from] Grassy Terrain\n|upkeep\n|inactive|Tenzai has 25 seconds left this turn.\n|\n|t:|1701027743\n|switch|p2a: Heatran|Heatran, M, tera:Ghost|88\/100\n|-damage|p2a: Heatran|76\/100|[from] Stealth Rock\n|turn|10\n|c|+frania|lol\n|\n|t:|1701027756\n|cant|p2b: Regidrago|slp\n|move|p2a: Heatran|Heat Wave|p1a: Amoonguss|[spread] p1a\n|-miss|p2a: Heatran|p1b: Kingambit\n|-supereffective|p1a: Amoonguss\n|-damage|p1a: Amoonguss|0 fnt\n|faint|p1a: Amoonguss\n|move|p1b: Kingambit|Kowtow Cleave|p2a: Heatran\n|-supereffective|p2a: Heatran\n|-damage|p2a: Heatran|0 fnt\n|faint|p2a: Heatran\n|\n|-heal|p2b: Regidrago|100\/100 slp|[from] Grassy Terrain\n|-heal|p1b: Kingambit|29\/100|[from] Grassy Terrain\n|upkeep\n|\n|t:|1701027762\n|switch|p1a: Chien-Pao|Chien-Pao|42\/100\n|-ability|p1a: Chien-Pao|Sword of Ruin\n|turn|11\n|\n|t:|1701027774\n|move|p1b: Kingambit|Sucker Punch|p2b: Regidrago\n|-damage|p2b: Regidrago|44\/100 slp\n|move|p1a: Chien-Pao|Ice Spinner|p2b: Regidrago\n|-supereffective|p2b: Regidrago\n|-damage|p2b: Regidrago|0 fnt\n|-fieldend|move: Grassy Terrain\n|faint|p2b: Regidrago\n|\n|win|a spiffy spaceman\n|c|\u2606a spiffy spaceman|gg\n|c|\u2606Tenzai|gg\n|c|+laptops|CROVENS IN HIS PRIME\n|c|+frania|is he?\n|c|+ryo yamada2001|who are you\n","uploadtime":1701027775,"views":125,"p1id":"aspiffyspaceman","p2id":"tenzai","formatid":"gen9doublesou","rating":0,"private":0,"password":""}