{"id":"smogtours-gen9doublesou-724228","p1":"Zerotti","p2":"zoe","format":"[Gen 9] Doubles OU","log":"|inactive|Battle timer is ON: inactive players will automatically lose when time's up.\n|t:|1697403853\n|gametype|doubles\n|player|p1|Zerotti|turo-ai|\n|player|p2|zoe|#dpl9spectralthieves|\n|teamsize|p1|6\n|teamsize|p2|6\n|gen|9\n|tier|[Gen 9] Doubles OU\n|rule|Species Clause: Limit one of each Pok\u00e9mon\n|rule|OHKO Clause: OHKO moves are banned\n|rule|Evasion Moves Clause: Evasion moves are banned\n|rule|Gravity Sleep Clause: The combination of sleep-inducing moves with imperfect accuracy and Gravity or Gigantamax Orbeetle are banned\n|rule|Endless Battle Clause: Forcing endless battles is banned\n|rule|HP Percentage Mod: HP is shown in percentages\n|clearpoke\n|poke|p1|Ursaluna-Bloodmoon, M|\n|poke|p1|Grimmsnarl, M|\n|poke|p1|Palafin, F|\n|poke|p1|Ogerpon, F|\n|poke|p1|Cresselia, F|\n|poke|p1|Iron Hands, L99|\n|poke|p2|Ninetales-Alola, M|\n|poke|p2|Ogerpon-Hearthflame, F|\n|poke|p2|Baxcalibur, M|\n|poke|p2|Flutter Mane|\n|poke|p2|Landorus-Therian, M|\n|poke|p2|Iron Hands|\n|teampreview\n|c|\u2606zoe|glhf\n|c|\u2606Zerotti|u2\n|c|+Nails|goe zoe\n|c|\u2606zoe|ty gails\n|inactive|zoe has 270 seconds left.\n|\n|t:|1697403907\n|start\n|switch|p1a: Palafin|Palafin, F|100\/100\n|switch|p1b: Grimmsnarl|Grimmsnarl, M|100\/100\n|switch|p2a: Ninetales|Ninetales-Alola, M|100\/100\n|switch|p2b: Flutter Mane|Flutter Mane|100\/100\n|-weather|Snow|[from] ability: Snow Warning|[of] p2a: Ninetales\n|turn|1\n|inactive|Zerotti has 270 seconds left.\n|\n|t:|1697403953\n|detailschange|p1a: Palafin|Palafin-Hero, F\n|switch|p1a: Ursaluna|Ursaluna-Bloodmoon, M|100\/100\n|move|p1b: Grimmsnarl|Light Screen|p1b: Grimmsnarl\n|-sidestart|p1: Zerotti|move: Light Screen\n|move|p2b: Flutter Mane|Moonblast|p1b: Grimmsnarl\n|-supereffective|p1b: Grimmsnarl\n|-damage|p1b: Grimmsnarl|13\/100\n|-unboost|p1b: Grimmsnarl|spa|1\n|move|p2a: Ninetales|Aurora Veil|p2a: Ninetales\n|-sidestart|p2: zoe|move: Aurora Veil\n|\n|-weather|Snow|[upkeep]\n|upkeep\n|turn|2\n|inactive|Zerotti has 270 seconds left.\n|\n|t:|1697403981\n|move|p1b: Grimmsnarl|Parting Shot|p2b: Flutter Mane\n|-unboost|p2b: Flutter Mane|atk|1\n|-unboost|p2b: Flutter Mane|spa|1\n|\n|t:|1697403990\n|switch|p1b: Ogerpon|Ogerpon, F|100\/100|[from] Parting Shot\n|move|p2b: Flutter Mane|Moonblast|p1a: Ursaluna\n|-damage|p1a: Ursaluna|70\/100\n|move|p2a: Ninetales|Blizzard|p1b: Ogerpon|[spread] p1a,p1b\n|-supereffective|p1a: Ursaluna\n|-crit|p1a: Ursaluna\n|-supereffective|p1b: Ogerpon\n|-damage|p1a: Ursaluna|0 fnt\n|-damage|p1b: Ogerpon|73\/100\n|faint|p1a: Ursaluna\n|\n|-weather|Snow|[upkeep]\n|upkeep\n|c|\u2606zoe|mb\n|inactive|Zerotti has 240 seconds left.\n|\n|t:|1697404017\n|switch|p1a: Iron Hands|Iron Hands, L99|100\/100\n|turn|3\n|inactive|Zerotti has 240 seconds left.\n|\n|t:|1697404038\n|-end|p2b: Flutter Mane|Protosynthesis|[silent]\n|switch|p2b: Baxcalibur|Baxcalibur, M|100\/100\n|move|p2a: Ninetales|Protect|p2a: Ninetales\n|-singleturn|p2a: Ninetales|Protect\n|move|p1b: Ogerpon|Ivy Cudgel|p2b: Baxcalibur\n|-resisted|p2b: Baxcalibur\n|-damage|p2b: Baxcalibur|92\/100\n|move|p1a: Iron Hands|Fire Punch|p2a: Ninetales\n|-activate|p2a: Ninetales|move: Protect\n|\n|-weather|Snow|[upkeep]\n|-heal|p2b: Baxcalibur|98\/100|[from] ability: Ice Body\n|upkeep\n|turn|4\n|\n|t:|1697404059\n|move|p2a: Ninetales|Encore|p1a: Iron Hands\n|-start|p1a: Iron Hands|Encore\n|move|p2b: Baxcalibur|Swords Dance|p2b: Baxcalibur\n|-boost|p2b: Baxcalibur|atk|2\n|move|p1b: Ogerpon|U-turn|p2a: Ninetales\n|-resisted|p2a: Ninetales\n|-damage|p2a: Ninetales|96\/100\n|\n|t:|1697404074\n|switch|p1b: Grimmsnarl|Grimmsnarl, M|13\/100|[from] U-turn\n|move|p1a: Iron Hands|Fire Punch|p2a: Ninetales\n|-supereffective|p2a: Ninetales\n|-damage|p2a: Ninetales|66\/100\n|\n|-weather|Snow|[upkeep]\n|-heal|p2b: Baxcalibur|100\/100|[from] ability: Ice Body\n|upkeep\n|turn|5\n|\n|t:|1697404103\n|switch|p2a: Landorus|Landorus-Therian, M|100\/100\n|-ability|p2a: Landorus|Intimidate|boost\n|-unboost|p1a: Iron Hands|atk|1\n|-unboost|p1b: Grimmsnarl|atk|1\n|-end|p1a: Iron Hands|Quark Drive|[silent]\n|switch|p1a: Cresselia|Cresselia, F|100\/100\n|move|p1b: Grimmsnarl|Reflect|p1b: Grimmsnarl\n|-sidestart|p1: Zerotti|Reflect\n|move|p2b: Baxcalibur|Icicle Spear|p1a: Cresselia\n|-damage|p1a: Cresselia|88\/100\n|-damage|p1a: Cresselia|74\/100\n|-damage|p1a: Cresselia|61\/100\n|-damage|p1a: Cresselia|49\/100\n|-hitcount|p1a: Cresselia|4\n|\n|-weather|none\n|upkeep\n|turn|6\n|inactive|Zerotti has 270 seconds left.\n|\n|t:|1697404128\n|move|p1b: Grimmsnarl|Parting Shot|p2b: Baxcalibur\n|-unboost|p2b: Baxcalibur|atk|1\n|-unboost|p2b: Baxcalibur|spa|1\n|\n|t:|1697404135\n|switch|p1b: Iron Hands|Iron Hands, L99|100\/100|[from] Parting Shot\n|move|p2b: Baxcalibur|Swords Dance|p2b: Baxcalibur\n|-boost|p2b: Baxcalibur|atk|2\n|move|p2a: Landorus|U-turn|p1b: Iron Hands\n|-resisted|p1b: Iron Hands\n|-damage|p1b: Iron Hands|94\/100\n|\n|t:|1697404140\n|switch|p2a: Ninetales|Ninetales-Alola, M|66\/100|[from] U-turn\n|-weather|Snow|[from] ability: Snow Warning|[of] p2a: Ninetales\n|move|p1a: Cresselia|Lunar Blessing|p1a: Cresselia|[spread] p1a,p1b\n|-heal|p1a: Cresselia|74\/100\n|-heal|p1b: Iron Hands|100\/100\n|\n|-weather|Snow|[upkeep]\n|upkeep\n|turn|7\n|\n|t:|1697404162\n|switch|p2a: Landorus|Landorus-Therian, M|100\/100\n|-ability|p2a: Landorus|Intimidate|boost\n|-unboost|p1a: Cresselia|atk|1\n|-unboost|p1b: Iron Hands|atk|1\n|move|p2b: Baxcalibur|Icicle Spear|p1a: Cresselia\n|-damage|p1a: Cresselia|58\/100\n|-damage|p1a: Cresselia|42\/100\n|-damage|p1a: Cresselia|27\/100\n|-damage|p1a: Cresselia|12\/100\n|-damage|p1a: Cresselia|0 fnt\n|faint|p1a: Cresselia\n|-hitcount|p1: Cresselia|5\n|move|p1b: Iron Hands|Close Combat|p2b: Baxcalibur\n|-supereffective|p2b: Baxcalibur\n|-damage|p2b: Baxcalibur|59\/100\n|-unboost|p1b: Iron Hands|def|1\n|-unboost|p1b: Iron Hands|spd|1\n|\n|-weather|Snow|[upkeep]\n|-heal|p2b: Baxcalibur|65\/100|[from] ability: Ice Body\n|upkeep\n|inactive|Zerotti has 270 seconds left.\n|\n|t:|1697404174\n|switch|p1a: Palafin|Palafin-Hero, F|100\/100\n|-activate|p1a: Palafin|ability: Zero to Hero\n|turn|8\n|\n|t:|1697404190\n|move|p2b: Baxcalibur|Protect|p2b: Baxcalibur\n|-singleturn|p2b: Baxcalibur|Protect\n|move|p2a: Landorus|U-turn|p1a: Palafin\n|-crit|p1a: Palafin\n|-damage|p1a: Palafin|61\/100\n|\n|t:|1697404197\n|switch|p2a: Ninetales|Ninetales-Alola, M|66\/100|[from] U-turn\n|move|p1a: Palafin|Bulk Up|p1a: Palafin\n|-boost|p1a: Palafin|atk|1\n|-boost|p1a: Palafin|def|1\n|move|p1b: Iron Hands|Close Combat|p2b: Baxcalibur\n|-activate|p2b: Baxcalibur|move: Protect\n|\n|-weather|Snow|[upkeep]\n|-heal|p2b: Baxcalibur|71\/100|[from] ability: Ice Body\n|-heal|p1a: Palafin|67\/100|[from] item: Leftovers\n|-sideend|p1: Zerotti|move: Light Screen\n|-sideend|p2: zoe|move: Aurora Veil\n|upkeep\n|turn|9\n|\n|t:|1697404221\n|-terastallize|p2b: Baxcalibur|Poison\n|move|p1a: Palafin|Jet Punch|p2a: Ninetales\n|-damage|p2a: Ninetales|20\/100\n|move|p2a: Ninetales|Encore|p1a: Palafin\n|-start|p1a: Palafin|Encore\n|move|p2b: Baxcalibur|Icicle Spear|p1b: Iron Hands\n|-damage|p1b: Iron Hands|71\/100\n|-damage|p1b: Iron Hands|43\/100\n|-damage|p1b: Iron Hands|16\/100\n|-damage|p1b: Iron Hands|0 fnt\n|faint|p1b: Iron Hands\n|-end|p1b: Iron Hands|Quark Drive|[silent]\n|-hitcount|p1: Iron Hands|4\n|\n|-weather|Snow|[upkeep]\n|-heal|p2b: Baxcalibur|77\/100|[from] ability: Ice Body\n|-heal|p1a: Palafin|74\/100|[from] item: Leftovers\n|upkeep\n|\n|t:|1697404234\n|switch|p1b: Ogerpon|Ogerpon, F|73\/100\n|turn|10\n|inactive|Zerotti has 270 seconds left.\n|\n|t:|1697404274\n|move|p1a: Palafin|Jet Punch|p2a: Ninetales\n|-damage|p2a: Ninetales|0 fnt\n|faint|p2a: Ninetales\n|move|p2b: Baxcalibur|Icicle Spear|p1b: Ogerpon\n|-supereffective|p1b: Ogerpon\n|-damage|p1b: Ogerpon|31\/100\n|-enditem|p1b: Ogerpon|Sitrus Berry|[eat]\n|-heal|p1b: Ogerpon|56\/100|[from] item: Sitrus Berry\n|-supereffective|p1b: Ogerpon\n|-damage|p1b: Ogerpon|15\/100\n|-supereffective|p1b: Ogerpon\n|-damage|p1b: Ogerpon|0 fnt\n|faint|p1b: Ogerpon\n|-hitcount|p1: Ogerpon|3\n|\n|-weather|none\n|-heal|p1a: Palafin|80\/100|[from] item: Leftovers\n|upkeep\n|\n|t:|1697404284\n|switch|p2a: Iron Hands|Iron Hands|100\/100\n|switch|p1b: Grimmsnarl|Grimmsnarl, M|13\/100\n|turn|11\n|\n|t:|1697404297\n|move|p2a: Iron Hands|Fake Out|p1b: Grimmsnarl\n|-damage|p1b: Grimmsnarl|3\/100\n|move|p1a: Palafin|Jet Punch|p2b: Baxcalibur\n|-damage|p2b: Baxcalibur|26\/100\n|cant|p1b: Grimmsnarl|flinch\n|move|p2b: Baxcalibur|Scale Shot|p1a: Palafin\n|-damage|p1a: Palafin|64\/100\n|-damage|p1a: Palafin|50\/100\n|-damage|p1a: Palafin|36\/100\n|-damage|p1a: Palafin|21\/100\n|-damage|p1a: Palafin|7\/100\n|-hitcount|p1a: Palafin|5\n|-unboost|p2b: Baxcalibur|def|1\n|-boost|p2b: Baxcalibur|spe|1\n|\n|-heal|p1a: Palafin|13\/100|[from] item: Leftovers\n|upkeep\n|turn|12\n|\n|t:|1697404314\n|-terastallize|p1a: Palafin|Grass\n|move|p1a: Palafin|Jet Punch|p2b: Baxcalibur\n|-damage|p2b: Baxcalibur|0 fnt\n|faint|p2b: Baxcalibur\n|move|p1b: Grimmsnarl|Parting Shot|p2a: Iron Hands\n|-unboost|p2a: Iron Hands|atk|1\n|-unboost|p2a: Iron Hands|spa|1\n|move|p2a: Iron Hands|Close Combat|p1a: Palafin\n|-damage|p1a: Palafin|0 fnt\n|-unboost|p2a: Iron Hands|def|1\n|-unboost|p2a: Iron Hands|spd|1\n|faint|p1a: Palafin\n|\n|-sideend|p1: Zerotti|Reflect\n|upkeep\n|\n|t:|1697404321\n|switch|p2b: Flutter Mane|Flutter Mane|100\/100\n|turn|13\n|\n|t:|1697404325\n|move|p2b: Flutter Mane|Moonblast|p1b: Grimmsnarl\n|-supereffective|p1b: Grimmsnarl\n|-damage|p1b: Grimmsnarl|0 fnt\n|faint|p1b: Grimmsnarl\n|\n|win|zoe\n|c|\u2606Zerotti|gg\n|c|\u2606zoe|gg\n","uploadtime":1697404326,"views":45,"p1id":"zerotti","p2id":"zoe","formatid":"gen9doublesou","rating":0,"private":0,"password":""}