{"id":"smogtours-gen9doublesou-724871","p1":"Flying Beagle","p2":"sanjaydas","format":"[Gen 9] Doubles OU","log":"|inactive|Battle timer is ON: inactive players will automatically lose when time's up.\n|t:|1697802815\n|gametype|doubles\n|player|p1|Flying Beagle|tateandliza-gen3|\n|player|p2|sanjaydas|169|\n|teamsize|p1|6\n|teamsize|p2|6\n|gen|9\n|tier|[Gen 9] Doubles OU\n|rule|Species Clause: Limit one of each Pok\u00e9mon\n|rule|OHKO Clause: OHKO moves are banned\n|rule|Evasion Moves Clause: Evasion moves are banned\n|rule|Gravity Sleep Clause: The combination of sleep-inducing moves with imperfect accuracy and Gravity or Gigantamax Orbeetle are banned\n|rule|Endless Battle Clause: Forcing endless battles is banned\n|rule|HP Percentage Mod: HP is shown in percentages\n|clearpoke\n|poke|p1|Roaring Moon|\n|poke|p1|Weezing, M|\n|poke|p1|Ogerpon-Wellspring, F|\n|poke|p1|Flutter Mane|\n|poke|p1|Chi-Yu|\n|poke|p1|Amoonguss, M|\n|poke|p2|Chien-Pao|\n|poke|p2|Dragapult, M|\n|poke|p2|Ogerpon-Hearthflame, F|\n|poke|p2|Tornadus, M|\n|poke|p2|Farigiraf, M|\n|poke|p2|Basculegion, M|\n|teampreview\n|c|\u2606Flying Beagle|gl hf\n|c|\u2606sanjaydas|glhf\n|inactive|Flying Beagle has 270 seconds left.\n|inactive|sanjaydas has 270 seconds left.\n|inactive|Flying Beagle has 240 seconds left.\n|inactive|sanjaydas has 240 seconds left.\n|inactive|Flying Beagle has 210 seconds left.\n|\n|t:|1697802927\n|start\n|switch|p1a: Chi-Yu|Chi-Yu|100\/100\n|switch|p1b: Roaring Moon|Roaring Moon|100\/100\n|switch|p2a: Tornadus|Tornadus, M|100\/100\n|switch|p2b: Ogerpon|Ogerpon-Hearthflame, F|100\/100\n|-ability|p1a: Chi-Yu|Beads of Ruin\n|-ability|p2b: Ogerpon|Mold Breaker\n|-enditem|p1b: Roaring Moon|Booster Energy\n|-activate|p1b: Roaring Moon|ability: Protosynthesis|[fromitem]\n|-start|p1b: Roaring Moon|protosynthesisspe\n|turn|1\n|inactive|Flying Beagle has 270 seconds left.\n|inactive|Flying Beagle has 240 seconds left.\n|inactive|sanjaydas has 270 seconds left.\n|\n|t:|1697802967\n|-terastallize|p2b: Ogerpon|Fire\n|detailschange|p2b: Ogerpon|Ogerpon-Hearthflame-Tera, F, tera:Fire\n|-ability|p2b: Ogerpon|Embody Aspect (Hearthflame)|boost\n|-boost|p2b: Ogerpon|atk|1\n|move|p2a: Tornadus|Tailwind|p2a: Tornadus\n|-sidestart|p2: sanjaydas|move: Tailwind\n|move|p2b: Ogerpon|Ivy Cudgel|p1a: Chi-Yu\n|-resisted|p1a: Chi-Yu\n|-damage|p1a: Chi-Yu|1\/100\n|move|p1b: Roaring Moon|Acrobatics|p2a: Tornadus\n|-damage|p2a: Tornadus|35\/100\n|move|p1a: Chi-Yu|Heat Wave|p2b: Ogerpon|[spread] p2a,p2b\n|-resisted|p2b: Ogerpon\n|-damage|p2a: Tornadus|0 fnt\n|-damage|p2b: Ogerpon|71\/100\n|faint|p2a: Tornadus\n|\n|upkeep\n|\n|t:|1697802980\n|switch|p2a: Chien-Pao|Chien-Pao|100\/100\n|-ability|p2a: Chien-Pao|Sword of Ruin\n|turn|2\n|inactive|Flying Beagle has 240 seconds left.\n|\n|t:|1697803022\n|move|p1b: Roaring Moon|Protect|p1b: Roaring Moon\n|-singleturn|p1b: Roaring Moon|Protect\n|move|p2a: Chien-Pao|Ice Spinner|p1b: Roaring Moon\n|-activate|p1b: Roaring Moon|move: Protect\n|move|p2b: Ogerpon|Ivy Cudgel|p1a: Chi-Yu\n|-resisted|p1a: Chi-Yu\n|-damage|p1a: Chi-Yu|0 fnt\n|faint|p1a: Chi-Yu\n|\n|upkeep\n|inactive|Flying Beagle has 210 seconds left.\n|\n|t:|1697803049\n|switch|p1a: Amoonguss|Amoonguss, M|100\/100\n|turn|3\n|\n|t:|1697803068\n|-terastallize|p1a: Amoonguss|Normal\n|move|p1a: Amoonguss|Rage Powder|p1a: Amoonguss\n|-singleturn|p1a: Amoonguss|move: Rage Powder\n|move|p2a: Chien-Pao|Ice Spinner|p1a: Amoonguss\n|-damage|p1a: Amoonguss|59\/100\n|-damage|p2a: Chien-Pao|84\/100|[from] item: Rocky Helmet|[of] p1a: Amoonguss\n|move|p2b: Ogerpon|Wood Hammer|p1a: Amoonguss\n|-damage|p1a: Amoonguss|0 fnt\n|-damage|p2b: Ogerpon|54\/100|[from] item: Rocky Helmet|[of] p1a: Amoonguss\n|faint|p1a: Amoonguss\n|-damage|p2b: Ogerpon|26\/100|[from] Recoil\n|move|p1b: Roaring Moon|Tailwind|p1b: Roaring Moon\n|-sidestart|p1: Flying Beagle|move: Tailwind\n|\n|upkeep\n|inactive|Flying Beagle has 210 seconds left.\n|inactive|Flying Beagle has 180 seconds left.\n|inactive|Flying Beagle has 150 seconds left.\n|\n|t:|1697803152\n|switch|p1a: Flutter Mane|Flutter Mane|100\/100\n|turn|4\n|inactive|Flying Beagle has 150 seconds left.\n|\n|t:|1697803181\n|move|p1b: Roaring Moon|Protect|p1b: Roaring Moon\n|-singleturn|p1b: Roaring Moon|Protect\n|move|p2b: Ogerpon|Spiky Shield|p2b: Ogerpon\n|-singleturn|p2b: Ogerpon|move: Protect\n|move|p2a: Chien-Pao|Crunch|p1a: Flutter Mane\n|-damage|p1a: Flutter Mane|10\/100\n|move|p1a: Flutter Mane|Dazzling Gleam|p2a: Chien-Pao|[spread] p2a\n|-activate|p2b: Ogerpon|move: Protect\n|-supereffective|p2a: Chien-Pao\n|-damage|p2a: Chien-Pao|0 fnt\n|faint|p2a: Chien-Pao\n|\n|-sideend|p2: sanjaydas|move: Tailwind\n|upkeep\n|\n|t:|1697803194\n|switch|p2a: Basculegion|Basculegion, M|100\/100\n|turn|5\n|inactive|Flying Beagle has 150 seconds left.\n|\n|t:|1697803231\n|-end|p1a: Flutter Mane|Protosynthesis|[silent]\n|switch|p1a: Weezing|Weezing, M|100\/100\n|-ability|p1a: Weezing|Neutralizing Gas\n|move|p1b: Roaring Moon|Acrobatics|p2b: Ogerpon\n|-damage|p2b: Ogerpon|0 fnt\n|faint|p2b: Ogerpon\n|move|p2a: Basculegion|Last Respects|p1a: Weezing\n|-damage|p1a: Weezing|34\/100\n|\n|-heal|p1a: Weezing|40\/100|[from] item: Leftovers\n|upkeep\n|\n|t:|1697803241\n|switch|p2b: Farigiraf|Farigiraf, M|100\/100\n|turn|6\n|inactive|Flying Beagle has 150 seconds left.\n|\n|t:|1697803286\n|move|p1b: Roaring Moon|Knock Off|p2b: Farigiraf\n|-supereffective|p2b: Farigiraf\n|-damage|p2b: Farigiraf|0 fnt\n|-enditem|p2b: Farigiraf|Sitrus Berry|[from] move: Knock Off|[of] p1b: Roaring Moon\n|faint|p2b: Farigiraf\n|move|p2a: Basculegion|Last Respects|p1a: Weezing\n|-crit|p1a: Weezing\n|-damage|p1a: Weezing|0 fnt\n|faint|p1a: Weezing\n|-end|p1a: Weezing|ability: Neutralizing Gas\n|\n|-sideend|p1: Flying Beagle|move: Tailwind\n|upkeep\n|\n|t:|1697803312\n|switch|p2b: Dragapult|Dragapult, M|100\/100\n|switch|p1a: Flutter Mane|Flutter Mane|10\/100\n|turn|7\n|\n|t:|1697803337\n|move|p2b: Dragapult|Sucker Punch|p1a: Flutter Mane\n|-damage|p1a: Flutter Mane|0 fnt\n|faint|p1a: Flutter Mane\n|-end|p1a: Flutter Mane|Protosynthesis|[silent]\n|move|p1b: Roaring Moon|Tailwind|p1b: Roaring Moon\n|-sidestart|p1: Flying Beagle|move: Tailwind\n|move|p2a: Basculegion|Last Respects|p1b: Roaring Moon\n|-resisted|p1b: Roaring Moon\n|-damage|p1b: Roaring Moon|0 fnt\n|faint|p1b: Roaring Moon\n|-end|p1b: Roaring Moon|Protosynthesis|[silent]\n|\n|upkeep\n|\n|t:|1697803344\n|switch|p1b: Ogerpon|Ogerpon-Wellspring, F|100\/100\n|turn|8\n|inactive|Flying Beagle has 150 seconds left.\n|\n|t:|1697803351\n|move|p2b: Dragapult|Sucker Punch|p1b: Ogerpon\n|-damage|p1b: Ogerpon|52\/100\n|move|p1b: Ogerpon|Horn Leech|p2a: Basculegion\n|-supereffective|p2a: Basculegion\n|-damage|p2a: Basculegion|0 fnt\n|-heal|p1b: Ogerpon|100\/100|[from] drain|[of] p2a: Basculegion\n|faint|p2a: Basculegion\n|\n|upkeep\n|turn|9\n|\n|t:|1697803369\n|move|p2b: Dragapult|Sucker Punch||[still]\n|-fail|p2b: Dragapult\n|move|p1b: Ogerpon|Swords Dance|p1b: Ogerpon\n|-boost|p1b: Ogerpon|atk|2\n|\n|upkeep\n|turn|10\n|c|\u2606sanjaydas|gg\n|c|\u2606Flying Beagle|gg\n|-message|sanjaydas forfeited.\n|\n|win|Flying Beagle\n","uploadtime":1697803385,"views":48,"p1id":"flyingbeagle","p2id":"sanjaydas","formatid":"gen9doublesou","rating":0,"private":0,"password":""}