{"id":"smogtours-gen9doublesou-724288","p1":"Nails","p2":"Meminger21","format":"[Gen 9] Doubles OU","log":"|inactive|Battle timer is ON: inactive players will automatically lose when time's up.\n|t:|1697412208\n|gametype|doubles\n|player|p1|Nails|#scl2terrors|\n|player|p2|Meminger21|liza|\n|teamsize|p1|6\n|teamsize|p2|6\n|gen|9\n|tier|[Gen 9] Doubles OU\n|rule|Species Clause: Limit one of each Pok\u00e9mon\n|rule|OHKO Clause: OHKO moves are banned\n|rule|Evasion Moves Clause: Evasion moves are banned\n|rule|Gravity Sleep Clause: The combination of sleep-inducing moves with imperfect accuracy and Gravity or Gigantamax Orbeetle are banned\n|rule|Endless Battle Clause: Forcing endless battles is banned\n|rule|HP Percentage Mod: HP is shown in percentages\n|clearpoke\n|poke|p1|Diancie|\n|poke|p1|Landorus-Therian, M|\n|poke|p1|Iron Hands|\n|poke|p1|Palafin, M|\n|poke|p1|Ogerpon-Hearthflame, F|\n|poke|p1|Amoonguss, M|\n|poke|p2|Landorus-Therian, M|\n|poke|p2|Amoonguss, M|\n|poke|p2|Kingambit, M|\n|poke|p2|Chi-Yu|\n|poke|p2|Iron Hands|\n|poke|p2|Flutter Mane|\n|teampreview\n|c|\u2606Meminger21|hf\n|c|\u2606Nails|hf\n|raw|<div class=\"broadcast-red\"><strong>Moderated chat was set to \u2606!<\/strong><br \/>Only users of rank \u2606 and higher can talk.<\/div>\n|inactive|Nails has 270 seconds left.\n|inactive|Meminger21 has 270 seconds left.\n|inactive|Nails has 240 seconds left.\n|inactive|Meminger21 has 240 seconds left.\n|inactive|Nails has 210 seconds left.\n|inactive|Meminger21 has 210 seconds left.\n|inactive|Meminger21 has 180 seconds left.\n|\n|t:|1697412335\n|start\n|switch|p1a: Penei|Amoonguss, M|100\/100\n|switch|p1b: David|Ogerpon-Hearthflame, F|100\/100\n|switch|p2a: Chi-Yu|Chi-Yu|100\/100\n|switch|p2b: Iron Hands|Iron Hands|100\/100\n|-ability|p1b: David|Mold Breaker\n|-ability|p2a: Chi-Yu|Beads of Ruin\n|turn|1\n|inactive|Meminger21 has 240 seconds left.\n|inactive|Nails has 270 seconds left.\n|inactive|Meminger21 has 210 seconds left.\n|inactive|Meminger21 has 180 seconds left.\n|\n|t:|1697412417\n|move|p1b: David|Spiky Shield|p1b: David\n|-singleturn|p1b: David|move: Protect\n|move|p1a: Penei|Protect|p1a: Penei\n|-singleturn|p1a: Penei|Protect\n|move|p2a: Chi-Yu|Heat Wave|p1b: David|[spread] \n|-activate|p1a: Penei|move: Protect\n|-activate|p1b: David|move: Protect\n|move|p2b: Iron Hands|Close Combat|p1a: Penei\n|-activate|p1a: Penei|move: Protect\n|\n|upkeep\n|turn|2\n|inactive|Nails has 270 seconds left.\n|inactive|Nails has 240 seconds left.\n|inactive|Meminger21 has 180 seconds left.\n|inactive|Nails has 210 seconds left.\n|inactive|Nails has 180 seconds left.\n|\n|t:|1697412539\n|switch|p1a: Sam|Landorus-Therian, M|100\/100\n|-ability|p1a: Sam|Intimidate|boost\n|-unboost|p2a: Chi-Yu|atk|1\n|-unboost|p2b: Iron Hands|atk|1\n|move|p1b: David|Ivy Cudgel|p2a: Chi-Yu\n|-resisted|p2a: Chi-Yu\n|-damage|p2a: Chi-Yu|54\/100\n|move|p2a: Chi-Yu|Heat Wave|p1b: David|[spread] p1a\n|-miss|p2a: Chi-Yu|p1b: David\n|-damage|p1a: Sam|19\/100\n|-enditem|p1a: Sam|Sitrus Berry|[eat]\n|-heal|p1a: Sam|44\/100|[from] item: Sitrus Berry\n|move|p2b: Iron Hands|Close Combat|p1b: David\n|-damage|p1b: David|42\/100\n|-unboost|p2b: Iron Hands|def|1\n|-unboost|p2b: Iron Hands|spd|1\n|\n|upkeep\n|turn|3\n|inactive|Meminger21 has 180 seconds left.\n|inactive|Nails has 150 seconds left.\n|inactive|Meminger21 has 150 seconds left.\n|inactive|Meminger21 has 120 seconds left.\n|inactive|Meminger21 has 90 seconds left.\n|\n|t:|1697412677\n|switch|p2a: Landorus|Landorus-Therian, M|100\/100\n|-ability|p2a: Landorus|Intimidate|boost\n|-unboost|p1a: Sam|atk|1\n|-unboost|p1b: David|atk|1\n|move|p1b: David|Ivy Cudgel|p2b: Iron Hands\n|-damage|p2b: Iron Hands|58\/100\n|move|p1a: Sam|Stealth Rock|p2a: Landorus\n|-sidestart|p2: Meminger21|move: Stealth Rock\n|move|p2b: Iron Hands|Close Combat|p1b: David\n|-damage|p1b: David|0 fnt\n|-unboost|p2b: Iron Hands|def|1\n|-unboost|p2b: Iron Hands|spd|1\n|faint|p1b: David\n|\n|upkeep\n|inactive|Nails has 120 seconds left.\n|\n|t:|1697412695\n|switch|p1b: Amon-Ra|Palafin, M|100\/100\n|turn|4\n|inactive|Meminger21 has 90 seconds left.\n|inactive|Nails has 120 seconds left.\n|inactive|Meminger21 has 60 seconds left.\n|\n|t:|1697412735\n|detailschange|p1b: Amon-Ra|Palafin-Hero, M\n|switch|p1b: Penei|Amoonguss, M|100\/100\n|-end|p2b: Iron Hands|Quark Drive|[silent]\n|switch|p2b: Amoonguss|Amoonguss, M|100\/100\n|-damage|p2b: Amoonguss|88\/100|[from] Stealth Rock\n|move|p1a: Sam|U-turn|p2b: Amoonguss\n|-damage|p2b: Amoonguss|76\/100\n|inactive|Nails has 90 seconds left.\n|inactive|Nails has 60 seconds left.\n|\n|t:|1697412810\n|switch|p1a: Amon-Ra|Palafin-Hero, M|100\/100|[from] U-turn\n|-activate|p1a: Amon-Ra|ability: Zero to Hero\n|move|p2a: Landorus|U-turn|p1a: Amon-Ra\n|-damage|p1a: Amon-Ra|75\/100\n|inactive|Meminger21 has 60 seconds left.\n|\n|t:|1697412840\n|switch|p2a: Chi-Yu|Chi-Yu|54\/100|[from] U-turn\n|-damage|p2a: Chi-Yu|30\/100|[from] Stealth Rock\n|-ability|p2a: Chi-Yu|Beads of Ruin\n|\n|upkeep\n|turn|5\n|inactive|Nails has 60 seconds left.\n|\n|t:|1697412878\n|switch|p1b: Jared|Diancie|100\/100\n|move|p2b: Amoonguss|Rage Powder|p2b: Amoonguss\n|-singleturn|p2b: Amoonguss|move: Rage Powder\n|move|p1a: Amon-Ra|Jet Punch|p2b: Amoonguss\n|-resisted|p2b: Amoonguss\n|-damage|p2b: Amoonguss|57\/100\n|move|p2a: Chi-Yu|Heat Wave|p1a: Amon-Ra|[spread] p1a,p1b\n|-resisted|p1a: Amon-Ra\n|-resisted|p1b: Jared\n|-damage|p1a: Amon-Ra|26\/100\n|-damage|p1b: Jared|70\/100\n|\n|upkeep\n|turn|6\n|inactive|Nails has 60 seconds left.\n|inactive|Meminger21 has 60 seconds left.\n|\n|t:|1697412905\n|move|p2b: Amoonguss|Rage Powder|p2b: Amoonguss\n|-singleturn|p2b: Amoonguss|move: Rage Powder\n|move|p1a: Amon-Ra|Encore|p2b: Amoonguss\n|-start|p2b: Amoonguss|Encore\n|move|p2a: Chi-Yu|Heat Wave|p1b: Jared|[spread] p1a,p1b\n|-resisted|p1a: Amon-Ra\n|-resisted|p1b: Jared\n|-damage|p1a: Amon-Ra|0 fnt\n|-damage|p1b: Jared|38\/100\n|faint|p1a: Amon-Ra\n|move|p1b: Jared|Trick Room|p1b: Jared\n|-fieldstart|move: Trick Room|[of] p1b: Jared\n|\n|upkeep\n|\n|t:|1697412911\n|switch|p1a: Penei|Amoonguss, M|100\/100\n|turn|7\n|inactive|Nails has 60 seconds left.\n|inactive|Meminger21 has 60 seconds left.\n|\n|t:|1697412955\n|switch|p2b: Landorus|Landorus-Therian, M|100\/100\n|-damage|p2b: Landorus|88\/100|[from] Stealth Rock\n|-ability|p2b: Landorus|Intimidate|boost\n|-unboost|p1a: Penei|atk|1\n|-fail|p1b: Jared|unboost|[from] ability: Clear Body|[of] p1b: Jared\n|switch|p2a: Iron Hands|Iron Hands|58\/100\n|-damage|p2a: Iron Hands|52\/100|[from] Stealth Rock\n|move|p1a: Penei|Pollen Puff|p1b: Jared\n|-heal|p1b: Jared|88\/100\n|move|p1b: Jared|Diamond Storm|p2a: Iron Hands|[spread] p2a,p2b\n|-resisted|p2a: Iron Hands\n|-crit|p2b: Landorus\n|-damage|p2a: Iron Hands|41\/100\n|-damage|p2b: Landorus|37\/100\n|-enditem|p2b: Landorus|Sitrus Berry|[eat]\n|-heal|p2b: Landorus|62\/100|[from] item: Sitrus Berry\n|\n|upkeep\n|turn|8\n|inactive|Meminger21 has 60 seconds left.\n|inactive|Nails has 60 seconds left.\n|\n|t:|1697412988\n|move|p2a: Iron Hands|Fake Out|p1a: Penei\n|-damage|p1a: Penei|89\/100\n|cant|p1a: Penei|flinch\n|move|p1b: Jared|Play Rough|p2a: Iron Hands\n|-supereffective|p2a: Iron Hands\n|-damage|p2a: Iron Hands|0 fnt\n|faint|p2a: Iron Hands\n|-end|p2a: Iron Hands|Quark Drive|[silent]\n|move|p2b: Landorus|Taunt|p1a: Penei\n|-start|p1a: Penei|move: Taunt\n|\n|upkeep\n|inactive|Meminger21 has 30 seconds left.\n|inactive|Meminger21 has 20 seconds left.\n|\n|t:|1697413025\n|switch|p2a: Kingambit|Kingambit, M|100\/100\n|-damage|p2a: Kingambit|94\/100|[from] Stealth Rock\n|turn|9\n|inactive|Nails has 60 seconds left.\n|inactive|Meminger21 has 30 seconds left.\n|inactive|Meminger21 has 20 seconds left.\n|\n|t:|1697413053\n|switch|p1a: Taylor|Iron Hands|100\/100\n|move|p1b: Jared|Diamond Storm|p2b: Landorus|[spread] p2b\n|-miss|p1b: Jared|p2a: Kingambit\n|-damage|p2b: Landorus|32\/100\n|move|p2a: Kingambit|Swords Dance|p2a: Kingambit\n|-boost|p2a: Kingambit|atk|2\n|move|p2b: Landorus|Taunt|p1b: Jared\n|-start|p1b: Jared|move: Taunt\n|\n|upkeep\n|turn|10\n|inactive|Nails has 60 seconds left.\n|inactive|Meminger21 has 30 seconds left.\n|inactive|Nails has 30 seconds left.\n|inactive|Nails has 20 seconds left.\n|inactive|Nails has 15 seconds left.\n|inactive|Nails has 10 seconds left.\n|\n|t:|1697413125\n|move|p2a: Kingambit|Protect|p2a: Kingambit\n|-singleturn|p2a: Kingambit|Protect\n|move|p1a: Taylor|Drain Punch|p2b: Landorus\n|-resisted|p2b: Landorus\n|-damage|p2b: Landorus|14\/100\n|move|p1b: Jared|Diamond Storm|p2b: Landorus|[spread] \n|-activate|p2a: Kingambit|move: Protect\n|-miss|p1b: Jared|p2b: Landorus\n|move|p2b: Landorus|Stomping Tantrum|p1a: Taylor\n|-supereffective|p1a: Taylor\n|-damage|p1a: Taylor|51\/100\n|\n|-fieldend|move: Trick Room\n|upkeep\n|turn|11\n|inactive|Nails has 30 seconds left.\n|inactive|Nails has 20 seconds left.\n|inactive|Nails has 15 seconds left.\n|inactive|Nails has 10 seconds left.\n|\n|t:|1697413154\n|-end|p1a: Taylor|Quark Drive|[silent]\n|switch|p1a: Penei|Amoonguss, M|100\/100\n|move|p2a: Kingambit|Sucker Punch||[still]\n|-fail|p2a: Kingambit\n|move|p2b: Landorus|Stomping Tantrum|p1a: Penei\n|-damage|p1a: Penei|72\/100\n|move|p1b: Jared|Diamond Storm|p2a: Kingambit|[spread] p2a,p2b\n|-resisted|p2a: Kingambit\n|-damage|p2a: Kingambit|82\/100\n|-damage|p2b: Landorus|0 fnt\n|-boost|p1b: Jared|def|2\n|faint|p2b: Landorus\n|\n|upkeep\n|inactive|Nails has 15 seconds left this turn.\n|inactive|Meminger21 has 30 seconds left.\n|\n|t:|1697413178\n|switch|p2b: Chi-Yu|Chi-Yu|30\/100\n|-damage|p2b: Chi-Yu|5\/100|[from] Stealth Rock\n|-ability|p2b: Chi-Yu|Beads of Ruin\n|turn|12\n|inactive|Nails has 30 seconds left.\n|inactive|Nails has 20 seconds left.\n|inactive|Nails has 15 seconds left.\n|\n|t:|1697413204\n|move|p1a: Penei|Protect|p1a: Penei\n|-singleturn|p1a: Penei|Protect\n|move|p2b: Chi-Yu|Heat Wave|p1a: Penei|[spread] p1b\n|-activate|p1a: Penei|move: Protect\n|-resisted|p1b: Jared\n|-damage|p1b: Jared|57\/100\n|move|p2a: Kingambit|Kowtow Cleave|p1b: Jared\n|-resisted|p1b: Jared\n|-damage|p1b: Jared|34\/100\n|move|p1b: Jared|Diamond Storm|p2b: Chi-Yu|[spread] p2a,p2b\n|-resisted|p2a: Kingambit\n|-supereffective|p2b: Chi-Yu\n|-damage|p2a: Kingambit|69\/100\n|-damage|p2b: Chi-Yu|0 fnt\n|faint|p2b: Chi-Yu\n|\n|-end|p1b: Jared|move: Taunt\n|upkeep\n|inactive|Nails has 20 seconds left this turn.\n|inactive|Meminger21 has 30 seconds left.\n|inactive|Meminger21 has 20 seconds left.\n|\n|t:|1697413242\n|switch|p2b: Amoonguss|Amoonguss, M|90\/100\n|-damage|p2b: Amoonguss|78\/100|[from] Stealth Rock\n|turn|13\n|inactive|Meminger21 has 30 seconds left.\n|inactive|Meminger21 has 20 seconds left.\n|inactive|Meminger21 has 15 seconds left.\n|\n|t:|1697413274\n|switch|p1a: Taylor|Iron Hands|51\/100\n|move|p1b: Jared|Protect|p1b: Jared\n|-singleturn|p1b: Jared|Protect\n|move|p2a: Kingambit|Kowtow Cleave|p1b: Jared\n|-activate|p1b: Jared|move: Protect\n|move|p2b: Amoonguss|Clear Smog|p1b: Jared\n|-activate|p1b: Jared|move: Protect\n|\n|upkeep\n|turn|14\n|inactive|Meminger21 has 30 seconds left.\n|inactive|Meminger21 has 20 seconds left.\n|inactive|Meminger21 has 15 seconds left.\n|inactive|Nails has 30 seconds left.\n|\n|t:|1697413311\n|move|p2a: Kingambit|Protect|p2a: Kingambit\n|-singleturn|p2a: Kingambit|Protect\n|move|p1a: Taylor|Fake Out|p2b: Amoonguss\n|-damage|p2b: Amoonguss|66\/100\n|cant|p2b: Amoonguss|flinch\n|move|p1b: Jared|Trick Room|p1b: Jared\n|-fieldstart|move: Trick Room|[of] p1b: Jared\n|\n|upkeep\n|turn|15\n|\n|t:|1697413327\n|move|p2b: Amoonguss|Rage Powder|p2b: Amoonguss\n|-singleturn|p2b: Amoonguss|move: Rage Powder\n|move|p1a: Taylor|Drain Punch|p2b: Amoonguss\n|-resisted|p2b: Amoonguss\n|-damage|p2b: Amoonguss|52\/100\n|-heal|p1a: Taylor|57\/100|[from] drain|[of] p2b: Amoonguss\n|move|p1b: Jared|Diamond Storm|p2b: Amoonguss|[spread] p2a,p2b\n|-resisted|p2a: Kingambit\n|-damage|p2a: Kingambit|55\/100\n|-damage|p2b: Amoonguss|25\/100\n|-enditem|p2b: Amoonguss|Sitrus Berry|[eat]\n|-heal|p2b: Amoonguss|50\/100|[from] item: Sitrus Berry\n|move|p2a: Kingambit|Kowtow Cleave|p1a: Taylor\n|-resisted|p1a: Taylor\n|-damage|p1a: Taylor|20\/100\n|\n|upkeep\n|turn|16\n|inactive|Nails has 30 seconds left.\n|inactive|Meminger21 has 30 seconds left.\n|inactive|Nails has 20 seconds left.\n|inactive|Meminger21 has 20 seconds left.\n|inactive|Nails has 15 seconds left.\n|inactive|Meminger21 has 15 seconds left.\n|inactive|Meminger21 has 10 seconds left.\n|\n|t:|1697413378\n|-end|p1a: Taylor|Quark Drive|[silent]\n|switch|p1a: Penei|Amoonguss, M|100\/100\n|move|p1b: Jared|Protect|p1b: Jared\n|-singleturn|p1b: Jared|Protect\n|move|p2b: Amoonguss|Spore|p1a: Penei\n|-immune|p1a: Penei\n|move|p2a: Kingambit|Kowtow Cleave|p1a: Penei\n|-crit|p1a: Penei\n|-damage|p1a: Penei|0 fnt\n|faint|p1a: Penei\n|\n|upkeep\n|inactive|Nails has 20 seconds left this turn.\n|inactive|Meminger21 has 15 seconds left this turn.\n|\n|t:|1697413380\n|switch|p1a: Taylor|Iron Hands|20\/100\n|turn|17\n|inactive|Meminger21 has 30 seconds left.\n|inactive|Nails has 30 seconds left.\n|inactive|Nails has 20 seconds left.\n|inactive|Meminger21 has 20 seconds left.\n|inactive|Nails has 15 seconds left.\n|inactive|Meminger21 has 15 seconds left.\n|inactive|Nails has 10 seconds left.\n|\n|t:|1697413418\n|move|p1a: Taylor|Fake Out|p2a: Kingambit\n|-resisted|p2a: Kingambit\n|-damage|p2a: Kingambit|50\/100\n|move|p2b: Amoonguss|Spore|p1a: Taylor\n|-status|p1a: Taylor|slp|[from] move: Spore\n|move|p1b: Jared|Diamond Storm|p2a: Kingambit|[spread] p2a\n|-miss|p1b: Jared|p2b: Amoonguss\n|-resisted|p2a: Kingambit\n|-damage|p2a: Kingambit|35\/100\n|-boost|p1b: Jared|def|2\n|cant|p2a: Kingambit|flinch\n|\n|upkeep\n|turn|18\n|inactive|Nails has 30 seconds left.\n|inactive|Meminger21 has 30 seconds left.\n|inactive|Nails has 20 seconds left.\n|inactive|Nails has 15 seconds left.\n|inactive|Nails has 10 seconds left.\n|\n|t:|1697413448\n|move|p1b: Jared|Protect|p1b: Jared\n|-singleturn|p1b: Jared|Protect\n|move|p2b: Amoonguss|Pollen Puff|p2a: Kingambit\n|-heal|p2a: Kingambit|85\/100\n|cant|p1a: Taylor|slp\n|move|p2a: Kingambit|Kowtow Cleave|p1a: Taylor\n|-resisted|p1a: Taylor\n|-damage|p1a: Taylor|0 fnt\n|faint|p1a: Taylor\n|-end|p1a: Taylor|Quark Drive|[silent]\n|\n|-fieldend|move: Trick Room\n|upkeep\n|inactive|Nails has 15 seconds left this turn.\n|inactive|Meminger21 has 30 seconds left this turn.\n|\n|t:|1697413451\n|switch|p1a: Sam|Landorus-Therian, M|44\/100\n|-ability|p1a: Sam|Intimidate|boost\n|-unboost|p2a: Kingambit|atk|1\n|-ability|p2a: Kingambit|Defiant|boost\n|-boost|p2a: Kingambit|atk|2\n|-unboost|p2b: Amoonguss|atk|1\n|turn|19\n|inactive|Nails has 30 seconds left.\n|inactive|Nails has 20 seconds left.\n|inactive|Nails has 15 seconds left.\n|inactive|Nails has 10 seconds left.\n|\n|t:|1697413485\n|-terastallize|p1a: Sam|Flying\n|move|p2a: Kingambit|Sucker Punch|p1a: Sam\n|-damage|p1a: Sam|0 fnt\n|faint|p1a: Sam\n|move|p2b: Amoonguss|Spore|p1b: Jared\n|-status|p1b: Jared|slp|[from] move: Spore\n|cant|p1b: Jared|slp\n|\n|upkeep\n|turn|20\n|inactive|Nails has 30 seconds left.\n|\n|t:|1697413491\n|move|p2a: Kingambit|Kowtow Cleave|p1b: Jared\n|-resisted|p1b: Jared\n|-damage|p1b: Jared|12\/100 slp\n|cant|p1b: Jared|slp\n|move|p2b: Amoonguss|Clear Smog|p1b: Jared\n|-damage|p1b: Jared|0 fnt\n|-clearboost|p1b: Jared\n|faint|p1b: Jared\n|\n|win|Meminger21\n|c|\u2606Nails|gg\n|c|\u2606Meminger21|gg\n","uploadtime":1697413211,"views":371,"p1id":"nails","p2id":"meminger21","formatid":"gen9doublesou","rating":0,"private":0,"password":""}