{"id":"smogtours-gen9doublesou-728919","p1":"Ash KetchumGamer","p2":"Akaru Kokuyo\u3075\u308f","format":"[Gen 9] Doubles OU","log":"|inactive|Battle timer is ON: inactive players will automatically lose when time's up.\n|t:|1699199394\n|gametype|doubles\n|player|p1|Ash KetchumGamer|#splxivraiders|\n|player|p2|Akaru Kokuyo\u3075\u308f|#bssplviiidavesdragonairs|\n|teamsize|p1|6\n|teamsize|p2|6\n|gen|9\n|tier|[Gen 9] Doubles OU\n|rule|Species Clause: Limit one of each Pok\u00e9mon\n|rule|OHKO Clause: OHKO moves are banned\n|rule|Evasion Moves Clause: Evasion moves are banned\n|rule|Gravity Sleep Clause: The combination of sleep-inducing moves with imperfect accuracy and Gravity or Gigantamax Orbeetle are banned\n|rule|Endless Battle Clause: Forcing endless battles is banned\n|rule|HP Percentage Mod: HP is shown in percentages\n|clearpoke\n|poke|p1|Roaring Moon|\n|poke|p1|Kleavor, M|\n|poke|p1|Volcanion|\n|poke|p1|Flutter Mane|\n|poke|p1|Qwilfish-Hisui, M|\n|poke|p1|Basculegion-F, F|\n|poke|p2|Tyranitar, M|\n|poke|p2|Ogerpon-Hearthflame, F|\n|poke|p2|Basculegion-F, F|\n|poke|p2|Kommo-o, F|\n|poke|p2|Flutter Mane|\n|poke|p2|Landorus-Therian, M|\n|teampreview\n|c|\u2606Ash KetchumGamer|hf\n|inactive|Ash KetchumGamer has 270 seconds left.\n|inactive|Akaru Kokuyo\u3075\u308f has 270 seconds left.\n|c|\u2606Akaru Kokuyo\u3075\u308f|glhf\n|inactive|Ash KetchumGamer has 240 seconds left.\n|inactive|Akaru Kokuyo\u3075\u308f has 240 seconds left.\n|\n|t:|1699199476\n|start\n|switch|p1a: BATMAN|Roaring Moon|100\/100\n|switch|p1b: SIRAS|Qwilfish-Hisui, M|100\/100\n|switch|p2a: Landorus|Landorus-Therian, M|100\/100\n|switch|p2b: Ogerpon|Ogerpon-Hearthflame, F|100\/100\n|-ability|p2b: Ogerpon|Mold Breaker\n|-ability|p2a: Landorus|Intimidate|boost\n|-unboost|p1a: BATMAN|atk|1\n|-unboost|p1b: SIRAS|atk|1\n|-ability|p1b: SIRAS|Intimidate|boost\n|-unboost|p2a: Landorus|atk|1\n|-unboost|p2b: Ogerpon|atk|1\n|-enditem|p1a: BATMAN|Booster Energy\n|-activate|p1a: BATMAN|ability: Protosynthesis|[fromitem]\n|-start|p1a: BATMAN|protosynthesisspe\n|turn|1\n|\n|t:|1699199501\n|switch|p2b: Kommo-o|Kommo-o, F|100\/100\n|move|p1a: BATMAN|Tailwind|p1a: BATMAN\n|-sidestart|p1: Ash KetchumGamer|move: Tailwind\n|move|p1b: SIRAS|Toxic Spikes|p2a: Landorus\n|-sidestart|p2: Akaru Kokuyo\u3075\u308f|move: Toxic Spikes\n|move|p2a: Landorus|Stealth Rock|p1b: SIRAS\n|-sidestart|p1: Ash KetchumGamer|move: Stealth Rock\n|\n|upkeep\n|turn|2\n|inactive|Ash KetchumGamer has 270 seconds left.\n|c|+A HERO'S DESTINY|akaru kokuyo vai perder kkkk\n|c|\u2606Akaru Kokuyo\u3075\u308f|si, mi counterplay a tspikes es darle a la X :dust:\n|c|+Fakee|aplica la que hiciste vs eric\n|inactive|Ash KetchumGamer has 240 seconds left.\n|c|+Fakee|y vs keanu\n|inactive|Ash KetchumGamer has 210 seconds left.\n|\n|t:|1699199607\n|move|p1a: BATMAN|Knock Off|p2a: Landorus\n|-damage|p2a: Landorus|69\/100\n|-enditem|p2a: Landorus|Sitrus Berry|[from] move: Knock Off|[of] p1a: BATMAN\n|move|p1b: SIRAS|Icy Wind|p2b: Kommo-o|[spread] p2a,p2b\n|-supereffective|p2a: Landorus\n|-supereffective|p2b: Kommo-o\n|-damage|p2a: Landorus|49\/100\n|-damage|p2b: Kommo-o|94\/100\n|-unboost|p2a: Landorus|spe|1\n|-unboost|p2b: Kommo-o|spe|1\n|move|p2a: Landorus|Stomping Tantrum|p1b: SIRAS\n|-supereffective|p1b: SIRAS\n|-damage|p1b: SIRAS|59\/100\n|move|p2b: Kommo-o|Iron Defense|p2b: Kommo-o\n|-boost|p2b: Kommo-o|def|2\n|\n|-heal|p2b: Kommo-o|99\/100|[from] item: Leftovers\n|upkeep\n|turn|3\n|inactive|Ash KetchumGamer has 210 seconds left.\n|c|+LpZ IV|perdemo\n|c|+Fakee|\"im on vacation\"\n|c|+Fakee|xD\n|c|+LpZ IV|just got home dumbfuck\n|\n|t:|1699199645\n|move|p1a: BATMAN|Knock Off|p2b: Kommo-o\n|-resisted|p2b: Kommo-o\n|-damage|p2b: Kommo-o|93\/100\n|-enditem|p2b: Kommo-o|Leftovers|[from] move: Knock Off|[of] p1a: BATMAN\n|move|p1b: SIRAS|Barb Barrage|p2b: Kommo-o\n|-damage|p2b: Kommo-o|88\/100\n|-status|p2b: Kommo-o|psn\n|move|p2a: Landorus|Stomping Tantrum|p1b: SIRAS\n|-supereffective|p1b: SIRAS\n|-damage|p1b: SIRAS|20\/100\n|move|p2b: Kommo-o|Body Press|p1a: BATMAN\n|-supereffective|p1a: BATMAN\n|-damage|p1a: BATMAN|0 fnt\n|faint|p1a: BATMAN\n|-end|p1a: BATMAN|Protosynthesis|[silent]\n|\n|-damage|p2b: Kommo-o|75\/100 psn|[from] psn\n|upkeep\n|c|+Fakee|play w me then lol.\n|inactive|Ash KetchumGamer has 180 seconds left.\n|c|+siras|pq eu so\n|c|+siras|o qwilfish\n|c|+LpZ IV|play what w you\n|c|\u2606Ash KetchumGamer|parece vc\n|c|+siras|,\n|c|+siras|fake\n|\n|t:|1699199672\n|switch|p1a: BATUMAPRAMIM|Kleavor, M|100\/100\n|-damage|p1a: BATUMAPRAMIM|76\/100|[from] Stealth Rock\n|turn|4\n|c|+siras|.\n|c|+siras|parabens pela vitoria akaru kokuyo\n|inactive|Ash KetchumGamer has 180 seconds left.\n|c|+siras|torcendo mt\n|c|+siras|por vc\n|\n|t:|1699199686\n|move|p1a: BATUMAPRAMIM|Stone Axe|p2a: Landorus\n|-damage|p2a: Landorus|0 fnt\n|-sidestart|p2: Akaru Kokuyo\u3075\u308f|move: Stealth Rock\n|faint|p2a: Landorus\n|move|p1b: SIRAS|Icy Wind|p2b: Kommo-o\n|-supereffective|p2b: Kommo-o\n|-crit|p2b: Kommo-o\n|-damage|p2b: Kommo-o|59\/100 psn\n|-unboost|p2b: Kommo-o|spe|1\n|move|p2b: Kommo-o|Body Press|p1a: BATUMAPRAMIM\n|-damage|p1a: BATUMAPRAMIM|0 fnt\n|faint|p1a: BATUMAPRAMIM\n|\n|-damage|p2b: Kommo-o|47\/100 psn|[from] psn\n|-sideend|p1: Ash KetchumGamer|move: Tailwind\n|upkeep\n|c|+LpZ IV|ok agr perdemo\n|c|+siras|perdemo s\n|inactive|Ash KetchumGamer has 180 seconds left.\n|c|+edgar|LpZ :goat:\n|c|+LpZ IV|:goat:\n|c|+siras|igual o fluminense perdeu ontem\n|\n|t:|1699199719\n|switch|p1a: DEBBY RYAN|Flutter Mane|100\/100\n|switch|p2a: Ogerpon|Ogerpon-Hearthflame, F|100\/100\n|-damage|p1a: DEBBY RYAN|88\/100|[from] Stealth Rock\n|-status|p2a: Ogerpon|psn\n|-damage|p2a: Ogerpon|76\/100 psn|[from] Stealth Rock\n|-ability|p2a: Ogerpon|Mold Breaker\n|-enditem|p1a: DEBBY RYAN|Booster Energy\n|-activate|p1a: DEBBY RYAN|ability: Protosynthesis|[fromitem]\n|-start|p1a: DEBBY RYAN|protosynthesisspe\n|turn|5\n|c|+Fakee|como se la croma\n|c|+Fakee|cuando dijo\n|inactive|Ash KetchumGamer has 180 seconds left.\n|c|+Fakee|que lpz era lebron james\n|c|+Fakee|tirando free throws\n|c|+Fakee|xD\n|inactive|Ash KetchumGamer has 150 seconds left.\n|\n|t:|1699199771\n|move|p1a: DEBBY RYAN|Substitute|p1a: DEBBY RYAN\n|-start|p1a: DEBBY RYAN|Substitute\n|-damage|p1a: DEBBY RYAN|63\/100\n|move|p2a: Ogerpon|Ivy Cudgel|p1a: DEBBY RYAN\n|-end|p1a: DEBBY RYAN|Substitute\n|move|p1b: SIRAS|Barb Barrage|p2a: Ogerpon\n|-supereffective|p2a: Ogerpon\n|-damage|p2a: Ogerpon|10\/100 psn\n|move|p2b: Kommo-o|Body Press|p1b: SIRAS\n|-damage|p1b: SIRAS|0 fnt\n|faint|p1b: SIRAS\n|\n|-damage|p2a: Ogerpon|0 fnt|[from] psn\n|faint|p2a: Ogerpon\n|-damage|p2b: Kommo-o|34\/100 psn|[from] psn\n|upkeep\n|c|+siras|cara o ash eh bom\n|c|+siras|no game\n|c|+siras|pqp\n|c|+LpZ IV|ok agora perdemo\n|c|+A HERO'S DESTINY|acho que tamo em desvantagem aqui\n|inactive|Ash KetchumGamer has 150 seconds left.\n|c|+siras|caralho mister m\n|c|+siras|como advinhou\n|c|+h4v|kkkkkk\n|inactive|Ash KetchumGamer has 120 seconds left.\n|\n|t:|1699199833\n|switch|p2a: Tyranitar|Tyranitar, M|100\/100\n|switch|p1b: FAKE NATTY|Volcanion|100\/100\n|-status|p2a: Tyranitar|psn\n|-damage|p2a: Tyranitar|88\/100 psn|[from] Stealth Rock\n|-weather|Sandstorm|[from] ability: Sand Stream|[of] p2a: Tyranitar\n|turn|6\n|inactive|Ash KetchumGamer has 120 seconds left.\n|\n|t:|1699199857\n|move|p1a: DEBBY RYAN|Dazzling Gleam|p2b: Kommo-o|[spread] p2a,p2b\n|-supereffective|p2a: Tyranitar\n|-supereffective|p2b: Kommo-o\n|-damage|p2a: Tyranitar|64\/100 psn\n|-damage|p2b: Kommo-o|0 fnt\n|faint|p2b: Kommo-o\n|move|p1b: FAKE NATTY|Steam Eruption|p2a: Tyranitar\n|-supereffective|p2a: Tyranitar\n|-damage|p2a: Tyranitar|21\/100 psn\n|move|p2a: Tyranitar|Heavy Slam|p1a: DEBBY RYAN\n|-supereffective|p1a: DEBBY RYAN\n|-damage|p1a: DEBBY RYAN|0 fnt\n|faint|p1a: DEBBY RYAN\n|-end|p1a: DEBBY RYAN|Protosynthesis|[silent]\n|\n|-weather|Sandstorm|[upkeep]\n|-damage|p1b: FAKE NATTY|94\/100|[from] Sandstorm\n|-damage|p2a: Tyranitar|8\/100 psn|[from] psn\n|upkeep\n|c|+LpZ IV|agora sim perdemo\n|\n|t:|1699199883\n|switch|p1a: Basculegion|Basculegion-F, F|100\/100\n|switch|p2b: Basculegion|Basculegion-F, F|100\/100\n|-status|p2b: Basculegion|psn\n|-damage|p2b: Basculegion|88\/100 psn|[from] Stealth Rock\n|-damage|p1a: Basculegion|88\/100|[from] Stealth Rock\n|turn|7\n|inactive|Ash KetchumGamer has 150 seconds left.\n|c|+edgar|did debby ryan rly warrant a nickname\n|\n|t:|1699199903\n|-terastallize|p1a: Basculegion|Dark\n|-terastallize|p2b: Basculegion|Normal\n|move|p1a: Basculegion|Last Respects|p2b: Basculegion\n|-immune|p2b: Basculegion\n|move|p2b: Basculegion|Last Respects|p1a: Basculegion\n|-resisted|p1a: Basculegion\n|-damage|p1a: Basculegion|33\/100\n|move|p1b: FAKE NATTY|Heavy Slam|p2a: Tyranitar\n|-supereffective|p2a: Tyranitar\n|-damage|p2a: Tyranitar|0 fnt\n|faint|p2a: Tyranitar\n|\n|-weather|Sandstorm|[upkeep]\n|-damage|p1a: Basculegion|27\/100|[from] Sandstorm\n|-damage|p2b: Basculegion|82\/100 psn|[from] Sandstorm\n|-damage|p1b: FAKE NATTY|88\/100|[from] Sandstorm\n|-damage|p2b: Basculegion|70\/100 psn|[from] psn\n|upkeep\n|c|+LpZ IV|kkkkkkkkkkkkkkk\n|c|+Fakee|basculon :-3\n|c|\u2606Ash KetchumGamer|mamamo\n|c|+siras|kkkkkkkkkkkk\n|\n|t:|1699199918\n|switch|p2a: Flutter Mane|Flutter Mane|100\/100\n|-status|p2a: Flutter Mane|psn\n|-damage|p2a: Flutter Mane|88\/100 psn|[from] Stealth Rock\n|turn|8\n|c|+Feyette|true\n|c|+xavgb|gaming?\n|c|+Fakee|scl\n|c|+LpZ IV|\u00e9 rpz\n|c|+LpZ IV|slot 0-3 no toque\n|\n|t:|1699199943\n|move|p1b: FAKE NATTY|Protect|p1b: FAKE NATTY\n|-singleturn|p1b: FAKE NATTY|Protect\n|move|p2b: Basculegion|Last Respects|p1b: FAKE NATTY\n|-activate|p1b: FAKE NATTY|move: Protect\n|move|p1a: Basculegion|Last Respects|p2a: Flutter Mane\n|-supereffective|p2a: Flutter Mane\n|-damage|p2a: Flutter Mane|0 fnt\n|faint|p2a: Flutter Mane\n|-end|p2a: Flutter Mane|Protosynthesis|[silent]\n|\n|-weather|Sandstorm|[upkeep]\n|-damage|p2b: Basculegion|64\/100 psn|[from] Sandstorm\n|-damage|p1a: Basculegion|21\/100|[from] Sandstorm\n|-damage|p1b: FAKE NATTY|82\/100|[from] Sandstorm\n|-damage|p2b: Basculegion|51\/100 psn|[from] psn\n|upkeep\n|turn|9\n|c|+siras|.\n|c|+Fakee|nice choke :-3\n|c|+Fakee|kakaru\n|c|+siras|fala dele filho da puta\n|c|+siras|?\n|c|+h4v|mitamo?\n|c|+LpZ IV|kkkkkkkkkkkkkkkkkkkkkkkkkkkk\n|c|+siras|lpz iv\n|c|\u2606Ash KetchumGamer|mamamo mto\n|inactive|Ash KetchumGamer has 150 seconds left.\n|c|+LpZ IV|perdemo do mesmo jeito\n|\n|t:|1699199981\n|move|p1a: Basculegion|Last Respects|p2b: Basculegion\n|-immune|p2b: Basculegion\n|move|p2b: Basculegion|Last Respects|p1b: FAKE NATTY\n|-damage|p1b: FAKE NATTY|0 fnt\n|faint|p1b: FAKE NATTY\n|\n|-weather|Sandstorm|[upkeep]\n|-damage|p1a: Basculegion|15\/100|[from] Sandstorm\n|-damage|p2b: Basculegion|45\/100 psn|[from] Sandstorm\n|-damage|p2b: Basculegion|33\/100 psn|[from] psn\n|upkeep\n|turn|10\n|\n|t:|1699199990\n|move|p1a: Basculegion|Last Respects|p2b: Basculegion\n|-immune|p2b: Basculegion\n|move|p2b: Basculegion|Last Respects|p1a: Basculegion\n|-resisted|p1a: Basculegion\n|-damage|p1a: Basculegion|0 fnt\n|faint|p1a: Basculegion\n|\n|win|Akaru Kokuyo\u3075\u308f\n|c|\u2606Akaru Kokuyo\u3075\u308f|gg\n|c|\u2606Ash KetchumGamer|gg\n|player|p2|Akaru Kokuyo\u3075\u308f|#bssplviiidavesdragonairs\n","uploadtime":1699199992,"views":112,"p1id":"ashketchumgamer","p2id":"akarukokuyo","formatid":"gen9doublesou","rating":0,"private":0,"password":""}