{"id":"smogtours-gen9doublesou-729214","p1":"laptops","p2":"Heerv","format":"[Gen 9] Doubles OU","log":"|inactive|Battle timer is ON: inactive players will automatically lose when time's up.\n|t:|1699226665\n|gametype|doubles\n|player|p1|laptops|lisia-masters|\n|player|p2|Heerv|wallace-gen6|\n|teamsize|p1|6\n|teamsize|p2|6\n|gen|9\n|tier|[Gen 9] Doubles OU\n|rule|Species Clause: Limit one of each Pok\u00e9mon\n|rule|OHKO Clause: OHKO moves are banned\n|rule|Evasion Moves Clause: Evasion moves are banned\n|rule|Gravity Sleep Clause: The combination of sleep-inducing moves with imperfect accuracy and Gravity or Gigantamax Orbeetle are banned\n|rule|Endless Battle Clause: Forcing endless battles is banned\n|rule|HP Percentage Mod: HP is shown in percentages\n|clearpoke\n|poke|p1|Tornadus, M|\n|poke|p1|Landorus-Therian, M|\n|poke|p1|Kingambit, F|\n|poke|p1|Ogerpon-Hearthflame, F|\n|poke|p1|Flutter Mane|\n|poke|p1|Glimmora, M|\n|poke|p2|Amoonguss, F|\n|poke|p2|Chien-Pao|\n|poke|p2|Iron Hands|\n|poke|p2|Landorus-Therian, M|\n|poke|p2|Ogerpon-Wellspring, F|\n|poke|p2|Heatran, M|\n|teampreview\n|c|\u2606Heerv|Hf\n|c|\u2606laptops|u2!\n|inactive|laptops has 270 seconds left.\n|inactive|Heerv has 270 seconds left.\n|inactive|Heerv has 240 seconds left.\n|inactive|Heerv has 210 seconds left.\n|\n|t:|1699226759\n|start\n|switch|p1a: Glimmora|Glimmora, M|100\/100\n|switch|p1b: Landorus|Landorus-Therian, M|100\/100\n|switch|p2a: Iron Hands|Iron Hands|100\/100\n|switch|p2b: Heatran|Heatran, M|100\/100\n|-ability|p1b: Landorus|Intimidate|boost\n|-unboost|p2a: Iron Hands|atk|1\n|-unboost|p2b: Heatran|atk|1\n|turn|1\n|inactive|Heerv has 270 seconds left.\n|\n|t:|1699226804\n|switch|p2b: Amoonguss|Amoonguss, F|100\/100\n|-end|p2a: Iron Hands|Quark Drive|[silent]\n|switch|p2a: Landorus|Landorus-Therian, M|100\/100\n|-ability|p2a: Landorus|Intimidate|boost\n|-unboost|p1a: Glimmora|atk|1\n|-unboost|p1b: Landorus|atk|1\n|move|p1a: Glimmora|Stealth Rock|p2a: Landorus\n|-sidestart|p2: Heerv|move: Stealth Rock\n|move|p1b: Landorus|Stomping Tantrum|p2b: Amoonguss\n|-damage|p2b: Amoonguss|76\/100\n|\n|upkeep\n|turn|2\n|inactive|Heerv has 270 seconds left.\n|inactive|laptops has 270 seconds left.\n|\n|t:|1699226835\n|switch|p1b: Ogerpon|Ogerpon-Hearthflame, F|100\/100\n|-ability|p1b: Ogerpon|Mold Breaker\n|move|p2a: Landorus|Rock Slide|p1b: Ogerpon|[spread] p1a,p1b\n|-supereffective|p1b: Ogerpon\n|-damage|p1a: Glimmora|73\/100\n|-damage|p1b: Ogerpon|36\/100\n|-activate|p1a: Glimmora|ability: Toxic Debris\n|-sidestart|p2: Heerv|move: Toxic Spikes\n|move|p1a: Glimmora|Power Gem|p2a: Landorus\n|-damage|p2a: Landorus|37\/100\n|move|p2b: Amoonguss|Spore|p1a: Glimmora\n|-status|p1a: Glimmora|slp|[from] move: Spore\n|\n|upkeep\n|turn|3\n|inactive|Heerv has 270 seconds left.\n|inactive|laptops has 270 seconds left.\n|inactive|laptops has 240 seconds left.\n|\n|t:|1699226907\n|move|p1b: Ogerpon|Spiky Shield|p1b: Ogerpon\n|-singleturn|p1b: Ogerpon|move: Protect\n|move|p2a: Landorus|Rock Slide|p1a: Glimmora|[spread] p1a\n|-activate|p1b: Ogerpon|move: Protect\n|-damage|p1a: Glimmora|47\/100 slp\n|-activate|p1a: Glimmora|ability: Toxic Debris\n|-sidestart|p2: Heerv|move: Toxic Spikes\n|cant|p1a: Glimmora|slp\n|move|p2b: Amoonguss|Pollen Puff|p2a: Landorus\n|-heal|p2a: Landorus|87\/100\n|\n|upkeep\n|turn|4\n|inactive|laptops has 240 seconds left.\n|inactive|Heerv has 270 seconds left.\n|\n|t:|1699226930\n|switch|p1b: Landorus|Landorus-Therian, M|100\/100\n|-ability|p1b: Landorus|Intimidate|boost\n|-unboost|p2a: Landorus|atk|1\n|-unboost|p2b: Amoonguss|atk|1\n|switch|p2b: Heatran|Heatran, M|100\/100\n|-damage|p2b: Heatran|88\/100|[from] Stealth Rock\n|move|p2a: Landorus|Rock Slide|p1a: Glimmora|[spread] p1b\n|-miss|p2a: Landorus|p1a: Glimmora\n|-damage|p1b: Landorus|85\/100\n|cant|p1a: Glimmora|slp\n|\n|upkeep\n|turn|5\n|inactive|laptops has 240 seconds left.\n|inactive|Heerv has 270 seconds left.\n|\n|t:|1699226972\n|switch|p2b: Amoonguss|Amoonguss, F|100\/100\n|-damage|p2b: Amoonguss|88\/100|[from] Stealth Rock\n|-sideend|p2: Heerv|move: Toxic Spikes|[of] p2b: Amoonguss\n|move|p2a: Landorus|Rock Slide|p1a: Glimmora|[spread] p1a,p1b\n|-damage|p1a: Glimmora|28\/100 slp\n|-damage|p1b: Landorus|70\/100\n|-activate|p1a: Glimmora|ability: Toxic Debris\n|-sidestart|p2: Heerv|move: Toxic Spikes\n|-curestatus|p1a: Glimmora|slp|[msg]\n|move|p1a: Glimmora|Sludge Bomb|p2b: Amoonguss\n|-damage|p2b: Amoonguss|49\/100\n|-enditem|p2b: Amoonguss|Sitrus Berry|[eat]\n|-heal|p2b: Amoonguss|74\/100|[from] item: Sitrus Berry\n|move|p1b: Landorus|Stomping Tantrum|p2b: Amoonguss\n|-damage|p2b: Amoonguss|41\/100\n|\n|upkeep\n|turn|6\n|inactive|Heerv has 270 seconds left.\n|inactive|Heerv has 240 seconds left.\n|inactive|Heerv has 210 seconds left.\n|\n|t:|1699227058\n|switch|p2b: Ogerpon|Ogerpon-Wellspring, F|100\/100\n|-damage|p2b: Ogerpon|88\/100|[from] Stealth Rock\n|-status|p2b: Ogerpon|psn\n|move|p2a: Landorus|Rock Slide|p1b: Landorus|[spread] p1a,p1b\n|-crit|p1a: Glimmora\n|-damage|p1a: Glimmora|0 fnt\n|-damage|p1b: Landorus|56\/100\n|-activate|p1a: Glimmora|ability: Toxic Debris\n|-sidestart|p2: Heerv|move: Toxic Spikes\n|faint|p1a: Glimmora\n|move|p1b: Landorus|Stomping Tantrum|p2b: Ogerpon\n|-resisted|p2b: Ogerpon\n|-damage|p2b: Ogerpon|65\/100 psn\n|\n|-damage|p2b: Ogerpon|52\/100 psn|[from] psn\n|upkeep\n|inactive|laptops has 210 seconds left.\n|\n|t:|1699227088\n|switch|p1a: Kingambit|Kingambit, F|100\/100\n|turn|7\n|inactive|laptops has 210 seconds left.\n|\n|t:|1699227108\n|switch|p2a: Amoonguss|Amoonguss, F|74\/100\n|-damage|p2a: Amoonguss|62\/100|[from] Stealth Rock\n|-sideend|p2: Heerv|move: Toxic Spikes|[of] p2a: Amoonguss\n|move|p2b: Ogerpon|Ivy Cudgel|p1b: Landorus\n|-supereffective|p1b: Landorus\n|-damage|p1b: Landorus|0 fnt\n|faint|p1b: Landorus\n|move|p1a: Kingambit|Kowtow Cleave|p2b: Ogerpon\n|-damage|p2b: Ogerpon|1\/100 psn\n|\n|-damage|p2b: Ogerpon|0 fnt|[from] psn\n|faint|p2b: Ogerpon\n|upkeep\n|\n|t:|1699227133\n|switch|p2b: Heatran|Heatran, M|88\/100\n|switch|p1b: Tornadus|Tornadus, M|100\/100\n|-damage|p2b: Heatran|76\/100|[from] Stealth Rock\n|turn|8\n|inactive|laptops has 240 seconds left.\n|inactive|Heerv has 240 seconds left.\n|c|+Enzonana|MONTIEL AL ARCOOOOOOOOOOOOOOOOOOOOOO GOOOOOOOOOOOOOOOOOOOOOOOOOOOOOOOOOOOOOOOOOOOOOOOOOOOOOOL\n|c|+Enzonana|SOMOS CAMPEONES DEL MUNDOOOOOOO\n|c|+Enzonana|TREINTA Y SEIS A\u00d1OS\n|\n|t:|1699227166\n|-terastallize|p1a: Kingambit|Fairy\n|move|p2a: Amoonguss|Rage Powder|p2a: Amoonguss\n|-singleturn|p2a: Amoonguss|move: Rage Powder\n|move|p1b: Tornadus|Bleakwind Storm|p2b: Heatran|[spread] p2a,p2b\n|-supereffective|p2a: Amoonguss\n|-resisted|p2b: Heatran\n|-damage|p2a: Amoonguss|13\/100\n|-damage|p2b: Heatran|62\/100\n|move|p2b: Heatran|Heat Wave|p1a: Kingambit|[spread] p1a,p1b\n|-damage|p1a: Kingambit|72\/100\n|-damage|p1b: Tornadus|50\/100\n|-enditem|p1b: Tornadus|Sitrus Berry|[eat]\n|-heal|p1b: Tornadus|75\/100|[from] item: Sitrus Berry\n|move|p1a: Kingambit|Kowtow Cleave|p2a: Amoonguss\n|-damage|p2a: Amoonguss|0 fnt\n|faint|p2a: Amoonguss\n|\n|upkeep\n|\n|t:|1699227188\n|switch|p2a: Chien-Pao|Chien-Pao|100\/100\n|-damage|p2a: Chien-Pao|76\/100|[from] Stealth Rock\n|-ability|p2a: Chien-Pao|Sword of Ruin\n|turn|9\n|inactive|laptops has 240 seconds left.\n|inactive|Heerv has 240 seconds left.\n|\n|t:|1699227199\n|move|p2a: Chien-Pao|Protect|p2a: Chien-Pao\n|-singleturn|p2a: Chien-Pao|Protect\n|move|p1b: Tornadus|Tailwind|p1b: Tornadus\n|-sidestart|p1: laptops|move: Tailwind\n|move|p1a: Kingambit|Iron Head|p2a: Chien-Pao\n|-activate|p2a: Chien-Pao|move: Protect\n|move|p2b: Heatran|Heat Wave|p1b: Tornadus|[spread] p1a,p1b\n|-crit|p1a: Kingambit\n|-damage|p1a: Kingambit|32\/100\n|-damage|p1b: Tornadus|31\/100\n|\n|upkeep\n|turn|10\n|inactive|laptops has 240 seconds left.\n|inactive|Heerv has 240 seconds left.\n|\n|t:|1699227235\n|switch|p1b: Flutter Mane|Flutter Mane|100\/100\n|move|p2a: Chien-Pao|Sucker Punch||[still]\n|-fail|p2a: Chien-Pao\n|move|p1a: Kingambit|Tera Blast|p2a: Chien-Pao|[anim] Tera Blast Fairy\n|-supereffective|p2a: Chien-Pao\n|-damage|p2a: Chien-Pao|0 fnt\n|faint|p2a: Chien-Pao\n|move|p2b: Heatran|Heat Wave|p1a: Kingambit|[spread] p1a,p1b\n|-damage|p1a: Kingambit|3\/100\n|-damage|p1b: Flutter Mane|64\/100\n|\n|upkeep\n|\n|t:|1699227247\n|switch|p2a: Iron Hands|Iron Hands|100\/100\n|-damage|p2a: Iron Hands|94\/100|[from] Stealth Rock\n|turn|11\n|inactive|Heerv has 240 seconds left.\n|inactive|laptops has 240 seconds left.\n|inactive|laptops has 210 seconds left.\n|inactive|laptops has 180 seconds left.\n|inactive|Heerv has 210 seconds left.\n|inactive|laptops has 150 seconds left.\n|inactive|Heerv has 180 seconds left.\n|inactive|laptops has 120 seconds left.\n|inactive|laptops has 90 seconds left.\n|c|\u2606Heerv|Test\n|\n|t:|1699227441\n|-end|p1b: Flutter Mane|Protosynthesis|[silent]\n|switch|p1b: Ogerpon|Ogerpon-Hearthflame, F|36\/100\n|-ability|p1b: Ogerpon|Mold Breaker\n|-terastallize|p2a: Iron Hands|Grass\n|move|p1a: Kingambit|Kowtow Cleave|p2b: Heatran\n|-damage|p2b: Heatran|13\/100\n|move|p2b: Heatran|Earth Power|p1a: Kingambit\n|-damage|p1a: Kingambit|0 fnt\n|faint|p1a: Kingambit\n|move|p2a: Iron Hands|Heavy Slam|p1b: Ogerpon\n|-resisted|p1b: Ogerpon\n|-damage|p1b: Ogerpon|7\/100\n|\n|upkeep\n|inactive|laptops has 60 seconds left.\n|\n|t:|1699227462\n|switch|p1a: Flutter Mane|Flutter Mane|64\/100\n|turn|12\n|inactive|Heerv has 180 seconds left.\n|inactive|laptops has 60 seconds left.\n|inactive|laptops has 30 seconds left.\n|inactive|laptops has 20 seconds left.\n|\n|t:|1699227532\n|-end|p2a: Iron Hands|Quark Drive|[silent]\n|switch|p2a: Landorus|Landorus-Therian, M|87\/100\n|-damage|p2a: Landorus|75\/100|[from] Stealth Rock\n|-ability|p2a: Landorus|Intimidate|boost\n|-unboost|p1a: Flutter Mane|atk|1\n|-unboost|p1b: Ogerpon|atk|1\n|move|p1a: Flutter Mane|Moonblast|p2b: Heatran\n|-resisted|p2b: Heatran\n|-damage|p2b: Heatran|0 fnt\n|faint|p2b: Heatran\n|move|p1b: Ogerpon|Ivy Cudgel|p2a: Landorus\n|-damage|p2a: Landorus|28\/100\n|\n|-sideend|p1: laptops|move: Tailwind\n|upkeep\n|inactive|laptops has 25 seconds left this turn.\n|\n|t:|1699227543\n|switch|p2b: Iron Hands|Iron Hands, tera:Grass|94\/100\n|-damage|p2b: Iron Hands|82\/100|[from] Stealth Rock\n|turn|13\n|inactive|laptops has 30 seconds left.\n|inactive|laptops has 20 seconds left.\n|inactive|laptops has 15 seconds left.\n|\n|t:|1699227583\n|move|p1b: Ogerpon|Spiky Shield|p1b: Ogerpon\n|-singleturn|p1b: Ogerpon|move: Protect\n|move|p2a: Landorus|Rock Slide|p1b: Ogerpon|[spread] p1a\n|-activate|p1b: Ogerpon|move: Protect\n|-damage|p1a: Flutter Mane|23\/100\n|move|p1a: Flutter Mane|Moonblast|p2a: Landorus\n|-damage|p2a: Landorus|0 fnt\n|faint|p2a: Landorus\n|move|p2b: Iron Hands|Heavy Slam|p1a: Flutter Mane\n|-supereffective|p1a: Flutter Mane\n|-damage|p1a: Flutter Mane|0 fnt\n|faint|p1a: Flutter Mane\n|-end|p1a: Flutter Mane|Protosynthesis|[silent]\n|\n|upkeep\n|inactive|laptops has 20 seconds left this turn.\n|inactive|laptops has 15 seconds left.\n|\n|t:|1699227590\n|switch|p1a: Tornadus|Tornadus, M|31\/100\n|turn|14\n|inactive|Heerv has 180 seconds left.\n|inactive|laptops has 30 seconds left.\n|\n|t:|1699227609\n|move|p1a: Tornadus|Sunny Day|p1a: Tornadus\n|-weather|SunnyDay\n|move|p1b: Ogerpon|Ivy Cudgel|p2b: Iron Hands\n|-supereffective|p2b: Iron Hands\n|-damage|p2b: Iron Hands|0 fnt\n|faint|p2b: Iron Hands\n|-end|p2b: Iron Hands|Quark Drive|[silent]\n|\n|win|laptops\n|inactive|laptops has 30 seconds left this turn.\n|c|\u2606laptops|gg\n|c|\u2606Heerv|Gg\n","uploadtime":1699227610,"views":102,"p1id":"laptops","p2id":"heerv","formatid":"gen9doublesou","rating":0,"private":0,"password":""}