{"id":"smogtours-gen9doublesou-730360","p1":"Nephtyrix","p2":"Amaranth","format":"[Gen 9] Doubles OU","log":"|inactive|Battle timer is ON: inactive players will automatically lose when time's up.\n|t:|1699821101\n|gametype|doubles\n|player|p1|Nephtyrix|chase|\n|player|p2|Amaranth|#amaranth|\n|teamsize|p1|6\n|teamsize|p2|6\n|gen|9\n|tier|[Gen 9] Doubles OU\n|rule|Species Clause: Limit one of each Pok\u00e9mon\n|rule|OHKO Clause: OHKO moves are banned\n|rule|Evasion Moves Clause: Evasion moves are banned\n|rule|Gravity Sleep Clause: The combination of sleep-inducing moves with imperfect accuracy and Gravity or Gigantamax Orbeetle are banned\n|rule|Endless Battle Clause: Forcing endless battles is banned\n|rule|HP Percentage Mod: HP is shown in percentages\n|clearpoke\n|poke|p1|Roaring Moon|\n|poke|p1|Armarouge, M|\n|poke|p1|Indeedee-F, F|\n|poke|p1|Ogerpon-Wellspring, F|\n|poke|p1|Okidogi, M|\n|poke|p1|Ursaluna, F|\n|poke|p2|Ogerpon-Wellspring, F|\n|poke|p2|Iron Hands|\n|poke|p2|Heatran, F|\n|poke|p2|Chien-Pao|\n|poke|p2|Flutter Mane|\n|poke|p2|Landorus-Therian, M|\n|teampreview\n|c|\u2606Nephtyrix|gl hf\n|c|\u2606Amaranth|glhf\n|inactive|Nephtyrix has 270 seconds left.\n|inactive|Amaranth has 270 seconds left.\n|inactive|Nephtyrix has 240 seconds left.\n|inactive|Nephtyrix has 210 seconds left.\n|\n|t:|1699821204\n|start\n|switch|p1a: Okidogi|Okidogi, M|100\/100\n|switch|p1b: Ogerpon|Ogerpon-Wellspring, F|100\/100\n|switch|p2a: Chien-Pao|Chien-Pao|100\/100\n|switch|p2b: Landorus|Landorus-Therian, M|100\/100\n|-ability|p2a: Chien-Pao|Sword of Ruin\n|-ability|p2b: Landorus|Intimidate|boost\n|-ability|p1a: Okidogi|Guard Dog|boost\n|-boost|p1a: Okidogi|atk|1\n|-unboost|p1b: Ogerpon|atk|1\n|turn|1\n|inactive|Nephtyrix has 270 seconds left.\n|inactive|Nephtyrix has 240 seconds left.\n|\n|t:|1699821261\n|move|p2a: Chien-Pao|Protect|p2a: Chien-Pao\n|-singleturn|p2a: Chien-Pao|Protect\n|move|p1a: Okidogi|Protect|p1a: Okidogi\n|-singleturn|p1a: Okidogi|Protect\n|move|p2b: Landorus|U-turn|p1b: Ogerpon\n|-supereffective|p1b: Ogerpon\n|-damage|p1b: Ogerpon|15\/100\n|\n|t:|1699821270\n|switch|p2b: Ogerpon|Ogerpon-Wellspring, F|100\/100|[from] U-turn\n|move|p1b: Ogerpon|U-turn|p2a: Chien-Pao\n|-activate|p2a: Chien-Pao|move: Protect\n|\n|upkeep\n|turn|2\n|inactive|Nephtyrix has 240 seconds left.\n|inactive|Amaranth has 270 seconds left.\n|\n|t:|1699821312\n|move|p1b: Ogerpon|Spiky Shield|p1b: Ogerpon\n|-singleturn|p1b: Ogerpon|move: Protect\n|move|p2a: Chien-Pao|Ice Spinner|p1a: Okidogi\n|-damage|p1a: Okidogi|60\/100\n|move|p2b: Ogerpon|Ivy Cudgel|p1a: Okidogi\n|-crit|p1a: Okidogi\n|-damage|p1a: Okidogi|0 fnt\n|faint|p1a: Okidogi\n|\n|upkeep\n|\n|t:|1699821321\n|switch|p1a: Roaring Moon|Roaring Moon|100\/100\n|-enditem|p1a: Roaring Moon|Booster Energy\n|-activate|p1a: Roaring Moon|ability: Protosynthesis|[fromitem]\n|-start|p1a: Roaring Moon|protosynthesisspe\n|turn|3\n|inactive|Nephtyrix has 240 seconds left.\n|\n|t:|1699821351\n|switch|p2b: Landorus|Landorus-Therian, M|100\/100\n|-ability|p2b: Landorus|Intimidate|boost\n|-unboost|p1a: Roaring Moon|atk|1\n|-unboost|p1b: Ogerpon|atk|1\n|move|p2a: Chien-Pao|Sucker Punch|p1b: Ogerpon\n|-damage|p1b: Ogerpon|0 fnt\n|faint|p1b: Ogerpon\n|move|p1a: Roaring Moon|Tailwind|p1a: Roaring Moon\n|-sidestart|p1: Nephtyrix|move: Tailwind\n|\n|upkeep\n|inactive|Nephtyrix has 210 seconds left.\n|\n|t:|1699821373\n|switch|p1b: Armarouge|Armarouge, M|100\/100\n|turn|4\n|inactive|Amaranth has 270 seconds left.\n|\n|t:|1699821415\n|move|p1b: Armarouge|Protect|p1b: Armarouge\n|-singleturn|p1b: Armarouge|Protect\n|move|p1a: Roaring Moon|Breaking Swipe|p2a: Chien-Pao|[spread] p2a,p2b\n|-damage|p2a: Chien-Pao|80\/100\n|-damage|p2b: Landorus|78\/100\n|-unboost|p2a: Chien-Pao|atk|1\n|-unboost|p2b: Landorus|atk|1\n|move|p2a: Chien-Pao|Ice Spinner|p1a: Roaring Moon\n|-supereffective|p1a: Roaring Moon\n|-damage|p1a: Roaring Moon|7\/100\n|move|p2b: Landorus|U-turn|p1a: Roaring Moon\n|-supereffective|p1a: Roaring Moon\n|-damage|p1a: Roaring Moon|0 fnt\n|faint|p1a: Roaring Moon\n|-end|p1a: Roaring Moon|Protosynthesis|[silent]\n|inactive|Amaranth has 240 seconds left.\n|\n|t:|1699821448\n|switch|p2b: Ogerpon|Ogerpon-Wellspring, F|100\/100|[from] U-turn\n|\n|upkeep\n|\n|t:|1699821451\n|switch|p1a: Indeedee|Indeedee-F, F|100\/100\n|-fieldstart|move: Psychic Terrain|[from] ability: Psychic Surge|[of] p1a: Indeedee\n|turn|5\n|\n|t:|1699821474\n|-terastallize|p1b: Armarouge|Psychic\n|-terastallize|p2b: Ogerpon|Water\n|detailschange|p2b: Ogerpon|Ogerpon-Wellspring-Tera, F, tera:Water\n|-ability|p2b: Ogerpon|Embody Aspect (Wellspring)|boost\n|-boost|p2b: Ogerpon|spd|1\n|move|p2a: Chien-Pao|Protect|p2a: Chien-Pao\n|-singleturn|p2a: Chien-Pao|Protect\n|move|p1b: Armarouge|Armor Cannon|p2a: Chien-Pao\n|-activate|p2a: Chien-Pao|move: Protect\n|move|p2b: Ogerpon|Horn Leech|p1a: Indeedee\n|-crit|p1a: Indeedee\n|-damage|p1a: Indeedee|14\/100\n|-enditem|p1a: Indeedee|Sitrus Berry|[eat]\n|-heal|p1a: Indeedee|39\/100|[from] item: Sitrus Berry\n|move|p1a: Indeedee|Trick Room|p1a: Indeedee\n|-fieldstart|move: Trick Room|[of] p1a: Indeedee\n|\n|upkeep\n|turn|6\n|inactive|Nephtyrix has 240 seconds left.\n|inactive|Amaranth has 240 seconds left.\n|\n|t:|1699821511\n|switch|p2a: Heatran|Heatran, F|100\/100\n|move|p1a: Indeedee|Protect|p1a: Indeedee\n|-singleturn|p1a: Indeedee|Protect\n|move|p1b: Armarouge|Protect|p1b: Armarouge\n|-singleturn|p1b: Armarouge|Protect\n|move|p2b: Ogerpon|Horn Leech|p1a: Indeedee\n|-activate|p1a: Indeedee|move: Protect\n|\n|-sideend|p1: Nephtyrix|move: Tailwind\n|upkeep\n|turn|7\n|\n|t:|1699821531\n|move|p2b: Ogerpon|Spiky Shield|p2b: Ogerpon\n|-singleturn|p2b: Ogerpon|move: Protect\n|move|p1a: Indeedee|Follow Me|p1a: Indeedee\n|-singleturn|p1a: Indeedee|move: Follow Me\n|move|p2a: Heatran|Earth Power|p1a: Indeedee\n|-damage|p1a: Indeedee|15\/100\n|move|p1b: Armarouge|Expanding Force|p2a: Heatran|[spread] p2a\n|-activate|p2b: Ogerpon|move: Protect\n|-resisted|p2a: Heatran\n|-damage|p2a: Heatran|60\/100\n|\n|-heal|p2a: Heatran|66\/100|[from] item: Leftovers\n|upkeep\n|turn|8\n|inactive|Nephtyrix has 240 seconds left.\n|\n|t:|1699821564\n|switch|p1a: Ursaluna|Ursaluna, F|100\/100\n|move|p2a: Heatran|Earth Power|p1a: Ursaluna\n|-damage|p1a: Ursaluna|75\/100\n|move|p1b: Armarouge|Expanding Force|p2b: Ogerpon|[spread] p2a,p2b\n|-resisted|p2a: Heatran\n|-damage|p2a: Heatran|28\/100\n|-damage|p2b: Ogerpon|33\/100\n|move|p2b: Ogerpon|Ivy Cudgel|p1b: Armarouge\n|-damage|p1b: Armarouge|27\/100\n|\n|-heal|p2a: Heatran|34\/100|[from] item: Leftovers\n|-status|p1a: Ursaluna|brn|[from] item: Flame Orb\n|upkeep\n|turn|9\n|inactive|Nephtyrix has 240 seconds left.\n|\n|t:|1699821607\n|move|p2a: Heatran|Protect|p2a: Heatran\n|-singleturn|p2a: Heatran|Protect\n|move|p2b: Ogerpon|Spiky Shield|p2b: Ogerpon\n|-singleturn|p2b: Ogerpon|move: Protect\n|move|p1a: Ursaluna|Facade|p2a: Heatran\n|-activate|p2a: Heatran|move: Protect\n|move|p1b: Armarouge|Expanding Force|p2a: Heatran|[spread] \n|-activate|p2a: Heatran|move: Protect\n|-activate|p2b: Ogerpon|move: Protect\n|\n|-heal|p2a: Heatran|40\/100|[from] item: Leftovers\n|-damage|p1a: Ursaluna|69\/100 brn|[from] brn\n|-fieldend|move: Trick Room\n|-fieldend|move: Psychic Terrain\n|upkeep\n|turn|10\n|inactive|Nephtyrix has 240 seconds left.\n|\n|t:|1699821625\n|move|p2b: Ogerpon|Horn Leech|p1b: Armarouge\n|-damage|p1b: Armarouge|0 fnt\n|-heal|p2b: Ogerpon|46\/100|[from] drain|[of] p1b: Armarouge\n|faint|p1b: Armarouge\n|move|p2a: Heatran|Earth Power|p1a: Ursaluna\n|-damage|p1a: Ursaluna|46\/100 brn\n|move|p1a: Ursaluna|Facade|p2b: Ogerpon\n|-damage|p2b: Ogerpon|0 fnt\n|faint|p2b: Ogerpon\n|\n|-heal|p2a: Heatran|47\/100|[from] item: Leftovers\n|-damage|p1a: Ursaluna|40\/100 brn|[from] brn\n|upkeep\n|\n|t:|1699821638\n|switch|p2b: Flutter Mane|Flutter Mane|100\/100\n|switch|p1b: Indeedee|Indeedee-F, F|15\/100\n|-fieldstart|move: Psychic Terrain|[from] ability: Psychic Surge|[of] p1b: Indeedee\n|turn|11\n|\n|t:|1699821649\n|move|p2b: Flutter Mane|Dazzling Gleam|p1a: Ursaluna|[spread] p1a,p1b\n|-damage|p1a: Ursaluna|8\/100 brn\n|-damage|p1b: Indeedee|0 fnt\n|faint|p1b: Indeedee\n|move|p2a: Heatran|Earth Power|p1a: Ursaluna\n|-damage|p1a: Ursaluna|0 fnt\n|faint|p1a: Ursaluna\n|\n|win|Amaranth\n|c|\u2606Amaranth|gg\n|c|\u2606Nephtyrix|gg\n","uploadtime":1699821650,"views":227,"p1id":"nephtyrix","p2id":"amaranth","formatid":"gen9doublesou","rating":0,"private":0,"password":""}