{"id":"smogtours-gen9doublesou-729107","p1":"sempra","p2":"eragon11145","format":"[Gen 9] Doubles OU","log":"|inactive|Battle timer is ON: inactive players will automatically lose when time's up.\n|t:|1699215158\n|gametype|doubles\n|player|p1|sempra|wicke|\n|player|p2|eragon11145|#dwcopiii|\n|teamsize|p1|6\n|teamsize|p2|6\n|gen|9\n|tier|[Gen 9] Doubles OU\n|rule|Species Clause: Limit one of each Pok\u00e9mon\n|rule|OHKO Clause: OHKO moves are banned\n|rule|Evasion Moves Clause: Evasion moves are banned\n|rule|Gravity Sleep Clause: The combination of sleep-inducing moves with imperfect accuracy and Gravity or Gigantamax Orbeetle are banned\n|rule|Endless Battle Clause: Forcing endless battles is banned\n|rule|HP Percentage Mod: HP is shown in percentages\n|clearpoke\n|poke|p1|Cresselia, F|\n|poke|p1|Ursaluna, F|\n|poke|p1|Iron Hands|\n|poke|p1|Flutter Mane|\n|poke|p1|Arcanine-Hisui, F|\n|poke|p1|Chien-Pao|\n|poke|p2|Ogerpon-Wellspring, F|\n|poke|p2|Arcanine-Hisui, M|\n|poke|p2|Roaring Moon|\n|poke|p2|Flutter Mane|\n|poke|p2|Iron Hands|\n|poke|p2|Landorus, M|\n|teampreview\n|inactive|eragon11145 also wants the timer to be on.\n|c|\u2606eragon11145|glhf\n|c|\u2606sempra|Glhf\n|c|+Wesqii|Vamos eragon\n|inactive|eragon11145 has 270 seconds left.\n|\n|t:|1699215205\n|start\n|switch|p1a: Iron Hands|Iron Hands, shiny|100\/100\n|switch|p1b: Flutter Mane|Flutter Mane, shiny|100\/100\n|switch|p2a: Iron Hands|Iron Hands|100\/100\n|switch|p2b: Arcanine|Arcanine-Hisui, M|100\/100\n|-ability|p2b: Arcanine|Intimidate|boost\n|-unboost|p1a: Iron Hands|atk|1\n|-unboost|p1b: Flutter Mane|atk|1\n|turn|1\n|\n|t:|1699215229\n|-end|p1b: Flutter Mane|Protosynthesis|[silent]\n|switch|p1b: Arcanine|Arcanine-Hisui, F, shiny|100\/100\n|-ability|p1b: Arcanine|Intimidate|boost\n|-unboost|p2a: Iron Hands|atk|1\n|-unboost|p2b: Arcanine|atk|1\n|move|p2b: Arcanine|Will-O-Wisp|p1a: Iron Hands\n|-status|p1a: Iron Hands|brn\n|move|p2a: Iron Hands|Heavy Slam|p1b: Arcanine\n|-damage|p1b: Arcanine|85\/100\n|move|p1a: Iron Hands|Drain Punch|p2b: Arcanine\n|-supereffective|p2b: Arcanine\n|-damage|p2b: Arcanine|73\/100\n|\n|-damage|p1a: Iron Hands|94\/100 brn|[from] brn\n|upkeep\n|turn|2\n|raw|<div class=\"broadcast-red\"><strong>Moderated chat was set to \u2606!<\/strong><br \/>Only users of rank \u2606 and higher can talk.<\/div>\n|inactive|sempra has 270 seconds left.\n|\n|t:|1699215266\n|switch|p1b: Flutter Mane|Flutter Mane, shiny|100\/100\n|-end|p1a: Iron Hands|Quark Drive|[silent]\n|switch|p1a: Cresselia|Cresselia, F, shiny|100\/100\n|move|p2b: Arcanine|Stealth Rock|p1b: Flutter Mane\n|-sidestart|p1: sempra|move: Stealth Rock\n|move|p2a: Iron Hands|Drain Punch|p1b: Flutter Mane\n|-immune|p1b: Flutter Mane\n|\n|upkeep\n|turn|3\n|\n|t:|1699215278\n|move|p1b: Flutter Mane|Moonblast|p2a: Iron Hands\n|-supereffective|p2a: Iron Hands\n|-damage|p2a: Iron Hands|34\/100\n|move|p2b: Arcanine|Rock Slide|p1b: Flutter Mane|[spread] p1a,p1b\n|-damage|p1a: Cresselia|91\/100\n|-damage|p1b: Flutter Mane|75\/100\n|move|p1a: Cresselia|Psychic|p2a: Iron Hands\n|-supereffective|p2a: Iron Hands\n|-damage|p2a: Iron Hands|3\/100\n|move|p2a: Iron Hands|Heavy Slam|p1b: Flutter Mane\n|-supereffective|p1b: Flutter Mane\n|-damage|p1b: Flutter Mane|0 fnt\n|faint|p1b: Flutter Mane\n|-end|p1b: Flutter Mane|Protosynthesis|[silent]\n|\n|upkeep\n|\n|t:|1699215287\n|switch|p1b: Ursaluna|Ursaluna, F, shiny|100\/100\n|-damage|p1b: Ursaluna|94\/100|[from] Stealth Rock\n|turn|4\n|\n|t:|1699215312\n|switch|p2b: Ogerpon|Ogerpon-Wellspring, F|100\/100\n|-end|p2a: Iron Hands|Quark Drive|[silent]\n|switch|p2a: Landorus|Landorus, M|100\/100\n|-terastallize|p1b: Ursaluna|Ghost\n|move|p1b: Ursaluna|Swords Dance|p1b: Ursaluna\n|-boost|p1b: Ursaluna|atk|2\n|move|p1a: Cresselia|Trick Room|p1a: Cresselia\n|-fieldstart|move: Trick Room|[of] p1a: Cresselia\n|\n|-status|p1b: Ursaluna|brn|[from] item: Flame Orb\n|upkeep\n|turn|5\n|\n|t:|1699215335\n|move|p2b: Ogerpon|Spiky Shield|p2b: Ogerpon\n|-singleturn|p2b: Ogerpon|move: Protect\n|move|p2a: Landorus|Protect|p2a: Landorus\n|-singleturn|p2a: Landorus|Protect\n|move|p1b: Ursaluna|Facade|p2b: Ogerpon\n|-activate|p2b: Ogerpon|move: Protect\n|-damage|p1b: Ursaluna|82\/100 brn|[from] Spiky Shield|[of] p2b: Ogerpon\n|move|p1a: Cresselia|Ice Beam|p2a: Landorus\n|-activate|p2a: Landorus|move: Protect\n|\n|-damage|p1b: Ursaluna|76\/100 brn|[from] brn\n|upkeep\n|turn|6\n|inactive|eragon11145 has 270 seconds left.\n|\n|t:|1699215379\n|switch|p2b: Iron Hands|Iron Hands|3\/100\n|switch|p2a: Arcanine|Arcanine-Hisui, M|73\/100\n|-ability|p2a: Arcanine|Intimidate|boost\n|-unboost|p1a: Cresselia|atk|1\n|-unboost|p1b: Ursaluna|atk|1\n|move|p1b: Ursaluna|Earthquake|p2a: Arcanine|[spread] p2a,p2b\n|-immune|p1a: Cresselia|[from] ability: Levitate\n|-supereffective|p2a: Arcanine\n|-supereffective|p2b: Iron Hands\n|-damage|p2a: Arcanine|0 fnt\n|-damage|p2b: Iron Hands|0 fnt\n|faint|p2a: Arcanine\n|faint|p2b: Iron Hands\n|-end|p2b: Iron Hands|Quark Drive|[silent]\n|move|p1a: Cresselia|Ice Beam|p2: Arcanine|[notarget]\n|-fail|p1a: Cresselia\n|\n|-damage|p1b: Ursaluna|70\/100 brn|[from] brn\n|upkeep\n|\n|t:|1699215397\n|switch|p2b: Ogerpon|Ogerpon-Wellspring, F|100\/100\n|switch|p2a: Landorus|Landorus, M|100\/100\n|turn|7\n|inactive|eragon11145 has 270 seconds left.\n|\n|t:|1699215417\n|-terastallize|p2a: Landorus|Poison\n|move|p2b: Ogerpon|Follow Me|p2b: Ogerpon\n|-singleturn|p2b: Ogerpon|move: Follow Me\n|move|p1b: Ursaluna|Facade|p2b: Ogerpon\n|-damage|p2b: Ogerpon|0 fnt\n|faint|p2b: Ogerpon\n|move|p1a: Cresselia|Lunar Blessing|p1a: Cresselia|[spread] p1a,p1b\n|-heal|p1a: Cresselia|100\/100\n|-heal|p1b: Ursaluna|95\/100 brn\n|-curestatus|p1b: Ursaluna|brn|[msg]\n|move|p2a: Landorus|Nasty Plot|p2a: Landorus\n|-boost|p2a: Landorus|spa|2\n|\n|-status|p1b: Ursaluna|brn|[from] item: Flame Orb\n|upkeep\n|\n|t:|1699215419\n|switch|p2b: Roaring Moon|Roaring Moon|100\/100\n|-enditem|p2b: Roaring Moon|Booster Energy\n|-activate|p2b: Roaring Moon|ability: Protosynthesis|[fromitem]\n|-start|p2b: Roaring Moon|protosynthesisspe\n|turn|8\n|inactive|sempra has 270 seconds left.\n|\n|t:|1699215452\n|switch|p1b: Iron Hands|Iron Hands, shiny|94\/100 brn\n|-damage|p1b: Iron Hands|88\/100 brn|[from] Stealth Rock\n|move|p2a: Landorus|Protect|p2a: Landorus\n|-singleturn|p2a: Landorus|Protect\n|move|p2b: Roaring Moon|Protect|p2b: Roaring Moon\n|-singleturn|p2b: Roaring Moon|Protect\n|move|p1a: Cresselia|Lunar Blessing|p1a: Cresselia|[spread] p1a,p1b\n|-heal|p1b: Iron Hands|100\/100 brn\n|-curestatus|p1b: Iron Hands|brn|[msg]\n|\n|-fieldend|move: Trick Room\n|upkeep\n|turn|9\n|inactive|sempra has 270 seconds left.\n|\n|t:|1699215486\n|move|p1b: Iron Hands|Fake Out|p2b: Roaring Moon\n|-damage|p2b: Roaring Moon|83\/100\n|cant|p2b: Roaring Moon|flinch\n|move|p2a: Landorus|Sludge Bomb|p1a: Cresselia\n|-damage|p1a: Cresselia|21\/100\n|move|p1a: Cresselia|Trick Room|p1a: Cresselia\n|-fieldstart|move: Trick Room|[of] p1a: Cresselia\n|\n|upkeep\n|turn|10\n|\n|t:|1699215503\n|move|p1b: Iron Hands|Wild Charge|p2b: Roaring Moon\n|-resisted|p2b: Roaring Moon\n|-damage|p2b: Roaring Moon|55\/100\n|-damage|p1b: Iron Hands|94\/100|[from] Recoil\n|move|p1a: Cresselia|Ice Beam|p2b: Roaring Moon\n|-supereffective|p2b: Roaring Moon\n|-damage|p2b: Roaring Moon|18\/100\n|move|p2a: Landorus|Sandsear Storm|p1b: Iron Hands|[spread] \n|-immune|p1a: Cresselia|[from] ability: Levitate\n|-miss|p2a: Landorus|p1b: Iron Hands\n|move|p2b: Roaring Moon|Breaking Swipe|p1b: Iron Hands|[spread] p1a,p1b\n|-damage|p1a: Cresselia|7\/100\n|-damage|p1b: Iron Hands|81\/100\n|-unboost|p1a: Cresselia|atk|1\n|-unboost|p1b: Iron Hands|atk|1\n|\n|upkeep\n|turn|11\n|inactive|eragon11145 has 270 seconds left.\n|\n|t:|1699215543\n|-end|p2b: Roaring Moon|Protosynthesis|[silent]\n|switch|p2b: Flutter Mane|Flutter Mane|100\/100\n|move|p2a: Landorus|Protect|p2a: Landorus\n|-singleturn|p2a: Landorus|Protect\n|move|p1b: Iron Hands|Wild Charge|p2b: Flutter Mane\n|-damage|p2b: Flutter Mane|47\/100\n|-damage|p1b: Iron Hands|74\/100|[from] Recoil\n|move|p1a: Cresselia|Trick Room|p1a: Cresselia\n|-fieldend|move: Trick Room\n|\n|upkeep\n|turn|12\n|\n|t:|1699215562\n|move|p2b: Flutter Mane|Dazzling Gleam|p1a: Cresselia|[spread] p1a,p1b\n|-crit|p1a: Cresselia\n|-supereffective|p1b: Iron Hands\n|-damage|p1a: Cresselia|0 fnt\n|-damage|p1b: Iron Hands|29\/100\n|faint|p1a: Cresselia\n|move|p2a: Landorus|Sandsear Storm|p1b: Iron Hands\n|-supereffective|p1b: Iron Hands\n|-damage|p1b: Iron Hands|0 fnt\n|faint|p1b: Iron Hands\n|-end|p1b: Iron Hands|Quark Drive|[silent]\n|\n|upkeep\n|\n|t:|1699215565\n|switch|p1a: Arcanine|Arcanine-Hisui, F, shiny|85\/100\n|switch|p1b: Chien-Pao|Chien-Pao|100\/100\n|-damage|p1b: Chien-Pao|76\/100|[from] Stealth Rock\n|-ability|p1b: Chien-Pao|Sword of Ruin\n|-damage|p1a: Arcanine|60\/100|[from] Stealth Rock\n|-ability|p1a: Arcanine|Intimidate|boost\n|-unboost|p2a: Landorus|atk|1\n|-unboost|p2b: Flutter Mane|atk|1\n|turn|13\n|\n|t:|1699215584\n|move|p1a: Arcanine|Extreme Speed|p2a: Landorus\n|-damage|p2a: Landorus|46\/100\n|move|p1b: Chien-Pao|Sucker Punch|p2a: Landorus\n|-damage|p2a: Landorus|0 fnt\n|faint|p2a: Landorus\n|move|p2b: Flutter Mane|Dazzling Gleam|p1b: Chien-Pao|[spread] p1a,p1b\n|-resisted|p1a: Arcanine\n|-supereffective|p1b: Chien-Pao\n|-damage|p1a: Arcanine|36\/100\n|-damage|p1b: Chien-Pao|0 fnt\n|faint|p1b: Chien-Pao\n|\n|upkeep\n|\n|t:|1699215589\n|switch|p1b: Ursaluna|Ursaluna, F, shiny, tera:Ghost|95\/100 brn\n|switch|p2a: Roaring Moon|Roaring Moon|18\/100\n|-damage|p1b: Ursaluna|83\/100 brn|[from] Stealth Rock\n|turn|14\n|\n|t:|1699215599\n|move|p2a: Roaring Moon|Protect|p2a: Roaring Moon\n|-singleturn|p2a: Roaring Moon|Protect\n|move|p1a: Arcanine|Extreme Speed|p2a: Roaring Moon\n|-activate|p2a: Roaring Moon|move: Protect\n|move|p2b: Flutter Mane|Dazzling Gleam|p1b: Ursaluna|[spread] p1a,p1b\n|-resisted|p1a: Arcanine\n|-damage|p1a: Arcanine|14\/100\n|-damage|p1b: Ursaluna|44\/100 brn\n|move|p1b: Ursaluna|Earthquake|p2a: Roaring Moon|[spread] p1a,p2b\n|-activate|p2a: Roaring Moon|move: Protect\n|-supereffective|p1a: Arcanine\n|-damage|p1a: Arcanine|0 fnt\n|-damage|p2b: Flutter Mane|0 fnt\n|faint|p1a: Arcanine\n|faint|p2b: Flutter Mane\n|-end|p2b: Flutter Mane|Protosynthesis|[silent]\n|\n|-damage|p1b: Ursaluna|38\/100 brn|[from] brn\n|upkeep\n|turn|15\n|\n|t:|1699215607\n|move|p2a: Roaring Moon|Knock Off|p1b: Ursaluna\n|-supereffective|p1b: Ursaluna\n|-damage|p1b: Ursaluna|0 fnt\n|-enditem|p1b: Ursaluna|Flame Orb|[from] move: Knock Off|[of] p2a: Roaring Moon\n|faint|p1b: Ursaluna\n|\n|win|eragon11145\n|c|\u2606eragon11145|gg\n|c|\u2606sempra|gg\n","uploadtime":1699215608,"views":75,"p1id":"sempra","p2id":"eragon11145","formatid":"gen9doublesou","rating":0,"private":0,"password":""}