{"id":"smogtours-gen9doublesou-732653","p1":"qsns","p2":"Tenzai","format":"[Gen 9] Doubles OU","log":"|inactive|Battle timer is ON: inactive players will automatically lose when time's up.\n|t:|1701018127\n|gametype|doubles\n|player|p1|qsns|#bssplviiidavesdragonairs|\n|player|p2|Tenzai|#scl3spartans2|\n|teamsize|p1|6\n|teamsize|p2|6\n|gen|9\n|tier|[Gen 9] Doubles OU\n|rule|Species Clause: Limit one of each Pok\u00e9mon\n|rule|OHKO Clause: OHKO moves are banned\n|rule|Evasion Moves Clause: Evasion moves are banned\n|rule|Gravity Sleep Clause: The combination of sleep-inducing moves with imperfect accuracy and Gravity or Gigantamax Orbeetle are banned\n|rule|Endless Battle Clause: Forcing endless battles is banned\n|rule|HP Percentage Mod: HP is shown in percentages\n|clearpoke\n|poke|p1|Kingambit, F|\n|poke|p1|Dragonite, M|\n|poke|p1|Chien-Pao|\n|poke|p1|Amoonguss, M|\n|poke|p1|Arcanine-Hisui, M|\n|poke|p1|Ogerpon-Wellspring, F|\n|poke|p2|Regidrago|\n|poke|p2|Manaphy|\n|poke|p2|Ogerpon-Hearthflame, F|\n|poke|p2|Tornadus, M|\n|poke|p2|Gholdengo|\n|poke|p2|Rillaboom, M|\n|teampreview\n|c|\u2606qsns|hf\n|c|\u2606Tenzai|hf\n|inactive|qsns has 270 seconds left.\n|inactive|Tenzai has 270 seconds left.\n|c|+Nails|gsns\n|c|+freezai|bom dia\n|c|+Alpha1013|bd\n|c|\u2606qsns|bd\n|inactive|qsns has 240 seconds left.\n|inactive|Tenzai has 240 seconds left.\n|raw|<div class=\"broadcast-red\"><strong>Moderated chat was set to \u2606!<\/strong><br \/>Only users of rank \u2606 and higher can talk.<\/div>\n|inactive|qsns has 210 seconds left.\n|inactive|Tenzai has 210 seconds left.\n|inactive|qsns has 180 seconds left.\n|\n|t:|1701018254\n|start\n|switch|p1a: ily2|Kingambit, F|100\/100\n|switch|p1b: Hamilton|Arcanine-Hisui, M|100\/100\n|switch|p2a: Tornadus|Tornadus, M|100\/100\n|switch|p2b: Gholdengo|Gholdengo|100\/100\n|-ability|p1b: Hamilton|Intimidate|boost\n|-unboost|p2a: Tornadus|atk|1\n|-unboost|p2b: Gholdengo|atk|1\n|turn|1\n|inactive|Tenzai has 270 seconds left.\n|inactive|Tenzai has 240 seconds left.\n|\n|t:|1701018297\n|switch|p2a: Ogerpon|Ogerpon-Hearthflame, F|100\/100\n|-ability|p2a: Ogerpon|Mold Breaker\n|move|p2b: Gholdengo|Protect|p2b: Gholdengo\n|-singleturn|p2b: Gholdengo|Protect\n|move|p1b: Hamilton|Stealth Rock|p2a: Ogerpon\n|-sidestart|p2: Tenzai|move: Stealth Rock\n|move|p1a: ily2|Kowtow Cleave|p2b: Gholdengo\n|-activate|p2b: Gholdengo|move: Protect\n|\n|upkeep\n|turn|2\n|inactive|qsns has 270 seconds left.\n|inactive|Tenzai has 240 seconds left.\n|\n|t:|1701018332\n|switch|p1a: HOWKINGS|Ogerpon-Wellspring, F|100\/100\n|move|p2a: Ogerpon|Spiky Shield|p2a: Ogerpon\n|-singleturn|p2a: Ogerpon|move: Protect\n|move|p1b: Hamilton|Flare Blitz|p2b: Gholdengo\n|-supereffective|p2b: Gholdengo\n|-damage|p2b: Gholdengo|0 fnt\n|faint|p2b: Gholdengo\n|-damage|p1b: Hamilton|66\/100|[from] Recoil\n|\n|upkeep\n|inactive|Tenzai has 240 seconds left.\n|\n|t:|1701018345\n|switch|p2b: Manaphy|Manaphy|100\/100\n|-damage|p2b: Manaphy|88\/100|[from] Stealth Rock\n|turn|3\n|inactive|qsns has 270 seconds left.\n|inactive|Tenzai has 240 seconds left.\n|inactive|qsns has 240 seconds left.\n|\n|t:|1701018383\n|move|p2a: Ogerpon|Follow Me|p2a: Ogerpon\n|-singleturn|p2a: Ogerpon|move: Follow Me\n|move|p1a: HOWKINGS|Ivy Cudgel|p2a: Ogerpon|[anim] Ivy Cudgel Water\n|-crit|p2a: Ogerpon\n|-damage|p2a: Ogerpon|12\/100\n|move|p1b: Hamilton|Rock Slide|p2a: Ogerpon|[spread] p2a,p2b\n|-supereffective|p2a: Ogerpon\n|-damage|p2a: Ogerpon|0 fnt\n|-damage|p2b: Manaphy|65\/100\n|faint|p2a: Ogerpon\n|move|p2b: Manaphy|Tail Glow|p2b: Manaphy\n|-boost|p2b: Manaphy|spa|3\n|\n|-heal|p2b: Manaphy|71\/100|[from] item: Leftovers\n|upkeep\n|inactive|Tenzai has 240 seconds left.\n|\n|t:|1701018395\n|switch|p2a: Tornadus|Tornadus, M|100\/100\n|-damage|p2a: Tornadus|75\/100|[from] Stealth Rock\n|turn|4\n|inactive|Tenzai has 240 seconds left.\n|inactive|qsns has 240 seconds left.\n|inactive|qsns has 210 seconds left.\n|\n|t:|1701018459\n|-terastallize|p1a: HOWKINGS|Water\n|detailschange|p1a: HOWKINGS|Ogerpon-Wellspring-Tera, F, tera:Water\n|-ability|p1a: HOWKINGS|Embody Aspect (Wellspring)|boost\n|-boost|p1a: HOWKINGS|spd|1\n|-terastallize|p2b: Manaphy|Poison\n|move|p2a: Tornadus|Tailwind|p2a: Tornadus\n|-sidestart|p2: Tenzai|move: Tailwind\n|move|p2b: Manaphy|Tera Blast|p1a: HOWKINGS|[anim] Tera Blast Poison\n|-damage|p1a: HOWKINGS|48\/100\n|move|p1a: HOWKINGS|Ivy Cudgel|p2b: Manaphy|[anim] Ivy Cudgel Water\n|-crit|p2b: Manaphy\n|-damage|p2b: Manaphy|0 fnt\n|faint|p2b: Manaphy\n|move|p1b: Hamilton|Rock Slide|p2a: Tornadus\n|-supereffective|p2a: Tornadus\n|-damage|p2a: Tornadus|0 fnt\n|faint|p2a: Tornadus\n|\n|upkeep\n|\n|t:|1701018474\n|switch|p2a: Rillaboom|Rillaboom, M|100\/100\n|switch|p2b: Regidrago|Regidrago|100\/100\n|-damage|p2b: Regidrago|88\/100|[from] Stealth Rock\n|-damage|p2a: Rillaboom|88\/100|[from] Stealth Rock\n|-fieldstart|move: Grassy Terrain|[from] ability: Grassy Surge|[of] p2a: Rillaboom\n|turn|5\n|inactive|qsns has 210 seconds left.\n|inactive|qsns has 180 seconds left.\n|inactive|qsns has 150 seconds left.\n|\n|t:|1701018577\n|move|p1a: HOWKINGS|Spiky Shield|p1a: HOWKINGS\n|-singleturn|p1a: HOWKINGS|move: Protect\n|move|p2b: Regidrago|Dragon Energy|p1b: Hamilton|[spread] p1b\n|-activate|p1a: HOWKINGS|move: Protect\n|-damage|p1b: Hamilton|0 fnt\n|faint|p1b: Hamilton\n|move|p2a: Rillaboom|High Horsepower|p1a: HOWKINGS\n|-activate|p1a: HOWKINGS|move: Protect\n|-damage|p2a: Rillaboom|76\/100|[from] Spiky Shield|[of] p1a: HOWKINGS\n|\n|-heal|p2b: Regidrago|94\/100|[from] Grassy Terrain\n|-heal|p2a: Rillaboom|82\/100|[from] Grassy Terrain\n|-heal|p1a: HOWKINGS|55\/100|[from] Grassy Terrain\n|upkeep\n|inactive|qsns has 120 seconds left.\n|\n|t:|1701018611\n|switch|p1b: ily2|Kingambit, F|100\/100\n|turn|6\n|inactive|Tenzai has 270 seconds left.\n|\n|t:|1701018633\n|move|p2b: Regidrago|Dragon Energy|p1b: ily2|[spread] p1a,p1b\n|-resisted|p1b: ily2\n|-damage|p1a: HOWKINGS|3\/100\n|-damage|p1b: ily2|77\/100\n|move|p2a: Rillaboom|Wood Hammer|p1a: HOWKINGS\n|-supereffective|p1a: HOWKINGS\n|-damage|p1a: HOWKINGS|0 fnt\n|faint|p1a: HOWKINGS\n|-damage|p2a: Rillaboom|81\/100|[from] Recoil\n|move|p1b: ily2|Kowtow Cleave|p2a: Rillaboom\n|-damage|p2a: Rillaboom|37\/100\n|\n|-heal|p2b: Regidrago|99\/100|[from] Grassy Terrain\n|-heal|p2a: Rillaboom|44\/100|[from] Grassy Terrain\n|-heal|p1b: ily2|83\/100|[from] Grassy Terrain\n|upkeep\n|inactive|qsns has 120 seconds left.\n|\n|t:|1701018660\n|switch|p1a: white roses|Chien-Pao|100\/100\n|-ability|p1a: white roses|Sword of Ruin\n|turn|7\n|inactive|qsns has 120 seconds left.\n|\n|t:|1701018696\n|move|p1a: white roses|Protect|p1a: white roses\n|-singleturn|p1a: white roses|Protect\n|move|p1b: ily2|Sucker Punch|p2b: Regidrago\n|-damage|p2b: Regidrago|37\/100\n|move|p2b: Regidrago|Dragon Energy|p1a: white roses|[spread] p1b\n|-activate|p1a: white roses|move: Protect\n|-resisted|p1b: ily2\n|-damage|p1b: ily2|73\/100\n|move|p2a: Rillaboom|High Horsepower|p1b: ily2|[miss]\n|-miss|p2a: Rillaboom|p1b: ily2\n|\n|-heal|p2b: Regidrago|44\/100|[from] Grassy Terrain\n|-heal|p2a: Rillaboom|50\/100|[from] Grassy Terrain\n|-heal|p1b: ily2|79\/100|[from] Grassy Terrain\n|-sideend|p2: Tenzai|move: Tailwind\n|upkeep\n|turn|8\n|\n|t:|1701018711\n|move|p1b: ily2|Sucker Punch|p2b: Regidrago\n|-damage|p2b: Regidrago|0 fnt\n|faint|p2b: Regidrago\n|move|p1a: white roses|Ice Spinner|p2a: Rillaboom\n|-supereffective|p2a: Rillaboom\n|-crit|p2a: Rillaboom\n|-damage|p2a: Rillaboom|0 fnt\n|-fieldend|move: Grassy Terrain\n|faint|p2a: Rillaboom\n|\n|win|qsns\n|c|\u2606Tenzai|gg\n|c|\u2606qsns|gg\n","uploadtime":1701018712,"views":139,"p1id":"qsns","p2id":"tenzai","formatid":"gen9doublesou","rating":0,"private":0,"password":""}