{"id":"smogtours-gen9doublesou-728468","p1":"F3rrari450","p2":"xqiht","format":"[Gen 9] Doubles OU","log":"|inactive|Battle timer is ON: inactive players will automatically lose when time's up.\n|t:|1699097304\n|gametype|doubles\n|player|p1|F3rrari450|sabi|\n|player|p2|xqiht|#scl3shoguns|\n|teamsize|p1|6\n|teamsize|p2|6\n|gen|9\n|tier|[Gen 9] Doubles OU\n|rule|Species Clause: Limit one of each Pok\u00e9mon\n|rule|OHKO Clause: OHKO moves are banned\n|rule|Evasion Moves Clause: Evasion moves are banned\n|rule|Gravity Sleep Clause: The combination of sleep-inducing moves with imperfect accuracy and Gravity or Gigantamax Orbeetle are banned\n|rule|Endless Battle Clause: Forcing endless battles is banned\n|rule|HP Percentage Mod: HP is shown in percentages\n|clearpoke\n|poke|p1|Roaring Moon|\n|poke|p1|Glimmora, M|\n|poke|p1|Volcanion|\n|poke|p1|Rillaboom, M|\n|poke|p1|Flutter Mane|\n|poke|p1|Landorus-Therian, M|\n|poke|p2|Wo-Chien|\n|poke|p2|Volcanion|\n|poke|p2|Ursaluna-Bloodmoon, M|\n|poke|p2|Indeedee-F, F|\n|poke|p2|Iron Hands|\n|poke|p2|Flutter Mane|\n|teampreview\n|c|\u2606F3rrari450|hf\n|c|\u2606xqiht|hf\n|inactive|xqiht has 270 seconds left.\n|inactive|F3rrari450 has 270 seconds left.\n|inactive|xqiht has 240 seconds left.\n|inactive|F3rrari450 has 240 seconds left.\n|\n|t:|1699097381\n|start\n|switch|p1a: Roaring Moon|Roaring Moon|100\/100\n|switch|p1b: Rillaboom|Rillaboom, M|100\/100\n|switch|p2a: Flutter Mane|Flutter Mane|100\/100\n|switch|p2b: Volcanion|Volcanion|100\/100\n|-fieldstart|move: Grassy Terrain|[from] ability: Grassy Surge|[of] p1b: Rillaboom\n|-enditem|p1a: Roaring Moon|Booster Energy\n|-activate|p1a: Roaring Moon|ability: Protosynthesis|[fromitem]\n|-start|p1a: Roaring Moon|protosynthesisspe\n|turn|1\n|inactive|F3rrari450 has 270 seconds left.\n|\n|t:|1699097417\n|-end|p2a: Flutter Mane|Protosynthesis|[silent]\n|switch|p2a: Wo-Chien|Wo-Chien|100\/100\n|-ability|p2a: Wo-Chien|Tablets of Ruin\n|move|p1b: Rillaboom|Grassy Glide|p2a: Wo-Chien\n|-resisted|p2a: Wo-Chien\n|-damage|p2a: Wo-Chien|90\/100\n|move|p1a: Roaring Moon|Knock Off|p2a: Wo-Chien\n|-resisted|p2a: Wo-Chien\n|-damage|p2a: Wo-Chien|76\/100\n|-enditem|p2a: Wo-Chien|Leftovers|[from] move: Knock Off|[of] p1a: Roaring Moon\n|move|p2b: Volcanion|Heat Wave|p1b: Rillaboom|[spread] p1a,p1b\n|-resisted|p1a: Roaring Moon\n|-supereffective|p1b: Rillaboom\n|-damage|p1a: Roaring Moon|81\/100\n|-damage|p1b: Rillaboom|16\/100\n|-enditem|p1b: Rillaboom|Sitrus Berry|[eat]\n|-heal|p1b: Rillaboom|40\/100|[from] item: Sitrus Berry\n|\n|-heal|p1a: Roaring Moon|87\/100|[from] Grassy Terrain\n|-heal|p1b: Rillaboom|47\/100|[from] Grassy Terrain\n|-heal|p2a: Wo-Chien|82\/100|[from] Grassy Terrain\n|upkeep\n|turn|2\n|inactive|F3rrari450 has 270 seconds left.\n|\n|t:|1699097444\n|move|p2a: Wo-Chien|Protect|p2a: Wo-Chien\n|-singleturn|p2a: Wo-Chien|Protect\n|move|p1a: Roaring Moon|Knock Off|p2b: Volcanion\n|-damage|p2b: Volcanion|68\/100\n|-enditem|p2b: Volcanion|Assault Vest|[from] move: Knock Off|[of] p1a: Roaring Moon\n|move|p1b: Rillaboom|U-turn|p2b: Volcanion\n|-resisted|p2b: Volcanion\n|-damage|p2b: Volcanion|62\/100\n|\n|t:|1699097454\n|switch|p1b: Volcanion|Volcanion|100\/100|[from] U-turn\n|move|p2b: Volcanion|Heat Wave|p1b: Volcanion|[spread] p1a,p1b\n|-resisted|p1a: Roaring Moon\n|-resisted|p1b: Volcanion\n|-damage|p1a: Roaring Moon|66\/100\n|-damage|p1b: Volcanion|91\/100\n|\n|-heal|p1a: Roaring Moon|72\/100|[from] Grassy Terrain\n|-heal|p1b: Volcanion|97\/100|[from] Grassy Terrain\n|-heal|p1b: Volcanion|100\/100|[from] item: Leftovers\n|-heal|p2a: Wo-Chien|88\/100|[from] Grassy Terrain\n|-heal|p2b: Volcanion|68\/100|[from] Grassy Terrain\n|upkeep\n|turn|3\n|inactive|F3rrari450 has 270 seconds left.\n|\n|t:|1699097484\n|-end|p1a: Roaring Moon|Protosynthesis|[silent]\n|switch|p1a: Rillaboom|Rillaboom, M|47\/100\n|-terastallize|p2a: Wo-Chien|Fire\n|move|p1b: Volcanion|Substitute|p1b: Volcanion\n|-start|p1b: Volcanion|Substitute\n|-damage|p1b: Volcanion|76\/100\n|move|p2a: Wo-Chien|Leech Seed|p1a: Rillaboom\n|-immune|p1a: Rillaboom\n|move|p2b: Volcanion|Earth Power|p1b: Volcanion\n|-supereffective|p1b: Volcanion\n|-end|p1b: Volcanion|Substitute\n|\n|-heal|p1a: Rillaboom|53\/100|[from] Grassy Terrain\n|-heal|p1b: Volcanion|82\/100|[from] Grassy Terrain\n|-heal|p1b: Volcanion|88\/100|[from] item: Leftovers\n|-heal|p2a: Wo-Chien|94\/100|[from] Grassy Terrain\n|-heal|p2b: Volcanion|74\/100|[from] Grassy Terrain\n|upkeep\n|turn|4\n|inactive|F3rrari450 has 270 seconds left.\n|inactive|xqiht has 270 seconds left.\n|\n|t:|1699097526\n|-terastallize|p1b: Volcanion|Fairy\n|move|p1a: Rillaboom|U-turn|p2b: Volcanion\n|-resisted|p2b: Volcanion\n|-damage|p2b: Volcanion|67\/100\n|\n|t:|1699097534\n|switch|p1a: Glimmora|Glimmora, M|100\/100|[from] U-turn\n|move|p1b: Volcanion|Substitute|p1b: Volcanion\n|-start|p1b: Volcanion|Substitute\n|-damage|p1b: Volcanion|63\/100\n|move|p2a: Wo-Chien|Ruination|p1b: Volcanion\n|-end|p1b: Volcanion|Substitute\n|move|p2b: Volcanion|Heat Wave|p1a: Glimmora|[spread] p1a,p1b\n|-resisted|p1a: Glimmora\n|-damage|p1a: Glimmora|72\/100\n|-damage|p1b: Volcanion|28\/100\n|\n|-heal|p1a: Glimmora|79\/100|[from] Grassy Terrain\n|-heal|p1b: Volcanion|34\/100|[from] Grassy Terrain\n|-heal|p1b: Volcanion|40\/100|[from] item: Leftovers\n|-heal|p2a: Wo-Chien|99\/100|[from] Grassy Terrain\n|-heal|p2b: Volcanion|73\/100|[from] Grassy Terrain\n|upkeep\n|turn|5\n|inactive|F3rrari450 has 270 seconds left.\n|inactive|xqiht has 270 seconds left.\n|\n|t:|1699097570\n|move|p1b: Volcanion|Protect|p1b: Volcanion\n|-singleturn|p1b: Volcanion|Protect\n|move|p1a: Glimmora|Earth Power|p2b: Volcanion\n|-supereffective|p2b: Volcanion\n|-damage|p2b: Volcanion|4\/100\n|move|p2a: Wo-Chien|Leech Seed|p1a: Glimmora\n|-start|p1a: Glimmora|move: Leech Seed\n|move|p2b: Volcanion|Sludge Bomb|p1b: Volcanion\n|-activate|p1b: Volcanion|move: Protect\n|\n|-heal|p1a: Glimmora|85\/100|[from] Grassy Terrain\n|-heal|p1b: Volcanion|47\/100|[from] Grassy Terrain\n|-heal|p1b: Volcanion|53\/100|[from] item: Leftovers\n|-heal|p2a: Wo-Chien|100\/100|[from] Grassy Terrain\n|-heal|p2b: Volcanion|10\/100|[from] Grassy Terrain\n|-damage|p1a: Glimmora|72\/100|[from] Leech Seed|[of] p2a: Wo-Chien\n|-fieldend|move: Grassy Terrain\n|upkeep\n|turn|6\n|inactive|xqiht has 270 seconds left.\n|inactive|F3rrari450 has 270 seconds left.\n|\n|t:|1699097606\n|move|p1a: Glimmora|Earth Power|p2b: Volcanion\n|-supereffective|p2b: Volcanion\n|-damage|p2b: Volcanion|0 fnt\n|faint|p2b: Volcanion\n|move|p1b: Volcanion|Steam Eruption|p2a: Wo-Chien\n|-supereffective|p2a: Wo-Chien\n|-damage|p2a: Wo-Chien|27\/100\n|move|p2a: Wo-Chien|Ruination|p1b: Volcanion\n|-damage|p1b: Volcanion|27\/100\n|\n|-heal|p1b: Volcanion|33\/100|[from] item: Leftovers\n|-damage|p1a: Glimmora|60\/100|[from] Leech Seed|[of] p2a: Wo-Chien\n|-heal|p2a: Wo-Chien|37\/100|[silent]\n|upkeep\n|\n|t:|1699097615\n|switch|p2b: Flutter Mane|Flutter Mane|100\/100\n|turn|7\n|\n|t:|1699097625\n|move|p1b: Volcanion|Protect|p1b: Volcanion\n|-singleturn|p1b: Volcanion|Protect\n|move|p2a: Wo-Chien|Protect|p2a: Wo-Chien\n|-singleturn|p2a: Wo-Chien|Protect\n|move|p2b: Flutter Mane|Shadow Ball|p1b: Volcanion\n|-activate|p1b: Volcanion|move: Protect\n|move|p1a: Glimmora|Sludge Bomb|p2b: Flutter Mane\n|-damage|p2b: Flutter Mane|54\/100\n|\n|-heal|p1b: Volcanion|39\/100|[from] item: Leftovers\n|-damage|p1a: Glimmora|48\/100|[from] Leech Seed|[of] p2a: Wo-Chien\n|-heal|p2a: Wo-Chien|47\/100|[silent]\n|upkeep\n|turn|8\n|inactive|F3rrari450 has 270 seconds left.\n|\n|t:|1699097658\n|switch|p1b: Rillaboom|Rillaboom, M|53\/100\n|-fieldstart|move: Grassy Terrain|[from] ability: Grassy Surge|[of] p1b: Rillaboom\n|move|p2b: Flutter Mane|Shadow Ball|p1b: Rillaboom\n|-damage|p1b: Rillaboom|0 fnt\n|faint|p1b: Rillaboom\n|move|p1a: Glimmora|Sludge Bomb|p2b: Flutter Mane\n|-damage|p2b: Flutter Mane|2\/100\n|move|p2a: Wo-Chien|Pollen Puff|p2b: Flutter Mane\n|-heal|p2b: Flutter Mane|52\/100\n|\n|-heal|p2b: Flutter Mane|58\/100|[from] Grassy Terrain\n|-heal|p1a: Glimmora|54\/100|[from] Grassy Terrain\n|-heal|p2a: Wo-Chien|53\/100|[from] Grassy Terrain\n|-damage|p1a: Glimmora|42\/100|[from] Leech Seed|[of] p2a: Wo-Chien\n|-heal|p2a: Wo-Chien|63\/100|[silent]\n|upkeep\n|inactive|F3rrari450 has 270 seconds left.\n|\n|t:|1699097667\n|switch|p1b: Landorus|Landorus-Therian, M|100\/100\n|-ability|p1b: Landorus|Intimidate|boost\n|-unboost|p2a: Wo-Chien|atk|1\n|-unboost|p2b: Flutter Mane|atk|1\n|turn|9\n|\n|t:|1699097680\n|-end|p2b: Flutter Mane|Protosynthesis|[silent]\n|switch|p2b: Ursaluna|Ursaluna-Bloodmoon, M|100\/100\n|switch|p1a: Volcanion|Volcanion, tera:Fairy|39\/100\n|move|p2a: Wo-Chien|Protect|p2a: Wo-Chien\n|-singleturn|p2a: Wo-Chien|Protect\n|move|p1b: Landorus|Stomping Tantrum|p2b: Ursaluna\n|-damage|p2b: Ursaluna|79\/100\n|\n|-heal|p1a: Volcanion|45\/100|[from] Grassy Terrain\n|-heal|p1a: Volcanion|51\/100|[from] item: Leftovers\n|-heal|p2a: Wo-Chien|69\/100|[from] Grassy Terrain\n|-heal|p2b: Ursaluna|85\/100|[from] Grassy Terrain\n|upkeep\n|turn|10\n|inactive|F3rrari450 has 270 seconds left.\n|\n|t:|1699097716\n|switch|p2a: Indeedee|Indeedee-F, F|100\/100\n|-fieldstart|move: Psychic Terrain|[from] ability: Psychic Surge|[of] p2a: Indeedee\n|-enditem|p2b: Ursaluna|Psychic Seed\n|-boost|p2b: Ursaluna|spd|1|[from] item: Psychic Seed\n|move|p1b: Landorus|Stomping Tantrum|p2b: Ursaluna\n|-damage|p2b: Ursaluna|53\/100\n|move|p1a: Volcanion|Steam Eruption|p2b: Ursaluna\n|-supereffective|p2b: Ursaluna\n|-damage|p2b: Ursaluna|0 fnt\n|faint|p2b: Ursaluna\n|\n|-heal|p1a: Volcanion|57\/100|[from] item: Leftovers\n|upkeep\n|\n|t:|1699097738\n|switch|p2b: Wo-Chien|Wo-Chien, tera:Fire|69\/100\n|-ability|p2b: Wo-Chien|Tablets of Ruin\n|turn|11\n|\n|t:|1699097748\n|move|p2b: Wo-Chien|Protect|p2b: Wo-Chien\n|-singleturn|p2b: Wo-Chien|Protect\n|move|p1b: Landorus|Stomping Tantrum|p2a: Indeedee\n|-damage|p2a: Indeedee|64\/100\n|move|p1a: Volcanion|Steam Eruption|p2a: Indeedee\n|-damage|p2a: Indeedee|11\/100\n|move|p2a: Indeedee|Trick Room|p2a: Indeedee\n|-fieldstart|move: Trick Room|[of] p2a: Indeedee\n|\n|-heal|p1a: Volcanion|63\/100|[from] item: Leftovers\n|upkeep\n|turn|12\n|inactive|xqiht has 270 seconds left.\n|\n|t:|1699097790\n|switch|p1b: Roaring Moon|Roaring Moon|72\/100\n|move|p1a: Volcanion|Protect|p1a: Volcanion\n|-singleturn|p1a: Volcanion|Protect\n|move|p2b: Wo-Chien|Ruination|p1b: Roaring Moon\n|-damage|p1b: Roaring Moon|36\/100\n|move|p2a: Indeedee|Psychic|p1b: Roaring Moon\n|-immune|p1b: Roaring Moon\n|\n|-heal|p1a: Volcanion|69\/100|[from] item: Leftovers\n|upkeep\n|turn|13\n|inactive|xqiht has 270 seconds left.\n|\n|t:|1699097812\n|switch|p1a: Glimmora|Glimmora, M|42\/100\n|move|p2b: Wo-Chien|Pollen Puff|p1b: Roaring Moon\n|-supereffective|p1b: Roaring Moon\n|-damage|p1b: Roaring Moon|0 fnt\n|faint|p1b: Roaring Moon\n|-end|p1b: Roaring Moon|Protosynthesis|[silent]\n|move|p2a: Indeedee|Psychic|p1a: Glimmora\n|-supereffective|p1a: Glimmora\n|-damage|p1a: Glimmora|0 fnt\n|faint|p1a: Glimmora\n|\n|upkeep\n|\n|t:|1699097819\n|switch|p1a: Volcanion|Volcanion, tera:Fairy|69\/100\n|switch|p1b: Flutter Mane|Flutter Mane|100\/100\n|turn|14\n|inactive|xqiht has 270 seconds left.\n|\n|t:|1699097849\n|move|p2b: Wo-Chien|Ruination|p1b: Flutter Mane\n|-damage|p1b: Flutter Mane|51\/100\n|move|p1a: Volcanion|Heat Wave|p2a: Indeedee|[spread] p2a,p2b\n|-resisted|p2b: Wo-Chien\n|-damage|p2a: Indeedee|0 fnt\n|-damage|p2b: Wo-Chien|59\/100\n|faint|p2a: Indeedee\n|move|p1b: Flutter Mane|Shadow Ball|p2b: Wo-Chien\n|-damage|p2b: Wo-Chien|25\/100\n|\n|-heal|p1a: Volcanion|75\/100|[from] item: Leftovers\n|-fieldend|move: Psychic Terrain\n|upkeep\n|inactive|xqiht has 270 seconds left.\n|\n|t:|1699097860\n|switch|p2a: Iron Hands|Iron Hands|100\/100\n|turn|15\n|inactive|xqiht has 270 seconds left.\n|inactive|F3rrari450 has 270 seconds left.\n|\n|t:|1699097897\n|move|p1a: Volcanion|Protect|p1a: Volcanion\n|-singleturn|p1a: Volcanion|Protect\n|move|p2a: Iron Hands|Swords Dance|p2a: Iron Hands\n|-boost|p2a: Iron Hands|atk|2\n|move|p2b: Wo-Chien|Leech Seed|p1b: Flutter Mane\n|-start|p1b: Flutter Mane|move: Leech Seed\n|move|p1b: Flutter Mane|Shadow Ball|p2a: Iron Hands\n|-damage|p2a: Iron Hands|62\/100\n|-unboost|p2a: Iron Hands|spd|1\n|\n|-heal|p1a: Volcanion|81\/100|[from] item: Leftovers\n|-damage|p1b: Flutter Mane|38\/100|[from] Leech Seed|[of] p2b: Wo-Chien\n|-heal|p2b: Wo-Chien|35\/100|[silent]\n|-fieldend|move: Trick Room\n|upkeep\n|turn|16\n|inactive|xqiht has 270 seconds left.\n|\n|t:|1699097933\n|move|p2a: Iron Hands|Protect|p2a: Iron Hands\n|-singleturn|p2a: Iron Hands|Protect\n|move|p1b: Flutter Mane|Shadow Ball|p2a: Iron Hands\n|-activate|p2a: Iron Hands|move: Protect\n|move|p1a: Volcanion|Steam Eruption|p2a: Iron Hands\n|-activate|p2a: Iron Hands|move: Protect\n|move|p2b: Wo-Chien|Ruination|p1a: Volcanion\n|-damage|p1a: Volcanion|41\/100\n|\n|-heal|p1a: Volcanion|47\/100|[from] item: Leftovers\n|-damage|p1b: Flutter Mane|26\/100|[from] Leech Seed|[of] p2b: Wo-Chien\n|-heal|p2b: Wo-Chien|45\/100|[silent]\n|upkeep\n|turn|17\n|inactive|xqiht has 270 seconds left.\n|\n|t:|1699097949\n|move|p1b: Flutter Mane|Shadow Ball|p2a: Iron Hands\n|-damage|p2a: Iron Hands|5\/100\n|move|p1a: Volcanion|Steam Eruption|p2a: Iron Hands\n|-damage|p2a: Iron Hands|0 fnt\n|faint|p2a: Iron Hands\n|-end|p2a: Iron Hands|Quark Drive|[silent]\n|move|p2b: Wo-Chien|Leech Seed|p1a: Volcanion\n|-start|p1a: Volcanion|move: Leech Seed\n|\n|-heal|p1a: Volcanion|53\/100|[from] item: Leftovers\n|-damage|p1b: Flutter Mane|13\/100|[from] Leech Seed|[of] p2b: Wo-Chien\n|-heal|p2b: Wo-Chien|56\/100|[silent]\n|-damage|p1a: Volcanion|41\/100|[from] Leech Seed|[of] p2b: Wo-Chien\n|-heal|p2b: Wo-Chien|68\/100|[silent]\n|upkeep\n|\n|t:|1699097954\n|switch|p2a: Flutter Mane|Flutter Mane|58\/100\n|turn|18\n|\n|t:|1699097963\n|move|p1a: Volcanion|Protect|p1a: Volcanion\n|-singleturn|p1a: Volcanion|Protect\n|move|p2a: Flutter Mane|Dazzling Gleam|p1a: Volcanion|[spread] p1b\n|-activate|p1a: Volcanion|move: Protect\n|-damage|p1b: Flutter Mane|0 fnt\n|faint|p1b: Flutter Mane\n|-end|p1b: Flutter Mane|Protosynthesis|[silent]\n|move|p2b: Wo-Chien|Pollen Puff|p1a: Volcanion\n|-activate|p1a: Volcanion|move: Protect\n|\n|-heal|p1a: Volcanion|47\/100|[from] item: Leftovers\n|-damage|p1a: Volcanion|34\/100|[from] Leech Seed|[of] p2b: Wo-Chien\n|-heal|p2b: Wo-Chien|80\/100|[silent]\n|upkeep\n|\n|t:|1699097968\n|switch|p1b: Landorus|Landorus-Therian, M|100\/100\n|-ability|p1b: Landorus|Intimidate|boost\n|-unboost|p2a: Flutter Mane|atk|1\n|-unboost|p2b: Wo-Chien|atk|1\n|turn|19\n|\n|t:|1699097974\n|move|p1b: Landorus|Stomping Tantrum|p2a: Flutter Mane\n|-damage|p2a: Flutter Mane|0 fnt\n|faint|p2a: Flutter Mane\n|-end|p2a: Flutter Mane|Protosynthesis|[silent]\n|move|p1a: Volcanion|Steam Eruption|p2b: Wo-Chien\n|-supereffective|p2b: Wo-Chien\n|-damage|p2b: Wo-Chien|16\/100\n|move|p2b: Wo-Chien|Leech Seed|p1b: Landorus\n|-start|p1b: Landorus|move: Leech Seed\n|\n|-heal|p1a: Volcanion|40\/100|[from] item: Leftovers\n|-damage|p1b: Landorus|88\/100|[from] Leech Seed|[of] p2b: Wo-Chien\n|-heal|p2b: Wo-Chien|26\/100|[silent]\n|-damage|p1a: Volcanion|28\/100|[from] Leech Seed|[of] p2b: Wo-Chien\n|-heal|p2b: Wo-Chien|38\/100|[silent]\n|upkeep\n|turn|20\n|\n|t:|1699097982\n|move|p2b: Wo-Chien|Protect|p2b: Wo-Chien\n|-singleturn|p2b: Wo-Chien|Protect\n|move|p1b: Landorus|Stomping Tantrum|p2b: Wo-Chien\n|-activate|p2b: Wo-Chien|move: Protect\n|move|p1a: Volcanion|Steam Eruption|p2b: Wo-Chien\n|-activate|p2b: Wo-Chien|move: Protect\n|\n|-heal|p1a: Volcanion|34\/100|[from] item: Leftovers\n|-damage|p1b: Landorus|76\/100|[from] Leech Seed|[of] p2b: Wo-Chien\n|-heal|p2b: Wo-Chien|49\/100|[silent]\n|-damage|p1a: Volcanion|22\/100|[from] Leech Seed|[of] p2b: Wo-Chien\n|-heal|p2b: Wo-Chien|61\/100|[silent]\n|upkeep\n|turn|21\n|c|\u2606xqiht|gg\n|\n|t:|1699097990\n|move|p2b: Wo-Chien|Protect||[still]\n|-fail|p2b: Wo-Chien\n|move|p1b: Landorus|Stomping Tantrum|p2b: Wo-Chien\n|-supereffective|p2b: Wo-Chien\n|-damage|p2b: Wo-Chien|9\/100\n|move|p1a: Volcanion|Steam Eruption|p2b: Wo-Chien\n|-supereffective|p2b: Wo-Chien\n|-damage|p2b: Wo-Chien|0 fnt\n|faint|p2b: Wo-Chien\n|\n|win|F3rrari450\n|c|\u2606F3rrari450|gg\n|player|p1|F3rrari450|sabi\n","uploadtime":1699098000,"views":232,"p1id":"f3rrari450","p2id":"xqiht","formatid":"gen9doublesou","rating":0,"private":0,"password":""}