{"id":"smogtours-gen9doublesou-729286","p1":"Metallica126","p2":"ratpacker","format":"[Gen 9] Doubles OU","log":"|inactive|Battle timer is ON: inactive players will automatically lose when time's up.\n|t:|1699276510\n|gametype|doubles\n|player|p1|Metallica126|caitlin|\n|player|p2|ratpacker|twins|\n|teamsize|p1|6\n|teamsize|p2|6\n|gen|9\n|tier|[Gen 9] Doubles OU\n|rule|Species Clause: Limit one of each Pok\u00e9mon\n|rule|OHKO Clause: OHKO moves are banned\n|rule|Evasion Moves Clause: Evasion moves are banned\n|rule|Gravity Sleep Clause: The combination of sleep-inducing moves with imperfect accuracy and Gravity or Gigantamax Orbeetle are banned\n|rule|Endless Battle Clause: Forcing endless battles is banned\n|rule|HP Percentage Mod: HP is shown in percentages\n|clearpoke\n|poke|p1|Cresselia, F|\n|poke|p1|Glastrier|\n|poke|p1|Iron Hands|\n|poke|p1|Flutter Mane|\n|poke|p1|Heatran, M|\n|poke|p1|Basculegion-F, F|\n|poke|p2|Heatran, M|\n|poke|p2|Ogerpon-Wellspring, F|\n|poke|p2|Landorus-Therian, M|\n|poke|p2|Amoonguss, F|\n|poke|p2|Iron Hands|\n|poke|p2|Chien-Pao|\n|teampreview\n|c|\u2606Metallica126|hf\n|c|\u2606ratpacker|hf\n|inactive|Metallica126 has 270 seconds left.\n|inactive|ratpacker has 270 seconds left.\n|\n|t:|1699276558\n|start\n|switch|p1a: Iron Hands|Iron Hands|100\/100\n|switch|p1b: Cresselia|Cresselia, F|100\/100\n|switch|p2a: TWILIGHT TOWN|Heatran, M|100\/100\n|switch|p2b: TWE27YSEVEN|Ogerpon-Wellspring, F|100\/100\n|turn|1\n|\n|t:|1699276572\n|move|p2b: TWE27YSEVEN|Spikes|p1a: Iron Hands\n|-sidestart|p1: Metallica126|Spikes\n|move|p2a: TWILIGHT TOWN|Stealth Rock|p1a: Iron Hands\n|-sidestart|p1: Metallica126|move: Stealth Rock\n|move|p1a: Iron Hands|Close Combat|p2a: TWILIGHT TOWN\n|-supereffective|p2a: TWILIGHT TOWN\n|-damage|p2a: TWILIGHT TOWN|0 fnt\n|-unboost|p1a: Iron Hands|def|1\n|-unboost|p1a: Iron Hands|spd|1\n|faint|p2a: TWILIGHT TOWN\n|move|p1b: Cresselia|Trick Room|p1b: Cresselia\n|-fieldstart|move: Trick Room|[of] p1b: Cresselia\n|\n|upkeep\n|\n|t:|1699276583\n|switch|p2a: NEW TOMORROW|Landorus-Therian, M|100\/100\n|-ability|p2a: NEW TOMORROW|Intimidate|boost\n|-unboost|p1a: Iron Hands|atk|1\n|-unboost|p1b: Cresselia|atk|1\n|turn|2\n|\n|t:|1699276595\n|move|p1b: Cresselia|Ally Switch|p1b: Cresselia\n|swap|p1b: Cresselia|0|[from] move: Ally Switch\n|move|p1b: Iron Hands|Close Combat|p2b: TWE27YSEVEN\n|-damage|p2b: TWE27YSEVEN|46\/100\n|-unboost|p1b: Iron Hands|def|1\n|-unboost|p1b: Iron Hands|spd|1\n|move|p2b: TWE27YSEVEN|Spikes|p1b: Iron Hands\n|-sidestart|p1: Metallica126|Spikes\n|move|p2a: NEW TOMORROW|U-turn|p1b: Iron Hands\n|-resisted|p1b: Iron Hands\n|-damage|p1b: Iron Hands|80\/100\n|\n|t:|1699276601\n|switch|p2a: OBLIVION CITY|Amoonguss, F|100\/100|[from] U-turn\n|\n|upkeep\n|turn|3\n|inactive|Metallica126 has 270 seconds left.\n|\n|t:|1699276637\n|move|p2a: OBLIVION CITY|Pollen Puff|p2b: TWE27YSEVEN\n|-heal|p2b: TWE27YSEVEN|96\/100\n|move|p1b: Iron Hands|Close Combat|p2b: TWE27YSEVEN\n|-damage|p2b: TWE27YSEVEN|43\/100\n|-unboost|p1b: Iron Hands|def|1\n|-unboost|p1b: Iron Hands|spd|1\n|move|p1a: Cresselia|Psychic|p2a: OBLIVION CITY\n|-supereffective|p2a: OBLIVION CITY\n|-damage|p2a: OBLIVION CITY|57\/100\n|move|p2b: TWE27YSEVEN|Ivy Cudgel|p1b: Iron Hands\n|-damage|p1b: Iron Hands|0 fnt\n|faint|p1b: Iron Hands\n|-end|p1b: Iron Hands|Quark Drive|[silent]\n|\n|upkeep\n|\n|t:|1699276641\n|switch|p1b: Oguri Cap|Glastrier|100\/100\n|-damage|p1b: Oguri Cap|84\/100|[from] Spikes\n|-damage|p1b: Oguri Cap|59\/100|[from] Stealth Rock\n|turn|4\n|inactive|ratpacker has 270 seconds left.\n|\n|t:|1699276672\n|switch|p2a: GIANT IN THE SKY|Iron Hands|100\/100\n|move|p2b: TWE27YSEVEN|Spiky Shield|p2b: TWE27YSEVEN\n|-singleturn|p2b: TWE27YSEVEN|move: Protect\n|move|p1b: Oguri Cap|Icicle Crash|p2a: GIANT IN THE SKY\n|-damage|p2a: GIANT IN THE SKY|63\/100\n|move|p1a: Cresselia|Lunar Blessing|p1a: Cresselia|[spread] p1a,p1b\n|-heal|p1b: Oguri Cap|84\/100\n|\n|upkeep\n|turn|5\n|\n|t:|1699276691\n|switch|p2b: WAVE MOTION|Chien-Pao|100\/100\n|-ability|p2b: WAVE MOTION|Sword of Ruin\n|move|p2a: GIANT IN THE SKY|Fake Out|p1b: Oguri Cap\n|-damage|p1b: Oguri Cap|70\/100\n|cant|p1b: Oguri Cap|flinch\n|move|p1a: Cresselia|Psychic|p2a: GIANT IN THE SKY\n|-supereffective|p2a: GIANT IN THE SKY\n|-damage|p2a: GIANT IN THE SKY|39\/100\n|\n|-fieldend|move: Trick Room\n|upkeep\n|turn|6\n|inactive|Metallica126 has 270 seconds left.\n|inactive|ratpacker has 270 seconds left.\n|\n|t:|1699276737\n|move|p1b: Oguri Cap|Protect|p1b: Oguri Cap\n|-singleturn|p1b: Oguri Cap|Protect\n|move|p2b: WAVE MOTION|Lash Out|p1a: Cresselia\n|-supereffective|p1a: Cresselia\n|-damage|p1a: Cresselia|19\/100\n|-damage|p2b: WAVE MOTION|91\/100|[from] item: Life Orb\n|move|p2a: GIANT IN THE SKY|Heavy Slam|p1a: Cresselia\n|-damage|p1a: Cresselia|0 fnt\n|faint|p1a: Cresselia\n|\n|upkeep\n|\n|t:|1699276746\n|switch|p1a: Basculegion|Basculegion-F, F|100\/100\n|-damage|p1a: Basculegion|84\/100|[from] Spikes\n|-damage|p1a: Basculegion|72\/100|[from] Stealth Rock\n|turn|7\n|\n|t:|1699276761\n|-terastallize|p2b: WAVE MOTION|Dark\n|move|p2b: WAVE MOTION|Sucker Punch|p1a: Basculegion\n|-supereffective|p1a: Basculegion\n|-damage|p1a: Basculegion|0 fnt\n|faint|p1a: Basculegion\n|-damage|p2b: WAVE MOTION|81\/100|[from] item: Life Orb\n|move|p2a: GIANT IN THE SKY|Drain Punch|p1b: Oguri Cap\n|-supereffective|p1b: Oguri Cap\n|-damage|p1b: Oguri Cap|0 fnt\n|-heal|p2a: GIANT IN THE SKY|70\/100|[from] drain|[of] p1b: Oguri Cap\n|faint|p1b: Oguri Cap\n|\n|upkeep\n|\n|t:|1699276764\n|switch|p1a: Flutter Mane|Flutter Mane|100\/100\n|switch|p1b: Heatran|Heatran, M|100\/100\n|-damage|p1a: Flutter Mane|84\/100|[from] Spikes\n|-damage|p1a: Flutter Mane|71\/100|[from] Stealth Rock\n|-damage|p1b: Heatran|84\/100|[from] Spikes\n|-damage|p1b: Heatran|71\/100|[from] Stealth Rock\n|turn|8\n|inactive|ratpacker has 270 seconds left.\n|\n|t:|1699276796\n|-end|p2a: GIANT IN THE SKY|Quark Drive|[silent]\n|switch|p2a: TWE27YSEVEN|Ogerpon-Wellspring, F|43\/100\n|-terastallize|p1a: Flutter Mane|Fairy\n|move|p2b: WAVE MOTION|Protect|p2b: WAVE MOTION\n|-singleturn|p2b: WAVE MOTION|Protect\n|move|p1a: Flutter Mane|Dazzling Gleam|p2b: WAVE MOTION|[spread] p2a\n|-activate|p2b: WAVE MOTION|move: Protect\n|-damage|p2a: TWE27YSEVEN|0 fnt\n|faint|p2a: TWE27YSEVEN\n|move|p1b: Heatran|Heat Wave|p2b: WAVE MOTION\n|-activate|p2b: WAVE MOTION|move: Protect\n|\n|upkeep\n|inactive|ratpacker has 270 seconds left.\n|\n|t:|1699276811\n|switch|p2a: NEW TOMORROW|Landorus-Therian, M|100\/100\n|-ability|p2a: NEW TOMORROW|Intimidate|boost\n|-unboost|p1a: Flutter Mane|atk|1\n|-unboost|p1b: Heatran|atk|1\n|turn|9\n|\n|t:|1699276817\n|move|p2a: NEW TOMORROW|Stomping Tantrum|p1a: Flutter Mane\n|-damage|p1a: Flutter Mane|0 fnt\n|faint|p1a: Flutter Mane\n|-end|p1a: Flutter Mane|Protosynthesis|[silent]\n|move|p2b: WAVE MOTION|Lash Out|p1b: Heatran\n|-damage|p1b: Heatran|0 fnt\n|faint|p1b: Heatran\n|-damage|p2b: WAVE MOTION|71\/100|[from] item: Life Orb\n|\n|win|ratpacker\n|c|\u2606Metallica126|gg\n|c|\u2606ratpacker|gg\n|player|p1|Metallica126|caitlin\n|player|p1|\n","uploadtime":1699276818,"views":179,"p1id":"metallica126","p2id":"ratpacker","formatid":"gen9doublesou","rating":0,"private":0,"password":""}