{"id":"smogtours-gen9doublesou-727716","p1":"Eragon11145","p2":"Akaru Kokuyo\u3075\u308f","format":"[Gen 9] Doubles OU","log":"|inactive|Battle timer is ON: inactive players will automatically lose when time's up.\n|t:|1698620577\n|gametype|doubles\n|player|p1|Eragon11145|#dwcopiii|\n|player|p2|Akaru Kokuyo\u3075\u308f|#scl3foxes|\n|teamsize|p1|6\n|teamsize|p2|6\n|gen|9\n|tier|[Gen 9] Doubles OU\n|rule|Species Clause: Limit one of each Pok\u00e9mon\n|rule|OHKO Clause: OHKO moves are banned\n|rule|Evasion Moves Clause: Evasion moves are banned\n|rule|Gravity Sleep Clause: The combination of sleep-inducing moves with imperfect accuracy and Gravity or Gigantamax Orbeetle are banned\n|rule|Endless Battle Clause: Forcing endless battles is banned\n|rule|HP Percentage Mod: HP is shown in percentages\n|clearpoke\n|poke|p1|Ogerpon-Wellspring, F|\n|poke|p1|Gholdengo|\n|poke|p1|Iron Hands|\n|poke|p1|Chi-Yu|\n|poke|p1|Tornadus, M|\n|poke|p1|Landorus-Therian, M|\n|poke|p2|Okidogi, M|\n|poke|p2|Arcanine-Hisui, M|\n|poke|p2|Ogerpon-Wellspring, F|\n|poke|p2|Flutter Mane|\n|poke|p2|Chien-Pao|\n|poke|p2|Tornadus, M|\n|teampreview\n|inactive|Eragon11145 also wants the timer to be on.\n|c|\u2606Akaru Kokuyo\u3075\u308f|Glhf\n|c|\u2606Eragon11145|u2\n|inactive|Eragon11145 has 270 seconds left.\n|inactive|Akaru Kokuyo\u3075\u308f has 270 seconds left.\n|inactive|Eragon11145 has 240 seconds left.\n|inactive|Akaru Kokuyo\u3075\u308f has 240 seconds left.\n|\n|t:|1698620656\n|start\n|switch|p1a: Chi-Yu|Chi-Yu|100\/100\n|switch|p1b: Iron Hands|Iron Hands|100\/100\n|switch|p2a: Flutter Mane|Flutter Mane|100\/100\n|switch|p2b: Okidogi|Okidogi, M|100\/100\n|-ability|p1a: Chi-Yu|Beads of Ruin\n|-enditem|p2a: Flutter Mane|Booster Energy\n|-activate|p2a: Flutter Mane|ability: Protosynthesis|[fromitem]\n|-start|p2a: Flutter Mane|protosynthesisspe\n|turn|1\n|inactive|Eragon11145 has 270 seconds left.\n|\n|t:|1698620696\n|switch|p1a: Gholdengo|Gholdengo|100\/100\n|move|p2a: Flutter Mane|Protect|p2a: Flutter Mane\n|-singleturn|p2a: Flutter Mane|Protect\n|move|p2b: Okidogi|Protect|p2b: Okidogi\n|-singleturn|p2b: Okidogi|Protect\n|move|p1b: Iron Hands|Heavy Slam|p2a: Flutter Mane\n|-activate|p2a: Flutter Mane|move: Protect\n|\n|upkeep\n|turn|2\n|inactive|Eragon11145 has 270 seconds left.\n|\n|t:|1698620723\n|-end|p2a: Flutter Mane|Protosynthesis|[silent]\n|switch|p2a: Tornadus|Tornadus, M|100\/100\n|switch|p2b: Arcanine|Arcanine-Hisui, M|100\/100\n|-ability|p2b: Arcanine|Intimidate|boost\n|-unboost|p1a: Gholdengo|atk|1\n|-unboost|p1b: Iron Hands|atk|1\n|move|p1a: Gholdengo|Protect|p1a: Gholdengo\n|-singleturn|p1a: Gholdengo|Protect\n|move|p1b: Iron Hands|Heavy Slam|p2a: Tornadus\n|-damage|p2a: Tornadus|65\/100\n|\n|upkeep\n|turn|3\n|\n|t:|1698620736\n|switch|p2b: Okidogi|Okidogi, M|100\/100\n|switch|p1a: Landorus|Landorus-Therian, M|100\/100\n|-ability|p1a: Landorus|Intimidate|boost\n|-unboost|p2a: Tornadus|atk|1\n|-ability|p2b: Okidogi|Guard Dog|boost\n|-boost|p2b: Okidogi|atk|1\n|move|p2a: Tornadus|Bleakwind Storm|p1b: Iron Hands|[spread] p1a,p1b\n|-damage|p1a: Landorus|58\/100\n|-damage|p1b: Iron Hands|85\/100\n|-unboost|p1b: Iron Hands|spe|1\n|move|p1b: Iron Hands|Wild Charge|p2a: Tornadus\n|-supereffective|p2a: Tornadus\n|-damage|p2a: Tornadus|0 fnt\n|faint|p2a: Tornadus\n|-damage|p1b: Iron Hands|73\/100|[from] Recoil\n|\n|upkeep\n|inactive|Akaru Kokuyo\u3075\u308f has 270 seconds left.\n|c|+Fakee|soy kakaru\n|c|+acii|go eragon\n|inactive|Akaru Kokuyo\u3075\u308f has 240 seconds left.\n|c|+edgar|go eragon\n|inactive|Akaru Kokuyo\u3075\u308f has 210 seconds left.\n|inactive|Akaru Kokuyo\u3075\u308f has 180 seconds left.\n|\n|t:|1698620856\n|switch|p2a: Flutter Mane|Flutter Mane|100\/100\n|turn|4\n|inactive|Akaru Kokuyo\u3075\u308f has 180 seconds left.\n|inactive|Akaru Kokuyo\u3075\u308f has 150 seconds left.\n|inactive|Eragon11145 has 270 seconds left.\n|\n|t:|1698620933\n|-end|p1b: Iron Hands|Quark Drive|[silent]\n|switch|p1b: Gholdengo|Gholdengo|100\/100\n|-terastallize|p1a: Landorus|Flying\n|move|p1a: Landorus|Tera Blast|p2b: Okidogi|[anim] Tera Blast Flying\n|-supereffective|p2b: Okidogi\n|-damage|p2b: Okidogi|1\/100\n|move|p2a: Flutter Mane|Moonblast|p1b: Gholdengo\n|-resisted|p1b: Gholdengo\n|-damage|p1b: Gholdengo|79\/100\n|move|p2b: Okidogi|Drain Punch|p1b: Gholdengo\n|-immune|p1b: Gholdengo\n|\n|-heal|p1b: Gholdengo|85\/100|[from] item: Leftovers\n|-heal|p2b: Okidogi|7\/100|[from] item: Leftovers\n|upkeep\n|turn|5\n|inactive|Eragon11145 has 270 seconds left.\n|inactive|Akaru Kokuyo\u3075\u308f has 150 seconds left.\n|inactive|Eragon11145 has 240 seconds left.\n|inactive|Akaru Kokuyo\u3075\u308f has 120 seconds left.\n|inactive|Eragon11145 has 210 seconds left.\n|\n|t:|1698621014\n|switch|p2b: Arcanine|Arcanine-Hisui, M|100\/100\n|-ability|p2b: Arcanine|Intimidate|boost\n|-unboost|p1a: Landorus|atk|1\n|-unboost|p1b: Gholdengo|atk|1\n|move|p1b: Gholdengo|Protect|p1b: Gholdengo\n|-singleturn|p1b: Gholdengo|Protect\n|move|p1a: Landorus|Tera Blast|p2a: Flutter Mane|[anim] Tera Blast Flying\n|-damage|p2a: Flutter Mane|32\/100\n|move|p2a: Flutter Mane|Shadow Ball|p1b: Gholdengo\n|-activate|p1b: Gholdengo|move: Protect\n|\n|-heal|p1b: Gholdengo|92\/100|[from] item: Leftovers\n|upkeep\n|turn|6\n|inactive|Eragon11145 has 210 seconds left.\n|inactive|Eragon11145 has 180 seconds left.\n|\n|t:|1698621076\n|switch|p1a: Iron Hands|Iron Hands|73\/100\n|move|p2a: Flutter Mane|Protect|p2a: Flutter Mane\n|-singleturn|p2a: Flutter Mane|Protect\n|move|p2b: Arcanine|Flare Blitz|p1a: Iron Hands\n|-damage|p1a: Iron Hands|29\/100\n|-damage|p2b: Arcanine|82\/100|[from] Recoil\n|move|p1b: Gholdengo|Make It Rain|p2a: Flutter Mane|[spread] p2b\n|-activate|p2a: Flutter Mane|move: Protect\n|-damage|p2b: Arcanine|49\/100\n|-unboost|p1b: Gholdengo|spa|1\n|\n|-heal|p1b: Gholdengo|98\/100|[from] item: Leftovers\n|upkeep\n|turn|7\n|inactive|Akaru Kokuyo\u3075\u308f has 150 seconds left.\n|inactive|Eragon11145 has 180 seconds left.\n|\n|t:|1698621099\n|switch|p2b: Okidogi|Okidogi, M|7\/100\n|move|p1a: Iron Hands|Fake Out|p2b: Okidogi\n|-damage|p2b: Okidogi|0 fnt\n|faint|p2b: Okidogi\n|move|p2a: Flutter Mane|Moonblast|p1a: Iron Hands\n|-supereffective|p1a: Iron Hands\n|-damage|p1a: Iron Hands|0 fnt\n|faint|p1a: Iron Hands\n|-end|p1a: Iron Hands|Quark Drive|[silent]\n|move|p1b: Gholdengo|Make It Rain|p2a: Flutter Mane\n|-supereffective|p2a: Flutter Mane\n|-damage|p2a: Flutter Mane|0 fnt\n|-unboost|p1b: Gholdengo|spa|1\n|faint|p2a: Flutter Mane\n|-end|p2a: Flutter Mane|Protosynthesis|[silent]\n|\n|-heal|p1b: Gholdengo|100\/100|[from] item: Leftovers\n|upkeep\n|inactive|Akaru Kokuyo\u3075\u308f has 150 seconds left.\n|inactive|Eragon11145 has 180 seconds left.\n|\n|t:|1698621129\n|switch|p2a: Chien-Pao|Chien-Pao|100\/100\n|switch|p2b: Ogerpon|Ogerpon-Wellspring, F|100\/100\n|switch|p1a: Tornadus|Tornadus, M|100\/100\n|-ability|p2a: Chien-Pao|Sword of Ruin\n|turn|8\n|\n|t:|1698621148\n|move|p1a: Tornadus|Protect|p1a: Tornadus\n|-singleturn|p1a: Tornadus|Protect\n|move|p2a: Chien-Pao|Ice Spinner|p1a: Tornadus\n|-activate|p1a: Tornadus|move: Protect\n|move|p2b: Ogerpon|Ivy Cudgel|p1b: Gholdengo\n|-damage|p1b: Gholdengo|38\/100\n|move|p1b: Gholdengo|Make It Rain|p2a: Chien-Pao|[spread] p2a,p2b\n|-supereffective|p2a: Chien-Pao\n|-resisted|p2b: Ogerpon\n|-damage|p2a: Chien-Pao|29\/100\n|-damage|p2b: Ogerpon|90\/100\n|-unboost|p1b: Gholdengo|spa|1\n|\n|-heal|p1b: Gholdengo|45\/100|[from] item: Leftovers\n|upkeep\n|turn|9\n|\n|t:|1698621172\n|switch|p1b: Ogerpon|Ogerpon-Wellspring, F|100\/100\n|move|p2a: Chien-Pao|Sucker Punch||[still]\n|-fail|p2a: Chien-Pao\n|move|p1a: Tornadus|Tailwind|p1a: Tornadus\n|-sidestart|p1: Eragon11145|move: Tailwind\n|move|p2b: Ogerpon|Ivy Cudgel|p1a: Tornadus\n|-damage|p1a: Tornadus|0 fnt\n|faint|p1a: Tornadus\n|\n|upkeep\n|\n|t:|1698621181\n|switch|p1a: Landorus|Landorus-Therian, M, tera:Flying|58\/100\n|-ability|p1a: Landorus|Intimidate|boost\n|-unboost|p2a: Chien-Pao|atk|1\n|-unboost|p2b: Ogerpon|atk|1\n|turn|10\n|\n|t:|1698621189\n|move|p2b: Ogerpon|Spiky Shield|p2b: Ogerpon\n|-singleturn|p2b: Ogerpon|move: Protect\n|move|p2a: Chien-Pao|Sucker Punch|p1b: Ogerpon\n|-damage|p1b: Ogerpon|68\/100\n|move|p1a: Landorus|Tera Blast|p2b: Ogerpon|[anim] Tera Blast Flying\n|-activate|p2b: Ogerpon|move: Protect\n|move|p1b: Ogerpon|Ivy Cudgel|p2a: Chien-Pao\n|-damage|p2a: Chien-Pao|0 fnt\n|faint|p2a: Chien-Pao\n|\n|upkeep\n|\n|t:|1698621198\n|switch|p2a: Arcanine|Arcanine-Hisui, M|49\/100\n|-ability|p2a: Arcanine|Intimidate|boost\n|-unboost|p1a: Landorus|atk|1\n|-unboost|p1b: Ogerpon|atk|1\n|turn|11\n|\n|t:|1698621210\n|-terastallize|p2a: Arcanine|Fairy\n|move|p2b: Ogerpon|Spiky Shield|p2b: Ogerpon\n|-singleturn|p2b: Ogerpon|move: Protect\n|move|p1a: Landorus|Tera Blast|p2b: Ogerpon|[anim] Tera Blast Flying\n|-activate|p2b: Ogerpon|move: Protect\n|move|p1b: Ogerpon|Ivy Cudgel|p2a: Arcanine\n|-damage|p2a: Arcanine|9\/100\n|move|p2a: Arcanine|Rock Slide|p1a: Landorus|[spread] p1a,p1b\n|-supereffective|p1a: Landorus\n|-damage|p1a: Landorus|0 fnt\n|-damage|p1b: Ogerpon|41\/100\n|faint|p1a: Landorus\n|\n|upkeep\n|\n|t:|1698621218\n|switch|p1a: Chi-Yu|Chi-Yu|100\/100\n|-ability|p1a: Chi-Yu|Beads of Ruin\n|turn|12\n|inactive|Eragon11145 has 270 seconds left.\n|\n|t:|1698621235\n|move|p2a: Arcanine|Extreme Speed|p1b: Ogerpon\n|-damage|p1b: Ogerpon|14\/100\n|move|p1b: Ogerpon|Horn Leech|p2b: Ogerpon\n|-damage|p2b: Ogerpon|62\/100\n|-heal|p1b: Ogerpon|28\/100|[from] drain|[of] p2b: Ogerpon\n|move|p1a: Chi-Yu|Heat Wave|p2a: Arcanine|[spread] p2a,p2b\n|-damage|p2a: Arcanine|0 fnt\n|-damage|p2b: Ogerpon|0 fnt\n|faint|p2a: Arcanine\n|faint|p2b: Ogerpon\n|\n|win|Eragon11145\n|c|\u2606Eragon11145|gg\n|c|\u2606Akaru Kokuyo\u3075\u308f|gg\n","uploadtime":1698621236,"views":113,"p1id":"eragon11145","p2id":"akarukokuyo","formatid":"gen9doublesou","rating":0,"private":0,"password":""}