{"id":"smogtours-gen9doublesou-730407","p1":"Enzonana","p2":"kunal2","format":"[Gen 9] Doubles OU","log":"|inactive|Battle timer is ON: inactive players will automatically lose when time's up.\n|t:|1699824675\n|gametype|doubles\n|player|p1|Enzonana|#scl2dynamos|\n|player|p2|kunal2|#vgcplzoruas|\n|teamsize|p1|6\n|teamsize|p2|6\n|gen|9\n|tier|[Gen 9] Doubles OU\n|rule|Species Clause: Limit one of each Pok\u00e9mon\n|rule|OHKO Clause: OHKO moves are banned\n|rule|Evasion Moves Clause: Evasion moves are banned\n|rule|Gravity Sleep Clause: The combination of sleep-inducing moves with imperfect accuracy and Gravity or Gigantamax Orbeetle are banned\n|rule|Endless Battle Clause: Forcing endless battles is banned\n|rule|HP Percentage Mod: HP is shown in percentages\n|clearpoke\n|poke|p1|Flutter Mane|\n|poke|p1|Chi-Yu|\n|poke|p1|Tornadus, M|\n|poke|p1|Landorus-Therian, M|\n|poke|p1|Heatran, F|\n|poke|p1|Rillaboom, F|\n|poke|p2|Regidrago|\n|poke|p2|Gholdengo|\n|poke|p2|Tornadus, M|\n|poke|p2|Rillaboom, M|\n|poke|p2|Landorus-Therian, M|\n|poke|p2|Volcanion|\n|teampreview\n|c|\u2606Enzonana|have fun\n|c|\u2606kunal2|glhf!\n|c|+Ciro\u273fNapoli|vaiiiiiennnnzoooooooo\n|inactive|Enzonana has 270 seconds left.\n|inactive|kunal2 has 270 seconds left.\n|c|+Fakee|para que es esto enzonana\n|c|\u2606Enzonana|sos imbecil?\n|c|\u2606Enzonana|acabo de tagear\n|c|\u2606Enzonana|en el discord de la dou wcop\n|c|+Fakee|por favor\n|c|+Fakee|respeta\n|c|+ryo yamada2001|wheres modchat\n|c|+Fakee|tengo mas wins\n|c|+Fakee|que tu\n|c|+Fakee|en la sheet\n|c|\u2606Enzonana|perfecto feiki\n|c|+Fakee|hablale bien a tus superiores\n|c|\u2606Enzonana|seguis siendo veneco\n|c|+Fakee|why would he modchat\n|inactive|Enzonana has 240 seconds left.\n|inactive|kunal2 has 240 seconds left.\n|c|+Fakee|if hes talking to me\n|c|+Fakee|lol\n|c|+luisin|ban enzonana\n|c|+luisin|por grosero\n|c|+Fakee|cant we talk meanwhile hes playing?\n|c|+ryo yamada2001|enzobanana\n|c|+Fakee|como te va enzonana\n|c|+AIRedzone|JAI HIND\n|c|+AIRedzone|LETS GO KUNAL\n|\n|t:|1699824759\n|start\n|switch|p1a: Flutter Mane|Flutter Mane|100\/100\n|switch|p1b: Chi-Yu|Chi-Yu|100\/100\n|switch|p2a: Volcanion|Volcanion|100\/100\n|switch|p2b: Landorus|Landorus-Therian, M|100\/100\n|-ability|p1b: Chi-Yu|Beads of Ruin\n|-ability|p2b: Landorus|Intimidate|boost\n|-unboost|p1a: Flutter Mane|atk|1\n|-unboost|p1b: Chi-Yu|atk|1\n|turn|1\n|c|+Tessera|gogogo kunal\n|c|+AIRedzone|This diwali may the light of goodness destroy evil\n|c|+AIRedzone|Modchat is for the weak\n|c|+Fakee|GOAT\n|c|+Fakee|speak to em\n|c|\u2606Enzonana|HJAJSDJASD\n|inactive|Enzonana has 270 seconds left.\n|\n|t:|1699824796\n|move|p1a: Flutter Mane|Shadow Ball|p2a: Volcanion\n|-damage|p2a: Volcanion|24\/100\n|move|p1b: Chi-Yu|Dark Pulse|p2a: Volcanion\n|-damage|p2a: Volcanion|0 fnt\n|faint|p2a: Volcanion\n|move|p2b: Landorus|Stomping Tantrum|p1b: Chi-Yu\n|-supereffective|p1b: Chi-Yu\n|-enditem|p1b: Chi-Yu|Focus Sash\n|-damage|p1b: Chi-Yu|1\/100\n|\n|upkeep\n|\n|t:|1699824803\n|switch|p2a: Tornadus|Tornadus, M|100\/100\n|turn|2\n|\n|t:|1699824817\n|move|p2a: Tornadus|Tailwind|p2a: Tornadus\n|-sidestart|p2: kunal2|move: Tailwind\n|move|p2b: Landorus|Stomping Tantrum|p1a: Flutter Mane\n|-damage|p1a: Flutter Mane|42\/100\n|move|p1a: Flutter Mane|Shadow Ball|p2b: Landorus\n|-damage|p2b: Landorus|24\/100\n|-enditem|p2b: Landorus|Sitrus Berry|[eat]\n|-heal|p2b: Landorus|48\/100|[from] item: Sitrus Berry\n|move|p1b: Chi-Yu|Heat Wave|p2b: Landorus|[spread] p2a,p2b\n|-damage|p2a: Tornadus|43\/100\n|-damage|p2b: Landorus|0 fnt\n|faint|p2b: Landorus\n|\n|upkeep\n|\n|t:|1699824823\n|switch|p2b: Gholdengo|Gholdengo|100\/100\n|turn|3\n|\n|t:|1699824836\n|switch|p2a: Regidrago|Regidrago|100\/100\n|switch|p1b: Heatran|Heatran, F|100\/100\n|move|p2b: Gholdengo|Make It Rain|p1b: Heatran|[spread] p1a,p1b\n|-supereffective|p1a: Flutter Mane\n|-resisted|p1b: Heatran\n|-damage|p1a: Flutter Mane|0 fnt\n|-damage|p1b: Heatran|92\/100\n|-unboost|p2b: Gholdengo|spa|1\n|faint|p1a: Flutter Mane\n|-end|p1a: Flutter Mane|Protosynthesis|[silent]\n|\n|upkeep\n|\n|t:|1699824844\n|switch|p1a: Rillaboom|Rillaboom, F|100\/100\n|-fieldstart|move: Grassy Terrain|[from] ability: Grassy Surge|[of] p1a: Rillaboom\n|turn|4\n|\n|t:|1699824873\n|-terastallize|p2b: Gholdengo|Dragon\n|-terastallize|p1b: Heatran|Fairy\n|move|p1a: Rillaboom|Fake Out|p2b: Gholdengo\n|-damage|p2b: Gholdengo|89\/100\n|move|p2a: Regidrago|Dragon Energy|p1b: Heatran|[spread] p1a\n|-immune|p1b: Heatran\n|-damage|p1a: Rillaboom|31\/100\n|cant|p2b: Gholdengo|flinch\n|move|p1b: Heatran|Tera Blast|p2a: Regidrago|[anim] Tera Blast Fairy\n|-supereffective|p2a: Regidrago\n|-damage|p2a: Regidrago|3\/100\n|\n|-heal|p2a: Regidrago|9\/100|[from] Grassy Terrain\n|-heal|p2b: Gholdengo|95\/100|[from] Grassy Terrain\n|-heal|p1a: Rillaboom|38\/100|[from] Grassy Terrain\n|-heal|p1b: Heatran|98\/100|[from] Grassy Terrain\n|upkeep\n|turn|5\n|\n|t:|1699824898\n|switch|p2a: Rillaboom|Rillaboom, M|100\/100\n|move|p1a: Rillaboom|Grassy Glide|p2a: Rillaboom\n|-resisted|p2a: Rillaboom\n|-damage|p2a: Rillaboom|84\/100\n|move|p2b: Gholdengo|Make It Rain|p1a: Rillaboom|[spread] p1a,p1b\n|-supereffective|p1b: Heatran\n|-damage|p1a: Rillaboom|10\/100\n|-damage|p1b: Heatran|57\/100\n|-unboost|p2b: Gholdengo|spa|1\n|move|p1b: Heatran|Tera Blast|p2b: Gholdengo|[anim] Tera Blast Fairy\n|-supereffective|p2b: Gholdengo\n|-crit|p2b: Gholdengo\n|-damage|p2b: Gholdengo|0 fnt\n|faint|p2b: Gholdengo\n|\n|-heal|p2a: Rillaboom|90\/100|[from] Grassy Terrain\n|-heal|p1a: Rillaboom|16\/100|[from] Grassy Terrain\n|-heal|p1b: Heatran|63\/100|[from] Grassy Terrain\n|-sideend|p2: kunal2|move: Tailwind\n|upkeep\n|\n|t:|1699824911\n|switch|p2b: Tornadus|Tornadus, M|43\/100\n|turn|6\n|\n|t:|1699824927\n|switch|p1a: Landorus|Landorus-Therian, M|100\/100\n|-ability|p1a: Landorus|Intimidate|boost\n|-unboost|p2a: Rillaboom|atk|1\n|-unboost|p2b: Tornadus|atk|1\n|move|p2b: Tornadus|Bleakwind Storm|p1a: Landorus|[spread] p1b\n|-miss|p2b: Tornadus|p1a: Landorus\n|-damage|p1b: Heatran|45\/100\n|move|p2a: Rillaboom|Wood Hammer|p1b: Heatran\n|-damage|p1b: Heatran|0 fnt\n|faint|p1b: Heatran\n|-damage|p2a: Rillaboom|76\/100|[from] Recoil\n|\n|-heal|p2a: Rillaboom|82\/100|[from] Grassy Terrain\n|upkeep\n|c|+Fakee|como hiciste esa play enzonana\n|\n|t:|1699824937\n|switch|p1b: Tornadus|Tornadus, M|100\/100\n|turn|7\n|c|\u2606Enzonana|se \u00f1llama ser\n|c|\u2606Enzonana|el tilin insano\n|\n|t:|1699824954\n|move|p2b: Tornadus|Tailwind|p2b: Tornadus\n|-sidestart|p2: kunal2|move: Tailwind\n|move|p2a: Rillaboom|U-turn|p1a: Landorus\n|-resisted|p1a: Landorus\n|-damage|p1a: Landorus|92\/100\n|\n|t:|1699824957\n|switch|p2a: Regidrago|Regidrago|9\/100|[from] U-turn\n|move|p1a: Landorus|Rock Slide|p2b: Tornadus|[spread] p2a,p2b\n|-supereffective|p2b: Tornadus\n|-damage|p2a: Regidrago|0 fnt\n|-damage|p2b: Tornadus|0 fnt\n|faint|p2a: Regidrago\n|faint|p2b: Tornadus\n|move|p1b: Tornadus|Bleakwind Storm|p2: Regidrago|[notarget]\n|-fail|p1b: Tornadus\n|\n|upkeep\n|\n|t:|1699824960\n|switch|p2a: Rillaboom|Rillaboom, M|82\/100\n|turn|8\n|c|\u2606Enzonana|gg\n|\n|t:|1699824965\n|switch|p1a: Chi-Yu|Chi-Yu|1\/100\n|-ability|p1a: Chi-Yu|Beads of Ruin\n|move|p1b: Tornadus|Protect|p1b: Tornadus\n|-singleturn|p1b: Tornadus|Protect\n|move|p2a: Rillaboom|Wood Hammer|p1a: Chi-Yu\n|-resisted|p1a: Chi-Yu\n|-damage|p1a: Chi-Yu|0 fnt\n|faint|p1a: Chi-Yu\n|-damage|p2a: Rillaboom|82\/100|[from] Recoil\n|\n|-heal|p2a: Rillaboom|88\/100|[from] Grassy Terrain\n|-fieldend|move: Grassy Terrain\n|upkeep\n|\n|t:|1699824966\n|switch|p1a: Landorus|Landorus-Therian, M|92\/100\n|-ability|p1a: Landorus|Intimidate|boost\n|-unboost|p2a: Rillaboom|atk|1\n|turn|9\n|c|+Mizuhime|video gamer el nana...\n|\n|t:|1699824970\n|move|p1b: Tornadus|Sunny Day|p1b: Tornadus\n|-weather|SunnyDay\n|move|p2a: Rillaboom|Wood Hammer|p1a: Landorus\n|-damage|p1a: Landorus|49\/100\n|-damage|p2a: Rillaboom|76\/100|[from] Recoil\n|move|p1a: Landorus|U-turn|p2a: Rillaboom\n|-supereffective|p2a: Rillaboom\n|-damage|p2a: Rillaboom|3\/100\n|\n|t:|1699824972\n|switch|p1a: Rillaboom|Rillaboom, F|16\/100|[from] U-turn\n|-fieldstart|move: Grassy Terrain|[from] ability: Grassy Surge|[of] p1a: Rillaboom\n|\n|-weather|SunnyDay|[upkeep]\n|-heal|p2a: Rillaboom|9\/100|[from] Grassy Terrain\n|-heal|p1a: Rillaboom|23\/100|[from] Grassy Terrain\n|upkeep\n|turn|10\n|\n|t:|1699824976\n|move|p1b: Tornadus|Protect|p1b: Tornadus\n|-singleturn|p1b: Tornadus|Protect\n|move|p1a: Rillaboom|Fake Out|p1b: Tornadus\n|-activate|p1b: Tornadus|move: Protect\n|move|p2a: Rillaboom|Grassy Glide|p1a: Rillaboom\n|-resisted|p1a: Rillaboom\n|-damage|p1a: Rillaboom|12\/100\n|\n|-weather|SunnyDay|[upkeep]\n|-heal|p2a: Rillaboom|15\/100|[from] Grassy Terrain\n|-heal|p1a: Rillaboom|18\/100|[from] Grassy Terrain\n|-sideend|p2: kunal2|move: Tailwind\n|upkeep\n|turn|11\n|\n|t:|1699824995\n|move|p2a: Rillaboom|Grassy Glide|p1a: Rillaboom\n|-resisted|p1a: Rillaboom\n|-damage|p1a: Rillaboom|7\/100\n|move|p1b: Tornadus|Bleakwind Storm|p2a: Rillaboom\n|-supereffective|p2a: Rillaboom\n|-damage|p2a: Rillaboom|0 fnt\n|faint|p2a: Rillaboom\n|\n|win|Enzonana\n|c|\u2606kunal2|gg\n|c|\u2606Enzonana|gg\n","uploadtime":1699824996,"views":71,"p1id":"enzonana","p2id":"kunal2","formatid":"gen9doublesou","rating":0,"private":0,"password":""}