{"id":"smogtours-gen9doublesou-728274","p1":"z0mog","p2":"zee","format":"[Gen 9] Doubles OU","log":"|inactive|Battle timer is ON: inactive players will automatically lose when time's up.\n|t:|1698987351\n|gametype|doubles\n|player|p1|z0mog|#splxivtigers|\n|player|p2|zee|#roaplviiipichus|\n|teamsize|p1|6\n|teamsize|p2|6\n|gen|9\n|tier|[Gen 9] Doubles OU\n|rule|Species Clause: Limit one of each Pok\u00e9mon\n|rule|OHKO Clause: OHKO moves are banned\n|rule|Evasion Moves Clause: Evasion moves are banned\n|rule|Gravity Sleep Clause: The combination of sleep-inducing moves with imperfect accuracy and Gravity or Gigantamax Orbeetle are banned\n|rule|Endless Battle Clause: Forcing endless battles is banned\n|rule|HP Percentage Mod: HP is shown in percentages\n|clearpoke\n|poke|p1|Volcanion|\n|poke|p1|Gholdengo|\n|poke|p1|Landorus-Therian, M|\n|poke|p1|Amoonguss, M|\n|poke|p1|Roaring Moon|\n|poke|p1|Flutter Mane|\n|poke|p2|Landorus-Therian, M|\n|poke|p2|Moltres-Galar|\n|poke|p2|Sinistcha|\n|poke|p2|Iron Hands|\n|poke|p2|Heatran, F|\n|poke|p2|Ninetales-Alola, M|\n|teampreview\n|c|\u2606z0mog|hey man. glhf. always wanted an opportunity to playh against u in tournament haha\n|c|\u2606z0mog|ur prob gonna kick my ass \ud83d\ude2d\ud83d\ude2d\ud83d\ude2dhaha jk but we will have fun :)\n|inactive|z0mog has 270 seconds left.\n|inactive|zee has 270 seconds left.\n|c|\u2606zee|do you have thoughts about kissing me \n|c|\u2606zee|please be honest\n|c|\u2606z0mog|wtf?\n|c|\u2606zee|i wont tell your girl\n|inactive|z0mog has 240 seconds left.\n|inactive|zee has 240 seconds left.\n|\n|t:|1698987429\n|start\n|switch|p1a: Flutter Mane|Flutter Mane|100\/100\n|switch|p1b: Landorus|Landorus-Therian, M|100\/100\n|switch|p2a: Ninetales|Ninetales-Alola, M|100\/100\n|switch|p2b: Moltres|Moltres-Galar|100\/100\n|-weather|Snow|[from] ability: Snow Warning|[of] p2a: Ninetales\n|-ability|p1b: Landorus|Intimidate|boost\n|-unboost|p2a: Ninetales|atk|1\n|-unboost|p2b: Moltres|atk|1\n|turn|1\n|\n|t:|1698987446\n|-terastallize|p2b: Moltres|Poison\n|move|p1a: Flutter Mane|Icy Wind|p2b: Moltres|[spread] p2a,p2b\n|-resisted|p2a: Ninetales\n|-damage|p2a: Ninetales|89\/100\n|-damage|p2b: Moltres|86\/100\n|-unboost|p2a: Ninetales|spe|1\n|-unboost|p2b: Moltres|spe|1\n|move|p1b: Landorus|U-turn|p2a: Ninetales\n|-resisted|p2a: Ninetales\n|-damage|p2a: Ninetales|73\/100\n|\n|t:|1698987456\n|switch|p1b: Volcanion|Volcanion|100\/100|[from] U-turn\n|move|p2a: Ninetales|Icy Wind|p1b: Volcanion|[spread] p1a,p1b\n|-resisted|p1b: Volcanion\n|-damage|p1a: Flutter Mane|88\/100\n|-damage|p1b: Volcanion|98\/100\n|-unboost|p1a: Flutter Mane|spe|1\n|-unboost|p1b: Volcanion|spe|1\n|move|p2b: Moltres|Nasty Plot|p2b: Moltres\n|-boost|p2b: Moltres|spa|2\n|\n|-weather|Snow|[upkeep]\n|upkeep\n|turn|2\n|c|+jomatoes|zee fable....\n|c|+Arcticblast|Icy Wind handshake\n|c|+Xrn|!dt icy wind\n|raw|<ul class=\"utilichart\"><li class=\"result\"><span class=\"col movenamecol\"><a href=\"https:\/\/dex.pokemonshowdown.com\/moves\/icywind\">Icy Wind<\/a><\/span> <span class=\"col typecol\"><img src=\"\/\/play.pokemonshowdown.com\/sprites\/types\/Ice.png\" alt=\"Ice\" width=\"32\" height=\"14\"><img src=\"\/\/play.pokemonshowdown.com\/sprites\/categories\/Special.png\" alt=\"Special\" width=\"32\" height=\"14\"><\/span> <span class=\"col labelcol\"><em>Power<\/em><br>55<\/span> <span class=\"col widelabelcol\"><em>Accuracy<\/em><br>95%<\/span> <span class=\"col pplabelcol\"><em>PP<\/em><br>24<\/span> <span class=\"col movedesccol\">100% chance to lower the foe(s) Speed by 1.<\/span> <\/li><li style=\"clear:both\"><\/li><\/ul>\n|raw|<font size=\"1\"><font color=\"#686868\">Priority:<\/font> 0&nbsp;|&ThickSpace;<font color=\"#686868\">Gen:<\/font> 2&nbsp;|&ThickSpace;&#10003; Boosted by Sheer Force&nbsp;|&ThickSpace;&#10003; Wind move&nbsp;|&ThickSpace;<font color=\"#686868\">Z-Power:<\/font> 100&nbsp;|&ThickSpace;<font color=\"#686868\">Dynamax Power:<\/font> 110&nbsp;|&ThickSpace;<font color=\"#686868\">Target:<\/font> All Adjacent Opponents<\/font>\n\n|\n|t:|1698987484\n|-end|p1a: Flutter Mane|Protosynthesis|[silent]\n|switch|p1a: Roaring Moon|Roaring Moon|100\/100\n|-enditem|p1a: Roaring Moon|Booster Energy\n|-activate|p1a: Roaring Moon|ability: Protosynthesis|[fromitem]\n|-start|p1a: Roaring Moon|protosynthesisspe\n|switch|p2a: Iron Hands|Iron Hands|100\/100\n|move|p2b: Moltres|Protect|p2b: Moltres\n|-singleturn|p2b: Moltres|Protect\n|move|p1b: Volcanion|Heat Wave|p2a: Iron Hands|[spread] p2a\n|-activate|p2b: Moltres|move: Protect\n|-damage|p2a: Iron Hands|82\/100\n|\n|-weather|Snow|[upkeep]\n|upkeep\n|turn|3\n|inactive|zee has 270 seconds left.\n|\n|t:|1698987529\n|move|p2b: Moltres|Protect||[still]\n|-fail|p2b: Moltres\n|move|p1a: Roaring Moon|Knock Off|p2b: Moltres\n|-damage|p2b: Moltres|42\/100\n|-enditem|p2b: Moltres|Sitrus Berry|[from] move: Knock Off|[of] p1a: Roaring Moon\n|-ability|p2b: Moltres|Berserk|boost\n|-boost|p2b: Moltres|spa|1\n|move|p2a: Iron Hands|Drain Punch|p1a: Roaring Moon\n|-supereffective|p1a: Roaring Moon\n|-damage|p1a: Roaring Moon|16\/100\n|-heal|p2a: Iron Hands|100\/100|[from] drain|[of] p1a: Roaring Moon\n|move|p1b: Volcanion|Steam Eruption|p2a: Iron Hands\n|-damage|p2a: Iron Hands|70\/100\n|-status|p2a: Iron Hands|brn\n|\n|-weather|Snow|[upkeep]\n|-damage|p2a: Iron Hands|64\/100 brn|[from] brn\n|upkeep\n|turn|4\n|inactive|z0mog has 270 seconds left.\n|\n|t:|1698987568\n|-end|p2a: Iron Hands|Quark Drive|[silent]\n|switch|p2a: Sinistcha|Sinistcha|100\/100\n|-heal|p2b: Moltres|67\/100|[from] ability: Hospitality|[of] p2a: Sinistcha\n|move|p1a: Roaring Moon|Tailwind|p1a: Roaring Moon\n|-sidestart|p1: z0mog|move: Tailwind\n|move|p1b: Volcanion|Heat Wave|p2b: Moltres|[spread] p2a\n|-miss|p1b: Volcanion|p2b: Moltres\n|-supereffective|p2a: Sinistcha\n|-damage|p2a: Sinistcha|33\/100\n|-enditem|p2a: Sinistcha|Sitrus Berry|[eat]\n|-heal|p2a: Sinistcha|58\/100|[from] item: Sitrus Berry\n|move|p2b: Moltres|Fiery Wrath|p1b: Volcanion|[spread] p1a,p1b\n|-resisted|p1a: Roaring Moon\n|-damage|p1a: Roaring Moon|0 fnt\n|-damage|p1b: Volcanion|50\/100\n|faint|p1a: Roaring Moon\n|-end|p1a: Roaring Moon|Protosynthesis|[silent]\n|\n|-weather|Snow|[upkeep]\n|upkeep\n|\n|t:|1698987584\n|switch|p1a: Gholdengo|Gholdengo|100\/100\n|turn|5\n|inactive|z0mog has 270 seconds left.\n|inactive|zee has 270 seconds left.\n|inactive|z0mog has 240 seconds left.\n|inactive|z0mog has 210 seconds left.\n|\n|t:|1698987676\n|switch|p2a: Heatran|Heatran, F|100\/100\n|move|p1a: Gholdengo|Make It Rain|p2a: Heatran|[spread] p2a,p2b\n|-resisted|p2a: Heatran\n|-damage|p2a: Heatran|91\/100\n|-damage|p2b: Moltres|28\/100\n|-unboost|p1a: Gholdengo|spa|1\n|-ability|p2b: Moltres|Berserk|boost\n|-boost|p2b: Moltres|spa|1\n|move|p1b: Volcanion|Heat Wave|p2a: Heatran|[spread] p2b\n|-start|p2a: Heatran|ability: Flash Fire\n|-damage|p2b: Moltres|3\/100\n|move|p2b: Moltres|Fiery Wrath|p1b: Volcanion|[spread] p1a,p1b\n|-supereffective|p1a: Gholdengo\n|-damage|p1a: Gholdengo|0 fnt\n|-damage|p1b: Volcanion|0 fnt\n|faint|p1a: Gholdengo\n|faint|p1b: Volcanion\n|\n|-weather|none\n|-heal|p2a: Heatran|97\/100|[from] item: Leftovers\n|upkeep\n|\n|t:|1698987691\n|switch|p1a: Landorus|Landorus-Therian, M|100\/100\n|switch|p1b: Flutter Mane|Flutter Mane|88\/100\n|-ability|p1a: Landorus|Intimidate|boost\n|-unboost|p2a: Heatran|atk|1\n|-unboost|p2b: Moltres|atk|1\n|turn|6\n|\n|t:|1698987705\n|move|p2a: Heatran|Protect|p2a: Heatran\n|-singleturn|p2a: Heatran|Protect\n|move|p2b: Moltres|Protect|p2b: Moltres\n|-singleturn|p2b: Moltres|Protect\n|move|p1b: Flutter Mane|Dazzling Gleam|p2a: Heatran|[spread] \n|-activate|p2a: Heatran|move: Protect\n|-activate|p2b: Moltres|move: Protect\n|move|p1a: Landorus|Stomping Tantrum|p2a: Heatran\n|-activate|p2a: Heatran|move: Protect\n|\n|-heal|p2a: Heatran|100\/100|[from] item: Leftovers\n|upkeep\n|turn|7\n|\n|t:|1698987720\n|-end|p2a: Heatran|ability: Flash Fire|[silent]\n|switch|p2a: Iron Hands|Iron Hands|64\/100 brn\n|move|p1b: Flutter Mane|Dazzling Gleam|p2a: Iron Hands|[spread] p2a,p2b\n|-supereffective|p2a: Iron Hands\n|-resisted|p2b: Moltres\n|-damage|p2a: Iron Hands|21\/100 brn\n|-damage|p2b: Moltres|0 fnt\n|faint|p2b: Moltres\n|move|p1a: Landorus|Stomping Tantrum|p2a: Iron Hands\n|-supereffective|p2a: Iron Hands\n|-damage|p2a: Iron Hands|0 fnt\n|faint|p2a: Iron Hands\n|-end|p2a: Iron Hands|Quark Drive|[silent]\n|\n|-sideend|p1: z0mog|move: Tailwind\n|upkeep\n|\n|t:|1698987730\n|switch|p2b: Landorus|Landorus-Therian, M|100\/100\n|switch|p2a: Ninetales|Ninetales-Alola, M|73\/100\n|-ability|p2b: Landorus|Intimidate|boost\n|-unboost|p1a: Landorus|atk|1\n|-unboost|p1b: Flutter Mane|atk|1\n|-weather|Snow|[from] ability: Snow Warning|[of] p2a: Ninetales\n|turn|8\n|\n|t:|1698987744\n|switch|p1a: Amoonguss|Amoonguss, M|100\/100\n|-terastallize|p1b: Flutter Mane|Fairy\n|move|p2b: Landorus|Stomping Tantrum|p1b: Flutter Mane\n|-damage|p1b: Flutter Mane|18\/100\n|move|p1b: Flutter Mane|Dazzling Gleam|p2b: Landorus|[spread] p2a,p2b\n|-damage|p2a: Ninetales|14\/100\n|-damage|p2b: Landorus|31\/100\n|move|p2a: Ninetales|Freeze-Dry|p1a: Amoonguss\n|-supereffective|p1a: Amoonguss\n|-damage|p1a: Amoonguss|70\/100\n|\n|-weather|Snow|[upkeep]\n|upkeep\n|turn|9\n|\n|t:|1698987766\n|switch|p2a: Heatran|Heatran, F|100\/100\n|move|p2b: Landorus|Stomping Tantrum|p1b: Flutter Mane\n|-crit|p1b: Flutter Mane\n|-damage|p1b: Flutter Mane|0 fnt\n|faint|p1b: Flutter Mane\n|-end|p1b: Flutter Mane|Protosynthesis|[silent]\n|move|p1a: Amoonguss|Spore|p2b: Landorus\n|-status|p2b: Landorus|slp|[from] move: Spore\n|\n|-weather|Snow|[upkeep]\n|upkeep\n|\n|t:|1698987769\n|switch|p1b: Landorus|Landorus-Therian, M|100\/100\n|-ability|p1b: Landorus|Intimidate|boost\n|-unboost|p2a: Heatran|atk|1\n|-unboost|p2b: Landorus|atk|1\n|turn|10\n|inactive|z0mog has 270 seconds left.\n|\n|t:|1698987780\n|switch|p2b: Ninetales|Ninetales-Alola, M|14\/100\n|move|p2a: Heatran|Protect|p2a: Heatran\n|-singleturn|p2a: Heatran|Protect\n|move|p1b: Landorus|Stomping Tantrum|p2a: Heatran\n|-activate|p2a: Heatran|move: Protect\n|move|p1a: Amoonguss|Pollen Puff|p2b: Ninetales\n|-resisted|p2b: Ninetales\n|-damage|p2b: Ninetales|5\/100\n|\n|-weather|Snow|[upkeep]\n|upkeep\n|turn|11\n|\n|t:|1698987795\n|switch|p2a: Landorus|Landorus-Therian, M|31\/100 slp\n|-ability|p2a: Landorus|Intimidate|boost\n|-unboost|p1a: Amoonguss|atk|1\n|-unboost|p1b: Landorus|atk|1\n|move|p2b: Ninetales|Disable|p1b: Landorus\n|-start|p1b: Landorus|Disable|Stomping Tantrum\n|cant|p1b: Landorus|Disable|Stomping Tantrum\n|move|p1a: Amoonguss|Spore|p2a: Landorus\n|-fail|p2a: Landorus|slp\n|\n|-weather|Snow|[upkeep]\n|upkeep\n|turn|12\n|\n|t:|1698987806\n|cant|p2a: Landorus|slp\n|move|p2b: Ninetales|Freeze-Dry|p1b: Landorus\n|-supereffective|p1b: Landorus\n|-damage|p1b: Landorus|0 fnt\n|faint|p1b: Landorus\n|move|p1a: Amoonguss|Pollen Puff|p2b: Ninetales\n|-resisted|p2b: Ninetales\n|-damage|p2b: Ninetales|0 fnt\n|faint|p2b: Ninetales\n|\n|-weather|none\n|upkeep\n|\n|t:|1698987812\n|switch|p2b: Heatran|Heatran, F|100\/100\n|turn|13\n|c|\u2606z0mog|bg\n|c|\u2606zee|so like\n|c|\u2606zee|have you really never thought abt kissing\n|c|\u2606zee|i mean i havent but\n|c|+Arcticblast|when's the date\n|c|\u2606zee|i wanted  to ask\n|\n|t:|1698987830\n|cant|p2a: Landorus|slp\n|move|p2b: Heatran|Magma Storm|p1a: Amoonguss\n|-supereffective|p1a: Amoonguss\n|-damage|p1a: Amoonguss|0 fnt\n|faint|p1a: Amoonguss\n|\n|win|zee\n|player|p2|zee|#roaplviiipichus\n","uploadtime":1698987831,"views":250,"p1id":"z0mog","p2id":"zee","formatid":"gen9doublesou","rating":0,"private":0,"password":""}