{"id":"smogtours-gen9doublesou-732533","p1":"Xrn","p2":"eragon11145","format":"[Gen 9] Doubles OU","log":"|inactive|Battle timer is ON: inactive players will automatically lose when time's up.\n|t:|1700967851\n|gametype|doubles\n|player|p1|Xrn|#scl3platoon|\n|player|p2|eragon11145|#dwcopiii|\n|teamsize|p1|6\n|teamsize|p2|6\n|gen|9\n|tier|[Gen 9] Doubles OU\n|rule|Species Clause: Limit one of each Pok\u00e9mon\n|rule|OHKO Clause: OHKO moves are banned\n|rule|Evasion Moves Clause: Evasion moves are banned\n|rule|Gravity Sleep Clause: The combination of sleep-inducing moves with imperfect accuracy and Gravity or Gigantamax Orbeetle are banned\n|rule|Endless Battle Clause: Forcing endless battles is banned\n|rule|HP Percentage Mod: HP is shown in percentages\n|clearpoke\n|poke|p1|Dragonite, F|\n|poke|p1|Gholdengo|\n|poke|p1|Rillaboom, F|\n|poke|p1|Volcanion|\n|poke|p1|Chien-Pao|\n|poke|p1|Tornadus, M|\n|poke|p2|Spectrier|\n|poke|p2|Rillaboom, M|\n|poke|p2|Heatran, M|\n|poke|p2|Landorus-Therian, M|\n|poke|p2|Roaring Moon|\n|poke|p2|Clefairy, M|\n|teampreview\n|inactive|eragon11145 also wants the timer to be on.\n|inactive|Xrn also wants the timer to be on.\n|raw|<div class=\"broadcast-red\"><strong>Moderated chat was set to \u2606!<\/strong><br \/>Only users of rank \u2606 and higher can talk.<\/div>\n|c|\u2606Xrn|hf\n|c|\u2606eragon11145|glhf\n|inactive|Xrn has 270 seconds left.\n|inactive|eragon11145 has 270 seconds left.\n|inactive|Xrn has 240 seconds left.\n|inactive|eragon11145 has 240 seconds left.\n|inactive|Xrn has 210 seconds left.\n|inactive|eragon11145 has 210 seconds left.\n|inactive|Xrn has 180 seconds left.\n|\n|t:|1700967996\n|start\n|switch|p1a: swim|Volcanion|100\/100\n|switch|p1b: do or die|Tornadus, M, shiny|100\/100\n|switch|p2a: Landorus|Landorus-Therian, M|100\/100\n|switch|p2b: Heatran|Heatran, M|100\/100\n|-ability|p2a: Landorus|Intimidate|boost\n|-unboost|p1a: swim|atk|1\n|-unboost|p1b: do or die|atk|1\n|turn|1\n|inactive|Xrn has 240 seconds left.\n|inactive|eragon11145 has 270 seconds left.\n|inactive|Xrn has 210 seconds left.\n|inactive|eragon11145 has 240 seconds left.\n|\n|t:|1700968057\n|switch|p2a: Roaring Moon|Roaring Moon|100\/100\n|-enditem|p2a: Roaring Moon|Booster Energy\n|-activate|p2a: Roaring Moon|ability: Protosynthesis|[fromitem]\n|-start|p2a: Roaring Moon|protosynthesisspe\n|move|p2b: Heatran|Protect|p2b: Heatran\n|-singleturn|p2b: Heatran|Protect\n|move|p1b: do or die|Tailwind|p1b: do or die\n|-sidestart|p1: Xrn|move: Tailwind\n|move|p1a: swim|Steam Eruption|p2a: Roaring Moon\n|-resisted|p2a: Roaring Moon\n|-damage|p2a: Roaring Moon|74\/100\n|\n|upkeep\n|turn|2\n|inactive|Xrn has 180 seconds left.\n|\n|t:|1700968093\n|switch|p2b: Clefairy|Clefairy, M|100\/100\n|move|p1b: do or die|Bleakwind Storm|p2b: Clefairy|[spread] p2a,p2b\n|-damage|p2a: Roaring Moon|52\/100\n|-damage|p2b: Clefairy|73\/100\n|move|p2a: Roaring Moon|Knock Off|p1b: do or die\n|-damage|p1b: do or die|38\/100\n|-enditem|p1b: do or die|Covert Cloak|[from] move: Knock Off|[of] p2a: Roaring Moon\n|move|p1a: swim|Steam Eruption|p2b: Clefairy\n|-damage|p2b: Clefairy|25\/100\n|\n|upkeep\n|turn|3\n|inactive|Xrn has 180 seconds left.\n|inactive|eragon11145 has 240 seconds left.\n|inactive|Xrn has 150 seconds left.\n|\n|t:|1700968149\n|move|p1b: do or die|Bleakwind Storm|p2a: Roaring Moon|[spread] p2a,p2b\n|-damage|p2a: Roaring Moon|30\/100\n|-damage|p2b: Clefairy|0 fnt\n|faint|p2b: Clefairy\n|move|p2a: Roaring Moon|Tailwind|p2a: Roaring Moon\n|-sidestart|p2: eragon11145|move: Tailwind\n|move|p1a: swim|Steam Eruption|p2a: Roaring Moon\n|-resisted|p2a: Roaring Moon\n|-damage|p2a: Roaring Moon|0 fnt\n|faint|p2a: Roaring Moon\n|-end|p2a: Roaring Moon|Protosynthesis|[silent]\n|\n|upkeep\n|\n|t:|1700968156\n|switch|p2a: Spectrier|Spectrier|100\/100\n|switch|p2b: Rillaboom|Rillaboom, M|100\/100\n|-fieldstart|move: Grassy Terrain|[from] ability: Grassy Surge|[of] p2b: Rillaboom\n|-enditem|p2a: Spectrier|Grassy Seed\n|-boost|p2a: Spectrier|def|1|[from] item: Grassy Seed\n|turn|4\n|inactive|eragon11145 has 240 seconds left.\n|\n|t:|1700968181\n|move|p2b: Rillaboom|Fake Out|p1a: swim\n|-damage|p1a: swim|87\/100\n|move|p1b: do or die|Taunt|p2a: Spectrier\n|-start|p2a: Spectrier|move: Taunt\n|move|p2a: Spectrier|Shadow Ball|p1b: do or die\n|-damage|p1b: do or die|0 fnt\n|faint|p1b: do or die\n|-ability|p2a: Spectrier|Grim Neigh|boost\n|-boost|p2a: Spectrier|spa|1\n|cant|p1a: swim|flinch\n|\n|-heal|p1a: swim|93\/100|[from] Grassy Terrain\n|-sideend|p1: Xrn|move: Tailwind\n|upkeep\n|inactive|Xrn has 150 seconds left.\n|\n|t:|1700968201\n|switch|p1b: sink|Rillaboom, F, shiny|100\/100\n|turn|5\n|inactive|Xrn has 150 seconds left.\n|\n|t:|1700968218\n|move|p1b: sink|Fake Out|p2b: Rillaboom\n|-damage|p2b: Rillaboom|87\/100\n|move|p2a: Spectrier|Shadow Ball|p1a: swim\n|-damage|p1a: swim|49\/100\n|cant|p2b: Rillaboom|flinch\n|move|p1a: swim|Steam Eruption|p2a: Spectrier\n|-damage|p2a: Spectrier|37\/100\n|-status|p2a: Spectrier|brn\n|\n|-heal|p2a: Spectrier|43\/100 brn|[from] Grassy Terrain\n|-heal|p2b: Rillaboom|94\/100|[from] Grassy Terrain\n|-heal|p1a: swim|55\/100|[from] Grassy Terrain\n|-damage|p2a: Spectrier|37\/100 brn|[from] brn\n|upkeep\n|turn|6\n|inactive|eragon11145 has 270 seconds left.\n|inactive|Xrn has 150 seconds left.\n|\n|t:|1700968254\n|move|p1b: sink|Grassy Glide|p2a: Spectrier\n|-damage|p2a: Spectrier|6\/100 brn\n|move|p2a: Spectrier|Shadow Ball|p1b: sink\n|-damage|p1b: sink|61\/100\n|move|p2b: Rillaboom|Wood Hammer|p1a: swim\n|-damage|p1a: swim|0 fnt\n|faint|p1a: swim\n|-damage|p2b: Rillaboom|78\/100|[from] Recoil\n|\n|-heal|p2a: Spectrier|13\/100 brn|[from] Grassy Terrain\n|-heal|p2b: Rillaboom|84\/100|[from] Grassy Terrain\n|-heal|p1b: sink|67\/100|[from] Grassy Terrain\n|-damage|p2a: Spectrier|6\/100 brn|[from] brn\n|-end|p2a: Spectrier|move: Taunt\n|-sideend|p2: eragon11145|move: Tailwind\n|upkeep\n|inactive|Xrn has 150 seconds left.\n|inactive|Xrn has 120 seconds left.\n|\n|t:|1700968304\n|switch|p1a: bargaining|Gholdengo|100\/100\n|turn|7\n|inactive|eragon11145 has 270 seconds left.\n|\n|t:|1700968323\n|switch|p2b: Heatran|Heatran, M|100\/100\n|move|p1b: sink|Grassy Glide|p2a: Spectrier\n|-damage|p2a: Spectrier|0 fnt\n|faint|p2a: Spectrier\n|move|p1a: bargaining|Nasty Plot|p1a: bargaining\n|-boost|p1a: bargaining|spa|2\n|\n|-heal|p1b: sink|74\/100|[from] Grassy Terrain\n|upkeep\n|\n|t:|1700968328\n|switch|p2a: Landorus|Landorus-Therian, M|100\/100\n|-ability|p2a: Landorus|Intimidate|boost\n|-unboost|p1a: bargaining|atk|1\n|-unboost|p1b: sink|atk|1\n|turn|8\n|inactive|Xrn has 150 seconds left.\n|inactive|eragon11145 has 270 seconds left.\n|\n|t:|1700968375\n|-terastallize|p1a: bargaining|Dragon\n|move|p2a: Landorus|Stomping Tantrum|p1a: bargaining\n|-damage|p1a: bargaining|39\/100\n|move|p1a: bargaining|Make It Rain|p2a: Landorus|[spread] p2a,p2b\n|-resisted|p2b: Heatran\n|-damage|p2a: Landorus|0 fnt\n|-damage|p2b: Heatran|82\/100\n|-unboost|p1a: bargaining|spa|1\n|faint|p2a: Landorus\n|move|p1b: sink|High Horsepower|p2b: Heatran\n|-supereffective|p2b: Heatran\n|-damage|p2b: Heatran|10\/100\n|move|p2b: Heatran|Heat Wave|p1a: bargaining|[spread] \n|-miss|p2b: Heatran|p1a: bargaining\n|-miss|p2b: Heatran|p1b: sink\n|\n|-heal|p1a: bargaining|45\/100|[from] Grassy Terrain\n|-heal|p1a: bargaining|51\/100|[from] item: Leftovers\n|-heal|p1b: sink|80\/100|[from] Grassy Terrain\n|-heal|p2b: Heatran|17\/100|[from] Grassy Terrain\n|-heal|p2b: Heatran|23\/100|[from] item: Leftovers\n|-fieldend|move: Grassy Terrain\n|upkeep\n|\n|t:|1700968381\n|switch|p2a: Rillaboom|Rillaboom, M|84\/100\n|-fieldstart|move: Grassy Terrain|[from] ability: Grassy Surge|[of] p2a: Rillaboom\n|turn|9\n|inactive|Xrn has 150 seconds left.\n|inactive|eragon11145 has 240 seconds left.\n|\n|t:|1700968431\n|move|p1a: bargaining|Protect|p1a: bargaining\n|-singleturn|p1a: bargaining|Protect\n|move|p1b: sink|U-turn|p2a: Rillaboom\n|-supereffective|p2a: Rillaboom\n|-damage|p2a: Rillaboom|57\/100\n|\n|t:|1700968437\n|switch|p1b: acceptance|Dragonite, F|100\/100|[from] U-turn\n|move|p2a: Rillaboom|U-turn|p1b: acceptance\n|-resisted|p1b: acceptance\n|-damage|p1b: acceptance|87\/100\n|move|p2b: Heatran|Heat Wave|p1b: acceptance|[spread] p1b\n|-activate|p1a: bargaining|move: Protect\n|-resisted|p1b: acceptance\n|-damage|p1b: acceptance|70\/100\n|\n|-heal|p1a: bargaining|57\/100|[from] Grassy Terrain\n|-heal|p1a: bargaining|63\/100|[from] item: Leftovers\n|-heal|p2a: Rillaboom|63\/100|[from] Grassy Terrain\n|-heal|p2b: Heatran|29\/100|[from] Grassy Terrain\n|-heal|p2b: Heatran|35\/100|[from] item: Leftovers\n|upkeep\n|turn|10\n|c|\u2606Xrn|fuck you lunar i will click it\n|inactive|eragon11145 has 240 seconds left.\n|c|\u2606eragon11145|gg\n|-message|eragon11145 forfeited.\n|\n|win|Xrn\n|c|\u2606Xrn|.\n|c|\u2606Xrn|NOO\n|c|\u2606Xrn|gg\n","uploadtime":1700968466,"views":287,"p1id":"xrn","p2id":"eragon11145","formatid":"gen9doublesou","rating":0,"private":0,"password":""}