{"id":"smogtours-gen9doublesou-730136","p1":"latiasatoshi","p2":"MADARAAAA","format":"[Gen 9] Doubles OU","log":"|inactive|Battle timer is ON: inactive players will automatically lose when time's up.\n|t:|1699794338\n|gametype|doubles\n|player|p1|latiasatoshi|1|\n|player|p2|MADARAAAA|#dpl8ducks|\n|teamsize|p1|6\n|teamsize|p2|6\n|gen|9\n|tier|[Gen 9] Doubles OU\n|rule|Species Clause: Limit one of each Pok\u00e9mon\n|rule|OHKO Clause: OHKO moves are banned\n|rule|Evasion Moves Clause: Evasion moves are banned\n|rule|Gravity Sleep Clause: The combination of sleep-inducing moves with imperfect accuracy and Gravity or Gigantamax Orbeetle are banned\n|rule|Endless Battle Clause: Forcing endless battles is banned\n|rule|HP Percentage Mod: HP is shown in percentages\n|clearpoke\n|poke|p1|Kommo-o, F|\n|poke|p1|Tyranitar, M|\n|poke|p1|Flutter Mane|\n|poke|p1|Amoonguss, M|\n|poke|p1|Arcanine-Hisui, F|\n|poke|p1|Milotic, F|\n|poke|p2|Gholdengo|\n|poke|p2|Ogerpon-Wellspring, F|\n|poke|p2|Flutter Mane|\n|poke|p2|Roaring Moon|\n|poke|p2|Iron Hands|\n|poke|p2|Landorus-Therian, M|\n|teampreview\n|c|\u2606MADARAAAA|gl\n|c|\u2606latiasatoshi|gl\n|inactive|latiasatoshi has 270 seconds left.\n|inactive|MADARAAAA has 270 seconds left.\n|\n|t:|1699794386\n|start\n|switch|p1a: Milotic|Milotic, F|100\/100\n|switch|p1b: Arcanine|Arcanine-Hisui, F|100\/100\n|switch|p2a: Roaring Moon|Roaring Moon|100\/100\n|switch|p2b: Ogerpon|Ogerpon-Wellspring, F|100\/100\n|-ability|p1b: Arcanine|Intimidate|boost\n|-unboost|p2a: Roaring Moon|atk|1\n|-unboost|p2b: Ogerpon|atk|1\n|-enditem|p2a: Roaring Moon|Booster Energy\n|-activate|p2a: Roaring Moon|ability: Protosynthesis|[fromitem]\n|-start|p2a: Roaring Moon|protosynthesisspe\n|turn|1\n|inactive|latiasatoshi has 270 seconds left.\n|inactive|MADARAAAA has 270 seconds left.\n|inactive|MADARAAAA has 240 seconds left.\n|\n|t:|1699794473\n|switch|p1a: Kommo-o|Kommo-o, F|100\/100\n|move|p2a: Roaring Moon|Knock Off|p1a: Kommo-o\n|-resisted|p1a: Kommo-o\n|-damage|p1a: Kommo-o|89\/100\n|-enditem|p1a: Kommo-o|Leftovers|[from] move: Knock Off|[of] p2a: Roaring Moon\n|move|p2b: Ogerpon|Taunt|p1a: Kommo-o\n|-start|p1a: Kommo-o|move: Taunt\n|move|p1b: Arcanine|Rock Slide|p2a: Roaring Moon|[spread] p2a\n|-miss|p1b: Arcanine|p2b: Ogerpon\n|-damage|p2a: Roaring Moon|58\/100\n|-damage|p1b: Arcanine|90\/100|[from] item: Life Orb\n|\n|upkeep\n|turn|2\n|inactive|MADARAAAA has 240 seconds left.\n|inactive|latiasatoshi has 270 seconds left.\n|inactive|MADARAAAA has 210 seconds left.\n|inactive|latiasatoshi has 240 seconds left.\n|\n|t:|1699794514\n|-end|p2a: Roaring Moon|Protosynthesis|[silent]\n|switch|p2a: Landorus|Landorus-Therian, M|100\/100\n|-ability|p2a: Landorus|Intimidate|boost\n|-unboost|p1a: Kommo-o|atk|1\n|-unboost|p1b: Arcanine|atk|1\n|switch|p1b: Amoonguss|Amoonguss, M|100\/100\n|move|p2b: Ogerpon|Ivy Cudgel|p1b: Amoonguss\n|-resisted|p1b: Amoonguss\n|-damage|p1b: Amoonguss|82\/100\n|move|p1a: Kommo-o|Body Press|p2a: Landorus\n|-resisted|p2a: Landorus\n|-damage|p2a: Landorus|84\/100\n|\n|upkeep\n|turn|3\n|\n|t:|1699794528\n|move|p2b: Ogerpon|Taunt|p1b: Amoonguss\n|-start|p1b: Amoonguss|move: Taunt\n|-enditem|p1b: Amoonguss|Mental Herb\n|-end|p1b: Amoonguss|move: Taunt\n|move|p1a: Kommo-o|Body Press|p2b: Ogerpon\n|-damage|p2b: Ogerpon|59\/100\n|move|p2a: Landorus|Stealth Rock|p1b: Amoonguss\n|-sidestart|p1: latiasatoshi|move: Stealth Rock\n|move|p1b: Amoonguss|Spore|p2a: Landorus\n|-status|p2a: Landorus|slp|[from] move: Spore\n|\n|-end|p1a: Kommo-o|move: Taunt\n|upkeep\n|turn|4\n|inactive|MADARAAAA has 240 seconds left.\n|inactive|latiasatoshi has 270 seconds left.\n|\n|t:|1699794540\n|switch|p2a: Gholdengo|Gholdengo|100\/100\n|move|p1b: Amoonguss|Rage Powder|p1b: Amoonguss\n|-singleturn|p1b: Amoonguss|move: Rage Powder\n|move|p2b: Ogerpon|Taunt|p1a: Kommo-o\n|-start|p1a: Kommo-o|move: Taunt\n|cant|p1a: Kommo-o|move: Taunt|Iron Defense\n|\n|upkeep\n|turn|5\n|inactive|MADARAAAA has 240 seconds left.\n|inactive|latiasatoshi has 270 seconds left.\n|inactive|MADARAAAA has 210 seconds left.\n|\n|t:|1699794601\n|switch|p1b: Arcanine|Arcanine-Hisui, F|90\/100\n|-damage|p1b: Arcanine|65\/100|[from] Stealth Rock\n|-ability|p1b: Arcanine|Intimidate|boost\n|-unboost|p2a: Gholdengo|atk|1\n|-unboost|p2b: Ogerpon|atk|1\n|move|p2b: Ogerpon|Ivy Cudgel|p1b: Arcanine\n|-supereffective|p1b: Arcanine\n|-crit|p1b: Arcanine\n|-damage|p1b: Arcanine|0 fnt\n|faint|p1b: Arcanine\n|move|p1a: Kommo-o|Flamethrower|p2a: Gholdengo\n|-supereffective|p2a: Gholdengo\n|-damage|p2a: Gholdengo|63\/100\n|-status|p2a: Gholdengo|brn\n|move|p2a: Gholdengo|Nasty Plot|p2a: Gholdengo\n|-boost|p2a: Gholdengo|spa|2\n|\n|-heal|p2a: Gholdengo|69\/100 brn|[from] item: Leftovers\n|-damage|p2a: Gholdengo|63\/100 brn|[from] brn\n|upkeep\n|inactive|latiasatoshi has 240 seconds left.\n|\n|t:|1699794625\n|switch|p1b: Flutter Mane|Flutter Mane|100\/100\n|-damage|p1b: Flutter Mane|88\/100|[from] Stealth Rock\n|turn|6\n|inactive|latiasatoshi has 240 seconds left.\n|inactive|latiasatoshi has 210 seconds left.\n|inactive|MADARAAAA has 210 seconds left.\n|inactive|MADARAAAA has 180 seconds left.\n|inactive|latiasatoshi has 180 seconds left.\n|\n|t:|1699794717\n|-terastallize|p2a: Gholdengo|Fairy\n|move|p2b: Ogerpon|Follow Me|p2b: Ogerpon\n|-singleturn|p2b: Ogerpon|move: Follow Me\n|move|p1b: Flutter Mane|Moonblast|p2b: Ogerpon\n|-damage|p2b: Ogerpon|0 fnt\n|faint|p2b: Ogerpon\n|move|p1a: Kommo-o|Flamethrower|p2a: Gholdengo\n|-damage|p2a: Gholdengo|43\/100 brn\n|move|p2a: Gholdengo|Make It Rain|p1b: Flutter Mane|[spread] p1a,p1b\n|-supereffective|p1b: Flutter Mane\n|-damage|p1a: Kommo-o|0 fnt\n|-damage|p1b: Flutter Mane|0 fnt\n|-unboost|p2a: Gholdengo|spa|1\n|faint|p1a: Kommo-o\n|faint|p1b: Flutter Mane\n|-end|p1b: Flutter Mane|Protosynthesis|[silent]\n|\n|-heal|p2a: Gholdengo|49\/100 brn|[from] item: Leftovers\n|-damage|p2a: Gholdengo|43\/100 brn|[from] brn\n|upkeep\n|inactive|MADARAAAA has 180 seconds left.\n|inactive|MADARAAAA has 150 seconds left.\n|inactive|MADARAAAA has 120 seconds left.\n|\n|t:|1699794800\n|switch|p1b: Tyranitar|Tyranitar, M|100\/100\n|switch|p2b: Iron Hands|Iron Hands|100\/100\n|switch|p1a: Milotic|Milotic, F|100\/100\n|-damage|p1a: Milotic|88\/100|[from] Stealth Rock\n|-damage|p1b: Tyranitar|88\/100|[from] Stealth Rock\n|-weather|Sandstorm|[from] ability: Sand Stream|[of] p1b: Tyranitar\n|turn|7\n|inactive|latiasatoshi has 210 seconds left.\n|inactive|latiasatoshi has 180 seconds left.\n|inactive|MADARAAAA has 120 seconds left.\n|\n|t:|1699794859\n|move|p2b: Iron Hands|Fake Out|p1a: Milotic\n|-damage|p1a: Milotic|75\/100\n|move|p2a: Gholdengo|Shadow Ball|p1a: Milotic\n|-damage|p1a: Milotic|36\/100\n|cant|p1a: Milotic|flinch\n|move|p1b: Tyranitar|Rock Slide|p2b: Iron Hands|[spread] p2a,p2b\n|-resisted|p2b: Iron Hands\n|-damage|p2a: Gholdengo|11\/100 brn\n|-damage|p2b: Iron Hands|90\/100\n|\n|-weather|Sandstorm|[upkeep]\n|-damage|p2a: Gholdengo|4\/100 brn|[from] Sandstorm\n|-damage|p1a: Milotic|29\/100|[from] Sandstorm\n|-damage|p2b: Iron Hands|84\/100|[from] Sandstorm\n|-heal|p2a: Gholdengo|11\/100 brn|[from] item: Leftovers\n|-heal|p1a: Milotic|36\/100|[from] item: Leftovers\n|-damage|p2a: Gholdengo|4\/100 brn|[from] brn\n|upkeep\n|turn|8\n|inactive|latiasatoshi has 180 seconds left.\n|inactive|latiasatoshi has 150 seconds left.\n|inactive|MADARAAAA has 120 seconds left.\n|\n|t:|1699794915\n|-terastallize|p1b: Tyranitar|Fairy\n|move|p2a: Gholdengo|Make It Rain|p1b: Tyranitar|[spread] p1a,p1b\n|-resisted|p1a: Milotic\n|-supereffective|p1b: Tyranitar\n|-damage|p1a: Milotic|15\/100\n|-damage|p1b: Tyranitar|0 fnt\n|-unboost|p2a: Gholdengo|spa|1\n|faint|p1b: Tyranitar\n|move|p1a: Milotic|Coil|p1a: Milotic\n|-boost|p1a: Milotic|atk|1\n|-boost|p1a: Milotic|def|1\n|-boost|p1a: Milotic|accuracy|1\n|move|p2b: Iron Hands|Drain Punch|p1a: Milotic\n|-damage|p1a: Milotic|0 fnt\n|-heal|p2b: Iron Hands|90\/100|[from] drain|[of] p1a: Milotic\n|faint|p1a: Milotic\n|\n|-weather|Sandstorm|[upkeep]\n|-damage|p2a: Gholdengo|0 fnt|[from] Sandstorm\n|-damage|p2b: Iron Hands|84\/100|[from] Sandstorm\n|faint|p2a: Gholdengo\n|upkeep\n|c|\u2606latiasatoshi|gg\n|inactive|latiasatoshi has 150 seconds left.\n|c|\u2606MADARAAAA|gg\n|-message|latiasatoshi forfeited.\n|\n|win|MADARAAAA\n","uploadtime":1699794929,"views":124,"p1id":"latiasatoshi","p2id":"madaraaaa","formatid":"gen9doublesou","rating":0,"private":0,"password":""}