{"id":"smogtours-gen9doublesou-731488","p1":"Xrn","p2":"Feyette","format":"[Gen 9] Doubles OU","log":"|inactive|Battle timer is ON: inactive players will automatically lose when time's up.\n|t:|1700408908\n|gametype|doubles\n|player|p1|Xrn|#scl3platoon|\n|player|p2|Feyette|#scl3dynamos|\n|teamsize|p1|6\n|teamsize|p2|6\n|gen|9\n|tier|[Gen 9] Doubles OU\n|rule|Species Clause: Limit one of each Pok\u00e9mon\n|rule|OHKO Clause: OHKO moves are banned\n|rule|Evasion Moves Clause: Evasion moves are banned\n|rule|Gravity Sleep Clause: The combination of sleep-inducing moves with imperfect accuracy and Gravity or Gigantamax Orbeetle are banned\n|rule|Endless Battle Clause: Forcing endless battles is banned\n|rule|HP Percentage Mod: HP is shown in percentages\n|clearpoke\n|poke|p1|Landorus-Therian, M|\n|poke|p1|Flutter Mane|\n|poke|p1|Rillaboom, F|\n|poke|p1|Volcanion|\n|poke|p1|Okidogi, M|\n|poke|p1|Roaring Moon|\n|poke|p2|Kommo-o, M|\n|poke|p2|Glimmora, M|\n|poke|p2|Landorus-Therian, M|\n|poke|p2|Kingambit, F|\n|poke|p2|Rillaboom, F|\n|poke|p2|Flutter Mane|\n|teampreview\n|inactive|Xrn also wants the timer to be on.\n|c|\u2606Feyette|gl hf\n|raw|<div class=\"broadcast-red\"><strong>Moderated chat was set to \u2606!<\/strong><br \/>Only users of rank \u2606 and higher can talk.<\/div>\n|c|\u2606Xrn|u2\n|inactive|Xrn has 270 seconds left.\n|inactive|Feyette has 270 seconds left.\n|inactive|Xrn has 240 seconds left.\n|inactive|Xrn has 210 seconds left.\n|\n|t:|1700409015\n|start\n|switch|p1a: Geyser|Volcanion|100\/100\n|switch|p1b: Old Friend|Landorus-Therian, M, shiny|100\/100\n|switch|p2a: Glimmora|Glimmora, M|100\/100\n|switch|p2b: Flutter Mane|Flutter Mane|100\/100\n|-ability|p1b: Old Friend|Intimidate|boost\n|-unboost|p2a: Glimmora|atk|1\n|-unboost|p2b: Flutter Mane|atk|1\n|-enditem|p2b: Flutter Mane|Booster Energy\n|-activate|p2b: Flutter Mane|ability: Protosynthesis|[fromitem]\n|-start|p2b: Flutter Mane|protosynthesisspe\n|turn|1\n|inactive|Xrn has 270 seconds left.\n|inactive|Feyette has 270 seconds left.\n|inactive|Xrn has 240 seconds left.\n|\n|t:|1700409080\n|-terastallize|p1a: Geyser|Fairy\n|move|p2b: Flutter Mane|Protect|p2b: Flutter Mane\n|-singleturn|p2b: Flutter Mane|Protect\n|move|p2a: Glimmora|Spiky Shield|p2a: Glimmora\n|-singleturn|p2a: Glimmora|move: Protect\n|move|p1b: Old Friend|U-turn|p2a: Glimmora\n|-activate|p2a: Glimmora|move: Protect\n|-damage|p1b: Old Friend|88\/100|[from] Spiky Shield|[of] p2a: Glimmora\n|move|p1a: Geyser|Steam Eruption|p2a: Glimmora\n|-activate|p2a: Glimmora|move: Protect\n|\n|upkeep\n|turn|2\n|inactive|Xrn has 240 seconds left.\n|inactive|Feyette has 270 seconds left.\n|inactive|Xrn has 210 seconds left.\n|inactive|Feyette has 240 seconds left.\n|\n|t:|1700409150\n|move|p2b: Flutter Mane|Moonblast|p1b: Old Friend\n|-damage|p1b: Old Friend|39\/100\n|-enditem|p1b: Old Friend|Sitrus Berry|[eat]\n|-heal|p1b: Old Friend|64\/100|[from] item: Sitrus Berry\n|move|p2a: Glimmora|Stealth Rock|p1a: Geyser\n|-sidestart|p1: Xrn|move: Stealth Rock\n|move|p1b: Old Friend|Stomping Tantrum|p2b: Flutter Mane\n|-damage|p2b: Flutter Mane|18\/100\n|move|p1a: Geyser|Steam Eruption|p2b: Flutter Mane\n|-damage|p2b: Flutter Mane|0 fnt\n|faint|p2b: Flutter Mane\n|-end|p2b: Flutter Mane|Protosynthesis|[silent]\n|\n|upkeep\n|inactive|Feyette has 210 seconds left.\n|inactive|Feyette has 180 seconds left.\n|\n|t:|1700409209\n|switch|p2b: Rillaboom|Rillaboom, F|100\/100\n|-fieldstart|move: Grassy Terrain|[from] ability: Grassy Surge|[of] p2b: Rillaboom\n|turn|3\n|inactive|Xrn has 210 seconds left.\n|\n|t:|1700409223\n|move|p1a: Geyser|Protect|p1a: Geyser\n|-singleturn|p1a: Geyser|Protect\n|move|p2a: Glimmora|Power Gem|p1a: Geyser\n|-activate|p1a: Geyser|move: Protect\n|move|p1b: Old Friend|U-turn|p2b: Rillaboom\n|-supereffective|p2b: Rillaboom\n|-damage|p2b: Rillaboom|54\/100\n|\n|t:|1700409234\n|switch|p1b: Two Slow Dancers|Rillaboom, F, shiny|100\/100|[from] U-turn\n|-damage|p1b: Two Slow Dancers|88\/100|[from] Stealth Rock\n|move|p2b: Rillaboom|Wood Hammer|p1a: Geyser\n|-activate|p1a: Geyser|move: Protect\n|\n|-heal|p2b: Rillaboom|61\/100|[from] Grassy Terrain\n|-heal|p1b: Two Slow Dancers|94\/100|[from] Grassy Terrain\n|upkeep\n|turn|4\n|inactive|Xrn has 210 seconds left.\n|inactive|Feyette has 210 seconds left.\n|inactive|Feyette has 180 seconds left.\n|\n|t:|1700409291\n|switch|p2b: Landorus|Landorus-Therian, M|100\/100\n|-ability|p2b: Landorus|Intimidate|boost\n|-unboost|p1a: Geyser|atk|1\n|-unboost|p1b: Two Slow Dancers|atk|1\n|move|p1b: Two Slow Dancers|Fake Out|p2b: Landorus\n|-damage|p2b: Landorus|90\/100\n|move|p2a: Glimmora|Power Gem|p1a: Geyser\n|-damage|p1a: Geyser|61\/100\n|move|p1a: Geyser|Steam Eruption|p2a: Glimmora\n|-supereffective|p2a: Glimmora\n|-damage|p2a: Glimmora|0 fnt\n|faint|p2a: Glimmora\n|\n|-heal|p1b: Two Slow Dancers|100\/100|[from] Grassy Terrain\n|-heal|p1a: Geyser|67\/100|[from] Grassy Terrain\n|-heal|p1a: Geyser|73\/100|[from] item: Leftovers\n|upkeep\n|inactive|Feyette has 150 seconds left.\n|\n|t:|1700409322\n|switch|p2a: Kingambit|Kingambit, F|100\/100\n|turn|5\n|inactive|Xrn has 210 seconds left.\n|inactive|Feyette has 150 seconds left.\n|inactive|Xrn has 180 seconds left.\n|inactive|Xrn has 150 seconds left.\n|inactive|Feyette has 120 seconds left.\n|inactive|Xrn has 120 seconds left.\n|inactive|Feyette has 90 seconds left.\n|\n|t:|1700409448\n|-terastallize|p2a: Kingambit|Fire\n|move|p2b: Landorus|U-turn|p1b: Two Slow Dancers\n|-supereffective|p1b: Two Slow Dancers\n|-damage|p1b: Two Slow Dancers|44\/100\n|\n|t:|1700409463\n|switch|p2b: Kommo-o|Kommo-o, M|100\/100|[from] U-turn\n|move|p1b: Two Slow Dancers|U-turn|p2b: Kommo-o\n|-resisted|p2b: Kommo-o\n|-damage|p2b: Kommo-o|95\/100\n|\n|t:|1700409467\n|switch|p1b: Lonesome Love|Roaring Moon|100\/100|[from] U-turn\n|-damage|p1b: Lonesome Love|88\/100|[from] Stealth Rock\n|-enditem|p1b: Lonesome Love|Booster Energy\n|-activate|p1b: Lonesome Love|ability: Protosynthesis|[fromitem]\n|-start|p1b: Lonesome Love|protosynthesisspe\n|move|p1a: Geyser|Will-O-Wisp|p2a: Kingambit\n|-immune|p2a: Kingambit\n|move|p2a: Kingambit|Iron Head|p1a: Geyser\n|-supereffective|p1a: Geyser\n|-damage|p1a: Geyser|0 fnt\n|faint|p1a: Geyser\n|\n|-heal|p1b: Lonesome Love|94\/100|[from] Grassy Terrain\n|-heal|p2b: Kommo-o|100\/100|[from] Grassy Terrain\n|upkeep\n|inactive|Xrn has 120 seconds left.\n|\n|t:|1700409472\n|switch|p1a: Pink in the Night|Okidogi, M|100\/100\n|-damage|p1a: Pink in the Night|94\/100|[from] Stealth Rock\n|turn|6\n|inactive|Feyette has 90 seconds left.\n|\n|t:|1700409498\n|move|p1b: Lonesome Love|Knock Off|p2a: Kingambit\n|-damage|p2a: Kingambit|64\/100\n|-enditem|p2a: Kingambit|Assault Vest|[from] move: Knock Off|[of] p1b: Lonesome Love\n|move|p2b: Kommo-o|Iron Defense|p2b: Kommo-o\n|-boost|p2b: Kommo-o|def|2\n|move|p1a: Pink in the Night|Bulk Up|p1a: Pink in the Night\n|-boost|p1a: Pink in the Night|atk|1\n|-boost|p1a: Pink in the Night|def|1\n|move|p2a: Kingambit|Low Kick|p1b: Lonesome Love\n|-supereffective|p1b: Lonesome Love\n|-damage|p1b: Lonesome Love|0 fnt\n|faint|p1b: Lonesome Love\n|-end|p1b: Lonesome Love|Protosynthesis|[silent]\n|\n|-heal|p1a: Pink in the Night|100\/100|[from] Grassy Terrain\n|-heal|p2a: Kingambit|70\/100|[from] Grassy Terrain\n|upkeep\n|\n|t:|1700409506\n|switch|p1b: A Pearl|Flutter Mane|100\/100\n|-damage|p1b: A Pearl|88\/100|[from] Stealth Rock\n|turn|7\n|inactive|Feyette has 90 seconds left.\n|inactive|Feyette has 60 seconds left.\n|\n|t:|1700409573\n|move|p1b: A Pearl|Protect|p1b: A Pearl\n|-singleturn|p1b: A Pearl|Protect\n|move|p2b: Kommo-o|Protect|p2b: Kommo-o\n|-singleturn|p2b: Kommo-o|Protect\n|move|p2a: Kingambit|Sucker Punch||[still]\n|-fail|p2a: Kingambit\n|move|p1a: Pink in the Night|Poison Jab|p2a: Kingambit\n|-damage|p2a: Kingambit|36\/100\n|-status|p2a: Kingambit|psn\n|\n|-heal|p1b: A Pearl|94\/100|[from] Grassy Terrain\n|-heal|p2a: Kingambit|42\/100 psn|[from] Grassy Terrain\n|-damage|p2a: Kingambit|30\/100 psn|[from] psn\n|-fieldend|move: Grassy Terrain\n|upkeep\n|turn|8\n|inactive|Xrn has 150 seconds left.\n|inactive|Feyette has 60 seconds left.\n|inactive|Xrn has 120 seconds left.\n|\n|t:|1700409627\n|-end|p1b: A Pearl|Protosynthesis|[silent]\n|switch|p1b: Two Slow Dancers|Rillaboom, F, shiny|44\/100\n|-damage|p1b: Two Slow Dancers|31\/100|[from] Stealth Rock\n|-fieldstart|move: Grassy Terrain|[from] ability: Grassy Surge|[of] p1b: Two Slow Dancers\n|switch|p2b: Rillaboom|Rillaboom, F|61\/100\n|move|p2a: Kingambit|Sucker Punch||[still]\n|-fail|p2a: Kingambit\n|move|p1a: Pink in the Night|Bulk Up|p1a: Pink in the Night\n|-boost|p1a: Pink in the Night|atk|1\n|-boost|p1a: Pink in the Night|def|1\n|\n|-heal|p2b: Rillaboom|67\/100|[from] Grassy Terrain\n|-heal|p1b: Two Slow Dancers|37\/100|[from] Grassy Terrain\n|-heal|p2a: Kingambit|36\/100 psn|[from] Grassy Terrain\n|-damage|p2a: Kingambit|23\/100 psn|[from] psn\n|upkeep\n|turn|9\n|inactive|Xrn has 120 seconds left.\n|\n|t:|1700409662\n|switch|p2a: Kommo-o|Kommo-o, M|100\/100\n|move|p1b: Two Slow Dancers|Fake Out|p2a: Kommo-o\n|-damage|p2a: Kommo-o|91\/100\n|move|p2b: Rillaboom|U-turn|p1b: Two Slow Dancers\n|-supereffective|p1b: Two Slow Dancers\n|-damage|p1b: Two Slow Dancers|0 fnt\n|faint|p1b: Two Slow Dancers\n|\n|t:|1700409668\n|switch|p2b: Kingambit|Kingambit, F, tera:Fire|23\/100 psn|[from] U-turn\n|move|p1a: Pink in the Night|Bulk Up|p1a: Pink in the Night\n|-boost|p1a: Pink in the Night|atk|1\n|-boost|p1a: Pink in the Night|def|1\n|\n|-heal|p2a: Kommo-o|98\/100|[from] Grassy Terrain\n|-heal|p2a: Kommo-o|100\/100|[from] item: Leftovers\n|-heal|p2b: Kingambit|30\/100 psn|[from] Grassy Terrain\n|-damage|p2b: Kingambit|17\/100 psn|[from] psn\n|upkeep\n|\n|t:|1700409683\n|switch|p1b: Old Friend|Landorus-Therian, M, shiny|64\/100\n|-damage|p1b: Old Friend|52\/100|[from] Stealth Rock\n|-ability|p1b: Old Friend|Intimidate|boost\n|-unboost|p2a: Kommo-o|atk|1\n|-unboost|p2b: Kingambit|atk|1\n|-ability|p2b: Kingambit|Defiant|boost\n|-boost|p2b: Kingambit|atk|2\n|turn|10\n|inactive|Feyette has 60 seconds left.\n|\n|t:|1700409704\n|move|p2b: Kingambit|Sucker Punch||[still]\n|-fail|p2b: Kingambit\n|move|p2a: Kommo-o|Iron Defense|p2a: Kommo-o\n|-boost|p2a: Kommo-o|def|2\n|move|p1b: Old Friend|Taunt|p2a: Kommo-o\n|-start|p2a: Kommo-o|move: Taunt\n|move|p1a: Pink in the Night|Drain Punch|p2b: Kingambit\n|-damage|p2b: Kingambit|0 fnt\n|faint|p2b: Kingambit\n|\n|upkeep\n|\n|t:|1700409710\n|switch|p2b: Rillaboom|Rillaboom, F|67\/100\n|turn|11\n|\n|t:|1700409724\n|move|p2b: Rillaboom|Fake Out|p1a: Pink in the Night\n|-crit|p1a: Pink in the Night\n|-damage|p1a: Pink in the Night|83\/100\n|move|p2a: Kommo-o|Flamethrower|p1a: Pink in the Night\n|-damage|p1a: Pink in the Night|68\/100\n|move|p1b: Old Friend|Stealth Rock|p2b: Rillaboom\n|-sidestart|p2: Feyette|move: Stealth Rock\n|cant|p1a: Pink in the Night|flinch\n|\n|-heal|p2b: Rillaboom|73\/100|[from] Grassy Terrain\n|-heal|p1a: Pink in the Night|74\/100|[from] Grassy Terrain\n|-heal|p1a: Pink in the Night|80\/100|[from] item: Leftovers\n|upkeep\n|turn|12\n|inactive|Feyette has 90 seconds left.\n|inactive|Xrn has 150 seconds left.\n|\n|t:|1700409755\n|move|p2a: Kommo-o|Flamethrower|p1a: Pink in the Night\n|-damage|p1a: Pink in the Night|64\/100\n|move|p1b: Old Friend|Stomping Tantrum|p2b: Rillaboom\n|-resisted|p2b: Rillaboom\n|-damage|p2b: Rillaboom|54\/100\n|move|p2b: Rillaboom|U-turn|p1a: Pink in the Night\n|-resisted|p1a: Pink in the Night\n|-damage|p1a: Pink in the Night|62\/100\n|\n|t:|1700409761\n|switch|p2b: Landorus|Landorus-Therian, M|90\/100|[from] U-turn\n|-damage|p2b: Landorus|78\/100|[from] Stealth Rock\n|-ability|p2b: Landorus|Intimidate|boost\n|-ability|p1a: Pink in the Night|Guard Dog|boost\n|-boost|p1a: Pink in the Night|atk|1\n|-unboost|p1b: Old Friend|atk|1\n|move|p1a: Pink in the Night|Drain Punch|p2b: Landorus\n|-resisted|p2b: Landorus\n|-damage|p2b: Landorus|27\/100\n|-heal|p1a: Pink in the Night|84\/100|[from] drain|[of] p2b: Landorus\n|\n|-heal|p1a: Pink in the Night|90\/100|[from] Grassy Terrain\n|-heal|p1a: Pink in the Night|96\/100|[from] item: Leftovers\n|-fieldend|move: Grassy Terrain\n|upkeep\n|turn|13\n|inactive|Feyette has 90 seconds left.\n|\n|t:|1700409777\n|move|p2b: Landorus|Stomping Tantrum|p1a: Pink in the Night\n|-supereffective|p1a: Pink in the Night\n|-damage|p1a: Pink in the Night|65\/100\n|move|p2a: Kommo-o|Flamethrower|p1a: Pink in the Night\n|-crit|p1a: Pink in the Night\n|-damage|p1a: Pink in the Night|41\/100\n|-status|p1a: Pink in the Night|brn\n|move|p1b: Old Friend|U-turn|p2b: Landorus\n|-resisted|p2b: Landorus\n|-damage|p2b: Landorus|17\/100\n|\n|t:|1700409780\n|switch|p1b: A Pearl|Flutter Mane|94\/100|[from] U-turn\n|-damage|p1b: A Pearl|82\/100|[from] Stealth Rock\n|move|p1a: Pink in the Night|Drain Punch|p2b: Landorus\n|-resisted|p2b: Landorus\n|-damage|p2b: Landorus|0 fnt\n|-heal|p1a: Pink in the Night|49\/100 brn|[from] drain|[of] p2b: Landorus\n|faint|p2b: Landorus\n|\n|-heal|p1a: Pink in the Night|55\/100 brn|[from] item: Leftovers\n|-damage|p1a: Pink in the Night|49\/100 brn|[from] brn\n|-end|p2a: Kommo-o|move: Taunt\n|upkeep\n|\n|t:|1700409783\n|switch|p2b: Rillaboom|Rillaboom, F|54\/100\n|-damage|p2b: Rillaboom|42\/100|[from] Stealth Rock\n|-fieldstart|move: Grassy Terrain|[from] ability: Grassy Surge|[of] p2b: Rillaboom\n|turn|14\n|inactive|Xrn has 180 seconds left.\n|inactive|Feyette has 90 seconds left.\n|\n|t:|1700409821\n|-end|p1b: A Pearl|Protosynthesis|[silent]\n|switch|p1b: Old Friend|Landorus-Therian, M, shiny|52\/100\n|-damage|p1b: Old Friend|40\/100|[from] Stealth Rock\n|-ability|p1b: Old Friend|Intimidate|boost\n|-unboost|p2a: Kommo-o|atk|1\n|-unboost|p2b: Rillaboom|atk|1\n|move|p1a: Pink in the Night|Protect|p1a: Pink in the Night\n|-singleturn|p1a: Pink in the Night|Protect\n|move|p2b: Rillaboom|Fake Out|p1a: Pink in the Night\n|-activate|p1a: Pink in the Night|move: Protect\n|move|p2a: Kommo-o|Flamethrower|p1a: Pink in the Night\n|-activate|p1a: Pink in the Night|move: Protect\n|\n|-heal|p2b: Rillaboom|48\/100|[from] Grassy Terrain\n|-heal|p1a: Pink in the Night|55\/100 brn|[from] Grassy Terrain\n|-heal|p1a: Pink in the Night|61\/100 brn|[from] item: Leftovers\n|-damage|p1a: Pink in the Night|55\/100 brn|[from] brn\n|upkeep\n|turn|15\n|inactive|Feyette has 90 seconds left.\n|inactive|Xrn has 180 seconds left.\n|\n|t:|1700409876\n|move|p2a: Kommo-o|Iron Defense|p2a: Kommo-o\n|-boost|p2a: Kommo-o|def|2\n|move|p1b: Old Friend|Stomping Tantrum|p2b: Rillaboom\n|-resisted|p2b: Rillaboom\n|-damage|p2b: Rillaboom|28\/100\n|move|p2b: Rillaboom|Wood Hammer|p1b: Old Friend\n|-damage|p1b: Old Friend|0 fnt\n|faint|p1b: Old Friend\n|-damage|p2b: Rillaboom|15\/100|[from] Recoil\n|move|p1a: Pink in the Night|Poison Jab|p2b: Rillaboom\n|-supereffective|p2b: Rillaboom\n|-damage|p2b: Rillaboom|0 fnt\n|faint|p2b: Rillaboom\n|\n|-heal|p1a: Pink in the Night|61\/100 brn|[from] Grassy Terrain\n|-heal|p1a: Pink in the Night|67\/100 brn|[from] item: Leftovers\n|-damage|p1a: Pink in the Night|61\/100 brn|[from] brn\n|upkeep\n|\n|t:|1700409879\n|switch|p1b: A Pearl|Flutter Mane|82\/100\n|-damage|p1b: A Pearl|70\/100|[from] Stealth Rock\n|turn|16\n|c|\u2606Feyette|gg\n|c|\u2606Xrn|gg\n|inactive|Feyette has 90 seconds left.\n|\n|t:|1700409886\n|move|p1b: A Pearl|Moonblast|p2a: Kommo-o\n|-supereffective|p2a: Kommo-o\n|-damage|p2a: Kommo-o|0 fnt\n|faint|p2a: Kommo-o\n|\n|win|Xrn\n","uploadtime":1700409887,"views":168,"p1id":"xrn","p2id":"feyette","formatid":"gen9doublesou","rating":0,"private":0,"password":""}