{"id":"smogtours-gen9doublesou-728516","p1":"InkVG","p2":"MichaelderBeste2","format":"[Gen 9] Doubles OU","log":"|inactive|Battle timer is ON: inactive players will automatically lose when time's up.\n|t:|1699111083\n|gametype|doubles\n|player|p1|InkVG|#inkvg|\n|player|p2|MichaelderBeste2|#wcop2023germany|\n|teamsize|p1|6\n|teamsize|p2|6\n|gen|9\n|tier|[Gen 9] Doubles OU\n|rule|Species Clause: Limit one of each Pok\u00e9mon\n|rule|OHKO Clause: OHKO moves are banned\n|rule|Evasion Moves Clause: Evasion moves are banned\n|rule|Gravity Sleep Clause: The combination of sleep-inducing moves with imperfect accuracy and Gravity or Gigantamax Orbeetle are banned\n|rule|Endless Battle Clause: Forcing endless battles is banned\n|rule|HP Percentage Mod: HP is shown in percentages\n|clearpoke\n|poke|p1|Iron Hands|\n|poke|p1|Landorus-Therian, M|\n|poke|p1|Chi-Yu|\n|poke|p1|Flutter Mane|\n|poke|p1|Ogerpon-Wellspring, F|\n|poke|p1|Kingambit, M|\n|poke|p2|Cresselia, F|\n|poke|p2|Chien-Pao|\n|poke|p2|Flutter Mane|\n|poke|p2|Ursaluna-Bloodmoon, M|\n|poke|p2|Ogerpon-Hearthflame, F|\n|poke|p2|Iron Hands|\n|teampreview\n|c|\u2606MichaelderBeste2|hf\n|c|\u2606InkVG|U2\n|inactive|InkVG has 270 seconds left.\n|inactive|MichaelderBeste2 has 270 seconds left.\n|c|+AIRedzone|Let's go Sid\n|inactive|MichaelderBeste2 has 240 seconds left.\n|inactive|InkVG has 240 seconds left.\n|\n|t:|1699111164\n|start\n|switch|p1a: Flutter Mane|Flutter Mane|100\/100\n|switch|p1b: Chi-Yu|Chi-Yu|100\/100\n|switch|p2a: Iron Hands|Iron Hands|100\/100\n|switch|p2b: Cresselia|Cresselia, F|100\/100\n|-ability|p1b: Chi-Yu|Beads of Ruin\n|-enditem|p1a: Flutter Mane|Booster Energy\n|-activate|p1a: Flutter Mane|ability: Protosynthesis|[fromitem]\n|-start|p1a: Flutter Mane|protosynthesisspe\n|turn|1\n|c|+Eragon11145|kyogre avi so good\n|inactive|InkVG has 270 seconds left.\n|inactive|MichaelderBeste2 has 270 seconds left.\n|c|+Piyush21|Eragon hi \n|inactive|InkVG has 240 seconds left.\n|\n|t:|1699111230\n|switch|p2b: Chien-Pao|Chien-Pao|100\/100\n|-ability|p2b: Chien-Pao|Sword of Ruin\n|-terastallize|p2a: Iron Hands|Fire\n|move|p1a: Flutter Mane|Moonblast|p2a: Iron Hands\n|-resisted|p2a: Iron Hands\n|-damage|p2a: Iron Hands|85\/100\n|move|p1b: Chi-Yu|Overheat|p2a: Iron Hands|[miss]\n|-miss|p1b: Chi-Yu|p2a: Iron Hands\n|move|p2a: Iron Hands|Wild Charge|p1a: Flutter Mane\n|-damage|p1a: Flutter Mane|0 fnt\n|faint|p1a: Flutter Mane\n|-end|p1a: Flutter Mane|Protosynthesis|[silent]\n|-damage|p2a: Iron Hands|69\/100|[from] Recoil\n|\n|upkeep\n|c|+Eragon11145|hi piyush\n|\n|t:|1699111240\n|switch|p1a: Landorus|Landorus-Therian, M|100\/100\n|-ability|p1a: Landorus|Intimidate|boost\n|-unboost|p2a: Iron Hands|atk|1\n|-unboost|p2b: Chien-Pao|atk|1\n|turn|2\n|inactive|InkVG has 240 seconds left.\n|\n|t:|1699111277\n|switch|p1a: Iron Hands|Iron Hands|100\/100\n|-terastallize|p1b: Chi-Yu|Ghost\n|move|p2b: Chien-Pao|Ice Spinner|p1a: Iron Hands\n|-damage|p1a: Iron Hands|79\/100\n|move|p1b: Chi-Yu|Overheat|p2b: Chien-Pao\n|-supereffective|p2b: Chien-Pao\n|-enditem|p2b: Chien-Pao|Focus Sash\n|-damage|p2b: Chien-Pao|1\/100\n|-unboost|p1b: Chi-Yu|spa|2\n|move|p2a: Iron Hands|Volt Switch|p1a: Iron Hands\n|-resisted|p1a: Iron Hands\n|-damage|p1a: Iron Hands|74\/100\n|inactive|MichaelderBeste2 has 270 seconds left.\n|inactive|InkVG disconnected and has 300 seconds to reconnect!\n|player|p1|\n|inactive|MichaelderBeste2 has 240 seconds left.\n|inactive|InkVG reconnected.\n|player|p1|InkVG|#inkvg\n|\n|t:|1699111343\n|-end|p2a: Iron Hands|Quark Drive|[silent]\n|switch|p2a: Flutter Mane|Flutter Mane|100\/100|[from] Volt Switch\n|-enditem|p2a: Flutter Mane|Booster Energy\n|-activate|p2a: Flutter Mane|ability: Protosynthesis|[fromitem]\n|-start|p2a: Flutter Mane|protosynthesisspe\n|\n|upkeep\n|turn|3\n|inactive|InkVG has 240 seconds left.\n|\n|t:|1699111363\n|switch|p1b: Landorus|Landorus-Therian, M|100\/100\n|-ability|p1b: Landorus|Intimidate|boost\n|-unboost|p2a: Flutter Mane|atk|1\n|-unboost|p2b: Chien-Pao|atk|1\n|move|p2a: Flutter Mane|Moonblast|p1a: Iron Hands\n|-supereffective|p1a: Iron Hands\n|-damage|p1a: Iron Hands|28\/100\n|move|p2b: Chien-Pao|Ice Spinner|p1a: Iron Hands\n|-damage|p1a: Iron Hands|10\/100\n|move|p1a: Iron Hands|Heavy Slam|p2a: Flutter Mane\n|-supereffective|p2a: Flutter Mane\n|-damage|p2a: Flutter Mane|0 fnt\n|faint|p2a: Flutter Mane\n|-end|p2a: Flutter Mane|Protosynthesis|[silent]\n|\n|upkeep\n|inactive|MichaelderBeste2 has 240 seconds left.\n|\n|t:|1699111381\n|switch|p2a: Cresselia|Cresselia, F|100\/100\n|turn|4\n|inactive|MichaelderBeste2 has 240 seconds left.\n|\n|t:|1699111412\n|switch|p1b: Kingambit|Kingambit, M|100\/100\n|move|p2b: Chien-Pao|Ice Spinner|p1b: Kingambit\n|-resisted|p1b: Kingambit\n|-damage|p1b: Kingambit|91\/100\n|move|p1a: Iron Hands|Heavy Slam|p2a: Cresselia\n|-damage|p2a: Cresselia|67\/100\n|move|p2a: Cresselia|Trick Room|p2a: Cresselia\n|-fieldstart|move: Trick Room|[of] p2a: Cresselia\n|\n|upkeep\n|turn|5\n|inactive|InkVG has 270 seconds left.\n|\n|t:|1699111426\n|switch|p2b: Iron Hands|Iron Hands, tera:Fire|69\/100\n|move|p1b: Kingambit|Swords Dance|p1b: Kingambit\n|-boost|p1b: Kingambit|atk|2\n|move|p2a: Cresselia|Lunar Blessing|p2a: Cresselia|[spread] p2a,p2b\n|-heal|p2a: Cresselia|92\/100\n|-heal|p2b: Iron Hands|94\/100\n|move|p1a: Iron Hands|Drain Punch|p2b: Iron Hands\n|-damage|p2b: Iron Hands|66\/100\n|-heal|p1a: Iron Hands|24\/100|[from] drain|[of] p2b: Iron Hands\n|\n|upkeep\n|turn|6\n|inactive|MichaelderBeste2 has 240 seconds left.\n|\n|t:|1699111470\n|move|p1b: Kingambit|Protect|p1b: Kingambit\n|-singleturn|p1b: Kingambit|Protect\n|move|p2b: Iron Hands|Drain Punch|p1b: Kingambit\n|-activate|p1b: Kingambit|move: Protect\n|move|p2a: Cresselia|Psychic|p1a: Iron Hands\n|-supereffective|p1a: Iron Hands\n|-damage|p1a: Iron Hands|0 fnt\n|faint|p1a: Iron Hands\n|-end|p1a: Iron Hands|Quark Drive|[silent]\n|\n|upkeep\n|\n|t:|1699111477\n|switch|p1a: Ogerpon|Ogerpon-Wellspring, F|100\/100\n|turn|7\n|\n|t:|1699111496\n|move|p1a: Ogerpon|Follow Me|p1a: Ogerpon\n|-singleturn|p1a: Ogerpon|move: Follow Me\n|move|p2b: Iron Hands|Volt Switch|p1a: Ogerpon\n|-damage|p1a: Ogerpon|87\/100\n|inactive|MichaelderBeste2 has 240 seconds left.\n|\n|t:|1699111519\n|-end|p2b: Iron Hands|Quark Drive|[silent]\n|switch|p2b: Ogerpon|Ogerpon-Hearthflame, F|100\/100|[from] Volt Switch\n|-ability|p2b: Ogerpon|Mold Breaker\n|move|p1b: Kingambit|Kowtow Cleave|p2a: Cresselia\n|-supereffective|p2a: Cresselia\n|-damage|p2a: Cresselia|0 fnt\n|faint|p2a: Cresselia\n|\n|upkeep\n|\n|t:|1699111529\n|switch|p2a: Chien-Pao|Chien-Pao|1\/100\n|-ability|p2a: Chien-Pao|Sword of Ruin\n|turn|8\n|\n|t:|1699111535\n|move|p2b: Ogerpon|Spiky Shield|p2b: Ogerpon\n|-singleturn|p2b: Ogerpon|move: Protect\n|move|p2a: Chien-Pao|Protect|p2a: Chien-Pao\n|-singleturn|p2a: Chien-Pao|Protect\n|move|p1b: Kingambit|Kowtow Cleave|p2b: Ogerpon\n|-activate|p2b: Ogerpon|move: Protect\n|-damage|p1b: Kingambit|79\/100|[from] Spiky Shield|[of] p2b: Ogerpon\n|move|p1a: Ogerpon|Ivy Cudgel|p2a: Chien-Pao\n|-activate|p2a: Chien-Pao|move: Protect\n|\n|-fieldend|move: Trick Room\n|upkeep\n|turn|9\n|inactive|MichaelderBeste2 has 270 seconds left.\n|\n|t:|1699111555\n|move|p1a: Ogerpon|Follow Me|p1a: Ogerpon\n|-singleturn|p1a: Ogerpon|move: Follow Me\n|move|p2a: Chien-Pao|Haze|p2a: Chien-Pao\n|-clearallboost\n|move|p2b: Ogerpon|Wood Hammer|p1a: Ogerpon\n|-damage|p1a: Ogerpon|0 fnt\n|faint|p1a: Ogerpon\n|-damage|p2b: Ogerpon|67\/100|[from] Recoil\n|move|p1b: Kingambit|Kowtow Cleave|p2b: Ogerpon\n|-damage|p2b: Ogerpon|0 fnt\n|faint|p2b: Ogerpon\n|\n|upkeep\n|inactive|MichaelderBeste2 has 270 seconds left.\n|\n|t:|1699111574\n|switch|p2b: Ursaluna|Ursaluna-Bloodmoon, M|100\/100\n|switch|p1a: Landorus|Landorus-Therian, M|100\/100\n|-ability|p1a: Landorus|Intimidate|boost\n|-unboost|p2a: Chien-Pao|atk|1\n|-unboost|p2b: Ursaluna|atk|1\n|turn|10\n|inactive|MichaelderBeste2 has 270 seconds left.\n|inactive|InkVG has 270 seconds left.\n|\n|t:|1699111614\n|move|p1b: Kingambit|Sucker Punch|p2a: Chien-Pao\n|-resisted|p2a: Chien-Pao\n|-crit|p2a: Chien-Pao\n|-damage|p2a: Chien-Pao|0 fnt\n|faint|p2a: Chien-Pao\n|move|p1a: Landorus|Stomping Tantrum|p2b: Ursaluna\n|-damage|p2b: Ursaluna|74\/100\n|move|p2b: Ursaluna|Earth Power|p1b: Kingambit\n|-supereffective|p1b: Kingambit\n|-damage|p1b: Kingambit|0 fnt\n|faint|p1b: Kingambit\n|\n|upkeep\n|\n|t:|1699111621\n|switch|p2a: Iron Hands|Iron Hands, tera:Fire|66\/100\n|switch|p1b: Chi-Yu|Chi-Yu, tera:Ghost|100\/100\n|-ability|p1b: Chi-Yu|Beads of Ruin\n|turn|11\n|inactive|MichaelderBeste2 has 270 seconds left.\n|inactive|MichaelderBeste2 has 240 seconds left.\n|inactive|MichaelderBeste2 has 210 seconds left.\n|\n|t:|1699111719\n|move|p2b: Ursaluna|Protect|p2b: Ursaluna\n|-singleturn|p2b: Ursaluna|Protect\n|move|p1b: Chi-Yu|Dark Pulse|p2a: Iron Hands\n|-damage|p2a: Iron Hands|25\/100\n|move|p1a: Landorus|Stomping Tantrum|p2a: Iron Hands\n|-supereffective|p2a: Iron Hands\n|-damage|p2a: Iron Hands|0 fnt\n|faint|p2a: Iron Hands\n|-end|p2a: Iron Hands|Quark Drive|[silent]\n|\n|upkeep\n|turn|12\n|inactive|MichaelderBeste2 has 210 seconds left.\n|inactive|MichaelderBeste2 has 180 seconds left.\n|inactive|MichaelderBeste2 has 150 seconds left.\n|\n|t:|1699111807\n|move|p1b: Chi-Yu|Dark Pulse|p2b: Ursaluna\n|-damage|p2b: Ursaluna|0 fnt\n|faint|p2b: Ursaluna\n|\n|win|InkVG\n|c|\u2606MichaelderBeste2|gg\n|c|\u2606InkVG|gg\n","uploadtime":1699111808,"views":150,"p1id":"inkvg","p2id":"michaelderbeste2","formatid":"gen9doublesou","rating":0,"private":0,"password":""}