{"id":"smogtours-gen9doublesou-729400","p1":"hybone","p2":"EternalSnowman","format":"[Gen 9] Doubles OU","log":"|inactive|Battle timer is ON: inactive players will automatically lose when time's up.\n|t:|1699341227\n|gametype|doubles\n|player|p1|hybone|cyclistf-gen4|\n|player|p2|EternalSnowman|#dpl9spectralthieves|\n|teamsize|p1|6\n|teamsize|p2|6\n|gen|9\n|tier|[Gen 9] Doubles OU\n|rule|Species Clause: Limit one of each Pok\u00e9mon\n|rule|OHKO Clause: OHKO moves are banned\n|rule|Evasion Moves Clause: Evasion moves are banned\n|rule|Gravity Sleep Clause: The combination of sleep-inducing moves with imperfect accuracy and Gravity or Gigantamax Orbeetle are banned\n|rule|Endless Battle Clause: Forcing endless battles is banned\n|rule|HP Percentage Mod: HP is shown in percentages\n|clearpoke\n|poke|p1|Sinistcha|\n|poke|p1|Tornadus, M|\n|poke|p1|Okidogi, M|\n|poke|p1|Flutter Mane|\n|poke|p1|Landorus-Therian, M|\n|poke|p1|Volcanion|\n|poke|p2|Glimmora, F|\n|poke|p2|Roaring Moon|\n|poke|p2|Sinistcha|\n|poke|p2|Heatran, M|\n|poke|p2|Ogerpon-Wellspring, F|\n|poke|p2|Landorus-Therian, M|\n|teampreview\n|c|\u2606EternalSnowman|glhf\n|c|\u2606hybone|u2\n|inactive|hybone has 270 seconds left.\n|inactive|EternalSnowman has 270 seconds left.\n|\n|t:|1699341267\n|start\n|switch|p1a: Flutter Mane|Flutter Mane|100\/100\n|switch|p1b: Landorus|Landorus-Therian, M|100\/100\n|switch|p2a: Glimmora|Glimmora, F|100\/100\n|switch|p2b: Landorus|Landorus-Therian, M|100\/100\n|-ability|p1b: Landorus|Intimidate|boost\n|-unboost|p2a: Glimmora|atk|1\n|-unboost|p2b: Landorus|atk|1\n|-ability|p2b: Landorus|Intimidate|boost\n|-unboost|p1a: Flutter Mane|atk|1\n|-unboost|p1b: Landorus|atk|1\n|turn|1\n|\n|t:|1699341283\n|move|p1b: Landorus|Stomping Tantrum|p2a: Glimmora\n|-supereffective|p2a: Glimmora\n|-enditem|p2a: Glimmora|Focus Sash\n|-damage|p2a: Glimmora|1\/100\n|-activate|p2a: Glimmora|ability: Toxic Debris\n|-sidestart|p1: hybone|move: Toxic Spikes\n|move|p1a: Flutter Mane|Moonblast|p2b: Landorus\n|-damage|p2b: Landorus|32\/100\n|-unboost|p2b: Landorus|spa|1\n|-enditem|p2b: Landorus|Sitrus Berry|[eat]\n|-heal|p2b: Landorus|57\/100|[from] item: Sitrus Berry\n|move|p2a: Glimmora|Mortal Spin|p1a: Flutter Mane|[spread] p1a,p1b\n|-resisted|p1b: Landorus\n|-damage|p1a: Flutter Mane|95\/100\n|-damage|p1b: Landorus|99\/100\n|-status|p1a: Flutter Mane|psn\n|-status|p1b: Landorus|psn\n|move|p2b: Landorus|Stealth Rock|p1b: Landorus\n|-sidestart|p1: hybone|move: Stealth Rock\n|\n|-damage|p1b: Landorus|87\/100 psn|[from] psn\n|-damage|p1a: Flutter Mane|83\/100 psn|[from] psn\n|upkeep\n|turn|2\n|inactive|EternalSnowman has 270 seconds left.\n|inactive|hybone has 270 seconds left.\n|inactive|EternalSnowman has 240 seconds left.\n|inactive|EternalSnowman has 210 seconds left.\n|\n|t:|1699341392\n|switch|p2b: Sinistcha|Sinistcha|100\/100\n|-heal|p2a: Glimmora|26\/100|[from] ability: Hospitality|[of] p2b: Sinistcha\n|move|p1b: Landorus|Stomping Tantrum|p2b: Sinistcha\n|-resisted|p2b: Sinistcha\n|-damage|p2b: Sinistcha|88\/100\n|move|p1a: Flutter Mane|Moonblast|p2b: Sinistcha\n|-damage|p2b: Sinistcha|20\/100\n|-unboost|p2b: Sinistcha|spa|1\n|-enditem|p2b: Sinistcha|Sitrus Berry|[eat]\n|-heal|p2b: Sinistcha|45\/100|[from] item: Sitrus Berry\n|move|p2a: Glimmora|Spikes|p1a: Flutter Mane\n|-sidestart|p1: hybone|Spikes\n|\n|-damage|p1b: Landorus|74\/100 psn|[from] psn\n|-damage|p1a: Flutter Mane|71\/100 psn|[from] psn\n|upkeep\n|turn|3\n|inactive|hybone has 270 seconds left.\n|inactive|EternalSnowman has 210 seconds left.\n|\n|t:|1699341425\n|move|p2b: Sinistcha|Protect|p2b: Sinistcha\n|-singleturn|p2b: Sinistcha|Protect\n|move|p1b: Landorus|Stomping Tantrum|p2b: Sinistcha\n|-activate|p2b: Sinistcha|move: Protect\n|move|p1a: Flutter Mane|Moonblast|p2a: Glimmora\n|-resisted|p2a: Glimmora\n|-damage|p2a: Glimmora|0 fnt\n|faint|p2a: Glimmora\n|\n|-damage|p1b: Landorus|62\/100 psn|[from] psn\n|-damage|p1a: Flutter Mane|58\/100 psn|[from] psn\n|upkeep\n|inactive|EternalSnowman has 180 seconds left.\n|\n|t:|1699341449\n|switch|p2a: Heatran|Heatran, M|100\/100\n|turn|4\n|\n|t:|1699341468\n|switch|p1b: Okidogi|Okidogi, M|100\/100\n|-sideend|p1: hybone|move: Toxic Spikes|[of] p1b: Okidogi\n|-damage|p1b: Okidogi|94\/100|[from] Stealth Rock\n|-damage|p1b: Okidogi|82\/100|[from] Spikes\n|move|p2b: Sinistcha|Rage Powder|p2b: Sinistcha\n|-singleturn|p2b: Sinistcha|move: Rage Powder\n|move|p1a: Flutter Mane|Moonblast|p2b: Sinistcha\n|-damage|p2b: Sinistcha|0 fnt\n|faint|p2b: Sinistcha\n|move|p2a: Heatran|Substitute|p2a: Heatran\n|-start|p2a: Heatran|Substitute\n|-damage|p2a: Heatran|76\/100\n|\n|-heal|p2a: Heatran|82\/100|[from] item: Leftovers\n|-damage|p1a: Flutter Mane|46\/100 psn|[from] psn\n|upkeep\n|\n|t:|1699341480\n|switch|p2b: Roaring Moon|Roaring Moon|100\/100\n|turn|5\n|\n|t:|1699341499\n|-end|p1a: Flutter Mane|Protosynthesis|[silent]\n|switch|p1a: Landorus|Landorus-Therian, M|62\/100 psn\n|-damage|p1a: Landorus|50\/100 psn|[from] Stealth Rock\n|-ability|p1a: Landorus|Intimidate|boost\n|-immune|p2a: Heatran\n|-unboost|p2b: Roaring Moon|atk|1\n|-terastallize|p2b: Roaring Moon|Poison\n|move|p2b: Roaring Moon|Breaking Swipe|p1b: Okidogi|[spread] p1a,p1b\n|-damage|p1a: Landorus|34\/100 psn\n|-damage|p1b: Okidogi|71\/100\n|-unboost|p1a: Landorus|atk|1\n|-unboost|p1b: Okidogi|atk|1\n|move|p1b: Okidogi|Close Combat|p2b: Roaring Moon\n|-resisted|p2b: Roaring Moon\n|-damage|p2b: Roaring Moon|76\/100\n|-unboost|p1b: Okidogi|def|1\n|-unboost|p1b: Okidogi|spd|1\n|move|p2a: Heatran|Earth Power|p1b: Okidogi\n|-supereffective|p1b: Okidogi\n|-damage|p1b: Okidogi|18\/100\n|\n|-heal|p2a: Heatran|88\/100|[from] item: Leftovers\n|-damage|p1a: Landorus|22\/100 psn|[from] psn\n|upkeep\n|turn|6\n|inactive|EternalSnowman has 210 seconds left.\n|\n|t:|1699341533\n|-end|p2b: Roaring Moon|Protosynthesis|[silent]\n|switch|p2b: Landorus|Landorus-Therian, M|57\/100\n|-ability|p2b: Landorus|Intimidate|boost\n|-unboost|p1a: Landorus|atk|1\n|-ability|p1b: Okidogi|Guard Dog|boost\n|-boost|p1b: Okidogi|atk|1\n|move|p2a: Heatran|Protect|p2a: Heatran\n|-singleturn|p2a: Heatran|Protect\n|move|p1a: Landorus|Stomping Tantrum|p2a: Heatran\n|-activate|p2a: Heatran|move: Protect\n|move|p1b: Okidogi|Close Combat|p2a: Heatran\n|-activate|p2a: Heatran|move: Protect\n|\n|-heal|p2a: Heatran|94\/100|[from] item: Leftovers\n|-damage|p1a: Landorus|10\/100 psn|[from] psn\n|upkeep\n|turn|7\n|inactive|EternalSnowman has 210 seconds left.\n|inactive|hybone has 270 seconds left.\n|\n|t:|1699341563\n|switch|p1a: Tornadus|Tornadus, M|100\/100\n|-damage|p1a: Tornadus|76\/100|[from] Stealth Rock\n|move|p2b: Landorus|Stomping Tantrum|p1b: Okidogi\n|-supereffective|p1b: Okidogi\n|-damage|p1b: Okidogi|0 fnt\n|faint|p1b: Okidogi\n|move|p2a: Heatran|Substitute|p2a: Heatran\n|-fail|p2a: Heatran|move: Substitute\n|\n|-heal|p2a: Heatran|100\/100|[from] item: Leftovers\n|upkeep\n|inactive|hybone has 270 seconds left.\n|\n|t:|1699341580\n|switch|p1b: Volcanion|Volcanion|100\/100\n|-damage|p1b: Volcanion|76\/100|[from] Stealth Rock\n|-damage|p1b: Volcanion|63\/100|[from] Spikes\n|turn|8\n|inactive|EternalSnowman has 210 seconds left.\n|inactive|hybone has 270 seconds left.\n|\n|t:|1699341614\n|move|p1a: Tornadus|Tailwind|p1a: Tornadus\n|-sidestart|p1: hybone|move: Tailwind\n|move|p1b: Volcanion|Steam Eruption|p2a: Heatran\n|-supereffective|p2a: Heatran\n|-end|p2a: Heatran|Substitute\n|move|p2b: Landorus|Stomping Tantrum|p1b: Volcanion\n|-supereffective|p1b: Volcanion\n|-crit|p1b: Volcanion\n|-damage|p1b: Volcanion|0 fnt\n|faint|p1b: Volcanion\n|move|p2a: Heatran|Earth Power|p1a: Tornadus\n|-immune|p1a: Tornadus\n|\n|upkeep\n|\n|t:|1699341636\n|switch|p1b: Flutter Mane|Flutter Mane|46\/100 psn\n|-damage|p1b: Flutter Mane|34\/100 psn|[from] Stealth Rock\n|-damage|p1b: Flutter Mane|21\/100 psn|[from] Spikes\n|turn|9\n|\n|t:|1699341645\n|switch|p1a: Sinistcha|Sinistcha|100\/100\n|-damage|p1a: Sinistcha|88\/100|[from] Stealth Rock\n|-damage|p1a: Sinistcha|76\/100|[from] Spikes\n|-heal|p1b: Flutter Mane|46\/100 psn|[from] ability: Hospitality|[of] p1a: Sinistcha\n|move|p1b: Flutter Mane|Moonblast|p2b: Landorus\n|-damage|p2b: Landorus|0 fnt\n|faint|p2b: Landorus\n|move|p2a: Heatran|Heat Wave|p1a: Sinistcha|[spread] p1a,p1b\n|-supereffective|p1a: Sinistcha\n|-damage|p1a: Sinistcha|13\/100\n|-damage|p1b: Flutter Mane|14\/100 psn\n|-enditem|p1a: Sinistcha|Sitrus Berry|[eat]\n|-heal|p1a: Sinistcha|38\/100|[from] item: Sitrus Berry\n|\n|-damage|p1b: Flutter Mane|2\/100 psn|[from] psn\n|upkeep\n|\n|t:|1699341657\n|switch|p2b: Roaring Moon|Roaring Moon, tera:Poison|76\/100\n|turn|10\n|inactive|hybone has 270 seconds left.\n|\n|t:|1699341704\n|-terastallize|p1a: Sinistcha|Fire\n|move|p1b: Flutter Mane|Moonblast|p2b: Roaring Moon\n|-resisted|p2b: Roaring Moon\n|-crit|p2b: Roaring Moon\n|-damage|p2b: Roaring Moon|26\/100\n|move|p2b: Roaring Moon|Roost|p2b: Roaring Moon\n|-heal|p2b: Roaring Moon|76\/100\n|move|p1a: Sinistcha|Shadow Ball|p2b: Roaring Moon\n|-damage|p2b: Roaring Moon|50\/100\n|move|p2a: Heatran|Heat Wave|p1b: Flutter Mane|[spread] p1a,p1b\n|-resisted|p1a: Sinistcha\n|-damage|p1a: Sinistcha|22\/100\n|-damage|p1b: Flutter Mane|0 fnt\n|faint|p1b: Flutter Mane\n|-end|p1b: Flutter Mane|Protosynthesis|[silent]\n|\n|upkeep\n|inactive|hybone has 240 seconds left.\n|\n|t:|1699341722\n|switch|p1b: Tornadus|Tornadus, M|76\/100\n|-damage|p1b: Tornadus|51\/100|[from] Stealth Rock\n|turn|11\n|inactive|EternalSnowman has 270 seconds left.\n|\n|t:|1699341734\n|move|p1b: Tornadus|Bleakwind Storm|p2b: Roaring Moon|[spread] p2a\n|-miss|p1b: Tornadus|p2b: Roaring Moon\n|-resisted|p2a: Heatran\n|-damage|p2a: Heatran|85\/100\n|-unboost|p2a: Heatran|spe|1\n|move|p2b: Roaring Moon|Snarl|p1b: Tornadus|[spread] p1a,p1b\n|-damage|p1a: Sinistcha|15\/100\n|-damage|p1b: Tornadus|40\/100\n|-unboost|p1a: Sinistcha|spa|1\n|-unboost|p1b: Tornadus|spa|1\n|move|p2a: Heatran|Heat Wave|p1b: Tornadus|[spread] p1a,p1b\n|-resisted|p1a: Sinistcha\n|-damage|p1a: Sinistcha|0 fnt\n|-damage|p1b: Tornadus|0 fnt\n|faint|p1a: Sinistcha\n|faint|p1b: Tornadus\n|\n|-heal|p2a: Heatran|91\/100|[from] item: Leftovers\n|-sideend|p1: hybone|move: Tailwind\n|upkeep\n|\n|t:|1699341738\n|switch|p1b: Landorus|Landorus-Therian, M|10\/100 psn\n|-damage|p1b: Landorus|0 fnt|[from] Stealth Rock\n|faint|p1b: Landorus\n|\n|win|EternalSnowman\n|c|\u2606EternalSnowman|gg\n","uploadtime":1699341739,"views":156,"p1id":"hybone","p2id":"eternalsnowman","formatid":"gen9doublesou","rating":0,"private":0,"password":""}