{"id":"smogtours-gen9doublesou-728461","p1":"exotic64","p2":"Heerv","format":"[Gen 9] Doubles OU","log":"|inactive|Battle timer is ON: inactive players will automatically lose when time's up.\n|t:|1699092169\n|gametype|doubles\n|player|p1|exotic64|ethan|\n|player|p2|Heerv|wallace-gen6|\n|teamsize|p1|6\n|teamsize|p2|6\n|gen|9\n|tier|[Gen 9] Doubles OU\n|rule|Species Clause: Limit one of each Pok\u00e9mon\n|rule|OHKO Clause: OHKO moves are banned\n|rule|Evasion Moves Clause: Evasion moves are banned\n|rule|Gravity Sleep Clause: The combination of sleep-inducing moves with imperfect accuracy and Gravity or Gigantamax Orbeetle are banned\n|rule|Endless Battle Clause: Forcing endless battles is banned\n|rule|HP Percentage Mod: HP is shown in percentages\n|clearpoke\n|poke|p1|Flutter Mane|\n|poke|p1|Chi-Yu|\n|poke|p1|Tornadus, M|\n|poke|p1|Chien-Pao|\n|poke|p1|Dragonite, F|\n|poke|p1|Rillaboom, F|\n|poke|p2|Rillaboom, F|\n|poke|p2|Flutter Mane|\n|poke|p2|Tornadus, M|\n|poke|p2|Kleavor, M|\n|poke|p2|Kommo-o, F|\n|poke|p2|Volcanion|\n|teampreview\n|inactive|exotic64 also wants the timer to be on.\n|c|\u2606exotic64|hf\n|c|+xqiht|dwcop?\n|c|\u2606Heerv|Hf\n|c|\u2606Heerv|yes\n|c|\u2606exotic64|ye\n|inactive|exotic64 has 270 seconds left.\n|inactive|Heerv has 270 seconds left.\n|inactive|exotic64 has 240 seconds left.\n|inactive|Heerv has 240 seconds left.\n|inactive|exotic64 has 210 seconds left.\n|inactive|Heerv has 210 seconds left.\n|c|+vkhss|lgi \n|\n|t:|1699092293\n|start\n|switch|p1a: Chien-Pao|Chien-Pao|100\/100\n|switch|p1b: Rillaboom|Rillaboom, F|100\/100\n|switch|p2a: Rillaboom|Rillaboom, F|100\/100\n|switch|p2b: Kleavor|Kleavor, M|100\/100\n|-ability|p1a: Chien-Pao|Sword of Ruin\n|-fieldstart|move: Grassy Terrain|[from] ability: Grassy Surge|[of] p2a: Rillaboom\n|turn|1\n|inactive|exotic64 has 270 seconds left.\n|\n|t:|1699092316\n|switch|p2a: Volcanion|Volcanion|100\/100\n|move|p1b: Rillaboom|Fake Out|p2b: Kleavor\n|-resisted|p2b: Kleavor\n|-damage|p2b: Kleavor|91\/100\n|move|p1a: Chien-Pao|Icicle Crash|p2a: Volcanion\n|-resisted|p2a: Volcanion\n|-damage|p2a: Volcanion|89\/100\n|cant|p2b: Kleavor|flinch\n|\n|-heal|p2b: Kleavor|97\/100|[from] Grassy Terrain\n|-heal|p2a: Volcanion|95\/100|[from] Grassy Terrain\n|upkeep\n|turn|2\n|inactive|Heerv has 270 seconds left.\n|inactive|exotic64 has 270 seconds left.\n|c|+Nephtyrix|Go France ! <3\n|inactive|exotic64 has 240 seconds left.\n|\n|t:|1699092390\n|move|p1a: Chien-Pao|Sacred Sword|p2a: Volcanion\n|-damage|p2a: Volcanion|63\/100\n|move|p2b: Kleavor|Stone Axe|p1b: Rillaboom\n|-damage|p1b: Rillaboom|30\/100\n|-sidestart|p1: exotic64|move: Stealth Rock\n|move|p1b: Rillaboom|Wood Hammer|p2a: Volcanion\n|-damage|p2a: Volcanion|0 fnt\n|faint|p2a: Volcanion\n|-damage|p1b: Rillaboom|11\/100|[from] Recoil\n|\n|-heal|p2b: Kleavor|100\/100|[from] Grassy Terrain\n|-heal|p1b: Rillaboom|18\/100|[from] Grassy Terrain\n|upkeep\n|inactive|Heerv has 240 seconds left.\n|\n|t:|1699092406\n|switch|p2a: Rillaboom|Rillaboom, F|100\/100\n|turn|3\n|inactive|exotic64 has 240 seconds left.\n|inactive|Heerv has 240 seconds left.\n|\n|t:|1699092431\n|move|p2a: Rillaboom|Fake Out|p1a: Chien-Pao\n|-damage|p1a: Chien-Pao|84\/100\n|move|p1b: Rillaboom|Grassy Glide|p2b: Kleavor\n|-damage|p2b: Kleavor|50\/100\n|cant|p1a: Chien-Pao|flinch\n|move|p2b: Kleavor|U-turn|p1b: Rillaboom\n|-supereffective|p1b: Rillaboom\n|-damage|p1b: Rillaboom|0 fnt\n|faint|p1b: Rillaboom\n|inactive|Heerv has 240 seconds left.\n|\n|t:|1699092446\n|switch|p2b: Tornadus|Tornadus, M|100\/100|[from] U-turn\n|\n|-heal|p1a: Chien-Pao|90\/100|[from] Grassy Terrain\n|upkeep\n|inactive|exotic64 has 240 seconds left.\n|\n|t:|1699092460\n|switch|p1b: Dragonite|Dragonite, F|100\/100\n|-damage|p1b: Dragonite|76\/100|[from] Stealth Rock\n|turn|4\n|inactive|Heerv has 240 seconds left.\n|inactive|Heerv has 210 seconds left.\n|\n|t:|1699092514\n|move|p2b: Tornadus|Tailwind|p2b: Tornadus\n|-sidestart|p2: Heerv|move: Tailwind\n|move|p2a: Rillaboom|U-turn|p1a: Chien-Pao\n|-supereffective|p1a: Chien-Pao\n|-damage|p1a: Chien-Pao|30\/100\n|inactive|Heerv has 210 seconds left.\n|\n|t:|1699092522\n|switch|p2a: Kommo-o|Kommo-o, F|100\/100|[from] U-turn\n|move|p1a: Chien-Pao|Icicle Crash|p2b: Tornadus\n|-supereffective|p2b: Tornadus\n|-enditem|p2b: Tornadus|Focus Sash\n|-damage|p2b: Tornadus|1\/100\n|move|p1b: Dragonite|Dragon Claw|p2a: Kommo-o\n|-supereffective|p2a: Kommo-o\n|-damage|p2a: Kommo-o|0 fnt\n|faint|p2a: Kommo-o\n|\n|-heal|p1a: Chien-Pao|36\/100|[from] Grassy Terrain\n|upkeep\n|inactive|Heerv has 210 seconds left.\n|\n|t:|1699092535\n|switch|p2a: Rillaboom|Rillaboom, F|100\/100\n|turn|5\n|inactive|exotic64 has 270 seconds left.\n|\n|t:|1699092562\n|move|p1a: Chien-Pao|Protect|p1a: Chien-Pao\n|-singleturn|p1a: Chien-Pao|Protect\n|move|p2b: Tornadus|Bleakwind Storm|p1b: Dragonite|[spread] p1b\n|-activate|p1a: Chien-Pao|move: Protect\n|-damage|p1b: Dragonite|44\/100\n|move|p2a: Rillaboom|U-turn|p1a: Chien-Pao\n|-activate|p1a: Chien-Pao|move: Protect\n|move|p1b: Dragonite|Dragon Claw|p2b: Tornadus\n|-damage|p2b: Tornadus|0 fnt\n|faint|p2b: Tornadus\n|\n|-heal|p1a: Chien-Pao|42\/100|[from] Grassy Terrain\n|-fieldend|move: Grassy Terrain\n|upkeep\n|inactive|Heerv has 210 seconds left.\n|\n|t:|1699092578\n|switch|p2b: Flutter Mane|Flutter Mane|100\/100\n|turn|6\n|\n|t:|1699092588\n|switch|p2a: Kleavor|Kleavor, M|50\/100\n|-terastallize|p2b: Flutter Mane|Fairy\n|move|p1a: Chien-Pao|Sucker Punch|p2b: Flutter Mane\n|-resisted|p2b: Flutter Mane\n|-damage|p2b: Flutter Mane|64\/100\n|move|p2b: Flutter Mane|Dazzling Gleam|p1a: Chien-Pao|[spread] p1a,p1b\n|-supereffective|p1a: Chien-Pao\n|-supereffective|p1b: Dragonite\n|-damage|p1a: Chien-Pao|0 fnt\n|-damage|p1b: Dragonite|0 fnt\n|faint|p1a: Chien-Pao\n|faint|p1b: Dragonite\n|\n|upkeep\n|\n|t:|1699092602\n|switch|p1a: Tornadus|Tornadus, M|100\/100\n|switch|p1b: Flutter Mane|Flutter Mane|100\/100\n|-damage|p1b: Flutter Mane|88\/100|[from] Stealth Rock\n|-damage|p1a: Tornadus|75\/100|[from] Stealth Rock\n|turn|7\n|\n|t:|1699092620\n|switch|p2a: Rillaboom|Rillaboom, F|100\/100\n|-fieldstart|move: Grassy Terrain|[from] ability: Grassy Surge|[of] p2a: Rillaboom\n|move|p1a: Tornadus|Tailwind|p1a: Tornadus\n|-sidestart|p1: exotic64|move: Tailwind\n|move|p1b: Flutter Mane|Moonblast|p2a: Rillaboom\n|-damage|p2a: Rillaboom|46\/100\n|-unboost|p2a: Rillaboom|spa|1\n|move|p2b: Flutter Mane|Dazzling Gleam|p1b: Flutter Mane|[spread] p1a,p1b\n|-damage|p1a: Tornadus|12\/100\n|-damage|p1b: Flutter Mane|29\/100\n|\n|-heal|p1b: Flutter Mane|35\/100|[from] Grassy Terrain\n|-heal|p2b: Flutter Mane|70\/100|[from] Grassy Terrain\n|-heal|p2a: Rillaboom|52\/100|[from] Grassy Terrain\n|-sideend|p2: Heerv|move: Tailwind\n|upkeep\n|turn|8\n|inactive|Heerv has 240 seconds left.\n|inactive|exotic64 has 270 seconds left.\n|inactive|Heerv has 210 seconds left.\n|inactive|exotic64 has 240 seconds left.\n|inactive|Heerv has 180 seconds left.\n|c|+vkhss|Let this rallying cry awaken the embers of tenacity within you, for the path to victory demands your utmost commitment. The Ivory Impalers may loom large, but remember, it is our unity, our shared purpose, and the legacy of Pichus that shall propel us forward. Let your fervor ignite, your strategies sharpen, and your resolve deepen as we surge into the fray. Remember, it is not merely a conquest we seek, but a legacy we forge\u2014one that honors the valor of Pichus and the indomitable spirit of the RCB?. Stand tall, for the stage is set, the time is nigh, and the victory, my fellow warriors, shall be ours! Onward, FOR PICHUS !!\n|inactive|Heerv has 150 seconds left.\n|c|+ratpacker|Wrong tour buddypal\n|\n|t:|1699092761\n|-end|p2b: Flutter Mane|Protosynthesis|[silent]\n|switch|p2b: Kleavor|Kleavor, M|50\/100\n|move|p2a: Rillaboom|Grassy Glide|p1b: Flutter Mane\n|-damage|p1b: Flutter Mane|0 fnt\n|faint|p1b: Flutter Mane\n|-end|p1b: Flutter Mane|Protosynthesis|[silent]\n|move|p1a: Tornadus|Bleakwind Storm|p2b: Kleavor|[spread] p2a\n|-miss|p1a: Tornadus|p2b: Kleavor\n|-supereffective|p2a: Rillaboom\n|-damage|p2a: Rillaboom|7\/100\n|\n|-heal|p2a: Rillaboom|13\/100|[from] Grassy Terrain\n|-heal|p2b: Kleavor|56\/100|[from] Grassy Terrain\n|upkeep\n|c|+vkhss|wrong copypasta forgive me\n|inactive|exotic64 has 240 seconds left.\n|\n|t:|1699092771\n|switch|p1b: Chi-Yu|Chi-Yu|100\/100\n|-damage|p1b: Chi-Yu|75\/100|[from] Stealth Rock\n|-ability|p1b: Chi-Yu|Beads of Ruin\n|turn|9\n|inactive|Heerv has 150 seconds left.\n|\n|t:|1699092797\n|move|p2a: Rillaboom|Grassy Glide|p1a: Tornadus\n|-resisted|p1a: Tornadus\n|-damage|p1a: Tornadus|0 fnt\n|faint|p1a: Tornadus\n|move|p1b: Chi-Yu|Heat Wave|p2b: Kleavor|[spread] p2b\n|-miss|p1b: Chi-Yu|p2a: Rillaboom\n|-damage|p2b: Kleavor|0 fnt\n|faint|p2b: Kleavor\n|\n|-heal|p1b: Chi-Yu|81\/100|[from] Grassy Terrain\n|-heal|p2a: Rillaboom|20\/100|[from] Grassy Terrain\n|upkeep\n|\n|t:|1699092807\n|switch|p2b: Flutter Mane|Flutter Mane, tera:Fairy|70\/100\n|turn|10\n|inactive|Heerv has 150 seconds left.\n|inactive|exotic64 has 270 seconds left.\n|\n|t:|1699092824\n|move|p1b: Chi-Yu|Heat Wave|p2a: Rillaboom|[spread] p2b\n|-miss|p1b: Chi-Yu|p2a: Rillaboom\n|-damage|p2b: Flutter Mane|0 fnt\n|faint|p2b: Flutter Mane\n|-end|p2b: Flutter Mane|Protosynthesis|[silent]\n|move|p2a: Rillaboom|High Horsepower|p1b: Chi-Yu\n|-supereffective|p1b: Chi-Yu\n|-crit|p1b: Chi-Yu\n|-damage|p1b: Chi-Yu|0 fnt\n|faint|p1b: Chi-Yu\n|\n|win|Heerv\n|c|+vkhss|bruh\n|c|\u2606exotic64|bro\n|c|\u2606Heerv|Gg\n|c|\u2606exotic64|u are kidding\n|c|\u2606exotic64|gg\n|c|+Nephtyrix|Gg \n|c|+Givrix|go france\n|c|\u2606Heerv|Sorry also\n|c|+vkhss|it's all because of the wrong copypasta\n|player|p1|exotic64|ethan\n","uploadtime":1699092826,"views":144,"p1id":"exotic64","p2id":"heerv","formatid":"gen9doublesou","rating":0,"private":0,"password":""}