{"id":"smogtours-gen9doublesou-729109","p1":"zee","p2":"Nails","format":"[Gen 9] Doubles OU","log":"|inactive|Battle timer is ON: inactive players will automatically lose when time's up.\n|t:|1699215247\n|gametype|doubles\n|player|p1|zee|#roaplviiipichus|\n|player|p2|Nails|#scl2terrors|\n|teamsize|p1|6\n|teamsize|p2|6\n|gen|9\n|tier|[Gen 9] Doubles OU\n|rule|Species Clause: Limit one of each Pok\u00e9mon\n|rule|OHKO Clause: OHKO moves are banned\n|rule|Evasion Moves Clause: Evasion moves are banned\n|rule|Gravity Sleep Clause: The combination of sleep-inducing moves with imperfect accuracy and Gravity or Gigantamax Orbeetle are banned\n|rule|Endless Battle Clause: Forcing endless battles is banned\n|rule|HP Percentage Mod: HP is shown in percentages\n|clearpoke\n|poke|p1|Manaphy|\n|poke|p1|Weezing, M|\n|poke|p1|Ogerpon-Hearthflame, F|\n|poke|p1|Flutter Mane|\n|poke|p1|Roaring Moon|\n|poke|p1|Iron Hands|\n|poke|p2|Landorus-Therian, M|\n|poke|p2|Iron Hands|\n|poke|p2|Flutter Mane|\n|poke|p2|Ogerpon-Wellspring, F|\n|poke|p2|Gholdengo|\n|poke|p2|Arcanine-Hisui, M|\n|teampreview\n|c|\u2606Nails|hf\n|c|\u2606zee|hf\n|inactive|Nails has 270 seconds left.\n|inactive|Nails has 240 seconds left.\n|\n|t:|1699215319\n|start\n|switch|p1a: Manaphy|Manaphy, shiny|100\/100\n|switch|p1b: Weezing|Weezing, M, shiny|100\/100\n|switch|p2a: Cloudy Toes|Landorus-Therian, M|100\/100\n|switch|p2b: Sumo Robot|Iron Hands|100\/100\n|-ability|p2a: Cloudy Toes|Intimidate|boost\n|-unboost|p1a: Manaphy|atk|1\n|-unboost|p1b: Weezing|atk|1\n|turn|1\n|\n|t:|1699215349\n|switch|p1b: Iron Hands|Iron Hands|100\/100\n|move|p1a: Manaphy|Protect|p1a: Manaphy\n|-singleturn|p1a: Manaphy|Protect\n|move|p2b: Sumo Robot|Fake Out|p1a: Manaphy\n|-activate|p1a: Manaphy|move: Protect\n|move|p2a: Cloudy Toes|Taunt|p1b: Iron Hands\n|-start|p1b: Iron Hands|move: Taunt\n|\n|upkeep\n|turn|2\n|inactive|Nails has 270 seconds left.\n|\n|t:|1699215381\n|-terastallize|p1a: Manaphy|Poison\n|move|p1b: Iron Hands|Fake Out|p2a: Cloudy Toes\n|-damage|p2a: Cloudy Toes|86\/100\n|move|p1a: Manaphy|Tail Glow|p1a: Manaphy\n|-boost|p1a: Manaphy|spa|3\n|cant|p2a: Cloudy Toes|flinch\n|move|p2b: Sumo Robot|Wild Charge|p1a: Manaphy\n|-damage|p1a: Manaphy|57\/100\n|-damage|p2b: Sumo Robot|92\/100|[from] Recoil\n|\n|-heal|p1a: Manaphy|63\/100|[from] item: Leftovers\n|upkeep\n|turn|3\n|inactive|Nails has 270 seconds left.\n|inactive|zee has 270 seconds left.\n|inactive|Nails has 240 seconds left.\n|\n|t:|1699215437\n|-end|p1b: Iron Hands|Quark Drive|[silent]\n|switch|p1b: Ogerpon|Ogerpon-Hearthflame, F|100\/100\n|-ability|p1b: Ogerpon|Mold Breaker\n|-end|p2b: Sumo Robot|Quark Drive|[silent]\n|switch|p2b: Pensive Mask|Ogerpon-Wellspring, F|100\/100\n|-terastallize|p2a: Cloudy Toes|Water\n|move|p1a: Manaphy|Protect|p1a: Manaphy\n|-singleturn|p1a: Manaphy|Protect\n|move|p2a: Cloudy Toes|Sandsear Storm|p1a: Manaphy|[spread] \n|-activate|p1a: Manaphy|move: Protect\n|-miss|p2a: Cloudy Toes|p1b: Ogerpon\n|\n|-heal|p1a: Manaphy|69\/100|[from] item: Leftovers\n|upkeep\n|turn|4\n|inactive|Nails has 240 seconds left.\n|\n|t:|1699215470\n|move|p2b: Pensive Mask|Follow Me|p2b: Pensive Mask\n|-singleturn|p2b: Pensive Mask|move: Follow Me\n|move|p1a: Manaphy|Tera Blast|p2b: Pensive Mask|[anim] Tera Blast Poison\n|-supereffective|p2b: Pensive Mask\n|-damage|p2b: Pensive Mask|0 fnt\n|faint|p2b: Pensive Mask\n|move|p1b: Ogerpon|Horn Leech|p2a: Cloudy Toes\n|-supereffective|p2a: Cloudy Toes\n|-damage|p2a: Cloudy Toes|0 fnt\n|faint|p2a: Cloudy Toes\n|\n|-heal|p1a: Manaphy|75\/100|[from] item: Leftovers\n|upkeep\n|\n|t:|1699215484\n|switch|p2a: Sumo Robot|Iron Hands|92\/100\n|switch|p2b: Soft Serve Tail|Arcanine-Hisui, M|100\/100\n|-ability|p2b: Soft Serve Tail|Intimidate|boost\n|-unboost|p1a: Manaphy|atk|1\n|-unboost|p1b: Ogerpon|atk|1\n|turn|5\n|\n|t:|1699215501\n|switch|p1b: Iron Hands|Iron Hands|100\/100\n|move|p1a: Manaphy|Protect|p1a: Manaphy\n|-singleturn|p1a: Manaphy|Protect\n|move|p2a: Sumo Robot|Fake Out|p1a: Manaphy\n|-activate|p1a: Manaphy|move: Protect\n|move|p2b: Soft Serve Tail|Roar|p1a: Manaphy\n|drag|p1a: Weezing|Weezing, M, shiny|100\/100\n|\n|upkeep\n|turn|6\n|\n|t:|1699215519\n|-end|p1b: Iron Hands|Quark Drive|[silent]\n|switch|p1b: Manaphy|Manaphy, shiny, tera:Poison|75\/100\n|-end|p2a: Sumo Robot|Quark Drive|[silent]\n|switch|p2a: Cheesy Dreads|Gholdengo|100\/100\n|move|p2b: Soft Serve Tail|Will-O-Wisp|p1b: Manaphy\n|-status|p1b: Manaphy|brn\n|move|p1a: Weezing|Will-O-Wisp|p2a: Cheesy Dreads\n|-immune|p2a: Cheesy Dreads|[from] ability: Good as Gold\n|\n|-heal|p1b: Manaphy|81\/100 brn|[from] item: Leftovers\n|-damage|p1b: Manaphy|75\/100 brn|[from] brn\n|upkeep\n|turn|7\n|inactive|Nails has 270 seconds left.\n|\n|t:|1699215546\n|switch|p2b: Ruby Pearls|Flutter Mane|100\/100\n|move|p1b: Manaphy|Scald|p2a: Cheesy Dreads\n|-damage|p2a: Cheesy Dreads|72\/100\n|move|p2a: Cheesy Dreads|Nasty Plot|p2a: Cheesy Dreads\n|-boost|p2a: Cheesy Dreads|spa|2\n|move|p1a: Weezing|Will-O-Wisp|p2b: Ruby Pearls\n|-status|p2b: Ruby Pearls|brn\n|\n|-heal|p1b: Manaphy|81\/100 brn|[from] item: Leftovers\n|-heal|p2a: Cheesy Dreads|78\/100|[from] item: Leftovers\n|-damage|p2b: Ruby Pearls|94\/100 brn|[from] brn\n|-damage|p1b: Manaphy|75\/100 brn|[from] brn\n|upkeep\n|turn|8\n|inactive|Nails has 270 seconds left.\n|\n|t:|1699215575\n|switch|p1b: Iron Hands|Iron Hands|100\/100\n|move|p2b: Ruby Pearls|Shadow Ball|p1a: Weezing\n|-damage|p1a: Weezing|38\/100\n|-enditem|p1a: Weezing|Sitrus Berry|[eat]\n|-heal|p1a: Weezing|63\/100|[from] item: Sitrus Berry\n|move|p2a: Cheesy Dreads|Nasty Plot|p2a: Cheesy Dreads\n|-boost|p2a: Cheesy Dreads|spa|2\n|move|p1a: Weezing|Gunk Shot|p2a: Cheesy Dreads\n|-immune|p2a: Cheesy Dreads\n|\n|-heal|p2a: Cheesy Dreads|84\/100|[from] item: Leftovers\n|-damage|p2b: Ruby Pearls|88\/100 brn|[from] brn\n|upkeep\n|turn|9\n|inactive|Nails has 270 seconds left.\n|inactive|Nails has 240 seconds left.\n|\n|t:|1699215625\n|-end|p2b: Ruby Pearls|Protosynthesis|[silent]\n|switch|p2b: Soft Serve Tail|Arcanine-Hisui, M|100\/100\n|-ability|p2b: Soft Serve Tail|Intimidate|boost\n|-unboost|p1a: Weezing|atk|1\n|-unboost|p1b: Iron Hands|atk|1\n|move|p2a: Cheesy Dreads|Protect|p2a: Cheesy Dreads\n|-singleturn|p2a: Cheesy Dreads|Protect\n|move|p1a: Weezing|Gunk Shot|p2b: Soft Serve Tail|[miss]\n|-miss|p1a: Weezing|p2b: Soft Serve Tail\n|move|p1b: Iron Hands|Wild Charge|p2a: Cheesy Dreads\n|-activate|p2a: Cheesy Dreads|move: Protect\n|\n|-heal|p2a: Cheesy Dreads|90\/100|[from] item: Leftovers\n|upkeep\n|turn|10\n|inactive|Nails has 240 seconds left.\n|inactive|Nails has 210 seconds left.\n|\n|t:|1699215675\n|move|p2b: Soft Serve Tail|Rock Slide|p1a: Weezing|[spread] p1a\n|-miss|p2b: Soft Serve Tail|p1b: Iron Hands\n|-damage|p1a: Weezing|41\/100\n|move|p2a: Cheesy Dreads|Shadow Ball|p1b: Iron Hands\n|-damage|p1b: Iron Hands|38\/100\n|-unboost|p1b: Iron Hands|spd|1\n|cant|p1a: Weezing|flinch\n|move|p1b: Iron Hands|Wild Charge|p2a: Cheesy Dreads\n|-damage|p2a: Cheesy Dreads|59\/100\n|-damage|p1b: Iron Hands|32\/100|[from] Recoil\n|\n|-heal|p2a: Cheesy Dreads|65\/100|[from] item: Leftovers\n|upkeep\n|turn|11\n|inactive|Nails has 210 seconds left.\n|\n|t:|1699215699\n|switch|p2b: Sumo Robot|Iron Hands|92\/100\n|switch|p1a: Manaphy|Manaphy, shiny, tera:Poison|75\/100 brn\n|move|p2a: Cheesy Dreads|Make It Rain|p1b: Iron Hands|[spread] p1a,p1b\n|-resisted|p1b: Iron Hands\n|-damage|p1a: Manaphy|0 fnt\n|-damage|p1b: Iron Hands|0 fnt\n|-unboost|p2a: Cheesy Dreads|spa|1\n|faint|p1a: Manaphy\n|faint|p1b: Iron Hands\n|-end|p1b: Iron Hands|Quark Drive|[silent]\n|\n|-heal|p2a: Cheesy Dreads|71\/100|[from] item: Leftovers\n|upkeep\n|\n|t:|1699215706\n|switch|p1a: Ogerpon|Ogerpon-Hearthflame, F|100\/100\n|switch|p1b: Flutter Mane|Flutter Mane|100\/100\n|-ability|p1a: Ogerpon|Mold Breaker\n|turn|12\n|inactive|Nails has 210 seconds left.\n|inactive|zee has 270 seconds left.\n|\n|t:|1699215749\n|-end|p2b: Sumo Robot|Quark Drive|[silent]\n|switch|p2b: Soft Serve Tail|Arcanine-Hisui, M|100\/100\n|-ability|p2b: Soft Serve Tail|Intimidate|boost\n|-unboost|p1a: Ogerpon|atk|1\n|-unboost|p1b: Flutter Mane|atk|1\n|move|p2a: Cheesy Dreads|Protect|p2a: Cheesy Dreads\n|-singleturn|p2a: Cheesy Dreads|Protect\n|move|p1a: Ogerpon|Follow Me|p1a: Ogerpon\n|-singleturn|p1a: Ogerpon|move: Follow Me\n|move|p1b: Flutter Mane|Shadow Ball|p2a: Cheesy Dreads\n|-activate|p2a: Cheesy Dreads|move: Protect\n|\n|-heal|p2a: Cheesy Dreads|77\/100|[from] item: Leftovers\n|upkeep\n|turn|13\n|inactive|Nails has 210 seconds left.\n|\n|t:|1699215785\n|switch|p1a: Weezing|Weezing, M, shiny|41\/100\n|switch|p2a: Sumo Robot|Iron Hands|92\/100\n|move|p1b: Flutter Mane|Shadow Ball|p2a: Sumo Robot\n|-damage|p2a: Sumo Robot|63\/100\n|move|p2b: Soft Serve Tail|Rock Slide|p1b: Flutter Mane|[spread] p1b\n|-miss|p2b: Soft Serve Tail|p1a: Weezing\n|-damage|p1b: Flutter Mane|55\/100\n|\n|upkeep\n|turn|14\n|inactive|Nails has 210 seconds left.\n|inactive|zee has 270 seconds left.\n|inactive|Nails has 180 seconds left.\n|\n|t:|1699215850\n|-end|p1b: Flutter Mane|Protosynthesis|[silent]\n|switch|p1b: Roaring Moon|Roaring Moon|100\/100\n|-enditem|p1b: Roaring Moon|Booster Energy\n|-activate|p1b: Roaring Moon|ability: Protosynthesis|[fromitem]\n|-start|p1b: Roaring Moon|protosynthesisspe\n|move|p2b: Soft Serve Tail|Flare Blitz|p1a: Weezing\n|-damage|p1a: Weezing|0 fnt\n|faint|p1a: Weezing\n|-damage|p2b: Soft Serve Tail|89\/100|[from] Recoil\n|move|p2a: Sumo Robot|Drain Punch|p1b: Roaring Moon\n|-supereffective|p1b: Roaring Moon\n|-damage|p1b: Roaring Moon|10\/100\n|-heal|p2a: Sumo Robot|99\/100|[from] drain|[of] p1b: Roaring Moon\n|\n|upkeep\n|\n|t:|1699215859\n|switch|p1a: Flutter Mane|Flutter Mane|55\/100\n|turn|15\n|inactive|Nails has 180 seconds left.\n|\n|t:|1699215892\n|move|p1b: Roaring Moon|Knock Off|p2b: Soft Serve Tail\n|-damage|p2b: Soft Serve Tail|45\/100\n|-enditem|p2b: Soft Serve Tail|Heavy-Duty Boots|[from] move: Knock Off|[of] p1b: Roaring Moon\n|move|p1a: Flutter Mane|Shadow Ball|p2b: Soft Serve Tail\n|-damage|p2b: Soft Serve Tail|0 fnt\n|faint|p2b: Soft Serve Tail\n|move|p2a: Sumo Robot|Heavy Slam|p1a: Flutter Mane\n|-supereffective|p1a: Flutter Mane\n|-damage|p1a: Flutter Mane|0 fnt\n|faint|p1a: Flutter Mane\n|-end|p1a: Flutter Mane|Protosynthesis|[silent]\n|\n|upkeep\n|inactive|Nails has 150 seconds left.\n|\n|t:|1699215927\n|switch|p1a: Ogerpon|Ogerpon-Hearthflame, F|100\/100\n|switch|p2b: Ruby Pearls|Flutter Mane|88\/100 brn\n|-ability|p1a: Ogerpon|Mold Breaker\n|turn|16\n|inactive|Nails has 150 seconds left.\n|\n|t:|1699215969\n|move|p1b: Roaring Moon|Protect|p1b: Roaring Moon\n|-singleturn|p1b: Roaring Moon|Protect\n|move|p2b: Ruby Pearls|Shadow Ball|p1a: Ogerpon\n|-damage|p1a: Ogerpon|38\/100\n|move|p1a: Ogerpon|Ivy Cudgel|p2a: Sumo Robot\n|-crit|p2a: Sumo Robot\n|-damage|p2a: Sumo Robot|39\/100\n|move|p2a: Sumo Robot|Drain Punch|p1b: Roaring Moon\n|-activate|p1b: Roaring Moon|move: Protect\n|\n|-damage|p2b: Ruby Pearls|82\/100 brn|[from] brn\n|upkeep\n|turn|17\n|inactive|Nails has 150 seconds left.\n|inactive|Nails has 120 seconds left.\n|\n|t:|1699216013\n|move|p1b: Roaring Moon|Knock Off|p2b: Ruby Pearls\n|-damage|p2b: Ruby Pearls|0 fnt\n|-enditem|p2b: Ruby Pearls|Choice Specs|[from] move: Knock Off|[of] p1b: Roaring Moon\n|faint|p2b: Ruby Pearls\n|-end|p2b: Ruby Pearls|Protosynthesis|[silent]\n|move|p1a: Ogerpon|Ivy Cudgel|p2a: Sumo Robot\n|-damage|p2a: Sumo Robot|0 fnt\n|faint|p2a: Sumo Robot\n|-end|p2a: Sumo Robot|Quark Drive|[silent]\n|\n|upkeep\n|\n|t:|1699216018\n|switch|p2a: Cheesy Dreads|Gholdengo|77\/100\n|turn|18\n|c|\u2606zee|sorry\n|c|\u2606Nails|nw\n|\n|t:|1699216031\n|move|p1b: Roaring Moon|Tailwind|p1b: Roaring Moon\n|-sidestart|p1: zee|move: Tailwind\n|move|p1a: Ogerpon|Ivy Cudgel|p2a: Cheesy Dreads\n|-supereffective|p2a: Cheesy Dreads\n|-damage|p2a: Cheesy Dreads|0 fnt\n|faint|p2a: Cheesy Dreads\n|\n|win|zee\n|c|\u2606Nails|gg\n|c|\u2606zee|gg\n","uploadtime":1699216032,"views":367,"p1id":"zee","p2id":"nails","formatid":"gen9doublesou","rating":0,"private":0,"password":""}