{"id":"smogtours-gen9doublesou-729707","p1":"LpZ IV","p2":"qsns","format":"[Gen 9] Doubles OU","log":"|inactive|Battle timer is ON: inactive players will automatically lose when time's up.\n|t:|1699639410\n|gametype|doubles\n|player|p1|LpZ IV|#scl3shoguns|\n|player|p2|qsns|#bssplviiidavesdragonairs|\n|teamsize|p1|6\n|teamsize|p2|6\n|gen|9\n|tier|[Gen 9] Doubles OU\n|rule|Species Clause: Limit one of each Pok\u00e9mon\n|rule|OHKO Clause: OHKO moves are banned\n|rule|Evasion Moves Clause: Evasion moves are banned\n|rule|Gravity Sleep Clause: The combination of sleep-inducing moves with imperfect accuracy and Gravity or Gigantamax Orbeetle are banned\n|rule|Endless Battle Clause: Forcing endless battles is banned\n|rule|HP Percentage Mod: HP is shown in percentages\n|clearpoke\n|poke|p1|Ursaluna-Bloodmoon, M|\n|poke|p1|Rillaboom, F|\n|poke|p1|Cresselia, F|\n|poke|p1|Iron Hands|\n|poke|p1|Ogerpon-Hearthflame, F|\n|poke|p1|Toxapex, F|\n|poke|p2|Kingambit, F|\n|poke|p2|Rillaboom, M|\n|poke|p2|Flutter Mane|\n|poke|p2|Ogerpon-Hearthflame, F|\n|poke|p2|Landorus-Therian, M|\n|poke|p2|Iron Bundle|\n|teampreview\n|c|\u2606qsns|hf\n|c|\u2606LpZ IV|hf\n|inactive|LpZ IV has 270 seconds left.\n|inactive|qsns has 270 seconds left.\n|c|+Paraplegic|GO QSNS\n|inactive|LpZ IV has 240 seconds left.\n|\n|t:|1699639486\n|start\n|switch|p1a: Rillaboom|Rillaboom, F|100\/100\n|switch|p1b: Toxapex|Toxapex, F|100\/100\n|switch|p2a: Landorus|Landorus-Therian, M|100\/100\n|switch|p2b: Flutter Mane|Flutter Mane|100\/100\n|-ability|p2a: Landorus|Intimidate|boost\n|-unboost|p1a: Rillaboom|atk|1\n|-unboost|p1b: Toxapex|atk|1\n|-fieldstart|move: Grassy Terrain|[from] ability: Grassy Surge|[of] p1a: Rillaboom\n|turn|1\n|\n|t:|1699639505\n|move|p1a: Rillaboom|Fake Out|p2a: Landorus\n|-damage|p2a: Landorus|92\/100\n|move|p2b: Flutter Mane|Moonblast|p1a: Rillaboom\n|-damage|p1a: Rillaboom|51\/100\n|cant|p2a: Landorus|flinch\n|move|p1b: Toxapex|Toxic|p2b: Flutter Mane\n|-status|p2b: Flutter Mane|tox\n|\n|-heal|p1a: Rillaboom|57\/100|[from] Grassy Terrain\n|-damage|p2b: Flutter Mane|94\/100 tox|[from] psn\n|upkeep\n|turn|2\n|\n|t:|1699639526\n|switch|p1a: Cresselia|Cresselia, F|100\/100\n|move|p2b: Flutter Mane|Moonblast|p1a: Cresselia\n|-damage|p1a: Cresselia|61\/100\n|-unboost|p1a: Cresselia|spa|1\n|move|p2a: Landorus|U-turn|p1a: Cresselia\n|-supereffective|p1a: Cresselia\n|-damage|p1a: Cresselia|27\/100\n|\n|t:|1699639528\n|switch|p2a: Kingambit|Kingambit, F|100\/100|[from] U-turn\n|-enditem|p2a: Kingambit|Grassy Seed\n|-boost|p2a: Kingambit|def|1|[from] item: Grassy Seed\n|move|p1b: Toxapex|Toxic|p2a: Kingambit\n|-immune|p2a: Kingambit\n|\n|-heal|p2b: Flutter Mane|100\/100 tox|[from] Grassy Terrain\n|-damage|p2b: Flutter Mane|88\/100 tox|[from] psn\n|upkeep\n|turn|3\n|\n|t:|1699639551\n|switch|p1a: Ogerpon|Ogerpon-Hearthflame, F|100\/100\n|-ability|p1a: Ogerpon|Mold Breaker\n|move|p2b: Flutter Mane|Moonblast|p1a: Ogerpon\n|-resisted|p1a: Ogerpon\n|-damage|p1a: Ogerpon|65\/100\n|move|p2a: Kingambit|Swords Dance|p2a: Kingambit\n|-boost|p2a: Kingambit|atk|2\n|move|p1b: Toxapex|Haze|p1b: Toxapex\n|-clearallboost\n|\n|-heal|p2b: Flutter Mane|94\/100 tox|[from] Grassy Terrain\n|-heal|p1a: Ogerpon|71\/100|[from] Grassy Terrain\n|-damage|p2b: Flutter Mane|76\/100 tox|[from] psn\n|upkeep\n|turn|4\n|inactive|LpZ IV has 270 seconds left.\n|\n|t:|1699639585\n|-end|p2b: Flutter Mane|Protosynthesis|[silent]\n|switch|p2b: Landorus|Landorus-Therian, M|92\/100\n|-ability|p2b: Landorus|Intimidate|boost\n|-unboost|p1a: Ogerpon|atk|1\n|-unboost|p1b: Toxapex|atk|1\n|move|p1a: Ogerpon|Ivy Cudgel|p2b: Landorus\n|-damage|p2b: Landorus|55\/100\n|move|p2a: Kingambit|Swords Dance|p2a: Kingambit\n|-boost|p2a: Kingambit|atk|2\n|move|p1b: Toxapex|Haze|p1b: Toxapex\n|-clearallboost\n|\n|-heal|p1a: Ogerpon|77\/100|[from] Grassy Terrain\n|upkeep\n|turn|5\n|inactive|LpZ IV has 270 seconds left.\n|\n|t:|1699639613\n|move|p1a: Ogerpon|Ivy Cudgel|p2a: Kingambit\n|-supereffective|p2a: Kingambit\n|-damage|p2a: Kingambit|20\/100\n|move|p2b: Landorus|Stealth Rock|p1a: Ogerpon\n|-sidestart|p1: LpZ IV|move: Stealth Rock\n|move|p2a: Kingambit|Kowtow Cleave|p1a: Ogerpon\n|-damage|p1a: Ogerpon|27\/100\n|move|p1b: Toxapex|Gunk Shot|p2b: Landorus\n|-resisted|p2b: Landorus\n|-damage|p2b: Landorus|40\/100\n|-enditem|p2b: Landorus|Sitrus Berry|[eat]\n|-heal|p2b: Landorus|65\/100|[from] item: Sitrus Berry\n|\n|-heal|p1a: Ogerpon|33\/100|[from] Grassy Terrain\n|-heal|p2a: Kingambit|27\/100|[from] Grassy Terrain\n|-fieldend|move: Grassy Terrain\n|upkeep\n|turn|6\n|\n|t:|1699639635\n|move|p1a: Ogerpon|Spiky Shield|p1a: Ogerpon\n|-singleturn|p1a: Ogerpon|move: Protect\n|move|p2a: Kingambit|Sucker Punch||[still]\n|-fail|p2a: Kingambit\n|move|p2b: Landorus|Stomping Tantrum|p1b: Toxapex\n|-supereffective|p1b: Toxapex\n|-damage|p1b: Toxapex|50\/100\n|-damage|p2b: Landorus|49\/100|[from] item: Rocky Helmet|[of] p1b: Toxapex\n|move|p1b: Toxapex|Toxic|p2b: Landorus\n|-status|p2b: Landorus|tox\n|\n|-damage|p2b: Landorus|43\/100 tox|[from] psn\n|upkeep\n|turn|7\n|inactive|LpZ IV has 270 seconds left.\n|inactive|qsns has 270 seconds left.\n|\n|t:|1699639679\n|switch|p1b: Rillaboom|Rillaboom, F|57\/100\n|-damage|p1b: Rillaboom|44\/100|[from] Stealth Rock\n|-fieldstart|move: Grassy Terrain|[from] ability: Grassy Surge|[of] p1b: Rillaboom\n|move|p1a: Ogerpon|Grassy Glide|p2b: Landorus\n|-damage|p2b: Landorus|3\/100 tox\n|move|p2a: Kingambit|Sucker Punch||[still]\n|-fail|p2a: Kingambit\n|move|p2b: Landorus|Stomping Tantrum|p1b: Rillaboom\n|-resisted|p1b: Rillaboom\n|-damage|p1b: Rillaboom|26\/100\n|\n|-heal|p1a: Ogerpon|39\/100|[from] Grassy Terrain\n|-heal|p1b: Rillaboom|32\/100|[from] Grassy Terrain\n|-heal|p2a: Kingambit|33\/100|[from] Grassy Terrain\n|-damage|p2b: Landorus|0 fnt|[from] psn\n|faint|p2b: Landorus\n|upkeep\n|\n|t:|1699639684\n|switch|p2b: Ogerpon|Ogerpon-Hearthflame, F|100\/100\n|-ability|p2b: Ogerpon|Mold Breaker\n|turn|8\n|inactive|LpZ IV has 270 seconds left.\n|inactive|qsns has 270 seconds left.\n|\n|t:|1699639713\n|move|p2b: Ogerpon|Spiky Shield|p2b: Ogerpon\n|-singleturn|p2b: Ogerpon|move: Protect\n|move|p2a: Kingambit|Protect|p2a: Kingambit\n|-singleturn|p2a: Kingambit|Protect\n|move|p1a: Ogerpon|Grassy Glide|p2a: Kingambit\n|-activate|p2a: Kingambit|move: Protect\n|move|p1b: Rillaboom|Grassy Glide|p2a: Kingambit\n|-activate|p2a: Kingambit|move: Protect\n|\n|-heal|p1a: Ogerpon|45\/100|[from] Grassy Terrain\n|-heal|p1b: Rillaboom|38\/100|[from] Grassy Terrain\n|-heal|p2a: Kingambit|39\/100|[from] Grassy Terrain\n|upkeep\n|turn|9\n|inactive|LpZ IV has 270 seconds left.\n|inactive|qsns has 270 seconds left.\n|\n|t:|1699639754\n|-terastallize|p2b: Ogerpon|Fire\n|detailschange|p2b: Ogerpon|Ogerpon-Hearthflame-Tera, F, tera:Fire\n|-ability|p2b: Ogerpon|Embody Aspect (Hearthflame)|boost\n|-boost|p2b: Ogerpon|atk|1\n|move|p1a: Ogerpon|Spiky Shield|p1a: Ogerpon\n|-singleturn|p1a: Ogerpon|move: Protect\n|move|p1b: Rillaboom|Grassy Glide|p2a: Kingambit\n|-resisted|p2a: Kingambit\n|-damage|p2a: Kingambit|26\/100\n|move|p2a: Kingambit|Sucker Punch||[still]\n|-fail|p2a: Kingambit\n|move|p2b: Ogerpon|Ivy Cudgel|p1b: Rillaboom\n|-supereffective|p1b: Rillaboom\n|-damage|p1b: Rillaboom|0 fnt\n|faint|p1b: Rillaboom\n|\n|-heal|p1a: Ogerpon|51\/100|[from] Grassy Terrain\n|-heal|p2a: Kingambit|32\/100|[from] Grassy Terrain\n|upkeep\n|\n|t:|1699639764\n|switch|p1b: Ursaluna|Ursaluna-Bloodmoon, M|100\/100\n|-damage|p1b: Ursaluna|94\/100|[from] Stealth Rock\n|-enditem|p1b: Ursaluna|Grassy Seed\n|-boost|p1b: Ursaluna|def|1|[from] item: Grassy Seed\n|turn|10\n|inactive|LpZ IV has 240 seconds left.\n|inactive|qsns has 270 seconds left.\n|\n|t:|1699639798\n|move|p1a: Ogerpon|Grassy Glide|p2a: Kingambit\n|-resisted|p2a: Kingambit\n|-damage|p2a: Kingambit|17\/100\n|move|p2b: Ogerpon|Ivy Cudgel|p1b: Ursaluna\n|-crit|p1b: Ursaluna\n|-damage|p1b: Ursaluna|0 fnt\n|faint|p1b: Ursaluna\n|move|p2a: Kingambit|Kowtow Cleave|p1a: Ogerpon\n|-damage|p1a: Ogerpon|1\/100\n|\n|-heal|p1a: Ogerpon|7\/100|[from] Grassy Terrain\n|-heal|p2a: Kingambit|23\/100|[from] Grassy Terrain\n|upkeep\n|inactive|LpZ IV has 240 seconds left.\n|\n|t:|1699639815\n|switch|p1b: Toxapex|Toxapex, F|84\/100\n|-damage|p1b: Toxapex|71\/100|[from] Stealth Rock\n|turn|11\n|inactive|LpZ IV has 240 seconds left.\n|inactive|qsns has 270 seconds left.\n|\n|t:|1699639858\n|move|p2b: Ogerpon|Spiky Shield|p2b: Ogerpon\n|-singleturn|p2b: Ogerpon|move: Protect\n|move|p1a: Ogerpon|Ivy Cudgel|p2a: Kingambit\n|-supereffective|p2a: Kingambit\n|-crit|p2a: Kingambit\n|-damage|p2a: Kingambit|0 fnt\n|faint|p2a: Kingambit\n|move|p1b: Toxapex|Haze|p1b: Toxapex\n|-clearallboost\n|\n|-heal|p1a: Ogerpon|13\/100|[from] Grassy Terrain\n|-heal|p1b: Toxapex|77\/100|[from] Grassy Terrain\n|-fieldend|move: Grassy Terrain\n|upkeep\n|\n|t:|1699639863\n|switch|p2a: Flutter Mane|Flutter Mane|76\/100 tox\n|turn|12\n|inactive|qsns has 270 seconds left.\n|inactive|LpZ IV has 240 seconds left.\n|\n|t:|1699639904\n|move|p1a: Ogerpon|Spiky Shield|p1a: Ogerpon\n|-singleturn|p1a: Ogerpon|move: Protect\n|move|p2a: Flutter Mane|Dazzling Gleam|p1a: Ogerpon|[spread] p1b\n|-activate|p1a: Ogerpon|move: Protect\n|-resisted|p1b: Toxapex\n|-damage|p1b: Toxapex|60\/100\n|move|p2b: Ogerpon|Horn Leech|p1b: Toxapex\n|-damage|p1b: Toxapex|34\/100\n|-damage|p2b: Ogerpon|84\/100|[from] item: Rocky Helmet|[of] p1b: Toxapex\n|move|p1b: Toxapex|Recover|p1b: Toxapex\n|-heal|p1b: Toxapex|84\/100\n|\n|-damage|p2a: Flutter Mane|69\/100 tox|[from] psn\n|upkeep\n|turn|13\n|inactive|qsns has 270 seconds left.\n|inactive|LpZ IV has 240 seconds left.\n|\n|t:|1699639937\n|move|p2b: Ogerpon|Spiky Shield|p2b: Ogerpon\n|-singleturn|p2b: Ogerpon|move: Protect\n|move|p2a: Flutter Mane|Dazzling Gleam|p1a: Ogerpon|[spread] p1a,p1b\n|-resisted|p1a: Ogerpon\n|-resisted|p1b: Toxapex\n|-crit|p1b: Toxapex\n|-damage|p1a: Ogerpon|0 fnt\n|-damage|p1b: Toxapex|57\/100\n|faint|p1a: Ogerpon\n|move|p1b: Toxapex|Toxic|p2b: Ogerpon\n|-activate|p2b: Ogerpon|move: Protect\n|\n|-damage|p2a: Flutter Mane|57\/100 tox|[from] psn\n|upkeep\n|inactive|LpZ IV has 240 seconds left.\n|\n|t:|1699639945\n|switch|p1a: Iron Hands|Iron Hands|100\/100\n|-damage|p1a: Iron Hands|94\/100|[from] Stealth Rock\n|turn|14\n|inactive|LpZ IV has 240 seconds left.\n|\n|t:|1699639972\n|switch|p2b: Rillaboom|Rillaboom, M|100\/100\n|-fieldstart|move: Grassy Terrain|[from] ability: Grassy Surge|[of] p2b: Rillaboom\n|move|p1a: Iron Hands|Fake Out|p2b: Rillaboom\n|-damage|p2b: Rillaboom|84\/100\n|move|p2a: Flutter Mane|Dazzling Gleam|p1a: Iron Hands|[spread] p1a,p1b\n|-supereffective|p1a: Iron Hands\n|-resisted|p1b: Toxapex\n|-damage|p1a: Iron Hands|45\/100\n|-damage|p1b: Toxapex|38\/100\n|move|p1b: Toxapex|Gunk Shot|p2a: Flutter Mane|[miss]\n|-miss|p1b: Toxapex|p2a: Flutter Mane\n|\n|-heal|p2a: Flutter Mane|63\/100 tox|[from] Grassy Terrain\n|-heal|p2b: Rillaboom|91\/100|[from] Grassy Terrain\n|-heal|p1a: Iron Hands|51\/100|[from] Grassy Terrain\n|-heal|p1b: Toxapex|44\/100|[from] Grassy Terrain\n|-damage|p2a: Flutter Mane|45\/100 tox|[from] psn\n|upkeep\n|turn|15\n|\n|t:|1699639985\n|-end|p1a: Iron Hands|Quark Drive|[silent]\n|switch|p1a: Cresselia|Cresselia, F|27\/100\n|-damage|p1a: Cresselia|15\/100|[from] Stealth Rock\n|move|p2a: Flutter Mane|Dazzling Gleam|p1b: Toxapex|[spread] p1a,p1b\n|-resisted|p1b: Toxapex\n|-damage|p1a: Cresselia|0 fnt\n|-damage|p1b: Toxapex|26\/100\n|faint|p1a: Cresselia\n|move|p2b: Rillaboom|High Horsepower|p1b: Toxapex\n|-supereffective|p1b: Toxapex\n|-damage|p1b: Toxapex|0 fnt\n|-damage|p2b: Rillaboom|74\/100|[from] item: Rocky Helmet|[of] p1b: Toxapex\n|faint|p1b: Toxapex\n|\n|-heal|p2a: Flutter Mane|51\/100 tox|[from] Grassy Terrain\n|-heal|p2b: Rillaboom|80\/100|[from] Grassy Terrain\n|-damage|p2a: Flutter Mane|26\/100 tox|[from] psn\n|upkeep\n|c|\u2606LpZ IV|that miss is sad but i assume bundle won\n|inactive|LpZ IV has 240 seconds left.\n|c|\u2606qsns|yeah i think so\n|\n|t:|1699640013\n|switch|p1a: Iron Hands|Iron Hands|51\/100\n|-damage|p1a: Iron Hands|45\/100|[from] Stealth Rock\n|turn|16\n|c|\u2606qsns|sorry about the earlier crit\n|\n|t:|1699640023\n|-terastallize|p1a: Iron Hands|Ghost\n|move|p2b: Rillaboom|Grassy Glide|p1a: Iron Hands\n|-damage|p1a: Iron Hands|19\/100\n|move|p2a: Flutter Mane|Dazzling Gleam|p1a: Iron Hands\n|-damage|p1a: Iron Hands|0 fnt\n|faint|p1a: Iron Hands\n|-end|p1a: Iron Hands|Quark Drive|[silent]\n|\n|win|qsns\n|c|\u2606LpZ IV|gg\n|c|\u2606qsns|gg\n","uploadtime":1699640024,"views":131,"p1id":"lpziv","p2id":"qsns","formatid":"gen9doublesou","rating":0,"private":0,"password":""}