{"id":"smogtours-gen9doublesou-731722","p1":"qsns","p2":"Actuarily","format":"[Gen 9] Doubles OU","log":"|inactive|Battle timer is ON: inactive players will automatically lose when time's up.\n|t:|1700427404\n|gametype|doubles\n|player|p1|qsns|#bssplviiidavesdragonairs|\n|player|p2|Actuarily|roughneck-gen4|\n|teamsize|p1|6\n|teamsize|p2|6\n|gen|9\n|tier|[Gen 9] Doubles OU\n|rule|Species Clause: Limit one of each Pok\u00e9mon\n|rule|OHKO Clause: OHKO moves are banned\n|rule|Evasion Moves Clause: Evasion moves are banned\n|rule|Gravity Sleep Clause: The combination of sleep-inducing moves with imperfect accuracy and Gravity or Gigantamax Orbeetle are banned\n|rule|Endless Battle Clause: Forcing endless battles is banned\n|rule|HP Percentage Mod: HP is shown in percentages\n|clearpoke\n|poke|p1|Glimmora, F|\n|poke|p1|Tornadus, M|\n|poke|p1|Chi-Yu|\n|poke|p1|Flutter Mane|\n|poke|p1|Ogerpon-Wellspring, F|\n|poke|p1|Rillaboom, F|\n|poke|p2|Grimmsnarl, M|\n|poke|p2|Chi-Yu|\n|poke|p2|Ogerpon-Wellspring, F|\n|poke|p2|Iron Hands|\n|poke|p2|Landorus-Therian, M|\n|poke|p2|Gholdengo|\n|teampreview\n|c|\u2606qsns|hf\n|c|\u2606Actuarily|Gl\n|inactive|qsns has 270 seconds left.\n|inactive|Actuarily has 270 seconds left.\n|c|+laptops|QSNSNSNS\n|inactive|qsns has 240 seconds left.\n|inactive|Actuarily has 240 seconds left.\n|inactive|qsns has 210 seconds left.\n|inactive|Actuarily has 210 seconds left.\n|\n|t:|1700427510\n|start\n|switch|p1a: miss belladonna|Glimmora, F|100\/100\n|switch|p1b: girl like me|Rillaboom, F|100\/100\n|switch|p2a: Grimmsnarl|Grimmsnarl, M|100\/100\n|switch|p2b: Iron Hands|Iron Hands|100\/100\n|-fieldstart|move: Grassy Terrain|[from] ability: Grassy Surge|[of] p1b: girl like me\n|turn|1\n|inactive|Actuarily has 270 seconds left.\n|\n|t:|1700427532\n|switch|p2a: Landorus|Landorus-Therian, M|100\/100\n|-ability|p2a: Landorus|Intimidate|boost\n|-unboost|p1a: miss belladonna|atk|1\n|-unboost|p1b: girl like me|atk|1\n|-end|p2b: Iron Hands|Quark Drive|[silent]\n|switch|p2b: Chi-Yu|Chi-Yu|100\/100\n|-ability|p2b: Chi-Yu|Beads of Ruin\n|move|p1b: girl like me|Fake Out|p2b: Chi-Yu\n|-damage|p2b: Chi-Yu|85\/100\n|move|p1a: miss belladonna|Stealth Rock|p2a: Landorus\n|-sidestart|p2: Actuarily|move: Stealth Rock\n|\n|-heal|p2b: Chi-Yu|91\/100|[from] Grassy Terrain\n|upkeep\n|turn|2\n|inactive|Actuarily has 270 seconds left.\n|inactive|qsns has 270 seconds left.\n|\n|t:|1700427574\n|switch|p1b: HOWKINGS|Ogerpon-Wellspring, F|100\/100\n|move|p2b: Chi-Yu|Heat Wave|p1b: HOWKINGS|[spread] p1a,p1b\n|-resisted|p1a: miss belladonna\n|-damage|p1a: miss belladonna|66\/100\n|-damage|p1b: HOWKINGS|44\/100\n|move|p1a: miss belladonna|Power Gem|p2b: Chi-Yu\n|-supereffective|p2b: Chi-Yu\n|-damage|p2b: Chi-Yu|0 fnt\n|faint|p2b: Chi-Yu\n|move|p2a: Landorus|Sandsear Storm|p1b: HOWKINGS|[spread] p1a\n|-miss|p2a: Landorus|p1b: HOWKINGS\n|-supereffective|p1a: miss belladonna\n|-damage|p1a: miss belladonna|0 fnt\n|faint|p1a: miss belladonna\n|\n|-heal|p1b: HOWKINGS|50\/100|[from] Grassy Terrain\n|upkeep\n|inactive|qsns has 270 seconds left.\n|inactive|Actuarily has 270 seconds left.\n|\n|t:|1700427617\n|switch|p2b: Grimmsnarl|Grimmsnarl, M|100\/100\n|switch|p1a: girl like me|Rillaboom, F|100\/100\n|-damage|p2b: Grimmsnarl|88\/100|[from] Stealth Rock\n|turn|3\n|\n|t:|1700427631\n|switch|p2a: Ogerpon|Ogerpon-Wellspring, F|100\/100\n|-damage|p2a: Ogerpon|88\/100|[from] Stealth Rock\n|move|p1a: girl like me|Fake Out|p2b: Grimmsnarl\n|-damage|p2b: Grimmsnarl|73\/100\n|cant|p2b: Grimmsnarl|flinch\n|move|p1b: HOWKINGS|Horn Leech|p2b: Grimmsnarl\n|-damage|p2b: Grimmsnarl|12\/100\n|-heal|p1b: HOWKINGS|83\/100|[from] drain|[of] p2b: Grimmsnarl\n|\n|-heal|p1b: HOWKINGS|89\/100|[from] Grassy Terrain\n|-heal|p2a: Ogerpon|94\/100|[from] Grassy Terrain\n|-heal|p2b: Grimmsnarl|18\/100|[from] Grassy Terrain\n|upkeep\n|turn|4\n|inactive|qsns has 270 seconds left.\n|inactive|Actuarily has 270 seconds left.\n|inactive|qsns has 240 seconds left.\n|inactive|Actuarily has 240 seconds left.\n|inactive|Actuarily has 210 seconds left.\n|inactive|qsns has 210 seconds left.\n|inactive|Actuarily has 180 seconds left.\n|\n|t:|1700427756\n|switch|p2a: Landorus|Landorus-Therian, M|100\/100\n|-damage|p2a: Landorus|88\/100|[from] Stealth Rock\n|-ability|p2a: Landorus|Intimidate|boost\n|-unboost|p1a: girl like me|atk|1\n|-unboost|p1b: HOWKINGS|atk|1\n|switch|p2b: Gholdengo|Gholdengo|100\/100\n|-damage|p2b: Gholdengo|94\/100|[from] Stealth Rock\n|move|p1a: girl like me|Grassy Glide|p2b: Gholdengo\n|-resisted|p2b: Gholdengo\n|-damage|p2b: Gholdengo|83\/100\n|move|p1b: HOWKINGS|Horn Leech|p2a: Landorus\n|-damage|p2a: Landorus|50\/100\n|-heal|p1b: HOWKINGS|100\/100|[from] drain|[of] p2a: Landorus\n|-enditem|p2a: Landorus|Sitrus Berry|[eat]\n|-heal|p2a: Landorus|75\/100|[from] item: Sitrus Berry\n|\n|-heal|p2b: Gholdengo|89\/100|[from] Grassy Terrain\n|upkeep\n|turn|5\n|inactive|qsns has 210 seconds left.\n|inactive|Actuarily has 180 seconds left.\n|inactive|Actuarily has 150 seconds left.\n|\n|t:|1700427821\n|switch|p2a: Iron Hands|Iron Hands|100\/100\n|-damage|p2a: Iron Hands|94\/100|[from] Stealth Rock\n|move|p1b: HOWKINGS|Ivy Cudgel|p2b: Gholdengo\n|-crit|p2b: Gholdengo\n|-damage|p2b: Gholdengo|0 fnt\n|faint|p2b: Gholdengo\n|move|p1a: girl like me|U-turn|p2a: Iron Hands\n|-resisted|p2a: Iron Hands\n|-damage|p2a: Iron Hands|88\/100\n|inactive|qsns has 210 seconds left.\n|\n|t:|1700427834\n|switch|p1a: rhinestone heart|Flutter Mane|100\/100|[from] U-turn\n|\n|-heal|p2a: Iron Hands|94\/100|[from] Grassy Terrain\n|-fieldend|move: Grassy Terrain\n|upkeep\n|c|\u2606qsns|sorry\n|inactive|Actuarily has 120 seconds left.\n|inactive|Actuarily has 90 seconds left.\n|inactive|Actuarily has 60 seconds left.\n|\n|t:|1700427923\n|switch|p2b: Ogerpon|Ogerpon-Wellspring, F|94\/100\n|-damage|p2b: Ogerpon|82\/100|[from] Stealth Rock\n|turn|6\n|\n|t:|1700427949\n|switch|p1b: girl like me|Rillaboom, F|100\/100\n|-fieldstart|move: Grassy Terrain|[from] ability: Grassy Surge|[of] p1b: girl like me\n|-terastallize|p2a: Iron Hands|Fire\n|move|p1a: rhinestone heart|Substitute|p1a: rhinestone heart\n|-start|p1a: rhinestone heart|Substitute\n|-damage|p1a: rhinestone heart|76\/100\n|move|p2b: Ogerpon|Ivy Cudgel|p1a: rhinestone heart\n|-end|p1a: rhinestone heart|Substitute\n|move|p2a: Iron Hands|Drain Punch|p1b: girl like me\n|-damage|p1b: girl like me|58\/100\n|-heal|p2a: Iron Hands|100\/100|[from] drain|[of] p1b: girl like me\n|\n|-heal|p1a: rhinestone heart|82\/100|[from] Grassy Terrain\n|-heal|p2b: Ogerpon|88\/100|[from] Grassy Terrain\n|-heal|p1b: girl like me|64\/100|[from] Grassy Terrain\n|upkeep\n|turn|7\n|inactive|qsns has 210 seconds left.\n|inactive|Actuarily has 60 seconds left.\n|inactive|qsns has 180 seconds left.\n|\n|t:|1700428011\n|-end|p1a: rhinestone heart|Protosynthesis|[silent]\n|switch|p1a: dramatic|Tornadus, M|100\/100\n|move|p2b: Ogerpon|Spiky Shield|p2b: Ogerpon\n|-singleturn|p2b: Ogerpon|move: Protect\n|move|p1b: girl like me|U-turn|p2b: Ogerpon\n|-activate|p2b: Ogerpon|move: Protect\n|-damage|p1b: girl like me|52\/100|[from] Spiky Shield|[of] p2b: Ogerpon\n|move|p2a: Iron Hands|Wild Charge|p1a: dramatic\n|-supereffective|p1a: dramatic\n|-damage|p1a: dramatic|19\/100\n|-damage|p2a: Iron Hands|84\/100|[from] Recoil\n|\n|-heal|p2b: Ogerpon|94\/100|[from] Grassy Terrain\n|-heal|p1b: girl like me|58\/100|[from] Grassy Terrain\n|-heal|p2a: Iron Hands|90\/100|[from] Grassy Terrain\n|upkeep\n|turn|8\n|\n|t:|1700428038\n|switch|p2b: Grimmsnarl|Grimmsnarl, M|18\/100\n|-damage|p2b: Grimmsnarl|6\/100|[from] Stealth Rock\n|move|p1a: dramatic|Tailwind|p1a: dramatic\n|-sidestart|p1: qsns|move: Tailwind\n|move|p1b: girl like me|U-turn|p2b: Grimmsnarl\n|-damage|p2b: Grimmsnarl|0 fnt\n|faint|p2b: Grimmsnarl\n|inactive|qsns has 180 seconds left.\n|\n|t:|1700428050\n|switch|p1b: HOWKINGS|Ogerpon-Wellspring, F|100\/100|[from] U-turn\n|move|p2a: Iron Hands|Drain Punch|p1b: HOWKINGS\n|-damage|p1b: HOWKINGS|55\/100\n|-heal|p2a: Iron Hands|100\/100|[from] drain|[of] p1b: HOWKINGS\n|\n|-heal|p1b: HOWKINGS|61\/100|[from] Grassy Terrain\n|upkeep\n|inactive|Actuarily has 30 seconds left.\n|inactive|Actuarily has 20 seconds left.\n|\n|t:|1700428083\n|switch|p2b: Landorus|Landorus-Therian, M|75\/100\n|-damage|p2b: Landorus|63\/100|[from] Stealth Rock\n|-ability|p2b: Landorus|Intimidate|boost\n|-unboost|p1a: dramatic|atk|1\n|-unboost|p1b: HOWKINGS|atk|1\n|turn|9\n|inactive|Actuarily has 30 seconds left.\n|inactive|Actuarily has 20 seconds left.\n|inactive|Actuarily has 15 seconds left.\n|inactive|Actuarily has 10 seconds left.\n|\n|t:|1700428121\n|-end|p2a: Iron Hands|Quark Drive|[silent]\n|switch|p2a: Ogerpon|Ogerpon-Wellspring, F|94\/100\n|-damage|p2a: Ogerpon|81\/100|[from] Stealth Rock\n|move|p1b: HOWKINGS|Horn Leech|p2b: Landorus\n|-damage|p2b: Landorus|24\/100\n|-heal|p1b: HOWKINGS|82\/100|[from] drain|[of] p2b: Landorus\n|move|p1a: dramatic|Bleakwind Storm|p2a: Ogerpon|[spread] p2a,p2b\n|-supereffective|p2a: Ogerpon\n|-damage|p2a: Ogerpon|23\/100\n|-damage|p2b: Landorus|0 fnt\n|faint|p2b: Landorus\n|\n|-heal|p1b: HOWKINGS|88\/100|[from] Grassy Terrain\n|-heal|p2a: Ogerpon|29\/100|[from] Grassy Terrain\n|upkeep\n|inactive|Actuarily has 15 seconds left this turn.\n|inactive|Actuarily has 10 seconds left.\n|\n|t:|1700428129\n|switch|p2b: Iron Hands|Iron Hands, tera:Fire|100\/100\n|-damage|p2b: Iron Hands|76\/100|[from] Stealth Rock\n|turn|10\n|inactive|Actuarily has 30 seconds left.\n|\n|t:|1700428136\n|move|p2a: Ogerpon|Follow Me|p2a: Ogerpon\n|-singleturn|p2a: Ogerpon|move: Follow Me\n|move|p1b: HOWKINGS|Horn Leech|p2a: Ogerpon\n|-damage|p2a: Ogerpon|0 fnt\n|-heal|p1b: HOWKINGS|100\/100|[from] drain|[of] p2a: Ogerpon\n|faint|p2a: Ogerpon\n|move|p1a: dramatic|Bleakwind Storm|p2b: Iron Hands\n|-damage|p2b: Iron Hands|55\/100\n|move|p2b: Iron Hands|Wild Charge|p1b: HOWKINGS\n|-damage|p1b: HOWKINGS|49\/100\n|-damage|p2b: Iron Hands|44\/100|[from] Recoil\n|\n|-heal|p1b: HOWKINGS|55\/100|[from] Grassy Terrain\n|-heal|p2b: Iron Hands|51\/100|[from] Grassy Terrain\n|-fieldend|move: Grassy Terrain\n|upkeep\n|turn|11\n|\n|t:|1700428141\n|-terastallize|p1b: HOWKINGS|Water\n|detailschange|p1b: HOWKINGS|Ogerpon-Wellspring-Tera, F, tera:Water\n|-ability|p1b: HOWKINGS|Embody Aspect (Wellspring)|boost\n|-boost|p1b: HOWKINGS|spd|1\n|move|p1b: HOWKINGS|Ivy Cudgel|p2b: Iron Hands\n|-supereffective|p2b: Iron Hands\n|-damage|p2b: Iron Hands|0 fnt\n|faint|p2b: Iron Hands\n|-end|p2b: Iron Hands|Quark Drive|[silent]\n|\n|win|qsns\n|c|\u2606Actuarily|Gg\n|c|\u2606qsns|gg, apologies for crit\n|c|\u2606Actuarily|It\u2019s okay\n","uploadtime":1700428143,"views":204,"p1id":"qsns","p2id":"actuarily","formatid":"gen9doublesou","rating":0,"private":0,"password":""}