{"id":"smogtours-gen9doublesou-728886","p1":"RDL93","p2":"latiasatoshi","format":"[Gen 9] Doubles OU","log":"|inactive|Battle timer is ON: inactive players will automatically lose when time's up.\n|t:|1699194460\n|gametype|doubles\n|player|p1|RDL93|1|\n|player|p2|latiasatoshi|1|\n|teamsize|p1|6\n|teamsize|p2|6\n|gen|9\n|tier|[Gen 9] Doubles OU\n|rule|Species Clause: Limit one of each Pok\u00e9mon\n|rule|OHKO Clause: OHKO moves are banned\n|rule|Evasion Moves Clause: Evasion moves are banned\n|rule|Gravity Sleep Clause: The combination of sleep-inducing moves with imperfect accuracy and Gravity or Gigantamax Orbeetle are banned\n|rule|Endless Battle Clause: Forcing endless battles is banned\n|rule|HP Percentage Mod: HP is shown in percentages\n|clearpoke\n|poke|p1|Ursaluna-Bloodmoon, M|\n|poke|p1|Rillaboom, M|\n|poke|p1|Cresselia, F|\n|poke|p1|Iron Hands|\n|poke|p1|Ogerpon-Hearthflame, F|\n|poke|p1|Landorus-Therian, M|\n|poke|p2|Gholdengo|\n|poke|p2|Tornadus, M|\n|poke|p2|Azumarill, F|\n|poke|p2|Ogerpon-Cornerstone, F|\n|poke|p2|Heatran, M|\n|poke|p2|Rillaboom, M|\n|teampreview\n|inactive|RDL93 has 270 seconds left.\n|inactive|latiasatoshi has 270 seconds left.\n|\n|t:|1699194513\n|start\n|switch|p1a: Ogerpon|Ogerpon-Hearthflame, F|100\/100\n|switch|p1b: Rillaboom|Rillaboom, M|100\/100\n|switch|p2a: Azumarill|Azumarill, F|100\/100\n|switch|p2b: Ogerpon|Ogerpon-Cornerstone, F|100\/100\n|-ability|p1a: Ogerpon|Mold Breaker\n|-fieldstart|move: Grassy Terrain|[from] ability: Grassy Surge|[of] p1b: Rillaboom\n|turn|1\n|inactive|RDL93 has 270 seconds left.\n|\n|t:|1699194547\n|move|p1a: Ogerpon|Spiky Shield|p1a: Ogerpon\n|-singleturn|p1a: Ogerpon|move: Protect\n|move|p2a: Azumarill|Protect|p2a: Azumarill\n|-singleturn|p2a: Azumarill|Protect\n|move|p2b: Ogerpon|Ivy Cudgel|p1a: Ogerpon\n|-activate|p1a: Ogerpon|move: Protect\n|move|p1b: Rillaboom|Wood Hammer|p2a: Azumarill\n|-activate|p2a: Azumarill|move: Protect\n|\n|upkeep\n|turn|2\n|\n|t:|1699194559\n|move|p2b: Ogerpon|Follow Me|p2b: Ogerpon\n|-singleturn|p2b: Ogerpon|move: Follow Me\n|move|p1a: Ogerpon|Grassy Glide|p2b: Ogerpon\n|-damage|p2b: Ogerpon|49\/100\n|move|p1b: Rillaboom|Grassy Glide|p2b: Ogerpon\n|-damage|p2b: Ogerpon|1\/100\n|move|p2a: Azumarill|Belly Drum|p2a: Azumarill\n|-damage|p2a: Azumarill|50\/100\n|-setboost|p2a: Azumarill|atk|6|[from] move: Belly Drum\n|-enditem|p2a: Azumarill|Sitrus Berry|[eat]\n|-heal|p2a: Azumarill|75\/100|[from] item: Sitrus Berry\n|\n|-heal|p2b: Ogerpon|7\/100|[from] Grassy Terrain\n|-heal|p2a: Azumarill|81\/100|[from] Grassy Terrain\n|upkeep\n|turn|3\n|\n|t:|1699194585\n|move|p1a: Ogerpon|Spiky Shield|p1a: Ogerpon\n|-singleturn|p1a: Ogerpon|move: Protect\n|move|p2a: Azumarill|Protect|p2a: Azumarill\n|-singleturn|p2a: Azumarill|Protect\n|move|p1b: Rillaboom|Grassy Glide|p2b: Ogerpon\n|-damage|p2b: Ogerpon|0 fnt\n|faint|p2b: Ogerpon\n|\n|-heal|p2a: Azumarill|88\/100|[from] Grassy Terrain\n|upkeep\n|\n|t:|1699194595\n|switch|p2b: Tornadus|Tornadus, M|100\/100\n|turn|4\n|\n|t:|1699194606\n|-terastallize|p2a: Azumarill|Poison\n|move|p1a: Ogerpon|Grassy Glide|p2a: Azumarill\n|-resisted|p2a: Azumarill\n|-damage|p2a: Azumarill|65\/100\n|move|p1b: Rillaboom|Grassy Glide|p2a: Azumarill\n|-resisted|p2a: Azumarill\n|-damage|p2a: Azumarill|44\/100\n|move|p2a: Azumarill|Aqua Jet|p1a: Ogerpon\n|-damage|p1a: Ogerpon|0 fnt\n|faint|p1a: Ogerpon\n|move|p2b: Tornadus|Bleakwind Storm|p1b: Rillaboom\n|-supereffective|p1b: Rillaboom\n|-damage|p1b: Rillaboom|34\/100\n|\n|-heal|p1b: Rillaboom|40\/100|[from] Grassy Terrain\n|-heal|p2a: Azumarill|50\/100|[from] Grassy Terrain\n|upkeep\n|\n|t:|1699194622\n|switch|p1a: Iron Hands|Iron Hands|100\/100\n|turn|5\n|\n|t:|1699194629\n|switch|p2b: Rillaboom|Rillaboom, M|100\/100\n|switch|p1b: Cresselia|Cresselia, F|100\/100\n|move|p2a: Azumarill|Protect|p2a: Azumarill\n|-singleturn|p2a: Azumarill|Protect\n|move|p1a: Iron Hands|Wild Charge|p2b: Rillaboom\n|-resisted|p2b: Rillaboom\n|-damage|p2b: Rillaboom|75\/100\n|-damage|p1a: Iron Hands|96\/100|[from] Recoil\n|\n|-heal|p2b: Rillaboom|81\/100|[from] Grassy Terrain\n|-heal|p2a: Azumarill|57\/100|[from] Grassy Terrain\n|-heal|p1a: Iron Hands|100\/100|[from] Grassy Terrain\n|-fieldend|move: Grassy Terrain\n|upkeep\n|turn|6\n|inactive|RDL93 has 270 seconds left.\n|\n|t:|1699194669\n|switch|p1b: Rillaboom|Rillaboom, M|40\/100\n|-fieldstart|move: Grassy Terrain|[from] ability: Grassy Surge|[of] p1b: Rillaboom\n|move|p2b: Rillaboom|Fake Out|p1a: Iron Hands\n|-damage|p1a: Iron Hands|91\/100\n|move|p2a: Azumarill|Play Rough|p1b: Rillaboom\n|-damage|p1b: Rillaboom|0 fnt\n|faint|p1b: Rillaboom\n|cant|p1a: Iron Hands|flinch\n|\n|-heal|p2b: Rillaboom|87\/100|[from] Grassy Terrain\n|-heal|p2a: Azumarill|63\/100|[from] Grassy Terrain\n|-heal|p1a: Iron Hands|98\/100|[from] Grassy Terrain\n|upkeep\n|\n|t:|1699194687\n|switch|p1b: Landorus|Landorus-Therian, M|100\/100\n|-ability|p1b: Landorus|Intimidate|boost\n|-unboost|p2a: Azumarill|atk|1\n|-unboost|p2b: Rillaboom|atk|1\n|turn|7\n|inactive|RDL93 has 270 seconds left.\n|\n|t:|1699194704\n|-end|p1a: Iron Hands|Quark Drive|[silent]\n|switch|p1a: Cresselia|Cresselia, F|100\/100\n|move|p2a: Azumarill|Aqua Jet|p1b: Landorus\n|-supereffective|p1b: Landorus\n|-damage|p1b: Landorus|0 fnt\n|faint|p1b: Landorus\n|move|p2b: Rillaboom|U-turn|p1a: Cresselia\n|-supereffective|p1a: Cresselia\n|-damage|p1a: Cresselia|79\/100\n|\n|t:|1699194712\n|switch|p2b: Gholdengo|Gholdengo|100\/100|[from] U-turn\n|\n|-heal|p2a: Azumarill|69\/100|[from] Grassy Terrain\n|upkeep\n|inactive|RDL93 has 270 seconds left.\n|\n|t:|1699194719\n|switch|p1b: Iron Hands|Iron Hands|98\/100\n|turn|8\n|\n|t:|1699194735\n|-terastallize|p1a: Cresselia|Dark\n|move|p1b: Iron Hands|Fake Out|p2a: Azumarill\n|-damage|p2a: Azumarill|52\/100\n|cant|p2a: Azumarill|flinch\n|move|p2b: Gholdengo|Shadow Ball|p1a: Cresselia\n|-resisted|p1a: Cresselia\n|-damage|p1a: Cresselia|64\/100\n|-unboost|p1a: Cresselia|spd|1\n|move|p1a: Cresselia|Trick Room|p1a: Cresselia\n|-fieldstart|move: Trick Room|[of] p1a: Cresselia\n|\n|-heal|p1b: Iron Hands|100\/100|[from] Grassy Terrain\n|-heal|p2a: Azumarill|58\/100|[from] Grassy Terrain\n|upkeep\n|turn|9\n|\n|t:|1699194756\n|switch|p2b: Rillaboom|Rillaboom, M|87\/100\n|move|p2a: Azumarill|Protect|p2a: Azumarill\n|-singleturn|p2a: Azumarill|Protect\n|move|p1b: Iron Hands|Wild Charge|p2a: Azumarill\n|-activate|p2a: Azumarill|move: Protect\n|move|p1a: Cresselia|Psychic|p2a: Azumarill\n|-activate|p2a: Azumarill|move: Protect\n|\n|-heal|p2a: Azumarill|64\/100|[from] Grassy Terrain\n|-heal|p2b: Rillaboom|93\/100|[from] Grassy Terrain\n|upkeep\n|turn|10\n|\n|t:|1699194775\n|move|p1a: Cresselia|Helping Hand|p1b: Iron Hands\n|-singleturn|p1b: Iron Hands|Helping Hand|[of] p1a: Cresselia\n|move|p2b: Rillaboom|Fake Out|p1b: Iron Hands\n|-damage|p1b: Iron Hands|91\/100\n|cant|p1b: Iron Hands|flinch\n|move|p2a: Azumarill|Play Rough|p1b: Iron Hands\n|-supereffective|p1b: Iron Hands\n|-damage|p1b: Iron Hands|0 fnt\n|faint|p1b: Iron Hands\n|-end|p1b: Iron Hands|Quark Drive|[silent]\n|\n|-heal|p2a: Azumarill|70\/100|[from] Grassy Terrain\n|-heal|p2b: Rillaboom|99\/100|[from] Grassy Terrain\n|-fieldend|move: Grassy Terrain\n|upkeep\n|\n|t:|1699194787\n|switch|p1b: Ursaluna|Ursaluna-Bloodmoon, M|100\/100\n|turn|11\n|\n|t:|1699194794\n|move|p2a: Azumarill|Protect|p2a: Azumarill\n|-singleturn|p2a: Azumarill|Protect\n|move|p1b: Ursaluna|Hyper Voice|p2b: Rillaboom|[spread] p2b\n|-activate|p2a: Azumarill|move: Protect\n|-damage|p2b: Rillaboom|73\/100\n|move|p1a: Cresselia|Psychic|p2a: Azumarill\n|-activate|p2a: Azumarill|move: Protect\n|move|p2b: Rillaboom|Wood Hammer|p1b: Ursaluna\n|-supereffective|p1b: Ursaluna\n|-damage|p1b: Ursaluna|8\/100\n|-damage|p2b: Rillaboom|40\/100|[from] Recoil\n|\n|upkeep\n|turn|12\n|\n|t:|1699194818\n|move|p2a: Azumarill|Aqua Jet|p1b: Ursaluna\n|-supereffective|p1b: Ursaluna\n|-damage|p1b: Ursaluna|0 fnt\n|faint|p1b: Ursaluna\n|move|p1a: Cresselia|Psychic|p2a: Azumarill\n|-supereffective|p2a: Azumarill\n|-damage|p2a: Azumarill|19\/100\n|move|p2b: Rillaboom|U-turn|p1a: Cresselia\n|-supereffective|p1a: Cresselia\n|-damage|p1a: Cresselia|29\/100\n|\n|t:|1699194828\n|switch|p2b: Gholdengo|Gholdengo|100\/100|[from] U-turn\n|\n|-fieldend|move: Trick Room\n|upkeep\n|turn|13\n|\n|t:|1699194836\n|move|p2a: Azumarill|Aqua Jet|p1a: Cresselia\n|-damage|p1a: Cresselia|0 fnt\n|faint|p1a: Cresselia\n|\n|win|latiasatoshi\n|c|\u2606latiasatoshi|ggwp\n|c|\u2606RDL93|gg\n|player|p2|latiasatoshi|1\n|player|p2|\n","uploadtime":1699194837,"views":116,"p1id":"rdl93","p2id":"latiasatoshi","formatid":"gen9doublesou","rating":0,"private":0,"password":""}