{"id":"smogtours-gen9doublesou-726900","p1":"the JRL","p2":"xqiht","format":"[Gen 9] Doubles OU","log":"|inactive|Battle timer is ON: inactive players will automatically lose when time's up.\n|t:|1698501095\n|gametype|doubles\n|player|p1|the JRL|#scl3islanders2|\n|player|p2|xqiht|#scl3shoguns|\n|teamsize|p1|6\n|teamsize|p2|6\n|gen|9\n|tier|[Gen 9] Doubles OU\n|rule|Species Clause: Limit one of each Pok\u00e9mon\n|rule|OHKO Clause: OHKO moves are banned\n|rule|Evasion Moves Clause: Evasion moves are banned\n|rule|Gravity Sleep Clause: The combination of sleep-inducing moves with imperfect accuracy and Gravity or Gigantamax Orbeetle are banned\n|rule|Endless Battle Clause: Forcing endless battles is banned\n|rule|HP Percentage Mod: HP is shown in percentages\n|clearpoke\n|poke|p1|Clefairy, M|\n|poke|p1|Kommo-o, F|\n|poke|p1|Rillaboom, M|\n|poke|p1|Landorus-Therian, M|\n|poke|p1|Heatran, F|\n|poke|p1|Sinistcha|\n|poke|p2|Iron Bundle|\n|poke|p2|Ninetales-Alola, F|\n|poke|p2|Chi-Yu|\n|poke|p2|Landorus-Therian, M|\n|poke|p2|Kommo-o, F|\n|poke|p2|Cresselia, F|\n|teampreview\n|inactive|the JRL has 270 seconds left.\n|inactive|xqiht has 270 seconds left.\n|c|\u2606xqiht|hf\n|c|\u2606the JRL|u2\n|inactive|the JRL has 240 seconds left.\n|inactive|xqiht has 240 seconds left.\n|inactive|the JRL has 210 seconds left.\n|inactive|the JRL has 180 seconds left.\n|inactive|the JRL has 150 seconds left.\n|inactive|the JRL has 120 seconds left.\n|inactive|xqiht has 210 seconds left.\n|\n|t:|1698501292\n|start\n|switch|p1a: Rillaboom|Rillaboom, M|100\/100\n|switch|p1b: Kommo-o|Kommo-o, F|100\/100\n|switch|p2a: Iron Bundle|Iron Bundle, shiny|100\/100\n|switch|p2b: Ninetales|Ninetales-Alola, F, shiny|100\/100\n|-weather|Snow|[from] ability: Snow Warning|[of] p2b: Ninetales\n|-fieldstart|move: Grassy Terrain|[from] ability: Grassy Surge|[of] p1a: Rillaboom\n|turn|1\n|inactive|the JRL has 180 seconds left.\n|\n|t:|1698501329\n|switch|p1b: Clefairy|Clefairy, M|100\/100\n|move|p2a: Iron Bundle|Blizzard|p1a: Rillaboom|[spread] p1a,p1b\n|-supereffective|p1a: Rillaboom\n|-damage|p1a: Rillaboom|31\/100\n|-damage|p1b: Clefairy|50\/100\n|move|p2b: Ninetales|Aurora Veil|p2b: Ninetales\n|-sidestart|p2: xqiht|move: Aurora Veil\n|move|p1a: Rillaboom|Wood Hammer|p2a: Iron Bundle\n|-supereffective|p2a: Iron Bundle\n|-damage|p2a: Iron Bundle|9\/100\n|-damage|p1a: Rillaboom|12\/100|[from] Recoil\n|\n|-weather|Snow|[upkeep]\n|-heal|p2a: Iron Bundle|15\/100|[from] Grassy Terrain\n|-heal|p1a: Rillaboom|18\/100|[from] Grassy Terrain\n|-heal|p1b: Clefairy|56\/100|[from] Grassy Terrain\n|upkeep\n|turn|2\n|inactive|the JRL has 180 seconds left.\n|inactive|the JRL has 150 seconds left.\n|inactive|the JRL has 120 seconds left.\n|\n|t:|1698501408\n|-end|p2a: Iron Bundle|Quark Drive|[silent]\n|switch|p2a: Chi-Yu|Chi-Yu|100\/100\n|-ability|p2a: Chi-Yu|Beads of Ruin\n|switch|p1a: Heatran|Heatran, F|100\/100\n|move|p2b: Ninetales|Blizzard|p1b: Clefairy|[spread] p1a,p1b\n|-resisted|p1a: Heatran\n|-crit|p1a: Heatran\n|-damage|p1a: Heatran|96\/100\n|-damage|p1b: Clefairy|30\/100\n|move|p1b: Clefairy|Heal Pulse|p1a: Heatran\n|-heal|p1a: Heatran|100\/100\n|\n|-weather|Snow|[upkeep]\n|-heal|p1b: Clefairy|36\/100|[from] Grassy Terrain\n|upkeep\n|turn|3\n|inactive|the JRL has 120 seconds left.\n|inactive|the JRL has 90 seconds left.\n|\n|t:|1698501477\n|switch|p2b: Kommo-o|Kommo-o, F|100\/100\n|-terastallize|p1a: Heatran|Fairy\n|move|p1b: Clefairy|Helping Hand|p1a: Heatran\n|-singleturn|p1a: Heatran|Helping Hand|[of] p1b: Clefairy\n|move|p2a: Chi-Yu|Snarl|p1a: Heatran|[spread] p1a,p1b\n|-resisted|p1a: Heatran\n|-resisted|p1b: Clefairy\n|-damage|p1a: Heatran|95\/100\n|-damage|p1b: Clefairy|24\/100\n|-unboost|p1a: Heatran|spa|1\n|-unboost|p1b: Clefairy|spa|1\n|move|p1a: Heatran|Earth Power|p2a: Chi-Yu\n|-supereffective|p2a: Chi-Yu\n|-damage|p2a: Chi-Yu|71\/100\n|\n|-weather|Snow|[upkeep]\n|-heal|p2a: Chi-Yu|77\/100|[from] Grassy Terrain\n|-heal|p1a: Heatran|100\/100|[from] Grassy Terrain\n|-heal|p1b: Clefairy|30\/100|[from] Grassy Terrain\n|upkeep\n|turn|4\n|inactive|the JRL has 90 seconds left.\n|inactive|xqiht has 270 seconds left.\n|inactive|the JRL has 60 seconds left.\n|\n|t:|1698501533\n|switch|p1a: Kommo-o|Kommo-o, F|100\/100\n|switch|p1b: Landorus|Landorus-Therian, M|100\/100\n|-ability|p1b: Landorus|Intimidate|boost\n|-unboost|p2a: Chi-Yu|atk|1\n|-fail|p2b: Kommo-o|unboost|[from] item: Clear Amulet|[of] p2b: Kommo-o\n|move|p2b: Kommo-o|Clangorous Soul|p2b: Kommo-o\n|-boost|p2b: Kommo-o|atk|1\n|-boost|p2b: Kommo-o|def|1\n|-boost|p2b: Kommo-o|spa|1\n|-boost|p2b: Kommo-o|spd|1\n|-boost|p2b: Kommo-o|spe|1\n|-damage|p2b: Kommo-o|68\/100\n|move|p2a: Chi-Yu|Snarl|p1a: Kommo-o|[spread] p1a,p1b\n|-resisted|p1a: Kommo-o\n|-damage|p1a: Kommo-o|84\/100\n|-damage|p1b: Landorus|59\/100\n|-unboost|p1b: Landorus|spa|1\n|\n|-weather|Snow|[upkeep]\n|-heal|p2b: Kommo-o|74\/100|[from] Grassy Terrain\n|-heal|p1a: Kommo-o|90\/100|[from] Grassy Terrain\n|-heal|p2a: Chi-Yu|83\/100|[from] Grassy Terrain\n|upkeep\n|turn|5\n|inactive|xqiht has 270 seconds left.\n|c|+eric versus\u30c4|jose esto pa qu\u00e9 es\n|inactive|the JRL has 60 seconds left.\n|inactive|the JRL has 30 seconds left.\n|c|+acii|teamballo\n|\n|t:|1698501587\n|move|p1b: Landorus|U-turn|p2a: Chi-Yu\n|-crit|p2a: Chi-Yu\n|-damage|p2a: Chi-Yu|27\/100\n|inactive|the JRL has 30 seconds left this turn.\n|inactive|the JRL has 20 seconds left.\n|inactive|the JRL has 15 seconds left.\n|\n|t:|1698501605\n|switch|p1b: Clefairy|Clefairy, M|30\/100|[from] U-turn\n|move|p2b: Kommo-o|Drain Punch|p1a: Kommo-o\n|-damage|p1a: Kommo-o|53\/100\n|-heal|p2b: Kommo-o|92\/100|[from] drain|[of] p1a: Kommo-o\n|move|p1a: Kommo-o|Clangorous Soul|p1a: Kommo-o\n|-boost|p1a: Kommo-o|atk|1\n|-boost|p1a: Kommo-o|def|1\n|-boost|p1a: Kommo-o|spa|1\n|-boost|p1a: Kommo-o|spd|1\n|-boost|p1a: Kommo-o|spe|1\n|-damage|p1a: Kommo-o|20\/100\n|move|p2a: Chi-Yu|Dark Pulse|p1b: Clefairy\n|-resisted|p1b: Clefairy\n|-damage|p1b: Clefairy|6\/100\n|\n|-weather|none\n|-heal|p1a: Kommo-o|26\/100|[from] Grassy Terrain\n|-heal|p2b: Kommo-o|98\/100|[from] Grassy Terrain\n|-heal|p2a: Chi-Yu|33\/100|[from] Grassy Terrain\n|-heal|p1b: Clefairy|12\/100|[from] Grassy Terrain\n|-fieldend|move: Grassy Terrain\n|upkeep\n|turn|6\n|inactive|xqiht has 270 seconds left.\n|inactive|the JRL has 30 seconds left.\n|inactive|the JRL has 20 seconds left.\n|inactive|the JRL has 15 seconds left.\n|inactive|the JRL has 10 seconds left.\n|\n|t:|1698501636\n|move|p1b: Clefairy|Follow Me|p1b: Clefairy\n|-singleturn|p1b: Clefairy|move: Follow Me\n|move|p1a: Kommo-o|Drain Punch|p2b: Kommo-o\n|-damage|p2b: Kommo-o|75\/100\n|-heal|p1a: Kommo-o|38\/100|[from] drain|[of] p2b: Kommo-o\n|move|p2b: Kommo-o|Fire Punch|p1b: Clefairy\n|-damage|p1b: Clefairy|0 fnt\n|faint|p1b: Clefairy\n|move|p2a: Chi-Yu|Dark Pulse|p1a: Kommo-o\n|-resisted|p1a: Kommo-o\n|-damage|p1a: Kommo-o|18\/100\n|\n|upkeep\n|inactive|the JRL has 15 seconds left this turn.\n|inactive|the JRL has 10 seconds left.\n|\n|t:|1698501642\n|switch|p1b: Sinistcha|Sinistcha|100\/100\n|-heal|p1a: Kommo-o|43\/100|[from] ability: Hospitality|[of] p1b: Sinistcha\n|turn|7\n|inactive|the JRL has 30 seconds left.\n|\n|t:|1698501654\n|switch|p1b: Heatran|Heatran, F, tera:Fairy|100\/100\n|move|p1a: Kommo-o|Drain Punch|p2a: Chi-Yu\n|-supereffective|p2a: Chi-Yu\n|-damage|p2a: Chi-Yu|0 fnt\n|-heal|p1a: Kommo-o|59\/100|[from] drain|[of] p2a: Chi-Yu\n|faint|p2a: Chi-Yu\n|move|p2b: Kommo-o|Fire Punch|p1b: Heatran\n|-start|p1b: Heatran|ability: Flash Fire\n|\n|upkeep\n|inactive|the JRL has 30 seconds left this turn.\n|inactive|xqiht has 270 seconds left.\n|\n|t:|1698501673\n|switch|p2a: Predator Drone|Cresselia, F|100\/100\n|turn|8\n|\n|t:|1698501688\n|move|p1a: Kommo-o|Drain Punch|p2b: Kommo-o\n|-damage|p2b: Kommo-o|56\/100\n|-heal|p1a: Kommo-o|69\/100|[from] drain|[of] p2b: Kommo-o\n|move|p2b: Kommo-o|Drain Punch|p1a: Kommo-o\n|-damage|p1a: Kommo-o|37\/100\n|-heal|p2b: Kommo-o|72\/100|[from] drain|[of] p1a: Kommo-o\n|move|p1b: Heatran|Tera Blast|p2b: Kommo-o|[anim] Tera Blast Fairy\n|-supereffective|p2b: Kommo-o\n|-damage|p2b: Kommo-o|0 fnt\n|faint|p2b: Kommo-o\n|move|p2a: Predator Drone|Calm Mind|p2a: Predator Drone\n|-boost|p2a: Predator Drone|spa|1\n|-boost|p2a: Predator Drone|spd|1\n|\n|-sideend|p2: xqiht|move: Aurora Veil\n|upkeep\n|\n|t:|1698501713\n|switch|p2b: Landorus|Landorus-Therian, M|100\/100\n|-ability|p2b: Landorus|Intimidate|boost\n|-fail|p1a: Kommo-o|unboost|[from] item: Clear Amulet|[of] p1a: Kommo-o\n|-unboost|p1b: Heatran|atk|1\n|turn|9\n|inactive|the JRL has 60 seconds left.\n|\n|t:|1698501744\n|-end|p1b: Heatran|ability: Flash Fire|[silent]\n|switch|p1b: Sinistcha|Sinistcha|100\/100\n|-heal|p1a: Kommo-o|62\/100|[from] ability: Hospitality|[of] p1b: Sinistcha\n|move|p1a: Kommo-o|Protect|p1a: Kommo-o\n|-singleturn|p1a: Kommo-o|Protect\n|move|p2b: Landorus|Stomping Tantrum|p1b: Sinistcha\n|-resisted|p1b: Sinistcha\n|-damage|p1b: Sinistcha|84\/100\n|move|p2a: Predator Drone|Calm Mind|p2a: Predator Drone\n|-boost|p2a: Predator Drone|spa|1\n|-boost|p2a: Predator Drone|spd|1\n|\n|upkeep\n|turn|10\n|inactive|the JRL has 60 seconds left.\n|inactive|the JRL has 30 seconds left.\n|inactive|the JRL has 20 seconds left.\n|\n|t:|1698501792\n|move|p1b: Sinistcha|Rage Powder|p1b: Sinistcha\n|-singleturn|p1b: Sinistcha|move: Rage Powder\n|move|p1a: Kommo-o|Drain Punch|p2b: Landorus\n|-resisted|p2b: Landorus\n|-damage|p2b: Landorus|77\/100\n|-heal|p1a: Kommo-o|77\/100|[from] drain|[of] p2b: Landorus\n|move|p2b: Landorus|U-turn|p1b: Sinistcha\n|-damage|p1b: Sinistcha|66\/100\n|inactive|the JRL has 25 seconds left this turn.\n|\n|t:|1698501798\n|switch|p2b: Ninetales|Ninetales-Alola, F, shiny|100\/100|[from] U-turn\n|-weather|Snow|[from] ability: Snow Warning|[of] p2b: Ninetales\n|move|p2a: Predator Drone|Psyshock|p1a: Kommo-o\n|-supereffective|p1a: Kommo-o\n|-damage|p1a: Kommo-o|25\/100\n|\n|-weather|Snow|[upkeep]\n|upkeep\n|turn|11\n|inactive|the JRL has 30 seconds left.\n|inactive|the JRL has 20 seconds left.\n|\n|t:|1698501830\n|switch|p1b: Heatran|Heatran, F, tera:Fairy|100\/100\n|move|p1a: Kommo-o|Fire Punch|p2b: Ninetales\n|-supereffective|p2b: Ninetales\n|-damage|p2b: Ninetales|47\/100\n|move|p2b: Ninetales|Aurora Veil|p2b: Ninetales\n|-sidestart|p2: xqiht|move: Aurora Veil\n|move|p2a: Predator Drone|Psyshock|p1a: Kommo-o\n|-supereffective|p1a: Kommo-o\n|-damage|p1a: Kommo-o|0 fnt\n|faint|p1a: Kommo-o\n|\n|-weather|Snow|[upkeep]\n|upkeep\n|inactive|the JRL has 25 seconds left this turn.\n|inactive|the JRL has 20 seconds left.\n|inactive|the JRL has 15 seconds left.\n|\n|t:|1698501842\n|switch|p1a: Landorus|Landorus-Therian, M|59\/100\n|-ability|p1a: Landorus|Intimidate|boost\n|-unboost|p2a: Predator Drone|atk|1\n|-unboost|p2b: Ninetales|atk|1\n|turn|12\n|\n|t:|1698501851\n|move|p1a: Landorus|U-turn|p2a: Predator Drone\n|-supereffective|p2a: Predator Drone\n|-damage|p2a: Predator Drone|77\/100\n|\n|t:|1698501858\n|switch|p1a: Sinistcha|Sinistcha|66\/100|[from] U-turn\n|move|p2b: Ninetales|Blizzard|p1a: Sinistcha|[spread] p1a,p1b\n|-supereffective|p1a: Sinistcha\n|-damage|p1a: Sinistcha|9\/100\n|-damage|p1b: Heatran|88\/100\n|move|p1b: Heatran|Heat Wave|p2b: Ninetales|[spread] p2a,p2b\n|-supereffective|p2b: Ninetales\n|-damage|p2a: Predator Drone|69\/100\n|-damage|p2b: Ninetales|0 fnt\n|faint|p2b: Ninetales\n|move|p2a: Predator Drone|Calm Mind|p2a: Predator Drone\n|-boost|p2a: Predator Drone|spa|1\n|-boost|p2a: Predator Drone|spd|1\n|\n|-weather|Snow|[upkeep]\n|upkeep\n|\n|t:|1698501871\n|switch|p2b: Iron Bundle|Iron Bundle, shiny|15\/100\n|turn|13\n|inactive|the JRL has 60 seconds left.\n|inactive|the JRL has 30 seconds left.\n|\n|t:|1698501916\n|-terastallize|p2b: Iron Bundle|Ice\n|move|p2b: Iron Bundle|Blizzard|p1b: Heatran|[spread] p1a,p1b\n|-supereffective|p1a: Sinistcha\n|-damage|p1a: Sinistcha|0 fnt\n|-damage|p1b: Heatran|45\/100\n|faint|p1a: Sinistcha\n|move|p1b: Heatran|Tera Blast|p2b: Iron Bundle|[anim] Tera Blast Fairy\n|-damage|p2b: Iron Bundle|0 fnt\n|faint|p2b: Iron Bundle\n|-end|p2b: Iron Bundle|Quark Drive|[silent]\n|move|p2a: Predator Drone|Psyshock|p1b: Heatran\n|-damage|p1b: Heatran|0 fnt\n|faint|p1b: Heatran\n|\n|-weather|Snow|[upkeep]\n|upkeep\n|\n|t:|1698501928\n|switch|p2b: Landorus|Landorus-Therian, M|77\/100\n|switch|p1b: Landorus|Landorus-Therian, M|59\/100\n|switch|p1a: Rillaboom|Rillaboom, M|18\/100\n|-ability|p1b: Landorus|Intimidate|boost\n|-unboost|p2a: Predator Drone|atk|1\n|-unboost|p2b: Landorus|atk|1\n|-ability|p2b: Landorus|Intimidate|boost\n|-unboost|p1a: Rillaboom|atk|1\n|-unboost|p1b: Landorus|atk|1\n|-fieldstart|move: Grassy Terrain|[from] ability: Grassy Surge|[of] p1a: Rillaboom\n|turn|14\n|inactive|the JRL has 60 seconds left.\n|inactive|the JRL has 30 seconds left.\n|\n|t:|1698501971\n|move|p1b: Landorus|Rock Slide|p2b: Landorus|[spread] p2a,p2b\n|-damage|p2a: Predator Drone|63\/100\n|-damage|p2b: Landorus|67\/100\n|move|p2b: Landorus|U-turn|p1a: Rillaboom\n|-supereffective|p1a: Rillaboom\n|-damage|p1a: Rillaboom|0 fnt\n|faint|p1a: Rillaboom\n|move|p2a: Predator Drone|Psyshock|p1b: Landorus\n|-damage|p1b: Landorus|0 fnt\n|faint|p1b: Landorus\n|\n|win|xqiht\n|inactive|the JRL has 30 seconds left this turn.\n|c|\u2606xqiht|gg\n","uploadtime":1698501972,"views":111,"p1id":"thejrl","p2id":"xqiht","formatid":"gen9doublesou","rating":0,"private":0,"password":""}