{"id":"smogtours-gen9doublesou-730104","p1":"Spitfire arcanine","p2":"laptops","format":"[Gen 9] Doubles OU","log":"|inactive|Battle timer is ON: inactive players will automatically lose when time's up.\n|t:|1699764141\n|gametype|doubles\n|player|p1|Spitfire arcanine|#puplixmaadcitymagmortars|\n|player|p2|laptops|lisia-masters|\n|teamsize|p1|6\n|teamsize|p2|6\n|gen|9\n|tier|[Gen 9] Doubles OU\n|rule|Species Clause: Limit one of each Pok\u00e9mon\n|rule|OHKO Clause: OHKO moves are banned\n|rule|Evasion Moves Clause: Evasion moves are banned\n|rule|Gravity Sleep Clause: The combination of sleep-inducing moves with imperfect accuracy and Gravity or Gigantamax Orbeetle are banned\n|rule|Endless Battle Clause: Forcing endless battles is banned\n|rule|HP Percentage Mod: HP is shown in percentages\n|clearpoke\n|poke|p1|Flutter Mane|\n|poke|p1|Landorus-Therian, M|\n|poke|p1|Amoonguss, F|\n|poke|p1|Rillaboom, F|\n|poke|p1|Okidogi, M|\n|poke|p1|Volcanion|\n|poke|p2|Zapdos|\n|poke|p2|Iron Hands|\n|poke|p2|Rotom-Wash|\n|poke|p2|Thundurus-Therian, M|\n|poke|p2|Baxcalibur, M|\n|poke|p2|Chi-Yu|\n|teampreview\n|c|\u2606Spitfire arcanine|hf\n|c|\u2606laptops|its time to GAME\n|inactive|Spitfire arcanine has 270 seconds left.\n|inactive|laptops has 270 seconds left.\n|c|+kaori\u273f|okidogi\n|c|+Piyush21|laptops are u playing this on a laptop\n|c|\u2606laptops|I AM!\n|inactive|Spitfire arcanine has 240 seconds left.\n|inactive|laptops has 240 seconds left.\n|c|\u2606laptops|a dell inspiron 7000 series\n|c|+Arcticblast|laptops idk what you ordered but I think you should send it back\n|inactive|Spitfire arcanine has 210 seconds left.\n|c|+Arcticblast|the chef added too much Electric\n|c|+Piyush21|nice\n|c|\u2606laptops|it smells deliciouis i cant wait to see how it tastes\n|inactive|Spitfire arcanine has 180 seconds left.\n|\n|t:|1699764276\n|start\n|switch|p1a: Rillaboom|Rillaboom, F|100\/100\n|switch|p1b: Landorus|Landorus-Therian, M|100\/100\n|switch|p2a: The Father One|Thundurus-Therian, M|100\/100\n|switch|p2b: Q5N5|Iron Hands|100\/100\n|-ability|p1b: Landorus|Intimidate|boost\n|-unboost|p2a: The Father One|atk|1\n|-unboost|p2b: Q5N5|atk|1\n|-fieldstart|move: Grassy Terrain|[from] ability: Grassy Surge|[of] p1a: Rillaboom\n|turn|1\n|inactive|Spitfire arcanine has 240 seconds left.\n|inactive|laptops has 270 seconds left.\n|inactive|Spitfire arcanine has 210 seconds left.\n|inactive|laptops has 240 seconds left.\n|inactive|Spitfire arcanine has 180 seconds left.\n|inactive|laptops has 210 seconds left.\n|\n|t:|1699764393\n|-terastallize|p2a: The Father One|Ice\n|move|p1a: Rillaboom|Fake Out|p2b: Q5N5\n|-damage|p2b: Q5N5|91\/100\n|cant|p2b: Q5N5|flinch\n|move|p2a: The Father One|Tera Blast|p1b: Landorus|[anim] Tera Blast Ice\n|-supereffective|p1b: Landorus\n|-damage|p1b: Landorus|0 fnt\n|faint|p1b: Landorus\n|\n|-heal|p2b: Q5N5|97\/100|[from] Grassy Terrain\n|upkeep\n|c|\u2606laptops|1\n|c|+kaori\u273f|1\n|c|+big pichu|1\n|inactive|Spitfire arcanine has 150 seconds left.\n|\n|t:|1699764423\n|switch|p1b: Volcanion|Volcanion|100\/100\n|turn|2\n|inactive|laptops has 210 seconds left.\n|inactive|Spitfire arcanine has 150 seconds left.\n|inactive|laptops has 180 seconds left.\n|c|+KeanuVGC|uno\n|inactive|Spitfire arcanine has 120 seconds left.\n|inactive|laptops has 150 seconds left.\n|inactive|laptops has 120 seconds left.\n|\n|t:|1699764534\n|switch|p2a: AllCentralMegazord|Baxcalibur, M|100\/100\n|-end|p2b: Q5N5|Quark Drive|[silent]\n|switch|p2b: Crow Raven|Zapdos|100\/100\n|-ability|p2b: Crow Raven|Pressure\n|move|p1a: Rillaboom|Wood Hammer|p2b: Crow Raven\n|-resisted|p2b: Crow Raven\n|-damage|p2b: Crow Raven|58\/100\n|-damage|p1a: Rillaboom|88\/100|[from] Recoil\n|move|p1b: Volcanion|Steam Eruption|p2a: AllCentralMegazord\n|-resisted|p2a: AllCentralMegazord\n|-damage|p2a: AllCentralMegazord|72\/100\n|\n|-heal|p2a: AllCentralMegazord|79\/100|[from] Grassy Terrain\n|-heal|p1a: Rillaboom|95\/100|[from] Grassy Terrain\n|upkeep\n|turn|3\n|inactive|laptops has 120 seconds left.\n|inactive|Spitfire arcanine has 90 seconds left.\n|\n|t:|1699764574\n|switch|p1a: Amoonguss|Amoonguss, F|100\/100\n|move|p2a: AllCentralMegazord|Dragon Dance|p2a: AllCentralMegazord\n|-boost|p2a: AllCentralMegazord|atk|1\n|-boost|p2a: AllCentralMegazord|spe|1\n|move|p2b: Crow Raven|Thunderbolt|p1b: Volcanion\n|-supereffective|p1b: Volcanion\n|-damage|p1b: Volcanion|0 fnt\n|faint|p1b: Volcanion\n|\n|-heal|p2a: AllCentralMegazord|85\/100|[from] Grassy Terrain\n|upkeep\n|c|\u2606laptops|2\n|\n|t:|1699764586\n|switch|p1b: Flutter Mane|Flutter Mane|100\/100\n|-enditem|p1b: Flutter Mane|Booster Energy\n|-activate|p1b: Flutter Mane|ability: Protosynthesis|[fromitem]\n|-start|p1b: Flutter Mane|protosynthesisspe\n|turn|4\n|inactive|Spitfire arcanine has 90 seconds left.\n|\n|t:|1699764602\n|move|p1b: Flutter Mane|Protect|p1b: Flutter Mane\n|-singleturn|p1b: Flutter Mane|Protect\n|move|p2a: AllCentralMegazord|Protect|p2a: AllCentralMegazord\n|-singleturn|p2a: AllCentralMegazord|Protect\n|move|p2b: Crow Raven|Tailwind|p2b: Crow Raven\n|-sidestart|p2: laptops|move: Tailwind\n|move|p1a: Amoonguss|Spore|p2b: Crow Raven\n|-status|p2b: Crow Raven|slp|[from] move: Spore\n|\n|-heal|p2a: AllCentralMegazord|91\/100|[from] Grassy Terrain\n|upkeep\n|turn|5\n|inactive|laptops has 150 seconds left.\n|inactive|Spitfire arcanine has 90 seconds left.\n|inactive|Spitfire arcanine has 60 seconds left.\n|\n|t:|1699764671\n|-terastallize|p1b: Flutter Mane|Fairy\n|move|p1a: Amoonguss|Rage Powder|p1a: Amoonguss\n|-singleturn|p1a: Amoonguss|move: Rage Powder\n|move|p2a: AllCentralMegazord|Icicle Spear|p1a: Amoonguss\n|-supereffective|p1a: Amoonguss\n|-damage|p1a: Amoonguss|52\/100\n|-supereffective|p1a: Amoonguss\n|-damage|p1a: Amoonguss|6\/100\n|-enditem|p1a: Amoonguss|Sitrus Berry|[eat]\n|-heal|p1a: Amoonguss|31\/100|[from] item: Sitrus Berry\n|-hitcount|p1a: Amoonguss|2\n|cant|p2b: Crow Raven|slp\n|move|p1b: Flutter Mane|Moonblast|p2a: AllCentralMegazord\n|-supereffective|p2a: AllCentralMegazord\n|-damage|p2a: AllCentralMegazord|0 fnt\n|faint|p2a: AllCentralMegazord\n|\n|-heal|p1a: Amoonguss|37\/100|[from] Grassy Terrain\n|-fieldend|move: Grassy Terrain\n|upkeep\n|c|+xqiht|us central vs India?\n|inactive|laptops has 120 seconds left.\n|c|+Piyush21|1\n|inactive|laptops has 90 seconds left.\n|\n|t:|1699764746\n|switch|p2a: baggle fish|Chi-Yu|100\/100\n|-ability|p2a: baggle fish|Beads of Ruin\n|turn|6\n|inactive|laptops has 90 seconds left.\n|\n|t:|1699764765\n|move|p1b: Flutter Mane|Protect|p1b: Flutter Mane\n|-singleturn|p1b: Flutter Mane|Protect\n|move|p2a: baggle fish|Heat Wave|p1b: Flutter Mane|[spread] p1a\n|-activate|p1b: Flutter Mane|move: Protect\n|-supereffective|p1a: Amoonguss\n|-damage|p1a: Amoonguss|0 fnt\n|faint|p1a: Amoonguss\n|cant|p2b: Crow Raven|slp\n|\n|upkeep\n|\n|t:|1699764769\n|switch|p1a: Rillaboom|Rillaboom, F|95\/100\n|-fieldstart|move: Grassy Terrain|[from] ability: Grassy Surge|[of] p1a: Rillaboom\n|turn|7\n|inactive|Spitfire arcanine has 90 seconds left.\n|inactive|laptops has 90 seconds left.\n|c|+kaori\u273f|3\n|inactive|Spitfire arcanine has 60 seconds left.\n|\n|t:|1699764807\n|move|p2a: baggle fish|Heat Wave|p1b: Flutter Mane|[spread] p1a,p1b\n|-supereffective|p1a: Rillaboom\n|-damage|p1a: Rillaboom|20\/100\n|-damage|p1b: Flutter Mane|57\/100\n|-status|p1a: Rillaboom|brn\n|cant|p2b: Crow Raven|slp\n|move|p1b: Flutter Mane|Moonblast|p2b: Crow Raven\n|-damage|p2b: Crow Raven|0 fnt\n|faint|p2b: Crow Raven\n|move|p1a: Rillaboom|Wood Hammer|p2a: baggle fish\n|-resisted|p2a: baggle fish\n|-damage|p2a: baggle fish|70\/100\n|-damage|p1a: Rillaboom|13\/100 brn|[from] Recoil\n|\n|-heal|p2a: baggle fish|76\/100|[from] Grassy Terrain\n|-heal|p1b: Flutter Mane|63\/100|[from] Grassy Terrain\n|-heal|p1a: Rillaboom|19\/100 brn|[from] Grassy Terrain\n|-damage|p1a: Rillaboom|13\/100 brn|[from] brn\n|-sideend|p2: laptops|move: Tailwind\n|upkeep\n|inactive|laptops has 60 seconds left.\n|\n|t:|1699764842\n|switch|p2b: Q5N5|Iron Hands|97\/100\n|turn|8\n|\n|t:|1699764870\n|move|p1b: Flutter Mane|Protect|p1b: Flutter Mane\n|-singleturn|p1b: Flutter Mane|Protect\n|move|p1a: Rillaboom|Grassy Glide|p2a: baggle fish\n|-resisted|p2a: baggle fish\n|-damage|p2a: baggle fish|63\/100\n|move|p2a: baggle fish|Heat Wave|p1a: Rillaboom|[spread] p1a\n|-activate|p1b: Flutter Mane|move: Protect\n|-supereffective|p1a: Rillaboom\n|-damage|p1a: Rillaboom|0 fnt\n|faint|p1a: Rillaboom\n|move|p2b: Q5N5|Heavy Slam|p1b: Flutter Mane\n|-activate|p1b: Flutter Mane|move: Protect\n|\n|-heal|p1b: Flutter Mane|69\/100|[from] Grassy Terrain\n|-heal|p2a: baggle fish|69\/100|[from] Grassy Terrain\n|-heal|p2b: Q5N5|100\/100|[from] Grassy Terrain\n|upkeep\n|\n|t:|1699764875\n|switch|p1a: Okidogi|Okidogi, M|100\/100\n|turn|9\n|inactive|laptops has 90 seconds left.\n|inactive|Spitfire arcanine has 60 seconds left.\n|\n|t:|1699764906\n|-end|p2b: Q5N5|Quark Drive|[silent]\n|switch|p2b: The Father One|Thundurus-Therian, M, tera:Ice|100\/100\n|move|p1b: Flutter Mane|Moonblast|p2b: The Father One\n|-damage|p2b: The Father One|0 fnt\n|faint|p2b: The Father One\n|move|p2a: baggle fish|Heat Wave|p1b: Flutter Mane|[spread] p1a,p1b\n|-damage|p1a: Okidogi|52\/100\n|-damage|p1b: Flutter Mane|23\/100\n|move|p1a: Okidogi|Poison Jab|p2a: baggle fish\n|-damage|p2a: baggle fish|7\/100\n|\n|-heal|p1b: Flutter Mane|29\/100|[from] Grassy Terrain\n|-heal|p2a: baggle fish|13\/100|[from] Grassy Terrain\n|-heal|p1a: Okidogi|58\/100|[from] Grassy Terrain\n|-heal|p1a: Okidogi|64\/100|[from] item: Leftovers\n|upkeep\n|\n|t:|1699764920\n|switch|p2b: Q5N5|Iron Hands|100\/100\n|turn|10\n|inactive|laptops has 90 seconds left.\n|\n|t:|1699764928\n|move|p1b: Flutter Mane|Protect|p1b: Flutter Mane\n|-singleturn|p1b: Flutter Mane|Protect\n|move|p1a: Okidogi|Protect|p1a: Okidogi\n|-singleturn|p1a: Okidogi|Protect\n|move|p2b: Q5N5|Fake Out|p1a: Okidogi\n|-activate|p1a: Okidogi|move: Protect\n|move|p2a: baggle fish|Heat Wave|p1a: Okidogi|[spread] \n|-activate|p1a: Okidogi|move: Protect\n|-activate|p1b: Flutter Mane|move: Protect\n|\n|-heal|p1b: Flutter Mane|35\/100|[from] Grassy Terrain\n|-heal|p2a: baggle fish|19\/100|[from] Grassy Terrain\n|-heal|p1a: Okidogi|70\/100|[from] Grassy Terrain\n|-heal|p1a: Okidogi|76\/100|[from] item: Leftovers\n|upkeep\n|turn|11\n|inactive|Spitfire arcanine has 90 seconds left.\n|\n|t:|1699764961\n|move|p1b: Flutter Mane|Moonblast|p2a: baggle fish\n|-damage|p2a: baggle fish|0 fnt\n|faint|p2a: baggle fish\n|move|p1a: Okidogi|Bulk Up|p1a: Okidogi\n|-boost|p1a: Okidogi|atk|1\n|-boost|p1a: Okidogi|def|1\n|move|p2b: Q5N5|Heavy Slam|p1b: Flutter Mane\n|-supereffective|p1b: Flutter Mane\n|-damage|p1b: Flutter Mane|0 fnt\n|faint|p1b: Flutter Mane\n|-end|p1b: Flutter Mane|Protosynthesis|[silent]\n|\n|-heal|p1a: Okidogi|82\/100|[from] Grassy Terrain\n|-heal|p1a: Okidogi|88\/100|[from] item: Leftovers\n|-fieldend|move: Grassy Terrain\n|upkeep\n|\n|t:|1699764964\n|switch|p2a: The Sea Inside|Rotom-Wash|100\/100\n|turn|12\n|\n|t:|1699764976\n|move|p2a: The Sea Inside|Will-O-Wisp|p1a: Okidogi\n|-status|p1a: Okidogi|brn\n|move|p1a: Okidogi|Poison Jab|p2a: The Sea Inside\n|-damage|p2a: The Sea Inside|70\/100\n|move|p2b: Q5N5|Heavy Slam|p1a: Okidogi\n|-damage|p1a: Okidogi|69\/100 brn\n|\n|-heal|p1a: Okidogi|75\/100 brn|[from] item: Leftovers\n|-damage|p1a: Okidogi|69\/100 brn|[from] brn\n|upkeep\n|turn|13\n|inactive|laptops has 150 seconds left.\n|inactive|Spitfire arcanine has 120 seconds left.\n|c|+kaori\u273f|5\n|\n|t:|1699764989\n|move|p2a: The Sea Inside|Hydro Pump|p1a: Okidogi\n|-damage|p1a: Okidogi|27\/100 brn\n|move|p1a: Okidogi|Poison Jab|p2a: The Sea Inside\n|-damage|p2a: The Sea Inside|37\/100\n|move|p2b: Q5N5|Heavy Slam|p1a: Okidogi\n|-damage|p1a: Okidogi|5\/100 brn\n|\n|-heal|p1a: Okidogi|11\/100 brn|[from] item: Leftovers\n|-damage|p1a: Okidogi|5\/100 brn|[from] brn\n|upkeep\n|turn|14\n|c|+xqiht|7\n|\n|t:|1699764997\n|move|p2a: The Sea Inside|Volt Switch|p1a: Okidogi\n|-damage|p1a: Okidogi|0 fnt\n|faint|p1a: Okidogi\n|\n|win|laptops\n|c|\u2606laptops|6\n|c|\u2606Spitfire arcanine|gg\n|c|\u2606laptops|gg\n","uploadtime":1699764998,"views":181,"p1id":"spitfirearcanine","p2id":"laptops","formatid":"gen9doublesou","rating":0,"private":0,"password":""}