{"id":"smogtours-gen9doublesou-729188","p1":"Mizuhime","p2":"The_Andrw","format":"[Gen 9] Doubles OU","log":"|inactive|Battle timer is ON: inactive players will automatically lose when time's up.\n|t:|1699223003\n|gametype|doubles\n|player|p1|Mizuhime|#mizuhime|\n|player|p2|The_Andrw|265|\n|teamsize|p1|6\n|teamsize|p2|6\n|gen|9\n|tier|[Gen 9] Doubles OU\n|rule|Species Clause: Limit one of each Pok\u00e9mon\n|rule|OHKO Clause: OHKO moves are banned\n|rule|Evasion Moves Clause: Evasion moves are banned\n|rule|Gravity Sleep Clause: The combination of sleep-inducing moves with imperfect accuracy and Gravity or Gigantamax Orbeetle are banned\n|rule|Endless Battle Clause: Forcing endless battles is banned\n|rule|HP Percentage Mod: HP is shown in percentages\n|clearpoke\n|poke|p1|Indeedee-F, F|\n|poke|p1|Iron Hands|\n|poke|p1|Armarouge, F|\n|poke|p1|Diancie|\n|poke|p1|Ogerpon-Wellspring, F|\n|poke|p1|Flutter Mane|\n|poke|p2|Chien-Pao|\n|poke|p2|Dragonite, M|\n|poke|p2|Ogerpon-Hearthflame, F|\n|poke|p2|Amoonguss, M|\n|poke|p2|Iron Hands|\n|poke|p2|Flutter Mane|\n|teampreview\n|inactive|The_Andrw has 270 seconds left.\n|inactive|The_Andrw has 240 seconds left.\n|inactive|The_Andrw has 210 seconds left.\n|\n|t:|1699223107\n|start\n|switch|p1a: Izzo|Indeedee-F, F, shiny|100\/100\n|switch|p1b: Renegade|Iron Hands, shiny|100\/100\n|switch|p2a: Flutter Mane|Flutter Mane|100\/100\n|switch|p2b: Amoonguss|Amoonguss, M|100\/100\n|-fieldstart|move: Psychic Terrain|[from] ability: Psychic Surge|[of] p1a: Izzo\n|-enditem|p1b: Renegade|Psychic Seed\n|-boost|p1b: Renegade|spd|1|[from] item: Psychic Seed\n|turn|1\n|inactive|The_Andrw has 270 seconds left.\n|c|+Enzonana|vamos mimiiiiii\n|\n|t:|1699223131\n|-terastallize|p2a: Flutter Mane|Fairy\n|-terastallize|p1b: Renegade|Grass\n|move|p2b: Amoonguss|Rage Powder|p2b: Amoonguss\n|-singleturn|p2b: Amoonguss|move: Rage Powder\n|move|p2a: Flutter Mane|Moonblast|p1a: Izzo\n|-damage|p1a: Izzo|9\/100\n|-unboost|p1a: Izzo|spa|1\n|move|p1b: Renegade|Swords Dance|p1b: Renegade\n|-boost|p1b: Renegade|atk|2\n|move|p1a: Izzo|Trick Room|p1a: Izzo\n|-fieldstart|move: Trick Room|[of] p1a: Izzo\n|\n|upkeep\n|turn|2\n|c|+Toxinalpaca|Go mizu\n|inactive|The_Andrw has 270 seconds left.\n|\n|t:|1699223158\n|move|p1a: Izzo|Helping Hand|p1b: Renegade\n|-singleturn|p1b: Renegade|Helping Hand|[of] p1a: Izzo\n|move|p1b: Renegade|Wild Charge|p2a: Flutter Mane\n|-damage|p2a: Flutter Mane|0 fnt\n|faint|p2a: Flutter Mane\n|-end|p2a: Flutter Mane|Protosynthesis|[silent]\n|-damage|p1b: Renegade|86\/100|[from] Recoil\n|move|p2b: Amoonguss|Pollen Puff|p1a: Izzo\n|-supereffective|p1a: Izzo\n|-damage|p1a: Izzo|0 fnt\n|faint|p1a: Izzo\n|\n|upkeep\n|\n|t:|1699223168\n|switch|p1a: Never Change|Ogerpon-Wellspring, F|100\/100\n|switch|p2a: Quevedo|Iron Hands|100\/100\n|turn|3\n|inactive|The_Andrw has 270 seconds left.\n|\n|t:|1699223209\n|move|p1b: Renegade|Stomping Tantrum|p2b: Amoonguss\n|-damage|p2b: Amoonguss|56\/100\n|-damage|p1b: Renegade|69\/100|[from] item: Rocky Helmet|[of] p2b: Amoonguss\n|move|p2b: Amoonguss|Pollen Puff|p1a: Never Change\n|-supereffective|p1a: Never Change\n|-damage|p1a: Never Change|62\/100\n|move|p2a: Quevedo|Wild Charge|p1a: Never Change\n|-damage|p1a: Never Change|5\/100\n|-damage|p2a: Quevedo|91\/100|[from] Recoil\n|move|p1a: Never Change|U-turn|p2b: Amoonguss\n|-damage|p2b: Amoonguss|35\/100\n|-damage|p1a: Never Change|0 fnt|[from] item: Rocky Helmet|[of] p2b: Amoonguss\n|faint|p1a: Never Change\n|\n|upkeep\n|\n|t:|1699223217\n|switch|p1a: Song Cry|Armarouge, F, shiny|100\/100\n|turn|4\n|inactive|The_Andrw has 270 seconds left.\n|\n|t:|1699223251\n|move|p1b: Renegade|Stomping Tantrum|p2b: Amoonguss\n|-damage|p2b: Amoonguss|0 fnt\n|-damage|p1b: Renegade|53\/100|[from] item: Rocky Helmet|[of] p2b: Amoonguss\n|faint|p2b: Amoonguss\n|move|p2a: Quevedo|Wild Charge|p1a: Song Cry\n|-damage|p1a: Song Cry|60\/100\n|-damage|p2a: Quevedo|84\/100|[from] Recoil\n|move|p1a: Song Cry|Expanding Force|p2a: Quevedo\n|-supereffective|p2a: Quevedo\n|-damage|p2a: Quevedo|0 fnt\n|faint|p2a: Quevedo\n|-end|p2a: Quevedo|Quark Drive|[silent]\n|-damage|p1a: Song Cry|50\/100|[from] item: Life Orb\n|\n|upkeep\n|\n|t:|1699223262\n|switch|p2b: Ogerpon|Ogerpon-Hearthflame, F|100\/100\n|switch|p2a: Chien-Pao|Chien-Pao|100\/100\n|-ability|p2b: Ogerpon|Mold Breaker\n|-ability|p2a: Chien-Pao|Sword of Ruin\n|turn|5\n|\n|t:|1699223272\n|switch|p1a: Blueprint|Diancie, shiny|100\/100\n|move|p2b: Ogerpon|Spiky Shield|p2b: Ogerpon\n|-singleturn|p2b: Ogerpon|move: Protect\n|move|p2a: Chien-Pao|Protect|p2a: Chien-Pao\n|-singleturn|p2a: Chien-Pao|Protect\n|move|p1b: Renegade|Drain Punch|p2b: Ogerpon\n|-activate|p2b: Ogerpon|move: Protect\n|-damage|p1b: Renegade|40\/100|[from] Spiky Shield|[of] p2b: Ogerpon\n|\n|-fieldend|move: Trick Room\n|-fieldend|move: Psychic Terrain\n|upkeep\n|turn|6\n|inactive|The_Andrw has 270 seconds left.\n|inactive|Mizuhime has 270 seconds left.\n|\n|t:|1699223337\n|move|p2a: Chien-Pao|Ice Spinner|p1b: Renegade\n|-supereffective|p1b: Renegade\n|-damage|p1b: Renegade|0 fnt\n|faint|p1b: Renegade\n|-end|p1b: Renegade|Quark Drive|[silent]\n|move|p2b: Ogerpon|Horn Leech|p1a: Blueprint\n|-supereffective|p1a: Blueprint\n|-damage|p1a: Blueprint|7\/100\n|move|p1a: Blueprint|Trick Room|p1a: Blueprint\n|-fieldstart|move: Trick Room|[of] p1a: Blueprint\n|\n|upkeep\n|\n|t:|1699223340\n|switch|p1b: Song Cry|Armarouge, F, shiny|50\/100\n|turn|7\n|\n|t:|1699223353\n|move|p1b: Song Cry|Protect|p1b: Song Cry\n|-singleturn|p1b: Song Cry|Protect\n|move|p2a: Chien-Pao|Sucker Punch|p1a: Blueprint\n|-resisted|p1a: Blueprint\n|-damage|p1a: Blueprint|0 fnt\n|faint|p1a: Blueprint\n|move|p2b: Ogerpon|Ivy Cudgel|p1b: Song Cry\n|-activate|p1b: Song Cry|move: Protect\n|\n|upkeep\n|\n|t:|1699223357\n|switch|p1a: Jigga|Flutter Mane, shiny|100\/100\n|turn|8\n|\n|t:|1699223370\n|move|p2a: Chien-Pao|Sucker Punch|p1b: Song Cry\n|-supereffective|p1b: Song Cry\n|-damage|p1b: Song Cry|0 fnt\n|faint|p1b: Song Cry\n|move|p2b: Ogerpon|Ivy Cudgel|p1a: Jigga\n|-damage|p1a: Jigga|0 fnt\n|faint|p1a: Jigga\n|-end|p1a: Jigga|Protosynthesis|[silent]\n|\n|win|The_Andrw\n|c|\u2606The_Andrw|gg\n","uploadtime":1699223371,"views":131,"p1id":"mizuhime","p2id":"theandrw","formatid":"gen9doublesou","rating":0,"private":0,"password":""}