{"id":"smogtours-gen9doublesou-728574","p1":"Losconosciuto","p2":"Iceberg77","format":"[Gen 9] Doubles OU","log":"|inactive|Battle timer is ON: inactive players will automatically lose when time's up.\n|t:|1699120924\n|gametype|doubles\n|player|p1|Losconosciuto|#losconosciuto|\n|player|p2|Iceberg77|iris-gen5bw2|\n|teamsize|p1|6\n|teamsize|p2|6\n|gen|9\n|tier|[Gen 9] Doubles OU\n|rule|Species Clause: Limit one of each Pok\u00e9mon\n|rule|OHKO Clause: OHKO moves are banned\n|rule|Evasion Moves Clause: Evasion moves are banned\n|rule|Gravity Sleep Clause: The combination of sleep-inducing moves with imperfect accuracy and Gravity or Gigantamax Orbeetle are banned\n|rule|Endless Battle Clause: Forcing endless battles is banned\n|rule|HP Percentage Mod: HP is shown in percentages\n|clearpoke\n|poke|p1|Ursaluna-Bloodmoon, M|\n|poke|p1|Rillaboom, M|\n|poke|p1|Grimmsnarl, M|\n|poke|p1|Chi-Yu|\n|poke|p1|Cresselia, F|\n|poke|p1|Diancie|\n|poke|p2|Kommo-o, F|\n|poke|p2|Heatran, M|\n|poke|p2|Landorus-Therian, M|\n|poke|p2|Ninetales-Alola, F|\n|poke|p2|Ogerpon-Wellspring, F|\n|poke|p2|Iron Hands|\n|teampreview\n|inactive|Losconosciuto also wants the timer to be on.\n|c|\u2606Iceberg77|hf\n|c|\u2606Losconosciuto|hf\n|c|+Ninja|wc?\n|inactive|Losconosciuto has 270 seconds left.\n|inactive|Iceberg77 has 270 seconds left.\n|c|\u2606Iceberg77|yeah \n|inactive|Losconosciuto has 240 seconds left.\n|inactive|Iceberg77 has 240 seconds left.\n|inactive|Iceberg77 has 210 seconds left.\n|inactive|Iceberg77 has 180 seconds left.\n|\n|t:|1699121048\n|start\n|switch|p1a: Rillaboom|Rillaboom, M|100\/100\n|switch|p1b: Grimmsnarl|Grimmsnarl, M|100\/100\n|switch|p2a: Iron Hands|Iron Hands|100\/100\n|switch|p2b: Ninetales|Ninetales-Alola, F|100\/100\n|-weather|Snow|[from] ability: Snow Warning|[of] p2b: Ninetales\n|-fieldstart|move: Grassy Terrain|[from] ability: Grassy Surge|[of] p1a: Rillaboom\n|turn|1\n|inactive|Iceberg77 has 240 seconds left.\n|\n|t:|1699121091\n|move|p1a: Rillaboom|Fake Out|p2a: Iron Hands\n|-damage|p2a: Iron Hands|89\/100\n|move|p1b: Grimmsnarl|Light Screen|p1b: Grimmsnarl\n|-sidestart|p1: Losconosciuto|move: Light Screen\n|move|p2b: Ninetales|Aurora Veil|p2b: Ninetales\n|-sidestart|p2: Iceberg77|move: Aurora Veil\n|cant|p2a: Iron Hands|flinch\n|\n|-weather|Snow|[upkeep]\n|-heal|p2a: Iron Hands|96\/100|[from] Grassy Terrain\n|upkeep\n|turn|2\n|inactive|Iceberg77 has 240 seconds left.\n|inactive|Losconosciuto has 270 seconds left.\n|inactive|Iceberg77 has 210 seconds left.\n|inactive|Losconosciuto has 240 seconds left.\n|inactive|Iceberg77 has 180 seconds left.\n|inactive|Losconosciuto has 210 seconds left.\n|\n|t:|1699121192\n|-end|p2a: Iron Hands|Quark Drive|[silent]\n|switch|p2a: Ogerpon|Ogerpon-Wellspring, F|100\/100\n|move|p1b: Grimmsnarl|Reflect|p1b: Grimmsnarl\n|-sidestart|p1: Losconosciuto|Reflect\n|move|p2b: Ninetales|Encore|p1b: Grimmsnarl\n|-start|p1b: Grimmsnarl|Encore\n|move|p1a: Rillaboom|High Horsepower|p2a: Ogerpon\n|-resisted|p2a: Ogerpon\n|-damage|p2a: Ogerpon|86\/100\n|\n|-weather|Snow|[upkeep]\n|-heal|p2a: Ogerpon|92\/100|[from] Grassy Terrain\n|upkeep\n|turn|3\n|inactive|Losconosciuto has 210 seconds left.\n|inactive|Iceberg77 has 180 seconds left.\n|inactive|Losconosciuto has 180 seconds left.\n|\n|t:|1699121239\n|switch|p2a: Landorus|Landorus-Therian, M|100\/100\n|-ability|p2a: Landorus|Intimidate|boost\n|-unboost|p1a: Rillaboom|atk|1\n|-unboost|p1b: Grimmsnarl|atk|1\n|switch|p2b: Kommo-o|Kommo-o, F|100\/100\n|switch|p1a: Chi-Yu|Chi-Yu|100\/100\n|-ability|p1a: Chi-Yu|Beads of Ruin\n|-enditem|p1a: Chi-Yu|Grassy Seed\n|-boost|p1a: Chi-Yu|def|1|[from] item: Grassy Seed\n|switch|p1b: Cresselia|Cresselia, F|100\/100\n|\n|-weather|Snow|[upkeep]\n|upkeep\n|turn|4\n|inactive|Iceberg77 has 180 seconds left.\n|inactive|Losconosciuto has 180 seconds left.\n|inactive|Iceberg77 has 150 seconds left.\n|\n|t:|1699121288\n|move|p2a: Landorus|U-turn|p1a: Chi-Yu\n|-damage|p1a: Chi-Yu|87\/100\n|\n|t:|1699121291\n|switch|p2a: Iron Hands|Iron Hands|96\/100|[from] U-turn\n|move|p2b: Kommo-o|Iron Defense|p2b: Kommo-o\n|-boost|p2b: Kommo-o|def|2\n|move|p1a: Chi-Yu|Nasty Plot|p1a: Chi-Yu\n|-boost|p1a: Chi-Yu|spa|2\n|move|p1b: Cresselia|Psychic|p2b: Kommo-o\n|-supereffective|p2b: Kommo-o\n|-damage|p2b: Kommo-o|67\/100\n|\n|-weather|Snow|[upkeep]\n|-heal|p2b: Kommo-o|73\/100|[from] Grassy Terrain\n|-heal|p2b: Kommo-o|79\/100|[from] item: Leftovers\n|-heal|p1a: Chi-Yu|93\/100|[from] Grassy Terrain\n|-heal|p2a: Iron Hands|100\/100|[from] Grassy Terrain\n|upkeep\n|turn|5\n|inactive|Losconosciuto has 180 seconds left.\n|inactive|Iceberg77 has 150 seconds left.\n|\n|t:|1699121318\n|move|p1a: Chi-Yu|Protect|p1a: Chi-Yu\n|-singleturn|p1a: Chi-Yu|Protect\n|move|p2a: Iron Hands|Fake Out|p1b: Cresselia\n|-damage|p1b: Cresselia|94\/100\n|move|p2b: Kommo-o|Body Press|p1a: Chi-Yu\n|-activate|p1a: Chi-Yu|move: Protect\n|move|p1b: Cresselia|Trick Room|p1b: Cresselia\n|-fieldstart|move: Trick Room|[of] p1b: Cresselia\n|\n|-weather|none\n|-heal|p1a: Chi-Yu|99\/100|[from] Grassy Terrain\n|-heal|p2b: Kommo-o|85\/100|[from] Grassy Terrain\n|-heal|p2b: Kommo-o|91\/100|[from] item: Leftovers\n|-fieldend|move: Grassy Terrain\n|upkeep\n|turn|6\n|inactive|Losconosciuto has 180 seconds left.\n|inactive|Iceberg77 has 150 seconds left.\n|\n|t:|1699121363\n|-terastallize|p1a: Chi-Yu|Fire\n|move|p2b: Kommo-o|Protect|p2b: Kommo-o\n|-singleturn|p2b: Kommo-o|Protect\n|move|p2a: Iron Hands|Wild Charge|p1a: Chi-Yu\n|-damage|p1a: Chi-Yu|71\/100\n|-damage|p2a: Iron Hands|96\/100|[from] Recoil\n|move|p1b: Cresselia|Psychic|p2b: Kommo-o\n|-activate|p2b: Kommo-o|move: Protect\n|move|p1a: Chi-Yu|Heat Wave|p2a: Iron Hands|[spread] p2a\n|-activate|p2b: Kommo-o|move: Protect\n|-damage|p2a: Iron Hands|54\/100\n|\n|-heal|p2b: Kommo-o|98\/100|[from] item: Leftovers\n|upkeep\n|turn|7\n|inactive|Losconosciuto has 180 seconds left.\n|inactive|Iceberg77 has 150 seconds left.\n|inactive|Losconosciuto has 150 seconds left.\n|inactive|Iceberg77 has 120 seconds left.\n|\n|t:|1699121427\n|-end|p2a: Iron Hands|Quark Drive|[silent]\n|switch|p2a: Heatran|Heatran, M|100\/100\n|-terastallize|p2b: Kommo-o|Fire\n|move|p1a: Chi-Yu|Protect|p1a: Chi-Yu\n|-singleturn|p1a: Chi-Yu|Protect\n|move|p1b: Cresselia|Psychic|p2b: Kommo-o\n|-damage|p2b: Kommo-o|79\/100\n|move|p2b: Kommo-o|Body Press|p1a: Chi-Yu\n|-activate|p1a: Chi-Yu|move: Protect\n|\n|-heal|p2b: Kommo-o|85\/100|[from] item: Leftovers\n|upkeep\n|turn|8\n|inactive|Losconosciuto has 150 seconds left.\n|inactive|Iceberg77 has 120 seconds left.\n|inactive|Losconosciuto has 120 seconds left.\n|\n|t:|1699121486\n|switch|p2a: Iron Hands|Iron Hands|54\/100\n|move|p2b: Kommo-o|Protect|p2b: Kommo-o\n|-singleturn|p2b: Kommo-o|Protect\n|move|p1b: Cresselia|Lunar Blessing|p1b: Cresselia|[spread] p1a,p1b\n|-heal|p1a: Chi-Yu|96\/100\n|-heal|p1b: Cresselia|100\/100\n|move|p1a: Chi-Yu|Dark Pulse|p2b: Kommo-o\n|-activate|p2b: Kommo-o|move: Protect\n|\n|-heal|p2b: Kommo-o|91\/100|[from] item: Leftovers\n|-sideend|p1: Losconosciuto|move: Light Screen\n|-sideend|p2: Iceberg77|move: Aurora Veil\n|upkeep\n|turn|9\n|inactive|Iceberg77 has 120 seconds left.\n|inactive|Iceberg77 has 90 seconds left.\n|inactive|Losconosciuto has 120 seconds left.\n|inactive|Iceberg77 has 60 seconds left.\n|\n|t:|1699121585\n|-end|p2a: Iron Hands|Quark Drive|[silent]\n|switch|p2a: Ninetales|Ninetales-Alola, F|100\/100\n|-weather|Snow|[from] ability: Snow Warning|[of] p2a: Ninetales\n|move|p1b: Cresselia|Psychic|p2a: Ninetales\n|-damage|p2a: Ninetales|71\/100\n|move|p1a: Chi-Yu|Dark Pulse|p2b: Kommo-o\n|-damage|p2b: Kommo-o|6\/100\n|move|p2b: Kommo-o|Body Press|p1a: Chi-Yu\n|-damage|p1a: Chi-Yu|59\/100\n|\n|-weather|Snow|[upkeep]\n|-heal|p2b: Kommo-o|13\/100|[from] item: Leftovers\n|-sideend|p1: Losconosciuto|Reflect\n|-fieldend|move: Trick Room\n|upkeep\n|turn|10\n|inactive|Losconosciuto has 120 seconds left.\n|\n|t:|1699121614\n|move|p2b: Kommo-o|Protect|p2b: Kommo-o\n|-singleturn|p2b: Kommo-o|Protect\n|move|p1a: Chi-Yu|Protect|p1a: Chi-Yu\n|-singleturn|p1a: Chi-Yu|Protect\n|move|p2a: Ninetales|Encore|p1b: Cresselia\n|-start|p1b: Cresselia|Encore\n|move|p1b: Cresselia|Psychic|p2a: Ninetales\n|-damage|p2a: Ninetales|37\/100\n|\n|-weather|Snow|[upkeep]\n|-heal|p2b: Kommo-o|19\/100|[from] item: Leftovers\n|upkeep\n|turn|11\n|inactive|Losconosciuto has 120 seconds left.\n|inactive|Iceberg77 has 30 seconds left.\n|inactive|Losconosciuto has 90 seconds left.\n|inactive|Iceberg77 has 20 seconds left.\n|inactive|Iceberg77 has 15 seconds left.\n|inactive|Iceberg77 has 10 seconds left.\n|\n|t:|1699121664\n|switch|p1b: Grimmsnarl|Grimmsnarl, M|100\/100\n|move|p2a: Ninetales|Blizzard|p1b: Grimmsnarl|[spread] p1a,p1b\n|-resisted|p1a: Chi-Yu\n|-damage|p1a: Chi-Yu|48\/100\n|-damage|p1b: Grimmsnarl|75\/100\n|move|p2b: Kommo-o|Body Press|p1a: Chi-Yu\n|-damage|p1a: Chi-Yu|0 fnt\n|faint|p1a: Chi-Yu\n|\n|-weather|Snow|[upkeep]\n|-heal|p2b: Kommo-o|25\/100|[from] item: Leftovers\n|upkeep\n|inactive|Iceberg77 has 15 seconds left this turn.\n|inactive|Losconosciuto has 60 seconds left.\n|\n|t:|1699121695\n|switch|p1a: Diancie|Diancie|100\/100\n|turn|12\n|inactive|Iceberg77 has 30 seconds left.\n|inactive|Losconosciuto has 60 seconds left.\n|\n|t:|1699121730\n|switch|p2a: Iron Hands|Iron Hands|54\/100\n|move|p2b: Kommo-o|Protect|p2b: Kommo-o\n|-singleturn|p2b: Kommo-o|Protect\n|move|p1b: Grimmsnarl|Reflect|p1b: Grimmsnarl\n|-sidestart|p1: Losconosciuto|Reflect\n|move|p1a: Diancie|Trick Room|p1a: Diancie\n|-fieldstart|move: Trick Room|[of] p1a: Diancie\n|\n|-weather|Snow|[upkeep]\n|-heal|p2b: Kommo-o|31\/100|[from] item: Leftovers\n|upkeep\n|turn|13\n|inactive|Losconosciuto has 60 seconds left.\n|\n|t:|1699121749\n|move|p1a: Diancie|Protect|p1a: Diancie\n|-singleturn|p1a: Diancie|Protect\n|move|p2a: Iron Hands|Fake Out|p1a: Diancie\n|-activate|p1a: Diancie|move: Protect\n|move|p1b: Grimmsnarl|Parting Shot|p2a: Iron Hands\n|-unboost|p2a: Iron Hands|atk|1\n|-unboost|p2a: Iron Hands|spa|1\n|inactive|Losconosciuto has 60 seconds left.\n|\n|t:|1699121756\n|switch|p1b: Ursaluna|Ursaluna-Bloodmoon, M|100\/100|[from] Parting Shot\n|move|p2b: Kommo-o|Body Press|p1b: Ursaluna\n|-supereffective|p1b: Ursaluna\n|-damage|p1b: Ursaluna|34\/100\n|\n|-weather|none\n|-heal|p1b: Ursaluna|40\/100|[from] item: Leftovers\n|-heal|p2b: Kommo-o|38\/100|[from] item: Leftovers\n|upkeep\n|turn|14\n|inactive|Iceberg77 has 60 seconds left.\n|\n|t:|1699121786\n|-end|p2a: Iron Hands|Quark Drive|[silent]\n|switch|p2a: Ninetales|Ninetales-Alola, F|37\/100\n|-weather|Snow|[from] ability: Snow Warning|[of] p2a: Ninetales\n|move|p1b: Ursaluna|Protect|p1b: Ursaluna\n|-singleturn|p1b: Ursaluna|Protect\n|move|p2b: Kommo-o|Protect|p2b: Kommo-o\n|-singleturn|p2b: Kommo-o|Protect\n|move|p1a: Diancie|Diamond Storm|p2a: Ninetales|[spread] p2a\n|-activate|p2b: Kommo-o|move: Protect\n|-supereffective|p2a: Ninetales\n|-damage|p2a: Ninetales|0 fnt\n|faint|p2a: Ninetales\n|\n|-weather|Snow|[upkeep]\n|-heal|p1b: Ursaluna|46\/100|[from] item: Leftovers\n|-heal|p2b: Kommo-o|44\/100|[from] item: Leftovers\n|upkeep\n|inactive|Iceberg77 has 30 seconds left.\n|\n|t:|1699121811\n|switch|p2a: Ogerpon|Ogerpon-Wellspring, F|92\/100\n|turn|15\n|inactive|Losconosciuto has 90 seconds left.\n|inactive|Iceberg77 has 30 seconds left.\n|inactive|Losconosciuto has 60 seconds left.\n|\n|t:|1699121851\n|switch|p1b: Cresselia|Cresselia, F|100\/100\n|move|p2a: Ogerpon|Follow Me|p2a: Ogerpon\n|-singleturn|p2a: Ogerpon|move: Follow Me\n|move|p1a: Diancie|Diamond Storm|p2a: Ogerpon|[spread] p2a,p2b\n|-supereffective|p2b: Kommo-o\n|-damage|p2a: Ogerpon|53\/100\n|-damage|p2b: Kommo-o|22\/100\n|move|p2b: Kommo-o|Body Press|p1b: Cresselia\n|-resisted|p1b: Cresselia\n|-damage|p1b: Cresselia|89\/100\n|\n|-weather|Snow|[upkeep]\n|-heal|p2b: Kommo-o|28\/100|[from] item: Leftovers\n|upkeep\n|turn|16\n|inactive|Iceberg77 has 30 seconds left.\n|\n|t:|1699121886\n|switch|p2b: Landorus|Landorus-Therian, M|100\/100\n|-ability|p2b: Landorus|Intimidate|boost\n|-fail|p1a: Diancie|unboost|[from] ability: Clear Body|[of] p1a: Diancie\n|-unboost|p1b: Cresselia|atk|1\n|move|p2a: Ogerpon|Ivy Cudgel|p1a: Diancie\n|-supereffective|p1a: Diancie\n|-crit|p1a: Diancie\n|-damage|p1a: Diancie|0 fnt\n|faint|p1a: Diancie\n|move|p1b: Cresselia|Trick Room|p1b: Cresselia\n|-fieldend|move: Trick Room\n|\n|-weather|Snow|[upkeep]\n|upkeep\n|inactive|Iceberg77 has 30 seconds left this turn.\n|inactive|Losconosciuto has 60 seconds left.\n|\n|t:|1699121918\n|switch|p1a: Rillaboom|Rillaboom, M|100\/100\n|-fieldstart|move: Grassy Terrain|[from] ability: Grassy Surge|[of] p1a: Rillaboom\n|turn|17\n|inactive|Iceberg77 has 30 seconds left.\n|inactive|Iceberg77 has 20 seconds left.\n|\n|t:|1699121955\n|move|p2a: Ogerpon|Spiky Shield|p2a: Ogerpon\n|-singleturn|p2a: Ogerpon|move: Protect\n|move|p1a: Rillaboom|Fake Out|p2b: Landorus\n|-damage|p2b: Landorus|83\/100\n|cant|p2b: Landorus|flinch\n|move|p1b: Cresselia|Trick Room|p1b: Cresselia\n|-fieldstart|move: Trick Room|[of] p1b: Cresselia\n|\n|-weather|Snow|[upkeep]\n|-heal|p2a: Ogerpon|59\/100|[from] Grassy Terrain\n|upkeep\n|turn|18\n|inactive|Losconosciuto has 90 seconds left.\n|inactive|Iceberg77 has 30 seconds left.\n|\n|t:|1699121977\n|switch|p2a: Heatran|Heatran, M|100\/100\n|move|p1b: Cresselia|Psychic|p2a: Heatran\n|-resisted|p2a: Heatran\n|-damage|p2a: Heatran|90\/100\n|move|p1a: Rillaboom|U-turn|p2a: Heatran\n|-resisted|p2a: Heatran\n|-damage|p2a: Heatran|84\/100\n|inactive|Iceberg77 has 30 seconds left this turn.\n|\n|t:|1699121981\n|switch|p1a: Ursaluna|Ursaluna-Bloodmoon, M|46\/100|[from] U-turn\n|move|p2b: Landorus|U-turn|p1a: Ursaluna\n|-damage|p1a: Ursaluna|33\/100\n|inactive|Iceberg77 has 30 seconds left.\n|inactive|Iceberg77 has 20 seconds left.\n|\n|t:|1699121998\n|switch|p2b: Ogerpon|Ogerpon-Wellspring, F|59\/100|[from] U-turn\n|\n|-weather|none\n|-heal|p1a: Ursaluna|39\/100|[from] Grassy Terrain\n|-heal|p1a: Ursaluna|45\/100|[from] item: Leftovers\n|-heal|p2a: Heatran|91\/100|[from] Grassy Terrain\n|-heal|p2b: Ogerpon|65\/100|[from] Grassy Terrain\n|upkeep\n|turn|19\n|\n|t:|1699122018\n|move|p1a: Ursaluna|Protect|p1a: Ursaluna\n|-singleturn|p1a: Ursaluna|Protect\n|move|p2b: Ogerpon|Follow Me|p2b: Ogerpon\n|-singleturn|p2b: Ogerpon|move: Follow Me\n|move|p1b: Cresselia|Lunar Blessing|p1b: Cresselia|[spread] p1a,p1b\n|-heal|p1a: Ursaluna|70\/100\n|-heal|p1b: Cresselia|100\/100\n|move|p2a: Heatran|Flash Cannon|p1a: Ursaluna\n|-activate|p1a: Ursaluna|move: Protect\n|\n|-heal|p1a: Ursaluna|76\/100|[from] Grassy Terrain\n|-heal|p1a: Ursaluna|82\/100|[from] item: Leftovers\n|-heal|p2a: Heatran|97\/100|[from] Grassy Terrain\n|-heal|p2b: Ogerpon|71\/100|[from] Grassy Terrain\n|-sideend|p1: Losconosciuto|Reflect\n|upkeep\n|turn|20\n|inactive|Losconosciuto has 90 seconds left.\n|inactive|Iceberg77 has 30 seconds left.\n|inactive|Losconosciuto has 60 seconds left.\n|inactive|Iceberg77 has 20 seconds left.\n|\n|t:|1699122106\n|switch|p1a: Rillaboom|Rillaboom, M|100\/100\n|move|p2b: Ogerpon|Spiky Shield|p2b: Ogerpon\n|-singleturn|p2b: Ogerpon|move: Protect\n|move|p1b: Cresselia|Psychic|p2b: Ogerpon\n|-activate|p2b: Ogerpon|move: Protect\n|move|p2a: Heatran|Flash Cannon|p1a: Rillaboom\n|-damage|p1a: Rillaboom|70\/100\n|\n|-heal|p2a: Heatran|100\/100|[from] Grassy Terrain\n|-heal|p1a: Rillaboom|76\/100|[from] Grassy Terrain\n|-heal|p2b: Ogerpon|77\/100|[from] Grassy Terrain\n|upkeep\n|turn|21\n|inactive|Iceberg77 has 30 seconds left.\n|\n|t:|1699122129\n|switch|p2b: Landorus|Landorus-Therian, M|83\/100\n|-ability|p2b: Landorus|Intimidate|boost\n|-unboost|p1a: Rillaboom|atk|1\n|-unboost|p1b: Cresselia|atk|1\n|move|p1b: Cresselia|Psychic|p2b: Landorus\n|-damage|p2b: Landorus|50\/100\n|move|p2a: Heatran|Heat Wave|p1a: Rillaboom|[spread] p1a,p1b\n|-supereffective|p1a: Rillaboom\n|-damage|p1a: Rillaboom|28\/100\n|-damage|p1b: Cresselia|75\/100\n|move|p1a: Rillaboom|U-turn|p2b: Landorus\n|-resisted|p2b: Landorus\n|-damage|p2b: Landorus|40\/100\n|inactive|Iceberg77 has 30 seconds left this turn.\n|\n|t:|1699122142\n|switch|p1a: Grimmsnarl|Grimmsnarl, M|75\/100|[from] U-turn\n|\n|-heal|p1a: Grimmsnarl|81\/100|[from] Grassy Terrain\n|-fieldend|move: Trick Room\n|-fieldend|move: Grassy Terrain\n|upkeep\n|turn|22\n|inactive|Losconosciuto has 60 seconds left.\n|\n|t:|1699122165\n|move|p1a: Grimmsnarl|Light Screen|p1a: Grimmsnarl\n|-sidestart|p1: Losconosciuto|move: Light Screen\n|move|p2b: Landorus|Stomping Tantrum|p1a: Grimmsnarl\n|-damage|p1a: Grimmsnarl|24\/100\n|move|p2a: Heatran|Flash Cannon|p1a: Grimmsnarl\n|-supereffective|p1a: Grimmsnarl\n|-damage|p1a: Grimmsnarl|0 fnt\n|faint|p1a: Grimmsnarl\n|move|p1b: Cresselia|Trick Room|p1b: Cresselia\n|-fieldstart|move: Trick Room|[of] p1b: Cresselia\n|\n|upkeep\n|\n|t:|1699122171\n|switch|p1a: Ursaluna|Ursaluna-Bloodmoon, M|82\/100\n|turn|23\n|inactive|Losconosciuto has 60 seconds left.\n|inactive|Iceberg77 has 60 seconds left.\n|\n|t:|1699122199\n|move|p1a: Ursaluna|Calm Mind|p1a: Ursaluna\n|-boost|p1a: Ursaluna|spa|1\n|-boost|p1a: Ursaluna|spd|1\n|move|p1b: Cresselia|Lunar Blessing|p1b: Cresselia|[spread] p1a,p1b\n|-heal|p1a: Ursaluna|100\/100\n|-heal|p1b: Cresselia|99\/100\n|move|p2a: Heatran|Flash Cannon|p1a: Ursaluna\n|-damage|p1a: Ursaluna|81\/100\n|move|p2b: Landorus|Stomping Tantrum|p1a: Ursaluna\n|-damage|p1a: Ursaluna|47\/100\n|\n|-heal|p1a: Ursaluna|53\/100|[from] item: Leftovers\n|upkeep\n|turn|24\n|inactive|Iceberg77 has 60 seconds left.\n|\n|t:|1699122232\n|move|p1a: Ursaluna|Hyper Voice|p2a: Heatran|[spread] p2a,p2b\n|-resisted|p2a: Heatran\n|-damage|p2a: Heatran|78\/100\n|-damage|p2b: Landorus|0 fnt\n|faint|p2b: Landorus\n|move|p1b: Cresselia|Lunar Blessing|p1b: Cresselia|[spread] p1a,p1b\n|-heal|p1a: Ursaluna|78\/100\n|-heal|p1b: Cresselia|100\/100\n|move|p2a: Heatran|Flash Cannon|p1a: Ursaluna\n|-damage|p1a: Ursaluna|60\/100\n|\n|-heal|p1a: Ursaluna|66\/100|[from] item: Leftovers\n|upkeep\n|inactive|Iceberg77 has 30 seconds left.\n|\n|t:|1699122257\n|switch|p2b: Kommo-o|Kommo-o, F, tera:Fire|28\/100\n|turn|25\n|inactive|Losconosciuto has 90 seconds left.\n|\n|t:|1699122278\n|switch|p2a: Iron Hands|Iron Hands|54\/100\n|move|p2b: Kommo-o|Protect|p2b: Kommo-o\n|-singleturn|p2b: Kommo-o|Protect\n|move|p1a: Ursaluna|Earth Power|p2b: Kommo-o\n|-activate|p2b: Kommo-o|move: Protect\n|move|p1b: Cresselia|Lunar Blessing|p1b: Cresselia|[spread] p1a,p1b\n|-heal|p1a: Ursaluna|91\/100\n|\n|-heal|p1a: Ursaluna|97\/100|[from] item: Leftovers\n|-heal|p2b: Kommo-o|34\/100|[from] item: Leftovers\n|upkeep\n|turn|26\n|inactive|Losconosciuto has 90 seconds left.\n|\n|t:|1699122311\n|move|p2a: Iron Hands|Fake Out|p1a: Ursaluna\n|-damage|p1a: Ursaluna|85\/100\n|cant|p1a: Ursaluna|flinch\n|move|p1b: Cresselia|Psychic|p2a: Iron Hands\n|-supereffective|p2a: Iron Hands\n|-damage|p2a: Iron Hands|31\/100\n|move|p2b: Kommo-o|Iron Defense|p2b: Kommo-o\n|-boost|p2b: Kommo-o|def|2\n|\n|-heal|p1a: Ursaluna|91\/100|[from] item: Leftovers\n|-heal|p2b: Kommo-o|40\/100|[from] item: Leftovers\n|-fieldend|move: Trick Room\n|upkeep\n|turn|27\n|inactive|Losconosciuto has 90 seconds left.\n|inactive|Iceberg77 has 60 seconds left.\n|inactive|Iceberg77 has 30 seconds left.\n|\n|t:|1699122361\n|-end|p2a: Iron Hands|Quark Drive|[silent]\n|switch|p2a: Ogerpon|Ogerpon-Wellspring, F|77\/100\n|move|p1a: Ursaluna|Protect|p1a: Ursaluna\n|-singleturn|p1a: Ursaluna|Protect\n|move|p2b: Kommo-o|Body Press|p1a: Ursaluna\n|-activate|p1a: Ursaluna|move: Protect\n|move|p1b: Cresselia|Trick Room|p1b: Cresselia\n|-fieldstart|move: Trick Room|[of] p1b: Cresselia\n|\n|-heal|p1a: Ursaluna|98\/100|[from] item: Leftovers\n|-heal|p2b: Kommo-o|47\/100|[from] item: Leftovers\n|upkeep\n|turn|28\n|inactive|Losconosciuto has 90 seconds left.\n|inactive|Iceberg77 has 30 seconds left.\n|inactive|Iceberg77 has 20 seconds left.\n|\n|t:|1699122392\n|move|p1b: Cresselia|Helping Hand|p1a: Ursaluna\n|-singleturn|p1a: Ursaluna|Helping Hand|[of] p1b: Cresselia\n|move|p2b: Kommo-o|Protect|p2b: Kommo-o\n|-singleturn|p2b: Kommo-o|Protect\n|move|p1a: Ursaluna|Hyper Voice|p2b: Kommo-o|[spread] p2a\n|-activate|p2b: Kommo-o|move: Protect\n|-damage|p2a: Ogerpon|0 fnt\n|faint|p2a: Ogerpon\n|\n|-heal|p1a: Ursaluna|100\/100|[from] item: Leftovers\n|-heal|p2b: Kommo-o|53\/100|[from] item: Leftovers\n|upkeep\n|inactive|Iceberg77 has 25 seconds left this turn.\n|inactive|Iceberg77 has 20 seconds left.\n|inactive|Iceberg77 has 15 seconds left.\n|\n|t:|1699122403\n|switch|p2a: Iron Hands|Iron Hands|31\/100\n|turn|29\n|inactive|Iceberg77 has 30 seconds left.\n|\n|t:|1699122416\n|move|p1a: Ursaluna|Protect|p1a: Ursaluna\n|-singleturn|p1a: Ursaluna|Protect\n|move|p2a: Iron Hands|Wild Charge|p1b: Cresselia\n|-damage|p1b: Cresselia|72\/100\n|-damage|p2a: Iron Hands|24\/100|[from] Recoil\n|move|p1b: Cresselia|Psychic|p2a: Iron Hands\n|-supereffective|p2a: Iron Hands\n|-damage|p2a: Iron Hands|0 fnt\n|faint|p2a: Iron Hands\n|-end|p2a: Iron Hands|Quark Drive|[silent]\n|move|p2b: Kommo-o|Body Press|p1b: Cresselia\n|-resisted|p1b: Cresselia\n|-damage|p1b: Cresselia|53\/100\n|\n|-heal|p2b: Kommo-o|59\/100|[from] item: Leftovers\n|-sideend|p1: Losconosciuto|move: Light Screen\n|upkeep\n|inactive|Iceberg77 has 30 seconds left.\n|\n|t:|1699122427\n|switch|p2a: Heatran|Heatran, M|78\/100\n|turn|30\n|inactive|Iceberg77 has 30 seconds left.\n|\n|t:|1699122449\n|move|p2b: Kommo-o|Protect|p2b: Kommo-o\n|-singleturn|p2b: Kommo-o|Protect\n|move|p1a: Ursaluna|Earth Power|p2b: Kommo-o\n|-activate|p2b: Kommo-o|move: Protect\n|move|p1b: Cresselia|Lunar Blessing|p1b: Cresselia|[spread] p1a,p1b\n|-heal|p1b: Cresselia|78\/100\n|move|p2a: Heatran|Heat Wave|p1b: Cresselia|[spread] p1a,p1b\n|-damage|p1a: Ursaluna|76\/100\n|-damage|p1b: Cresselia|53\/100\n|\n|-heal|p1a: Ursaluna|82\/100|[from] item: Leftovers\n|-heal|p2b: Kommo-o|65\/100|[from] item: Leftovers\n|upkeep\n|turn|31\n|\n|t:|1699122474\n|move|p2b: Kommo-o|Protect||[still]\n|-fail|p2b: Kommo-o\n|move|p1a: Ursaluna|Earth Power|p2b: Kommo-o\n|-supereffective|p2b: Kommo-o\n|-damage|p2b: Kommo-o|0 fnt\n|faint|p2b: Kommo-o\n|move|p1b: Cresselia|Lunar Blessing|p1b: Cresselia|[spread] p1a,p1b\n|-heal|p1a: Ursaluna|100\/100\n|-heal|p1b: Cresselia|78\/100\n|move|p2a: Heatran|Flash Cannon|p1b: Cresselia\n|-damage|p1b: Cresselia|46\/100\n|\n|-fieldend|move: Trick Room\n|upkeep\n|turn|32\n|c|\u2606Iceberg77|gg\n|c|\u2606Losconosciuto|gg\n|\n|t:|1699122483\n|move|p2a: Heatran|Heat Wave|p1b: Cresselia|[spread] p1a,p1b\n|-damage|p1a: Ursaluna|78\/100\n|-damage|p1b: Cresselia|19\/100\n|move|p1b: Cresselia|Lunar Blessing|p1b: Cresselia|[spread] p1a,p1b\n|-heal|p1a: Ursaluna|100\/100\n|-heal|p1b: Cresselia|44\/100\n|move|p1a: Ursaluna|Earth Power|p2a: Heatran\n|-supereffective|p2a: Heatran\n|-enditem|p2a: Heatran|Shuca Berry|[eat]\n|-enditem|p2a: Heatran|Shuca Berry|[weaken]\n|-damage|p2a: Heatran|0 fnt\n|faint|p2a: Heatran\n|\n|win|Losconosciuto\n","uploadtime":1699122484,"views":210,"p1id":"losconosciuto","p2id":"iceberg77","formatid":"gen9doublesou","rating":0,"private":0,"password":""}