{"id":"smogtours-gen9doublesou-727363","p1":"Flying Beagle","p2":"Jello1231","format":"[Gen 9] Doubles OU","log":"|inactive|Battle timer is ON: inactive players will automatically lose when time's up.\n|t:|1698595459\n|gametype|doubles\n|player|p1|Flying Beagle|mina-lgpe|\n|player|p2|Jello1231|arezu|\n|teamsize|p1|6\n|teamsize|p2|6\n|gen|9\n|tier|[Gen 9] Doubles OU\n|rule|Species Clause: Limit one of each Pok\u00e9mon\n|rule|OHKO Clause: OHKO moves are banned\n|rule|Evasion Moves Clause: Evasion moves are banned\n|rule|Gravity Sleep Clause: The combination of sleep-inducing moves with imperfect accuracy and Gravity or Gigantamax Orbeetle are banned\n|rule|Endless Battle Clause: Forcing endless battles is banned\n|rule|HP Percentage Mod: HP is shown in percentages\n|clearpoke\n|poke|p1|Roaring Moon|\n|poke|p1|Weezing, M|\n|poke|p1|Ogerpon-Wellspring, F|\n|poke|p1|Flutter Mane|\n|poke|p1|Chi-Yu|\n|poke|p1|Amoonguss, F|\n|poke|p2|Armarouge, F|\n|poke|p2|Indeedee-F, F|\n|poke|p2|Diancie|\n|poke|p2|Iron Hands|\n|poke|p2|Ogerpon-Wellspring, F|\n|poke|p2|Landorus-Therian, M|\n|teampreview\n|c|\u2606Flying Beagle|gl hf!\n|c|\u2606Jello1231|U2\n|c|\u2606Jello1231|This bug is annoying\n|inactive|Flying Beagle has 270 seconds left.\n|inactive|Jello1231 has 270 seconds left.\n|c|\u2606Flying Beagle|oh u got it?\n|c|\u2606Flying Beagle|i still haven't had it yet\n|c|\u2606Jello1231|Ya\n|inactive|Flying Beagle has 240 seconds left.\n|inactive|Jello1231 has 240 seconds left.\n|\n|t:|1698595531\n|start\n|switch|p1a: Flutter Mane|Flutter Mane|100\/100\n|switch|p1b: Chi-Yu|Chi-Yu|100\/100\n|switch|p2a: Armarouge|Armarouge, F|100\/100\n|switch|p2b: Landorus|Landorus-Therian, M|100\/100\n|-ability|p1b: Chi-Yu|Beads of Ruin\n|-ability|p2b: Landorus|Intimidate|boost\n|-unboost|p1a: Flutter Mane|atk|1\n|-unboost|p1b: Chi-Yu|atk|1\n|turn|1\n|inactive|Flying Beagle has 270 seconds left.\n|inactive|Jello1231 has 270 seconds left.\n|c|+Mizuhime|gamers\n|inactive|Flying Beagle has 240 seconds left.\n|inactive|Jello1231 has 240 seconds left.\n|c|+Raf|rahhhh ind arm \n|c|+RelicanthPrimal<><|what bug\n|\n|t:|1698595605\n|-terastallize|p2b: Landorus|Rock\n|move|p2a: Armarouge|Protect|p2a: Armarouge\n|-singleturn|p2a: Armarouge|Protect\n|move|p1b: Chi-Yu|Overheat|p2b: Landorus\n|-resisted|p2b: Landorus\n|-damage|p2b: Landorus|44\/100\n|-unboost|p1b: Chi-Yu|spa|2\n|move|p2b: Landorus|Rock Slide|p1a: Flutter Mane|[spread] p1a,p1b\n|-supereffective|p1b: Chi-Yu\n|-damage|p1a: Flutter Mane|40\/100\n|-damage|p1b: Chi-Yu|0 fnt\n|faint|p1b: Chi-Yu\n|cant|p1a: Flutter Mane|flinch\n|\n|upkeep\n|inactive|Flying Beagle has 210 seconds left.\n|\n|t:|1698595649\n|switch|p1b: Roaring Moon|Roaring Moon|100\/100\n|-enditem|p1b: Roaring Moon|Booster Energy\n|-activate|p1b: Roaring Moon|ability: Protosynthesis|[fromitem]\n|-start|p1b: Roaring Moon|protosynthesisspe\n|turn|2\n|inactive|Flying Beagle has 210 seconds left.\n|inactive|Jello1231 has 240 seconds left.\n|\n|t:|1698595685\n|switch|p2b: Diancie|Diancie|100\/100\n|-end|p1a: Flutter Mane|Protosynthesis|[silent]\n|switch|p1a: Ogerpon|Ogerpon-Wellspring, F|100\/100\n|switch|p2a: Indeedee|Indeedee-F, F|100\/100\n|-fieldstart|move: Psychic Terrain|[from] ability: Psychic Surge|[of] p2a: Indeedee\n|-enditem|p2b: Diancie|Psychic Seed\n|-boost|p2b: Diancie|spd|1|[from] item: Psychic Seed\n|move|p1b: Roaring Moon|Knock Off|p2b: Diancie\n|-resisted|p2b: Diancie\n|-damage|p2b: Diancie|86\/100\n|\n|upkeep\n|turn|3\n|inactive|Flying Beagle has 180 seconds left.\n|\n|t:|1698595739\n|-end|p1b: Roaring Moon|Protosynthesis|[silent]\n|switch|p1b: Weezing|Weezing, M|100\/100\n|-ability|p1b: Weezing|Neutralizing Gas\n|switch|p2a: Ogerpon|Ogerpon-Wellspring, F|100\/100\n|move|p2b: Diancie|Protect|p2b: Diancie\n|-singleturn|p2b: Diancie|Protect\n|move|p1a: Ogerpon|Swords Dance|p1a: Ogerpon\n|-boost|p1a: Ogerpon|atk|2\n|\n|upkeep\n|turn|4\n|inactive|Flying Beagle has 180 seconds left.\n|inactive|Jello1231 has 270 seconds left.\n|inactive|Flying Beagle has 150 seconds left.\n|inactive|Jello1231 has 240 seconds left.\n|\n|t:|1698595793\n|move|p2a: Ogerpon|Follow Me|p2a: Ogerpon\n|-singleturn|p2a: Ogerpon|move: Follow Me\n|move|p1a: Ogerpon|Horn Leech|p2a: Ogerpon\n|-damage|p2a: Ogerpon|6\/100\n|move|p1b: Weezing|Will-O-Wisp|p2a: Ogerpon\n|-status|p2a: Ogerpon|brn\n|move|p2b: Diancie|Trick Room|p2b: Diancie\n|-fieldstart|move: Trick Room|[of] p2b: Diancie\n|\n|-damage|p2a: Ogerpon|0 fnt|[from] brn\n|faint|p2a: Ogerpon\n|upkeep\n|\n|t:|1698595798\n|switch|p2a: Armarouge|Armarouge, F|100\/100\n|turn|5\n|inactive|Jello1231 has 240 seconds left.\n|inactive|Flying Beagle has 150 seconds left.\n|\n|t:|1698595854\n|-end|p1b: Weezing|ability: Neutralizing Gas\n|switch|p1b: Flutter Mane|Flutter Mane|40\/100\n|move|p1a: Ogerpon|Spiky Shield|p1a: Ogerpon\n|-singleturn|p1a: Ogerpon|move: Protect\n|move|p2b: Diancie|Diamond Storm|p1b: Flutter Mane|[spread] p1b\n|-activate|p1a: Ogerpon|move: Protect\n|-damage|p1b: Flutter Mane|0 fnt\n|-boost|p2b: Diancie|def|2\n|faint|p1b: Flutter Mane\n|-end|p1b: Flutter Mane|Protosynthesis|[silent]\n|move|p2a: Armarouge|Expanding Force|p1a: Ogerpon\n|-activate|p1a: Ogerpon|move: Protect\n|\n|upkeep\n|inactive|Flying Beagle has 120 seconds left.\n|\n|t:|1698595872\n|switch|p1b: Amoonguss|Amoonguss, F|100\/100\n|turn|6\n|inactive|Flying Beagle has 120 seconds left.\n|inactive|Jello1231 has 240 seconds left.\n|\n|t:|1698595929\n|move|p2a: Armarouge|Protect|p2a: Armarouge\n|-singleturn|p2a: Armarouge|Protect\n|move|p1b: Amoonguss|Spore|p2a: Armarouge\n|-activate|p2a: Armarouge|move: Protect\n|move|p2b: Diancie|Diamond Storm|p1b: Amoonguss|[spread] p1a,p1b\n|-damage|p1a: Ogerpon|61\/100\n|-damage|p1b: Amoonguss|75\/100\n|-boost|p2b: Diancie|def|2\n|move|p1a: Ogerpon|Horn Leech|p2b: Diancie\n|-supereffective|p2b: Diancie\n|-damage|p2b: Diancie|42\/100\n|-heal|p1a: Ogerpon|84\/100|[from] drain|[of] p2b: Diancie\n|\n|-fieldend|move: Psychic Terrain\n|upkeep\n|turn|7\n|inactive|Flying Beagle has 90 seconds left.\n|inactive|Jello1231 has 210 seconds left.\n|\n|t:|1698595973\n|switch|p2a: Indeedee|Indeedee-F, F|100\/100\n|-fieldstart|move: Psychic Terrain|[from] ability: Psychic Surge|[of] p2a: Indeedee\n|move|p1b: Amoonguss|Spore|p2a: Indeedee\n|-activate|p2a: Indeedee|item: Safety Goggles|Spore\n|move|p2b: Diancie|Body Press|p1a: Ogerpon\n|-damage|p1a: Ogerpon|0 fnt\n|faint|p1a: Ogerpon\n|\n|upkeep\n|inactive|Flying Beagle has 60 seconds left.\n|\n|t:|1698596003\n|switch|p1a: Weezing|Weezing, M|100\/100\n|-ability|p1a: Weezing|Neutralizing Gas\n|turn|8\n|inactive|Jello1231 has 210 seconds left.\n|\n|t:|1698596031\n|switch|p1b: Roaring Moon|Roaring Moon|100\/100\n|switch|p2b: Armarouge|Armarouge, F|100\/100\n|move|p2a: Indeedee|Follow Me|p2a: Indeedee\n|-singleturn|p2a: Indeedee|move: Follow Me\n|move|p1a: Weezing|Will-O-Wisp|p2a: Indeedee\n|-status|p2a: Indeedee|brn\n|\n|-damage|p2a: Indeedee|94\/100 brn|[from] brn\n|-fieldend|move: Trick Room\n|upkeep\n|turn|9\n|inactive|Flying Beagle has 60 seconds left.\n|inactive|Jello1231 has 210 seconds left.\n|\n|t:|1698596076\n|-terastallize|p1b: Roaring Moon|Flying\n|move|p2a: Indeedee|Follow Me|p2a: Indeedee\n|-singleturn|p2a: Indeedee|move: Follow Me\n|move|p1b: Roaring Moon|Knock Off|p2a: Indeedee\n|-supereffective|p2a: Indeedee\n|-damage|p2a: Indeedee|0 fnt\n|-enditem|p2a: Indeedee|Safety Goggles|[from] move: Knock Off|[of] p1b: Roaring Moon\n|faint|p2a: Indeedee\n|move|p1a: Weezing|Sludge Bomb|p2b: Armarouge\n|-damage|p2b: Armarouge|70\/100\n|-status|p2b: Armarouge|psn\n|move|p2b: Armarouge|Expanding Force|p1a: Weezing|[spread] p1a,p1b\n|-supereffective|p1a: Weezing\n|-damage|p1a: Weezing|0 fnt\n|-damage|p1b: Roaring Moon|16\/100\n|faint|p1a: Weezing\n|-end|p1a: Weezing|ability: Neutralizing Gas\n|-damage|p2b: Armarouge|60\/100 psn|[from] item: Life Orb\n|\n|-damage|p2b: Armarouge|48\/100 psn|[from] psn\n|upkeep\n|inactive|Flying Beagle has 60 seconds left.\n|\n|t:|1698596090\n|switch|p2a: Landorus|Landorus-Therian, M, tera:Rock|44\/100\n|switch|p1a: Amoonguss|Amoonguss, F|75\/100\n|-ability|p2a: Landorus|Intimidate|boost\n|-unboost|p1a: Amoonguss|atk|1\n|-unboost|p1b: Roaring Moon|atk|1\n|turn|10\n|inactive|Jello1231 has 240 seconds left.\n|\n|t:|1698596104\n|move|p2a: Landorus|Rock Slide|p1a: Amoonguss|[spread] p1b\n|-miss|p2a: Landorus|p1a: Amoonguss\n|-supereffective|p1b: Roaring Moon\n|-damage|p1b: Roaring Moon|0 fnt\n|faint|p1b: Roaring Moon\n|-end|p1b: Roaring Moon|Protosynthesis|[silent]\n|move|p2b: Armarouge|Expanding Force|p1a: Amoonguss\n|-supereffective|p1a: Amoonguss\n|-damage|p1a: Amoonguss|0 fnt\n|faint|p1a: Amoonguss\n|-damage|p2b: Armarouge|38\/100 psn|[from] item: Life Orb\n|\n|win|Jello1231\n|c|\u2606Flying Beagle|gg\n","uploadtime":1698596105,"views":42,"p1id":"flyingbeagle","p2id":"jello1231","formatid":"gen9doublesou","rating":0,"private":0,"password":""}