{"id":"smogtours-gen9doublesou-731967","p1":"EternalSnowman","p2":"DolphinVGC","format":"[Gen 9] Doubles OU","log":"|inactive|Battle timer is ON: inactive players will automatically lose when time's up.\n|t:|1700596342\n|gametype|doubles\n|player|p1|EternalSnowman|#dpl9spectralthieves|\n|player|p2|DolphinVGC|dawn-masters3|\n|teamsize|p1|6\n|teamsize|p2|6\n|gen|9\n|tier|[Gen 9] Doubles OU\n|rule|Species Clause: Limit one of each Pok\u00e9mon\n|rule|OHKO Clause: OHKO moves are banned\n|rule|Evasion Moves Clause: Evasion moves are banned\n|rule|Gravity Sleep Clause: The combination of sleep-inducing moves with imperfect accuracy and Gravity or Gigantamax Orbeetle are banned\n|rule|Endless Battle Clause: Forcing endless battles is banned\n|rule|HP Percentage Mod: HP is shown in percentages\n|clearpoke\n|poke|p1|Lurantis, M|\n|poke|p1|Azumarill, M|\n|poke|p1|Indeedee-F, F|\n|poke|p1|Armarouge, M|\n|poke|p1|Goodra-Hisui, F|\n|poke|p1|Landorus-Therian, M|\n|poke|p2|Manaphy|\n|poke|p2|Tornadus, M|\n|poke|p2|Ogerpon-Wellspring, F|\n|poke|p2|Gholdengo|\n|poke|p2|Iron Hands|\n|poke|p2|Landorus, M|\n|teampreview\n|c|\u2606EternalSnowman|glhf\n|c|\u2606DolphinVGC|u2\n|inactive|EternalSnowman has 270 seconds left.\n|inactive|DolphinVGC has 270 seconds left.\n|inactive|DolphinVGC has 240 seconds left.\n|inactive|EternalSnowman has 240 seconds left.\n|\n|t:|1700596424\n|start\n|switch|p1a: Armarouge|Armarouge, M|100\/100\n|switch|p1b: Landorus|Landorus-Therian, M|100\/100\n|switch|p2a: Tornadus|Tornadus, M|100\/100\n|switch|p2b: Landorus|Landorus, M|100\/100\n|-ability|p1b: Landorus|Intimidate|boost\n|-unboost|p2a: Tornadus|atk|1\n|-unboost|p2b: Landorus|atk|1\n|turn|1\n|inactive|EternalSnowman has 270 seconds left.\n|\n|t:|1700596472\n|switch|p1a: Indeedee|Indeedee-F, F|100\/100\n|-fieldstart|move: Psychic Terrain|[from] ability: Psychic Surge|[of] p1a: Indeedee\n|-enditem|p1a: Indeedee|Psychic Seed\n|-boost|p1a: Indeedee|spd|1|[from] item: Psychic Seed\n|move|p2a: Tornadus|Taunt|p1a: Indeedee\n|-activate|p1a: Indeedee|move: Psychic Terrain\n|move|p1b: Landorus|Rock Slide|p2b: Landorus|[spread] p2a,p2b\n|-supereffective|p2a: Tornadus\n|-damage|p2a: Tornadus|61\/100\n|-damage|p2b: Landorus|76\/100\n|move|p2b: Landorus|Sandsear Storm|p1a: Indeedee|[spread] p1a\n|-immune|p1b: Landorus\n|-damage|p1a: Indeedee|65\/100\n|\n|upkeep\n|turn|2\n|inactive|EternalSnowman has 270 seconds left.\n|\n|t:|1700596511\n|switch|p2a: Gholdengo|Gholdengo|100\/100\n|move|p1b: Landorus|Rock Slide|p2b: Landorus|[spread] p2a,p2b\n|-resisted|p2a: Gholdengo\n|-damage|p2a: Gholdengo|92\/100\n|-damage|p2b: Landorus|52\/100\n|move|p2b: Landorus|Sandsear Storm|p1a: Indeedee|[spread] p1a\n|-immune|p1b: Landorus\n|-damage|p1a: Indeedee|32\/100\n|move|p1a: Indeedee|Psychic|p2b: Landorus\n|-damage|p2b: Landorus|0 fnt\n|faint|p2b: Landorus\n|\n|-heal|p2a: Gholdengo|98\/100|[from] item: Leftovers\n|upkeep\n|inactive|DolphinVGC has 270 seconds left.\n|c|+ina fable|Dolphgoat\n|\n|t:|1700596539\n|switch|p2b: Manaphy|Manaphy|100\/100\n|turn|3\n|inactive|EternalSnowman has 270 seconds left.\n|inactive|DolphinVGC has 270 seconds left.\n|\n|t:|1700596554\n|switch|p1b: Lurantis|Lurantis, M|100\/100\n|move|p2b: Manaphy|Scald|p1a: Indeedee\n|-damage|p1a: Indeedee|15\/100\n|-status|p1a: Indeedee|brn\n|move|p2a: Gholdengo|Make It Rain|p1b: Lurantis|[spread] p1a,p1b\n|-damage|p1a: Indeedee|0 fnt\n|-damage|p1b: Lurantis|65\/100\n|-unboost|p2a: Gholdengo|spa|1\n|faint|p1a: Indeedee\n|\n|-heal|p2a: Gholdengo|100\/100|[from] item: Leftovers\n|upkeep\n|\n|t:|1700596564\n|switch|p1a: Goodra|Goodra-Hisui, F|100\/100\n|turn|4\n|\n|t:|1700596577\n|switch|p2b: Iron Hands|Iron Hands|100\/100\n|move|p2a: Gholdengo|Nasty Plot|p2a: Gholdengo\n|-boost|p2a: Gholdengo|spa|2\n|move|p1b: Lurantis|Petal Blizzard|p2a: Gholdengo|[spread] p2a,p2b\n|-ability|p1a: Goodra|Sap Sipper|boost\n|-boost|p1a: Goodra|atk|1\n|-resisted|p2a: Gholdengo\n|-damage|p2a: Gholdengo|89\/100\n|-damage|p2b: Iron Hands|82\/100\n|move|p1a: Goodra|Bulldoze|p2b: Iron Hands|[spread] p1b,p2a,p2b\n|-resisted|p1b: Lurantis\n|-supereffective|p2a: Gholdengo\n|-supereffective|p2b: Iron Hands\n|-damage|p1b: Lurantis|58\/100\n|-damage|p2a: Gholdengo|61\/100\n|-damage|p2b: Iron Hands|61\/100\n|-boost|p1b: Lurantis|spe|1\n|-unboost|p2a: Gholdengo|spe|1\n|-unboost|p2b: Iron Hands|spe|1\n|\n|-heal|p2a: Gholdengo|67\/100|[from] item: Leftovers\n|upkeep\n|turn|5\n|c|+RelicanthPrimal<><|lmao\n|inactive|EternalSnowman has 270 seconds left.\n|c|+Schister|ESM moment\n|c|+AIRedzone|I love us west\n|c|+RelicanthPrimal<><|indeed\n|\n|t:|1700596630\n|move|p1b: Lurantis|Knock Off|p2a: Gholdengo\n|-supereffective|p2a: Gholdengo\n|-damage|p2a: Gholdengo|22\/100\n|-enditem|p2a: Gholdengo|Leftovers|[from] move: Knock Off|[of] p1b: Lurantis\n|move|p2a: Gholdengo|Shadow Ball|p1a: Goodra\n|-damage|p1a: Goodra|79\/100\n|-unboost|p1a: Goodra|spd|1\n|move|p1a: Goodra|Bulldoze|p2a: Gholdengo|[spread] p1b,p2a,p2b\n|-resisted|p1b: Lurantis\n|-supereffective|p2a: Gholdengo\n|-supereffective|p2b: Iron Hands\n|-damage|p1b: Lurantis|49\/100\n|-damage|p2a: Gholdengo|0 fnt\n|-damage|p2b: Iron Hands|40\/100\n|-boost|p1b: Lurantis|spe|1\n|-unboost|p2b: Iron Hands|spe|1\n|-enditem|p1b: Lurantis|Sitrus Berry|[eat]\n|-heal|p1b: Lurantis|74\/100|[from] item: Sitrus Berry\n|faint|p2a: Gholdengo\n|move|p2b: Iron Hands|Drain Punch|p1a: Goodra\n|-supereffective|p1a: Goodra\n|-damage|p1a: Goodra|24\/100\n|-heal|p2b: Iron Hands|61\/100|[from] drain|[of] p1a: Goodra\n|\n|-fieldend|move: Psychic Terrain\n|upkeep\n|inactive|DolphinVGC has 270 seconds left.\n|\n|t:|1700596649\n|switch|p2a: Tornadus|Tornadus, M|61\/100\n|turn|6\n|inactive|EternalSnowman has 270 seconds left.\n|\n|t:|1700596675\n|move|p1b: Lurantis|Protect|p1b: Lurantis\n|-singleturn|p1b: Lurantis|Protect\n|move|p2a: Tornadus|Bleakwind Storm|p1b: Lurantis|[spread] p1a\n|-activate|p1b: Lurantis|move: Protect\n|-resisted|p1a: Goodra\n|-damage|p1a: Goodra|13\/100\n|-unboost|p1a: Goodra|spe|1\n|move|p1a: Goodra|Ice Beam|p2a: Tornadus\n|-supereffective|p2a: Tornadus\n|-damage|p2a: Tornadus|7\/100\n|move|p2b: Iron Hands|Drain Punch|p1a: Goodra\n|-supereffective|p1a: Goodra\n|-damage|p1a: Goodra|0 fnt\n|-heal|p2b: Iron Hands|66\/100|[from] drain|[of] p1a: Goodra\n|faint|p1a: Goodra\n|\n|upkeep\n|inactive|EternalSnowman has 240 seconds left.\n|\n|t:|1700596700\n|switch|p1a: Azumarill|Azumarill, M|100\/100\n|turn|7\n|\n|t:|1700596715\n|switch|p2a: Ogerpon|Ogerpon-Wellspring, F|100\/100\n|move|p1b: Lurantis|Superpower|p2a: Ogerpon\n|-damage|p2a: Ogerpon|64\/100\n|-boost|p1b: Lurantis|atk|1\n|-boost|p1b: Lurantis|def|1\n|move|p1a: Azumarill|Play Rough|p2b: Iron Hands|[miss]\n|-miss|p1a: Azumarill|p2b: Iron Hands\n|move|p2b: Iron Hands|Drain Punch|p1b: Lurantis\n|-damage|p1b: Lurantis|44\/100\n|-heal|p2b: Iron Hands|78\/100|[from] drain|[of] p1b: Lurantis\n|\n|upkeep\n|turn|8\n|inactive|EternalSnowman has 270 seconds left.\n|\n|t:|1700596742\n|move|p2a: Ogerpon|Spiky Shield|p2a: Ogerpon\n|-singleturn|p2a: Ogerpon|move: Protect\n|move|p1b: Lurantis|Superpower|p2a: Ogerpon\n|-activate|p2a: Ogerpon|move: Protect\n|-damage|p1b: Lurantis|32\/100|[from] Spiky Shield|[of] p2a: Ogerpon\n|move|p1a: Azumarill|Play Rough|p2b: Iron Hands\n|-supereffective|p2b: Iron Hands\n|-damage|p2b: Iron Hands|0 fnt\n|faint|p2b: Iron Hands\n|-end|p2b: Iron Hands|Quark Drive|[silent]\n|-damage|p1a: Azumarill|91\/100|[from] item: Life Orb\n|\n|upkeep\n|\n|t:|1700596758\n|switch|p2b: Tornadus|Tornadus, M|7\/100\n|turn|9\n|\n|t:|1700596762\n|move|p1a: Azumarill|Protect|p1a: Azumarill\n|-singleturn|p1a: Azumarill|Protect\n|move|p2a: Ogerpon|Follow Me|p2a: Ogerpon\n|-singleturn|p2a: Ogerpon|move: Follow Me\n|move|p1b: Lurantis|Petal Blizzard|p2a: Ogerpon|[spread] p2a,p2b\n|-activate|p1a: Azumarill|move: Protect\n|-resisted|p2b: Tornadus\n|-damage|p2a: Ogerpon|17\/100\n|-damage|p2b: Tornadus|0 fnt\n|faint|p2b: Tornadus\n|\n|upkeep\n|c|\u2606DolphinVGC|gg\n|\n|t:|1700596783\n|switch|p2b: Manaphy|Manaphy|100\/100\n|turn|10\n|\n|t:|1700596800\n|-terastallize|p2b: Manaphy|Fairy\n|move|p2a: Ogerpon|Spiky Shield|p2a: Ogerpon\n|-singleturn|p2a: Ogerpon|move: Protect\n|move|p1b: Lurantis|Protect|p1b: Lurantis\n|-singleturn|p1b: Lurantis|Protect\n|move|p2b: Manaphy|Tera Blast|p1b: Lurantis|[anim] Tera Blast Fairy\n|-activate|p1b: Lurantis|move: Protect\n|move|p1a: Azumarill|Play Rough|p2b: Manaphy\n|-damage|p2b: Manaphy|36\/100\n|-damage|p1a: Azumarill|81\/100|[from] item: Life Orb\n|\n|-heal|p2b: Manaphy|42\/100|[from] item: Leftovers\n|upkeep\n|turn|11\n|\n|t:|1700596816\n|switch|p1a: Armarouge|Armarouge, M|100\/100\n|move|p2a: Ogerpon|Spiky Shield||[still]\n|-fail|p2a: Ogerpon\n|move|p2b: Manaphy|Tera Blast|p1b: Lurantis|[anim] Tera Blast Fairy\n|-damage|p1b: Lurantis|5\/100\n|move|p1b: Lurantis|Petal Blizzard|p2a: Ogerpon|[spread] p1a,p2a,p2b\n|-resisted|p1a: Armarouge\n|-damage|p1a: Armarouge|77\/100\n|-damage|p2a: Ogerpon|0 fnt\n|-damage|p2b: Manaphy|5\/100\n|-ability|p1a: Armarouge|Weak Armor|boost\n|-unboost|p1a: Armarouge|def|1\n|-boost|p1a: Armarouge|spe|2\n|faint|p2a: Ogerpon\n|\n|-heal|p2b: Manaphy|11\/100|[from] item: Leftovers\n|upkeep\n|turn|12\n|\n|t:|1700596837\n|move|p1a: Armarouge|Stored Power|p2b: Manaphy\n|-damage|p2b: Manaphy|0 fnt\n|faint|p2b: Manaphy\n|\n|win|EternalSnowman\n|c|\u2606EternalSnowman|gg\n","uploadtime":1700596838,"views":80,"p1id":"eternalsnowman","p2id":"dolphinvgc","formatid":"gen9doublesou","rating":0,"private":0,"password":""}