{"id":"smogtours-gen9doublesou-723884","p1":"zee","p2":"The JRL","format":"[Gen 9] Doubles OU","log":"|inactive|Battle timer is ON: inactive players will automatically lose when time's up.\n|t:|1697379839\n|gametype|doubles\n|player|p1|zee|#scl3gible2|\n|player|p2|The JRL|#scl3islanders2|\n|teamsize|p1|6\n|teamsize|p2|6\n|gen|9\n|tier|[Gen 9] Doubles OU\n|rule|Species Clause: Limit one of each Pok\u00e9mon\n|rule|OHKO Clause: OHKO moves are banned\n|rule|Evasion Moves Clause: Evasion moves are banned\n|rule|Gravity Sleep Clause: The combination of sleep-inducing moves with imperfect accuracy and Gravity or Gigantamax Orbeetle are banned\n|rule|Endless Battle Clause: Forcing endless battles is banned\n|rule|HP Percentage Mod: HP is shown in percentages\n|clearpoke\n|poke|p1|Iron Hands|\n|poke|p1|Rillaboom, F|\n|poke|p1|Kingambit, F|\n|poke|p1|Landorus-Therian, M|\n|poke|p1|Ogerpon-Wellspring, F|\n|poke|p1|Flutter Mane|\n|poke|p2|Diancie|\n|poke|p2|Flutter Mane|\n|poke|p2|Iron Hands|\n|poke|p2|Ogerpon-Hearthflame, F|\n|poke|p2|Tornadus, M|\n|poke|p2|Kingambit, F|\n|teampreview\n|c|\u2606zee|hf\n|raw|<div class=\"broadcast-red\"><strong>Moderated chat was set to \u2606!<\/strong><br \/>Only users of rank \u2606 and higher can talk.<\/div>\n|c|\u2606The JRL|hf\n|inactive|zee has 270 seconds left.\n|inactive|The JRL has 270 seconds left.\n|inactive|zee has 240 seconds left.\n|inactive|The JRL has 240 seconds left.\n|inactive|zee has 210 seconds left.\n|inactive|The JRL has 210 seconds left.\n|inactive|zee has 180 seconds left.\n|inactive|The JRL has 180 seconds left.\n|inactive|zee has 150 seconds left.\n|\n|t:|1697379994\n|start\n|switch|p1a: Ogerpon|Ogerpon-Wellspring, F|100\/100\n|switch|p1b: Rillaboom|Rillaboom, F|100\/100\n|switch|p2a: Flutter Mane|Flutter Mane|100\/100\n|switch|p2b: Tornadus|Tornadus, M|100\/100\n|-fieldstart|move: Grassy Terrain|[from] ability: Grassy Surge|[of] p1b: Rillaboom\n|turn|1\n|inactive|The JRL has 240 seconds left.\n|inactive|zee has 210 seconds left.\n|inactive|The JRL has 210 seconds left.\n|inactive|The JRL has 180 seconds left.\n|inactive|The JRL has 150 seconds left.\n|\n|t:|1697380113\n|switch|p1a: Kingambit|Kingambit, F|100\/100\n|-enditem|p1a: Kingambit|Grassy Seed\n|-boost|p1a: Kingambit|def|1|[from] item: Grassy Seed\n|-terastallize|p2a: Flutter Mane|Fairy\n|move|p2b: Tornadus|Sunny Day|p2b: Tornadus\n|-weather|SunnyDay\n|-activate|p2a: Flutter Mane|ability: Protosynthesis\n|-start|p2a: Flutter Mane|protosynthesisspa\n|move|p1b: Rillaboom|Grassy Glide|p2a: Flutter Mane\n|-damage|p2a: Flutter Mane|39\/100\n|move|p2a: Flutter Mane|Moonblast|p1a: Kingambit\n|-damage|p1a: Kingambit|0 fnt\n|faint|p1a: Kingambit\n|\n|-weather|SunnyDay|[upkeep]\n|-heal|p2a: Flutter Mane|45\/100|[from] Grassy Terrain\n|upkeep\n|\n|t:|1697380135\n|switch|p1a: Flutter Mane|Flutter Mane|100\/100\n|-activate|p1a: Flutter Mane|ability: Protosynthesis\n|-start|p1a: Flutter Mane|protosynthesisspe\n|turn|2\n|inactive|The JRL has 150 seconds left.\n|inactive|zee has 180 seconds left.\n|inactive|The JRL has 120 seconds left.\n|inactive|zee has 150 seconds left.\n|inactive|The JRL has 90 seconds left.\n|\n|t:|1697380219\n|move|p1b: Rillaboom|Grassy Glide|p2a: Flutter Mane\n|-damage|p2a: Flutter Mane|0 fnt\n|faint|p2a: Flutter Mane\n|-end|p2a: Flutter Mane|Protosynthesis|[silent]\n|move|p1a: Flutter Mane|Moonblast|p2b: Tornadus\n|-damage|p2b: Tornadus|48\/100\n|move|p2b: Tornadus|Bleakwind Storm|p1b: Rillaboom|[spread] p1a\n|-miss|p2b: Tornadus|p1b: Rillaboom\n|-damage|p1a: Flutter Mane|72\/100\n|\n|-weather|SunnyDay|[upkeep]\n|-heal|p1a: Flutter Mane|78\/100|[from] Grassy Terrain\n|upkeep\n|inactive|The JRL has 90 seconds left.\n|\n|t:|1697380230\n|switch|p2a: Ogerpon|Ogerpon-Hearthflame, F|100\/100\n|-ability|p2a: Ogerpon|Mold Breaker\n|turn|3\n|inactive|zee has 150 seconds left.\n|inactive|zee has 120 seconds left.\n|\n|t:|1697380304\n|switch|p1b: Landorus|Landorus-Therian, M|100\/100\n|-ability|p1b: Landorus|Intimidate|boost\n|-unboost|p2a: Ogerpon|atk|1\n|-unboost|p2b: Tornadus|atk|1\n|move|p1a: Flutter Mane|Protect|p1a: Flutter Mane\n|-singleturn|p1a: Flutter Mane|Protect\n|move|p2b: Tornadus|Tailwind|p2b: Tornadus\n|-sidestart|p2: The JRL|move: Tailwind\n|move|p2a: Ogerpon|Ivy Cudgel|p1a: Flutter Mane\n|-activate|p1a: Flutter Mane|move: Protect\n|\n|-weather|SunnyDay|[upkeep]\n|-heal|p1a: Flutter Mane|84\/100|[from] Grassy Terrain\n|upkeep\n|turn|4\n|inactive|zee has 120 seconds left.\n|inactive|The JRL has 90 seconds left.\n|inactive|zee has 90 seconds left.\n|\n|t:|1697380377\n|move|p2a: Ogerpon|Ivy Cudgel|p1a: Flutter Mane\n|-crit|p1a: Flutter Mane\n|-damage|p1a: Flutter Mane|0 fnt\n|faint|p1a: Flutter Mane\n|-end|p1a: Flutter Mane|Protosynthesis|[silent]\n|move|p2b: Tornadus|Bleakwind Storm|p1b: Landorus\n|-crit|p1b: Landorus\n|-damage|p1b: Landorus|42\/100\n|-enditem|p1b: Landorus|Sitrus Berry|[eat]\n|-heal|p1b: Landorus|67\/100|[from] item: Sitrus Berry\n|move|p1b: Landorus|Stomping Tantrum|p2a: Ogerpon\n|-damage|p2a: Ogerpon|52\/100\n|\n|-weather|SunnyDay|[upkeep]\n|-heal|p2a: Ogerpon|58\/100|[from] Grassy Terrain\n|upkeep\n|inactive|zee has 60 seconds left.\n|\n|t:|1697380388\n|switch|p1a: Iron Hands|Iron Hands|100\/100\n|turn|5\n|inactive|The JRL has 90 seconds left.\n|\n|t:|1697380417\n|switch|p2b: Iron Hands|Iron Hands|100\/100\n|-terastallize|p1a: Iron Hands|Fire\n|move|p2a: Ogerpon|Spiky Shield|p2a: Ogerpon\n|-singleturn|p2a: Ogerpon|move: Protect\n|move|p1b: Landorus|Protect|p1b: Landorus\n|-singleturn|p1b: Landorus|Protect\n|move|p1a: Iron Hands|Drain Punch|p2a: Ogerpon\n|-activate|p2a: Ogerpon|move: Protect\n|-damage|p1a: Iron Hands|88\/100|[from] Spiky Shield|[of] p2a: Ogerpon\n|\n|-weather|none\n|-heal|p2a: Ogerpon|64\/100|[from] Grassy Terrain\n|-heal|p1a: Iron Hands|94\/100|[from] Grassy Terrain\n|-fieldend|move: Grassy Terrain\n|upkeep\n|turn|6\n|inactive|zee has 90 seconds left.\n|inactive|The JRL has 90 seconds left.\n|inactive|The JRL has 60 seconds left.\n|\n|t:|1697380462\n|switch|p2a: Diancie|Diancie|100\/100\n|switch|p1b: Ogerpon|Ogerpon-Wellspring, F|100\/100\n|move|p2b: Iron Hands|Fake Out|p1b: Ogerpon\n|-damage|p1b: Ogerpon|82\/100\n|move|p1a: Iron Hands|Drain Punch|p2a: Diancie\n|-damage|p2a: Diancie|68\/100\n|-heal|p1a: Iron Hands|100\/100|[from] drain|[of] p2a: Diancie\n|\n|-sideend|p2: The JRL|move: Tailwind\n|upkeep\n|turn|7\n|inactive|The JRL has 60 seconds left.\n|inactive|zee has 60 seconds left.\n|inactive|The JRL has 30 seconds left.\n|\n|t:|1697380526\n|move|p1b: Ogerpon|Focus Energy|p1b: Ogerpon\n|-start|p1b: Ogerpon|move: Focus Energy\n|move|p2b: Iron Hands|Wild Charge|p1a: Iron Hands\n|-damage|p1a: Iron Hands|65\/100\n|-damage|p2b: Iron Hands|92\/100|[from] Recoil\n|move|p1a: Iron Hands|Heavy Slam|p2a: Diancie\n|-supereffective|p2a: Diancie\n|-damage|p2a: Diancie|0 fnt\n|faint|p2a: Diancie\n|\n|upkeep\n|inactive|The JRL has 30 seconds left this turn.\n|inactive|The JRL has 20 seconds left.\n|\n|t:|1697380541\n|switch|p2a: Tornadus|Tornadus, M|48\/100\n|turn|8\n|inactive|zee has 60 seconds left.\n|inactive|The JRL has 30 seconds left.\n|inactive|The JRL has 20 seconds left.\n|inactive|The JRL has 15 seconds left.\n|\n|t:|1697380585\n|-end|p1a: Iron Hands|Quark Drive|[silent]\n|switch|p1a: Landorus|Landorus-Therian, M|67\/100\n|-ability|p1a: Landorus|Intimidate|boost\n|-unboost|p2a: Tornadus|atk|1\n|-unboost|p2b: Iron Hands|atk|1\n|move|p2a: Tornadus|Sunny Day|p2a: Tornadus\n|-weather|SunnyDay\n|move|p1b: Ogerpon|Ivy Cudgel|p2a: Tornadus\n|-crit|p2a: Tornadus\n|-damage|p2a: Tornadus|8\/100\n|move|p2b: Iron Hands|Wild Charge|p1b: Ogerpon\n|-damage|p1b: Ogerpon|43\/100\n|-damage|p2b: Iron Hands|85\/100|[from] Recoil\n|\n|-weather|SunnyDay|[upkeep]\n|upkeep\n|turn|9\n|inactive|The JRL has 30 seconds left.\n|inactive|The JRL has 20 seconds left.\n|inactive|The JRL has 15 seconds left.\n|\n|t:|1697380615\n|move|p1b: Ogerpon|Spiky Shield|p1b: Ogerpon\n|-singleturn|p1b: Ogerpon|move: Protect\n|move|p2a: Tornadus|Bleakwind Storm|p1b: Ogerpon|[spread] p1a\n|-activate|p1b: Ogerpon|move: Protect\n|-damage|p1a: Landorus|40\/100\n|-unboost|p1a: Landorus|spe|1\n|move|p2b: Iron Hands|Drain Punch|p1b: Ogerpon\n|-activate|p1b: Ogerpon|move: Protect\n|-damage|p2b: Iron Hands|72\/100|[from] Spiky Shield|[of] p1b: Ogerpon\n|move|p1a: Landorus|U-turn|p2a: Tornadus\n|-resisted|p2a: Tornadus\n|-damage|p2a: Tornadus|0 fnt\n|faint|p2a: Tornadus\n|inactive|The JRL has 20 seconds left this turn.\n|\n|t:|1697380632\n|switch|p1a: Iron Hands|Iron Hands, tera:Fire|65\/100|[from] U-turn\n|\n|-weather|SunnyDay|[upkeep]\n|upkeep\n|inactive|The JRL has 25 seconds left this turn.\n|\n|t:|1697380636\n|switch|p2a: Ogerpon|Ogerpon-Hearthflame, F|64\/100\n|-ability|p2a: Ogerpon|Mold Breaker\n|turn|10\n|inactive|zee has 60 seconds left.\n|\n|t:|1697380675\n|-end|p2b: Iron Hands|Quark Drive|[silent]\n|switch|p2b: Kingambit|Kingambit, F|100\/100\n|move|p2a: Ogerpon|Spiky Shield|p2a: Ogerpon\n|-singleturn|p2a: Ogerpon|move: Protect\n|move|p1a: Iron Hands|Fake Out|p2b: Kingambit\n|-resisted|p2b: Kingambit\n|-damage|p2b: Kingambit|96\/100\n|move|p1b: Ogerpon|Ivy Cudgel|p2b: Kingambit\n|-crit|p2b: Kingambit\n|-damage|p2b: Kingambit|69\/100\n|\n|-weather|SunnyDay|[upkeep]\n|upkeep\n|turn|11\n|inactive|The JRL has 60 seconds left.\n|inactive|The JRL has 30 seconds left.\n|\n|t:|1697380713\n|move|p2a: Ogerpon|Follow Me|p2a: Ogerpon\n|-singleturn|p2a: Ogerpon|move: Follow Me\n|move|p1b: Ogerpon|Ivy Cudgel|p2a: Ogerpon\n|-crit|p2a: Ogerpon\n|-damage|p2a: Ogerpon|16\/100\n|move|p1a: Iron Hands|Drain Punch|p2a: Ogerpon\n|-damage|p2a: Ogerpon|0 fnt\n|-heal|p1a: Iron Hands|70\/100|[from] drain|[of] p2a: Ogerpon\n|faint|p2a: Ogerpon\n|move|p2b: Kingambit|Swords Dance|p2b: Kingambit\n|-boost|p2b: Kingambit|atk|2\n|\n|-weather|SunnyDay|[upkeep]\n|upkeep\n|inactive|The JRL has 30 seconds left.\n|\n|t:|1697380724\n|switch|p2a: Iron Hands|Iron Hands|72\/100\n|turn|12\n|inactive|The JRL has 30 seconds left.\n|\n|t:|1697380750\n|move|p2a: Iron Hands|Fake Out|p1a: Iron Hands\n|-damage|p1a: Iron Hands|60\/100\n|move|p1b: Ogerpon|Ivy Cudgel|p2b: Kingambit\n|-crit|p2b: Kingambit\n|-damage|p2b: Kingambit|42\/100\n|cant|p1a: Iron Hands|flinch\n|move|p2b: Kingambit|Kowtow Cleave|p1a: Iron Hands\n|-damage|p1a: Iron Hands|0 fnt\n|faint|p1a: Iron Hands\n|-end|p1a: Iron Hands|Quark Drive|[silent]\n|\n|-weather|none\n|upkeep\n|inactive|The JRL has 30 seconds left this turn.\n|\n|t:|1697380761\n|switch|p1a: Rillaboom|Rillaboom, F|100\/100\n|-fieldstart|move: Grassy Terrain|[from] ability: Grassy Surge|[of] p1a: Rillaboom\n|turn|13\n|inactive|zee has 60 seconds left.\n|inactive|zee has 30 seconds left.\n|inactive|zee has 20 seconds left.\n|\n|t:|1697380832\n|move|p2b: Kingambit|Protect|p2b: Kingambit\n|-singleturn|p2b: Kingambit|Protect\n|move|p1a: Rillaboom|Fake Out|p2b: Kingambit\n|-activate|p2b: Kingambit|move: Protect\n|move|p1b: Ogerpon|Ivy Cudgel|p2b: Kingambit\n|-activate|p2b: Kingambit|move: Protect\n|move|p2a: Iron Hands|Drain Punch|p1b: Ogerpon\n|-damage|p1b: Ogerpon|0 fnt\n|-heal|p2a: Iron Hands|87\/100|[from] drain|[of] p1b: Ogerpon\n|faint|p1b: Ogerpon\n|\n|-heal|p2a: Iron Hands|93\/100|[from] Grassy Terrain\n|-heal|p2b: Kingambit|48\/100|[from] Grassy Terrain\n|upkeep\n|inactive|zee has 25 seconds left this turn.\n|\n|t:|1697380833\n|switch|p1b: Landorus|Landorus-Therian, M|40\/100\n|-ability|p1b: Landorus|Intimidate|boost\n|-unboost|p2a: Iron Hands|atk|1\n|-unboost|p2b: Kingambit|atk|1\n|-ability|p2b: Kingambit|Defiant|boost\n|-boost|p2b: Kingambit|atk|2\n|turn|14\n|inactive|The JRL has 60 seconds left.\n|inactive|zee has 30 seconds left.\n|inactive|The JRL has 30 seconds left.\n|inactive|The JRL has 20 seconds left.\n|inactive|The JRL has 15 seconds left.\n|inactive|The JRL has 10 seconds left.\n|\n|t:|1697380894\n|move|p1a: Rillaboom|Grassy Glide|p2b: Kingambit\n|-resisted|p2b: Kingambit\n|-damage|p2b: Kingambit|35\/100\n|move|p2b: Kingambit|Sucker Punch|p1b: Landorus\n|-damage|p1b: Landorus|0 fnt\n|faint|p1b: Landorus\n|move|p2a: Iron Hands|Drain Punch|p1a: Rillaboom\n|-damage|p1a: Rillaboom|75\/100\n|-heal|p2a: Iron Hands|100\/100|[from] drain|[of] p1a: Rillaboom\n|\n|-heal|p1a: Rillaboom|81\/100|[from] Grassy Terrain\n|-heal|p2b: Kingambit|41\/100|[from] Grassy Terrain\n|upkeep\n|turn|15\n|inactive|The JRL has 30 seconds left.\n|c|\u2606zee|gg\n|-message|zee forfeited.\n|\n|win|The JRL\n|c|\u2606The JRL|gg\n","uploadtime":1697380905,"views":371,"p1id":"zee","p2id":"thejrl","formatid":"gen9doublesou","rating":0,"private":0,"password":""}