{"id":"smogtours-gen9doublesou-728850","p1":"Feyette","p2":"Tenzai","format":"[Gen 9] Doubles OU","log":"|inactive|Battle timer is ON: inactive players will automatically lose when time's up.\n|t:|1699185442\n|gametype|doubles\n|player|p1|Feyette|#scl3dynamos|\n|player|p2|Tenzai|#scl3spartans2|\n|teamsize|p1|6\n|teamsize|p2|6\n|gen|9\n|tier|[Gen 9] Doubles OU\n|rule|Species Clause: Limit one of each Pok\u00e9mon\n|rule|OHKO Clause: OHKO moves are banned\n|rule|Evasion Moves Clause: Evasion moves are banned\n|rule|Gravity Sleep Clause: The combination of sleep-inducing moves with imperfect accuracy and Gravity or Gigantamax Orbeetle are banned\n|rule|Endless Battle Clause: Forcing endless battles is banned\n|rule|HP Percentage Mod: HP is shown in percentages\n|clearpoke\n|poke|p1|Ninetales-Alola, F|\n|poke|p1|Roaring Moon|\n|poke|p1|Sinistcha|\n|poke|p1|Heatran, F|\n|poke|p1|Flutter Mane|\n|poke|p1|Iron Hands|\n|poke|p2|Flutter Mane|\n|poke|p2|Indeedee-F, F|\n|poke|p2|Armarouge, F|\n|poke|p2|Lilligant-Hisui, F|\n|poke|p2|Walking Wake|\n|poke|p2|Torkoal, M|\n|teampreview\n|c|\u2606Tenzai|hf\n|c|\u2606Feyette|gl hf\n|inactive|Feyette has 270 seconds left.\n|inactive|Tenzai has 270 seconds left.\n|inactive|Feyette has 240 seconds left.\n|inactive|Tenzai has 240 seconds left.\n|\n|t:|1699185519\n|start\n|switch|p1a: Roaring Moon|Roaring Moon|100\/100\n|switch|p1b: Heatran|Heatran, F|100\/100\n|switch|p2a: Flutter Mane|Flutter Mane|100\/100\n|switch|p2b: Indeedee|Indeedee-F, F|100\/100\n|-fieldstart|move: Psychic Terrain|[from] ability: Psychic Surge|[of] p2b: Indeedee\n|turn|1\n|inactive|Tenzai has 270 seconds left.\n|inactive|Feyette has 270 seconds left.\n|\n|t:|1699185580\n|-end|p2a: Flutter Mane|Protosynthesis|[silent]\n|switch|p2a: Torkoal|Torkoal, M|100\/100\n|-weather|SunnyDay|[from] ability: Drought|[of] p2a: Torkoal\n|-activate|p1a: Roaring Moon|ability: Protosynthesis\n|-start|p1a: Roaring Moon|protosynthesisatk\n|move|p1a: Roaring Moon|Knock Off|p2a: Torkoal\n|-damage|p2a: Torkoal|48\/100\n|-enditem|p2a: Torkoal|Eject Button|[from] move: Knock Off|[of] p1a: Roaring Moon\n|move|p1b: Heatran|Heat Wave|p2b: Indeedee|[spread] p2a,p2b\n|-resisted|p2a: Torkoal\n|-damage|p2a: Torkoal|10\/100\n|-damage|p2b: Indeedee|52\/100\n|move|p2b: Indeedee|Trick Room|p2b: Indeedee\n|-fieldstart|move: Trick Room|[of] p2b: Indeedee\n|\n|-weather|SunnyDay|[upkeep]\n|upkeep\n|turn|2\n|inactive|Feyette has 270 seconds left.\n|inactive|Tenzai has 270 seconds left.\n|\n|t:|1699185626\n|switch|p2a: Armarouge|Armarouge, F|100\/100\n|move|p2b: Indeedee|Protect|p2b: Indeedee\n|-singleturn|p2b: Indeedee|Protect\n|move|p1a: Roaring Moon|Protect|p1a: Roaring Moon\n|-singleturn|p1a: Roaring Moon|Protect\n|move|p1b: Heatran|Heat Wave|p2a: Armarouge|[spread] \n|-activate|p2b: Indeedee|move: Protect\n|-start|p2a: Armarouge|ability: Flash Fire\n|\n|-weather|SunnyDay|[upkeep]\n|upkeep\n|turn|3\n|inactive|Tenzai has 270 seconds left.\n|\n|t:|1699185663\n|move|p2b: Indeedee|Follow Me|p2b: Indeedee\n|-singleturn|p2b: Indeedee|move: Follow Me\n|move|p2a: Armarouge|Expanding Force|p1b: Heatran|[spread] p1b\n|-immune|p1a: Roaring Moon\n|-resisted|p1b: Heatran\n|-damage|p1b: Heatran|82\/100\n|move|p1b: Heatran|Earth Power|p2b: Indeedee\n|-damage|p2b: Indeedee|22\/100\n|move|p1a: Roaring Moon|Knock Off|p2b: Indeedee\n|-supereffective|p2b: Indeedee\n|-damage|p2b: Indeedee|0 fnt\n|-enditem|p2b: Indeedee|Safety Goggles|[from] move: Knock Off|[of] p1a: Roaring Moon\n|faint|p2b: Indeedee\n|\n|-weather|SunnyDay|[upkeep]\n|upkeep\n|\n|t:|1699185671\n|switch|p2b: Walking Wake|Walking Wake|100\/100\n|-activate|p2b: Walking Wake|ability: Protosynthesis\n|-start|p2b: Walking Wake|protosynthesisspa\n|turn|4\n|inactive|Tenzai has 270 seconds left.\n|\n|t:|1699185693\n|-terastallize|p2a: Armarouge|Psychic\n|-terastallize|p1b: Heatran|Fairy\n|move|p2a: Armarouge|Expanding Force|p1a: Roaring Moon|[spread] p1b\n|-immune|p1a: Roaring Moon\n|-damage|p1b: Heatran|37\/100\n|move|p1b: Heatran|Tera Blast|p2b: Walking Wake|[anim] Tera Blast Fairy\n|-supereffective|p2b: Walking Wake\n|-damage|p2b: Walking Wake|1\/100\n|move|p2b: Walking Wake|Draco Meteor|p1a: Roaring Moon\n|-supereffective|p1a: Roaring Moon\n|-damage|p1a: Roaring Moon|0 fnt\n|-unboost|p2b: Walking Wake|spa|2\n|faint|p1a: Roaring Moon\n|-end|p1a: Roaring Moon|Protosynthesis|[silent]\n|-damage|p2b: Walking Wake|0 fnt|[from] item: Life Orb\n|faint|p2b: Walking Wake\n|-end|p2b: Walking Wake|Protosynthesis|[silent]\n|\n|-weather|SunnyDay|[upkeep]\n|upkeep\n|inactive|Tenzai has 270 seconds left.\n|\n|t:|1699185726\n|switch|p2b: Flutter Mane|Flutter Mane|100\/100\n|switch|p1a: Sinistcha|Sinistcha|100\/100\n|-heal|p1b: Heatran|62\/100|[from] ability: Hospitality|[of] p1a: Sinistcha\n|-activate|p2b: Flutter Mane|ability: Protosynthesis\n|-start|p2b: Flutter Mane|protosynthesisspe\n|turn|5\n|inactive|Tenzai has 270 seconds left.\n|inactive|Feyette has 270 seconds left.\n|inactive|Tenzai has 240 seconds left.\n|\n|t:|1699185798\n|move|p1a: Sinistcha|Matcha Gotcha|p2a: Armarouge|[spread] p2a,p2b\n|-damage|p2a: Armarouge|76\/100\n|-damage|p2b: Flutter Mane|78\/100\n|move|p2a: Armarouge|Expanding Force|p1b: Heatran|[spread] p1a,p1b\n|-damage|p1a: Sinistcha|20\/100\n|-damage|p1b: Heatran|14\/100\n|-enditem|p1a: Sinistcha|Sitrus Berry|[eat]\n|-heal|p1a: Sinistcha|45\/100|[from] item: Sitrus Berry\n|move|p1b: Heatran|Heavy Slam|p2b: Flutter Mane\n|-supereffective|p2b: Flutter Mane\n|-damage|p2b: Flutter Mane|0 fnt\n|faint|p2b: Flutter Mane\n|-end|p2b: Flutter Mane|Protosynthesis|[silent]\n|\n|-weather|none\n|-fieldend|move: Trick Room\n|-fieldend|move: Psychic Terrain\n|upkeep\n|\n|t:|1699185804\n|switch|p2b: Torkoal|Torkoal, M|10\/100\n|-weather|SunnyDay|[from] ability: Drought|[of] p2b: Torkoal\n|turn|6\n|inactive|Feyette has 270 seconds left.\n|inactive|Feyette has 240 seconds left.\n|\n|t:|1699185852\n|move|p1b: Heatran|Earth Power|p2a: Armarouge\n|-damage|p2a: Armarouge|41\/100\n|move|p2a: Armarouge|Armor Cannon|p1a: Sinistcha\n|-supereffective|p1a: Sinistcha\n|-damage|p1a: Sinistcha|0 fnt\n|-unboost|p2a: Armarouge|def|1\n|-unboost|p2a: Armarouge|spd|1\n|faint|p1a: Sinistcha\n|move|p2b: Torkoal|Earth Power|p1b: Heatran\n|-damage|p1b: Heatran|0 fnt\n|faint|p1b: Heatran\n|\n|-weather|SunnyDay|[upkeep]\n|upkeep\n|inactive|Feyette has 240 seconds left.\n|\n|t:|1699185860\n|switch|p1b: Flutter Mane|Flutter Mane|100\/100\n|switch|p1a: Ninetales|Ninetales-Alola, F|100\/100\n|-activate|p1b: Flutter Mane|ability: Protosynthesis\n|-start|p1b: Flutter Mane|protosynthesisspe\n|-weather|Snow|[from] ability: Snow Warning|[of] p1a: Ninetales\n|-end|p1b: Flutter Mane|Protosynthesis\n|turn|7\n|inactive|Tenzai has 240 seconds left.\n|\n|t:|1699185887\n|move|p2b: Torkoal|Protect|p2b: Torkoal\n|-singleturn|p2b: Torkoal|Protect\n|move|p1b: Flutter Mane|Moonblast|p2a: Armarouge\n|-damage|p2a: Armarouge|0 fnt\n|faint|p2a: Armarouge\n|move|p1a: Ninetales|Aurora Veil|p1a: Ninetales\n|-sidestart|p1: Feyette|move: Aurora Veil\n|\n|-weather|Snow|[upkeep]\n|upkeep\n|\n|t:|1699185890\n|switch|p2a: Lilligant|Lilligant-Hisui, F|100\/100\n|turn|8\n|c|\u2606Tenzai|gg\n|c|\u2606Feyette|gg\n|-message|Tenzai forfeited.\n|\n|win|Feyette\n","uploadtime":1699185901,"views":337,"p1id":"feyette","p2id":"tenzai","formatid":"gen9doublesou","rating":0,"private":0,"password":""}