{"id":"smogtours-gen9doublesou-728781","p1":"Paraplegic","p2":"Auchura","format":"[Gen 9] Doubles OU","log":"|inactive|Battle timer is ON: inactive players will automatically lose when time's up.\n|t:|1699146019\n|gametype|doubles\n|player|p1|Paraplegic|#scl2islanders|\n|player|p2|Auchura|caitlin-gen4|\n|teamsize|p1|6\n|teamsize|p2|6\n|gen|9\n|tier|[Gen 9] Doubles OU\n|rule|Species Clause: Limit one of each Pok\u00e9mon\n|rule|OHKO Clause: OHKO moves are banned\n|rule|Evasion Moves Clause: Evasion moves are banned\n|rule|Gravity Sleep Clause: The combination of sleep-inducing moves with imperfect accuracy and Gravity or Gigantamax Orbeetle are banned\n|rule|Endless Battle Clause: Forcing endless battles is banned\n|rule|HP Percentage Mod: HP is shown in percentages\n|clearpoke\n|poke|p1|Landorus-Therian, M|\n|poke|p1|Rillaboom, M|\n|poke|p1|Ogerpon-Cornerstone, F|\n|poke|p1|Chi-Yu|\n|poke|p1|Kommo-o, F|\n|poke|p1|Flutter Mane|\n|poke|p2|Goodra-Hisui, F|\n|poke|p2|Grimmsnarl, M|\n|poke|p2|Iron Hands|\n|poke|p2|Volcanion|\n|poke|p2|Cresselia, F|\n|poke|p2|Sinistcha|\n|teampreview\n|c|\u2606Auchura|hf\n|c|\u2606Paraplegic|hf\n|inactive|Paraplegic has 270 seconds left.\n|inactive|Auchura has 270 seconds left.\n|inactive|Auchura has 240 seconds left.\n|\n|t:|1699146108\n|start\n|switch|p1a: Chi-Yu|Chi-Yu|100\/100\n|switch|p1b: Flutter Mane|Flutter Mane|100\/100\n|switch|p2a: Grimmsnarl|Grimmsnarl, M, shiny|100\/100\n|switch|p2b: Cresselia|Cresselia, F, shiny|100\/100\n|-ability|p1a: Chi-Yu|Beads of Ruin\n|-enditem|p1b: Flutter Mane|Booster Energy\n|-activate|p1b: Flutter Mane|ability: Protosynthesis|[fromitem]\n|-start|p1b: Flutter Mane|protosynthesisspe\n|turn|1\n|inactive|Paraplegic has 270 seconds left.\n|inactive|Paraplegic has 240 seconds left.\n|inactive|Auchura has 270 seconds left.\n|inactive|Paraplegic has 210 seconds left.\n|inactive|Auchura has 240 seconds left.\n|inactive|Auchura has 210 seconds left.\n|\n|t:|1699146245\n|-terastallize|p2b: Cresselia|Dark\n|move|p2a: Grimmsnarl|Light Screen|p2a: Grimmsnarl\n|-sidestart|p2: Auchura|move: Light Screen\n|move|p1b: Flutter Mane|Moonblast|p2a: Grimmsnarl\n|-supereffective|p2a: Grimmsnarl\n|-damage|p2a: Grimmsnarl|14\/100\n|move|p1a: Chi-Yu|Heat Wave|p2a: Grimmsnarl|[spread] p2a,p2b\n|-damage|p2a: Grimmsnarl|0 fnt\n|-damage|p2b: Cresselia|65\/100\n|faint|p2a: Grimmsnarl\n|move|p2b: Cresselia|Trick Room|p2b: Cresselia\n|-fieldstart|move: Trick Room|[of] p2b: Cresselia\n|\n|upkeep\n|\n|t:|1699146261\n|switch|p2a: Iron Hands|Iron Hands, shiny|100\/100\n|turn|2\n|inactive|Paraplegic has 210 seconds left.\n|inactive|Auchura has 210 seconds left.\n|inactive|Paraplegic has 180 seconds left.\n|inactive|Auchura has 180 seconds left.\n|inactive|Auchura has 150 seconds left.\n|\n|t:|1699146356\n|-end|p1b: Flutter Mane|Protosynthesis|[silent]\n|switch|p1b: Kommo-o|Kommo-o, F|100\/100\n|-terastallize|p1a: Chi-Yu|Ghost\n|move|p2a: Iron Hands|Swords Dance|p2a: Iron Hands\n|-boost|p2a: Iron Hands|atk|2\n|move|p2b: Cresselia|Lunar Blessing|p2b: Cresselia|[spread] p2a,p2b\n|-heal|p2b: Cresselia|90\/100\n|move|p1a: Chi-Yu|Heat Wave|p2a: Iron Hands|[spread] p2a,p2b\n|-damage|p2a: Iron Hands|47\/100\n|-damage|p2b: Cresselia|58\/100\n|\n|upkeep\n|turn|3\n|inactive|Paraplegic has 180 seconds left.\n|\n|t:|1699146377\n|switch|p1a: Rillaboom|Rillaboom, M|100\/100\n|-fieldstart|move: Grassy Terrain|[from] ability: Grassy Surge|[of] p1a: Rillaboom\n|move|p1b: Kommo-o|Protect|p1b: Kommo-o\n|-singleturn|p1b: Kommo-o|Protect\n|move|p2a: Iron Hands|Wild Charge|p1a: Rillaboom\n|-resisted|p1a: Rillaboom\n|-damage|p1a: Rillaboom|43\/100\n|-damage|p2a: Iron Hands|37\/100|[from] Recoil\n|move|p2b: Cresselia|Psychic|p1b: Kommo-o\n|-activate|p1b: Kommo-o|move: Protect\n|\n|-heal|p2a: Iron Hands|43\/100|[from] Grassy Terrain\n|-heal|p1a: Rillaboom|50\/100|[from] Grassy Terrain\n|upkeep\n|turn|4\n|\n|t:|1699146393\n|move|p1a: Rillaboom|Fake Out|p2a: Iron Hands\n|-damage|p2a: Iron Hands|33\/100\n|cant|p2a: Iron Hands|flinch\n|move|p2b: Cresselia|Psychic|p1b: Kommo-o\n|-supereffective|p1b: Kommo-o\n|-damage|p1b: Kommo-o|45\/100\n|move|p1b: Kommo-o|Clangorous Soul|p1b: Kommo-o\n|-boost|p1b: Kommo-o|atk|1\n|-boost|p1b: Kommo-o|def|1\n|-boost|p1b: Kommo-o|spa|1\n|-boost|p1b: Kommo-o|spd|1\n|-boost|p1b: Kommo-o|spe|1\n|-damage|p1b: Kommo-o|12\/100\n|-enditem|p1b: Kommo-o|Throat Spray\n|-boost|p1b: Kommo-o|spa|1|[from] item: Throat Spray\n|\n|-heal|p2a: Iron Hands|39\/100|[from] Grassy Terrain\n|-heal|p1a: Rillaboom|56\/100|[from] Grassy Terrain\n|-heal|p1b: Kommo-o|18\/100|[from] Grassy Terrain\n|upkeep\n|turn|5\n|inactive|Paraplegic has 210 seconds left.\n|\n|t:|1699146410\n|switch|p1a: Landorus|Landorus-Therian, M|100\/100\n|-ability|p1a: Landorus|Intimidate|boost\n|-unboost|p2a: Iron Hands|atk|1\n|-unboost|p2b: Cresselia|atk|1\n|move|p1b: Kommo-o|Protect|p1b: Kommo-o\n|-singleturn|p1b: Kommo-o|Protect\n|move|p2a: Iron Hands|Drain Punch|p1b: Kommo-o\n|-activate|p1b: Kommo-o|move: Protect\n|move|p2b: Cresselia|Lunar Blessing|p2b: Cresselia|[spread] p2a,p2b\n|-heal|p2a: Iron Hands|64\/100\n|-heal|p2b: Cresselia|83\/100\n|\n|-heal|p2a: Iron Hands|70\/100|[from] Grassy Terrain\n|-heal|p1b: Kommo-o|24\/100|[from] Grassy Terrain\n|-fieldend|move: Trick Room\n|upkeep\n|turn|6\n|inactive|Auchura has 180 seconds left.\n|\n|t:|1699146425\n|move|p1b: Kommo-o|Clanging Scales|p2a: Iron Hands|[spread] p2a,p2b\n|-damage|p2a: Iron Hands|28\/100\n|-damage|p2b: Cresselia|52\/100\n|-unboost|p1b: Kommo-o|def|1\n|move|p1a: Landorus|U-turn|p2b: Cresselia\n|-supereffective|p2b: Cresselia\n|-damage|p2b: Cresselia|24\/100\n|inactive|Paraplegic has 210 seconds left.\n|\n|t:|1699146439\n|switch|p1a: Chi-Yu|Chi-Yu, tera:Ghost|100\/100|[from] U-turn\n|-ability|p1a: Chi-Yu|Beads of Ruin\n|move|p2b: Cresselia|Ice Beam|p1a: Chi-Yu\n|-damage|p1a: Chi-Yu|83\/100\n|move|p2a: Iron Hands|Drain Punch|p1b: Kommo-o\n|-damage|p1b: Kommo-o|0 fnt\n|-heal|p2a: Iron Hands|35\/100|[from] drain|[of] p1b: Kommo-o\n|faint|p1b: Kommo-o\n|\n|-heal|p1a: Chi-Yu|89\/100|[from] Grassy Terrain\n|-heal|p2a: Iron Hands|41\/100|[from] Grassy Terrain\n|upkeep\n|inactive|Paraplegic has 210 seconds left.\n|\n|t:|1699146457\n|switch|p1b: Flutter Mane|Flutter Mane|100\/100\n|turn|7\n|inactive|Auchura has 210 seconds left.\n|inactive|Paraplegic has 210 seconds left.\n|\n|t:|1699146485\n|-end|p2a: Iron Hands|Quark Drive|[silent]\n|switch|p2a: Volcanion|Volcanion|100\/100\n|move|p1b: Flutter Mane|Moonblast|p2b: Cresselia\n|-supereffective|p2b: Cresselia\n|-damage|p2b: Cresselia|0 fnt\n|faint|p2b: Cresselia\n|move|p1a: Chi-Yu|Heat Wave|p2a: Volcanion\n|-resisted|p2a: Volcanion\n|-damage|p2a: Volcanion|88\/100\n|\n|-heal|p1a: Chi-Yu|95\/100|[from] Grassy Terrain\n|-heal|p2a: Volcanion|94\/100|[from] Grassy Terrain\n|-fieldend|move: Grassy Terrain\n|upkeep\n|\n|t:|1699146500\n|switch|p2b: Goodra|Goodra-Hisui, F, shiny|100\/100\n|turn|8\n|\n|t:|1699146508\n|move|p1b: Flutter Mane|Moonblast|p2b: Goodra\n|-damage|p2b: Goodra|71\/100\n|move|p1a: Chi-Yu|Heat Wave|p2a: Volcanion|[spread] p2a,p2b\n|-resisted|p2a: Volcanion\n|-damage|p2a: Volcanion|84\/100\n|-damage|p2b: Goodra|31\/100\n|move|p2a: Volcanion|Heat Wave|p1b: Flutter Mane|[spread] p1a\n|-miss|p2a: Volcanion|p1b: Flutter Mane\n|-damage|p1a: Chi-Yu|52\/100\n|-status|p1a: Chi-Yu|brn\n|move|p2b: Goodra|Heavy Slam|p1a: Chi-Yu\n|-damage|p1a: Chi-Yu|0 fnt\n|faint|p1a: Chi-Yu\n|\n|-heal|p2b: Goodra|37\/100|[from] item: Leftovers\n|-sideend|p2: Auchura|move: Light Screen\n|upkeep\n|\n|t:|1699146523\n|switch|p1a: Ogerpon|Ogerpon-Cornerstone, F|100\/100\n|turn|9\n|\n|t:|1699146535\n|move|p1b: Flutter Mane|Moonblast|p2b: Goodra\n|-damage|p2b: Goodra|7\/100\n|-unboost|p2b: Goodra|spa|1\n|move|p1a: Ogerpon|Ivy Cudgel|p2a: Volcanion\n|-supereffective|p2a: Volcanion\n|-crit|p2a: Volcanion\n|-damage|p2a: Volcanion|0 fnt\n|faint|p2a: Volcanion\n|move|p2b: Goodra|Heavy Slam|p1a: Ogerpon\n|-supereffective|p1a: Ogerpon\n|-damage|p1a: Ogerpon|17\/100\n|\n|-heal|p2b: Goodra|13\/100|[from] item: Leftovers\n|upkeep\n|\n|t:|1699146543\n|switch|p2a: Sinistcha|Sinistcha|100\/100\n|-heal|p2b: Goodra|38\/100|[from] ability: Hospitality|[of] p2a: Sinistcha\n|turn|10\n|inactive|Paraplegic has 270 seconds left.\n|\n|t:|1699146554\n|switch|p2b: Iron Hands|Iron Hands, shiny|41\/100\n|move|p1b: Flutter Mane|Shadow Ball|p2a: Sinistcha\n|-supereffective|p2a: Sinistcha\n|-damage|p2a: Sinistcha|11\/100\n|move|p1a: Ogerpon|Ivy Cudgel|p2a: Sinistcha\n|-damage|p2a: Sinistcha|0 fnt\n|faint|p2a: Sinistcha\n|\n|upkeep\n|c|+kaori\u273f|stonerpon :pog:\n|\n|t:|1699146562\n|switch|p2a: Goodra|Goodra-Hisui, F, shiny|38\/100\n|turn|11\n|c|\u2606Paraplegic|spirit mon\n|-message|Auchura forfeited.\n|\n|win|Paraplegic\n|c|\u2606Auchura|gg\n|c|\u2606Paraplegic|gg\n|c|+kaori\u273f|YEAAAAAAHHHH\n","uploadtime":1699146570,"views":181,"p1id":"paraplegic","p2id":"auchura","formatid":"gen9doublesou","rating":0,"private":0,"password":""}