{"id":"smogtours-gen9doublesou-728796","p1":"Xrn","p2":"Akaru Kokuyo\u3075\u308f","format":"[Gen 9] Doubles OU","log":"|inactive|Battle timer is ON: inactive players will automatically lose when time's up.\n|t:|1699149686\n|gametype|doubles\n|player|p1|Xrn|#scl3platoon|\n|player|p2|Akaru Kokuyo\u3075\u308f|#bssplviiidavesdragonairs|\n|teamsize|p1|6\n|teamsize|p2|6\n|gen|9\n|tier|[Gen 9] Doubles OU\n|rule|Species Clause: Limit one of each Pok\u00e9mon\n|rule|OHKO Clause: OHKO moves are banned\n|rule|Evasion Moves Clause: Evasion moves are banned\n|rule|Gravity Sleep Clause: The combination of sleep-inducing moves with imperfect accuracy and Gravity or Gigantamax Orbeetle are banned\n|rule|Endless Battle Clause: Forcing endless battles is banned\n|rule|HP Percentage Mod: HP is shown in percentages\n|clearpoke\n|poke|p1|Landorus-Therian, M|\n|poke|p1|Gholdengo|\n|poke|p1|Ogerpon-Hearthflame, F|\n|poke|p1|Palafin, M|\n|poke|p1|Rillaboom, F|\n|poke|p1|Tornadus, M|\n|poke|p2|Glimmora, F|\n|poke|p2|Landorus-Therian, M|\n|poke|p2|Tornadus, M|\n|poke|p2|Chi-Yu|\n|poke|p2|Flutter Mane|\n|poke|p2|Indeedee-F, F|\n|teampreview\n|inactive|Xrn also wants the timer to be on.\n|raw|<div class=\"broadcast-red\"><strong>Moderated chat was set to \u2606!<\/strong><br \/>Only users of rank \u2606 and higher can talk.<\/div>\n|c|\u2606Xrn|hf\n|c|\u2606Akaru Kokuyo\u3075\u308f|glhf\n|inactive|Xrn has 270 seconds left.\n|inactive|Akaru Kokuyo\u3075\u308f has 270 seconds left.\n|inactive|Xrn has 240 seconds left.\n|inactive|Akaru Kokuyo\u3075\u308f has 240 seconds left.\n|inactive|Xrn has 210 seconds left.\n|inactive|Akaru Kokuyo\u3075\u308f has 210 seconds left.\n|inactive|Xrn has 180 seconds left.\n|\n|t:|1699149829\n|start\n|switch|p1a: stung|Landorus-Therian, M, shiny|100\/100\n|switch|p1b: intellectual greed|Gholdengo|100\/100\n|switch|p2a: Landorus|Landorus-Therian, M|100\/100\n|switch|p2b: Chi-Yu|Chi-Yu|100\/100\n|-ability|p2b: Chi-Yu|Beads of Ruin\n|-ability|p2a: Landorus|Intimidate|boost\n|-unboost|p1a: stung|atk|1\n|-unboost|p1b: intellectual greed|atk|1\n|-ability|p1a: stung|Intimidate|boost\n|-unboost|p2a: Landorus|atk|1\n|-unboost|p2b: Chi-Yu|atk|1\n|turn|1\n|inactive|Xrn has 240 seconds left.\n|inactive|Akaru Kokuyo\u3075\u308f has 240 seconds left.\n|inactive|Xrn has 210 seconds left.\n|inactive|Xrn has 180 seconds left.\n|\n|t:|1699149901\n|-terastallize|p2b: Chi-Yu|Dragon\n|-terastallize|p1a: stung|Water\n|move|p2b: Chi-Yu|Nasty Plot|p2b: Chi-Yu\n|-boost|p2b: Chi-Yu|spa|2\n|move|p2a: Landorus|Stomping Tantrum|p1b: intellectual greed\n|-supereffective|p1b: intellectual greed\n|-damage|p1b: intellectual greed|29\/100\n|move|p1a: stung|Stomping Tantrum|p2b: Chi-Yu\n|-crit|p2b: Chi-Yu\n|-damage|p2b: Chi-Yu|24\/100\n|-enditem|p2b: Chi-Yu|Sitrus Berry|[eat]\n|-heal|p2b: Chi-Yu|49\/100|[from] item: Sitrus Berry\n|move|p1b: intellectual greed|Make It Rain|p2b: Chi-Yu|[spread] p2a,p2b\n|-damage|p2a: Landorus|37\/100\n|-damage|p2b: Chi-Yu|5\/100\n|-unboost|p1b: intellectual greed|spa|1\n|\n|-heal|p1b: intellectual greed|35\/100|[from] item: Leftovers\n|upkeep\n|turn|2\n|inactive|Xrn has 180 seconds left.\n|inactive|Akaru Kokuyo\u3075\u308f has 240 seconds left.\n|inactive|Xrn has 150 seconds left.\n|inactive|Xrn has 120 seconds left.\n|\n|t:|1699150010\n|move|p2b: Chi-Yu|Dark Pulse|p1a: stung\n|-damage|p1a: stung|0 fnt\n|faint|p1a: stung\n|move|p2a: Landorus|Stomping Tantrum|p1b: intellectual greed\n|-supereffective|p1b: intellectual greed\n|-damage|p1b: intellectual greed|0 fnt\n|faint|p1b: intellectual greed\n|\n|upkeep\n|inactive|Xrn has 90 seconds left.\n|\n|t:|1699150041\n|switch|p1a: argyle|Tornadus, M, shiny|100\/100\n|switch|p1b: introvert|Ogerpon-Hearthflame, F|100\/100\n|-ability|p1b: introvert|Mold Breaker\n|turn|3\n|inactive|Xrn has 90 seconds left.\n|inactive|Akaru Kokuyo\u3075\u308f has 240 seconds left.\n|inactive|Xrn has 60 seconds left.\n|\n|t:|1699150078\n|switch|p1b: hypochondriac|Palafin, M|100\/100\n|move|p1a: argyle|Bleakwind Storm|p2a: Landorus|[spread] p2a,p2b\n|-damage|p2a: Landorus|0 fnt\n|-damage|p2b: Chi-Yu|0 fnt\n|faint|p2a: Landorus\n|faint|p2b: Chi-Yu\n|\n|upkeep\n|inactive|Akaru Kokuyo\u3075\u308f has 240 seconds left.\n|\n|t:|1699150096\n|switch|p2b: Tornadus|Tornadus, M|100\/100\n|switch|p2a: Flutter Mane|Flutter Mane|100\/100\n|turn|4\n|\n|t:|1699150113\n|detailschange|p1b: hypochondriac|Palafin-Hero, M\n|switch|p1b: introvert|Ogerpon-Hearthflame, F|100\/100\n|-ability|p1b: introvert|Mold Breaker\n|move|p1a: argyle|Tailwind|p1a: argyle\n|-sidestart|p1: Xrn|move: Tailwind\n|move|p2b: Tornadus|Tailwind|p2b: Tornadus\n|-sidestart|p2: Akaru Kokuyo\u3075\u308f|move: Tailwind\n|move|p2a: Flutter Mane|Dazzling Gleam|p1b: introvert|[spread] p1a,p1b\n|-resisted|p1b: introvert\n|-damage|p1a: argyle|48\/100\n|-damage|p1b: introvert|73\/100\n|\n|upkeep\n|turn|5\n|inactive|Xrn has 90 seconds left.\n|inactive|Xrn has 60 seconds left.\n|inactive|Akaru Kokuyo\u3075\u308f has 240 seconds left.\n|\n|t:|1699150165\n|-end|p2a: Flutter Mane|Protosynthesis|[silent]\n|switch|p2a: Glimmora|Glimmora, F|100\/100\n|move|p1a: argyle|Sunny Day|p1a: argyle\n|-weather|SunnyDay\n|move|p1b: introvert|Ivy Cudgel|p2b: Tornadus\n|-damage|p2b: Tornadus|0 fnt\n|faint|p2b: Tornadus\n|\n|-weather|SunnyDay|[upkeep]\n|upkeep\n|inactive|Akaru Kokuyo\u3075\u308f has 240 seconds left.\n|\n|t:|1699150173\n|switch|p2b: Flutter Mane|Flutter Mane|100\/100\n|-activate|p2b: Flutter Mane|ability: Protosynthesis\n|-start|p2b: Flutter Mane|protosynthesisspa\n|turn|6\n|inactive|Xrn has 60 seconds left.\n|\n|t:|1699150204\n|move|p1b: introvert|Spiky Shield|p1b: introvert\n|-singleturn|p1b: introvert|move: Protect\n|move|p1a: argyle|Rain Dance|p1a: argyle\n|-weather|RainDance\n|-end|p2b: Flutter Mane|Protosynthesis\n|move|p2b: Flutter Mane|Shadow Ball|p1b: introvert\n|-activate|p1b: introvert|move: Protect\n|move|p2a: Glimmora|Power Gem|p1a: argyle\n|-supereffective|p1a: argyle\n|-damage|p1a: argyle|0 fnt\n|faint|p1a: argyle\n|\n|-weather|RainDance|[upkeep]\n|upkeep\n|inactive|Xrn has 60 seconds left.\n|\n|t:|1699150217\n|switch|p1a: caffeine|Rillaboom, F, shiny|100\/100\n|-fieldstart|move: Grassy Terrain|[from] ability: Grassy Surge|[of] p1a: caffeine\n|turn|7\n|inactive|Akaru Kokuyo\u3075\u308f has 270 seconds left.\n|inactive|Xrn has 60 seconds left.\n|\n|t:|1699150259\n|-end|p2b: Flutter Mane|Protosynthesis|[silent]\n|switch|p2b: Indeedee|Indeedee-F, F|100\/100\n|-fieldstart|move: Psychic Terrain|[from] ability: Psychic Surge|[of] p2b: Indeedee\n|move|p1b: introvert|Grassy Glide|p2b: Indeedee\n|-damage|p2b: Indeedee|69\/100\n|move|p2a: Glimmora|Sludge Bomb|p1b: introvert\n|-supereffective|p1b: introvert\n|-damage|p1b: introvert|0 fnt\n|faint|p1b: introvert\n|move|p1a: caffeine|U-turn|p2b: Indeedee\n|-supereffective|p2b: Indeedee\n|-damage|p2b: Indeedee|28\/100\n|-enditem|p2b: Indeedee|Sitrus Berry|[eat]\n|-heal|p2b: Indeedee|53\/100|[from] item: Sitrus Berry\n|\n|t:|1699150262\n|switch|p1a: hypochondriac|Palafin-Hero, M|100\/100|[from] U-turn\n|-activate|p1a: hypochondriac|ability: Zero to Hero\n|\n|-weather|RainDance|[upkeep]\n|-sideend|p2: Akaru Kokuyo\u3075\u308f|move: Tailwind\n|-sideend|p1: Xrn|move: Tailwind\n|upkeep\n|\n|t:|1699150264\n|switch|p1b: caffeine|Rillaboom, F, shiny|100\/100\n|-fieldstart|move: Grassy Terrain|[from] ability: Grassy Surge|[of] p1b: caffeine\n|turn|8\n|inactive|Xrn has 60 seconds left.\n|\n|t:|1699150291\n|move|p2b: Indeedee|Protect|p2b: Indeedee\n|-singleturn|p2b: Indeedee|Protect\n|move|p1b: caffeine|Fake Out|p2a: Glimmora\n|-resisted|p2a: Glimmora\n|-damage|p2a: Glimmora|93\/100\n|-activate|p2a: Glimmora|ability: Toxic Debris\n|-sidestart|p1: Xrn|move: Toxic Spikes\n|move|p1a: hypochondriac|Jet Punch|p2b: Indeedee\n|-activate|p2b: Indeedee|move: Protect\n|cant|p2a: Glimmora|flinch\n|\n|-weather|RainDance|[upkeep]\n|-heal|p2a: Glimmora|99\/100|[from] Grassy Terrain\n|-heal|p2b: Indeedee|59\/100|[from] Grassy Terrain\n|upkeep\n|turn|9\n|inactive|Xrn has 60 seconds left.\n|\n|t:|1699150309\n|move|p2b: Indeedee|Protect|p2b: Indeedee\n|-singleturn|p2b: Indeedee|Protect\n|move|p1a: hypochondriac|Jet Punch|p2a: Glimmora\n|-supereffective|p2a: Glimmora\n|-damage|p2a: Glimmora|0 fnt\n|-activate|p2a: Glimmora|ability: Toxic Debris\n|-sidestart|p1: Xrn|move: Toxic Spikes\n|faint|p2a: Glimmora\n|move|p1b: caffeine|Wood Hammer|p2b: Indeedee\n|-activate|p2b: Indeedee|move: Protect\n|\n|-weather|RainDance|[upkeep]\n|-heal|p2b: Indeedee|65\/100|[from] Grassy Terrain\n|upkeep\n|\n|t:|1699150317\n|switch|p2a: Flutter Mane|Flutter Mane|100\/100\n|turn|10\n|\n|t:|1699150324\n|move|p2b: Indeedee|Follow Me|p2b: Indeedee\n|-singleturn|p2b: Indeedee|move: Follow Me\n|move|p1a: hypochondriac|Jet Punch|p2b: Indeedee\n|-crit|p2b: Indeedee\n|-damage|p2b: Indeedee|0 fnt\n|faint|p2b: Indeedee\n|move|p1b: caffeine|Grassy Glide|p2a: Flutter Mane\n|-damage|p2a: Flutter Mane|30\/100\n|move|p2a: Flutter Mane|Moonblast|p1a: hypochondriac\n|-damage|p1a: hypochondriac|41\/100\n|\n|-weather|none\n|-heal|p2a: Flutter Mane|36\/100|[from] Grassy Terrain\n|-heal|p1a: hypochondriac|48\/100|[from] Grassy Terrain\n|upkeep\n|turn|11\n|c|\u2606Xrn|gg\n|c|\u2606Akaru Kokuyo\u3075\u308f|gg\n|\n|t:|1699150334\n|move|p1a: hypochondriac|Jet Punch|p2a: Flutter Mane\n|-damage|p2a: Flutter Mane|0 fnt\n|faint|p2a: Flutter Mane\n|-end|p2a: Flutter Mane|Protosynthesis|[silent]\n|\n|win|Xrn\n","uploadtime":1699150335,"views":349,"p1id":"xrn","p2id":"akarukokuyo","formatid":"gen9doublesou","rating":0,"private":0,"password":""}