{"id":"smogtours-gen9doublesou-729402","p1":"eragon11145","p2":"Schister","format":"[Gen 9] Doubles OU","log":"|inactive|Battle timer is ON: inactive players will automatically lose when time's up.\n|t:|1699345777\n|gametype|doubles\n|player|p1|eragon11145|#dwcopiii|\n|player|p2|Schister|clair|\n|teamsize|p1|6\n|teamsize|p2|6\n|gen|9\n|tier|[Gen 9] Doubles OU\n|rule|Species Clause: Limit one of each Pok\u00e9mon\n|rule|OHKO Clause: OHKO moves are banned\n|rule|Evasion Moves Clause: Evasion moves are banned\n|rule|Gravity Sleep Clause: The combination of sleep-inducing moves with imperfect accuracy and Gravity or Gigantamax Orbeetle are banned\n|rule|Endless Battle Clause: Forcing endless battles is banned\n|rule|HP Percentage Mod: HP is shown in percentages\n|clearpoke\n|poke|p1|Farigiraf, F|\n|poke|p1|Toxtricity, F|\n|poke|p1|Roaring Moon|\n|poke|p1|Brambleghast, M|\n|poke|p1|Dragapult, F|\n|poke|p1|Iron Hands|\n|poke|p2|Medicham, M|\n|poke|p2|Indeedee-F, F|\n|poke|p2|Diancie|\n|poke|p2|Ursaluna-Bloodmoon, M|\n|poke|p2|Kingambit, F|\n|poke|p2|Armarouge, F|\n|teampreview\n|inactive|eragon11145 also wants the timer to be on.\n|inactive|Schister also wants the timer to be on.\n|\n|t:|1699345796\n|start\n|switch|p1a: Toxtricity|Toxtricity, F, shiny|100\/100\n|switch|p1b: Brambleghast|Brambleghast, M|100\/100\n|switch|p2a: Indeedee|Indeedee-F, F|100\/100\n|switch|p2b: Diancie|Diancie|100\/100\n|-fieldstart|move: Psychic Terrain|[from] ability: Psychic Surge|[of] p2a: Indeedee\n|turn|1\n|\n|t:|1699345804\n|switch|p1b: Farigiraf|Farigiraf, F|100\/100\n|move|p2a: Indeedee|Follow Me|p2a: Indeedee\n|-singleturn|p2a: Indeedee|move: Follow Me\n|move|p1a: Toxtricity|Overdrive|p2b: Diancie|[spread] p2a,p2b\n|-damage|p2a: Indeedee|49\/100\n|-damage|p2b: Diancie|60\/100\n|-enditem|p2a: Indeedee|Eject Button\n|\n|t:|1699345811\n|switch|p2a: Medicham|Medicham, M|100\/100\n|move|p2b: Diancie|Trick Room|p2b: Diancie\n|-fieldstart|move: Trick Room|[of] p2b: Diancie\n|\n|-heal|p2b: Diancie|66\/100|[from] item: Leftovers\n|upkeep\n|turn|2\n|inactive|eragon11145 has 270 seconds left.\n|\n|t:|1699345849\n|-terastallize|p2b: Diancie|Grass\n|move|p1b: Farigiraf|Protect|p1b: Farigiraf\n|-singleturn|p1b: Farigiraf|Protect\n|move|p2a: Medicham|Skill Swap|p2b: Diancie\n|-activate|p2a: Medicham|move: Skill Swap|||[of] p2b: Diancie\n|move|p2b: Diancie|Diamond Storm|p1b: Farigiraf|[spread] p1a\n|-activate|p1b: Farigiraf|move: Protect\n|-damage|p1a: Toxtricity|0 fnt\n|faint|p1a: Toxtricity\n|\n|-heal|p2b: Diancie|73\/100|[from] item: Leftovers\n|upkeep\n|inactive|eragon11145 has 270 seconds left.\n|\n|t:|1699345855\n|switch|p1a: Iron Hands|Iron Hands|100\/100\n|turn|3\n|\n|t:|1699345873\n|-terastallize|p1a: Iron Hands|Fairy\n|move|p2a: Medicham|Close Combat|p1b: Farigiraf\n|-damage|p1b: Farigiraf|64\/100\n|-unboost|p2a: Medicham|def|1\n|-unboost|p2a: Medicham|spd|1\n|move|p2b: Diancie|Diamond Storm|p1a: Iron Hands|[spread] p1a,p1b\n|-damage|p1a: Iron Hands|52\/100\n|-damage|p1b: Farigiraf|0 fnt\n|faint|p1b: Farigiraf\n|move|p1a: Iron Hands|Play Rough|p2b: Diancie\n|-crit|p2b: Diancie\n|-damage|p2b: Diancie|11\/100\n|\n|-heal|p2b: Diancie|18\/100|[from] item: Leftovers\n|upkeep\n|\n|t:|1699345889\n|switch|p1b: Roaring Moon|Roaring Moon|100\/100\n|-enditem|p1b: Roaring Moon|Booster Energy\n|-activate|p1b: Roaring Moon|ability: Protosynthesis|[fromitem]\n|-start|p1b: Roaring Moon|protosynthesisspe\n|turn|4\n|\n|t:|1699345915\n|switch|p2a: Indeedee|Indeedee-F, F|49\/100\n|-end|p1a: Iron Hands|Quark Drive|[silent]\n|switch|p1a: Dragapult|Dragapult, F|100\/100\n|move|p2b: Diancie|Protect|p2b: Diancie\n|-singleturn|p2b: Diancie|Protect\n|move|p1b: Roaring Moon|Protect||[still]\n|-fail|p1b: Roaring Moon\n|\n|-heal|p2b: Diancie|24\/100|[from] item: Leftovers\n|upkeep\n|turn|5\n|\n|t:|1699345927\n|move|p2a: Indeedee|Helping Hand|p2b: Diancie\n|-singleturn|p2b: Diancie|Helping Hand|[of] p2a: Indeedee\n|move|p2b: Diancie|Diamond Storm|p1b: Roaring Moon|[spread] p1a,p1b\n|-damage|p1a: Dragapult|0 fnt\n|-damage|p1b: Roaring Moon|0 fnt\n|faint|p1a: Dragapult\n|faint|p1b: Roaring Moon\n|-end|p1b: Roaring Moon|Protosynthesis|[silent]\n|\n|-heal|p2b: Diancie|30\/100|[from] item: Leftovers\n|-fieldend|move: Trick Room\n|-fieldend|move: Psychic Terrain\n|upkeep\n|\n|t:|1699345930\n|switch|p1a: Brambleghast|Brambleghast, M|100\/100\n|switch|p1b: Iron Hands|Iron Hands, tera:Fairy|52\/100\n|turn|6\n|\n|t:|1699345946\n|switch|p2a: Ursaluna|Ursaluna-Bloodmoon, M|100\/100\n|move|p1a: Brambleghast|Power Whip|p2a: Ursaluna\n|-supereffective|p2a: Ursaluna\n|-damage|p2a: Ursaluna|0 fnt\n|faint|p2a: Ursaluna\n|-damage|p1a: Brambleghast|91\/100|[from] item: Life Orb\n|move|p1b: Iron Hands|Play Rough|p2b: Diancie\n|-damage|p2b: Diancie|0 fnt\n|faint|p2b: Diancie\n|\n|upkeep\n|\n|t:|1699345959\n|switch|p2a: Medicham|Medicham, M|100\/100\n|switch|p2b: Indeedee|Indeedee-F, F|49\/100\n|-fieldstart|move: Psychic Terrain|[from] ability: Psychic Surge|[of] p2b: Indeedee\n|turn|7\n|\n|t:|1699345967\n|move|p2b: Indeedee|Follow Me|p2b: Indeedee\n|-singleturn|p2b: Indeedee|move: Follow Me\n|move|p1a: Brambleghast|Power Whip|p2b: Indeedee\n|-crit|p2b: Indeedee\n|-damage|p2b: Indeedee|0 fnt\n|faint|p2b: Indeedee\n|-damage|p1a: Brambleghast|81\/100|[from] item: Life Orb\n|move|p1b: Iron Hands|Play Rough|p2a: Medicham\n|-supereffective|p2a: Medicham\n|-damage|p2a: Medicham|0 fnt\n|faint|p2a: Medicham\n|\n|upkeep\n|\n|t:|1699345977\n|switch|p2b: Armarouge|Armarouge, F|100\/100\n|switch|p2a: Kingambit|Kingambit, F|100\/100\n|turn|8\n|\n|t:|1699345986\n|move|p2a: Kingambit|Sucker Punch|p1a: Brambleghast\n|-activate|p1a: Brambleghast|move: Psychic Terrain\n|move|p1a: Brambleghast|Poltergeist|p2b: Armarouge\n|-activate|p2b: Armarouge|move: Poltergeist|Life Orb\n|-supereffective|p2b: Armarouge\n|-crit|p2b: Armarouge\n|-damage|p2b: Armarouge|0 fnt\n|faint|p2b: Armarouge\n|-damage|p1a: Brambleghast|71\/100|[from] item: Life Orb\n|move|p1b: Iron Hands|Drain Punch|p2a: Kingambit\n|-supereffective|p2a: Kingambit\n|-damage|p2a: Kingambit|0 fnt\n|-heal|p1b: Iron Hands|96\/100|[from] drain|[of] p2a: Kingambit\n|faint|p2a: Kingambit\n|\n|win|eragon11145\n","uploadtime":1699345988,"views":11,"p1id":"eragon11145","p2id":"schister","formatid":"gen9doublesou","rating":0,"private":0,"password":""}