{"id":"smogtours-gen9doublesou-730387","p1":"qsns","p2":"zee","format":"[Gen 9] Doubles OU","log":"|inactive|Battle timer is ON: inactive players will automatically lose when time's up.\n|t:|1699822985\n|gametype|doubles\n|player|p1|qsns|#bssplviiidavesdragonairs|\n|player|p2|zee|#roaplviiipichus|\n|teamsize|p1|6\n|teamsize|p2|6\n|gen|9\n|tier|[Gen 9] Doubles OU\n|rule|Species Clause: Limit one of each Pok\u00e9mon\n|rule|OHKO Clause: OHKO moves are banned\n|rule|Evasion Moves Clause: Evasion moves are banned\n|rule|Gravity Sleep Clause: The combination of sleep-inducing moves with imperfect accuracy and Gravity or Gigantamax Orbeetle are banned\n|rule|Endless Battle Clause: Forcing endless battles is banned\n|rule|HP Percentage Mod: HP is shown in percentages\n|clearpoke\n|poke|p1|Tornadus, M|\n|poke|p1|Flutter Mane|\n|poke|p1|Kingambit, M|\n|poke|p1|Ogerpon-Wellspring, F|\n|poke|p1|Arcanine-Hisui, F|\n|poke|p1|Amoonguss, F|\n|poke|p2|Flutter Mane|\n|poke|p2|Iron Bundle|\n|poke|p2|Iron Hands|\n|poke|p2|Ogerpon-Hearthflame, F|\n|poke|p2|Landorus-Therian, M|\n|poke|p2|Volcanion|\n|teampreview\n|c|\u2606zee|hf\n|c|\u2606qsns|hf\n|c|\u2606qsns|i am so unfathomably happy to not see an indd arma\n|c|\u2606qsns|thank you\n|inactive|qsns has 270 seconds left.\n|inactive|zee has 270 seconds left.\n|c|\u2606zee|let me tell if you the week was decided i was bringing weak armor for sure\n|c|\u2606qsns|lmao\n|raw|<div class=\"broadcast-red\"><strong>Moderated chat was set to \u2606!<\/strong><br \/>Only users of rank \u2606 and higher can talk.<\/div>\n|inactive|qsns has 240 seconds left.\n|inactive|zee has 240 seconds left.\n|inactive|qsns has 210 seconds left.\n|inactive|qsns has 180 seconds left.\n|inactive|qsns has 150 seconds left.\n|inactive|qsns has 120 seconds left.\n|\n|t:|1699823167\n|start\n|switch|p1a: Flutter Mane|Flutter Mane|100\/100\n|switch|p1b: Hamilton|Arcanine-Hisui, F|100\/100\n|switch|p2a: YRN Burgerking|Iron Hands|100\/100\n|switch|p2b: Lexon|Volcanion|100\/100\n|-ability|p1b: Hamilton|Intimidate|boost\n|-unboost|p2a: YRN Burgerking|atk|1\n|-unboost|p2b: Lexon|atk|1\n|turn|1\n|inactive|qsns has 180 seconds left.\n|inactive|zee has 270 seconds left.\n|inactive|zee has 240 seconds left.\n|inactive|qsns has 150 seconds left.\n|\n|t:|1699823241\n|switch|p1b: HOWKINGS|Ogerpon-Wellspring, F|100\/100\n|move|p2a: YRN Burgerking|Fake Out|p1b: HOWKINGS\n|-crit|p1b: HOWKINGS\n|-damage|p1b: HOWKINGS|77\/100\n|move|p1a: Flutter Mane|Moonblast|p2a: YRN Burgerking\n|-supereffective|p2a: YRN Burgerking\n|-damage|p2a: YRN Burgerking|23\/100\n|move|p2b: Lexon|Steam Eruption|p1b: HOWKINGS\n|-heal|p1b: HOWKINGS|100\/100|[from] ability: Water Absorb|[of] p2b: Lexon\n|\n|upkeep\n|turn|2\n|inactive|zee has 240 seconds left.\n|inactive|qsns has 150 seconds left.\n|\n|t:|1699823269\n|move|p1a: Flutter Mane|Moonblast|p2a: YRN Burgerking\n|-supereffective|p2a: YRN Burgerking\n|-damage|p2a: YRN Burgerking|0 fnt\n|faint|p2a: YRN Burgerking\n|-end|p2a: YRN Burgerking|Quark Drive|[silent]\n|move|p1b: HOWKINGS|Swords Dance|p1b: HOWKINGS\n|-boost|p1b: HOWKINGS|atk|2\n|move|p2b: Lexon|Heat Wave|p1a: Flutter Mane|[spread] p1a,p1b\n|-damage|p1a: Flutter Mane|68\/100\n|-damage|p1b: HOWKINGS|63\/100\n|\n|upkeep\n|\n|t:|1699823287\n|switch|p2a: Alex123|Flutter Mane|100\/100\n|turn|3\n|inactive|zee has 240 seconds left.\n|inactive|qsns has 150 seconds left.\n|inactive|qsns has 120 seconds left.\n|inactive|qsns has 90 seconds left.\n|\n|t:|1699823382\n|-end|p1a: Flutter Mane|Protosynthesis|[silent]\n|switch|p1a: Amoonguss|Amoonguss, F|100\/100\n|switch|p2b: Neighbor Nation|Ogerpon-Hearthflame, F|100\/100\n|-ability|p2b: Neighbor Nation|Mold Breaker\n|move|p2a: Alex123|Protect|p2a: Alex123\n|-singleturn|p2a: Alex123|Protect\n|move|p1b: HOWKINGS|Spiky Shield||[still]\n|-fail|p1b: HOWKINGS\n|\n|upkeep\n|turn|4\n|inactive|qsns has 90 seconds left.\n|\n|t:|1699823431\n|switch|p1b: Hamilton|Arcanine-Hisui, F|100\/100\n|-ability|p1b: Hamilton|Intimidate|boost\n|-unboost|p2a: Alex123|atk|1\n|-unboost|p2b: Neighbor Nation|atk|1\n|move|p2a: Alex123|Dazzling Gleam|p1a: Amoonguss|[spread] p1a,p1b\n|-resisted|p1a: Amoonguss\n|-resisted|p1b: Hamilton\n|-damage|p1a: Amoonguss|85\/100\n|-damage|p1b: Hamilton|81\/100\n|move|p2b: Neighbor Nation|Horn Leech|p1b: Hamilton\n|-damage|p1b: Hamilton|48\/100\n|move|p1a: Amoonguss|Spore|p2a: Alex123\n|-status|p2a: Alex123|slp|[from] move: Spore\n|\n|upkeep\n|turn|5\n|inactive|qsns has 90 seconds left.\n|inactive|zee has 240 seconds left.\n|inactive|qsns has 60 seconds left.\n|inactive|qsns has 30 seconds left.\n|\n|t:|1699823497\n|switch|p1b: Tornadus|Tornadus, M|100\/100\n|-terastallize|p2b: Neighbor Nation|Fire\n|detailschange|p2b: Neighbor Nation|Ogerpon-Hearthflame-Tera, F, tera:Fire\n|-ability|p2b: Neighbor Nation|Embody Aspect (Hearthflame)|boost\n|-boost|p2b: Neighbor Nation|atk|1\n|cant|p2a: Alex123|slp\n|move|p2b: Neighbor Nation|Horn Leech|p1b: Tornadus\n|-resisted|p1b: Tornadus\n|-damage|p1b: Tornadus|80\/100\n|move|p1a: Amoonguss|Spore|p2a: Alex123\n|-fail|p2a: Alex123|slp\n|\n|upkeep\n|turn|6\n|inactive|qsns has 30 seconds left.\n|inactive|zee has 210 seconds left.\n|inactive|qsns has 20 seconds left.\n|inactive|qsns has 15 seconds left.\n|\n|t:|1699823542\n|-end|p2a: Alex123|Protosynthesis|[silent]\n|switch|p2a: Ichigo Qian|Iron Bundle|100\/100\n|-enditem|p2a: Ichigo Qian|Booster Energy\n|-activate|p2a: Ichigo Qian|ability: Quark Drive|[fromitem]\n|-start|p2a: Ichigo Qian|quarkdrivespe\n|switch|p1a: Hamilton|Arcanine-Hisui, F|48\/100\n|-ability|p1a: Hamilton|Intimidate|boost\n|-unboost|p2a: Ichigo Qian|atk|1\n|-unboost|p2b: Neighbor Nation|atk|1\n|move|p1b: Tornadus|Tailwind|p1b: Tornadus\n|-sidestart|p1: qsns|move: Tailwind\n|move|p2b: Neighbor Nation|Swords Dance|p2b: Neighbor Nation\n|-boost|p2b: Neighbor Nation|atk|2\n|\n|upkeep\n|turn|7\n|inactive|qsns has 30 seconds left.\n|inactive|zee has 210 seconds left.\n|inactive|qsns has 20 seconds left.\n|inactive|qsns has 15 seconds left.\n|\n|t:|1699823572\n|switch|p1a: Amoonguss|Amoonguss, F|100\/100\n|move|p2a: Ichigo Qian|Freeze-Dry|p1a: Amoonguss\n|-supereffective|p1a: Amoonguss\n|-damage|p1a: Amoonguss|50\/100\n|move|p1b: Tornadus|Bleakwind Storm|p2a: Ichigo Qian|[spread] p2a,p2b\n|-damage|p2a: Ichigo Qian|49\/100\n|-damage|p2b: Neighbor Nation|68\/100\n|move|p2b: Neighbor Nation|Ivy Cudgel|p1b: Tornadus\n|-damage|p1b: Tornadus|0 fnt\n|faint|p1b: Tornadus\n|\n|upkeep\n|inactive|qsns has 20 seconds left this turn.\n|inactive|qsns has 15 seconds left.\n|\n|t:|1699823579\n|switch|p1b: Flutter Mane|Flutter Mane|68\/100\n|turn|8\n|inactive|qsns has 30 seconds left.\n|inactive|qsns has 20 seconds left.\n|inactive|qsns has 15 seconds left.\n|\n|t:|1699823608\n|switch|p1a: Kingambit|Kingambit, M|100\/100\n|move|p2a: Ichigo Qian|Protect|p2a: Ichigo Qian\n|-singleturn|p2a: Ichigo Qian|Protect\n|move|p2b: Neighbor Nation|Spiky Shield|p2b: Neighbor Nation\n|-singleturn|p2b: Neighbor Nation|move: Protect\n|move|p1b: Flutter Mane|Power Gem|p2b: Neighbor Nation\n|-activate|p2b: Neighbor Nation|move: Protect\n|\n|upkeep\n|turn|9\n|inactive|qsns has 30 seconds left.\n|inactive|qsns has 20 seconds left.\n|inactive|zee has 240 seconds left.\n|\n|t:|1699823629\n|switch|p2b: Alex123|Flutter Mane|100\/100 slp\n|move|p1b: Flutter Mane|Power Gem|p2b: Alex123\n|-damage|p2b: Alex123|60\/100 slp\n|move|p2a: Ichigo Qian|Hydro Pump|p1a: Kingambit\n|-damage|p1a: Kingambit|66\/100\n|move|p1a: Kingambit|Kowtow Cleave|p2a: Ichigo Qian\n|-damage|p2a: Ichigo Qian|0 fnt\n|faint|p2a: Ichigo Qian\n|-end|p2a: Ichigo Qian|Quark Drive|[silent]\n|\n|-sideend|p1: qsns|move: Tailwind\n|upkeep\n|inactive|qsns has 25 seconds left this turn.\n|inactive|zee has 240 seconds left.\n|\n|t:|1699823636\n|switch|p2a: Lexon|Volcanion|100\/100\n|turn|10\n|inactive|qsns has 30 seconds left.\n|inactive|qsns has 20 seconds left.\n|\n|t:|1699823671\n|move|p1a: Kingambit|Sucker Punch|p2a: Lexon\n|-damage|p2a: Lexon|68\/100\n|-curestatus|p2b: Alex123|slp|[msg]\n|move|p2b: Alex123|Shadow Ball|p1b: Flutter Mane\n|-supereffective|p1b: Flutter Mane\n|-damage|p1b: Flutter Mane|0 fnt\n|faint|p1b: Flutter Mane\n|-end|p1b: Flutter Mane|Protosynthesis|[silent]\n|move|p2a: Lexon|Steam Eruption|p1a: Kingambit\n|-damage|p1a: Kingambit|29\/100\n|\n|upkeep\n|inactive|qsns has 25 seconds left this turn.\n|inactive|qsns has 20 seconds left.\n|\n|t:|1699823679\n|switch|p1b: Hamilton|Arcanine-Hisui, F|48\/100\n|-ability|p1b: Hamilton|Intimidate|boost\n|-unboost|p2a: Lexon|atk|1\n|-unboost|p2b: Alex123|atk|1\n|turn|11\n|inactive|qsns has 30 seconds left.\n|\n|t:|1699823698\n|move|p2a: Lexon|Protect|p2a: Lexon\n|-singleturn|p2a: Lexon|Protect\n|move|p1a: Kingambit|Sucker Punch|p2b: Alex123\n|-damage|p2b: Alex123|0 fnt\n|faint|p2b: Alex123\n|-end|p2b: Alex123|Protosynthesis|[silent]\n|move|p1b: Hamilton|Rock Slide|p2a: Lexon\n|-activate|p2a: Lexon|move: Protect\n|\n|upkeep\n|\n|t:|1699823702\n|switch|p2b: Neighbor Nation|Ogerpon-Hearthflame-Tera, F, tera:Fire|68\/100\n|-ability|p2b: Neighbor Nation|Embody Aspect (Hearthflame)|boost\n|-boost|p2b: Neighbor Nation|atk|1\n|turn|12\n|inactive|qsns has 30 seconds left.\n|\n|t:|1699823739\n|switch|p1b: Amoonguss|Amoonguss, F|84\/100\n|move|p1a: Kingambit|Sucker Punch|p2b: Neighbor Nation\n|-damage|p2b: Neighbor Nation|19\/100\n|move|p2b: Neighbor Nation|Horn Leech|p1b: Amoonguss\n|-resisted|p1b: Amoonguss\n|-damage|p1b: Amoonguss|70\/100\n|-heal|p2b: Neighbor Nation|28\/100|[from] drain|[of] p1b: Amoonguss\n|-damage|p2b: Neighbor Nation|11\/100|[from] item: Rocky Helmet|[of] p1b: Amoonguss\n|move|p2a: Lexon|Heat Wave|p1a: Kingambit|[spread] p1a\n|-miss|p2a: Lexon|p1b: Amoonguss\n|-supereffective|p1a: Kingambit\n|-damage|p1a: Kingambit|0 fnt\n|faint|p1a: Kingambit\n|\n|upkeep\n|inactive|qsns has 30 seconds left this turn.\n|\n|t:|1699823742\n|switch|p1a: Hamilton|Arcanine-Hisui, F|48\/100\n|-ability|p1a: Hamilton|Intimidate|boost\n|-unboost|p2a: Lexon|atk|1\n|-unboost|p2b: Neighbor Nation|atk|1\n|turn|13\n|inactive|qsns has 30 seconds left.\n|inactive|zee has 270 seconds left.\n|\n|t:|1699823797\n|move|p2a: Lexon|Protect|p2a: Lexon\n|-singleturn|p2a: Lexon|Protect\n|move|p1b: Amoonguss|Rage Powder|p1b: Amoonguss\n|-singleturn|p1b: Amoonguss|move: Rage Powder\n|move|p2b: Neighbor Nation|Ivy Cudgel|p1b: Amoonguss\n|-supereffective|p1b: Amoonguss\n|-damage|p1b: Amoonguss|0 fnt\n|faint|p1b: Amoonguss\n|move|p1a: Hamilton|Rock Slide|p2a: Lexon|[spread] p2b\n|-activate|p2a: Lexon|move: Protect\n|-supereffective|p2b: Neighbor Nation\n|-damage|p2b: Neighbor Nation|0 fnt\n|faint|p2b: Neighbor Nation\n|\n|upkeep\n|\n|t:|1699823804\n|switch|p2b: Yarn|Landorus-Therian, M|100\/100\n|switch|p1b: HOWKINGS|Ogerpon-Wellspring, F|63\/100\n|-ability|p2b: Yarn|Intimidate|boost\n|-unboost|p1a: Hamilton|atk|1\n|-unboost|p1b: HOWKINGS|atk|1\n|turn|14\n|inactive|qsns has 60 seconds left.\n|\n|t:|1699823828\n|-terastallize|p1b: HOWKINGS|Water\n|detailschange|p1b: HOWKINGS|Ogerpon-Wellspring-Tera, F, tera:Water\n|-ability|p1b: HOWKINGS|Embody Aspect (Wellspring)|boost\n|-boost|p1b: HOWKINGS|spd|1\n|move|p2a: Lexon|Protect|p2a: Lexon\n|-singleturn|p2a: Lexon|Protect\n|move|p1b: HOWKINGS|Ivy Cudgel|p2b: Yarn\n|-supereffective|p2b: Yarn\n|-crit|p2b: Yarn\n|-damage|p2b: Yarn|0 fnt\n|faint|p2b: Yarn\n|move|p1a: Hamilton|Rock Slide|p2a: Lexon\n|-activate|p2a: Lexon|move: Protect\n|\n|upkeep\n|turn|15\n|\n|t:|1699823839\n|move|p1b: HOWKINGS|Horn Leech|p2a: Lexon\n|-damage|p2a: Lexon|46\/100\n|-heal|p1b: HOWKINGS|75\/100|[from] drain|[of] p2a: Lexon\n|move|p1a: Hamilton|Rock Slide|p2a: Lexon\n|-supereffective|p2a: Lexon\n|-damage|p2a: Lexon|0 fnt\n|faint|p2a: Lexon\n|\n|win|qsns\n|c|\u2606zee|gg\n|c|\u2606qsns|gg\n","uploadtime":1699823840,"views":218,"p1id":"qsns","p2id":"zee","formatid":"gen9doublesou","rating":0,"private":0,"password":""}