{"id":"smogtours-gen9doublesou-729973","p1":"GasaiiYunoSan","p2":"Givrix","format":"[Gen 9] Doubles OU","log":"|inactive|Battle timer is ON: inactive players will automatically lose when time's up.\n|t:|1699731325\n|gametype|doubles\n|player|p1|GasaiiYunoSan|#wcop2023latinamerica2|\n|player|p2|Givrix|tateandliza-gen3|\n|teamsize|p1|6\n|teamsize|p2|6\n|gen|9\n|tier|[Gen 9] Doubles OU\n|rule|Species Clause: Limit one of each Pok\u00e9mon\n|rule|OHKO Clause: OHKO moves are banned\n|rule|Evasion Moves Clause: Evasion moves are banned\n|rule|Gravity Sleep Clause: The combination of sleep-inducing moves with imperfect accuracy and Gravity or Gigantamax Orbeetle are banned\n|rule|Endless Battle Clause: Forcing endless battles is banned\n|rule|HP Percentage Mod: HP is shown in percentages\n|clearpoke\n|poke|p1|Flutter Mane|\n|poke|p1|Iron Hands|\n|poke|p1|Heatran, F|\n|poke|p1|Ogerpon-Wellspring, F|\n|poke|p1|Diancie|\n|poke|p1|Chien-Pao|\n|poke|p2|Landorus-Therian, M|\n|poke|p2|Heatran, M|\n|poke|p2|Ogerpon-Wellspring, F|\n|poke|p2|Iron Hands|\n|poke|p2|Chien-Pao|\n|poke|p2|Amoonguss, F|\n|teampreview\n|inactive|GasaiiYunoSan also wants the timer to be on.\n|c|\u2606Givrix|hf\n|inactive|GasaiiYunoSan has 270 seconds left.\n|inactive|Givrix has 270 seconds left.\n|c|\u2606GasaiiYunoSan|Hf\n|c|+ratpacker|Go France\n|inactive|GasaiiYunoSan has 240 seconds left.\n|inactive|Givrix has 240 seconds left.\n|inactive|Givrix has 210 seconds left.\n|\n|t:|1699731419\n|start\n|switch|p1a: Flutter Mane|Flutter Mane|100\/100\n|switch|p1b: Iron Hands|Iron Hands|100\/100\n|switch|p2a: Landorus|Landorus-Therian, M|100\/100\n|switch|p2b: Heatran|Heatran, M|100\/100\n|-ability|p2a: Landorus|Intimidate|boost\n|-unboost|p1a: Flutter Mane|atk|1\n|-unboost|p1b: Iron Hands|atk|1\n|turn|1\n|inactive|Givrix has 270 seconds left.\n|inactive|Givrix has 240 seconds left.\n|\n|t:|1699731481\n|move|p1b: Iron Hands|Fake Out|p2b: Heatran\n|-resisted|p2b: Heatran\n|-damage|p2b: Heatran|96\/100\n|move|p2a: Landorus|U-turn|p1a: Flutter Mane\n|-resisted|p1a: Flutter Mane\n|-damage|p1a: Flutter Mane|86\/100\n|\n|t:|1699731487\n|switch|p2a: Amoonguss|Amoonguss, F|100\/100|[from] U-turn\n|move|p1a: Flutter Mane|Icy Wind|p2b: Heatran|[spread] p2a,p2b\n|-supereffective|p2a: Amoonguss\n|-resisted|p2b: Heatran\n|-damage|p2a: Amoonguss|64\/100\n|-damage|p2b: Heatran|91\/100\n|-unboost|p2a: Amoonguss|spe|1\n|move|p2b: Heatran|Stealth Rock|p1a: Flutter Mane\n|-sidestart|p1: GasaiiYunoSan|move: Stealth Rock\n|\n|upkeep\n|turn|2\n|inactive|Givrix has 240 seconds left.\n|inactive|GasaiiYunoSan has 270 seconds left.\n|c|+KeanuVGC|Vamos Gasai make me proud \n|inactive|Givrix has 210 seconds left.\n|inactive|GasaiiYunoSan has 240 seconds left.\n|inactive|Givrix has 180 seconds left.\n|\n|t:|1699731587\n|-end|p1a: Flutter Mane|Protosynthesis|[silent]\n|switch|p1a: Heatran|Heatran, F|100\/100\n|-damage|p1a: Heatran|88\/100|[from] Stealth Rock\n|switch|p2b: Iron Hands|Iron Hands|100\/100\n|move|p1b: Iron Hands|Drain Punch|p2b: Iron Hands\n|-damage|p2b: Iron Hands|81\/100\n|move|p2a: Amoonguss|Spore|p1b: Iron Hands\n|-status|p1b: Iron Hands|slp|[from] move: Spore\n|\n|upkeep\n|turn|3\n|inactive|Givrix has 180 seconds left.\n|inactive|GasaiiYunoSan has 240 seconds left.\n|inactive|GasaiiYunoSan has 210 seconds left.\n|inactive|Givrix has 150 seconds left.\n|inactive|GasaiiYunoSan has 180 seconds left.\n|\n|t:|1699731697\n|-end|p1b: Iron Hands|Quark Drive|[silent]\n|switch|p1b: Chien-Pao|Chien-Pao|100\/100\n|-damage|p1b: Chien-Pao|76\/100|[from] Stealth Rock\n|-ability|p1b: Chien-Pao|Sword of Ruin\n|switch|p2a: Landorus|Landorus-Therian, M|100\/100\n|-ability|p2a: Landorus|Intimidate|boost\n|-unboost|p1a: Heatran|atk|1\n|-unboost|p1b: Chien-Pao|atk|1\n|-terastallize|p1a: Heatran|Grass\n|move|p1a: Heatran|Earth Power|p2b: Iron Hands\n|-supereffective|p2b: Iron Hands\n|-damage|p2b: Iron Hands|47\/100\n|move|p2b: Iron Hands|Drain Punch|p1a: Heatran\n|-damage|p1a: Heatran|38\/100\n|-heal|p2b: Iron Hands|67\/100|[from] drain|[of] p1a: Heatran\n|\n|upkeep\n|turn|4\n|inactive|GasaiiYunoSan has 180 seconds left.\n|inactive|Givrix has 150 seconds left.\n|inactive|Givrix has 120 seconds left.\n|\n|t:|1699731771\n|-terastallize|p2a: Landorus|Flying\n|move|p2a: Landorus|U-turn|p1a: Heatran\n|-supereffective|p1a: Heatran\n|-damage|p1a: Heatran|0 fnt\n|faint|p1a: Heatran\n|inactive|Givrix has 90 seconds left.\n|\n|t:|1699731785\n|switch|p2a: Heatran|Heatran, M|91\/100|[from] U-turn\n|move|p1b: Chien-Pao|Ice Spinner|p2b: Iron Hands\n|-damage|p2b: Iron Hands|32\/100\n|-damage|p1b: Chien-Pao|66\/100|[from] item: Life Orb\n|move|p2b: Iron Hands|Drain Punch|p1b: Chien-Pao\n|-supereffective|p1b: Chien-Pao\n|-damage|p1b: Chien-Pao|0 fnt\n|-heal|p2b: Iron Hands|54\/100|[from] drain|[of] p1b: Chien-Pao\n|faint|p1b: Chien-Pao\n|\n|upkeep\n|inactive|GasaiiYunoSan has 150 seconds left.\n|\n|t:|1699731824\n|switch|p1b: Ogerpon|Ogerpon-Wellspring, F|100\/100\n|switch|p1a: Flutter Mane|Flutter Mane|86\/100\n|-damage|p1a: Flutter Mane|73\/100|[from] Stealth Rock\n|-damage|p1b: Ogerpon|88\/100|[from] Stealth Rock\n|turn|5\n|inactive|GasaiiYunoSan has 150 seconds left.\n|inactive|Givrix has 90 seconds left.\n|\n|t:|1699731877\n|move|p1a: Flutter Mane|Dazzling Gleam|p2b: Iron Hands|[spread] p2a,p2b\n|-resisted|p2a: Heatran\n|-supereffective|p2b: Iron Hands\n|-damage|p2a: Heatran|81\/100\n|-damage|p2b: Iron Hands|0 fnt\n|faint|p2b: Iron Hands\n|-end|p2b: Iron Hands|Quark Drive|[silent]\n|move|p1b: Ogerpon|Ivy Cudgel|p2a: Heatran\n|-supereffective|p2a: Heatran\n|-damage|p2a: Heatran|0 fnt\n|faint|p2a: Heatran\n|\n|upkeep\n|inactive|Givrix has 60 seconds left.\n|\n|t:|1699731895\n|switch|p2a: Landorus|Landorus-Therian, M, tera:Flying|100\/100\n|switch|p2b: Chien-Pao|Chien-Pao|100\/100\n|-ability|p2a: Landorus|Intimidate|boost\n|-unboost|p1a: Flutter Mane|atk|1\n|-unboost|p1b: Ogerpon|atk|1\n|-ability|p2b: Chien-Pao|Sword of Ruin\n|turn|6\n|inactive|GasaiiYunoSan has 150 seconds left.\n|inactive|Givrix has 60 seconds left.\n|inactive|GasaiiYunoSan has 120 seconds left.\n|inactive|GasaiiYunoSan has 90 seconds left.\n|\n|t:|1699731965\n|move|p1b: Ogerpon|Spiky Shield|p1b: Ogerpon\n|-singleturn|p1b: Ogerpon|move: Protect\n|move|p2a: Landorus|Tera Blast|p1a: Flutter Mane|[anim] Tera Blast Flying\n|-damage|p1a: Flutter Mane|0 fnt\n|faint|p1a: Flutter Mane\n|-end|p1a: Flutter Mane|Protosynthesis|[silent]\n|move|p2b: Chien-Pao|Ice Spinner|p1b: Ogerpon\n|-activate|p1b: Ogerpon|move: Protect\n|-damage|p2b: Chien-Pao|88\/100|[from] Spiky Shield|[of] p1b: Ogerpon\n|\n|upkeep\n|inactive|GasaiiYunoSan has 90 seconds left.\n|\n|t:|1699731973\n|switch|p1a: Diancie|Diancie|100\/100\n|-damage|p1a: Diancie|88\/100|[from] Stealth Rock\n|turn|7\n|inactive|Givrix has 60 seconds left.\n|\n|t:|1699732009\n|switch|p2b: Amoonguss|Amoonguss, F|97\/100\n|move|p1b: Ogerpon|Spiky Shield||[still]\n|-fail|p1b: Ogerpon\n|move|p2a: Landorus|Tera Blast|p1b: Ogerpon|[anim] Tera Blast Flying\n|-supereffective|p1b: Ogerpon\n|-damage|p1b: Ogerpon|0 fnt\n|faint|p1b: Ogerpon\n|move|p1a: Diancie|Trick Room|p1a: Diancie\n|-fieldstart|move: Trick Room|[of] p1a: Diancie\n|\n|upkeep\n|\n|t:|1699732019\n|switch|p1b: Iron Hands|Iron Hands|100\/100 slp\n|-damage|p1b: Iron Hands|94\/100 slp|[from] Stealth Rock\n|turn|8\n|inactive|GasaiiYunoSan has 120 seconds left.\n|\n|t:|1699732027\n|switch|p2a: Ogerpon|Ogerpon-Wellspring, F|100\/100\n|move|p2b: Amoonguss|Spore|p1a: Diancie\n|-activate|p1a: Diancie|item: Safety Goggles|Spore\n|move|p1a: Diancie|Diamond Storm|p2b: Amoonguss|[spread] p2a,p2b\n|-crit|p2a: Ogerpon\n|-damage|p2a: Ogerpon|43\/100\n|-damage|p2b: Amoonguss|70\/100\n|-boost|p1a: Diancie|def|2\n|cant|p1b: Iron Hands|slp\n|\n|upkeep\n|turn|9\n|inactive|Givrix has 90 seconds left.\n|\n|t:|1699732058\n|move|p2b: Amoonguss|Pollen Puff|p2a: Ogerpon\n|-heal|p2a: Ogerpon|93\/100\n|move|p1a: Diancie|Diamond Storm|p2b: Amoonguss|[spread] p2a,p2b\n|-damage|p2a: Ogerpon|52\/100\n|-damage|p2b: Amoonguss|40\/100\n|-boost|p1a: Diancie|def|2\n|-enditem|p2b: Amoonguss|Sitrus Berry|[eat]\n|-heal|p2b: Amoonguss|65\/100|[from] item: Sitrus Berry\n|cant|p1b: Iron Hands|slp\n|move|p2a: Ogerpon|Wood Hammer|p1a: Diancie\n|-supereffective|p1a: Diancie\n|-damage|p1a: Diancie|49\/100\n|-damage|p2a: Ogerpon|41\/100|[from] Recoil\n|\n|upkeep\n|turn|10\n|inactive|GasaiiYunoSan has 150 seconds left.\n|inactive|Givrix has 90 seconds left.\n|inactive|GasaiiYunoSan has 120 seconds left.\n|\n|t:|1699732108\n|move|p2a: Ogerpon|Spiky Shield|p2a: Ogerpon\n|-singleturn|p2a: Ogerpon|move: Protect\n|move|p2b: Amoonguss|Clear Smog|p1a: Diancie\n|-damage|p1a: Diancie|36\/100\n|-clearboost|p1a: Diancie\n|move|p1a: Diancie|Diamond Storm|p2a: Ogerpon|[spread] p2b\n|-activate|p2a: Ogerpon|move: Protect\n|-damage|p2b: Amoonguss|37\/100\n|cant|p1b: Iron Hands|slp\n|\n|upkeep\n|turn|11\n|inactive|GasaiiYunoSan has 120 seconds left.\n|inactive|Givrix has 60 seconds left.\n|\n|t:|1699732162\n|move|p2b: Amoonguss|Pollen Puff|p2a: Ogerpon\n|-heal|p2a: Ogerpon|91\/100\n|move|p1a: Diancie|Diamond Storm|p2a: Ogerpon|[spread] p2a,p2b\n|-damage|p2a: Ogerpon|50\/100\n|-damage|p2b: Amoonguss|6\/100\n|-boost|p1a: Diancie|def|2\n|-curestatus|p1b: Iron Hands|slp|[msg]\n|move|p1b: Iron Hands|Drain Punch|p2a: Ogerpon\n|-damage|p2a: Ogerpon|2\/100\n|-heal|p1b: Iron Hands|100\/100|[from] drain|[of] p2a: Ogerpon\n|move|p2a: Ogerpon|Ivy Cudgel|p1a: Diancie\n|-supereffective|p1a: Diancie\n|-crit|p1a: Diancie\n|-damage|p1a: Diancie|0 fnt\n|faint|p1a: Diancie\n|\n|-fieldend|move: Trick Room\n|upkeep\n|turn|12\n|inactive|Givrix has 60 seconds left.\n|inactive|GasaiiYunoSan has 120 seconds left.\n|\n|t:|1699732194\n|switch|p2b: Landorus|Landorus-Therian, M, tera:Flying|100\/100\n|-ability|p2b: Landorus|Intimidate|boost\n|-unboost|p1b: Iron Hands|atk|1\n|move|p2a: Ogerpon|Wood Hammer|p1b: Iron Hands\n|-damage|p1b: Iron Hands|59\/100\n|-damage|p2a: Ogerpon|0 fnt|[from] Recoil\n|faint|p2a: Ogerpon\n|move|p1b: Iron Hands|Drain Punch|p2b: Landorus\n|-resisted|p2b: Landorus\n|-damage|p2b: Landorus|84\/100\n|-heal|p1b: Iron Hands|65\/100|[from] drain|[of] p2b: Landorus\n|\n|upkeep\n|\n|t:|1699732202\n|switch|p2a: Amoonguss|Amoonguss, F|40\/100\n|turn|13\n|\n|t:|1699732210\n|move|p2a: Amoonguss|Rage Powder|p2a: Amoonguss\n|-singleturn|p2a: Amoonguss|move: Rage Powder\n|move|p2b: Landorus|Stomping Tantrum|p1b: Iron Hands\n|-supereffective|p1b: Iron Hands\n|-damage|p1b: Iron Hands|5\/100\n|move|p1b: Iron Hands|Thunder Punch|p2a: Amoonguss\n|-resisted|p2a: Amoonguss\n|-damage|p2a: Amoonguss|28\/100\n|-status|p2a: Amoonguss|par\n|\n|upkeep\n|turn|14\n|inactive|GasaiiYunoSan has 150 seconds left.\n|\n|t:|1699732216\n|move|p2a: Amoonguss|Rage Powder|p2a: Amoonguss\n|-singleturn|p2a: Amoonguss|move: Rage Powder\n|move|p2b: Landorus|Stomping Tantrum|p1b: Iron Hands\n|-supereffective|p1b: Iron Hands\n|-damage|p1b: Iron Hands|0 fnt\n|faint|p1b: Iron Hands\n|-end|p1b: Iron Hands|Quark Drive|[silent]\n|\n|win|Givrix\n|c|\u2606Givrix|gg\n","uploadtime":1699732217,"views":85,"p1id":"gasaiiyunosan","p2id":"givrix","formatid":"gen9doublesou","rating":0,"private":0,"password":""}