{"id":"smogtours-gen9doublesou-727327","p1":"the JRL","p2":"Tenzai","format":"[Gen 9] Doubles OU","log":"|inactive|Battle timer is ON: inactive players will automatically lose when time's up.\n|t:|1698591215\n|gametype|doubles\n|player|p1|the JRL|#scl3islanders2|\n|player|p2|Tenzai|#scl3spartans2|\n|teamsize|p1|6\n|teamsize|p2|6\n|gen|9\n|tier|[Gen 9] Doubles OU\n|rule|Species Clause: Limit one of each Pok\u00e9mon\n|rule|OHKO Clause: OHKO moves are banned\n|rule|Evasion Moves Clause: Evasion moves are banned\n|rule|Gravity Sleep Clause: The combination of sleep-inducing moves with imperfect accuracy and Gravity or Gigantamax Orbeetle are banned\n|rule|Endless Battle Clause: Forcing endless battles is banned\n|rule|HP Percentage Mod: HP is shown in percentages\n|clearpoke\n|poke|p1|Glimmora, F|\n|poke|p1|Rillaboom, M|\n|poke|p1|Landorus-Therian, M|\n|poke|p1|Flutter Mane|\n|poke|p1|Kommo-o, M|\n|poke|p1|Heatran, F|\n|poke|p2|Gholdengo|\n|poke|p2|Ogerpon-Wellspring, F|\n|poke|p2|Landorus-Therian, M|\n|poke|p2|Chi-Yu|\n|poke|p2|Ninetales-Alola, M|\n|poke|p2|Kommo-o, M|\n|teampreview\n|c|+Enzonana|alamierda\n|c|\u2606the JRL|hf\n|c|\u2606Tenzai|hf\n|inactive|the JRL has 270 seconds left.\n|inactive|Tenzai has 270 seconds left.\n|inactive|the JRL has 240 seconds left.\n|inactive|Tenzai has 240 seconds left.\n|inactive|the JRL has 210 seconds left.\n|inactive|Tenzai has 210 seconds left.\n|inactive|the JRL has 180 seconds left.\n|inactive|Tenzai has 180 seconds left.\n|inactive|Tenzai has 150 seconds left.\n|\n|t:|1698591370\n|start\n|switch|p1a: Glimmora|Glimmora, F|100\/100\n|switch|p1b: Flutter Mane|Flutter Mane|100\/100\n|switch|p2a: Ninetales|Ninetales-Alola, M|100\/100\n|switch|p2b: Kommo-o|Kommo-o, M|100\/100\n|-weather|Snow|[from] ability: Snow Warning|[of] p2a: Ninetales\n|-enditem|p1b: Flutter Mane|Booster Energy\n|-activate|p1b: Flutter Mane|ability: Protosynthesis|[fromitem]\n|-start|p1b: Flutter Mane|protosynthesisspe\n|turn|1\n|inactive|Tenzai has 210 seconds left.\n|inactive|the JRL has 240 seconds left.\n|\n|t:|1698591419\n|move|p2b: Kommo-o|Protect|p2b: Kommo-o\n|-singleturn|p2b: Kommo-o|Protect\n|move|p1b: Flutter Mane|Icy Wind|p2b: Kommo-o|[spread] p2a\n|-activate|p2b: Kommo-o|move: Protect\n|-resisted|p2a: Ninetales\n|-crit|p2a: Ninetales\n|-damage|p2a: Ninetales|90\/100\n|-unboost|p2a: Ninetales|spe|1\n|move|p1a: Glimmora|Sludge Bomb|p2a: Ninetales\n|-supereffective|p2a: Ninetales\n|-damage|p2a: Ninetales|2\/100\n|-status|p2a: Ninetales|psn\n|move|p2a: Ninetales|Aurora Veil|p2a: Ninetales\n|-sidestart|p2: Tenzai|move: Aurora Veil\n|\n|-weather|Snow|[upkeep]\n|-damage|p2a: Ninetales|0 fnt|[from] psn\n|faint|p2a: Ninetales\n|upkeep\n|inactive|Tenzai has 180 seconds left.\n|inactive|Tenzai has 150 seconds left.\n|\n|t:|1698591463\n|switch|p2a: Gholdengo|Gholdengo|100\/100\n|turn|2\n|inactive|the JRL has 240 seconds left.\n|inactive|Tenzai has 150 seconds left.\n|inactive|the JRL has 210 seconds left.\n|inactive|the JRL has 180 seconds left.\n|\n|t:|1698591536\n|switch|p1a: Heatran|Heatran, F|100\/100\n|-terastallize|p2b: Kommo-o|Fire\n|move|p1b: Flutter Mane|Shadow Ball|p2a: Gholdengo\n|-supereffective|p2a: Gholdengo\n|-damage|p2a: Gholdengo|53\/100\n|move|p2b: Kommo-o|Clangorous Soul|p2b: Kommo-o\n|-boost|p2b: Kommo-o|atk|1\n|-boost|p2b: Kommo-o|def|1\n|-boost|p2b: Kommo-o|spa|1\n|-boost|p2b: Kommo-o|spd|1\n|-boost|p2b: Kommo-o|spe|1\n|-damage|p2b: Kommo-o|68\/100\n|move|p2a: Gholdengo|Make It Rain|p1a: Heatran|[spread] p1a,p1b\n|-resisted|p1a: Heatran\n|-supereffective|p1b: Flutter Mane\n|-damage|p1a: Heatran|94\/100\n|-damage|p1b: Flutter Mane|11\/100\n|-unboost|p2a: Gholdengo|spa|1\n|\n|-weather|Snow|[upkeep]\n|-heal|p2a: Gholdengo|59\/100|[from] item: Leftovers\n|upkeep\n|turn|3\n|inactive|Tenzai has 150 seconds left.\n|inactive|the JRL has 180 seconds left.\n|inactive|the JRL has 150 seconds left.\n|\n|t:|1698591596\n|switch|p2a: Ogerpon|Ogerpon-Wellspring, F|100\/100\n|switch|p1a: Landorus|Landorus-Therian, M|100\/100\n|-ability|p1a: Landorus|Intimidate|boost\n|-unboost|p2a: Ogerpon|atk|1\n|-fail|p2b: Kommo-o|unboost|[from] item: Clear Amulet|[of] p2b: Kommo-o\n|move|p1b: Flutter Mane|Protect|p1b: Flutter Mane\n|-singleturn|p1b: Flutter Mane|Protect\n|move|p2b: Kommo-o|Drain Punch|p1a: Landorus\n|-resisted|p1a: Landorus\n|-damage|p1a: Landorus|71\/100\n|-heal|p2b: Kommo-o|81\/100|[from] drain|[of] p1a: Landorus\n|\n|-weather|Snow|[upkeep]\n|upkeep\n|turn|4\n|inactive|Tenzai has 150 seconds left.\n|inactive|the JRL has 150 seconds left.\n|\n|t:|1698591640\n|move|p2a: Ogerpon|Spiky Shield|p2a: Ogerpon\n|-singleturn|p2a: Ogerpon|move: Protect\n|move|p1b: Flutter Mane|Moonblast|p2a: Ogerpon\n|-activate|p2a: Ogerpon|move: Protect\n|move|p1a: Landorus|U-turn|p2a: Ogerpon\n|-activate|p2a: Ogerpon|move: Protect\n|-damage|p1a: Landorus|59\/100|[from] Spiky Shield|[of] p2a: Ogerpon\n|move|p2b: Kommo-o|Fire Punch|p1a: Landorus\n|-damage|p1a: Landorus|2\/100\n|\n|-weather|Snow|[upkeep]\n|upkeep\n|turn|5\n|inactive|Tenzai has 150 seconds left.\n|\n|t:|1698591661\n|move|p1b: Flutter Mane|Shadow Ball|p2a: Ogerpon\n|-damage|p2a: Ogerpon|76\/100\n|move|p1a: Landorus|U-turn|p2a: Ogerpon\n|-supereffective|p2a: Ogerpon\n|-damage|p2a: Ogerpon|42\/100\n|\n|t:|1698591668\n|switch|p1a: Glimmora|Glimmora, F|100\/100|[from] U-turn\n|move|p2b: Kommo-o|Clangorous Soul|p2b: Kommo-o\n|-boost|p2b: Kommo-o|atk|1\n|-boost|p2b: Kommo-o|def|1\n|-boost|p2b: Kommo-o|spa|1\n|-boost|p2b: Kommo-o|spd|1\n|-boost|p2b: Kommo-o|spe|1\n|-damage|p2b: Kommo-o|48\/100\n|move|p2a: Ogerpon|Horn Leech|p1b: Flutter Mane\n|-damage|p1b: Flutter Mane|0 fnt\n|-heal|p2a: Ogerpon|46\/100|[from] drain|[of] p1b: Flutter Mane\n|faint|p1b: Flutter Mane\n|-end|p1b: Flutter Mane|Protosynthesis|[silent]\n|\n|-weather|none\n|upkeep\n|inactive|the JRL has 150 seconds left.\n|\n|t:|1698591707\n|switch|p1b: Kommo-o|Kommo-o, M|100\/100\n|turn|6\n|inactive|Tenzai has 150 seconds left.\n|\n|t:|1698591732\n|switch|p1a: Rillaboom|Rillaboom, M|100\/100\n|-fieldstart|move: Grassy Terrain|[from] ability: Grassy Surge|[of] p1a: Rillaboom\n|switch|p2a: Gholdengo|Gholdengo|59\/100\n|move|p1b: Kommo-o|Protect|p1b: Kommo-o\n|-singleturn|p1b: Kommo-o|Protect\n|move|p2b: Kommo-o|Drain Punch|p1b: Kommo-o\n|-activate|p1b: Kommo-o|move: Protect\n|\n|-heal|p2b: Kommo-o|54\/100|[from] Grassy Terrain\n|-heal|p2a: Gholdengo|65\/100|[from] Grassy Terrain\n|-heal|p2a: Gholdengo|72\/100|[from] item: Leftovers\n|upkeep\n|turn|7\n|inactive|the JRL has 150 seconds left.\n|inactive|the JRL has 120 seconds left.\n|inactive|the JRL has 90 seconds left.\n|\n|t:|1698591832\n|move|p2b: Kommo-o|Drain Punch|p1b: Kommo-o\n|-damage|p1b: Kommo-o|59\/100\n|-heal|p2b: Kommo-o|75\/100|[from] drain|[of] p1b: Kommo-o\n|move|p2a: Gholdengo|Nasty Plot|p2a: Gholdengo\n|-boost|p2a: Gholdengo|spa|2\n|move|p1a: Rillaboom|Knock Off|p2a: Gholdengo\n|-supereffective|p2a: Gholdengo\n|-crit|p2a: Gholdengo\n|-damage|p2a: Gholdengo|0 fnt\n|-enditem|p2a: Gholdengo|Leftovers|[from] move: Knock Off|[of] p1a: Rillaboom\n|faint|p2a: Gholdengo\n|move|p1b: Kommo-o|Iron Defense|p1b: Kommo-o\n|-boost|p1b: Kommo-o|def|2\n|\n|-heal|p2b: Kommo-o|82\/100|[from] Grassy Terrain\n|-heal|p1b: Kommo-o|65\/100|[from] Grassy Terrain\n|-heal|p1b: Kommo-o|71\/100|[from] item: Leftovers\n|upkeep\n|inactive|Tenzai has 150 seconds left.\n|\n|t:|1698591848\n|switch|p2a: Landorus|Landorus-Therian, M|100\/100\n|-ability|p2a: Landorus|Intimidate|boost\n|-unboost|p1a: Rillaboom|atk|1\n|-unboost|p1b: Kommo-o|atk|1\n|turn|8\n|inactive|the JRL has 90 seconds left.\n|\n|t:|1698591875\n|switch|p1a: Landorus|Landorus-Therian, M|2\/100\n|-ability|p1a: Landorus|Intimidate|boost\n|-unboost|p2a: Landorus|atk|1\n|-fail|p2b: Kommo-o|unboost|[from] item: Clear Amulet|[of] p2b: Kommo-o\n|move|p1b: Kommo-o|Protect|p1b: Kommo-o\n|-singleturn|p1b: Kommo-o|Protect\n|move|p2b: Kommo-o|Drain Punch|p1a: Landorus\n|-resisted|p1a: Landorus\n|-damage|p1a: Landorus|0 fnt\n|-heal|p2b: Kommo-o|82\/100|[from] drain|[of] p1a: Landorus\n|faint|p1a: Landorus\n|move|p2a: Landorus|Taunt|p1b: Kommo-o\n|-activate|p1b: Kommo-o|move: Protect\n|\n|-heal|p2b: Kommo-o|89\/100|[from] Grassy Terrain\n|-heal|p1b: Kommo-o|77\/100|[from] Grassy Terrain\n|-heal|p1b: Kommo-o|84\/100|[from] item: Leftovers\n|-sideend|p2: Tenzai|move: Aurora Veil\n|upkeep\n|inactive|the JRL has 90 seconds left.\n|\n|t:|1698591904\n|switch|p1a: Rillaboom|Rillaboom, M|100\/100\n|turn|9\n|inactive|the JRL has 90 seconds left.\n|inactive|Tenzai has 180 seconds left.\n|\n|t:|1698591911\n|move|p1a: Rillaboom|Fake Out|p2a: Landorus\n|-damage|p2a: Landorus|87\/100\n|move|p2b: Kommo-o|Fire Punch|p1a: Rillaboom\n|-supereffective|p1a: Rillaboom\n|-damage|p1a: Rillaboom|0 fnt\n|faint|p1a: Rillaboom\n|cant|p2a: Landorus|flinch\n|move|p1b: Kommo-o|Iron Defense|p1b: Kommo-o\n|-boost|p1b: Kommo-o|def|2\n|\n|-heal|p2b: Kommo-o|95\/100|[from] Grassy Terrain\n|-heal|p1b: Kommo-o|90\/100|[from] Grassy Terrain\n|-heal|p1b: Kommo-o|96\/100|[from] item: Leftovers\n|upkeep\n|inactive|the JRL has 90 seconds left.\n|inactive|the JRL has 60 seconds left.\n|\n|t:|1698591951\n|switch|p1a: Glimmora|Glimmora, F|100\/100\n|turn|10\n|inactive|the JRL has 60 seconds left.\n|\n|t:|1698591993\n|move|p2b: Kommo-o|Drain Punch|p1a: Glimmora\n|-crit|p1a: Glimmora\n|-enditem|p1a: Glimmora|Focus Sash\n|-damage|p1a: Glimmora|1\/100\n|-heal|p2b: Kommo-o|100\/100|[from] drain|[of] p1a: Glimmora\n|-activate|p1a: Glimmora|ability: Toxic Debris\n|-sidestart|p2: Tenzai|move: Toxic Spikes\n|move|p1a: Glimmora|Power Gem|p2b: Kommo-o\n|-supereffective|p2b: Kommo-o\n|-damage|p2b: Kommo-o|64\/100\n|move|p2a: Landorus|Taunt|p1b: Kommo-o\n|-start|p1b: Kommo-o|move: Taunt\n|move|p1b: Kommo-o|Body Press|p2b: Kommo-o\n|-damage|p2b: Kommo-o|19\/100\n|\n|-heal|p2b: Kommo-o|25\/100|[from] Grassy Terrain\n|-heal|p1a: Glimmora|7\/100|[from] Grassy Terrain\n|-heal|p1b: Kommo-o|100\/100|[from] Grassy Terrain\n|-fieldend|move: Grassy Terrain\n|upkeep\n|turn|11\n|inactive|the JRL has 60 seconds left.\n|inactive|Tenzai has 210 seconds left.\n|inactive|the JRL has 30 seconds left.\n|\n|t:|1698592041\n|move|p2b: Kommo-o|Protect|p2b: Kommo-o\n|-singleturn|p2b: Kommo-o|Protect\n|move|p1a: Glimmora|Stealth Rock|p2b: Kommo-o\n|-sidestart|p2: Tenzai|move: Stealth Rock\n|move|p2a: Landorus|U-turn|p1a: Glimmora\n|-resisted|p1a: Glimmora\n|-damage|p1a: Glimmora|0 fnt\n|-activate|p1a: Glimmora|ability: Toxic Debris\n|-sidestart|p2: Tenzai|move: Toxic Spikes\n|faint|p1a: Glimmora\n|inactive|the JRL has 30 seconds left this turn.\n|\n|t:|1698592047\n|switch|p2a: Ogerpon|Ogerpon-Wellspring, F|46\/100|[from] U-turn\n|-status|p2a: Ogerpon|tox\n|-damage|p2a: Ogerpon|34\/100 tox|[from] Stealth Rock\n|move|p1b: Kommo-o|Body Press|p2a: Ogerpon\n|-damage|p2a: Ogerpon|0 fnt\n|faint|p2a: Ogerpon\n|\n|upkeep\n|inactive|Tenzai has 210 seconds left.\n|inactive|Tenzai has 180 seconds left.\n|inactive|Tenzai has 150 seconds left.\n|inactive|Tenzai has 120 seconds left.\n|\n|t:|1698592166\n|switch|p1a: Heatran|Heatran, F|94\/100\n|switch|p2a: Landorus|Landorus-Therian, M|87\/100\n|-damage|p2a: Landorus|74\/100|[from] Stealth Rock\n|-ability|p2a: Landorus|Intimidate|boost\n|-unboost|p1a: Heatran|atk|1\n|-unboost|p1b: Kommo-o|atk|1\n|turn|12\n|inactive|the JRL has 60 seconds left.\n|inactive|Tenzai has 120 seconds left.\n|\n|t:|1698592194\n|-terastallize|p1a: Heatran|Fairy\n|move|p2b: Kommo-o|Drain Punch|p1b: Kommo-o\n|-damage|p1b: Kommo-o|87\/100\n|-heal|p2b: Kommo-o|32\/100|[from] drain|[of] p1b: Kommo-o\n|move|p2a: Landorus|Stomping Tantrum|p1a: Heatran\n|-damage|p1a: Heatran|60\/100\n|move|p1a: Heatran|Tera Blast|p2a: Landorus|[anim] Tera Blast Fairy\n|-damage|p2a: Landorus|34\/100\n|-enditem|p2a: Landorus|Sitrus Berry|[eat]\n|-heal|p2a: Landorus|59\/100|[from] item: Sitrus Berry\n|move|p1b: Kommo-o|Body Press|p2b: Kommo-o\n|-damage|p2b: Kommo-o|0 fnt\n|faint|p2b: Kommo-o\n|\n|-heal|p1b: Kommo-o|93\/100|[from] item: Leftovers\n|-end|p1b: Kommo-o|move: Taunt\n|upkeep\n|inactive|Tenzai has 120 seconds left.\n|\n|t:|1698592199\n|switch|p2b: Chi-Yu|Chi-Yu|100\/100\n|-status|p2b: Chi-Yu|tox\n|-damage|p2b: Chi-Yu|76\/100 tox|[from] Stealth Rock\n|-ability|p2b: Chi-Yu|Beads of Ruin\n|turn|13\n|inactive|the JRL has 60 seconds left.\n|inactive|Tenzai has 120 seconds left.\n|c|\u2606Tenzai|aggg\n|c|\u2606Tenzai|gg\n|inactive|Tenzai has 90 seconds left.\n|\n|t:|1698592259\n|move|p2b: Chi-Yu|Overheat|p1b: Kommo-o\n|-resisted|p1b: Kommo-o\n|-damage|p1b: Kommo-o|54\/100\n|-unboost|p2b: Chi-Yu|spa|2\n|move|p2a: Landorus|Stomping Tantrum|p1b: Kommo-o\n|-crit|p1b: Kommo-o\n|-damage|p1b: Kommo-o|15\/100\n|move|p1a: Heatran|Tera Blast|p2a: Landorus|[anim] Tera Blast Fairy\n|-damage|p2a: Landorus|8\/100\n|move|p1b: Kommo-o|Body Press|p2b: Chi-Yu\n|-supereffective|p2b: Chi-Yu\n|-damage|p2b: Chi-Yu|0 fnt\n|faint|p2b: Chi-Yu\n|\n|-heal|p1b: Kommo-o|21\/100|[from] item: Leftovers\n|upkeep\n|turn|14\n|\n|t:|1698592278\n|move|p2a: Landorus|Stomping Tantrum|p1b: Kommo-o\n|-damage|p1b: Kommo-o|11\/100\n|move|p1a: Heatran|Tera Blast|p2a: Landorus|[anim] Tera Blast Fairy\n|-damage|p2a: Landorus|0 fnt\n|faint|p2a: Landorus\n|\n|win|the JRL\n|c|\u2606the JRL|gg\n|c|\u2606Tenzai|el crit fue muy sad\n|c|\u2606Tenzai|no eras band no?\n|c|\u2606the JRL|fue la clave\n|c|\u2606the JRL|que va\n|c|\u2606the JRL|av\n|c|\u2606Tenzai|chssssst\n|c|\u2606the JRL|de toda la vida\n|c|\u2606the JRL|si quieres ahora la comentamos\n|c|\u2606the JRL|sorry por eso\n","uploadtime":1698592279,"views":380,"p1id":"thejrl","p2id":"tenzai","formatid":"gen9doublesou","rating":0,"private":0,"password":""}