{"id":"smogtours-gen9doublesou-729422","p1":"sanjaydas","p2":"Nailea","format":"[Gen 9] Doubles OU","log":"|inactive|Battle timer is ON: inactive players will automatically lose when time's up.\n|t:|1699376505\n|gametype|doubles\n|player|p1|sanjaydas|265|\n|player|p2|Nailea|fantina|\n|teamsize|p1|6\n|teamsize|p2|6\n|gen|9\n|tier|[Gen 9] Doubles OU\n|rule|Species Clause: Limit one of each Pok\u00e9mon\n|rule|OHKO Clause: OHKO moves are banned\n|rule|Evasion Moves Clause: Evasion moves are banned\n|rule|Gravity Sleep Clause: The combination of sleep-inducing moves with imperfect accuracy and Gravity or Gigantamax Orbeetle are banned\n|rule|Endless Battle Clause: Forcing endless battles is banned\n|rule|HP Percentage Mod: HP is shown in percentages\n|clearpoke\n|poke|p1|Kingambit, M|\n|poke|p1|Volcanion|\n|poke|p1|Glimmora, M|\n|poke|p1|Tornadus, M|\n|poke|p1|Iron Hands|\n|poke|p1|Flutter Mane|\n|poke|p2|Tyranitar, M|\n|poke|p2|Ogerpon-Hearthflame, F|\n|poke|p2|Basculegion-F, F|\n|poke|p2|Kommo-o, M|\n|poke|p2|Flutter Mane|\n|poke|p2|Landorus-Therian, M|\n|teampreview\n|c|\u2606Nailea|hf\n|c|\u2606sanjaydas|glhf\n|inactive|sanjaydas has 270 seconds left.\n|inactive|Nailea has 270 seconds left.\n|inactive|sanjaydas has 240 seconds left.\n|inactive|Nailea has 240 seconds left.\n|c|+WhoDatMan|sanjay ftw\n|inactive|sanjaydas has 210 seconds left.\n|inactive|Nailea has 210 seconds left.\n|c|+AIRedzone|LETS GET THIS SANJAY\n|\n|t:|1699376628\n|start\n|switch|p1a: Glimmora|Glimmora, M|100\/100\n|switch|p1b: Flutter Mane|Flutter Mane|100\/100\n|switch|p2a: Flutter Mane|Flutter Mane|100\/100\n|switch|p2b: Ogerpon|Ogerpon-Hearthflame, F|100\/100\n|-ability|p2b: Ogerpon|Mold Breaker\n|turn|1\n|inactive|sanjaydas has 270 seconds left.\n|\n|t:|1699376657\n|move|p1b: Flutter Mane|Icy Wind|p2a: Flutter Mane|[spread] p2a,p2b\n|-damage|p2a: Flutter Mane|82\/100\n|-damage|p2b: Ogerpon|76\/100\n|-unboost|p2a: Flutter Mane|spe|1\n|-unboost|p2b: Ogerpon|spe|1\n|move|p1a: Glimmora|Power Gem|p2b: Ogerpon\n|-supereffective|p2b: Ogerpon\n|-damage|p2b: Ogerpon|0 fnt\n|faint|p2b: Ogerpon\n|move|p2a: Flutter Mane|Shadow Ball|p1a: Glimmora\n|-damage|p1a: Glimmora|33\/100\n|\n|upkeep\n|\n|t:|1699376670\n|switch|p2b: Tyranitar|Tyranitar, M|100\/100\n|-weather|Sandstorm|[from] ability: Sand Stream|[of] p2b: Tyranitar\n|turn|2\n|inactive|sanjaydas has 270 seconds left.\n|c|+Alpha1013|What's this for \n|\n|t:|1699376719\n|-end|p1b: Flutter Mane|Protosynthesis|[silent]\n|switch|p1b: Kingambit|Kingambit, M|100\/100\n|move|p1a: Glimmora|Stealth Rock|p2b: Tyranitar\n|-sidestart|p2: Nailea|move: Stealth Rock\n|move|p2a: Flutter Mane|Shadow Ball|p1a: Glimmora\n|-damage|p1a: Glimmora|0 fnt\n|faint|p1a: Glimmora\n|move|p2b: Tyranitar|Knock Off|p1b: Kingambit\n|-resisted|p1b: Kingambit\n|-damage|p1b: Kingambit|81\/100\n|-enditem|p1b: Kingambit|Black Glasses|[from] move: Knock Off|[of] p2b: Tyranitar\n|\n|-weather|Sandstorm|[upkeep]\n|-damage|p2a: Flutter Mane|76\/100|[from] Sandstorm\n|upkeep\n|inactive|sanjaydas has 240 seconds left.\n|\n|t:|1699376733\n|switch|p1a: Iron Hands|Iron Hands|100\/100\n|turn|3\n|inactive|sanjaydas has 240 seconds left.\n|inactive|Nailea has 270 seconds left.\n|c|+Meminger21|dwcop\n|inactive|sanjaydas has 210 seconds left.\n|inactive|sanjaydas has 180 seconds left.\n|\n|t:|1699376831\n|-end|p2a: Flutter Mane|Protosynthesis|[silent]\n|switch|p2a: Kommo-o|Kommo-o, M|100\/100\n|-damage|p2a: Kommo-o|94\/100|[from] Stealth Rock\n|-end|p1a: Iron Hands|Quark Drive|[silent]\n|switch|p1a: Flutter Mane|Flutter Mane|100\/100\n|-terastallize|p2b: Tyranitar|Fairy\n|move|p2b: Tyranitar|Tera Blast|p1a: Flutter Mane|[anim] Tera Blast Fairy\n|-damage|p1a: Flutter Mane|28\/100\n|move|p1b: Kingambit|Kowtow Cleave|p2a: Kommo-o\n|-resisted|p2a: Kommo-o\n|-damage|p2a: Kommo-o|75\/100\n|\n|-weather|Sandstorm|[upkeep]\n|-damage|p1a: Flutter Mane|22\/100|[from] Sandstorm\n|-damage|p2b: Tyranitar|94\/100|[from] Sandstorm\n|-heal|p2a: Kommo-o|82\/100|[from] item: Leftovers\n|upkeep\n|turn|4\n|inactive|sanjaydas has 180 seconds left.\n|inactive|Nailea has 270 seconds left.\n|\n|t:|1699376868\n|move|p2a: Kommo-o|Protect|p2a: Kommo-o\n|-singleturn|p2a: Kommo-o|Protect\n|move|p1a: Flutter Mane|Moonblast|p2b: Tyranitar\n|-damage|p2b: Tyranitar|59\/100\n|move|p2b: Tyranitar|Knock Off|p1a: Flutter Mane\n|-damage|p1a: Flutter Mane|0 fnt\n|-enditem|p1a: Flutter Mane|Choice Specs|[from] move: Knock Off|[of] p2b: Tyranitar\n|faint|p1a: Flutter Mane\n|-end|p1a: Flutter Mane|Protosynthesis|[silent]\n|move|p1b: Kingambit|Swords Dance|p1b: Kingambit\n|-boost|p1b: Kingambit|atk|2\n|\n|-weather|Sandstorm|[upkeep]\n|-damage|p2b: Tyranitar|52\/100|[from] Sandstorm\n|-heal|p2a: Kommo-o|88\/100|[from] item: Leftovers\n|upkeep\n|\n|t:|1699376880\n|switch|p1a: Tornadus|Tornadus, M|100\/100\n|turn|5\n|\n|t:|1699376908\n|-terastallize|p1a: Tornadus|Flying\n|move|p1b: Kingambit|Sucker Punch|p2b: Tyranitar\n|-resisted|p2b: Tyranitar\n|-damage|p2b: Tyranitar|23\/100\n|move|p1a: Tornadus|Bleakwind Storm|p2a: Kommo-o|[spread] p2a,p2b\n|-supereffective|p2a: Kommo-o\n|-damage|p2a: Kommo-o|27\/100\n|-damage|p2b: Tyranitar|2\/100\n|-unboost|p2b: Tyranitar|spe|1\n|move|p2a: Kommo-o|Body Press|p1b: Kingambit\n|-supereffective|p1b: Kingambit\n|-damage|p1b: Kingambit|0 fnt\n|faint|p1b: Kingambit\n|move|p2b: Tyranitar|Stone Edge|p1a: Tornadus\n|-supereffective|p1a: Tornadus\n|-damage|p1a: Tornadus|9\/100\n|\n|-weather|Sandstorm|[upkeep]\n|-damage|p1a: Tornadus|3\/100|[from] Sandstorm\n|-damage|p2b: Tyranitar|0 fnt|[from] Sandstorm\n|faint|p2b: Tyranitar\n|-heal|p2a: Kommo-o|33\/100|[from] item: Leftovers\n|upkeep\n|inactive|Nailea has 270 seconds left.\n|\n|t:|1699376952\n|switch|p2b: Flutter Mane|Flutter Mane|76\/100\n|switch|p1b: Volcanion|Volcanion|100\/100\n|-damage|p2b: Flutter Mane|64\/100|[from] Stealth Rock\n|turn|6\n|\n|t:|1699376965\n|move|p1a: Tornadus|Tailwind|p1a: Tornadus\n|-sidestart|p1: sanjaydas|move: Tailwind\n|move|p1b: Volcanion|Steam Eruption|p2b: Flutter Mane\n|-damage|p2b: Flutter Mane|0 fnt\n|faint|p2b: Flutter Mane\n|-end|p2b: Flutter Mane|Protosynthesis|[silent]\n|-damage|p1b: Volcanion|91\/100|[from] item: Life Orb\n|move|p2a: Kommo-o|Iron Defense|p2a: Kommo-o\n|-boost|p2a: Kommo-o|def|2\n|\n|-weather|none\n|-heal|p2a: Kommo-o|39\/100|[from] item: Leftovers\n|upkeep\n|inactive|Nailea has 270 seconds left.\n|\n|t:|1699376976\n|switch|p2b: Basculegion|Basculegion-F, F|100\/100\n|-damage|p2b: Basculegion|88\/100|[from] Stealth Rock\n|turn|7\n|inactive|sanjaydas has 210 seconds left.\n|inactive|Nailea has 270 seconds left.\n|inactive|Nailea has 240 seconds left.\n|\n|t:|1699377048\n|move|p2a: Kommo-o|Protect|p2a: Kommo-o\n|-singleturn|p2a: Kommo-o|Protect\n|move|p2b: Basculegion|Aqua Jet|p1a: Tornadus\n|-damage|p1a: Tornadus|0 fnt\n|faint|p1a: Tornadus\n|move|p1b: Volcanion|Earth Power|p2b: Basculegion\n|-damage|p2b: Basculegion|45\/100\n|-damage|p1b: Volcanion|81\/100|[from] item: Life Orb\n|\n|-heal|p2a: Kommo-o|45\/100|[from] item: Leftovers\n|upkeep\n|\n|t:|1699377054\n|switch|p1a: Iron Hands|Iron Hands|100\/100\n|turn|8\n|\n|t:|1699377063\n|switch|p2b: Landorus|Landorus-Therian, M|100\/100\n|-damage|p2b: Landorus|88\/100|[from] Stealth Rock\n|-ability|p2b: Landorus|Intimidate|boost\n|-unboost|p1a: Iron Hands|atk|1\n|-unboost|p1b: Volcanion|atk|1\n|move|p1a: Iron Hands|Fake Out|p2a: Kommo-o\n|-damage|p2a: Kommo-o|41\/100\n|move|p1b: Volcanion|Steam Eruption|p2a: Kommo-o\n|-resisted|p2a: Kommo-o\n|-damage|p2a: Kommo-o|14\/100\n|-damage|p1b: Volcanion|71\/100|[from] item: Life Orb\n|cant|p2a: Kommo-o|flinch\n|\n|-heal|p2a: Kommo-o|21\/100|[from] item: Leftovers\n|upkeep\n|turn|9\n|inactive|sanjaydas has 240 seconds left.\n|inactive|Nailea has 270 seconds left.\n|inactive|sanjaydas has 210 seconds left.\n|\n|t:|1699377124\n|switch|p2b: Basculegion|Basculegion-F, F|45\/100\n|-damage|p2b: Basculegion|33\/100|[from] Stealth Rock\n|move|p2a: Kommo-o|Protect|p2a: Kommo-o\n|-singleturn|p2a: Kommo-o|Protect\n|move|p1b: Volcanion|Steam Eruption|p2b: Basculegion\n|-resisted|p2b: Basculegion\n|-damage|p2b: Basculegion|0 fnt\n|faint|p2b: Basculegion\n|-damage|p1b: Volcanion|61\/100|[from] item: Life Orb\n|move|p1a: Iron Hands|Drain Punch|p2a: Kommo-o\n|-activate|p2a: Kommo-o|move: Protect\n|\n|-heal|p2a: Kommo-o|27\/100|[from] item: Leftovers\n|-sideend|p1: sanjaydas|move: Tailwind\n|upkeep\n|\n|t:|1699377136\n|switch|p2b: Landorus|Landorus-Therian, M|88\/100\n|-damage|p2b: Landorus|76\/100|[from] Stealth Rock\n|-ability|p2b: Landorus|Intimidate|boost\n|-unboost|p1a: Iron Hands|atk|1\n|-unboost|p1b: Volcanion|atk|1\n|turn|10\n|inactive|sanjaydas has 210 seconds left.\n|\n|t:|1699377156\n|move|p1b: Volcanion|Protect|p1b: Volcanion\n|-singleturn|p1b: Volcanion|Protect\n|move|p2b: Landorus|Stomping Tantrum|p1b: Volcanion\n|-activate|p1b: Volcanion|move: Protect\n|move|p2a: Kommo-o|Body Press|p1b: Volcanion\n|-activate|p1b: Volcanion|move: Protect\n|move|p1a: Iron Hands|Drain Punch|p2a: Kommo-o\n|-damage|p2a: Kommo-o|18\/100\n|\n|-heal|p2a: Kommo-o|25\/100|[from] item: Leftovers\n|upkeep\n|turn|11\n|\n|t:|1699377170\n|move|p1b: Volcanion|Protect|p1b: Volcanion\n|-singleturn|p1b: Volcanion|Protect\n|move|p2b: Landorus|Stomping Tantrum|p1b: Volcanion\n|-activate|p1b: Volcanion|move: Protect\n|move|p2a: Kommo-o|Body Press|p1b: Volcanion\n|-activate|p1b: Volcanion|move: Protect\n|move|p1a: Iron Hands|Drain Punch|p2a: Kommo-o\n|-damage|p2a: Kommo-o|16\/100\n|\n|-heal|p2a: Kommo-o|22\/100|[from] item: Leftovers\n|upkeep\n|turn|12\n|\n|t:|1699377185\n|move|p2b: Landorus|Stomping Tantrum|p1b: Volcanion\n|-supereffective|p1b: Volcanion\n|-damage|p1b: Volcanion|0 fnt\n|faint|p1b: Volcanion\n|move|p2a: Kommo-o|Body Press|p1a: Iron Hands\n|-damage|p1a: Iron Hands|57\/100\n|move|p1a: Iron Hands|Drain Punch|p2a: Kommo-o\n|-damage|p2a: Kommo-o|13\/100\n|-heal|p1a: Iron Hands|60\/100|[from] drain|[of] p2a: Kommo-o\n|\n|-heal|p2a: Kommo-o|19\/100|[from] item: Leftovers\n|upkeep\n|turn|13\n|c|\u2606Nailea|gg\n|c|\u2606sanjaydas|gg\n|\n|t:|1699377198\n|move|p2b: Landorus|Stomping Tantrum|p1a: Iron Hands\n|-supereffective|p1a: Iron Hands\n|-damage|p1a: Iron Hands|4\/100\n|move|p2a: Kommo-o|Body Press|p1a: Iron Hands\n|-damage|p1a: Iron Hands|0 fnt\n|faint|p1a: Iron Hands\n|-end|p1a: Iron Hands|Quark Drive|[silent]\n|\n|win|Nailea\n","uploadtime":1699377199,"views":290,"p1id":"sanjaydas","p2id":"nailea","formatid":"gen9doublesou","rating":0,"private":0,"password":""}