{"id":"smogtours-gen9doublesou-725205","p1":"Ninja","p2":"sempra","format":"[Gen 9] Doubles OU","log":"|inactive|Battle timer is ON: inactive players will automatically lose when time's up.\n|t:|1697915157\n|gametype|doubles\n|player|p1|Ninja|#bltixsnorlaxes|\n|player|p2|sempra|#scl3machines|\n|teamsize|p1|6\n|teamsize|p2|6\n|gen|9\n|tier|[Gen 9] Doubles OU\n|rule|Species Clause: Limit one of each Pok\u00e9mon\n|rule|OHKO Clause: OHKO moves are banned\n|rule|Evasion Moves Clause: Evasion moves are banned\n|rule|Gravity Sleep Clause: The combination of sleep-inducing moves with imperfect accuracy and Gravity or Gigantamax Orbeetle are banned\n|rule|Endless Battle Clause: Forcing endless battles is banned\n|rule|HP Percentage Mod: HP is shown in percentages\n|clearpoke\n|poke|p1|Chi-Yu|\n|poke|p1|Flutter Mane|\n|poke|p1|Tornadus, M|\n|poke|p1|Dragonite, M|\n|poke|p1|Chien-Pao|\n|poke|p1|Glimmora, F|\n|poke|p2|Tornadus, M|\n|poke|p2|Arcanine-Hisui, F|\n|poke|p2|Iron Hands|\n|poke|p2|Gholdengo|\n|poke|p2|Basculegion, M|\n|poke|p2|Ogerpon-Wellspring, F|\n|teampreview\n|c|\u2606Ninja|hf\n|c|\u2606sempra|u2\n|inactive|Ninja has 270 seconds left.\n|inactive|sempra has 270 seconds left.\n|inactive|Ninja has 240 seconds left.\n|\n|t:|1697915225\n|start\n|switch|p1a: Glimmora|Glimmora, F|100\/100\n|switch|p1b: Tornadus|Tornadus, M|100\/100\n|switch|p2a: Tornadus|Tornadus, M, shiny|100\/100\n|switch|p2b: Ogerpon|Ogerpon-Wellspring, F|100\/100\n|turn|1\n|inactive|Ninja has 270 seconds left.\n|inactive|sempra has 270 seconds left.\n|inactive|Ninja has 240 seconds left.\n|\n|t:|1697915294\n|move|p1b: Tornadus|Tailwind|p1b: Tornadus\n|-sidestart|p1: Ninja|move: Tailwind\n|move|p2a: Tornadus|Tailwind|p2a: Tornadus\n|-sidestart|p2: sempra|move: Tailwind\n|move|p1a: Glimmora|Power Gem|p2a: Tornadus\n|-supereffective|p2a: Tornadus\n|-damage|p2a: Tornadus|28\/100\n|move|p2b: Ogerpon|Ivy Cudgel|p1b: Tornadus\n|-damage|p1b: Tornadus|19\/100\n|\n|upkeep\n|turn|2\n|inactive|sempra has 270 seconds left.\n|inactive|Ninja has 240 seconds left.\n|inactive|sempra has 240 seconds left.\n|c|+Ash KetchumGamer|esse ninja eh mto ruim\n|\n|t:|1697915343\n|switch|p2b: Gholdengo|Gholdengo, shiny|100\/100\n|move|p2a: Tornadus|Protect|p2a: Tornadus\n|-singleturn|p2a: Tornadus|Protect\n|move|p1b: Tornadus|Bleakwind Storm|p2a: Tornadus|[spread] p2b\n|-activate|p2a: Tornadus|move: Protect\n|-resisted|p2b: Gholdengo\n|-damage|p2b: Gholdengo|85\/100\n|move|p1a: Glimmora|Stealth Rock|p2b: Gholdengo\n|-sidestart|p2: sempra|move: Stealth Rock\n|\n|-heal|p2b: Gholdengo|91\/100|[from] item: Leftovers\n|upkeep\n|turn|3\n|inactive|Ninja has 240 seconds left.\n|\n|t:|1697915378\n|move|p1b: Tornadus|Protect|p1b: Tornadus\n|-singleturn|p1b: Tornadus|Protect\n|move|p1a: Glimmora|Power Gem|p2a: Tornadus\n|-supereffective|p2a: Tornadus\n|-damage|p2a: Tornadus|0 fnt\n|faint|p2a: Tornadus\n|move|p2b: Gholdengo|Make It Rain|p1b: Tornadus|[spread] p1a\n|-activate|p1b: Tornadus|move: Protect\n|-supereffective|p1a: Glimmora\n|-enditem|p1a: Glimmora|Focus Sash\n|-damage|p1a: Glimmora|1\/100\n|-unboost|p2b: Gholdengo|spa|1\n|\n|-heal|p2b: Gholdengo|97\/100|[from] item: Leftovers\n|upkeep\n|\n|t:|1697915398\n|switch|p2a: Iron Hands|Iron Hands, shiny|100\/100\n|-damage|p2a: Iron Hands|94\/100|[from] Stealth Rock\n|turn|4\n|inactive|Ninja has 240 seconds left.\n|\n|t:|1697915442\n|move|p2a: Iron Hands|Fake Out|p1b: Tornadus\n|-damage|p1b: Tornadus|0 fnt\n|faint|p1b: Tornadus\n|move|p1a: Glimmora|Mortal Spin|p2a: Iron Hands|[spread] p2a\n|-immune|p2b: Gholdengo\n|-damage|p2a: Iron Hands|92\/100\n|-status|p2a: Iron Hands|psn\n|move|p2b: Gholdengo|Nasty Plot|p2b: Gholdengo\n|-boost|p2b: Gholdengo|spa|2\n|\n|-heal|p2b: Gholdengo|100\/100|[from] item: Leftovers\n|-damage|p2a: Iron Hands|79\/100 psn|[from] psn\n|-sideend|p2: sempra|move: Tailwind\n|-sideend|p1: Ninja|move: Tailwind\n|upkeep\n|inactive|Ninja has 210 seconds left.\n|\n|t:|1697915465\n|switch|p1b: Flutter Mane|Flutter Mane|100\/100\n|-enditem|p1b: Flutter Mane|Booster Energy\n|-activate|p1b: Flutter Mane|ability: Protosynthesis|[fromitem]\n|-start|p1b: Flutter Mane|protosynthesisspe\n|turn|5\n|\n|t:|1697915472\n|move|p1b: Flutter Mane|Protect|p1b: Flutter Mane\n|-singleturn|p1b: Flutter Mane|Protect\n|move|p1a: Glimmora|Spiky Shield|p1a: Glimmora\n|-singleturn|p1a: Glimmora|move: Protect\n|move|p2b: Gholdengo|Make It Rain|p1b: Flutter Mane|[spread] \n|-activate|p1a: Glimmora|move: Protect\n|-activate|p1b: Flutter Mane|move: Protect\n|move|p2a: Iron Hands|Heavy Slam|p1b: Flutter Mane\n|-activate|p1b: Flutter Mane|move: Protect\n|\n|-damage|p2a: Iron Hands|67\/100 psn|[from] psn\n|upkeep\n|turn|6\n|inactive|Ninja has 240 seconds left.\n|\n|t:|1697915502\n|move|p2b: Gholdengo|Protect|p2b: Gholdengo\n|-singleturn|p2b: Gholdengo|Protect\n|move|p1b: Flutter Mane|Shadow Ball|p2b: Gholdengo\n|-activate|p2b: Gholdengo|move: Protect\n|move|p1a: Glimmora|Power Gem|p2b: Gholdengo\n|-activate|p2b: Gholdengo|move: Protect\n|move|p2a: Iron Hands|Heavy Slam|p1b: Flutter Mane\n|-supereffective|p1b: Flutter Mane\n|-damage|p1b: Flutter Mane|0 fnt\n|faint|p1b: Flutter Mane\n|-end|p1b: Flutter Mane|Protosynthesis|[silent]\n|\n|-damage|p2a: Iron Hands|54\/100 psn|[from] psn\n|upkeep\n|inactive|Ninja has 210 seconds left.\n|\n|t:|1697915537\n|switch|p1b: Dragonite|Dragonite, M|100\/100\n|turn|7\n|\n|t:|1697915545\n|move|p1a: Glimmora|Power Gem|p2a: Iron Hands\n|-resisted|p2a: Iron Hands\n|-damage|p2a: Iron Hands|44\/100 psn\n|move|p2b: Gholdengo|Make It Rain|p1b: Dragonite|[spread] p1a,p1b\n|-supereffective|p1a: Glimmora\n|-damage|p1a: Glimmora|0 fnt\n|-damage|p1b: Dragonite|61\/100\n|-unboost|p2b: Gholdengo|spa|1\n|faint|p1a: Glimmora\n|move|p1b: Dragonite|Stomping Tantrum|p2a: Iron Hands\n|-supereffective|p2a: Iron Hands\n|-damage|p2a: Iron Hands|4\/100 psn\n|move|p2a: Iron Hands|Wild Charge|p1b: Dragonite\n|-damage|p1b: Dragonite|14\/100\n|-damage|p2a: Iron Hands|0 fnt|[from] Recoil\n|faint|p2a: Iron Hands\n|-end|p2a: Iron Hands|Quark Drive|[silent]\n|\n|upkeep\n|\n|t:|1697915568\n|switch|p1a: Chi-Yu|Chi-Yu|100\/100\n|switch|p2a: Ogerpon|Ogerpon-Wellspring, F|100\/100\n|-ability|p1a: Chi-Yu|Beads of Ruin\n|-damage|p2a: Ogerpon|88\/100|[from] Stealth Rock\n|turn|8\n|inactive|Ninja has 240 seconds left.\n|\n|t:|1697915624\n|-terastallize|p1a: Chi-Yu|Ghost\n|-terastallize|p2b: Gholdengo|Dragon\n|move|p1b: Dragonite|Extreme Speed|p2a: Ogerpon\n|-damage|p2a: Ogerpon|54\/100\n|move|p1a: Chi-Yu|Heat Wave|p2a: Ogerpon|[spread] p2a,p2b\n|-resisted|p2b: Gholdengo\n|-damage|p2a: Ogerpon|0 fnt\n|-damage|p2b: Gholdengo|63\/100\n|faint|p2a: Ogerpon\n|move|p2b: Gholdengo|Make It Rain|p1a: Chi-Yu|[spread] p1a,p1b\n|-damage|p1a: Chi-Yu|51\/100\n|-damage|p1b: Dragonite|0 fnt\n|-unboost|p2b: Gholdengo|spa|1\n|faint|p1b: Dragonite\n|\n|-heal|p2b: Gholdengo|69\/100|[from] item: Leftovers\n|upkeep\n|\n|t:|1697915640\n|switch|p2a: Arcanine|Arcanine-Hisui, F, shiny|100\/100\n|switch|p1b: Chien-Pao|Chien-Pao|100\/100\n|-ability|p1b: Chien-Pao|Sword of Ruin\n|-damage|p2a: Arcanine|75\/100|[from] Stealth Rock\n|-ability|p2a: Arcanine|Intimidate|boost\n|-unboost|p1a: Chi-Yu|atk|1\n|-unboost|p1b: Chien-Pao|atk|1\n|turn|9\n|\n|t:|1697915654\n|move|p1b: Chien-Pao|Brick Break|p2a: Arcanine\n|-supereffective|p2a: Arcanine\n|-damage|p2a: Arcanine|5\/100\n|-damage|p1b: Chien-Pao|91\/100|[from] item: Life Orb\n|move|p1a: Chi-Yu|Heat Wave|p2b: Gholdengo|[spread] p2a,p2b\n|-resisted|p2a: Arcanine\n|-resisted|p2b: Gholdengo\n|-damage|p2a: Arcanine|0 fnt\n|-damage|p2b: Gholdengo|33\/100\n|faint|p2a: Arcanine\n|move|p2b: Gholdengo|Make It Rain|p1b: Chien-Pao|[spread] p1a,p1b\n|-supereffective|p1b: Chien-Pao\n|-damage|p1a: Chi-Yu|23\/100\n|-damage|p1b: Chien-Pao|0 fnt\n|-unboost|p2b: Gholdengo|spa|1\n|faint|p1b: Chien-Pao\n|\n|-heal|p2b: Gholdengo|39\/100|[from] item: Leftovers\n|upkeep\n|\n|t:|1697915662\n|switch|p2a: Basculegion|Basculegion, M, shiny|100\/100\n|-damage|p2a: Basculegion|88\/100|[from] Stealth Rock\n|turn|10\n|\n|t:|1697915670\n|move|p2a: Basculegion|Wave Crash|p1a: Chi-Yu\n|-damage|p1a: Chi-Yu|0 fnt\n|faint|p1a: Chi-Yu\n|-damage|p2a: Basculegion|83\/100|[from] Recoil\n|\n|win|sempra\n|c|\u2606Ninja|gg\n|c|\u2606sempra|gg\n","uploadtime":1697915671,"views":154,"p1id":"ninja","p2id":"sempra","formatid":"gen9doublesou","rating":0,"private":0,"password":""}