{"id":"smogtours-gen9doublesou-731111","p1":"Givrix","p2":"xqiht","format":"[Gen 9] Doubles OU","log":"|inactive|Battle timer is ON: inactive players will automatically lose when time's up.\n|t:|1700319815\n|gametype|doubles\n|player|p1|Givrix|tateandliza-gen3|\n|player|p2|xqiht|#scl3shoguns|\n|teamsize|p1|6\n|teamsize|p2|6\n|gen|9\n|tier|[Gen 9] Doubles OU\n|rule|Species Clause: Limit one of each Pok\u00e9mon\n|rule|OHKO Clause: OHKO moves are banned\n|rule|Evasion Moves Clause: Evasion moves are banned\n|rule|Gravity Sleep Clause: The combination of sleep-inducing moves with imperfect accuracy and Gravity or Gigantamax Orbeetle are banned\n|rule|Endless Battle Clause: Forcing endless battles is banned\n|rule|HP Percentage Mod: HP is shown in percentages\n|clearpoke\n|poke|p1|Rillaboom, M|\n|poke|p1|Ursaluna, M|\n|poke|p1|Cresselia, F|\n|poke|p1|Flutter Mane|\n|poke|p1|Volcanion|\n|poke|p1|Kleavor, M|\n|poke|p2|Glimmora, F|\n|poke|p2|Rillaboom, F|\n|poke|p2|Ogerpon-Wellspring, F|\n|poke|p2|Kommo-o, F|\n|poke|p2|Heatran, M|\n|poke|p2|Flutter Mane|\n|teampreview\n|inactive|Givrix has 270 seconds left.\n|inactive|xqiht has 270 seconds left.\n|c|\u2606xqiht|glhf\n|inactive|Givrix has 240 seconds left.\n|c|+Nephtyrix|Go France ! \n|inactive|Givrix has 210 seconds left.\n|c|+ratpacker|go france\n|inactive|Givrix has 180 seconds left.\n|c|+Smudge|go china\n|c|\u2606xqiht|ty smudge\uff0cgo us west\n|\n|t:|1700319962\n|start\n|switch|p1a: Rillaboom|Rillaboom, M|100\/100\n|switch|p1b: Kleavor|Kleavor, M|100\/100\n|switch|p2a: Glimmora|Glimmora, F|100\/100\n|switch|p2b: Kommo-o|Kommo-o, F|100\/100\n|-fieldstart|move: Grassy Terrain|[from] ability: Grassy Surge|[of] p1a: Rillaboom\n|turn|1\n|inactive|Givrix has 210 seconds left.\n|\n|t:|1700320011\n|move|p1a: Rillaboom|Fake Out|p2b: Kommo-o\n|-damage|p2b: Kommo-o|91\/100\n|move|p1b: Kleavor|Stone Axe|p2a: Glimmora\n|-damage|p2a: Glimmora|50\/100\n|-activate|p2a: Glimmora|ability: Toxic Debris\n|-sidestart|p1: Givrix|move: Toxic Spikes\n|-sidestart|p2: xqiht|move: Stealth Rock\n|cant|p2b: Kommo-o|flinch\n|move|p2a: Glimmora|Power Gem|p1b: Kleavor\n|-supereffective|p1b: Kleavor\n|-damage|p1b: Kleavor|0 fnt\n|faint|p1b: Kleavor\n|\n|-heal|p2a: Glimmora|56\/100|[from] Grassy Terrain\n|-heal|p2b: Kommo-o|98\/100|[from] Grassy Terrain\n|-heal|p2b: Kommo-o|100\/100|[from] item: Leftovers\n|upkeep\n|\n|t:|1700320031\n|switch|p1b: Flutter Mane|Flutter Mane|100\/100\n|-status|p1b: Flutter Mane|psn\n|turn|2\n|\n|t:|1700320039\n|move|p2b: Kommo-o|Protect|p2b: Kommo-o\n|-singleturn|p2b: Kommo-o|Protect\n|move|p1b: Flutter Mane|Shadow Ball|p2a: Glimmora\n|-damage|p2a: Glimmora|14\/100\n|move|p2a: Glimmora|Mortal Spin|p1a: Rillaboom|[spread] p1a,p1b\n|-supereffective|p1a: Rillaboom\n|-damage|p1a: Rillaboom|93\/100\n|-damage|p1b: Flutter Mane|93\/100 psn\n|-status|p1a: Rillaboom|psn\n|-sideend|p2: xqiht|Stealth Rock|[from] move: Mortal Spin|[of] p2a: Glimmora\n|move|p1a: Rillaboom|U-turn|p2b: Kommo-o\n|-activate|p2b: Kommo-o|move: Protect\n|\n|-heal|p1b: Flutter Mane|99\/100 psn|[from] Grassy Terrain\n|-heal|p2a: Glimmora|20\/100|[from] Grassy Terrain\n|-heal|p1a: Rillaboom|99\/100 psn|[from] Grassy Terrain\n|-damage|p1b: Flutter Mane|87\/100 psn|[from] psn\n|-damage|p1a: Rillaboom|86\/100 psn|[from] psn\n|upkeep\n|turn|3\n|\n|t:|1700320056\n|move|p1b: Flutter Mane|Shadow Ball|p2a: Glimmora\n|-damage|p2a: Glimmora|0 fnt\n|faint|p2a: Glimmora\n|move|p2b: Kommo-o|Iron Defense|p2b: Kommo-o\n|-boost|p2b: Kommo-o|def|2\n|move|p1a: Rillaboom|U-turn|p2b: Kommo-o\n|-resisted|p2b: Kommo-o\n|-damage|p2b: Kommo-o|97\/100\n|inactive|Givrix has 210 seconds left.\n|inactive|Givrix has 180 seconds left.\n|\n|t:|1700320124\n|switch|p1a: Cresselia|Cresselia, F|100\/100|[from] U-turn\n|\n|-heal|p1b: Flutter Mane|93\/100 psn|[from] Grassy Terrain\n|-heal|p2b: Kommo-o|100\/100|[from] Grassy Terrain\n|-damage|p1b: Flutter Mane|81\/100 psn|[from] psn\n|upkeep\n|inactive|xqiht has 270 seconds left.\n|\n|t:|1700320173\n|switch|p2a: Flutter Mane|Flutter Mane|100\/100\n|turn|4\n|inactive|xqiht has 270 seconds left.\n|inactive|Givrix has 180 seconds left.\n|inactive|Givrix has 150 seconds left.\n|\n|t:|1700320231\n|move|p2a: Flutter Mane|Shadow Ball|p1a: Cresselia\n|-supereffective|p1a: Cresselia\n|-damage|p1a: Cresselia|27\/100\n|move|p1b: Flutter Mane|Shadow Ball|p2a: Flutter Mane\n|-supereffective|p2a: Flutter Mane\n|-damage|p2a: Flutter Mane|0 fnt\n|faint|p2a: Flutter Mane\n|-end|p2a: Flutter Mane|Protosynthesis|[silent]\n|move|p2b: Kommo-o|Body Press|p1a: Cresselia\n|-resisted|p1a: Cresselia\n|-damage|p1a: Cresselia|5\/100\n|move|p1a: Cresselia|Trick Room|p1a: Cresselia\n|-fieldstart|move: Trick Room|[of] p1a: Cresselia\n|\n|-heal|p1b: Flutter Mane|87\/100 psn|[from] Grassy Terrain\n|-damage|p1b: Flutter Mane|74\/100 psn|[from] psn\n|upkeep\n|inactive|xqiht has 270 seconds left.\n|\n|t:|1700320254\n|switch|p2a: Rillaboom|Rillaboom, F|100\/100\n|turn|5\n|inactive|xqiht has 270 seconds left.\n|inactive|Givrix has 150 seconds left.\n|\n|t:|1700320287\n|switch|p1a: Rillaboom|Rillaboom, M|86\/100 psn\n|move|p2a: Rillaboom|Fake Out|p1a: Rillaboom\n|-damage|p1a: Rillaboom|75\/100 psn\n|move|p2b: Kommo-o|Iron Defense|p2b: Kommo-o\n|-boost|p2b: Kommo-o|def|2\n|move|p1b: Flutter Mane|Shadow Ball|p2a: Rillaboom\n|-damage|p2a: Rillaboom|60\/100\n|\n|-heal|p1a: Rillaboom|81\/100 psn|[from] Grassy Terrain\n|-heal|p2a: Rillaboom|67\/100|[from] Grassy Terrain\n|-heal|p1b: Flutter Mane|81\/100 psn|[from] Grassy Terrain\n|-damage|p1a: Rillaboom|68\/100 psn|[from] psn\n|-damage|p1b: Flutter Mane|68\/100 psn|[from] psn\n|-fieldend|move: Grassy Terrain\n|upkeep\n|turn|6\n|inactive|xqiht has 270 seconds left.\n|inactive|Givrix has 150 seconds left.\n|inactive|Givrix has 120 seconds left.\n|inactive|xqiht has 240 seconds left.\n|\n|t:|1700320335\n|move|p1a: Rillaboom|U-turn|p2a: Rillaboom\n|-supereffective|p2a: Rillaboom\n|-damage|p2a: Rillaboom|27\/100\n|\n|t:|1700320340\n|switch|p1a: Volcanion|Volcanion|100\/100|[from] U-turn\n|-status|p1a: Volcanion|psn\n|move|p2a: Rillaboom|Wood Hammer|p1b: Flutter Mane\n|-damage|p1b: Flutter Mane|0 fnt\n|faint|p1b: Flutter Mane\n|-end|p1b: Flutter Mane|Protosynthesis|[silent]\n|-damage|p2a: Rillaboom|11\/100|[from] Recoil\n|move|p2b: Kommo-o|Body Press|p1a: Volcanion\n|-damage|p1a: Volcanion|11\/100 psn\n|\n|-heal|p1a: Volcanion|17\/100 psn|[from] item: Leftovers\n|-damage|p1a: Volcanion|5\/100 psn|[from] psn\n|upkeep\n|\n|t:|1700320344\n|switch|p1b: Ursaluna|Ursaluna, M|100\/100\n|-status|p1b: Ursaluna|psn\n|turn|7\n|inactive|Givrix has 150 seconds left.\n|inactive|xqiht has 270 seconds left.\n|\n|t:|1700320368\n|switch|p2a: Heatran|Heatran, M|100\/100\n|-terastallize|p1b: Ursaluna|Ghost\n|move|p2b: Kommo-o|Protect|p2b: Kommo-o\n|-singleturn|p2b: Kommo-o|Protect\n|move|p1b: Ursaluna|Facade|p2a: Heatran\n|-resisted|p2a: Heatran\n|-damage|p2a: Heatran|53\/100\n|move|p1a: Volcanion|Steam Eruption|p2b: Kommo-o\n|-activate|p2b: Kommo-o|move: Protect\n|\n|-heal|p1a: Volcanion|11\/100 psn|[from] item: Leftovers\n|-heal|p2a: Heatran|59\/100|[from] item: Leftovers\n|-damage|p1b: Ursaluna|88\/100 psn|[from] psn\n|-damage|p1a: Volcanion|0 fnt|[from] psn\n|faint|p1a: Volcanion\n|upkeep\n|\n|t:|1700320375\n|switch|p1a: Cresselia|Cresselia, F|5\/100\n|turn|8\n|\n|t:|1700320388\n|move|p2a: Heatran|Protect|p2a: Heatran\n|-singleturn|p2a: Heatran|Protect\n|move|p1b: Ursaluna|High Horsepower|p2a: Heatran\n|-activate|p2a: Heatran|move: Protect\n|move|p1a: Cresselia|Lunar Blessing|p1a: Cresselia|[spread] p1a,p1b\n|-heal|p1a: Cresselia|30\/100\n|-heal|p1b: Ursaluna|100\/100 psn\n|-curestatus|p1b: Ursaluna|psn|[msg]\n|move|p2b: Kommo-o|Fire Punch|p1a: Cresselia\n|-damage|p1a: Cresselia|19\/100\n|\n|-heal|p2a: Heatran|65\/100|[from] item: Leftovers\n|-fieldend|move: Trick Room\n|-status|p1b: Ursaluna|brn|[from] item: Flame Orb\n|upkeep\n|turn|9\n|inactive|Givrix has 150 seconds left.\n|inactive|Givrix has 120 seconds left.\n|inactive|Givrix has 90 seconds left.\n|\n|t:|1700320504\n|move|p2a: Heatran|Heat Wave|p1a: Cresselia|[spread] p1a,p1b\n|-damage|p1a: Cresselia|0 fnt\n|-damage|p1b: Ursaluna|70\/100 brn\n|faint|p1a: Cresselia\n|move|p2b: Kommo-o|Fire Punch|p1b: Ursaluna\n|-damage|p1b: Ursaluna|57\/100 brn\n|move|p1b: Ursaluna|High Horsepower|p2a: Heatran\n|-supereffective|p2a: Heatran\n|-crit|p2a: Heatran\n|-damage|p2a: Heatran|0 fnt\n|faint|p2a: Heatran\n|\n|-damage|p1b: Ursaluna|51\/100 brn|[from] brn\n|upkeep\n|\n|t:|1700320516\n|switch|p2a: Ogerpon|Ogerpon-Wellspring, F|100\/100\n|switch|p1a: Rillaboom|Rillaboom, M|68\/100 psn\n|-fieldstart|move: Grassy Terrain|[from] ability: Grassy Surge|[of] p1a: Rillaboom\n|turn|10\n|\n|t:|1700320521\n|move|p2a: Ogerpon|Spiky Shield|p2a: Ogerpon\n|-singleturn|p2a: Ogerpon|move: Protect\n|move|p2b: Kommo-o|Protect|p2b: Kommo-o\n|-singleturn|p2b: Kommo-o|Protect\n|move|p1a: Rillaboom|Fake Out|p2a: Ogerpon\n|-activate|p2a: Ogerpon|move: Protect\n|-damage|p1a: Rillaboom|56\/100 psn|[from] Spiky Shield|[of] p2a: Ogerpon\n|move|p1b: Ursaluna|Swords Dance|p1b: Ursaluna\n|-boost|p1b: Ursaluna|atk|2\n|\n|-heal|p1a: Rillaboom|62\/100 psn|[from] Grassy Terrain\n|-heal|p1b: Ursaluna|57\/100 brn|[from] Grassy Terrain\n|-damage|p1a: Rillaboom|50\/100 psn|[from] psn\n|-damage|p1b: Ursaluna|51\/100 brn|[from] brn\n|upkeep\n|turn|11\n|\n|t:|1700320535\n|move|p1a: Rillaboom|Grassy Glide|p2a: Ogerpon\n|-damage|p2a: Ogerpon|67\/100\n|move|p2a: Ogerpon|Ivy Cudgel|p1b: Ursaluna\n|-damage|p1b: Ursaluna|9\/100 brn\n|move|p2b: Kommo-o|Body Press|p1a: Rillaboom\n|-damage|p1a: Rillaboom|0 fnt\n|faint|p1a: Rillaboom\n|move|p1b: Ursaluna|Facade|p2a: Ogerpon\n|-damage|p2a: Ogerpon|0 fnt\n|faint|p2a: Ogerpon\n|\n|-heal|p1b: Ursaluna|15\/100 brn|[from] Grassy Terrain\n|-damage|p1b: Ursaluna|9\/100 brn|[from] brn\n|upkeep\n|c|\u2606Givrix|gg\n|\n|t:|1700320538\n|switch|p2a: Rillaboom|Rillaboom, F|11\/100\n|turn|12\n|-message|Givrix forfeited.\n|\n|win|xqiht\n|c|\u2606xqiht|gg\n|c|\u2606xqiht|go china\n","uploadtime":1700320541,"views":120,"p1id":"givrix","p2id":"xqiht","formatid":"gen9doublesou","rating":0,"private":0,"password":""}