{"id":"smogtours-gen9doublesou-728340","p1":"h4v","p2":"Givrix","format":"[Gen 9] Doubles OU","log":"|inactive|Battle timer is ON: inactive players will automatically lose when time's up.\n|t:|1699039454\n|gametype|doubles\n|player|p1|h4v|rosa|\n|player|p2|Givrix|tateandliza-gen3|\n|teamsize|p1|6\n|teamsize|p2|6\n|gen|9\n|tier|[Gen 9] Doubles OU\n|rule|Species Clause: Limit one of each Pok\u00e9mon\n|rule|OHKO Clause: OHKO moves are banned\n|rule|Evasion Moves Clause: Evasion moves are banned\n|rule|Gravity Sleep Clause: The combination of sleep-inducing moves with imperfect accuracy and Gravity or Gigantamax Orbeetle are banned\n|rule|Endless Battle Clause: Forcing endless battles is banned\n|rule|HP Percentage Mod: HP is shown in percentages\n|clearpoke\n|poke|p1|Goodra-Hisui, F|\n|poke|p1|Grimmsnarl, M|\n|poke|p1|Iron Hands|\n|poke|p1|Volcanion|\n|poke|p1|Cresselia, F|\n|poke|p1|Sinistcha|\n|poke|p2|Landorus-Therian, M|\n|poke|p2|Rillaboom, F|\n|poke|p2|Chi-Yu|\n|poke|p2|Kommo-o, F|\n|poke|p2|Gholdengo|\n|poke|p2|Ninetales-Alola, F|\n|teampreview\n|c|\u2606h4v|hf\n|c|\u2606Givrix|hf\n|inactive|h4v has 270 seconds left.\n|inactive|Givrix has 270 seconds left.\n|inactive|h4v has 240 seconds left.\n|inactive|Givrix has 240 seconds left.\n|c|+Grandmas Cookin|clang\n|inactive|h4v has 210 seconds left.\n|inactive|Givrix has 210 seconds left.\n|inactive|h4v has 180 seconds left.\n|\n|t:|1699039578\n|start\n|switch|p1a: Goodra|Goodra-Hisui, F, shiny|100\/100\n|switch|p1b: Grimmsnarl|Grimmsnarl, M, shiny|100\/100\n|switch|p2a: Landorus|Landorus-Therian, M|100\/100\n|switch|p2b: Rillaboom|Rillaboom, F|100\/100\n|-ability|p2a: Landorus|Intimidate|boost\n|-unboost|p1a: Goodra|atk|1\n|-unboost|p1b: Grimmsnarl|atk|1\n|-fieldstart|move: Grassy Terrain|[from] ability: Grassy Surge|[of] p2b: Rillaboom\n|turn|1\n|inactive|h4v has 240 seconds left.\n|\n|t:|1699039622\n|switch|p1a: Cresselia|Cresselia, F, shiny|100\/100\n|move|p2b: Rillaboom|Fake Out|p1a: Cresselia\n|-damage|p1a: Cresselia|94\/100\n|move|p1b: Grimmsnarl|Reflect|p1b: Grimmsnarl\n|-sidestart|p1: h4v|Reflect\n|move|p2a: Landorus|Stealth Rock|p1a: Cresselia\n|-sidestart|p1: h4v|move: Stealth Rock\n|\n|upkeep\n|turn|2\n|inactive|h4v has 240 seconds left.\n|inactive|Givrix has 270 seconds left.\n|inactive|h4v has 210 seconds left.\n|inactive|h4v has 180 seconds left.\n|inactive|Givrix has 240 seconds left.\n|\n|t:|1699039702\n|move|p2a: Landorus|U-turn|p1b: Grimmsnarl\n|-crit|p1b: Grimmsnarl\n|-damage|p1b: Grimmsnarl|65\/100\n|\n|t:|1699039715\n|switch|p2a: Gholdengo|Gholdengo|100\/100|[from] U-turn\n|move|p2b: Rillaboom|Wood Hammer|p1b: Grimmsnarl\n|-damage|p1b: Grimmsnarl|20\/100\n|-damage|p2b: Rillaboom|86\/100|[from] Recoil\n|move|p1b: Grimmsnarl|Spirit Break|p2b: Rillaboom\n|-damage|p2b: Rillaboom|70\/100\n|-unboost|p2b: Rillaboom|spa|1\n|move|p1a: Cresselia|Trick Room|p1a: Cresselia\n|-fieldstart|move: Trick Room|[of] p1a: Cresselia\n|\n|-heal|p1b: Grimmsnarl|26\/100|[from] Grassy Terrain\n|-heal|p2b: Rillaboom|76\/100|[from] Grassy Terrain\n|upkeep\n|turn|3\n|inactive|Givrix has 240 seconds left.\n|\n|t:|1699039730\n|switch|p1a: Volcanion|Volcanion|100\/100\n|-damage|p1a: Volcanion|76\/100|[from] Stealth Rock\n|switch|p2a: Landorus|Landorus-Therian, M|100\/100\n|-ability|p2a: Landorus|Intimidate|boost\n|-unboost|p1a: Volcanion|atk|1\n|-unboost|p1b: Grimmsnarl|atk|1\n|move|p1b: Grimmsnarl|Light Screen|p1b: Grimmsnarl\n|-sidestart|p1: h4v|move: Light Screen\n|move|p2b: Rillaboom|U-turn|p1b: Grimmsnarl\n|-damage|p1b: Grimmsnarl|11\/100\n|inactive|Givrix has 240 seconds left.\n|\n|t:|1699039748\n|switch|p2b: Kommo-o|Kommo-o, F|100\/100|[from] U-turn\n|\n|-heal|p1b: Grimmsnarl|17\/100|[from] Grassy Terrain\n|-heal|p1a: Volcanion|82\/100|[from] Grassy Terrain\n|upkeep\n|turn|4\n|inactive|Givrix has 240 seconds left.\n|inactive|h4v has 210 seconds left.\n|inactive|Givrix has 210 seconds left.\n|inactive|Givrix has 180 seconds left.\n|\n|t:|1699039823\n|switch|p2a: Ninetales|Ninetales-Alola, F|100\/100\n|-weather|Snow|[from] ability: Snow Warning|[of] p2a: Ninetales\n|move|p1b: Grimmsnarl|Spirit Break|p2b: Kommo-o\n|-supereffective|p2b: Kommo-o\n|-damage|p2b: Kommo-o|55\/100\n|move|p1a: Volcanion|Steam Eruption|p2a: Ninetales|[miss]\n|-miss|p1a: Volcanion|p2a: Ninetales\n|move|p2b: Kommo-o|Drain Punch|p1b: Grimmsnarl\n|-damage|p1b: Grimmsnarl|0 fnt\n|-heal|p2b: Kommo-o|65\/100|[from] drain|[of] p1b: Grimmsnarl\n|faint|p1b: Grimmsnarl\n|\n|-weather|Snow|[upkeep]\n|-heal|p1a: Volcanion|88\/100|[from] Grassy Terrain\n|-heal|p2b: Kommo-o|71\/100|[from] Grassy Terrain\n|upkeep\n|inactive|h4v has 210 seconds left.\n|\n|t:|1699039841\n|switch|p1b: Iron Hands|Iron Hands, shiny|100\/100\n|-damage|p1b: Iron Hands|94\/100|[from] Stealth Rock\n|turn|5\n|inactive|Givrix has 180 seconds left.\n|\n|t:|1699039897\n|switch|p2b: Landorus|Landorus-Therian, M|100\/100\n|-ability|p2b: Landorus|Intimidate|boost\n|-unboost|p1a: Volcanion|atk|1\n|-unboost|p1b: Iron Hands|atk|1\n|-terastallize|p1a: Volcanion|Fairy\n|move|p1b: Iron Hands|Heavy Slam|p2a: Ninetales\n|-supereffective|p2a: Ninetales\n|-damage|p2a: Ninetales|0 fnt\n|faint|p2a: Ninetales\n|move|p1a: Volcanion|Tera Blast|p2b: Landorus|[anim] Tera Blast Fairy\n|-damage|p2b: Landorus|63\/100\n|\n|-weather|Snow|[upkeep]\n|-heal|p1b: Iron Hands|100\/100|[from] Grassy Terrain\n|-heal|p1a: Volcanion|94\/100|[from] Grassy Terrain\n|-fieldend|move: Grassy Terrain\n|upkeep\n|inactive|Givrix has 150 seconds left.\n|inactive|Givrix has 120 seconds left.\n|\n|t:|1699039941\n|switch|p2a: Rillaboom|Rillaboom, F|76\/100\n|-fieldstart|move: Grassy Terrain|[from] ability: Grassy Surge|[of] p2a: Rillaboom\n|turn|6\n|inactive|h4v has 240 seconds left.\n|inactive|Givrix has 120 seconds left.\n|\n|t:|1699039998\n|move|p2a: Rillaboom|Fake Out|p1a: Volcanion\n|-damage|p1a: Volcanion|88\/100\n|move|p1b: Iron Hands|Swords Dance|p1b: Iron Hands\n|-boost|p1b: Iron Hands|atk|2\n|cant|p1a: Volcanion|flinch\n|move|p2b: Landorus|Stomping Tantrum|p1a: Volcanion\n|-damage|p1a: Volcanion|69\/100\n|\n|-weather|Snow|[upkeep]\n|-heal|p1a: Volcanion|75\/100|[from] Grassy Terrain\n|-heal|p2a: Rillaboom|82\/100|[from] Grassy Terrain\n|-fieldend|move: Trick Room\n|upkeep\n|turn|7\n|inactive|h4v has 240 seconds left.\n|inactive|Givrix has 90 seconds left.\n|\n|t:|1699040050\n|move|p2b: Landorus|U-turn|p1a: Volcanion\n|-resisted|p1a: Volcanion\n|-damage|p1a: Volcanion|69\/100\n|\n|t:|1699040055\n|switch|p2b: Kommo-o|Kommo-o, F|71\/100|[from] U-turn\n|move|p2a: Rillaboom|Wood Hammer|p1a: Volcanion\n|-damage|p1a: Volcanion|31\/100\n|-damage|p2a: Rillaboom|72\/100|[from] Recoil\n|move|p1a: Volcanion|Heat Wave|p2b: Kommo-o|[spread] p2b\n|-miss|p1a: Volcanion|p2a: Rillaboom\n|-resisted|p2b: Kommo-o\n|-damage|p2b: Kommo-o|52\/100\n|move|p1b: Iron Hands|Wild Charge|p2a: Rillaboom\n|-resisted|p2a: Rillaboom\n|-damage|p2a: Rillaboom|39\/100\n|-damage|p1b: Iron Hands|94\/100|[from] Recoil\n|\n|-weather|Snow|[upkeep]\n|-heal|p2b: Kommo-o|59\/100|[from] Grassy Terrain\n|-heal|p2a: Rillaboom|45\/100|[from] Grassy Terrain\n|-heal|p1a: Volcanion|37\/100|[from] Grassy Terrain\n|-heal|p1b: Iron Hands|99\/100|[from] Grassy Terrain\n|upkeep\n|turn|8\n|inactive|Givrix has 90 seconds left.\n|\n|t:|1699040089\n|move|p2b: Kommo-o|Fire Punch|p1b: Iron Hands\n|-damage|p1b: Iron Hands|90\/100\n|move|p2a: Rillaboom|U-turn|p1a: Volcanion\n|-resisted|p1a: Volcanion\n|-damage|p1a: Volcanion|31\/100\n|\n|t:|1699040092\n|switch|p2a: Landorus|Landorus-Therian, M|63\/100|[from] U-turn\n|-ability|p2a: Landorus|Intimidate|boost\n|-unboost|p1a: Volcanion|atk|1\n|-unboost|p1b: Iron Hands|atk|1\n|move|p1a: Volcanion|Heat Wave|p2a: Landorus|[spread] p2a,p2b\n|-resisted|p2b: Kommo-o\n|-damage|p2a: Landorus|25\/100\n|-damage|p2b: Kommo-o|43\/100\n|-enditem|p2a: Landorus|Sitrus Berry|[eat]\n|-heal|p2a: Landorus|50\/100|[from] item: Sitrus Berry\n|move|p1b: Iron Hands|Drain Punch|p2b: Kommo-o\n|-damage|p2b: Kommo-o|3\/100\n|-heal|p1b: Iron Hands|100\/100|[from] drain|[of] p2b: Kommo-o\n|\n|-weather|none\n|-heal|p2b: Kommo-o|9\/100|[from] Grassy Terrain\n|-heal|p1a: Volcanion|38\/100|[from] Grassy Terrain\n|-sideend|p1: h4v|Reflect\n|upkeep\n|turn|9\n|inactive|h4v disconnected and has 300 seconds to reconnect!\n|player|p1|\n|inactive|Givrix has 90 seconds left.\n|inactive|h4v has 270 seconds to reconnect!\n|inactive|h4v reconnected and has 275 seconds left.\n|player|p1|h4v|rosa\n|inactive|h4v has 270 seconds left.\n|inactive|Givrix has 60 seconds left.\n|inactive|h4v has 240 seconds left.\n|inactive|Givrix has 30 seconds left.\n|\n|t:|1699040206\n|-end|p1b: Iron Hands|Quark Drive|[silent]\n|switch|p1b: Sinistcha|Sinistcha|100\/100\n|-damage|p1b: Sinistcha|88\/100|[from] Stealth Rock\n|-heal|p1a: Volcanion|62\/100|[from] ability: Hospitality|[of] p1b: Sinistcha\n|move|p2b: Kommo-o|Fire Punch|p1a: Volcanion\n|-damage|p1a: Volcanion|45\/100\n|move|p2a: Landorus|Stomping Tantrum|p1b: Sinistcha\n|-resisted|p1b: Sinistcha\n|-damage|p1b: Sinistcha|72\/100\n|-damage|p2a: Landorus|33\/100|[from] item: Rocky Helmet|[of] p1b: Sinistcha\n|move|p1a: Volcanion|Steam Eruption|p2a: Landorus\n|-supereffective|p2a: Landorus\n|-damage|p2a: Landorus|0 fnt\n|faint|p2a: Landorus\n|\n|-heal|p2b: Kommo-o|15\/100|[from] Grassy Terrain\n|-heal|p1a: Volcanion|51\/100|[from] Grassy Terrain\n|-heal|p1b: Sinistcha|78\/100|[from] Grassy Terrain\n|upkeep\n|inactive|Givrix has 30 seconds left.\n|\n|t:|1699040218\n|switch|p2a: Chi-Yu|Chi-Yu|100\/100\n|-ability|p2a: Chi-Yu|Beads of Ruin\n|-enditem|p2a: Chi-Yu|Grassy Seed\n|-boost|p2a: Chi-Yu|def|1|[from] item: Grassy Seed\n|turn|10\n|inactive|h4v has 240 seconds left.\n|inactive|h4v has 210 seconds left.\n|inactive|h4v has 180 seconds left.\n|inactive|Givrix has 30 seconds left.\n|\n|t:|1699040298\n|switch|p2b: Rillaboom|Rillaboom, F|45\/100\n|switch|p1b: Iron Hands|Iron Hands, shiny|100\/100\n|-damage|p1b: Iron Hands|94\/100|[from] Stealth Rock\n|-terastallize|p2a: Chi-Yu|Fairy\n|move|p2a: Chi-Yu|Nasty Plot|p2a: Chi-Yu\n|-boost|p2a: Chi-Yu|spa|2\n|move|p1a: Volcanion|Steam Eruption|p2a: Chi-Yu\n|-damage|p2a: Chi-Yu|50\/100\n|\n|-heal|p2a: Chi-Yu|56\/100|[from] Grassy Terrain\n|-heal|p2b: Rillaboom|51\/100|[from] Grassy Terrain\n|-heal|p1a: Volcanion|57\/100|[from] Grassy Terrain\n|-heal|p1b: Iron Hands|100\/100|[from] Grassy Terrain\n|-sideend|p1: h4v|move: Light Screen\n|-fieldend|move: Grassy Terrain\n|upkeep\n|turn|11\n|\n|t:|1699040316\n|move|p2b: Rillaboom|Fake Out|p1b: Iron Hands\n|-damage|p1b: Iron Hands|92\/100\n|move|p2a: Chi-Yu|Heat Wave|p1b: Iron Hands|[spread] p1a,p1b\n|-damage|p1a: Volcanion|0 fnt\n|-damage|p1b: Iron Hands|0 fnt\n|faint|p1a: Volcanion\n|faint|p1b: Iron Hands\n|-end|p1b: Iron Hands|Quark Drive|[silent]\n|\n|upkeep\n|\n|t:|1699040324\n|switch|p1a: Cresselia|Cresselia, F, shiny|94\/100\n|switch|p1b: Goodra|Goodra-Hisui, F, shiny|100\/100\n|-damage|p1a: Cresselia|81\/100|[from] Stealth Rock\n|-damage|p1b: Goodra|94\/100|[from] Stealth Rock\n|turn|12\n|inactive|h4v has 210 seconds left.\n|inactive|Givrix has 60 seconds left.\n|\n|t:|1699040334\n|move|p2a: Chi-Yu|Dark Pulse|p1a: Cresselia\n|-supereffective|p1a: Cresselia\n|-damage|p1a: Cresselia|0 fnt\n|faint|p1a: Cresselia\n|move|p2b: Rillaboom|U-turn|p1b: Goodra\n|-resisted|p1b: Goodra\n|-damage|p1b: Goodra|85\/100\n|\n|t:|1699040340\n|switch|p2b: Gholdengo|Gholdengo|100\/100|[from] U-turn\n|move|p1b: Goodra|Heavy Slam|p2a: Chi-Yu\n|-supereffective|p2a: Chi-Yu\n|-damage|p2a: Chi-Yu|0 fnt\n|faint|p2a: Chi-Yu\n|\n|-heal|p1b: Goodra|91\/100|[from] item: Leftovers\n|upkeep\n|\n|t:|1699040348\n|switch|p2a: Kommo-o|Kommo-o, F|15\/100\n|switch|p1a: Sinistcha|Sinistcha|78\/100\n|-damage|p1a: Sinistcha|66\/100|[from] Stealth Rock\n|-heal|p1b: Goodra|100\/100|[from] ability: Hospitality|[of] p1a: Sinistcha\n|turn|13\n|\n|t:|1699040358\n|move|p2b: Gholdengo|Shadow Ball|p1a: Sinistcha\n|-supereffective|p1a: Sinistcha\n|-damage|p1a: Sinistcha|0 fnt\n|faint|p1a: Sinistcha\n|move|p2a: Kommo-o|Drain Punch|p1b: Goodra\n|-supereffective|p1b: Goodra\n|-damage|p1b: Goodra|42\/100\n|-heal|p2a: Kommo-o|41\/100|[from] drain|[of] p1b: Goodra\n|move|p1b: Goodra|Acid Armor|p1b: Goodra\n|-boost|p1b: Goodra|def|2\n|\n|-heal|p1b: Goodra|49\/100|[from] item: Leftovers\n|upkeep\n|turn|14\n|\n|t:|1699040369\n|move|p2b: Gholdengo|Shadow Ball|p1b: Goodra\n|-damage|p1b: Goodra|22\/100\n|move|p2a: Kommo-o|Drain Punch|p1b: Goodra\n|-supereffective|p1b: Goodra\n|-damage|p1b: Goodra|0 fnt\n|-heal|p2a: Kommo-o|51\/100|[from] drain|[of] p1b: Goodra\n|faint|p1b: Goodra\n|\n|win|Givrix\n|c|\u2606Givrix|gg\n|c|\u2606h4v|ggs\n","uploadtime":1699040370,"views":108,"p1id":"h4v","p2id":"givrix","formatid":"gen9doublesou","rating":0,"private":0,"password":""}