{"id":"smogtours-gen9doublesou-725033","p1":"xqiht","p2":"Nails","format":"[Gen 9] Doubles OU","log":"|inactive|Battle timer is ON: inactive players will automatically lose when time's up.\n|t:|1697855422\n|gametype|doubles\n|player|p1|xqiht|#scl3shoguns|\n|player|p2|Nails|#scl2terrors|\n|teamsize|p1|6\n|teamsize|p2|6\n|gen|9\n|tier|[Gen 9] Doubles OU\n|rule|Species Clause: Limit one of each Pok\u00e9mon\n|rule|OHKO Clause: OHKO moves are banned\n|rule|Evasion Moves Clause: Evasion moves are banned\n|rule|Gravity Sleep Clause: The combination of sleep-inducing moves with imperfect accuracy and Gravity or Gigantamax Orbeetle are banned\n|rule|Endless Battle Clause: Forcing endless battles is banned\n|rule|HP Percentage Mod: HP is shown in percentages\n|clearpoke\n|poke|p1|Walking Wake|\n|poke|p1|Great Tusk|\n|poke|p1|Torkoal, F|\n|poke|p1|Flutter Mane|\n|poke|p1|Heatran, F|\n|poke|p1|Tornadus, M|\n|poke|p2|Tyranitar, M|\n|poke|p2|Amoonguss, F|\n|poke|p2|Iron Hands|\n|poke|p2|Flutter Mane|\n|poke|p2|Basculegion, M|\n|poke|p2|Ogerpon-Hearthflame, F|\n|teampreview\n|c|\u2606Nails|hf\n|c|\u2606xqiht|hf\n|inactive|xqiht has 270 seconds left.\n|inactive|Nails has 270 seconds left.\n|inactive|Nails has 240 seconds left.\n|inactive|Nails has 210 seconds left.\n|c|+avarice|gmut\n|c|\u2606Nails|gma\n|\n|t:|1697855529\n|start\n|switch|p1a: Great Tusk|Great Tusk|100\/100\n|switch|p1b: Tornadus|Tornadus, M|100\/100\n|switch|p2a: Ogerpon|Ogerpon-Hearthflame, F|100\/100\n|switch|p2b: Basculegion|Basculegion, M|100\/100\n|-ability|p2a: Ogerpon|Mold Breaker\n|turn|1\n|inactive|Nails has 270 seconds left.\n|inactive|Nails has 240 seconds left.\n|inactive|xqiht has 270 seconds left.\n|inactive|xqiht has 240 seconds left.\n|\n|t:|1697855635\n|move|p1a: Great Tusk|Knock Off|p2b: Basculegion\n|-supereffective|p2b: Basculegion\n|-damage|p2b: Basculegion|23\/100\n|-enditem|p2b: Basculegion|Choice Scarf|[from] move: Knock Off|[of] p1a: Great Tusk\n|move|p1b: Tornadus|Bleakwind Storm|p2a: Ogerpon|[spread] p2a,p2b\n|-supereffective|p2a: Ogerpon\n|-damage|p2a: Ogerpon|36\/100\n|-damage|p2b: Basculegion|0 fnt\n|-unboost|p2a: Ogerpon|spe|1\n|faint|p2b: Basculegion\n|move|p2a: Ogerpon|Spikes|p1b: Tornadus\n|-sidestart|p1: xqiht|Spikes\n|\n|upkeep\n|inactive|Nails has 210 seconds left.\n|\n|t:|1697855645\n|switch|p2b: Tyranitar|Tyranitar, M|100\/100\n|-weather|Sandstorm|[from] ability: Sand Stream|[of] p2b: Tyranitar\n|turn|2\n|inactive|xqiht has 240 seconds left.\n|inactive|Nails has 210 seconds left.\n|inactive|xqiht has 210 seconds left.\n|\n|t:|1697855693\n|-end|p1a: Great Tusk|Protosynthesis|[silent]\n|switch|p1a: Heatran|Heatran, F|100\/100\n|-damage|p1a: Heatran|88\/100|[from] Spikes\n|switch|p1b: Torkoal|Torkoal, F|100\/100\n|-damage|p1b: Torkoal|88\/100|[from] Spikes\n|-weather|SunnyDay|[from] ability: Drought|[of] p1b: Torkoal\n|move|p2a: Ogerpon|Ivy Cudgel|p1b: Torkoal\n|-resisted|p1b: Torkoal\n|-damage|p1b: Torkoal|56\/100\n|-enditem|p1b: Torkoal|Eject Button\n|inactive|xqiht has 210 seconds left.\n|\n|t:|1697855707\n|switch|p1b: Great Tusk|Great Tusk|100\/100\n|-damage|p1b: Great Tusk|88\/100|[from] Spikes\n|-activate|p1b: Great Tusk|ability: Protosynthesis\n|-start|p1b: Great Tusk|protosynthesisatk\n|move|p2b: Tyranitar|Stealth Rock|p1a: Heatran\n|-sidestart|p1: xqiht|move: Stealth Rock\n|\n|-weather|SunnyDay|[upkeep]\n|-heal|p1a: Heatran|94\/100|[from] item: Leftovers\n|upkeep\n|turn|3\n|inactive|Nails has 210 seconds left.\n|inactive|xqiht has 210 seconds left.\n|\n|t:|1697855743\n|move|p2a: Ogerpon|Follow Me|p2a: Ogerpon\n|-singleturn|p2a: Ogerpon|move: Follow Me\n|move|p1b: Great Tusk|Headlong Rush|p2a: Ogerpon\n|-damage|p2a: Ogerpon|0 fnt\n|-unboost|p1b: Great Tusk|def|1\n|-unboost|p1b: Great Tusk|spd|1\n|faint|p2a: Ogerpon\n|move|p1a: Heatran|Heat Wave|p2b: Tyranitar\n|-resisted|p2b: Tyranitar\n|-damage|p2b: Tyranitar|72\/100\n|move|p2b: Tyranitar|High Horsepower|p1a: Heatran\n|-supereffective|p1a: Heatran\n|-damage|p1a: Heatran|0 fnt\n|faint|p1a: Heatran\n|\n|-weather|SunnyDay|[upkeep]\n|upkeep\n|inactive|xqiht has 210 seconds left.\n|inactive|Nails has 180 seconds left.\n|c|\u2606xqiht|\uff0c\n|inactive|Nails has 150 seconds left.\n|\n|t:|1697855816\n|switch|p2a: Flutter Mane|Flutter Mane|100\/100\n|switch|p1a: Flutter Mane|Flutter Mane|100\/100\n|-activate|p2a: Flutter Mane|ability: Protosynthesis\n|-start|p2a: Flutter Mane|protosynthesisspe\n|-damage|p1a: Flutter Mane|88\/100|[from] Spikes\n|-damage|p1a: Flutter Mane|76\/100|[from] Stealth Rock\n|-activate|p1a: Flutter Mane|ability: Protosynthesis\n|-start|p1a: Flutter Mane|protosynthesisspe\n|turn|4\n|inactive|Nails has 150 seconds left.\n|inactive|xqiht has 210 seconds left.\n|inactive|Nails has 120 seconds left.\n|\n|t:|1697855872\n|-end|p1b: Great Tusk|Protosynthesis|[silent]\n|switch|p1b: Torkoal|Torkoal, F|56\/100\n|-damage|p1b: Torkoal|44\/100|[from] Spikes\n|-damage|p1b: Torkoal|19\/100|[from] Stealth Rock\n|-terastallize|p1a: Flutter Mane|Fairy\n|-terastallize|p2b: Tyranitar|Grass\n|move|p2a: Flutter Mane|Protect|p2a: Flutter Mane\n|-singleturn|p2a: Flutter Mane|Protect\n|move|p1a: Flutter Mane|Moonblast|p2b: Tyranitar\n|-damage|p2b: Tyranitar|18\/100\n|-enditem|p2b: Tyranitar|Sitrus Berry|[eat]\n|-heal|p2b: Tyranitar|43\/100|[from] item: Sitrus Berry\n|move|p2b: Tyranitar|High Horsepower|p1b: Torkoal\n|-supereffective|p1b: Torkoal\n|-damage|p1b: Torkoal|0 fnt\n|faint|p1b: Torkoal\n|\n|-weather|SunnyDay|[upkeep]\n|upkeep\n|\n|t:|1697855885\n|switch|p1b: Tornadus|Tornadus, M|100\/100\n|-damage|p1b: Tornadus|76\/100|[from] Stealth Rock\n|turn|5\n|inactive|xqiht has 210 seconds left.\n|inactive|Nails has 120 seconds left.\n|\n|t:|1697855925\n|-end|p2a: Flutter Mane|Protosynthesis|[silent]\n|switch|p2a: Amoonguss|Amoonguss, F|100\/100\n|switch|p2b: Iron Hands|Iron Hands|100\/100\n|move|p1b: Tornadus|Tailwind|p1b: Tornadus\n|-sidestart|p1: xqiht|move: Tailwind\n|move|p1a: Flutter Mane|Moonblast|p2b: Iron Hands\n|-supereffective|p2b: Iron Hands\n|-damage|p2b: Iron Hands|0 fnt\n|faint|p2b: Iron Hands\n|-end|p2b: Iron Hands|Quark Drive|[silent]\n|\n|-weather|SunnyDay|[upkeep]\n|upkeep\n|inactive|Nails has 90 seconds left.\n|\n|t:|1697855950\n|switch|p2b: Flutter Mane|Flutter Mane|100\/100\n|-activate|p2b: Flutter Mane|ability: Protosynthesis\n|-start|p2b: Flutter Mane|protosynthesisspe\n|turn|6\n|inactive|Nails has 90 seconds left.\n|\n|t:|1697855984\n|move|p2a: Amoonguss|Rage Powder|p2a: Amoonguss\n|-singleturn|p2a: Amoonguss|move: Rage Powder\n|move|p1b: Tornadus|Taunt|p2a: Amoonguss\n|-start|p2a: Amoonguss|move: Taunt\n|move|p1a: Flutter Mane|Shadow Ball|p2a: Amoonguss\n|-damage|p2a: Amoonguss|71\/100\n|move|p2b: Flutter Mane|Icy Wind|p1b: Tornadus|[spread] p1a,p1b\n|-supereffective|p1b: Tornadus\n|-damage|p1a: Flutter Mane|65\/100\n|-damage|p1b: Tornadus|48\/100\n|-unboost|p1a: Flutter Mane|spe|1\n|\n|-weather|none\n|-end|p1a: Flutter Mane|Protosynthesis\n|-end|p2b: Flutter Mane|Protosynthesis\n|upkeep\n|-enditem|p2b: Flutter Mane|Booster Energy\n|-activate|p2b: Flutter Mane|ability: Protosynthesis|[fromitem]\n|-start|p2b: Flutter Mane|protosynthesisspe\n|turn|7\n|inactive|xqiht has 240 seconds left.\n|inactive|Nails has 90 seconds left.\n|\n|t:|1697856021\n|switch|p2a: Tyranitar|Tyranitar, M, tera:Grass|43\/100\n|-weather|Sandstorm|[from] ability: Sand Stream|[of] p2a: Tyranitar\n|move|p2b: Flutter Mane|Protect|p2b: Flutter Mane\n|-singleturn|p2b: Flutter Mane|Protect\n|move|p1b: Tornadus|Bleakwind Storm|p2b: Flutter Mane|[spread] p2a\n|-activate|p2b: Flutter Mane|move: Protect\n|-supereffective|p2a: Tyranitar\n|-damage|p2a: Tyranitar|0 fnt\n|faint|p2a: Tyranitar\n|move|p1a: Flutter Mane|Shadow Ball|p2b: Flutter Mane\n|-activate|p2b: Flutter Mane|move: Protect\n|\n|-weather|Sandstorm|[upkeep]\n|-damage|p1b: Tornadus|42\/100|[from] Sandstorm\n|-damage|p2b: Flutter Mane|94\/100|[from] Sandstorm\n|-damage|p1a: Flutter Mane|59\/100|[from] Sandstorm\n|upkeep\n|\n|t:|1697856028\n|switch|p2a: Amoonguss|Amoonguss, F|100\/100\n|turn|8\n|inactive|Nails has 90 seconds left.\n|inactive|xqiht has 240 seconds left.\n|inactive|xqiht has 210 seconds left.\n|inactive|xqiht has 180 seconds left.\n|inactive|xqiht has 150 seconds left.\n|inactive|xqiht has 120 seconds left.\n|inactive|xqiht has 90 seconds left.\n|c|\u2606Nails|you there?\n|\n|t:|1697856236\n|switch|p1b: Great Tusk|Great Tusk|88\/100\n|-damage|p1b: Great Tusk|76\/100|[from] Spikes\n|-damage|p1b: Great Tusk|73\/100|[from] Stealth Rock\n|move|p1a: Flutter Mane|Protect|p1a: Flutter Mane\n|-singleturn|p1a: Flutter Mane|Protect\n|move|p2a: Amoonguss|Rage Powder|p2a: Amoonguss\n|-singleturn|p2a: Amoonguss|move: Rage Powder\n|move|p2b: Flutter Mane|Moonblast|p1b: Great Tusk\n|-supereffective|p1b: Great Tusk\n|-damage|p1b: Great Tusk|0 fnt\n|faint|p1b: Great Tusk\n|-end|p1b: Great Tusk|Protosynthesis|[silent]\n|\n|-weather|Sandstorm|[upkeep]\n|-damage|p2b: Flutter Mane|88\/100|[from] Sandstorm\n|-damage|p1a: Flutter Mane|53\/100|[from] Sandstorm\n|-damage|p2a: Amoonguss|94\/100|[from] Sandstorm\n|-sideend|p1: xqiht|move: Tailwind\n|upkeep\n|\n|t:|1697856240\n|switch|p1b: Tornadus|Tornadus, M|42\/100\n|-damage|p1b: Tornadus|17\/100|[from] Stealth Rock\n|turn|9\n|inactive|xqiht has 90 seconds left.\n|inactive|Nails has 90 seconds left.\n|inactive|xqiht has 60 seconds left.\n|inactive|Nails has 60 seconds left.\n|\n|t:|1697856282\n|move|p1b: Tornadus|Tailwind|p1b: Tornadus\n|-sidestart|p1: xqiht|move: Tailwind\n|move|p2b: Flutter Mane|Icy Wind|p1b: Tornadus|[spread] p1a,p1b\n|-supereffective|p1b: Tornadus\n|-damage|p1a: Flutter Mane|43\/100\n|-damage|p1b: Tornadus|0 fnt\n|-unboost|p1a: Flutter Mane|spe|1\n|faint|p1b: Tornadus\n|move|p1a: Flutter Mane|Shadow Ball|p2b: Flutter Mane\n|-supereffective|p2b: Flutter Mane\n|-damage|p2b: Flutter Mane|27\/100\n|move|p2a: Amoonguss|Spore|p1a: Flutter Mane\n|-status|p1a: Flutter Mane|slp|[from] move: Spore\n|\n|-weather|Sandstorm|[upkeep]\n|-damage|p2b: Flutter Mane|20\/100|[from] Sandstorm\n|-damage|p1a: Flutter Mane|37\/100 slp|[from] Sandstorm\n|-damage|p2a: Amoonguss|88\/100|[from] Sandstorm\n|upkeep\n|\n|t:|1697856288\n|switch|p1b: Walking Wake|Walking Wake|100\/100\n|-damage|p1b: Walking Wake|88\/100|[from] Spikes\n|-damage|p1b: Walking Wake|76\/100|[from] Stealth Rock\n|turn|10\n|\n|t:|1697856310\n|move|p2a: Amoonguss|Rage Powder|p2a: Amoonguss\n|-singleturn|p2a: Amoonguss|move: Rage Powder\n|move|p2b: Flutter Mane|Moonblast|p1b: Walking Wake\n|-supereffective|p1b: Walking Wake\n|-damage|p1b: Walking Wake|9\/100\n|-unboost|p1b: Walking Wake|spa|1\n|move|p1b: Walking Wake|Flamethrower|p2a: Amoonguss\n|-supereffective|p2a: Amoonguss\n|-damage|p2a: Amoonguss|48\/100\n|cant|p1a: Flutter Mane|slp\n|\n|-weather|Sandstorm|[upkeep]\n|-damage|p2b: Flutter Mane|14\/100|[from] Sandstorm\n|-damage|p1b: Walking Wake|3\/100|[from] Sandstorm\n|-damage|p1a: Flutter Mane|31\/100 slp|[from] Sandstorm\n|-damage|p2a: Amoonguss|42\/100|[from] Sandstorm\n|upkeep\n|turn|11\n|inactive|Nails has 90 seconds left.\n|inactive|xqiht has 90 seconds left.\n|inactive|Nails has 60 seconds left.\n|\n|t:|1697856357\n|move|p2a: Amoonguss|Rage Powder|p2a: Amoonguss\n|-singleturn|p2a: Amoonguss|move: Rage Powder\n|move|p2b: Flutter Mane|Moonblast|p1a: Flutter Mane\n|-damage|p1a: Flutter Mane|0 fnt\n|faint|p1a: Flutter Mane\n|-end|p1a: Flutter Mane|Protosynthesis|[silent]\n|move|p1b: Walking Wake|Flamethrower|p2a: Amoonguss\n|-supereffective|p2a: Amoonguss\n|-damage|p2a: Amoonguss|0 fnt\n|faint|p2a: Amoonguss\n|\n|-weather|none\n|upkeep\n|turn|12\n|c|\u2606xqiht|gg\n|\n|t:|1697856368\n|move|p2b: Flutter Mane|Moonblast|p1b: Walking Wake\n|-supereffective|p1b: Walking Wake\n|-damage|p1b: Walking Wake|0 fnt\n|faint|p1b: Walking Wake\n|-end|p1b: Walking Wake|Protosynthesis|[silent]\n|\n|win|Nails\n|c|\u2606Nails|gg\n|c|\u2606Nails|replays where flutter mane does not look strong:\n|c|+Xrn|replays where basculegion does not look strong; (REAL)\n|c|\u2606xqiht|lol\n","uploadtime":1697856370,"views":616,"p1id":"xqiht","p2id":"nails","formatid":"gen9doublesou","rating":0,"private":0,"password":""}