{"id":"smogtours-gen9doublesou-723866","p1":"Xrn","p2":"Tenzai","format":"[Gen 9] Doubles OU","log":"|inactive|Battle timer is ON: inactive players will automatically lose when time's up.\n|t:|1697378598\n|gametype|doubles\n|player|p1|Xrn|#scl3platoon|\n|player|p2|Tenzai|#scl3spartans2|\n|teamsize|p1|6\n|teamsize|p2|6\n|gen|9\n|tier|[Gen 9] Doubles OU\n|rule|Species Clause: Limit one of each Pok\u00e9mon\n|rule|OHKO Clause: OHKO moves are banned\n|rule|Evasion Moves Clause: Evasion moves are banned\n|rule|Gravity Sleep Clause: The combination of sleep-inducing moves with imperfect accuracy and Gravity or Gigantamax Orbeetle are banned\n|rule|Endless Battle Clause: Forcing endless battles is banned\n|rule|HP Percentage Mod: HP is shown in percentages\n|clearpoke\n|poke|p1|Chi-Yu|\n|poke|p1|Flutter Mane|\n|poke|p1|Landorus-Therian, M|\n|poke|p1|Iron Hands|\n|poke|p1|Ogerpon-Wellspring, F|\n|poke|p1|Kingambit, F|\n|poke|p2|Ninetales-Alola, F|\n|poke|p2|Baxcalibur, M|\n|poke|p2|Kingambit, F|\n|poke|p2|Cresselia, F|\n|poke|p2|Rillaboom, F|\n|poke|p2|Landorus-Therian, M|\n|teampreview\n|inactive|Xrn also wants the timer to be on.\n|raw|<div class=\"broadcast-red\"><strong>Moderated chat was set to \u2606!<\/strong><br \/>Only users of rank \u2606 and higher can talk.<\/div>\n|c|\u2606Tenzai|hf\n|c|\u2606Xrn|hf\n|inactive|Xrn has 270 seconds left.\n|inactive|Tenzai has 270 seconds left.\n|inactive|Xrn has 240 seconds left.\n|inactive|Tenzai has 240 seconds left.\n|\n|t:|1697378667\n|start\n|switch|p1a: Chinese Satellite|Chi-Yu|100\/100\n|switch|p1b: Moon Song|Flutter Mane|100\/100\n|switch|p2a: Kingambit|Kingambit, F|100\/100\n|switch|p2b: Ninetales|Ninetales-Alola, F|100\/100\n|-weather|Snow|[from] ability: Snow Warning|[of] p2b: Ninetales\n|-ability|p1a: Chinese Satellite|Beads of Ruin\n|-enditem|p1b: Moon Song|Booster Energy\n|-activate|p1b: Moon Song|ability: Protosynthesis|[fromitem]\n|-start|p1b: Moon Song|protosynthesisspe\n|turn|1\n|inactive|Xrn has 270 seconds left.\n|inactive|Tenzai has 270 seconds left.\n|inactive|Xrn has 240 seconds left.\n|inactive|Tenzai has 240 seconds left.\n|\n|t:|1697378757\n|-terastallize|p2a: Kingambit|Fairy\n|move|p1b: Moon Song|Protect|p1b: Moon Song\n|-singleturn|p1b: Moon Song|Protect\n|move|p2b: Ninetales|Protect|p2b: Ninetales\n|-singleturn|p2b: Ninetales|Protect\n|move|p1a: Chinese Satellite|Heat Wave|p2b: Ninetales|[spread] p2a\n|-activate|p2b: Ninetales|move: Protect\n|-damage|p2a: Kingambit|70\/100\n|move|p2a: Kingambit|Tera Blast|p1a: Chinese Satellite|[anim] Tera Blast Fairy\n|-damage|p1a: Chinese Satellite|36\/100\n|\n|-weather|Snow|[upkeep]\n|upkeep\n|turn|2\n|inactive|Tenzai has 240 seconds left.\n|inactive|Xrn has 210 seconds left.\n|inactive|Tenzai has 210 seconds left.\n|inactive|Xrn has 180 seconds left.\n|inactive|Tenzai has 180 seconds left.\n|inactive|Xrn has 150 seconds left.\n|inactive|Tenzai has 150 seconds left.\n|\n|t:|1697378863\n|move|p1b: Moon Song|Shadow Ball|p2a: Kingambit\n|-damage|p2a: Kingambit|44\/100\n|move|p2b: Ninetales|Aurora Veil|p2b: Ninetales\n|-sidestart|p2: Tenzai|move: Aurora Veil\n|move|p1a: Chinese Satellite|Overheat|p2a: Kingambit\n|-damage|p2a: Kingambit|7\/100\n|-unboost|p1a: Chinese Satellite|spa|2\n|move|p2a: Kingambit|Iron Head|p1b: Moon Song\n|-supereffective|p1b: Moon Song\n|-damage|p1b: Moon Song|0 fnt\n|faint|p1b: Moon Song\n|-end|p1b: Moon Song|Protosynthesis|[silent]\n|\n|-weather|Snow|[upkeep]\n|upkeep\n|inactive|Xrn has 120 seconds left.\n|\n|t:|1697378894\n|switch|p1b: Kyoto|Kingambit, F, shiny|100\/100\n|turn|3\n|inactive|Xrn has 120 seconds left.\n|\n|t:|1697378912\n|switch|p2b: Rillaboom|Rillaboom, F|100\/100\n|-fieldstart|move: Grassy Terrain|[from] ability: Grassy Surge|[of] p2b: Rillaboom\n|switch|p1a: Savior Complex|Iron Hands|100\/100\n|switch|p2a: Cresselia|Cresselia, F|100\/100\n|move|p1b: Kyoto|Iron Head|p2a: Cresselia\n|-damage|p2a: Cresselia|82\/100\n|\n|-weather|Snow|[upkeep]\n|upkeep\n|turn|4\n|inactive|Xrn has 120 seconds left.\n|inactive|Tenzai has 150 seconds left.\n|inactive|Xrn has 90 seconds left.\n|\n|t:|1697378974\n|move|p2b: Rillaboom|Fake Out|p1b: Kyoto\n|-resisted|p1b: Kyoto\n|-damage|p1b: Kyoto|96\/100\n|move|p1a: Savior Complex|Fake Out|p2b: Rillaboom\n|-damage|p2b: Rillaboom|92\/100\n|move|p2a: Cresselia|Psyshock|p1a: Savior Complex\n|-supereffective|p1a: Savior Complex\n|-damage|p1a: Savior Complex|71\/100\n|cant|p1b: Kyoto|flinch\n|\n|-weather|Snow|[upkeep]\n|-heal|p2b: Rillaboom|98\/100|[from] Grassy Terrain\n|-heal|p1b: Kyoto|100\/100|[from] Grassy Terrain\n|-heal|p1a: Savior Complex|77\/100|[from] Grassy Terrain\n|upkeep\n|turn|5\n|inactive|Tenzai has 150 seconds left.\n|inactive|Xrn has 90 seconds left.\n|\n|t:|1697379015\n|switch|p2a: Ninetales|Ninetales-Alola, F|100\/100\n|-end|p1a: Savior Complex|Quark Drive|[silent]\n|switch|p1a: Punisher|Landorus-Therian, M, shiny|100\/100\n|-ability|p1a: Punisher|Intimidate|boost\n|-unboost|p2a: Ninetales|atk|1\n|-unboost|p2b: Rillaboom|atk|1\n|move|p2b: Rillaboom|Brick Break|p1b: Kyoto\n|-supereffective|p1b: Kyoto\n|-crit|p1b: Kyoto\n|-damage|p1b: Kyoto|0 fnt\n|faint|p1b: Kyoto\n|\n|-weather|none\n|-heal|p2b: Rillaboom|100\/100|[from] Grassy Terrain\n|upkeep\n|inactive|Xrn has 60 seconds left.\n|inactive|Xrn has 30 seconds left.\n|\n|t:|1697379079\n|switch|p1b: Savior Complex|Iron Hands|77\/100\n|turn|6\n|inactive|Tenzai has 150 seconds left.\n|\n|t:|1697379103\n|switch|p2a: Landorus|Landorus-Therian, M|100\/100\n|-ability|p2a: Landorus|Intimidate|boost\n|-unboost|p1a: Punisher|atk|1\n|-unboost|p1b: Savior Complex|atk|1\n|move|p1a: Punisher|U-turn|p2b: Rillaboom\n|-supereffective|p2b: Rillaboom\n|-damage|p2b: Rillaboom|81\/100\n|\n|t:|1697379106\n|switch|p1a: Garden Song|Ogerpon-Wellspring, F|100\/100|[from] U-turn\n|move|p2b: Rillaboom|U-turn|p1b: Savior Complex\n|-resisted|p1b: Savior Complex\n|-damage|p1b: Savior Complex|71\/100\n|inactive|Tenzai has 150 seconds left.\n|\n|t:|1697379140\n|switch|p2b: Ninetales|Ninetales-Alola, F|100\/100|[from] U-turn\n|-weather|Snow|[from] ability: Snow Warning|[of] p2b: Ninetales\n|move|p1b: Savior Complex|Heavy Slam|p2a: Landorus\n|-damage|p2a: Landorus|80\/100\n|\n|-weather|Snow|[upkeep]\n|-heal|p1b: Savior Complex|78\/100|[from] Grassy Terrain\n|upkeep\n|turn|7\n|inactive|Tenzai has 150 seconds left.\n|inactive|Xrn has 60 seconds left.\n|\n|t:|1697379168\n|switch|p2b: Rillaboom|Rillaboom, F|81\/100\n|switch|p2a: Baxcalibur|Baxcalibur, M|100\/100\n|move|p1a: Garden Song|Focus Energy|p1a: Garden Song\n|-start|p1a: Garden Song|move: Focus Energy\n|move|p1b: Savior Complex|Heavy Slam|p2b: Rillaboom\n|-damage|p2b: Rillaboom|66\/100\n|\n|-weather|Snow|[upkeep]\n|-heal|p2b: Rillaboom|72\/100|[from] Grassy Terrain\n|-heal|p1b: Savior Complex|84\/100|[from] Grassy Terrain\n|-fieldend|move: Grassy Terrain\n|upkeep\n|turn|8\n|inactive|Xrn has 60 seconds left.\n|inactive|Tenzai has 150 seconds left.\n|\n|t:|1697379192\n|move|p2b: Rillaboom|Fake Out|p1a: Garden Song\n|-damage|p1a: Garden Song|85\/100\n|cant|p1a: Garden Song|flinch\n|move|p2a: Baxcalibur|Dragon Dance|p2a: Baxcalibur\n|-boost|p2a: Baxcalibur|atk|1\n|-boost|p2a: Baxcalibur|spe|1\n|move|p1b: Savior Complex|Drain Punch|p2a: Baxcalibur\n|-supereffective|p2a: Baxcalibur\n|-damage|p2a: Baxcalibur|76\/100\n|-heal|p1b: Savior Complex|95\/100|[from] drain|[of] p2a: Baxcalibur\n|\n|-weather|Snow|[upkeep]\n|upkeep\n|turn|9\n|inactive|Xrn has 60 seconds left.\n|\n|t:|1697379229\n|-end|p1b: Savior Complex|Quark Drive|[silent]\n|switch|p1b: Punisher|Landorus-Therian, M, shiny|100\/100\n|-ability|p1b: Punisher|Intimidate|boost\n|-unboost|p2a: Baxcalibur|atk|1\n|-unboost|p2b: Rillaboom|atk|1\n|move|p2a: Baxcalibur|Protect|p2a: Baxcalibur\n|-singleturn|p2a: Baxcalibur|Protect\n|move|p1a: Garden Song|Spiky Shield|p1a: Garden Song\n|-singleturn|p1a: Garden Song|move: Protect\n|move|p2b: Rillaboom|U-turn|p1a: Garden Song\n|-activate|p1a: Garden Song|move: Protect\n|-damage|p2b: Rillaboom|60\/100|[from] Spiky Shield|[of] p1a: Garden Song\n|\n|-weather|Snow|[upkeep]\n|-sideend|p2: Tenzai|move: Aurora Veil\n|upkeep\n|turn|10\n|inactive|Xrn has 60 seconds left.\n|inactive|Tenzai has 180 seconds left.\n|inactive|Xrn has 30 seconds left.\n|\n|t:|1697379271\n|switch|p2a: Landorus|Landorus-Therian, M|80\/100\n|-ability|p2a: Landorus|Intimidate|boost\n|-unboost|p1a: Garden Song|atk|1\n|-unboost|p1b: Punisher|atk|1\n|move|p1b: Punisher|Rock Slide|p2b: Rillaboom|[spread] p2a,p2b\n|-damage|p2a: Landorus|68\/100\n|-damage|p2b: Rillaboom|48\/100\n|move|p1a: Garden Song|Ivy Cudgel|p2a: Landorus\n|-supereffective|p2a: Landorus\n|-crit|p2a: Landorus\n|-damage|p2a: Landorus|0 fnt\n|faint|p2a: Landorus\n|move|p2b: Rillaboom|U-turn|p1a: Garden Song\n|-supereffective|p1a: Garden Song\n|-crit|p1a: Garden Song\n|-damage|p1a: Garden Song|5\/100\n|inactive|Xrn has 30 seconds left this turn.\n|\n|t:|1697379283\n|switch|p2b: Baxcalibur|Baxcalibur, M|76\/100|[from] U-turn\n|\n|-weather|none\n|upkeep\n|inactive|Tenzai has 150 seconds left.\n|\n|t:|1697379305\n|switch|p2a: Rillaboom|Rillaboom, F|48\/100\n|-fieldstart|move: Grassy Terrain|[from] ability: Grassy Surge|[of] p2a: Rillaboom\n|turn|11\n|\n|t:|1697379316\n|switch|p1a: Savior Complex|Iron Hands|95\/100\n|move|p2a: Rillaboom|Fake Out|p1b: Punisher\n|-damage|p1b: Punisher|84\/100\n|cant|p1b: Punisher|flinch\n|move|p2b: Baxcalibur|Dragon Dance|p2b: Baxcalibur\n|-boost|p2b: Baxcalibur|atk|1\n|-boost|p2b: Baxcalibur|spe|1\n|\n|-heal|p2b: Baxcalibur|82\/100|[from] Grassy Terrain\n|-heal|p2a: Rillaboom|54\/100|[from] Grassy Terrain\n|-heal|p1a: Savior Complex|100\/100|[from] Grassy Terrain\n|upkeep\n|turn|12\n|inactive|Tenzai has 180 seconds left.\n|inactive|Xrn has 60 seconds left.\n|\n|t:|1697379350\n|switch|p1b: Garden Song|Ogerpon-Wellspring, F|5\/100\n|switch|p2a: Kingambit|Kingambit, F, tera:Fairy|7\/100\n|move|p2b: Baxcalibur|Protect|p2b: Baxcalibur\n|-singleturn|p2b: Baxcalibur|Protect\n|move|p1a: Savior Complex|Heavy Slam|p2a: Kingambit\n|-supereffective|p2a: Kingambit\n|-damage|p2a: Kingambit|0 fnt\n|faint|p2a: Kingambit\n|\n|-heal|p2b: Baxcalibur|88\/100|[from] Grassy Terrain\n|-heal|p1b: Garden Song|11\/100|[from] Grassy Terrain\n|upkeep\n|\n|t:|1697379354\n|switch|p2a: Ninetales|Ninetales-Alola, F|100\/100\n|-weather|Snow|[from] ability: Snow Warning|[of] p2a: Ninetales\n|turn|13\n|inactive|Tenzai has 180 seconds left.\n|inactive|Xrn has 60 seconds left.\n|\n|t:|1697379389\n|switch|p1b: Punisher|Landorus-Therian, M, shiny|84\/100\n|-ability|p1b: Punisher|Intimidate|boost\n|-unboost|p2a: Ninetales|atk|1\n|-unboost|p2b: Baxcalibur|atk|1\n|move|p2b: Baxcalibur|Protect||[still]\n|-fail|p2b: Baxcalibur\n|move|p2a: Ninetales|Blizzard|p1a: Savior Complex|[spread] p1a,p1b\n|-supereffective|p1b: Punisher\n|-damage|p1a: Savior Complex|88\/100\n|-damage|p1b: Punisher|0 fnt\n|faint|p1b: Punisher\n|move|p1a: Savior Complex|Drain Punch|p2b: Baxcalibur\n|-supereffective|p2b: Baxcalibur\n|-damage|p2b: Baxcalibur|35\/100\n|-heal|p1a: Savior Complex|100\/100|[from] drain|[of] p2b: Baxcalibur\n|\n|-weather|Snow|[upkeep]\n|-heal|p2b: Baxcalibur|41\/100|[from] Grassy Terrain\n|upkeep\n|\n|t:|1697379416\n|switch|p1b: Chinese Satellite|Chi-Yu|36\/100\n|-ability|p1b: Chinese Satellite|Beads of Ruin\n|turn|14\n|inactive|Xrn has 30 seconds left.\n|\n|t:|1697379447\n|move|p2b: Baxcalibur|Protect|p2b: Baxcalibur\n|-singleturn|p2b: Baxcalibur|Protect\n|move|p1b: Chinese Satellite|Protect|p1b: Chinese Satellite\n|-singleturn|p1b: Chinese Satellite|Protect\n|move|p2a: Ninetales|Aurora Veil|p2a: Ninetales\n|-sidestart|p2: Tenzai|move: Aurora Veil\n|move|p1a: Savior Complex|Drain Punch|p2b: Baxcalibur\n|-activate|p2b: Baxcalibur|move: Protect\n|\n|-weather|Snow|[upkeep]\n|-heal|p2b: Baxcalibur|47\/100|[from] Grassy Terrain\n|-heal|p1b: Chinese Satellite|42\/100|[from] Grassy Terrain\n|upkeep\n|turn|15\n|inactive|Tenzai has 180 seconds left.\n|\n|t:|1697379478\n|switch|p1b: Garden Song|Ogerpon-Wellspring, F|11\/100\n|move|p2b: Baxcalibur|High Horsepower|p1b: Garden Song\n|-resisted|p1b: Garden Song\n|-damage|p1b: Garden Song|0 fnt\n|faint|p1b: Garden Song\n|move|p2a: Ninetales|Blizzard|p1a: Savior Complex\n|-damage|p1a: Savior Complex|84\/100\n|move|p1a: Savior Complex|Drain Punch|p2b: Baxcalibur\n|-supereffective|p2b: Baxcalibur\n|-damage|p2b: Baxcalibur|11\/100\n|-heal|p1a: Savior Complex|100\/100|[from] drain|[of] p2b: Baxcalibur\n|\n|-weather|Snow|[upkeep]\n|-heal|p2b: Baxcalibur|17\/100|[from] Grassy Terrain\n|-fieldend|move: Grassy Terrain\n|upkeep\n|\n|t:|1697379486\n|switch|p1b: Chinese Satellite|Chi-Yu|42\/100\n|-ability|p1b: Chinese Satellite|Beads of Ruin\n|turn|16\n|inactive|Xrn has 60 seconds left.\n|inactive|Xrn has 30 seconds left.\n|inactive|Xrn has 20 seconds left.\n|\n|t:|1697379540\n|switch|p2a: Rillaboom|Rillaboom, F|54\/100\n|-fieldstart|move: Grassy Terrain|[from] ability: Grassy Surge|[of] p2a: Rillaboom\n|move|p2b: Baxcalibur|Protect|p2b: Baxcalibur\n|-singleturn|p2b: Baxcalibur|Protect\n|move|p1b: Chinese Satellite|Heat Wave|p2a: Rillaboom|[spread] p2a\n|-activate|p2b: Baxcalibur|move: Protect\n|-supereffective|p2a: Rillaboom\n|-damage|p2a: Rillaboom|12\/100\n|move|p1a: Savior Complex|Drain Punch|p2a: Rillaboom\n|-damage|p2a: Rillaboom|0 fnt\n|faint|p2a: Rillaboom\n|\n|-weather|Snow|[upkeep]\n|-heal|p2b: Baxcalibur|23\/100|[from] Grassy Terrain\n|-heal|p1b: Chinese Satellite|48\/100|[from] Grassy Terrain\n|upkeep\n|inactive|Xrn has 25 seconds left this turn.\n|inactive|Tenzai has 210 seconds left.\n|\n|t:|1697379548\n|switch|p2a: Cresselia|Cresselia, F|82\/100\n|turn|17\n|inactive|Xrn has 30 seconds left.\n|inactive|Xrn has 20 seconds left.\n|\n|t:|1697379580\n|move|p1b: Chinese Satellite|Protect|p1b: Chinese Satellite\n|-singleturn|p1b: Chinese Satellite|Protect\n|move|p2b: Baxcalibur|High Horsepower|p1b: Chinese Satellite\n|-activate|p1b: Chinese Satellite|move: Protect\n|move|p2a: Cresselia|Lunar Blessing|p2a: Cresselia|[spread] p2a,p2b\n|-heal|p2a: Cresselia|100\/100\n|-heal|p2b: Baxcalibur|48\/100\n|move|p1a: Savior Complex|Drain Punch|p2b: Baxcalibur\n|-supereffective|p2b: Baxcalibur\n|-damage|p2b: Baxcalibur|11\/100\n|\n|-weather|none\n|-heal|p2b: Baxcalibur|18\/100|[from] Grassy Terrain\n|-heal|p1b: Chinese Satellite|53\/100|[from] Grassy Terrain\n|upkeep\n|turn|18\n|inactive|Xrn has 30 seconds left.\n|inactive|Xrn has 20 seconds left.\n|inactive|Xrn has 15 seconds left.\n|\n|t:|1697379611\n|-terastallize|p1b: Chinese Satellite|Ghost\n|move|p2b: Baxcalibur|High Horsepower|p1b: Chinese Satellite\n|-damage|p1b: Chinese Satellite|2\/100\n|move|p1b: Chinese Satellite|Dark Pulse|p2a: Cresselia\n|-supereffective|p2a: Cresselia\n|-damage|p2a: Cresselia|59\/100\n|move|p2a: Cresselia|Psyshock|p1a: Savior Complex\n|-supereffective|p1a: Savior Complex\n|-damage|p1a: Savior Complex|68\/100\n|move|p1a: Savior Complex|Drain Punch|p2b: Baxcalibur\n|-supereffective|p2b: Baxcalibur\n|-damage|p2b: Baxcalibur|0 fnt\n|-heal|p1a: Savior Complex|76\/100|[from] drain|[of] p2b: Baxcalibur\n|faint|p2b: Baxcalibur\n|\n|-heal|p1b: Chinese Satellite|8\/100|[from] Grassy Terrain\n|-heal|p1a: Savior Complex|83\/100|[from] Grassy Terrain\n|upkeep\n|inactive|Xrn has 20 seconds left this turn.\n|\n|t:|1697379616\n|switch|p2b: Ninetales|Ninetales-Alola, F|100\/100\n|-weather|Snow|[from] ability: Snow Warning|[of] p2b: Ninetales\n|turn|19\n|inactive|Tenzai has 270 seconds left.\n|inactive|Xrn has 30 seconds left.\n|\n|t:|1697379644\n|move|p2b: Ninetales|Encore|p1a: Savior Complex\n|-start|p1a: Savior Complex|Encore\n|move|p1b: Chinese Satellite|Dark Pulse|p2a: Cresselia\n|-supereffective|p2a: Cresselia\n|-damage|p2a: Cresselia|16\/100\n|cant|p2a: Cresselia|flinch\n|move|p1a: Savior Complex|Drain Punch|p2b: Ninetales\n|-damage|p2b: Ninetales|75\/100\n|-heal|p1a: Savior Complex|92\/100|[from] drain|[of] p2b: Ninetales\n|\n|-weather|Snow|[upkeep]\n|-heal|p2b: Ninetales|81\/100|[from] Grassy Terrain\n|-heal|p1b: Chinese Satellite|14\/100|[from] Grassy Terrain\n|-heal|p1a: Savior Complex|98\/100|[from] Grassy Terrain\n|upkeep\n|turn|20\n|inactive|Xrn has 30 seconds left.\n|inactive|Xrn has 20 seconds left.\n|inactive|Xrn has 15 seconds left.\n|inactive|Xrn has 10 seconds left.\n|\n|t:|1697379685\n|move|p1b: Chinese Satellite|Protect|p1b: Chinese Satellite\n|-singleturn|p1b: Chinese Satellite|Protect\n|move|p2b: Ninetales|Blizzard|p1b: Chinese Satellite|[spread] p1a\n|-activate|p1b: Chinese Satellite|move: Protect\n|-damage|p1a: Savior Complex|82\/100\n|move|p2a: Cresselia|Lunar Blessing|p2a: Cresselia|[spread] p2a,p2b\n|-heal|p2a: Cresselia|41\/100\n|-heal|p2b: Ninetales|100\/100\n|move|p1a: Savior Complex|Drain Punch|p2b: Ninetales\n|-damage|p2b: Ninetales|73\/100\n|-heal|p1a: Savior Complex|92\/100|[from] drain|[of] p2b: Ninetales\n|\n|-weather|Snow|[upkeep]\n|-heal|p2b: Ninetales|79\/100|[from] Grassy Terrain\n|-heal|p1b: Chinese Satellite|20\/100|[from] Grassy Terrain\n|-heal|p1a: Savior Complex|98\/100|[from] Grassy Terrain\n|-fieldend|move: Grassy Terrain\n|upkeep\n|turn|21\n|inactive|Xrn has 30 seconds left.\n|\n|t:|1697379700\n|move|p2b: Ninetales|Blizzard|p1a: Savior Complex|[spread] p1a,p1b\n|-damage|p1a: Savior Complex|82\/100\n|-damage|p1b: Chinese Satellite|0 fnt\n|faint|p1b: Chinese Satellite\n|move|p2a: Cresselia|Lunar Blessing|p2a: Cresselia|[spread] p2a,p2b\n|-heal|p2a: Cresselia|66\/100\n|-heal|p2b: Ninetales|100\/100\n|move|p1a: Savior Complex|Drain Punch|p2b: Ninetales\n|-crit|p2b: Ninetales\n|-damage|p2b: Ninetales|35\/100\n|-heal|p1a: Savior Complex|100\/100|[from] drain|[of] p2b: Ninetales\n|\n|-weather|Snow|[upkeep]\n|-end|p1a: Savior Complex|Encore\n|-sideend|p2: Tenzai|move: Aurora Veil\n|upkeep\n|turn|22\n|\n|t:|1697379707\n|move|p2b: Ninetales|Encore|p1a: Savior Complex\n|-start|p1a: Savior Complex|Encore\n|move|p2a: Cresselia|Lunar Blessing|p2a: Cresselia|[spread] p2a,p2b\n|-heal|p2a: Cresselia|91\/100\n|-heal|p2b: Ninetales|60\/100\n|move|p1a: Savior Complex|Drain Punch|p2b: Ninetales\n|-damage|p2b: Ninetales|17\/100\n|\n|-weather|Snow|[upkeep]\n|upkeep\n|turn|23\n|\n|t:|1697379713\n|move|p2b: Ninetales|Protect|p2b: Ninetales\n|-singleturn|p2b: Ninetales|Protect\n|move|p2a: Cresselia|Lunar Blessing|p2a: Cresselia|[spread] p2a,p2b\n|-heal|p2a: Cresselia|100\/100\n|-heal|p2b: Ninetales|42\/100\n|move|p1a: Savior Complex|Drain Punch|p2b: Ninetales\n|-activate|p2b: Ninetales|move: Protect\n|\n|-weather|none\n|upkeep\n|turn|24\n|\n|t:|1697379720\n|move|p2b: Ninetales|Blizzard|p1a: Savior Complex\n|-damage|p1a: Savior Complex|84\/100\n|move|p2a: Cresselia|Lunar Blessing|p2a: Cresselia|[spread] p2a,p2b\n|-heal|p2b: Ninetales|67\/100\n|move|p1a: Savior Complex|Drain Punch|p2b: Ninetales\n|-damage|p2b: Ninetales|7\/100\n|-heal|p1a: Savior Complex|100\/100|[from] drain|[of] p2b: Ninetales\n|\n|-end|p1a: Savior Complex|Encore\n|upkeep\n|turn|25\n|\n|t:|1697379729\n|move|p2b: Ninetales|Protect|p2b: Ninetales\n|-singleturn|p2b: Ninetales|Protect\n|move|p2a: Cresselia|Psyshock|p1a: Savior Complex\n|-supereffective|p1a: Savior Complex\n|-damage|p1a: Savior Complex|67\/100\n|move|p1a: Savior Complex|Drain Punch|p2b: Ninetales\n|-activate|p2b: Ninetales|move: Protect\n|\n|upkeep\n|turn|26\n|\n|t:|1697379736\n|move|p2b: Ninetales|Encore|p1a: Savior Complex\n|-start|p1a: Savior Complex|Encore\n|move|p2a: Cresselia|Psyshock|p1a: Savior Complex\n|-supereffective|p1a: Savior Complex\n|-damage|p1a: Savior Complex|39\/100\n|move|p1a: Savior Complex|Drain Punch|p2b: Ninetales\n|-damage|p2b: Ninetales|0 fnt\n|-heal|p1a: Savior Complex|41\/100|[from] drain|[of] p2b: Ninetales\n|faint|p2b: Ninetales\n|\n|upkeep\n|turn|27\n|\n|t:|1697379743\n|move|p2a: Cresselia|Psyshock|p1a: Savior Complex\n|-supereffective|p1a: Savior Complex\n|-damage|p1a: Savior Complex|12\/100\n|move|p1a: Savior Complex|Drain Punch|p2a: Cresselia\n|-resisted|p2a: Cresselia\n|-damage|p2a: Cresselia|86\/100\n|-heal|p1a: Savior Complex|19\/100|[from] drain|[of] p2a: Cresselia\n|\n|-end|p1a: Savior Complex|Encore\n|upkeep\n|turn|28\n|\n|t:|1697379745\n|move|p2a: Cresselia|Psyshock|p1a: Savior Complex\n|-supereffective|p1a: Savior Complex\n|-damage|p1a: Savior Complex|0 fnt\n|faint|p1a: Savior Complex\n|-end|p1a: Savior Complex|Quark Drive|[silent]\n|\n|win|Tenzai\n|c|\u2606Tenzai|gg\n|c|\u2606Xrn|gg\n","uploadtime":1697379746,"views":371,"p1id":"xrn","p2id":"tenzai","formatid":"gen9doublesou","rating":0,"private":0,"password":""}