{"id":"smogtours-gen9doublesou-728320","p1":"ratpacker","p2":"Actuarily","format":"[Gen 9] Doubles OU","log":"|inactive|Battle timer is ON: inactive players will automatically lose when time's up.\n|t:|1699033222\n|gametype|doubles\n|player|p1|ratpacker|twins|\n|player|p2|Actuarily|roughneck-gen4|\n|teamsize|p1|6\n|teamsize|p2|6\n|gen|9\n|tier|[Gen 9] Doubles OU\n|rule|Species Clause: Limit one of each Pok\u00e9mon\n|rule|OHKO Clause: OHKO moves are banned\n|rule|Evasion Moves Clause: Evasion moves are banned\n|rule|Gravity Sleep Clause: The combination of sleep-inducing moves with imperfect accuracy and Gravity or Gigantamax Orbeetle are banned\n|rule|Endless Battle Clause: Forcing endless battles is banned\n|rule|HP Percentage Mod: HP is shown in percentages\n|clearpoke\n|poke|p1|Amoonguss, M|\n|poke|p1|Gholdengo|\n|poke|p1|Iron Hands|\n|poke|p1|Ogerpon-Wellspring, F|\n|poke|p1|Ninetales-Alola, M|\n|poke|p1|Tornadus, M|\n|poke|p2|Iron Bundle|\n|poke|p2|Landorus-Therian, M|\n|poke|p2|Ninetales-Alola, M|\n|poke|p2|Diancie|\n|poke|p2|Iron Hands|\n|poke|p2|Ogerpon-Hearthflame, F|\n|teampreview\n|c|\u2606Actuarily|Gl\n|c|\u2606ratpacker|gl\n|c|+Leo|pack\n|inactive|ratpacker has 270 seconds left.\n|inactive|Actuarily has 270 seconds left.\n|inactive|ratpacker has 240 seconds left.\n|inactive|Actuarily has 240 seconds left.\n|c|+Nephtyrix|Go Europe ! \n|c|+qsns|cup?\n|c|+Nephtyrix|Ops. Go France ! \n|c|\u2606Actuarily|Ye\n|c|+qsns|ty\n|inactive|ratpacker has 210 seconds left.\n|inactive|Actuarily has 210 seconds left.\n|\n|t:|1699033332\n|start\n|switch|p1a: KEY CONFORMITY|Tornadus, M|100\/100\n|switch|p1b: FREEWILL ALGORITHM|Gholdengo, shiny|100\/100\n|switch|p2a: Ogerpon|Ogerpon-Hearthflame, F|100\/100\n|switch|p2b: Iron Bundle|Iron Bundle|100\/100\n|-ability|p2a: Ogerpon|Mold Breaker\n|turn|1\n|inactive|Actuarily has 270 seconds left.\n|inactive|ratpacker has 270 seconds left.\n|inactive|Actuarily has 240 seconds left.\n|inactive|ratpacker has 240 seconds left.\n|inactive|Actuarily has 210 seconds left.\n|inactive|ratpacker has 210 seconds left.\n|inactive|Actuarily has 180 seconds left.\n|inactive|ratpacker has 180 seconds left.\n|\n|t:|1699033472\n|switch|p1b: WAYWARD DELUSION|Ogerpon-Wellspring, F|100\/100\n|move|p1a: KEY CONFORMITY|Tailwind|p1a: KEY CONFORMITY\n|-sidestart|p1: ratpacker|move: Tailwind\n|move|p2b: Iron Bundle|Freeze-Dry|p1a: KEY CONFORMITY\n|-supereffective|p1a: KEY CONFORMITY\n|-damage|p1a: KEY CONFORMITY|37\/100\n|-enditem|p1a: KEY CONFORMITY|Sitrus Berry|[eat]\n|-heal|p1a: KEY CONFORMITY|62\/100|[from] item: Sitrus Berry\n|move|p2a: Ogerpon|Ivy Cudgel|p1b: WAYWARD DELUSION\n|-damage|p1b: WAYWARD DELUSION|35\/100\n|\n|upkeep\n|turn|2\n|inactive|Actuarily has 180 seconds left.\n|inactive|ratpacker has 150 seconds left.\n|inactive|Actuarily has 150 seconds left.\n|inactive|Actuarily has 120 seconds left.\n|\n|t:|1699033550\n|-end|p2b: Iron Bundle|Quark Drive|[silent]\n|switch|p2b: Iron Hands|Iron Hands|100\/100\n|switch|p2a: Ninetales|Ninetales-Alola, M|100\/100\n|-weather|Snow|[from] ability: Snow Warning|[of] p2a: Ninetales\n|move|p1b: WAYWARD DELUSION|Ivy Cudgel|p2b: Iron Hands\n|-damage|p2b: Iron Hands|68\/100\n|move|p1a: KEY CONFORMITY|Bleakwind Storm|p2a: Ninetales|[spread] p2a,p2b\n|-damage|p2a: Ninetales|68\/100\n|-damage|p2b: Iron Hands|46\/100\n|-unboost|p2a: Ninetales|spe|1\n|\n|-weather|Snow|[upkeep]\n|upkeep\n|turn|3\n|inactive|ratpacker has 120 seconds left.\n|\n|t:|1699033588\n|switch|p1b: FREEWILL ALGORITHM|Gholdengo, shiny|100\/100\n|switch|p1a: PREDETERMINED LAW|Ninetales-Alola, M|100\/100\n|move|p2b: Iron Hands|Fake Out|p1a: PREDETERMINED LAW\n|-damage|p1a: PREDETERMINED LAW|90\/100\n|move|p2a: Ninetales|Aurora Veil|p2a: Ninetales\n|-sidestart|p2: Actuarily|move: Aurora Veil\n|\n|-weather|Snow|[upkeep]\n|upkeep\n|turn|4\n|inactive|Actuarily has 120 seconds left.\n|\n|t:|1699033624\n|switch|p2a: Ogerpon|Ogerpon-Hearthflame, F|100\/100\n|-ability|p2a: Ogerpon|Mold Breaker\n|-end|p2b: Iron Hands|Quark Drive|[silent]\n|switch|p2b: Iron Bundle|Iron Bundle|100\/100\n|move|p1a: PREDETERMINED LAW|Aurora Veil|p1a: PREDETERMINED LAW\n|-sidestart|p1: ratpacker|move: Aurora Veil\n|move|p1b: FREEWILL ALGORITHM|Nasty Plot|p1b: FREEWILL ALGORITHM\n|-boost|p1b: FREEWILL ALGORITHM|spa|2\n|\n|-weather|Snow|[upkeep]\n|-sideend|p1: ratpacker|move: Tailwind\n|upkeep\n|turn|5\n|inactive|Actuarily has 120 seconds left.\n|\n|t:|1699033649\n|switch|p1a: OVERWRITE|Iron Hands|100\/100\n|move|p1b: FREEWILL ALGORITHM|Protect|p1b: FREEWILL ALGORITHM\n|-singleturn|p1b: FREEWILL ALGORITHM|Protect\n|move|p2b: Iron Bundle|Blizzard|p1a: OVERWRITE|[spread] p1a\n|-activate|p1b: FREEWILL ALGORITHM|move: Protect\n|-damage|p1a: OVERWRITE|89\/100\n|move|p2a: Ogerpon|Ivy Cudgel|p1b: FREEWILL ALGORITHM\n|-activate|p1b: FREEWILL ALGORITHM|move: Protect\n|\n|-weather|Snow|[upkeep]\n|upkeep\n|turn|6\n|inactive|ratpacker has 150 seconds left.\n|inactive|Actuarily has 120 seconds left.\n|inactive|Actuarily has 90 seconds left.\n|inactive|ratpacker has 120 seconds left.\n|inactive|Actuarily has 60 seconds left.\n|\n|t:|1699033743\n|-terastallize|p2a: Ogerpon|Fire\n|detailschange|p2a: Ogerpon|Ogerpon-Hearthflame-Tera, F, tera:Fire\n|-ability|p2a: Ogerpon|Embody Aspect (Hearthflame)|boost\n|-boost|p2a: Ogerpon|atk|1\n|move|p1a: OVERWRITE|Fake Out|p2a: Ogerpon\n|-damage|p2a: Ogerpon|88\/100\n|move|p2b: Iron Bundle|Blizzard|p1a: OVERWRITE|[spread] p1a,p1b\n|-resisted|p1b: FREEWILL ALGORITHM\n|-damage|p1a: OVERWRITE|76\/100\n|-damage|p1b: FREEWILL ALGORITHM|90\/100\n|-status|p1b: FREEWILL ALGORITHM|frz\n|cant|p2a: Ogerpon|flinch\n|-curestatus|p1b: FREEWILL ALGORITHM|frz|[msg]\n|move|p1b: FREEWILL ALGORITHM|Nasty Plot|p1b: FREEWILL ALGORITHM\n|-boost|p1b: FREEWILL ALGORITHM|spa|2\n|\n|-weather|none\n|-heal|p1b: FREEWILL ALGORITHM|96\/100|[from] item: Leftovers\n|upkeep\n|turn|7\n|inactive|Actuarily has 60 seconds left.\n|inactive|Actuarily has 30 seconds left.\n|inactive|Actuarily has 20 seconds left.\n|inactive|Actuarily has 15 seconds left.\n|\n|t:|1699033804\n|move|p1b: FREEWILL ALGORITHM|Protect|p1b: FREEWILL ALGORITHM\n|-singleturn|p1b: FREEWILL ALGORITHM|Protect\n|move|p2b: Iron Bundle|Freeze-Dry|p1b: FREEWILL ALGORITHM\n|-activate|p1b: FREEWILL ALGORITHM|move: Protect\n|move|p2a: Ogerpon|Ivy Cudgel|p1b: FREEWILL ALGORITHM\n|-activate|p1b: FREEWILL ALGORITHM|move: Protect\n|move|p1a: OVERWRITE|Volt Switch|p2b: Iron Bundle\n|-supereffective|p2b: Iron Bundle\n|-damage|p2b: Iron Bundle|82\/100\n|inactive|Actuarily has 20 seconds left this turn.\n|\n|t:|1699033813\n|-end|p1a: OVERWRITE|Quark Drive|[silent]\n|switch|p1a: KEY CONFORMITY|Tornadus, M|62\/100|[from] Volt Switch\n|\n|-heal|p1b: FREEWILL ALGORITHM|100\/100|[from] item: Leftovers\n|upkeep\n|turn|8\n|inactive|ratpacker has 120 seconds left.\n|inactive|ratpacker has 90 seconds left.\n|inactive|Actuarily has 30 seconds left.\n|inactive|Actuarily has 20 seconds left.\n|\n|t:|1699033872\n|-terastallize|p1b: FREEWILL ALGORITHM|Dragon\n|move|p1a: KEY CONFORMITY|Tailwind|p1a: KEY CONFORMITY\n|-sidestart|p1: ratpacker|move: Tailwind\n|move|p1b: FREEWILL ALGORITHM|Make It Rain|p2b: Iron Bundle|[spread] p2a,p2b\n|-resisted|p2a: Ogerpon\n|-damage|p2a: Ogerpon|36\/100\n|-damage|p2b: Iron Bundle|0 fnt\n|-unboost|p1b: FREEWILL ALGORITHM|spa|1\n|faint|p2b: Iron Bundle\n|-end|p2b: Iron Bundle|Quark Drive|[silent]\n|move|p2a: Ogerpon|Ivy Cudgel|p1b: FREEWILL ALGORITHM\n|-resisted|p1b: FREEWILL ALGORITHM\n|-damage|p1b: FREEWILL ALGORITHM|65\/100\n|\n|-heal|p1b: FREEWILL ALGORITHM|71\/100|[from] item: Leftovers\n|upkeep\n|inactive|Actuarily has 25 seconds left this turn.\n|inactive|Actuarily has 20 seconds left.\n|inactive|Actuarily has 15 seconds left.\n|inactive|Actuarily has 10 seconds left.\n|inactive|Actuarily has 5 seconds left.\n|\n|t:|1699033892\n|switch|p2b: Iron Hands|Iron Hands|46\/100\n|turn|9\n|inactive|Actuarily has 30 seconds left this turn.\n|inactive|Actuarily has 20 seconds left.\n|inactive|Actuarily has 15 seconds left.\n|inactive|Actuarily has 10 seconds left.\n|\n|t:|1699033916\n|move|p1a: KEY CONFORMITY|Protect|p1a: KEY CONFORMITY\n|-singleturn|p1a: KEY CONFORMITY|Protect\n|move|p1b: FREEWILL ALGORITHM|Protect|p1b: FREEWILL ALGORITHM\n|-singleturn|p1b: FREEWILL ALGORITHM|Protect\n|move|p2b: Iron Hands|Fake Out|p1b: FREEWILL ALGORITHM\n|-activate|p1b: FREEWILL ALGORITHM|move: Protect\n|move|p2a: Ogerpon|Horn Leech|p1a: KEY CONFORMITY\n|-activate|p1a: KEY CONFORMITY|move: Protect\n|\n|-heal|p1b: FREEWILL ALGORITHM|77\/100|[from] item: Leftovers\n|upkeep\n|turn|10\n|inactive|Actuarily has 30 seconds left.\n|inactive|Actuarily has 20 seconds left.\n|inactive|Actuarily has 15 seconds left.\n|inactive|Actuarily has 10 seconds left.\n|\n|t:|1699033944\n|-end|p2b: Iron Hands|Quark Drive|[silent]\n|switch|p2b: Ninetales|Ninetales-Alola, M|68\/100\n|-weather|Snow|[from] ability: Snow Warning|[of] p2b: Ninetales\n|move|p1a: KEY CONFORMITY|Bleakwind Storm|p2a: Ogerpon|[spread] p2a,p2b\n|-damage|p2a: Ogerpon|6\/100\n|-damage|p2b: Ninetales|48\/100\n|move|p1b: FREEWILL ALGORITHM|Make It Rain|p2b: Ninetales|[spread] p2a,p2b\n|-resisted|p2a: Ogerpon\n|-supereffective|p2b: Ninetales\n|-damage|p2a: Ogerpon|0 fnt\n|-damage|p2b: Ninetales|0 fnt\n|-unboost|p1b: FREEWILL ALGORITHM|spa|1\n|faint|p2a: Ogerpon\n|faint|p2b: Ninetales\n|\n|-weather|Snow|[upkeep]\n|-heal|p1b: FREEWILL ALGORITHM|83\/100|[from] item: Leftovers\n|-sideend|p2: Actuarily|move: Aurora Veil\n|upkeep\n|inactive|Actuarily has 15 seconds left this turn.\n|inactive|Actuarily has 10 seconds left.\n|\n|t:|1699033953\n|switch|p2a: Diancie|Diancie|100\/100\n|switch|p2b: Iron Hands|Iron Hands|46\/100\n|turn|11\n|inactive|ratpacker has 120 seconds left.\n|\n|t:|1699033964\n|switch|p1a: MIND.IN.A.BOX|Amoonguss, M|100\/100\n|move|p2b: Iron Hands|Fake Out|p1b: FREEWILL ALGORITHM\n|-damage|p1b: FREEWILL ALGORITHM|76\/100\n|cant|p1b: FREEWILL ALGORITHM|flinch\n|move|p2a: Diancie|Trick Room|p2a: Diancie\n|-fieldstart|move: Trick Room|[of] p2a: Diancie\n|\n|-weather|Snow|[upkeep]\n|-heal|p1b: FREEWILL ALGORITHM|82\/100|[from] item: Leftovers\n|-sideend|p1: ratpacker|move: Tailwind\n|-sideend|p1: ratpacker|move: Aurora Veil\n|upkeep\n|turn|12\n|inactive|Actuarily has 30 seconds left.\n|\n|t:|1699033996\n|switch|p2a: Landorus|Landorus-Therian, M|100\/100\n|-ability|p2a: Landorus|Intimidate|boost\n|-unboost|p1a: MIND.IN.A.BOX|atk|1\n|-unboost|p1b: FREEWILL ALGORITHM|atk|1\n|move|p1a: MIND.IN.A.BOX|Spore|p2b: Iron Hands\n|-activate|p2b: Iron Hands|item: Safety Goggles|Spore\n|move|p2b: Iron Hands|Drain Punch|p1b: FREEWILL ALGORITHM\n|-damage|p1b: FREEWILL ALGORITHM|52\/100\n|-heal|p2b: Iron Hands|57\/100|[from] drain|[of] p1b: FREEWILL ALGORITHM\n|move|p1b: FREEWILL ALGORITHM|Make It Rain|p2a: Landorus|[spread] p2a,p2b\n|-resisted|p2b: Iron Hands\n|-damage|p2a: Landorus|36\/100\n|-damage|p2b: Iron Hands|29\/100\n|-unboost|p1b: FREEWILL ALGORITHM|spa|1\n|\n|-weather|Snow|[upkeep]\n|-heal|p1b: FREEWILL ALGORITHM|58\/100|[from] item: Leftovers\n|upkeep\n|turn|13\n|inactive|ratpacker has 150 seconds left.\n|inactive|Actuarily has 30 seconds left.\n|\n|t:|1699034024\n|move|p1a: MIND.IN.A.BOX|Pollen Puff|p1b: FREEWILL ALGORITHM\n|-heal|p1b: FREEWILL ALGORITHM|100\/100\n|move|p2b: Iron Hands|Swords Dance|p2b: Iron Hands\n|-boost|p2b: Iron Hands|atk|2\n|move|p1b: FREEWILL ALGORITHM|Shadow Ball|p2a: Landorus\n|-damage|p2a: Landorus|0 fnt\n|faint|p2a: Landorus\n|\n|-weather|Snow|[upkeep]\n|upkeep\n|\n|t:|1699034028\n|switch|p2a: Diancie|Diancie|100\/100\n|turn|14\n|\n|t:|1699034044\n|move|p2a: Diancie|Protect|p2a: Diancie\n|-singleturn|p2a: Diancie|Protect\n|move|p1b: FREEWILL ALGORITHM|Protect|p1b: FREEWILL ALGORITHM\n|-singleturn|p1b: FREEWILL ALGORITHM|Protect\n|move|p1a: MIND.IN.A.BOX|Clear Smog|p2b: Iron Hands\n|-damage|p2b: Iron Hands|20\/100\n|-clearboost|p2b: Iron Hands\n|move|p2b: Iron Hands|Drain Punch|p1b: FREEWILL ALGORITHM\n|-activate|p1b: FREEWILL ALGORITHM|move: Protect\n|\n|-weather|none\n|upkeep\n|turn|15\n|inactive|ratpacker has 180 seconds left.\n|\n|t:|1699034057\n|move|p1a: MIND.IN.A.BOX|Spore|p2a: Diancie\n|-status|p2a: Diancie|slp|[from] move: Spore\n|cant|p2a: Diancie|slp\n|move|p2b: Iron Hands|Drain Punch|p1b: FREEWILL ALGORITHM\n|-damage|p1b: FREEWILL ALGORITHM|72\/100\n|-heal|p2b: Iron Hands|30\/100|[from] drain|[of] p1b: FREEWILL ALGORITHM\n|move|p1b: FREEWILL ALGORITHM|Make It Rain|p2a: Diancie|[spread] p2a,p2b\n|-supereffective|p2a: Diancie\n|-resisted|p2b: Iron Hands\n|-damage|p2a: Diancie|0 fnt\n|-damage|p2b: Iron Hands|8\/100\n|-unboost|p1b: FREEWILL ALGORITHM|spa|1\n|faint|p2a: Diancie\n|\n|-heal|p1b: FREEWILL ALGORITHM|78\/100|[from] item: Leftovers\n|-fieldend|move: Trick Room\n|upkeep\n|turn|16\n|c|\u2606Actuarily|Gg\n|\n|t:|1699034064\n|move|p1b: FREEWILL ALGORITHM|Shadow Ball|p2b: Iron Hands\n|-damage|p2b: Iron Hands|0 fnt\n|faint|p2b: Iron Hands\n|-end|p2b: Iron Hands|Quark Drive|[silent]\n|\n|win|ratpacker\n|c|\u2606ratpacker|gg\n|c|+Nephtyrix|GoatPacker\n","uploadtime":1699034065,"views":166,"p1id":"ratpacker","p2id":"actuarily","formatid":"gen9doublesou","rating":0,"private":0,"password":""}