{"id":"smogtours-gen9doublesou-732128","p1":"MichaelderBeste2","p2":"Spurrific","format":"[Gen 9] Doubles OU","log":"|inactive|Battle timer is ON: inactive players will automatically lose when time's up.\n|t:|1700773472\n|gametype|doubles\n|player|p1|MichaelderBeste2|#wcop2023germany|\n|player|p2|Spurrific|#scl2dynamos|\n|teamsize|p1|6\n|teamsize|p2|6\n|gen|9\n|tier|[Gen 9] Doubles OU\n|rule|Species Clause: Limit one of each Pok\u00e9mon\n|rule|OHKO Clause: OHKO moves are banned\n|rule|Evasion Moves Clause: Evasion moves are banned\n|rule|Gravity Sleep Clause: The combination of sleep-inducing moves with imperfect accuracy and Gravity or Gigantamax Orbeetle are banned\n|rule|Endless Battle Clause: Forcing endless battles is banned\n|rule|HP Percentage Mod: HP is shown in percentages\n|clearpoke\n|poke|p1|Ogerpon-Wellspring, F|\n|poke|p1|Rillaboom, F|\n|poke|p1|Tornadus, M|\n|poke|p1|Gholdengo|\n|poke|p1|Kommo-o, M|\n|poke|p1|Palafin, F|\n|poke|p2|Glimmora, F|\n|poke|p2|Chien-Pao|\n|poke|p2|Rillaboom, F|\n|poke|p2|Arcanine-Hisui, F|\n|poke|p2|Flutter Mane|\n|poke|p2|Ogerpon-Wellspring, F|\n|teampreview\n|c|\u2606Spurrific|glhf\n|c|\u2606MichaelderBeste2|hf\n|inactive|MichaelderBeste2 has 270 seconds left.\n|inactive|Spurrific has 270 seconds left.\n|inactive|MichaelderBeste2 has 240 seconds left.\n|inactive|Spurrific has 240 seconds left.\n|c|+ryo yamada2001|happy thankgiving\n|inactive|MichaelderBeste2 has 210 seconds left.\n|inactive|MichaelderBeste2 has 180 seconds left.\n|\n|t:|1700773602\n|start\n|switch|p1a: Gholdengo|Gholdengo|100\/100\n|switch|p1b: Tornadus|Tornadus, M|100\/100\n|switch|p2a: Arcanine|Arcanine-Hisui, F|100\/100\n|switch|p2b: Rillaboom|Rillaboom, F|100\/100\n|-ability|p2a: Arcanine|Intimidate|boost\n|-unboost|p1a: Gholdengo|atk|1\n|-unboost|p1b: Tornadus|atk|1\n|-fieldstart|move: Grassy Terrain|[from] ability: Grassy Surge|[of] p2b: Rillaboom\n|turn|1\n|inactive|MichaelderBeste2 has 240 seconds left.\n|inactive|Spurrific has 270 seconds left.\n|\n|t:|1700773644\n|move|p2b: Rillaboom|Fake Out|p1a: Gholdengo\n|-immune|p1a: Gholdengo\n|move|p1b: Tornadus|Rain Dance|p1b: Tornadus\n|-weather|RainDance\n|move|p2a: Arcanine|Flare Blitz|p1a: Gholdengo\n|-supereffective|p1a: Gholdengo\n|-damage|p1a: Gholdengo|21\/100\n|-damage|p2a: Arcanine|73\/100|[from] Recoil\n|move|p1a: Gholdengo|Nasty Plot|p1a: Gholdengo\n|-boost|p1a: Gholdengo|spa|2\n|\n|-weather|RainDance|[upkeep]\n|-heal|p2a: Arcanine|79\/100|[from] Grassy Terrain\n|-heal|p1a: Gholdengo|27\/100|[from] Grassy Terrain\n|-heal|p1a: Gholdengo|33\/100|[from] item: Leftovers\n|upkeep\n|turn|2\n|inactive|Spurrific has 270 seconds left.\n|inactive|MichaelderBeste2 has 240 seconds left.\n|inactive|Spurrific has 240 seconds left.\n|inactive|MichaelderBeste2 has 210 seconds left.\n|\n|t:|1700773716\n|move|p1b: Tornadus|Tailwind|p1b: Tornadus\n|-sidestart|p1: MichaelderBeste2|move: Tailwind\n|move|p1a: Gholdengo|Make It Rain|p2b: Rillaboom|[spread] p2a,p2b\n|-damage|p2a: Arcanine|0 fnt\n|-damage|p2b: Rillaboom|25\/100\n|-unboost|p1a: Gholdengo|spa|1\n|faint|p2a: Arcanine\n|move|p2b: Rillaboom|U-turn|p1b: Tornadus\n|-resisted|p1b: Tornadus\n|-damage|p1b: Tornadus|85\/100\n|inactive|Spurrific has 210 seconds left.\n|\n|t:|1700773730\n|switch|p2b: Chien-Pao|Chien-Pao|100\/100|[from] U-turn\n|-ability|p2b: Chien-Pao|Sword of Ruin\n|\n|-weather|RainDance|[upkeep]\n|-heal|p1a: Gholdengo|39\/100|[from] Grassy Terrain\n|-heal|p1a: Gholdengo|45\/100|[from] item: Leftovers\n|upkeep\n|\n|t:|1700773733\n|switch|p2a: Glimmora|Glimmora, F|100\/100\n|turn|3\n|inactive|MichaelderBeste2 has 240 seconds left.\n|\n|t:|1700773746\n|switch|p1b: Rillaboom|Rillaboom, F|100\/100\n|move|p1a: Gholdengo|Protect|p1a: Gholdengo\n|-singleturn|p1a: Gholdengo|Protect\n|move|p2b: Chien-Pao|Sucker Punch||[still]\n|-fail|p2b: Chien-Pao\n|move|p2a: Glimmora|Stealth Rock|p1b: Rillaboom\n|-sidestart|p1: MichaelderBeste2|move: Stealth Rock\n|\n|-weather|RainDance|[upkeep]\n|-heal|p1a: Gholdengo|52\/100|[from] Grassy Terrain\n|-heal|p1a: Gholdengo|58\/100|[from] item: Leftovers\n|upkeep\n|turn|4\n|inactive|Spurrific has 240 seconds left.\n|\n|t:|1700773767\n|-terastallize|p2b: Chien-Pao|Ghost\n|move|p1b: Rillaboom|Grassy Glide|p2b: Chien-Pao\n|-damage|p2b: Chien-Pao|54\/100\n|move|p2b: Chien-Pao|Sucker Punch||[still]\n|-fail|p2b: Chien-Pao\n|move|p1a: Gholdengo|Nasty Plot|p1a: Gholdengo\n|-boost|p1a: Gholdengo|spa|2\n|move|p2a: Glimmora|Mortal Spin|p1b: Rillaboom|[spread] p1b\n|-immune|p1a: Gholdengo\n|-supereffective|p1b: Rillaboom\n|-damage|p1b: Rillaboom|90\/100\n|-status|p1b: Rillaboom|psn\n|-enditem|p1b: Rillaboom|Eject Button\n|inactive|MichaelderBeste2 has 240 seconds left.\n|inactive|MichaelderBeste2 has 210 seconds left.\n|inactive|MichaelderBeste2 has 180 seconds left.\n|\n|t:|1700773842\n|switch|p1b: Ogerpon|Ogerpon-Wellspring, F|100\/100\n|-damage|p1b: Ogerpon|88\/100|[from] Stealth Rock\n|\n|-weather|RainDance|[upkeep]\n|-heal|p1b: Ogerpon|94\/100|[from] Grassy Terrain\n|-heal|p1a: Gholdengo|64\/100|[from] Grassy Terrain\n|-heal|p1a: Gholdengo|70\/100|[from] item: Leftovers\n|-heal|p2b: Chien-Pao|60\/100|[from] Grassy Terrain\n|upkeep\n|turn|5\n|\n|t:|1700773858\n|move|p2b: Chien-Pao|Protect|p2b: Chien-Pao\n|-singleturn|p2b: Chien-Pao|Protect\n|move|p1b: Ogerpon|Follow Me|p1b: Ogerpon\n|-singleturn|p1b: Ogerpon|move: Follow Me\n|move|p1a: Gholdengo|Make It Rain|p2a: Glimmora|[spread] p2a\n|-activate|p2b: Chien-Pao|move: Protect\n|-supereffective|p2a: Glimmora\n|-enditem|p2a: Glimmora|Focus Sash\n|-damage|p2a: Glimmora|1\/100\n|-unboost|p1a: Gholdengo|spa|1\n|move|p2a: Glimmora|Sludge Bomb|p1b: Ogerpon\n|-supereffective|p1b: Ogerpon\n|-crit|p1b: Ogerpon\n|-damage|p1b: Ogerpon|0 fnt\n|faint|p1b: Ogerpon\n|\n|-weather|RainDance|[upkeep]\n|-heal|p1a: Gholdengo|76\/100|[from] Grassy Terrain\n|-heal|p1a: Gholdengo|82\/100|[from] item: Leftovers\n|-heal|p2b: Chien-Pao|66\/100|[from] Grassy Terrain\n|-heal|p2a: Glimmora|7\/100|[from] Grassy Terrain\n|-sideend|p1: MichaelderBeste2|move: Tailwind\n|-fieldend|move: Grassy Terrain\n|upkeep\n|inactive|MichaelderBeste2 has 180 seconds left.\n|inactive|MichaelderBeste2 has 150 seconds left.\n|\n|t:|1700773911\n|switch|p1b: Tornadus|Tornadus, M|85\/100\n|-damage|p1b: Tornadus|60\/100|[from] Stealth Rock\n|turn|6\n|\n|t:|1700773919\n|-terastallize|p1a: Gholdengo|Dragon\n|move|p2b: Chien-Pao|Sucker Punch|p1a: Gholdengo\n|-damage|p1a: Gholdengo|42\/100\n|move|p1b: Tornadus|Tailwind|p1b: Tornadus\n|-sidestart|p1: MichaelderBeste2|move: Tailwind\n|move|p1a: Gholdengo|Make It Rain|p2b: Chien-Pao|[spread] p2a,p2b\n|-supereffective|p2a: Glimmora\n|-damage|p2a: Glimmora|0 fnt\n|-damage|p2b: Chien-Pao|0 fnt\n|-unboost|p1a: Gholdengo|spa|1\n|faint|p2a: Glimmora\n|faint|p2b: Chien-Pao\n|\n|-weather|RainDance|[upkeep]\n|-heal|p1a: Gholdengo|48\/100|[from] item: Leftovers\n|upkeep\n|\n|t:|1700773932\n|switch|p2b: Ogerpon|Ogerpon-Wellspring, F|100\/100\n|switch|p2a: Rillaboom|Rillaboom, F|25\/100\n|-fieldstart|move: Grassy Terrain|[from] ability: Grassy Surge|[of] p2a: Rillaboom\n|turn|7\n|\n|t:|1700773944\n|move|p1b: Tornadus|Protect|p1b: Tornadus\n|-singleturn|p1b: Tornadus|Protect\n|move|p1a: Gholdengo|Protect|p1a: Gholdengo\n|-singleturn|p1a: Gholdengo|Protect\n|move|p2a: Rillaboom|Fake Out|p1b: Tornadus\n|-activate|p1b: Tornadus|move: Protect\n|move|p2b: Ogerpon|Swords Dance|p2b: Ogerpon\n|-boost|p2b: Ogerpon|atk|2\n|\n|-weather|RainDance|[upkeep]\n|-heal|p1a: Gholdengo|54\/100|[from] Grassy Terrain\n|-heal|p1a: Gholdengo|60\/100|[from] item: Leftovers\n|-heal|p2a: Rillaboom|31\/100|[from] Grassy Terrain\n|upkeep\n|turn|8\n|\n|t:|1700773958\n|move|p2b: Ogerpon|Grassy Glide|p1b: Tornadus\n|-resisted|p1b: Tornadus\n|-damage|p1b: Tornadus|12\/100\n|move|p2a: Rillaboom|Grassy Glide|p1b: Tornadus\n|-resisted|p1b: Tornadus\n|-damage|p1b: Tornadus|0 fnt\n|faint|p1b: Tornadus\n|move|p1a: Gholdengo|Shadow Ball|p2b: Ogerpon\n|-damage|p2b: Ogerpon|43\/100\n|\n|-weather|none\n|-heal|p1a: Gholdengo|66\/100|[from] Grassy Terrain\n|-heal|p1a: Gholdengo|72\/100|[from] item: Leftovers\n|-heal|p2b: Ogerpon|49\/100|[from] Grassy Terrain\n|-heal|p2a: Rillaboom|38\/100|[from] Grassy Terrain\n|upkeep\n|inactive|MichaelderBeste2 has 210 seconds left.\n|inactive|MichaelderBeste2 has 180 seconds left.\n|\n|t:|1700774026\n|switch|p1b: Palafin|Palafin, F|100\/100\n|-damage|p1b: Palafin|88\/100|[from] Stealth Rock\n|turn|9\n|\n|t:|1700774036\n|detailschange|p1b: Palafin|Palafin-Hero, F\n|switch|p1b: Rillaboom|Rillaboom, F|90\/100 psn\n|-damage|p1b: Rillaboom|78\/100 psn|[from] Stealth Rock\n|move|p2b: Ogerpon|Spiky Shield|p2b: Ogerpon\n|-singleturn|p2b: Ogerpon|move: Protect\n|move|p1a: Gholdengo|Shadow Ball|p2b: Ogerpon\n|-activate|p2b: Ogerpon|move: Protect\n|move|p2a: Rillaboom|U-turn|p1b: Rillaboom\n|-supereffective|p1b: Rillaboom\n|-damage|p1b: Rillaboom|29\/100 psn\n|\n|t:|1700774041\n|switch|p2a: Flutter Mane|Flutter Mane|100\/100|[from] U-turn\n|\n|-heal|p1a: Gholdengo|79\/100|[from] Grassy Terrain\n|-heal|p1a: Gholdengo|85\/100|[from] item: Leftovers\n|-heal|p1b: Rillaboom|35\/100 psn|[from] Grassy Terrain\n|-heal|p2b: Ogerpon|55\/100|[from] Grassy Terrain\n|-damage|p1b: Rillaboom|23\/100 psn|[from] psn\n|-sideend|p1: MichaelderBeste2|move: Tailwind\n|upkeep\n|turn|10\n|inactive|MichaelderBeste2 has 180 seconds left.\n|inactive|MichaelderBeste2 has 150 seconds left.\n|inactive|MichaelderBeste2 has 120 seconds left.\n|\n|t:|1700774156\n|move|p1a: Gholdengo|Protect|p1a: Gholdengo\n|-singleturn|p1a: Gholdengo|Protect\n|move|p1b: Rillaboom|Fake Out|p2b: Ogerpon\n|-damage|p2b: Ogerpon|43\/100\n|cant|p2b: Ogerpon|flinch\n|move|p2a: Flutter Mane|Dazzling Gleam|p1a: Gholdengo|[spread] p1b\n|-activate|p1a: Gholdengo|move: Protect\n|-damage|p1b: Rillaboom|0 fnt\n|faint|p1b: Rillaboom\n|\n|-heal|p2b: Ogerpon|49\/100|[from] Grassy Terrain\n|-heal|p1a: Gholdengo|91\/100|[from] Grassy Terrain\n|-heal|p1a: Gholdengo|97\/100|[from] item: Leftovers\n|upkeep\n|inactive|MichaelderBeste2 has 90 seconds left.\n|\n|t:|1700774178\n|switch|p1b: Palafin|Palafin-Hero, F|88\/100\n|-damage|p1b: Palafin|76\/100|[from] Stealth Rock\n|-activate|p1b: Palafin|ability: Zero to Hero\n|turn|11\n|inactive|MichaelderBeste2 has 90 seconds left.\n|\n|t:|1700774208\n|switch|p1b: Kommo-o|Kommo-o, M|100\/100\n|-damage|p1b: Kommo-o|95\/100|[from] Stealth Rock\n|move|p2b: Ogerpon|Grassy Glide|p1b: Kommo-o\n|-resisted|p1b: Kommo-o\n|-damage|p1b: Kommo-o|59\/100\n|move|p2a: Flutter Mane|Dazzling Gleam|p1a: Gholdengo|[spread] p1a,p1b\n|-supereffective|p1a: Gholdengo\n|-supereffective|p1b: Kommo-o\n|-damage|p1a: Gholdengo|9\/100\n|-damage|p1b: Kommo-o|0 fnt\n|faint|p1b: Kommo-o\n|move|p1a: Gholdengo|Shadow Ball|p2b: Ogerpon\n|-damage|p2b: Ogerpon|0 fnt\n|faint|p2b: Ogerpon\n|\n|-heal|p1a: Gholdengo|15\/100|[from] Grassy Terrain\n|-heal|p1a: Gholdengo|21\/100|[from] item: Leftovers\n|-fieldend|move: Grassy Terrain\n|upkeep\n|\n|t:|1700774217\n|switch|p2b: Rillaboom|Rillaboom, F|38\/100\n|switch|p1b: Palafin|Palafin-Hero, F|76\/100\n|-damage|p1b: Palafin|63\/100|[from] Stealth Rock\n|-fieldstart|move: Grassy Terrain|[from] ability: Grassy Surge|[of] p2b: Rillaboom\n|turn|12\n|\n|t:|1700774239\n|move|p1a: Gholdengo|Protect|p1a: Gholdengo\n|-singleturn|p1a: Gholdengo|Protect\n|move|p2b: Rillaboom|Fake Out|p1b: Palafin\n|-damage|p1b: Palafin|50\/100\n|cant|p1b: Palafin|flinch\n|move|p2a: Flutter Mane|Dazzling Gleam|p1b: Palafin|[spread] p1b\n|-activate|p1a: Gholdengo|move: Protect\n|-crit|p1b: Palafin\n|-damage|p1b: Palafin|0 fnt\n|faint|p1b: Palafin\n|\n|-heal|p2b: Rillaboom|44\/100|[from] Grassy Terrain\n|-heal|p1a: Gholdengo|27\/100|[from] Grassy Terrain\n|-heal|p1a: Gholdengo|33\/100|[from] item: Leftovers\n|upkeep\n|turn|13\n|inactive|MichaelderBeste2 has 120 seconds left.\n|c|\u2606MichaelderBeste2|tough\n|c|\u2606MichaelderBeste2|gg\n|c|\u2606Spurrific|gg\n|\n|t:|1700774252\n|move|p2b: Rillaboom|Grassy Glide|p1a: Gholdengo\n|-resisted|p1a: Gholdengo\n|-damage|p1a: Gholdengo|17\/100\n|move|p2a: Flutter Mane|Dazzling Gleam|p1a: Gholdengo\n|-supereffective|p1a: Gholdengo\n|-damage|p1a: Gholdengo|0 fnt\n|faint|p1a: Gholdengo\n|\n|win|Spurrific\n","uploadtime":1700774253,"views":90,"p1id":"michaelderbeste2","p2id":"spurrific","formatid":"gen9doublesou","rating":0,"private":0,"password":""}