{"id":"smogtours-gen9doublesou-729603","p1":"CaoJie","p2":"RelicanthPrimal<><","format":"[Gen 9] Doubles OU","log":"|inactive|Battle timer is ON: inactive players will automatically lose when time's up.\n|t:|1699560173\n|gametype|doubles\n|player|p1|CaoJie|acetrainerf-gen6|\n|player|p2|RelicanthPrimal<><|#dpl8ducks|\n|teamsize|p1|6\n|teamsize|p2|6\n|gen|9\n|tier|[Gen 9] Doubles OU\n|rule|Species Clause: Limit one of each Pok\u00e9mon\n|rule|OHKO Clause: OHKO moves are banned\n|rule|Evasion Moves Clause: Evasion moves are banned\n|rule|Gravity Sleep Clause: The combination of sleep-inducing moves with imperfect accuracy and Gravity or Gigantamax Orbeetle are banned\n|rule|Endless Battle Clause: Forcing endless battles is banned\n|rule|HP Percentage Mod: HP is shown in percentages\n|clearpoke\n|poke|p1|Glimmora, F|\n|poke|p1|Rillaboom, M|\n|poke|p1|Landorus-Therian, M|\n|poke|p1|Flutter Mane|\n|poke|p1|Kommo-o, F|\n|poke|p1|Heatran, M|\n|poke|p2|Flutter Mane|\n|poke|p2|Iron Hands|\n|poke|p2|Ninetales, F|\n|poke|p2|Tornadus, M|\n|poke|p2|Ursaluna, F|\n|poke|p2|Cresselia, F|\n|teampreview\n|inactive|RelicanthPrimal<>< also wants the timer to be on.\n|c|\u2606RelicanthPrimal<><|hf\n|c|\u2606CaoJie|hf\n|inactive|CaoJie has 270 seconds left.\n|inactive|RelicanthPrimal<>< has 270 seconds left.\n|inactive|CaoJie has 240 seconds left.\n|inactive|RelicanthPrimal<>< has 240 seconds left.\n|inactive|CaoJie has 210 seconds left.\n|\n|t:|1699560275\n|start\n|switch|p1a: Rillaboom|Rillaboom, M|100\/100\n|switch|p1b: Landorus|Landorus-Therian, M|100\/100\n|switch|p2a: Flutter Mane|Flutter Mane|100\/100\n|switch|p2b: Ninetales|Ninetales, F|100\/100\n|-ability|p1b: Landorus|Intimidate|boost\n|-unboost|p2a: Flutter Mane|atk|1\n|-unboost|p2b: Ninetales|atk|1\n|-enditem|p2b: Ninetales|Eject Pack\n|\n|t:|1699560301\n|switch|p2b: Ursaluna|Ursaluna, F|100\/100\n|-fieldstart|move: Grassy Terrain|[from] ability: Grassy Surge|[of] p1a: Rillaboom\n|turn|1\n|inactive|CaoJie has 270 seconds left.\n|\n|t:|1699560343\n|-terastallize|p2b: Ursaluna|Poison\n|move|p1b: Landorus|Stomping Tantrum|p2a: Flutter Mane\n|-damage|p2a: Flutter Mane|3\/100\n|move|p2a: Flutter Mane|Moonblast|p1b: Landorus\n|-crit|p1b: Landorus\n|-damage|p1b: Landorus|0 fnt\n|faint|p1b: Landorus\n|move|p1a: Rillaboom|Knock Off|p2a: Flutter Mane\n|-damage|p2a: Flutter Mane|0 fnt\n|-enditem|p2a: Flutter Mane|Choice Specs|[from] move: Knock Off|[of] p1a: Rillaboom\n|faint|p2a: Flutter Mane\n|-end|p2a: Flutter Mane|Protosynthesis|[silent]\n|move|p2b: Ursaluna|Bulk Up|p2b: Ursaluna\n|-boost|p2b: Ursaluna|atk|1\n|-boost|p2b: Ursaluna|def|1\n|\n|-status|p2b: Ursaluna|brn|[from] item: Flame Orb\n|upkeep\n|inactive|CaoJie has 270 seconds left.\n|inactive|RelicanthPrimal<>< has 270 seconds left.\n|\n|t:|1699560381\n|switch|p2a: Tornadus|Tornadus, M|100\/100\n|switch|p1b: Heatran|Heatran, M|100\/100\n|turn|2\n|inactive|CaoJie has 270 seconds left.\n|inactive|RelicanthPrimal<>< has 270 seconds left.\n|\n|t:|1699560423\n|-terastallize|p1b: Heatran|Fairy\n|move|p2a: Tornadus|Tailwind|p2a: Tornadus\n|-sidestart|p2: RelicanthPrimal<><|move: Tailwind\n|move|p2b: Ursaluna|Facade|p1a: Rillaboom\n|-damage|p1a: Rillaboom|0 fnt\n|faint|p1a: Rillaboom\n|move|p1b: Heatran|Earth Power|p2b: Ursaluna\n|-supereffective|p2b: Ursaluna\n|-damage|p2b: Ursaluna|50\/100 brn\n|\n|-heal|p2b: Ursaluna|56\/100 brn|[from] Grassy Terrain\n|-damage|p2b: Ursaluna|50\/100 brn|[from] brn\n|upkeep\n|inactive|CaoJie has 240 seconds left.\n|\n|t:|1699560441\n|switch|p1a: Flutter Mane|Flutter Mane|100\/100\n|-enditem|p1a: Flutter Mane|Booster Energy\n|-activate|p1a: Flutter Mane|ability: Protosynthesis|[fromitem]\n|-start|p1a: Flutter Mane|protosynthesisspe\n|turn|3\n|inactive|CaoJie has 240 seconds left.\n|inactive|RelicanthPrimal<>< has 270 seconds left.\n|inactive|CaoJie has 210 seconds left.\n|inactive|RelicanthPrimal<>< has 240 seconds left.\n|\n|t:|1699560533\n|move|p1a: Flutter Mane|Shadow Ball|p2b: Ursaluna\n|-damage|p2b: Ursaluna|12\/100 brn\n|move|p2a: Tornadus|Bleakwind Storm|p1b: Heatran|[spread] p1a,p1b\n|-damage|p1a: Flutter Mane|60\/100\n|-damage|p1b: Heatran|79\/100\n|-unboost|p1a: Flutter Mane|spe|1\n|move|p2b: Ursaluna|Facade|p1b: Heatran\n|-damage|p1b: Heatran|0 fnt\n|faint|p1b: Heatran\n|\n|-heal|p1a: Flutter Mane|66\/100|[from] Grassy Terrain\n|-heal|p2b: Ursaluna|18\/100 brn|[from] Grassy Terrain\n|-damage|p2b: Ursaluna|12\/100 brn|[from] brn\n|upkeep\n|inactive|CaoJie has 180 seconds left.\n|\n|t:|1699560549\n|switch|p1b: Kommo-o|Kommo-o, F|100\/100\n|turn|4\n|inactive|CaoJie has 180 seconds left.\n|inactive|CaoJie has 150 seconds left.\n|\n|t:|1699560627\n|switch|p2b: Ninetales|Ninetales, F|100\/100\n|-weather|SunnyDay|[from] ability: Drought|[of] p2b: Ninetales\n|move|p1a: Flutter Mane|Protect|p1a: Flutter Mane\n|-singleturn|p1a: Flutter Mane|Protect\n|move|p2a: Tornadus|Bleakwind Storm|p1b: Kommo-o|[spread] p1b\n|-activate|p1a: Flutter Mane|move: Protect\n|-supereffective|p1b: Kommo-o\n|-damage|p1b: Kommo-o|37\/100\n|move|p1b: Kommo-o|Flamethrower|p2b: Ninetales\n|-resisted|p2b: Ninetales\n|-damage|p2b: Ninetales|84\/100\n|\n|-weather|SunnyDay|[upkeep]\n|-heal|p2b: Ninetales|90\/100|[from] Grassy Terrain\n|-heal|p1a: Flutter Mane|72\/100|[from] Grassy Terrain\n|-heal|p1b: Kommo-o|43\/100|[from] Grassy Terrain\n|-heal|p1b: Kommo-o|50\/100|[from] item: Leftovers\n|upkeep\n|turn|5\n|inactive|CaoJie has 150 seconds left.\n|\n|t:|1699560643\n|switch|p1b: Glimmora|Glimmora, F|100\/100\n|move|p1a: Flutter Mane|Protect|p1a: Flutter Mane\n|-singleturn|p1a: Flutter Mane|Protect\n|move|p2b: Ninetales|Snarl|p1a: Flutter Mane|[spread] p1b\n|-activate|p1a: Flutter Mane|move: Protect\n|-damage|p1b: Glimmora|90\/100\n|-unboost|p1b: Glimmora|spa|1\n|move|p2a: Tornadus|Bleakwind Storm|p1a: Flutter Mane|[spread] p1b\n|-activate|p1a: Flutter Mane|move: Protect\n|-resisted|p1b: Glimmora\n|-damage|p1b: Glimmora|63\/100\n|\n|-weather|SunnyDay|[upkeep]\n|-heal|p2b: Ninetales|96\/100|[from] Grassy Terrain\n|-heal|p1a: Flutter Mane|78\/100|[from] Grassy Terrain\n|-heal|p1b: Glimmora|69\/100|[from] Grassy Terrain\n|-sideend|p2: RelicanthPrimal<><|move: Tailwind\n|-fieldend|move: Grassy Terrain\n|upkeep\n|turn|6\n|inactive|CaoJie has 150 seconds left.\n|inactive|RelicanthPrimal<>< has 270 seconds left.\n|\n|t:|1699560683\n|-end|p1a: Flutter Mane|Protosynthesis|[silent]\n|switch|p1a: Kommo-o|Kommo-o, F|50\/100\n|move|p2a: Tornadus|Tailwind|p2a: Tornadus\n|-sidestart|p2: RelicanthPrimal<><|move: Tailwind\n|move|p2b: Ninetales|Snarl|p1a: Kommo-o|[spread] p1a,p1b\n|-resisted|p1a: Kommo-o\n|-damage|p1a: Kommo-o|46\/100\n|-damage|p1b: Glimmora|59\/100\n|-unboost|p1a: Kommo-o|spa|1\n|-unboost|p1b: Glimmora|spa|1\n|move|p1b: Glimmora|Power Gem|p2a: Tornadus\n|-supereffective|p2a: Tornadus\n|-damage|p2a: Tornadus|49\/100\n|-enditem|p2a: Tornadus|Sitrus Berry|[eat]\n|-heal|p2a: Tornadus|74\/100|[from] item: Sitrus Berry\n|\n|-weather|SunnyDay|[upkeep]\n|-heal|p1a: Kommo-o|52\/100|[from] item: Leftovers\n|upkeep\n|turn|7\n|inactive|CaoJie has 150 seconds left.\n|inactive|RelicanthPrimal<>< has 270 seconds left.\n|inactive|CaoJie has 120 seconds left.\n|inactive|RelicanthPrimal<>< has 240 seconds left.\n|c|+Grandmas Cookin|i just realized they still haven\u2019t fixed the eject pack intimidate interaction \n|c|+Grandmas Cookin|from t-\n|c|+Grandmas Cookin|t1\n|inactive|CaoJie has 90 seconds left.\n|c|\u2606RelicanthPrimal<><|i thought thats how its supposed to be\n|inactive|RelicanthPrimal<>< has 210 seconds left.\n|c|+Grandmas Cookin|sun is supposed to go up first\n|c|\u2606RelicanthPrimal<><|is it not?\n|c|\u2606RelicanthPrimal<><|o\n|c|+Grandmas Cookin|then u switch out\n|c|\u2606RelicanthPrimal<><|funny\n|\n|t:|1699560780\n|move|p1a: Kommo-o|Protect|p1a: Kommo-o\n|-singleturn|p1a: Kommo-o|Protect\n|move|p2b: Ninetales|Snarl|p1b: Glimmora|[spread] p1b\n|-activate|p1a: Kommo-o|move: Protect\n|-damage|p1b: Glimmora|48\/100\n|-unboost|p1b: Glimmora|spa|1\n|move|p2a: Tornadus|Bleakwind Storm|p1b: Glimmora|[spread] p1b\n|-activate|p1a: Kommo-o|move: Protect\n|-resisted|p1b: Glimmora\n|-damage|p1b: Glimmora|20\/100\n|move|p1b: Glimmora|Stealth Rock|p2b: Ninetales\n|-sidestart|p2: RelicanthPrimal<><|move: Stealth Rock\n|\n|-weather|SunnyDay|[upkeep]\n|-heal|p1a: Kommo-o|59\/100|[from] item: Leftovers\n|upkeep\n|turn|8\n|inactive|CaoJie has 90 seconds left.\n|inactive|RelicanthPrimal<>< has 210 seconds left.\n|inactive|CaoJie has 60 seconds left.\n|\n|t:|1699560817\n|move|p2b: Ninetales|Snarl|p1b: Glimmora|[spread] p1a,p1b\n|-resisted|p1a: Kommo-o\n|-damage|p1a: Kommo-o|55\/100\n|-damage|p1b: Glimmora|10\/100\n|-unboost|p1a: Kommo-o|spa|1\n|-unboost|p1b: Glimmora|spa|1\n|move|p2a: Tornadus|Bleakwind Storm|p1b: Glimmora|[spread] p1a,p1b\n|-supereffective|p1a: Kommo-o\n|-resisted|p1b: Glimmora\n|-damage|p1a: Kommo-o|0 fnt\n|-damage|p1b: Glimmora|0 fnt\n|faint|p1a: Kommo-o\n|faint|p1b: Glimmora\n|\n|-weather|none\n|upkeep\n|inactive|CaoJie has 60 seconds left.\n|\n|t:|1699560826\n|switch|p1b: Flutter Mane|Flutter Mane|78\/100\n|turn|9\n|\n|t:|1699560837\n|move|p2b: Ninetales|Overheat|p1b: Flutter Mane\n|-damage|p1b: Flutter Mane|41\/100\n|-unboost|p2b: Ninetales|spa|2\n|move|p2a: Tornadus|Bleakwind Storm|p1b: Flutter Mane\n|-damage|p1b: Flutter Mane|0 fnt\n|faint|p1b: Flutter Mane\n|-end|p1b: Flutter Mane|Protosynthesis|[silent]\n|\n|win|RelicanthPrimal<><\n|c|\u2606CaoJie|gg\n","uploadtime":1699560838,"views":124,"p1id":"caojie","p2id":"relicanthprimal","formatid":"gen9doublesou","rating":0,"private":0,"password":""}