{"id":"smogtours-gen9doublesou-727334","p1":"ENZONANANANANA","p2":"sundaysnsundaes","format":"[Gen 9] Doubles OU","log":"|inactive|Battle timer is ON: inactive players will automatically lose when time's up.\n|t:|1698592278\n|gametype|doubles\n|player|p1|ENZONANANANANA|#scl2dynamos|\n|player|p2|sundaysnsundaes|psychic-gen2|\n|teamsize|p1|6\n|teamsize|p2|6\n|gen|9\n|tier|[Gen 9] Doubles OU\n|rule|Species Clause: Limit one of each Pok\u00e9mon\n|rule|OHKO Clause: OHKO moves are banned\n|rule|Evasion Moves Clause: Evasion moves are banned\n|rule|Gravity Sleep Clause: The combination of sleep-inducing moves with imperfect accuracy and Gravity or Gigantamax Orbeetle are banned\n|rule|Endless Battle Clause: Forcing endless battles is banned\n|rule|HP Percentage Mod: HP is shown in percentages\n|clearpoke\n|poke|p1|Iron Bundle|\n|poke|p1|Ninetales-Alola, F|\n|poke|p1|Chi-Yu|\n|poke|p1|Landorus-Therian, M|\n|poke|p1|Kommo-o, F|\n|poke|p1|Cresselia, F|\n|poke|p2|Gholdengo|\n|poke|p2|Ogerpon, F|\n|poke|p2|Volcanion|\n|poke|p2|Farigiraf, M|\n|poke|p2|Landorus-Therian, M|\n|poke|p2|Roaring Moon|\n|teampreview\n|inactive|ENZONANANANANA also wants the timer to be on.\n|c|\u2606ENZONANANANANA|HAVE FUN\n|inactive|ENZONANANANANA has 270 seconds left.\n|inactive|sundaysnsundaes has 270 seconds left.\n|c|\u2606sundaysnsundaes|Hf\n|inactive|sundaysnsundaes disconnected and has 300 seconds to reconnect!\n|player|p2|\n|inactive|sundaysnsundaes reconnected and has 260 seconds left.\n|player|p2|sundaysnsundaes|psychic-gen2\n|c|\u2606ENZONANANANANA|NOOOOOOOOOO I FORGET THE NICKNAMES\n|c|+sealoo|vamos enzonanananannanananannaananaaananananananana\n|inactive|ENZONANANANANA has 240 seconds left.\n|inactive|sundaysnsundaes has 240 seconds left.\n|c|\u2606ENZONANANANANA|AMMA P****\n|c|+longestbanana|VAMOS ENZONANANANANA\n|inactive|ENZONANANANANA has 210 seconds left.\n|inactive|sundaysnsundaes has 210 seconds left.\n|inactive|ENZONANANANANA has 180 seconds left.\n|\n|t:|1698592400\n|start\n|switch|p1a: Iron Bundle|Iron Bundle, shiny|100\/100\n|switch|p1b: Chi-Yu|Chi-Yu|100\/100\n|switch|p2a: Loudwinner|Volcanion|100\/100\n|switch|p2b: Balls|Roaring Moon, shiny|100\/100\n|-ability|p1b: Chi-Yu|Beads of Ruin\n|-enditem|p2b: Balls|Booster Energy\n|-activate|p2b: Balls|ability: Protosynthesis|[fromitem]\n|-start|p2b: Balls|protosynthesisspe\n|turn|1\n|inactive|ENZONANANANANA has 240 seconds left.\n|c|+Pousspouss|Vamos nana !!\n|inactive|ENZONANANANANA has 210 seconds left.\n|\n|t:|1698592473\n|switch|p1b: Ninetales|Ninetales-Alola, F|100\/100\n|-weather|Snow|[from] ability: Snow Warning|[of] p1b: Ninetales\n|move|p2b: Balls|Tailwind|p2b: Balls\n|-sidestart|p2: sundaysnsundaes|move: Tailwind\n|move|p1a: Iron Bundle|Blizzard|p2b: Balls|[spread] p2a,p2b\n|-resisted|p2a: Loudwinner\n|-supereffective|p2b: Balls\n|-damage|p2a: Loudwinner|90\/100\n|-damage|p2b: Balls|0 fnt\n|faint|p2b: Balls\n|-end|p2b: Balls|Protosynthesis|[silent]\n|move|p2a: Loudwinner|Heat Wave|p1a: Iron Bundle|[spread] p1a,p1b\n|-supereffective|p1b: Ninetales\n|-crit|p1b: Ninetales\n|-damage|p1a: Iron Bundle|16\/100\n|-damage|p1b: Ninetales|0 fnt\n|faint|p1b: Ninetales\n|\n|-weather|Snow|[upkeep]\n|upkeep\n|inactive|sundaysnsundaes has 270 seconds left.\n|inactive|ENZONANANANANA has 210 seconds left.\n|\n|t:|1698592508\n|switch|p2b: Spcplayzz|Ogerpon, F|100\/100\n|switch|p1b: Kommo-o|Kommo-o, F|100\/100\n|turn|2\n|inactive|ENZONANANANANA has 210 seconds left.\n|inactive|ENZONANANANANA has 180 seconds left.\n|inactive|sundaysnsundaes has 240 seconds left.\n|inactive|sundaysnsundaes has 210 seconds left.\n|\n|t:|1698592589\n|switch|p2a: Faaagamer|Farigiraf, M, shiny|100\/100\n|switch|p1b: Predator Drone|Cresselia, F|100\/100\n|move|p2b: Spcplayzz|Horn Leech|p1a: Iron Bundle\n|-supereffective|p1a: Iron Bundle\n|-damage|p1a: Iron Bundle|0 fnt\n|faint|p1a: Iron Bundle\n|-end|p1a: Iron Bundle|Quark Drive|[silent]\n|\n|-weather|Snow|[upkeep]\n|upkeep\n|\n|t:|1698592601\n|switch|p1a: Chi-Yu|Chi-Yu|100\/100\n|-ability|p1a: Chi-Yu|Beads of Ruin\n|turn|3\n|inactive|ENZONANANANANA has 180 seconds left.\n|\n|t:|1698592617\n|switch|p2a: Loudwinner|Volcanion|90\/100\n|move|p2b: Spcplayzz|Spiky Shield|p2b: Spcplayzz\n|-singleturn|p2b: Spcplayzz|move: Protect\n|move|p1a: Chi-Yu|Snarl|p2a: Loudwinner|[spread] p2a\n|-activate|p2b: Spcplayzz|move: Protect\n|-damage|p2a: Loudwinner|67\/100\n|-unboost|p2a: Loudwinner|spa|1\n|move|p1b: Predator Drone|Calm Mind|p1b: Predator Drone\n|-boost|p1b: Predator Drone|spa|1\n|-boost|p1b: Predator Drone|spd|1\n|\n|-weather|Snow|[upkeep]\n|upkeep\n|turn|4\n|c|+Hoennseptile|vamos enzonanananannanananannaananaaananananananana\n|inactive|sundaysnsundaes has 240 seconds left.\n|inactive|ENZONANANANANA has 180 seconds left.\n|\n|t:|1698592658\n|switch|p2a: SHIMA|Landorus-Therian, M, shiny|100\/100\n|-ability|p2a: SHIMA|Intimidate|boost\n|-unboost|p1a: Chi-Yu|atk|1\n|-unboost|p1b: Predator Drone|atk|1\n|-terastallize|p1a: Chi-Yu|Ghost\n|move|p2b: Spcplayzz|Superpower|p1a: Chi-Yu\n|-immune|p1a: Chi-Yu\n|move|p1a: Chi-Yu|Heat Wave|p2a: SHIMA|[spread] p2a,p2b\n|-supereffective|p2b: Spcplayzz\n|-damage|p2a: SHIMA|63\/100\n|-damage|p2b: Spcplayzz|3\/100\n|-enditem|p2b: Spcplayzz|Sitrus Berry|[eat]\n|-heal|p2b: Spcplayzz|28\/100|[from] item: Sitrus Berry\n|move|p1b: Predator Drone|Calm Mind|p1b: Predator Drone\n|-boost|p1b: Predator Drone|spa|1\n|-boost|p1b: Predator Drone|spd|1\n|\n|-weather|Snow|[upkeep]\n|-sideend|p2: sundaysnsundaes|move: Tailwind\n|upkeep\n|turn|5\n|inactive|ENZONANANANANA has 180 seconds left.\n|inactive|sundaysnsundaes has 240 seconds left.\n|inactive|sundaysnsundaes has 210 seconds left.\n|\n|t:|1698592705\n|switch|p1a: Kommo-o|Kommo-o, F|100\/100\n|move|p2b: Spcplayzz|Spiky Shield|p2b: Spcplayzz\n|-singleturn|p2b: Spcplayzz|move: Protect\n|move|p2a: SHIMA|Stomping Tantrum|p1a: Kommo-o\n|-damage|p1a: Kommo-o|67\/100\n|move|p1b: Predator Drone|Icy Wind|p2b: Spcplayzz|[spread] p2a\n|-activate|p2b: Spcplayzz|move: Protect\n|-supereffective|p2a: SHIMA\n|-damage|p2a: SHIMA|13\/100\n|-unboost|p2a: SHIMA|spe|1\n|-enditem|p2a: SHIMA|Sitrus Berry|[eat]\n|-heal|p2a: SHIMA|38\/100|[from] item: Sitrus Berry\n|\n|-weather|none\n|upkeep\n|turn|6\n|inactive|ENZONANANANANA has 180 seconds left.\n|inactive|sundaysnsundaes has 210 seconds left.\n|inactive|ENZONANANANANA has 150 seconds left.\n|\n|t:|1698592757\n|switch|p2b: Poop|Gholdengo|100\/100\n|move|p1a: Kommo-o|Protect|p1a: Kommo-o\n|-singleturn|p1a: Kommo-o|Protect\n|move|p1b: Predator Drone|Icy Wind|p2a: SHIMA|[spread] p2a,p2b\n|-supereffective|p2a: SHIMA\n|-resisted|p2b: Poop\n|-damage|p2a: SHIMA|0 fnt\n|-damage|p2b: Poop|93\/100\n|-unboost|p2b: Poop|spe|1\n|faint|p2a: SHIMA\n|\n|-heal|p2b: Poop|99\/100|[from] item: Leftovers\n|upkeep\n|\n|t:|1698592765\n|switch|p2a: Faaagamer|Farigiraf, M, shiny|100\/100\n|turn|7\n|c|+Toxinalpaca|VAMOS EL NANA\n|\n|t:|1698592775\n|move|p1a: Kommo-o|Fire Punch|p2b: Poop\n|-supereffective|p2b: Poop\n|-crit|p2b: Poop\n|-damage|p2b: Poop|50\/100\n|move|p1b: Predator Drone|Calm Mind|p1b: Predator Drone\n|-boost|p1b: Predator Drone|spa|1\n|-boost|p1b: Predator Drone|spd|1\n|move|p2b: Poop|Substitute|p2b: Poop\n|-start|p2b: Poop|Substitute\n|-damage|p2b: Poop|25\/100\n|move|p2a: Faaagamer|Trick Room|p2a: Faaagamer\n|-fieldstart|move: Trick Room|[of] p2a: Faaagamer\n|\n|-heal|p2b: Poop|31\/100|[from] item: Leftovers\n|upkeep\n|turn|8\n|inactive|ENZONANANANANA has 180 seconds left.\n|inactive|sundaysnsundaes has 240 seconds left.\n|\n|t:|1698592791\n|-terastallize|p2b: Poop|Water\n|move|p2b: Poop|Nasty Plot|p2b: Poop\n|-boost|p2b: Poop|spa|2\n|move|p2a: Faaagamer|Dazzling Gleam|p1b: Predator Drone|[spread] p1a,p1b\n|-supereffective|p1a: Kommo-o\n|-crit|p1a: Kommo-o\n|-damage|p1a: Kommo-o|0 fnt\n|-damage|p1b: Predator Drone|97\/100\n|faint|p1a: Kommo-o\n|move|p1b: Predator Drone|Psyshock|p2b: Poop\n|-end|p2b: Poop|Substitute\n|\n|-heal|p2b: Poop|38\/100|[from] item: Leftovers\n|upkeep\n|\n|t:|1698592805\n|switch|p1a: Landorus|Landorus-Therian, M|100\/100\n|-ability|p1a: Landorus|Intimidate|boost\n|-unboost|p2a: Faaagamer|atk|1\n|-unboost|p2b: Poop|atk|1\n|turn|9\n|\n|t:|1698592816\n|switch|p2a: Loudwinner|Volcanion|67\/100\n|move|p2b: Poop|Protect|p2b: Poop\n|-singleturn|p2b: Poop|Protect\n|move|p1b: Predator Drone|Psyshock|p2b: Poop\n|-activate|p2b: Poop|move: Protect\n|move|p1a: Landorus|U-turn|p2a: Loudwinner\n|-resisted|p2a: Loudwinner\n|-damage|p2a: Loudwinner|56\/100\n|\n|t:|1698592820\n|switch|p1a: Chi-Yu|Chi-Yu, tera:Ghost|100\/100|[from] U-turn\n|-ability|p1a: Chi-Yu|Beads of Ruin\n|\n|-heal|p2b: Poop|44\/100|[from] item: Leftovers\n|upkeep\n|turn|10\n|inactive|ENZONANANANANA has 210 seconds left.\n|inactive|sundaysnsundaes has 270 seconds left.\n|\n|t:|1698592844\n|switch|p1a: Landorus|Landorus-Therian, M|100\/100\n|-ability|p1a: Landorus|Intimidate|boost\n|-unboost|p2a: Loudwinner|atk|1\n|-unboost|p2b: Poop|atk|1\n|move|p2b: Poop|Make It Rain|p1a: Landorus|[spread] p1a,p1b\n|-damage|p1a: Landorus|49\/100\n|-damage|p1b: Predator Drone|79\/100\n|-unboost|p2b: Poop|spa|1\n|move|p2a: Loudwinner|Steam Eruption|p1b: Predator Drone\n|-damage|p1b: Predator Drone|65\/100\n|move|p1b: Predator Drone|Psyshock|p2b: Poop\n|-damage|p2b: Poop|6\/100\n|\n|-heal|p2b: Poop|12\/100|[from] item: Leftovers\n|upkeep\n|turn|11\n|inactive|ENZONANANANANA has 210 seconds left.\n|inactive|sundaysnsundaes has 270 seconds left.\n|\n|t:|1698592887\n|move|p2b: Poop|Make It Rain|p1b: Predator Drone|[spread] p1a,p1b\n|-damage|p1a: Landorus|10\/100\n|-damage|p1b: Predator Drone|51\/100\n|-unboost|p2b: Poop|spa|1\n|move|p2a: Loudwinner|Steam Eruption|p1a: Landorus\n|-supereffective|p1a: Landorus\n|-damage|p1a: Landorus|0 fnt\n|faint|p1a: Landorus\n|move|p1b: Predator Drone|Lunar Blessing|p1b: Predator Drone\n|-heal|p1b: Predator Drone|76\/100\n|\n|-heal|p2b: Poop|18\/100|[from] item: Leftovers\n|-fieldend|move: Trick Room\n|upkeep\n|\n|t:|1698592895\n|switch|p1a: Chi-Yu|Chi-Yu, tera:Ghost|100\/100\n|-ability|p1a: Chi-Yu|Beads of Ruin\n|turn|12\n|inactive|sundaysnsundaes has 270 seconds left.\n|c|\u2606ENZONANANANANA|GG\n|inactive|sundaysnsundaes has 240 seconds left.\n|\n|t:|1698592942\n|switch|p2b: Faaagamer|Farigiraf, M, shiny|100\/100\n|move|p1a: Chi-Yu|Dark Pulse|p2a: Loudwinner\n|-damage|p2a: Loudwinner|17\/100\n|move|p1b: Predator Drone|Psyshock|p2a: Loudwinner\n|-damage|p2a: Loudwinner|0 fnt\n|faint|p2a: Loudwinner\n|\n|upkeep\n|c|\u2606ENZONANANANANA|Y QUE LA SIGAN MAMANDOOOOOOOOOO\n|inactive|sundaysnsundaes has 210 seconds left.\n|\n|t:|1698592976\n|switch|p2a: Spcplayzz|Ogerpon, F|28\/100\n|turn|13\n|inactive|ENZONANANANANA has 240 seconds left.\n|\n|t:|1698592990\n|move|p2a: Spcplayzz|Spiky Shield|p2a: Spcplayzz\n|-singleturn|p2a: Spcplayzz|move: Protect\n|move|p1a: Chi-Yu|Dark Pulse|p2b: Faaagamer\n|-supereffective|p2b: Faaagamer\n|-damage|p2b: Faaagamer|0 fnt\n|faint|p2b: Faaagamer\n|move|p1b: Predator Drone|Icy Wind|p2a: Spcplayzz\n|-activate|p2a: Spcplayzz|move: Protect\n|\n|upkeep\n|c|\u2606sundaysnsundaes|gg\n|c|\u2606ENZONANANANANA|GG\n|-message|sundaysnsundaes forfeited.\n|\n|win|ENZONANANANANA\n|c|+Pousspouss|Enzooooo\n|c|+longestbanana|GOATTT\n","uploadtime":1698593000,"views":96,"p1id":"enzonanananana","p2id":"sundaysnsundaes","formatid":"gen9doublesou","rating":0,"private":0,"password":""}