{"id":"smogtours-gen9doublesou-732550","p1":"edgar","p2":"steelpupa","format":"[Gen 9] Doubles OU","log":"|inactive|Battle timer is ON: inactive players will automatically lose when time's up.\n|t:|1700972603\n|gametype|doubles\n|player|p1|edgar|winona|\n|player|p2|steelpupa|#vgcplzoruas|\n|teamsize|p1|6\n|teamsize|p2|6\n|gen|9\n|tier|[Gen 9] Doubles OU\n|rule|Species Clause: Limit one of each Pok\u00e9mon\n|rule|OHKO Clause: OHKO moves are banned\n|rule|Evasion Moves Clause: Evasion moves are banned\n|rule|Gravity Sleep Clause: The combination of sleep-inducing moves with imperfect accuracy and Gravity or Gigantamax Orbeetle are banned\n|rule|Endless Battle Clause: Forcing endless battles is banned\n|rule|HP Percentage Mod: HP is shown in percentages\n|clearpoke\n|poke|p1|Volcanion|\n|poke|p1|Landorus-Therian, M|\n|poke|p1|Flutter Mane|\n|poke|p1|Ogerpon-Wellspring, F|\n|poke|p1|Rillaboom, F|\n|poke|p1|Kingambit, M|\n|poke|p2|Gholdengo|\n|poke|p2|Tornadus, M|\n|poke|p2|Azumarill, F|\n|poke|p2|Ogerpon-Cornerstone, F|\n|poke|p2|Heatran, M|\n|poke|p2|Rillaboom, M|\n|teampreview\n|inactive|edgar has 270 seconds left.\n|inactive|steelpupa has 270 seconds left.\n|c|+eragon11145|Let\u2019s go Edgar \n|inactive|edgar has 240 seconds left.\n|inactive|edgar has 210 seconds left.\n|c|+mliya|go steelpupa\n|\n|t:|1700972717\n|start\n|switch|p1a: Landorus|Landorus-Therian, M|100\/100\n|switch|p1b: Kingambit|Kingambit, M|100\/100\n|switch|p2a: Heatran|Heatran, M|100\/100\n|switch|p2b: Rillaboom|Rillaboom, M|100\/100\n|-ability|p1a: Landorus|Intimidate|boost\n|-unboost|p2a: Heatran|atk|1\n|-unboost|p2b: Rillaboom|atk|1\n|-fieldstart|move: Grassy Terrain|[from] ability: Grassy Surge|[of] p2b: Rillaboom\n|turn|1\n|inactive|edgar has 270 seconds left.\n|inactive|steelpupa has 270 seconds left.\n|inactive|edgar has 240 seconds left.\n|\n|t:|1700972777\n|switch|p1a: Volcanion|Volcanion|100\/100\n|move|p1b: Kingambit|Protect|p1b: Kingambit\n|-singleturn|p1b: Kingambit|Protect\n|move|p2b: Rillaboom|Fake Out|p1a: Volcanion\n|-damage|p1a: Volcanion|92\/100\n|move|p2a: Heatran|Heat Wave|p1b: Kingambit|[spread] p1a\n|-activate|p1b: Kingambit|move: Protect\n|-resisted|p1a: Volcanion\n|-damage|p1a: Volcanion|84\/100\n|\n|-heal|p1a: Volcanion|90\/100|[from] Grassy Terrain\n|upkeep\n|turn|2\n|inactive|steelpupa has 270 seconds left.\n|inactive|edgar has 210 seconds left.\n|\n|t:|1700972810\n|move|p2a: Heatran|Protect|p2a: Heatran\n|-singleturn|p2a: Heatran|Protect\n|move|p2b: Rillaboom|U-turn|p1b: Kingambit\n|-damage|p1b: Kingambit|87\/100\n|\n|t:|1700972815\n|switch|p2b: Azumarill|Azumarill, F|100\/100|[from] U-turn\n|move|p1a: Volcanion|Steam Eruption|p2a: Heatran\n|-activate|p2a: Heatran|move: Protect\n|move|p1b: Kingambit|Kowtow Cleave|p2b: Azumarill\n|-resisted|p2b: Azumarill\n|-damage|p2b: Azumarill|68\/100\n|\n|-heal|p1a: Volcanion|96\/100|[from] Grassy Terrain\n|-heal|p2b: Azumarill|74\/100|[from] Grassy Terrain\n|-heal|p1b: Kingambit|93\/100|[from] Grassy Terrain\n|upkeep\n|turn|3\n|inactive|steelpupa has 270 seconds left.\n|\n|t:|1700972843\n|move|p2b: Azumarill|Protect|p2b: Azumarill\n|-singleturn|p2b: Azumarill|Protect\n|move|p1b: Kingambit|Protect|p1b: Kingambit\n|-singleturn|p1b: Kingambit|Protect\n|move|p2a: Heatran|Substitute|p2a: Heatran\n|-start|p2a: Heatran|Substitute\n|-damage|p2a: Heatran|76\/100\n|move|p1a: Volcanion|Will-O-Wisp|p2b: Azumarill\n|-activate|p2b: Azumarill|move: Protect\n|\n|-heal|p2a: Heatran|82\/100|[from] Grassy Terrain\n|-heal|p2a: Heatran|88\/100|[from] item: Leftovers\n|-heal|p1a: Volcanion|100\/100|[from] Grassy Terrain\n|-heal|p2b: Azumarill|80\/100|[from] Grassy Terrain\n|-heal|p1b: Kingambit|99\/100|[from] Grassy Terrain\n|upkeep\n|turn|4\n|inactive|edgar has 240 seconds left.\n|inactive|steelpupa has 270 seconds left.\n|inactive|edgar has 210 seconds left.\n|\n|t:|1700972909\n|switch|p1b: Ogerpon|Ogerpon-Wellspring, F|100\/100\n|move|p2a: Heatran|Protect|p2a: Heatran\n|-singleturn|p2a: Heatran|Protect\n|move|p1a: Volcanion|Steam Eruption|p2b: Azumarill\n|-resisted|p2b: Azumarill\n|-damage|p2b: Azumarill|56\/100\n|move|p2b: Azumarill|Belly Drum|p2b: Azumarill\n|-damage|p2b: Azumarill|6\/100\n|-setboost|p2b: Azumarill|atk|6|[from] move: Belly Drum\n|-enditem|p2b: Azumarill|Sitrus Berry|[eat]\n|-heal|p2b: Azumarill|31\/100|[from] item: Sitrus Berry\n|\n|-heal|p2a: Heatran|94\/100|[from] Grassy Terrain\n|-heal|p2a: Heatran|100\/100|[from] item: Leftovers\n|-heal|p2b: Azumarill|37\/100|[from] Grassy Terrain\n|upkeep\n|turn|5\n|inactive|edgar has 210 seconds left.\n|inactive|steelpupa has 270 seconds left.\n|\n|t:|1700972940\n|move|p1b: Ogerpon|Spiky Shield|p1b: Ogerpon\n|-singleturn|p1b: Ogerpon|move: Protect\n|move|p2b: Azumarill|Protect|p2b: Azumarill\n|-singleturn|p2b: Azumarill|Protect\n|move|p2a: Heatran|Earth Power|p1a: Volcanion\n|-supereffective|p1a: Volcanion\n|-damage|p1a: Volcanion|48\/100\n|move|p1a: Volcanion|Haze|p1a: Volcanion\n|-clearallboost\n|\n|-heal|p1a: Volcanion|54\/100|[from] Grassy Terrain\n|-heal|p2b: Azumarill|43\/100|[from] Grassy Terrain\n|-fieldend|move: Grassy Terrain\n|upkeep\n|turn|6\n|inactive|edgar has 210 seconds left.\n|inactive|steelpupa has 240 seconds left.\n|inactive|edgar has 180 seconds left.\n|\n|t:|1700972991\n|switch|p2b: Rillaboom|Rillaboom, M|100\/100\n|-fieldstart|move: Grassy Terrain|[from] ability: Grassy Surge|[of] p2b: Rillaboom\n|move|p2a: Heatran|Protect|p2a: Heatran\n|-singleturn|p2a: Heatran|Protect\n|move|p1b: Ogerpon|Follow Me|p1b: Ogerpon\n|-singleturn|p1b: Ogerpon|move: Follow Me\n|move|p1a: Volcanion|Haze|p1a: Volcanion\n|-clearallboost\n|\n|-heal|p1a: Volcanion|61\/100|[from] Grassy Terrain\n|upkeep\n|turn|7\n|inactive|edgar has 180 seconds left.\n|inactive|steelpupa has 240 seconds left.\n|\n|t:|1700973027\n|move|p1b: Ogerpon|Ivy Cudgel|p2a: Heatran|[anim] Ivy Cudgel Water\n|-supereffective|p2a: Heatran\n|-end|p2a: Heatran|Substitute\n|move|p2b: Rillaboom|Wood Hammer|p1a: Volcanion\n|-damage|p1a: Volcanion|0 fnt\n|faint|p1a: Volcanion\n|-damage|p2b: Rillaboom|83\/100|[from] Recoil\n|move|p2a: Heatran|Heat Wave|p1b: Ogerpon\n|-damage|p1b: Ogerpon|56\/100\n|\n|-heal|p1b: Ogerpon|62\/100|[from] Grassy Terrain\n|-heal|p2b: Rillaboom|89\/100|[from] Grassy Terrain\n|upkeep\n|inactive|edgar has 150 seconds left.\n|\n|t:|1700973062\n|switch|p1a: Kingambit|Kingambit, M|99\/100\n|turn|8\n|inactive|steelpupa has 240 seconds left.\n|\n|t:|1700973090\n|-terastallize|p1a: Kingambit|Fire\n|move|p1b: Ogerpon|Spiky Shield|p1b: Ogerpon\n|-singleturn|p1b: Ogerpon|move: Protect\n|move|p2a: Heatran|Protect|p2a: Heatran\n|-singleturn|p2a: Heatran|Protect\n|move|p2b: Rillaboom|Wood Hammer|p1b: Ogerpon\n|-activate|p1b: Ogerpon|move: Protect\n|-damage|p2b: Rillaboom|77\/100|[from] Spiky Shield|[of] p1b: Ogerpon\n|move|p1a: Kingambit|Swords Dance|p1a: Kingambit\n|-boost|p1a: Kingambit|atk|2\n|\n|-heal|p1b: Ogerpon|68\/100|[from] Grassy Terrain\n|-heal|p2b: Rillaboom|83\/100|[from] Grassy Terrain\n|-heal|p1a: Kingambit|100\/100|[from] Grassy Terrain\n|upkeep\n|turn|9\n|\n|t:|1700973111\n|switch|p2a: Azumarill|Azumarill, F|43\/100\n|move|p1b: Ogerpon|Ivy Cudgel|p2a: Azumarill|[anim] Ivy Cudgel Water\n|-resisted|p2a: Azumarill\n|-damage|p2a: Azumarill|13\/100\n|move|p2b: Rillaboom|Wood Hammer|p1b: Ogerpon\n|-damage|p1b: Ogerpon|0 fnt\n|faint|p1b: Ogerpon\n|-damage|p2b: Rillaboom|62\/100|[from] Recoil\n|move|p1a: Kingambit|Kowtow Cleave|p2b: Rillaboom\n|-damage|p2b: Rillaboom|0 fnt\n|faint|p2b: Rillaboom\n|\n|-heal|p2a: Azumarill|20\/100|[from] Grassy Terrain\n|upkeep\n|inactive|edgar has 150 seconds left.\n|inactive|steelpupa has 270 seconds left.\n|inactive|edgar has 120 seconds left.\n|\n|t:|1700973155\n|switch|p1b: Rillaboom|Rillaboom, F|100\/100\n|switch|p2b: Tornadus|Tornadus, M|100\/100\n|turn|10\n|inactive|steelpupa has 270 seconds left.\n|\n|t:|1700973171\n|move|p2b: Tornadus|Protect|p2b: Tornadus\n|-singleturn|p2b: Tornadus|Protect\n|move|p2a: Azumarill|Protect|p2a: Azumarill\n|-singleturn|p2a: Azumarill|Protect\n|move|p1b: Rillaboom|Fake Out|p2a: Azumarill\n|-activate|p2a: Azumarill|move: Protect\n|move|p1a: Kingambit|Kowtow Cleave|p2b: Tornadus\n|-activate|p2b: Tornadus|move: Protect\n|\n|-heal|p2a: Azumarill|26\/100|[from] Grassy Terrain\n|-fieldend|move: Grassy Terrain\n|upkeep\n|turn|11\n|inactive|steelpupa has 270 seconds left.\n|inactive|edgar has 120 seconds left.\n|\n|t:|1700973207\n|switch|p1a: Landorus|Landorus-Therian, M|100\/100\n|-ability|p1a: Landorus|Intimidate|boost\n|-unboost|p2a: Azumarill|atk|1\n|-unboost|p2b: Tornadus|atk|1\n|move|p2a: Azumarill|Aqua Jet|p1a: Landorus\n|-supereffective|p1a: Landorus\n|-damage|p1a: Landorus|64\/100\n|move|p2b: Tornadus|Bleakwind Storm|p1a: Landorus|[spread] p1b\n|-miss|p2b: Tornadus|p1a: Landorus\n|-supereffective|p1b: Rillaboom\n|-damage|p1b: Rillaboom|56\/100\n|-unboost|p1b: Rillaboom|spe|1\n|move|p1b: Rillaboom|Wood Hammer|p2a: Azumarill\n|-supereffective|p2a: Azumarill\n|-damage|p2a: Azumarill|0 fnt\n|faint|p2a: Azumarill\n|-damage|p1b: Rillaboom|48\/100|[from] Recoil\n|\n|upkeep\n|\n|t:|1700973222\n|switch|p2a: Gholdengo|Gholdengo|100\/100\n|turn|12\n|inactive|steelpupa has 270 seconds left.\n|inactive|edgar has 120 seconds left.\n|\n|t:|1700973253\n|move|p2b: Tornadus|Tailwind|p2b: Tornadus\n|-sidestart|p2: steelpupa|move: Tailwind\n|move|p2a: Gholdengo|Make It Rain|p1a: Landorus|[spread] p1a,p1b\n|-damage|p1a: Landorus|0 fnt\n|-damage|p1b: Rillaboom|7\/100\n|-unboost|p2a: Gholdengo|spa|1\n|faint|p1a: Landorus\n|move|p1b: Rillaboom|U-turn|p2a: Gholdengo\n|-resisted|p2a: Gholdengo\n|-damage|p2a: Gholdengo|95\/100\n|\n|t:|1700973265\n|switch|p1b: Kingambit|Kingambit, M, tera:Fire|100\/100|[from] U-turn\n|\n|upkeep\n|\n|t:|1700973279\n|switch|p1a: Rillaboom|Rillaboom, F|7\/100\n|-fieldstart|move: Grassy Terrain|[from] ability: Grassy Surge|[of] p1a: Rillaboom\n|turn|13\n|inactive|edgar has 120 seconds left.\n|inactive|steelpupa has 270 seconds left.\n|\n|t:|1700973310\n|switch|p2a: Ogerpon|Ogerpon-Cornerstone, F|100\/100\n|move|p2b: Tornadus|Protect|p2b: Tornadus\n|-singleturn|p2b: Tornadus|Protect\n|move|p1a: Rillaboom|Fake Out|p2b: Tornadus\n|-activate|p2b: Tornadus|move: Protect\n|move|p1b: Kingambit|Swords Dance|p1b: Kingambit\n|-boost|p1b: Kingambit|atk|2\n|\n|-heal|p1a: Rillaboom|13\/100|[from] Grassy Terrain\n|upkeep\n|turn|14\n|\n|t:|1700973335\n|move|p2a: Ogerpon|Spiky Shield|p2a: Ogerpon\n|-singleturn|p2a: Ogerpon|move: Protect\n|move|p1a: Rillaboom|Grassy Glide|p2a: Ogerpon\n|-activate|p2a: Ogerpon|move: Protect\n|-damage|p1a: Rillaboom|0 fnt|[from] Spiky Shield|[of] p2a: Ogerpon\n|faint|p1a: Rillaboom\n|move|p1b: Kingambit|Sucker Punch||[still]\n|-fail|p1b: Kingambit\n|move|p2b: Tornadus|Bleakwind Storm|p1b: Kingambit\n|-damage|p1b: Kingambit|59\/100\n|\n|-heal|p1b: Kingambit|66\/100|[from] Grassy Terrain\n|upkeep\n|\n|t:|1700973343\n|switch|p1a: Flutter Mane|Flutter Mane|100\/100\n|turn|15\n|\n|t:|1700973361\n|-terastallize|p2a: Ogerpon|Rock\n|detailschange|p2a: Ogerpon|Ogerpon-Cornerstone-Tera, F, tera:Rock\n|-ability|p2a: Ogerpon|Embody Aspect (Cornerstone)|boost\n|-boost|p2a: Ogerpon|def|1\n|move|p2a: Ogerpon|Ivy Cudgel|p1a: Flutter Mane|[anim] Ivy Cudgel Rock\n|-damage|p1a: Flutter Mane|0 fnt\n|faint|p1a: Flutter Mane\n|-end|p1a: Flutter Mane|Protosynthesis|[silent]\n|move|p2b: Tornadus|Bleakwind Storm|p1b: Kingambit\n|-damage|p1b: Kingambit|20\/100\n|-unboost|p1b: Kingambit|spe|1\n|-ability|p1b: Kingambit|Defiant|boost\n|-boost|p1b: Kingambit|atk|2\n|move|p1b: Kingambit|Kowtow Cleave|p2a: Ogerpon\n|-damage|p2a: Ogerpon|0 fnt\n|faint|p2a: Ogerpon\n|\n|-heal|p1b: Kingambit|26\/100|[from] Grassy Terrain\n|-sideend|p2: steelpupa|move: Tailwind\n|upkeep\n|\n|t:|1700973377\n|switch|p2a: Heatran|Heatran, M|100\/100\n|turn|16\n|\n|t:|1700973385\n|move|p1b: Kingambit|Sucker Punch||[still]\n|-fail|p1b: Kingambit\n|move|p2b: Tornadus|Bleakwind Storm|p1b: Kingambit\n|-damage|p1b: Kingambit|0 fnt\n|faint|p1b: Kingambit\n|\n|win|steelpupa\n|c|\u2606edgar|gg\n|c|\u2606steelpupa|gg\n","uploadtime":1700973386,"views":111,"p1id":"edgar","p2id":"steelpupa","formatid":"gen9doublesou","rating":0,"private":0,"password":""}