{"id":"smogtours-gen9doublesou-729715","p1":"Givrix","p2":"Paraplegic","format":"[Gen 9] Doubles OU","log":"|inactive|Battle timer is ON: inactive players will automatically lose when time's up.\n|t:|1699642977\n|gametype|doubles\n|player|p1|Givrix|tateandliza-gen3|\n|player|p2|Paraplegic|#scl2islanders|\n|teamsize|p1|6\n|teamsize|p2|6\n|gen|9\n|tier|[Gen 9] Doubles OU\n|rule|Species Clause: Limit one of each Pok\u00e9mon\n|rule|OHKO Clause: OHKO moves are banned\n|rule|Evasion Moves Clause: Evasion moves are banned\n|rule|Gravity Sleep Clause: The combination of sleep-inducing moves with imperfect accuracy and Gravity or Gigantamax Orbeetle are banned\n|rule|Endless Battle Clause: Forcing endless battles is banned\n|rule|HP Percentage Mod: HP is shown in percentages\n|clearpoke\n|poke|p1|Rillaboom, M|\n|poke|p1|Zapdos-Galar|\n|poke|p1|Regidrago|\n|poke|p1|Tornadus, M|\n|poke|p1|Volcanion|\n|poke|p1|Gholdengo|\n|poke|p2|Ninetales-Alola, F|\n|poke|p2|Baxcalibur, M|\n|poke|p2|Ogerpon-Wellspring, F|\n|poke|p2|Rillaboom, M|\n|poke|p2|Iron Bundle|\n|poke|p2|Flutter Mane|\n|teampreview\n|inactive|Givrix has 270 seconds left.\n|inactive|Paraplegic has 270 seconds left.\n|inactive|Givrix has 240 seconds left.\n|inactive|Paraplegic has 240 seconds left.\n|inactive|Givrix has 210 seconds left.\n|\n|t:|1699643094\n|start\n|switch|p1a: Rillaboom|Rillaboom, M|100\/100\n|switch|p1b: Volcanion|Volcanion|100\/100\n|switch|p2a: Ogerpon|Ogerpon-Wellspring, F|100\/100\n|switch|p2b: Flutter Mane|Flutter Mane|100\/100\n|-fieldstart|move: Grassy Terrain|[from] ability: Grassy Surge|[of] p1a: Rillaboom\n|-enditem|p2b: Flutter Mane|Booster Energy\n|-activate|p2b: Flutter Mane|ability: Protosynthesis|[fromitem]\n|-start|p2b: Flutter Mane|protosynthesisspe\n|turn|1\n|inactive|Givrix has 240 seconds left.\n|\n|t:|1699643141\n|move|p2b: Flutter Mane|Protect|p2b: Flutter Mane\n|-singleturn|p2b: Flutter Mane|Protect\n|move|p2a: Ogerpon|Spiky Shield|p2a: Ogerpon\n|-singleturn|p2a: Ogerpon|move: Protect\n|move|p1a: Rillaboom|U-turn|p2b: Flutter Mane\n|-activate|p2b: Flutter Mane|move: Protect\n|move|p1b: Volcanion|Heat Wave|p2b: Flutter Mane|[spread] \n|-activate|p2a: Ogerpon|move: Protect\n|-activate|p2b: Flutter Mane|move: Protect\n|\n|upkeep\n|turn|2\n|\n|t:|1699643161\n|move|p2a: Ogerpon|Grassy Glide|p1b: Volcanion\n|-damage|p1b: Volcanion|67\/100\n|move|p2b: Flutter Mane|Moonblast|p1a: Rillaboom\n|-damage|p1a: Rillaboom|72\/100\n|move|p1a: Rillaboom|U-turn|p2a: Ogerpon\n|-supereffective|p2a: Ogerpon\n|-damage|p2a: Ogerpon|38\/100\n|inactive|Givrix has 240 seconds left.\n|\n|t:|1699643175\n|switch|p1a: Tornadus|Tornadus, M|100\/100|[from] U-turn\n|move|p1b: Volcanion|Heat Wave|p2a: Ogerpon|[spread] p2a,p2b\n|-damage|p2a: Ogerpon|0 fnt\n|-damage|p2b: Flutter Mane|64\/100\n|faint|p2a: Ogerpon\n|\n|-heal|p2b: Flutter Mane|70\/100|[from] Grassy Terrain\n|-heal|p1b: Volcanion|73\/100|[from] Grassy Terrain\n|upkeep\n|inactive|Paraplegic has 270 seconds left.\n|\n|t:|1699643204\n|switch|p2a: Ninetales|Ninetales-Alola, F|100\/100\n|-weather|Snow|[from] ability: Snow Warning|[of] p2a: Ninetales\n|turn|3\n|\n|t:|1699643228\n|move|p1a: Tornadus|Tailwind|p1a: Tornadus\n|-sidestart|p1: Givrix|move: Tailwind\n|move|p2b: Flutter Mane|Moonblast|p1a: Tornadus\n|-damage|p1a: Tornadus|45\/100\n|-enditem|p1a: Tornadus|Sitrus Berry|[eat]\n|-heal|p1a: Tornadus|70\/100|[from] item: Sitrus Berry\n|move|p1b: Volcanion|Fire Blast|p2a: Ninetales\n|-supereffective|p2a: Ninetales\n|-damage|p2a: Ninetales|0 fnt\n|faint|p2a: Ninetales\n|\n|-weather|Snow|[upkeep]\n|-heal|p2b: Flutter Mane|76\/100|[from] Grassy Terrain\n|-heal|p1b: Volcanion|79\/100|[from] Grassy Terrain\n|upkeep\n|\n|t:|1699643250\n|switch|p2a: Baxcalibur|Baxcalibur, M|100\/100\n|turn|4\n|inactive|Givrix has 270 seconds left.\n|\n|t:|1699643274\n|move|p2b: Flutter Mane|Protect|p2b: Flutter Mane\n|-singleturn|p2b: Flutter Mane|Protect\n|move|p2a: Baxcalibur|Protect|p2a: Baxcalibur\n|-singleturn|p2a: Baxcalibur|Protect\n|move|p1a: Tornadus|Taunt|p2a: Baxcalibur\n|-activate|p2a: Baxcalibur|move: Protect\n|move|p1b: Volcanion|Steam Eruption|p2b: Flutter Mane\n|-activate|p2b: Flutter Mane|move: Protect\n|\n|-weather|Snow|[upkeep]\n|-heal|p2b: Flutter Mane|83\/100|[from] Grassy Terrain\n|-heal|p1b: Volcanion|85\/100|[from] Grassy Terrain\n|upkeep\n|turn|5\n|inactive|Givrix has 270 seconds left.\n|inactive|Givrix has 240 seconds left.\n|\n|t:|1699643335\n|move|p1a: Tornadus|Taunt|p2a: Baxcalibur\n|-start|p2a: Baxcalibur|move: Taunt\n|move|p2b: Flutter Mane|Shadow Ball|p1b: Volcanion\n|-damage|p1b: Volcanion|56\/100\n|move|p1b: Volcanion|Steam Eruption|p2b: Flutter Mane\n|-damage|p2b: Flutter Mane|22\/100\n|-status|p2b: Flutter Mane|brn\n|move|p2a: Baxcalibur|Icicle Crash|p1a: Tornadus\n|-supereffective|p1a: Tornadus\n|-crit|p1a: Tornadus\n|-damage|p1a: Tornadus|0 fnt\n|faint|p1a: Tornadus\n|\n|-weather|Snow|[upkeep]\n|-heal|p2b: Flutter Mane|28\/100 brn|[from] Grassy Terrain\n|-heal|p1b: Volcanion|62\/100|[from] Grassy Terrain\n|-damage|p2b: Flutter Mane|22\/100 brn|[from] brn\n|-fieldend|move: Grassy Terrain\n|upkeep\n|inactive|Givrix has 210 seconds left.\n|inactive|Givrix has 180 seconds left.\n|inactive|Givrix has 150 seconds left.\n|\n|t:|1699643441\n|switch|p1a: Regidrago|Regidrago|100\/100\n|turn|6\n|\n|t:|1699643465\n|switch|p2a: Rillaboom|Rillaboom, M|100\/100\n|-fieldstart|move: Grassy Terrain|[from] ability: Grassy Surge|[of] p2a: Rillaboom\n|-terastallize|p1b: Volcanion|Fire\n|move|p2b: Flutter Mane|Protect|p2b: Flutter Mane\n|-singleturn|p2b: Flutter Mane|Protect\n|move|p1a: Regidrago|Dragon Pulse|p2a: Rillaboom\n|-damage|p2a: Rillaboom|38\/100\n|move|p1b: Volcanion|Heat Wave|p2b: Flutter Mane|[spread] p2a\n|-activate|p2b: Flutter Mane|move: Protect\n|-supereffective|p2a: Rillaboom\n|-damage|p2a: Rillaboom|0 fnt\n|faint|p2a: Rillaboom\n|\n|-weather|Snow|[upkeep]\n|-heal|p2b: Flutter Mane|28\/100 brn|[from] Grassy Terrain\n|-heal|p1b: Volcanion|69\/100|[from] Grassy Terrain\n|-damage|p2b: Flutter Mane|22\/100 brn|[from] brn\n|-sideend|p1: Givrix|move: Tailwind\n|upkeep\n|\n|t:|1699643471\n|switch|p2a: Baxcalibur|Baxcalibur, M|100\/100\n|turn|7\n|inactive|Givrix has 150 seconds left.\n|inactive|Givrix has 120 seconds left.\n|\n|t:|1699643521\n|-terastallize|p2a: Baxcalibur|Fire\n|move|p2b: Flutter Mane|Moonblast|p1a: Regidrago\n|-supereffective|p1a: Regidrago\n|-damage|p1a: Regidrago|5\/100\n|move|p2a: Baxcalibur|Dragon Dance|p2a: Baxcalibur\n|-boost|p2a: Baxcalibur|atk|1\n|-boost|p2a: Baxcalibur|spe|1\n|move|p1a: Regidrago|Dragon Pulse|p2a: Baxcalibur\n|-damage|p2a: Baxcalibur|36\/100\n|move|p1b: Volcanion|Heat Wave|p2a: Baxcalibur|[spread] p2a,p2b\n|-resisted|p2a: Baxcalibur\n|-damage|p2a: Baxcalibur|13\/100\n|-damage|p2b: Flutter Mane|0 fnt\n|-ability|p2a: Baxcalibur|Thermal Exchange|boost\n|-boost|p2a: Baxcalibur|atk|1\n|faint|p2b: Flutter Mane\n|-end|p2b: Flutter Mane|Protosynthesis|[silent]\n|\n|-weather|none\n|-heal|p2a: Baxcalibur|20\/100|[from] Grassy Terrain\n|-heal|p1a: Regidrago|11\/100|[from] Grassy Terrain\n|-heal|p1b: Volcanion|75\/100|[from] Grassy Terrain\n|upkeep\n|\n|t:|1699643533\n|switch|p2b: Iron Bundle|Iron Bundle|100\/100\n|-enditem|p2b: Iron Bundle|Booster Energy\n|-activate|p2b: Iron Bundle|ability: Quark Drive|[fromitem]\n|-start|p2b: Iron Bundle|quarkdrivespe\n|turn|8\n|\n|t:|1699643546\n|move|p2b: Iron Bundle|Icy Wind|p1a: Regidrago|[spread] p1b\n|-miss|p2b: Iron Bundle|p1a: Regidrago\n|-resisted|p1b: Volcanion\n|-damage|p1b: Volcanion|68\/100\n|-unboost|p1b: Volcanion|spe|1\n|move|p2a: Baxcalibur|High Horsepower|p1b: Volcanion\n|-supereffective|p1b: Volcanion\n|-damage|p1b: Volcanion|0 fnt\n|faint|p1b: Volcanion\n|move|p1a: Regidrago|Dragon Pulse|p2b: Iron Bundle\n|-damage|p2b: Iron Bundle|0 fnt\n|faint|p2b: Iron Bundle\n|-end|p2b: Iron Bundle|Quark Drive|[silent]\n|\n|-heal|p2a: Baxcalibur|26\/100|[from] Grassy Terrain\n|-heal|p1a: Regidrago|17\/100|[from] Grassy Terrain\n|upkeep\n|c|\u2606Paraplegic|gg\n|-message|Paraplegic forfeited.\n|\n|win|Givrix\n|c|\u2606Givrix|gg\n","uploadtime":1699643558,"views":154,"p1id":"givrix","p2id":"paraplegic","formatid":"gen9doublesou","rating":0,"private":0,"password":""}