{"id":"gen9nationaldexubers-1997517917","p1":"Fab la Larve","p2":"Save a Solar","format":"[Gen 9] National Dex Ubers","log":"|j|\u2606Fab la Larve\n|j|\u2606Save a Solar\n|t:|1700818975\n|gametype|singles\n|player|p1|Fab la Larve|265|1233\n|player|p2|Save a Solar|102|1324\n|teamsize|p1|6\n|teamsize|p2|6\n|gen|9\n|tier|[Gen 9] National Dex Ubers\n|rated|\n|rule|HP Percentage Mod: HP is shown in percentages\n|rule|Endless Battle Clause: Forcing endless battles is banned\n|rule|OHKO Clause: OHKO moves are banned\n|rule|Evasion Moves Clause: Evasion moves are banned\n|rule|Evasion Items Clause: Evasion items are banned\n|rule|Species Clause: Limit one of each Pok\u00e9mon\n|rule|Sleep Clause Mod: Limit one foe put to sleep\n|rule|Mega Rayquaza Clause: You cannot mega evolve Rayquaza\n|clearpoke\n|poke|p1|Marshadow|\n|poke|p1|Regieleki|\n|poke|p1|Zacian-*|\n|poke|p1|Ho-Oh|\n|poke|p1|Iron Bundle|\n|poke|p1|Kyogre|\n|poke|p2|Palkia-Origin|\n|poke|p2|Necrozma-Dusk-Mane|\n|poke|p2|Grimmsnarl, M|\n|poke|p2|Ditto|\n|poke|p2|Zygarde|\n|poke|p2|Deoxys-Speed|\n|teampreview\n|inactive|Battle timer is ON: inactive players will automatically lose when time's up. (requested by Fab la Larve)\n|\n|t:|1700819019\n|start\n|switch|p1a: Iron Bundle|Iron Bundle|100\/100\n|switch|p2a: Fartsticks XD|Deoxys-Speed, shiny|100\/100\n|-ability|p2a: Fartsticks XD|Pressure\n|turn|1\n|\n|t:|1700819032\n|move|p2a: Fartsticks XD|Stealth Rock|p1a: Iron Bundle\n|-sidestart|p1: Fab la Larve|move: Stealth Rock\n|move|p1a: Iron Bundle|Ice Beam|p2a: Fartsticks XD\n|-damage|p2a: Fartsticks XD|23\/100\n|\n|upkeep\n|turn|2\n|\n|t:|1700819040\n|move|p2a: Fartsticks XD|Spikes|p1a: Iron Bundle\n|-sidestart|p1: Fab la Larve|Spikes\n|move|p1a: Iron Bundle|Ice Beam|p2a: Fartsticks XD\n|-damage|p2a: Fartsticks XD|0 fnt\n|faint|p2a: Fartsticks XD\n|\n|upkeep\n|\n|t:|1700819045\n|switch|p2a: HARRY|Grimmsnarl, M, shiny|100\/100\n|turn|3\n|\n|t:|1700819052\n|-end|p1a: Iron Bundle|Quark Drive|[silent]\n|switch|p1a: Ho-Oh|Ho-Oh|100\/100\n|-damage|p1a: Ho-Oh|51\/100|[from] Stealth Rock\n|move|p2a: HARRY|Light Screen|p2a: HARRY\n|-sidestart|p2: Save a Solar|move: Light Screen\n|\n|-heal|p1a: Ho-Oh|57\/100|[from] item: Leftovers\n|upkeep\n|turn|4\n|\n|t:|1700819063\n|move|p2a: HARRY|Taunt|p1a: Ho-Oh\n|-start|p1a: Ho-Oh|move: Taunt\n|cant|p1a: Ho-Oh|move: Taunt|Defog\n|\n|-heal|p1a: Ho-Oh|63\/100|[from] item: Leftovers\n|upkeep\n|turn|5\n|\n|t:|1700819070\n|move|p2a: HARRY|Reflect|p2a: HARRY\n|-sidestart|p2: Save a Solar|Reflect\n|move|p1a: Ho-Oh|Sacred Fire|p2a: HARRY\n|-damage|p2a: HARRY|83\/100\n|-status|p2a: HARRY|brn\n|\n|-heal|p1a: Ho-Oh|69\/100|[from] item: Leftovers\n|-damage|p2a: HARRY|77\/100 brn|[from] brn\n|upkeep\n|turn|6\n|\n|t:|1700819081\n|move|p1a: Ho-Oh|Sacred Fire|p2a: HARRY\n|-damage|p2a: HARRY|62\/100 brn\n|move|p2a: HARRY|Spirit Break|p1a: Ho-Oh\n|-resisted|p1a: Ho-Oh\n|-damage|p1a: Ho-Oh|63\/100\n|-unboost|p1a: Ho-Oh|spa|1\n|\n|-heal|p1a: Ho-Oh|69\/100|[from] item: Leftovers\n|-damage|p2a: HARRY|56\/100 brn|[from] brn\n|-end|p1a: Ho-Oh|move: Taunt\n|upkeep\n|turn|7\n|\n|t:|1700819089\n|move|p2a: HARRY|Taunt|p1a: Ho-Oh\n|-start|p1a: Ho-Oh|move: Taunt\n|cant|p1a: Ho-Oh|move: Taunt|Defog\n|\n|-heal|p1a: Ho-Oh|75\/100|[from] item: Leftovers\n|-damage|p2a: HARRY|50\/100 brn|[from] brn\n|upkeep\n|turn|8\n|\n|t:|1700819101\n|switch|p2a: #T3: CENTAUR|Palkia-Origin, shiny|100\/100\n|-ability|p2a: #T3: CENTAUR|Pressure\n|move|p1a: Ho-Oh|Sacred Fire|p2a: #T3: CENTAUR\n|-resisted|p2a: #T3: CENTAUR\n|-damage|p2a: #T3: CENTAUR|96\/100\n|-status|p2a: #T3: CENTAUR|brn\n|\n|-heal|p1a: Ho-Oh|81\/100|[from] item: Leftovers\n|-damage|p2a: #T3: CENTAUR|89\/100 brn|[from] brn\n|upkeep\n|turn|9\n|\n|t:|1700819123\n|switch|p1a: Kyogre|Kyogre|100\/100\n|-damage|p1a: Kyogre|88\/100|[from] Stealth Rock\n|-damage|p1a: Kyogre|76\/100|[from] Spikes\n|detailschange|p1a: Kyogre|Kyogre-Primal\n|-primal|p1a: Kyogre|Blue Orb\n|-weather|PrimordialSea|[from] ability: Primordial Sea|[of] p1a: Kyogre\n|move|p2a: #T3: CENTAUR|Hydro Pump|p1a: Kyogre\n|-resisted|p1a: Kyogre\n|-damage|p1a: Kyogre|41\/100\n|\n|-weather|PrimordialSea|[upkeep]\n|-damage|p2a: #T3: CENTAUR|83\/100 brn|[from] brn\n|upkeep\n|turn|10\n|\n|t:|1700819137\n|move|p2a: #T3: CENTAUR|Spacial Rend|p1a: Kyogre\n|-damage|p1a: Kyogre|0 fnt\n|faint|p1a: Kyogre\n|-weather|none\n|\n|-damage|p2a: #T3: CENTAUR|77\/100 brn|[from] brn\n|-sideend|p2: Save a Solar|move: Light Screen\n|upkeep\n|\n|t:|1700819143\n|switch|p1a: Zacian|Zacian-Crowned|100\/100\n|-damage|p1a: Zacian|94\/100|[from] Stealth Rock\n|-damage|p1a: Zacian|82\/100|[from] Spikes\n|-ability|p1a: Zacian|Intrepid Sword|boost\n|-boost|p1a: Zacian|atk|1\n|turn|11\n|\n|t:|1700819150\n|move|p1a: Zacian|Play Rough|p2a: #T3: CENTAUR\n|-supereffective|p2a: #T3: CENTAUR\n|-damage|p2a: #T3: CENTAUR|0 fnt\n|faint|p2a: #T3: CENTAUR\n|\n|upkeep\n|\n|t:|1700819158\n|switch|p2a: HARRY|Grimmsnarl, M, shiny|50\/100 brn\n|turn|12\n|\n|t:|1700819164\n|-terastallize|p2a: HARRY|Steel\n|move|p2a: HARRY|Light Screen|p2a: HARRY\n|-sidestart|p2: Save a Solar|move: Light Screen\n|move|p1a: Zacian|Swords Dance|p1a: Zacian\n|-boost|p1a: Zacian|atk|2\n|\n|-damage|p2a: HARRY|44\/100 brn|[from] brn\n|-sideend|p2: Save a Solar|Reflect\n|upkeep\n|turn|13\n|\n|t:|1700819175\n|move|p2a: HARRY|Reflect|p2a: HARRY\n|-sidestart|p2: Save a Solar|Reflect\n|move|p1a: Zacian|Swords Dance|p1a: Zacian\n|-boost|p1a: Zacian|atk|2\n|\n|-damage|p2a: HARRY|37\/100 brn|[from] brn\n|upkeep\n|turn|14\n|\n|t:|1700819182\n|move|p1a: Zacian|Behemoth Blade|p2a: HARRY\n|-resisted|p2a: HARRY\n|-damage|p2a: HARRY|0 fnt\n|faint|p2a: HARRY\n|\n|upkeep\n|\n|t:|1700819187\n|switch|p2a: I'M YOU!|Ditto, shiny|100\/100\n|-transform|p2a: I'M YOU!|p1a: Zacian|[from] ability: Imposter\n|-ability|p2a: I'M YOU!|Intrepid Sword|boost\n|-boost|p2a: I'M YOU!|atk|1\n|turn|15\n|c|\u2606Save a Solar|today you perish\n|\n|t:|1700819204\n|move|p2a: I'M YOU!|Behemoth Blade|p1a: Zacian\n|-damage|p1a: Zacian|0 fnt\n|faint|p1a: Zacian\n|\n|upkeep\n|-message|Fab la Larve forfeited.\n|\n|win|Save a Solar\n|raw|Fab la Larve's rating: 1233 &rarr; <strong>1214<\/strong><br \/>(-19 for losing)\n|raw|Save a Solar's rating: 1324 &rarr; <strong>1339<\/strong><br \/>(+15 for winning)\n|l|\u2606Fab la Larve\n","uploadtime":1700819253,"views":10,"p1id":"fablalarve","p2id":"saveasolar","formatid":"gen9nationaldexubers","rating":1214,"private":0,"password":""}