{"id":"gen9nationaldexubers-1987403220","p1":"aguinaldo124","p2":"W4LKERX2","format":"[Gen 9] National Dex Ubers","log":"|j|\u2606aguinaldo124\n|j|\u2606W4LKERX2\n|t:|1699586822\n|gametype|singles\n|player|p1|aguinaldo124|bruno|1004\n|player|p2|W4LKERX2|1|1067\n|teamsize|p1|6\n|teamsize|p2|6\n|gen|9\n|tier|[Gen 9] National Dex Ubers\n|rated|\n|rule|HP Percentage Mod: HP is shown in percentages\n|rule|Endless Battle Clause: Forcing endless battles is banned\n|rule|OHKO Clause: OHKO moves are banned\n|rule|Evasion Moves Clause: Evasion moves are banned\n|rule|Evasion Items Clause: Evasion items are banned\n|rule|Species Clause: Limit one of each Pok\u00e9mon\n|rule|Sleep Clause Mod: Limit one foe put to sleep\n|rule|Mega Rayquaza Clause: You cannot mega evolve Rayquaza\n|clearpoke\n|poke|p1|Yveltal|\n|poke|p1|Ho-Oh|\n|poke|p1|Arceus-Ground|\n|poke|p1|Zacian-*|\n|poke|p1|Calyrex-Ice|\n|poke|p1|Mewtwo|\n|poke|p2|Sableye, F|\n|poke|p2|Excadrill, F|\n|poke|p2|Blissey, F|\n|poke|p2|Mawile, M|\n|poke|p2|Cloyster, F|\n|poke|p2|Jolteon, M|\n|teampreview\n|inactive|Battle timer is ON: inactive players will automatically lose when time's up. (requested by aguinaldo124)\n|\n|t:|1699586831\n|start\n|switch|p1a: Calyrex|Calyrex-Ice|100\/100\n|switch|p2a: Sableye|Sableye, F|100\/100\n|-ability|p1a: Calyrex|As One\n|-ability|p1a: Calyrex|Unnerve\n|turn|1\n|\n|t:|1699586841\n|move|p2a: Sableye|Thunder Wave|p1a: Calyrex\n|-status|p1a: Calyrex|par\n|move|p1a: Calyrex|Glacial Lance|p2a: Sableye\n|-enditem|p2a: Sableye|Focus Sash\n|-damage|p2a: Sableye|1\/100\n|\n|upkeep\n|turn|2\n|\n|t:|1699586850\n|move|p2a: Sableye|Encore|p1a: Calyrex\n|-start|p1a: Calyrex|Encore\n|move|p1a: Calyrex|Glacial Lance|p2a: Sableye\n|-damage|p2a: Sableye|0 fnt\n|faint|p2a: Sableye\n|-ability|p1a: Calyrex|Chilling Neigh|boost\n|-boost|p1a: Calyrex|atk|1\n|\n|upkeep\n|\n|t:|1699586873\n|switch|p2a: Cloyster|Cloyster, F|100\/100\n|turn|3\n|\n|t:|1699586882\n|switch|p1a: Zacian|Zacian-Crowned|100\/100\n|-ability|p1a: Zacian|Intrepid Sword|boost\n|-boost|p1a: Zacian|atk|1\n|move|p2a: Cloyster|Shell Smash|p2a: Cloyster\n|-unboost|p2a: Cloyster|def|1\n|-unboost|p2a: Cloyster|spd|1\n|-boost|p2a: Cloyster|atk|2\n|-boost|p2a: Cloyster|spa|2\n|-boost|p2a: Cloyster|spe|2\n|\n|upkeep\n|turn|4\n|\n|t:|1699586896\n|move|p2a: Cloyster|Shell Smash|p2a: Cloyster\n|-unboost|p2a: Cloyster|def|1\n|-unboost|p2a: Cloyster|spd|1\n|-boost|p2a: Cloyster|atk|2\n|-boost|p2a: Cloyster|spa|2\n|-boost|p2a: Cloyster|spe|2\n|move|p1a: Zacian|Sacred Sword|p2a: Cloyster\n|-supereffective|p2a: Cloyster\n|-damage|p2a: Cloyster|9\/100\n|\n|upkeep\n|turn|5\n|inactive|aguinaldo124 has 120 seconds left.\n|\n|t:|1699586945\n|move|p2a: Cloyster|Icicle Spear|p1a: Zacian\n|-resisted|p1a: Zacian\n|-damage|p1a: Zacian|85\/100\n|-resisted|p1a: Zacian\n|-damage|p1a: Zacian|69\/100\n|-resisted|p1a: Zacian\n|-damage|p1a: Zacian|54\/100\n|-resisted|p1a: Zacian\n|-damage|p1a: Zacian|38\/100\n|-resisted|p1a: Zacian\n|-damage|p1a: Zacian|23\/100\n|-hitcount|p1a: Zacian|5\n|move|p1a: Zacian|Sacred Sword|p2a: Cloyster\n|-supereffective|p2a: Cloyster\n|-damage|p2a: Cloyster|0 fnt\n|faint|p2a: Cloyster\n|\n|upkeep\n|c|\u2606aguinaldo124|\ud83d\udc4d\n|inactive|W4LKERX2 has 120 seconds left.\n|\n|t:|1699586969\n|switch|p2a: Blissey|Blissey, F|100\/100\n|turn|6\n|\n|t:|1699586973\n|move|p1a: Zacian|Swords Dance|p1a: Zacian\n|-boost|p1a: Zacian|atk|2\n|move|p2a: Blissey|Seismic Toss|p1a: Zacian\n|-damage|p1a: Zacian|0 fnt\n|faint|p1a: Zacian\n|\n|upkeep\n|inactive|aguinaldo124 has 120 seconds left.\n|inactive|aguinaldo124 has 90 seconds left.\n|inactive|aguinaldo124 has 60 seconds left.\n|inactive|aguinaldo124 has 30 seconds left.\n|inactive|aguinaldo124 has 20 seconds left.\n|inactive|aguinaldo124 has 15 seconds left.\n|inactive|aguinaldo124 has 10 seconds left.\n|\n|t:|1699587089\n|switch|p1a: Mewtwo|Mewtwo|100\/100\n|-ability|p1a: Mewtwo|Pressure\n|turn|7\n|inactive|aguinaldo124 has 20 seconds left this turn.\n|inactive|aguinaldo124 has 15 seconds left.\n|\n|t:|1699587095\n|detailschange|p1a: Mewtwo|Mewtwo-Mega-Y\n|-mega|p1a: Mewtwo|Mewtwo|Mewtwonite Y\n|move|p1a: Mewtwo|Nasty Plot|p1a: Mewtwo\n|-boost|p1a: Mewtwo|spa|2\n|move|p2a: Blissey|Toxic|p1a: Mewtwo\n|-status|p1a: Mewtwo|tox\n|\n|-damage|p1a: Mewtwo|94\/100 tox|[from] psn\n|upkeep\n|turn|8\n|inactive|aguinaldo124 has 25 seconds left this turn.\n|inactive|aguinaldo124 has 20 seconds left.\n|inactive|aguinaldo124 has 15 seconds left.\n|\n|t:|1699587121\n|move|p1a: Mewtwo|Aura Sphere|p2a: Blissey\n|-supereffective|p2a: Blissey\n|-damage|p2a: Blissey|56\/100\n|move|p2a: Blissey|Seismic Toss|p1a: Mewtwo\n|-damage|p1a: Mewtwo|66\/100 tox\n|\n|-damage|p1a: Mewtwo|54\/100 tox|[from] psn\n|upkeep\n|turn|9\n|inactive|aguinaldo124 has 25 seconds left this turn.\n|inactive|aguinaldo124 has 20 seconds left.\n|inactive|aguinaldo124 has 15 seconds left.\n|\n|t:|1699587132\n|move|p1a: Mewtwo|Aura Sphere|p2a: Blissey\n|-supereffective|p2a: Blissey\n|-damage|p2a: Blissey|13\/100\n|move|p2a: Blissey|Soft-Boiled|p2a: Blissey\n|-heal|p2a: Blissey|63\/100\n|\n|-damage|p1a: Mewtwo|35\/100 tox|[from] psn\n|upkeep\n|turn|10\n|inactive|aguinaldo124 has 25 seconds left this turn.\n|inactive|aguinaldo124 has 20 seconds left.\n|inactive|aguinaldo124 has 15 seconds left.\n|\n|t:|1699587142\n|switch|p1a: Calyrex|Calyrex-Ice|100\/100 par\n|-ability|p1a: Calyrex|As One\n|-ability|p1a: Calyrex|Unnerve\n|move|p2a: Blissey|Soft-Boiled|p2a: Blissey\n|-heal|p2a: Blissey|100\/100\n|\n|upkeep\n|turn|11\n|inactive|aguinaldo124 has 25 seconds left this turn.\n|inactive|aguinaldo124 has 20 seconds left.\n|inactive|aguinaldo124 has 15 seconds left.\n|inactive|W4LKERX2 has 120 seconds left.\n|\n|t:|1699587169\n|move|p1a: Calyrex|High Horsepower|p2a: Blissey\n|-damage|p2a: Blissey|11\/100\n|move|p2a: Blissey|Teleport|p2a: Blissey\n|inactive|aguinaldo124 has 20 seconds left this turn.\n|inactive|W4LKERX2 has 120 seconds left.\n|\n|t:|1699587178\n|switch|p2a: Mawile|Mawile, M|100\/100|[from] Teleport\n|\n|upkeep\n|turn|12\n|inactive|aguinaldo124 has 30 seconds left this turn.\n|\n|t:|1699587188\n|switch|p1a: Ho-Oh|Ho-Oh|100\/100\n|detailschange|p2a: Mawile|Mawile-Mega, M\n|-mega|p2a: Mawile|Mawile|Mawilite\n|move|p2a: Mawile|Swords Dance|p2a: Mawile\n|-boost|p2a: Mawile|atk|2\n|\n|upkeep\n|turn|13\n|inactive|W4LKERX2 has 120 seconds left.\n|\n|t:|1699587207\n|switch|p2a: Jolteon|Jolteon, M|100\/100\n|move|p1a: Ho-Oh|Sacred Fire|p2a: Jolteon\n|-damage|p2a: Jolteon|32\/100\n|\n|upkeep\n|turn|14\n|\n|t:|1699587216\n|move|p2a: Jolteon|Volt Switch|p1a: Ho-Oh\n|-supereffective|p1a: Ho-Oh\n|-damage|p1a: Ho-Oh|64\/100\n|-damage|p2a: Jolteon|22\/100|[from] item: Life Orb\n|inactive|W4LKERX2 has 120 seconds left.\n|\n|t:|1699587227\n|switch|p2a: Blissey|Blissey, F|11\/100|[from] Volt Switch\n|move|p1a: Ho-Oh|Sacred Fire|p2a: Blissey\n|-damage|p2a: Blissey|0 fnt\n|faint|p2a: Blissey\n|\n|upkeep\n|inactive|W4LKERX2 has 120 seconds left.\n|\n|t:|1699587234\n|switch|p2a: Jolteon|Jolteon, M|22\/100\n|turn|15\n|\n|t:|1699587238\n|switch|p1a: Arceus|Arceus-Ground|100\/100\n|move|p2a: Jolteon|Thunderbolt|p1a: Arceus\n|-immune|p1a: Arceus\n|\n|upkeep\n|turn|16\n|\n|t:|1699587247\n|move|p2a: Jolteon|Hidden Power|p1a: Arceus\n|-supereffective|p1a: Arceus\n|-damage|p1a: Arceus|66\/100\n|-damage|p2a: Jolteon|12\/100|[from] item: Life Orb\n|move|p1a: Arceus|Calm Mind|p1a: Arceus\n|-boost|p1a: Arceus|spa|1\n|-boost|p1a: Arceus|spd|1\n|\n|upkeep\n|turn|17\n|\n|t:|1699587257\n|move|p2a: Jolteon|Hidden Power|p1a: Arceus\n|-supereffective|p1a: Arceus\n|-damage|p1a: Arceus|40\/100\n|-damage|p2a: Jolteon|2\/100|[from] item: Life Orb\n|move|p1a: Arceus|Judgment|p2a: Jolteon\n|-supereffective|p2a: Jolteon\n|-damage|p2a: Jolteon|0 fnt\n|faint|p2a: Jolteon\n|\n|upkeep\n|\n|t:|1699587267\n|switch|p2a: Mawile|Mawile-Mega, M|100\/100\n|turn|18\n|\n|t:|1699587271\n|move|p1a: Arceus|Judgment|p2a: Mawile\n|-supereffective|p2a: Mawile\n|-damage|p2a: Mawile|0 fnt\n|faint|p2a: Mawile\n|\n|upkeep\n|\n|t:|1699587275\n|switch|p2a: Excadrill|Excadrill, F|100\/100\n|turn|19\n|\n|t:|1699587282\n|move|p1a: Arceus|Judgment|p2a: Excadrill\n|-supereffective|p2a: Excadrill\n|-damage|p2a: Excadrill|0 fnt\n|faint|p2a: Excadrill\n|\n|win|aguinaldo124\n|raw|aguinaldo124's rating: 1004 &rarr; <strong>1050<\/strong><br \/>(+46 for winning)\n|raw|W4LKERX2's rating: 1067 &rarr; <strong>1043<\/strong><br \/>(-24 for losing)\n|l|\u2606W4LKERX2\n|c|\u2606aguinaldo124|Gg\n","uploadtime":1699587294,"views":6,"p1id":"aguinaldo124","p2id":"w4lkerx2","formatid":"gen9nationaldexubers","rating":1043,"private":0,"password":""}