{"id":"gen9nationaldexubers-1992506966","p1":"PoliKid13","p2":"MysticFrace","format":"[Gen 9] National Dex Ubers","log":"|j|\u2606PoliKid13\n|j|\u2606MysticFrace\n|t:|1700196616\n|gametype|singles\n|player|p1|PoliKid13|preschooler|1000\n|player|p2|MysticFrace|veteranf|1047\n|teamsize|p1|6\n|teamsize|p2|6\n|gen|9\n|tier|[Gen 9] National Dex Ubers\n|rated|\n|rule|HP Percentage Mod: HP is shown in percentages\n|rule|Endless Battle Clause: Forcing endless battles is banned\n|rule|OHKO Clause: OHKO moves are banned\n|rule|Evasion Moves Clause: Evasion moves are banned\n|rule|Evasion Items Clause: Evasion items are banned\n|rule|Species Clause: Limit one of each Pok\u00e9mon\n|rule|Sleep Clause Mod: Limit one foe put to sleep\n|rule|Mega Rayquaza Clause: You cannot mega evolve Rayquaza\n|clearpoke\n|poke|p1|Victreebel, M|\n|poke|p1|Blastoise, M|\n|poke|p1|Kangaskhan, F|\n|poke|p1|Electrode|\n|poke|p1|Crobat, M|\n|poke|p1|Marowak-Alola-Totem, M|\n|poke|p2|Incineroar, F|\n|poke|p2|Alomomola, M|\n|poke|p2|Blaziken, M|\n|poke|p2|Gliscor, F|\n|poke|p2|Cinderace, M|\n|poke|p2|Greninja-*, M|\n|teampreview\n|inactive|Battle timer is ON: inactive players will automatically lose when time's up. (requested by MysticFrace)\n|\n|t:|1700196634\n|start\n|switch|p1a: Wacky|Marowak-Alola-Totem, M|100\/100\n|switch|p2a: Incineroar|Incineroar, F|100\/100\n|-ability|p2a: Incineroar|Intimidate|boost\n|-unboost|p1a: Wacky|atk|1\n|turn|1\n|\n|t:|1700196644\n|move|p1a: Wacky|Bonemerang|p2a: Incineroar\n|-supereffective|p2a: Incineroar\n|-damage|p2a: Incineroar|70\/100\n|-supereffective|p2a: Incineroar\n|-damage|p2a: Incineroar|39\/100\n|-enditem|p2a: Incineroar|Sitrus Berry|[eat]\n|-heal|p2a: Incineroar|63\/100|[from] item: Sitrus Berry\n|-hitcount|p2a: Incineroar|2\n|move|p2a: Incineroar|Knock Off|p1a: Wacky\n|-supereffective|p1a: Wacky\n|-damage|p1a: Wacky|0 fnt\n|-enditem|p1a: Wacky|Thick Club|[from] move: Knock Off|[of] p2a: Incineroar\n|faint|p1a: Wacky\n|\n|upkeep\n|\n|t:|1700196662\n|switch|p1a: Sara|Kangaskhan, F|100\/100\n|turn|2\n|\n|t:|1700196670\n|switch|p2a: Gliscor|Gliscor, F|100\/100\n|detailschange|p1a: Sara|Kangaskhan-Mega, F\n|-mega|p1a: Sara|Kangaskhan|Kangaskhanite\n|move|p1a: Sara|Fake Out|p2a: Gliscor\n|-damage|p2a: Gliscor|85\/100\n|-damage|p2a: Gliscor|82\/100\n|-hitcount|p2a: Gliscor|2\n|\n|-status|p2a: Gliscor|tox|[from] item: Toxic Orb\n|upkeep\n|turn|3\n|\n|t:|1700196681\n|move|p2a: Gliscor|Protect|p2a: Gliscor\n|-singleturn|p2a: Gliscor|Protect\n|move|p1a: Sara|Seismic Toss|p2a: Gliscor\n|-activate|p2a: Gliscor|move: Protect\n|\n|-heal|p2a: Gliscor|94\/100 tox|[from] ability: Poison Heal\n|upkeep\n|turn|4\n|\n|t:|1700196691\n|move|p1a: Sara|Seismic Toss|p2a: Gliscor\n|-damage|p2a: Gliscor|66\/100 tox\n|-damage|p2a: Gliscor|38\/100 tox\n|-hitcount|p2a: Gliscor|2\n|move|p2a: Gliscor|Ice Fang|p1a: Sara\n|-damage|p1a: Sara|81\/100\n|-status|p1a: Sara|frz\n|\n|-heal|p2a: Gliscor|50\/100 tox|[from] ability: Poison Heal\n|upkeep\n|turn|5\n|\n|t:|1700196703\n|cant|p1a: Sara|frz\n|move|p2a: Gliscor|Ice Fang|p1a: Sara\n|-damage|p1a: Sara|61\/100 frz\n|\n|-heal|p2a: Gliscor|62\/100 tox|[from] ability: Poison Heal\n|upkeep\n|turn|6\n|\n|t:|1700196709\n|move|p2a: Gliscor|Protect|p2a: Gliscor\n|-singleturn|p2a: Gliscor|Protect\n|cant|p1a: Sara|frz\n|\n|-heal|p2a: Gliscor|75\/100 tox|[from] ability: Poison Heal\n|upkeep\n|turn|7\n|\n|t:|1700196720\n|cant|p1a: Sara|frz\n|move|p2a: Gliscor|Ice Fang|p1a: Sara\n|-damage|p1a: Sara|43\/100 frz\n|\n|-heal|p2a: Gliscor|87\/100 tox|[from] ability: Poison Heal\n|upkeep\n|turn|8\n|c|\u2606MysticFrace|Nice interaction\n|\n|t:|1700196739\n|-curestatus|p1a: Sara|frz|[msg]\n|move|p1a: Sara|Seismic Toss|p2a: Gliscor\n|-damage|p2a: Gliscor|59\/100 tox\n|-damage|p2a: Gliscor|31\/100 tox\n|-hitcount|p2a: Gliscor|2\n|move|p2a: Gliscor|Ice Fang|p1a: Sara\n|-damage|p1a: Sara|25\/100\n|\n|-heal|p2a: Gliscor|43\/100 tox|[from] ability: Poison Heal\n|upkeep\n|turn|9\n|\n|t:|1700196751\n|move|p2a: Gliscor|Protect|p2a: Gliscor\n|-singleturn|p2a: Gliscor|Protect\n|move|p1a: Sara|Seismic Toss|p2a: Gliscor\n|-activate|p2a: Gliscor|move: Protect\n|\n|-heal|p2a: Gliscor|56\/100 tox|[from] ability: Poison Heal\n|upkeep\n|turn|10\n|\n|t:|1700196768\n|switch|p2a: Alomomola|Alomomola, M|100\/100\n|move|p1a: Sara|Power-Up Punch|p2a: Alomomola\n|-damage|p2a: Alomomola|94\/100\n|-boost|p1a: Sara|atk|1\n|-damage|p2a: Alomomola|91\/100\n|-boost|p1a: Sara|atk|1\n|-hitcount|p2a: Alomomola|2\n|\n|-heal|p2a: Alomomola|97\/100|[from] item: Leftovers\n|upkeep\n|turn|11\n|\n|t:|1700196782\n|-terastallize|p2a: Alomomola|Ghost\n|move|p1a: Sara|Sucker Punch||[still]\n|-fail|p1a: Sara\n|move|p2a: Alomomola|Toxic|p1a: Sara\n|-status|p1a: Sara|tox\n|\n|-heal|p2a: Alomomola|100\/100|[from] item: Leftovers\n|-damage|p1a: Sara|19\/100 tox|[from] psn\n|upkeep\n|turn|12\n|\n|t:|1700196790\n|move|p1a: Sara|Seismic Toss|p2a: Alomomola\n|-immune|p2a: Alomomola\n|move|p2a: Alomomola|Wish|p2a: Alomomola\n|\n|-damage|p1a: Sara|7\/100 tox|[from] psn\n|upkeep\n|turn|13\n|\n|t:|1700196803\n|switch|p2a: Blaziken|Blaziken, M|100\/100\n|move|p1a: Sara|Sucker Punch||[still]\n|-fail|p1a: Sara\n|\n|-damage|p1a: Sara|0 fnt|[from] psn\n|faint|p1a: Sara\n|upkeep\n|\n|t:|1700196816\n|switch|p1a: Shellshocker|Blastoise, M|100\/100\n|turn|14\n|\n|t:|1700196825\n|switch|p2a: Alomomola|Alomomola, M, tera:Ghost|100\/100\n|move|p1a: Shellshocker|Toxic|p2a: Alomomola\n|-status|p2a: Alomomola|tox\n|\n|-damage|p2a: Alomomola|94\/100 tox|[from] psn\n|upkeep\n|turn|15\n|\n|t:|1700196834\n|move|p1a: Shellshocker|Hydro Pump|p2a: Alomomola\n|-damage|p2a: Alomomola|52\/100 tox\n|move|p2a: Alomomola|Toxic|p1a: Shellshocker\n|-status|p1a: Shellshocker|tox\n|\n|-heal|p2a: Alomomola|58\/100 tox|[from] item: Leftovers\n|-damage|p1a: Shellshocker|94\/100 tox|[from] psn\n|-damage|p2a: Alomomola|46\/100 tox|[from] psn\n|upkeep\n|turn|16\n|\n|t:|1700196855\n|switch|p2a: Greninja|Greninja, M|100\/100\n|move|p1a: Shellshocker|Hydro Pump|p2a: Greninja\n|-resisted|p2a: Greninja\n|-damage|p2a: Greninja|74\/100\n|\n|-damage|p1a: Shellshocker|82\/100 tox|[from] psn\n|upkeep\n|turn|17\n|\n|t:|1700196869\n|switch|p2a: Alomomola|Alomomola, M, tera:Ghost|79\/100 tox\n|-terastallize|p1a: Shellshocker|Grass\n|move|p1a: Shellshocker|Toxic|p2a: Alomomola\n|-fail|p2a: Alomomola|tox\n|\n|-heal|p2a: Alomomola|86\/100 tox|[from] item: Leftovers\n|-damage|p1a: Shellshocker|64\/100 tox|[from] psn\n|-damage|p2a: Alomomola|79\/100 tox|[from] psn\n|upkeep\n|turn|18\n|\n|t:|1700196880\n|move|p1a: Shellshocker|Rapid Spin|p2a: Alomomola\n|-immune|p2a: Alomomola\n|move|p2a: Alomomola|Wish|p2a: Alomomola\n|\n|-heal|p2a: Alomomola|86\/100 tox|[from] item: Leftovers\n|-damage|p1a: Shellshocker|40\/100 tox|[from] psn\n|-damage|p2a: Alomomola|73\/100 tox|[from] psn\n|upkeep\n|turn|19\n|\n|t:|1700196894\n|switch|p2a: Greninja|Greninja, M|74\/100\n|move|p1a: Shellshocker|Hydro Pump|p2a: Greninja\n|-resisted|p2a: Greninja\n|-damage|p2a: Greninja|50\/100\n|\n|-heal|p2a: Greninja|100\/100|[from] move: Wish|[wisher] Alomomola\n|-damage|p1a: Shellshocker|9\/100 tox|[from] psn\n|upkeep\n|turn|20\n|\n|t:|1700196903\n|move|p2a: Greninja|Ice Beam|p1a: Shellshocker\n|-supereffective|p1a: Shellshocker\n|-damage|p1a: Shellshocker|0 fnt\n|faint|p1a: Shellshocker\n|-ability|p2a: Greninja|Battle Bond|boost\n|-boost|p2a: Greninja|atk|1\n|-boost|p2a: Greninja|spa|1\n|-boost|p2a: Greninja|spe|1\n|-activate|p2a: Greninja|ability: Battle Bond\n|\n|upkeep\n|\n|t:|1700196911\n|switch|p1a: Chris|Crobat, M|100\/100\n|turn|21\n|\n|t:|1700196915\n|-zpower|p2a: Greninja\n|move|p2a: Greninja|Subzero Slammer|p1a: Chris|[zeffect]\n|-supereffective|p1a: Chris\n|-damage|p1a: Chris|0 fnt\n|faint|p1a: Chris\n|\n|upkeep\n|\n|t:|1700196923\n|switch|p1a: 8-Ball|Electrode|100\/100\n|turn|22\n|\n|t:|1700196928\n|move|p2a: Greninja|Water Shuriken|p1a: 8-Ball\n|-damage|p1a: 8-Ball|83\/100\n|-damage|p1a: 8-Ball|66\/100\n|-hitcount|p1a: 8-Ball|2\n|move|p1a: 8-Ball|Light Screen|p1a: 8-Ball\n|-sidestart|p1: PoliKid13|move: Light Screen\n|\n|upkeep\n|turn|23\n|\n|t:|1700196937\n|switch|p2a: Cinderace|Cinderace, M|100\/100\n|move|p1a: 8-Ball|Reflect|p1a: 8-Ball\n|-sidestart|p1: PoliKid13|Reflect\n|\n|upkeep\n|turn|24\n|\n|t:|1700196942\n|move|p1a: 8-Ball|Explosion|p2a: Cinderace\n|-damage|p2a: Cinderace|32\/100\n|faint|p1a: 8-Ball\n|move|p2a: Cinderace|Court Change|p2a: Cinderace\n|-start|p2a: Cinderace|typechange|Normal|[from] ability: Libero\n|-swapsideconditions\n|-activate|p2a: Cinderace|move: Court Change\n|\n|upkeep\n|\n|t:|1700196949\n|switch|p1a: Bruteroot|Victreebel, M|100\/100\n|turn|25\n|\n|t:|1700196954\n|move|p2a: Cinderace|Pyro Ball|p1a: Bruteroot|[miss]\n|-miss|p2a: Cinderace|p1a: Bruteroot\n|move|p1a: Bruteroot|Sludge Bomb|p2a: Cinderace\n|-damage|p2a: Cinderace|4\/100\n|\n|upkeep\n|turn|26\n|\n|t:|1700196961\n|move|p2a: Cinderace|Pyro Ball|p1a: Bruteroot\n|-supereffective|p1a: Bruteroot\n|-damage|p1a: Bruteroot|0 fnt\n|faint|p1a: Bruteroot\n|\n|win|MysticFrace\n|raw|PoliKid13's rating: 1000 &rarr; <strong>1000<\/strong><br \/>(+0 for losing)\n|raw|MysticFrace's rating: 1047 &rarr; <strong>1076<\/strong><br \/>(+29 for winning)\n|l|\u2606PoliKid13\n","uploadtime":1700196971,"views":14,"p1id":"polikid13","p2id":"mysticfrace","formatid":"gen9nationaldexubers","rating":1000,"private":0,"password":""}