{"id":"gen9nationaldexubers-1978154048","p1":"harsh634","p2":"Argusbonusest","format":"[Gen 9] National Dex Ubers","log":"|j|\u2606harsh634\n|j|\u2606Argusbonusest\n|t:|1698505891\n|gametype|singles\n|player|p1|harsh634|red|\n|player|p2|Argusbonusest|steven|\n|teamsize|p1|6\n|teamsize|p2|6\n|gen|9\n|tier|[Gen 9] National Dex Ubers\n|rated|Tournament battle\n|rule|HP Percentage Mod: HP is shown in percentages\n|rule|Endless Battle Clause: Forcing endless battles is banned\n|rule|OHKO Clause: OHKO moves are banned\n|rule|Evasion Moves Clause: Evasion moves are banned\n|rule|Evasion Items Clause: Evasion items are banned\n|rule|Species Clause: Limit one of each Pok\u00e9mon\n|rule|Sleep Clause Mod: Limit one foe put to sleep\n|rule|Mega Rayquaza Clause: You cannot mega evolve Rayquaza\n|clearpoke\n|poke|p1|Giratina|\n|poke|p1|Tyranitar, M|\n|poke|p1|Chansey, F|\n|poke|p1|Ho-Oh|\n|poke|p1|Dondozo, M|\n|poke|p1|Clodsire, M|\n|poke|p2|Shuckle, F|\n|poke|p2|Gholdengo|\n|poke|p2|Groudon|\n|poke|p2|Yveltal|\n|poke|p2|Zygarde|\n|poke|p2|Xerneas-*|\n|teampreview\n|inactive|Battle timer is ON: inactive players will automatically lose when time's up. (requested by Argusbonusest)\n|inactive|harsh634 also wants the timer to be on.\n|c|\u2606Argusbonusest|glhf\n|c|\u2606harsh634|u 2\n|c|\u2606Argusbonusest|thx\n|\n|t:|1698505914\n|start\n|switch|p1a: Tyranitar|Tyranitar, M|100\/100\n|switch|p2a: Shuckle|Shuckle, F, shiny|100\/100\n|-weather|Sandstorm|[from] ability: Sand Stream|[of] p1a: Tyranitar\n|turn|1\n|\n|t:|1698505921\n|detailschange|p1a: Tyranitar|Tyranitar-Mega, M\n|-mega|p1a: Tyranitar|Tyranitar|Tyranitarite\n|move|p1a: Tyranitar|Stealth Rock|p2a: Shuckle\n|-sidestart|p2: Argusbonusest|move: Stealth Rock\n|move|p2a: Shuckle|Stealth Rock|p1a: Tyranitar\n|-sidestart|p1: harsh634|move: Stealth Rock\n|\n|-weather|Sandstorm|[upkeep]\n|upkeep\n|turn|2\n|\n|t:|1698505928\n|move|p1a: Tyranitar|Stone Edge|p2a: Shuckle\n|-supereffective|p2a: Shuckle\n|-damage|p2a: Shuckle|48\/100\n|move|p2a: Shuckle|Sticky Web|p1a: Tyranitar\n|-sidestart|p1: harsh634|move: Sticky Web\n|\n|-weather|Sandstorm|[upkeep]\n|upkeep\n|turn|3\n|\n|t:|1698505933\n|move|p1a: Tyranitar|Stone Edge|p2a: Shuckle\n|-supereffective|p2a: Shuckle\n|-damage|p2a: Shuckle|0 fnt\n|faint|p2a: Shuckle\n|\n|-weather|Sandstorm|[upkeep]\n|upkeep\n|inactive|Argusbonusest has 120 seconds left.\n|\n|t:|1698505968\n|switch|p2a: Xerneas|Xerneas, shiny|100\/100\n|-damage|p2a: Xerneas|88\/100|[from] Stealth Rock\n|-ability|p2a: Xerneas|Fairy Aura\n|turn|4\n|\n|t:|1698505986\n|switch|p2a: Groudon|Groudon|100\/100\n|-damage|p2a: Groudon|94\/100|[from] Stealth Rock\n|detailschange|p2a: Groudon|Groudon-Primal\n|-primal|p2a: Groudon|Red Orb\n|-weather|DesolateLand|[from] ability: Desolate Land|[of] p2a: Groudon\n|switch|p1a: Ho-Oh|Ho-Oh|100\/100\n|\n|-weather|DesolateLand|[upkeep]\n|upkeep\n|turn|5\n|\n|t:|1698505990\n|switch|p1a: Giratina|Giratina|100\/100\n|-damage|p1a: Giratina|88\/100|[from] Stealth Rock\n|-activate|p1a: Giratina|move: Sticky Web\n|-unboost|p1a: Giratina|spe|1\n|-ability|p1a: Giratina|Pressure\n|move|p2a: Groudon|Rock Tomb|p1a: Giratina\n|-damage|p1a: Giratina|76\/100\n|-unboost|p1a: Giratina|spe|1\n|\n|-weather|DesolateLand|[upkeep]\n|-heal|p1a: Giratina|82\/100|[from] item: Leftovers\n|upkeep\n|turn|6\n|\n|t:|1698505999\n|-weather|none\n|switch|p2a: Gholdengo|Gholdengo|100\/100\n|-damage|p2a: Gholdengo|94\/100|[from] Stealth Rock\n|move|p1a: Giratina|Defog|p2a: Gholdengo\n|-immune|p2a: Gholdengo|[from] ability: Good as Gold\n|\n|-heal|p1a: Giratina|88\/100|[from] item: Leftovers\n|upkeep\n|turn|7\n|inactive|Argusbonusest has 120 seconds left.\n|\n|t:|1698506036\n|switch|p1a: Ho-Oh|Ho-Oh|100\/100\n|move|p2a: Gholdengo|Make It Rain|p1a: Ho-Oh\n|-resisted|p1a: Ho-Oh\n|-damage|p1a: Ho-Oh|74\/100\n|-unboost|p2a: Gholdengo|spa|1\n|\n|upkeep\n|turn|8\n|inactive|Argusbonusest has 120 seconds left.\n|\n|t:|1698506045\n|switch|p2a: Groudon|Groudon-Primal|94\/100\n|-damage|p2a: Groudon|82\/100|[from] Stealth Rock\n|-weather|DesolateLand|[from] ability: Desolate Land|[of] p2a: Groudon\n|move|p1a: Ho-Oh|Defog|p2a: Groudon\n|-unboost|p2a: Groudon|evasion|1\n|-sideend|p2: Argusbonusest|Stealth Rock|[from] move: Defog|[of] p1a: Ho-Oh\n|-sideend|p1: harsh634|Stealth Rock|[from] move: Defog|[of] p1a: Ho-Oh\n|-sideend|p1: harsh634|Sticky Web|[from] move: Defog|[of] p1a: Ho-Oh\n|\n|-weather|DesolateLand|[upkeep]\n|upkeep\n|turn|9\n|\n|t:|1698506052\n|switch|p1a: Dondozo|Dondozo, M|100\/100\n|move|p2a: Groudon|Swords Dance|p2a: Groudon\n|-boost|p2a: Groudon|atk|2\n|\n|-weather|DesolateLand|[upkeep]\n|upkeep\n|turn|10\n|\n|t:|1698506068\n|move|p2a: Groudon|Eruption|p1a: Dondozo\n|-resisted|p1a: Dondozo\n|-damage|p1a: Dondozo|44\/100\n|move|p1a: Dondozo|Curse|p1a: Dondozo\n|-unboost|p1a: Dondozo|spe|1\n|-boost|p1a: Dondozo|atk|1\n|-boost|p1a: Dondozo|def|1\n|\n|-weather|DesolateLand|[upkeep]\n|-heal|p1a: Dondozo|50\/100|[from] item: Leftovers\n|upkeep\n|turn|11\n|\n|t:|1698506079\n|switch|p1a: Giratina|Giratina|88\/100\n|-ability|p1a: Giratina|Pressure\n|move|p2a: Groudon|Eruption|p1a: Giratina\n|-resisted|p1a: Giratina\n|-damage|p1a: Giratina|60\/100\n|\n|-weather|DesolateLand|[upkeep]\n|-heal|p1a: Giratina|66\/100|[from] item: Leftovers\n|upkeep\n|turn|12\n|\n|t:|1698506098\n|-weather|none\n|switch|p2a: Yveltal|Yveltal, shiny|100\/100\n|-ability|p2a: Yveltal|Dark Aura\n|switch|p1a: Ho-Oh|Ho-Oh|100\/100\n|\n|upkeep\n|turn|13\n|\n|t:|1698506113\n|move|p2a: Yveltal|Taunt|p1a: Ho-Oh\n|-start|p1a: Ho-Oh|move: Taunt\n|cant|p1a: Ho-Oh|move: Taunt|Toxic\n|\n|upkeep\n|turn|14\n|\n|t:|1698506135\n|switch|p2a: Zygarde|Zygarde, shiny|100\/100\n|switch|p1a: Tyranitar|Tyranitar-Mega, M|100\/100\n|-weather|Sandstorm|[from] ability: Sand Stream|[of] p1a: Tyranitar\n|\n|-weather|Sandstorm|[upkeep]\n|upkeep\n|turn|15\n|\n|t:|1698506143\n|move|p2a: Zygarde|Thousand Waves|p1a: Tyranitar\n|-supereffective|p1a: Tyranitar\n|-damage|p1a: Tyranitar|51\/100\n|-activate|p1a: Tyranitar|trapped\n|move|p1a: Tyranitar|Stealth Rock|p2a: Zygarde\n|-sidestart|p2: Argusbonusest|move: Stealth Rock\n|\n|-weather|Sandstorm|[upkeep]\n|upkeep\n|turn|16\n|\n|t:|1698506156\n|move|p2a: Zygarde|Coil|p2a: Zygarde\n|-boost|p2a: Zygarde|atk|1\n|-boost|p2a: Zygarde|def|1\n|-boost|p2a: Zygarde|accuracy|1\n|move|p1a: Tyranitar|Stone Edge|p2a: Zygarde\n|-resisted|p2a: Zygarde\n|-damage|p2a: Zygarde|87\/100\n|\n|-weather|Sandstorm|[upkeep]\n|-heal|p2a: Zygarde|94\/100|[from] item: Leftovers\n|upkeep\n|turn|17\n|\n|t:|1698506176\n|move|p2a: Zygarde|Coil|p2a: Zygarde\n|-boost|p2a: Zygarde|atk|1\n|-boost|p2a: Zygarde|def|1\n|-boost|p2a: Zygarde|accuracy|1\n|move|p1a: Tyranitar|Pursuit|p2a: Zygarde\n|-damage|p2a: Zygarde|84\/100\n|\n|-weather|Sandstorm|[upkeep]\n|-heal|p2a: Zygarde|90\/100|[from] item: Leftovers\n|upkeep\n|turn|18\n|\n|t:|1698506178\n|move|p2a: Zygarde|Coil|p2a: Zygarde\n|-boost|p2a: Zygarde|atk|1\n|-boost|p2a: Zygarde|def|1\n|-boost|p2a: Zygarde|accuracy|1\n|move|p1a: Tyranitar|Pursuit|p2a: Zygarde\n|-damage|p2a: Zygarde|83\/100\n|\n|-weather|none\n|-heal|p2a: Zygarde|89\/100|[from] item: Leftovers\n|upkeep\n|turn|19\n|\n|t:|1698506180\n|move|p2a: Zygarde|Coil|p2a: Zygarde\n|-boost|p2a: Zygarde|atk|1\n|-boost|p2a: Zygarde|def|1\n|-boost|p2a: Zygarde|accuracy|1\n|move|p1a: Tyranitar|Pursuit|p2a: Zygarde\n|-damage|p2a: Zygarde|83\/100\n|\n|-heal|p2a: Zygarde|89\/100|[from] item: Leftovers\n|upkeep\n|turn|20\n|\n|t:|1698506183\n|move|p2a: Zygarde|Coil|p2a: Zygarde\n|-boost|p2a: Zygarde|atk|1\n|-boost|p2a: Zygarde|def|1\n|-boost|p2a: Zygarde|accuracy|1\n|move|p1a: Tyranitar|Pursuit|p2a: Zygarde\n|-damage|p2a: Zygarde|84\/100\n|\n|-heal|p2a: Zygarde|90\/100|[from] item: Leftovers\n|upkeep\n|turn|21\n|\n|t:|1698506188\n|move|p2a: Zygarde|Coil|p2a: Zygarde\n|-boost|p2a: Zygarde|atk|1\n|-boost|p2a: Zygarde|def|1\n|-boost|p2a: Zygarde|accuracy|1\n|move|p1a: Tyranitar|Pursuit|p2a: Zygarde\n|-damage|p2a: Zygarde|85\/100\n|\n|-heal|p2a: Zygarde|92\/100|[from] item: Leftovers\n|upkeep\n|turn|22\n|\n|t:|1698506205\n|move|p2a: Zygarde|Thousand Arrows|p1a: Tyranitar\n|-supereffective|p1a: Tyranitar\n|-damage|p1a: Tyranitar|0 fnt\n|faint|p1a: Tyranitar\n|\n|-heal|p2a: Zygarde|98\/100|[from] item: Leftovers\n|upkeep\n|\n|t:|1698506208\n|switch|p1a: Dondozo|Dondozo, M|50\/100\n|turn|23\n|\n|t:|1698506213\n|move|p1a: Dondozo|Curse|p1a: Dondozo\n|-unboost|p1a: Dondozo|spe|1\n|-boost|p1a: Dondozo|atk|1\n|-boost|p1a: Dondozo|def|1\n|move|p2a: Zygarde|Dragon Tail|p1a: Dondozo|[miss]\n|-miss|p2a: Zygarde|p1a: Dondozo\n|\n|-heal|p2a: Zygarde|100\/100|[from] item: Leftovers\n|-heal|p1a: Dondozo|56\/100|[from] item: Leftovers\n|upkeep\n|turn|24\n|\n|t:|1698506226\n|move|p1a: Dondozo|Liquidation|p2a: Zygarde\n|-damage|p2a: Zygarde|62\/100\n|move|p2a: Zygarde|Dragon Tail|p1a: Dondozo\n|-damage|p1a: Dondozo|47\/100\n|drag|p1a: Chansey|Chansey, F|100\/100\n|\n|-heal|p2a: Zygarde|68\/100|[from] item: Leftovers\n|upkeep\n|turn|25\n|\n|t:|1698506231\n|switch|p1a: Dondozo|Dondozo, M|47\/100\n|move|p2a: Zygarde|Thousand Waves|p1a: Dondozo\n|-damage|p1a: Dondozo|29\/100\n|-activate|p1a: Dondozo|trapped\n|\n|-heal|p2a: Zygarde|74\/100|[from] item: Leftovers\n|-heal|p1a: Dondozo|36\/100|[from] item: Leftovers\n|upkeep\n|turn|26\n|\n|t:|1698506239\n|move|p2a: Zygarde|Thousand Arrows|p1a: Dondozo\n|-damage|p1a: Dondozo|17\/100\n|move|p1a: Dondozo|Rest|p1a: Dondozo\n|-status|p1a: Dondozo|slp|[from] move: Rest\n|-heal|p1a: Dondozo|100\/100 slp|[silent]\n|\n|-heal|p2a: Zygarde|80\/100|[from] item: Leftovers\n|upkeep\n|turn|27\n|inactive|Argusbonusest has 120 seconds left.\n|\n|t:|1698506298\n|switch|p2a: Gholdengo|Gholdengo|94\/100\n|-damage|p2a: Gholdengo|88\/100|[from] Stealth Rock\n|cant|p1a: Dondozo|slp\n|\n|upkeep\n|turn|28\n|\n|t:|1698506311\n|move|p2a: Gholdengo|Trick|p1a: Dondozo\n|-activate|p2a: Gholdengo|move: Trick|[of] p1a: Dondozo\n|-item|p1a: Dondozo|Choice Specs|[from] move: Trick\n|-item|p2a: Gholdengo|Leftovers|[from] move: Trick\n|cant|p1a: Dondozo|slp\n|\n|-heal|p2a: Gholdengo|94\/100|[from] item: Leftovers\n|upkeep\n|turn|29\n|\n|t:|1698506319\n|move|p2a: Gholdengo|Shadow Ball|p1a: Dondozo\n|-damage|p1a: Dondozo|59\/100 slp\n|-unboost|p1a: Dondozo|spd|1\n|-curestatus|p1a: Dondozo|slp|[msg]\n|move|p1a: Dondozo|Liquidation|p2a: Gholdengo\n|-damage|p2a: Gholdengo|66\/100\n|\n|-heal|p2a: Gholdengo|72\/100|[from] item: Leftovers\n|upkeep\n|turn|30\n|\n|t:|1698506324\n|switch|p1a: Chansey|Chansey, F|100\/100\n|move|p2a: Gholdengo|Shadow Ball|p1a: Chansey\n|-immune|p1a: Chansey\n|\n|-heal|p2a: Gholdengo|78\/100|[from] item: Leftovers\n|upkeep\n|turn|31\n|inactive|Argusbonusest has 120 seconds left.\n|\n|t:|1698506338\n|move|p2a: Gholdengo|Trick|p1a: Chansey\n|-activate|p2a: Gholdengo|move: Trick|[of] p1a: Chansey\n|-item|p1a: Chansey|Leftovers|[from] move: Trick\n|-item|p2a: Gholdengo|Eviolite|[from] move: Trick\n|move|p1a: Chansey|Toxic|p2a: Gholdengo\n|-immune|p2a: Gholdengo|[from] ability: Good as Gold\n|\n|upkeep\n|turn|32\n|inactive|Argusbonusest has 120 seconds left.\n|\n|t:|1698506355\n|switch|p1a: Ho-Oh|Ho-Oh|100\/100\n|move|p2a: Gholdengo|Make It Rain|p1a: Ho-Oh\n|-resisted|p1a: Ho-Oh\n|-damage|p1a: Ho-Oh|82\/100\n|-unboost|p2a: Gholdengo|spa|1\n|\n|upkeep\n|turn|33\n|inactive|Argusbonusest has 120 seconds left.\n|\n|t:|1698506362\n|switch|p2a: Groudon|Groudon-Primal|82\/100\n|-damage|p2a: Groudon|70\/100|[from] Stealth Rock\n|-weather|DesolateLand|[from] ability: Desolate Land|[of] p2a: Groudon\n|move|p1a: Ho-Oh|Sacred Fire|p2a: Groudon\n|-resisted|p2a: Groudon\n|-damage|p2a: Groudon|48\/100\n|\n|-weather|DesolateLand|[upkeep]\n|upkeep\n|turn|34\n|\n|t:|1698506371\n|switch|p1a: Dondozo|Dondozo, M|59\/100\n|move|p2a: Groudon|Rock Tomb|p1a: Dondozo\n|-damage|p1a: Dondozo|48\/100\n|-unboost|p1a: Dondozo|spe|1\n|\n|-weather|DesolateLand|[upkeep]\n|upkeep\n|turn|35\n|\n|t:|1698506399\n|move|p2a: Groudon|Eruption|p1a: Dondozo\n|-resisted|p1a: Dondozo\n|-damage|p1a: Dondozo|14\/100\n|move|p1a: Dondozo|Rest|p1a: Dondozo\n|-status|p1a: Dondozo|slp|[from] move: Rest\n|-heal|p1a: Dondozo|100\/100 slp|[silent]\n|\n|-weather|DesolateLand|[upkeep]\n|upkeep\n|turn|36\n|\n|t:|1698506408\n|move|p2a: Groudon|Precipice Blades|p1a: Dondozo\n|-damage|p1a: Dondozo|71\/100 slp\n|cant|p1a: Dondozo|slp\n|\n|-weather|DesolateLand|[upkeep]\n|upkeep\n|turn|37\n|-message|harsh634 forfeited.\n|\n|win|Argusbonusest\n|n|\u2606harsh634|harsh634\n|n|\u2606Argusbonusest|argusbonusest\n","uploadtime":1698506430,"views":9,"p1id":"harsh634","p2id":"argusbonusest","formatid":"gen9nationaldexubers","rating":0,"private":0,"password":""}