{"id":"gen9nationaldexubers-1983020251","p1":"tbor2002","p2":"lunchbox5536","format":"[Gen 9] National Dex Ubers","log":"|j|\u2606tbor2002\n|j|\u2606lunchbox5536\n|t:|1699070974\n|gametype|singles\n|player|p1|tbor2002|wattson|\n|player|p2|lunchbox5536|ghetsis|\n|teamsize|p1|6\n|teamsize|p2|6\n|gen|9\n|tier|[Gen 9] National Dex Ubers\n|rule|HP Percentage Mod: HP is shown in percentages\n|rule|Endless Battle Clause: Forcing endless battles is banned\n|rule|OHKO Clause: OHKO moves are banned\n|rule|Evasion Moves Clause: Evasion moves are banned\n|rule|Evasion Items Clause: Evasion items are banned\n|rule|Species Clause: Limit one of each Pok\u00e9mon\n|rule|Sleep Clause Mod: Limit one foe put to sleep\n|rule|Mega Rayquaza Clause: You cannot mega evolve Rayquaza\n|clearpoke\n|poke|p1|Walking Wake|\n|poke|p1|Muk-Alola, M|\n|poke|p1|Jolteon, F|\n|poke|p1|Toxicroak, F|\n|poke|p1|Falinks|\n|poke|p1|Glimmet, M|\n|poke|p2|Torkoal, F|\n|poke|p2|Zoroark-Hisui, F|\n|poke|p2|Grimmsnarl, M|\n|poke|p2|Articuno|\n|poke|p2|Leafeon, M|\n|poke|p2|Shelgon, M|\n|teampreview\n|\n|t:|1699071024\n|start\n|switch|p1a: Glimmet|Glimmet, M|100\/100\n|switch|p2a: Shelgon|Shelgon, M|100\/100\n|turn|1\n|\n|t:|1699071033\n|move|p1a: Glimmet|Sunny Day|p1a: Glimmet\n|-weather|SunnyDay\n|move|p2a: Shelgon|Iron Head|p1a: Glimmet\n|-supereffective|p1a: Glimmet\n|-damage|p1a: Glimmet|6\/100\n|-activate|p1a: Glimmet|ability: Toxic Debris\n|-sidestart|p2: lunchbox5536|move: Toxic Spikes\n|\n|-weather|SunnyDay|[upkeep]\n|upkeep\n|turn|2\n|\n|t:|1699071057\n|move|p1a: Glimmet|Stealth Rock|p2a: Shelgon\n|-sidestart|p2: lunchbox5536|move: Stealth Rock\n|move|p2a: Shelgon|Dragon Tail|p1a: Glimmet|[miss]\n|-miss|p2a: Shelgon|p1a: Glimmet\n|\n|-weather|SunnyDay|[upkeep]\n|upkeep\n|turn|3\n|\n|t:|1699071066\n|move|p1a: Glimmet|Spikes|p2a: Shelgon\n|-sidestart|p2: lunchbox5536|Spikes\n|move|p2a: Shelgon|Iron Head|p1a: Glimmet\n|-supereffective|p1a: Glimmet\n|-damage|p1a: Glimmet|0 fnt\n|-activate|p1a: Glimmet|ability: Toxic Debris\n|-sidestart|p2: lunchbox5536|move: Toxic Spikes\n|faint|p1a: Glimmet\n|\n|-weather|SunnyDay|[upkeep]\n|upkeep\n|\n|t:|1699071092\n|switch|p1a: Walking Wake|Walking Wake|100\/100\n|-activate|p1a: Walking Wake|ability: Protosynthesis\n|-start|p1a: Walking Wake|protosynthesisspe\n|turn|4\n|\n|t:|1699071103\n|move|p1a: Walking Wake|Draco Meteor|p2a: Shelgon|[miss]\n|-miss|p1a: Walking Wake|p2a: Shelgon\n|move|p2a: Shelgon|Toxic|p1a: Walking Wake\n|-status|p1a: Walking Wake|tox\n|\n|-weather|SunnyDay|[upkeep]\n|-damage|p1a: Walking Wake|94\/100 tox|[from] psn\n|upkeep\n|turn|5\n|\n|t:|1699071117\n|-terastallize|p2a: Shelgon|Fairy\n|move|p1a: Walking Wake|Draco Meteor|p2a: Shelgon\n|-immune|p2a: Shelgon\n|move|p2a: Shelgon|Iron Head|p1a: Walking Wake\n|-resisted|p1a: Walking Wake\n|-damage|p1a: Walking Wake|84\/100 tox\n|\n|-weather|none\n|-end|p1a: Walking Wake|Protosynthesis\n|-damage|p1a: Walking Wake|72\/100 tox|[from] psn\n|upkeep\n|turn|6\n|\n|t:|1699071131\n|-end|p1a: Walking Wake|Protosynthesis|[silent]\n|switch|p1a: Muk|Muk-Alola, M|100\/100\n|move|p2a: Shelgon|Wish|p2a: Shelgon\n|\n|upkeep\n|turn|7\n|\n|t:|1699071143\n|switch|p2a: Articuno|Articuno|100\/100\n|-ability|p2a: Articuno|Pressure\n|move|p1a: Muk|Poison Jab|p2a: Articuno\n|-damage|p2a: Articuno|69\/100\n|-status|p2a: Articuno|psn|[from] ability: Poison Touch|[of] p1a: Muk\n|\n|-heal|p2a: Articuno|100\/100 psn|[from] move: Wish|[wisher] Shelgon\n|-damage|p2a: Articuno|88\/100 psn|[from] psn\n|upkeep\n|turn|8\n|\n|t:|1699071155\n|move|p2a: Articuno|Defog|p1a: Muk\n|-unboost|p1a: Muk|evasion|1\n|-sideend|p2: lunchbox5536|Spikes|[from] move: Defog|[of] p2a: Articuno\n|-sideend|p2: lunchbox5536|Toxic Spikes|[from] move: Defog|[of] p2a: Articuno\n|-sideend|p2: lunchbox5536|Stealth Rock|[from] move: Defog|[of] p2a: Articuno\n|move|p1a: Muk|Rock Slide|p2a: Articuno\n|-supereffective|p2a: Articuno\n|-damage|p2a: Articuno|15\/100 psn\n|\n|-damage|p2a: Articuno|2\/100 psn|[from] psn\n|upkeep\n|turn|9\n|\n|t:|1699071180\n|move|p2a: Articuno|Brave Bird|p1a: Muk\n|-damage|p1a: Muk|53\/100\n|-damage|p2a: Articuno|0 fnt|[from] Recoil\n|faint|p2a: Articuno\n|move|p1a: Muk|Knock Off|p2: Articuno|[notarget]\n|-fail|p1a: Muk\n|\n|upkeep\n|\n|t:|1699071205\n|switch|p2a: Grimmsnarl|Grimmsnarl, M|100\/100\n|turn|10\n|\n|t:|1699071217\n|move|p2a: Grimmsnarl|Hyper Voice|p1a: Muk\n|-damage|p1a: Muk|27\/100\n|move|p1a: Muk|Knock Off|p2a: Grimmsnarl\n|-supereffective|p2a: Grimmsnarl\n|-damage|p2a: Grimmsnarl|0 fnt\n|replace|p2a: Zoroark|Zoroark-Hisui, F\n|-end|p2a: Zoroark|Illusion\n|-enditem|p2a: Zoroark|Choice Specs|[from] move: Knock Off|[of] p1a: Muk\n|faint|p2a: Zoroark\n|\n|upkeep\n|\n|t:|1699071282\n|switch|p2a: Torkoal|Torkoal, F|100\/100\n|-weather|SunnyDay|[from] ability: Drought|[of] p2a: Torkoal\n|turn|11\n|\n|t:|1699071298\n|move|p1a: Muk|Rock Slide|p2a: Torkoal\n|-supereffective|p2a: Torkoal\n|-damage|p2a: Torkoal|75\/100\n|move|p2a: Torkoal|Yawn|p1a: Muk\n|-start|p1a: Muk|move: Yawn|[of] p2a: Torkoal\n|\n|-weather|SunnyDay|[upkeep]\n|upkeep\n|turn|12\n|\n|t:|1699071316\n|switch|p1a: Walking Wake|Walking Wake|72\/100 tox\n|-activate|p1a: Walking Wake|ability: Protosynthesis\n|-start|p1a: Walking Wake|protosynthesisspe\n|switch|p2a: Leafeon|Leafeon, M|100\/100\n|\n|-weather|SunnyDay|[upkeep]\n|-damage|p1a: Walking Wake|66\/100 tox|[from] psn\n|upkeep\n|turn|13\n|\n|t:|1699071332\n|-end|p1a: Walking Wake|Protosynthesis|[silent]\n|switch|p1a: Muk|Muk-Alola, M|27\/100\n|move|p2a: Leafeon|Solar Blade||[still]\n|-prepare|p2a: Leafeon|Solar Blade\n|-anim|p2a: Leafeon|Solar Blade|p1a: Muk\n|-resisted|p1a: Muk\n|-damage|p1a: Muk|0 fnt\n|faint|p1a: Muk\n|-damage|p2a: Leafeon|91\/100|[from] item: Life Orb\n|\n|-weather|SunnyDay|[upkeep]\n|upkeep\n|\n|t:|1699071370\n|switch|p1a: Toxicroak|Toxicroak, F|100\/100\n|turn|14\n|\n|t:|1699071446\n|move|p2a: Leafeon|Double-Edge|p1a: Toxicroak\n|-damage|p1a: Toxicroak|15\/100\n|-damage|p2a: Leafeon|59\/100|[from] Recoil\n|-damage|p2a: Leafeon|49\/100|[from] item: Life Orb\n|move|p1a: Toxicroak|Gunk Shot|p2a: Leafeon|[miss]\n|-miss|p1a: Toxicroak|p2a: Leafeon\n|\n|-weather|SunnyDay|[upkeep]\n|-damage|p1a: Toxicroak|3\/100|[from] ability: Dry Skin|[of] p1a: Toxicroak\n|upkeep\n|turn|15\n|\n|t:|1699071467\n|move|p2a: Leafeon|Solar Blade||[still]\n|-prepare|p2a: Leafeon|Solar Blade\n|-anim|p2a: Leafeon|Solar Blade|p1a: Toxicroak\n|-resisted|p1a: Toxicroak\n|-damage|p1a: Toxicroak|0 fnt\n|faint|p1a: Toxicroak\n|-damage|p2a: Leafeon|39\/100|[from] item: Life Orb\n|\n|-weather|SunnyDay|[upkeep]\n|upkeep\n|\n|t:|1699071493\n|switch|p1a: Jolteon|Jolteon, F|100\/100\n|turn|16\n|\n|t:|1699071501\n|-terastallize|p1a: Jolteon|Ice\n|move|p2a: Leafeon|Knock Off|p1a: Jolteon\n|-damage|p1a: Jolteon|22\/100\n|-enditem|p1a: Jolteon|Heavy-Duty Boots|[from] move: Knock Off|[of] p2a: Leafeon\n|-damage|p2a: Leafeon|29\/100|[from] item: Life Orb\n|move|p1a: Jolteon|Tera Blast|p2a: Leafeon|[anim] Tera Blast Ice\n|-supereffective|p2a: Leafeon\n|-damage|p2a: Leafeon|0 fnt\n|faint|p2a: Leafeon\n|\n|-weather|SunnyDay|[upkeep]\n|upkeep\n|\n|t:|1699071514\n|switch|p2a: Grimmsnarl|Grimmsnarl, M|100\/100\n|turn|17\n|\n|t:|1699071519\n|switch|p1a: Falinks|Falinks|100\/100\n|move|p2a: Grimmsnarl|Fake Out|p1a: Falinks\n|-damage|p1a: Falinks|86\/100\n|\n|-weather|SunnyDay|[upkeep]\n|upkeep\n|turn|18\n|\n|t:|1699071532\n|move|p2a: Grimmsnarl|Taunt|p1a: Falinks\n|-start|p1a: Falinks|move: Taunt\n|move|p1a: Falinks|Rock Slide|p2a: Grimmsnarl\n|-damage|p2a: Grimmsnarl|74\/100\n|\n|-weather|none\n|upkeep\n|turn|19\n|\n|t:|1699071550\n|switch|p2a: Shelgon|Shelgon, M, tera:Fairy|100\/100\n|move|p1a: Falinks|Rock Slide|p2a: Shelgon\n|-damage|p2a: Shelgon|89\/100\n|\n|upkeep\n|turn|20\n|\n|t:|1699071566\n|move|p1a: Falinks|Close Combat|p2a: Shelgon\n|-resisted|p2a: Shelgon\n|-damage|p2a: Shelgon|77\/100\n|-unboost|p1a: Falinks|def|1\n|-unboost|p1a: Falinks|spd|1\n|move|p2a: Shelgon|Toxic|p1a: Falinks\n|-status|p1a: Falinks|tox\n|-enditem|p1a: Falinks|Lum Berry|[eat]\n|-curestatus|p1a: Falinks|tox|[msg]\n|\n|-end|p1a: Falinks|move: Taunt\n|upkeep\n|turn|21\n|\n|t:|1699071594\n|switch|p1a: Walking Wake|Walking Wake|66\/100 tox\n|move|p2a: Shelgon|Wish|p2a: Shelgon\n|\n|-damage|p1a: Walking Wake|60\/100 tox|[from] psn\n|upkeep\n|turn|22\n|\n|t:|1699071611\n|move|p1a: Walking Wake|Hydro Steam|p2a: Shelgon\n|-crit|p2a: Shelgon\n|-damage|p2a: Shelgon|0 fnt\n|faint|p2a: Shelgon\n|\n|-damage|p1a: Walking Wake|47\/100 tox|[from] psn\n|upkeep\n|\n|t:|1699071618\n|switch|p2a: Grimmsnarl|Grimmsnarl, M|74\/100\n|turn|23\n|\n|t:|1699071623\n|-end|p1a: Walking Wake|Protosynthesis|[silent]\n|switch|p1a: Falinks|Falinks|86\/100\n|move|p2a: Grimmsnarl|Fake Out|p1a: Falinks\n|-damage|p1a: Falinks|72\/100\n|\n|upkeep\n|turn|24\n|\n|t:|1699071631\n|move|p2a: Grimmsnarl|Taunt|p1a: Falinks\n|-start|p1a: Falinks|move: Taunt\n|cant|p1a: Falinks|move: Taunt|No Retreat\n|\n|upkeep\n|turn|25\n|\n|t:|1699071638\n|move|p2a: Grimmsnarl|Reflect|p2a: Grimmsnarl\n|-sidestart|p2: lunchbox5536|Reflect\n|move|p1a: Falinks|Rock Slide|p2a: Grimmsnarl|[miss]\n|-miss|p1a: Falinks|p2a: Grimmsnarl\n|\n|upkeep\n|turn|26\n|\n|t:|1699071645\n|switch|p2a: Torkoal|Torkoal, F|75\/100\n|-weather|SunnyDay|[from] ability: Drought|[of] p2a: Torkoal\n|move|p1a: Falinks|Rock Slide|p2a: Torkoal\n|-supereffective|p2a: Torkoal\n|-damage|p2a: Torkoal|59\/100\n|\n|-weather|SunnyDay|[upkeep]\n|-end|p1a: Falinks|move: Taunt\n|upkeep\n|turn|27\n|\n|t:|1699071658\n|move|p1a: Falinks|No Retreat|p1a: Falinks\n|-boost|p1a: Falinks|atk|1\n|-boost|p1a: Falinks|def|1\n|-boost|p1a: Falinks|spa|1\n|-boost|p1a: Falinks|spd|1\n|-boost|p1a: Falinks|spe|1\n|-start|p1a: Falinks|move: No Retreat\n|move|p2a: Torkoal|Yawn|p1a: Falinks\n|-start|p1a: Falinks|move: Yawn|[of] p2a: Torkoal\n|\n|-weather|SunnyDay|[upkeep]\n|upkeep\n|turn|28\n|\n|t:|1699071667\n|move|p1a: Falinks|Rock Slide|p2a: Torkoal|[miss]\n|-miss|p1a: Falinks|p2a: Torkoal\n|move|p2a: Torkoal|Scorching Sands|p1a: Falinks\n|-damage|p1a: Falinks|53\/100\n|\n|-weather|SunnyDay|[upkeep]\n|-end|p1a: Falinks|move: Yawn|[silent]\n|-status|p1a: Falinks|slp\n|upkeep\n|turn|29\n|\n|t:|1699071677\n|cant|p1a: Falinks|slp\n|move|p2a: Torkoal|Scorching Sands|p1a: Falinks\n|-damage|p1a: Falinks|37\/100 slp\n|\n|-weather|SunnyDay|[upkeep]\n|upkeep\n|turn|30\n|\n|t:|1699071683\n|cant|p1a: Falinks|slp\n|move|p2a: Torkoal|Scorching Sands|p1a: Falinks\n|-damage|p1a: Falinks|19\/100 slp\n|\n|-weather|SunnyDay|[upkeep]\n|upkeep\n|turn|31\n|\n|t:|1699071696\n|-curestatus|p1a: Falinks|slp|[msg]\n|move|p1a: Falinks|Rock Slide|p2a: Torkoal\n|-supereffective|p2a: Torkoal\n|-damage|p2a: Torkoal|33\/100\n|move|p2a: Torkoal|Scorching Sands|p1a: Falinks\n|-damage|p1a: Falinks|3\/100\n|\n|-weather|SunnyDay|[upkeep]\n|upkeep\n|turn|32\n|\n|t:|1699071718\n|switch|p2a: Grimmsnarl|Grimmsnarl, M|74\/100\n|move|p1a: Falinks|Close Combat|p2a: Grimmsnarl\n|-damage|p2a: Grimmsnarl|24\/100\n|-unboost|p1a: Falinks|def|1\n|-unboost|p1a: Falinks|spd|1\n|\n|-weather|SunnyDay|[upkeep]\n|-sideend|p2: lunchbox5536|Reflect\n|upkeep\n|turn|33\n|\n|t:|1699071727\n|move|p2a: Grimmsnarl|Fake Out|p1a: Falinks\n|-damage|p1a: Falinks|0 fnt\n|faint|p1a: Falinks\n|\n|-weather|none\n|upkeep\n|\n|t:|1699071731\n|switch|p1a: Jolteon|Jolteon, F, tera:Ice|22\/100\n|turn|34\n|\n|t:|1699071737\n|move|p2a: Grimmsnarl|Light Screen|p2a: Grimmsnarl\n|-sidestart|p2: lunchbox5536|move: Light Screen\n|move|p1a: Jolteon|Thunderbolt|p2a: Grimmsnarl\n|-damage|p2a: Grimmsnarl|7\/100\n|\n|upkeep\n|turn|35\n|\n|t:|1699071745\n|move|p2a: Grimmsnarl|Reflect|p2a: Grimmsnarl\n|-sidestart|p2: lunchbox5536|Reflect\n|move|p1a: Jolteon|Thunderbolt|p2a: Grimmsnarl\n|-damage|p2a: Grimmsnarl|0 fnt\n|faint|p2a: Grimmsnarl\n|\n|upkeep\n|\n|t:|1699071750\n|switch|p2a: Torkoal|Torkoal, F|33\/100\n|-weather|SunnyDay|[from] ability: Drought|[of] p2a: Torkoal\n|turn|36\n|\n|t:|1699071756\n|move|p1a: Jolteon|Thunderbolt|p2a: Torkoal\n|-damage|p2a: Torkoal|16\/100\n|move|p2a: Torkoal|Scorching Sands|p1a: Jolteon\n|-damage|p1a: Jolteon|5\/100\n|\n|-weather|SunnyDay|[upkeep]\n|upkeep\n|turn|37\n|\n|t:|1699071764\n|move|p1a: Jolteon|Thunderbolt|p2a: Torkoal\n|-damage|p2a: Torkoal|0 fnt\n|faint|p2a: Torkoal\n|\n|win|tbor2002\n","uploadtime":1699071770,"views":7,"p1id":"tbor2002","p2id":"lunchbox5536","formatid":"gen9nationaldexubers","rating":0,"private":0,"password":""}