{"id":"gen9nationaldexubers-1997705577","p1":"richardjin27","p2":"Emi_Tristoun","format":"[Gen 9] National Dex Ubers","log":"|j|\u2606richardjin27\n|j|\u2606Emi_Tristoun\n|t:|1700843853\n|gametype|singles\n|player|p1|richardjin27|cynthia-gen4|1435\n|player|p2|Emi_Tristoun|siebold|1435\n|teamsize|p1|6\n|teamsize|p2|6\n|gen|9\n|tier|[Gen 9] National Dex Ubers\n|rated|\n|rule|HP Percentage Mod: HP is shown in percentages\n|rule|Endless Battle Clause: Forcing endless battles is banned\n|rule|OHKO Clause: OHKO moves are banned\n|rule|Evasion Moves Clause: Evasion moves are banned\n|rule|Evasion Items Clause: Evasion items are banned\n|rule|Species Clause: Limit one of each Pok\u00e9mon\n|rule|Sleep Clause Mod: Limit one foe put to sleep\n|rule|Mega Rayquaza Clause: You cannot mega evolve Rayquaza\n|clearpoke\n|poke|p1|Dragapult, M|\n|poke|p1|Chien-Pao|\n|poke|p1|Flutter Mane|\n|poke|p1|Gliscor, F|\n|poke|p1|Kleavor, F|\n|poke|p1|Blaziken, F|\n|poke|p2|Iron Bundle|\n|poke|p2|Marshadow|\n|poke|p2|Groudon|\n|poke|p2|Wobbuffet, F|\n|poke|p2|Ho-Oh|\n|poke|p2|Deoxys-Speed|\n|teampreview\n|\n|t:|1700843862\n|start\n|switch|p1a: Kleavor|Kleavor, F|100\/100\n|switch|p2a: Groudon|Groudon, shiny|100\/100\n|detailschange|p2a: Groudon|Groudon-Primal, shiny\n|-primal|p2a: Groudon|Red Orb\n|-weather|DesolateLand|[from] ability: Desolate Land|[of] p2a: Groudon\n|turn|1\n|inactive|Battle timer is ON: inactive players will automatically lose when time's up. (requested by Emi_Tristoun)\n|\n|t:|1700843874\n|move|p2a: Groudon|Heat Crash|p1a: Kleavor\n|-damage|p1a: Kleavor|0 fnt\n|faint|p1a: Kleavor\n|\n|-weather|DesolateLand|[upkeep]\n|upkeep\n|\n|t:|1700843899\n|switch|p1a: Gliscor|Gliscor, F|100\/100\n|turn|2\n|\n|t:|1700843904\n|move|p2a: Groudon|Swords Dance|p2a: Groudon\n|-boost|p2a: Groudon|atk|2\n|move|p1a: Gliscor|Toxic|p2a: Groudon\n|-status|p2a: Groudon|tox\n|\n|-weather|DesolateLand|[upkeep]\n|-damage|p2a: Groudon|94\/100 tox|[from] psn\n|-status|p1a: Gliscor|tox|[from] item: Toxic Orb\n|upkeep\n|turn|3\n|\n|t:|1700843915\n|move|p1a: Gliscor|Protect|p1a: Gliscor\n|-singleturn|p1a: Gliscor|Protect\n|move|p2a: Groudon|Heat Crash|p1a: Gliscor\n|-activate|p1a: Gliscor|move: Protect\n|\n|-weather|DesolateLand|[upkeep]\n|-damage|p2a: Groudon|82\/100 tox|[from] psn\n|upkeep\n|turn|4\n|\n|t:|1700843932\n|switch|p1a: \ub4dc\ud384 (\uc6b0\uc2b9)|Dragapult, M|100\/100\n|move|p2a: Groudon|Heat Crash|p1a: \ub4dc\ud384 (\uc6b0\uc2b9)\n|-resisted|p1a: \ub4dc\ud384 (\uc6b0\uc2b9)\n|-damage|p1a: \ub4dc\ud384 (\uc6b0\uc2b9)|0 fnt\n|faint|p1a: \ub4dc\ud384 (\uc6b0\uc2b9)\n|\n|-weather|DesolateLand|[upkeep]\n|-damage|p2a: Groudon|64\/100 tox|[from] psn\n|upkeep\n|\n|t:|1700843942\n|switch|p1a: Gliscor|Gliscor, F|100\/100 tox\n|turn|5\n|\n|t:|1700843949\n|move|p1a: Gliscor|Protect|p1a: Gliscor\n|-singleturn|p1a: Gliscor|Protect\n|move|p2a: Groudon|Swords Dance|p2a: Groudon\n|-boost|p2a: Groudon|atk|2\n|\n|-weather|DesolateLand|[upkeep]\n|-damage|p2a: Groudon|39\/100 tox|[from] psn\n|upkeep\n|turn|6\n|\n|t:|1700843956\n|move|p2a: Groudon|Heat Crash|p1a: Gliscor\n|-damage|p1a: Gliscor|0 fnt\n|faint|p1a: Gliscor\n|\n|-weather|DesolateLand|[upkeep]\n|-damage|p2a: Groudon|8\/100 tox|[from] psn\n|upkeep\n|\n|t:|1700843959\n|switch|p1a: \ubc88\uce58\ucf54(\uc6b0\uc2b9)|Blaziken, F|100\/100\n|turn|7\n|\n|t:|1700843965\n|detailschange|p1a: \ubc88\uce58\ucf54(\uc6b0\uc2b9)|Blaziken-Mega, F\n|-mega|p1a: \ubc88\uce58\ucf54(\uc6b0\uc2b9)|Blaziken|Blazikenite\n|move|p1a: \ubc88\uce58\ucf54(\uc6b0\uc2b9)|Protect|p1a: \ubc88\uce58\ucf54(\uc6b0\uc2b9)\n|-singleturn|p1a: \ubc88\uce58\ucf54(\uc6b0\uc2b9)|Protect\n|move|p2a: Groudon|Stealth Rock|p1a: \ubc88\uce58\ucf54(\uc6b0\uc2b9)\n|-sidestart|p1: richardjin27|move: Stealth Rock\n|\n|-weather|DesolateLand|[upkeep]\n|-damage|p2a: Groudon|0 fnt|[from] psn\n|faint|p2a: Groudon\n|-weather|none\n|-ability|p1a: \ubc88\uce58\ucf54(\uc6b0\uc2b9)|Speed Boost|boost\n|-boost|p1a: \ubc88\uce58\ucf54(\uc6b0\uc2b9)|spe|1\n|upkeep\n|\n|t:|1700843981\n|switch|p2a: Iron Bundle|Iron Bundle|100\/100\n|-enditem|p2a: Iron Bundle|Booster Energy\n|-activate|p2a: Iron Bundle|ability: Quark Drive|[fromitem]\n|-start|p2a: Iron Bundle|quarkdrivespe\n|turn|8\n|\n|t:|1700843990\n|move|p1a: \ubc88\uce58\ucf54(\uc6b0\uc2b9)|Protect|p1a: \ubc88\uce58\ucf54(\uc6b0\uc2b9)\n|-singleturn|p1a: \ubc88\uce58\ucf54(\uc6b0\uc2b9)|Protect\n|move|p2a: Iron Bundle|Hydro Pump|p1a: \ubc88\uce58\ucf54(\uc6b0\uc2b9)\n|-activate|p1a: \ubc88\uce58\ucf54(\uc6b0\uc2b9)|move: Protect\n|\n|-ability|p1a: \ubc88\uce58\ucf54(\uc6b0\uc2b9)|Speed Boost|boost\n|-boost|p1a: \ubc88\uce58\ucf54(\uc6b0\uc2b9)|spe|1\n|upkeep\n|turn|9\n|\n|t:|1700843998\n|move|p2a: Iron Bundle|Encore|p1a: \ubc88\uce58\ucf54(\uc6b0\uc2b9)\n|-start|p1a: \ubc88\uce58\ucf54(\uc6b0\uc2b9)|Encore\n|move|p1a: \ubc88\uce58\ucf54(\uc6b0\uc2b9)|Protect||[still]\n|-fail|p1a: \ubc88\uce58\ucf54(\uc6b0\uc2b9)\n|\n|-ability|p1a: \ubc88\uce58\ucf54(\uc6b0\uc2b9)|Speed Boost|boost\n|-boost|p1a: \ubc88\uce58\ucf54(\uc6b0\uc2b9)|spe|1\n|upkeep\n|turn|10\n|\n|t:|1700844007\n|switch|p1a: \ud30c\uc624\uc820 (\uae30\ud0c0\ub300\ud68c)|Chien-Pao|100\/100\n|-damage|p1a: \ud30c\uc624\uc820 (\uae30\ud0c0\ub300\ud68c)|76\/100|[from] Stealth Rock\n|-ability|p1a: \ud30c\uc624\uc820 (\uae30\ud0c0\ub300\ud68c)|Sword of Ruin\n|move|p2a: Iron Bundle|Ice Beam|p1a: \ud30c\uc624\uc820 (\uae30\ud0c0\ub300\ud68c)\n|-resisted|p1a: \ud30c\uc624\uc820 (\uae30\ud0c0\ub300\ud68c)\n|-damage|p1a: \ud30c\uc624\uc820 (\uae30\ud0c0\ub300\ud68c)|41\/100\n|\n|upkeep\n|turn|11\n|\n|t:|1700844017\n|move|p1a: \ud30c\uc624\uc820 (\uae30\ud0c0\ub300\ud68c)|Sucker Punch|p2a: Iron Bundle\n|-damage|p2a: Iron Bundle|12\/100\n|move|p2a: Iron Bundle|Hydro Pump|p1a: \ud30c\uc624\uc820 (\uae30\ud0c0\ub300\ud68c)\n|-crit|p1a: \ud30c\uc624\uc820 (\uae30\ud0c0\ub300\ud68c)\n|-damage|p1a: \ud30c\uc624\uc820 (\uae30\ud0c0\ub300\ud68c)|0 fnt\n|faint|p1a: \ud30c\uc624\uc820 (\uae30\ud0c0\ub300\ud68c)\n|\n|upkeep\n|\n|t:|1700844021\n|switch|p1a: \uadf8 600\uc871(\uae30\ud0c0\ub300\ud68c)|Flutter Mane|100\/100\n|-damage|p1a: \uadf8 600\uc871(\uae30\ud0c0\ub300\ud68c)|88\/100|[from] Stealth Rock\n|-enditem|p1a: \uadf8 600\uc871(\uae30\ud0c0\ub300\ud68c)|Booster Energy\n|-activate|p1a: \uadf8 600\uc871(\uae30\ud0c0\ub300\ud68c)|ability: Protosynthesis|[fromitem]\n|-start|p1a: \uadf8 600\uc871(\uae30\ud0c0\ub300\ud68c)|protosynthesisspe\n|turn|12\n|\n|t:|1700844032\n|move|p2a: Iron Bundle|Hydro Pump|p1a: \uadf8 600\uc871(\uae30\ud0c0\ub300\ud68c)\n|-damage|p1a: \uadf8 600\uc871(\uae30\ud0c0\ub300\ud68c)|30\/100\n|move|p1a: \uadf8 600\uc871(\uae30\ud0c0\ub300\ud68c)|Power Gem|p2a: Iron Bundle\n|-supereffective|p2a: Iron Bundle\n|-damage|p2a: Iron Bundle|0 fnt\n|faint|p2a: Iron Bundle\n|-end|p2a: Iron Bundle|Quark Drive|[silent]\n|\n|upkeep\n|\n|t:|1700844040\n|switch|p2a: Wobbuffet|Wobbuffet, F, shiny|100\/100\n|turn|13\n|\n|t:|1700844048\n|-terastallize|p1a: \uadf8 600\uc871(\uae30\ud0c0\ub300\ud68c)|Ghost\n|move|p1a: \uadf8 600\uc871(\uae30\ud0c0\ub300\ud68c)|Shadow Ball|p2a: Wobbuffet\n|-supereffective|p2a: Wobbuffet\n|-damage|p2a: Wobbuffet|33\/100\n|move|p2a: Wobbuffet|Mirror Coat|p1a: \uadf8 600\uc871(\uae30\ud0c0\ub300\ud68c)\n|-damage|p1a: \uadf8 600\uc871(\uae30\ud0c0\ub300\ud68c)|0 fnt\n|faint|p1a: \uadf8 600\uc871(\uae30\ud0c0\ub300\ud68c)\n|-end|p1a: \uadf8 600\uc871(\uae30\ud0c0\ub300\ud68c)|Protosynthesis|[silent]\n|\n|upkeep\n|\n|t:|1700844055\n|switch|p1a: \ubc88\uce58\ucf54(\uc6b0\uc2b9)|Blaziken-Mega, F|100\/100\n|-damage|p1a: \ubc88\uce58\ucf54(\uc6b0\uc2b9)|88\/100|[from] Stealth Rock\n|turn|14\n|\n|t:|1700844061\n|move|p1a: \ubc88\uce58\ucf54(\uc6b0\uc2b9)|Swords Dance|p1a: \ubc88\uce58\ucf54(\uc6b0\uc2b9)\n|-boost|p1a: \ubc88\uce58\ucf54(\uc6b0\uc2b9)|atk|2\n|move|p2a: Wobbuffet|Encore|p1a: \ubc88\uce58\ucf54(\uc6b0\uc2b9)\n|-start|p1a: \ubc88\uce58\ucf54(\uc6b0\uc2b9)|Encore\n|\n|-ability|p1a: \ubc88\uce58\ucf54(\uc6b0\uc2b9)|Speed Boost|boost\n|-boost|p1a: \ubc88\uce58\ucf54(\uc6b0\uc2b9)|spe|1\n|upkeep\n|turn|15\n|\n|t:|1700844068\n|switch|p2a: Marshadow|Marshadow|100\/100\n|move|p1a: \ubc88\uce58\ucf54(\uc6b0\uc2b9)|Swords Dance|p1a: \ubc88\uce58\ucf54(\uc6b0\uc2b9)\n|-boost|p1a: \ubc88\uce58\ucf54(\uc6b0\uc2b9)|atk|2\n|\n|-ability|p1a: \ubc88\uce58\ucf54(\uc6b0\uc2b9)|Speed Boost|boost\n|-boost|p1a: \ubc88\uce58\ucf54(\uc6b0\uc2b9)|spe|1\n|upkeep\n|turn|16\n|-message|richardjin27 forfeited.\n|\n|win|Emi_Tristoun\n|raw|richardjin27's rating: 1435 &rarr; <strong>1415<\/strong><br \/>(-20 for losing)\n|raw|Emi_Tristoun's rating: 1435 &rarr; <strong>1455<\/strong><br \/>(+20 for winning)\n|l|\u2606richardjin27\n","uploadtime":1700844089,"views":1,"p1id":"richardjin27","p2id":"emitristoun","formatid":"gen9nationaldexubers","rating":1415,"private":0,"password":""}