{"id":"gen9nationaldexubers-1977751498","p1":"Yamil333","p2":"Dorimethanol","format":"[Gen 9] National Dex Ubers","log":"|j|\u2606Yamil333\n|j|\u2606Dorimethanol\n|t:|1698445372\n|gametype|singles\n|player|p1|Yamil333|colress|1175\n|player|p2|Dorimethanol|gentleman-gen4|1145\n|teamsize|p1|6\n|teamsize|p2|6\n|gen|9\n|tier|[Gen 9] National Dex Ubers\n|rated|\n|rule|HP Percentage Mod: HP is shown in percentages\n|rule|Endless Battle Clause: Forcing endless battles is banned\n|rule|OHKO Clause: OHKO moves are banned\n|rule|Evasion Moves Clause: Evasion moves are banned\n|rule|Evasion Items Clause: Evasion items are banned\n|rule|Species Clause: Limit one of each Pok\u00e9mon\n|rule|Sleep Clause Mod: Limit one foe put to sleep\n|rule|Mega Rayquaza Clause: You cannot mega evolve Rayquaza\n|clearpoke\n|poke|p1|Haxorus, M|\n|poke|p1|Weavile, M|\n|poke|p1|Salamence, M|\n|poke|p1|Xerneas-*|\n|poke|p1|Aegislash, M|\n|poke|p1|Alakazam, M|\n|poke|p2|Giratina|\n|poke|p2|Dondozo, F|\n|poke|p2|Chansey, F|\n|poke|p2|Tyranitar, F|\n|poke|p2|Ho-Oh|\n|poke|p2|Mewtwo|\n|teampreview\n|inactive|Battle timer is ON: inactive players will automatically lose when time's up. (requested by Dorimethanol)\n|\n|t:|1698445387\n|start\n|switch|p1a: Weavile|Weavile, M|100\/100\n|switch|p2a: Erebus|Tyranitar, F, shiny|100\/100\n|-weather|Sandstorm|[from] ability: Sand Stream|[of] p2a: Erebus\n|turn|1\n|\n|t:|1698445393\n|switch|p2a: Helios|Ho-Oh, shiny|100\/100\n|move|p1a: Weavile|Low Kick|p2a: Helios\n|-resisted|p2a: Helios\n|-damage|p2a: Helios|85\/100\n|-damage|p1a: Weavile|91\/100|[from] item: Life Orb\n|\n|-weather|Sandstorm|[upkeep]\n|-damage|p1a: Weavile|85\/100|[from] Sandstorm\n|-damage|p2a: Helios|79\/100|[from] Sandstorm\n|upkeep\n|turn|2\n|\n|t:|1698445401\n|switch|p1a: Salamence|Salamence, M, shiny|100\/100\n|-ability|p1a: Salamence|Intimidate|boost\n|-unboost|p2a: Helios|atk|1\n|move|p2a: Helios|Sacred Fire|p1a: Salamence\n|-resisted|p1a: Salamence\n|-damage|p1a: Salamence|84\/100\n|\n|-weather|Sandstorm|[upkeep]\n|-damage|p1a: Salamence|78\/100|[from] Sandstorm\n|-damage|p2a: Helios|73\/100|[from] Sandstorm\n|upkeep\n|turn|3\n|\n|t:|1698445414\n|switch|p1a: Alakazam|Alakazam, M, shiny|100\/100\n|move|p2a: Helios|Whirlwind|p1a: Alakazam\n|drag|p1a: Weavile|Weavile, M|85\/100\n|\n|-weather|Sandstorm|[upkeep]\n|-damage|p1a: Weavile|79\/100|[from] Sandstorm\n|-damage|p2a: Helios|67\/100|[from] Sandstorm\n|upkeep\n|turn|4\n|\n|t:|1698445429\n|move|p1a: Weavile|Swords Dance|p1a: Weavile\n|-boost|p1a: Weavile|atk|2\n|move|p2a: Helios|Sacred Fire|p1a: Weavile\n|-supereffective|p1a: Weavile\n|-damage|p1a: Weavile|0 fnt\n|faint|p1a: Weavile\n|\n|-weather|Sandstorm|[upkeep]\n|-damage|p2a: Helios|61\/100|[from] Sandstorm\n|upkeep\n|\n|t:|1698445432\n|switch|p1a: Alakazam|Alakazam, M, shiny|100\/100\n|turn|5\n|\n|t:|1698445437\n|switch|p2a: Erebus|Tyranitar, F, shiny|100\/100\n|move|p1a: Alakazam|Shadow Ball|p2a: Erebus\n|-resisted|p2a: Erebus\n|-damage|p2a: Erebus|93\/100\n|-unboost|p2a: Erebus|spd|1\n|\n|-weather|none\n|upkeep\n|turn|6\n|\n|t:|1698445445\n|switch|p2a: Epione|Chansey, F, shiny|100\/100\n|move|p1a: Alakazam|Energy Ball|p2a: Epione\n|-damage|p2a: Epione|90\/100\n|\n|upkeep\n|turn|7\n|\n|t:|1698445457\n|move|p1a: Alakazam|Psyshock|p2a: Epione\n|-damage|p2a: Epione|51\/100\n|move|p2a: Epione|Confide|p1a: Alakazam\n|-unboost|p1a: Alakazam|spa|1\n|\n|upkeep\n|turn|8\n|\n|t:|1698445466\n|switch|p1a: Aegislash|Aegislash, M|100\/100\n|move|p2a: Epione|Soft-Boiled|p2a: Epione\n|-heal|p2a: Epione|100\/100\n|\n|upkeep\n|turn|9\n|\n|t:|1698445476\n|switch|p2a: Helios|Ho-Oh, shiny|94\/100\n|move|p1a: Aegislash|Swords Dance|p1a: Aegislash\n|-boost|p1a: Aegislash|atk|2\n|\n|upkeep\n|turn|10\n|\n|t:|1698445485\n|move|p2a: Helios|Sacred Fire|p1a: Aegislash|[miss]\n|-miss|p2a: Helios|p1a: Aegislash\n|move|p1a: Aegislash|Swords Dance|p1a: Aegislash\n|-boost|p1a: Aegislash|atk|2\n|\n|upkeep\n|turn|11\n|\n|t:|1698445494\n|-formechange|p1a: Aegislash|Aegislash-Blade||[from] ability: Stance Change\n|move|p1a: Aegislash|Shadow Sneak|p2a: Helios\n|-damage|p2a: Helios|42\/100\n|-damage|p1a: Aegislash|91\/100|[from] item: Life Orb\n|move|p2a: Helios|Whirlwind|p1a: Aegislash\n|drag|p1a: Haxorus|Haxorus, M, shiny|100\/100\n|-ability|p1a: Haxorus|Mold Breaker\n|\n|upkeep\n|turn|12\n|\n|t:|1698445506\n|switch|p2a: Triton|Dondozo, F, shiny|100\/100\n|move|p1a: Haxorus|Dragon Dance|p1a: Haxorus\n|-boost|p1a: Haxorus|atk|1\n|-boost|p1a: Haxorus|spe|1\n|\n|upkeep\n|turn|13\n|\n|t:|1698445511\n|switch|p1a: Xerneas|Xerneas, shiny|100\/100\n|-ability|p1a: Xerneas|Fairy Aura\n|move|p2a: Triton|Avalanche|p1a: Xerneas\n|-damage|p1a: Xerneas|88\/100\n|\n|upkeep\n|turn|14\n|\n|t:|1698445518\n|switch|p2a: Epione|Chansey, F, shiny|100\/100\n|move|p1a: Xerneas|Thunderbolt|p2a: Epione\n|-damage|p2a: Epione|93\/100\n|\n|upkeep\n|turn|15\n|\n|t:|1698445525\n|move|p1a: Xerneas|Geomancy||[still]\n|-prepare|p1a: Xerneas|Geomancy\n|-enditem|p1a: Xerneas|Power Herb\n|-anim|p1a: Xerneas|Geomancy|p1a: Xerneas\n|-boost|p1a: Xerneas|spa|2\n|-boost|p1a: Xerneas|spd|2\n|-boost|p1a: Xerneas|spe|2\n|move|p2a: Epione|Seismic Toss|p1a: Xerneas\n|-damage|p1a: Xerneas|63\/100\n|\n|upkeep\n|turn|16\n|\n|t:|1698445528\n|move|p1a: Xerneas|Psyshock|p2a: Epione\n|-damage|p2a: Epione|49\/100\n|move|p2a: Epione|Confide|p1a: Xerneas\n|-unboost|p1a: Xerneas|spa|1\n|\n|upkeep\n|turn|17\n|\n|t:|1698445533\n|move|p1a: Xerneas|Psyshock|p2a: Epione\n|-damage|p2a: Epione|17\/100\n|move|p2a: Epione|Soft-Boiled|p2a: Epione\n|-heal|p2a: Epione|67\/100\n|\n|upkeep\n|turn|18\n|\n|t:|1698445538\n|move|p1a: Xerneas|Geomancy||[still]\n|-prepare|p1a: Xerneas|Geomancy\n|move|p2a: Epione|Soft-Boiled|p2a: Epione\n|-heal|p2a: Epione|100\/100\n|\n|upkeep\n|turn|19\n|\n|t:|1698445540\n|move|p1a: Xerneas|Geomancy|p1a: Xerneas|[from]lockedmove\n|-boost|p1a: Xerneas|spa|2\n|-boost|p1a: Xerneas|spd|2\n|-boost|p1a: Xerneas|spe|2\n|move|p2a: Epione|Confide|p1a: Xerneas\n|-unboost|p1a: Xerneas|spa|1\n|\n|upkeep\n|turn|20\n|\n|t:|1698445543\n|move|p1a: Xerneas|Psyshock|p2a: Epione\n|-damage|p2a: Epione|59\/100\n|move|p2a: Epione|Confide|p1a: Xerneas\n|-unboost|p1a: Xerneas|spa|1\n|\n|upkeep\n|turn|21\n|\n|t:|1698445554\n|move|p1a: Xerneas|Geomancy||[still]\n|-prepare|p1a: Xerneas|Geomancy\n|move|p2a: Epione|Confide|p1a: Xerneas\n|-unboost|p1a: Xerneas|spa|1\n|\n|upkeep\n|turn|22\n|\n|t:|1698445558\n|move|p1a: Xerneas|Geomancy|p1a: Xerneas|[from]lockedmove\n|-boost|p1a: Xerneas|spa|2\n|-boost|p1a: Xerneas|spd|2\n|-boost|p1a: Xerneas|spe|2\n|move|p2a: Epione|Confide|p1a: Xerneas\n|-unboost|p1a: Xerneas|spa|1\n|\n|upkeep\n|turn|23\n|\n|t:|1698445564\n|move|p1a: Xerneas|Geomancy||[still]\n|-prepare|p1a: Xerneas|Geomancy\n|move|p2a: Epione|Soft-Boiled|p2a: Epione\n|-heal|p2a: Epione|100\/100\n|\n|upkeep\n|turn|24\n|\n|t:|1698445567\n|move|p1a: Xerneas|Geomancy|p1a: Xerneas|[from]lockedmove\n|-boost|p1a: Xerneas|spa|2\n|-boost|p1a: Xerneas|spd|0\n|-boost|p1a: Xerneas|spe|0\n|move|p2a: Epione|Confide|p1a: Xerneas\n|-unboost|p1a: Xerneas|spa|1\n|\n|upkeep\n|turn|25\n|\n|t:|1698445573\n|move|p1a: Xerneas|Geomancy||[still]\n|-prepare|p1a: Xerneas|Geomancy\n|move|p2a: Epione|Confide|p1a: Xerneas\n|-unboost|p1a: Xerneas|spa|1\n|\n|upkeep\n|turn|26\n|\n|t:|1698445576\n|move|p1a: Xerneas|Geomancy|p1a: Xerneas|[from]lockedmove\n|-boost|p1a: Xerneas|spa|2\n|-boost|p1a: Xerneas|spd|0\n|-boost|p1a: Xerneas|spe|0\n|move|p2a: Epione|Confide|p1a: Xerneas\n|-unboost|p1a: Xerneas|spa|1\n|\n|upkeep\n|turn|27\n|\n|t:|1698445579\n|move|p1a: Xerneas|Geomancy||[still]\n|-prepare|p1a: Xerneas|Geomancy\n|move|p2a: Epione|Confide|p1a: Xerneas\n|-unboost|p1a: Xerneas|spa|1\n|\n|upkeep\n|turn|28\n|\n|t:|1698445587\n|move|p1a: Xerneas|Geomancy|p1a: Xerneas|[from]lockedmove\n|-boost|p1a: Xerneas|spa|2\n|-boost|p1a: Xerneas|spd|0\n|-boost|p1a: Xerneas|spe|0\n|move|p2a: Epione|Confide|p1a: Xerneas\n|-unboost|p1a: Xerneas|spa|1\n|\n|upkeep\n|turn|29\n|\n|t:|1698445592\n|move|p1a: Xerneas|Psyshock|p2a: Epione\n|-damage|p2a: Epione|58\/100\n|move|p2a: Epione|Confide|p1a: Xerneas\n|-unboost|p1a: Xerneas|spa|1\n|\n|upkeep\n|turn|30\n|\n|t:|1698445599\n|move|p1a: Xerneas|Psyshock|p2a: Epione\n|-damage|p2a: Epione|28\/100\n|move|p2a: Epione|Confide|p1a: Xerneas\n|-unboost|p1a: Xerneas|spa|1\n|\n|upkeep\n|turn|31\n|\n|t:|1698445602\n|move|p1a: Xerneas|Psyshock|p2a: Epione\n|-damage|p2a: Epione|7\/100\n|move|p2a: Epione|Soft-Boiled|p2a: Epione\n|-heal|p2a: Epione|57\/100\n|\n|upkeep\n|turn|32\n|\n|t:|1698445609\n|move|p1a: Xerneas|Geomancy||[still]\n|-prepare|p1a: Xerneas|Geomancy\n|move|p2a: Epione|Confide|p1a: Xerneas\n|-unboost|p1a: Xerneas|spa|1\n|\n|upkeep\n|turn|33\n|\n|t:|1698445611\n|move|p1a: Xerneas|Geomancy|p1a: Xerneas|[from]lockedmove\n|-boost|p1a: Xerneas|spa|2\n|-boost|p1a: Xerneas|spd|0\n|-boost|p1a: Xerneas|spe|0\n|move|p2a: Epione|Confide|p1a: Xerneas\n|-unboost|p1a: Xerneas|spa|1\n|\n|upkeep\n|turn|34\n|\n|t:|1698445614\n|move|p1a: Xerneas|Geomancy||[still]\n|-prepare|p1a: Xerneas|Geomancy\n|move|p2a: Epione|Soft-Boiled|p2a: Epione\n|-heal|p2a: Epione|100\/100\n|\n|upkeep\n|turn|35\n|\n|t:|1698445617\n|move|p1a: Xerneas|Geomancy|p1a: Xerneas|[from]lockedmove\n|-boost|p1a: Xerneas|spa|2\n|-boost|p1a: Xerneas|spd|0\n|-boost|p1a: Xerneas|spe|0\n|move|p2a: Epione|Confide|p1a: Xerneas\n|-unboost|p1a: Xerneas|spa|1\n|\n|upkeep\n|turn|36\n|\n|t:|1698445619\n|move|p1a: Xerneas|Geomancy||[still]\n|-prepare|p1a: Xerneas|Geomancy\n|move|p2a: Epione|Confide|p1a: Xerneas\n|-unboost|p1a: Xerneas|spa|1\n|\n|upkeep\n|turn|37\n|\n|t:|1698445622\n|move|p1a: Xerneas|Geomancy|p1a: Xerneas|[from]lockedmove\n|-boost|p1a: Xerneas|spa|2\n|-boost|p1a: Xerneas|spd|0\n|-boost|p1a: Xerneas|spe|0\n|move|p2a: Epione|Confide|p1a: Xerneas\n|-unboost|p1a: Xerneas|spa|1\n|\n|upkeep\n|turn|38\n|\n|t:|1698445628\n|move|p1a: Xerneas|Geomancy||[still]\n|-prepare|p1a: Xerneas|Geomancy\n|move|p2a: Epione|Confide|p1a: Xerneas\n|-unboost|p1a: Xerneas|spa|1\n|\n|upkeep\n|turn|39\n|\n|t:|1698445630\n|move|p1a: Xerneas|Geomancy|p1a: Xerneas|[from]lockedmove\n|-boost|p1a: Xerneas|spa|2\n|-boost|p1a: Xerneas|spd|0\n|-boost|p1a: Xerneas|spe|0\n|move|p2a: Epione|Confide|p1a: Xerneas\n|-unboost|p1a: Xerneas|spa|1\n|\n|upkeep\n|turn|40\n|\n|t:|1698445638\n|move|p1a: Xerneas|Moonblast|p2a: Epione\n|-damage|p2a: Epione|75\/100\n|move|p2a: Epione|Confide|p1a: Xerneas\n|-unboost|p1a: Xerneas|spa|1\n|\n|upkeep\n|turn|41\n|\n|t:|1698445645\n|move|p1a: Xerneas|Psyshock|p2a: Epione\n|-damage|p2a: Epione|55\/100\n|move|p2a: Epione|Confide|p1a: Xerneas\n|-unboost|p1a: Xerneas|spa|1\n|\n|upkeep\n|turn|42\n|\n|t:|1698445648\n|move|p1a: Xerneas|Geomancy||[still]\n|-prepare|p1a: Xerneas|Geomancy\n|move|p2a: Epione|Confide|p1a: Xerneas\n|-unboost|p1a: Xerneas|spa|1\n|\n|upkeep\n|turn|43\n|\n|t:|1698445650\n|move|p1a: Xerneas|Geomancy|p1a: Xerneas|[from]lockedmove\n|-boost|p1a: Xerneas|spa|2\n|-boost|p1a: Xerneas|spd|0\n|-boost|p1a: Xerneas|spe|0\n|move|p2a: Epione|Confide|p1a: Xerneas\n|-unboost|p1a: Xerneas|spa|1\n|\n|upkeep\n|turn|44\n|\n|t:|1698445654\n|move|p1a: Xerneas|Geomancy||[still]\n|-prepare|p1a: Xerneas|Geomancy\n|move|p2a: Epione|Confide|p1a: Xerneas\n|-unboost|p1a: Xerneas|spa|1\n|\n|upkeep\n|turn|45\n|\n|t:|1698445656\n|move|p1a: Xerneas|Geomancy|p1a: Xerneas|[from]lockedmove\n|-boost|p1a: Xerneas|spa|2\n|-boost|p1a: Xerneas|spd|0\n|-boost|p1a: Xerneas|spe|0\n|move|p2a: Epione|Confide|p1a: Xerneas\n|-unboost|p1a: Xerneas|spa|1\n|\n|upkeep\n|turn|46\n|\n|t:|1698445658\n|move|p1a: Xerneas|Geomancy||[still]\n|-prepare|p1a: Xerneas|Geomancy\n|move|p2a: Epione|Confide|p1a: Xerneas\n|-unboost|p1a: Xerneas|spa|1\n|\n|upkeep\n|turn|47\n|\n|t:|1698445661\n|move|p1a: Xerneas|Geomancy|p1a: Xerneas|[from]lockedmove\n|-boost|p1a: Xerneas|spa|2\n|-boost|p1a: Xerneas|spd|0\n|-boost|p1a: Xerneas|spe|0\n|move|p2a: Epione|Confide|p1a: Xerneas\n|-unboost|p1a: Xerneas|spa|1\n|\n|upkeep\n|turn|48\n|\n|t:|1698445667\n|move|p1a: Xerneas|Psyshock|p2a: Epione\n|-damage|p2a: Epione|41\/100\n|move|p2a: Epione|Confide|p1a: Xerneas\n|-unboost|p1a: Xerneas|spa|1\n|\n|upkeep\n|turn|49\n|\n|t:|1698445670\n|move|p1a: Xerneas|Psyshock|p2a: Epione\n|-damage|p2a: Epione|31\/100\n|move|p2a: Epione|Confide|p1a: Xerneas\n|-unboost|p1a: Xerneas|spa|1\n|\n|upkeep\n|turn|50\n|\n|t:|1698445676\n|move|p1a: Xerneas|Psyshock|p2a: Epione\n|-damage|p2a: Epione|23\/100\n|move|p2a: Epione|Soft-Boiled|p2a: Epione\n|-heal|p2a: Epione|73\/100\n|\n|upkeep\n|turn|51\n|\n|t:|1698445679\n|move|p1a: Xerneas|Geomancy||[still]\n|-prepare|p1a: Xerneas|Geomancy\n|move|p2a: Epione|Seismic Toss|p1a: Xerneas\n|-damage|p1a: Xerneas|38\/100\n|\n|upkeep\n|turn|52\n|\n|t:|1698445682\n|move|p1a: Xerneas|Geomancy|p1a: Xerneas|[from]lockedmove\n|-boost|p1a: Xerneas|spa|2\n|-boost|p1a: Xerneas|spd|0\n|-boost|p1a: Xerneas|spe|0\n|move|p2a: Epione|Seismic Toss|p1a: Xerneas\n|-damage|p1a: Xerneas|12\/100\n|\n|upkeep\n|turn|53\n|\n|t:|1698445686\n|move|p1a: Xerneas|Psyshock|p2a: Epione\n|-damage|p2a: Epione|59\/100\n|move|p2a: Epione|Seismic Toss|p1a: Xerneas\n|-damage|p1a: Xerneas|0 fnt\n|faint|p1a: Xerneas\n|\n|upkeep\n|\n|t:|1698445690\n|switch|p1a: Aegislash|Aegislash, M|91\/100\n|turn|54\n|\n|t:|1698445694\n|switch|p2a: Helios|Ho-Oh, shiny|75\/100\n|move|p1a: Aegislash|Swords Dance|p1a: Aegislash\n|-boost|p1a: Aegislash|atk|2\n|\n|upkeep\n|turn|55\n|\n|t:|1698445699\n|move|p2a: Helios|Sacred Fire|p1a: Aegislash\n|-supereffective|p1a: Aegislash\n|-damage|p1a: Aegislash|23\/100\n|move|p1a: Aegislash|Swords Dance|p1a: Aegislash\n|-boost|p1a: Aegislash|atk|2\n|\n|upkeep\n|turn|56\n|\n|t:|1698445706\n|switch|p2a: Triton|Dondozo, F, shiny|100\/100\n|-formechange|p1a: Aegislash|Aegislash-Blade||[from] ability: Stance Change\n|move|p1a: Aegislash|Shadow Sneak|p2a: Triton\n|-damage|p2a: Triton|88\/100\n|-damage|p1a: Aegislash|13\/100|[from] item: Life Orb\n|\n|-heal|p2a: Triton|94\/100|[from] item: Leftovers\n|upkeep\n|turn|57\n|\n|t:|1698445713\n|-formechange|p1a: Aegislash|Aegislash||[from] ability: Stance Change\n|move|p1a: Aegislash|King's Shield|p1a: Aegislash\n|-singleturn|p1a: Aegislash|Protect\n|move|p2a: Triton|Avalanche|p1a: Aegislash\n|-activate|p1a: Aegislash|move: Protect\n|-unboost|p2a: Triton|atk|1\n|\n|-heal|p2a: Triton|99\/100|[from] item: Leftovers\n|upkeep\n|turn|58\n|\n|t:|1698445725\n|-formechange|p1a: Aegislash|Aegislash-Blade||[from] ability: Stance Change\n|move|p1a: Aegislash|Shadow Sneak|p2a: Triton\n|-damage|p2a: Triton|87\/100\n|-damage|p1a: Aegislash|4\/100|[from] item: Life Orb\n|move|p2a: Triton|Avalanche|p1a: Aegislash\n|-resisted|p1a: Aegislash\n|-damage|p1a: Aegislash|0 fnt\n|faint|p1a: Aegislash\n|\n|-heal|p2a: Triton|93\/100|[from] item: Leftovers\n|upkeep\n|\n|t:|1698445728\n|switch|p1a: Alakazam|Alakazam, M, shiny|100\/100\n|turn|59\n|\n|t:|1698445738\n|switch|p2a: Epione|Chansey, F, shiny|59\/100\n|move|p1a: Alakazam|Energy Ball|p2a: Epione\n|-damage|p2a: Epione|48\/100\n|\n|upkeep\n|turn|60\n|\n|t:|1698445743\n|move|p1a: Alakazam|Psyshock|p2a: Epione\n|-damage|p2a: Epione|5\/100\n|move|p2a: Epione|Soft-Boiled|p2a: Epione\n|-heal|p2a: Epione|55\/100\n|\n|upkeep\n|turn|61\n|\n|t:|1698445750\n|switch|p1a: Haxorus|Haxorus, M, shiny|100\/100\n|-ability|p1a: Haxorus|Mold Breaker\n|switch|p2a: Erebus|Tyranitar, F, shiny|93\/100\n|-weather|Sandstorm|[from] ability: Sand Stream|[of] p2a: Erebus\n|\n|-weather|Sandstorm|[upkeep]\n|-damage|p1a: Haxorus|94\/100|[from] Sandstorm\n|upkeep\n|turn|62\n|\n|t:|1698445758\n|detailschange|p2a: Erebus|Tyranitar-Mega, F, shiny\n|-mega|p2a: Erebus|Tyranitar|Tyranitarite\n|move|p1a: Haxorus|Dragon Dance|p1a: Haxorus\n|-boost|p1a: Haxorus|atk|1\n|-boost|p1a: Haxorus|spe|1\n|move|p2a: Erebus|Toxic|p1a: Haxorus\n|-status|p1a: Haxorus|tox\n|\n|-weather|Sandstorm|[upkeep]\n|-damage|p1a: Haxorus|88\/100 tox|[from] Sandstorm\n|-damage|p1a: Haxorus|82\/100 tox|[from] psn\n|upkeep\n|turn|63\n|\n|t:|1698445766\n|switch|p2a: Helios|Ho-Oh, shiny|100\/100\n|move|p1a: Haxorus|Dragon Dance|p1a: Haxorus\n|-boost|p1a: Haxorus|atk|1\n|-boost|p1a: Haxorus|spe|1\n|\n|-weather|Sandstorm|[upkeep]\n|-damage|p1a: Haxorus|76\/100 tox|[from] Sandstorm\n|-damage|p2a: Helios|94\/100|[from] Sandstorm\n|-damage|p1a: Haxorus|64\/100 tox|[from] psn\n|upkeep\n|turn|64\n|\n|t:|1698445772\n|move|p1a: Haxorus|Dragon Claw|p2a: Helios\n|-damage|p2a: Helios|10\/100\n|-damage|p1a: Haxorus|54\/100 tox|[from] item: Life Orb\n|move|p2a: Helios|Whirlwind|p1a: Haxorus\n|drag|p1a: Alakazam|Alakazam, M, shiny|100\/100\n|\n|-weather|Sandstorm|[upkeep]\n|-damage|p2a: Helios|4\/100|[from] Sandstorm\n|upkeep\n|turn|65\n|\n|t:|1698445778\n|switch|p2a: Erebus|Tyranitar-Mega, F, shiny|93\/100\n|move|p1a: Alakazam|Psyshock|p2a: Erebus\n|-immune|p2a: Erebus\n|\n|-weather|none\n|upkeep\n|turn|66\n|\n|t:|1698445783\n|move|p1a: Alakazam|Energy Ball|p2a: Erebus\n|-supereffective|p2a: Erebus\n|-damage|p2a: Erebus|47\/100\n|move|p2a: Erebus|Knock Off|p1a: Alakazam\n|-supereffective|p1a: Alakazam\n|-damage|p1a: Alakazam|0 fnt\n|-enditem|p1a: Alakazam|Life Orb|[from] move: Knock Off|[of] p2a: Erebus\n|faint|p1a: Alakazam\n|\n|upkeep\n|\n|t:|1698445786\n|switch|p1a: Salamence|Salamence, M, shiny|78\/100\n|-ability|p1a: Salamence|Intimidate|boost\n|-unboost|p2a: Erebus|atk|1\n|turn|67\n|\n|t:|1698445790\n|switch|p2a: Triton|Dondozo, F, shiny|93\/100\n|move|p1a: Salamence|Dragon Dance|p1a: Salamence\n|-boost|p1a: Salamence|atk|1\n|-boost|p1a: Salamence|spe|1\n|\n|-heal|p2a: Triton|99\/100|[from] item: Leftovers\n|upkeep\n|turn|68\n|\n|t:|1698445797\n|detailschange|p1a: Salamence|Salamence-Mega, M, shiny\n|-mega|p1a: Salamence|Salamence|Salamencite\n|move|p1a: Salamence|Double-Edge|p2a: Triton\n|-damage|p2a: Triton|62\/100\n|-damage|p1a: Salamence|59\/100|[from] Recoil\n|move|p2a: Triton|Curse|p2a: Triton\n|-unboost|p2a: Triton|spe|1\n|-boost|p2a: Triton|atk|1\n|-boost|p2a: Triton|def|1\n|\n|-heal|p2a: Triton|68\/100|[from] item: Leftovers\n|upkeep\n|turn|69\n|\n|t:|1698445803\n|move|p1a: Salamence|Dragon Dance|p1a: Salamence\n|-boost|p1a: Salamence|atk|1\n|-boost|p1a: Salamence|spe|1\n|move|p2a: Triton|Avalanche|p1a: Salamence\n|-supereffective|p1a: Salamence\n|-damage|p1a: Salamence|0 fnt\n|faint|p1a: Salamence\n|\n|-heal|p2a: Triton|75\/100|[from] item: Leftovers\n|upkeep\n|\n|t:|1698445805\n|switch|p1a: Haxorus|Haxorus, M, shiny|54\/100 tox\n|-ability|p1a: Haxorus|Mold Breaker\n|turn|70\n|\n|t:|1698445807\n|move|p1a: Haxorus|Poison Jab|p2a: Triton\n|-damage|p2a: Triton|63\/100\n|-status|p2a: Triton|psn\n|-damage|p1a: Haxorus|44\/100 tox|[from] item: Life Orb\n|move|p2a: Triton|Avalanche|p1a: Haxorus\n|-supereffective|p1a: Haxorus\n|-damage|p1a: Haxorus|0 fnt\n|faint|p1a: Haxorus\n|\n|win|Dorimethanol\n|raw|Yamil333's rating: 1194 &rarr; <strong>1165<\/strong><br \/>(-29 for losing)\n|raw|Dorimethanol's rating: 1145 &rarr; <strong>1174<\/strong><br \/>(+29 for winning)\n","uploadtime":1698445818,"views":5,"p1id":"yamil333","p2id":"dorimethanol","formatid":"gen9nationaldexubers","rating":1165,"private":0,"password":""}