{"id":"gen9nationaldexubers-1983974546","p1":"alcatel999","p2":"Ivancuervo2007","format":"[Gen 9] National Dex Ubers","log":"|j|\u2606alcatel999\n|j|\u2606Ivancuervo2007\n|t:|1699205817\n|gametype|singles\n|player|p1|alcatel999|rocketgrunt|\n|player|p2|Ivancuervo2007|acetrainer-gen4dp|\n|teamsize|p1|6\n|teamsize|p2|6\n|gen|9\n|tier|[Gen 9] National Dex Ubers\n|rule|HP Percentage Mod: HP is shown in percentages\n|rule|Endless Battle Clause: Forcing endless battles is banned\n|rule|OHKO Clause: OHKO moves are banned\n|rule|Evasion Moves Clause: Evasion moves are banned\n|rule|Evasion Items Clause: Evasion items are banned\n|rule|Species Clause: Limit one of each Pok\u00e9mon\n|rule|Sleep Clause Mod: Limit one foe put to sleep\n|rule|Mega Rayquaza Clause: You cannot mega evolve Rayquaza\n|clearpoke\n|poke|p1|Dragonite, F|\n|poke|p1|Blaziken, F|\n|poke|p1|Tangrowth, M|\n|poke|p1|Blissey, F|\n|poke|p1|Zoroark-Hisui, M|\n|poke|p1|Manectric, M|\n|poke|p2|Metagross|\n|poke|p2|Tapu Lele|\n|poke|p2|Iron Leaves|\n|poke|p2|Jirachi|\n|poke|p2|Latios, M|\n|poke|p2|Latias, F|\n|teampreview\n|c|\u2606Ivancuervo2007|Legendary power\n|c|\u2606alcatel999|Good luck\n|c|\u2606alcatel999|have fun\n|\n|t:|1699205855\n|start\n|switch|p1a: KFC|Blaziken, F|100\/100\n|switch|p2a: Jirachi|Jirachi|100\/100\n|turn|1\n|\n|t:|1699205871\n|move|p1a: KFC|Nasty Plot|p1a: KFC\n|-boost|p1a: KFC|spa|2\n|move|p2a: Jirachi|Thunder Wave|p1a: KFC\n|-status|p1a: KFC|par\n|\n|upkeep\n|turn|2\n|j| Maidenhoeenven\n|\n|t:|1699205879\n|move|p2a: Jirachi|Iron Head|p1a: KFC\n|-damage|p1a: KFC|23\/100 par\n|replace|p1a: Amongus|Zoroark-Hisui, M\n|-end|p1a: Amongus|Illusion\n|cant|p1a: Amongus|flinch\n|\n|upkeep\n|turn|3\n|\n|t:|1699205886\n|move|p2a: Jirachi|Iron Head|p1a: Amongus\n|-damage|p1a: Amongus|0 fnt\n|faint|p1a: Amongus\n|\n|upkeep\n|c|\u2606alcatel999|pipi\n|\n|t:|1699205896\n|switch|p1a: KFC|Blaziken, F|100\/100\n|turn|4\n|c|\u2606Ivancuervo2007|No tengo verg\u00fcenza\n|\n|t:|1699205901\n|switch|p1a: McQueen|Manectric, M|100\/100\n|move|p2a: Jirachi|Thunder Wave|p1a: McQueen\n|-ability|p1a: McQueen|Lightning Rod|boost\n|-boost|p1a: McQueen|spa|1\n|\n|upkeep\n|turn|5\n|c|\u2606alcatel999|Pq verguenza\n|\n|t:|1699205909\n|detailschange|p1a: McQueen|Manectric-Mega, M\n|-mega|p1a: McQueen|Manectric|Manectite\n|-ability|p1a: McQueen|Intimidate|boost\n|-unboost|p2a: Jirachi|atk|1\n|move|p1a: McQueen|Flamethrower|p2a: Jirachi\n|-supereffective|p2a: Jirachi\n|-damage|p2a: Jirachi|15\/100\n|move|p2a: Jirachi|Zen Headbutt|p1a: McQueen\n|-damage|p1a: McQueen|66\/100\n|\n|upkeep\n|turn|6\n|\n|t:|1699205920\n|move|p1a: McQueen|Thunderbolt|p2a: Jirachi\n|-damage|p2a: Jirachi|0 fnt\n|faint|p2a: Jirachi\n|\n|upkeep\n|c|\u2606Ivancuervo2007|Ondra trueno + iron head + serene grace + roca del Rey\n|j| anderproyt\n|\n|t:|1699205963\n|switch|p2a: Tapu Lele|Tapu Lele|100\/100\n|-fieldstart|move: Psychic Terrain|[from] ability: Psychic Surge|[of] p2a: Tapu Lele\n|turn|7\n|c|\u2606alcatel999|a eso yo tambien llegue a usar pokemons asi\n|c|\u2606alcatel999|mas haya de un acto de cobardia es un acto de inteligencia usar lo que tienes a tu favor al maximo\n|\n|t:|1699206003\n|move|p1a: McQueen|Snarl|p2a: Tapu Lele\n|-damage|p2a: Tapu Lele|71\/100\n|-unboost|p2a: Tapu Lele|spa|1\n|move|p2a: Tapu Lele|Psychic|p1a: McQueen\n|-damage|p1a: McQueen|0 fnt\n|faint|p1a: McQueen\n|\n|upkeep\n|\n|t:|1699206025\n|switch|p1a: KFC|Blaziken, F|100\/100\n|turn|8\n|\n|t:|1699206028\n|move|p1a: KFC|Protect|p1a: KFC\n|-singleturn|p1a: KFC|Protect\n|move|p2a: Tapu Lele|Psychic|p1a: KFC\n|-activate|p1a: KFC|move: Protect\n|\n|-ability|p1a: KFC|Speed Boost|boost\n|-boost|p1a: KFC|spe|1\n|upkeep\n|turn|9\n|\n|t:|1699206036\n|move|p1a: KFC|Shadow Claw|p2a: Tapu Lele\n|-supereffective|p2a: Tapu Lele\n|-damage|p2a: Tapu Lele|17\/100\n|move|p2a: Tapu Lele|Psychic|p1a: KFC\n|-supereffective|p1a: KFC\n|-crit|p1a: KFC\n|-damage|p1a: KFC|0 fnt\n|faint|p1a: KFC\n|\n|upkeep\n|\n|t:|1699206039\n|switch|p1a: Mariposon|Dragonite, F|100\/100\n|turn|10\n|\n|t:|1699206047\n|move|p1a: Mariposon|Iron Head|p2a: Tapu Lele\n|-supereffective|p2a: Tapu Lele\n|-damage|p2a: Tapu Lele|0 fnt\n|faint|p2a: Tapu Lele\n|\n|upkeep\n|\n|t:|1699206061\n|switch|p2a: Latios|Latios, M|100\/100\n|turn|11\n|c|\u2606alcatel999|!dt latios\n|raw|<div class=\"message\"><ul class=\"utilichart\"><li class=\"result\"><span class=\"col numcol\">RUBL<\/span> <span class=\"col iconcol\"><psicon pokemon=\"latios\"\/><\/span> <span class=\"col pokemonnamecol\" style=\"white-space:nowrap\"><a href=\"https:\/\/dex.pokemonshowdown.com\/pokemon\/latios\" target=\"_blank\">Latios<\/a><\/span> <span class=\"col typecol\"><img src=\"https:\/\/play.pokemonshowdown.com\/sprites\/types\/Dragon.png\" alt=\"Dragon\" height=\"14\" width=\"32\"><img src=\"https:\/\/play.pokemonshowdown.com\/sprites\/types\/Psychic.png\" alt=\"Psychic\" height=\"14\" width=\"32\"><\/span> <span style=\"float:left;min-height:26px\"><span class=\"col abilitycol\">Levitate<\/span><span class=\"col abilitycol\"><\/span><\/span><span style=\"float:left;min-height:26px\"><span class=\"col statcol\"><em>HP<\/em><br \/>80<\/span> <span class=\"col statcol\"><em>Atk<\/em><br \/>90<\/span> <span class=\"col statcol\"><em>Def<\/em><br \/>80<\/span> <span class=\"col statcol\"><em>SpA<\/em><br \/>130<\/span> <span class=\"col statcol\"><em>SpD<\/em><br \/>110<\/span> <span class=\"col statcol\"><em>Spe<\/em><br \/>110<\/span> <span class=\"col bstcol\"><em>BST<br \/>600<\/em><\/span> <\/span><\/li><li style=\"clear:both\"><\/li><\/ul><\/div>\n|raw|<font size=\"1\"><font color=\"#686868\">Dex#:<\/font> 381&nbsp;|&ThickSpace;<font color=\"#686868\">Gen:<\/font> 3&nbsp;|&ThickSpace;<font color=\"#686868\">Height:<\/font> 2 m&nbsp;|&ThickSpace;<font color=\"#686868\">Weight:<\/font> 60 kg <em>(80 BP)<\/em>&nbsp;|&ThickSpace;<font color=\"#686868\">Dex Colour:<\/font> Blue&nbsp;|&ThickSpace;<font color=\"#686868\">Egg Group(s):<\/font> Undiscovered&nbsp;|&ThickSpace;<font color=\"#686868\">Does Not Evolve<\/font><\/font>\n\n|\n|t:|1699206084\n|switch|p1a: MamaLuchona|Blissey, F|100\/100\n|move|p2a: Latios|Dragon Pulse|p1a: MamaLuchona\n|-damage|p1a: MamaLuchona|84\/100\n|-damage|p2a: Latios|91\/100|[from] item: Life Orb\n|\n|-fieldend|move: Psychic Terrain\n|upkeep\n|turn|12\n|\n|t:|1699206090\n|move|p2a: Latios|Aura Sphere|p1a: MamaLuchona\n|-supereffective|p1a: MamaLuchona\n|-damage|p1a: MamaLuchona|63\/100\n|-damage|p2a: Latios|81\/100|[from] item: Life Orb\n|move|p1a: MamaLuchona|Seismic Toss|p2a: Latios\n|-damage|p2a: Latios|48\/100\n|\n|upkeep\n|turn|13\n|\n|t:|1699206097\n|switch|p2a: Iron Leaves|Iron Leaves|100\/100\n|move|p1a: MamaLuchona|Toxic|p2a: Iron Leaves\n|-status|p2a: Iron Leaves|tox\n|\n|-damage|p2a: Iron Leaves|94\/100 tox|[from] psn\n|upkeep\n|turn|14\n|\n|t:|1699206104\n|switch|p1a: HuevoPeludo|Tangrowth, M|100\/100\n|move|p2a: Iron Leaves|Psyblade|p1a: HuevoPeludo\n|-damage|p1a: HuevoPeludo|77\/100\n|-damage|p2a: Iron Leaves|78\/100 tox|[from] item: Rocky Helmet|[of] p1a: HuevoPeludo\n|\n|-damage|p2a: Iron Leaves|65\/100 tox|[from] psn\n|upkeep\n|turn|15\n|\n|t:|1699206111\n|-end|p2a: Iron Leaves|Quark Drive|[silent]\n|switch|p2a: Metagross|Metagross|100\/100\n|move|p1a: HuevoPeludo|Leech Seed|p2a: Metagross\n|-start|p2a: Metagross|move: Leech Seed\n|\n|-damage|p2a: Metagross|88\/100|[from] Leech Seed|[of] p1a: HuevoPeludo\n|-heal|p1a: HuevoPeludo|86\/100|[silent]\n|upkeep\n|turn|16\n|\n|t:|1699206116\n|detailschange|p2a: Metagross|Metagross-Mega\n|-mega|p2a: Metagross|Metagross|Metagrossite\n|move|p1a: HuevoPeludo|Protect|p1a: HuevoPeludo\n|-singleturn|p1a: HuevoPeludo|Protect\n|move|p2a: Metagross|Hone Claws|p2a: Metagross\n|-boost|p2a: Metagross|atk|1\n|-boost|p2a: Metagross|accuracy|1\n|\n|-damage|p2a: Metagross|76\/100|[from] Leech Seed|[of] p1a: HuevoPeludo\n|-heal|p1a: HuevoPeludo|95\/100|[silent]\n|upkeep\n|turn|17\n|\n|t:|1699206129\n|-terastallize|p1a: HuevoPeludo|Water\n|move|p2a: Metagross|Meteor Mash|p1a: HuevoPeludo\n|-resisted|p1a: HuevoPeludo\n|-damage|p1a: HuevoPeludo|67\/100\n|-damage|p2a: Metagross|59\/100|[from] item: Rocky Helmet|[of] p1a: HuevoPeludo\n|move|p1a: HuevoPeludo|Knock Off|p2a: Metagross\n|-supereffective|p2a: Metagross\n|-damage|p2a: Metagross|34\/100\n|\n|-damage|p2a: Metagross|21\/100|[from] Leech Seed|[of] p1a: HuevoPeludo\n|-heal|p1a: HuevoPeludo|76\/100|[silent]\n|upkeep\n|turn|18\n|\n|t:|1699206144\n|move|p2a: Metagross|Zen Headbutt|p1a: HuevoPeludo\n|-damage|p1a: HuevoPeludo|34\/100\n|-damage|p2a: Metagross|5\/100|[from] item: Rocky Helmet|[of] p1a: HuevoPeludo\n|move|p1a: HuevoPeludo|Synthesis|p1a: HuevoPeludo\n|-heal|p1a: HuevoPeludo|84\/100\n|\n|-damage|p2a: Metagross|0 fnt|[from] Leech Seed|[of] p1a: HuevoPeludo\n|-heal|p1a: HuevoPeludo|88\/100|[silent]\n|faint|p2a: Metagross\n|upkeep\n|\n|t:|1699206150\n|switch|p2a: Latias|Latias, F|100\/100\n|turn|19\n|c|\u2606alcatel999|!dt latias\n|raw|<div class=\"message\"><ul class=\"utilichart\"><li class=\"result\"><span class=\"col numcol\">RU<\/span> <span class=\"col iconcol\"><psicon pokemon=\"latias\"\/><\/span> <span class=\"col pokemonnamecol\" style=\"white-space:nowrap\"><a href=\"https:\/\/dex.pokemonshowdown.com\/pokemon\/latias\" target=\"_blank\">Latias<\/a><\/span> <span class=\"col typecol\"><img src=\"https:\/\/play.pokemonshowdown.com\/sprites\/types\/Dragon.png\" alt=\"Dragon\" height=\"14\" width=\"32\"><img src=\"https:\/\/play.pokemonshowdown.com\/sprites\/types\/Psychic.png\" alt=\"Psychic\" height=\"14\" width=\"32\"><\/span> <span style=\"float:left;min-height:26px\"><span class=\"col abilitycol\">Levitate<\/span><span class=\"col abilitycol\"><\/span><\/span><span style=\"float:left;min-height:26px\"><span class=\"col statcol\"><em>HP<\/em><br \/>80<\/span> <span class=\"col statcol\"><em>Atk<\/em><br \/>80<\/span> <span class=\"col statcol\"><em>Def<\/em><br \/>90<\/span> <span class=\"col statcol\"><em>SpA<\/em><br \/>110<\/span> <span class=\"col statcol\"><em>SpD<\/em><br \/>130<\/span> <span class=\"col statcol\"><em>Spe<\/em><br \/>110<\/span> <span class=\"col bstcol\"><em>BST<br \/>600<\/em><\/span> <\/span><\/li><li style=\"clear:both\"><\/li><\/ul><\/div>\n|raw|<font size=\"1\"><font color=\"#686868\">Dex#:<\/font> 380&nbsp;|&ThickSpace;<font color=\"#686868\">Gen:<\/font> 3&nbsp;|&ThickSpace;<font color=\"#686868\">Height:<\/font> 1.4 m&nbsp;|&ThickSpace;<font color=\"#686868\">Weight:<\/font> 40 kg <em>(60 BP)<\/em>&nbsp;|&ThickSpace;<font color=\"#686868\">Dex Colour:<\/font> Red&nbsp;|&ThickSpace;<font color=\"#686868\">Egg Group(s):<\/font> Undiscovered&nbsp;|&ThickSpace;<font color=\"#686868\">Does Not Evolve<\/font><\/font>\n\n|\n|t:|1699206160\n|switch|p1a: MamaLuchona|Blissey, F|63\/100\n|move|p2a: Latias|Calm Mind|p2a: Latias\n|-boost|p2a: Latias|spa|1\n|-boost|p2a: Latias|spd|1\n|\n|upkeep\n|turn|20\n|\n|t:|1699206165\n|move|p2a: Latias|Calm Mind|p2a: Latias\n|-boost|p2a: Latias|spa|1\n|-boost|p2a: Latias|spd|1\n|move|p1a: MamaLuchona|Soft-Boiled|p1a: MamaLuchona\n|-heal|p1a: MamaLuchona|100\/100\n|\n|upkeep\n|turn|21\n|\n|t:|1699206171\n|move|p2a: Latias|Calm Mind|p2a: Latias\n|-boost|p2a: Latias|spa|1\n|-boost|p2a: Latias|spd|1\n|move|p1a: MamaLuchona|Toxic|p2a: Latias\n|-status|p2a: Latias|tox\n|\n|-damage|p2a: Latias|94\/100 tox|[from] psn\n|upkeep\n|turn|22\n|\n|t:|1699206179\n|-terastallize|p2a: Latias|Dragon\n|move|p2a: Latias|Dragon Pulse|p1a: MamaLuchona\n|-damage|p1a: MamaLuchona|59\/100\n|move|p1a: MamaLuchona|Seismic Toss|p2a: Latias\n|-damage|p2a: Latias|67\/100 tox\n|\n|-heal|p2a: Latias|73\/100 tox|[from] item: Leftovers\n|-damage|p2a: Latias|61\/100 tox|[from] psn\n|upkeep\n|turn|23\n|\n|t:|1699206188\n|move|p2a: Latias|Calm Mind|p2a: Latias\n|-boost|p2a: Latias|spa|1\n|-boost|p2a: Latias|spd|1\n|move|p1a: MamaLuchona|Toxic|p2a: Latias\n|-fail|p2a: Latias|tox\n|\n|-heal|p2a: Latias|67\/100 tox|[from] item: Leftovers\n|-damage|p2a: Latias|49\/100 tox|[from] psn\n|upkeep\n|turn|24\n|\n|t:|1699206198\n|move|p2a: Latias|Dragon Pulse|p1a: MamaLuchona\n|-damage|p1a: MamaLuchona|8\/100\n|move|p1a: MamaLuchona|Soft-Boiled|p1a: MamaLuchona\n|-heal|p1a: MamaLuchona|58\/100\n|\n|-heal|p2a: Latias|55\/100 tox|[from] item: Leftovers\n|-damage|p2a: Latias|31\/100 tox|[from] psn\n|upkeep\n|turn|25\n|\n|t:|1699206203\n|move|p2a: Latias|Dragon Pulse|p1a: MamaLuchona\n|-damage|p1a: MamaLuchona|9\/100\n|move|p1a: MamaLuchona|Soft-Boiled|p1a: MamaLuchona\n|-heal|p1a: MamaLuchona|59\/100\n|\n|-heal|p2a: Latias|37\/100 tox|[from] item: Leftovers\n|-damage|p2a: Latias|7\/100 tox|[from] psn\n|upkeep\n|turn|26\n|\n|t:|1699206208\n|move|p2a: Latias|Dragon Pulse|p1a: MamaLuchona\n|-damage|p1a: MamaLuchona|11\/100\n|move|p1a: MamaLuchona|Soft-Boiled|p1a: MamaLuchona\n|-heal|p1a: MamaLuchona|61\/100\n|\n|-heal|p2a: Latias|13\/100 tox|[from] item: Leftovers\n|-damage|p2a: Latias|0 fnt|[from] psn\n|faint|p2a: Latias\n|upkeep\n|\n|t:|1699206214\n|switch|p2a: Iron Leaves|Iron Leaves|65\/100 tox\n|turn|27\n|\n|t:|1699206218\n|switch|p1a: HuevoPeludo|Tangrowth, M, tera:Water|100\/100\n|move|p2a: Iron Leaves|Sacred Sword|p1a: HuevoPeludo\n|-damage|p1a: HuevoPeludo|82\/100\n|-damage|p2a: Iron Leaves|49\/100 tox|[from] item: Rocky Helmet|[of] p1a: HuevoPeludo\n|\n|-damage|p2a: Iron Leaves|43\/100 tox|[from] psn\n|upkeep\n|turn|28\n|\n|t:|1699206224\n|move|p1a: HuevoPeludo|Protect|p1a: HuevoPeludo\n|-singleturn|p1a: HuevoPeludo|Protect\n|move|p2a: Iron Leaves|Sacred Sword|p1a: HuevoPeludo\n|-activate|p1a: HuevoPeludo|move: Protect\n|\n|-damage|p2a: Iron Leaves|30\/100 tox|[from] psn\n|upkeep\n|turn|29\n|\n|t:|1699206229\n|move|p2a: Iron Leaves|Sacred Sword|p1a: HuevoPeludo\n|-damage|p1a: HuevoPeludo|64\/100\n|-damage|p2a: Iron Leaves|14\/100 tox|[from] item: Rocky Helmet|[of] p1a: HuevoPeludo\n|move|p1a: HuevoPeludo|Leech Seed|p2a: Iron Leaves\n|-immune|p2a: Iron Leaves\n|\n|-damage|p2a: Iron Leaves|0 fnt|[from] psn\n|faint|p2a: Iron Leaves\n|-end|p2a: Iron Leaves|Quark Drive|[silent]\n|upkeep\n|\n|t:|1699206231\n|switch|p2a: Latios|Latios, M|48\/100\n|turn|30\n|\n|t:|1699206238\n|switch|p1a: MamaLuchona|Blissey, F|61\/100\n|move|p2a: Latios|Psychic|p1a: MamaLuchona\n|-damage|p1a: MamaLuchona|44\/100\n|-damage|p2a: Latios|38\/100|[from] item: Life Orb\n|\n|upkeep\n|turn|31\n|\n|t:|1699206244\n|move|p2a: Latios|Aura Sphere|p1a: MamaLuchona\n|-supereffective|p1a: MamaLuchona\n|-damage|p1a: MamaLuchona|22\/100\n|-damage|p2a: Latios|28\/100|[from] item: Life Orb\n|move|p1a: MamaLuchona|Soft-Boiled|p1a: MamaLuchona\n|-heal|p1a: MamaLuchona|72\/100\n|\n|upkeep\n|turn|32\n|\n|t:|1699206249\n|move|p2a: Latios|Aura Sphere|p1a: MamaLuchona\n|-supereffective|p1a: MamaLuchona\n|-damage|p1a: MamaLuchona|51\/100\n|-damage|p2a: Latios|18\/100|[from] item: Life Orb\n|move|p1a: MamaLuchona|Seismic Toss|p2a: Latios\n|-damage|p2a: Latios|0 fnt\n|faint|p2a: Latios\n|\n|win|alcatel999\n|c|\u2606alcatel999|Gg\n|l|\u2606alcatel999\n|j|\u2606alcatel999\n|player|p1|alcatel999|rocketgrunt\n|c|\u2606Ivancuervo2007|Gg \ud83d\udc01\n","uploadtime":1699206268,"views":5,"p1id":"alcatel999","p2id":"ivancuervo2007","formatid":"gen9nationaldexubers","rating":0,"private":0,"password":""}