{"id":"gen9nationaldexubers-1985744666","p1":"HarmTurtle","p2":"Jeffrin","format":"[Gen 9] National Dex Ubers","log":"|j|\u2606HarmTurtle\n|j|\u2606Jeffrin\n|t:|1699401675\n|gametype|singles\n|player|p1|HarmTurtle|carmine-festival|\n|player|p2|Jeffrin|falkner|\n|teamsize|p1|6\n|teamsize|p2|6\n|gen|9\n|tier|[Gen 9] National Dex Ubers\n|rule|HP Percentage Mod: HP is shown in percentages\n|rule|Endless Battle Clause: Forcing endless battles is banned\n|rule|OHKO Clause: OHKO moves are banned\n|rule|Evasion Moves Clause: Evasion moves are banned\n|rule|Evasion Items Clause: Evasion items are banned\n|rule|Species Clause: Limit one of each Pok\u00e9mon\n|rule|Sleep Clause Mod: Limit one foe put to sleep\n|rule|Mega Rayquaza Clause: You cannot mega evolve Rayquaza\n|clearpoke\n|poke|p1|Celesteela|\n|poke|p1|Quaquaval, F|\n|poke|p1|Grimmsnarl, M|\n|poke|p1|Vileplume, F|\n|poke|p1|Exeggutor, M|\n|poke|p1|Hariyama, M|\n|poke|p2|Crobat, M|\n|poke|p2|Minior|\n|poke|p2|Rotom-Fan|\n|poke|p2|Togekiss, F|\n|poke|p2|Golurk|\n|poke|p2|Celesteela|\n|teampreview\n|c|\u2606HarmTurtle|gl hf!\n|c|\u2606Jeffrin|Ditto\n|\n|t:|1699401713\n|start\n|switch|p1a: Grimm Guy|Grimmsnarl, M|100\/100\n|switch|p2a: Xavier|Crobat, M, shiny|100\/100\n|turn|1\n|\n|t:|1699401741\n|move|p1a: Grimm Guy|Parting Shot|p2a: Xavier\n|-unboost|p2a: Xavier|atk|1\n|-unboost|p2a: Xavier|spa|1\n|\n|t:|1699401748\n|switch|p1a: biggest rocket|Celesteela, shiny|100\/100|[from] Parting Shot\n|move|p2a: Xavier|Taunt|p1a: biggest rocket\n|-start|p1a: biggest rocket|move: Taunt\n|\n|upkeep\n|turn|2\n|\n|t:|1699401767\n|switch|p1a: Grimm Guy|Grimmsnarl, M|100\/100\n|move|p2a: Xavier|U-turn|p1a: Grimm Guy\n|-damage|p1a: Grimm Guy|88\/100\n|\n|t:|1699401780\n|switch|p2a: Sprinkles|Minior, shiny|100\/100|[from] U-turn\n|-formechange|p2a: Sprinkles|Minior-Meteor||[from] ability: Shields Down\n|\n|upkeep\n|turn|3\n|\n|t:|1699401807\n|move|p1a: Grimm Guy|Taunt|p2a: Sprinkles\n|-start|p2a: Sprinkles|move: Taunt\n|move|p2a: Sprinkles|Power Gem|p1a: Grimm Guy\n|-damage|p1a: Grimm Guy|72\/100\n|\n|upkeep\n|turn|4\n|\n|t:|1699401817\n|switch|p2a: Ground Control|Celesteela, shiny|100\/100\n|move|p1a: Grimm Guy|Reflect|p1a: Grimm Guy\n|-sidestart|p1: HarmTurtle|Reflect\n|\n|upkeep\n|turn|5\n|\n|t:|1699401832\n|move|p1a: Grimm Guy|Taunt|p2a: Ground Control\n|-start|p2a: Ground Control|move: Taunt\n|move|p2a: Ground Control|Flamethrower|p1a: Grimm Guy\n|-damage|p1a: Grimm Guy|53\/100\n|\n|upkeep\n|turn|6\n|\n|t:|1699401839\n|move|p1a: Grimm Guy|Light Screen|p1a: Grimm Guy\n|-sidestart|p1: HarmTurtle|move: Light Screen\n|move|p2a: Ground Control|Heavy Slam|p1a: Grimm Guy\n|-supereffective|p1a: Grimm Guy\n|-damage|p1a: Grimm Guy|14\/100\n|\n|upkeep\n|turn|7\n|\n|t:|1699401847\n|move|p1a: Grimm Guy|Parting Shot|p2a: Ground Control\n|-unboost|p2a: Ground Control|atk|1\n|-unboost|p2a: Ground Control|spa|1\n|\n|t:|1699401894\n|switch|p1a: Bustdown Jr.|Quaquaval, F|100\/100|[from] Parting Shot\n|move|p2a: Ground Control|Flamethrower|p1a: Bustdown Jr.\n|-resisted|p1a: Bustdown Jr.\n|-damage|p1a: Bustdown Jr.|95\/100\n|\n|-end|p2a: Ground Control|move: Taunt\n|upkeep\n|turn|8\n|\n|t:|1699401909\n|switch|p2a: Xavier|Crobat, M, shiny|100\/100\n|move|p1a: Bustdown Jr.|Bulk Up|p1a: Bustdown Jr.\n|-boost|p1a: Bustdown Jr.|atk|1\n|-boost|p1a: Bustdown Jr.|def|1\n|\n|upkeep\n|turn|9\n|\n|t:|1699401917\n|move|p2a: Xavier|Taunt|p1a: Bustdown Jr.\n|-start|p1a: Bustdown Jr.|move: Taunt\n|move|p1a: Bustdown Jr.|Aqua Step|p2a: Xavier\n|-damage|p2a: Xavier|26\/100\n|-boost|p1a: Bustdown Jr.|spe|1\n|\n|upkeep\n|turn|10\n|\n|t:|1699401925\n|move|p1a: Bustdown Jr.|Aqua Step|p2a: Xavier\n|-damage|p2a: Xavier|0 fnt\n|-boost|p1a: Bustdown Jr.|spe|1\n|faint|p2a: Xavier\n|-ability|p1a: Bustdown Jr.|Moxie|boost\n|-boost|p1a: Bustdown Jr.|atk|1\n|\n|upkeep\n|\n|t:|1699401952\n|switch|p2a: Angellica|Togekiss, F, shiny|100\/100\n|turn|11\n|\n|t:|1699401966\n|move|p1a: Bustdown Jr.|Aqua Step|p2a: Angellica\n|-damage|p2a: Angellica|29\/100\n|-boost|p1a: Bustdown Jr.|spe|1\n|move|p2a: Angellica|Thunder Wave|p1a: Bustdown Jr.\n|-status|p1a: Bustdown Jr.|par\n|\n|-heal|p2a: Angellica|35\/100|[from] item: Leftovers\n|-end|p1a: Bustdown Jr.|move: Taunt\n|-sideend|p1: HarmTurtle|Reflect\n|upkeep\n|turn|12\n|\n|t:|1699401977\n|move|p1a: Bustdown Jr.|Aqua Step|p2a: Angellica\n|-damage|p2a: Angellica|0 fnt\n|-boost|p1a: Bustdown Jr.|spe|1\n|faint|p2a: Angellica\n|-ability|p1a: Bustdown Jr.|Moxie|boost\n|-boost|p1a: Bustdown Jr.|atk|1\n|\n|upkeep\n|\n|t:|1699401984\n|switch|p2a: Pulse|Rotom-Fan, shiny|100\/100\n|turn|13\n|\n|t:|1699401996\n|cant|p1a: Bustdown Jr.|par\n|move|p2a: Pulse|Thunderbolt|p1a: Bustdown Jr.\n|-supereffective|p1a: Bustdown Jr.\n|-damage|p1a: Bustdown Jr.|19\/100 par\n|\n|-sideend|p1: HarmTurtle|move: Light Screen\n|upkeep\n|turn|14\n|\n|t:|1699402059\n|switch|p1a: fried egg|Exeggutor, M|100\/100\n|move|p2a: Pulse|Thunderbolt|p1a: fried egg\n|-resisted|p1a: fried egg\n|-damage|p1a: fried egg|81\/100\n|\n|upkeep\n|turn|15\n|\n|t:|1699402070\n|switch|p2a: Superman|Golurk, shiny|100\/100\n|move|p1a: fried egg|Leech Seed|p2a: Superman\n|-start|p2a: Superman|move: Leech Seed\n|\n|-damage|p2a: Superman|88\/100|[from] Leech Seed|[of] p1a: fried egg\n|-heal|p1a: fried egg|92\/100|[silent]\n|upkeep\n|turn|16\n|\n|t:|1699402079\n|switch|p1a: Watermelon|Vileplume, F, shiny|100\/100\n|-terastallize|p2a: Superman|Flying\n|move|p2a: Superman|Poltergeist|p1a: Watermelon\n|-activate|p1a: Watermelon|move: Poltergeist|Rocky Helmet\n|-damage|p1a: Watermelon|53\/100\n|\n|-damage|p2a: Superman|76\/100|[from] Leech Seed|[of] p1a: Watermelon\n|-heal|p1a: Watermelon|66\/100|[silent]\n|upkeep\n|turn|17\n|\n|t:|1699402089\n|move|p1a: Watermelon|Strength Sap|p2a: Superman\n|-unboost|p2a: Superman|atk|1\n|-heal|p1a: Watermelon|100\/100\n|move|p2a: Superman|Fly||[still]\n|-prepare|p2a: Superman|Fly\n|\n|-damage|p2a: Superman|63\/100|[from] Leech Seed|[of] p1a: Watermelon\n|upkeep\n|turn|18\n|\n|t:|1699402097\n|move|p1a: Watermelon|Aromatherapy|p1a: Watermelon\n|-activate|p1a: Watermelon|move: Aromatherapy\n|-curestatus|p1: Bustdown Jr.|par|[msg]\n|move|p2a: Superman|Fly|p1a: Watermelon|[from]lockedmove\n|-supereffective|p1a: Watermelon\n|-damage|p1a: Watermelon|48\/100\n|-damage|p2a: Superman|47\/100|[from] item: Rocky Helmet|[of] p1a: Watermelon\n|\n|-damage|p2a: Superman|34\/100|[from] Leech Seed|[of] p1a: Watermelon\n|-heal|p1a: Watermelon|61\/100|[silent]\n|upkeep\n|turn|19\n|\n|t:|1699402107\n|switch|p2a: Sprinkles|Minior, shiny|100\/100\n|-formechange|p2a: Sprinkles|Minior-Meteor||[from] ability: Shields Down\n|move|p1a: Watermelon|Strength Sap|p2a: Sprinkles\n|-unboost|p2a: Sprinkles|atk|1\n|-heal|p1a: Watermelon|100\/100\n|-enditem|p2a: Sprinkles|White Herb\n|-clearnegativeboost|p2a: Sprinkles|[silent]\n|\n|upkeep\n|turn|20\n|\n|t:|1699402133\n|switch|p1a: Grimm Guy|Grimmsnarl, M|14\/100\n|move|p2a: Sprinkles|Shell Smash|p2a: Sprinkles\n|-unboost|p2a: Sprinkles|def|1\n|-unboost|p2a: Sprinkles|spd|1\n|-boost|p2a: Sprinkles|atk|2\n|-boost|p2a: Sprinkles|spa|2\n|-boost|p2a: Sprinkles|spe|2\n|\n|upkeep\n|turn|21\n|\n|t:|1699402147\n|move|p1a: Grimm Guy|Light Screen|p1a: Grimm Guy\n|-sidestart|p1: HarmTurtle|move: Light Screen\n|move|p2a: Sprinkles|Acrobatics|p1a: Grimm Guy\n|-damage|p1a: Grimm Guy|0 fnt\n|faint|p1a: Grimm Guy\n|\n|upkeep\n|\n|t:|1699402151\n|switch|p1a: biggest rocket|Celesteela, shiny|100\/100\n|turn|22\n|\n|t:|1699402174\n|switch|p2a: Ground Control|Celesteela, shiny|100\/100\n|move|p1a: biggest rocket|Meteor Beam||[still]\n|-prepare|p1a: biggest rocket|Meteor Beam\n|-boost|p1a: biggest rocket|spa|1\n|-enditem|p1a: biggest rocket|Power Herb\n|-anim|p1a: biggest rocket|Meteor Beam|p2a: Ground Control\n|-damage|p2a: Ground Control|69\/100\n|\n|upkeep\n|turn|23\n|\n|t:|1699402185\n|move|p1a: biggest rocket|Autotomize|p1a: biggest rocket\n|-boost|p1a: biggest rocket|spe|2\n|-start|p1a: biggest rocket|Autotomize\n|move|p2a: Ground Control|Giga Drain|p1a: biggest rocket\n|-resisted|p1a: biggest rocket\n|-damage|p1a: biggest rocket|98\/100\n|-heal|p2a: Ground Control|70\/100|[from] drain|[of] p1a: biggest rocket\n|\n|upkeep\n|turn|24\n|\n|t:|1699402193\n|-terastallize|p1a: biggest rocket|Fire\n|move|p1a: biggest rocket|Flamethrower|p2a: Ground Control\n|-supereffective|p2a: Ground Control\n|-damage|p2a: Ground Control|7\/100\n|-status|p2a: Ground Control|brn\n|move|p2a: Ground Control|Flamethrower|p1a: biggest rocket\n|-resisted|p1a: biggest rocket\n|-damage|p1a: biggest rocket|92\/100\n|\n|-damage|p2a: Ground Control|1\/100 brn|[from] brn\n|upkeep\n|turn|25\n|\n|t:|1699402206\n|move|p1a: biggest rocket|Flamethrower|p2a: Ground Control\n|-supereffective|p2a: Ground Control\n|-damage|p2a: Ground Control|0 fnt\n|faint|p2a: Ground Control\n|-ability|p1a: biggest rocket|Beast Boost|boost\n|-boost|p1a: biggest rocket|spa|1\n|\n|upkeep\n|\n|t:|1699402212\n|switch|p2a: Sprinkles|Minior, shiny|100\/100\n|-formechange|p2a: Sprinkles|Minior-Meteor||[from] ability: Shields Down\n|turn|26\n|\n|t:|1699402220\n|move|p1a: biggest rocket|Meteor Beam||[still]\n|-prepare|p1a: biggest rocket|Meteor Beam\n|-boost|p1a: biggest rocket|spa|1\n|move|p2a: Sprinkles|Shell Smash|p2a: Sprinkles\n|-unboost|p2a: Sprinkles|def|1\n|-unboost|p2a: Sprinkles|spd|1\n|-boost|p2a: Sprinkles|atk|2\n|-boost|p2a: Sprinkles|spa|2\n|-boost|p2a: Sprinkles|spe|2\n|\n|upkeep\n|turn|27\n|\n|t:|1699402230\n|move|p1a: biggest rocket|Meteor Beam|p2a: Sprinkles|[from]lockedmove\n|-supereffective|p2a: Sprinkles\n|-damage|p2a: Sprinkles|0 fnt\n|faint|p2a: Sprinkles\n|-ability|p1a: biggest rocket|Beast Boost|boost\n|-boost|p1a: biggest rocket|spa|1\n|\n|upkeep\n|\n|t:|1699402239\n|switch|p2a: Superman|Golurk, shiny, tera:Flying|34\/100\n|turn|28\n|\n|t:|1699402249\n|move|p1a: biggest rocket|Flamethrower|p2a: Superman\n|-damage|p2a: Superman|0 fnt\n|faint|p2a: Superman\n|-ability|p1a: biggest rocket|Beast Boost|boost\n|-boost|p1a: biggest rocket|spa|1\n|\n|-sideend|p1: HarmTurtle|move: Light Screen\n|upkeep\n|\n|t:|1699402255\n|switch|p2a: Pulse|Rotom-Fan, shiny|100\/100\n|turn|29\n|\n|t:|1699402260\n|move|p1a: biggest rocket|Flamethrower|p2a: Pulse\n|-damage|p2a: Pulse|0 fnt\n|faint|p2a: Pulse\n|\n|win|HarmTurtle\n|c|\u2606HarmTurtle|gg\n|c|\u2606HarmTurtle|best of 3?\n|c|\u2606Jeffrin|gg was hoping minior was faster\n|c|\u2606Jeffrin|And sure\n|c|\u2606HarmTurtle|yee\n|c|\u2606Jeffrin|I have an assault vested Celesteela\n","uploadtime":1699402281,"views":5,"p1id":"harmturtle","p2id":"jeffrin","formatid":"gen9nationaldexubers","rating":0,"private":0,"password":""}