{"id":"gen9nationaldexubers-1986837529","p1":"85792195wwww","p2":"Breeze88","format":"[Gen 9] National Dex Ubers","log":"|j|\u260685792195wwww\n|j|\u2606Breeze88\n|t:|1699532341\n|gametype|singles\n|player|p1|85792195wwww|mira|1769\n|player|p2|Breeze88|steven|1714\n|teamsize|p1|6\n|teamsize|p2|6\n|gen|9\n|tier|[Gen 9] National Dex Ubers\n|rated|\n|rule|HP Percentage Mod: HP is shown in percentages\n|rule|Endless Battle Clause: Forcing endless battles is banned\n|rule|OHKO Clause: OHKO moves are banned\n|rule|Evasion Moves Clause: Evasion moves are banned\n|rule|Evasion Items Clause: Evasion items are banned\n|rule|Species Clause: Limit one of each Pok\u00e9mon\n|rule|Sleep Clause Mod: Limit one foe put to sleep\n|rule|Mega Rayquaza Clause: You cannot mega evolve Rayquaza\n|clearpoke\n|poke|p1|Ribombee, F|\n|poke|p1|Arceus-Ground|\n|poke|p1|Groudon|\n|poke|p1|Krookodile, M|\n|poke|p1|Gholdengo|\n|poke|p1|Necrozma-Dusk-Mane|\n|poke|p2|Shuckle, M|\n|poke|p2|Necrozma-Dusk-Mane|\n|poke|p2|Yveltal|\n|poke|p2|Groudon|\n|poke|p2|Kyogre|\n|poke|p2|Xerneas-*|\n|teampreview\n|inactive|Battle timer is ON: inactive players will automatically lose when time's up. (requested by Breeze88)\n|c|\u2606Breeze88|glhf\n|c|\u2606Breeze88|Cool team\n|\n|t:|1699532356\n|start\n|switch|p1a: Ribombee|Ribombee, F|100\/100\n|switch|p2a: Shuckle|Shuckle, M, shiny|100\/100\n|turn|1\n|\n|t:|1699532368\n|move|p1a: Ribombee|Stun Spore|p2a: Shuckle|[miss]\n|-miss|p1a: Ribombee|p2a: Shuckle\n|move|p2a: Shuckle|Encore|p1a: Ribombee\n|-start|p1a: Ribombee|Encore\n|\n|upkeep\n|turn|2\n|\n|t:|1699532383\n|move|p1a: Ribombee|Stun Spore|p2a: Shuckle|[miss]\n|-miss|p1a: Ribombee|p2a: Shuckle\n|move|p2a: Shuckle|Knock Off|p1a: Ribombee\n|-resisted|p1a: Ribombee\n|-damage|p1a: Ribombee|95\/100\n|-enditem|p1a: Ribombee|Focus Sash|[from] move: Knock Off|[of] p2a: Shuckle\n|\n|upkeep\n|turn|3\n|\n|t:|1699532405\n|switch|p2a: Nebbychadnezzar|Necrozma-Dusk-Mane, shiny|100\/100\n|move|p1a: Ribombee|Stun Spore|p2a: Nebbychadnezzar\n|-status|p2a: Nebbychadnezzar|par\n|\n|upkeep\n|turn|4\n|\n|t:|1699532420\n|switch|p1a: Krookodile|Krookodile, M|100\/100\n|-ability|p1a: Krookodile|Intimidate|boost\n|-unboost|p2a: Nebbychadnezzar|atk|1\n|cant|p2a: Nebbychadnezzar|par\n|\n|upkeep\n|turn|5\n|\n|t:|1699532429\n|switch|p2a: Shuckle|Shuckle, M, shiny|100\/100\n|move|p1a: Krookodile|Stealth Rock|p2a: Shuckle\n|-sidestart|p2: Breeze88|move: Stealth Rock\n|\n|upkeep\n|turn|6\n|\n|t:|1699532436\n|move|p1a: Krookodile|Taunt|p2a: Shuckle\n|-start|p2a: Shuckle|move: Taunt\n|-enditem|p2a: Shuckle|Mental Herb\n|-end|p2a: Shuckle|move: Taunt\n|move|p2a: Shuckle|Sticky Web|p1a: Krookodile\n|-sidestart|p1: 85792195wwww|move: Sticky Web\n|\n|upkeep\n|turn|7\n|\n|t:|1699532445\n|switch|p1a: Ribombee|Ribombee, F|95\/100\n|-activate|p1a: Ribombee|move: Sticky Web\n|-unboost|p1a: Ribombee|spe|1\n|move|p2a: Shuckle|Knock Off|p1a: Ribombee\n|-resisted|p1a: Ribombee\n|-damage|p1a: Ribombee|92\/100\n|\n|upkeep\n|turn|8\n|\n|t:|1699532457\n|move|p1a: Ribombee|Defog|p2a: Shuckle\n|-unboost|p2a: Shuckle|evasion|1\n|-sideend|p2: Breeze88|Stealth Rock|[from] move: Defog|[of] p1a: Ribombee\n|-sideend|p1: 85792195wwww|Sticky Web|[from] move: Defog|[of] p1a: Ribombee\n|move|p2a: Shuckle|Encore|p1a: Ribombee\n|-start|p1a: Ribombee|Encore\n|\n|upkeep\n|turn|9\n|\n|t:|1699532470\n|switch|p1a: Necrozma|Necrozma-Dusk-Mane|100\/100\n|move|p2a: Shuckle|Sticky Web|p1a: Necrozma\n|-sidestart|p1: 85792195wwww|move: Sticky Web\n|\n|upkeep\n|turn|10\n|\n|t:|1699532478\n|move|p1a: Necrozma|Sunsteel Strike|p2a: Shuckle\n|-supereffective|p2a: Shuckle\n|-damage|p2a: Shuckle|29\/100\n|move|p2a: Shuckle|Encore|p1a: Necrozma\n|-start|p1a: Necrozma|Encore\n|\n|upkeep\n|turn|11\n|\n|t:|1699532486\n|switch|p1a: Ribombee|Ribombee, F|92\/100\n|-activate|p1a: Ribombee|move: Sticky Web\n|-unboost|p1a: Ribombee|spe|1\n|move|p2a: Shuckle|Stealth Rock|p1a: Ribombee\n|-sidestart|p1: 85792195wwww|move: Stealth Rock\n|\n|upkeep\n|turn|12\n|\n|t:|1699532494\n|move|p1a: Ribombee|Defog|p2a: Shuckle\n|-unboost|p2a: Shuckle|evasion|1\n|-sideend|p1: 85792195wwww|Stealth Rock|[from] move: Defog|[of] p1a: Ribombee\n|-sideend|p1: 85792195wwww|Sticky Web|[from] move: Defog|[of] p1a: Ribombee\n|move|p2a: Shuckle|Encore|p1a: Ribombee\n|-start|p1a: Ribombee|Encore\n|\n|upkeep\n|turn|13\n|\n|t:|1699532505\n|switch|p1a: Krookodile|Krookodile, M|100\/100\n|-ability|p1a: Krookodile|Intimidate|boost\n|-unboost|p2a: Shuckle|atk|1\n|switch|p2a: Chopin|Groudon|100\/100\n|detailschange|p2a: Chopin|Groudon-Primal\n|-primal|p2a: Chopin|Red Orb\n|-weather|DesolateLand|[from] ability: Desolate Land|[of] p2a: Chopin\n|\n|-weather|DesolateLand|[upkeep]\n|upkeep\n|turn|14\n|\n|t:|1699532516\n|-weather|none\n|switch|p2a: Yveltal|Yveltal, shiny|100\/100\n|-ability|p2a: Yveltal|Dark Aura\n|move|p1a: Krookodile|Stealth Rock|p2a: Yveltal\n|-sidestart|p2: Breeze88|move: Stealth Rock\n|\n|upkeep\n|turn|15\n|\n|t:|1699532526\n|move|p2a: Yveltal|Oblivion Wing|p1a: Krookodile\n|-damage|p1a: Krookodile|46\/100\n|move|p1a: Krookodile|Knock Off|p2a: Yveltal\n|-resisted|p2a: Yveltal\n|-damage|p2a: Yveltal|71\/100\n|-enditem|p2a: Yveltal|Heavy-Duty Boots|[from] move: Knock Off|[of] p1a: Krookodile\n|\n|upkeep\n|turn|16\n|\n|t:|1699532554\n|move|p2a: Yveltal|Oblivion Wing|p1a: Krookodile\n|-damage|p1a: Krookodile|0 fnt\n|-heal|p2a: Yveltal|99\/100|[from] drain|[of] p1a: Krookodile\n|faint|p1a: Krookodile\n|\n|upkeep\n|\n|t:|1699532562\n|switch|p1a: Ribombee|Ribombee, F|92\/100\n|turn|17\n|\n|t:|1699532571\n|move|p1a: Ribombee|Sticky Web|p2a: Yveltal\n|-sidestart|p2: Breeze88|move: Sticky Web\n|move|p2a: Yveltal|Oblivion Wing|p1a: Ribombee\n|-supereffective|p1a: Ribombee\n|-damage|p1a: Ribombee|0 fnt\n|-heal|p2a: Yveltal|100\/100|[from] drain|[of] p1a: Ribombee\n|faint|p1a: Ribombee\n|\n|upkeep\n|\n|t:|1699532581\n|switch|p1a: Arceus|Arceus-Ground|100\/100\n|turn|18\n|\n|t:|1699532589\n|move|p1a: Arceus|Swords Dance|p1a: Arceus\n|-boost|p1a: Arceus|atk|2\n|move|p2a: Yveltal|Dark Pulse|p1a: Arceus\n|-damage|p1a: Arceus|61\/100\n|\n|upkeep\n|turn|19\n|\n|t:|1699532614\n|-terastallize|p2a: Yveltal|Dark\n|move|p1a: Arceus|Stone Edge|p2a: Yveltal|[miss]\n|-miss|p1a: Arceus|p2a: Yveltal\n|move|p2a: Yveltal|Dark Pulse|p1a: Arceus\n|-damage|p1a: Arceus|9\/100\n|\n|upkeep\n|turn|20\n|\n|t:|1699532625\n|move|p2a: Yveltal|Sucker Punch|p1a: Arceus\n|-damage|p1a: Arceus|0 fnt\n|faint|p1a: Arceus\n|\n|upkeep\n|-message|85792195wwww forfeited.\n|\n|win|Breeze88\n|raw|85792195wwww's rating: 1769 &rarr; <strong>1746<\/strong><br \/>(-23 for losing)\n|raw|Breeze88's rating: 1714 &rarr; <strong>1737<\/strong><br \/>(+23 for winning)\n|l|\u260685792195wwww\n|c|\u2606Breeze88|ggwp\n","uploadtime":1699532703,"views":12,"p1id":"85792195wwww","p2id":"breeze88","formatid":"gen9nationaldexubers","rating":1737,"private":0,"password":""}