{"id":"gen9nationaldexubers-1984431452","p1":"NachoChi\u30e0","p2":"85792195wwww","format":"[Gen 9] National Dex Ubers","log":"|j|\u2606NachoChi\u30e0\n|j|\u203d85792195wwww\n|t:|1699262533\n|gametype|singles\n|player|p1|NachoChi\u30e0|gambler-gen1rb|1489\n|player|p2|85792195wwww|mira|1825\n|teamsize|p1|6\n|teamsize|p2|6\n|gen|9\n|tier|[Gen 9] National Dex Ubers\n|rated|\n|rule|HP Percentage Mod: HP is shown in percentages\n|rule|Endless Battle Clause: Forcing endless battles is banned\n|rule|OHKO Clause: OHKO moves are banned\n|rule|Evasion Moves Clause: Evasion moves are banned\n|rule|Evasion Items Clause: Evasion items are banned\n|rule|Species Clause: Limit one of each Pok\u00e9mon\n|rule|Sleep Clause Mod: Limit one foe put to sleep\n|rule|Mega Rayquaza Clause: You cannot mega evolve Rayquaza\n|clearpoke\n|poke|p1|Victini|\n|poke|p1|Diancie|\n|poke|p1|Xerneas-*|\n|poke|p1|Rayquaza|\n|poke|p1|Necrozma-Dusk-Mane|\n|poke|p1|Arceus|\n|poke|p2|Arceus|\n|poke|p2|Xerneas-*|\n|poke|p2|Groudon|\n|poke|p2|Zacian-*|\n|poke|p2|Samurott-Hisui, F|\n|poke|p2|Rayquaza|\n|teampreview\n|\n|t:|1699262552\n|start\n|switch|p1a: \u706b|Victini|100\/100\n|switch|p2a: Zacian|Zacian-Crowned|100\/100\n|-ability|p2a: Zacian|Intrepid Sword|boost\n|-boost|p2a: Zacian|atk|1\n|turn|1\n|inactive|Battle timer is ON: inactive players will automatically lose when time's up. (requested by NachoChi\u30e0)\n|\n|t:|1699262561\n|switch|p2a: Rayquaza|Rayquaza|100\/100\n|-ability|p2a: Rayquaza|Air Lock\n|move|p1a: \u706b|Final Gambit|p2a: Rayquaza\n|-damage|p2a: Rayquaza|0 fnt\n|faint|p1a: \u706b\n|faint|p2a: Rayquaza\n|\n|upkeep\n|\n|t:|1699262573\n|switch|p1a: \u7f8e|Diancie|100\/100\n|switch|p2a: Samurott|Samurott-Hisui, F|100\/100\n|turn|2\n|\n|t:|1699262580\n|detailschange|p1a: \u7f8e|Diancie-Mega\n|-mega|p1a: \u7f8e|Diancie|Diancite\n|move|p1a: \u7f8e|Moonblast|p2a: Samurott\n|-supereffective|p2a: Samurott\n|-enditem|p2a: Samurott|Focus Sash\n|-damage|p2a: Samurott|1\/100\n|move|p2a: Samurott|Ceaseless Edge|p1a: \u7f8e\n|-resisted|p1a: \u7f8e\n|-damage|p1a: \u7f8e|69\/100\n|-sidestart|p1: NachoChi\u30e0|Spikes\n|\n|upkeep\n|turn|3\n|c|\u2606NachoChi\u30e0|Ceaseless edge goes through magic bounce???\n|inactive|NachoChi\u30e0 has 120 seconds left.\n|\n|t:|1699262613\n|move|p1a: \u7f8e|Diamond Storm|p2a: Samurott\n|-damage|p2a: Samurott|0 fnt\n|-boost|p1a: \u7f8e|def|2\n|faint|p2a: Samurott\n|\n|upkeep\n|\n|t:|1699262620\n|switch|p2a: Zacian|Zacian-Crowned|100\/100\n|turn|4\n|\n|t:|1699262624\n|move|p2a: Zacian|Swords Dance|p2a: Zacian\n|-boost|p2a: Zacian|atk|2\n|move|p1a: \u7f8e|Earth Power|p2a: Zacian\n|-supereffective|p2a: Zacian\n|-damage|p2a: Zacian|27\/100\n|\n|upkeep\n|turn|5\n|\n|t:|1699262631\n|move|p2a: Zacian|Behemoth Blade|p1a: \u7f8e\n|-supereffective|p1a: \u7f8e\n|-damage|p1a: \u7f8e|0 fnt\n|faint|p1a: \u7f8e\n|\n|upkeep\n|\n|t:|1699262638\n|switch|p1a: \u795e|Arceus, shiny|100\/100\n|-damage|p1a: \u795e|88\/100|[from] Spikes\n|turn|6\n|\n|t:|1699262642\n|-terastallize|p1a: \u795e|Normal\n|move|p1a: \u795e|Extreme Speed|p2a: Zacian\n|-resisted|p2a: Zacian\n|-damage|p2a: Zacian|2\/100\n|move|p2a: Zacian|Behemoth Blade|p1a: \u795e\n|-damage|p1a: \u795e|12\/100\n|\n|-heal|p1a: \u795e|18\/100|[from] item: Leftovers\n|upkeep\n|turn|7\n|\n|t:|1699262654\n|move|p1a: \u795e|Extreme Speed|p2a: Zacian\n|-resisted|p2a: Zacian\n|-damage|p2a: Zacian|0 fnt\n|faint|p2a: Zacian\n|\n|-heal|p1a: \u795e|24\/100|[from] item: Leftovers\n|upkeep\n|\n|t:|1699262663\n|switch|p2a: Xerneas|Xerneas|100\/100\n|-ability|p2a: Xerneas|Fairy Aura\n|turn|8\n|\n|t:|1699262677\n|move|p1a: \u795e|Swords Dance|p1a: \u795e\n|-boost|p1a: \u795e|atk|2\n|move|p2a: Xerneas|Geomancy||[still]\n|-prepare|p2a: Xerneas|Geomancy\n|-enditem|p2a: Xerneas|Power Herb\n|-anim|p2a: Xerneas|Geomancy|p2a: Xerneas\n|-boost|p2a: Xerneas|spa|2\n|-boost|p2a: Xerneas|spd|2\n|-boost|p2a: Xerneas|spe|2\n|\n|-heal|p1a: \u795e|30\/100|[from] item: Leftovers\n|upkeep\n|turn|9\n|\n|t:|1699262688\n|move|p1a: \u795e|Extreme Speed|p2a: Xerneas\n|-damage|p2a: Xerneas|22\/100\n|move|p2a: Xerneas|Moonblast|p1a: \u795e\n|-damage|p1a: \u795e|0 fnt\n|faint|p1a: \u795e\n|\n|upkeep\n|\n|t:|1699262693\n|switch|p1a: \u738b|Rayquaza, shiny|100\/100\n|-ability|p1a: \u738b|Air Lock\n|turn|10\n|\n|t:|1699262700\n|move|p2a: Xerneas|Moonblast|p1a: \u738b\n|-supereffective|p1a: \u738b\n|-enditem|p1a: \u738b|Focus Sash\n|-damage|p1a: \u738b|1\/100\n|move|p1a: \u738b|Dragon Dance|p1a: \u738b\n|-boost|p1a: \u738b|atk|1\n|-boost|p1a: \u738b|spe|1\n|\n|upkeep\n|turn|11\n|\n|t:|1699262708\n|move|p1a: \u738b|Earthquake|p2a: Xerneas\n|-damage|p2a: Xerneas|0 fnt\n|faint|p2a: Xerneas\n|\n|upkeep\n|\n|t:|1699262715\n|switch|p2a: Arceus|Arceus|100\/100\n|turn|12\n|\n|t:|1699262719\n|move|p2a: Arceus|Extreme Speed|p1a: \u738b\n|-damage|p1a: \u738b|0 fnt\n|faint|p1a: \u738b\n|-damage|p2a: Arceus|91\/100|[from] item: Life Orb\n|\n|upkeep\n|\n|t:|1699262721\n|switch|p1a: \u2699|Necrozma-Dusk-Mane|100\/100\n|-damage|p1a: \u2699|88\/100|[from] Spikes\n|turn|13\n|\n|t:|1699262730\n|move|p2a: Arceus|Swords Dance|p2a: Arceus\n|-boost|p2a: Arceus|atk|2\n|move|p1a: \u2699|Dragon Dance|p1a: \u2699\n|-boost|p1a: \u2699|atk|1\n|-boost|p1a: \u2699|spe|1\n|\n|upkeep\n|turn|14\n|\n|t:|1699262741\n|move|p1a: \u2699|Dragon Dance|p1a: \u2699\n|-boost|p1a: \u2699|atk|1\n|-boost|p1a: \u2699|spe|1\n|move|p2a: Arceus|Earthquake|p1a: \u2699\n|-supereffective|p1a: \u2699\n|-damage|p1a: \u2699|0 fnt\n|faint|p1a: \u2699\n|-damage|p2a: Arceus|81\/100|[from] item: Life Orb\n|\n|upkeep\n|\n|t:|1699262743\n|switch|p1a: X|Xerneas|100\/100\n|-damage|p1a: X|88\/100|[from] Spikes\n|-ability|p1a: X|Fairy Aura\n|turn|15\n|-message|NachoChi\u30e0 forfeited.\n|\n|win|85792195wwww\n|raw|NachoChi\u30e0's rating: 1489 &rarr; <strong>1484<\/strong><br \/>(-5 for losing)\n|raw|85792195wwww's rating: 1825 &rarr; <strong>1830<\/strong><br \/>(+5 for winning)\n|l|\u2606NachoChi\u30e0\n|l|\u203d85792195wwww\n","uploadtime":1699262758,"views":6,"p1id":"nachochi","p2id":"85792195wwww","formatid":"gen9nationaldexubers","rating":1484,"private":0,"password":""}