{"id":"gen9nationaldexubers-1985134014","p1":"Coasterpuppy","p2":"AviatedFroakie","format":"[Gen 9] National Dex Ubers","log":"|j|\u2606Coasterpuppy\n|j|\u2606AviatedFroakie\n|t:|1699335923\n|gametype|singles\n|player|p1|Coasterpuppy|red|1099\n|player|p2|AviatedFroakie|iris|1068\n|teamsize|p1|6\n|teamsize|p2|6\n|gen|9\n|tier|[Gen 9] National Dex Ubers\n|rated|\n|rule|HP Percentage Mod: HP is shown in percentages\n|rule|Endless Battle Clause: Forcing endless battles is banned\n|rule|OHKO Clause: OHKO moves are banned\n|rule|Evasion Moves Clause: Evasion moves are banned\n|rule|Evasion Items Clause: Evasion items are banned\n|rule|Species Clause: Limit one of each Pok\u00e9mon\n|rule|Sleep Clause Mod: Limit one foe put to sleep\n|rule|Mega Rayquaza Clause: You cannot mega evolve Rayquaza\n|clearpoke\n|poke|p1|Marshadow|\n|poke|p1|Porygon-Z|\n|poke|p1|Quaquaval, M|\n|poke|p1|Charizard, M|\n|poke|p1|Overqwil, F|\n|poke|p1|Tinkaton, F|\n|poke|p2|Necrozma-Dusk-Mane|\n|poke|p2|Kyurem-White|\n|poke|p2|Inteleon, M|\n|poke|p2|Dracovish|\n|poke|p2|Volcarona, F|\n|poke|p2|Decidueye, M|\n|teampreview\n|inactive|Battle timer is ON: inactive players will automatically lose when time's up. (requested by AviatedFroakie)\n|\n|t:|1699335932\n|start\n|switch|p1a: Tinkaton|Tinkaton, F|100\/100\n|switch|p2a: Eclispe|Necrozma-Dusk-Mane, shiny|100\/100\n|-ability|p1a: Tinkaton|Mold Breaker\n|turn|1\n|\n|t:|1699335938\n|move|p1a: Tinkaton|Stealth Rock|p2a: Eclispe\n|-sidestart|p2: AviatedFroakie|move: Stealth Rock\n|move|p2a: Eclispe|Dragon Dance|p2a: Eclispe\n|-boost|p2a: Eclispe|atk|1\n|-boost|p2a: Eclispe|spe|1\n|\n|upkeep\n|turn|2\n|\n|t:|1699335945\n|move|p2a: Eclispe|Dragon Dance|p2a: Eclispe\n|-boost|p2a: Eclispe|atk|1\n|-boost|p2a: Eclispe|spe|1\n|move|p1a: Tinkaton|Knock Off|p2a: Eclispe\n|-supereffective|p2a: Eclispe\n|-damage|p2a: Eclispe|72\/100\n|-enditem|p2a: Eclispe|Heavy-Duty Boots|[from] move: Knock Off|[of] p1a: Tinkaton\n|\n|upkeep\n|turn|3\n|\n|t:|1699335954\n|move|p2a: Eclispe|Sunsteel Strike|p1a: Tinkaton\n|-damage|p1a: Tinkaton|0 fnt\n|faint|p1a: Tinkaton\n|\n|upkeep\n|\n|t:|1699335957\n|switch|p1a: Marshadow|Marshadow|100\/100\n|turn|4\n|\n|t:|1699335964\n|-terastallize|p2a: Eclispe|Psychic\n|move|p2a: Eclispe|Psychic Fangs|p1a: Marshadow\n|-supereffective|p1a: Marshadow\n|-damage|p1a: Marshadow|0 fnt\n|faint|p1a: Marshadow\n|\n|upkeep\n|\n|t:|1699335969\n|switch|p1a: Porygon-Z|Porygon-Z|100\/100\n|turn|5\n|\n|t:|1699335975\n|move|p2a: Eclispe|Outrage|p1a: Porygon-Z\n|-damage|p1a: Porygon-Z|0 fnt\n|faint|p1a: Porygon-Z\n|\n|upkeep\n|\n|t:|1699335980\n|switch|p1a: Overqwil|Overqwil, F|100\/100\n|-ability|p1a: Overqwil|Intimidate|boost\n|-unboost|p2a: Eclispe|atk|1\n|turn|6\n|\n|t:|1699335985\n|move|p2a: Eclispe|Outrage|p1a: Overqwil|[from]lockedmove\n|-damage|p1a: Overqwil|40\/100\n|-start|p2a: Eclispe|confusion|[fatigue]\n|move|p1a: Overqwil|Spikes|p2a: Eclispe\n|-sidestart|p2: AviatedFroakie|Spikes\n|\n|-heal|p1a: Overqwil|46\/100|[from] item: Leftovers\n|upkeep\n|turn|7\n|\n|t:|1699335995\n|-activate|p2a: Eclispe|confusion\n|move|p2a: Eclispe|Sunsteel Strike|p1a: Overqwil\n|-damage|p1a: Overqwil|0 fnt\n|faint|p1a: Overqwil\n|\n|upkeep\n|\n|t:|1699336000\n|switch|p1a: Charizard|Charizard, M|100\/100\n|turn|8\n|\n|t:|1699336004\n|detailschange|p1a: Charizard|Charizard-Mega-X, M\n|-mega|p1a: Charizard|Charizard|Charizardite X\n|-activate|p2a: Eclispe|confusion\n|move|p2a: Eclispe|Outrage|p1a: Charizard\n|-supereffective|p1a: Charizard\n|-damage|p1a: Charizard|0 fnt\n|faint|p1a: Charizard\n|\n|upkeep\n|\n|t:|1699336006\n|switch|p1a: Quaquaval|Quaquaval, M|100\/100\n|turn|9\n|\n|t:|1699336013\n|-end|p2a: Eclispe|confusion\n|move|p2a: Eclispe|Outrage|p1a: Quaquaval|[from]lockedmove\n|-damage|p1a: Quaquaval|0 fnt\n|faint|p1a: Quaquaval\n|\n|win|AviatedFroakie\n|raw|Coasterpuppy's rating: 1099 &rarr; <strong>1072<\/strong><br \/>(-27 for losing)\n|raw|AviatedFroakie's rating: 1068 &rarr; <strong>1100<\/strong><br \/>(+32 for winning)\n|l|\u2606Coasterpuppy\n","uploadtime":1699336026,"views":4,"p1id":"coasterpuppy","p2id":"aviatedfroakie","formatid":"gen9nationaldexubers","rating":1072,"private":0,"password":""}