{"id":"gen9nationaldexubers-1997530416","p1":"BlackStar150520","p2":"C0ld as Ic3","format":"[Gen 9] National Dex Ubers","log":"|j|\u2606BlackStar150520\n|j|\u2606C0ld as Ic3\n|t:|1700820991\n|gametype|singles\n|player|p1|BlackStar150520|unknown|1745\n|player|p2|C0ld as Ic3|schoolkid-gen4dp|1795\n|teamsize|p1|6\n|teamsize|p2|6\n|gen|9\n|tier|[Gen 9] National Dex Ubers\n|rated|\n|rule|HP Percentage Mod: HP is shown in percentages\n|rule|Endless Battle Clause: Forcing endless battles is banned\n|rule|OHKO Clause: OHKO moves are banned\n|rule|Evasion Moves Clause: Evasion moves are banned\n|rule|Evasion Items Clause: Evasion items are banned\n|rule|Species Clause: Limit one of each Pok\u00e9mon\n|rule|Sleep Clause Mod: Limit one foe put to sleep\n|rule|Mega Rayquaza Clause: You cannot mega evolve Rayquaza\n|clearpoke\n|poke|p1|Ditto|\n|poke|p1|Chien-Pao|\n|poke|p1|Giratina-Origin|\n|poke|p1|Arceus-Water|\n|poke|p1|Necrozma-Dusk-Mane|\n|poke|p1|Eternatus|\n|poke|p2|Scolipede, F|\n|poke|p2|Marshadow|\n|poke|p2|Arceus|\n|poke|p2|Necrozma-Dusk-Mane|\n|poke|p2|Zygarde|\n|poke|p2|Kyogre|\n|teampreview\n|inactive|Battle timer is ON: inactive players will automatically lose when time's up. (requested by C0ld as Ic3)\n|inactive|BlackStar150520 also wants the timer to be on.\n|\n|t:|1700821013\n|start\n|switch|p1a: Necrozma|Necrozma-Dusk-Mane|100\/100\n|switch|p2a: Scolipede|Scolipede, F, shiny|100\/100\n|turn|1\n|\n|t:|1700821017\n|move|p2a: Scolipede|Spikes|p1a: Necrozma\n|-sidestart|p1: BlackStar150520|Spikes\n|move|p1a: Necrozma|Stealth Rock|p2a: Scolipede\n|-sidestart|p2: C0ld as Ic3|move: Stealth Rock\n|\n|-ability|p2a: Scolipede|Speed Boost|boost\n|-boost|p2a: Scolipede|spe|1\n|upkeep\n|turn|2\n|\n|t:|1700821021\n|move|p2a: Scolipede|Spikes|p1a: Necrozma\n|-sidestart|p1: BlackStar150520|Spikes\n|move|p1a: Necrozma|Photon Geyser|p2a: Scolipede\n|-supereffective|p2a: Scolipede\n|-enditem|p2a: Scolipede|Focus Sash\n|-damage|p2a: Scolipede|1\/100\n|\n|-ability|p2a: Scolipede|Speed Boost|boost\n|-boost|p2a: Scolipede|spe|1\n|upkeep\n|turn|3\n|\n|t:|1700821024\n|move|p2a: Scolipede|Endeavor|p1a: Necrozma\n|-damage|p1a: Necrozma|1\/100\n|move|p1a: Necrozma|Photon Geyser|p2a: Scolipede\n|-supereffective|p2a: Scolipede\n|-damage|p2a: Scolipede|0 fnt\n|faint|p2a: Scolipede\n|\n|upkeep\n|\n|t:|1700821031\n|switch|p2a: Marshadow|Marshadow|100\/100\n|-damage|p2a: Marshadow|94\/100|[from] Stealth Rock\n|turn|4\n|\n|t:|1700821035\n|move|p2a: Marshadow|Shadow Sneak|p1a: Necrozma\n|-supereffective|p1a: Necrozma\n|-damage|p1a: Necrozma|0 fnt\n|faint|p1a: Necrozma\n|-damage|p2a: Marshadow|84\/100|[from] item: Life Orb\n|\n|upkeep\n|\n|t:|1700821047\n|switch|p1a: Eternatus|Eternatus|100\/100\n|-damage|p1a: Eternatus|84\/100|[from] Spikes\n|-ability|p1a: Eternatus|Pressure\n|turn|5\n|\n|t:|1700821053\n|switch|p2a: Necrozma|Necrozma-Dusk-Mane, shiny|100\/100\n|-damage|p2a: Necrozma|95\/100|[from] Stealth Rock\n|move|p1a: Eternatus|Toxic Spikes|p2a: Necrozma\n|-sidestart|p2: C0ld as Ic3|move: Toxic Spikes\n|\n|-heal|p1a: Eternatus|90\/100|[from] item: Leftovers\n|upkeep\n|turn|6\n|\n|t:|1700821062\n|move|p1a: Eternatus|Toxic Spikes|p2a: Necrozma\n|-sidestart|p2: C0ld as Ic3|move: Toxic Spikes\n|move|p2a: Necrozma|Dragon Dance|p2a: Necrozma\n|-boost|p2a: Necrozma|atk|1\n|-boost|p2a: Necrozma|spe|1\n|\n|-heal|p1a: Eternatus|96\/100|[from] item: Leftovers\n|upkeep\n|turn|7\n|\n|t:|1700821066\n|move|p1a: Eternatus|Flamethrower|p2a: Necrozma\n|-supereffective|p2a: Necrozma\n|-damage|p2a: Necrozma|56\/100\n|move|p2a: Necrozma|Photon Geyser|p1a: Eternatus\n|-supereffective|p1a: Eternatus\n|-damage|p1a: Eternatus|0 fnt\n|faint|p1a: Eternatus\n|\n|upkeep\n|\n|t:|1700821071\n|switch|p1a: Ditto|Ditto, shiny|100\/100\n|-damage|p1a: Ditto|84\/100|[from] Spikes\n|-transform|p1a: Ditto|p2a: Necrozma|[from] ability: Imposter\n|turn|8\n|\n|t:|1700821076\n|switch|p1a: Giratina|Giratina-Origin|100\/100\n|detailschange|p2a: Necrozma|Necrozma-Ultra, shiny\n|-burst|p2a: Necrozma|Necrozma|Ultranecrozium Z\n|move|p2a: Necrozma|Earthquake|p1a: Giratina\n|-immune|p1a: Giratina|[from] ability: Levitate\n|\n|upkeep\n|turn|9\n|\n|t:|1700821084\n|switch|p1a: Chien-Pao|Chien-Pao|100\/100\n|-ability|p1a: Chien-Pao|Sword of Ruin\n|-zpower|p2a: Necrozma\n|move|p2a: Necrozma|Light That Burns the Sky|p1a: Chien-Pao|[zeffect]\n|-immune|p1a: Chien-Pao\n|\n|upkeep\n|turn|10\n|\n|t:|1700821089\n|move|p1a: Chien-Pao|Sucker Punch||[still]\n|-fail|p1a: Chien-Pao\n|move|p2a: Necrozma|Dragon Dance|p2a: Necrozma\n|-boost|p2a: Necrozma|atk|1\n|-boost|p2a: Necrozma|spe|1\n|\n|upkeep\n|turn|11\n|\n|t:|1700821093\n|move|p1a: Chien-Pao|Sucker Punch|p2a: Necrozma\n|-supereffective|p2a: Necrozma\n|-damage|p2a: Necrozma|0 fnt\n|faint|p2a: Necrozma\n|\n|upkeep\n|\n|t:|1700821096\n|switch|p2a: Kyogre|Kyogre, shiny|100\/100\n|-damage|p2a: Kyogre|88\/100|[from] Stealth Rock\n|-status|p2a: Kyogre|tox\n|detailschange|p2a: Kyogre|Kyogre-Primal, shiny\n|-primal|p2a: Kyogre|Blue Orb\n|-weather|PrimordialSea|[from] ability: Primordial Sea|[of] p2a: Kyogre\n|turn|12\n|\n|t:|1700821111\n|move|p1a: Chien-Pao|Sucker Punch|p2a: Kyogre\n|-damage|p2a: Kyogre|42\/100 tox\n|move|p2a: Kyogre|Origin Pulse|p1a: Chien-Pao\n|-damage|p1a: Chien-Pao|0 fnt\n|faint|p1a: Chien-Pao\n|\n|-weather|PrimordialSea|[upkeep]\n|-damage|p2a: Kyogre|36\/100 tox|[from] psn\n|upkeep\n|\n|t:|1700821121\n|switch|p1a: Ditto|Ditto, shiny|84\/100\n|-damage|p1a: Ditto|67\/100|[from] Spikes\n|-transform|p1a: Ditto|p2a: Kyogre|[from] ability: Imposter\n|turn|13\n|\n|t:|1700821124\n|move|p1a: Ditto|Origin Pulse|p2a: Kyogre\n|-resisted|p2a: Kyogre\n|-damage|p2a: Kyogre|6\/100 tox\n|move|p2a: Kyogre|Thunder|p1a: Ditto\n|-supereffective|p1a: Ditto\n|-damage|p1a: Ditto|5\/100\n|\n|-weather|PrimordialSea|[upkeep]\n|-damage|p2a: Kyogre|0 fnt|[from] psn\n|faint|p2a: Kyogre\n|upkeep\n|\n|t:|1700821137\n|switch|p2a: Arceus|Arceus|100\/100\n|-damage|p2a: Arceus|88\/100|[from] Stealth Rock\n|-status|p2a: Arceus|tox\n|turn|14\n|\n|t:|1700821141\n|move|p2a: Arceus|Extreme Speed|p1a: Ditto\n|-damage|p1a: Ditto|0 fnt\n|faint|p1a: Ditto\n|-weather|none\n|\n|-damage|p2a: Arceus|82\/100 tox|[from] psn\n|upkeep\n|\n|t:|1700821147\n|switch|p1a: Arceus|Arceus-Water|100\/100\n|-damage|p1a: Arceus|84\/100|[from] Spikes\n|turn|15\n|\n|t:|1700821150\n|move|p1a: Arceus|Taunt|p2a: Arceus\n|-start|p2a: Arceus|move: Taunt\n|cant|p2a: Arceus|move: Taunt|Dragon Dance\n|\n|-damage|p2a: Arceus|70\/100 tox|[from] psn\n|upkeep\n|turn|16\n|\n|t:|1700821158\n|move|p2a: Arceus|Extreme Speed|p1a: Arceus\n|-damage|p1a: Arceus|57\/100\n|move|p1a: Arceus|Judgment|p2a: Arceus\n|-damage|p2a: Arceus|34\/100 tox\n|\n|-damage|p2a: Arceus|16\/100 tox|[from] psn\n|upkeep\n|turn|17\n|\n|t:|1700821162\n|move|p1a: Arceus|Recover|p1a: Arceus\n|-heal|p1a: Arceus|100\/100\n|move|p2a: Arceus|Giga Impact|p1a: Arceus\n|-damage|p1a: Arceus|43\/100\n|-mustrecharge|p2a: Arceus\n|\n|-damage|p2a: Arceus|0 fnt|[from] psn\n|faint|p2a: Arceus\n|upkeep\n|\n|t:|1700821168\n|switch|p2a: Marshadow|Marshadow|84\/100\n|-damage|p2a: Marshadow|78\/100|[from] Stealth Rock\n|-status|p2a: Marshadow|tox\n|turn|18\n|\n|t:|1700821180\n|move|p2a: Marshadow|Poltergeist|p1a: Arceus|[miss]\n|-miss|p2a: Marshadow|p1a: Arceus\n|move|p1a: Arceus|Judgment|p2a: Marshadow\n|-damage|p2a: Marshadow|24\/100 tox\n|\n|-damage|p2a: Marshadow|18\/100 tox|[from] psn\n|upkeep\n|turn|19\n|\n|t:|1700821187\n|switch|p1a: Giratina|Giratina-Origin|100\/100\n|move|p2a: Marshadow|Poltergeist|p1a: Giratina\n|-activate|p1a: Giratina|move: Poltergeist|Griseous Core\n|-supereffective|p1a: Giratina\n|-damage|p1a: Giratina|0 fnt\n|faint|p1a: Giratina\n|-damage|p2a: Marshadow|8\/100 tox|[from] item: Life Orb\n|\n|-damage|p2a: Marshadow|0 fnt|[from] psn\n|faint|p2a: Marshadow\n|upkeep\n|\n|t:|1700821190\n|switch|p2a: Zygarde|Zygarde|100\/100\n|switch|p1a: Arceus|Arceus-Water|43\/100\n|-damage|p1a: Arceus|26\/100|[from] Spikes\n|-damage|p2a: Zygarde|94\/100|[from] Stealth Rock\n|-status|p2a: Zygarde|tox\n|turn|20\n|\n|t:|1700821193\n|move|p1a: Arceus|Recover|p1a: Arceus\n|-heal|p1a: Arceus|76\/100\n|move|p2a: Zygarde|Thousand Arrows|p1a: Arceus\n|-damage|p1a: Arceus|50\/100\n|\n|-heal|p2a: Zygarde|100\/100 tox|[from] item: Leftovers\n|-damage|p2a: Zygarde|94\/100 tox|[from] psn\n|upkeep\n|turn|21\n|\n|t:|1700821196\n|move|p1a: Arceus|Taunt|p2a: Zygarde\n|-start|p2a: Zygarde|move: Taunt\n|cant|p2a: Zygarde|move: Taunt|Dragon Dance\n|\n|-heal|p2a: Zygarde|100\/100 tox|[from] item: Leftovers\n|-damage|p2a: Zygarde|88\/100 tox|[from] psn\n|upkeep\n|turn|22\n|-message|C0ld as Ic3 forfeited.\n|\n|win|BlackStar150520\n|raw|BlackStar150520's rating: 1745 &rarr; <strong>1768<\/strong><br \/>(+23 for winning)\n|raw|C0ld as Ic3's rating: 1803 &rarr; <strong>1780<\/strong><br \/>(-23 for losing)\n|l|\u2606C0ld as Ic3\n","uploadtime":1700821209,"views":6,"p1id":"blackstar150520","p2id":"c0ldasic3","formatid":"gen9nationaldexubers","rating":1768,"private":0,"password":""}