{"id":"gen9nationaldexubers-1991659572","p1":"Xenomorph Drone","p2":"Im the soup","format":"[Gen 9] National Dex Ubers","log":"|j|\u2606Xenomorph Drone\n|j|\u2606Im the soup\n|t:|1700099514\n|gametype|singles\n|player|p1|Xenomorph Drone|101|1212\n|player|p2|Im the soup|169|1295\n|teamsize|p1|6\n|teamsize|p2|6\n|gen|9\n|tier|[Gen 9] National Dex Ubers\n|rated|\n|rule|HP Percentage Mod: HP is shown in percentages\n|rule|Endless Battle Clause: Forcing endless battles is banned\n|rule|OHKO Clause: OHKO moves are banned\n|rule|Evasion Moves Clause: Evasion moves are banned\n|rule|Evasion Items Clause: Evasion items are banned\n|rule|Species Clause: Limit one of each Pok\u00e9mon\n|rule|Sleep Clause Mod: Limit one foe put to sleep\n|rule|Mega Rayquaza Clause: You cannot mega evolve Rayquaza\n|clearpoke\n|poke|p1|Zygarde-10%|\n|poke|p1|Genesect-Douse|\n|poke|p1|Blastoise, M|\n|poke|p1|Palkia-Origin|\n|poke|p1|Melmetal|\n|poke|p1|Shaymin-Sky|\n|poke|p2|Smeargle, M|\n|poke|p2|Shaymin-Sky|\n|poke|p2|Grafaiai, M|\n|poke|p2|Regieleki|\n|poke|p2|Lucario, F|\n|poke|p2|Kyurem-Black|\n|teampreview\n|inactive|Battle timer is ON: inactive players will automatically lose when time's up. (requested by Im the soup)\n|inactive|Xenomorph Drone also wants the timer to be on.\n|\n|t:|1700099526\n|start\n|switch|p1a: Buppy :)|Zygarde-10%|100\/100\n|switch|p2a: Sir webbington|Smeargle, M|100\/100\n|turn|1\n|\n|t:|1700099532\n|move|p1a: Buppy :)|Coil|p1a: Buppy :)\n|-boost|p1a: Buppy :)|atk|1\n|-boost|p1a: Buppy :)|def|1\n|-boost|p1a: Buppy :)|accuracy|1\n|move|p2a: Sir webbington|Spore|p1a: Buppy :)\n|-status|p1a: Buppy :)|slp|[from] move: Spore\n|\n|-ability|p2a: Sir webbington|Moody|boost\n|-boost|p2a: Sir webbington|spd|2\n|-unboost|p2a: Sir webbington|atk|1\n|upkeep\n|turn|2\n|\n|t:|1700099535\n|cant|p1a: Buppy :)|slp\n|move|p2a: Sir webbington|Substitute|p2a: Sir webbington\n|-start|p2a: Sir webbington|Substitute\n|-damage|p2a: Sir webbington|76\/100\n|\n|-heal|p2a: Sir webbington|82\/100|[from] item: Leftovers\n|-ability|p2a: Sir webbington|Moody|boost\n|-boost|p2a: Sir webbington|spa|2\n|-unboost|p2a: Sir webbington|spe|1\n|upkeep\n|turn|3\n|\n|t:|1700099539\n|-curestatus|p1a: Buppy :)|slp|[msg]\n|move|p1a: Buppy :)|Dragon Dance|p1a: Buppy :)\n|-boost|p1a: Buppy :)|atk|1\n|-boost|p1a: Buppy :)|spe|1\n|move|p2a: Sir webbington|Spore|p1a: Buppy :)\n|-status|p1a: Buppy :)|slp|[from] move: Spore\n|\n|-heal|p2a: Sir webbington|88\/100|[from] item: Leftovers\n|-ability|p2a: Sir webbington|Moody|boost\n|-boost|p2a: Sir webbington|def|2\n|-unboost|p2a: Sir webbington|spa|1\n|upkeep\n|turn|4\n|\n|t:|1700099548\n|cant|p1a: Buppy :)|slp\n|move|p2a: Sir webbington|Spore|p1a: Buppy :)\n|-fail|p1a: Buppy :)|slp\n|\n|-heal|p2a: Sir webbington|94\/100|[from] item: Leftovers\n|-ability|p2a: Sir webbington|Moody|boost\n|-boost|p2a: Sir webbington|spe|2\n|-unboost|p2a: Sir webbington|spa|1\n|upkeep\n|turn|5\n|\n|t:|1700099554\n|-curestatus|p1a: Buppy :)|slp|[msg]\n|move|p1a: Buppy :)|Dragon Dance|p1a: Buppy :)\n|-boost|p1a: Buppy :)|atk|1\n|-boost|p1a: Buppy :)|spe|1\n|move|p2a: Sir webbington|Spore|p1a: Buppy :)\n|-status|p1a: Buppy :)|slp|[from] move: Spore\n|\n|-heal|p2a: Sir webbington|99\/100|[from] item: Leftovers\n|-ability|p2a: Sir webbington|Moody|boost\n|-boost|p2a: Sir webbington|spe|2\n|-unboost|p2a: Sir webbington|spd|1\n|upkeep\n|turn|6\n|\n|t:|1700099573\n|move|p2a: Sir webbington|Shell Smash|p2a: Sir webbington\n|-unboost|p2a: Sir webbington|def|1\n|-unboost|p2a: Sir webbington|spd|1\n|-boost|p2a: Sir webbington|atk|2\n|-boost|p2a: Sir webbington|spa|2\n|-boost|p2a: Sir webbington|spe|2\n|cant|p1a: Buppy :)|slp\n|\n|-heal|p2a: Sir webbington|100\/100|[from] item: Leftovers\n|-ability|p2a: Sir webbington|Moody|boost\n|-boost|p2a: Sir webbington|spe|1\n|-unboost|p2a: Sir webbington|spd|1\n|upkeep\n|turn|7\n|\n|t:|1700099589\n|move|p2a: Sir webbington|Spore|p1a: Buppy :)\n|-fail|p1a: Buppy :)|slp\n|cant|p1a: Buppy :)|slp\n|\n|-ability|p2a: Sir webbington|Moody|boost\n|-boost|p2a: Sir webbington|atk|2\n|-unboost|p2a: Sir webbington|spe|1\n|upkeep\n|turn|8\n|\n|t:|1700099605\n|move|p2a: Sir webbington|Spore|p1a: Buppy :)\n|-fail|p1a: Buppy :)|slp\n|-curestatus|p1a: Buppy :)|slp|[msg]\n|move|p1a: Buppy :)|Thousand Arrows|p2a: Sir webbington\n|-end|p2a: Sir webbington|Substitute\n|\n|-ability|p2a: Sir webbington|Moody|boost\n|-boost|p2a: Sir webbington|spd|2\n|-unboost|p2a: Sir webbington|def|1\n|upkeep\n|turn|9\n|\n|t:|1700099613\n|move|p2a: Sir webbington|Spore|p1a: Buppy :)\n|-status|p1a: Buppy :)|slp|[from] move: Spore\n|cant|p1a: Buppy :)|slp\n|\n|-ability|p2a: Sir webbington|Moody|boost\n|-boost|p2a: Sir webbington|spa|2\n|-unboost|p2a: Sir webbington|atk|1\n|upkeep\n|turn|10\n|\n|t:|1700099629\n|move|p2a: Sir webbington|Substitute|p2a: Sir webbington\n|-start|p2a: Sir webbington|Substitute\n|-damage|p2a: Sir webbington|76\/100\n|cant|p1a: Buppy :)|slp\n|\n|-heal|p2a: Sir webbington|82\/100|[from] item: Leftovers\n|-ability|p2a: Sir webbington|Moody|boost\n|-boost|p2a: Sir webbington|atk|2\n|-unboost|p2a: Sir webbington|spe|1\n|upkeep\n|turn|11\n|inactive|Xenomorph Drone has 120 seconds left.\n|\n|t:|1700099660\n|move|p2a: Sir webbington|Shell Smash|p2a: Sir webbington\n|-unboost|p2a: Sir webbington|def|1\n|-unboost|p2a: Sir webbington|spd|1\n|-boost|p2a: Sir webbington|atk|2\n|-boost|p2a: Sir webbington|spa|2\n|-boost|p2a: Sir webbington|spe|2\n|cant|p1a: Buppy :)|slp\n|\n|-heal|p2a: Sir webbington|88\/100|[from] item: Leftovers\n|-ability|p2a: Sir webbington|Moody|boost\n|-boost|p2a: Sir webbington|spd|2\n|-unboost|p2a: Sir webbington|spa|1\n|upkeep\n|turn|12\n|\n|t:|1700099688\n|move|p2a: Sir webbington|Power Trip|p1a: Buppy :)\n|-damage|p1a: Buppy :)|0 fnt\n|faint|p1a: Buppy :)\n|\n|-heal|p2a: Sir webbington|94\/100|[from] item: Leftovers\n|-ability|p2a: Sir webbington|Moody|boost\n|-boost|p2a: Sir webbington|spd|2\n|-unboost|p2a: Sir webbington|spe|1\n|upkeep\n|inactive|Xenomorph Drone has 120 seconds left.\n|\n|t:|1700099703\n|switch|p1a: Melmetal|Melmetal|100\/100\n|turn|13\n|\n|t:|1700099706\n|move|p2a: Sir webbington|Power Trip|p1a: Melmetal\n|-damage|p1a: Melmetal|0 fnt\n|faint|p1a: Melmetal\n|\n|-heal|p2a: Sir webbington|99\/100|[from] item: Leftovers\n|-ability|p2a: Sir webbington|Moody|boost\n|-boost|p2a: Sir webbington|spd|2\n|-unboost|p2a: Sir webbington|def|1\n|upkeep\n|inactive|Xenomorph Drone has 120 seconds left.\n|c|\u2606Xenomorph Drone|so cheap\n|c|\u2606Xenomorph Drone|jesus\n|c|\u2606Im the soup|\ud83d\ude18\n|-message|Xenomorph Drone forfeited.\n|\n|win|Im the soup\n|raw|Xenomorph Drone's rating: 1212 &rarr; <strong>1191<\/strong><br \/>(-21 for losing)\n|raw|Im the soup's rating: 1263 &rarr; <strong>1284<\/strong><br \/>(+21 for winning)\n|l|\u2606Xenomorph Drone\n","uploadtime":1700099740,"views":26,"p1id":"xenomorphdrone","p2id":"imthesoup","formatid":"gen9nationaldexubers","rating":1191,"private":0,"password":""}