{"id":"gen9nationaldexubers-1986587608","p1":"ChocoBwear","p2":"ThatOneRockyKid","format":"[Gen 9] National Dex Ubers","log":"|j|\u2606ChocoBwear\n|j|\u2606ThatOneRockyKid\n|t:|1699495048\n|gametype|singles\n|player|p1|ChocoBwear|pokemaniac|1183\n|player|p2|ThatOneRockyKid|brock|1045\n|teamsize|p1|6\n|teamsize|p2|6\n|gen|9\n|tier|[Gen 9] National Dex Ubers\n|rated|\n|rule|HP Percentage Mod: HP is shown in percentages\n|rule|Endless Battle Clause: Forcing endless battles is banned\n|rule|OHKO Clause: OHKO moves are banned\n|rule|Evasion Moves Clause: Evasion moves are banned\n|rule|Evasion Items Clause: Evasion items are banned\n|rule|Species Clause: Limit one of each Pok\u00e9mon\n|rule|Sleep Clause Mod: Limit one foe put to sleep\n|rule|Mega Rayquaza Clause: You cannot mega evolve Rayquaza\n|clearpoke\n|poke|p1|Galvantula, M|\n|poke|p1|Tapu Koko|\n|poke|p1|Rotom-Wash|\n|poke|p1|Zapdos|\n|poke|p1|Iron Hands|\n|poke|p1|Zekrom|\n|poke|p2|Diancie|\n|poke|p2|Garganacl, M|\n|poke|p2|Tyrantrum, M|\n|poke|p2|Onix, M|\n|poke|p2|Omastar, M|\n|poke|p2|Ogerpon-Cornerstone, F|\n|teampreview\n|inactive|Battle timer is ON: inactive players will automatically lose when time's up. (requested by ThatOneRockyKid)\n|\n|t:|1699495057\n|start\n|switch|p1a: Galvantula|Galvantula, M, shiny|100\/100\n|switch|p2a: Diancie|Diancie, shiny|100\/100\n|turn|1\n|\n|t:|1699495067\n|switch|p1a: Tapu Koko|Tapu Koko|100\/100\n|-fieldstart|move: Electric Terrain|[from] ability: Electric Surge|[of] p1a: Tapu Koko\n|detailschange|p2a: Diancie|Diancie-Mega, shiny\n|-mega|p2a: Diancie|Diancie|Diancite\n|move|p2a: Diancie|Stealth Rock|p1a: Tapu Koko\n|-sidestart|p1: ChocoBwear|move: Stealth Rock\n|\n|upkeep\n|turn|2\n|\n|t:|1699495076\n|move|p1a: Tapu Koko|Defog|p2a: Diancie\n|move|p2a: Diancie|Defog|p1a: Tapu Koko|[from]ability: Magic Bounce\n|-unboost|p1a: Tapu Koko|evasion|1\n|-sideend|p1: ChocoBwear|Stealth Rock|[from] move: Defog|[of] p2a: Diancie\n|-fieldend|move: Electric Terrain\n|move|p2a: Diancie|Diamond Storm|p1a: Tapu Koko\n|-damage|p1a: Tapu Koko|40\/100\n|-boost|p2a: Diancie|def|2\n|\n|upkeep\n|turn|3\n|\n|t:|1699495088\n|move|p1a: Tapu Koko|Volt Switch|p2a: Diancie\n|-damage|p2a: Diancie|62\/100\n|\n|t:|1699495099\n|switch|p1a: Rotom|Rotom-Wash|100\/100|[from] Volt Switch\n|move|p2a: Diancie|Diamond Storm|p1a: Rotom\n|-damage|p1a: Rotom|34\/100\n|\n|-heal|p1a: Rotom|40\/100|[from] item: Leftovers\n|upkeep\n|turn|4\n|\n|t:|1699495109\n|move|p2a: Diancie|Diamond Storm|p1a: Rotom\n|-damage|p1a: Rotom|0 fnt\n|faint|p1a: Rotom\n|\n|upkeep\n|\n|t:|1699495123\n|switch|p1a: Iron Hands|Iron Hands|100\/100\n|turn|5\n|\n|t:|1699495128\n|move|p1a: Iron Hands|Fake Out|p2a: Diancie\n|-resisted|p2a: Diancie\n|-damage|p2a: Diancie|56\/100\n|cant|p2a: Diancie|flinch\n|\n|upkeep\n|turn|6\n|\n|t:|1699495141\n|move|p2a: Diancie|Stealth Rock|p1a: Iron Hands\n|-sidestart|p1: ChocoBwear|move: Stealth Rock\n|move|p1a: Iron Hands|Drain Punch|p2a: Diancie\n|-damage|p2a: Diancie|22\/100\n|\n|upkeep\n|turn|7\n|\n|t:|1699495149\n|move|p2a: Diancie|Moonblast|p1a: Iron Hands\n|-supereffective|p1a: Iron Hands\n|-damage|p1a: Iron Hands|0 fnt\n|faint|p1a: Iron Hands\n|-end|p1a: Iron Hands|Quark Drive|[silent]\n|\n|upkeep\n|\n|t:|1699495157\n|switch|p1a: Tapu Koko|Tapu Koko|40\/100\n|-fieldstart|move: Electric Terrain|[from] ability: Electric Surge|[of] p1a: Tapu Koko\n|turn|8\n|\n|t:|1699495161\n|move|p1a: Tapu Koko|Volt Switch|p2a: Diancie\n|-damage|p2a: Diancie|0 fnt\n|faint|p2a: Diancie\n|\n|t:|1699495172\n|switch|p1a: Zapdos|Zapdos|100\/100|[from] Volt Switch\n|\n|upkeep\n|\n|t:|1699495178\n|switch|p2a: Onix|Onix, M|100\/100\n|turn|9\n|\n|t:|1699495199\n|move|p1a: Zapdos|Discharge|p2a: Onix\n|-immune|p2a: Onix\n|move|p2a: Onix|Head Smash|p1a: Zapdos\n|-supereffective|p1a: Zapdos\n|-damage|p1a: Zapdos|6\/100\n|-damage|p2a: Onix|29\/100|[from] Recoil\n|\n|upkeep\n|turn|10\n|\n|t:|1699495209\n|move|p1a: Zapdos|Heat Wave|p2a: Onix\n|-resisted|p2a: Onix\n|-damage|p2a: Onix|10\/100\n|move|p2a: Onix|Dragon Dance|p2a: Onix\n|-boost|p2a: Onix|atk|1\n|-boost|p2a: Onix|spe|1\n|\n|upkeep\n|turn|11\n|\n|t:|1699495216\n|move|p1a: Zapdos|Hurricane|p2a: Onix\n|-resisted|p2a: Onix\n|-crit|p2a: Onix\n|-damage|p2a: Onix|0 fnt\n|faint|p2a: Onix\n|\n|upkeep\n|\n|t:|1699495221\n|switch|p2a: Tyrantrum|Tyrantrum, M, shiny|100\/100\n|turn|12\n|\n|t:|1699495227\n|move|p1a: Zapdos|Discharge|p2a: Tyrantrum\n|-resisted|p2a: Tyrantrum\n|-damage|p2a: Tyrantrum|67\/100\n|move|p2a: Tyrantrum|Dragon Dance|p2a: Tyrantrum\n|-boost|p2a: Tyrantrum|atk|1\n|-boost|p2a: Tyrantrum|spe|1\n|\n|-fieldend|move: Electric Terrain\n|upkeep\n|turn|13\n|\n|t:|1699495236\n|move|p2a: Tyrantrum|Head Smash|p1a: Zapdos\n|-supereffective|p1a: Zapdos\n|-damage|p1a: Zapdos|0 fnt\n|faint|p1a: Zapdos\n|\n|upkeep\n|\n|t:|1699495254\n|switch|p1a: Zekrom|Zekrom|100\/100\n|-damage|p1a: Zekrom|88\/100|[from] Stealth Rock\n|-ability|p1a: Zekrom|Teravolt\n|turn|14\n|\n|t:|1699495265\n|-terastallize|p1a: Zekrom|Flying\n|move|p2a: Tyrantrum|Outrage|p1a: Zekrom\n|-damage|p1a: Zekrom|10\/100\n|move|p1a: Zekrom|Dragon Dance|p1a: Zekrom\n|-boost|p1a: Zekrom|atk|1\n|-boost|p1a: Zekrom|spe|1\n|\n|upkeep\n|turn|15\n|\n|t:|1699495279\n|move|p1a: Zekrom|Dragon Claw|p2a: Tyrantrum\n|-supereffective|p2a: Tyrantrum\n|-damage|p2a: Tyrantrum|0 fnt\n|faint|p2a: Tyrantrum\n|\n|upkeep\n|\n|t:|1699495286\n|switch|p2a: Ogerpon|Ogerpon-Cornerstone, F|100\/100\n|turn|16\n|\n|t:|1699495294\n|move|p2a: Ogerpon|Spiky Shield|p2a: Ogerpon\n|-singleturn|p2a: Ogerpon|move: Protect\n|move|p1a: Zekrom|Hidden Power|p2a: Ogerpon\n|-activate|p2a: Ogerpon|move: Protect\n|\n|upkeep\n|turn|17\n|\n|t:|1699495308\n|move|p1a: Zekrom|Hidden Power|p2a: Ogerpon\n|-damage|p2a: Ogerpon|84\/100\n|move|p2a: Ogerpon|Knock Off|p1a: Zekrom\n|-damage|p1a: Zekrom|0 fnt\n|-enditem|p1a: Zekrom|Expert Belt|[from] move: Knock Off|[of] p2a: Ogerpon\n|faint|p1a: Zekrom\n|\n|upkeep\n|\n|t:|1699495319\n|switch|p1a: Tapu Koko|Tapu Koko|40\/100\n|-fieldstart|move: Electric Terrain|[from] ability: Electric Surge|[of] p1a: Tapu Koko\n|turn|18\n|\n|t:|1699495326\n|-terastallize|p2a: Ogerpon|Rock\n|detailschange|p2a: Ogerpon|Ogerpon-Cornerstone-Tera, F, tera:Rock\n|-ability|p2a: Ogerpon|Embody Aspect (Cornerstone)|boost\n|-boost|p2a: Ogerpon|def|1\n|move|p1a: Tapu Koko|Defog|p2a: Ogerpon\n|-unboost|p2a: Ogerpon|evasion|1\n|-sideend|p1: ChocoBwear|Stealth Rock|[from] move: Defog|[of] p1a: Tapu Koko\n|-fieldend|move: Electric Terrain\n|move|p2a: Ogerpon|Ivy Cudgel|p1a: Tapu Koko\n|-damage|p1a: Tapu Koko|0 fnt\n|faint|p1a: Tapu Koko\n|\n|upkeep\n|\n|t:|1699495337\n|switch|p1a: Galvantula|Galvantula, M, shiny|100\/100\n|turn|19\n|\n|t:|1699495345\n|move|p2a: Ogerpon|Knock Off|p1a: Galvantula\n|-damage|p1a: Galvantula|35\/100\n|-enditem|p1a: Galvantula|Focus Sash|[from] move: Knock Off|[of] p2a: Ogerpon\n|move|p1a: Galvantula|Thunder Wave|p2a: Ogerpon\n|-status|p2a: Ogerpon|par\n|\n|upkeep\n|turn|20\n|\n|t:|1699495353\n|move|p1a: Galvantula|Bug Buzz|p2a: Ogerpon\n|-damage|p2a: Ogerpon|39\/100 par\n|move|p2a: Ogerpon|Ivy Cudgel|p1a: Galvantula\n|-supereffective|p1a: Galvantula\n|-damage|p1a: Galvantula|0 fnt\n|faint|p1a: Galvantula\n|\n|win|ThatOneRockyKid\n|raw|ChocoBwear's rating: 1183 &rarr; <strong>1149<\/strong><br \/>(-34 for losing)\n|raw|ThatOneRockyKid's rating: 1045 &rarr; <strong>1091<\/strong><br \/>(+46 for winning)\n|c|\u2606ChocoBwear|GG\n","uploadtime":1699495363,"views":5,"p1id":"chocobwear","p2id":"thatonerockykid","formatid":"gen9nationaldexubers","rating":1091,"private":0,"password":""}