{"id":"gen9nationaldexubers-1985646349","p1":"BigMommaBadger","p2":"JjjjjjjjFd","format":"[Gen 9] National Dex Ubers","log":"|j|\u2606BigMommaBadger\n|j|\u2606JjjjjjjjFd\n|t:|1699391996\n|gametype|singles\n|player|p1|BigMommaBadger|169|1121\n|player|p2|JjjjjjjjFd|1|1137\n|teamsize|p1|6\n|teamsize|p2|6\n|gen|9\n|tier|[Gen 9] National Dex Ubers\n|rated|\n|rule|HP Percentage Mod: HP is shown in percentages\n|rule|Endless Battle Clause: Forcing endless battles is banned\n|rule|OHKO Clause: OHKO moves are banned\n|rule|Evasion Moves Clause: Evasion moves are banned\n|rule|Evasion Items Clause: Evasion items are banned\n|rule|Species Clause: Limit one of each Pok\u00e9mon\n|rule|Sleep Clause Mod: Limit one foe put to sleep\n|rule|Mega Rayquaza Clause: You cannot mega evolve Rayquaza\n|clearpoke\n|poke|p1|Meganium, F|\n|poke|p1|Typhlosion, M|\n|poke|p1|Feraligatr, M|\n|poke|p1|Heracross, M|\n|poke|p1|Tyranitar, F|\n|poke|p1|Lugia|\n|poke|p2|Zygarde-10%|\n|poke|p2|Marshadow|\n|poke|p2|Garchomp, M|\n|poke|p2|Armarouge, M|\n|poke|p2|Scizor, M|\n|poke|p2|Dipplin, M|\n|teampreview\n|\n|t:|1699392001\n|start\n|switch|p1a: Bruce|Feraligatr, M, shiny|100\/100\n|switch|p2a: Scizor|Scizor, M|100\/100\n|turn|1\n|\n|t:|1699392006\n|move|p1a: Bruce|Dragon Dance|p1a: Bruce\n|-boost|p1a: Bruce|atk|1\n|-boost|p1a: Bruce|spe|1\n|move|p2a: Scizor|Dual Wingbeat|p1a: Bruce\n|-damage|p1a: Bruce|79\/100\n|-damage|p1a: Bruce|55\/100\n|-hitcount|p1a: Bruce|2\n|\n|upkeep\n|turn|2\n|\n|t:|1699392014\n|move|p1a: Bruce|Liquidation|p2a: Scizor\n|-damage|p2a: Scizor|0 fnt\n|faint|p2a: Scizor\n|\n|upkeep\n|\n|t:|1699392021\n|switch|p2a: Dipplin|Dipplin, M|100\/100\n|-ability|p2a: Dipplin|Supersweet Syrup\n|-ability|p2a: Dipplin|Supersweet Syrup|boost\n|-unboost|p1a: Bruce|evasion|1\n|turn|3\n|\n|t:|1699392026\n|move|p1a: Bruce|Ice Punch|p2a: Dipplin\n|-supereffective|p2a: Dipplin\n|-enditem|p2a: Dipplin|Focus Sash\n|-damage|p2a: Dipplin|1\/100\n|move|p2a: Dipplin|Energy Ball|p1a: Bruce\n|-supereffective|p1a: Bruce\n|-damage|p1a: Bruce|0 fnt\n|faint|p1a: Bruce\n|\n|upkeep\n|\n|t:|1699392034\n|switch|p1a: Megan|Meganium, F, shiny|100\/100\n|turn|4\n|\n|t:|1699392041\n|move|p1a: Megan|Outrage|p2a: Dipplin\n|-supereffective|p2a: Dipplin\n|-damage|p2a: Dipplin|0 fnt\n|faint|p2a: Dipplin\n|\n|upkeep\n|\n|t:|1699392046\n|switch|p2a: Armarouge|Armarouge, M, shiny|100\/100\n|turn|5\n|\n|t:|1699392049\n|move|p1a: Megan|Outrage|p2a: Armarouge|[from]lockedmove\n|-damage|p2a: Armarouge|71\/100\n|-start|p1a: Megan|confusion|[fatigue]\n|move|p2a: Armarouge|Armor Cannon|p1a: Megan\n|-supereffective|p1a: Megan\n|-damage|p1a: Megan|0 fnt\n|-unboost|p2a: Armarouge|def|1\n|-unboost|p2a: Armarouge|spd|1\n|faint|p1a: Megan\n|\n|upkeep\n|\n|t:|1699392056\n|switch|p1a: Badger|Typhlosion, M, shiny|100\/100\n|turn|6\n|\n|t:|1699392064\n|-terastallize|p1a: Badger|Fire\n|move|p1a: Badger|Shadow Ball|p2a: Armarouge\n|-supereffective|p2a: Armarouge\n|-damage|p2a: Armarouge|14\/100\n|move|p2a: Armarouge|Psychic|p1a: Badger\n|-damage|p1a: Badger|42\/100\n|\n|-heal|p1a: Badger|48\/100|[from] item: Leftovers\n|upkeep\n|turn|7\n|\n|t:|1699392075\n|switch|p2a: Zygarde|Zygarde-10%|100\/100\n|move|p1a: Badger|Shadow Ball|p2a: Zygarde\n|-damage|p2a: Zygarde|67\/100\n|-unboost|p2a: Zygarde|spd|1\n|\n|-heal|p1a: Badger|54\/100|[from] item: Leftovers\n|upkeep\n|turn|8\n|\n|t:|1699392083\n|move|p1a: Badger|Shadow Ball|p2a: Zygarde\n|-damage|p2a: Zygarde|12\/100\n|move|p2a: Zygarde|Scorching Sands|p1a: Badger\n|-supereffective|p1a: Badger\n|-damage|p1a: Badger|0 fnt\n|faint|p1a: Badger\n|\n|-activate|p2a: Zygarde|ability: Power Construct\n|detailschange|p2a: Zygarde|Zygarde-Complete\n|-heal|p2a: Zygarde|62\/100|[silent]\n|upkeep\n|\n|t:|1699392091\n|switch|p1a: Gojirin|Tyranitar, F, shiny|100\/100\n|-weather|Sandstorm|[from] ability: Sand Stream|[of] p1a: Gojirin\n|turn|9\n|\n|t:|1699392100\n|detailschange|p1a: Gojirin|Tyranitar-Mega, F, shiny\n|-mega|p1a: Gojirin|Tyranitar|Tyranitarite\n|move|p2a: Zygarde|Focus Blast|p1a: Gojirin|[miss]\n|-miss|p2a: Zygarde|p1a: Gojirin\n|move|p1a: Gojirin|Knock Off|p2a: Zygarde\n|-damage|p2a: Zygarde|32\/100\n|-enditem|p2a: Zygarde|Dragon Fang|[from] move: Knock Off|[of] p1a: Gojirin\n|\n|-weather|Sandstorm|[upkeep]\n|upkeep\n|turn|10\n|\n|t:|1699392110\n|move|p2a: Zygarde|Focus Blast|p1a: Gojirin\n|-supereffective|p1a: Gojirin\n|-damage|p1a: Gojirin|31\/100\n|move|p1a: Gojirin|Knock Off|p2a: Zygarde\n|-damage|p2a: Zygarde|13\/100\n|\n|-weather|Sandstorm|[upkeep]\n|upkeep\n|turn|11\n|\n|t:|1699392116\n|move|p2a: Zygarde|Scorching Sands|p1a: Gojirin\n|-supereffective|p1a: Gojirin\n|-damage|p1a: Gojirin|0 fnt\n|faint|p1a: Gojirin\n|\n|-weather|Sandstorm|[upkeep]\n|upkeep\n|\n|t:|1699392119\n|switch|p1a: Volkswagen|Heracross, M, shiny|100\/100\n|turn|12\n|\n|t:|1699392125\n|move|p1a: Volkswagen|Throat Chop|p2a: Zygarde\n|-damage|p2a: Zygarde|0 fnt\n|faint|p2a: Zygarde\n|\n|-weather|Sandstorm|[upkeep]\n|-damage|p1a: Volkswagen|95\/100|[from] Sandstorm\n|-status|p1a: Volkswagen|brn|[from] item: Flame Orb\n|upkeep\n|\n|t:|1699392132\n|switch|p2a: Armarouge|Armarouge, M, shiny|14\/100\n|turn|13\n|\n|t:|1699392135\n|move|p1a: Volkswagen|Throat Chop|p2a: Armarouge\n|-supereffective|p2a: Armarouge\n|-damage|p2a: Armarouge|0 fnt\n|faint|p2a: Armarouge\n|\n|-weather|none\n|-damage|p1a: Volkswagen|89\/100 brn|[from] brn\n|upkeep\n|\n|t:|1699392142\n|switch|p2a: Garchomp|Garchomp, M|100\/100\n|turn|14\n|\n|t:|1699392148\n|detailschange|p2a: Garchomp|Garchomp-Mega, M\n|-mega|p2a: Garchomp|Garchomp|Garchompite\n|move|p1a: Volkswagen|Facade|p2a: Garchomp\n|-damage|p2a: Garchomp|44\/100\n|move|p2a: Garchomp|Stone Edge|p1a: Volkswagen|[miss]\n|-miss|p2a: Garchomp|p1a: Volkswagen\n|\n|-damage|p1a: Volkswagen|83\/100 brn|[from] brn\n|upkeep\n|turn|15\n|\n|t:|1699392157\n|move|p1a: Volkswagen|Throat Chop|p2a: Garchomp\n|-damage|p2a: Garchomp|13\/100\n|-start|p2a: Garchomp|Throat Chop|[silent]\n|move|p2a: Garchomp|Stone Edge|p1a: Volkswagen\n|-damage|p1a: Volkswagen|29\/100 brn\n|\n|-damage|p1a: Volkswagen|23\/100 brn|[from] brn\n|upkeep\n|turn|16\n|\n|t:|1699392166\n|move|p1a: Volkswagen|Throat Chop|p2a: Garchomp\n|-damage|p2a: Garchomp|0 fnt\n|faint|p2a: Garchomp\n|\n|-damage|p1a: Volkswagen|17\/100 brn|[from] brn\n|upkeep\n|\n|t:|1699392173\n|switch|p2a: Marshadow|Marshadow|100\/100\n|turn|17\n|\n|t:|1699392177\n|move|p1a: Volkswagen|Throat Chop|p2a: Marshadow\n|-damage|p2a: Marshadow|61\/100\n|-start|p2a: Marshadow|Throat Chop|[silent]\n|move|p2a: Marshadow|Drain Punch|p1a: Volkswagen\n|-resisted|p1a: Volkswagen\n|-crit|p1a: Volkswagen\n|-damage|p1a: Volkswagen|0 fnt\n|-heal|p2a: Marshadow|69\/100|[from] drain|[of] p1a: Volkswagen\n|faint|p1a: Volkswagen\n|\n|upkeep\n|\n|t:|1699392181\n|switch|p1a: Luigi|Lugia, shiny|100\/100\n|turn|18\n|\n|t:|1699392187\n|move|p1a: Luigi|Aeroblast|p2a: Marshadow\n|-supereffective|p2a: Marshadow\n|-damage|p2a: Marshadow|17\/100\n|-zpower|p2a: Marshadow\n|move|p2a: Marshadow|Soul-Stealing 7-Star Strike|p1a: Luigi|[zeffect]\n|-supereffective|p1a: Luigi\n|-damage|p1a: Luigi|43\/100\n|-enditem|p1a: Luigi|Weakness Policy\n|-boost|p1a: Luigi|atk|2|[from] item: Weakness Policy\n|-boost|p1a: Luigi|spa|2|[from] item: Weakness Policy\n|\n|-end|p2a: Marshadow|Throat Chop|[silent]\n|upkeep\n|turn|19\n|c|\u2606BigMommaBadger|gg\n|\n|t:|1699392202\n|move|p1a: Luigi|Aeroblast|p2a: Marshadow\n|-supereffective|p2a: Marshadow\n|-damage|p2a: Marshadow|0 fnt\n|faint|p2a: Marshadow\n|\n|win|BigMommaBadger\n|raw|BigMommaBadger's rating: 1121 &rarr; <strong>1147<\/strong><br \/>(+26 for winning)\n|raw|JjjjjjjjFd's rating: 1137 &rarr; <strong>1111<\/strong><br \/>(-26 for losing)\n","uploadtime":1699392208,"views":5,"p1id":"bigmommabadger","p2id":"jjjjjjjjfd","formatid":"gen9nationaldexubers","rating":1111,"private":0,"password":""}