{"id":"gen9nationaldexubers-1979931218","p1":"TheShinyBisharp360","p2":"AceTheInadequate","format":"[Gen 9] National Dex Ubers","log":"|j|\u2606TheShinyBisharp360\n|j|\u2606AceTheInadequate\n|t:|1698731597\n|gametype|singles\n|player|p1|TheShinyBisharp360|dawn|\n|player|p2|AceTheInadequate|guitarist|\n|teamsize|p1|6\n|teamsize|p2|6\n|gen|9\n|tier|[Gen 9] National Dex Ubers\n|rule|HP Percentage Mod: HP is shown in percentages\n|rule|Endless Battle Clause: Forcing endless battles is banned\n|rule|OHKO Clause: OHKO moves are banned\n|rule|Evasion Moves Clause: Evasion moves are banned\n|rule|Evasion Items Clause: Evasion items are banned\n|rule|Species Clause: Limit one of each Pok\u00e9mon\n|rule|Sleep Clause Mod: Limit one foe put to sleep\n|rule|Mega Rayquaza Clause: You cannot mega evolve Rayquaza\n|clearpoke\n|poke|p1|Glalie, M|\n|poke|p1|Cloyster, M|\n|poke|p1|Iron Bundle|\n|poke|p1|Baxcalibur, M|\n|poke|p1|Arctozolt|\n|poke|p1|Ninetales-Alola, M|\n|poke|p2|Volcarona, M|\n|poke|p2|Scizor, F|\n|poke|p2|Slither Wing|\n|poke|p2|Araquanid, M|\n|poke|p2|Ribombee, F|\n|poke|p2|Galvantula, M|\n|teampreview\n|\n|t:|1698731604\n|start\n|switch|p1a: Glalie|Glalie, M|100\/100\n|switch|p2a: Tinkerbell|Ribombee, F|100\/100\n|turn|1\n|\n|t:|1698731612\n|move|p1a: Glalie|Protect|p1a: Glalie\n|-singleturn|p1a: Glalie|Protect\n|move|p2a: Tinkerbell|Sticky Web|p1a: Glalie\n|-sidestart|p1: TheShinyBisharp360|move: Sticky Web\n|\n|-ability|p1a: Glalie|Moody|boost\n|-boost|p1a: Glalie|atk|2\n|-unboost|p1a: Glalie|spa|1\n|upkeep\n|turn|2\n|\n|t:|1698731625\n|detailschange|p1a: Glalie|Glalie-Mega, M\n|-mega|p1a: Glalie|Glalie|Glalitite\n|move|p2a: Tinkerbell|Moonblast|p1a: Glalie\n|-damage|p1a: Glalie|62\/100\n|-unboost|p1a: Glalie|spa|1\n|move|p1a: Glalie|Body Slam|p2a: Tinkerbell\n|-damage|p2a: Tinkerbell|0 fnt\n|faint|p2a: Tinkerbell\n|\n|upkeep\n|\n|t:|1698731645\n|switch|p2a: McQueen|Scizor, F|100\/100\n|turn|3\n|\n|t:|1698731649\n|detailschange|p2a: McQueen|Scizor-Mega, F\n|-mega|p2a: McQueen|Scizor|Scizorite\n|move|p1a: Glalie|Protect|p1a: Glalie\n|-singleturn|p1a: Glalie|Protect\n|move|p2a: McQueen|Bullet Punch|p1a: Glalie\n|-activate|p1a: Glalie|move: Protect\n|\n|upkeep\n|turn|4\n|\n|t:|1698731661\n|move|p2a: McQueen|Bullet Punch|p1a: Glalie\n|-supereffective|p1a: Glalie\n|-damage|p1a: Glalie|0 fnt\n|faint|p1a: Glalie\n|\n|upkeep\n|\n|t:|1698731673\n|switch|p1a: Frost Burn|Ninetales-Alola, M|100\/100\n|-activate|p1a: Frost Burn|move: Sticky Web\n|-unboost|p1a: Frost Burn|spe|1\n|-weather|Snow|[from] ability: Snow Warning|[of] p1a: Frost Burn\n|turn|5\n|\n|t:|1698731679\n|switch|p2a: Apollo|Araquanid, M|100\/100\n|move|p1a: Frost Burn|Hypnosis|p2a: Apollo|[miss]\n|-miss|p1a: Frost Burn|p2a: Apollo\n|\n|-weather|Snow|[upkeep]\n|upkeep\n|turn|6\n|\n|t:|1698731686\n|move|p1a: Frost Burn|Hypnosis|p2a: Apollo\n|-status|p2a: Apollo|slp|[from] move: Hypnosis\n|cant|p2a: Apollo|slp\n|\n|-weather|Snow|[upkeep]\n|upkeep\n|turn|7\n|\n|t:|1698731696\n|move|p1a: Frost Burn|Moonblast|p2a: Apollo\n|-damage|p2a: Apollo|81\/100 slp\n|-unboost|p2a: Apollo|spa|1\n|-curestatus|p2a: Apollo|slp|[msg]\n|move|p2a: Apollo|Poison Jab|p1a: Frost Burn\n|-supereffective|p1a: Frost Burn\n|-damage|p1a: Frost Burn|61\/100\n|-status|p1a: Frost Burn|psn\n|\n|-weather|Snow|[upkeep]\n|-damage|p1a: Frost Burn|49\/100 psn|[from] psn\n|upkeep\n|turn|8\n|\n|t:|1698731714\n|switch|p1a: Cloyster|Cloyster, M|100\/100\n|-activate|p1a: Cloyster|move: Sticky Web\n|-unboost|p1a: Cloyster|spe|1\n|-enditem|p1a: Cloyster|White Herb\n|-clearnegativeboost|p1a: Cloyster|[silent]\n|move|p2a: Apollo|Poison Jab|p1a: Cloyster\n|-damage|p1a: Cloyster|88\/100\n|\n|-weather|Snow|[upkeep]\n|upkeep\n|turn|9\n|\n|t:|1698731725\n|move|p1a: Cloyster|Shell Smash|p1a: Cloyster\n|-unboost|p1a: Cloyster|def|1\n|-unboost|p1a: Cloyster|spd|1\n|-boost|p1a: Cloyster|atk|2\n|-boost|p1a: Cloyster|spa|2\n|-boost|p1a: Cloyster|spe|2\n|move|p2a: Apollo|Crunch|p1a: Cloyster\n|-damage|p1a: Cloyster|71\/100\n|\n|-weather|Snow|[upkeep]\n|upkeep\n|turn|10\n|\n|t:|1698731735\n|move|p1a: Cloyster|Shell Smash|p1a: Cloyster\n|-unboost|p1a: Cloyster|def|1\n|-unboost|p1a: Cloyster|spd|1\n|-boost|p1a: Cloyster|atk|2\n|-boost|p1a: Cloyster|spa|2\n|-boost|p1a: Cloyster|spe|2\n|move|p2a: Apollo|Liquidation|p1a: Cloyster\n|-resisted|p1a: Cloyster\n|-damage|p1a: Cloyster|33\/100\n|-unboost|p1a: Cloyster|def|1\n|\n|-weather|Snow|[upkeep]\n|upkeep\n|turn|11\n|\n|t:|1698731750\n|-terastallize|p1a: Cloyster|Rock\n|move|p1a: Cloyster|Rock Blast|p2a: Apollo\n|-supereffective|p2a: Apollo\n|-damage|p2a: Apollo|0 fnt\n|faint|p2a: Apollo\n|-hitcount|p2: Apollo|1\n|\n|-weather|Snow|[upkeep]\n|upkeep\n|\n|t:|1698731756\n|switch|p2a: McQueen|Scizor-Mega, F|100\/100\n|turn|12\n|\n|t:|1698731762\n|move|p2a: McQueen|Bullet Punch|p1a: Cloyster\n|-supereffective|p1a: Cloyster\n|-damage|p1a: Cloyster|0 fnt\n|faint|p1a: Cloyster\n|\n|-weather|none\n|upkeep\n|\n|t:|1698731769\n|switch|p1a: Frost Burn|Ninetales-Alola, M|49\/100 psn\n|-activate|p1a: Frost Burn|move: Sticky Web\n|-unboost|p1a: Frost Burn|spe|1\n|-weather|Snow|[from] ability: Snow Warning|[of] p1a: Frost Burn\n|turn|13\n|\n|t:|1698731776\n|switch|p2a: Here comes the sun|Volcarona, M|100\/100\n|move|p1a: Frost Burn|Hypnosis|p2a: Here comes the sun\n|-status|p2a: Here comes the sun|slp|[from] move: Hypnosis\n|\n|-weather|Snow|[upkeep]\n|-damage|p1a: Frost Burn|36\/100 psn|[from] psn\n|upkeep\n|turn|14\n|\n|t:|1698731794\n|switch|p1a: Baxcalibur|Baxcalibur, M|100\/100\n|-activate|p1a: Baxcalibur|move: Sticky Web\n|-unboost|p1a: Baxcalibur|spe|1\n|cant|p2a: Here comes the sun|slp\n|\n|-weather|Snow|[upkeep]\n|upkeep\n|turn|15\n|\n|t:|1698731803\n|-curestatus|p2a: Here comes the sun|slp|[msg]\n|move|p2a: Here comes the sun|Fiery Dance|p1a: Baxcalibur\n|-damage|p1a: Baxcalibur|56\/100\n|-ability|p1a: Baxcalibur|Thermal Exchange|boost\n|-boost|p1a: Baxcalibur|atk|1\n|move|p1a: Baxcalibur|Earthquake|p2a: Here comes the sun\n|-damage|p2a: Here comes the sun|19\/100\n|\n|-weather|Snow|[upkeep]\n|upkeep\n|turn|16\n|\n|t:|1698731815\n|move|p2a: Here comes the sun|Fiery Dance|p1a: Baxcalibur\n|-damage|p1a: Baxcalibur|11\/100\n|-boost|p2a: Here comes the sun|spa|1\n|-ability|p1a: Baxcalibur|Thermal Exchange|boost\n|-boost|p1a: Baxcalibur|atk|1\n|move|p1a: Baxcalibur|Earthquake|p2a: Here comes the sun\n|-damage|p2a: Here comes the sun|0 fnt\n|faint|p2a: Here comes the sun\n|\n|-weather|Snow|[upkeep]\n|upkeep\n|\n|t:|1698731817\n|switch|p2a: McQueen|Scizor-Mega, F|100\/100\n|turn|17\n|\n|t:|1698731828\n|move|p2a: McQueen|Bullet Punch|p1a: Baxcalibur\n|-supereffective|p1a: Baxcalibur\n|-damage|p1a: Baxcalibur|0 fnt\n|faint|p1a: Baxcalibur\n|\n|-weather|Snow|[upkeep]\n|upkeep\n|\n|t:|1698731836\n|switch|p1a: Frost Burn|Ninetales-Alola, M|36\/100 psn\n|-activate|p1a: Frost Burn|move: Sticky Web\n|-unboost|p1a: Frost Burn|spe|1\n|turn|18\n|\n|t:|1698731849\n|move|p2a: McQueen|Bullet Punch|p1a: Frost Burn\n|-supereffective|p1a: Frost Burn\n|-damage|p1a: Frost Burn|0 fnt\n|faint|p1a: Frost Burn\n|\n|-weather|Snow|[upkeep]\n|upkeep\n|\n|t:|1698731856\n|switch|p1a: Arctozolt|Arctozolt|100\/100\n|-activate|p1a: Arctozolt|move: Sticky Web\n|-unboost|p1a: Arctozolt|spe|1\n|turn|19\n|\n|t:|1698731865\n|move|p1a: Arctozolt|Bolt Beak|p2a: McQueen\n|-damage|p2a: McQueen|17\/100\n|move|p2a: McQueen|Trailblaze|p1a: Arctozolt\n|-damage|p1a: Arctozolt|76\/100\n|-boost|p2a: McQueen|spe|1\n|\n|-weather|Snow|[upkeep]\n|upkeep\n|turn|20\n|\n|t:|1698731874\n|move|p2a: McQueen|Bullet Punch|p1a: Arctozolt\n|-damage|p1a: Arctozolt|48\/100\n|move|p1a: Arctozolt|Bolt Beak|p2a: McQueen\n|-damage|p2a: McQueen|0 fnt\n|faint|p2a: McQueen\n|\n|-weather|none\n|upkeep\n|\n|t:|1698731877\n|switch|p2a: Vegeta|Slither Wing, shiny|100\/100\n|-enditem|p2a: Vegeta|Booster Energy\n|-activate|p2a: Vegeta|ability: Protosynthesis|[fromitem]\n|-start|p2a: Vegeta|protosynthesisatk\n|turn|21\n|\n|t:|1698731887\n|-terastallize|p2a: Vegeta|Ground\n|move|p2a: Vegeta|First Impression|p1a: Arctozolt\n|-damage|p1a: Arctozolt|0 fnt\n|faint|p1a: Arctozolt\n|\n|upkeep\n|\n|t:|1698731893\n|switch|p1a: Iron Bundle|Iron Bundle|100\/100\n|-activate|p1a: Iron Bundle|move: Sticky Web\n|-unboost|p1a: Iron Bundle|spe|1\n|-enditem|p1a: Iron Bundle|Booster Energy\n|-activate|p1a: Iron Bundle|ability: Quark Drive|[fromitem]\n|-start|p1a: Iron Bundle|quarkdrivespa\n|turn|22\n|\n|t:|1698731912\n|move|p2a: Vegeta|Close Combat|p1a: Iron Bundle\n|-supereffective|p1a: Iron Bundle\n|-damage|p1a: Iron Bundle|0 fnt\n|-unboost|p2a: Vegeta|def|1\n|-unboost|p2a: Vegeta|spd|1\n|faint|p1a: Iron Bundle\n|-end|p1a: Iron Bundle|Quark Drive|[silent]\n|\n|win|AceTheInadequate\n","uploadtime":1698731916,"views":12,"p1id":"theshinybisharp360","p2id":"acetheinadequate","formatid":"gen9nationaldexubers","rating":0,"private":0,"password":""}