{"id":"gen9nationaldexubers-1990660252","p1":"Domtendo40","p2":"BigPengSus","format":"[Gen 9] National Dex Ubers","log":"|j|\u2606Domtendo40\n|j|\u2606BigPengSus\n|t:|1699989567\n|gametype|singles\n|player|p1|Domtendo40|102|1217\n|player|p2|BigPengSus|linebacker|1266\n|teamsize|p1|6\n|teamsize|p2|6\n|gen|9\n|tier|[Gen 9] National Dex Ubers\n|rated|\n|rule|HP Percentage Mod: HP is shown in percentages\n|rule|Endless Battle Clause: Forcing endless battles is banned\n|rule|OHKO Clause: OHKO moves are banned\n|rule|Evasion Moves Clause: Evasion moves are banned\n|rule|Evasion Items Clause: Evasion items are banned\n|rule|Species Clause: Limit one of each Pok\u00e9mon\n|rule|Sleep Clause Mod: Limit one foe put to sleep\n|rule|Mega Rayquaza Clause: You cannot mega evolve Rayquaza\n|clearpoke\n|poke|p1|Froslass, F|\n|poke|p1|Tsareena, F|\n|poke|p1|Salazzle, F|\n|poke|p1|Milotic, F|\n|poke|p1|Kangaskhan, F|\n|poke|p1|Garbodor, F|\n|poke|p2|Melmetal|\n|poke|p2|Iron Hands|\n|poke|p2|Audino, F|\n|poke|p2|Diglett, F|\n|poke|p2|Iron Valiant|\n|poke|p2|Toedscruel, M|\n|teampreview\n|inactive|Battle timer is ON: inactive players will automatically lose when time's up. (requested by Domtendo40)\n|\n|t:|1699989577\n|start\n|switch|p1a: Froslass|Froslass, F|100\/100\n|switch|p2a: Toedscruel|Toedscruel, M|100\/100\n|turn|1\n|\n|t:|1699989585\n|move|p1a: Froslass|Ice Beam|p2a: Toedscruel\n|-supereffective|p2a: Toedscruel\n|-enditem|p2a: Toedscruel|Focus Sash\n|-damage|p2a: Toedscruel|1\/100\n|move|p2a: Toedscruel|Spore|p1a: Froslass\n|-status|p1a: Froslass|slp|[from] move: Spore\n|\n|upkeep\n|turn|2\n|\n|t:|1699989595\n|switch|p1a: Tsareena|Tsareena, F|100\/100\n|move|p2a: Toedscruel|Trick Room|p2a: Toedscruel\n|-fieldstart|move: Trick Room|[of] p2a: Toedscruel\n|\n|upkeep\n|turn|3\n|\n|t:|1699989601\n|switch|p2a: Brian Hands|Iron Hands|100\/100\n|move|p1a: Tsareena|Rapid Spin|p2a: Brian Hands\n|-damage|p2a: Brian Hands|87\/100\n|-boost|p1a: Tsareena|spe|1\n|-damage|p1a: Tsareena|91\/100|[from] item: Life Orb\n|\n|-heal|p2a: Brian Hands|93\/100|[from] item: Leftovers\n|upkeep\n|turn|4\n|\n|t:|1699989612\n|switch|p1a: Milotic|Milotic, F|100\/100\n|move|p2a: Brian Hands|Swords Dance|p2a: Brian Hands\n|-boost|p2a: Brian Hands|atk|2\n|\n|-heal|p2a: Brian Hands|99\/100|[from] item: Leftovers\n|upkeep\n|turn|5\n|\n|t:|1699989626\n|switch|p1a: Tsareena|Tsareena, F|91\/100\n|move|p2a: Brian Hands|Thunder Punch|p1a: Tsareena\n|-resisted|p1a: Tsareena\n|-damage|p1a: Tsareena|45\/100\n|\n|-heal|p2a: Brian Hands|100\/100|[from] item: Leftovers\n|upkeep\n|turn|6\n|\n|t:|1699989631\n|move|p2a: Brian Hands|Drain Punch|p1a: Tsareena\n|-damage|p1a: Tsareena|0 fnt\n|faint|p1a: Tsareena\n|\n|-fieldend|move: Trick Room\n|upkeep\n|\n|t:|1699989640\n|switch|p1a: Kangaskhan|Kangaskhan, F|100\/100\n|turn|7\n|\n|t:|1699989644\n|detailschange|p1a: Kangaskhan|Kangaskhan-Mega, F\n|-mega|p1a: Kangaskhan|Kangaskhan|Kangaskhanite\n|move|p1a: Kangaskhan|Fake Out|p2a: Brian Hands\n|-damage|p2a: Brian Hands|88\/100\n|-damage|p2a: Brian Hands|85\/100\n|-hitcount|p2a: Brian Hands|2\n|cant|p2a: Brian Hands|flinch\n|\n|-heal|p2a: Brian Hands|91\/100|[from] item: Leftovers\n|upkeep\n|turn|8\n|\n|t:|1699989650\n|switch|p1a: Froslass|Froslass, F|100\/100 slp\n|move|p2a: Brian Hands|Drain Punch|p1a: Froslass\n|-immune|p1a: Froslass\n|\n|-heal|p2a: Brian Hands|98\/100|[from] item: Leftovers\n|upkeep\n|turn|9\n|\n|t:|1699989654\n|cant|p1a: Froslass|slp\n|move|p2a: Brian Hands|Thunder Punch|p1a: Froslass\n|-enditem|p1a: Froslass|Focus Sash\n|-damage|p1a: Froslass|1\/100 slp\n|\n|-heal|p2a: Brian Hands|100\/100|[from] item: Leftovers\n|upkeep\n|turn|10\n|\n|t:|1699989660\n|cant|p1a: Froslass|slp\n|move|p2a: Brian Hands|Thunder Punch|p1a: Froslass\n|-damage|p1a: Froslass|0 fnt\n|faint|p1a: Froslass\n|\n|upkeep\n|\n|t:|1699989665\n|switch|p1a: Salazzle|Salazzle, F|100\/100\n|turn|11\n|\n|t:|1699989669\n|move|p1a: Salazzle|Fake Out|p2a: Brian Hands\n|-damage|p2a: Brian Hands|97\/100\n|cant|p2a: Brian Hands|flinch\n|\n|-heal|p2a: Brian Hands|100\/100|[from] item: Leftovers\n|upkeep\n|turn|12\n|\n|t:|1699989674\n|move|p1a: Salazzle|Sludge Wave|p2a: Brian Hands\n|-damage|p2a: Brian Hands|75\/100\n|move|p2a: Brian Hands|Earthquake|p1a: Salazzle\n|-supereffective|p1a: Salazzle\n|-damage|p1a: Salazzle|0 fnt\n|faint|p1a: Salazzle\n|\n|-heal|p2a: Brian Hands|81\/100|[from] item: Leftovers\n|upkeep\n|\n|t:|1699989680\n|switch|p1a: Kangaskhan|Kangaskhan-Mega, F|100\/100\n|turn|13\n|\n|t:|1699989684\n|move|p1a: Kangaskhan|Fake Out|p2a: Brian Hands\n|-damage|p2a: Brian Hands|67\/100\n|-damage|p2a: Brian Hands|64\/100\n|-hitcount|p2a: Brian Hands|2\n|cant|p2a: Brian Hands|flinch\n|\n|-heal|p2a: Brian Hands|70\/100|[from] item: Leftovers\n|upkeep\n|turn|14\n|\n|t:|1699989692\n|move|p1a: Kangaskhan|Earthquake|p2a: Brian Hands\n|-supereffective|p2a: Brian Hands\n|-damage|p2a: Brian Hands|29\/100\n|-supereffective|p2a: Brian Hands\n|-damage|p2a: Brian Hands|19\/100\n|-hitcount|p2a: Brian Hands|2\n|move|p2a: Brian Hands|Drain Punch|p1a: Kangaskhan\n|-supereffective|p1a: Kangaskhan\n|-damage|p1a: Kangaskhan|0 fnt\n|-heal|p2a: Brian Hands|53\/100|[from] drain|[of] p1a: Kangaskhan\n|faint|p1a: Kangaskhan\n|\n|-heal|p2a: Brian Hands|59\/100|[from] item: Leftovers\n|upkeep\n|\n|t:|1699989702\n|switch|p1a: Garbodor|Garbodor, F|100\/100\n|turn|15\n|\n|t:|1699989708\n|move|p1a: Garbodor|Stomping Tantrum|p2a: Brian Hands\n|-supereffective|p2a: Brian Hands\n|-damage|p2a: Brian Hands|33\/100\n|move|p2a: Brian Hands|Earthquake|p1a: Garbodor\n|-supereffective|p1a: Garbodor\n|-damage|p1a: Garbodor|0 fnt\n|faint|p1a: Garbodor\n|\n|-heal|p2a: Brian Hands|39\/100|[from] item: Leftovers\n|upkeep\n|\n|t:|1699989710\n|switch|p1a: Milotic|Milotic, F|100\/100\n|turn|16\n|\n|t:|1699989721\n|move|p1a: Milotic|Coil|p1a: Milotic\n|-boost|p1a: Milotic|atk|1\n|-boost|p1a: Milotic|def|1\n|-boost|p1a: Milotic|accuracy|1\n|move|p2a: Brian Hands|Thunder Punch|p1a: Milotic\n|-supereffective|p1a: Milotic\n|-damage|p1a: Milotic|8\/100\n|\n|-heal|p1a: Milotic|14\/100|[from] item: Leftovers\n|-heal|p2a: Brian Hands|45\/100|[from] item: Leftovers\n|upkeep\n|turn|17\n|\n|t:|1699989725\n|-terastallize|p1a: Milotic|Water\n|move|p1a: Milotic|Hydro Pump|p2a: Brian Hands\n|-damage|p2a: Brian Hands|12\/100\n|move|p2a: Brian Hands|Thunder Punch|p1a: Milotic\n|-supereffective|p1a: Milotic\n|-damage|p1a: Milotic|0 fnt\n|faint|p1a: Milotic\n|\n|win|BigPengSus\n|raw|Domtendo40's rating: 1217 &rarr; <strong>1196<\/strong><br \/>(-21 for losing)\n|raw|BigPengSus's rating: 1266 &rarr; <strong>1287<\/strong><br \/>(+21 for winning)\n|l|\u2606Domtendo40\n","uploadtime":1699989737,"views":6,"p1id":"domtendo40","p2id":"bigpengsus","formatid":"gen9nationaldexubers","rating":1196,"private":0,"password":""}