{"id":"gen9nationaldexubers-1983598336","p1":"AstroCheeseChamp","p2":"Cold Finally","format":"[Gen 9] National Dex Ubers","log":"|j|\u2606AstroCheeseChamp\n|j|\u2606Cold Finally\n|t:|1699147757\n|gametype|singles\n|player|p1|AstroCheeseChamp|lusamine-masters|\n|player|p2|Cold Finally|iris-masters|\n|teamsize|p1|6\n|teamsize|p2|6\n|gen|9\n|tier|[Gen 9] National Dex Ubers\n|rule|HP Percentage Mod: HP is shown in percentages\n|rule|Endless Battle Clause: Forcing endless battles is banned\n|rule|OHKO Clause: OHKO moves are banned\n|rule|Evasion Moves Clause: Evasion moves are banned\n|rule|Evasion Items Clause: Evasion items are banned\n|rule|Species Clause: Limit one of each Pok\u00e9mon\n|rule|Sleep Clause Mod: Limit one foe put to sleep\n|rule|Mega Rayquaza Clause: You cannot mega evolve Rayquaza\n|clearpoke\n|poke|p1|Mawile, F|\n|poke|p1|Ferrothorn, F|\n|poke|p1|Sneasler, F|\n|poke|p1|Clodsire, M|\n|poke|p1|Kyurem|\n|poke|p1|Tapu Lele|\n|poke|p2|Tinkaton, F|\n|poke|p2|Diancie|\n|poke|p2|Delphox, F|\n|poke|p2|Tapu Fini|\n|poke|p2|Ribombee, F|\n|poke|p2|Hatterene, F|\n|teampreview\n|inactive|Battle timer is ON: inactive players will automatically lose when time's up. (requested by AstroCheeseChamp)\n|c|\u2606AstroCheeseChamp|glhf\n|inactiveoff|Battle timer is now OFF.\n|c|\u2606Cold Finally|u2\n|c|\u2606AstroCheeseChamp|Ah. I now realize the error of my ways.\n|\n|t:|1699147795\n|start\n|switch|p1a: Gambler|Sneasler, F|100\/100\n|switch|p2a: Marshmellow|Ribombee, F, shiny|100\/100\n|turn|1\n|\n|t:|1699147806\n|move|p1a: Gambler|U-turn|p2a: Marshmellow\n|-resisted|p2a: Marshmellow\n|-damage|p2a: Marshmellow|78\/100\n|\n|t:|1699147809\n|switch|p1a: Nut|Ferrothorn, F, shiny|100\/100|[from] U-turn\n|move|p2a: Marshmellow|Sticky Web|p1a: Nut\n|-sidestart|p1: AstroCheeseChamp|move: Sticky Web\n|\n|upkeep\n|turn|2\n|\n|t:|1699147865\n|switch|p1a: Futakuchi-Onna|Mawile, F, shiny|100\/100\n|-activate|p1a: Futakuchi-Onna|move: Sticky Web\n|-unboost|p1a: Futakuchi-Onna|spe|1\n|-ability|p1a: Futakuchi-Onna|Intimidate|boost\n|-unboost|p2a: Marshmellow|atk|1\n|move|p2a: Marshmellow|U-turn|p1a: Futakuchi-Onna\n|-resisted|p1a: Futakuchi-Onna\n|-damage|p1a: Futakuchi-Onna|97\/100\n|\n|t:|1699147877\n|switch|p2a: Goofball|Tinkaton, F|100\/100|[from] U-turn\n|-ability|p2a: Goofball|Mold Breaker\n|\n|upkeep\n|turn|3\n|\n|t:|1699147901\n|switch|p1a: Clodrise|Clodsire, M|100\/100\n|-activate|p1a: Clodrise|move: Sticky Web\n|-unboost|p1a: Clodrise|spe|1\n|move|p2a: Goofball|Thunder Wave|p1a: Clodrise\n|-immune|p1a: Clodrise\n|\n|upkeep\n|turn|4\n|j| Disco 2003\n|\n|t:|1699147929\n|move|p2a: Goofball|Knock Off|p1a: Clodrise\n|-damage|p1a: Clodrise|78\/100\n|-enditem|p1a: Clodrise|Black Sludge|[from] move: Knock Off|[of] p2a: Goofball\n|move|p1a: Clodrise|Earthquake|p2a: Goofball\n|-supereffective|p2a: Goofball\n|-damage|p2a: Goofball|40\/100\n|\n|-heal|p2a: Goofball|46\/100|[from] item: Leftovers\n|upkeep\n|turn|5\n|\n|t:|1699148010\n|switch|p2a: Marshmellow|Ribombee, F, shiny|78\/100\n|switch|p1a: Gambler|Sneasler, F|100\/100\n|-activate|p1a: Gambler|move: Sticky Web\n|-unboost|p1a: Gambler|spe|1\n|\n|upkeep\n|turn|6\n|\n|t:|1699148047\n|switch|p1a: Nut|Ferrothorn, F, shiny|100\/100\n|-activate|p1a: Nut|move: Sticky Web\n|-unboost|p1a: Nut|spe|1\n|move|p2a: Marshmellow|U-turn|p1a: Nut\n|-damage|p1a: Nut|91\/100\n|-damage|p2a: Marshmellow|65\/100|[from] ability: Iron Barbs|[of] p1a: Nut\n|\n|t:|1699148052\n|switch|p2a: Hollywood|Hatterene, F|100\/100|[from] U-turn\n|\n|-heal|p1a: Nut|97\/100|[from] item: Leftovers\n|upkeep\n|turn|7\n|\n|t:|1699148086\n|switch|p1a: Husk|Kyurem|100\/100\n|-activate|p1a: Husk|move: Sticky Web\n|-unboost|p1a: Husk|spe|1\n|-ability|p1a: Husk|Pressure\n|move|p2a: Hollywood|Calm Mind|p2a: Hollywood\n|-boost|p2a: Hollywood|spa|1\n|-boost|p2a: Hollywood|spd|1\n|\n|upkeep\n|turn|8\n|\n|t:|1699148141\n|move|p1a: Husk|Freeze-Dry|p2a: Hollywood\n|-crit|p2a: Hollywood\n|-damage|p2a: Hollywood|14\/100\n|move|p2a: Hollywood|Calm Mind|p2a: Hollywood\n|-boost|p2a: Hollywood|spa|1\n|-boost|p2a: Hollywood|spd|1\n|\n|-heal|p2a: Hollywood|20\/100|[from] item: Leftovers\n|upkeep\n|turn|9\n|c|\u2606Cold Finally|bruh ok\n|c|\u2606AstroCheeseChamp|wait do you take a hit at this range\n|\n|t:|1699148197\n|switch|p2a: Goofball|Tinkaton, F|46\/100\n|-ability|p2a: Goofball|Mold Breaker\n|move|p1a: Husk|Freeze-Dry|p2a: Goofball\n|-resisted|p2a: Goofball\n|-damage|p2a: Goofball|29\/100\n|\n|-heal|p2a: Goofball|35\/100|[from] item: Leftovers\n|upkeep\n|turn|10\n|c|\u2606AstroCheeseChamp|surely not right\n|\n|t:|1699148221\n|switch|p1a: Clodrise|Clodsire, M|78\/100\n|-activate|p1a: Clodrise|move: Sticky Web\n|-unboost|p1a: Clodrise|spe|1\n|move|p2a: Goofball|Gigaton Hammer|p1a: Clodrise\n|-damage|p1a: Clodrise|26\/100\n|\n|-heal|p2a: Goofball|41\/100|[from] item: Leftovers\n|upkeep\n|turn|11\n|\n|t:|1699148239\n|switch|p2a: Marshmellow|Ribombee, F, shiny|65\/100\n|move|p1a: Clodrise|Recover|p1a: Clodrise\n|-heal|p1a: Clodrise|77\/100\n|\n|upkeep\n|turn|12\n|\n|t:|1699148245\n|move|p2a: Marshmellow|Stun Spore|p1a: Clodrise|[miss]\n|-miss|p2a: Marshmellow|p1a: Clodrise\n|move|p1a: Clodrise|Stealth Rock|p2a: Marshmellow\n|-sidestart|p2: Cold Finally|move: Stealth Rock\n|\n|upkeep\n|turn|13\n|\n|t:|1699148257\n|switch|p1a: Nut|Ferrothorn, F, shiny|97\/100\n|-activate|p1a: Nut|move: Sticky Web\n|-unboost|p1a: Nut|spe|1\n|move|p2a: Marshmellow|Stun Spore|p1a: Nut\n|-immune|p1a: Nut\n|\n|-heal|p1a: Nut|100\/100|[from] item: Leftovers\n|upkeep\n|turn|14\n|l| Disco 2003\n|\n|t:|1699148280\n|switch|p2a: Hollywood|Hatterene, F|20\/100\n|-damage|p2a: Hollywood|8\/100|[from] Stealth Rock\n|move|p1a: Nut|Gyro Ball|p2a: Hollywood\n|-supereffective|p2a: Hollywood\n|-damage|p2a: Hollywood|0 fnt\n|faint|p2a: Hollywood\n|\n|upkeep\n|c|\u2606AstroCheeseChamp|almost clicked LS\n|\n|t:|1699148304\n|switch|p2a: Kiriko|Delphox, F, shiny|100\/100\n|-damage|p2a: Kiriko|76\/100|[from] Stealth Rock\n|turn|15\n|\n|t:|1699148327\n|switch|p1a: Husk|Kyurem|100\/100\n|-activate|p1a: Husk|move: Sticky Web\n|-unboost|p1a: Husk|spe|1\n|-ability|p1a: Husk|Pressure\n|move|p2a: Kiriko|Flamethrower|p1a: Husk\n|-damage|p1a: Husk|58\/100\n|\n|upkeep\n|turn|16\n|\n|t:|1699148347\n|switch|p2a: Marshmellow|Ribombee, F, shiny|65\/100\n|-damage|p2a: Marshmellow|40\/100|[from] Stealth Rock\n|move|p1a: Husk|Earth Power|p2a: Marshmellow\n|-resisted|p2a: Marshmellow\n|-damage|p2a: Marshmellow|2\/100\n|\n|upkeep\n|turn|17\n|\n|t:|1699148367\n|switch|p2a: Evil|Tapu Fini, shiny|100\/100\n|-damage|p2a: Evil|88\/100|[from] Stealth Rock\n|-fieldstart|move: Misty Terrain|[from] ability: Misty Surge|[of] p2a: Evil\n|switch|p1a: Nut|Ferrothorn, F, shiny|100\/100\n|-activate|p1a: Nut|move: Sticky Web\n|-unboost|p1a: Nut|spe|1\n|\n|-heal|p2a: Evil|94\/100|[from] item: Leftovers\n|upkeep\n|turn|18\n|\n|t:|1699148386\n|move|p2a: Evil|Defog|p1a: Nut\n|-unboost|p1a: Nut|evasion|1\n|-sideend|p1: AstroCheeseChamp|Sticky Web|[from] move: Defog|[of] p2a: Evil\n|-sideend|p2: Cold Finally|Stealth Rock|[from] move: Defog|[of] p2a: Evil\n|-fieldend|Misty Terrain\n|move|p1a: Nut|Power Whip|p2a: Evil\n|-supereffective|p2a: Evil\n|-damage|p2a: Evil|26\/100\n|\n|-heal|p2a: Evil|32\/100|[from] item: Leftovers\n|upkeep\n|turn|19\n|\n|t:|1699148399\n|switch|p2a: Kiriko|Delphox, F, shiny|76\/100\n|move|p1a: Nut|Leech Seed|p2a: Kiriko\n|-start|p2a: Kiriko|move: Leech Seed\n|\n|-damage|p2a: Kiriko|63\/100|[from] Leech Seed|[of] p1a: Nut\n|upkeep\n|turn|20\n|\n|t:|1699148411\n|switch|p1a: Husk|Kyurem|58\/100\n|-ability|p1a: Husk|Pressure\n|move|p2a: Kiriko|Flamethrower|p1a: Husk\n|-damage|p1a: Husk|21\/100\n|\n|-damage|p2a: Kiriko|51\/100|[from] Leech Seed|[of] p1a: Husk\n|-heal|p1a: Husk|30\/100|[silent]\n|upkeep\n|turn|21\n|\n|t:|1699148421\n|switch|p1a: Clodrise|Clodsire, M|77\/100\n|move|p2a: Kiriko|Flamethrower|p1a: Clodrise\n|-damage|p1a: Clodrise|53\/100\n|-status|p1a: Clodrise|brn\n|\n|-damage|p2a: Kiriko|39\/100|[from] Leech Seed|[of] p1a: Clodrise\n|-heal|p1a: Clodrise|61\/100 brn|[silent]\n|-damage|p1a: Clodrise|55\/100 brn|[from] brn\n|upkeep\n|turn|22\n|\n|t:|1699148437\n|switch|p2a: Marshmellow|Ribombee, F, shiny|2\/100\n|move|p1a: Clodrise|Earthquake|p2a: Marshmellow\n|-resisted|p2a: Marshmellow\n|-crit|p2a: Marshmellow\n|-damage|p2a: Marshmellow|0 fnt\n|faint|p2a: Marshmellow\n|\n|-damage|p1a: Clodrise|49\/100 brn|[from] brn\n|upkeep\n|c|\u2606AstroCheeseChamp|crit mattered\n|\n|t:|1699148471\n|switch|p2a: Goofball|Tinkaton, F|41\/100\n|-ability|p2a: Goofball|Mold Breaker\n|turn|23\n|\n|t:|1699148487\n|switch|p1a: Nut|Ferrothorn, F, shiny|100\/100\n|move|p2a: Goofball|Knock Off|p1a: Nut\n|-damage|p1a: Nut|87\/100\n|-damage|p2a: Goofball|29\/100|[from] ability: Iron Barbs|[of] p1a: Nut\n|-enditem|p1a: Nut|Leftovers|[from] move: Knock Off|[of] p2a: Goofball\n|\n|-heal|p2a: Goofball|35\/100|[from] item: Leftovers\n|upkeep\n|turn|24\n|\n|t:|1699148495\n|move|p2a: Goofball|Thunder Wave|p1a: Nut\n|-status|p1a: Nut|par\n|cant|p1a: Nut|par\n|\n|-heal|p2a: Goofball|41\/100|[from] item: Leftovers\n|upkeep\n|turn|25\n|\n|t:|1699148508\n|move|p2a: Goofball|Gigaton Hammer|p1a: Nut\n|-resisted|p1a: Nut\n|-damage|p1a: Nut|72\/100 par\n|move|p1a: Nut|Leech Seed|p2a: Goofball\n|-start|p2a: Goofball|move: Leech Seed\n|\n|-heal|p2a: Goofball|47\/100|[from] item: Leftovers\n|-damage|p2a: Goofball|35\/100|[from] Leech Seed|[of] p1a: Nut\n|-heal|p1a: Nut|85\/100 par|[silent]\n|upkeep\n|turn|26\n|\n|t:|1699148522\n|move|p2a: Goofball|Stealth Rock|p1a: Nut\n|-sidestart|p1: AstroCheeseChamp|move: Stealth Rock\n|move|p1a: Nut|Spikes|p2a: Goofball\n|-sidestart|p2: Cold Finally|Spikes\n|\n|-heal|p2a: Goofball|41\/100|[from] item: Leftovers\n|-damage|p2a: Goofball|29\/100|[from] Leech Seed|[of] p1a: Nut\n|-heal|p1a: Nut|98\/100 par|[silent]\n|upkeep\n|turn|27\n|\n|t:|1699148546\n|switch|p2a: Kiriko|Delphox, F, shiny|39\/100\n|-damage|p2a: Kiriko|26\/100|[from] Spikes\n|move|p1a: Nut|Spikes|p2a: Kiriko\n|-sidestart|p2: Cold Finally|Spikes\n|\n|upkeep\n|turn|28\n|\n|t:|1699148587\n|switch|p1a: Clodrise|Clodsire, M|49\/100 brn\n|-damage|p1a: Clodrise|43\/100 brn|[from] Stealth Rock\n|move|p2a: Kiriko|Flamethrower|p1a: Clodrise\n|-damage|p1a: Clodrise|9\/100 brn\n|\n|-damage|p1a: Clodrise|3\/100 brn|[from] brn\n|upkeep\n|turn|29\n|c|\u2606AstroCheeseChamp|why did that do so much\n|c|\u2606AstroCheeseChamp|if you're choice scarfed\n|c|\u2606Cold Finally|all according to plan\n|c|\u2606AstroCheeseChamp|oh\n|c|\u2606AstroCheeseChamp|Blaze, derp\n|\n|t:|1699148645\n|switch|p2a: Evil|Tapu Fini, shiny|32\/100\n|-damage|p2a: Evil|15\/100|[from] Spikes\n|-fieldstart|move: Misty Terrain|[from] ability: Misty Surge|[of] p2a: Evil\n|move|p1a: Clodrise|Recover|p1a: Clodrise\n|-heal|p1a: Clodrise|53\/100 brn\n|\n|-heal|p2a: Evil|21\/100|[from] item: Leftovers\n|-damage|p1a: Clodrise|47\/100 brn|[from] brn\n|upkeep\n|turn|30\n|\n|t:|1699148660\n|switch|p1a: Futakuchi-Onna|Mawile, F, shiny|97\/100\n|-damage|p1a: Futakuchi-Onna|91\/100|[from] Stealth Rock\n|-ability|p1a: Futakuchi-Onna|Intimidate|boost\n|-unboost|p2a: Evil|atk|1\n|move|p2a: Evil|Taunt|p1a: Futakuchi-Onna\n|-start|p1a: Futakuchi-Onna|move: Taunt\n|\n|-heal|p2a: Evil|27\/100|[from] item: Leftovers\n|upkeep\n|turn|31\n|\n|t:|1699148665\n|detailschange|p1a: Futakuchi-Onna|Mawile-Mega, F, shiny\n|-mega|p1a: Futakuchi-Onna|Mawile|Mawilite\n|move|p2a: Evil|Defog|p1a: Futakuchi-Onna\n|-unboost|p1a: Futakuchi-Onna|evasion|1\n|-sideend|p1: AstroCheeseChamp|Stealth Rock|[from] move: Defog|[of] p2a: Evil\n|-sideend|p2: Cold Finally|Spikes|[from] move: Defog|[of] p2a: Evil\n|-fieldend|Misty Terrain\n|move|p1a: Futakuchi-Onna|Play Rough|p2a: Evil\n|-damage|p2a: Evil|0 fnt\n|faint|p2a: Evil\n|\n|upkeep\n|\n|t:|1699148675\n|switch|p2a: Princess|Diancie, shiny|100\/100\n|turn|32\n|c|\u2606AstroCheeseChamp|considering my luck so far this game\n|c|\u2606AstroCheeseChamp|do you think Earth Power will kill?\n|c|\u2606Cold Finally|no\n|c|\u2606AstroCheeseChamp|wrong answer\n|\n|t:|1699148729\n|switch|p1a: Nut|Ferrothorn, F, shiny|98\/100 par\n|detailschange|p2a: Princess|Diancie-Mega, shiny\n|-mega|p2a: Princess|Diancie|Diancite\n|move|p2a: Princess|Earth Power|p1a: Nut\n|-damage|p1a: Nut|73\/100 par\n|\n|upkeep\n|turn|33\n|c|\u2606Cold Finally|I lost the moment you crit hatt\n|\n|t:|1699148760\n|switch|p1a: Gambler|Sneasler, F|100\/100\n|move|p2a: Princess|Mystical Fire|p1a: Gambler\n|-damage|p1a: Gambler|61\/100\n|-unboost|p1a: Gambler|spa|1\n|\n|upkeep\n|turn|34\n|j| Disco 2003\n|c|\u2606AstroCheeseChamp|That certainly didn't help, no\n|\n|t:|1699148819\n|move|p1a: Gambler|U-turn|p2a: Princess\n|-resisted|p2a: Princess\n|-damage|p2a: Princess|85\/100\n|\n|t:|1699148831\n|switch|p1a: Nut|Ferrothorn, F, shiny|73\/100 par|[from] U-turn\n|move|p2a: Princess|Diamond Storm|p1a: Nut\n|-resisted|p1a: Nut\n|-damage|p1a: Nut|55\/100 par\n|-boost|p2a: Princess|def|2\n|\n|upkeep\n|turn|35\n|\n|t:|1699148839\n|move|p2a: Princess|Mystical Fire|p1a: Nut\n|-supereffective|p1a: Nut\n|-damage|p1a: Nut|0 fnt\n|faint|p1a: Nut\n|\n|upkeep\n|\n|t:|1699148846\n|switch|p1a: Hapi|Tapu Lele, shiny|100\/100\n|-fieldstart|move: Psychic Terrain|[from] ability: Psychic Surge|[of] p1a: Hapi\n|turn|36\n|c| Disco 2003|me when diancie\n|\n|t:|1699148865\n|move|p2a: Princess|Diamond Storm|p1a: Hapi\n|-damage|p1a: Hapi|15\/100\n|-zpower|p1a: Hapi\n|move|p1a: Hapi|All-Out Pummeling|p2a: Princess|[zeffect]\n|-damage|p2a: Princess|0 fnt\n|faint|p2a: Princess\n|\n|upkeep\n|c|\u2606AstroCheeseChamp|I tried to go 6-0 but sadly it didn't pan out that way\n|\n|t:|1699148877\n|switch|p2a: Kiriko|Delphox, F, shiny|26\/100\n|turn|37\n|c|\u2606AstroCheeseChamp|oh thank god you didn't sack Tink\n|\n|t:|1699148890\n|move|p2a: Kiriko|Flamethrower|p1a: Hapi\n|-damage|p1a: Hapi|0 fnt\n|faint|p1a: Hapi\n|\n|upkeep\n|\n|t:|1699148898\n|switch|p1a: Gambler|Sneasler, F|61\/100\n|turn|38\n|\n|t:|1699148907\n|move|p1a: Gambler|U-turn|p2a: Kiriko\n|-damage|p2a: Kiriko|0 fnt\n|faint|p2a: Kiriko\n|\n|t:|1699148910\n|switch|p1a: Husk|Kyurem|30\/100|[from] U-turn\n|-ability|p1a: Husk|Pressure\n|\n|upkeep\n|\n|t:|1699148915\n|switch|p2a: Goofball|Tinkaton, F|29\/100\n|-ability|p2a: Goofball|Mold Breaker\n|turn|39\n|c|\u2606AstroCheeseChamp|gg\n|\n|t:|1699148918\n|move|p1a: Husk|Earth Power|p2a: Goofball\n|-supereffective|p2a: Goofball\n|-damage|p2a: Goofball|0 fnt\n|faint|p2a: Goofball\n|\n|win|AstroCheeseChamp\n|c|\u2606Cold Finally|gg\n|l|\u2606AstroCheeseChamp\n|l| Disco 2003\n|player|p2|Cold Finally|iris-masters\n","uploadtime":1699149257,"views":12,"p1id":"astrocheesechamp","p2id":"coldfinally","formatid":"gen9nationaldexubers","rating":0,"private":0,"password":""}