{"id":"gen9nationaldexubers-1979518948","p1":"sussuspotussus","p2":"sis i won LOL","format":"[Gen 9] National Dex Ubers","log":"|j|\u2606sussuspotussus\n|j|\u2606sis i won LOL\n|t:|1698689057\n|gametype|singles\n|player|p1|sussuspotussus|acetrainer|1196\n|player|p2|sis i won LOL|bellelba|1215\n|teamsize|p1|6\n|teamsize|p2|6\n|gen|9\n|tier|[Gen 9] National Dex Ubers\n|rated|\n|rule|HP Percentage Mod: HP is shown in percentages\n|rule|Endless Battle Clause: Forcing endless battles is banned\n|rule|OHKO Clause: OHKO moves are banned\n|rule|Evasion Moves Clause: Evasion moves are banned\n|rule|Evasion Items Clause: Evasion items are banned\n|rule|Species Clause: Limit one of each Pok\u00e9mon\n|rule|Sleep Clause Mod: Limit one foe put to sleep\n|rule|Mega Rayquaza Clause: You cannot mega evolve Rayquaza\n|clearpoke\n|poke|p1|Kingambit, M|\n|poke|p1|Glimmora, M|\n|poke|p1|Dracozolt|\n|poke|p1|Tyranitar, M|\n|poke|p1|Groudon|\n|poke|p1|Pawmot, F|\n|poke|p2|Hatterene, F|\n|poke|p2|Spiritomb, F|\n|poke|p2|Gardevoir, M|\n|poke|p2|Grimmsnarl, M|\n|poke|p2|Delphox, F|\n|poke|p2|Mismagius, F|\n|teampreview\n|inactive|Battle timer is ON: inactive players will automatically lose when time's up. (requested by sis i won LOL)\n|inactive|sussuspotussus also wants the timer to be on.\n|\n|t:|1698689072\n|start\n|switch|p1a: Kingambit|Kingambit, M|100\/100\n|switch|p2a: HATER|Hatterene, F, shiny|100\/100\n|turn|1\n|\n|t:|1698689086\n|move|p1a: Kingambit|Iron Head|p2a: HATER\n|-supereffective|p2a: HATER\n|-damage|p2a: HATER|2\/100\n|move|p2a: HATER|Nuzzle|p1a: Kingambit\n|-damage|p1a: Kingambit|96\/100\n|-status|p1a: Kingambit|par\n|\n|upkeep\n|turn|2\n|inactive|sis i won LOL has 120 seconds left.\n|\n|t:|1698689120\n|move|p1a: Kingambit|Sucker Punch|p2a: HATER\n|-damage|p2a: HATER|0 fnt\n|faint|p2a: HATER\n|\n|upkeep\n|inactive|sis i won LOL has 120 seconds left.\n|\n|t:|1698689133\n|switch|p2a: Merple|Delphox, F, shiny|100\/100\n|turn|3\n|\n|t:|1698689141\n|cant|p1a: Kingambit|par\n|move|p2a: Merple|Calm Mind|p2a: Merple\n|-boost|p2a: Merple|spa|1\n|-boost|p2a: Merple|spd|1\n|\n|upkeep\n|turn|4\n|\n|t:|1698689150\n|move|p1a: Kingambit|Sucker Punch||[still]\n|-fail|p1a: Kingambit\n|move|p2a: Merple|Calm Mind|p2a: Merple\n|-boost|p2a: Merple|spa|1\n|-boost|p2a: Merple|spd|1\n|\n|upkeep\n|turn|5\n|\n|t:|1698689166\n|move|p1a: Kingambit|Sucker Punch|p2a: Merple\n|-supereffective|p2a: Merple\n|-damage|p2a: Merple|0 fnt\n|faint|p2a: Merple\n|\n|upkeep\n|c|\u2606sis i won LOL|Ouch\n|inactive|sis i won LOL has 120 seconds left.\n|c|\u2606sussuspotussus|i knew it\n|\n|t:|1698689183\n|switch|p2a: Merperella|Grimmsnarl, M, shiny|100\/100\n|turn|6\n|\n|t:|1698689192\n|move|p2a: Merperella|Reflect|p2a: Merperella\n|-sidestart|p2: sis i won LOL|Reflect\n|move|p1a: Kingambit|Iron Head|p2a: Merperella\n|-supereffective|p2a: Merperella\n|-damage|p2a: Merperella|48\/100\n|\n|upkeep\n|turn|7\n|\n|t:|1698689200\n|move|p2a: Merperella|Parting Shot|p1a: Kingambit\n|-hint|Since gen 7, Dark is immune to Prankster moves.\n|-immune|p1a: Kingambit\n|move|p1a: Kingambit|Brick Break|p2a: Merperella\n|-sideend|p2: sis i won LOL|Reflect\n|-damage|p2a: Merperella|16\/100\n|\n|upkeep\n|turn|8\n|\n|t:|1698689211\n|move|p2a: Merperella|Spirit Break|p1a: Kingambit\n|-damage|p1a: Kingambit|70\/100 par\n|-unboost|p1a: Kingambit|spa|1\n|cant|p1a: Kingambit|par\n|\n|upkeep\n|turn|9\n|\n|t:|1698689220\n|move|p2a: Merperella|Reflect|p2a: Merperella\n|-sidestart|p2: sis i won LOL|Reflect\n|move|p1a: Kingambit|Sucker Punch||[still]\n|-fail|p1a: Kingambit\n|\n|upkeep\n|turn|10\n|\n|t:|1698689226\n|move|p2a: Merperella|Spirit Break|p1a: Kingambit\n|-damage|p1a: Kingambit|42\/100 par\n|-unboost|p1a: Kingambit|spa|1\n|move|p1a: Kingambit|Brick Break|p2a: Merperella\n|-sideend|p2: sis i won LOL|Reflect\n|-damage|p2a: Merperella|0 fnt\n|faint|p2a: Merperella\n|\n|upkeep\n|\n|t:|1698689238\n|switch|p2a: QUEEEEEEN|Gardevoir, M, shiny|100\/100\n|turn|11\n|\n|t:|1698689249\n|detailschange|p2a: QUEEEEEEN|Gardevoir-Mega, M, shiny\n|-mega|p2a: QUEEEEEEN|Gardevoir|Gardevoirite\n|move|p2a: QUEEEEEEN|Hyper Voice|p1a: Kingambit\n|-damage|p1a: Kingambit|7\/100 par\n|move|p1a: Kingambit|Iron Head|p2a: QUEEEEEEN\n|-supereffective|p2a: QUEEEEEEN\n|-damage|p2a: QUEEEEEEN|0 fnt\n|faint|p2a: QUEEEEEEN\n|\n|upkeep\n|\n|t:|1698689255\n|switch|p2a: Yellow40|Mismagius, F, shiny|100\/100\n|turn|12\n|\n|t:|1698689265\n|-terastallize|p2a: Yellow40|Electric\n|cant|p1a: Kingambit|par\n|move|p2a: Yellow40|Thunderbolt|p1a: Kingambit\n|-damage|p1a: Kingambit|0 fnt\n|faint|p1a: Kingambit\n|-end|p1a: Kingambit|fallenundefined|[silent]\n|\n|upkeep\n|\n|t:|1698689278\n|switch|p1a: Pawmot|Pawmot, F|100\/100\n|turn|13\n|\n|t:|1698689285\n|switch|p2a: Library is OPEN|Spiritomb, F, shiny|100\/100\n|move|p1a: Pawmot|Fake Out|p2a: Library is OPEN\n|-immune|p2a: Library is OPEN\n|\n|upkeep\n|turn|14\n|\n|t:|1698689290\n|move|p1a: Pawmot|Revival Blessing|p1a: Pawmot\n|-enditem|p1a: Pawmot|Leppa Berry|[eat]\n|-activate|p1a: Pawmot|item: Leppa Berry|Revival Blessing|[consumed]\n|\n|t:|1698689296\n|-heal|p1: Kingambit|50\/100|[from] move: Revival Blessing\n|move|p2a: Library is OPEN|Will-O-Wisp|p1a: Pawmot\n|-status|p1a: Pawmot|brn\n|\n|-damage|p1a: Pawmot|94\/100 brn|[from] brn\n|upkeep\n|turn|15\n|\n|t:|1698689316\n|-curestatus|p1a: Pawmot|brn|[from] ability: Natural Cure\n|switch|p1a: Groudon|Groudon|100\/100\n|detailschange|p1a: Groudon|Groudon-Primal\n|-primal|p1a: Groudon|Red Orb\n|-weather|DesolateLand|[from] ability: Desolate Land|[of] p1a: Groudon\n|move|p2a: Library is OPEN|Hex|p1a: Groudon\n|-damage|p1a: Groudon|76\/100\n|\n|-weather|DesolateLand|[upkeep]\n|upkeep\n|turn|16\n|c|\u2606sis i won LOL|I did not know pawmot had tht ability lol\n|\n|t:|1698689339\n|move|p1a: Groudon|Heat Crash|p2a: Library is OPEN\n|-damage|p2a: Library is OPEN|0 fnt\n|faint|p2a: Library is OPEN\n|\n|-weather|DesolateLand|[upkeep]\n|upkeep\n|\n|t:|1698689341\n|switch|p2a: Yellow40|Mismagius, F, shiny, tera:Electric|100\/100\n|turn|17\n|c|\u2606sussuspotussus|i forgot i gave it that\n|\n|t:|1698689349\n|move|p2a: Yellow40|Energy Ball|p1a: Groudon\n|-damage|p1a: Groudon|47\/100\n|move|p1a: Groudon|Heat Crash|p2a: Yellow40\n|-damage|p2a: Yellow40|0 fnt\n|faint|p2a: Yellow40\n|\n|win|sussuspotussus\n|raw|sussuspotussus's rating: 1196 &rarr; <strong>1222<\/strong><br \/>(+26 for winning)\n|raw|sis i won LOL's rating: 1215 &rarr; <strong>1189<\/strong><br \/>(-26 for losing)\n|c|\u2606sis i won LOL|Gg wp!\n|c|\u2606sussuspotussus|gg\n|l|\u2606sis i won LOL\n","uploadtime":1698689366,"views":12,"p1id":"sussuspotussus","p2id":"sisiwonlol","formatid":"gen9nationaldexubers","rating":1189,"private":0,"password":""}