{"id":"gen9nationaldexubers-1996256486","p1":"ihateclodsire","p2":"poke\\(0w0)\/ball","format":"[Gen 9] National Dex Ubers","log":"|j|\u2606ihateclodsire\n|j|\u2606poke\\(0w0)\/ball\n|t:|1700664611\n|gametype|singles\n|player|p1|ihateclodsire|gambler|1284\n|player|p2|poke\\(0w0)\/ball|unknown|1260\n|teamsize|p1|6\n|teamsize|p2|6\n|gen|9\n|tier|[Gen 9] National Dex Ubers\n|rated|\n|rule|HP Percentage Mod: HP is shown in percentages\n|rule|Endless Battle Clause: Forcing endless battles is banned\n|rule|OHKO Clause: OHKO moves are banned\n|rule|Evasion Moves Clause: Evasion moves are banned\n|rule|Evasion Items Clause: Evasion items are banned\n|rule|Species Clause: Limit one of each Pok\u00e9mon\n|rule|Sleep Clause Mod: Limit one foe put to sleep\n|rule|Mega Rayquaza Clause: You cannot mega evolve Rayquaza\n|clearpoke\n|poke|p1|Lucario, M|\n|poke|p1|Mewtwo|\n|poke|p1|Kyogre|\n|poke|p1|Groudon|\n|poke|p1|Rotom-Wash|\n|poke|p1|Espathra, M|\n|poke|p2|Necrozma-Dusk-Mane|\n|poke|p2|Zacian-*|\n|poke|p2|Regieleki|\n|poke|p2|Lunala|\n|poke|p2|Tapu Fini|\n|poke|p2|Kingambit, M|\n|teampreview\n|\n|t:|1700664624\n|start\n|switch|p1a: Rotom|Rotom-Wash|100\/100\n|switch|p2a: Lunala|Lunala|100\/100\n|turn|1\n|\n|t:|1700664632\n|-terastallize|p2a: Lunala|Dark\n|move|p1a: Rotom|Trick|p2a: Lunala\n|-activate|p1a: Rotom|move: Trick|[of] p2a: Lunala\n|-item|p2a: Lunala|Choice Scarf|[from] move: Trick\n|-item|p1a: Rotom|Leftovers|[from] move: Trick\n|move|p2a: Lunala|Hypnosis|p1a: Rotom|[miss]\n|-miss|p2a: Lunala|p1a: Rotom\n|\n|upkeep\n|turn|2\n|\n|t:|1700664641\n|move|p2a: Lunala|Hypnosis|p1a: Rotom|[miss]\n|-miss|p2a: Lunala|p1a: Rotom\n|move|p1a: Rotom|Thunder Wave|p2a: Lunala\n|-status|p2a: Lunala|par\n|\n|upkeep\n|turn|3\n|\n|t:|1700664656\n|move|p1a: Rotom|Thunder|p2a: Lunala\n|-damage|p2a: Lunala|86\/100 par\n|move|p2a: Lunala|Hypnosis|p1a: Rotom|[miss]\n|-miss|p2a: Lunala|p1a: Rotom\n|\n|upkeep\n|turn|4\n|\n|t:|1700664671\n|move|p1a: Rotom|Thunder|p2a: Lunala\n|-damage|p2a: Lunala|59\/100 par\n|move|p2a: Lunala|Hypnosis|p1a: Rotom|[miss]\n|-miss|p2a: Lunala|p1a: Rotom\n|\n|upkeep\n|turn|5\n|\n|t:|1700664685\n|move|p1a: Rotom|Thunder|p2a: Lunala\n|-crit|p2a: Lunala\n|-damage|p2a: Lunala|17\/100 par\n|move|p2a: Lunala|Hypnosis|p1a: Rotom|[miss]\n|-miss|p2a: Lunala|p1a: Rotom\n|\n|upkeep\n|turn|6\n|\n|t:|1700664696\n|move|p1a: Rotom|Thunder|p2a: Lunala|[miss]\n|-miss|p1a: Rotom|p2a: Lunala\n|move|p2a: Lunala|Hypnosis|p1a: Rotom|[miss]\n|-miss|p2a: Lunala|p1a: Rotom\n|\n|upkeep\n|turn|7\n|\n|t:|1700664708\n|move|p1a: Rotom|Thunder|p2a: Lunala|[miss]\n|-miss|p1a: Rotom|p2a: Lunala\n|move|p2a: Lunala|Hypnosis|p1a: Rotom|[miss]\n|-miss|p2a: Lunala|p1a: Rotom\n|\n|upkeep\n|turn|8\n|\n|t:|1700664723\n|move|p1a: Rotom|Thunder|p2a: Lunala\n|-crit|p2a: Lunala\n|-damage|p2a: Lunala|0 fnt\n|faint|p2a: Lunala\n|\n|upkeep\n|\n|t:|1700664757\n|switch|p2a: Regieleki|Regieleki|100\/100\n|turn|9\n|\n|t:|1700664767\n|switch|p1a: Groudon|Groudon, shiny|100\/100\n|detailschange|p1a: Groudon|Groudon-Primal, shiny\n|-primal|p1a: Groudon|Red Orb\n|-weather|DesolateLand|[from] ability: Desolate Land|[of] p1a: Groudon\n|move|p2a: Regieleki|Zap Cannon|p1a: Groudon\n|-immune|p1a: Groudon\n|\n|-weather|DesolateLand|[upkeep]\n|upkeep\n|turn|10\n|\n|t:|1700664779\n|switch|p2a: Tapu Fini|Tapu Fini|100\/100\n|-fieldstart|move: Misty Terrain|[from] ability: Misty Surge|[of] p2a: Tapu Fini\n|move|p1a: Groudon|Precipice Blades|p2a: Tapu Fini\n|-damage|p2a: Tapu Fini|34\/100\n|\n|-weather|DesolateLand|[upkeep]\n|-heal|p2a: Tapu Fini|40\/100|[from] item: Leftovers\n|upkeep\n|turn|11\n|\n|t:|1700664800\n|move|p1a: Groudon|Solar Beam||[still]\n|-prepare|p1a: Groudon|Solar Beam\n|-anim|p1a: Groudon|Solar Beam|p2a: Tapu Fini\n|-supereffective|p2a: Tapu Fini\n|-damage|p2a: Tapu Fini|0 fnt\n|faint|p2a: Tapu Fini\n|\n|-weather|DesolateLand|[upkeep]\n|upkeep\n|\n|t:|1700664816\n|switch|p2a: Necrozma|Necrozma-Dusk-Mane|100\/100\n|turn|12\n|\n|t:|1700664821\n|detailschange|p2a: Necrozma|Necrozma-Ultra\n|-burst|p2a: Necrozma|Necrozma|Ultranecrozium Z\n|move|p2a: Necrozma|Dragon Dance|p2a: Necrozma\n|-boost|p2a: Necrozma|atk|1\n|-boost|p2a: Necrozma|spe|1\n|move|p1a: Groudon|Fire Blast|p2a: Necrozma\n|-resisted|p2a: Necrozma\n|-damage|p2a: Necrozma|61\/100\n|\n|-weather|DesolateLand|[upkeep]\n|upkeep\n|turn|13\n|\n|t:|1700664833\n|move|p2a: Necrozma|Dragon Dance|p2a: Necrozma\n|-boost|p2a: Necrozma|atk|1\n|-boost|p2a: Necrozma|spe|1\n|move|p1a: Groudon|Precipice Blades|p2a: Necrozma\n|-damage|p2a: Necrozma|12\/100\n|\n|-weather|DesolateLand|[upkeep]\n|upkeep\n|turn|14\n|\n|t:|1700664840\n|-zpower|p2a: Necrozma\n|move|p2a: Necrozma|Light That Burns the Sky|p1a: Groudon|[zeffect]\n|-damage|p1a: Groudon|0 fnt\n|faint|p1a: Groudon\n|-weather|none\n|\n|-fieldend|Misty Terrain\n|upkeep\n|\n|t:|1700664850\n|switch|p1a: Lucario|Lucario, M|100\/100\n|turn|15\n|\n|t:|1700664860\n|detailschange|p1a: Lucario|Lucario-Mega, M\n|-mega|p1a: Lucario|Lucario|Lucarionite\n|move|p1a: Lucario|Bullet Punch|p2a: Necrozma\n|-damage|p2a: Necrozma|0 fnt\n|faint|p2a: Necrozma\n|\n|upkeep\n|\n|t:|1700664876\n|switch|p2a: Zacian|Zacian-Crowned|100\/100\n|-ability|p2a: Zacian|Intrepid Sword|boost\n|-boost|p2a: Zacian|atk|1\n|turn|16\n|\n|t:|1700664924\n|move|p2a: Zacian|Close Combat|p1a: Lucario\n|-supereffective|p1a: Lucario\n|-damage|p1a: Lucario|0 fnt\n|-unboost|p2a: Zacian|def|1\n|-unboost|p2a: Zacian|spd|1\n|faint|p1a: Lucario\n|\n|upkeep\n|\n|t:|1700664934\n|switch|p1a: Espathra|Espathra, M|100\/100\n|turn|17\n|\n|t:|1700664964\n|move|p2a: Zacian|Trailblaze|p1a: Espathra\n|-damage|p1a: Espathra|55\/100\n|-boost|p2a: Zacian|spe|1\n|move|p1a: Espathra|Calm Mind|p1a: Espathra\n|-boost|p1a: Espathra|spa|1\n|-boost|p1a: Espathra|spd|1\n|\n|-ability|p1a: Espathra|Speed Boost|boost\n|-boost|p1a: Espathra|spe|1\n|upkeep\n|turn|18\n|\n|t:|1700664975\n|-terastallize|p1a: Espathra|Fire\n|move|p2a: Zacian|Behemoth Blade|p1a: Espathra\n|-resisted|p1a: Espathra\n|-damage|p1a: Espathra|0 fnt\n|faint|p1a: Espathra\n|\n|upkeep\n|-message|ihateclodsire forfeited.\n|\n|win|poke\\(0w0)\/ball\n|raw|ihateclodsire's rating: 1284 &rarr; <strong>1257<\/strong><br \/>(-27 for losing)\n|raw|poke\\(0w0)&#x2f;ball's rating: 1260 &rarr; <strong>1287<\/strong><br \/>(+27 for winning)\n|l|\u2606ihateclodsire\n","uploadtime":1700664990,"views":5,"p1id":"ihateclodsire","p2id":"poke0w0ball","formatid":"gen9nationaldexubers","rating":1257,"private":0,"password":""}