{"id":"gen9nationaldexubers-1984224952","p1":"applesaucem13","p2":"SaintZoroark","format":"[Gen 9] National Dex Ubers","log":"|j|\u2606applesaucem13\n|j|\u2606SaintZoroark\n|t:|1699232200\n|gametype|singles\n|player|p1|applesaucem13|hugh|\n|player|p2|SaintZoroark|ethan|\n|teamsize|p1|6\n|teamsize|p2|6\n|gen|9\n|tier|[Gen 9] National Dex Ubers\n|rule|HP Percentage Mod: HP is shown in percentages\n|rule|Endless Battle Clause: Forcing endless battles is banned\n|rule|OHKO Clause: OHKO moves are banned\n|rule|Evasion Moves Clause: Evasion moves are banned\n|rule|Evasion Items Clause: Evasion items are banned\n|rule|Species Clause: Limit one of each Pok\u00e9mon\n|rule|Sleep Clause Mod: Limit one foe put to sleep\n|rule|Mega Rayquaza Clause: You cannot mega evolve Rayquaza\n|clearpoke\n|poke|p1|Roserade, F|\n|poke|p1|Steelix, M|\n|poke|p1|Palafin, F|\n|poke|p1|Arcanine, M|\n|poke|p1|Ursaluna-Bloodmoon, M|\n|poke|p1|Slither Wing|\n|poke|p2|Sharpedo, M|\n|poke|p2|Amoonguss, M|\n|poke|p2|Thundurus, M|\n|poke|p2|Espeon, M|\n|poke|p2|Crustle, M|\n|poke|p2|Arcanine-Hisui, M|\n|teampreview\n|j| Aloe Vera Plant\n|j| StanchYeti\n|\n|t:|1699232237\n|start\n|switch|p1a: Palafin|Palafin, F|100\/100\n|switch|p2a: Limestone|Crustle, M, shiny|100\/100\n|turn|1\n|\n|t:|1699232252\n|detailschange|p1a: Palafin|Palafin-Hero, F\n|switch|p1a: Roserade|Roserade, F|100\/100\n|move|p2a: Limestone|Spikes|p1a: Roserade\n|-sidestart|p1: applesaucem13|Spikes\n|\n|upkeep\n|turn|2\n|\n|t:|1699232260\n|move|p1a: Roserade|Leech Seed|p2a: Limestone|[miss]\n|-miss|p1a: Roserade|p2a: Limestone\n|move|p2a: Limestone|Knock Off|p1a: Roserade\n|-damage|p1a: Roserade|67\/100\n|-enditem|p1a: Roserade|Black Sludge|[from] move: Knock Off|[of] p2a: Limestone\n|\n|upkeep\n|turn|3\n|\n|t:|1699232267\n|move|p1a: Roserade|Leech Seed|p2a: Limestone\n|-start|p2a: Limestone|move: Leech Seed\n|move|p2a: Limestone|Spikes|p1a: Roserade\n|-sidestart|p1: applesaucem13|Spikes\n|\n|-damage|p2a: Limestone|88\/100|[from] Leech Seed|[of] p1a: Roserade\n|-heal|p1a: Roserade|80\/100|[silent]\n|upkeep\n|turn|4\n|\n|t:|1699232280\n|move|p1a: Roserade|Toxic Spikes|p2a: Limestone\n|-sidestart|p2: SaintZoroark|move: Toxic Spikes\n|move|p2a: Limestone|Spikes|p1a: Roserade\n|-sidestart|p1: applesaucem13|Spikes\n|\n|-heal|p2a: Limestone|94\/100|[from] item: Leftovers\n|-damage|p2a: Limestone|82\/100|[from] Leech Seed|[of] p1a: Roserade\n|-heal|p1a: Roserade|93\/100|[silent]\n|upkeep\n|turn|5\n|\n|t:|1699232291\n|move|p1a: Roserade|Toxic Spikes|p2a: Limestone\n|-sidestart|p2: SaintZoroark|move: Toxic Spikes\n|move|p2a: Limestone|Spikes||[still]\n|-fail|p2a: Limestone\n|\n|-heal|p2a: Limestone|88\/100|[from] item: Leftovers\n|-damage|p2a: Limestone|76\/100|[from] Leech Seed|[of] p1a: Roserade\n|-heal|p1a: Roserade|100\/100|[silent]\n|upkeep\n|turn|6\n|\n|t:|1699232303\n|move|p1a: Roserade|Grassy Terrain|p1a: Roserade\n|-fieldstart|move: Grassy Terrain\n|move|p2a: Limestone|Stealth Rock|p1a: Roserade\n|-sidestart|p1: applesaucem13|move: Stealth Rock\n|\n|-heal|p2a: Limestone|82\/100|[from] Grassy Terrain\n|-heal|p2a: Limestone|88\/100|[from] item: Leftovers\n|-damage|p2a: Limestone|76\/100|[from] Leech Seed|[of] p1a: Roserade\n|upkeep\n|turn|7\n|\n|t:|1699232315\n|switch|p1a: Palafin|Palafin-Hero, F|100\/100\n|-damage|p1a: Palafin|76\/100|[from] Spikes\n|-damage|p1a: Palafin|63\/100|[from] Stealth Rock\n|-activate|p1a: Palafin|ability: Zero to Hero\n|-enditem|p1a: Palafin|Grassy Seed\n|-boost|p1a: Palafin|def|1|[from] item: Grassy Seed\n|switch|p2a: Imposter|Amoonguss, M|100\/100\n|-sideend|p2: SaintZoroark|move: Toxic Spikes|[of] p2a: Imposter\n|\n|-heal|p1a: Palafin|69\/100|[from] Grassy Terrain\n|upkeep\n|turn|8\n|\n|t:|1699232343\n|move|p1a: Palafin|Bulk Up|p1a: Palafin\n|-boost|p1a: Palafin|atk|1\n|-boost|p1a: Palafin|def|1\n|move|p2a: Imposter|Giga Drain|p1a: Palafin\n|-supereffective|p1a: Palafin\n|-damage|p1a: Palafin|2\/100\n|\n|-heal|p1a: Palafin|8\/100|[from] Grassy Terrain\n|upkeep\n|turn|9\n|\n|t:|1699232354\n|move|p1a: Palafin|Zen Headbutt|p2a: Imposter\n|-supereffective|p2a: Imposter\n|-damage|p2a: Imposter|0 fnt\n|faint|p2a: Imposter\n|\n|-heal|p1a: Palafin|14\/100|[from] Grassy Terrain\n|upkeep\n|\n|t:|1699232358\n|switch|p2a: Ponyboy|Arcanine-Hisui, M, shiny|100\/100\n|turn|10\n|\n|t:|1699232365\n|move|p2a: Ponyboy|Extreme Speed|p1a: Palafin\n|-damage|p1a: Palafin|2\/100\n|move|p1a: Palafin|Jet Punch|p2a: Ponyboy\n|-supereffective|p2a: Ponyboy\n|-damage|p2a: Ponyboy|0 fnt\n|faint|p2a: Ponyboy\n|\n|-heal|p1a: Palafin|8\/100|[from] Grassy Terrain\n|-fieldend|move: Grassy Terrain\n|upkeep\n|\n|t:|1699232396\n|switch|p2a: Limestone|Crustle, M, shiny|76\/100\n|turn|11\n|\n|t:|1699232400\n|move|p1a: Palafin|Jet Punch|p2a: Limestone\n|-supereffective|p2a: Limestone\n|-damage|p2a: Limestone|3\/100\n|move|p2a: Limestone|Body Press|p1a: Palafin\n|-damage|p1a: Palafin|0 fnt\n|faint|p1a: Palafin\n|\n|-heal|p2a: Limestone|9\/100|[from] item: Leftovers\n|upkeep\n|\n|t:|1699232411\n|switch|p1a: Arcanine|Arcanine, M|100\/100\n|-ability|p1a: Arcanine|Intimidate|boost\n|-unboost|p2a: Limestone|atk|1\n|turn|12\n|\n|t:|1699232425\n|-terastallize|p1a: Arcanine|Fire\n|move|p1a: Arcanine|Flare Blitz|p2a: Limestone\n|-damage|p2a: Limestone|0 fnt\n|faint|p2a: Limestone\n|-damage|p1a: Arcanine|98\/100|[from] Recoil\n|\n|upkeep\n|\n|t:|1699232433\n|switch|p2a: SeaHake|Sharpedo, M, shiny|100\/100\n|turn|13\n|\n|t:|1699232459\n|detailschange|p2a: SeaHake|Sharpedo-Mega, M, shiny\n|-mega|p2a: SeaHake|Sharpedo|Sharpedonite\n|move|p2a: SeaHake|Flip Turn|p1a: Arcanine\n|-supereffective|p1a: Arcanine\n|-damage|p1a: Arcanine|12\/100\n|\n|t:|1699232466\n|switch|p2a: Will Smith|Thundurus, M|100\/100|[from] Flip Turn\n|move|p1a: Arcanine|Will-O-Wisp|p2a: Will Smith\n|-status|p2a: Will Smith|brn\n|\n|-damage|p2a: Will Smith|94\/100 brn|[from] brn\n|upkeep\n|turn|14\n|\n|t:|1699232474\n|move|p1a: Arcanine|Extreme Speed|p2a: Will Smith\n|-damage|p2a: Will Smith|56\/100 brn\n|-enditem|p2a: Will Smith|Red Card|[of] p1a: Arcanine\n|drag|p1a: Roserade|Roserade, F|100\/100\n|-damage|p1a: Roserade|75\/100|[from] Spikes\n|-damage|p1a: Roserade|63\/100|[from] Stealth Rock\n|move|p2a: Will Smith|Thunder Punch|p1a: Roserade\n|-resisted|p1a: Roserade\n|-damage|p1a: Roserade|50\/100\n|\n|-damage|p2a: Will Smith|50\/100 brn|[from] brn\n|upkeep\n|turn|15\n|\n|t:|1699232489\n|move|p2a: Will Smith|Acrobatics|p1a: Roserade\n|-supereffective|p1a: Roserade\n|-damage|p1a: Roserade|0 fnt\n|faint|p1a: Roserade\n|\n|-damage|p2a: Will Smith|44\/100 brn|[from] brn\n|upkeep\n|\n|t:|1699232503\n|switch|p1a: Steelix|Steelix, M|100\/100\n|-damage|p1a: Steelix|76\/100|[from] Spikes\n|-damage|p1a: Steelix|73\/100|[from] Stealth Rock\n|turn|16\n|\n|t:|1699232520\n|detailschange|p1a: Steelix|Steelix-Mega, M\n|-mega|p1a: Steelix|Steelix|Steelixite\n|move|p2a: Will Smith|U-turn|p1a: Steelix\n|-resisted|p1a: Steelix\n|-damage|p1a: Steelix|69\/100\n|\n|t:|1699232537\n|switch|p2a: SeaHake|Sharpedo-Mega, M, shiny|100\/100|[from] U-turn\n|move|p1a: Steelix|Head Smash|p2a: SeaHake\n|-damage|p2a: SeaHake|15\/100\n|-damage|p1a: Steelix|28\/100|[from] Recoil\n|\n|upkeep\n|turn|17\n|\n|t:|1699232547\n|move|p2a: SeaHake|Flip Turn|p1a: Steelix\n|-supereffective|p1a: Steelix\n|-damage|p1a: Steelix|0 fnt\n|faint|p1a: Steelix\n|\n|t:|1699232549\n|switch|p2a: Will Smith|Thundurus, M|44\/100 brn|[from] Flip Turn\n|\n|-damage|p2a: Will Smith|38\/100 brn|[from] brn\n|upkeep\n|\n|t:|1699232554\n|switch|p1a: Arcanine|Arcanine, M, tera:Fire|12\/100\n|-ability|p1a: Arcanine|Intimidate|boost\n|-unboost|p2a: Will Smith|atk|1\n|turn|18\n|\n|t:|1699232568\n|move|p1a: Arcanine|Extreme Speed|p2a: Will Smith\n|-damage|p2a: Will Smith|2\/100 brn\n|move|p2a: Will Smith|Acrobatics|p1a: Arcanine\n|-damage|p1a: Arcanine|0 fnt\n|faint|p1a: Arcanine\n|\n|-damage|p2a: Will Smith|0 fnt|[from] brn\n|faint|p2a: Will Smith\n|upkeep\n|\n|t:|1699232606\n|switch|p2a: SeaHake|Sharpedo-Mega, M, shiny|15\/100\n|switch|p1a: Slither Wing|Slither Wing|100\/100\n|-damage|p1a: Slither Wing|76\/100|[from] Spikes\n|-damage|p1a: Slither Wing|64\/100|[from] Stealth Rock\n|turn|19\n|\n|t:|1699232631\n|move|p2a: SeaHake|Flip Turn|p1a: Slither Wing\n|-damage|p1a: Slither Wing|21\/100\n|\n|t:|1699232641\n|switch|p2a: Piccolo|Espeon, M, shiny|100\/100|[from] Flip Turn\n|move|p1a: Slither Wing|Bulk Up|p1a: Slither Wing\n|-boost|p1a: Slither Wing|atk|1\n|-boost|p1a: Slither Wing|def|1\n|\n|-heal|p1a: Slither Wing|27\/100|[from] item: Leftovers\n|upkeep\n|turn|20\n|\n|t:|1699232656\n|move|p2a: Piccolo|Psyshock|p1a: Slither Wing\n|-supereffective|p1a: Slither Wing\n|-damage|p1a: Slither Wing|0 fnt\n|faint|p1a: Slither Wing\n|-end|p1a: Slither Wing|Protosynthesis|[silent]\n|-damage|p2a: Piccolo|91\/100|[from] item: Life Orb\n|\n|upkeep\n|\n|t:|1699232661\n|switch|p1a: Ursaluna|Ursaluna-Bloodmoon, M|100\/100\n|-damage|p1a: Ursaluna|76\/100|[from] Spikes\n|-damage|p1a: Ursaluna|70\/100|[from] Stealth Rock\n|turn|21\n|\n|t:|1699232677\n|move|p2a: Piccolo|Psyshock|p1a: Ursaluna\n|-damage|p1a: Ursaluna|27\/100\n|-damage|p2a: Piccolo|81\/100|[from] item: Life Orb\n|move|p1a: Ursaluna|Calm Mind|p1a: Ursaluna\n|-boost|p1a: Ursaluna|spa|1\n|-boost|p1a: Ursaluna|spd|1\n|\n|-heal|p1a: Ursaluna|33\/100|[from] item: Leftovers\n|upkeep\n|turn|22\n|\n|t:|1699232688\n|move|p2a: Piccolo|Psyshock|p1a: Ursaluna\n|-damage|p1a: Ursaluna|0 fnt\n|faint|p1a: Ursaluna\n|-damage|p2a: Piccolo|71\/100|[from] item: Life Orb\n|\n|win|SaintZoroark\n|l|\u2606applesaucem13\n|l| Aloe Vera Plant\n","uploadtime":1699232744,"views":5,"p1id":"applesaucem13","p2id":"saintzoroark","formatid":"gen9nationaldexubers","rating":0,"private":0,"password":""}