{"id":"gen9nationaldexubers-1988721510","p1":"TRYHARDERIDONTLOSE","p2":"CorajosoKK","format":"[Gen 9] National Dex Ubers","log":"|j|\u2606TRYHARDERIDONTLOSE\n|j|\u2606CorajosoKK\n|t:|1699754808\n|gametype|singles\n|player|p1|TRYHARDERIDONTLOSE|cyclist|1075\n|player|p2|CorajosoKK|richboy|1070\n|teamsize|p1|6\n|teamsize|p2|6\n|gen|9\n|tier|[Gen 9] National Dex Ubers\n|rated|\n|rule|HP Percentage Mod: HP is shown in percentages\n|rule|Endless Battle Clause: Forcing endless battles is banned\n|rule|OHKO Clause: OHKO moves are banned\n|rule|Evasion Moves Clause: Evasion moves are banned\n|rule|Evasion Items Clause: Evasion items are banned\n|rule|Species Clause: Limit one of each Pok\u00e9mon\n|rule|Sleep Clause Mod: Limit one foe put to sleep\n|rule|Mega Rayquaza Clause: You cannot mega evolve Rayquaza\n|clearpoke\n|poke|p1|Charizard, F|\n|poke|p1|Gengar, F|\n|poke|p1|Moltres|\n|poke|p1|Gyarados, M|\n|poke|p1|Dragonite, F|\n|poke|p1|Mewtwo|\n|poke|p2|Shuckle, F|\n|poke|p2|Dracovish|\n|poke|p2|Grimmsnarl, M|\n|poke|p2|Mimikyu, F|\n|poke|p2|Darmanitan-Galar, M|\n|poke|p2|Inteleon, M|\n|teampreview\n|\n|t:|1699754813\n|start\n|switch|p1a: Gyarados|Gyarados, M|100\/100\n|switch|p2a: Shuckle|Shuckle, F|100\/100\n|-ability|p1a: Gyarados|Intimidate|boost\n|-unboost|p2a: Shuckle|atk|1\n|turn|1\n|\n|t:|1699754840\n|move|p1a: Gyarados|Waterfall|p2a: Shuckle\n|-supereffective|p2a: Shuckle\n|-damage|p2a: Shuckle|41\/100\n|cant|p2a: Shuckle|flinch\n|\n|upkeep\n|turn|2\n|inactive|Battle timer is ON: inactive players will automatically lose when time's up. (requested by CorajosoKK)\n|\n|t:|1699754855\n|move|p1a: Gyarados|Waterfall|p2a: Shuckle\n|-supereffective|p2a: Shuckle\n|-damage|p2a: Shuckle|0 fnt\n|faint|p2a: Shuckle\n|\n|upkeep\n|\n|t:|1699754865\n|switch|p2a: Darmanitan|Darmanitan-Galar, M|100\/100\n|turn|3\n|\n|t:|1699754870\n|move|p2a: Darmanitan|Icicle Crash|p1a: Gyarados\n|-damage|p1a: Gyarados|0 fnt\n|faint|p1a: Gyarados\n|\n|upkeep\n|\n|t:|1699754885\n|switch|p1a: Moltres|Moltres|100\/100\n|turn|4\n|\n|t:|1699754894\n|move|p2a: Darmanitan|Icicle Crash|p1a: Moltres\n|-damage|p1a: Moltres|7\/100\n|cant|p1a: Moltres|flinch\n|\n|upkeep\n|turn|5\n|\n|t:|1699754900\n|move|p2a: Darmanitan|Icicle Crash|p1a: Moltres\n|-damage|p1a: Moltres|0 fnt\n|faint|p1a: Moltres\n|\n|upkeep\n|\n|t:|1699754903\n|switch|p1a: Charizard|Charizard, F|100\/100\n|turn|6\n|\n|t:|1699754911\n|switch|p2a: Inteleon|Inteleon, M|100\/100\n|-terastallize|p1a: Charizard|Fire\n|move|p1a: Charizard|Flame Charge|p2a: Inteleon\n|-resisted|p2a: Inteleon\n|-damage|p2a: Inteleon|73\/100\n|-boost|p1a: Charizard|spe|1\n|\n|upkeep\n|turn|7\n|\n|t:|1699754925\n|move|p1a: Charizard|Dual Wingbeat|p2a: Inteleon\n|-damage|p2a: Inteleon|46\/100\n|-damage|p2a: Inteleon|19\/100\n|-hitcount|p2a: Inteleon|2\n|move|p2a: Inteleon|Surf|p1a: Charizard\n|-supereffective|p1a: Charizard\n|-damage|p1a: Charizard|0 fnt\n|faint|p1a: Charizard\n|\n|upkeep\n|\n|t:|1699754930\n|switch|p1a: Dragonite|Dragonite, F|100\/100\n|turn|8\n|\n|t:|1699754938\n|move|p1a: Dragonite|Extreme Speed|p2a: Inteleon\n|-damage|p2a: Inteleon|0 fnt\n|faint|p2a: Inteleon\n|\n|upkeep\n|\n|t:|1699754955\n|switch|p2a: Mimikyu|Mimikyu, F, shiny|100\/100\n|turn|9\n|\n|t:|1699754970\n|-zpower|p2a: Mimikyu\n|move|p2a: Mimikyu|Let's Snuggle Forever|p1a: Dragonite|[zeffect]\n|-supereffective|p1a: Dragonite\n|-damage|p1a: Dragonite|23\/100\n|-enditem|p1a: Dragonite|Weakness Policy\n|-boost|p1a: Dragonite|atk|2|[from] item: Weakness Policy\n|-boost|p1a: Dragonite|spa|2|[from] item: Weakness Policy\n|move|p1a: Dragonite|Thunder Punch|p2a: Mimikyu\n|-activate|p2a: Mimikyu|ability: Disguise\n|-damage|p2a: Mimikyu|100\/100\n|detailschange|p2a: Mimikyu|Mimikyu-Busted, F, shiny\n|-damage|p2a: Mimikyu|88\/100|[from] pokemon: Mimikyu-Busted\n|\n|upkeep\n|turn|10\n|\n|t:|1699754986\n|switch|p1a: Gengar|Gengar, F|100\/100\n|move|p2a: Mimikyu|Play Rough|p1a: Gengar\n|-resisted|p1a: Gengar\n|-damage|p1a: Gengar|64\/100\n|-start|p2a: Mimikyu|Disable|Play Rough|[from] ability: Cursed Body|[of] p1a: Gengar\n|\n|upkeep\n|turn|11\n|\n|t:|1699754995\n|move|p1a: Gengar|Sludge Bomb|p2a: Mimikyu\n|-damage|p2a: Mimikyu|32\/100\n|move|p2a: Mimikyu|Shadow Claw|p1a: Gengar\n|-supereffective|p1a: Gengar\n|-crit|p1a: Gengar\n|-damage|p1a: Gengar|0 fnt\n|faint|p1a: Gengar\n|\n|upkeep\n|\n|t:|1699755002\n|switch|p1a: Mewtwo|Mewtwo|100\/100\n|-ability|p1a: Mewtwo|Pressure\n|turn|12\n|\n|t:|1699755008\n|detailschange|p1a: Mewtwo|Mewtwo-Mega-Y\n|-mega|p1a: Mewtwo|Mewtwo|Mewtwonite Y\n|move|p1a: Mewtwo|Earth Power|p2a: Mimikyu\n|-damage|p2a: Mimikyu|0 fnt\n|faint|p2a: Mimikyu\n|\n|upkeep\n|\n|t:|1699755023\n|switch|p2a: Grimmsnarl|Grimmsnarl, M|100\/100\n|turn|13\n|\n|t:|1699755030\n|move|p2a: Grimmsnarl|Reflect|p2a: Grimmsnarl\n|-sidestart|p2: CorajosoKK|Reflect\n|move|p1a: Mewtwo|Thunder|p2a: Grimmsnarl\n|-crit|p2a: Grimmsnarl\n|-damage|p2a: Grimmsnarl|26\/100\n|\n|upkeep\n|turn|14\n|\n|t:|1699755036\n|switch|p1a: Dragonite|Dragonite, F|23\/100\n|move|p2a: Grimmsnarl|Light Screen|p2a: Grimmsnarl\n|-sidestart|p2: CorajosoKK|move: Light Screen\n|\n|upkeep\n|turn|15\n|\n|t:|1699755043\n|move|p2a: Grimmsnarl|Taunt|p1a: Dragonite\n|-start|p1a: Dragonite|move: Taunt\n|move|p1a: Dragonite|Surf|p2a: Grimmsnarl\n|-damage|p2a: Grimmsnarl|16\/100\n|\n|upkeep\n|turn|16\n|\n|t:|1699755050\n|switch|p1a: Mewtwo|Mewtwo-Mega-Y|100\/100\n|move|p2a: Grimmsnarl|Spirit Break|p1a: Mewtwo\n|-damage|p1a: Mewtwo|62\/100\n|-unboost|p1a: Mewtwo|spa|1\n|\n|upkeep\n|turn|17\n|\n|t:|1699755059\n|switch|p1a: Dragonite|Dragonite, F|23\/100\n|move|p2a: Grimmsnarl|Spirit Break|p1a: Dragonite\n|-supereffective|p1a: Dragonite\n|-damage|p1a: Dragonite|0 fnt\n|faint|p1a: Dragonite\n|\n|upkeep\n|\n|t:|1699755066\n|switch|p1a: Mewtwo|Mewtwo-Mega-Y|62\/100\n|turn|18\n|\n|t:|1699755074\n|move|p1a: Mewtwo|Earth Power|p2a: Grimmsnarl\n|-damage|p2a: Grimmsnarl|0 fnt\n|faint|p2a: Grimmsnarl\n|\n|upkeep\n|\n|t:|1699755084\n|switch|p2a: Dracovish|Dracovish, shiny|100\/100\n|turn|19\n|\n|t:|1699755094\n|move|p1a: Mewtwo|Thunder|p2a: Dracovish\n|-damage|p2a: Dracovish|68\/100\n|-status|p2a: Dracovish|par\n|move|p2a: Dracovish|Fishious Rend|p1a: Mewtwo\n|-damage|p1a: Mewtwo|0 fnt\n|faint|p1a: Mewtwo\n|\n|win|CorajosoKK\n|raw|TRYHARDERIDONTLOSE's rating: 1075 &rarr; <strong>1053<\/strong><br \/>(-22 for losing)\n|raw|CorajosoKK's rating: 1070 &rarr; <strong>1100<\/strong><br \/>(+30 for winning)\n|l|\u2606TRYHARDERIDONTLOSE\n","uploadtime":1699755107,"views":4,"p1id":"tryharderidontlose","p2id":"corajosokk","formatid":"gen9nationaldexubers","rating":1053,"private":0,"password":""}