{"id":"gen9nationaldexubers-1988324690","p1":"zjt369","p2":"Psueso_legend","format":"[Gen 9] National Dex Ubers","log":"|j|\u2606zjt369\n|j|\u2606Psueso_legend\n|t:|1699708708\n|gametype|singles\n|player|p1|zjt369|266|1158\n|player|p2|Psueso_legend|colress|1066\n|teamsize|p1|6\n|teamsize|p2|6\n|gen|9\n|tier|[Gen 9] National Dex Ubers\n|rated|\n|rule|HP Percentage Mod: HP is shown in percentages\n|rule|Endless Battle Clause: Forcing endless battles is banned\n|rule|OHKO Clause: OHKO moves are banned\n|rule|Evasion Moves Clause: Evasion moves are banned\n|rule|Evasion Items Clause: Evasion items are banned\n|rule|Species Clause: Limit one of each Pok\u00e9mon\n|rule|Sleep Clause Mod: Limit one foe put to sleep\n|rule|Mega Rayquaza Clause: You cannot mega evolve Rayquaza\n|clearpoke\n|poke|p1|Blastoise, F|\n|poke|p1|Espathra, M|\n|poke|p1|Gholdengo|\n|poke|p1|Xerneas-*|\n|poke|p1|Pheromosa|\n|poke|p1|Ninetales-Alola, M|\n|poke|p2|Sirfetch\u2019d, F|\n|poke|p2|Iron Valiant|\n|poke|p2|Mewtwo|\n|poke|p2|Xurkitree|\n|poke|p2|Decidueye, M|\n|poke|p2|Greninja-*, M|\n|teampreview\n|inactive|Battle timer is ON: inactive players will automatically lose when time's up. (requested by Psueso_legend)\n|l|\u2606Psueso_legend\n|inactive|Psueso_legend disconnected and has a minute to reconnect!\n|player|p2|\n|j|\u2606Psueso_legend\n|inactive|Psueso_legend reconnected and has 140 seconds left.\n|player|p2|Psueso_legend|colress\n|\n|t:|1699708723\n|start\n|switch|p1a: Ninetales|Ninetales-Alola, M|100\/100\n|switch|p2a: Captain America|Sirfetch\u2019d, F|100\/100\n|-weather|Snow|[from] ability: Snow Warning|[of] p1a: Ninetales\n|turn|1\n|\n|t:|1699708742\n|move|p1a: Ninetales|Aurora Veil|p1a: Ninetales\n|-sidestart|p1: zjt369|move: Aurora Veil\n|move|p2a: Captain America|Brave Bird|p1a: Ninetales\n|-crit|p1a: Ninetales\n|-damage|p1a: Ninetales|29\/100\n|-damage|p2a: Captain America|80\/100|[from] Recoil\n|\n|-weather|Snow|[upkeep]\n|upkeep\n|turn|2\n|\n|t:|1699708749\n|move|p1a: Ninetales|Moonblast|p2a: Captain America\n|-supereffective|p2a: Captain America\n|-damage|p2a: Captain America|0 fnt\n|faint|p2a: Captain America\n|\n|-weather|Snow|[upkeep]\n|upkeep\n|\n|t:|1699708760\n|switch|p2a: Iron man|Iron Valiant|100\/100\n|turn|3\n|\n|t:|1699708770\n|-terastallize|p2a: Iron man|Fairy\n|move|p2a: Iron man|Psycho Cut|p1a: Ninetales\n|-crit|p1a: Ninetales\n|-damage|p1a: Ninetales|0 fnt\n|faint|p1a: Ninetales\n|\n|-weather|Snow|[upkeep]\n|upkeep\n|\n|t:|1699708795\n|switch|p1a: Gholdengo|Gholdengo|100\/100\n|turn|4\n|\n|t:|1699708815\n|move|p2a: Iron man|Leaf Blade|p1a: Gholdengo\n|-resisted|p1a: Gholdengo\n|-damage|p1a: Gholdengo|93\/100\n|move|p1a: Gholdengo|Make It Rain|p2a: Iron man\n|-supereffective|p2a: Iron man\n|-damage|p2a: Iron man|0 fnt\n|-unboost|p1a: Gholdengo|spa|1\n|faint|p2a: Iron man\n|-end|p2a: Iron man|Quark Drive|[silent]\n|\n|-weather|Snow|[upkeep]\n|-heal|p1a: Gholdengo|99\/100|[from] item: Leftovers\n|upkeep\n|\n|t:|1699708829\n|switch|p2a: Decidueye|Decidueye, M|100\/100\n|turn|5\n|\n|t:|1699708843\n|switch|p1a: Xerneas|Xerneas|100\/100\n|-ability|p1a: Xerneas|Fairy Aura\n|-zpower|p2a: Decidueye\n|move|p2a: Decidueye|Sinister Arrow Raid|p1a: Xerneas|[zeffect]\n|-damage|p1a: Xerneas|64\/100\n|\n|-weather|none\n|-sideend|p1: zjt369|move: Aurora Veil\n|upkeep\n|turn|6\n|\n|t:|1699708863\n|move|p1a: Xerneas|Geomancy||[still]\n|-prepare|p1a: Xerneas|Geomancy\n|-enditem|p1a: Xerneas|Power Herb\n|-anim|p1a: Xerneas|Geomancy|p1a: Xerneas\n|-boost|p1a: Xerneas|spa|2\n|-boost|p1a: Xerneas|spd|2\n|-boost|p1a: Xerneas|spe|2\n|move|p2a: Decidueye|Spirit Shackle|p1a: Xerneas\n|-crit|p1a: Xerneas\n|-damage|p1a: Xerneas|21\/100\n|-activate|p1a: Xerneas|trapped\n|\n|upkeep\n|turn|7\n|\n|t:|1699708880\n|-terastallize|p1a: Xerneas|Fairy\n|move|p1a: Xerneas|Draining Kiss|p2a: Decidueye\n|-damage|p2a: Decidueye|0 fnt\n|-heal|p1a: Xerneas|80\/100|[from] drain|[of] p2a: Decidueye\n|faint|p2a: Decidueye\n|\n|upkeep\n|\n|t:|1699708888\n|switch|p2a: Hulk|Mewtwo|100\/100\n|-ability|p2a: Hulk|Pressure\n|turn|8\n|\n|t:|1699708895\n|move|p1a: Xerneas|Moonblast|p2a: Hulk\n|-damage|p2a: Hulk|0 fnt\n|faint|p2a: Hulk\n|\n|upkeep\n|\n|t:|1699708898\n|switch|p2a: Thor|Xurkitree|100\/100\n|turn|9\n|\n|t:|1699708914\n|move|p1a: Xerneas|Moonblast|p2a: Thor\n|-damage|p2a: Thor|0 fnt\n|faint|p2a: Thor\n|\n|upkeep\n|\n|t:|1699708916\n|switch|p2a: Black widow|Greninja, M|100\/100\n|turn|10\n|\n|t:|1699708934\n|move|p2a: Black widow|Water Shuriken|p1a: Xerneas\n|-damage|p1a: Xerneas|77\/100\n|-damage|p1a: Xerneas|74\/100\n|-hitcount|p1a: Xerneas|2\n|move|p1a: Xerneas|Moonblast|p2a: Black widow\n|-supereffective|p2a: Black widow\n|-damage|p2a: Black widow|0 fnt\n|faint|p2a: Black widow\n|\n|win|zjt369\n|raw|zjt369's rating: 1158 &rarr; <strong>1177<\/strong><br \/>(+19 for winning)\n|raw|Psueso_legend's rating: 1066 &rarr; <strong>1051<\/strong><br \/>(-15 for losing)\n|l|\u2606Psueso_legend\n","uploadtime":1699708945,"views":7,"p1id":"zjt369","p2id":"psuesolegend","formatid":"gen9nationaldexubers","rating":1051,"private":0,"password":""}