{"id":"gen9nationaldexubers-1981874966","p1":"Dinna Double D","p2":"Helpmehelphelp","format":"[Gen 9] National Dex Ubers","log":"|j|\u2606Dinna Double D\n|j|\u2606Helpmehelphelp\n|t:|1698948224\n|gametype|singles\n|player|p1|Dinna Double D|170|1148\n|player|p2|Helpmehelphelp|cyclist-gen4|1061\n|teamsize|p1|6\n|teamsize|p2|6\n|gen|9\n|tier|[Gen 9] National Dex Ubers\n|rated|\n|rule|HP Percentage Mod: HP is shown in percentages\n|rule|Endless Battle Clause: Forcing endless battles is banned\n|rule|OHKO Clause: OHKO moves are banned\n|rule|Evasion Moves Clause: Evasion moves are banned\n|rule|Evasion Items Clause: Evasion items are banned\n|rule|Species Clause: Limit one of each Pok\u00e9mon\n|rule|Sleep Clause Mod: Limit one foe put to sleep\n|rule|Mega Rayquaza Clause: You cannot mega evolve Rayquaza\n|clearpoke\n|poke|p1|Zygarde|\n|poke|p1|Tyranitar, M|\n|poke|p1|Aggron, M|\n|poke|p1|Flutter Mane|\n|poke|p1|Manaphy|\n|poke|p1|Serperior, M|\n|poke|p2|Marshadow|\n|poke|p2|Clodsire, F|\n|poke|p2|Quagsire, M|\n|poke|p2|Greninja-*, M|\n|poke|p2|Corviknight, F|\n|poke|p2|Heatran, M|\n|teampreview\n|\n|t:|1698948234\n|start\n|switch|p1a: Zygarde|Zygarde|100\/100\n|switch|p2a: Corviknight|Corviknight, F|100\/100\n|-ability|p2a: Corviknight|Pressure\n|turn|1\n|\n|t:|1698948240\n|move|p1a: Zygarde|Dragon Dance|p1a: Zygarde\n|-boost|p1a: Zygarde|atk|1\n|-boost|p1a: Zygarde|spe|1\n|move|p2a: Corviknight|Tailwind|p2a: Corviknight\n|-sidestart|p2: Helpmehelphelp|move: Tailwind\n|\n|upkeep\n|turn|2\n|\n|t:|1698948245\n|switch|p2a: Clodsire|Clodsire, F|100\/100\n|move|p1a: Zygarde|Dragon Dance|p1a: Zygarde\n|-boost|p1a: Zygarde|atk|1\n|-boost|p1a: Zygarde|spe|1\n|\n|upkeep\n|turn|3\n|\n|t:|1698948252\n|-terastallize|p2a: Clodsire|Grass\n|move|p1a: Zygarde|Thousand Arrows|p2a: Clodsire\n|-resisted|p2a: Clodsire\n|-damage|p2a: Clodsire|73\/100\n|move|p2a: Clodsire|Curse|p2a: Clodsire\n|-unboost|p2a: Clodsire|spe|1\n|-boost|p2a: Clodsire|atk|1\n|-boost|p2a: Clodsire|def|1\n|\n|-heal|p2a: Clodsire|79\/100|[from] item: Leftovers\n|upkeep\n|turn|4\n|\n|t:|1698948262\n|move|p2a: Clodsire|Curse|p2a: Clodsire\n|-unboost|p2a: Clodsire|spe|1\n|-boost|p2a: Clodsire|atk|1\n|-boost|p2a: Clodsire|def|1\n|move|p1a: Zygarde|Dragon Tail|p2a: Clodsire\n|-damage|p2a: Clodsire|61\/100\n|drag|p2a: Heatran|Heatran, M|100\/100\n|\n|-sideend|p2: Helpmehelphelp|move: Tailwind\n|upkeep\n|turn|5\n|\n|t:|1698948272\n|switch|p2a: Quagsire|Quagsire, M|100\/100\n|move|p1a: Zygarde|Thousand Arrows|p2a: Quagsire\n|-damage|p2a: Quagsire|72\/100\n|\n|-heal|p2a: Quagsire|78\/100|[from] item: Leftovers\n|upkeep\n|turn|6\n|\n|t:|1698948279\n|move|p1a: Zygarde|Dragon Dance|p1a: Zygarde\n|-boost|p1a: Zygarde|atk|1\n|-boost|p1a: Zygarde|spe|1\n|move|p2a: Quagsire|Stealth Rock|p1a: Zygarde\n|-sidestart|p1: Dinna Double D|move: Stealth Rock\n|\n|-heal|p2a: Quagsire|85\/100|[from] item: Leftovers\n|upkeep\n|turn|7\n|\n|t:|1698948285\n|move|p1a: Zygarde|Dragon Dance|p1a: Zygarde\n|-boost|p1a: Zygarde|atk|1\n|-boost|p1a: Zygarde|spe|1\n|move|p2a: Quagsire|Toxic Spikes|p1a: Zygarde\n|-sidestart|p1: Dinna Double D|move: Toxic Spikes\n|\n|-heal|p2a: Quagsire|91\/100|[from] item: Leftovers\n|upkeep\n|turn|8\n|\n|t:|1698948292\n|move|p1a: Zygarde|Dragon Dance|p1a: Zygarde\n|-boost|p1a: Zygarde|atk|1\n|-boost|p1a: Zygarde|spe|1\n|move|p2a: Quagsire|Toxic Spikes|p1a: Zygarde\n|-sidestart|p1: Dinna Double D|move: Toxic Spikes\n|\n|-heal|p2a: Quagsire|97\/100|[from] item: Leftovers\n|upkeep\n|turn|9\n|\n|t:|1698948299\n|move|p1a: Zygarde|Dragon Dance|p1a: Zygarde\n|-boost|p1a: Zygarde|atk|1\n|-boost|p1a: Zygarde|spe|1\n|move|p2a: Quagsire|Spikes|p1a: Zygarde\n|-sidestart|p1: Dinna Double D|Spikes\n|\n|-heal|p2a: Quagsire|100\/100|[from] item: Leftovers\n|upkeep\n|turn|10\n|\n|t:|1698948305\n|move|p1a: Zygarde|Thousand Arrows|p2a: Quagsire\n|-damage|p2a: Quagsire|69\/100\n|move|p2a: Quagsire|Spikes|p1a: Zygarde\n|-sidestart|p1: Dinna Double D|Spikes\n|\n|-heal|p2a: Quagsire|75\/100|[from] item: Leftovers\n|upkeep\n|turn|11\n|\n|t:|1698948312\n|move|p2a: Quagsire|Spikes|p1a: Zygarde\n|-sidestart|p1: Dinna Double D|Spikes\n|move|p1a: Zygarde|Dragon Tail|p2a: Quagsire\n|-damage|p2a: Quagsire|57\/100\n|drag|p2a: Heatran|Heatran, M|100\/100\n|\n|upkeep\n|turn|12\n|\n|t:|1698948318\n|switch|p2a: Clodsire|Clodsire, F, tera:Grass|61\/100\n|move|p1a: Zygarde|Thousand Arrows|p2a: Clodsire\n|-resisted|p2a: Clodsire\n|-damage|p2a: Clodsire|36\/100\n|\n|-heal|p2a: Clodsire|42\/100|[from] item: Leftovers\n|upkeep\n|turn|13\n|\n|t:|1698948326\n|move|p2a: Clodsire|Recover|p2a: Clodsire\n|-heal|p2a: Clodsire|92\/100\n|move|p1a: Zygarde|Dragon Tail|p2a: Clodsire|[miss]\n|-miss|p1a: Zygarde|p2a: Clodsire\n|\n|-heal|p2a: Clodsire|99\/100|[from] item: Leftovers\n|upkeep\n|turn|14\n|\n|t:|1698948332\n|move|p2a: Clodsire|Gunk Shot|p1a: Zygarde\n|-resisted|p1a: Zygarde\n|-damage|p1a: Zygarde|83\/100\n|-status|p1a: Zygarde|psn\n|move|p1a: Zygarde|Dragon Tail|p2a: Clodsire\n|-damage|p2a: Clodsire|64\/100\n|drag|p2a: Quagsire|Quagsire, M|57\/100\n|\n|-heal|p1a: Zygarde|89\/100 psn|[from] item: Leftovers\n|-heal|p2a: Quagsire|63\/100|[from] item: Leftovers\n|-damage|p1a: Zygarde|77\/100 psn|[from] psn\n|upkeep\n|turn|15\n|\n|t:|1698948350\n|move|p1a: Zygarde|Thousand Arrows|p2a: Quagsire\n|-crit|p2a: Quagsire\n|-damage|p2a: Quagsire|15\/100\n|move|p2a: Quagsire|Recover|p2a: Quagsire\n|-heal|p2a: Quagsire|65\/100\n|\n|-heal|p1a: Zygarde|83\/100 psn|[from] item: Leftovers\n|-heal|p2a: Quagsire|71\/100|[from] item: Leftovers\n|-damage|p1a: Zygarde|71\/100 psn|[from] psn\n|upkeep\n|turn|16\n|\n|t:|1698948362\n|move|p1a: Zygarde|Thousand Arrows|p2a: Quagsire\n|-damage|p2a: Quagsire|40\/100\n|move|p2a: Quagsire|Recover|p2a: Quagsire\n|-heal|p2a: Quagsire|90\/100\n|\n|-heal|p1a: Zygarde|77\/100 psn|[from] item: Leftovers\n|-heal|p2a: Quagsire|96\/100|[from] item: Leftovers\n|-damage|p1a: Zygarde|64\/100 psn|[from] psn\n|upkeep\n|turn|17\n|\n|t:|1698948372\n|switch|p2a: Clodsire|Clodsire, F, tera:Grass|64\/100\n|move|p1a: Zygarde|Thousand Arrows|p2a: Clodsire\n|-resisted|p2a: Clodsire\n|-crit|p2a: Clodsire\n|-damage|p2a: Clodsire|25\/100\n|\n|-heal|p1a: Zygarde|71\/100 psn|[from] item: Leftovers\n|-heal|p2a: Clodsire|31\/100|[from] item: Leftovers\n|-damage|p1a: Zygarde|58\/100 psn|[from] psn\n|upkeep\n|turn|18\n|\n|t:|1698948381\n|move|p1a: Zygarde|Thousand Arrows|p2a: Clodsire\n|-resisted|p2a: Clodsire\n|-damage|p2a: Clodsire|5\/100\n|move|p2a: Clodsire|Recover|p2a: Clodsire\n|-heal|p2a: Clodsire|55\/100\n|\n|-heal|p1a: Zygarde|64\/100 psn|[from] item: Leftovers\n|-heal|p2a: Clodsire|61\/100|[from] item: Leftovers\n|-damage|p1a: Zygarde|52\/100 psn|[from] psn\n|upkeep\n|turn|19\n|\n|t:|1698948390\n|move|p1a: Zygarde|Thousand Arrows|p2a: Clodsire\n|-resisted|p2a: Clodsire\n|-damage|p2a: Clodsire|35\/100\n|move|p2a: Clodsire|Recover|p2a: Clodsire\n|-heal|p2a: Clodsire|85\/100\n|\n|-heal|p1a: Zygarde|58\/100 psn|[from] item: Leftovers\n|-heal|p2a: Clodsire|91\/100|[from] item: Leftovers\n|-damage|p1a: Zygarde|46\/100 psn|[from] psn\n|-activate|p1a: Zygarde|ability: Power Construct\n|detailschange|p1a: Zygarde|Zygarde-Complete\n|-heal|p1a: Zygarde|66\/100 psn|[silent]\n|upkeep\n|turn|20\n|\n|t:|1698948403\n|move|p1a: Zygarde|Thousand Arrows|p2a: Clodsire\n|-resisted|p2a: Clodsire\n|-damage|p2a: Clodsire|66\/100\n|move|p2a: Clodsire|Curse|p2a: Clodsire\n|-unboost|p2a: Clodsire|spe|1\n|-boost|p2a: Clodsire|atk|1\n|-boost|p2a: Clodsire|def|1\n|\n|-heal|p1a: Zygarde|73\/100 psn|[from] item: Leftovers\n|-heal|p2a: Clodsire|72\/100|[from] item: Leftovers\n|-damage|p1a: Zygarde|60\/100 psn|[from] psn\n|upkeep\n|turn|21\n|\n|t:|1698948413\n|move|p2a: Clodsire|Earthquake|p1a: Zygarde\n|-damage|p1a: Zygarde|33\/100 psn\n|move|p1a: Zygarde|Dragon Tail|p2a: Clodsire\n|-damage|p2a: Clodsire|48\/100\n|drag|p2a: Quagsire|Quagsire, M|96\/100\n|\n|-heal|p1a: Zygarde|39\/100 psn|[from] item: Leftovers\n|-heal|p2a: Quagsire|100\/100|[from] item: Leftovers\n|-damage|p1a: Zygarde|27\/100 psn|[from] psn\n|upkeep\n|turn|22\n|\n|t:|1698948424\n|move|p2a: Quagsire|Recover||[still]\n|-fail|p2a: Quagsire|heal\n|move|p1a: Zygarde|Dragon Tail|p2a: Quagsire\n|-damage|p2a: Quagsire|81\/100\n|drag|p2a: Clodsire|Clodsire, F, tera:Grass|48\/100\n|\n|-heal|p1a: Zygarde|33\/100 psn|[from] item: Leftovers\n|-heal|p2a: Clodsire|54\/100|[from] item: Leftovers\n|-damage|p1a: Zygarde|20\/100 psn|[from] psn\n|upkeep\n|turn|23\n|\n|t:|1698948433\n|move|p1a: Zygarde|Thousand Arrows|p2a: Clodsire\n|-resisted|p2a: Clodsire\n|-damage|p2a: Clodsire|27\/100\n|move|p2a: Clodsire|Recover|p2a: Clodsire\n|-heal|p2a: Clodsire|78\/100\n|\n|-heal|p1a: Zygarde|26\/100 psn|[from] item: Leftovers\n|-heal|p2a: Clodsire|84\/100|[from] item: Leftovers\n|-damage|p1a: Zygarde|14\/100 psn|[from] psn\n|upkeep\n|turn|24\n|\n|t:|1698948444\n|move|p1a: Zygarde|Thousand Arrows|p2a: Clodsire\n|-resisted|p2a: Clodsire\n|-damage|p2a: Clodsire|58\/100\n|move|p2a: Clodsire|Earthquake|p1a: Zygarde\n|-damage|p1a: Zygarde|0 fnt\n|faint|p1a: Zygarde\n|\n|-heal|p2a: Clodsire|65\/100|[from] item: Leftovers\n|upkeep\n|\n|t:|1698948454\n|switch|p1a: Serperior|Serperior, M|100\/100\n|-damage|p1a: Serperior|88\/100|[from] Stealth Rock\n|-status|p1a: Serperior|tox\n|-damage|p1a: Serperior|63\/100 tox|[from] Spikes\n|turn|25\n|\n|t:|1698948460\n|move|p1a: Serperior|Defog|p2a: Clodsire\n|-unboost|p2a: Clodsire|evasion|1\n|-sideend|p1: Dinna Double D|Spikes|[from] move: Defog|[of] p1a: Serperior\n|-sideend|p1: Dinna Double D|Toxic Spikes|[from] move: Defog|[of] p1a: Serperior\n|-sideend|p1: Dinna Double D|Stealth Rock|[from] move: Defog|[of] p1a: Serperior\n|move|p2a: Clodsire|Gunk Shot|p1a: Serperior|[miss]\n|-miss|p2a: Clodsire|p1a: Serperior\n|\n|-heal|p2a: Clodsire|71\/100|[from] item: Leftovers\n|-damage|p1a: Serperior|57\/100 tox|[from] psn\n|upkeep\n|turn|26\n|\n|t:|1698948481\n|switch|p1a: Flutter Mane|Flutter Mane|100\/100\n|-enditem|p1a: Flutter Mane|Booster Energy\n|-activate|p1a: Flutter Mane|ability: Protosynthesis|[fromitem]\n|-start|p1a: Flutter Mane|protosynthesisspe\n|move|p2a: Clodsire|Curse|p2a: Clodsire\n|-unboost|p2a: Clodsire|spe|1\n|-boost|p2a: Clodsire|atk|1\n|-boost|p2a: Clodsire|def|1\n|\n|-heal|p2a: Clodsire|77\/100|[from] item: Leftovers\n|upkeep\n|turn|27\n|\n|t:|1698948491\n|move|p1a: Flutter Mane|Mystical Fire|p2a: Clodsire\n|-supereffective|p2a: Clodsire\n|-damage|p2a: Clodsire|46\/100\n|-unboost|p2a: Clodsire|spa|1\n|move|p2a: Clodsire|Curse|p2a: Clodsire\n|-unboost|p2a: Clodsire|spe|1\n|-boost|p2a: Clodsire|atk|1\n|-boost|p2a: Clodsire|def|1\n|\n|-heal|p2a: Clodsire|52\/100|[from] item: Leftovers\n|upkeep\n|turn|28\n|\n|t:|1698948500\n|move|p1a: Flutter Mane|Taunt|p2a: Clodsire\n|-start|p2a: Clodsire|move: Taunt\n|cant|p2a: Clodsire|move: Taunt|Recover\n|\n|-heal|p2a: Clodsire|58\/100|[from] item: Leftovers\n|upkeep\n|turn|29\n|\n|t:|1698948506\n|move|p1a: Flutter Mane|Mystical Fire|p2a: Clodsire\n|-supereffective|p2a: Clodsire\n|-damage|p2a: Clodsire|27\/100\n|-unboost|p2a: Clodsire|spa|1\n|move|p2a: Clodsire|Gunk Shot|p1a: Flutter Mane\n|-crit|p1a: Flutter Mane\n|-damage|p1a: Flutter Mane|0 fnt\n|faint|p1a: Flutter Mane\n|-end|p1a: Flutter Mane|Protosynthesis|[silent]\n|\n|-heal|p2a: Clodsire|33\/100|[from] item: Leftovers\n|upkeep\n|\n|t:|1698948516\n|switch|p1a: Serperior|Serperior, M|57\/100 tox\n|turn|30\n|\n|t:|1698948519\n|move|p1a: Serperior|Leaf Storm|p2a: Clodsire\n|-resisted|p2a: Clodsire\n|-damage|p2a: Clodsire|22\/100\n|-boost|p1a: Serperior|spa|2\n|move|p2a: Clodsire|Gunk Shot|p1a: Serperior\n|-supereffective|p1a: Serperior\n|-damage|p1a: Serperior|0 fnt\n|faint|p1a: Serperior\n|\n|-heal|p2a: Clodsire|28\/100|[from] item: Leftovers\n|-end|p2a: Clodsire|move: Taunt\n|upkeep\n|\n|t:|1698948532\n|switch|p1a: Aggron|Aggron, M|100\/100\n|turn|31\n|\n|t:|1698948536\n|detailschange|p1a: Aggron|Aggron-Mega, M\n|-mega|p1a: Aggron|Aggron|Aggronite\n|move|p1a: Aggron|Iron Defense|p1a: Aggron\n|-boost|p1a: Aggron|def|2\n|move|p2a: Clodsire|Recover|p2a: Clodsire\n|-heal|p2a: Clodsire|78\/100\n|\n|-heal|p2a: Clodsire|84\/100|[from] item: Leftovers\n|upkeep\n|turn|32\n|\n|t:|1698948543\n|move|p1a: Aggron|Iron Defense|p1a: Aggron\n|-boost|p1a: Aggron|def|2\n|move|p2a: Clodsire|Earthquake|p1a: Aggron\n|-supereffective|p1a: Aggron\n|-damage|p1a: Aggron|51\/100\n|\n|-heal|p2a: Clodsire|90\/100|[from] item: Leftovers\n|upkeep\n|turn|33\n|\n|t:|1698948550\n|move|p1a: Aggron|Iron Defense|p1a: Aggron\n|-boost|p1a: Aggron|def|2\n|move|p2a: Clodsire|Curse|p2a: Clodsire\n|-unboost|p2a: Clodsire|spe|1\n|-boost|p2a: Clodsire|atk|1\n|-boost|p2a: Clodsire|def|1\n|\n|-heal|p2a: Clodsire|97\/100|[from] item: Leftovers\n|upkeep\n|turn|34\n|\n|t:|1698948559\n|move|p1a: Aggron|Body Press|p2a: Clodsire\n|-damage|p2a: Clodsire|79\/100\n|move|p2a: Clodsire|Earthquake|p1a: Aggron\n|-supereffective|p1a: Aggron\n|-damage|p1a: Aggron|0 fnt\n|faint|p1a: Aggron\n|\n|-heal|p2a: Clodsire|85\/100|[from] item: Leftovers\n|upkeep\n|c|\u2606Dinna Double D|bro\n|c|\u2606Dinna Double D|how\n|c|\u2606Helpmehelphelp|unaware\n|c|\u2606Dinna Double D|!dt unaware\n|raw|<ul class=\"utilichart\"><li class=\"result\"><span class=\"col namecol\"><a href=\"https:\/\/dex.pokemonshowdown.com\/abilities\/unaware\">Unaware<\/a><\/span> <span class=\"col abilitydesccol\">This Pokemon ignores other Pokemon's stat stages when taking or doing damage.<\/span> <\/li><li style=\"clear:both\"><\/li><\/ul>\n|raw|<font size=\"1\"><font color=\"#686868\">Gen:<\/font> 4&nbsp;|&ThickSpace;&#10003; Ignored by Mold Breaker<\/font>\n\n|c|\u2606Helpmehelphelp|fear the clod\n|c|\u2606Dinna Double D|thats so dumb\n|c|\u2606Helpmehelphelp|Quag and clod are anti-meta for a reason\n|c|\u2606Dinna Double D|\ud83e\udd13\n|c|\u2606Helpmehelphelp|Simply skill issued.\n|inactive|Battle timer is ON: inactive players will automatically lose when time's up. (requested by Helpmehelphelp)\n|inactive|Dinna Double D has 120 seconds left.\n|inactive|Dinna Double D has 90 seconds left.\n|inactive|Dinna Double D has 60 seconds left.\n|inactive|Dinna Double D has 30 seconds left.\n|inactive|Dinna Double D has 20 seconds left.\n|inactive|Dinna Double D has 15 seconds left.\n|inactive|Dinna Double D has 10 seconds left.\n|inactive|Dinna Double D has 5 seconds left.\n|-message|Dinna Double D lost due to inactivity.\n|\n|win|Helpmehelphelp\n|raw|Dinna Double D's rating: 1148 &rarr; <strong>1117<\/strong><br \/>(-31 for losing)\n|raw|Helpmehelphelp's rating: 1061 &rarr; <strong>1099<\/strong><br \/>(+38 for winning)\n","uploadtime":1698948830,"views":14,"p1id":"dinnadoubled","p2id":"helpmehelphelp","formatid":"gen9nationaldexubers","rating":1099,"private":0,"password":""}