{"id":"gen9nationaldexubers-1998026526","p1":"Colinpoketip","p2":"proplayerplays","format":"[Gen 9] National Dex Ubers","log":"|j|\u2606Colinpoketip\n|j|\u2606proplayerplays\n|t:|1700880650\n|gametype|singles\n|player|p1|Colinpoketip|hilbert-wonderlauncher|\n|player|p2|proplayerplays|steven|\n|teamsize|p1|6\n|teamsize|p2|6\n|gen|9\n|tier|[Gen 9] National Dex Ubers\n|rule|HP Percentage Mod: HP is shown in percentages\n|rule|Endless Battle Clause: Forcing endless battles is banned\n|rule|OHKO Clause: OHKO moves are banned\n|rule|Evasion Moves Clause: Evasion moves are banned\n|rule|Evasion Items Clause: Evasion items are banned\n|rule|Species Clause: Limit one of each Pok\u00e9mon\n|rule|Sleep Clause Mod: Limit one foe put to sleep\n|rule|Mega Rayquaza Clause: You cannot mega evolve Rayquaza\n|clearpoke\n|poke|p1|Groudon|\n|poke|p1|Kyogre|\n|poke|p1|Arceus|\n|poke|p1|Dialga-Origin|\n|poke|p1|Palkia-Origin|\n|poke|p1|Rayquaza|\n|poke|p2|Annihilape, F|\n|poke|p2|Arceus-Dragon|\n|poke|p2|Darkrai|\n|poke|p2|Rattata, M|\n|poke|p2|Aron, M|\n|poke|p2|Tyranitar, F|\n|teampreview\n|inactive|Battle timer is ON: inactive players will automatically lose when time's up. (requested by proplayerplays)\n|\n|t:|1700880656\n|start\n|switch|p1a: Groudon|Groudon, shiny|100\/100\n|switch|p2a: Takedown|Rattata, M, shiny|100\/100\n|detailschange|p1a: Groudon|Groudon-Primal, shiny\n|-primal|p1a: Groudon|Red Orb\n|-weather|DesolateLand|[from] ability: Desolate Land|[of] p1a: Groudon\n|turn|1\n|\n|t:|1700880666\n|move|p1a: Groudon|Earth Power|p2a: Takedown\n|-enditem|p2a: Takedown|Focus Sash\n|-damage|p2a: Takedown|1\/100\n|move|p2a: Takedown|Endeavor|p1a: Groudon\n|-damage|p1a: Groudon|1\/100\n|\n|-weather|DesolateLand|[upkeep]\n|upkeep\n|turn|2\n|\n|t:|1700880674\n|move|p2a: Takedown|Quick Attack|p1a: Groudon\n|-damage|p1a: Groudon|0 fnt\n|faint|p1a: Groudon\n|-weather|none\n|\n|upkeep\n|\n|t:|1700880680\n|switch|p1a: Kyogre|Kyogre, shiny|100\/100\n|detailschange|p1a: Kyogre|Kyogre-Primal, shiny\n|-primal|p1a: Kyogre|Blue Orb\n|-weather|PrimordialSea|[from] ability: Primordial Sea|[of] p1a: Kyogre\n|turn|3\n|\n|t:|1700880687\n|move|p2a: Takedown|Protect|p2a: Takedown\n|-singleturn|p2a: Takedown|Protect\n|move|p1a: Kyogre|Aqua Tail|p2a: Takedown\n|-activate|p2a: Takedown|move: Protect\n|\n|-weather|PrimordialSea|[upkeep]\n|upkeep\n|turn|4\n|\n|t:|1700880700\n|move|p2a: Takedown|Quick Attack|p1a: Kyogre\n|-damage|p1a: Kyogre|85\/100\n|move|p1a: Kyogre|Liquidation|p2a: Takedown\n|-damage|p2a: Takedown|0 fnt\n|faint|p2a: Takedown\n|\n|-weather|PrimordialSea|[upkeep]\n|upkeep\n|\n|t:|1700880706\n|switch|p2a: D.O.G.|Arceus-Dragon|100\/100\n|turn|5\n|\n|t:|1700880714\n|-weather|none\n|switch|p1a: Rayquaza|Rayquaza, shiny|100\/100\n|-ability|p1a: Rayquaza|Air Lock\n|move|p2a: D.O.G.|Dragon Dance|p2a: D.O.G.\n|-boost|p2a: D.O.G.|atk|1\n|-boost|p2a: D.O.G.|spe|1\n|\n|upkeep\n|turn|6\n|\n|t:|1700880727\n|move|p2a: D.O.G.|Draco Meteor|p1a: Rayquaza\n|-supereffective|p1a: Rayquaza\n|-damage|p1a: Rayquaza|0 fnt\n|-unboost|p2a: D.O.G.|spa|2\n|faint|p1a: Rayquaza\n|\n|upkeep\n|\n|t:|1700880734\n|switch|p1a: Dialga|Dialga-Origin, shiny|100\/100\n|-ability|p1a: Dialga|Pressure\n|turn|7\n|\n|t:|1700880739\n|move|p2a: D.O.G.|Draco Meteor|p1a: Dialga\n|-damage|p1a: Dialga|71\/100\n|-unboost|p2a: D.O.G.|spa|2\n|move|p1a: Dialga|Draco Meteor|p2a: D.O.G.\n|-supereffective|p2a: D.O.G.\n|-damage|p2a: D.O.G.|0 fnt\n|-unboost|p1a: Dialga|spa|2\n|faint|p2a: D.O.G.\n|\n|upkeep\n|\n|t:|1700880746\n|switch|p2a: Tyranitar|Tyranitar, F|100\/100\n|-weather|Sandstorm|[from] ability: Sand Stream|[of] p2a: Tyranitar\n|turn|8\n|\n|t:|1700880756\n|detailschange|p2a: Tyranitar|Tyranitar-Mega, F\n|-mega|p2a: Tyranitar|Tyranitar|Tyranitarite\n|-terastallize|p1a: Dialga|Steel\n|move|p1a: Dialga|Aura Sphere|p2a: Tyranitar\n|-supereffective|p2a: Tyranitar\n|-damage|p2a: Tyranitar|72\/100\n|move|p2a: Tyranitar|Counter||[still]\n|-fail|p2a: Tyranitar\n|\n|-weather|Sandstorm|[upkeep]\n|upkeep\n|turn|9\n|\n|t:|1700880775\n|move|p1a: Dialga|Draco Meteor|p2a: Tyranitar\n|-damage|p2a: Tyranitar|48\/100\n|-unboost|p1a: Dialga|spa|2\n|move|p2a: Tyranitar|Focus Blast|p1a: Dialga\n|-supereffective|p1a: Dialga\n|-damage|p1a: Dialga|4\/100\n|\n|-weather|Sandstorm|[upkeep]\n|upkeep\n|turn|10\n|\n|t:|1700880785\n|move|p1a: Dialga|Draco Meteor|p2a: Tyranitar\n|-damage|p2a: Tyranitar|33\/100\n|-unboost|p1a: Dialga|spa|2\n|move|p2a: Tyranitar|Dark Pulse|p1a: Dialga\n|-damage|p1a: Dialga|0 fnt\n|faint|p1a: Dialga\n|\n|-weather|Sandstorm|[upkeep]\n|upkeep\n|\n|t:|1700880796\n|switch|p1a: Palkia|Palkia-Origin, shiny|100\/100\n|-ability|p1a: Palkia|Pressure\n|turn|11\n|\n|t:|1700880806\n|move|p1a: Palkia|Aura Sphere|p2a: Tyranitar\n|-supereffective|p2a: Tyranitar\n|-damage|p2a: Tyranitar|0 fnt\n|faint|p2a: Tyranitar\n|\n|-weather|Sandstorm|[upkeep]\n|-damage|p1a: Palkia|94\/100|[from] Sandstorm\n|upkeep\n|\n|t:|1700880809\n|switch|p2a: Takedown2|Aron, M, shiny|100\/100\n|turn|12\n|\n|t:|1700880818\n|move|p1a: Palkia|Draco Meteor|p2a: Takedown2\n|-resisted|p2a: Takedown2\n|-damage|p2a: Takedown2|27\/100\n|-unboost|p1a: Palkia|spa|2\n|move|p2a: Takedown2|Endeavor|p1a: Palkia\n|-damage|p1a: Palkia|25\/100\n|\n|-weather|none\n|upkeep\n|turn|13\n|\n|t:|1700880829\n|move|p2a: Takedown2|Protect|p2a: Takedown2\n|-singleturn|p2a: Takedown2|Protect\n|move|p1a: Palkia|Draco Meteor|p2a: Takedown2\n|-activate|p2a: Takedown2|move: Protect\n|\n|upkeep\n|turn|14\n|\n|t:|1700880840\n|move|p1a: Palkia|Draco Meteor|p2a: Takedown2\n|-resisted|p2a: Takedown2\n|-damage|p2a: Takedown2|0 fnt\n|-unboost|p1a: Palkia|spa|2\n|faint|p2a: Takedown2\n|\n|upkeep\n|\n|t:|1700880844\n|switch|p2a: Revenge|Annihilape, F|100\/100\n|turn|15\n|\n|t:|1700880855\n|move|p1a: Palkia|Aura Sphere|p2a: Revenge\n|-immune|p2a: Revenge\n|move|p2a: Revenge|Close Combat|p1a: Palkia\n|-damage|p1a: Palkia|0 fnt\n|-unboost|p2a: Revenge|def|1\n|-unboost|p2a: Revenge|spd|1\n|-enditem|p2a: Revenge|White Herb\n|-clearnegativeboost|p2a: Revenge|[silent]\n|faint|p1a: Palkia\n|\n|upkeep\n|\n|t:|1700880867\n|switch|p1a: Kyogre|Kyogre-Primal, shiny|85\/100\n|-weather|PrimordialSea|[from] ability: Primordial Sea|[of] p1a: Kyogre\n|turn|16\n|\n|t:|1700880874\n|move|p2a: Revenge|Encore||[still]\n|-fail|p2a: Revenge\n|move|p1a: Kyogre|Ancient Power|p2a: Revenge\n|-resisted|p2a: Revenge\n|-damage|p2a: Revenge|87\/100\n|\n|-weather|PrimordialSea|[upkeep]\n|upkeep\n|turn|17\n|\n|t:|1700880882\n|move|p1a: Kyogre|Ancient Power|p2a: Revenge\n|-resisted|p2a: Revenge\n|-damage|p2a: Revenge|74\/100\n|move|p2a: Revenge|Encore|p1a: Kyogre\n|-start|p1a: Kyogre|Encore\n|\n|-weather|PrimordialSea|[upkeep]\n|upkeep\n|turn|18\n|\n|t:|1700880888\n|move|p1a: Kyogre|Ancient Power|p2a: Revenge\n|-resisted|p2a: Revenge\n|-damage|p2a: Revenge|60\/100\n|-boost|p1a: Kyogre|atk|1\n|-boost|p1a: Kyogre|def|1\n|-boost|p1a: Kyogre|spa|1\n|-boost|p1a: Kyogre|spd|1\n|-boost|p1a: Kyogre|spe|1\n|move|p2a: Revenge|Bulk Up|p2a: Revenge\n|-boost|p2a: Revenge|atk|1\n|-boost|p2a: Revenge|def|1\n|\n|-weather|PrimordialSea|[upkeep]\n|upkeep\n|turn|19\n|\n|t:|1700880898\n|move|p1a: Kyogre|Ancient Power|p2a: Revenge\n|-resisted|p2a: Revenge\n|-damage|p2a: Revenge|40\/100\n|move|p2a: Revenge|Bulk Up|p2a: Revenge\n|-boost|p2a: Revenge|atk|1\n|-boost|p2a: Revenge|def|1\n|\n|-weather|PrimordialSea|[upkeep]\n|upkeep\n|turn|20\n|\n|t:|1700880906\n|move|p1a: Kyogre|Ancient Power|p2a: Revenge\n|-resisted|p2a: Revenge\n|-damage|p2a: Revenge|21\/100\n|-boost|p1a: Kyogre|atk|1\n|-boost|p1a: Kyogre|def|1\n|-boost|p1a: Kyogre|spa|1\n|-boost|p1a: Kyogre|spd|1\n|-boost|p1a: Kyogre|spe|1\n|move|p2a: Revenge|Counter||[still]\n|-fail|p2a: Revenge\n|\n|-weather|PrimordialSea|[upkeep]\n|-end|p1a: Kyogre|Encore\n|upkeep\n|turn|21\n|\n|t:|1700880916\n|move|p1a: Kyogre|Ancient Power|p2a: Revenge\n|-resisted|p2a: Revenge\n|-damage|p2a: Revenge|0 fnt\n|faint|p2a: Revenge\n|\n|-weather|PrimordialSea|[upkeep]\n|upkeep\n|\n|t:|1700880919\n|switch|p2a: Nightmare|Darkrai|100\/100\n|turn|22\n|\n|t:|1700880926\n|move|p1a: Kyogre|Ancient Power|p2a: Nightmare\n|-damage|p2a: Nightmare|39\/100\n|move|p2a: Nightmare|Hypnosis|p1a: Kyogre|[miss]\n|-miss|p2a: Nightmare|p1a: Kyogre\n|\n|-weather|PrimordialSea|[upkeep]\n|upkeep\n|turn|23\n|\n|t:|1700880932\n|move|p1a: Kyogre|Ancient Power|p2a: Nightmare\n|-damage|p2a: Nightmare|0 fnt\n|faint|p2a: Nightmare\n|\n|win|Colinpoketip\n|l|\u2606proplayerplays\n","uploadtime":1700880953,"views":2,"p1id":"colinpoketip","p2id":"proplayerplays","formatid":"gen9nationaldexubers","rating":0,"private":0,"password":""}