{"id":"gen9nationaldexubers-1980507509","p1":"Alvithesenior","p2":"Caseishere","format":"[Gen 9] National Dex Ubers","log":"|j|\u2606Alvithesenior\n|j|\u2606Caseishere\n|t:|1698791684\n|gametype|singles\n|player|p1|Alvithesenior|cynthia-gen4|\n|player|p2|Caseishere|266|\n|teamsize|p1|6\n|teamsize|p2|6\n|gen|9\n|tier|[Gen 9] National Dex Ubers\n|rule|HP Percentage Mod: HP is shown in percentages\n|rule|Endless Battle Clause: Forcing endless battles is banned\n|rule|OHKO Clause: OHKO moves are banned\n|rule|Evasion Moves Clause: Evasion moves are banned\n|rule|Evasion Items Clause: Evasion items are banned\n|rule|Species Clause: Limit one of each Pok\u00e9mon\n|rule|Sleep Clause Mod: Limit one foe put to sleep\n|rule|Mega Rayquaza Clause: You cannot mega evolve Rayquaza\n|clearpoke\n|poke|p1|Breloom, M|\n|poke|p1|Gliscor, M|\n|poke|p1|Marshadow|\n|poke|p1|Forretress, M|\n|poke|p1|Mawile, F|\n|poke|p1|Dragonite, M|\n|poke|p2|Darmanitan-Galar, F|\n|poke|p2|Toxapex, F|\n|poke|p2|Flygon, F|\n|poke|p2|Aggron, F|\n|poke|p2|Blastoise, F|\n|poke|p2|Grimmsnarl, M|\n|teampreview\n|j| thattomattguy\n|c|\u2606Caseishere|hmm\n|\n|t:|1698791719\n|start\n|switch|p1a: Breloom|Breloom, M, shiny|100\/100\n|switch|p2a: Flygon|Flygon, F, shiny|100\/100\n|turn|1\n|c|\u2606Caseishere|ggs\n|\n|t:|1698791736\n|move|p2a: Flygon|Dragon Dance|p2a: Flygon\n|-boost|p2a: Flygon|atk|1\n|-boost|p2a: Flygon|spe|1\n|move|p1a: Breloom|Spore|p2a: Flygon\n|-status|p2a: Flygon|slp|[from] move: Spore\n|\n|upkeep\n|turn|2\n|j| Chacharealsmoove\n|l|\u2606Caseishere\n|player|p2|\n|j|\u2606Caseishere\n|player|p2|Caseishere|266\n|\n|t:|1698791775\n|switch|p2a: Darmanitan|Darmanitan-Galar, F, shiny|100\/100\n|switch|p1a: Marshadow|Marshadow|100\/100\n|\n|upkeep\n|turn|3\n|\n|t:|1698791802\n|switch|p2a: Toxapex|Toxapex, F, shiny|100\/100\n|move|p1a: Marshadow|Drain Punch|p2a: Toxapex\n|-resisted|p2a: Toxapex\n|-damage|p2a: Toxapex|86\/100\n|\n|-heal|p2a: Toxapex|92\/100|[from] item: Leftovers\n|upkeep\n|turn|4\n|\n|t:|1698791813\n|switch|p1a: Forretress|Forretress, M, shiny|100\/100\n|move|p2a: Toxapex|Scald|p1a: Forretress\n|-damage|p1a: Forretress|77\/100\n|\n|-heal|p2a: Toxapex|98\/100|[from] item: Leftovers\n|-heal|p1a: Forretress|83\/100|[from] item: Leftovers\n|upkeep\n|turn|5\n|\n|t:|1698791824\n|move|p2a: Toxapex|Scald|p1a: Forretress\n|-damage|p1a: Forretress|57\/100\n|-status|p1a: Forretress|brn\n|move|p1a: Forretress|Stealth Rock|p2a: Toxapex\n|-sidestart|p2: Caseishere|move: Stealth Rock\n|\n|-heal|p2a: Toxapex|100\/100|[from] item: Leftovers\n|-heal|p1a: Forretress|63\/100 brn|[from] item: Leftovers\n|-damage|p1a: Forretress|57\/100 brn|[from] brn\n|upkeep\n|turn|6\n|\n|t:|1698791843\n|move|p2a: Toxapex|Scald|p1a: Forretress\n|-damage|p1a: Forretress|34\/100 brn\n|move|p1a: Forretress|Volt Switch|p2a: Toxapex\n|-supereffective|p2a: Toxapex\n|-damage|p2a: Toxapex|86\/100\n|\n|t:|1698791849\n|switch|p1a: Gliscor|Gliscor, M, shiny|100\/100|[from] Volt Switch\n|\n|-heal|p2a: Toxapex|92\/100|[from] item: Leftovers\n|-status|p1a: Gliscor|tox|[from] item: Toxic Orb\n|upkeep\n|turn|7\n|\n|t:|1698791864\n|move|p1a: Gliscor|Swords Dance|p1a: Gliscor\n|-boost|p1a: Gliscor|atk|2\n|move|p2a: Toxapex|Scald|p1a: Gliscor\n|-supereffective|p1a: Gliscor\n|-damage|p1a: Gliscor|62\/100 tox\n|\n|-heal|p2a: Toxapex|99\/100|[from] item: Leftovers\n|-heal|p1a: Gliscor|74\/100 tox|[from] ability: Poison Heal\n|upkeep\n|turn|8\n|c| thattomattguy|migel is that specially defensive toxapex\n|\n|t:|1698791871\n|move|p1a: Gliscor|Earthquake|p2a: Toxapex\n|-supereffective|p2a: Toxapex\n|-crit|p2a: Toxapex\n|-damage|p2a: Toxapex|0 fnt\n|faint|p2a: Toxapex\n|\n|-heal|p1a: Gliscor|86\/100 tox|[from] ability: Poison Heal\n|upkeep\n|\n|t:|1698791896\n|switch|p2a: Darmanitan|Darmanitan-Galar, F, shiny|100\/100\n|-damage|p2a: Darmanitan|75\/100|[from] Stealth Rock\n|turn|9\n|c|\u2606Caseishere|maybe\n|c|\u2606Caseishere|idk\n|c|\u2606Caseishere|i forgor\n|\n|t:|1698791921\n|switch|p1a: Marshadow|Marshadow|100\/100\n|move|p2a: Darmanitan|Icicle Crash|p1a: Marshadow\n|-damage|p1a: Marshadow|19\/100\n|\n|upkeep\n|turn|10\n|\n|t:|1698791937\n|switch|p2a: Flygon|Flygon, F, shiny|100\/100 slp\n|switch|p1a: Forretress|Forretress, M, shiny|34\/100 brn\n|\n|-heal|p1a: Forretress|40\/100 brn|[from] item: Leftovers\n|-damage|p1a: Forretress|34\/100 brn|[from] brn\n|upkeep\n|turn|11\n|\n|t:|1698791945\n|cant|p2a: Flygon|slp\n|move|p1a: Forretress|Gyro Ball|p2a: Flygon\n|-damage|p2a: Flygon|79\/100 slp\n|\n|-heal|p1a: Forretress|40\/100 brn|[from] item: Leftovers\n|-damage|p1a: Forretress|34\/100 brn|[from] brn\n|upkeep\n|turn|12\n|\n|t:|1698791957\n|switch|p1a: Dragonite|Dragonite, M|100\/100\n|-curestatus|p2a: Flygon|slp|[msg]\n|move|p2a: Flygon|Dragon Dance|p2a: Flygon\n|-boost|p2a: Flygon|atk|1\n|-boost|p2a: Flygon|spe|1\n|\n|upkeep\n|turn|13\n|\n|t:|1698791977\n|move|p2a: Flygon|Dragon Claw|p1a: Dragonite\n|-supereffective|p1a: Dragonite\n|-damage|p1a: Dragonite|40\/100\n|-enditem|p1a: Dragonite|Weakness Policy\n|-boost|p1a: Dragonite|atk|2|[from] item: Weakness Policy\n|-boost|p1a: Dragonite|spa|2|[from] item: Weakness Policy\n|move|p1a: Dragonite|Dragon Dance|p1a: Dragonite\n|-boost|p1a: Dragonite|atk|1\n|-boost|p1a: Dragonite|spe|1\n|\n|upkeep\n|turn|14\n|\n|t:|1698791987\n|move|p1a: Dragonite|Aqua Jet|p2a: Flygon\n|-damage|p2a: Flygon|29\/100\n|move|p2a: Flygon|Dragon Claw|p1a: Dragonite\n|-supereffective|p1a: Dragonite\n|-damage|p1a: Dragonite|0 fnt\n|faint|p1a: Dragonite\n|\n|upkeep\n|c|\u2606Caseishere|L\n|c|\u2606Caseishere|dumbass\n|\n|t:|1698791998\n|switch|p1a: Breloom|Breloom, M, shiny|100\/100\n|turn|15\n|c|\u2606Caseishere|u def getting coached rn\n|\n|t:|1698792014\n|move|p1a: Breloom|Mach Punch|p2a: Flygon\n|-damage|p2a: Flygon|0 fnt\n|faint|p2a: Flygon\n|\n|upkeep\n|\n|t:|1698792022\n|switch|p2a: Grimmsnarl|Grimmsnarl, M, shiny|100\/100\n|-damage|p2a: Grimmsnarl|88\/100|[from] Stealth Rock\n|turn|16\n|\n|t:|1698792030\n|switch|p1a: Mawile|Mawile, F, shiny|100\/100\n|-ability|p1a: Mawile|Intimidate|boost\n|-unboost|p2a: Grimmsnarl|atk|1\n|move|p2a: Grimmsnarl|Fake Out|p1a: Mawile\n|-resisted|p1a: Mawile\n|-damage|p1a: Mawile|95\/100\n|\n|-heal|p2a: Grimmsnarl|94\/100|[from] item: Leftovers\n|upkeep\n|turn|17\n|\n|t:|1698792042\n|switch|p2a: Blastoise|Blastoise, F|100\/100\n|-damage|p2a: Blastoise|88\/100|[from] Stealth Rock\n|detailschange|p1a: Mawile|Mawile-Mega, F, shiny\n|-mega|p1a: Mawile|Mawile|Mawilite\n|move|p1a: Mawile|Iron Head|p2a: Blastoise\n|-resisted|p2a: Blastoise\n|-damage|p2a: Blastoise|51\/100\n|\n|upkeep\n|turn|18\n|\n|t:|1698792055\n|move|p1a: Mawile|Sucker Punch|p2a: Blastoise\n|-damage|p2a: Blastoise|10\/100\n|move|p2a: Blastoise|Rapid Spin|p1a: Mawile\n|-resisted|p1a: Mawile\n|-damage|p1a: Mawile|90\/100\n|-boost|p2a: Blastoise|spe|1\n|-sideend|p2: Caseishere|Stealth Rock|[from] move: Rapid Spin|[of] p2a: Blastoise\n|\n|upkeep\n|turn|19\n|\n|t:|1698792068\n|move|p2a: Blastoise|Shell Smash|p2a: Blastoise\n|-unboost|p2a: Blastoise|def|1\n|-unboost|p2a: Blastoise|spd|1\n|-boost|p2a: Blastoise|atk|2\n|-boost|p2a: Blastoise|spa|2\n|-boost|p2a: Blastoise|spe|2\n|-enditem|p2a: Blastoise|White Herb\n|-clearnegativeboost|p2a: Blastoise|[silent]\n|move|p1a: Mawile|Iron Head|p2a: Blastoise\n|-resisted|p2a: Blastoise\n|-damage|p2a: Blastoise|0 fnt\n|faint|p2a: Blastoise\n|\n|upkeep\n|\n|t:|1698792079\n|switch|p2a: Aggron|Aggron, F, shiny|100\/100\n|turn|20\n|\n|t:|1698792091\n|detailschange|p2a: Aggron|Aggron-Mega, F, shiny\n|-mega|p2a: Aggron|Aggron|Aggronite\n|move|p1a: Mawile|Sucker Punch||[still]\n|-fail|p1a: Mawile\n|move|p2a: Aggron|Iron Defense|p2a: Aggron\n|-boost|p2a: Aggron|def|2\n|\n|upkeep\n|turn|21\n|\n|t:|1698792105\n|move|p1a: Mawile|Iron Head|p2a: Aggron\n|-resisted|p2a: Aggron\n|-crit|p2a: Aggron\n|-damage|p2a: Aggron|75\/100\n|move|p2a: Aggron|Iron Defense|p2a: Aggron\n|-boost|p2a: Aggron|def|2\n|\n|upkeep\n|turn|22\n|c|\u2606Caseishere|switch out\n|l|\u2606Caseishere\n|player|p2|\n|j|\u2606Caseishere\n|player|p2|Caseishere|266\n|\n|t:|1698792136\n|move|p2a: Aggron|Earthquake|p1a: Mawile\n|-supereffective|p1a: Mawile\n|-damage|p1a: Mawile|33\/100\n|move|p1a: Mawile|Iron Head|p2a: Aggron\n|-resisted|p2a: Aggron\n|-damage|p2a: Aggron|70\/100\n|\n|upkeep\n|turn|23\n|\n|t:|1698792145\n|move|p1a: Mawile|Sucker Punch||[still]\n|-fail|p1a: Mawile\n|move|p2a: Aggron|Iron Defense|p2a: Aggron\n|-boost|p2a: Aggron|def|2\n|\n|upkeep\n|turn|24\n|c|\u2606Caseishere|ok buddy\n|c| thattomattguy|BODY PRESS BRO\n|l|\u2606Caseishere\n|player|p2|\n|j|\u2606Caseishere\n|player|p2|Caseishere|266\n|\n|t:|1698792170\n|move|p1a: Mawile|Iron Head|p2a: Aggron\n|-resisted|p2a: Aggron\n|-damage|p2a: Aggron|66\/100\n|cant|p2a: Aggron|flinch\n|\n|upkeep\n|turn|25\n|\n|t:|1698792174\n|move|p1a: Mawile|Iron Head|p2a: Aggron\n|-resisted|p2a: Aggron\n|-damage|p2a: Aggron|62\/100\n|move|p2a: Aggron|Body Press|p1a: Mawile\n|-damage|p1a: Mawile|0 fnt\n|faint|p1a: Mawile\n|\n|upkeep\n|c|\u2606Caseishere|ain no way\n|\n|t:|1698792180\n|switch|p1a: Marshadow|Marshadow|19\/100\n|turn|26\n|\n|t:|1698792186\n|move|p1a: Marshadow|Spectral Thief||[still]\n|-clearpositiveboost|p2a: Aggron|p1a: Marshadow|move: Spectral Thief\n|-boost|p1a: Marshadow|def|6\n|-anim|p1a: Marshadow|Spectral Thief|p2a: Aggron\n|-damage|p2a: Aggron|41\/100\n|move|p2a: Aggron|Earthquake|p1a: Marshadow\n|-damage|p1a: Marshadow|8\/100\n|\n|upkeep\n|turn|27\n|l|\u2606Caseishere\n|player|p2|\n|j|\u2606Caseishere\n|player|p2|Caseishere|266\n|\n|t:|1698792225\n|move|p1a: Marshadow|Drain Punch|p2a: Aggron\n|-supereffective|p2a: Aggron\n|-damage|p2a: Aggron|17\/100\n|-heal|p1a: Marshadow|21\/100|[from] drain|[of] p2a: Aggron\n|move|p2a: Aggron|Earthquake|p1a: Marshadow\n|-damage|p1a: Marshadow|10\/100\n|\n|upkeep\n|turn|28\n|\n|t:|1698792238\n|move|p1a: Marshadow|Drain Punch|p2a: Aggron\n|-supereffective|p2a: Aggron\n|-damage|p2a: Aggron|0 fnt\n|-heal|p1a: Marshadow|19\/100|[from] drain|[of] p2a: Aggron\n|faint|p2a: Aggron\n|\n|upkeep\n|\n|t:|1698792242\n|switch|p2a: Grimmsnarl|Grimmsnarl, M, shiny|94\/100\n|turn|29\n|l|\u2606Caseishere\n|player|p2|\n|j|\u2606Caseishere\n|player|p2|Caseishere|266\n|l|\u2606Caseishere\n|player|p2|\n|j|\u2606Caseishere\n|player|p2|Caseishere|266\n|c|\u2606Caseishere|my internet needs to ropemax\n|\n|t:|1698792281\n|move|p1a: Marshadow|Drain Punch|p2a: Grimmsnarl\n|-damage|p2a: Grimmsnarl|47\/100\n|-heal|p1a: Marshadow|49\/100|[from] drain|[of] p2a: Grimmsnarl\n|move|p2a: Grimmsnarl|Foul Play|p1a: Marshadow\n|-damage|p1a: Marshadow|32\/100\n|\n|-heal|p2a: Grimmsnarl|53\/100|[from] item: Leftovers\n|upkeep\n|turn|30\n|\n|t:|1698792292\n|move|p1a: Marshadow|Drain Punch|p2a: Grimmsnarl\n|-damage|p2a: Grimmsnarl|4\/100\n|-heal|p1a: Marshadow|63\/100|[from] drain|[of] p2a: Grimmsnarl\n|move|p2a: Grimmsnarl|Dazzling Gleam|p1a: Marshadow\n|-supereffective|p1a: Marshadow\n|-damage|p1a: Marshadow|0 fnt\n|faint|p1a: Marshadow\n|\n|-heal|p2a: Grimmsnarl|10\/100|[from] item: Leftovers\n|upkeep\n|\n|t:|1698792302\n|switch|p1a: Breloom|Breloom, M, shiny|100\/100\n|turn|31\n|c|\u2606Caseishere|see you gotta keep it close\n|\n|t:|1698792308\n|move|p1a: Breloom|Mach Punch|p2a: Grimmsnarl\n|-damage|p2a: Grimmsnarl|0 fnt\n|faint|p2a: Grimmsnarl\n|\n|upkeep\n|\n|t:|1698792311\n|switch|p2a: Darmanitan|Darmanitan-Galar, F, shiny|75\/100\n|turn|32\n|\n|t:|1698792320\n|move|p2a: Darmanitan|Icicle Crash|p1a: Breloom\n|-supereffective|p1a: Breloom\n|-damage|p1a: Breloom|0 fnt\n|faint|p1a: Breloom\n|\n|upkeep\n|\n|t:|1698792324\n|switch|p1a: Forretress|Forretress, M, shiny|34\/100 brn\n|turn|33\n|\n|t:|1698792348\n|move|p2a: Darmanitan|Icicle Crash|p1a: Forretress\n|-resisted|p1a: Forretress\n|-damage|p1a: Forretress|15\/100 brn\n|move|p1a: Forretress|Gyro Ball|p2a: Darmanitan\n|-supereffective|p2a: Darmanitan\n|-damage|p2a: Darmanitan|7\/100\n|\n|-heal|p1a: Forretress|21\/100 brn|[from] item: Leftovers\n|-damage|p1a: Forretress|15\/100 brn|[from] brn\n|upkeep\n|turn|34\n|\n|t:|1698792362\n|move|p2a: Darmanitan|Icicle Crash|p1a: Forretress\n|-resisted|p1a: Forretress\n|-damage|p1a: Forretress|0 fnt\n|faint|p1a: Forretress\n|\n|upkeep\n|\n|t:|1698792365\n|switch|p1a: Gliscor|Gliscor, M, shiny|86\/100 tox\n|turn|35\n|c|\u2606Caseishere|i win if this hits surely\n|c| thattomattguy|ggs alvi\n|\n|t:|1698792372\n|move|p2a: Darmanitan|Icicle Crash|p1a: Gliscor|[miss]\n|-miss|p2a: Darmanitan|p1a: Gliscor\n|move|p1a: Gliscor|Roost|p1a: Gliscor\n|-heal|p1a: Gliscor|100\/100 tox\n|-singleturn|p1a: Gliscor|move: Roost\n|\n|upkeep\n|turn|36\n|c|\u2606Caseishere|IM KILLING MYSELG\n|\n|t:|1698792385\n|move|p2a: Darmanitan|Icicle Crash|p1a: Gliscor\n|-supereffective|p1a: Gliscor\n|-damage|p1a: Gliscor|0 fnt\n|faint|p1a: Gliscor\n|\n|win|Caseishere\n|c|\u2606Caseishere|nvm he's stupid\n|c|\u2606Caseishere|LOL U DUMBASS\n|l|\u2606Alvithesenior\n","uploadtime":1698792430,"views":12,"p1id":"alvithesenior","p2id":"caseishere","formatid":"gen9nationaldexubers","rating":0,"private":0,"password":""}