{"id":"gen9nationaldexubers-1979843401","p1":"D. Lawrenzz","p2":"XX_1nfinity_XX","format":"[Gen 9] National Dex Ubers","log":"|j|\u2606D. Lawrenzz\n|j|\u2606XX_1nfinity_XX\n|t:|1698719131\n|gametype|singles\n|player|p1|D. Lawrenzz|blue-masters|\n|player|p2|XX_1nfinity_XX|lucas|\n|teamsize|p1|6\n|teamsize|p2|6\n|gen|9\n|tier|[Gen 9] National Dex Ubers\n|rule|HP Percentage Mod: HP is shown in percentages\n|rule|Endless Battle Clause: Forcing endless battles is banned\n|rule|OHKO Clause: OHKO moves are banned\n|rule|Evasion Moves Clause: Evasion moves are banned\n|rule|Evasion Items Clause: Evasion items are banned\n|rule|Species Clause: Limit one of each Pok\u00e9mon\n|rule|Sleep Clause Mod: Limit one foe put to sleep\n|rule|Mega Rayquaza Clause: You cannot mega evolve Rayquaza\n|clearpoke\n|poke|p1|Ribombee, M|\n|poke|p1|Medicham, M|\n|poke|p1|Great Tusk|\n|poke|p1|Ogerpon-Wellspring, F|\n|poke|p1|Gholdengo|\n|poke|p1|Iron Moth|\n|poke|p2|Magearna|\n|poke|p2|Tapu Koko|\n|poke|p2|Tapu Lele|\n|poke|p2|Tapu Bulu|\n|poke|p2|Tapu Fini|\n|poke|p2|Venusaur, F|\n|teampreview\n|inactive|Battle timer is ON: inactive players will automatically lose when time's up. (requested by XX_1nfinity_XX)\n|inactive|D. Lawrenzz also wants the timer to be on.\n|c|\u2606D. Lawrenzz|what restriction?\n|c|\u2606XX_1nfinity_XX|none\n|\n|t:|1698719151\n|start\n|switch|p1a: Ribombee|Ribombee, M|100\/100\n|switch|p2a: Magearna|Magearna|100\/100\n|turn|1\n|\n|t:|1698719162\n|move|p1a: Ribombee|Stun Spore|p2a: Magearna\n|-status|p2a: Magearna|par\n|move|p2a: Magearna|Shift Gear|p2a: Magearna\n|-boost|p2a: Magearna|spe|2\n|-boost|p2a: Magearna|atk|1\n|\n|upkeep\n|turn|2\n|\n|t:|1698719165\n|move|p1a: Ribombee|Sticky Web|p2a: Magearna\n|-sidestart|p2: XX_1nfinity_XX|move: Sticky Web\n|move|p2a: Magearna|Shift Gear|p2a: Magearna\n|-boost|p2a: Magearna|spe|2\n|-boost|p2a: Magearna|atk|1\n|\n|upkeep\n|turn|3\n|\n|t:|1698719172\n|move|p1a: Ribombee|U-turn|p2a: Magearna\n|-resisted|p2a: Magearna\n|-crit|p2a: Magearna\n|-damage|p2a: Magearna|97\/100 par\n|\n|t:|1698719182\n|switch|p1a: Medicham|Medicham, M|100\/100|[from] U-turn\n|move|p2a: Magearna|Shift Gear|p2a: Magearna\n|-boost|p2a: Magearna|spe|2\n|-boost|p2a: Magearna|atk|1\n|\n|-heal|p2a: Magearna|100\/100 par|[from] item: Leftovers\n|upkeep\n|turn|4\n|\n|t:|1698719187\n|detailschange|p1a: Medicham|Medicham-Mega, M\n|-mega|p1a: Medicham|Medicham|Medichamite\n|move|p1a: Medicham|Fake Out|p2a: Magearna\n|-resisted|p2a: Magearna\n|-damage|p2a: Magearna|93\/100 par\n|cant|p2a: Magearna|flinch\n|\n|-heal|p2a: Magearna|99\/100 par|[from] item: Leftovers\n|upkeep\n|turn|5\n|\n|t:|1698719192\n|move|p2a: Magearna|Stored Power|p1a: Medicham\n|-damage|p1a: Medicham|18\/100\n|move|p1a: Medicham|High Jump Kick|p2a: Magearna\n|-damage|p2a: Magearna|35\/100 par\n|\n|-heal|p2a: Magearna|41\/100 par|[from] item: Leftovers\n|upkeep\n|turn|6\n|\n|t:|1698719213\n|move|p2a: Magearna|Draining Kiss|p1a: Medicham\n|-supereffective|p1a: Medicham\n|-damage|p1a: Medicham|0 fnt\n|-heal|p2a: Magearna|51\/100 par|[from] drain|[of] p1a: Medicham\n|faint|p1a: Medicham\n|-ability|p2a: Magearna|Soul-Heart|boost\n|-boost|p2a: Magearna|spa|1\n|\n|-heal|p2a: Magearna|57\/100 par|[from] item: Leftovers\n|upkeep\n|inactive|D. Lawrenzz has 270 seconds left.\n|\n|t:|1698719237\n|switch|p1a: Iron Moth|Iron Moth|100\/100\n|-enditem|p1a: Iron Moth|Booster Energy\n|-activate|p1a: Iron Moth|ability: Quark Drive|[fromitem]\n|-start|p1a: Iron Moth|quarkdrivespa\n|turn|7\n|inactive|D. Lawrenzz has 270 seconds left.\n|\n|t:|1698719259\n|-terastallize|p1a: Iron Moth|Fire\n|move|p1a: Iron Moth|Fiery Dance|p2a: Magearna\n|-supereffective|p2a: Magearna\n|-damage|p2a: Magearna|0 fnt\n|-boost|p1a: Iron Moth|spa|1\n|faint|p2a: Magearna\n|\n|upkeep\n|c|\u2606XX_1nfinity_XX|Rip\n|\n|t:|1698719268\n|switch|p2a: Venusaur|Venusaur, F|100\/100\n|-activate|p2a: Venusaur|move: Sticky Web\n|-unboost|p2a: Venusaur|spe|1\n|turn|8\n|\n|t:|1698719273\n|detailschange|p2a: Venusaur|Venusaur-Mega, F\n|-mega|p2a: Venusaur|Venusaur|Venusaurite\n|move|p1a: Iron Moth|Fiery Dance|p2a: Venusaur\n|-supereffective|p2a: Venusaur\n|-damage|p2a: Venusaur|33\/100\n|move|p2a: Venusaur|Earth Power|p1a: Iron Moth\n|-supereffective|p1a: Iron Moth\n|-damage|p1a: Iron Moth|50\/100\n|\n|upkeep\n|turn|9\n|\n|t:|1698719285\n|switch|p2a: Tapu Bulu|Tapu Bulu|100\/100\n|-activate|p2a: Tapu Bulu|move: Sticky Web\n|-unboost|p2a: Tapu Bulu|spe|1\n|-fieldstart|move: Grassy Terrain|[from] ability: Grassy Surge|[of] p2a: Tapu Bulu\n|move|p1a: Iron Moth|Fiery Dance|p2a: Tapu Bulu\n|-supereffective|p2a: Tapu Bulu\n|-damage|p2a: Tapu Bulu|0 fnt\n|-boost|p1a: Iron Moth|spa|1\n|faint|p2a: Tapu Bulu\n|\n|-heal|p1a: Iron Moth|56\/100|[from] Grassy Terrain\n|upkeep\n|\n|t:|1698719287\n|switch|p2a: Tapu Lele|Tapu Lele|100\/100\n|-activate|p2a: Tapu Lele|move: Sticky Web\n|-unboost|p2a: Tapu Lele|spe|1\n|-fieldstart|move: Psychic Terrain|[from] ability: Psychic Surge|[of] p2a: Tapu Lele\n|turn|10\n|\n|t:|1698719298\n|move|p1a: Iron Moth|Fiery Dance|p2a: Tapu Lele\n|-damage|p2a: Tapu Lele|0 fnt\n|-boost|p1a: Iron Moth|spa|1\n|faint|p2a: Tapu Lele\n|\n|upkeep\n|c|\u2606XX_1nfinity_XX|i need a defogger\n|\n|t:|1698719305\n|switch|p2a: Tapu Fini|Tapu Fini|100\/100\n|-activate|p2a: Tapu Fini|move: Sticky Web\n|-unboost|p2a: Tapu Fini|spe|1\n|-fieldstart|move: Misty Terrain|[from] ability: Misty Surge|[of] p2a: Tapu Fini\n|turn|11\n|\n|t:|1698719309\n|move|p1a: Iron Moth|Sludge Wave|p2a: Tapu Fini\n|-supereffective|p2a: Tapu Fini\n|-damage|p2a: Tapu Fini|0 fnt\n|faint|p2a: Tapu Fini\n|\n|upkeep\n|\n|t:|1698719311\n|switch|p2a: Tapu Koko|Tapu Koko|100\/100\n|-activate|p2a: Tapu Koko|move: Sticky Web\n|-unboost|p2a: Tapu Koko|spe|1\n|-fieldstart|move: Electric Terrain|[from] ability: Electric Surge|[of] p2a: Tapu Koko\n|turn|12\n|\n|t:|1698719315\n|move|p1a: Iron Moth|Sludge Wave|p2a: Tapu Koko\n|-supereffective|p2a: Tapu Koko\n|-damage|p2a: Tapu Koko|0 fnt\n|faint|p2a: Tapu Koko\n|\n|upkeep\n|\n|t:|1698719317\n|switch|p2a: Venusaur|Venusaur-Mega, F|33\/100\n|-activate|p2a: Venusaur|move: Sticky Web\n|-unboost|p2a: Venusaur|spe|1\n|turn|13\n|\n|t:|1698719320\n|move|p1a: Iron Moth|Fiery Dance|p2a: Venusaur\n|-supereffective|p2a: Venusaur\n|-damage|p2a: Venusaur|0 fnt\n|-boost|p1a: Iron Moth|spa|1\n|faint|p2a: Venusaur\n|\n|win|D. Lawrenzz\n|c|\u2606D. Lawrenzz|swept\n","uploadtime":1698719323,"views":11,"p1id":"dlawrenzz","p2id":"xx1nfinityxx","formatid":"gen9nationaldexubers","rating":0,"private":0,"password":""}