{"id":"gen9nationaldexubers-1981076892","p1":"Videorelaxant777","p2":"pkrokune","format":"[Gen 9] National Dex Ubers","log":"|j|\u2606Videorelaxant777\n|j|\u2606pkrokune\n|t:|1698861704\n|gametype|singles\n|player|p1|Videorelaxant777|zinnia|1321\n|player|p2|pkrokune|alec-anime|1415\n|teamsize|p1|6\n|teamsize|p2|6\n|gen|9\n|tier|[Gen 9] National Dex Ubers\n|rated|\n|rule|HP Percentage Mod: HP is shown in percentages\n|rule|Endless Battle Clause: Forcing endless battles is banned\n|rule|OHKO Clause: OHKO moves are banned\n|rule|Evasion Moves Clause: Evasion moves are banned\n|rule|Evasion Items Clause: Evasion items are banned\n|rule|Species Clause: Limit one of each Pok\u00e9mon\n|rule|Sleep Clause Mod: Limit one foe put to sleep\n|rule|Mega Rayquaza Clause: You cannot mega evolve Rayquaza\n|clearpoke\n|poke|p1|Arceus|\n|poke|p1|Grimmsnarl, M|\n|poke|p1|Marshadow|\n|poke|p1|Blissey, F|\n|poke|p1|Landorus-Therian, M|\n|poke|p1|Serperior, F|\n|poke|p2|Xerneas-*|\n|poke|p2|Yveltal|\n|poke|p2|Ho-Oh|\n|poke|p2|Groudon|\n|poke|p2|Kangaskhan, F|\n|poke|p2|Basculegion, M|\n|teampreview\n|inactive|Battle timer is ON: inactive players will automatically lose when time's up. (requested by pkrokune)\n|c|\u2606Videorelaxant777|g;hf\n|\n|t:|1698861711\n|start\n|switch|p1a: Ben Shapiro|Grimmsnarl, M|100\/100\n|switch|p2a: Kangaskhan|Kangaskhan, F, shiny|100\/100\n|turn|1\n|\n|t:|1698861720\n|switch|p1a: Pumped Up Kicks|Marshadow|100\/100\n|detailschange|p2a: Kangaskhan|Kangaskhan-Mega, F, shiny\n|-mega|p2a: Kangaskhan|Kangaskhan|Kangaskhanite\n|move|p2a: Kangaskhan|Fake Out|p1a: Pumped Up Kicks\n|-immune|p1a: Pumped Up Kicks\n|\n|upkeep\n|turn|2\n|\n|t:|1698861727\n|switch|p2a: Ho-Oh|Ho-Oh|100\/100\n|move|p1a: Pumped Up Kicks|Close Combat|p2a: Ho-Oh\n|-resisted|p2a: Ho-Oh\n|-damage|p2a: Ho-Oh|80\/100\n|-unboost|p1a: Pumped Up Kicks|def|1\n|-unboost|p1a: Pumped Up Kicks|spd|1\n|\n|upkeep\n|turn|3\n|\n|t:|1698861733\n|switch|p1a: Ben Shapiro|Grimmsnarl, M|100\/100\n|move|p2a: Ho-Oh|Toxic|p1a: Ben Shapiro\n|-status|p1a: Ben Shapiro|tox\n|\n|-damage|p1a: Ben Shapiro|94\/100 tox|[from] psn\n|upkeep\n|turn|4\n|\n|t:|1698861738\n|switch|p2a: Yveltal|Yveltal, shiny|100\/100\n|-ability|p2a: Yveltal|Dark Aura\n|move|p1a: Ben Shapiro|Light Screen|p1a: Ben Shapiro\n|-sidestart|p1: Videorelaxant777|move: Light Screen\n|\n|-damage|p1a: Ben Shapiro|82\/100 tox|[from] psn\n|upkeep\n|turn|5\n|\n|t:|1698861744\n|move|p1a: Ben Shapiro|Reflect|p1a: Ben Shapiro\n|-sidestart|p1: Videorelaxant777|Reflect\n|move|p2a: Yveltal|Oblivion Wing|p1a: Ben Shapiro\n|-damage|p1a: Ben Shapiro|66\/100 tox\n|\n|-damage|p1a: Ben Shapiro|48\/100 tox|[from] psn\n|upkeep\n|turn|6\n|\n|t:|1698861749\n|switch|p1a: The Medic|Blissey, F, shiny|100\/100\n|move|p2a: Yveltal|U-turn|p1a: The Medic\n|-damage|p1a: The Medic|91\/100\n|\n|t:|1698861752\n|switch|p2a: Kangaskhan|Kangaskhan-Mega, F, shiny|100\/100|[from] U-turn\n|\n|-heal|p1a: The Medic|97\/100|[from] item: Leftovers\n|upkeep\n|turn|7\n|\n|t:|1698861760\n|move|p2a: Kangaskhan|Power-Up Punch|p1a: The Medic\n|-supereffective|p1a: The Medic\n|-damage|p1a: The Medic|86\/100\n|-boost|p2a: Kangaskhan|atk|1\n|-supereffective|p1a: The Medic\n|-damage|p1a: The Medic|81\/100\n|-boost|p2a: Kangaskhan|atk|1\n|-hitcount|p1a: The Medic|2\n|move|p1a: The Medic|Aromatherapy|p1a: The Medic\n|-activate|p1a: The Medic|move: Aromatherapy\n|-curestatus|p1: Ben Shapiro|tox|[msg]\n|\n|-heal|p1a: The Medic|87\/100|[from] item: Leftovers\n|upkeep\n|turn|8\n|\n|t:|1698861769\n|move|p2a: Kangaskhan|Body Slam|p1a: The Medic\n|-damage|p1a: The Medic|53\/100\n|-damage|p1a: The Medic|43\/100\n|-hitcount|p1a: The Medic|2\n|move|p1a: The Medic|Counter|p2a: Kangaskhan\n|-damage|p2a: Kangaskhan|60\/100\n|\n|-heal|p1a: The Medic|49\/100|[from] item: Leftovers\n|upkeep\n|turn|9\n|\n|t:|1698861780\n|move|p2a: Kangaskhan|Power-Up Punch|p1a: The Medic\n|-supereffective|p1a: The Medic\n|-damage|p1a: The Medic|24\/100\n|-boost|p2a: Kangaskhan|atk|1\n|-supereffective|p1a: The Medic\n|-damage|p1a: The Medic|17\/100\n|-boost|p2a: Kangaskhan|atk|1\n|-hitcount|p1a: The Medic|2\n|move|p1a: The Medic|Counter|p2a: Kangaskhan\n|-damage|p2a: Kangaskhan|28\/100\n|\n|-heal|p1a: The Medic|23\/100|[from] item: Leftovers\n|upkeep\n|turn|10\n|\n|t:|1698861800\n|switch|p1a: Ben Shapiro|Grimmsnarl, M|48\/100\n|move|p2a: Kangaskhan|Body Slam|p1a: Ben Shapiro\n|-damage|p1a: Ben Shapiro|0 fnt\n|faint|p1a: Ben Shapiro\n|-hitcount|p1: Ben Shapiro|1\n|\n|upkeep\n|\n|t:|1698861805\n|switch|p1a: Pumped Up Kicks|Marshadow|100\/100\n|turn|11\n|\n|t:|1698861808\n|move|p2a: Kangaskhan|Sucker Punch|p1a: Pumped Up Kicks\n|-damage|p1a: Pumped Up Kicks|57\/100\n|-damage|p1a: Pumped Up Kicks|46\/100\n|-hitcount|p1a: Pumped Up Kicks|2\n|move|p1a: Pumped Up Kicks|Close Combat|p2a: Kangaskhan\n|-supereffective|p2a: Kangaskhan\n|-damage|p2a: Kangaskhan|0 fnt\n|-unboost|p1a: Pumped Up Kicks|def|1\n|-unboost|p1a: Pumped Up Kicks|spd|1\n|faint|p2a: Kangaskhan\n|\n|-sideend|p1: Videorelaxant777|move: Light Screen\n|upkeep\n|\n|t:|1698861820\n|switch|p2a: Basculegion|Basculegion, M, shiny|100\/100\n|turn|12\n|\n|t:|1698861826\n|move|p2a: Basculegion|Flip Turn|p1a: Pumped Up Kicks\n|-damage|p1a: Pumped Up Kicks|6\/100\n|\n|t:|1698861829\n|switch|p2a: Ho-Oh|Ho-Oh|100\/100|[from] Flip Turn\n|move|p1a: Pumped Up Kicks|Spectral Thief|p2a: Ho-Oh\n|-damage|p2a: Ho-Oh|74\/100\n|\n|-sideend|p1: Videorelaxant777|Reflect\n|upkeep\n|turn|13\n|\n|t:|1698861837\n|switch|p1a: The Medic|Blissey, F, shiny|23\/100\n|move|p2a: Ho-Oh|Sacred Fire|p1a: The Medic\n|-damage|p1a: The Medic|0 fnt\n|faint|p1a: The Medic\n|\n|upkeep\n|\n|t:|1698861845\n|switch|p1a: HEALTHY META|Landorus-Therian, M|100\/100\n|-ability|p1a: HEALTHY META|Intimidate|boost\n|-unboost|p2a: Ho-Oh|atk|1\n|turn|14\n|\n|t:|1698861854\n|switch|p2a: Groudon|Groudon, shiny|100\/100\n|detailschange|p2a: Groudon|Groudon-Primal, shiny\n|-primal|p2a: Groudon|Red Orb\n|-weather|DesolateLand|[from] ability: Desolate Land|[of] p2a: Groudon\n|move|p1a: HEALTHY META|Stone Edge|p2a: Groudon\n|-damage|p2a: Groudon|73\/100\n|\n|-weather|DesolateLand|[upkeep]\n|upkeep\n|turn|15\n|\n|t:|1698861868\n|switch|p1a: Truck|Arceus|100\/100\n|move|p2a: Groudon|Stealth Rock|p1a: Truck\n|-sidestart|p1: Videorelaxant777|move: Stealth Rock\n|\n|-weather|DesolateLand|[upkeep]\n|upkeep\n|turn|16\n|\n|t:|1698861872\n|move|p2a: Groudon|Precipice Blades|p1a: Truck|[miss]\n|-miss|p2a: Groudon|p1a: Truck\n|move|p1a: Truck|Swords Dance|p1a: Truck\n|-boost|p1a: Truck|atk|2\n|\n|-weather|DesolateLand|[upkeep]\n|upkeep\n|turn|17\n|\n|t:|1698861879\n|move|p2a: Groudon|Precipice Blades|p1a: Truck\n|-damage|p1a: Truck|47\/100\n|move|p1a: Truck|Swords Dance|p1a: Truck\n|-boost|p1a: Truck|atk|2\n|\n|-weather|DesolateLand|[upkeep]\n|upkeep\n|turn|18\n|\n|t:|1698861886\n|-weather|none\n|switch|p2a: Basculegion|Basculegion, M, shiny|100\/100\n|-terastallize|p1a: Truck|Normal\n|move|p1a: Truck|Extreme Speed|p2a: Basculegion\n|-immune|p2a: Basculegion\n|\n|upkeep\n|turn|19\n|\n|t:|1698861894\n|move|p2a: Basculegion|Wave Crash|p1a: Truck\n|-damage|p1a: Truck|2\/100\n|-damage|p2a: Basculegion|83\/100|[from] Recoil\n|move|p1a: Truck|Shadow Claw|p2a: Basculegion\n|-supereffective|p2a: Basculegion\n|-damage|p2a: Basculegion|0 fnt\n|faint|p2a: Basculegion\n|\n|upkeep\n|c|\u2606Videorelaxant777|yes, im a gamer\n|\n|t:|1698861907\n|switch|p2a: Yveltal|Yveltal, shiny|100\/100\n|-ability|p2a: Yveltal|Dark Aura\n|turn|20\n|\n|t:|1698861916\n|move|p1a: Truck|Extreme Speed|p2a: Yveltal\n|-damage|p2a: Yveltal|0 fnt\n|faint|p2a: Yveltal\n|\n|upkeep\n|\n|t:|1698861929\n|switch|p2a: Xerneas|Xerneas, shiny|100\/100\n|-ability|p2a: Xerneas|Fairy Aura\n|turn|21\n|\n|t:|1698861933\n|-terastallize|p2a: Xerneas|Steel\n|move|p1a: Truck|Extreme Speed|p2a: Xerneas\n|-resisted|p2a: Xerneas\n|-damage|p2a: Xerneas|33\/100\n|move|p2a: Xerneas|Draining Kiss|p1a: Truck\n|-damage|p1a: Truck|0 fnt\n|-heal|p2a: Xerneas|33\/100|[from] drain|[of] p1a: Truck\n|faint|p1a: Truck\n|\n|upkeep\n|\n|t:|1698861940\n|switch|p1a: HEALTHY META|Landorus-Therian, M|100\/100\n|-damage|p1a: HEALTHY META|88\/100|[from] Stealth Rock\n|-ability|p1a: HEALTHY META|Intimidate|boost\n|-unboost|p2a: Xerneas|atk|1\n|turn|22\n|\n|t:|1698861956\n|move|p1a: HEALTHY META|Earthquake|p2a: Xerneas\n|-supereffective|p2a: Xerneas\n|-damage|p2a: Xerneas|0 fnt\n|faint|p2a: Xerneas\n|\n|upkeep\n|\n|t:|1698861960\n|switch|p2a: Groudon|Groudon-Primal, shiny|73\/100\n|-weather|DesolateLand|[from] ability: Desolate Land|[of] p2a: Groudon\n|turn|23\n|\n|t:|1698861964\n|move|p1a: HEALTHY META|Earthquake|p2a: Groudon\n|-supereffective|p2a: Groudon\n|-damage|p2a: Groudon|0 fnt\n|faint|p2a: Groudon\n|-weather|none\n|\n|upkeep\n|-message|pkrokune forfeited.\n|\n|win|Videorelaxant777\n|raw|Videorelaxant777's rating: 1321 &rarr; <strong>1346<\/strong><br \/>(+25 for winning)\n|raw|pkrokune's rating: 1415 &rarr; <strong>1390<\/strong><br \/>(-25 for losing)\n|l|\u2606pkrokune\n","uploadtime":1698861979,"views":9,"p1id":"videorelaxant777","p2id":"pkrokune","formatid":"gen9nationaldexubers","rating":1346,"private":0,"password":""}