{"id":"gen9nationaldexubers-1998260714","p1":"THUNDER-M0DE\u303d\ufe0f","p2":"PEPOS_ONGAME","format":"[Gen 9] National Dex Ubers","log":"|j|\u2606THUNDER-M0DE\u303d\ufe0f\n|j|\u2606PEPOS_ONGAME\n|t:|1700921369\n|gametype|singles\n|player|p1|THUNDER-M0DE\u303d\ufe0f|elesa-masters|1040\n|player|p2|PEPOS_ONGAME|gentleman|1064\n|teamsize|p1|6\n|teamsize|p2|6\n|gen|9\n|tier|[Gen 9] National Dex Ubers\n|rated|\n|rule|HP Percentage Mod: HP is shown in percentages\n|rule|Endless Battle Clause: Forcing endless battles is banned\n|rule|OHKO Clause: OHKO moves are banned\n|rule|Evasion Moves Clause: Evasion moves are banned\n|rule|Evasion Items Clause: Evasion items are banned\n|rule|Species Clause: Limit one of each Pok\u00e9mon\n|rule|Sleep Clause Mod: Limit one foe put to sleep\n|rule|Mega Rayquaza Clause: You cannot mega evolve Rayquaza\n|clearpoke\n|poke|p1|Tapu Koko|\n|poke|p1|Zapdos|\n|poke|p1|Raichu-Alola, M|\n|poke|p1|Regieleki|\n|poke|p1|Zeraora|\n|poke|p1|Zekrom|\n|poke|p2|Heracross, M|\n|poke|p2|Ambipom, F|\n|poke|p2|Cloyster, F|\n|poke|p2|Cinccino, M|\n|poke|p2|Toucannon, F|\n|poke|p2|Kyogre|\n|teampreview\n|inactive|Battle timer is ON: inactive players will automatically lose when time's up. (requested by PEPOS_ONGAME)\n|\n|t:|1700921382\n|start\n|switch|p1a: \u26a1\ufe0f\u26a1\ufe0fZAPDODS\u26a1\ufe0f\ud83c\udf29|Zapdos, shiny|100\/100\n|switch|p2a: Heracross|Heracross, M|100\/100\n|turn|1\n|\n|t:|1700921394\n|move|p1a: \u26a1\ufe0f\u26a1\ufe0fZAPDODS\u26a1\ufe0f\ud83c\udf29|Rain Dance|p1a: \u26a1\ufe0f\u26a1\ufe0fZAPDODS\u26a1\ufe0f\ud83c\udf29\n|-weather|RainDance\n|move|p2a: Heracross|Swords Dance|p2a: Heracross\n|-boost|p2a: Heracross|atk|2\n|\n|-weather|RainDance|[upkeep]\n|upkeep\n|turn|2\n|\n|t:|1700921402\n|move|p1a: \u26a1\ufe0f\u26a1\ufe0fZAPDODS\u26a1\ufe0f\ud83c\udf29|Hurricane|p2a: Heracross\n|-supereffective|p2a: Heracross\n|-damage|p2a: Heracross|0 fnt\n|faint|p2a: Heracross\n|\n|-weather|RainDance|[upkeep]\n|upkeep\n|\n|t:|1700921409\n|switch|p2a: Ambipom|Ambipom, F|100\/100\n|turn|3\n|\n|t:|1700921414\n|move|p2a: Ambipom|Fake Out|p1a: \u26a1\ufe0f\u26a1\ufe0fZAPDODS\u26a1\ufe0f\ud83c\udf29\n|-damage|p1a: \u26a1\ufe0f\u26a1\ufe0fZAPDODS\u26a1\ufe0f\ud83c\udf29|59\/100\n|-damage|p2a: Ambipom|91\/100|[from] item: Life Orb\n|cant|p1a: \u26a1\ufe0f\u26a1\ufe0fZAPDODS\u26a1\ufe0f\ud83c\udf29|flinch\n|\n|-weather|RainDance|[upkeep]\n|upkeep\n|turn|4\n|\n|t:|1700921422\n|move|p2a: Ambipom|Tail Slap|p1a: \u26a1\ufe0f\u26a1\ufe0fZAPDODS\u26a1\ufe0f\ud83c\udf29|[miss]\n|-miss|p2a: Ambipom|p1a: \u26a1\ufe0f\u26a1\ufe0fZAPDODS\u26a1\ufe0f\ud83c\udf29\n|move|p1a: \u26a1\ufe0f\u26a1\ufe0fZAPDODS\u26a1\ufe0f\ud83c\udf29|Thunder|p2a: Ambipom\n|-damage|p2a: Ambipom|0 fnt\n|faint|p2a: Ambipom\n|\n|-weather|RainDance|[upkeep]\n|upkeep\n|\n|t:|1700921433\n|switch|p2a: Cloyster|Cloyster, F|100\/100\n|turn|5\n|\n|t:|1700921438\n|move|p1a: \u26a1\ufe0f\u26a1\ufe0fZAPDODS\u26a1\ufe0f\ud83c\udf29|Thunder|p2a: Cloyster\n|-supereffective|p2a: Cloyster\n|-enditem|p2a: Cloyster|Focus Sash\n|-damage|p2a: Cloyster|1\/100\n|-status|p2a: Cloyster|par\n|move|p2a: Cloyster|Shell Smash|p2a: Cloyster\n|-unboost|p2a: Cloyster|def|1\n|-unboost|p2a: Cloyster|spd|1\n|-boost|p2a: Cloyster|atk|2\n|-boost|p2a: Cloyster|spa|2\n|-boost|p2a: Cloyster|spe|2\n|\n|-weather|RainDance|[upkeep]\n|upkeep\n|turn|6\n|\n|t:|1700921451\n|move|p1a: \u26a1\ufe0f\u26a1\ufe0fZAPDODS\u26a1\ufe0f\ud83c\udf29|Thunder|p2a: Cloyster\n|-supereffective|p2a: Cloyster\n|-damage|p2a: Cloyster|0 fnt\n|faint|p2a: Cloyster\n|\n|-weather|RainDance|[upkeep]\n|upkeep\n|\n|t:|1700921458\n|switch|p2a: Cinccino|Cinccino, M|100\/100\n|turn|7\n|\n|t:|1700921462\n|move|p2a: Cinccino|Tail Slap|p1a: \u26a1\ufe0f\u26a1\ufe0fZAPDODS\u26a1\ufe0f\ud83c\udf29\n|-damage|p1a: \u26a1\ufe0f\u26a1\ufe0fZAPDODS\u26a1\ufe0f\ud83c\udf29|44\/100\n|-damage|p1a: \u26a1\ufe0f\u26a1\ufe0fZAPDODS\u26a1\ufe0f\ud83c\udf29|31\/100\n|-damage|p1a: \u26a1\ufe0f\u26a1\ufe0fZAPDODS\u26a1\ufe0f\ud83c\udf29|19\/100\n|-status|p2a: Cinccino|par|[from] ability: Static|[of] p1a: \u26a1\ufe0f\u26a1\ufe0fZAPDODS\u26a1\ufe0f\ud83c\udf29\n|-damage|p1a: \u26a1\ufe0f\u26a1\ufe0fZAPDODS\u26a1\ufe0f\ud83c\udf29|5\/100\n|-damage|p1a: \u26a1\ufe0f\u26a1\ufe0fZAPDODS\u26a1\ufe0f\ud83c\udf29|0 fnt\n|faint|p1a: \u26a1\ufe0f\u26a1\ufe0fZAPDODS\u26a1\ufe0f\ud83c\udf29\n|-hitcount|p1: \u26a1\ufe0f\u26a1\ufe0fZAPDODS\u26a1\ufe0f\ud83c\udf29|5\n|\n|-weather|RainDance|[upkeep]\n|upkeep\n|\n|t:|1700921475\n|switch|p1a: \u26a1\ufe0fTAPU KOKO\u26a1\ufe0f\u26a1\ufe0f|Tapu Koko|100\/100\n|-fieldstart|move: Electric Terrain|[from] ability: Electric Surge|[of] p1a: \u26a1\ufe0fTAPU KOKO\u26a1\ufe0f\u26a1\ufe0f\n|turn|8\n|\n|t:|1700921489\n|-terastallize|p2a: Cinccino|Normal\n|move|p1a: \u26a1\ufe0fTAPU KOKO\u26a1\ufe0f\u26a1\ufe0f|Thunder|p2a: Cinccino\n|-damage|p2a: Cinccino|0 fnt\n|faint|p2a: Cinccino\n|\n|-weather|none\n|upkeep\n|-message|PEPOS_ONGAME forfeited.\n|\n|win|THUNDER-M0DE\u303d\ufe0f\n|raw|THUNDER-M0DE\u303d\ufe0f's rating: 1040 &rarr; <strong>1076<\/strong><br \/>(+36 for winning)\n|raw|PEPOS_ONGAME's rating: 1064 &rarr; <strong>1043<\/strong><br \/>(-21 for losing)\n|l|\u2606PEPOS_ONGAME\n","uploadtime":1700921592,"views":0,"p1id":"thunderm0de","p2id":"peposongame","formatid":"gen9nationaldexubers","rating":1043,"private":0,"password":""}