{"id":"gen9nationaldexubers-1997408264","p1":"uiopatty","p2":"Theimpactassault","format":"[Gen 9] National Dex Ubers","log":"|j|\u203duiopatty\n|j|\u2606Theimpactassault\n|t:|1700800486\n|gametype|singles\n|player|p1|uiopatty|170|1379\n|player|p2|Theimpactassault|hilda|1437\n|teamsize|p1|6\n|teamsize|p2|6\n|gen|9\n|tier|[Gen 9] National Dex Ubers\n|rated|\n|rule|HP Percentage Mod: HP is shown in percentages\n|rule|Endless Battle Clause: Forcing endless battles is banned\n|rule|OHKO Clause: OHKO moves are banned\n|rule|Evasion Moves Clause: Evasion moves are banned\n|rule|Evasion Items Clause: Evasion items are banned\n|rule|Species Clause: Limit one of each Pok\u00e9mon\n|rule|Sleep Clause Mod: Limit one foe put to sleep\n|rule|Mega Rayquaza Clause: You cannot mega evolve Rayquaza\n|clearpoke\n|poke|p1|Salamence, F|\n|poke|p1|Kyogre|\n|poke|p1|Calyrex-Ice|\n|poke|p1|Genesect|\n|poke|p1|Kyurem-White|\n|poke|p1|Deoxys-Attack|\n|poke|p2|Chi-Yu|\n|poke|p2|Chien-Pao|\n|poke|p2|Zacian-*|\n|poke|p2|Eternatus|\n|poke|p2|Marshadow|\n|poke|p2|Arceus|\n|teampreview\n|\n|t:|1700800496\n|start\n|switch|p1a: Genesect|Genesect, shiny|100\/100\n|switch|p2a: Arceus|Arceus|100\/100\n|-ability|p1a: Genesect|Download|boost\n|-boost|p1a: Genesect|atk|1\n|turn|1\n|\n|t:|1700800501\n|move|p1a: Genesect|Shift Gear|p1a: Genesect\n|-boost|p1a: Genesect|spe|2\n|-boost|p1a: Genesect|atk|1\n|move|p2a: Arceus|Swords Dance|p2a: Arceus\n|-boost|p2a: Arceus|atk|2\n|\n|upkeep\n|turn|2\n|\n|t:|1700800507\n|-terastallize|p1a: Genesect|Normal\n|-terastallize|p2a: Arceus|Normal\n|move|p1a: Genesect|Extreme Speed|p2a: Arceus\n|-damage|p2a: Arceus|32\/100\n|-damage|p1a: Genesect|91\/100|[from] item: Life Orb\n|move|p2a: Arceus|Extreme Speed|p1a: Genesect\n|-damage|p1a: Genesect|0 fnt\n|faint|p1a: Genesect\n|\n|upkeep\n|inactive|Battle timer is ON: inactive players will automatically lose when time's up. (requested by Theimpactassault)\n|\n|t:|1700800523\n|switch|p1a: Calyrex|Calyrex-Ice|100\/100\n|-ability|p1a: Calyrex|As One\n|-ability|p1a: Calyrex|Unnerve\n|turn|3\n|\n|t:|1700800528\n|move|p2a: Arceus|Shadow Claw|p1a: Calyrex\n|-supereffective|p1a: Calyrex\n|-damage|p1a: Calyrex|42\/100\n|move|p1a: Calyrex|Trick Room|p1a: Calyrex\n|-fieldstart|move: Trick Room|[of] p1a: Calyrex\n|\n|-heal|p1a: Calyrex|48\/100|[from] item: Leftovers\n|upkeep\n|turn|4\n|j| flatziswashed \u269d\u5f61\n|\n|t:|1700800546\n|move|p2a: Arceus|Extreme Speed|p1a: Calyrex\n|-damage|p1a: Calyrex|0 fnt\n|faint|p1a: Calyrex\n|\n|upkeep\n|\n|t:|1700800549\n|switch|p1a: Kyogre|Kyogre|100\/100\n|detailschange|p1a: Kyogre|Kyogre-Primal\n|-primal|p1a: Kyogre|Blue Orb\n|-weather|PrimordialSea|[from] ability: Primordial Sea|[of] p1a: Kyogre\n|turn|5\n|\n|t:|1700800552\n|move|p2a: Arceus|Extreme Speed|p1a: Kyogre\n|-damage|p1a: Kyogre|0 fnt\n|faint|p1a: Kyogre\n|-weather|none\n|\n|upkeep\n|\n|t:|1700800565\n|switch|p1a: Salamence|Salamence, F|100\/100\n|-ability|p1a: Salamence|Intimidate|boost\n|-unboost|p2a: Arceus|atk|1\n|turn|6\n|\n|t:|1700800573\n|detailschange|p1a: Salamence|Salamence-Mega, F\n|-mega|p1a: Salamence|Salamence|Salamencite\n|move|p2a: Arceus|Extreme Speed|p1a: Salamence\n|-damage|p1a: Salamence|20\/100\n|move|p1a: Salamence|Return|p2a: Arceus\n|-damage|p2a: Arceus|0 fnt\n|faint|p2a: Arceus\n|\n|upkeep\n|\n|t:|1700800589\n|switch|p2a: Marshadow|Marshadow|100\/100\n|turn|7\n|\n|t:|1700800593\n|move|p2a: Marshadow|Shadow Sneak|p1a: Salamence\n|-damage|p1a: Salamence|0 fnt\n|faint|p1a: Salamence\n|\n|-fieldend|move: Trick Room\n|upkeep\n|\n|t:|1700800597\n|switch|p1a: Deoxys|Deoxys-Attack|100\/100\n|-ability|p1a: Deoxys|Pressure\n|turn|8\n|\n|t:|1700800601\n|-zpower|p1a: Deoxys\n|move|p1a: Deoxys|Shattered Psyche|p2a: Marshadow|[zeffect]\n|-supereffective|p2a: Marshadow\n|-enditem|p2a: Marshadow|Focus Sash\n|-damage|p2a: Marshadow|1\/100\n|move|p2a: Marshadow|Spectral Thief|p1a: Deoxys\n|-supereffective|p1a: Deoxys\n|-damage|p1a: Deoxys|0 fnt\n|faint|p1a: Deoxys\n|\n|upkeep\n|\n|t:|1700800604\n|switch|p1a: Kyurem|Kyurem-White|100\/100\n|-ability|p1a: Kyurem|Turboblaze\n|turn|9\n|\n|t:|1700800609\n|move|p1a: Kyurem|Earth Power|p2a: Marshadow\n|-damage|p2a: Marshadow|0 fnt\n|faint|p2a: Marshadow\n|\n|upkeep\n|\n|t:|1700800616\n|switch|p2a: Chien-Pao|Chien-Pao|100\/100\n|-ability|p2a: Chien-Pao|Sword of Ruin\n|turn|10\n|\n|t:|1700800618\n|move|p1a: Kyurem|Earth Power|p2a: Chien-Pao\n|-damage|p2a: Chien-Pao|36\/100\n|move|p2a: Chien-Pao|Crunch|p1a: Kyurem\n|-damage|p1a: Kyurem|23\/100\n|-unboost|p1a: Kyurem|def|1\n|\n|upkeep\n|turn|11\n|\n|t:|1700800624\n|switch|p2a: Chi-Yu|Chi-Yu|100\/100\n|-ability|p2a: Chi-Yu|Beads of Ruin\n|move|p1a: Kyurem|Earth Power|p2a: Chi-Yu\n|-supereffective|p2a: Chi-Yu\n|-damage|p2a: Chi-Yu|10\/100\n|\n|upkeep\n|turn|12\n|\n|t:|1700800627\n|move|p2a: Chi-Yu|Memento|p1a: Kyurem\n|-unboost|p1a: Kyurem|atk|2\n|-unboost|p1a: Kyurem|spa|2\n|faint|p2a: Chi-Yu\n|move|p1a: Kyurem|Earth Power|p2: Chi-Yu|[notarget]\n|-fail|p1a: Kyurem\n|\n|upkeep\n|\n|t:|1700800629\n|switch|p2a: Chien-Pao|Chien-Pao|36\/100\n|-ability|p2a: Chien-Pao|Sword of Ruin\n|turn|13\n|\n|t:|1700800632\n|move|p2a: Chien-Pao|Ice Shard|p1a: Kyurem\n|-damage|p1a: Kyurem|0 fnt\n|faint|p1a: Kyurem\n|\n|win|Theimpactassault\n|raw|uiopatty's rating: 1397 &rarr; <strong>1379<\/strong><br \/>(-18 for losing)\n|raw|Theimpactassault's rating: 1437 &rarr; <strong>1455<\/strong><br \/>(+18 for winning)\n|l|\u203duiopatty\n","uploadtime":1700800646,"views":3,"p1id":"uiopatty","p2id":"theimpactassault","formatid":"gen9nationaldexubers","rating":1379,"private":0,"password":""}