{"id":"gen9nationaldexubers-1987905939","p1":"PhobosYeah","p2":"vol2hardknockxlife","format":"[Gen 9] National Dex Ubers","log":"|j|\u2606PhobosYeah\n|j|\u2606vol2hardknockxlife\n|t:|1699647846\n|gametype|singles\n|player|p1|PhobosYeah|roughneck|1364\n|player|p2|vol2hardknockxlife|265|1265\n|teamsize|p1|6\n|teamsize|p2|6\n|gen|9\n|tier|[Gen 9] National Dex Ubers\n|rated|\n|rule|HP Percentage Mod: HP is shown in percentages\n|rule|Endless Battle Clause: Forcing endless battles is banned\n|rule|OHKO Clause: OHKO moves are banned\n|rule|Evasion Moves Clause: Evasion moves are banned\n|rule|Evasion Items Clause: Evasion items are banned\n|rule|Species Clause: Limit one of each Pok\u00e9mon\n|rule|Sleep Clause Mod: Limit one foe put to sleep\n|rule|Mega Rayquaza Clause: You cannot mega evolve Rayquaza\n|clearpoke\n|poke|p1|Ditto|\n|poke|p1|Smeargle, F|\n|poke|p1|Kangaskhan, F|\n|poke|p1|Zoroark-Hisui, F|\n|poke|p1|Ursaluna-Bloodmoon, M|\n|poke|p1|Arceus|\n|poke|p2|Ninetales-Alola, F|\n|poke|p2|Ogerpon-Hearthflame, F|\n|poke|p2|Baxcalibur, F|\n|poke|p2|Hatterene, F|\n|poke|p2|Ursaluna-Bloodmoon, M|\n|poke|p2|Solgaleo|\n|teampreview\n|c|\u2606PhobosYeah|GLHF\n|c|\u2606vol2hardknockxlife|U2\n|inactive|Battle timer is ON: inactive players will automatically lose when time's up. (requested by PhobosYeah)\n|\n|t:|1699647888\n|start\n|switch|p1a: Smeargle|Smeargle, F|100\/100\n|switch|p2a: Ninetales|Ninetales-Alola, F|100\/100\n|-weather|Snow|[from] ability: Snow Warning|[of] p2a: Ninetales\n|turn|1\n|\n|t:|1699647894\n|move|p2a: Ninetales|Encore||[still]\n|-fail|p2a: Ninetales\n|move|p1a: Smeargle|Spore|p2a: Ninetales\n|-status|p2a: Ninetales|slp|[from] move: Spore\n|\n|-weather|Snow|[upkeep]\n|-ability|p1a: Smeargle|Moody|boost\n|-boost|p1a: Smeargle|spe|2\n|-unboost|p1a: Smeargle|spd|1\n|upkeep\n|turn|2\n|\n|t:|1699647903\n|switch|p2a: Hatterene|Hatterene, F|100\/100\n|move|p1a: Smeargle|Sticky Web|p2a: Hatterene\n|move|p2a: Hatterene|Sticky Web|p1a: Smeargle|[from]ability: Magic Bounce\n|-sidestart|p1: PhobosYeah|move: Sticky Web\n|\n|-weather|Snow|[upkeep]\n|-ability|p1a: Smeargle|Moody|boost\n|-boost|p1a: Smeargle|spe|2\n|-unboost|p1a: Smeargle|def|1\n|upkeep\n|turn|3\n|\n|t:|1699647915\n|move|p1a: Smeargle|Shed Tail|p1a: Smeargle\n|-start|p1a: Smeargle|Substitute|[from] move: Shed Tail\n|-damage|p1a: Smeargle|50\/100\n|\n|t:|1699647921\n|switch|p1a: Arceus|Arceus|100\/100|[from] Shed Tail\n|-activate|p1a: Arceus|move: Sticky Web\n|-unboost|p1a: Arceus|spe|1\n|move|p2a: Hatterene|Calm Mind|p2a: Hatterene\n|-boost|p2a: Hatterene|spa|1\n|-boost|p2a: Hatterene|spd|1\n|\n|-weather|Snow|[upkeep]\n|upkeep\n|turn|4\n|\n|t:|1699647935\n|move|p1a: Arceus|Swords Dance|p1a: Arceus\n|-boost|p1a: Arceus|atk|2\n|move|p2a: Hatterene|Draining Kiss|p1a: Arceus\n|-end|p1a: Arceus|Substitute\n|\n|-weather|Snow|[upkeep]\n|upkeep\n|turn|5\n|\n|t:|1699647946\n|-terastallize|p1a: Arceus|Normal\n|move|p1a: Arceus|Extreme Speed|p2a: Hatterene\n|-damage|p2a: Hatterene|0 fnt\n|faint|p2a: Hatterene\n|\n|-weather|none\n|upkeep\n|\n|t:|1699647959\n|switch|p2a: Solgaleo|Solgaleo|100\/100\n|turn|6\n|\n|t:|1699647968\n|switch|p2a: Ninetales|Ninetales-Alola, F|100\/100 slp\n|-weather|Snow|[from] ability: Snow Warning|[of] p2a: Ninetales\n|move|p1a: Arceus|Earthquake|p2a: Ninetales\n|-damage|p2a: Ninetales|38\/100 slp\n|\n|-weather|Snow|[upkeep]\n|upkeep\n|turn|7\n|\n|t:|1699647976\n|move|p1a: Arceus|Extreme Speed|p2a: Ninetales\n|-damage|p2a: Ninetales|0 fnt\n|faint|p2a: Ninetales\n|\n|-weather|Snow|[upkeep]\n|upkeep\n|\n|t:|1699647982\n|switch|p2a: Baxcalibur|Baxcalibur, F|100\/100\n|turn|8\n|\n|t:|1699647988\n|move|p1a: Arceus|Extreme Speed|p2a: Baxcalibur\n|-crit|p2a: Baxcalibur\n|-damage|p2a: Baxcalibur|0 fnt\n|faint|p2a: Baxcalibur\n|\n|-weather|Snow|[upkeep]\n|upkeep\n|\n|t:|1699647994\n|switch|p2a: Ursaluna|Ursaluna-Bloodmoon, M|100\/100\n|turn|9\n|\n|t:|1699647998\n|move|p1a: Arceus|Extreme Speed|p2a: Ursaluna\n|-damage|p2a: Ursaluna|0 fnt\n|faint|p2a: Ursaluna\n|\n|-weather|Snow|[upkeep]\n|upkeep\n|-message|vol2hardknockxlife forfeited.\n|\n|win|PhobosYeah\n|raw|PhobosYeah's rating: 1364 &rarr; <strong>1378<\/strong><br \/>(+14 for winning)\n|raw|vol2hardknockxlife's rating: 1265 &rarr; <strong>1247<\/strong><br \/>(-18 for losing)\n|l|\u2606vol2hardknockxlife\n|c|\u2606PhobosYeah|GG\n","uploadtime":1699648015,"views":4,"p1id":"phobosyeah","p2id":"vol2hardknockxlife","formatid":"gen9nationaldexubers","rating":1247,"private":0,"password":""}