{"id":"gen9nationaldexubers-1994912858","p1":"JustMonika_CARR","p2":"HladnoFant","format":"[Gen 9] National Dex Ubers","log":"|j|\u2606JustMonika_CARR\n|j|\u2606HladnoFant\n|t:|1700504104\n|gametype|singles\n|player|p1|JustMonika_CARR|dawn|1404\n|player|p2|HladnoFant|cynthia-gen4|1259\n|teamsize|p1|6\n|teamsize|p2|6\n|gen|9\n|tier|[Gen 9] National Dex Ubers\n|rated|\n|rule|HP Percentage Mod: HP is shown in percentages\n|rule|Endless Battle Clause: Forcing endless battles is banned\n|rule|OHKO Clause: OHKO moves are banned\n|rule|Evasion Moves Clause: Evasion moves are banned\n|rule|Evasion Items Clause: Evasion items are banned\n|rule|Species Clause: Limit one of each Pok\u00e9mon\n|rule|Sleep Clause Mod: Limit one foe put to sleep\n|rule|Mega Rayquaza Clause: You cannot mega evolve Rayquaza\n|clearpoke\n|poke|p1|Marshadow|\n|poke|p1|Lopunny, F|\n|poke|p1|Dialga|\n|poke|p1|Forretress, F|\n|poke|p1|Pheromosa|\n|poke|p1|Grimmsnarl, M|\n|poke|p2|Spiritomb, M|\n|poke|p2|Togekiss, M|\n|poke|p2|Lucario, M|\n|poke|p2|Milotic, F|\n|poke|p2|Roserade, F|\n|poke|p2|Garchomp, M|\n|teampreview\n|\n|t:|1700504120\n|start\n|switch|p1a: Forretress|Forretress, F, shiny|100\/100\n|switch|p2a: Milotic|Milotic, F|100\/100\n|turn|1\n|\n|t:|1700504126\n|switch|p2a: Lucario|Lucario, M|100\/100\n|move|p1a: Forretress|Toxic Spikes|p2a: Lucario\n|-sidestart|p2: HladnoFant|move: Toxic Spikes\n|\n|upkeep\n|turn|2\n|\n|t:|1700504131\n|move|p2a: Lucario|Swords Dance|p2a: Lucario\n|-boost|p2a: Lucario|atk|2\n|move|p1a: Forretress|Stealth Rock|p2a: Lucario\n|-sidestart|p2: HladnoFant|move: Stealth Rock\n|\n|upkeep\n|turn|3\n|\n|t:|1700504138\n|move|p2a: Lucario|Meteor Mash|p1a: Forretress\n|-resisted|p1a: Forretress\n|-damage|p1a: Forretress|76\/100\n|-enditem|p1a: Forretress|Red Card|[of] p2a: Lucario\n|drag|p2a: Garchomp|Garchomp, M|100\/100\n|-status|p2a: Garchomp|psn\n|-damage|p2a: Garchomp|94\/100 psn|[from] Stealth Rock\n|move|p1a: Forretress|Toxic Spikes|p2a: Garchomp\n|-sidestart|p2: HladnoFant|move: Toxic Spikes\n|\n|-damage|p2a: Garchomp|82\/100 psn|[from] psn\n|upkeep\n|turn|4\n|inactive|Battle timer is ON: inactive players will automatically lose when time's up. (requested by HladnoFant)\n|\n|t:|1700504151\n|move|p2a: Garchomp|Swords Dance|p2a: Garchomp\n|-boost|p2a: Garchomp|atk|2\n|move|p1a: Forretress|Rapid Spin|p2a: Garchomp\n|-damage|p2a: Garchomp|72\/100 psn\n|-boost|p1a: Forretress|spe|1\n|-damage|p1a: Forretress|64\/100|[from] ability: Rough Skin|[of] p2a: Garchomp\n|\n|-damage|p2a: Garchomp|60\/100 psn|[from] psn\n|upkeep\n|turn|5\n|\n|t:|1700504161\n|move|p2a: Garchomp|Scale Shot|p1a: Forretress\n|-resisted|p1a: Forretress\n|-damage|p1a: Forretress|57\/100\n|-resisted|p1a: Forretress\n|-damage|p1a: Forretress|50\/100\n|-resisted|p1a: Forretress\n|-damage|p1a: Forretress|43\/100\n|-resisted|p1a: Forretress\n|-damage|p1a: Forretress|36\/100\n|-hitcount|p1a: Forretress|4\n|-unboost|p2a: Garchomp|def|1\n|-boost|p2a: Garchomp|spe|1\n|move|p1a: Forretress|Rapid Spin|p2a: Garchomp\n|-damage|p2a: Garchomp|45\/100 psn\n|-boost|p1a: Forretress|spe|1\n|-damage|p1a: Forretress|24\/100|[from] ability: Rough Skin|[of] p2a: Garchomp\n|\n|-damage|p2a: Garchomp|33\/100 psn|[from] psn\n|upkeep\n|turn|6\n|\n|t:|1700504179\n|move|p1a: Forretress|Endure|p1a: Forretress\n|-singleturn|p1a: Forretress|move: Endure\n|move|p2a: Garchomp|Earthquake|p1a: Forretress\n|-activate|p1a: Forretress|move: Endure\n|-damage|p1a: Forretress|1\/100\n|\n|-damage|p2a: Garchomp|20\/100 psn|[from] psn\n|upkeep\n|turn|7\n|\n|t:|1700504187\n|move|p1a: Forretress|Endure||[still]\n|-fail|p1a: Forretress\n|move|p2a: Garchomp|Scale Shot|p1a: Forretress\n|-resisted|p1a: Forretress\n|-damage|p1a: Forretress|0 fnt\n|faint|p1a: Forretress\n|-hitcount|p1: Forretress|1\n|-unboost|p2a: Garchomp|def|1\n|-boost|p2a: Garchomp|spe|1\n|\n|-damage|p2a: Garchomp|8\/100 psn|[from] psn\n|upkeep\n|\n|t:|1700504199\n|switch|p1a: Grimmsnarl|Grimmsnarl, M, shiny|100\/100\n|turn|8\n|\n|t:|1700504205\n|move|p1a: Grimmsnarl|Reflect|p1a: Grimmsnarl\n|-sidestart|p1: JustMonika_CARR|Reflect\n|move|p2a: Garchomp|Poison Jab|p1a: Grimmsnarl\n|-supereffective|p1a: Grimmsnarl\n|-damage|p1a: Grimmsnarl|41\/100\n|\n|-heal|p1a: Grimmsnarl|47\/100|[from] item: Leftovers\n|-damage|p2a: Garchomp|0 fnt|[from] psn\n|faint|p2a: Garchomp\n|upkeep\n|\n|t:|1700504211\n|switch|p2a: Milotic|Milotic, F|100\/100\n|-status|p2a: Milotic|tox\n|-damage|p2a: Milotic|88\/100 tox|[from] Stealth Rock\n|turn|9\n|\n|t:|1700504219\n|move|p1a: Grimmsnarl|Light Screen|p1a: Grimmsnarl\n|-sidestart|p1: JustMonika_CARR|move: Light Screen\n|move|p2a: Milotic|Scald|p1a: Grimmsnarl\n|-damage|p1a: Grimmsnarl|34\/100\n|\n|-heal|p2a: Milotic|94\/100 tox|[from] item: Leftovers\n|-heal|p1a: Grimmsnarl|40\/100|[from] item: Leftovers\n|-damage|p2a: Milotic|88\/100 tox|[from] psn\n|upkeep\n|turn|10\n|\n|t:|1700504229\n|move|p2a: Milotic|Ice Beam|p1a: Grimmsnarl\n|-damage|p1a: Grimmsnarl|30\/100\n|move|p1a: Grimmsnarl|Spirit Break|p2a: Milotic\n|-damage|p2a: Milotic|64\/100 tox\n|-unboost|p2a: Milotic|spa|1\n|-ability|p2a: Milotic|Competitive|boost\n|-boost|p2a: Milotic|spa|2\n|\n|-heal|p2a: Milotic|70\/100 tox|[from] item: Leftovers\n|-heal|p1a: Grimmsnarl|36\/100|[from] item: Leftovers\n|-damage|p2a: Milotic|58\/100 tox|[from] psn\n|upkeep\n|turn|11\n|\n|t:|1700504242\n|move|p1a: Grimmsnarl|Taunt|p2a: Milotic\n|-start|p2a: Milotic|move: Taunt\n|move|p2a: Milotic|Scald|p1a: Grimmsnarl\n|-damage|p1a: Grimmsnarl|15\/100\n|\n|-heal|p2a: Milotic|64\/100 tox|[from] item: Leftovers\n|-heal|p1a: Grimmsnarl|21\/100|[from] item: Leftovers\n|-damage|p2a: Milotic|45\/100 tox|[from] psn\n|upkeep\n|turn|12\n|\n|t:|1700504253\n|switch|p2a: Roserade|Roserade, F|100\/100\n|-sideend|p2: HladnoFant|move: Toxic Spikes|[of] p2a: Roserade\n|-damage|p2a: Roserade|88\/100|[from] Stealth Rock\n|move|p1a: Grimmsnarl|Spirit Break|p2a: Roserade\n|-resisted|p2a: Roserade\n|-damage|p2a: Roserade|57\/100\n|-unboost|p2a: Roserade|spa|1\n|-status|p1a: Grimmsnarl|psn|[from] ability: Poison Point|[of] p2a: Roserade\n|\n|-heal|p1a: Grimmsnarl|27\/100 psn|[from] item: Leftovers\n|-damage|p1a: Grimmsnarl|14\/100 psn|[from] psn\n|-sideend|p1: JustMonika_CARR|Reflect\n|upkeep\n|turn|13\n|\n|t:|1700504267\n|move|p1a: Grimmsnarl|Taunt|p2a: Roserade\n|-start|p2a: Roserade|move: Taunt\n|move|p2a: Roserade|Sludge Bomb|p1a: Grimmsnarl\n|-supereffective|p1a: Grimmsnarl\n|-damage|p1a: Grimmsnarl|0 fnt\n|faint|p1a: Grimmsnarl\n|\n|-sideend|p1: JustMonika_CARR|move: Light Screen\n|upkeep\n|\n|t:|1700504282\n|switch|p1a: Pheromosa|Pheromosa, shiny|100\/100\n|turn|14\n|\n|t:|1700504287\n|switch|p2a: Milotic|Milotic, F|45\/100 tox\n|-damage|p2a: Milotic|33\/100 tox|[from] Stealth Rock\n|move|p1a: Pheromosa|Ice Beam|p2a: Milotic\n|-resisted|p2a: Milotic\n|-damage|p2a: Milotic|20\/100 tox\n|\n|-heal|p2a: Milotic|26\/100 tox|[from] item: Leftovers\n|-damage|p2a: Milotic|20\/100 tox|[from] psn\n|upkeep\n|turn|15\n|\n|t:|1700504297\n|move|p1a: Pheromosa|Rapid Spin|p2a: Milotic\n|-damage|p2a: Milotic|9\/100 tox\n|-boost|p1a: Pheromosa|spe|1\n|move|p2a: Milotic|Scald|p1a: Pheromosa\n|-damage|p1a: Pheromosa|35\/100\n|\n|-heal|p2a: Milotic|15\/100 tox|[from] item: Leftovers\n|-damage|p2a: Milotic|3\/100 tox|[from] psn\n|upkeep\n|turn|16\n|c|\u2606JustMonika_CARR|TF\n|c|\u2606JustMonika_CARR|Misclick\n|\n|t:|1700504312\n|switch|p2a: Spiritomb|Spiritomb, M|100\/100\n|-damage|p2a: Spiritomb|88\/100|[from] Stealth Rock\n|move|p1a: Pheromosa|Rapid Spin|p2a: Spiritomb\n|-immune|p2a: Spiritomb\n|\n|-heal|p2a: Spiritomb|94\/100|[from] item: Leftovers\n|upkeep\n|turn|17\n|\n|t:|1700504321\n|move|p1a: Pheromosa|Bug Buzz|p2a: Spiritomb\n|-damage|p2a: Spiritomb|37\/100\n|move|p2a: Spiritomb|Will-O-Wisp|p1a: Pheromosa\n|-status|p1a: Pheromosa|brn\n|\n|-heal|p2a: Spiritomb|43\/100|[from] item: Leftovers\n|-damage|p1a: Pheromosa|29\/100 brn|[from] brn\n|upkeep\n|turn|18\n|\n|t:|1700504330\n|move|p1a: Pheromosa|Bug Buzz|p2a: Spiritomb\n|-damage|p2a: Spiritomb|0 fnt\n|faint|p2a: Spiritomb\n|-ability|p1a: Pheromosa|Beast Boost|boost\n|-boost|p1a: Pheromosa|spa|1\n|\n|-damage|p1a: Pheromosa|23\/100 brn|[from] brn\n|upkeep\n|\n|t:|1700504339\n|switch|p2a: Lucario|Lucario, M|100\/100\n|-damage|p2a: Lucario|98\/100|[from] Stealth Rock\n|turn|19\n|\n|t:|1700504344\n|detailschange|p2a: Lucario|Lucario-Mega, M\n|-mega|p2a: Lucario|Lucario|Lucarionite\n|move|p2a: Lucario|Extreme Speed|p1a: Pheromosa\n|-damage|p1a: Pheromosa|0 fnt\n|faint|p1a: Pheromosa\n|\n|upkeep\n|\n|t:|1700504351\n|switch|p1a: Marshadow|Marshadow|100\/100\n|turn|20\n|\n|t:|1700504365\n|switch|p2a: Milotic|Milotic, F|3\/100 tox\n|-damage|p2a: Milotic|0 fnt|[from] Stealth Rock\n|faint|p2a: Milotic\n|move|p1a: Marshadow|Drain Punch|p2: Milotic|[notarget]\n|-fail|p1a: Marshadow\n|\n|upkeep\n|\n|t:|1700504367\n|switch|p2a: Togekiss|Togekiss, M|100\/100\n|-damage|p2a: Togekiss|76\/100|[from] Stealth Rock\n|turn|21\n|\n|t:|1700504376\n|move|p1a: Marshadow|Rock Tomb|p2a: Togekiss\n|-supereffective|p2a: Togekiss\n|-damage|p2a: Togekiss|20\/100\n|-unboost|p2a: Togekiss|spe|1\n|move|p2a: Togekiss|Dazzling Gleam|p1a: Marshadow\n|-supereffective|p1a: Marshadow\n|-damage|p1a: Marshadow|18\/100\n|\n|-heal|p2a: Togekiss|26\/100|[from] item: Leftovers\n|upkeep\n|turn|22\n|\n|t:|1700504387\n|move|p1a: Marshadow|Spectral Thief|p2a: Togekiss\n|-damage|p2a: Togekiss|0 fnt\n|faint|p2a: Togekiss\n|\n|upkeep\n|\n|t:|1700504389\n|switch|p2a: Roserade|Roserade, F|57\/100\n|-damage|p2a: Roserade|45\/100|[from] Stealth Rock\n|turn|23\n|\n|t:|1700504397\n|move|p2a: Roserade|Dazzling Gleam|p1a: Marshadow\n|-supereffective|p1a: Marshadow\n|-damage|p1a: Marshadow|0 fnt\n|faint|p1a: Marshadow\n|\n|upkeep\n|\n|t:|1700504407\n|switch|p1a: Dialga|Dialga, shiny|100\/100\n|-ability|p1a: Dialga|Pressure\n|turn|24\n|\n|t:|1700504414\n|-terastallize|p1a: Dialga|Ground\n|move|p1a: Dialga|Earth Power|p2a: Roserade\n|-damage|p2a: Roserade|0 fnt\n|faint|p2a: Roserade\n|\n|upkeep\n|\n|t:|1700504417\n|switch|p2a: Lucario|Lucario-Mega, M|98\/100\n|-damage|p2a: Lucario|95\/100|[from] Stealth Rock\n|turn|25\n|\n|t:|1700504421\n|move|p1a: Dialga|Earth Power|p2a: Lucario\n|-supereffective|p2a: Lucario\n|-damage|p2a: Lucario|0 fnt\n|faint|p2a: Lucario\n|\n|win|JustMonika_CARR\n|raw|JustMonika_CARR's rating: 1404 &rarr; <strong>1416<\/strong><br \/>(+12 for winning)\n|raw|HladnoFant's rating: 1259 &rarr; <strong>1244<\/strong><br \/>(-15 for losing)\n|l|\u2606HladnoFant\n","uploadtime":1700504429,"views":1,"p1id":"justmonikacarr","p2id":"hladnofant","formatid":"gen9nationaldexubers","rating":1244,"private":0,"password":""}