{"id":"gen9nationaldexubers-1986504942","p1":"LEGEND boiiii","p2":"hugoo171","format":"[Gen 9] National Dex Ubers","log":"|j|\u2606LEGEND boiiii\n|j|\u2606hugoo171\n|t:|1699485886\n|gametype|singles\n|player|p1|LEGEND boiiii|266|1440\n|player|p2|hugoo171|ltsurge|1378\n|teamsize|p1|6\n|teamsize|p2|6\n|gen|9\n|tier|[Gen 9] National Dex Ubers\n|rated|\n|rule|HP Percentage Mod: HP is shown in percentages\n|rule|Endless Battle Clause: Forcing endless battles is banned\n|rule|OHKO Clause: OHKO moves are banned\n|rule|Evasion Moves Clause: Evasion moves are banned\n|rule|Evasion Items Clause: Evasion items are banned\n|rule|Species Clause: Limit one of each Pok\u00e9mon\n|rule|Sleep Clause Mod: Limit one foe put to sleep\n|rule|Mega Rayquaza Clause: You cannot mega evolve Rayquaza\n|clearpoke\n|poke|p1|Zamazenta-*|\n|poke|p1|Ogerpon-Hearthflame, F|\n|poke|p1|Galvantula, M|\n|poke|p1|Zygarde|\n|poke|p1|Lopunny, F|\n|poke|p1|Slurpuff, M|\n|poke|p2|Spectrier|\n|poke|p2|Houndstone, F|\n|poke|p2|Hippowdon, F|\n|poke|p2|Zacian-*|\n|poke|p2|Diancie|\n|poke|p2|Ho-Oh|\n|teampreview\n|inactive|Battle timer is ON: inactive players will automatically lose when time's up. (requested by hugoo171)\n|\n|t:|1699485898\n|start\n|switch|p1a: Slurpuff|Slurpuff, M|100\/100\n|switch|p2a: Diancie|Diancie|100\/100\n|turn|1\n|\n|t:|1699485906\n|detailschange|p2a: Diancie|Diancie-Mega\n|-mega|p2a: Diancie|Diancie|Diancite\n|move|p2a: Diancie|Moonblast|p1a: Slurpuff\n|-damage|p1a: Slurpuff|16\/100\n|-unboost|p1a: Slurpuff|spa|1\n|-enditem|p1a: Slurpuff|Sitrus Berry|[eat]\n|-heal|p1a: Slurpuff|41\/100|[from] item: Sitrus Berry\n|move|p1a: Slurpuff|Belly Drum||[still]\n|-fail|p1a: Slurpuff\n|\n|upkeep\n|turn|2\n|\n|t:|1699485915\n|move|p1a: Slurpuff|Drain Punch|p2a: Diancie\n|-damage|p2a: Diancie|75\/100\n|-heal|p1a: Slurpuff|51\/100|[from] drain|[of] p2a: Diancie\n|move|p2a: Diancie|Moonblast|p1a: Slurpuff\n|-damage|p1a: Slurpuff|0 fnt\n|faint|p1a: Slurpuff\n|\n|upkeep\n|\n|t:|1699485921\n|switch|p1a: Ogerpon|Ogerpon-Hearthflame, F|100\/100\n|-ability|p1a: Ogerpon|Mold Breaker\n|turn|3\n|\n|t:|1699485930\n|move|p1a: Ogerpon|Rock Tomb|p2a: Diancie\n|-damage|p2a: Diancie|42\/100\n|-unboost|p2a: Diancie|spe|1\n|move|p2a: Diancie|Power Gem|p1a: Ogerpon\n|-supereffective|p1a: Ogerpon\n|-damage|p1a: Ogerpon|0 fnt\n|faint|p1a: Ogerpon\n|\n|upkeep\n|\n|t:|1699485940\n|switch|p1a: Zygarde|Zygarde|100\/100\n|turn|4\n|\n|t:|1699485945\n|-terastallize|p1a: Zygarde|Steel\n|move|p2a: Diancie|Moonblast|p1a: Zygarde\n|-resisted|p1a: Zygarde\n|-damage|p1a: Zygarde|76\/100\n|-unboost|p1a: Zygarde|spa|1\n|move|p1a: Zygarde|Substitute|p1a: Zygarde\n|-start|p1a: Zygarde|Substitute\n|-damage|p1a: Zygarde|51\/100\n|\n|-heal|p1a: Zygarde|57\/100|[from] item: Leftovers\n|upkeep\n|turn|5\n|\n|t:|1699485955\n|move|p2a: Diancie|Mystical Fire|p1a: Zygarde\n|-supereffective|p1a: Zygarde\n|-end|p1a: Zygarde|Substitute\n|move|p1a: Zygarde|Glare|p2a: Diancie\n|move|p2a: Diancie|Glare|p1a: Zygarde|[from]ability: Magic Bounce\n|-status|p1a: Zygarde|par\n|\n|-heal|p1a: Zygarde|63\/100 par|[from] item: Leftovers\n|upkeep\n|turn|6\n|-message|LEGEND boiiii forfeited.\n|\n|win|hugoo171\n|raw|LEGEND boiiii's rating: 1440 &rarr; <strong>1416<\/strong><br \/>(-24 for losing)\n|raw|hugoo171's rating: 1378 &rarr; <strong>1402<\/strong><br \/>(+24 for winning)\n|l|\u2606LEGEND boiiii\n|c|\u2606hugoo171|lol\n","uploadtime":1699485970,"views":4,"p1id":"legendboiiii","p2id":"hugoo171","formatid":"gen9nationaldexubers","rating":1402,"private":0,"password":""}