{"id":"gen9nationaldexubers-1982335388","p1":"arafatr871","p2":"KurumiTokisakilove","format":"[Gen 9] National Dex Ubers","log":"|j|\u2606arafatr871\n|j|\u2606KurumiTokisakilove\n|t:|1698999609\n|gametype|singles\n|player|p1|arafatr871|steven|1620\n|player|p2|KurumiTokisakilove|sabrina-gen2|1944\n|teamsize|p1|6\n|teamsize|p2|6\n|gen|9\n|tier|[Gen 9] National Dex Ubers\n|rated|\n|rule|HP Percentage Mod: HP is shown in percentages\n|rule|Endless Battle Clause: Forcing endless battles is banned\n|rule|OHKO Clause: OHKO moves are banned\n|rule|Evasion Moves Clause: Evasion moves are banned\n|rule|Evasion Items Clause: Evasion items are banned\n|rule|Species Clause: Limit one of each Pok\u00e9mon\n|rule|Sleep Clause Mod: Limit one foe put to sleep\n|rule|Mega Rayquaza Clause: You cannot mega evolve Rayquaza\n|clearpoke\n|poke|p1|Groudon|\n|poke|p1|Kyogre|\n|poke|p1|Giratina|\n|poke|p1|Dondozo, M|\n|poke|p1|Yveltal|\n|poke|p1|Eternatus|\n|poke|p2|Ho-Oh|\n|poke|p2|Yveltal|\n|poke|p2|Ditto|\n|poke|p2|Magearna|\n|poke|p2|Necrozma-Dusk-Mane|\n|poke|p2|Arceus-Ground|\n|teampreview\n|inactive|Battle timer is ON: inactive players will automatically lose when time's up. (requested by arafatr871)\n|inactive|KurumiTokisakilove also wants the timer to be on.\n|\n|t:|1698999625\n|start\n|switch|p1a: Kyogre|Kyogre, shiny|100\/100\n|switch|p2a: Necrozma|Necrozma-Dusk-Mane|100\/100\n|detailschange|p1a: Kyogre|Kyogre-Primal, shiny\n|-primal|p1a: Kyogre|Blue Orb\n|-weather|PrimordialSea|[from] ability: Primordial Sea|[of] p1a: Kyogre\n|turn|1\n|\n|t:|1698999631\n|detailschange|p2a: Necrozma|Necrozma-Ultra\n|-burst|p2a: Necrozma|Necrozma|Ultranecrozium Z\n|move|p2a: Necrozma|Photon Geyser|p1a: Kyogre\n|-damage|p1a: Kyogre|59\/100\n|move|p1a: Kyogre|Scald|p2a: Necrozma\n|-resisted|p2a: Necrozma\n|-damage|p2a: Necrozma|59\/100\n|\n|-weather|PrimordialSea|[upkeep]\n|upkeep\n|turn|2\n|\n|t:|1698999642\n|-zpower|p2a: Necrozma\n|move|p2a: Necrozma|Light That Burns the Sky|p1a: Kyogre|[zeffect]\n|-damage|p1a: Kyogre|0 fnt\n|faint|p1a: Kyogre\n|-weather|none\n|\n|upkeep\n|\n|t:|1698999647\n|switch|p1a: Yveltal|Yveltal, shiny|100\/100\n|-ability|p1a: Yveltal|Dark Aura\n|turn|3\n|\n|t:|1698999654\n|switch|p2a: Magearna|Magearna|100\/100\n|move|p1a: Yveltal|Knock Off|p2a: Magearna\n|-resisted|p2a: Magearna\n|-damage|p2a: Magearna|76\/100\n|-damage|p1a: Yveltal|91\/100|[from] item: Life Orb\n|\n|upkeep\n|turn|4\n|\n|t:|1698999667\n|switch|p1a: Groudon|Groudon, shiny|100\/100\n|detailschange|p1a: Groudon|Groudon-Primal, shiny\n|-primal|p1a: Groudon|Red Orb\n|-weather|DesolateLand|[from] ability: Desolate Land|[of] p1a: Groudon\n|switch|p2a: Yveltal|Yveltal, shiny|100\/100\n|-ability|p2a: Yveltal|Dark Aura\n|\n|-weather|DesolateLand|[upkeep]\n|upkeep\n|turn|5\n|\n|t:|1698999673\n|move|p1a: Groudon|Heat Crash|p2a: Yveltal\n|-damage|p2a: Yveltal|40\/100\n|move|p2a: Yveltal|Toxic|p1a: Groudon\n|-status|p1a: Groudon|tox\n|\n|-weather|DesolateLand|[upkeep]\n|-damage|p1a: Groudon|94\/100 tox|[from] psn\n|upkeep\n|turn|6\n|\n|t:|1698999678\n|switch|p2a: Ho-Oh|Ho-Oh|100\/100\n|move|p1a: Groudon|Heat Crash|p2a: Ho-Oh\n|-resisted|p2a: Ho-Oh\n|-damage|p2a: Ho-Oh|27\/100\n|\n|-weather|DesolateLand|[upkeep]\n|-damage|p1a: Groudon|82\/100 tox|[from] psn\n|upkeep\n|turn|7\n|\n|t:|1698999689\n|-terastallize|p2a: Ho-Oh|Ground\n|move|p2a: Ho-Oh|Earthquake|p1a: Groudon\n|-supereffective|p1a: Groudon\n|-damage|p1a: Groudon|0 fnt\n|faint|p1a: Groudon\n|-weather|none\n|\n|upkeep\n|\n|t:|1698999695\n|switch|p1a: Yveltal|Yveltal, shiny|91\/100\n|-ability|p1a: Yveltal|Dark Aura\n|turn|8\n|\n|t:|1698999700\n|switch|p2a: Magearna|Magearna|76\/100\n|move|p1a: Yveltal|Knock Off|p2a: Magearna\n|-resisted|p2a: Magearna\n|-damage|p2a: Magearna|54\/100\n|-damage|p1a: Yveltal|81\/100|[from] item: Life Orb\n|\n|upkeep\n|turn|9\n|\n|t:|1698999713\n|switch|p1a: Eternatus|Eternatus|100\/100\n|-ability|p1a: Eternatus|Pressure\n|move|p2a: Magearna|Pain Split|p1a: Eternatus\n|-sethp|p1a: Eternatus|71\/100|[from] move: Pain Split|[silent]\n|-sethp|p2a: Magearna|94\/100|[from] move: Pain Split\n|\n|-heal|p1a: Eternatus|77\/100|[from] item: Leftovers\n|upkeep\n|turn|10\n|\n|t:|1698999719\n|switch|p2a: Ho-Oh|Ho-Oh, tera:Ground|60\/100\n|move|p1a: Eternatus|Flamethrower|p2a: Ho-Oh\n|-damage|p2a: Ho-Oh|37\/100\n|\n|-heal|p1a: Eternatus|83\/100|[from] item: Leftovers\n|upkeep\n|turn|11\n|\n|t:|1698999725\n|switch|p2a: Magearna|Magearna|94\/100\n|move|p1a: Eternatus|Dynamax Cannon|p2a: Magearna\n|-immune|p2a: Magearna\n|\n|-heal|p1a: Eternatus|89\/100|[from] item: Leftovers\n|upkeep\n|turn|12\n|\n|t:|1698999731\n|switch|p2a: Ho-Oh|Ho-Oh, tera:Ground|70\/100\n|move|p1a: Eternatus|Flamethrower|p2a: Ho-Oh\n|-damage|p2a: Ho-Oh|46\/100\n|\n|-heal|p1a: Eternatus|95\/100|[from] item: Leftovers\n|upkeep\n|turn|13\n|\n|t:|1698999738\n|switch|p2a: Arceus|Arceus-Ground|100\/100\n|move|p1a: Eternatus|Dynamax Cannon|p2a: Arceus\n|-damage|p2a: Arceus|58\/100\n|\n|-heal|p1a: Eternatus|100\/100|[from] item: Leftovers\n|upkeep\n|turn|14\n|\n|t:|1698999745\n|switch|p1a: Giratina|Giratina, shiny|100\/100\n|-ability|p1a: Giratina|Pressure\n|move|p2a: Arceus|Recover|p2a: Arceus\n|-heal|p2a: Arceus|100\/100\n|\n|upkeep\n|turn|15\n|\n|t:|1698999748\n|move|p2a: Arceus|Taunt|p1a: Giratina\n|-start|p1a: Giratina|move: Taunt\n|cant|p1a: Giratina|move: Taunt|Toxic\n|\n|upkeep\n|turn|16\n|\n|t:|1698999751\n|move|p1a: Giratina|Shadow Sneak|p2a: Arceus\n|-damage|p2a: Arceus|92\/100\n|move|p2a: Arceus|Toxic|p1a: Giratina\n|-status|p1a: Giratina|tox\n|\n|-damage|p1a: Giratina|94\/100 tox|[from] psn\n|upkeep\n|turn|17\n|\n|t:|1698999756\n|move|p1a: Giratina|Shadow Sneak|p2a: Arceus\n|-damage|p2a: Arceus|84\/100\n|move|p2a: Arceus|Judgment|p1a: Giratina\n|-damage|p1a: Giratina|71\/100 tox\n|\n|-heal|p1a: Giratina|77\/100 tox|[from] item: Leftovers\n|-damage|p1a: Giratina|65\/100 tox|[from] psn\n|-end|p1a: Giratina|move: Taunt\n|upkeep\n|turn|18\n|\n|t:|1698999763\n|move|p1a: Giratina|Protect|p1a: Giratina\n|-singleturn|p1a: Giratina|Protect\n|move|p2a: Arceus|Taunt|p1a: Giratina\n|-activate|p1a: Giratina|move: Protect\n|\n|-heal|p1a: Giratina|71\/100 tox|[from] item: Leftovers\n|-damage|p1a: Giratina|52\/100 tox|[from] psn\n|upkeep\n|turn|19\n|\n|t:|1698999771\n|switch|p1a: Eternatus|Eternatus|100\/100\n|-ability|p1a: Eternatus|Pressure\n|move|p2a: Arceus|Taunt|p1a: Eternatus\n|-start|p1a: Eternatus|move: Taunt\n|\n|upkeep\n|turn|20\n|\n|t:|1698999774\n|switch|p1a: Giratina|Giratina, shiny|52\/100 tox\n|-ability|p1a: Giratina|Pressure\n|move|p2a: Arceus|Judgment|p1a: Giratina\n|-damage|p1a: Giratina|31\/100 tox\n|\n|-heal|p1a: Giratina|37\/100 tox|[from] item: Leftovers\n|-damage|p1a: Giratina|31\/100 tox|[from] psn\n|upkeep\n|turn|21\n|\n|t:|1698999779\n|move|p1a: Giratina|Protect|p1a: Giratina\n|-singleturn|p1a: Giratina|Protect\n|move|p2a: Arceus|Taunt|p1a: Giratina\n|-activate|p1a: Giratina|move: Protect\n|\n|-heal|p1a: Giratina|37\/100 tox|[from] item: Leftovers\n|-damage|p1a: Giratina|25\/100 tox|[from] psn\n|upkeep\n|turn|22\n|\n|t:|1698999782\n|move|p2a: Arceus|Taunt|p1a: Giratina\n|-start|p1a: Giratina|move: Taunt\n|cant|p1a: Giratina|move: Taunt|Toxic\n|\n|-heal|p1a: Giratina|31\/100 tox|[from] item: Leftovers\n|-damage|p1a: Giratina|13\/100 tox|[from] psn\n|upkeep\n|turn|23\n|\n|t:|1698999784\n|move|p1a: Giratina|Shadow Sneak|p2a: Arceus\n|-damage|p2a: Arceus|75\/100\n|move|p2a: Arceus|Judgment|p1a: Giratina\n|-damage|p1a: Giratina|0 fnt\n|faint|p1a: Giratina\n|\n|upkeep\n|\n|t:|1698999787\n|switch|p1a: Dondozo|Dondozo, M, shiny|100\/100\n|turn|24\n|\n|t:|1698999790\n|move|p2a: Arceus|Taunt|p1a: Dondozo\n|-start|p1a: Dondozo|move: Taunt\n|move|p1a: Dondozo|Liquidation|p2a: Arceus\n|-supereffective|p2a: Arceus\n|-crit|p2a: Arceus\n|-damage|p2a: Arceus|11\/100\n|\n|upkeep\n|turn|25\n|\n|t:|1698999804\n|move|p2a: Arceus|Recover|p2a: Arceus\n|-heal|p2a: Arceus|61\/100\n|move|p1a: Dondozo|Liquidation|p2a: Arceus\n|-supereffective|p2a: Arceus\n|-damage|p2a: Arceus|23\/100\n|-unboost|p2a: Arceus|def|1\n|\n|upkeep\n|turn|26\n|\n|t:|1698999810\n|switch|p2a: Magearna|Magearna|94\/100\n|move|p1a: Dondozo|Liquidation|p2a: Magearna\n|-damage|p2a: Magearna|70\/100\n|\n|-end|p1a: Dondozo|move: Taunt\n|upkeep\n|turn|27\n|\n|t:|1698999814\n|move|p2a: Magearna|Fleur Cannon|p1a: Dondozo\n|-damage|p1a: Dondozo|53\/100\n|-unboost|p2a: Magearna|spa|2\n|move|p1a: Dondozo|Earthquake|p2a: Magearna\n|-supereffective|p2a: Magearna\n|-damage|p2a: Magearna|32\/100\n|\n|-heal|p1a: Dondozo|59\/100|[from] item: Leftovers\n|upkeep\n|turn|28\n|\n|t:|1698999821\n|move|p2a: Magearna|Pain Split|p1a: Dondozo\n|-sethp|p1a: Dondozo|41\/100|[from] move: Pain Split|[silent]\n|-sethp|p2a: Magearna|57\/100|[from] move: Pain Split\n|move|p1a: Dondozo|Earthquake|p2a: Magearna\n|-supereffective|p2a: Magearna\n|-damage|p2a: Magearna|19\/100\n|\n|-heal|p1a: Dondozo|47\/100|[from] item: Leftovers\n|upkeep\n|turn|29\n|\n|t:|1698999839\n|switch|p2a: Yveltal|Yveltal, shiny|40\/100\n|-ability|p2a: Yveltal|Dark Aura\n|move|p1a: Dondozo|Earthquake|p2a: Yveltal\n|-immune|p2a: Yveltal\n|\n|-heal|p1a: Dondozo|53\/100|[from] item: Leftovers\n|upkeep\n|turn|30\n|\n|t:|1698999843\n|move|p2a: Yveltal|Toxic|p1a: Dondozo|[miss]\n|-miss|p2a: Yveltal|p1a: Dondozo\n|move|p1a: Dondozo|Liquidation|p2a: Yveltal\n|-damage|p2a: Yveltal|23\/100\n|-unboost|p2a: Yveltal|def|1\n|\n|-heal|p1a: Dondozo|59\/100|[from] item: Leftovers\n|upkeep\n|turn|31\n|\n|t:|1698999849\n|move|p2a: Yveltal|Roost|p2a: Yveltal\n|-heal|p2a: Yveltal|73\/100\n|-singleturn|p2a: Yveltal|move: Roost\n|move|p1a: Dondozo|Curse|p1a: Dondozo\n|-unboost|p1a: Dondozo|spe|1\n|-boost|p1a: Dondozo|atk|1\n|-boost|p1a: Dondozo|def|1\n|\n|-heal|p1a: Dondozo|66\/100|[from] item: Leftovers\n|upkeep\n|turn|32\n|\n|t:|1698999853\n|move|p2a: Yveltal|Toxic|p1a: Dondozo\n|-status|p1a: Dondozo|tox\n|move|p1a: Dondozo|Curse|p1a: Dondozo\n|-unboost|p1a: Dondozo|spe|1\n|-boost|p1a: Dondozo|atk|1\n|-boost|p1a: Dondozo|def|1\n|\n|-heal|p1a: Dondozo|72\/100 tox|[from] item: Leftovers\n|-damage|p1a: Dondozo|66\/100 tox|[from] psn\n|upkeep\n|turn|33\n|\n|t:|1698999862\n|switch|p2a: Ditto|Ditto, shiny|100\/100\n|-transform|p2a: Ditto|p1a: Dondozo|[from] ability: Imposter\n|move|p1a: Dondozo|Rest|p1a: Dondozo\n|-status|p1a: Dondozo|slp|[from] move: Rest\n|-heal|p1a: Dondozo|100\/100 slp|[silent]\n|\n|upkeep\n|turn|34\n|\n|t:|1698999867\n|switch|p2a: Magearna|Magearna|19\/100\n|cant|p1a: Dondozo|slp\n|\n|upkeep\n|turn|35\n|\n|t:|1698999870\n|move|p2a: Magearna|Pain Split|p1a: Dondozo\n|-sethp|p1a: Dondozo|57\/100 slp|[from] move: Pain Split|[silent]\n|-sethp|p2a: Magearna|79\/100|[from] move: Pain Split\n|cant|p1a: Dondozo|slp\n|\n|-heal|p1a: Dondozo|63\/100 slp|[from] item: Leftovers\n|upkeep\n|turn|36\n|\n|t:|1698999878\n|switch|p2a: Yveltal|Yveltal, shiny|73\/100\n|-ability|p2a: Yveltal|Dark Aura\n|-curestatus|p1a: Dondozo|slp|[msg]\n|move|p1a: Dondozo|Earthquake|p2a: Yveltal\n|-immune|p2a: Yveltal\n|\n|-heal|p1a: Dondozo|69\/100|[from] item: Leftovers\n|upkeep\n|turn|37\n|\n|t:|1698999884\n|move|p2a: Yveltal|Toxic|p1a: Dondozo\n|-status|p1a: Dondozo|tox\n|move|p1a: Dondozo|Liquidation|p2a: Yveltal\n|-damage|p2a: Yveltal|41\/100\n|\n|-heal|p1a: Dondozo|75\/100 tox|[from] item: Leftovers\n|-damage|p1a: Dondozo|69\/100 tox|[from] psn\n|upkeep\n|turn|38\n|\n|t:|1698999888\n|switch|p2a: Ditto|Ditto, shiny|100\/100\n|-transform|p2a: Ditto|p1a: Dondozo|[from] ability: Imposter\n|move|p1a: Dondozo|Liquidation|p2a: Ditto\n|-resisted|p2a: Ditto\n|-damage|p2a: Ditto|89\/100\n|\n|-heal|p1a: Dondozo|75\/100 tox|[from] item: Leftovers\n|-damage|p1a: Dondozo|63\/100 tox|[from] psn\n|upkeep\n|turn|39\n|\n|t:|1698999896\n|switch|p2a: Magearna|Magearna|79\/100\n|move|p1a: Dondozo|Liquidation|p2a: Magearna\n|-damage|p2a: Magearna|27\/100\n|-unboost|p2a: Magearna|def|1\n|\n|-heal|p1a: Dondozo|69\/100 tox|[from] item: Leftovers\n|-damage|p1a: Dondozo|51\/100 tox|[from] psn\n|upkeep\n|turn|40\n|\n|t:|1698999899\n|switch|p2a: Ditto|Ditto, shiny|89\/100\n|-transform|p2a: Ditto|p1a: Dondozo|[from] ability: Imposter\n|move|p1a: Dondozo|Earthquake|p2a: Ditto\n|-damage|p2a: Ditto|72\/100\n|\n|-heal|p1a: Dondozo|57\/100 tox|[from] item: Leftovers\n|-damage|p1a: Dondozo|32\/100 tox|[from] psn\n|upkeep\n|turn|41\n|\n|t:|1698999903\n|switch|p2a: Magearna|Magearna|27\/100\n|move|p1a: Dondozo|Rest|p1a: Dondozo\n|-status|p1a: Dondozo|slp|[from] move: Rest\n|-heal|p1a: Dondozo|100\/100 slp|[silent]\n|\n|upkeep\n|turn|42\n|\n|t:|1698999907\n|move|p2a: Magearna|Pain Split|p1a: Dondozo\n|-sethp|p1a: Dondozo|60\/100 slp|[from] move: Pain Split|[silent]\n|-sethp|p2a: Magearna|83\/100|[from] move: Pain Split\n|cant|p1a: Dondozo|slp\n|\n|-heal|p1a: Dondozo|66\/100 slp|[from] item: Leftovers\n|upkeep\n|turn|43\n|\n|t:|1698999916\n|move|p2a: Magearna|Heart Swap|p1a: Dondozo\n|-swapboost|p2a: Magearna|p1a: Dondozo|[from] move: Heart Swap\n|cant|p1a: Dondozo|slp\n|\n|-heal|p1a: Dondozo|73\/100 slp|[from] item: Leftovers\n|upkeep\n|turn|44\n|\n|t:|1698999922\n|switch|p2a: Necrozma|Necrozma-Ultra|59\/100\n|-curestatus|p1a: Dondozo|slp|[msg]\n|move|p1a: Dondozo|Earthquake|p2a: Necrozma\n|-damage|p2a: Necrozma|34\/100\n|\n|-heal|p1a: Dondozo|79\/100|[from] item: Leftovers\n|upkeep\n|turn|45\n|\n|t:|1698999931\n|move|p2a: Necrozma|Photon Geyser|p1a: Dondozo\n|-damage|p1a: Dondozo|20\/100\n|move|p1a: Dondozo|Earthquake|p2a: Necrozma\n|-damage|p2a: Necrozma|12\/100\n|\n|-heal|p1a: Dondozo|26\/100|[from] item: Leftovers\n|upkeep\n|turn|46\n|\n|t:|1698999934\n|move|p2a: Necrozma|Dragon Pulse|p1a: Dondozo\n|-damage|p1a: Dondozo|0 fnt\n|faint|p1a: Dondozo\n|\n|upkeep\n|\n|t:|1698999939\n|switch|p1a: Yveltal|Yveltal, shiny|81\/100\n|-ability|p1a: Yveltal|Dark Aura\n|turn|47\n|\n|t:|1698999943\n|switch|p2a: Magearna|Magearna|83\/100\n|move|p1a: Yveltal|Knock Off|p2a: Magearna\n|-resisted|p2a: Magearna\n|-damage|p2a: Magearna|60\/100\n|-damage|p1a: Yveltal|71\/100|[from] item: Life Orb\n|\n|upkeep\n|turn|48\n|\n|t:|1698999951\n|move|p1a: Yveltal|Knock Off|p2a: Magearna\n|-resisted|p2a: Magearna\n|-damage|p2a: Magearna|37\/100\n|-damage|p1a: Yveltal|61\/100|[from] item: Life Orb\n|move|p2a: Magearna|Fleur Cannon|p1a: Yveltal\n|-supereffective|p1a: Yveltal\n|-damage|p1a: Yveltal|0 fnt\n|-unboost|p2a: Magearna|spa|2\n|faint|p1a: Yveltal\n|-ability|p2a: Magearna|Soul-Heart|boost\n|-boost|p2a: Magearna|spa|1\n|\n|upkeep\n|\n|t:|1698999954\n|switch|p1a: Eternatus|Eternatus|100\/100\n|-ability|p1a: Eternatus|Pressure\n|turn|49\n|\n|t:|1698999968\n|move|p1a: Eternatus|Flamethrower|p2a: Magearna\n|-supereffective|p2a: Magearna\n|-damage|p2a: Magearna|0 fnt\n|faint|p2a: Magearna\n|\n|upkeep\n|\n|t:|1698999972\n|switch|p2a: Ho-Oh|Ho-Oh, tera:Ground|79\/100\n|turn|50\n|\n|t:|1698999976\n|move|p1a: Eternatus|Dynamax Cannon|p2a: Ho-Oh\n|-damage|p2a: Ho-Oh|42\/100\n|move|p2a: Ho-Oh|Earthquake|p1a: Eternatus\n|-supereffective|p1a: Eternatus\n|-damage|p1a: Eternatus|0 fnt\n|faint|p1a: Eternatus\n|\n|win|KurumiTokisakilove\n|raw|arafatr871's rating: 1620 &rarr; <strong>1615<\/strong><br \/>(-5 for losing)\n|raw|KurumiTokisakilove's rating: 1944 &rarr; <strong>1949<\/strong><br \/>(+5 for winning)\n|l|\u2606KurumiTokisakilove\n","uploadtime":1699000009,"views":25,"p1id":"arafatr871","p2id":"kurumitokisakilove","formatid":"gen9nationaldexubers","rating":1615,"private":0,"password":""}