{"id":"gen9nationaldexubers-1980598935","p1":"Ginesect","p2":"Edras16","format":"[Gen 9] National Dex Ubers","log":"|j|\u2606Ginesect\n|j|\u2606Edras16\n|t:|1698801697\n|gametype|singles\n|player|p1|Ginesect|artist-gen4|\n|player|p2|Edras16|steven|\n|teamsize|p1|6\n|teamsize|p2|6\n|gen|9\n|tier|[Gen 9] National Dex Ubers\n|rule|HP Percentage Mod: HP is shown in percentages\n|rule|Endless Battle Clause: Forcing endless battles is banned\n|rule|OHKO Clause: OHKO moves are banned\n|rule|Evasion Moves Clause: Evasion moves are banned\n|rule|Evasion Items Clause: Evasion items are banned\n|rule|Species Clause: Limit one of each Pok\u00e9mon\n|rule|Sleep Clause Mod: Limit one foe put to sleep\n|rule|Mega Rayquaza Clause: You cannot mega evolve Rayquaza\n|clearpoke\n|poke|p1|Dragapult, F|\n|poke|p1|Gholdengo|\n|poke|p1|Great Tusk|\n|poke|p1|Diancie|\n|poke|p1|Zapdos|\n|poke|p1|Kommo-o, F|\n|poke|p2|Tapu Lele|\n|poke|p2|Mewtwo|\n|poke|p2|Ting-Lu|\n|poke|p2|Gallade, M|\n|poke|p2|Hatterene, F|\n|poke|p2|Armarouge, F|\n|teampreview\n|inactive|Battle timer is ON: inactive players will automatically lose when time's up. (requested by Edras16)\n|c|\u2606Edras16|Glhf\n|\n|t:|1698801720\n|start\n|switch|p1a: Zapdos|Zapdos|100\/100\n|switch|p2a: Gallade|Gallade, M|100\/100\n|turn|1\n|c|\u2606Ginesect|glhf\n|\n|t:|1698801729\n|switch|p2a: Hatterene|Hatterene, F|100\/100\n|move|p1a: Zapdos|Hurricane|p2a: Hatterene\n|-damage|p2a: Hatterene|41\/100\n|\n|-heal|p2a: Hatterene|47\/100|[from] item: Leftovers\n|upkeep\n|turn|2\n|\n|t:|1698801735\n|move|p1a: Zapdos|Hurricane|p2a: Hatterene|[miss]\n|-miss|p1a: Zapdos|p2a: Hatterene\n|move|p2a: Hatterene|Calm Mind|p2a: Hatterene\n|-boost|p2a: Hatterene|spa|1\n|-boost|p2a: Hatterene|spd|1\n|\n|-heal|p2a: Hatterene|53\/100|[from] item: Leftovers\n|upkeep\n|turn|3\n|\n|t:|1698801738\n|move|p1a: Zapdos|Volt Switch|p2a: Hatterene\n|-damage|p2a: Hatterene|25\/100\n|\n|t:|1698801754\n|switch|p1a: Great Tusk|Great Tusk|100\/100|[from] Volt Switch\n|move|p2a: Hatterene|Draining Kiss|p1a: Great Tusk\n|-supereffective|p1a: Great Tusk\n|-damage|p1a: Great Tusk|0 fnt\n|-heal|p2a: Hatterene|100\/100|[from] drain|[of] p1a: Great Tusk\n|faint|p1a: Great Tusk\n|-end|p1a: Great Tusk|Protosynthesis|[silent]\n|\n|upkeep\n|c|\u2606Ginesect|holy mf\n|\n|t:|1698801770\n|switch|p1a: Gholdengo|Gholdengo|100\/100\n|turn|4\n|c|\u2606Edras16|WhaT\n|\n|t:|1698801774\n|move|p1a: Gholdengo|Make It Rain|p2a: Hatterene\n|-supereffective|p2a: Hatterene\n|-damage|p2a: Hatterene|0 fnt\n|-unboost|p1a: Gholdengo|spa|1\n|faint|p2a: Hatterene\n|\n|upkeep\n|\n|t:|1698801781\n|switch|p2a: Mewtwo|Mewtwo|100\/100\n|-ability|p2a: Mewtwo|Pressure\n|turn|5\n|\n|t:|1698801790\n|switch|p1a: Zapdos|Zapdos|100\/100\n|move|p2a: Mewtwo|Nasty Plot|p2a: Mewtwo\n|-boost|p2a: Mewtwo|spa|2\n|\n|upkeep\n|turn|6\n|\n|t:|1698801794\n|move|p2a: Mewtwo|Expanding Force|p1a: Zapdos\n|-damage|p1a: Zapdos|0 fnt\n|faint|p1a: Zapdos\n|-damage|p2a: Mewtwo|91\/100|[from] item: Life Orb\n|\n|upkeep\n|\n|t:|1698801803\n|switch|p1a: Gholdengo|Gholdengo|100\/100\n|turn|7\n|\n|t:|1698801810\n|switch|p2a: Ting-Lu|Ting-Lu|100\/100\n|-ability|p2a: Ting-Lu|Vessel of Ruin\n|move|p1a: Gholdengo|Shadow Ball|p2a: Ting-Lu\n|-resisted|p2a: Ting-Lu\n|-damage|p2a: Ting-Lu|79\/100\n|-unboost|p2a: Ting-Lu|spd|1\n|\n|-heal|p2a: Ting-Lu|85\/100|[from] item: Leftovers\n|upkeep\n|turn|8\n|\n|t:|1698801816\n|switch|p1a: Diancie|Diancie|100\/100\n|move|p2a: Ting-Lu|Spikes|p1a: Diancie\n|-sidestart|p1: Ginesect|Spikes\n|\n|-heal|p2a: Ting-Lu|91\/100|[from] item: Leftovers\n|upkeep\n|turn|9\n|\n|t:|1698801824\n|switch|p2a: Gallade|Gallade, M|100\/100\n|detailschange|p1a: Diancie|Diancie-Mega\n|-mega|p1a: Diancie|Diancie|Diancite\n|move|p1a: Diancie|Moonblast|p2a: Gallade\n|-supereffective|p2a: Gallade\n|-damage|p2a: Gallade|0 fnt\n|faint|p2a: Gallade\n|\n|upkeep\n|\n|t:|1698801827\n|switch|p2a: Tapu Lele|Tapu Lele|100\/100\n|-fieldstart|move: Psychic Terrain|[from] ability: Psychic Surge|[of] p2a: Tapu Lele\n|turn|10\n|\n|t:|1698801838\n|move|p1a: Diancie|Moonblast|p2a: Tapu Lele\n|-damage|p2a: Tapu Lele|40\/100\n|move|p2a: Tapu Lele|Future Sight|p1a: Diancie\n|-start|p2a: Tapu Lele|move: Future Sight\n|\n|upkeep\n|turn|11\n|\n|t:|1698801847\n|switch|p2a: Mewtwo|Mewtwo|91\/100\n|-ability|p2a: Mewtwo|Pressure\n|move|p1a: Diancie|Earth Power|p2a: Mewtwo\n|-damage|p2a: Mewtwo|50\/100\n|\n|upkeep\n|turn|12\n|\n|t:|1698801850\n|move|p2a: Mewtwo|Expanding Force|p1a: Diancie\n|-damage|p1a: Diancie|0 fnt\n|faint|p1a: Diancie\n|-damage|p2a: Mewtwo|40\/100|[from] item: Life Orb\n|\n|-hint|Future Sight did not hit because the target is fainted.\n|upkeep\n|c|\u2606Ginesect|fuck man\n|\n|t:|1698801862\n|switch|p1a: Dragapult|Dragapult, F|100\/100\n|-damage|p1a: Dragapult|88\/100|[from] Spikes\n|turn|13\n|\n|t:|1698801873\n|move|p1a: Dragapult|Substitute|p1a: Dragapult\n|-start|p1a: Dragapult|Substitute\n|-damage|p1a: Dragapult|63\/100\n|move|p2a: Mewtwo|Expanding Force|p1a: Dragapult\n|-end|p1a: Dragapult|Substitute\n|-damage|p2a: Mewtwo|31\/100|[from] item: Life Orb\n|\n|-heal|p1a: Dragapult|69\/100|[from] item: Leftovers\n|upkeep\n|turn|14\n|\n|t:|1698801877\n|move|p1a: Dragapult|Hex|p2a: Mewtwo\n|-supereffective|p2a: Mewtwo\n|-damage|p2a: Mewtwo|0 fnt\n|faint|p2a: Mewtwo\n|\n|-heal|p1a: Dragapult|75\/100|[from] item: Leftovers\n|upkeep\n|\n|t:|1698801880\n|switch|p2a: Ting-Lu|Ting-Lu|91\/100\n|-ability|p2a: Ting-Lu|Vessel of Ruin\n|turn|15\n|\n|t:|1698801886\n|move|p1a: Dragapult|Will-O-Wisp|p2a: Ting-Lu|[miss]\n|-miss|p1a: Dragapult|p2a: Ting-Lu\n|move|p2a: Ting-Lu|Earthquake|p1a: Dragapult\n|-damage|p1a: Dragapult|22\/100\n|\n|-heal|p1a: Dragapult|28\/100|[from] item: Leftovers\n|-heal|p2a: Ting-Lu|98\/100|[from] item: Leftovers\n|upkeep\n|turn|16\n|c|\u2606Ginesect|Dudee\n|\n|t:|1698801896\n|move|p1a: Dragapult|Will-O-Wisp|p2a: Ting-Lu\n|-status|p2a: Ting-Lu|brn\n|move|p2a: Ting-Lu|Earthquake|p1a: Dragapult\n|-damage|p1a: Dragapult|1\/100\n|\n|-heal|p1a: Dragapult|7\/100|[from] item: Leftovers\n|-heal|p2a: Ting-Lu|100\/100 brn|[from] item: Leftovers\n|-damage|p2a: Ting-Lu|94\/100 brn|[from] brn\n|upkeep\n|turn|17\n|\n|t:|1698801903\n|switch|p1a: Kommo-o|Kommo-o, F|100\/100\n|-damage|p1a: Kommo-o|88\/100|[from] Spikes\n|move|p2a: Ting-Lu|Ruination|p1a: Kommo-o\n|-damage|p1a: Kommo-o|44\/100\n|\n|-heal|p2a: Ting-Lu|100\/100 brn|[from] item: Leftovers\n|-damage|p2a: Ting-Lu|94\/100 brn|[from] brn\n|-fieldend|move: Psychic Terrain\n|upkeep\n|turn|18\n|\n|t:|1698801911\n|move|p1a: Kommo-o|Clangorous Soul|p1a: Kommo-o\n|-boost|p1a: Kommo-o|atk|1\n|-boost|p1a: Kommo-o|def|1\n|-boost|p1a: Kommo-o|spa|1\n|-boost|p1a: Kommo-o|spd|1\n|-boost|p1a: Kommo-o|spe|1\n|-damage|p1a: Kommo-o|11\/100\n|-enditem|p1a: Kommo-o|Throat Spray\n|-boost|p1a: Kommo-o|spa|1|[from] item: Throat Spray\n|move|p2a: Ting-Lu|Whirlwind|p1a: Kommo-o\n|drag|p1a: Gholdengo|Gholdengo|100\/100\n|-damage|p1a: Gholdengo|88\/100|[from] Spikes\n|\n|-heal|p2a: Ting-Lu|100\/100 brn|[from] item: Leftovers\n|-damage|p2a: Ting-Lu|94\/100 brn|[from] brn\n|upkeep\n|turn|19\n|c|\u2606Ginesect|wtfff\n|c|\u2606Ginesect|ok\n|\n|t:|1698801924\n|move|p1a: Gholdengo|Make It Rain|p2a: Ting-Lu\n|-damage|p2a: Ting-Lu|28\/100 brn\n|-unboost|p1a: Gholdengo|spa|1\n|move|p2a: Ting-Lu|Ruination|p1a: Gholdengo\n|-damage|p1a: Gholdengo|44\/100\n|\n|-heal|p2a: Ting-Lu|34\/100 brn|[from] item: Leftovers\n|-damage|p2a: Ting-Lu|28\/100 brn|[from] brn\n|upkeep\n|turn|20\n|c|\u2606Edras16|Bro forgot about whirlwind\n|\n|t:|1698801946\n|move|p1a: Gholdengo|Make It Rain|p2a: Ting-Lu\n|-damage|p2a: Ting-Lu|0 fnt\n|-unboost|p1a: Gholdengo|spa|1\n|faint|p2a: Ting-Lu\n|\n|upkeep\n|\n|t:|1698801950\n|switch|p2a: Armarouge|Armarouge, F|100\/100\n|turn|21\n|\n|t:|1698801956\n|switch|p1a: Kommo-o|Kommo-o, F|11\/100\n|-damage|p1a: Kommo-o|0 fnt|[from] Spikes\n|faint|p1a: Kommo-o\n|move|p2a: Armarouge|Armor Cannon|p1: Kommo-o|[notarget]\n|-fail|p2a: Armarouge\n|\n|upkeep\n|c|\u2606Ginesect|gg\n|\n|t:|1698801964\n|switch|p1a: Dragapult|Dragapult, F|7\/100\n|-damage|p1a: Dragapult|0 fnt|[from] Spikes\n|faint|p1a: Dragapult\n|\n|t:|1698801965\n|switch|p1a: Gholdengo|Gholdengo|44\/100\n|-damage|p1a: Gholdengo|32\/100|[from] Spikes\n|turn|22\n|\n|t:|1698801968\n|move|p2a: Armarouge|Armor Cannon|p1a: Gholdengo\n|-supereffective|p1a: Gholdengo\n|-crit|p1a: Gholdengo\n|-damage|p1a: Gholdengo|0 fnt\n|-unboost|p2a: Armarouge|def|1\n|-unboost|p2a: Armarouge|spd|1\n|faint|p1a: Gholdengo\n|\n|win|Edras16\n|c|\u2606Ginesect|sad\n|c|\u2606Edras16|Gg\n|l|\u2606Ginesect\n|c|\u2606Edras16|This thing wasn't scarf?\n|j|\u2606Ginesect\n|player|p1|Ginesect|artist-gen4\n","uploadtime":1698802007,"views":10,"p1id":"ginesect","p2id":"edras16","formatid":"gen9nationaldexubers","rating":0,"private":0,"password":""}