{"id":"gen9nationaldexubers-1988626976","p1":"Chaos112","p2":"KingoftheTitans","format":"[Gen 9] National Dex Ubers","log":"|j|\u203dChaos112\n|j|\u2606KingoftheTitans\n|t:|1699743556\n|gametype|singles\n|player|p1|Chaos112|hilbert-wonderlauncher|1208\n|player|p2|KingoftheTitans|170|1296\n|teamsize|p1|6\n|teamsize|p2|6\n|gen|9\n|tier|[Gen 9] National Dex Ubers\n|rated|\n|rule|HP Percentage Mod: HP is shown in percentages\n|rule|Endless Battle Clause: Forcing endless battles is banned\n|rule|OHKO Clause: OHKO moves are banned\n|rule|Evasion Moves Clause: Evasion moves are banned\n|rule|Evasion Items Clause: Evasion items are banned\n|rule|Species Clause: Limit one of each Pok\u00e9mon\n|rule|Sleep Clause Mod: Limit one foe put to sleep\n|rule|Mega Rayquaza Clause: You cannot mega evolve Rayquaza\n|clearpoke\n|poke|p1|Genesect-Chill|\n|poke|p1|Victini|\n|poke|p1|Lugia|\n|poke|p1|Zeraora|\n|poke|p1|Rayquaza|\n|poke|p1|Tyranitar, F|\n|poke|p2|Dugtrio, M|\n|poke|p2|Latios, M|\n|poke|p2|Mawile, F|\n|poke|p2|Ogerpon-Hearthflame, F|\n|poke|p2|Tornadus-Therian, M|\n|poke|p2|Iron Hands|\n|teampreview\n|\n|t:|1699743560\n|start\n|switch|p1a: Victini|Victini|100\/100\n|switch|p2a: Dugtrio|Dugtrio, M|100\/100\n|turn|1\n|\n|t:|1699743567\n|move|p1a: Victini|Trick|p2a: Dugtrio\n|-activate|p1a: Victini|move: Trick|[of] p2a: Dugtrio\n|-item|p2a: Dugtrio|Choice Scarf|[from] move: Trick\n|-item|p1a: Victini|Focus Sash|[from] move: Trick\n|move|p2a: Dugtrio|Stealth Rock|p1a: Victini\n|-sidestart|p1: Chaos112|move: Stealth Rock\n|\n|upkeep\n|turn|2\n|\n|t:|1699743606\n|switch|p2a: Tornadus|Tornadus-Therian, M|100\/100\n|move|p1a: Victini|V-create|p2a: Tornadus\n|-damage|p2a: Tornadus|12\/100\n|-unboost|p1a: Victini|spe|1\n|-unboost|p1a: Victini|def|1\n|-unboost|p1a: Victini|spd|1\n|\n|upkeep\n|turn|3\n|\n|t:|1699743615\n|move|p2a: Tornadus|Bleakwind Storm|p1a: Victini\n|-damage|p1a: Victini|35\/100\n|move|p1a: Victini|U-turn|p2a: Tornadus\n|-resisted|p2a: Tornadus\n|-damage|p2a: Tornadus|2\/100\n|\n|t:|1699743626\n|switch|p1a: Rayquaza|Rayquaza, shiny|100\/100|[from] U-turn\n|-damage|p1a: Rayquaza|76\/100|[from] Stealth Rock\n|-ability|p1a: Rayquaza|Air Lock\n|\n|upkeep\n|turn|4\n|\n|t:|1699743636\n|move|p1a: Rayquaza|Extreme Speed|p2a: Tornadus\n|-damage|p2a: Tornadus|0 fnt\n|faint|p2a: Tornadus\n|\n|upkeep\n|\n|t:|1699743641\n|switch|p2a: Dugtrio|Dugtrio, M|100\/100\n|turn|5\n|\n|t:|1699743645\n|-terastallize|p1a: Rayquaza|Normal\n|move|p2a: Dugtrio|Stone Edge|p1a: Rayquaza\n|-damage|p1a: Rayquaza|47\/100\n|move|p1a: Rayquaza|Dragon Dance|p1a: Rayquaza\n|-boost|p1a: Rayquaza|atk|1\n|-boost|p1a: Rayquaza|spe|1\n|\n|upkeep\n|turn|6\n|\n|t:|1699743657\n|move|p2a: Dugtrio|Stone Edge|p1a: Rayquaza|[miss]\n|-miss|p2a: Dugtrio|p1a: Rayquaza\n|move|p1a: Rayquaza|Dragon Claw|p2a: Dugtrio\n|-damage|p2a: Dugtrio|0 fnt\n|faint|p2a: Dugtrio\n|\n|upkeep\n|\n|t:|1699743664\n|switch|p2a: Mawile|Mawile, F|100\/100\n|-ability|p2a: Mawile|Intimidate|boost\n|-unboost|p1a: Rayquaza|atk|1\n|turn|7\n|\n|t:|1699743672\n|detailschange|p2a: Mawile|Mawile-Mega, F\n|-mega|p2a: Mawile|Mawile|Mawilite\n|move|p1a: Rayquaza|Dragon Claw|p2a: Mawile\n|-immune|p2a: Mawile\n|move|p2a: Mawile|Iron Head|p1a: Rayquaza\n|-damage|p1a: Rayquaza|0 fnt\n|faint|p1a: Rayquaza\n|\n|upkeep\n|c|\u2606KingoftheTitans|????????\n|\n|t:|1699743682\n|switch|p1a: Genesect|Genesect-Chill, shiny|100\/100\n|-damage|p1a: Genesect|88\/100|[from] Stealth Rock\n|-ability|p1a: Genesect|Download|boost\n|-boost|p1a: Genesect|spa|1\n|turn|8\n|\n|t:|1699743732\n|move|p1a: Genesect|Thunderbolt|p2a: Mawile\n|-damage|p2a: Mawile|46\/100\n|move|p2a: Mawile|Swords Dance|p2a: Mawile\n|-boost|p2a: Mawile|atk|2\n|\n|upkeep\n|turn|9\n|\n|t:|1699743739\n|move|p2a: Mawile|Sucker Punch|p1a: Genesect\n|-damage|p1a: Genesect|0 fnt\n|faint|p1a: Genesect\n|\n|upkeep\n|\n|t:|1699743754\n|switch|p1a: Zeraora|Zeraora|100\/100\n|-damage|p1a: Zeraora|88\/100|[from] Stealth Rock\n|turn|10\n|\n|t:|1699743758\n|move|p1a: Zeraora|Fake Out|p2a: Mawile\n|-resisted|p2a: Mawile\n|-damage|p2a: Mawile|38\/100\n|-damage|p1a: Zeraora|78\/100|[from] item: Life Orb\n|cant|p2a: Mawile|flinch\n|\n|upkeep\n|turn|11\n|\n|t:|1699743765\n|move|p2a: Mawile|Sucker Punch|p1a: Zeraora\n|-damage|p1a: Zeraora|0 fnt\n|faint|p1a: Zeraora\n|\n|upkeep\n|\n|t:|1699743770\n|switch|p1a: Lugia|Lugia|100\/100\n|-damage|p1a: Lugia|75\/100|[from] Stealth Rock\n|turn|12\n|\n|t:|1699743775\n|move|p2a: Mawile|Sucker Punch||[still]\n|-fail|p2a: Mawile\n|move|p1a: Lugia|Calm Mind|p1a: Lugia\n|-boost|p1a: Lugia|spa|1\n|-boost|p1a: Lugia|spd|1\n|\n|-heal|p1a: Lugia|82\/100|[from] item: Leftovers\n|upkeep\n|turn|13\n|\n|t:|1699743783\n|move|p1a: Lugia|Calm Mind|p1a: Lugia\n|-boost|p1a: Lugia|spa|1\n|-boost|p1a: Lugia|spd|1\n|move|p2a: Mawile|Play Rough|p1a: Lugia\n|-damage|p1a: Lugia|0 fnt\n|faint|p1a: Lugia\n|\n|upkeep\n|-message|Chaos112 forfeited.\n|\n|win|KingoftheTitans\n|raw|Chaos112's rating: 1208 &rarr; <strong>1189<\/strong><br \/>(-19 for losing)\n|raw|KingoftheTitans's rating: 1296 &rarr; <strong>1315<\/strong><br \/>(+19 for winning)\n|l|\u203dChaos112\n","uploadtime":1699743797,"views":12,"p1id":"chaos112","p2id":"kingofthetitans","formatid":"gen9nationaldexubers","rating":1189,"private":0,"password":""}