{"id":"gen9nationaldexubers-1979469147","p1":"Munchback","p2":"FairyQueenMarina","format":"[Gen 9] National Dex Ubers","log":"|j|\u2606Munchback\n|j|\u2606FairyQueenMarina\n|t:|1698685130\n|gametype|singles\n|player|p1|Munchback|veteran|1133\n|player|p2|FairyQueenMarina|lady|1133\n|teamsize|p1|6\n|teamsize|p2|6\n|gen|9\n|tier|[Gen 9] National Dex Ubers\n|rated|\n|rule|HP Percentage Mod: HP is shown in percentages\n|rule|Endless Battle Clause: Forcing endless battles is banned\n|rule|OHKO Clause: OHKO moves are banned\n|rule|Evasion Moves Clause: Evasion moves are banned\n|rule|Evasion Items Clause: Evasion items are banned\n|rule|Species Clause: Limit one of each Pok\u00e9mon\n|rule|Sleep Clause Mod: Limit one foe put to sleep\n|rule|Mega Rayquaza Clause: You cannot mega evolve Rayquaza\n|clearpoke\n|poke|p1|Ursaluna, M|\n|poke|p1|Venusaur, F|\n|poke|p1|Trevenant, M|\n|poke|p1|Zoroark-Hisui, F|\n|poke|p1|Komala, F|\n|poke|p1|Meowscarada, M|\n|poke|p2|Diancie|\n|poke|p2|Gardevoir, F|\n|poke|p2|Flutter Mane|\n|poke|p2|Ninetales-Alola, F|\n|poke|p2|Magearna|\n|poke|p2|Arceus-Fairy|\n|teampreview\n|inactive|Battle timer is ON: inactive players will automatically lose when time's up. (requested by FairyQueenMarina)\n|\n|t:|1698685145\n|start\n|switch|p1a: Meowscarada|Meowscarada, M|100\/100\n|switch|p2a: Diancie|Diancie|100\/100\n|turn|1\n|\n|t:|1698685152\n|move|p1a: Meowscarada|Flower Trick|p2a: Diancie\n|-start|p1a: Meowscarada|typechange|Grass|[from] ability: Protean\n|-supereffective|p2a: Diancie\n|-crit|p2a: Diancie\n|-damage|p2a: Diancie|10\/100\n|-damage|p1a: Meowscarada|91\/100|[from] item: Life Orb\n|move|p2a: Diancie|Misty Explosion|p1a: Meowscarada\n|-crit|p1a: Meowscarada\n|-damage|p1a: Meowscarada|6\/100\n|faint|p2a: Diancie\n|\n|upkeep\n|\n|t:|1698685163\n|switch|p2a: Ninetales|Ninetales-Alola, F|100\/100\n|-weather|Snow|[from] ability: Snow Warning|[of] p2a: Ninetales\n|turn|2\n|\n|t:|1698685169\n|switch|p1a: Komala|Komala, F|100\/100\n|-ability|p1a: Komala|Comatose\n|move|p2a: Ninetales|Blizzard|p1a: Komala\n|-damage|p1a: Komala|70\/100\n|\n|-weather|Snow|[upkeep]\n|upkeep\n|turn|3\n|\n|t:|1698685177\n|move|p2a: Ninetales|Aurora Veil|p2a: Ninetales\n|-sidestart|p2: FairyQueenMarina|move: Aurora Veil\n|move|p1a: Komala|Body Slam|p2a: Ninetales\n|-damage|p2a: Ninetales|78\/100\n|-status|p2a: Ninetales|par\n|\n|-weather|Snow|[upkeep]\n|upkeep\n|turn|4\n|\n|t:|1698685183\n|move|p2a: Ninetales|Blizzard|p1a: Komala\n|-damage|p1a: Komala|41\/100\n|move|p1a: Komala|Rapid Spin|p2a: Ninetales\n|-damage|p2a: Ninetales|65\/100 par\n|-boost|p1a: Komala|spe|1\n|\n|-weather|Snow|[upkeep]\n|upkeep\n|turn|5\n|\n|t:|1698685193\n|move|p1a: Komala|Body Slam|p2a: Ninetales\n|-damage|p2a: Ninetales|41\/100 par\n|move|p2a: Ninetales|Blizzard|p1a: Komala\n|-damage|p1a: Komala|10\/100\n|\n|-weather|Snow|[upkeep]\n|upkeep\n|turn|6\n|\n|t:|1698685200\n|move|p1a: Komala|Body Slam|p2a: Ninetales\n|-damage|p2a: Ninetales|19\/100 par\n|move|p2a: Ninetales|Blizzard|p1a: Komala\n|-damage|p1a: Komala|0 fnt\n|faint|p1a: Komala\n|\n|-weather|none\n|upkeep\n|\n|t:|1698685210\n|switch|p1a: Meowscarada|Meowscarada, M|100\/100\n|turn|7\n|\n|t:|1698685222\n|move|p1a: Meowscarada|Sludge Bomb|p2a: Ninetales\n|-supereffective|p2a: Ninetales\n|-damage|p2a: Ninetales|0 fnt\n|faint|p2a: Ninetales\n|\n|-sideend|p2: FairyQueenMarina|move: Aurora Veil\n|upkeep\n|\n|t:|1698685234\n|switch|p2a: Gardevoir|Gardevoir, F|100\/100\n|turn|8\n|\n|t:|1698685243\n|detailschange|p2a: Gardevoir|Gardevoir-Mega, F\n|-mega|p2a: Gardevoir|Gardevoir|Gardevoirite\n|move|p1a: Meowscarada|Sludge Bomb|p2a: Gardevoir\n|-supereffective|p2a: Gardevoir\n|-damage|p2a: Gardevoir|16\/100\n|move|p2a: Gardevoir|Mystical Fire|p1a: Meowscarada\n|-damage|p1a: Meowscarada|36\/100\n|-unboost|p1a: Meowscarada|spa|1\n|replace|p1a: Zoroark|Zoroark-Hisui, F\n|-end|p1a: Zoroark|Illusion\n|\n|upkeep\n|turn|9\n|\n|t:|1698685262\n|move|p1a: Zoroark|Sludge Bomb|p2a: Gardevoir\n|-supereffective|p2a: Gardevoir\n|-damage|p2a: Gardevoir|0 fnt\n|faint|p2a: Gardevoir\n|\n|upkeep\n|\n|t:|1698685269\n|switch|p2a: Flutter Mane|Flutter Mane|100\/100\n|-enditem|p2a: Flutter Mane|Booster Energy\n|-activate|p2a: Flutter Mane|ability: Protosynthesis|[fromitem]\n|-start|p2a: Flutter Mane|protosynthesisspe\n|turn|10\n|\n|t:|1698685276\n|switch|p1a: Meowscarada|Meowscarada, M|6\/100\n|move|p2a: Flutter Mane|Moonblast|p1a: Meowscarada\n|-supereffective|p1a: Meowscarada\n|-damage|p1a: Meowscarada|0 fnt\n|faint|p1a: Meowscarada\n|\n|upkeep\n|\n|t:|1698685284\n|switch|p1a: Venusaur|Venusaur, F|100\/100\n|turn|11\n|\n|t:|1698685297\n|-end|p2a: Flutter Mane|Protosynthesis|[silent]\n|switch|p2a: Arceus|Arceus-Fairy|100\/100\n|detailschange|p1a: Venusaur|Venusaur-Mega, F\n|-mega|p1a: Venusaur|Venusaur|Venusaurite\n|move|p1a: Venusaur|Toxic|p2a: Arceus\n|-status|p2a: Arceus|tox\n|\n|-damage|p2a: Arceus|94\/100 tox|[from] psn\n|upkeep\n|turn|12\n|\n|t:|1698685307\n|move|p2a: Arceus|Judgment|p1a: Venusaur\n|-resisted|p1a: Venusaur\n|-damage|p1a: Venusaur|78\/100\n|move|p1a: Venusaur|Leech Seed|p2a: Arceus\n|-start|p2a: Arceus|move: Leech Seed\n|\n|-damage|p2a: Arceus|82\/100 tox|[from] Leech Seed|[of] p1a: Venusaur\n|-heal|p1a: Venusaur|93\/100|[silent]\n|-damage|p2a: Arceus|70\/100 tox|[from] psn\n|upkeep\n|turn|13\n|\n|t:|1698685316\n|move|p2a: Arceus|Earth Power|p1a: Venusaur\n|-damage|p1a: Venusaur|69\/100\n|move|p1a: Venusaur|Giga Drain|p2a: Arceus\n|-damage|p2a: Arceus|45\/100 tox\n|-heal|p1a: Venusaur|84\/100|[from] drain|[of] p2a: Arceus\n|\n|-damage|p2a: Arceus|33\/100 tox|[from] Leech Seed|[of] p1a: Venusaur\n|-heal|p1a: Venusaur|99\/100|[silent]\n|-damage|p2a: Arceus|15\/100 tox|[from] psn\n|upkeep\n|turn|14\n|\n|t:|1698685325\n|move|p1a: Venusaur|Protect|p1a: Venusaur\n|-singleturn|p1a: Venusaur|Protect\n|move|p2a: Arceus|Earth Power|p1a: Venusaur\n|-activate|p1a: Venusaur|move: Protect\n|\n|-damage|p2a: Arceus|2\/100 tox|[from] Leech Seed|[of] p1a: Venusaur\n|-heal|p1a: Venusaur|100\/100|[silent]\n|-damage|p2a: Arceus|0 fnt|[from] psn\n|faint|p2a: Arceus\n|upkeep\n|\n|t:|1698685336\n|switch|p2a: Flutter Mane|Flutter Mane|100\/100\n|turn|15\n|\n|t:|1698685340\n|move|p2a: Flutter Mane|Shadow Ball|p1a: Venusaur\n|-damage|p1a: Venusaur|65\/100\n|move|p1a: Venusaur|Toxic|p2a: Flutter Mane\n|-status|p2a: Flutter Mane|tox\n|\n|-damage|p2a: Flutter Mane|95\/100 tox|[from] psn\n|upkeep\n|turn|16\n|\n|t:|1698685347\n|move|p1a: Venusaur|Protect|p1a: Venusaur\n|-singleturn|p1a: Venusaur|Protect\n|move|p2a: Flutter Mane|Shadow Ball|p1a: Venusaur\n|-activate|p1a: Venusaur|move: Protect\n|\n|-damage|p2a: Flutter Mane|83\/100 tox|[from] psn\n|upkeep\n|turn|17\n|\n|t:|1698685354\n|move|p2a: Flutter Mane|Shadow Ball|p1a: Venusaur\n|-damage|p1a: Venusaur|29\/100\n|move|p1a: Venusaur|Leech Seed|p2a: Flutter Mane\n|-start|p2a: Flutter Mane|move: Leech Seed\n|\n|-damage|p2a: Flutter Mane|70\/100 tox|[from] Leech Seed|[of] p1a: Venusaur\n|-heal|p1a: Venusaur|41\/100|[silent]\n|-damage|p2a: Flutter Mane|52\/100 tox|[from] psn\n|upkeep\n|turn|18\n|\n|t:|1698685362\n|move|p1a: Venusaur|Protect|p1a: Venusaur\n|-singleturn|p1a: Venusaur|Protect\n|move|p2a: Flutter Mane|Shadow Ball|p1a: Venusaur\n|-activate|p1a: Venusaur|move: Protect\n|\n|-damage|p2a: Flutter Mane|40\/100 tox|[from] Leech Seed|[of] p1a: Venusaur\n|-heal|p1a: Venusaur|52\/100|[silent]\n|-damage|p2a: Flutter Mane|16\/100 tox|[from] psn\n|upkeep\n|turn|19\n|\n|t:|1698685371\n|switch|p1a: Venusaur|Venusaur-Mega, F|36\/100\n|move|p2a: Flutter Mane|Shadow Ball|p1a: Venusaur\n|-immune|p1a: Venusaur\n|\n|-damage|p2a: Flutter Mane|4\/100 tox|[from] Leech Seed|[of] p1a: Venusaur\n|-heal|p1a: Venusaur|50\/100|[silent]\n|-damage|p2a: Flutter Mane|0 fnt|[from] psn\n|faint|p2a: Flutter Mane\n|-end|p2a: Flutter Mane|Protosynthesis|[silent]\n|upkeep\n|\n|t:|1698685381\n|switch|p2a: Magearna|Magearna|100\/100\n|turn|20\n|\n|t:|1698685390\n|move|p1a: Venusaur|Flamethrower|p2a: Magearna\n|-supereffective|p2a: Magearna\n|-damage|p2a: Magearna|14\/100\n|-status|p2a: Magearna|brn\n|move|p2a: Magearna|Flash Cannon|p1a: Venusaur\n|-damage|p1a: Venusaur|0 fnt\n|replace|p1a: Zoroark|Zoroark-Hisui, F\n|-end|p1a: Zoroark|Illusion\n|faint|p1a: Zoroark\n|-ability|p2a: Magearna|Soul-Heart|boost\n|-boost|p2a: Magearna|spa|1\n|\n|-heal|p2a: Magearna|20\/100 brn|[from] item: Leftovers\n|-damage|p2a: Magearna|14\/100 brn|[from] brn\n|upkeep\n|\n|t:|1698685402\n|switch|p1a: Venusaur|Venusaur-Mega, F|52\/100\n|turn|21\n|\n|t:|1698685407\n|move|p2a: Magearna|Flash Cannon|p1a: Venusaur\n|-damage|p1a: Venusaur|7\/100\n|move|p1a: Venusaur|Giga Drain|p2a: Magearna\n|-resisted|p2a: Magearna\n|-damage|p2a: Magearna|0 fnt\n|-heal|p1a: Venusaur|14\/100|[from] drain|[of] p2a: Magearna\n|faint|p2a: Magearna\n|\n|win|Munchback\n|raw|Munchback's rating: 1133 &rarr; <strong>1158<\/strong><br \/>(+25 for winning)\n|raw|FairyQueenMarina's rating: 1133 &rarr; <strong>1108<\/strong><br \/>(-25 for losing)\n|l|\u2606FairyQueenMarina\n","uploadtime":1698685416,"views":13,"p1id":"munchback","p2id":"fairyqueenmarina","formatid":"gen9nationaldexubers","rating":1108,"private":0,"password":""}