{"id":"gen9nationaldexubers-1998564454","p1":"MunchingPatato","p2":"ArcQuestions","format":"[Gen 9] National Dex Ubers","log":"|j|\u2606MunchingPatato\n|j|\u2606ArcQuestions\n|t:|1700956932\n|gametype|singles\n|player|p1|MunchingPatato|preschooler|\n|player|p2|ArcQuestions|ruinmaniac|\n|teamsize|p1|6\n|teamsize|p2|6\n|gen|9\n|tier|[Gen 9] National Dex Ubers\n|rule|HP Percentage Mod: HP is shown in percentages\n|rule|Endless Battle Clause: Forcing endless battles is banned\n|rule|OHKO Clause: OHKO moves are banned\n|rule|Evasion Moves Clause: Evasion moves are banned\n|rule|Evasion Items Clause: Evasion items are banned\n|rule|Species Clause: Limit one of each Pok\u00e9mon\n|rule|Sleep Clause Mod: Limit one foe put to sleep\n|rule|Mega Rayquaza Clause: You cannot mega evolve Rayquaza\n|clearpoke\n|poke|p1|Torkoal, M|\n|poke|p1|Charizard, M|\n|poke|p1|Leafeon, F|\n|poke|p1|Garganacl, M|\n|poke|p1|Raichu, M|\n|poke|p1|Lucario, M|\n|poke|p2|Clodsire, F|\n|poke|p2|Claydol|\n|poke|p2|Swampert, M|\n|poke|p2|Mamoswine, F|\n|poke|p2|Garchomp, F|\n|poke|p2|Gliscor, M|\n|teampreview\n|\n|t:|1700956955\n|start\n|switch|p1a: Torkoal|Torkoal, M|100\/100\n|switch|p2a: Clodsire|Clodsire, F|100\/100\n|-weather|SunnyDay|[from] ability: Drought|[of] p1a: Torkoal\n|turn|1\n|\n|t:|1700956969\n|move|p1a: Torkoal|Stealth Rock|p2a: Clodsire\n|-sidestart|p2: ArcQuestions|move: Stealth Rock\n|move|p2a: Clodsire|Earthquake|p1a: Torkoal\n|-supereffective|p1a: Torkoal\n|-damage|p1a: Torkoal|70\/100\n|\n|-weather|SunnyDay|[upkeep]\n|-heal|p1a: Torkoal|76\/100|[from] item: Leftovers\n|upkeep\n|turn|2\n|\n|t:|1700956986\n|switch|p1a: Charizard|Charizard, M|100\/100\n|move|p2a: Clodsire|Protect||[still]\n|-fail|p2a: Clodsire\n|\n|-weather|SunnyDay|[upkeep]\n|-damage|p1a: Charizard|88\/100|[from] ability: Solar Power|[of] p1a: Charizard\n|upkeep\n|turn|3\n|\n|t:|1700956999\n|move|p1a: Charizard|Solar Beam||[still]\n|-prepare|p1a: Charizard|Solar Beam\n|-anim|p1a: Charizard|Solar Beam|p2a: Clodsire\n|-damage|p2a: Clodsire|70\/100\n|move|p2a: Clodsire|Liquidation|p1a: Charizard\n|-supereffective|p1a: Charizard\n|-damage|p1a: Charizard|68\/100\n|\n|-weather|SunnyDay|[upkeep]\n|-damage|p1a: Charizard|55\/100|[from] ability: Solar Power|[of] p1a: Charizard\n|-heal|p2a: Clodsire|76\/100|[from] item: Leftovers\n|upkeep\n|turn|4\n|\n|t:|1700957013\n|switch|p1a: Leafeon|Leafeon, F|100\/100\n|move|p2a: Clodsire|Liquidation|p1a: Leafeon\n|-resisted|p1a: Leafeon\n|-damage|p1a: Leafeon|97\/100\n|\n|-weather|SunnyDay|[upkeep]\n|-heal|p2a: Clodsire|83\/100|[from] item: Leftovers\n|upkeep\n|turn|5\n|\n|t:|1700957033\n|move|p1a: Leafeon|Solar Blade||[still]\n|-prepare|p1a: Leafeon|Solar Blade\n|-anim|p1a: Leafeon|Solar Blade|p2a: Clodsire\n|-damage|p2a: Clodsire|13\/100\n|move|p2a: Clodsire|Body Press|p1a: Leafeon\n|-damage|p1a: Leafeon|85\/100\n|\n|-weather|none\n|-heal|p2a: Clodsire|19\/100|[from] item: Leftovers\n|upkeep\n|turn|6\n|\n|t:|1700957044\n|move|p2a: Clodsire|Protect|p2a: Clodsire\n|-singleturn|p2a: Clodsire|Protect\n|move|p1a: Leafeon|X-Scissor|p2a: Clodsire\n|-activate|p2a: Clodsire|move: Protect\n|\n|-heal|p2a: Clodsire|26\/100|[from] item: Leftovers\n|upkeep\n|turn|7\n|\n|t:|1700957056\n|move|p1a: Leafeon|X-Scissor|p2a: Clodsire\n|-resisted|p2a: Clodsire\n|-damage|p2a: Clodsire|10\/100\n|move|p2a: Clodsire|Earthquake|p1a: Leafeon\n|-resisted|p1a: Leafeon\n|-damage|p1a: Leafeon|72\/100\n|\n|-heal|p2a: Clodsire|16\/100|[from] item: Leftovers\n|upkeep\n|turn|8\n|\n|t:|1700957068\n|switch|p1a: Torkoal|Torkoal, M|76\/100\n|-weather|SunnyDay|[from] ability: Drought|[of] p1a: Torkoal\n|move|p2a: Clodsire|Body Press|p1a: Torkoal\n|-damage|p1a: Torkoal|69\/100\n|\n|-weather|SunnyDay|[upkeep]\n|-heal|p1a: Torkoal|75\/100|[from] item: Leftovers\n|-heal|p2a: Clodsire|23\/100|[from] item: Leftovers\n|upkeep\n|turn|9\n|\n|t:|1700957083\n|switch|p1a: Leafeon|Leafeon, F|72\/100\n|move|p2a: Clodsire|Protect||[still]\n|-fail|p2a: Clodsire\n|\n|-weather|SunnyDay|[upkeep]\n|-heal|p2a: Clodsire|29\/100|[from] item: Leftovers\n|upkeep\n|turn|10\n|\n|t:|1700957093\n|move|p1a: Leafeon|Wish|p1a: Leafeon\n|move|p2a: Clodsire|Body Press|p1a: Leafeon\n|-damage|p1a: Leafeon|60\/100\n|\n|-weather|SunnyDay|[upkeep]\n|-heal|p2a: Clodsire|35\/100|[from] item: Leftovers\n|upkeep\n|turn|11\n|\n|t:|1700957101\n|move|p1a: Leafeon|Solar Blade||[still]\n|-prepare|p1a: Leafeon|Solar Blade\n|-anim|p1a: Leafeon|Solar Blade|p2a: Clodsire\n|-damage|p2a: Clodsire|0 fnt\n|faint|p2a: Clodsire\n|\n|-weather|SunnyDay|[upkeep]\n|-heal|p1a: Leafeon|100\/100|[from] move: Wish|[wisher] Leafeon\n|upkeep\n|\n|t:|1700957111\n|switch|p2a: Garchomp|Garchomp, F|100\/100\n|-damage|p2a: Garchomp|94\/100|[from] Stealth Rock\n|turn|12\n|\n|t:|1700957137\n|move|p1a: Leafeon|Protect|p1a: Leafeon\n|-singleturn|p1a: Leafeon|Protect\n|move|p2a: Garchomp|Poison Jab|p1a: Leafeon\n|-activate|p1a: Leafeon|move: Protect\n|\n|-weather|none\n|upkeep\n|turn|13\n|\n|t:|1700957146\n|switch|p1a: Torkoal|Torkoal, M|75\/100\n|-weather|SunnyDay|[from] ability: Drought|[of] p1a: Torkoal\n|move|p2a: Garchomp|Poison Jab|p1a: Torkoal\n|-damage|p1a: Torkoal|60\/100\n|-status|p1a: Torkoal|psn\n|\n|-weather|SunnyDay|[upkeep]\n|-heal|p1a: Torkoal|66\/100 psn|[from] item: Leftovers\n|-damage|p1a: Torkoal|53\/100 psn|[from] psn\n|upkeep\n|turn|14\n|\n|t:|1700957161\n|switch|p1a: Lucario|Lucario, M|100\/100\n|move|p2a: Garchomp|Poison Jab|p1a: Lucario\n|-immune|p1a: Lucario\n|\n|-weather|SunnyDay|[upkeep]\n|upkeep\n|turn|15\n|\n|t:|1700957170\n|move|p2a: Garchomp|Dragon Pulse|p1a: Lucario\n|-resisted|p1a: Lucario\n|-damage|p1a: Lucario|81\/100\n|move|p1a: Lucario|Meteor Mash|p2a: Garchomp\n|-damage|p2a: Garchomp|33\/100\n|-damage|p1a: Lucario|68\/100|[from] ability: Rough Skin|[of] p2a: Garchomp\n|\n|-weather|SunnyDay|[upkeep]\n|upkeep\n|turn|16\n|\n|t:|1700957184\n|move|p2a: Garchomp|Earthquake|p1a: Lucario\n|-supereffective|p1a: Lucario\n|-damage|p1a: Lucario|0 fnt\n|faint|p1a: Lucario\n|\n|-weather|SunnyDay|[upkeep]\n|upkeep\n|\n|t:|1700957193\n|switch|p1a: Leafeon|Leafeon, F|100\/100\n|turn|17\n|\n|t:|1700957197\n|move|p1a: Leafeon|Solar Blade||[still]\n|-prepare|p1a: Leafeon|Solar Blade\n|-anim|p1a: Leafeon|Solar Blade|p2a: Garchomp\n|-damage|p2a: Garchomp|0 fnt\n|-damage|p1a: Leafeon|88\/100|[from] ability: Rough Skin|[of] p2a: Garchomp\n|faint|p2a: Garchomp\n|\n|-weather|none\n|upkeep\n|\n|t:|1700957211\n|switch|p2a: Mamoswine|Mamoswine, F|100\/100\n|-damage|p2a: Mamoswine|88\/100|[from] Stealth Rock\n|turn|18\n|\n|t:|1700957217\n|switch|p1a: Torkoal|Torkoal, M|53\/100 psn\n|-weather|SunnyDay|[from] ability: Drought|[of] p1a: Torkoal\n|move|p2a: Mamoswine|Earthquake|p1a: Torkoal\n|-supereffective|p1a: Torkoal\n|-damage|p1a: Torkoal|0 fnt\n|faint|p1a: Torkoal\n|\n|-weather|SunnyDay|[upkeep]\n|-heal|p2a: Mamoswine|94\/100|[from] item: Leftovers\n|upkeep\n|\n|t:|1700957234\n|switch|p1a: Leafeon|Leafeon, F|88\/100\n|turn|19\n|\n|t:|1700957245\n|move|p1a: Leafeon|Solar Blade||[still]\n|-prepare|p1a: Leafeon|Solar Blade\n|-anim|p1a: Leafeon|Solar Blade|p2a: Mamoswine\n|-supereffective|p2a: Mamoswine\n|-damage|p2a: Mamoswine|0 fnt\n|faint|p2a: Mamoswine\n|\n|-weather|SunnyDay|[upkeep]\n|upkeep\n|\n|t:|1700957263\n|switch|p2a: Gliscor|Gliscor, M, shiny|100\/100\n|-damage|p2a: Gliscor|88\/100|[from] Stealth Rock\n|turn|20\n|\n|t:|1700957272\n|move|p1a: Leafeon|Solar Blade||[still]\n|-prepare|p1a: Leafeon|Solar Blade\n|-anim|p1a: Leafeon|Solar Blade|p2a: Gliscor\n|-damage|p2a: Gliscor|25\/100\n|move|p2a: Gliscor|Dual Wingbeat|p1a: Leafeon\n|-supereffective|p1a: Leafeon\n|-damage|p1a: Leafeon|57\/100\n|-supereffective|p1a: Leafeon\n|-damage|p1a: Leafeon|21\/100\n|-hitcount|p1a: Leafeon|2\n|\n|-weather|SunnyDay|[upkeep]\n|-heal|p2a: Gliscor|31\/100|[from] item: Leftovers\n|upkeep\n|turn|21\n|\n|t:|1700957286\n|move|p1a: Leafeon|Solar Blade||[still]\n|-prepare|p1a: Leafeon|Solar Blade\n|-anim|p1a: Leafeon|Solar Blade|p2a: Gliscor\n|-damage|p2a: Gliscor|0 fnt\n|faint|p2a: Gliscor\n|\n|-weather|SunnyDay|[upkeep]\n|upkeep\n|\n|t:|1700957294\n|switch|p2a: Claydol|Claydol|100\/100\n|-damage|p2a: Claydol|94\/100|[from] Stealth Rock\n|turn|22\n|\n|t:|1700957303\n|move|p1a: Leafeon|Solar Blade||[still]\n|-prepare|p1a: Leafeon|Solar Blade\n|-anim|p1a: Leafeon|Solar Blade|p2a: Claydol\n|-supereffective|p2a: Claydol\n|-damage|p2a: Claydol|0 fnt\n|faint|p2a: Claydol\n|\n|-weather|none\n|upkeep\n|\n|t:|1700957310\n|switch|p2a: Swampert|Swampert, M|100\/100\n|-damage|p2a: Swampert|94\/100|[from] Stealth Rock\n|turn|23\n|\n|t:|1700957322\n|move|p1a: Leafeon|Protect|p1a: Leafeon\n|-singleturn|p1a: Leafeon|Protect\n|move|p2a: Swampert|Darkest Lariat|p1a: Leafeon\n|-activate|p1a: Leafeon|move: Protect\n|\n|-heal|p2a: Swampert|100\/100|[from] item: Leftovers\n|upkeep\n|turn|24\n|\n|t:|1700957335\n|move|p1a: Leafeon|Wish|p1a: Leafeon\n|move|p2a: Swampert|Darkest Lariat|p1a: Leafeon\n|-damage|p1a: Leafeon|0 fnt\n|faint|p1a: Leafeon\n|\n|upkeep\n|\n|t:|1700957345\n|switch|p1a: Charizard|Charizard, M|55\/100\n|turn|25\n|\n|t:|1700957351\n|move|p1a: Charizard|Solar Beam||[still]\n|-prepare|p1a: Charizard|Solar Beam\n|move|p2a: Swampert|Flip Turn|p1a: Charizard\n|-supereffective|p1a: Charizard\n|-damage|p1a: Charizard|0 fnt\n|faint|p1a: Charizard\n|\n|upkeep\n|\n|t:|1700957359\n|switch|p1a: Raichu|Raichu, M|100\/100\n|turn|26\n|\n|t:|1700957363\n|move|p1a: Raichu|Grass Knot|p2a: Swampert\n|-supereffective|p2a: Swampert\n|-damage|p2a: Swampert|17\/100\n|move|p2a: Swampert|Earthquake|p1a: Raichu\n|-supereffective|p1a: Raichu\n|-damage|p1a: Raichu|0 fnt\n|faint|p1a: Raichu\n|\n|-heal|p2a: Swampert|24\/100|[from] item: Leftovers\n|upkeep\n|\n|t:|1700957371\n|switch|p1a: Garganacl|Garganacl, M|100\/100\n|turn|27\n|\n|t:|1700957376\n|move|p2a: Swampert|Flip Turn|p1a: Garganacl\n|-supereffective|p1a: Garganacl\n|-damage|p1a: Garganacl|57\/100\n|move|p1a: Garganacl|Salt Cure|p2a: Swampert\n|-resisted|p2a: Swampert\n|-damage|p2a: Swampert|18\/100\n|-start|p2a: Swampert|Salt Cure\n|\n|-heal|p2a: Swampert|24\/100|[from] item: Leftovers\n|-heal|p1a: Garganacl|63\/100|[from] item: Leftovers\n|-damage|p2a: Swampert|0 fnt|[from] Salt Cure\n|faint|p2a: Swampert\n|\n|win|MunchingPatato\n|upkeep\n|l|\u2606ArcQuestions\n","uploadtime":1700957452,"views":5,"p1id":"munchingpatato","p2id":"arcquestions","formatid":"gen9nationaldexubers","rating":0,"private":0,"password":""}