{"id":"gen9nationaldexubers-1983479624","p1":"DrArkane15","p2":"Neosouls","format":"[Gen 9] National Dex Ubers","log":"|j|\u2606DrArkane15\n|j|\u2606Neosouls\n|t:|1699134572\n|gametype|singles\n|player|p1|DrArkane15|cyrus|\n|player|p2|Neosouls|marlon|\n|teamsize|p1|6\n|teamsize|p2|3\n|gen|9\n|tier|[Gen 9] National Dex Ubers\n|rule|HP Percentage Mod: HP is shown in percentages\n|rule|Endless Battle Clause: Forcing endless battles is banned\n|rule|OHKO Clause: OHKO moves are banned\n|rule|Evasion Moves Clause: Evasion moves are banned\n|rule|Evasion Items Clause: Evasion items are banned\n|rule|Species Clause: Limit one of each Pok\u00e9mon\n|rule|Sleep Clause Mod: Limit one foe put to sleep\n|rule|Mega Rayquaza Clause: You cannot mega evolve Rayquaza\n|clearpoke\n|poke|p1|Monferno, L25, F|\n|poke|p1|Staravia, L25, F|\n|poke|p1|Swellow, L25, F|\n|poke|p1|Luxio, L24, M|\n|poke|p1|Ivysaur, L24, F|\n|poke|p1|Pumpkaboo-*, L22, M|\n|poke|p2|Solrock, L25|\n|poke|p2|Toedscool, L21, M|\n|poke|p2|Rhyhorn, L23, F|\n|teampreview\n|c|\u2606Neosouls|la musique de fou x)\n|\n|t:|1699134609\n|start\n|switch|p1a: Ivysaur|Ivysaur, L24, F|100\/100\n|switch|p2a: Rhyhorn|Rhyhorn, L23, F|100\/100\n|turn|1\n|\n|t:|1699134621\n|move|p1a: Ivysaur|Sleep Powder|p2a: Rhyhorn\n|-status|p2a: Rhyhorn|slp|[from] move: Sleep Powder\n|cant|p2a: Rhyhorn|slp\n|\n|upkeep\n|turn|2\n|\n|t:|1699134662\n|switch|p2a: Toedscool|Toedscool, L21, M|100\/100\n|move|p1a: Ivysaur|Razor Leaf|p2a: Toedscool\n|-damage|p2a: Toedscool|45\/100\n|\n|upkeep\n|turn|3\n|\n|t:|1699134672\n|move|p2a: Toedscool|Mega Drain|p1a: Ivysaur\n|-resisted|p1a: Ivysaur\n|-damage|p1a: Ivysaur|97\/100\n|-heal|p2a: Toedscool|49\/100|[from] drain|[of] p1a: Ivysaur\n|move|p1a: Ivysaur|Leech Seed|p2a: Toedscool\n|-immune|p2a: Toedscool\n|\n|upkeep\n|turn|4\n|\n|t:|1699134684\n|move|p2a: Toedscool|Mud Shot|p1a: Ivysaur\n|-damage|p1a: Ivysaur|82\/100\n|-unboost|p1a: Ivysaur|spe|1\n|move|p1a: Ivysaur|Razor Leaf|p2a: Toedscool\n|-damage|p2a: Toedscool|0 fnt\n|faint|p2a: Toedscool\n|\n|upkeep\n|\n|t:|1699134692\n|switch|p2a: Solrock|Solrock, L25|100\/100\n|turn|5\n|\n|t:|1699134727\n|move|p2a: Solrock|Flare Blitz|p1a: Ivysaur\n|-supereffective|p1a: Ivysaur\n|-damage|p1a: Ivysaur|0 fnt\n|faint|p1a: Ivysaur\n|-damage|p2a: Solrock|78\/100|[from] Recoil\n|\n|upkeep\n|\n|t:|1699134740\n|switch|p1a: Swellow|Swellow, L25, F|100\/100\n|turn|6\n|\n|t:|1699134750\n|move|p1a: Swellow|Brave Bird|p2a: Solrock\n|-resisted|p2a: Solrock\n|-damage|p2a: Solrock|52\/100\n|-damage|p1a: Swellow|88\/100|[from] Recoil\n|move|p2a: Solrock|Rock Slide|p1a: Swellow\n|-supereffective|p1a: Swellow\n|-damage|p1a: Swellow|0 fnt\n|faint|p1a: Swellow\n|\n|upkeep\n|\n|t:|1699134759\n|switch|p1a: Staravia|Staravia, L25, F|100\/100\n|-ability|p1a: Staravia|Intimidate|boost\n|-unboost|p2a: Solrock|atk|1\n|turn|7\n|\n|t:|1699134774\n|move|p1a: Staravia|Quick Attack|p2a: Solrock\n|-resisted|p2a: Solrock\n|-damage|p2a: Solrock|43\/100\n|move|p2a: Solrock|Rock Slide|p1a: Staravia\n|-supereffective|p1a: Staravia\n|-damage|p1a: Staravia|0 fnt\n|faint|p1a: Staravia\n|\n|upkeep\n|\n|t:|1699134785\n|switch|p1a: Luxio|Luxio, L24, M|100\/100\n|-ability|p1a: Luxio|Intimidate|boost\n|-unboost|p2a: Solrock|atk|1\n|turn|8\n|\n|t:|1699134795\n|move|p1a: Luxio|Bite|p2a: Solrock\n|-supereffective|p2a: Solrock\n|-damage|p2a: Solrock|6\/100\n|move|p2a: Solrock|Hypnosis|p1a: Luxio\n|-status|p1a: Luxio|slp|[from] move: Hypnosis\n|\n|upkeep\n|turn|9\n|\n|t:|1699134804\n|cant|p1a: Luxio|slp\n|move|p2a: Solrock|Flare Blitz|p1a: Luxio\n|-damage|p1a: Luxio|53\/100 slp\n|-damage|p2a: Solrock|0 fnt|[from] Recoil\n|faint|p2a: Solrock\n|\n|upkeep\n|\n|t:|1699134810\n|switch|p2a: Rhyhorn|Rhyhorn, L23, F|100\/100 slp\n|turn|10\n|\n|t:|1699134817\n|switch|p1a: Monferno|Monferno, L25, F|100\/100\n|-curestatus|p2a: Rhyhorn|slp|[msg]\n|move|p2a: Rhyhorn|Bulldoze|p1a: Monferno\n|-supereffective|p1a: Monferno\n|-damage|p1a: Monferno|2\/100\n|-unboost|p1a: Monferno|spe|1\n|\n|upkeep\n|turn|11\n|\n|t:|1699134827\n|move|p1a: Monferno|Mach Punch|p2a: Rhyhorn\n|-supereffective|p2a: Rhyhorn\n|-damage|p2a: Rhyhorn|52\/100\n|move|p2a: Rhyhorn|Horn Attack|p1a: Monferno\n|-damage|p1a: Monferno|0 fnt\n|faint|p1a: Monferno\n|\n|upkeep\n|\n|t:|1699134833\n|switch|p1a: Luxio|Luxio, L24, M|53\/100 slp\n|-ability|p1a: Luxio|Intimidate|boost\n|-unboost|p2a: Rhyhorn|atk|1\n|turn|12\n|\n|t:|1699134839\n|cant|p1a: Luxio|slp\n|move|p2a: Rhyhorn|Bulldoze|p1a: Luxio\n|-supereffective|p1a: Luxio\n|-damage|p1a: Luxio|0 fnt\n|faint|p1a: Luxio\n|\n|upkeep\n|\n|t:|1699134844\n|switch|p1a: Pumpkaboo|Pumpkaboo, L22, M|100\/100\n|turn|13\n|\n|t:|1699134857\n|move|p1a: Pumpkaboo|Razor Leaf|p2a: Rhyhorn\n|-supereffective|p2a: Rhyhorn\n|-crit|p2a: Rhyhorn\n|-damage|p2a: Rhyhorn|0 fnt\n|faint|p2a: Rhyhorn\n|\n|win|DrArkane15\n|c|\u2606Neosouls|gg\n","uploadtime":1699134870,"views":31,"p1id":"drarkane15","p2id":"neosouls","formatid":"gen9nationaldexubers","rating":0,"private":0,"password":""}