{"id":"gen9nationaldexubers-1987183578","p1":"DanTheNinja56","p2":"Petie_file1","format":"[Gen 9] National Dex Ubers","log":"|j|\u2606DanTheNinja56\n|j|\u2606Petie_file1\n|t:|1699563148\n|gametype|singles\n|player|p1|DanTheNinja56|hilbert-wonderlauncher|1425\n|player|p2|Petie_file1|infielder|1335\n|teamsize|p1|6\n|teamsize|p2|6\n|gen|9\n|tier|[Gen 9] National Dex Ubers\n|rated|\n|rule|HP Percentage Mod: HP is shown in percentages\n|rule|Endless Battle Clause: Forcing endless battles is banned\n|rule|OHKO Clause: OHKO moves are banned\n|rule|Evasion Moves Clause: Evasion moves are banned\n|rule|Evasion Items Clause: Evasion items are banned\n|rule|Species Clause: Limit one of each Pok\u00e9mon\n|rule|Sleep Clause Mod: Limit one foe put to sleep\n|rule|Mega Rayquaza Clause: You cannot mega evolve Rayquaza\n|clearpoke\n|poke|p1|Kyogre|\n|poke|p1|Eternatus|\n|poke|p1|Zacian-*|\n|poke|p1|Marshadow|\n|poke|p1|Kommo-o, M|\n|poke|p1|Kingambit, M|\n|poke|p2|Zacian-*|\n|poke|p2|Kyogre|\n|poke|p2|Porygon2|\n|poke|p2|Gastrodon, M|\n|poke|p2|Landorus-Therian, M|\n|poke|p2|Regieleki|\n|teampreview\n|inactive|Battle timer is ON: inactive players will automatically lose when time's up. (requested by Petie_file1)\n|inactive|DanTheNinja56 has 120 seconds left.\n|inactive|DanTheNinja56 has 90 seconds left.\n|inactive|DanTheNinja56 has 60 seconds left.\n|\n|t:|1699563255\n|start\n|switch|p1a: Kommo-o|Kommo-o, M|100\/100\n|switch|p2a: Landorus|Landorus-Therian, M, shiny|100\/100\n|-ability|p2a: Landorus|Intimidate|boost\n|-unboost|p1a: Kommo-o|atk|1\n|turn|1\n|c|\u2606DanTheNinja56|Oi my bad mate\n|\n|t:|1699563264\n|move|p2a: Landorus|Swords Dance|p2a: Landorus\n|-boost|p2a: Landorus|atk|2\n|-zpower|p1a: Kommo-o\n|move|p1a: Kommo-o|Clangorous Soulblaze|p2a: Landorus|[zeffect]\n|-damage|p2a: Landorus|0 fnt\n|faint|p2a: Landorus\n|-boost|p1a: Kommo-o|atk|1\n|-boost|p1a: Kommo-o|def|1\n|-boost|p1a: Kommo-o|spa|1\n|-boost|p1a: Kommo-o|spd|1\n|-boost|p1a: Kommo-o|spe|1\n|\n|upkeep\n|\n|t:|1699563278\n|switch|p2a: Zacian|Zacian-Crowned, shiny|100\/100\n|-ability|p2a: Zacian|Intrepid Sword|boost\n|-boost|p2a: Zacian|atk|1\n|turn|2\n|inactive|DanTheNinja56 has 120 seconds left.\n|\n|t:|1699563299\n|move|p1a: Kommo-o|Boomburst|p2a: Zacian\n|-resisted|p2a: Zacian\n|-damage|p2a: Zacian|74\/100\n|move|p2a: Zacian|Play Rough|p1a: Kommo-o\n|-supereffective|p1a: Kommo-o\n|-damage|p1a: Kommo-o|0 fnt\n|faint|p1a: Kommo-o\n|\n|upkeep\n|\n|t:|1699563302\n|switch|p1a: Zacian|Zacian-Crowned, shiny|100\/100\n|-ability|p1a: Zacian|Intrepid Sword|boost\n|-boost|p1a: Zacian|atk|1\n|turn|3\n|\n|t:|1699563314\n|move|p1a: Zacian|Behemoth Blade|p2a: Zacian\n|-damage|p2a: Zacian|0 fnt\n|faint|p2a: Zacian\n|\n|upkeep\n|\n|t:|1699563320\n|switch|p2a: Gastrodon|Gastrodon, M, shiny|100\/100\n|turn|4\n|inactive|DanTheNinja56 has 120 seconds left.\n|\n|t:|1699563336\n|move|p1a: Zacian|Behemoth Blade|p2a: Gastrodon\n|-resisted|p2a: Gastrodon\n|-damage|p2a: Gastrodon|62\/100\n|move|p2a: Gastrodon|Yawn|p1a: Zacian\n|-start|p1a: Zacian|move: Yawn|[of] p2a: Gastrodon\n|\n|upkeep\n|turn|5\n|\n|t:|1699563342\n|switch|p1a: Kyogre|Kyogre, shiny|100\/100\n|detailschange|p1a: Kyogre|Kyogre-Primal, shiny\n|-primal|p1a: Kyogre|Blue Orb\n|-weather|PrimordialSea|[from] ability: Primordial Sea|[of] p1a: Kyogre\n|move|p2a: Gastrodon|Recover|p2a: Gastrodon\n|-heal|p2a: Gastrodon|100\/100\n|\n|-weather|PrimordialSea|[upkeep]\n|upkeep\n|turn|6\n|\n|t:|1699563353\n|move|p1a: Kyogre|Ice Beam|p2a: Gastrodon\n|-damage|p2a: Gastrodon|70\/100\n|move|p2a: Gastrodon|Scald|p1a: Kyogre\n|-resisted|p1a: Kyogre\n|-damage|p1a: Kyogre|88\/100\n|\n|-weather|PrimordialSea|[upkeep]\n|upkeep\n|turn|7\n|\n|t:|1699563370\n|move|p1a: Kyogre|Ice Beam|p2a: Gastrodon\n|-damage|p2a: Gastrodon|37\/100\n|-status|p2a: Gastrodon|frz\n|-enditem|p2a: Gastrodon|Sitrus Berry|[eat]\n|-heal|p2a: Gastrodon|62\/100 frz|[from] item: Sitrus Berry\n|-curestatus|p2a: Gastrodon|frz|[msg]\n|move|p2a: Gastrodon|Yawn|p1a: Kyogre\n|-start|p1a: Kyogre|move: Yawn|[of] p2a: Gastrodon\n|\n|-weather|PrimordialSea|[upkeep]\n|upkeep\n|turn|8\n|\n|t:|1699563384\n|-weather|none\n|switch|p1a: Marshadow|Marshadow|100\/100\n|move|p2a: Gastrodon|Recover|p2a: Gastrodon\n|-heal|p2a: Gastrodon|100\/100\n|\n|upkeep\n|turn|9\n|\n|t:|1699563397\n|move|p1a: Marshadow|Spectral Thief|p2a: Gastrodon\n|-damage|p2a: Gastrodon|62\/100\n|move|p2a: Gastrodon|Yawn|p1a: Marshadow\n|-start|p1a: Marshadow|move: Yawn|[of] p2a: Gastrodon\n|\n|upkeep\n|turn|10\n|inactive|DanTheNinja56 has 120 seconds left.\n|\n|t:|1699563435\n|move|p1a: Marshadow|Spectral Thief|p2a: Gastrodon\n|-damage|p2a: Gastrodon|22\/100\n|move|p2a: Gastrodon|Recover|p2a: Gastrodon\n|-heal|p2a: Gastrodon|72\/100\n|\n|-end|p1a: Marshadow|move: Yawn|[silent]\n|-status|p1a: Marshadow|slp\n|upkeep\n|turn|11\n|inactive|DanTheNinja56 has 120 seconds left.\n|\n|t:|1699563445\n|cant|p1a: Marshadow|slp\n|move|p2a: Gastrodon|Recover|p2a: Gastrodon\n|-heal|p2a: Gastrodon|100\/100\n|\n|upkeep\n|turn|12\n|\n|t:|1699563450\n|cant|p1a: Marshadow|slp\n|move|p2a: Gastrodon|Earth Power|p1a: Marshadow\n|-damage|p1a: Marshadow|66\/100 slp\n|\n|upkeep\n|turn|13\n|\n|t:|1699563455\n|cant|p1a: Marshadow|slp\n|move|p2a: Gastrodon|Scald|p1a: Marshadow\n|-damage|p1a: Marshadow|34\/100 slp\n|\n|upkeep\n|turn|14\n|\n|t:|1699563460\n|-curestatus|p1a: Marshadow|slp|[msg]\n|move|p1a: Marshadow|Spectral Thief|p2a: Gastrodon\n|-damage|p2a: Gastrodon|63\/100\n|move|p2a: Gastrodon|Yawn|p1a: Marshadow\n|-start|p1a: Marshadow|move: Yawn|[of] p2a: Gastrodon\n|\n|upkeep\n|turn|15\n|\n|t:|1699563469\n|move|p1a: Marshadow|Close Combat|p2a: Gastrodon\n|-damage|p2a: Gastrodon|10\/100\n|-unboost|p1a: Marshadow|def|1\n|-unboost|p1a: Marshadow|spd|1\n|move|p2a: Gastrodon|Recover|p2a: Gastrodon\n|-heal|p2a: Gastrodon|60\/100\n|\n|-end|p1a: Marshadow|move: Yawn|[silent]\n|-status|p1a: Marshadow|slp\n|upkeep\n|turn|16\n|\n|t:|1699563477\n|cant|p1a: Marshadow|slp\n|move|p2a: Gastrodon|Recover|p2a: Gastrodon\n|-heal|p2a: Gastrodon|100\/100\n|\n|upkeep\n|turn|17\n|c|\u2606DanTheNinja56|OI COME ON MATE\n|\n|t:|1699563484\n|-curestatus|p1a: Marshadow|slp|[msg]\n|move|p1a: Marshadow|Close Combat|p2a: Gastrodon\n|-damage|p2a: Gastrodon|45\/100\n|-unboost|p1a: Marshadow|def|1\n|-unboost|p1a: Marshadow|spd|1\n|move|p2a: Gastrodon|Scald|p1a: Marshadow\n|-damage|p1a: Marshadow|0 fnt\n|faint|p1a: Marshadow\n|\n|upkeep\n|\n|t:|1699563495\n|switch|p1a: Zacian|Zacian-Crowned, shiny|100\/100\n|turn|18\n|\n|t:|1699563503\n|move|p1a: Zacian|Behemoth Blade|p2a: Gastrodon\n|-resisted|p2a: Gastrodon\n|-damage|p2a: Gastrodon|22\/100\n|move|p2a: Gastrodon|Yawn|p1a: Zacian\n|-start|p1a: Zacian|move: Yawn|[of] p2a: Gastrodon\n|\n|upkeep\n|turn|19\n|\n|t:|1699563510\n|move|p1a: Zacian|Behemoth Blade|p2a: Gastrodon\n|-resisted|p2a: Gastrodon\n|-damage|p2a: Gastrodon|0 fnt\n|faint|p2a: Gastrodon\n|\n|-end|p1a: Zacian|move: Yawn|[silent]\n|-status|p1a: Zacian|slp\n|upkeep\n|c|\u2606DanTheNinja56|YES\n|\n|t:|1699563519\n|switch|p2a: Kyogre|Kyogre, shiny|100\/100\n|-weather|RainDance|[from] ability: Drizzle|[of] p2a: Kyogre\n|turn|20\n|n|!DanTheNinja56|dantheninja56\n|\n|t:|1699563533\n|switch|p1a: Kyogre|Kyogre-Primal, shiny|88\/100\n|-weather|PrimordialSea|[from] ability: Primordial Sea|[of] p1a: Kyogre\n|-terastallize|p2a: Kyogre|Water\n|move|p2a: Kyogre|Water Spout|p1a: Kyogre\n|-resisted|p1a: Kyogre\n|-damage|p1a: Kyogre|26\/100\n|\n|-weather|PrimordialSea|[upkeep]\n|upkeep\n|turn|21\n|\n|t:|1699563542\n|move|p2a: Kyogre|Water Spout|p1a: Kyogre\n|-resisted|p1a: Kyogre\n|-damage|p1a: Kyogre|0 fnt\n|faint|p1a: Kyogre\n|-weather|none\n|\n|upkeep\n|\n|t:|1699563547\n|switch|p1a: Kingambit|Kingambit, M|100\/100\n|-activate|p1a: Kingambit|ability: Supreme Overlord\n|-start|p1a: Kingambit|fallen3|[silent]\n|turn|22\n|\n|t:|1699563551\n|switch|p2a: Regieleki|Regieleki|100\/100\n|move|p1a: Kingambit|Kowtow Cleave|p2a: Regieleki\n|-damage|p2a: Regieleki|0 fnt\n|faint|p2a: Regieleki\n|-damage|p1a: Kingambit|91\/100|[from] item: Life Orb\n|\n|upkeep\n|\n|t:|1699563559\n|switch|p2a: Kyogre|Kyogre, shiny, tera:Water|100\/100\n|-weather|RainDance|[from] ability: Drizzle|[of] p2a: Kyogre\n|turn|23\n|\n|t:|1699563564\n|move|p2a: Kyogre|Water Spout|p1a: Kingambit\n|-damage|p1a: Kingambit|0 fnt\n|faint|p1a: Kingambit\n|-end|p1a: Kingambit|fallen3|[silent]\n|\n|-weather|RainDance|[upkeep]\n|upkeep\n|\n|t:|1699563572\n|switch|p1a: Eternatus|Eternatus|100\/100\n|-ability|p1a: Eternatus|Pressure\n|turn|24\n|\n|t:|1699563580\n|move|p2a: Kyogre|Water Spout|p1a: Eternatus\n|-resisted|p1a: Eternatus\n|-damage|p1a: Eternatus|51\/100\n|move|p1a: Eternatus|Sludge Bomb|p2a: Kyogre\n|-damage|p2a: Kyogre|60\/100\n|\n|-weather|RainDance|[upkeep]\n|upkeep\n|turn|25\n|\n|t:|1699563588\n|switch|p2a: Porygon2|Porygon2, shiny|100\/100\n|move|p1a: Eternatus|Sludge Bomb|p2a: Porygon2\n|-damage|p2a: Porygon2|73\/100\n|\n|-weather|RainDance|[upkeep]\n|upkeep\n|turn|26\n|\n|t:|1699563605\n|move|p1a: Eternatus|Dynamax Cannon|p2a: Porygon2\n|-damage|p2a: Porygon2|39\/100\n|move|p2a: Porygon2|Ice Beam|p1a: Eternatus\n|-supereffective|p1a: Eternatus\n|-damage|p1a: Eternatus|19\/100\n|\n|-weather|RainDance|[upkeep]\n|upkeep\n|turn|27\n|\n|t:|1699563616\n|switch|p1a: Zacian|Zacian-Crowned, shiny|100\/100 slp\n|move|p2a: Porygon2|Recover|p2a: Porygon2\n|-heal|p2a: Porygon2|89\/100\n|\n|-weather|none\n|upkeep\n|turn|28\n|\n|t:|1699563629\n|switch|p2a: Kyogre|Kyogre, shiny, tera:Water|60\/100\n|-weather|RainDance|[from] ability: Drizzle|[of] p2a: Kyogre\n|cant|p1a: Zacian|slp\n|\n|-weather|RainDance|[upkeep]\n|upkeep\n|turn|29\n|\n|t:|1699563636\n|move|p2a: Kyogre|Origin Pulse|p1a: Zacian\n|-crit|p1a: Zacian\n|-damage|p1a: Zacian|0 fnt\n|faint|p1a: Zacian\n|\n|-weather|RainDance|[upkeep]\n|upkeep\n|\n|t:|1699563639\n|switch|p1a: Eternatus|Eternatus|19\/100\n|-ability|p1a: Eternatus|Pressure\n|turn|30\n|\n|t:|1699563645\n|switch|p2a: Porygon2|Porygon2, shiny|89\/100\n|move|p1a: Eternatus|Dynamax Cannon|p2a: Porygon2\n|-damage|p2a: Porygon2|58\/100\n|\n|-weather|RainDance|[upkeep]\n|upkeep\n|turn|31\n|\n|t:|1699563651\n|move|p1a: Eternatus|Flamethrower|p2a: Porygon2\n|-damage|p2a: Porygon2|49\/100\n|move|p2a: Porygon2|Ice Beam|p1a: Eternatus\n|-supereffective|p1a: Eternatus\n|-damage|p1a: Eternatus|0 fnt\n|faint|p1a: Eternatus\n|\n|win|Petie_file1\n|raw|DanTheNinja56's rating: 1425 &rarr; <strong>1400<\/strong><br \/>(-25 for losing)\n|raw|Petie_file1's rating: 1335 &rarr; <strong>1360<\/strong><br \/>(+25 for winning)\n","uploadtime":1699563521,"views":5,"p1id":"dantheninja56","p2id":"petiefile1","formatid":"gen9nationaldexubers","rating":1360,"private":0,"password":""}