{"id":"gen9nationaldexubers-1994520703","p1":"Retter0608","p2":"momfr","format":"[Gen 9] National Dex Ubers","log":"|j|\u2606Retter0608\n|j|\u2606momfr\n|t:|1700453928\n|gametype|singles\n|player|p1|Retter0608|ingo|1259\n|player|p2|momfr|265|1206\n|teamsize|p1|6\n|teamsize|p2|6\n|gen|9\n|tier|[Gen 9] National Dex Ubers\n|rated|\n|rule|HP Percentage Mod: HP is shown in percentages\n|rule|Endless Battle Clause: Forcing endless battles is banned\n|rule|OHKO Clause: OHKO moves are banned\n|rule|Evasion Moves Clause: Evasion moves are banned\n|rule|Evasion Items Clause: Evasion items are banned\n|rule|Species Clause: Limit one of each Pok\u00e9mon\n|rule|Sleep Clause Mod: Limit one foe put to sleep\n|rule|Mega Rayquaza Clause: You cannot mega evolve Rayquaza\n|clearpoke\n|poke|p1|Zygarde|\n|poke|p1|Cloyster, M|\n|poke|p1|Ceruledge, M|\n|poke|p1|Yveltal|\n|poke|p1|Scovillain, F|\n|poke|p1|Marshadow|\n|poke|p2|Deoxys-Attack|\n|poke|p2|Gliscor, F|\n|poke|p2|Darkrai|\n|poke|p2|Dragonite, M|\n|poke|p2|Mewtwo|\n|poke|p2|Rayquaza|\n|teampreview\n|j| kung fu pokechu\n|c|\u2606Retter0608|Bigger and better than ever!\n|j| gayspotter2\n|c|\u2606Retter0608|Boutta be a warm december\n|c| gayspotter2|gay\n|c|\u2606Retter0608|!\/\n|\n|t:|1700453958\n|start\n|switch|p1a: You are so small|Scovillain, F|100\/100\n|switch|p2a: OJ Simpson|Gliscor, F|100\/100\n|turn|1\n|\n|t:|1700453965\n|move|p1a: You are so small|Leech Seed|p2a: OJ Simpson\n|-start|p2a: OJ Simpson|move: Leech Seed\n|move|p2a: OJ Simpson|Swords Dance|p2a: OJ Simpson\n|-boost|p2a: OJ Simpson|atk|2\n|\n|-damage|p2a: OJ Simpson|88\/100|[from] Leech Seed|[of] p1a: You are so small\n|-ability|p1a: You are so small|Moody|boost\n|-boost|p1a: You are so small|spd|2\n|-unboost|p1a: You are so small|spa|1\n|-status|p2a: OJ Simpson|tox|[from] item: Toxic Orb\n|upkeep\n|turn|2\n|\n|t:|1700453984\n|move|p1a: You are so small|Giga Drain|p2a: OJ Simpson\n|-damage|p2a: OJ Simpson|69\/100 tox\n|move|p2a: OJ Simpson|Earthquake|p1a: You are so small\n|-enditem|p1a: You are so small|Focus Sash\n|-damage|p1a: You are so small|1\/100\n|\n|-damage|p2a: OJ Simpson|57\/100 tox|[from] Leech Seed|[of] p1a: You are so small\n|-heal|p1a: You are so small|17\/100|[silent]\n|-heal|p2a: OJ Simpson|69\/100 tox|[from] ability: Poison Heal\n|-ability|p1a: You are so small|Moody|boost\n|-boost|p1a: You are so small|spe|2\n|-unboost|p1a: You are so small|spd|1\n|upkeep\n|turn|3\n|c|\u2606Retter0608|Simpson? ok\n|\n|t:|1700453996\n|move|p1a: You are so small|Giga Drain|p2a: OJ Simpson\n|-damage|p2a: OJ Simpson|50\/100 tox\n|-heal|p1a: You are so small|29\/100|[from] drain|[of] p2a: OJ Simpson\n|move|p2a: OJ Simpson|Earthquake|p1a: You are so small\n|-damage|p1a: You are so small|0 fnt\n|faint|p1a: You are so small\n|\n|-heal|p2a: OJ Simpson|63\/100 tox|[from] ability: Poison Heal\n|upkeep\n|\n|t:|1700454013\n|switch|p1a: Big Shot|Zygarde, shiny|100\/100\n|turn|4\n|\n|t:|1700454024\n|move|p1a: Big Shot|Extreme Speed|p2a: OJ Simpson\n|-damage|p2a: OJ Simpson|45\/100 tox\n|move|p2a: OJ Simpson|Earthquake|p1a: Big Shot\n|-damage|p1a: Big Shot|44\/100\n|\n|-heal|p1a: Big Shot|50\/100|[from] item: Leftovers\n|-damage|p2a: OJ Simpson|32\/100 tox|[from] Leech Seed|[of] p1a: Big Shot\n|-heal|p1a: Big Shot|62\/100|[silent]\n|-heal|p2a: OJ Simpson|45\/100 tox|[from] ability: Poison Heal\n|upkeep\n|turn|5\n|\n|t:|1700454036\n|move|p2a: OJ Simpson|Roost|p2a: OJ Simpson\n|-heal|p2a: OJ Simpson|95\/100 tox\n|-singleturn|p2a: OJ Simpson|move: Roost\n|move|p1a: Big Shot|Thousand Arrows|p2a: OJ Simpson\n|-crit|p2a: OJ Simpson\n|-damage|p2a: OJ Simpson|47\/100 tox\n|\n|-heal|p1a: Big Shot|69\/100|[from] item: Leftovers\n|-damage|p2a: OJ Simpson|34\/100 tox|[from] Leech Seed|[of] p1a: Big Shot\n|-heal|p1a: Big Shot|81\/100|[silent]\n|-heal|p2a: OJ Simpson|47\/100 tox|[from] ability: Poison Heal\n|upkeep\n|turn|6\n|\n|t:|1700454048\n|move|p2a: OJ Simpson|Roost|p2a: OJ Simpson\n|-heal|p2a: OJ Simpson|97\/100 tox\n|-singleturn|p2a: OJ Simpson|move: Roost\n|move|p1a: Big Shot|Thousand Arrows|p2a: OJ Simpson\n|-damage|p2a: OJ Simpson|64\/100 tox\n|\n|-heal|p1a: Big Shot|87\/100|[from] item: Leftovers\n|-damage|p2a: OJ Simpson|52\/100 tox|[from] Leech Seed|[of] p1a: Big Shot\n|-heal|p1a: Big Shot|99\/100|[silent]\n|-heal|p2a: OJ Simpson|64\/100 tox|[from] ability: Poison Heal\n|upkeep\n|turn|7\n|\n|t:|1700454060\n|move|p2a: OJ Simpson|Earthquake|p1a: Big Shot\n|-damage|p1a: Big Shot|46\/100\n|move|p1a: Big Shot|Core Enforcer|p2a: OJ Simpson\n|-damage|p2a: OJ Simpson|32\/100 tox\n|-endability|p2a: OJ Simpson\n|\n|-heal|p1a: Big Shot|52\/100|[from] item: Leftovers\n|-damage|p2a: OJ Simpson|20\/100 tox|[from] Leech Seed|[of] p1a: Big Shot\n|-heal|p1a: Big Shot|64\/100|[silent]\n|-damage|p2a: OJ Simpson|0 fnt|[from] psn\n|faint|p2a: OJ Simpson\n|upkeep\n|\n|t:|1700454070\n|switch|p2a: Barney|Dragonite, M|100\/100\n|turn|8\n|\n|t:|1700454078\n|-terastallize|p1a: Big Shot|Electric\n|move|p2a: Barney|Ice Spinner|p1a: Big Shot\n|-damage|p1a: Big Shot|39\/100\n|move|p1a: Big Shot|Core Enforcer|p2a: Barney\n|-supereffective|p2a: Barney\n|-damage|p2a: Barney|59\/100\n|-endability|p2a: Barney\n|\n|-heal|p1a: Big Shot|45\/100|[from] item: Leftovers\n|-activate|p1a: Big Shot|ability: Power Construct\n|detailschange|p1a: Big Shot|Zygarde-Complete, shiny, tera:Electric\n|-heal|p1a: Big Shot|66\/100|[silent]\n|upkeep\n|turn|9\n|j| Adamanzane\n|\n|t:|1700454097\n|move|p2a: Barney|Outrage|p1a: Big Shot\n|-damage|p1a: Big Shot|30\/100\n|move|p1a: Big Shot|Thousand Arrows|p2a: Barney\n|-damage|p2a: Barney|14\/100\n|-start|p2a: Barney|Smack Down\n|\n|-heal|p1a: Big Shot|36\/100|[from] item: Leftovers\n|upkeep\n|turn|10\n|\n|t:|1700454106\n|move|p1a: Big Shot|Extreme Speed|p2a: Barney\n|-damage|p2a: Barney|0 fnt\n|faint|p2a: Barney\n|\n|-heal|p1a: Big Shot|43\/100|[from] item: Leftovers\n|upkeep\n|\n|t:|1700454123\n|switch|p2a: KANTOOOOOOOOOOOOOO|Mewtwo|100\/100\n|-ability|p2a: KANTOOOOOOOOOOOOOO|Pressure\n|turn|11\n|\n|t:|1700454130\n|detailschange|p2a: KANTOOOOOOOOOOOOOO|Mewtwo-Mega-X\n|-mega|p2a: KANTOOOOOOOOOOOOOO|Mewtwo|Mewtwonite X\n|move|p2a: KANTOOOOOOOOOOOOOO|Earthquake|p1a: Big Shot\n|-supereffective|p1a: Big Shot\n|-damage|p1a: Big Shot|0 fnt\n|faint|p1a: Big Shot\n|\n|upkeep\n|\n|t:|1700454137\n|switch|p1a: Big Shot NEO|Yveltal|100\/100\n|-ability|p1a: Big Shot NEO|Dark Aura\n|turn|12\n|\n|t:|1700454149\n|move|p2a: KANTOOOOOOOOOOOOOO|Ice Punch|p1a: Big Shot NEO\n|-supereffective|p1a: Big Shot NEO\n|-damage|p1a: Big Shot NEO|39\/100\n|move|p1a: Big Shot NEO|Dark Pulse|p2a: KANTOOOOOOOOOOOOOO\n|-damage|p2a: KANTOOOOOOOOOOOOOO|36\/100\n|-damage|p1a: Big Shot NEO|29\/100|[from] item: Life Orb\n|\n|upkeep\n|turn|13\n|\n|t:|1700454156\n|move|p1a: Big Shot NEO|Sucker Punch|p2a: KANTOOOOOOOOOOOOOO\n|-damage|p2a: KANTOOOOOOOOOOOOOO|0 fnt\n|faint|p2a: KANTOOOOOOOOOOOOOO\n|-damage|p1a: Big Shot NEO|19\/100|[from] item: Life Orb\n|\n|upkeep\n|\n|t:|1700454163\n|switch|p2a: GUF|Rayquaza|100\/100\n|-ability|p2a: GUF|Air Lock\n|turn|14\n|\n|t:|1700454168\n|move|p2a: GUF|Extreme Speed|p1a: Big Shot NEO\n|-damage|p1a: Big Shot NEO|0 fnt\n|faint|p1a: Big Shot NEO\n|-damage|p2a: GUF|91\/100|[from] item: Life Orb\n|\n|upkeep\n|\n|t:|1700454174\n|switch|p1a: Killed dinosaurs|Cloyster, M, shiny|100\/100\n|turn|15\n|\n|t:|1700454182\n|switch|p2a: Stall is Evil|Darkrai|100\/100\n|switch|p1a: Delete your asset|Marshadow|100\/100\n|\n|upkeep\n|turn|16\n|\n|t:|1700454188\n|move|p1a: Delete your asset|Drain Punch|p2a: Stall is Evil\n|-supereffective|p2a: Stall is Evil\n|-damage|p2a: Stall is Evil|30\/100\n|move|p2a: Stall is Evil|Hypnosis|p1a: Delete your asset|[miss]\n|-miss|p2a: Stall is Evil|p1a: Delete your asset\n|\n|-heal|p2a: Stall is Evil|36\/100|[from] item: Leftovers\n|upkeep\n|turn|17\n|\n|t:|1700454195\n|move|p1a: Delete your asset|Drain Punch|p2a: Stall is Evil\n|-supereffective|p2a: Stall is Evil\n|-crit|p2a: Stall is Evil\n|-damage|p2a: Stall is Evil|0 fnt\n|faint|p2a: Stall is Evil\n|\n|upkeep\n|\n|t:|1700454200\n|switch|p2a: normie in space|Deoxys-Attack|100\/100\n|-ability|p2a: normie in space|Pressure\n|turn|18\n|c|\u2606Retter0608|Spamton kinda hot streak\n|\n|t:|1700454205\n|move|p2a: normie in space|Zen Headbutt|p1a: Delete your asset\n|-supereffective|p1a: Delete your asset\n|-enditem|p1a: Delete your asset|Focus Sash\n|-damage|p1a: Delete your asset|1\/100\n|move|p1a: Delete your asset|Spectral Thief|p2a: normie in space\n|-supereffective|p2a: normie in space\n|-damage|p2a: normie in space|0 fnt\n|faint|p2a: normie in space\n|\n|upkeep\n|\n|t:|1700454212\n|switch|p2a: GUF|Rayquaza|91\/100\n|-ability|p2a: GUF|Air Lock\n|turn|19\n|c|\u2606Retter0608|you got [guts]\n|\n|t:|1700454225\n|move|p1a: Delete your asset|Shadow Sneak|p2a: GUF\n|-damage|p2a: GUF|56\/100\n|move|p2a: GUF|Dragon Ascent|p1a: Delete your asset\n|-supereffective|p1a: Delete your asset\n|-damage|p1a: Delete your asset|0 fnt\n|-unboost|p2a: GUF|def|1\n|-unboost|p2a: GUF|spd|1\n|faint|p1a: Delete your asset\n|-damage|p2a: GUF|46\/100|[from] item: Life Orb\n|\n|upkeep\n|\n|t:|1700454235\n|switch|p1a: Killed dinosaurs|Cloyster, M, shiny|100\/100\n|turn|20\n|\n|t:|1700454244\n|move|p2a: GUF|Dragon Ascent|p1a: Killed dinosaurs\n|-damage|p1a: Killed dinosaurs|22\/100\n|-unboost|p2a: GUF|def|1\n|-unboost|p2a: GUF|spd|1\n|-damage|p2a: GUF|36\/100|[from] item: Life Orb\n|move|p1a: Killed dinosaurs|Shell Smash|p1a: Killed dinosaurs\n|-unboost|p1a: Killed dinosaurs|def|1\n|-unboost|p1a: Killed dinosaurs|spd|1\n|-boost|p1a: Killed dinosaurs|atk|2\n|-boost|p1a: Killed dinosaurs|spa|2\n|-boost|p1a: Killed dinosaurs|spe|2\n|\n|upkeep\n|turn|21\n|\n|t:|1700454254\n|move|p2a: GUF|Extreme Speed|p1a: Killed dinosaurs\n|-damage|p1a: Killed dinosaurs|0 fnt\n|faint|p1a: Killed dinosaurs\n|-damage|p2a: GUF|26\/100|[from] item: Life Orb\n|\n|upkeep\n|\n|t:|1700454260\n|switch|p1a: But im too hot!|Ceruledge, M, shiny|100\/100\n|turn|22\n|\n|t:|1700454267\n|move|p1a: But im too hot!|Shadow Sneak|p2a: GUF\n|-damage|p2a: GUF|0 fnt\n|faint|p2a: GUF\n|\n|win|Retter0608\n|raw|Retter0608's rating: 1259 &rarr; <strong>1280<\/strong><br \/>(+21 for winning)\n|raw|momfr's rating: 1206 &rarr; <strong>1185<\/strong><br \/>(-21 for losing)\n|c|\u2606Retter0608|ggwp bud)\n","uploadtime":1700454272,"views":3,"p1id":"retter0608","p2id":"momfr","formatid":"gen9nationaldexubers","rating":1185,"private":0,"password":""}