{"id":"gen9nationaldexubers-1980874699","p1":"Ginesect","p2":"JensPass","format":"[Gen 9] National Dex Ubers","log":"|j|\u2606Ginesect\n|j|\u2606JensPass\n|t:|1698844835\n|gametype|singles\n|player|p1|Ginesect|artist-gen4|\n|player|p2|JensPass|266|\n|teamsize|p1|6\n|teamsize|p2|6\n|gen|9\n|tier|[Gen 9] National Dex Ubers\n|rule|HP Percentage Mod: HP is shown in percentages\n|rule|Endless Battle Clause: Forcing endless battles is banned\n|rule|OHKO Clause: OHKO moves are banned\n|rule|Evasion Moves Clause: Evasion moves are banned\n|rule|Evasion Items Clause: Evasion items are banned\n|rule|Species Clause: Limit one of each Pok\u00e9mon\n|rule|Sleep Clause Mod: Limit one foe put to sleep\n|rule|Mega Rayquaza Clause: You cannot mega evolve Rayquaza\n|clearpoke\n|poke|p1|Chien-Pao|\n|poke|p1|Mandibuzz, F|\n|poke|p1|Mawile, M|\n|poke|p1|Grimmsnarl, M|\n|poke|p1|Greninja-*, M|\n|poke|p1|Ting-Lu|\n|poke|p2|Greninja-*, M|\n|poke|p2|Dragapult, F|\n|poke|p2|Iron Treads|\n|poke|p2|Medicham, M|\n|poke|p2|Ninetales-Alola, M|\n|poke|p2|Iron Moth|\n|teampreview\n|c|\u2606JensPass|glhf\n|\n|t:|1698844855\n|start\n|switch|p1a: Ting-Lu|Ting-Lu|100\/100\n|switch|p2a: Ninetales|Ninetales-Alola, M, shiny|100\/100\n|-weather|Snow|[from] ability: Snow Warning|[of] p2a: Ninetales\n|-ability|p1a: Ting-Lu|Vessel of Ruin\n|turn|1\n|\n|t:|1698844961\n|move|p2a: Ninetales|Aurora Veil|p2a: Ninetales\n|-sidestart|p2: JensPass|move: Aurora Veil\n|move|p1a: Ting-Lu|Stealth Rock|p2a: Ninetales\n|-sidestart|p2: JensPass|move: Stealth Rock\n|\n|-weather|Snow|[upkeep]\n|upkeep\n|turn|2\n|\n|t:|1698844964\n|move|p2a: Ninetales|Encore|p1a: Ting-Lu\n|-start|p1a: Ting-Lu|Encore\n|move|p1a: Ting-Lu|Stealth Rock||[still]\n|-fail|p1a: Ting-Lu\n|\n|-weather|Snow|[upkeep]\n|upkeep\n|turn|3\n|\n|t:|1698844970\n|switch|p1a: Mawile|Mawile, M|100\/100\n|-ability|p1a: Mawile|Intimidate|boost\n|-unboost|p2a: Ninetales|atk|1\n|move|p2a: Ninetales|Moonblast|p1a: Mawile\n|-resisted|p1a: Mawile\n|-damage|p1a: Mawile|62\/100\n|\n|-weather|Snow|[upkeep]\n|upkeep\n|turn|4\n|\n|t:|1698844975\n|detailschange|p1a: Mawile|Mawile-Mega, M\n|-mega|p1a: Mawile|Mawile|Mawilite\n|move|p2a: Ninetales|Moonblast|p1a: Mawile\n|-resisted|p1a: Mawile\n|-crit|p1a: Mawile\n|-damage|p1a: Mawile|24\/100\n|-unboost|p1a: Mawile|spa|1\n|move|p1a: Mawile|Iron Head|p2a: Ninetales\n|-supereffective|p2a: Ninetales\n|-damage|p2a: Ninetales|0 fnt\n|faint|p2a: Ninetales\n|\n|-weather|Snow|[upkeep]\n|upkeep\n|\n|t:|1698844980\n|switch|p2a: Iron Treads|Iron Treads, shiny|100\/100\n|-damage|p2a: Iron Treads|97\/100|[from] Stealth Rock\n|-enditem|p2a: Iron Treads|Booster Energy\n|-activate|p2a: Iron Treads|ability: Quark Drive|[fromitem]\n|-start|p2a: Iron Treads|quarkdrivespe\n|turn|5\n|\n|t:|1698844989\n|switch|p1a: Ting-Lu|Ting-Lu|100\/100\n|-ability|p1a: Ting-Lu|Vessel of Ruin\n|move|p2a: Iron Treads|Stealth Rock|p1a: Ting-Lu\n|-sidestart|p1: Ginesect|move: Stealth Rock\n|\n|-weather|none\n|upkeep\n|turn|6\n|\n|t:|1698844993\n|move|p2a: Iron Treads|Rapid Spin|p1a: Ting-Lu\n|-damage|p1a: Ting-Lu|93\/100\n|-boost|p2a: Iron Treads|spe|1\n|-sideend|p2: JensPass|Stealth Rock|[from] move: Rapid Spin|[of] p2a: Iron Treads\n|move|p1a: Ting-Lu|Earthquake|p2a: Iron Treads\n|-supereffective|p2a: Iron Treads\n|-damage|p2a: Iron Treads|62\/100\n|\n|-heal|p1a: Ting-Lu|99\/100|[from] item: Leftovers\n|upkeep\n|turn|7\n|\n|t:|1698844997\n|move|p2a: Iron Treads|Knock Off|p1a: Ting-Lu\n|-resisted|p1a: Ting-Lu\n|-damage|p1a: Ting-Lu|93\/100\n|-enditem|p1a: Ting-Lu|Leftovers|[from] move: Knock Off|[of] p2a: Iron Treads\n|move|p1a: Ting-Lu|Stealth Rock|p2a: Iron Treads\n|-sidestart|p2: JensPass|move: Stealth Rock\n|\n|upkeep\n|turn|8\n|\n|t:|1698845003\n|move|p2a: Iron Treads|Rapid Spin|p1a: Ting-Lu\n|-damage|p1a: Ting-Lu|86\/100\n|-boost|p2a: Iron Treads|spe|1\n|-sideend|p2: JensPass|Stealth Rock|[from] move: Rapid Spin|[of] p2a: Iron Treads\n|move|p1a: Ting-Lu|Whirlwind|p2a: Iron Treads\n|-end|p2a: Iron Treads|Quark Drive|[silent]\n|drag|p2a: Dragapult|Dragapult, F, shiny|100\/100\n|\n|-sideend|p2: JensPass|move: Aurora Veil\n|upkeep\n|turn|9\n|\n|t:|1698845008\n|move|p2a: Dragapult|U-turn|p1a: Ting-Lu\n|-supereffective|p1a: Ting-Lu\n|-damage|p1a: Ting-Lu|72\/100\n|\n|t:|1698845015\n|switch|p2a: Iron Treads|Iron Treads, shiny|62\/100|[from] U-turn\n|move|p1a: Ting-Lu|Stealth Rock|p2a: Iron Treads\n|-sidestart|p2: JensPass|move: Stealth Rock\n|\n|upkeep\n|turn|10\n|\n|t:|1698845025\n|move|p2a: Iron Treads|Rapid Spin|p1a: Ting-Lu\n|-crit|p1a: Ting-Lu\n|-damage|p1a: Ting-Lu|61\/100\n|-boost|p2a: Iron Treads|spe|1\n|-sideend|p2: JensPass|Stealth Rock|[from] move: Rapid Spin|[of] p2a: Iron Treads\n|move|p1a: Ting-Lu|Earthquake|p2a: Iron Treads\n|-supereffective|p2a: Iron Treads\n|-damage|p2a: Iron Treads|0 fnt\n|faint|p2a: Iron Treads\n|-end|p2a: Iron Treads|Quark Drive|[silent]\n|\n|upkeep\n|\n|t:|1698845031\n|switch|p2a: Medicham|Medicham, M, shiny|100\/100\n|turn|11\n|\n|t:|1698845096\n|switch|p1a: Mandibuzz|Mandibuzz, F|100\/100\n|detailschange|p2a: Medicham|Medicham-Mega, M, shiny\n|-mega|p2a: Medicham|Medicham|Medichamite\n|move|p2a: Medicham|Bulk Up|p2a: Medicham\n|-boost|p2a: Medicham|atk|1\n|-boost|p2a: Medicham|def|1\n|\n|upkeep\n|turn|12\n|\n|t:|1698845102\n|switch|p2a: Greninja|Greninja, M|100\/100\n|move|p1a: Mandibuzz|Foul Play|p2a: Greninja\n|-resisted|p2a: Greninja\n|-damage|p2a: Greninja|67\/100\n|\n|upkeep\n|turn|13\n|\n|t:|1698845116\n|-terastallize|p2a: Greninja|Fighting\n|move|p2a: Greninja|Substitute|p2a: Greninja\n|-start|p2a: Greninja|Substitute\n|-damage|p2a: Greninja|42\/100\n|move|p1a: Mandibuzz|U-turn|p2a: Greninja\n|-resisted|p2a: Greninja\n|-crit|p2a: Greninja\n|-activate|p2a: Greninja|move: Substitute|[damage]\n|\n|t:|1698845134\n|switch|p1a: Greninja|Greninja, M|100\/100|[from] U-turn\n|-damage|p1a: Greninja|88\/100|[from] Stealth Rock\n|\n|upkeep\n|turn|14\n|\n|t:|1698845138\n|move|p1a: Greninja|Extrasensory|p2a: Greninja\n|-supereffective|p2a: Greninja\n|-end|p2a: Greninja|Substitute\n|move|p2a: Greninja|Tera Blast|p1a: Greninja|[anim] Tera Blast Fighting\n|-supereffective|p1a: Greninja\n|-damage|p1a: Greninja|0 fnt\n|faint|p1a: Greninja\n|-ability|p2a: Greninja|Battle Bond|boost\n|-boost|p2a: Greninja|atk|1\n|-boost|p2a: Greninja|spa|1\n|-boost|p2a: Greninja|spe|1\n|-activate|p2a: Greninja|ability: Battle Bond\n|\n|upkeep\n|\n|t:|1698845158\n|switch|p1a: Mandibuzz|Mandibuzz, F|100\/100\n|turn|15\n|c|\u2606Ginesect|Damn\n|\n|t:|1698845180\n|move|p2a: Greninja|Substitute|p2a: Greninja\n|-start|p2a: Greninja|Substitute\n|-damage|p2a: Greninja|17\/100\n|move|p1a: Mandibuzz|Foul Play|p2a: Greninja\n|-resisted|p2a: Greninja\n|-end|p2a: Greninja|Substitute\n|\n|upkeep\n|turn|16\n|c|\u2606JensPass|fuck\n|\n|t:|1698845202\n|move|p2a: Greninja|Tera Blast|p1a: Mandibuzz|[anim] Tera Blast Fighting\n|-damage|p1a: Mandibuzz|71\/100\n|move|p1a: Mandibuzz|Foul Play|p2a: Greninja\n|-resisted|p2a: Greninja\n|-damage|p2a: Greninja|0 fnt\n|faint|p2a: Greninja\n|\n|upkeep\n|\n|t:|1698845212\n|switch|p2a: Iron Moth|Iron Moth|100\/100\n|-enditem|p2a: Iron Moth|Booster Energy\n|-activate|p2a: Iron Moth|ability: Quark Drive|[fromitem]\n|-start|p2a: Iron Moth|quarkdrivespe\n|turn|17\n|\n|t:|1698845237\n|move|p2a: Iron Moth|Fiery Dance|p1a: Mandibuzz\n|-damage|p1a: Mandibuzz|34\/100\n|move|p1a: Mandibuzz|U-turn|p2a: Iron Moth\n|-resisted|p2a: Iron Moth\n|-damage|p2a: Iron Moth|96\/100\n|\n|t:|1698845242\n|switch|p1a: Ting-Lu|Ting-Lu|61\/100|[from] U-turn\n|-damage|p1a: Ting-Lu|55\/100|[from] Stealth Rock\n|-ability|p1a: Ting-Lu|Vessel of Ruin\n|\n|upkeep\n|turn|18\n|\n|t:|1698845252\n|-end|p2a: Iron Moth|Quark Drive|[silent]\n|switch|p2a: Medicham|Medicham-Mega, M, shiny|100\/100\n|move|p1a: Ting-Lu|Earthquake|p2a: Medicham\n|-damage|p2a: Medicham|41\/100\n|\n|upkeep\n|turn|19\n|\n|t:|1698845256\n|-terastallize|p1a: Ting-Lu|Water\n|move|p2a: Medicham|Drain Punch|p1a: Ting-Lu\n|-damage|p1a: Ting-Lu|27\/100\n|-heal|p2a: Medicham|69\/100|[from] drain|[of] p1a: Ting-Lu\n|move|p1a: Ting-Lu|Earthquake|p2a: Medicham\n|-damage|p2a: Medicham|15\/100\n|\n|upkeep\n|turn|20\n|\n|t:|1698845268\n|move|p2a: Medicham|Drain Punch|p1a: Ting-Lu\n|-damage|p1a: Ting-Lu|0 fnt\n|-heal|p2a: Medicham|41\/100|[from] drain|[of] p1a: Ting-Lu\n|faint|p1a: Ting-Lu\n|\n|upkeep\n|\n|t:|1698845274\n|switch|p1a: Chien-Pao|Chien-Pao|100\/100\n|-damage|p1a: Chien-Pao|76\/100|[from] Stealth Rock\n|-ability|p1a: Chien-Pao|Sword of Ruin\n|turn|21\n|\n|t:|1698845279\n|move|p1a: Chien-Pao|Crunch|p2a: Medicham\n|-damage|p2a: Medicham|0 fnt\n|faint|p2a: Medicham\n|\n|upkeep\n|\n|t:|1698845280\n|switch|p2a: Iron Moth|Iron Moth|96\/100\n|turn|22\n|\n|t:|1698845283\n|move|p1a: Chien-Pao|Crunch|p2a: Iron Moth\n|-damage|p2a: Iron Moth|0 fnt\n|faint|p2a: Iron Moth\n|-end|p2a: Iron Moth|Quark Drive|[silent]\n|\n|upkeep\n|c|\u2606JensPass|ggs\n|\n|t:|1698845287\n|switch|p2a: Dragapult|Dragapult, F, shiny|100\/100\n|turn|23\n|c|\u2606Ginesect|gg\n|\n|t:|1698845293\n|move|p2a: Dragapult|Fire Blast|p1a: Chien-Pao\n|-supereffective|p1a: Chien-Pao\n|-damage|p1a: Chien-Pao|0 fnt\n|faint|p1a: Chien-Pao\n|\n|upkeep\n|\n|t:|1698845297\n|switch|p1a: Mawile|Mawile-Mega, M|24\/100\n|-damage|p1a: Mawile|18\/100|[from] Stealth Rock\n|turn|24\n|\n|t:|1698845299\n|move|p1a: Mawile|Sucker Punch|p2a: Dragapult\n|-supereffective|p2a: Dragapult\n|-damage|p2a: Dragapult|0 fnt\n|faint|p2a: Dragapult\n|\n|win|Ginesect\n|l|\u2606JensPass\n|l|\u2606Ginesect\n|j|\u2606Ginesect\n|player|p1|Ginesect|artist-gen4\n","uploadtime":1698845322,"views":10,"p1id":"ginesect","p2id":"jenspass","formatid":"gen9nationaldexubers","rating":0,"private":0,"password":""}