{"id":"gen9nationaldexubers-1993023262","p1":"V-Creating Victory","p2":"Kirbydownb","format":"[Gen 9] National Dex Ubers","log":"|j|\u2606V-Creating Victory\n|j|\u2606Kirbydownb\n|t:|1700256455\n|gametype|singles\n|player|p1|V-Creating Victory|1|\n|player|p2|Kirbydownb|265|\n|teamsize|p1|6\n|teamsize|p2|6\n|gen|9\n|tier|[Gen 9] National Dex Ubers\n|rule|HP Percentage Mod: HP is shown in percentages\n|rule|Endless Battle Clause: Forcing endless battles is banned\n|rule|OHKO Clause: OHKO moves are banned\n|rule|Evasion Moves Clause: Evasion moves are banned\n|rule|Evasion Items Clause: Evasion items are banned\n|rule|Species Clause: Limit one of each Pok\u00e9mon\n|rule|Sleep Clause Mod: Limit one foe put to sleep\n|rule|Mega Rayquaza Clause: You cannot mega evolve Rayquaza\n|clearpoke\n|poke|p1|Calyrex-Ice|\n|poke|p1|Kommo-o, M|\n|poke|p1|Skarmory, M|\n|poke|p1|Absol, M|\n|poke|p1|Thundurus-Therian, M|\n|poke|p1|Corsola-Galar, F|\n|poke|p2|Grimmsnarl, M|\n|poke|p2|Arceus-Fairy|\n|poke|p2|Dragonite, F|\n|poke|p2|Amoonguss, F|\n|poke|p2|Wooper, M|\n|poke|p2|Kingambit, F|\n|teampreview\n|c|\u2606V-Creating Victory|Good luck and have fun\n|\n|t:|1700256474\n|start\n|switch|p1a: Thundurus|Thundurus-Therian, M|100\/100\n|switch|p2a: B\u0456doof4|Dragonite, F|100\/100\n|turn|1\n|j| plasma13\n|\n|t:|1700256481\n|move|p1a: Thundurus|Volt Switch|p2a: B\u0456doof4\n|-damage|p2a: B\u0456doof4|79\/100\n|\n|t:|1700256483\n|switch|p1a: Skarmory|Skarmory, M|100\/100|[from] Volt Switch\n|move|p2a: B\u0456doof4|Dragon Dance|p2a: B\u0456doof4\n|-boost|p2a: B\u0456doof4|atk|1\n|-boost|p2a: B\u0456doof4|spe|1\n|\n|upkeep\n|turn|2\n|j| kirblaster\n|\n|t:|1700256532\n|move|p2a: B\u0456doof4|Outrage|p1a: Skarmory\n|-resisted|p1a: Skarmory\n|-damage|p1a: Skarmory|70\/100\n|move|p1a: Skarmory|Toxic|p2a: B\u0456doof4\n|-status|p2a: B\u0456doof4|tox\n|\n|-heal|p1a: Skarmory|76\/100|[from] item: Leftovers\n|-damage|p2a: B\u0456doof4|73\/100 tox|[from] psn\n|upkeep\n|turn|3\n|\n|t:|1700256542\n|move|p2a: B\u0456doof4|Outrage|p1a: Skarmory|[from]lockedmove\n|-resisted|p1a: Skarmory\n|-damage|p1a: Skarmory|48\/100\n|-start|p2a: B\u0456doof4|confusion|[fatigue]\n|move|p1a: Skarmory|Roost|p1a: Skarmory\n|-heal|p1a: Skarmory|98\/100\n|-singleturn|p1a: Skarmory|move: Roost\n|\n|-heal|p1a: Skarmory|100\/100|[from] item: Leftovers\n|-damage|p2a: B\u0456doof4|61\/100 tox|[from] psn\n|upkeep\n|turn|4\n|\n|t:|1700256607\n|switch|p2a: \u0412\u0456d\u043eof5|Kingambit, F|100\/100\n|move|p1a: Skarmory|Body Press|p2a: \u0412\u0456d\u043eof5\n|-supereffective|p2a: \u0412\u0456d\u043eof5\n|-damage|p2a: \u0412\u0456d\u043eof5|0 fnt\n|faint|p2a: \u0412\u0456d\u043eof5\n|-end|p2a: \u0412\u0456d\u043eof5|fallenundefined|[silent]\n|\n|upkeep\n|\n|t:|1700256631\n|switch|p2a: \u0412\u0456d\u043eof6|Wooper, M|100\/100\n|turn|5\n|\n|t:|1700256638\n|move|p1a: Skarmory|Toxic|p2a: \u0412\u0456d\u043eof6\n|-status|p2a: \u0412\u0456d\u043eof6|tox\n|move|p2a: \u0412\u0456d\u043eof6|Toxic|p1a: Skarmory\n|-immune|p1a: Skarmory\n|\n|-damage|p2a: \u0412\u0456d\u043eof6|94\/100 tox|[from] psn\n|upkeep\n|turn|6\n|\n|t:|1700256653\n|move|p2a: \u0412\u0456d\u043eof6|Stealth Rock|p1a: Skarmory\n|-sidestart|p1: V-Creating Victory|move: Stealth Rock\n|move|p1a: Skarmory|Whirlwind|p2a: \u0412\u0456d\u043eof6\n|drag|p2a: B\u0456doof4|Dragonite, F|61\/100 tox\n|\n|-damage|p2a: B\u0456doof4|55\/100 tox|[from] psn\n|upkeep\n|turn|7\n|\n|t:|1700256718\n|move|p2a: B\u0456doof4|Outrage|p1a: Skarmory\n|-resisted|p1a: Skarmory\n|-damage|p1a: Skarmory|82\/100\n|move|p1a: Skarmory|Body Press|p2a: B\u0456doof4\n|-resisted|p2a: B\u0456doof4\n|-damage|p2a: B\u0456doof4|38\/100 tox\n|\n|-heal|p1a: Skarmory|88\/100|[from] item: Leftovers\n|-damage|p2a: B\u0456doof4|26\/100 tox|[from] psn\n|upkeep\n|turn|8\n|\n|t:|1700256728\n|move|p2a: B\u0456doof4|Outrage|p1a: Skarmory|[from]lockedmove\n|-resisted|p1a: Skarmory\n|-damage|p1a: Skarmory|66\/100\n|-start|p2a: B\u0456doof4|confusion|[fatigue]\n|move|p1a: Skarmory|Roost|p1a: Skarmory\n|-heal|p1a: Skarmory|100\/100\n|-singleturn|p1a: Skarmory|move: Roost\n|\n|-damage|p2a: B\u0456doof4|7\/100 tox|[from] psn\n|upkeep\n|turn|9\n|\n|t:|1700256740\n|-activate|p2a: B\u0456doof4|confusion\n|-damage|p2a: B\u0456doof4|0 fnt|[from] confusion\n|faint|p2a: B\u0456doof4\n|move|p1a: Skarmory|Roost||[still]\n|-fail|p1a: Skarmory|heal\n|\n|upkeep\n|\n|t:|1700256756\n|switch|p2a: Bid\u043e\u043ef4|Arceus-Fairy|100\/100\n|turn|10\n|\n|t:|1700256765\n|move|p2a: Bid\u043e\u043ef4|Flamethrower|p1a: Skarmory\n|-supereffective|p1a: Skarmory\n|-damage|p1a: Skarmory|32\/100\n|move|p1a: Skarmory|Toxic|p2a: Bid\u043e\u043ef4\n|-status|p2a: Bid\u043e\u043ef4|tox\n|\n|-heal|p1a: Skarmory|38\/100|[from] item: Leftovers\n|-damage|p2a: Bid\u043e\u043ef4|94\/100 tox|[from] psn\n|upkeep\n|turn|11\n|\n|t:|1700256780\n|switch|p1a: Corsola|Corsola-Galar, F|100\/100\n|-damage|p1a: Corsola|88\/100|[from] Stealth Rock\n|move|p2a: Bid\u043e\u043ef4|Flamethrower|p1a: Corsola\n|-damage|p1a: Corsola|71\/100\n|-start|p2a: Bid\u043e\u043ef4|Disable|Flamethrower|[from] ability: Cursed Body|[of] p1a: Corsola\n|\n|-damage|p2a: Bid\u043e\u043ef4|82\/100 tox|[from] psn\n|upkeep\n|turn|12\n|\n|t:|1700256801\n|move|p2a: Bid\u043e\u043ef4|Judgment|p1a: Corsola\n|-damage|p1a: Corsola|38\/100\n|move|p1a: Corsola|Stealth Rock|p2a: Bid\u043e\u043ef4\n|-sidestart|p2: Kirbydownb|move: Stealth Rock\n|\n|-damage|p2a: Bid\u043e\u043ef4|64\/100 tox|[from] psn\n|upkeep\n|turn|13\n|\n|t:|1700256813\n|move|p2a: Bid\u043e\u043ef4|Judgment|p1a: Corsola\n|-damage|p1a: Corsola|5\/100\n|move|p1a: Corsola|Strength Sap|p2a: Bid\u043e\u043ef4\n|-unboost|p2a: Bid\u043e\u043ef4|atk|1\n|-heal|p1a: Corsola|72\/100\n|\n|-damage|p2a: Bid\u043e\u043ef4|40\/100 tox|[from] psn\n|upkeep\n|turn|14\n|\n|t:|1700256823\n|move|p2a: Bid\u043e\u043ef4|Recover|p2a: Bid\u043e\u043ef4\n|-heal|p2a: Bid\u043e\u043ef4|90\/100 tox\n|move|p1a: Corsola|Strength Sap|p2a: Bid\u043e\u043ef4\n|-unboost|p2a: Bid\u043e\u043ef4|atk|1\n|-heal|p1a: Corsola|100\/100\n|\n|-damage|p2a: Bid\u043e\u043ef4|59\/100 tox|[from] psn\n|-end|p2a: Bid\u043e\u043ef4|Disable\n|upkeep\n|turn|15\n|\n|t:|1700256842\n|switch|p2a: B\u0456d\u043e\u043ef3|Amoonguss, F|100\/100\n|-damage|p2a: B\u0456d\u043e\u043ef3|88\/100|[from] Stealth Rock\n|move|p1a: Corsola|Night Shade|p2a: B\u0456d\u043e\u043ef3\n|-damage|p2a: B\u0456d\u043e\u043ef3|65\/100\n|-enditem|p2a: B\u0456d\u043e\u043ef3|Eject Button\n|\n|t:|1700256853\n|switch|p2a: Bid\u043e\u043ef4|Arceus-Fairy|59\/100 tox\n|-damage|p2a: Bid\u043e\u043ef4|47\/100 tox|[from] Stealth Rock\n|\n|-damage|p2a: Bid\u043e\u043ef4|41\/100 tox|[from] psn\n|upkeep\n|turn|16\n|\n|t:|1700256864\n|move|p2a: Bid\u043e\u043ef4|Calm Mind|p2a: Bid\u043e\u043ef4\n|-boost|p2a: Bid\u043e\u043ef4|spa|1\n|-boost|p2a: Bid\u043e\u043ef4|spd|1\n|move|p1a: Corsola|Night Shade|p2a: Bid\u043e\u043ef4\n|-damage|p2a: Bid\u043e\u043ef4|18\/100 tox\n|\n|-damage|p2a: Bid\u043e\u043ef4|6\/100 tox|[from] psn\n|upkeep\n|turn|17\n|\n|t:|1700256875\n|move|p2a: Bid\u043e\u043ef4|Recover|p2a: Bid\u043e\u043ef4\n|-heal|p2a: Bid\u043e\u043ef4|56\/100 tox\n|move|p1a: Corsola|Night Shade|p2a: Bid\u043e\u043ef4\n|-damage|p2a: Bid\u043e\u043ef4|34\/100 tox\n|\n|-damage|p2a: Bid\u043e\u043ef4|15\/100 tox|[from] psn\n|upkeep\n|turn|18\n|\n|t:|1700256882\n|move|p2a: Bid\u043e\u043ef4|Judgment|p1a: Corsola\n|-damage|p1a: Corsola|46\/100\n|move|p1a: Corsola|Night Shade|p2a: Bid\u043e\u043ef4\n|-damage|p2a: Bid\u043e\u043ef4|0 fnt\n|faint|p2a: Bid\u043e\u043ef4\n|\n|upkeep\n|\n|t:|1700256897\n|switch|p2a: Bid\u043eof1|Grimmsnarl, M|100\/100\n|-damage|p2a: Bid\u043eof1|88\/100|[from] Stealth Rock\n|turn|19\n|\n|t:|1700256913\n|switch|p1a: Absol|Absol, M|100\/100\n|-damage|p1a: Absol|88\/100|[from] Stealth Rock\n|move|p2a: Bid\u043eof1|Light Screen|p2a: Bid\u043eof1\n|-sidestart|p2: Kirbydownb|move: Light Screen\n|\n|upkeep\n|turn|20\n|\n|t:|1700256929\n|detailschange|p1a: Absol|Absol-Mega, M\n|-mega|p1a: Absol|Absol|Absolite\n|move|p2a: Bid\u043eof1|Reflect|p2a: Bid\u043eof1\n|-sidestart|p2: Kirbydownb|Reflect\n|move|p1a: Absol|Iron Tail|p2a: Bid\u043eof1\n|-supereffective|p2a: Bid\u043eof1\n|-damage|p2a: Bid\u043eof1|41\/100\n|-unboost|p2a: Bid\u043eof1|def|1\n|\n|upkeep\n|turn|21\n|\n|t:|1700256961\n|switch|p2a: B\u0456d\u043e\u043ef3|Amoonguss, F|98\/100\n|-damage|p2a: B\u0456d\u043e\u043ef3|86\/100|[from] Stealth Rock\n|move|p1a: Absol|Iron Tail|p2a: B\u0456d\u043e\u043ef3\n|-damage|p2a: B\u0456d\u043e\u043ef3|64\/100\n|\n|upkeep\n|turn|22\n|\n|t:|1700256979\n|switch|p1a: Skarmory|Skarmory, M|38\/100\n|-damage|p1a: Skarmory|25\/100|[from] Stealth Rock\n|move|p2a: B\u0456d\u043e\u043ef3|Spore|p1a: Skarmory\n|-status|p1a: Skarmory|slp|[from] move: Spore\n|\n|-heal|p1a: Skarmory|31\/100 slp|[from] item: Leftovers\n|upkeep\n|turn|23\n|\n|t:|1700257028\n|cant|p1a: Skarmory|slp\n|move|p2a: B\u0456d\u043e\u043ef3|Foul Play|p1a: Skarmory\n|-damage|p1a: Skarmory|22\/100 slp\n|\n|-heal|p1a: Skarmory|28\/100 slp|[from] item: Leftovers\n|upkeep\n|turn|24\n|\n|t:|1700257076\n|cant|p1a: Skarmory|slp\n|move|p2a: B\u0456d\u043e\u043ef3|Leaf Storm|p1a: Skarmory|[miss]\n|-miss|p2a: B\u0456d\u043e\u043ef3|p1a: Skarmory\n|\n|-heal|p1a: Skarmory|34\/100 slp|[from] item: Leftovers\n|upkeep\n|turn|25\n|\n|t:|1700257089\n|cant|p1a: Skarmory|slp\n|move|p2a: B\u0456d\u043e\u043ef3|Foul Play|p1a: Skarmory\n|-damage|p1a: Skarmory|25\/100 slp\n|\n|-heal|p1a: Skarmory|31\/100 slp|[from] item: Leftovers\n|upkeep\n|turn|26\n|\n|t:|1700257096\n|-curestatus|p1a: Skarmory|slp|[msg]\n|move|p1a: Skarmory|Roost|p1a: Skarmory\n|-heal|p1a: Skarmory|81\/100\n|-singleturn|p1a: Skarmory|move: Roost\n|move|p2a: B\u0456d\u043e\u043ef3|Foul Play|p1a: Skarmory\n|-damage|p1a: Skarmory|72\/100\n|\n|-heal|p1a: Skarmory|78\/100|[from] item: Leftovers\n|-sideend|p2: Kirbydownb|move: Light Screen\n|upkeep\n|turn|27\n|\n|t:|1700257117\n|move|p2a: B\u0456d\u043e\u043ef3|Spore|p1a: Skarmory\n|-status|p1a: Skarmory|slp|[from] move: Spore\n|cant|p1a: Skarmory|slp\n|\n|-heal|p1a: Skarmory|84\/100 slp|[from] item: Leftovers\n|-sideend|p2: Kirbydownb|Reflect\n|upkeep\n|turn|28\n|\n|t:|1700257165\n|switch|p1a: Kommo-o|Kommo-o, M|100\/100\n|-damage|p1a: Kommo-o|94\/100|[from] Stealth Rock\n|move|p2a: B\u0456d\u043e\u043ef3|Leaf Storm|p1a: Kommo-o\n|-resisted|p1a: Kommo-o\n|-damage|p1a: Kommo-o|64\/100\n|-unboost|p2a: B\u0456d\u043e\u043ef3|spa|2\n|\n|upkeep\n|turn|29\n|\n|t:|1700257178\n|move|p1a: Kommo-o|Ice Punch|p2a: B\u0456d\u043e\u043ef3\n|-supereffective|p2a: B\u0456d\u043e\u043ef3\n|-damage|p2a: B\u0456d\u043e\u043ef3|10\/100\n|move|p2a: B\u0456d\u043e\u043ef3|Spore|p1a: Kommo-o\n|-message|Sleep Clause Mod activated.\n|-hint|Sleep Clause Mod prevents players from putting more than one of their opponent's Pok\u00e9mon to sleep at a time\n|\n|upkeep\n|turn|30\n|\n|t:|1700257215\n|move|p1a: Kommo-o|Ice Punch|p2a: B\u0456d\u043e\u043ef3\n|-supereffective|p2a: B\u0456d\u043e\u043ef3\n|-damage|p2a: B\u0456d\u043e\u043ef3|0 fnt\n|faint|p2a: B\u0456d\u043e\u043ef3\n|\n|upkeep\n|\n|t:|1700257220\n|switch|p2a: \u0412\u0456d\u043eof6|Wooper, M|94\/100 tox\n|-damage|p2a: \u0412\u0456d\u043eof6|88\/100 tox|[from] Stealth Rock\n|turn|31\n|\n|t:|1700257225\n|move|p1a: Kommo-o|Hidden Power|p2a: \u0412\u0456d\u043eof6\n|-supereffective|p2a: \u0412\u0456d\u043eof6\n|-damage|p2a: \u0412\u0456d\u043eof6|0 fnt\n|faint|p2a: \u0412\u0456d\u043eof6\n|\n|upkeep\n|\n|t:|1700257230\n|switch|p2a: Bid\u043eof1|Grimmsnarl, M|41\/100\n|-damage|p2a: Bid\u043eof1|29\/100|[from] Stealth Rock\n|turn|32\n|\n|t:|1700257240\n|move|p2a: Bid\u043eof1|Light Screen|p2a: Bid\u043eof1\n|-sidestart|p2: Kirbydownb|move: Light Screen\n|move|p1a: Kommo-o|Poison Jab|p2a: Bid\u043eof1\n|-supereffective|p2a: Bid\u043eof1\n|-damage|p2a: Bid\u043eof1|0 fnt\n|faint|p2a: Bid\u043eof1\n|\n|win|V-Creating Victory\n|l| plasma13\n|l|\u2606Kirbydownb\n|c|\u2606V-Creating Victory|gg\n","uploadtime":1700257266,"views":13,"p1id":"vcreatingvictory","p2id":"kirbydownb","formatid":"gen9nationaldexubers","rating":0,"private":0,"password":""}