{"id":"gen9nationaldexubers-1997933876","p1":"Yaackrotom12","p2":"Ash Ketchum344","format":"[Gen 9] National Dex Ubers","log":"|j|\u2606Yaackrotom12\n|j|\u2606Ash Ketchum344\n|t:|1700869181\n|gametype|singles\n|player|p1|Yaackrotom12|scientistf|1083\n|player|p2|Ash Ketchum344|ash|1125\n|teamsize|p1|6\n|teamsize|p2|6\n|gen|9\n|tier|[Gen 9] National Dex Ubers\n|rated|\n|rule|HP Percentage Mod: HP is shown in percentages\n|rule|Endless Battle Clause: Forcing endless battles is banned\n|rule|OHKO Clause: OHKO moves are banned\n|rule|Evasion Moves Clause: Evasion moves are banned\n|rule|Evasion Items Clause: Evasion items are banned\n|rule|Species Clause: Limit one of each Pok\u00e9mon\n|rule|Sleep Clause Mod: Limit one foe put to sleep\n|rule|Mega Rayquaza Clause: You cannot mega evolve Rayquaza\n|clearpoke\n|poke|p1|Politoed, M|\n|poke|p1|Swampert, F|\n|poke|p1|Basculegion, M|\n|poke|p1|Armaldo, F|\n|poke|p1|Heliolisk, F|\n|poke|p1|Kilowattrel, F|\n|poke|p2|Lucario, M|\n|poke|p2|Dragonite, F|\n|poke|p2|Dracovish|\n|poke|p2|Gengar, M|\n|poke|p2|Sirfetch\u2019d, M|\n|poke|p2|Pikachu-Partner, M|\n|teampreview\n|c|\u2606Yaackrotom12|oh hello\n|\n|t:|1700869193\n|start\n|switch|p1a: Politoed|Politoed, M|100\/100\n|switch|p2a: Dracovish|Dracovish|100\/100\n|-weather|RainDance|[from] ability: Drizzle|[of] p1a: Politoed\n|turn|1\n|\n|t:|1700869198\n|move|p2a: Dracovish|Fishious Rend|p1a: Politoed\n|-resisted|p1a: Politoed\n|-damage|p1a: Politoed|38\/100\n|move|p1a: Politoed|Toxic|p2a: Dracovish\n|-status|p2a: Dracovish|tox\n|\n|-weather|RainDance|[upkeep]\n|-damage|p2a: Dracovish|94\/100 tox|[from] psn\n|upkeep\n|turn|2\n|\n|t:|1700869207\n|move|p2a: Dracovish|Fishious Rend|p1a: Politoed\n|-resisted|p1a: Politoed\n|-damage|p1a: Politoed|0 fnt\n|faint|p1a: Politoed\n|\n|-weather|RainDance|[upkeep]\n|-damage|p2a: Dracovish|82\/100 tox|[from] psn\n|upkeep\n|\n|t:|1700869214\n|switch|p1a: Kilowattrel|Kilowattrel, F|100\/100\n|turn|3\n|\n|t:|1700869218\n|move|p2a: Dracovish|Fishious Rend|p1a: Kilowattrel\n|-damage|p1a: Kilowattrel|0 fnt\n|faint|p1a: Kilowattrel\n|\n|-weather|RainDance|[upkeep]\n|-damage|p2a: Dracovish|63\/100 tox|[from] psn\n|upkeep\n|\n|t:|1700869224\n|switch|p1a: Basculegion|Basculegion, M|100\/100\n|-ability|p1a: Basculegion|Mold Breaker\n|turn|4\n|\n|t:|1700869228\n|move|p2a: Dracovish|Fishious Rend|p1a: Basculegion\n|-resisted|p1a: Basculegion\n|-damage|p1a: Basculegion|0 fnt\n|faint|p1a: Basculegion\n|\n|-weather|RainDance|[upkeep]\n|-damage|p2a: Dracovish|38\/100 tox|[from] psn\n|upkeep\n|\n|t:|1700869233\n|switch|p1a: Heliolisk|Heliolisk, F|100\/100\n|turn|5\n|\n|t:|1700869237\n|move|p2a: Dracovish|Fishious Rend|p1a: Heliolisk\n|-immune|p1a: Heliolisk|[from] ability: Dry Skin\n|move|p1a: Heliolisk|Electric Terrain|p1a: Heliolisk\n|-fieldstart|move: Electric Terrain\n|\n|-weather|RainDance|[upkeep]\n|-damage|p2a: Dracovish|7\/100 tox|[from] psn\n|upkeep\n|turn|6\n|\n|t:|1700869248\n|switch|p2a: Gengar|Gengar, M|100\/100\n|move|p1a: Heliolisk|Light Screen|p1a: Heliolisk\n|-sidestart|p1: Yaackrotom12|move: Light Screen\n|\n|-weather|RainDance|[upkeep]\n|upkeep\n|turn|7\n|-message|Yaackrotom12 forfeited.\n|\n|win|Ash Ketchum344\n|raw|Yaackrotom12's rating: 1083 &rarr; <strong>1063<\/strong><br \/>(-20 for losing)\n|raw|Ash Ketchum344's rating: 1125 &rarr; <strong>1147<\/strong><br \/>(+22 for winning)\n|l|\u2606Yaackrotom12\n","uploadtime":1700869259,"views":1,"p1id":"yaackrotom12","p2id":"ashketchum344","formatid":"gen9nationaldexubers","rating":1063,"private":0,"password":""}