{"id":"gen9nationaldexubers-1992339629","p1":"Fixzation","p2":"UmberEonsEvolved","format":"[Gen 9] National Dex Ubers","log":"|j|\u2606Fixzation\n|j|\u2606UmberEonsEvolved\n|inactive|Battle timer is ON: inactive players will automatically lose when time's up.\n|t:|1700176367\n|gametype|singles\n|player|p1|Fixzation|brock-gen1rb|\n|player|p2|UmberEonsEvolved|marley|\n|teamsize|p1|6\n|teamsize|p2|6\n|gen|9\n|tier|[Gen 9] National Dex Ubers\n|rated|Tournament battle\n|rule|HP Percentage Mod: HP is shown in percentages\n|rule|Endless Battle Clause: Forcing endless battles is banned\n|rule|OHKO Clause: OHKO moves are banned\n|rule|Evasion Moves Clause: Evasion moves are banned\n|rule|Evasion Items Clause: Evasion items are banned\n|rule|Species Clause: Limit one of each Pok\u00e9mon\n|rule|Sleep Clause Mod: Limit one foe put to sleep\n|rule|Mega Rayquaza Clause: You cannot mega evolve Rayquaza\n|clearpoke\n|poke|p1|Tapu Koko|\n|poke|p1|Regieleki|\n|poke|p1|Zapdos|\n|poke|p1|Zekrom|\n|poke|p1|Rotom-Wash|\n|poke|p1|Arceus-Electric|\n|poke|p2|Maushold-Four|\n|poke|p2|Cyclizar, M|\n|poke|p2|Ursaluna, M|\n|poke|p2|Ditto|\n|poke|p2|Staraptor, M|\n|poke|p2|Farigiraf, F|\n|teampreview\n|inactive|UmberEonsEvolved also wants the timer to be on.\n|j| Franko159\n|\n|t:|1700176378\n|start\n|switch|p1a: Tapu Koko|Tapu Koko|100\/100\n|switch|p2a: Middle Child|Cyclizar, M, shiny|100\/100\n|-fieldstart|move: Electric Terrain|[from] ability: Electric Surge|[of] p1a: Tapu Koko\n|turn|1\n|j| kirblaster\n|inactive|UmberEonsEvolved has 120 seconds left.\n|\n|t:|1700176417\n|move|p2a: Middle Child|Quick Attack|p1a: Tapu Koko\n|-damage|p1a: Tapu Koko|76\/100\n|move|p1a: Tapu Koko|Dazzling Gleam|p2a: Middle Child\n|-supereffective|p2a: Middle Child\n|-damage|p2a: Middle Child|0 fnt\n|faint|p2a: Middle Child\n|\n|upkeep\n|\n|t:|1700176422\n|switch|p2a: Copycat|Ditto|100\/100\n|-transform|p2a: Copycat|p1a: Tapu Koko|[from] ability: Imposter\n|turn|2\n|\n|t:|1700176436\n|switch|p1a: Zapdos|Zapdos, shiny|100\/100\n|move|p2a: Copycat|Dazzling Gleam|p1a: Zapdos\n|-damage|p1a: Zapdos|78\/100\n|\n|upkeep\n|turn|3\n|\n|t:|1700176444\n|switch|p2a: Bear Grylls|Ursaluna, M|100\/100\n|move|p1a: Zapdos|Hurricane|p2a: Bear Grylls|[miss]\n|-miss|p1a: Zapdos|p2a: Bear Grylls\n|\n|-status|p2a: Bear Grylls|brn|[from] item: Flame Orb\n|upkeep\n|turn|4\n|\n|t:|1700176456\n|-zpower|p1a: Zapdos\n|move|p1a: Zapdos|Supersonic Skystrike|p2a: Bear Grylls|[zeffect]\n|-damage|p2a: Bear Grylls|20\/100 brn\n|move|p2a: Bear Grylls|Facade|p1a: Zapdos\n|-damage|p1a: Zapdos|0 fnt\n|faint|p1a: Zapdos\n|\n|-damage|p2a: Bear Grylls|14\/100 brn|[from] brn\n|upkeep\n|\n|t:|1700176469\n|switch|p1a: Tapu Koko|Tapu Koko|76\/100\n|turn|5\n|\n|t:|1700176473\n|move|p1a: Tapu Koko|U-turn|p2a: Bear Grylls\n|-damage|p2a: Bear Grylls|0 fnt\n|faint|p2a: Bear Grylls\n|\n|t:|1700176479\n|switch|p1a: Rotom|Rotom-Wash, shiny|100\/100|[from] U-turn\n|\n|-fieldend|move: Electric Terrain\n|upkeep\n|\n|t:|1700176491\n|switch|p2a: Chain Chomp|Farigiraf, F, shiny|100\/100\n|turn|6\n|\n|t:|1700176494\n|move|p2a: Chain Chomp|Agility|p2a: Chain Chomp\n|-boost|p2a: Chain Chomp|spe|2\n|move|p1a: Rotom|Volt Switch|p2a: Chain Chomp\n|-damage|p2a: Chain Chomp|71\/100\n|j|+bruised thighs\u2661\n|\n|t:|1700176502\n|switch|p1a: Tapu Koko|Tapu Koko|76\/100|[from] Volt Switch\n|-fieldstart|move: Electric Terrain|[from] ability: Electric Surge|[of] p1a: Tapu Koko\n|\n|upkeep\n|turn|7\n|\n|t:|1700176508\n|move|p1a: Tapu Koko|Volt Switch|p2a: Chain Chomp\n|-damage|p2a: Chain Chomp|27\/100\n|\n|t:|1700176511\n|switch|p1a: Rotom|Rotom-Wash, shiny|100\/100|[from] Volt Switch\n|move|p2a: Chain Chomp|Agility|p2a: Chain Chomp\n|-boost|p2a: Chain Chomp|spe|2\n|\n|upkeep\n|turn|8\n|\n|t:|1700176517\n|move|p2a: Chain Chomp|Stored Power|p1a: Rotom\n|-damage|p1a: Rotom|62\/100\n|move|p1a: Rotom|Volt Switch|p2a: Chain Chomp\n|-damage|p2a: Chain Chomp|0 fnt\n|faint|p2a: Chain Chomp\n|\n|t:|1700176530\n|switch|p1a: Tapu Koko|Tapu Koko|76\/100|[from] Volt Switch\n|\n|upkeep\n|\n|t:|1700176537\n|switch|p2a: La familia|Maushold-Four, shiny|100\/100\n|turn|9\n|\n|t:|1700176540\n|move|p1a: Tapu Koko|Volt Switch|p2a: La familia\n|-damage|p2a: La familia|38\/100\n|\n|t:|1700176548\n|switch|p1a: Rotom|Rotom-Wash, shiny|62\/100|[from] Volt Switch\n|move|p2a: La familia|Tidy Up|p2a: La familia\n|-boost|p2a: La familia|atk|1\n|-boost|p2a: La familia|spe|1\n|\n|-heal|p1a: Rotom|67\/100|[from] item: Leftovers\n|upkeep\n|turn|10\n|\n|t:|1700176556\n|move|p2a: La familia|Population Bomb|p1a: Rotom\n|-damage|p1a: Rotom|54\/100\n|-damage|p1a: Rotom|40\/100\n|-damage|p1a: Rotom|28\/100\n|-damage|p1a: Rotom|15\/100\n|-damage|p1a: Rotom|1\/100\n|-damage|p1a: Rotom|0 fnt\n|faint|p1a: Rotom\n|-hitcount|p1: Rotom|6\n|\n|-fieldend|move: Electric Terrain\n|upkeep\n|\n|t:|1700176564\n|switch|p1a: Tapu Koko|Tapu Koko|76\/100\n|-fieldstart|move: Electric Terrain|[from] ability: Electric Surge|[of] p1a: Tapu Koko\n|turn|11\n|\n|t:|1700176570\n|move|p1a: Tapu Koko|Volt Switch|p2a: La familia\n|-damage|p2a: La familia|0 fnt\n|faint|p2a: La familia\n|-message|UmberEonsEvolved forfeited.\n|\n|win|Fixzation\n|n|\u2606Fixzation|fixzation\n|n|\u2606UmberEonsEvolved|umbereonsevolved\n|n| Franko159|franko159\n|n| kirblaster|kirblaster\n|n| bruised thighs\u2661|bruisedthighs\n|l|\u2606UmberEonsEvolved\n|l| bruised thighs\u2661\n|l|\u2606Fixzation\n|j|\u2606Fixzation\n|player|p1|Fixzation|brock-gen1rb\n|l|\u2606Fixzation\n|player|p1|\n","uploadtime":1700176581,"views":17,"p1id":"fixzation","p2id":"umbereonsevolved","formatid":"gen9nationaldexubers","rating":0,"private":0,"password":""}