{"id":"gen9nationaldexubers-1981704130","p1":"pokXD","p2":"XJohnson","format":"[Gen 9] National Dex Ubers","log":"|j|\u2606pokXD\n|j|\u2606XJohnson\n|t:|1698935144\n|gametype|singles\n|player|p1|pokXD|cynthia-gen7|\n|player|p2|XJohnson|mallow|\n|teamsize|p1|6\n|teamsize|p2|6\n|gen|9\n|tier|[Gen 9] National Dex Ubers\n|rule|HP Percentage Mod: HP is shown in percentages\n|rule|Endless Battle Clause: Forcing endless battles is banned\n|rule|OHKO Clause: OHKO moves are banned\n|rule|Evasion Moves Clause: Evasion moves are banned\n|rule|Evasion Items Clause: Evasion items are banned\n|rule|Species Clause: Limit one of each Pok\u00e9mon\n|rule|Sleep Clause Mod: Limit one foe put to sleep\n|rule|Mega Rayquaza Clause: You cannot mega evolve Rayquaza\n|clearpoke\n|poke|p1|Rotom-Wash|\n|poke|p1|Venusaur, M|\n|poke|p1|Garchomp, M|\n|poke|p1|Chandelure, M|\n|poke|p1|Luxray, M|\n|poke|p1|Porygon-Z|\n|poke|p2|Shaymin|\n|poke|p2|Tapu Lele|\n|poke|p2|Iron Leaves|\n|poke|p2|Whimsicott, F|\n|poke|p2|Mewtwo|\n|poke|p2|Garchomp, M|\n|teampreview\n|\n|t:|1698935162\n|start\n|switch|p1a: Get washed|Rotom-Wash|100\/100\n|switch|p2a: Whimsicott|Whimsicott, F, shiny|100\/100\n|turn|1\n|\n|t:|1698935170\n|move|p2a: Whimsicott|Taunt|p1a: Get washed\n|-start|p1a: Get washed|move: Taunt\n|cant|p1a: Get washed|move: Taunt|Reflect\n|\n|upkeep\n|turn|2\n|l|\u2606XJohnson\n|player|p2|\n|j|\u2606XJohnson\n|player|p2|XJohnson|mallow\n|\n|t:|1698935216\n|move|p2a: Whimsicott|U-turn|p1a: Get washed\n|-damage|p1a: Get washed|91\/100\n|\n|t:|1698935220\n|switch|p2a: Former Threat|Garchomp, M|100\/100|[from] U-turn\n|move|p1a: Get washed|Volt Switch|p2a: Former Threat\n|-immune|p2a: Former Threat\n|\n|upkeep\n|turn|3\n|\n|t:|1698935230\n|switch|p1a: Peak?|Venusaur, M|100\/100\n|move|p2a: Former Threat|Substitute|p2a: Former Threat\n|-start|p2a: Former Threat|Substitute\n|-damage|p2a: Former Threat|76\/100\n|\n|upkeep\n|turn|4\n|\n|t:|1698935243\n|move|p2a: Former Threat|Swords Dance|p2a: Former Threat\n|-boost|p2a: Former Threat|atk|2\n|move|p1a: Peak?|Sludge Bomb|p2a: Former Threat\n|-resisted|p2a: Former Threat\n|-activate|p2a: Former Threat|move: Substitute|[damage]\n|\n|upkeep\n|turn|5\n|\n|t:|1698935253\n|detailschange|p1a: Peak?|Venusaur-Mega, M\n|-mega|p1a: Peak?|Venusaur|Venusaurite\n|move|p2a: Former Threat|Scale Shot|p1a: Peak?\n|-damage|p1a: Peak?|83\/100\n|-damage|p1a: Peak?|67\/100\n|-damage|p1a: Peak?|50\/100\n|-damage|p1a: Peak?|34\/100\n|-damage|p1a: Peak?|15\/100\n|-hitcount|p1a: Peak?|5\n|-unboost|p2a: Former Threat|def|1\n|-boost|p2a: Former Threat|spe|1\n|move|p1a: Peak?|Giga Drain|p2a: Former Threat\n|-end|p2a: Former Threat|Substitute\n|-heal|p1a: Peak?|19\/100|[from] drain|[of] p2a: Former Threat\n|\n|upkeep\n|turn|6\n|\n|t:|1698935269\n|move|p2a: Former Threat|Earthquake|p1a: Peak?\n|-damage|p1a: Peak?|0 fnt\n|faint|p1a: Peak?\n|\n|upkeep\n|c|\u2606XJohnson|Cooked\n|\n|t:|1698935280\n|switch|p1a: Fyehead|Chandelure, M|100\/100\n|turn|7\n|\n|t:|1698935285\n|move|p2a: Former Threat|Scale Shot|p1a: Fyehead\n|-damage|p1a: Fyehead|63\/100\n|-damage|p1a: Fyehead|23\/100\n|-damage|p1a: Fyehead|0 fnt\n|faint|p1a: Fyehead\n|-hitcount|p1: Fyehead|3\n|-unboost|p2a: Former Threat|def|1\n|-boost|p2a: Former Threat|spe|1\n|\n|upkeep\n|\n|t:|1698935295\n|switch|p1a: Get washed|Rotom-Wash|91\/100\n|turn|8\n|\n|t:|1698935306\n|move|p2a: Former Threat|Substitute|p2a: Former Threat\n|-start|p2a: Former Threat|Substitute\n|-damage|p2a: Former Threat|51\/100\n|move|p1a: Get washed|Light Screen|p1a: Get washed\n|-sidestart|p1: pokXD|move: Light Screen\n|\n|upkeep\n|turn|9\n|\n|t:|1698935314\n|move|p2a: Former Threat|Scale Shot|p1a: Get washed\n|-damage|p1a: Get washed|69\/100\n|-damage|p1a: Get washed|46\/100\n|-damage|p1a: Get washed|23\/100\n|-damage|p1a: Get washed|0 fnt\n|faint|p1a: Get washed\n|-hitcount|p1: Get washed|4\n|-unboost|p2a: Former Threat|def|1\n|-boost|p2a: Former Threat|spe|1\n|\n|upkeep\n|\n|t:|1698935325\n|switch|p1a: Fraudchomp|Garchomp, M|100\/100\n|turn|10\n|\n|t:|1698935329\n|move|p2a: Former Threat|Scale Shot|p1a: Fraudchomp\n|-supereffective|p1a: Fraudchomp\n|-damage|p1a: Fraudchomp|48\/100\n|-supereffective|p1a: Fraudchomp\n|-crit|p1a: Fraudchomp\n|-damage|p1a: Fraudchomp|0 fnt\n|faint|p1a: Fraudchomp\n|-hitcount|p1: Fraudchomp|2\n|-unboost|p2a: Former Threat|def|1\n|-boost|p2a: Former Threat|spe|1\n|\n|upkeep\n|\n|t:|1698935341\n|switch|p1a: WtfXD|Porygon-Z|100\/100\n|turn|11\n|\n|t:|1698935345\n|move|p2a: Former Threat|Scale Shot|p1a: WtfXD|[miss]\n|-miss|p2a: Former Threat|p1a: WtfXD\n|move|p1a: WtfXD|Nasty Plot|p1a: WtfXD\n|-boost|p1a: WtfXD|spa|2\n|\n|upkeep\n|turn|12\n|\n|t:|1698935353\n|move|p2a: Former Threat|Scale Shot|p1a: WtfXD|[miss]\n|-miss|p2a: Former Threat|p1a: WtfXD\n|move|p1a: WtfXD|Tri Attack|p2a: Former Threat\n|-end|p2a: Former Threat|Substitute\n|-damage|p1a: WtfXD|91\/100|[from] item: Life Orb\n|\n|upkeep\n|turn|13\n|\n|t:|1698935365\n|-terastallize|p1a: WtfXD|Normal\n|move|p2a: Former Threat|Scale Shot|p1a: WtfXD\n|-damage|p1a: WtfXD|54\/100\n|-damage|p1a: WtfXD|16\/100\n|-damage|p1a: WtfXD|0 fnt\n|faint|p1a: WtfXD\n|-hitcount|p1: WtfXD|3\n|-unboost|p2a: Former Threat|def|1\n|-boost|p2a: Former Threat|spe|1\n|\n|upkeep\n|c|\u2606XJohnson|Luxray\n|\n|t:|1698935379\n|switch|p1a: Furb8|Luxray, M|100\/100\n|-ability|p1a: Furb8|Intimidate|boost\n|-unboost|p2a: Former Threat|atk|1\n|turn|14\n|\n|t:|1698935384\n|move|p2a: Former Threat|Earthquake|p1a: Furb8\n|-supereffective|p1a: Furb8\n|-damage|p1a: Furb8|0 fnt\n|faint|p1a: Furb8\n|\n|win|XJohnson\n","uploadtime":1698935391,"views":10,"p1id":"pokxd","p2id":"xjohnson","formatid":"gen9nationaldexubers","rating":0,"private":0,"password":""}