{"id":"gen9nationaldexubers-1983650043","p1":"MusicalJoker","p2":"mvjr1113","format":"[Gen 9] National Dex Ubers","log":"|j|\u2606MusicalJoker\n|j|\u2606mvjr1113\n|t:|1699153934\n|gametype|singles\n|player|p1|MusicalJoker|266|\n|player|p2|mvjr1113|riley|\n|teamsize|p1|6\n|teamsize|p2|6\n|gen|9\n|tier|[Gen 9] National Dex Ubers\n|rule|HP Percentage Mod: HP is shown in percentages\n|rule|Endless Battle Clause: Forcing endless battles is banned\n|rule|OHKO Clause: OHKO moves are banned\n|rule|Evasion Moves Clause: Evasion moves are banned\n|rule|Evasion Items Clause: Evasion items are banned\n|rule|Species Clause: Limit one of each Pok\u00e9mon\n|rule|Sleep Clause Mod: Limit one foe put to sleep\n|rule|Mega Rayquaza Clause: You cannot mega evolve Rayquaza\n|clearpoke\n|poke|p1|Torterra, F|\n|poke|p1|Heatran, F|\n|poke|p1|Leafeon, F|\n|poke|p1|Rotom-Wash|\n|poke|p1|Garchomp, F|\n|poke|p1|Gallade, M|\n|poke|p2|Medicham, M|\n|poke|p2|Blaziken, M|\n|poke|p2|Sableye, M|\n|poke|p2|Jirachi|\n|poke|p2|Salamence, F|\n|poke|p2|Shiftry, F|\n|teampreview\n|j| Jayrox41\n|\n|t:|1699153987\n|start\n|switch|p1a: Bi-doof|Rotom-Wash|100\/100\n|switch|p2a: Medicham|Medicham, M|100\/100\n|turn|1\n|\n|t:|1699153997\n|detailschange|p2a: Medicham|Medicham-Mega, M\n|-mega|p2a: Medicham|Medicham|Medichamite\n|move|p2a: Medicham|Fake Out|p1a: Bi-doof\n|-damage|p1a: Bi-doof|73\/100\n|cant|p1a: Bi-doof|flinch\n|\n|upkeep\n|turn|2\n|\n|t:|1699154007\n|move|p2a: Medicham|Drain Punch|p1a: Bi-doof\n|-damage|p1a: Bi-doof|0 fnt\n|faint|p1a: Bi-doof\n|\n|upkeep\n|\n|t:|1699154027\n|switch|p1a: Bie-d-o-uf|Gallade, M|100\/100\n|turn|3\n|\n|t:|1699154110\n|switch|p2a: Sableye|Sableye, M|100\/100\n|move|p1a: Bie-d-o-uf|Psycho Cut|p2a: Sableye\n|-immune|p2a: Sableye\n|\n|upkeep\n|turn|4\n|\n|t:|1699154135\n|switch|p1a: Bee-dooph|Heatran, F|100\/100\n|move|p2a: Sableye|Will-O-Wisp|p1a: Bee-dooph|[miss]\n|-miss|p2a: Sableye|p1a: Bee-dooph\n|\n|upkeep\n|turn|5\n|\n|t:|1699154181\n|switch|p2a: Shiftry|Shiftry, F|100\/100\n|move|p1a: Bee-dooph|Magma Storm|p2a: Shiftry|[miss]\n|-miss|p1a: Bee-dooph|p2a: Shiftry\n|\n|upkeep\n|turn|6\n|\n|t:|1699154193\n|move|p2a: Shiftry|Tailwind|p2a: Shiftry\n|-sidestart|p2: mvjr1113|move: Tailwind\n|-ability|p2a: Shiftry|Wind Rider|boost\n|-boost|p2a: Shiftry|atk|1\n|move|p1a: Bee-dooph|Magma Storm|p2a: Shiftry\n|-supereffective|p2a: Shiftry\n|-damage|p2a: Shiftry|0 fnt\n|faint|p2a: Shiftry\n|\n|upkeep\n|\n|t:|1699154232\n|switch|p2a: Salamence|Salamence, F|100\/100\n|turn|7\n|\n|t:|1699154254\n|switch|p1a: B-douph|Leafeon, F|100\/100\n|move|p2a: Salamence|Dragon Dance|p2a: Salamence\n|-boost|p2a: Salamence|atk|1\n|-boost|p2a: Salamence|spe|1\n|\n|upkeep\n|turn|8\n|\n|t:|1699154272\n|-terastallize|p2a: Salamence|Fairy\n|-terastallize|p1a: B-douph|Rock\n|move|p2a: Salamence|Earthquake|p1a: B-douph\n|-supereffective|p1a: B-douph\n|-damage|p1a: B-douph|0 fnt\n|faint|p1a: B-douph\n|-ability|p2a: Salamence|Moxie|boost\n|-boost|p2a: Salamence|atk|1\n|\n|upkeep\n|\n|t:|1699154346\n|switch|p1a: B-d-oof|Torterra, F|100\/100\n|turn|9\n|\n|t:|1699154353\n|move|p2a: Salamence|Dual Wingbeat|p1a: B-d-oof\n|-supereffective|p1a: B-d-oof\n|-damage|p1a: B-d-oof|15\/100\n|-enditem|p1a: B-d-oof|Weakness Policy\n|-boost|p1a: B-d-oof|atk|2|[from] item: Weakness Policy\n|-boost|p1a: B-d-oof|spa|2|[from] item: Weakness Policy\n|-supereffective|p1a: B-d-oof\n|-damage|p1a: B-d-oof|0 fnt\n|faint|p1a: B-d-oof\n|-ability|p2a: Salamence|Moxie|boost\n|-boost|p2a: Salamence|atk|1\n|-hitcount|p1: B-d-oof|2\n|\n|-sideend|p2: mvjr1113|move: Tailwind\n|upkeep\n|\n|t:|1699154373\n|switch|p1a: Bie-d-o-uf|Gallade, M|100\/100\n|turn|10\n|\n|t:|1699154403\n|move|p2a: Salamence|Dual Wingbeat|p1a: Bie-d-o-uf\n|-supereffective|p1a: Bie-d-o-uf\n|-damage|p1a: Bie-d-o-uf|0 fnt\n|faint|p1a: Bie-d-o-uf\n|-ability|p2a: Salamence|Moxie|boost\n|-boost|p2a: Salamence|atk|1\n|-hitcount|p1: Bie-d-o-uf|1\n|\n|upkeep\n|\n|t:|1699154411\n|switch|p1a: Be-douf|Garchomp, F|100\/100\n|turn|11\n|\n|t:|1699154420\n|move|p2a: Salamence|Earthquake|p1a: Be-douf\n|-crit|p1a: Be-douf\n|-damage|p1a: Be-douf|0 fnt\n|faint|p1a: Be-douf\n|-ability|p2a: Salamence|Moxie|boost\n|-boost|p2a: Salamence|atk|1\n|\n|upkeep\n|\n|t:|1699154425\n|switch|p1a: Bee-dooph|Heatran, F|100\/100\n|turn|12\n|\n|t:|1699154446\n|move|p2a: Salamence|Earthquake|p1a: Bee-dooph\n|-supereffective|p1a: Bee-dooph\n|-damage|p1a: Bee-dooph|0 fnt\n|faint|p1a: Bee-dooph\n|\n|win|mvjr1113\n","uploadtime":1699154455,"views":8,"p1id":"musicaljoker","p2id":"mvjr1113","formatid":"gen9nationaldexubers","rating":0,"private":0,"password":""}