{"id":"gen9nationaldexubers-1991869256","p1":"Willmations","p2":"EijiVGC","format":"[Gen 9] National Dex Ubers","log":"|j|\u2606Willmations\n|j|\u2606EijiVGC\n|t:|1700131190\n|gametype|singles\n|player|p1|Willmations|giovanni|\n|player|p2|EijiVGC|cynthia-gen4|\n|teamsize|p1|6\n|teamsize|p2|6\n|gen|9\n|tier|[Gen 9] National Dex Ubers\n|rule|HP Percentage Mod: HP is shown in percentages\n|rule|Endless Battle Clause: Forcing endless battles is banned\n|rule|OHKO Clause: OHKO moves are banned\n|rule|Evasion Moves Clause: Evasion moves are banned\n|rule|Evasion Items Clause: Evasion items are banned\n|rule|Species Clause: Limit one of each Pok\u00e9mon\n|rule|Sleep Clause Mod: Limit one foe put to sleep\n|rule|Mega Rayquaza Clause: You cannot mega evolve Rayquaza\n|clearpoke\n|poke|p1|Talonflame, M|\n|poke|p1|Annihilape, F|\n|poke|p1|Lilligant, F|\n|poke|p1|Torkoal, M|\n|poke|p1|Gardevoir, M|\n|poke|p1|Snorlax, M|\n|poke|p2|Hippowdon, F|\n|poke|p2|Garganacl, F|\n|poke|p2|Hydreigon, M|\n|poke|p2|Kangaskhan, F|\n|poke|p2|Excadrill, M|\n|poke|p2|Houndstone, F|\n|teampreview\n|inactive|Battle timer is ON: inactive players will automatically lose when time's up. (requested by EijiVGC)\n|\n|t:|1700131205\n|start\n|switch|p1a: Torkoal|Torkoal, M|100\/100\n|switch|p2a: Hippowdon|Hippowdon, F|100\/100\n|-weather|Sandstorm|[from] ability: Sand Stream|[of] p2a: Hippowdon\n|-weather|SunnyDay|[from] ability: Drought|[of] p1a: Torkoal\n|turn|1\n|\n|t:|1700131226\n|switch|p1a: Lilligant|Lilligant, F|100\/100\n|move|p2a: Hippowdon|Earthquake|p1a: Lilligant\n|-resisted|p1a: Lilligant\n|-damage|p1a: Lilligant|70\/100\n|\n|-weather|SunnyDay|[upkeep]\n|upkeep\n|turn|2\n|\n|t:|1700131235\n|move|p1a: Lilligant|Petal Dance|p2a: Hippowdon\n|-supereffective|p2a: Hippowdon\n|-crit|p2a: Hippowdon\n|-damage|p2a: Hippowdon|0 fnt\n|faint|p2a: Hippowdon\n|\n|-weather|SunnyDay|[upkeep]\n|upkeep\n|\n|t:|1700131247\n|switch|p2a: Hydreigon|Hydreigon, M|100\/100\n|turn|3\n|\n|t:|1700131258\n|move|p1a: Lilligant|Petal Dance|p2a: Hydreigon|[from]lockedmove\n|-resisted|p2a: Hydreigon\n|-damage|p2a: Hydreigon|45\/100\n|-start|p1a: Lilligant|confusion|[fatigue]\n|move|p2a: Hydreigon|Flamethrower|p1a: Lilligant\n|-supereffective|p1a: Lilligant\n|-damage|p1a: Lilligant|0 fnt\n|faint|p1a: Lilligant\n|\n|-weather|SunnyDay|[upkeep]\n|upkeep\n|\n|t:|1700131270\n|switch|p1a: Gardevoir|Gardevoir, M|100\/100\n|turn|4\n|\n|t:|1700131283\n|-terastallize|p2a: Hydreigon|Dark\n|move|p2a: Hydreigon|Nasty Plot|p2a: Hydreigon\n|-boost|p2a: Hydreigon|spa|2\n|move|p1a: Gardevoir|Trick Room|p1a: Gardevoir\n|-fieldstart|move: Trick Room|[of] p1a: Gardevoir\n|\n|-weather|SunnyDay|[upkeep]\n|upkeep\n|turn|5\n|\n|t:|1700131311\n|switch|p1a: Snorlax|Snorlax, M|100\/100\n|move|p2a: Hydreigon|Flamethrower|p1a: Snorlax\n|-damage|p1a: Snorlax|51\/100\n|\n|-weather|none\n|upkeep\n|turn|6\n|\n|t:|1700131325\n|move|p1a: Snorlax|Rest|p1a: Snorlax\n|-status|p1a: Snorlax|slp|[from] move: Rest\n|-heal|p1a: Snorlax|100\/100 slp|[silent]\n|move|p2a: Hydreigon|Draco Meteor|p1a: Snorlax\n|-damage|p1a: Snorlax|26\/100 slp\n|-unboost|p2a: Hydreigon|spa|2\n|\n|upkeep\n|turn|7\n|\n|t:|1700131336\n|cant|p1a: Snorlax|slp\n|move|p1a: Snorlax|Sleep Talk|p1a: Snorlax\n|move|p1a: Snorlax|Earthquake|p2a: Hydreigon|[from]move: Sleep Talk\n|-immune|p2a: Hydreigon|[from] ability: Levitate\n|move|p2a: Hydreigon|Scale Shot|p1a: Snorlax\n|-damage|p1a: Snorlax|16\/100 slp\n|-damage|p1a: Snorlax|7\/100 slp\n|-damage|p1a: Snorlax|0 fnt\n|faint|p1a: Snorlax\n|-hitcount|p1: Snorlax|3\n|-unboost|p2a: Hydreigon|def|1\n|-boost|p2a: Hydreigon|spe|1\n|-enditem|p2a: Hydreigon|White Herb\n|-clearnegativeboost|p2a: Hydreigon|[silent]\n|\n|upkeep\n|inactive|Willmations has 270 seconds left.\n|\n|t:|1700131354\n|switch|p1a: Gardevoir|Gardevoir, M|100\/100\n|turn|8\n|\n|t:|1700131363\n|move|p1a: Gardevoir|Draining Kiss|p2a: Hydreigon\n|-supereffective|p2a: Hydreigon\n|-damage|p2a: Hydreigon|0 fnt\n|faint|p2a: Hydreigon\n|\n|-fieldend|move: Trick Room\n|upkeep\n|\n|t:|1700131374\n|switch|p2a: Kangaskhan|Kangaskhan, F|100\/100\n|turn|9\n|\n|t:|1700131383\n|detailschange|p2a: Kangaskhan|Kangaskhan-Mega, F\n|-mega|p2a: Kangaskhan|Kangaskhan|Kangaskhanite\n|-terastallize|p1a: Gardevoir|Psychic\n|move|p2a: Kangaskhan|Fake Out|p1a: Gardevoir\n|-damage|p1a: Gardevoir|65\/100\n|-damage|p1a: Gardevoir|56\/100\n|-hitcount|p1a: Gardevoir|2\n|cant|p1a: Gardevoir|flinch\n|\n|upkeep\n|turn|10\n|\n|t:|1700131402\n|move|p2a: Kangaskhan|Crunch|p1a: Gardevoir\n|-supereffective|p1a: Gardevoir\n|-damage|p1a: Gardevoir|0 fnt\n|faint|p1a: Gardevoir\n|-hitcount|p1: Gardevoir|1\n|\n|upkeep\n|\n|t:|1700131416\n|switch|p1a: Annihilape|Annihilape, F|100\/100\n|turn|11\n|\n|t:|1700131433\n|move|p2a: Kangaskhan|Crunch|p1a: Annihilape\n|-damage|p1a: Annihilape|74\/100\n|-damage|p1a: Annihilape|67\/100\n|-hitcount|p1a: Annihilape|2\n|move|p1a: Annihilape|Close Combat|p2a: Kangaskhan\n|-supereffective|p2a: Kangaskhan\n|-damage|p2a: Kangaskhan|0 fnt\n|-unboost|p1a: Annihilape|def|1\n|-unboost|p1a: Annihilape|spd|1\n|faint|p2a: Kangaskhan\n|\n|upkeep\n|\n|t:|1700131443\n|switch|p2a: Garganacl|Garganacl, F|100\/100\n|turn|12\n|\n|t:|1700131450\n|move|p1a: Annihilape|Close Combat|p2a: Garganacl\n|-supereffective|p2a: Garganacl\n|-damage|p2a: Garganacl|16\/100\n|-unboost|p1a: Annihilape|def|1\n|-unboost|p1a: Annihilape|spd|1\n|move|p2a: Garganacl|Salt Cure|p1a: Annihilape\n|-resisted|p1a: Annihilape\n|-damage|p1a: Annihilape|49\/100\n|-start|p1a: Annihilape|Salt Cure\n|\n|-heal|p2a: Garganacl|22\/100|[from] item: Leftovers\n|-damage|p1a: Annihilape|37\/100|[from] Salt Cure\n|upkeep\n|turn|13\n|\n|t:|1700131463\n|switch|p2a: Houndstone|Houndstone, F|100\/100\n|move|p1a: Annihilape|Drain Punch|p2a: Houndstone\n|-immune|p2a: Houndstone\n|\n|-damage|p1a: Annihilape|24\/100|[from] Salt Cure\n|upkeep\n|turn|14\n|\n|t:|1700131474\n|switch|p2a: Garganacl|Garganacl, F|22\/100\n|move|p1a: Annihilape|Earthquake|p2a: Garganacl\n|-supereffective|p2a: Garganacl\n|-damage|p2a: Garganacl|0 fnt\n|faint|p2a: Garganacl\n|\n|-damage|p1a: Annihilape|12\/100|[from] Salt Cure\n|upkeep\n|\n|t:|1700131485\n|switch|p2a: Excadrill|Excadrill, M|100\/100\n|turn|15\n|\n|t:|1700131492\n|move|p2a: Excadrill|Rock Slide|p1a: Annihilape\n|-resisted|p1a: Annihilape\n|-damage|p1a: Annihilape|0 fnt\n|faint|p1a: Annihilape\n|\n|upkeep\n|\n|t:|1700131499\n|switch|p1a: Torkoal|Torkoal, M|100\/100\n|-weather|SunnyDay|[from] ability: Drought|[of] p1a: Torkoal\n|turn|16\n|\n|t:|1700131507\n|move|p2a: Excadrill|Earthquake|p1a: Torkoal\n|-supereffective|p1a: Torkoal\n|-damage|p1a: Torkoal|9\/100\n|move|p1a: Torkoal|Earthquake|p2a: Excadrill\n|-supereffective|p2a: Excadrill\n|-damage|p2a: Excadrill|46\/100\n|\n|-weather|SunnyDay|[upkeep]\n|upkeep\n|turn|17\n|\n|t:|1700131520\n|move|p2a: Excadrill|Rock Slide|p1a: Torkoal\n|-supereffective|p1a: Torkoal\n|-damage|p1a: Torkoal|0 fnt\n|faint|p1a: Torkoal\n|\n|-weather|SunnyDay|[upkeep]\n|upkeep\n|\n|t:|1700131528\n|switch|p1a: Talonflame|Talonflame, M|100\/100\n|turn|18\n|\n|t:|1700131533\n|move|p1a: Talonflame|Flame Charge|p2a: Excadrill\n|-supereffective|p2a: Excadrill\n|-damage|p2a: Excadrill|0 fnt\n|-boost|p1a: Talonflame|spe|1\n|faint|p2a: Excadrill\n|\n|-weather|SunnyDay|[upkeep]\n|upkeep\n|\n|t:|1700131542\n|switch|p2a: Houndstone|Houndstone, F|100\/100\n|turn|19\n|\n|t:|1700131548\n|move|p1a: Talonflame|Brave Bird|p2a: Houndstone\n|-damage|p2a: Houndstone|50\/100\n|-damage|p1a: Talonflame|84\/100|[from] Recoil\n|move|p2a: Houndstone|Last Respects|p1a: Talonflame\n|-damage|p1a: Talonflame|0 fnt\n|faint|p1a: Talonflame\n|\n|win|EijiVGC\n|l|\u2606Willmations\n","uploadtime":1700131575,"views":11,"p1id":"willmations","p2id":"eijivgc","formatid":"gen9nationaldexubers","rating":0,"private":0,"password":""}