{"id":"gen9nationaldexubers-1981474873","p1":"BeentoShira","p2":"ANinjaDude","format":"[Gen 9] National Dex Ubers","log":"|j|\u2606BeentoShira\n|j|\u2606ANinjaDude\n|t:|1698902683\n|gametype|singles\n|player|p1|BeentoShira|waitress-gen4|\n|player|p2|ANinjaDude|volkner|\n|teamsize|p1|6\n|teamsize|p2|6\n|gen|9\n|tier|[Gen 9] National Dex Ubers\n|rule|HP Percentage Mod: HP is shown in percentages\n|rule|Endless Battle Clause: Forcing endless battles is banned\n|rule|OHKO Clause: OHKO moves are banned\n|rule|Evasion Moves Clause: Evasion moves are banned\n|rule|Evasion Items Clause: Evasion items are banned\n|rule|Species Clause: Limit one of each Pok\u00e9mon\n|rule|Sleep Clause Mod: Limit one foe put to sleep\n|rule|Mega Rayquaza Clause: You cannot mega evolve Rayquaza\n|clearpoke\n|poke|p1|Roaring Moon|\n|poke|p1|Lopunny, F|\n|poke|p1|Landorus-Therian, M|\n|poke|p1|Volcarona, M|\n|poke|p1|Iron Valiant|\n|poke|p1|Great Tusk|\n|poke|p2|Landorus-Therian, M|\n|poke|p2|Celesteela|\n|poke|p2|Thundurus-Therian, M|\n|poke|p2|Dragonite, M|\n|poke|p2|Shaymin-Sky|\n|poke|p2|Lopunny, M|\n|teampreview\n|c|\u2606ANinjaDude|glhf\n|c|\u2606BeentoShira|glhf\n|c|\u2606BeentoShira|thats a team\n|\n|t:|1698902707\n|start\n|switch|p1a: real g tusk|Great Tusk|100\/100\n|switch|p2a: Landorus|Landorus-Therian, M|100\/100\n|-ability|p2a: Landorus|Intimidate|boost\n|-unboost|p1a: real g tusk|atk|1\n|turn|1\n|\n|t:|1698902711\n|move|p2a: Landorus|Stealth Rock|p1a: real g tusk\n|-sidestart|p1: BeentoShira|move: Stealth Rock\n|move|p1a: real g tusk|Ice Spinner|p2a: Landorus\n|-supereffective|p2a: Landorus\n|-damage|p2a: Landorus|3\/100\n|\n|upkeep\n|turn|2\n|\n|t:|1698902715\n|move|p2a: Landorus|Explosion|p1a: real g tusk\n|-damage|p1a: real g tusk|42\/100\n|faint|p2a: Landorus\n|move|p1a: real g tusk|Rapid Spin|p2: Landorus|[notarget]\n|-fail|p1a: real g tusk\n|\n|upkeep\n|c|\u2606BeentoShira|fuck\n|c|\u2606ANinjaDude|lol\n|c|\u2606ANinjaDude|get gen 7ed on\n|c|\u2606BeentoShira|:(\n|\n|t:|1698902735\n|switch|p2a: Lopunny|Lopunny, M|100\/100\n|turn|3\n|\n|t:|1698902741\n|-end|p1a: real g tusk|Protosynthesis|[silent]\n|switch|p1a: malicious|Landorus-Therian, M|100\/100\n|-damage|p1a: malicious|88\/100|[from] Stealth Rock\n|-ability|p1a: malicious|Intimidate|boost\n|-unboost|p2a: Lopunny|atk|1\n|detailschange|p2a: Lopunny|Lopunny-Mega, M\n|-mega|p2a: Lopunny|Lopunny|Lopunnite\n|move|p2a: Lopunny|Fake Out|p1a: malicious\n|-damage|p1a: malicious|71\/100\n|\n|upkeep\n|turn|4\n|\n|t:|1698902753\n|move|p1a: malicious|U-turn|p2a: Lopunny\n|-resisted|p2a: Lopunny\n|-damage|p2a: Lopunny|81\/100\n|\n|t:|1698902756\n|switch|p1a: real g tusk|Great Tusk|42\/100|[from] U-turn\n|-damage|p1a: real g tusk|39\/100|[from] Stealth Rock\n|move|p2a: Lopunny|U-turn|p1a: real g tusk\n|-resisted|p1a: real g tusk\n|-damage|p1a: real g tusk|34\/100\n|\n|t:|1698902763\n|switch|p2a: Shaymin|Shaymin-Sky|100\/100|[from] U-turn\n|\n|upkeep\n|turn|5\n|\n|t:|1698902769\n|move|p2a: Shaymin|Air Slash|p1a: real g tusk\n|-supereffective|p1a: real g tusk\n|-damage|p1a: real g tusk|0 fnt\n|faint|p1a: real g tusk\n|-end|p1a: real g tusk|Protosynthesis|[silent]\n|\n|upkeep\n|\n|t:|1698902772\n|switch|p1a: Entomophobia|Volcarona, M|100\/100\n|turn|6\n|\n|t:|1698902777\n|move|p2a: Shaymin|Air Slash|p1a: Entomophobia\n|-supereffective|p1a: Entomophobia\n|-crit|p1a: Entomophobia\n|-damage|p1a: Entomophobia|0 fnt\n|faint|p1a: Entomophobia\n|\n|upkeep\n|c|\u2606BeentoShira|D;\n|c|\u2606ANinjaDude|lavos copypasta time\n|\n|t:|1698902801\n|switch|p1a: kurwa jebana|Lopunny, F, shiny|100\/100\n|-damage|p1a: kurwa jebana|88\/100|[from] Stealth Rock\n|turn|7\n|\n|t:|1698902806\n|detailschange|p1a: kurwa jebana|Lopunny-Mega, F, shiny\n|-mega|p1a: kurwa jebana|Lopunny|Lopunnite\n|move|p1a: kurwa jebana|Fake Out|p2a: Shaymin\n|-damage|p2a: Shaymin|75\/100\n|cant|p2a: Shaymin|flinch\n|\n|upkeep\n|turn|8\n|c|\u2606BeentoShira|wait what if its scarf\n|c|\u2606BeentoShira|why arent you switching\n|c|\u2606BeentoShira|WTF\n|c|\u2606ANinjaDude|i wanted to let skymin take the fake out\n|\n|t:|1698902835\n|move|p2a: Shaymin|Air Slash|p1a: kurwa jebana\n|-supereffective|p1a: kurwa jebana\n|-damage|p1a: kurwa jebana|0 fnt\n|faint|p1a: kurwa jebana\n|\n|upkeep\n|c|\u2606ANinjaDude|just kidding\n|c|\u2606BeentoShira|yep\n|c|\u2606ANinjaDude|its scarf\n|c|\u2606ANinjaDude|im evil\n|\n|t:|1698902846\n|switch|p1a: malicious|Landorus-Therian, M|71\/100\n|-damage|p1a: malicious|59\/100|[from] Stealth Rock\n|-ability|p1a: malicious|Intimidate|boost\n|-unboost|p2a: Shaymin|atk|1\n|turn|9\n|\n|t:|1698902849\n|move|p2a: Shaymin|Air Slash|p1a: malicious\n|-damage|p1a: malicious|14\/100\n|move|p1a: malicious|Stone Edge|p2a: Shaymin|[miss]\n|-miss|p1a: malicious|p2a: Shaymin\n|\n|upkeep\n|turn|10\n|c|\u2606BeentoShira|lavos\n|c|\u2606BeentoShira|lavos\n|\n|t:|1698902873\n|move|p2a: Shaymin|Air Slash|p1a: malicious\n|-damage|p1a: malicious|0 fnt\n|faint|p1a: malicious\n|\n|upkeep\n|\n|t:|1698902875\n|switch|p1a: owo|Iron Valiant|100\/100\n|-damage|p1a: owo|94\/100|[from] Stealth Rock\n|-enditem|p1a: owo|Booster Energy\n|-activate|p1a: owo|ability: Quark Drive|[fromitem]\n|-start|p1a: owo|quarkdrivespe\n|turn|11\n|\n|t:|1698902909\n|-terastallize|p1a: owo|Steel\n|move|p2a: Shaymin|Air Slash|p1a: owo\n|-resisted|p1a: owo\n|-damage|p1a: owo|63\/100\n|cant|p1a: owo|flinch\n|\n|upkeep\n|turn|12\n|c|\u2606ANinjaDude|scarf skymin kinda 6-0s your team tbh\n|\n|t:|1698902918\n|move|p2a: Shaymin|Air Slash|p1a: owo\n|-resisted|p1a: owo\n|-damage|p1a: owo|29\/100\n|move|p1a: owo|Calm Mind|p1a: owo\n|-boost|p1a: owo|spa|1\n|-boost|p1a: owo|spd|1\n|\n|upkeep\n|turn|13\n|\n|t:|1698902923\n|move|p2a: Shaymin|Air Slash|p1a: owo\n|-resisted|p1a: owo\n|-damage|p1a: owo|7\/100\n|cant|p1a: owo|flinch\n|\n|upkeep\n|turn|14\n|c|\u2606BeentoShira|:explosioncat3:\n|c|\u2606ANinjaDude|when i picked this ace i told gin i was gonna start causing the lavos copypasta\n|\n|t:|1698902955\n|move|p2a: Shaymin|Air Slash|p1a: owo\n|-resisted|p1a: owo\n|-damage|p1a: owo|0 fnt\n|faint|p1a: owo\n|-end|p1a: owo|Quark Drive|[silent]\n|\n|upkeep\n|\n|t:|1698902960\n|switch|p1a: bober|Roaring Moon|100\/100\n|-damage|p1a: bober|88\/100|[from] Stealth Rock\n|turn|15\n|c|\u2606ANinjaDude|so i have a feeling that im gonna be the reason for skymin to get banned from the gyms\n|\n|t:|1698902974\n|move|p2a: Shaymin|Air Slash|p1a: bober\n|-damage|p1a: bober|50\/100\n|cant|p1a: bober|flinch\n|\n|upkeep\n|turn|16\n|\n|t:|1698902978\n|move|p2a: Shaymin|Air Slash|p1a: bober\n|-damage|p1a: bober|14\/100\n|cant|p1a: bober|flinch\n|\n|upkeep\n|turn|17\n|c|\u2606BeentoShira|serene grace is evil\n|c|\u2606ANinjaDude|yeah\n|c|\u2606BeentoShira|how many flinches is that\n|c|\u2606ANinjaDude|enough\n|c|\u2606BeentoShira|stone edge miss also\n|\n|t:|1698903001\n|move|p2a: Shaymin|Air Slash|p1a: bober\n|-damage|p1a: bober|0 fnt\n|faint|p1a: bober\n|-end|p1a: bober|Protosynthesis|[silent]\n|\n|win|ANinjaDude\n|c|\u2606BeentoShira|gg\n|c|\u2606ANinjaDude|ggs\n|c|\u2606BeentoShira|gonna go spam lavos in gdras\n|c|\u2606ANinjaDude|only 4 flinches it looks like\n","uploadtime":1698903016,"views":17,"p1id":"beentoshira","p2id":"aninjadude","formatid":"gen9nationaldexubers","rating":0,"private":0,"password":""}