{"id":"gen9nationaldexubers-1984354398","p1":"yousweattoomuch","p2":"NotMystery","format":"[Gen 9] National Dex Ubers","log":"|j|\u2606yousweattoomuch\n|j|\u2606NotMystery\n|t:|1699248393\n|gametype|singles\n|player|p1|yousweattoomuch|iris|\n|player|p2|NotMystery|skyla-masters2|\n|teamsize|p1|6\n|teamsize|p2|6\n|gen|9\n|tier|[Gen 9] National Dex Ubers\n|rule|HP Percentage Mod: HP is shown in percentages\n|rule|Endless Battle Clause: Forcing endless battles is banned\n|rule|OHKO Clause: OHKO moves are banned\n|rule|Evasion Moves Clause: Evasion moves are banned\n|rule|Evasion Items Clause: Evasion items are banned\n|rule|Species Clause: Limit one of each Pok\u00e9mon\n|rule|Sleep Clause Mod: Limit one foe put to sleep\n|rule|Mega Rayquaza Clause: You cannot mega evolve Rayquaza\n|clearpoke\n|poke|p1|Annihilape, M|\n|poke|p1|Solgaleo|\n|poke|p1|Reshiram|\n|poke|p1|Genesect|\n|poke|p1|Arceus-Poison|\n|poke|p1|Lugia|\n|poke|p2|Smeargle, M|\n|poke|p2|Flutter Mane|\n|poke|p2|Necrozma-Dusk-Mane|\n|poke|p2|Landorus, M|\n|poke|p2|Urshifu-*, M|\n|poke|p2|Blastoise, M|\n|teampreview\n|inactive|Battle timer is ON: inactive players will automatically lose when time's up. (requested by NotMystery)\n|\n|t:|1699248398\n|start\n|switch|p1a: Annihilape|Annihilape, M|100\/100\n|switch|p2a: Smeargle|Smeargle, M|100\/100\n|turn|1\n|\n|t:|1699248409\n|move|p2a: Smeargle|Spore|p1a: Annihilape\n|-status|p1a: Annihilape|slp|[from] move: Spore\n|cant|p1a: Annihilape|slp\n|\n|-ability|p2a: Smeargle|Moody|boost\n|-boost|p2a: Smeargle|spe|2\n|-unboost|p2a: Smeargle|def|1\n|upkeep\n|turn|2\n|\n|t:|1699248427\n|move|p2a: Smeargle|Spikes|p1a: Annihilape\n|-sidestart|p1: yousweattoomuch|Spikes\n|-curestatus|p1a: Annihilape|slp|[msg]\n|move|p1a: Annihilape|Drain Punch|p2a: Smeargle\n|-supereffective|p2a: Smeargle\n|-enditem|p2a: Smeargle|Focus Sash\n|-damage|p2a: Smeargle|1\/100\n|\n|-ability|p2a: Smeargle|Moody|boost\n|-boost|p2a: Smeargle|atk|2\n|-unboost|p2a: Smeargle|spa|1\n|upkeep\n|turn|3\n|\n|t:|1699248439\n|move|p2a: Smeargle|Spore|p1a: Annihilape\n|-status|p1a: Annihilape|slp|[from] move: Spore\n|cant|p1a: Annihilape|slp\n|\n|-ability|p2a: Smeargle|Moody|boost\n|-boost|p2a: Smeargle|atk|2\n|-unboost|p2a: Smeargle|spa|1\n|upkeep\n|turn|4\n|\n|t:|1699248445\n|move|p2a: Smeargle|Spikes|p1a: Annihilape\n|-sidestart|p1: yousweattoomuch|Spikes\n|cant|p1a: Annihilape|slp\n|\n|-ability|p2a: Smeargle|Moody|boost\n|-boost|p2a: Smeargle|def|2\n|-unboost|p2a: Smeargle|spa|1\n|upkeep\n|turn|5\n|\n|t:|1699248451\n|move|p2a: Smeargle|Spikes|p1a: Annihilape\n|-sidestart|p1: yousweattoomuch|Spikes\n|cant|p1a: Annihilape|slp\n|\n|-ability|p2a: Smeargle|Moody|boost\n|-boost|p2a: Smeargle|atk|2\n|-unboost|p2a: Smeargle|spe|1\n|upkeep\n|turn|6\n|\n|t:|1699248457\n|move|p2a: Smeargle|Spikes||[still]\n|-fail|p2a: Smeargle\n|-curestatus|p1a: Annihilape|slp|[msg]\n|move|p1a: Annihilape|Stealth Rock|p2a: Smeargle\n|-sidestart|p2: NotMystery|move: Stealth Rock\n|\n|-ability|p2a: Smeargle|Moody|boost\n|-boost|p2a: Smeargle|def|2\n|-unboost|p2a: Smeargle|atk|1\n|upkeep\n|turn|7\n|\n|t:|1699248464\n|move|p2a: Smeargle|Spore|p1a: Annihilape\n|-status|p1a: Annihilape|slp|[from] move: Spore\n|cant|p1a: Annihilape|slp\n|\n|-ability|p2a: Smeargle|Moody|boost\n|-boost|p2a: Smeargle|atk|1\n|-unboost|p2a: Smeargle|spe|1\n|upkeep\n|turn|8\n|\n|t:|1699248473\n|-singleturn|p2a: Smeargle|move: Beak Blast\n|cant|p1a: Annihilape|slp\n|move|p2a: Smeargle|Beak Blast|p1a: Annihilape\n|-supereffective|p1a: Annihilape\n|-crit|p1a: Annihilape\n|-enditem|p1a: Annihilape|Focus Sash\n|-damage|p1a: Annihilape|1\/100 slp\n|\n|-ability|p2a: Smeargle|Moody|boost\n|-boost|p2a: Smeargle|spd|2\n|-unboost|p2a: Smeargle|atk|1\n|upkeep\n|turn|9\n|\n|t:|1699248482\n|-singleturn|p2a: Smeargle|move: Beak Blast\n|cant|p1a: Annihilape|slp\n|move|p2a: Smeargle|Beak Blast|p1a: Annihilape\n|-supereffective|p1a: Annihilape\n|-damage|p1a: Annihilape|0 fnt\n|faint|p1a: Annihilape\n|\n|-ability|p2a: Smeargle|Moody|boost\n|-boost|p2a: Smeargle|def|2\n|-unboost|p2a: Smeargle|spa|1\n|upkeep\n|\n|t:|1699248501\n|switch|p1a: Genesect|Genesect, shiny|100\/100\n|-damage|p1a: Genesect|76\/100|[from] Spikes\n|-ability|p1a: Genesect|Download|boost\n|-boost|p1a: Genesect|spa|1\n|turn|10\n|\n|t:|1699248506\n|move|p2a: Smeargle|Spore|p1a: Genesect\n|-status|p1a: Genesect|slp|[from] move: Spore\n|cant|p1a: Genesect|slp\n|\n|-ability|p2a: Smeargle|Moody|boost\n|-boost|p2a: Smeargle|def|1\n|-unboost|p2a: Smeargle|spe|1\n|upkeep\n|turn|11\n|\n|t:|1699248513\n|-singleturn|p2a: Smeargle|move: Beak Blast\n|cant|p1a: Genesect|slp\n|move|p2a: Smeargle|Beak Blast|p1a: Genesect\n|-damage|p1a: Genesect|25\/100 slp\n|\n|-ability|p2a: Smeargle|Moody|boost\n|-boost|p2a: Smeargle|spe|2\n|-unboost|p2a: Smeargle|spd|1\n|upkeep\n|turn|12\n|\n|t:|1699248519\n|-singleturn|p2a: Smeargle|move: Beak Blast\n|-curestatus|p1a: Genesect|slp|[msg]\n|move|p1a: Genesect|Leech Life|p2a: Smeargle\n|-damage|p2a: Smeargle|0 fnt\n|-heal|p1a: Genesect|25\/100|[from] drain|[of] p2a: Smeargle\n|-status|p1a: Genesect|brn\n|faint|p2a: Smeargle\n|\n|-damage|p1a: Genesect|19\/100 brn|[from] brn\n|upkeep\n|\n|t:|1699248526\n|switch|p2a: Landorus|Landorus, M|100\/100\n|-damage|p2a: Landorus|88\/100|[from] Stealth Rock\n|turn|13\n|\n|t:|1699248532\n|move|p2a: Landorus|Defog|p1a: Genesect\n|-unboost|p1a: Genesect|evasion|1\n|-sideend|p1: yousweattoomuch|Spikes|[from] move: Defog|[of] p2a: Landorus\n|-sideend|p2: NotMystery|Stealth Rock|[from] move: Defog|[of] p2a: Landorus\n|move|p1a: Genesect|Iron Head|p2a: Landorus\n|-damage|p2a: Landorus|62\/100\n|\n|-damage|p1a: Genesect|13\/100 brn|[from] brn\n|upkeep\n|turn|14\n|\n|t:|1699248542\n|switch|p1a: Lugia|Lugia|100\/100\n|-ability|p1a: Lugia|Pressure\n|move|p2a: Landorus|Earth Power|p1a: Lugia\n|-immune|p1a: Lugia\n|\n|upkeep\n|turn|15\n|\n|t:|1699248553\n|switch|p2a: Necrozma|Necrozma-Dusk-Mane, shiny|100\/100\n|move|p1a: Lugia|Toxic|p2a: Necrozma|[miss]\n|-miss|p1a: Lugia|p2a: Necrozma\n|\n|upkeep\n|turn|16\n|\n|t:|1699248569\n|switch|p1a: Genesect|Genesect, shiny|13\/100 brn\n|-ability|p1a: Genesect|Download|boost\n|-boost|p1a: Genesect|spa|1\n|move|p2a: Necrozma|Dragon Dance|p2a: Necrozma\n|-boost|p2a: Necrozma|atk|1\n|-boost|p2a: Necrozma|spe|1\n|\n|-damage|p1a: Genesect|7\/100 brn|[from] brn\n|upkeep\n|turn|17\n|\n|t:|1699248577\n|move|p2a: Necrozma|Sunsteel Strike|p1a: Genesect\n|-resisted|p1a: Genesect\n|-damage|p1a: Genesect|0 fnt\n|faint|p1a: Genesect\n|\n|upkeep\n|\n|t:|1699248581\n|switch|p1a: Solgaleo|Solgaleo|100\/100\n|turn|18\n|\n|t:|1699248587\n|detailschange|p2a: Necrozma|Necrozma-Ultra, shiny\n|-burst|p2a: Necrozma|Necrozma|Ultranecrozium Z\n|move|p2a: Necrozma|Earthquake|p1a: Solgaleo\n|-supereffective|p1a: Solgaleo\n|-damage|p1a: Solgaleo|3\/100\n|move|p1a: Solgaleo|Reflect|p1a: Solgaleo\n|-sidestart|p1: yousweattoomuch|Reflect\n|\n|upkeep\n|turn|19\n|\n|t:|1699248596\n|move|p2a: Necrozma|Earthquake|p1a: Solgaleo\n|-supereffective|p1a: Solgaleo\n|-damage|p1a: Solgaleo|0 fnt\n|faint|p1a: Solgaleo\n|\n|upkeep\n|\n|t:|1699248605\n|switch|p1a: Lugia|Lugia|100\/100\n|-ability|p1a: Lugia|Pressure\n|turn|20\n|\n|t:|1699248612\n|move|p1a: Lugia|Toxic|p2a: Necrozma\n|-status|p2a: Necrozma|tox\n|move|p2a: Necrozma|Sunsteel Strike|p1a: Lugia\n|-damage|p1a: Lugia|77\/100\n|\n|-damage|p2a: Necrozma|94\/100 tox|[from] psn\n|upkeep\n|turn|21\n|c|\u2606NotMystery|pressure on lugia?\n|c|\u2606NotMystery|based\n|\n|t:|1699248639\n|switch|p1a: Arceus|Arceus-Poison|100\/100\n|move|p2a: Necrozma|Dragon Dance|p2a: Necrozma\n|-boost|p2a: Necrozma|atk|1\n|-boost|p2a: Necrozma|spe|1\n|\n|-damage|p2a: Necrozma|82\/100 tox|[from] psn\n|upkeep\n|turn|22\n|\n|t:|1699248650\n|move|p2a: Necrozma|Photon Geyser|p1a: Arceus\n|-supereffective|p1a: Arceus\n|-damage|p1a: Arceus|1\/100\n|move|p1a: Arceus|Taunt|p2a: Necrozma\n|-start|p2a: Necrozma|move: Taunt\n|\n|-damage|p2a: Necrozma|64\/100 tox|[from] psn\n|upkeep\n|turn|23\n|\n|t:|1699248662\n|move|p2a: Necrozma|Sunsteel Strike|p1a: Arceus\n|-damage|p1a: Arceus|0 fnt\n|faint|p1a: Arceus\n|\n|-damage|p2a: Necrozma|40\/100 tox|[from] psn\n|upkeep\n|\n|t:|1699248668\n|switch|p1a: Lugia|Lugia|77\/100\n|-ability|p1a: Lugia|Pressure\n|turn|24\n|\n|t:|1699248672\n|-zpower|p2a: Necrozma\n|move|p2a: Necrozma|Light That Burns the Sky|p1a: Lugia|[zeffect]\n|-resisted|p1a: Lugia\n|-damage|p1a: Lugia|29\/100\n|move|p1a: Lugia|Roost|p1a: Lugia\n|-heal|p1a: Lugia|80\/100\n|-singleturn|p1a: Lugia|move: Roost\n|\n|-damage|p2a: Necrozma|10\/100 tox|[from] psn\n|upkeep\n|turn|25\n|\n|t:|1699248679\n|move|p2a: Necrozma|Sunsteel Strike|p1a: Lugia\n|-damage|p1a: Lugia|51\/100\n|move|p1a: Lugia|Roost|p1a: Lugia\n|-heal|p1a: Lugia|100\/100\n|-singleturn|p1a: Lugia|move: Roost\n|\n|-damage|p2a: Necrozma|0 fnt|[from] psn\n|faint|p2a: Necrozma\n|-sideend|p1: yousweattoomuch|Reflect\n|upkeep\n|\n|t:|1699248687\n|switch|p2a: Blastoise|Blastoise, M|100\/100\n|turn|26\n|\n|t:|1699248693\n|switch|p1a: Reshiram|Reshiram|100\/100\n|-ability|p1a: Reshiram|Turboblaze\n|detailschange|p2a: Blastoise|Blastoise-Mega, M\n|-mega|p2a: Blastoise|Blastoise|Blastoisinite\n|move|p2a: Blastoise|Shell Smash|p2a: Blastoise\n|-unboost|p2a: Blastoise|def|1\n|-unboost|p2a: Blastoise|spd|1\n|-boost|p2a: Blastoise|atk|2\n|-boost|p2a: Blastoise|spa|2\n|-boost|p2a: Blastoise|spe|2\n|\n|upkeep\n|turn|27\n|\n|t:|1699248702\n|move|p2a: Blastoise|Water Pulse|p1a: Reshiram\n|-damage|p1a: Reshiram|15\/100\n|move|p1a: Reshiram|Dragon Dance|p1a: Reshiram\n|-boost|p1a: Reshiram|atk|1\n|-boost|p1a: Reshiram|spe|1\n|\n|-heal|p1a: Reshiram|21\/100|[from] item: Leftovers\n|upkeep\n|turn|28\n|\n|t:|1699248718\n|switch|p2a: Landorus|Landorus, M|62\/100\n|move|p1a: Reshiram|Dragon Claw|p2a: Landorus\n|-damage|p2a: Landorus|0 fnt\n|faint|p2a: Landorus\n|\n|-heal|p1a: Reshiram|27\/100|[from] item: Leftovers\n|upkeep\n|inactive|NotMystery has 270 seconds left.\n|c|\u2606NotMystery|shit\n|\n|t:|1699248742\n|switch|p2a: Urshifu|Urshifu, M|100\/100\n|turn|29\n|\n|t:|1699248748\n|move|p1a: Reshiram|Dragon Claw|p2a: Urshifu\n|-damage|p2a: Urshifu|38\/100\n|move|p2a: Urshifu|Wicked Blow|p1a: Reshiram\n|-crit|p1a: Reshiram\n|-damage|p1a: Reshiram|0 fnt\n|faint|p1a: Reshiram\n|\n|upkeep\n|\n|t:|1699248752\n|switch|p1a: Lugia|Lugia|100\/100\n|-ability|p1a: Lugia|Pressure\n|turn|30\n|c|\u2606NotMystery|gg\n|c|\u2606yousweattoomuch|gg\n|\n|t:|1699248765\n|-terastallize|p2a: Urshifu|Dark\n|move|p1a: Lugia|Toxic|p2a: Urshifu\n|-status|p2a: Urshifu|tox\n|move|p2a: Urshifu|Wicked Blow|p1a: Lugia\n|-supereffective|p1a: Lugia\n|-crit|p1a: Lugia\n|-damage|p1a: Lugia|0 fnt\n|faint|p1a: Lugia\n|\n|win|NotMystery\n","uploadtime":1699248776,"views":6,"p1id":"yousweattoomuch","p2id":"notmystery","formatid":"gen9nationaldexubers","rating":0,"private":0,"password":""}