{"id":"gen9nationaldexubers-1997414357","p1":"Mekita willy","p2":"justznic","format":"[Gen 9] National Dex Ubers","log":"|j|\u2606Mekita willy\n|j|\u2606justznic\n|t:|1700801388\n|gametype|singles\n|player|p1|Mekita willy|teacher|1336\n|player|p2|justznic|preschooler|1628\n|teamsize|p1|6\n|teamsize|p2|6\n|gen|9\n|tier|[Gen 9] National Dex Ubers\n|rated|\n|rule|HP Percentage Mod: HP is shown in percentages\n|rule|Endless Battle Clause: Forcing endless battles is banned\n|rule|OHKO Clause: OHKO moves are banned\n|rule|Evasion Moves Clause: Evasion moves are banned\n|rule|Evasion Items Clause: Evasion items are banned\n|rule|Species Clause: Limit one of each Pok\u00e9mon\n|rule|Sleep Clause Mod: Limit one foe put to sleep\n|rule|Mega Rayquaza Clause: You cannot mega evolve Rayquaza\n|clearpoke\n|poke|p1|Deoxys-Attack|\n|poke|p1|Dracovish|\n|poke|p1|Chi-Yu|\n|poke|p1|Duosion, F|\n|poke|p1|Arceus|\n|poke|p1|Zygarde|\n|poke|p2|Mewtwo|\n|poke|p2|Orthworm, M|\n|poke|p2|Klefki, M|\n|poke|p2|Ditto|\n|poke|p2|Kyurem-Black|\n|poke|p2|Mew|\n|teampreview\n|inactive|Battle timer is ON: inactive players will automatically lose when time's up. (requested by justznic)\n|\n|t:|1700801390\n|start\n|switch|p1a: Deoxys|Deoxys-Attack|100\/100\n|switch|p2a: Kyurem|Kyurem-Black|100\/100\n|-ability|p1a: Deoxys|Pressure\n|-ability|p2a: Kyurem|Teravolt\n|turn|1\n|\n|t:|1700801399\n|move|p1a: Deoxys|Psycho Boost|p2a: Kyurem\n|-damage|p2a: Kyurem|14\/100\n|-unboost|p1a: Deoxys|spa|2\n|move|p2a: Kyurem|Icicle Spear|p1a: Deoxys\n|-damage|p1a: Deoxys|26\/100\n|-damage|p1a: Deoxys|0 fnt\n|faint|p1a: Deoxys\n|-hitcount|p1: Deoxys|2\n|\n|upkeep\n|\n|t:|1700801419\n|switch|p1a: Chi-Yu|Chi-Yu|100\/100\n|-ability|p1a: Chi-Yu|Beads of Ruin\n|turn|2\n|\n|t:|1700801427\n|move|p1a: Chi-Yu|Flamethrower|p2a: Kyurem\n|-damage|p2a: Kyurem|0 fnt\n|faint|p2a: Kyurem\n|\n|upkeep\n|\n|t:|1700801443\n|switch|p2a: Ditto|Ditto|100\/100\n|-transform|p2a: Ditto|p1a: Chi-Yu|[from] ability: Imposter\n|-ability|p2a: Ditto|Beads of Ruin\n|turn|3\n|\n|t:|1700801451\n|move|p2a: Ditto|Flamethrower|p1a: Chi-Yu\n|-resisted|p1a: Chi-Yu\n|-damage|p1a: Chi-Yu|71\/100\n|move|p1a: Chi-Yu|Flamethrower|p2a: Ditto\n|-resisted|p2a: Ditto\n|-damage|p2a: Ditto|76\/100\n|\n|upkeep\n|turn|4\n|\n|t:|1700801460\n|switch|p1a: Zygarde|Zygarde|100\/100\n|move|p2a: Ditto|Flamethrower|p1a: Zygarde\n|-resisted|p1a: Zygarde\n|-damage|p1a: Zygarde|78\/100\n|\n|upkeep\n|turn|5\n|\n|t:|1700801475\n|switch|p2a: Klefki|Klefki, M|100\/100\n|switch|p1a: Dracovish|Dracovish|100\/100\n|\n|-status|p2a: Klefki|brn|[from] item: Flame Orb\n|upkeep\n|turn|6\n|\n|t:|1700801492\n|switch|p1a: Chi-Yu|Chi-Yu|71\/100\n|-ability|p1a: Chi-Yu|Beads of Ruin\n|move|p2a: Klefki|Switcheroo|p1a: Chi-Yu\n|-hint|Since gen 7, Dark is immune to Prankster moves.\n|-immune|p1a: Chi-Yu\n|\n|-damage|p2a: Klefki|95\/100 brn|[from] brn\n|upkeep\n|turn|7\n|\n|t:|1700801504\n|move|p2a: Klefki|Reflect|p2a: Klefki\n|-sidestart|p2: justznic|Reflect\n|move|p1a: Chi-Yu|Overheat|p2a: Klefki\n|-supereffective|p2a: Klefki\n|-damage|p2a: Klefki|0 fnt\n|-unboost|p1a: Chi-Yu|spa|2\n|faint|p2a: Klefki\n|\n|upkeep\n|\n|t:|1700801513\n|switch|p2a: Mewtwo|Mewtwo|100\/100\n|-ability|p2a: Mewtwo|Unnerve\n|turn|8\n|\n|t:|1700801535\n|switch|p1a: Zygarde|Zygarde|78\/100\n|detailschange|p2a: Mewtwo|Mewtwo-Mega-X\n|-mega|p2a: Mewtwo|Mewtwo|Mewtwonite X\n|move|p2a: Mewtwo|Bulk Up|p2a: Mewtwo\n|-boost|p2a: Mewtwo|atk|1\n|-boost|p2a: Mewtwo|def|1\n|\n|upkeep\n|turn|9\n|\n|t:|1700801548\n|move|p2a: Mewtwo|Zen Headbutt|p1a: Zygarde\n|-damage|p1a: Zygarde|21\/100\n|move|p1a: Zygarde|Coil|p1a: Zygarde\n|-boost|p1a: Zygarde|atk|1\n|-boost|p1a: Zygarde|def|1\n|-boost|p1a: Zygarde|accuracy|1\n|\n|-activate|p1a: Zygarde|ability: Power Construct\n|detailschange|p1a: Zygarde|Zygarde-Complete\n|-heal|p1a: Zygarde|48\/100|[silent]\n|upkeep\n|turn|10\n|\n|t:|1700801560\n|move|p2a: Mewtwo|Zen Headbutt|p1a: Zygarde\n|-damage|p1a: Zygarde|25\/100\n|move|p1a: Zygarde|Coil|p1a: Zygarde\n|-boost|p1a: Zygarde|atk|1\n|-boost|p1a: Zygarde|def|1\n|-boost|p1a: Zygarde|accuracy|1\n|\n|upkeep\n|turn|11\n|\n|t:|1700801572\n|move|p2a: Mewtwo|Zen Headbutt|p1a: Zygarde\n|-damage|p1a: Zygarde|6\/100\n|move|p1a: Zygarde|Rest|p1a: Zygarde\n|-status|p1a: Zygarde|slp|[from] move: Rest\n|-heal|p1a: Zygarde|100\/100 slp|[silent]\n|-enditem|p1a: Zygarde|Chesto Berry|[eat]\n|-curestatus|p1a: Zygarde|slp|[msg]\n|\n|-sideend|p2: justznic|Reflect\n|upkeep\n|turn|12\n|\n|t:|1700801582\n|switch|p2a: Orthworm|Orthworm, M|100\/100\n|move|p1a: Zygarde|Coil|p1a: Zygarde\n|-boost|p1a: Zygarde|atk|1\n|-boost|p1a: Zygarde|def|1\n|-boost|p1a: Zygarde|accuracy|1\n|\n|upkeep\n|turn|13\n|\n|t:|1700801596\n|move|p1a: Zygarde|Iron Tail|p2a: Orthworm\n|-resisted|p2a: Orthworm\n|-damage|p2a: Orthworm|84\/100\n|-unboost|p2a: Orthworm|def|1\n|move|p2a: Orthworm|Shed Tail|p2a: Orthworm\n|-start|p2a: Orthworm|Substitute|[from] move: Shed Tail\n|-damage|p2a: Orthworm|34\/100\n|-enditem|p2a: Orthworm|Sitrus Berry|[eat]\n|-heal|p2a: Orthworm|59\/100|[from] item: Sitrus Berry\n|\n|t:|1700801598\n|switch|p2a: Mew|Mew|100\/100|[from] Shed Tail\n|\n|upkeep\n|turn|14\n|\n|t:|1700801608\n|move|p2a: Mew|Imprison|p2a: Mew\n|-start|p2a: Mew|move: Imprison\n|move|p1a: Zygarde|Thousand Arrows|p2a: Mew\n|-end|p2a: Mew|Substitute\n|\n|upkeep\n|turn|15\n|\n|t:|1700801623\n|switch|p1a: Duosion|Duosion, F|100\/100\n|move|p2a: Mew|Transform|p1a: Duosion\n|-transform|p2a: Mew|p1a: Duosion\n|\n|upkeep\n|turn|16\n|\n|t:|1700801641\n|switch|p1a: Dracovish|Dracovish|100\/100\n|move|p2a: Mew|Future Sight|p1a: Dracovish\n|-start|p2a: Mew|move: Future Sight\n|\n|upkeep\n|turn|17\n|\n|t:|1700801657\n|switch|p2a: Orthworm|Orthworm, M|59\/100\n|move|p1a: Dracovish|Fishious Rend|p2a: Orthworm\n|-damage|p2a: Orthworm|0 fnt\n|faint|p2a: Orthworm\n|-damage|p1a: Dracovish|91\/100|[from] item: Life Orb\n|\n|upkeep\n|\n|t:|1700801663\n|switch|p2a: Ditto|Ditto|76\/100\n|-transform|p2a: Ditto|p1a: Dracovish|[from] ability: Imposter\n|turn|18\n|\n|t:|1700801671\n|move|p2a: Ditto|Fishious Rend|p1a: Dracovish\n|-resisted|p1a: Dracovish\n|-damage|p1a: Dracovish|64\/100\n|move|p1a: Dracovish|Outrage|p2a: Ditto\n|-supereffective|p2a: Ditto\n|-damage|p2a: Ditto|0 fnt\n|faint|p2a: Ditto\n|-damage|p1a: Dracovish|54\/100|[from] item: Life Orb\n|\n|-end|p1a: Dracovish|move: Future Sight\n|-damage|p1a: Dracovish|10\/100\n|upkeep\n|inactive|justznic has 120 seconds left.\n|\n|t:|1700801715\n|switch|p2a: Mewtwo|Mewtwo-Mega-X|100\/100\n|turn|19\n|\n|t:|1700801719\n|move|p2a: Mewtwo|Bulk Up|p2a: Mewtwo\n|-boost|p2a: Mewtwo|atk|1\n|-boost|p2a: Mewtwo|def|1\n|move|p1a: Dracovish|Outrage|p2a: Mewtwo|[from]lockedmove\n|-damage|p2a: Mewtwo|53\/100\n|-damage|p1a: Dracovish|0 fnt|[from] item: Life Orb\n|faint|p1a: Dracovish\n|\n|upkeep\n|\n|t:|1700801733\n|switch|p1a: Chi-Yu|Chi-Yu|71\/100\n|-ability|p1a: Chi-Yu|Beads of Ruin\n|turn|20\n|\n|t:|1700801742\n|-terastallize|p1a: Chi-Yu|Fairy\n|move|p1a: Chi-Yu|Tera Blast|p2a: Mewtwo|[anim] Tera Blast Fairy\n|-supereffective|p2a: Mewtwo\n|-damage|p2a: Mewtwo|0 fnt\n|faint|p2a: Mewtwo\n|\n|upkeep\n|inactive|justznic has 120 seconds left.\n|\n|t:|1700801769\n|switch|p2a: Mew|Mew|100\/100\n|turn|21\n|\n|t:|1700801776\n|switch|p1a: Duosion|Duosion, F|100\/100\n|-zpower|p2a: Mew\n|move|p2a: Mew|Z-Transform|p1a: Duosion|[anim]Transform\n|-transform|p2a: Mew|p1a: Duosion\n|\n|upkeep\n|turn|22\n|\n|t:|1700801797\n|move|p1a: Duosion|Future Sight|p2a: Mew\n|-start|p1a: Duosion|move: Future Sight\n|move|p2a: Mew|Future Sight|p1a: Duosion\n|-start|p2a: Mew|move: Future Sight\n|\n|upkeep\n|turn|23\n|inactive|justznic has 120 seconds left.\n|c|\u2606Mekita willy|GG\n|inactive|justznic has 90 seconds left.\n|inactive|justznic has 60 seconds left.\n|inactive|justznic has 30 seconds left.\n|inactive|justznic has 20 seconds left.\n|inactive|justznic has 15 seconds left.\n|inactive|justznic has 10 seconds left.\n|inactive|justznic has 5 seconds left.\n|-message|justznic lost due to inactivity.\n|\n|win|Mekita willy\n|raw|Mekita willy's rating: 1336 &rarr; <strong>1370<\/strong><br \/>(+34 for winning)\n|raw|justznic's rating: 1628 &rarr; <strong>1594<\/strong><br \/>(-34 for losing)\n","uploadtime":1700801944,"views":5,"p1id":"mekitawilly","p2id":"justznic","formatid":"gen9nationaldexubers","rating":1370,"private":0,"password":""}