{"id":"gen9nationaldexubers-1992654801","p1":"JustMonika_CARR","p2":"Arnoldsice","format":"[Gen 9] National Dex Ubers","log":"|j|\u2606JustMonika_CARR\n|j|\u2606Arnoldsice\n|t:|1700221028\n|gametype|singles\n|player|p1|JustMonika_CARR|rosa|1372\n|player|p2|Arnoldsice|2|1287\n|teamsize|p1|6\n|teamsize|p2|6\n|gen|9\n|tier|[Gen 9] National Dex Ubers\n|rated|\n|rule|HP Percentage Mod: HP is shown in percentages\n|rule|Endless Battle Clause: Forcing endless battles is banned\n|rule|OHKO Clause: OHKO moves are banned\n|rule|Evasion Moves Clause: Evasion moves are banned\n|rule|Evasion Items Clause: Evasion items are banned\n|rule|Species Clause: Limit one of each Pok\u00e9mon\n|rule|Sleep Clause Mod: Limit one foe put to sleep\n|rule|Mega Rayquaza Clause: You cannot mega evolve Rayquaza\n|clearpoke\n|poke|p1|Marshadow|\n|poke|p1|Lopunny, F|\n|poke|p1|Eternatus|\n|poke|p1|Forretress, F|\n|poke|p1|Pheromosa|\n|poke|p1|Grimmsnarl, M|\n|poke|p2|Darkrai|\n|poke|p2|Groudon|\n|poke|p2|Dracovish|\n|poke|p2|Blaziken, M|\n|poke|p2|Spectrier|\n|poke|p2|Zacian-*|\n|teampreview\n|c|\u2606JustMonika_CARR|Glhf\n|inactive|Battle timer is ON: inactive players will automatically lose when time's up. (requested by JustMonika_CARR)\n|c|\u2606Arnoldsice|yt\n|\n|t:|1700221072\n|start\n|switch|p1a: Forretress|Forretress, F, shiny|100\/100\n|switch|p2a: Spectrier|Spectrier|100\/100\n|turn|1\n|\n|t:|1700221080\n|move|p2a: Spectrier|Will-O-Wisp|p1a: Forretress\n|-status|p1a: Forretress|brn\n|move|p1a: Forretress|Toxic Spikes|p2a: Spectrier\n|-sidestart|p2: Arnoldsice|move: Toxic Spikes\n|\n|-damage|p1a: Forretress|94\/100 brn|[from] brn\n|upkeep\n|turn|2\n|\n|t:|1700221088\n|move|p2a: Spectrier|Substitute|p2a: Spectrier\n|-start|p2a: Spectrier|Substitute\n|-damage|p2a: Spectrier|76\/100\n|move|p1a: Forretress|Toxic Spikes|p2a: Spectrier\n|-sidestart|p2: Arnoldsice|move: Toxic Spikes\n|\n|-heal|p2a: Spectrier|82\/100|[from] item: Leftovers\n|-damage|p1a: Forretress|88\/100 brn|[from] brn\n|upkeep\n|turn|3\n|\n|t:|1700221096\n|move|p2a: Spectrier|Nasty Plot|p2a: Spectrier\n|-boost|p2a: Spectrier|spa|2\n|move|p1a: Forretress|Stealth Rock|p2a: Spectrier\n|-sidestart|p2: Arnoldsice|move: Stealth Rock\n|\n|-heal|p2a: Spectrier|88\/100|[from] item: Leftovers\n|-damage|p1a: Forretress|82\/100 brn|[from] brn\n|upkeep\n|turn|4\n|\n|t:|1700221105\n|move|p2a: Spectrier|Hex|p1a: Forretress\n|-damage|p1a: Forretress|0 fnt\n|faint|p1a: Forretress\n|-ability|p2a: Spectrier|Grim Neigh|boost\n|-boost|p2a: Spectrier|spa|1\n|\n|-heal|p2a: Spectrier|94\/100|[from] item: Leftovers\n|upkeep\n|\n|t:|1700221117\n|switch|p1a: Marshadow|Marshadow|100\/100\n|turn|5\n|\n|t:|1700221121\n|move|p1a: Marshadow|Spectral Thief||[still]\n|-clearpositiveboost|p2a: Spectrier|p1a: Marshadow|move: Spectral Thief\n|-boost|p1a: Marshadow|spa|3\n|-anim|p1a: Marshadow|Spectral Thief|p2a: Spectrier\n|-supereffective|p2a: Spectrier\n|-crit|p2a: Spectrier\n|-damage|p2a: Spectrier|0 fnt\n|faint|p2a: Spectrier\n|\n|upkeep\n|\n|t:|1700221136\n|switch|p2a: Zacian|Zacian-Crowned|100\/100\n|-damage|p2a: Zacian|94\/100|[from] Stealth Rock\n|-ability|p2a: Zacian|Intrepid Sword|boost\n|-boost|p2a: Zacian|atk|1\n|turn|6\n|\n|t:|1700221144\n|move|p2a: Zacian|Swords Dance|p2a: Zacian\n|-boost|p2a: Zacian|atk|2\n|move|p1a: Marshadow|Spectral Thief||[still]\n|-clearpositiveboost|p2a: Zacian|p1a: Marshadow|move: Spectral Thief\n|-boost|p1a: Marshadow|atk|3\n|-anim|p1a: Marshadow|Spectral Thief|p2a: Zacian\n|-damage|p2a: Zacian|0 fnt\n|faint|p2a: Zacian\n|\n|upkeep\n|c|\u2606JustMonika_CARR|?????\n|-message|Arnoldsice forfeited.\n|\n|win|JustMonika_CARR\n|raw|JustMonika_CARR's rating: 1372 &rarr; <strong>1387<\/strong><br \/>(+15 for winning)\n|raw|Arnoldsice's rating: 1287 &rarr; <strong>1268<\/strong><br \/>(-19 for losing)\n|l|\u2606Arnoldsice\n","uploadtime":1700221164,"views":8,"p1id":"justmonikacarr","p2id":"arnoldsice","formatid":"gen9nationaldexubers","rating":1268,"private":0,"password":""}