{"id":"gen9nationaldexubers-1989635804","p1":"DannLink","p2":"vailorn","format":"[Gen 9] National Dex Ubers","log":"|j|\u2606DannLink\n|j|\u2606vailorn\n|t:|1699881608\n|gametype|singles\n|player|p1|DannLink|ethan|1101\n|player|p2|vailorn|rood|1244\n|teamsize|p1|6\n|teamsize|p2|6\n|gen|9\n|tier|[Gen 9] National Dex Ubers\n|rated|\n|rule|HP Percentage Mod: HP is shown in percentages\n|rule|Endless Battle Clause: Forcing endless battles is banned\n|rule|OHKO Clause: OHKO moves are banned\n|rule|Evasion Moves Clause: Evasion moves are banned\n|rule|Evasion Items Clause: Evasion items are banned\n|rule|Species Clause: Limit one of each Pok\u00e9mon\n|rule|Sleep Clause Mod: Limit one foe put to sleep\n|rule|Mega Rayquaza Clause: You cannot mega evolve Rayquaza\n|clearpoke\n|poke|p1|Pyukumuku, M|\n|poke|p1|Eiscue, M|\n|poke|p1|Slowbro-Galar, M|\n|poke|p1|Incineroar, M|\n|poke|p1|Corviknight, M|\n|poke|p1|Steelix, M|\n|poke|p2|Giratina|\n|poke|p2|Dondozo, M|\n|poke|p2|Chansey, F|\n|poke|p2|Tyranitar, M|\n|poke|p2|Ho-Oh|\n|poke|p2|Mewtwo|\n|teampreview\n|inactive|Battle timer is ON: inactive players will automatically lose when time's up. (requested by DannLink)\n|\n|t:|1699881615\n|start\n|switch|p1a: Pyukumuku|Pyukumuku, M|100\/100\n|switch|p2a: Tyranitar|Tyranitar, M, shiny|100\/100\n|-weather|Sandstorm|[from] ability: Sand Stream|[of] p2a: Tyranitar\n|turn|1\n|\n|t:|1699881636\n|detailschange|p2a: Tyranitar|Tyranitar-Mega, M, shiny\n|-mega|p2a: Tyranitar|Tyranitar|Tyranitarite\n|move|p2a: Tyranitar|Stealth Rock|p1a: Pyukumuku\n|-sidestart|p1: DannLink|move: Stealth Rock\n|move|p1a: Pyukumuku|Soak|p2a: Tyranitar\n|-start|p2a: Tyranitar|typechange|Water\n|\n|-weather|Sandstorm|[upkeep]\n|-damage|p2a: Tyranitar|94\/100|[from] Sandstorm\n|-damage|p1a: Pyukumuku|94\/100|[from] Sandstorm\n|-heal|p1a: Pyukumuku|100\/100|[from] item: Leftovers\n|upkeep\n|turn|2\n|\n|t:|1699881649\n|move|p2a: Tyranitar|Toxic|p1a: Pyukumuku\n|-status|p1a: Pyukumuku|tox\n|move|p1a: Pyukumuku|Toxic|p2a: Tyranitar\n|-status|p2a: Tyranitar|tox\n|\n|-weather|Sandstorm|[upkeep]\n|-damage|p2a: Tyranitar|88\/100 tox|[from] Sandstorm\n|-damage|p1a: Pyukumuku|94\/100 tox|[from] Sandstorm\n|-heal|p1a: Pyukumuku|100\/100 tox|[from] item: Leftovers\n|-damage|p2a: Tyranitar|82\/100 tox|[from] psn\n|-damage|p1a: Pyukumuku|94\/100 tox|[from] psn\n|upkeep\n|turn|3\n|\n|t:|1699881660\n|move|p2a: Tyranitar|Knock Off|p1a: Pyukumuku\n|-damage|p1a: Pyukumuku|73\/100 tox\n|-enditem|p1a: Pyukumuku|Leftovers|[from] move: Knock Off|[of] p2a: Tyranitar\n|move|p1a: Pyukumuku|Block|p2a: Tyranitar\n|-activate|p2a: Tyranitar|trapped\n|\n|-weather|Sandstorm|[upkeep]\n|-damage|p2a: Tyranitar|76\/100 tox|[from] Sandstorm\n|-damage|p1a: Pyukumuku|67\/100 tox|[from] Sandstorm\n|-damage|p2a: Tyranitar|63\/100 tox|[from] psn\n|-damage|p1a: Pyukumuku|55\/100 tox|[from] psn\n|upkeep\n|turn|4\n|\n|t:|1699881672\n|move|p2a: Tyranitar|Rest|p2a: Tyranitar\n|-status|p2a: Tyranitar|slp|[from] move: Rest\n|-heal|p2a: Tyranitar|100\/100 slp|[silent]\n|move|p1a: Pyukumuku|Recover|p1a: Pyukumuku\n|-heal|p1a: Pyukumuku|100\/100 tox\n|\n|-weather|Sandstorm|[upkeep]\n|-damage|p2a: Tyranitar|94\/100 slp|[from] Sandstorm\n|-damage|p1a: Pyukumuku|94\/100 tox|[from] Sandstorm\n|-damage|p1a: Pyukumuku|76\/100 tox|[from] psn\n|upkeep\n|turn|5\n|inactive|vailorn has 120 seconds left.\n|\n|t:|1699881704\n|switch|p1a: Eiscue|Eiscue, M|100\/100\n|-damage|p1a: Eiscue|75\/100|[from] Stealth Rock\n|cant|p2a: Tyranitar|slp\n|\n|-weather|none\n|upkeep\n|turn|6\n|inactive|vailorn has 120 seconds left.\n|\n|t:|1699881723\n|switch|p2a: Mewtwo|Mewtwo, shiny|100\/100\n|-ability|p2a: Mewtwo|Pressure\n|move|p1a: Eiscue|Substitute|p1a: Eiscue\n|-start|p1a: Eiscue|Substitute\n|-damage|p1a: Eiscue|50\/100\n|-enditem|p1a: Eiscue|Sitrus Berry|[eat]\n|-heal|p1a: Eiscue|75\/100|[from] item: Sitrus Berry\n|\n|upkeep\n|turn|7\n|\n|t:|1699881736\n|move|p2a: Mewtwo|Psystrike|p1a: Eiscue\n|-end|p1a: Eiscue|Substitute\n|move|p1a: Eiscue|Belly Drum|p1a: Eiscue\n|-damage|p1a: Eiscue|25\/100\n|-setboost|p1a: Eiscue|atk|6|[from] move: Belly Drum\n|\n|upkeep\n|turn|8\n|inactive|vailorn has 120 seconds left.\n|\n|t:|1699881751\n|switch|p2a: Dondozo|Dondozo, M, shiny|100\/100\n|switch|p1a: Incineroar|Incineroar, M|100\/100\n|-damage|p1a: Incineroar|76\/100|[from] Stealth Rock\n|-ability|p1a: Incineroar|Intimidate|boost\n|-unboost|p2a: Dondozo|atk|1\n|\n|upkeep\n|turn|9\n|\n|t:|1699881775\n|move|p1a: Incineroar|Bulk Up|p1a: Incineroar\n|-boost|p1a: Incineroar|atk|1\n|-boost|p1a: Incineroar|def|1\n|move|p2a: Dondozo|Liquidation|p1a: Incineroar\n|-supereffective|p1a: Incineroar\n|-damage|p1a: Incineroar|33\/100\n|-unboost|p1a: Incineroar|def|1\n|-enditem|p1a: Incineroar|Weakness Policy\n|-boost|p1a: Incineroar|atk|2|[from] item: Weakness Policy\n|-boost|p1a: Incineroar|spa|2|[from] item: Weakness Policy\n|\n|upkeep\n|turn|10\n|inactive|vailorn has 120 seconds left.\n|\n|t:|1699881795\n|move|p1a: Incineroar|Power Trip|p2a: Dondozo\n|-damage|p2a: Dondozo|76\/100\n|move|p2a: Dondozo|Liquidation|p1a: Incineroar\n|-supereffective|p1a: Incineroar\n|-damage|p1a: Incineroar|0 fnt\n|faint|p1a: Incineroar\n|\n|-heal|p2a: Dondozo|82\/100|[from] item: Leftovers\n|upkeep\n|inactive|DannLink has 120 seconds left.\n|\n|t:|1699881812\n|switch|p1a: Pyukumuku|Pyukumuku, M|76\/100 tox\n|-damage|p1a: Pyukumuku|64\/100 tox|[from] Stealth Rock\n|turn|11\n|inactive|DannLink has 120 seconds left.\n|inactive|vailorn has 120 seconds left.\n|\n|t:|1699881829\n|switch|p2a: Tyranitar|Tyranitar-Mega, M, shiny|94\/100 slp\n|-weather|Sandstorm|[from] ability: Sand Stream|[of] p2a: Tyranitar\n|move|p1a: Pyukumuku|Toxic||[still]\n|-fail|p1a: Pyukumuku\n|\n|-weather|Sandstorm|[upkeep]\n|-damage|p1a: Pyukumuku|58\/100 tox|[from] Sandstorm\n|-damage|p1a: Pyukumuku|52\/100 tox|[from] psn\n|upkeep\n|turn|12\n|inactive|DannLink has 120 seconds left.\n|-message|DannLink forfeited.\n|\n|win|vailorn\n|raw|DannLink's rating: 1101 &rarr; <strong>1086<\/strong><br \/>(-15 for losing)\n|raw|vailorn's rating: 1244 &rarr; <strong>1259<\/strong><br \/>(+15 for winning)\n|l|\u2606DannLink\n","uploadtime":1699881856,"views":17,"p1id":"dannlink","p2id":"vailorn","formatid":"gen9nationaldexubers","rating":1086,"private":0,"password":""}