{"id":"gen9nationaldexubers-1986229865","p1":"JustMonika_CARR","p2":"itay7689","format":"[Gen 9] National Dex Ubers","log":"|j|\u2606JustMonika_CARR\n|j|\u2606itay7689\n|t:|1699461712\n|gametype|singles\n|player|p1|JustMonika_CARR|101|1435\n|player|p2|itay7689|cynthia-gen4|1297\n|teamsize|p1|6\n|teamsize|p2|6\n|gen|9\n|tier|[Gen 9] National Dex Ubers\n|rated|\n|rule|HP Percentage Mod: HP is shown in percentages\n|rule|Endless Battle Clause: Forcing endless battles is banned\n|rule|OHKO Clause: OHKO moves are banned\n|rule|Evasion Moves Clause: Evasion moves are banned\n|rule|Evasion Items Clause: Evasion items are banned\n|rule|Species Clause: Limit one of each Pok\u00e9mon\n|rule|Sleep Clause Mod: Limit one foe put to sleep\n|rule|Mega Rayquaza Clause: You cannot mega evolve Rayquaza\n|clearpoke\n|poke|p1|Marshadow|\n|poke|p1|Lopunny, F|\n|poke|p1|Dialga|\n|poke|p1|Forretress, F|\n|poke|p1|Pheromosa|\n|poke|p1|Grimmsnarl, M|\n|poke|p2|Basculegion, M|\n|poke|p2|Pelipper, M|\n|poke|p2|Ceruledge, F|\n|poke|p2|Corviknight, F|\n|poke|p2|Darmanitan-Galar, F|\n|poke|p2|Naganadel|\n|teampreview\n|inactive|Battle timer is ON: inactive players will automatically lose when time's up. (requested by itay7689)\n|\n|t:|1699461723\n|start\n|switch|p1a: Forretress|Forretress, F, shiny|100\/100\n|switch|p2a: Ceruledge|Ceruledge, F|100\/100\n|turn|1\n|\n|t:|1699461740\n|-terastallize|p1a: Forretress|Fire\n|move|p2a: Ceruledge|Swords Dance|p2a: Ceruledge\n|-boost|p2a: Ceruledge|atk|2\n|move|p1a: Forretress|Toxic Spikes|p2a: Ceruledge\n|-sidestart|p2: itay7689|move: Toxic Spikes\n|\n|upkeep\n|turn|2\n|\n|t:|1699461749\n|move|p2a: Ceruledge|Shadow Claw|p1a: Forretress\n|-damage|p1a: Forretress|61\/100\n|-enditem|p1a: Forretress|Red Card|[of] p2a: Ceruledge\n|drag|p2a: Pelipper|Pelipper, M|100\/100\n|-weather|RainDance|[from] ability: Drizzle|[of] p2a: Pelipper\n|move|p1a: Forretress|Stealth Rock|p2a: Pelipper\n|-sidestart|p2: itay7689|move: Stealth Rock\n|\n|-weather|RainDance|[upkeep]\n|upkeep\n|turn|3\n|\n|t:|1699461759\n|move|p2a: Pelipper|Weather Ball|p1a: Forretress\n|-supereffective|p1a: Forretress\n|-damage|p1a: Forretress|0 fnt\n|faint|p1a: Forretress\n|\n|-weather|RainDance|[upkeep]\n|upkeep\n|\n|t:|1699461771\n|switch|p1a: Grimmsnarl|Grimmsnarl, M, shiny|100\/100\n|turn|4\n|\n|t:|1699461775\n|move|p1a: Grimmsnarl|Taunt|p2a: Pelipper\n|-start|p2a: Pelipper|move: Taunt\n|move|p2a: Pelipper|Hurricane|p1a: Grimmsnarl\n|-crit|p1a: Grimmsnarl\n|-damage|p1a: Grimmsnarl|48\/100\n|\n|-weather|RainDance|[upkeep]\n|upkeep\n|turn|5\n|\n|t:|1699461788\n|move|p2a: Pelipper|Hurricane|p1a: Grimmsnarl\n|-damage|p1a: Grimmsnarl|12\/100\n|move|p1a: Grimmsnarl|Spirit Break|p2a: Pelipper\n|-damage|p2a: Pelipper|68\/100\n|-unboost|p2a: Pelipper|spa|1\n|\n|-weather|RainDance|[upkeep]\n|upkeep\n|turn|6\n|\n|t:|1699461798\n|move|p1a: Grimmsnarl|Light Screen|p1a: Grimmsnarl\n|-sidestart|p1: JustMonika_CARR|move: Light Screen\n|move|p2a: Pelipper|U-turn|p1a: Grimmsnarl\n|-damage|p1a: Grimmsnarl|3\/100\n|\n|t:|1699461809\n|switch|p2a: Sagoli|Naganadel|100\/100|[from] U-turn\n|-sideend|p2: itay7689|move: Toxic Spikes|[of] p2a: Sagoli\n|-damage|p2a: Sagoli|88\/100|[from] Stealth Rock\n|\n|-weather|RainDance|[upkeep]\n|upkeep\n|turn|7\n|\n|t:|1699461816\n|move|p1a: Grimmsnarl|Taunt|p2a: Sagoli\n|-start|p2a: Sagoli|move: Taunt\n|move|p2a: Sagoli|Sludge Wave|p1a: Grimmsnarl\n|-supereffective|p1a: Grimmsnarl\n|-damage|p1a: Grimmsnarl|0 fnt\n|faint|p1a: Grimmsnarl\n|-ability|p2a: Sagoli|Beast Boost|boost\n|-boost|p2a: Sagoli|spa|1\n|\n|-weather|RainDance|[upkeep]\n|upkeep\n|\n|t:|1699461828\n|switch|p1a: Pheromosa|Pheromosa, shiny|100\/100\n|turn|8\n|\n|t:|1699461832\n|move|p2a: Sagoli|Sludge Wave|p1a: Pheromosa\n|-enditem|p1a: Pheromosa|Focus Sash\n|-damage|p1a: Pheromosa|1\/100\n|move|p1a: Pheromosa|Ice Beam|p2a: Sagoli\n|-supereffective|p2a: Sagoli\n|-damage|p2a: Sagoli|0 fnt\n|faint|p2a: Sagoli\n|-ability|p1a: Pheromosa|Beast Boost|boost\n|-boost|p1a: Pheromosa|spa|1\n|\n|-weather|RainDance|[upkeep]\n|upkeep\n|\n|t:|1699461839\n|switch|p2a: Basculegion|Basculegion, M|100\/100\n|-damage|p2a: Basculegion|88\/100|[from] Stealth Rock\n|turn|9\n|\n|t:|1699461850\n|switch|p1a: Lopunny|Lopunny, F, shiny|100\/100\n|move|p2a: Basculegion|Aqua Jet|p1a: Lopunny\n|-damage|p1a: Lopunny|35\/100\n|\n|-weather|none\n|upkeep\n|turn|10\n|\n|t:|1699461859\n|detailschange|p1a: Lopunny|Lopunny-Mega, F, shiny\n|-mega|p1a: Lopunny|Lopunny|Lopunnite\n|move|p1a: Lopunny|Fake Out|p2a: Basculegion\n|-damage|p2a: Basculegion|63\/100\n|cant|p2a: Basculegion|flinch\n|\n|upkeep\n|turn|11\n|\n|t:|1699461868\n|move|p2a: Basculegion|Aqua Jet|p1a: Lopunny\n|-damage|p1a: Lopunny|0 fnt\n|faint|p1a: Lopunny\n|\n|upkeep\n|\n|t:|1699461874\n|switch|p1a: Dialga|Dialga, shiny|100\/100\n|-ability|p1a: Dialga|Pressure\n|turn|12\n|\n|t:|1699461881\n|switch|p2a: Corviknight|Corviknight, F|100\/100\n|-damage|p2a: Corviknight|88\/100|[from] Stealth Rock\n|move|p1a: Dialga|Draco Meteor|p2a: Corviknight\n|-resisted|p2a: Corviknight\n|-damage|p2a: Corviknight|49\/100\n|-unboost|p1a: Dialga|spa|2\n|\n|-heal|p2a: Corviknight|55\/100|[from] item: Leftovers\n|upkeep\n|turn|13\n|\n|t:|1699461894\n|switch|p1a: Pheromosa|Pheromosa, shiny|1\/100\n|move|p2a: Corviknight|Roost|p2a: Corviknight\n|-heal|p2a: Corviknight|100\/100\n|-singleturn|p2a: Corviknight|move: Roost\n|\n|-sideend|p1: JustMonika_CARR|move: Light Screen\n|upkeep\n|turn|14\n|\n|t:|1699461911\n|move|p1a: Pheromosa|Ice Beam|p2a: Corviknight\n|-damage|p2a: Corviknight|66\/100\n|move|p2a: Corviknight|Body Press|p1a: Pheromosa\n|-resisted|p1a: Pheromosa\n|-damage|p1a: Pheromosa|0 fnt\n|faint|p1a: Pheromosa\n|\n|-heal|p2a: Corviknight|73\/100|[from] item: Leftovers\n|upkeep\n|\n|t:|1699461922\n|switch|p1a: Dialga|Dialga, shiny|100\/100\n|-ability|p1a: Dialga|Pressure\n|turn|15\n|\n|t:|1699461927\n|move|p1a: Dialga|Overheat|p2a: Corviknight\n|-supereffective|p2a: Corviknight\n|-crit|p2a: Corviknight\n|-damage|p2a: Corviknight|0 fnt\n|-unboost|p1a: Dialga|spa|2\n|faint|p2a: Corviknight\n|\n|upkeep\n|\n|t:|1699461931\n|switch|p2a: Darmanitan|Darmanitan-Galar, F|100\/100\n|-damage|p2a: Darmanitan|75\/100|[from] Stealth Rock\n|turn|16\n|\n|t:|1699461941\n|move|p2a: Darmanitan|Earthquake|p1a: Dialga\n|-supereffective|p1a: Dialga\n|-damage|p1a: Dialga|0 fnt\n|faint|p1a: Dialga\n|\n|upkeep\n|\n|t:|1699461947\n|switch|p1a: Marshadow|Marshadow|100\/100\n|turn|17\n|\n|t:|1699461952\n|move|p2a: Darmanitan|Earthquake|p1a: Marshadow\n|-damage|p1a: Marshadow|18\/100\n|move|p1a: Marshadow|Drain Punch|p2a: Darmanitan\n|-supereffective|p2a: Darmanitan\n|-damage|p2a: Darmanitan|0 fnt\n|-heal|p1a: Marshadow|59\/100|[from] drain|[of] p2a: Darmanitan\n|faint|p2a: Darmanitan\n|\n|upkeep\n|\n|t:|1699461960\n|switch|p2a: Ceruledge|Ceruledge, F|100\/100\n|-damage|p2a: Ceruledge|76\/100|[from] Stealth Rock\n|turn|18\n|\n|t:|1699461966\n|move|p1a: Marshadow|Spectral Thief|p2a: Ceruledge\n|-supereffective|p2a: Ceruledge\n|-damage|p2a: Ceruledge|0 fnt\n|faint|p2a: Ceruledge\n|\n|upkeep\n|\n|t:|1699461972\n|switch|p2a: Pelipper|Pelipper, M|68\/100\n|-damage|p2a: Pelipper|43\/100|[from] Stealth Rock\n|-weather|RainDance|[from] ability: Drizzle|[of] p2a: Pelipper\n|turn|19\n|\n|t:|1699461984\n|move|p1a: Marshadow|Spectral Thief|p2a: Pelipper\n|-damage|p2a: Pelipper|0 fnt\n|faint|p2a: Pelipper\n|\n|-weather|RainDance|[upkeep]\n|upkeep\n|\n|t:|1699461987\n|switch|p2a: Basculegion|Basculegion, M|63\/100\n|-damage|p2a: Basculegion|50\/100|[from] Stealth Rock\n|turn|20\n|\n|t:|1699461996\n|move|p2a: Basculegion|Aqua Jet|p1a: Marshadow\n|-damage|p1a: Marshadow|2\/100\n|move|p1a: Marshadow|Shadow Sneak|p2a: Basculegion\n|-supereffective|p2a: Basculegion\n|-damage|p2a: Basculegion|0 fnt\n|faint|p2a: Basculegion\n|\n|win|JustMonika_CARR\n|raw|JustMonika_CARR's rating: 1435 &rarr; <strong>1447<\/strong><br \/>(+12 for winning)\n|raw|itay7689's rating: 1297 &rarr; <strong>1281<\/strong><br \/>(-16 for losing)\n","uploadtime":1699462006,"views":5,"p1id":"justmonikacarr","p2id":"itay7689","formatid":"gen9nationaldexubers","rating":1281,"private":0,"password":""}