{"id":"gen9nationaldexubers-1984612398","p1":"Incredible Gassy","p2":"xinnobu","format":"[Gen 9] National Dex Ubers","log":"|j|\u2606Incredible Gassy\n|j|\u2606xinnobu\n|t:|1699284585\n|gametype|singles\n|player|p1|Incredible Gassy|kieran|1719\n|player|p2|xinnobu|elesa-gen5bw2|1636\n|teamsize|p1|6\n|teamsize|p2|6\n|gen|9\n|tier|[Gen 9] National Dex Ubers\n|rated|\n|rule|HP Percentage Mod: HP is shown in percentages\n|rule|Endless Battle Clause: Forcing endless battles is banned\n|rule|OHKO Clause: OHKO moves are banned\n|rule|Evasion Moves Clause: Evasion moves are banned\n|rule|Evasion Items Clause: Evasion items are banned\n|rule|Species Clause: Limit one of each Pok\u00e9mon\n|rule|Sleep Clause Mod: Limit one foe put to sleep\n|rule|Mega Rayquaza Clause: You cannot mega evolve Rayquaza\n|clearpoke\n|poke|p1|Rayquaza|\n|poke|p1|Hatterene, F|\n|poke|p1|Melmetal|\n|poke|p1|Kyogre|\n|poke|p1|Calyrex-Ice|\n|poke|p1|Arceus|\n|poke|p2|Glimmora, F|\n|poke|p2|Xerneas-*|\n|poke|p2|Groudon|\n|poke|p2|Yveltal|\n|poke|p2|Kyogre|\n|poke|p2|Zacian-*|\n|teampreview\n|inactive|Battle timer is ON: inactive players will automatically lose when time's up. (requested by Incredible Gassy)\n|\n|t:|1699284594\n|start\n|switch|p1a: Drumstick|Hatterene, F|100\/100\n|switch|p2a: Glimmora|Glimmora, F|100\/100\n|turn|1\n|\n|t:|1699284598\n|move|p2a: Glimmora|Stealth Rock|p1a: Drumstick\n|move|p1a: Drumstick|Stealth Rock|p2a: Glimmora|[from]ability: Magic Bounce\n|-sidestart|p2: xinnobu|move: Stealth Rock\n|move|p1a: Drumstick|Psychic|p2a: Glimmora\n|-supereffective|p2a: Glimmora\n|-enditem|p2a: Glimmora|Focus Sash\n|-damage|p2a: Glimmora|1\/100\n|\n|upkeep\n|turn|2\n|\n|t:|1699284607\n|move|p2a: Glimmora|Earth Power|p1a: Drumstick\n|-damage|p1a: Drumstick|70\/100\n|move|p1a: Drumstick|Trick Room|p1a: Drumstick\n|-fieldstart|move: Trick Room|[of] p1a: Drumstick\n|\n|upkeep\n|turn|3\n|\n|t:|1699284614\n|move|p1a: Drumstick|Misty Explosion|p2a: Glimmora\n|-resisted|p2a: Glimmora\n|-damage|p2a: Glimmora|0 fnt\n|faint|p1a: Drumstick\n|faint|p2a: Glimmora\n|\n|upkeep\n|\n|t:|1699284621\n|switch|p1a: Freezie|Calyrex-Ice|100\/100\n|switch|p2a: Groudon|Groudon|100\/100\n|-ability|p1a: Freezie|As One\n|-ability|p1a: Freezie|Unnerve\n|-damage|p2a: Groudon|94\/100|[from] Stealth Rock\n|detailschange|p2a: Groudon|Groudon-Primal\n|-primal|p2a: Groudon|Red Orb\n|-weather|DesolateLand|[from] ability: Desolate Land|[of] p2a: Groudon\n|turn|4\n|\n|t:|1699284631\n|-zpower|p1a: Freezie\n|move|p1a: Freezie|Tectonic Rage|p2a: Groudon|[zeffect]\n|-supereffective|p2a: Groudon\n|-damage|p2a: Groudon|12\/100\n|move|p2a: Groudon|Heat Crash|p1a: Freezie\n|-supereffective|p1a: Freezie\n|-damage|p1a: Freezie|51\/100\n|\n|-weather|DesolateLand|[upkeep]\n|upkeep\n|turn|5\n|\n|t:|1699284639\n|move|p1a: Freezie|High Horsepower|p2a: Groudon\n|-supereffective|p2a: Groudon\n|-damage|p2a: Groudon|0 fnt\n|faint|p2a: Groudon\n|-weather|none\n|-ability|p1a: Freezie|Chilling Neigh|boost\n|-boost|p1a: Freezie|atk|1\n|\n|upkeep\n|\n|t:|1699284647\n|switch|p2a: Yveltal|Yveltal|100\/100\n|-damage|p2a: Yveltal|76\/100|[from] Stealth Rock\n|-ability|p2a: Yveltal|Dark Aura\n|turn|6\n|\n|t:|1699284652\n|move|p2a: Yveltal|Sucker Punch|p1a: Freezie\n|-supereffective|p1a: Freezie\n|-damage|p1a: Freezie|0 fnt\n|faint|p1a: Freezie\n|-damage|p2a: Yveltal|66\/100|[from] item: Life Orb\n|\n|-fieldend|move: Trick Room\n|upkeep\n|\n|t:|1699284657\n|switch|p1a: The Biggest One|Arceus|100\/100\n|turn|7\n|\n|t:|1699284660\n|move|p1a: The Biggest One|Extreme Speed|p2a: Yveltal\n|-damage|p2a: Yveltal|27\/100\n|move|p2a: Yveltal|Oblivion Wing|p1a: The Biggest One\n|-damage|p1a: The Biggest One|65\/100\n|-heal|p2a: Yveltal|57\/100|[from] drain|[of] p1a: The Biggest One\n|-damage|p2a: Yveltal|48\/100|[from] item: Life Orb\n|\n|upkeep\n|turn|8\n|\n|t:|1699284668\n|move|p1a: The Biggest One|Extreme Speed|p2a: Yveltal\n|-damage|p2a: Yveltal|7\/100\n|move|p2a: Yveltal|Oblivion Wing|p1a: The Biggest One\n|-damage|p1a: The Biggest One|30\/100\n|-heal|p2a: Yveltal|37\/100|[from] drain|[of] p1a: The Biggest One\n|-damage|p2a: Yveltal|27\/100|[from] item: Life Orb\n|\n|upkeep\n|turn|9\n|\n|t:|1699284678\n|move|p1a: The Biggest One|Extreme Speed|p2a: Yveltal\n|-damage|p2a: Yveltal|0 fnt\n|faint|p2a: Yveltal\n|\n|upkeep\n|\n|t:|1699284682\n|switch|p2a: Zacian|Zacian-Crowned|100\/100\n|-damage|p2a: Zacian|94\/100|[from] Stealth Rock\n|-ability|p2a: Zacian|Intrepid Sword|boost\n|-boost|p2a: Zacian|atk|1\n|turn|10\n|\n|t:|1699284686\n|-terastallize|p1a: The Biggest One|Steel\n|move|p2a: Zacian|Behemoth Blade|p1a: The Biggest One\n|-resisted|p1a: The Biggest One\n|-damage|p1a: The Biggest One|1\/100\n|move|p1a: The Biggest One|Trick Room|p1a: The Biggest One\n|-fieldstart|move: Trick Room|[of] p1a: The Biggest One\n|\n|upkeep\n|turn|11\n|\n|t:|1699284696\n|move|p1a: The Biggest One|Healing Wish|p1a: The Biggest One\n|faint|p1a: The Biggest One\n|move|p2a: Zacian|Behemoth Blade|p1: The Biggest One|[notarget]\n|-fail|p2a: Zacian\n|\n|upkeep\n|\n|t:|1699284705\n|switch|p1a: Big Blue|Kyogre|100\/100\n|detailschange|p1a: Big Blue|Kyogre-Primal\n|-primal|p1a: Big Blue|Blue Orb\n|-weather|PrimordialSea|[from] ability: Primordial Sea|[of] p1a: Big Blue\n|turn|12\n|\n|t:|1699284715\n|move|p1a: Big Blue|Origin Pulse|p2a: Zacian|[miss]\n|-miss|p1a: Big Blue|p2a: Zacian\n|move|p2a: Zacian|Wild Charge|p1a: Big Blue\n|-supereffective|p1a: Big Blue\n|-damage|p1a: Big Blue|12\/100\n|-damage|p2a: Zacian|67\/100|[from] Recoil\n|\n|-weather|PrimordialSea|[upkeep]\n|upkeep\n|turn|13\n|\n|t:|1699284722\n|move|p1a: Big Blue|Origin Pulse|p2a: Zacian|[miss]\n|-miss|p1a: Big Blue|p2a: Zacian\n|move|p2a: Zacian|Wild Charge|p1a: Big Blue\n|-supereffective|p1a: Big Blue\n|-damage|p1a: Big Blue|0 fnt\n|faint|p1a: Big Blue\n|-weather|none\n|-damage|p2a: Zacian|63\/100|[from] Recoil\n|\n|upkeep\n|\n|t:|1699284725\n|switch|p1a: Emerald|Rayquaza|100\/100\n|-ability|p1a: Emerald|Air Lock\n|turn|14\n|\n|t:|1699284734\n|move|p1a: Emerald|V-create|p2a: Zacian\n|-supereffective|p2a: Zacian\n|-damage|p2a: Zacian|0 fnt\n|-unboost|p1a: Emerald|spe|1\n|-unboost|p1a: Emerald|def|1\n|-unboost|p1a: Emerald|spd|1\n|faint|p2a: Zacian\n|-damage|p1a: Emerald|91\/100|[from] item: Life Orb\n|\n|-fieldend|move: Trick Room\n|upkeep\n|\n|t:|1699284745\n|switch|p2a: Kyogre|Kyogre|100\/100\n|-damage|p2a: Kyogre|88\/100|[from] Stealth Rock\n|detailschange|p2a: Kyogre|Kyogre-Primal\n|-primal|p2a: Kyogre|Blue Orb\n|-weather|PrimordialSea|[from] ability: Primordial Sea|[of] p2a: Kyogre\n|turn|15\n|\n|t:|1699284753\n|move|p1a: Emerald|Extreme Speed|p2a: Kyogre\n|-damage|p2a: Kyogre|39\/100\n|-damage|p1a: Emerald|81\/100|[from] item: Life Orb\n|move|p2a: Kyogre|Ice Beam|p1a: Emerald\n|-supereffective|p1a: Emerald\n|-damage|p1a: Emerald|0 fnt\n|faint|p1a: Emerald\n|\n|-weather|PrimordialSea|[upkeep]\n|upkeep\n|\n|t:|1699284754\n|switch|p1a: Femme Metale|Melmetal, shiny|100\/100\n|turn|16\n|\n|t:|1699284762\n|move|p2a: Kyogre|Origin Pulse|p1a: Femme Metale\n|-damage|p1a: Femme Metale|0 fnt\n|faint|p1a: Femme Metale\n|\n|win|xinnobu\n|raw|Incredible Gassy's rating: 1719 &rarr; <strong>1694<\/strong><br \/>(-25 for losing)\n|raw|xinnobu's rating: 1636 &rarr; <strong>1661<\/strong><br \/>(+25 for winning)\n|l|\u2606Incredible Gassy\n|l|\u2606xinnobu\n","uploadtime":1699284803,"views":7,"p1id":"incrediblegassy","p2id":"xinnobu","formatid":"gen9nationaldexubers","rating":1661,"private":0,"password":""}