{"id":"gen9nationaldexubers-1981090028","p1":"V-Creating Victory","p2":"plasma13","format":"[Gen 9] National Dex Ubers","log":"|j|\u2606V-Creating Victory\n|j|\u2606plasma13\n|t:|1698862749\n|gametype|singles\n|player|p1|V-Creating Victory|265|\n|player|p2|plasma13|266|\n|teamsize|p1|6\n|teamsize|p2|6\n|gen|9\n|tier|[Gen 9] National Dex Ubers\n|rule|HP Percentage Mod: HP is shown in percentages\n|rule|Endless Battle Clause: Forcing endless battles is banned\n|rule|OHKO Clause: OHKO moves are banned\n|rule|Evasion Moves Clause: Evasion moves are banned\n|rule|Evasion Items Clause: Evasion items are banned\n|rule|Species Clause: Limit one of each Pok\u00e9mon\n|rule|Sleep Clause Mod: Limit one foe put to sleep\n|rule|Mega Rayquaza Clause: You cannot mega evolve Rayquaza\n|clearpoke\n|poke|p1|Calyrex-Ice|\n|poke|p1|Skarmory, F|\n|poke|p1|Absol, M|\n|poke|p1|Corsola-Galar, M|\n|poke|p1|Kommo-o, M|\n|poke|p1|Thundurus-Therian, M|\n|poke|p2|Cutiefly, M|\n|poke|p2|Maushold-Four|\n|poke|p2|Serperior, M|\n|poke|p2|Dracovish|\n|poke|p2|Pelipper, M|\n|poke|p2|Weavile, F|\n|teampreview\n|c|\u2606V-Creating Victory|Good luck and have fun\n|\n|t:|1698862777\n|start\n|switch|p1a: Absol|Absol, M|100\/100\n|switch|p2a: Weavile|Weavile, F|100\/100\n|turn|1\n|\n|t:|1698862808\n|detailschange|p1a: Absol|Absol-Mega, M\n|-mega|p1a: Absol|Absol|Absolite\n|move|p1a: Absol|Protect|p1a: Absol\n|-singleturn|p1a: Absol|Protect\n|move|p2a: Weavile|Triple Axel|p1a: Absol\n|-activate|p1a: Absol|move: Protect\n|\n|upkeep\n|turn|2\n|\n|t:|1698862825\n|switch|p1a: Skarmory|Skarmory, F|100\/100\n|move|p2a: Weavile|Triple Axel|p1a: Skarmory\n|-damage|p1a: Skarmory|95\/100\n|-damage|p2a: Weavile|84\/100|[from] item: Rocky Helmet|[of] p1a: Skarmory\n|-damage|p1a: Skarmory|83\/100\n|-damage|p2a: Weavile|68\/100|[from] item: Rocky Helmet|[of] p1a: Skarmory\n|-damage|p1a: Skarmory|64\/100\n|-damage|p2a: Weavile|51\/100|[from] item: Rocky Helmet|[of] p1a: Skarmory\n|-hitcount|p1a: Skarmory|3\n|\n|upkeep\n|turn|3\n|\n|t:|1698862849\n|switch|p2a: Pelipper|Pelipper, M|100\/100\n|-weather|RainDance|[from] ability: Drizzle|[of] p2a: Pelipper\n|move|p1a: Skarmory|Roost|p1a: Skarmory\n|-heal|p1a: Skarmory|100\/100\n|-singleturn|p1a: Skarmory|move: Roost\n|\n|-weather|RainDance|[upkeep]\n|upkeep\n|turn|4\n|\n|t:|1698862862\n|move|p2a: Pelipper|Hurricane|p1a: Skarmory\n|-resisted|p1a: Skarmory\n|-crit|p1a: Skarmory\n|-damage|p1a: Skarmory|67\/100\n|move|p1a: Skarmory|Whirlwind|p2a: Pelipper\n|drag|p2a: Weavile|Weavile, F|51\/100\n|\n|-weather|RainDance|[upkeep]\n|upkeep\n|turn|5\n|\n|t:|1698862907\n|switch|p2a: Dracovish|Dracovish|100\/100\n|move|p1a: Skarmory|Roost|p1a: Skarmory\n|-heal|p1a: Skarmory|100\/100\n|-singleturn|p1a: Skarmory|move: Roost\n|\n|-weather|RainDance|[upkeep]\n|upkeep\n|turn|6\n|\n|t:|1698862916\n|move|p2a: Dracovish|Fishious Rend|p1a: Skarmory\n|-crit|p1a: Skarmory\n|-ability|p1a: Skarmory|Sturdy\n|-damage|p1a: Skarmory|1\/100\n|-damage|p2a: Dracovish|84\/100|[from] item: Rocky Helmet|[of] p1a: Skarmory\n|move|p1a: Skarmory|Stealth Rock|p2a: Dracovish\n|-sidestart|p2: plasma13|move: Stealth Rock\n|\n|-weather|RainDance|[upkeep]\n|upkeep\n|turn|7\n|\n|t:|1698862933\n|move|p2a: Dracovish|Fishious Rend|p1a: Skarmory\n|-damage|p1a: Skarmory|0 fnt\n|-damage|p2a: Dracovish|67\/100|[from] item: Rocky Helmet|[of] p1a: Skarmory\n|faint|p1a: Skarmory\n|\n|-weather|RainDance|[upkeep]\n|upkeep\n|\n|t:|1698862937\n|switch|p1a: Corsola|Corsola-Galar, M|100\/100\n|turn|8\n|\n|t:|1698862974\n|move|p2a: Dracovish|Fishious Rend|p1a: Corsola\n|-crit|p1a: Corsola\n|-damage|p1a: Corsola|0 fnt\n|-start|p2a: Dracovish|Disable|Fishious Rend|[from] ability: Cursed Body|[of] p1a: Corsola\n|faint|p1a: Corsola\n|\n|-weather|RainDance|[upkeep]\n|upkeep\n|\n|t:|1698862982\n|switch|p1a: Kommo-o|Kommo-o, M|100\/100\n|turn|9\n|\n|t:|1698863021\n|switch|p2a: Maushold|Maushold-Four|100\/100\n|-damage|p2a: Maushold|88\/100|[from] Stealth Rock\n|move|p1a: Kommo-o|Clangorous Soul|p1a: Kommo-o\n|-boost|p1a: Kommo-o|atk|1\n|-boost|p1a: Kommo-o|def|1\n|-boost|p1a: Kommo-o|spa|1\n|-boost|p1a: Kommo-o|spd|1\n|-boost|p1a: Kommo-o|spe|1\n|-damage|p1a: Kommo-o|68\/100\n|\n|-weather|RainDance|[upkeep]\n|upkeep\n|turn|10\n|\n|t:|1698863070\n|move|p1a: Kommo-o|Close Combat|p2a: Maushold\n|-supereffective|p2a: Maushold\n|-damage|p2a: Maushold|0 fnt\n|-unboost|p1a: Kommo-o|def|1\n|-unboost|p1a: Kommo-o|spd|1\n|faint|p2a: Maushold\n|\n|-weather|none\n|upkeep\n|\n|t:|1698863101\n|switch|p2a: Pelipper|Pelipper, M|100\/100\n|-damage|p2a: Pelipper|75\/100|[from] Stealth Rock\n|-weather|RainDance|[from] ability: Drizzle|[of] p2a: Pelipper\n|turn|11\n|\n|t:|1698863107\n|move|p1a: Kommo-o|Clanging Scales|p2a: Pelipper\n|-damage|p2a: Pelipper|0 fnt\n|faint|p2a: Pelipper\n|-unboost|p1a: Kommo-o|def|1\n|\n|-weather|RainDance|[upkeep]\n|upkeep\n|\n|t:|1698863117\n|switch|p2a: Weavile|Weavile, F|51\/100\n|-damage|p2a: Weavile|26\/100|[from] Stealth Rock\n|turn|12\n|\n|t:|1698863125\n|-terastallize|p2a: Weavile|Ice\n|move|p2a: Weavile|Ice Shard|p1a: Kommo-o\n|-supereffective|p1a: Kommo-o\n|-damage|p1a: Kommo-o|0 fnt\n|faint|p1a: Kommo-o\n|\n|-weather|RainDance|[upkeep]\n|upkeep\n|\n|t:|1698863129\n|switch|p1a: Calyrex|Calyrex-Ice|100\/100\n|-ability|p1a: Calyrex|As One\n|-ability|p1a: Calyrex|Unnerve\n|turn|13\n|\n|t:|1698863141\n|move|p2a: Weavile|Knock Off|p1a: Calyrex\n|-supereffective|p1a: Calyrex\n|-damage|p1a: Calyrex|42\/100\n|-enditem|p1a: Calyrex|Weakness Policy\n|-boost|p1a: Calyrex|atk|2|[from] item: Weakness Policy\n|-boost|p1a: Calyrex|spa|2|[from] item: Weakness Policy\n|move|p1a: Calyrex|Trick Room|p1a: Calyrex\n|-fieldstart|move: Trick Room|[of] p1a: Calyrex\n|\n|-weather|RainDance|[upkeep]\n|upkeep\n|turn|14\n|\n|t:|1698863181\n|switch|p2a: Cutiefly|Cutiefly, M|100\/100\n|-damage|p2a: Cutiefly|76\/100|[from] Stealth Rock\n|move|p1a: Calyrex|Glacial Lance|p2a: Cutiefly\n|-damage|p2a: Cutiefly|0 fnt\n|faint|p2a: Cutiefly\n|-ability|p1a: Calyrex|Chilling Neigh|boost\n|-boost|p1a: Calyrex|atk|1\n|\n|-weather|RainDance|[upkeep]\n|upkeep\n|\n|t:|1698863227\n|switch|p2a: Weavile|Weavile, F, tera:Ice|26\/100\n|-damage|p2a: Weavile|2\/100|[from] Stealth Rock\n|turn|15\n|\n|t:|1698863232\n|move|p2a: Weavile|Ice Shard|p1a: Calyrex\n|-resisted|p1a: Calyrex\n|-damage|p1a: Calyrex|34\/100\n|move|p1a: Calyrex|Glacial Lance|p2a: Weavile\n|-resisted|p2a: Weavile\n|-damage|p2a: Weavile|0 fnt\n|faint|p2a: Weavile\n|-ability|p1a: Calyrex|Chilling Neigh|boost\n|-boost|p1a: Calyrex|atk|1\n|\n|-weather|RainDance|[upkeep]\n|upkeep\n|\n|t:|1698863243\n|switch|p2a: Dracovish|Dracovish|67\/100\n|-damage|p2a: Dracovish|55\/100|[from] Stealth Rock\n|turn|16\n|\n|t:|1698863253\n|move|p1a: Calyrex|Outrage|p2a: Dracovish\n|-supereffective|p2a: Dracovish\n|-damage|p2a: Dracovish|0 fnt\n|faint|p2a: Dracovish\n|-ability|p1a: Calyrex|Chilling Neigh|boost\n|-boost|p1a: Calyrex|atk|1\n|\n|-weather|RainDance|[upkeep]\n|upkeep\n|\n|t:|1698863263\n|switch|p2a: Serperior|Serperior, M|100\/100\n|-damage|p2a: Serperior|88\/100|[from] Stealth Rock\n|turn|17\n|\n|t:|1698863278\n|move|p1a: Calyrex|Outrage|p2a: Serperior|[from]lockedmove\n|-damage|p2a: Serperior|0 fnt\n|faint|p2a: Serperior\n|-start|p1a: Calyrex|confusion|[fatigue]\n|\n|win|V-Creating Victory\n|l|\u2606plasma13\n","uploadtime":1698863291,"views":5,"p1id":"vcreatingvictory","p2id":"plasma13","formatid":"gen9nationaldexubers","rating":0,"private":0,"password":""}