{"id":"gen9nationaldexubers-1981609335","p1":"MommyMikuNakano","p2":"Incredible Gassy","format":"[Gen 9] National Dex Ubers","log":"|j|\u2606MommyMikuNakano\n|j|\u2606Incredible Gassy\n|t:|1698925583\n|gametype|singles\n|player|p1|MommyMikuNakano|erika-gen1|1746\n|player|p2|Incredible Gassy|rocker-gen3|1617\n|teamsize|p1|6\n|teamsize|p2|6\n|gen|9\n|tier|[Gen 9] National Dex Ubers\n|rated|\n|rule|HP Percentage Mod: HP is shown in percentages\n|rule|Endless Battle Clause: Forcing endless battles is banned\n|rule|OHKO Clause: OHKO moves are banned\n|rule|Evasion Moves Clause: Evasion moves are banned\n|rule|Evasion Items Clause: Evasion items are banned\n|rule|Species Clause: Limit one of each Pok\u00e9mon\n|rule|Sleep Clause Mod: Limit one foe put to sleep\n|rule|Mega Rayquaza Clause: You cannot mega evolve Rayquaza\n|clearpoke\n|poke|p1|Salamence, F|\n|poke|p1|Solgaleo|\n|poke|p1|Necrozma-Dusk-Mane|\n|poke|p1|Arceus-Dark|\n|poke|p1|Ditto|\n|poke|p1|Giratina-Origin|\n|poke|p2|Deoxys-Speed|\n|poke|p2|Salamence, M|\n|poke|p2|Marshadow|\n|poke|p2|Arceus-Ground|\n|poke|p2|Palkia-Origin|\n|poke|p2|Zacian-*|\n|teampreview\n|inactive|Battle timer is ON: inactive players will automatically lose when time's up. (requested by Incredible Gassy)\n|inactive|MommyMikuNakano also wants the timer to be on.\n|j| LightningSword6354\n|c|\u2606Incredible Gassy|solgaleo is crazy\n|\n|t:|1698925598\n|start\n|switch|p1a: Giratina|Giratina-Origin|100\/100\n|switch|p2a: the biggest one|Arceus-Ground|100\/100\n|turn|1\n|\n|t:|1698925606\n|switch|p2a: Deoxys|Deoxys-Speed|100\/100\n|-ability|p2a: Deoxys|Pressure\n|move|p1a: Giratina|Will-O-Wisp|p2a: Deoxys\n|-status|p2a: Deoxys|brn\n|\n|-damage|p2a: Deoxys|95\/100 brn|[from] brn\n|upkeep\n|turn|2\n|\n|t:|1698925610\n|move|p2a: Deoxys|Stealth Rock|p1a: Giratina\n|-sidestart|p1: MommyMikuNakano|move: Stealth Rock\n|move|p1a: Giratina|Hex|p2a: Deoxys\n|-supereffective|p2a: Deoxys\n|-damage|p2a: Deoxys|0 fnt\n|faint|p2a: Deoxys\n|\n|upkeep\n|\n|t:|1698925613\n|switch|p2a: okidogi?|Zacian-Crowned, shiny|100\/100\n|-ability|p2a: okidogi?|Intrepid Sword|boost\n|-boost|p2a: okidogi?|atk|1\n|turn|3\n|\n|t:|1698925620\n|move|p2a: okidogi?|Swords Dance|p2a: okidogi?\n|-boost|p2a: okidogi?|atk|2\n|move|p1a: Giratina|Will-O-Wisp|p2a: okidogi?|[miss]\n|-miss|p1a: Giratina|p2a: okidogi?\n|\n|upkeep\n|turn|4\n|c|\u2606MommyMikuNakano|Fkn thing misses always when it's important\n|\n|t:|1698925646\n|move|p2a: okidogi?|Play Rough|p1a: Giratina\n|-supereffective|p1a: Giratina\n|-damage|p1a: Giratina|0 fnt\n|faint|p1a: Giratina\n|\n|upkeep\n|\n|t:|1698925648\n|switch|p1a: Ditto|Ditto, shiny|100\/100\n|-damage|p1a: Ditto|88\/100|[from] Stealth Rock\n|-transform|p1a: Ditto|p2a: okidogi?|[from] ability: Imposter\n|-ability|p1a: Ditto|Intrepid Sword|boost\n|-boost|p1a: Ditto|atk|1\n|turn|5\n|c|\u2606Incredible Gassy|you have ditto youre chill\n|c|\u2606Incredible Gassy|ya\n|c|\u2606Incredible Gassy|see?\n|c|\u2606Incredible Gassy|now i lose\n|c|\u2606MommyMikuNakano|Marshadow\n|c|\u2606Incredible Gassy|band\n|\n|t:|1698925670\n|switch|p2a: but u can tunafish|Palkia-Origin, shiny|100\/100\n|-ability|p2a: but u can tunafish|Pressure\n|move|p1a: Ditto|Behemoth Blade|p2a: but u can tunafish\n|-resisted|p2a: but u can tunafish\n|-damage|p2a: but u can tunafish|11\/100\n|\n|upkeep\n|turn|6\n|l| LightningSword6354\n|c|\u2606MommyMikuNakano|I'll switch anyways\n|\n|t:|1698925686\n|move|p1a: Ditto|Behemoth Blade|p2a: but u can tunafish\n|-resisted|p2a: but u can tunafish\n|-damage|p2a: but u can tunafish|0 fnt\n|faint|p2a: but u can tunafish\n|\n|upkeep\n|\n|t:|1698925689\n|switch|p2a: GOOBED!|Marshadow|100\/100\n|turn|7\n|\n|t:|1698925705\n|switch|p1a: Salamence|Salamence, F|100\/100\n|-damage|p1a: Salamence|76\/100|[from] Stealth Rock\n|-ability|p1a: Salamence|Intimidate|boost\n|-unboost|p2a: GOOBED!|atk|1\n|move|p2a: GOOBED!|Poltergeist|p1a: Salamence\n|-activate|p1a: Salamence|move: Poltergeist|Salamencite\n|-damage|p1a: Salamence|20\/100\n|\n|upkeep\n|turn|8\n|c|\u2606MommyMikuNakano|I should have trusted you lol\n|\n|t:|1698925719\n|detailschange|p1a: Salamence|Salamence-Mega, F\n|-mega|p1a: Salamence|Salamence|Salamencite\n|move|p2a: GOOBED!|Poltergeist|p1a: Salamence\n|-activate|p1a: Salamence|move: Poltergeist|Salamencite\n|-damage|p1a: Salamence|0 fnt\n|faint|p1a: Salamence\n|\n|upkeep\n|\n|t:|1698925723\n|switch|p1a: Arceus|Arceus-Dark|100\/100\n|-damage|p1a: Arceus|88\/100|[from] Stealth Rock\n|turn|9\n|c|\u2606Incredible Gassy|incredible trustworthy is me\n|\n|t:|1698925728\n|switch|p2a: okidogi?|Zacian-Crowned, shiny|100\/100\n|move|p1a: Arceus|Foul Play|p2a: okidogi?\n|-resisted|p2a: okidogi?\n|-damage|p2a: okidogi?|71\/100\n|\n|upkeep\n|turn|10\n|\n|t:|1698925741\n|switch|p1a: Solgaleo|Solgaleo|100\/100\n|-damage|p1a: Solgaleo|94\/100|[from] Stealth Rock\n|move|p2a: okidogi?|Close Combat|p1a: Solgaleo\n|-damage|p1a: Solgaleo|61\/100\n|-unboost|p2a: okidogi?|def|1\n|-unboost|p2a: okidogi?|spd|1\n|\n|upkeep\n|turn|11\n|\n|t:|1698925745\n|switch|p2a: the biggest one|Arceus-Ground|100\/100\n|move|p1a: Solgaleo|Thunder Wave|p2a: the biggest one\n|-immune|p2a: the biggest one\n|\n|upkeep\n|turn|12\n|\n|t:|1698925749\n|switch|p1a: Arceus|Arceus-Dark|88\/100\n|-damage|p1a: Arceus|76\/100|[from] Stealth Rock\n|move|p2a: the biggest one|Calm Mind|p2a: the biggest one\n|-boost|p2a: the biggest one|spa|1\n|-boost|p2a: the biggest one|spd|1\n|\n|upkeep\n|turn|13\n|\n|t:|1698925751\n|move|p2a: the biggest one|Judgment|p1a: Arceus\n|-damage|p1a: Arceus|32\/100\n|move|p1a: Arceus|Toxic|p2a: the biggest one\n|-status|p2a: the biggest one|tox\n|\n|-damage|p2a: the biggest one|94\/100 tox|[from] psn\n|upkeep\n|turn|14\n|\n|t:|1698925755\n|move|p1a: Arceus|Recover|p1a: Arceus\n|-heal|p1a: Arceus|82\/100\n|move|p2a: the biggest one|Judgment|p1a: Arceus\n|-damage|p1a: Arceus|38\/100\n|\n|-damage|p2a: the biggest one|82\/100 tox|[from] psn\n|upkeep\n|turn|15\n|\n|t:|1698925757\n|move|p2a: the biggest one|Judgment|p1a: Arceus\n|-damage|p1a: Arceus|0 fnt\n|faint|p1a: Arceus\n|\n|-damage|p2a: the biggest one|64\/100 tox|[from] psn\n|upkeep\n|\n|t:|1698925772\n|switch|p1a: Ditto|Ditto, shiny|88\/100\n|-damage|p1a: Ditto|76\/100|[from] Stealth Rock\n|-transform|p1a: Ditto|p2a: the biggest one|[from] ability: Imposter\n|turn|16\n|\n|t:|1698925775\n|move|p1a: Ditto|Judgment|p2a: the biggest one\n|-damage|p2a: the biggest one|48\/100 tox\n|move|p2a: the biggest one|Recover|p2a: the biggest one\n|-heal|p2a: the biggest one|98\/100 tox\n|\n|-damage|p2a: the biggest one|73\/100 tox|[from] psn\n|upkeep\n|turn|17\n|\n|t:|1698925781\n|switch|p2a: big schmence|Salamence, M, shiny|100\/100\n|-ability|p2a: big schmence|Intimidate|boost\n|-unboost|p1a: Ditto|atk|1\n|move|p1a: Ditto|Judgment|p2a: big schmence\n|-damage|p2a: big schmence|52\/100\n|\n|upkeep\n|turn|18\n|\n|t:|1698925789\n|switch|p1a: Solgaleo|Solgaleo|61\/100\n|-damage|p1a: Solgaleo|55\/100|[from] Stealth Rock\n|detailschange|p2a: big schmence|Salamence-Mega, M, shiny\n|-mega|p2a: big schmence|Salamence|Salamencite\n|move|p2a: big schmence|Roost|p2a: big schmence\n|-heal|p2a: big schmence|100\/100\n|-singleturn|p2a: big schmence|move: Roost\n|\n|upkeep\n|turn|19\n|\n|t:|1698925795\n|move|p2a: big schmence|Earthquake|p1a: Solgaleo\n|-supereffective|p1a: Solgaleo\n|-damage|p1a: Solgaleo|5\/100\n|move|p1a: Solgaleo|Morning Sun|p1a: Solgaleo\n|-heal|p1a: Solgaleo|55\/100\n|\n|upkeep\n|turn|20\n|\n|t:|1698925803\n|-terastallize|p1a: Solgaleo|Water\n|move|p2a: big schmence|Earthquake|p1a: Solgaleo\n|-crit|p1a: Solgaleo\n|-damage|p1a: Solgaleo|18\/100\n|move|p1a: Solgaleo|Morning Sun|p1a: Solgaleo\n|-heal|p1a: Solgaleo|68\/100\n|\n|upkeep\n|turn|21\n|\n|t:|1698925824\n|move|p2a: big schmence|Dragon Dance|p2a: big schmence\n|-boost|p2a: big schmence|atk|1\n|-boost|p2a: big schmence|spe|1\n|move|p1a: Solgaleo|Thunder Wave|p2a: big schmence\n|-status|p2a: big schmence|par\n|\n|upkeep\n|turn|22\n|\n|t:|1698925828\n|move|p2a: big schmence|Facade|p1a: Solgaleo\n|-damage|p1a: Solgaleo|0 fnt\n|faint|p1a: Solgaleo\n|\n|upkeep\n|\n|t:|1698925842\n|switch|p1a: Necrozma|Necrozma-Dusk-Mane, shiny|100\/100\n|-damage|p1a: Necrozma|94\/100|[from] Stealth Rock\n|turn|23\n|\n|t:|1698925845\n|detailschange|p1a: Necrozma|Necrozma-Ultra, shiny\n|-burst|p1a: Necrozma|Necrozma|Ultranecrozium Z\n|move|p1a: Necrozma|Dragon Pulse|p2a: big schmence\n|-supereffective|p2a: big schmence\n|-damage|p2a: big schmence|0 fnt\n|faint|p2a: big schmence\n|\n|upkeep\n|\n|t:|1698925849\n|switch|p2a: GOOBED!|Marshadow|100\/100\n|turn|24\n|\n|t:|1698925855\n|-terastallize|p2a: GOOBED!|Ghost\n|move|p2a: GOOBED!|Shadow Sneak|p1a: Necrozma\n|-supereffective|p1a: Necrozma\n|-damage|p1a: Necrozma|0 fnt\n|faint|p1a: Necrozma\n|\n|upkeep\n|\n|t:|1698925857\n|switch|p1a: Ditto|Ditto, shiny|76\/100\n|-damage|p1a: Ditto|63\/100|[from] Stealth Rock\n|-transform|p1a: Ditto|p2a: GOOBED!|[from] ability: Imposter\n|-start|p1a: Ditto|typechange|Fighting\/Ghost|[silent]\n|turn|25\n|\n|t:|1698925863\n|move|p1a: Ditto|Shadow Sneak|p2a: GOOBED!\n|-supereffective|p2a: GOOBED!\n|-damage|p2a: GOOBED!|25\/100\n|move|p2a: GOOBED!|Shadow Sneak|p1a: Ditto\n|-supereffective|p1a: Ditto\n|-damage|p1a: Ditto|0 fnt\n|faint|p1a: Ditto\n|\n|win|Incredible Gassy\n|raw|MommyMikuNakano's rating: 1746 &rarr; <strong>1719<\/strong><br \/>(-27 for losing)\n|raw|Incredible Gassy's rating: 1617 &rarr; <strong>1644<\/strong><br \/>(+27 for winning)\n|c|\u2606Incredible Gassy|ggwp\n|c|\u2606MommyMikuNakano|Ggwp\n|c|\u2606Incredible Gassy|sorry about htat miss\n|l|\u2606Incredible Gassy\n|l|\u2606MommyMikuNakano\n|j|\u2606Incredible Gassy\n|player|p2|Incredible Gassy|rocker-gen3\n","uploadtime":1698926165,"views":9,"p1id":"mommymikunakano","p2id":"incrediblegassy","formatid":"gen9nationaldexubers","rating":1644,"private":0,"password":""}