{"id":"gen9nationaldexubers-2000152692","p1":"SleepyZote","p2":"kokomi36","format":"[Gen 9] National Dex Ubers","log":"|j|\u2606SleepyZote\n|j|\u2606kokomi36\n|t:|1701163943\n|gametype|singles\n|player|p1|SleepyZote|102|1039\n|player|p2|kokomi36|102|1081\n|teamsize|p1|6\n|teamsize|p2|6\n|gen|9\n|tier|[Gen 9] National Dex Ubers\n|rated|\n|rule|HP Percentage Mod: HP is shown in percentages\n|rule|Endless Battle Clause: Forcing endless battles is banned\n|rule|OHKO Clause: OHKO moves are banned\n|rule|Evasion Moves Clause: Evasion moves are banned\n|rule|Evasion Items Clause: Evasion items are banned\n|rule|Species Clause: Limit one of each Pok\u00e9mon\n|rule|Sleep Clause Mod: Limit one foe put to sleep\n|rule|Mega Rayquaza Clause: You cannot mega evolve Rayquaza\n|clearpoke\n|poke|p1|Umbreon, F|\n|poke|p1|Mewtwo|\n|poke|p1|Rillaboom, F|\n|poke|p1|Salamence, F|\n|poke|p1|Dusclops, F|\n|poke|p1|Wailmer, F|\n|poke|p2|Xerneas-*|\n|poke|p2|Blaziken, M|\n|poke|p2|Primarina, M|\n|poke|p2|Milotic, F|\n|poke|p2|Metagross|\n|poke|p2|Gallade, M|\n|teampreview\n|\n|t:|1701163949\n|start\n|switch|p1a: Mewtwo|Mewtwo|100\/100\n|switch|p2a: Gallade|Gallade, M, shiny|100\/100\n|-ability|p1a: Mewtwo|Pressure\n|turn|1\n|\n|t:|1701163965\n|move|p1a: Mewtwo|Fire Blast|p2a: Gallade\n|-damage|p2a: Gallade|35\/100\n|-damage|p1a: Mewtwo|91\/100|[from] item: Life Orb\n|move|p2a: Gallade|Will-O-Wisp|p1a: Mewtwo\n|-status|p1a: Mewtwo|brn\n|\n|-damage|p1a: Mewtwo|84\/100 brn|[from] brn\n|upkeep\n|turn|2\n|\n|t:|1701163978\n|switch|p2a: Milotic|Milotic, F|100\/100\n|move|p1a: Mewtwo|Fire Blast|p2a: Milotic\n|-resisted|p2a: Milotic\n|-damage|p2a: Milotic|81\/100\n|-damage|p1a: Mewtwo|74\/100 brn|[from] item: Life Orb\n|\n|-damage|p1a: Mewtwo|68\/100 brn|[from] brn\n|upkeep\n|turn|3\n|\n|t:|1701163987\n|move|p1a: Mewtwo|Grass Knot|p2a: Milotic\n|-supereffective|p2a: Milotic\n|-damage|p2a: Milotic|14\/100\n|-damage|p1a: Mewtwo|58\/100 brn|[from] item: Life Orb\n|move|p2a: Milotic|Ice Beam|p1a: Mewtwo\n|-damage|p1a: Mewtwo|38\/100 brn\n|\n|-damage|p1a: Mewtwo|31\/100 brn|[from] brn\n|upkeep\n|turn|4\n|\n|t:|1701164000\n|switch|p2a: Blaziken|Blaziken, M|100\/100\n|move|p1a: Mewtwo|Psystrike|p2a: Blaziken\n|-supereffective|p2a: Blaziken\n|-damage|p2a: Blaziken|0 fnt\n|faint|p2a: Blaziken\n|-damage|p1a: Mewtwo|21\/100 brn|[from] item: Life Orb\n|\n|-damage|p1a: Mewtwo|15\/100 brn|[from] brn\n|upkeep\n|\n|t:|1701164010\n|switch|p2a: Metagross|Metagross|100\/100\n|turn|5\n|\n|t:|1701164017\n|switch|p1a: Rillaboom|Rillaboom, F|100\/100\n|-fieldstart|move: Grassy Terrain|[from] ability: Grassy Surge|[of] p1a: Rillaboom\n|move|p2a: Metagross|Bullet Punch|p1a: Rillaboom\n|-damage|p1a: Rillaboom|72\/100\n|\n|-heal|p1a: Rillaboom|79\/100|[from] Grassy Terrain\n|upkeep\n|turn|6\n|\n|t:|1701164033\n|move|p1a: Rillaboom|U-turn|p2a: Metagross\n|-damage|p2a: Metagross|70\/100\n|\n|t:|1701164036\n|switch|p1a: Salamence|Salamence, F|100\/100|[from] U-turn\n|-ability|p1a: Salamence|Intimidate|boost\n|-fail|p2a: Metagross|unboost|[from] ability: Clear Body|[of] p2a: Metagross\n|move|p2a: Metagross|Meteor Mash|p1a: Salamence\n|-damage|p1a: Salamence|39\/100\n|\n|-heal|p2a: Metagross|76\/100|[from] Grassy Terrain\n|upkeep\n|turn|7\n|\n|t:|1701164048\n|detailschange|p1a: Salamence|Salamence-Mega, F\n|-mega|p1a: Salamence|Salamence|Salamencite\n|move|p1a: Salamence|Earthquake|p2a: Metagross\n|-supereffective|p2a: Metagross\n|-damage|p2a: Metagross|47\/100\n|move|p2a: Metagross|Zen Headbutt|p1a: Salamence|[miss]\n|-miss|p2a: Metagross|p1a: Salamence\n|\n|-heal|p2a: Metagross|54\/100|[from] Grassy Terrain\n|upkeep\n|turn|8\n|\n|t:|1701164057\n|move|p1a: Salamence|Outrage|p2a: Metagross\n|-resisted|p2a: Metagross\n|-damage|p2a: Metagross|29\/100\n|move|p2a: Metagross|Zen Headbutt|p1a: Salamence\n|-damage|p1a: Salamence|0 fnt\n|faint|p1a: Salamence\n|\n|-heal|p2a: Metagross|35\/100|[from] Grassy Terrain\n|upkeep\n|\n|t:|1701164066\n|switch|p1a: Wailmer|Wailmer, F|100\/100\n|turn|9\n|\n|t:|1701164071\n|move|p1a: Wailmer|Ice Beam|p2a: Metagross\n|-resisted|p2a: Metagross\n|-damage|p2a: Metagross|28\/100\n|move|p2a: Metagross|Zen Headbutt|p1a: Wailmer\n|-damage|p1a: Wailmer|10\/100\n|-enditem|p1a: Wailmer|Sitrus Berry|[eat]\n|-heal|p1a: Wailmer|35\/100|[from] item: Sitrus Berry\n|\n|-heal|p1a: Wailmer|41\/100|[from] Grassy Terrain\n|-heal|p2a: Metagross|34\/100|[from] Grassy Terrain\n|-fieldend|move: Grassy Terrain\n|upkeep\n|turn|10\n|\n|t:|1701164082\n|move|p1a: Wailmer|Water Spout|p2a: Metagross\n|-damage|p2a: Metagross|19\/100\n|move|p2a: Metagross|Zen Headbutt|p1a: Wailmer\n|-damage|p1a: Wailmer|0 fnt\n|faint|p1a: Wailmer\n|\n|upkeep\n|\n|t:|1701164089\n|switch|p1a: Rillaboom|Rillaboom, F|79\/100\n|-fieldstart|move: Grassy Terrain|[from] ability: Grassy Surge|[of] p1a: Rillaboom\n|turn|11\n|\n|t:|1701164098\n|move|p1a: Rillaboom|U-turn|p2a: Metagross\n|-damage|p2a: Metagross|0 fnt\n|faint|p2a: Metagross\n|\n|t:|1701164102\n|switch|p1a: Dusclops|Dusclops, F, shiny|100\/100|[from] U-turn\n|-ability|p1a: Dusclops|Pressure\n|\n|upkeep\n|\n|t:|1701164110\n|switch|p2a: Primarina|Primarina, M|100\/100\n|turn|12\n|\n|t:|1701164119\n|switch|p1a: Umbreon|Umbreon, F, shiny|100\/100\n|move|p2a: Primarina|Moonblast|p1a: Umbreon\n|-supereffective|p1a: Umbreon\n|-damage|p1a: Umbreon|29\/100\n|-damage|p2a: Primarina|91\/100|[from] item: Life Orb\n|\n|-heal|p1a: Umbreon|35\/100|[from] Grassy Terrain\n|-heal|p1a: Umbreon|41\/100|[from] item: Leftovers\n|-heal|p2a: Primarina|97\/100|[from] Grassy Terrain\n|upkeep\n|turn|13\n|\n|t:|1701164130\n|move|p1a: Umbreon|Toxic|p2a: Primarina\n|-status|p2a: Primarina|tox\n|move|p2a: Primarina|Moonblast|p1a: Umbreon\n|-supereffective|p1a: Umbreon\n|-damage|p1a: Umbreon|0 fnt\n|faint|p1a: Umbreon\n|-damage|p2a: Primarina|87\/100 tox|[from] item: Life Orb\n|\n|-heal|p2a: Primarina|93\/100 tox|[from] Grassy Terrain\n|-damage|p2a: Primarina|87\/100 tox|[from] psn\n|upkeep\n|\n|t:|1701164141\n|switch|p1a: Mewtwo|Mewtwo|15\/100 brn\n|-ability|p1a: Mewtwo|Pressure\n|turn|14\n|\n|t:|1701164147\n|move|p2a: Primarina|Protect|p2a: Primarina\n|-singleturn|p2a: Primarina|Protect\n|move|p1a: Mewtwo|Grass Knot|p2a: Primarina\n|-activate|p2a: Primarina|move: Protect\n|\n|-heal|p1a: Mewtwo|21\/100 brn|[from] Grassy Terrain\n|-heal|p2a: Primarina|93\/100 tox|[from] Grassy Terrain\n|-damage|p2a: Primarina|81\/100 tox|[from] psn\n|-damage|p1a: Mewtwo|15\/100 brn|[from] brn\n|upkeep\n|turn|15\n|\n|t:|1701164165\n|move|p1a: Mewtwo|Grass Knot|p2a: Primarina\n|-supereffective|p2a: Primarina\n|-damage|p2a: Primarina|11\/100 tox\n|-damage|p1a: Mewtwo|5\/100 brn|[from] item: Life Orb\n|move|p2a: Primarina|Hyper Voice|p1a: Mewtwo\n|-damage|p1a: Mewtwo|0 fnt\n|faint|p1a: Mewtwo\n|-damage|p2a: Primarina|1\/100 tox|[from] item: Life Orb\n|\n|-heal|p2a: Primarina|7\/100 tox|[from] Grassy Terrain\n|-damage|p2a: Primarina|0 fnt|[from] psn\n|faint|p2a: Primarina\n|-fieldend|move: Grassy Terrain\n|upkeep\n|\n|t:|1701164182\n|switch|p1a: Rillaboom|Rillaboom, F|79\/100\n|switch|p2a: Xerneas|Xerneas|100\/100\n|-ability|p2a: Xerneas|Fairy Aura\n|-fieldstart|move: Grassy Terrain|[from] ability: Grassy Surge|[of] p1a: Rillaboom\n|turn|16\n|\n|t:|1701164202\n|move|p2a: Xerneas|Geomancy||[still]\n|-prepare|p2a: Xerneas|Geomancy\n|-enditem|p2a: Xerneas|Power Herb\n|-anim|p2a: Xerneas|Geomancy|p2a: Xerneas\n|-boost|p2a: Xerneas|spa|2\n|-boost|p2a: Xerneas|spd|2\n|-boost|p2a: Xerneas|spe|2\n|move|p1a: Rillaboom|U-turn|p2a: Xerneas\n|-resisted|p2a: Xerneas\n|-damage|p2a: Xerneas|83\/100\n|\n|t:|1701164209\n|switch|p1a: Dusclops|Dusclops, F, shiny|100\/100|[from] U-turn\n|-ability|p1a: Dusclops|Pressure\n|\n|-heal|p2a: Xerneas|89\/100|[from] Grassy Terrain\n|upkeep\n|turn|17\n|\n|t:|1701164219\n|move|p2a: Xerneas|Moonblast|p1a: Dusclops\n|-damage|p1a: Dusclops|22\/100\n|move|p1a: Dusclops|Will-O-Wisp|p2a: Xerneas\n|-status|p2a: Xerneas|brn\n|\n|-heal|p2a: Xerneas|95\/100 brn|[from] Grassy Terrain\n|-heal|p1a: Dusclops|28\/100|[from] Grassy Terrain\n|-damage|p2a: Xerneas|89\/100 brn|[from] brn\n|upkeep\n|turn|18\n|\n|t:|1701164233\n|-terastallize|p1a: Dusclops|Fairy\n|move|p2a: Xerneas|Geomancy||[still]\n|-prepare|p2a: Xerneas|Geomancy\n|move|p1a: Dusclops|Rest|p1a: Dusclops\n|-status|p1a: Dusclops|slp|[from] move: Rest\n|-heal|p1a: Dusclops|100\/100 slp|[silent]\n|\n|-heal|p2a: Xerneas|95\/100 brn|[from] Grassy Terrain\n|-damage|p2a: Xerneas|89\/100 brn|[from] brn\n|upkeep\n|turn|19\n|\n|t:|1701164243\n|move|p2a: Xerneas|Geomancy|p2a: Xerneas|[from]lockedmove\n|-boost|p2a: Xerneas|spa|2\n|-boost|p2a: Xerneas|spd|2\n|-boost|p2a: Xerneas|spe|2\n|cant|p1a: Dusclops|slp\n|move|p1a: Dusclops|Sleep Talk|p1a: Dusclops\n|move|p1a: Dusclops|Rest||[from]move: Sleep Talk|[still]\n|-fail|p1a: Dusclops\n|\n|-heal|p2a: Xerneas|95\/100 brn|[from] Grassy Terrain\n|-damage|p2a: Xerneas|89\/100 brn|[from] brn\n|upkeep\n|turn|20\n|\n|t:|1701164256\n|move|p2a: Xerneas|Moonblast|p1a: Dusclops\n|-damage|p1a: Dusclops|0 fnt\n|faint|p1a: Dusclops\n|\n|-heal|p2a: Xerneas|95\/100 brn|[from] Grassy Terrain\n|-damage|p2a: Xerneas|89\/100 brn|[from] brn\n|-fieldend|move: Grassy Terrain\n|upkeep\n|\n|t:|1701164263\n|switch|p1a: Rillaboom|Rillaboom, F|79\/100\n|-fieldstart|move: Grassy Terrain|[from] ability: Grassy Surge|[of] p1a: Rillaboom\n|turn|21\n|\n|t:|1701164268\n|move|p1a: Rillaboom|Grassy Glide|p2a: Xerneas\n|-damage|p2a: Xerneas|37\/100 brn\n|move|p2a: Xerneas|Moonblast|p1a: Rillaboom\n|-damage|p1a: Rillaboom|0 fnt\n|faint|p1a: Rillaboom\n|\n|win|kokomi36\n|raw|SleepyZote's rating: 1039 &rarr; <strong>1025<\/strong><br \/>(-14 for losing)\n|raw|kokomi36's rating: 1081 &rarr; <strong>1105<\/strong><br \/>(+24 for winning)\n|l|\u2606SleepyZote\n","uploadtime":1701164286,"views":1,"p1id":"sleepyzote","p2id":"kokomi36","formatid":"gen9nationaldexubers","rating":1025,"private":0,"password":""}