{"id":"gen9nationaldexubers-1988029205","p1":"vptwarrior","p2":"tiagorf","format":"[Gen 9] National Dex Ubers","log":"|j|\u2606vptwarrior\n|j|\u2606tiagorf\n|t:|1699660990\n|gametype|singles\n|player|p1|vptwarrior|swimmer|\n|player|p2|tiagorf|steven|\n|teamsize|p1|6\n|teamsize|p2|6\n|gen|9\n|tier|[Gen 9] National Dex Ubers\n|rule|HP Percentage Mod: HP is shown in percentages\n|rule|Endless Battle Clause: Forcing endless battles is banned\n|rule|OHKO Clause: OHKO moves are banned\n|rule|Evasion Moves Clause: Evasion moves are banned\n|rule|Evasion Items Clause: Evasion items are banned\n|rule|Species Clause: Limit one of each Pok\u00e9mon\n|rule|Sleep Clause Mod: Limit one foe put to sleep\n|rule|Mega Rayquaza Clause: You cannot mega evolve Rayquaza\n|clearpoke\n|poke|p1|Goodra, F|\n|poke|p1|Hydreigon, M|\n|poke|p1|Salamence, M|\n|poke|p1|Kingdra, M|\n|poke|p1|Gyarados, M|\n|poke|p1|Dragonite, F|\n|poke|p2|Metagross|\n|poke|p2|Aggron, F|\n|poke|p2|Armaldo, M|\n|poke|p2|Cradily, M|\n|poke|p2|Claydol|\n|poke|p2|Skarmory, M|\n|teampreview\n|\n|t:|1699660998\n|start\n|switch|p1a: Goodra|Goodra, F|100\/100\n|switch|p2a: Aggron|Aggron, F|100\/100\n|turn|1\n|c|\u2606vptwarrior|Lance vs Steven\n|\n|t:|1699661019\n|move|p1a: Goodra|Muddy Water|p2a: Aggron|[miss]\n|-miss|p1a: Goodra|p2a: Aggron\n|move|p2a: Aggron|Dragon Tail|p1a: Goodra|[miss]\n|-miss|p2a: Aggron|p1a: Goodra\n|\n|upkeep\n|turn|2\n|\n|t:|1699661029\n|-terastallize|p2a: Aggron|Steel\n|move|p1a: Goodra|Muddy Water|p2a: Aggron\n|-damage|p2a: Aggron|72\/100\n|move|p2a: Aggron|Stealth Rock|p1a: Goodra\n|-sidestart|p1: vptwarrior|move: Stealth Rock\n|\n|upkeep\n|turn|3\n|\n|t:|1699661036\n|move|p1a: Goodra|Flamethrower|p2a: Aggron\n|-supereffective|p2a: Aggron\n|-damage|p2a: Aggron|16\/100\n|move|p2a: Aggron|Dragon Tail|p1a: Goodra|[miss]\n|-miss|p2a: Aggron|p1a: Goodra\n|\n|upkeep\n|turn|4\n|\n|t:|1699661048\n|move|p1a: Goodra|Flamethrower|p2a: Aggron\n|-supereffective|p2a: Aggron\n|-damage|p2a: Aggron|0 fnt\n|faint|p2a: Aggron\n|\n|upkeep\n|\n|t:|1699661057\n|switch|p2a: Claydol|Claydol|100\/100\n|turn|5\n|\n|t:|1699661080\n|move|p2a: Claydol|Dazzling Gleam|p1a: Goodra\n|-supereffective|p1a: Goodra\n|-damage|p1a: Goodra|84\/100\n|move|p1a: Goodra|Muddy Water|p2a: Claydol\n|-supereffective|p2a: Claydol\n|-damage|p2a: Claydol|49\/100\n|-unboost|p2a: Claydol|accuracy|1\n|\n|upkeep\n|turn|6\n|j| ThatSpicyDragon\n|\n|t:|1699661097\n|move|p2a: Claydol|Dazzling Gleam|p1a: Goodra\n|-supereffective|p1a: Goodra\n|-damage|p1a: Goodra|67\/100\n|move|p1a: Goodra|Muddy Water|p2a: Claydol\n|-supereffective|p2a: Claydol\n|-damage|p2a: Claydol|0 fnt\n|faint|p2a: Claydol\n|\n|upkeep\n|\n|t:|1699661107\n|switch|p2a: Skarmory|Skarmory, M|100\/100\n|turn|7\n|\n|t:|1699661112\n|move|p1a: Goodra|Flamethrower|p2a: Skarmory\n|-supereffective|p2a: Skarmory\n|-crit|p2a: Skarmory\n|-ability|p2a: Skarmory|Sturdy\n|-damage|p2a: Skarmory|1\/100\n|move|p2a: Skarmory|Whirlwind|p1a: Goodra\n|drag|p1a: Dragonite|Dragonite, F|100\/100\n|-damage|p1a: Dragonite|76\/100|[from] Stealth Rock\n|\n|-heal|p1a: Dragonite|82\/100|[from] item: Leftovers\n|upkeep\n|turn|8\n|c| ThatSpicyDragon|Just so you know, VPT's weakness is peanuts.\n|\n|t:|1699661124\n|move|p1a: Dragonite|Dragon Claw|p2a: Skarmory\n|-resisted|p2a: Skarmory\n|-damage|p2a: Skarmory|0 fnt\n|-damage|p1a: Dragonite|65\/100|[from] item: Rocky Helmet|[of] p2a: Skarmory\n|faint|p2a: Skarmory\n|\n|-heal|p1a: Dragonite|71\/100|[from] item: Leftovers\n|upkeep\n|\n|t:|1699661134\n|switch|p2a: Armaldo|Armaldo, M|100\/100\n|turn|9\n|\n|t:|1699661147\n|move|p1a: Dragonite|Dragon Claw|p2a: Armaldo\n|-damage|p2a: Armaldo|56\/100\n|move|p2a: Armaldo|Stone Edge|p1a: Dragonite\n|-supereffective|p1a: Dragonite\n|-damage|p1a: Dragonite|0 fnt\n|faint|p1a: Dragonite\n|\n|-heal|p2a: Armaldo|62\/100|[from] item: Leftovers\n|upkeep\n|\n|t:|1699661158\n|switch|p1a: Goodra|Goodra, F|67\/100\n|-damage|p1a: Goodra|55\/100|[from] Stealth Rock\n|turn|10\n|\n|t:|1699661174\n|move|p1a: Goodra|Muddy Water|p2a: Armaldo\n|-supereffective|p2a: Armaldo\n|-damage|p2a: Armaldo|0 fnt\n|faint|p2a: Armaldo\n|\n|upkeep\n|\n|t:|1699661181\n|switch|p2a: Cradily|Cradily, M|100\/100\n|turn|11\n|\n|t:|1699661210\n|move|p1a: Goodra|Flamethrower|p2a: Cradily\n|-damage|p2a: Cradily|81\/100\n|move|p2a: Cradily|Rock Blast|p1a: Goodra|[miss]\n|-miss|p2a: Cradily|p1a: Goodra\n|\n|-heal|p2a: Cradily|87\/100|[from] item: Leftovers\n|upkeep\n|turn|12\n|\n|t:|1699661220\n|move|p1a: Goodra|Sludge Bomb|p2a: Cradily\n|-damage|p2a: Cradily|68\/100\n|move|p2a: Cradily|Rock Blast|p1a: Goodra\n|-damage|p1a: Goodra|46\/100\n|-enditem|p1a: Goodra|Sitrus Berry|[eat]\n|-heal|p1a: Goodra|71\/100|[from] item: Sitrus Berry\n|-damage|p1a: Goodra|62\/100\n|-damage|p1a: Goodra|52\/100\n|-damage|p1a: Goodra|42\/100\n|-hitcount|p1a: Goodra|4\n|\n|-heal|p2a: Cradily|74\/100|[from] item: Leftovers\n|upkeep\n|turn|13\n|\n|t:|1699661233\n|move|p1a: Goodra|Sludge Bomb|p2a: Cradily\n|-damage|p2a: Cradily|54\/100\n|move|p2a: Cradily|Recover|p2a: Cradily\n|-heal|p2a: Cradily|100\/100\n|\n|upkeep\n|turn|14\n|\n|t:|1699661248\n|move|p1a: Goodra|Sludge Bomb|p2a: Cradily\n|-damage|p2a: Cradily|83\/100\n|move|p2a: Cradily|Rock Blast|p1a: Goodra\n|-damage|p1a: Goodra|32\/100\n|-damage|p1a: Goodra|22\/100\n|-damage|p1a: Goodra|12\/100\n|-hitcount|p1a: Goodra|3\n|\n|-heal|p2a: Cradily|89\/100|[from] item: Leftovers\n|upkeep\n|turn|15\n|\n|t:|1699661259\n|move|p1a: Goodra|Sludge Bomb|p2a: Cradily\n|-damage|p2a: Cradily|70\/100\n|-status|p2a: Cradily|psn\n|move|p2a: Cradily|Giga Drain|p1a: Goodra\n|-ability|p1a: Goodra|Sap Sipper|boost\n|-boost|p1a: Goodra|atk|1\n|\n|-heal|p2a: Cradily|76\/100 psn|[from] item: Leftovers\n|-damage|p2a: Cradily|63\/100 psn|[from] psn\n|upkeep\n|turn|16\n|\n|t:|1699661279\n|move|p1a: Goodra|Dragon Pulse|p2a: Cradily\n|-crit|p2a: Cradily\n|-damage|p2a: Cradily|23\/100 psn\n|move|p2a: Cradily|Rock Blast|p1a: Goodra\n|-damage|p1a: Goodra|3\/100\n|-damage|p1a: Goodra|0 fnt\n|faint|p1a: Goodra\n|-hitcount|p1: Goodra|2\n|\n|-heal|p2a: Cradily|29\/100 psn|[from] item: Leftovers\n|-damage|p2a: Cradily|17\/100 psn|[from] psn\n|upkeep\n|\n|t:|1699661295\n|switch|p1a: Gyarados|Gyarados, M|100\/100\n|-damage|p1a: Gyarados|76\/100|[from] Stealth Rock\n|-ability|p1a: Gyarados|Intimidate|boost\n|-unboost|p2a: Cradily|atk|1\n|turn|17\n|\n|t:|1699661301\n|move|p1a: Gyarados|Dragon Dance|p1a: Gyarados\n|-boost|p1a: Gyarados|atk|1\n|-boost|p1a: Gyarados|spe|1\n|move|p2a: Cradily|Giga Drain|p1a: Gyarados\n|-damage|p1a: Gyarados|56\/100\n|-heal|p2a: Cradily|25\/100 psn|[from] drain|[of] p1a: Gyarados\n|\n|-heal|p1a: Gyarados|62\/100|[from] item: Leftovers\n|-heal|p2a: Cradily|31\/100 psn|[from] item: Leftovers\n|-damage|p2a: Cradily|19\/100 psn|[from] psn\n|upkeep\n|turn|18\n|\n|t:|1699661322\n|move|p1a: Gyarados|Ice Fang|p2a: Cradily\n|-supereffective|p2a: Cradily\n|-damage|p2a: Cradily|0 fnt\n|faint|p2a: Cradily\n|\n|-heal|p1a: Gyarados|68\/100|[from] item: Leftovers\n|upkeep\n|\n|t:|1699661330\n|switch|p2a: Metagross|Metagross, shiny|100\/100\n|turn|19\n|\n|t:|1699661345\n|detailschange|p2a: Metagross|Metagross-Mega, shiny\n|-mega|p2a: Metagross|Metagross|Metagrossite\n|move|p1a: Gyarados|Waterfall|p2a: Metagross\n|-damage|p2a: Metagross|56\/100\n|move|p2a: Metagross|Zen Headbutt|p1a: Gyarados\n|-damage|p1a: Gyarados|3\/100\n|\n|-heal|p1a: Gyarados|9\/100|[from] item: Leftovers\n|upkeep\n|turn|20\n|\n|t:|1699661356\n|move|p2a: Metagross|Bullet Punch|p1a: Gyarados\n|-resisted|p1a: Gyarados\n|-damage|p1a: Gyarados|0 fnt\n|faint|p1a: Gyarados\n|\n|upkeep\n|\n|t:|1699661361\n|switch|p1a: Salamence|Salamence, M|100\/100\n|-damage|p1a: Salamence|75\/100|[from] Stealth Rock\n|-ability|p1a: Salamence|Intimidate|boost\n|-unboost|p2a: Metagross|atk|1\n|turn|21\n|\n|t:|1699661368\n|switch|p1a: Kingdra|Kingdra, M|100\/100\n|-damage|p1a: Kingdra|88\/100|[from] Stealth Rock\n|move|p2a: Metagross|Meteor Mash|p1a: Kingdra\n|-resisted|p1a: Kingdra\n|-damage|p1a: Kingdra|64\/100\n|\n|upkeep\n|turn|22\n|\n|t:|1699661378\n|move|p2a: Metagross|Meteor Mash|p1a: Kingdra\n|-resisted|p1a: Kingdra\n|-damage|p1a: Kingdra|42\/100\n|move|p1a: Kingdra|Scald|p2a: Metagross\n|-damage|p2a: Metagross|25\/100\n|\n|upkeep\n|turn|23\n|\n|t:|1699661387\n|move|p2a: Metagross|Meteor Mash|p1a: Kingdra|[miss]\n|-miss|p2a: Metagross|p1a: Kingdra\n|move|p1a: Kingdra|Scald|p2a: Metagross\n|-damage|p2a: Metagross|0 fnt\n|faint|p2a: Metagross\n|\n|win|vptwarrior\n|l|\u2606tiagorf\n|c|\u2606vptwarrior|good game\n","uploadtime":1699661520,"views":5,"p1id":"vptwarrior","p2id":"tiagorf","formatid":"gen9nationaldexubers","rating":0,"private":0,"password":""}