{"id":"gen9nationaldexubers-1986837685","p1":"topszy","p2":"16sunas","format":"[Gen 9] National Dex Ubers","log":"|j|\u2606topszy\n|j|\u260616sunas\n|t:|1699532361\n|gametype|singles\n|player|p1|topszy|101|1706\n|player|p2|16sunas|acetrainer-gen4dp|1680\n|teamsize|p1|6\n|teamsize|p2|6\n|gen|9\n|tier|[Gen 9] National Dex Ubers\n|rated|\n|rule|HP Percentage Mod: HP is shown in percentages\n|rule|Endless Battle Clause: Forcing endless battles is banned\n|rule|OHKO Clause: OHKO moves are banned\n|rule|Evasion Moves Clause: Evasion moves are banned\n|rule|Evasion Items Clause: Evasion items are banned\n|rule|Species Clause: Limit one of each Pok\u00e9mon\n|rule|Sleep Clause Mod: Limit one foe put to sleep\n|rule|Mega Rayquaza Clause: You cannot mega evolve Rayquaza\n|clearpoke\n|poke|p1|Yveltal|\n|poke|p1|Groudon|\n|poke|p1|Marshadow|\n|poke|p1|Ho-Oh|\n|poke|p1|Xerneas-*|\n|poke|p1|Zygarde|\n|poke|p2|Deoxys-Speed|\n|poke|p2|Arceus|\n|poke|p2|Groudon|\n|poke|p2|Xerneas-*|\n|poke|p2|Kyurem-Black|\n|poke|p2|Necrozma-Dusk-Mane|\n|teampreview\n|inactive|Battle timer is ON: inactive players will automatically lose when time's up. (requested by 16sunas)\n|\n|t:|1699532373\n|start\n|switch|p1a: Yveltal|Yveltal|100\/100\n|switch|p2a: Deoxys|Deoxys-Speed|100\/100\n|-ability|p2a: Deoxys|Pressure\n|-ability|p1a: Yveltal|Dark Aura\n|turn|1\n|\n|t:|1699532381\n|move|p2a: Deoxys|Stealth Rock|p1a: Yveltal\n|-sidestart|p1: topszy|move: Stealth Rock\n|move|p1a: Yveltal|Dark Pulse|p2a: Deoxys\n|-supereffective|p2a: Deoxys\n|-enditem|p2a: Deoxys|Focus Sash\n|-damage|p2a: Deoxys|1\/100\n|\n|upkeep\n|turn|2\n|\n|t:|1699532387\n|move|p2a: Deoxys|Taunt|p1a: Yveltal\n|-start|p1a: Yveltal|move: Taunt\n|move|p1a: Yveltal|Dark Pulse|p2a: Deoxys\n|-supereffective|p2a: Deoxys\n|-damage|p2a: Deoxys|0 fnt\n|faint|p2a: Deoxys\n|\n|upkeep\n|\n|t:|1699532397\n|switch|p2a: Kyurem|Kyurem-Black|100\/100\n|-ability|p2a: Kyurem|Teravolt\n|turn|3\n|\n|t:|1699532403\n|-terastallize|p1a: Yveltal|Dark\n|move|p1a: Yveltal|Dark Pulse|p2a: Kyurem\n|-damage|p2a: Kyurem|0 fnt\n|faint|p2a: Kyurem\n|\n|upkeep\n|\n|t:|1699532408\n|switch|p2a: Groudon|Groudon|100\/100\n|detailschange|p2a: Groudon|Groudon-Primal\n|-primal|p2a: Groudon|Red Orb\n|-weather|DesolateLand|[from] ability: Desolate Land|[of] p2a: Groudon\n|turn|4\n|\n|t:|1699532414\n|move|p1a: Yveltal|Dark Pulse|p2a: Groudon\n|-damage|p2a: Groudon|0 fnt\n|faint|p2a: Groudon\n|-weather|none\n|\n|-end|p1a: Yveltal|move: Taunt\n|upkeep\n|\n|t:|1699532419\n|switch|p2a: Xerneas|Xerneas|100\/100\n|-ability|p2a: Xerneas|Fairy Aura\n|turn|5\n|\n|t:|1699532425\n|switch|p1a: Ho-Oh|Ho-Oh|100\/100\n|move|p2a: Xerneas|Geomancy||[still]\n|-prepare|p2a: Xerneas|Geomancy\n|-enditem|p2a: Xerneas|Power Herb\n|-anim|p2a: Xerneas|Geomancy|p2a: Xerneas\n|-boost|p2a: Xerneas|spa|2\n|-boost|p2a: Xerneas|spd|2\n|-boost|p2a: Xerneas|spe|2\n|\n|upkeep\n|turn|6\n|\n|t:|1699532432\n|-terastallize|p2a: Xerneas|Electric\n|move|p2a: Xerneas|Thunder|p1a: Ho-Oh\n|-supereffective|p1a: Ho-Oh\n|-damage|p1a: Ho-Oh|0 fnt\n|faint|p1a: Ho-Oh\n|\n|upkeep\n|\n|t:|1699532443\n|switch|p1a: Groudon|Groudon|100\/100\n|-damage|p1a: Groudon|94\/100|[from] Stealth Rock\n|detailschange|p1a: Groudon|Groudon-Primal\n|-primal|p1a: Groudon|Red Orb\n|-weather|DesolateLand|[from] ability: Desolate Land|[of] p1a: Groudon\n|turn|7\n|\n|t:|1699532449\n|move|p2a: Xerneas|Moonblast|p1a: Groudon\n|-resisted|p1a: Groudon\n|-damage|p1a: Groudon|21\/100\n|move|p1a: Groudon|Heat Crash|p2a: Xerneas\n|-damage|p2a: Xerneas|13\/100\n|\n|-weather|DesolateLand|[upkeep]\n|upkeep\n|turn|8\n|\n|t:|1699532457\n|move|p2a: Xerneas|Moonblast|p1a: Groudon\n|-resisted|p1a: Groudon\n|-damage|p1a: Groudon|0 fnt\n|faint|p1a: Groudon\n|-weather|none\n|\n|upkeep\n|\n|t:|1699532459\n|switch|p1a: Marshadow|Marshadow|100\/100\n|-damage|p1a: Marshadow|94\/100|[from] Stealth Rock\n|turn|9\n|\n|t:|1699532465\n|move|p1a: Marshadow|Shadow Sneak|p2a: Xerneas\n|-damage|p2a: Xerneas|0 fnt\n|faint|p2a: Xerneas\n|\n|upkeep\n|\n|t:|1699532473\n|switch|p2a: Necrozma|Necrozma-Dusk-Mane|100\/100\n|turn|10\n|\n|t:|1699532481\n|switch|p1a: Zygarde|Zygarde|100\/100\n|-damage|p1a: Zygarde|94\/100|[from] Stealth Rock\n|move|p2a: Necrozma|Dragon Dance|p2a: Necrozma\n|-boost|p2a: Necrozma|atk|1\n|-boost|p2a: Necrozma|spe|1\n|\n|-heal|p1a: Zygarde|100\/100|[from] item: Leftovers\n|upkeep\n|turn|11\n|\n|t:|1699532490\n|switch|p2a: Arceus|Arceus|100\/100\n|move|p1a: Zygarde|Glare|p2a: Arceus\n|-status|p2a: Arceus|par\n|\n|upkeep\n|turn|12\n|\n|t:|1699532496\n|move|p1a: Zygarde|Coil|p1a: Zygarde\n|-boost|p1a: Zygarde|atk|1\n|-boost|p1a: Zygarde|def|1\n|-boost|p1a: Zygarde|accuracy|1\n|move|p2a: Arceus|Taunt|p1a: Zygarde\n|-start|p1a: Zygarde|move: Taunt\n|\n|upkeep\n|turn|13\n|\n|t:|1699532504\n|move|p1a: Zygarde|Thousand Arrows|p2a: Arceus\n|-damage|p2a: Arceus|69\/100 par\n|move|p2a: Arceus|Dragon Dance|p2a: Arceus\n|-boost|p2a: Arceus|atk|1\n|-boost|p2a: Arceus|spe|1\n|\n|upkeep\n|turn|14\n|\n|t:|1699532512\n|move|p2a: Arceus|Extreme Speed|p1a: Zygarde\n|-damage|p1a: Zygarde|75\/100\n|move|p1a: Zygarde|Thousand Arrows|p2a: Arceus\n|-damage|p2a: Arceus|38\/100 par\n|\n|-heal|p1a: Zygarde|81\/100|[from] item: Leftovers\n|upkeep\n|turn|15\n|\n|t:|1699532520\n|move|p2a: Arceus|Extreme Speed|p1a: Zygarde\n|-damage|p1a: Zygarde|54\/100\n|move|p1a: Zygarde|Thousand Arrows|p2a: Arceus\n|-damage|p2a: Arceus|4\/100 par\n|\n|-heal|p1a: Zygarde|60\/100|[from] item: Leftovers\n|-end|p1a: Zygarde|move: Taunt\n|upkeep\n|turn|16\n|\n|t:|1699532529\n|move|p1a: Zygarde|Thousand Arrows|p2a: Arceus\n|-damage|p2a: Arceus|0 fnt\n|faint|p2a: Arceus\n|\n|-heal|p1a: Zygarde|67\/100|[from] item: Leftovers\n|upkeep\n|\n|t:|1699532535\n|switch|p2a: Necrozma|Necrozma-Dusk-Mane|100\/100\n|turn|17\n|\n|t:|1699532542\n|move|p2a: Necrozma|Dragon Dance|p2a: Necrozma\n|-boost|p2a: Necrozma|atk|1\n|-boost|p2a: Necrozma|spe|1\n|move|p1a: Zygarde|Glare|p2a: Necrozma\n|-status|p2a: Necrozma|par\n|\n|-heal|p1a: Zygarde|73\/100|[from] item: Leftovers\n|upkeep\n|turn|18\n|-message|16sunas forfeited.\n|\n|win|topszy\n|raw|topszy's rating: 1706 &rarr; <strong>1725<\/strong><br \/>(+19 for winning)\n|raw|16sunas's rating: 1680 &rarr; <strong>1661<\/strong><br \/>(-19 for losing)\n|l|\u260616sunas\n|l|\u2606topszy\n","uploadtime":1699532558,"views":5,"p1id":"topszy","p2id":"16sunas","formatid":"gen9nationaldexubers","rating":1661,"private":0,"password":""}