{"id":"gen9nationaldexubers-1991983598","p1":"ChefSkully","p2":"hattorivt","format":"[Gen 9] National Dex Ubers","log":"|j|\u2606ChefSkully\n|j|\u2606hattorivt\n|t:|1700145024\n|gametype|singles\n|player|p1|ChefSkully|psychic-lgpe|\n|player|p2|hattorivt|marnie-masters|\n|teamsize|p1|6\n|teamsize|p2|6\n|gen|9\n|tier|[Gen 9] National Dex Ubers\n|rule|HP Percentage Mod: HP is shown in percentages\n|rule|Endless Battle Clause: Forcing endless battles is banned\n|rule|OHKO Clause: OHKO moves are banned\n|rule|Evasion Moves Clause: Evasion moves are banned\n|rule|Evasion Items Clause: Evasion items are banned\n|rule|Species Clause: Limit one of each Pok\u00e9mon\n|rule|Sleep Clause Mod: Limit one foe put to sleep\n|rule|Mega Rayquaza Clause: You cannot mega evolve Rayquaza\n|clearpoke\n|poke|p1|Blissey, F|\n|poke|p1|Thundurus, M|\n|poke|p1|Keldeo-Resolute|\n|poke|p1|Greninja-*, M|\n|poke|p1|Carracosta, F|\n|poke|p1|Eelektross, M|\n|poke|p2|Iron Moth|\n|poke|p2|Mawile, M|\n|poke|p2|Regidrago|\n|poke|p2|Forretress, F|\n|poke|p2|Baxcalibur, F|\n|poke|p2|Hawlucha, M|\n|teampreview\n|inactive|Battle timer is ON: inactive players will automatically lose when time's up. (requested by hattorivt)\n|c|\u2606ChefSkully|gl hf\n|\n|t:|1700145037\n|start\n|switch|p1a: Thundurus|Thundurus, M|100\/100\n|switch|p2a: Forretress|Forretress, F|100\/100\n|turn|1\n|\n|t:|1700145050\n|move|p1a: Thundurus|Taunt|p2a: Forretress\n|-start|p2a: Forretress|move: Taunt\n|move|p2a: Forretress|Volt Switch|p1a: Thundurus\n|-damage|p1a: Thundurus|89\/100\n|c|\u2606hattorivt|u too\n|\n|t:|1700145057\n|switch|p2a: Baxcalibur|Baxcalibur, F|100\/100|[from] Volt Switch\n|\n|upkeep\n|turn|2\n|\n|t:|1700145061\n|move|p1a: Thundurus|Rain Dance|p1a: Thundurus\n|-weather|RainDance\n|move|p2a: Baxcalibur|Icicle Spear|p1a: Thundurus\n|-supereffective|p1a: Thundurus\n|-damage|p1a: Thundurus|66\/100\n|-supereffective|p1a: Thundurus\n|-damage|p1a: Thundurus|42\/100\n|-supereffective|p1a: Thundurus\n|-damage|p1a: Thundurus|18\/100\n|-supereffective|p1a: Thundurus\n|-damage|p1a: Thundurus|0 fnt\n|faint|p1a: Thundurus\n|-hitcount|p1: Thundurus|4\n|\n|-weather|RainDance|[upkeep]\n|upkeep\n|\n|t:|1700145072\n|switch|p1a: Blissey|Blissey, F|100\/100\n|turn|3\n|\n|t:|1700145079\n|switch|p2a: Forretress|Forretress, F|100\/100\n|move|p1a: Blissey|Counter||[still]\n|-fail|p1a: Blissey\n|\n|-weather|RainDance|[upkeep]\n|upkeep\n|turn|4\n|\n|t:|1700145084\n|move|p1a: Blissey|Stealth Rock|p2a: Forretress\n|-sidestart|p2: hattorivt|move: Stealth Rock\n|move|p2a: Forretress|Volt Switch|p1a: Blissey\n|-damage|p1a: Blissey|96\/100\n|\n|t:|1700145090\n|switch|p2a: Hawlucha|Hawlucha, M|100\/100|[from] Volt Switch\n|-damage|p2a: Hawlucha|88\/100|[from] Stealth Rock\n|\n|-weather|RainDance|[upkeep]\n|upkeep\n|turn|5\n|\n|t:|1700145098\n|move|p2a: Hawlucha|Swords Dance|p2a: Hawlucha\n|-boost|p2a: Hawlucha|atk|2\n|move|p1a: Blissey|Charm|p2a: Hawlucha\n|-unboost|p2a: Hawlucha|atk|2\n|\n|-weather|RainDance|[upkeep]\n|upkeep\n|turn|6\n|\n|t:|1700145104\n|move|p2a: Hawlucha|Swords Dance|p2a: Hawlucha\n|-boost|p2a: Hawlucha|atk|2\n|move|p1a: Blissey|Counter||[still]\n|-fail|p1a: Blissey\n|\n|-weather|RainDance|[upkeep]\n|upkeep\n|turn|7\n|\n|t:|1700145108\n|move|p2a: Hawlucha|Close Combat|p1a: Blissey\n|-supereffective|p1a: Blissey\n|-enditem|p1a: Blissey|Chople Berry|[eat]\n|-enditem|p1a: Blissey|Chople Berry|[weaken]\n|-damage|p1a: Blissey|0 fnt\n|-unboost|p2a: Hawlucha|def|1\n|-unboost|p2a: Hawlucha|spd|1\n|faint|p1a: Blissey\n|\n|-weather|RainDance|[upkeep]\n|upkeep\n|c|\u2606ChefSkully|it didnt let me cancel wtf\n|c|\u2606ChefSkully|how am i this laggy\n|c|\u2606hattorivt|rip\n|\n|t:|1700145128\n|switch|p1a: Carracosta|Carracosta, F|100\/100\n|turn|8\n|\n|t:|1700145136\n|-terastallize|p1a: Carracosta|Flying\n|move|p2a: Hawlucha|Close Combat|p1a: Carracosta\n|-resisted|p1a: Carracosta\n|-damage|p1a: Carracosta|58\/100\n|-unboost|p2a: Hawlucha|def|1\n|-unboost|p2a: Hawlucha|spd|1\n|move|p1a: Carracosta|Shell Smash|p1a: Carracosta\n|-unboost|p1a: Carracosta|def|1\n|-unboost|p1a: Carracosta|spd|1\n|-boost|p1a: Carracosta|atk|2\n|-boost|p1a: Carracosta|spa|2\n|-boost|p1a: Carracosta|spe|2\n|-enditem|p1a: Carracosta|White Herb\n|-clearnegativeboost|p1a: Carracosta|[silent]\n|\n|-weather|RainDance|[upkeep]\n|upkeep\n|turn|9\n|\n|t:|1700145151\n|move|p1a: Carracosta|Ice Beam|p2a: Hawlucha\n|-supereffective|p2a: Hawlucha\n|-damage|p2a: Hawlucha|0 fnt\n|faint|p2a: Hawlucha\n|\n|-weather|none\n|upkeep\n|c|\u2606ChefSkully|adamant?\n|\n|t:|1700145174\n|switch|p2a: Regidrago|Regidrago|100\/100\n|-damage|p2a: Regidrago|88\/100|[from] Stealth Rock\n|turn|10\n|\n|t:|1700145180\n|move|p2a: Regidrago|Dragon Energy|p1a: Carracosta\n|-damage|p1a: Carracosta|0 fnt\n|faint|p1a: Carracosta\n|\n|upkeep\n|\n|t:|1700145191\n|switch|p1a: Keldeo|Keldeo-Resolute|100\/100\n|turn|11\n|\n|t:|1700145197\n|switch|p2a: Forretress|Forretress, F|100\/100\n|-damage|p2a: Forretress|88\/100|[from] Stealth Rock\n|move|p1a: Keldeo|Secret Sword|p2a: Forretress\n|-damage|p2a: Forretress|67\/100\n|\n|-heal|p2a: Forretress|73\/100|[from] item: Leftovers\n|upkeep\n|turn|12\n|\n|t:|1700145202\n|move|p1a: Keldeo|Substitute|p1a: Keldeo\n|-start|p1a: Keldeo|Substitute\n|-damage|p1a: Keldeo|76\/100\n|move|p2a: Forretress|Rapid Spin|p1a: Keldeo\n|-activate|p1a: Keldeo|move: Substitute|[damage]\n|-sideend|p2: hattorivt|Stealth Rock|[from] move: Rapid Spin|[of] p2a: Forretress\n|-boost|p2a: Forretress|spe|1\n|\n|-heal|p1a: Keldeo|82\/100|[from] item: Leftovers\n|-heal|p2a: Forretress|79\/100|[from] item: Leftovers\n|upkeep\n|turn|13\n|\n|t:|1700145207\n|move|p1a: Keldeo|Calm Mind|p1a: Keldeo\n|-boost|p1a: Keldeo|spa|1\n|-boost|p1a: Keldeo|spd|1\n|move|p2a: Forretress|Volt Switch|p1a: Keldeo\n|-supereffective|p1a: Keldeo\n|-end|p1a: Keldeo|Substitute\n|\n|t:|1700145222\n|switch|p2a: Regidrago|Regidrago|88\/100|[from] Volt Switch\n|\n|-heal|p1a: Keldeo|88\/100|[from] item: Leftovers\n|upkeep\n|turn|14\n|\n|t:|1700145226\n|move|p2a: Regidrago|Outrage|p1a: Keldeo\n|-damage|p1a: Keldeo|37\/100\n|move|p1a: Keldeo|Secret Sword|p2a: Regidrago\n|-damage|p2a: Regidrago|25\/100\n|\n|-heal|p1a: Keldeo|43\/100|[from] item: Leftovers\n|upkeep\n|turn|15\n|\n|t:|1700145230\n|move|p2a: Regidrago|Outrage|p1a: Keldeo|[from]lockedmove\n|-damage|p1a: Keldeo|0 fnt\n|faint|p1a: Keldeo\n|\n|upkeep\n|\n|t:|1700145232\n|switch|p1a: Greninja|Greninja, M|100\/100\n|turn|16\n|\n|t:|1700145238\n|move|p2a: Regidrago|Outrage|p1a: Greninja|[from]lockedmove\n|-damage|p1a: Greninja|32\/100\n|-start|p2a: Regidrago|confusion|[fatigue]\n|move|p1a: Greninja|Ice Beam|p2a: Regidrago\n|-supereffective|p2a: Regidrago\n|-damage|p2a: Regidrago|0 fnt\n|faint|p2a: Regidrago\n|-ability|p1a: Greninja|Battle Bond|boost\n|-boost|p1a: Greninja|atk|1\n|-boost|p1a: Greninja|spa|1\n|-boost|p1a: Greninja|spe|1\n|-activate|p1a: Greninja|ability: Battle Bond\n|-damage|p1a: Greninja|22\/100|[from] item: Life Orb\n|\n|upkeep\n|\n|t:|1700145248\n|switch|p2a: Mawile|Mawile, M|100\/100\n|-ability|p2a: Mawile|Intimidate|boost\n|-unboost|p1a: Greninja|atk|1\n|turn|17\n|\n|t:|1700145253\n|detailschange|p2a: Mawile|Mawile-Mega, M\n|-mega|p2a: Mawile|Mawile|Mawilite\n|move|p2a: Mawile|Sucker Punch||[still]\n|-fail|p2a: Mawile\n|move|p1a: Greninja|Substitute|p1a: Greninja\n|-fail|p1a: Greninja|move: Substitute|[weak]\n|\n|upkeep\n|turn|18\n|\n|t:|1700145258\n|move|p2a: Mawile|Sucker Punch||[still]\n|-fail|p2a: Mawile\n|move|p1a: Greninja|Substitute|p1a: Greninja\n|-fail|p1a: Greninja|move: Substitute|[weak]\n|\n|upkeep\n|turn|19\n|\n|t:|1700145261\n|move|p2a: Mawile|Sucker Punch||[still]\n|-fail|p2a: Mawile\n|move|p1a: Greninja|Substitute|p1a: Greninja\n|-fail|p1a: Greninja|move: Substitute|[weak]\n|\n|upkeep\n|turn|20\n|\n|t:|1700145265\n|move|p2a: Mawile|Sucker Punch||[still]\n|-fail|p2a: Mawile\n|move|p1a: Greninja|Substitute|p1a: Greninja\n|-fail|p1a: Greninja|move: Substitute|[weak]\n|\n|upkeep\n|turn|21\n|\n|t:|1700145267\n|move|p2a: Mawile|Sucker Punch|p1a: Greninja\n|-resisted|p1a: Greninja\n|-damage|p1a: Greninja|0 fnt\n|faint|p1a: Greninja\n|\n|upkeep\n|\n|t:|1700145271\n|switch|p1a: Eelektross|Eelektross, M|100\/100\n|turn|22\n|c|\u2606ChefSkully|ah damn\n|\n|t:|1700145276\n|move|p1a: Eelektross|Coil|p1a: Eelektross\n|-boost|p1a: Eelektross|atk|1\n|-boost|p1a: Eelektross|def|1\n|-boost|p1a: Eelektross|accuracy|1\n|move|p2a: Mawile|Knock Off|p1a: Eelektross\n|-damage|p1a: Eelektross|56\/100\n|-enditem|p1a: Eelektross|Leftovers|[from] move: Knock Off|[of] p2a: Mawile\n|\n|upkeep\n|turn|23\n|\n|t:|1700145283\n|move|p1a: Eelektross|Drain Punch|p2a: Mawile\n|-damage|p2a: Mawile|58\/100\n|-heal|p1a: Eelektross|71\/100|[from] drain|[of] p2a: Mawile\n|move|p2a: Mawile|Play Rough|p1a: Eelektross\n|-damage|p1a: Eelektross|3\/100\n|\n|upkeep\n|turn|24\n|c|\u2606ChefSkully|gg\n|-message|ChefSkully forfeited.\n|\n|win|hattorivt\n|l|\u2606ChefSkully\n|c|\u2606hattorivt|gg\n|j|\u2606ChefSkully\n|player|p1|ChefSkully|psychic-lgpe\n|l|\u2606ChefSkully\n|player|p1|\n","uploadtime":1700145312,"views":25,"p1id":"chefskully","p2id":"hattorivt","formatid":"gen9nationaldexubers","rating":0,"private":0,"password":""}