{"id":"gen9nationaldexubers-1982202545","p1":"Character444","p2":"Shitskrieg","format":"[Gen 9] National Dex Ubers","log":"|j|\u2606Character444\n|j|\u2606Shitskrieg\n|t:|1698978700\n|gametype|singles\n|player|p1|Character444|2|1093\n|player|p2|Shitskrieg|ninjaboy|1000\n|teamsize|p1|6\n|teamsize|p2|6\n|gen|9\n|tier|[Gen 9] National Dex Ubers\n|rated|\n|rule|HP Percentage Mod: HP is shown in percentages\n|rule|Endless Battle Clause: Forcing endless battles is banned\n|rule|OHKO Clause: OHKO moves are banned\n|rule|Evasion Moves Clause: Evasion moves are banned\n|rule|Evasion Items Clause: Evasion items are banned\n|rule|Species Clause: Limit one of each Pok\u00e9mon\n|rule|Sleep Clause Mod: Limit one foe put to sleep\n|rule|Mega Rayquaza Clause: You cannot mega evolve Rayquaza\n|clearpoke\n|poke|p1|Kingambit, M|\n|poke|p1|Metagross|\n|poke|p1|Mew|\n|poke|p1|Zacian-*|\n|poke|p1|Dragapult, M|\n|poke|p1|Urshifu-*, F|\n|poke|p2|Salamence, F|\n|poke|p2|Xerneas-*|\n|poke|p2|Ho-Oh|\n|poke|p2|Marshadow|\n|poke|p2|Groudon|\n|poke|p2|Urshifu-*, F|\n|teampreview\n|inactive|Battle timer is ON: inactive players will automatically lose when time's up. (requested by Shitskrieg)\n|\n|t:|1698978704\n|start\n|switch|p1a: Little Bastard|Mew|100\/100\n|switch|p2a: Urshifu|Urshifu, F|100\/100\n|turn|1\n|\n|t:|1698978713\n|move|p2a: Urshifu|Wicked Blow|p1a: Little Bastard\n|-supereffective|p1a: Little Bastard\n|-crit|p1a: Little Bastard\n|-damage|p1a: Little Bastard|0 fnt\n|faint|p1a: Little Bastard\n|\n|upkeep\n|\n|t:|1698978728\n|switch|p1a: Deezapult|Dragapult, M|100\/100\n|turn|2\n|\n|t:|1698978732\n|move|p2a: Urshifu|Wicked Blow|p1a: Deezapult\n|-supereffective|p1a: Deezapult\n|-crit|p1a: Deezapult\n|-damage|p1a: Deezapult|0 fnt\n|faint|p1a: Deezapult\n|\n|upkeep\n|\n|t:|1698978738\n|switch|p1a: Freddy Fazballs|Urshifu-Rapid-Strike, F|100\/100\n|turn|3\n|\n|t:|1698978747\n|switch|p2a: Marshadow|Marshadow|100\/100\n|move|p1a: Freddy Fazballs|Close Combat|p2a: Marshadow\n|-immune|p2a: Marshadow\n|\n|upkeep\n|turn|4\n|\n|t:|1698978753\n|switch|p2a: Groudon|Groudon|100\/100\n|detailschange|p2a: Groudon|Groudon-Primal\n|-primal|p2a: Groudon|Red Orb\n|-weather|DesolateLand|[from] ability: Desolate Land|[of] p2a: Groudon\n|move|p1a: Freddy Fazballs|Surging Strikes||[still]\n|-fail|p1a: Freddy Fazballs|Surging Strikes|[from] Desolate Land\n|\n|-weather|DesolateLand|[upkeep]\n|upkeep\n|turn|5\n|\n|t:|1698978759\n|move|p2a: Groudon|Rock Polish|p2a: Groudon\n|-boost|p2a: Groudon|spe|2\n|move|p1a: Freddy Fazballs|Surging Strikes||[still]\n|-fail|p1a: Freddy Fazballs|Surging Strikes|[from] Desolate Land\n|\n|-weather|DesolateLand|[upkeep]\n|upkeep\n|turn|6\n|c|\u2606Shitskrieg|bruh\n|\n|t:|1698978767\n|move|p2a: Groudon|Solar Beam||[still]\n|-prepare|p2a: Groudon|Solar Beam\n|-anim|p2a: Groudon|Solar Beam|p1a: Freddy Fazballs\n|-supereffective|p1a: Freddy Fazballs\n|-damage|p1a: Freddy Fazballs|21\/100\n|move|p1a: Freddy Fazballs|Close Combat|p2a: Groudon\n|-damage|p2a: Groudon|57\/100\n|-unboost|p1a: Freddy Fazballs|def|1\n|-unboost|p1a: Freddy Fazballs|spd|1\n|\n|-weather|DesolateLand|[upkeep]\n|upkeep\n|turn|7\n|\n|t:|1698978775\n|move|p1a: Freddy Fazballs|Aqua Jet||[still]\n|-fail|p1a: Freddy Fazballs|Aqua Jet|[from] Desolate Land\n|move|p2a: Groudon|Flamethrower|p1a: Freddy Fazballs\n|-resisted|p1a: Freddy Fazballs\n|-damage|p1a: Freddy Fazballs|0 fnt\n|faint|p1a: Freddy Fazballs\n|\n|-weather|DesolateLand|[upkeep]\n|upkeep\n|c|\u2606Shitskrieg|Bruh\n|\n|t:|1698978781\n|switch|p1a: The Meta|Metagross, shiny|100\/100\n|turn|8\n|\n|t:|1698978787\n|detailschange|p1a: The Meta|Metagross-Mega, shiny\n|-mega|p1a: The Meta|Metagross|Metagrossite\n|move|p2a: Groudon|Flamethrower|p1a: The Meta\n|-supereffective|p1a: The Meta\n|-damage|p1a: The Meta|0 fnt\n|faint|p1a: The Meta\n|\n|-weather|DesolateLand|[upkeep]\n|upkeep\n|\n|t:|1698978792\n|switch|p1a: Owo|Zacian-Crowned|100\/100\n|-ability|p1a: Owo|Intrepid Sword|boost\n|-boost|p1a: Owo|atk|1\n|turn|9\n|\n|t:|1698978800\n|move|p2a: Groudon|Flamethrower|p1a: Owo\n|-supereffective|p1a: Owo\n|-damage|p1a: Owo|0 fnt\n|faint|p1a: Owo\n|\n|-weather|DesolateLand|[upkeep]\n|upkeep\n|\n|t:|1698978803\n|switch|p1a: The Lord|Kingambit, M, shiny|100\/100\n|-activate|p1a: The Lord|ability: Supreme Overlord\n|-start|p1a: The Lord|fallen5|[silent]\n|turn|10\n|\n|t:|1698978811\n|-terastallize|p1a: The Lord|Flying\n|move|p2a: Groudon|Flamethrower|p1a: The Lord\n|-damage|p1a: The Lord|19\/100\n|-enditem|p1a: The Lord|Sitrus Berry|[eat]\n|-heal|p1a: The Lord|44\/100|[from] item: Sitrus Berry\n|move|p1a: The Lord|Kowtow Cleave|p2a: Groudon\n|-damage|p2a: Groudon|9\/100\n|\n|-weather|DesolateLand|[upkeep]\n|upkeep\n|turn|11\n|\n|t:|1698978837\n|move|p2a: Groudon|Flamethrower|p1a: The Lord\n|-damage|p1a: The Lord|0 fnt\n|faint|p1a: The Lord\n|-end|p1a: The Lord|fallen5|[silent]\n|\n|win|Shitskrieg\n|raw|Character444's rating: 1093 &rarr; <strong>1063<\/strong><br \/>(-30 for losing)\n|raw|Shitskrieg's rating: 1000 &rarr; <strong>1050<\/strong><br \/>(+50 for winning)\n","uploadtime":1698978848,"views":5,"p1id":"character444","p2id":"shitskrieg","formatid":"gen9nationaldexubers","rating":1050,"private":0,"password":""}