{"id":"gen9nationaldexubers-1998003545","p1":"Czar_agon","p2":"speedykidyo","format":"[Gen 9] National Dex Ubers","log":"|j|\u2606Czar_agon\n|j|\u2606speedykidyo\n|t:|1700877740\n|gametype|singles\n|player|p1|Czar_agon|iris|\n|player|p2|speedykidyo|101|\n|teamsize|p1|6\n|teamsize|p2|6\n|gen|9\n|tier|[Gen 9] National Dex Ubers\n|rule|HP Percentage Mod: HP is shown in percentages\n|rule|Endless Battle Clause: Forcing endless battles is banned\n|rule|OHKO Clause: OHKO moves are banned\n|rule|Evasion Moves Clause: Evasion moves are banned\n|rule|Evasion Items Clause: Evasion items are banned\n|rule|Species Clause: Limit one of each Pok\u00e9mon\n|rule|Sleep Clause Mod: Limit one foe put to sleep\n|rule|Mega Rayquaza Clause: You cannot mega evolve Rayquaza\n|clearpoke\n|poke|p1|Tornadus-Therian, M|\n|poke|p1|Slowking-Galar, M|\n|poke|p1|Swampert, F|\n|poke|p1|Baxcalibur, M|\n|poke|p1|Skeledirge, F|\n|poke|p1|Krookodile, M|\n|poke|p2|Tyranitar, M|\n|poke|p2|Dracozolt|\n|poke|p2|Urshifu-*, M|\n|poke|p2|Typhlosion, F|\n|poke|p2|Crobat, M|\n|poke|p2|Ting-Lu|\n|teampreview\n|c|\u2606Czar_agon|Let's start around 8:07 or when 7 people appear\n|c|\u2606speedykidyo|ok\n|j| Demolution545\n|j| VoIteon\n|c|\u2606speedykidyo|!\n|c|\u2606speedykidyo|our first victims\n|c|\u2606Czar_agon|ready?\n|c|\u2606speedykidyo|sure\n|\n|t:|1700878054\n|start\n|switch|p1a: Tornadus|Tornadus-Therian, M|100\/100\n|switch|p2a: Ting-Lu|Ting-Lu|100\/100\n|-ability|p2a: Ting-Lu|Vessel of Ruin\n|turn|1\n|\n|t:|1700878069\n|move|p1a: Tornadus|Focus Blast|p2a: Ting-Lu\n|-supereffective|p2a: Ting-Lu\n|-damage|p2a: Ting-Lu|71\/100\n|move|p2a: Ting-Lu|Spikes|p1a: Tornadus\n|-sidestart|p1: Czar_agon|Spikes\n|\n|-heal|p2a: Ting-Lu|77\/100|[from] item: Leftovers\n|upkeep\n|turn|2\n|\n|t:|1700878084\n|move|p1a: Tornadus|Defog|p2a: Ting-Lu\n|-unboost|p2a: Ting-Lu|evasion|1\n|-sideend|p1: Czar_agon|Spikes|[from] move: Defog|[of] p1a: Tornadus\n|move|p2a: Ting-Lu|Ruination|p1a: Tornadus\n|-damage|p1a: Tornadus|51\/100\n|\n|-heal|p2a: Ting-Lu|83\/100|[from] item: Leftovers\n|upkeep\n|turn|3\n|\n|t:|1700878095\n|move|p1a: Tornadus|Focus Blast|p2a: Ting-Lu\n|-supereffective|p2a: Ting-Lu\n|-damage|p2a: Ting-Lu|53\/100\n|move|p2a: Ting-Lu|Spikes|p1a: Tornadus\n|-sidestart|p1: Czar_agon|Spikes\n|\n|-heal|p2a: Ting-Lu|59\/100|[from] item: Leftovers\n|upkeep\n|turn|4\n|\n|t:|1700878106\n|move|p1a: Tornadus|Focus Blast|p2a: Ting-Lu|[miss]\n|-miss|p1a: Tornadus|p2a: Ting-Lu\n|move|p2a: Ting-Lu|Ruination|p1a: Tornadus\n|-damage|p1a: Tornadus|26\/100\n|\n|-heal|p2a: Ting-Lu|65\/100|[from] item: Leftovers\n|upkeep\n|turn|5\n|\n|t:|1700878115\n|move|p1a: Tornadus|Defog|p2a: Ting-Lu\n|-unboost|p2a: Ting-Lu|evasion|1\n|-sideend|p1: Czar_agon|Spikes|[from] move: Defog|[of] p1a: Tornadus\n|move|p2a: Ting-Lu|Whirlwind|p1a: Tornadus\n|drag|p1a: Swampert|Swampert, F|100\/100\n|\n|-heal|p2a: Ting-Lu|71\/100|[from] item: Leftovers\n|upkeep\n|turn|6\n|\n|t:|1700878130\n|switch|p2a: Urshifu|Urshifu-Rapid-Strike, M|100\/100\n|move|p1a: Swampert|Flip Turn|p2a: Urshifu\n|-resisted|p2a: Urshifu\n|-damage|p2a: Urshifu|89\/100\n|\n|t:|1700878141\n|switch|p1a: Krookodile|Krookodile, M|100\/100|[from] Flip Turn\n|\n|upkeep\n|turn|7\n|\n|t:|1700878150\n|-terastallize|p1a: Krookodile|Dragon\n|move|p2a: Urshifu|Trailblaze|p1a: Krookodile\n|-resisted|p1a: Krookodile\n|-damage|p1a: Krookodile|89\/100\n|-boost|p2a: Urshifu|spe|1\n|move|p1a: Krookodile|Scale Shot|p2a: Urshifu\n|-damage|p2a: Urshifu|77\/100\n|-damage|p2a: Urshifu|64\/100\n|-damage|p2a: Urshifu|53\/100\n|-damage|p2a: Urshifu|41\/100\n|-hitcount|p2a: Urshifu|4\n|-unboost|p1a: Krookodile|def|1\n|-boost|p1a: Krookodile|spe|1\n|\n|upkeep\n|turn|8\n|\n|t:|1700878170\n|move|p2a: Urshifu|Close Combat|p1a: Krookodile\n|-damage|p1a: Krookodile|0 fnt\n|-unboost|p2a: Urshifu|def|1\n|-unboost|p2a: Urshifu|spd|1\n|faint|p1a: Krookodile\n|\n|upkeep\n|j| Gran gran\n|\n|t:|1700878182\n|switch|p1a: Slowking|Slowking-Galar, M|100\/100\n|turn|9\n|\n|t:|1700878191\n|move|p2a: Urshifu|U-turn|p1a: Slowking\n|-damage|p1a: Slowking|83\/100\n|\n|t:|1700878201\n|switch|p2a: Ting-Lu|Ting-Lu|71\/100|[from] U-turn\n|-ability|p2a: Ting-Lu|Vessel of Ruin\n|move|p1a: Slowking|Toxic Spikes|p2a: Ting-Lu\n|-sidestart|p2: speedykidyo|move: Toxic Spikes\n|\n|-heal|p2a: Ting-Lu|78\/100|[from] item: Leftovers\n|-heal|p1a: Slowking|90\/100|[from] item: Leftovers\n|upkeep\n|turn|10\n|\n|t:|1700878211\n|switch|p1a: Tornadus|Tornadus-Therian, M|59\/100\n|move|p2a: Ting-Lu|Earthquake|p1a: Tornadus\n|-immune|p1a: Tornadus\n|\n|-heal|p2a: Ting-Lu|84\/100|[from] item: Leftovers\n|upkeep\n|turn|11\n|\n|t:|1700878226\n|move|p1a: Tornadus|Focus Blast|p2a: Ting-Lu\n|-supereffective|p2a: Ting-Lu\n|-damage|p2a: Ting-Lu|51\/100\n|move|p2a: Ting-Lu|Ruination|p1a: Tornadus\n|-damage|p1a: Tornadus|30\/100\n|\n|-heal|p2a: Ting-Lu|57\/100|[from] item: Leftovers\n|upkeep\n|turn|12\n|\n|t:|1700878251\n|move|p1a: Tornadus|Focus Blast|p2a: Ting-Lu\n|-supereffective|p2a: Ting-Lu\n|-damage|p2a: Ting-Lu|28\/100\n|move|p2a: Ting-Lu|Whirlwind|p1a: Tornadus\n|drag|p1a: Skeledirge|Skeledirge, F|100\/100\n|\n|-heal|p2a: Ting-Lu|34\/100|[from] item: Leftovers\n|upkeep\n|turn|13\n|\n|t:|1700878263\n|switch|p1a: Tornadus|Tornadus-Therian, M|63\/100\n|move|p2a: Ting-Lu|Earthquake|p1a: Tornadus\n|-immune|p1a: Tornadus\n|\n|-heal|p2a: Ting-Lu|40\/100|[from] item: Leftovers\n|upkeep\n|turn|14\n|\n|t:|1700878292\n|switch|p2a: Crobat|Crobat, M|100\/100\n|move|p1a: Tornadus|Focus Blast|p2a: Crobat\n|-resisted|p2a: Crobat\n|-damage|p2a: Crobat|91\/100\n|\n|upkeep\n|turn|15\n|\n|t:|1700878305\n|move|p2a: Crobat|Defog|p1a: Tornadus\n|-unboost|p1a: Tornadus|evasion|1\n|-sideend|p2: speedykidyo|Toxic Spikes|[from] move: Defog|[of] p2a: Crobat\n|move|p1a: Tornadus|U-turn|p2a: Crobat\n|-resisted|p2a: Crobat\n|-crit|p2a: Crobat\n|-damage|p2a: Crobat|85\/100\n|\n|t:|1700878313\n|switch|p1a: Slowking|Slowking-Galar, M|100\/100|[from] U-turn\n|\n|upkeep\n|turn|16\n|l| Gran gran\n|c| Demolution545|Big time crit\n|\n|t:|1700878344\n|switch|p2a: Tyranitar|Tyranitar, M|100\/100\n|-weather|Sandstorm|[from] ability: Sand Stream|[of] p2a: Tyranitar\n|move|p1a: Slowking|Future Sight|p2a: Tyranitar\n|-start|p1a: Slowking|move: Future Sight\n|\n|-weather|Sandstorm|[upkeep]\n|-damage|p1a: Slowking|94\/100|[from] Sandstorm\n|-heal|p1a: Slowking|100\/100|[from] item: Leftovers\n|upkeep\n|turn|17\n|\n|t:|1700878354\n|detailschange|p2a: Tyranitar|Tyranitar-Mega, M\n|-mega|p2a: Tyranitar|Tyranitar|Tyranitarite\n|move|p2a: Tyranitar|Pursuit|p1a: Slowking\n|-supereffective|p1a: Slowking\n|-crit|p1a: Slowking\n|-damage|p1a: Slowking|37\/100\n|move|p1a: Slowking|Chilly Reception|p1a: Slowking\n|-weather|Snow\n|\n|t:|1700878365\n|switch|p1a: Tornadus|Tornadus-Therian, M|96\/100|[from] Chilly Reception\n|\n|-weather|Snow|[upkeep]\n|upkeep\n|turn|18\n|\n|t:|1700878400\n|switch|p2a: Dracozolt|Dracozolt|100\/100\n|-zpower|p1a: Tornadus\n|move|p1a: Tornadus|All-Out Pummeling|p2a: Dracozolt|[zeffect]\n|-damage|p2a: Dracozolt|1\/100\n|\n|-weather|Snow|[upkeep]\n|-end|p2a: Dracozolt|move: Future Sight\n|-damage|p2a: Dracozolt|0 fnt\n|faint|p2a: Dracozolt\n|upkeep\n|c|\u2606speedykidyo|well shit\n|\n|t:|1700878436\n|switch|p2a: Typhlosion|Typhlosion, F|100\/100\n|turn|19\n|\n|t:|1700878445\n|-terastallize|p2a: Typhlosion|Fire\n|move|p2a: Typhlosion|Eruption|p1a: Tornadus\n|-damage|p1a: Tornadus|0 fnt\n|faint|p1a: Tornadus\n|\n|-weather|Snow|[upkeep]\n|upkeep\n|\n|t:|1700878455\n|switch|p1a: Swampert|Swampert, F|100\/100\n|turn|20\n|c|\u2606speedykidyo|HAHA its DEAD\n|\n|t:|1700878467\n|switch|p2a: Urshifu|Urshifu-Rapid-Strike, M|41\/100\n|move|p1a: Swampert|Earthquake|p2a: Urshifu\n|-damage|p2a: Urshifu|0 fnt\n|faint|p2a: Urshifu\n|\n|-weather|Snow|[upkeep]\n|upkeep\n|c|\u2606Czar_agon|and so is that\n|c| Demolution545|Dang\n|c|\u2606speedykidyo|uh oh\n|\n|t:|1700878502\n|switch|p2a: Crobat|Crobat, M|85\/100\n|turn|21\n|\n|t:|1700878505\n|move|p2a: Crobat|Super Fang|p1a: Swampert\n|-damage|p1a: Swampert|50\/100\n|move|p1a: Swampert|Ice Punch|p2a: Crobat\n|-supereffective|p2a: Crobat\n|-damage|p2a: Crobat|46\/100\n|\n|-weather|none\n|-heal|p1a: Swampert|57\/100|[from] item: Leftovers\n|upkeep\n|turn|22\n|j| Lunar Sloth\n|l| Lunar Sloth\n|j| Lunar Sloth\n|\n|t:|1700878559\n|switch|p1a: Skeledirge|Skeledirge, F|100\/100\n|move|p2a: Crobat|Super Fang|p1a: Skeledirge\n|-immune|p1a: Skeledirge\n|\n|upkeep\n|turn|23\n|\n|t:|1700878571\n|move|p2a: Crobat|Roost|p2a: Crobat\n|-heal|p2a: Crobat|96\/100\n|-singleturn|p2a: Crobat|move: Roost\n|move|p1a: Skeledirge|Hex|p2a: Crobat\n|-damage|p2a: Crobat|71\/100\n|\n|upkeep\n|turn|24\n|\n|t:|1700878585\n|move|p2a: Crobat|Brave Bird|p1a: Skeledirge\n|-damage|p1a: Skeledirge|69\/100\n|-damage|p2a: Crobat|60\/100|[from] Recoil\n|move|p1a: Skeledirge|Hex|p2a: Crobat\n|-damage|p2a: Crobat|32\/100\n|\n|upkeep\n|turn|25\n|\n|t:|1700878594\n|move|p2a: Crobat|Roost|p2a: Crobat\n|-heal|p2a: Crobat|82\/100\n|-singleturn|p2a: Crobat|move: Roost\n|move|p1a: Skeledirge|Hex|p2a: Crobat\n|-damage|p2a: Crobat|56\/100\n|\n|upkeep\n|turn|26\n|\n|t:|1700878622\n|switch|p2a: Typhlosion|Typhlosion, F, tera:Fire|100\/100\n|move|p1a: Skeledirge|Slack Off|p1a: Skeledirge\n|-heal|p1a: Skeledirge|100\/100\n|\n|upkeep\n|turn|27\n|\n|t:|1700878635\n|switch|p1a: Swampert|Swampert, F|57\/100\n|move|p2a: Typhlosion|Shadow Ball|p1a: Swampert\n|-damage|p1a: Swampert|35\/100\n|\n|-heal|p1a: Swampert|42\/100|[from] item: Leftovers\n|upkeep\n|turn|28\n|\n|t:|1700878649\n|switch|p2a: Crobat|Crobat, M|56\/100\n|move|p1a: Swampert|Flip Turn|p2a: Crobat\n|-damage|p2a: Crobat|32\/100\n|\n|t:|1700878654\n|switch|p1a: Skeledirge|Skeledirge, F|100\/100|[from] Flip Turn\n|\n|upkeep\n|turn|29\n|\n|t:|1700878659\n|move|p2a: Crobat|Roost|p2a: Crobat\n|-heal|p2a: Crobat|82\/100\n|-singleturn|p2a: Crobat|move: Roost\n|move|p1a: Skeledirge|Hex|p2a: Crobat\n|-damage|p2a: Crobat|56\/100\n|\n|upkeep\n|turn|30\n|\n|t:|1700878665\n|move|p2a: Crobat|Roost|p2a: Crobat\n|-heal|p2a: Crobat|100\/100\n|-singleturn|p2a: Crobat|move: Roost\n|move|p1a: Skeledirge|Hex|p2a: Crobat\n|-damage|p2a: Crobat|72\/100\n|\n|upkeep\n|turn|31\n|\n|t:|1700878675\n|move|p2a: Crobat|Brave Bird|p1a: Skeledirge\n|-damage|p1a: Skeledirge|69\/100\n|-damage|p2a: Crobat|61\/100|[from] Recoil\n|move|p1a: Skeledirge|Hex|p2a: Crobat\n|-damage|p2a: Crobat|32\/100\n|\n|upkeep\n|turn|32\n|\n|t:|1700878684\n|move|p2a: Crobat|Roost|p2a: Crobat\n|-heal|p2a: Crobat|82\/100\n|-singleturn|p2a: Crobat|move: Roost\n|move|p1a: Skeledirge|Slack Off|p1a: Skeledirge\n|-heal|p1a: Skeledirge|100\/100\n|\n|upkeep\n|turn|33\n|\n|t:|1700878698\n|move|p2a: Crobat|Brave Bird|p1a: Skeledirge\n|-damage|p1a: Skeledirge|70\/100\n|-damage|p2a: Crobat|71\/100|[from] Recoil\n|move|p1a: Skeledirge|Hex|p2a: Crobat\n|-damage|p2a: Crobat|41\/100\n|\n|upkeep\n|turn|34\n|\n|t:|1700878740\n|switch|p2a: Tyranitar|Tyranitar-Mega, M|100\/100\n|-weather|Sandstorm|[from] ability: Sand Stream|[of] p2a: Tyranitar\n|move|p1a: Skeledirge|Hex|p2a: Tyranitar\n|-resisted|p2a: Tyranitar\n|-damage|p2a: Tyranitar|95\/100\n|\n|-weather|Sandstorm|[upkeep]\n|-damage|p1a: Skeledirge|64\/100|[from] Sandstorm\n|upkeep\n|turn|35\n|l| Lunar Sloth\n|\n|t:|1700878786\n|move|p2a: Tyranitar|Pursuit|p1a: Skeledirge\n|-supereffective|p1a: Skeledirge\n|-damage|p1a: Skeledirge|16\/100\n|move|p1a: Skeledirge|Will-O-Wisp|p2a: Tyranitar|[miss]\n|-miss|p1a: Skeledirge|p2a: Tyranitar\n|\n|-weather|Sandstorm|[upkeep]\n|-damage|p1a: Skeledirge|10\/100|[from] Sandstorm\n|upkeep\n|turn|36\n|\n|t:|1700878801\n|move|p2a: Tyranitar|Pursuit|p1a: Skeledirge\n|-supereffective|p1a: Skeledirge\n|-damage|p1a: Skeledirge|0 fnt\n|faint|p1a: Skeledirge\n|\n|-weather|Sandstorm|[upkeep]\n|upkeep\n|\n|t:|1700878814\n|switch|p1a: Swampert|Swampert, F|42\/100\n|turn|37\n|\n|t:|1700878845\n|move|p2a: Tyranitar|Knock Off|p1a: Swampert\n|-damage|p1a: Swampert|0 fnt\n|-enditem|p1a: Swampert|Leftovers|[from] move: Knock Off|[of] p2a: Tyranitar\n|faint|p1a: Swampert\n|\n|-weather|Sandstorm|[upkeep]\n|upkeep\n|\n|t:|1700878850\n|switch|p1a: Baxcalibur|Baxcalibur, M|100\/100\n|turn|38\n|l| VoIteon\n|\n|t:|1700878866\n|move|p1a: Baxcalibur|Dragon Dance|p1a: Baxcalibur\n|-boost|p1a: Baxcalibur|atk|1\n|-boost|p1a: Baxcalibur|spe|1\n|move|p2a: Tyranitar|Stone Edge|p1a: Baxcalibur|[miss]\n|-miss|p2a: Tyranitar|p1a: Baxcalibur\n|\n|-weather|none\n|upkeep\n|turn|39\n|c|\u2606speedykidyo|are you kidding me\n|c|\u2606Czar_agon|dude, i have every right to say that from earlier\n|c|\u2606speedykidyo|fair enough\n|j| VoIteon\n|c| Demolution545|Tbf she missed a will o on you\n|\n|t:|1700878914\n|switch|p2a: Typhlosion|Typhlosion, F, tera:Fire|100\/100\n|move|p1a: Baxcalibur|Dragon Dance|p1a: Baxcalibur\n|-boost|p1a: Baxcalibur|atk|1\n|-boost|p1a: Baxcalibur|spe|1\n|\n|upkeep\n|turn|40\n|j| MiniBearGrahams\n|\n|t:|1700878937\n|move|p1a: Baxcalibur|Earthquake|p2a: Typhlosion\n|-supereffective|p2a: Typhlosion\n|-damage|p2a: Typhlosion|0 fnt\n|faint|p2a: Typhlosion\n|\n|upkeep\n|c|\u2606speedykidyo|oops\n|\n|t:|1700878949\n|switch|p2a: Tyranitar|Tyranitar-Mega, M|95\/100\n|-weather|Sandstorm|[from] ability: Sand Stream|[of] p2a: Tyranitar\n|turn|41\n|\n|t:|1700878998\n|switch|p2a: Crobat|Crobat, M|41\/100\n|move|p1a: Baxcalibur|Earthquake|p2a: Crobat\n|-immune|p2a: Crobat\n|\n|-weather|Sandstorm|[upkeep]\n|-damage|p1a: Baxcalibur|94\/100|[from] Sandstorm\n|-damage|p2a: Crobat|35\/100|[from] Sandstorm\n|upkeep\n|turn|42\n|\n|t:|1700879018\n|move|p1a: Baxcalibur|Glaive Rush|p2a: Crobat\n|-damage|p2a: Crobat|0 fnt\n|-singlemove|p1a: Baxcalibur|Glaive Rush|[silent]\n|faint|p2a: Crobat\n|\n|-weather|Sandstorm|[upkeep]\n|-damage|p1a: Baxcalibur|88\/100|[from] Sandstorm\n|upkeep\n|c|\u2606speedykidyo|so after glaive, it takes double damage next turn right\n|c| VoIteon|yes but no\n|c|\u2606speedykidyo|why not\n|c| VoIteon|since bax is going to go first next turn it will go away\n|c|\u2606speedykidyo|oh ok\n|c|\u2606Czar_agon|yeah, unless i do glaive rush again\n|j| Lunar Sloth\n|\n|t:|1700879130\n|switch|p2a: Ting-Lu|Ting-Lu|40\/100\n|-ability|p2a: Ting-Lu|Vessel of Ruin\n|turn|43\n|\n|t:|1700879143\n|move|p1a: Baxcalibur|Icicle Crash|p2a: Ting-Lu\n|-supereffective|p2a: Ting-Lu\n|-damage|p2a: Ting-Lu|0 fnt\n|faint|p2a: Ting-Lu\n|\n|-weather|Sandstorm|[upkeep]\n|-damage|p1a: Baxcalibur|82\/100|[from] Sandstorm\n|upkeep\n|c|\u2606speedykidyo|shoot\n|c|\u2606speedykidyo|i think that's gg\n|\n|t:|1700879165\n|switch|p2a: Tyranitar|Tyranitar-Mega, M|95\/100\n|turn|44\n|l| Lunar Sloth\n|\n|t:|1700879188\n|move|p1a: Baxcalibur|Earthquake|p2a: Tyranitar\n|-supereffective|p2a: Tyranitar\n|-damage|p2a: Tyranitar|7\/100\n|move|p2a: Tyranitar|Stone Edge|p1a: Baxcalibur\n|-supereffective|p1a: Baxcalibur\n|-damage|p1a: Baxcalibur|0 fnt\n|faint|p1a: Baxcalibur\n|\n|-weather|Sandstorm|[upkeep]\n|upkeep\n|\n|t:|1700879197\n|switch|p1a: Slowking|Slowking-Galar, M|70\/100\n|turn|45\n|c|\u2606speedykidyo|YESS\n|\n|t:|1700879210\n|move|p2a: Tyranitar|Knock Off|p1a: Slowking\n|-supereffective|p1a: Slowking\n|-damage|p1a: Slowking|0 fnt\n|-enditem|p1a: Slowking|Leftovers|[from] move: Knock Off|[of] p2a: Tyranitar\n|faint|p1a: Slowking\n|\n|win|speedykidyo\n|c|\u2606speedykidyo|gg\n|l|\u2606Czar_agon\n|c| Demolution545|Wow\n|c|\u2606speedykidyo|i won a game\n|l|\u2606speedykidyo\n|l| MiniBearGrahams\n|c| Demolution545|I won\u2019t lie you lost if she hit that will o\n|l| Demolution545\n|l| VoIteon\n|j|\u2606Czar_agon\n|player|p1|Czar_agon|iris\n","uploadtime":1700879273,"views":18,"p1id":"czaragon","p2id":"speedykidyo","formatid":"gen9nationaldexubers","rating":0,"private":0,"password":""}