{"id":"gen9nationaldexubers-1987995063","p1":"mostgoodX","p2":"The23rdPower","format":"[Gen 9] National Dex Ubers","log":"|j|\u2606mostgoodX\n|j|\u2606The23rdPower\n|t:|1699657095\n|gametype|singles\n|player|p1|mostgoodX|mars|\n|player|p2|The23rdPower|brendan-gen3|\n|teamsize|p1|6\n|teamsize|p2|6\n|gen|9\n|tier|[Gen 9] National Dex Ubers\n|rule|HP Percentage Mod: HP is shown in percentages\n|rule|Endless Battle Clause: Forcing endless battles is banned\n|rule|OHKO Clause: OHKO moves are banned\n|rule|Evasion Moves Clause: Evasion moves are banned\n|rule|Evasion Items Clause: Evasion items are banned\n|rule|Species Clause: Limit one of each Pok\u00e9mon\n|rule|Sleep Clause Mod: Limit one foe put to sleep\n|rule|Mega Rayquaza Clause: You cannot mega evolve Rayquaza\n|clearpoke\n|poke|p1|Darkrai|\n|poke|p1|Quagsire, F|\n|poke|p1|Ditto|\n|poke|p1|Crocalor, M|\n|poke|p1|Zapdos|\n|poke|p1|Shaymin|\n|poke|p2|Prinplup, M|\n|poke|p2|Togekiss, F|\n|poke|p2|Iron Hands|\n|poke|p2|Excadrill, M|\n|poke|p2|Latias, F|\n|poke|p2|Charizard, M|\n|teampreview\n|j| Ibitak\n|j| xdd-Rayleigh\n|j| superoinge22\n|j| goobiathan\n|c| superoinge22|This will be fun\n|j| aplestick\n|c| Ibitak|prinplup gonna cook\n|c| goobiathan|Group A most hype game\n|c|\u2606mostgoodX|i know how this ends\n|c| aplestick|Oinge ass team\n|c|\u2606mostgoodX|but i'm gonna hurt you anyway\n|c| superoinge22|Prinplup is actually good tho\n|c| superoinge22|Hes hella bulky\n|c| xdd-Rayleigh|? tfym group a most hype game\n|\n|t:|1699657171\n|start\n|switch|p1a: Quagsire|Quagsire, F|100\/100\n|switch|p2a: Togekiss|Togekiss, F|100\/100\n|turn|1\n|c| xdd-Rayleigh|goob\n|\n|t:|1699657183\n|move|p2a: Togekiss|Toxic|p1a: Quagsire\n|-status|p1a: Quagsire|tox\n|move|p1a: Quagsire|Stealth Rock|p2a: Togekiss\n|-sidestart|p2: The23rdPower|move: Stealth Rock\n|\n|-damage|p1a: Quagsire|94\/100 tox|[from] psn\n|upkeep\n|turn|2\n|c| superoinge22|These leads...\n|c| superoinge22|Damn oj\n|c| goobiathan|Most hype game\n|c| superoinge22|Ok\n|j| bighabibi\n|\n|t:|1699657205\n|move|p2a: Togekiss|Defog|p1a: Quagsire\n|-unboost|p1a: Quagsire|evasion|1\n|-sideend|p2: The23rdPower|Stealth Rock|[from] move: Defog|[of] p2a: Togekiss\n|move|p1a: Quagsire|Toxic|p2a: Togekiss\n|-status|p2a: Togekiss|tox\n|\n|-heal|p1a: Quagsire|100\/100 tox|[from] item: Leftovers\n|-damage|p2a: Togekiss|94\/100 tox|[from] psn\n|-damage|p1a: Quagsire|88\/100 tox|[from] psn\n|upkeep\n|turn|3\n|c| bighabibi|The goat\n|c| xdd-Rayleigh|big HABIBI?\n|\n|t:|1699657218\n|switch|p1a: Scub (U6)|Crocalor, M|100\/100\n|move|p2a: Togekiss|Flamethrower|p1a: Scub (U6)\n|-resisted|p1a: Scub (U6)\n|-crit|p1a: Scub (U6)\n|-damage|p1a: Scub (U6)|79\/100\n|\n|-damage|p2a: Togekiss|82\/100 tox|[from] psn\n|upkeep\n|turn|4\n|c| superoinge22|His excellency dropped in to watch the match himself\n|\n|t:|1699657228\n|-terastallize|p1a: Scub (U6)|Steel\n|move|p2a: Togekiss|Toxic|p1a: Scub (U6)\n|-immune|p1a: Scub (U6)\n|move|p1a: Scub (U6)|Slack Off|p1a: Scub (U6)\n|-heal|p1a: Scub (U6)|100\/100\n|\n|-damage|p2a: Togekiss|64\/100 tox|[from] psn\n|upkeep\n|turn|5\n|c| superoinge22|I'm honored\n|c| Ibitak|big crit\n|c| aplestick|Lol\n|\n|t:|1699657244\n|switch|p2a: Prinplup|Prinplup, M|100\/100\n|move|p1a: Scub (U6)|Flamethrower|p2a: Prinplup\n|-resisted|p2a: Prinplup\n|-damage|p2a: Prinplup|90\/100\n|\n|upkeep\n|turn|6\n|\n|t:|1699657258\n|switch|p1a: Zapdos|Zapdos|100\/100\n|move|p2a: Prinplup|Stealth Rock|p1a: Zapdos\n|-sidestart|p1: mostgoodX|move: Stealth Rock\n|\n|upkeep\n|turn|7\n|\n|t:|1699657263\n|switch|p2a: Excadrill|Excadrill, M|100\/100\n|-ability|p2a: Excadrill|Mold Breaker\n|move|p1a: Zapdos|Defog|p2a: Excadrill\n|-unboost|p2a: Excadrill|evasion|1\n|-sideend|p1: mostgoodX|Stealth Rock|[from] move: Defog|[of] p1a: Zapdos\n|\n|upkeep\n|turn|8\n|\n|t:|1699657287\n|switch|p1a: Quagsire|Quagsire, F|88\/100 tox\n|move|p2a: Excadrill|Rock Slide|p1a: Quagsire\n|-resisted|p1a: Quagsire\n|-damage|p1a: Quagsire|78\/100 tox\n|\n|-heal|p1a: Quagsire|84\/100 tox|[from] item: Leftovers\n|-damage|p1a: Quagsire|78\/100 tox|[from] psn\n|upkeep\n|turn|9\n|\n|t:|1699657295\n|switch|p2a: Togekiss|Togekiss, F|64\/100 tox\n|move|p1a: Quagsire|Stealth Rock|p2a: Togekiss\n|-sidestart|p2: The23rdPower|move: Stealth Rock\n|\n|-heal|p1a: Quagsire|84\/100 tox|[from] item: Leftovers\n|-damage|p2a: Togekiss|58\/100 tox|[from] psn\n|-damage|p1a: Quagsire|71\/100 tox|[from] psn\n|upkeep\n|turn|10\n|c| superoinge22|Man can someone kill something already\n|c| xdd-Rayleigh|holy fuck goob lets leave\n|c| xdd-Rayleigh|its just a stall match\n|c| xdd-Rayleigh|hope most wins tho\n|\n|t:|1699657336\n|switch|p1a: Zapdos|Zapdos|100\/100\n|move|p2a: Togekiss|Roost|p2a: Togekiss\n|-heal|p2a: Togekiss|100\/100 tox\n|-singleturn|p2a: Togekiss|move: Roost\n|\n|-damage|p2a: Togekiss|88\/100 tox|[from] psn\n|upkeep\n|turn|11\n|c| superoinge22|Should have expected this when i saw salt helping most build\n|c| superoinge22|Heart broken emoji\n|c|\u2606mostgoodX|yeah i got stall darkrai in the back\n|c|\u2606mostgoodX|wide lens hypnosis\n|c| superoinge22|WHAT\n|c|\u2606mostgoodX|dream eater\n|c|\u2606mostgoodX|im going in.\n|\n|t:|1699657370\n|switch|p2a: Iron Hands|Iron Hands|100\/100\n|-damage|p2a: Iron Hands|94\/100|[from] Stealth Rock\n|move|p1a: Zapdos|U-turn|p2a: Iron Hands\n|-resisted|p2a: Iron Hands\n|-damage|p2a: Iron Hands|91\/100\n|c| superoinge22|IRON\n|c| superoinge22|HANDS\n|\n|t:|1699657393\n|switch|p1a: Quagsire|Quagsire, F|71\/100 tox|[from] U-turn\n|\n|-heal|p2a: Iron Hands|97\/100|[from] item: Leftovers\n|-heal|p1a: Quagsire|78\/100 tox|[from] item: Leftovers\n|-damage|p1a: Quagsire|71\/100 tox|[from] psn\n|upkeep\n|turn|12\n|\n|t:|1699657413\n|move|p2a: Iron Hands|Iron Defense|p2a: Iron Hands\n|-boost|p2a: Iron Hands|def|2\n|move|p1a: Quagsire|Earthquake|p2a: Iron Hands\n|-supereffective|p2a: Iron Hands\n|-crit|p2a: Iron Hands\n|-damage|p2a: Iron Hands|43\/100\n|\n|-heal|p2a: Iron Hands|49\/100|[from] item: Leftovers\n|-heal|p1a: Quagsire|78\/100 tox|[from] item: Leftovers\n|-damage|p1a: Quagsire|65\/100 tox|[from] psn\n|upkeep\n|turn|13\n|c| xdd-Rayleigh|LOL\n|c| superoinge22|Man\n|c|\u2606The23rdPower|Wew\n|c| Ibitak|lol\n|c| xdd-Rayleigh|:skull\n|c| goobiathan|W CRIT\n|\n|t:|1699657424\n|move|p2a: Iron Hands|Rest|p2a: Iron Hands\n|-status|p2a: Iron Hands|slp|[from] move: Rest\n|-heal|p2a: Iron Hands|100\/100 slp|[silent]\n|move|p1a: Quagsire|Earthquake|p2a: Iron Hands\n|-supereffective|p2a: Iron Hands\n|-damage|p2a: Iron Hands|67\/100 slp\n|\n|-heal|p2a: Iron Hands|73\/100 slp|[from] item: Leftovers\n|-heal|p1a: Quagsire|71\/100 tox|[from] item: Leftovers\n|-damage|p1a: Quagsire|53\/100 tox|[from] psn\n|upkeep\n|turn|14\n|c| superoinge22|I dont even know what to say\n|c| superoinge22|This is disgusting\n|\n|t:|1699657442\n|switch|p1a: Scub (U6)|Crocalor, M, tera:Steel|100\/100\n|cant|p2a: Iron Hands|slp\n|move|p2a: Iron Hands|Sleep Talk|p2a: Iron Hands\n|move|p2a: Iron Hands|Iron Defense|p2a: Iron Hands|[from]move: Sleep Talk\n|-boost|p2a: Iron Hands|def|2\n|\n|-heal|p2a: Iron Hands|79\/100 slp|[from] item: Leftovers\n|upkeep\n|turn|15\n|\n|t:|1699657449\n|cant|p2a: Iron Hands|slp\n|move|p2a: Iron Hands|Sleep Talk|p2a: Iron Hands\n|move|p2a: Iron Hands|Body Press|p1a: Scub (U6)|[from]move: Sleep Talk\n|-supereffective|p1a: Scub (U6)\n|-damage|p1a: Scub (U6)|64\/100\n|move|p1a: Scub (U6)|Roar|p2a: Iron Hands\n|-end|p2a: Iron Hands|Quark Drive|[silent]\n|drag|p2a: Excadrill|Excadrill, M|100\/100\n|-damage|p2a: Excadrill|97\/100|[from] Stealth Rock\n|-ability|p2a: Excadrill|Mold Breaker\n|\n|upkeep\n|turn|16\n|c| superoinge22|LOL\n|c| goobiathan|THE W\n|l| bighabibi\n|c| superoinge22|fucking roar man\n|\n|t:|1699657488\n|switch|p2a: Iron Hands|Iron Hands|79\/100 slp\n|-damage|p2a: Iron Hands|73\/100 slp|[from] Stealth Rock\n|switch|p1a: Shaymin|Shaymin|100\/100\n|\n|-heal|p2a: Iron Hands|79\/100 slp|[from] item: Leftovers\n|upkeep\n|turn|17\n|\n|t:|1699657509\n|move|p1a: Shaymin|Earth Power|p2a: Iron Hands\n|-supereffective|p2a: Iron Hands\n|-damage|p2a: Iron Hands|44\/100 slp\n|-curestatus|p2a: Iron Hands|slp|[msg]\n|move|p2a: Iron Hands|Rest|p2a: Iron Hands\n|-status|p2a: Iron Hands|slp|[from] move: Rest\n|-heal|p2a: Iron Hands|100\/100 slp|[silent]\n|\n|upkeep\n|turn|18\n|\n|t:|1699657530\n|switch|p1a: Scub (U6)|Crocalor, M, tera:Steel|64\/100\n|-end|p2a: Iron Hands|Quark Drive|[silent]\n|switch|p2a: Togekiss|Togekiss, F|88\/100 tox\n|\n|-damage|p2a: Togekiss|82\/100 tox|[from] psn\n|upkeep\n|turn|19\n|\n|t:|1699657534\n|move|p2a: Togekiss|Defog|p1a: Scub (U6)\n|-unboost|p1a: Scub (U6)|evasion|1\n|-sideend|p2: The23rdPower|Stealth Rock|[from] move: Defog|[of] p2a: Togekiss\n|move|p1a: Scub (U6)|Slack Off|p1a: Scub (U6)\n|-heal|p1a: Scub (U6)|100\/100\n|\n|-damage|p2a: Togekiss|70\/100 tox|[from] psn\n|upkeep\n|turn|20\n|\n|t:|1699657552\n|switch|p1a: Quagsire|Quagsire, F|53\/100 tox\n|move|p2a: Togekiss|Roost|p2a: Togekiss\n|-heal|p2a: Togekiss|100\/100 tox\n|-singleturn|p2a: Togekiss|move: Roost\n|\n|-heal|p1a: Quagsire|59\/100 tox|[from] item: Leftovers\n|-damage|p2a: Togekiss|82\/100 tox|[from] psn\n|-damage|p1a: Quagsire|53\/100 tox|[from] psn\n|upkeep\n|turn|21\n|c| Ibitak|we\u2018ll get to turn 100 i hate salt\n|\n|t:|1699657556\n|switch|p2a: Latias|Latias, F|100\/100\n|move|p1a: Quagsire|Recover|p1a: Quagsire\n|-heal|p1a: Quagsire|100\/100 tox\n|\n|-damage|p1a: Quagsire|88\/100 tox|[from] psn\n|upkeep\n|turn|22\n|j| bighabibi\n|c| xdd-Rayleigh|dont\n|c| superoinge22|This is actually a stall ass game\n|\n|t:|1699657576\n|detailschange|p2a: Latias|Latias-Mega, F\n|-mega|p2a: Latias|Latias|Latiasite\n|move|p2a: Latias|Energy Ball|p1a: Quagsire\n|-supereffective|p1a: Quagsire\n|-damage|p1a: Quagsire|0 fnt\n|faint|p1a: Quagsire\n|\n|upkeep\n|c| superoinge22|Oh there we go\n|c| bighabibi|Do it\n|c| superoinge22|Finally\n|\n|t:|1699657586\n|switch|p1a: Regroup|Ditto, shiny|100\/100\n|-transform|p1a: Regroup|p2a: Latias|[from] ability: Imposter\n|turn|23\n|c| superoinge22|Blood is drawn\n|l| bighabibi\n|\n|t:|1699657604\n|move|p1a: Regroup|Psychic|p2a: Latias\n|-resisted|p2a: Latias\n|-damage|p2a: Latias|80\/100\n|move|p2a: Latias|Calm Mind|p2a: Latias\n|-boost|p2a: Latias|spa|1\n|-boost|p2a: Latias|spd|1\n|\n|upkeep\n|turn|24\n|\n|t:|1699657612\n|switch|p1a: Shaymin|Shaymin|100\/100\n|move|p2a: Latias|Psychic|p1a: Shaymin\n|-damage|p1a: Shaymin|30\/100\n|\n|upkeep\n|turn|25\n|j| bighabibi\n|\n|t:|1699657618\n|move|p2a: Latias|Psychic|p1a: Shaymin\n|-damage|p1a: Shaymin|0 fnt\n|faint|p1a: Shaymin\n|\n|upkeep\n|\n|t:|1699657623\n|switch|p1a: Scub (U6)|Crocalor, M, tera:Steel|100\/100\n|turn|26\n|c| superoinge22|Damn\n|\n|t:|1699657645\n|switch|p2a: Prinplup|Prinplup, M|90\/100\n|move|p1a: Scub (U6)|Roar|p2a: Prinplup\n|drag|p2a: Charizard|Charizard, M|100\/100\n|\n|upkeep\n|turn|27\n|\n|t:|1699657663\n|switch|p2a: Prinplup|Prinplup, M|90\/100\n|move|p1a: Scub (U6)|Roar|p2a: Prinplup\n|drag|p2a: Latias|Latias-Mega, F|80\/100\n|\n|upkeep\n|turn|28\n|\n|t:|1699657675\n|switch|p2a: Prinplup|Prinplup, M|90\/100\n|move|p1a: Scub (U6)|Will-O-Wisp|p2a: Prinplup\n|-status|p2a: Prinplup|brn\n|\n|-damage|p2a: Prinplup|84\/100 brn|[from] brn\n|upkeep\n|turn|29\n|c| Ibitak|?\n|c| superoinge22|Please dont go through all 32 pp of roar\n|\n|t:|1699657684\n|move|p2a: Prinplup|Stealth Rock|p1a: Scub (U6)\n|-sidestart|p1: mostgoodX|move: Stealth Rock\n|move|p1a: Scub (U6)|Flamethrower|p2a: Prinplup\n|-resisted|p2a: Prinplup\n|-damage|p2a: Prinplup|75\/100 brn\n|\n|-damage|p2a: Prinplup|69\/100 brn|[from] brn\n|upkeep\n|turn|30\n|\n|t:|1699657688\n|switch|p1a: Zapdos|Zapdos|100\/100\n|move|p2a: Prinplup|Yawn|p1a: Zapdos\n|-start|p1a: Zapdos|move: Yawn|[of] p2a: Prinplup\n|\n|-damage|p2a: Prinplup|63\/100 brn|[from] brn\n|upkeep\n|turn|31\n|c| superoinge22|Thanks\n|\n|t:|1699657695\n|switch|p2a: Excadrill|Excadrill, M|97\/100\n|-ability|p2a: Excadrill|Mold Breaker\n|move|p1a: Zapdos|U-turn|p2a: Excadrill\n|-resisted|p2a: Excadrill\n|-damage|p2a: Excadrill|89\/100\n|\n|t:|1699657699\n|switch|p1a: Regroup|Ditto, shiny|100\/100|[from] U-turn\n|-damage|p1a: Regroup|88\/100|[from] Stealth Rock\n|-transform|p1a: Regroup|p2a: Excadrill|[from] ability: Imposter\n|-ability|p1a: Regroup|Mold Breaker\n|\n|upkeep\n|turn|32\n|\n|t:|1699657709\n|switch|p2a: Togekiss|Togekiss, F|82\/100 tox\n|move|p1a: Regroup|Earthquake|p2a: Togekiss\n|-immune|p2a: Togekiss\n|\n|-damage|p2a: Togekiss|76\/100 tox|[from] psn\n|upkeep\n|turn|33\n|l| bighabibi\n|\n|t:|1699657716\n|switch|p1a: Zapdos|Zapdos|100\/100\n|move|p2a: Togekiss|Flamethrower|p1a: Zapdos\n|-damage|p1a: Zapdos|77\/100\n|-status|p1a: Zapdos|brn\n|\n|-damage|p2a: Togekiss|64\/100 tox|[from] psn\n|-damage|p1a: Zapdos|71\/100 brn|[from] brn\n|upkeep\n|turn|34\n|\n|t:|1699657730\n|switch|p2a: Iron Hands|Iron Hands|100\/100 slp\n|move|p1a: Zapdos|Defog|p2a: Iron Hands\n|-unboost|p2a: Iron Hands|evasion|1\n|-sideend|p1: mostgoodX|Stealth Rock|[from] move: Defog|[of] p1a: Zapdos\n|\n|-damage|p1a: Zapdos|65\/100 brn|[from] brn\n|upkeep\n|turn|35\n|\n|t:|1699657747\n|move|p1a: Zapdos|Roost|p1a: Zapdos\n|-heal|p1a: Zapdos|100\/100 brn\n|-singleturn|p1a: Zapdos|move: Roost\n|cant|p2a: Iron Hands|slp\n|move|p2a: Iron Hands|Sleep Talk|p2a: Iron Hands\n|move|p2a: Iron Hands|Body Press|p1a: Zapdos|[from]move: Sleep Talk\n|-damage|p1a: Zapdos|64\/100 brn\n|\n|-damage|p1a: Zapdos|58\/100 brn|[from] brn\n|upkeep\n|turn|36\n|\n|t:|1699657751\n|move|p1a: Zapdos|Roost|p1a: Zapdos\n|-heal|p1a: Zapdos|100\/100 brn\n|-singleturn|p1a: Zapdos|move: Roost\n|cant|p2a: Iron Hands|slp\n|move|p2a: Iron Hands|Sleep Talk|p2a: Iron Hands\n|move|p2a: Iron Hands|Body Press|p1a: Zapdos|[from]move: Sleep Talk\n|-crit|p1a: Zapdos\n|-damage|p1a: Zapdos|46\/100 brn\n|\n|-damage|p1a: Zapdos|40\/100 brn|[from] brn\n|upkeep\n|turn|37\n|\n|t:|1699657756\n|move|p1a: Zapdos|Roost|p1a: Zapdos\n|-heal|p1a: Zapdos|90\/100 brn\n|-singleturn|p1a: Zapdos|move: Roost\n|-curestatus|p2a: Iron Hands|slp|[msg]\n|move|p2a: Iron Hands|Iron Defense|p2a: Iron Hands\n|-boost|p2a: Iron Hands|def|2\n|\n|-damage|p1a: Zapdos|84\/100 brn|[from] brn\n|upkeep\n|turn|38\n|\n|t:|1699657761\n|move|p1a: Zapdos|U-turn|p2a: Iron Hands\n|-resisted|p2a: Iron Hands\n|-damage|p2a: Iron Hands|99\/100\n|\n|t:|1699657769\n|switch|p1a: Scub (U6)|Crocalor, M, tera:Steel|100\/100|[from] U-turn\n|move|p2a: Iron Hands|Body Press|p1a: Scub (U6)\n|-supereffective|p1a: Scub (U6)\n|-damage|p1a: Scub (U6)|64\/100\n|\n|-heal|p2a: Iron Hands|100\/100|[from] item: Leftovers\n|upkeep\n|turn|39\n|\n|t:|1699657779\n|move|p2a: Iron Hands|Body Press|p1a: Scub (U6)\n|-supereffective|p1a: Scub (U6)\n|-damage|p1a: Scub (U6)|27\/100\n|move|p1a: Scub (U6)|Slack Off|p1a: Scub (U6)\n|-heal|p1a: Scub (U6)|77\/100\n|\n|upkeep\n|turn|40\n|\n|t:|1699657786\n|-end|p2a: Iron Hands|Quark Drive|[silent]\n|switch|p2a: Prinplup|Prinplup, M|63\/100 brn\n|move|p1a: Scub (U6)|Slack Off|p1a: Scub (U6)\n|-heal|p1a: Scub (U6)|100\/100\n|\n|-damage|p2a: Prinplup|57\/100 brn|[from] brn\n|upkeep\n|turn|41\n|\n|t:|1699657798\n|switch|p1a: Zapdos|Zapdos|84\/100 brn\n|move|p2a: Prinplup|Yawn||[still]\n|-fail|p2a: Prinplup\n|\n|-damage|p1a: Zapdos|78\/100 brn|[from] brn\n|-damage|p2a: Prinplup|51\/100 brn|[from] brn\n|upkeep\n|turn|42\n|\n|t:|1699657810\n|switch|p2a: Excadrill|Excadrill, M|89\/100\n|-ability|p2a: Excadrill|Mold Breaker\n|move|p1a: Zapdos|Discharge|p2a: Excadrill\n|-immune|p2a: Excadrill\n|\n|-damage|p1a: Zapdos|72\/100 brn|[from] brn\n|upkeep\n|turn|43\n|c| goobiathan|This is a game\n|\n|t:|1699657824\n|switch|p1a: Scub (U6)|Crocalor, M, tera:Steel|100\/100\n|move|p2a: Excadrill|Earthquake|p1a: Scub (U6)\n|-supereffective|p1a: Scub (U6)\n|-damage|p1a: Scub (U6)|33\/100\n|\n|upkeep\n|turn|44\n|\n|t:|1699657829\n|move|p2a: Excadrill|Earthquake|p1a: Scub (U6)\n|-supereffective|p1a: Scub (U6)\n|-damage|p1a: Scub (U6)|0 fnt\n|faint|p1a: Scub (U6)\n|\n|upkeep\n|c| superoinge22|Huge reas\n|c| superoinge22|Read\n|\n|t:|1699657848\n|switch|p1a: Darkrai|Darkrai|100\/100\n|turn|45\n|\n|t:|1699657852\n|move|p2a: Excadrill|Earthquake|p1a: Darkrai\n|-damage|p1a: Darkrai|29\/100\n|move|p1a: Darkrai|Swords Dance|p1a: Darkrai\n|-boost|p1a: Darkrai|atk|2\n|\n|upkeep\n|turn|46\n|c| Ibitak|that was the most obvious play ever oinge\n|c| superoinge22|I know\n|\n|t:|1699657866\n|move|p2a: Excadrill|Earthquake|p1a: Darkrai\n|-damage|p1a: Darkrai|0 fnt\n|faint|p1a: Darkrai\n|\n|upkeep\n|\n|t:|1699657868\n|switch|p1a: Zapdos|Zapdos|72\/100 brn\n|turn|47\n|c| superoinge22|But he could have read the read\n|l| xdd-Rayleigh\n|c| superoinge22|Or read the read of the read that he read\n|c| superoinge22|You never know man\n|c| goobiathan|Ok after 40 turns the game state changed\n|\n|t:|1699657888\n|switch|p2a: Iron Hands|Iron Hands|100\/100\n|move|p1a: Zapdos|U-turn|p2a: Iron Hands\n|-resisted|p2a: Iron Hands\n|-damage|p2a: Iron Hands|99\/100\n|\n|t:|1699657893\n|switch|p1a: Regroup|Ditto, shiny|88\/100|[from] U-turn\n|-transform|p1a: Regroup|p2a: Iron Hands|[from] ability: Imposter\n|\n|-heal|p2a: Iron Hands|100\/100|[from] item: Leftovers\n|upkeep\n|turn|48\n|\n|t:|1699657907\n|-end|p2a: Iron Hands|Quark Drive|[silent]\n|switch|p2a: Togekiss|Togekiss, F|64\/100 tox\n|move|p1a: Regroup|Body Press|p2a: Togekiss\n|-resisted|p2a: Togekiss\n|-damage|p2a: Togekiss|54\/100 tox\n|\n|-damage|p2a: Togekiss|48\/100 tox|[from] psn\n|upkeep\n|turn|49\n|c| Ibitak|swords dance darkrai the most unserious shit ever who let him cook\n|\n|t:|1699657915\n|move|p1a: Regroup|Body Press|p2a: Togekiss\n|-resisted|p2a: Togekiss\n|-damage|p2a: Togekiss|40\/100 tox\n|move|p2a: Togekiss|Roost|p2a: Togekiss\n|-heal|p2a: Togekiss|90\/100 tox\n|-singleturn|p2a: Togekiss|move: Roost\n|\n|-damage|p2a: Togekiss|77\/100 tox|[from] psn\n|upkeep\n|turn|50\n|\n|t:|1699657919\n|move|p1a: Regroup|Body Press|p2a: Togekiss\n|-resisted|p2a: Togekiss\n|-damage|p2a: Togekiss|67\/100 tox\n|move|p2a: Togekiss|Toxic|p1a: Regroup\n|-status|p1a: Regroup|tox\n|\n|-damage|p1a: Regroup|82\/100 tox|[from] psn\n|-damage|p2a: Togekiss|49\/100 tox|[from] psn\n|upkeep\n|turn|51\n|\n|t:|1699657923\n|move|p1a: Regroup|Body Press|p2a: Togekiss\n|-resisted|p2a: Togekiss\n|-damage|p2a: Togekiss|40\/100 tox\n|move|p2a: Togekiss|Roost|p2a: Togekiss\n|-heal|p2a: Togekiss|90\/100 tox\n|-singleturn|p2a: Togekiss|move: Roost\n|\n|-damage|p1a: Regroup|70\/100 tox|[from] psn\n|-damage|p2a: Togekiss|65\/100 tox|[from] psn\n|upkeep\n|turn|52\n|\n|t:|1699657938\n|-end|p1a: Regroup|Quark Drive|[silent]\n|switch|p1a: Zapdos|Zapdos|72\/100 brn\n|switch|p2a: Latias|Latias-Mega, F|80\/100\n|\n|-damage|p1a: Zapdos|66\/100 brn|[from] brn\n|upkeep\n|turn|53\n|\n|t:|1699657944\n|move|p2a: Latias|Psychic|p1a: Zapdos\n|-damage|p1a: Zapdos|34\/100 brn\n|move|p1a: Zapdos|Roost|p1a: Zapdos\n|-heal|p1a: Zapdos|84\/100 brn\n|-singleturn|p1a: Zapdos|move: Roost\n|\n|-damage|p1a: Zapdos|78\/100 brn|[from] brn\n|upkeep\n|turn|54\n|\n|t:|1699657950\n|move|p2a: Latias|Psychic|p1a: Zapdos\n|-damage|p1a: Zapdos|41\/100 brn\n|move|p1a: Zapdos|Roost|p1a: Zapdos\n|-heal|p1a: Zapdos|92\/100 brn\n|-singleturn|p1a: Zapdos|move: Roost\n|\n|-damage|p1a: Zapdos|86\/100 brn|[from] brn\n|upkeep\n|turn|55\n|\n|t:|1699657953\n|move|p2a: Latias|Psychic|p1a: Zapdos\n|-damage|p1a: Zapdos|53\/100 brn\n|move|p1a: Zapdos|Roost|p1a: Zapdos\n|-heal|p1a: Zapdos|100\/100 brn\n|-singleturn|p1a: Zapdos|move: Roost\n|\n|-damage|p1a: Zapdos|94\/100 brn|[from] brn\n|upkeep\n|turn|56\n|\n|t:|1699657956\n|move|p2a: Latias|Psychic|p1a: Zapdos\n|-damage|p1a: Zapdos|59\/100 brn\n|move|p1a: Zapdos|Discharge|p2a: Latias\n|-resisted|p2a: Latias\n|-damage|p2a: Latias|66\/100\n|\n|-damage|p1a: Zapdos|53\/100 brn|[from] brn\n|upkeep\n|turn|57\n|\n|t:|1699657960\n|move|p2a: Latias|Psychic|p1a: Zapdos\n|-damage|p1a: Zapdos|17\/100 brn\n|move|p1a: Zapdos|Roost|p1a: Zapdos\n|-heal|p1a: Zapdos|67\/100 brn\n|-singleturn|p1a: Zapdos|move: Roost\n|\n|-damage|p1a: Zapdos|61\/100 brn|[from] brn\n|upkeep\n|turn|58\n|\n|t:|1699657962\n|move|p2a: Latias|Psychic|p1a: Zapdos\n|-damage|p1a: Zapdos|25\/100 brn\n|move|p1a: Zapdos|Roost|p1a: Zapdos\n|-heal|p1a: Zapdos|75\/100 brn\n|-singleturn|p1a: Zapdos|move: Roost\n|\n|-damage|p1a: Zapdos|69\/100 brn|[from] brn\n|upkeep\n|turn|59\n|\n|t:|1699657964\n|move|p2a: Latias|Psychic|p1a: Zapdos\n|-damage|p1a: Zapdos|36\/100 brn\n|move|p1a: Zapdos|Discharge|p2a: Latias\n|-resisted|p2a: Latias\n|-damage|p2a: Latias|52\/100\n|\n|-damage|p1a: Zapdos|30\/100 brn|[from] brn\n|upkeep\n|turn|60\n|\n|t:|1699657967\n|move|p2a: Latias|Psychic|p1a: Zapdos\n|-damage|p1a: Zapdos|0 fnt\n|faint|p1a: Zapdos\n|\n|upkeep\n|\n|t:|1699657968\n|switch|p1a: Regroup|Ditto, shiny|70\/100 tox\n|-transform|p1a: Regroup|p2a: Latias|[from] ability: Imposter\n|turn|61\n|\n|t:|1699657978\n|move|p1a: Regroup|Mystical Fire|p2a: Latias\n|-resisted|p2a: Latias\n|-damage|p2a: Latias|41\/100\n|-unboost|p2a: Latias|spa|1\n|move|p2a: Latias|Calm Mind|p2a: Latias\n|-boost|p2a: Latias|spa|1\n|-boost|p2a: Latias|spd|1\n|\n|-damage|p1a: Regroup|64\/100 tox|[from] psn\n|upkeep\n|turn|62\n|c| goobiathan|How weak is mega lati lmao\n|\n|t:|1699657981\n|switch|p2a: Charizard|Charizard, M|100\/100\n|move|p1a: Regroup|Mystical Fire|p2a: Charizard\n|-resisted|p2a: Charizard\n|-crit|p2a: Charizard\n|-damage|p2a: Charizard|75\/100\n|-unboost|p2a: Charizard|spa|1\n|\n|-damage|p1a: Regroup|52\/100 tox|[from] psn\n|upkeep\n|turn|63\n|c| superoinge22|Zapdos is bulky\n|\n|t:|1699657993\n|move|p1a: Regroup|Mystical Fire|p2a: Charizard\n|-resisted|p2a: Charizard\n|-damage|p2a: Charizard|57\/100\n|-unboost|p2a: Charizard|spa|1\n|move|p2a: Charizard|Roost|p2a: Charizard\n|-heal|p2a: Charizard|100\/100\n|-singleturn|p2a: Charizard|move: Roost\n|\n|-damage|p1a: Regroup|34\/100 tox|[from] psn\n|upkeep\n|turn|64\n|\n|t:|1699657996\n|move|p1a: Regroup|Mystical Fire|p2a: Charizard\n|-resisted|p2a: Charizard\n|-damage|p2a: Charizard|83\/100\n|-unboost|p2a: Charizard|spa|1\n|move|p2a: Charizard|Belly Drum|p2a: Charizard\n|-damage|p2a: Charizard|33\/100\n|-setboost|p2a: Charizard|atk|6|[from] move: Belly Drum\n|-enditem|p2a: Charizard|Sitrus Berry|[eat]\n|-heal|p2a: Charizard|58\/100|[from] item: Sitrus Berry\n|\n|-damage|p1a: Regroup|10\/100 tox|[from] psn\n|upkeep\n|turn|65\n|c| goobiathan|Ok not this bulky tho\n|c| Ibitak|unboosted psychic\n|c| goobiathan|That is stab neutral\n|\n|t:|1699658008\n|move|p1a: Regroup|Mystical Fire|p2a: Charizard\n|-resisted|p2a: Charizard\n|-damage|p2a: Charizard|40\/100\n|-unboost|p2a: Charizard|spa|1\n|move|p2a: Charizard|Frustration|p1a: Regroup\n|-damage|p1a: Regroup|0 fnt\n|faint|p1a: Regroup\n|\n|win|The23rdPower\n|c| superoinge22|He is that bulky\n|c|\u2606The23rdPower|Gg\n|j| xdd-Rayleigh\n|c|\u2606mostgoodX|a 65 turn game. God on high this was awful\n|c|\u2606mostgoodX|ggs\n","uploadtime":1699658033,"views":63,"p1id":"mostgoodx","p2id":"the23rdpower","formatid":"gen9nationaldexubers","rating":0,"private":0,"password":""}