{"id":"gen9nationaldexubers-1984784016","p1":"PSYKEYstr","p2":"OshawottPartier","format":"[Gen 9] National Dex Ubers","log":"|j|\u2606PSYKEYstr\n|j|\u2606OshawottPartier\n|t:|1699298712\n|gametype|singles\n|player|p1|PSYKEYstr|tulip|1118\n|player|p2|OshawottPartier|fisherman-gen4|1044\n|teamsize|p1|6\n|teamsize|p2|4\n|gen|9\n|tier|[Gen 9] National Dex Ubers\n|rated|\n|rule|HP Percentage Mod: HP is shown in percentages\n|rule|Endless Battle Clause: Forcing endless battles is banned\n|rule|OHKO Clause: OHKO moves are banned\n|rule|Evasion Moves Clause: Evasion moves are banned\n|rule|Evasion Items Clause: Evasion items are banned\n|rule|Species Clause: Limit one of each Pok\u00e9mon\n|rule|Sleep Clause Mod: Limit one foe put to sleep\n|rule|Mega Rayquaza Clause: You cannot mega evolve Rayquaza\n|clearpoke\n|poke|p1|Yanmega, F|\n|poke|p1|Espathra, F|\n|poke|p1|Sharpedo, F|\n|poke|p1|Scolipede, F|\n|poke|p1|Blaziken, F|\n|poke|p1|Ninjask, F|\n|poke|p2|Kyogre|\n|poke|p2|Lucario, F|\n|poke|p2|Mewtwo|\n|poke|p2|Zygarde|\n|teampreview\n|\n|t:|1699298722\n|start\n|switch|p1a: Espathra|Espathra, F|100\/100\n|switch|p2a: Mewtwo|Mewtwo|100\/100\n|-ability|p2a: Mewtwo|Pressure\n|turn|1\n|\n|t:|1699298731\n|move|p1a: Espathra|Protect|p1a: Espathra\n|-singleturn|p1a: Espathra|Protect\n|move|p2a: Mewtwo|Drain Punch|p1a: Espathra\n|-activate|p1a: Espathra|move: Protect\n|\n|-ability|p1a: Espathra|Speed Boost|boost\n|-boost|p1a: Espathra|spe|1\n|upkeep\n|turn|2\n|\n|t:|1699298744\n|move|p1a: Espathra|Calm Mind|p1a: Espathra\n|-boost|p1a: Espathra|spa|1\n|-boost|p1a: Espathra|spd|1\n|move|p2a: Mewtwo|Drain Punch|p1a: Espathra\n|-resisted|p1a: Espathra\n|-damage|p1a: Espathra|87\/100\n|\n|-heal|p1a: Espathra|93\/100|[from] item: Leftovers\n|-ability|p1a: Espathra|Speed Boost|boost\n|-boost|p1a: Espathra|spe|1\n|upkeep\n|turn|3\n|\n|t:|1699298755\n|move|p1a: Espathra|Protect|p1a: Espathra\n|-singleturn|p1a: Espathra|Protect\n|move|p2a: Mewtwo|Psychic|p1a: Espathra\n|-activate|p1a: Espathra|move: Protect\n|\n|-heal|p1a: Espathra|99\/100|[from] item: Leftovers\n|-ability|p1a: Espathra|Speed Boost|boost\n|-boost|p1a: Espathra|spe|1\n|upkeep\n|turn|4\n|c|\u2606PSYKEYstr|did you forget 2 mons\n|c|\u2606OshawottPartier|huh\n|c|\u2606PSYKEYstr|or is this a meme\n|c|\u2606OshawottPartier|wdym\n|c|\u2606PSYKEYstr|nothin\n|c|\u2606OshawottPartier|oh\n|\n|t:|1699298785\n|move|p1a: Espathra|Calm Mind|p1a: Espathra\n|-boost|p1a: Espathra|spa|1\n|-boost|p1a: Espathra|spd|1\n|move|p2a: Mewtwo|Psychic|p1a: Espathra\n|-resisted|p1a: Espathra\n|-damage|p1a: Espathra|79\/100\n|\n|-heal|p1a: Espathra|85\/100|[from] item: Leftovers\n|-ability|p1a: Espathra|Speed Boost|boost\n|-boost|p1a: Espathra|spe|1\n|upkeep\n|turn|5\n|c|\u2606OshawottPartier|No I just have an OP pokemon\n|c|\u2606PSYKEYstr|which one\n|c|\u2606OshawottPartier|So I felt like 2 more pokemon wont do much\n|c|\u2606OshawottPartier|Kyogre\n|c|\u2606PSYKEYstr|real\n|\n|t:|1699298809\n|move|p1a: Espathra|Protect|p1a: Espathra\n|-singleturn|p1a: Espathra|Protect\n|move|p2a: Mewtwo|Thunderbolt|p1a: Espathra\n|-activate|p1a: Espathra|move: Protect\n|\n|-heal|p1a: Espathra|91\/100|[from] item: Leftovers\n|-ability|p1a: Espathra|Speed Boost|boost\n|-boost|p1a: Espathra|spe|1\n|upkeep\n|turn|6\n|\n|t:|1699298817\n|move|p1a: Espathra|Calm Mind|p1a: Espathra\n|-boost|p1a: Espathra|spa|1\n|-boost|p1a: Espathra|spd|1\n|move|p2a: Mewtwo|Psychic|p1a: Espathra\n|-resisted|p1a: Espathra\n|-damage|p1a: Espathra|75\/100\n|-unboost|p1a: Espathra|spd|1\n|\n|-heal|p1a: Espathra|81\/100|[from] item: Leftovers\n|-ability|p1a: Espathra|Speed Boost|boost\n|-boost|p1a: Espathra|spe|1\n|upkeep\n|turn|7\n|\n|t:|1699298828\n|move|p1a: Espathra|Calm Mind|p1a: Espathra\n|-boost|p1a: Espathra|spa|1\n|-boost|p1a: Espathra|spd|1\n|move|p2a: Mewtwo|Thunderbolt|p1a: Espathra\n|-damage|p1a: Espathra|59\/100\n|\n|-heal|p1a: Espathra|65\/100|[from] item: Leftovers\n|upkeep\n|turn|8\n|\n|t:|1699298836\n|switch|p2a: Zygarde|Zygarde|100\/100\n|move|p1a: Espathra|Stored Power|p2a: Zygarde\n|-damage|p2a: Zygarde|0 fnt\n|faint|p2a: Zygarde\n|\n|-heal|p1a: Espathra|71\/100|[from] item: Leftovers\n|upkeep\n|\n|t:|1699298845\n|switch|p2a: UNSTOPPABLE|Kyogre|100\/100\n|detailschange|p2a: UNSTOPPABLE|Kyogre-Primal\n|-primal|p2a: UNSTOPPABLE|Blue Orb\n|-weather|PrimordialSea|[from] ability: Primordial Sea|[of] p2a: UNSTOPPABLE\n|turn|9\n|c|\u2606OshawottPartier|OP\n|\n|t:|1699298853\n|move|p1a: Espathra|Stored Power|p2a: UNSTOPPABLE\n|-damage|p2a: UNSTOPPABLE|0 fnt\n|faint|p2a: UNSTOPPABLE\n|-weather|none\n|\n|-heal|p1a: Espathra|77\/100|[from] item: Leftovers\n|upkeep\n|c|\u2606PSYKEYstr|dope name\n|c|\u2606OshawottPartier|bruh\n|c|\u2606OshawottPartier|We dont talk about that\n|\n|t:|1699298865\n|switch|p2a: Mewtwo|Mewtwo|100\/100\n|-ability|p2a: Mewtwo|Pressure\n|turn|10\n|c|\u2606PSYKEYstr|it's ok\n|c|\u2606PSYKEYstr|it's all ab believing in your mons and I respect you for that\n|\n|t:|1699298879\n|switch|p2a: AHHHH|Lucario, F|100\/100\n|move|p1a: Espathra|Stored Power|p2a: AHHHH\n|-damage|p2a: AHHHH|0 fnt\n|faint|p2a: AHHHH\n|\n|-heal|p1a: Espathra|83\/100|[from] item: Leftovers\n|upkeep\n|c|\u2606OshawottPartier|yes u said it\n|\n|t:|1699298887\n|switch|p2a: Mewtwo|Mewtwo|100\/100\n|-ability|p2a: Mewtwo|Pressure\n|turn|11\n|c|\u2606OshawottPartier|Ima go bye!\n|c|\u2606PSYKEYstr|keep going I like your attitude\n|l|\u2606OshawottPartier\n|player|p2|\n|inactive|Battle timer is ON: inactive players will automatically lose when time's up. (requested by PSYKEYstr)\n|inactive|OshawottPartier has 30 seconds to reconnect!\n|inactive|OshawottPartier has 20 seconds to reconnect!\n|inactive|OshawottPartier has 15 seconds to reconnect!\n|inactive|OshawottPartier has 10 seconds to reconnect!\n|inactive|OshawottPartier has 5 seconds to reconnect!\n|-message|OshawottPartier lost due to inactivity.\n|\n|win|PSYKEYstr\n|raw|PSYKEYstr's rating: 1118 &rarr; <strong>1138<\/strong><br \/>(+20 for winning)\n|raw|OshawottPartier's rating: 1044 &rarr; <strong>1031<\/strong><br \/>(-13 for losing)\n","uploadtime":1699298972,"views":32,"p1id":"psykeystr","p2id":"oshawottpartier","formatid":"gen9nationaldexubers","rating":1031,"private":0,"password":""}