{"id":"gen9nationaldexubers-1992821410","p1":"nihanshu","p2":"XJohnson","format":"[Gen 9] National Dex Ubers","log":"|j|\u2606nihanshu\n|j|\u2606XJohnson\n|t:|1700238382\n|gametype|singles\n|player|p1|nihanshu|acetrainer-gen4dp|1246\n|player|p2|XJohnson|swimmer|1212\n|teamsize|p1|6\n|teamsize|p2|6\n|gen|9\n|tier|[Gen 9] National Dex Ubers\n|rated|\n|rule|HP Percentage Mod: HP is shown in percentages\n|rule|Endless Battle Clause: Forcing endless battles is banned\n|rule|OHKO Clause: OHKO moves are banned\n|rule|Evasion Moves Clause: Evasion moves are banned\n|rule|Evasion Items Clause: Evasion items are banned\n|rule|Species Clause: Limit one of each Pok\u00e9mon\n|rule|Sleep Clause Mod: Limit one foe put to sleep\n|rule|Mega Rayquaza Clause: You cannot mega evolve Rayquaza\n|clearpoke\n|poke|p1|Kyurem-White|\n|poke|p1|Spectrier|\n|poke|p1|Zacian-*|\n|poke|p1|Groudon|\n|poke|p1|Metagross|\n|poke|p1|Yveltal|\n|poke|p2|Shaymin-Sky|\n|poke|p2|Yveltal|\n|poke|p2|Lunala|\n|poke|p2|Tapu Bulu|\n|poke|p2|Annihilape, M|\n|poke|p2|Ninetales-Alola, F|\n|teampreview\n|inactive|Battle timer is ON: inactive players will automatically lose when time's up. (requested by nihanshu)\n|\n|t:|1700238408\n|start\n|switch|p1a: Yveltal|Yveltal|100\/100\n|switch|p2a: Ninetales|Ninetales-Alola, F|100\/100\n|-weather|Snow|[from] ability: Snow Warning|[of] p2a: Ninetales\n|-ability|p1a: Yveltal|Dark Aura\n|turn|1\n|\n|t:|1700238423\n|move|p2a: Ninetales|Moonblast|p1a: Yveltal\n|-supereffective|p1a: Yveltal\n|-damage|p1a: Yveltal|53\/100\n|move|p1a: Yveltal|Rock Slide|p2a: Ninetales\n|-supereffective|p2a: Ninetales\n|-damage|p2a: Ninetales|64\/100\n|\n|-weather|Snow|[upkeep]\n|upkeep\n|turn|2\n|\n|t:|1700238441\n|switch|p1a: Zacian|Zacian-Crowned|100\/100\n|-ability|p1a: Zacian|Intrepid Sword|boost\n|-boost|p1a: Zacian|atk|1\n|move|p2a: Ninetales|Aurora Veil|p2a: Ninetales\n|-sidestart|p2: XJohnson|move: Aurora Veil\n|\n|-weather|Snow|[upkeep]\n|upkeep\n|turn|3\n|\n|t:|1700238445\n|switch|p2a: Jeanne|Lunala, shiny|100\/100\n|move|p1a: Zacian|Behemoth Blade|p2a: Jeanne\n|-damage|p2a: Jeanne|83\/100\n|\n|-weather|Snow|[upkeep]\n|-heal|p2a: Jeanne|89\/100|[from] item: Leftovers\n|upkeep\n|turn|4\n|\n|t:|1700238456\n|switch|p1a: Spectrier|Spectrier|100\/100\n|move|p2a: Jeanne|Moongeist Beam|p1a: Spectrier\n|-supereffective|p1a: Spectrier\n|-damage|p1a: Spectrier|0 fnt\n|faint|p1a: Spectrier\n|\n|-weather|Snow|[upkeep]\n|-heal|p2a: Jeanne|95\/100|[from] item: Leftovers\n|upkeep\n|\n|t:|1700238462\n|switch|p1a: Metagross|Metagross|100\/100\n|turn|5\n|\n|t:|1700238480\n|detailschange|p1a: Metagross|Metagross-Mega\n|-mega|p1a: Metagross|Metagross|Metagrossite\n|move|p1a: Metagross|Meteor Mash|p2a: Jeanne\n|-damage|p2a: Jeanne|70\/100\n|move|p2a: Jeanne|Moongeist Beam|p1a: Metagross\n|-supereffective|p1a: Metagross\n|-damage|p1a: Metagross|28\/100\n|\n|-weather|none\n|-heal|p2a: Jeanne|76\/100|[from] item: Leftovers\n|upkeep\n|turn|6\n|\n|t:|1700238488\n|move|p1a: Metagross|Meteor Mash|p2a: Jeanne\n|-damage|p2a: Jeanne|50\/100\n|-boost|p1a: Metagross|atk|1\n|move|p2a: Jeanne|Roost|p2a: Jeanne\n|-heal|p2a: Jeanne|99\/100\n|-singleturn|p2a: Jeanne|move: Roost\n|\n|-heal|p2a: Jeanne|100\/100|[from] item: Leftovers\n|upkeep\n|turn|7\n|\n|t:|1700238492\n|move|p1a: Metagross|Meteor Mash|p2a: Jeanne\n|-damage|p2a: Jeanne|80\/100\n|move|p2a: Jeanne|Moongeist Beam|p1a: Metagross\n|-supereffective|p1a: Metagross\n|-damage|p1a: Metagross|0 fnt\n|faint|p1a: Metagross\n|\n|-heal|p2a: Jeanne|86\/100|[from] item: Leftovers\n|upkeep\n|\n|t:|1700238496\n|switch|p1a: Zacian|Zacian-Crowned|100\/100\n|turn|8\n|-message|nihanshu forfeited.\n|\n|win|XJohnson\n|raw|nihanshu's rating: 1246 &rarr; <strong>1219<\/strong><br \/>(-27 for losing)\n|raw|XJohnson's rating: 1212 &rarr; <strong>1239<\/strong><br \/>(+27 for winning)\n|l|\u2606nihanshu\n","uploadtime":1700238506,"views":25,"p1id":"nihanshu","p2id":"xjohnson","formatid":"gen9nationaldexubers","rating":1219,"private":0,"password":""}