{"id":"gen9nationaldexubers-1981889667","p1":"Joker1989g","p2":"Tecklekiin2","format":"[Gen 9] National Dex Ubers","log":"|j|\u2606Joker1989g\n|j|\u2606Tecklekiin2\n|t:|1698949350\n|gametype|singles\n|player|p1|Joker1989g|skyla|\n|player|p2|Tecklekiin2|169|\n|teamsize|p1|6\n|teamsize|p2|6\n|gen|9\n|tier|[Gen 9] National Dex Ubers\n|rule|HP Percentage Mod: HP is shown in percentages\n|rule|Endless Battle Clause: Forcing endless battles is banned\n|rule|OHKO Clause: OHKO moves are banned\n|rule|Evasion Moves Clause: Evasion moves are banned\n|rule|Evasion Items Clause: Evasion items are banned\n|rule|Species Clause: Limit one of each Pok\u00e9mon\n|rule|Sleep Clause Mod: Limit one foe put to sleep\n|rule|Mega Rayquaza Clause: You cannot mega evolve Rayquaza\n|clearpoke\n|poke|p1|Infernape, F|\n|poke|p1|Shuckle, M|\n|poke|p1|Leafeon, M|\n|poke|p1|Dusclops, F|\n|poke|p1|Gardevoir, F|\n|poke|p1|Drifblim, M|\n|poke|p2|Pikachu-Original, M|\n|poke|p2|Blastoise, F|\n|poke|p2|Sceptile, M|\n|poke|p2|Milotic, F|\n|poke|p2|Nidoqueen, F|\n|poke|p2|Tauros, M|\n|teampreview\n|c|\u2606Joker1989g|Nice hat\n|c|\u2606Tecklekiin2|its a good one\n|\n|t:|1698949383\n|start\n|switch|p1a: Dusclops|Dusclops, F, shiny|100\/100\n|switch|p2a: Pikachu|Pikachu-Original, M|100\/100\n|-ability|p1a: Dusclops|Pressure\n|turn|1\n|\n|t:|1698949393\n|move|p2a: Pikachu|Volt Switch|p1a: Dusclops\n|-damage|p1a: Dusclops|83\/100\n|\n|t:|1698949419\n|switch|p2a: Blastoise|Blastoise, F|100\/100|[from] Volt Switch\n|move|p1a: Dusclops|Power-Up Punch|p2a: Blastoise\n|-damage|p2a: Blastoise|91\/100\n|-boost|p1a: Dusclops|atk|1\n|\n|upkeep\n|turn|2\n|\n|t:|1698949430\n|move|p2a: Blastoise|Shell Smash|p2a: Blastoise\n|-unboost|p2a: Blastoise|def|1\n|-unboost|p2a: Blastoise|spd|1\n|-boost|p2a: Blastoise|atk|2\n|-boost|p2a: Blastoise|spa|2\n|-boost|p2a: Blastoise|spe|2\n|-enditem|p2a: Blastoise|White Herb\n|-clearnegativeboost|p2a: Blastoise|[silent]\n|move|p1a: Dusclops|Poltergeist||[still]\n|-fail|p1a: Dusclops\n|\n|upkeep\n|turn|3\n|c|\u2606Joker1989g|:(\n|\n|t:|1698949447\n|move|p2a: Blastoise|Waterfall|p1a: Dusclops\n|-damage|p1a: Dusclops|41\/100\n|move|p1a: Dusclops|Will-O-Wisp|p2a: Blastoise|[miss]\n|-miss|p1a: Dusclops|p2a: Blastoise\n|\n|upkeep\n|turn|4\n|c|\u2606Tecklekiin2|:)\n|\n|t:|1698949460\n|move|p2a: Blastoise|Waterfall|p1a: Dusclops\n|-damage|p1a: Dusclops|0 fnt\n|faint|p1a: Dusclops\n|\n|upkeep\n|\n|t:|1698949463\n|switch|p1a: Shuckle|Shuckle, M, shiny|100\/100\n|turn|5\n|c|\u2606Tecklekiin2|that was unlucky there\n|\n|t:|1698949467\n|move|p2a: Blastoise|Waterfall|p1a: Shuckle\n|-supereffective|p1a: Shuckle\n|-damage|p1a: Shuckle|28\/100\n|-enditem|p1a: Shuckle|Red Card|[of] p2a: Blastoise\n|drag|p2a: Tauros|Tauros, M|100\/100\n|move|p1a: Shuckle|Toxic|p2a: Tauros\n|-status|p2a: Tauros|tox\n|\n|-damage|p2a: Tauros|94\/100 tox|[from] psn\n|upkeep\n|turn|6\n|c|\u2606Tecklekiin2|nice\n|\n|t:|1698949477\n|switch|p1a: Drifblim|Drifblim, M|100\/100\n|move|p2a: Tauros|Rock Slide|p1a: Drifblim\n|-supereffective|p1a: Drifblim\n|-damage|p1a: Drifblim|0 fnt\n|faint|p1a: Drifblim\n|\n|-damage|p2a: Tauros|82\/100 tox|[from] psn\n|upkeep\n|\n|t:|1698949495\n|switch|p1a: Leafeon|Leafeon, M, shiny|100\/100\n|turn|7\n|\n|t:|1698949516\n|switch|p2a: Sceptile|Sceptile, M|100\/100\n|move|p1a: Leafeon|Protect||[still]\n|-fail|p1a: Leafeon\n|\n|upkeep\n|turn|8\n|\n|t:|1698949523\n|move|p2a: Sceptile|Body Slam|p1a: Leafeon\n|-enditem|p2a: Sceptile|Normal Gem|[from] gem\n|-damage|p1a: Leafeon|75\/100\n|move|p1a: Leafeon|Yawn|p2a: Sceptile\n|-start|p2a: Sceptile|move: Yawn|[of] p1a: Leafeon\n|\n|upkeep\n|turn|9\n|\n|t:|1698949533\n|switch|p2a: Nidoqueen|Nidoqueen, F|100\/100\n|move|p1a: Leafeon|Wish|p1a: Leafeon\n|\n|upkeep\n|turn|10\n|\n|t:|1698949542\n|move|p1a: Leafeon|Leaf Blade|p2a: Nidoqueen\n|-damage|p2a: Nidoqueen|70\/100\n|move|p2a: Nidoqueen|Sludge Wave|p1a: Leafeon\n|-supereffective|p1a: Leafeon\n|-damage|p1a: Leafeon|0 fnt\n|faint|p1a: Leafeon\n|\n|upkeep\n|\n|t:|1698949549\n|switch|p1a: Gardevoir|Gardevoir, F, shiny|100\/100\n|-ability|p1a: Gardevoir|Sheer Force|[from] ability: Trace|[of] p2a: Nidoqueen\n|turn|11\n|\n|t:|1698949564\n|move|p1a: Gardevoir|Psychic|p2a: Nidoqueen\n|-supereffective|p2a: Nidoqueen\n|-damage|p2a: Nidoqueen|0 fnt\n|faint|p2a: Nidoqueen\n|\n|upkeep\n|\n|t:|1698949570\n|switch|p2a: Pikachu|Pikachu-Original, M|100\/100\n|turn|12\n|\n|t:|1698949572\n|move|p2a: Pikachu|Fake Out|p1a: Gardevoir\n|-damage|p1a: Gardevoir|71\/100\n|cant|p1a: Gardevoir|flinch\n|\n|upkeep\n|turn|13\n|\n|t:|1698949578\n|move|p1a: Gardevoir|Psychic|p2a: Pikachu\n|-damage|p2a: Pikachu|0 fnt\n|faint|p2a: Pikachu\n|\n|upkeep\n|c|\u2606Tecklekiin2|hello choice\n|c|\u2606Joker1989g|\ud83d\udc40\n|\n|t:|1698949605\n|switch|p2a: Blastoise|Blastoise, F|91\/100\n|turn|14\n|c|\u2606Tecklekiin2|sheer force boost as well\n|c|\u2606Tecklekiin2|this might sweep tbh\n|\n|t:|1698949625\n|move|p1a: Gardevoir|Psychic|p2a: Blastoise\n|-damage|p2a: Blastoise|31\/100\n|move|p2a: Blastoise|Shell Smash|p2a: Blastoise\n|-unboost|p2a: Blastoise|def|1\n|-unboost|p2a: Blastoise|spd|1\n|-boost|p2a: Blastoise|atk|2\n|-boost|p2a: Blastoise|spa|2\n|-boost|p2a: Blastoise|spe|2\n|\n|upkeep\n|turn|15\n|\n|t:|1698949635\n|move|p2a: Blastoise|Waterfall|p1a: Gardevoir\n|-damage|p1a: Gardevoir|0 fnt\n|faint|p1a: Gardevoir\n|\n|upkeep\n|c|\u2606Joker1989g|Nope, Blastoise too thicc\n|\n|t:|1698949655\n|switch|p1a: .|Infernape, F|100\/100\n|turn|16\n|c|\u2606Tecklekiin2|blasty is definely my mvp\n|\n|t:|1698949662\n|move|p1a: .|Mach Punch|p2a: Blastoise\n|-damage|p2a: Blastoise|0 fnt\n|faint|p2a: Blastoise\n|\n|upkeep\n|\n|t:|1698949682\n|switch|p2a: Milotic|Milotic, F|100\/100\n|turn|17\n|\n|t:|1698949686\n|switch|p1a: Shuckle|Shuckle, M, shiny|28\/100\n|move|p2a: Milotic|Scald|p1a: Shuckle\n|-supereffective|p1a: Shuckle\n|-damage|p1a: Shuckle|0 fnt\n|faint|p1a: Shuckle\n|\n|upkeep\n|\n|t:|1698949691\n|switch|p1a: .|Infernape, F|100\/100\n|turn|18\n|\n|t:|1698949701\n|move|p1a: .|Close Combat|p2a: Milotic\n|-damage|p2a: Milotic|7\/100\n|-unboost|p1a: .|def|1\n|-unboost|p1a: .|spd|1\n|move|p2a: Milotic|Scald|p1a: .\n|-supereffective|p1a: .\n|-damage|p1a: .|0 fnt\n|faint|p1a: .\n|\n|win|Tecklekiin2\n|c|\u2606Joker1989g|Gg\n|c|\u2606Tecklekiin2|ggwp\n","uploadtime":1698949713,"views":21,"p1id":"joker1989g","p2id":"tecklekiin2","formatid":"gen9nationaldexubers","rating":0,"private":0,"password":""}