{"id":"gen9nationaldexubers-1981043972","p1":"AT183","p2":"AnotherPerson92","format":"[Gen 9] National Dex Ubers","log":"|j|\u2606AT183\n|j|\u2606AnotherPerson92\n|t:|1698859157\n|gametype|singles\n|player|p1|AT183|pryce|1107\n|player|p2|AnotherPerson92|lucas|1196\n|teamsize|p1|6\n|teamsize|p2|6\n|gen|9\n|tier|[Gen 9] National Dex Ubers\n|rated|\n|rule|HP Percentage Mod: HP is shown in percentages\n|rule|Endless Battle Clause: Forcing endless battles is banned\n|rule|OHKO Clause: OHKO moves are banned\n|rule|Evasion Moves Clause: Evasion moves are banned\n|rule|Evasion Items Clause: Evasion items are banned\n|rule|Species Clause: Limit one of each Pok\u00e9mon\n|rule|Sleep Clause Mod: Limit one foe put to sleep\n|rule|Mega Rayquaza Clause: You cannot mega evolve Rayquaza\n|clearpoke\n|poke|p1|Necrozma-Dusk-Mane|\n|poke|p1|Magearna|\n|poke|p1|Forretress, M|\n|poke|p1|Blastoise, F|\n|poke|p1|Annihilape, F|\n|poke|p1|Ninetales-Alola, F|\n|poke|p2|Arceus-Ground|\n|poke|p2|Groudon|\n|poke|p2|Dragonite, M|\n|poke|p2|Eternatus|\n|poke|p2|Reuniclus, F|\n|poke|p2|Urshifu-*, F|\n|teampreview\n|inactive|Battle timer is ON: inactive players will automatically lose when time's up. (requested by AT183)\n|\n|t:|1698859161\n|start\n|switch|p1a: Forretress|Forretress, M|100\/100\n|switch|p2a: Urshifu|Urshifu, F|100\/100\n|turn|1\n|\n|t:|1698859169\n|move|p2a: Urshifu|Bulk Up|p2a: Urshifu\n|-boost|p2a: Urshifu|atk|1\n|-boost|p2a: Urshifu|def|1\n|move|p1a: Forretress|Stealth Rock|p2a: Urshifu\n|-sidestart|p2: AnotherPerson92|move: Stealth Rock\n|\n|upkeep\n|turn|2\n|\n|t:|1698859175\n|move|p2a: Urshifu|Bulk Up|p2a: Urshifu\n|-boost|p2a: Urshifu|atk|1\n|-boost|p2a: Urshifu|def|1\n|move|p1a: Forretress|Spikes|p2a: Urshifu\n|-sidestart|p2: AnotherPerson92|Spikes\n|\n|upkeep\n|turn|3\n|\n|t:|1698859181\n|move|p2a: Urshifu|Bulk Up|p2a: Urshifu\n|-boost|p2a: Urshifu|atk|1\n|-boost|p2a: Urshifu|def|1\n|move|p1a: Forretress|Spikes|p2a: Urshifu\n|-sidestart|p2: AnotherPerson92|Spikes\n|\n|upkeep\n|turn|4\n|\n|t:|1698859188\n|move|p2a: Urshifu|Bulk Up|p2a: Urshifu\n|-boost|p2a: Urshifu|atk|1\n|-boost|p2a: Urshifu|def|1\n|move|p1a: Forretress|Spikes|p2a: Urshifu\n|-sidestart|p2: AnotherPerson92|Spikes\n|\n|upkeep\n|turn|5\n|\n|t:|1698859195\n|move|p2a: Urshifu|Wicked Blow|p1a: Forretress\n|-crit|p1a: Forretress\n|-damage|p1a: Forretress|4\/100\n|-enditem|p1a: Forretress|Red Card|[of] p2a: Urshifu\n|drag|p2a: Groudon|Groudon|100\/100\n|-damage|p2a: Groudon|94\/100|[from] Stealth Rock\n|-damage|p2a: Groudon|70\/100|[from] Spikes\n|detailschange|p2a: Groudon|Groudon-Primal\n|-primal|p2a: Groudon|Red Orb\n|-weather|DesolateLand|[from] ability: Desolate Land|[of] p2a: Groudon\n|move|p1a: Forretress|Rapid Spin|p2a: Groudon\n|-damage|p2a: Groudon|63\/100\n|-boost|p1a: Forretress|spe|1\n|\n|-weather|DesolateLand|[upkeep]\n|upkeep\n|turn|6\n|\n|t:|1698859210\n|move|p2a: Groudon|Precipice Blades|p1a: Forretress\n|-damage|p1a: Forretress|0 fnt\n|faint|p1a: Forretress\n|\n|-weather|DesolateLand|[upkeep]\n|upkeep\n|\n|t:|1698859215\n|switch|p1a: Ninetales|Ninetales-Alola, F|100\/100\n|-ability|p1a: Ninetales|Snow Warning|[from] desolateland|[fail]\n|turn|7\n|\n|t:|1698859226\n|move|p1a: Ninetales|Calm Mind|p1a: Ninetales\n|-boost|p1a: Ninetales|spa|1\n|-boost|p1a: Ninetales|spd|1\n|move|p2a: Groudon|Eruption|p1a: Ninetales\n|-supereffective|p1a: Ninetales\n|-damage|p1a: Ninetales|10\/100\n|\n|-weather|DesolateLand|[upkeep]\n|upkeep\n|turn|8\n|\n|t:|1698859233\n|move|p1a: Ninetales|Freeze-Dry|p2a: Groudon\n|-damage|p2a: Groudon|26\/100\n|move|p2a: Groudon|Precipice Blades|p1a: Ninetales\n|-damage|p1a: Ninetales|0 fnt\n|faint|p1a: Ninetales\n|\n|-weather|DesolateLand|[upkeep]\n|upkeep\n|\n|t:|1698859238\n|switch|p1a: Annihilape|Annihilape, F|100\/100\n|turn|9\n|\n|t:|1698859250\n|move|p2a: Groudon|Precipice Blades|p1a: Annihilape|[miss]\n|-miss|p2a: Groudon|p1a: Annihilape\n|move|p1a: Annihilape|Drain Punch|p2a: Groudon\n|-damage|p2a: Groudon|0 fnt\n|faint|p2a: Groudon\n|-weather|none\n|\n|upkeep\n|\n|t:|1698859260\n|switch|p2a: Urshifu|Urshifu, F|100\/100\n|-damage|p2a: Urshifu|94\/100|[from] Stealth Rock\n|-damage|p2a: Urshifu|70\/100|[from] Spikes\n|turn|10\n|\n|t:|1698859288\n|-terastallize|p1a: Annihilape|Fighting\n|move|p2a: Urshifu|Drain Punch|p1a: Annihilape\n|-damage|p1a: Annihilape|61\/100\n|-heal|p2a: Urshifu|94\/100|[from] drain|[of] p1a: Annihilape\n|move|p1a: Annihilape|Bulk Up|p1a: Annihilape\n|-boost|p1a: Annihilape|atk|1\n|-boost|p1a: Annihilape|def|1\n|\n|upkeep\n|turn|11\n|\n|t:|1698859299\n|move|p2a: Urshifu|Bulk Up|p2a: Urshifu\n|-boost|p2a: Urshifu|atk|1\n|-boost|p2a: Urshifu|def|1\n|move|p1a: Annihilape|Drain Punch|p2a: Urshifu\n|-supereffective|p2a: Urshifu\n|-damage|p2a: Urshifu|3\/100\n|-heal|p1a: Annihilape|98\/100|[from] drain|[of] p2a: Urshifu\n|\n|upkeep\n|turn|12\n|\n|t:|1698859307\n|move|p2a: Urshifu|Drain Punch|p1a: Annihilape\n|-damage|p1a: Annihilape|60\/100\n|-heal|p2a: Urshifu|26\/100|[from] drain|[of] p1a: Annihilape\n|move|p1a: Annihilape|Drain Punch|p2a: Urshifu\n|-supereffective|p2a: Urshifu\n|-damage|p2a: Urshifu|0 fnt\n|-heal|p1a: Annihilape|70\/100|[from] drain|[of] p2a: Urshifu\n|faint|p2a: Urshifu\n|\n|upkeep\n|\n|t:|1698859323\n|switch|p2a: Reuniclus|Reuniclus, F|100\/100\n|turn|13\n|\n|t:|1698859331\n|move|p1a: Annihilape|Rage Fist|p2a: Reuniclus\n|-supereffective|p2a: Reuniclus\n|-damage|p2a: Reuniclus|0 fnt\n|faint|p2a: Reuniclus\n|\n|upkeep\n|\n|t:|1698859339\n|switch|p2a: Dragonite|Dragonite, M|100\/100\n|-damage|p2a: Dragonite|76\/100|[from] Stealth Rock\n|turn|14\n|\n|t:|1698859357\n|move|p2a: Dragonite|Earthquake|p1a: Annihilape\n|-damage|p1a: Annihilape|43\/100\n|move|p1a: Annihilape|Drain Punch|p2a: Dragonite\n|-resisted|p2a: Dragonite\n|-damage|p2a: Dragonite|25\/100\n|-heal|p1a: Annihilape|63\/100|[from] drain|[of] p2a: Dragonite\n|\n|upkeep\n|turn|15\n|\n|t:|1698859365\n|move|p2a: Dragonite|Fly||[still]\n|-prepare|p2a: Dragonite|Fly\n|move|p1a: Annihilape|Drain Punch|p2a: Dragonite|[miss]\n|-miss|p1a: Annihilape|p2a: Dragonite\n|\n|upkeep\n|turn|16\n|\n|t:|1698859383\n|move|p2a: Dragonite|Fly|p1a: Annihilape|[from]lockedmove\n|-supereffective|p1a: Annihilape\n|-damage|p1a: Annihilape|0 fnt\n|faint|p1a: Annihilape\n|\n|upkeep\n|\n|t:|1698859386\n|switch|p1a: Magearna|Magearna|100\/100\n|turn|17\n|\n|t:|1698859395\n|move|p2a: Dragonite|Earthquake|p1a: Magearna\n|-supereffective|p1a: Magearna\n|-damage|p1a: Magearna|31\/100\n|-enditem|p1a: Magearna|Weakness Policy\n|-boost|p1a: Magearna|atk|2|[from] item: Weakness Policy\n|-boost|p1a: Magearna|spa|2|[from] item: Weakness Policy\n|move|p1a: Magearna|Shift Gear|p1a: Magearna\n|-boost|p1a: Magearna|spe|2\n|-boost|p1a: Magearna|atk|1\n|\n|upkeep\n|turn|18\n|\n|t:|1698859404\n|move|p1a: Magearna|Draining Kiss|p2a: Dragonite\n|-supereffective|p2a: Dragonite\n|-damage|p2a: Dragonite|0 fnt\n|-heal|p1a: Magearna|47\/100|[from] drain|[of] p2a: Dragonite\n|faint|p2a: Dragonite\n|-ability|p1a: Magearna|Soul-Heart|boost\n|-boost|p1a: Magearna|spa|1\n|\n|upkeep\n|\n|t:|1698859412\n|switch|p2a: Arceus|Arceus-Ground|100\/100\n|-damage|p2a: Arceus|94\/100|[from] Stealth Rock\n|-damage|p2a: Arceus|70\/100|[from] Spikes\n|turn|19\n|\n|t:|1698859417\n|move|p1a: Magearna|Stored Power|p2a: Arceus\n|-damage|p2a: Arceus|0 fnt\n|faint|p2a: Arceus\n|-ability|p1a: Magearna|Soul-Heart|boost\n|-boost|p1a: Magearna|spa|1\n|\n|upkeep\n|\n|t:|1698859424\n|switch|p2a: Eternatus|Eternatus|100\/100\n|-damage|p2a: Eternatus|88\/100|[from] Stealth Rock\n|-damage|p2a: Eternatus|63\/100|[from] Spikes\n|-ability|p2a: Eternatus|Pressure\n|turn|20\n|\n|t:|1698859432\n|move|p2a: Eternatus|Gunk Shot|p1a: Magearna\n|-immune|p1a: Magearna\n|move|p1a: Magearna|Stored Power|p2a: Eternatus\n|-supereffective|p2a: Eternatus\n|-damage|p2a: Eternatus|0 fnt\n|faint|p2a: Eternatus\n|\n|win|AT183\n|raw|AT183's rating: 1107 &rarr; <strong>1138<\/strong><br \/>(+31 for winning)\n|raw|AnotherPerson92's rating: 1196 &rarr; <strong>1165<\/strong><br \/>(-31 for losing)\n|l|\u2606AnotherPerson92\n|c|\u2606AT183|Gg\n","uploadtime":1698859446,"views":4,"p1id":"at183","p2id":"anotherperson92","formatid":"gen9nationaldexubers","rating":1138,"private":0,"password":""}