{"id":"gen9nationaldexubers-1987170148","p1":"AlastorTheOverlord","p2":"PrinceLokiii","format":"[Gen 9] National Dex Ubers","log":"|j|\u2606AlastorTheOverlord\n|j|\u2606PrinceLokiii\n|t:|1699561964\n|gametype|singles\n|player|p1|AlastorTheOverlord|n|1187\n|player|p2|PrinceLokiii|170|1279\n|teamsize|p1|6\n|teamsize|p2|6\n|gen|9\n|tier|[Gen 9] National Dex Ubers\n|rated|\n|rule|HP Percentage Mod: HP is shown in percentages\n|rule|Endless Battle Clause: Forcing endless battles is banned\n|rule|OHKO Clause: OHKO moves are banned\n|rule|Evasion Moves Clause: Evasion moves are banned\n|rule|Evasion Items Clause: Evasion items are banned\n|rule|Species Clause: Limit one of each Pok\u00e9mon\n|rule|Sleep Clause Mod: Limit one foe put to sleep\n|rule|Mega Rayquaza Clause: You cannot mega evolve Rayquaza\n|clearpoke\n|poke|p1|Blastoise, M|\n|poke|p1|Nidoking, M|\n|poke|p1|Snorlax, M|\n|poke|p1|Scizor, M|\n|poke|p1|Venusaur, M|\n|poke|p1|Dragonite, M|\n|poke|p2|Dracovish|\n|poke|p2|Mimikyu, F|\n|poke|p2|Kingambit, F|\n|poke|p2|Rotom-Wash|\n|poke|p2|Latios, M|\n|poke|p2|Salazzle, F|\n|teampreview\n|inactive|Battle timer is ON: inactive players will automatically lose when time's up. (requested by AlastorTheOverlord)\n|\n|t:|1699561974\n|start\n|switch|p1a: Sprig|Venusaur, M|100\/100\n|switch|p2a: Dracovish|Dracovish|100\/100\n|turn|1\n|\n|t:|1699561981\n|move|p2a: Dracovish|Psychic Fangs|p1a: Sprig\n|-supereffective|p1a: Sprig\n|-damage|p1a: Sprig|19\/100\n|move|p1a: Sprig|Leech Seed|p2a: Dracovish\n|-start|p2a: Dracovish|move: Leech Seed\n|\n|-damage|p2a: Dracovish|88\/100|[from] Leech Seed|[of] p1a: Sprig\n|-heal|p1a: Sprig|32\/100|[silent]\n|upkeep\n|turn|2\n|\n|t:|1699561997\n|-terastallize|p1a: Sprig|Dark\n|move|p2a: Dracovish|Psychic Fangs|p1a: Sprig\n|-immune|p1a: Sprig\n|move|p1a: Sprig|Sludge Bomb|p2a: Dracovish\n|-damage|p2a: Dracovish|21\/100\n|-status|p2a: Dracovish|psn\n|-damage|p1a: Sprig|22\/100|[from] item: Life Orb\n|\n|-damage|p2a: Dracovish|9\/100 psn|[from] Leech Seed|[of] p1a: Sprig\n|-heal|p1a: Sprig|35\/100|[silent]\n|-damage|p2a: Dracovish|0 fnt|[from] psn\n|faint|p2a: Dracovish\n|upkeep\n|\n|t:|1699562026\n|switch|p2a: Rotom|Rotom-Wash|100\/100\n|turn|3\n|\n|t:|1699562033\n|move|p2a: Rotom|Discharge|p1a: Sprig\n|-damage|p1a: Sprig|0 fnt\n|faint|p1a: Sprig\n|\n|upkeep\n|\n|t:|1699562040\n|switch|p1a: Mario Kebab|Snorlax, M|100\/100\n|turn|4\n|\n|t:|1699562042\n|move|p2a: Rotom|Nasty Plot|p2a: Rotom\n|-boost|p2a: Rotom|spa|2\n|move|p1a: Mario Kebab|Curse|p1a: Mario Kebab\n|-unboost|p1a: Mario Kebab|spe|1\n|-boost|p1a: Mario Kebab|atk|1\n|-boost|p1a: Mario Kebab|def|1\n|\n|upkeep\n|turn|5\n|\n|t:|1699562048\n|move|p2a: Rotom|Discharge|p1a: Mario Kebab\n|-damage|p1a: Mario Kebab|56\/100\n|move|p1a: Mario Kebab|Body Slam|p2a: Rotom\n|-damage|p2a: Rotom|21\/100\n|\n|-heal|p2a: Rotom|27\/100|[from] item: Leftovers\n|upkeep\n|turn|6\n|\n|t:|1699562056\n|move|p2a: Rotom|Hydro Pump|p1a: Mario Kebab\n|-damage|p1a: Mario Kebab|0 fnt\n|faint|p1a: Mario Kebab\n|\n|-heal|p2a: Rotom|33\/100|[from] item: Leftovers\n|upkeep\n|\n|t:|1699562069\n|switch|p1a: DraGoodNight|Dragonite, M|100\/100\n|turn|7\n|\n|t:|1699562076\n|move|p2a: Rotom|Will-O-Wisp|p1a: DraGoodNight\n|-status|p1a: DraGoodNight|brn\n|move|p1a: DraGoodNight|Dragon Dance|p1a: DraGoodNight\n|-boost|p1a: DraGoodNight|atk|1\n|-boost|p1a: DraGoodNight|spe|1\n|\n|-heal|p2a: Rotom|40\/100|[from] item: Leftovers\n|-damage|p1a: DraGoodNight|94\/100 brn|[from] brn\n|upkeep\n|turn|8\n|inactive|AlastorTheOverlord has 120 seconds left.\n|inactive|AlastorTheOverlord has 90 seconds left.\n|inactive|AlastorTheOverlord has 60 seconds left.\n|inactive|AlastorTheOverlord has 30 seconds left.\n|inactive|AlastorTheOverlord has 20 seconds left.\n|inactive|AlastorTheOverlord has 15 seconds left.\n|inactive|AlastorTheOverlord has 10 seconds left.\n|\n|t:|1699562220\n|move|p1a: DraGoodNight|Dragon Dance|p1a: DraGoodNight\n|-boost|p1a: DraGoodNight|atk|1\n|-boost|p1a: DraGoodNight|spe|1\n|move|p2a: Rotom|Discharge|p1a: DraGoodNight\n|-damage|p1a: DraGoodNight|19\/100 brn\n|\n|-heal|p2a: Rotom|46\/100|[from] item: Leftovers\n|-damage|p1a: DraGoodNight|13\/100 brn|[from] brn\n|upkeep\n|turn|9\n|inactive|AlastorTheOverlord has 20 seconds left this turn.\n|inactive|AlastorTheOverlord has 15 seconds left.\n|inactive|AlastorTheOverlord has 10 seconds left.\n|\n|t:|1699562233\n|move|p1a: DraGoodNight|Roost|p1a: DraGoodNight\n|-heal|p1a: DraGoodNight|63\/100 brn\n|-singleturn|p1a: DraGoodNight|move: Roost\n|move|p2a: Rotom|Discharge|p1a: DraGoodNight\n|-resisted|p1a: DraGoodNight\n|-damage|p1a: DraGoodNight|23\/100 brn\n|\n|-heal|p2a: Rotom|52\/100|[from] item: Leftovers\n|-damage|p1a: DraGoodNight|17\/100 brn|[from] brn\n|upkeep\n|turn|10\n|inactive|AlastorTheOverlord has 20 seconds left this turn.\n|\n|t:|1699562237\n|move|p1a: DraGoodNight|Extreme Speed|p2a: Rotom\n|-damage|p2a: Rotom|9\/100\n|move|p2a: Rotom|Discharge|p1a: DraGoodNight\n|-damage|p1a: DraGoodNight|0 fnt\n|faint|p1a: DraGoodNight\n|\n|-heal|p2a: Rotom|15\/100|[from] item: Leftovers\n|upkeep\n|inactive|AlastorTheOverlord has 25 seconds left this turn.\n|inactive|AlastorTheOverlord has 20 seconds left.\n|\n|t:|1699562244\n|switch|p1a: Iron Man|Scizor, M|100\/100\n|turn|11\n|inactive|AlastorTheOverlord has 30 seconds left this turn.\n|\n|t:|1699562249\n|move|p1a: Iron Man|Bullet Punch|p2a: Rotom\n|-resisted|p2a: Rotom\n|-damage|p2a: Rotom|0 fnt\n|faint|p2a: Rotom\n|-damage|p1a: Iron Man|91\/100|[from] item: Life Orb\n|\n|upkeep\n|\n|t:|1699562258\n|switch|p2a: Salazzle|Salazzle, F|100\/100\n|turn|12\n|\n|t:|1699562268\n|move|p1a: Iron Man|Bullet Punch|p2a: Salazzle\n|-resisted|p2a: Salazzle\n|-damage|p2a: Salazzle|60\/100\n|-damage|p1a: Iron Man|81\/100|[from] item: Life Orb\n|move|p2a: Salazzle|Nasty Plot|p2a: Salazzle\n|-boost|p2a: Salazzle|spa|2\n|\n|upkeep\n|turn|13\n|\n|t:|1699562279\n|switch|p2a: Latios|Latios, M|100\/100\n|move|p1a: Iron Man|Bullet Punch|p2a: Latios\n|-damage|p2a: Latios|37\/100\n|-damage|p1a: Iron Man|71\/100|[from] item: Life Orb\n|\n|upkeep\n|turn|14\n|\n|t:|1699562285\n|detailschange|p2a: Latios|Latios-Mega, M\n|-mega|p2a: Latios|Latios|Latiosite\n|move|p2a: Latios|Earthquake|p1a: Iron Man\n|-damage|p1a: Iron Man|45\/100\n|move|p1a: Iron Man|Swords Dance|p1a: Iron Man\n|-boost|p1a: Iron Man|atk|2\n|\n|upkeep\n|turn|15\n|inactive|AlastorTheOverlord has 60 seconds left.\n|\n|t:|1699562293\n|move|p1a: Iron Man|Bullet Punch|p2a: Latios\n|-damage|p2a: Latios|0 fnt\n|faint|p2a: Latios\n|-damage|p1a: Iron Man|35\/100|[from] item: Life Orb\n|\n|upkeep\n|\n|t:|1699562302\n|switch|p2a: Mimikyu|Mimikyu, F|100\/100\n|turn|16\n|\n|t:|1699562313\n|move|p1a: Iron Man|Bullet Punch|p2a: Mimikyu\n|-activate|p2a: Mimikyu|ability: Disguise\n|-damage|p2a: Mimikyu|100\/100\n|detailschange|p2a: Mimikyu|Mimikyu-Busted, F\n|-damage|p2a: Mimikyu|88\/100|[from] pokemon: Mimikyu-Busted\n|-damage|p1a: Iron Man|25\/100|[from] item: Life Orb\n|move|p2a: Mimikyu|Drain Punch|p1a: Iron Man\n|-damage|p1a: Iron Man|0 fnt\n|-heal|p2a: Mimikyu|100\/100|[from] drain|[of] p1a: Iron Man\n|faint|p1a: Iron Man\n|-damage|p2a: Mimikyu|91\/100|[from] item: Life Orb\n|\n|upkeep\n|\n|t:|1699562317\n|switch|p1a: El Toxiqu\u00edn|Nidoking, M|100\/100\n|turn|17\n|\n|t:|1699562326\n|move|p2a: Mimikyu|Drain Punch|p1a: El Toxiqu\u00edn\n|-resisted|p1a: El Toxiqu\u00edn\n|-damage|p1a: El Toxiqu\u00edn|82\/100\n|-heal|p2a: Mimikyu|100\/100|[from] drain|[of] p1a: El Toxiqu\u00edn\n|-damage|p2a: Mimikyu|91\/100|[from] item: Life Orb\n|move|p1a: El Toxiqu\u00edn|Sludge Wave|p2a: Mimikyu\n|-damage|p2a: Mimikyu|10\/100\n|\n|upkeep\n|turn|18\n|\n|t:|1699562333\n|move|p2a: Mimikyu|Shadow Sneak|p1a: El Toxiqu\u00edn\n|-damage|p1a: El Toxiqu\u00edn|53\/100\n|-damage|p2a: Mimikyu|0 fnt|[from] item: Life Orb\n|faint|p2a: Mimikyu\n|move|p1a: El Toxiqu\u00edn|Sludge Wave|p2: Mimikyu|[notarget]\n|-fail|p1a: El Toxiqu\u00edn\n|\n|upkeep\n|\n|t:|1699562345\n|switch|p2a: Salazzle|Salazzle, F|60\/100\n|turn|19\n|\n|t:|1699562349\n|move|p2a: Salazzle|Dragon Pulse|p1a: El Toxiqu\u00edn\n|-damage|p1a: El Toxiqu\u00edn|14\/100\n|move|p1a: El Toxiqu\u00edn|Earth Power|p2a: Salazzle\n|-supereffective|p2a: Salazzle\n|-damage|p2a: Salazzle|0 fnt\n|faint|p2a: Salazzle\n|\n|upkeep\n|\n|t:|1699562354\n|switch|p2a: Kingambit|Kingambit, F|100\/100\n|-activate|p2a: Kingambit|ability: Supreme Overlord\n|-start|p2a: Kingambit|fallen5|[silent]\n|turn|20\n|\n|t:|1699562363\n|move|p2a: Kingambit|Sucker Punch|p1a: El Toxiqu\u00edn\n|-damage|p1a: El Toxiqu\u00edn|0 fnt\n|faint|p1a: El Toxiqu\u00edn\n|\n|upkeep\n|\n|t:|1699562365\n|switch|p1a: Escuerul|Blastoise, M|100\/100\n|turn|21\n|inactive|AlastorTheOverlord has 120 seconds left.\n|\n|t:|1699562372\n|detailschange|p1a: Escuerul|Blastoise-Mega, M\n|-mega|p1a: Escuerul|Blastoise|Blastoisinite\n|move|p2a: Kingambit|Sucker Punch|p1a: Escuerul\n|-damage|p1a: Escuerul|22\/100\n|move|p1a: Escuerul|Aura Sphere|p2a: Kingambit\n|-supereffective|p2a: Kingambit\n|-crit|p2a: Kingambit\n|-damage|p2a: Kingambit|0 fnt\n|faint|p2a: Kingambit\n|-end|p2a: Kingambit|fallen5|[silent]\n|\n|win|AlastorTheOverlord\n|raw|AlastorTheOverlord's rating: 1187 &rarr; <strong>1218<\/strong><br \/>(+31 for winning)\n|raw|PrinceLokiii's rating: 1279 &rarr; <strong>1248<\/strong><br \/>(-31 for losing)\n|l|\u2606PrinceLokiii\n","uploadtime":1699562381,"views":9,"p1id":"alastortheoverlord","p2id":"princelokiii","formatid":"gen9nationaldexubers","rating":1218,"private":0,"password":""}