{"id":"gen9nationaldexubers-1984614572","p1":"Incredible Gassy","p2":"mega qy","format":"[Gen 9] National Dex Ubers","log":"|j|\u2606Incredible Gassy\n|j|\u2606mega qy\n|t:|1699284771\n|gametype|singles\n|player|p1|Incredible Gassy|kieran|1694\n|player|p2|mega qy|lusamine-nihilego|1641\n|teamsize|p1|6\n|teamsize|p2|6\n|gen|9\n|tier|[Gen 9] National Dex Ubers\n|rated|\n|rule|HP Percentage Mod: HP is shown in percentages\n|rule|Endless Battle Clause: Forcing endless battles is banned\n|rule|OHKO Clause: OHKO moves are banned\n|rule|Evasion Moves Clause: Evasion moves are banned\n|rule|Evasion Items Clause: Evasion items are banned\n|rule|Species Clause: Limit one of each Pok\u00e9mon\n|rule|Sleep Clause Mod: Limit one foe put to sleep\n|rule|Mega Rayquaza Clause: You cannot mega evolve Rayquaza\n|clearpoke\n|poke|p1|Rayquaza|\n|poke|p1|Hatterene, F|\n|poke|p1|Melmetal|\n|poke|p1|Kyogre|\n|poke|p1|Calyrex-Ice|\n|poke|p1|Arceus|\n|poke|p2|Hatterene, F|\n|poke|p2|Calyrex-Ice|\n|poke|p2|Cresselia, F|\n|poke|p2|Arceus|\n|poke|p2|Melmetal|\n|poke|p2|Groudon|\n|teampreview\n|inactive|Battle timer is ON: inactive players will automatically lose when time's up. (requested by Incredible Gassy)\n|\n|t:|1699284777\n|start\n|switch|p1a: Emerald|Rayquaza|100\/100\n|switch|p2a: \u9752\u6625\u97f3\u7bb1\u87c0\u4e0d\u4f1a\u68a6\u89c1\u9b54\u5973\u5b66\u59d0|Hatterene, F, shiny|100\/100\n|-ability|p1a: Emerald|Air Lock\n|turn|1\n|\n|t:|1699284781\n|move|p1a: Emerald|Dragon Ascent|p2a: \u9752\u6625\u97f3\u7bb1\u87c0\u4e0d\u4f1a\u68a6\u89c1\u9b54\u5973\u5b66\u59d0\n|-crit|p2a: \u9752\u6625\u97f3\u7bb1\u87c0\u4e0d\u4f1a\u68a6\u89c1\u9b54\u5973\u5b66\u59d0\n|-enditem|p2a: \u9752\u6625\u97f3\u7bb1\u87c0\u4e0d\u4f1a\u68a6\u89c1\u9b54\u5973\u5b66\u59d0|Focus Sash\n|-damage|p2a: \u9752\u6625\u97f3\u7bb1\u87c0\u4e0d\u4f1a\u68a6\u89c1\u9b54\u5973\u5b66\u59d0|1\/100\n|-unboost|p1a: Emerald|def|1\n|-unboost|p1a: Emerald|spd|1\n|-damage|p1a: Emerald|91\/100|[from] item: Life Orb\n|move|p2a: \u9752\u6625\u97f3\u7bb1\u87c0\u4e0d\u4f1a\u68a6\u89c1\u9b54\u5973\u5b66\u59d0|Trick Room|p2a: \u9752\u6625\u97f3\u7bb1\u87c0\u4e0d\u4f1a\u68a6\u89c1\u9b54\u5973\u5b66\u59d0\n|-fieldstart|move: Trick Room|[of] p2a: \u9752\u6625\u97f3\u7bb1\u87c0\u4e0d\u4f1a\u68a6\u89c1\u9b54\u5973\u5b66\u59d0\n|\n|upkeep\n|turn|2\n|\n|t:|1699284785\n|move|p1a: Emerald|Extreme Speed|p2a: \u9752\u6625\u97f3\u7bb1\u87c0\u4e0d\u4f1a\u68a6\u89c1\u9b54\u5973\u5b66\u59d0\n|-damage|p2a: \u9752\u6625\u97f3\u7bb1\u87c0\u4e0d\u4f1a\u68a6\u89c1\u9b54\u5973\u5b66\u59d0|0 fnt\n|faint|p2a: \u9752\u6625\u97f3\u7bb1\u87c0\u4e0d\u4f1a\u68a6\u89c1\u9b54\u5973\u5b66\u59d0\n|-damage|p1a: Emerald|81\/100|[from] item: Life Orb\n|\n|upkeep\n|\n|t:|1699284789\n|switch|p2a: \u6211\u8981\u51b0\u5c01\u8fd9\u4e2a\u4e16\u754c|Calyrex-Ice|100\/100\n|-ability|p2a: \u6211\u8981\u51b0\u5c01\u8fd9\u4e2a\u4e16\u754c|As One\n|-ability|p2a: \u6211\u8981\u51b0\u5c01\u8fd9\u4e2a\u4e16\u754c|Unnerve\n|turn|3\n|\n|t:|1699284796\n|switch|p1a: Freezie|Calyrex-Ice|100\/100\n|-ability|p1a: Freezie|As One\n|-ability|p1a: Freezie|Unnerve\n|-terastallize|p2a: \u6211\u8981\u51b0\u5c01\u8fd9\u4e2a\u4e16\u754c|Ice\n|move|p2a: \u6211\u8981\u51b0\u5c01\u8fd9\u4e2a\u4e16\u754c|Glacial Lance|p1a: Freezie\n|-resisted|p1a: Freezie\n|-damage|p1a: Freezie|56\/100\n|\n|upkeep\n|turn|4\n|\n|t:|1699284799\n|move|p2a: \u6211\u8981\u51b0\u5c01\u8fd9\u4e2a\u4e16\u754c|Glacial Lance|p1a: Freezie\n|-resisted|p1a: Freezie\n|-damage|p1a: Freezie|8\/100\n|move|p1a: Freezie|Trick Room|p1a: Freezie\n|-fieldend|move: Trick Room\n|\n|upkeep\n|turn|5\n|\n|t:|1699284805\n|move|p1a: Freezie|Zen Headbutt|p2a: \u6211\u8981\u51b0\u5c01\u8fd9\u4e2a\u4e16\u754c\n|-damage|p2a: \u6211\u8981\u51b0\u5c01\u8fd9\u4e2a\u4e16\u754c|70\/100\n|move|p2a: \u6211\u8981\u51b0\u5c01\u8fd9\u4e2a\u4e16\u754c|Glacial Lance|p1a: Freezie\n|-resisted|p1a: Freezie\n|-damage|p1a: Freezie|0 fnt\n|faint|p1a: Freezie\n|-ability|p2a: \u6211\u8981\u51b0\u5c01\u8fd9\u4e2a\u4e16\u754c|Chilling Neigh|boost\n|-boost|p2a: \u6211\u8981\u51b0\u5c01\u8fd9\u4e2a\u4e16\u754c|atk|1\n|\n|upkeep\n|\n|t:|1699284809\n|switch|p1a: Emerald|Rayquaza|81\/100\n|-ability|p1a: Emerald|Air Lock\n|turn|6\n|\n|t:|1699284826\n|switch|p2a: \u8fd9\u4e2a\u4e16\u754c\u5371\u5728\u65e6\u5915|Groudon|100\/100\n|detailschange|p2a: \u8fd9\u4e2a\u4e16\u754c\u5371\u5728\u65e6\u5915|Groudon-Primal\n|-primal|p2a: \u8fd9\u4e2a\u4e16\u754c\u5371\u5728\u65e6\u5915|Red Orb\n|-weather|DesolateLand|[from] ability: Desolate Land|[of] p2a: \u8fd9\u4e2a\u4e16\u754c\u5371\u5728\u65e6\u5915\n|move|p1a: Emerald|V-create|p2a: \u8fd9\u4e2a\u4e16\u754c\u5371\u5728\u65e6\u5915\n|-resisted|p2a: \u8fd9\u4e2a\u4e16\u754c\u5371\u5728\u65e6\u5915\n|-damage|p2a: \u8fd9\u4e2a\u4e16\u754c\u5371\u5728\u65e6\u5915|70\/100\n|-unboost|p1a: Emerald|spe|1\n|-unboost|p1a: Emerald|def|1\n|-unboost|p1a: Emerald|spd|1\n|-damage|p1a: Emerald|71\/100|[from] item: Life Orb\n|\n|-weather|DesolateLand|[upkeep]\n|upkeep\n|turn|7\n|\n|t:|1699284845\n|-weather|none\n|switch|p2a: \u6700\u5f3a\u6218\u795e\u5b99\u65af|Arceus|100\/100\n|switch|p1a: The Biggest One|Arceus|100\/100\n|\n|upkeep\n|turn|8\n|\n|t:|1699284853\n|switch|p1a: Femme Metale|Melmetal, shiny|100\/100\n|move|p2a: \u6700\u5f3a\u6218\u795e\u5b99\u65af|Roar|p1a: Femme Metale\n|drag|p1a: The Biggest One|Arceus|100\/100\n|\n|upkeep\n|turn|9\n|\n|t:|1699284865\n|move|p1a: The Biggest One|Brick Break|p2a: \u6700\u5f3a\u6218\u795e\u5b99\u65af\n|-supereffective|p2a: \u6700\u5f3a\u6218\u795e\u5b99\u65af\n|-enditem|p2a: \u6700\u5f3a\u6218\u795e\u5b99\u65af|Chople Berry|[eat]\n|-enditem|p2a: \u6700\u5f3a\u6218\u795e\u5b99\u65af|Chople Berry|[weaken]\n|-damage|p2a: \u6700\u5f3a\u6218\u795e\u5b99\u65af|88\/100\n|move|p2a: \u6700\u5f3a\u6218\u795e\u5b99\u65af|Trick Room|p2a: \u6700\u5f3a\u6218\u795e\u5b99\u65af\n|-fieldstart|move: Trick Room|[of] p2a: \u6700\u5f3a\u6218\u795e\u5b99\u65af\n|\n|upkeep\n|turn|10\n|\n|t:|1699284870\n|switch|p2a: \u5c0f\u667a\u51a0\u519b\u5927\u9171|Melmetal|100\/100\n|move|p1a: The Biggest One|Trick Room|p1a: The Biggest One\n|-fieldend|move: Trick Room\n|\n|upkeep\n|turn|11\n|\n|t:|1699284879\n|move|p1a: The Biggest One|Healing Wish|p1a: The Biggest One\n|faint|p1a: The Biggest One\n|move|p2a: \u5c0f\u667a\u51a0\u519b\u5927\u9171|Double Iron Bash|p1: The Biggest One|[notarget]\n|-fail|p2a: \u5c0f\u667a\u51a0\u519b\u5927\u9171\n|\n|upkeep\n|\n|t:|1699284885\n|switch|p1a: Emerald|Rayquaza|71\/100\n|-heal|p1a: Emerald|100\/100|[from] move: Healing Wish\n|-ability|p1a: Emerald|Air Lock\n|turn|12\n|\n|t:|1699284895\n|switch|p2a: \u8fd9\u4e2a\u4e16\u754c\u5371\u5728\u65e6\u5915|Groudon-Primal|70\/100\n|-weather|DesolateLand|[from] ability: Desolate Land|[of] p2a: \u8fd9\u4e2a\u4e16\u754c\u5371\u5728\u65e6\u5915\n|move|p1a: Emerald|V-create|p2a: \u8fd9\u4e2a\u4e16\u754c\u5371\u5728\u65e6\u5915\n|-resisted|p2a: \u8fd9\u4e2a\u4e16\u754c\u5371\u5728\u65e6\u5915\n|-damage|p2a: \u8fd9\u4e2a\u4e16\u754c\u5371\u5728\u65e6\u5915|44\/100\n|-unboost|p1a: Emerald|spe|1\n|-unboost|p1a: Emerald|def|1\n|-unboost|p1a: Emerald|spd|1\n|-damage|p1a: Emerald|91\/100|[from] item: Life Orb\n|\n|-weather|DesolateLand|[upkeep]\n|upkeep\n|turn|13\n|\n|t:|1699284912\n|move|p2a: \u8fd9\u4e2a\u4e16\u754c\u5371\u5728\u65e6\u5915|Stone Edge|p1a: Emerald|[miss]\n|-miss|p2a: \u8fd9\u4e2a\u4e16\u754c\u5371\u5728\u65e6\u5915|p1a: Emerald\n|move|p1a: Emerald|Dragon Ascent|p2a: \u8fd9\u4e2a\u4e16\u754c\u5371\u5728\u65e6\u5915\n|-damage|p2a: \u8fd9\u4e2a\u4e16\u754c\u5371\u5728\u65e6\u5915|0 fnt\n|-unboost|p1a: Emerald|def|1\n|-unboost|p1a: Emerald|spd|1\n|faint|p2a: \u8fd9\u4e2a\u4e16\u754c\u5371\u5728\u65e6\u5915\n|-weather|none\n|-damage|p1a: Emerald|81\/100|[from] item: Life Orb\n|\n|upkeep\n|j| Lario\n|\n|t:|1699284922\n|switch|p2a: \u6700\u5f3a\u6218\u795e\u5b99\u65af|Arceus|88\/100\n|turn|14\n|\n|t:|1699284926\n|move|p1a: Emerald|Dragon Ascent|p2a: \u6700\u5f3a\u6218\u795e\u5b99\u65af\n|-damage|p2a: \u6700\u5f3a\u6218\u795e\u5b99\u65af|37\/100\n|-unboost|p1a: Emerald|def|1\n|-unboost|p1a: Emerald|spd|1\n|-damage|p1a: Emerald|71\/100|[from] item: Life Orb\n|move|p2a: \u6700\u5f3a\u6218\u795e\u5b99\u65af|Trick Room|p2a: \u6700\u5f3a\u6218\u795e\u5b99\u65af\n|-fieldstart|move: Trick Room|[of] p2a: \u6700\u5f3a\u6218\u795e\u5b99\u65af\n|\n|upkeep\n|turn|15\n|\n|t:|1699284931\n|-terastallize|p1a: Emerald|Normal\n|move|p1a: Emerald|Extreme Speed|p2a: \u6700\u5f3a\u6218\u795e\u5b99\u65af\n|-damage|p2a: \u6700\u5f3a\u6218\u795e\u5b99\u65af|4\/100\n|-damage|p1a: Emerald|61\/100|[from] item: Life Orb\n|move|p2a: \u6700\u5f3a\u6218\u795e\u5b99\u65af|Healing Wish|p2a: \u6700\u5f3a\u6218\u795e\u5b99\u65af\n|faint|p2a: \u6700\u5f3a\u6218\u795e\u5b99\u65af\n|\n|upkeep\n|\n|t:|1699284936\n|switch|p2a: \u5c0f\u667a\u51a0\u519b\u5927\u9171|Melmetal|100\/100\n|turn|16\n|\n|t:|1699284943\n|switch|p1a: Drumstick|Hatterene, F|100\/100\n|move|p2a: \u5c0f\u667a\u51a0\u519b\u5927\u9171|Double Iron Bash|p1a: Drumstick\n|-supereffective|p1a: Drumstick\n|-enditem|p1a: Drumstick|Focus Sash\n|-damage|p1a: Drumstick|1\/100\n|-supereffective|p1a: Drumstick\n|-damage|p1a: Drumstick|0 fnt\n|faint|p1a: Drumstick\n|-hitcount|p1: Drumstick|2\n|\n|upkeep\n|\n|t:|1699284945\n|switch|p1a: Big Blue|Kyogre|100\/100\n|detailschange|p1a: Big Blue|Kyogre-Primal\n|-primal|p1a: Big Blue|Blue Orb\n|-weather|PrimordialSea|[from] ability: Primordial Sea|[of] p1a: Big Blue\n|turn|17\n|\n|t:|1699284948\n|move|p2a: \u5c0f\u667a\u51a0\u519b\u5927\u9171|Double Iron Bash|p1a: Big Blue\n|-resisted|p1a: Big Blue\n|-damage|p1a: Big Blue|72\/100\n|-resisted|p1a: Big Blue\n|-damage|p1a: Big Blue|43\/100\n|-hitcount|p1a: Big Blue|2\n|move|p1a: Big Blue|Origin Pulse|p2a: \u5c0f\u667a\u51a0\u519b\u5927\u9171\n|-damage|p2a: \u5c0f\u667a\u51a0\u519b\u5927\u9171|0 fnt\n|faint|p2a: \u5c0f\u667a\u51a0\u519b\u5927\u9171\n|\n|-weather|PrimordialSea|[upkeep]\n|upkeep\n|\n|t:|1699284953\n|switch|p2a: \u6211\u8981\u51b0\u5c01\u8fd9\u4e2a\u4e16\u754c|Calyrex-Ice, tera:Ice|70\/100\n|-ability|p2a: \u6211\u8981\u51b0\u5c01\u8fd9\u4e2a\u4e16\u754c|As One\n|-ability|p2a: \u6211\u8981\u51b0\u5c01\u8fd9\u4e2a\u4e16\u754c|Unnerve\n|-heal|p2a: \u6211\u8981\u51b0\u5c01\u8fd9\u4e2a\u4e16\u754c|100\/100|[from] move: Healing Wish\n|turn|18\n|\n|t:|1699284962\n|-weather|none\n|switch|p1a: Emerald|Rayquaza, tera:Normal|61\/100\n|-ability|p1a: Emerald|Air Lock\n|move|p2a: \u6211\u8981\u51b0\u5c01\u8fd9\u4e2a\u4e16\u754c|Glacial Lance|p1a: Emerald\n|-damage|p1a: Emerald|0 fnt\n|faint|p1a: Emerald\n|-ability|p2a: \u6211\u8981\u51b0\u5c01\u8fd9\u4e2a\u4e16\u754c|Chilling Neigh|boost\n|-boost|p2a: \u6211\u8981\u51b0\u5c01\u8fd9\u4e2a\u4e16\u754c|atk|1\n|\n|-fieldend|move: Trick Room\n|upkeep\n|\n|t:|1699284965\n|switch|p1a: Big Blue|Kyogre-Primal|43\/100\n|-weather|PrimordialSea|[from] ability: Primordial Sea|[of] p1a: Big Blue\n|turn|19\n|\n|t:|1699284969\n|move|p1a: Big Blue|Origin Pulse|p2a: \u6211\u8981\u51b0\u5c01\u8fd9\u4e2a\u4e16\u754c\n|-damage|p2a: \u6211\u8981\u51b0\u5c01\u8fd9\u4e2a\u4e16\u754c|25\/100\n|move|p2a: \u6211\u8981\u51b0\u5c01\u8fd9\u4e2a\u4e16\u754c|Glacial Lance|p1a: Big Blue\n|-resisted|p1a: Big Blue\n|-damage|p1a: Big Blue|0 fnt\n|faint|p1a: Big Blue\n|-weather|none\n|-ability|p2a: \u6211\u8981\u51b0\u5c01\u8fd9\u4e2a\u4e16\u754c|Chilling Neigh|boost\n|-boost|p2a: \u6211\u8981\u51b0\u5c01\u8fd9\u4e2a\u4e16\u754c|atk|1\n|\n|upkeep\n|\n|t:|1699284972\n|switch|p1a: Femme Metale|Melmetal, shiny|100\/100\n|turn|20\n|\n|t:|1699284976\n|move|p2a: \u6211\u8981\u51b0\u5c01\u8fd9\u4e2a\u4e16\u754c|Glacial Lance|p1a: Femme Metale\n|-resisted|p1a: Femme Metale\n|-damage|p1a: Femme Metale|17\/100\n|move|p1a: Femme Metale|Double Iron Bash|p2a: \u6211\u8981\u51b0\u5c01\u8fd9\u4e2a\u4e16\u754c\n|-supereffective|p2a: \u6211\u8981\u51b0\u5c01\u8fd9\u4e2a\u4e16\u754c\n|-damage|p2a: \u6211\u8981\u51b0\u5c01\u8fd9\u4e2a\u4e16\u754c|0 fnt\n|faint|p2a: \u6211\u8981\u51b0\u5c01\u8fd9\u4e2a\u4e16\u754c\n|-hitcount|p2: \u6211\u8981\u51b0\u5c01\u8fd9\u4e2a\u4e16\u754c|1\n|\n|upkeep\n|\n|t:|1699284980\n|switch|p2a: \u4eca\u665a\u505a\u4e2a\u597d\u68a6\u5427|Cresselia, F|100\/100\n|turn|21\n|-message|mega qy forfeited.\n|\n|win|Incredible Gassy\n|raw|Incredible Gassy's rating: 1694 &rarr; <strong>1711<\/strong><br \/>(+17 for winning)\n|raw|mega qy's rating: 1641 &rarr; <strong>1624<\/strong><br \/>(-17 for losing)\n|l|\u2606Incredible Gassy\n|l|\u2606mega qy\n","uploadtime":1699285003,"views":5,"p1id":"incrediblegassy","p2id":"megaqy","formatid":"gen9nationaldexubers","rating":1624,"private":0,"password":""}