{"id":"gen9nationaldexubers-1995448625","p1":"PHANTOM-MODE\ufe0f\u26a7\ufe0f","p2":"Team Renegade Boss","format":"[Gen 9] National Dex Ubers","log":"|j|\u2606PHANTOM-MODE\ufe0f\u26a7\ufe0f\n|j|\u2606Team Renegade Boss\n|t:|1700572017\n|gametype|singles\n|player|p1|PHANTOM-MODE\ufe0f\u26a7\ufe0f|hexmaniac-gen6|1147\n|player|p2|Team Renegade Boss|lance|1181\n|teamsize|p1|6\n|teamsize|p2|6\n|gen|9\n|tier|[Gen 9] National Dex Ubers\n|rated|\n|rule|HP Percentage Mod: HP is shown in percentages\n|rule|Endless Battle Clause: Forcing endless battles is banned\n|rule|OHKO Clause: OHKO moves are banned\n|rule|Evasion Moves Clause: Evasion moves are banned\n|rule|Evasion Items Clause: Evasion items are banned\n|rule|Species Clause: Limit one of each Pok\u00e9mon\n|rule|Sleep Clause Mod: Limit one foe put to sleep\n|rule|Mega Rayquaza Clause: You cannot mega evolve Rayquaza\n|clearpoke\n|poke|p1|Mimikyu, M|\n|poke|p1|Spiritomb, F|\n|poke|p1|Trevenant, M|\n|poke|p1|Dhelmise|\n|poke|p1|Brambleghast, M|\n|poke|p1|Marowak-Alola, M|\n|poke|p2|Dracovish|\n|poke|p2|Dracozolt|\n|poke|p2|Hippowdon, M|\n|poke|p2|Alakazam, F|\n|poke|p2|Kommo-o, M|\n|poke|p2|Scizor, M|\n|teampreview\n|inactive|Battle timer is ON: inactive players will automatically lose when time's up. (requested by Team Renegade Boss)\n|c|\u2606Team Renegade Boss|HAPPY HOILDAYS!\n|\n|t:|1700572034\n|start\n|switch|p1a: \ud83c\ude33\ufe0fBRAMBLEGHAST\ud83c\ude33\ufe0f|Brambleghast, M, shiny|100\/100\n|switch|p2a: Hippowdon|Hippowdon, M|100\/100\n|-weather|Sandstorm|[from] ability: Sand Stream|[of] p2a: Hippowdon\n|turn|1\n|\n|t:|1700572044\n|move|p1a: \ud83c\ude33\ufe0fBRAMBLEGHAST\ud83c\ude33\ufe0f|Rapid Spin|p2a: Hippowdon\n|-damage|p2a: Hippowdon|92\/100\n|-boost|p1a: \ud83c\ude33\ufe0fBRAMBLEGHAST\ud83c\ude33\ufe0f|spe|1\n|move|p2a: Hippowdon|Stealth Rock|p1a: \ud83c\ude33\ufe0fBRAMBLEGHAST\ud83c\ude33\ufe0f\n|-sidestart|p1: PHANTOM-MODE\ufe0f\u26a7\ufe0f|move: Stealth Rock\n|\n|-weather|Sandstorm|[upkeep]\n|-damage|p1a: \ud83c\ude33\ufe0fBRAMBLEGHAST\ud83c\ude33\ufe0f|94\/100|[from] Sandstorm\n|upkeep\n|turn|2\n|\n|t:|1700572063\n|switch|p2a: Dracovish|Dracovish, shiny|100\/100\n|move|p1a: \ud83c\ude33\ufe0fBRAMBLEGHAST\ud83c\ude33\ufe0f|Rapid Spin|p2a: Dracovish\n|-damage|p2a: Dracovish|81\/100\n|-boost|p1a: \ud83c\ude33\ufe0fBRAMBLEGHAST\ud83c\ude33\ufe0f|spe|1\n|-sideend|p1: PHANTOM-MODE\ufe0f\u26a7\ufe0f|Stealth Rock|[from] move: Rapid Spin|[of] p1a: \ud83c\ude33\ufe0fBRAMBLEGHAST\ud83c\ude33\ufe0f\n|\n|-weather|Sandstorm|[upkeep]\n|-damage|p1a: \ud83c\ude33\ufe0fBRAMBLEGHAST\ud83c\ude33\ufe0f|88\/100|[from] Sandstorm\n|upkeep\n|turn|3\n|\n|t:|1700572075\n|-terastallize|p2a: Dracovish|Water\n|move|p1a: \ud83c\ude33\ufe0fBRAMBLEGHAST\ud83c\ude33\ufe0f|Poltergeist|p2a: Dracovish\n|-activate|p2a: Dracovish|move: Poltergeist|Choice Band\n|-damage|p2a: Dracovish|24\/100\n|move|p2a: Dracovish|Fishious Rend|p1a: \ud83c\ude33\ufe0fBRAMBLEGHAST\ud83c\ude33\ufe0f\n|-resisted|p1a: \ud83c\ude33\ufe0fBRAMBLEGHAST\ud83c\ude33\ufe0f\n|-damage|p1a: \ud83c\ude33\ufe0fBRAMBLEGHAST\ud83c\ude33\ufe0f|20\/100\n|\n|-weather|Sandstorm|[upkeep]\n|-damage|p1a: \ud83c\ude33\ufe0fBRAMBLEGHAST\ud83c\ude33\ufe0f|13\/100|[from] Sandstorm\n|upkeep\n|turn|4\n|\n|t:|1700572087\n|move|p1a: \ud83c\ude33\ufe0fBRAMBLEGHAST\ud83c\ude33\ufe0f|Strength Sap|p2a: Dracovish\n|-unboost|p2a: Dracovish|atk|1\n|-heal|p1a: \ud83c\ude33\ufe0fBRAMBLEGHAST\ud83c\ude33\ufe0f|100\/100\n|move|p2a: Dracovish|Fishious Rend|p1a: \ud83c\ude33\ufe0fBRAMBLEGHAST\ud83c\ude33\ufe0f\n|-resisted|p1a: \ud83c\ude33\ufe0fBRAMBLEGHAST\ud83c\ude33\ufe0f\n|-damage|p1a: \ud83c\ude33\ufe0fBRAMBLEGHAST\ud83c\ude33\ufe0f|54\/100\n|\n|-weather|Sandstorm|[upkeep]\n|-damage|p1a: \ud83c\ude33\ufe0fBRAMBLEGHAST\ud83c\ude33\ufe0f|48\/100|[from] Sandstorm\n|upkeep\n|turn|5\n|\n|t:|1700572101\n|move|p1a: \ud83c\ude33\ufe0fBRAMBLEGHAST\ud83c\ude33\ufe0f|Poltergeist|p2a: Dracovish\n|-activate|p2a: Dracovish|move: Poltergeist|Choice Band\n|-damage|p2a: Dracovish|0 fnt\n|faint|p2a: Dracovish\n|\n|-weather|Sandstorm|[upkeep]\n|-damage|p1a: \ud83c\ude33\ufe0fBRAMBLEGHAST\ud83c\ude33\ufe0f|42\/100|[from] Sandstorm\n|upkeep\n|\n|t:|1700572105\n|switch|p2a: Dracozolt|Dracozolt, shiny|100\/100\n|turn|6\n|\n|t:|1700572113\n|move|p1a: \ud83c\ude33\ufe0fBRAMBLEGHAST\ud83c\ude33\ufe0f|Strength Sap|p2a: Dracozolt\n|-unboost|p2a: Dracozolt|atk|1\n|-heal|p1a: \ud83c\ude33\ufe0fBRAMBLEGHAST\ud83c\ude33\ufe0f|100\/100\n|move|p2a: Dracozolt|Bolt Beak|p1a: \ud83c\ude33\ufe0fBRAMBLEGHAST\ud83c\ude33\ufe0f\n|-resisted|p1a: \ud83c\ude33\ufe0fBRAMBLEGHAST\ud83c\ude33\ufe0f\n|-damage|p1a: \ud83c\ude33\ufe0fBRAMBLEGHAST\ud83c\ude33\ufe0f|62\/100\n|\n|-weather|Sandstorm|[upkeep]\n|-damage|p1a: \ud83c\ude33\ufe0fBRAMBLEGHAST\ud83c\ude33\ufe0f|56\/100|[from] Sandstorm\n|upkeep\n|turn|7\n|\n|t:|1700572125\n|move|p1a: \ud83c\ude33\ufe0fBRAMBLEGHAST\ud83c\ude33\ufe0f|Strength Sap|p2a: Dracozolt\n|-unboost|p2a: Dracozolt|atk|1\n|-heal|p1a: \ud83c\ude33\ufe0fBRAMBLEGHAST\ud83c\ude33\ufe0f|100\/100\n|move|p2a: Dracozolt|Bolt Beak|p1a: \ud83c\ude33\ufe0fBRAMBLEGHAST\ud83c\ude33\ufe0f\n|-resisted|p1a: \ud83c\ude33\ufe0fBRAMBLEGHAST\ud83c\ude33\ufe0f\n|-damage|p1a: \ud83c\ude33\ufe0fBRAMBLEGHAST\ud83c\ude33\ufe0f|74\/100\n|\n|-weather|Sandstorm|[upkeep]\n|-damage|p1a: \ud83c\ude33\ufe0fBRAMBLEGHAST\ud83c\ude33\ufe0f|68\/100|[from] Sandstorm\n|upkeep\n|turn|8\n|\n|t:|1700572136\n|switch|p2a: Kommo-o|Kommo-o, M|100\/100\n|move|p1a: \ud83c\ude33\ufe0fBRAMBLEGHAST\ud83c\ude33\ufe0f|Strength Sap|p2a: Kommo-o\n|-unboost|p2a: Kommo-o|atk|1\n|-heal|p1a: \ud83c\ude33\ufe0fBRAMBLEGHAST\ud83c\ude33\ufe0f|100\/100\n|\n|-weather|none\n|upkeep\n|turn|9\n|\n|t:|1700572147\n|move|p1a: \ud83c\ude33\ufe0fBRAMBLEGHAST\ud83c\ude33\ufe0f|Poltergeist|p2a: Kommo-o\n|-activate|p2a: Kommo-o|move: Poltergeist|Kommonium Z\n|-crit|p2a: Kommo-o\n|-damage|p2a: Kommo-o|22\/100\n|move|p2a: Kommo-o|Flamethrower|p1a: \ud83c\ude33\ufe0fBRAMBLEGHAST\ud83c\ude33\ufe0f\n|-supereffective|p1a: \ud83c\ude33\ufe0fBRAMBLEGHAST\ud83c\ude33\ufe0f\n|-damage|p1a: \ud83c\ude33\ufe0fBRAMBLEGHAST\ud83c\ude33\ufe0f|11\/100\n|\n|upkeep\n|turn|10\n|\n|t:|1700572157\n|move|p1a: \ud83c\ude33\ufe0fBRAMBLEGHAST\ud83c\ude33\ufe0f|Poltergeist|p2a: Kommo-o\n|-activate|p2a: Kommo-o|move: Poltergeist|Kommonium Z\n|-damage|p2a: Kommo-o|0 fnt\n|faint|p2a: Kommo-o\n|\n|upkeep\n|\n|t:|1700572160\n|switch|p2a: Scizor|Scizor, M|100\/100\n|turn|11\n|\n|t:|1700572166\n|move|p2a: Scizor|Bullet Punch|p1a: \ud83c\ude33\ufe0fBRAMBLEGHAST\ud83c\ude33\ufe0f\n|-damage|p1a: \ud83c\ude33\ufe0fBRAMBLEGHAST\ud83c\ude33\ufe0f|0 fnt\n|faint|p1a: \ud83c\ude33\ufe0fBRAMBLEGHAST\ud83c\ude33\ufe0f\n|\n|upkeep\n|\n|t:|1700572171\n|switch|p1a: \ud83c\ude33\ufe0f\ud83d\udc80MAROWAK\ud83d\udc80\ud83c\ude33\ufe0f|Marowak-Alola, M, shiny|100\/100\n|turn|12\n|\n|t:|1700572175\n|move|p2a: Scizor|Bullet Punch|p1a: \ud83c\ude33\ufe0f\ud83d\udc80MAROWAK\ud83d\udc80\ud83c\ude33\ufe0f\n|-resisted|p1a: \ud83c\ude33\ufe0f\ud83d\udc80MAROWAK\ud83d\udc80\ud83c\ude33\ufe0f\n|-damage|p1a: \ud83c\ude33\ufe0f\ud83d\udc80MAROWAK\ud83d\udc80\ud83c\ude33\ufe0f|79\/100\n|move|p1a: \ud83c\ude33\ufe0f\ud83d\udc80MAROWAK\ud83d\udc80\ud83c\ude33\ufe0f|Flame Charge|p2a: Scizor\n|-supereffective|p2a: Scizor\n|-damage|p2a: Scizor|0 fnt\n|-boost|p1a: \ud83c\ude33\ufe0f\ud83d\udc80MAROWAK\ud83d\udc80\ud83c\ude33\ufe0f|spe|1\n|faint|p2a: Scizor\n|\n|upkeep\n|\n|t:|1700572179\n|switch|p2a: Hippowdon|Hippowdon, M|92\/100\n|-weather|Sandstorm|[from] ability: Sand Stream|[of] p2a: Hippowdon\n|turn|13\n|\n|t:|1700572196\n|-terastallize|p1a: \ud83c\ude33\ufe0f\ud83d\udc80MAROWAK\ud83d\udc80\ud83c\ude33\ufe0f|Ghost\n|move|p1a: \ud83c\ude33\ufe0f\ud83d\udc80MAROWAK\ud83d\udc80\ud83c\ude33\ufe0f|Flame Charge|p2a: Hippowdon\n|-damage|p2a: Hippowdon|72\/100\n|-boost|p1a: \ud83c\ude33\ufe0f\ud83d\udc80MAROWAK\ud83d\udc80\ud83c\ude33\ufe0f|spe|1\n|move|p2a: Hippowdon|Stealth Rock|p1a: \ud83c\ude33\ufe0f\ud83d\udc80MAROWAK\ud83d\udc80\ud83c\ude33\ufe0f\n|-sidestart|p1: PHANTOM-MODE\ufe0f\u26a7\ufe0f|move: Stealth Rock\n|\n|-weather|Sandstorm|[upkeep]\n|-damage|p1a: \ud83c\ude33\ufe0f\ud83d\udc80MAROWAK\ud83d\udc80\ud83c\ude33\ufe0f|73\/100|[from] Sandstorm\n|upkeep\n|turn|14\n|\n|t:|1700572207\n|move|p1a: \ud83c\ude33\ufe0f\ud83d\udc80MAROWAK\ud83d\udc80\ud83c\ude33\ufe0f|Poltergeist|p2a: Hippowdon\n|-activate|p2a: Hippowdon|move: Poltergeist|Smooth Rock\n|-damage|p2a: Hippowdon|11\/100\n|move|p2a: Hippowdon|Curse|p2a: Hippowdon\n|-unboost|p2a: Hippowdon|spe|1\n|-boost|p2a: Hippowdon|atk|1\n|-boost|p2a: Hippowdon|def|1\n|\n|-weather|Sandstorm|[upkeep]\n|-damage|p1a: \ud83c\ude33\ufe0f\ud83d\udc80MAROWAK\ud83d\udc80\ud83c\ude33\ufe0f|66\/100|[from] Sandstorm\n|upkeep\n|turn|15\n|\n|t:|1700572220\n|switch|p2a: Dracozolt|Dracozolt, shiny|100\/100\n|move|p1a: \ud83c\ude33\ufe0f\ud83d\udc80MAROWAK\ud83d\udc80\ud83c\ude33\ufe0f|Shadow Bone|p2a: Dracozolt\n|-damage|p2a: Dracozolt|5\/100\n|\n|-weather|Sandstorm|[upkeep]\n|-damage|p1a: \ud83c\ude33\ufe0f\ud83d\udc80MAROWAK\ud83d\udc80\ud83c\ude33\ufe0f|60\/100|[from] Sandstorm\n|upkeep\n|turn|16\n|\n|t:|1700572230\n|move|p2a: Dracozolt|Bolt Beak|p1a: \ud83c\ude33\ufe0f\ud83d\udc80MAROWAK\ud83d\udc80\ud83c\ude33\ufe0f\n|-crit|p1a: \ud83c\ude33\ufe0f\ud83d\udc80MAROWAK\ud83d\udc80\ud83c\ude33\ufe0f\n|-damage|p1a: \ud83c\ude33\ufe0f\ud83d\udc80MAROWAK\ud83d\udc80\ud83c\ude33\ufe0f|0 fnt\n|faint|p1a: \ud83c\ude33\ufe0f\ud83d\udc80MAROWAK\ud83d\udc80\ud83c\ude33\ufe0f\n|\n|-weather|Sandstorm|[upkeep]\n|upkeep\n|\n|t:|1700572240\n|switch|p1a: \ud83c\ude33\ufe0f\ud83d\udc80MIMIKYU\ud83d\udc80\ud83c\ude33\ufe0f|Mimikyu, M, shiny|100\/100\n|-damage|p1a: \ud83c\ude33\ufe0f\ud83d\udc80MIMIKYU\ud83d\udc80\ud83c\ude33\ufe0f|88\/100|[from] Stealth Rock\n|turn|17\n|\n|t:|1700572245\n|move|p1a: \ud83c\ude33\ufe0f\ud83d\udc80MIMIKYU\ud83d\udc80\ud83c\ude33\ufe0f|Shadow Sneak|p2a: Dracozolt\n|-damage|p2a: Dracozolt|0 fnt\n|faint|p2a: Dracozolt\n|\n|-weather|Sandstorm|[upkeep]\n|-damage|p1a: \ud83c\ude33\ufe0f\ud83d\udc80MIMIKYU\ud83d\udc80\ud83c\ude33\ufe0f|82\/100|[from] Sandstorm\n|upkeep\n|\n|t:|1700572248\n|switch|p2a: Alakazam|Alakazam, F|100\/100\n|turn|18\n|\n|t:|1700572262\n|detailschange|p2a: Alakazam|Alakazam-Mega, F\n|-mega|p2a: Alakazam|Alakazam|Alakazite\n|move|p2a: Alakazam|Energy Ball|p1a: \ud83c\ude33\ufe0f\ud83d\udc80MIMIKYU\ud83d\udc80\ud83c\ude33\ufe0f\n|-activate|p1a: \ud83c\ude33\ufe0f\ud83d\udc80MIMIKYU\ud83d\udc80\ud83c\ude33\ufe0f|ability: Disguise\n|-damage|p1a: \ud83c\ude33\ufe0f\ud83d\udc80MIMIKYU\ud83d\udc80\ud83c\ude33\ufe0f|82\/100\n|detailschange|p1a: \ud83c\ude33\ufe0f\ud83d\udc80MIMIKYU\ud83d\udc80\ud83c\ude33\ufe0f|Mimikyu-Busted, M, shiny\n|-damage|p1a: \ud83c\ude33\ufe0f\ud83d\udc80MIMIKYU\ud83d\udc80\ud83c\ude33\ufe0f|70\/100|[from] pokemon: Mimikyu-Busted\n|move|p1a: \ud83c\ude33\ufe0f\ud83d\udc80MIMIKYU\ud83d\udc80\ud83c\ude33\ufe0f|Shadow Claw|p2a: Alakazam\n|-supereffective|p2a: Alakazam\n|-damage|p2a: Alakazam|0 fnt\n|faint|p2a: Alakazam\n|\n|-weather|Sandstorm|[upkeep]\n|-damage|p1a: \ud83c\ude33\ufe0f\ud83d\udc80MIMIKYU\ud83d\udc80\ud83c\ude33\ufe0f|64\/100|[from] Sandstorm\n|upkeep\n|\n|t:|1700572266\n|switch|p2a: Hippowdon|Hippowdon, M|11\/100\n|turn|19\n|c|\u2606Team Renegade Boss|gg\n|\n|t:|1700572281\n|move|p1a: \ud83c\ude33\ufe0f\ud83d\udc80MIMIKYU\ud83d\udc80\ud83c\ude33\ufe0f|Phantom Force||[still]\n|-prepare|p1a: \ud83c\ude33\ufe0f\ud83d\udc80MIMIKYU\ud83d\udc80\ud83c\ude33\ufe0f|Phantom Force\n|move|p2a: Hippowdon|Curse|p2a: Hippowdon\n|-unboost|p2a: Hippowdon|spe|1\n|-boost|p2a: Hippowdon|atk|1\n|-boost|p2a: Hippowdon|def|1\n|\n|-weather|Sandstorm|[upkeep]\n|-damage|p1a: \ud83c\ude33\ufe0f\ud83d\udc80MIMIKYU\ud83d\udc80\ud83c\ude33\ufe0f|58\/100|[from] Sandstorm\n|upkeep\n|turn|20\n|\n|t:|1700572290\n|move|p1a: \ud83c\ude33\ufe0f\ud83d\udc80MIMIKYU\ud83d\udc80\ud83c\ude33\ufe0f|Phantom Force|p2a: Hippowdon|[from]lockedmove\n|-damage|p2a: Hippowdon|0 fnt\n|faint|p2a: Hippowdon\n|\n|win|PHANTOM-MODE\ufe0f\u26a7\ufe0f\n|raw|PHANTOM-MODE\ufe0f\u26a7\ufe0f's rating: 1147 &rarr; <strong>1174<\/strong><br \/>(+27 for winning)\n|raw|Team Renegade Boss's rating: 1181 &rarr; <strong>1154<\/strong><br \/>(-27 for losing)\n|c|\u2606Team Renegade Boss|gg\n|l|\u2606Team Renegade Boss\n","uploadtime":1700572525,"views":0,"p1id":"phantommode","p2id":"teamrenegadeboss","formatid":"gen9nationaldexubers","rating":1154,"private":0,"password":""}