{"id":"gen9nationaldexubers-1986484342","p1":"GEO-M0DE\ufe0f\ufe0f\ufe0f\ufe0f\ufe0f\u2734\ufe0f","p2":"WOFIWKZKEKWK","format":"[Gen 9] National Dex Ubers","log":"|j|\u2606GEO-M0DE\ufe0f\ufe0f\ufe0f\ufe0f\ufe0f\u2734\ufe0f\n|j|\u2606WOFIWKZKEKWK\n|t:|1699483744\n|gametype|singles\n|player|p1|GEO-M0DE\ufe0f\ufe0f\ufe0f\ufe0f\ufe0f\u2734\ufe0f|backpackerf|1093\n|player|p2|WOFIWKZKEKWK|265|1000\n|teamsize|p1|6\n|teamsize|p2|6\n|gen|9\n|tier|[Gen 9] National Dex Ubers\n|rated|\n|rule|HP Percentage Mod: HP is shown in percentages\n|rule|Endless Battle Clause: Forcing endless battles is banned\n|rule|OHKO Clause: OHKO moves are banned\n|rule|Evasion Moves Clause: Evasion moves are banned\n|rule|Evasion Items Clause: Evasion items are banned\n|rule|Species Clause: Limit one of each Pok\u00e9mon\n|rule|Sleep Clause Mod: Limit one foe put to sleep\n|rule|Mega Rayquaza Clause: You cannot mega evolve Rayquaza\n|clearpoke\n|poke|p1|Kleavor, M|\n|poke|p1|Silvally-*|\n|poke|p1|Landorus-Therian, M|\n|poke|p1|Ursaluna-Bloodmoon, M|\n|poke|p1|Crustle, M|\n|poke|p1|Gliscor, M|\n|poke|p2|Iron Valiant|\n|poke|p2|Skeledirge, F|\n|poke|p2|Gliscor, F|\n|poke|p2|Dragapult, F|\n|poke|p2|Toxapex, F|\n|poke|p2|Mimikyu, M|\n|teampreview\n|inactive|Battle timer is ON: inactive players will automatically lose when time's up. (requested by WOFIWKZKEKWK)\n|\n|t:|1699483764\n|start\n|switch|p1a: \ud83e\udea8KLEAVOR\ud83e\udea8|Kleavor, M|100\/100\n|switch|p2a: Toxapex|Toxapex, F|100\/100\n|turn|1\n|\n|t:|1699483775\n|move|p1a: \ud83e\udea8KLEAVOR\ud83e\udea8|Stone Axe|p2a: Toxapex\n|-damage|p2a: Toxapex|64\/100\n|-sidestart|p2: WOFIWKZKEKWK|move: Stealth Rock\n|move|p2a: Toxapex|Toxic Spikes|p1a: \ud83e\udea8KLEAVOR\ud83e\udea8\n|-sidestart|p1: GEO-M0DE\ufe0f\ufe0f\ufe0f\ufe0f\ufe0f\u2734\ufe0f|move: Toxic Spikes\n|\n|-heal|p2a: Toxapex|70\/100|[from] item: Black Sludge\n|upkeep\n|turn|2\n|\n|t:|1699483797\n|move|p1a: \ud83e\udea8KLEAVOR\ud83e\udea8|Stone Axe|p2a: Toxapex\n|-damage|p2a: Toxapex|37\/100\n|move|p2a: Toxapex|Scald|p1a: \ud83e\udea8KLEAVOR\ud83e\udea8\n|-supereffective|p1a: \ud83e\udea8KLEAVOR\ud83e\udea8\n|-damage|p1a: \ud83e\udea8KLEAVOR\ud83e\udea8|45\/100\n|-status|p1a: \ud83e\udea8KLEAVOR\ud83e\udea8|brn\n|\n|-heal|p2a: Toxapex|43\/100|[from] item: Black Sludge\n|-damage|p1a: \ud83e\udea8KLEAVOR\ud83e\udea8|39\/100 brn|[from] brn\n|upkeep\n|turn|3\n|\n|t:|1699483811\n|move|p1a: \ud83e\udea8KLEAVOR\ud83e\udea8|Stone Axe|p2a: Toxapex\n|-damage|p2a: Toxapex|27\/100\n|move|p2a: Toxapex|Recover|p2a: Toxapex\n|-heal|p2a: Toxapex|77\/100\n|\n|-heal|p2a: Toxapex|83\/100|[from] item: Black Sludge\n|-damage|p1a: \ud83e\udea8KLEAVOR\ud83e\udea8|33\/100 brn|[from] brn\n|upkeep\n|turn|4\n|\n|t:|1699483833\n|switch|p1a: \u26f0\ufe0fGLISCOR\u26f0\ufe0f|Gliscor, M, shiny|100\/100\n|switch|p2a: Iron Valiant|Iron Valiant|100\/100\n|-damage|p2a: Iron Valiant|94\/100|[from] Stealth Rock\n|-enditem|p2a: Iron Valiant|Booster Energy\n|-activate|p2a: Iron Valiant|ability: Quark Drive|[fromitem]\n|-start|p2a: Iron Valiant|quarkdrivespe\n|\n|upkeep\n|turn|5\n|\n|t:|1699483844\n|move|p2a: Iron Valiant|Swords Dance|p2a: Iron Valiant\n|-boost|p2a: Iron Valiant|atk|2\n|move|p1a: \u26f0\ufe0fGLISCOR\u26f0\ufe0f|Sandstorm|p1a: \u26f0\ufe0fGLISCOR\u26f0\ufe0f\n|-weather|Sandstorm\n|\n|-weather|Sandstorm|[upkeep]\n|-damage|p2a: Iron Valiant|88\/100|[from] Sandstorm\n|upkeep\n|turn|6\n|\n|t:|1699483858\n|move|p2a: Iron Valiant|Moonblast|p1a: \u26f0\ufe0fGLISCOR\u26f0\ufe0f|[miss]\n|-miss|p2a: Iron Valiant|p1a: \u26f0\ufe0fGLISCOR\u26f0\ufe0f\n|move|p1a: \u26f0\ufe0fGLISCOR\u26f0\ufe0f|Earthquake|p2a: Iron Valiant\n|-damage|p2a: Iron Valiant|49\/100\n|\n|-weather|Sandstorm|[upkeep]\n|-damage|p2a: Iron Valiant|42\/100|[from] Sandstorm\n|upkeep\n|turn|7\n|\n|t:|1699483868\n|move|p2a: Iron Valiant|Moonblast|p1a: \u26f0\ufe0fGLISCOR\u26f0\ufe0f\n|-damage|p1a: \u26f0\ufe0fGLISCOR\u26f0\ufe0f|43\/100\n|move|p1a: \u26f0\ufe0fGLISCOR\u26f0\ufe0f|Sand Attack|p2a: Iron Valiant\n|-unboost|p2a: Iron Valiant|accuracy|1\n|\n|-weather|Sandstorm|[upkeep]\n|-damage|p2a: Iron Valiant|36\/100|[from] Sandstorm\n|upkeep\n|turn|8\n|\n|t:|1699483878\n|move|p2a: Iron Valiant|Aura Sphere|p1a: \u26f0\ufe0fGLISCOR\u26f0\ufe0f\n|-resisted|p1a: \u26f0\ufe0fGLISCOR\u26f0\ufe0f\n|-damage|p1a: \u26f0\ufe0fGLISCOR\u26f0\ufe0f|17\/100\n|move|p1a: \u26f0\ufe0fGLISCOR\u26f0\ufe0f|Earthquake|p2a: Iron Valiant\n|-damage|p2a: Iron Valiant|0 fnt\n|faint|p2a: Iron Valiant\n|-end|p2a: Iron Valiant|Quark Drive|[silent]\n|\n|-weather|Sandstorm|[upkeep]\n|upkeep\n|\n|t:|1699483888\n|switch|p2a: Gliscor|Gliscor, F|100\/100\n|-damage|p2a: Gliscor|88\/100|[from] Stealth Rock\n|turn|9\n|\n|t:|1699483893\n|move|p1a: \u26f0\ufe0fGLISCOR\u26f0\ufe0f|Sand Attack|p2a: Gliscor\n|-unboost|p2a: Gliscor|accuracy|1\n|move|p2a: Gliscor|Stealth Rock|p1a: \u26f0\ufe0fGLISCOR\u26f0\ufe0f\n|-sidestart|p1: GEO-M0DE\ufe0f\ufe0f\ufe0f\ufe0f\ufe0f\u2734\ufe0f|move: Stealth Rock\n|\n|-weather|Sandstorm|[upkeep]\n|-status|p2a: Gliscor|tox|[from] item: Toxic Orb\n|upkeep\n|turn|10\n|\n|t:|1699483903\n|move|p2a: Gliscor|Protect|p2a: Gliscor\n|-singleturn|p2a: Gliscor|Protect\n|move|p1a: \u26f0\ufe0fGLISCOR\u26f0\ufe0f|Sand Attack|p2a: Gliscor\n|-activate|p2a: Gliscor|move: Protect\n|\n|-weather|Sandstorm|[upkeep]\n|-heal|p2a: Gliscor|100\/100 tox|[from] ability: Poison Heal\n|upkeep\n|turn|11\n|\n|t:|1699483918\n|switch|p2a: Dragapult|Dragapult, F|100\/100\n|-damage|p2a: Dragapult|88\/100|[from] Stealth Rock\n|move|p1a: \u26f0\ufe0fGLISCOR\u26f0\ufe0f|Sand Attack|p2a: Dragapult\n|-unboost|p2a: Dragapult|accuracy|1\n|\n|-weather|Sandstorm|[upkeep]\n|-damage|p2a: Dragapult|82\/100|[from] Sandstorm\n|upkeep\n|turn|12\n|\n|t:|1699483928\n|move|p2a: Dragapult|Will-O-Wisp|p1a: \u26f0\ufe0fGLISCOR\u26f0\ufe0f|[miss]\n|-miss|p2a: Dragapult|p1a: \u26f0\ufe0fGLISCOR\u26f0\ufe0f\n|move|p1a: \u26f0\ufe0fGLISCOR\u26f0\ufe0f|Sand Attack|p2a: Dragapult\n|-unboost|p2a: Dragapult|accuracy|1\n|\n|-weather|none\n|upkeep\n|turn|13\n|\n|t:|1699483939\n|move|p2a: Dragapult|Dragon Pulse|p1a: \u26f0\ufe0fGLISCOR\u26f0\ufe0f\n|-damage|p1a: \u26f0\ufe0fGLISCOR\u26f0\ufe0f|0 fnt\n|faint|p1a: \u26f0\ufe0fGLISCOR\u26f0\ufe0f\n|\n|upkeep\n|\n|t:|1699483950\n|switch|p1a: \u26f0\ufe0f\u26f0\ufe0fLANDORUS\u26f0\ufe0f\u26f0\ufe0f|Landorus-Therian, M|100\/100\n|-damage|p1a: \u26f0\ufe0f\u26f0\ufe0fLANDORUS\u26f0\ufe0f\u26f0\ufe0f|88\/100|[from] Stealth Rock\n|-ability|p1a: \u26f0\ufe0f\u26f0\ufe0fLANDORUS\u26f0\ufe0f\u26f0\ufe0f|Intimidate|boost\n|-unboost|p2a: Dragapult|atk|1\n|turn|14\n|\n|t:|1699483963\n|move|p2a: Dragapult|Protect|p2a: Dragapult\n|-singleturn|p2a: Dragapult|Protect\n|move|p1a: \u26f0\ufe0f\u26f0\ufe0fLANDORUS\u26f0\ufe0f\u26f0\ufe0f|Smack Down|p2a: Dragapult\n|-activate|p2a: Dragapult|move: Protect\n|\n|upkeep\n|turn|15\n|\n|t:|1699483974\n|switch|p2a: Toxapex|Toxapex, F|100\/100\n|-damage|p2a: Toxapex|88\/100|[from] Stealth Rock\n|move|p1a: \u26f0\ufe0f\u26f0\ufe0fLANDORUS\u26f0\ufe0f\u26f0\ufe0f|Earthquake|p2a: Toxapex\n|-supereffective|p2a: Toxapex\n|-damage|p2a: Toxapex|19\/100\n|\n|-heal|p2a: Toxapex|25\/100|[from] item: Black Sludge\n|upkeep\n|turn|16\n|\n|t:|1699483984\n|switch|p2a: Gliscor|Gliscor, F|100\/100 tox\n|-damage|p2a: Gliscor|88\/100 tox|[from] Stealth Rock\n|move|p1a: \u26f0\ufe0f\u26f0\ufe0fLANDORUS\u26f0\ufe0f\u26f0\ufe0f|Earthquake|p2a: Gliscor\n|-immune|p2a: Gliscor\n|\n|-heal|p2a: Gliscor|100\/100 tox|[from] ability: Poison Heal\n|upkeep\n|turn|17\n|\n|t:|1699483995\n|move|p2a: Gliscor|Protect|p2a: Gliscor\n|-singleturn|p2a: Gliscor|Protect\n|move|p1a: \u26f0\ufe0f\u26f0\ufe0fLANDORUS\u26f0\ufe0f\u26f0\ufe0f|Smack Down|p2a: Gliscor\n|-activate|p2a: Gliscor|move: Protect\n|\n|upkeep\n|turn|18\n|\n|t:|1699484014\n|switch|p2a: Toxapex|Toxapex, F|58\/100\n|-damage|p2a: Toxapex|46\/100|[from] Stealth Rock\n|move|p1a: \u26f0\ufe0f\u26f0\ufe0fLANDORUS\u26f0\ufe0f\u26f0\ufe0f|Smack Down|p2a: Toxapex\n|-damage|p2a: Toxapex|33\/100\n|\n|-heal|p2a: Toxapex|39\/100|[from] item: Black Sludge\n|upkeep\n|turn|19\n|\n|t:|1699484023\n|move|p1a: \u26f0\ufe0f\u26f0\ufe0fLANDORUS\u26f0\ufe0f\u26f0\ufe0f|Earthquake|p2a: Toxapex\n|-supereffective|p2a: Toxapex\n|-damage|p2a: Toxapex|0 fnt\n|faint|p2a: Toxapex\n|\n|upkeep\n|\n|t:|1699484030\n|switch|p2a: Mimikyu|Mimikyu, M|100\/100\n|-damage|p2a: Mimikyu|88\/100|[from] Stealth Rock\n|turn|20\n|\n|t:|1699484042\n|switch|p1a: \ud83e\udea8KLEAVOR\ud83e\udea8|Kleavor, M|33\/100 brn\n|-damage|p1a: \ud83e\udea8KLEAVOR\ud83e\udea8|9\/100 brn|[from] Stealth Rock\n|move|p2a: Mimikyu|Swords Dance|p2a: Mimikyu\n|-boost|p2a: Mimikyu|atk|2\n|\n|-damage|p1a: \ud83e\udea8KLEAVOR\ud83e\udea8|3\/100 brn|[from] brn\n|upkeep\n|turn|21\n|\n|t:|1699484053\n|move|p2a: Mimikyu|Swords Dance|p2a: Mimikyu\n|-boost|p2a: Mimikyu|atk|2\n|move|p1a: \ud83e\udea8KLEAVOR\ud83e\udea8|Rock Blast|p2a: Mimikyu\n|-activate|p2a: Mimikyu|ability: Disguise\n|-damage|p2a: Mimikyu|88\/100\n|detailschange|p2a: Mimikyu|Mimikyu-Busted, M\n|-damage|p2a: Mimikyu|76\/100|[from] pokemon: Mimikyu-Busted\n|-damage|p2a: Mimikyu|64\/100\n|-hitcount|p2a: Mimikyu|2\n|\n|-damage|p1a: \ud83e\udea8KLEAVOR\ud83e\udea8|0 fnt|[from] brn\n|faint|p1a: \ud83e\udea8KLEAVOR\ud83e\udea8\n|upkeep\n|\n|t:|1699484067\n|switch|p1a: \u26f0\ufe0f\u26f0\ufe0fURSALUNA\u26f0\ufe0f\u26f0\ufe0f|Ursaluna-Bloodmoon, M|100\/100\n|-status|p1a: \u26f0\ufe0f\u26f0\ufe0fURSALUNA\u26f0\ufe0f\u26f0\ufe0f|psn\n|-damage|p1a: \u26f0\ufe0f\u26f0\ufe0fURSALUNA\u26f0\ufe0f\u26f0\ufe0f|94\/100 psn|[from] Stealth Rock\n|turn|22\n|\n|t:|1699484076\n|move|p2a: Mimikyu|Play Rough|p1a: \u26f0\ufe0f\u26f0\ufe0fURSALUNA\u26f0\ufe0f\u26f0\ufe0f\n|-damage|p1a: \u26f0\ufe0f\u26f0\ufe0fURSALUNA\u26f0\ufe0f\u26f0\ufe0f|11\/100 psn\n|move|p1a: \u26f0\ufe0f\u26f0\ufe0fURSALUNA\u26f0\ufe0f\u26f0\ufe0f|Headlong Rush|p2a: Mimikyu\n|-damage|p2a: Mimikyu|0 fnt\n|-unboost|p1a: \u26f0\ufe0f\u26f0\ufe0fURSALUNA\u26f0\ufe0f\u26f0\ufe0f|def|1\n|-unboost|p1a: \u26f0\ufe0f\u26f0\ufe0fURSALUNA\u26f0\ufe0f\u26f0\ufe0f|spd|1\n|faint|p2a: Mimikyu\n|\n|-damage|p1a: \u26f0\ufe0f\u26f0\ufe0fURSALUNA\u26f0\ufe0f\u26f0\ufe0f|0 fnt|[from] psn\n|faint|p1a: \u26f0\ufe0f\u26f0\ufe0fURSALUNA\u26f0\ufe0f\u26f0\ufe0f\n|upkeep\n|\n|t:|1699484095\n|switch|p2a: Skeledirge|Skeledirge, F|100\/100\n|switch|p1a: \ud83e\udea8CRUSTLE\ud83e\udea8|Crustle, M, shiny|100\/100\n|-status|p1a: \ud83e\udea8CRUSTLE\ud83e\udea8|psn\n|-damage|p1a: \ud83e\udea8CRUSTLE\ud83e\udea8|76\/100 psn|[from] Stealth Rock\n|-damage|p2a: Skeledirge|75\/100|[from] Stealth Rock\n|turn|23\n|\n|t:|1699484106\n|-terastallize|p1a: \ud83e\udea8CRUSTLE\ud83e\udea8|Rock\n|-terastallize|p2a: Skeledirge|Fairy\n|move|p1a: \ud83e\udea8CRUSTLE\ud83e\udea8|Stone Edge|p2a: Skeledirge\n|-damage|p2a: Skeledirge|15\/100\n|move|p2a: Skeledirge|Hex|p1a: \ud83e\udea8CRUSTLE\ud83e\udea8\n|-damage|p1a: \ud83e\udea8CRUSTLE\ud83e\udea8|5\/100 psn\n|\n|-heal|p2a: Skeledirge|21\/100|[from] item: Leftovers\n|-damage|p1a: \ud83e\udea8CRUSTLE\ud83e\udea8|0 fnt|[from] psn\n|faint|p1a: \ud83e\udea8CRUSTLE\ud83e\udea8\n|upkeep\n|\n|t:|1699484120\n|switch|p1a: \u26f0\ufe0f\u26f0\ufe0fLANDORUS\u26f0\ufe0f\u26f0\ufe0f|Landorus-Therian, M|88\/100\n|-damage|p1a: \u26f0\ufe0f\u26f0\ufe0fLANDORUS\u26f0\ufe0f\u26f0\ufe0f|76\/100|[from] Stealth Rock\n|-ability|p1a: \u26f0\ufe0f\u26f0\ufe0fLANDORUS\u26f0\ufe0f\u26f0\ufe0f|Intimidate|boost\n|-unboost|p2a: Skeledirge|atk|1\n|turn|24\n|\n|t:|1699484132\n|switch|p2a: Gliscor|Gliscor, F|100\/100 tox\n|-damage|p2a: Gliscor|88\/100 tox|[from] Stealth Rock\n|move|p1a: \u26f0\ufe0f\u26f0\ufe0fLANDORUS\u26f0\ufe0f\u26f0\ufe0f|Earthquake|p2a: Gliscor\n|-immune|p2a: Gliscor\n|\n|-heal|p2a: Gliscor|100\/100 tox|[from] ability: Poison Heal\n|upkeep\n|turn|25\n|\n|t:|1699484143\n|move|p2a: Gliscor|Defog|p1a: \u26f0\ufe0f\u26f0\ufe0fLANDORUS\u26f0\ufe0f\u26f0\ufe0f\n|-unboost|p1a: \u26f0\ufe0f\u26f0\ufe0fLANDORUS\u26f0\ufe0f\u26f0\ufe0f|evasion|1\n|-sideend|p1: GEO-M0DE\ufe0f\ufe0f\ufe0f\ufe0f\ufe0f\u2734\ufe0f|Toxic Spikes|[from] move: Defog|[of] p2a: Gliscor\n|-sideend|p1: GEO-M0DE\ufe0f\ufe0f\ufe0f\ufe0f\ufe0f\u2734\ufe0f|Stealth Rock|[from] move: Defog|[of] p2a: Gliscor\n|-sideend|p2: WOFIWKZKEKWK|Stealth Rock|[from] move: Defog|[of] p2a: Gliscor\n|move|p1a: \u26f0\ufe0f\u26f0\ufe0fLANDORUS\u26f0\ufe0f\u26f0\ufe0f|Smack Down|p2a: Gliscor\n|-damage|p2a: Gliscor|82\/100 tox\n|-start|p2a: Gliscor|Smack Down\n|\n|-heal|p2a: Gliscor|94\/100 tox|[from] ability: Poison Heal\n|upkeep\n|turn|26\n|\n|t:|1699484158\n|move|p2a: Gliscor|Protect|p2a: Gliscor\n|-singleturn|p2a: Gliscor|Protect\n|-zpower|p1a: \u26f0\ufe0f\u26f0\ufe0fLANDORUS\u26f0\ufe0f\u26f0\ufe0f\n|move|p1a: \u26f0\ufe0f\u26f0\ufe0fLANDORUS\u26f0\ufe0f\u26f0\ufe0f|Tectonic Rage|p2a: Gliscor|[zeffect]\n|-zbroken|p2a: Gliscor\n|-damage|p2a: Gliscor|66\/100 tox\n|\n|-heal|p2a: Gliscor|79\/100 tox|[from] ability: Poison Heal\n|upkeep\n|turn|27\n|\n|t:|1699484169\n|move|p2a: Gliscor|Defog|p1a: \u26f0\ufe0f\u26f0\ufe0fLANDORUS\u26f0\ufe0f\u26f0\ufe0f\n|-unboost|p1a: \u26f0\ufe0f\u26f0\ufe0fLANDORUS\u26f0\ufe0f\u26f0\ufe0f|evasion|1\n|move|p1a: \u26f0\ufe0f\u26f0\ufe0fLANDORUS\u26f0\ufe0f\u26f0\ufe0f|Earthquake|p2a: Gliscor\n|-damage|p2a: Gliscor|22\/100 tox\n|\n|-heal|p2a: Gliscor|34\/100 tox|[from] ability: Poison Heal\n|upkeep\n|turn|28\n|\n|t:|1699484179\n|move|p2a: Gliscor|Protect|p2a: Gliscor\n|-singleturn|p2a: Gliscor|Protect\n|move|p1a: \u26f0\ufe0f\u26f0\ufe0fLANDORUS\u26f0\ufe0f\u26f0\ufe0f|Bulldoze|p2a: Gliscor\n|-activate|p2a: Gliscor|move: Protect\n|\n|-heal|p2a: Gliscor|47\/100 tox|[from] ability: Poison Heal\n|upkeep\n|turn|29\n|\n|t:|1699484187\n|move|p2a: Gliscor|Defog|p1a: \u26f0\ufe0f\u26f0\ufe0fLANDORUS\u26f0\ufe0f\u26f0\ufe0f\n|-unboost|p1a: \u26f0\ufe0f\u26f0\ufe0fLANDORUS\u26f0\ufe0f\u26f0\ufe0f|evasion|1\n|move|p1a: \u26f0\ufe0f\u26f0\ufe0fLANDORUS\u26f0\ufe0f\u26f0\ufe0f|Bulldoze|p2a: Gliscor\n|-damage|p2a: Gliscor|8\/100 tox\n|-unboost|p2a: Gliscor|spe|1\n|\n|-heal|p2a: Gliscor|21\/100 tox|[from] ability: Poison Heal\n|upkeep\n|turn|30\n|\n|t:|1699484197\n|move|p2a: Gliscor|Protect|p2a: Gliscor\n|-singleturn|p2a: Gliscor|Protect\n|move|p1a: \u26f0\ufe0f\u26f0\ufe0fLANDORUS\u26f0\ufe0f\u26f0\ufe0f|Earthquake|p2a: Gliscor\n|-activate|p2a: Gliscor|move: Protect\n|\n|-heal|p2a: Gliscor|33\/100 tox|[from] ability: Poison Heal\n|upkeep\n|turn|31\n|\n|t:|1699484206\n|move|p1a: \u26f0\ufe0f\u26f0\ufe0fLANDORUS\u26f0\ufe0f\u26f0\ufe0f|Earthquake|p2a: Gliscor\n|-damage|p2a: Gliscor|0 fnt\n|faint|p2a: Gliscor\n|\n|upkeep\n|\n|t:|1699484211\n|switch|p2a: Dragapult|Dragapult, F|82\/100\n|turn|32\n|\n|t:|1699484217\n|move|p2a: Dragapult|Protect|p2a: Dragapult\n|-singleturn|p2a: Dragapult|Protect\n|move|p1a: \u26f0\ufe0f\u26f0\ufe0fLANDORUS\u26f0\ufe0f\u26f0\ufe0f|Bulldoze|p2a: Dragapult\n|-activate|p2a: Dragapult|move: Protect\n|\n|upkeep\n|turn|33\n|\n|t:|1699484224\n|move|p2a: Dragapult|Will-O-Wisp|p1a: \u26f0\ufe0f\u26f0\ufe0fLANDORUS\u26f0\ufe0f\u26f0\ufe0f\n|-status|p1a: \u26f0\ufe0f\u26f0\ufe0fLANDORUS\u26f0\ufe0f\u26f0\ufe0f|brn\n|move|p1a: \u26f0\ufe0f\u26f0\ufe0fLANDORUS\u26f0\ufe0f\u26f0\ufe0f|Bulldoze|p2a: Dragapult\n|-damage|p2a: Dragapult|60\/100\n|-unboost|p2a: Dragapult|spe|1\n|\n|-damage|p1a: \u26f0\ufe0f\u26f0\ufe0fLANDORUS\u26f0\ufe0f\u26f0\ufe0f|70\/100 brn|[from] brn\n|upkeep\n|turn|34\n|\n|t:|1699484235\n|move|p2a: Dragapult|Protect|p2a: Dragapult\n|-singleturn|p2a: Dragapult|Protect\n|move|p1a: \u26f0\ufe0f\u26f0\ufe0fLANDORUS\u26f0\ufe0f\u26f0\ufe0f|Sandsear Storm|p2a: Dragapult\n|-activate|p2a: Dragapult|move: Protect\n|\n|-damage|p1a: \u26f0\ufe0f\u26f0\ufe0fLANDORUS\u26f0\ufe0f\u26f0\ufe0f|64\/100 brn|[from] brn\n|upkeep\n|turn|35\n|\n|t:|1699484245\n|move|p1a: \u26f0\ufe0f\u26f0\ufe0fLANDORUS\u26f0\ufe0f\u26f0\ufe0f|Sandsear Storm|p2a: Dragapult\n|-crit|p2a: Dragapult\n|-damage|p2a: Dragapult|8\/100\n|move|p2a: Dragapult|Hex|p1a: \u26f0\ufe0f\u26f0\ufe0fLANDORUS\u26f0\ufe0f\u26f0\ufe0f\n|-crit|p1a: \u26f0\ufe0f\u26f0\ufe0fLANDORUS\u26f0\ufe0f\u26f0\ufe0f\n|-damage|p1a: \u26f0\ufe0f\u26f0\ufe0fLANDORUS\u26f0\ufe0f\u26f0\ufe0f|0 fnt\n|faint|p1a: \u26f0\ufe0f\u26f0\ufe0fLANDORUS\u26f0\ufe0f\u26f0\ufe0f\n|\n|upkeep\n|\n|t:|1699484254\n|switch|p1a: \u26f0\ufe0fSILVALLY-EARTH\u26f0\ufe0f|Silvally-Ground|100\/100\n|turn|36\n|\n|t:|1699484263\n|move|p2a: Dragapult|Protect|p2a: Dragapult\n|-singleturn|p2a: Dragapult|Protect\n|move|p1a: \u26f0\ufe0fSILVALLY-EARTH\u26f0\ufe0f|Multi-Attack|p2a: Dragapult\n|-activate|p2a: Dragapult|move: Protect\n|\n|upkeep\n|turn|37\n|\n|t:|1699484271\n|move|p2a: Dragapult|Will-O-Wisp|p1a: \u26f0\ufe0fSILVALLY-EARTH\u26f0\ufe0f\n|-status|p1a: \u26f0\ufe0fSILVALLY-EARTH\u26f0\ufe0f|brn\n|move|p1a: \u26f0\ufe0fSILVALLY-EARTH\u26f0\ufe0f|Multi-Attack|p2a: Dragapult\n|-damage|p2a: Dragapult|0 fnt\n|faint|p2a: Dragapult\n|\n|-damage|p1a: \u26f0\ufe0fSILVALLY-EARTH\u26f0\ufe0f|94\/100 brn|[from] brn\n|upkeep\n|\n|t:|1699484277\n|switch|p2a: Skeledirge|Skeledirge, F, tera:Fairy|21\/100\n|turn|38\n|\n|t:|1699484285\n|move|p1a: \u26f0\ufe0fSILVALLY-EARTH\u26f0\ufe0f|Multi-Attack|p2a: Skeledirge\n|-damage|p2a: Skeledirge|0 fnt\n|faint|p2a: Skeledirge\n|\n|win|GEO-M0DE\ufe0f\ufe0f\ufe0f\ufe0f\ufe0f\u2734\ufe0f\n|raw|GEO-M0DE\ufe0f\ufe0f\ufe0f\ufe0f\ufe0f\u2734\ufe0f's rating: 1093 &rarr; <strong>1112<\/strong><br \/>(+19 for winning)\n|raw|WOFIWKZKEKWK's rating: 1000 &rarr; <strong>1000<\/strong><br \/>(+0 for losing)\n|l|\u2606WOFIWKZKEKWK\n|c|\u2606GEO-M0DE\ufe0f\ufe0f\ufe0f\ufe0f\ufe0f\u2734\ufe0f|Idiot\n","uploadtime":1699484309,"views":4,"p1id":"geom0de","p2id":"wofiwkzkekwk","formatid":"gen9nationaldexubers","rating":1000,"private":0,"password":""}