{"id":"gen9nationaldexubers-2000481061","p1":"kapithedumdum","p2":"Smoke2117YT","format":"[Gen 9] National Dex Ubers","log":"|j|\u2606kapithedumdum\n|j|\u203dSmoke2117YT\n|t:|1701198402\n|gametype|singles\n|player|p1|kapithedumdum|kieran|1356\n|player|p2|Smoke2117YT|n|1283\n|teamsize|p1|6\n|teamsize|p2|6\n|gen|9\n|tier|[Gen 9] National Dex Ubers\n|rated|\n|rule|HP Percentage Mod: HP is shown in percentages\n|rule|Endless Battle Clause: Forcing endless battles is banned\n|rule|OHKO Clause: OHKO moves are banned\n|rule|Evasion Moves Clause: Evasion moves are banned\n|rule|Evasion Items Clause: Evasion items are banned\n|rule|Species Clause: Limit one of each Pok\u00e9mon\n|rule|Sleep Clause Mod: Limit one foe put to sleep\n|rule|Mega Rayquaza Clause: You cannot mega evolve Rayquaza\n|clearpoke\n|poke|p1|Kyogre|\n|poke|p1|Ho-Oh|\n|poke|p1|Ferrothorn, F|\n|poke|p1|Zacian-*|\n|poke|p1|Yveltal|\n|poke|p1|Eternatus|\n|poke|p2|Darmanitan-Galar, M|\n|poke|p2|Kingambit, M|\n|poke|p2|Dracovish|\n|poke|p2|Alakazam, M|\n|poke|p2|Roserade, F|\n|poke|p2|Drifblim, F|\n|teampreview\n|inactive|Battle timer is ON: inactive players will automatically lose when time's up. (requested by Smoke2117YT)\n|inactive|kapithedumdum also wants the timer to be on.\n|\n|t:|1701198407\n|start\n|switch|p1a: Ferrothorn|Ferrothorn, F|100\/100\n|switch|p2a: Darmanitan|Darmanitan-Galar, M|100\/100\n|turn|1\n|\n|t:|1701198430\n|switch|p1a: Kyogre|Kyogre|100\/100\n|detailschange|p1a: Kyogre|Kyogre-Primal\n|-primal|p1a: Kyogre|Blue Orb\n|-weather|PrimordialSea|[from] ability: Primordial Sea|[of] p1a: Kyogre\n|move|p2a: Darmanitan|Fire Punch||[still]\n|-fail|p2a: Darmanitan|Fire Punch|[from] Primordial Sea\n|\n|-weather|PrimordialSea|[upkeep]\n|upkeep\n|turn|2\n|\n|t:|1701198439\n|switch|p2a: Drifblim|Drifblim, F|100\/100\n|move|p1a: Kyogre|Water Spout|p2a: Drifblim\n|-damage|p2a: Drifblim|0 fnt\n|faint|p2a: Drifblim\n|\n|-weather|PrimordialSea|[upkeep]\n|upkeep\n|\n|t:|1701198449\n|switch|p2a: Roserade|Roserade, F|100\/100\n|turn|3\n|\n|t:|1701198453\n|move|p1a: Kyogre|Ice Beam|p2a: Roserade\n|-supereffective|p2a: Roserade\n|-damage|p2a: Roserade|5\/100\n|-status|p2a: Roserade|frz\n|cant|p2a: Roserade|frz\n|\n|-weather|PrimordialSea|[upkeep]\n|-heal|p2a: Roserade|12\/100 frz|[from] item: Leftovers\n|upkeep\n|turn|4\n|\n|t:|1701198464\n|move|p1a: Kyogre|Water Spout|p2a: Roserade\n|-resisted|p2a: Roserade\n|-damage|p2a: Roserade|0 fnt\n|faint|p2a: Roserade\n|\n|-weather|PrimordialSea|[upkeep]\n|upkeep\n|\n|t:|1701198471\n|switch|p2a: Darmanitan|Darmanitan-Galar, M|100\/100\n|turn|5\n|\n|t:|1701198476\n|move|p2a: Darmanitan|Icicle Crash|p1a: Kyogre\n|-resisted|p1a: Kyogre\n|-damage|p1a: Kyogre|41\/100\n|move|p1a: Kyogre|Surf|p2a: Darmanitan\n|-damage|p2a: Darmanitan|0 fnt\n|faint|p2a: Darmanitan\n|\n|-weather|PrimordialSea|[upkeep]\n|upkeep\n|\n|t:|1701198480\n|switch|p2a: Dracovish|Dracovish|100\/100\n|turn|6\n|\n|t:|1701198483\n|move|p2a: Dracovish|Fishious Rend|p1a: Kyogre\n|-resisted|p1a: Kyogre\n|-damage|p1a: Kyogre|0 fnt\n|faint|p1a: Kyogre\n|-weather|none\n|\n|upkeep\n|\n|t:|1701198487\n|switch|p1a: Ferrothorn|Ferrothorn, F|100\/100\n|turn|7\n|inactive|Smoke2117YT has 120 seconds left.\n|\n|t:|1701198522\n|switch|p2a: Alakazam|Alakazam, M|100\/100\n|move|p1a: Ferrothorn|Leech Seed|p2a: Alakazam\n|-start|p2a: Alakazam|move: Leech Seed\n|\n|upkeep\n|turn|8\n|inactive|Smoke2117YT has 120 seconds left.\n|\n|t:|1701198541\n|move|p2a: Alakazam|Shadow Ball|p1a: Ferrothorn\n|-damage|p1a: Ferrothorn|77\/100\n|move|p1a: Ferrothorn|Gyro Ball|p2a: Alakazam\n|-damage|p2a: Alakazam|0 fnt\n|faint|p2a: Alakazam\n|\n|-heal|p1a: Ferrothorn|84\/100|[from] item: Leftovers\n|upkeep\n|\n|t:|1701198547\n|switch|p2a: Dracovish|Dracovish|100\/100\n|turn|9\n|\n|t:|1701198552\n|move|p2a: Dracovish|Earthquake|p1a: Ferrothorn\n|-damage|p1a: Ferrothorn|67\/100\n|move|p1a: Ferrothorn|Leech Seed|p2a: Dracovish\n|-start|p2a: Dracovish|move: Leech Seed\n|\n|-heal|p1a: Ferrothorn|73\/100|[from] item: Leftovers\n|-damage|p2a: Dracovish|88\/100|[from] Leech Seed|[of] p1a: Ferrothorn\n|-heal|p1a: Ferrothorn|84\/100|[silent]\n|upkeep\n|turn|10\n|\n|t:|1701198557\n|move|p2a: Dracovish|Earthquake|p1a: Ferrothorn\n|-damage|p1a: Ferrothorn|69\/100\n|move|p1a: Ferrothorn|Spikes|p2a: Dracovish\n|-sidestart|p2: Smoke2117YT|Spikes\n|\n|-heal|p1a: Ferrothorn|75\/100|[from] item: Leftovers\n|-damage|p2a: Dracovish|76\/100|[from] Leech Seed|[of] p1a: Ferrothorn\n|-heal|p1a: Ferrothorn|87\/100|[silent]\n|upkeep\n|turn|11\n|\n|t:|1701198566\n|move|p2a: Dracovish|Earthquake|p1a: Ferrothorn\n|-damage|p1a: Ferrothorn|70\/100\n|move|p1a: Ferrothorn|Spikes|p2a: Dracovish\n|-sidestart|p2: Smoke2117YT|Spikes\n|\n|-heal|p1a: Ferrothorn|76\/100|[from] item: Leftovers\n|-damage|p2a: Dracovish|63\/100|[from] Leech Seed|[of] p1a: Ferrothorn\n|-heal|p1a: Ferrothorn|87\/100|[silent]\n|upkeep\n|turn|12\n|\n|t:|1701198569\n|move|p2a: Dracovish|Earthquake|p1a: Ferrothorn\n|-damage|p1a: Ferrothorn|71\/100\n|move|p1a: Ferrothorn|Spikes|p2a: Dracovish\n|-sidestart|p2: Smoke2117YT|Spikes\n|\n|-heal|p1a: Ferrothorn|77\/100|[from] item: Leftovers\n|-damage|p2a: Dracovish|51\/100|[from] Leech Seed|[of] p1a: Ferrothorn\n|-heal|p1a: Ferrothorn|89\/100|[silent]\n|upkeep\n|turn|13\n|\n|t:|1701198574\n|move|p2a: Dracovish|Earthquake|p1a: Ferrothorn\n|-damage|p1a: Ferrothorn|73\/100\n|move|p1a: Ferrothorn|Gyro Ball|p2a: Dracovish\n|-resisted|p2a: Dracovish\n|-damage|p2a: Dracovish|23\/100\n|\n|-heal|p1a: Ferrothorn|79\/100|[from] item: Leftovers\n|-damage|p2a: Dracovish|10\/100|[from] Leech Seed|[of] p1a: Ferrothorn\n|-heal|p1a: Ferrothorn|90\/100|[silent]\n|upkeep\n|turn|14\n|\n|t:|1701198582\n|move|p1a: Ferrothorn|Protect|p1a: Ferrothorn\n|-singleturn|p1a: Ferrothorn|Protect\n|move|p2a: Dracovish|Earthquake|p1a: Ferrothorn\n|-activate|p1a: Ferrothorn|move: Protect\n|\n|-heal|p1a: Ferrothorn|97\/100|[from] item: Leftovers\n|-damage|p2a: Dracovish|0 fnt|[from] Leech Seed|[of] p1a: Ferrothorn\n|-heal|p1a: Ferrothorn|100\/100|[silent]\n|faint|p2a: Dracovish\n|upkeep\n|\n|t:|1701198589\n|switch|p2a: Kingambit|Kingambit, M|100\/100\n|-damage|p2a: Kingambit|75\/100|[from] Spikes\n|-activate|p2a: Kingambit|ability: Supreme Overlord\n|-start|p2a: Kingambit|fallen5|[silent]\n|turn|15\n|\n|t:|1701198593\n|move|p2a: Kingambit|Swords Dance|p2a: Kingambit\n|-boost|p2a: Kingambit|atk|2\n|move|p1a: Ferrothorn|Leech Seed|p2a: Kingambit\n|-start|p2a: Kingambit|move: Leech Seed\n|\n|-heal|p2a: Kingambit|82\/100|[from] item: Leftovers\n|-damage|p2a: Kingambit|69\/100|[from] Leech Seed|[of] p1a: Ferrothorn\n|upkeep\n|turn|16\n|\n|t:|1701198607\n|move|p2a: Kingambit|Swords Dance|p2a: Kingambit\n|-boost|p2a: Kingambit|atk|2\n|move|p1a: Ferrothorn|Gyro Ball|p2a: Kingambit\n|-resisted|p2a: Kingambit\n|-damage|p2a: Kingambit|60\/100\n|\n|-heal|p2a: Kingambit|66\/100|[from] item: Leftovers\n|-damage|p2a: Kingambit|54\/100|[from] Leech Seed|[of] p1a: Ferrothorn\n|upkeep\n|turn|17\n|\n|t:|1701198612\n|move|p2a: Kingambit|Swords Dance|p2a: Kingambit\n|-boost|p2a: Kingambit|atk|2\n|move|p1a: Ferrothorn|Gyro Ball|p2a: Kingambit\n|-resisted|p2a: Kingambit\n|-damage|p2a: Kingambit|44\/100\n|\n|-heal|p2a: Kingambit|50\/100|[from] item: Leftovers\n|-damage|p2a: Kingambit|38\/100|[from] Leech Seed|[of] p1a: Ferrothorn\n|upkeep\n|turn|18\n|\n|t:|1701198617\n|move|p1a: Ferrothorn|Protect|p1a: Ferrothorn\n|-singleturn|p1a: Ferrothorn|Protect\n|move|p2a: Kingambit|Kowtow Cleave|p1a: Ferrothorn\n|-activate|p1a: Ferrothorn|move: Protect\n|\n|-heal|p2a: Kingambit|44\/100|[from] item: Leftovers\n|-damage|p2a: Kingambit|32\/100|[from] Leech Seed|[of] p1a: Ferrothorn\n|upkeep\n|turn|19\n|\n|t:|1701198630\n|move|p1a: Ferrothorn|Protect|p1a: Ferrothorn\n|-singleturn|p1a: Ferrothorn|Protect\n|move|p2a: Kingambit|Kowtow Cleave|p1a: Ferrothorn\n|-activate|p1a: Ferrothorn|move: Protect\n|\n|-heal|p2a: Kingambit|38\/100|[from] item: Leftovers\n|-damage|p2a: Kingambit|25\/100|[from] Leech Seed|[of] p1a: Ferrothorn\n|upkeep\n|turn|20\n|\n|t:|1701198640\n|move|p1a: Ferrothorn|Protect||[still]\n|-fail|p1a: Ferrothorn\n|move|p2a: Kingambit|Kowtow Cleave|p1a: Ferrothorn\n|-damage|p1a: Ferrothorn|0 fnt\n|-damage|p2a: Kingambit|13\/100|[from] ability: Iron Barbs|[of] p1a: Ferrothorn\n|faint|p1a: Ferrothorn\n|\n|-heal|p2a: Kingambit|19\/100|[from] item: Leftovers\n|upkeep\n|\n|t:|1701198654\n|switch|p1a: Eternatus|Eternatus|100\/100\n|-ability|p1a: Eternatus|Pressure\n|turn|21\n|\n|t:|1701198656\n|move|p2a: Kingambit|Sucker Punch||[still]\n|-fail|p2a: Kingambit\n|move|p1a: Eternatus|Toxic Spikes|p2a: Kingambit\n|-sidestart|p2: Smoke2117YT|move: Toxic Spikes\n|\n|-heal|p2a: Kingambit|25\/100|[from] item: Leftovers\n|-damage|p2a: Kingambit|13\/100|[from] Leech Seed|[of] p1a: Eternatus\n|upkeep\n|turn|22\n|\n|t:|1701198667\n|move|p1a: Eternatus|Toxic Spikes|p2a: Kingambit\n|-sidestart|p2: Smoke2117YT|move: Toxic Spikes\n|move|p2a: Kingambit|Kowtow Cleave|p1a: Eternatus\n|-damage|p1a: Eternatus|0 fnt\n|faint|p1a: Eternatus\n|\n|-heal|p2a: Kingambit|19\/100|[from] item: Leftovers\n|upkeep\n|\n|t:|1701198680\n|switch|p1a: Zacian|Zacian-Crowned|100\/100\n|-ability|p1a: Zacian|Intrepid Sword|boost\n|-boost|p1a: Zacian|atk|1\n|turn|23\n|\n|t:|1701198686\n|-terastallize|p2a: Kingambit|Dark\n|move|p2a: Kingambit|Sucker Punch||[still]\n|-fail|p2a: Kingambit\n|move|p1a: Zacian|Swords Dance|p1a: Zacian\n|-boost|p1a: Zacian|atk|2\n|\n|-heal|p2a: Kingambit|25\/100|[from] item: Leftovers\n|-damage|p2a: Kingambit|13\/100|[from] Leech Seed|[of] p1a: Zacian\n|upkeep\n|turn|24\n|\n|t:|1701198691\n|move|p2a: Kingambit|Sucker Punch|p1a: Zacian\n|-resisted|p1a: Zacian\n|-damage|p1a: Zacian|0 fnt\n|faint|p1a: Zacian\n|\n|-heal|p2a: Kingambit|19\/100|[from] item: Leftovers\n|upkeep\n|\n|t:|1701198701\n|switch|p1a: Yveltal|Yveltal|100\/100\n|-ability|p1a: Yveltal|Dark Aura\n|turn|25\n|\n|t:|1701198707\n|move|p2a: Kingambit|Sucker Punch||[still]\n|-fail|p2a: Kingambit\n|move|p1a: Yveltal|Defog|p2a: Kingambit\n|-unboost|p2a: Kingambit|evasion|1\n|-sideend|p2: Smoke2117YT|Spikes|[from] move: Defog|[of] p1a: Yveltal\n|-sideend|p2: Smoke2117YT|Toxic Spikes|[from] move: Defog|[of] p1a: Yveltal\n|\n|-heal|p2a: Kingambit|25\/100|[from] item: Leftovers\n|-damage|p2a: Kingambit|13\/100|[from] Leech Seed|[of] p1a: Yveltal\n|upkeep\n|turn|26\n|\n|t:|1701198715\n|move|p1a: Yveltal|Defog|p2a: Kingambit\n|-unboost|p2a: Kingambit|evasion|1\n|move|p2a: Kingambit|Kowtow Cleave|p1a: Yveltal\n|-resisted|p1a: Yveltal\n|-damage|p1a: Yveltal|0 fnt\n|faint|p1a: Yveltal\n|\n|-heal|p2a: Kingambit|19\/100|[from] item: Leftovers\n|upkeep\n|\n|t:|1701198717\n|switch|p1a: Ho-Oh|Ho-Oh|100\/100\n|turn|27\n|\n|t:|1701198722\n|move|p2a: Kingambit|Sucker Punch||[still]\n|-fail|p2a: Kingambit\n|move|p1a: Ho-Oh|Defog|p2a: Kingambit\n|-unboost|p2a: Kingambit|evasion|1\n|\n|-heal|p2a: Kingambit|25\/100|[from] item: Leftovers\n|-damage|p2a: Kingambit|13\/100|[from] Leech Seed|[of] p1a: Ho-Oh\n|upkeep\n|turn|28\n|\n|t:|1701198726\n|move|p2a: Kingambit|Sucker Punch|p1a: Ho-Oh\n|-damage|p1a: Ho-Oh|0 fnt\n|faint|p1a: Ho-Oh\n|\n|win|Smoke2117YT\n|raw|kapithedumdum's rating: 1356 &rarr; <strong>1332<\/strong><br \/>(-24 for losing)\n|raw|Smoke2117YT's rating: 1283 &rarr; <strong>1313<\/strong><br \/>(+30 for winning)\n","uploadtime":1701198731,"views":1,"p1id":"kapithedumdum","p2id":"smoke2117yt","formatid":"gen9nationaldexubers","rating":1313,"private":0,"password":""}