{"id":"gen9nationaldexubers-1994775346","p1":"Noynrib","p2":"grass knot zygarde","format":"[Gen 9] National Dex Ubers","log":"|j|\u2606Noynrib\n|j|\u2606grass knot zygarde\n|t:|1700491565\n|gametype|singles\n|player|p1|Noynrib|boarder|1590\n|player|p2|grass knot zygarde|harlequin|1573\n|teamsize|p1|6\n|teamsize|p2|6\n|gen|9\n|tier|[Gen 9] National Dex Ubers\n|rated|\n|rule|HP Percentage Mod: HP is shown in percentages\n|rule|Endless Battle Clause: Forcing endless battles is banned\n|rule|OHKO Clause: OHKO moves are banned\n|rule|Evasion Moves Clause: Evasion moves are banned\n|rule|Evasion Items Clause: Evasion items are banned\n|rule|Species Clause: Limit one of each Pok\u00e9mon\n|rule|Sleep Clause Mod: Limit one foe put to sleep\n|rule|Mega Rayquaza Clause: You cannot mega evolve Rayquaza\n|clearpoke\n|poke|p1|Deoxys-Attack|\n|poke|p1|Melmetal|\n|poke|p1|Zacian-*|\n|poke|p1|Ditto|\n|poke|p1|Zygarde|\n|poke|p1|Kyogre|\n|poke|p2|Deoxys-Speed|\n|poke|p2|Groudon|\n|poke|p2|Xerneas-*|\n|poke|p2|Kyurem-Black|\n|poke|p2|Necrozma-Dusk-Mane|\n|poke|p2|Arceus|\n|teampreview\n|inactive|Battle timer is ON: inactive players will automatically lose when time's up. (requested by Noynrib)\n|inactive|grass knot zygarde also wants the timer to be on.\n|inactive|grass knot zygarde has 120 seconds left.\n|\n|t:|1700491600\n|start\n|switch|p1a: Melmetal|Melmetal|100\/100\n|switch|p2a: Brand New Fit|Deoxys-Speed, shiny|100\/100\n|-ability|p2a: Brand New Fit|Pressure\n|turn|1\n|\n|t:|1700491607\n|move|p2a: Brand New Fit|Spikes|p1a: Melmetal\n|-sidestart|p1: Noynrib|Spikes\n|move|p1a: Melmetal|Double Iron Bash|p2a: Brand New Fit\n|-damage|p2a: Brand New Fit|50\/100\n|-damage|p2a: Brand New Fit|0 fnt\n|faint|p2a: Brand New Fit\n|-hitcount|p2: Brand New Fit|2\n|\n|upkeep\n|\n|t:|1700491615\n|switch|p2a: Givenchy Boots|Groudon, shiny|100\/100\n|detailschange|p2a: Givenchy Boots|Groudon-Primal, shiny\n|-primal|p2a: Givenchy Boots|Red Orb\n|-weather|DesolateLand|[from] ability: Desolate Land|[of] p2a: Givenchy Boots\n|turn|2\n|\n|t:|1700491624\n|switch|p1a: Zygarde|Zygarde|100\/100\n|-damage|p1a: Zygarde|88\/100|[from] Spikes\n|move|p2a: Givenchy Boots|Swords Dance|p2a: Givenchy Boots\n|-boost|p2a: Givenchy Boots|atk|2\n|\n|-weather|DesolateLand|[upkeep]\n|-heal|p1a: Zygarde|94\/100|[from] item: Leftovers\n|upkeep\n|turn|3\n|\n|t:|1700491631\n|move|p1a: Zygarde|Glare|p2a: Givenchy Boots\n|-status|p2a: Givenchy Boots|par\n|cant|p2a: Givenchy Boots|par\n|\n|-weather|DesolateLand|[upkeep]\n|-heal|p1a: Zygarde|99\/100|[from] item: Leftovers\n|upkeep\n|turn|4\n|\n|t:|1700491635\n|move|p1a: Zygarde|Substitute|p1a: Zygarde\n|-start|p1a: Zygarde|Substitute\n|-damage|p1a: Zygarde|75\/100\n|cant|p2a: Givenchy Boots|par\n|\n|-weather|DesolateLand|[upkeep]\n|-heal|p1a: Zygarde|81\/100|[from] item: Leftovers\n|upkeep\n|turn|5\n|\n|t:|1700491639\n|move|p1a: Zygarde|Dragon Dance|p1a: Zygarde\n|-boost|p1a: Zygarde|atk|1\n|-boost|p1a: Zygarde|spe|1\n|move|p2a: Givenchy Boots|Precipice Blades|p1a: Zygarde\n|-end|p1a: Zygarde|Substitute\n|\n|-weather|DesolateLand|[upkeep]\n|-heal|p1a: Zygarde|87\/100|[from] item: Leftovers\n|upkeep\n|turn|6\n|\n|t:|1700491643\n|move|p1a: Zygarde|Substitute|p1a: Zygarde\n|-start|p1a: Zygarde|Substitute\n|-damage|p1a: Zygarde|63\/100\n|move|p2a: Givenchy Boots|Precipice Blades|p1a: Zygarde|[miss]\n|-miss|p2a: Givenchy Boots|p1a: Zygarde\n|\n|-weather|DesolateLand|[upkeep]\n|-heal|p1a: Zygarde|69\/100|[from] item: Leftovers\n|upkeep\n|turn|7\n|\n|t:|1700491650\n|-weather|none\n|switch|p2a: Boosie fade|Kyurem-Black, shiny|100\/100\n|-ability|p2a: Boosie fade|Teravolt\n|move|p1a: Zygarde|Dragon Dance|p1a: Zygarde\n|-boost|p1a: Zygarde|atk|1\n|-boost|p1a: Zygarde|spe|1\n|\n|-heal|p1a: Zygarde|75\/100|[from] item: Leftovers\n|upkeep\n|turn|8\n|\n|t:|1700491658\n|-terastallize|p1a: Zygarde|Ground\n|move|p1a: Zygarde|Thousand Arrows|p2a: Boosie fade\n|-damage|p2a: Boosie fade|12\/100\n|move|p2a: Boosie fade|Icicle Spear|p1a: Zygarde\n|-supereffective|p1a: Zygarde\n|-activate|p1a: Zygarde|move: Substitute|[damage]\n|-supereffective|p1a: Zygarde\n|-crit|p1a: Zygarde\n|-end|p1a: Zygarde|Substitute\n|-supereffective|p1a: Zygarde\n|-damage|p1a: Zygarde|49\/100\n|-supereffective|p1a: Zygarde\n|-damage|p1a: Zygarde|27\/100\n|-hitcount|p1a: Zygarde|4\n|\n|-heal|p1a: Zygarde|33\/100|[from] item: Leftovers\n|-activate|p1a: Zygarde|ability: Power Construct\n|detailschange|p1a: Zygarde|Zygarde-Complete, tera:Ground\n|-heal|p1a: Zygarde|58\/100|[silent]\n|upkeep\n|turn|9\n|\n|t:|1700491686\n|move|p1a: Zygarde|Thousand Arrows|p2a: Boosie fade\n|-damage|p2a: Boosie fade|0 fnt\n|faint|p2a: Boosie fade\n|\n|-heal|p1a: Zygarde|65\/100|[from] item: Leftovers\n|upkeep\n|\n|t:|1700491692\n|switch|p2a: Cost bout 3|Xerneas, shiny|100\/100\n|-ability|p2a: Cost bout 3|Fairy Aura\n|turn|10\n|\n|t:|1700491702\n|move|p1a: Zygarde|Thousand Arrows|p2a: Cost bout 3\n|-damage|p2a: Cost bout 3|22\/100\n|move|p2a: Cost bout 3|Moonblast|p1a: Zygarde\n|-damage|p1a: Zygarde|22\/100\n|\n|-heal|p1a: Zygarde|28\/100|[from] item: Leftovers\n|upkeep\n|turn|11\n|\n|t:|1700491706\n|move|p1a: Zygarde|Thousand Arrows|p2a: Cost bout 3\n|-damage|p2a: Cost bout 3|0 fnt\n|faint|p2a: Cost bout 3\n|\n|-heal|p1a: Zygarde|34\/100|[from] item: Leftovers\n|upkeep\n|\n|t:|1700491710\n|switch|p2a: yeah|Arceus, shiny|100\/100\n|turn|12\n|\n|t:|1700491717\n|-terastallize|p2a: yeah|Normal\n|move|p2a: yeah|Extreme Speed|p1a: Zygarde\n|-damage|p1a: Zygarde|4\/100\n|move|p1a: Zygarde|Thousand Arrows|p2a: yeah\n|-damage|p2a: yeah|32\/100\n|\n|-heal|p1a: Zygarde|10\/100|[from] item: Leftovers\n|upkeep\n|turn|13\n|\n|t:|1700491723\n|move|p2a: yeah|Extreme Speed|p1a: Zygarde\n|-damage|p1a: Zygarde|0 fnt\n|faint|p1a: Zygarde\n|\n|upkeep\n|\n|t:|1700491726\n|switch|p1a: Ditto|Ditto|100\/100\n|-damage|p1a: Ditto|88\/100|[from] Spikes\n|-transform|p1a: Ditto|p2a: yeah|[from] ability: Imposter\n|turn|14\n|\n|t:|1700491733\n|switch|p2a: Cup Of Alcohol|Necrozma-Dusk-Mane, shiny|100\/100\n|move|p1a: Ditto|Extreme Speed|p2a: Cup Of Alcohol\n|-resisted|p2a: Cup Of Alcohol\n|-damage|p2a: Cup Of Alcohol|83\/100\n|\n|upkeep\n|turn|15\n|j| ss_wobblewok\n|\n|t:|1700491744\n|switch|p1a: Melmetal|Melmetal|100\/100\n|-damage|p1a: Melmetal|88\/100|[from] Spikes\n|move|p2a: Cup Of Alcohol|Dragon Dance|p2a: Cup Of Alcohol\n|-boost|p2a: Cup Of Alcohol|atk|1\n|-boost|p2a: Cup Of Alcohol|spe|1\n|\n|upkeep\n|turn|16\n|\n|t:|1700491753\n|detailschange|p2a: Cup Of Alcohol|Necrozma-Ultra, shiny\n|-burst|p2a: Cup Of Alcohol|Necrozma|Ultranecrozium Z\n|move|p2a: Cup Of Alcohol|Earthquake|p1a: Melmetal\n|-supereffective|p1a: Melmetal\n|-damage|p1a: Melmetal|0 fnt\n|faint|p1a: Melmetal\n|\n|upkeep\n|\n|t:|1700491758\n|switch|p1a: Ditto|Ditto|88\/100\n|-damage|p1a: Ditto|76\/100|[from] Spikes\n|-transform|p1a: Ditto|p2a: Cup Of Alcohol|[from] ability: Imposter\n|turn|17\n|\n|t:|1700491767\n|move|p1a: Ditto|Earthquake|p2a: Cup Of Alcohol\n|-damage|p2a: Cup Of Alcohol|14\/100\n|-zpower|p2a: Cup Of Alcohol\n|move|p2a: Cup Of Alcohol|Light That Burns the Sky|p1a: Ditto|[zeffect]\n|-resisted|p1a: Ditto\n|-damage|p1a: Ditto|0 fnt\n|faint|p1a: Ditto\n|\n|upkeep\n|\n|t:|1700491771\n|switch|p1a: Kyogre|Kyogre|100\/100\n|-damage|p1a: Kyogre|88\/100|[from] Spikes\n|detailschange|p1a: Kyogre|Kyogre-Primal\n|-primal|p1a: Kyogre|Blue Orb\n|-weather|PrimordialSea|[from] ability: Primordial Sea|[of] p1a: Kyogre\n|turn|18\n|\n|t:|1700491782\n|move|p2a: Cup Of Alcohol|Photon Geyser|p1a: Kyogre\n|-damage|p1a: Kyogre|0 fnt\n|faint|p1a: Kyogre\n|-weather|none\n|\n|upkeep\n|-message|Noynrib forfeited.\n|\n|win|grass knot zygarde\n|raw|Noynrib's rating: 1590 &rarr; <strong>1569<\/strong><br \/>(-21 for losing)\n|raw|grass knot zygarde's rating: 1573 &rarr; <strong>1594<\/strong><br \/>(+21 for winning)\n|l|\u2606Noynrib\n|c| ss_wobblewok|Lawl\n|l| ss_wobblewok\n","uploadtime":1700491797,"views":2,"p1id":"noynrib","p2id":"grassknotzygarde","formatid":"gen9nationaldexubers","rating":1569,"private":0,"password":""}