{"id":"gen9nationaldexubers-1978945171","p1":"Edras16","p2":"Dreepy Airlines","format":"[Gen 9] National Dex Ubers","log":"|j|\u2606Edras16\n|j|\u2606Dreepy Airlines\n|t:|1698613145\n|gametype|singles\n|player|p1|Edras16|steven|\n|player|p2|Dreepy Airlines|elesa-masters2|\n|teamsize|p1|6\n|teamsize|p2|6\n|gen|9\n|tier|[Gen 9] National Dex Ubers\n|rule|HP Percentage Mod: HP is shown in percentages\n|rule|Endless Battle Clause: Forcing endless battles is banned\n|rule|OHKO Clause: OHKO moves are banned\n|rule|Evasion Moves Clause: Evasion moves are banned\n|rule|Evasion Items Clause: Evasion items are banned\n|rule|Species Clause: Limit one of each Pok\u00e9mon\n|rule|Sleep Clause Mod: Limit one foe put to sleep\n|rule|Mega Rayquaza Clause: You cannot mega evolve Rayquaza\n|clearpoke\n|poke|p1|Tapu Lele|\n|poke|p1|Mewtwo|\n|poke|p1|Clefable, F|\n|poke|p1|Starmie|\n|poke|p1|Gallade, M|\n|poke|p1|Armarouge, F|\n|poke|p2|Dragonite, M|\n|poke|p2|Urshifu-*, M|\n|poke|p2|Jirachi|\n|poke|p2|Rillaboom, F|\n|poke|p2|Tinkaton, F|\n|poke|p2|Glimmora, M|\n|teampreview\n|inactive|Battle timer is ON: inactive players will automatically lose when time's up. (requested by Edras16)\n|c|\u2606Edras16|Glhf\n|c|\u2606Dreepy Airlines|wha\n|c|\u2606Dreepy Airlines|you get one of those\n|\n|t:|1698613169\n|start\n|switch|p1a: Starmie|Starmie|100\/100\n|switch|p2a: Tinkaton|Tinkaton, F|100\/100\n|-ability|p2a: Tinkaton|Mold Breaker\n|turn|1\n|c|\u2606Edras16|Mewtwo?\n|\n|t:|1698613178\n|switch|p1a: Armarouge|Armarouge, F|100\/100\n|move|p2a: Tinkaton|Knock Off|p1a: Armarouge\n|-supereffective|p1a: Armarouge\n|-damage|p1a: Armarouge|28\/100\n|-ability|p1a: Armarouge|Weak Armor|boost\n|-unboost|p1a: Armarouge|def|1\n|-boost|p1a: Armarouge|spe|2\n|-enditem|p1a: Armarouge|Focus Sash|[from] move: Knock Off|[of] p2a: Tinkaton\n|-damage|p2a: Tinkaton|91\/100|[from] item: Life Orb\n|\n|upkeep\n|turn|2\n|c|\u2606Dreepy Airlines|seems a little strong dont you think\n|\n|t:|1698613195\n|switch|p2a: Glimmora|Glimmora, M|100\/100\n|move|p1a: Armarouge|Armor Cannon|p2a: Glimmora\n|-resisted|p2a: Glimmora\n|-damage|p2a: Glimmora|59\/100\n|-unboost|p1a: Armarouge|def|1\n|-unboost|p1a: Armarouge|spd|1\n|\n|upkeep\n|turn|3\n|c|\u2606Edras16|Yeah and ill abuse it as much as possible\n|\n|t:|1698613214\n|move|p1a: Armarouge|Psyshock|p2a: Glimmora\n|-supereffective|p2a: Glimmora\n|-damage|p2a: Glimmora|0 fnt\n|faint|p2a: Glimmora\n|\n|upkeep\n|\n|t:|1698613229\n|switch|p2a: Dragonite|Dragonite, M|100\/100\n|turn|4\n|\n|t:|1698613232\n|move|p2a: Dragonite|Extreme Speed|p1a: Armarouge\n|-damage|p1a: Armarouge|0 fnt\n|faint|p1a: Armarouge\n|\n|upkeep\n|\n|t:|1698613236\n|switch|p1a: Clefable|Clefable, F|100\/100\n|turn|5\n|\n|t:|1698613240\n|switch|p2a: Tinkaton|Tinkaton, F|91\/100\n|-ability|p2a: Tinkaton|Mold Breaker\n|move|p1a: Clefable|Ice Beam|p2a: Tinkaton\n|-resisted|p2a: Tinkaton\n|-damage|p2a: Tinkaton|72\/100\n|\n|upkeep\n|turn|6\n|\n|t:|1698613259\n|move|p2a: Tinkaton|Play Rough|p1a: Clefable\n|-damage|p1a: Clefable|40\/100\n|-damage|p2a: Tinkaton|62\/100|[from] item: Life Orb\n|move|p1a: Clefable|Fire Blast|p2a: Tinkaton\n|-supereffective|p2a: Tinkaton\n|-damage|p2a: Tinkaton|0 fnt\n|faint|p2a: Tinkaton\n|\n|upkeep\n|\n|t:|1698613271\n|switch|p2a: Rillaboom|Rillaboom, F|100\/100\n|-fieldstart|move: Grassy Terrain|[from] ability: Grassy Surge|[of] p2a: Rillaboom\n|turn|7\n|\n|t:|1698613279\n|move|p2a: Rillaboom|Grassy Glide|p1a: Clefable\n|-damage|p1a: Clefable|0 fnt\n|faint|p1a: Clefable\n|\n|upkeep\n|\n|t:|1698613283\n|switch|p1a: Tapu Lele|Tapu Lele|100\/100\n|-fieldstart|move: Psychic Terrain|[from] ability: Psychic Surge|[of] p1a: Tapu Lele\n|turn|8\n|\n|t:|1698613299\n|switch|p2a: Jirachi|Jirachi|100\/100\n|move|p1a: Tapu Lele|Future Sight|p2a: Jirachi\n|-start|p1a: Tapu Lele|move: Future Sight\n|\n|upkeep\n|turn|9\n|\n|t:|1698613306\n|switch|p1a: Starmie|Starmie|100\/100\n|move|p2a: Jirachi|U-turn|p1a: Starmie\n|-supereffective|p1a: Starmie\n|-damage|p1a: Starmie|34\/100\n|\n|t:|1698613320\n|switch|p2a: Urshifu|Urshifu, M|100\/100|[from] U-turn\n|\n|upkeep\n|turn|10\n|\n|t:|1698613325\n|move|p1a: Starmie|Hydro Pump|p2a: Urshifu|[miss]\n|-miss|p1a: Starmie|p2a: Urshifu\n|move|p2a: Urshifu|Wicked Blow|p1a: Starmie\n|-supereffective|p1a: Starmie\n|-crit|p1a: Starmie\n|-damage|p1a: Starmie|0 fnt\n|faint|p1a: Starmie\n|\n|-end|p2a: Urshifu|move: Future Sight\n|-immune|p2a: Urshifu\n|upkeep\n|\n|t:|1698613329\n|switch|p1a: Gallade|Gallade, M|100\/100\n|turn|11\n|\n|t:|1698613340\n|detailschange|p1a: Gallade|Gallade-Mega, M\n|-mega|p1a: Gallade|Gallade|Galladite\n|move|p1a: Gallade|Close Combat|p2a: Urshifu\n|-supereffective|p2a: Urshifu\n|-damage|p2a: Urshifu|0 fnt\n|-unboost|p1a: Gallade|def|1\n|-unboost|p1a: Gallade|spd|1\n|faint|p2a: Urshifu\n|\n|upkeep\n|\n|t:|1698613360\n|switch|p2a: Dragonite|Dragonite, M|100\/100\n|turn|12\n|\n|t:|1698613367\n|switch|p1a: Tapu Lele|Tapu Lele|100\/100\n|move|p2a: Dragonite|Dragon Dance|p2a: Dragonite\n|-boost|p2a: Dragonite|atk|1\n|-boost|p2a: Dragonite|spe|1\n|\n|upkeep\n|turn|13\n|\n|t:|1698613374\n|move|p2a: Dragonite|Dual Wingbeat|p1a: Tapu Lele\n|-damage|p1a: Tapu Lele|54\/100\n|-damage|p1a: Tapu Lele|7\/100\n|-hitcount|p1a: Tapu Lele|2\n|move|p1a: Tapu Lele|Moonblast|p2a: Dragonite\n|-supereffective|p2a: Dragonite\n|-damage|p2a: Dragonite|45\/100\n|-unboost|p2a: Dragonite|spa|1\n|\n|upkeep\n|turn|14\n|\n|t:|1698613381\n|move|p2a: Dragonite|Dual Wingbeat|p1a: Tapu Lele\n|-crit|p1a: Tapu Lele\n|-damage|p1a: Tapu Lele|0 fnt\n|faint|p1a: Tapu Lele\n|-hitcount|p1: Tapu Lele|1\n|\n|upkeep\n|\n|t:|1698613383\n|switch|p1a: Mewtwo|Mewtwo|100\/100\n|-ability|p1a: Mewtwo|Pressure\n|turn|15\n|\n|t:|1698613388\n|move|p2a: Dragonite|Dual Wingbeat|p1a: Mewtwo\n|-damage|p1a: Mewtwo|68\/100\n|-damage|p1a: Mewtwo|34\/100\n|-hitcount|p1a: Mewtwo|2\n|move|p1a: Mewtwo|Psystrike|p2a: Dragonite\n|-damage|p2a: Dragonite|0 fnt\n|faint|p2a: Dragonite\n|\n|-heal|p1a: Mewtwo|40\/100|[from] item: Leftovers\n|-fieldend|move: Psychic Terrain\n|upkeep\n|\n|t:|1698613394\n|switch|p2a: Rillaboom|Rillaboom, F|100\/100\n|-fieldstart|move: Grassy Terrain|[from] ability: Grassy Surge|[of] p2a: Rillaboom\n|turn|16\n|\n|t:|1698613403\n|-terastallize|p1a: Mewtwo|Fire\n|-terastallize|p2a: Rillaboom|Grass\n|move|p2a: Rillaboom|Grassy Glide|p1a: Mewtwo\n|-resisted|p1a: Mewtwo\n|-damage|p1a: Mewtwo|2\/100\n|move|p1a: Mewtwo|Psystrike|p2a: Rillaboom\n|-damage|p2a: Rillaboom|40\/100\n|\n|-heal|p1a: Mewtwo|9\/100|[from] Grassy Terrain\n|-heal|p1a: Mewtwo|15\/100|[from] item: Leftovers\n|-heal|p2a: Rillaboom|46\/100|[from] Grassy Terrain\n|upkeep\n|turn|17\n|c|\u2606Dreepy Airlines|phew\n|\n|t:|1698613414\n|move|p2a: Rillaboom|Grassy Glide|p1a: Mewtwo\n|-resisted|p1a: Mewtwo\n|-damage|p1a: Mewtwo|0 fnt\n|faint|p1a: Mewtwo\n|\n|-heal|p2a: Rillaboom|52\/100|[from] Grassy Terrain\n|upkeep\n|c|\u2606Edras16|Damn why did i take fire blast off\n|c|\u2606Edras16|Gg\n|\n|t:|1698613427\n|switch|p1a: Gallade|Gallade-Mega, M|100\/100\n|turn|18\n|\n|t:|1698613432\n|move|p2a: Rillaboom|Grassy Glide|p1a: Gallade\n|-damage|p1a: Gallade|1\/100\n|move|p1a: Gallade|Close Combat|p2a: Rillaboom\n|-damage|p2a: Rillaboom|0 fnt\n|-unboost|p1a: Gallade|def|1\n|-unboost|p1a: Gallade|spd|1\n|faint|p2a: Rillaboom\n|\n|-heal|p1a: Gallade|7\/100|[from] Grassy Terrain\n|upkeep\n|\n|t:|1698613435\n|switch|p2a: Jirachi|Jirachi|100\/100\n|turn|19\n|c|\u2606Edras16|HUH\n|c|\u2606Dreepy Airlines|gg\n|\n|t:|1698613441\n|move|p2a: Jirachi|Iron Head|p1a: Gallade\n|-damage|p1a: Gallade|0 fnt\n|faint|p1a: Gallade\n|\n|win|Dreepy Airlines\n","uploadtime":1698613447,"views":10,"p1id":"edras16","p2id":"dreepyairlines","formatid":"gen9nationaldexubers","rating":0,"private":0,"password":""}