{"id":"gen9nationaldexubers-1991121860","p1":"Mudseph03","p2":"tacuxi","format":"[Gen 9] National Dex Ubers","log":"|j|\u2606Mudseph03\n|j|\u2606tacuxi\n|t:|1700046270\n|gametype|singles\n|player|p1|Mudseph03|red|1233\n|player|p2|tacuxi|palmer|1319\n|teamsize|p1|6\n|teamsize|p2|6\n|gen|9\n|tier|[Gen 9] National Dex Ubers\n|rated|\n|rule|HP Percentage Mod: HP is shown in percentages\n|rule|Endless Battle Clause: Forcing endless battles is banned\n|rule|OHKO Clause: OHKO moves are banned\n|rule|Evasion Moves Clause: Evasion moves are banned\n|rule|Evasion Items Clause: Evasion items are banned\n|rule|Species Clause: Limit one of each Pok\u00e9mon\n|rule|Sleep Clause Mod: Limit one foe put to sleep\n|rule|Mega Rayquaza Clause: You cannot mega evolve Rayquaza\n|clearpoke\n|poke|p1|Dragapult, M|\n|poke|p1|Kartana|\n|poke|p1|Aegislash, M|\n|poke|p1|Quagsire, M|\n|poke|p1|Heatran, M|\n|poke|p1|Togekiss, F|\n|poke|p2|Yveltal|\n|poke|p2|Zacian-*|\n|poke|p2|Sableye, F|\n|poke|p2|Lugia|\n|poke|p2|Kingambit, M|\n|poke|p2|Reshiram|\n|teampreview\n|inactive|Battle timer is ON: inactive players will automatically lose when time's up. (requested by tacuxi)\n|\n|t:|1700046277\n|start\n|switch|p1a: Puyolsire|Quagsire, M|100\/100\n|switch|p2a: Sableye|Sableye, F|100\/100\n|turn|1\n|\n|t:|1700046284\n|switch|p1a: Christran|Heatran, M|100\/100\n|move|p2a: Sableye|Taunt|p1a: Christran\n|-start|p1a: Christran|move: Taunt\n|\n|upkeep\n|turn|2\n|\n|t:|1700046295\n|switch|p2a: Zacian|Zacian-Crowned, shiny|100\/100\n|-ability|p2a: Zacian|Intrepid Sword|boost\n|-boost|p2a: Zacian|atk|1\n|move|p1a: Christran|Magma Storm|p2a: Zacian\n|-supereffective|p2a: Zacian\n|-damage|p2a: Zacian|16\/100\n|-activate|p2a: Zacian|move: Magma Storm|[of] p1a: Christran\n|\n|-damage|p2a: Zacian|3\/100|[from] move: Magma Storm|[partiallytrapped]\n|upkeep\n|turn|3\n|\n|t:|1700046310\n|switch|p1a: Saiko no Hero|Aegislash, M|100\/100\n|move|p2a: Zacian|Sacred Sword|p1a: Saiko no Hero\n|-immune|p1a: Saiko no Hero\n|\n|-end|p2a: Zacian|Magma Storm|[partiallytrapped]|[silent]\n|upkeep\n|turn|4\n|\n|t:|1700046335\n|move|p2a: Zacian|Wild Charge|p1a: Saiko no Hero\n|-damage|p1a: Saiko no Hero|61\/100\n|-damage|p2a: Zacian|0 fnt|[from] Recoil\n|faint|p2a: Zacian\n|move|p1a: Saiko no Hero|Swords Dance|p1a: Saiko no Hero\n|-boost|p1a: Saiko no Hero|atk|2\n|\n|upkeep\n|\n|t:|1700046341\n|switch|p2a: Yveltal|Yveltal, shiny|100\/100\n|-ability|p2a: Yveltal|Dark Aura\n|turn|5\n|\n|t:|1700046347\n|switch|p1a: Christran|Heatran, M|100\/100\n|move|p2a: Yveltal|Dark Pulse|p1a: Christran\n|-damage|p1a: Christran|69\/100\n|-damage|p2a: Yveltal|91\/100|[from] item: Life Orb\n|\n|upkeep\n|turn|6\n|\n|t:|1700046356\n|move|p2a: Yveltal|Dark Pulse|p1a: Christran\n|-damage|p1a: Christran|38\/100\n|-damage|p2a: Yveltal|81\/100|[from] item: Life Orb\n|move|p1a: Christran|Magma Storm|p2a: Yveltal|[miss]\n|-miss|p1a: Christran|p2a: Yveltal\n|\n|upkeep\n|turn|7\n|\n|t:|1700046373\n|switch|p1a: Togefeits|Togekiss, F|100\/100\n|move|p2a: Yveltal|Dark Pulse|p1a: Togefeits\n|-resisted|p1a: Togefeits\n|-damage|p1a: Togefeits|72\/100\n|-damage|p2a: Yveltal|71\/100|[from] item: Life Orb\n|\n|upkeep\n|turn|8\n|\n|t:|1700046376\n|move|p2a: Yveltal|U-turn|p1a: Togefeits\n|-resisted|p1a: Togefeits\n|-damage|p1a: Togefeits|64\/100\n|-damage|p2a: Yveltal|61\/100|[from] item: Life Orb\n|\n|t:|1700046381\n|switch|p2a: Lugia|Lugia, shiny|100\/100|[from] U-turn\n|move|p1a: Togefeits|Thunder Wave|p2a: Lugia\n|-status|p2a: Lugia|par\n|\n|upkeep\n|turn|9\n|\n|t:|1700046393\n|move|p1a: Togefeits|Roost|p1a: Togefeits\n|-heal|p1a: Togefeits|100\/100\n|-singleturn|p1a: Togefeits|move: Roost\n|move|p2a: Lugia|Toxic|p1a: Togefeits\n|-status|p1a: Togefeits|tox\n|\n|-damage|p1a: Togefeits|94\/100 tox|[from] psn\n|upkeep\n|turn|10\n|\n|t:|1700046399\n|move|p1a: Togefeits|Ancient Power|p2a: Lugia\n|-supereffective|p2a: Lugia\n|-damage|p2a: Lugia|89\/100 par\n|move|p2a: Lugia|Aeroblast|p1a: Togefeits\n|-damage|p1a: Togefeits|55\/100 tox\n|\n|-heal|p2a: Lugia|95\/100 par|[from] item: Leftovers\n|-damage|p1a: Togefeits|43\/100 tox|[from] psn\n|upkeep\n|turn|11\n|\n|t:|1700046406\n|switch|p1a: Christran|Heatran, M|38\/100\n|move|p2a: Lugia|Aeroblast|p1a: Christran\n|-resisted|p1a: Christran\n|-damage|p1a: Christran|28\/100\n|\n|-heal|p2a: Lugia|100\/100 par|[from] item: Leftovers\n|upkeep\n|turn|12\n|\n|t:|1700046413\n|switch|p2a: Yveltal|Yveltal, shiny|61\/100\n|-ability|p2a: Yveltal|Dark Aura\n|move|p1a: Christran|Magma Storm|p2a: Yveltal\n|-damage|p2a: Yveltal|18\/100\n|-activate|p2a: Yveltal|move: Magma Storm|[of] p1a: Christran\n|\n|-damage|p2a: Yveltal|5\/100|[from] move: Magma Storm|[partiallytrapped]\n|upkeep\n|turn|13\n|\n|t:|1700046422\n|move|p2a: Yveltal|Dark Pulse|p1a: Christran\n|-damage|p1a: Christran|0 fnt\n|faint|p1a: Christran\n|-damage|p2a: Yveltal|0 fnt|[from] item: Life Orb\n|faint|p2a: Yveltal\n|\n|upkeep\n|\n|t:|1700046441\n|switch|p2a: Sableye|Sableye, F|100\/100\n|switch|p1a: Togefeits|Togekiss, F|43\/100 tox\n|turn|14\n|\n|t:|1700046448\n|move|p2a: Sableye|Taunt|p1a: Togefeits\n|-start|p1a: Togefeits|move: Taunt\n|move|p1a: Togefeits|Air Slash|p2a: Sableye\n|-damage|p2a: Sableye|61\/100\n|\n|-damage|p1a: Togefeits|37\/100 tox|[from] psn\n|upkeep\n|turn|15\n|\n|t:|1700046454\n|move|p2a: Sableye|Disable|p1a: Togefeits\n|-start|p1a: Togefeits|Disable|Air Slash\n|cant|p1a: Togefeits|Disable|Air Slash\n|\n|-damage|p1a: Togefeits|25\/100 tox|[from] psn\n|upkeep\n|turn|16\n|\n|t:|1700046459\n|move|p2a: Sableye|Encore|p1a: Togefeits\n|-start|p1a: Togefeits|Encore\n|cant|p1a: Togefeits|Disable|Air Slash\n|\n|-damage|p1a: Togefeits|6\/100 tox|[from] psn\n|-end|p1a: Togefeits|move: Taunt\n|upkeep\n|turn|17\n|\n|t:|1700046466\n|move|p2a: Sableye|Taunt|p1a: Togefeits\n|-start|p1a: Togefeits|move: Taunt\n|-activate|p1a: Togefeits|move: Struggle\n|move|p1a: Togefeits|Struggle|p2a: Sableye\n|-damage|p2a: Sableye|54\/100\n|-damage|p1a: Togefeits|0 fnt|[from] item: Rocky Helmet|[of] p2a: Sableye\n|faint|p1a: Togefeits\n|\n|upkeep\n|\n|t:|1700046493\n|switch|p1a: Godtana|Kartana|100\/100\n|turn|18\n|\n|t:|1700046503\n|-terastallize|p1a: Godtana|Dark\n|move|p2a: Sableye|Will-O-Wisp|p1a: Godtana\n|-hint|Since gen 7, Dark is immune to Prankster moves.\n|-immune|p1a: Godtana\n|move|p1a: Godtana|Knock Off|p2a: Sableye\n|-damage|p2a: Sableye|0 fnt\n|-damage|p1a: Godtana|84\/100|[from] item: Rocky Helmet|[of] p2a: Sableye\n|-enditem|p2a: Sableye|Rocky Helmet|[from] move: Knock Off|[of] p1a: Godtana\n|faint|p2a: Sableye\n|-ability|p1a: Godtana|Beast Boost|boost\n|-boost|p1a: Godtana|atk|1\n|\n|upkeep\n|\n|t:|1700046508\n|switch|p2a: Reshiram|Reshiram, shiny|100\/100\n|-ability|p2a: Reshiram|Turboblaze\n|turn|19\n|inactive|Mudseph03 has 120 seconds left.\n|\n|t:|1700046537\n|move|p1a: Godtana|Knock Off|p2a: Reshiram\n|-damage|p2a: Reshiram|0 fnt\n|-enditem|p2a: Reshiram|Choice Scarf|[from] move: Knock Off|[of] p1a: Godtana\n|faint|p2a: Reshiram\n|-ability|p1a: Godtana|Beast Boost|boost\n|-boost|p1a: Godtana|atk|1\n|\n|upkeep\n|-message|tacuxi forfeited.\n|\n|win|Mudseph03\n|raw|Mudseph03's rating: 1233 &rarr; <strong>1264<\/strong><br \/>(+31 for winning)\n|raw|tacuxi's rating: 1319 &rarr; <strong>1294<\/strong><br \/>(-25 for losing)\n|l|\u2606tacuxi\n","uploadtime":1700046557,"views":24,"p1id":"mudseph03","p2id":"tacuxi","formatid":"gen9nationaldexubers","rating":1264,"private":0,"password":""}