{"id":"gen9nationaldexubers-1979634075","p1":"vicktheemo","p2":"Yami Tayori","format":"[Gen 9] National Dex Ubers","log":"|j|\u2606vicktheemo\n|j|\u2606Yami Tayori\n|t:|1698698498\n|gametype|singles\n|player|p1|vicktheemo|1|1135\n|player|p2|Yami Tayori|steven|1166\n|teamsize|p1|6\n|teamsize|p2|6\n|gen|9\n|tier|[Gen 9] National Dex Ubers\n|rated|\n|rule|HP Percentage Mod: HP is shown in percentages\n|rule|Endless Battle Clause: Forcing endless battles is banned\n|rule|OHKO Clause: OHKO moves are banned\n|rule|Evasion Moves Clause: Evasion moves are banned\n|rule|Evasion Items Clause: Evasion items are banned\n|rule|Species Clause: Limit one of each Pok\u00e9mon\n|rule|Sleep Clause Mod: Limit one foe put to sleep\n|rule|Mega Rayquaza Clause: You cannot mega evolve Rayquaza\n|clearpoke\n|poke|p1|Urshifu-*, F|\n|poke|p1|Alomomola, M|\n|poke|p1|Landorus-Therian, M|\n|poke|p1|Ferrothorn, F|\n|poke|p1|Grimmsnarl, M|\n|poke|p1|Chansey, F|\n|poke|p2|Cyclizar, F|\n|poke|p2|Kommo-o, M|\n|poke|p2|Baxcalibur, F|\n|poke|p2|Dragapult, F|\n|poke|p2|Altaria, F|\n|poke|p2|Goodra-Hisui, M|\n|teampreview\n|\n|t:|1698698508\n|start\n|switch|p1a: Landorus|Landorus-Therian, M|100\/100\n|switch|p2a: Cyclizar|Cyclizar, F|100\/100\n|-ability|p1a: Landorus|Intimidate|boost\n|-unboost|p2a: Cyclizar|atk|1\n|turn|1\n|\n|t:|1698698524\n|move|p2a: Cyclizar|Shed Tail|p2a: Cyclizar\n|-start|p2a: Cyclizar|Substitute|[from] move: Shed Tail\n|-damage|p2a: Cyclizar|50\/100\n|\n|t:|1698698527\n|switch|p2a: Mister Fridge|Baxcalibur, F|100\/100|[from] Shed Tail\n|move|p1a: Landorus|Outrage|p2a: Mister Fridge\n|-supereffective|p2a: Mister Fridge\n|-end|p2a: Mister Fridge|Substitute\n|\n|upkeep\n|turn|2\n|\n|t:|1698698551\n|move|p1a: Landorus|Outrage|p2a: Mister Fridge|[from]lockedmove\n|-supereffective|p2a: Mister Fridge\n|-damage|p2a: Mister Fridge|18\/100\n|-start|p1a: Landorus|confusion|[fatigue]\n|move|p2a: Mister Fridge|Icicle Spear|p1a: Landorus\n|-supereffective|p1a: Landorus\n|-damage|p1a: Landorus|29\/100\n|-supereffective|p1a: Landorus\n|-damage|p1a: Landorus|0 fnt\n|faint|p1a: Landorus\n|-hitcount|p1: Landorus|2\n|\n|-heal|p2a: Mister Fridge|24\/100|[from] item: Leftovers\n|upkeep\n|inactive|Battle timer is ON: inactive players will automatically lose when time's up. (requested by vicktheemo)\n|\n|t:|1698698559\n|switch|p1a: Urshifu|Urshifu-Rapid-Strike, F|100\/100\n|turn|3\n|\n|t:|1698698565\n|move|p1a: Urshifu|Drain Punch|p2a: Mister Fridge\n|-supereffective|p2a: Mister Fridge\n|-damage|p2a: Mister Fridge|0 fnt\n|faint|p2a: Mister Fridge\n|\n|upkeep\n|\n|t:|1698698568\n|switch|p2a: Cyclizar|Cyclizar, F|84\/100\n|turn|4\n|\n|t:|1698698572\n|move|p2a: Cyclizar|Shed Tail|p2a: Cyclizar\n|-start|p2a: Cyclizar|Substitute|[from] move: Shed Tail\n|-damage|p2a: Cyclizar|34\/100\n|\n|t:|1698698576\n|switch|p2a: Miss Phantom|Dragapult, F|100\/100|[from] Shed Tail\n|move|p1a: Urshifu|Swords Dance|p1a: Urshifu\n|-boost|p1a: Urshifu|atk|2\n|\n|upkeep\n|turn|5\n|\n|t:|1698698584\n|move|p2a: Miss Phantom|Dragon Dance|p2a: Miss Phantom\n|-boost|p2a: Miss Phantom|atk|1\n|-boost|p2a: Miss Phantom|spe|1\n|move|p1a: Urshifu|Surging Strikes|p2a: Miss Phantom\n|-resisted|p2a: Miss Phantom\n|-crit|p2a: Miss Phantom\n|-end|p2a: Miss Phantom|Substitute\n|-resisted|p2a: Miss Phantom\n|-crit|p2a: Miss Phantom\n|-damage|p2a: Miss Phantom|70\/100\n|-resisted|p2a: Miss Phantom\n|-crit|p2a: Miss Phantom\n|-damage|p2a: Miss Phantom|39\/100\n|-hitcount|p2a: Miss Phantom|3\n|\n|upkeep\n|turn|6\n|\n|t:|1698698593\n|move|p2a: Miss Phantom|Beat Up|p1a: Urshifu\n|-resisted|p1a: Urshifu\n|-damage|p1a: Urshifu|96\/100\n|-resisted|p1a: Urshifu\n|-damage|p1a: Urshifu|92\/100\n|-resisted|p1a: Urshifu\n|-damage|p1a: Urshifu|89\/100\n|-resisted|p1a: Urshifu\n|-damage|p1a: Urshifu|86\/100\n|-resisted|p1a: Urshifu\n|-damage|p1a: Urshifu|82\/100\n|-hitcount|p1a: Urshifu|5\n|move|p1a: Urshifu|Trailblaze|p2a: Miss Phantom\n|-resisted|p2a: Miss Phantom\n|-damage|p2a: Miss Phantom|17\/100\n|-boost|p1a: Urshifu|spe|1\n|\n|upkeep\n|turn|7\n|\n|t:|1698698612\n|move|p2a: Miss Phantom|Dragon Darts|p1a: Urshifu\n|-damage|p1a: Urshifu|45\/100\n|-anim|p2a: Miss Phantom|Dragon Darts|p1a: Urshifu\n|-damage|p1a: Urshifu|10\/100\n|move|p1a: Urshifu|Surging Strikes|p2a: Miss Phantom\n|-resisted|p2a: Miss Phantom\n|-crit|p2a: Miss Phantom\n|-damage|p2a: Miss Phantom|0 fnt\n|faint|p2a: Miss Phantom\n|-hitcount|p2: Miss Phantom|1\n|\n|upkeep\n|\n|t:|1698698620\n|switch|p2a: Cyclizar|Cyclizar, F|67\/100\n|turn|8\n|\n|t:|1698698626\n|move|p2a: Cyclizar|Shed Tail|p2a: Cyclizar\n|-start|p2a: Cyclizar|Substitute|[from] move: Shed Tail\n|-damage|p2a: Cyclizar|17\/100\n|\n|t:|1698698631\n|switch|p2a: Fairy|Altaria, F|100\/100|[from] Shed Tail\n|move|p1a: Urshifu|Drain Punch|p2a: Fairy\n|-resisted|p2a: Fairy\n|-end|p2a: Fairy|Substitute\n|-heal|p1a: Urshifu|22\/100|[from] drain|[of] p2a: Fairy\n|\n|upkeep\n|turn|9\n|\n|t:|1698698643\n|detailschange|p2a: Fairy|Altaria-Mega, F\n|-mega|p2a: Fairy|Altaria|Altarianite\n|move|p1a: Urshifu|Surging Strikes|p2a: Fairy\n|-resisted|p2a: Fairy\n|-crit|p2a: Fairy\n|-damage|p2a: Fairy|74\/100\n|-resisted|p2a: Fairy\n|-crit|p2a: Fairy\n|-damage|p2a: Fairy|51\/100\n|-resisted|p2a: Fairy\n|-crit|p2a: Fairy\n|-damage|p2a: Fairy|27\/100\n|-hitcount|p2a: Fairy|3\n|move|p2a: Fairy|Body Slam|p1a: Urshifu\n|-supereffective|p1a: Urshifu\n|-damage|p1a: Urshifu|0 fnt\n|faint|p1a: Urshifu\n|\n|upkeep\n|\n|t:|1698698655\n|switch|p1a: Alomomola|Alomomola, M|100\/100\n|turn|10\n|\n|t:|1698698664\n|move|p2a: Fairy|Roost|p2a: Fairy\n|-heal|p2a: Fairy|77\/100\n|-singleturn|p2a: Fairy|move: Roost\n|move|p1a: Alomomola|Whirlpool|p2a: Fairy\n|-resisted|p2a: Fairy\n|-damage|p2a: Fairy|74\/100\n|-activate|p2a: Fairy|move: Whirlpool|[of] p1a: Alomomola\n|\n|-damage|p2a: Fairy|62\/100|[from] move: Whirlpool|[partiallytrapped]\n|upkeep\n|turn|11\n|\n|t:|1698698668\n|move|p2a: Fairy|Dragon Dance|p2a: Fairy\n|-boost|p2a: Fairy|atk|1\n|-boost|p2a: Fairy|spe|1\n|move|p1a: Alomomola|Wish|p1a: Alomomola\n|\n|-damage|p2a: Fairy|50\/100|[from] move: Whirlpool|[partiallytrapped]\n|upkeep\n|turn|12\n|\n|t:|1698698672\n|move|p2a: Fairy|Dragon Dance|p2a: Fairy\n|-boost|p2a: Fairy|atk|1\n|-boost|p2a: Fairy|spe|1\n|move|p1a: Alomomola|Play Rough|p2a: Fairy\n|-supereffective|p2a: Fairy\n|-damage|p2a: Fairy|16\/100\n|\n|-damage|p2a: Fairy|4\/100|[from] move: Whirlpool|[partiallytrapped]\n|upkeep\n|turn|13\n|\n|t:|1698698675\n|move|p2a: Fairy|Roost|p2a: Fairy\n|-heal|p2a: Fairy|54\/100\n|-singleturn|p2a: Fairy|move: Roost\n|move|p1a: Alomomola|Play Rough|p2a: Fairy\n|-supereffective|p2a: Fairy\n|-damage|p2a: Fairy|20\/100\n|\n|-damage|p2a: Fairy|8\/100|[from] move: Whirlpool|[partiallytrapped]\n|upkeep\n|turn|14\n|\n|t:|1698698680\n|move|p2a: Fairy|Roost|p2a: Fairy\n|-heal|p2a: Fairy|58\/100\n|-singleturn|p2a: Fairy|move: Roost\n|move|p1a: Alomomola|Play Rough|p2a: Fairy\n|-supereffective|p2a: Fairy\n|-damage|p2a: Fairy|26\/100\n|-unboost|p2a: Fairy|atk|1\n|\n|-damage|p2a: Fairy|14\/100|[from] move: Whirlpool|[partiallytrapped]\n|upkeep\n|turn|15\n|\n|t:|1698698684\n|move|p2a: Fairy|Roost|p2a: Fairy\n|-heal|p2a: Fairy|64\/100\n|-singleturn|p2a: Fairy|move: Roost\n|move|p1a: Alomomola|Play Rough|p2a: Fairy|[miss]\n|-miss|p1a: Alomomola|p2a: Fairy\n|\n|-end|p2a: Fairy|Whirlpool|[partiallytrapped]\n|upkeep\n|turn|16\n|\n|t:|1698698692\n|move|p2a: Fairy|Dragon Dance|p2a: Fairy\n|-boost|p2a: Fairy|atk|1\n|-boost|p2a: Fairy|spe|1\n|move|p1a: Alomomola|Whirlpool|p2a: Fairy\n|-resisted|p2a: Fairy\n|-damage|p2a: Fairy|61\/100\n|-activate|p2a: Fairy|move: Whirlpool|[of] p1a: Alomomola\n|\n|-damage|p2a: Fairy|48\/100|[from] move: Whirlpool|[partiallytrapped]\n|upkeep\n|turn|17\n|\n|t:|1698698698\n|move|p2a: Fairy|Body Slam|p1a: Alomomola\n|-damage|p1a: Alomomola|50\/100\n|-damage|p2a: Fairy|32\/100|[from] item: Rocky Helmet|[of] p1a: Alomomola\n|move|p1a: Alomomola|Play Rough|p2a: Fairy\n|-supereffective|p2a: Fairy\n|-damage|p2a: Fairy|2\/100\n|\n|-damage|p2a: Fairy|0 fnt|[from] move: Whirlpool|[partiallytrapped]\n|faint|p2a: Fairy\n|upkeep\n|\n|t:|1698698701\n|switch|p2a: Goodra|Goodra-Hisui, M|100\/100\n|turn|18\n|\n|t:|1698698705\n|move|p1a: Alomomola|Wish|p1a: Alomomola\n|move|p2a: Goodra|Thunderbolt|p1a: Alomomola\n|-supereffective|p1a: Alomomola\n|-damage|p1a: Alomomola|0 fnt\n|faint|p1a: Alomomola\n|\n|upkeep\n|\n|t:|1698698714\n|switch|p1a: Ferrothorn|Ferrothorn, F|100\/100\n|turn|19\n|\n|t:|1698698719\n|move|p2a: Goodra|Flamethrower|p1a: Ferrothorn\n|-supereffective|p1a: Ferrothorn\n|-damage|p1a: Ferrothorn|20\/100\n|move|p1a: Ferrothorn|Iron Defense|p1a: Ferrothorn\n|-boost|p1a: Ferrothorn|def|2\n|\n|-heal|p1a: Ferrothorn|96\/100|[from] move: Wish|[wisher] Alomomola\n|upkeep\n|turn|20\n|\n|t:|1698698734\n|move|p2a: Goodra|Flamethrower|p1a: Ferrothorn\n|-supereffective|p1a: Ferrothorn\n|-damage|p1a: Ferrothorn|8\/100\n|move|p1a: Ferrothorn|Body Press|p2a: Goodra\n|-supereffective|p2a: Goodra\n|-damage|p2a: Goodra|4\/100\n|-ability|p2a: Goodra|Gooey\n|-unboost|p1a: Ferrothorn|spe|1\n|\n|upkeep\n|turn|21\n|\n|t:|1698698746\n|switch|p1a: Chansey|Chansey, F|100\/100\n|move|p2a: Goodra|Flamethrower|p1a: Chansey\n|-damage|p1a: Chansey|91\/100\n|\n|upkeep\n|turn|22\n|\n|t:|1698698752\n|move|p2a: Goodra|Flash Cannon|p1a: Chansey\n|-damage|p1a: Chansey|81\/100\n|move|p1a: Chansey|Seismic Toss|p2a: Goodra\n|-damage|p2a: Goodra|0 fnt\n|-ability|p2a: Goodra|Gooey\n|-unboost|p1a: Chansey|spe|1\n|faint|p2a: Goodra\n|\n|upkeep\n|\n|t:|1698698756\n|switch|p2a: Kommo-o|Kommo-o, M|100\/100\n|turn|23\n|\n|t:|1698698764\n|-terastallize|p2a: Kommo-o|Fire\n|move|p2a: Kommo-o|Clangorous Soul|p2a: Kommo-o\n|-boost|p2a: Kommo-o|atk|1\n|-boost|p2a: Kommo-o|def|1\n|-boost|p2a: Kommo-o|spa|1\n|-boost|p2a: Kommo-o|spd|1\n|-boost|p2a: Kommo-o|spe|1\n|-damage|p2a: Kommo-o|68\/100\n|move|p1a: Chansey|Counter||[still]\n|-fail|p1a: Chansey\n|\n|-heal|p2a: Kommo-o|74\/100|[from] item: Leftovers\n|upkeep\n|turn|24\n|\n|t:|1698698774\n|switch|p1a: Grimmsnarl|Grimmsnarl, M|100\/100\n|move|p2a: Kommo-o|Clangorous Soul|p2a: Kommo-o\n|-boost|p2a: Kommo-o|atk|1\n|-boost|p2a: Kommo-o|def|1\n|-boost|p2a: Kommo-o|spa|1\n|-boost|p2a: Kommo-o|spd|1\n|-boost|p2a: Kommo-o|spe|1\n|-damage|p2a: Kommo-o|41\/100\n|\n|-heal|p2a: Kommo-o|47\/100|[from] item: Leftovers\n|upkeep\n|turn|25\n|\n|t:|1698698781\n|move|p1a: Grimmsnarl|Reflect|p1a: Grimmsnarl\n|-sidestart|p1: vicktheemo|Reflect\n|move|p2a: Kommo-o|Drain Punch|p1a: Grimmsnarl\n|-damage|p1a: Grimmsnarl|59\/100\n|-heal|p2a: Kommo-o|75\/100|[from] drain|[of] p1a: Grimmsnarl\n|\n|-heal|p2a: Kommo-o|81\/100|[from] item: Leftovers\n|upkeep\n|turn|26\n|\n|t:|1698698787\n|move|p2a: Kommo-o|Clangorous Soul|p2a: Kommo-o\n|-boost|p2a: Kommo-o|atk|1\n|-boost|p2a: Kommo-o|def|1\n|-boost|p2a: Kommo-o|spa|1\n|-boost|p2a: Kommo-o|spd|1\n|-boost|p2a: Kommo-o|spe|1\n|-damage|p2a: Kommo-o|48\/100\n|move|p1a: Grimmsnarl|Draining Kiss|p2a: Kommo-o\n|-resisted|p2a: Kommo-o\n|-damage|p2a: Kommo-o|44\/100\n|-heal|p1a: Grimmsnarl|61\/100|[from] drain|[of] p2a: Kommo-o\n|\n|-heal|p2a: Kommo-o|50\/100|[from] item: Leftovers\n|upkeep\n|turn|27\n|\n|t:|1698698798\n|move|p2a: Kommo-o|Drain Punch|p1a: Grimmsnarl\n|-damage|p1a: Grimmsnarl|4\/100\n|-heal|p2a: Kommo-o|89\/100|[from] drain|[of] p1a: Grimmsnarl\n|move|p1a: Grimmsnarl|Play Rough|p2a: Kommo-o\n|-resisted|p2a: Kommo-o\n|-damage|p2a: Kommo-o|82\/100\n|\n|-heal|p2a: Kommo-o|88\/100|[from] item: Leftovers\n|upkeep\n|turn|28\n|\n|t:|1698698806\n|move|p2a: Kommo-o|Clangorous Soul|p2a: Kommo-o\n|-boost|p2a: Kommo-o|atk|1\n|-boost|p2a: Kommo-o|def|1\n|-boost|p2a: Kommo-o|spa|1\n|-boost|p2a: Kommo-o|spd|1\n|-boost|p2a: Kommo-o|spe|1\n|-damage|p2a: Kommo-o|55\/100\n|move|p1a: Grimmsnarl|Play Rough|p2a: Kommo-o\n|-resisted|p2a: Kommo-o\n|-crit|p2a: Kommo-o\n|-damage|p2a: Kommo-o|28\/100\n|\n|-heal|p2a: Kommo-o|34\/100|[from] item: Leftovers\n|upkeep\n|turn|29\n|\n|t:|1698698813\n|move|p2a: Kommo-o|Drain Punch|p1a: Grimmsnarl\n|-damage|p1a: Grimmsnarl|0 fnt\n|-heal|p2a: Kommo-o|37\/100|[from] drain|[of] p1a: Grimmsnarl\n|faint|p1a: Grimmsnarl\n|\n|-heal|p2a: Kommo-o|43\/100|[from] item: Leftovers\n|upkeep\n|\n|t:|1698698816\n|switch|p1a: Ferrothorn|Ferrothorn, F|8\/100\n|turn|30\n|\n|t:|1698698820\n|move|p2a: Kommo-o|Drain Punch|p1a: Ferrothorn\n|-supereffective|p1a: Ferrothorn\n|-damage|p1a: Ferrothorn|0 fnt\n|-heal|p2a: Kommo-o|48\/100|[from] drain|[of] p1a: Ferrothorn\n|-damage|p2a: Kommo-o|36\/100|[from] ability: Iron Barbs|[of] p1a: Ferrothorn\n|-damage|p2a: Kommo-o|19\/100|[from] item: Rocky Helmet|[of] p1a: Ferrothorn\n|faint|p1a: Ferrothorn\n|\n|-heal|p2a: Kommo-o|25\/100|[from] item: Leftovers\n|upkeep\n|\n|t:|1698698826\n|switch|p1a: Chansey|Chansey, F|81\/100\n|turn|31\n|\n|t:|1698698832\n|move|p2a: Kommo-o|Drain Punch|p1a: Chansey\n|-supereffective|p1a: Chansey\n|-damage|p1a: Chansey|9\/100\n|-heal|p2a: Kommo-o|100\/100|[from] drain|[of] p1a: Chansey\n|move|p1a: Chansey|Soft-Boiled|p1a: Chansey\n|-heal|p1a: Chansey|59\/100\n|\n|upkeep\n|turn|32\n|\n|t:|1698698844\n|move|p2a: Kommo-o|Clangorous Soul|p2a: Kommo-o\n|-boost|p2a: Kommo-o|atk|1\n|-boost|p2a: Kommo-o|def|1\n|-boost|p2a: Kommo-o|spa|1\n|-boost|p2a: Kommo-o|spd|1\n|-boost|p2a: Kommo-o|spe|1\n|-damage|p2a: Kommo-o|68\/100\n|move|p1a: Chansey|Counter||[still]\n|-fail|p1a: Chansey\n|\n|-heal|p2a: Kommo-o|74\/100|[from] item: Leftovers\n|-sideend|p1: vicktheemo|Reflect\n|upkeep\n|turn|33\n|\n|t:|1698698850\n|move|p2a: Kommo-o|Clangorous Soul|p2a: Kommo-o\n|-boost|p2a: Kommo-o|atk|1\n|-boost|p2a: Kommo-o|def|1\n|-boost|p2a: Kommo-o|spa|1\n|-boost|p2a: Kommo-o|spd|1\n|-boost|p2a: Kommo-o|spe|1\n|-damage|p2a: Kommo-o|41\/100\n|move|p1a: Chansey|Soft-Boiled|p1a: Chansey\n|-heal|p1a: Chansey|100\/100\n|\n|-heal|p2a: Kommo-o|47\/100|[from] item: Leftovers\n|upkeep\n|turn|34\n|\n|t:|1698698853\n|move|p2a: Kommo-o|Drain Punch|p1a: Chansey\n|-supereffective|p1a: Chansey\n|-damage|p1a: Chansey|0 fnt\n|-heal|p2a: Kommo-o|100\/100|[from] drain|[of] p1a: Chansey\n|faint|p1a: Chansey\n|\n|win|Yami Tayori\n|raw|vicktheemo's rating: 1135 &rarr; <strong>1112<\/strong><br \/>(-23 for losing)\n|raw|Yami Tayori's rating: 1166 &rarr; <strong>1189<\/strong><br \/>(+23 for winning)\n|l|\u2606vicktheemo\n","uploadtime":1698698868,"views":13,"p1id":"vicktheemo","p2id":"yamitayori","formatid":"gen9nationaldexubers","rating":1112,"private":0,"password":""}