{"id":"gen9nationaldexubers-1990861349","p1":"XYZ15","p2":"85792195wwww","format":"[Gen 9] National Dex Ubers","log":"|j|\u2606XYZ15\n|j|\u260685792195wwww\n|t:|1700008671\n|gametype|singles\n|player|p1|XYZ15|rei|1495\n|player|p2|85792195wwww|mira|1753\n|teamsize|p1|6\n|teamsize|p2|6\n|gen|9\n|tier|[Gen 9] National Dex Ubers\n|rated|\n|rule|HP Percentage Mod: HP is shown in percentages\n|rule|Endless Battle Clause: Forcing endless battles is banned\n|rule|OHKO Clause: OHKO moves are banned\n|rule|Evasion Moves Clause: Evasion moves are banned\n|rule|Evasion Items Clause: Evasion items are banned\n|rule|Species Clause: Limit one of each Pok\u00e9mon\n|rule|Sleep Clause Mod: Limit one foe put to sleep\n|rule|Mega Rayquaza Clause: You cannot mega evolve Rayquaza\n|clearpoke\n|poke|p1|Darmanitan-Galar, F|\n|poke|p1|Kyogre|\n|poke|p1|Marshadow|\n|poke|p1|Magearna|\n|poke|p1|Salamence, F|\n|poke|p1|Ho-Oh|\n|poke|p2|Zacian-*|\n|poke|p2|Deoxys-Speed|\n|poke|p2|Arceus|\n|poke|p2|Xerneas-*|\n|poke|p2|Groudon|\n|poke|p2|Zekrom|\n|teampreview\n|\n|t:|1700008681\n|start\n|switch|p1a: Gorilla|Darmanitan-Galar, F|100\/100\n|switch|p2a: Deoxys|Deoxys-Speed|100\/100\n|-ability|p2a: Deoxys|Pressure\n|turn|1\n|\n|t:|1700008693\n|move|p1a: Gorilla|U-turn|p2a: Deoxys\n|-supereffective|p2a: Deoxys\n|-damage|p2a: Deoxys|22\/100\n|-damage|p1a: Gorilla|84\/100|[from] item: Rocky Helmet|[of] p2a: Deoxys\n|\n|t:|1700008702\n|switch|p1a: Shadow|Marshadow|100\/100|[from] U-turn\n|move|p2a: Deoxys|Stealth Rock|p1a: Shadow\n|-sidestart|p1: XYZ15|move: Stealth Rock\n|\n|upkeep\n|turn|2\n|\n|t:|1700008711\n|move|p2a: Deoxys|Psycho Boost|p1a: Shadow\n|-supereffective|p1a: Shadow\n|-damage|p1a: Shadow|0 fnt\n|-unboost|p2a: Deoxys|spa|2\n|faint|p1a: Shadow\n|\n|upkeep\n|\n|t:|1700008713\n|switch|p1a: Ho-Oh The Great|Ho-Oh|100\/100\n|turn|3\n|\n|t:|1700008720\n|move|p2a: Deoxys|Thunder Wave|p1a: Ho-Oh The Great\n|-status|p1a: Ho-Oh The Great|par\n|cant|p1a: Ho-Oh The Great|par\n|\n|upkeep\n|turn|4\n|\n|t:|1700008727\n|move|p2a: Deoxys|Taunt|p1a: Ho-Oh The Great\n|-start|p1a: Ho-Oh The Great|move: Taunt\n|cant|p1a: Ho-Oh The Great|move: Taunt|Defog\n|\n|upkeep\n|turn|5\n|\n|t:|1700008740\n|move|p2a: Deoxys|Psycho Boost|p1a: Ho-Oh The Great\n|-damage|p1a: Ho-Oh The Great|91\/100 par\n|-unboost|p2a: Deoxys|spa|2\n|move|p1a: Ho-Oh The Great|Sacred Fire|p2a: Deoxys\n|-damage|p2a: Deoxys|0 fnt\n|faint|p2a: Deoxys\n|\n|upkeep\n|\n|t:|1700008750\n|switch|p2a: Zekrom|Zekrom|100\/100\n|-ability|p2a: Zekrom|Teravolt\n|turn|6\n|\n|t:|1700008755\n|switch|p1a: Iron Heart|Magearna|100\/100\n|-damage|p1a: Iron Heart|94\/100|[from] Stealth Rock\n|move|p2a: Zekrom|Substitute|p2a: Zekrom\n|-start|p2a: Zekrom|Substitute\n|-damage|p2a: Zekrom|76\/100\n|\n|upkeep\n|turn|7\n|\n|t:|1700008764\n|move|p2a: Zekrom|Dragon Dance|p2a: Zekrom\n|-boost|p2a: Zekrom|atk|1\n|-boost|p2a: Zekrom|spe|1\n|move|p1a: Iron Heart|Ice Beam|p2a: Zekrom\n|-supereffective|p2a: Zekrom\n|-end|p2a: Zekrom|Substitute\n|\n|upkeep\n|turn|8\n|\n|t:|1700008772\n|move|p2a: Zekrom|Bolt Strike|p1a: Iron Heart\n|-crit|p1a: Iron Heart\n|-damage|p1a: Iron Heart|0 fnt\n|faint|p1a: Iron Heart\n|\n|upkeep\n|\n|t:|1700008782\n|switch|p1a: Gorilla|Darmanitan-Galar, F|84\/100\n|-damage|p1a: Gorilla|59\/100|[from] Stealth Rock\n|turn|9\n|\n|t:|1700008795\n|switch|p2a: Zacian|Zacian-Crowned|100\/100\n|-ability|p2a: Zacian|Intrepid Sword|boost\n|-boost|p2a: Zacian|atk|1\n|move|p1a: Gorilla|Earthquake|p2a: Zacian\n|-supereffective|p2a: Zacian\n|-damage|p2a: Zacian|0 fnt\n|faint|p2a: Zacian\n|\n|upkeep\n|\n|t:|1700008805\n|switch|p2a: Arceus|Arceus|100\/100\n|turn|10\n|\n|t:|1700008812\n|switch|p1a: Deep|Kyogre|100\/100\n|-damage|p1a: Deep|88\/100|[from] Stealth Rock\n|detailschange|p1a: Deep|Kyogre-Primal\n|-primal|p1a: Deep|Blue Orb\n|-weather|PrimordialSea|[from] ability: Primordial Sea|[of] p1a: Deep\n|move|p2a: Arceus|Swords Dance|p2a: Arceus\n|-boost|p2a: Arceus|atk|2\n|\n|-weather|PrimordialSea|[upkeep]\n|upkeep\n|turn|11\n|\n|t:|1700008824\n|-terastallize|p2a: Arceus|Normal\n|move|p2a: Arceus|Extreme Speed|p1a: Deep\n|-damage|p1a: Deep|0 fnt\n|faint|p1a: Deep\n|-weather|none\n|-damage|p2a: Arceus|91\/100|[from] item: Life Orb\n|\n|upkeep\n|\n|t:|1700008828\n|switch|p1a: Zinnia's Mence|Salamence, F|100\/100\n|-damage|p1a: Zinnia's Mence|76\/100|[from] Stealth Rock\n|-ability|p1a: Zinnia's Mence|Intimidate|boost\n|-unboost|p2a: Arceus|atk|1\n|turn|12\n|\n|t:|1700008839\n|detailschange|p1a: Zinnia's Mence|Salamence-Mega, F\n|-mega|p1a: Zinnia's Mence|Salamence|Salamencite\n|move|p2a: Arceus|Extreme Speed|p1a: Zinnia's Mence\n|-damage|p1a: Zinnia's Mence|0 fnt\n|faint|p1a: Zinnia's Mence\n|-damage|p2a: Arceus|81\/100|[from] item: Life Orb\n|\n|upkeep\n|-message|XYZ15 forfeited.\n|\n|win|85792195wwww\n|raw|XYZ15's rating: 1495 &rarr; <strong>1488<\/strong><br \/>(-7 for losing)\n|raw|85792195wwww's rating: 1753 &rarr; <strong>1760<\/strong><br \/>(+7 for winning)\n|l|\u2606XYZ15\n","uploadtime":1700008854,"views":8,"p1id":"xyz15","p2id":"85792195wwww","formatid":"gen9nationaldexubers","rating":1488,"private":0,"password":""}