{"id":"gen9nationaldexubers-1984424748","p1":"floxey","p2":"supermogotin","format":"[Gen 9] National Dex Ubers","log":"|j|\u2606floxey\n|j|\u2606supermogotin\n|t:|1699261309\n|gametype|singles\n|player|p1|floxey|pokemonbreeder-gen4|1076\n|player|p2|supermogotin|101|1140\n|teamsize|p1|6\n|teamsize|p2|6\n|gen|9\n|tier|[Gen 9] National Dex Ubers\n|rated|\n|rule|HP Percentage Mod: HP is shown in percentages\n|rule|Endless Battle Clause: Forcing endless battles is banned\n|rule|OHKO Clause: OHKO moves are banned\n|rule|Evasion Moves Clause: Evasion moves are banned\n|rule|Evasion Items Clause: Evasion items are banned\n|rule|Species Clause: Limit one of each Pok\u00e9mon\n|rule|Sleep Clause Mod: Limit one foe put to sleep\n|rule|Mega Rayquaza Clause: You cannot mega evolve Rayquaza\n|clearpoke\n|poke|p1|Kangaskhan, F|\n|poke|p1|Blissey, F|\n|poke|p1|Carracosta, M|\n|poke|p1|Ursaluna, F|\n|poke|p1|Musharna, M|\n|poke|p1|Dragapult, M|\n|poke|p2|Darkrai|\n|poke|p2|Serperior, M|\n|poke|p2|Absol, M|\n|poke|p2|Baxcalibur, M|\n|poke|p2|Zoroark-Hisui, M|\n|poke|p2|Quagsire, M|\n|teampreview\n|\n|t:|1699261326\n|start\n|switch|p1a: Montessori|Kangaskhan, F|100\/100\n|switch|p2a: Maquiavelico|Quagsire, M|100\/100\n|turn|1\n|c|\u2606floxey|bom dia\n|c|\u2606floxey|come\u00e7ando o dia com showdown tbm? kkk\n|\n|t:|1699261357\n|detailschange|p1a: Montessori|Kangaskhan-Mega, F\n|-mega|p1a: Montessori|Kangaskhan|Kangaskhanite\n|move|p1a: Montessori|Power-Up Punch|p2a: Maquiavelico\n|-damage|p2a: Maquiavelico|85\/100\n|-boost|p1a: Montessori|atk|1\n|-damage|p2a: Maquiavelico|82\/100\n|-boost|p1a: Montessori|atk|1\n|-hitcount|p2a: Maquiavelico|2\n|move|p2a: Maquiavelico|Spikes|p1a: Montessori\n|-sidestart|p1: floxey|Spikes\n|\n|upkeep\n|turn|2\n|\n|t:|1699261369\n|move|p1a: Montessori|Power-Up Punch|p2a: Maquiavelico\n|-damage|p2a: Maquiavelico|68\/100\n|-boost|p1a: Montessori|atk|1\n|-damage|p2a: Maquiavelico|65\/100\n|-boost|p1a: Montessori|atk|1\n|-hitcount|p2a: Maquiavelico|2\n|move|p2a: Maquiavelico|Counter|p1a: Montessori\n|-damage|p1a: Montessori|95\/100\n|\n|upkeep\n|turn|3\n|\n|t:|1699261384\n|move|p1a: Montessori|Power-Up Punch|p2a: Maquiavelico\n|-damage|p2a: Maquiavelico|50\/100\n|-boost|p1a: Montessori|atk|1\n|-damage|p2a: Maquiavelico|47\/100\n|-boost|p1a: Montessori|atk|1\n|-hitcount|p2a: Maquiavelico|2\n|move|p2a: Maquiavelico|Ice Beam|p1a: Montessori\n|-damage|p1a: Montessori|77\/100\n|\n|upkeep\n|turn|4\n|\n|t:|1699261394\n|move|p1a: Montessori|Drain Punch|p2a: Maquiavelico\n|-crit|p2a: Maquiavelico\n|-damage|p2a: Maquiavelico|4\/100\n|-heal|p1a: Montessori|94\/100|[from] drain|[of] p2a: Maquiavelico\n|-damage|p2a: Maquiavelico|0 fnt\n|-heal|p1a: Montessori|96\/100|[from] drain|[of] p2a: Maquiavelico\n|faint|p2a: Maquiavelico\n|-hitcount|p2: Maquiavelico|2\n|\n|upkeep\n|\n|t:|1699261405\n|switch|p2a: patas|Baxcalibur, M, shiny|100\/100\n|turn|5\n|\n|t:|1699261410\n|move|p1a: Montessori|Drain Punch|p2a: patas\n|-supereffective|p2a: patas\n|-damage|p2a: patas|0 fnt\n|-heal|p1a: Montessori|100\/100|[from] drain|[of] p2a: patas\n|faint|p2a: patas\n|-hitcount|p2: patas|1\n|\n|upkeep\n|\n|t:|1699261419\n|switch|p2a: Absolutamente|Absol, M|100\/100\n|turn|6\n|\n|t:|1699261426\n|move|p2a: Absolutamente|Icy Wind|p1a: Montessori\n|-damage|p1a: Montessori|84\/100\n|-unboost|p1a: Montessori|spe|1\n|move|p1a: Montessori|Drain Punch|p2a: Absolutamente\n|-immune|p2a: Absolutamente\n|\n|upkeep\n|turn|7\n|\n|t:|1699261448\n|move|p2a: Absolutamente|Icy Wind|p1a: Montessori\n|-damage|p1a: Montessori|68\/100\n|-unboost|p1a: Montessori|spe|1\n|move|p1a: Montessori|Ice Punch|p2a: Absolutamente\n|-damage|p2a: Absolutamente|0 fnt\n|replace|p2a: Displicencia|Zoroark-Hisui, M, shiny\n|-end|p2a: Displicencia|Illusion\n|faint|p2a: Displicencia\n|-hitcount|p2: Displicencia|1\n|\n|upkeep\n|\n|t:|1699261467\n|switch|p2a: Mr. SpA|Serperior, M|100\/100\n|turn|8\n|\n|t:|1699261481\n|move|p2a: Mr. SpA|Leech Seed|p1a: Montessori|[miss]\n|-miss|p2a: Mr. SpA|p1a: Montessori\n|move|p1a: Montessori|Ice Punch|p2a: Mr. SpA\n|-supereffective|p2a: Mr. SpA\n|-damage|p2a: Mr. SpA|0 fnt\n|faint|p2a: Mr. SpA\n|-hitcount|p2: Mr. SpA|1\n|\n|upkeep\n|\n|t:|1699261526\n|switch|p2a: BABABABABA|Darkrai|100\/100\n|turn|9\n|\n|t:|1699261532\n|move|p2a: BABABABABA|Hypnosis|p1a: Montessori\n|-status|p1a: Montessori|slp|[from] move: Hypnosis\n|cant|p1a: Montessori|slp\n|\n|-damage|p1a: Montessori|55\/100 slp|[from] ability: Bad Dreams|[of] p2a: BABABABABA\n|upkeep\n|turn|10\n|\n|t:|1699261554\n|move|p2a: BABABABABA|Drain Punch|p1a: Montessori\n|-supereffective|p1a: Montessori\n|-damage|p1a: Montessori|30\/100 slp\n|-curestatus|p1a: Montessori|slp|[msg]\n|move|p1a: Montessori|Ice Punch|p2a: BABABABABA\n|-damage|p2a: BABABABABA|0 fnt\n|faint|p2a: BABABABABA\n|-hitcount|p2: BABABABABA|1\n|\n|upkeep\n|\n|t:|1699261562\n|switch|p2a: Absolutamente|Absol, M|100\/100\n|turn|11\n|\n|t:|1699261566\n|move|p2a: Absolutamente|Thunder|p1a: Montessori\n|-crit|p1a: Montessori\n|-damage|p1a: Montessori|2\/100\n|move|p1a: Montessori|Drain Punch|p2a: Absolutamente\n|-supereffective|p2a: Absolutamente\n|-damage|p2a: Absolutamente|0 fnt\n|-heal|p1a: Montessori|35\/100|[from] drain|[of] p2a: Absolutamente\n|faint|p2a: Absolutamente\n|-hitcount|p2: Absolutamente|1\n|\n|win|floxey\n|raw|floxey's rating: 1076 &rarr; <strong>1110<\/strong><br \/>(+34 for winning)\n|raw|supermogotin's rating: 1140 &rarr; <strong>1110<\/strong><br \/>(-30 for losing)\n|l|\u2606supermogotin\n|c|\u2606floxey|gg!\n","uploadtime":1699261585,"views":7,"p1id":"floxey","p2id":"supermogotin","formatid":"gen9nationaldexubers","rating":1110,"private":0,"password":""}