{"id":"gen9nationaldexubers-1994521586","p1":"UwUSylveonn","p2":"flushedXDDCC","format":"[Gen 9] National Dex Ubers","log":"|j|\u2606UwUSylveonn\n|j|\u2606flushedXDDCC\n|t:|1700454052\n|gametype|singles\n|player|p1|UwUSylveonn|dawn|\n|player|p2|flushedXDDCC|unknownf|\n|teamsize|p1|6\n|teamsize|p2|6\n|gen|9\n|tier|[Gen 9] National Dex Ubers\n|rule|HP Percentage Mod: HP is shown in percentages\n|rule|Endless Battle Clause: Forcing endless battles is banned\n|rule|OHKO Clause: OHKO moves are banned\n|rule|Evasion Moves Clause: Evasion moves are banned\n|rule|Evasion Items Clause: Evasion items are banned\n|rule|Species Clause: Limit one of each Pok\u00e9mon\n|rule|Sleep Clause Mod: Limit one foe put to sleep\n|rule|Mega Rayquaza Clause: You cannot mega evolve Rayquaza\n|clearpoke\n|poke|p1|Clodsire, M|\n|poke|p1|Dondozo, F|\n|poke|p1|Alomomola, F|\n|poke|p1|Talonflame, M|\n|poke|p1|Toxapex, F|\n|poke|p1|Blissey, F|\n|poke|p2|Deoxys-Speed|\n|poke|p2|Kyurem-Black|\n|poke|p2|Marshadow|\n|poke|p2|Arceus-Fire|\n|poke|p2|Chien-Pao|\n|poke|p2|Zacian-*|\n|teampreview\n|inactive|Battle timer is ON: inactive players will automatically lose when time's up. (requested by UwUSylveonn)\n|c|\u2606UwUSylveonn|GL :)\n|j| Forzarismo\n|c|\u2606flushedXDDCC|oh stall\n|\n|t:|1700454075\n|start\n|switch|p1a: Toxapex|Toxapex, F|100\/100\n|switch|p2a: Deoxys|Deoxys-Speed|100\/100\n|-ability|p2a: Deoxys|Pressure\n|turn|1\n|\n|t:|1700454081\n|move|p2a: Deoxys|Taunt|p1a: Toxapex\n|-start|p1a: Toxapex|move: Taunt\n|cant|p1a: Toxapex|move: Taunt|Toxic\n|\n|upkeep\n|turn|2\n|\n|t:|1700454090\n|move|p2a: Deoxys|Stealth Rock|p1a: Toxapex\n|-sidestart|p1: UwUSylveonn|move: Stealth Rock\n|move|p1a: Toxapex|Infestation|p2a: Deoxys\n|-supereffective|p2a: Deoxys\n|-damage|p2a: Deoxys|91\/100\n|-activate|p2a: Deoxys|move: Infestation|[of] p1a: Toxapex\n|\n|-damage|p2a: Deoxys|79\/100|[from] move: Infestation|[partiallytrapped]\n|upkeep\n|turn|3\n|c| Forzarismo|My money is on stall\n|c|\u2606UwUSylveonn|TY\n|\n|t:|1700454112\n|move|p2a: Deoxys|Spikes|p1a: Toxapex\n|-sidestart|p1: UwUSylveonn|Spikes\n|move|p1a: Toxapex|Infestation|p2a: Deoxys\n|-supereffective|p2a: Deoxys\n|-damage|p2a: Deoxys|70\/100\n|\n|-damage|p2a: Deoxys|57\/100|[from] move: Infestation|[partiallytrapped]\n|-end|p1a: Toxapex|move: Taunt\n|upkeep\n|turn|4\n|c| Forzarismo|though\n|\n|t:|1700454120\n|switch|p1a: Talonflame|Talonflame, M|100\/100\n|move|p2a: Deoxys|Spikes|p1a: Talonflame\n|-sidestart|p1: UwUSylveonn|Spikes\n|\n|-end|p2a: Deoxys|Infestation|[partiallytrapped]|[silent]\n|upkeep\n|turn|5\n|c| Forzarismo|seeing the hazards being set up\n|\n|t:|1700454129\n|move|p2a: Deoxys|Taunt|p1a: Talonflame\n|-start|p1a: Talonflame|move: Taunt\n|cant|p1a: Talonflame|move: Taunt|Defog\n|\n|upkeep\n|turn|6\n|\n|t:|1700454138\n|move|p2a: Deoxys|Spikes|p1a: Talonflame\n|-sidestart|p1: UwUSylveonn|Spikes\n|move|p1a: Talonflame|Flamethrower|p2a: Deoxys\n|-damage|p2a: Deoxys|19\/100\n|\n|upkeep\n|turn|7\n|c| Forzarismo|not Gale Wings?\n|c|\u2606UwUSylveonn|Nah, Flame Body better for stall\n|\n|t:|1700454155\n|move|p2a: Deoxys|Psycho Boost|p1a: Talonflame\n|-crit|p1a: Talonflame\n|-damage|p1a: Talonflame|17\/100\n|-unboost|p2a: Deoxys|spa|2\n|move|p1a: Talonflame|Flamethrower|p2a: Deoxys\n|-damage|p2a: Deoxys|0 fnt\n|faint|p2a: Deoxys\n|\n|-end|p1a: Talonflame|move: Taunt\n|upkeep\n|\n|t:|1700454170\n|switch|p2a: Kyurem|Kyurem-Black|100\/100\n|-ability|p2a: Kyurem|Teravolt\n|turn|8\n|\n|t:|1700454177\n|move|p1a: Talonflame|Roost|p1a: Talonflame\n|-heal|p1a: Talonflame|67\/100\n|-singleturn|p1a: Talonflame|move: Roost\n|move|p2a: Kyurem|Dragon Dance|p2a: Kyurem\n|-boost|p2a: Kyurem|atk|1\n|-boost|p2a: Kyurem|spe|1\n|\n|upkeep\n|turn|9\n|\n|t:|1700454192\n|switch|p1a: Clodsire|Clodsire, M|100\/100\n|move|p2a: Kyurem|Fusion Bolt|p1a: Clodsire\n|-immune|p1a: Clodsire\n|\n|upkeep\n|turn|10\n|\n|t:|1700454210\n|switch|p1a: Toxapex|Toxapex, F|100\/100\n|move|p2a: Kyurem|Icicle Spear|p1a: Toxapex\n|-resisted|p1a: Toxapex\n|-damage|p1a: Toxapex|93\/100\n|-resisted|p1a: Toxapex\n|-damage|p1a: Toxapex|85\/100\n|-resisted|p1a: Toxapex\n|-damage|p1a: Toxapex|78\/100\n|-resisted|p1a: Toxapex\n|-damage|p1a: Toxapex|70\/100\n|-resisted|p1a: Toxapex\n|-damage|p1a: Toxapex|62\/100\n|-hitcount|p1a: Toxapex|5\n|\n|upkeep\n|turn|11\n|\n|t:|1700454223\n|-terastallize|p1a: Toxapex|Fairy\n|move|p2a: Kyurem|Fusion Bolt|p1a: Toxapex\n|-damage|p1a: Toxapex|20\/100\n|move|p1a: Toxapex|Haze|p1a: Toxapex\n|-clearallboost\n|\n|upkeep\n|turn|12\n|\n|t:|1700454240\n|switch|p2a: Zacian|Zacian-Crowned|100\/100\n|-ability|p2a: Zacian|Intrepid Sword|boost\n|-boost|p2a: Zacian|atk|1\n|move|p1a: Toxapex|Toxic|p2a: Zacian|[miss]\n|-miss|p1a: Toxapex|p2a: Zacian\n|\n|upkeep\n|turn|13\n|\n|t:|1700454252\n|switch|p1a: Dondozo|Dondozo, F|100\/100\n|move|p2a: Zacian|Behemoth Blade|p1a: Dondozo\n|-resisted|p1a: Dondozo\n|-damage|p1a: Dondozo|87\/100\n|\n|upkeep\n|turn|14\n|\n|t:|1700454260\n|move|p2a: Zacian|Wild Charge|p1a: Dondozo\n|-supereffective|p1a: Dondozo\n|-damage|p1a: Dondozo|55\/100\n|-damage|p2a: Zacian|88\/100|[from] Recoil\n|move|p1a: Dondozo|Liquidation|p2a: Zacian\n|-damage|p2a: Zacian|60\/100\n|\n|upkeep\n|turn|15\n|\n|t:|1700454276\n|switch|p2a: Kyurem|Kyurem-Black|100\/100\n|-ability|p2a: Kyurem|Teravolt\n|move|p1a: Dondozo|Rest|p1a: Dondozo\n|-status|p1a: Dondozo|slp|[from] move: Rest\n|-heal|p1a: Dondozo|100\/100 slp|[silent]\n|\n|upkeep\n|turn|16\n|c|\u2606flushedXDDCC|oh wait that entire team is boots\n|c|\u2606flushedXDDCC|i just realized\n|\n|t:|1700454289\n|switch|p1a: Clodsire|Clodsire, M|100\/100\n|move|p2a: Kyurem|Icicle Spear|p1a: Clodsire\n|-supereffective|p1a: Clodsire\n|-damage|p1a: Clodsire|63\/100\n|-supereffective|p1a: Clodsire\n|-damage|p1a: Clodsire|22\/100\n|-supereffective|p1a: Clodsire\n|-crit|p1a: Clodsire\n|-damage|p1a: Clodsire|0 fnt\n|faint|p1a: Clodsire\n|-hitcount|p1: Clodsire|3\n|\n|upkeep\n|\n|t:|1700454304\n|switch|p1a: Toxapex|Toxapex, F, tera:Fairy|53\/100\n|turn|17\n|\n|t:|1700454307\n|move|p2a: Kyurem|Dragon Dance|p2a: Kyurem\n|-boost|p2a: Kyurem|atk|1\n|-boost|p2a: Kyurem|spe|1\n|move|p1a: Toxapex|Recover|p1a: Toxapex\n|-heal|p1a: Toxapex|100\/100\n|\n|upkeep\n|turn|18\n|\n|t:|1700454317\n|-terastallize|p2a: Kyurem|Ice\n|move|p2a: Kyurem|Icicle Spear|p1a: Toxapex\n|-damage|p1a: Toxapex|79\/100\n|-damage|p1a: Toxapex|56\/100\n|-damage|p1a: Toxapex|35\/100\n|-damage|p1a: Toxapex|14\/100\n|-hitcount|p1a: Toxapex|4\n|move|p1a: Toxapex|Toxic|p2a: Kyurem\n|-status|p2a: Kyurem|tox\n|\n|-damage|p2a: Kyurem|94\/100 tox|[from] psn\n|upkeep\n|turn|19\n|\n|t:|1700454333\n|switch|p1a: Dondozo|Dondozo, F|100\/100 slp\n|move|p2a: Kyurem|Fusion Bolt|p1a: Dondozo\n|-supereffective|p1a: Dondozo\n|-damage|p1a: Dondozo|43\/100 slp\n|\n|-damage|p2a: Kyurem|82\/100 tox|[from] psn\n|upkeep\n|turn|20\n|\n|t:|1700454349\n|move|p2a: Kyurem|Fusion Bolt|p1a: Dondozo\n|-supereffective|p1a: Dondozo\n|-crit|p1a: Dondozo\n|-damage|p1a: Dondozo|0 fnt\n|faint|p1a: Dondozo\n|\n|-damage|p2a: Kyurem|64\/100 tox|[from] psn\n|upkeep\n|\n|t:|1700454356\n|switch|p1a: Alomomola|Alomomola, F|100\/100\n|turn|21\n|\n|t:|1700454359\n|move|p1a: Alomomola|Protect|p1a: Alomomola\n|-singleturn|p1a: Alomomola|Protect\n|move|p2a: Kyurem|Fusion Bolt|p1a: Alomomola\n|-activate|p1a: Alomomola|move: Protect\n|\n|-damage|p2a: Kyurem|39\/100 tox|[from] psn\n|upkeep\n|turn|22\n|\n|t:|1700454377\n|move|p1a: Alomomola|Protect||[still]\n|-fail|p1a: Alomomola\n|move|p2a: Kyurem|Fusion Bolt|p1a: Alomomola\n|-supereffective|p1a: Alomomola\n|-damage|p1a: Alomomola|26\/100\n|\n|-damage|p2a: Kyurem|8\/100 tox|[from] psn\n|upkeep\n|turn|23\n|\n|t:|1700454387\n|move|p1a: Alomomola|Protect|p1a: Alomomola\n|-singleturn|p1a: Alomomola|Protect\n|move|p2a: Kyurem|Fusion Bolt|p1a: Alomomola\n|-activate|p1a: Alomomola|move: Protect\n|\n|-damage|p2a: Kyurem|0 fnt|[from] psn\n|faint|p2a: Kyurem\n|upkeep\n|\n|t:|1700454400\n|switch|p2a: Marshadow|Marshadow|100\/100\n|turn|24\n|\n|t:|1700454410\n|switch|p1a: Toxapex|Toxapex, F, tera:Fairy|48\/100\n|move|p2a: Marshadow|Close Combat|p1a: Toxapex\n|-resisted|p1a: Toxapex\n|-damage|p1a: Toxapex|21\/100\n|-unboost|p2a: Marshadow|def|1\n|-unboost|p2a: Marshadow|spd|1\n|\n|upkeep\n|turn|25\n|\n|t:|1700454422\n|move|p2a: Marshadow|Close Combat|p1a: Toxapex\n|-resisted|p1a: Toxapex\n|-damage|p1a: Toxapex|0 fnt\n|-unboost|p2a: Marshadow|def|1\n|-unboost|p2a: Marshadow|spd|1\n|faint|p1a: Toxapex\n|\n|upkeep\n|\n|t:|1700454429\n|switch|p1a: Talonflame|Talonflame, M|67\/100\n|turn|26\n|\n|t:|1700454434\n|move|p2a: Marshadow|Close Combat|p1a: Talonflame\n|-resisted|p1a: Talonflame\n|-damage|p1a: Talonflame|24\/100\n|-unboost|p2a: Marshadow|def|1\n|-unboost|p2a: Marshadow|spd|1\n|move|p1a: Talonflame|Will-O-Wisp|p2a: Marshadow\n|-status|p2a: Marshadow|brn\n|\n|-damage|p2a: Marshadow|94\/100 brn|[from] brn\n|upkeep\n|turn|27\n|\n|t:|1700454450\n|switch|p2a: Arceus|Arceus-Fire|100\/100\n|move|p1a: Talonflame|Roost|p1a: Talonflame\n|-heal|p1a: Talonflame|74\/100\n|-singleturn|p1a: Talonflame|move: Roost\n|\n|upkeep\n|turn|28\n|\n|t:|1700454463\n|switch|p2a: Marshadow|Marshadow|94\/100 brn\n|switch|p1a: Blissey|Blissey, F|100\/100\n|\n|-damage|p2a: Marshadow|88\/100 brn|[from] brn\n|upkeep\n|turn|29\n|\n|t:|1700454473\n|switch|p1a: Talonflame|Talonflame, M|74\/100\n|move|p2a: Marshadow|Rock Tomb|p1a: Talonflame\n|-supereffective|p1a: Talonflame\n|-damage|p1a: Talonflame|0 fnt\n|faint|p1a: Talonflame\n|\n|-damage|p2a: Marshadow|82\/100 brn|[from] brn\n|upkeep\n|\n|t:|1700454483\n|switch|p1a: Alomomola|Alomomola, F|59\/100\n|turn|30\n|c| Forzarismo|damn the prediction\n|c| Forzarismo|that was cool\n|\n|t:|1700454506\n|switch|p2a: Chien-Pao|Chien-Pao|100\/100\n|-ability|p2a: Chien-Pao|Sword of Ruin\n|move|p1a: Alomomola|Wish|p1a: Alomomola\n|\n|upkeep\n|turn|31\n|c|\u2606flushedXDDCC|i am the anti stall\n|\n|t:|1700454518\n|move|p1a: Alomomola|Protect|p1a: Alomomola\n|-singleturn|p1a: Alomomola|Protect\n|move|p2a: Chien-Pao|Swords Dance|p2a: Chien-Pao\n|-boost|p2a: Chien-Pao|atk|2\n|\n|-heal|p1a: Alomomola|100\/100|[from] move: Wish|[wisher] Alomomola\n|upkeep\n|turn|32\n|\n|t:|1700454528\n|move|p2a: Chien-Pao|Swords Dance|p2a: Chien-Pao\n|-boost|p2a: Chien-Pao|atk|2\n|move|p1a: Alomomola|Wish|p1a: Alomomola\n|\n|upkeep\n|turn|33\n|\n|t:|1700454535\n|move|p2a: Chien-Pao|Swords Dance|p2a: Chien-Pao\n|-boost|p2a: Chien-Pao|atk|2\n|move|p1a: Alomomola|Whirlpool|p2a: Chien-Pao\n|-damage|p2a: Chien-Pao|91\/100\n|-activate|p2a: Chien-Pao|move: Whirlpool|[of] p1a: Alomomola\n|\n|-damage|p2a: Chien-Pao|78\/100|[from] move: Whirlpool|[partiallytrapped]\n|upkeep\n|turn|34\n|\n|t:|1700454545\n|move|p1a: Alomomola|Protect|p1a: Alomomola\n|-singleturn|p1a: Alomomola|Protect\n|move|p2a: Chien-Pao|Crunch|p1a: Alomomola\n|-activate|p1a: Alomomola|move: Protect\n|\n|-damage|p2a: Chien-Pao|66\/100|[from] move: Whirlpool|[partiallytrapped]\n|upkeep\n|turn|35\n|c| Forzarismo|anti-stall indeed\n|\n|t:|1700454552\n|move|p2a: Chien-Pao|Crunch|p1a: Alomomola\n|-damage|p1a: Alomomola|0 fnt\n|faint|p1a: Alomomola\n|\n|-end|p2a: Chien-Pao|Whirlpool|[partiallytrapped]|[silent]\n|upkeep\n|\n|t:|1700454556\n|switch|p1a: Blissey|Blissey, F|100\/100\n|turn|36\n|c| Forzarismo|+6 atk\n|c| Forzarismo|gg\n|c|\u2606UwUSylveonn|GG\n|\n|t:|1700454564\n|move|p2a: Chien-Pao|Crunch|p1a: Blissey\n|-damage|p1a: Blissey|0 fnt\n|faint|p1a: Blissey\n|\n|win|flushedXDDCC\n|c|\u2606flushedXDDCC|gg\n|c| Forzarismo|well played yall\n|l|\u2606UwUSylveonn\n|c| Forzarismo|that was a good match\n","uploadtime":1700454583,"views":5,"p1id":"uwusylveonn","p2id":"flushedxddcc","formatid":"gen9nationaldexubers","rating":0,"private":0,"password":""}