{"id":"gen9nationaldexubers-1979479575","p1":"femurdeeznuts","p2":"Dragonnightwing","format":"[Gen 9] National Dex Ubers","log":"|j|\u2606femurdeeznuts\n|j|\u2606Dragonnightwing\n|t:|1698685962\n|gametype|singles\n|player|p1|femurdeeznuts|266|\n|player|p2|Dragonnightwing|lance|\n|teamsize|p1|6\n|teamsize|p2|6\n|gen|9\n|tier|[Gen 9] National Dex Ubers\n|rule|HP Percentage Mod: HP is shown in percentages\n|rule|Endless Battle Clause: Forcing endless battles is banned\n|rule|OHKO Clause: OHKO moves are banned\n|rule|Evasion Moves Clause: Evasion moves are banned\n|rule|Evasion Items Clause: Evasion items are banned\n|rule|Species Clause: Limit one of each Pok\u00e9mon\n|rule|Sleep Clause Mod: Limit one foe put to sleep\n|rule|Mega Rayquaza Clause: You cannot mega evolve Rayquaza\n|clearpoke\n|poke|p1|Altaria, F|\n|poke|p1|Hatterene, F|\n|poke|p1|Slurpuff, M|\n|poke|p1|Klefki, M|\n|poke|p1|Grimmsnarl, M|\n|poke|p1|Ribombee, F|\n|poke|p2|Corviknight, F|\n|poke|p2|Empoleon, M|\n|poke|p2|Duraludon, M|\n|poke|p2|Aegislash, F|\n|poke|p2|Metagross|\n|poke|p2|Kingambit, F|\n|teampreview\n|inactive|Battle timer is ON: inactive players will automatically lose when time's up. (requested by femurdeeznuts)\n|c|\u2606femurdeeznuts|wait are you challenging or am i\n|inactiveoff|Battle timer is now OFF.\n|c|\u2606Dragonnightwing|Me challenge you\n|c|\u2606femurdeeznuts|oh\n|c|\u2606Dragonnightwing|I'm just using my gym guys\n|c|\u2606femurdeeznuts|ok\n|\n|t:|1698686017\n|start\n|switch|p1a: Homicidal Maniac|Ribombee, F|100\/100\n|switch|p2a: Sire|Corviknight, F|100\/100\n|-ability|p2a: Sire|Pressure\n|turn|1\n|\n|t:|1698686030\n|move|p1a: Homicidal Maniac|Stun Spore|p2a: Sire\n|-status|p2a: Sire|par\n|move|p2a: Sire|Drill Peck|p1a: Homicidal Maniac\n|-supereffective|p1a: Homicidal Maniac\n|-damage|p1a: Homicidal Maniac|1\/100\n|\n|upkeep\n|turn|2\n|\n|t:|1698686040\n|move|p1a: Homicidal Maniac|Sticky Web|p2a: Sire\n|-sidestart|p2: Dragonnightwing|move: Sticky Web\n|move|p2a: Sire|Drill Peck|p1a: Homicidal Maniac\n|-supereffective|p1a: Homicidal Maniac\n|-damage|p1a: Homicidal Maniac|0 fnt\n|faint|p1a: Homicidal Maniac\n|\n|upkeep\n|\n|t:|1698686048\n|switch|p1a: Funny Lil' Guy|Grimmsnarl, M|100\/100\n|turn|3\n|\n|t:|1698686073\n|move|p1a: Funny Lil' Guy|Reflect|p1a: Funny Lil' Guy\n|-sidestart|p1: femurdeeznuts|Reflect\n|move|p2a: Sire|U-turn|p1a: Funny Lil' Guy\n|-damage|p1a: Funny Lil' Guy|95\/100\n|\n|t:|1698686083\n|switch|p2a: Napoleon|Empoleon, M|100\/100|[from] U-turn\n|-activate|p2a: Napoleon|move: Sticky Web\n|-unboost|p2a: Napoleon|spe|1\n|-ability|p2a: Napoleon|Competitive|boost\n|-boost|p2a: Napoleon|spa|2\n|\n|upkeep\n|turn|4\n|\n|t:|1698686095\n|move|p1a: Funny Lil' Guy|Light Screen|p1a: Funny Lil' Guy\n|-sidestart|p1: femurdeeznuts|move: Light Screen\n|move|p2a: Napoleon|Surf|p1a: Funny Lil' Guy\n|-damage|p1a: Funny Lil' Guy|45\/100\n|\n|upkeep\n|turn|5\n|\n|t:|1698686103\n|move|p1a: Funny Lil' Guy|Parting Shot|p2a: Napoleon\n|-unboost|p2a: Napoleon|atk|1\n|-ability|p2a: Napoleon|Competitive|boost\n|-boost|p2a: Napoleon|spa|2\n|-unboost|p2a: Napoleon|spa|1\n|-ability|p2a: Napoleon|Competitive|boost\n|-boost|p2a: Napoleon|spa|2\n|c|\u2606femurdeeznuts|oh\n|c|\u2606femurdeeznuts|welp\n|c|\u2606femurdeeznuts|thats not good\n|\n|t:|1698686116\n|switch|p1a: Mommy? Sorry|Hatterene, F|100\/100|[from] Parting Shot\n|move|p2a: Napoleon|Flash Cannon|p1a: Mommy? Sorry\n|-supereffective|p1a: Mommy? Sorry\n|-damage|p1a: Mommy? Sorry|0 fnt\n|faint|p1a: Mommy? Sorry\n|\n|upkeep\n|\n|t:|1698686121\n|switch|p1a: Bird is The Word|Altaria, F|100\/100\n|turn|6\n|c|\u2606Dragonnightwing|Uh oh lol\n|\n|t:|1698686134\n|detailschange|p1a: Bird is The Word|Altaria-Mega, F\n|-mega|p1a: Bird is The Word|Altaria|Altarianite\n|move|p1a: Bird is The Word|Earthquake|p2a: Napoleon\n|-supereffective|p2a: Napoleon\n|-crit|p2a: Napoleon\n|-damage|p2a: Napoleon|0 fnt\n|faint|p2a: Napoleon\n|\n|upkeep\n|c|\u2606femurdeeznuts|crt mattered\n|c|\u2606femurdeeznuts|thank god\n|\n|t:|1698686152\n|switch|p2a: Sire|Corviknight, F|100\/100 par\n|-ability|p2a: Sire|Pressure\n|turn|7\n|\n|t:|1698686160\n|move|p1a: Bird is The Word|Dragon Dance|p1a: Bird is The Word\n|-boost|p1a: Bird is The Word|atk|1\n|-boost|p1a: Bird is The Word|spe|1\n|cant|p2a: Sire|par\n|\n|upkeep\n|turn|8\n|\n|t:|1698686166\n|move|p1a: Bird is The Word|Dragon Dance|p1a: Bird is The Word\n|-boost|p1a: Bird is The Word|atk|1\n|-boost|p1a: Bird is The Word|spe|1\n|move|p2a: Sire|Drill Peck|p1a: Bird is The Word\n|-damage|p1a: Bird is The Word|88\/100\n|\n|upkeep\n|turn|9\n|\n|t:|1698686177\n|move|p1a: Bird is The Word|Dragon Dance|p1a: Bird is The Word\n|-boost|p1a: Bird is The Word|atk|1\n|-boost|p1a: Bird is The Word|spe|1\n|cant|p2a: Sire|par\n|\n|upkeep\n|turn|10\n|\n|t:|1698686183\n|move|p1a: Bird is The Word|Dragon Dance|p1a: Bird is The Word\n|-boost|p1a: Bird is The Word|atk|1\n|-boost|p1a: Bird is The Word|spe|1\n|move|p2a: Sire|Drill Peck|p1a: Bird is The Word\n|-damage|p1a: Bird is The Word|74\/100\n|\n|-sideend|p1: femurdeeznuts|Reflect\n|upkeep\n|turn|11\n|\n|t:|1698686191\n|move|p1a: Bird is The Word|Double-Edge|p2a: Sire\n|-resisted|p2a: Sire\n|-damage|p2a: Sire|30\/100 par\n|-damage|p1a: Bird is The Word|58\/100|[from] item: Rocky Helmet|[of] p2a: Sire\n|-damage|p1a: Bird is The Word|26\/100|[from] Recoil\n|move|p2a: Sire|Drill Peck|p1a: Bird is The Word\n|-damage|p1a: Bird is The Word|0 fnt\n|faint|p1a: Bird is The Word\n|\n|-sideend|p1: femurdeeznuts|move: Light Screen\n|upkeep\n|\n|t:|1698686202\n|switch|p1a: Funny Lil' Guy|Grimmsnarl, M|45\/100\n|turn|12\n|\n|t:|1698686206\n|move|p1a: Funny Lil' Guy|Reflect|p1a: Funny Lil' Guy\n|-sidestart|p1: femurdeeznuts|Reflect\n|cant|p2a: Sire|par\n|\n|upkeep\n|turn|13\n|\n|t:|1698686212\n|move|p1a: Funny Lil' Guy|Light Screen|p1a: Funny Lil' Guy\n|-sidestart|p1: femurdeeznuts|move: Light Screen\n|cant|p2a: Sire|par\n|\n|upkeep\n|turn|14\n|\n|t:|1698686217\n|move|p1a: Funny Lil' Guy|Parting Shot|p2a: Sire\n|-unboost|p2a: Sire|atk|1\n|-unboost|p2a: Sire|spa|1\n|\n|t:|1698686222\n|switch|p1a: RE2 Licker|Slurpuff, M|100\/100|[from] Parting Shot\n|move|p2a: Sire|U-turn|p1a: RE2 Licker\n|-resisted|p1a: RE2 Licker\n|-damage|p1a: RE2 Licker|96\/100\n|\n|t:|1698686234\n|switch|p2a: Agatha|Aegislash, F|100\/100|[from] U-turn\n|-activate|p2a: Agatha|move: Sticky Web\n|-unboost|p2a: Agatha|spe|1\n|\n|upkeep\n|turn|15\n|\n|t:|1698686246\n|move|p1a: RE2 Licker|Belly Drum|p1a: RE2 Licker\n|-damage|p1a: RE2 Licker|46\/100\n|-setboost|p1a: RE2 Licker|atk|6|[from] move: Belly Drum\n|-enditem|p1a: RE2 Licker|Sitrus Berry|[eat]\n|-heal|p1a: RE2 Licker|71\/100|[from] item: Sitrus Berry\n|-formechange|p2a: Agatha|Aegislash-Blade||[from] ability: Stance Change\n|move|p2a: Agatha|Air Slash|p1a: RE2 Licker\n|-damage|p1a: RE2 Licker|50\/100\n|\n|upkeep\n|turn|16\n|\n|t:|1698686259\n|-terastallize|p1a: RE2 Licker|Fairy\n|move|p1a: RE2 Licker|Play Rough|p2a: Agatha\n|-resisted|p2a: Agatha\n|-damage|p2a: Agatha|0 fnt\n|faint|p2a: Agatha\n|\n|upkeep\n|\n|t:|1698686269\n|switch|p2a: Donnie|Duraludon, M|100\/100\n|-activate|p2a: Donnie|move: Sticky Web\n|-unboost|p2a: Donnie|spe|1\n|turn|17\n|\n|t:|1698686281\n|move|p1a: RE2 Licker|Drain Punch|p2a: Donnie\n|-supereffective|p2a: Donnie\n|-damage|p2a: Donnie|0 fnt\n|-heal|p1a: RE2 Licker|100\/100|[from] drain|[of] p2a: Donnie\n|faint|p2a: Donnie\n|\n|upkeep\n|\n|t:|1698686289\n|switch|p2a: Sire|Corviknight, F|30\/100 par\n|-ability|p2a: Sire|Pressure\n|turn|18\n|\n|t:|1698686299\n|move|p1a: RE2 Licker|Drain Punch|p2a: Sire\n|-damage|p2a: Sire|0 fnt\n|-damage|p1a: RE2 Licker|84\/100|[from] item: Rocky Helmet|[of] p2a: Sire\n|faint|p2a: Sire\n|\n|upkeep\n|\n|t:|1698686306\n|switch|p2a: Shelldon|Metagross|100\/100\n|-activate|p2a: Shelldon|move: Sticky Web\n|-fail|p2a: Shelldon|unboost|[from] ability: Clear Body|[of] p2a: Shelldon\n|turn|19\n|\n|t:|1698686314\n|move|p1a: RE2 Licker|Drain Punch|p2a: Shelldon\n|-damage|p2a: Shelldon|43\/100\n|-heal|p1a: RE2 Licker|100\/100|[from] drain|[of] p2a: Shelldon\n|move|p2a: Shelldon|Meteor Mash|p1a: RE2 Licker\n|-supereffective|p1a: RE2 Licker\n|-damage|p1a: RE2 Licker|31\/100\n|\n|-sideend|p1: femurdeeznuts|Reflect\n|upkeep\n|turn|20\n|\n|t:|1698686324\n|move|p1a: RE2 Licker|Drain Punch|p2a: Shelldon\n|-damage|p2a: Shelldon|0 fnt\n|-heal|p1a: RE2 Licker|59\/100|[from] drain|[of] p2a: Shelldon\n|faint|p2a: Shelldon\n|\n|-sideend|p1: femurdeeznuts|move: Light Screen\n|upkeep\n|\n|t:|1698686332\n|switch|p2a: Chess|Kingambit, F|100\/100\n|-activate|p2a: Chess|move: Sticky Web\n|-unboost|p2a: Chess|spe|1\n|-activate|p2a: Chess|ability: Supreme Overlord\n|-start|p2a: Chess|fallen5|[silent]\n|turn|21\n|\n|t:|1698686338\n|move|p2a: Chess|Sucker Punch|p1a: RE2 Licker\n|-resisted|p1a: RE2 Licker\n|-crit|p1a: RE2 Licker\n|-damage|p1a: RE2 Licker|0 fnt\n|faint|p1a: RE2 Licker\n|\n|upkeep\n|c|\u2606femurdeeznuts|:(\n|\n|t:|1698686344\n|switch|p1a: Funny Lil' Guy|Grimmsnarl, M|45\/100\n|turn|22\n|\n|t:|1698686353\n|move|p1a: Funny Lil' Guy|Reflect|p1a: Funny Lil' Guy\n|-sidestart|p1: femurdeeznuts|Reflect\n|move|p2a: Chess|Sucker Punch||[still]\n|-fail|p2a: Chess\n|\n|upkeep\n|turn|23\n|\n|t:|1698686363\n|move|p1a: Funny Lil' Guy|Spirit Break|p2a: Chess\n|-damage|p2a: Chess|77\/100\n|-unboost|p2a: Chess|spa|1\n|move|p2a: Chess|Kowtow Cleave|p1a: Funny Lil' Guy\n|-resisted|p1a: Funny Lil' Guy\n|-damage|p1a: Funny Lil' Guy|38\/100\n|\n|upkeep\n|turn|24\n|c|\u2606femurdeeznuts|wait are you band\n|c|\u2606femurdeeznuts|nevermind\n|\n|t:|1698686372\n|move|p2a: Chess|Sucker Punch|p1a: Funny Lil' Guy\n|-resisted|p1a: Funny Lil' Guy\n|-damage|p1a: Funny Lil' Guy|32\/100\n|move|p1a: Funny Lil' Guy|Spirit Break|p2a: Chess\n|-damage|p2a: Chess|56\/100\n|-unboost|p2a: Chess|spa|1\n|\n|upkeep\n|turn|25\n|\n|t:|1698686386\n|move|p1a: Funny Lil' Guy|Spirit Break|p2a: Chess\n|-damage|p2a: Chess|35\/100\n|-unboost|p2a: Chess|spa|1\n|move|p2a: Chess|Facade|p1a: Funny Lil' Guy\n|-damage|p1a: Funny Lil' Guy|15\/100\n|\n|upkeep\n|turn|26\n|\n|t:|1698686396\n|move|p1a: Funny Lil' Guy|Spirit Break|p2a: Chess\n|-crit|p2a: Chess\n|-damage|p2a: Chess|2\/100\n|-unboost|p2a: Chess|spa|1\n|move|p2a: Chess|Facade|p1a: Funny Lil' Guy\n|-damage|p1a: Funny Lil' Guy|0 fnt\n|faint|p1a: Funny Lil' Guy\n|\n|upkeep\n|\n|t:|1698686399\n|switch|p1a: W.O.M.D|Klefki, M|100\/100\n|turn|27\n|\n|t:|1698686409\n|move|p2a: Chess|Sucker Punch|p1a: W.O.M.D\n|-resisted|p1a: W.O.M.D\n|-damage|p1a: W.O.M.D|87\/100\n|move|p1a: W.O.M.D|Foul Play|p2a: Chess\n|-resisted|p2a: Chess\n|-damage|p2a: Chess|0 fnt\n|faint|p2a: Chess\n|-end|p2a: Chess|fallen5|[silent]\n|\n|win|femurdeeznuts\n|c|\u2606femurdeeznuts|gg\n|c|\u2606Dragonnightwing|Gg\n|c|\u2606femurdeeznuts|i gotta go now, so I can\n|c|\u2606femurdeeznuts|can't rematch\n|l|\u2606femurdeeznuts\n|c|\u2606Dragonnightwing|Ok, cya\n","uploadtime":1698686443,"views":17,"p1id":"femurdeeznuts","p2id":"dragonnightwing","formatid":"gen9nationaldexubers","rating":0,"private":0,"password":""}