{"id":"gen9nationaldexubers-1980462223","p1":"Cocodabarbie","p2":"Durantbigbigger","format":"[Gen 9] National Dex Ubers","log":"|j|\u2606Cocodabarbie\n|j|\u2606Durantbigbigger\n|t:|1698787178\n|gametype|singles\n|player|p1|Cocodabarbie|waiter-gen4dp|\n|player|p2|Durantbigbigger|scientist-gen4dp|\n|teamsize|p1|6\n|teamsize|p2|6\n|gen|9\n|tier|[Gen 9] National Dex Ubers\n|rule|HP Percentage Mod: HP is shown in percentages\n|rule|Endless Battle Clause: Forcing endless battles is banned\n|rule|OHKO Clause: OHKO moves are banned\n|rule|Evasion Moves Clause: Evasion moves are banned\n|rule|Evasion Items Clause: Evasion items are banned\n|rule|Species Clause: Limit one of each Pok\u00e9mon\n|rule|Sleep Clause Mod: Limit one foe put to sleep\n|rule|Mega Rayquaza Clause: You cannot mega evolve Rayquaza\n|clearpoke\n|poke|p1|Kartana|\n|poke|p1|Mawile, F|\n|poke|p1|Bronzong|\n|poke|p1|Stakataka|\n|poke|p1|Steelix, M|\n|poke|p1|Celesteela|\n|poke|p2|Kangaskhan, F|\n|poke|p2|Exploud, M|\n|poke|p2|Cyclizar, F|\n|poke|p2|Blissey, F|\n|poke|p2|Maushold|\n|poke|p2|Arboliva, M|\n|teampreview\n|inactive|Battle timer is ON: inactive players will automatically lose when time's up. (requested by Durantbigbigger)\n|\n|t:|1698787191\n|start\n|switch|p1a: Bronzong|Bronzong|100\/100\n|switch|p2a: Cyclizar|Cyclizar, F, shiny|100\/100\n|turn|1\n|\n|t:|1698787199\n|move|p2a: Cyclizar|Shed Tail|p2a: Cyclizar\n|-start|p2a: Cyclizar|Substitute|[from] move: Shed Tail\n|-damage|p2a: Cyclizar|50\/100\n|-enditem|p2a: Cyclizar|Sitrus Berry|[eat]\n|-heal|p2a: Cyclizar|75\/100|[from] item: Sitrus Berry\n|\n|t:|1698787206\n|switch|p2a: Kangaskhan|Kangaskhan, F, shiny|100\/100|[from] Shed Tail\n|move|p1a: Bronzong|Trick Room|p1a: Bronzong\n|-fieldstart|move: Trick Room|[of] p1a: Bronzong\n|\n|upkeep\n|turn|2\n|\n|t:|1698787214\n|detailschange|p2a: Kangaskhan|Kangaskhan-Mega, F, shiny\n|-mega|p2a: Kangaskhan|Kangaskhan|Kangaskhanite\n|move|p1a: Bronzong|Iron Defense|p1a: Bronzong\n|-boost|p1a: Bronzong|def|2\n|move|p2a: Kangaskhan|Power-Up Punch|p1a: Bronzong\n|-damage|p1a: Bronzong|95\/100\n|-boost|p2a: Kangaskhan|atk|1\n|-damage|p1a: Bronzong|92\/100\n|-boost|p2a: Kangaskhan|atk|1\n|-hitcount|p1a: Bronzong|2\n|\n|upkeep\n|turn|3\n|\n|t:|1698787231\n|move|p1a: Bronzong|Iron Defense|p1a: Bronzong\n|-boost|p1a: Bronzong|def|2\n|move|p2a: Kangaskhan|Power-Up Punch|p1a: Bronzong\n|-crit|p1a: Bronzong\n|-damage|p1a: Bronzong|55\/100\n|-boost|p2a: Kangaskhan|atk|1\n|-damage|p1a: Bronzong|53\/100\n|-boost|p2a: Kangaskhan|atk|1\n|-hitcount|p1a: Bronzong|2\n|\n|upkeep\n|turn|4\n|\n|t:|1698787245\n|move|p1a: Bronzong|Iron Defense|p1a: Bronzong\n|-boost|p1a: Bronzong|def|2\n|move|p2a: Kangaskhan|Power-Up Punch|p1a: Bronzong\n|-damage|p1a: Bronzong|44\/100\n|-boost|p2a: Kangaskhan|atk|1\n|-enditem|p1a: Bronzong|Sitrus Berry|[eat]\n|-heal|p1a: Bronzong|69\/100|[from] item: Sitrus Berry\n|-damage|p1a: Bronzong|66\/100\n|-boost|p2a: Kangaskhan|atk|1\n|-hitcount|p1a: Bronzong|2\n|\n|upkeep\n|turn|5\n|\n|t:|1698787257\n|move|p2a: Kangaskhan|Sucker Punch|p1a: Bronzong\n|-supereffective|p1a: Bronzong\n|-damage|p1a: Bronzong|27\/100\n|-supereffective|p1a: Bronzong\n|-damage|p1a: Bronzong|17\/100\n|-hitcount|p1a: Bronzong|2\n|move|p1a: Bronzong|Body Press|p2a: Kangaskhan\n|-supereffective|p2a: Kangaskhan\n|-end|p2a: Kangaskhan|Substitute\n|\n|-fieldend|move: Trick Room\n|upkeep\n|turn|6\n|\n|t:|1698787278\n|move|p2a: Kangaskhan|Drain Punch|p1a: Bronzong\n|-damage|p1a: Bronzong|0 fnt\n|faint|p1a: Bronzong\n|-hitcount|p1: Bronzong|1\n|\n|upkeep\n|\n|t:|1698787286\n|switch|p1a: Celesteela|Celesteela|100\/100\n|turn|7\n|\n|t:|1698787298\n|switch|p2a: Arboliva|Arboliva, M, shiny|100\/100\n|move|p1a: Celesteela|Skull Bash||[still]\n|-prepare|p1a: Celesteela|Skull Bash\n|-boost|p1a: Celesteela|def|1\n|-enditem|p1a: Celesteela|Power Herb\n|-anim|p1a: Celesteela|Skull Bash|p2a: Arboliva\n|-damage|p2a: Arboliva|69\/100\n|\n|upkeep\n|turn|8\n|inactive|Cocodabarbie has 270 seconds left.\n|\n|t:|1698787315\n|move|p2a: Arboliva|Protect|p2a: Arboliva\n|-singleturn|p2a: Arboliva|Protect\n|move|p1a: Celesteela|Solar Beam||[still]\n|-prepare|p1a: Celesteela|Solar Beam\n|\n|upkeep\n|turn|9\n|\n|t:|1698787324\n|move|p1a: Celesteela|Solar Beam|p2a: Arboliva|[from]lockedmove\n|-resisted|p2a: Arboliva\n|-damage|p2a: Arboliva|55\/100\n|move|p2a: Arboliva|Substitute|p2a: Arboliva\n|-start|p2a: Arboliva|Substitute\n|-damage|p2a: Arboliva|30\/100\n|-enditem|p2a: Arboliva|Sitrus Berry|[eat]\n|-heal|p2a: Arboliva|55\/100|[from] item: Sitrus Berry\n|\n|upkeep\n|turn|10\n|inactive|Cocodabarbie has 270 seconds left.\n|\n|t:|1698787339\n|move|p1a: Celesteela|Skull Bash||[still]\n|-prepare|p1a: Celesteela|Skull Bash\n|-boost|p1a: Celesteela|def|1\n|move|p2a: Arboliva|Leech Seed|p1a: Celesteela\n|-start|p1a: Celesteela|move: Leech Seed\n|\n|-damage|p1a: Celesteela|88\/100|[from] Leech Seed|[of] p2a: Arboliva\n|-heal|p2a: Arboliva|69\/100|[silent]\n|-item|p2a: Arboliva|Sitrus Berry|[from] ability: Harvest\n|upkeep\n|turn|11\n|inactive|Cocodabarbie has 270 seconds left.\n|\n|t:|1698787356\n|move|p1a: Celesteela|Skull Bash|p2a: Arboliva|[from]lockedmove\n|-end|p2a: Arboliva|Substitute\n|move|p2a: Arboliva|Strength Sap|p1a: Celesteela\n|-unboost|p1a: Celesteela|atk|1\n|-heal|p2a: Arboliva|100\/100\n|\n|-damage|p1a: Celesteela|76\/100|[from] Leech Seed|[of] p2a: Arboliva\n|upkeep\n|turn|12\n|inactive|Cocodabarbie has 270 seconds left.\n|\n|t:|1698787369\n|switch|p2a: Blissey|Blissey, F|100\/100\n|move|p1a: Celesteela|Skull Bash||[still]\n|-prepare|p1a: Celesteela|Skull Bash\n|-boost|p1a: Celesteela|def|1\n|\n|-damage|p1a: Celesteela|64\/100|[from] Leech Seed|[of] p2a: Blissey\n|upkeep\n|turn|13\n|\n|t:|1698787379\n|move|p1a: Celesteela|Skull Bash|p2a: Blissey|[from]lockedmove\n|-damage|p2a: Blissey|82\/100\n|move|p2a: Blissey|Counter|p1a: Celesteela\n|-damage|p1a: Celesteela|0 fnt\n|faint|p1a: Celesteela\n|\n|-heal|p2a: Blissey|88\/100|[from] item: Leftovers\n|upkeep\n|inactive|Cocodabarbie has 270 seconds left.\n|\n|t:|1698787390\n|switch|p1a: Kartana|Kartana|100\/100\n|turn|14\n|\n|t:|1698787396\n|move|p1a: Kartana|Sacred Sword|p2a: Blissey\n|-supereffective|p2a: Blissey\n|-damage|p2a: Blissey|5\/100\n|-damage|p1a: Kartana|91\/100|[from] item: Life Orb\n|move|p2a: Blissey|Soft-Boiled|p2a: Blissey\n|-heal|p2a: Blissey|55\/100\n|\n|-heal|p2a: Blissey|61\/100|[from] item: Leftovers\n|upkeep\n|turn|15\n|\n|t:|1698787419\n|move|p1a: Kartana|Sacred Sword|p2a: Blissey\n|-supereffective|p2a: Blissey\n|-damage|p2a: Blissey|0 fnt\n|faint|p2a: Blissey\n|-ability|p1a: Kartana|Beast Boost|boost\n|-boost|p1a: Kartana|atk|1\n|-damage|p1a: Kartana|81\/100|[from] item: Life Orb\n|\n|upkeep\n|\n|t:|1698787433\n|switch|p2a: Exploud|Exploud, M, shiny|100\/100\n|turn|16\n|\n|t:|1698787449\n|move|p1a: Kartana|Sacred Sword|p2a: Exploud\n|-supereffective|p2a: Exploud\n|-damage|p2a: Exploud|0 fnt\n|faint|p2a: Exploud\n|-ability|p1a: Kartana|Beast Boost|boost\n|-boost|p1a: Kartana|atk|1\n|-damage|p1a: Kartana|72\/100|[from] item: Life Orb\n|\n|upkeep\n|\n|t:|1698787457\n|switch|p2a: Cyclizar|Cyclizar, F, shiny|100\/100\n|turn|17\n|\n|t:|1698787472\n|move|p2a: Cyclizar|Knock Off|p1a: Kartana\n|-crit|p1a: Kartana\n|-damage|p1a: Kartana|29\/100\n|-enditem|p1a: Kartana|Life Orb|[from] move: Knock Off|[of] p2a: Cyclizar\n|move|p1a: Kartana|Sacred Sword|p2a: Cyclizar\n|-supereffective|p2a: Cyclizar\n|-damage|p2a: Cyclizar|0 fnt\n|faint|p2a: Cyclizar\n|-ability|p1a: Kartana|Beast Boost|boost\n|-boost|p1a: Kartana|atk|1\n|\n|upkeep\n|\n|t:|1698787484\n|switch|p2a: Maushold|Maushold, shiny|100\/100\n|turn|18\n|inactive|Durantbigbigger has 270 seconds left.\n|\n|t:|1698787504\n|move|p2a: Maushold|Population Bomb|p1a: Kartana|[miss]\n|-miss|p2a: Maushold|p1a: Kartana\n|move|p1a: Kartana|Sacred Sword|p2a: Maushold\n|-supereffective|p2a: Maushold\n|-damage|p2a: Maushold|0 fnt\n|faint|p2a: Maushold\n|-ability|p1a: Kartana|Beast Boost|boost\n|-boost|p1a: Kartana|atk|1\n|\n|upkeep\n|inactive|Durantbigbigger has 270 seconds left.\n|\n|t:|1698787514\n|switch|p2a: Kangaskhan|Kangaskhan-Mega, F, shiny|100\/100\n|turn|19\n|inactive|Durantbigbigger has 270 seconds left.\n|\n|t:|1698787533\n|move|p2a: Kangaskhan|Sucker Punch|p1a: Kartana\n|-damage|p1a: Kartana|6\/100\n|-damage|p1a: Kartana|0 fnt\n|faint|p1a: Kartana\n|-hitcount|p1: Kartana|2\n|\n|upkeep\n|\n|t:|1698787540\n|switch|p1a: Mawile|Mawile, F|100\/100\n|turn|20\n|\n|t:|1698787547\n|detailschange|p1a: Mawile|Mawile-Mega, F\n|-mega|p1a: Mawile|Mawile|Mawilite\n|move|p2a: Kangaskhan|Drain Punch|p1a: Mawile\n|-damage|p1a: Mawile|77\/100\n|-damage|p1a: Mawile|72\/100\n|-hitcount|p1a: Mawile|2\n|move|p1a: Mawile|Draining Kiss|p2a: Kangaskhan\n|-damage|p2a: Kangaskhan|89\/100\n|-heal|p1a: Mawile|81\/100|[from] drain|[of] p2a: Kangaskhan\n|\n|upkeep\n|turn|21\n|inactive|Durantbigbigger has 270 seconds left.\n|\n|t:|1698787564\n|move|p2a: Kangaskhan|Power-Up Punch|p1a: Mawile\n|-damage|p1a: Mawile|67\/100\n|-boost|p2a: Kangaskhan|atk|1\n|-damage|p1a: Mawile|63\/100\n|-boost|p2a: Kangaskhan|atk|1\n|-hitcount|p1a: Mawile|2\n|move|p1a: Mawile|Brick Break|p2a: Kangaskhan\n|-supereffective|p2a: Kangaskhan\n|-damage|p2a: Kangaskhan|0 fnt\n|faint|p2a: Kangaskhan\n|\n|upkeep\n|inactive|Durantbigbigger has 270 seconds left.\n|\n|t:|1698787576\n|switch|p2a: Arboliva|Arboliva, M, shiny|100\/100\n|turn|22\n|inactive|Durantbigbigger has 270 seconds left.\n|\n|t:|1698787583\n|move|p1a: Mawile|Brick Break|p2a: Arboliva\n|-supereffective|p2a: Arboliva\n|-damage|p2a: Arboliva|0 fnt\n|faint|p2a: Arboliva\n|\n|win|Cocodabarbie\n|l|\u2606Durantbigbigger\n","uploadtime":1698787597,"views":5,"p1id":"cocodabarbie","p2id":"durantbigbigger","formatid":"gen9nationaldexubers","rating":0,"private":0,"password":""}