{"id":"gen9nationaldexubers-1994518177","p1":"momfr","p2":"Webweber","format":"[Gen 9] National Dex Ubers","log":"|j|\u2606momfr\n|j|\u2606Webweber\n|t:|1700453586\n|gametype|singles\n|player|p1|momfr|265|1177\n|player|p2|Webweber|li|1231\n|teamsize|p1|6\n|teamsize|p2|6\n|gen|9\n|tier|[Gen 9] National Dex Ubers\n|rated|\n|rule|HP Percentage Mod: HP is shown in percentages\n|rule|Endless Battle Clause: Forcing endless battles is banned\n|rule|OHKO Clause: OHKO moves are banned\n|rule|Evasion Moves Clause: Evasion moves are banned\n|rule|Evasion Items Clause: Evasion items are banned\n|rule|Species Clause: Limit one of each Pok\u00e9mon\n|rule|Sleep Clause Mod: Limit one foe put to sleep\n|rule|Mega Rayquaza Clause: You cannot mega evolve Rayquaza\n|clearpoke\n|poke|p1|Deoxys-Attack|\n|poke|p1|Gliscor, M|\n|poke|p1|Darkrai|\n|poke|p1|Dragonite, F|\n|poke|p1|Mewtwo|\n|poke|p1|Rayquaza|\n|poke|p2|Regidrago|\n|poke|p2|Galvantula, F|\n|poke|p2|Gallade, M|\n|poke|p2|Grimmsnarl, M|\n|poke|p2|Gholdengo|\n|poke|p2|Great Tusk|\n|teampreview\n|j| kung fu pokechu\n|\n|t:|1700453603\n|start\n|switch|p1a: KANTOOOOOOOOOOOOOO|Mewtwo|100\/100\n|switch|p2a: Grimmsnarl|Grimmsnarl, M|100\/100\n|-ability|p1a: KANTOOOOOOOOOOOOOO|Pressure\n|turn|1\n|\n|t:|1700453610\n|detailschange|p1a: KANTOOOOOOOOOOOOOO|Mewtwo-Mega-X\n|-mega|p1a: KANTOOOOOOOOOOOOOO|Mewtwo|Mewtwonite X\n|move|p2a: Grimmsnarl|Taunt|p1a: KANTOOOOOOOOOOOOOO\n|-start|p1a: KANTOOOOOOOOOOOOOO|move: Taunt\n|cant|p1a: KANTOOOOOOOOOOOOOO|move: Taunt|Taunt\n|\n|upkeep\n|turn|2\n|\n|t:|1700453622\n|switch|p1a: Stall is Evil|Darkrai|100\/100\n|move|p2a: Grimmsnarl|Reflect|p2a: Grimmsnarl\n|-sidestart|p2: Webweber|Reflect\n|\n|upkeep\n|turn|3\n|\n|t:|1700453628\n|move|p2a: Grimmsnarl|Light Screen|p2a: Grimmsnarl\n|-sidestart|p2: Webweber|move: Light Screen\n|move|p1a: Stall is Evil|Hypnosis|p2a: Grimmsnarl|[miss]\n|-miss|p1a: Stall is Evil|p2a: Grimmsnarl\n|\n|upkeep\n|turn|4\n|\n|t:|1700453631\n|move|p1a: Stall is Evil|Hypnosis|p2a: Grimmsnarl|[miss]\n|-miss|p1a: Stall is Evil|p2a: Grimmsnarl\n|move|p2a: Grimmsnarl|Spirit Break|p1a: Stall is Evil\n|-supereffective|p1a: Stall is Evil\n|-damage|p1a: Stall is Evil|53\/100\n|-unboost|p1a: Stall is Evil|spa|1\n|\n|-heal|p1a: Stall is Evil|59\/100|[from] item: Leftovers\n|upkeep\n|turn|5\n|\n|t:|1700453634\n|move|p1a: Stall is Evil|Hypnosis|p2a: Grimmsnarl\n|-status|p2a: Grimmsnarl|slp|[from] move: Hypnosis\n|cant|p2a: Grimmsnarl|slp\n|\n|-heal|p1a: Stall is Evil|65\/100|[from] item: Leftovers\n|-damage|p2a: Grimmsnarl|88\/100 slp|[from] ability: Bad Dreams|[of] p1a: Stall is Evil\n|upkeep\n|turn|6\n|\n|t:|1700453638\n|move|p1a: Stall is Evil|Nightmare|p2a: Grimmsnarl\n|-start|p2a: Grimmsnarl|Nightmare\n|cant|p2a: Grimmsnarl|slp\n|\n|-heal|p1a: Stall is Evil|71\/100|[from] item: Leftovers\n|-damage|p2a: Grimmsnarl|63\/100 slp|[from] Nightmare\n|-damage|p2a: Grimmsnarl|51\/100 slp|[from] ability: Bad Dreams|[of] p1a: Stall is Evil\n|upkeep\n|turn|7\n|\n|t:|1700453643\n|move|p1a: Stall is Evil|Protect|p1a: Stall is Evil\n|-singleturn|p1a: Stall is Evil|Protect\n|-curestatus|p2a: Grimmsnarl|slp|[msg]\n|-end|p2a: Grimmsnarl|Nightmare|[silent]\n|move|p2a: Grimmsnarl|Spirit Break|p1a: Stall is Evil\n|-activate|p1a: Stall is Evil|move: Protect\n|\n|-heal|p1a: Stall is Evil|77\/100|[from] item: Leftovers\n|upkeep\n|turn|8\n|\n|t:|1700453649\n|move|p1a: Stall is Evil|Hypnosis|p2a: Grimmsnarl\n|-status|p2a: Grimmsnarl|slp|[from] move: Hypnosis\n|cant|p2a: Grimmsnarl|slp\n|\n|-heal|p1a: Stall is Evil|83\/100|[from] item: Leftovers\n|-damage|p2a: Grimmsnarl|38\/100 slp|[from] ability: Bad Dreams|[of] p1a: Stall is Evil\n|upkeep\n|turn|9\n|\n|t:|1700453663\n|switch|p2a: Galvantula|Galvantula, F|100\/100\n|move|p1a: Stall is Evil|Nightmare||[still]\n|-fail|p1a: Stall is Evil\n|\n|-heal|p1a: Stall is Evil|89\/100|[from] item: Leftovers\n|-sideend|p2: Webweber|Reflect\n|upkeep\n|turn|10\n|\n|t:|1700453672\n|move|p2a: Galvantula|Sticky Web|p1a: Stall is Evil\n|-sidestart|p1: momfr|move: Sticky Web\n|move|p1a: Stall is Evil|Hypnosis|p2a: Galvantula\n|-message|Sleep Clause Mod activated.\n|-hint|Sleep Clause Mod prevents players from putting more than one of their opponent's Pok\u00e9mon to sleep at a time\n|\n|-heal|p1a: Stall is Evil|96\/100|[from] item: Leftovers\n|-sideend|p2: Webweber|move: Light Screen\n|upkeep\n|turn|11\n|\n|t:|1700453681\n|switch|p1a: Barney|Dragonite, F|100\/100\n|move|p2a: Galvantula|Thunder Wave|p1a: Barney\n|-status|p1a: Barney|par\n|-enditem|p1a: Barney|Lum Berry|[eat]\n|-curestatus|p1a: Barney|par|[msg]\n|\n|upkeep\n|turn|12\n|\n|t:|1700453690\n|switch|p1a: OJ Simpson|Gliscor, M|100\/100\n|move|p2a: Galvantula|Thunder Wave|p1a: OJ Simpson\n|-immune|p1a: OJ Simpson\n|\n|-status|p1a: OJ Simpson|tox|[from] item: Toxic Orb\n|upkeep\n|turn|13\n|\n|t:|1700453707\n|switch|p2a: Grimmsnarl|Grimmsnarl, M|38\/100 slp\n|move|p1a: OJ Simpson|Swords Dance|p1a: OJ Simpson\n|-boost|p1a: OJ Simpson|atk|2\n|\n|upkeep\n|turn|14\n|\n|t:|1700453714\n|-curestatus|p2a: Grimmsnarl|slp|[msg]\n|move|p2a: Grimmsnarl|Light Screen|p2a: Grimmsnarl\n|-sidestart|p2: Webweber|move: Light Screen\n|move|p1a: OJ Simpson|Facade|p2a: Grimmsnarl\n|-damage|p2a: Grimmsnarl|0 fnt\n|faint|p2a: Grimmsnarl\n|\n|upkeep\n|\n|t:|1700453716\n|switch|p2a: Gallade|Gallade, M|100\/100\n|turn|15\n|\n|t:|1700453724\n|-terastallize|p2a: Gallade|Water\n|move|p2a: Gallade|Aqua Cutter|p1a: OJ Simpson\n|-supereffective|p1a: OJ Simpson\n|-damage|p1a: OJ Simpson|18\/100 tox\n|move|p1a: OJ Simpson|Earthquake|p2a: Gallade\n|-damage|p2a: Gallade|0 fnt\n|faint|p2a: Gallade\n|\n|-heal|p1a: OJ Simpson|31\/100 tox|[from] ability: Poison Heal\n|upkeep\n|j| gayspotter2\n|\n|t:|1700453730\n|switch|p2a: Regidrago|Regidrago|100\/100\n|turn|16\n|\n|t:|1700453738\n|move|p2a: Regidrago|Dragon Energy|p1a: OJ Simpson\n|-damage|p1a: OJ Simpson|0 fnt\n|faint|p1a: OJ Simpson\n|\n|upkeep\n|\n|t:|1700453755\n|switch|p1a: Barney|Dragonite, F|100\/100\n|turn|17\n|\n|t:|1700453761\n|-terastallize|p1a: Barney|Normal\n|move|p1a: Barney|Extreme Speed|p2a: Regidrago\n|-damage|p2a: Regidrago|53\/100\n|move|p2a: Regidrago|Dragon Energy|p1a: Barney\n|-damage|p1a: Barney|62\/100\n|\n|upkeep\n|turn|18\n|\n|t:|1700453773\n|switch|p2a: Gholdengo|Gholdengo|100\/100\n|move|p1a: Barney|Dragon Dance|p1a: Barney\n|-boost|p1a: Barney|atk|1\n|-boost|p1a: Barney|spe|1\n|\n|upkeep\n|turn|19\n|\n|t:|1700453784\n|move|p1a: Barney|Outrage|p2a: Gholdengo\n|-resisted|p2a: Gholdengo\n|-damage|p2a: Gholdengo|57\/100\n|move|p2a: Gholdengo|Make It Rain|p1a: Barney\n|-damage|p1a: Barney|7\/100\n|-unboost|p2a: Gholdengo|spa|1\n|\n|-heal|p2a: Gholdengo|63\/100|[from] item: Leftovers\n|upkeep\n|turn|20\n|\n|t:|1700453797\n|move|p1a: Barney|Outrage|p2a: Gholdengo|[from]lockedmove\n|-resisted|p2a: Gholdengo\n|-damage|p2a: Gholdengo|16\/100\n|-start|p1a: Barney|confusion|[fatigue]\n|move|p2a: Gholdengo|Dazzling Gleam|p1a: Barney\n|-damage|p1a: Barney|0 fnt\n|faint|p1a: Barney\n|\n|-heal|p2a: Gholdengo|22\/100|[from] item: Leftovers\n|upkeep\n|\n|t:|1700453811\n|switch|p1a: GUF|Rayquaza|100\/100\n|-ability|p1a: GUF|Air Lock\n|turn|21\n|\n|t:|1700453823\n|move|p1a: GUF|Dragon Dance|p1a: GUF\n|-boost|p1a: GUF|atk|1\n|-boost|p1a: GUF|spe|1\n|move|p2a: Gholdengo|Dazzling Gleam|p1a: GUF\n|-supereffective|p1a: GUF\n|-crit|p1a: GUF\n|-damage|p1a: GUF|31\/100\n|\n|-heal|p2a: Gholdengo|28\/100|[from] item: Leftovers\n|-sideend|p2: Webweber|move: Light Screen\n|upkeep\n|turn|22\n|\n|t:|1700453829\n|move|p1a: GUF|Dragon Ascent|p2a: Gholdengo\n|-resisted|p2a: Gholdengo\n|-damage|p2a: Gholdengo|0 fnt\n|-unboost|p1a: GUF|def|1\n|-unboost|p1a: GUF|spd|1\n|faint|p2a: Gholdengo\n|-damage|p1a: GUF|21\/100|[from] item: Life Orb\n|\n|upkeep\n|\n|t:|1700453835\n|switch|p2a: Great Tusk|Great Tusk|100\/100\n|-enditem|p2a: Great Tusk|Booster Energy\n|-activate|p2a: Great Tusk|ability: Protosynthesis|[fromitem]\n|-start|p2a: Great Tusk|protosynthesisdef\n|turn|23\n|\n|t:|1700453840\n|move|p1a: GUF|Dragon Ascent|p2a: Great Tusk\n|-supereffective|p2a: Great Tusk\n|-damage|p2a: Great Tusk|0 fnt\n|-unboost|p1a: GUF|def|1\n|-unboost|p1a: GUF|spd|1\n|faint|p2a: Great Tusk\n|-end|p2a: Great Tusk|Protosynthesis|[silent]\n|-damage|p1a: GUF|11\/100|[from] item: Life Orb\n|\n|upkeep\n|\n|t:|1700453847\n|switch|p2a: Galvantula|Galvantula, F|100\/100\n|turn|24\n|\n|t:|1700453856\n|move|p1a: GUF|Dragon Ascent|p2a: Galvantula\n|-enditem|p2a: Galvantula|Focus Sash\n|-damage|p2a: Galvantula|1\/100\n|-unboost|p1a: GUF|def|1\n|-unboost|p1a: GUF|spd|1\n|-damage|p1a: GUF|1\/100|[from] item: Life Orb\n|move|p2a: Galvantula|Thunderbolt|p1a: GUF\n|-damage|p1a: GUF|0 fnt\n|faint|p1a: GUF\n|\n|upkeep\n|\n|t:|1700453869\n|switch|p1a: normie in space|Deoxys-Attack|100\/100\n|-activate|p1a: normie in space|move: Sticky Web\n|-unboost|p1a: normie in space|spe|1\n|-ability|p1a: normie in space|Pressure\n|turn|25\n|\n|t:|1700453874\n|move|p1a: normie in space|Extreme Speed|p2a: Galvantula\n|-damage|p2a: Galvantula|0 fnt\n|faint|p2a: Galvantula\n|\n|upkeep\n|\n|t:|1700453877\n|switch|p2a: Regidrago|Regidrago|53\/100\n|turn|26\n|\n|t:|1700453894\n|move|p1a: normie in space|Extreme Speed|p2a: Regidrago\n|-damage|p2a: Regidrago|11\/100\n|move|p2a: Regidrago|Earth Power|p1a: normie in space\n|-damage|p1a: normie in space|0 fnt\n|faint|p1a: normie in space\n|\n|upkeep\n|\n|t:|1700453901\n|switch|p1a: KANTOOOOOOOOOOOOOO|Mewtwo-Mega-X|100\/100\n|-activate|p1a: KANTOOOOOOOOOOOOOO|move: Sticky Web\n|-unboost|p1a: KANTOOOOOOOOOOOOOO|spe|1\n|turn|27\n|j| Adamanzane\n|\n|t:|1700453910\n|move|p2a: Regidrago|Earth Power|p1a: KANTOOOOOOOOOOOOOO\n|-damage|p1a: KANTOOOOOOOOOOOOOO|68\/100\n|move|p1a: KANTOOOOOOOOOOOOOO|Low Kick|p2a: Regidrago\n|-damage|p2a: Regidrago|0 fnt\n|faint|p2a: Regidrago\n|\n|win|momfr\n|raw|momfr's rating: 1177 &rarr; <strong>1206<\/strong><br \/>(+29 for winning)\n|raw|Webweber's rating: 1231 &rarr; <strong>1202<\/strong><br \/>(-29 for losing)\n|l|\u2606Webweber\n","uploadtime":1700453916,"views":4,"p1id":"momfr","p2id":"webweber","formatid":"gen9nationaldexubers","rating":1202,"private":0,"password":""}