{"id":"gen9nationaldexubers-1996661020","p1":"Ash Ketchum344","p2":"insanejokester","format":"[Gen 9] National Dex Ubers","log":"|j|\u2606Ash Ketchum344\n|j|\u2606insanejokester\n|t:|1700706493\n|gametype|singles\n|player|p1|Ash Ketchum344|lucas-gen4pt|1117\n|player|p2|insanejokester|flannery|1237\n|teamsize|p1|6\n|teamsize|p2|6\n|gen|9\n|tier|[Gen 9] National Dex Ubers\n|rated|\n|rule|HP Percentage Mod: HP is shown in percentages\n|rule|Endless Battle Clause: Forcing endless battles is banned\n|rule|OHKO Clause: OHKO moves are banned\n|rule|Evasion Moves Clause: Evasion moves are banned\n|rule|Evasion Items Clause: Evasion items are banned\n|rule|Species Clause: Limit one of each Pok\u00e9mon\n|rule|Sleep Clause Mod: Limit one foe put to sleep\n|rule|Mega Rayquaza Clause: You cannot mega evolve Rayquaza\n|clearpoke\n|poke|p1|Dracovish|\n|poke|p1|Gengar, M|\n|poke|p1|Dragonite, F|\n|poke|p1|Sirfetch\u2019d, M|\n|poke|p1|Lucario, M|\n|poke|p1|Pikachu, F|\n|poke|p2|Darmanitan-Galar, M|\n|poke|p2|Corsola-Galar, F|\n|poke|p2|Chansey, F|\n|poke|p2|Shaymin-Sky|\n|poke|p2|Arceus-Steel|\n|poke|p2|Yveltal|\n|teampreview\n|\n|t:|1700706501\n|start\n|switch|p1a: Pikachu|Pikachu, F|100\/100\n|switch|p2a: Darmanitan|Darmanitan-Galar, M|100\/100\n|turn|1\n|\n|t:|1700706506\n|move|p1a: Pikachu|Fake Out|p2a: Darmanitan\n|-damage|p2a: Darmanitan|73\/100\n|cant|p2a: Darmanitan|flinch\n|\n|upkeep\n|turn|2\n|\n|t:|1700706513\n|move|p1a: Pikachu|Extreme Speed|p2a: Darmanitan\n|-damage|p2a: Darmanitan|21\/100\n|move|p2a: Darmanitan|U-turn|p1a: Pikachu\n|-damage|p1a: Pikachu|0 fnt\n|faint|p1a: Pikachu\n|\n|t:|1700706525\n|switch|p2a: Shaymin|Shaymin-Sky|100\/100|[from] U-turn\n|\n|upkeep\n|\n|t:|1700706539\n|switch|p1a: Dragonite|Dragonite, F|100\/100\n|turn|3\n|\n|t:|1700706544\n|move|p2a: Shaymin|Air Slash|p1a: Dragonite\n|-damage|p1a: Dragonite|73\/100\n|-damage|p2a: Shaymin|91\/100|[from] item: Life Orb\n|move|p1a: Dragonite|Dragon Dance|p1a: Dragonite\n|-boost|p1a: Dragonite|atk|1\n|-boost|p1a: Dragonite|spe|1\n|\n|upkeep\n|turn|4\n|\n|t:|1700706555\n|switch|p2a: Arceus|Arceus-Steel|100\/100\n|move|p1a: Dragonite|Dragon Claw|p2a: Arceus\n|-resisted|p2a: Arceus\n|-damage|p2a: Arceus|80\/100\n|\n|upkeep\n|turn|5\n|\n|t:|1700706563\n|move|p1a: Dragonite|Dragon Dance|p1a: Dragonite\n|-boost|p1a: Dragonite|atk|1\n|-boost|p1a: Dragonite|spe|1\n|move|p2a: Arceus|Toxic|p1a: Dragonite\n|-status|p1a: Dragonite|tox\n|\n|-damage|p1a: Dragonite|66\/100 tox|[from] psn\n|upkeep\n|turn|6\n|\n|t:|1700706570\n|move|p1a: Dragonite|Dragon Claw|p2a: Arceus\n|-resisted|p2a: Arceus\n|-damage|p2a: Arceus|55\/100\n|move|p2a: Arceus|Iron Defense|p2a: Arceus\n|-boost|p2a: Arceus|def|2\n|\n|-damage|p1a: Dragonite|54\/100 tox|[from] psn\n|upkeep\n|turn|7\n|\n|t:|1700706579\n|move|p1a: Dragonite|Dragon Claw|p2a: Arceus\n|-resisted|p2a: Arceus\n|-damage|p2a: Arceus|41\/100\n|move|p2a: Arceus|Iron Defense|p2a: Arceus\n|-boost|p2a: Arceus|def|2\n|\n|-damage|p1a: Dragonite|35\/100 tox|[from] psn\n|upkeep\n|turn|8\n|\n|t:|1700706587\n|move|p1a: Dragonite|Dragon Claw|p2a: Arceus\n|-resisted|p2a: Arceus\n|-damage|p2a: Arceus|31\/100\n|move|p2a: Arceus|Recover|p2a: Arceus\n|-heal|p2a: Arceus|81\/100\n|\n|-damage|p1a: Dragonite|11\/100 tox|[from] psn\n|upkeep\n|turn|9\n|\n|t:|1700706602\n|move|p1a: Dragonite|Dragon Claw|p2a: Arceus\n|-resisted|p2a: Arceus\n|-damage|p2a: Arceus|72\/100\n|move|p2a: Arceus|Calm Mind|p2a: Arceus\n|-boost|p2a: Arceus|spa|1\n|-boost|p2a: Arceus|spd|1\n|\n|-damage|p1a: Dragonite|0 fnt|[from] psn\n|faint|p1a: Dragonite\n|upkeep\n|inactive|Battle timer is ON: inactive players will automatically lose when time's up. (requested by Ash Ketchum344)\n|\n|t:|1700706609\n|switch|p1a: Sirfetch\u2019d|Sirfetch\u2019d, M|100\/100\n|turn|10\n|\n|t:|1700706614\n|move|p2a: Arceus|Toxic|p1a: Sirfetch\u2019d\n|-status|p1a: Sirfetch\u2019d|tox\n|move|p1a: Sirfetch\u2019d|Close Combat|p2a: Arceus\n|-supereffective|p2a: Arceus\n|-damage|p2a: Arceus|41\/100\n|-unboost|p1a: Sirfetch\u2019d|def|1\n|-unboost|p1a: Sirfetch\u2019d|spd|1\n|\n|-damage|p1a: Sirfetch\u2019d|94\/100 tox|[from] psn\n|upkeep\n|turn|11\n|\n|t:|1700706623\n|move|p2a: Arceus|Recover|p2a: Arceus\n|-heal|p2a: Arceus|91\/100\n|move|p1a: Sirfetch\u2019d|Close Combat|p2a: Arceus\n|-supereffective|p2a: Arceus\n|-damage|p2a: Arceus|58\/100\n|-unboost|p1a: Sirfetch\u2019d|def|1\n|-unboost|p1a: Sirfetch\u2019d|spd|1\n|\n|-damage|p1a: Sirfetch\u2019d|82\/100 tox|[from] psn\n|upkeep\n|turn|12\n|\n|t:|1700706633\n|switch|p1a: Lucario|Lucario, M|100\/100\n|move|p2a: Arceus|Iron Defense|p2a: Arceus\n|-boost|p2a: Arceus|def|2\n|\n|upkeep\n|turn|13\n|\n|t:|1700706642\n|switch|p2a: Corsola|Corsola-Galar, F|100\/100\n|detailschange|p1a: Lucario|Lucario-Mega, M\n|-mega|p1a: Lucario|Lucario|Lucarionite\n|move|p1a: Lucario|Bulk Up|p1a: Lucario\n|-boost|p1a: Lucario|atk|1\n|-boost|p1a: Lucario|def|1\n|\n|upkeep\n|turn|14\n|\n|t:|1700706656\n|move|p1a: Lucario|Bulk Up|p1a: Lucario\n|-boost|p1a: Lucario|atk|1\n|-boost|p1a: Lucario|def|1\n|move|p2a: Corsola|Strength Sap|p1a: Lucario\n|-unboost|p1a: Lucario|atk|1\n|\n|upkeep\n|turn|15\n|\n|t:|1700706666\n|move|p1a: Lucario|Bullet Punch|p2a: Corsola\n|-damage|p2a: Corsola|76\/100\n|-start|p1a: Lucario|Disable|Bullet Punch|[from] ability: Cursed Body|[of] p2a: Corsola\n|move|p2a: Corsola|Will-O-Wisp|p1a: Lucario\n|-status|p1a: Lucario|brn\n|\n|-damage|p1a: Lucario|94\/100 brn|[from] brn\n|upkeep\n|turn|16\n|\n|t:|1700706674\n|move|p1a: Lucario|Bulk Up|p1a: Lucario\n|-boost|p1a: Lucario|atk|1\n|-boost|p1a: Lucario|def|1\n|move|p2a: Corsola|Haze|p2a: Corsola\n|-clearallboost\n|\n|-damage|p1a: Lucario|88\/100 brn|[from] brn\n|upkeep\n|turn|17\n|\n|t:|1700706683\n|move|p1a: Lucario|Ice Punch|p2a: Corsola\n|-damage|p2a: Corsola|69\/100\n|move|p2a: Corsola|Night Shade|p1a: Lucario\n|-damage|p1a: Lucario|53\/100 brn\n|\n|-damage|p1a: Lucario|47\/100 brn|[from] brn\n|upkeep\n|turn|18\n|\n|t:|1700706698\n|switch|p1a: Sirfetch\u2019d|Sirfetch\u2019d, M|82\/100 tox\n|move|p2a: Corsola|Night Shade|p1a: Sirfetch\u2019d\n|-damage|p1a: Sirfetch\u2019d|45\/100 tox\n|\n|-damage|p1a: Sirfetch\u2019d|39\/100 tox|[from] psn\n|upkeep\n|turn|19\n|\n|t:|1700706706\n|move|p1a: Sirfetch\u2019d|Close Combat|p2a: Corsola\n|-damage|p2a: Corsola|19\/100\n|-unboost|p1a: Sirfetch\u2019d|def|1\n|-unboost|p1a: Sirfetch\u2019d|spd|1\n|-start|p1a: Sirfetch\u2019d|Disable|Close Combat|[from] ability: Cursed Body|[of] p2a: Corsola\n|move|p2a: Corsola|Strength Sap|p1a: Sirfetch\u2019d\n|-unboost|p1a: Sirfetch\u2019d|atk|1\n|-heal|p2a: Corsola|100\/100\n|\n|-damage|p1a: Sirfetch\u2019d|27\/100 tox|[from] psn\n|upkeep\n|turn|20\n|\n|t:|1700706726\n|-activate|p1a: Sirfetch\u2019d|move: Struggle\n|move|p1a: Sirfetch\u2019d|Struggle|p2a: Corsola\n|-damage|p2a: Corsola|91\/100\n|-damage|p1a: Sirfetch\u2019d|2\/100 tox|[from] recoil\n|move|p2a: Corsola|Strength Sap|p1a: Sirfetch\u2019d\n|-unboost|p1a: Sirfetch\u2019d|atk|1\n|-heal|p2a: Corsola|100\/100\n|\n|-damage|p1a: Sirfetch\u2019d|0 fnt|[from] psn\n|faint|p1a: Sirfetch\u2019d\n|upkeep\n|\n|t:|1700706730\n|switch|p1a: Dracovish|Dracovish|100\/100\n|turn|21\n|\n|t:|1700706739\n|move|p1a: Dracovish|Fishious Rend|p2a: Corsola\n|-damage|p2a: Corsola|48\/100\n|-start|p1a: Dracovish|Disable|Fishious Rend|[from] ability: Cursed Body|[of] p2a: Corsola\n|move|p2a: Corsola|Will-O-Wisp|p1a: Dracovish\n|-status|p1a: Dracovish|brn\n|\n|-damage|p1a: Dracovish|94\/100 brn|[from] brn\n|upkeep\n|turn|22\n|\n|t:|1700706748\n|switch|p1a: Lucario|Lucario-Mega, M|47\/100 brn\n|move|p2a: Corsola|Strength Sap|p1a: Lucario\n|-unboost|p1a: Lucario|atk|1\n|-heal|p2a: Corsola|100\/100\n|\n|-damage|p1a: Lucario|41\/100 brn|[from] brn\n|upkeep\n|turn|23\n|\n|t:|1700706757\n|move|p1a: Lucario|Bullet Punch|p2a: Corsola\n|-damage|p2a: Corsola|95\/100\n|move|p2a: Corsola|Night Shade|p1a: Lucario\n|-damage|p1a: Lucario|5\/100 brn\n|\n|-damage|p1a: Lucario|0 fnt|[from] brn\n|faint|p1a: Lucario\n|upkeep\n|\n|t:|1700706760\n|switch|p1a: Dracovish|Dracovish|94\/100 brn\n|turn|24\n|\n|t:|1700706768\n|move|p1a: Dracovish|Fishious Rend|p2a: Corsola\n|-damage|p2a: Corsola|71\/100\n|move|p2a: Corsola|Night Shade|p1a: Dracovish\n|-damage|p1a: Dracovish|63\/100 brn\n|\n|-damage|p1a: Dracovish|57\/100 brn|[from] brn\n|upkeep\n|turn|25\n|-message|Ash Ketchum344 forfeited.\n|\n|win|insanejokester\n|raw|Ash Ketchum344's rating: 1117 &rarr; <strong>1100<\/strong><br \/>(-17 for losing)\n|raw|insanejokester's rating: 1237 &rarr; <strong>1254<\/strong><br \/>(+17 for winning)\n|l|\u2606Ash Ketchum344\n","uploadtime":1700706789,"views":1,"p1id":"ashketchum344","p2id":"insanejokester","formatid":"gen9nationaldexubers","rating":1100,"private":0,"password":""}