{"id":"gen9nationaldexubers-1990090657","p1":"BoyzArbokInTown03","p2":"Riverton Red Sawks","format":"[Gen 9] National Dex Ubers","log":"|j|\u2606BoyzArbokInTown03\n|j|\u2606Riverton Red Sawks\n|t:|1699923513\n|gametype|singles\n|player|p1|BoyzArbokInTown03|170|\n|player|p2|Riverton Red Sawks|misty|\n|teamsize|p1|6\n|teamsize|p2|6\n|gen|9\n|tier|[Gen 9] National Dex Ubers\n|rule|HP Percentage Mod: HP is shown in percentages\n|rule|Endless Battle Clause: Forcing endless battles is banned\n|rule|OHKO Clause: OHKO moves are banned\n|rule|Evasion Moves Clause: Evasion moves are banned\n|rule|Evasion Items Clause: Evasion items are banned\n|rule|Species Clause: Limit one of each Pok\u00e9mon\n|rule|Sleep Clause Mod: Limit one foe put to sleep\n|rule|Mega Rayquaza Clause: You cannot mega evolve Rayquaza\n|clearpoke\n|poke|p1|Zygarde|\n|poke|p1|Glimmora, M|\n|poke|p1|Samurott-Hisui, M|\n|poke|p1|Victini|\n|poke|p1|Zoroark-Hisui, F|\n|poke|p1|Sylveon, F|\n|poke|p2|Walking Wake|\n|poke|p2|Garganacl, F|\n|poke|p2|Mawile, M|\n|poke|p2|Tyranitar, M|\n|poke|p2|Tapu Fini|\n|poke|p2|Crobat, F|\n|teampreview\n|c|\u2606Riverton Red Sawks|glhf\n|\n|t:|1699923563\n|start\n|switch|p1a: Victini|Victini|100\/100\n|switch|p2a: Tyranitar|Tyranitar, M|100\/100\n|-weather|Sandstorm|[from] ability: Sand Stream|[of] p2a: Tyranitar\n|turn|1\n|l|\u2606Riverton Red Sawks\n|player|p2|\n|c|\u2606BoyzArbokInTown03|Glhf\n|j|\u2606Riverton Red Sawks\n|player|p2|Riverton Red Sawks|misty\n|\n|t:|1699923604\n|move|p1a: Victini|Trick|p2a: Tyranitar\n|-activate|p1a: Victini|move: Trick|[of] p2a: Tyranitar\n|-item|p2a: Tyranitar|Choice Specs|[from] move: Trick\n|-item|p1a: Victini|Red Card|[from] move: Trick\n|move|p2a: Tyranitar|Stealth Rock|p1a: Victini\n|-sidestart|p1: BoyzArbokInTown03|move: Stealth Rock\n|\n|-weather|Sandstorm|[upkeep]\n|-damage|p1a: Victini|95\/100|[from] Sandstorm\n|upkeep\n|turn|2\n|\n|t:|1699923630\n|switch|p2a: Garganacl|Garganacl, F|100\/100\n|move|p1a: Victini|Focus Blast|p2a: Garganacl\n|-supereffective|p2a: Garganacl\n|-damage|p2a: Garganacl|67\/100\n|\n|-weather|Sandstorm|[upkeep]\n|-damage|p1a: Victini|89\/100|[from] Sandstorm\n|upkeep\n|turn|3\n|\n|t:|1699923644\n|switch|p1a: Zygarde|Zygarde|100\/100\n|-damage|p1a: Zygarde|94\/100|[from] Stealth Rock\n|move|p2a: Garganacl|Salt Cure|p1a: Zygarde\n|-resisted|p1a: Zygarde\n|-damage|p1a: Zygarde|90\/100\n|\n|-weather|Sandstorm|[upkeep]\n|upkeep\n|turn|4\n|j| medi34\n|\n|t:|1699923676\n|switch|p1a: Glimmora|Glimmora, M|100\/100\n|-damage|p1a: Glimmora|88\/100|[from] Stealth Rock\n|switch|p2a: Tapu Fini|Tapu Fini|100\/100\n|-fieldstart|move: Misty Terrain|[from] ability: Misty Surge|[of] p2a: Tapu Fini\n|\n|-weather|Sandstorm|[upkeep]\n|-damage|p2a: Tapu Fini|94\/100|[from] Sandstorm\n|upkeep\n|turn|5\n|l|\u2606Riverton Red Sawks\n|player|p2|\n|j|\u2606Riverton Red Sawks\n|player|p2|Riverton Red Sawks|misty\n|\n|t:|1699923706\n|move|p2a: Tapu Fini|Surf|p1a: Glimmora\n|-supereffective|p1a: Glimmora\n|-damage|p1a: Glimmora|20\/100\n|move|p1a: Glimmora|Mortal Spin|p2a: Tapu Fini\n|-supereffective|p2a: Tapu Fini\n|-damage|p2a: Tapu Fini|82\/100\n|-sideend|p1: BoyzArbokInTown03|Stealth Rock|[from] move: Mortal Spin|[of] p1a: Glimmora\n|\n|-weather|none\n|upkeep\n|turn|6\n|c| medi34|ooooo\n|\n|t:|1699923721\n|move|p2a: Tapu Fini|Surf|p1a: Glimmora\n|-supereffective|p1a: Glimmora\n|-damage|p1a: Glimmora|0 fnt\n|faint|p1a: Glimmora\n|\n|upkeep\n|\n|t:|1699923732\n|switch|p1a: Sylveon|Sylveon, F|100\/100\n|turn|7\n|c| medi34|is mortal spin basically a poison type rapid spin?\n|\n|t:|1699923774\n|switch|p2a: Tyranitar|Tyranitar, M|100\/100\n|-weather|Sandstorm|[from] ability: Sand Stream|[of] p2a: Tyranitar\n|move|p1a: Sylveon|Wish|p1a: Sylveon\n|\n|-weather|Sandstorm|[upkeep]\n|-damage|p1a: Sylveon|94\/100|[from] Sandstorm\n|-heal|p1a: Sylveon|100\/100|[from] item: Leftovers\n|upkeep\n|turn|8\n|\n|t:|1699923785\n|switch|p1a: Zygarde|Zygarde|90\/100\n|move|p2a: Tyranitar|Stealth Rock|p1a: Zygarde\n|-sidestart|p1: BoyzArbokInTown03|move: Stealth Rock\n|\n|-weather|Sandstorm|[upkeep]\n|-heal|p1a: Zygarde|100\/100|[from] move: Wish|[wisher] Sylveon\n|-fieldend|Misty Terrain\n|upkeep\n|turn|9\n|\n|t:|1699923795\n|switch|p2a: Tapu Fini|Tapu Fini|82\/100\n|-fieldstart|move: Misty Terrain|[from] ability: Misty Surge|[of] p2a: Tapu Fini\n|move|p1a: Zygarde|Coil|p1a: Zygarde\n|-boost|p1a: Zygarde|atk|1\n|-boost|p1a: Zygarde|def|1\n|-boost|p1a: Zygarde|accuracy|1\n|\n|-weather|Sandstorm|[upkeep]\n|-damage|p2a: Tapu Fini|75\/100|[from] Sandstorm\n|upkeep\n|turn|10\n|\n|t:|1699923810\n|switch|p1a: Sylveon|Sylveon, F|100\/100\n|-damage|p1a: Sylveon|88\/100|[from] Stealth Rock\n|move|p2a: Tapu Fini|Moonblast|p1a: Sylveon\n|-damage|p1a: Sylveon|70\/100\n|\n|-weather|Sandstorm|[upkeep]\n|-damage|p2a: Tapu Fini|69\/100|[from] Sandstorm\n|-damage|p1a: Sylveon|64\/100|[from] Sandstorm\n|-heal|p1a: Sylveon|70\/100|[from] item: Leftovers\n|upkeep\n|turn|11\n|\n|t:|1699923822\n|switch|p2a: Mawile|Mawile, M|100\/100\n|-ability|p2a: Mawile|Intimidate|boost\n|-unboost|p1a: Sylveon|atk|1\n|move|p1a: Sylveon|Wish|p1a: Sylveon\n|\n|-weather|none\n|-heal|p1a: Sylveon|76\/100|[from] item: Leftovers\n|upkeep\n|turn|12\n|\n|t:|1699923835\n|switch|p1a: Victini|Victini|100\/100\n|-damage|p1a: Victini|76\/100|[from] Stealth Rock\n|detailschange|p2a: Mawile|Mawile-Mega, M\n|-mega|p2a: Mawile|Mawile|Mawilite\n|move|p2a: Mawile|Play Rough|p1a: Victini\n|-resisted|p1a: Victini\n|-damage|p1a: Victini|34\/100\n|\n|-heal|p1a: Victini|92\/100|[from] move: Wish|[wisher] Sylveon\n|upkeep\n|turn|13\n|\n|t:|1699923852\n|move|p2a: Mawile|Sucker Punch||[still]\n|-fail|p2a: Mawile\n|move|p1a: Victini|Trick||[still]\n|-fail|p1a: Victini\n|\n|-fieldend|Misty Terrain\n|upkeep\n|turn|14\n|\n|t:|1699923878\n|switch|p1a: Sylveon|Sylveon, F|76\/100\n|-damage|p1a: Sylveon|63\/100|[from] Stealth Rock\n|switch|p2a: Tyranitar|Tyranitar, M|100\/100\n|-weather|Sandstorm|[from] ability: Sand Stream|[of] p2a: Tyranitar\n|\n|-weather|Sandstorm|[upkeep]\n|-damage|p1a: Sylveon|57\/100|[from] Sandstorm\n|-heal|p1a: Sylveon|63\/100|[from] item: Leftovers\n|upkeep\n|turn|15\n|j| RNG_G0D\n|\n|t:|1699923891\n|move|p2a: Tyranitar|Stone Edge|p1a: Sylveon\n|-damage|p1a: Sylveon|6\/100\n|move|p1a: Sylveon|Hyper Voice|p2a: Tyranitar\n|-supereffective|p2a: Tyranitar\n|-damage|p2a: Tyranitar|64\/100\n|\n|-weather|Sandstorm|[upkeep]\n|-damage|p1a: Sylveon|0 fnt|[from] Sandstorm\n|faint|p1a: Sylveon\n|upkeep\n|\n|t:|1699923902\n|switch|p1a: Zygarde|Zygarde|100\/100\n|-damage|p1a: Zygarde|94\/100|[from] Stealth Rock\n|turn|16\n|\n|t:|1699923909\n|switch|p2a: Tapu Fini|Tapu Fini|69\/100\n|-fieldstart|move: Misty Terrain|[from] ability: Misty Surge|[of] p2a: Tapu Fini\n|move|p1a: Zygarde|Thousand Waves|p2a: Tapu Fini\n|-damage|p2a: Tapu Fini|29\/100\n|-activate|p2a: Tapu Fini|trapped\n|\n|-weather|Sandstorm|[upkeep]\n|-damage|p2a: Tapu Fini|23\/100|[from] Sandstorm\n|upkeep\n|turn|17\n|\n|t:|1699923919\n|-terastallize|p1a: Zygarde|Normal\n|move|p2a: Tapu Fini|Ice Beam|p1a: Zygarde\n|-damage|p1a: Zygarde|75\/100\n|move|p1a: Zygarde|Coil|p1a: Zygarde\n|-boost|p1a: Zygarde|atk|1\n|-boost|p1a: Zygarde|def|1\n|-boost|p1a: Zygarde|accuracy|1\n|\n|-weather|Sandstorm|[upkeep]\n|-damage|p2a: Tapu Fini|17\/100|[from] Sandstorm\n|-damage|p1a: Zygarde|69\/100|[from] Sandstorm\n|upkeep\n|turn|18\n|c| medi34|oooooooooo :o\n|c| RNG_G0D|Good luck my child\n|c|\u2606BoyzArbokInTown03|xD\n|c| medi34|RNG G0D I bow before you\n|c|\u2606BoyzArbokInTown03|Thank you lawd\n|c| medi34|Yours be the glory forever and ever\n|\n|t:|1699923967\n|move|p2a: Tapu Fini|Ice Beam|p1a: Zygarde\n|-damage|p1a: Zygarde|52\/100\n|move|p1a: Zygarde|Coil|p1a: Zygarde\n|-boost|p1a: Zygarde|atk|1\n|-boost|p1a: Zygarde|def|1\n|-boost|p1a: Zygarde|accuracy|1\n|\n|-weather|none\n|upkeep\n|turn|19\n|\n|t:|1699923985\n|move|p2a: Tapu Fini|Ice Beam|p1a: Zygarde\n|-damage|p1a: Zygarde|34\/100\n|move|p1a: Zygarde|Coil|p1a: Zygarde\n|-boost|p1a: Zygarde|atk|1\n|-boost|p1a: Zygarde|def|1\n|-boost|p1a: Zygarde|accuracy|1\n|\n|-activate|p1a: Zygarde|ability: Power Construct\n|detailschange|p1a: Zygarde|Zygarde-Complete, tera:Normal\n|-heal|p1a: Zygarde|56\/100|[silent]\n|upkeep\n|turn|20\n|\n|t:|1699923999\n|move|p1a: Zygarde|Extreme Speed|p2a: Tapu Fini\n|-damage|p2a: Tapu Fini|0 fnt\n|faint|p2a: Tapu Fini\n|\n|-fieldend|Misty Terrain\n|upkeep\n|c| medi34|o_o\n|\n|t:|1699924018\n|switch|p2a: Walking Wake|Walking Wake|100\/100\n|turn|21\n|\n|t:|1699924028\n|-end|p2a: Walking Wake|Protosynthesis|[silent]\n|switch|p2a: Tyranitar|Tyranitar, M|64\/100\n|-weather|Sandstorm|[from] ability: Sand Stream|[of] p2a: Tyranitar\n|move|p1a: Zygarde|Extreme Speed|p2a: Tyranitar\n|-resisted|p2a: Tyranitar\n|-damage|p2a: Tyranitar|35\/100\n|\n|-weather|Sandstorm|[upkeep]\n|-damage|p1a: Zygarde|50\/100|[from] Sandstorm\n|upkeep\n|turn|22\n|\n|t:|1699924046\n|move|p1a: Zygarde|Coil|p1a: Zygarde\n|-boost|p1a: Zygarde|atk|1\n|-boost|p1a: Zygarde|def|1\n|-boost|p1a: Zygarde|accuracy|1\n|move|p2a: Tyranitar|Crunch|p1a: Zygarde\n|-damage|p1a: Zygarde|45\/100\n|\n|-weather|Sandstorm|[upkeep]\n|-damage|p1a: Zygarde|39\/100|[from] Sandstorm\n|upkeep\n|turn|23\n|\n|t:|1699924055\n|move|p1a: Zygarde|Thousand Waves|p2a: Tyranitar\n|-supereffective|p2a: Tyranitar\n|-damage|p2a: Tyranitar|0 fnt\n|faint|p2a: Tyranitar\n|\n|-weather|Sandstorm|[upkeep]\n|-damage|p1a: Zygarde|33\/100|[from] Sandstorm\n|upkeep\n|\n|t:|1699924089\n|switch|p2a: Walking Wake|Walking Wake|100\/100\n|turn|24\n|\n|t:|1699924100\n|-terastallize|p2a: Walking Wake|Fairy\n|move|p1a: Zygarde|Extreme Speed|p2a: Walking Wake\n|-damage|p2a: Walking Wake|0 fnt\n|faint|p2a: Walking Wake\n|-end|p2a: Walking Wake|Protosynthesis|[silent]\n|\n|-weather|Sandstorm|[upkeep]\n|-damage|p1a: Zygarde|27\/100|[from] Sandstorm\n|upkeep\n|\n|t:|1699924111\n|switch|p2a: Mawile|Mawile-Mega, M|100\/100\n|turn|25\n|\n|t:|1699924117\n|move|p2a: Mawile|Sucker Punch||[still]\n|-fail|p2a: Mawile\n|move|p1a: Zygarde|Rest|p1a: Zygarde\n|-status|p1a: Zygarde|slp|[from] move: Rest\n|-heal|p1a: Zygarde|100\/100 slp|[silent]\n|\n|-weather|none\n|upkeep\n|turn|26\n|\n|t:|1699924125\n|cant|p1a: Zygarde|slp\n|move|p2a: Mawile|Iron Head|p1a: Zygarde\n|-damage|p1a: Zygarde|89\/100 slp\n|\n|upkeep\n|turn|27\n|\n|t:|1699924134\n|cant|p1a: Zygarde|slp\n|move|p2a: Mawile|Play Rough|p1a: Zygarde\n|-damage|p1a: Zygarde|76\/100 slp\n|\n|upkeep\n|turn|28\n|\n|t:|1699924140\n|-curestatus|p1a: Zygarde|slp|[msg]\n|move|p1a: Zygarde|Thousand Waves|p2a: Mawile\n|-supereffective|p2a: Mawile\n|-damage|p2a: Mawile|0 fnt\n|faint|p2a: Mawile\n|\n|upkeep\n|\n|t:|1699924147\n|switch|p2a: Garganacl|Garganacl, F|67\/100\n|turn|29\n|\n|t:|1699924152\n|move|p1a: Zygarde|Thousand Waves|p2a: Garganacl\n|-supereffective|p2a: Garganacl\n|-damage|p2a: Garganacl|0 fnt\n|faint|p2a: Garganacl\n|\n|upkeep\n|\n|t:|1699924159\n|switch|p2a: Crobat|Crobat, F|100\/100\n|turn|30\n|c| medi34|Jeez what a monster\n|c|\u2606BoyzArbokInTown03|GG\n|c|\u2606BoyzArbokInTown03|Yeah this mon is disgusting\n|c|\u2606Riverton Red Sawks|Would you happen to know why it said I was trapped earlier? Does Coil do that?\n|\n|t:|1699924193\n|move|p1a: Zygarde|Extreme Speed|p2a: Crobat\n|-damage|p2a: Crobat|0 fnt\n|faint|p2a: Crobat\n|\n|win|BoyzArbokInTown03\n|c|\u2606BoyzArbokInTown03|Thousand waves\n|c| medi34|Yeah man the creativitiy with this zygarde set has me so impressed\n|c|\u2606Riverton Red Sawks|gg\n|c| medi34|yeah thousand waves\n|c|\u2606Riverton Red Sawks|Ah\n|l|\u2606Riverton Red Sawks\n","uploadtime":1699924211,"views":25,"p1id":"boyzarbokintown03","p2id":"rivertonredsawks","formatid":"gen9nationaldexubers","rating":0,"private":0,"password":""}