{"id":"gen9nationaldexubers-1985743150","p1":"RetlawDB","p2":"FLOWER-M0DE\u267b\ufe0f","format":"[Gen 9] National Dex Ubers","log":"|j|\u2606RetlawDB\n|j|\u2606FLOWER-M0DE\u267b\ufe0f\n|t:|1699401511\n|gametype|singles\n|player|p1|RetlawDB|wattson|1143\n|player|p2|FLOWER-M0DE\u267b\ufe0f|erika-masters|1040\n|teamsize|p1|6\n|teamsize|p2|6\n|gen|9\n|tier|[Gen 9] National Dex Ubers\n|rated|\n|rule|HP Percentage Mod: HP is shown in percentages\n|rule|Endless Battle Clause: Forcing endless battles is banned\n|rule|OHKO Clause: OHKO moves are banned\n|rule|Evasion Moves Clause: Evasion moves are banned\n|rule|Evasion Items Clause: Evasion items are banned\n|rule|Species Clause: Limit one of each Pok\u00e9mon\n|rule|Sleep Clause Mod: Limit one foe put to sleep\n|rule|Mega Rayquaza Clause: You cannot mega evolve Rayquaza\n|clearpoke\n|poke|p1|Aurorus, F|\n|poke|p1|Sandslash-Alola, M|\n|poke|p1|Slowking, M|\n|poke|p1|Ariados, F|\n|poke|p1|Rotom-Heat|\n|poke|p1|Bewear, F|\n|poke|p2|Virizion|\n|poke|p2|Appletun, M|\n|poke|p2|Arboliva, F|\n|poke|p2|Kartana|\n|poke|p2|Scovillain, M|\n|poke|p2|Ogerpon, F|\n|teampreview\n|\n|t:|1699401529\n|start\n|switch|p1a: Ari|Ariados, F, shiny|100\/100\n|switch|p2a: \ud83d\udd25\ud83d\udd25SCOVILLIAN\ud83d\udc90\ud83d\udc90|Scovillain, M|100\/100\n|turn|1\n|\n|t:|1699401537\n|move|p2a: \ud83d\udd25\ud83d\udd25SCOVILLIAN\ud83d\udc90\ud83d\udc90|Flamethrower|p1a: Ari\n|-supereffective|p1a: Ari\n|-enditem|p1a: Ari|Focus Sash\n|-damage|p1a: Ari|1\/100\n|move|p1a: Ari|Toxic Thread|p2a: \ud83d\udd25\ud83d\udd25SCOVILLIAN\ud83d\udc90\ud83d\udc90\n|-unboost|p2a: \ud83d\udd25\ud83d\udd25SCOVILLIAN\ud83d\udc90\ud83d\udc90|spe|1\n|-status|p2a: \ud83d\udd25\ud83d\udd25SCOVILLIAN\ud83d\udc90\ud83d\udc90|psn\n|\n|-damage|p2a: \ud83d\udd25\ud83d\udd25SCOVILLIAN\ud83d\udc90\ud83d\udc90|88\/100 psn|[from] psn\n|upkeep\n|turn|2\n|\n|t:|1699401548\n|move|p1a: Ari|Sticky Web|p2a: \ud83d\udd25\ud83d\udd25SCOVILLIAN\ud83d\udc90\ud83d\udc90\n|-sidestart|p2: FLOWER-M0DE\u267b\ufe0f|move: Sticky Web\n|move|p2a: \ud83d\udd25\ud83d\udd25SCOVILLIAN\ud83d\udc90\ud83d\udc90|Flamethrower|p1a: Ari\n|-supereffective|p1a: Ari\n|-damage|p1a: Ari|0 fnt\n|faint|p1a: Ari\n|\n|-damage|p2a: \ud83d\udd25\ud83d\udd25SCOVILLIAN\ud83d\udc90\ud83d\udc90|76\/100 psn|[from] psn\n|upkeep\n|\n|t:|1699401560\n|switch|p1a: Aura|Aurorus, F, shiny|100\/100\n|-weather|Snow|[from] ability: Snow Warning|[of] p1a: Aura\n|turn|3\n|\n|t:|1699401567\n|-zpower|p2a: \ud83d\udd25\ud83d\udd25SCOVILLIAN\ud83d\udc90\ud83d\udc90\n|move|p2a: \ud83d\udd25\ud83d\udd25SCOVILLIAN\ud83d\udc90\ud83d\udc90|Bloom Doom|p1a: Aura|[zeffect]\n|-supereffective|p1a: Aura\n|-damage|p1a: Aura|0 fnt\n|faint|p1a: Aura\n|\n|-weather|Snow|[upkeep]\n|-damage|p2a: \ud83d\udd25\ud83d\udd25SCOVILLIAN\ud83d\udc90\ud83d\udc90|64\/100 psn|[from] psn\n|upkeep\n|\n|t:|1699401578\n|switch|p1a: Belly|Bewear, F|100\/100\n|turn|4\n|\n|t:|1699401581\n|move|p1a: Belly|Return|p2a: \ud83d\udd25\ud83d\udd25SCOVILLIAN\ud83d\udc90\ud83d\udc90\n|-damage|p2a: \ud83d\udd25\ud83d\udd25SCOVILLIAN\ud83d\udc90\ud83d\udc90|0 fnt\n|faint|p2a: \ud83d\udd25\ud83d\udd25SCOVILLIAN\ud83d\udc90\ud83d\udc90\n|\n|-weather|Snow|[upkeep]\n|upkeep\n|\n|t:|1699401597\n|switch|p2a: \ud83c\udf33\ud83d\udc90VIRIZON\ud83c\udf39\ud83c\udf3a|Virizion|100\/100\n|-activate|p2a: \ud83c\udf33\ud83d\udc90VIRIZON\ud83c\udf39\ud83c\udf3a|move: Sticky Web\n|-unboost|p2a: \ud83c\udf33\ud83d\udc90VIRIZON\ud83c\udf39\ud83c\udf3a|spe|1\n|turn|5\n|\n|t:|1699401606\n|move|p2a: \ud83c\udf33\ud83d\udc90VIRIZON\ud83c\udf39\ud83c\udf3a|Sunny Day|p2a: \ud83c\udf33\ud83d\udc90VIRIZON\ud83c\udf39\ud83c\udf3a\n|-weather|SunnyDay\n|move|p1a: Belly|Charm|p2a: \ud83c\udf33\ud83d\udc90VIRIZON\ud83c\udf39\ud83c\udf3a\n|-unboost|p2a: \ud83c\udf33\ud83d\udc90VIRIZON\ud83c\udf39\ud83c\udf3a|atk|2\n|\n|-weather|SunnyDay|[upkeep]\n|upkeep\n|turn|6\n|\n|t:|1699401616\n|switch|p2a: \ud83c\udf3a\ud83c\udf40OGERON\ud83c\udf40\ud83d\udc90|Ogerpon, F|100\/100\n|-activate|p2a: \ud83c\udf3a\ud83c\udf40OGERON\ud83c\udf40\ud83d\udc90|move: Sticky Web\n|-unboost|p2a: \ud83c\udf3a\ud83c\udf40OGERON\ud83c\udf40\ud83d\udc90|spe|1\n|-ability|p2a: \ud83c\udf3a\ud83c\udf40OGERON\ud83c\udf40\ud83d\udc90|Defiant|boost\n|-boost|p2a: \ud83c\udf3a\ud83c\udf40OGERON\ud83c\udf40\ud83d\udc90|atk|2\n|switch|p1a: Pearl|Rotom-Heat, shiny|100\/100\n|\n|-weather|SunnyDay|[upkeep]\n|upkeep\n|turn|7\n|\n|t:|1699401631\n|-terastallize|p2a: \ud83c\udf3a\ud83c\udf40OGERON\ud83c\udf40\ud83d\udc90|Grass\n|detailschange|p2a: \ud83c\udf3a\ud83c\udf40OGERON\ud83c\udf40\ud83d\udc90|Ogerpon-Teal-Tera, F, tera:Grass\n|-ability|p2a: \ud83c\udf3a\ud83c\udf40OGERON\ud83c\udf40\ud83d\udc90|Embody Aspect (Teal)|boost\n|-boost|p2a: \ud83c\udf3a\ud83c\udf40OGERON\ud83c\udf40\ud83d\udc90|spe|1\n|move|p2a: \ud83c\udf3a\ud83c\udf40OGERON\ud83c\udf40\ud83d\udc90|Ivy Cudgel|p1a: Pearl\n|-resisted|p1a: Pearl\n|-damage|p1a: Pearl|4\/100\n|move|p1a: Pearl|Overheat|p2a: \ud83c\udf3a\ud83c\udf40OGERON\ud83c\udf40\ud83d\udc90|[miss]\n|-miss|p1a: Pearl|p2a: \ud83c\udf3a\ud83c\udf40OGERON\ud83c\udf40\ud83d\udc90\n|\n|-weather|SunnyDay|[upkeep]\n|upkeep\n|turn|8\n|c|\u2606RetlawDB|focc\n|\n|t:|1699401647\n|move|p2a: \ud83c\udf3a\ud83c\udf40OGERON\ud83c\udf40\ud83d\udc90|Trailblaze|p1a: Pearl\n|-resisted|p1a: Pearl\n|-damage|p1a: Pearl|0 fnt\n|-boost|p2a: \ud83c\udf3a\ud83c\udf40OGERON\ud83c\udf40\ud83d\udc90|spe|1\n|faint|p1a: Pearl\n|\n|-weather|SunnyDay|[upkeep]\n|upkeep\n|\n|t:|1699401649\n|switch|p1a: Kupa|Sandslash-Alola, M|100\/100\n|turn|9\n|\n|t:|1699401658\n|move|p2a: \ud83c\udf3a\ud83c\udf40OGERON\ud83c\udf40\ud83d\udc90|Ivy Cudgel|p1a: Kupa\n|-resisted|p1a: Kupa\n|-damage|p1a: Kupa|27\/100\n|move|p1a: Kupa|Swords Dance|p1a: Kupa\n|-boost|p1a: Kupa|atk|2\n|\n|-weather|SunnyDay|[upkeep]\n|upkeep\n|turn|10\n|\n|t:|1699401667\n|move|p1a: Kupa|Ice Shard|p2a: \ud83c\udf3a\ud83c\udf40OGERON\ud83c\udf40\ud83d\udc90\n|-supereffective|p2a: \ud83c\udf3a\ud83c\udf40OGERON\ud83c\udf40\ud83d\udc90\n|-damage|p2a: \ud83c\udf3a\ud83c\udf40OGERON\ud83c\udf40\ud83d\udc90|14\/100\n|move|p2a: \ud83c\udf3a\ud83c\udf40OGERON\ud83c\udf40\ud83d\udc90|Ivy Cudgel|p1a: Kupa\n|-resisted|p1a: Kupa\n|-damage|p1a: Kupa|0 fnt\n|faint|p1a: Kupa\n|\n|-weather|SunnyDay|[upkeep]\n|upkeep\n|\n|t:|1699401669\n|switch|p1a: Jorgito|Slowking, M, shiny|100\/100\n|turn|11\n|\n|t:|1699401680\n|move|p2a: \ud83c\udf3a\ud83c\udf40OGERON\ud83c\udf40\ud83d\udc90|Ivy Cudgel|p1a: Jorgito\n|-supereffective|p1a: Jorgito\n|-crit|p1a: Jorgito\n|-enditem|p1a: Jorgito|Focus Sash\n|-damage|p1a: Jorgito|1\/100\n|move|p1a: Jorgito|Psyshock|p2a: \ud83c\udf3a\ud83c\udf40OGERON\ud83c\udf40\ud83d\udc90\n|-damage|p2a: \ud83c\udf3a\ud83c\udf40OGERON\ud83c\udf40\ud83d\udc90|0 fnt\n|faint|p2a: \ud83c\udf3a\ud83c\udf40OGERON\ud83c\udf40\ud83d\udc90\n|\n|-weather|SunnyDay|[upkeep]\n|upkeep\n|\n|t:|1699401691\n|switch|p2a: \ud83c\udf8b\ud83c\udf43RAZOR -BLADE\ud83c\udf3e|Kartana, shiny|100\/100\n|-activate|p2a: \ud83c\udf8b\ud83c\udf43RAZOR -BLADE\ud83c\udf3e|move: Sticky Web\n|-unboost|p2a: \ud83c\udf8b\ud83c\udf43RAZOR -BLADE\ud83c\udf3e|spe|1\n|turn|12\n|\n|t:|1699401700\n|move|p2a: \ud83c\udf8b\ud83c\udf43RAZOR -BLADE\ud83c\udf3e|Solar Blade||[still]\n|-prepare|p2a: \ud83c\udf8b\ud83c\udf43RAZOR -BLADE\ud83c\udf3e|Solar Blade\n|-anim|p2a: \ud83c\udf8b\ud83c\udf43RAZOR -BLADE\ud83c\udf3e|Solar Blade|p1a: Jorgito\n|-supereffective|p1a: Jorgito\n|-damage|p1a: Jorgito|0 fnt\n|faint|p1a: Jorgito\n|-ability|p2a: \ud83c\udf8b\ud83c\udf43RAZOR -BLADE\ud83c\udf3e|Beast Boost|boost\n|-boost|p2a: \ud83c\udf8b\ud83c\udf43RAZOR -BLADE\ud83c\udf3e|atk|1\n|\n|-weather|none\n|upkeep\n|\n|t:|1699401703\n|switch|p1a: Belly|Bewear, F|100\/100\n|turn|13\n|\n|t:|1699401719\n|move|p1a: Belly|Close Combat|p2a: \ud83c\udf8b\ud83c\udf43RAZOR -BLADE\ud83c\udf3e\n|-supereffective|p2a: \ud83c\udf8b\ud83c\udf43RAZOR -BLADE\ud83c\udf3e\n|-damage|p2a: \ud83c\udf8b\ud83c\udf43RAZOR -BLADE\ud83c\udf3e|0 fnt\n|-unboost|p1a: Belly|def|1\n|-unboost|p1a: Belly|spd|1\n|faint|p2a: \ud83c\udf8b\ud83c\udf43RAZOR -BLADE\ud83c\udf3e\n|\n|upkeep\n|\n|t:|1699401732\n|switch|p2a: \ud83e\uded2\ud83c\udf31ARBOLIIVA\ud83c\udf31|Arboliva, F|100\/100\n|-activate|p2a: \ud83e\uded2\ud83c\udf31ARBOLIIVA\ud83c\udf31|move: Sticky Web\n|-unboost|p2a: \ud83e\uded2\ud83c\udf31ARBOLIIVA\ud83c\udf31|spe|1\n|turn|14\n|\n|t:|1699401739\n|move|p1a: Belly|Close Combat|p2a: \ud83e\uded2\ud83c\udf31ARBOLIIVA\ud83c\udf31\n|-supereffective|p2a: \ud83e\uded2\ud83c\udf31ARBOLIIVA\ud83c\udf31\n|-damage|p2a: \ud83e\uded2\ud83c\udf31ARBOLIIVA\ud83c\udf31|0 fnt\n|-unboost|p1a: Belly|def|1\n|-unboost|p1a: Belly|spd|1\n|-fieldstart|move: Grassy Terrain|[from] ability: Seed Sower|[of] p2a: \ud83e\uded2\ud83c\udf31ARBOLIIVA\ud83c\udf31\n|faint|p2a: \ud83e\uded2\ud83c\udf31ARBOLIIVA\ud83c\udf31\n|\n|upkeep\n|\n|t:|1699401751\n|switch|p2a: \ud83c\udf4f\ud83c\udf4fAPPLETUN\ud83c\udf4f\ud83c\udf4f|Appletun, M, shiny|100\/100\n|-activate|p2a: \ud83c\udf4f\ud83c\udf4fAPPLETUN\ud83c\udf4f\ud83c\udf4f|move: Sticky Web\n|-unboost|p2a: \ud83c\udf4f\ud83c\udf4fAPPLETUN\ud83c\udf4f\ud83c\udf4f|spe|1\n|turn|15\n|\n|t:|1699401757\n|-terastallize|p1a: Belly|Normal\n|move|p1a: Belly|Return|p2a: \ud83c\udf4f\ud83c\udf4fAPPLETUN\ud83c\udf4f\ud83c\udf4f\n|-damage|p2a: \ud83c\udf4f\ud83c\udf4fAPPLETUN\ud83c\udf4f\ud83c\udf4f|7\/100\n|move|p2a: \ud83c\udf4f\ud83c\udf4fAPPLETUN\ud83c\udf4f\ud83c\udf4f|Leaf Storm|p1a: Belly\n|-damage|p1a: Belly|0 fnt\n|-unboost|p2a: \ud83c\udf4f\ud83c\udf4fAPPLETUN\ud83c\udf4f\ud83c\udf4f|spa|2\n|faint|p1a: Belly\n|\n|win|FLOWER-M0DE\u267b\ufe0f\n|raw|RetlawDB's rating: 1143 &rarr; <strong>1111<\/strong><br \/>(-32 for losing)\n|raw|FLOWER-M0DE\u267b\ufe0f's rating: 1040 &rarr; <strong>1084<\/strong><br \/>(+44 for winning)\n|c|\u2606RetlawDB|gg\n|l|\u2606RetlawDB\n|c|\u2606FLOWER-M0DE\u267b\ufe0f|Plants?\n","uploadtime":1699401989,"views":5,"p1id":"retlawdb","p2id":"flowerm0de","formatid":"gen9nationaldexubers","rating":1084,"private":0,"password":""}