{"id":"gen9nationaldexubers-1978447621","p1":"KingoftheTitans","p2":"Voltaris33","format":"[Gen 9] National Dex Ubers","log":"|j|\u2606KingoftheTitans\n|j|\u2606Voltaris33\n|t:|1698540203\n|gametype|singles\n|player|p1|KingoftheTitans|1|1361\n|player|p2|Voltaris33|unknown|1306\n|teamsize|p1|6\n|teamsize|p2|6\n|gen|9\n|tier|[Gen 9] National Dex Ubers\n|rated|\n|rule|HP Percentage Mod: HP is shown in percentages\n|rule|Endless Battle Clause: Forcing endless battles is banned\n|rule|OHKO Clause: OHKO moves are banned\n|rule|Evasion Moves Clause: Evasion moves are banned\n|rule|Evasion Items Clause: Evasion items are banned\n|rule|Species Clause: Limit one of each Pok\u00e9mon\n|rule|Sleep Clause Mod: Limit one foe put to sleep\n|rule|Mega Rayquaza Clause: You cannot mega evolve Rayquaza\n|clearpoke\n|poke|p1|Ogerpon-Hearthflame, F|\n|poke|p1|Deoxys-Attack|\n|poke|p1|Salamence, M|\n|poke|p1|Dragapult, M|\n|poke|p1|Darmanitan-Galar, F|\n|poke|p1|Flutter Mane|\n|poke|p2|Gallade, M|\n|poke|p2|Rayquaza|\n|poke|p2|Marshadow|\n|poke|p2|Zygarde|\n|poke|p2|Falinks|\n|poke|p2|Dhelmise|\n|teampreview\n|inactive|Battle timer is ON: inactive players will automatically lose when time's up. (requested by Voltaris33)\n|\n|t:|1698540212\n|start\n|switch|p1a: Darmanitan|Darmanitan-Galar, F, shiny|100\/100\n|switch|p2a: Hubris|Dhelmise|100\/100\n|turn|1\n|\n|t:|1698540219\n|move|p1a: Darmanitan|Icicle Crash|p2a: Hubris\n|-supereffective|p2a: Hubris\n|-damage|p2a: Hubris|0 fnt\n|faint|p2a: Hubris\n|\n|upkeep\n|\n|t:|1698540222\n|switch|p2a: Zulius|Gallade, M|100\/100\n|turn|2\n|\n|t:|1698540226\n|detailschange|p2a: Zulius|Gallade-Mega, M\n|-mega|p2a: Zulius|Gallade|Galladite\n|move|p1a: Darmanitan|Icicle Crash|p2a: Zulius\n|-damage|p2a: Zulius|13\/100\n|move|p2a: Zulius|Close Combat|p1a: Darmanitan\n|-supereffective|p1a: Darmanitan\n|-damage|p1a: Darmanitan|0 fnt\n|-unboost|p2a: Zulius|def|1\n|-unboost|p2a: Zulius|spd|1\n|faint|p1a: Darmanitan\n|\n|upkeep\n|\n|t:|1698540237\n|switch|p1a: Deoxys|Deoxys-Attack, shiny|100\/100\n|-ability|p1a: Deoxys|Pressure\n|turn|3\n|\n|t:|1698540240\n|move|p1a: Deoxys|Extreme Speed|p2a: Zulius\n|-damage|p2a: Zulius|0 fnt\n|faint|p2a: Zulius\n|\n|upkeep\n|\n|t:|1698540244\n|switch|p2a: Thalleous|Rayquaza, shiny|100\/100\n|-ability|p2a: Thalleous|Air Lock\n|turn|4\n|\n|t:|1698540248\n|move|p1a: Deoxys|Ice Beam|p2a: Thalleous\n|-supereffective|p2a: Thalleous\n|-damage|p2a: Thalleous|0 fnt\n|faint|p2a: Thalleous\n|\n|upkeep\n|\n|t:|1698540251\n|switch|p2a: Achillean|Zygarde|100\/100\n|turn|5\n|\n|t:|1698540254\n|move|p2a: Achillean|Extreme Speed|p1a: Deoxys\n|-enditem|p1a: Deoxys|Focus Sash\n|-damage|p1a: Deoxys|1\/100\n|move|p1a: Deoxys|Ice Beam|p2a: Achillean\n|-supereffective|p2a: Achillean\n|-damage|p2a: Achillean|0 fnt\n|faint|p2a: Achillean\n|\n|upkeep\n|\n|t:|1698540257\n|switch|p2a: Ingressus|Marshadow|100\/100\n|turn|6\n|\n|t:|1698540263\n|move|p1a: Deoxys|Extreme Speed|p2a: Ingressus\n|-immune|p2a: Ingressus\n|move|p2a: Ingressus|Spectral Thief|p1a: Deoxys\n|-supereffective|p1a: Deoxys\n|-damage|p1a: Deoxys|0 fnt\n|faint|p1a: Deoxys\n|\n|upkeep\n|c|\u2606KingoftheTitans|Oh\n|\n|t:|1698540278\n|switch|p1a: Salamence|Salamence, M, shiny|100\/100\n|-ability|p1a: Salamence|Intimidate|boost\n|-unboost|p2a: Ingressus|atk|1\n|turn|7\n|\n|t:|1698540282\n|switch|p2a: The Ardoni|Falinks, shiny|100\/100\n|detailschange|p1a: Salamence|Salamence-Mega, M, shiny\n|-mega|p1a: Salamence|Salamence|Salamencite\n|move|p1a: Salamence|Body Slam|p2a: The Ardoni\n|-supereffective|p2a: The Ardoni\n|-enditem|p2a: The Ardoni|Focus Sash\n|-damage|p2a: The Ardoni|1\/100\n|\n|upkeep\n|turn|8\n|c|\u2606KingoftheTitans|WAIT\n|c|\u2606KingoftheTitans|IS THIS A SONGS OF WAR TEAM???\n|\n|t:|1698540297\n|move|p1a: Salamence|Earthquake|p2a: The Ardoni\n|-damage|p2a: The Ardoni|0 fnt\n|faint|p2a: The Ardoni\n|\n|upkeep\n|\n|t:|1698540301\n|switch|p2a: Ingressus|Marshadow|100\/100\n|turn|9\n|\n|t:|1698540303\n|move|p2a: Ingressus|Outrage|p1a: Salamence\n|-supereffective|p1a: Salamence\n|-crit|p1a: Salamence\n|-damage|p1a: Salamence|8\/100\n|move|p1a: Salamence|Body Slam|p2a: Ingressus\n|-supereffective|p2a: Ingressus\n|-enditem|p2a: Ingressus|Focus Sash\n|-damage|p2a: Ingressus|1\/100\n|\n|upkeep\n|turn|10\n|\n|t:|1698540311\n|switch|p1a: Flutter Mane|Flutter Mane, shiny|100\/100\n|-enditem|p1a: Flutter Mane|Booster Energy\n|-activate|p1a: Flutter Mane|ability: Protosynthesis|[fromitem]\n|-start|p1a: Flutter Mane|protosynthesisspe\n|move|p2a: Ingressus|Outrage|p1a: Flutter Mane|[from]lockedmove\n|-immune|p1a: Flutter Mane\n|-start|p2a: Ingressus|confusion|[fatigue]\n|\n|upkeep\n|turn|11\n|\n|t:|1698540320\n|-terastallize|p2a: Ingressus|Normal\n|move|p1a: Flutter Mane|Shadow Ball|p2a: Ingressus\n|-immune|p2a: Ingressus\n|-activate|p2a: Ingressus|confusion\n|move|p2a: Ingressus|Iron Head|p1a: Flutter Mane\n|-supereffective|p1a: Flutter Mane\n|-damage|p1a: Flutter Mane|0 fnt\n|faint|p1a: Flutter Mane\n|-end|p1a: Flutter Mane|Protosynthesis|[silent]\n|\n|upkeep\n|\n|t:|1698540331\n|switch|p1a: Dragapult|Dragapult, M, shiny|100\/100\n|turn|12\n|\n|t:|1698540333\n|move|p1a: Dragapult|Surf|p2a: Ingressus\n|-damage|p2a: Ingressus|0 fnt\n|faint|p2a: Ingressus\n|\n|win|KingoftheTitans\n|raw|KingoftheTitans's rating: 1361 &rarr; <strong>1378<\/strong><br \/>(+17 for winning)\n|raw|Voltaris33's rating: 1306 &rarr; <strong>1289<\/strong><br \/>(-17 for losing)\n|l|\u2606Voltaris33\n","uploadtime":1698540340,"views":13,"p1id":"kingofthetitans","p2id":"voltaris33","formatid":"gen9nationaldexubers","rating":1289,"private":0,"password":""}