{"id":"gen9nationaldexubers-1988370126","p1":"MrBearmanchild","p2":"SkylarSoren","format":"[Gen 9] National Dex Ubers","log":"|j|\u2606MrBearmanchild\n|j|\u2606SkylarSoren\n|t:|1699715077\n|gametype|singles\n|player|p1|MrBearmanchild|1|\n|player|p2|SkylarSoren|ethan-masters|\n|teamsize|p1|6\n|teamsize|p2|6\n|gen|9\n|tier|[Gen 9] National Dex Ubers\n|rule|HP Percentage Mod: HP is shown in percentages\n|rule|Endless Battle Clause: Forcing endless battles is banned\n|rule|OHKO Clause: OHKO moves are banned\n|rule|Evasion Moves Clause: Evasion moves are banned\n|rule|Evasion Items Clause: Evasion items are banned\n|rule|Species Clause: Limit one of each Pok\u00e9mon\n|rule|Sleep Clause Mod: Limit one foe put to sleep\n|rule|Mega Rayquaza Clause: You cannot mega evolve Rayquaza\n|clearpoke\n|poke|p1|Marshadow|\n|poke|p1|Corviknight, M|\n|poke|p1|Lopunny, M|\n|poke|p1|Araquanid, M|\n|poke|p1|Glimmora, F|\n|poke|p1|Dondozo, M|\n|poke|p2|Suicune|\n|poke|p2|Lopunny, F|\n|poke|p2|Serperior, F|\n|poke|p2|Cinderace, F|\n|poke|p2|Tapu Fini|\n|poke|p2|Zekrom|\n|teampreview\n|\n|t:|1699715088\n|start\n|switch|p1a: Araquanid|Araquanid, M|100\/100\n|switch|p2a: Cinderace|Cinderace, F|100\/100\n|turn|1\n|c|\u2606MrBearmanchild|Glhf\n|\n|t:|1699715101\n|move|p2a: Cinderace|U-turn|p1a: Araquanid\n|-start|p2a: Cinderace|typechange|Bug|[from] ability: Libero\n|-damage|p1a: Araquanid|66\/100\n|\n|t:|1699715105\n|switch|p2a: Zekrom|Zekrom|100\/100|[from] U-turn\n|-ability|p2a: Zekrom|Teravolt\n|move|p1a: Araquanid|Poison Jab|p2a: Zekrom\n|-damage|p2a: Zekrom|81\/100\n|-status|p2a: Zekrom|psn\n|\n|-damage|p2a: Zekrom|69\/100 psn|[from] psn\n|upkeep\n|turn|2\n|\n|t:|1699715121\n|switch|p1a: Glimmora|Glimmora, F|100\/100\n|move|p2a: Zekrom|Dragon Dance|p2a: Zekrom\n|-boost|p2a: Zekrom|atk|1\n|-boost|p2a: Zekrom|spe|1\n|\n|-damage|p2a: Zekrom|57\/100 psn|[from] psn\n|upkeep\n|turn|3\n|\n|t:|1699715134\n|move|p2a: Zekrom|Volt Switch|p1a: Glimmora\n|-damage|p1a: Glimmora|69\/100\n|\n|t:|1699715140\n|switch|p2a: Tapu Fini|Tapu Fini|100\/100|[from] Volt Switch\n|-fieldstart|move: Misty Terrain|[from] ability: Misty Surge|[of] p2a: Tapu Fini\n|move|p1a: Glimmora|Earth Power|p2a: Tapu Fini\n|-damage|p2a: Tapu Fini|83\/100\n|\n|-heal|p1a: Glimmora|75\/100|[from] item: Black Sludge\n|-heal|p2a: Tapu Fini|89\/100|[from] item: Leftovers\n|upkeep\n|turn|4\n|\n|t:|1699715162\n|switch|p1a: Araquanid|Araquanid, M|66\/100\n|switch|p2a: Suicune|Suicune, shiny|100\/100\n|-ability|p2a: Suicune|Pressure\n|\n|upkeep\n|turn|5\n|\n|t:|1699715171\n|move|p2a: Suicune|Substitute|p2a: Suicune\n|-start|p2a: Suicune|Substitute\n|-damage|p2a: Suicune|75\/100\n|move|p1a: Araquanid|Poison Jab|p2a: Suicune\n|-activate|p2a: Suicune|move: Substitute|[damage]\n|\n|-heal|p2a: Suicune|82\/100|[from] item: Leftovers\n|upkeep\n|turn|6\n|\n|t:|1699715180\n|move|p2a: Suicune|Calm Mind|p2a: Suicune\n|-boost|p2a: Suicune|spa|1\n|-boost|p2a: Suicune|spd|1\n|move|p1a: Araquanid|Leech Life|p2a: Suicune\n|-end|p2a: Suicune|Substitute\n|-heal|p1a: Araquanid|72\/100|[from] drain|[of] p2a: Suicune\n|\n|-heal|p2a: Suicune|88\/100|[from] item: Leftovers\n|upkeep\n|turn|7\n|\n|t:|1699715192\n|move|p2a: Suicune|Substitute|p2a: Suicune\n|-start|p2a: Suicune|Substitute\n|-damage|p2a: Suicune|63\/100\n|move|p1a: Araquanid|Leech Life|p2a: Suicune\n|-activate|p2a: Suicune|move: Substitute|[damage]\n|-heal|p1a: Araquanid|84\/100|[from] drain|[of] p2a: Suicune\n|\n|-heal|p2a: Suicune|69\/100|[from] item: Leftovers\n|-fieldend|Misty Terrain\n|upkeep\n|turn|8\n|\n|t:|1699715203\n|move|p2a: Suicune|Protect|p2a: Suicune\n|-singleturn|p2a: Suicune|Protect\n|move|p1a: Araquanid|Leech Life|p2a: Suicune\n|-activate|p2a: Suicune|move: Protect\n|\n|-heal|p2a: Suicune|75\/100|[from] item: Leftovers\n|upkeep\n|turn|9\n|\n|t:|1699715213\n|move|p2a: Suicune|Calm Mind|p2a: Suicune\n|-boost|p2a: Suicune|spa|1\n|-boost|p2a: Suicune|spd|1\n|move|p1a: Araquanid|Leech Life|p2a: Suicune\n|-crit|p2a: Suicune\n|-end|p2a: Suicune|Substitute\n|-heal|p1a: Araquanid|87\/100|[from] drain|[of] p2a: Suicune\n|\n|-heal|p2a: Suicune|81\/100|[from] item: Leftovers\n|upkeep\n|turn|10\n|\n|t:|1699715225\n|move|p2a: Suicune|Protect|p2a: Suicune\n|-singleturn|p2a: Suicune|Protect\n|move|p1a: Araquanid|Sticky Web|p2a: Suicune\n|-sidestart|p2: SkylarSoren|move: Sticky Web\n|\n|-heal|p2a: Suicune|88\/100|[from] item: Leftovers\n|upkeep\n|turn|11\n|\n|t:|1699715233\n|move|p2a: Suicune|Substitute|p2a: Suicune\n|-start|p2a: Suicune|Substitute\n|-damage|p2a: Suicune|63\/100\n|move|p1a: Araquanid|Poison Jab|p2a: Suicune\n|-activate|p2a: Suicune|move: Substitute|[damage]\n|\n|-heal|p2a: Suicune|69\/100|[from] item: Leftovers\n|upkeep\n|turn|12\n|\n|t:|1699715243\n|move|p2a: Suicune|Calm Mind|p2a: Suicune\n|-boost|p2a: Suicune|spa|1\n|-boost|p2a: Suicune|spd|1\n|move|p1a: Araquanid|Poison Jab|p2a: Suicune\n|-end|p2a: Suicune|Substitute\n|\n|-heal|p2a: Suicune|75\/100|[from] item: Leftovers\n|upkeep\n|turn|13\n|\n|t:|1699715256\n|move|p2a: Suicune|Protect|p2a: Suicune\n|-singleturn|p2a: Suicune|Protect\n|move|p1a: Araquanid|Leech Life|p2a: Suicune\n|-activate|p2a: Suicune|move: Protect\n|\n|-heal|p2a: Suicune|81\/100|[from] item: Leftovers\n|upkeep\n|turn|14\n|\n|t:|1699715265\n|switch|p1a: Dondozo|Dondozo, M|100\/100\n|move|p2a: Suicune|Substitute|p2a: Suicune\n|-start|p2a: Suicune|Substitute\n|-damage|p2a: Suicune|56\/100\n|\n|-heal|p2a: Suicune|62\/100|[from] item: Leftovers\n|upkeep\n|turn|15\n|\n|t:|1699715294\n|switch|p2a: Serperior|Serperior, F|100\/100\n|-activate|p2a: Serperior|move: Sticky Web\n|-boost|p2a: Serperior|spe|1\n|move|p1a: Dondozo|Earthquake|p2a: Serperior\n|-resisted|p2a: Serperior\n|-damage|p2a: Serperior|82\/100\n|\n|-heal|p2a: Serperior|89\/100|[from] item: Leftovers\n|upkeep\n|turn|16\n|\n|t:|1699715307\n|switch|p1a: Corviknight|Corviknight, M|100\/100\n|move|p2a: Serperior|Leech Seed|p1a: Corviknight\n|-start|p1a: Corviknight|move: Leech Seed\n|\n|-heal|p2a: Serperior|95\/100|[from] item: Leftovers\n|-damage|p1a: Corviknight|88\/100|[from] Leech Seed|[of] p2a: Serperior\n|-heal|p2a: Serperior|100\/100|[silent]\n|upkeep\n|turn|17\n|\n|t:|1699715320\n|move|p2a: Serperior|Glare|p1a: Corviknight\n|-status|p1a: Corviknight|par\n|move|p1a: Corviknight|Brave Bird|p2a: Serperior\n|-supereffective|p2a: Serperior\n|-damage|p2a: Serperior|18\/100\n|-damage|p1a: Corviknight|67\/100 par|[from] Recoil\n|\n|-heal|p2a: Serperior|24\/100|[from] item: Leftovers\n|-heal|p1a: Corviknight|73\/100 par|[from] item: Leftovers\n|-damage|p1a: Corviknight|61\/100 par|[from] Leech Seed|[of] p2a: Serperior\n|-heal|p2a: Serperior|40\/100|[silent]\n|upkeep\n|turn|18\n|\n|t:|1699715336\n|switch|p2a: Cinderace|Cinderace, F|100\/100\n|cant|p1a: Corviknight|par\n|\n|-heal|p1a: Corviknight|67\/100 par|[from] item: Leftovers\n|-damage|p1a: Corviknight|55\/100 par|[from] Leech Seed|[of] p2a: Cinderace\n|upkeep\n|turn|19\n|\n|t:|1699715346\n|switch|p1a: Glimmora|Glimmora, F|75\/100\n|move|p2a: Cinderace|Court Change|p2a: Cinderace\n|-start|p2a: Cinderace|typechange|Normal|[from] ability: Libero\n|-swapsideconditions\n|-activate|p2a: Cinderace|move: Court Change\n|\n|-heal|p1a: Glimmora|81\/100|[from] item: Black Sludge\n|upkeep\n|turn|20\n|\n|t:|1699715356\n|switch|p2a: Tapu Fini|Tapu Fini|89\/100\n|-fieldstart|move: Misty Terrain|[from] ability: Misty Surge|[of] p2a: Tapu Fini\n|move|p1a: Glimmora|Mortal Spin|p2a: Tapu Fini\n|-supereffective|p2a: Tapu Fini\n|-damage|p2a: Tapu Fini|78\/100\n|-sideend|p1: MrBearmanchild|Sticky Web|[from] move: Mortal Spin|[of] p1a: Glimmora\n|\n|-heal|p1a: Glimmora|88\/100|[from] item: Black Sludge\n|-heal|p2a: Tapu Fini|84\/100|[from] item: Leftovers\n|upkeep\n|turn|21\n|\n|t:|1699715376\n|switch|p1a: Araquanid|Araquanid, M|87\/100\n|move|p2a: Tapu Fini|Calm Mind|p2a: Tapu Fini\n|-boost|p2a: Tapu Fini|spa|1\n|-boost|p2a: Tapu Fini|spd|1\n|\n|-heal|p2a: Tapu Fini|90\/100|[from] item: Leftovers\n|upkeep\n|turn|22\n|\n|t:|1699715387\n|-terastallize|p2a: Tapu Fini|Steel\n|move|p2a: Tapu Fini|Iron Defense|p2a: Tapu Fini\n|-boost|p2a: Tapu Fini|def|2\n|move|p1a: Araquanid|Poison Jab|p2a: Tapu Fini\n|-immune|p2a: Tapu Fini\n|\n|-heal|p2a: Tapu Fini|96\/100|[from] item: Leftovers\n|upkeep\n|turn|23\n|\n|t:|1699715398\n|move|p2a: Tapu Fini|Iron Defense|p2a: Tapu Fini\n|-boost|p2a: Tapu Fini|def|2\n|move|p1a: Araquanid|Liquidation|p2a: Tapu Fini\n|-damage|p2a: Tapu Fini|77\/100\n|-unboost|p2a: Tapu Fini|def|1\n|\n|-heal|p2a: Tapu Fini|83\/100|[from] item: Leftovers\n|upkeep\n|turn|24\n|\n|t:|1699715414\n|switch|p1a: Dondozo|Dondozo, M|100\/100\n|move|p2a: Tapu Fini|Iron Defense|p2a: Tapu Fini\n|-boost|p2a: Tapu Fini|def|2\n|\n|-heal|p2a: Tapu Fini|89\/100|[from] item: Leftovers\n|-fieldend|Misty Terrain\n|upkeep\n|turn|25\n|\n|t:|1699715425\n|move|p2a: Tapu Fini|Stored Power|p1a: Dondozo\n|-crit|p1a: Dondozo\n|-damage|p1a: Dondozo|65\/100\n|move|p1a: Dondozo|Earthquake|p2a: Tapu Fini\n|-supereffective|p2a: Tapu Fini\n|-damage|p2a: Tapu Fini|34\/100\n|\n|-heal|p2a: Tapu Fini|40\/100|[from] item: Leftovers\n|upkeep\n|turn|26\n|\n|t:|1699715456\n|switch|p2a: Serperior|Serperior, F|40\/100\n|move|p1a: Dondozo|Earthquake|p2a: Serperior\n|-resisted|p2a: Serperior\n|-damage|p2a: Serperior|21\/100\n|\n|-heal|p2a: Serperior|27\/100|[from] item: Leftovers\n|upkeep\n|turn|27\n|\n|t:|1699715467\n|switch|p1a: Corviknight|Corviknight, M|55\/100 par\n|move|p2a: Serperior|Leaf Storm|p1a: Corviknight\n|-resisted|p1a: Corviknight\n|-damage|p1a: Corviknight|46\/100 par\n|-boost|p2a: Serperior|spa|2\n|\n|-heal|p2a: Serperior|34\/100|[from] item: Leftovers\n|-heal|p1a: Corviknight|53\/100 par|[from] item: Leftovers\n|upkeep\n|turn|28\n|\n|t:|1699715478\n|switch|p2a: Zekrom|Zekrom|57\/100 psn\n|-ability|p2a: Zekrom|Teravolt\n|cant|p1a: Corviknight|par\n|\n|-heal|p1a: Corviknight|59\/100 par|[from] item: Leftovers\n|-damage|p2a: Zekrom|44\/100 psn|[from] psn\n|upkeep\n|turn|29\n|\n|t:|1699715490\n|switch|p1a: Glimmora|Glimmora, F|88\/100\n|move|p2a: Zekrom|Dragon Dance|p2a: Zekrom\n|-boost|p2a: Zekrom|atk|1\n|-boost|p2a: Zekrom|spe|1\n|\n|-heal|p1a: Glimmora|94\/100|[from] item: Black Sludge\n|-damage|p2a: Zekrom|32\/100 psn|[from] psn\n|upkeep\n|turn|30\n|\n|t:|1699715503\n|-terastallize|p1a: Glimmora|Ground\n|-zpower|p2a: Zekrom\n|move|p2a: Zekrom|Gigavolt Havoc|p1a: Glimmora|[zeffect]\n|-immune|p1a: Glimmora\n|move|p1a: Glimmora|Earth Power|p2a: Zekrom\n|-supereffective|p2a: Zekrom\n|-damage|p2a: Zekrom|0 fnt\n|faint|p2a: Zekrom\n|\n|-damage|p1a: Glimmora|81\/100|[from] item: Black Sludge\n|upkeep\n|\n|t:|1699715523\n|switch|p2a: Serperior|Serperior, F|34\/100\n|turn|31\n|\n|t:|1699715531\n|switch|p1a: Corviknight|Corviknight, M|59\/100 par\n|move|p2a: Serperior|Leaf Storm|p1a: Corviknight\n|-resisted|p1a: Corviknight\n|-damage|p1a: Corviknight|51\/100 par\n|-boost|p2a: Serperior|spa|2\n|\n|-heal|p2a: Serperior|40\/100|[from] item: Leftovers\n|-heal|p1a: Corviknight|58\/100 par|[from] item: Leftovers\n|upkeep\n|turn|32\n|\n|t:|1699715548\n|switch|p2a: Tapu Fini|Tapu Fini, tera:Steel|40\/100\n|-fieldstart|move: Misty Terrain|[from] ability: Misty Surge|[of] p2a: Tapu Fini\n|move|p1a: Corviknight|Brave Bird|p2a: Tapu Fini\n|-resisted|p2a: Tapu Fini\n|-damage|p2a: Tapu Fini|24\/100\n|-damage|p1a: Corviknight|53\/100 par|[from] Recoil\n|\n|-heal|p2a: Tapu Fini|30\/100|[from] item: Leftovers\n|-heal|p1a: Corviknight|59\/100 par|[from] item: Leftovers\n|upkeep\n|turn|33\n|\n|t:|1699715562\n|switch|p1a: Dondozo|Dondozo, M|65\/100\n|move|p2a: Tapu Fini|Iron Defense|p2a: Tapu Fini\n|-boost|p2a: Tapu Fini|def|2\n|\n|-heal|p2a: Tapu Fini|36\/100|[from] item: Leftovers\n|upkeep\n|turn|34\n|\n|t:|1699715570\n|switch|p2a: Serperior|Serperior, F|40\/100\n|move|p1a: Dondozo|Earthquake|p2a: Serperior\n|-resisted|p2a: Serperior\n|-damage|p2a: Serperior|20\/100\n|\n|-heal|p2a: Serperior|27\/100|[from] item: Leftovers\n|upkeep\n|turn|35\n|\n|t:|1699715583\n|switch|p1a: Corviknight|Corviknight, M|59\/100 par\n|move|p2a: Serperior|Leech Seed|p1a: Corviknight\n|-start|p1a: Corviknight|move: Leech Seed\n|\n|-heal|p2a: Serperior|33\/100|[from] item: Leftovers\n|-heal|p1a: Corviknight|66\/100 par|[from] item: Leftovers\n|-damage|p1a: Corviknight|53\/100 par|[from] Leech Seed|[of] p2a: Serperior\n|-heal|p2a: Serperior|49\/100|[silent]\n|upkeep\n|turn|36\n|\n|t:|1699715595\n|switch|p2a: Tapu Fini|Tapu Fini, tera:Steel|36\/100\n|move|p1a: Corviknight|Brave Bird|p2a: Tapu Fini\n|-resisted|p2a: Tapu Fini\n|-damage|p2a: Tapu Fini|22\/100\n|-damage|p1a: Corviknight|49\/100 par|[from] Recoil\n|\n|-heal|p2a: Tapu Fini|28\/100|[from] item: Leftovers\n|-heal|p1a: Corviknight|56\/100 par|[from] item: Leftovers\n|-damage|p1a: Corviknight|43\/100 par|[from] Leech Seed|[of] p2a: Tapu Fini\n|-heal|p2a: Tapu Fini|43\/100|[silent]\n|-fieldend|Misty Terrain\n|upkeep\n|turn|37\n|\n|t:|1699715611\n|switch|p2a: Serperior|Serperior, F|49\/100\n|switch|p1a: Glimmora|Glimmora, F, tera:Ground|81\/100\n|\n|-heal|p2a: Serperior|56\/100|[from] item: Leftovers\n|-damage|p1a: Glimmora|69\/100|[from] item: Black Sludge\n|upkeep\n|turn|38\n|\n|t:|1699715640\n|move|p2a: Serperior|Leaf Storm|p1a: Glimmora\n|-supereffective|p1a: Glimmora\n|-damage|p1a: Glimmora|0 fnt\n|-boost|p2a: Serperior|spa|2\n|faint|p1a: Glimmora\n|\n|-heal|p2a: Serperior|62\/100|[from] item: Leftovers\n|upkeep\n|\n|t:|1699715653\n|switch|p1a: Lopunny|Lopunny, M|100\/100\n|turn|39\n|\n|t:|1699715674\n|switch|p2a: Tapu Fini|Tapu Fini, tera:Steel|43\/100\n|-fieldstart|move: Misty Terrain|[from] ability: Misty Surge|[of] p2a: Tapu Fini\n|detailschange|p1a: Lopunny|Lopunny-Mega, M\n|-mega|p1a: Lopunny|Lopunny|Lopunnite\n|move|p1a: Lopunny|Fake Out|p2a: Tapu Fini\n|-resisted|p2a: Tapu Fini\n|-damage|p2a: Tapu Fini|34\/100\n|\n|-heal|p2a: Tapu Fini|40\/100|[from] item: Leftovers\n|upkeep\n|turn|40\n|\n|t:|1699715694\n|move|p1a: Lopunny|Drain Punch|p2a: Tapu Fini\n|-supereffective|p2a: Tapu Fini\n|-damage|p2a: Tapu Fini|0 fnt\n|faint|p2a: Tapu Fini\n|\n|upkeep\n|\n|t:|1699715701\n|switch|p2a: Lopunny|Lopunny, F, shiny|100\/100\n|turn|41\n|\n|t:|1699715707\n|switch|p1a: Corviknight|Corviknight, M|43\/100 par\n|detailschange|p2a: Lopunny|Lopunny-Mega, F, shiny\n|-mega|p2a: Lopunny|Lopunny|Lopunnite\n|move|p2a: Lopunny|Fake Out|p1a: Corviknight\n|-resisted|p1a: Corviknight\n|-damage|p1a: Corviknight|33\/100 par\n|\n|-heal|p1a: Corviknight|39\/100 par|[from] item: Leftovers\n|upkeep\n|turn|42\n|\n|t:|1699715718\n|move|p2a: Lopunny|U-turn|p1a: Corviknight\n|-resisted|p1a: Corviknight\n|-damage|p1a: Corviknight|35\/100 par\n|\n|t:|1699715722\n|switch|p2a: Suicune|Suicune, shiny|62\/100|[from] U-turn\n|-ability|p2a: Suicune|Pressure\n|move|p1a: Corviknight|Roost|p1a: Corviknight\n|-heal|p1a: Corviknight|85\/100 par\n|-singleturn|p1a: Corviknight|move: Roost\n|\n|-heal|p2a: Suicune|69\/100|[from] item: Leftovers\n|-heal|p1a: Corviknight|91\/100 par|[from] item: Leftovers\n|upkeep\n|turn|43\n|\n|t:|1699715734\n|move|p2a: Suicune|Protect|p2a: Suicune\n|-singleturn|p2a: Suicune|Protect\n|move|p1a: Corviknight|Brave Bird|p2a: Suicune\n|-activate|p2a: Suicune|move: Protect\n|\n|-heal|p2a: Suicune|75\/100|[from] item: Leftovers\n|-heal|p1a: Corviknight|97\/100 par|[from] item: Leftovers\n|-fieldend|Misty Terrain\n|upkeep\n|turn|44\n|\n|t:|1699715748\n|move|p2a: Suicune|Substitute|p2a: Suicune\n|-start|p2a: Suicune|Substitute\n|-damage|p2a: Suicune|50\/100\n|move|p1a: Corviknight|Brave Bird|p2a: Suicune\n|-activate|p2a: Suicune|move: Substitute|[damage]\n|-damage|p1a: Corviknight|90\/100 par|[from] Recoil|[of] p2a: Suicune\n|\n|-heal|p2a: Suicune|56\/100|[from] item: Leftovers\n|-heal|p1a: Corviknight|96\/100 par|[from] item: Leftovers\n|upkeep\n|turn|45\n|\n|t:|1699715760\n|move|p2a: Suicune|Protect|p2a: Suicune\n|-singleturn|p2a: Suicune|Protect\n|move|p1a: Corviknight|Brave Bird|p2a: Suicune\n|-activate|p2a: Suicune|move: Protect\n|\n|-heal|p2a: Suicune|62\/100|[from] item: Leftovers\n|-heal|p1a: Corviknight|100\/100 par|[from] item: Leftovers\n|upkeep\n|turn|46\n|\n|t:|1699715771\n|move|p2a: Suicune|Calm Mind|p2a: Suicune\n|-boost|p2a: Suicune|spa|1\n|-boost|p2a: Suicune|spd|1\n|move|p1a: Corviknight|Body Press|p2a: Suicune\n|-end|p2a: Suicune|Substitute\n|\n|-heal|p2a: Suicune|68\/100|[from] item: Leftovers\n|upkeep\n|turn|47\n|\n|t:|1699715783\n|move|p2a: Suicune|Scald|p1a: Corviknight\n|-damage|p1a: Corviknight|75\/100 par\n|move|p1a: Corviknight|Bulk Up|p1a: Corviknight\n|-boost|p1a: Corviknight|atk|1\n|-boost|p1a: Corviknight|def|1\n|\n|-heal|p2a: Suicune|75\/100|[from] item: Leftovers\n|-heal|p1a: Corviknight|81\/100 par|[from] item: Leftovers\n|upkeep\n|turn|48\n|\n|t:|1699715800\n|move|p2a: Suicune|Substitute|p2a: Suicune\n|-start|p2a: Suicune|Substitute\n|-damage|p2a: Suicune|50\/100\n|move|p1a: Corviknight|Bulk Up|p1a: Corviknight\n|-boost|p1a: Corviknight|atk|1\n|-boost|p1a: Corviknight|def|1\n|\n|-heal|p2a: Suicune|56\/100|[from] item: Leftovers\n|-heal|p1a: Corviknight|87\/100 par|[from] item: Leftovers\n|upkeep\n|turn|49\n|\n|t:|1699715810\n|move|p2a: Suicune|Calm Mind|p2a: Suicune\n|-boost|p2a: Suicune|spa|1\n|-boost|p2a: Suicune|spd|1\n|move|p1a: Corviknight|Body Press|p2a: Suicune\n|-activate|p2a: Suicune|move: Substitute|[damage]\n|\n|-heal|p2a: Suicune|62\/100|[from] item: Leftovers\n|-heal|p1a: Corviknight|93\/100 par|[from] item: Leftovers\n|upkeep\n|turn|50\n|\n|t:|1699715821\n|move|p2a: Suicune|Scald|p1a: Corviknight\n|-damage|p1a: Corviknight|57\/100 par\n|move|p1a: Corviknight|Body Press|p2a: Suicune\n|-end|p2a: Suicune|Substitute\n|\n|-heal|p2a: Suicune|68\/100|[from] item: Leftovers\n|-heal|p1a: Corviknight|63\/100 par|[from] item: Leftovers\n|upkeep\n|turn|51\n|\n|t:|1699715832\n|move|p2a: Suicune|Scald|p1a: Corviknight\n|-damage|p1a: Corviknight|31\/100 par\n|move|p1a: Corviknight|Brave Bird|p2a: Suicune\n|-damage|p2a: Suicune|15\/100\n|-damage|p1a: Corviknight|13\/100 par|[from] Recoil\n|\n|-heal|p2a: Suicune|22\/100|[from] item: Leftovers\n|-heal|p1a: Corviknight|20\/100 par|[from] item: Leftovers\n|upkeep\n|turn|52\n|\n|t:|1699715847\n|move|p2a: Suicune|Scald|p1a: Corviknight\n|-damage|p1a: Corviknight|0 fnt\n|faint|p1a: Corviknight\n|\n|-heal|p2a: Suicune|28\/100|[from] item: Leftovers\n|upkeep\n|l|\u2606SkylarSoren\n|player|p2|\n|\n|t:|1699715862\n|switch|p1a: Dondozo|Dondozo, M|65\/100\n|turn|53\n|j|\u2606SkylarSoren\n|player|p2|SkylarSoren|ethan-masters\n|\n|t:|1699715869\n|move|p2a: Suicune|Protect|p2a: Suicune\n|-singleturn|p2a: Suicune|Protect\n|move|p1a: Dondozo|Earthquake|p2a: Suicune\n|-activate|p2a: Suicune|move: Protect\n|\n|-heal|p2a: Suicune|34\/100|[from] item: Leftovers\n|upkeep\n|turn|54\n|\n|t:|1699715884\n|switch|p2a: Serperior|Serperior, F|62\/100\n|move|p1a: Dondozo|Earthquake|p2a: Serperior\n|-resisted|p2a: Serperior\n|-crit|p2a: Serperior\n|-damage|p2a: Serperior|33\/100\n|\n|-heal|p2a: Serperior|39\/100|[from] item: Leftovers\n|upkeep\n|turn|55\n|\n|t:|1699715899\n|switch|p1a: Araquanid|Araquanid, M|87\/100\n|move|p2a: Serperior|Glare|p1a: Araquanid\n|-status|p1a: Araquanid|par\n|\n|-heal|p2a: Serperior|45\/100|[from] item: Leftovers\n|upkeep\n|turn|56\n|\n|t:|1699715925\n|move|p2a: Serperior|Substitute|p2a: Serperior\n|-start|p2a: Serperior|Substitute\n|-damage|p2a: Serperior|20\/100\n|cant|p1a: Araquanid|par\n|\n|-heal|p2a: Serperior|27\/100|[from] item: Leftovers\n|upkeep\n|turn|57\n|\n|t:|1699715934\n|move|p2a: Serperior|Leech Seed|p1a: Araquanid|[miss]\n|-miss|p2a: Serperior|p1a: Araquanid\n|cant|p1a: Araquanid|par\n|\n|-heal|p2a: Serperior|33\/100|[from] item: Leftovers\n|upkeep\n|turn|58\n|\n|t:|1699715942\n|move|p2a: Serperior|Leech Seed|p1a: Araquanid\n|-start|p1a: Araquanid|move: Leech Seed\n|move|p1a: Araquanid|Poison Jab|p2a: Serperior\n|-supereffective|p2a: Serperior\n|-end|p2a: Serperior|Substitute\n|\n|-heal|p2a: Serperior|39\/100|[from] item: Leftovers\n|-damage|p1a: Araquanid|75\/100 par|[from] Leech Seed|[of] p2a: Serperior\n|-heal|p2a: Serperior|53\/100|[silent]\n|upkeep\n|turn|59\n|\n|t:|1699715953\n|move|p2a: Serperior|Substitute|p2a: Serperior\n|-start|p2a: Serperior|Substitute\n|-damage|p2a: Serperior|28\/100\n|move|p1a: Araquanid|Leech Life|p2a: Serperior\n|-supereffective|p2a: Serperior\n|-end|p2a: Serperior|Substitute\n|-heal|p1a: Araquanid|86\/100 par|[from] drain|[of] p2a: Serperior\n|\n|-heal|p2a: Serperior|34\/100|[from] item: Leftovers\n|-damage|p1a: Araquanid|74\/100 par|[from] Leech Seed|[of] p2a: Serperior\n|-heal|p2a: Serperior|48\/100|[silent]\n|upkeep\n|turn|60\n|\n|t:|1699715965\n|move|p2a: Serperior|Substitute|p2a: Serperior\n|-start|p2a: Serperior|Substitute\n|-damage|p2a: Serperior|23\/100\n|move|p1a: Araquanid|Leech Life|p2a: Serperior\n|-supereffective|p2a: Serperior\n|-end|p2a: Serperior|Substitute\n|-heal|p1a: Araquanid|85\/100 par|[from] drain|[of] p2a: Serperior\n|\n|-heal|p2a: Serperior|29\/100|[from] item: Leftovers\n|-damage|p1a: Araquanid|72\/100 par|[from] Leech Seed|[of] p2a: Serperior\n|-heal|p2a: Serperior|43\/100|[silent]\n|upkeep\n|turn|61\n|\n|t:|1699715977\n|move|p2a: Serperior|Substitute|p2a: Serperior\n|-start|p2a: Serperior|Substitute\n|-damage|p2a: Serperior|18\/100\n|move|p1a: Araquanid|Leech Life|p2a: Serperior\n|-supereffective|p2a: Serperior\n|-end|p2a: Serperior|Substitute\n|-heal|p1a: Araquanid|84\/100 par|[from] drain|[of] p2a: Serperior\n|\n|-heal|p2a: Serperior|24\/100|[from] item: Leftovers\n|-damage|p1a: Araquanid|71\/100 par|[from] Leech Seed|[of] p2a: Serperior\n|-heal|p2a: Serperior|38\/100|[silent]\n|upkeep\n|turn|62\n|\n|t:|1699715990\n|move|p2a: Serperior|Substitute|p2a: Serperior\n|-start|p2a: Serperior|Substitute\n|-damage|p2a: Serperior|13\/100\n|cant|p1a: Araquanid|par\n|\n|-heal|p2a: Serperior|20\/100|[from] item: Leftovers\n|-damage|p1a: Araquanid|59\/100 par|[from] Leech Seed|[of] p2a: Serperior\n|-heal|p2a: Serperior|33\/100|[silent]\n|upkeep\n|turn|63\n|\n|t:|1699716003\n|move|p2a: Serperior|Leaf Storm|p1a: Araquanid\n|-damage|p1a: Araquanid|22\/100 par\n|-boost|p2a: Serperior|spa|2\n|move|p1a: Araquanid|Poison Jab|p2a: Serperior\n|-supereffective|p2a: Serperior\n|-end|p2a: Serperior|Substitute\n|\n|-heal|p2a: Serperior|40\/100|[from] item: Leftovers\n|-damage|p1a: Araquanid|10\/100 par|[from] Leech Seed|[of] p2a: Serperior\n|-heal|p2a: Serperior|53\/100|[silent]\n|upkeep\n|turn|64\n|\n|t:|1699716023\n|move|p2a: Serperior|Leaf Storm|p1a: Araquanid|[miss]\n|-miss|p2a: Serperior|p1a: Araquanid\n|cant|p1a: Araquanid|par\n|\n|-heal|p2a: Serperior|60\/100|[from] item: Leftovers\n|-damage|p1a: Araquanid|0 fnt|[from] Leech Seed|[of] p2a: Serperior\n|-heal|p2a: Serperior|70\/100|[silent]\n|faint|p1a: Araquanid\n|upkeep\n|\n|t:|1699716040\n|switch|p1a: Lopunny|Lopunny-Mega, M|100\/100\n|turn|65\n|\n|t:|1699716055\n|switch|p2a: Cinderace|Cinderace, F|100\/100\n|move|p1a: Lopunny|Fake Out|p2a: Cinderace\n|-damage|p2a: Cinderace|68\/100\n|\n|upkeep\n|turn|66\n|\n|t:|1699716070\n|move|p1a: Lopunny|Return|p2a: Cinderace\n|-damage|p2a: Cinderace|0 fnt\n|faint|p2a: Cinderace\n|\n|upkeep\n|\n|t:|1699716082\n|switch|p2a: Lopunny|Lopunny-Mega, F, shiny|100\/100\n|turn|67\n|\n|t:|1699716086\n|switch|p1a: Dondozo|Dondozo, M|65\/100\n|move|p2a: Lopunny|Fake Out|p1a: Dondozo\n|-damage|p1a: Dondozo|52\/100\n|\n|upkeep\n|turn|68\n|\n|t:|1699716105\n|move|p2a: Lopunny|U-turn|p1a: Dondozo\n|-damage|p1a: Dondozo|37\/100\n|\n|t:|1699716108\n|switch|p2a: Serperior|Serperior, F|70\/100|[from] U-turn\n|move|p1a: Dondozo|Heavy Slam|p2a: Serperior\n|-damage|p2a: Serperior|40\/100\n|\n|-heal|p2a: Serperior|46\/100|[from] item: Leftovers\n|upkeep\n|turn|69\n|\n|t:|1699716118\n|move|p2a: Serperior|Glare|p1a: Dondozo\n|-status|p1a: Dondozo|par\n|move|p1a: Dondozo|Heavy Slam|p2a: Serperior\n|-damage|p2a: Serperior|15\/100\n|\n|-heal|p2a: Serperior|21\/100|[from] item: Leftovers\n|upkeep\n|turn|70\n|\n|t:|1699716128\n|move|p2a: Serperior|Leaf Storm|p1a: Dondozo\n|-supereffective|p1a: Dondozo\n|-damage|p1a: Dondozo|0 fnt\n|-boost|p2a: Serperior|spa|2\n|faint|p1a: Dondozo\n|\n|-heal|p2a: Serperior|28\/100|[from] item: Leftovers\n|upkeep\n|\n|t:|1699716136\n|switch|p1a: Lopunny|Lopunny-Mega, M|100\/100\n|turn|71\n|\n|t:|1699716144\n|move|p1a: Lopunny|Return|p2a: Serperior\n|-damage|p2a: Serperior|0 fnt\n|faint|p2a: Serperior\n|\n|upkeep\n|\n|t:|1699716150\n|switch|p2a: Lopunny|Lopunny-Mega, F, shiny|100\/100\n|turn|72\n|\n|t:|1699716159\n|switch|p1a: Marshadow|Marshadow|100\/100\n|move|p2a: Lopunny|Fake Out|p1a: Marshadow\n|-damage|p1a: Marshadow|74\/100\n|\n|upkeep\n|turn|73\n|\n|t:|1699716172\n|move|p2a: Lopunny|Close Combat|p1a: Marshadow\n|-damage|p1a: Marshadow|0 fnt\n|-unboost|p2a: Lopunny|def|1\n|-unboost|p2a: Lopunny|spd|1\n|faint|p1a: Marshadow\n|\n|upkeep\n|\n|t:|1699716178\n|switch|p1a: Lopunny|Lopunny-Mega, M|100\/100\n|turn|74\n|\n|t:|1699716182\n|switch|p2a: Suicune|Suicune, shiny|34\/100\n|-ability|p2a: Suicune|Pressure\n|move|p1a: Lopunny|Drain Punch|p2a: Suicune\n|-damage|p2a: Suicune|6\/100\n|\n|-heal|p2a: Suicune|12\/100|[from] item: Leftovers\n|upkeep\n|turn|75\n|\n|t:|1699716194\n|move|p2a: Suicune|Protect|p2a: Suicune\n|-singleturn|p2a: Suicune|Protect\n|move|p1a: Lopunny|Return|p2a: Suicune\n|-activate|p2a: Suicune|move: Protect\n|\n|-heal|p2a: Suicune|19\/100|[from] item: Leftovers\n|upkeep\n|turn|76\n|\n|t:|1699716204\n|move|p2a: Suicune|Protect||[still]\n|-fail|p2a: Suicune\n|move|p1a: Lopunny|Return|p2a: Suicune\n|-damage|p2a: Suicune|0 fnt\n|faint|p2a: Suicune\n|\n|upkeep\n|\n|t:|1699716212\n|switch|p2a: Lopunny|Lopunny-Mega, F, shiny|100\/100\n|turn|77\n|\n|t:|1699716215\n|move|p2a: Lopunny|Fake Out|p1a: Lopunny\n|-damage|p1a: Lopunny|70\/100\n|cant|p1a: Lopunny|flinch\n|\n|upkeep\n|turn|78\n|\n|t:|1699716221\n|move|p2a: Lopunny|Close Combat|p1a: Lopunny\n|-supereffective|p1a: Lopunny\n|-damage|p1a: Lopunny|0 fnt\n|-unboost|p2a: Lopunny|def|1\n|-unboost|p2a: Lopunny|spd|1\n|faint|p1a: Lopunny\n|\n|win|SkylarSoren\n","uploadtime":1699716230,"views":19,"p1id":"mrbearmanchild","p2id":"skylarsoren","formatid":"gen9nationaldexubers","rating":0,"private":0,"password":""}