{"id":"gen9nationaldexubers-1982546150","p1":"99% lose rate","p2":"DeparKS","format":"[Gen 9] National Dex Ubers","log":"|j|\u260699% lose rate\n|j|\u2606DeparKS\n|t:|1699024458\n|gametype|singles\n|player|p1|99% lose rate|giovanni|1231\n|player|p2|DeparKS|unknown|1133\n|teamsize|p1|6\n|teamsize|p2|6\n|gen|9\n|tier|[Gen 9] National Dex Ubers\n|rated|\n|rule|HP Percentage Mod: HP is shown in percentages\n|rule|Endless Battle Clause: Forcing endless battles is banned\n|rule|OHKO Clause: OHKO moves are banned\n|rule|Evasion Moves Clause: Evasion moves are banned\n|rule|Evasion Items Clause: Evasion items are banned\n|rule|Species Clause: Limit one of each Pok\u00e9mon\n|rule|Sleep Clause Mod: Limit one foe put to sleep\n|rule|Mega Rayquaza Clause: You cannot mega evolve Rayquaza\n|clearpoke\n|poke|p1|Ursaluna-Bloodmoon, M|\n|poke|p1|Slowbro, F|\n|poke|p1|Incineroar, F|\n|poke|p1|Crobat, F|\n|poke|p1|Typhlosion-Hisui, F|\n|poke|p1|Garganacl, F|\n|poke|p2|Politoed, F|\n|poke|p2|Pelipper, F|\n|poke|p2|Manaphy|\n|poke|p2|Swampert, F|\n|poke|p2|Zapdos|\n|poke|p2|Basculegion, M|\n|teampreview\n|inactive|Battle timer is ON: inactive players will automatically lose when time's up. (requested by DeparKS)\n|\n|t:|1699024464\n|start\n|switch|p1a: Crobat|Crobat, F|100\/100\n|switch|p2a: Politoed|Politoed, F|100\/100\n|-weather|RainDance|[from] ability: Drizzle|[of] p2a: Politoed\n|turn|1\n|j| Feuer und Flammen\n|\n|t:|1699024474\n|move|p1a: Crobat|U-turn|p2a: Politoed\n|-crit|p2a: Politoed\n|-damage|p2a: Politoed|67\/100\n|\n|t:|1699024484\n|switch|p1a: Snowbro|Slowbro, F|100\/100|[from] U-turn\n|move|p2a: Politoed|Ice Beam|p1a: Snowbro\n|-resisted|p1a: Snowbro\n|-damage|p1a: Snowbro|87\/100\n|\n|-weather|RainDance|[upkeep]\n|-heal|p1a: Snowbro|93\/100|[from] item: Leftovers\n|upkeep\n|turn|2\n|\n|t:|1699024488\n|switch|p2a: Zapdos|Zapdos, shiny|100\/100\n|move|p1a: Snowbro|Calm Mind|p1a: Snowbro\n|-boost|p1a: Snowbro|spa|1\n|-boost|p1a: Snowbro|spd|1\n|\n|-weather|RainDance|[upkeep]\n|-heal|p1a: Snowbro|99\/100|[from] item: Leftovers\n|upkeep\n|turn|3\n|\n|t:|1699024494\n|switch|p1a: Ursaluna|Ursaluna-Bloodmoon, M|100\/100\n|move|p2a: Zapdos|Thunder|p1a: Ursaluna\n|-immune|p1a: Ursaluna\n|\n|-weather|RainDance|[upkeep]\n|upkeep\n|turn|4\n|\n|t:|1699024498\n|move|p2a: Zapdos|Weather Ball|p1a: Ursaluna\n|-supereffective|p1a: Ursaluna\n|-damage|p1a: Ursaluna|0 fnt\n|faint|p1a: Ursaluna\n|\n|-weather|RainDance|[upkeep]\n|upkeep\n|inactive|99% lose rate has 120 seconds left.\n|\n|t:|1699024528\n|switch|p1a: Garganacl|Garganacl, F|100\/100\n|turn|5\n|\n|t:|1699024536\n|-terastallize|p1a: Garganacl|Fairy\n|move|p2a: Zapdos|Weather Ball|p1a: Garganacl\n|-damage|p1a: Garganacl|65\/100\n|move|p1a: Garganacl|Salt Cure|p2a: Zapdos\n|-supereffective|p2a: Zapdos\n|-damage|p2a: Zapdos|66\/100\n|-start|p2a: Zapdos|Salt Cure\n|\n|-weather|RainDance|[upkeep]\n|-heal|p2a: Zapdos|72\/100|[from] item: Leftovers\n|-heal|p1a: Garganacl|71\/100|[from] item: Leftovers\n|-damage|p2a: Zapdos|60\/100|[from] Salt Cure\n|upkeep\n|turn|6\n|\n|t:|1699024546\n|move|p2a: Zapdos|Volt Switch|p1a: Garganacl\n|-damage|p1a: Garganacl|49\/100\n|\n|t:|1699024558\n|switch|p2a: Swampert|Swampert, F|100\/100|[from] Volt Switch\n|move|p1a: Garganacl|Recover|p1a: Garganacl\n|-heal|p1a: Garganacl|99\/100\n|\n|-weather|RainDance|[upkeep]\n|-heal|p1a: Garganacl|100\/100|[from] item: Leftovers\n|upkeep\n|turn|7\n|\n|t:|1699024564\n|detailschange|p2a: Swampert|Swampert-Mega, F\n|-mega|p2a: Swampert|Swampert|Swampertite\n|move|p2a: Swampert|Flip Turn|p1a: Garganacl\n|-damage|p1a: Garganacl|63\/100\n|\n|t:|1699024575\n|switch|p2a: Basculegion|Basculegion, M|100\/100|[from] Flip Turn\n|move|p1a: Garganacl|Salt Cure|p2a: Basculegion\n|-damage|p2a: Basculegion|82\/100\n|-start|p2a: Basculegion|Salt Cure\n|\n|-weather|RainDance|[upkeep]\n|-heal|p2a: Basculegion|88\/100|[from] item: Leftovers\n|-heal|p1a: Garganacl|69\/100|[from] item: Leftovers\n|-damage|p2a: Basculegion|63\/100|[from] Salt Cure\n|upkeep\n|turn|8\n|\n|t:|1699024586\n|switch|p1a: Snowbro|Slowbro, F|100\/100\n|move|p2a: Basculegion|Flip Turn|p1a: Snowbro\n|-resisted|p1a: Snowbro\n|-damage|p1a: Snowbro|86\/100\n|\n|t:|1699024595\n|switch|p2a: Politoed|Politoed, F|67\/100|[from] Flip Turn\n|\n|-weather|none\n|-heal|p1a: Snowbro|92\/100|[from] item: Leftovers\n|upkeep\n|turn|9\n|\n|t:|1699024601\n|switch|p2a: Pelipper|Pelipper, F|100\/100\n|-weather|RainDance|[from] ability: Drizzle|[of] p2a: Pelipper\n|move|p1a: Snowbro|Psyshock|p2a: Pelipper\n|-damage|p2a: Pelipper|74\/100\n|\n|-weather|RainDance|[upkeep]\n|-heal|p1a: Snowbro|98\/100|[from] item: Leftovers\n|upkeep\n|turn|10\n|\n|t:|1699024622\n|move|p2a: Pelipper|U-turn|p1a: Snowbro\n|-supereffective|p1a: Snowbro\n|-damage|p1a: Snowbro|88\/100\n|\n|t:|1699024625\n|switch|p2a: Zapdos|Zapdos, shiny|60\/100|[from] U-turn\n|move|p1a: Snowbro|Psyshock|p2a: Zapdos\n|-damage|p2a: Zapdos|28\/100\n|\n|-weather|RainDance|[upkeep]\n|-heal|p2a: Zapdos|34\/100|[from] item: Leftovers\n|-heal|p1a: Snowbro|94\/100|[from] item: Leftovers\n|upkeep\n|turn|11\n|\n|t:|1699024633\n|switch|p1a: Incineroar|Incineroar, F|100\/100\n|-ability|p1a: Incineroar|Intimidate|boost\n|-unboost|p2a: Zapdos|atk|1\n|move|p2a: Zapdos|Thunder|p1a: Incineroar\n|-damage|p1a: Incineroar|56\/100\n|-status|p1a: Incineroar|par\n|\n|-weather|RainDance|[upkeep]\n|-heal|p2a: Zapdos|40\/100|[from] item: Leftovers\n|upkeep\n|turn|12\n|\n|t:|1699024639\n|move|p1a: Incineroar|Fake Out|p2a: Zapdos\n|-damage|p2a: Zapdos|28\/100\n|cant|p2a: Zapdos|flinch\n|\n|-weather|RainDance|[upkeep]\n|-heal|p2a: Zapdos|34\/100|[from] item: Leftovers\n|upkeep\n|turn|13\n|\n|t:|1699024643\n|move|p2a: Zapdos|Weather Ball|p1a: Incineroar\n|-supereffective|p1a: Incineroar\n|-damage|p1a: Incineroar|0 fnt\n|faint|p1a: Incineroar\n|\n|-weather|RainDance|[upkeep]\n|-heal|p2a: Zapdos|41\/100|[from] item: Leftovers\n|upkeep\n|\n|t:|1699024647\n|switch|p1a: Garganacl|Garganacl, F, tera:Fairy|69\/100\n|turn|14\n|\n|t:|1699024649\n|move|p2a: Zapdos|Thunder|p1a: Garganacl\n|-damage|p1a: Garganacl|33\/100\n|move|p1a: Garganacl|Recover|p1a: Garganacl\n|-heal|p1a: Garganacl|83\/100\n|\n|-weather|RainDance|[upkeep]\n|-heal|p2a: Zapdos|47\/100|[from] item: Leftovers\n|-heal|p1a: Garganacl|89\/100|[from] item: Leftovers\n|upkeep\n|turn|15\n|\n|t:|1699024654\n|move|p2a: Zapdos|Volt Switch|p1a: Garganacl\n|-damage|p1a: Garganacl|67\/100\n|\n|t:|1699024660\n|switch|p2a: Swampert|Swampert-Mega, F|100\/100|[from] Volt Switch\n|move|p1a: Garganacl|Salt Cure|p2a: Swampert\n|-resisted|p2a: Swampert\n|-damage|p2a: Swampert|94\/100\n|-start|p2a: Swampert|Salt Cure\n|\n|-weather|RainDance|[upkeep]\n|-heal|p1a: Garganacl|73\/100|[from] item: Leftovers\n|-damage|p2a: Swampert|69\/100|[from] Salt Cure\n|upkeep\n|turn|16\n|\n|t:|1699024668\n|move|p2a: Swampert|Earthquake|p1a: Garganacl\n|-damage|p1a: Garganacl|31\/100\n|move|p1a: Garganacl|Recover|p1a: Garganacl\n|-heal|p1a: Garganacl|81\/100\n|\n|-weather|none\n|-heal|p1a: Garganacl|88\/100|[from] item: Leftovers\n|-damage|p2a: Swampert|44\/100|[from] Salt Cure\n|upkeep\n|turn|17\n|\n|t:|1699024673\n|move|p2a: Swampert|Flip Turn|p1a: Garganacl\n|-damage|p1a: Garganacl|62\/100\n|\n|t:|1699024676\n|switch|p2a: Politoed|Politoed, F|67\/100|[from] Flip Turn\n|-weather|RainDance|[from] ability: Drizzle|[of] p2a: Politoed\n|move|p1a: Garganacl|Stealth Rock|p2a: Politoed\n|-sidestart|p2: DeparKS|move: Stealth Rock\n|\n|-weather|RainDance|[upkeep]\n|-heal|p1a: Garganacl|69\/100|[from] item: Leftovers\n|upkeep\n|turn|18\n|\n|t:|1699024687\n|move|p2a: Politoed|Weather Ball|p1a: Garganacl\n|-damage|p1a: Garganacl|24\/100\n|move|p1a: Garganacl|Salt Cure|p2a: Politoed\n|-damage|p2a: Politoed|51\/100\n|-start|p2a: Politoed|Salt Cure\n|\n|-weather|RainDance|[upkeep]\n|-heal|p1a: Garganacl|30\/100|[from] item: Leftovers\n|-damage|p2a: Politoed|26\/100|[from] Salt Cure\n|upkeep\n|turn|19\n|\n|t:|1699024699\n|switch|p1a: Snowbro|Slowbro, F|100\/100\n|move|p2a: Politoed|Weather Ball|p1a: Snowbro\n|-resisted|p1a: Snowbro\n|-damage|p1a: Snowbro|67\/100\n|\n|-weather|RainDance|[upkeep]\n|-heal|p1a: Snowbro|73\/100|[from] item: Leftovers\n|-damage|p2a: Politoed|1\/100|[from] Salt Cure\n|upkeep\n|turn|20\n|\n|t:|1699024710\n|switch|p2a: Pelipper|Pelipper, F|74\/100\n|-damage|p2a: Pelipper|49\/100|[from] Stealth Rock\n|move|p1a: Snowbro|Psyshock|p2a: Pelipper\n|-damage|p2a: Pelipper|21\/100\n|\n|-weather|RainDance|[upkeep]\n|-heal|p1a: Snowbro|79\/100|[from] item: Leftovers\n|upkeep\n|turn|21\n|\n|t:|1699024720\n|move|p2a: Pelipper|Defog|p1a: Snowbro\n|-unboost|p1a: Snowbro|evasion|1\n|-sideend|p2: DeparKS|Stealth Rock|[from] move: Defog|[of] p2a: Pelipper\n|move|p1a: Snowbro|Psyshock|p2a: Pelipper\n|-damage|p2a: Pelipper|0 fnt\n|faint|p2a: Pelipper\n|\n|-weather|RainDance|[upkeep]\n|-heal|p1a: Snowbro|85\/100|[from] item: Leftovers\n|upkeep\n|\n|t:|1699024724\n|switch|p2a: Zapdos|Zapdos, shiny|47\/100\n|turn|22\n|\n|t:|1699024731\n|switch|p1a: Crobat|Crobat, F|100\/100\n|move|p2a: Zapdos|Volt Switch|p1a: Crobat\n|-supereffective|p1a: Crobat\n|-damage|p1a: Crobat|2\/100\n|\n|t:|1699024737\n|switch|p2a: Swampert|Swampert-Mega, F|44\/100|[from] Volt Switch\n|\n|-weather|RainDance|[upkeep]\n|upkeep\n|turn|23\n|\n|t:|1699024740\n|move|p2a: Swampert|Ice Punch|p1a: Crobat\n|-supereffective|p1a: Crobat\n|-damage|p1a: Crobat|0 fnt\n|faint|p1a: Crobat\n|\n|-weather|RainDance|[upkeep]\n|upkeep\n|\n|t:|1699024762\n|switch|p1a: Snowbro|Slowbro, F|100\/100\n|turn|24\n|\n|t:|1699024768\n|move|p2a: Swampert|Flip Turn|p1a: Snowbro\n|-resisted|p1a: Snowbro\n|-crit|p1a: Snowbro\n|-damage|p1a: Snowbro|76\/100\n|\n|t:|1699024774\n|switch|p2a: Basculegion|Basculegion, M|63\/100|[from] Flip Turn\n|move|p1a: Snowbro|Scald|p2a: Basculegion\n|-resisted|p2a: Basculegion\n|-damage|p2a: Basculegion|42\/100\n|\n|-weather|none\n|-heal|p2a: Basculegion|48\/100|[from] item: Leftovers\n|-heal|p1a: Snowbro|82\/100|[from] item: Leftovers\n|upkeep\n|turn|25\n|\n|t:|1699024787\n|switch|p1a: Typhlosion|Typhlosion-Hisui, F|100\/100\n|move|p2a: Basculegion|Last Respects|p1a: Typhlosion\n|-supereffective|p1a: Typhlosion\n|-damage|p1a: Typhlosion|0 fnt\n|faint|p1a: Typhlosion\n|\n|-heal|p2a: Basculegion|54\/100|[from] item: Leftovers\n|upkeep\n|\n|t:|1699024801\n|switch|p1a: Garganacl|Garganacl, F, tera:Fairy|30\/100\n|turn|26\n|\n|t:|1699024808\n|-terastallize|p2a: Basculegion|Water\n|move|p2a: Basculegion|Flip Turn|p1a: Garganacl\n|-damage|p1a: Garganacl|2\/100\n|\n|t:|1699024813\n|switch|p2a: Politoed|Politoed, F|1\/100|[from] Flip Turn\n|-weather|RainDance|[from] ability: Drizzle|[of] p2a: Politoed\n|move|p1a: Garganacl|Recover|p1a: Garganacl\n|-heal|p1a: Garganacl|52\/100\n|\n|-weather|RainDance|[upkeep]\n|-heal|p1a: Garganacl|58\/100|[from] item: Leftovers\n|upkeep\n|turn|27\n|\n|t:|1699024818\n|switch|p1a: Snowbro|Slowbro, F|100\/100\n|move|p2a: Politoed|Weather Ball|p1a: Snowbro\n|-resisted|p1a: Snowbro\n|-damage|p1a: Snowbro|63\/100\n|\n|-weather|RainDance|[upkeep]\n|-heal|p1a: Snowbro|69\/100|[from] item: Leftovers\n|upkeep\n|turn|28\n|\n|t:|1699024824\n|switch|p2a: Manaphy|Manaphy, shiny|100\/100\n|move|p1a: Snowbro|Slack Off|p1a: Snowbro\n|-heal|p1a: Snowbro|100\/100\n|\n|-weather|RainDance|[upkeep]\n|upkeep\n|turn|29\n|\n|t:|1699024829\n|move|p2a: Manaphy|Tail Glow|p2a: Manaphy\n|-boost|p2a: Manaphy|spa|3\n|move|p1a: Snowbro|Calm Mind|p1a: Snowbro\n|-boost|p1a: Snowbro|spa|1\n|-boost|p1a: Snowbro|spd|1\n|\n|-weather|RainDance|[upkeep]\n|upkeep\n|turn|30\n|\n|t:|1699024835\n|move|p2a: Manaphy|Dazzling Gleam|p1a: Snowbro\n|-damage|p1a: Snowbro|58\/100\n|move|p1a: Snowbro|Calm Mind|p1a: Snowbro\n|-boost|p1a: Snowbro|spa|1\n|-boost|p1a: Snowbro|spd|1\n|\n|-weather|RainDance|[upkeep]\n|-heal|p1a: Snowbro|64\/100|[from] item: Leftovers\n|upkeep\n|turn|31\n|\n|t:|1699024840\n|move|p2a: Manaphy|Dazzling Gleam|p1a: Snowbro\n|-damage|p1a: Snowbro|32\/100\n|move|p1a: Snowbro|Slack Off|p1a: Snowbro\n|-heal|p1a: Snowbro|82\/100\n|\n|-weather|RainDance|[upkeep]\n|-heal|p1a: Snowbro|88\/100|[from] item: Leftovers\n|upkeep\n|turn|32\n|\n|t:|1699024844\n|move|p2a: Manaphy|Tail Glow|p2a: Manaphy\n|-boost|p2a: Manaphy|spa|3\n|move|p1a: Snowbro|Psyshock|p2a: Manaphy\n|-damage|p2a: Manaphy|45\/100\n|\n|-weather|RainDance|[upkeep]\n|-heal|p2a: Manaphy|51\/100|[from] item: Leftovers\n|-heal|p1a: Snowbro|94\/100|[from] item: Leftovers\n|upkeep\n|turn|33\n|\n|t:|1699024850\n|move|p2a: Manaphy|Dazzling Gleam|p1a: Snowbro\n|-damage|p1a: Snowbro|46\/100\n|move|p1a: Snowbro|Psyshock|p2a: Manaphy\n|-damage|p2a: Manaphy|0 fnt\n|faint|p2a: Manaphy\n|\n|-weather|none\n|-heal|p1a: Snowbro|52\/100|[from] item: Leftovers\n|upkeep\n|\n|t:|1699024853\n|switch|p2a: Politoed|Politoed, F|1\/100\n|-weather|RainDance|[from] ability: Drizzle|[of] p2a: Politoed\n|turn|34\n|\n|t:|1699024856\n|move|p2a: Politoed|Weather Ball|p1a: Snowbro\n|-resisted|p1a: Snowbro\n|-damage|p1a: Snowbro|34\/100\n|move|p1a: Snowbro|Slack Off|p1a: Snowbro\n|-heal|p1a: Snowbro|84\/100\n|\n|-weather|RainDance|[upkeep]\n|-heal|p1a: Snowbro|90\/100|[from] item: Leftovers\n|upkeep\n|turn|35\n|\n|t:|1699024860\n|switch|p2a: Swampert|Swampert-Mega, F|44\/100\n|move|p1a: Snowbro|Calm Mind|p1a: Snowbro\n|-boost|p1a: Snowbro|spa|1\n|-boost|p1a: Snowbro|spd|1\n|\n|-weather|RainDance|[upkeep]\n|-heal|p1a: Snowbro|96\/100|[from] item: Leftovers\n|upkeep\n|turn|36\n|\n|t:|1699024863\n|move|p2a: Swampert|Earthquake|p1a: Snowbro\n|-damage|p1a: Snowbro|60\/100\n|move|p1a: Snowbro|Scald|p2a: Swampert\n|-damage|p2a: Swampert|0 fnt\n|faint|p2a: Swampert\n|\n|-weather|RainDance|[upkeep]\n|-heal|p1a: Snowbro|66\/100|[from] item: Leftovers\n|upkeep\n|\n|t:|1699024867\n|switch|p2a: Basculegion|Basculegion, M, tera:Water|54\/100\n|turn|37\n|\n|t:|1699024877\n|move|p2a: Basculegion|Last Respects|p1a: Snowbro\n|-supereffective|p1a: Snowbro\n|-damage|p1a: Snowbro|0 fnt\n|faint|p1a: Snowbro\n|\n|-weather|RainDance|[upkeep]\n|-heal|p2a: Basculegion|60\/100|[from] item: Leftovers\n|upkeep\n|\n|t:|1699024880\n|switch|p1a: Garganacl|Garganacl, F, tera:Fairy|58\/100\n|turn|38\n|\n|t:|1699024882\n|move|p2a: Basculegion|Last Respects|p1a: Garganacl\n|-damage|p1a: Garganacl|23\/100\n|move|p1a: Garganacl|Recover|p1a: Garganacl\n|-heal|p1a: Garganacl|73\/100\n|\n|-weather|RainDance|[upkeep]\n|-heal|p2a: Basculegion|66\/100|[from] item: Leftovers\n|-heal|p1a: Garganacl|79\/100|[from] item: Leftovers\n|upkeep\n|turn|39\n|\n|t:|1699024886\n|move|p2a: Basculegion|Flip Turn|p1a: Garganacl\n|-damage|p1a: Garganacl|38\/100\n|\n|t:|1699024889\n|switch|p2a: Zapdos|Zapdos, shiny|47\/100|[from] Flip Turn\n|move|p1a: Garganacl|Curse|p1a: Garganacl\n|-unboost|p1a: Garganacl|spe|1\n|-boost|p1a: Garganacl|atk|1\n|-boost|p1a: Garganacl|def|1\n|\n|-weather|RainDance|[upkeep]\n|-heal|p2a: Zapdos|53\/100|[from] item: Leftovers\n|-heal|p1a: Garganacl|44\/100|[from] item: Leftovers\n|upkeep\n|turn|40\n|\n|t:|1699024894\n|move|p2a: Zapdos|Thunder|p1a: Garganacl\n|-damage|p1a: Garganacl|7\/100\n|move|p1a: Garganacl|Recover|p1a: Garganacl\n|-heal|p1a: Garganacl|57\/100\n|\n|-weather|RainDance|[upkeep]\n|-heal|p2a: Zapdos|59\/100|[from] item: Leftovers\n|-heal|p1a: Garganacl|64\/100|[from] item: Leftovers\n|upkeep\n|turn|41\n|\n|t:|1699024903\n|move|p2a: Zapdos|Hurricane|p1a: Garganacl\n|-damage|p1a: Garganacl|29\/100\n|-start|p1a: Garganacl|confusion\n|-activate|p1a: Garganacl|confusion\n|move|p1a: Garganacl|Recover|p1a: Garganacl\n|-heal|p1a: Garganacl|79\/100\n|\n|-weather|none\n|-heal|p2a: Zapdos|66\/100|[from] item: Leftovers\n|-heal|p1a: Garganacl|85\/100|[from] item: Leftovers\n|upkeep\n|turn|42\n|\n|t:|1699024908\n|move|p2a: Zapdos|Volt Switch|p1a: Garganacl\n|-damage|p1a: Garganacl|60\/100\n|\n|t:|1699024911\n|switch|p2a: Politoed|Politoed, F|1\/100|[from] Volt Switch\n|-weather|RainDance|[from] ability: Drizzle|[of] p2a: Politoed\n|-end|p1a: Garganacl|confusion\n|move|p1a: Garganacl|Salt Cure|p2a: Politoed\n|-damage|p2a: Politoed|0 fnt\n|faint|p2a: Politoed\n|\n|-weather|RainDance|[upkeep]\n|-heal|p1a: Garganacl|66\/100|[from] item: Leftovers\n|upkeep\n|\n|t:|1699024914\n|switch|p2a: Zapdos|Zapdos, shiny|66\/100\n|turn|43\n|\n|t:|1699024917\n|move|p2a: Zapdos|Hurricane|p1a: Garganacl\n|-damage|p1a: Garganacl|26\/100\n|move|p1a: Garganacl|Recover|p1a: Garganacl\n|-heal|p1a: Garganacl|76\/100\n|\n|-weather|RainDance|[upkeep]\n|-heal|p2a: Zapdos|72\/100|[from] item: Leftovers\n|-heal|p1a: Garganacl|83\/100|[from] item: Leftovers\n|upkeep\n|turn|44\n|\n|t:|1699024923\n|move|p2a: Zapdos|Volt Switch|p1a: Garganacl\n|-damage|p1a: Garganacl|60\/100\n|\n|t:|1699024926\n|switch|p2a: Basculegion|Basculegion, M, tera:Water|66\/100|[from] Volt Switch\n|move|p1a: Garganacl|Salt Cure|p2a: Basculegion\n|-damage|p2a: Basculegion|40\/100\n|-start|p2a: Basculegion|Salt Cure\n|\n|-weather|RainDance|[upkeep]\n|-heal|p2a: Basculegion|46\/100|[from] item: Leftovers\n|-heal|p1a: Garganacl|66\/100|[from] item: Leftovers\n|-damage|p2a: Basculegion|21\/100|[from] Salt Cure\n|upkeep\n|turn|45\n|\n|t:|1699024932\n|move|p2a: Basculegion|Last Respects|p1a: Garganacl\n|-damage|p1a: Garganacl|39\/100\n|move|p1a: Garganacl|Stealth Rock|p2a: Basculegion\n|-sidestart|p2: DeparKS|move: Stealth Rock\n|\n|-weather|RainDance|[upkeep]\n|-heal|p2a: Basculegion|27\/100|[from] item: Leftovers\n|-heal|p1a: Garganacl|45\/100|[from] item: Leftovers\n|-damage|p2a: Basculegion|2\/100|[from] Salt Cure\n|upkeep\n|turn|46\n|\n|t:|1699024935\n|move|p2a: Basculegion|Flip Turn|p1a: Garganacl\n|-damage|p1a: Garganacl|17\/100\n|\n|t:|1699024938\n|switch|p2a: Zapdos|Zapdos, shiny|72\/100|[from] Flip Turn\n|-damage|p2a: Zapdos|47\/100|[from] Stealth Rock\n|move|p1a: Garganacl|Salt Cure|p2a: Zapdos\n|-supereffective|p2a: Zapdos\n|-damage|p2a: Zapdos|0 fnt\n|faint|p2a: Zapdos\n|\n|-weather|RainDance|[upkeep]\n|-heal|p1a: Garganacl|24\/100|[from] item: Leftovers\n|upkeep\n|\n|t:|1699024943\n|switch|p2a: Basculegion|Basculegion, M, tera:Water|2\/100\n|-damage|p2a: Basculegion|0 fnt|[from] Stealth Rock\n|faint|p2a: Basculegion\n|\n|win|99% lose rate\n|raw|99% lose rate's rating: 1231 &rarr; <strong>1249<\/strong><br \/>(+18 for winning)\n|raw|DeparKS's rating: 1133 &rarr; <strong>1115<\/strong><br \/>(-18 for losing)\n|l|\u2606DeparKS\n","uploadtime":1699024957,"views":9,"p1id":"99loserate","p2id":"deparks","formatid":"gen9nationaldexubers","rating":1115,"private":0,"password":""}