{"id":"gen9nationaldexubers-1994129895","p1":"its_notacewastaken","p2":"Ubara","format":"[Gen 9] National Dex Ubers","log":"|j|\u2606its_notacewastaken\n|j|\u2606Ubara\n|t:|1700410409\n|gametype|singles\n|player|p1|its_notacewastaken|hilda|\n|player|p2|Ubara|cynthia|\n|teamsize|p1|6\n|teamsize|p2|6\n|gen|9\n|tier|[Gen 9] National Dex Ubers\n|rule|HP Percentage Mod: HP is shown in percentages\n|rule|Endless Battle Clause: Forcing endless battles is banned\n|rule|OHKO Clause: OHKO moves are banned\n|rule|Evasion Moves Clause: Evasion moves are banned\n|rule|Evasion Items Clause: Evasion items are banned\n|rule|Species Clause: Limit one of each Pok\u00e9mon\n|rule|Sleep Clause Mod: Limit one foe put to sleep\n|rule|Mega Rayquaza Clause: You cannot mega evolve Rayquaza\n|clearpoke\n|poke|p1|Dracovish|\n|poke|p1|Great Tusk|\n|poke|p1|Deoxys-Defense|\n|poke|p1|Xerneas-*|\n|poke|p1|Groudon|\n|poke|p1|Sableye, M|\n|poke|p2|Rillaboom, M|\n|poke|p2|Heatran, M|\n|poke|p2|Slowking, F|\n|poke|p2|Dragapult, M|\n|poke|p2|Landorus-Therian, M|\n|poke|p2|Kingambit, F|\n|teampreview\n|\n|t:|1700410431\n|start\n|switch|p1a: Autism|Deoxys-Defense, shiny|100\/100\n|switch|p2a: Strong dog|Landorus-Therian, M|100\/100\n|-ability|p1a: Autism|Pressure\n|-ability|p2a: Strong dog|Intimidate|boost\n|-unboost|p1a: Autism|atk|1\n|turn|1\n|\n|t:|1700410443\n|move|p1a: Autism|Taunt|p2a: Strong dog\n|-start|p2a: Strong dog|move: Taunt\n|cant|p2a: Strong dog|move: Taunt|Stealth Rock\n|\n|upkeep\n|turn|2\n|\n|t:|1700410448\n|move|p1a: Autism|Stealth Rock|p2a: Strong dog\n|-sidestart|p2: Ubara|move: Stealth Rock\n|move|p2a: Strong dog|U-turn|p1a: Autism\n|-supereffective|p1a: Autism\n|-damage|p1a: Autism|76\/100\n|\n|t:|1700410453\n|switch|p2a: Big snail|Dragapult, M|100\/100|[from] U-turn\n|-damage|p2a: Big snail|88\/100|[from] Stealth Rock\n|\n|-heal|p1a: Autism|82\/100|[from] item: Leftovers\n|upkeep\n|turn|3\n|\n|t:|1700410468\n|switch|p1a: Rudolph|Xerneas, shiny|100\/100\n|-ability|p1a: Rudolph|Fairy Aura\n|move|p2a: Big snail|Shadow Ball|p1a: Rudolph\n|-damage|p1a: Rudolph|57\/100\n|\n|upkeep\n|turn|4\n|\n|t:|1700410479\n|switch|p2a: ???|Heatran, M|100\/100\n|-damage|p2a: ???|88\/100|[from] Stealth Rock\n|move|p1a: Rudolph|Geomancy||[still]\n|-prepare|p1a: Rudolph|Geomancy\n|-enditem|p1a: Rudolph|Power Herb\n|-anim|p1a: Rudolph|Geomancy|p1a: Rudolph\n|-boost|p1a: Rudolph|spa|2\n|-boost|p1a: Rudolph|spd|2\n|-boost|p1a: Rudolph|spe|2\n|\n|upkeep\n|turn|5\n|\n|t:|1700410489\n|move|p1a: Rudolph|Focus Blast|p2a: ???\n|-supereffective|p2a: ???\n|-damage|p2a: ???|0 fnt\n|faint|p2a: ???\n|\n|upkeep\n|c|\u2606its_notacewastaken|FUNI FUNI FUNI\n|c|\u2606its_notacewastaken|FUNI FUNI FUNI\n|\n|t:|1700410496\n|switch|p2a: Strong dog|Landorus-Therian, M|100\/100\n|-damage|p2a: Strong dog|88\/100|[from] Stealth Rock\n|-ability|p2a: Strong dog|Intimidate|boost\n|-unboost|p1a: Rudolph|atk|1\n|turn|6\n|c|\u2606its_notacewastaken|FUNI FUNI FUNI\n|\n|t:|1700410505\n|move|p1a: Rudolph|Moonblast|p2a: Strong dog\n|-crit|p2a: Strong dog\n|-damage|p2a: Strong dog|0 fnt\n|faint|p2a: Strong dog\n|\n|upkeep\n|c|\u2606its_notacewastaken|FUNI FUNI FNUI\n|c|\u2606its_notacewastaken|FUNI FUNI FUNI\n|\n|t:|1700410512\n|switch|p2a: King kong|Rillaboom, M|100\/100\n|-damage|p2a: King kong|88\/100|[from] Stealth Rock\n|-fieldstart|move: Grassy Terrain|[from] ability: Grassy Surge|[of] p2a: King kong\n|turn|7\n|c|\u2606its_notacewastaken|FUNI FUNI FUNI\n|c|\u2606its_notacewastaken|FUNI FUNI FUNI\n|c|\u2606its_notacewastaken|FUNI FUNI FUNI FUNI\n|c|\u2606its_notacewastaken|FUNI FUNI FUNI\n|\n|t:|1700410527\n|move|p2a: King kong|Grassy Glide|p1a: Rudolph\n|-damage|p1a: Rudolph|1\/100\n|move|p1a: Rudolph|Moonblast|p2a: King kong\n|-damage|p2a: King kong|0 fnt\n|faint|p2a: King kong\n|\n|-heal|p1a: Rudolph|7\/100|[from] Grassy Terrain\n|upkeep\n|\n|t:|1700410536\n|switch|p2a: ZA RULA|Kingambit, F|100\/100\n|-damage|p2a: ZA RULA|94\/100|[from] Stealth Rock\n|-activate|p2a: ZA RULA|ability: Supreme Overlord\n|-start|p2a: ZA RULA|fallen3|[silent]\n|turn|8\n|\n|t:|1700410543\n|-terastallize|p2a: ZA RULA|Dark\n|move|p2a: ZA RULA|Sucker Punch|p1a: Rudolph\n|-resisted|p1a: Rudolph\n|-damage|p1a: Rudolph|0 fnt\n|faint|p1a: Rudolph\n|\n|-heal|p2a: ZA RULA|100\/100|[from] Grassy Terrain\n|upkeep\n|c|\u2606its_notacewastaken|smart play\n|\n|t:|1700410561\n|switch|p1a: DA GOAT!|Dracovish|100\/100\n|turn|9\n|c|\u2606Ubara|legit lost half my team to a deer\n|c|\u2606Ubara|ive hit rock bottom\n|c|\u2606its_notacewastaken|Ruldoph.\n|c|\u2606its_notacewastaken|Rudolph.\n|\n|t:|1700410586\n|move|p1a: DA GOAT!|Low Kick|p2a: ZA RULA\n|-supereffective|p2a: ZA RULA\n|-damage|p2a: ZA RULA|58\/100\n|move|p2a: ZA RULA|Kowtow Cleave|p1a: DA GOAT!\n|-crit|p1a: DA GOAT!\n|-damage|p1a: DA GOAT!|0 fnt\n|faint|p1a: DA GOAT!\n|\n|-heal|p2a: ZA RULA|64\/100|[from] Grassy Terrain\n|upkeep\n|c|\u2606its_notacewastaken|tell me your gay without actually being gay\n|c|\u2606Ubara|payback\n|\n|t:|1700410604\n|switch|p1a: GODZILLA|Groudon, shiny|100\/100\n|detailschange|p1a: GODZILLA|Groudon-Primal, shiny\n|-primal|p1a: GODZILLA|Red Orb\n|-weather|DesolateLand|[from] ability: Desolate Land|[of] p1a: GODZILLA\n|turn|10\n|c|\u2606its_notacewastaken|payback\n|c|\u2606its_notacewastaken|my ass\n|c|\u2606Ubara|im choice band btw\n|\n|t:|1700410617\n|move|p1a: GODZILLA|Bulk Up|p1a: GODZILLA\n|-boost|p1a: GODZILLA|atk|1\n|-boost|p1a: GODZILLA|def|1\n|move|p2a: ZA RULA|Kowtow Cleave|p1a: GODZILLA\n|-damage|p1a: GODZILLA|63\/100\n|\n|-weather|DesolateLand|[upkeep]\n|-heal|p1a: GODZILLA|69\/100|[from] Grassy Terrain\n|-heal|p2a: ZA RULA|70\/100|[from] Grassy Terrain\n|upkeep\n|turn|11\n|c|\u2606its_notacewastaken|lies\n|c|\u2606its_notacewastaken|imagine lying\n|c|\u2606its_notacewastaken|you used sucker punch\n|c|\u2606its_notacewastaken|then\n|c|\u2606its_notacewastaken|kowtow\n|c|\u2606its_notacewastaken|liar son of a bitch\n|\n|t:|1700410632\n|move|p1a: GODZILLA|Heat Crash|p2a: ZA RULA\n|-damage|p2a: ZA RULA|0 fnt\n|faint|p2a: ZA RULA\n|-end|p2a: ZA RULA|fallen3|[silent]\n|\n|-weather|DesolateLand|[upkeep]\n|-heal|p1a: GODZILLA|76\/100|[from] Grassy Terrain\n|-fieldend|move: Grassy Terrain\n|upkeep\n|c|\u2606Ubara|(shut up boy)\n|c|\u2606its_notacewastaken|gtfo\n|\n|t:|1700410638\n|switch|p2a: King fisher|Slowking, F|100\/100\n|turn|12\n|c|\u2606its_notacewastaken|BET!\n|c|\u2606Ubara|and now i just wipe\n|c|\u2606its_notacewastaken|come at me\n|c|\u2606its_notacewastaken|COME AT ME\n|c|\u2606its_notacewastaken|YOU MORON\n|c|\u2606its_notacewastaken|YOU DON'T KNOW YOUR POKEMON!\n|\n|t:|1700410653\n|move|p1a: GODZILLA|Precipice Blades|p2a: King fisher\n|-damage|p2a: King fisher|0 fnt\n|faint|p2a: King fisher\n|\n|-weather|DesolateLand|[upkeep]\n|upkeep\n|\n|t:|1700410658\n|switch|p2a: Big snail|Dragapult, M|88\/100\n|-damage|p2a: Big snail|76\/100|[from] Stealth Rock\n|turn|13\n|c|\u2606its_notacewastaken|THAT'S GONNA GET WIPED BUT OKAY\n|\n|t:|1700410664\n|move|p2a: Big snail|Will-O-Wisp|p1a: GODZILLA\n|-immune|p1a: GODZILLA\n|move|p1a: GODZILLA|Heat Crash|p2a: Big snail\n|-resisted|p2a: Big snail\n|-damage|p2a: Big snail|0 fnt\n|faint|p2a: Big snail\n|\n|win|its_notacewastaken\n|c|\u2606its_notacewastaken|lol\n|c|\u2606its_notacewastaken|will o wisp?\n","uploadtime":1700410673,"views":6,"p1id":"itsnotacewastaken","p2id":"ubara","formatid":"gen9nationaldexubers","rating":0,"private":0,"password":""}