{"id":"gen9nationaldexubers-1989188659","p1":"dreepy airlines","p2":"Yericky","format":"[Gen 9] National Dex Ubers","log":"|j|\u2606dreepy airlines\n|j|\u2606Yericky\n|t:|1699821524\n|gametype|singles\n|player|p1|dreepy airlines|dragontamer-gen9|\n|player|p2|Yericky|dawn-gen4pt|\n|teamsize|p1|6\n|teamsize|p2|6\n|gen|9\n|tier|[Gen 9] National Dex Ubers\n|rule|HP Percentage Mod: HP is shown in percentages\n|rule|Endless Battle Clause: Forcing endless battles is banned\n|rule|OHKO Clause: OHKO moves are banned\n|rule|Evasion Moves Clause: Evasion moves are banned\n|rule|Evasion Items Clause: Evasion items are banned\n|rule|Species Clause: Limit one of each Pok\u00e9mon\n|rule|Sleep Clause Mod: Limit one foe put to sleep\n|rule|Mega Rayquaza Clause: You cannot mega evolve Rayquaza\n|clearpoke\n|poke|p1|Dragapult, M|\n|poke|p1|Pelipper, F|\n|poke|p1|Urshifu-*, F|\n|poke|p1|Ferrothorn, M|\n|poke|p1|Swampert, M|\n|poke|p1|Zapdos|\n|poke|p2|Cresselia, F|\n|poke|p2|Roaring Moon|\n|poke|p2|Snorlax, F|\n|poke|p2|Gliscor, M|\n|poke|p2|Slowking, F|\n|poke|p2|Clefable, M|\n|teampreview\n|\n|t:|1699821556\n|start\n|switch|p1a: Pelipper|Pelipper, F|100\/100\n|switch|p2a: Roaring Moon|Roaring Moon|100\/100\n|-weather|RainDance|[from] ability: Drizzle|[of] p1a: Pelipper\n|turn|1\n|\n|t:|1699821572\n|switch|p1a: Ferrothorn|Ferrothorn, M|100\/100\n|move|p2a: Roaring Moon|Knock Off|p1a: Ferrothorn\n|-damage|p1a: Ferrothorn|57\/100\n|-damage|p2a: Roaring Moon|88\/100|[from] ability: Iron Barbs|[of] p1a: Ferrothorn\n|-enditem|p1a: Ferrothorn|Leftovers|[from] move: Knock Off|[of] p2a: Roaring Moon\n|\n|-weather|RainDance|[upkeep]\n|upkeep\n|turn|2\n|\n|t:|1699821595\n|-end|p2a: Roaring Moon|Protosynthesis|[silent]\n|switch|p2a: Slowking|Slowking, F|100\/100\n|move|p1a: Ferrothorn|Thunder Wave|p2a: Slowking\n|-status|p2a: Slowking|par\n|\n|-weather|RainDance|[upkeep]\n|upkeep\n|turn|3\n|\n|t:|1699821610\n|move|p2a: Slowking|Scald|p1a: Ferrothorn\n|-resisted|p1a: Ferrothorn\n|-damage|p1a: Ferrothorn|40\/100\n|-status|p1a: Ferrothorn|brn\n|move|p1a: Ferrothorn|Leech Seed|p2a: Slowking\n|-start|p2a: Slowking|move: Leech Seed\n|\n|-weather|RainDance|[upkeep]\n|-damage|p2a: Slowking|88\/100 par|[from] Leech Seed|[of] p1a: Ferrothorn\n|-heal|p1a: Ferrothorn|54\/100 brn|[silent]\n|-damage|p1a: Ferrothorn|48\/100 brn|[from] brn\n|upkeep\n|turn|4\n|\n|t:|1699821619\n|move|p1a: Ferrothorn|Stealth Rock|p2a: Slowking\n|-sidestart|p2: Yericky|move: Stealth Rock\n|move|p2a: Slowking|Teleport|p2a: Slowking\n|\n|t:|1699821621\n|switch|p2a: Gliscor|Gliscor, M|100\/100|[from] Teleport\n|-damage|p2a: Gliscor|88\/100|[from] Stealth Rock\n|\n|-weather|RainDance|[upkeep]\n|-damage|p1a: Ferrothorn|42\/100 brn|[from] brn\n|-status|p2a: Gliscor|tox|[from] item: Toxic Orb\n|upkeep\n|turn|5\n|c|\u2606dreepy airlines|phew\n|c|\u2606dreepy airlines|no chilly\n|\n|t:|1699821679\n|switch|p1a: Urshifu|Urshifu-Rapid-Strike, F|100\/100\n|move|p2a: Gliscor|Facade|p1a: Urshifu\n|-damage|p1a: Urshifu|72\/100\n|\n|-weather|RainDance|[upkeep]\n|-heal|p2a: Gliscor|100\/100 tox|[from] ability: Poison Heal\n|upkeep\n|turn|6\n|\n|t:|1699821706\n|switch|p2a: Clefable|Clefable, M|100\/100\n|move|p1a: Urshifu|Surging Strikes|p2a: Clefable\n|-crit|p2a: Clefable\n|-damage|p2a: Clefable|78\/100\n|-crit|p2a: Clefable\n|-damage|p2a: Clefable|56\/100\n|-crit|p2a: Clefable\n|-damage|p2a: Clefable|33\/100\n|-hitcount|p2a: Clefable|3\n|\n|-weather|RainDance|[upkeep]\n|-heal|p2a: Clefable|39\/100|[from] item: Leftovers\n|upkeep\n|turn|7\n|\n|t:|1699821755\n|switch|p2a: Slowking|Slowking, F|100\/100 par\n|move|p1a: Urshifu|Surging Strikes|p2a: Slowking\n|-resisted|p2a: Slowking\n|-crit|p2a: Slowking\n|-damage|p2a: Slowking|85\/100 par\n|-resisted|p2a: Slowking\n|-crit|p2a: Slowking\n|-damage|p2a: Slowking|69\/100 par\n|-resisted|p2a: Slowking\n|-crit|p2a: Slowking\n|-damage|p2a: Slowking|52\/100 par\n|-hitcount|p2a: Slowking|3\n|\n|-weather|RainDance|[upkeep]\n|upkeep\n|turn|8\n|\n|t:|1699821770\n|-terastallize|p1a: Urshifu|Water\n|move|p1a: Urshifu|Surging Strikes|p2a: Slowking\n|-resisted|p2a: Slowking\n|-crit|p2a: Slowking\n|-damage|p2a: Slowking|31\/100 par\n|-resisted|p2a: Slowking\n|-crit|p2a: Slowking\n|-damage|p2a: Slowking|10\/100 par\n|-resisted|p2a: Slowking\n|-crit|p2a: Slowking\n|-damage|p2a: Slowking|0 fnt\n|faint|p2a: Slowking\n|-hitcount|p2: Slowking|3\n|\n|-weather|none\n|upkeep\n|\n|t:|1699821778\n|switch|p2a: Cresselia|Cresselia, F|100\/100\n|-damage|p2a: Cresselia|88\/100|[from] Stealth Rock\n|turn|9\n|\n|t:|1699821786\n|switch|p1a: Pelipper|Pelipper, F|100\/100\n|-weather|RainDance|[from] ability: Drizzle|[of] p1a: Pelipper\n|move|p2a: Cresselia|Calm Mind|p2a: Cresselia\n|-boost|p2a: Cresselia|spa|1\n|-boost|p2a: Cresselia|spd|1\n|\n|-weather|RainDance|[upkeep]\n|-heal|p2a: Cresselia|94\/100|[from] item: Leftovers\n|upkeep\n|turn|10\n|\n|t:|1699821794\n|move|p2a: Cresselia|Calm Mind|p2a: Cresselia\n|-boost|p2a: Cresselia|spa|1\n|-boost|p2a: Cresselia|spd|1\n|move|p1a: Pelipper|U-turn|p2a: Cresselia\n|-supereffective|p2a: Cresselia\n|-damage|p2a: Cresselia|85\/100\n|\n|t:|1699821808\n|switch|p1a: Dragapult|Dragapult, M|100\/100|[from] U-turn\n|\n|-weather|RainDance|[upkeep]\n|-heal|p2a: Cresselia|91\/100|[from] item: Leftovers\n|upkeep\n|turn|11\n|\n|t:|1699821823\n|-terastallize|p2a: Cresselia|Fairy\n|-zpower|p1a: Dragapult\n|move|p1a: Dragapult|Never-Ending Nightmare|p2a: Cresselia|[zeffect]\n|-damage|p2a: Cresselia|44\/100\n|move|p2a: Cresselia|Calm Mind|p2a: Cresselia\n|-boost|p2a: Cresselia|spa|1\n|-boost|p2a: Cresselia|spd|1\n|\n|-weather|RainDance|[upkeep]\n|-heal|p2a: Cresselia|50\/100|[from] item: Leftovers\n|upkeep\n|turn|12\n|\n|t:|1699821842\n|switch|p1a: Ferrothorn|Ferrothorn, M|42\/100 brn\n|move|p2a: Cresselia|Moonlight|p2a: Cresselia\n|-heal|p2a: Cresselia|75\/100\n|\n|-weather|RainDance|[upkeep]\n|-heal|p2a: Cresselia|81\/100|[from] item: Leftovers\n|-damage|p1a: Ferrothorn|35\/100 brn|[from] brn\n|upkeep\n|turn|13\n|\n|t:|1699821854\n|move|p2a: Cresselia|Stored Power|p1a: Ferrothorn\n|-resisted|p1a: Ferrothorn\n|-damage|p1a: Ferrothorn|0 fnt\n|faint|p1a: Ferrothorn\n|\n|-weather|RainDance|[upkeep]\n|-heal|p2a: Cresselia|87\/100|[from] item: Leftovers\n|upkeep\n|\n|t:|1699821860\n|switch|p1a: Urshifu|Urshifu-Rapid-Strike, F, tera:Water|72\/100\n|turn|14\n|\n|t:|1699821866\n|move|p1a: Urshifu|Surging Strikes|p2a: Cresselia\n|-crit|p2a: Cresselia\n|-damage|p2a: Cresselia|65\/100\n|-crit|p2a: Cresselia\n|-damage|p2a: Cresselia|44\/100\n|-crit|p2a: Cresselia\n|-damage|p2a: Cresselia|22\/100\n|-hitcount|p2a: Cresselia|3\n|move|p2a: Cresselia|Stored Power|p1a: Urshifu\n|-crit|p1a: Urshifu\n|-damage|p1a: Urshifu|0 fnt\n|faint|p1a: Urshifu\n|\n|-weather|RainDance|[upkeep]\n|-heal|p2a: Cresselia|28\/100|[from] item: Leftovers\n|upkeep\n|\n|t:|1699821872\n|switch|p1a: Swampert|Swampert, M|100\/100\n|turn|15\n|\n|t:|1699821953\n|detailschange|p1a: Swampert|Swampert-Mega, M\n|-mega|p1a: Swampert|Swampert|Swampertite\n|move|p1a: Swampert|Waterfall|p2a: Cresselia\n|-damage|p2a: Cresselia|0 fnt\n|faint|p2a: Cresselia\n|\n|-weather|RainDance|[upkeep]\n|upkeep\n|\n|t:|1699821975\n|switch|p2a: Roaring Moon|Roaring Moon|88\/100\n|-damage|p2a: Roaring Moon|76\/100|[from] Stealth Rock\n|turn|16\n|\n|t:|1699822014\n|move|p1a: Swampert|Ice Punch|p2a: Roaring Moon\n|-supereffective|p2a: Roaring Moon\n|-damage|p2a: Roaring Moon|0 fnt\n|faint|p2a: Roaring Moon\n|-end|p2a: Roaring Moon|Protosynthesis|[silent]\n|\n|-weather|none\n|upkeep\n|\n|t:|1699822018\n|switch|p2a: Snorlax|Snorlax, F|100\/100\n|-damage|p2a: Snorlax|88\/100|[from] Stealth Rock\n|turn|17\n|\n|t:|1699822042\n|move|p1a: Swampert|Earthquake|p2a: Snorlax\n|-damage|p2a: Snorlax|38\/100\n|move|p2a: Snorlax|Curse|p2a: Snorlax\n|-unboost|p2a: Snorlax|spe|1\n|-boost|p2a: Snorlax|atk|1\n|-boost|p2a: Snorlax|def|1\n|\n|-heal|p2a: Snorlax|44\/100|[from] item: Leftovers\n|upkeep\n|turn|18\n|\n|t:|1699822049\n|move|p1a: Swampert|Waterfall|p2a: Snorlax\n|-damage|p2a: Snorlax|18\/100\n|cant|p2a: Snorlax|flinch\n|\n|-heal|p2a: Snorlax|24\/100|[from] item: Leftovers\n|upkeep\n|turn|19\n|c|\u2606Yericky|well\n|c|\u2606Yericky|rip\n|\n|t:|1699822062\n|move|p1a: Swampert|Earthquake|p2a: Snorlax\n|-damage|p2a: Snorlax|0 fnt\n|faint|p2a: Snorlax\n|\n|upkeep\n|\n|t:|1699822067\n|switch|p2a: Clefable|Clefable, M|39\/100\n|turn|20\n|c|\u2606dreepy airlines|had to go for it\n|c|\u2606Yericky|gg\n|\n|t:|1699822073\n|move|p1a: Swampert|Earthquake|p2a: Clefable\n|-damage|p2a: Clefable|0 fnt\n|faint|p2a: Clefable\n|\n|upkeep\n|c|\u2606Yericky|yeah\n|c|\u2606dreepy airlines|gg\n|\n|t:|1699822077\n|switch|p2a: Gliscor|Gliscor, M|100\/100 tox\n|-damage|p2a: Gliscor|88\/100 tox|[from] Stealth Rock\n|turn|21\n|\n|t:|1699822089\n|move|p1a: Swampert|Ice Punch|p2a: Gliscor\n|-supereffective|p2a: Gliscor\n|-damage|p2a: Gliscor|0 fnt\n|faint|p2a: Gliscor\n|\n|win|dreepy airlines\n|c|\u2606dreepy airlines|infin time\n","uploadtime":1699822098,"views":11,"p1id":"dreepyairlines","p2id":"yericky","formatid":"gen9nationaldexubers","rating":0,"private":0,"password":""}