{"id":"gen9nationaldexubers-1978355696","p1":"commonapi","p2":"85792195wwww","format":"[Gen 9] National Dex Ubers","log":"|j|\u2606commonapi\n|j|\u260685792195wwww\n|t:|1698528744\n|gametype|singles\n|player|p1|commonapi|102|1854\n|player|p2|85792195wwww|lady|1748\n|teamsize|p1|6\n|teamsize|p2|6\n|gen|9\n|tier|[Gen 9] National Dex Ubers\n|rated|\n|rule|HP Percentage Mod: HP is shown in percentages\n|rule|Endless Battle Clause: Forcing endless battles is banned\n|rule|OHKO Clause: OHKO moves are banned\n|rule|Evasion Moves Clause: Evasion moves are banned\n|rule|Evasion Items Clause: Evasion items are banned\n|rule|Species Clause: Limit one of each Pok\u00e9mon\n|rule|Sleep Clause Mod: Limit one foe put to sleep\n|rule|Mega Rayquaza Clause: You cannot mega evolve Rayquaza\n|clearpoke\n|poke|p1|Ho-Oh|\n|poke|p1|Groudon|\n|poke|p1|Zacian-*|\n|poke|p1|Arceus|\n|poke|p1|Xerneas-*|\n|poke|p1|Kyogre|\n|poke|p2|Zacian-*|\n|poke|p2|Kyogre|\n|poke|p2|Xerneas-*|\n|poke|p2|Krookodile, F|\n|poke|p2|Groudon|\n|poke|p2|Arceus|\n|teampreview\n|inactive|Battle timer is ON: inactive players will automatically lose when time's up. (requested by commonapi)\n|inactive|commonapi has 120 seconds left.\n|inactive|commonapi has 90 seconds left.\n|\n|t:|1698528820\n|start\n|switch|p1a: Kyogre|Kyogre|100\/100\n|switch|p2a: Krookodile|Krookodile, F|100\/100\n|-ability|p2a: Krookodile|Intimidate|boost\n|-unboost|p1a: Kyogre|atk|1\n|detailschange|p1a: Kyogre|Kyogre-Primal\n|-primal|p1a: Kyogre|Blue Orb\n|-weather|PrimordialSea|[from] ability: Primordial Sea|[of] p1a: Kyogre\n|turn|1\n|\n|t:|1698528831\n|move|p2a: Krookodile|Stealth Rock|p1a: Kyogre\n|-sidestart|p1: commonapi|move: Stealth Rock\n|move|p1a: Kyogre|Ice Beam|p2a: Krookodile\n|-supereffective|p2a: Krookodile\n|-enditem|p2a: Krookodile|Focus Sash\n|-damage|p2a: Krookodile|1\/100\n|-status|p2a: Krookodile|frz\n|\n|-weather|PrimordialSea|[upkeep]\n|upkeep\n|turn|2\n|\n|t:|1698528844\n|-weather|none\n|switch|p1a: Xerneas|Xerneas|100\/100\n|-damage|p1a: Xerneas|88\/100|[from] Stealth Rock\n|-ability|p1a: Xerneas|Fairy Aura\n|cant|p2a: Krookodile|frz\n|\n|upkeep\n|turn|3\n|\n|t:|1698528854\n|switch|p2a: Groudon|Groudon|100\/100\n|detailschange|p2a: Groudon|Groudon-Primal\n|-primal|p2a: Groudon|Red Orb\n|-weather|DesolateLand|[from] ability: Desolate Land|[of] p2a: Groudon\n|move|p1a: Xerneas|Geomancy||[still]\n|-prepare|p1a: Xerneas|Geomancy\n|-enditem|p1a: Xerneas|Power Herb\n|-anim|p1a: Xerneas|Geomancy|p1a: Xerneas\n|-boost|p1a: Xerneas|spa|2\n|-boost|p1a: Xerneas|spd|2\n|-boost|p1a: Xerneas|spe|2\n|\n|-weather|DesolateLand|[upkeep]\n|upkeep\n|turn|4\n|\n|t:|1698528866\n|move|p1a: Xerneas|Moonblast|p2a: Groudon\n|-resisted|p2a: Groudon\n|-damage|p2a: Groudon|25\/100\n|-unboost|p2a: Groudon|spa|1\n|move|p2a: Groudon|Heat Crash|p1a: Xerneas\n|-damage|p1a: Xerneas|0 fnt\n|faint|p1a: Xerneas\n|\n|-weather|DesolateLand|[upkeep]\n|upkeep\n|j| Toon_13\n|\n|t:|1698528879\n|switch|p1a: Zacian|Zacian-Crowned|100\/100\n|-damage|p1a: Zacian|94\/100|[from] Stealth Rock\n|-ability|p1a: Zacian|Intrepid Sword|boost\n|-boost|p1a: Zacian|atk|1\n|turn|5\n|\n|t:|1698528885\n|-weather|none\n|switch|p2a: Krookodile|Krookodile, F|1\/100 frz\n|-ability|p2a: Krookodile|Intimidate|boost\n|-unboost|p1a: Zacian|atk|1\n|move|p1a: Zacian|Behemoth Blade|p2a: Krookodile\n|-damage|p2a: Krookodile|0 fnt\n|faint|p2a: Krookodile\n|\n|upkeep\n|\n|t:|1698528908\n|switch|p2a: Zacian|Zacian-Crowned|100\/100\n|-ability|p2a: Zacian|Intrepid Sword|boost\n|-boost|p2a: Zacian|atk|1\n|turn|6\n|\n|t:|1698528913\n|move|p1a: Zacian|Behemoth Blade|p2a: Zacian\n|-damage|p2a: Zacian|50\/100\n|move|p2a: Zacian|Behemoth Blade|p1a: Zacian\n|-damage|p1a: Zacian|6\/100\n|\n|upkeep\n|turn|7\n|\n|t:|1698528922\n|move|p1a: Zacian|Behemoth Blade|p2a: Zacian\n|-damage|p2a: Zacian|0 fnt\n|faint|p2a: Zacian\n|\n|upkeep\n|\n|t:|1698528928\n|switch|p2a: Arceus|Arceus|100\/100\n|turn|8\n|\n|t:|1698528933\n|switch|p1a: Ho-Oh|Ho-Oh|100\/100\n|move|p2a: Arceus|Swords Dance|p2a: Arceus\n|-boost|p2a: Arceus|atk|2\n|\n|upkeep\n|turn|9\n|j| Blahguy79\n|\n|t:|1698528940\n|-terastallize|p2a: Arceus|Normal\n|move|p2a: Arceus|Extreme Speed|p1a: Ho-Oh\n|-damage|p1a: Ho-Oh|7\/100\n|-damage|p2a: Arceus|91\/100|[from] item: Life Orb\n|move|p1a: Ho-Oh|Sacred Fire|p2a: Arceus\n|-damage|p2a: Arceus|60\/100\n|-status|p2a: Arceus|brn\n|\n|-damage|p2a: Arceus|54\/100 brn|[from] brn\n|upkeep\n|turn|10\n|\n|t:|1698528955\n|switch|p1a: Zacian|Zacian-Crowned|6\/100\n|-damage|p1a: Zacian|0 fnt|[from] Stealth Rock\n|faint|p1a: Zacian\n|move|p2a: Arceus|Extreme Speed|p1: Zacian|[notarget]\n|-fail|p2a: Arceus\n|\n|-damage|p2a: Arceus|48\/100 brn|[from] brn\n|upkeep\n|\n|t:|1698528964\n|switch|p1a: Arceus|Arceus|100\/100\n|-damage|p1a: Arceus|88\/100|[from] Stealth Rock\n|turn|11\n|\n|t:|1698528970\n|-terastallize|p1a: Arceus|Ghost\n|move|p2a: Arceus|Taunt|p1a: Arceus\n|-start|p1a: Arceus|move: Taunt\n|cant|p1a: Arceus|move: Taunt|Swords Dance\n|\n|-damage|p2a: Arceus|41\/100 brn|[from] brn\n|upkeep\n|turn|12\n|\n|t:|1698528979\n|move|p1a: Arceus|Extreme Speed|p2a: Arceus\n|-damage|p2a: Arceus|7\/100 brn\n|move|p2a: Arceus|Earthquake|p1a: Arceus\n|-damage|p1a: Arceus|54\/100\n|-damage|p2a: Arceus|0 fnt|[from] item: Life Orb\n|faint|p2a: Arceus\n|\n|upkeep\n|\n|t:|1698528991\n|switch|p2a: Xerneas|Xerneas|100\/100\n|-ability|p2a: Xerneas|Fairy Aura\n|turn|13\n|\n|t:|1698529000\n|move|p1a: Arceus|Extreme Speed|p2a: Xerneas\n|-damage|p2a: Xerneas|68\/100\n|move|p2a: Xerneas|Geomancy||[still]\n|-prepare|p2a: Xerneas|Geomancy\n|-enditem|p2a: Xerneas|Power Herb\n|-anim|p2a: Xerneas|Geomancy|p2a: Xerneas\n|-boost|p2a: Xerneas|spa|2\n|-boost|p2a: Xerneas|spd|2\n|-boost|p2a: Xerneas|spe|2\n|\n|-end|p1a: Arceus|move: Taunt\n|upkeep\n|turn|14\n|l| Blahguy79\n|\n|t:|1698529012\n|move|p1a: Arceus|Extreme Speed|p2a: Xerneas\n|-damage|p2a: Xerneas|36\/100\n|move|p2a: Xerneas|Moonblast|p1a: Arceus\n|-damage|p1a: Arceus|0 fnt\n|faint|p1a: Arceus\n|\n|upkeep\n|\n|t:|1698529020\n|switch|p1a: Groudon|Groudon|100\/100\n|-damage|p1a: Groudon|94\/100|[from] Stealth Rock\n|detailschange|p1a: Groudon|Groudon-Primal\n|-primal|p1a: Groudon|Red Orb\n|-weather|DesolateLand|[from] ability: Desolate Land|[of] p1a: Groudon\n|turn|15\n|\n|t:|1698529028\n|move|p2a: Xerneas|Grass Knot|p1a: Groudon\n|-damage|p1a: Groudon|9\/100\n|move|p1a: Groudon|Earthquake|p2a: Xerneas\n|-damage|p2a: Xerneas|0 fnt\n|faint|p2a: Xerneas\n|\n|-weather|DesolateLand|[upkeep]\n|upkeep\n|\n|t:|1698529044\n|switch|p2a: Kyogre|Kyogre|100\/100\n|detailschange|p2a: Kyogre|Kyogre-Primal\n|-primal|p2a: Kyogre|Blue Orb\n|-weather|PrimordialSea|[from] ability: Primordial Sea|[of] p2a: Kyogre\n|turn|16\n|\n|t:|1698529050\n|move|p2a: Kyogre|Water Spout|p1a: Groudon\n|-supereffective|p1a: Groudon\n|-damage|p1a: Groudon|0 fnt\n|faint|p1a: Groudon\n|\n|-weather|PrimordialSea|[upkeep]\n|upkeep\n|\n|t:|1698529053\n|switch|p1a: Kyogre|Kyogre-Primal|100\/100\n|-damage|p1a: Kyogre|88\/100|[from] Stealth Rock\n|turn|17\n|\n|t:|1698529059\n|move|p1a: Kyogre|Water Spout|p2a: Kyogre\n|-resisted|p2a: Kyogre\n|-damage|p2a: Kyogre|59\/100\n|move|p2a: Kyogre|Scald|p1a: Kyogre\n|-resisted|p1a: Kyogre\n|-damage|p1a: Kyogre|55\/100\n|\n|-weather|PrimordialSea|[upkeep]\n|upkeep\n|turn|18\n|\n|t:|1698529072\n|move|p1a: Kyogre|Surf|p2a: Kyogre\n|-resisted|p2a: Kyogre\n|-damage|p2a: Kyogre|32\/100\n|move|p2a: Kyogre|Scald|p1a: Kyogre\n|-resisted|p1a: Kyogre\n|-damage|p1a: Kyogre|24\/100\n|\n|-weather|PrimordialSea|[upkeep]\n|upkeep\n|turn|19\n|\n|t:|1698529084\n|move|p1a: Kyogre|Liquidation|p2a: Kyogre\n|-resisted|p2a: Kyogre\n|-damage|p2a: Kyogre|1\/100\n|-unboost|p2a: Kyogre|def|1\n|move|p2a: Kyogre|Scald|p1a: Kyogre\n|-resisted|p1a: Kyogre\n|-damage|p1a: Kyogre|0 fnt\n|faint|p1a: Kyogre\n|\n|-weather|PrimordialSea|[upkeep]\n|upkeep\n|\n|t:|1698529090\n|switch|p1a: Ho-Oh|Ho-Oh|40\/100\n|turn|20\n|\n|t:|1698529096\n|move|p2a: Kyogre|Scald|p1a: Ho-Oh\n|-supereffective|p1a: Ho-Oh\n|-damage|p1a: Ho-Oh|0 fnt\n|faint|p1a: Ho-Oh\n|\n|win|85792195wwww\n|raw|commonapi's rating: 1854 &rarr; <strong>1828<\/strong><br \/>(-26 for losing)\n|raw|85792195wwww's rating: 1748 &rarr; <strong>1774<\/strong><br \/>(+26 for winning)\n|l|\u2606commonapi\n","uploadtime":1698529103,"views":10,"p1id":"commonapi","p2id":"85792195wwww","formatid":"gen9nationaldexubers","rating":1774,"private":0,"password":""}