{"id":"gen9nationaldexubers-1983280540","p1":"Ink0588","p2":"0v4n","format":"[Gen 9] National Dex Ubers","log":"|j|\u2606Ink0588\n|j|\u26060v4n\n|t:|1699113682\n|gametype|singles\n|player|p1|Ink0588|artistf-gen6|\n|player|p2|0v4n|crasherwake|\n|teamsize|p1|6\n|teamsize|p2|6\n|gen|9\n|tier|[Gen 9] National Dex Ubers\n|rule|HP Percentage Mod: HP is shown in percentages\n|rule|Endless Battle Clause: Forcing endless battles is banned\n|rule|OHKO Clause: OHKO moves are banned\n|rule|Evasion Moves Clause: Evasion moves are banned\n|rule|Evasion Items Clause: Evasion items are banned\n|rule|Species Clause: Limit one of each Pok\u00e9mon\n|rule|Sleep Clause Mod: Limit one foe put to sleep\n|rule|Mega Rayquaza Clause: You cannot mega evolve Rayquaza\n|clearpoke\n|poke|p1|Minior-Violet|\n|poke|p1|Morpeko, M|\n|poke|p1|Araquanid, F|\n|poke|p1|Hitmonchan, M|\n|poke|p1|Mr. Rime, F|\n|poke|p1|Rotom|\n|poke|p2|Sneasel, F|\n|poke|p2|Incineroar, M|\n|poke|p2|Quagsire, M|\n|poke|p2|Vileplume, M|\n|poke|p2|Pinsir, F|\n|poke|p2|Hitmonchan, M|\n|teampreview\n|c|\u26060v4n|Ping the lookers?\n|\n|t:|1699113752\n|start\n|switch|p1a: GhostInTheMachine|Rotom, shiny|100\/100\n|switch|p2a: Nope.|Quagsire, M|100\/100\n|turn|1\n|j| bwill243\n|\n|t:|1699113759\n|move|p1a: GhostInTheMachine|Trick|p2a: Nope.\n|-activate|p1a: GhostInTheMachine|move: Trick|[of] p2a: Nope.\n|-item|p2a: Nope.|Choice Scarf|[from] move: Trick\n|-item|p1a: GhostInTheMachine|Leftovers|[from] move: Trick\n|move|p2a: Nope.|Stealth Rock|p1a: GhostInTheMachine\n|-sidestart|p1: Ink0588|move: Stealth Rock\n|\n|upkeep\n|turn|2\n|j| sonyhawkproskater\n|\n|t:|1699113767\n|switch|p2a: Sun Tsu said that|Incineroar, M|100\/100\n|-ability|p2a: Sun Tsu said that|Intimidate|boost\n|-unboost|p1a: GhostInTheMachine|atk|1\n|move|p1a: GhostInTheMachine|Volt Switch|p2a: Sun Tsu said that\n|-damage|p2a: Sun Tsu said that|83\/100\n|\n|t:|1699113774\n|switch|p1a: Super Punch Out!|Hitmonchan, M|100\/100|[from] Volt Switch\n|-damage|p1a: Super Punch Out!|95\/100|[from] Stealth Rock\n|\n|upkeep\n|turn|3\n|\n|t:|1699113786\n|switch|p2a: PhD in Russian Lit|Vileplume, M|100\/100\n|move|p1a: Super Punch Out!|Rapid Spin|p2a: PhD in Russian Lit\n|-damage|p2a: PhD in Russian Lit|87\/100\n|-boost|p1a: Super Punch Out!|spe|1\n|-sideend|p1: Ink0588|Stealth Rock|[from] move: Rapid Spin|[of] p1a: Super Punch Out!\n|\n|-heal|p2a: PhD in Russian Lit|93\/100|[from] item: Black Sludge\n|upkeep\n|turn|4\n|\n|t:|1699113796\n|move|p1a: Super Punch Out!|Ice Punch|p2a: PhD in Russian Lit\n|-supereffective|p2a: PhD in Russian Lit\n|-crit|p2a: PhD in Russian Lit\n|-damage|p2a: PhD in Russian Lit|9\/100\n|move|p2a: PhD in Russian Lit|Moonblast|p1a: Super Punch Out!\n|-supereffective|p1a: Super Punch Out!\n|-damage|p1a: Super Punch Out!|31\/100\n|\n|-heal|p2a: PhD in Russian Lit|15\/100|[from] item: Black Sludge\n|upkeep\n|turn|5\n|\n|t:|1699113810\n|switch|p2a: Madcap|Hitmonchan, M|100\/100\n|move|p1a: Super Punch Out!|Drain Punch|p2a: Madcap\n|-damage|p2a: Madcap|18\/100\n|-heal|p1a: Super Punch Out!|72\/100|[from] drain|[of] p2a: Madcap\n|\n|upkeep\n|turn|6\n|\n|t:|1699113819\n|move|p1a: Super Punch Out!|Mach Punch|p2a: Madcap\n|-damage|p2a: Madcap|0 fnt\n|faint|p2a: Madcap\n|\n|upkeep\n|j| Pyos\n|\n|t:|1699113843\n|switch|p2a: Nope.|Quagsire, M|100\/100\n|turn|7\n|\n|t:|1699113855\n|switch|p1a: Smashing|Minior-Violet|100\/100\n|-formechange|p1a: Smashing|Minior-Meteor||[from] ability: Shields Down\n|move|p2a: Nope.|Stone Edge|p1a: Smashing\n|-supereffective|p1a: Smashing\n|-damage|p1a: Smashing|55\/100\n|\n|upkeep\n|turn|8\n|\n|t:|1699113864\n|move|p1a: Smashing|Shell Smash|p1a: Smashing\n|-unboost|p1a: Smashing|def|1\n|-unboost|p1a: Smashing|spd|1\n|-boost|p1a: Smashing|atk|2\n|-boost|p1a: Smashing|spa|2\n|-boost|p1a: Smashing|spe|2\n|-enditem|p1a: Smashing|White Herb\n|-clearnegativeboost|p1a: Smashing|[silent]\n|move|p2a: Nope.|Stone Edge|p1a: Smashing\n|-supereffective|p1a: Smashing\n|-damage|p1a: Smashing|7\/100\n|\n|-formechange|p1a: Smashing|Minior-Violet||[from] ability: Shields Down\n|upkeep\n|turn|9\n|\n|t:|1699113875\n|move|p1a: Smashing|Acrobatics|p2a: Nope.\n|-damage|p2a: Nope.|67\/100\n|move|p2a: Nope.|Stone Edge|p1a: Smashing\n|-supereffective|p1a: Smashing\n|-damage|p1a: Smashing|0 fnt\n|faint|p1a: Smashing\n|\n|upkeep\n|\n|t:|1699113880\n|switch|p1a: Super Punch Out!|Hitmonchan, M|72\/100\n|turn|10\n|\n|t:|1699113887\n|switch|p2a: PhD in Russian Lit|Vileplume, M|15\/100\n|move|p1a: Super Punch Out!|Rapid Spin|p2a: PhD in Russian Lit\n|-damage|p2a: PhD in Russian Lit|3\/100\n|-boost|p1a: Super Punch Out!|spe|1\n|\n|-heal|p2a: PhD in Russian Lit|9\/100|[from] item: Black Sludge\n|upkeep\n|turn|11\n|\n|t:|1699113898\n|switch|p2a: Sun Tsu said that|Incineroar, M|83\/100\n|-ability|p2a: Sun Tsu said that|Intimidate|boost\n|-unboost|p1a: Super Punch Out!|atk|1\n|move|p1a: Super Punch Out!|Drain Punch|p2a: Sun Tsu said that\n|-supereffective|p2a: Sun Tsu said that\n|-damage|p2a: Sun Tsu said that|18\/100\n|-heal|p1a: Super Punch Out!|100\/100|[from] drain|[of] p2a: Sun Tsu said that\n|\n|upkeep\n|turn|12\n|\n|t:|1699113914\n|switch|p2a: PhD in Russian Lit|Vileplume, M|9\/100\n|move|p1a: Super Punch Out!|Drain Punch|p2a: PhD in Russian Lit\n|-resisted|p2a: PhD in Russian Lit\n|-damage|p2a: PhD in Russian Lit|0 fnt\n|faint|p2a: PhD in Russian Lit\n|\n|upkeep\n|\n|t:|1699113924\n|switch|p2a: Nope.|Quagsire, M|67\/100\n|turn|13\n|\n|t:|1699113928\n|move|p1a: Super Punch Out!|Drain Punch|p2a: Nope.\n|-damage|p2a: Nope.|31\/100\n|move|p2a: Nope.|Liquidation|p1a: Super Punch Out!\n|-damage|p1a: Super Punch Out!|59\/100\n|-unboost|p1a: Super Punch Out!|def|1\n|\n|upkeep\n|turn|14\n|\n|t:|1699113939\n|move|p1a: Super Punch Out!|Drain Punch|p2a: Nope.\n|-damage|p2a: Nope.|0 fnt\n|-heal|p1a: Super Punch Out!|83\/100|[from] drain|[of] p2a: Nope.\n|faint|p2a: Nope.\n|\n|upkeep\n|\n|t:|1699113945\n|switch|p2a: Guys Spy is me|Sneasel, F|100\/100\n|turn|15\n|\n|t:|1699113948\n|move|p1a: Super Punch Out!|Mach Punch|p2a: Guys Spy is me\n|-supereffective|p2a: Guys Spy is me\n|-crit|p2a: Guys Spy is me\n|-enditem|p2a: Guys Spy is me|Focus Sash\n|-damage|p2a: Guys Spy is me|1\/100\n|move|p2a: Guys Spy is me|Triple Axel|p1a: Super Punch Out!\n|-damage|p1a: Super Punch Out!|60\/100\n|-damage|p1a: Super Punch Out!|19\/100\n|-damage|p1a: Super Punch Out!|0 fnt\n|faint|p1a: Super Punch Out!\n|-hitcount|p1: Super Punch Out!|3\n|\n|upkeep\n|\n|t:|1699113959\n|switch|p1a: Michael Bubly|Araquanid, F|100\/100\n|turn|16\n|\n|t:|1699113965\n|move|p2a: Guys Spy is me|Knock Off|p1a: Michael Bubly\n|-damage|p1a: Michael Bubly|71\/100\n|-enditem|p1a: Michael Bubly|Leftovers|[from] move: Knock Off|[of] p2a: Guys Spy is me\n|move|p1a: Michael Bubly|Liquidation|p2a: Guys Spy is me\n|-damage|p2a: Guys Spy is me|0 fnt\n|faint|p2a: Guys Spy is me\n|\n|upkeep\n|\n|t:|1699113975\n|switch|p2a: Thar can be only 1|Pinsir, F|100\/100\n|turn|17\n|\n|t:|1699113983\n|move|p2a: Thar can be only 1|Stone Edge|p1a: Michael Bubly\n|-supereffective|p1a: Michael Bubly\n|-damage|p1a: Michael Bubly|11\/100\n|move|p1a: Michael Bubly|Liquidation|p2a: Thar can be only 1\n|-damage|p2a: Thar can be only 1|43\/100\n|\n|upkeep\n|turn|18\n|\n|t:|1699113990\n|move|p2a: Thar can be only 1|Stone Edge|p1a: Michael Bubly\n|-supereffective|p1a: Michael Bubly\n|-damage|p1a: Michael Bubly|0 fnt\n|faint|p1a: Michael Bubly\n|-ability|p2a: Thar can be only 1|Moxie|boost\n|-boost|p2a: Thar can be only 1|atk|1\n|\n|upkeep\n|\n|t:|1699113995\n|switch|p1a: Wheel n' Deal|Morpeko, M|100\/100\n|turn|19\n|\n|t:|1699113998\n|move|p2a: Thar can be only 1|Stone Edge|p1a: Wheel n' Deal\n|-damage|p1a: Wheel n' Deal|8\/100\n|move|p1a: Wheel n' Deal|Aura Wheel|p2a: Thar can be only 1\n|-damage|p2a: Thar can be only 1|0 fnt\n|-boost|p1a: Wheel n' Deal|spe|1\n|faint|p2a: Thar can be only 1\n|\n|-formechange|p1a: Wheel n' Deal|Morpeko-Hangry||[from] ability: Hunger Switch\n|upkeep\n|\n|t:|1699114007\n|switch|p2a: Sun Tsu said that|Incineroar, M|18\/100\n|-ability|p2a: Sun Tsu said that|Intimidate|boost\n|-fail|p1a: Wheel n' Deal|unboost|[from] item: Clear Amulet|[of] p1a: Wheel n' Deal\n|turn|20\n|\n|t:|1699114012\n|move|p1a: Wheel n' Deal|Brick Break|p2a: Sun Tsu said that\n|-supereffective|p2a: Sun Tsu said that\n|-damage|p2a: Sun Tsu said that|0 fnt\n|faint|p2a: Sun Tsu said that\n|\n|win|Ink0588\n|c|\u2606Ink0588|gg\n|c|\u26060v4n|gg\n|l| Pyos\n|c|\u2606Ink0588|hitmonchan kinda\n|c|\u2606Ink0588|killed everything\n|c|\u2606Ink0588|huh\n|l| sonyhawkproskater\n|l| bwill243\n|c|\u2606Ink0588|we need game 2 and 3 right\n|c|\u26060v4n|yup\n|l|\u2606Ink0588\n","uploadtime":1699114032,"views":27,"p1id":"ink0588","p2id":"0v4n","formatid":"gen9nationaldexubers","rating":0,"private":0,"password":""}