{"id":"gen9nationaldexubers-1979681505","p1":"Big Chungus irl","p2":"msarock","format":"[Gen 9] National Dex Ubers","log":"|j|\u2606Big Chungus irl\n|j|\u2606msarock\n|t:|1698702786\n|gametype|singles\n|player|p1|Big Chungus irl|firebreather|1550\n|player|p2|msarock|1|1447\n|teamsize|p1|6\n|teamsize|p2|6\n|gen|9\n|tier|[Gen 9] National Dex Ubers\n|rated|\n|rule|HP Percentage Mod: HP is shown in percentages\n|rule|Endless Battle Clause: Forcing endless battles is banned\n|rule|OHKO Clause: OHKO moves are banned\n|rule|Evasion Moves Clause: Evasion moves are banned\n|rule|Evasion Items Clause: Evasion items are banned\n|rule|Species Clause: Limit one of each Pok\u00e9mon\n|rule|Sleep Clause Mod: Limit one foe put to sleep\n|rule|Mega Rayquaza Clause: You cannot mega evolve Rayquaza\n|clearpoke\n|poke|p1|Lunala|\n|poke|p1|Ho-Oh|\n|poke|p1|Groudon|\n|poke|p1|Arceus-Water|\n|poke|p1|Zygarde|\n|poke|p1|Necrozma-Dusk-Mane|\n|poke|p2|Glimmora, F|\n|poke|p2|Arceus-Ghost|\n|poke|p2|Zekrom|\n|poke|p2|Groudon|\n|poke|p2|Xerneas-*|\n|poke|p2|Chi-Yu|\n|teampreview\n|inactive|Battle timer is ON: inactive players will automatically lose when time's up. (requested by msarock)\n|c|\u2606Big Chungus irl|gl and hf\n|\n|t:|1698702794\n|start\n|switch|p1a: Arceus|Arceus-Water|100\/100\n|switch|p2a: Glimmora|Glimmora, F|100\/100\n|turn|1\n|\n|t:|1698702811\n|move|p1a: Arceus|Taunt|p2a: Glimmora\n|-start|p2a: Glimmora|move: Taunt\n|cant|p2a: Glimmora|move: Taunt|Spikes\n|\n|upkeep\n|turn|2\n|\n|t:|1698702819\n|switch|p2a: Zekrom|Zekrom|100\/100\n|-ability|p2a: Zekrom|Teravolt\n|move|p1a: Arceus|Will-O-Wisp|p2a: Zekrom|[miss]\n|-miss|p1a: Arceus|p2a: Zekrom\n|\n|upkeep\n|turn|3\n|\n|t:|1698702824\n|move|p1a: Arceus|Will-O-Wisp|p2a: Zekrom\n|-status|p2a: Zekrom|brn\n|move|p2a: Zekrom|Fusion Bolt|p1a: Arceus\n|-supereffective|p1a: Arceus\n|-damage|p1a: Arceus|48\/100\n|-damage|p2a: Zekrom|91\/100 brn|[from] item: Life Orb\n|\n|-damage|p2a: Zekrom|84\/100 brn|[from] brn\n|upkeep\n|turn|4\n|\n|t:|1698702835\n|switch|p1a: Zygarde|Zygarde|100\/100\n|move|p2a: Zekrom|Dragon Dance|p2a: Zekrom\n|-boost|p2a: Zekrom|atk|1\n|-boost|p2a: Zekrom|spe|1\n|\n|-damage|p2a: Zekrom|78\/100 brn|[from] brn\n|upkeep\n|turn|5\n|\n|t:|1698702851\n|switch|p1a: Necrozma|Necrozma-Dusk-Mane|100\/100\n|move|p2a: Zekrom|Draco Meteor|p1a: Necrozma\n|-resisted|p1a: Necrozma\n|-damage|p1a: Necrozma|73\/100\n|-unboost|p2a: Zekrom|spa|2\n|-damage|p2a: Zekrom|68\/100 brn|[from] item: Life Orb\n|\n|-heal|p1a: Necrozma|79\/100|[from] item: Leftovers\n|-damage|p2a: Zekrom|62\/100 brn|[from] brn\n|upkeep\n|turn|6\n|\n|t:|1698702862\n|move|p2a: Zekrom|Dragon Dance|p2a: Zekrom\n|-boost|p2a: Zekrom|atk|1\n|-boost|p2a: Zekrom|spe|1\n|move|p1a: Necrozma|Stealth Rock|p2a: Zekrom\n|-sidestart|p2: msarock|move: Stealth Rock\n|\n|-heal|p1a: Necrozma|85\/100|[from] item: Leftovers\n|-damage|p2a: Zekrom|56\/100 brn|[from] brn\n|upkeep\n|turn|7\n|\n|t:|1698702871\n|move|p2a: Zekrom|Fusion Bolt|p1a: Necrozma\n|-damage|p1a: Necrozma|42\/100\n|-damage|p2a: Zekrom|46\/100 brn|[from] item: Life Orb\n|move|p1a: Necrozma|Knock Off|p2a: Zekrom\n|-damage|p2a: Zekrom|19\/100 brn\n|-enditem|p2a: Zekrom|Life Orb|[from] move: Knock Off|[of] p1a: Necrozma\n|\n|-heal|p1a: Necrozma|48\/100|[from] item: Leftovers\n|-damage|p2a: Zekrom|13\/100 brn|[from] brn\n|upkeep\n|turn|8\n|\n|t:|1698702875\n|move|p2a: Zekrom|Dragon Claw|p1a: Necrozma\n|-resisted|p1a: Necrozma\n|-damage|p1a: Necrozma|34\/100\n|move|p1a: Necrozma|Moonlight|p1a: Necrozma\n|-heal|p1a: Necrozma|84\/100\n|\n|-heal|p1a: Necrozma|90\/100|[from] item: Leftovers\n|-damage|p2a: Zekrom|6\/100 brn|[from] brn\n|upkeep\n|turn|9\n|\n|t:|1698702879\n|move|p2a: Zekrom|Fusion Bolt|p1a: Necrozma\n|-damage|p1a: Necrozma|56\/100\n|move|p1a: Necrozma|Moonlight|p1a: Necrozma\n|-heal|p1a: Necrozma|100\/100\n|\n|-damage|p2a: Zekrom|0 fnt|[from] brn\n|faint|p2a: Zekrom\n|upkeep\n|\n|t:|1698702885\n|switch|p2a: Groudon|Groudon, shiny|100\/100\n|-damage|p2a: Groudon|94\/100|[from] Stealth Rock\n|detailschange|p2a: Groudon|Groudon-Primal, shiny\n|-primal|p2a: Groudon|Red Orb\n|-weather|DesolateLand|[from] ability: Desolate Land|[of] p2a: Groudon\n|turn|10\n|inactive|Big Chungus irl has 120 seconds left.\n|\n|t:|1698702924\n|switch|p1a: Ho-Oh|Ho-Oh|100\/100\n|move|p2a: Groudon|Rock Polish|p2a: Groudon\n|-boost|p2a: Groudon|spe|2\n|\n|-weather|DesolateLand|[upkeep]\n|upkeep\n|turn|11\n|inactive|Big Chungus irl has 120 seconds left.\n|\n|t:|1698702937\n|-terastallize|p1a: Ho-Oh|Steel\n|move|p2a: Groudon|Swords Dance|p2a: Groudon\n|-boost|p2a: Groudon|atk|2\n|move|p1a: Ho-Oh|Brave Bird|p2a: Groudon\n|-damage|p2a: Groudon|52\/100\n|-damage|p1a: Ho-Oh|89\/100|[from] Recoil\n|\n|-weather|DesolateLand|[upkeep]\n|upkeep\n|turn|12\n|inactive|Big Chungus irl has 120 seconds left.\n|\n|t:|1698702959\n|switch|p1a: Necrozma|Necrozma-Dusk-Mane|100\/100\n|move|p2a: Groudon|Swords Dance|p2a: Groudon\n|-boost|p2a: Groudon|atk|2\n|\n|-weather|DesolateLand|[upkeep]\n|upkeep\n|turn|13\n|\n|t:|1698702964\n|move|p2a: Groudon|Heat Crash|p1a: Necrozma\n|-supereffective|p1a: Necrozma\n|-damage|p1a: Necrozma|0 fnt\n|faint|p1a: Necrozma\n|\n|-weather|DesolateLand|[upkeep]\n|upkeep\n|inactive|Big Chungus irl has 90 seconds left.\n|\n|t:|1698702991\n|switch|p1a: Zygarde|Zygarde|100\/100\n|turn|14\n|\n|t:|1698702994\n|move|p2a: Groudon|Earthquake|p1a: Zygarde\n|-damage|p1a: Zygarde|0 fnt\n|faint|p1a: Zygarde\n|\n|-weather|DesolateLand|[upkeep]\n|upkeep\n|\n|t:|1698702997\n|switch|p1a: Lunala|Lunala|100\/100\n|turn|15\n|\n|t:|1698703002\n|move|p2a: Groudon|Heat Crash|p1a: Lunala\n|-damage|p1a: Lunala|0 fnt\n|faint|p1a: Lunala\n|\n|-weather|DesolateLand|[upkeep]\n|upkeep\n|\n|t:|1698703007\n|switch|p1a: Groudon|Groudon|100\/100\n|detailschange|p1a: Groudon|Groudon-Primal\n|-primal|p1a: Groudon|Red Orb\n|turn|16\n|\n|t:|1698703010\n|move|p2a: Groudon|Earthquake|p1a: Groudon\n|-supereffective|p1a: Groudon\n|-damage|p1a: Groudon|0 fnt\n|faint|p1a: Groudon\n|\n|-weather|DesolateLand|[upkeep]\n|upkeep\n|\n|t:|1698703013\n|switch|p1a: Arceus|Arceus-Water|48\/100\n|turn|17\n|\n|t:|1698703016\n|move|p2a: Groudon|Earthquake|p1a: Arceus\n|-damage|p1a: Arceus|0 fnt\n|faint|p1a: Arceus\n|\n|-weather|DesolateLand|[upkeep]\n|upkeep\n|\n|t:|1698703019\n|switch|p1a: Ho-Oh|Ho-Oh, tera:Steel|100\/100\n|turn|18\n|\n|t:|1698703021\n|move|p2a: Groudon|Heat Crash|p1a: Ho-Oh\n|-supereffective|p1a: Ho-Oh\n|-damage|p1a: Ho-Oh|0 fnt\n|faint|p1a: Ho-Oh\n|\n|win|msarock\n|raw|Big Chungus irl's rating: 1550 &rarr; <strong>1524<\/strong><br \/>(-26 for losing)\n|raw|msarock's rating: 1447 &rarr; <strong>1473<\/strong><br \/>(+26 for winning)\n|l|\u2606Big Chungus irl\n|c|\u2606msarock|Gg\n","uploadtime":1698703039,"views":14,"p1id":"bigchungusirl","p2id":"msarock","formatid":"gen9nationaldexubers","rating":1473,"private":0,"password":""}