{"id":"gen9nationaldexubers-1982479252","p1":"King pugo","p2":"Gtg g u2","format":"[Gen 9] National Dex Ubers","log":"|j|\u2606King pugo\n|j|\u2606Gtg g u2\n|t:|1699018732\n|gametype|singles\n|player|p1|King pugo|ingo|1082\n|player|p2|Gtg g u2|red-masters|1075\n|teamsize|p1|6\n|teamsize|p2|6\n|gen|9\n|tier|[Gen 9] National Dex Ubers\n|rated|\n|rule|HP Percentage Mod: HP is shown in percentages\n|rule|Endless Battle Clause: Forcing endless battles is banned\n|rule|OHKO Clause: OHKO moves are banned\n|rule|Evasion Moves Clause: Evasion moves are banned\n|rule|Evasion Items Clause: Evasion items are banned\n|rule|Species Clause: Limit one of each Pok\u00e9mon\n|rule|Sleep Clause Mod: Limit one foe put to sleep\n|rule|Mega Rayquaza Clause: You cannot mega evolve Rayquaza\n|clearpoke\n|poke|p1|Ting-Lu|\n|poke|p1|Glimmora, M|\n|poke|p1|Cramorant, M|\n|poke|p1|Grimmsnarl, M|\n|poke|p1|Gyarados, M|\n|poke|p1|Poliwrath, M|\n|poke|p2|Pikachu, M|\n|poke|p2|Rillaboom, M|\n|poke|p2|Cramorant, M|\n|poke|p2|Grapploct, M|\n|poke|p2|Centiskorch, M|\n|poke|p2|Runerigus, F|\n|teampreview\n|inactive|Battle timer is ON: inactive players will automatically lose when time's up. (requested by Gtg g u2)\n|\n|t:|1699018738\n|start\n|switch|p1a: Glimmora|Glimmora, M|100\/100\n|switch|p2a: Cramorant|Cramorant, M|100\/100\n|-item|p1a: Glimmora|Air Balloon\n|turn|1\n|\n|t:|1699018743\n|move|p2a: Cramorant|Surf|p1a: Glimmora\n|-formechange|p2a: Cramorant|Cramorant-Gulping|\n|-supereffective|p1a: Glimmora\n|-damage|p1a: Glimmora|27\/100\n|-enditem|p1a: Glimmora|Air Balloon\n|move|p1a: Glimmora|Toxic Spikes|p2a: Cramorant\n|-sidestart|p2: Gtg g u2|move: Toxic Spikes\n|\n|upkeep\n|turn|2\n|\n|t:|1699018747\n|move|p1a: Glimmora|Spiky Shield|p1a: Glimmora\n|-singleturn|p1a: Glimmora|move: Protect\n|move|p2a: Cramorant|Surf|p1a: Glimmora\n|-activate|p1a: Glimmora|move: Protect\n|\n|upkeep\n|turn|3\n|\n|t:|1699018752\n|move|p2a: Cramorant|Defog|p1a: Glimmora\n|-unboost|p1a: Glimmora|evasion|1\n|-sideend|p2: Gtg g u2|Toxic Spikes|[from] move: Defog|[of] p2a: Cramorant\n|move|p1a: Glimmora|Toxic Spikes|p2a: Cramorant\n|-sidestart|p2: Gtg g u2|move: Toxic Spikes\n|\n|upkeep\n|turn|4\n|\n|t:|1699018756\n|move|p2a: Cramorant|Surf|p1a: Glimmora\n|-supereffective|p1a: Glimmora\n|-damage|p1a: Glimmora|0 fnt\n|faint|p1a: Glimmora\n|\n|upkeep\n|\n|t:|1699018760\n|switch|p1a: Cramorant|Cramorant, M, shiny|100\/100\n|turn|5\n|\n|t:|1699018763\n|move|p2a: Cramorant|Defog|p1a: Cramorant\n|-unboost|p1a: Cramorant|evasion|1\n|-sideend|p2: Gtg g u2|Toxic Spikes|[from] move: Defog|[of] p2a: Cramorant\n|move|p1a: Cramorant|Surf|p2a: Cramorant\n|-formechange|p1a: Cramorant|Cramorant-Gulping|\n|-resisted|p2a: Cramorant\n|-damage|p2a: Cramorant|81\/100\n|-damage|p1a: Cramorant|76\/100|[from] ability: Gulp Missile|[of] p2a: Cramorant\n|-unboost|p1a: Cramorant|def|1\n|-formechange|p2a: Cramorant|Cramorant|\n|\n|upkeep\n|turn|6\n|\n|t:|1699018770\n|move|p2a: Cramorant|Surf|p1a: Cramorant\n|-formechange|p2a: Cramorant|Cramorant-Gulping|\n|-resisted|p1a: Cramorant\n|-damage|p1a: Cramorant|56\/100\n|-damage|p2a: Cramorant|56\/100|[from] ability: Gulp Missile|[of] p1a: Cramorant\n|-unboost|p2a: Cramorant|def|1\n|-formechange|p1a: Cramorant|Cramorant|\n|move|p1a: Cramorant|Surf|p2a: Cramorant\n|-formechange|p1a: Cramorant|Cramorant-Gulping|\n|-resisted|p2a: Cramorant\n|-damage|p2a: Cramorant|35\/100\n|-damage|p1a: Cramorant|31\/100|[from] ability: Gulp Missile|[of] p2a: Cramorant\n|-unboost|p1a: Cramorant|def|1\n|-formechange|p2a: Cramorant|Cramorant|\n|\n|upkeep\n|turn|7\n|\n|t:|1699018780\n|move|p2a: Cramorant|Roost|p2a: Cramorant\n|-heal|p2a: Cramorant|85\/100\n|-singleturn|p2a: Cramorant|move: Roost\n|move|p1a: Cramorant|Surf|p2a: Cramorant\n|-resisted|p2a: Cramorant\n|-damage|p2a: Cramorant|66\/100\n|\n|upkeep\n|turn|8\n|\n|t:|1699018784\n|move|p2a: Cramorant|Hurricane|p1a: Cramorant\n|-damage|p1a: Cramorant|0 fnt\n|-damage|p2a: Cramorant|41\/100|[from] ability: Gulp Missile|[of] p1a: Cramorant\n|-unboost|p2a: Cramorant|def|1\n|-formechange|p1a: Cramorant|Cramorant|\n|faint|p1a: Cramorant\n|\n|upkeep\n|-message|King pugo forfeited.\n|\n|win|Gtg g u2\n|raw|King pugo's rating: 1082 &rarr; <strong>1059<\/strong><br \/>(-23 for losing)\n|raw|Gtg g u2's rating: 1075 &rarr; <strong>1104<\/strong><br \/>(+29 for winning)\n|l|\u2606King pugo\n","uploadtime":1699018794,"views":10,"p1id":"kingpugo","p2id":"gtggu2","formatid":"gen9nationaldexubers","rating":1059,"private":0,"password":""}