{"id":"gen9nationaldexubers-1996584572","p1":"85792195wwww","p2":"Szymszym134","format":"[Gen 9] National Dex Ubers","log":"|j|\u260685792195wwww\n|j|\u2606Szymszym134\n|t:|1700697184\n|gametype|singles\n|player|p1|85792195wwww|mira|1725\n|player|p2|Szymszym134|elesa|1722\n|teamsize|p1|6\n|teamsize|p2|6\n|gen|9\n|tier|[Gen 9] National Dex Ubers\n|rated|\n|rule|HP Percentage Mod: HP is shown in percentages\n|rule|Endless Battle Clause: Forcing endless battles is banned\n|rule|OHKO Clause: OHKO moves are banned\n|rule|Evasion Moves Clause: Evasion moves are banned\n|rule|Evasion Items Clause: Evasion items are banned\n|rule|Species Clause: Limit one of each Pok\u00e9mon\n|rule|Sleep Clause Mod: Limit one foe put to sleep\n|rule|Mega Rayquaza Clause: You cannot mega evolve Rayquaza\n|clearpoke\n|poke|p1|Arceus|\n|poke|p1|Zacian-*|\n|poke|p1|Xerneas-*|\n|poke|p1|Kyurem-Black|\n|poke|p1|Groudon|\n|poke|p1|Deoxys-Speed|\n|poke|p2|Magearna|\n|poke|p2|Arceus-Dark|\n|poke|p2|Ho-Oh|\n|poke|p2|Ditto|\n|poke|p2|Garganacl, F|\n|poke|p2|Zygarde|\n|teampreview\n|inactive|Battle timer is ON: inactive players will automatically lose when time's up. (requested by Szymszym134)\n|\n|t:|1700697194\n|start\n|switch|p1a: Deoxys|Deoxys-Speed|100\/100\n|switch|p2a: Arceus|Arceus-Dark|100\/100\n|-ability|p1a: Deoxys|Pressure\n|turn|1\n|\n|t:|1700697202\n|move|p1a: Deoxys|Stealth Rock|p2a: Arceus\n|-sidestart|p2: Szymszym134|move: Stealth Rock\n|move|p2a: Arceus|Taunt|p1a: Deoxys\n|-start|p1a: Deoxys|move: Taunt\n|\n|upkeep\n|turn|2\n|\n|t:|1700697208\n|switch|p1a: Zacian|Zacian-Crowned|100\/100\n|-ability|p1a: Zacian|Intrepid Sword|boost\n|-boost|p1a: Zacian|atk|1\n|move|p2a: Arceus|Foul Play|p1a: Zacian\n|-resisted|p1a: Zacian\n|-damage|p1a: Zacian|57\/100\n|\n|upkeep\n|turn|3\n|\n|t:|1700697217\n|switch|p2a: Ho-Oh|Ho-Oh|100\/100\n|move|p1a: Zacian|Behemoth Blade|p2a: Ho-Oh\n|-resisted|p2a: Ho-Oh\n|-damage|p2a: Ho-Oh|71\/100\n|\n|upkeep\n|turn|4\n|\n|t:|1700697225\n|move|p1a: Zacian|Wild Charge|p2a: Ho-Oh\n|-supereffective|p2a: Ho-Oh\n|-damage|p2a: Ho-Oh|1\/100\n|-damage|p1a: Zacian|35\/100|[from] Recoil\n|move|p2a: Ho-Oh|Sacred Fire|p1a: Zacian\n|-supereffective|p1a: Zacian\n|-crit|p1a: Zacian\n|-damage|p1a: Zacian|0 fnt\n|faint|p1a: Zacian\n|\n|upkeep\n|\n|t:|1700697238\n|switch|p1a: Kyurem|Kyurem-Black|100\/100\n|-ability|p1a: Kyurem|Teravolt\n|turn|5\n|\n|t:|1700697243\n|switch|p2a: Arceus|Arceus-Dark|100\/100\n|-damage|p2a: Arceus|88\/100|[from] Stealth Rock\n|move|p1a: Kyurem|Icicle Spear|p2a: Arceus\n|-damage|p2a: Arceus|76\/100\n|-damage|p2a: Arceus|64\/100\n|-damage|p2a: Arceus|53\/100\n|-damage|p2a: Arceus|41\/100\n|-hitcount|p2a: Arceus|4\n|\n|upkeep\n|turn|6\n|\n|t:|1700697255\n|switch|p1a: Deoxys|Deoxys-Speed|100\/100\n|-ability|p1a: Deoxys|Pressure\n|move|p2a: Arceus|Foul Play|p1a: Deoxys\n|-supereffective|p1a: Deoxys\n|-damage|p1a: Deoxys|44\/100\n|-damage|p2a: Arceus|24\/100|[from] item: Rocky Helmet|[of] p1a: Deoxys\n|\n|upkeep\n|turn|7\n|\n|t:|1700697264\n|move|p1a: Deoxys|Thunder Wave|p2a: Arceus\n|-status|p2a: Arceus|par\n|move|p2a: Arceus|Recover|p2a: Arceus\n|-heal|p2a: Arceus|74\/100 par\n|\n|upkeep\n|turn|8\n|\n|t:|1700697272\n|move|p1a: Deoxys|Taunt|p2a: Arceus\n|-start|p2a: Arceus|move: Taunt\n|cant|p2a: Arceus|par\n|\n|upkeep\n|turn|9\n|\n|t:|1700697279\n|switch|p1a: Xerneas|Xerneas|100\/100\n|-ability|p1a: Xerneas|Fairy Aura\n|move|p2a: Arceus|Foul Play|p1a: Xerneas\n|-resisted|p1a: Xerneas\n|-damage|p1a: Xerneas|85\/100\n|\n|upkeep\n|turn|10\n|\n|t:|1700697289\n|switch|p2a: Magearna|Magearna|100\/100\n|-damage|p2a: Magearna|94\/100|[from] Stealth Rock\n|move|p1a: Xerneas|Moonblast|p2a: Magearna\n|-resisted|p2a: Magearna\n|-damage|p2a: Magearna|69\/100\n|\n|-heal|p2a: Magearna|75\/100|[from] item: Leftovers\n|upkeep\n|turn|11\n|\n|t:|1700697299\n|move|p1a: Xerneas|Moonblast|p2a: Magearna\n|-resisted|p2a: Magearna\n|-damage|p2a: Magearna|50\/100\n|move|p2a: Magearna|Fleur Cannon|p1a: Xerneas|[miss]\n|-miss|p2a: Magearna|p1a: Xerneas\n|\n|-heal|p2a: Magearna|56\/100|[from] item: Leftovers\n|upkeep\n|turn|12\n|\n|t:|1700697309\n|switch|p1a: Groudon|Groudon|100\/100\n|detailschange|p1a: Groudon|Groudon-Primal\n|-primal|p1a: Groudon|Red Orb\n|-weather|DesolateLand|[from] ability: Desolate Land|[of] p1a: Groudon\n|move|p2a: Magearna|Pain Split|p1a: Groudon\n|-sethp|p1a: Groudon|79\/100|[from] move: Pain Split|[silent]\n|-sethp|p2a: Magearna|78\/100|[from] move: Pain Split\n|\n|-weather|DesolateLand|[upkeep]\n|-heal|p2a: Magearna|84\/100|[from] item: Leftovers\n|upkeep\n|turn|13\n|\n|t:|1700697321\n|-weather|none\n|switch|p1a: Kyurem|Kyurem-Black|100\/100\n|-ability|p1a: Kyurem|Teravolt\n|switch|p2a: Zygarde|Zygarde|100\/100\n|-damage|p2a: Zygarde|94\/100|[from] Stealth Rock\n|\n|-heal|p2a: Zygarde|100\/100|[from] item: Leftovers\n|upkeep\n|turn|14\n|\n|t:|1700697332\n|-terastallize|p2a: Zygarde|Normal\n|move|p1a: Kyurem|Substitute|p1a: Kyurem\n|-start|p1a: Kyurem|Substitute\n|-damage|p1a: Kyurem|75\/100\n|move|p2a: Zygarde|Coil|p2a: Zygarde\n|-boost|p2a: Zygarde|atk|1\n|-boost|p2a: Zygarde|def|1\n|-boost|p2a: Zygarde|accuracy|1\n|\n|upkeep\n|turn|15\n|\n|t:|1700697342\n|switch|p1a: Arceus|Arceus|100\/100\n|move|p2a: Zygarde|Coil|p2a: Zygarde\n|-boost|p2a: Zygarde|atk|1\n|-boost|p2a: Zygarde|def|1\n|-boost|p2a: Zygarde|accuracy|1\n|\n|upkeep\n|turn|16\n|\n|t:|1700697349\n|move|p1a: Arceus|Will-O-Wisp|p2a: Zygarde\n|-status|p2a: Zygarde|brn\n|move|p2a: Zygarde|Thousand Arrows|p1a: Arceus\n|-damage|p1a: Arceus|80\/100\n|\n|-damage|p2a: Zygarde|94\/100 brn|[from] brn\n|upkeep\n|turn|17\n|\n|t:|1700697359\n|switch|p1a: Xerneas|Xerneas|85\/100\n|-ability|p1a: Xerneas|Fairy Aura\n|move|p2a: Zygarde|Coil|p2a: Zygarde\n|-boost|p2a: Zygarde|atk|1\n|-boost|p2a: Zygarde|def|1\n|-boost|p2a: Zygarde|accuracy|1\n|\n|-heal|p2a: Zygarde|100\/100 brn|[from] item: Leftovers\n|-damage|p2a: Zygarde|94\/100 brn|[from] brn\n|upkeep\n|turn|18\n|\n|t:|1700697371\n|move|p1a: Xerneas|Geomancy||[still]\n|-prepare|p1a: Xerneas|Geomancy\n|-enditem|p1a: Xerneas|Power Herb\n|-anim|p1a: Xerneas|Geomancy|p1a: Xerneas\n|-boost|p1a: Xerneas|spa|2\n|-boost|p1a: Xerneas|spd|2\n|-boost|p1a: Xerneas|spe|2\n|move|p2a: Zygarde|Thousand Arrows|p1a: Xerneas\n|-damage|p1a: Xerneas|59\/100\n|\n|-heal|p2a: Zygarde|100\/100 brn|[from] item: Leftovers\n|-damage|p2a: Zygarde|94\/100 brn|[from] brn\n|upkeep\n|turn|19\n|\n|t:|1700697383\n|move|p2a: Zygarde|Extreme Speed|p1a: Xerneas\n|-damage|p1a: Xerneas|36\/100\n|move|p1a: Xerneas|Moonblast|p2a: Zygarde\n|-damage|p2a: Zygarde|0 fnt\n|faint|p2a: Zygarde\n|\n|upkeep\n|\n|t:|1700697387\n|switch|p2a: Ditto|Ditto|100\/100\n|-damage|p2a: Ditto|88\/100|[from] Stealth Rock\n|-transform|p2a: Ditto|p1a: Xerneas|[from] ability: Imposter\n|-ability|p2a: Ditto|Fairy Aura\n|turn|20\n|\n|t:|1700697405\n|switch|p1a: Deoxys|Deoxys-Speed|44\/100\n|-ability|p1a: Deoxys|Pressure\n|move|p2a: Ditto|Moonblast|p1a: Deoxys\n|-damage|p1a: Deoxys|0 fnt\n|faint|p1a: Deoxys\n|\n|upkeep\n|j| FlamingThunderG0d\n|\n|t:|1700697415\n|switch|p1a: Groudon|Groudon-Primal|79\/100\n|-weather|DesolateLand|[from] ability: Desolate Land|[of] p1a: Groudon\n|turn|21\n|\n|t:|1700697419\n|switch|p2a: Arceus|Arceus-Dark|74\/100 par\n|-damage|p2a: Arceus|62\/100 par|[from] Stealth Rock\n|move|p1a: Groudon|Heat Crash|p2a: Arceus\n|-damage|p2a: Arceus|5\/100 par\n|\n|-weather|DesolateLand|[upkeep]\n|upkeep\n|turn|22\n|\n|t:|1700697426\n|move|p1a: Groudon|Heat Crash|p2a: Arceus\n|-damage|p2a: Arceus|0 fnt\n|faint|p2a: Arceus\n|\n|-weather|DesolateLand|[upkeep]\n|upkeep\n|\n|t:|1700697431\n|switch|p2a: Ditto|Ditto|88\/100\n|-damage|p2a: Ditto|76\/100|[from] Stealth Rock\n|-transform|p2a: Ditto|p1a: Groudon|[from] ability: Imposter\n|turn|23\n|\n|t:|1700697439\n|switch|p1a: Xerneas|Xerneas|36\/100\n|-ability|p1a: Xerneas|Fairy Aura\n|move|p2a: Ditto|Earthquake|p1a: Xerneas\n|-damage|p1a: Xerneas|0 fnt\n|faint|p1a: Xerneas\n|\n|-weather|DesolateLand|[upkeep]\n|upkeep\n|\n|t:|1700697451\n|switch|p1a: Kyurem|Kyurem-Black|75\/100\n|-ability|p1a: Kyurem|Teravolt\n|turn|24\n|\n|t:|1700697455\n|-weather|none\n|switch|p2a: Ho-Oh|Ho-Oh|34\/100\n|move|p1a: Kyurem|Icicle Spear|p2a: Ho-Oh\n|-damage|p2a: Ho-Oh|22\/100\n|-damage|p2a: Ho-Oh|11\/100\n|-damage|p2a: Ho-Oh|0 fnt\n|faint|p2a: Ho-Oh\n|-hitcount|p2: Ho-Oh|3\n|\n|upkeep\n|\n|t:|1700697466\n|switch|p2a: Ditto|Ditto|76\/100\n|-damage|p2a: Ditto|63\/100|[from] Stealth Rock\n|-transform|p2a: Ditto|p1a: Kyurem|[from] ability: Imposter\n|-ability|p2a: Ditto|Teravolt\n|turn|25\n|\n|t:|1700697474\n|move|p2a: Ditto|Icicle Spear|p1a: Kyurem\n|-damage|p1a: Kyurem|61\/100\n|-damage|p1a: Kyurem|47\/100\n|-damage|p1a: Kyurem|33\/100\n|-hitcount|p1a: Kyurem|3\n|move|p1a: Kyurem|Icicle Spear|p2a: Ditto\n|-damage|p2a: Ditto|41\/100\n|-damage|p2a: Ditto|22\/100\n|-damage|p2a: Ditto|2\/100\n|-damage|p2a: Ditto|0 fnt\n|faint|p2a: Ditto\n|-hitcount|p2: Ditto|4\n|\n|upkeep\n|\n|t:|1700697482\n|switch|p2a: Garganacl|Garganacl, F|100\/100\n|-damage|p2a: Garganacl|88\/100|[from] Stealth Rock\n|turn|26\n|\n|t:|1700697491\n|switch|p1a: Groudon|Groudon-Primal|79\/100\n|-weather|DesolateLand|[from] ability: Desolate Land|[of] p1a: Groudon\n|move|p2a: Garganacl|Salt Cure|p1a: Groudon\n|-crit|p1a: Groudon\n|-damage|p1a: Groudon|66\/100\n|-start|p1a: Groudon|Salt Cure\n|\n|-weather|DesolateLand|[upkeep]\n|-heal|p2a: Garganacl|94\/100|[from] item: Leftovers\n|-damage|p1a: Groudon|53\/100|[from] Salt Cure\n|upkeep\n|turn|27\n|\n|t:|1700697503\n|move|p2a: Garganacl|Protect|p2a: Garganacl\n|-singleturn|p2a: Garganacl|Protect\n|move|p1a: Groudon|Earthquake|p2a: Garganacl\n|-activate|p2a: Garganacl|move: Protect\n|\n|-weather|DesolateLand|[upkeep]\n|-heal|p2a: Garganacl|100\/100|[from] item: Leftovers\n|-damage|p1a: Groudon|41\/100|[from] Salt Cure\n|upkeep\n|turn|28\n|\n|t:|1700697513\n|move|p1a: Groudon|Earthquake|p2a: Garganacl\n|-supereffective|p2a: Garganacl\n|-crit|p2a: Garganacl\n|-damage|p2a: Garganacl|0 fnt\n|faint|p2a: Garganacl\n|\n|-weather|DesolateLand|[upkeep]\n|-damage|p1a: Groudon|28\/100|[from] Salt Cure\n|upkeep\n|-message|Szymszym134 forfeited.\n|\n|win|85792195wwww\n|raw|85792195wwww's rating: 1725 &rarr; <strong>1745<\/strong><br \/>(+20 for winning)\n|raw|Szymszym134's rating: 1722 &rarr; <strong>1702<\/strong><br \/>(-20 for losing)\n|l|\u2606Szymszym134\n","uploadtime":1700697523,"views":1,"p1id":"85792195wwww","p2id":"szymszym134","formatid":"gen9nationaldexubers","rating":1702,"private":0,"password":""}