{"id":"gen9nationaldexubers-1992483326","p1":"jmmannar27","p2":"JDkot","format":"[Gen 9] National Dex Ubers","log":"|j|\u2606jmmannar27\n|j|\u2606JDkot\n|t:|1700193227\n|gametype|singles\n|player|p1|jmmannar27|biker-gen4|\n|player|p2|JDkot|cynthia|\n|teamsize|p1|6\n|teamsize|p2|6\n|gen|9\n|tier|[Gen 9] National Dex Ubers\n|rule|HP Percentage Mod: HP is shown in percentages\n|rule|Endless Battle Clause: Forcing endless battles is banned\n|rule|OHKO Clause: OHKO moves are banned\n|rule|Evasion Moves Clause: Evasion moves are banned\n|rule|Evasion Items Clause: Evasion items are banned\n|rule|Species Clause: Limit one of each Pok\u00e9mon\n|rule|Sleep Clause Mod: Limit one foe put to sleep\n|rule|Mega Rayquaza Clause: You cannot mega evolve Rayquaza\n|clearpoke\n|poke|p1|Clodsire, M|\n|poke|p1|Cyclizar, M|\n|poke|p1|Espathra, M|\n|poke|p1|Gholdengo|\n|poke|p1|Baxcalibur, M|\n|poke|p1|Meowscarada, M|\n|poke|p2|Urshifu-*, M|\n|poke|p2|Rillaboom, F|\n|poke|p2|Ursaluna-Bloodmoon, M|\n|poke|p2|Hatterene, F|\n|poke|p2|Cinderace, M|\n|poke|p2|Dragapult, M|\n|teampreview\n|\n|t:|1700193260\n|start\n|switch|p1a: Bax streets bax|Baxcalibur, M|100\/100\n|switch|p2a: Hatterene|Hatterene, F, shiny|100\/100\n|turn|1\n|\n|t:|1700193281\n|switch|p1a: Gholdengo|Gholdengo, shiny|100\/100\n|-item|p1a: Gholdengo|Air Balloon\n|move|p2a: Hatterene|Trick Room|p2a: Hatterene\n|-fieldstart|move: Trick Room|[of] p2a: Hatterene\n|\n|upkeep\n|turn|2\n|\n|t:|1700193292\n|move|p2a: Hatterene|Mystical Fire|p1a: Gholdengo\n|-supereffective|p1a: Gholdengo\n|-damage|p1a: Gholdengo|50\/100\n|-unboost|p1a: Gholdengo|spa|1\n|-enditem|p1a: Gholdengo|Air Balloon\n|move|p1a: Gholdengo|Nasty Plot|p1a: Gholdengo\n|-boost|p1a: Gholdengo|spa|2\n|\n|upkeep\n|turn|3\n|\n|t:|1700193318\n|-terastallize|p1a: Gholdengo|Water\n|move|p2a: Hatterene|Mystical Fire|p1a: Gholdengo\n|-resisted|p1a: Gholdengo\n|-damage|p1a: Gholdengo|38\/100\n|-unboost|p1a: Gholdengo|spa|1\n|move|p1a: Gholdengo|Make It Rain|p2a: Hatterene\n|-supereffective|p2a: Hatterene\n|-damage|p2a: Hatterene|0 fnt\n|-unboost|p1a: Gholdengo|spa|1\n|faint|p2a: Hatterene\n|\n|upkeep\n|\n|t:|1700193330\n|switch|p2a: Ursaluna|Ursaluna-Bloodmoon, M|100\/100\n|turn|4\n|\n|t:|1700193365\n|move|p2a: Ursaluna|Blood Moon|p1a: Gholdengo\n|-damage|p1a: Gholdengo|0 fnt\n|faint|p1a: Gholdengo\n|\n|upkeep\n|\n|t:|1700193381\n|switch|p1a: Bax streets bax|Baxcalibur, M|100\/100\n|turn|5\n|\n|t:|1700193394\n|move|p2a: Ursaluna|Moonblast|p1a: Bax streets bax\n|-supereffective|p1a: Bax streets bax\n|-damage|p1a: Bax streets bax|19\/100\n|move|p1a: Bax streets bax|Dragon Dance|p1a: Bax streets bax\n|-boost|p1a: Bax streets bax|atk|1\n|-boost|p1a: Bax streets bax|spe|1\n|\n|-fieldend|move: Trick Room\n|upkeep\n|turn|6\n|\n|t:|1700193406\n|move|p1a: Bax streets bax|Icicle Spear|p2a: Ursaluna\n|-supereffective|p2a: Ursaluna\n|-damage|p2a: Ursaluna|67\/100\n|-supereffective|p2a: Ursaluna\n|-damage|p2a: Ursaluna|31\/100\n|-supereffective|p2a: Ursaluna\n|-damage|p2a: Ursaluna|0 fnt\n|faint|p2a: Ursaluna\n|-hitcount|p2: Ursaluna|3\n|\n|upkeep\n|\n|t:|1700193418\n|switch|p2a: Dragapult|Dragapult, M, shiny|100\/100\n|turn|7\n|\n|t:|1700193461\n|-terastallize|p2a: Dragapult|Ghost\n|move|p2a: Dragapult|Hex|p1a: Bax streets bax\n|-damage|p1a: Bax streets bax|0 fnt\n|faint|p1a: Bax streets bax\n|\n|upkeep\n|\n|t:|1700193471\n|switch|p1a: Meowscarada|Meowscarada, M|100\/100\n|turn|8\n|\n|t:|1700193480\n|move|p1a: Meowscarada|Sucker Punch||[still]\n|-fail|p1a: Meowscarada\n|move|p2a: Dragapult|Substitute|p2a: Dragapult\n|-start|p2a: Dragapult|Substitute\n|-damage|p2a: Dragapult|76\/100\n|\n|-heal|p2a: Dragapult|82\/100|[from] item: Leftovers\n|upkeep\n|turn|9\n|\n|t:|1700193488\n|move|p1a: Meowscarada|Sucker Punch||[still]\n|-fail|p1a: Meowscarada\n|move|p2a: Dragapult|Will-O-Wisp|p1a: Meowscarada\n|-status|p1a: Meowscarada|brn\n|\n|-heal|p2a: Dragapult|88\/100|[from] item: Leftovers\n|-damage|p1a: Meowscarada|94\/100 brn|[from] brn\n|upkeep\n|turn|10\n|\n|t:|1700193496\n|move|p1a: Meowscarada|Sucker Punch||[still]\n|-fail|p1a: Meowscarada\n|move|p2a: Dragapult|Disable|p1a: Meowscarada\n|-start|p1a: Meowscarada|Disable|Sucker Punch\n|\n|-heal|p2a: Dragapult|94\/100|[from] item: Leftovers\n|-damage|p1a: Meowscarada|88\/100 brn|[from] brn\n|upkeep\n|turn|11\n|\n|t:|1700193521\n|switch|p1a: Cyclizar|Cyclizar, M, shiny|100\/100\n|move|p2a: Dragapult|Hex|p1a: Cyclizar\n|-immune|p1a: Cyclizar\n|\n|-heal|p2a: Dragapult|99\/100|[from] item: Leftovers\n|upkeep\n|turn|12\n|\n|t:|1700193546\n|switch|p2a: Actual Furry|Cinderace, M, shiny|100\/100\n|move|p1a: Cyclizar|Shed Tail|p1a: Cyclizar\n|-start|p1a: Cyclizar|Substitute|[from] move: Shed Tail\n|-damage|p1a: Cyclizar|50\/100\n|-enditem|p1a: Cyclizar|Sitrus Berry|[eat]\n|-heal|p1a: Cyclizar|75\/100|[from] item: Sitrus Berry\n|\n|t:|1700193556\n|switch|p1a: Clodsire|Clodsire, M, shiny|100\/100|[from] Shed Tail\n|\n|upkeep\n|turn|13\n|\n|t:|1700193594\n|move|p2a: Actual Furry|U-turn|p1a: Clodsire\n|-start|p2a: Actual Furry|typechange|Bug|[from] ability: Libero\n|-resisted|p1a: Clodsire\n|-activate|p1a: Clodsire|move: Substitute|[damage]\n|\n|t:|1700193599\n|switch|p2a: Urshifu|Urshifu-Rapid-Strike, M|100\/100|[from] U-turn\n|move|p1a: Clodsire|Stockpile|p1a: Clodsire\n|-start|p1a: Clodsire|stockpile1\n|-boost|p1a: Clodsire|def|1\n|-boost|p1a: Clodsire|spd|1\n|\n|upkeep\n|turn|14\n|\n|t:|1700193611\n|move|p2a: Urshifu|Ice Spinner|p1a: Clodsire\n|-supereffective|p1a: Clodsire\n|-end|p1a: Clodsire|Substitute\n|move|p1a: Clodsire|Stockpile|p1a: Clodsire\n|-start|p1a: Clodsire|stockpile2\n|-boost|p1a: Clodsire|def|1\n|-boost|p1a: Clodsire|spd|1\n|\n|upkeep\n|turn|15\n|\n|t:|1700193627\n|move|p2a: Urshifu|Ice Spinner|p1a: Clodsire\n|-supereffective|p1a: Clodsire\n|-damage|p1a: Clodsire|61\/100\n|-zpower|p1a: Clodsire\n|move|p1a: Clodsire|Z-Stockpile|p1a: Clodsire|[anim]Stockpile\n|-heal|p1a: Clodsire|100\/100|[zeffect]\n|-start|p1a: Clodsire|stockpile3\n|-boost|p1a: Clodsire|def|1\n|-boost|p1a: Clodsire|spd|1\n|\n|upkeep\n|turn|16\n|\n|t:|1700193637\n|switch|p2a: Actual Furry|Cinderace, M, shiny|100\/100\n|move|p1a: Clodsire|Body Press|p2a: Actual Furry\n|-damage|p2a: Actual Furry|45\/100\n|\n|upkeep\n|turn|17\n|\n|t:|1700193642\n|move|p2a: Actual Furry|Pyro Ball|p1a: Clodsire\n|-damage|p1a: Clodsire|81\/100\n|move|p1a: Clodsire|Body Press|p2a: Actual Furry\n|-damage|p2a: Actual Furry|0 fnt\n|faint|p2a: Actual Furry\n|\n|upkeep\n|\n|t:|1700193649\n|switch|p2a: Urshifu|Urshifu-Rapid-Strike, M|100\/100\n|turn|18\n|\n|t:|1700193658\n|move|p2a: Urshifu|Surging Strikes|p1a: Clodsire\n|-heal|p1a: Clodsire|100\/100|[from] ability: Water Absorb|[of] p2a: Urshifu\n|move|p1a: Clodsire|Body Press|p2a: Urshifu\n|-damage|p2a: Urshifu|56\/100\n|\n|upkeep\n|turn|19\n|\n|t:|1700193666\n|switch|p2a: Dragapult|Dragapult, M, shiny, tera:Ghost|99\/100\n|move|p1a: Clodsire|Body Press|p2a: Dragapult\n|-immune|p2a: Dragapult\n|\n|-heal|p2a: Dragapult|100\/100|[from] item: Leftovers\n|upkeep\n|turn|20\n|\n|t:|1700193673\n|move|p2a: Dragapult|Will-O-Wisp|p1a: Clodsire|[miss]\n|-miss|p2a: Dragapult|p1a: Clodsire\n|move|p1a: Clodsire|Earthquake|p2a: Dragapult\n|-damage|p2a: Dragapult|64\/100\n|\n|-heal|p2a: Dragapult|71\/100|[from] item: Leftovers\n|upkeep\n|turn|21\n|\n|t:|1700193681\n|move|p2a: Dragapult|Will-O-Wisp|p1a: Clodsire\n|-status|p1a: Clodsire|brn\n|move|p1a: Clodsire|Earthquake|p2a: Dragapult\n|-damage|p2a: Dragapult|53\/100\n|\n|-heal|p2a: Dragapult|59\/100|[from] item: Leftovers\n|-damage|p1a: Clodsire|94\/100 brn|[from] brn\n|upkeep\n|turn|22\n|\n|t:|1700193698\n|move|p2a: Dragapult|Disable|p1a: Clodsire\n|-start|p1a: Clodsire|Disable|Earthquake\n|cant|p1a: Clodsire|Disable|Earthquake\n|\n|-heal|p2a: Dragapult|66\/100|[from] item: Leftovers\n|-damage|p1a: Clodsire|88\/100 brn|[from] brn\n|upkeep\n|turn|23\n|\n|t:|1700193708\n|move|p2a: Dragapult|Substitute|p2a: Dragapult\n|-start|p2a: Dragapult|Substitute\n|-damage|p2a: Dragapult|41\/100\n|move|p1a: Clodsire|Recover|p1a: Clodsire\n|-heal|p1a: Clodsire|100\/100 brn\n|\n|-heal|p2a: Dragapult|47\/100|[from] item: Leftovers\n|-damage|p1a: Clodsire|94\/100 brn|[from] brn\n|upkeep\n|turn|24\n|\n|t:|1700193722\n|move|p2a: Dragapult|Hex|p1a: Clodsire\n|-damage|p1a: Clodsire|76\/100 brn\n|move|p1a: Clodsire|Stockpile||[still]\n|-fail|p1a: Clodsire\n|\n|-heal|p2a: Dragapult|53\/100|[from] item: Leftovers\n|-damage|p1a: Clodsire|70\/100 brn|[from] brn\n|upkeep\n|turn|25\n|\n|t:|1700193732\n|move|p2a: Dragapult|Hex|p1a: Clodsire\n|-damage|p1a: Clodsire|53\/100 brn\n|move|p1a: Clodsire|Recover|p1a: Clodsire\n|-heal|p1a: Clodsire|100\/100 brn\n|\n|-heal|p2a: Dragapult|59\/100|[from] item: Leftovers\n|-damage|p1a: Clodsire|94\/100 brn|[from] brn\n|-end|p1a: Clodsire|Disable\n|upkeep\n|turn|26\n|\n|t:|1700193759\n|switch|p1a: Cyclizar|Cyclizar, M, shiny|100\/100\n|move|p2a: Dragapult|Hex|p1a: Cyclizar\n|-immune|p1a: Cyclizar\n|\n|-heal|p2a: Dragapult|65\/100|[from] item: Leftovers\n|upkeep\n|turn|27\n|\n|t:|1700193767\n|move|p2a: Dragapult|Disable||[still]\n|-fail|p2a: Dragapult\n|move|p1a: Cyclizar|Knock Off|p2a: Dragapult\n|-supereffective|p2a: Dragapult\n|-end|p2a: Dragapult|Substitute\n|\n|-heal|p2a: Dragapult|71\/100|[from] item: Leftovers\n|upkeep\n|turn|28\n|\n|t:|1700193776\n|move|p2a: Dragapult|Will-O-Wisp|p1a: Cyclizar\n|-status|p1a: Cyclizar|brn\n|move|p1a: Cyclizar|Draco Meteor|p2a: Dragapult\n|-damage|p2a: Dragapult|26\/100\n|-unboost|p1a: Cyclizar|spa|2\n|\n|-heal|p2a: Dragapult|32\/100|[from] item: Leftovers\n|-damage|p1a: Cyclizar|94\/100 brn|[from] brn\n|upkeep\n|turn|29\n|\n|t:|1700193789\n|switch|p2a: Rillaboom|Rillaboom, F, shiny|100\/100\n|-fieldstart|move: Grassy Terrain|[from] ability: Grassy Surge|[of] p2a: Rillaboom\n|move|p1a: Cyclizar|Shed Tail|p1a: Cyclizar\n|-start|p1a: Cyclizar|Substitute|[from] move: Shed Tail\n|-damage|p1a: Cyclizar|44\/100 brn\n|\n|t:|1700193799\n|switch|p1a: Meowscarada|Meowscarada, M|88\/100 brn|[from] Shed Tail\n|\n|-heal|p1a: Meowscarada|94\/100 brn|[from] Grassy Terrain\n|-damage|p1a: Meowscarada|88\/100 brn|[from] brn\n|upkeep\n|turn|30\n|\n|t:|1700193825\n|move|p1a: Meowscarada|Flower Trick|p2a: Rillaboom\n|-start|p1a: Meowscarada|typechange|Grass|[from] ability: Protean\n|-resisted|p2a: Rillaboom\n|-crit|p2a: Rillaboom\n|-damage|p2a: Rillaboom|79\/100\n|move|p2a: Rillaboom|Swords Dance|p2a: Rillaboom\n|-boost|p2a: Rillaboom|atk|2\n|\n|-heal|p1a: Meowscarada|94\/100 brn|[from] Grassy Terrain\n|-heal|p2a: Rillaboom|86\/100|[from] Grassy Terrain\n|-heal|p2a: Rillaboom|92\/100|[from] item: Leftovers\n|-damage|p1a: Meowscarada|88\/100 brn|[from] brn\n|upkeep\n|turn|31\n|\n|t:|1700193848\n|switch|p1a: Cyclizar|Cyclizar, M, shiny|78\/100 brn\n|move|p2a: Rillaboom|Drain Punch|p1a: Cyclizar\n|-supereffective|p1a: Cyclizar\n|-damage|p1a: Cyclizar|0 fnt\n|-heal|p2a: Rillaboom|100\/100|[from] drain|[of] p1a: Cyclizar\n|faint|p1a: Cyclizar\n|\n|upkeep\n|\n|t:|1700193861\n|switch|p1a: Espathra|Espathra, M, shiny|100\/100\n|turn|32\n|\n|t:|1700193877\n|move|p2a: Rillaboom|Grassy Glide|p1a: Espathra\n|-damage|p1a: Espathra|22\/100\n|move|p1a: Espathra|Calm Mind|p1a: Espathra\n|-boost|p1a: Espathra|spa|1\n|-boost|p1a: Espathra|spd|1\n|\n|-heal|p1a: Espathra|28\/100|[from] Grassy Terrain\n|-heal|p1a: Espathra|34\/100|[from] item: Leftovers\n|-ability|p1a: Espathra|Speed Boost|boost\n|-boost|p1a: Espathra|spe|1\n|upkeep\n|turn|33\n|\n|t:|1700193887\n|move|p1a: Espathra|Protect|p1a: Espathra\n|-singleturn|p1a: Espathra|Protect\n|move|p2a: Rillaboom|Grassy Glide|p1a: Espathra\n|-activate|p1a: Espathra|move: Protect\n|\n|-heal|p1a: Espathra|40\/100|[from] Grassy Terrain\n|-heal|p1a: Espathra|47\/100|[from] item: Leftovers\n|-fieldend|move: Grassy Terrain\n|-ability|p1a: Espathra|Speed Boost|boost\n|-boost|p1a: Espathra|spe|1\n|upkeep\n|turn|34\n|\n|t:|1700193904\n|switch|p2a: Dragapult|Dragapult, M, shiny, tera:Ghost|32\/100\n|move|p1a: Espathra|Roost|p1a: Espathra\n|-heal|p1a: Espathra|97\/100\n|-singleturn|p1a: Espathra|move: Roost\n|\n|-heal|p1a: Espathra|100\/100|[from] item: Leftovers\n|-heal|p2a: Dragapult|39\/100|[from] item: Leftovers\n|-ability|p1a: Espathra|Speed Boost|boost\n|-boost|p1a: Espathra|spe|1\n|upkeep\n|turn|35\n|\n|t:|1700193919\n|move|p1a: Espathra|Protect|p1a: Espathra\n|-singleturn|p1a: Espathra|Protect\n|move|p2a: Dragapult|Hex|p1a: Espathra\n|-activate|p1a: Espathra|move: Protect\n|\n|-heal|p2a: Dragapult|45\/100|[from] item: Leftovers\n|-ability|p1a: Espathra|Speed Boost|boost\n|-boost|p1a: Espathra|spe|1\n|upkeep\n|turn|36\n|\n|t:|1700193929\n|move|p1a: Espathra|Stored Power|p2a: Dragapult\n|-damage|p2a: Dragapult|0 fnt\n|faint|p2a: Dragapult\n|\n|-ability|p1a: Espathra|Speed Boost|boost\n|-boost|p1a: Espathra|spe|1\n|upkeep\n|\n|t:|1700193934\n|switch|p2a: Rillaboom|Rillaboom, F, shiny|100\/100\n|-fieldstart|move: Grassy Terrain|[from] ability: Grassy Surge|[of] p2a: Rillaboom\n|turn|37\n|\n|t:|1700193942\n|move|p2a: Rillaboom|Grassy Glide|p1a: Espathra\n|-damage|p1a: Espathra|66\/100\n|move|p1a: Espathra|Calm Mind|p1a: Espathra\n|-boost|p1a: Espathra|spa|1\n|-boost|p1a: Espathra|spd|1\n|\n|-heal|p1a: Espathra|72\/100|[from] Grassy Terrain\n|-heal|p1a: Espathra|78\/100|[from] item: Leftovers\n|-ability|p1a: Espathra|Speed Boost|boost\n|-boost|p1a: Espathra|spe|1\n|upkeep\n|turn|38\n|\n|t:|1700193953\n|move|p1a: Espathra|Protect|p1a: Espathra\n|-singleturn|p1a: Espathra|Protect\n|move|p2a: Rillaboom|Grassy Glide|p1a: Espathra\n|-activate|p1a: Espathra|move: Protect\n|\n|-heal|p1a: Espathra|84\/100|[from] Grassy Terrain\n|-heal|p1a: Espathra|90\/100|[from] item: Leftovers\n|upkeep\n|turn|39\n|\n|t:|1700193976\n|move|p2a: Rillaboom|Grassy Glide|p1a: Espathra\n|-damage|p1a: Espathra|55\/100\n|move|p1a: Espathra|Stored Power|p2a: Rillaboom\n|-damage|p2a: Rillaboom|0 fnt\n|faint|p2a: Rillaboom\n|\n|-heal|p1a: Espathra|61\/100|[from] Grassy Terrain\n|-heal|p1a: Espathra|67\/100|[from] item: Leftovers\n|upkeep\n|\n|t:|1700193985\n|switch|p2a: Urshifu|Urshifu-Rapid-Strike, M|56\/100\n|turn|40\n|\n|t:|1700193989\n|move|p1a: Espathra|Stored Power|p2a: Urshifu\n|-supereffective|p2a: Urshifu\n|-damage|p2a: Urshifu|0 fnt\n|faint|p2a: Urshifu\n|\n|win|jmmannar27\n|c|\u2606jmmannar27|gg\n","uploadtime":1700193996,"views":16,"p1id":"jmmannar27","p2id":"jdkot","formatid":"gen9nationaldexubers","rating":0,"private":0,"password":""}