{"id":"gen9nationaldexubers-1996124256","p1":"XX_1nfinity_XX","p2":"Yuinna.","format":"[Gen 9] National Dex Ubers","log":"|j|\u2606XX_1nfinity_XX\n|j|\u2606Yuinna.\n|t:|1700647832\n|gametype|singles\n|player|p1|XX_1nfinity_XX|steven|\n|player|p2|Yuinna.|serena-masters|\n|teamsize|p1|6\n|teamsize|p2|6\n|gen|9\n|tier|[Gen 9] National Dex Ubers\n|rule|HP Percentage Mod: HP is shown in percentages\n|rule|Endless Battle Clause: Forcing endless battles is banned\n|rule|OHKO Clause: OHKO moves are banned\n|rule|Evasion Moves Clause: Evasion moves are banned\n|rule|Evasion Items Clause: Evasion items are banned\n|rule|Species Clause: Limit one of each Pok\u00e9mon\n|rule|Sleep Clause Mod: Limit one foe put to sleep\n|rule|Mega Rayquaza Clause: You cannot mega evolve Rayquaza\n|clearpoke\n|poke|p1|Lopunny, M|\n|poke|p1|Ursaluna-Bloodmoon, M|\n|poke|p1|Ambipom, M|\n|poke|p1|Cyclizar, M|\n|poke|p1|Zoroark-Hisui, M|\n|poke|p1|Slowking-Galar, F|\n|poke|p2|Ribombee, F|\n|poke|p2|Medicham, M|\n|poke|p2|Ogerpon-Hearthflame, F|\n|poke|p2|Dragapult, F|\n|poke|p2|Manaphy|\n|poke|p2|Thundurus-Therian, M|\n|teampreview\n|inactive|Battle timer is ON: inactive players will automatically lose when time's up. (requested by XX_1nfinity_XX)\n|inactive|Yuinna. also wants the timer to be on.\n|c|\u2606XX_1nfinity_XX|cool team\n|c|\u2606Yuinna.|wheres the bear one\n|\n|t:|1700647851\n|start\n|switch|p1a: Lopunny|Lopunny, M|100\/100\n|switch|p2a: Ribombee|Ribombee, F|100\/100\n|turn|1\n|c|\u2606XX_1nfinity_XX|its too power full so decided to not use it\n|\n|t:|1700647866\n|switch|p2a: Dragapult|Dragapult, F|100\/100\n|detailschange|p1a: Lopunny|Lopunny-Mega, M\n|-mega|p1a: Lopunny|Lopunny|Lopunnite\n|move|p1a: Lopunny|Fake Out|p2a: Dragapult\n|-damage|p2a: Dragapult|71\/100\n|\n|upkeep\n|turn|2\n|\n|t:|1700647874\n|switch|p1a: Slowking|Slowking-Galar, F|100\/100\n|move|p2a: Dragapult|Draco Meteor|p1a: Slowking\n|-damage|p1a: Slowking|52\/100\n|-unboost|p2a: Dragapult|spa|2\n|\n|-heal|p1a: Slowking|58\/100|[from] item: Black Sludge\n|upkeep\n|turn|3\n|\n|t:|1700647881\n|switch|p2a: Ribombee|Ribombee, F|100\/100\n|move|p1a: Slowking|Chilly Reception|p1a: Slowking\n|-weather|Snow\n|\n|t:|1700647884\n|switch|p1a: Lopunny|Lopunny-Mega, M|100\/100|[from] Chilly Reception\n|\n|-weather|Snow|[upkeep]\n|upkeep\n|turn|4\n|\n|t:|1700647892\n|move|p1a: Lopunny|Fake Out|p2a: Ribombee\n|-damage|p2a: Ribombee|58\/100\n|cant|p2a: Ribombee|flinch\n|\n|-weather|Snow|[upkeep]\n|upkeep\n|turn|5\n|\n|t:|1700647896\n|move|p1a: Lopunny|Ice Punch|p2a: Ribombee\n|-damage|p2a: Ribombee|4\/100\n|move|p2a: Ribombee|Sticky Web|p1a: Lopunny\n|-sidestart|p1: XX_1nfinity_XX|move: Sticky Web\n|\n|-weather|Snow|[upkeep]\n|upkeep\n|turn|6\n|\n|t:|1700647903\n|move|p1a: Lopunny|U-turn|p2a: Ribombee\n|-resisted|p2a: Ribombee\n|-damage|p2a: Ribombee|0 fnt\n|faint|p2a: Ribombee\n|\n|t:|1700647908\n|switch|p1a: Ambipom|Ambipom, M|100\/100|[from] U-turn\n|-activate|p1a: Ambipom|move: Sticky Web\n|-unboost|p1a: Ambipom|spe|1\n|\n|-weather|Snow|[upkeep]\n|upkeep\n|\n|t:|1700647911\n|switch|p2a: Medicham|Medicham, M|100\/100\n|turn|7\n|\n|t:|1700647918\n|switch|p1a: Slowking|Slowking-Galar, F|91\/100\n|-activate|p1a: Slowking|move: Sticky Web\n|-unboost|p1a: Slowking|spe|1\n|detailschange|p2a: Medicham|Medicham-Mega, M\n|-mega|p2a: Medicham|Medicham|Medichamite\n|move|p2a: Medicham|Fake Out|p1a: Slowking\n|-damage|p1a: Slowking|69\/100\n|\n|-weather|none\n|-heal|p1a: Slowking|75\/100|[from] item: Black Sludge\n|upkeep\n|turn|8\n|\n|t:|1700647923\n|move|p2a: Medicham|Zen Headbutt|p1a: Slowking\n|-damage|p1a: Slowking|3\/100\n|move|p1a: Slowking|Toxic Spikes|p2a: Medicham\n|-sidestart|p2: Yuinna.|move: Toxic Spikes\n|\n|-heal|p1a: Slowking|9\/100|[from] item: Black Sludge\n|upkeep\n|turn|9\n|\n|t:|1700647935\n|move|p2a: Medicham|Zen Headbutt|p1a: Slowking\n|-damage|p1a: Slowking|0 fnt\n|faint|p1a: Slowking\n|\n|upkeep\n|\n|t:|1700647941\n|switch|p1a: Ambipom|Ambipom, M|100\/100\n|-activate|p1a: Ambipom|move: Sticky Web\n|-unboost|p1a: Ambipom|spe|1\n|turn|10\n|\n|t:|1700647944\n|move|p1a: Ambipom|Fake Out|p2a: Medicham\n|-damage|p2a: Medicham|51\/100\n|-damage|p1a: Ambipom|91\/100|[from] item: Life Orb\n|cant|p2a: Medicham|flinch\n|\n|upkeep\n|turn|11\n|\n|t:|1700647959\n|switch|p1a: Ambipom|Ambipom, M|100\/100\n|-activate|p1a: Ambipom|move: Sticky Web\n|-unboost|p1a: Ambipom|spe|1\n|move|p2a: Medicham|High Jump Kick|p1a: Ambipom\n|-immune|p1a: Ambipom\n|-damage|p2a: Medicham|1\/100|[from] highjumpkick\n|\n|upkeep\n|turn|12\n|\n|t:|1700647968\n|switch|p1a: Cyclizar|Cyclizar, M|100\/100\n|move|p2a: Medicham|Ice Punch|p1a: Cyclizar\n|-supereffective|p1a: Cyclizar\n|-damage|p1a: Cyclizar|0 fnt\n|faint|p1a: Cyclizar\n|\n|upkeep\n|\n|t:|1700647972\n|switch|p1a: Lopunny|Lopunny-Mega, M|100\/100\n|-activate|p1a: Lopunny|move: Sticky Web\n|-unboost|p1a: Lopunny|spe|1\n|turn|13\n|\n|t:|1700647977\n|move|p1a: Lopunny|Fake Out|p2a: Medicham\n|-damage|p2a: Medicham|0 fnt\n|faint|p2a: Medicham\n|\n|upkeep\n|\n|t:|1700647980\n|switch|p2a: Dragapult|Dragapult, F|71\/100\n|-status|p2a: Dragapult|psn\n|turn|14\n|\n|t:|1700647984\n|switch|p1a: Ambipom|Ambipom, M|100\/100\n|-activate|p1a: Ambipom|move: Sticky Web\n|-unboost|p1a: Ambipom|spe|1\n|move|p2a: Dragapult|Draco Meteor|p1a: Ambipom\n|-damage|p1a: Ambipom|0 fnt\n|-unboost|p2a: Dragapult|spa|2\n|replace|p1a: Zoroark|Zoroark-Hisui, M\n|-end|p1a: Zoroark|Illusion\n|faint|p1a: Zoroark\n|\n|-damage|p2a: Dragapult|59\/100 psn|[from] psn\n|upkeep\n|\n|t:|1700647993\n|switch|p1a: Ambipom|Ambipom, M|91\/100\n|-activate|p1a: Ambipom|move: Sticky Web\n|-unboost|p1a: Ambipom|spe|1\n|turn|15\n|\n|t:|1700648002\n|switch|p2a: Thundurus|Thundurus-Therian, M|100\/100\n|move|p1a: Ambipom|Trailblaze|p2a: Thundurus\n|-resisted|p2a: Thundurus\n|-damage|p2a: Thundurus|78\/100\n|-boost|p1a: Ambipom|spe|1\n|-damage|p1a: Ambipom|81\/100|[from] item: Life Orb\n|\n|upkeep\n|turn|16\n|\n|t:|1700648011\n|move|p1a: Ambipom|Trailblaze|p2a: Thundurus\n|-resisted|p2a: Thundurus\n|-damage|p2a: Thundurus|57\/100\n|-boost|p1a: Ambipom|spe|1\n|-damage|p1a: Ambipom|71\/100|[from] item: Life Orb\n|move|p2a: Thundurus|Focus Blast|p1a: Ambipom\n|-supereffective|p1a: Ambipom\n|-damage|p1a: Ambipom|0 fnt\n|faint|p1a: Ambipom\n|\n|upkeep\n|\n|t:|1700648015\n|switch|p1a: Ursaluna|Ursaluna-Bloodmoon, M|100\/100\n|-activate|p1a: Ursaluna|move: Sticky Web\n|-unboost|p1a: Ursaluna|spe|1\n|turn|17\n|\n|t:|1700648021\n|-terastallize|p1a: Ursaluna|Poison\n|move|p2a: Thundurus|Focus Blast|p1a: Ursaluna\n|-resisted|p1a: Ursaluna\n|-damage|p1a: Ursaluna|74\/100\n|move|p1a: Ursaluna|Calm Mind|p1a: Ursaluna\n|-boost|p1a: Ursaluna|spa|1\n|-boost|p1a: Ursaluna|spd|1\n|\n|-heal|p1a: Ursaluna|80\/100|[from] item: Leftovers\n|upkeep\n|turn|18\n|\n|t:|1700648034\n|move|p2a: Thundurus|Sludge Wave|p1a: Ursaluna\n|-resisted|p1a: Ursaluna\n|-damage|p1a: Ursaluna|68\/100\n|move|p1a: Ursaluna|Moonlight|p1a: Ursaluna\n|-heal|p1a: Ursaluna|100\/100\n|\n|upkeep\n|turn|19\n|\n|t:|1700648038\n|switch|p2a: Dragapult|Dragapult, F|59\/100 psn\n|move|p1a: Ursaluna|Calm Mind|p1a: Ursaluna\n|-boost|p1a: Ursaluna|spa|1\n|-boost|p1a: Ursaluna|spd|1\n|\n|-damage|p2a: Dragapult|47\/100 psn|[from] psn\n|upkeep\n|turn|20\n|\n|t:|1700648041\n|move|p2a: Dragapult|Draco Meteor|p1a: Ursaluna\n|-damage|p1a: Ursaluna|50\/100\n|-unboost|p2a: Dragapult|spa|2\n|move|p1a: Ursaluna|Calm Mind|p1a: Ursaluna\n|-boost|p1a: Ursaluna|spa|1\n|-boost|p1a: Ursaluna|spd|1\n|\n|-heal|p1a: Ursaluna|56\/100|[from] item: Leftovers\n|-damage|p2a: Dragapult|34\/100 psn|[from] psn\n|upkeep\n|turn|21\n|\n|t:|1700648047\n|switch|p2a: Thundurus|Thundurus-Therian, M|57\/100\n|move|p1a: Ursaluna|Moonlight|p1a: Ursaluna\n|-heal|p1a: Ursaluna|100\/100\n|\n|upkeep\n|turn|22\n|\n|t:|1700648053\n|move|p2a: Thundurus|Discharge|p1a: Ursaluna\n|-damage|p1a: Ursaluna|81\/100\n|move|p1a: Ursaluna|Calm Mind|p1a: Ursaluna\n|-boost|p1a: Ursaluna|spa|1\n|-boost|p1a: Ursaluna|spd|1\n|\n|-heal|p1a: Ursaluna|87\/100|[from] item: Leftovers\n|upkeep\n|turn|23\n|\n|t:|1700648069\n|switch|p2a: Dragapult|Dragapult, F|34\/100 psn\n|move|p1a: Ursaluna|Moonlight|p1a: Ursaluna\n|-heal|p1a: Ursaluna|100\/100\n|\n|-damage|p2a: Dragapult|22\/100 psn|[from] psn\n|upkeep\n|turn|24\n|\n|t:|1700648079\n|move|p1a: Ursaluna|Vacuum Wave|p2a: Dragapult\n|-damage|p2a: Dragapult|0 fnt\n|faint|p2a: Dragapult\n|\n|upkeep\n|\n|t:|1700648092\n|switch|p2a: Ogerpon|Ogerpon-Hearthflame, F|100\/100\n|-status|p2a: Ogerpon|psn\n|-ability|p2a: Ogerpon|Mold Breaker\n|turn|25\n|\n|t:|1700648098\n|move|p2a: Ogerpon|Power Whip|p1a: Ursaluna\n|-resisted|p1a: Ursaluna\n|-damage|p1a: Ursaluna|83\/100\n|move|p1a: Ursaluna|Blood Moon|p2a: Ogerpon\n|-damage|p2a: Ogerpon|0 fnt\n|faint|p2a: Ogerpon\n|\n|-heal|p1a: Ursaluna|89\/100|[from] item: Leftovers\n|upkeep\n|\n|t:|1700648101\n|switch|p2a: Manaphy|Manaphy|100\/100\n|-status|p2a: Manaphy|psn\n|turn|26\n|c|\u2606Yuinna.|yea i lost\n|c|\u2606XX_1nfinity_XX|did you not have ivy cudgel?\n|\n|t:|1700648126\n|move|p2a: Manaphy|Tail Glow|p2a: Manaphy\n|-boost|p2a: Manaphy|spa|3\n|move|p1a: Ursaluna|Calm Mind|p1a: Ursaluna\n|-boost|p1a: Ursaluna|spa|1\n|-boost|p1a: Ursaluna|spd|1\n|\n|-heal|p1a: Ursaluna|95\/100|[from] item: Leftovers\n|-damage|p2a: Manaphy|88\/100 psn|[from] psn\n|upkeep\n|turn|27\n|\n|t:|1700648140\n|move|p2a: Manaphy|Surf|p1a: Ursaluna\n|-damage|p1a: Ursaluna|66\/100\n|move|p1a: Ursaluna|Blood Moon|p2a: Manaphy\n|-damage|p2a: Manaphy|0 fnt\n|faint|p2a: Manaphy\n|\n|-heal|p1a: Ursaluna|72\/100|[from] item: Leftovers\n|upkeep\n|\n|t:|1700648143\n|switch|p2a: Thundurus|Thundurus-Therian, M|57\/100\n|turn|28\n|\n|t:|1700648148\n|move|p1a: Ursaluna|Vacuum Wave|p2a: Thundurus\n|-resisted|p2a: Thundurus\n|-damage|p2a: Thundurus|31\/100\n|move|p2a: Thundurus|Defog|p1a: Ursaluna\n|-unboost|p1a: Ursaluna|evasion|1\n|-sideend|p1: XX_1nfinity_XX|Sticky Web|[from] move: Defog|[of] p2a: Thundurus\n|-sideend|p2: Yuinna.|Toxic Spikes|[from] move: Defog|[of] p2a: Thundurus\n|\n|-heal|p1a: Ursaluna|78\/100|[from] item: Leftovers\n|upkeep\n|turn|29\n|\n|t:|1700648151\n|move|p1a: Ursaluna|Vacuum Wave|p2a: Thundurus\n|-resisted|p2a: Thundurus\n|-damage|p2a: Thundurus|0 fnt\n|faint|p2a: Thundurus\n|\n|win|XX_1nfinity_XX\n","uploadtime":1700648155,"views":1,"p1id":"xx1nfinityxx","p2id":"yuinna","formatid":"gen9nationaldexubers","rating":0,"private":0,"password":""}