{"id":"gen9nationaldexubers-1983839475","p1":"sussuspotussus","p2":"yvucfuyigvl","format":"[Gen 9] National Dex Ubers","log":"|j|\u2606sussuspotussus\n|j|\u2606yvucfuyigvl\n|t:|1699190046\n|gametype|singles\n|player|p1|sussuspotussus|acetrainer|1239\n|player|p2|yvucfuyigvl|roark|1324\n|teamsize|p1|6\n|teamsize|p2|6\n|gen|9\n|tier|[Gen 9] National Dex Ubers\n|rated|\n|rule|HP Percentage Mod: HP is shown in percentages\n|rule|Endless Battle Clause: Forcing endless battles is banned\n|rule|OHKO Clause: OHKO moves are banned\n|rule|Evasion Moves Clause: Evasion moves are banned\n|rule|Evasion Items Clause: Evasion items are banned\n|rule|Species Clause: Limit one of each Pok\u00e9mon\n|rule|Sleep Clause Mod: Limit one foe put to sleep\n|rule|Mega Rayquaza Clause: You cannot mega evolve Rayquaza\n|clearpoke\n|poke|p1|Arceus-Dark|\n|poke|p1|Palafin, M|\n|poke|p1|Ferrothorn, M|\n|poke|p1|Altaria, F|\n|poke|p1|Regieleki|\n|poke|p1|Toxapex, M|\n|poke|p2|Tyranitar, M|\n|poke|p2|Garganacl, F|\n|poke|p2|Aggron, F|\n|poke|p2|Glimmora, F|\n|poke|p2|Cradily, F|\n|poke|p2|Probopass, L1, M|\n|teampreview\n|inactive|Battle timer is ON: inactive players will automatically lose when time's up. (requested by sussuspotussus)\n|c|\u2606yvucfuyigvl|what is this team\n|c|\u2606sussuspotussus|idk\n|c|\u2606sussuspotussus|a team\n|c|\u2606yvucfuyigvl|you can't beat me with that\n|c|\u2606yvucfuyigvl|Im a gym leader you know\n|inactive|sussuspotussus has 120 seconds left.\n|c|\u2606sussuspotussus|we'll see\n|\n|t:|1699190083\n|start\n|switch|p1a: I own this block|Ferrothorn, M, shiny|100\/100\n|switch|p2a: Garganacl|Garganacl, F|100\/100\n|turn|1\n|\n|t:|1699190090\n|-terastallize|p2a: Garganacl|Ghost\n|move|p2a: Garganacl|Salt Cure|p1a: I own this block\n|-resisted|p1a: I own this block\n|-damage|p1a: I own this block|97\/100\n|-start|p1a: I own this block|Salt Cure\n|move|p1a: I own this block|Leech Seed|p2a: Garganacl\n|-start|p2a: Garganacl|move: Leech Seed\n|\n|-damage|p2a: Garganacl|88\/100|[from] Leech Seed|[of] p1a: I own this block\n|-heal|p1a: I own this block|100\/100|[silent]\n|-damage|p1a: I own this block|76\/100|[from] Salt Cure\n|upkeep\n|turn|2\n|\n|t:|1699190100\n|switch|p2a: Glimmora|Glimmora, F|100\/100\n|switch|p1a: Satan|Arceus-Dark, shiny|100\/100\n|\n|upkeep\n|turn|3\n|c|\u2606yvucfuyigvl|the only thing u own right now is my spikes\n|\n|t:|1699190107\n|move|p2a: Glimmora|Spikes|p1a: Satan\n|-sidestart|p1: sussuspotussus|Spikes\n|move|p1a: Satan|Taunt|p2a: Glimmora\n|-start|p2a: Glimmora|move: Taunt\n|\n|upkeep\n|turn|4\n|c|\u2606sussuspotussus|ok\n|\n|t:|1699190133\n|switch|p2a: Aggron|Aggron, F|100\/100\n|switch|p1a: . . . .|Regieleki, shiny|100\/100\n|-damage|p1a: . . . .|88\/100|[from] Spikes\n|\n|upkeep\n|turn|5\n|c|\u2606yvucfuyigvl|i hope u got defog somewhere boy\n|\n|t:|1699190139\n|switch|p2a: Garganacl|Garganacl, F, tera:Ghost|88\/100\n|move|p1a: . . . .|Rapid Spin|p2a: Garganacl\n|-immune|p2a: Garganacl\n|\n|upkeep\n|turn|6\n|c|\u2606sussuspotussus|close enough\n|c|\u2606sussuspotussus|damn it\n|\n|t:|1699190149\n|move|p1a: . . . .|Thunderbolt|p2a: Garganacl\n|-damage|p2a: Garganacl|56\/100\n|-enditem|p2a: Garganacl|Maranga Berry|[eat]\n|-boost|p2a: Garganacl|spd|1|[from] item: Maranga Berry\n|move|p2a: Garganacl|Salt Cure|p1a: . . . .\n|-damage|p1a: . . . .|59\/100\n|-start|p1a: . . . .|Salt Cure\n|\n|-damage|p1a: . . . .|47\/100|[from] Salt Cure\n|upkeep\n|turn|7\n|c|\u2606yvucfuyigvl|please switch\n|\n|t:|1699190160\n|switch|p1a: Satan|Arceus-Dark, shiny|100\/100\n|-damage|p1a: Satan|88\/100|[from] Spikes\n|move|p2a: Garganacl|Recover|p2a: Garganacl\n|-heal|p2a: Garganacl|100\/100\n|\n|upkeep\n|turn|8\n|\n|t:|1699190165\n|switch|p2a: Glimmora|Glimmora, F|100\/100\n|move|p1a: Satan|Foul Play|p2a: Glimmora\n|-damage|p2a: Glimmora|76\/100\n|-activate|p2a: Glimmora|ability: Toxic Debris\n|-sidestart|p1: sussuspotussus|move: Toxic Spikes\n|\n|upkeep\n|turn|9\n|\n|t:|1699190169\n|move|p2a: Glimmora|Spikes|p1a: Satan\n|-sidestart|p1: sussuspotussus|Spikes\n|move|p1a: Satan|Taunt|p2a: Glimmora\n|-start|p2a: Glimmora|move: Taunt\n|\n|upkeep\n|turn|10\n|c|\u2606yvucfuyigvl|have some more\n|\n|t:|1699190175\n|switch|p2a: Aggron|Aggron, F|100\/100\n|move|p1a: Satan|Foul Play|p2a: Aggron\n|-crit|p2a: Aggron\n|-damage|p2a: Aggron|74\/100\n|\n|upkeep\n|turn|11\n|\n|t:|1699190179\n|detailschange|p2a: Aggron|Aggron-Mega, F\n|-mega|p2a: Aggron|Aggron|Aggronite\n|move|p1a: Satan|Foul Play|p2a: Aggron\n|-damage|p2a: Aggron|56\/100\n|move|p2a: Aggron|Body Press|p1a: Satan\n|-supereffective|p1a: Satan\n|-crit|p1a: Satan\n|-damage|p1a: Satan|18\/100\n|\n|upkeep\n|turn|12\n|\n|t:|1699190186\n|move|p1a: Satan|Recover|p1a: Satan\n|-heal|p1a: Satan|68\/100\n|move|p2a: Aggron|Rest|p2a: Aggron\n|-status|p2a: Aggron|slp|[from] move: Rest\n|-heal|p2a: Aggron|100\/100 slp|[silent]\n|\n|upkeep\n|turn|13\n|\n|t:|1699190192\n|switch|p1a: Dolphinman|Palafin, M, shiny|100\/100\n|-damage|p1a: Dolphinman|84\/100|[from] Spikes\n|-status|p1a: Dolphinman|psn\n|cant|p2a: Aggron|slp\n|move|p2a: Aggron|Sleep Talk|p2a: Aggron\n|move|p2a: Aggron|Body Press|p1a: Dolphinman|[from]move: Sleep Talk\n|-damage|p1a: Dolphinman|18\/100 psn\n|\n|-damage|p1a: Dolphinman|6\/100 psn|[from] psn\n|upkeep\n|turn|14\n|\n|t:|1699190202\n|move|p1a: Dolphinman|Close Combat|p2a: Aggron\n|-supereffective|p2a: Aggron\n|-damage|p2a: Aggron|76\/100 slp\n|-unboost|p1a: Dolphinman|def|1\n|-unboost|p1a: Dolphinman|spd|1\n|cant|p2a: Aggron|slp\n|move|p2a: Aggron|Sleep Talk|p2a: Aggron\n|move|p2a: Aggron|Body Press|p1a: Dolphinman|[from]move: Sleep Talk\n|-damage|p1a: Dolphinman|0 fnt\n|faint|p1a: Dolphinman\n|\n|upkeep\n|c|\u2606yvucfuyigvl|LOL U AINT COMING BACK IN BOI\n|\n|t:|1699190212\n|switch|p1a: . . . .|Regieleki, shiny|47\/100\n|-damage|p1a: . . . .|30\/100|[from] Spikes\n|-status|p1a: . . . .|psn\n|turn|15\n|\n|t:|1699190219\n|switch|p2a: Garganacl|Garganacl, F, tera:Ghost|100\/100\n|move|p1a: . . . .|Rapid Spin|p2a: Garganacl\n|-immune|p2a: Garganacl\n|\n|-damage|p1a: . . . .|18\/100 psn|[from] psn\n|upkeep\n|turn|16\n|\n|t:|1699190223\n|move|p1a: . . . .|Thunderbolt|p2a: Garganacl\n|-damage|p2a: Garganacl|66\/100\n|move|p2a: Garganacl|Salt Cure|p1a: . . . .\n|-damage|p1a: . . . .|0 fnt\n|faint|p1a: . . . .\n|\n|upkeep\n|\n|t:|1699190232\n|switch|p1a: I own this block|Ferrothorn, M, shiny|76\/100\n|-damage|p1a: I own this block|59\/100|[from] Spikes\n|turn|17\n|\n|t:|1699190238\n|move|p2a: Garganacl|Salt Cure|p1a: I own this block\n|-resisted|p1a: I own this block\n|-damage|p1a: I own this block|55\/100\n|-start|p1a: I own this block|Salt Cure\n|move|p1a: I own this block|Leech Seed|p2a: Garganacl\n|-start|p2a: Garganacl|move: Leech Seed\n|\n|-damage|p2a: Garganacl|54\/100|[from] Leech Seed|[of] p1a: I own this block\n|-heal|p1a: I own this block|70\/100|[silent]\n|-damage|p1a: I own this block|45\/100|[from] Salt Cure\n|upkeep\n|turn|18\n|\n|t:|1699190243\n|switch|p2a: Glimmora|Glimmora, F|76\/100\n|move|p1a: I own this block|Stealth Rock|p2a: Glimmora\n|-sidestart|p2: yvucfuyigvl|move: Stealth Rock\n|\n|-damage|p1a: I own this block|20\/100|[from] Salt Cure\n|upkeep\n|turn|19\n|\n|t:|1699190247\n|move|p2a: Glimmora|Spikes|p1a: I own this block\n|-sidestart|p1: sussuspotussus|Spikes\n|move|p1a: I own this block|Power Whip|p2a: Glimmora\n|-damage|p2a: Glimmora|31\/100\n|-activate|p2a: Glimmora|ability: Toxic Debris\n|-sidestart|p1: sussuspotussus|move: Toxic Spikes\n|\n|-damage|p1a: I own this block|0 fnt|[from] Salt Cure\n|faint|p1a: I own this block\n|upkeep\n|c|\u2606yvucfuyigvl|POGGER\n|\n|t:|1699190255\n|switch|p1a: evil thing|Toxapex, M, shiny|100\/100\n|-damage|p1a: evil thing|75\/100|[from] Spikes\n|-sideend|p1: sussuspotussus|move: Toxic Spikes|[of] p1a: evil thing\n|turn|20\n|c|\u2606yvucfuyigvl|POGGERS\n|\n|t:|1699190264\n|switch|p2a: Cradily|Cradily, F|100\/100\n|-damage|p2a: Cradily|88\/100|[from] Stealth Rock\n|move|p1a: evil thing|Scald|p2a: Cradily\n|-ability|p2a: Cradily|Storm Drain|boost\n|-boost|p2a: Cradily|spa|1\n|\n|-heal|p1a: evil thing|82\/100|[from] item: Black Sludge\n|upkeep\n|turn|21\n|\n|t:|1699190268\n|move|p2a: Cradily|Infestation|p1a: evil thing\n|-resisted|p1a: evil thing\n|-damage|p1a: evil thing|79\/100\n|-activate|p1a: evil thing|move: Infestation|[of] p2a: Cradily\n|move|p1a: evil thing|Haze|p1a: evil thing\n|-clearallboost\n|\n|-heal|p1a: evil thing|86\/100|[from] item: Black Sludge\n|-damage|p1a: evil thing|69\/100|[from] move: Infestation|[partiallytrapped]\n|upkeep\n|turn|22\n|c|\u2606yvucfuyigvl|NO RUNNING\n|\n|t:|1699190275\n|move|p1a: evil thing|Baneful Bunker|p1a: evil thing\n|-singleturn|p1a: evil thing|move: Protect\n|move|p2a: Cradily|Block|p1a: evil thing\n|-activate|p1a: evil thing|trapped\n|\n|-heal|p1a: evil thing|75\/100|[from] item: Black Sludge\n|-damage|p1a: evil thing|59\/100|[from] move: Infestation|[partiallytrapped]\n|upkeep\n|turn|23\n|c|\u2606yvucfuyigvl|WHY R U RUNNING\n|c|\u2606yvucfuyigvl|WHY R U RUNNING\n|c|\u2606yvucfuyigvl|WHY R U RUNNING\n|\n|t:|1699190289\n|move|p2a: Cradily|Block||[still]\n|-fail|p2a: Cradily\n|move|p1a: evil thing|Scald|p2a: Cradily\n|-ability|p2a: Cradily|Storm Drain|boost\n|-boost|p2a: Cradily|spa|1\n|\n|-heal|p1a: evil thing|65\/100|[from] item: Black Sludge\n|-damage|p1a: evil thing|49\/100|[from] move: Infestation|[partiallytrapped]\n|upkeep\n|turn|24\n|\n|t:|1699190294\n|move|p2a: Cradily|Leech Seed|p1a: evil thing\n|-start|p1a: evil thing|move: Leech Seed\n|move|p1a: evil thing|Haze|p1a: evil thing\n|-clearallboost\n|\n|-heal|p1a: evil thing|55\/100|[from] item: Black Sludge\n|-damage|p1a: evil thing|43\/100|[from] Leech Seed|[of] p2a: Cradily\n|-heal|p2a: Cradily|98\/100|[silent]\n|-damage|p1a: evil thing|26\/100|[from] move: Infestation|[partiallytrapped]\n|upkeep\n|turn|25\n|\n|t:|1699190299\n|move|p1a: evil thing|Baneful Bunker|p1a: evil thing\n|-singleturn|p1a: evil thing|move: Protect\n|move|p2a: Cradily|Leech Seed|p1a: evil thing\n|-activate|p1a: evil thing|move: Protect\n|\n|-heal|p1a: evil thing|32\/100|[from] item: Black Sludge\n|-damage|p1a: evil thing|20\/100|[from] Leech Seed|[of] p2a: Cradily\n|-heal|p2a: Cradily|100\/100|[silent]\n|-damage|p1a: evil thing|3\/100|[from] move: Infestation|[partiallytrapped]\n|upkeep\n|turn|26\n|\n|t:|1699190305\n|move|p2a: Cradily|Block||[still]\n|-fail|p2a: Cradily\n|move|p1a: evil thing|Toxic Spikes|p2a: Cradily\n|-sidestart|p2: yvucfuyigvl|move: Toxic Spikes\n|\n|-heal|p1a: evil thing|10\/100|[from] item: Black Sludge\n|-damage|p1a: evil thing|0 fnt|[from] Leech Seed|[of] p2a: Cradily\n|faint|p1a: evil thing\n|upkeep\n|\n|t:|1699190309\n|switch|p1a: Cloud Dragon|Altaria, F, shiny|100\/100\n|turn|27\n|\n|t:|1699190316\n|detailschange|p1a: Cloud Dragon|Altaria-Mega, F, shiny\n|-mega|p1a: Cloud Dragon|Altaria|Altarianite\n|move|p1a: Cloud Dragon|Dragon Dance|p1a: Cloud Dragon\n|-boost|p1a: Cloud Dragon|atk|1\n|-boost|p1a: Cloud Dragon|spe|1\n|move|p2a: Cradily|Leech Seed|p1a: Cloud Dragon\n|-start|p1a: Cloud Dragon|move: Leech Seed\n|\n|-damage|p1a: Cloud Dragon|88\/100|[from] Leech Seed|[of] p2a: Cradily\n|upkeep\n|turn|28\n|\n|t:|1699190320\n|switch|p2a: Probopass|Probopass, L1, M|100\/100\n|move|p1a: Cloud Dragon|Dragon Dance|p1a: Cloud Dragon\n|-boost|p1a: Cloud Dragon|atk|1\n|-boost|p1a: Cloud Dragon|spe|1\n|\n|-damage|p1a: Cloud Dragon|76\/100|[from] Leech Seed|[of] p2a: Probopass\n|upkeep\n|turn|29\n|c|\u2606yvucfuyigvl|THAT IS SO CUTE\n|c|\u2606yvucfuyigvl|BUT IM LVL I'M CUTER\n|c|\u2606yvucfuyigvl|LOOOK\n|\n|t:|1699190332\n|move|p1a: Cloud Dragon|Dragon Claw|p2a: Probopass\n|-resisted|p2a: Probopass\n|-ability|p2a: Probopass|Sturdy\n|-damage|p2a: Probopass|9\/100\n|move|p2a: Probopass|Pain Split|p1a: Cloud Dragon\n|-sethp|p1a: Cloud Dragon|38\/100|[from] move: Pain Split|[silent]\n|-sethp|p2a: Probopass|100\/100|[from] move: Pain Split\n|\n|-damage|p1a: Cloud Dragon|26\/100|[from] Leech Seed|[of] p2a: Probopass\n|upkeep\n|turn|30\n|\n|t:|1699190338\n|move|p1a: Cloud Dragon|Dragon Claw|p2a: Probopass\n|-resisted|p2a: Probopass\n|-ability|p2a: Probopass|Sturdy\n|-damage|p2a: Probopass|9\/100\n|move|p2a: Probopass|Stealth Rock|p1a: Cloud Dragon\n|-sidestart|p1: sussuspotussus|move: Stealth Rock\n|\n|-damage|p1a: Cloud Dragon|14\/100|[from] Leech Seed|[of] p2a: Probopass\n|-heal|p2a: Probopass|100\/100|[silent]\n|upkeep\n|turn|31\n|c|\u2606yvucfuyigvl|HUH?\n|c|\u2606yvucfuyigvl|u hit me?\n|\n|t:|1699190347\n|switch|p1a: Satan|Arceus-Dark, shiny|68\/100\n|-damage|p1a: Satan|43\/100|[from] Spikes\n|-damage|p1a: Satan|31\/100|[from] Stealth Rock\n|move|p2a: Probopass|Toxic|p1a: Satan\n|-status|p1a: Satan|tox\n|\n|-damage|p1a: Satan|25\/100 tox|[from] psn\n|upkeep\n|turn|32\n|\n|t:|1699190353\n|move|p1a: Satan|Taunt|p2a: Probopass\n|-start|p2a: Probopass|move: Taunt\n|cant|p2a: Probopass|move: Taunt|Pain Split\n|\n|-damage|p1a: Satan|13\/100 tox|[from] psn\n|upkeep\n|turn|33\n|\n|t:|1699190358\n|switch|p2a: Glimmora|Glimmora, F|31\/100\n|-damage|p2a: Glimmora|19\/100|[from] Stealth Rock\n|-sideend|p2: yvucfuyigvl|move: Toxic Spikes|[of] p2a: Glimmora\n|move|p1a: Satan|Foul Play|p2a: Glimmora\n|-damage|p2a: Glimmora|0 fnt\n|-activate|p2a: Glimmora|ability: Toxic Debris\n|-sidestart|p1: sussuspotussus|move: Toxic Spikes\n|faint|p2a: Glimmora\n|\n|-damage|p1a: Satan|0 fnt|[from] psn\n|faint|p1a: Satan\n|upkeep\n|c|\u2606yvucfuyigvl|u got lucky\n|c|\u2606yvucfuyigvl|i wanted a 6-0\n|c|\u2606sussuspotussus|nah rematch me\n|-message|sussuspotussus forfeited.\n|\n|win|yvucfuyigvl\n|raw|sussuspotussus's rating: 1239 &rarr; <strong>1220<\/strong><br \/>(-19 for losing)\n|raw|yvucfuyigvl's rating: 1324 &rarr; <strong>1339<\/strong><br \/>(+15 for winning)\n|l|\u2606sussuspotussus\n","uploadtime":1699190395,"views":4,"p1id":"sussuspotussus","p2id":"yvucfuyigvl","formatid":"gen9nationaldexubers","rating":1220,"private":0,"password":""}