{"id":"gen9nationaldexubers-1988465804","p1":"hanagakiUBD","p2":"Davarv","format":"[Gen 9] National Dex Ubers","log":"|j|\u2606hanagakiUBD\n|j|\u2606Davarv\n|t:|1699725892\n|gametype|singles\n|player|p1|hanagakiUBD|iris-gen5bw2|\n|player|p2|Davarv|giovanni|\n|teamsize|p1|6\n|teamsize|p2|6\n|gen|9\n|tier|[Gen 9] National Dex Ubers\n|rule|HP Percentage Mod: HP is shown in percentages\n|rule|Endless Battle Clause: Forcing endless battles is banned\n|rule|OHKO Clause: OHKO moves are banned\n|rule|Evasion Moves Clause: Evasion moves are banned\n|rule|Evasion Items Clause: Evasion items are banned\n|rule|Species Clause: Limit one of each Pok\u00e9mon\n|rule|Sleep Clause Mod: Limit one foe put to sleep\n|rule|Mega Rayquaza Clause: You cannot mega evolve Rayquaza\n|clearpoke\n|poke|p1|Kleavor, M|\n|poke|p1|Darmanitan-Galar, M|\n|poke|p1|Volcarona, F|\n|poke|p1|Dragapult, F|\n|poke|p1|Alakazam, F|\n|poke|p1|Kingambit, M|\n|poke|p2|Pinsir, F|\n|poke|p2|Kommo-o, F|\n|poke|p2|Heracross, M|\n|poke|p2|Forretress, F|\n|poke|p2|Volcarona, M|\n|poke|p2|Araquanid, M|\n|teampreview\n|inactive|Battle timer is ON: inactive players will automatically lose when time's up. (requested by hanagakiUBD)\n|inactive|Davarv has 270 seconds left.\n|\n|t:|1699725934\n|start\n|switch|p1a: Volcarona|Volcarona, F, shiny|100\/100\n|switch|p2a: Araquanid|Araquanid, M, shiny|100\/100\n|-item|p1a: Volcarona|Air Balloon\n|turn|1\n|\n|t:|1699725943\n|-terastallize|p1a: Volcarona|Dragon\n|move|p1a: Volcarona|Quiver Dance|p1a: Volcarona\n|-boost|p1a: Volcarona|spa|1\n|-boost|p1a: Volcarona|spd|1\n|-boost|p1a: Volcarona|spe|1\n|move|p2a: Araquanid|Liquidation|p1a: Volcarona\n|-resisted|p1a: Volcarona\n|-damage|p1a: Volcarona|30\/100\n|-enditem|p1a: Volcarona|Air Balloon\n|\n|upkeep\n|turn|2\n|\n|t:|1699725951\n|move|p1a: Volcarona|Hurricane|p2a: Araquanid\n|-supereffective|p2a: Araquanid\n|-damage|p2a: Araquanid|3\/100\n|-start|p2a: Araquanid|confusion\n|-activate|p2a: Araquanid|confusion\n|-damage|p2a: Araquanid|0 fnt|[from] confusion\n|faint|p2a: Araquanid\n|\n|upkeep\n|\n|t:|1699725958\n|switch|p2a: Pinsir|Pinsir, F, shiny|100\/100\n|turn|3\n|c|\u2606hanagakiUBD|Xd\n|\n|t:|1699725965\n|detailschange|p2a: Pinsir|Pinsir-Mega, F, shiny\n|-mega|p2a: Pinsir|Pinsir|Pinsirite\n|move|p2a: Pinsir|Quick Attack|p1a: Volcarona\n|-damage|p1a: Volcarona|0 fnt\n|faint|p1a: Volcarona\n|\n|upkeep\n|\n|t:|1699725972\n|switch|p1a: Darmanitan|Darmanitan-Galar, M|100\/100\n|turn|4\n|\n|t:|1699725979\n|switch|p2a: Forretress|Forretress, F, shiny|100\/100\n|move|p1a: Darmanitan|Icicle Crash|p2a: Forretress\n|-resisted|p2a: Forretress\n|-damage|p2a: Forretress|81\/100\n|\n|-heal|p2a: Forretress|87\/100|[from] item: Leftovers\n|upkeep\n|turn|5\n|\n|t:|1699725985\n|switch|p1a: Dragapult|Dragapult, F, shiny|100\/100\n|move|p2a: Forretress|Stealth Rock|p1a: Dragapult\n|-sidestart|p1: hanagakiUBD|move: Stealth Rock\n|\n|-heal|p2a: Forretress|93\/100|[from] item: Leftovers\n|upkeep\n|turn|6\n|\n|t:|1699725993\n|switch|p2a: Heracross|Heracross, M|100\/100\n|move|p1a: Dragapult|Flamethrower|p2a: Heracross\n|-supereffective|p2a: Heracross\n|-damage|p2a: Heracross|0 fnt\n|faint|p2a: Heracross\n|\n|upkeep\n|\n|t:|1699726008\n|switch|p2a: Pinsir|Pinsir-Mega, F, shiny|100\/100\n|turn|7\n|\n|t:|1699726010\n|move|p1a: Dragapult|Flamethrower|p2a: Pinsir\n|-supereffective|p2a: Pinsir\n|-damage|p2a: Pinsir|0 fnt\n|faint|p2a: Pinsir\n|\n|upkeep\n|c|\u2606hanagakiUBD|\u00aa?\n|\n|t:|1699726024\n|switch|p2a: Volcarona|Volcarona, M, shiny|100\/100\n|turn|8\n|\n|t:|1699726033\n|switch|p1a: Alakazam|Alakazam, F|100\/100\n|move|p2a: Volcarona|Quiver Dance|p2a: Volcarona\n|-boost|p2a: Volcarona|spa|1\n|-boost|p2a: Volcarona|spd|1\n|-boost|p2a: Volcarona|spe|1\n|\n|upkeep\n|turn|9\n|c|\u2606Davarv|Se me olvido que tenia lanzallamas xd\n|c|\u2606hanagakiUBD|XD\n|c|\u2606hanagakiUBD|\u00c9pico\n|\n|t:|1699726051\n|detailschange|p1a: Alakazam|Alakazam-Mega, F\n|-mega|p1a: Alakazam|Alakazam|Alakazite\n|-ability|p1a: Alakazam|Flame Body|[from] ability: Trace|[of] p2a: Volcarona\n|move|p2a: Volcarona|Bug Buzz|p1a: Alakazam\n|-supereffective|p1a: Alakazam\n|-damage|p1a: Alakazam|0 fnt\n|faint|p1a: Alakazam\n|\n|upkeep\n|\n|t:|1699726059\n|switch|p1a: Kleavor|Kleavor, M|100\/100\n|-damage|p1a: Kleavor|76\/100|[from] Stealth Rock\n|turn|10\n|\n|t:|1699726063\n|move|p2a: Volcarona|Fiery Dance|p1a: Kleavor\n|-damage|p1a: Kleavor|0 fnt\n|faint|p1a: Kleavor\n|\n|upkeep\n|\n|t:|1699726074\n|switch|p1a: Kingambit|Kingambit, M|100\/100\n|-damage|p1a: Kingambit|94\/100|[from] Stealth Rock\n|-activate|p1a: Kingambit|ability: Supreme Overlord\n|-start|p1a: Kingambit|fallen3|[silent]\n|turn|11\n|\n|t:|1699726081\n|move|p2a: Volcarona|Quiver Dance|p2a: Volcarona\n|-boost|p2a: Volcarona|spa|1\n|-boost|p2a: Volcarona|spd|1\n|-boost|p2a: Volcarona|spe|1\n|move|p1a: Kingambit|Stone Edge|p2a: Volcarona|[miss]\n|-miss|p1a: Kingambit|p2a: Volcarona\n|\n|upkeep\n|turn|12\n|c|\u2606hanagakiUBD|Que no me lo baje me mato\n|\n|t:|1699726087\n|move|p1a: Kingambit|Sucker Punch|p2a: Volcarona\n|-damage|p2a: Volcarona|19\/100\n|move|p2a: Volcarona|Fiery Dance|p1a: Kingambit\n|-supereffective|p1a: Kingambit\n|-damage|p1a: Kingambit|0 fnt\n|-boost|p2a: Volcarona|spa|1\n|faint|p1a: Kingambit\n|-end|p1a: Kingambit|fallen3|[silent]\n|\n|upkeep\n|c|\u2606hanagakiUBD|Man\n|c|\u2606hanagakiUBD|Q hermosa suerte\n|\n|t:|1699726108\n|switch|p1a: Dragapult|Dragapult, F, shiny|100\/100\n|-damage|p1a: Dragapult|88\/100|[from] Stealth Rock\n|turn|13\n|c|\u2606Davarv|Ya ya mijo ya\n|c|\u2606hanagakiUBD|Tengo fe\n|c|\u2606hanagakiUBD|Con eso basta\n|c|\u2606hanagakiUBD|Creo\n|\n|t:|1699726123\n|move|p2a: Volcarona|Bug Buzz|p1a: Dragapult\n|-resisted|p1a: Dragapult\n|-damage|p1a: Dragapult|8\/100\n|move|p1a: Dragapult|Flamethrower|p2a: Volcarona\n|-damage|p2a: Volcarona|0 fnt\n|faint|p2a: Volcarona\n|\n|upkeep\n|\n|t:|1699726137\n|switch|p2a: Forretress|Forretress, F, shiny|93\/100\n|turn|14\n|\n|t:|1699726140\n|move|p1a: Dragapult|Flamethrower|p2a: Forretress\n|-supereffective|p2a: Forretress\n|-damage|p2a: Forretress|0 fnt\n|faint|p2a: Forretress\n|\n|upkeep\n|\n|t:|1699726143\n|switch|p2a: Kommo-o|Kommo-o, F|100\/100\n|turn|15\n|\n|t:|1699726155\n|-terastallize|p2a: Kommo-o|Bug\n|move|p1a: Dragapult|Flamethrower|p2a: Kommo-o\n|-supereffective|p2a: Kommo-o\n|-damage|p2a: Kommo-o|17\/100\n|move|p2a: Kommo-o|Rock Slide|p1a: Dragapult\n|-damage|p1a: Dragapult|0 fnt\n|faint|p1a: Dragapult\n|\n|-heal|p2a: Kommo-o|23\/100|[from] item: Leftovers\n|upkeep\n|\n|t:|1699726161\n|switch|p1a: Darmanitan|Darmanitan-Galar, M|100\/100\n|-damage|p1a: Darmanitan|75\/100|[from] Stealth Rock\n|turn|16\n|c|\u2606Davarv|gg ahora si\n|\n|t:|1699726164\n|move|p1a: Darmanitan|Earthquake|p2a: Kommo-o\n|-resisted|p2a: Kommo-o\n|-damage|p2a: Kommo-o|0 fnt\n|faint|p2a: Kommo-o\n|\n|win|hanagakiUBD\n|c|\u2606hanagakiUBD|Gg bro\n|c|\u2606Davarv|Me hubiera muerto de risa si quedaba 1 ps xd\n|c|\u2606Davarv|gg\n","uploadtime":1699726180,"views":5,"p1id":"hanagakiubd","p2id":"davarv","formatid":"gen9nationaldexubers","rating":0,"private":0,"password":""}