{"id":"gen9nationaldexubers-2000537358","p1":"ANGRY BALL","p2":"amweird","format":"[Gen 9] National Dex Ubers","log":"|j|\u2606ANGRY BALL\n|j|\u2606amweird\n|t:|1701203313\n|gametype|singles\n|player|p1|ANGRY BALL|caitlin|1447\n|player|p2|amweird|youngn|1573\n|teamsize|p1|6\n|teamsize|p2|6\n|gen|9\n|tier|[Gen 9] National Dex Ubers\n|rated|\n|rule|HP Percentage Mod: HP is shown in percentages\n|rule|Endless Battle Clause: Forcing endless battles is banned\n|rule|OHKO Clause: OHKO moves are banned\n|rule|Evasion Moves Clause: Evasion moves are banned\n|rule|Evasion Items Clause: Evasion items are banned\n|rule|Species Clause: Limit one of each Pok\u00e9mon\n|rule|Sleep Clause Mod: Limit one foe put to sleep\n|rule|Mega Rayquaza Clause: You cannot mega evolve Rayquaza\n|clearpoke\n|poke|p1|Kyurem-Black|\n|poke|p1|Groudon|\n|poke|p1|Arceus-Dark|\n|poke|p1|Clodsire, M|\n|poke|p1|Flutter Mane|\n|poke|p1|Rayquaza|\n|poke|p2|Calyrex-Ice|\n|poke|p2|Melmetal|\n|poke|p2|Hatterene, F|\n|poke|p2|Necrozma-Dusk-Mane|\n|poke|p2|Kyogre|\n|poke|p2|Magearna|\n|teampreview\n|inactive|Battle timer is ON: inactive players will automatically lose when time's up. (requested by ANGRY BALL)\n|inactive|amweird also wants the timer to be on.\n|\n|t:|1701203335\n|start\n|switch|p1a: Flutter Mane|Flutter Mane, shiny|100\/100\n|switch|p2a: Necrozma|Necrozma-Dusk-Mane|100\/100\n|turn|1\n|\n|t:|1701203350\n|move|p1a: Flutter Mane|Shadow Ball|p2a: Necrozma\n|-supereffective|p2a: Necrozma\n|-damage|p2a: Necrozma|45\/100\n|-enditem|p2a: Necrozma|Weakness Policy\n|-boost|p2a: Necrozma|atk|2|[from] item: Weakness Policy\n|-boost|p2a: Necrozma|spa|2|[from] item: Weakness Policy\n|move|p2a: Necrozma|Trick Room|p2a: Necrozma\n|-fieldstart|move: Trick Room|[of] p2a: Necrozma\n|\n|upkeep\n|turn|2\n|\n|t:|1701203354\n|move|p2a: Necrozma|Sunsteel Strike|p1a: Flutter Mane\n|-supereffective|p1a: Flutter Mane\n|-enditem|p1a: Flutter Mane|Focus Sash\n|-damage|p1a: Flutter Mane|1\/100\n|move|p1a: Flutter Mane|Shadow Ball|p2a: Necrozma\n|-supereffective|p2a: Necrozma\n|-damage|p2a: Necrozma|0 fnt\n|faint|p2a: Necrozma\n|\n|upkeep\n|\n|t:|1701203361\n|switch|p2a: Melmetal|Melmetal|100\/100\n|turn|3\n|\n|t:|1701203365\n|move|p2a: Melmetal|Earthquake|p1a: Flutter Mane\n|-damage|p1a: Flutter Mane|0 fnt\n|faint|p1a: Flutter Mane\n|-end|p1a: Flutter Mane|Protosynthesis|[silent]\n|-damage|p2a: Melmetal|91\/100|[from] item: Life Orb\n|\n|upkeep\n|\n|t:|1701203375\n|switch|p1a: Groudon|Groudon, shiny|100\/100\n|detailschange|p1a: Groudon|Groudon-Primal, shiny\n|-primal|p1a: Groudon|Red Orb\n|-weather|DesolateLand|[from] ability: Desolate Land|[of] p1a: Groudon\n|turn|4\n|\n|t:|1701203381\n|move|p2a: Melmetal|Earthquake|p1a: Groudon\n|-supereffective|p1a: Groudon\n|-damage|p1a: Groudon|30\/100\n|-damage|p2a: Melmetal|81\/100|[from] item: Life Orb\n|move|p1a: Groudon|Earthquake|p2a: Melmetal\n|-supereffective|p2a: Melmetal\n|-damage|p2a: Melmetal|16\/100\n|\n|-weather|DesolateLand|[upkeep]\n|upkeep\n|turn|5\n|\n|t:|1701203391\n|-weather|none\n|switch|p1a: Rayquaza|Rayquaza, shiny|100\/100\n|-ability|p1a: Rayquaza|Air Lock\n|move|p2a: Melmetal|Double Iron Bash|p1a: Rayquaza\n|-damage|p1a: Rayquaza|39\/100\n|-damage|p1a: Rayquaza|0 fnt\n|faint|p1a: Rayquaza\n|-hitcount|p1: Rayquaza|2\n|-damage|p2a: Melmetal|6\/100|[from] item: Life Orb\n|\n|-fieldend|move: Trick Room\n|upkeep\n|\n|t:|1701203399\n|switch|p1a: Groudon|Groudon-Primal, shiny|30\/100\n|-weather|DesolateLand|[from] ability: Desolate Land|[of] p1a: Groudon\n|turn|6\n|\n|t:|1701203404\n|move|p1a: Groudon|Earthquake|p2a: Melmetal\n|-supereffective|p2a: Melmetal\n|-damage|p2a: Melmetal|0 fnt\n|faint|p2a: Melmetal\n|\n|-weather|DesolateLand|[upkeep]\n|upkeep\n|\n|t:|1701203418\n|switch|p2a: Hatterene|Hatterene, F|100\/100\n|turn|7\n|\n|t:|1701203420\n|move|p1a: Groudon|Heat Crash|p2a: Hatterene\n|-enditem|p2a: Hatterene|Focus Sash\n|-damage|p2a: Hatterene|1\/100\n|move|p2a: Hatterene|Trick Room|p2a: Hatterene\n|-fieldstart|move: Trick Room|[of] p2a: Hatterene\n|\n|-weather|DesolateLand|[upkeep]\n|upkeep\n|turn|8\n|\n|t:|1701203426\n|move|p2a: Hatterene|Psyshock|p1a: Groudon\n|-damage|p1a: Groudon|0 fnt\n|faint|p1a: Groudon\n|-weather|none\n|\n|upkeep\n|\n|t:|1701203429\n|switch|p1a: Clodsire|Clodsire, M, shiny|100\/100\n|turn|9\n|\n|t:|1701203432\n|move|p2a: Hatterene|Psyshock|p1a: Clodsire\n|-supereffective|p1a: Clodsire\n|-damage|p1a: Clodsire|2\/100\n|move|p1a: Clodsire|Recover|p1a: Clodsire\n|-heal|p1a: Clodsire|52\/100\n|\n|-heal|p1a: Clodsire|58\/100|[from] item: Leftovers\n|upkeep\n|turn|10\n|\n|t:|1701203437\n|switch|p1a: Arceus|Arceus-Dark, shiny|100\/100\n|move|p2a: Hatterene|Psyshock|p1a: Arceus\n|-immune|p1a: Arceus\n|\n|upkeep\n|turn|11\n|\n|t:|1701203442\n|switch|p1a: Clodsire|Clodsire, M, shiny|58\/100\n|move|p2a: Hatterene|Dazzling Gleam|p1a: Clodsire\n|-resisted|p1a: Clodsire\n|-damage|p1a: Clodsire|47\/100\n|\n|-heal|p1a: Clodsire|53\/100|[from] item: Leftovers\n|-fieldend|move: Trick Room\n|upkeep\n|turn|12\n|\n|t:|1701203445\n|move|p1a: Clodsire|Earthquake|p2a: Hatterene\n|-damage|p2a: Hatterene|0 fnt\n|faint|p2a: Hatterene\n|\n|-heal|p1a: Clodsire|59\/100|[from] item: Leftovers\n|upkeep\n|\n|t:|1701203452\n|switch|p2a: Magearna|Magearna|100\/100\n|turn|13\n|\n|t:|1701203455\n|move|p1a: Clodsire|Recover|p1a: Clodsire\n|-heal|p1a: Clodsire|100\/100\n|move|p2a: Magearna|Trick Room|p2a: Magearna\n|-fieldstart|move: Trick Room|[of] p2a: Magearna\n|\n|upkeep\n|turn|14\n|\n|t:|1701203464\n|move|p1a: Clodsire|Recover||[still]\n|-fail|p1a: Clodsire|heal\n|move|p2a: Magearna|Psyshock|p1a: Clodsire\n|-supereffective|p1a: Clodsire\n|-damage|p1a: Clodsire|32\/100\n|\n|-heal|p1a: Clodsire|38\/100|[from] item: Leftovers\n|upkeep\n|turn|15\n|\n|t:|1701203468\n|move|p1a: Clodsire|Recover|p1a: Clodsire\n|-heal|p1a: Clodsire|88\/100\n|move|p2a: Magearna|Focus Blast|p1a: Clodsire\n|-resisted|p1a: Clodsire\n|-damage|p1a: Clodsire|75\/100\n|-unboost|p1a: Clodsire|spd|1\n|\n|-heal|p1a: Clodsire|82\/100|[from] item: Leftovers\n|upkeep\n|turn|16\n|\n|t:|1701203470\n|move|p1a: Clodsire|Recover|p1a: Clodsire\n|-heal|p1a: Clodsire|100\/100\n|move|p2a: Magearna|Psyshock|p1a: Clodsire\n|-supereffective|p1a: Clodsire\n|-damage|p1a: Clodsire|29\/100\n|\n|-heal|p1a: Clodsire|36\/100|[from] item: Leftovers\n|upkeep\n|turn|17\n|\n|t:|1701203475\n|switch|p1a: Arceus|Arceus-Dark, shiny|100\/100\n|move|p2a: Magearna|Psyshock|p1a: Arceus\n|-immune|p1a: Arceus\n|\n|-fieldend|move: Trick Room\n|upkeep\n|turn|18\n|\n|t:|1701203478\n|move|p1a: Arceus|Taunt|p2a: Magearna\n|-start|p2a: Magearna|move: Taunt\n|cant|p2a: Magearna|move: Taunt|Trick Room\n|\n|upkeep\n|turn|19\n|\n|t:|1701203484\n|switch|p1a: Clodsire|Clodsire, M, shiny|36\/100\n|move|p2a: Magearna|Psyshock|p1a: Clodsire\n|-supereffective|p1a: Clodsire\n|-damage|p1a: Clodsire|0 fnt\n|faint|p1a: Clodsire\n|-ability|p2a: Magearna|Soul-Heart|boost\n|-boost|p2a: Magearna|spa|1\n|\n|upkeep\n|\n|t:|1701203488\n|switch|p1a: Kyurem|Kyurem-Black, shiny|100\/100\n|-ability|p1a: Kyurem|Teravolt\n|turn|20\n|\n|t:|1701203493\n|-terastallize|p1a: Kyurem|Ghost\n|move|p1a: Kyurem|Shadow Claw|p2a: Magearna\n|-damage|p2a: Magearna|60\/100\n|move|p2a: Magearna|Flash Cannon|p1a: Kyurem\n|-damage|p1a: Kyurem|40\/100\n|\n|-end|p2a: Magearna|move: Taunt\n|upkeep\n|turn|21\n|c|\u2606amweird|shadow claw why??\n|\n|t:|1701203503\n|move|p1a: Kyurem|Shadow Claw|p2a: Magearna\n|-damage|p2a: Magearna|19\/100\n|move|p2a: Magearna|Flash Cannon|p1a: Kyurem\n|-damage|p1a: Kyurem|0 fnt\n|faint|p1a: Kyurem\n|-ability|p2a: Magearna|Soul-Heart|boost\n|-boost|p2a: Magearna|spa|1\n|\n|upkeep\n|\n|t:|1701203506\n|switch|p1a: Arceus|Arceus-Dark, shiny|100\/100\n|turn|22\n|\n|t:|1701203510\n|move|p1a: Arceus|Foul Play|p2a: Magearna\n|-resisted|p2a: Magearna\n|-damage|p2a: Magearna|7\/100\n|move|p2a: Magearna|Focus Blast|p1a: Arceus\n|-supereffective|p1a: Arceus\n|-damage|p1a: Arceus|0 fnt\n|faint|p1a: Arceus\n|\n|win|amweird\n|raw|ANGRY BALL's rating: 1447 &rarr; <strong>1434<\/strong><br \/>(-13 for losing)\n|raw|amweird's rating: 1573 &rarr; <strong>1586<\/strong><br \/>(+13 for winning)\n|l|\u2606ANGRY BALL\n","uploadtime":1701203520,"views":8,"p1id":"angryball","p2id":"amweird","formatid":"gen9nationaldexubers","rating":1434,"private":0,"password":""}