{"id":"gen9nationaldexubers-1982440669","p1":"Quan minh tran","p2":"pikapikaboomboom","format":"[Gen 9] National Dex Ubers","log":"|j|\u2606Quan minh tran\n|j|\u2606pikapikaboomboom\n|t:|1699014931\n|gametype|singles\n|player|p1|Quan minh tran|102|1047\n|player|p2|pikapikaboomboom|266|1040\n|teamsize|p1|6\n|teamsize|p2|6\n|gen|9\n|tier|[Gen 9] National Dex Ubers\n|rated|\n|rule|HP Percentage Mod: HP is shown in percentages\n|rule|Endless Battle Clause: Forcing endless battles is banned\n|rule|OHKO Clause: OHKO moves are banned\n|rule|Evasion Moves Clause: Evasion moves are banned\n|rule|Evasion Items Clause: Evasion items are banned\n|rule|Species Clause: Limit one of each Pok\u00e9mon\n|rule|Sleep Clause Mod: Limit one foe put to sleep\n|rule|Mega Rayquaza Clause: You cannot mega evolve Rayquaza\n|clearpoke\n|poke|p1|Infernape, F|\n|poke|p1|Garchomp, M|\n|poke|p1|Gastrodon, M|\n|poke|p1|Drapion, F|\n|poke|p1|Spiritomb, M|\n|poke|p1|Togekiss, F|\n|poke|p2|Zoroark-Hisui, M|\n|poke|p2|Kingambit, M|\n|poke|p2|Ninetales-Alola, M|\n|poke|p2|Beedrill, F|\n|poke|p2|Aegislash, F|\n|poke|p2|Ursaluna, F|\n|teampreview\n|\n|t:|1699014939\n|start\n|switch|p1a: Spiritomb|Spiritomb, M|100\/100\n|switch|p2a: Ursaluna|Ursaluna, F|100\/100\n|-ability|p1a: Spiritomb|Pressure\n|turn|1\n|\n|t:|1699014958\n|switch|p2a: Aegislash|Aegislash, F|100\/100\n|switch|p1a: Infernape|Infernape, F|100\/100\n|\n|upkeep\n|turn|2\n|\n|t:|1699014965\n|move|p1a: Infernape|Flare Blitz|p2a: Aegislash\n|-supereffective|p2a: Aegislash\n|-damage|p2a: Aegislash|18\/100\n|-damage|p1a: Infernape|76\/100|[from] Recoil\n|-formechange|p2a: Aegislash|Aegislash-Blade||[from] ability: Stance Change\n|move|p2a: Aegislash|Psycho Cut|p1a: Infernape\n|-supereffective|p1a: Infernape\n|-damage|p1a: Infernape|8\/100\n|\n|-heal|p2a: Aegislash|24\/100|[from] item: Leftovers\n|upkeep\n|turn|3\n|\n|t:|1699014984\n|move|p1a: Infernape|Flare Blitz|p2a: Aegislash\n|-supereffective|p2a: Aegislash\n|-damage|p2a: Aegislash|0 fnt\n|faint|p2a: Aegislash\n|-damage|p1a: Infernape|1\/100|[from] Recoil\n|\n|upkeep\n|\n|t:|1699014993\n|switch|p2a: Kingambit|Kingambit, M|100\/100\n|-activate|p2a: Kingambit|ability: Supreme Overlord\n|-start|p2a: Kingambit|fallen1|[silent]\n|turn|4\n|\n|t:|1699015002\n|switch|p1a: Spiritomb|Spiritomb, M|100\/100\n|-ability|p1a: Spiritomb|Pressure\n|move|p2a: Kingambit|Sucker Punch||[still]\n|-fail|p2a: Kingambit\n|\n|upkeep\n|turn|5\n|\n|t:|1699015009\n|move|p2a: Kingambit|Sucker Punch||[still]\n|-fail|p2a: Kingambit\n|move|p1a: Spiritomb|Destiny Bond|p1a: Spiritomb\n|-singlemove|p1a: Spiritomb|Destiny Bond\n|\n|upkeep\n|turn|6\n|\n|t:|1699015016\n|move|p2a: Kingambit|Sucker Punch|p1a: Spiritomb\n|-damage|p1a: Spiritomb|35\/100\n|move|p1a: Spiritomb|Sucker Punch||[still]\n|-fail|p1a: Spiritomb\n|\n|upkeep\n|turn|7\n|\n|t:|1699015032\n|move|p2a: Kingambit|Sucker Punch||[still]\n|-fail|p2a: Kingambit\n|move|p1a: Spiritomb|Destiny Bond|p1a: Spiritomb\n|-singlemove|p1a: Spiritomb|Destiny Bond\n|\n|upkeep\n|turn|8\n|\n|t:|1699015052\n|-activate|p2a: Kingambit|move: Struggle\n|move|p2a: Kingambit|Struggle|p1a: Spiritomb\n|-damage|p1a: Spiritomb|2\/100\n|-damage|p2a: Kingambit|75\/100|[from] recoil\n|move|p1a: Spiritomb|Hypnosis|p2a: Kingambit\n|-status|p2a: Kingambit|slp|[from] move: Hypnosis\n|\n|upkeep\n|turn|9\n|\n|t:|1699015059\n|cant|p2a: Kingambit|slp\n|move|p1a: Spiritomb|Destiny Bond|p1a: Spiritomb\n|-singlemove|p1a: Spiritomb|Destiny Bond\n|\n|upkeep\n|turn|10\n|\n|t:|1699015067\n|move|p1a: Spiritomb|Sucker Punch|p2a: Kingambit\n|-resisted|p2a: Kingambit\n|-damage|p2a: Kingambit|67\/100 slp\n|cant|p2a: Kingambit|slp\n|\n|upkeep\n|turn|11\n|\n|t:|1699015074\n|cant|p2a: Kingambit|slp\n|move|p1a: Spiritomb|Dream Eater|p2a: Kingambit\n|-immune|p2a: Kingambit\n|\n|upkeep\n|turn|12\n|\n|t:|1699015093\n|-curestatus|p2a: Kingambit|slp|[msg]\n|-activate|p2a: Kingambit|move: Struggle\n|move|p2a: Kingambit|Struggle|p1a: Spiritomb\n|-damage|p1a: Spiritomb|0 fnt\n|faint|p1a: Spiritomb\n|-damage|p2a: Kingambit|42\/100|[from] recoil\n|\n|upkeep\n|\n|t:|1699015102\n|switch|p1a: Garchomp|Garchomp, M|100\/100\n|turn|13\n|\n|t:|1699015115\n|move|p1a: Garchomp|Earthquake|p2a: Kingambit\n|-supereffective|p2a: Kingambit\n|-damage|p2a: Kingambit|0 fnt\n|faint|p2a: Kingambit\n|-end|p2a: Kingambit|fallen1|[silent]\n|\n|upkeep\n|\n|t:|1699015144\n|switch|p2a: Ninetales|Ninetales-Alola, M|100\/100\n|-weather|Snow|[from] ability: Snow Warning|[of] p2a: Ninetales\n|turn|14\n|\n|t:|1699015149\n|move|p1a: Garchomp|Fire Fang|p2a: Ninetales\n|-supereffective|p2a: Ninetales\n|-damage|p2a: Ninetales|64\/100\n|-status|p2a: Ninetales|brn\n|move|p2a: Ninetales|Aurora Veil|p2a: Ninetales\n|-sidestart|p2: pikapikaboomboom|move: Aurora Veil\n|\n|-weather|Snow|[upkeep]\n|-damage|p2a: Ninetales|58\/100 brn|[from] brn\n|upkeep\n|turn|15\n|\n|t:|1699015160\n|move|p1a: Garchomp|Fire Fang|p2a: Ninetales\n|-supereffective|p2a: Ninetales\n|-damage|p2a: Ninetales|37\/100 brn\n|cant|p2a: Ninetales|flinch\n|\n|-weather|Snow|[upkeep]\n|-damage|p2a: Ninetales|32\/100 brn|[from] brn\n|upkeep\n|turn|16\n|\n|t:|1699015168\n|move|p1a: Garchomp|Fire Fang|p2a: Ninetales\n|-supereffective|p2a: Ninetales\n|-damage|p2a: Ninetales|11\/100 brn\n|move|p2a: Ninetales|Draining Kiss|p1a: Garchomp\n|-supereffective|p1a: Garchomp\n|-damage|p1a: Garchomp|64\/100\n|-heal|p2a: Ninetales|46\/100 brn|[from] drain|[of] p1a: Garchomp\n|-damage|p2a: Ninetales|34\/100 brn|[from] ability: Rough Skin|[of] p1a: Garchomp\n|\n|-weather|Snow|[upkeep]\n|-damage|p2a: Ninetales|28\/100 brn|[from] brn\n|upkeep\n|turn|17\n|\n|t:|1699015183\n|move|p1a: Garchomp|Earthquake|p2a: Ninetales\n|-damage|p2a: Ninetales|6\/100 brn\n|move|p2a: Ninetales|Draining Kiss|p1a: Garchomp\n|-supereffective|p1a: Garchomp\n|-damage|p1a: Garchomp|25\/100\n|-heal|p2a: Ninetales|42\/100 brn|[from] drain|[of] p1a: Garchomp\n|-damage|p2a: Ninetales|30\/100 brn|[from] ability: Rough Skin|[of] p1a: Garchomp\n|\n|-weather|Snow|[upkeep]\n|-damage|p2a: Ninetales|24\/100 brn|[from] brn\n|upkeep\n|turn|18\n|\n|t:|1699015199\n|move|p1a: Garchomp|Fire Fang|p2a: Ninetales\n|-supereffective|p2a: Ninetales\n|-damage|p2a: Ninetales|4\/100 brn\n|move|p2a: Ninetales|Draining Kiss|p1a: Garchomp\n|-supereffective|p1a: Garchomp\n|-damage|p1a: Garchomp|0 fnt\n|-heal|p2a: Ninetales|27\/100 brn|[from] drain|[of] p1a: Garchomp\n|-damage|p2a: Ninetales|14\/100 brn|[from] ability: Rough Skin|[of] p1a: Garchomp\n|faint|p1a: Garchomp\n|\n|-weather|none\n|-damage|p2a: Ninetales|9\/100 brn|[from] brn\n|upkeep\n|\n|t:|1699015245\n|switch|p1a: Infernape|Infernape, F|1\/100\n|turn|19\n|\n|t:|1699015248\n|move|p1a: Infernape|Flare Blitz|p2a: Ninetales\n|-supereffective|p2a: Ninetales\n|-damage|p2a: Ninetales|0 fnt\n|faint|p2a: Ninetales\n|-damage|p1a: Infernape|0 fnt|[from] Recoil\n|faint|p1a: Infernape\n|\n|upkeep\n|\n|t:|1699015259\n|switch|p1a: Drapion|Drapion, F|100\/100\n|switch|p2a: Ursaluna|Ursaluna, F|100\/100\n|turn|20\n|\n|t:|1699015269\n|switch|p1a: Togekiss|Togekiss, F|100\/100\n|replace|p2a: Zoroark|Zoroark-Hisui, M\n|-end|p2a: Zoroark|Illusion\n|-zpower|p2a: Zoroark\n|move|p2a: Zoroark|Never-Ending Nightmare|p1a: Togekiss|[zeffect]\n|-damage|p1a: Togekiss|13\/100\n|\n|upkeep\n|turn|21\n|\n|t:|1699015279\n|move|p2a: Zoroark|Shadow Ball|p1a: Togekiss\n|-damage|p1a: Togekiss|0 fnt\n|faint|p1a: Togekiss\n|\n|-sideend|p2: pikapikaboomboom|move: Aurora Veil\n|upkeep\n|\n|t:|1699015287\n|switch|p1a: Gastrodon|Gastrodon, M|100\/100\n|turn|22\n|\n|t:|1699015290\n|move|p2a: Zoroark|Nasty Plot|p2a: Zoroark\n|-boost|p2a: Zoroark|spa|2\n|move|p1a: Gastrodon|Earth Power|p2a: Zoroark\n|-damage|p2a: Zoroark|37\/100\n|\n|upkeep\n|turn|23\n|\n|t:|1699015297\n|move|p2a: Zoroark|Shadow Ball|p1a: Gastrodon\n|-damage|p1a: Gastrodon|14\/100\n|-unboost|p1a: Gastrodon|spd|1\n|move|p1a: Gastrodon|Earth Power|p2a: Zoroark\n|-damage|p2a: Zoroark|0 fnt\n|faint|p2a: Zoroark\n|\n|upkeep\n|\n|t:|1699015304\n|switch|p2a: Beedrill|Beedrill, F|100\/100\n|turn|24\n|\n|t:|1699015311\n|detailschange|p2a: Beedrill|Beedrill-Mega, F\n|-mega|p2a: Beedrill|Beedrill|Beedrillite\n|move|p2a: Beedrill|Fell Stinger|p1a: Gastrodon\n|-damage|p1a: Gastrodon|0 fnt\n|faint|p1a: Gastrodon\n|-boost|p2a: Beedrill|atk|3\n|\n|upkeep\n|\n|t:|1699015318\n|switch|p1a: Drapion|Drapion, F|100\/100\n|turn|25\n|\n|t:|1699015353\n|move|p2a: Beedrill|Poison Jab|p1a: Drapion\n|-resisted|p1a: Drapion\n|-damage|p1a: Drapion|6\/100\n|move|p1a: Drapion|Poison Fang|p2a: Beedrill\n|-resisted|p2a: Beedrill\n|-damage|p2a: Beedrill|74\/100\n|\n|upkeep\n|turn|26\n|\n|t:|1699015361\n|move|p2a: Beedrill|Poison Jab|p1a: Drapion\n|-resisted|p1a: Drapion\n|-damage|p1a: Drapion|0 fnt\n|faint|p1a: Drapion\n|\n|win|pikapikaboomboom\n|raw|Quan minh tran's rating: 1014 &rarr; <strong>1002<\/strong><br \/>(-12 for losing)\n|raw|pikapikaboomboom's rating: 1025 &rarr; <strong>1060<\/strong><br \/>(+35 for winning)\n|l|\u2606pikapikaboomboom\n","uploadtime":1699015368,"views":6,"p1id":"quanminhtran","p2id":"pikapikaboomboom","formatid":"gen9nationaldexubers","rating":1002,"private":0,"password":""}