{"id":"gen9nationaldexubers-1978387090","p1":"wsgjah","p2":"FireTack GD \/\\\/\\\/\\","format":"[Gen 9] National Dex Ubers","log":"|j|\u2606wsgjah\n|j|\u2606FireTack GD \/\\\/\\\/\\\n|t:|1698532416\n|gametype|singles\n|player|p1|wsgjah|roxie|1226\n|player|p2|FireTack GD \/\\\/\\\/\\|ethan|1160\n|teamsize|p1|6\n|teamsize|p2|6\n|gen|9\n|tier|[Gen 9] National Dex Ubers\n|rated|\n|rule|HP Percentage Mod: HP is shown in percentages\n|rule|Endless Battle Clause: Forcing endless battles is banned\n|rule|OHKO Clause: OHKO moves are banned\n|rule|Evasion Moves Clause: Evasion moves are banned\n|rule|Evasion Items Clause: Evasion items are banned\n|rule|Species Clause: Limit one of each Pok\u00e9mon\n|rule|Sleep Clause Mod: Limit one foe put to sleep\n|rule|Mega Rayquaza Clause: You cannot mega evolve Rayquaza\n|clearpoke\n|poke|p1|Melmetal|\n|poke|p1|Kyogre|\n|poke|p1|Pyukumuku, M|\n|poke|p1|Necrozma-Dusk-Mane|\n|poke|p1|Galvantula, F|\n|poke|p1|Sneasler, F|\n|poke|p2|Zacian-*|\n|poke|p2|Wobbuffet, F|\n|poke|p2|Kartana|\n|poke|p2|Eternatus|\n|poke|p2|Quagsire, M|\n|poke|p2|Blaziken, F|\n|teampreview\n|c|\u2606wsgjah|yo\n|\n|t:|1698532428\n|start\n|switch|p1a: Galvantula|Galvantula, F|100\/100\n|switch|p2a: Zacian|Zacian-Crowned|100\/100\n|-ability|p2a: Zacian|Intrepid Sword|boost\n|-boost|p2a: Zacian|atk|1\n|turn|1\n|c|\u2606FireTack GD \/\\\/\\\/\\|hello\n|\n|t:|1698532462\n|move|p2a: Zacian|Play Rough|p1a: Galvantula\n|-enditem|p1a: Galvantula|Focus Sash\n|-damage|p1a: Galvantula|1\/100\n|move|p1a: Galvantula|Thunder Wave|p2a: Zacian\n|-status|p2a: Zacian|par\n|\n|upkeep\n|turn|2\n|\n|t:|1698532471\n|move|p1a: Galvantula|Sticky Web|p2a: Zacian\n|-sidestart|p2: FireTack GD \/\\\/\\\/\\|move: Sticky Web\n|cant|p2a: Zacian|par\n|\n|upkeep\n|turn|3\n|\n|t:|1698532484\n|switch|p2a: Quagmire|Quagsire, M|100\/100\n|-activate|p2a: Quagmire|move: Sticky Web\n|-unboost|p2a: Quagmire|spe|1\n|move|p1a: Galvantula|Screech|p2a: Quagmire\n|-unboost|p2a: Quagmire|def|2\n|\n|upkeep\n|turn|4\n|\n|t:|1698532496\n|move|p1a: Galvantula|Screech|p2a: Quagmire\n|-unboost|p2a: Quagmire|def|2\n|move|p2a: Quagmire|Earthquake|p1a: Galvantula\n|-damage|p1a: Galvantula|0 fnt\n|faint|p1a: Galvantula\n|\n|upkeep\n|inactive|Battle timer is ON: inactive players will automatically lose when time's up. (requested by FireTack GD \/\\\/\\\/\\)\n|inactive|wsgjah has 120 seconds left.\n|\n|t:|1698532558\n|switch|p1a: Necrozma|Necrozma-Dusk-Mane|100\/100\n|turn|5\n|\n|t:|1698532582\n|move|p1a: Necrozma|Dragon Dance|p1a: Necrozma\n|-boost|p1a: Necrozma|atk|1\n|-boost|p1a: Necrozma|spe|1\n|move|p2a: Quagmire|Yawn|p1a: Necrozma\n|-start|p1a: Necrozma|move: Yawn|[of] p2a: Quagmire\n|\n|upkeep\n|turn|6\n|\n|t:|1698532594\n|switch|p1a: Pyukumuku|Pyukumuku, M|100\/100\n|move|p2a: Quagmire|Recover||[still]\n|-fail|p2a: Quagmire|heal\n|\n|upkeep\n|turn|7\n|\n|t:|1698532611\n|move|p2a: Quagmire|Earthquake|p1a: Pyukumuku\n|-damage|p1a: Pyukumuku|72\/100\n|move|p1a: Pyukumuku|Toxic|p2a: Quagmire\n|-status|p2a: Quagmire|tox\n|\n|-heal|p1a: Pyukumuku|78\/100|[from] item: Leftovers\n|-damage|p2a: Quagmire|94\/100 tox|[from] psn\n|upkeep\n|turn|8\n|\n|t:|1698532621\n|switch|p2a: Kartana|Kartana|100\/100\n|-activate|p2a: Kartana|move: Sticky Web\n|-unboost|p2a: Kartana|spe|1\n|move|p1a: Pyukumuku|Reflect|p1a: Pyukumuku\n|-sidestart|p1: wsgjah|Reflect\n|\n|-heal|p1a: Pyukumuku|84\/100|[from] item: Leftovers\n|upkeep\n|turn|9\n|inactive|wsgjah has 120 seconds left.\n|\n|t:|1698532652\n|move|p2a: Kartana|Leaf Blade|p1a: Pyukumuku\n|-supereffective|p1a: Pyukumuku\n|-damage|p1a: Pyukumuku|30\/100\n|move|p1a: Pyukumuku|Light Screen|p1a: Pyukumuku\n|-sidestart|p1: wsgjah|move: Light Screen\n|\n|-heal|p1a: Pyukumuku|36\/100|[from] item: Leftovers\n|upkeep\n|turn|10\n|c|\u2606FireTack GD \/\\\/\\\/\\|!data Reflect\n|raw|<ul class=\"utilichart\"><li class=\"result\"><span class=\"col movenamecol\"><a href=\"https:\/\/dex.pokemonshowdown.com\/moves\/reflect\">Reflect<\/a><\/span> <span class=\"col typecol\"><img src=\"\/\/play.pokemonshowdown.com\/sprites\/types\/Psychic.png\" alt=\"Psychic\" width=\"32\" height=\"14\"><img src=\"\/\/play.pokemonshowdown.com\/sprites\/categories\/Status.png\" alt=\"Status\" width=\"32\" height=\"14\"><\/span> <span class=\"col widelabelcol\"><em>Accuracy<\/em><br>\u2014<\/span> <span class=\"col pplabelcol\"><em>PP<\/em><br>32<\/span> <span class=\"col movedesccol\">For 5 turns, physical damage to allies is halved.<\/span> <\/li><li style=\"clear:both\"><\/li><\/ul>\n\n|inactive|wsgjah has 120 seconds left.\n|c|\u2606FireTack GD \/\\\/\\\/\\|!data Light Screen\n|raw|<ul class=\"utilichart\"><li class=\"result\"><span class=\"col movenamecol\"><a href=\"https:\/\/dex.pokemonshowdown.com\/moves\/lightscreen\">Light Screen<\/a><\/span> <span class=\"col typecol\"><img src=\"\/\/play.pokemonshowdown.com\/sprites\/types\/Psychic.png\" alt=\"Psychic\" width=\"32\" height=\"14\"><img src=\"\/\/play.pokemonshowdown.com\/sprites\/categories\/Status.png\" alt=\"Status\" width=\"32\" height=\"14\"><\/span> <span class=\"col widelabelcol\"><em>Accuracy<\/em><br>\u2014<\/span> <span class=\"col pplabelcol\"><em>PP<\/em><br>48<\/span> <span class=\"col movedesccol\">For 5 turns, special damage to allies is halved.<\/span> <\/li><li style=\"clear:both\"><\/li><\/ul>\n\n|inactive|FireTack GD \/\\\/\\\/\\ has 120 seconds left.\n|\n|t:|1698532680\n|switch|p1a: Melmetal|Melmetal|100\/100\n|move|p2a: Kartana|Leaf Blade|p1a: Melmetal\n|-resisted|p1a: Melmetal\n|-damage|p1a: Melmetal|92\/100\n|\n|upkeep\n|turn|11\n|inactive|wsgjah has 120 seconds left.\n|inactive|FireTack GD \/\\\/\\\/\\ has 120 seconds left.\n|\n|t:|1698532693\n|move|p2a: Kartana|Sacred Sword|p1a: Melmetal\n|-supereffective|p1a: Melmetal\n|-damage|p1a: Melmetal|71\/100\n|move|p1a: Melmetal|High Horsepower|p2a: Kartana\n|-damage|p2a: Kartana|63\/100\n|\n|-heal|p2a: Kartana|69\/100|[from] item: Leftovers\n|upkeep\n|turn|12\n|inactive|FireTack GD \/\\\/\\\/\\ has 120 seconds left.\n|inactive|wsgjah has 120 seconds left.\n|c|\u2606FireTack GD \/\\\/\\\/\\|!data High Horsepower\n|raw|<ul class=\"utilichart\"><li class=\"result\"><span class=\"col movenamecol\"><a href=\"https:\/\/dex.pokemonshowdown.com\/moves\/highhorsepower\">High Horsepower<\/a><\/span> <span class=\"col typecol\"><img src=\"\/\/play.pokemonshowdown.com\/sprites\/types\/Ground.png\" alt=\"Ground\" width=\"32\" height=\"14\"><img src=\"\/\/play.pokemonshowdown.com\/sprites\/categories\/Physical.png\" alt=\"Physical\" width=\"32\" height=\"14\"><\/span> <span class=\"col labelcol\"><em>Power<\/em><br>95<\/span> <span class=\"col widelabelcol\"><em>Accuracy<\/em><br>95%<\/span> <span class=\"col pplabelcol\"><em>PP<\/em><br>16<\/span> <span class=\"col movedesccol\">No additional effect.<\/span> <\/li><li style=\"clear:both\"><\/li><\/ul>\n\n|\n|t:|1698532729\n|move|p2a: Kartana|Sacred Sword|p1a: Melmetal\n|-supereffective|p1a: Melmetal\n|-damage|p1a: Melmetal|50\/100\n|move|p1a: Melmetal|Darkest Lariat|p2a: Kartana\n|-damage|p2a: Kartana|30\/100\n|\n|-heal|p2a: Kartana|36\/100|[from] item: Leftovers\n|-sideend|p1: wsgjah|Reflect\n|upkeep\n|turn|13\n|inactive|wsgjah has 120 seconds left.\n|\n|t:|1698532742\n|switch|p2a: Quagmire|Quagsire, M|94\/100 tox\n|-activate|p2a: Quagmire|move: Sticky Web\n|-unboost|p2a: Quagmire|spe|1\n|move|p1a: Melmetal|Darkest Lariat|p2a: Quagmire\n|-damage|p2a: Quagmire|61\/100 tox\n|\n|-heal|p2a: Quagmire|67\/100 tox|[from] item: Leftovers\n|-damage|p2a: Quagmire|61\/100 tox|[from] psn\n|-sideend|p1: wsgjah|move: Light Screen\n|upkeep\n|turn|14\n|inactive|wsgjah has 120 seconds left.\n|c|\u2606wsgjah|! weakness quagsire\n|c|\u2606wsgjah|!weakness quagsire\n|c| wsgjah|\/raw <div class=\"infobox\">Quagsire (ignoring abilities):<br \/><span class=\"message-effect-weak\">Weaknesses<\/span>: <b>Grass<\/b><br \/><span class=\"message-effect-resist\">Resistances<\/span>: Fire, Poison, Rock, Steel<br \/><span class=\"message-effect-immune\">Immunities<\/span>: Electric, Sandstorm damage<\/div>\n|inactive|wsgjah has 90 seconds left.\n|\n|t:|1698532794\n|-terastallize|p1a: Melmetal|Flying\n|move|p1a: Melmetal|Darkest Lariat|p2a: Quagmire\n|-damage|p2a: Quagmire|32\/100 tox\n|move|p2a: Quagmire|Earthquake|p1a: Melmetal\n|-immune|p1a: Melmetal\n|\n|-heal|p2a: Quagmire|38\/100 tox|[from] item: Leftovers\n|-damage|p2a: Quagmire|26\/100 tox|[from] psn\n|upkeep\n|turn|15\n|inactive|FireTack GD \/\\\/\\\/\\ has 90 seconds left.\n|\n|t:|1698532825\n|move|p1a: Melmetal|Darkest Lariat|p2a: Quagmire\n|-damage|p2a: Quagmire|0 fnt\n|faint|p2a: Quagmire\n|\n|upkeep\n|c|\u2606FireTack GD \/\\\/\\\/\\|!data Darkest Lariat\n|raw|<ul class=\"utilichart\"><li class=\"result\"><span class=\"col movenamecol\"><a href=\"https:\/\/dex.pokemonshowdown.com\/moves\/darkestlariat\">Darkest Lariat<\/a><\/span> <span class=\"col typecol\"><img src=\"\/\/play.pokemonshowdown.com\/sprites\/types\/Dark.png\" alt=\"Dark\" width=\"32\" height=\"14\"><img src=\"\/\/play.pokemonshowdown.com\/sprites\/categories\/Physical.png\" alt=\"Physical\" width=\"32\" height=\"14\"><\/span> <span class=\"col labelcol\"><em>Power<\/em><br>85<\/span> <span class=\"col widelabelcol\"><em>Accuracy<\/em><br>100%<\/span> <span class=\"col pplabelcol\"><em>PP<\/em><br>16<\/span> <span class=\"col movedesccol\">Ignores the target's stat stage changes.<\/span> <\/li><li style=\"clear:both\"><\/li><\/ul>\n\n|inactive|FireTack GD \/\\\/\\\/\\ has 60 seconds left.\n|\n|t:|1698532845\n|switch|p2a: Wobbuffet|Wobbuffet, F|100\/100\n|-activate|p2a: Wobbuffet|move: Sticky Web\n|-unboost|p2a: Wobbuffet|spe|1\n|turn|16\n|inactive|wsgjah has 90 seconds left.\n|inactive|FireTack GD \/\\\/\\\/\\ has 60 seconds left.\n|\n|t:|1698532859\n|move|p1a: Melmetal|Darkest Lariat|p2a: Wobbuffet\n|-supereffective|p2a: Wobbuffet\n|-damage|p2a: Wobbuffet|53\/100\n|move|p2a: Wobbuffet|Counter|p1a: Melmetal\n|-damage|p1a: Melmetal|0 fnt\n|faint|p1a: Melmetal\n|\n|upkeep\n|inactive|wsgjah has 90 seconds left.\n|\n|t:|1698532865\n|switch|p1a: Pyukumuku|Pyukumuku, M|36\/100\n|turn|17\n|\n|t:|1698532867\n|move|p2a: Wobbuffet|Destiny Bond|p2a: Wobbuffet\n|-singlemove|p2a: Wobbuffet|Destiny Bond\n|move|p1a: Pyukumuku|Light Screen|p1a: Pyukumuku\n|-sidestart|p1: wsgjah|move: Light Screen\n|\n|-heal|p1a: Pyukumuku|42\/100|[from] item: Leftovers\n|upkeep\n|turn|18\n|\n|t:|1698532873\n|move|p2a: Wobbuffet|Encore|p1a: Pyukumuku\n|-start|p1a: Pyukumuku|Encore\n|move|p1a: Pyukumuku|Light Screen||[still]\n|-fail|p1a: Pyukumuku\n|\n|-heal|p1a: Pyukumuku|48\/100|[from] item: Leftovers\n|upkeep\n|turn|19\n|c|\u2606wsgjah|wait i fucked up\n|c|\u2606wsgjah|wp\n|\n|t:|1698532898\n|switch|p2a: Kartana|Kartana|36\/100\n|-activate|p2a: Kartana|move: Sticky Web\n|-unboost|p2a: Kartana|spe|1\n|move|p1a: Pyukumuku|Light Screen||[still]\n|-fail|p1a: Pyukumuku\n|\n|-heal|p2a: Kartana|42\/100|[from] item: Leftovers\n|-heal|p1a: Pyukumuku|54\/100|[from] item: Leftovers\n|upkeep\n|turn|20\n|\n|t:|1698532910\n|switch|p1a: Sneasler|Sneasler, F|100\/100\n|move|p2a: Kartana|Leaf Blade|p1a: Sneasler\n|-resisted|p1a: Sneasler\n|-damage|p1a: Sneasler|51\/100\n|\n|-heal|p2a: Kartana|49\/100|[from] item: Leftovers\n|upkeep\n|turn|21\n|c|\u2606wsgjah|oh\n|inactive|FireTack GD \/\\\/\\\/\\ has 60 seconds left.\n|\n|t:|1698532949\n|move|p1a: Sneasler|Endure|p1a: Sneasler\n|-singleturn|p1a: Sneasler|move: Endure\n|move|p2a: Kartana|Sacred Sword|p1a: Sneasler\n|-resisted|p1a: Sneasler\n|-damage|p1a: Sneasler|16\/100\n|-enditem|p1a: Sneasler|Liechi Berry|[eat]\n|-boost|p1a: Sneasler|atk|1|[from] item: Liechi Berry\n|\n|-heal|p2a: Kartana|55\/100|[from] item: Leftovers\n|-sideend|p1: wsgjah|move: Light Screen\n|upkeep\n|turn|22\n|inactive|wsgjah has 120 seconds left.\n|\n|t:|1698532960\n|move|p1a: Sneasler|Endure||[still]\n|-fail|p1a: Sneasler\n|move|p2a: Kartana|Sacred Sword|p1a: Sneasler\n|-resisted|p1a: Sneasler\n|-damage|p1a: Sneasler|0 fnt\n|faint|p1a: Sneasler\n|-ability|p2a: Kartana|Beast Boost|boost\n|-boost|p2a: Kartana|atk|1\n|\n|-heal|p2a: Kartana|61\/100|[from] item: Leftovers\n|upkeep\n|inactive|wsgjah has 120 seconds left.\n|c|\u2606wsgjah|awh\n|\n|t:|1698532979\n|switch|p1a: Pyukumuku|Pyukumuku, M|54\/100\n|turn|23\n|\n|t:|1698532986\n|move|p2a: Kartana|Leaf Blade|p1a: Pyukumuku\n|-supereffective|p1a: Pyukumuku\n|-damage|p1a: Pyukumuku|0 fnt\n|faint|p1a: Pyukumuku\n|-ability|p2a: Kartana|Beast Boost|boost\n|-boost|p2a: Kartana|atk|1\n|\n|-heal|p2a: Kartana|67\/100|[from] item: Leftovers\n|upkeep\n|\n|t:|1698532990\n|switch|p1a: Necrozma|Necrozma-Dusk-Mane|100\/100\n|turn|24\n|inactive|FireTack GD \/\\\/\\\/\\ has 60 seconds left.\n|\n|t:|1698533015\n|move|p1a: Necrozma|Dragon Dance|p1a: Necrozma\n|-boost|p1a: Necrozma|atk|1\n|-boost|p1a: Necrozma|spe|1\n|move|p2a: Kartana|Sacred Sword|p1a: Necrozma\n|-crit|p1a: Necrozma\n|-damage|p1a: Necrozma|2\/100\n|\n|-heal|p2a: Kartana|73\/100|[from] item: Leftovers\n|upkeep\n|turn|25\n|\n|t:|1698533029\n|detailschange|p1a: Necrozma|Necrozma-Ultra\n|-burst|p1a: Necrozma|Necrozma|Ultranecrozium Z\n|move|p1a: Necrozma|Earthquake|p2a: Kartana\n|-damage|p2a: Kartana|0 fnt\n|faint|p2a: Kartana\n|\n|upkeep\n|\n|t:|1698533043\n|switch|p2a: Wobbuffet|Wobbuffet, F|53\/100\n|-activate|p2a: Wobbuffet|move: Sticky Web\n|-unboost|p2a: Wobbuffet|spe|1\n|turn|26\n|\n|t:|1698533051\n|move|p1a: Necrozma|Photon Geyser|p2a: Wobbuffet\n|-resisted|p2a: Wobbuffet\n|-damage|p2a: Wobbuffet|17\/100\n|move|p2a: Wobbuffet|Destiny Bond|p2a: Wobbuffet\n|-singlemove|p2a: Wobbuffet|Destiny Bond\n|\n|upkeep\n|turn|27\n|\n|t:|1698533058\n|move|p1a: Necrozma|Dragon Dance|p1a: Necrozma\n|-boost|p1a: Necrozma|atk|1\n|-boost|p1a: Necrozma|spe|1\n|move|p2a: Wobbuffet|Encore|p1a: Necrozma\n|-start|p1a: Necrozma|Encore\n|\n|upkeep\n|turn|28\n|inactive|FireTack GD \/\\\/\\\/\\ has 60 seconds left.\n|\n|t:|1698533065\n|switch|p2a: Eternatus|Eternatus|100\/100\n|-activate|p2a: Eternatus|move: Sticky Web\n|-unboost|p2a: Eternatus|spe|1\n|-ability|p2a: Eternatus|Pressure\n|move|p1a: Necrozma|Dragon Dance|p1a: Necrozma\n|-boost|p1a: Necrozma|atk|1\n|-boost|p1a: Necrozma|spe|1\n|\n|upkeep\n|turn|29\n|inactive|FireTack GD \/\\\/\\\/\\ has 60 seconds left.\n|\n|t:|1698533082\n|-zpower|p1a: Necrozma\n|move|p1a: Necrozma|Light That Burns the Sky|p2a: Eternatus|[zeffect]\n|-supereffective|p2a: Eternatus\n|-damage|p2a: Eternatus|0 fnt\n|faint|p2a: Eternatus\n|\n|upkeep\n|\n|t:|1698533089\n|switch|p2a: Wobbuffet|Wobbuffet, F|17\/100\n|-activate|p2a: Wobbuffet|move: Sticky Web\n|-unboost|p2a: Wobbuffet|spe|1\n|turn|30\n|\n|t:|1698533093\n|move|p1a: Necrozma|Dragon Dance|p1a: Necrozma\n|-boost|p1a: Necrozma|atk|1\n|-boost|p1a: Necrozma|spe|1\n|move|p2a: Wobbuffet|Destiny Bond|p2a: Wobbuffet\n|-singlemove|p2a: Wobbuffet|Destiny Bond\n|\n|-end|p1a: Necrozma|Encore\n|upkeep\n|turn|31\n|c|\u2606FireTack GD \/\\\/\\\/\\|oh no\n|inactive|wsgjah has 120 seconds left.\n|\n|t:|1698533136\n|move|p1a: Necrozma|Dragon Dance|p1a: Necrozma\n|-boost|p1a: Necrozma|atk|1\n|-boost|p1a: Necrozma|spe|1\n|move|p2a: Wobbuffet|Encore|p1a: Necrozma\n|-start|p1a: Necrozma|Encore\n|\n|upkeep\n|turn|32\n|\n|t:|1698533142\n|switch|p2a: Blaziken|Blaziken, F|100\/100\n|-activate|p2a: Blaziken|move: Sticky Web\n|-unboost|p2a: Blaziken|spe|1\n|move|p1a: Necrozma|Dragon Dance|p1a: Necrozma\n|-boost|p1a: Necrozma|atk|1\n|-boost|p1a: Necrozma|spe|1\n|\n|upkeep\n|turn|33\n|inactive|wsgjah has 120 seconds left.\n|\n|t:|1698533160\n|move|p1a: Necrozma|Dragon Dance|p1a: Necrozma\n|-boost|p1a: Necrozma|atk|0\n|-boost|p1a: Necrozma|spe|0\n|move|p2a: Blaziken|Earthquake|p1a: Necrozma\n|-damage|p1a: Necrozma|0 fnt\n|faint|p1a: Necrozma\n|\n|-ability|p2a: Blaziken|Speed Boost|boost\n|-boost|p2a: Blaziken|spe|1\n|upkeep\n|\n|t:|1698533165\n|switch|p1a: Kyogre|Kyogre|100\/100\n|detailschange|p1a: Kyogre|Kyogre-Primal\n|-primal|p1a: Kyogre|Blue Orb\n|-weather|PrimordialSea|[from] ability: Primordial Sea|[of] p1a: Kyogre\n|turn|34\n|inactive|FireTack GD \/\\\/\\\/\\ has 60 seconds left.\n|\n|t:|1698533191\n|move|p1a: Kyogre|Water Spout|p2a: Blaziken\n|-supereffective|p2a: Blaziken\n|-damage|p2a: Blaziken|0 fnt\n|faint|p2a: Blaziken\n|\n|-weather|PrimordialSea|[upkeep]\n|upkeep\n|\n|t:|1698533195\n|switch|p2a: Wobbuffet|Wobbuffet, F|17\/100\n|-activate|p2a: Wobbuffet|move: Sticky Web\n|-unboost|p2a: Wobbuffet|spe|1\n|turn|35\n|c|\u2606wsgjah|ngl that necrozma play was kinda dumb of me\n|\n|t:|1698533212\n|move|p1a: Kyogre|Thunder|p2a: Wobbuffet\n|-damage|p2a: Wobbuffet|0 fnt\n|faint|p2a: Wobbuffet\n|\n|-weather|PrimordialSea|[upkeep]\n|upkeep\n|\n|t:|1698533216\n|switch|p2a: Zacian|Zacian-Crowned|100\/100 par\n|-activate|p2a: Zacian|move: Sticky Web\n|-unboost|p2a: Zacian|spe|1\n|turn|36\n|c|\u2606FireTack GD \/\\\/\\\/\\|oh no man\n|\n|t:|1698533228\n|move|p1a: Kyogre|Water Spout|p2a: Zacian\n|-damage|p2a: Zacian|0 fnt\n|faint|p2a: Zacian\n|\n|win|wsgjah\n|raw|wsgjah's rating: 1226 &rarr; <strong>1246<\/strong><br \/>(+20 for winning)\n|raw|FireTack GD &#x2f;\\&#x2f;\\&#x2f;\\'s rating: 1160 &rarr; <strong>1140<\/strong><br \/>(-20 for losing)\n|c|\u2606wsgjah|ggs\n|c|\u2606wsgjah|wp\n|c|\u2606FireTack GD \/\\\/\\\/\\|NOOOOOOOOOO\n|c|\u2606FireTack GD \/\\\/\\\/\\|GG\n|c|\u2606wsgjah|good match\n|l|\u2606FireTack GD \/\\\/\\\/\\\n","uploadtime":1698533248,"views":8,"p1id":"wsgjah","p2id":"firetackgd","formatid":"gen9nationaldexubers","rating":1140,"private":0,"password":""}