{"id":"gen9nationaldexubers-1983192686","p1":"Qishan","p2":"KurumiTokisakilove","format":"[Gen 9] National Dex Ubers","log":"|j|\u2606Qishan\n|j|\u2606KurumiTokisakilove\n|t:|1699103233\n|gametype|singles\n|player|p1|Qishan|bruno|1628\n|player|p2|KurumiTokisakilove|sabrina-gen2|1941\n|teamsize|p1|6\n|teamsize|p2|6\n|gen|9\n|tier|[Gen 9] National Dex Ubers\n|rated|\n|rule|HP Percentage Mod: HP is shown in percentages\n|rule|Endless Battle Clause: Forcing endless battles is banned\n|rule|OHKO Clause: OHKO moves are banned\n|rule|Evasion Moves Clause: Evasion moves are banned\n|rule|Evasion Items Clause: Evasion items are banned\n|rule|Species Clause: Limit one of each Pok\u00e9mon\n|rule|Sleep Clause Mod: Limit one foe put to sleep\n|rule|Mega Rayquaza Clause: You cannot mega evolve Rayquaza\n|clearpoke\n|poke|p1|Deoxys-Attack|\n|poke|p1|Arceus|\n|poke|p1|Serperior, M|\n|poke|p1|Xerneas-*|\n|poke|p1|Necrozma-Dusk-Mane|\n|poke|p1|Zygarde|\n|poke|p2|Zygarde|\n|poke|p2|Magearna|\n|poke|p2|Ditto|\n|poke|p2|Rayquaza|\n|poke|p2|Arceus-Water|\n|poke|p2|Necrozma-Dusk-Mane|\n|teampreview\n|inactive|Battle timer is ON: inactive players will automatically lose when time's up. (requested by KurumiTokisakilove)\n|\n|t:|1699103248\n|start\n|switch|p1a: Deoxys|Deoxys-Attack, shiny|100\/100\n|switch|p2a: Zygarde|Zygarde, shiny|100\/100\n|-ability|p1a: Deoxys|Pressure\n|turn|1\n|\n|t:|1699103255\n|move|p1a: Deoxys|Psycho Boost|p2a: Zygarde\n|-damage|p2a: Zygarde|9\/100\n|-unboost|p1a: Deoxys|spa|2\n|move|p2a: Zygarde|Thousand Arrows|p1a: Deoxys\n|-enditem|p1a: Deoxys|Focus Sash\n|-damage|p1a: Deoxys|1\/100\n|\n|-heal|p2a: Zygarde|16\/100|[from] item: Leftovers\n|-activate|p2a: Zygarde|ability: Power Construct\n|detailschange|p2a: Zygarde|Zygarde-Complete, shiny\n|-heal|p2a: Zygarde|48\/100|[silent]\n|upkeep\n|turn|2\n|\n|t:|1699103267\n|move|p2a: Zygarde|Extreme Speed|p1a: Deoxys\n|-damage|p1a: Deoxys|0 fnt\n|faint|p1a: Deoxys\n|\n|-heal|p2a: Zygarde|54\/100|[from] item: Leftovers\n|upkeep\n|\n|t:|1699103274\n|switch|p1a: Serperior|Serperior, M, shiny|100\/100\n|turn|3\n|\n|t:|1699103281\n|switch|p2a: Magearna|Magearna|100\/100\n|move|p1a: Serperior|Glare|p2a: Magearna\n|-status|p2a: Magearna|par\n|\n|upkeep\n|turn|4\n|\n|t:|1699103286\n|move|p1a: Serperior|Substitute|p1a: Serperior\n|-start|p1a: Serperior|Substitute\n|-damage|p1a: Serperior|76\/100\n|move|p2a: Magearna|Heal Bell|p2a: Magearna\n|-activate|p2a: Magearna|move: Heal Bell\n|-curestatus|p2a: Magearna|par|[msg]\n|\n|-heal|p1a: Serperior|82\/100|[from] item: Leftovers\n|upkeep\n|turn|5\n|\n|t:|1699103294\n|move|p1a: Serperior|Glare|p2a: Magearna\n|-status|p2a: Magearna|par\n|move|p2a: Magearna|Fleur Cannon|p1a: Serperior|[miss]\n|-miss|p2a: Magearna|p1a: Serperior\n|\n|-heal|p1a: Serperior|88\/100|[from] item: Leftovers\n|upkeep\n|turn|6\n|\n|t:|1699103307\n|move|p1a: Serperior|Leaf Storm|p2a: Magearna\n|-resisted|p2a: Magearna\n|-damage|p2a: Magearna|85\/100 par\n|-boost|p1a: Serperior|spa|2\n|move|p2a: Magearna|Heal Bell|p2a: Magearna\n|-activate|p2a: Magearna|move: Heal Bell\n|-curestatus|p2a: Magearna|par|[msg]\n|\n|-heal|p1a: Serperior|94\/100|[from] item: Leftovers\n|upkeep\n|turn|7\n|\n|t:|1699103318\n|move|p1a: Serperior|Glare|p2a: Magearna\n|-status|p2a: Magearna|par\n|cant|p2a: Magearna|par\n|\n|-heal|p1a: Serperior|99\/100|[from] item: Leftovers\n|upkeep\n|turn|8\n|\n|t:|1699103328\n|move|p1a: Serperior|Leaf Storm|p2a: Magearna|[miss]\n|-miss|p1a: Serperior|p2a: Magearna\n|move|p2a: Magearna|Heart Swap|p1a: Serperior\n|-swapboost|p2a: Magearna|p1a: Serperior|[from] move: Heart Swap\n|\n|-heal|p1a: Serperior|100\/100|[from] item: Leftovers\n|upkeep\n|turn|9\n|\n|t:|1699103335\n|move|p1a: Serperior|Leaf Storm|p2a: Magearna\n|-resisted|p2a: Magearna\n|-damage|p2a: Magearna|71\/100 par\n|-boost|p1a: Serperior|spa|2\n|move|p2a: Magearna|Fleur Cannon|p1a: Serperior\n|-end|p1a: Serperior|Substitute\n|-unboost|p2a: Magearna|spa|2\n|\n|upkeep\n|turn|10\n|\n|t:|1699103344\n|move|p1a: Serperior|Substitute|p1a: Serperior\n|-start|p1a: Serperior|Substitute\n|-damage|p1a: Serperior|76\/100\n|move|p2a: Magearna|Heart Swap|p1a: Serperior\n|-swapboost|p2a: Magearna|p1a: Serperior|[from] move: Heart Swap\n|\n|-heal|p1a: Serperior|82\/100|[from] item: Leftovers\n|upkeep\n|turn|11\n|\n|t:|1699103351\n|move|p1a: Serperior|Leaf Storm|p2a: Magearna\n|-resisted|p2a: Magearna\n|-damage|p2a: Magearna|56\/100 par\n|-boost|p1a: Serperior|spa|2\n|move|p2a: Magearna|Fleur Cannon|p1a: Serperior\n|-end|p1a: Serperior|Substitute\n|-unboost|p2a: Magearna|spa|2\n|\n|-heal|p1a: Serperior|88\/100|[from] item: Leftovers\n|upkeep\n|turn|12\n|\n|t:|1699103362\n|move|p1a: Serperior|Substitute|p1a: Serperior\n|-start|p1a: Serperior|Substitute\n|-damage|p1a: Serperior|63\/100\n|move|p2a: Magearna|Heart Swap|p1a: Serperior\n|-swapboost|p2a: Magearna|p1a: Serperior|[from] move: Heart Swap\n|\n|-heal|p1a: Serperior|69\/100|[from] item: Leftovers\n|upkeep\n|turn|13\n|\n|t:|1699103370\n|move|p1a: Serperior|Leaf Storm|p2a: Magearna|[miss]\n|-miss|p1a: Serperior|p2a: Magearna\n|move|p2a: Magearna|Fleur Cannon|p1a: Serperior\n|-end|p1a: Serperior|Substitute\n|-unboost|p2a: Magearna|spa|2\n|\n|-heal|p1a: Serperior|75\/100|[from] item: Leftovers\n|upkeep\n|turn|14\n|\n|t:|1699103379\n|move|p1a: Serperior|Substitute|p1a: Serperior\n|-start|p1a: Serperior|Substitute\n|-damage|p1a: Serperior|50\/100\n|cant|p2a: Magearna|par\n|\n|-heal|p1a: Serperior|56\/100|[from] item: Leftovers\n|upkeep\n|turn|15\n|\n|t:|1699103387\n|move|p1a: Serperior|Leaf Storm|p2a: Magearna|[miss]\n|-miss|p1a: Serperior|p2a: Magearna\n|move|p2a: Magearna|Heart Swap|p1a: Serperior\n|-swapboost|p2a: Magearna|p1a: Serperior|[from] move: Heart Swap\n|\n|-heal|p1a: Serperior|63\/100|[from] item: Leftovers\n|upkeep\n|turn|16\n|\n|t:|1699103395\n|move|p1a: Serperior|Hidden Power|p2a: Magearna\n|-resisted|p2a: Magearna\n|-damage|p2a: Magearna|51\/100 par\n|cant|p2a: Magearna|par\n|\n|-heal|p1a: Serperior|69\/100|[from] item: Leftovers\n|upkeep\n|turn|17\n|\n|t:|1699103403\n|move|p1a: Serperior|Hidden Power|p2a: Magearna\n|-resisted|p2a: Magearna\n|-damage|p2a: Magearna|47\/100 par\n|move|p2a: Magearna|Heal Bell|p2a: Magearna\n|-activate|p2a: Magearna|move: Heal Bell\n|-curestatus|p2a: Magearna|par|[msg]\n|\n|-heal|p1a: Serperior|75\/100|[from] item: Leftovers\n|upkeep\n|turn|18\n|\n|t:|1699103411\n|move|p1a: Serperior|Glare|p2a: Magearna\n|-status|p2a: Magearna|par\n|cant|p2a: Magearna|par\n|\n|-heal|p1a: Serperior|81\/100|[from] item: Leftovers\n|upkeep\n|turn|19\n|\n|t:|1699103418\n|move|p1a: Serperior|Hidden Power|p2a: Magearna\n|-resisted|p2a: Magearna\n|-damage|p2a: Magearna|42\/100 par\n|move|p2a: Magearna|Pain Split||[still]\n|-fail|p2a: Magearna\n|\n|-heal|p1a: Serperior|87\/100|[from] item: Leftovers\n|upkeep\n|turn|20\n|\n|t:|1699103427\n|move|p1a: Serperior|Hidden Power|p2a: Magearna\n|-resisted|p2a: Magearna\n|-damage|p2a: Magearna|38\/100 par\n|move|p2a: Magearna|Fleur Cannon|p1a: Serperior\n|-end|p1a: Serperior|Substitute\n|-unboost|p2a: Magearna|spa|2\n|\n|-heal|p1a: Serperior|93\/100|[from] item: Leftovers\n|upkeep\n|turn|21\n|\n|t:|1699103442\n|move|p1a: Serperior|Substitute|p1a: Serperior\n|-start|p1a: Serperior|Substitute\n|-damage|p1a: Serperior|68\/100\n|move|p2a: Magearna|Heart Swap|p1a: Serperior\n|-swapboost|p2a: Magearna|p1a: Serperior|[from] move: Heart Swap\n|\n|-heal|p1a: Serperior|75\/100|[from] item: Leftovers\n|upkeep\n|turn|22\n|\n|t:|1699103456\n|move|p1a: Serperior|Hidden Power|p2a: Magearna\n|-resisted|p2a: Magearna\n|-damage|p2a: Magearna|36\/100 par\n|move|p2a: Magearna|Pain Split||[still]\n|-fail|p2a: Magearna\n|\n|-heal|p1a: Serperior|81\/100|[from] item: Leftovers\n|upkeep\n|turn|23\n|\n|t:|1699103463\n|move|p1a: Serperior|Hidden Power|p2a: Magearna\n|-resisted|p2a: Magearna\n|-damage|p2a: Magearna|33\/100 par\n|move|p2a: Magearna|Pain Split||[still]\n|-fail|p2a: Magearna\n|\n|-heal|p1a: Serperior|87\/100|[from] item: Leftovers\n|upkeep\n|turn|24\n|\n|t:|1699103471\n|move|p1a: Serperior|Hidden Power|p2a: Magearna\n|-resisted|p2a: Magearna\n|-crit|p2a: Magearna\n|-damage|p2a: Magearna|27\/100 par\n|move|p2a: Magearna|Pain Split||[still]\n|-fail|p2a: Magearna\n|\n|-heal|p1a: Serperior|93\/100|[from] item: Leftovers\n|upkeep\n|turn|25\n|\n|t:|1699103481\n|move|p1a: Serperior|Hidden Power|p2a: Magearna\n|-resisted|p2a: Magearna\n|-damage|p2a: Magearna|25\/100 par\n|move|p2a: Magearna|Pain Split||[still]\n|-fail|p2a: Magearna\n|\n|-heal|p1a: Serperior|99\/100|[from] item: Leftovers\n|upkeep\n|turn|26\n|\n|t:|1699103490\n|move|p1a: Serperior|Hidden Power|p2a: Magearna\n|-resisted|p2a: Magearna\n|-damage|p2a: Magearna|22\/100 par\n|cant|p2a: Magearna|par\n|\n|-heal|p1a: Serperior|100\/100|[from] item: Leftovers\n|upkeep\n|turn|27\n|\n|t:|1699103497\n|move|p1a: Serperior|Hidden Power|p2a: Magearna\n|-resisted|p2a: Magearna\n|-damage|p2a: Magearna|20\/100 par\n|cant|p2a: Magearna|par\n|\n|upkeep\n|turn|28\n|\n|t:|1699103503\n|move|p1a: Serperior|Hidden Power|p2a: Magearna\n|-resisted|p2a: Magearna\n|-damage|p2a: Magearna|17\/100 par\n|move|p2a: Magearna|Pain Split||[still]\n|-fail|p2a: Magearna\n|\n|upkeep\n|turn|29\n|\n|t:|1699103510\n|move|p1a: Serperior|Hidden Power|p2a: Magearna\n|-resisted|p2a: Magearna\n|-damage|p2a: Magearna|15\/100 par\n|-zpower|p2a: Magearna\n|move|p2a: Magearna|Z-Heal Bell|p2a: Magearna|[anim]Heal Bell\n|-heal|p2a: Magearna|100\/100 par|[zeffect]\n|-activate|p2a: Magearna|move: Heal Bell\n|-curestatus|p2a: Magearna|par|[msg]\n|\n|upkeep\n|turn|30\n|\n|t:|1699103527\n|switch|p2a: Zygarde|Zygarde-Complete, shiny|54\/100\n|move|p1a: Serperior|Glare|p2a: Zygarde\n|-status|p2a: Zygarde|par\n|\n|-heal|p2a: Zygarde|60\/100 par|[from] item: Leftovers\n|upkeep\n|turn|31\n|\n|t:|1699103544\n|move|p1a: Serperior|Leaf Storm|p2a: Zygarde|[miss]\n|-miss|p1a: Serperior|p2a: Zygarde\n|move|p2a: Zygarde|Dragon Dance|p2a: Zygarde\n|-boost|p2a: Zygarde|atk|1\n|-boost|p2a: Zygarde|spe|1\n|\n|-heal|p2a: Zygarde|66\/100 par|[from] item: Leftovers\n|upkeep\n|turn|32\n|\n|t:|1699103556\n|switch|p1a: Arceus|Arceus, shiny|100\/100\n|move|p2a: Zygarde|Dragon Dance|p2a: Zygarde\n|-boost|p2a: Zygarde|atk|1\n|-boost|p2a: Zygarde|spe|1\n|\n|-heal|p2a: Zygarde|72\/100 par|[from] item: Leftovers\n|upkeep\n|turn|33\n|\n|t:|1699103563\n|move|p1a: Arceus|Reflect|p1a: Arceus\n|-sidestart|p1: Qishan|Reflect\n|move|p2a: Zygarde|Thousand Arrows|p1a: Arceus\n|-damage|p1a: Arceus|75\/100\n|\n|-heal|p2a: Zygarde|78\/100 par|[from] item: Leftovers\n|upkeep\n|turn|34\n|\n|t:|1699103570\n|move|p1a: Arceus|Light Screen|p1a: Arceus\n|-sidestart|p1: Qishan|move: Light Screen\n|cant|p2a: Zygarde|par\n|\n|-heal|p2a: Zygarde|84\/100 par|[from] item: Leftovers\n|upkeep\n|turn|35\n|\n|t:|1699103575\n|move|p1a: Arceus|Healing Wish|p1a: Arceus\n|faint|p1a: Arceus\n|move|p2a: Zygarde|Dragon Dance|p2a: Zygarde\n|-boost|p2a: Zygarde|atk|1\n|-boost|p2a: Zygarde|spe|1\n|\n|-heal|p2a: Zygarde|90\/100 par|[from] item: Leftovers\n|upkeep\n|\n|t:|1699103581\n|switch|p1a: Zygarde|Zygarde, shiny|100\/100\n|turn|36\n|\n|t:|1699103587\n|switch|p2a: Arceus|Arceus-Water|100\/100\n|move|p1a: Zygarde|Dragon Dance|p1a: Zygarde\n|-boost|p1a: Zygarde|atk|1\n|-boost|p1a: Zygarde|spe|1\n|\n|upkeep\n|turn|37\n|\n|t:|1699103595\n|move|p2a: Arceus|Toxic|p1a: Zygarde\n|-status|p1a: Zygarde|tox\n|move|p1a: Zygarde|Substitute|p1a: Zygarde\n|-start|p1a: Zygarde|Substitute\n|-damage|p1a: Zygarde|76\/100 tox\n|\n|-heal|p1a: Zygarde|82\/100 tox|[from] item: Leftovers\n|-damage|p1a: Zygarde|76\/100 tox|[from] psn\n|upkeep\n|turn|38\n|-message|Qishan forfeited.\n|\n|win|KurumiTokisakilove\n|raw|Qishan's rating: 1628 &rarr; <strong>1622<\/strong><br \/>(-6 for losing)\n|raw|KurumiTokisakilove's rating: 1941 &rarr; <strong>1947<\/strong><br \/>(+6 for winning)\n|l|\u2606Qishan\n|l|\u2606KurumiTokisakilove\n","uploadtime":1699103616,"views":13,"p1id":"qishan","p2id":"kurumitokisakilove","formatid":"gen9nationaldexubers","rating":1622,"private":0,"password":""}