{"id":"gen9nationaldexubers-1995481033","p1":"aquiles meo","p2":"dsawasd","format":"[Gen 9] National Dex Ubers","log":"|j|\u2606aquiles meo\n|j|\u2606dsawasd\n|t:|1700575553\n|gametype|singles\n|player|p1|aquiles meo|ethan|1126\n|player|p2|dsawasd|ninjaboy|1176\n|teamsize|p1|6\n|teamsize|p2|6\n|gen|9\n|tier|[Gen 9] National Dex Ubers\n|rated|\n|rule|HP Percentage Mod: HP is shown in percentages\n|rule|Endless Battle Clause: Forcing endless battles is banned\n|rule|OHKO Clause: OHKO moves are banned\n|rule|Evasion Moves Clause: Evasion moves are banned\n|rule|Evasion Items Clause: Evasion items are banned\n|rule|Species Clause: Limit one of each Pok\u00e9mon\n|rule|Sleep Clause Mod: Limit one foe put to sleep\n|rule|Mega Rayquaza Clause: You cannot mega evolve Rayquaza\n|clearpoke\n|poke|p1|Jirachi|\n|poke|p1|Ho-Oh|\n|poke|p1|Rayquaza|\n|poke|p1|Pidgeot, M|\n|poke|p1|Lucario, M|\n|poke|p1|Luxray, M|\n|poke|p2|Zoroark, F|\n|poke|p2|Iron Valiant|\n|poke|p2|Gardevoir, M|\n|poke|p2|Aegislash, F|\n|poke|p2|Nihilego|\n|poke|p2|Kommo-o, F|\n|teampreview\n|inactive|Battle timer is ON: inactive players will automatically lose when time's up. (requested by dsawasd)\n|\n|t:|1700575568\n|start\n|switch|p1a: Jirachi|Jirachi|100\/100\n|switch|p2a: Nihilego|Nihilego|100\/100\n|turn|1\n|\n|t:|1700575593\n|move|p2a: Nihilego|Thunder Wave|p1a: Jirachi\n|-status|p1a: Jirachi|par\n|move|p1a: Jirachi|Iron Head|p2a: Nihilego\n|-supereffective|p2a: Nihilego\n|-damage|p2a: Nihilego|1\/100\n|\n|-heal|p2a: Nihilego|7\/100|[from] item: Leftovers\n|upkeep\n|turn|2\n|\n|t:|1700575609\n|switch|p1a: Luxray|Luxray, M, shiny|100\/100\n|move|p2a: Nihilego|Stealth Rock|p1a: Luxray\n|-sidestart|p1: aquiles meo|move: Stealth Rock\n|\n|-heal|p2a: Nihilego|14\/100|[from] item: Leftovers\n|upkeep\n|turn|3\n|\n|t:|1700575621\n|move|p2a: Nihilego|Dazzling Gleam|p1a: Luxray\n|-damage|p1a: Luxray|67\/100\n|move|p1a: Luxray|Agility|p1a: Luxray\n|-boost|p1a: Luxray|spe|2\n|\n|-heal|p2a: Nihilego|20\/100|[from] item: Leftovers\n|upkeep\n|turn|4\n|\n|t:|1700575631\n|move|p1a: Luxray|Psychic Fangs|p2a: Nihilego\n|-supereffective|p2a: Nihilego\n|-damage|p2a: Nihilego|0 fnt\n|faint|p2a: Nihilego\n|\n|upkeep\n|\n|t:|1700575636\n|switch|p2a: Aegislash|Aegislash, F|100\/100\n|turn|5\n|\n|t:|1700575654\n|move|p1a: Luxray|Substitute|p1a: Luxray\n|-start|p1a: Luxray|Substitute\n|-damage|p1a: Luxray|42\/100\n|move|p2a: Aegislash|Swords Dance|p2a: Aegislash\n|-boost|p2a: Aegislash|atk|2\n|\n|upkeep\n|turn|6\n|\n|t:|1700575660\n|-zpower|p1a: Luxray\n|move|p1a: Luxray|Gigavolt Havoc|p2a: Aegislash|[zeffect]\n|-damage|p2a: Aegislash|27\/100\n|-formechange|p2a: Aegislash|Aegislash-Blade||[from] ability: Stance Change\n|move|p2a: Aegislash|Sacred Sword|p1a: Luxray\n|-end|p1a: Luxray|Substitute\n|\n|-heal|p2a: Aegislash|33\/100|[from] item: Leftovers\n|upkeep\n|turn|7\n|\n|t:|1700575672\n|move|p2a: Aegislash|Shadow Sneak|p1a: Luxray\n|-damage|p1a: Luxray|0 fnt\n|faint|p1a: Luxray\n|\n|-heal|p2a: Aegislash|39\/100|[from] item: Leftovers\n|upkeep\n|\n|t:|1700575684\n|switch|p1a: Ho-Oh|Ho-Oh|100\/100\n|turn|8\n|\n|t:|1700575691\n|-formechange|p2a: Aegislash|Aegislash||[from] ability: Stance Change\n|move|p2a: Aegislash|King's Shield|p2a: Aegislash\n|-singleturn|p2a: Aegislash|Protect\n|move|p1a: Ho-Oh|Sacred Fire|p2a: Aegislash\n|-activate|p2a: Aegislash|move: Protect\n|\n|-heal|p2a: Aegislash|45\/100|[from] item: Leftovers\n|upkeep\n|turn|9\n|\n|t:|1700575701\n|-formechange|p2a: Aegislash|Aegislash-Blade||[from] ability: Stance Change\n|move|p2a: Aegislash|Shadow Sneak|p1a: Ho-Oh\n|-damage|p1a: Ho-Oh|53\/100\n|move|p1a: Ho-Oh|Burn Up|p2a: Aegislash\n|-supereffective|p2a: Aegislash\n|-damage|p2a: Aegislash|0 fnt\n|-start|p1a: Ho-Oh|typechange|???\/Flying|[from] move: Burn Up\n|faint|p2a: Aegislash\n|\n|upkeep\n|\n|t:|1700575720\n|switch|p2a: Iron Valiant|Iron Valiant|100\/100\n|turn|10\n|inactive|aquiles meo has 120 seconds left.\n|\n|t:|1700575758\n|move|p2a: Iron Valiant|Thunder Punch|p1a: Ho-Oh\n|-supereffective|p1a: Ho-Oh\n|-damage|p1a: Ho-Oh|0 fnt\n|faint|p1a: Ho-Oh\n|\n|upkeep\n|\n|t:|1700575770\n|switch|p1a: Rayquaza|Rayquaza|100\/100\n|-damage|p1a: Rayquaza|75\/100|[from] Stealth Rock\n|-ability|p1a: Rayquaza|Air Lock\n|turn|11\n|\n|t:|1700575783\n|move|p2a: Iron Valiant|Ice Punch|p1a: Rayquaza\n|-supereffective|p1a: Rayquaza\n|-damage|p1a: Rayquaza|0 fnt\n|faint|p1a: Rayquaza\n|\n|upkeep\n|\n|t:|1700575799\n|switch|p1a: Jirachi|Jirachi|100\/100 par\n|-damage|p1a: Jirachi|94\/100 par|[from] Stealth Rock\n|turn|12\n|\n|t:|1700575803\n|move|p2a: Iron Valiant|Fire Punch|p1a: Jirachi\n|-supereffective|p1a: Jirachi\n|-crit|p1a: Jirachi\n|-damage|p1a: Jirachi|1\/100 par\n|move|p1a: Jirachi|Doom Desire|p2a: Iron Valiant\n|-start|p1a: Jirachi|Doom Desire\n|\n|upkeep\n|turn|13\n|\n|t:|1700575819\n|switch|p1a: Pidgeot|Pidgeot, M|100\/100\n|-damage|p1a: Pidgeot|76\/100|[from] Stealth Rock\n|move|p2a: Iron Valiant|Fire Punch|p1a: Pidgeot\n|-damage|p1a: Pidgeot|43\/100\n|\n|upkeep\n|turn|14\n|\n|t:|1700575828\n|move|p2a: Iron Valiant|Thunder Punch|p1a: Pidgeot\n|-supereffective|p1a: Pidgeot\n|-damage|p1a: Pidgeot|0 fnt\n|faint|p1a: Pidgeot\n|\n|-end|p2a: Iron Valiant|move: Doom Desire\n|-supereffective|p2a: Iron Valiant\n|-damage|p2a: Iron Valiant|0 fnt\n|faint|p2a: Iron Valiant\n|-end|p2a: Iron Valiant|Quark Drive|[silent]\n|upkeep\n|\n|t:|1700575838\n|switch|p2a: Gardevoir|Gardevoir, M, shiny|100\/100\n|switch|p1a: Jirachi|Jirachi|1\/100 par\n|-damage|p1a: Jirachi|0 fnt|[from] Stealth Rock\n|faint|p1a: Jirachi\n|\n|t:|1700575843\n|switch|p1a: Lucario|Lucario, M, shiny|100\/100\n|-damage|p1a: Lucario|97\/100|[from] Stealth Rock\n|turn|15\n|inactive|aquiles meo has 120 seconds left.\n|\n|t:|1700575851\n|detailschange|p1a: Lucario|Lucario-Mega, M, shiny\n|-mega|p1a: Lucario|Lucario|Lucarionite\n|move|p1a: Lucario|Bullet Punch|p2a: Gardevoir\n|-damage|p2a: Gardevoir|41\/100\n|replace|p2a: Zoroark|Zoroark, F, shiny\n|-end|p2a: Zoroark|Illusion\n|move|p2a: Zoroark|Flamethrower|p1a: Lucario\n|-supereffective|p1a: Lucario\n|-damage|p1a: Lucario|13\/100\n|\n|upkeep\n|turn|16\n|inactive|aquiles meo has 120 seconds left.\n|\n|t:|1700575869\n|move|p1a: Lucario|Bullet Punch|p2a: Zoroark\n|-damage|p2a: Zoroark|0 fnt\n|faint|p2a: Zoroark\n|\n|upkeep\n|\n|t:|1700575876\n|switch|p2a: Kommo-o|Kommo-o, F|100\/100\n|turn|17\n|inactive|aquiles meo has 120 seconds left.\n|\n|t:|1700575906\n|move|p1a: Lucario|Aura Sphere|p2a: Kommo-o\n|-immune|p2a: Kommo-o|[from] ability: Bulletproof\n|-zpower|p2a: Kommo-o\n|move|p2a: Kommo-o|Clangorous Soulblaze|p1a: Lucario|[zeffect]\n|-resisted|p1a: Lucario\n|-damage|p1a: Lucario|0 fnt\n|faint|p1a: Lucario\n|\n|win|dsawasd\n|raw|aquiles meo's rating: 1126 &rarr; <strong>1105<\/strong><br \/>(-21 for losing)\n|raw|dsawasd's rating: 1176 &rarr; <strong>1197<\/strong><br \/>(+21 for winning)\n|l|\u2606dsawasd\n","uploadtime":1700575929,"views":0,"p1id":"aquilesmeo","p2id":"dsawasd","formatid":"gen9nationaldexubers","rating":1105,"private":0,"password":""}