{"id":"gen9nationaldexubers-1979374070","p1":"BhEgDragon","p2":"lugtando","format":"[Gen 9] National Dex Ubers","log":"|j|\u2606BhEgDragon\n|j|\u2606lugtando\n|t:|1698677585\n|gametype|singles\n|player|p1|BhEgDragon|cynthia-gen4|1054\n|player|p2|lugtando|az|1143\n|teamsize|p1|6\n|teamsize|p2|6\n|gen|9\n|tier|[Gen 9] National Dex Ubers\n|rated|\n|rule|HP Percentage Mod: HP is shown in percentages\n|rule|Endless Battle Clause: Forcing endless battles is banned\n|rule|OHKO Clause: OHKO moves are banned\n|rule|Evasion Moves Clause: Evasion moves are banned\n|rule|Evasion Items Clause: Evasion items are banned\n|rule|Species Clause: Limit one of each Pok\u00e9mon\n|rule|Sleep Clause Mod: Limit one foe put to sleep\n|rule|Mega Rayquaza Clause: You cannot mega evolve Rayquaza\n|clearpoke\n|poke|p1|Breloom, M|\n|poke|p1|Scizor, M|\n|poke|p1|Rillaboom, M|\n|poke|p1|Wailord, F|\n|poke|p1|Arceus|\n|poke|p1|Grimmsnarl, M|\n|poke|p2|Gliscor, F|\n|poke|p2|Vileplume, F|\n|poke|p2|Hitmontop, M|\n|poke|p2|Porygon2|\n|poke|p2|Slaking, F|\n|poke|p2|Krookodile, F|\n|teampreview\n|inactive|Battle timer is ON: inactive players will automatically lose when time's up. (requested by BhEgDragon)\n|\n|t:|1698677601\n|start\n|switch|p1a: SenteApress\u00e3o|Rillaboom, M|100\/100\n|switch|p2a: Slaking|Slaking, F|100\/100\n|-fieldstart|move: Grassy Terrain|[from] ability: Grassy Surge|[of] p1a: SenteApress\u00e3o\n|turn|1\n|c|\u2606lugtando|engra\u00e7ado\n|\n|t:|1698677616\n|switch|p1a: Sim|Grimmsnarl, M|100\/100\n|move|p2a: Slaking|Fire Blast|p1a: Sim\n|-damage|p1a: Sim|78\/100\n|-status|p1a: Sim|brn\n|-damage|p2a: Slaking|91\/100|[from] item: Life Orb\n|\n|-heal|p2a: Slaking|97\/100|[from] Grassy Terrain\n|-heal|p1a: Sim|84\/100 brn|[from] Grassy Terrain\n|-damage|p1a: Sim|78\/100 brn|[from] brn\n|upkeep\n|turn|2\n|\n|t:|1698677628\n|move|p1a: Sim|Reflect|p1a: Sim\n|-sidestart|p1: BhEgDragon|Reflect\n|cant|p2a: Slaking|ability: Truant\n|\n|-heal|p2a: Slaking|100\/100|[from] Grassy Terrain\n|-heal|p1a: Sim|84\/100 brn|[from] Grassy Terrain\n|-damage|p1a: Sim|78\/100 brn|[from] brn\n|upkeep\n|turn|3\n|\n|t:|1698677645\n|move|p1a: Sim|Light Screen|p1a: Sim\n|-sidestart|p1: BhEgDragon|move: Light Screen\n|move|p2a: Slaking|Giga Impact|p1a: Sim\n|-damage|p1a: Sim|10\/100 brn\n|-mustrecharge|p2a: Slaking\n|-damage|p2a: Slaking|91\/100|[from] item: Life Orb\n|\n|-heal|p2a: Slaking|97\/100|[from] Grassy Terrain\n|-heal|p1a: Sim|17\/100 brn|[from] Grassy Terrain\n|-damage|p1a: Sim|10\/100 brn|[from] brn\n|upkeep\n|turn|4\n|\n|t:|1698677658\n|cant|p2a: Slaking|recharge\n|move|p1a: Sim|Spirit Break|p2a: Slaking\n|-damage|p2a: Slaking|84\/100\n|-unboost|p2a: Slaking|spa|1\n|\n|-heal|p2a: Slaking|91\/100|[from] Grassy Terrain\n|-heal|p1a: Sim|17\/100 brn|[from] Grassy Terrain\n|-damage|p1a: Sim|10\/100 brn|[from] brn\n|upkeep\n|turn|5\n|\n|t:|1698677669\n|switch|p1a: \u00c9oMetralhas|Breloom, M|100\/100\n|move|p2a: Slaking|Return|p1a: \u00c9oMetralhas\n|-damage|p1a: \u00c9oMetralhas|32\/100\n|-damage|p2a: Slaking|81\/100|[from] item: Life Orb\n|\n|-heal|p2a: Slaking|87\/100|[from] Grassy Terrain\n|-heal|p1a: \u00c9oMetralhas|38\/100|[from] Grassy Terrain\n|-fieldend|move: Grassy Terrain\n|upkeep\n|turn|6\n|\n|t:|1698677689\n|cant|p2a: Slaking|ability: Truant\n|move|p1a: \u00c9oMetralhas|Spore|p2a: Slaking\n|-status|p2a: Slaking|slp|[from] move: Spore\n|\n|upkeep\n|turn|7\n|\n|t:|1698677694\n|cant|p2a: Slaking|slp\n|move|p1a: \u00c9oMetralhas|Swords Dance|p1a: \u00c9oMetralhas\n|-boost|p1a: \u00c9oMetralhas|atk|2\n|\n|upkeep\n|turn|8\n|\n|t:|1698677704\n|cant|p2a: Slaking|slp\n|move|p1a: \u00c9oMetralhas|Swords Dance|p1a: \u00c9oMetralhas\n|-boost|p1a: \u00c9oMetralhas|atk|2\n|\n|upkeep\n|turn|9\n|\n|t:|1698677716\n|cant|p2a: Slaking|slp\n|move|p1a: \u00c9oMetralhas|Spore|p2a: Slaking\n|-fail|p2a: Slaking|slp\n|\n|-sideend|p1: BhEgDragon|Reflect\n|upkeep\n|turn|10\n|\n|t:|1698677721\n|-curestatus|p2a: Slaking|slp|[msg]\n|move|p2a: Slaking|Return|p1a: \u00c9oMetralhas\n|-damage|p1a: \u00c9oMetralhas|0 fnt\n|faint|p1a: \u00c9oMetralhas\n|-damage|p2a: Slaking|77\/100|[from] item: Life Orb\n|\n|-sideend|p1: BhEgDragon|move: Light Screen\n|upkeep\n|c|\u2606lugtando|metralhas foi de valas\n|\n|t:|1698677735\n|switch|p1a: Arceus|Arceus|100\/100\n|turn|11\n|\n|t:|1698677759\n|move|p1a: Arceus|Swords Dance|p1a: Arceus\n|-boost|p1a: Arceus|atk|2\n|cant|p2a: Slaking|ability: Truant\n|\n|upkeep\n|turn|12\n|\n|t:|1698677765\n|move|p1a: Arceus|Swords Dance|p1a: Arceus\n|-boost|p1a: Arceus|atk|2\n|move|p2a: Slaking|Giga Impact|p1a: Arceus\n|-damage|p1a: Arceus|12\/100\n|-mustrecharge|p2a: Slaking\n|-damage|p2a: Slaking|67\/100|[from] item: Life Orb\n|\n|upkeep\n|turn|13\n|\n|t:|1698677772\n|move|p1a: Arceus|Swords Dance|p1a: Arceus\n|-boost|p1a: Arceus|atk|2\n|cant|p2a: Slaking|recharge\n|\n|upkeep\n|turn|14\n|\n|t:|1698677777\n|move|p1a: Arceus|Extreme Speed|p2a: Slaking\n|-damage|p2a: Slaking|0 fnt\n|faint|p2a: Slaking\n|\n|upkeep\n|inactive|lugtando has 120 seconds left.\n|inactive|lugtando has 90 seconds left.\n|\n|t:|1698677857\n|switch|p2a: Gliscor|Gliscor, F|100\/100\n|turn|15\n|\n|t:|1698677862\n|move|p1a: Arceus|Extreme Speed|p2a: Gliscor\n|-damage|p2a: Gliscor|0 fnt\n|faint|p2a: Gliscor\n|\n|upkeep\n|\n|t:|1698677866\n|switch|p2a: Vileplume|Vileplume, F|100\/100\n|turn|16\n|inactive|lugtando has 90 seconds left.\n|\n|t:|1698677878\n|move|p1a: Arceus|Extreme Speed|p2a: Vileplume\n|-damage|p2a: Vileplume|0 fnt\n|faint|p2a: Vileplume\n|\n|upkeep\n|\n|t:|1698677882\n|switch|p2a: Porygon2|Porygon2|100\/100\n|turn|17\n|c|\u2606BhEgDragon|my atack are 1464 bro, although you have focus sash it's over\n|\n|t:|1698677900\n|move|p1a: Arceus|Extreme Speed|p2a: Porygon2\n|-damage|p2a: Porygon2|7\/100\n|move|p2a: Porygon2|Ice Beam|p1a: Arceus\n|-damage|p1a: Arceus|0 fnt\n|faint|p1a: Arceus\n|\n|upkeep\n|c|\u2606lugtando|LOOOOL\n|c|\u2606BhEgDragon|kkkkkkkkkkkkkkkkk\n|c|\u2606BhEgDragon|LOOOOOOOOOOOOOOOOOOOOL\n|c|\u2606lugtando|mano\n|\n|t:|1698677916\n|switch|p1a: SenteApress\u00e3o|Rillaboom, M|100\/100\n|-fieldstart|move: Grassy Terrain|[from] ability: Grassy Surge|[of] p2a: Porygon2\n|-ability|p2a: Porygon2|Grassy Surge|[from] ability: Trace|[of] p1a: SenteApress\u00e3o\n|turn|18\n|c|\u2606lugtando|q porcaria foi essa\n|\n|t:|1698677927\n|move|p1a: SenteApress\u00e3o|Swords Dance|p1a: SenteApress\u00e3o\n|-boost|p1a: SenteApress\u00e3o|atk|2\n|move|p2a: Porygon2|Foul Play|p1a: SenteApress\u00e3o\n|-damage|p1a: SenteApress\u00e3o|38\/100\n|\n|-heal|p1a: SenteApress\u00e3o|45\/100|[from] Grassy Terrain\n|-heal|p1a: SenteApress\u00e3o|51\/100|[from] item: Leftovers\n|-heal|p2a: Porygon2|13\/100|[from] Grassy Terrain\n|upkeep\n|turn|19\n|c|\u2606BhEgDragon|nem sei\n|c|\u2606BhEgDragon|como isso saiu vivo vei\n|\n|t:|1698677936\n|move|p1a: SenteApress\u00e3o|Grassy Glide|p2a: Porygon2\n|-damage|p2a: Porygon2|0 fnt\n|faint|p2a: Porygon2\n|\n|-heal|p1a: SenteApress\u00e3o|57\/100|[from] Grassy Terrain\n|-heal|p1a: SenteApress\u00e3o|63\/100|[from] item: Leftovers\n|upkeep\n|c|\u2606BhEgDragon|nem quem ganhar nem perder\n|c|\u2606lugtando|porigon 2 tem 414 de defesa\n|c|\u2606BhEgDragon|vai ganhar ou perder\n|\n|t:|1698677960\n|switch|p2a: Hitmontop|Hitmontop, M|100\/100\n|-ability|p2a: Hitmontop|Intimidate|boost\n|-unboost|p1a: SenteApress\u00e3o|atk|1\n|turn|20\n|c|\u2606BhEgDragon|vai todo mundo perder\n|c|\u2606BhEgDragon|mano\n|c|\u2606BhEgDragon|Arceus tava com silky skarf\n|c|\u2606BhEgDragon|e 1464 de ataque\n|c|\u2606BhEgDragon|usando Extreme speed\n|inactive|BhEgDragon has 120 seconds left.\n|c|\u2606BhEgDragon|que tem 80 de power\n|\n|t:|1698677996\n|move|p1a: SenteApress\u00e3o|Knock Off|p2a: Hitmontop\n|-resisted|p2a: Hitmontop\n|-damage|p2a: Hitmontop|79\/100\n|-enditem|p2a: Hitmontop|Leftovers|[from] move: Knock Off|[of] p1a: SenteApress\u00e3o\n|move|p2a: Hitmontop|Toxic|p1a: SenteApress\u00e3o\n|-status|p1a: SenteApress\u00e3o|tox\n|\n|-heal|p1a: SenteApress\u00e3o|70\/100 tox|[from] Grassy Terrain\n|-heal|p1a: SenteApress\u00e3o|76\/100 tox|[from] item: Leftovers\n|-heal|p2a: Hitmontop|86\/100|[from] Grassy Terrain\n|-damage|p1a: SenteApress\u00e3o|70\/100 tox|[from] psn\n|upkeep\n|turn|21\n|c|\u2606lugtando|+ o stab\n|inactive|BhEgDragon has 120 seconds left.\n|\n|t:|1698678009\n|move|p1a: SenteApress\u00e3o|Drain Punch|p2a: Hitmontop\n|-damage|p2a: Hitmontop|49\/100\n|-heal|p1a: SenteApress\u00e3o|84\/100 tox|[from] drain|[of] p2a: Hitmontop\n|move|p2a: Hitmontop|Close Combat|p1a: SenteApress\u00e3o\n|-damage|p1a: SenteApress\u00e3o|45\/100 tox\n|-unboost|p2a: Hitmontop|def|1\n|-unboost|p2a: Hitmontop|spd|1\n|\n|-heal|p1a: SenteApress\u00e3o|51\/100 tox|[from] Grassy Terrain\n|-heal|p1a: SenteApress\u00e3o|57\/100 tox|[from] item: Leftovers\n|-heal|p2a: Hitmontop|55\/100|[from] Grassy Terrain\n|-damage|p1a: SenteApress\u00e3o|45\/100 tox|[from] psn\n|upkeep\n|turn|22\n|inactive|BhEgDragon has 120 seconds left.\n|\n|t:|1698678025\n|move|p1a: SenteApress\u00e3o|Drain Punch|p2a: Hitmontop\n|-damage|p2a: Hitmontop|3\/100\n|-heal|p1a: SenteApress\u00e3o|65\/100 tox|[from] drain|[of] p2a: Hitmontop\n|move|p2a: Hitmontop|Close Combat|p1a: SenteApress\u00e3o\n|-damage|p1a: SenteApress\u00e3o|27\/100 tox\n|-unboost|p2a: Hitmontop|def|1\n|-unboost|p2a: Hitmontop|spd|1\n|\n|-heal|p1a: SenteApress\u00e3o|33\/100 tox|[from] Grassy Terrain\n|-heal|p1a: SenteApress\u00e3o|40\/100 tox|[from] item: Leftovers\n|-heal|p2a: Hitmontop|9\/100|[from] Grassy Terrain\n|-damage|p1a: SenteApress\u00e3o|21\/100 tox|[from] psn\n|-fieldend|move: Grassy Terrain\n|upkeep\n|turn|23\n|inactive|BhEgDragon has 120 seconds left.\n|\n|t:|1698678038\n|move|p1a: SenteApress\u00e3o|Drain Punch|p2a: Hitmontop\n|-damage|p2a: Hitmontop|0 fnt\n|-heal|p1a: SenteApress\u00e3o|24\/100 tox|[from] drain|[of] p2a: Hitmontop\n|faint|p2a: Hitmontop\n|\n|-heal|p1a: SenteApress\u00e3o|30\/100 tox|[from] item: Leftovers\n|-damage|p1a: SenteApress\u00e3o|5\/100 tox|[from] psn\n|upkeep\n|\n|t:|1698678043\n|switch|p2a: Krookodile|Krookodile, F|100\/100\n|turn|24\n|inactive|lugtando has 120 seconds left.\n|\n|t:|1698678048\n|move|p2a: Krookodile|Scale Shot|p1a: SenteApress\u00e3o\n|-damage|p1a: SenteApress\u00e3o|0 fnt\n|faint|p1a: SenteApress\u00e3o\n|-ability|p2a: Krookodile|Moxie|boost\n|-boost|p2a: Krookodile|atk|1\n|-hitcount|p1: SenteApress\u00e3o|1\n|-unboost|p2a: Krookodile|def|1\n|-boost|p2a: Krookodile|spe|1\n|\n|upkeep\n|\n|t:|1698678056\n|switch|p1a: Assalto|Scizor, M|100\/100\n|turn|25\n|\n|t:|1698678062\n|-terastallize|p1a: Assalto|Flying\n|move|p2a: Krookodile|Stone Edge|p1a: Assalto\n|-supereffective|p1a: Assalto\n|-damage|p1a: Assalto|0 fnt\n|faint|p1a: Assalto\n|-ability|p2a: Krookodile|Moxie|boost\n|-boost|p2a: Krookodile|atk|1\n|\n|upkeep\n|\n|t:|1698678070\n|switch|p1a: Sim|Grimmsnarl, M|10\/100 brn\n|turn|26\n|c|\u2606lugtando|\u00e9 vapo que n acaba mais\n|\n|t:|1698678079\n|move|p1a: Sim|Reflect|p1a: Sim\n|-sidestart|p1: BhEgDragon|Reflect\n|move|p2a: Krookodile|Earthquake|p1a: Sim\n|-damage|p1a: Sim|0 fnt\n|faint|p1a: Sim\n|-ability|p2a: Krookodile|Moxie|boost\n|-boost|p2a: Krookodile|atk|1\n|\n|upkeep\n|\n|t:|1698678086\n|switch|p1a: Leviathan|Wailord, F, shiny|100\/100\n|turn|27\n|c|\u2606lugtando|prankster maldito\n|\n|t:|1698678094\n|move|p2a: Krookodile|Knock Off|p1a: Leviathan\n|-damage|p1a: Leviathan|54\/100\n|-enditem|p1a: Leviathan|Leftovers|[from] move: Knock Off|[of] p2a: Krookodile\n|move|p1a: Leviathan|Aqua Ring|p1a: Leviathan\n|-start|p1a: Leviathan|Aqua Ring\n|\n|-heal|p1a: Leviathan|60\/100|[from] Aqua Ring\n|upkeep\n|turn|28\n|\n|t:|1698678104\n|move|p2a: Krookodile|Earthquake|p1a: Leviathan\n|-damage|p1a: Leviathan|9\/100\n|move|p1a: Leviathan|Toxic|p2a: Krookodile|[miss]\n|-miss|p1a: Leviathan|p2a: Krookodile\n|\n|-heal|p1a: Leviathan|15\/100|[from] Aqua Ring\n|upkeep\n|turn|29\n|c|\u2606lugtando|bom jogo\n|-message|BhEgDragon forfeited.\n|\n|win|lugtando\n|raw|BhEgDragon's rating: 1054 &rarr; <strong>1040<\/strong><br \/>(-14 for losing)\n|raw|lugtando's rating: 1143 &rarr; <strong>1162<\/strong><br \/>(+19 for winning)\n|l|\u2606BhEgDragon\n","uploadtime":1698678121,"views":6,"p1id":"bhegdragon","p2id":"lugtando","formatid":"gen9nationaldexubers","rating":1040,"private":0,"password":""}