{"id":"gen9nationaldexubers-1987373660","p1":"85792195wwww","p2":"kitmash","format":"[Gen 9] National Dex Ubers","log":"|j|\u260685792195wwww\n|j|\u2606kitmash\n|t:|1699583229\n|gametype|singles\n|player|p1|85792195wwww|mira|1421\n|player|p2|kitmash|101|1496\n|teamsize|p1|6\n|teamsize|p2|6\n|gen|9\n|tier|[Gen 9] National Dex Ubers\n|rated|\n|rule|HP Percentage Mod: HP is shown in percentages\n|rule|Endless Battle Clause: Forcing endless battles is banned\n|rule|OHKO Clause: OHKO moves are banned\n|rule|Evasion Moves Clause: Evasion moves are banned\n|rule|Evasion Items Clause: Evasion items are banned\n|rule|Species Clause: Limit one of each Pok\u00e9mon\n|rule|Sleep Clause Mod: Limit one foe put to sleep\n|rule|Mega Rayquaza Clause: You cannot mega evolve Rayquaza\n|clearpoke\n|poke|p1|Kyurem-Black|\n|poke|p1|Samurott-Hisui, M|\n|poke|p1|Gholdengo|\n|poke|p1|Groudon|\n|poke|p1|Arceus-Ground|\n|poke|p1|Ribombee, M|\n|poke|p2|Ursaluna-Bloodmoon, M|\n|poke|p2|Chi-Yu|\n|poke|p2|Salamence, F|\n|poke|p2|Arceus-Poison|\n|poke|p2|Lugia|\n|poke|p2|Zacian-*|\n|teampreview\n|\n|t:|1699583251\n|start\n|switch|p1a: Ribombee|Ribombee, M|100\/100\n|switch|p2a: Lugia|Lugia|100\/100\n|turn|1\n|\n|t:|1699583258\n|move|p1a: Ribombee|Stun Spore|p2a: Lugia|[miss]\n|-miss|p1a: Ribombee|p2a: Lugia\n|move|p2a: Lugia|Aeroblast|p1a: Ribombee\n|-supereffective|p1a: Ribombee\n|-enditem|p1a: Ribombee|Focus Sash\n|-damage|p1a: Ribombee|1\/100\n|\n|upkeep\n|turn|2\n|\n|t:|1699583267\n|move|p1a: Ribombee|Sticky Web|p2a: Lugia\n|-sidestart|p2: kitmash|move: Sticky Web\n|move|p2a: Lugia|Aeroblast|p1a: Ribombee\n|-supereffective|p1a: Ribombee\n|-damage|p1a: Ribombee|0 fnt\n|faint|p1a: Ribombee\n|\n|upkeep\n|\n|t:|1699583275\n|switch|p1a: Samurott|Samurott-Hisui, M|100\/100\n|turn|3\n|\n|t:|1699583279\n|switch|p2a: Salamence|Salamence, F|100\/100\n|-ability|p2a: Salamence|Intimidate|boost\n|-unboost|p1a: Samurott|atk|1\n|move|p1a: Samurott|Encore||[still]\n|-fail|p1a: Samurott\n|\n|upkeep\n|turn|4\n|\n|t:|1699583287\n|detailschange|p2a: Salamence|Salamence-Mega, F\n|-mega|p2a: Salamence|Salamence|Salamencite\n|move|p2a: Salamence|Double-Edge|p1a: Samurott\n|-damage|p1a: Samurott|21\/100\n|-damage|p2a: Salamence|78\/100|[from] Recoil\n|move|p1a: Samurott|Ceaseless Edge|p2a: Salamence\n|-crit|p2a: Salamence\n|-damage|p2a: Salamence|38\/100\n|-sidestart|p2: kitmash|Spikes\n|\n|upkeep\n|turn|5\n|\n|t:|1699583298\n|move|p2a: Salamence|Defog|p1a: Samurott\n|-unboost|p1a: Samurott|evasion|1\n|-sideend|p2: kitmash|Spikes|[from] move: Defog|[of] p2a: Salamence\n|-sideend|p2: kitmash|Sticky Web|[from] move: Defog|[of] p2a: Salamence\n|move|p1a: Samurott|Encore|p2a: Salamence\n|-start|p2a: Salamence|Encore\n|\n|upkeep\n|turn|6\n|\n|t:|1699583307\n|switch|p2a: Ursaluna|Ursaluna-Bloodmoon, M|100\/100\n|move|p1a: Samurott|Ceaseless Edge|p2a: Ursaluna\n|-damage|p2a: Ursaluna|78\/100\n|-sidestart|p2: kitmash|Spikes\n|\n|upkeep\n|turn|7\n|\n|t:|1699583314\n|move|p2a: Ursaluna|Vacuum Wave|p1a: Samurott\n|-supereffective|p1a: Samurott\n|-damage|p1a: Samurott|0 fnt\n|faint|p1a: Samurott\n|\n|upkeep\n|\n|t:|1699583321\n|switch|p1a: Kyurem|Kyurem-Black|100\/100\n|-ability|p1a: Kyurem|Teravolt\n|turn|8\n|\n|t:|1699583326\n|-terastallize|p2a: Ursaluna|Fighting\n|move|p2a: Ursaluna|Vacuum Wave|p1a: Kyurem\n|-supereffective|p1a: Kyurem\n|-damage|p1a: Kyurem|32\/100\n|move|p1a: Kyurem|Dragon Dance|p1a: Kyurem\n|-boost|p1a: Kyurem|atk|1\n|-boost|p1a: Kyurem|spe|1\n|\n|upkeep\n|turn|9\n|\n|t:|1699583339\n|-terastallize|p1a: Kyurem|Electric\n|move|p2a: Ursaluna|Vacuum Wave|p1a: Kyurem\n|-crit|p1a: Kyurem\n|-damage|p1a: Kyurem|0 fnt\n|faint|p1a: Kyurem\n|\n|upkeep\n|\n|t:|1699583357\n|switch|p1a: Groudon|Groudon|100\/100\n|detailschange|p1a: Groudon|Groudon-Primal\n|-primal|p1a: Groudon|Red Orb\n|-weather|DesolateLand|[from] ability: Desolate Land|[of] p1a: Groudon\n|turn|10\n|\n|t:|1699583366\n|switch|p2a: Salamence|Salamence-Mega, F|38\/100\n|move|p1a: Groudon|Eruption|p2a: Salamence\n|-resisted|p2a: Salamence\n|-damage|p2a: Salamence|0 fnt\n|faint|p2a: Salamence\n|\n|-weather|DesolateLand|[upkeep]\n|upkeep\n|\n|t:|1699583388\n|switch|p2a: Chi-Yu|Chi-Yu|100\/100\n|-damage|p2a: Chi-Yu|88\/100|[from] Spikes\n|-ability|p2a: Chi-Yu|Beads of Ruin\n|turn|11\n|\n|t:|1699583395\n|move|p2a: Chi-Yu|Dark Pulse|p1a: Groudon\n|-damage|p1a: Groudon|0 fnt\n|faint|p1a: Groudon\n|-weather|none\n|\n|upkeep\n|\n|t:|1699583401\n|switch|p1a: Arceus|Arceus-Ground|100\/100\n|turn|12\n|\n|t:|1699583406\n|switch|p2a: Lugia|Lugia|100\/100\n|move|p1a: Arceus|Earthquake|p2a: Lugia\n|-immune|p2a: Lugia\n|\n|upkeep\n|turn|13\n|\n|t:|1699583413\n|switch|p1a: Gholdengo|Gholdengo|100\/100\n|-item|p1a: Gholdengo|Air Balloon\n|move|p2a: Lugia|Toxic|p1a: Gholdengo\n|-immune|p1a: Gholdengo|[from] ability: Good as Gold\n|\n|upkeep\n|turn|14\n|\n|t:|1699583438\n|switch|p1a: Arceus|Arceus-Ground|100\/100\n|switch|p2a: Chi-Yu|Chi-Yu|88\/100\n|-damage|p2a: Chi-Yu|76\/100|[from] Spikes\n|-ability|p2a: Chi-Yu|Beads of Ruin\n|\n|upkeep\n|turn|15\n|\n|t:|1699583451\n|move|p1a: Arceus|Swords Dance|p1a: Arceus\n|-boost|p1a: Arceus|atk|2\n|move|p2a: Chi-Yu|Overheat|p1a: Arceus\n|-damage|p1a: Arceus|0 fnt\n|-unboost|p2a: Chi-Yu|spa|2\n|faint|p1a: Arceus\n|\n|upkeep\n|-message|85792195wwww forfeited.\n|\n|win|kitmash\n|raw|85792195wwww's rating: 1421 &rarr; <strong>1405<\/strong><br \/>(-16 for losing)\n|raw|kitmash's rating: 1496 &rarr; <strong>1512<\/strong><br \/>(+16 for winning)\n|l|\u260685792195wwww\n|l|\u2606kitmash\n","uploadtime":1699583468,"views":15,"p1id":"85792195wwww","p2id":"kitmash","formatid":"gen9nationaldexubers","rating":1405,"private":0,"password":""}