{"id":"gen9nationaldexubers-1990037859","p1":"Sc4rletQu33n","p2":"Extra Numb","format":"[Gen 9] National Dex Ubers","log":"|j|\u2606Sc4rletQu33n\n|j|\u2606Extra Numb\n|t:|1699917873\n|gametype|singles\n|player|p1|Sc4rletQu33n|cynthia-gen4|\n|player|p2|Extra Numb|maid|\n|teamsize|p1|6\n|teamsize|p2|6\n|gen|9\n|tier|[Gen 9] National Dex Ubers\n|rule|HP Percentage Mod: HP is shown in percentages\n|rule|Endless Battle Clause: Forcing endless battles is banned\n|rule|OHKO Clause: OHKO moves are banned\n|rule|Evasion Moves Clause: Evasion moves are banned\n|rule|Evasion Items Clause: Evasion items are banned\n|rule|Species Clause: Limit one of each Pok\u00e9mon\n|rule|Sleep Clause Mod: Limit one foe put to sleep\n|rule|Mega Rayquaza Clause: You cannot mega evolve Rayquaza\n|clearpoke\n|poke|p1|Clodsire, L28, M|\n|poke|p1|Sneasler, L28, M|\n|poke|p1|Crobat, L28, M|\n|poke|p1|Roserade, L28, F|\n|poke|p1|Venomoth, L28, F|\n|poke|p1|Grafaiai, L28, F|\n|poke|p2|Lucario, L28, F|\n|poke|p2|Ribombee, L28, F|\n|poke|p2|Arcanine, L28, M|\n|poke|p2|Gengar, L28, M|\n|poke|p2|Lilligant, L28, F|\n|poke|p2|Clefable, L28, M|\n|teampreview\n|\n|t:|1699917890\n|start\n|switch|p1a: Grafaiai|Grafaiai, L28, F|100\/100\n|switch|p2a: Clefable|Clefable, L28, M|100\/100\n|turn|1\n|\n|t:|1699917897\n|-terastallize|p2a: Clefable|Steel\n|move|p1a: Grafaiai|Switcheroo|p2a: Clefable\n|-activate|p1a: Grafaiai|move: Trick|[of] p2a: Clefable\n|-item|p2a: Clefable|Iron Ball|[from] move: Switcheroo\n|-item|p1a: Grafaiai|Leftovers|[from] move: Switcheroo\n|move|p2a: Clefable|Stealth Rock|p1a: Grafaiai\n|-sidestart|p1: Sc4rletQu33n|move: Stealth Rock\n|\n|upkeep\n|turn|2\n|\n|t:|1699917908\n|move|p1a: Grafaiai|Encore|p2a: Clefable\n|-start|p2a: Clefable|Encore\n|move|p2a: Clefable|Stealth Rock||[still]\n|-fail|p2a: Clefable\n|\n|upkeep\n|turn|3\n|\n|t:|1699917928\n|switch|p2a: Lucario|Lucario, L28, F, shiny|100\/100\n|move|p1a: Grafaiai|Knock Off|p2a: Lucario\n|-resisted|p2a: Lucario\n|-damage|p2a: Lucario|77\/100\n|-enditem|p2a: Lucario|Life Orb|[from] move: Knock Off|[of] p1a: Grafaiai\n|\n|upkeep\n|turn|4\n|\n|t:|1699917943\n|move|p1a: Grafaiai|Knock Off|p2a: Lucario\n|-resisted|p2a: Lucario\n|-damage|p2a: Lucario|62\/100\n|move|p2a: Lucario|Earthquake|p1a: Grafaiai\n|-supereffective|p1a: Grafaiai\n|-damage|p1a: Grafaiai|0 fnt\n|faint|p1a: Grafaiai\n|\n|upkeep\n|\n|t:|1699917948\n|switch|p1a: Crobat|Crobat, L28, M|100\/100\n|-damage|p1a: Crobat|76\/100|[from] Stealth Rock\n|turn|5\n|\n|t:|1699917967\n|switch|p2a: Arcanine|Arcanine, L28, M, shiny|100\/100\n|-ability|p2a: Arcanine|Intimidate|boost\n|-unboost|p1a: Crobat|atk|1\n|move|p1a: Crobat|Dual Wingbeat|p2a: Arcanine\n|-damage|p2a: Arcanine|87\/100\n|-damage|p1a: Crobat|60\/100|[from] item: Rocky Helmet|[of] p2a: Arcanine\n|-damage|p2a: Arcanine|76\/100\n|-damage|p1a: Crobat|44\/100|[from] item: Rocky Helmet|[of] p2a: Arcanine\n|-hitcount|p2a: Arcanine|2\n|\n|upkeep\n|turn|6\n|\n|t:|1699917978\n|move|p2a: Arcanine|Extreme Speed|p1a: Crobat\n|-damage|p1a: Crobat|9\/100\n|move|p1a: Crobat|U-turn|p2a: Arcanine\n|-resisted|p2a: Arcanine\n|-damage|p2a: Arcanine|69\/100\n|-damage|p1a: Crobat|0 fnt|[from] item: Rocky Helmet|[of] p2a: Arcanine\n|faint|p1a: Crobat\n|\n|upkeep\n|\n|t:|1699917987\n|switch|p1a: Sneasler|Sneasler, L28, M, shiny|100\/100\n|-damage|p1a: Sneasler|95\/100|[from] Stealth Rock\n|turn|7\n|\n|t:|1699917995\n|switch|p2a: Gengar|Gengar, L28, M|100\/100\n|move|p1a: Sneasler|Dire Claw|p2a: Gengar\n|-resisted|p2a: Gengar\n|-damage|p2a: Gengar|72\/100\n|\n|upkeep\n|turn|8\n|\n|t:|1699918004\n|move|p1a: Sneasler|Dire Claw|p2a: Gengar\n|-resisted|p2a: Gengar\n|-damage|p2a: Gengar|40\/100\n|move|p2a: Gengar|Encore|p1a: Sneasler\n|-start|p1a: Sneasler|Encore\n|\n|upkeep\n|turn|9\n|\n|t:|1699918010\n|switch|p2a: Clefable|Clefable, L28, M, tera:Steel|100\/100\n|move|p1a: Sneasler|Dire Claw|p2a: Clefable\n|-immune|p2a: Clefable\n|\n|upkeep\n|turn|10\n|\n|t:|1699918020\n|switch|p1a: Clodsire|Clodsire, L28, M|100\/100\n|-damage|p1a: Clodsire|95\/100|[from] Stealth Rock\n|move|p2a: Clefable|Wish|p2a: Clefable\n|\n|-heal|p1a: Clodsire|100\/100|[from] item: Leftovers\n|upkeep\n|turn|11\n|\n|t:|1699918028\n|move|p1a: Clodsire|Yawn|p2a: Clefable\n|-start|p2a: Clefable|move: Yawn|[of] p1a: Clodsire\n|move|p2a: Clefable|Encore|p1a: Clodsire\n|-start|p1a: Clodsire|Encore\n|\n|upkeep\n|turn|12\n|\n|t:|1699918043\n|switch|p1a: Sneasler|Sneasler, L28, M, shiny|95\/100\n|-damage|p1a: Sneasler|90\/100|[from] Stealth Rock\n|switch|p2a: Ribombee|Ribombee, L28, F, shiny|100\/100\n|\n|upkeep\n|turn|13\n|\n|t:|1699918054\n|move|p2a: Ribombee|Stun Spore|p1a: Sneasler\n|-status|p1a: Sneasler|par\n|move|p1a: Sneasler|Dire Claw|p2a: Ribombee\n|-supereffective|p2a: Ribombee\n|-damage|p2a: Ribombee|0 fnt\n|faint|p2a: Ribombee\n|\n|upkeep\n|\n|t:|1699918069\n|switch|p2a: Lucario|Lucario, L28, F, shiny|62\/100\n|turn|14\n|\n|t:|1699918075\n|switch|p1a: Clodsire|Clodsire, L28, M|100\/100\n|-damage|p1a: Clodsire|95\/100|[from] Stealth Rock\n|move|p2a: Lucario|Earthquake|p1a: Clodsire\n|-supereffective|p1a: Clodsire\n|-damage|p1a: Clodsire|22\/100\n|\n|-heal|p1a: Clodsire|28\/100|[from] item: Leftovers\n|upkeep\n|turn|15\n|\n|t:|1699918083\n|move|p2a: Lucario|Earthquake|p1a: Clodsire\n|-supereffective|p1a: Clodsire\n|-damage|p1a: Clodsire|0 fnt\n|faint|p1a: Clodsire\n|\n|upkeep\n|\n|t:|1699918085\n|switch|p1a: Roserade|Roserade, L28, F|100\/100\n|-damage|p1a: Roserade|88\/100|[from] Stealth Rock\n|turn|16\n|\n|t:|1699918096\n|move|p1a: Roserade|Sleep Powder|p2a: Lucario\n|-status|p2a: Lucario|slp|[from] move: Sleep Powder\n|cant|p2a: Lucario|slp\n|\n|upkeep\n|turn|17\n|\n|t:|1699918101\n|cant|p2a: Lucario|slp\n|move|p1a: Roserade|Dazzling Gleam|p2a: Lucario\n|-damage|p2a: Lucario|16\/100 slp\n|\n|upkeep\n|turn|18\n|\n|t:|1699918106\n|move|p1a: Roserade|Dazzling Gleam|p2a: Lucario\n|-damage|p2a: Lucario|0 fnt\n|faint|p2a: Lucario\n|\n|upkeep\n|\n|t:|1699918117\n|switch|p2a: Gengar|Gengar, L28, M|40\/100\n|turn|19\n|\n|t:|1699918126\n|move|p2a: Gengar|Encore|p1a: Roserade\n|-start|p1a: Roserade|Encore\n|move|p1a: Roserade|Dazzling Gleam|p2a: Gengar\n|-resisted|p2a: Gengar\n|-damage|p2a: Gengar|17\/100\n|\n|upkeep\n|turn|20\n|\n|t:|1699918131\n|move|p2a: Gengar|Shadow Ball|p1a: Roserade\n|-damage|p1a: Roserade|31\/100\n|-unboost|p1a: Roserade|spd|1\n|move|p1a: Roserade|Dazzling Gleam|p2a: Gengar\n|-resisted|p2a: Gengar\n|-damage|p2a: Gengar|0 fnt\n|faint|p2a: Gengar\n|\n|upkeep\n|\n|t:|1699918145\n|switch|p2a: Arcanine|Arcanine, L28, M, shiny|69\/100\n|-ability|p2a: Arcanine|Intimidate|boost\n|-unboost|p1a: Roserade|atk|1\n|turn|21\n|\n|t:|1699918159\n|move|p2a: Arcanine|Extreme Speed|p1a: Roserade\n|-damage|p1a: Roserade|0 fnt\n|faint|p1a: Roserade\n|\n|upkeep\n|\n|t:|1699918163\n|switch|p1a: Venomoth|Venomoth, L28, F|100\/100\n|-damage|p1a: Venomoth|76\/100|[from] Stealth Rock\n|turn|22\n|\n|t:|1699918170\n|move|p1a: Venomoth|Sleep Powder|p2a: Arcanine\n|-status|p2a: Arcanine|slp|[from] move: Sleep Powder\n|cant|p2a: Arcanine|slp\n|\n|upkeep\n|turn|23\n|\n|t:|1699918175\n|cant|p2a: Arcanine|slp\n|move|p1a: Venomoth|Quiver Dance|p1a: Venomoth\n|-boost|p1a: Venomoth|spa|1\n|-boost|p1a: Venomoth|spd|1\n|-boost|p1a: Venomoth|spe|1\n|\n|upkeep\n|turn|24\n|\n|t:|1699918180\n|cant|p2a: Arcanine|slp\n|move|p1a: Venomoth|Sludge Bomb|p2a: Arcanine\n|-damage|p2a: Arcanine|5\/100 slp\n|\n|upkeep\n|turn|25\n|\n|t:|1699918190\n|-curestatus|p2a: Arcanine|slp|[msg]\n|move|p2a: Arcanine|Extreme Speed|p1a: Venomoth\n|-damage|p1a: Venomoth|29\/100\n|move|p1a: Venomoth|Bug Buzz|p2a: Arcanine\n|-resisted|p2a: Arcanine\n|-damage|p2a: Arcanine|0 fnt\n|faint|p2a: Arcanine\n|\n|upkeep\n|\n|t:|1699918199\n|switch|p2a: Clefable|Clefable, L28, M, tera:Steel|100\/100\n|turn|26\n|\n|t:|1699918204\n|move|p1a: Venomoth|Sleep Powder|p2a: Clefable\n|-status|p2a: Clefable|slp|[from] move: Sleep Powder\n|cant|p2a: Clefable|slp\n|\n|upkeep\n|turn|27\n|\n|t:|1699918208\n|-terastallize|p1a: Venomoth|Bug\n|move|p1a: Venomoth|Bug Buzz|p2a: Clefable\n|-resisted|p2a: Clefable\n|-damage|p2a: Clefable|58\/100 slp\n|cant|p2a: Clefable|slp\n|\n|upkeep\n|turn|28\n|\n|t:|1699918214\n|move|p1a: Venomoth|Bug Buzz|p2a: Clefable\n|-resisted|p2a: Clefable\n|-damage|p2a: Clefable|17\/100 slp\n|-unboost|p2a: Clefable|spd|1\n|-curestatus|p2a: Clefable|slp|[msg]\n|move|p2a: Clefable|Moonblast|p1a: Venomoth\n|-damage|p1a: Venomoth|0 fnt\n|faint|p1a: Venomoth\n|\n|upkeep\n|\n|t:|1699918220\n|switch|p1a: Sneasler|Sneasler, L28, M, shiny|90\/100 par\n|-damage|p1a: Sneasler|84\/100 par|[from] Stealth Rock\n|turn|29\n|\n|t:|1699918227\n|move|p1a: Sneasler|Close Combat|p2a: Clefable\n|-supereffective|p2a: Clefable\n|-damage|p2a: Clefable|0 fnt\n|-unboost|p1a: Sneasler|def|1\n|-unboost|p1a: Sneasler|spd|1\n|faint|p2a: Clefable\n|\n|upkeep\n|\n|t:|1699918233\n|switch|p2a: Lilligant|Lilligant, L28, F, shiny|100\/100\n|turn|30\n|\n|t:|1699918238\n|move|p2a: Lilligant|Leech Seed|p1a: Sneasler|[miss]\n|-miss|p2a: Lilligant|p1a: Sneasler\n|move|p1a: Sneasler|Close Combat|p2a: Lilligant\n|-damage|p2a: Lilligant|3\/100\n|-unboost|p1a: Sneasler|def|1\n|-unboost|p1a: Sneasler|spd|1\n|-status|p2a: Lilligant|psn|[from] ability: Poison Touch|[of] p1a: Sneasler\n|\n|-heal|p2a: Lilligant|9\/100 psn|[from] item: Leftovers\n|-damage|p2a: Lilligant|0 fnt|[from] psn\n|faint|p2a: Lilligant\n|\n|win|Sc4rletQu33n\n|upkeep\n","uploadtime":1699918252,"views":7,"p1id":"sc4rletqu33n","p2id":"extranumb","formatid":"gen9nationaldexubers","rating":0,"private":0,"password":""}