{"id":"gen9nationaldexubers-1994615588","p1":"Grigachad","p2":"Bukumaaa","format":"[Gen 9] National Dex Ubers","log":"|j|\u2606Grigachad\n|j|\u2606Bukumaaa\n|t:|1700469818\n|gametype|singles\n|player|p1|Grigachad|supernerd|1158\n|player|p2|Bukumaaa|266|1155\n|teamsize|p1|6\n|teamsize|p2|6\n|gen|9\n|tier|[Gen 9] National Dex Ubers\n|rated|\n|rule|HP Percentage Mod: HP is shown in percentages\n|rule|Endless Battle Clause: Forcing endless battles is banned\n|rule|OHKO Clause: OHKO moves are banned\n|rule|Evasion Moves Clause: Evasion moves are banned\n|rule|Evasion Items Clause: Evasion items are banned\n|rule|Species Clause: Limit one of each Pok\u00e9mon\n|rule|Sleep Clause Mod: Limit one foe put to sleep\n|rule|Mega Rayquaza Clause: You cannot mega evolve Rayquaza\n|clearpoke\n|poke|p1|Cofagrigus, F|\n|poke|p1|Gyarados, F|\n|poke|p1|Pincurchin, M|\n|poke|p1|Iron Hands|\n|poke|p1|Xurkitree|\n|poke|p1|Galvantula, M|\n|poke|p2|Venusaur, F|\n|poke|p2|Zapdos|\n|poke|p2|Feraligatr, F|\n|poke|p2|Snorlax, M|\n|poke|p2|Dragonite, M|\n|poke|p2|Arcanine, F|\n|teampreview\n|inactive|Battle timer is ON: inactive players will automatically lose when time's up. (requested by Grigachad)\n|\n|t:|1700469834\n|start\n|switch|p1a: Pincurchin|Pincurchin, M, shiny|100\/100\n|switch|p2a: BIG BOI|Snorlax, M|100\/100\n|-fieldstart|move: Electric Terrain|[from] ability: Electric Surge|[of] p1a: Pincurchin\n|turn|1\n|inactive|Grigachad has 120 seconds left.\n|\n|t:|1700469865\n|move|p2a: BIG BOI|Body Slam|p1a: Pincurchin\n|-damage|p1a: Pincurchin|55\/100\n|move|p1a: Pincurchin|Thunder Wave|p2a: BIG BOI\n|-status|p2a: BIG BOI|par\n|\n|upkeep\n|turn|2\n|\n|t:|1700469874\n|move|p1a: Pincurchin|Rising Voltage|p2a: BIG BOI\n|-hint|Rising Voltage's BP doubled on grounded target.\n|-damage|p2a: BIG BOI|70\/100 par\n|move|p2a: BIG BOI|Earthquake|p1a: Pincurchin\n|-supereffective|p1a: Pincurchin\n|-damage|p1a: Pincurchin|0 fnt\n|faint|p1a: Pincurchin\n|\n|-heal|p2a: BIG BOI|76\/100 par|[from] item: Leftovers\n|upkeep\n|inactive|Grigachad has 120 seconds left.\n|\n|t:|1700469888\n|switch|p1a: Galvantula|Galvantula, M|100\/100\n|turn|3\n|\n|t:|1700469892\n|move|p1a: Galvantula|Sticky Web|p2a: BIG BOI\n|-sidestart|p2: Bukumaaa|move: Sticky Web\n|cant|p2a: BIG BOI|par\n|\n|-heal|p2a: BIG BOI|82\/100 par|[from] item: Leftovers\n|upkeep\n|turn|4\n|\n|t:|1700469899\n|move|p1a: Galvantula|Infestation|p2a: BIG BOI\n|-damage|p2a: BIG BOI|77\/100 par\n|-activate|p2a: BIG BOI|move: Infestation|[of] p1a: Galvantula\n|cant|p2a: BIG BOI|par\n|\n|-heal|p2a: BIG BOI|83\/100 par|[from] item: Leftovers\n|-damage|p2a: BIG BOI|70\/100 par|[from] move: Infestation|[partiallytrapped]\n|upkeep\n|turn|5\n|\n|t:|1700469908\n|move|p1a: Galvantula|Volt Switch|p2a: BIG BOI\n|-damage|p2a: BIG BOI|48\/100 par\n|\n|t:|1700469912\n|switch|p1a: Gyarados|Gyarados, F, shiny|100\/100|[from] Volt Switch\n|-ability|p1a: Gyarados|Intimidate|boost\n|-unboost|p2a: BIG BOI|atk|1\n|cant|p2a: BIG BOI|par\n|\n|-heal|p2a: BIG BOI|54\/100 par|[from] item: Leftovers\n|-end|p2a: BIG BOI|Infestation|[partiallytrapped]|[silent]\n|-fieldend|move: Electric Terrain\n|upkeep\n|turn|6\n|\n|t:|1700469927\n|switch|p2a: SHENRON|Dragonite, M, shiny|100\/100\n|detailschange|p1a: Gyarados|Gyarados-Mega, F, shiny\n|-mega|p1a: Gyarados|Gyarados|Gyaradosite\n|-ability|p1a: Gyarados|Mold Breaker\n|move|p1a: Gyarados|Dragon Dance|p1a: Gyarados\n|-boost|p1a: Gyarados|atk|1\n|-boost|p1a: Gyarados|spe|1\n|\n|upkeep\n|turn|7\n|\n|t:|1700469939\n|move|p1a: Gyarados|Scale Shot|p2a: SHENRON\n|-supereffective|p2a: SHENRON\n|-damage|p2a: SHENRON|64\/100\n|-supereffective|p2a: SHENRON\n|-damage|p2a: SHENRON|30\/100\n|-hitcount|p2a: SHENRON|2\n|-unboost|p1a: Gyarados|def|1\n|-boost|p1a: Gyarados|spe|1\n|move|p2a: SHENRON|Dragon Claw|p1a: Gyarados\n|-damage|p1a: Gyarados|40\/100\n|\n|-heal|p2a: SHENRON|36\/100|[from] item: Leftovers\n|upkeep\n|turn|8\n|\n|t:|1700469952\n|move|p2a: SHENRON|Extreme Speed|p1a: Gyarados\n|-damage|p1a: Gyarados|1\/100\n|move|p1a: Gyarados|Crunch|p2a: SHENRON\n|-damage|p2a: SHENRON|0 fnt\n|faint|p2a: SHENRON\n|\n|upkeep\n|\n|t:|1700469960\n|switch|p2a: NOBLE|Arcanine, F|100\/100\n|-activate|p2a: NOBLE|move: Sticky Web\n|-unboost|p2a: NOBLE|spe|1\n|-ability|p2a: NOBLE|Intimidate|boost\n|-unboost|p1a: Gyarados|atk|1\n|turn|9\n|\n|t:|1700469966\n|move|p2a: NOBLE|Extreme Speed|p1a: Gyarados\n|-damage|p1a: Gyarados|0 fnt\n|faint|p1a: Gyarados\n|\n|upkeep\n|\n|t:|1700469994\n|switch|p1a: Grigachad|Cofagrigus, F, shiny|100\/100\n|turn|10\n|\n|t:|1700470005\n|switch|p2a: BIG BOI|Snorlax, M|54\/100 par\n|-activate|p2a: BIG BOI|move: Sticky Web\n|-unboost|p2a: BIG BOI|spe|1\n|move|p1a: Grigachad|Toxic Spikes|p2a: BIG BOI\n|-sidestart|p2: Bukumaaa|move: Toxic Spikes\n|\n|-heal|p2a: BIG BOI|60\/100 par|[from] item: Leftovers\n|upkeep\n|turn|11\n|\n|t:|1700470014\n|move|p1a: Grigachad|Body Press|p2a: BIG BOI\n|-supereffective|p2a: BIG BOI\n|-damage|p2a: BIG BOI|4\/100 par\n|move|p2a: BIG BOI|Toxic|p1a: Grigachad\n|-status|p1a: Grigachad|tox\n|\n|-heal|p2a: BIG BOI|10\/100 par|[from] item: Leftovers\n|-damage|p1a: Grigachad|94\/100 tox|[from] psn\n|upkeep\n|turn|12\n|c|\u2606Grigachad|Get ready to be (not) swept\n|\n|t:|1700470032\n|move|p1a: Grigachad|Body Press|p2a: BIG BOI\n|-supereffective|p2a: BIG BOI\n|-damage|p2a: BIG BOI|0 fnt\n|faint|p2a: BIG BOI\n|\n|-heal|p1a: Grigachad|100\/100 tox|[from] item: Leftovers\n|-damage|p1a: Grigachad|88\/100 tox|[from] psn\n|upkeep\n|\n|t:|1700470042\n|switch|p2a: GRASSMAMBA|Venusaur, F|100\/100\n|-activate|p2a: GRASSMAMBA|move: Sticky Web\n|-unboost|p2a: GRASSMAMBA|spe|1\n|-sideend|p2: Bukumaaa|move: Toxic Spikes|[of] p2a: GRASSMAMBA\n|turn|13\n|\n|t:|1700470051\n|detailschange|p2a: GRASSMAMBA|Venusaur-Mega, F\n|-mega|p2a: GRASSMAMBA|Venusaur|Venusaurite\n|move|p2a: GRASSMAMBA|Leech Seed|p1a: Grigachad\n|-start|p1a: Grigachad|move: Leech Seed\n|move|p1a: Grigachad|Curse|p2a: GRASSMAMBA\n|-start|p2a: GRASSMAMBA|Curse|[of] p1a: Grigachad\n|-damage|p1a: Grigachad|38\/100 tox\n|\n|-heal|p1a: Grigachad|44\/100 tox|[from] item: Leftovers\n|-damage|p1a: Grigachad|32\/100 tox|[from] Leech Seed|[of] p2a: GRASSMAMBA\n|-damage|p1a: Grigachad|13\/100 tox|[from] psn\n|-damage|p2a: GRASSMAMBA|76\/100|[from] Curse\n|upkeep\n|turn|14\n|\n|t:|1700470064\n|move|p2a: GRASSMAMBA|Synthesis|p2a: GRASSMAMBA\n|-heal|p2a: GRASSMAMBA|100\/100\n|move|p1a: Grigachad|Body Press|p2a: GRASSMAMBA\n|-resisted|p2a: GRASSMAMBA\n|-damage|p2a: GRASSMAMBA|86\/100\n|\n|-heal|p1a: Grigachad|19\/100 tox|[from] item: Leftovers\n|-damage|p1a: Grigachad|7\/100 tox|[from] Leech Seed|[of] p2a: GRASSMAMBA\n|-heal|p2a: GRASSMAMBA|99\/100|[silent]\n|-damage|p1a: Grigachad|0 fnt|[from] psn\n|faint|p1a: Grigachad\n|-damage|p2a: GRASSMAMBA|75\/100|[from] Curse\n|upkeep\n|\n|t:|1700470082\n|switch|p1a: Iron Hands|Iron Hands, shiny|100\/100\n|turn|15\n|\n|t:|1700470091\n|switch|p2a: NOBLE|Arcanine, F|100\/100\n|-activate|p2a: NOBLE|move: Sticky Web\n|-unboost|p2a: NOBLE|spe|1\n|-ability|p2a: NOBLE|Intimidate|boost\n|-unboost|p1a: Iron Hands|atk|1\n|move|p1a: Iron Hands|Fake Out|p2a: NOBLE\n|-damage|p2a: NOBLE|87\/100\n|\n|-heal|p2a: NOBLE|93\/100|[from] item: Leftovers\n|upkeep\n|turn|16\n|\n|t:|1700470103\n|move|p2a: NOBLE|Will-O-Wisp|p1a: Iron Hands\n|-status|p1a: Iron Hands|brn\n|move|p1a: Iron Hands|Drain Punch|p2a: NOBLE\n|-damage|p2a: NOBLE|75\/100\n|\n|-heal|p2a: NOBLE|81\/100|[from] item: Leftovers\n|-damage|p1a: Iron Hands|94\/100 brn|[from] brn\n|upkeep\n|turn|17\n|\n|t:|1700470120\n|move|p2a: NOBLE|Heat Wave|p1a: Iron Hands\n|-damage|p1a: Iron Hands|73\/100 brn\n|move|p1a: Iron Hands|Wild Charge|p2a: NOBLE\n|-crit|p2a: NOBLE\n|-damage|p2a: NOBLE|33\/100\n|-damage|p1a: Iron Hands|65\/100 brn|[from] Recoil\n|\n|-heal|p2a: NOBLE|39\/100|[from] item: Leftovers\n|-damage|p1a: Iron Hands|59\/100 brn|[from] brn\n|upkeep\n|turn|18\n|c|\u2606Grigachad|Lol\n|\n|t:|1700470132\n|move|p2a: NOBLE|Heat Wave|p1a: Iron Hands\n|-damage|p1a: Iron Hands|37\/100 brn\n|move|p1a: Iron Hands|Wild Charge|p2a: NOBLE\n|-damage|p2a: NOBLE|16\/100\n|-damage|p1a: Iron Hands|34\/100 brn|[from] Recoil\n|\n|-heal|p2a: NOBLE|23\/100|[from] item: Leftovers\n|-damage|p1a: Iron Hands|27\/100 brn|[from] brn\n|upkeep\n|turn|19\n|\n|t:|1700470143\n|move|p2a: NOBLE|Heat Wave|p1a: Iron Hands|[miss]\n|-miss|p2a: NOBLE|p1a: Iron Hands\n|move|p1a: Iron Hands|Wild Charge|p2a: NOBLE\n|-damage|p2a: NOBLE|0 fnt\n|faint|p2a: NOBLE\n|-damage|p1a: Iron Hands|23\/100 brn|[from] Recoil\n|\n|-damage|p1a: Iron Hands|17\/100 brn|[from] brn\n|upkeep\n|\n|t:|1700470155\n|switch|p2a: BIG BIRD|Zapdos|100\/100\n|turn|20\n|\n|t:|1700470163\n|move|p2a: BIG BIRD|Heat Wave|p1a: Iron Hands\n|-damage|p1a: Iron Hands|0 fnt\n|faint|p1a: Iron Hands\n|-end|p1a: Iron Hands|Quark Drive|[silent]\n|\n|upkeep\n|\n|t:|1700470174\n|switch|p1a: Xurkitree|Xurkitree|100\/100\n|turn|21\n|\n|t:|1700470182\n|move|p2a: BIG BIRD|Heat Wave|p1a: Xurkitree\n|-damage|p1a: Xurkitree|51\/100\n|move|p1a: Xurkitree|Tail Glow|p1a: Xurkitree\n|-boost|p1a: Xurkitree|spa|3\n|\n|upkeep\n|turn|22\n|\n|t:|1700470189\n|move|p2a: BIG BIRD|Heat Wave|p1a: Xurkitree\n|-damage|p1a: Xurkitree|7\/100\n|move|p1a: Xurkitree|Thunderbolt|p2a: BIG BIRD\n|-damage|p2a: BIG BIRD|0 fnt\n|faint|p2a: BIG BIRD\n|-ability|p1a: Xurkitree|Beast Boost|boost\n|-boost|p1a: Xurkitree|spa|1\n|\n|upkeep\n|\n|t:|1700470198\n|switch|p2a: GRASSMAMBA|Venusaur-Mega, F|75\/100\n|-activate|p2a: GRASSMAMBA|move: Sticky Web\n|-unboost|p2a: GRASSMAMBA|spe|1\n|turn|23\n|\n|t:|1700470203\n|move|p1a: Xurkitree|Thunderbolt|p2a: GRASSMAMBA\n|-resisted|p2a: GRASSMAMBA\n|-damage|p2a: GRASSMAMBA|0 fnt\n|faint|p2a: GRASSMAMBA\n|-ability|p1a: Xurkitree|Beast Boost|boost\n|-boost|p1a: Xurkitree|spa|1\n|\n|upkeep\n|\n|t:|1700470209\n|switch|p2a: BOSS CROC|Feraligatr, F|100\/100\n|-activate|p2a: BOSS CROC|move: Sticky Web\n|-unboost|p2a: BOSS CROC|spe|1\n|turn|24\n|\n|t:|1700470216\n|-terastallize|p2a: BOSS CROC|Dragon\n|move|p1a: Xurkitree|Thunderbolt|p2a: BOSS CROC\n|-resisted|p2a: BOSS CROC\n|-damage|p2a: BOSS CROC|0 fnt\n|faint|p2a: BOSS CROC\n|\n|win|Grigachad\n|raw|Grigachad's rating: 1158 &rarr; <strong>1183<\/strong><br \/>(+25 for winning)\n|raw|Bukumaaa's rating: 1155 &rarr; <strong>1130<\/strong><br \/>(-25 for losing)\n|c|\u2606Grigachad|Gg\n|l|\u2606Bukumaaa\n","uploadtime":1700470237,"views":4,"p1id":"grigachad","p2id":"bukumaaa","formatid":"gen9nationaldexubers","rating":1130,"private":0,"password":""}