{"id":"gen9nationaldexubers-1980937342","p1":"RedHoodKat","p2":"Blue the zacian","format":"[Gen 9] National Dex Ubers","log":"|j|\u2606RedHoodKat\n|j|\u2606Blue the zacian\n|n|\u2606RedHoodKat|redhoodkat\n|n|\u2606Blue the zacian|bluethezacian\n|html|View the match progress at <a href=\"\/game-bestof3-gen9nationaldexubers-1980932631\">game-bestof3-gen9nationaldexubers-1980932631<\/a>\n|t:|1698850529\n|gametype|singles\n|player|p1|RedHoodKat|colress|\n|player|p2|Blue the zacian|ash-kalos|\n|teamsize|p1|6\n|teamsize|p2|6\n|gen|9\n|tier|[Gen 9] National Dex Ubers\n|rule|HP Percentage Mod: HP is shown in percentages\n|rule|Endless Battle Clause: Forcing endless battles is banned\n|rule|OHKO Clause: OHKO moves are banned\n|rule|Evasion Moves Clause: Evasion moves are banned\n|rule|Evasion Items Clause: Evasion items are banned\n|rule|Species Clause: Limit one of each Pok\u00e9mon\n|rule|Sleep Clause Mod: Limit one foe put to sleep\n|rule|Mega Rayquaza Clause: You cannot mega evolve Rayquaza\n|rule|Inverse Mod: Weaknesses become resistances, while resistances and immunities become weaknesses.\n|rule|Camomons Mod: Pok\u00e9mon have their types set to match their first two moves.\n|rule|No Switching: All Pok\u00e9mon are trapped\n|rule|Tier Shift Mod: Pok\u00e9mon get stat buffs depending on their tier, excluding HP.\n|rule|Revelationmons Mod: The first moveslots have their types changed to match the Pok\u00e9mon's types\n|rule|Re-Evolution Mod: Pok\u00e9mon gain the boosts they would gain from evolving again\n|rule|Force of the Fallen Mod: Pok&\u00e9mon pass the move in their last moveslot to their allies when they're KOed\n|rule|Bonus Type Mod: Pok\u00e9mon have their Tera Type added onto their current ones.\n|rule|Terastal Clause: You cannot Terastallize\n|rule|Frantic Fusions Mod: Pok\u00e9mon nicknamed after another Pok\u00e9mon get buffed stats and more abilities.\n|clearpoke\n|poke|p1|Archeops, M|\n|poke|p1|Ceruledge, M|\n|poke|p1|Boltund, M|\n|poke|p1|Gholdengo|\n|poke|p1|Bisharp, M|\n|poke|p1|Alakazam, M|\n|poke|p2|Charizard, M|\n|poke|p2|Arceus-Fire|\n|poke|p2|Blaziken, M|\n|poke|p2|Groudon|\n|poke|p2|Reshiram|\n|poke|p2|Moltres-Galar|\n|teampreview\n|c|\u2606RedHoodKat|gl\n|\n|t:|1698850533\n|start\n|switch|p1a: Glastrier|Bisharp, M, shiny|100\/100\n|switch|p2a: Groudon|Groudon, shiny|100\/100\n|-start|p1a: Glastrier|typechange|Ice\/Psychic|[silent]\n|-start|p1a: Glastrier|typechange|Ice\/Psychic|[silent]\n|-start|p2a: Groudon|typechange|Ground\/Fire|[silent]\n|-start|p2a: Groudon|typechange|Ground\/Fire|[silent]\n|detailschange|p2a: Groudon|Groudon-Primal, shiny\n|-primal|p2a: Groudon|Red Orb\n|-weather|DesolateLand|[from] ability: Desolate Land|[of] p2a: Groudon\n|-start|p1a: Glastrier|typechange|Ice\/Psychic|[silent]\n|turn|1\n|c|\u2606RedHoodKat|ill start with a weaker mon\n|j| BeeZeeSD\n|\n|t:|1698850548\n|move|p2a: Groudon|Eruption|p1a: Glastrier\n|-resisted|p1a: Glastrier\n|-damage|p1a: Glastrier|77\/100\n|move|p1a: Glastrier|Iron Head|p2a: Groudon\n|-supereffective|p2a: Groudon\n|-damage|p2a: Groudon|43\/100\n|\n|-weather|DesolateLand|[upkeep]\n|upkeep\n|turn|2\n|c| BeeZeeSD|\"Weaker\"\n|c|\u2606Blue the zacian|..\n|\n|t:|1698850562\n|move|p1a: Glastrier|Sucker Punch|p2a: Groudon\n|-damage|p2a: Groudon|16\/100\n|move|p2a: Groudon|Precipice Blades|p1a: Glastrier\n|-crit|p1a: Glastrier\n|-damage|p1a: Glastrier|39\/100\n|\n|-weather|DesolateLand|[upkeep]\n|upkeep\n|turn|3\n|c| BeeZeeSD|>Does 57 percent on phys to THIS\n|\n|t:|1698850570\n|move|p1a: Glastrier|Power-Up Punch|p2a: Groudon\n|-damage|p2a: Groudon|1\/100\n|-boost|p1a: Glastrier|atk|1\n|move|p2a: Groudon|Dragon Tail|p1a: Glastrier\n|-damage|p1a: Glastrier|32\/100\n|drag|p1a: Accelgor|Gholdengo|100\/100\n|-start|p1a: Accelgor|typechange|Fighting\/Psychic\/Ice|[silent]\n|-start|p1a: Accelgor|typechange|Fighting\/Psychic\/Ice|[silent]\n|\n|-weather|DesolateLand|[upkeep]\n|upkeep\n|-start|p1a: Accelgor|typechange|Fighting\/Psychic\/Ice|[silent]\n|turn|4\n|c|\u2606RedHoodKat|and heres one of the strongest\n|c| BeeZeeSD|Oh hey, it's the criminal\n|\n|t:|1698850590\n|move|p1a: Accelgor|Thunderbolt|p2a: Groudon\n|-supereffective|p2a: Groudon\n|-damage|p2a: Groudon|0 fnt\n|faint|p2a: Groudon\n|-weather|none\n|\n|upkeep\n|c| BeeZeeSD|The thing I was hoping you'd switch to\n|\n|t:|1698850597\n|switch|p2a: Blaziken|Blaziken, M|100\/100\n|-start|p2a: Blaziken|typechange|Flying\/Fighting\/Fire|[silent]\n|-start|p2a: Blaziken|typechange|Flying\/Fighting\/Fire|[silent]\n|-start|p2a: Blaziken|typechange|Flying\/Fighting\/Fire|[silent]\n|turn|5\n|\n|t:|1698850606\n|detailschange|p2a: Blaziken|Blaziken-Mega, M\n|-mega|p2a: Blaziken|Blaziken|Blazikenite\n|-start|p2a: Blaziken|typechange|Flying\/Fighting\/Fire|[silent]\n|-start|p2a: Blaziken|typechange|Flying\/Fighting\/Fire|[silent]\n|move|p1a: Accelgor|Agility|p1a: Accelgor\n|-boost|p1a: Accelgor|spe|2\n|move|p2a: Blaziken|Dragon Tail|p1a: Accelgor\n|-damage|p1a: Accelgor|81\/100\n|drag|p1a: Haxorus|Ceruledge, M|100\/100\n|-start|p1a: Haxorus|typechange|Dragon\/Fire|[silent]\n|-start|p1a: Haxorus|typechange|Dragon\/Fire|[silent]\n|\n|-ability|p2a: Blaziken|Speed Boost|boost\n|-boost|p2a: Blaziken|spe|1\n|upkeep\n|-start|p1a: Haxorus|typechange|Dragon\/Fire|[silent]\n|-start|p2a: Blaziken|typechange|Flying\/Fighting\/Fire|[silent]\n|turn|6\n|\n|t:|1698850619\n|move|p1a: Haxorus|Flare Blitz|p2a: Blaziken\n|-supereffective|p2a: Blaziken\n|-damage|p2a: Blaziken|0 fnt\n|faint|p2a: Blaziken\n|-damage|p1a: Haxorus|69\/100|[from] Recoil\n|\n|-heal|p1a: Haxorus|75\/100|[from] item: Leftovers\n|upkeep\n|c| BeeZeeSD|\\\\He's learned\\\\\n|\n|t:|1698850622\n|switch|p2a: Arceus|Arceus-Fire, shiny|100\/100\n|-start|p2a: Arceus|typechange|Fire|[silent]\n|-start|p2a: Arceus|typechange|Fire|[silent]\n|turn|7\n|\n|t:|1698850636\n|move|p1a: Haxorus|Bitter Blade|p2a: Arceus\n|-supereffective|p2a: Arceus\n|-damage|p2a: Arceus|0 fnt\n|-heal|p1a: Haxorus|100\/100|[from] drain|[of] p2a: Arceus\n|faint|p2a: Arceus\n|\n|upkeep\n|\n|t:|1698850639\n|switch|p2a: Charizard|Charizard, M, shiny|100\/100\n|-start|p2a: Charizard|typechange|Fire|[silent]\n|-start|p2a: Charizard|typechange|Fire|[silent]\n|-start|p2a: Charizard|typechange|Fire|[silent]\n|turn|8\n|\n|t:|1698850649\n|move|p1a: Haxorus|Dragon Darts|p2a: Charizard\n|-supereffective|p2a: Charizard\n|-damage|p2a: Charizard|29\/100\n|-anim|p1a: Haxorus|Dragon Darts|p2a: Charizard\n|-supereffective|p2a: Charizard\n|-damage|p2a: Charizard|0 fnt\n|faint|p2a: Charizard\n|\n|upkeep\n|\n|t:|1698850651\n|switch|p2a: Moltres|Moltres-Galar, shiny|100\/100\n|-start|p2a: Moltres|typechange|Flying\/Dark|[silent]\n|-start|p2a: Moltres|typechange|Flying\/Dark|[silent]\n|-start|p2a: Moltres|typechange|Flying\/Dark|[silent]\n|turn|9\n|\n|t:|1698850661\n|move|p2a: Moltres|Protect|p2a: Moltres\n|-singleturn|p2a: Moltres|Protect\n|move|p1a: Haxorus|Night Slash|p2a: Moltres\n|-activate|p2a: Moltres|move: Protect\n|\n|upkeep\n|turn|10\n|\n|t:|1698850672\n|move|p1a: Haxorus|Flame Charge|p2a: Moltres\n|-damage|p2a: Moltres|56\/100\n|-boost|p1a: Haxorus|spe|1\n|move|p2a: Moltres|Fiery Wrath|p1a: Haxorus\n|-damage|p1a: Haxorus|80\/100\n|\n|-heal|p1a: Haxorus|86\/100|[from] item: Leftovers\n|upkeep\n|turn|11\n|\n|t:|1698850683\n|move|p1a: Haxorus|Flame Charge|p2a: Moltres\n|-damage|p2a: Moltres|17\/100\n|-boost|p1a: Haxorus|spe|1\n|-ability|p2a: Moltres|Berserk|boost\n|-boost|p2a: Moltres|spa|1\n|move|p2a: Moltres|Fly||[still]\n|-prepare|p2a: Moltres|Fly\n|\n|-heal|p1a: Haxorus|92\/100|[from] item: Leftovers\n|upkeep\n|turn|12\n|\n|t:|1698850691\n|move|p1a: Haxorus|Phantom Force||[still]\n|-prepare|p1a: Haxorus|Phantom Force\n|move|p2a: Moltres|Fly|p1a: Haxorus|[from]lockedmove|[miss]\n|-miss|p2a: Moltres|p1a: Haxorus\n|\n|-heal|p1a: Haxorus|99\/100|[from] item: Leftovers\n|upkeep\n|turn|13\n|c|\u2606RedHoodKat|parry\n|\n|t:|1698850702\n|move|p2a: Moltres|Protect|p2a: Moltres\n|-singleturn|p2a: Moltres|Protect\n|move|p1a: Haxorus|Phantom Force|p2a: Moltres|[from]lockedmove\n|-activate|p2a: Moltres|move: Phantom Force|[broken]\n|-supereffective|p2a: Moltres\n|-damage|p2a: Moltres|0 fnt\n|faint|p2a: Moltres\n|\n|-heal|p1a: Haxorus|100\/100|[from] item: Leftovers\n|upkeep\n|c|\u2606RedHoodKat|bro forgot\n|c|\u2606Blue the zacian|............................\n|\n|t:|1698850715\n|switch|p2a: Reshiram|Reshiram, shiny|100\/100\n|-start|p2a: Reshiram|typechange|Fire\/Dragon|[silent]\n|-start|p2a: Reshiram|typechange|Fire\/Dragon|[silent]\n|-ability|p2a: Reshiram|Turboblaze\n|-start|p2a: Reshiram|typechange|Fire\/Dragon|[silent]\n|turn|14\n|\n|t:|1698850723\n|move|p1a: Haxorus|Dragon Darts|p2a: Reshiram\n|-supereffective|p2a: Reshiram\n|-damage|p2a: Reshiram|0 fnt\n|faint|p2a: Reshiram\n|\n|win|RedHoodKat\n|c|\u2606RedHoodKat|gg\n|c|\u2606Blue the zacian|i am not doing third round\n|c|\u2606Blue the zacian|gg\n|c| BeeZeeSD|I think it's over anyways\n|c|\u2606Blue the zacian|good\n|l|\u2606Blue the zacian\n","uploadtime":1698850771,"views":11,"p1id":"redhoodkat","p2id":"bluethezacian","formatid":"gen9nationaldexubers","rating":0,"private":0,"password":""}