{"id":"gen9nationaldexubers-1985832204","p1":"josukesbutt","p2":"MrMeasly14","format":"[Gen 9] National Dex Ubers","log":"|j|\u2606josukesbutt\n|j|\u2606MrMeasly14\n|t:|1699410999\n|gametype|singles\n|player|p1|josukesbutt|169|\n|player|p2|MrMeasly14|clair|\n|teamsize|p1|6\n|teamsize|p2|6\n|gen|9\n|tier|[Gen 9] National Dex Ubers\n|rule|HP Percentage Mod: HP is shown in percentages\n|rule|Endless Battle Clause: Forcing endless battles is banned\n|rule|OHKO Clause: OHKO moves are banned\n|rule|Evasion Moves Clause: Evasion moves are banned\n|rule|Evasion Items Clause: Evasion items are banned\n|rule|Species Clause: Limit one of each Pok\u00e9mon\n|rule|Sleep Clause Mod: Limit one foe put to sleep\n|rule|Mega Rayquaza Clause: You cannot mega evolve Rayquaza\n|clearpoke\n|poke|p1|Politoed, F|\n|poke|p1|Arcanine, M|\n|poke|p1|Ludicolo, F|\n|poke|p1|Baxcalibur, F|\n|poke|p1|Zapdos|\n|poke|p1|Urshifu-*, M|\n|poke|p2|Charizard, F|\n|poke|p2|Great Tusk|\n|poke|p2|Torkoal, M|\n|poke|p2|Walking Wake|\n|poke|p2|Leavanny, M|\n|poke|p2|Scream Tail|\n|teampreview\n|c|\u2606josukesbutt|glhf\n|c|\u2606josukesbutt|<3\n|c|\u2606MrMeasly14|no u <3\n|\n|t:|1699411055\n|start\n|switch|p1a: Forg|Politoed, F, shiny|100\/100\n|switch|p2a: Charizard|Charizard, F, shiny|100\/100\n|-weather|RainDance|[from] ability: Drizzle|[of] p1a: Forg\n|turn|1\n|\n|t:|1699411091\n|detailschange|p2a: Charizard|Charizard-Mega-Y, F, shiny\n|-mega|p2a: Charizard|Charizard|Charizardite Y\n|-weather|SunnyDay|[from] ability: Drought|[of] p2a: Charizard\n|move|p2a: Charizard|Solar Beam||[still]\n|-prepare|p2a: Charizard|Solar Beam\n|-anim|p2a: Charizard|Solar Beam|p1a: Forg\n|-supereffective|p1a: Forg\n|-damage|p1a: Forg|36\/100\n|move|p1a: Forg|Hypnosis|p2a: Charizard\n|-status|p2a: Charizard|slp|[from] move: Hypnosis\n|\n|-weather|SunnyDay|[upkeep]\n|upkeep\n|turn|2\n|\n|t:|1699411141\n|switch|p2a: Walking Wake|Walking Wake|100\/100\n|-activate|p2a: Walking Wake|ability: Protosynthesis\n|-start|p2a: Walking Wake|protosynthesisspa\n|switch|p1a: Silly Hat Guy|Ludicolo, F|100\/100\n|\n|-weather|SunnyDay|[upkeep]\n|upkeep\n|turn|3\n|\n|t:|1699411172\n|move|p2a: Walking Wake|Draco Meteor|p1a: Silly Hat Guy\n|-damage|p1a: Silly Hat Guy|1\/100\n|-unboost|p2a: Walking Wake|spa|2\n|move|p1a: Silly Hat Guy|Giga Drain|p2a: Walking Wake\n|-damage|p2a: Walking Wake|68\/100\n|-heal|p1a: Silly Hat Guy|19\/100|[from] drain|[of] p2a: Walking Wake\n|-damage|p1a: Silly Hat Guy|9\/100|[from] item: Life Orb\n|\n|-weather|SunnyDay|[upkeep]\n|upkeep\n|turn|4\n|\n|t:|1699411214\n|switch|p1a: Urshifu|Urshifu-Rapid-Strike, M|100\/100\n|move|p2a: Walking Wake|Weather Ball|p1a: Urshifu\n|-resisted|p1a: Urshifu\n|-damage|p1a: Urshifu|79\/100\n|\n|-weather|SunnyDay|[upkeep]\n|upkeep\n|turn|5\n|\n|t:|1699411248\n|-end|p2a: Walking Wake|Protosynthesis|[silent]\n|switch|p2a: Torkoal|Torkoal, M|100\/100\n|move|p1a: Urshifu|Close Combat|p2a: Torkoal\n|-damage|p2a: Torkoal|66\/100\n|-unboost|p1a: Urshifu|def|1\n|-unboost|p1a: Urshifu|spd|1\n|-damage|p1a: Urshifu|62\/100|[from] item: Rocky Helmet|[of] p2a: Torkoal\n|\n|-weather|none\n|upkeep\n|turn|6\n|\n|t:|1699411308\n|switch|p1a: Forg|Politoed, F, shiny|36\/100\n|-weather|RainDance|[from] ability: Drizzle|[of] p1a: Forg\n|move|p2a: Torkoal|Body Press|p1a: Forg\n|-damage|p1a: Forg|0 fnt\n|faint|p1a: Forg\n|\n|-weather|RainDance|[upkeep]\n|upkeep\n|\n|t:|1699411330\n|switch|p1a: Urshifu|Urshifu-Rapid-Strike, M|62\/100\n|turn|7\n|c|\u2606josukesbutt|lame\n|\n|t:|1699411367\n|switch|p2a: Walking Wake|Walking Wake|68\/100\n|move|p1a: Urshifu|Surging Strikes|p2a: Walking Wake\n|-resisted|p2a: Walking Wake\n|-crit|p2a: Walking Wake\n|-damage|p2a: Walking Wake|60\/100\n|-resisted|p2a: Walking Wake\n|-crit|p2a: Walking Wake\n|-damage|p2a: Walking Wake|52\/100\n|-resisted|p2a: Walking Wake\n|-crit|p2a: Walking Wake\n|-damage|p2a: Walking Wake|44\/100\n|-hitcount|p2a: Walking Wake|3\n|\n|-weather|RainDance|[upkeep]\n|upkeep\n|turn|8\n|\n|t:|1699411437\n|switch|p1a: Deli Sandwich|Zapdos|100\/100\n|move|p2a: Walking Wake|Hurricane|p1a: Deli Sandwich\n|-resisted|p1a: Deli Sandwich\n|-damage|p1a: Deli Sandwich|85\/100\n|\n|-weather|RainDance|[upkeep]\n|upkeep\n|turn|9\n|\n|t:|1699411453\n|move|p2a: Walking Wake|Weather Ball|p1a: Deli Sandwich\n|-damage|p1a: Deli Sandwich|10\/100\n|move|p1a: Deli Sandwich|Discharge|p2a: Walking Wake\n|-damage|p2a: Walking Wake|15\/100\n|-status|p2a: Walking Wake|par\n|\n|-weather|RainDance|[upkeep]\n|upkeep\n|turn|10\n|\n|t:|1699411466\n|move|p1a: Deli Sandwich|Roost|p1a: Deli Sandwich\n|-heal|p1a: Deli Sandwich|60\/100\n|-singleturn|p1a: Deli Sandwich|move: Roost\n|move|p2a: Walking Wake|Weather Ball|p1a: Deli Sandwich\n|-damage|p1a: Deli Sandwich|0 fnt\n|faint|p1a: Deli Sandwich\n|\n|-weather|none\n|upkeep\n|\n|t:|1699411478\n|switch|p1a: Stormy|Arcanine, M|100\/100\n|-ability|p1a: Stormy|Intimidate|boost\n|-unboost|p2a: Walking Wake|atk|1\n|turn|11\n|\n|t:|1699411488\n|move|p1a: Stormy|Extreme Speed|p2a: Walking Wake\n|-damage|p2a: Walking Wake|0 fnt\n|faint|p2a: Walking Wake\n|-end|p2a: Walking Wake|Protosynthesis|[silent]\n|\n|upkeep\n|\n|t:|1699411530\n|switch|p2a: Torkoal|Torkoal, M|66\/100\n|-weather|SunnyDay|[from] ability: Drought|[of] p2a: Torkoal\n|turn|12\n|\n|t:|1699411552\n|move|p1a: Stormy|Play Rough|p2a: Torkoal\n|-resisted|p2a: Torkoal\n|-damage|p2a: Torkoal|59\/100\n|-damage|p1a: Stormy|84\/100|[from] item: Rocky Helmet|[of] p2a: Torkoal\n|move|p2a: Torkoal|Body Press|p1a: Stormy\n|-damage|p1a: Stormy|58\/100\n|-damage|p2a: Torkoal|42\/100|[from] item: Rocky Helmet|[of] p1a: Stormy\n|\n|-weather|SunnyDay|[upkeep]\n|upkeep\n|turn|13\n|\n|t:|1699411576\n|move|p1a: Stormy|Morning Sun|p1a: Stormy\n|-heal|p1a: Stormy|100\/100\n|move|p2a: Torkoal|Rest|p2a: Torkoal\n|-status|p2a: Torkoal|slp|[from] move: Rest\n|-heal|p2a: Torkoal|100\/100 slp|[silent]\n|\n|-weather|SunnyDay|[upkeep]\n|upkeep\n|turn|14\n|\n|t:|1699411592\n|switch|p2a: Great Tusk|Great Tusk|100\/100\n|-activate|p2a: Great Tusk|ability: Protosynthesis\n|-start|p2a: Great Tusk|protosynthesisspe\n|move|p1a: Stormy|Extreme Speed|p2a: Great Tusk\n|-damage|p2a: Great Tusk|88\/100\n|\n|-weather|SunnyDay|[upkeep]\n|upkeep\n|turn|15\n|\n|t:|1699411608\n|move|p2a: Great Tusk|Headlong Rush|p1a: Stormy\n|-supereffective|p1a: Stormy\n|-crit|p1a: Stormy\n|-damage|p1a: Stormy|0 fnt\n|-unboost|p2a: Great Tusk|def|1\n|-unboost|p2a: Great Tusk|spd|1\n|-damage|p2a: Great Tusk|72\/100|[from] item: Rocky Helmet|[of] p1a: Stormy\n|faint|p1a: Stormy\n|\n|-weather|SunnyDay|[upkeep]\n|upkeep\n|\n|t:|1699411622\n|switch|p1a: Urshifu|Urshifu-Rapid-Strike, M|62\/100\n|turn|16\n|\n|t:|1699411634\n|move|p1a: Urshifu|Surging Strikes|p2a: Great Tusk\n|-supereffective|p2a: Great Tusk\n|-crit|p2a: Great Tusk\n|-damage|p2a: Great Tusk|52\/100\n|-supereffective|p2a: Great Tusk\n|-crit|p2a: Great Tusk\n|-damage|p2a: Great Tusk|34\/100\n|-supereffective|p2a: Great Tusk\n|-crit|p2a: Great Tusk\n|-damage|p2a: Great Tusk|15\/100\n|-hitcount|p2a: Great Tusk|3\n|move|p2a: Great Tusk|Headlong Rush|p1a: Urshifu\n|-crit|p1a: Urshifu\n|-damage|p1a: Urshifu|0 fnt\n|-unboost|p2a: Great Tusk|def|1\n|-unboost|p2a: Great Tusk|spd|1\n|faint|p1a: Urshifu\n|\n|-weather|none\n|-end|p2a: Great Tusk|Protosynthesis\n|upkeep\n|\n|t:|1699411648\n|switch|p1a: Silly Hat Guy|Ludicolo, F|9\/100\n|turn|17\n|\n|t:|1699411654\n|move|p2a: Great Tusk|Headlong Rush|p1a: Silly Hat Guy\n|-resisted|p1a: Silly Hat Guy\n|-crit|p1a: Silly Hat Guy\n|-damage|p1a: Silly Hat Guy|0 fnt\n|-unboost|p2a: Great Tusk|def|1\n|-unboost|p2a: Great Tusk|spd|1\n|faint|p1a: Silly Hat Guy\n|\n|upkeep\n|c|\u2606josukesbutt|this team is cringe\n|\n|t:|1699411661\n|switch|p1a: Bax Shots|Baxcalibur, F|100\/100\n|turn|18\n|\n|t:|1699411669\n|move|p2a: Great Tusk|Headlong Rush|p1a: Bax Shots\n|-damage|p1a: Bax Shots|29\/100\n|-unboost|p2a: Great Tusk|def|1\n|-unboost|p2a: Great Tusk|spd|1\n|move|p1a: Bax Shots|Icicle Spear|p2a: Great Tusk\n|-supereffective|p2a: Great Tusk\n|-damage|p2a: Great Tusk|0 fnt\n|faint|p2a: Great Tusk\n|-end|p2a: Great Tusk|Protosynthesis|[silent]\n|-hitcount|p2: Great Tusk|1\n|\n|upkeep\n|\n|t:|1699411683\n|switch|p2a: Leavanny|Leavanny, M|100\/100\n|turn|19\n|\n|t:|1699411693\n|-terastallize|p2a: Leavanny|Rock\n|move|p1a: Bax Shots|Icicle Spear|p2a: Leavanny\n|-damage|p2a: Leavanny|81\/100\n|-damage|p2a: Leavanny|62\/100\n|-damage|p2a: Leavanny|43\/100\n|-damage|p2a: Leavanny|24\/100\n|-damage|p2a: Leavanny|4\/100\n|-hitcount|p2a: Leavanny|5\n|move|p2a: Leavanny|Low Kick|p1a: Bax Shots\n|-supereffective|p1a: Bax Shots\n|-damage|p1a: Bax Shots|0 fnt\n|faint|p1a: Bax Shots\n|-damage|p2a: Leavanny|0 fnt|[from] item: Life Orb\n|faint|p2a: Leavanny\n|\n|win|MrMeasly14\n|c|\u2606josukesbutt|i hatew youy\n|c|\u2606josukesbutt|you siucxk\n|c|\u2606MrMeasly14|ggs :)\n|c|\u2606josukesbutt|suck\n|c|\u2606josukesbutt|ass\n|c|\u2606josukesbutt|dumb\n|c|\u2606josukesbutt|i hate your team\n|c|\u2606josukesbutt|gg <3\n|c|\u2606josukesbutt|but the leavanny dying was great for my differential\n|c|\u2606MrMeasly14|i got you\n|c|\u2606MrMeasly14|I can report\n|c|\u2606josukesbutt|okie thank you\n|c|\u2606josukesbutt|good game brother\n","uploadtime":1699411817,"views":34,"p1id":"josukesbutt","p2id":"mrmeasly14","formatid":"gen9nationaldexubers","rating":0,"private":0,"password":""}