{"id":"gen9nationaldexubers-1982843776","p1":"Nakuy","p2":"TheRar73","format":"[Gen 9] National Dex Ubers","log":"|j|\u2606Nakuy\n|j|\u2606TheRar73\n|t:|1699050470\n|gametype|singles\n|player|p1|Nakuy|byron|\n|player|p2|TheRar73|nobunaga-conquest|\n|teamsize|p1|6\n|teamsize|p2|6\n|gen|9\n|tier|[Gen 9] National Dex Ubers\n|rule|HP Percentage Mod: HP is shown in percentages\n|rule|Endless Battle Clause: Forcing endless battles is banned\n|rule|OHKO Clause: OHKO moves are banned\n|rule|Evasion Moves Clause: Evasion moves are banned\n|rule|Evasion Items Clause: Evasion items are banned\n|rule|Species Clause: Limit one of each Pok\u00e9mon\n|rule|Sleep Clause Mod: Limit one foe put to sleep\n|rule|Mega Rayquaza Clause: You cannot mega evolve Rayquaza\n|clearpoke\n|poke|p1|Kommo-o, F|\n|poke|p1|Kyurem|\n|poke|p1|Salamence, F|\n|poke|p1|Garchomp, F|\n|poke|p1|Haxorus, F|\n|poke|p1|Reshiram|\n|poke|p2|Pheromosa|\n|poke|p2|Pinsir, M|\n|poke|p2|Scizor, F|\n|poke|p2|Ribombee, F|\n|poke|p2|Escavalier, F|\n|poke|p2|Rabsca, M|\n|teampreview\n|\n|t:|1699050489\n|start\n|switch|p1a: Garchomp|Garchomp, F|100\/100\n|switch|p2a: Lil Bugga|Ribombee, F|100\/100\n|turn|1\n|\n|t:|1699050532\n|-terastallize|p2a: Lil Bugga|Fairy\n|move|p2a: Lil Bugga|Moonblast|p1a: Garchomp\n|-supereffective|p1a: Garchomp\n|-damage|p1a: Garchomp|0 fnt\n|faint|p1a: Garchomp\n|\n|upkeep\n|\n|t:|1699050561\n|switch|p1a: Kommo-o|Kommo-o, F|100\/100\n|turn|2\n|\n|t:|1699050569\n|move|p1a: Kommo-o|Protect|p1a: Kommo-o\n|-singleturn|p1a: Kommo-o|Protect\n|move|p2a: Lil Bugga|Sticky Web|p1a: Kommo-o\n|-sidestart|p1: Nakuy|move: Sticky Web\n|\n|upkeep\n|turn|3\n|\n|t:|1699050581\n|-terastallize|p1a: Kommo-o|Steel\n|move|p2a: Lil Bugga|Moonblast|p1a: Kommo-o\n|-resisted|p1a: Kommo-o\n|-damage|p1a: Kommo-o|68\/100\n|move|p1a: Kommo-o|Boomburst|p2a: Lil Bugga\n|-damage|p2a: Lil Bugga|25\/100\n|-enditem|p2a: Lil Bugga|Red Card|[of] p1a: Kommo-o\n|-enditem|p1a: Kommo-o|Throat Spray\n|-boost|p1a: Kommo-o|spa|1|[from] item: Throat Spray\n|drag|p1a: Salamence|Salamence, F|100\/100\n|-ability|p1a: Salamence|Intimidate|boost\n|-unboost|p2a: Lil Bugga|atk|1\n|\n|upkeep\n|turn|4\n|\n|t:|1699050602\n|switch|p1a: Kommo-o|Kommo-o, F, tera:Steel|68\/100\n|-activate|p1a: Kommo-o|move: Sticky Web\n|-unboost|p1a: Kommo-o|spe|1\n|move|p2a: Lil Bugga|Moonblast|p1a: Kommo-o\n|-resisted|p1a: Kommo-o\n|-damage|p1a: Kommo-o|37\/100\n|-unboost|p1a: Kommo-o|spa|1\n|\n|upkeep\n|turn|5\n|\n|t:|1699050609\n|move|p2a: Lil Bugga|Moonblast|p1a: Kommo-o\n|-resisted|p1a: Kommo-o\n|-damage|p1a: Kommo-o|6\/100\n|move|p1a: Kommo-o|Flash Cannon|p2a: Lil Bugga\n|-supereffective|p2a: Lil Bugga\n|-damage|p2a: Lil Bugga|0 fnt\n|faint|p2a: Lil Bugga\n|\n|upkeep\n|\n|t:|1699050617\n|switch|p2a: Rabsca|Rabsca, M|100\/100\n|turn|6\n|\n|t:|1699050639\n|move|p1a: Kommo-o|Flash Cannon|p2a: Rabsca\n|-damage|p2a: Rabsca|85\/100\n|move|p2a: Rabsca|Trick Room|p2a: Rabsca\n|-fieldstart|move: Trick Room|[of] p2a: Rabsca\n|\n|upkeep\n|turn|7\n|\n|t:|1699050669\n|switch|p1a: Reshiram|Reshiram|100\/100\n|-activate|p1a: Reshiram|move: Sticky Web\n|-unboost|p1a: Reshiram|spe|1\n|-ability|p1a: Reshiram|Turboblaze\n|move|p2a: Rabsca|Memento|p1a: Reshiram\n|-unboost|p1a: Reshiram|atk|2\n|-unboost|p1a: Reshiram|spa|2\n|faint|p2a: Rabsca\n|\n|upkeep\n|\n|t:|1699050698\n|switch|p2a: Airbellum|Pinsir, M|100\/100\n|turn|8\n|\n|t:|1699050717\n|detailschange|p2a: Airbellum|Pinsir-Mega, M\n|-mega|p2a: Airbellum|Pinsir|Pinsirite\n|move|p1a: Reshiram|Flamethrower|p2a: Airbellum\n|-supereffective|p2a: Airbellum\n|-damage|p2a: Airbellum|27\/100\n|move|p2a: Airbellum|Earthquake|p1a: Reshiram\n|-supereffective|p1a: Reshiram\n|-damage|p1a: Reshiram|36\/100\n|\n|-heal|p1a: Reshiram|42\/100|[from] item: Leftovers\n|upkeep\n|turn|9\n|\n|t:|1699050727\n|move|p2a: Airbellum|Quick Attack|p1a: Reshiram\n|-damage|p1a: Reshiram|19\/100\n|move|p1a: Reshiram|Flamethrower|p2a: Airbellum\n|-supereffective|p2a: Airbellum\n|-damage|p2a: Airbellum|0 fnt\n|faint|p2a: Airbellum\n|\n|-heal|p1a: Reshiram|25\/100|[from] item: Leftovers\n|upkeep\n|\n|t:|1699050737\n|switch|p2a: Capa|Pheromosa|100\/100\n|turn|10\n|\n|t:|1699050748\n|move|p1a: Reshiram|Tailwind|p1a: Reshiram\n|-sidestart|p1: Nakuy|move: Tailwind\n|move|p2a: Capa|Quiver Dance|p2a: Capa\n|-boost|p2a: Capa|spa|1\n|-boost|p2a: Capa|spd|1\n|-boost|p2a: Capa|spe|1\n|\n|-heal|p1a: Reshiram|31\/100|[from] item: Leftovers\n|-fieldend|move: Trick Room\n|upkeep\n|turn|11\n|\n|t:|1699050767\n|move|p2a: Capa|Focus Blast|p1a: Reshiram|[miss]\n|-miss|p2a: Capa|p1a: Reshiram\n|move|p1a: Reshiram|Flamethrower|p2a: Capa\n|-supereffective|p2a: Capa\n|-crit|p2a: Capa\n|-damage|p2a: Capa|0 fnt\n|faint|p2a: Capa\n|\n|-heal|p1a: Reshiram|38\/100|[from] item: Leftovers\n|upkeep\n|\n|t:|1699050775\n|switch|p2a: Setsuna|Scizor, F|100\/100\n|turn|12\n|\n|t:|1699050779\n|move|p1a: Reshiram|Flamethrower|p2a: Setsuna\n|-supereffective|p2a: Setsuna\n|-damage|p2a: Setsuna|0 fnt\n|faint|p2a: Setsuna\n|\n|-heal|p1a: Reshiram|44\/100|[from] item: Leftovers\n|upkeep\n|-message|TheRar73 forfeited.\n|\n|win|Nakuy\n|l|\u2606TheRar73\n","uploadtime":1699050784,"views":5,"p1id":"nakuy","p2id":"therar73","formatid":"gen9nationaldexubers","rating":0,"private":0,"password":""}