{"id":"gen9nationaldexubers-1987374924","p1":"Yoswuert88088","p2":"Black_Man9905","format":"[Gen 9] National Dex Ubers","log":"|j|\u2606Yoswuert88088\n|j|\u2606Black_Man9905\n|t:|1699583382\n|gametype|singles\n|player|p1|Yoswuert88088|1|\n|player|p2|Black_Man9905|veteran|\n|teamsize|p1|6\n|teamsize|p2|6\n|gen|9\n|tier|[Gen 9] National Dex Ubers\n|rule|HP Percentage Mod: HP is shown in percentages\n|rule|Endless Battle Clause: Forcing endless battles is banned\n|rule|OHKO Clause: OHKO moves are banned\n|rule|Evasion Moves Clause: Evasion moves are banned\n|rule|Evasion Items Clause: Evasion items are banned\n|rule|Species Clause: Limit one of each Pok\u00e9mon\n|rule|Sleep Clause Mod: Limit one foe put to sleep\n|rule|Mega Rayquaza Clause: You cannot mega evolve Rayquaza\n|clearpoke\n|poke|p1|Golisopod, F|\n|poke|p1|Centiskorch, M|\n|poke|p1|Scizor, M|\n|poke|p1|Kleavor, F|\n|poke|p1|Pheromosa|\n|poke|p1|Vikavolt, M|\n|poke|p2|Grimmsnarl, M|\n|poke|p2|Incineroar, F|\n|poke|p2|Tyranitar, F|\n|poke|p2|Meowscarada, F|\n|poke|p2|Roaring Moon|\n|poke|p2|Kingambit, F|\n|teampreview\n|j| AdrianGarcia1604\n|\n|t:|1699583412\n|start\n|switch|p1a: Kleavor|Kleavor, F, shiny|100\/100\n|switch|p2a: La gatita|Incineroar, F, shiny|100\/100\n|-ability|p2a: La gatita|Intimidate|boost\n|-unboost|p1a: Kleavor|atk|1\n|turn|1\n|\n|t:|1699583432\n|move|p1a: Kleavor|Sunny Day|p1a: Kleavor\n|-weather|SunnyDay\n|move|p2a: La gatita|Blaze Kick|p1a: Kleavor|[miss]\n|-miss|p2a: La gatita|p1a: Kleavor\n|\n|-weather|SunnyDay|[upkeep]\n|upkeep\n|turn|2\n|\n|t:|1699583465\n|move|p1a: Kleavor|Stone Axe|p2a: La gatita\n|-supereffective|p2a: La gatita\n|-damage|p2a: La gatita|13\/100\n|-sidestart|p2: Black_Man9905|move: Stealth Rock\n|-damage|p1a: Kleavor|91\/100|[from] item: Life Orb\n|move|p2a: La gatita|Bulk Up|p2a: La gatita\n|-boost|p2a: La gatita|atk|1\n|-boost|p2a: La gatita|def|1\n|\n|-weather|SunnyDay|[upkeep]\n|upkeep\n|turn|3\n|\n|t:|1699583478\n|move|p1a: Kleavor|Stone Axe|p2a: La gatita|[miss]\n|-miss|p1a: Kleavor|p2a: La gatita\n|move|p2a: La gatita|Drain Punch|p1a: Kleavor\n|-damage|p1a: Kleavor|29\/100\n|-heal|p2a: La gatita|39\/100|[from] drain|[of] p1a: Kleavor\n|-damage|p2a: La gatita|29\/100|[from] item: Life Orb\n|\n|-weather|SunnyDay|[upkeep]\n|upkeep\n|turn|4\n|\n|t:|1699583490\n|move|p1a: Kleavor|Stone Axe|p2a: La gatita\n|-supereffective|p2a: La gatita\n|-damage|p2a: La gatita|0 fnt\n|faint|p2a: La gatita\n|-damage|p1a: Kleavor|19\/100|[from] item: Life Orb\n|\n|-weather|SunnyDay|[upkeep]\n|upkeep\n|\n|t:|1699583503\n|switch|p2a: Godzilla|Tyranitar, F, shiny|100\/100\n|-damage|p2a: Godzilla|88\/100|[from] Stealth Rock\n|-weather|Sandstorm|[from] ability: Sand Stream|[of] p2a: Godzilla\n|turn|5\n|\n|t:|1699583518\n|move|p1a: Kleavor|Sunny Day|p1a: Kleavor\n|-weather|SunnyDay\n|move|p2a: Godzilla|Stone Edge|p1a: Kleavor\n|-supereffective|p1a: Kleavor\n|-crit|p1a: Kleavor\n|-damage|p1a: Kleavor|0 fnt\n|faint|p1a: Kleavor\n|\n|-weather|SunnyDay|[upkeep]\n|upkeep\n|\n|t:|1699583535\n|switch|p1a: Pheromosa|Pheromosa|100\/100\n|turn|6\n|\n|t:|1699583556\n|move|p1a: Pheromosa|Close Combat|p2a: Godzilla\n|-supereffective|p2a: Godzilla\n|-crit|p2a: Godzilla\n|-damage|p2a: Godzilla|0 fnt\n|-unboost|p1a: Pheromosa|def|1\n|-unboost|p1a: Pheromosa|spd|1\n|faint|p2a: Godzilla\n|-ability|p1a: Pheromosa|Beast Boost|boost\n|-boost|p1a: Pheromosa|spe|1\n|-damage|p1a: Pheromosa|91\/100|[from] item: Life Orb\n|\n|-weather|SunnyDay|[upkeep]\n|upkeep\n|\n|t:|1699583578\n|switch|p2a: El \u00f1omo|Grimmsnarl, M, shiny|100\/100\n|-damage|p2a: El \u00f1omo|88\/100|[from] Stealth Rock\n|turn|7\n|\n|t:|1699583621\n|move|p1a: Pheromosa|Close Combat|p2a: El \u00f1omo\n|-damage|p2a: El \u00f1omo|24\/100\n|-unboost|p1a: Pheromosa|def|1\n|-unboost|p1a: Pheromosa|spd|1\n|-damage|p1a: Pheromosa|81\/100|[from] item: Life Orb\n|move|p2a: El \u00f1omo|Play Rough|p1a: Pheromosa\n|-supereffective|p1a: Pheromosa\n|-crit|p1a: Pheromosa\n|-damage|p1a: Pheromosa|0 fnt\n|faint|p1a: Pheromosa\n|\n|-weather|SunnyDay|[upkeep]\n|upkeep\n|\n|t:|1699583634\n|switch|p1a: Centiskorch|Centiskorch, M|100\/100\n|turn|8\n|\n|t:|1699583649\n|move|p1a: Centiskorch|Flare Blitz|p2a: El \u00f1omo\n|-damage|p2a: El \u00f1omo|0 fnt\n|faint|p2a: El \u00f1omo\n|-damage|p1a: Centiskorch|91\/100|[from] Recoil\n|\n|-weather|SunnyDay|[upkeep]\n|upkeep\n|\n|t:|1699583665\n|switch|p2a: Salamance|Roaring Moon, shiny|100\/100\n|-damage|p2a: Salamance|88\/100|[from] Stealth Rock\n|-activate|p2a: Salamance|ability: Protosynthesis\n|-start|p2a: Salamance|protosynthesisatk\n|turn|9\n|\n|t:|1699583711\n|switch|p1a: Vikavolt|Vikavolt, M, shiny|100\/100\n|move|p2a: Salamance|Outrage|p1a: Vikavolt\n|-damage|p1a: Vikavolt|0 fnt\n|faint|p1a: Vikavolt\n|-damage|p2a: Salamance|78\/100|[from] item: Life Orb\n|\n|-weather|none\n|-end|p2a: Salamance|Protosynthesis\n|upkeep\n|\n|t:|1699583719\n|switch|p1a: Centiskorch|Centiskorch, M|91\/100\n|turn|10\n|\n|t:|1699583734\n|move|p2a: Salamance|Outrage|p1a: Centiskorch|[from]lockedmove\n|-damage|p1a: Centiskorch|0 fnt\n|faint|p1a: Centiskorch\n|-damage|p2a: Salamance|68\/100|[from] item: Life Orb\n|-start|p2a: Salamance|confusion|[fatigue]\n|\n|upkeep\n|\n|t:|1699583742\n|switch|p1a: Golisopod|Golisopod, F, shiny|100\/100\n|turn|11\n|\n|t:|1699583762\n|-activate|p2a: Salamance|confusion\n|move|p2a: Salamance|Outrage|p1a: Golisopod\n|-damage|p1a: Golisopod|33\/100\n|-activate|p1a: Golisopod|ability: Emergency Exit\n|-damage|p2a: Salamance|58\/100|[from] item: Life Orb\n|\n|t:|1699583768\n|switch|p1a: Scizor|Scizor, M, shiny|100\/100\n|\n|upkeep\n|turn|12\n|\n|t:|1699583778\n|detailschange|p1a: Scizor|Scizor-Mega, M, shiny\n|-mega|p1a: Scizor|Scizor|Scizorite\n|-activate|p2a: Salamance|confusion\n|move|p2a: Salamance|Outrage|p1a: Scizor|[from]lockedmove\n|-resisted|p1a: Scizor\n|-damage|p1a: Scizor|65\/100\n|-damage|p2a: Salamance|48\/100|[from] item: Life Orb\n|move|p1a: Scizor|Close Combat|p2a: Salamance\n|-supereffective|p2a: Salamance\n|-damage|p2a: Salamance|0 fnt\n|-unboost|p1a: Scizor|def|1\n|-unboost|p1a: Scizor|spd|1\n|faint|p2a: Salamance\n|-end|p2a: Salamance|Protosynthesis|[silent]\n|\n|upkeep\n|\n|t:|1699583792\n|switch|p2a: La mama riko|Meowscarada, F, shiny|100\/100\n|-damage|p2a: La mama riko|88\/100|[from] Stealth Rock\n|turn|13\n|\n|t:|1699583824\n|move|p2a: La mama riko|Knock Off|p1a: Scizor\n|-start|p2a: La mama riko|typechange|Dark|[from] ability: Protean\n|-damage|p1a: Scizor|30\/100\n|move|p1a: Scizor|Swords Dance|p1a: Scizor\n|-boost|p1a: Scizor|atk|2\n|\n|upkeep\n|turn|14\n|\n|t:|1699583835\n|move|p2a: La mama riko|Play Rough|p1a: Scizor\n|-resisted|p1a: Scizor\n|-damage|p1a: Scizor|14\/100\n|move|p1a: Scizor|Close Combat|p2a: La mama riko\n|-supereffective|p2a: La mama riko\n|-damage|p2a: La mama riko|0 fnt\n|-unboost|p1a: Scizor|def|1\n|-unboost|p1a: Scizor|spd|1\n|faint|p2a: La mama riko\n|\n|upkeep\n|\n|t:|1699583846\n|switch|p2a: 20cm|Kingambit, F, shiny|100\/100\n|-damage|p2a: 20cm|94\/100|[from] Stealth Rock\n|-activate|p2a: 20cm|ability: Supreme Overlord\n|-start|p2a: 20cm|fallen5|[silent]\n|turn|15\n|\n|t:|1699583867\n|move|p1a: Scizor|Close Combat|p2a: 20cm\n|-supereffective|p2a: 20cm\n|-damage|p2a: 20cm|0 fnt\n|-unboost|p1a: Scizor|def|1\n|-unboost|p1a: Scizor|spd|1\n|faint|p2a: 20cm\n|-end|p2a: 20cm|fallen5|[silent]\n|\n|win|Yoswuert88088\n|l|\u2606Black_Man9905\n","uploadtime":1699583902,"views":9,"p1id":"yoswuert88088","p2id":"blackman9905","formatid":"gen9nationaldexubers","rating":0,"private":0,"password":""}