{"id":"gen9nationaldexubers-1982717281","p1":"TheKeaToSuccess","p2":"Ezael_Stormblood","format":"[Gen 9] National Dex Ubers","log":"|j|\u2606TheKeaToSuccess\n|j|\u2606Ezael_Stormblood\n|t:|1699038416\n|gametype|singles\n|player|p1|TheKeaToSuccess|169|1170\n|player|p2|Ezael_Stormblood|hiker-gen4|1082\n|teamsize|p1|6\n|teamsize|p2|6\n|gen|9\n|tier|[Gen 9] National Dex Ubers\n|rated|\n|rule|HP Percentage Mod: HP is shown in percentages\n|rule|Endless Battle Clause: Forcing endless battles is banned\n|rule|OHKO Clause: OHKO moves are banned\n|rule|Evasion Moves Clause: Evasion moves are banned\n|rule|Evasion Items Clause: Evasion items are banned\n|rule|Species Clause: Limit one of each Pok\u00e9mon\n|rule|Sleep Clause Mod: Limit one foe put to sleep\n|rule|Mega Rayquaza Clause: You cannot mega evolve Rayquaza\n|clearpoke\n|poke|p1|Blissey, F|\n|poke|p1|Ribombee, M|\n|poke|p1|Cresselia, F|\n|poke|p1|Volcarona, F|\n|poke|p1|Primarina, F|\n|poke|p1|Pheromosa|\n|poke|p2|Annihilape, M|\n|poke|p2|Solgaleo|\n|poke|p2|Reshiram|\n|poke|p2|Genesect|\n|poke|p2|Arceus-Poison|\n|poke|p2|Lugia|\n|teampreview\n|\n|t:|1699038419\n|start\n|switch|p1a: Blissey|Blissey, F|100\/100\n|switch|p2a: Annihilape|Annihilape, M|100\/100\n|turn|1\n|\n|t:|1699038426\n|move|p2a: Annihilape|Stealth Rock|p1a: Blissey\n|-sidestart|p1: TheKeaToSuccess|move: Stealth Rock\n|move|p1a: Blissey|Thunder Wave|p2a: Annihilape\n|-status|p2a: Annihilape|par\n|\n|upkeep\n|turn|2\n|\n|t:|1699038434\n|switch|p1a: Volcarona|Volcarona, F|100\/100\n|-damage|p1a: Volcarona|50\/100|[from] Stealth Rock\n|move|p2a: Annihilape|Drain Punch|p1a: Volcarona\n|-resisted|p1a: Volcarona\n|-damage|p1a: Volcarona|34\/100\n|-damage|p2a: Annihilape|84\/100 par|[from] item: Rocky Helmet|[of] p1a: Volcarona\n|\n|upkeep\n|turn|3\n|\n|t:|1699038446\n|move|p1a: Volcarona|Quiver Dance|p1a: Volcarona\n|-boost|p1a: Volcarona|spa|1\n|-boost|p1a: Volcarona|spd|1\n|-boost|p1a: Volcarona|spe|1\n|move|p2a: Annihilape|Rage Fist|p1a: Volcarona\n|-damage|p1a: Volcarona|12\/100\n|-damage|p2a: Annihilape|67\/100 par|[from] item: Rocky Helmet|[of] p1a: Volcarona\n|\n|upkeep\n|turn|4\n|\n|t:|1699038460\n|move|p1a: Volcarona|Fiery Dance|p2a: Annihilape\n|-damage|p2a: Annihilape|22\/100 par\n|move|p2a: Annihilape|Rage Fist|p1a: Volcarona\n|-damage|p1a: Volcarona|0 fnt\n|-damage|p2a: Annihilape|5\/100 par|[from] item: Rocky Helmet|[of] p1a: Volcarona\n|faint|p1a: Volcarona\n|\n|upkeep\n|\n|t:|1699038477\n|switch|p1a: Pheromosa|Pheromosa|100\/100\n|-damage|p1a: Pheromosa|88\/100|[from] Stealth Rock\n|turn|5\n|\n|t:|1699038487\n|move|p1a: Pheromosa|Triple Axel|p2a: Annihilape|[miss]\n|-miss|p1a: Pheromosa|p2a: Annihilape\n|move|p2a: Annihilape|Rage Fist|p1a: Pheromosa\n|-damage|p1a: Pheromosa|0 fnt\n|faint|p1a: Pheromosa\n|\n|upkeep\n|c|\u2606Ezael_Stormblood|WHAT\n|\n|t:|1699038499\n|switch|p1a: Primarina|Primarina, F|100\/100\n|-damage|p1a: Primarina|88\/100|[from] Stealth Rock\n|turn|6\n|\n|t:|1699038506\n|move|p1a: Primarina|Hyper Voice|p2a: Annihilape\n|-damage|p2a: Annihilape|0 fnt\n|faint|p2a: Annihilape\n|-enditem|p1a: Primarina|Throat Spray\n|-boost|p1a: Primarina|spa|1|[from] item: Throat Spray\n|\n|upkeep\n|\n|t:|1699038511\n|switch|p2a: Solgaleo|Solgaleo|100\/100\n|turn|7\n|\n|t:|1699038524\n|move|p2a: Solgaleo|Light Screen|p2a: Solgaleo\n|-sidestart|p2: Ezael_Stormblood|move: Light Screen\n|move|p1a: Primarina|Hyper Voice|p2a: Solgaleo\n|-damage|p2a: Solgaleo|75\/100\n|\n|upkeep\n|turn|8\n|\n|t:|1699038530\n|move|p1a: Primarina|Hyper Voice|p2a: Solgaleo\n|-damage|p2a: Solgaleo|50\/100\n|move|p2a: Solgaleo|Teleport|p2a: Solgaleo\n|\n|t:|1699038540\n|switch|p2a: Genesect|Genesect, shiny|100\/100|[from] Teleport\n|-ability|p2a: Genesect|Download|boost\n|-boost|p2a: Genesect|atk|1\n|\n|upkeep\n|turn|9\n|\n|t:|1699038547\n|move|p2a: Genesect|Shift Gear|p2a: Genesect\n|-boost|p2a: Genesect|spe|2\n|-boost|p2a: Genesect|atk|1\n|move|p1a: Primarina|Hyper Voice|p2a: Genesect\n|-damage|p2a: Genesect|59\/100\n|\n|upkeep\n|turn|10\n|\n|t:|1699038556\n|move|p2a: Genesect|Iron Head|p1a: Primarina\n|-damage|p1a: Primarina|0 fnt\n|faint|p1a: Primarina\n|\n|upkeep\n|\n|t:|1699038568\n|switch|p1a: Blissey|Blissey, F|100\/100\n|-damage|p1a: Blissey|88\/100|[from] Stealth Rock\n|turn|11\n|\n|t:|1699038577\n|move|p2a: Genesect|Leech Life|p1a: Blissey\n|-damage|p1a: Blissey|0 fnt\n|-heal|p2a: Genesect|100\/100|[from] drain|[of] p1a: Blissey\n|faint|p1a: Blissey\n|\n|upkeep\n|\n|t:|1699038585\n|switch|p1a: Cresselia|Cresselia, F|100\/100\n|-damage|p1a: Cresselia|88\/100|[from] Stealth Rock\n|turn|12\n|c|\u2606Ezael_Stormblood|!weak psychic\n|c| Ezael_Stormblood|\/raw <div class=\"infobox\">Psychic:<br \/><span class=\"message-effect-weak\">Weaknesses<\/span>: Bug, Dark, Ghost<br \/><span class=\"message-effect-resist\">Resistances<\/span>: Fighting, Psychic<br \/><span class=\"message-effect-immune\">Immunities<\/span>: <font color=#999999>None<\/font><\/div>\n|\n|t:|1699038614\n|-terastallize|p1a: Cresselia|Steel\n|move|p2a: Genesect|Leech Life|p1a: Cresselia\n|-resisted|p1a: Cresselia\n|-damage|p1a: Cresselia|59\/100\n|cant|p1a: Cresselia|flinch\n|\n|upkeep\n|turn|13\n|\n|t:|1699038623\n|move|p2a: Genesect|Flame Charge|p1a: Cresselia\n|-supereffective|p1a: Cresselia\n|-damage|p1a: Cresselia|11\/100\n|-boost|p2a: Genesect|spe|1\n|move|p1a: Cresselia|Shadow Ball|p2a: Genesect\n|-damage|p2a: Genesect|91\/100\n|-unboost|p2a: Genesect|spd|1\n|\n|upkeep\n|turn|14\n|\n|t:|1699038632\n|move|p2a: Genesect|Flame Charge|p1a: Cresselia\n|-supereffective|p1a: Cresselia\n|-damage|p1a: Cresselia|0 fnt\n|-boost|p2a: Genesect|spe|1\n|faint|p1a: Cresselia\n|\n|-sideend|p2: Ezael_Stormblood|move: Light Screen\n|upkeep\n|\n|t:|1699038640\n|switch|p1a: Ribombee|Ribombee, M|100\/100\n|-damage|p1a: Ribombee|76\/100|[from] Stealth Rock\n|turn|15\n|\n|t:|1699038649\n|move|p2a: Genesect|Iron Head|p1a: Ribombee\n|-supereffective|p1a: Ribombee\n|-damage|p1a: Ribombee|0 fnt\n|faint|p1a: Ribombee\n|\n|win|Ezael_Stormblood\n|raw|TheKeaToSuccess's rating: 1170 &rarr; <strong>1139<\/strong><br \/>(-31 for losing)\n|raw|Ezael_Stormblood's rating: 1082 &rarr; <strong>1117<\/strong><br \/>(+35 for winning)\n|c|\u2606Ezael_Stormblood|gg\n|l|\u2606TheKeaToSuccess\n","uploadtime":1699038655,"views":13,"p1id":"thekeatosuccess","p2id":"ezaelstormblood","formatid":"gen9nationaldexubers","rating":1117,"private":0,"password":""}