{"id":"gen9nationaldexubers-1985313271","p1":"jzhuc1841","p2":"Szymszym134","format":"[Gen 9] National Dex Ubers","log":"|j|\u2606jzhuc1841\n|j|\u2606Szymszym134\n|t:|1699363377\n|gametype|singles\n|player|p1|jzhuc1841|hilbert-wonderlauncher|1601\n|player|p2|Szymszym134|elesa|1614\n|teamsize|p1|6\n|teamsize|p2|6\n|gen|9\n|tier|[Gen 9] National Dex Ubers\n|rated|\n|rule|HP Percentage Mod: HP is shown in percentages\n|rule|Endless Battle Clause: Forcing endless battles is banned\n|rule|OHKO Clause: OHKO moves are banned\n|rule|Evasion Moves Clause: Evasion moves are banned\n|rule|Evasion Items Clause: Evasion items are banned\n|rule|Species Clause: Limit one of each Pok\u00e9mon\n|rule|Sleep Clause Mod: Limit one foe put to sleep\n|rule|Mega Rayquaza Clause: You cannot mega evolve Rayquaza\n|clearpoke\n|poke|p1|Kyurem-Black|\n|poke|p1|Salamence, M|\n|poke|p1|Groudon|\n|poke|p1|Yveltal|\n|poke|p1|Arceus|\n|poke|p1|Zacian-*|\n|poke|p2|Mewtwo|\n|poke|p2|Kingambit, M|\n|poke|p2|Garganacl, F|\n|poke|p2|Arceus-Ground|\n|poke|p2|Urshifu-*, F|\n|poke|p2|Ditto|\n|teampreview\n|inactive|Battle timer is ON: inactive players will automatically lose when time's up. (requested by Szymszym134)\n|\n|t:|1699363388\n|start\n|switch|p1a: Yveltal|Yveltal|100\/100\n|switch|p2a: Arceus|Arceus-Ground|100\/100\n|-ability|p1a: Yveltal|Dark Aura\n|turn|1\n|\n|t:|1699363397\n|move|p2a: Arceus|Ice Beam|p1a: Yveltal\n|-supereffective|p1a: Yveltal\n|-crit|p1a: Yveltal\n|-damage|p1a: Yveltal|35\/100\n|move|p1a: Yveltal|Dark Pulse|p2a: Arceus\n|-damage|p2a: Arceus|60\/100\n|\n|upkeep\n|turn|2\n|\n|t:|1699363403\n|move|p2a: Arceus|Ice Beam|p1a: Yveltal\n|-supereffective|p1a: Yveltal\n|-damage|p1a: Yveltal|0 fnt\n|faint|p1a: Yveltal\n|\n|upkeep\n|\n|t:|1699363406\n|switch|p1a: Kyurem|Kyurem-Black|100\/100\n|-ability|p1a: Kyurem|Teravolt\n|turn|3\n|\n|t:|1699363410\n|switch|p2a: Garganacl|Garganacl, F|100\/100\n|move|p1a: Kyurem|Dragon Dance|p1a: Kyurem\n|-boost|p1a: Kyurem|atk|1\n|-boost|p1a: Kyurem|spe|1\n|\n|upkeep\n|turn|4\n|\n|t:|1699363415\n|move|p1a: Kyurem|Icicle Spear|p2a: Garganacl\n|-damage|p2a: Garganacl|88\/100\n|-damage|p2a: Garganacl|74\/100\n|-damage|p2a: Garganacl|61\/100\n|-damage|p2a: Garganacl|47\/100\n|-damage|p2a: Garganacl|34\/100\n|-hitcount|p2a: Garganacl|5\n|move|p2a: Garganacl|Salt Cure|p1a: Kyurem\n|-supereffective|p1a: Kyurem\n|-damage|p1a: Kyurem|79\/100\n|-start|p1a: Kyurem|Salt Cure\n|\n|-heal|p2a: Garganacl|40\/100|[from] item: Leftovers\n|-damage|p1a: Kyurem|66\/100|[from] Salt Cure\n|upkeep\n|turn|5\n|\n|t:|1699363428\n|move|p2a: Garganacl|Protect|p2a: Garganacl\n|-singleturn|p2a: Garganacl|Protect\n|move|p1a: Kyurem|Icicle Spear|p2a: Garganacl\n|-activate|p2a: Garganacl|move: Protect\n|\n|-heal|p2a: Garganacl|46\/100|[from] item: Leftovers\n|-damage|p1a: Kyurem|54\/100|[from] Salt Cure\n|upkeep\n|turn|6\n|\n|t:|1699363432\n|switch|p2a: Urshifu|Urshifu, F|100\/100\n|move|p1a: Kyurem|Icicle Spear|p2a: Urshifu\n|-crit|p2a: Urshifu\n|-damage|p2a: Urshifu|63\/100\n|-damage|p2a: Urshifu|39\/100\n|-damage|p2a: Urshifu|16\/100\n|-damage|p2a: Urshifu|0 fnt\n|faint|p2a: Urshifu\n|-hitcount|p2: Urshifu|4\n|\n|-damage|p1a: Kyurem|42\/100|[from] Salt Cure\n|upkeep\n|\n|t:|1699363442\n|switch|p2a: Ditto|Ditto|100\/100\n|-transform|p2a: Ditto|p1a: Kyurem|[from] ability: Imposter\n|-ability|p2a: Ditto|Teravolt\n|turn|7\n|\n|t:|1699363448\n|move|p2a: Ditto|Icicle Spear|p1a: Kyurem\n|-damage|p1a: Kyurem|22\/100\n|-crit|p1a: Kyurem\n|-damage|p1a: Kyurem|0 fnt\n|faint|p1a: Kyurem\n|-hitcount|p1: Kyurem|2\n|\n|upkeep\n|\n|t:|1699363451\n|switch|p1a: Groudon|Groudon|100\/100\n|detailschange|p1a: Groudon|Groudon-Primal\n|-primal|p1a: Groudon|Red Orb\n|-weather|DesolateLand|[from] ability: Desolate Land|[of] p1a: Groudon\n|turn|8\n|\n|t:|1699363455\n|-terastallize|p2a: Ditto|Ghost\n|move|p2a: Ditto|Icicle Spear|p1a: Groudon\n|-damage|p1a: Groudon|85\/100\n|-damage|p1a: Groudon|70\/100\n|-hitcount|p1a: Groudon|2\n|move|p1a: Groudon|Rock Polish|p1a: Groudon\n|-boost|p1a: Groudon|spe|2\n|\n|-weather|DesolateLand|[upkeep]\n|upkeep\n|turn|9\n|\n|t:|1699363463\n|switch|p2a: Arceus|Arceus-Ground|60\/100\n|move|p1a: Groudon|Heat Crash|p2a: Arceus\n|-damage|p2a: Arceus|19\/100\n|\n|-weather|DesolateLand|[upkeep]\n|upkeep\n|turn|10\n|\n|t:|1699363468\n|move|p1a: Groudon|Heat Crash|p2a: Arceus\n|-damage|p2a: Arceus|0 fnt\n|faint|p2a: Arceus\n|\n|-weather|DesolateLand|[upkeep]\n|upkeep\n|\n|t:|1699363472\n|switch|p2a: Ditto|Ditto, tera:Ghost|100\/100\n|-transform|p2a: Ditto|p1a: Groudon|[from] ability: Imposter\n|turn|11\n|\n|t:|1699363475\n|switch|p1a: Salamence|Salamence, M|100\/100\n|-ability|p1a: Salamence|Intimidate|boost\n|-unboost|p2a: Ditto|atk|1\n|move|p2a: Ditto|Precipice Blades|p1a: Salamence\n|-immune|p1a: Salamence\n|\n|-weather|DesolateLand|[upkeep]\n|upkeep\n|turn|12\n|\n|t:|1699363482\n|-weather|none\n|switch|p2a: Garganacl|Garganacl, F|46\/100\n|detailschange|p1a: Salamence|Salamence-Mega, M\n|-mega|p1a: Salamence|Salamence|Salamencite\n|move|p1a: Salamence|Dragon Dance|p1a: Salamence\n|-boost|p1a: Salamence|atk|1\n|-boost|p1a: Salamence|spe|1\n|\n|-heal|p2a: Garganacl|52\/100|[from] item: Leftovers\n|upkeep\n|turn|13\n|\n|t:|1699363488\n|move|p1a: Salamence|Earthquake|p2a: Garganacl\n|-supereffective|p2a: Garganacl\n|-damage|p2a: Garganacl|0 fnt\n|faint|p2a: Garganacl\n|\n|upkeep\n|\n|t:|1699363492\n|switch|p2a: Ditto|Ditto, tera:Ghost|100\/100\n|-transform|p2a: Ditto|p1a: Salamence|[from] ability: Imposter\n|turn|14\n|\n|t:|1699363499\n|move|p2a: Ditto|Return|p1a: Salamence\n|-damage|p1a: Salamence|99\/100\n|move|p1a: Salamence|Return|p2a: Ditto\n|-damage|p2a: Ditto|43\/100\n|\n|upkeep\n|turn|15\n|c|\u2606jzhuc1841|hh\n|inactive|jzhuc1841 has 120 seconds left.\n|c|\u2606jzhuc1841|use frustraion instead of return?\n|\n|t:|1699363533\n|switch|p2a: Mewtwo|Mewtwo|100\/100\n|-ability|p2a: Mewtwo|Unnerve\n|move|p1a: Salamence|Dragon Dance|p1a: Salamence\n|-boost|p1a: Salamence|atk|1\n|-boost|p1a: Salamence|spe|1\n|\n|upkeep\n|turn|16\n|\n|t:|1699363538\n|move|p1a: Salamence|Return|p2a: Mewtwo\n|-damage|p2a: Mewtwo|0 fnt\n|faint|p2a: Mewtwo\n|\n|upkeep\n|\n|t:|1699363541\n|switch|p2a: Kingambit|Kingambit, M|100\/100\n|-activate|p2a: Kingambit|ability: Supreme Overlord\n|-start|p2a: Kingambit|fallen4|[silent]\n|turn|17\n|\n|t:|1699363545\n|move|p2a: Kingambit|Sucker Punch|p1a: Salamence\n|-damage|p1a: Salamence|64\/100\n|move|p1a: Salamence|Earthquake|p2a: Kingambit\n|-supereffective|p2a: Kingambit\n|-damage|p2a: Kingambit|5\/100\n|\n|upkeep\n|turn|18\n|\n|t:|1699363551\n|move|p2a: Kingambit|Sucker Punch||[still]\n|-fail|p2a: Kingambit\n|move|p1a: Salamence|Roost|p1a: Salamence\n|-heal|p1a: Salamence|100\/100\n|-singleturn|p1a: Salamence|move: Roost\n|\n|upkeep\n|turn|19\n|\n|t:|1699363555\n|move|p2a: Kingambit|Sucker Punch|p1a: Salamence\n|-damage|p1a: Salamence|63\/100\n|move|p1a: Salamence|Earthquake|p2a: Kingambit\n|-supereffective|p2a: Kingambit\n|-damage|p2a: Kingambit|0 fnt\n|faint|p2a: Kingambit\n|-end|p2a: Kingambit|fallen4|[silent]\n|\n|upkeep\n|-message|Szymszym134 forfeited.\n|\n|win|jzhuc1841\n|raw|jzhuc1841's rating: 1601 &rarr; <strong>1622<\/strong><br \/>(+21 for winning)\n|raw|Szymszym134's rating: 1614 &rarr; <strong>1593<\/strong><br \/>(-21 for losing)\n|l|\u2606Szymszym134\n","uploadtime":1699363568,"views":4,"p1id":"jzhuc1841","p2id":"szymszym134","formatid":"gen9nationaldexubers","rating":1593,"private":0,"password":""}