{"id":"gen9nationaldexubers-1989368230","p1":"meteorbower","p2":"flungusdungus","format":"[Gen 9] National Dex Ubers","log":"|j|\u2606meteorbower\n|j|\u2606flungusdungus\n|t:|1699841561\n|gametype|singles\n|player|p1|meteorbower|archie-gen3|\n|player|p2|flungusdungus|clown|\n|teamsize|p1|6\n|teamsize|p2|6\n|gen|9\n|tier|[Gen 9] National Dex Ubers\n|rule|HP Percentage Mod: HP is shown in percentages\n|rule|Endless Battle Clause: Forcing endless battles is banned\n|rule|OHKO Clause: OHKO moves are banned\n|rule|Evasion Moves Clause: Evasion moves are banned\n|rule|Evasion Items Clause: Evasion items are banned\n|rule|Species Clause: Limit one of each Pok\u00e9mon\n|rule|Sleep Clause Mod: Limit one foe put to sleep\n|rule|Mega Rayquaza Clause: You cannot mega evolve Rayquaza\n|clearpoke\n|poke|p1|Keldeo|\n|poke|p1|Espeon, M|\n|poke|p1|Blastoise, M|\n|poke|p1|Duraludon, M|\n|poke|p1|Conkeldurr, F|\n|poke|p1|Slurpuff, F|\n|poke|p2|Keldeo-Resolute|\n|poke|p2|Espeon, M|\n|poke|p2|Weezing, F|\n|poke|p2|Blastoise, F|\n|poke|p2|Conkeldurr, M|\n|poke|p2|Stunfisk-Galar, M|\n|teampreview\n|c|\u2606flungusdungus|glhf\n|c|\u2606meteorbower|no u\n|\n|t:|1699841594\n|start\n|switch|p1a: Dual Round|Duraludon, M|100\/100\n|switch|p2a: peter.|Keldeo-Resolute|100\/100\n|turn|1\n|j| troon stomper\n|\n|t:|1699841609\n|switch|p1a: Seep On|Espeon, M|100\/100\n|move|p2a: peter.|Flip Turn|p1a: Seep On\n|-damage|p1a: Seep On|75\/100\n|l| troon stomper\n|\n|t:|1699841625\n|switch|p2a: SAW|Stunfisk-Galar, M|100\/100|[from] Flip Turn\n|\n|upkeep\n|turn|2\n|\n|t:|1699841634\n|move|p1a: Seep On|Hidden Power|p2a: SAW\n|-supereffective|p2a: SAW\n|-damage|p2a: SAW|74\/100\n|move|p2a: SAW|Crunch|p1a: Seep On\n|-supereffective|p1a: Seep On\n|-crit|p1a: Seep On\n|-damage|p1a: Seep On|0 fnt\n|faint|p1a: Seep On\n|\n|-heal|p2a: SAW|80\/100|[from] item: Leftovers\n|upkeep\n|\n|t:|1699841653\n|switch|p1a: Ruff Plus|Slurpuff, F|100\/100\n|turn|3\n|\n|t:|1699841698\n|switch|p1a: Dual Round|Duraludon, M|100\/100\n|move|p2a: SAW|Thunder Wave|p1a: Dual Round\n|-status|p1a: Dual Round|par\n|\n|-heal|p2a: SAW|86\/100|[from] item: Leftovers\n|upkeep\n|turn|4\n|\n|t:|1699841726\n|move|p1a: Dual Round|Iron Defense|p1a: Dual Round\n|-boost|p1a: Dual Round|def|2\n|move|p2a: SAW|Stealth Rock|p1a: Dual Round\n|-sidestart|p1: meteorbower|move: Stealth Rock\n|\n|-heal|p2a: SAW|92\/100|[from] item: Leftovers\n|upkeep\n|turn|5\n|\n|t:|1699841743\n|switch|p2a: sneezler|Conkeldurr, M|100\/100\n|move|p1a: Dual Round|Thunderbolt|p2a: sneezler\n|-damage|p2a: sneezler|65\/100\n|\n|-heal|p2a: sneezler|72\/100|[from] item: Leftovers\n|upkeep\n|turn|6\n|\n|t:|1699841757\n|cant|p1a: Dual Round|par\n|move|p2a: sneezler|Bulk Up|p2a: sneezler\n|-boost|p2a: sneezler|atk|1\n|-boost|p2a: sneezler|def|1\n|\n|-heal|p2a: sneezler|78\/100|[from] item: Leftovers\n|upkeep\n|turn|7\n|\n|t:|1699841772\n|move|p1a: Dual Round|Iron Defense|p1a: Dual Round\n|-boost|p1a: Dual Round|def|2\n|move|p2a: sneezler|Bulk Up|p2a: sneezler\n|-boost|p2a: sneezler|atk|1\n|-boost|p2a: sneezler|def|1\n|\n|-heal|p2a: sneezler|84\/100|[from] item: Leftovers\n|upkeep\n|turn|8\n|\n|t:|1699841781\n|move|p1a: Dual Round|Iron Defense|p1a: Dual Round\n|-boost|p1a: Dual Round|def|2\n|move|p2a: sneezler|Drain Punch|p1a: Dual Round\n|-supereffective|p1a: Dual Round\n|-damage|p1a: Dual Round|49\/100 par\n|-heal|p2a: sneezler|100\/100|[from] drain|[of] p1a: Dual Round\n|\n|upkeep\n|turn|9\n|\n|t:|1699841788\n|move|p1a: Dual Round|Body Press|p2a: sneezler\n|-damage|p2a: sneezler|64\/100\n|move|p2a: sneezler|Drain Punch|p1a: Dual Round\n|-supereffective|p1a: Dual Round\n|-damage|p1a: Dual Round|1\/100 par\n|-heal|p2a: sneezler|80\/100|[from] drain|[of] p1a: Dual Round\n|\n|-heal|p2a: sneezler|86\/100|[from] item: Leftovers\n|upkeep\n|turn|10\n|\n|t:|1699841804\n|move|p1a: Dual Round|Stealth Rock|p2a: sneezler\n|-sidestart|p2: flungusdungus|move: Stealth Rock\n|move|p2a: sneezler|Drain Punch|p1a: Dual Round\n|-supereffective|p1a: Dual Round\n|-damage|p1a: Dual Round|0 fnt\n|-heal|p2a: sneezler|87\/100|[from] drain|[of] p1a: Dual Round\n|faint|p1a: Dual Round\n|\n|-heal|p2a: sneezler|93\/100|[from] item: Leftovers\n|upkeep\n|\n|t:|1699841827\n|switch|p1a: Older Crunk|Conkeldurr, F|100\/100\n|-damage|p1a: Older Crunk|94\/100|[from] Stealth Rock\n|turn|11\n|\n|t:|1699841833\n|move|p1a: Older Crunk|Knock Off|p2a: sneezler\n|-resisted|p2a: sneezler\n|-crit|p2a: sneezler\n|-damage|p2a: sneezler|68\/100\n|-enditem|p2a: sneezler|Leftovers|[from] move: Knock Off|[of] p1a: Older Crunk\n|move|p2a: sneezler|Bulk Up|p2a: sneezler\n|-boost|p2a: sneezler|atk|1\n|-boost|p2a: sneezler|def|1\n|\n|-status|p1a: Older Crunk|brn|[from] item: Flame Orb\n|upkeep\n|turn|12\n|\n|t:|1699841860\n|move|p1a: Older Crunk|Thunder Punch|p2a: sneezler\n|-damage|p2a: sneezler|53\/100\n|-status|p2a: sneezler|par\n|move|p2a: sneezler|Drain Punch|p1a: Older Crunk\n|-damage|p1a: Older Crunk|0 fnt\n|-heal|p2a: sneezler|93\/100 par|[from] drain|[of] p1a: Older Crunk\n|faint|p1a: Older Crunk\n|\n|upkeep\n|\n|t:|1699841868\n|switch|p1a: Old Eke|Keldeo|100\/100\n|-damage|p1a: Old Eke|94\/100|[from] Stealth Rock\n|turn|13\n|\n|t:|1699841872\n|move|p1a: Old Eke|Air Slash|p2a: sneezler\n|-supereffective|p2a: sneezler\n|-damage|p2a: sneezler|32\/100 par\n|move|p2a: sneezler|Drain Punch|p1a: Old Eke\n|-damage|p1a: Old Eke|0 fnt\n|-heal|p2a: sneezler|69\/100 par|[from] drain|[of] p1a: Old Eke\n|faint|p1a: Old Eke\n|\n|upkeep\n|\n|t:|1699841887\n|switch|p1a: So Bestial|Blastoise, M|100\/100\n|-damage|p1a: So Bestial|88\/100|[from] Stealth Rock\n|turn|14\n|\n|t:|1699841894\n|move|p1a: So Bestial|Shell Smash|p1a: So Bestial\n|-unboost|p1a: So Bestial|def|1\n|-unboost|p1a: So Bestial|spd|1\n|-boost|p1a: So Bestial|atk|2\n|-boost|p1a: So Bestial|spa|2\n|-boost|p1a: So Bestial|spe|2\n|-enditem|p1a: So Bestial|White Herb\n|-clearnegativeboost|p1a: So Bestial|[silent]\n|move|p2a: sneezler|Thunder Punch|p1a: So Bestial\n|-supereffective|p1a: So Bestial\n|-damage|p1a: So Bestial|0 fnt\n|faint|p1a: So Bestial\n|\n|upkeep\n|\n|t:|1699841903\n|switch|p1a: Ruff Plus|Slurpuff, F|100\/100\n|-damage|p1a: Ruff Plus|88\/100|[from] Stealth Rock\n|turn|15\n|\n|t:|1699841908\n|move|p1a: Ruff Plus|Belly Drum|p1a: Ruff Plus\n|-damage|p1a: Ruff Plus|38\/100\n|-setboost|p1a: Ruff Plus|atk|6|[from] move: Belly Drum\n|-enditem|p1a: Ruff Plus|Sitrus Berry|[eat]\n|-heal|p1a: Ruff Plus|63\/100|[from] item: Sitrus Berry\n|move|p2a: sneezler|Drain Punch|p1a: Ruff Plus\n|-resisted|p1a: Ruff Plus\n|-damage|p1a: Ruff Plus|0 fnt\n|-heal|p2a: sneezler|92\/100 par|[from] drain|[of] p1a: Ruff Plus\n|faint|p1a: Ruff Plus\n|\n|win|flungusdungus\n|c|\u2606meteorbower|gg\n|c|\u2606flungusdungus|gg\n","uploadtime":1699841920,"views":6,"p1id":"meteorbower","p2id":"flungusdungus","formatid":"gen9nationaldexubers","rating":0,"private":0,"password":""}