{"id":"gen9nationaldexubers-1993740909","p1":"Fourpiece","p2":"Kdisue","format":"[Gen 9] National Dex Ubers","log":"|j|\u2606Fourpiece\n|j|\u2606Kdisue\n|t:|1700351691\n|gametype|singles\n|player|p1|Fourpiece|101|1110\n|player|p2|Kdisue|102|1054\n|teamsize|p1|6\n|teamsize|p2|6\n|gen|9\n|tier|[Gen 9] National Dex Ubers\n|rated|\n|rule|HP Percentage Mod: HP is shown in percentages\n|rule|Endless Battle Clause: Forcing endless battles is banned\n|rule|OHKO Clause: OHKO moves are banned\n|rule|Evasion Moves Clause: Evasion moves are banned\n|rule|Evasion Items Clause: Evasion items are banned\n|rule|Species Clause: Limit one of each Pok\u00e9mon\n|rule|Sleep Clause Mod: Limit one foe put to sleep\n|rule|Mega Rayquaza Clause: You cannot mega evolve Rayquaza\n|clearpoke\n|poke|p1|Ursaluna-Bloodmoon, M|\n|poke|p1|Gallade, M|\n|poke|p1|Skarmory, M|\n|poke|p1|Azumarill, M|\n|poke|p1|Arcanine, F|\n|poke|p1|Goodra, F|\n|poke|p2|Deoxys-Defense|\n|poke|p2|Chansey, F|\n|poke|p2|Ferrothorn, F|\n|poke|p2|Rotom-Wash|\n|poke|p2|Ho-Oh|\n|poke|p2|Lugia|\n|teampreview\n|inactive|Battle timer is ON: inactive players will automatically lose when time's up. (requested by Kdisue)\n|\n|t:|1700351702\n|start\n|switch|p1a: Goodra|Goodra, F|100\/100\n|switch|p2a: Washington|Rotom-Wash|100\/100\n|turn|1\n|\n|t:|1700351710\n|move|p2a: Washington|Trick|p1a: Goodra\n|-activate|p2a: Washington|move: Trick|[of] p1a: Goodra\n|-item|p1a: Goodra|Choice Specs|[from] move: Trick\n|-item|p2a: Washington|Assault Vest|[from] move: Trick\n|move|p1a: Goodra|Sludge Bomb|p2a: Washington\n|-damage|p2a: Washington|58\/100\n|\n|upkeep\n|turn|2\n|\n|t:|1700351721\n|move|p2a: Washington|Volt Switch|p1a: Goodra\n|-resisted|p1a: Goodra\n|-damage|p1a: Goodra|90\/100\n|\n|t:|1700351725\n|switch|p2a: Iron boy|Ferrothorn, F|100\/100|[from] Volt Switch\n|move|p1a: Goodra|Sludge Bomb|p2a: Iron boy\n|-immune|p2a: Iron boy\n|\n|upkeep\n|turn|3\n|\n|t:|1700351735\n|switch|p1a: Arcanine|Arcanine, F|100\/100\n|-ability|p1a: Arcanine|Intimidate|boost\n|-unboost|p2a: Iron boy|atk|1\n|move|p2a: Iron boy|Gyro Ball|p1a: Arcanine\n|-resisted|p1a: Arcanine\n|-damage|p1a: Arcanine|60\/100\n|\n|upkeep\n|turn|4\n|\n|t:|1700351744\n|switch|p2a: Ho-Oh|Ho-Oh|100\/100\n|move|p1a: Arcanine|Will-O-Wisp|p2a: Ho-Oh\n|-immune|p2a: Ho-Oh\n|\n|upkeep\n|turn|5\n|\n|t:|1700351763\n|move|p1a: Arcanine|Wild Charge|p2a: Ho-Oh\n|-supereffective|p2a: Ho-Oh\n|-damage|p2a: Ho-Oh|39\/100\n|-damage|p1a: Arcanine|40\/100|[from] Recoil\n|move|p2a: Ho-Oh|Earthquake|p1a: Arcanine\n|-supereffective|p1a: Arcanine\n|-damage|p1a: Arcanine|0 fnt\n|faint|p1a: Arcanine\n|\n|upkeep\n|inactive|Fourpiece has 120 seconds left.\n|\n|t:|1700351785\n|switch|p1a: Ursaluna|Ursaluna-Bloodmoon, M|100\/100\n|turn|6\n|\n|t:|1700351795\n|move|p2a: Ho-Oh|Sacred Fire|p1a: Ursaluna\n|-damage|p1a: Ursaluna|73\/100\n|-status|p1a: Ursaluna|brn\n|move|p1a: Ursaluna|Calm Mind|p1a: Ursaluna\n|-boost|p1a: Ursaluna|spa|1\n|-boost|p1a: Ursaluna|spd|1\n|\n|-heal|p1a: Ursaluna|79\/100 brn|[from] item: Leftovers\n|-damage|p1a: Ursaluna|73\/100 brn|[from] brn\n|upkeep\n|turn|7\n|\n|t:|1700351810\n|switch|p2a: Washington|Rotom-Wash|58\/100\n|move|p1a: Ursaluna|Blood Moon|p2a: Washington\n|-damage|p2a: Washington|0 fnt\n|faint|p2a: Washington\n|\n|-heal|p1a: Ursaluna|79\/100 brn|[from] item: Leftovers\n|-damage|p1a: Ursaluna|73\/100 brn|[from] brn\n|upkeep\n|\n|t:|1700351822\n|switch|p2a: Egg woman|Chansey, F|100\/100\n|turn|8\n|\n|t:|1700351832\n|move|p1a: Ursaluna|Vacuum Wave|p2a: Egg woman\n|-supereffective|p2a: Egg woman\n|-damage|p2a: Egg woman|77\/100\n|move|p2a: Egg woman|Power-Up Punch|p1a: Ursaluna\n|-supereffective|p1a: Ursaluna\n|-crit|p1a: Ursaluna\n|-damage|p1a: Ursaluna|62\/100 brn\n|-boost|p2a: Egg woman|atk|1\n|\n|-heal|p1a: Ursaluna|68\/100 brn|[from] item: Leftovers\n|-damage|p1a: Ursaluna|62\/100 brn|[from] brn\n|upkeep\n|turn|9\n|\n|t:|1700351844\n|move|p1a: Ursaluna|Blood Moon|p2a: Egg woman\n|-damage|p2a: Egg woman|15\/100\n|move|p2a: Egg woman|Ice Punch|p1a: Ursaluna\n|-supereffective|p1a: Ursaluna\n|-damage|p1a: Ursaluna|44\/100 brn\n|\n|-heal|p1a: Ursaluna|50\/100 brn|[from] item: Leftovers\n|-damage|p1a: Ursaluna|44\/100 brn|[from] brn\n|upkeep\n|turn|10\n|\n|t:|1700351856\n|switch|p2a: Ho-Oh|Ho-Oh|72\/100\n|move|p1a: Ursaluna|Vacuum Wave|p2a: Ho-Oh\n|-resisted|p2a: Ho-Oh\n|-damage|p2a: Ho-Oh|68\/100\n|\n|-heal|p1a: Ursaluna|50\/100 brn|[from] item: Leftovers\n|-damage|p1a: Ursaluna|44\/100 brn|[from] brn\n|upkeep\n|turn|11\n|\n|t:|1700351866\n|switch|p2a: Egg woman|Chansey, F|15\/100\n|move|p1a: Ursaluna|Blood Moon|p2a: Egg woman\n|-damage|p2a: Egg woman|0 fnt\n|faint|p2a: Egg woman\n|\n|-heal|p1a: Ursaluna|50\/100 brn|[from] item: Leftovers\n|-damage|p1a: Ursaluna|44\/100 brn|[from] brn\n|upkeep\n|\n|t:|1700351885\n|switch|p2a: Ho-Oh|Ho-Oh|100\/100\n|turn|12\n|\n|t:|1700351893\n|move|p2a: Ho-Oh|Sacred Fire|p1a: Ursaluna\n|-damage|p1a: Ursaluna|17\/100 brn\n|move|p1a: Ursaluna|Calm Mind|p1a: Ursaluna\n|-boost|p1a: Ursaluna|spa|1\n|-boost|p1a: Ursaluna|spd|1\n|\n|-heal|p1a: Ursaluna|23\/100 brn|[from] item: Leftovers\n|-damage|p1a: Ursaluna|17\/100 brn|[from] brn\n|upkeep\n|turn|13\n|\n|t:|1700351903\n|move|p2a: Ho-Oh|Brave Bird|p1a: Ursaluna\n|-damage|p1a: Ursaluna|0 fnt\n|faint|p1a: Ursaluna\n|-damage|p2a: Ho-Oh|95\/100|[from] Recoil\n|\n|upkeep\n|\n|t:|1700351924\n|switch|p1a: Azumarill|Azumarill, M|100\/100\n|turn|14\n|\n|t:|1700351928\n|move|p2a: Ho-Oh|Sacred Fire|p1a: Azumarill\n|-resisted|p1a: Azumarill\n|-damage|p1a: Azumarill|78\/100\n|-status|p1a: Azumarill|brn\n|move|p1a: Azumarill|Superpower|p2a: Ho-Oh\n|-resisted|p2a: Ho-Oh\n|-damage|p2a: Ho-Oh|78\/100\n|-unboost|p1a: Azumarill|atk|1\n|-unboost|p1a: Azumarill|def|1\n|\n|-damage|p1a: Azumarill|72\/100 brn|[from] brn\n|upkeep\n|turn|15\n|-message|Fourpiece forfeited.\n|\n|win|Kdisue\n|raw|Fourpiece's rating: 1130 &rarr; <strong>1100<\/strong><br \/>(-30 for losing)\n|raw|Kdisue's rating: 1054 &rarr; <strong>1093<\/strong><br \/>(+39 for winning)\n|l|\u2606Fourpiece\n","uploadtime":1700351943,"views":6,"p1id":"fourpiece","p2id":"kdisue","formatid":"gen9nationaldexubers","rating":1093,"private":0,"password":""}