{"id":"gen9nationaldexubers-1987179792","p1":"DanTheNinja56","p2":"KingoftheTitans","format":"[Gen 9] National Dex Ubers","log":"|j|\u2606DanTheNinja56\n|j|\u2606KingoftheTitans\n|t:|1699562811\n|gametype|singles\n|player|p1|DanTheNinja56|hilbert-wonderlauncher|1407\n|player|p2|KingoftheTitans|169|1367\n|teamsize|p1|6\n|teamsize|p2|6\n|gen|9\n|tier|[Gen 9] National Dex Ubers\n|rated|\n|rule|HP Percentage Mod: HP is shown in percentages\n|rule|Endless Battle Clause: Forcing endless battles is banned\n|rule|OHKO Clause: OHKO moves are banned\n|rule|Evasion Moves Clause: Evasion moves are banned\n|rule|Evasion Items Clause: Evasion items are banned\n|rule|Species Clause: Limit one of each Pok\u00e9mon\n|rule|Sleep Clause Mod: Limit one foe put to sleep\n|rule|Mega Rayquaza Clause: You cannot mega evolve Rayquaza\n|clearpoke\n|poke|p1|Kyogre|\n|poke|p1|Eternatus|\n|poke|p1|Zacian-*|\n|poke|p1|Marshadow|\n|poke|p1|Kommo-o, F|\n|poke|p1|Kingambit, M|\n|poke|p2|Porygon-Z|\n|poke|p2|Absol, F|\n|poke|p2|Iron Valiant|\n|poke|p2|Heatran, M|\n|poke|p2|Genesect|\n|poke|p2|Rotom-Wash|\n|teampreview\n|\n|t:|1699562819\n|start\n|switch|p1a: Kommo-o|Kommo-o, F|100\/100\n|switch|p2a: Genesect|Genesect, shiny|100\/100\n|-ability|p2a: Genesect|Download|boost\n|-boost|p2a: Genesect|spa|1\n|turn|1\n|\n|t:|1699562834\n|move|p2a: Genesect|U-turn|p1a: Kommo-o\n|-resisted|p1a: Kommo-o\n|-damage|p1a: Kommo-o|84\/100\n|\n|t:|1699562840\n|switch|p2a: Iron Valiant|Iron Valiant|100\/100|[from] U-turn\n|-enditem|p2a: Iron Valiant|Booster Energy\n|-activate|p2a: Iron Valiant|ability: Quark Drive|[fromitem]\n|-start|p2a: Iron Valiant|quarkdrivespe\n|-zpower|p1a: Kommo-o\n|move|p1a: Kommo-o|Clangorous Soulblaze|p2a: Iron Valiant|[zeffect]\n|-immune|p2a: Iron Valiant\n|\n|upkeep\n|turn|2\n|inactive|Battle timer is ON: inactive players will automatically lose when time's up. (requested by DanTheNinja56)\n|\n|t:|1699562852\n|switch|p1a: Zacian|Zacian-Crowned, shiny|100\/100\n|-ability|p1a: Zacian|Intrepid Sword|boost\n|-boost|p1a: Zacian|atk|1\n|move|p2a: Iron Valiant|Moonblast|p1a: Zacian\n|-resisted|p1a: Zacian\n|-damage|p1a: Zacian|79\/100\n|\n|upkeep\n|turn|3\n|inactive|DanTheNinja56 has 120 seconds left.\n|\n|t:|1699562901\n|move|p2a: Iron Valiant|Destiny Bond|p2a: Iron Valiant\n|-singlemove|p2a: Iron Valiant|Destiny Bond\n|move|p1a: Zacian|Behemoth Blade|p2a: Iron Valiant\n|-supereffective|p2a: Iron Valiant\n|-damage|p2a: Iron Valiant|0 fnt\n|faint|p2a: Iron Valiant\n|-activate|p2a: Iron Valiant|move: Destiny Bond\n|-end|p2a: Iron Valiant|Quark Drive|[silent]\n|faint|p1a: Zacian\n|\n|upkeep\n|\n|t:|1699562919\n|switch|p1a: Kommo-o|Kommo-o, F|84\/100\n|switch|p2a: Genesect|Genesect, shiny|100\/100\n|-ability|p2a: Genesect|Download|boost\n|-boost|p2a: Genesect|spa|1\n|turn|4\n|c|\u2606DanTheNinja56|Mate u gave up the only counter to my kommo o\n|\n|t:|1699562939\n|move|p2a: Genesect|Ice Beam|p1a: Kommo-o\n|-supereffective|p1a: Kommo-o\n|-damage|p1a: Kommo-o|0 fnt\n|faint|p1a: Kommo-o\n|\n|upkeep\n|c|\u2606KingoftheTitans|Did I?\n|c|\u2606DanTheNinja56|Nvm\n|c|\u2606DanTheNinja56|U still gave up ur best mon\n|inactive|DanTheNinja56 has 90 seconds left.\n|c|\u2606DanTheNinja56|Kinda dumb\n|\n|t:|1699562965\n|switch|p1a: Kyogre|Kyogre, shiny|100\/100\n|detailschange|p1a: Kyogre|Kyogre-Primal, shiny\n|-primal|p1a: Kyogre|Blue Orb\n|-weather|PrimordialSea|[from] ability: Primordial Sea|[of] p1a: Kyogre\n|turn|5\n|c|\u2606KingoftheTitans|Dumb is my middle name\n|\n|t:|1699562972\n|switch|p2a: Rotom|Rotom-Wash|100\/100\n|move|p1a: Kyogre|Earthquake|p2a: Rotom\n|-immune|p2a: Rotom|[from] ability: Levitate\n|\n|-weather|PrimordialSea|[upkeep]\n|upkeep\n|turn|6\n|\n|t:|1699562978\n|move|p1a: Kyogre|Thunder|p2a: Rotom\n|-damage|p2a: Rotom|30\/100\n|move|p2a: Rotom|Thunderbolt|p1a: Kyogre\n|-supereffective|p1a: Kyogre\n|-damage|p1a: Kyogre|46\/100\n|\n|-weather|PrimordialSea|[upkeep]\n|-heal|p2a: Rotom|36\/100|[from] item: Leftovers\n|upkeep\n|turn|7\n|\n|t:|1699562985\n|move|p1a: Kyogre|Thunder|p2a: Rotom\n|-damage|p2a: Rotom|0 fnt\n|faint|p2a: Rotom\n|\n|-weather|PrimordialSea|[upkeep]\n|upkeep\n|\n|t:|1699562990\n|switch|p2a: Genesect|Genesect, shiny|100\/100\n|-ability|p2a: Genesect|Download|boost\n|-boost|p2a: Genesect|atk|1\n|turn|8\n|\n|t:|1699562996\n|move|p2a: Genesect|U-turn|p1a: Kyogre\n|-damage|p1a: Kyogre|0 fnt\n|faint|p1a: Kyogre\n|-weather|none\n|\n|t:|1699563000\n|switch|p2a: Absol|Absol, F|100\/100|[from] U-turn\n|\n|upkeep\n|\n|t:|1699563008\n|switch|p1a: Marshadow|Marshadow|100\/100\n|turn|9\n|\n|t:|1699563013\n|detailschange|p2a: Absol|Absol-Mega, F\n|-mega|p2a: Absol|Absol|Absolite\n|move|p2a: Absol|Sucker Punch|p1a: Marshadow\n|-damage|p1a: Marshadow|46\/100\n|move|p1a: Marshadow|Close Combat|p2a: Absol\n|-supereffective|p2a: Absol\n|-damage|p2a: Absol|0 fnt\n|-unboost|p1a: Marshadow|def|1\n|-unboost|p1a: Marshadow|spd|1\n|faint|p2a: Absol\n|\n|upkeep\n|\n|t:|1699563024\n|switch|p2a: Genesect|Genesect, shiny|100\/100\n|-ability|p2a: Genesect|Download|boost\n|-boost|p2a: Genesect|atk|1\n|turn|10\n|\n|t:|1699563028\n|move|p2a: Genesect|Iron Head|p1a: Marshadow\n|-damage|p1a: Marshadow|0 fnt\n|faint|p1a: Marshadow\n|\n|upkeep\n|\n|t:|1699563034\n|switch|p1a: Eternatus|Eternatus|100\/100\n|-ability|p1a: Eternatus|Pressure\n|turn|11\n|\n|t:|1699563038\n|move|p2a: Genesect|Iron Head|p1a: Eternatus\n|-damage|p1a: Eternatus|47\/100\n|cant|p1a: Eternatus|flinch\n|\n|upkeep\n|turn|12\n|\n|t:|1699563043\n|-terastallize|p1a: Eternatus|Fire\n|move|p2a: Genesect|Iron Head|p1a: Eternatus\n|-resisted|p1a: Eternatus\n|-damage|p1a: Eternatus|20\/100\n|move|p1a: Eternatus|Flamethrower|p2a: Genesect\n|-supereffective|p2a: Genesect\n|-damage|p2a: Genesect|0 fnt\n|faint|p2a: Genesect\n|\n|upkeep\n|\n|t:|1699563056\n|switch|p2a: Porygon-Z|Porygon-Z|100\/100\n|turn|13\n|\n|t:|1699563060\n|move|p1a: Eternatus|Flamethrower|p2a: Porygon-Z\n|-crit|p2a: Porygon-Z\n|-damage|p2a: Porygon-Z|0 fnt\n|faint|p2a: Porygon-Z\n|\n|upkeep\n|\n|t:|1699563064\n|switch|p2a: Heatran|Heatran, M|100\/100\n|-item|p2a: Heatran|Air Balloon\n|turn|14\n|\n|t:|1699563069\n|move|p1a: Eternatus|Dynamax Cannon|p2a: Heatran\n|-resisted|p2a: Heatran\n|-damage|p2a: Heatran|75\/100\n|-enditem|p2a: Heatran|Air Balloon\n|move|p2a: Heatran|Flash Cannon|p1a: Eternatus\n|-resisted|p1a: Eternatus\n|-damage|p1a: Eternatus|7\/100\n|\n|upkeep\n|turn|15\n|\n|t:|1699563079\n|move|p1a: Eternatus|Flamethrower|p2a: Heatran\n|-start|p2a: Heatran|ability: Flash Fire\n|move|p2a: Heatran|Earth Power|p1a: Eternatus\n|-supereffective|p1a: Eternatus\n|-damage|p1a: Eternatus|0 fnt\n|faint|p1a: Eternatus\n|\n|upkeep\n|\n|t:|1699563082\n|switch|p1a: Kingambit|Kingambit, M|100\/100\n|-activate|p1a: Kingambit|ability: Supreme Overlord\n|-start|p1a: Kingambit|fallen5|[silent]\n|turn|16\n|\n|t:|1699563091\n|move|p2a: Heatran|Magma Storm|p1a: Kingambit|[miss]\n|-miss|p2a: Heatran|p1a: Kingambit\n|move|p1a: Kingambit|Kowtow Cleave|p2a: Heatran\n|-damage|p2a: Heatran|0 fnt\n|faint|p2a: Heatran\n|-damage|p1a: Kingambit|91\/100|[from] item: Life Orb\n|\n|win|DanTheNinja56\n|raw|DanTheNinja56's rating: 1407 &rarr; <strong>1425<\/strong><br \/>(+18 for winning)\n|raw|KingoftheTitans's rating: 1367 &rarr; <strong>1349<\/strong><br \/>(-18 for losing)\n|c|\u2606KingoftheTitans|OH COME ON\n|c|\u2606DanTheNinja56|LMAO\n|c|\u2606DanTheNinja56|DAMN\n|c|\u2606DanTheNinja56|RNG WAS NOT ON UR SIDE BRUV\n|c|\u2606DanTheNinja56|\ud83d\ude2d\n|c|\u2606KingoftheTitans|I'll get you next time *COUGH COUGH*\n|c|\u2606KingoftheTitans|gg anyway\n|c|\u2606DanTheNinja56|Lmao\n","uploadtime":1699563101,"views":19,"p1id":"dantheninja56","p2id":"kingofthetitans","formatid":"gen9nationaldexubers","rating":1349,"private":0,"password":""}