{"id":"gen9nationaldexubers-1998421240","p1":"Ruka42","p2":"Thebestrug","format":"[Gen 9] National Dex Ubers","log":"|j|\u2606Ruka42\n|j|\u2606Thebestrug\n|t:|1700940435\n|gametype|singles\n|player|p1|Ruka42|roughneck-gen4|\n|player|p2|Thebestrug|cynthia|\n|teamsize|p1|6\n|teamsize|p2|6\n|gen|9\n|tier|[Gen 9] National Dex Ubers\n|rule|HP Percentage Mod: HP is shown in percentages\n|rule|Endless Battle Clause: Forcing endless battles is banned\n|rule|OHKO Clause: OHKO moves are banned\n|rule|Evasion Moves Clause: Evasion moves are banned\n|rule|Evasion Items Clause: Evasion items are banned\n|rule|Species Clause: Limit one of each Pok\u00e9mon\n|rule|Sleep Clause Mod: Limit one foe put to sleep\n|rule|Mega Rayquaza Clause: You cannot mega evolve Rayquaza\n|clearpoke\n|poke|p1|Gholdengo|\n|poke|p1|Tapu Lele|\n|poke|p1|Garganacl, M|\n|poke|p1|Gliscor, F|\n|poke|p1|Mew|\n|poke|p1|Sneasler, M|\n|poke|p2|Aegislash, F|\n|poke|p2|Goodra-Hisui, F|\n|poke|p2|Tapu Lele|\n|poke|p2|Volcarona, M|\n|poke|p2|Venusaur, F|\n|poke|p2|Samurott-Hisui, M|\n|teampreview\n|j| KennyMckor\n|j| popo4456\n|j| Nekolo\n|j| Elonias\n|c| Nekolo|GL\n|j| Orangesodapop\n|c| Orangesodapop|Gl\n|c| Elonias|glhf\n|c|\u2606Thebestrug|glhf\n|c| KennyMckor|glhf\n|c|\u2606Ruka42|gl hf\n|\n|t:|1700940493\n|start\n|switch|p1a: Minecraft|Garganacl, M|100\/100\n|switch|p2a: Goodra|Goodra-Hisui, F, shiny|100\/100\n|turn|1\n|\n|t:|1700940500\n|move|p2a: Goodra|Curse|p2a: Goodra\n|-unboost|p2a: Goodra|spe|1\n|-boost|p2a: Goodra|atk|1\n|-boost|p2a: Goodra|def|1\n|move|p1a: Minecraft|Salt Cure|p2a: Goodra\n|-resisted|p2a: Goodra\n|-damage|p2a: Goodra|96\/100\n|-start|p2a: Goodra|Salt Cure\n|\n|-heal|p2a: Goodra|100\/100|[from] item: Leftovers\n|-damage|p2a: Goodra|76\/100|[from] Salt Cure\n|upkeep\n|turn|2\n|\n|t:|1700940512\n|move|p1a: Minecraft|Stealth Rock|p2a: Goodra\n|-sidestart|p2: Thebestrug|move: Stealth Rock\n|move|p2a: Goodra|Curse|p2a: Goodra\n|-unboost|p2a: Goodra|spe|1\n|-boost|p2a: Goodra|atk|1\n|-boost|p2a: Goodra|def|1\n|\n|-heal|p2a: Goodra|82\/100|[from] item: Leftovers\n|-damage|p2a: Goodra|57\/100|[from] Salt Cure\n|upkeep\n|turn|3\n|j| JoshuaMC\n|\n|t:|1700940522\n|move|p1a: Minecraft|Protect|p1a: Minecraft\n|-singleturn|p1a: Minecraft|Protect\n|move|p2a: Goodra|Earthquake|p1a: Minecraft\n|-activate|p1a: Minecraft|move: Protect\n|\n|-heal|p2a: Goodra|63\/100|[from] item: Leftovers\n|-damage|p2a: Goodra|38\/100|[from] Salt Cure\n|upkeep\n|turn|4\n|\n|t:|1700940541\n|switch|p1a: Need a Haircut?|Gliscor, F, shiny|100\/100\n|move|p2a: Goodra|Body Press|p1a: Need a Haircut?\n|-resisted|p1a: Need a Haircut?\n|-damage|p1a: Need a Haircut?|88\/100\n|\n|-heal|p2a: Goodra|44\/100|[from] item: Leftovers\n|-damage|p2a: Goodra|20\/100|[from] Salt Cure\n|-status|p1a: Need a Haircut?|tox|[from] item: Toxic Orb\n|upkeep\n|turn|5\n|\n|t:|1700940550\n|move|p1a: Need a Haircut?|Earthquake|p2a: Goodra\n|-supereffective|p2a: Goodra\n|-damage|p2a: Goodra|0 fnt\n|faint|p2a: Goodra\n|\n|-heal|p1a: Need a Haircut?|100\/100 tox|[from] ability: Poison Heal\n|upkeep\n|\n|t:|1700940559\n|switch|p2a: Samurott|Samurott-Hisui, M, shiny|100\/100\n|-damage|p2a: Samurott|88\/100|[from] Stealth Rock\n|turn|6\n|\n|t:|1700940577\n|move|p2a: Samurott|Aqua Cutter|p1a: Need a Haircut?\n|-supereffective|p1a: Need a Haircut?\n|-crit|p1a: Need a Haircut?\n|-damage|p1a: Need a Haircut?|11\/100 tox\n|move|p1a: Need a Haircut?|Knock Off|p2a: Samurott\n|-resisted|p2a: Samurott\n|-damage|p2a: Samurott|76\/100\n|-enditem|p2a: Samurott|Choice Scarf|[from] move: Knock Off|[of] p1a: Need a Haircut?\n|\n|-heal|p1a: Need a Haircut?|23\/100 tox|[from] ability: Poison Heal\n|upkeep\n|turn|7\n|\n|t:|1700940591\n|move|p2a: Samurott|Aqua Cutter|p1a: Need a Haircut?\n|-supereffective|p1a: Need a Haircut?\n|-damage|p1a: Need a Haircut?|0 fnt\n|faint|p1a: Need a Haircut?\n|\n|upkeep\n|\n|t:|1700940601\n|switch|p1a: Gold D(igger)Roger|Gholdengo|100\/100\n|turn|8\n|\n|t:|1700940605\n|move|p2a: Samurott|Ceaseless Edge|p1a: Gold D(igger)Roger\n|-supereffective|p1a: Gold D(igger)Roger\n|-damage|p1a: Gold D(igger)Roger|0 fnt\n|-sidestart|p1: Ruka42|Spikes\n|faint|p1a: Gold D(igger)Roger\n|\n|upkeep\n|\n|t:|1700940627\n|switch|p1a: Wem|Mew, shiny|100\/100\n|-damage|p1a: Wem|88\/100|[from] Spikes\n|turn|9\n|\n|t:|1700940634\n|move|p2a: Samurott|Ceaseless Edge|p1a: Wem\n|-supereffective|p1a: Wem\n|-damage|p1a: Wem|18\/100\n|-sidestart|p1: Ruka42|Spikes\n|move|p1a: Wem|Reflect|p1a: Wem\n|-sidestart|p1: Ruka42|Reflect\n|\n|upkeep\n|turn|10\n|\n|t:|1700940643\n|move|p2a: Samurott|Ceaseless Edge|p1a: Wem\n|-supereffective|p1a: Wem\n|-damage|p1a: Wem|0 fnt\n|-sidestart|p1: Ruka42|Spikes\n|faint|p1a: Wem\n|\n|upkeep\n|\n|t:|1700940649\n|switch|p1a: she hate nurse joy|Tapu Lele|100\/100\n|-damage|p1a: she hate nurse joy|76\/100|[from] Spikes\n|-fieldstart|move: Psychic Terrain|[from] ability: Psychic Surge|[of] p1a: she hate nurse joy\n|turn|11\n|\n|t:|1700940666\n|move|p2a: Samurott|Ceaseless Edge|p1a: she hate nurse joy\n|-damage|p1a: she hate nurse joy|46\/100\n|move|p1a: she hate nurse joy|Draining Kiss|p2a: Samurott\n|-supereffective|p2a: Samurott\n|-damage|p2a: Samurott|0 fnt\n|-heal|p1a: she hate nurse joy|100\/100|[from] drain|[of] p2a: Samurott\n|faint|p2a: Samurott\n|\n|upkeep\n|\n|t:|1700940675\n|switch|p2a: Aegislash|Aegislash, F, shiny|100\/100\n|-damage|p2a: Aegislash|94\/100|[from] Stealth Rock\n|turn|12\n|l| KennyMckor\n|\n|t:|1700940708\n|switch|p1a: Minecraft|Garganacl, M|100\/100\n|-damage|p1a: Minecraft|76\/100|[from] Spikes\n|move|p2a: Aegislash|Substitute|p2a: Aegislash\n|-start|p2a: Aegislash|Substitute\n|-damage|p2a: Aegislash|69\/100\n|\n|-heal|p2a: Aegislash|75\/100|[from] item: Leftovers\n|-heal|p1a: Minecraft|82\/100|[from] item: Leftovers\n|upkeep\n|turn|13\n|\n|t:|1700940718\n|move|p2a: Aegislash|Toxic|p1a: Minecraft\n|-immune|p1a: Minecraft|[from] ability: Purifying Salt\n|move|p1a: Minecraft|Salt Cure|p2a: Aegislash\n|-resisted|p2a: Aegislash\n|-activate|p2a: Aegislash|move: Substitute|[damage]\n|\n|-heal|p2a: Aegislash|82\/100|[from] item: Leftovers\n|-heal|p1a: Minecraft|88\/100|[from] item: Leftovers\n|upkeep\n|turn|14\n|\n|t:|1700940727\n|-formechange|p2a: Aegislash|Aegislash-Blade||[from] ability: Stance Change\n|move|p2a: Aegislash|Shadow Ball|p1a: Minecraft\n|-damage|p1a: Minecraft|69\/100\n|move|p1a: Minecraft|Salt Cure|p2a: Aegislash\n|-resisted|p2a: Aegislash\n|-activate|p2a: Aegislash|move: Substitute|[damage]\n|\n|-heal|p2a: Aegislash|88\/100|[from] item: Leftovers\n|-heal|p1a: Minecraft|75\/100|[from] item: Leftovers\n|upkeep\n|turn|15\n|\n|t:|1700940740\n|move|p2a: Aegislash|Shadow Ball|p1a: Minecraft\n|-damage|p1a: Minecraft|55\/100\n|-unboost|p1a: Minecraft|spd|1\n|move|p1a: Minecraft|Recover|p1a: Minecraft\n|-heal|p1a: Minecraft|100\/100\n|\n|-heal|p2a: Aegislash|94\/100|[from] item: Leftovers\n|-fieldend|move: Psychic Terrain\n|upkeep\n|turn|16\n|\n|t:|1700940757\n|switch|p2a: Tapu Lele|Tapu Lele, shiny|100\/100\n|-damage|p2a: Tapu Lele|88\/100|[from] Stealth Rock\n|-fieldstart|move: Psychic Terrain|[from] ability: Psychic Surge|[of] p2a: Tapu Lele\n|move|p1a: Minecraft|Salt Cure|p2a: Tapu Lele\n|-damage|p2a: Tapu Lele|68\/100\n|-start|p2a: Tapu Lele|Salt Cure\n|\n|-damage|p2a: Tapu Lele|56\/100|[from] Salt Cure\n|-sideend|p1: Ruka42|Reflect\n|upkeep\n|turn|17\n|\n|t:|1700940767\n|switch|p1a: Sneezer|Sneasler, M|100\/100\n|-damage|p1a: Sneezer|76\/100|[from] Spikes\n|-enditem|p1a: Sneezer|Psychic Seed\n|-boost|p1a: Sneezer|spd|1|[from] item: Psychic Seed\n|-zpower|p2a: Tapu Lele\n|move|p2a: Tapu Lele|All-Out Pummeling|p1a: Sneezer|[zeffect]\n|-resisted|p1a: Sneezer\n|-damage|p1a: Sneezer|48\/100\n|\n|-damage|p2a: Tapu Lele|44\/100|[from] Salt Cure\n|upkeep\n|turn|18\n|\n|t:|1700940782\n|move|p1a: Sneezer|Dire Claw|p2a: Tapu Lele\n|-supereffective|p2a: Tapu Lele\n|-damage|p2a: Tapu Lele|0 fnt\n|faint|p2a: Tapu Lele\n|\n|upkeep\n|\n|t:|1700940787\n|switch|p2a: Volcarona|Volcarona, M, shiny|100\/100\n|turn|19\n|\n|t:|1700940798\n|move|p1a: Sneezer|Dire Claw|p2a: Volcarona\n|-damage|p2a: Volcarona|23\/100\n|move|p2a: Volcarona|Quiver Dance|p2a: Volcarona\n|-boost|p2a: Volcarona|spa|1\n|-boost|p2a: Volcarona|spd|1\n|-boost|p2a: Volcarona|spe|1\n|\n|upkeep\n|turn|20\n|\n|t:|1700940805\n|move|p1a: Sneezer|Dire Claw|p2a: Volcarona\n|-damage|p2a: Volcarona|0 fnt\n|faint|p2a: Volcarona\n|\n|-fieldend|move: Psychic Terrain\n|upkeep\n|\n|t:|1700940811\n|switch|p2a: Venusaur|Venusaur, F|100\/100\n|-damage|p2a: Venusaur|88\/100|[from] Stealth Rock\n|turn|21\n|\n|t:|1700940817\n|detailschange|p2a: Venusaur|Venusaur-Mega, F\n|-mega|p2a: Venusaur|Venusaur|Venusaurite\n|move|p1a: Sneezer|Acrobatics|p2a: Venusaur\n|-supereffective|p2a: Venusaur\n|-damage|p2a: Venusaur|42\/100\n|move|p2a: Venusaur|Giga Drain|p1a: Sneezer\n|-resisted|p1a: Sneezer\n|-damage|p1a: Sneezer|34\/100\n|-heal|p2a: Venusaur|48\/100|[from] drain|[of] p1a: Sneezer\n|\n|upkeep\n|turn|22\n|\n|t:|1700940826\n|move|p2a: Venusaur|Protect|p2a: Venusaur\n|-singleturn|p2a: Venusaur|Protect\n|move|p1a: Sneezer|Acrobatics|p2a: Venusaur\n|-activate|p2a: Venusaur|move: Protect\n|\n|upkeep\n|turn|23\n|\n|t:|1700940832\n|move|p1a: Sneezer|Acrobatics|p2a: Venusaur\n|-supereffective|p2a: Venusaur\n|-crit|p2a: Venusaur\n|-damage|p2a: Venusaur|0 fnt\n|faint|p2a: Venusaur\n|\n|upkeep\n|\n|t:|1700940837\n|switch|p2a: Aegislash|Aegislash, F, shiny|94\/100\n|-damage|p2a: Aegislash|88\/100|[from] Stealth Rock\n|turn|24\n|\n|t:|1700940847\n|move|p1a: Sneezer|Swords Dance|p1a: Sneezer\n|-boost|p1a: Sneezer|atk|2\n|move|p2a: Aegislash|Substitute|p2a: Aegislash\n|-start|p2a: Aegislash|Substitute\n|-damage|p2a: Aegislash|63\/100\n|\n|-heal|p2a: Aegislash|69\/100|[from] item: Leftovers\n|upkeep\n|turn|25\n|\n|t:|1700940855\n|move|p1a: Sneezer|Dire Claw|p2a: Aegislash\n|-immune|p2a: Aegislash\n|-formechange|p2a: Aegislash|Aegislash-Blade||[from] ability: Stance Change\n|move|p2a: Aegislash|Shadow Ball|p1a: Sneezer\n|-damage|p1a: Sneezer|0 fnt\n|faint|p1a: Sneezer\n|\n|-heal|p2a: Aegislash|75\/100|[from] item: Leftovers\n|upkeep\n|\n|t:|1700940868\n|switch|p1a: she hate nurse joy|Tapu Lele|100\/100\n|-damage|p1a: she hate nurse joy|76\/100|[from] Spikes\n|-fieldstart|move: Psychic Terrain|[from] ability: Psychic Surge|[of] p1a: she hate nurse joy\n|turn|26\n|\n|t:|1700940875\n|move|p1a: she hate nurse joy|Calm Mind|p1a: she hate nurse joy\n|-boost|p1a: she hate nurse joy|spa|1\n|-boost|p1a: she hate nurse joy|spd|1\n|move|p2a: Aegislash|Shadow Ball|p1a: she hate nurse joy\n|-supereffective|p1a: she hate nurse joy\n|-damage|p1a: she hate nurse joy|14\/100\n|\n|-heal|p1a: she hate nurse joy|20\/100|[from] item: Leftovers\n|-heal|p2a: Aegislash|81\/100|[from] item: Leftovers\n|upkeep\n|turn|27\n|\n|t:|1700940887\n|move|p1a: she hate nurse joy|Draining Kiss|p2a: Aegislash\n|-resisted|p2a: Aegislash\n|-end|p2a: Aegislash|Substitute\n|-heal|p1a: she hate nurse joy|41\/100|[from] drain|[of] p2a: Aegislash\n|move|p2a: Aegislash|Shadow Ball|p1a: she hate nurse joy\n|-supereffective|p1a: she hate nurse joy\n|-damage|p1a: she hate nurse joy|0 fnt\n|faint|p1a: she hate nurse joy\n|\n|-heal|p2a: Aegislash|88\/100|[from] item: Leftovers\n|upkeep\n|\n|t:|1700940896\n|switch|p1a: Minecraft|Garganacl, M|100\/100\n|-damage|p1a: Minecraft|76\/100|[from] Spikes\n|turn|28\n|\n|t:|1700940900\n|move|p2a: Aegislash|Substitute|p2a: Aegislash\n|-start|p2a: Aegislash|Substitute\n|-damage|p2a: Aegislash|63\/100\n|move|p1a: Minecraft|Salt Cure|p2a: Aegislash\n|-resisted|p2a: Aegislash\n|-activate|p2a: Aegislash|move: Substitute|[damage]\n|\n|-heal|p2a: Aegislash|69\/100|[from] item: Leftovers\n|-heal|p1a: Minecraft|82\/100|[from] item: Leftovers\n|upkeep\n|turn|29\n|\n|t:|1700940912\n|move|p2a: Aegislash|Shadow Ball|p1a: Minecraft\n|-damage|p1a: Minecraft|62\/100\n|move|p1a: Minecraft|Salt Cure|p2a: Aegislash\n|-resisted|p2a: Aegislash\n|-end|p2a: Aegislash|Substitute\n|\n|-heal|p2a: Aegislash|75\/100|[from] item: Leftovers\n|-heal|p1a: Minecraft|68\/100|[from] item: Leftovers\n|upkeep\n|turn|30\n|\n|t:|1700940921\n|move|p2a: Aegislash|Substitute|p2a: Aegislash\n|-start|p2a: Aegislash|Substitute\n|-damage|p2a: Aegislash|50\/100\n|move|p1a: Minecraft|Salt Cure|p2a: Aegislash\n|-resisted|p2a: Aegislash\n|-activate|p2a: Aegislash|move: Substitute|[damage]\n|\n|-heal|p2a: Aegislash|56\/100|[from] item: Leftovers\n|-heal|p1a: Minecraft|74\/100|[from] item: Leftovers\n|-fieldend|move: Psychic Terrain\n|upkeep\n|turn|31\n|\n|t:|1700940931\n|move|p2a: Aegislash|Shadow Ball|p1a: Minecraft\n|-damage|p1a: Minecraft|55\/100\n|move|p1a: Minecraft|Salt Cure|p2a: Aegislash\n|-resisted|p2a: Aegislash\n|-end|p2a: Aegislash|Substitute\n|\n|-heal|p2a: Aegislash|62\/100|[from] item: Leftovers\n|-heal|p1a: Minecraft|61\/100|[from] item: Leftovers\n|upkeep\n|turn|32\n|\n|t:|1700940943\n|move|p2a: Aegislash|Substitute|p2a: Aegislash\n|-start|p2a: Aegislash|Substitute\n|-damage|p2a: Aegislash|37\/100\n|move|p1a: Minecraft|Salt Cure|p2a: Aegislash\n|-resisted|p2a: Aegislash\n|-activate|p2a: Aegislash|move: Substitute|[damage]\n|\n|-heal|p2a: Aegislash|43\/100|[from] item: Leftovers\n|-heal|p1a: Minecraft|67\/100|[from] item: Leftovers\n|upkeep\n|turn|33\n|\n|t:|1700940953\n|move|p2a: Aegislash|Shadow Ball|p1a: Minecraft\n|-damage|p1a: Minecraft|49\/100\n|-unboost|p1a: Minecraft|spd|1\n|move|p1a: Minecraft|Salt Cure|p2a: Aegislash\n|-resisted|p2a: Aegislash\n|-activate|p2a: Aegislash|move: Substitute|[damage]\n|\n|-heal|p2a: Aegislash|50\/100|[from] item: Leftovers\n|-heal|p1a: Minecraft|55\/100|[from] item: Leftovers\n|upkeep\n|turn|34\n|\n|t:|1700940965\n|move|p2a: Aegislash|Shadow Ball|p1a: Minecraft\n|-damage|p1a: Minecraft|27\/100\n|move|p1a: Minecraft|Salt Cure|p2a: Aegislash\n|-resisted|p2a: Aegislash\n|-end|p2a: Aegislash|Substitute\n|\n|-heal|p2a: Aegislash|56\/100|[from] item: Leftovers\n|-heal|p1a: Minecraft|33\/100|[from] item: Leftovers\n|upkeep\n|turn|35\n|\n|t:|1700940973\n|move|p2a: Aegislash|Substitute|p2a: Aegislash\n|-start|p2a: Aegislash|Substitute\n|-damage|p2a: Aegislash|31\/100\n|move|p1a: Minecraft|Recover|p1a: Minecraft\n|-heal|p1a: Minecraft|83\/100\n|\n|-heal|p2a: Aegislash|37\/100|[from] item: Leftovers\n|-heal|p1a: Minecraft|89\/100|[from] item: Leftovers\n|upkeep\n|turn|36\n|\n|t:|1700940982\n|move|p2a: Aegislash|Shadow Ball|p1a: Minecraft\n|-crit|p1a: Minecraft\n|-damage|p1a: Minecraft|47\/100\n|move|p1a: Minecraft|Salt Cure|p2a: Aegislash\n|-resisted|p2a: Aegislash\n|-activate|p2a: Aegislash|move: Substitute|[damage]\n|\n|-heal|p2a: Aegislash|43\/100|[from] item: Leftovers\n|-heal|p1a: Minecraft|53\/100|[from] item: Leftovers\n|upkeep\n|turn|37\n|\n|t:|1700940992\n|move|p2a: Aegislash|Shadow Ball|p1a: Minecraft\n|-damage|p1a: Minecraft|27\/100\n|move|p1a: Minecraft|Recover|p1a: Minecraft\n|-heal|p1a: Minecraft|77\/100\n|\n|-heal|p2a: Aegislash|49\/100|[from] item: Leftovers\n|-heal|p1a: Minecraft|83\/100|[from] item: Leftovers\n|upkeep\n|turn|38\n|\n|t:|1700941000\n|move|p2a: Aegislash|Shadow Ball|p1a: Minecraft\n|-damage|p1a: Minecraft|53\/100\n|move|p1a: Minecraft|Salt Cure|p2a: Aegislash\n|-resisted|p2a: Aegislash\n|-end|p2a: Aegislash|Substitute\n|\n|-heal|p2a: Aegislash|55\/100|[from] item: Leftovers\n|-heal|p1a: Minecraft|59\/100|[from] item: Leftovers\n|upkeep\n|turn|39\n|\n|t:|1700941011\n|move|p2a: Aegislash|Substitute|p2a: Aegislash\n|-start|p2a: Aegislash|Substitute\n|-damage|p2a: Aegislash|30\/100\n|move|p1a: Minecraft|Salt Cure|p2a: Aegislash\n|-resisted|p2a: Aegislash\n|-activate|p2a: Aegislash|move: Substitute|[damage]\n|\n|-heal|p2a: Aegislash|37\/100|[from] item: Leftovers\n|-heal|p1a: Minecraft|65\/100|[from] item: Leftovers\n|upkeep\n|turn|40\n|\n|t:|1700941020\n|move|p2a: Aegislash|Shadow Ball|p1a: Minecraft\n|-damage|p1a: Minecraft|37\/100\n|move|p1a: Minecraft|Recover|p1a: Minecraft\n|-heal|p1a: Minecraft|87\/100\n|\n|-heal|p2a: Aegislash|43\/100|[from] item: Leftovers\n|-heal|p1a: Minecraft|93\/100|[from] item: Leftovers\n|upkeep\n|turn|41\n|\n|t:|1700941029\n|move|p2a: Aegislash|Shadow Ball|p1a: Minecraft\n|-damage|p1a: Minecraft|67\/100\n|move|p1a: Minecraft|Salt Cure|p2a: Aegislash\n|-resisted|p2a: Aegislash\n|-activate|p2a: Aegislash|move: Substitute|[damage]\n|\n|-heal|p2a: Aegislash|49\/100|[from] item: Leftovers\n|-heal|p1a: Minecraft|73\/100|[from] item: Leftovers\n|upkeep\n|turn|42\n|\n|t:|1700941038\n|move|p2a: Aegislash|Shadow Ball|p1a: Minecraft\n|-crit|p1a: Minecraft\n|-damage|p1a: Minecraft|32\/100\n|move|p1a: Minecraft|Salt Cure|p2a: Aegislash\n|-resisted|p2a: Aegislash\n|-end|p2a: Aegislash|Substitute\n|\n|-heal|p2a: Aegislash|55\/100|[from] item: Leftovers\n|-heal|p1a: Minecraft|38\/100|[from] item: Leftovers\n|upkeep\n|turn|43\n|\n|t:|1700941047\n|move|p2a: Aegislash|Substitute|p2a: Aegislash\n|-start|p2a: Aegislash|Substitute\n|-damage|p2a: Aegislash|30\/100\n|move|p1a: Minecraft|Recover|p1a: Minecraft\n|-heal|p1a: Minecraft|88\/100\n|\n|-heal|p2a: Aegislash|36\/100|[from] item: Leftovers\n|-heal|p1a: Minecraft|94\/100|[from] item: Leftovers\n|upkeep\n|turn|44\n|\n|t:|1700941055\n|move|p2a: Aegislash|Shadow Ball|p1a: Minecraft\n|-damage|p1a: Minecraft|67\/100\n|-unboost|p1a: Minecraft|spd|1\n|move|p1a: Minecraft|Salt Cure|p2a: Aegislash\n|-resisted|p2a: Aegislash\n|-activate|p2a: Aegislash|move: Substitute|[damage]\n|\n|-heal|p2a: Aegislash|42\/100|[from] item: Leftovers\n|-heal|p1a: Minecraft|73\/100|[from] item: Leftovers\n|upkeep\n|turn|45\n|\n|t:|1700941065\n|move|p2a: Aegislash|Shadow Ball|p1a: Minecraft\n|-damage|p1a: Minecraft|34\/100\n|move|p1a: Minecraft|Salt Cure|p2a: Aegislash\n|-resisted|p2a: Aegislash\n|-end|p2a: Aegislash|Substitute\n|\n|-heal|p2a: Aegislash|49\/100|[from] item: Leftovers\n|-heal|p1a: Minecraft|41\/100|[from] item: Leftovers\n|upkeep\n|turn|46\n|\n|t:|1700941074\n|move|p2a: Aegislash|Substitute|p2a: Aegislash\n|-start|p2a: Aegislash|Substitute\n|-damage|p2a: Aegislash|24\/100\n|move|p1a: Minecraft|Salt Cure|p2a: Aegislash\n|-resisted|p2a: Aegislash\n|-activate|p2a: Aegislash|move: Substitute|[damage]\n|\n|-heal|p2a: Aegislash|30\/100|[from] item: Leftovers\n|-heal|p1a: Minecraft|47\/100|[from] item: Leftovers\n|upkeep\n|turn|47\n|\n|t:|1700941083\n|move|p2a: Aegislash|Shadow Ball|p1a: Minecraft\n|-damage|p1a: Minecraft|11\/100\n|-unboost|p1a: Minecraft|spd|1\n|move|p1a: Minecraft|Recover|p1a: Minecraft\n|-heal|p1a: Minecraft|61\/100\n|\n|-heal|p2a: Aegislash|36\/100|[from] item: Leftovers\n|-heal|p1a: Minecraft|67\/100|[from] item: Leftovers\n|upkeep\n|turn|48\n|\n|t:|1700941092\n|move|p2a: Aegislash|Shadow Ball|p1a: Minecraft\n|-damage|p1a: Minecraft|19\/100\n|move|p1a: Minecraft|Recover|p1a: Minecraft\n|-heal|p1a: Minecraft|69\/100\n|\n|-heal|p2a: Aegislash|42\/100|[from] item: Leftovers\n|-heal|p1a: Minecraft|75\/100|[from] item: Leftovers\n|upkeep\n|turn|49\n|\n|t:|1700941101\n|move|p2a: Aegislash|Shadow Ball|p1a: Minecraft\n|-damage|p1a: Minecraft|27\/100\n|-unboost|p1a: Minecraft|spd|1\n|move|p1a: Minecraft|Salt Cure|p2a: Aegislash\n|-resisted|p2a: Aegislash\n|-end|p2a: Aegislash|Substitute\n|\n|-heal|p2a: Aegislash|48\/100|[from] item: Leftovers\n|-heal|p1a: Minecraft|33\/100|[from] item: Leftovers\n|upkeep\n|turn|50\n|\n|t:|1700941112\n|move|p2a: Aegislash|Substitute|p2a: Aegislash\n|-start|p2a: Aegislash|Substitute\n|-damage|p2a: Aegislash|23\/100\n|move|p1a: Minecraft|Recover|p1a: Minecraft\n|-heal|p1a: Minecraft|83\/100\n|\n|-heal|p2a: Aegislash|30\/100|[from] item: Leftovers\n|-heal|p1a: Minecraft|89\/100|[from] item: Leftovers\n|upkeep\n|turn|51\n|\n|t:|1700941120\n|move|p2a: Aegislash|Shadow Ball|p1a: Minecraft\n|-damage|p1a: Minecraft|35\/100\n|move|p1a: Minecraft|Salt Cure|p2a: Aegislash\n|-resisted|p2a: Aegislash\n|-crit|p2a: Aegislash\n|-activate|p2a: Aegislash|move: Substitute|[damage]\n|\n|-heal|p2a: Aegislash|36\/100|[from] item: Leftovers\n|-heal|p1a: Minecraft|41\/100|[from] item: Leftovers\n|upkeep\n|turn|52\n|\n|t:|1700941131\n|move|p2a: Aegislash|Shadow Ball|p1a: Minecraft\n|-damage|p1a: Minecraft|0 fnt\n|faint|p1a: Minecraft\n|\n|win|Thebestrug\n|l| Orangesodapop\n|c|\u2606Thebestrug|gg\n|l| popo4456\n|l| Elonias\n|c|\u2606Ruka42|oof well that was ruke in master tournament XD\n|l|\u2606Ruka42\n|j| Orangesodapop\n|player|p2|Thebestrug|cynthia\n","uploadtime":1700941213,"views":17,"p1id":"ruka42","p2id":"thebestrug","formatid":"gen9nationaldexubers","rating":0,"private":0,"password":""}