{"id":"gen9nationaldexubers-1992317750","p1":"KingoftheTitans","p2":"bigpoppaflan","format":"[Gen 9] National Dex Ubers","log":"|j|\u2606KingoftheTitans\n|j|\u2606bigpoppaflan\n|t:|1700174100\n|gametype|singles\n|player|p1|KingoftheTitans|2|1175\n|player|p2|bigpoppaflan|1|1138\n|teamsize|p1|6\n|teamsize|p2|6\n|gen|9\n|tier|[Gen 9] National Dex Ubers\n|rated|\n|rule|HP Percentage Mod: HP is shown in percentages\n|rule|Endless Battle Clause: Forcing endless battles is banned\n|rule|OHKO Clause: OHKO moves are banned\n|rule|Evasion Moves Clause: Evasion moves are banned\n|rule|Evasion Items Clause: Evasion items are banned\n|rule|Species Clause: Limit one of each Pok\u00e9mon\n|rule|Sleep Clause Mod: Limit one foe put to sleep\n|rule|Mega Rayquaza Clause: You cannot mega evolve Rayquaza\n|clearpoke\n|poke|p1|Glalie, M|\n|poke|p1|Annihilape, M|\n|poke|p1|Regidrago|\n|poke|p1|Glimmora, M|\n|poke|p1|Electrode-Hisui|\n|poke|p1|Typhlosion-Hisui, M|\n|poke|p2|Groudon|\n|poke|p2|Marshadow|\n|poke|p2|Kyogre|\n|poke|p2|Zekrom|\n|poke|p2|Reshiram|\n|poke|p2|Mewtwo|\n|teampreview\n|\n|t:|1700174108\n|start\n|switch|p1a: Glalie|Glalie, M|100\/100\n|switch|p2a: poopie boi|Mewtwo, shiny|100\/100\n|-ability|p2a: poopie boi|Unnerve\n|turn|1\n|\n|t:|1700174116\n|detailschange|p2a: poopie boi|Mewtwo-Mega-Y, shiny\n|-mega|p2a: poopie boi|Mewtwo|Mewtwonite Y\n|move|p1a: Glalie|Protect|p1a: Glalie\n|-singleturn|p1a: Glalie|Protect\n|move|p2a: poopie boi|Aura Sphere|p1a: Glalie\n|-activate|p1a: Glalie|move: Protect\n|\n|-ability|p1a: Glalie|Moody|boost\n|-boost|p1a: Glalie|spa|2\n|-unboost|p1a: Glalie|def|1\n|upkeep\n|turn|2\n|\n|t:|1700174127\n|move|p1a: Glalie|Protect|p1a: Glalie\n|-singleturn|p1a: Glalie|Protect\n|move|p2a: poopie boi|Aura Sphere|p1a: Glalie\n|-activate|p1a: Glalie|move: Protect\n|\n|-ability|p1a: Glalie|Moody|boost\n|-boost|p1a: Glalie|spe|2\n|-unboost|p1a: Glalie|spa|1\n|upkeep\n|turn|3\n|\n|t:|1700174136\n|detailschange|p1a: Glalie|Glalie-Mega, M\n|-mega|p1a: Glalie|Glalie|Glalitite\n|move|p1a: Glalie|Substitute|p1a: Glalie\n|-start|p1a: Glalie|Substitute\n|-damage|p1a: Glalie|76\/100\n|move|p2a: poopie boi|Aura Sphere|p1a: Glalie\n|-supereffective|p1a: Glalie\n|-end|p1a: Glalie|Substitute\n|\n|upkeep\n|turn|4\n|\n|t:|1700174144\n|move|p1a: Glalie|Double-Edge|p2a: poopie boi\n|-damage|p2a: poopie boi|2\/100\n|-damage|p1a: Glalie|38\/100|[from] Recoil\n|move|p2a: poopie boi|Aura Sphere|p1a: Glalie\n|-supereffective|p1a: Glalie\n|-damage|p1a: Glalie|0 fnt\n|faint|p1a: Glalie\n|\n|upkeep\n|\n|t:|1700174153\n|switch|p1a: Typhlosion|Typhlosion-Hisui, M|100\/100\n|turn|5\n|\n|t:|1700174159\n|move|p1a: Typhlosion|Infernal Parade|p2a: poopie boi\n|-supereffective|p2a: poopie boi\n|-damage|p2a: poopie boi|0 fnt\n|faint|p2a: poopie boi\n|\n|upkeep\n|\n|t:|1700174166\n|switch|p2a: Marshadow|Marshadow|100\/100\n|turn|6\n|\n|t:|1700174171\n|move|p1a: Typhlosion|Infernal Parade|p2a: Marshadow\n|-supereffective|p2a: Marshadow\n|-damage|p2a: Marshadow|37\/100\n|move|p2a: Marshadow|Spectral Thief|p1a: Typhlosion\n|-supereffective|p1a: Typhlosion\n|-damage|p1a: Typhlosion|0 fnt\n|faint|p1a: Typhlosion\n|\n|upkeep\n|\n|t:|1700174179\n|switch|p1a: Electrode|Electrode-Hisui|100\/100\n|turn|7\n|\n|t:|1700174188\n|switch|p2a: him|Reshiram, shiny|100\/100\n|-ability|p2a: him|Turboblaze\n|move|p1a: Electrode|Thunderbolt|p2a: him\n|-resisted|p2a: him\n|-damage|p2a: him|81\/100\n|-damage|p1a: Electrode|91\/100|[from] item: Life Orb\n|\n|upkeep\n|turn|8\n|\n|t:|1700174205\n|-terastallize|p1a: Electrode|Ground\n|move|p1a: Electrode|Tera Blast|p2a: him|[anim] Tera Blast Ground\n|-supereffective|p2a: him\n|-damage|p2a: him|14\/100\n|-damage|p1a: Electrode|81\/100|[from] item: Life Orb\n|move|p2a: him|Blue Flare|p1a: Electrode\n|-damage|p1a: Electrode|0 fnt\n|faint|p1a: Electrode\n|\n|upkeep\n|\n|t:|1700174215\n|switch|p1a: Glimmora|Glimmora, M|100\/100\n|turn|9\n|\n|t:|1700174219\n|move|p1a: Glimmora|Mortal Spin|p2a: him\n|-damage|p2a: him|7\/100\n|-status|p2a: him|psn\n|move|p2a: him|Scorching Sands|p1a: Glimmora\n|-supereffective|p1a: Glimmora\n|-enditem|p1a: Glimmora|Focus Sash\n|-damage|p1a: Glimmora|1\/100\n|-status|p1a: Glimmora|brn\n|\n|-damage|p2a: him|0 fnt|[from] psn\n|faint|p2a: him\n|-damage|p1a: Glimmora|0 fnt|[from] brn\n|faint|p1a: Glimmora\n|upkeep\n|c|\u2606KingoftheTitans|This is so stupid...\n|\n|t:|1700174236\n|switch|p1a: Regidrago|Regidrago|100\/100\n|switch|p2a: Marshadow|Marshadow|37\/100\n|turn|10\n|c|\u2606bigpoppaflan|wdym\n|\n|t:|1700174242\n|move|p1a: Regidrago|Dragon Energy|p2a: Marshadow\n|-damage|p2a: Marshadow|0 fnt\n|faint|p2a: Marshadow\n|\n|upkeep\n|\n|t:|1700174250\n|switch|p2a: whale|Kyogre, shiny|100\/100\n|detailschange|p2a: whale|Kyogre-Primal, shiny\n|-primal|p2a: whale|Blue Orb\n|-weather|PrimordialSea|[from] ability: Primordial Sea|[of] p2a: whale\n|turn|11\n|c|\u2606KingoftheTitans|I swear I feel like this game has been against me for a while\n|\n|t:|1700174261\n|switch|p1a: Annihilape|Annihilape, M|100\/100\n|move|p2a: whale|Ice Beam|p1a: Annihilape\n|-damage|p1a: Annihilape|65\/100\n|\n|-weather|PrimordialSea|[upkeep]\n|-heal|p1a: Annihilape|71\/100|[from] item: Leftovers\n|upkeep\n|turn|12\n|\n|t:|1700174269\n|move|p2a: whale|Surf|p1a: Annihilape\n|-damage|p1a: Annihilape|0 fnt\n|faint|p1a: Annihilape\n|\n|-weather|PrimordialSea|[upkeep]\n|upkeep\n|\n|t:|1700174273\n|switch|p1a: Regidrago|Regidrago|100\/100\n|turn|13\n|\n|t:|1700174276\n|move|p1a: Regidrago|Dragon Energy|p2a: whale\n|-damage|p2a: whale|40\/100\n|move|p2a: whale|Ice Beam|p1a: Regidrago\n|-supereffective|p1a: Regidrago\n|-damage|p1a: Regidrago|12\/100\n|\n|-weather|PrimordialSea|[upkeep]\n|upkeep\n|turn|14\n|\n|t:|1700174283\n|move|p1a: Regidrago|Dragon Energy|p2a: whale\n|-damage|p2a: whale|33\/100\n|move|p2a: whale|Thunder|p1a: Regidrago\n|-resisted|p1a: Regidrago\n|-damage|p1a: Regidrago|0 fnt\n|faint|p1a: Regidrago\n|\n|win|bigpoppaflan\n|raw|KingoftheTitans's rating: 1175 &rarr; <strong>1147<\/strong><br \/>(-28 for losing)\n|raw|bigpoppaflan's rating: 1138 &rarr; <strong>1166<\/strong><br \/>(+28 for winning)\n|c|\u2606bigpoppaflan|gg\n|c|\u2606KingoftheTitans|gg\n|c|\u2606KingoftheTitans|Man I hate RNG\n|l|\u2606bigpoppaflan\n","uploadtime":1700174302,"views":16,"p1id":"kingofthetitans","p2id":"bigpoppaflan","formatid":"gen9nationaldexubers","rating":1147,"private":0,"password":""}