{"id":"gen9nationaldexubers-1989469806","p1":"hutoew","p2":"diemond35472","format":"[Gen 9] National Dex Ubers","log":"|j|\u2606hutoew\n|j|\u2606diemond35472\n|t:|1699855547\n|gametype|singles\n|player|p1|hutoew|hilda|1488\n|player|p2|diemond35472|lance|1594\n|teamsize|p1|6\n|teamsize|p2|6\n|gen|9\n|tier|[Gen 9] National Dex Ubers\n|rated|\n|rule|HP Percentage Mod: HP is shown in percentages\n|rule|Endless Battle Clause: Forcing endless battles is banned\n|rule|OHKO Clause: OHKO moves are banned\n|rule|Evasion Moves Clause: Evasion moves are banned\n|rule|Evasion Items Clause: Evasion items are banned\n|rule|Species Clause: Limit one of each Pok\u00e9mon\n|rule|Sleep Clause Mod: Limit one foe put to sleep\n|rule|Mega Rayquaza Clause: You cannot mega evolve Rayquaza\n|clearpoke\n|poke|p1|Xerneas-*|\n|poke|p1|Yveltal|\n|poke|p1|Marshadow|\n|poke|p1|Cinderace, F|\n|poke|p1|Kartana|\n|poke|p1|Kyurem-White|\n|poke|p2|Eternatus|\n|poke|p2|Groudon|\n|poke|p2|Smeargle, M|\n|poke|p2|Salamence, M|\n|poke|p2|Gholdengo|\n|poke|p2|Zacian-*|\n|teampreview\n|c|\u2606diemond35472|gl\n|\n|t:|1699855553\n|start\n|switch|p1a: Yveltal|Yveltal|100\/100\n|switch|p2a: bob ross OC|Smeargle, M|100\/100\n|-ability|p1a: Yveltal|Dark Aura\n|turn|1\n|\n|t:|1699855555\n|move|p1a: Yveltal|Knock Off|p2a: bob ross OC\n|-crit|p2a: bob ross OC\n|-enditem|p2a: bob ross OC|Focus Sash\n|-damage|p2a: bob ross OC|1\/100\n|move|p2a: bob ross OC|Sticky Web|p1a: Yveltal\n|-sidestart|p1: hutoew|move: Sticky Web\n|\n|upkeep\n|turn|2\n|\n|t:|1699855559\n|move|p1a: Yveltal|U-turn|p2a: bob ross OC\n|-damage|p2a: bob ross OC|0 fnt\n|faint|p2a: bob ross OC\n|\n|t:|1699855562\n|switch|p1a: Cinderace|Cinderace, F|100\/100|[from] U-turn\n|\n|upkeep\n|\n|t:|1699855569\n|switch|p2a: giraffe|Eternatus|100\/100\n|-ability|p2a: giraffe|Pressure\n|turn|3\n|\n|t:|1699855576\n|move|p2a: giraffe|Sludge Wave|p1a: Cinderace\n|-damage|p1a: Cinderace|20\/100\n|move|p1a: Cinderace|Court Change|p1a: Cinderace\n|-start|p1a: Cinderace|typechange|Normal|[from] ability: Libero\n|-swapsideconditions\n|-activate|p1a: Cinderace|move: Court Change\n|\n|upkeep\n|turn|4\n|\n|t:|1699855579\n|move|p2a: giraffe|Sludge Wave|p1a: Cinderace\n|-damage|p1a: Cinderace|0 fnt\n|faint|p1a: Cinderace\n|\n|upkeep\n|\n|t:|1699855585\n|switch|p1a: Kartana|Kartana|100\/100\n|turn|5\n|\n|t:|1699855593\n|switch|p2a: golden joe|Gholdengo|100\/100\n|-activate|p2a: golden joe|move: Sticky Web\n|-unboost|p2a: golden joe|spe|1\n|move|p1a: Kartana|Smart Strike|p2a: golden joe\n|-resisted|p2a: golden joe\n|-damage|p2a: golden joe|79\/100\n|\n|-heal|p2a: golden joe|85\/100|[from] item: Leftovers\n|upkeep\n|turn|6\n|\n|t:|1699855596\n|switch|p1a: Yveltal|Yveltal|100\/100\n|-ability|p1a: Yveltal|Dark Aura\n|move|p2a: golden joe|Thunder Wave|p1a: Yveltal\n|-status|p1a: Yveltal|par\n|\n|-heal|p2a: golden joe|91\/100|[from] item: Leftovers\n|upkeep\n|turn|7\n|j| 85792195wwww\n|\n|t:|1699855600\n|switch|p2a: The way I see it|Groudon|100\/100\n|-activate|p2a: The way I see it|move: Sticky Web\n|-unboost|p2a: The way I see it|spe|1\n|detailschange|p2a: The way I see it|Groudon-Primal\n|-primal|p2a: The way I see it|Red Orb\n|-weather|DesolateLand|[from] ability: Desolate Land|[of] p2a: The way I see it\n|move|p1a: Yveltal|Knock Off|p2a: The way I see it\n|-damage|p2a: The way I see it|65\/100\n|\n|-weather|DesolateLand|[upkeep]\n|upkeep\n|turn|8\n|\n|t:|1699855603\n|move|p2a: The way I see it|Stone Edge|p1a: Yveltal\n|-supereffective|p1a: Yveltal\n|-damage|p1a: Yveltal|25\/100 par\n|move|p1a: Yveltal|U-turn|p2a: The way I see it\n|-resisted|p2a: The way I see it\n|-damage|p2a: The way I see it|55\/100\n|\n|t:|1699855606\n|switch|p1a: Kyurem|Kyurem-White|100\/100|[from] U-turn\n|-ability|p1a: Kyurem|Turboblaze\n|\n|-weather|DesolateLand|[upkeep]\n|upkeep\n|turn|9\n|\n|t:|1699855609\n|move|p1a: Kyurem|Earth Power|p2a: The way I see it\n|-supereffective|p2a: The way I see it\n|-damage|p2a: The way I see it|0 fnt\n|faint|p2a: The way I see it\n|-weather|none\n|\n|upkeep\n|\n|t:|1699855615\n|switch|p2a: giraffe|Eternatus|100\/100\n|-activate|p2a: giraffe|move: Sticky Web\n|-unboost|p2a: giraffe|spe|1\n|-ability|p2a: giraffe|Pressure\n|turn|10\n|\n|t:|1699855619\n|switch|p1a: Xerneas|Xerneas|100\/100\n|-ability|p1a: Xerneas|Fairy Aura\n|move|p2a: giraffe|Dynamax Cannon|p1a: Xerneas\n|-immune|p1a: Xerneas\n|\n|upkeep\n|turn|11\n|\n|t:|1699855623\n|switch|p2a: golden joe|Gholdengo|91\/100\n|-activate|p2a: golden joe|move: Sticky Web\n|-unboost|p2a: golden joe|spe|1\n|move|p1a: Xerneas|Play Rough|p2a: golden joe|[miss]\n|-miss|p1a: Xerneas|p2a: golden joe\n|\n|-heal|p2a: golden joe|97\/100|[from] item: Leftovers\n|upkeep\n|turn|12\n|\n|t:|1699855627\n|switch|p1a: Kartana|Kartana|100\/100\n|move|p2a: golden joe|Thunder Wave|p1a: Kartana|[miss]\n|-miss|p2a: golden joe|p1a: Kartana\n|\n|-heal|p2a: golden joe|100\/100|[from] item: Leftovers\n|upkeep\n|turn|13\n|\n|t:|1699855632\n|move|p1a: Kartana|Knock Off|p2a: golden joe\n|-supereffective|p2a: golden joe\n|-damage|p2a: golden joe|12\/100\n|-enditem|p2a: golden joe|Leftovers|[from] move: Knock Off|[of] p1a: Kartana\n|move|p2a: golden joe|Thunder Wave|p1a: Kartana\n|-status|p1a: Kartana|par\n|\n|upkeep\n|turn|14\n|\n|t:|1699855636\n|cant|p1a: Kartana|par\n|move|p2a: golden joe|Recover|p2a: golden joe\n|-heal|p2a: golden joe|62\/100\n|\n|upkeep\n|turn|15\n|\n|t:|1699855639\n|move|p1a: Kartana|Knock Off|p2a: golden joe\n|-supereffective|p2a: golden joe\n|-damage|p2a: golden joe|3\/100\n|move|p2a: golden joe|Recover|p2a: golden joe\n|-heal|p2a: golden joe|53\/100\n|\n|upkeep\n|turn|16\n|\n|t:|1699855643\n|cant|p1a: Kartana|par\n|move|p2a: golden joe|Hex|p1a: Kartana\n|-damage|p1a: Kartana|0 fnt\n|faint|p1a: Kartana\n|\n|upkeep\n|\n|t:|1699855653\n|switch|p1a: Marshadow|Marshadow|100\/100\n|turn|17\n|\n|t:|1699855659\n|move|p1a: Marshadow|Knock Off|p2a: golden joe\n|-supereffective|p2a: golden joe\n|-damage|p2a: golden joe|12\/100\n|move|p2a: golden joe|Hex|p1a: Marshadow\n|-supereffective|p1a: Marshadow\n|-damage|p1a: Marshadow|36\/100\n|\n|upkeep\n|turn|18\n|\n|t:|1699855662\n|move|p1a: Marshadow|Knock Off|p2a: golden joe\n|-supereffective|p2a: golden joe\n|-damage|p2a: golden joe|0 fnt\n|faint|p2a: golden joe\n|\n|upkeep\n|\n|t:|1699855665\n|switch|p2a: giraffe|Eternatus|100\/100\n|-activate|p2a: giraffe|move: Sticky Web\n|-unboost|p2a: giraffe|spe|1\n|-ability|p2a: giraffe|Pressure\n|turn|19\n|\n|t:|1699855668\n|move|p2a: giraffe|Sludge Wave|p1a: Marshadow\n|-resisted|p1a: Marshadow\n|-damage|p1a: Marshadow|8\/100\n|-status|p1a: Marshadow|psn\n|move|p1a: Marshadow|Knock Off|p2a: giraffe\n|-damage|p2a: giraffe|56\/100\n|-enditem|p2a: giraffe|Choice Scarf|[from] move: Knock Off|[of] p1a: Marshadow\n|\n|-damage|p1a: Marshadow|0 fnt|[from] psn\n|faint|p1a: Marshadow\n|upkeep\n|\n|t:|1699855674\n|switch|p1a: Xerneas|Xerneas|100\/100\n|-ability|p1a: Xerneas|Fairy Aura\n|turn|20\n|\n|t:|1699855678\n|move|p1a: Xerneas|Play Rough|p2a: giraffe\n|-damage|p2a: giraffe|0 fnt\n|faint|p2a: giraffe\n|\n|upkeep\n|\n|t:|1699855685\n|switch|p2a: sif|Zacian-Crowned|100\/100\n|-activate|p2a: sif|move: Sticky Web\n|-unboost|p2a: sif|spe|1\n|-ability|p2a: sif|Intrepid Sword|boost\n|-boost|p2a: sif|atk|1\n|turn|21\n|\n|t:|1699855690\n|move|p1a: Xerneas|Play Rough|p2a: sif\n|-resisted|p2a: sif\n|-damage|p2a: sif|57\/100\n|move|p2a: sif|Behemoth Blade|p1a: Xerneas\n|-supereffective|p1a: Xerneas\n|-damage|p1a: Xerneas|0 fnt\n|faint|p1a: Xerneas\n|\n|upkeep\n|\n|t:|1699855696\n|switch|p1a: Yveltal|Yveltal|25\/100 par\n|-ability|p1a: Yveltal|Dark Aura\n|turn|22\n|\n|t:|1699855699\n|move|p1a: Yveltal|Sucker Punch|p2a: sif\n|-resisted|p2a: sif\n|-damage|p2a: sif|35\/100\n|move|p2a: sif|Behemoth Blade|p1a: Yveltal\n|-damage|p1a: Yveltal|0 fnt\n|faint|p1a: Yveltal\n|\n|upkeep\n|\n|t:|1699855702\n|switch|p1a: Kyurem|Kyurem-White|100\/100\n|-ability|p1a: Kyurem|Turboblaze\n|turn|23\n|\n|t:|1699855705\n|-terastallize|p1a: Kyurem|Fire\n|move|p1a: Kyurem|Freeze-Dry|p2a: sif\n|-resisted|p2a: sif\n|-damage|p2a: sif|12\/100\n|move|p2a: sif|Behemoth Blade|p1a: Kyurem\n|-resisted|p1a: Kyurem\n|-crit|p1a: Kyurem\n|-damage|p1a: Kyurem|38\/100\n|\n|upkeep\n|turn|24\n|\n|t:|1699855710\n|move|p1a: Kyurem|Freeze-Dry|p2a: sif\n|-resisted|p2a: sif\n|-damage|p2a: sif|0 fnt\n|faint|p2a: sif\n|\n|upkeep\n|\n|t:|1699855712\n|switch|p2a: en crossiant|Salamence, M|100\/100\n|-ability|p2a: en crossiant|Intimidate|boost\n|-unboost|p1a: Kyurem|atk|1\n|turn|25\n|\n|t:|1699855715\n|detailschange|p2a: en crossiant|Salamence-Mega, M\n|-mega|p2a: en crossiant|Salamence|Salamencite\n|move|p1a: Kyurem|Freeze-Dry|p2a: en crossiant\n|-supereffective|p2a: en crossiant\n|-damage|p2a: en crossiant|0 fnt\n|faint|p2a: en crossiant\n|\n|win|hutoew\n|raw|hutoew's rating: 1488 &rarr; <strong>1514<\/strong><br \/>(+26 for winning)\n|raw|diemond35472's rating: 1594 &rarr; <strong>1568<\/strong><br \/>(-26 for losing)\n|c|\u2606diemond35472|gg\n|l|\u2606diemond35472\n|c|\u2606hutoew|Game\n","uploadtime":1699855755,"views":7,"p1id":"hutoew","p2id":"diemond35472","formatid":"gen9nationaldexubers","rating":1514,"private":0,"password":""}