{"id":"gen9nationaldexubers-2000534043","p1":"hoopladot","p2":"MCCChasun","format":"[Gen 9] National Dex Ubers","log":"|j|\u2606hoopladot\n|j|\u2606MCCChasun\n|t:|1701203002\n|gametype|singles\n|player|p1|hoopladot|265|1127\n|player|p2|MCCChasun|palmer|1180\n|teamsize|p1|6\n|teamsize|p2|6\n|gen|9\n|tier|[Gen 9] National Dex Ubers\n|rated|\n|rule|HP Percentage Mod: HP is shown in percentages\n|rule|Endless Battle Clause: Forcing endless battles is banned\n|rule|OHKO Clause: OHKO moves are banned\n|rule|Evasion Moves Clause: Evasion moves are banned\n|rule|Evasion Items Clause: Evasion items are banned\n|rule|Species Clause: Limit one of each Pok\u00e9mon\n|rule|Sleep Clause Mod: Limit one foe put to sleep\n|rule|Mega Rayquaza Clause: You cannot mega evolve Rayquaza\n|clearpoke\n|poke|p1|Blissey, F|\n|poke|p1|Skarmory, F|\n|poke|p1|Swampert, F|\n|poke|p1|Starmie|\n|poke|p1|Giratina-Origin|\n|poke|p1|Heracross, M|\n|poke|p2|Deoxys-Speed|\n|poke|p2|Regieleki|\n|poke|p2|Marshadow|\n|poke|p2|Iron Bundle|\n|poke|p2|Chi-Yu|\n|poke|p2|Metagross|\n|teampreview\n|\n|t:|1701203007\n|start\n|switch|p1a: Skarmory|Skarmory, F, shiny|100\/100\n|switch|p2a: deospeed|Deoxys-Speed|100\/100\n|-ability|p2a: deospeed|Pressure\n|turn|1\n|\n|t:|1701203017\n|move|p2a: deospeed|Knock Off|p1a: Skarmory\n|-damage|p1a: Skarmory|89\/100\n|-enditem|p1a: Skarmory|Leftovers|[from] move: Knock Off|[of] p2a: deospeed\n|move|p1a: Skarmory|Toxic|p2a: deospeed\n|-status|p2a: deospeed|tox\n|\n|-damage|p2a: deospeed|94\/100 tox|[from] psn\n|upkeep\n|turn|2\n|\n|t:|1701203027\n|move|p2a: deospeed|Stealth Rock|p1a: Skarmory\n|-sidestart|p1: hoopladot|move: Stealth Rock\n|move|p1a: Skarmory|Spikes|p2a: deospeed\n|-sidestart|p2: MCCChasun|Spikes\n|\n|-damage|p2a: deospeed|82\/100 tox|[from] psn\n|upkeep\n|turn|3\n|\n|t:|1701203033\n|move|p2a: deospeed|Spikes|p1a: Skarmory\n|-sidestart|p1: hoopladot|Spikes\n|move|p1a: Skarmory|Spikes|p2a: deospeed\n|-sidestart|p2: MCCChasun|Spikes\n|\n|-damage|p2a: deospeed|63\/100 tox|[from] psn\n|upkeep\n|turn|4\n|\n|t:|1701203038\n|move|p2a: deospeed|Spikes|p1a: Skarmory\n|-sidestart|p1: hoopladot|Spikes\n|move|p1a: Skarmory|Spikes|p2a: deospeed\n|-sidestart|p2: MCCChasun|Spikes\n|\n|-damage|p2a: deospeed|39\/100 tox|[from] psn\n|upkeep\n|turn|5\n|\n|t:|1701203047\n|move|p2a: deospeed|Psycho Boost|p1a: Skarmory\n|-resisted|p1a: Skarmory\n|-damage|p1a: Skarmory|50\/100\n|-unboost|p2a: deospeed|spa|2\n|move|p1a: Skarmory|Toxic|p2a: deospeed\n|-fail|p2a: deospeed|tox\n|\n|-damage|p2a: deospeed|8\/100 tox|[from] psn\n|upkeep\n|turn|6\n|\n|t:|1701203056\n|move|p2a: deospeed|Spikes|p1a: Skarmory\n|-sidestart|p1: hoopladot|Spikes\n|move|p1a: Skarmory|Roost|p1a: Skarmory\n|-heal|p1a: Skarmory|99\/100\n|-singleturn|p1a: Skarmory|move: Roost\n|\n|-damage|p2a: deospeed|0 fnt|[from] psn\n|faint|p2a: deospeed\n|upkeep\n|\n|t:|1701203059\n|switch|p2a: regis|Regieleki|100\/100\n|turn|7\n|\n|t:|1701203067\n|switch|p1a: Swampert|Swampert, F, shiny|100\/100\n|-damage|p1a: Swampert|94\/100|[from] Stealth Rock\n|-damage|p1a: Swampert|69\/100|[from] Spikes\n|move|p2a: regis|Thunderbolt|p1a: Swampert\n|-immune|p1a: Swampert\n|\n|-heal|p1a: Swampert|75\/100|[from] item: Leftovers\n|upkeep\n|turn|8\n|\n|t:|1701203086\n|-terastallize|p2a: regis|Ice\n|-terastallize|p1a: Swampert|Fighting\n|move|p2a: regis|Rapid Spin|p1a: Swampert\n|-damage|p1a: Swampert|68\/100\n|-boost|p2a: regis|spe|1\n|-sideend|p2: MCCChasun|Spikes|[from] move: Rapid Spin|[of] p2a: regis\n|move|p1a: Swampert|Power-Up Punch|p2a: regis\n|-supereffective|p2a: regis\n|-damage|p2a: regis|10\/100\n|-boost|p1a: Swampert|atk|1\n|\n|-heal|p1a: Swampert|74\/100|[from] item: Leftovers\n|upkeep\n|turn|9\n|\n|t:|1701203098\n|move|p2a: regis|Thunderbolt|p1a: Swampert\n|-damage|p1a: Swampert|25\/100\n|move|p1a: Swampert|Power-Up Punch|p2a: regis\n|-supereffective|p2a: regis\n|-damage|p2a: regis|0 fnt\n|-boost|p1a: Swampert|atk|1\n|faint|p2a: regis\n|\n|-heal|p1a: Swampert|31\/100|[from] item: Leftovers\n|upkeep\n|inactive|Battle timer is ON: inactive players will automatically lose when time's up. (requested by MCCChasun)\n|\n|t:|1701203101\n|switch|p2a: boo|Marshadow|100\/100\n|turn|10\n|\n|t:|1701203114\n|move|p2a: boo|Spectral Thief||[still]\n|-clearpositiveboost|p1a: Swampert|p2a: boo|move: Spectral Thief\n|-boost|p2a: boo|atk|2\n|-anim|p2a: boo|Spectral Thief|p1a: Swampert\n|-damage|p1a: Swampert|0 fnt\n|faint|p1a: Swampert\n|\n|upkeep\n|\n|t:|1701203130\n|switch|p1a: Skarmory|Skarmory, F, shiny|99\/100\n|-damage|p1a: Skarmory|88\/100|[from] Stealth Rock\n|turn|11\n|\n|t:|1701203135\n|move|p2a: boo|Rock Tomb|p1a: Skarmory\n|-crit|p1a: Skarmory\n|-damage|p1a: Skarmory|33\/100\n|-unboost|p1a: Skarmory|spe|1\n|move|p1a: Skarmory|Whirlwind|p2a: boo\n|drag|p2a: dammit|Metagross|100\/100\n|\n|upkeep\n|turn|12\n|\n|t:|1701203144\n|detailschange|p2a: dammit|Metagross-Mega\n|-mega|p2a: dammit|Metagross|Metagrossite\n|move|p2a: dammit|Iron Head|p1a: Skarmory\n|-resisted|p1a: Skarmory\n|-damage|p1a: Skarmory|17\/100\n|move|p1a: Skarmory|Roost|p1a: Skarmory\n|-heal|p1a: Skarmory|67\/100\n|-singleturn|p1a: Skarmory|move: Roost\n|\n|upkeep\n|turn|13\n|\n|t:|1701203154\n|switch|p2a: yuuuuu|Chi-Yu|100\/100\n|-ability|p2a: yuuuuu|Beads of Ruin\n|move|p1a: Skarmory|Spikes|p2a: yuuuuu\n|-sidestart|p2: MCCChasun|Spikes\n|\n|upkeep\n|turn|14\n|\n|t:|1701203165\n|switch|p1a: Blissey|Blissey, F, shiny|100\/100\n|-damage|p1a: Blissey|88\/100|[from] Stealth Rock\n|-damage|p1a: Blissey|63\/100|[from] Spikes\n|move|p2a: yuuuuu|Flamethrower|p1a: Blissey\n|-damage|p1a: Blissey|44\/100\n|\n|-heal|p1a: Blissey|50\/100|[from] item: Leftovers\n|upkeep\n|turn|15\n|\n|t:|1701203177\n|switch|p2a: boo|Marshadow|100\/100\n|-damage|p2a: boo|88\/100|[from] Spikes\n|move|p1a: Blissey|Soft-Boiled|p1a: Blissey\n|-heal|p1a: Blissey|99\/100\n|\n|-heal|p1a: Blissey|100\/100|[from] item: Leftovers\n|upkeep\n|turn|16\n|\n|t:|1701203193\n|-activate|p1a: Blissey|move: Pursuit\n|move|p2a: boo|Pursuit|p1a: Blissey|[from]Pursuit\n|-damage|p1a: Blissey|45\/100\n|switch|p1a: Skarmory|Skarmory, F, shiny|67\/100\n|-damage|p1a: Skarmory|55\/100|[from] Stealth Rock\n|\n|upkeep\n|turn|17\n|\n|t:|1701203202\n|move|p2a: boo|Rock Tomb|p1a: Skarmory\n|-damage|p1a: Skarmory|37\/100\n|-unboost|p1a: Skarmory|spe|1\n|move|p1a: Skarmory|Toxic|p2a: boo\n|-status|p2a: boo|tox\n|\n|-damage|p2a: boo|82\/100 tox|[from] psn\n|upkeep\n|turn|18\n|\n|t:|1701203210\n|switch|p2a: yuuuuu|Chi-Yu|100\/100\n|-damage|p2a: yuuuuu|88\/100|[from] Spikes\n|-ability|p2a: yuuuuu|Beads of Ruin\n|move|p1a: Skarmory|Roost|p1a: Skarmory\n|-heal|p1a: Skarmory|87\/100\n|-singleturn|p1a: Skarmory|move: Roost\n|\n|upkeep\n|turn|19\n|\n|t:|1701203236\n|switch|p1a: Blissey|Blissey, F, shiny|45\/100\n|-damage|p1a: Blissey|33\/100|[from] Stealth Rock\n|-damage|p1a: Blissey|8\/100|[from] Spikes\n|move|p2a: yuuuuu|Nasty Plot|p2a: yuuuuu\n|-boost|p2a: yuuuuu|spa|2\n|\n|-heal|p1a: Blissey|14\/100|[from] item: Leftovers\n|upkeep\n|turn|20\n|\n|t:|1701203246\n|move|p2a: yuuuuu|Flamethrower|p1a: Blissey\n|-damage|p1a: Blissey|0 fnt\n|faint|p1a: Blissey\n|\n|upkeep\n|\n|t:|1701203253\n|switch|p1a: Starmie|Starmie|100\/100\n|-damage|p1a: Starmie|88\/100|[from] Stealth Rock\n|-damage|p1a: Starmie|63\/100|[from] Spikes\n|turn|21\n|\n|t:|1701203269\n|switch|p2a: dammit|Metagross-Mega|100\/100\n|-damage|p2a: dammit|88\/100|[from] Spikes\n|move|p1a: Starmie|Surf|p2a: dammit\n|-damage|p2a: dammit|31\/100\n|\n|-heal|p1a: Starmie|70\/100|[from] item: Leftovers\n|upkeep\n|turn|22\n|\n|t:|1701203277\n|move|p2a: dammit|Bullet Punch|p1a: Starmie\n|-resisted|p1a: Starmie\n|-damage|p1a: Starmie|48\/100\n|move|p1a: Starmie|Surf|p2a: dammit\n|-damage|p2a: dammit|0 fnt\n|faint|p2a: dammit\n|\n|-heal|p1a: Starmie|54\/100|[from] item: Leftovers\n|upkeep\n|\n|t:|1701203288\n|switch|p2a: boo|Marshadow|82\/100 tox\n|-damage|p2a: boo|69\/100 tox|[from] Spikes\n|turn|23\n|\n|t:|1701203292\n|move|p2a: boo|Spectral Thief|p1a: Starmie\n|-supereffective|p1a: Starmie\n|-damage|p1a: Starmie|0 fnt\n|faint|p1a: Starmie\n|\n|-damage|p2a: boo|63\/100 tox|[from] psn\n|upkeep\n|\n|t:|1701203301\n|switch|p1a: Skarmory|Skarmory, F, shiny|87\/100\n|-damage|p1a: Skarmory|74\/100|[from] Stealth Rock\n|turn|24\n|\n|t:|1701203307\n|move|p2a: boo|Spectral Thief|p1a: Skarmory\n|-damage|p1a: Skarmory|46\/100\n|move|p1a: Skarmory|Spikes|p2a: boo\n|-sidestart|p2: MCCChasun|Spikes\n|\n|-damage|p2a: boo|51\/100 tox|[from] psn\n|upkeep\n|turn|25\n|\n|t:|1701203316\n|switch|p2a: yuuuuu|Chi-Yu|88\/100\n|-damage|p2a: yuuuuu|72\/100|[from] Spikes\n|-ability|p2a: yuuuuu|Beads of Ruin\n|move|p1a: Skarmory|Roost|p1a: Skarmory\n|-heal|p1a: Skarmory|96\/100\n|-singleturn|p1a: Skarmory|move: Roost\n|\n|upkeep\n|turn|26\n|\n|t:|1701203328\n|-zpower|p2a: yuuuuu\n|move|p2a: yuuuuu|Inferno Overdrive|p1a: Skarmory|[zeffect]\n|-supereffective|p1a: Skarmory\n|-damage|p1a: Skarmory|0 fnt\n|faint|p1a: Skarmory\n|\n|upkeep\n|\n|t:|1701203335\n|switch|p1a: Giratina|Giratina-Origin, shiny|100\/100\n|-damage|p1a: Giratina|88\/100|[from] Stealth Rock\n|turn|27\n|\n|t:|1701203349\n|move|p2a: yuuuuu|Dark Pulse|p1a: Giratina\n|-supereffective|p1a: Giratina\n|-damage|p1a: Giratina|10\/100\n|move|p1a: Giratina|Toxic|p2a: yuuuuu\n|-status|p2a: yuuuuu|tox\n|\n|-damage|p2a: yuuuuu|66\/100 tox|[from] psn\n|upkeep\n|turn|28\n|\n|t:|1701203359\n|move|p2a: yuuuuu|Dark Pulse|p1a: Giratina\n|-supereffective|p1a: Giratina\n|-damage|p1a: Giratina|0 fnt\n|faint|p1a: Giratina\n|\n|-damage|p2a: yuuuuu|54\/100 tox|[from] psn\n|upkeep\n|\n|t:|1701203366\n|switch|p1a: Heracross|Heracross, M|100\/100\n|-damage|p1a: Heracross|88\/100|[from] Stealth Rock\n|-damage|p1a: Heracross|63\/100|[from] Spikes\n|turn|29\n|\n|t:|1701203372\n|move|p2a: yuuuuu|Overheat|p1a: Heracross\n|-supereffective|p1a: Heracross\n|-damage|p1a: Heracross|0 fnt\n|-unboost|p2a: yuuuuu|spa|2\n|faint|p1a: Heracross\n|\n|win|MCCChasun\n|raw|hoopladot's rating: 1127 &rarr; <strong>1106<\/strong><br \/>(-21 for losing)\n|raw|MCCChasun's rating: 1180 &rarr; <strong>1201<\/strong><br \/>(+21 for winning)\n","uploadtime":1701203382,"views":2,"p1id":"hoopladot","p2id":"mccchasun","formatid":"gen9nationaldexubers","rating":1106,"private":0,"password":""}