{"id":"gen9nationaldexubers-1978148056","p1":"Guj Genera","p2":"Serise","format":"[Gen 9] National Dex Ubers","log":"|j|\u2606Guj Genera\n|j|\u2606Serise\n|t:|1698505227\n|gametype|singles\n|player|p1|Guj Genera|red|\n|player|p2|Serise|flannery-gen6|\n|teamsize|p1|6\n|teamsize|p2|6\n|gen|9\n|tier|[Gen 9] National Dex Ubers\n|rule|HP Percentage Mod: HP is shown in percentages\n|rule|Endless Battle Clause: Forcing endless battles is banned\n|rule|OHKO Clause: OHKO moves are banned\n|rule|Evasion Moves Clause: Evasion moves are banned\n|rule|Evasion Items Clause: Evasion items are banned\n|rule|Species Clause: Limit one of each Pok\u00e9mon\n|rule|Sleep Clause Mod: Limit one foe put to sleep\n|rule|Mega Rayquaza Clause: You cannot mega evolve Rayquaza\n|clearpoke\n|poke|p1|Zeraora|\n|poke|p1|Inteleon, F|\n|poke|p1|Diancie|\n|poke|p1|Kommo-o, M|\n|poke|p1|Landorus-Therian, M|\n|poke|p1|Kartana|\n|poke|p2|Iron Moth|\n|poke|p2|Infernape, M|\n|poke|p2|Blaziken, F|\n|poke|p2|Volcanion|\n|poke|p2|Charizard, F|\n|poke|p2|Dachsbun, F|\n|teampreview\n|inactive|Battle timer is ON: inactive players will automatically lose when time's up. (requested by Guj Genera)\n|inactive|Serise also wants the timer to be on.\n|c|\u2606Serise|glhf\n|inactive|Serise no longer wants the timer on, but the timer is staying on because gujgenera still does.\n|c|\u2606Guj Genera|Thx u 2\n|\n|t:|1698505256\n|start\n|switch|p1a: Landorus|Landorus-Therian, M, shiny|100\/100\n|switch|p2a: Roasting|Infernape, M|100\/100\n|-ability|p1a: Landorus|Intimidate|boost\n|-unboost|p2a: Roasting|atk|1\n|turn|1\n|\n|t:|1698505264\n|move|p2a: Roasting|Taunt|p1a: Landorus\n|-start|p1a: Landorus|move: Taunt\n|cant|p1a: Landorus|move: Taunt|Stealth Rock\n|\n|upkeep\n|turn|2\n|\n|t:|1698505266\n|move|p2a: Roasting|Stealth Rock|p1a: Landorus\n|-sidestart|p1: Guj Genera|move: Stealth Rock\n|move|p1a: Landorus|Earthquake|p2a: Roasting\n|-supereffective|p2a: Roasting\n|-enditem|p2a: Roasting|Focus Sash\n|-damage|p2a: Roasting|1\/100\n|\n|upkeep\n|turn|3\n|\n|t:|1698505271\n|move|p2a: Roasting|Endeavor|p1a: Landorus\n|-damage|p1a: Landorus|1\/100\n|-damage|p2a: Roasting|0 fnt|[from] item: Rocky Helmet|[of] p1a: Landorus\n|faint|p2a: Roasting\n|move|p1a: Landorus|Earthquake|p2: Roasting|[notarget]\n|-fail|p1a: Landorus\n|\n|-end|p1a: Landorus|move: Taunt\n|upkeep\n|\n|t:|1698505285\n|switch|p2a: Stir Fry|Blaziken, F|100\/100\n|turn|4\n|\n|t:|1698505291\n|move|p2a: Stir Fry|Protect|p2a: Stir Fry\n|-singleturn|p2a: Stir Fry|Protect\n|move|p1a: Landorus|Stealth Rock|p2a: Stir Fry\n|-sidestart|p2: Serise|move: Stealth Rock\n|\n|-ability|p2a: Stir Fry|Speed Boost|boost\n|-boost|p2a: Stir Fry|spe|1\n|upkeep\n|turn|5\n|\n|t:|1698505295\n|move|p2a: Stir Fry|Hidden Power|p1a: Landorus\n|-supereffective|p1a: Landorus\n|-damage|p1a: Landorus|0 fnt\n|faint|p1a: Landorus\n|-damage|p2a: Stir Fry|91\/100|[from] item: Life Orb\n|\n|-ability|p2a: Stir Fry|Speed Boost|boost\n|-boost|p2a: Stir Fry|spe|1\n|upkeep\n|\n|t:|1698505304\n|switch|p1a: Kartana|Kartana, shiny|100\/100\n|-damage|p1a: Kartana|94\/100|[from] Stealth Rock\n|turn|6\n|\n|t:|1698505307\n|move|p1a: Kartana|Psycho Cut|p2a: Stir Fry\n|-supereffective|p2a: Stir Fry\n|-damage|p2a: Stir Fry|0 fnt\n|faint|p2a: Stir Fry\n|-ability|p1a: Kartana|Beast Boost|boost\n|-boost|p1a: Kartana|atk|1\n|\n|upkeep\n|c|\u2606Serise|I'm so blind omg\n|inactive|Serise has 270 seconds left.\n|j| TheRealDiabeto\n|j| k7eenex\n|c|\u2606Guj Genera|U good?\n|\n|t:|1698505358\n|switch|p2a: Pressure Cook|Iron Moth, shiny|100\/100\n|-damage|p2a: Pressure Cook|76\/100|[from] Stealth Rock\n|turn|7\n|j| Cthulewds\n|\n|t:|1698505363\n|move|p2a: Pressure Cook|Fire Blast|p1a: Kartana\n|-supereffective|p1a: Kartana\n|-damage|p1a: Kartana|0 fnt\n|faint|p1a: Kartana\n|\n|upkeep\n|\n|t:|1698505372\n|switch|p1a: Diancie|Diancie, shiny|100\/100\n|-damage|p1a: Diancie|88\/100|[from] Stealth Rock\n|turn|8\n|j| Astro Cage\n|c|\u2606Serise|just reconsidering opening the gym this morning\n|inactive|Serise has 270 seconds left.\n|\n|t:|1698505388\n|-end|p2a: Pressure Cook|Quark Drive|[silent]\n|switch|p2a: Bake|Dachsbun, F|100\/100\n|-damage|p2a: Bake|88\/100|[from] Stealth Rock\n|detailschange|p1a: Diancie|Diancie-Mega, shiny\n|-mega|p1a: Diancie|Diancie|Diancite\n|move|p1a: Diancie|Diamond Storm|p2a: Bake\n|-damage|p2a: Bake|51\/100\n|-boost|p1a: Diancie|def|2\n|\n|-heal|p2a: Bake|57\/100|[from] item: Leftovers\n|upkeep\n|turn|9\n|\n|t:|1698505402\n|move|p2a: Bake|Protect|p2a: Bake\n|-singleturn|p2a: Bake|Protect\n|move|p1a: Diancie|Diamond Storm|p2a: Bake\n|-activate|p2a: Bake|move: Protect\n|\n|-heal|p2a: Bake|63\/100|[from] item: Leftovers\n|upkeep\n|turn|10\n|\n|t:|1698505406\n|move|p1a: Diancie|Diamond Storm|p2a: Bake\n|-damage|p2a: Bake|26\/100\n|-boost|p1a: Diancie|def|2\n|move|p2a: Bake|Wish|p2a: Bake\n|\n|-heal|p2a: Bake|32\/100|[from] item: Leftovers\n|upkeep\n|turn|11\n|\n|t:|1698505410\n|move|p2a: Bake|Protect|p2a: Bake\n|-singleturn|p2a: Bake|Protect\n|move|p1a: Diancie|Diamond Storm|p2a: Bake\n|-activate|p2a: Bake|move: Protect\n|\n|-heal|p2a: Bake|82\/100|[from] move: Wish|[wisher] Bake\n|-heal|p2a: Bake|88\/100|[from] item: Leftovers\n|upkeep\n|turn|12\n|\n|t:|1698505412\n|move|p1a: Diancie|Diamond Storm|p2a: Bake\n|-damage|p2a: Bake|49\/100\n|-boost|p1a: Diancie|def|2\n|move|p2a: Bake|Wish|p2a: Bake\n|\n|-heal|p2a: Bake|55\/100|[from] item: Leftovers\n|upkeep\n|turn|13\n|\n|t:|1698505417\n|move|p1a: Diancie|Moonblast|p2a: Bake\n|-damage|p2a: Bake|0 fnt\n|faint|p2a: Bake\n|\n|upkeep\n|\n|t:|1698505422\n|switch|p2a: Pressure Cook|Iron Moth, shiny|76\/100\n|-damage|p2a: Pressure Cook|51\/100|[from] Stealth Rock\n|turn|14\n|c|\u2606Guj Genera|How did a fairy move do more to a fairy\n|\n|t:|1698505436\n|move|p2a: Pressure Cook|Energy Ball|p1a: Diancie\n|-supereffective|p1a: Diancie\n|-damage|p1a: Diancie|5\/100\n|move|p1a: Diancie|Earth Power|p2a: Pressure Cook\n|-supereffective|p2a: Pressure Cook\n|-damage|p2a: Pressure Cook|0 fnt\n|faint|p2a: Pressure Cook\n|-end|p2a: Pressure Cook|Quark Drive|[silent]\n|\n|upkeep\n|\n|t:|1698505441\n|switch|p2a: Steaming|Volcanion|100\/100\n|-damage|p2a: Steaming|76\/100|[from] Stealth Rock\n|-item|p2a: Steaming|Air Balloon\n|turn|15\n|\n|t:|1698505448\n|move|p1a: Diancie|Diamond Storm|p2a: Steaming\n|-supereffective|p2a: Steaming\n|-crit|p2a: Steaming\n|-damage|p2a: Steaming|0 fnt\n|-enditem|p2a: Steaming|Air Balloon\n|faint|p2a: Steaming\n|\n|upkeep\n|\n|t:|1698505450\n|switch|p2a: Broil|Charizard, F|100\/100\n|-damage|p2a: Broil|51\/100|[from] Stealth Rock\n|turn|16\n|\n|t:|1698505455\n|detailschange|p2a: Broil|Charizard-Mega-X, F\n|-mega|p2a: Broil|Charizard|Charizardite X\n|move|p1a: Diancie|Diamond Storm|p2a: Broil\n|-supereffective|p2a: Broil\n|-damage|p2a: Broil|0 fnt\n|faint|p2a: Broil\n|\n|win|Guj Genera\n|c|\u2606Serise|gg\n","uploadtime":1698505459,"views":16,"p1id":"gujgenera","p2id":"serise","formatid":"gen9nationaldexubers","rating":0,"private":0,"password":""}