{"id":"gen9nationaldexubers-1996840866","p1":"Chacharealsmoove","p2":"ANGRY BALL","format":"[Gen 9] National Dex Ubers","log":"|j|\u2606Chacharealsmoove\n|j|\u203dANGRY BALL\n|t:|1700733801\n|gametype|singles\n|player|p1|Chacharealsmoove|ingo|1231\n|player|p2|ANGRY BALL|caitlin|1352\n|teamsize|p1|6\n|teamsize|p2|6\n|gen|9\n|tier|[Gen 9] National Dex Ubers\n|rated|\n|rule|HP Percentage Mod: HP is shown in percentages\n|rule|Endless Battle Clause: Forcing endless battles is banned\n|rule|OHKO Clause: OHKO moves are banned\n|rule|Evasion Moves Clause: Evasion moves are banned\n|rule|Evasion Items Clause: Evasion items are banned\n|rule|Species Clause: Limit one of each Pok\u00e9mon\n|rule|Sleep Clause Mod: Limit one foe put to sleep\n|rule|Mega Rayquaza Clause: You cannot mega evolve Rayquaza\n|clearpoke\n|poke|p1|Blastoise, M|\n|poke|p1|Landorus, M|\n|poke|p1|Ho-Oh|\n|poke|p1|Rillaboom, F|\n|poke|p1|Weavile, F|\n|poke|p1|Heatran, F|\n|poke|p2|Kyurem-Black|\n|poke|p2|Groudon|\n|poke|p2|Arceus-Dark|\n|poke|p2|Clodsire, F|\n|poke|p2|Flutter Mane|\n|poke|p2|Rayquaza|\n|teampreview\n|inactive|Battle timer is ON: inactive players will automatically lose when time's up. (requested by ANGRY BALL)\n|\n|t:|1700733815\n|start\n|switch|p1a: Landorus|Landorus, M|100\/100\n|switch|p2a: Kyurem|Kyurem-Black|100\/100\n|-ability|p2a: Kyurem|Teravolt\n|turn|1\n|\n|t:|1700733822\n|switch|p1a: Ho-Oh|Ho-Oh|100\/100\n|move|p2a: Kyurem|Dragon Dance|p2a: Kyurem\n|-boost|p2a: Kyurem|atk|1\n|-boost|p2a: Kyurem|spe|1\n|\n|upkeep\n|turn|2\n|\n|t:|1700733825\n|move|p2a: Kyurem|Icicle Spear|p1a: Ho-Oh\n|-damage|p1a: Ho-Oh|84\/100\n|-damage|p1a: Ho-Oh|66\/100\n|-damage|p1a: Ho-Oh|50\/100\n|-damage|p1a: Ho-Oh|33\/100\n|-hitcount|p1a: Ho-Oh|4\n|move|p1a: Ho-Oh|Whirlwind|p2a: Kyurem\n|drag|p2a: Groudon|Groudon, shiny|100\/100\n|detailschange|p2a: Groudon|Groudon-Primal, shiny\n|-primal|p2a: Groudon|Red Orb\n|-weather|DesolateLand|[from] ability: Desolate Land|[of] p2a: Groudon\n|\n|-weather|DesolateLand|[upkeep]\n|upkeep\n|turn|3\n|\n|t:|1700733830\n|switch|p1a: Heatran|Heatran, F|100\/100\n|move|p2a: Groudon|Heat Crash|p1a: Heatran\n|-start|p1a: Heatran|ability: Flash Fire\n|\n|-weather|DesolateLand|[upkeep]\n|upkeep\n|turn|4\n|\n|t:|1700733834\n|-end|p1a: Heatran|ability: Flash Fire|[silent]\n|switch|p1a: Landorus|Landorus, M|100\/100\n|move|p2a: Groudon|Earthquake|p1a: Landorus\n|-immune|p1a: Landorus\n|\n|-weather|DesolateLand|[upkeep]\n|upkeep\n|turn|5\n|\n|t:|1700733837\n|-weather|none\n|switch|p2a: Arceus|Arceus-Dark|100\/100\n|move|p1a: Landorus|Earth Power|p2a: Arceus\n|-damage|p2a: Arceus|56\/100\n|\n|upkeep\n|turn|6\n|\n|t:|1700733842\n|move|p2a: Arceus|Foul Play|p1a: Landorus\n|-damage|p1a: Landorus|59\/100\n|move|p1a: Landorus|Focus Blast|p2a: Arceus\n|-supereffective|p2a: Arceus\n|-damage|p2a: Arceus|0 fnt\n|faint|p2a: Arceus\n|\n|upkeep\n|\n|t:|1700733845\n|switch|p2a: Rayquaza|Rayquaza|100\/100\n|-ability|p2a: Rayquaza|Air Lock\n|turn|7\n|\n|t:|1700733848\n|switch|p1a: Weavile|Weavile, F|100\/100\n|-ability|p1a: Weavile|Pressure\n|move|p2a: Rayquaza|Waterfall|p1a: Weavile\n|-damage|p1a: Weavile|49\/100\n|\n|upkeep\n|turn|8\n|\n|t:|1700733853\n|-terastallize|p2a: Rayquaza|Normal\n|move|p2a: Rayquaza|Extreme Speed|p1a: Weavile\n|-damage|p1a: Weavile|0 fnt\n|faint|p1a: Weavile\n|\n|upkeep\n|\n|t:|1700733872\n|switch|p1a: Heatran|Heatran, F|100\/100\n|turn|9\n|\n|t:|1700733875\n|move|p2a: Rayquaza|Waterfall|p1a: Heatran\n|-supereffective|p1a: Heatran\n|-damage|p1a: Heatran|49\/100\n|cant|p1a: Heatran|flinch\n|\n|-heal|p1a: Heatran|55\/100|[from] item: Leftovers\n|upkeep\n|turn|10\n|\n|t:|1700733893\n|switch|p1a: Rillaboom|Rillaboom, F|100\/100\n|-fieldstart|move: Grassy Terrain|[from] ability: Grassy Surge|[of] p1a: Rillaboom\n|move|p2a: Rayquaza|Waterfall|p1a: Rillaboom\n|-resisted|p1a: Rillaboom\n|-crit|p1a: Rillaboom\n|-damage|p1a: Rillaboom|75\/100\n|\n|-heal|p1a: Rillaboom|81\/100|[from] Grassy Terrain\n|upkeep\n|turn|11\n|\n|t:|1700733905\n|move|p2a: Rayquaza|Dragon Ascent|p1a: Rillaboom\n|-supereffective|p1a: Rillaboom\n|-damage|p1a: Rillaboom|0 fnt\n|-unboost|p2a: Rayquaza|def|1\n|-unboost|p2a: Rayquaza|spd|1\n|faint|p1a: Rillaboom\n|\n|upkeep\n|\n|t:|1700733919\n|switch|p1a: Landorus|Landorus, M|59\/100\n|turn|12\n|\n|t:|1700733925\n|move|p2a: Rayquaza|Extreme Speed|p1a: Landorus\n|-damage|p1a: Landorus|7\/100\n|move|p1a: Landorus|Focus Blast|p2a: Rayquaza\n|-supereffective|p2a: Rayquaza\n|-damage|p2a: Rayquaza|0 fnt\n|faint|p2a: Rayquaza\n|\n|upkeep\n|\n|t:|1700733936\n|switch|p2a: Flutter Mane|Flutter Mane|100\/100\n|turn|13\n|\n|t:|1700733941\n|switch|p1a: Heatran|Heatran, F|55\/100\n|move|p2a: Flutter Mane|Shadow Ball|p1a: Heatran\n|-damage|p1a: Heatran|26\/100\n|\n|-heal|p1a: Heatran|32\/100|[from] Grassy Terrain\n|-heal|p1a: Heatran|38\/100|[from] item: Leftovers\n|upkeep\n|turn|14\n|\n|t:|1700733950\n|-end|p2a: Flutter Mane|Protosynthesis|[silent]\n|switch|p2a: Groudon|Groudon-Primal, shiny|100\/100\n|-weather|DesolateLand|[from] ability: Desolate Land|[of] p2a: Groudon\n|move|p1a: Heatran|Earth Power|p2a: Groudon\n|-supereffective|p2a: Groudon\n|-damage|p2a: Groudon|40\/100\n|\n|-weather|DesolateLand|[upkeep]\n|-heal|p2a: Groudon|46\/100|[from] Grassy Terrain\n|-heal|p1a: Heatran|44\/100|[from] Grassy Terrain\n|-heal|p1a: Heatran|50\/100|[from] item: Leftovers\n|-fieldend|move: Grassy Terrain\n|upkeep\n|turn|15\n|\n|t:|1700733956\n|move|p2a: Groudon|Heat Crash|p1a: Heatran\n|-start|p1a: Heatran|ability: Flash Fire\n|move|p1a: Heatran|Earth Power|p2a: Groudon\n|-supereffective|p2a: Groudon\n|-damage|p2a: Groudon|0 fnt\n|faint|p2a: Groudon\n|-weather|none\n|\n|-heal|p1a: Heatran|57\/100|[from] item: Leftovers\n|upkeep\n|-message|ANGRY BALL forfeited.\n|\n|win|Chacharealsmoove\n|raw|Chacharealsmoove's rating: 1231 &rarr; <strong>1264<\/strong><br \/>(+33 for winning)\n|raw|ANGRY BALL's rating: 1352 &rarr; <strong>1325<\/strong><br \/>(-27 for losing)\n|l|\u203dANGRY BALL\n","uploadtime":1700733969,"views":3,"p1id":"chacharealsmoove","p2id":"angryball","formatid":"gen9nationaldexubers","rating":1264,"private":0,"password":""}