{"id":"gen9nationaldexubers-1979838247","p1":"PokegalsUwU","p2":"Malik Mcfly","format":"[Gen 9] National Dex Ubers","log":"|j|\u2606PokegalsUwU\n|j|\u2606Malik Mcfly\n|t:|1698718553\n|gametype|singles\n|player|p1|PokegalsUwU|bianca|\n|player|p2|Malik Mcfly|nate|\n|teamsize|p1|6\n|teamsize|p2|6\n|gen|9\n|tier|[Gen 9] National Dex Ubers\n|rule|HP Percentage Mod: HP is shown in percentages\n|rule|Endless Battle Clause: Forcing endless battles is banned\n|rule|OHKO Clause: OHKO moves are banned\n|rule|Evasion Moves Clause: Evasion moves are banned\n|rule|Evasion Items Clause: Evasion items are banned\n|rule|Species Clause: Limit one of each Pok\u00e9mon\n|rule|Sleep Clause Mod: Limit one foe put to sleep\n|rule|Mega Rayquaza Clause: You cannot mega evolve Rayquaza\n|clearpoke\n|poke|p1|Swellow, F|\n|poke|p1|Raichu, M|\n|poke|p1|Breloom, F|\n|poke|p1|Wailord, M|\n|poke|p1|Blaziken, F|\n|poke|p1|Latias, F|\n|poke|p2|Espathra, F|\n|poke|p2|Palafin, M|\n|poke|p2|Ogerpon-Hearthflame, F|\n|poke|p2|Dragapult, M|\n|poke|p2|Flutter Mane|\n|poke|p2|Chien-Pao|\n|teampreview\n|\n|t:|1698718582\n|start\n|switch|p1a: Wailord|Wailord, M|100\/100\n|switch|p2a: Espathra|Espathra, F|100\/100\n|turn|1\n|\n|t:|1698718594\n|move|p2a: Espathra|Substitute|p2a: Espathra\n|-start|p2a: Espathra|Substitute\n|-damage|p2a: Espathra|76\/100\n|move|p1a: Wailord|Heavy Slam|p2a: Espathra\n|-end|p2a: Espathra|Substitute\n|\n|-heal|p2a: Espathra|82\/100|[from] item: Leftovers\n|-ability|p2a: Espathra|Speed Boost|boost\n|-boost|p2a: Espathra|spe|1\n|upkeep\n|turn|2\n|\n|t:|1698718605\n|move|p2a: Espathra|Lumina Crash|p1a: Wailord\n|-damage|p1a: Wailord|53\/100\n|-unboost|p1a: Wailord|spd|2\n|move|p1a: Wailord|Heavy Slam|p2a: Espathra\n|-damage|p2a: Espathra|32\/100\n|\n|-heal|p2a: Espathra|38\/100|[from] item: Leftovers\n|-ability|p2a: Espathra|Speed Boost|boost\n|-boost|p2a: Espathra|spe|1\n|upkeep\n|turn|3\n|\n|t:|1698718619\n|move|p2a: Espathra|Lumina Crash|p1a: Wailord\n|-damage|p1a: Wailord|0 fnt\n|faint|p1a: Wailord\n|\n|-heal|p2a: Espathra|44\/100|[from] item: Leftovers\n|-ability|p2a: Espathra|Speed Boost|boost\n|-boost|p2a: Espathra|spe|1\n|upkeep\n|\n|t:|1698718627\n|switch|p1a: Raichu|Raichu, M|100\/100\n|turn|4\n|\n|t:|1698718631\n|move|p2a: Espathra|Calm Mind|p2a: Espathra\n|-boost|p2a: Espathra|spa|1\n|-boost|p2a: Espathra|spd|1\n|move|p1a: Raichu|Thunder Wave|p2a: Espathra\n|-status|p2a: Espathra|par\n|\n|-heal|p2a: Espathra|50\/100 par|[from] item: Leftovers\n|-ability|p2a: Espathra|Speed Boost|boost\n|-boost|p2a: Espathra|spe|1\n|upkeep\n|turn|5\n|\n|t:|1698718640\n|cant|p2a: Espathra|par\n|move|p1a: Raichu|Light Screen|p1a: Raichu\n|-sidestart|p1: PokegalsUwU|move: Light Screen\n|\n|-heal|p2a: Espathra|56\/100 par|[from] item: Leftovers\n|-ability|p2a: Espathra|Speed Boost|boost\n|-boost|p2a: Espathra|spe|1\n|upkeep\n|turn|6\n|\n|t:|1698718648\n|move|p2a: Espathra|Substitute|p2a: Espathra\n|-start|p2a: Espathra|Substitute\n|-damage|p2a: Espathra|31\/100 par\n|move|p1a: Raichu|Thunderbolt|p2a: Espathra\n|-end|p2a: Espathra|Substitute\n|\n|-heal|p2a: Espathra|37\/100 par|[from] item: Leftovers\n|-ability|p2a: Espathra|Speed Boost|boost\n|-boost|p2a: Espathra|spe|1\n|upkeep\n|turn|7\n|\n|t:|1698718657\n|move|p2a: Espathra|Stored Power|p1a: Raichu\n|-damage|p1a: Raichu|25\/100\n|move|p1a: Raichu|Thunderbolt|p2a: Espathra\n|-damage|p2a: Espathra|5\/100 par\n|\n|-heal|p2a: Espathra|11\/100 par|[from] item: Leftovers\n|upkeep\n|turn|8\n|\n|t:|1698718669\n|move|p1a: Raichu|Quick Attack|p2a: Espathra\n|-damage|p2a: Espathra|0 fnt\n|faint|p2a: Espathra\n|\n|upkeep\n|\n|t:|1698718681\n|switch|p2a: Flutter Mane|Flutter Mane|100\/100\n|-enditem|p2a: Flutter Mane|Booster Energy\n|-activate|p2a: Flutter Mane|ability: Protosynthesis|[fromitem]\n|-start|p2a: Flutter Mane|protosynthesisspa\n|turn|9\n|\n|t:|1698718696\n|switch|p1a: Blaziken|Blaziken, F|100\/100\n|move|p2a: Flutter Mane|Protect||[still]\n|-fail|p2a: Flutter Mane\n|\n|-sideend|p1: PokegalsUwU|move: Light Screen\n|upkeep\n|turn|10\n|\n|t:|1698718704\n|detailschange|p1a: Blaziken|Blaziken-Mega, F\n|-mega|p1a: Blaziken|Blaziken|Blazikenite\n|move|p2a: Flutter Mane|Dazzling Gleam|p1a: Blaziken\n|-crit|p1a: Blaziken\n|-damage|p1a: Blaziken|0 fnt\n|faint|p1a: Blaziken\n|\n|upkeep\n|\n|t:|1698718714\n|switch|p1a: Breloom|Breloom, F|100\/100\n|turn|11\n|\n|t:|1698718718\n|move|p2a: Flutter Mane|Calm Mind|p2a: Flutter Mane\n|-boost|p2a: Flutter Mane|spa|1\n|-boost|p2a: Flutter Mane|spd|1\n|move|p1a: Breloom|Seed Bomb|p2a: Flutter Mane\n|-damage|p2a: Flutter Mane|16\/100\n|\n|upkeep\n|turn|12\n|\n|t:|1698718728\n|move|p2a: Flutter Mane|Dazzling Gleam|p1a: Breloom\n|-supereffective|p1a: Breloom\n|-damage|p1a: Breloom|0 fnt\n|faint|p1a: Breloom\n|\n|upkeep\n|\n|t:|1698718732\n|switch|p1a: Swellow|Swellow, F|100\/100\n|turn|13\n|\n|t:|1698718736\n|move|p1a: Swellow|Steel Wing|p2a: Flutter Mane\n|-supereffective|p2a: Flutter Mane\n|-damage|p2a: Flutter Mane|0 fnt\n|faint|p2a: Flutter Mane\n|-end|p2a: Flutter Mane|Protosynthesis|[silent]\n|\n|upkeep\n|\n|t:|1698718742\n|switch|p2a: Palafin|Palafin, M|100\/100\n|turn|14\n|\n|t:|1698718749\n|move|p1a: Swellow|U-turn|p2a: Palafin\n|-damage|p2a: Palafin|84\/100\n|-enditem|p2a: Palafin|Red Card|[of] p1a: Swellow\n|drag|p1a: Latias|Latias, F|100\/100\n|move|p2a: Palafin|Ice Beam|p1a: Latias\n|-supereffective|p1a: Latias\n|-damage|p1a: Latias|85\/100\n|\n|upkeep\n|turn|15\n|\n|t:|1698718762\n|-terastallize|p2a: Palafin|Ice\n|move|p1a: Latias|Calm Mind|p1a: Latias\n|-boost|p1a: Latias|spa|1\n|-boost|p1a: Latias|spd|1\n|move|p2a: Palafin|Draining Kiss|p1a: Latias\n|-supereffective|p1a: Latias\n|-damage|p1a: Latias|78\/100\n|-heal|p2a: Palafin|89\/100|[from] drain|[of] p1a: Latias\n|\n|upkeep\n|turn|16\n|\n|t:|1698718779\n|move|p1a: Latias|Calm Mind|p1a: Latias\n|-boost|p1a: Latias|spa|1\n|-boost|p1a: Latias|spd|1\n|move|p2a: Palafin|Aura Sphere|p1a: Latias\n|-resisted|p1a: Latias\n|-damage|p1a: Latias|76\/100\n|\n|upkeep\n|turn|17\n|\n|t:|1698718786\n|move|p1a: Latias|Psychic|p2a: Palafin\n|-damage|p2a: Palafin|21\/100\n|move|p2a: Palafin|Draining Kiss|p1a: Latias\n|-supereffective|p1a: Latias\n|-damage|p1a: Latias|71\/100\n|-heal|p2a: Palafin|25\/100|[from] drain|[of] p1a: Latias\n|\n|upkeep\n|turn|18\n|\n|t:|1698718796\n|detailschange|p2a: Palafin|Palafin-Hero, M, tera:Ice\n|switch|p2a: Chien-Pao|Chien-Pao|100\/100\n|-ability|p2a: Chien-Pao|Sword of Ruin\n|move|p1a: Latias|Recover|p1a: Latias\n|-heal|p1a: Latias|100\/100\n|\n|upkeep\n|turn|19\n|\n|t:|1698718805\n|move|p2a: Chien-Pao|Ice Shard|p1a: Latias\n|-supereffective|p1a: Latias\n|-damage|p1a: Latias|61\/100\n|move|p1a: Latias|Draco Meteor|p2a: Chien-Pao\n|-damage|p2a: Chien-Pao|0 fnt\n|-unboost|p1a: Latias|spa|2\n|faint|p2a: Chien-Pao\n|\n|upkeep\n|\n|t:|1698718815\n|switch|p2a: Ogerpon|Ogerpon-Hearthflame, F|100\/100\n|-ability|p2a: Ogerpon|Mold Breaker\n|turn|20\n|\n|t:|1698718825\n|move|p2a: Ogerpon|Sunny Day|p2a: Ogerpon\n|-weather|SunnyDay\n|move|p1a: Latias|Recover|p1a: Latias\n|-heal|p1a: Latias|100\/100\n|\n|-weather|SunnyDay|[upkeep]\n|upkeep\n|turn|21\n|\n|t:|1698718831\n|move|p2a: Ogerpon|Ivy Cudgel|p1a: Latias\n|-resisted|p1a: Latias\n|-damage|p1a: Latias|68\/100\n|move|p1a: Latias|Psychic|p2a: Ogerpon\n|-damage|p2a: Ogerpon|68\/100\n|-unboost|p2a: Ogerpon|spd|1\n|\n|-weather|SunnyDay|[upkeep]\n|upkeep\n|turn|22\n|\n|t:|1698718839\n|move|p2a: Ogerpon|Ivy Cudgel|p1a: Latias\n|-resisted|p1a: Latias\n|-damage|p1a: Latias|36\/100\n|move|p1a: Latias|Draco Meteor|p2a: Ogerpon\n|-damage|p2a: Ogerpon|0 fnt\n|-unboost|p1a: Latias|spa|2\n|faint|p2a: Ogerpon\n|\n|-weather|SunnyDay|[upkeep]\n|upkeep\n|\n|t:|1698718849\n|switch|p2a: Dragapult|Dragapult, M|100\/100\n|turn|23\n|\n|t:|1698718859\n|move|p2a: Dragapult|Dragon Darts|p1a: Latias\n|-supereffective|p1a: Latias\n|-damage|p1a: Latias|0 fnt\n|faint|p1a: Latias\n|\n|-weather|SunnyDay|[upkeep]\n|upkeep\n|\n|t:|1698718865\n|switch|p1a: Swellow|Swellow, F|100\/100\n|turn|24\n|\n|t:|1698718871\n|move|p1a: Swellow|Aerial Ace|p2a: Dragapult\n|-damage|p2a: Dragapult|70\/100\n|move|p2a: Dragapult|Dragon Darts|p1a: Swellow\n|-damage|p1a: Swellow|53\/100\n|-anim|p2a: Dragapult|Dragon Darts|p1a: Swellow\n|-damage|p1a: Swellow|2\/100\n|\n|-weather|none\n|upkeep\n|turn|25\n|\n|t:|1698718880\n|move|p1a: Swellow|U-turn|p2a: Dragapult\n|-resisted|p2a: Dragapult\n|-damage|p2a: Dragapult|58\/100\n|\n|t:|1698718884\n|switch|p1a: Raichu|Raichu, M|25\/100|[from] U-turn\n|move|p2a: Dragapult|Flamethrower|p1a: Raichu\n|-damage|p1a: Raichu|0 fnt\n|faint|p1a: Raichu\n|\n|upkeep\n|\n|t:|1698718894\n|switch|p1a: Swellow|Swellow, F|2\/100\n|turn|26\n|\n|t:|1698718898\n|move|p1a: Swellow|Steel Wing|p2a: Dragapult\n|-damage|p2a: Dragapult|32\/100\n|move|p2a: Dragapult|Tera Blast|p1a: Swellow\n|-damage|p1a: Swellow|0 fnt\n|faint|p1a: Swellow\n|\n|win|Malik Mcfly\n|l|\u2606PokegalsUwU\n","uploadtime":1698718919,"views":8,"p1id":"pokegalsuwu","p2id":"malikmcfly","formatid":"gen9nationaldexubers","rating":0,"private":0,"password":""}