{"id":"gen9nationaldexubers-1993184225","p1":"Kdisue","p2":"Sylveon2023","format":"[Gen 9] National Dex Ubers","log":"|j|\u2606Kdisue\n|j|\u2606Sylveon2023\n|t:|1700275118\n|gametype|singles\n|player|p1|Kdisue|2|1078\n|player|p2|Sylveon2023|acerola-masters|1057\n|teamsize|p1|6\n|teamsize|p2|3\n|gen|9\n|tier|[Gen 9] National Dex Ubers\n|rated|\n|rule|HP Percentage Mod: HP is shown in percentages\n|rule|Endless Battle Clause: Forcing endless battles is banned\n|rule|OHKO Clause: OHKO moves are banned\n|rule|Evasion Moves Clause: Evasion moves are banned\n|rule|Evasion Items Clause: Evasion items are banned\n|rule|Species Clause: Limit one of each Pok\u00e9mon\n|rule|Sleep Clause Mod: Limit one foe put to sleep\n|rule|Mega Rayquaza Clause: You cannot mega evolve Rayquaza\n|clearpoke\n|poke|p1|Deoxys-Defense|\n|poke|p1|Chansey, F|\n|poke|p1|Ferrothorn, F|\n|poke|p1|Rotom-Wash|\n|poke|p1|Ho-Oh|\n|poke|p1|Lugia|\n|poke|p2|Lunala|\n|poke|p2|Necrozma-Dawn-Wings|\n|poke|p2|Solgaleo|\n|teampreview\n|\n|t:|1700275128\n|start\n|switch|p1a: Sexy Red|Deoxys-Defense|100\/100\n|switch|p2a: Solgaleo|Solgaleo, shiny|100\/100\n|-ability|p1a: Sexy Red|Pressure\n|turn|1\n|\n|t:|1700275137\n|move|p1a: Sexy Red|Stealth Rock|p2a: Solgaleo\n|-sidestart|p2: Sylveon2023|move: Stealth Rock\n|move|p2a: Solgaleo|Fire Blast|p1a: Sexy Red|[miss]\n|-miss|p2a: Solgaleo|p1a: Sexy Red\n|\n|upkeep\n|turn|2\n|\n|t:|1700275148\n|switch|p1a: Egg woman|Chansey, F|100\/100\n|move|p2a: Solgaleo|Fire Blast|p1a: Egg woman\n|-damage|p1a: Egg woman|82\/100\n|\n|upkeep\n|turn|3\n|\n|t:|1700275163\n|move|p2a: Solgaleo|Flash Cannon|p1a: Egg woman\n|-damage|p1a: Egg woman|59\/100\n|move|p1a: Egg woman|Power-Up Punch|p2a: Solgaleo\n|-damage|p2a: Solgaleo|97\/100\n|-boost|p1a: Egg woman|atk|1\n|\n|upkeep\n|turn|4\n|\n|t:|1700275173\n|move|p2a: Solgaleo|Calm Mind|p2a: Solgaleo\n|-boost|p2a: Solgaleo|spa|1\n|-boost|p2a: Solgaleo|spd|1\n|move|p1a: Egg woman|Soft-Boiled|p1a: Egg woman\n|-heal|p1a: Egg woman|100\/100\n|\n|upkeep\n|turn|5\n|\n|t:|1700275180\n|move|p2a: Solgaleo|Calm Mind|p2a: Solgaleo\n|-boost|p2a: Solgaleo|spa|1\n|-boost|p2a: Solgaleo|spd|1\n|move|p1a: Egg woman|Power-Up Punch|p2a: Solgaleo\n|-crit|p2a: Solgaleo\n|-damage|p2a: Solgaleo|90\/100\n|-boost|p1a: Egg woman|atk|1\n|\n|upkeep\n|turn|6\n|\n|t:|1700275189\n|move|p2a: Solgaleo|Fire Blast|p1a: Egg woman|[miss]\n|-miss|p2a: Solgaleo|p1a: Egg woman\n|move|p1a: Egg woman|Power-Up Punch|p2a: Solgaleo\n|-damage|p2a: Solgaleo|84\/100\n|-boost|p1a: Egg woman|atk|1\n|\n|upkeep\n|turn|7\n|\n|t:|1700275197\n|move|p2a: Solgaleo|Fire Blast|p1a: Egg woman\n|-damage|p1a: Egg woman|65\/100\n|move|p1a: Egg woman|Power-Up Punch|p2a: Solgaleo\n|-crit|p2a: Solgaleo\n|-damage|p2a: Solgaleo|72\/100\n|-boost|p1a: Egg woman|atk|1\n|\n|upkeep\n|turn|8\n|\n|t:|1700275207\n|move|p2a: Solgaleo|Calm Mind|p2a: Solgaleo\n|-boost|p2a: Solgaleo|spa|1\n|-boost|p2a: Solgaleo|spd|1\n|move|p1a: Egg woman|Soft-Boiled|p1a: Egg woman\n|-heal|p1a: Egg woman|100\/100\n|\n|upkeep\n|turn|9\n|\n|t:|1700275214\n|move|p2a: Solgaleo|Calm Mind|p2a: Solgaleo\n|-boost|p2a: Solgaleo|spa|1\n|-boost|p2a: Solgaleo|spd|1\n|move|p1a: Egg woman|Power-Up Punch|p2a: Solgaleo\n|-crit|p2a: Solgaleo\n|-damage|p2a: Solgaleo|58\/100\n|-boost|p1a: Egg woman|atk|1\n|\n|upkeep\n|turn|10\n|\n|t:|1700275223\n|move|p2a: Solgaleo|Fire Blast|p1a: Egg woman\n|-damage|p1a: Egg woman|47\/100\n|move|p1a: Egg woman|Thunder Punch|p2a: Solgaleo\n|-damage|p2a: Solgaleo|37\/100\n|-status|p2a: Solgaleo|par\n|\n|upkeep\n|turn|11\n|\n|t:|1700275231\n|move|p1a: Egg woman|Soft-Boiled|p1a: Egg woman\n|-heal|p1a: Egg woman|97\/100\n|move|p2a: Solgaleo|Fire Blast|p1a: Egg woman\n|-damage|p1a: Egg woman|37\/100\n|\n|upkeep\n|turn|12\n|\n|t:|1700275238\n|move|p1a: Egg woman|Soft-Boiled|p1a: Egg woman\n|-heal|p1a: Egg woman|87\/100\n|move|p2a: Solgaleo|Fire Blast|p1a: Egg woman\n|-damage|p1a: Egg woman|28\/100\n|\n|upkeep\n|turn|13\n|\n|t:|1700275245\n|move|p1a: Egg woman|Soft-Boiled|p1a: Egg woman\n|-heal|p1a: Egg woman|78\/100\n|cant|p2a: Solgaleo|par\n|\n|upkeep\n|turn|14\n|\n|t:|1700275252\n|move|p1a: Egg woman|Power-Up Punch|p2a: Solgaleo\n|-damage|p2a: Solgaleo|25\/100 par\n|-boost|p1a: Egg woman|atk|1\n|move|p2a: Solgaleo|Sunsteel Strike|p1a: Egg woman\n|-damage|p1a: Egg woman|29\/100\n|\n|upkeep\n|turn|15\n|\n|t:|1700275262\n|move|p1a: Egg woman|Thunder Punch|p2a: Solgaleo\n|-damage|p2a: Solgaleo|3\/100 par\n|cant|p2a: Solgaleo|par\n|\n|upkeep\n|turn|16\n|\n|t:|1700275269\n|move|p1a: Egg woman|Thunder Punch|p2a: Solgaleo\n|-crit|p2a: Solgaleo\n|-damage|p2a: Solgaleo|0 fnt\n|faint|p2a: Solgaleo\n|\n|upkeep\n|\n|t:|1700275273\n|switch|p2a: Lunala|Lunala, shiny|100\/100\n|-damage|p2a: Lunala|88\/100|[from] Stealth Rock\n|turn|17\n|\n|t:|1700275280\n|move|p2a: Lunala|Psycho Cut|p1a: Egg woman\n|-crit|p1a: Egg woman\n|-damage|p1a: Egg woman|0 fnt\n|faint|p1a: Egg woman\n|\n|upkeep\n|\n|t:|1700275289\n|switch|p1a: Iron boy|Ferrothorn, F|100\/100\n|turn|18\n|\n|t:|1700275293\n|move|p2a: Lunala|Calm Mind|p2a: Lunala\n|-boost|p2a: Lunala|spa|1\n|-boost|p2a: Lunala|spd|1\n|move|p1a: Iron boy|Gyro Ball|p2a: Lunala\n|-damage|p2a: Lunala|0 fnt\n|faint|p2a: Lunala\n|\n|upkeep\n|\n|t:|1700275297\n|switch|p2a: Necrozma|Necrozma-Dawn-Wings, shiny|100\/100\n|-damage|p2a: Necrozma|88\/100|[from] Stealth Rock\n|turn|19\n|\n|t:|1700275306\n|detailschange|p2a: Necrozma|Necrozma-Ultra, shiny\n|-burst|p2a: Necrozma|Necrozma|Ultranecrozium Z\n|move|p2a: Necrozma|Moongeist Beam|p1a: Iron boy\n|-damage|p1a: Iron boy|62\/100\n|move|p1a: Iron boy|Gyro Ball|p2a: Necrozma\n|-damage|p2a: Necrozma|0 fnt\n|faint|p2a: Necrozma\n|\n|win|Kdisue\n|raw|Kdisue's rating: 1078 &rarr; <strong>1105<\/strong><br \/>(+27 for winning)\n|raw|Sylveon2023's rating: 1057 &rarr; <strong>1040<\/strong><br \/>(-17 for losing)\n|l|\u2606Sylveon2023\n","uploadtime":1700275319,"views":8,"p1id":"kdisue","p2id":"sylveon2023","formatid":"gen9nationaldexubers","rating":1040,"private":0,"password":""}