{"id":"gen9nationaldexubers-1996369751","p1":"JustMonika_CARR","p2":"battlelllord","format":"[Gen 9] National Dex Ubers","log":"|j|\u2606JustMonika_CARR\n|j|\u2606battlelllord\n|t:|1700675513\n|gametype|singles\n|player|p1|JustMonika_CARR|rosa|1273\n|player|p2|battlelllord|101|1477\n|teamsize|p1|6\n|teamsize|p2|6\n|gen|9\n|tier|[Gen 9] National Dex Ubers\n|rated|\n|rule|HP Percentage Mod: HP is shown in percentages\n|rule|Endless Battle Clause: Forcing endless battles is banned\n|rule|OHKO Clause: OHKO moves are banned\n|rule|Evasion Moves Clause: Evasion moves are banned\n|rule|Evasion Items Clause: Evasion items are banned\n|rule|Species Clause: Limit one of each Pok\u00e9mon\n|rule|Sleep Clause Mod: Limit one foe put to sleep\n|rule|Mega Rayquaza Clause: You cannot mega evolve Rayquaza\n|clearpoke\n|poke|p1|Marshadow|\n|poke|p1|Lopunny, F|\n|poke|p1|Eternatus|\n|poke|p1|Forretress, F|\n|poke|p1|Pheromosa|\n|poke|p1|Grimmsnarl, M|\n|poke|p2|Grimmsnarl, M|\n|poke|p2|Polteageist|\n|poke|p2|Arceus|\n|poke|p2|Xerneas-*|\n|poke|p2|Groudon|\n|poke|p2|Blastoise, F|\n|teampreview\n|\n|t:|1700675519\n|start\n|switch|p1a: Forretress|Forretress, F, shiny|100\/100\n|switch|p2a: Arceus|Arceus|100\/100\n|turn|1\n|c|\u2606JustMonika_CARR|glhf\n|\n|t:|1700675527\n|move|p2a: Arceus|Swords Dance|p2a: Arceus\n|-boost|p2a: Arceus|atk|2\n|move|p1a: Forretress|Toxic Spikes|p2a: Arceus\n|-sidestart|p2: battlelllord|move: Toxic Spikes\n|\n|upkeep\n|turn|2\n|\n|t:|1700675538\n|move|p2a: Arceus|Swords Dance|p2a: Arceus\n|-boost|p2a: Arceus|atk|2\n|move|p1a: Forretress|Toxic Spikes|p2a: Arceus\n|-sidestart|p2: battlelllord|move: Toxic Spikes\n|\n|upkeep\n|turn|3\n|\n|t:|1700675544\n|move|p2a: Arceus|Earthquake|p1a: Forretress\n|-damage|p1a: Forretress|42\/100\n|-enditem|p1a: Forretress|Red Card|[of] p2a: Arceus\n|drag|p2a: Groudon|Groudon|100\/100\n|-status|p2a: Groudon|tox\n|detailschange|p2a: Groudon|Groudon-Primal\n|-primal|p2a: Groudon|Red Orb\n|-weather|DesolateLand|[from] ability: Desolate Land|[of] p2a: Groudon\n|move|p1a: Forretress|Stealth Rock|p2a: Groudon\n|-sidestart|p2: battlelllord|move: Stealth Rock\n|\n|-weather|DesolateLand|[upkeep]\n|-damage|p2a: Groudon|94\/100 tox|[from] psn\n|upkeep\n|turn|4\n|\n|t:|1700675555\n|move|p2a: Groudon|Heat Crash|p1a: Forretress\n|-supereffective|p1a: Forretress\n|-damage|p1a: Forretress|0 fnt\n|faint|p1a: Forretress\n|\n|-weather|DesolateLand|[upkeep]\n|-damage|p2a: Groudon|82\/100 tox|[from] psn\n|upkeep\n|\n|t:|1700675560\n|switch|p1a: Eternatus|Eternatus|100\/100\n|-ability|p1a: Eternatus|Pressure\n|turn|5\n|\n|t:|1700675565\n|-terastallize|p1a: Eternatus|Ground\n|move|p1a: Eternatus|Tera Blast|p2a: Groudon|[anim] Tera Blast Ground\n|-supereffective|p2a: Groudon\n|-damage|p2a: Groudon|0 fnt\n|faint|p2a: Groudon\n|-weather|none\n|\n|upkeep\n|\n|t:|1700675571\n|switch|p2a: Grimmsnarl|Grimmsnarl, M|100\/100\n|-status|p2a: Grimmsnarl|tox\n|-damage|p2a: Grimmsnarl|88\/100 tox|[from] Stealth Rock\n|turn|6\n|\n|t:|1700675579\n|switch|p1a: Grimmsnarl|Grimmsnarl, M, shiny|100\/100\n|move|p2a: Grimmsnarl|Light Screen|p2a: Grimmsnarl\n|-sidestart|p2: battlelllord|move: Light Screen\n|\n|-damage|p2a: Grimmsnarl|82\/100 tox|[from] psn\n|upkeep\n|turn|7\n|\n|t:|1700675584\n|move|p2a: Grimmsnarl|Reflect|p2a: Grimmsnarl\n|-sidestart|p2: battlelllord|Reflect\n|move|p1a: Grimmsnarl|Spirit Break|p2a: Grimmsnarl\n|-supereffective|p2a: Grimmsnarl\n|-damage|p2a: Grimmsnarl|48\/100 tox\n|-unboost|p2a: Grimmsnarl|spa|1\n|\n|-damage|p2a: Grimmsnarl|36\/100 tox|[from] psn\n|upkeep\n|turn|8\n|\n|t:|1700675592\n|move|p2a: Grimmsnarl|Foul Play|p1a: Grimmsnarl\n|-resisted|p1a: Grimmsnarl\n|-damage|p1a: Grimmsnarl|90\/100\n|move|p1a: Grimmsnarl|Spirit Break|p2a: Grimmsnarl\n|-supereffective|p2a: Grimmsnarl\n|-damage|p2a: Grimmsnarl|0 fnt\n|faint|p2a: Grimmsnarl\n|\n|-heal|p1a: Grimmsnarl|96\/100|[from] item: Leftovers\n|upkeep\n|\n|t:|1700675602\n|switch|p2a: Arceus|Arceus|100\/100\n|-status|p2a: Arceus|tox\n|-damage|p2a: Arceus|88\/100 tox|[from] Stealth Rock\n|turn|9\n|\n|t:|1700675608\n|move|p1a: Grimmsnarl|Taunt|p2a: Arceus\n|-start|p2a: Arceus|move: Taunt\n|cant|p2a: Arceus|move: Taunt|Swords Dance\n|\n|-heal|p1a: Grimmsnarl|100\/100|[from] item: Leftovers\n|-damage|p2a: Arceus|82\/100 tox|[from] psn\n|upkeep\n|turn|10\n|\n|t:|1700675616\n|switch|p2a: Xerneas|Xerneas|100\/100\n|-status|p2a: Xerneas|tox\n|-damage|p2a: Xerneas|88\/100 tox|[from] Stealth Rock\n|-ability|p2a: Xerneas|Fairy Aura\n|move|p1a: Grimmsnarl|Reflect|p1a: Grimmsnarl\n|-sidestart|p1: JustMonika_CARR|Reflect\n|\n|-damage|p2a: Xerneas|82\/100 tox|[from] psn\n|upkeep\n|turn|11\n|\n|t:|1700675625\n|move|p1a: Grimmsnarl|Taunt|p2a: Xerneas\n|-start|p2a: Xerneas|move: Taunt\n|move|p2a: Xerneas|Moonblast|p1a: Grimmsnarl\n|-supereffective|p1a: Grimmsnarl\n|-crit|p1a: Grimmsnarl\n|-damage|p1a: Grimmsnarl|0 fnt\n|faint|p1a: Grimmsnarl\n|\n|-damage|p2a: Xerneas|70\/100 tox|[from] psn\n|upkeep\n|\n|t:|1700675640\n|switch|p1a: Pheromosa|Pheromosa, shiny|100\/100\n|turn|12\n|\n|t:|1700675653\n|move|p1a: Pheromosa|Ice Beam|p2a: Xerneas\n|-damage|p2a: Xerneas|55\/100 tox\n|move|p2a: Xerneas|Moonblast|p1a: Pheromosa\n|-supereffective|p1a: Pheromosa\n|-enditem|p1a: Pheromosa|Focus Sash\n|-damage|p1a: Pheromosa|1\/100\n|\n|-damage|p2a: Xerneas|37\/100 tox|[from] psn\n|upkeep\n|turn|13\n|\n|t:|1700675662\n|move|p1a: Pheromosa|Ice Beam|p2a: Xerneas\n|-damage|p2a: Xerneas|22\/100 tox\n|move|p2a: Xerneas|Moonblast|p1a: Pheromosa\n|-supereffective|p1a: Pheromosa\n|-damage|p1a: Pheromosa|0 fnt\n|faint|p1a: Pheromosa\n|\n|-damage|p2a: Xerneas|0 fnt|[from] psn\n|faint|p2a: Xerneas\n|-sideend|p2: battlelllord|move: Light Screen\n|upkeep\n|\n|t:|1700675671\n|switch|p1a: Lopunny|Lopunny, F, shiny|100\/100\n|switch|p2a: Blastoise|Blastoise, F|100\/100\n|-status|p2a: Blastoise|tox\n|-damage|p2a: Blastoise|88\/100 tox|[from] Stealth Rock\n|turn|14\n|\n|t:|1700675679\n|detailschange|p1a: Lopunny|Lopunny-Mega, F, shiny\n|-mega|p1a: Lopunny|Lopunny|Lopunnite\n|detailschange|p2a: Blastoise|Blastoise-Mega, F\n|-mega|p2a: Blastoise|Blastoise|Blastoisinite\n|move|p1a: Lopunny|Fake Out|p2a: Blastoise\n|-damage|p2a: Blastoise|77\/100 tox\n|cant|p2a: Blastoise|flinch\n|\n|-damage|p2a: Blastoise|71\/100 tox|[from] psn\n|-sideend|p2: battlelllord|Reflect\n|-sideend|p1: JustMonika_CARR|Reflect\n|upkeep\n|turn|15\n|\n|t:|1700675688\n|move|p1a: Lopunny|Return|p2a: Blastoise\n|-damage|p2a: Blastoise|19\/100 tox\n|move|p2a: Blastoise|Water Pulse|p1a: Lopunny\n|-damage|p1a: Lopunny|33\/100\n|\n|-damage|p2a: Blastoise|7\/100 tox|[from] psn\n|upkeep\n|turn|16\n|\n|t:|1700675695\n|move|p1a: Lopunny|Power-Up Punch|p2a: Blastoise\n|-damage|p2a: Blastoise|0 fnt\n|-boost|p1a: Lopunny|atk|1\n|faint|p2a: Blastoise\n|\n|upkeep\n|\n|t:|1700675700\n|switch|p2a: Arceus|Arceus|82\/100 tox\n|-damage|p2a: Arceus|70\/100 tox|[from] Stealth Rock\n|turn|17\n|\n|t:|1700675707\n|switch|p1a: Marshadow|Marshadow|100\/100\n|move|p2a: Arceus|Swords Dance|p2a: Arceus\n|-boost|p2a: Arceus|atk|2\n|\n|-damage|p2a: Arceus|64\/100 tox|[from] psn\n|upkeep\n|turn|18\n|\n|t:|1700675715\n|move|p1a: Marshadow|Spectral Thief|p2a: Arceus\n|-immune|p2a: Arceus\n|move|p2a: Arceus|Shadow Claw|p1a: Marshadow\n|-supereffective|p1a: Marshadow\n|-enditem|p1a: Marshadow|Focus Sash\n|-damage|p1a: Marshadow|1\/100\n|\n|-damage|p2a: Arceus|52\/100 tox|[from] psn\n|upkeep\n|turn|19\n|\n|t:|1700675725\n|move|p1a: Marshadow|Force Palm|p2a: Arceus\n|-supereffective|p2a: Arceus\n|-damage|p2a: Arceus|0 fnt\n|faint|p2a: Arceus\n|\n|upkeep\n|-message|battlelllord forfeited.\n|\n|win|JustMonika_CARR\n|raw|JustMonika_CARR's rating: 1273 &rarr; <strong>1311<\/strong><br \/>(+38 for winning)\n|raw|battlelllord's rating: 1477 &rarr; <strong>1446<\/strong><br \/>(-31 for losing)\n|l|\u2606battlelllord\n","uploadtime":1700675733,"views":1,"p1id":"justmonikacarr","p2id":"battlelllord","formatid":"gen9nationaldexubers","rating":1311,"private":0,"password":""}