{"id":"gen9nationaldexubers-1980981289","p1":"D. Lawrenzz","p2":"Aroma Nobody","format":"[Gen 9] National Dex Ubers","log":"|j|\u2606D. Lawrenzz\n|j|\u2606Aroma Nobody\n|t:|1698854178\n|gametype|singles\n|player|p1|D. Lawrenzz|blue-masters|\n|player|p2|Aroma Nobody|turo-ai|\n|teamsize|p1|6\n|teamsize|p2|6\n|gen|9\n|tier|[Gen 9] National Dex Ubers\n|rule|HP Percentage Mod: HP is shown in percentages\n|rule|Endless Battle Clause: Forcing endless battles is banned\n|rule|OHKO Clause: OHKO moves are banned\n|rule|Evasion Moves Clause: Evasion moves are banned\n|rule|Evasion Items Clause: Evasion items are banned\n|rule|Species Clause: Limit one of each Pok\u00e9mon\n|rule|Sleep Clause Mod: Limit one foe put to sleep\n|rule|Mega Rayquaza Clause: You cannot mega evolve Rayquaza\n|clearpoke\n|poke|p1|Chien-Pao|\n|poke|p1|Mandibuzz, F|\n|poke|p1|Mawile, F|\n|poke|p1|Grimmsnarl, M|\n|poke|p1|Greninja-*, M|\n|poke|p1|Ting-Lu|\n|poke|p2|Blastoise, M|\n|poke|p2|Landorus-Therian, M|\n|poke|p2|Zoroark-Hisui, F|\n|poke|p2|Ferrothorn, M|\n|poke|p2|Charizard, F|\n|poke|p2|Tapu Lele|\n|teampreview\n|inactive|Battle timer is ON: inactive players will automatically lose when time's up. (requested by D. Lawrenzz)\n|c|\u2606D. Lawrenzz|hf\n|c|\u2606Aroma Nobody|Glhf\n|inactive|Aroma Nobody has 270 seconds left.\n|\n|t:|1698854209\n|start\n|switch|p1a: Grimmsnarl|Grimmsnarl, M|100\/100\n|switch|p2a: Ferrothorn|Ferrothorn, M|100\/100\n|turn|1\n|\n|t:|1698854219\n|move|p1a: Grimmsnarl|Light Screen|p1a: Grimmsnarl\n|-sidestart|p1: D. Lawrenzz|move: Light Screen\n|move|p2a: Ferrothorn|Thunder Wave|p1a: Grimmsnarl\n|-status|p1a: Grimmsnarl|par\n|\n|upkeep\n|turn|2\n|\n|t:|1698854224\n|cant|p1a: Grimmsnarl|par\n|move|p2a: Ferrothorn|Stealth Rock|p1a: Grimmsnarl\n|-sidestart|p1: D. Lawrenzz|move: Stealth Rock\n|\n|upkeep\n|turn|3\n|\n|t:|1698854229\n|move|p1a: Grimmsnarl|Reflect|p1a: Grimmsnarl\n|-sidestart|p1: D. Lawrenzz|Reflect\n|move|p2a: Ferrothorn|Spikes|p1a: Grimmsnarl\n|-sidestart|p1: D. Lawrenzz|Spikes\n|\n|upkeep\n|turn|4\n|\n|t:|1698854237\n|switch|p1a: Mawile|Mawile, F|100\/100\n|-damage|p1a: Mawile|94\/100|[from] Stealth Rock\n|-damage|p1a: Mawile|82\/100|[from] Spikes\n|-ability|p1a: Mawile|Intimidate|boost\n|-unboost|p2a: Ferrothorn|atk|1\n|move|p2a: Ferrothorn|Spikes|p1a: Mawile\n|-sidestart|p1: D. Lawrenzz|Spikes\n|\n|upkeep\n|turn|5\n|\n|t:|1698854252\n|switch|p2a: Landorus|Landorus-Therian, M|100\/100\n|-ability|p2a: Landorus|Intimidate|boost\n|-unboost|p1a: Mawile|atk|1\n|detailschange|p1a: Mawile|Mawile-Mega, F\n|-mega|p1a: Mawile|Mawile|Mawilite\n|move|p1a: Mawile|Swords Dance|p1a: Mawile\n|-boost|p1a: Mawile|atk|2\n|\n|upkeep\n|turn|6\n|\n|t:|1698854274\n|move|p2a: Landorus|Earthquake|p1a: Mawile\n|-supereffective|p1a: Mawile\n|-damage|p1a: Mawile|35\/100\n|move|p1a: Mawile|Iron Head|p2a: Landorus\n|-damage|p2a: Landorus|0 fnt\n|faint|p2a: Landorus\n|\n|upkeep\n|\n|t:|1698854287\n|switch|p2a: Ferrothorn|Ferrothorn, M|100\/100\n|turn|7\n|\n|t:|1698854293\n|move|p1a: Mawile|Iron Head|p2a: Ferrothorn\n|-resisted|p2a: Ferrothorn\n|-damage|p2a: Ferrothorn|67\/100\n|-damage|p1a: Mawile|22\/100|[from] ability: Iron Barbs|[of] p2a: Ferrothorn\n|-damage|p1a: Mawile|5\/100|[from] item: Rocky Helmet|[of] p2a: Ferrothorn\n|move|p2a: Ferrothorn|Body Press|p1a: Mawile\n|-damage|p1a: Mawile|0 fnt\n|faint|p1a: Mawile\n|\n|upkeep\n|\n|t:|1698854314\n|switch|p1a: Mandibuzz|Mandibuzz, F|100\/100\n|turn|8\n|\n|t:|1698854318\n|switch|p2a: Tapu Lele|Tapu Lele|100\/100\n|-fieldstart|move: Psychic Terrain|[from] ability: Psychic Surge|[of] p2a: Tapu Lele\n|move|p1a: Mandibuzz|Defog|p2a: Tapu Lele\n|-unboost|p2a: Tapu Lele|evasion|1\n|-sideend|p1: D. Lawrenzz|Spikes|[from] move: Defog|[of] p1a: Mandibuzz\n|-sideend|p1: D. Lawrenzz|Stealth Rock|[from] move: Defog|[of] p1a: Mandibuzz\n|-fieldend|move: Psychic Terrain\n|\n|-sideend|p1: D. Lawrenzz|move: Light Screen\n|upkeep\n|turn|9\n|c|\u2606Aroma Nobody|Rood\n|c|\u2606Aroma Nobody|Just for that, die\n|inactive|D. Lawrenzz has 270 seconds left.\n|\n|t:|1698854368\n|move|p2a: Tapu Lele|Moonblast|p1a: Mandibuzz\n|-supereffective|p1a: Mandibuzz\n|-damage|p1a: Mandibuzz|24\/100\n|move|p1a: Mandibuzz|U-turn|p2a: Tapu Lele\n|-damage|p2a: Tapu Lele|82\/100\n|\n|t:|1698854377\n|switch|p1a: Chien-Pao|Chien-Pao|100\/100|[from] U-turn\n|-ability|p1a: Chien-Pao|Sword of Ruin\n|\n|upkeep\n|turn|10\n|\n|t:|1698854384\n|switch|p2a: Ferrothorn|Ferrothorn, M|67\/100\n|move|p1a: Chien-Pao|Crunch|p2a: Ferrothorn\n|-damage|p2a: Ferrothorn|24\/100\n|-damage|p1a: Chien-Pao|88\/100|[from] ability: Iron Barbs|[of] p2a: Ferrothorn\n|-damage|p1a: Chien-Pao|72\/100|[from] item: Rocky Helmet|[of] p2a: Ferrothorn\n|\n|-sideend|p1: D. Lawrenzz|Reflect\n|upkeep\n|turn|11\n|\n|t:|1698854395\n|move|p1a: Chien-Pao|Crunch|p2a: Ferrothorn\n|-damage|p2a: Ferrothorn|0 fnt\n|-damage|p1a: Chien-Pao|59\/100|[from] ability: Iron Barbs|[of] p2a: Ferrothorn\n|-damage|p1a: Chien-Pao|43\/100|[from] item: Rocky Helmet|[of] p2a: Ferrothorn\n|faint|p2a: Ferrothorn\n|\n|upkeep\n|\n|t:|1698854400\n|switch|p2a: Tapu Lele|Tapu Lele|82\/100\n|-fieldstart|move: Psychic Terrain|[from] ability: Psychic Surge|[of] p2a: Tapu Lele\n|turn|12\n|inactive|D. Lawrenzz has 270 seconds left.\n|\n|t:|1698854406\n|move|p2a: Tapu Lele|Moonblast|p1a: Chien-Pao\n|-supereffective|p1a: Chien-Pao\n|-damage|p1a: Chien-Pao|0 fnt\n|faint|p1a: Chien-Pao\n|\n|upkeep\n|inactive|D. Lawrenzz has 270 seconds left.\n|\n|t:|1698854414\n|switch|p1a: Grimmsnarl|Grimmsnarl, M|100\/100 par\n|turn|13\n|\n|t:|1698854418\n|cant|p1a: Grimmsnarl|par\n|move|p2a: Tapu Lele|Moonblast|p1a: Grimmsnarl\n|-supereffective|p1a: Grimmsnarl\n|-damage|p1a: Grimmsnarl|21\/100 par\n|\n|upkeep\n|turn|14\n|\n|t:|1698854422\n|move|p1a: Grimmsnarl|Light Screen|p1a: Grimmsnarl\n|-sidestart|p1: D. Lawrenzz|move: Light Screen\n|move|p2a: Tapu Lele|Moonblast|p1a: Grimmsnarl\n|-supereffective|p1a: Grimmsnarl\n|-damage|p1a: Grimmsnarl|0 fnt\n|faint|p1a: Grimmsnarl\n|\n|upkeep\n|\n|t:|1698854429\n|switch|p1a: Greninja|Greninja, M|100\/100\n|turn|15\n|\n|t:|1698854440\n|-terastallize|p2a: Tapu Lele|Fairy\n|-terastallize|p1a: Greninja|Water\n|move|p2a: Tapu Lele|Moonblast|p1a: Greninja\n|-damage|p1a: Greninja|45\/100\n|move|p1a: Greninja|Dark Pulse|p2a: Tapu Lele\n|-resisted|p2a: Tapu Lele\n|-damage|p2a: Tapu Lele|64\/100\n|\n|upkeep\n|turn|16\n|c|\u2606D. Lawrenzz|gg\n|\n|t:|1698854461\n|move|p2a: Tapu Lele|Moonblast|p1a: Greninja\n|-damage|p1a: Greninja|0 fnt\n|faint|p1a: Greninja\n|\n|-fieldend|move: Psychic Terrain\n|upkeep\n|\n|t:|1698854463\n|switch|p1a: Mandibuzz|Mandibuzz, F|24\/100\n|turn|17\n|inactive|Aroma Nobody has 270 seconds left.\n|\n|t:|1698854504\n|move|p2a: Tapu Lele|Moonblast|p1a: Mandibuzz\n|-supereffective|p1a: Mandibuzz\n|-damage|p1a: Mandibuzz|0 fnt\n|faint|p1a: Mandibuzz\n|\n|upkeep\n|\n|t:|1698854519\n|switch|p1a: Ting-Lu|Ting-Lu|100\/100\n|-ability|p1a: Ting-Lu|Vessel of Ruin\n|turn|18\n|inactive|Aroma Nobody has 270 seconds left.\n|\n|t:|1698854531\n|move|p1a: Ting-Lu|Protect|p1a: Ting-Lu\n|-singleturn|p1a: Ting-Lu|Protect\n|move|p2a: Tapu Lele|Moonblast|p1a: Ting-Lu\n|-activate|p1a: Ting-Lu|move: Protect\n|\n|upkeep\n|turn|19\n|inactive|Aroma Nobody has 270 seconds left.\n|\n|t:|1698854546\n|move|p2a: Tapu Lele|Moonblast|p1a: Ting-Lu\n|-supereffective|p1a: Ting-Lu\n|-damage|p1a: Ting-Lu|66\/100\n|move|p1a: Ting-Lu|Stealth Rock|p2a: Tapu Lele\n|-sidestart|p2: Aroma Nobody|move: Stealth Rock\n|\n|-heal|p1a: Ting-Lu|72\/100|[from] item: Leftovers\n|upkeep\n|turn|20\n|inactive|Aroma Nobody has 270 seconds left.\n|\n|t:|1698854569\n|move|p1a: Ting-Lu|Protect|p1a: Ting-Lu\n|-singleturn|p1a: Ting-Lu|Protect\n|move|p2a: Tapu Lele|Moonblast|p1a: Ting-Lu\n|-activate|p1a: Ting-Lu|move: Protect\n|\n|-heal|p1a: Ting-Lu|78\/100|[from] item: Leftovers\n|upkeep\n|turn|21\n|\n|t:|1698854589\n|move|p2a: Tapu Lele|Moonblast|p1a: Ting-Lu\n|-supereffective|p1a: Ting-Lu\n|-damage|p1a: Ting-Lu|45\/100\n|move|p1a: Ting-Lu|Whirlwind|p2a: Tapu Lele\n|drag|p2a: Blastoise|Blastoise, M|100\/100\n|-damage|p2a: Blastoise|88\/100|[from] Stealth Rock\n|\n|-heal|p1a: Ting-Lu|51\/100|[from] item: Leftovers\n|-sideend|p1: D. Lawrenzz|move: Light Screen\n|upkeep\n|turn|22\n|\n|t:|1698854599\n|move|p2a: Blastoise|Surf|p1a: Ting-Lu\n|-supereffective|p1a: Ting-Lu\n|-damage|p1a: Ting-Lu|0 fnt\n|faint|p1a: Ting-Lu\n|-damage|p2a: Blastoise|78\/100|[from] item: Life Orb\n|\n|win|Aroma Nobody\n|c|\u2606Aroma Nobody|Gg\n","uploadtime":1698854608,"views":8,"p1id":"dlawrenzz","p2id":"aromanobody","formatid":"gen9nationaldexubers","rating":0,"private":0,"password":""}