{"id":"gen9nationaldexubers-1977780697","p1":"NDFFA Draft Lover","p2":"theguy404639","format":"[Gen 9] National Dex Ubers","log":"|j|\u2606NDFFA Draft Lover\n|j|\u2606theguy404639\n|t:|1698448769\n|gametype|singles\n|player|p1|NDFFA Draft Lover|cameraman|1246\n|player|p2|theguy404639|colress|1318\n|teamsize|p1|6\n|teamsize|p2|6\n|gen|9\n|tier|[Gen 9] National Dex Ubers\n|rated|\n|rule|HP Percentage Mod: HP is shown in percentages\n|rule|Endless Battle Clause: Forcing endless battles is banned\n|rule|OHKO Clause: OHKO moves are banned\n|rule|Evasion Moves Clause: Evasion moves are banned\n|rule|Evasion Items Clause: Evasion items are banned\n|rule|Species Clause: Limit one of each Pok\u00e9mon\n|rule|Sleep Clause Mod: Limit one foe put to sleep\n|rule|Mega Rayquaza Clause: You cannot mega evolve Rayquaza\n|clearpoke\n|poke|p1|Tapu Bulu|\n|poke|p1|Chien-Pao|\n|poke|p1|Kecleon, F|\n|poke|p1|Ursaluna, M|\n|poke|p1|Sharpedo, F|\n|poke|p1|Regice|\n|poke|p2|Ho-Oh|\n|poke|p2|Kyurem-White|\n|poke|p2|Necrozma-Dusk-Mane|\n|poke|p2|Lucario, F|\n|poke|p2|Landorus-Therian, M|\n|poke|p2|Zacian-*|\n|teampreview\n|\n|t:|1698448780\n|start\n|switch|p1a: dr perky|Kecleon, F|100\/100\n|switch|p2a: Landorus|Landorus-Therian, M|100\/100\n|-ability|p2a: Landorus|Intimidate|boost\n|-unboost|p1a: dr perky|atk|1\n|turn|1\n|j| TIKIMAN_Yo\n|\n|t:|1698448795\n|move|p2a: Landorus|Stealth Rock|p1a: dr perky\n|-sidestart|p1: NDFFA Draft Lover|move: Stealth Rock\n|move|p1a: dr perky|Trick Room|p1a: dr perky\n|-start|p1a: dr perky|typechange|Psychic|[from] ability: Protean\n|-fieldstart|move: Trick Room|[of] p1a: dr perky\n|\n|upkeep\n|turn|2\n|\n|t:|1698448802\n|move|p1a: dr perky|Icy Wind|p2a: Landorus\n|-supereffective|p2a: Landorus\n|-damage|p2a: Landorus|60\/100\n|-unboost|p2a: Landorus|spe|1\n|move|p2a: Landorus|Swords Dance|p2a: Landorus\n|-boost|p2a: Landorus|atk|2\n|\n|upkeep\n|turn|3\n|\n|t:|1698448814\n|move|p1a: dr perky|Icy Wind|p2a: Landorus\n|-supereffective|p2a: Landorus\n|-damage|p2a: Landorus|13\/100\n|-unboost|p2a: Landorus|spe|1\n|move|p2a: Landorus|Earthquake|p1a: dr perky\n|-enditem|p1a: dr perky|Focus Sash\n|-damage|p1a: dr perky|1\/100\n|\n|upkeep\n|turn|4\n|\n|t:|1698448824\n|move|p1a: dr perky|Icy Wind|p2a: Landorus\n|-supereffective|p2a: Landorus\n|-damage|p2a: Landorus|0 fnt\n|faint|p2a: Landorus\n|\n|upkeep\n|inactive|Battle timer is ON: inactive players will automatically lose when time's up. (requested by NDFFA Draft Lover)\n|\n|t:|1698448854\n|switch|p2a: Lucario|Lucario, F|100\/100\n|turn|5\n|\n|t:|1698448858\n|detailschange|p2a: Lucario|Lucario-Mega, F\n|-mega|p2a: Lucario|Lucario|Lucarionite\n|move|p2a: Lucario|Bullet Punch|p1a: dr perky\n|-damage|p1a: dr perky|0 fnt\n|faint|p1a: dr perky\n|\n|-fieldend|move: Trick Room\n|upkeep\n|\n|t:|1698448881\n|switch|p1a: wii phone|Chien-Pao|100\/100\n|-damage|p1a: wii phone|75\/100|[from] Stealth Rock\n|-ability|p1a: wii phone|Sword of Ruin\n|turn|6\n|\n|t:|1698448891\n|move|p1a: wii phone|Ruination|p2a: Lucario\n|-damage|p2a: Lucario|51\/100\n|move|p2a: Lucario|Swords Dance|p2a: Lucario\n|-boost|p2a: Lucario|atk|2\n|\n|upkeep\n|turn|7\n|\n|t:|1698448899\n|move|p2a: Lucario|Bullet Punch|p1a: wii phone\n|-supereffective|p1a: wii phone\n|-damage|p1a: wii phone|0 fnt\n|faint|p1a: wii phone\n|\n|upkeep\n|\n|t:|1698448902\n|switch|p1a: thrasher thursday|Sharpedo, F|100\/100\n|-damage|p1a: thrasher thursday|88\/100|[from] Stealth Rock\n|turn|8\n|\n|t:|1698448910\n|move|p1a: thrasher thursday|Protect|p1a: thrasher thursday\n|-singleturn|p1a: thrasher thursday|Protect\n|move|p2a: Lucario|Close Combat|p1a: thrasher thursday\n|-activate|p1a: thrasher thursday|move: Protect\n|\n|-ability|p1a: thrasher thursday|Speed Boost|boost\n|-boost|p1a: thrasher thursday|spe|1\n|upkeep\n|turn|9\n|\n|t:|1698448915\n|detailschange|p1a: thrasher thursday|Sharpedo-Mega, F\n|-mega|p1a: thrasher thursday|Sharpedo|Sharpedonite\n|move|p1a: thrasher thursday|Liquidation|p2a: Lucario\n|-damage|p2a: Lucario|0 fnt\n|faint|p2a: Lucario\n|\n|upkeep\n|\n|t:|1698448933\n|switch|p2a: Necrozma|Necrozma-Dusk-Mane, shiny|100\/100\n|turn|10\n|\n|t:|1698448939\n|move|p1a: thrasher thursday|Crunch|p2a: Necrozma\n|-supereffective|p2a: Necrozma\n|-damage|p2a: Necrozma|9\/100\n|-unboost|p2a: Necrozma|def|1\n|move|p2a: Necrozma|Dragon Dance|p2a: Necrozma\n|-boost|p2a: Necrozma|atk|1\n|-boost|p2a: Necrozma|spe|1\n|\n|upkeep\n|turn|11\n|inactive|theguy404639 has 120 seconds left.\n|\n|t:|1698448985\n|move|p1a: thrasher thursday|Crunch|p2a: Necrozma\n|-supereffective|p2a: Necrozma\n|-damage|p2a: Necrozma|0 fnt\n|faint|p2a: Necrozma\n|\n|upkeep\n|-message|theguy404639 forfeited.\n|\n|win|NDFFA Draft Lover\n|raw|NDFFA Draft Lover's rating: 1246 &rarr; <strong>1276<\/strong><br \/>(+30 for winning)\n|raw|theguy404639's rating: 1318 &rarr; <strong>1294<\/strong><br \/>(-24 for losing)\n|l|\u2606theguy404639\n","uploadtime":1698449001,"views":9,"p1id":"ndffadraftlover","p2id":"theguy404639","formatid":"gen9nationaldexubers","rating":1276,"private":0,"password":""}