{"id":"gen9nationaldexubers-1989953247","p1":"AufWiedersehen123","p2":"Kirbydownb","format":"[Gen 9] National Dex Ubers","log":"|j|\u2606AufWiedersehen123\n|j|\u2606Kirbydownb\n|t:|1699909727\n|gametype|singles\n|player|p1|AufWiedersehen123|265|\n|player|p2|Kirbydownb|102|\n|teamsize|p1|6\n|teamsize|p2|6\n|gen|9\n|tier|[Gen 9] National Dex Ubers\n|rule|HP Percentage Mod: HP is shown in percentages\n|rule|Endless Battle Clause: Forcing endless battles is banned\n|rule|OHKO Clause: OHKO moves are banned\n|rule|Evasion Moves Clause: Evasion moves are banned\n|rule|Evasion Items Clause: Evasion items are banned\n|rule|Species Clause: Limit one of each Pok\u00e9mon\n|rule|Sleep Clause Mod: Limit one foe put to sleep\n|rule|Mega Rayquaza Clause: You cannot mega evolve Rayquaza\n|clearpoke\n|poke|p1|Pupitar, F|\n|poke|p1|Obstagoon, F|\n|poke|p1|Celebi|\n|poke|p1|Gholdengo|\n|poke|p1|Corviknight, F|\n|poke|p1|Masquerain, F|\n|poke|p2|Arceus-Fire|\n|poke|p2|Dragonite, M|\n|poke|p2|Kingambit, M|\n|poke|p2|Grimmsnarl, M|\n|poke|p2|Wooper, F|\n|poke|p2|Amoonguss, F|\n|teampreview\n|\n|t:|1699909736\n|start\n|switch|p1a: Obstagoon|Obstagoon, F|100\/100\n|switch|p2a: Pupit\u0430r|Grimmsnarl, M|100\/100\n|turn|1\n|j| V-Creating Victory\n|\n|t:|1699909749\n|move|p2a: Pupit\u0430r|Thunder Wave|p1a: Obstagoon\n|-hint|Since gen 7, Dark is immune to Prankster moves.\n|-immune|p1a: Obstagoon\n|move|p1a: Obstagoon|Knock Off|p2a: Pupit\u0430r\n|-resisted|p2a: Pupit\u0430r\n|-crit|p2a: Pupit\u0430r\n|-damage|p2a: Pupit\u0430r|84\/100\n|-enditem|p2a: Pupit\u0430r|Light Clay|[from] move: Knock Off|[of] p1a: Obstagoon\n|\n|-status|p1a: Obstagoon|brn|[from] item: Flame Orb\n|upkeep\n|turn|2\n|\n|t:|1699909764\n|move|p2a: Pupit\u0430r|Reflect|p2a: Pupit\u0430r\n|-sidestart|p2: Kirbydownb|Reflect\n|move|p1a: Obstagoon|Facade|p2a: Pupit\u0430r\n|-damage|p2a: Pupit\u0430r|28\/100\n|\n|-damage|p1a: Obstagoon|94\/100 brn|[from] brn\n|upkeep\n|turn|3\n|\n|t:|1699909772\n|move|p2a: Pupit\u0430r|Parting Shot|p1a: Obstagoon\n|-hint|Since gen 7, Dark is immune to Prankster moves.\n|-immune|p1a: Obstagoon\n|move|p1a: Obstagoon|Bulk Up|p1a: Obstagoon\n|-boost|p1a: Obstagoon|atk|1\n|-boost|p1a: Obstagoon|def|1\n|\n|-damage|p1a: Obstagoon|88\/100 brn|[from] brn\n|upkeep\n|turn|4\n|\n|t:|1699909796\n|switch|p2a: Obstago\u043en|Wooper, F|100\/100\n|move|p1a: Obstagoon|Bulk Up|p1a: Obstagoon\n|-boost|p1a: Obstagoon|atk|1\n|-boost|p1a: Obstagoon|def|1\n|\n|-damage|p1a: Obstagoon|82\/100 brn|[from] brn\n|upkeep\n|turn|5\n|\n|t:|1699909807\n|move|p1a: Obstagoon|Facade|p2a: Obstago\u043en\n|-crit|p2a: Obstago\u043en\n|-damage|p2a: Obstago\u043en|2\/100\n|move|p2a: Obstago\u043en|Toxic||[still]\n|-fail|p2a: Obstago\u043en\n|\n|-damage|p1a: Obstagoon|76\/100 brn|[from] brn\n|upkeep\n|turn|6\n|\n|t:|1699909817\n|move|p1a: Obstagoon|Facade|p2a: Obstago\u043en\n|-damage|p2a: Obstago\u043en|0 fnt\n|faint|p2a: Obstago\u043en\n|\n|-damage|p1a: Obstagoon|70\/100 brn|[from] brn\n|-sideend|p2: Kirbydownb|Reflect\n|upkeep\n|\n|t:|1699909830\n|switch|p2a: M\u0430squerain|Dragonite, M|100\/100\n|turn|7\n|\n|t:|1699909838\n|move|p1a: Obstagoon|Facade|p2a: M\u0430squerain\n|-damage|p2a: M\u0430squerain|0 fnt\n|faint|p2a: M\u0430squerain\n|\n|-damage|p1a: Obstagoon|64\/100 brn|[from] brn\n|upkeep\n|\n|t:|1699909845\n|switch|p2a: Gholdeng\u043e|Amoonguss, F|100\/100\n|turn|8\n|\n|t:|1699909855\n|move|p1a: Obstagoon|Knock Off|p2a: Gholdeng\u043e\n|-damage|p2a: Gholdeng\u043e|0 fnt\n|-enditem|p2a: Gholdeng\u043e|Assault Vest|[from] move: Knock Off|[of] p1a: Obstagoon\n|faint|p2a: Gholdeng\u043e\n|\n|-damage|p1a: Obstagoon|58\/100 brn|[from] brn\n|upkeep\n|\n|t:|1699909865\n|switch|p2a: C\u043erviknight|Arceus-Fire|100\/100\n|turn|9\n|\n|t:|1699909871\n|move|p2a: C\u043erviknight|Calm Mind|p2a: C\u043erviknight\n|-boost|p2a: C\u043erviknight|spa|1\n|-boost|p2a: C\u043erviknight|spd|1\n|move|p1a: Obstagoon|Bulk Up|p1a: Obstagoon\n|-boost|p1a: Obstagoon|atk|1\n|-boost|p1a: Obstagoon|def|1\n|\n|-damage|p1a: Obstagoon|52\/100 brn|[from] brn\n|upkeep\n|turn|10\n|\n|t:|1699909881\n|move|p2a: C\u043erviknight|Judgment|p1a: Obstagoon\n|-damage|p1a: Obstagoon|0 fnt\n|faint|p1a: Obstagoon\n|\n|upkeep\n|\n|t:|1699909889\n|switch|p1a: Pupitar|Pupitar, F|100\/100\n|turn|11\n|\n|t:|1699909897\n|move|p2a: C\u043erviknight|Judgment|p1a: Pupitar\n|-resisted|p1a: Pupitar\n|-damage|p1a: Pupitar|51\/100\n|move|p1a: Pupitar|Earthquake|p2a: C\u043erviknight\n|-supereffective|p2a: C\u043erviknight\n|-damage|p2a: C\u043erviknight|41\/100\n|\n|upkeep\n|turn|12\n|\n|t:|1699909906\n|move|p2a: C\u043erviknight|Recover|p2a: C\u043erviknight\n|-heal|p2a: C\u043erviknight|91\/100\n|move|p1a: Pupitar|Rest|p1a: Pupitar\n|-status|p1a: Pupitar|slp|[from] move: Rest\n|-heal|p1a: Pupitar|100\/100 slp|[silent]\n|\n|-activate|p1a: Pupitar|ability: Shed Skin\n|-curestatus|p1a: Pupitar|slp|[msg]\n|upkeep\n|turn|13\n|\n|t:|1699909930\n|move|p2a: C\u043erviknight|Ice Beam|p1a: Pupitar\n|-supereffective|p1a: Pupitar\n|-damage|p1a: Pupitar|1\/100\n|move|p1a: Pupitar|Dragon Dance|p1a: Pupitar\n|-boost|p1a: Pupitar|atk|1\n|-boost|p1a: Pupitar|spe|1\n|\n|upkeep\n|turn|14\n|\n|t:|1699909951\n|move|p2a: C\u043erviknight|Ice Beam|p1a: Pupitar\n|-supereffective|p1a: Pupitar\n|-damage|p1a: Pupitar|0 fnt\n|faint|p1a: Pupitar\n|\n|upkeep\n|\n|t:|1699909965\n|switch|p1a: Masquerain|Masquerain, F|100\/100\n|-ability|p1a: Masquerain|Intimidate|boost\n|-unboost|p2a: C\u043erviknight|atk|1\n|turn|15\n|\n|t:|1699909992\n|move|p2a: C\u043erviknight|Judgment|p1a: Masquerain\n|-supereffective|p1a: Masquerain\n|-damage|p1a: Masquerain|0 fnt\n|faint|p1a: Masquerain\n|\n|upkeep\n|\n|t:|1699909998\n|switch|p1a: Celebi|Celebi|100\/100\n|turn|16\n|\n|t:|1699910006\n|move|p2a: C\u043erviknight|Judgment|p1a: Celebi\n|-supereffective|p1a: Celebi\n|-damage|p1a: Celebi|0 fnt\n|faint|p1a: Celebi\n|\n|upkeep\n|\n|t:|1699910011\n|switch|p1a: Gholdengo|Gholdengo|100\/100\n|turn|17\n|\n|t:|1699910020\n|move|p2a: C\u043erviknight|Judgment|p1a: Gholdengo\n|-supereffective|p1a: Gholdengo\n|-damage|p1a: Gholdengo|0 fnt\n|faint|p1a: Gholdengo\n|\n|upkeep\n|\n|t:|1699910026\n|switch|p1a: Corviknight|Corviknight, F|100\/100\n|-ability|p1a: Corviknight|Pressure\n|turn|18\n|\n|t:|1699910037\n|move|p2a: C\u043erviknight|Judgment|p1a: Corviknight\n|-supereffective|p1a: Corviknight\n|-damage|p1a: Corviknight|0 fnt\n|faint|p1a: Corviknight\n|\n|win|Kirbydownb\n|l|\u2606AufWiedersehen123\n","uploadtime":1699910070,"views":27,"p1id":"aufwiedersehen123","p2id":"kirbydownb","formatid":"gen9nationaldexubers","rating":0,"private":0,"password":""}