{"id":"gen9nationaldexubers-1999015140","p1":"MARQUITUS_06","p2":"Poopoo2","format":"[Gen 9] National Dex Ubers","log":"|j|\u2606MARQUITUS_06\n|j|\u2606Poopoo2\n|t:|1701024067\n|gametype|singles\n|player|p1|MARQUITUS_06|ethan|1097\n|player|p2|Poopoo2|unknown|1189\n|teamsize|p1|6\n|teamsize|p2|6\n|gen|9\n|tier|[Gen 9] National Dex Ubers\n|rated|\n|rule|HP Percentage Mod: HP is shown in percentages\n|rule|Endless Battle Clause: Forcing endless battles is banned\n|rule|OHKO Clause: OHKO moves are banned\n|rule|Evasion Moves Clause: Evasion moves are banned\n|rule|Evasion Items Clause: Evasion items are banned\n|rule|Species Clause: Limit one of each Pok\u00e9mon\n|rule|Sleep Clause Mod: Limit one foe put to sleep\n|rule|Mega Rayquaza Clause: You cannot mega evolve Rayquaza\n|clearpoke\n|poke|p1|Blaziken, M|\n|poke|p1|Trevenant, M|\n|poke|p1|Garbodor, M|\n|poke|p1|Solgaleo|\n|poke|p1|Steelix, M|\n|poke|p1|Toucannon, M|\n|poke|p2|Meganium, M|\n|poke|p2|Togekiss, F|\n|poke|p2|Slowking, M|\n|poke|p2|Smeargle, M|\n|poke|p2|Steelix, M|\n|poke|p2|Sirfetch\u2019d, M|\n|teampreview\n|inactive|Battle timer is ON: inactive players will automatically lose when time's up. (requested by MARQUITUS_06)\n|\n|t:|1701024129\n|start\n|switch|p1a: Toucannon|Toucannon, M|100\/100\n|switch|p2a: Smeargle|Smeargle, M|100\/100\n|turn|1\n|\n|t:|1701024135\n|move|p2a: Smeargle|Baneful Bunker|p2a: Smeargle\n|-singleturn|p2a: Smeargle|move: Protect\n|move|p1a: Toucannon|Brick Break|p2a: Smeargle\n|-activate|p2a: Smeargle|move: Protect\n|-status|p1a: Toucannon|psn\n|\n|-damage|p1a: Toucannon|88\/100 psn|[from] psn\n|-ability|p2a: Smeargle|Moody|boost\n|-boost|p2a: Smeargle|spe|2\n|-unboost|p2a: Smeargle|spa|1\n|upkeep\n|turn|2\n|\n|t:|1701024142\n|move|p2a: Smeargle|Substitute|p2a: Smeargle\n|-start|p2a: Smeargle|Substitute\n|-damage|p2a: Smeargle|76\/100\n|move|p1a: Toucannon|Brick Break|p2a: Smeargle\n|-supereffective|p2a: Smeargle\n|-end|p2a: Smeargle|Substitute\n|\n|-heal|p2a: Smeargle|82\/100|[from] item: Leftovers\n|-damage|p1a: Toucannon|76\/100 psn|[from] psn\n|-ability|p2a: Smeargle|Moody|boost\n|-boost|p2a: Smeargle|def|2\n|-unboost|p2a: Smeargle|spe|1\n|upkeep\n|turn|3\n|\n|t:|1701024146\n|move|p2a: Smeargle|Baneful Bunker|p2a: Smeargle\n|-singleturn|p2a: Smeargle|move: Protect\n|move|p1a: Toucannon|Brick Break|p2a: Smeargle\n|-activate|p2a: Smeargle|move: Protect\n|\n|-heal|p2a: Smeargle|88\/100|[from] item: Leftovers\n|-damage|p1a: Toucannon|64\/100 psn|[from] psn\n|-ability|p2a: Smeargle|Moody|boost\n|-boost|p2a: Smeargle|atk|2\n|-unboost|p2a: Smeargle|def|1\n|upkeep\n|turn|4\n|\n|t:|1701024149\n|move|p2a: Smeargle|Substitute|p2a: Smeargle\n|-start|p2a: Smeargle|Substitute\n|-damage|p2a: Smeargle|63\/100\n|move|p1a: Toucannon|Brick Break|p2a: Smeargle\n|-supereffective|p2a: Smeargle\n|-end|p2a: Smeargle|Substitute\n|\n|-heal|p2a: Smeargle|69\/100|[from] item: Leftovers\n|-damage|p1a: Toucannon|51\/100 psn|[from] psn\n|-ability|p2a: Smeargle|Moody|boost\n|-boost|p2a: Smeargle|spa|2\n|-unboost|p2a: Smeargle|atk|1\n|upkeep\n|turn|5\n|\n|t:|1701024160\n|switch|p1a: Solgaleo|Solgaleo|100\/100\n|move|p2a: Smeargle|Baneful Bunker||[still]\n|-fail|p2a: Smeargle\n|\n|-heal|p2a: Smeargle|75\/100|[from] item: Leftovers\n|-ability|p2a: Smeargle|Moody|boost\n|-boost|p2a: Smeargle|def|2\n|-unboost|p2a: Smeargle|spa|1\n|upkeep\n|turn|6\n|\n|t:|1701024168\n|move|p2a: Smeargle|Baneful Bunker|p2a: Smeargle\n|-singleturn|p2a: Smeargle|move: Protect\n|move|p1a: Solgaleo|Sunsteel Strike|p2a: Smeargle\n|-activate|p2a: Smeargle|move: Protect\n|\n|-heal|p2a: Smeargle|81\/100|[from] item: Leftovers\n|-ability|p2a: Smeargle|Moody|boost\n|-boost|p2a: Smeargle|def|2\n|-unboost|p2a: Smeargle|spe|1\n|upkeep\n|turn|7\n|\n|t:|1701024174\n|switch|p2a: Steelix|Steelix, M|100\/100\n|move|p1a: Solgaleo|Sunsteel Strike|p2a: Steelix\n|-resisted|p2a: Steelix\n|-damage|p2a: Steelix|84\/100\n|\n|upkeep\n|turn|8\n|\n|t:|1701024177\n|detailschange|p2a: Steelix|Steelix-Mega, M\n|-mega|p2a: Steelix|Steelix|Steelixite\n|move|p1a: Solgaleo|Earthquake|p2a: Steelix\n|-supereffective|p2a: Steelix\n|-damage|p2a: Steelix|41\/100\n|move|p2a: Steelix|Stealth Rock|p1a: Solgaleo\n|-sidestart|p1: MARQUITUS_06|move: Stealth Rock\n|\n|upkeep\n|turn|9\n|\n|t:|1701024180\n|move|p1a: Solgaleo|Earthquake|p2a: Steelix\n|-supereffective|p2a: Steelix\n|-damage|p2a: Steelix|0 fnt\n|faint|p2a: Steelix\n|\n|upkeep\n|\n|t:|1701024188\n|switch|p2a: Meganium|Meganium, M|100\/100\n|turn|10\n|\n|t:|1701024190\n|move|p1a: Solgaleo|Flare Blitz|p2a: Meganium\n|-supereffective|p2a: Meganium\n|-damage|p2a: Meganium|22\/100\n|-status|p2a: Meganium|brn\n|-damage|p1a: Solgaleo|78\/100|[from] Recoil\n|move|p2a: Meganium|Leech Seed|p1a: Solgaleo\n|-start|p1a: Solgaleo|move: Leech Seed\n|\n|-heal|p2a: Meganium|29\/100 brn|[from] item: Leftovers\n|-damage|p1a: Solgaleo|66\/100|[from] Leech Seed|[of] p2a: Meganium\n|-heal|p2a: Meganium|43\/100 brn|[silent]\n|-damage|p2a: Meganium|36\/100 brn|[from] brn\n|upkeep\n|turn|11\n|\n|t:|1701024194\n|switch|p2a: Slowking|Slowking, M|100\/100\n|move|p1a: Solgaleo|Flare Blitz|p2a: Slowking\n|-resisted|p2a: Slowking\n|-damage|p2a: Slowking|78\/100\n|-damage|p1a: Solgaleo|59\/100|[from] Recoil\n|\n|-damage|p1a: Solgaleo|46\/100|[from] Leech Seed|[of] p2a: Slowking\n|-heal|p2a: Slowking|91\/100|[silent]\n|upkeep\n|turn|12\n|\n|t:|1701024196\n|move|p1a: Solgaleo|Wild Charge|p2a: Slowking\n|-supereffective|p2a: Slowking\n|-damage|p2a: Slowking|19\/100\n|-damage|p1a: Solgaleo|29\/100|[from] Recoil\n|move|p2a: Slowking|Scald|p1a: Solgaleo\n|-damage|p1a: Solgaleo|12\/100\n|\n|-damage|p1a: Solgaleo|0 fnt|[from] Leech Seed|[of] p2a: Slowking\n|-heal|p2a: Slowking|31\/100|[silent]\n|faint|p1a: Solgaleo\n|upkeep\n|\n|t:|1701024206\n|switch|p1a: Blaziken|Blaziken, M|100\/100\n|-damage|p1a: Blaziken|88\/100|[from] Stealth Rock\n|turn|13\n|\n|t:|1701024218\n|move|p1a: Blaziken|Thunder Punch|p2a: Slowking\n|-supereffective|p2a: Slowking\n|-damage|p2a: Slowking|0 fnt\n|faint|p2a: Slowking\n|\n|-heal|p1a: Blaziken|94\/100|[from] item: Leftovers\n|-ability|p1a: Blaziken|Speed Boost|boost\n|-boost|p1a: Blaziken|spe|1\n|upkeep\n|\n|t:|1701024222\n|switch|p2a: Sirfetch\u2019d|Sirfetch\u2019d, M|100\/100\n|turn|14\n|\n|t:|1701024231\n|-terastallize|p1a: Blaziken|Fighting\n|move|p1a: Blaziken|Close Combat|p2a: Sirfetch\u2019d\n|-damage|p2a: Sirfetch\u2019d|0 fnt\n|-unboost|p1a: Blaziken|def|1\n|-unboost|p1a: Blaziken|spd|1\n|faint|p2a: Sirfetch\u2019d\n|\n|-heal|p1a: Blaziken|99\/100|[from] item: Leftovers\n|-ability|p1a: Blaziken|Speed Boost|boost\n|-boost|p1a: Blaziken|spe|1\n|upkeep\n|\n|t:|1701024236\n|switch|p2a: Smeargle|Smeargle, M|81\/100\n|turn|15\n|\n|t:|1701024237\n|move|p2a: Smeargle|Baneful Bunker|p2a: Smeargle\n|-singleturn|p2a: Smeargle|move: Protect\n|move|p1a: Blaziken|Close Combat|p2a: Smeargle\n|-activate|p2a: Smeargle|move: Protect\n|-status|p1a: Blaziken|psn\n|\n|-heal|p1a: Blaziken|100\/100 psn|[from] item: Leftovers\n|-heal|p2a: Smeargle|87\/100|[from] item: Leftovers\n|-damage|p1a: Blaziken|88\/100 psn|[from] psn\n|-ability|p1a: Blaziken|Speed Boost|boost\n|-boost|p1a: Blaziken|spe|1\n|-ability|p2a: Smeargle|Moody|boost\n|-boost|p2a: Smeargle|atk|2\n|-unboost|p2a: Smeargle|spd|1\n|upkeep\n|turn|16\n|\n|t:|1701024241\n|switch|p2a: Meganium|Meganium, M|36\/100 brn\n|move|p1a: Blaziken|Close Combat|p2a: Meganium\n|-damage|p2a: Meganium|0 fnt\n|-unboost|p1a: Blaziken|def|1\n|-unboost|p1a: Blaziken|spd|1\n|faint|p2a: Meganium\n|\n|-heal|p1a: Blaziken|94\/100 psn|[from] item: Leftovers\n|-damage|p1a: Blaziken|82\/100 psn|[from] psn\n|-ability|p1a: Blaziken|Speed Boost|boost\n|-boost|p1a: Blaziken|spe|1\n|upkeep\n|\n|t:|1701024246\n|switch|p2a: Togekiss|Togekiss, F|100\/100\n|turn|17\n|\n|t:|1701024261\n|-terastallize|p2a: Togekiss|Fire\n|move|p1a: Blaziken|Thunder Punch|p2a: Togekiss\n|-damage|p2a: Togekiss|71\/100\n|move|p2a: Togekiss|Air Slash|p1a: Blaziken\n|-supereffective|p1a: Blaziken\n|-damage|p1a: Blaziken|0 fnt\n|faint|p1a: Blaziken\n|\n|upkeep\n|\n|t:|1701024279\n|switch|p1a: Garbodor|Garbodor, M|100\/100\n|-damage|p1a: Garbodor|88\/100|[from] Stealth Rock\n|turn|18\n|\n|t:|1701024283\n|move|p2a: Togekiss|Air Slash|p1a: Garbodor\n|-damage|p1a: Garbodor|49\/100\n|cant|p1a: Garbodor|flinch\n|\n|-heal|p1a: Garbodor|55\/100|[from] item: Black Sludge\n|upkeep\n|turn|19\n|\n|t:|1701024293\n|move|p2a: Togekiss|Air Slash|p1a: Garbodor\n|-damage|p1a: Garbodor|19\/100\n|move|p1a: Garbodor|Stomping Tantrum|p2a: Togekiss\n|-supereffective|p2a: Togekiss\n|-damage|p2a: Togekiss|0 fnt\n|faint|p2a: Togekiss\n|\n|-heal|p1a: Garbodor|25\/100|[from] item: Black Sludge\n|upkeep\n|\n|t:|1701024297\n|switch|p2a: Smeargle|Smeargle, M|87\/100\n|turn|20\n|\n|t:|1701024300\n|move|p2a: Smeargle|Baneful Bunker|p2a: Smeargle\n|-singleturn|p2a: Smeargle|move: Protect\n|move|p1a: Garbodor|Pain Split|p2a: Smeargle\n|-activate|p2a: Smeargle|move: Protect\n|\n|-heal|p2a: Smeargle|93\/100|[from] item: Leftovers\n|-heal|p1a: Garbodor|31\/100|[from] item: Black Sludge\n|-ability|p2a: Smeargle|Moody|boost\n|-boost|p2a: Smeargle|atk|2\n|-unboost|p2a: Smeargle|spa|1\n|upkeep\n|turn|21\n|\n|t:|1701024305\n|move|p2a: Smeargle|Substitute|p2a: Smeargle\n|-start|p2a: Smeargle|Substitute\n|-damage|p2a: Smeargle|68\/100\n|move|p1a: Garbodor|Pain Split||[still]\n|-fail|p1a: Garbodor\n|\n|-heal|p2a: Smeargle|74\/100|[from] item: Leftovers\n|-heal|p1a: Garbodor|37\/100|[from] item: Black Sludge\n|-ability|p2a: Smeargle|Moody|boost\n|-boost|p2a: Smeargle|spe|2\n|-unboost|p2a: Smeargle|atk|1\n|upkeep\n|turn|22\n|\n|t:|1701024310\n|move|p2a: Smeargle|Baneful Bunker|p2a: Smeargle\n|-singleturn|p2a: Smeargle|move: Protect\n|move|p1a: Garbodor|Cross Poison|p2a: Smeargle\n|-activate|p2a: Smeargle|move: Protect\n|\n|-heal|p2a: Smeargle|80\/100|[from] item: Leftovers\n|-heal|p1a: Garbodor|43\/100|[from] item: Black Sludge\n|-ability|p2a: Smeargle|Moody|boost\n|-boost|p2a: Smeargle|def|2\n|-unboost|p2a: Smeargle|spe|1\n|upkeep\n|turn|23\n|\n|t:|1701024326\n|move|p2a: Smeargle|Baneful Bunker|p2a: Smeargle\n|-singleturn|p2a: Smeargle|move: Protect\n|move|p1a: Garbodor|Cross Poison|p2a: Smeargle\n|-activate|p2a: Smeargle|move: Protect\n|\n|-heal|p2a: Smeargle|86\/100|[from] item: Leftovers\n|-heal|p1a: Garbodor|49\/100|[from] item: Black Sludge\n|-ability|p2a: Smeargle|Moody|boost\n|-boost|p2a: Smeargle|atk|2\n|-unboost|p2a: Smeargle|spd|1\n|upkeep\n|turn|24\n|\n|t:|1701024342\n|move|p2a: Smeargle|Stored Power|p1a: Garbodor\n|-supereffective|p1a: Garbodor\n|-damage|p1a: Garbodor|22\/100\n|move|p1a: Garbodor|Cross Poison|p2a: Smeargle\n|-end|p2a: Smeargle|Substitute\n|\n|-heal|p2a: Smeargle|92\/100|[from] item: Leftovers\n|-heal|p1a: Garbodor|29\/100|[from] item: Black Sludge\n|-ability|p2a: Smeargle|Moody|boost\n|-boost|p2a: Smeargle|spa|2\n|-unboost|p2a: Smeargle|atk|1\n|upkeep\n|turn|25\n|\n|t:|1701024350\n|move|p2a: Smeargle|Baneful Bunker|p2a: Smeargle\n|-singleturn|p2a: Smeargle|move: Protect\n|move|p1a: Garbodor|Explosion|p2a: Smeargle\n|-activate|p2a: Smeargle|move: Protect\n|faint|p1a: Garbodor\n|\n|-heal|p2a: Smeargle|98\/100|[from] item: Leftovers\n|-ability|p2a: Smeargle|Moody|boost\n|-boost|p2a: Smeargle|spa|2\n|-unboost|p2a: Smeargle|spe|1\n|upkeep\n|\n|t:|1701024356\n|switch|p1a: Steelix|Steelix, M, shiny|100\/100\n|-damage|p1a: Steelix|97\/100|[from] Stealth Rock\n|turn|26\n|\n|t:|1701024360\n|move|p2a: Smeargle|Substitute|p2a: Smeargle\n|-start|p2a: Smeargle|Substitute\n|-damage|p2a: Smeargle|73\/100\n|move|p1a: Steelix|Head Smash|p2a: Smeargle\n|-end|p2a: Smeargle|Substitute\n|\n|-heal|p2a: Smeargle|79\/100|[from] item: Leftovers\n|-ability|p2a: Smeargle|Moody|boost\n|-boost|p2a: Smeargle|atk|2\n|-unboost|p2a: Smeargle|spd|1\n|upkeep\n|turn|27\n|\n|t:|1701024365\n|move|p2a: Smeargle|Baneful Bunker|p2a: Smeargle\n|-singleturn|p2a: Smeargle|move: Protect\n|move|p1a: Steelix|Head Smash|p2a: Smeargle\n|-activate|p2a: Smeargle|move: Protect\n|\n|-heal|p2a: Smeargle|85\/100|[from] item: Leftovers\n|-ability|p2a: Smeargle|Moody|boost\n|-boost|p2a: Smeargle|spd|2\n|-unboost|p2a: Smeargle|spa|1\n|upkeep\n|turn|28\n|\n|t:|1701024368\n|move|p2a: Smeargle|Substitute|p2a: Smeargle\n|-start|p2a: Smeargle|Substitute\n|-damage|p2a: Smeargle|61\/100\n|move|p1a: Steelix|Head Smash|p2a: Smeargle|[miss]\n|-miss|p1a: Steelix|p2a: Smeargle\n|\n|-heal|p2a: Smeargle|67\/100|[from] item: Leftovers\n|-ability|p2a: Smeargle|Moody|boost\n|-boost|p2a: Smeargle|spe|2\n|-unboost|p2a: Smeargle|atk|1\n|upkeep\n|turn|29\n|\n|t:|1701024371\n|move|p2a: Smeargle|Baneful Bunker|p2a: Smeargle\n|-singleturn|p2a: Smeargle|move: Protect\n|move|p1a: Steelix|Head Smash|p2a: Smeargle\n|-activate|p2a: Smeargle|move: Protect\n|\n|-heal|p2a: Smeargle|73\/100|[from] item: Leftovers\n|-ability|p2a: Smeargle|Moody|boost\n|-boost|p2a: Smeargle|spa|2\n|-unboost|p2a: Smeargle|spd|1\n|upkeep\n|turn|30\n|\n|t:|1701024377\n|move|p2a: Smeargle|Stored Power|p1a: Steelix\n|-resisted|p1a: Steelix\n|-damage|p1a: Steelix|39\/100\n|move|p1a: Steelix|Head Smash|p2a: Smeargle|[miss]\n|-miss|p1a: Steelix|p2a: Smeargle\n|\n|-heal|p2a: Smeargle|79\/100|[from] item: Leftovers\n|-ability|p2a: Smeargle|Moody|boost\n|-boost|p2a: Smeargle|def|2\n|-unboost|p2a: Smeargle|atk|1\n|upkeep\n|turn|31\n|\n|t:|1701024382\n|move|p2a: Smeargle|Stored Power|p1a: Steelix\n|-resisted|p1a: Steelix\n|-damage|p1a: Steelix|0 fnt\n|faint|p1a: Steelix\n|\n|-heal|p2a: Smeargle|85\/100|[from] item: Leftovers\n|-ability|p2a: Smeargle|Moody|boost\n|-boost|p2a: Smeargle|spd|2\n|-unboost|p2a: Smeargle|spa|1\n|upkeep\n|\n|t:|1701024384\n|switch|p1a: Trevenant|Trevenant, M, shiny|100\/100\n|-damage|p1a: Trevenant|88\/100|[from] Stealth Rock\n|turn|32\n|\n|t:|1701024389\n|move|p2a: Smeargle|Baneful Bunker|p2a: Smeargle\n|-singleturn|p2a: Smeargle|move: Protect\n|move|p1a: Trevenant|Poltergeist|p2a: Smeargle\n|-activate|p2a: Smeargle|move: Protect\n|\n|-heal|p2a: Smeargle|91\/100|[from] item: Leftovers\n|-ability|p2a: Smeargle|Moody|boost\n|-boost|p2a: Smeargle|atk|2\n|-unboost|p2a: Smeargle|def|1\n|upkeep\n|turn|33\n|\n|t:|1701024393\n|move|p2a: Smeargle|Power Trip|p1a: Trevenant\n|-supereffective|p1a: Trevenant\n|-damage|p1a: Trevenant|0 fnt\n|faint|p1a: Trevenant\n|\n|-heal|p2a: Smeargle|97\/100|[from] item: Leftovers\n|-ability|p2a: Smeargle|Moody|boost\n|-boost|p2a: Smeargle|def|2\n|-unboost|p2a: Smeargle|spa|1\n|upkeep\n|\n|t:|1701024396\n|switch|p1a: Toucannon|Toucannon, M|51\/100 psn\n|-damage|p1a: Toucannon|27\/100 psn|[from] Stealth Rock\n|turn|34\n|\n|t:|1701024400\n|-singleturn|p1a: Toucannon|move: Beak Blast\n|move|p2a: Smeargle|Power Trip|p1a: Toucannon\n|-damage|p1a: Toucannon|0 fnt\n|-status|p2a: Smeargle|brn\n|faint|p1a: Toucannon\n|\n|win|Poopoo2\n|raw|MARQUITUS_06's rating: 1097 &rarr; <strong>1079<\/strong><br \/>(-18 for losing)\n|raw|Poopoo2's rating: 1189 &rarr; <strong>1208<\/strong><br \/>(+19 for winning)\n","uploadtime":1701024414,"views":3,"p1id":"marquitus06","p2id":"poopoo2","formatid":"gen9nationaldexubers","rating":1079,"private":0,"password":""}