{"id":"gen9nationaldexubers-1984137154","p1":"Nordic eye","p2":"LuckyTheLepercaun","format":"[Gen 9] National Dex Ubers","log":"|j|\u2606Nordic eye\n|j|\u2606LuckyTheLepercaun\n|t:|1699222549\n|gametype|singles\n|player|p1|Nordic eye|zinzolin|1077\n|player|p2|LuckyTheLepercaun|scientist-gen4dp|1000\n|teamsize|p1|6\n|teamsize|p2|6\n|gen|9\n|tier|[Gen 9] National Dex Ubers\n|rated|\n|rule|HP Percentage Mod: HP is shown in percentages\n|rule|Endless Battle Clause: Forcing endless battles is banned\n|rule|OHKO Clause: OHKO moves are banned\n|rule|Evasion Moves Clause: Evasion moves are banned\n|rule|Evasion Items Clause: Evasion items are banned\n|rule|Species Clause: Limit one of each Pok\u00e9mon\n|rule|Sleep Clause Mod: Limit one foe put to sleep\n|rule|Mega Rayquaza Clause: You cannot mega evolve Rayquaza\n|clearpoke\n|poke|p1|Deoxys-Attack|\n|poke|p1|Kyogre|\n|poke|p1|Blaziken, F|\n|poke|p1|Landorus-Therian, M|\n|poke|p1|Manaphy|\n|poke|p1|Victini|\n|poke|p2|Alakazam, F|\n|poke|p2|Centiskorch, M|\n|poke|p2|Kyogre|\n|poke|p2|Lunala|\n|poke|p2|Regieleki|\n|poke|p2|Eternatus|\n|teampreview\n|inactive|Battle timer is ON: inactive players will automatically lose when time's up. (requested by Nordic eye)\n|\n|t:|1699222557\n|start\n|switch|p1a: Landorus|Landorus-Therian, M, shiny|100\/100\n|switch|p2a: Centiskorch|Centiskorch, M|100\/100\n|-ability|p1a: Landorus|Intimidate|boost\n|-unboost|p2a: Centiskorch|atk|1\n|turn|1\n|\n|t:|1699222565\n|move|p1a: Landorus|Taunt|p2a: Centiskorch\n|-start|p2a: Centiskorch|move: Taunt\n|move|p2a: Centiskorch|Fire Lash|p1a: Landorus\n|-damage|p1a: Landorus|78\/100\n|-unboost|p1a: Landorus|def|1\n|\n|-heal|p1a: Landorus|84\/100|[from] item: Leftovers\n|upkeep\n|turn|2\n|\n|t:|1699222574\n|move|p1a: Landorus|Stealth Rock|p2a: Centiskorch\n|-sidestart|p2: LuckyTheLepercaun|move: Stealth Rock\n|move|p2a: Centiskorch|Leech Life|p1a: Landorus\n|-resisted|p1a: Landorus\n|-damage|p1a: Landorus|70\/100\n|\n|-heal|p1a: Landorus|76\/100|[from] item: Leftovers\n|upkeep\n|turn|3\n|\n|t:|1699222585\n|switch|p2a: Lunala|Lunala|100\/100\n|-damage|p2a: Lunala|88\/100|[from] Stealth Rock\n|move|p1a: Landorus|Earthquake|p2a: Lunala\n|-damage|p2a: Lunala|43\/100\n|\n|-heal|p1a: Landorus|82\/100|[from] item: Leftovers\n|upkeep\n|turn|4\n|\n|t:|1699222593\n|-zpower|p2a: Lunala\n|move|p2a: Lunala|Menacing Moonraze Maelstrom|p1a: Landorus|[zeffect]\n|-damage|p1a: Landorus|0 fnt\n|faint|p1a: Landorus\n|\n|upkeep\n|\n|t:|1699222598\n|switch|p1a: Deoxys|Deoxys-Attack|100\/100\n|-ability|p1a: Deoxys|Pressure\n|turn|5\n|\n|t:|1699222603\n|move|p1a: Deoxys|Shadow Ball|p2a: Lunala\n|-supereffective|p2a: Lunala\n|-damage|p2a: Lunala|0 fnt\n|faint|p2a: Lunala\n|\n|upkeep\n|\n|t:|1699222610\n|switch|p2a: Regieleki|Regieleki|100\/100\n|-damage|p2a: Regieleki|88\/100|[from] Stealth Rock\n|turn|6\n|\n|t:|1699222615\n|move|p2a: Regieleki|Thunder|p1a: Deoxys\n|-damage|p1a: Deoxys|0 fnt\n|faint|p1a: Deoxys\n|\n|upkeep\n|\n|t:|1699222620\n|switch|p1a: Blaziken|Blaziken, F, shiny|100\/100\n|turn|7\n|\n|t:|1699222625\n|detailschange|p1a: Blaziken|Blaziken-Mega, F, shiny\n|-mega|p1a: Blaziken|Blaziken|Blazikenite\n|move|p1a: Blaziken|Protect|p1a: Blaziken\n|-singleturn|p1a: Blaziken|Protect\n|move|p2a: Regieleki|Thunder|p1a: Blaziken\n|-activate|p1a: Blaziken|move: Protect\n|\n|-ability|p1a: Blaziken|Speed Boost|boost\n|-boost|p1a: Blaziken|spe|1\n|upkeep\n|turn|8\n|\n|t:|1699222633\n|move|p2a: Regieleki|Extreme Speed|p1a: Blaziken\n|-damage|p1a: Blaziken|67\/100\n|move|p1a: Blaziken|Flare Blitz|p2a: Regieleki\n|-damage|p2a: Regieleki|0 fnt\n|faint|p2a: Regieleki\n|-damage|p1a: Blaziken|38\/100|[from] Recoil\n|\n|-ability|p1a: Blaziken|Speed Boost|boost\n|-boost|p1a: Blaziken|spe|1\n|upkeep\n|\n|t:|1699222642\n|switch|p2a: Kyogre|Kyogre|100\/100\n|-damage|p2a: Kyogre|88\/100|[from] Stealth Rock\n|detailschange|p2a: Kyogre|Kyogre-Primal\n|-primal|p2a: Kyogre|Blue Orb\n|-weather|PrimordialSea|[from] ability: Primordial Sea|[of] p2a: Kyogre\n|turn|9\n|\n|t:|1699222648\n|move|p1a: Blaziken|Thunder Punch|p2a: Kyogre\n|-supereffective|p2a: Kyogre\n|-damage|p2a: Kyogre|15\/100\n|move|p2a: Kyogre|Water Spout|p1a: Blaziken\n|-supereffective|p1a: Blaziken\n|-damage|p1a: Blaziken|0 fnt\n|faint|p1a: Blaziken\n|\n|-weather|PrimordialSea|[upkeep]\n|upkeep\n|\n|t:|1699222652\n|switch|p1a: Kyogre|Kyogre|100\/100\n|detailschange|p1a: Kyogre|Kyogre-Primal\n|-primal|p1a: Kyogre|Blue Orb\n|turn|10\n|\n|t:|1699222659\n|move|p1a: Kyogre|Calm Mind|p1a: Kyogre\n|-boost|p1a: Kyogre|spa|1\n|-boost|p1a: Kyogre|spd|1\n|move|p2a: Kyogre|Heavy Slam|p1a: Kyogre\n|-resisted|p1a: Kyogre\n|-damage|p1a: Kyogre|94\/100\n|\n|-weather|PrimordialSea|[upkeep]\n|upkeep\n|turn|11\n|\n|t:|1699222666\n|move|p2a: Kyogre|Origin Pulse|p1a: Kyogre\n|-resisted|p1a: Kyogre\n|-damage|p1a: Kyogre|72\/100\n|move|p1a: Kyogre|Calm Mind|p1a: Kyogre\n|-boost|p1a: Kyogre|spa|1\n|-boost|p1a: Kyogre|spd|1\n|\n|-weather|PrimordialSea|[upkeep]\n|upkeep\n|turn|12\n|\n|t:|1699222673\n|move|p2a: Kyogre|Calm Mind|p2a: Kyogre\n|-boost|p2a: Kyogre|spa|1\n|-boost|p2a: Kyogre|spd|1\n|move|p1a: Kyogre|Thunder|p2a: Kyogre\n|-supereffective|p2a: Kyogre\n|-damage|p2a: Kyogre|0 fnt\n|faint|p2a: Kyogre\n|\n|-weather|PrimordialSea|[upkeep]\n|upkeep\n|\n|t:|1699222682\n|switch|p2a: Eternatus|Eternatus|100\/100\n|-damage|p2a: Eternatus|88\/100|[from] Stealth Rock\n|-ability|p2a: Eternatus|Pressure\n|turn|13\n|\n|t:|1699222687\n|move|p2a: Eternatus|Dragon Dance|p2a: Eternatus\n|-boost|p2a: Eternatus|atk|1\n|-boost|p2a: Eternatus|spe|1\n|move|p1a: Kyogre|Ice Beam|p2a: Eternatus\n|-supereffective|p2a: Eternatus\n|-damage|p2a: Eternatus|0 fnt\n|faint|p2a: Eternatus\n|\n|-weather|PrimordialSea|[upkeep]\n|upkeep\n|\n|t:|1699222694\n|switch|p2a: Alakazam|Alakazam, F|100\/100\n|-damage|p2a: Alakazam|88\/100|[from] Stealth Rock\n|turn|14\n|\n|t:|1699222699\n|detailschange|p2a: Alakazam|Alakazam-Mega, F\n|-mega|p2a: Alakazam|Alakazam|Alakazite\n|-ability|p2a: Alakazam|Primordial Sea|[from] ability: Trace|[of] p1a: Kyogre\n|move|p2a: Alakazam|Dazzling Gleam|p1a: Kyogre\n|-damage|p1a: Kyogre|61\/100\n|move|p1a: Kyogre|Origin Pulse|p2a: Alakazam|[miss]\n|-miss|p1a: Kyogre|p2a: Alakazam\n|\n|-weather|PrimordialSea|[upkeep]\n|upkeep\n|turn|15\n|\n|t:|1699222715\n|move|p2a: Alakazam|Stored Power|p1a: Kyogre\n|-damage|p1a: Kyogre|57\/100\n|move|p1a: Kyogre|Thunder|p2a: Alakazam\n|-damage|p2a: Alakazam|0 fnt\n|faint|p2a: Alakazam\n|\n|-weather|PrimordialSea|[upkeep]\n|upkeep\n|\n|t:|1699222723\n|switch|p2a: Centiskorch|Centiskorch, M|100\/100\n|-damage|p2a: Centiskorch|50\/100|[from] Stealth Rock\n|turn|16\n|\n|t:|1699222726\n|move|p1a: Kyogre|Origin Pulse|p2a: Centiskorch\n|-supereffective|p2a: Centiskorch\n|-damage|p2a: Centiskorch|0 fnt\n|faint|p2a: Centiskorch\n|\n|win|Nordic eye\n|raw|Nordic eye's rating: 1077 &rarr; <strong>1099<\/strong><br \/>(+22 for winning)\n|raw|LuckyTheLepercaun's rating: 1000 &rarr; <strong>1000<\/strong><br \/>(+0 for losing)\n","uploadtime":1699222730,"views":5,"p1id":"nordiceye","p2id":"luckythelepercaun","formatid":"gen9nationaldexubers","rating":1000,"private":0,"password":""}