{"id":"gen9nationaldexubers-1988001686","p1":"sicily is annoying","p2":"vptwarrior","format":"[Gen 9] National Dex Ubers","log":"|j|\u2606sicily is annoying\n|j|\u2606vptwarrior\n|t:|1699657833\n|gametype|singles\n|player|p1|sicily is annoying|cynthia-gen4|1117\n|player|p2|vptwarrior|swimmer|1035\n|teamsize|p1|6\n|teamsize|p2|6\n|gen|9\n|tier|[Gen 9] National Dex Ubers\n|rated|\n|rule|HP Percentage Mod: HP is shown in percentages\n|rule|Endless Battle Clause: Forcing endless battles is banned\n|rule|OHKO Clause: OHKO moves are banned\n|rule|Evasion Moves Clause: Evasion moves are banned\n|rule|Evasion Items Clause: Evasion items are banned\n|rule|Species Clause: Limit one of each Pok\u00e9mon\n|rule|Sleep Clause Mod: Limit one foe put to sleep\n|rule|Mega Rayquaza Clause: You cannot mega evolve Rayquaza\n|clearpoke\n|poke|p1|Scizor, F|\n|poke|p1|Sceptile, M|\n|poke|p1|Darmanitan-Galar, F|\n|poke|p1|Annihilape, F|\n|poke|p1|Charizard, M|\n|poke|p1|Palafin, F|\n|poke|p2|Torterra, M|\n|poke|p2|Cradily, F|\n|poke|p2|Lilligant, F|\n|poke|p2|Tsareena, F|\n|poke|p2|Ferrothorn, M|\n|poke|p2|Roserade, M|\n|teampreview\n|inactive|Battle timer is ON: inactive players will automatically lose when time's up. (requested by vptwarrior)\n|\n|t:|1699657842\n|start\n|switch|p1a: Charizard|Charizard, M|100\/100\n|switch|p2a: Solomon|Torterra, M|100\/100\n|turn|1\n|\n|t:|1699657852\n|move|p1a: Charizard|Sunny Day|p1a: Charizard\n|-weather|SunnyDay\n|move|p2a: Solomon|Rock Slide|p1a: Charizard\n|-supereffective|p1a: Charizard\n|-damage|p1a: Charizard|0 fnt\n|faint|p1a: Charizard\n|\n|-weather|SunnyDay|[upkeep]\n|upkeep\n|\n|t:|1699657859\n|switch|p1a: Scizor|Scizor, F|100\/100\n|turn|2\n|\n|t:|1699657872\n|move|p1a: Scizor|Bug Buzz|p2a: Solomon\n|-supereffective|p2a: Solomon\n|-damage|p2a: Solomon|60\/100\n|move|p2a: Solomon|Stealth Rock|p1a: Scizor\n|-sidestart|p1: sicily is annoying|move: Stealth Rock\n|\n|-weather|SunnyDay|[upkeep]\n|upkeep\n|turn|3\n|\n|t:|1699657880\n|detailschange|p1a: Scizor|Scizor-Mega, F\n|-mega|p1a: Scizor|Scizor|Scizorite\n|move|p1a: Scizor|Bug Buzz|p2a: Solomon\n|-supereffective|p2a: Solomon\n|-damage|p2a: Solomon|14\/100\n|move|p2a: Solomon|Earthquake|p1a: Scizor\n|-damage|p1a: Scizor|61\/100\n|\n|-weather|SunnyDay|[upkeep]\n|upkeep\n|turn|4\n|\n|t:|1699657902\n|move|p1a: Scizor|Bug Buzz|p2a: Solomon\n|-supereffective|p2a: Solomon\n|-damage|p2a: Solomon|0 fnt\n|faint|p2a: Solomon\n|\n|-weather|SunnyDay|[upkeep]\n|upkeep\n|\n|t:|1699657907\n|switch|p2a: Max|Ferrothorn, M|100\/100\n|turn|5\n|\n|t:|1699657915\n|move|p1a: Scizor|Aerial Ace|p2a: Max\n|-damage|p2a: Max|76\/100\n|-damage|p1a: Scizor|49\/100|[from] ability: Iron Barbs|[of] p2a: Max\n|move|p2a: Max|Thunder Wave|p1a: Scizor\n|-status|p1a: Scizor|par\n|\n|-weather|none\n|-heal|p2a: Max|83\/100|[from] item: Leftovers\n|upkeep\n|turn|6\n|\n|t:|1699657923\n|move|p1a: Scizor|Bug Buzz|p2a: Max\n|-damage|p2a: Max|65\/100\n|move|p2a: Max|Curse|p2a: Max\n|-unboost|p2a: Max|spe|1\n|-boost|p2a: Max|atk|1\n|-boost|p2a: Max|def|1\n|\n|-heal|p2a: Max|71\/100|[from] item: Leftovers\n|upkeep\n|turn|7\n|\n|t:|1699657933\n|move|p1a: Scizor|Bug Buzz|p2a: Max\n|-damage|p2a: Max|52\/100\n|move|p2a: Max|Iron Head|p1a: Scizor\n|-resisted|p1a: Scizor\n|-damage|p1a: Scizor|35\/100 par\n|\n|-heal|p2a: Max|58\/100|[from] item: Leftovers\n|upkeep\n|turn|8\n|\n|t:|1699657940\n|cant|p1a: Scizor|par\n|move|p2a: Max|Knock Off|p1a: Scizor\n|-damage|p1a: Scizor|19\/100 par\n|\n|-heal|p2a: Max|65\/100|[from] item: Leftovers\n|upkeep\n|turn|9\n|\n|t:|1699657946\n|move|p1a: Scizor|Bug Buzz|p2a: Max\n|-damage|p2a: Max|49\/100\n|move|p2a: Max|Knock Off|p1a: Scizor\n|-damage|p1a: Scizor|2\/100 par\n|\n|-heal|p2a: Max|55\/100|[from] item: Leftovers\n|upkeep\n|turn|10\n|\n|t:|1699657954\n|move|p1a: Scizor|Bug Buzz|p2a: Max\n|-damage|p2a: Max|37\/100\n|move|p2a: Max|Knock Off|p1a: Scizor\n|-damage|p1a: Scizor|0 fnt\n|faint|p1a: Scizor\n|\n|-heal|p2a: Max|44\/100|[from] item: Leftovers\n|upkeep\n|\n|t:|1699657972\n|switch|p1a: Annihilape|Annihilape, F|100\/100\n|-damage|p1a: Annihilape|94\/100|[from] Stealth Rock\n|turn|11\n|\n|t:|1699657982\n|-terastallize|p1a: Annihilape|Fighting\n|move|p1a: Annihilape|Cross Chop|p2a: Max\n|-supereffective|p2a: Max\n|-crit|p2a: Max\n|-damage|p2a: Max|0 fnt\n|-damage|p1a: Annihilape|82\/100|[from] ability: Iron Barbs|[of] p2a: Max\n|faint|p2a: Max\n|\n|upkeep\n|\n|t:|1699657989\n|switch|p2a: Alice|Tsareena, F|100\/100\n|turn|12\n|\n|t:|1699657999\n|move|p2a: Alice|Low Sweep|p1a: Annihilape\n|-damage|p1a: Annihilape|58\/100\n|-unboost|p1a: Annihilape|spe|1\n|move|p1a: Annihilape|Cross Chop|p2a: Alice|[miss]\n|-miss|p1a: Annihilape|p2a: Alice\n|\n|upkeep\n|turn|13\n|\n|t:|1699658014\n|move|p2a: Alice|Knock Off|p1a: Annihilape\n|-resisted|p1a: Annihilape\n|-damage|p1a: Annihilape|42\/100\n|-enditem|p1a: Annihilape|Assault Vest|[from] move: Knock Off|[of] p2a: Alice\n|move|p1a: Annihilape|Cross Chop|p2a: Alice\n|-damage|p2a: Alice|22\/100\n|\n|-heal|p2a: Alice|28\/100|[from] item: Leftovers\n|upkeep\n|turn|14\n|\n|t:|1699658024\n|move|p2a: Alice|Trop Kick|p1a: Annihilape\n|-damage|p1a: Annihilape|2\/100\n|-unboost|p1a: Annihilape|atk|1\n|move|p1a: Annihilape|Cross Chop|p2a: Alice\n|-damage|p2a: Alice|0 fnt\n|faint|p2a: Alice\n|\n|upkeep\n|\n|t:|1699658029\n|switch|p2a: Solora|Lilligant, F|100\/100\n|turn|15\n|\n|t:|1699658043\n|switch|p1a: Darmanitan|Darmanitan-Galar, F|100\/100\n|-damage|p1a: Darmanitan|76\/100|[from] Stealth Rock\n|move|p2a: Solora|Quiver Dance|p2a: Solora\n|-boost|p2a: Solora|spa|1\n|-boost|p2a: Solora|spd|1\n|-boost|p2a: Solora|spe|1\n|\n|upkeep\n|turn|16\n|\n|t:|1699658062\n|move|p2a: Solora|Petal Dance|p1a: Darmanitan\n|-damage|p1a: Darmanitan|0 fnt\n|faint|p1a: Darmanitan\n|\n|upkeep\n|\n|t:|1699658072\n|switch|p1a: Sceptile|Sceptile, M|100\/100\n|-damage|p1a: Sceptile|88\/100|[from] Stealth Rock\n|turn|17\n|\n|t:|1699658077\n|move|p2a: Solora|Petal Dance|p1a: Sceptile|[from]lockedmove\n|-resisted|p1a: Sceptile\n|-damage|p1a: Sceptile|26\/100\n|move|p1a: Sceptile|Solar Blade||[still]\n|-prepare|p1a: Sceptile|Solar Blade\n|-enditem|p1a: Sceptile|Power Herb\n|-anim|p1a: Sceptile|Solar Blade|p2a: Solora\n|-resisted|p2a: Solora\n|-damage|p2a: Solora|45\/100\n|-enditem|p2a: Solora|Sitrus Berry|[eat]\n|-heal|p2a: Solora|70\/100|[from] item: Sitrus Berry\n|\n|upkeep\n|turn|18\n|\n|t:|1699658092\n|move|p2a: Solora|Quiver Dance|p2a: Solora\n|-boost|p2a: Solora|spa|1\n|-boost|p2a: Solora|spd|1\n|-boost|p2a: Solora|spe|1\n|move|p1a: Sceptile|Leaf Blade|p2a: Solora\n|-resisted|p2a: Solora\n|-damage|p2a: Solora|28\/100\n|\n|upkeep\n|turn|19\n|\n|t:|1699658099\n|move|p2a: Solora|Giga Drain|p1a: Sceptile\n|-resisted|p1a: Sceptile\n|-damage|p1a: Sceptile|0 fnt\n|-heal|p2a: Solora|41\/100|[from] drain|[of] p1a: Sceptile\n|faint|p1a: Sceptile\n|\n|upkeep\n|\n|t:|1699658106\n|switch|p1a: Palafin|Palafin, F|100\/100\n|-damage|p1a: Palafin|88\/100|[from] Stealth Rock\n|turn|20\n|\n|t:|1699658111\n|move|p2a: Solora|Giga Drain|p1a: Palafin\n|-supereffective|p1a: Palafin\n|-damage|p1a: Palafin|0 fnt\n|-heal|p2a: Solora|94\/100|[from] drain|[of] p1a: Palafin\n|faint|p1a: Palafin\n|\n|upkeep\n|\n|t:|1699658117\n|switch|p1a: Annihilape|Annihilape, F, tera:Fighting|2\/100\n|-damage|p1a: Annihilape|0 fnt|[from] Stealth Rock\n|faint|p1a: Annihilape\n|\n|win|vptwarrior\n|raw|sicily is annoying's rating: 1117 &rarr; <strong>1086<\/strong><br \/>(-31 for losing)\n|raw|vptwarrior's rating: 1035 &rarr; <strong>1078<\/strong><br \/>(+43 for winning)\n|l|\u2606sicily is annoying\n","uploadtime":1699658374,"views":6,"p1id":"sicilyisannoying","p2id":"vptwarrior","formatid":"gen9nationaldexubers","rating":1078,"private":0,"password":""}