{"id":"gen9nationaldexubers-1990945468","p1":"ManuelvgDios","p2":"85792195wwww","format":"[Gen 9] National Dex Ubers","log":"|j|\u2606ManuelvgDios\n|j|\u260685792195wwww\n|t:|1700018183\n|gametype|singles\n|player|p1|ManuelvgDios|170|1553\n|player|p2|85792195wwww|mira|1736\n|teamsize|p1|6\n|teamsize|p2|6\n|gen|9\n|tier|[Gen 9] National Dex Ubers\n|rated|\n|rule|HP Percentage Mod: HP is shown in percentages\n|rule|Endless Battle Clause: Forcing endless battles is banned\n|rule|OHKO Clause: OHKO moves are banned\n|rule|Evasion Moves Clause: Evasion moves are banned\n|rule|Evasion Items Clause: Evasion items are banned\n|rule|Species Clause: Limit one of each Pok\u00e9mon\n|rule|Sleep Clause Mod: Limit one foe put to sleep\n|rule|Mega Rayquaza Clause: You cannot mega evolve Rayquaza\n|clearpoke\n|poke|p1|Ho-Oh|\n|poke|p1|Ferrothorn, F|\n|poke|p1|Gastrodon, F|\n|poke|p1|Chansey, F|\n|poke|p1|Giratina-Origin|\n|poke|p1|Zacian-*|\n|poke|p2|Xerneas-*|\n|poke|p2|Deoxys-Speed|\n|poke|p2|Zacian-*|\n|poke|p2|Arceus|\n|poke|p2|Groudon|\n|poke|p2|Zekrom|\n|teampreview\n|\n|t:|1700018195\n|start\n|switch|p1a: Ferrothorn|Ferrothorn, F|100\/100\n|switch|p2a: Deoxys|Deoxys-Speed|100\/100\n|-ability|p2a: Deoxys|Pressure\n|turn|1\n|\n|t:|1700018203\n|move|p2a: Deoxys|Skill Swap|p1a: Ferrothorn\n|-activate|p2a: Deoxys|move: Skill Swap|Iron Barbs|Pressure|[of] p1a: Ferrothorn\n|-ability|p1a: Ferrothorn|Pressure\n|move|p1a: Ferrothorn|Gyro Ball|p2a: Deoxys\n|-crit|p2a: Deoxys\n|-damage|p2a: Deoxys|27\/100\n|-damage|p1a: Ferrothorn|88\/100|[from] ability: Iron Barbs|[of] p2a: Deoxys\n|-damage|p1a: Ferrothorn|72\/100|[from] item: Rocky Helmet|[of] p2a: Deoxys\n|\n|-heal|p1a: Ferrothorn|78\/100|[from] item: Leftovers\n|upkeep\n|turn|2\n|\n|t:|1700018216\n|move|p2a: Deoxys|Stealth Rock|p1a: Ferrothorn\n|-sidestart|p1: ManuelvgDios|move: Stealth Rock\n|move|p1a: Ferrothorn|Leech Seed|p2a: Deoxys\n|-start|p2a: Deoxys|move: Leech Seed\n|\n|-heal|p1a: Ferrothorn|84\/100|[from] item: Leftovers\n|-damage|p2a: Deoxys|15\/100|[from] Leech Seed|[of] p1a: Ferrothorn\n|-heal|p1a: Ferrothorn|95\/100|[silent]\n|upkeep\n|turn|3\n|\n|t:|1700018225\n|switch|p2a: Zekrom|Zekrom|100\/100\n|-ability|p2a: Zekrom|Teravolt\n|switch|p1a: Ho-Oh|Ho-Oh, shiny|100\/100\n|\n|upkeep\n|turn|4\n|\n|t:|1700018234\n|switch|p1a: Ferrothorn|Ferrothorn, F|95\/100\n|-damage|p1a: Ferrothorn|88\/100|[from] Stealth Rock\n|move|p2a: Zekrom|Substitute|p2a: Zekrom\n|-start|p2a: Zekrom|Substitute\n|-damage|p2a: Zekrom|76\/100\n|\n|-heal|p1a: Ferrothorn|95\/100|[from] item: Leftovers\n|upkeep\n|turn|5\n|\n|t:|1700018244\n|move|p2a: Zekrom|Dragon Dance|p2a: Zekrom\n|-boost|p2a: Zekrom|atk|1\n|-boost|p2a: Zekrom|spe|1\n|move|p1a: Ferrothorn|Gyro Ball|p2a: Zekrom\n|-resisted|p2a: Zekrom\n|-activate|p2a: Zekrom|move: Substitute|[damage]\n|\n|-heal|p1a: Ferrothorn|100\/100|[from] item: Leftovers\n|upkeep\n|turn|6\n|\n|t:|1700018254\n|move|p2a: Zekrom|Dragon Dance|p2a: Zekrom\n|-boost|p2a: Zekrom|atk|1\n|-boost|p2a: Zekrom|spe|1\n|move|p1a: Ferrothorn|Gyro Ball|p2a: Zekrom\n|-resisted|p2a: Zekrom\n|-end|p2a: Zekrom|Substitute\n|\n|upkeep\n|turn|7\n|\n|t:|1700018264\n|-zpower|p2a: Zekrom\n|move|p2a: Zekrom|Devastating Drake|p1a: Ferrothorn|[zeffect]\n|-resisted|p1a: Ferrothorn\n|-crit|p1a: Ferrothorn\n|-damage|p1a: Ferrothorn|2\/100\n|move|p1a: Ferrothorn|Gyro Ball|p2a: Zekrom\n|-resisted|p2a: Zekrom\n|-damage|p2a: Zekrom|55\/100\n|\n|-heal|p1a: Ferrothorn|9\/100|[from] item: Leftovers\n|upkeep\n|turn|8\n|\n|t:|1700018280\n|move|p2a: Zekrom|Substitute|p2a: Zekrom\n|-start|p2a: Zekrom|Substitute\n|-damage|p2a: Zekrom|30\/100\n|move|p1a: Ferrothorn|Gyro Ball|p2a: Zekrom\n|-resisted|p2a: Zekrom\n|-activate|p2a: Zekrom|move: Substitute|[damage]\n|\n|-heal|p1a: Ferrothorn|15\/100|[from] item: Leftovers\n|upkeep\n|turn|9\n|\n|t:|1700018289\n|move|p2a: Zekrom|Bolt Strike|p1a: Ferrothorn\n|-resisted|p1a: Ferrothorn\n|-damage|p1a: Ferrothorn|0 fnt\n|-damage|p2a: Zekrom|18\/100|[from] ability: Iron Barbs|[of] p1a: Ferrothorn\n|faint|p1a: Ferrothorn\n|\n|upkeep\n|\n|t:|1700018298\n|switch|p1a: Ho-Oh|Ho-Oh, shiny|100\/100\n|turn|10\n|\n|t:|1700018303\n|-terastallize|p1a: Ho-Oh|Fire\n|move|p2a: Zekrom|Bolt Strike|p1a: Ho-Oh\n|-damage|p1a: Ho-Oh|0 fnt\n|faint|p1a: Ho-Oh\n|\n|upkeep\n|\n|t:|1700018312\n|switch|p1a: Gastrodon|Gastrodon, F, shiny|100\/100\n|-damage|p1a: Gastrodon|94\/100|[from] Stealth Rock\n|turn|11\n|\n|t:|1700018317\n|move|p2a: Zekrom|Outrage|p1a: Gastrodon\n|-damage|p1a: Gastrodon|0 fnt\n|faint|p1a: Gastrodon\n|\n|upkeep\n|\n|t:|1700018323\n|switch|p1a: Zacian|Zacian-Crowned|100\/100\n|-damage|p1a: Zacian|94\/100|[from] Stealth Rock\n|-ability|p1a: Zacian|Intrepid Sword|boost\n|-boost|p1a: Zacian|atk|1\n|turn|12\n|\n|t:|1700018329\n|move|p2a: Zekrom|Outrage|p1a: Zacian|[from]lockedmove\n|-immune|p1a: Zacian\n|move|p1a: Zacian|Behemoth Blade|p2a: Zekrom\n|-resisted|p2a: Zekrom\n|-end|p2a: Zekrom|Substitute\n|\n|upkeep\n|turn|13\n|\n|t:|1700018338\n|move|p2a: Zekrom|Bolt Strike|p1a: Zacian\n|-damage|p1a: Zacian|0 fnt\n|faint|p1a: Zacian\n|\n|upkeep\n|-message|ManuelvgDios forfeited.\n|\n|win|85792195wwww\n|raw|ManuelvgDios's rating: 1553 &rarr; <strong>1543<\/strong><br \/>(-10 for losing)\n|raw|85792195wwww's rating: 1736 &rarr; <strong>1746<\/strong><br \/>(+10 for winning)\n|l|\u2606ManuelvgDios\n|j|\u2606ManuelvgDios\n|player|p1|ManuelvgDios|170\n","uploadtime":1700018359,"views":7,"p1id":"manuelvgdios","p2id":"85792195wwww","formatid":"gen9nationaldexubers","rating":1543,"private":0,"password":""}