{"id":"gen9nationaldexubers-1979752203","p1":"hanagakiUBD","p2":"DracoAxel","format":"[Gen 9] National Dex Ubers","log":"|j|\u2606hanagakiUBD\n|j|\u2606DracoAxel\n|t:|1698709574\n|gametype|singles\n|player|p1|hanagakiUBD|iris-gen5bw2|\n|player|p2|DracoAxel|nate|\n|teamsize|p1|6\n|teamsize|p2|6\n|gen|9\n|tier|[Gen 9] National Dex Ubers\n|rule|HP Percentage Mod: HP is shown in percentages\n|rule|Endless Battle Clause: Forcing endless battles is banned\n|rule|OHKO Clause: OHKO moves are banned\n|rule|Evasion Moves Clause: Evasion moves are banned\n|rule|Evasion Items Clause: Evasion items are banned\n|rule|Species Clause: Limit one of each Pok\u00e9mon\n|rule|Sleep Clause Mod: Limit one foe put to sleep\n|rule|Mega Rayquaza Clause: You cannot mega evolve Rayquaza\n|clearpoke\n|poke|p1|Gengar, F|\n|poke|p1|Lucario, M|\n|poke|p1|Dracovish|\n|poke|p1|Pikachu-World, M|\n|poke|p1|Sirfetch\u2019d, M|\n|poke|p1|Dragonite, F|\n|poke|p2|Infernape, M|\n|poke|p2|Torterra, M|\n|poke|p2|Staraptor, F|\n|poke|p2|Garchomp, F|\n|poke|p2|Gliscor, M|\n|poke|p2|Floatzel, F|\n|teampreview\n|inactive|Battle timer is ON: inactive players will automatically lose when time's up. (requested by hanagakiUBD)\n|\n|t:|1698709594\n|start\n|switch|p1a: Pikachu|Pikachu-World, M|100\/100\n|switch|p2a: Infernape|Infernape, M|100\/100\n|turn|1\n|\n|t:|1698709601\n|move|p1a: Pikachu|Fake Out|p2a: Infernape\n|-damage|p2a: Infernape|75\/100\n|cant|p2a: Infernape|flinch\n|\n|upkeep\n|turn|2\n|\n|t:|1698709605\n|switch|p1a: Dracovish|Dracovish|100\/100\n|move|p2a: Infernape|Earthquake|p1a: Dracovish\n|-damage|p1a: Dracovish|67\/100\n|\n|upkeep\n|turn|3\n|\n|t:|1698709611\n|move|p1a: Dracovish|Fishious Rend|p2a: Infernape\n|-supereffective|p2a: Infernape\n|-damage|p2a: Infernape|0 fnt\n|faint|p2a: Infernape\n|\n|upkeep\n|\n|t:|1698709616\n|switch|p2a: Torterra|Torterra, M|100\/100\n|turn|4\n|\n|t:|1698709622\n|move|p1a: Dracovish|Fishious Rend|p2a: Torterra\n|-damage|p2a: Torterra|1\/100\n|move|p2a: Torterra|Leech Seed|p1a: Dracovish\n|-start|p1a: Dracovish|move: Leech Seed\n|\n|-damage|p1a: Dracovish|55\/100|[from] Leech Seed|[of] p2a: Torterra\n|-heal|p2a: Torterra|13\/100|[silent]\n|upkeep\n|turn|5\n|\n|t:|1698709632\n|move|p1a: Dracovish|Fishious Rend|p2a: Torterra\n|-damage|p2a: Torterra|0 fnt\n|faint|p2a: Torterra\n|\n|upkeep\n|\n|t:|1698709640\n|switch|p2a: Floatzel|Floatzel, F|100\/100\n|turn|6\n|\n|t:|1698709668\n|switch|p1a: Pikachu|Pikachu-World, M|100\/100\n|move|p2a: Floatzel|Ice Spinner|p1a: Pikachu\n|-damage|p1a: Pikachu|0 fnt\n|-status|p2a: Floatzel|par|[from] ability: Static|[of] p1a: Pikachu\n|faint|p1a: Pikachu\n|\n|upkeep\n|inactive|hanagakiUBD has 270 seconds left.\n|\n|t:|1698709686\n|switch|p1a: Lucario|Lucario, M|100\/100\n|turn|7\n|\n|t:|1698709694\n|detailschange|p1a: Lucario|Lucario-Mega, M\n|-mega|p1a: Lucario|Lucario|Lucarionite\n|move|p1a: Lucario|Dark Pulse|p2a: Floatzel\n|-damage|p2a: Floatzel|40\/100 par\n|cant|p2a: Floatzel|par\n|\n|upkeep\n|turn|8\n|\n|t:|1698709700\n|move|p1a: Lucario|Aura Sphere|p2a: Floatzel\n|-damage|p2a: Floatzel|0 fnt\n|faint|p2a: Floatzel\n|\n|upkeep\n|\n|t:|1698709712\n|switch|p2a: Staraptor|Staraptor, F|100\/100\n|turn|9\n|\n|t:|1698709717\n|move|p2a: Staraptor|Brave Bird|p1a: Lucario\n|-damage|p1a: Lucario|0 fnt\n|faint|p1a: Lucario\n|-damage|p2a: Staraptor|71\/100|[from] Recoil\n|\n|upkeep\n|\n|t:|1698709723\n|switch|p1a: Dracovish|Dracovish|55\/100\n|turn|10\n|\n|t:|1698709725\n|move|p2a: Staraptor|Brave Bird|p1a: Dracovish\n|-damage|p1a: Dracovish|0 fnt\n|faint|p1a: Dracovish\n|-damage|p2a: Staraptor|52\/100|[from] Recoil\n|\n|upkeep\n|\n|t:|1698709730\n|switch|p1a: Dragonite|Dragonite, F|100\/100\n|turn|11\n|\n|t:|1698709733\n|move|p2a: Staraptor|Brave Bird|p1a: Dragonite\n|-damage|p1a: Dragonite|63\/100\n|-damage|p2a: Staraptor|39\/100|[from] Recoil\n|move|p1a: Dragonite|Ice Spinner|p2a: Staraptor\n|-supereffective|p2a: Staraptor\n|-damage|p2a: Staraptor|0 fnt\n|faint|p2a: Staraptor\n|\n|-heal|p1a: Dragonite|69\/100|[from] item: Leftovers\n|upkeep\n|\n|t:|1698709738\n|switch|p2a: Garchomp|Garchomp, F|100\/100\n|turn|12\n|\n|t:|1698709743\n|switch|p1a: Sirfetch\u2019d|Sirfetch\u2019d, M|100\/100\n|move|p2a: Garchomp|Outrage|p1a: Sirfetch\u2019d\n|-damage|p1a: Sirfetch\u2019d|2\/100\n|\n|upkeep\n|turn|13\n|\n|t:|1698709750\n|move|p2a: Garchomp|Outrage|p1a: Sirfetch\u2019d|[from]lockedmove\n|-damage|p1a: Sirfetch\u2019d|0 fnt\n|faint|p1a: Sirfetch\u2019d\n|-start|p2a: Garchomp|confusion|[fatigue]\n|\n|upkeep\n|\n|t:|1698709755\n|switch|p1a: Dragonite|Dragonite, F|69\/100\n|turn|14\n|\n|t:|1698709759\n|switch|p2a: Gliscor|Gliscor, M|100\/100\n|move|p1a: Dragonite|Dragon Dance|p1a: Dragonite\n|-boost|p1a: Dragonite|atk|1\n|-boost|p1a: Dragonite|spe|1\n|\n|-heal|p1a: Dragonite|75\/100|[from] item: Leftovers\n|-status|p2a: Gliscor|tox|[from] item: Toxic Orb\n|upkeep\n|turn|15\n|\n|t:|1698709768\n|move|p1a: Dragonite|Ice Spinner|p2a: Gliscor\n|-supereffective|p2a: Gliscor\n|-crit|p2a: Gliscor\n|-damage|p2a: Gliscor|0 fnt\n|faint|p2a: Gliscor\n|\n|-heal|p1a: Dragonite|82\/100|[from] item: Leftovers\n|upkeep\n|\n|t:|1698709771\n|switch|p2a: Garchomp|Garchomp, F|100\/100\n|turn|16\n|\n|t:|1698709773\n|move|p2a: Garchomp|Outrage|p1a: Dragonite\n|-supereffective|p1a: Dragonite\n|-damage|p1a: Dragonite|0 fnt\n|faint|p1a: Dragonite\n|\n|upkeep\n|\n|t:|1698709776\n|switch|p1a: Gengar|Gengar, F|100\/100\n|turn|17\n|\n|t:|1698709779\n|move|p2a: Garchomp|Outrage|p1a: Gengar|[from]lockedmove\n|-damage|p1a: Gengar|0 fnt\n|faint|p1a: Gengar\n|\n|win|DracoAxel\n|c|\u2606hanagakiUBD|Bro?\n|l|\u2606DracoAxel\n|j| s.daninja\n","uploadtime":1698709932,"views":10,"p1id":"hanagakiubd","p2id":"dracoaxel","formatid":"gen9nationaldexubers","rating":0,"private":0,"password":""}