{"id":"gen9nationaldexubers-1983262560","p1":"faradey","p2":"TACOB3I","format":"[Gen 9] National Dex Ubers","log":"|j|\u2606faradey\n|j|\u2606TACOB3I\n|t:|1699111780\n|gametype|singles\n|player|p1|faradey|2|1370\n|player|p2|TACOB3I|ghetsis|1397\n|teamsize|p1|6\n|teamsize|p2|6\n|gen|9\n|tier|[Gen 9] National Dex Ubers\n|rated|\n|rule|HP Percentage Mod: HP is shown in percentages\n|rule|Endless Battle Clause: Forcing endless battles is banned\n|rule|OHKO Clause: OHKO moves are banned\n|rule|Evasion Moves Clause: Evasion moves are banned\n|rule|Evasion Items Clause: Evasion items are banned\n|rule|Species Clause: Limit one of each Pok\u00e9mon\n|rule|Sleep Clause Mod: Limit one foe put to sleep\n|rule|Mega Rayquaza Clause: You cannot mega evolve Rayquaza\n|clearpoke\n|poke|p1|Ho-Oh|\n|poke|p1|Kyogre|\n|poke|p1|Banette, M|\n|poke|p1|Necrozma-Dusk-Mane|\n|poke|p1|Groudon|\n|poke|p1|Dondozo, M|\n|poke|p2|Groudon|\n|poke|p2|Rayquaza|\n|poke|p2|Kangaskhan, F|\n|poke|p2|Kingambit, F|\n|poke|p2|Grimmsnarl, M|\n|poke|p2|Kyogre|\n|teampreview\n|\n|t:|1699111791\n|start\n|switch|p1a: Kyogre|Kyogre|100\/100\n|switch|p2a: Rayquaza|Rayquaza|100\/100\n|-weather|RainDance|[from] ability: Drizzle|[of] p1a: Kyogre\n|-ability|p2a: Rayquaza|Air Lock\n|turn|1\n|\n|t:|1699111797\n|move|p1a: Kyogre|Ice Beam|p2a: Rayquaza\n|-supereffective|p2a: Rayquaza\n|-damage|p2a: Rayquaza|0 fnt\n|faint|p2a: Rayquaza\n|\n|-weather|RainDance|[upkeep]\n|upkeep\n|\n|t:|1699111801\n|switch|p2a: Groudon|Groudon|100\/100\n|detailschange|p2a: Groudon|Groudon-Primal\n|-primal|p2a: Groudon|Red Orb\n|-weather|DesolateLand|[from] ability: Desolate Land|[of] p2a: Groudon\n|turn|2\n|\n|t:|1699111810\n|switch|p1a: Ho-Oh|Ho-Oh|100\/100\n|move|p2a: Groudon|Stone Edge|p1a: Ho-Oh\n|-supereffective|p1a: Ho-Oh\n|-damage|p1a: Ho-Oh|0 fnt\n|faint|p1a: Ho-Oh\n|\n|-weather|DesolateLand|[upkeep]\n|upkeep\n|\n|t:|1699111819\n|switch|p1a: Groudon|Groudon|100\/100\n|detailschange|p1a: Groudon|Groudon-Primal\n|-primal|p1a: Groudon|Red Orb\n|turn|3\n|\n|t:|1699111822\n|switch|p2a: Kyogre|Kyogre|100\/100\n|detailschange|p2a: Kyogre|Kyogre-Primal\n|-primal|p2a: Kyogre|Blue Orb\n|-weather|PrimordialSea|[from] ability: Primordial Sea|[of] p2a: Kyogre\n|move|p1a: Groudon|Precipice Blades|p2a: Kyogre\n|-damage|p2a: Kyogre|12\/100\n|\n|-weather|PrimordialSea|[upkeep]\n|upkeep\n|turn|4\n|\n|t:|1699111834\n|move|p1a: Groudon|Precipice Blades|p2a: Kyogre\n|-damage|p2a: Kyogre|0 fnt\n|faint|p2a: Kyogre\n|-weather|none\n|\n|upkeep\n|\n|t:|1699111838\n|switch|p2a: \ud83d\ude08|Grimmsnarl, M|100\/100\n|turn|5\n|\n|t:|1699111842\n|move|p2a: \ud83d\ude08|Reflect|p2a: \ud83d\ude08\n|-sidestart|p2: TACOB3I|Reflect\n|move|p1a: Groudon|Heat Crash|p2a: \ud83d\ude08\n|-damage|p2a: \ud83d\ude08|58\/100\n|\n|upkeep\n|turn|6\n|\n|t:|1699111850\n|switch|p1a: Necrozma|Necrozma-Dusk-Mane|100\/100\n|move|p2a: \ud83d\ude08|Taunt|p1a: Necrozma\n|-start|p1a: Necrozma|move: Taunt\n|\n|upkeep\n|turn|7\n|\n|t:|1699111855\n|move|p2a: \ud83d\ude08|Thunder Wave|p1a: Necrozma\n|-status|p1a: Necrozma|par\n|move|p1a: Necrozma|Sunsteel Strike|p2a: \ud83d\ude08\n|-supereffective|p2a: \ud83d\ude08\n|-damage|p2a: \ud83d\ude08|0 fnt\n|faint|p2a: \ud83d\ude08\n|\n|upkeep\n|\n|t:|1699111858\n|switch|p2a: Groudon|Groudon-Primal|100\/100\n|-weather|DesolateLand|[from] ability: Desolate Land|[of] p2a: Groudon\n|turn|8\n|\n|t:|1699111862\n|switch|p1a: Dondozo|Dondozo, M|100\/100\n|move|p2a: Groudon|Precipice Blades|p1a: Dondozo\n|-damage|p1a: Dondozo|58\/100\n|\n|-weather|DesolateLand|[upkeep]\n|-heal|p1a: Dondozo|64\/100|[from] item: Leftovers\n|upkeep\n|turn|9\n|\n|t:|1699111869\n|move|p2a: Groudon|Precipice Blades|p1a: Dondozo\n|-damage|p1a: Dondozo|27\/100\n|move|p1a: Dondozo|Rest|p1a: Dondozo\n|-status|p1a: Dondozo|slp|[from] move: Rest\n|-heal|p1a: Dondozo|100\/100 slp|[silent]\n|\n|-weather|DesolateLand|[upkeep]\n|upkeep\n|turn|10\n|\n|t:|1699111882\n|move|p2a: Groudon|Precipice Blades|p1a: Dondozo\n|-damage|p1a: Dondozo|59\/100 slp\n|cant|p1a: Dondozo|slp\n|move|p1a: Dondozo|Sleep Talk|p1a: Dondozo\n|move|p1a: Dondozo|Rest||[from]move: Sleep Talk|[still]\n|-fail|p1a: Dondozo\n|\n|-weather|DesolateLand|[upkeep]\n|-heal|p1a: Dondozo|65\/100 slp|[from] item: Leftovers\n|upkeep\n|turn|11\n|\n|t:|1699111885\n|move|p2a: Groudon|Precipice Blades|p1a: Dondozo|[miss]\n|-miss|p2a: Groudon|p1a: Dondozo\n|cant|p1a: Dondozo|slp\n|move|p1a: Dondozo|Sleep Talk|p1a: Dondozo\n|move|p1a: Dondozo|Wave Crash||[from]move: Sleep Talk|[still]\n|-fail|p1a: Dondozo|Wave Crash|[from] Desolate Land\n|\n|-weather|DesolateLand|[upkeep]\n|-heal|p1a: Dondozo|71\/100 slp|[from] item: Leftovers\n|upkeep\n|turn|12\n|\n|t:|1699111890\n|move|p2a: Groudon|Precipice Blades|p1a: Dondozo\n|-crit|p1a: Dondozo\n|-damage|p1a: Dondozo|13\/100 slp\n|-curestatus|p1a: Dondozo|slp|[msg]\n|move|p1a: Dondozo|Rest|p1a: Dondozo\n|-status|p1a: Dondozo|slp|[from] move: Rest\n|-heal|p1a: Dondozo|100\/100 slp|[silent]\n|\n|-weather|DesolateLand|[upkeep]\n|-sideend|p2: TACOB3I|Reflect\n|upkeep\n|turn|13\n|\n|t:|1699111893\n|move|p2a: Groudon|Precipice Blades|p1a: Dondozo\n|-damage|p1a: Dondozo|62\/100 slp\n|cant|p1a: Dondozo|slp\n|move|p1a: Dondozo|Sleep Talk|p1a: Dondozo\n|move|p1a: Dondozo|Rest||[from]move: Sleep Talk|[still]\n|-fail|p1a: Dondozo\n|\n|-weather|DesolateLand|[upkeep]\n|-heal|p1a: Dondozo|68\/100 slp|[from] item: Leftovers\n|upkeep\n|turn|14\n|\n|t:|1699111896\n|move|p2a: Groudon|Precipice Blades|p1a: Dondozo\n|-damage|p1a: Dondozo|30\/100 slp\n|cant|p1a: Dondozo|slp\n|move|p1a: Dondozo|Sleep Talk|p1a: Dondozo\n|move|p1a: Dondozo|Rest||[from]move: Sleep Talk|[still]\n|-fail|p1a: Dondozo\n|\n|-weather|DesolateLand|[upkeep]\n|-heal|p1a: Dondozo|36\/100 slp|[from] item: Leftovers\n|upkeep\n|turn|15\n|\n|t:|1699111902\n|move|p2a: Groudon|Precipice Blades|p1a: Dondozo\n|-damage|p1a: Dondozo|0 fnt\n|faint|p1a: Dondozo\n|\n|-weather|DesolateLand|[upkeep]\n|upkeep\n|\n|t:|1699111905\n|switch|p1a: Groudon|Groudon-Primal|100\/100\n|turn|16\n|\n|t:|1699111907\n|move|p1a: Groudon|Precipice Blades|p2a: Groudon\n|-supereffective|p2a: Groudon\n|-damage|p2a: Groudon|13\/100\n|move|p2a: Groudon|Precipice Blades|p1a: Groudon|[miss]\n|-miss|p2a: Groudon|p1a: Groudon\n|\n|-weather|DesolateLand|[upkeep]\n|upkeep\n|turn|17\n|\n|t:|1699111912\n|move|p1a: Groudon|Solar Beam||[still]\n|-prepare|p1a: Groudon|Solar Beam\n|-anim|p1a: Groudon|Solar Beam|p2a: Groudon\n|-damage|p2a: Groudon|0 fnt\n|faint|p2a: Groudon\n|\n|-weather|DesolateLand|[upkeep]\n|upkeep\n|\n|t:|1699111915\n|switch|p2a: Kangaskhan|Kangaskhan, F|100\/100\n|turn|18\n|\n|t:|1699111918\n|move|p2a: Kangaskhan|Fake Out|p1a: Groudon\n|-damage|p1a: Groudon|91\/100\n|cant|p1a: Groudon|flinch\n|\n|-weather|DesolateLand|[upkeep]\n|upkeep\n|turn|19\n|\n|t:|1699111922\n|detailschange|p2a: Kangaskhan|Kangaskhan-Mega, F\n|-mega|p2a: Kangaskhan|Kangaskhan|Kangaskhanite\n|move|p2a: Kangaskhan|Seismic Toss|p1a: Groudon\n|-damage|p1a: Groudon|61\/100\n|-damage|p1a: Groudon|32\/100\n|-hitcount|p1a: Groudon|2\n|move|p1a: Groudon|Heat Crash|p2a: Kangaskhan\n|-damage|p2a: Kangaskhan|0 fnt\n|faint|p2a: Kangaskhan\n|\n|-weather|DesolateLand|[upkeep]\n|upkeep\n|\n|t:|1699111924\n|switch|p2a: Gabriel gambit|Kingambit, F|100\/100\n|-activate|p2a: Gabriel gambit|ability: Supreme Overlord\n|-start|p2a: Gabriel gambit|fallen5|[silent]\n|turn|20\n|\n|t:|1699111935\n|move|p2a: Gabriel gambit|Sucker Punch|p1a: Groudon\n|-damage|p1a: Groudon|0 fnt\n|faint|p1a: Groudon\n|-weather|none\n|\n|upkeep\n|\n|t:|1699111937\n|switch|p1a: Banette|Banette, M|100\/100\n|turn|21\n|\n|t:|1699111942\n|detailschange|p1a: Banette|Banette-Mega, M\n|-mega|p1a: Banette|Banette|Banettite\n|move|p1a: Banette|Destiny Bond|p1a: Banette\n|-singlemove|p1a: Banette|Destiny Bond\n|move|p2a: Gabriel gambit|Swords Dance|p2a: Gabriel gambit\n|-boost|p2a: Gabriel gambit|atk|2\n|\n|upkeep\n|turn|22\n|\n|t:|1699111948\n|move|p1a: Banette|Destiny Bond||[still]\n|-fail|p1a: Banette\n|move|p2a: Gabriel gambit|Swords Dance|p2a: Gabriel gambit\n|-boost|p2a: Gabriel gambit|atk|2\n|\n|upkeep\n|turn|23\n|\n|t:|1699111952\n|move|p1a: Banette|Destiny Bond|p1a: Banette\n|-singlemove|p1a: Banette|Destiny Bond\n|move|p2a: Gabriel gambit|Swords Dance|p2a: Gabriel gambit\n|-boost|p2a: Gabriel gambit|atk|2\n|\n|upkeep\n|turn|24\n|\n|t:|1699111959\n|move|p1a: Banette|Shadow Sneak|p2a: Gabriel gambit\n|-resisted|p2a: Gabriel gambit\n|-damage|p2a: Gabriel gambit|90\/100\n|move|p2a: Gabriel gambit|Kowtow Cleave|p1a: Banette\n|-supereffective|p1a: Banette\n|-damage|p1a: Banette|0 fnt\n|faint|p1a: Banette\n|\n|upkeep\n|\n|t:|1699111962\n|switch|p1a: Necrozma|Necrozma-Dusk-Mane|100\/100 par\n|turn|25\n|\n|t:|1699111968\n|move|p2a: Gabriel gambit|Kowtow Cleave|p1a: Necrozma\n|-supereffective|p1a: Necrozma\n|-damage|p1a: Necrozma|0 fnt\n|faint|p1a: Necrozma\n|\n|upkeep\n|-message|faradey forfeited.\n|\n|win|TACOB3I\n|raw|faradey's rating: 1370 &rarr; <strong>1352<\/strong><br \/>(-18 for losing)\n|raw|TACOB3I's rating: 1397 &rarr; <strong>1415<\/strong><br \/>(+18 for winning)\n|l|\u2606faradey\n","uploadtime":1699111978,"views":6,"p1id":"faradey","p2id":"tacob3i","formatid":"gen9nationaldexubers","rating":1352,"private":0,"password":""}