{"id":"gen9nationaldexubers-1983026094","p1":"Guj Genera","p2":"ninjamage13","format":"[Gen 9] National Dex Ubers","log":"|j|\u2606Guj Genera\n|j|\u2606ninjamage13\n|t:|1699071810\n|gametype|singles\n|player|p1|Guj Genera|red|\n|player|p2|ninjamage13|pokemonranger-gen6xy|\n|teamsize|p1|6\n|teamsize|p2|6\n|gen|9\n|tier|[Gen 9] National Dex Ubers\n|rule|HP Percentage Mod: HP is shown in percentages\n|rule|Endless Battle Clause: Forcing endless battles is banned\n|rule|OHKO Clause: OHKO moves are banned\n|rule|Evasion Moves Clause: Evasion moves are banned\n|rule|Evasion Items Clause: Evasion items are banned\n|rule|Species Clause: Limit one of each Pok\u00e9mon\n|rule|Sleep Clause Mod: Limit one foe put to sleep\n|rule|Mega Rayquaza Clause: You cannot mega evolve Rayquaza\n|clearpoke\n|poke|p1|Cinderace, M|\n|poke|p1|Diancie|\n|poke|p1|Landorus-Therian, M|\n|poke|p1|Kartana|\n|poke|p1|Kommo-o, F|\n|poke|p1|Cryogonal|\n|poke|p2|Venusaur, F|\n|poke|p2|Whimsicott, M|\n|poke|p2|Breloom, F|\n|poke|p2|Ferrothorn, F|\n|poke|p2|Meowscarada, F|\n|poke|p2|Chesnaught, F|\n|teampreview\n|inactive|Battle timer is ON: inactive players will automatically lose when time's up. (requested by Guj Genera)\n|c|\u2606ninjamage13|gl hf\n|inactive|ninjamage13 has 270 seconds left.\n|c|\u2606Guj Genera|Glhf. Make sure to send link.\n|inactiveoff|Battle timer is now OFF.\n|j| vespyyy\n|j| Master of Mirrors\n|\n|t:|1699071902\n|start\n|switch|p1a: Landorus|Landorus-Therian, M, shiny|100\/100\n|switch|p2a: EVERLONG|Breloom, F|100\/100\n|-ability|p1a: Landorus|Intimidate|boost\n|-unboost|p2a: EVERLONG|atk|1\n|turn|1\n|c| Master of Mirrors|I better see a 6-0 Ninja\n|\n|t:|1699071920\n|move|p1a: Landorus|Stealth Rock|p2a: EVERLONG\n|-sidestart|p2: ninjamage13|move: Stealth Rock\n|move|p2a: EVERLONG|Spore|p1a: Landorus\n|-status|p1a: Landorus|slp|[from] move: Spore\n|\n|upkeep\n|turn|2\n|\n|t:|1699071933\n|switch|p1a: Kartana|Kartana, shiny|100\/100\n|move|p2a: EVERLONG|Rock Tomb|p1a: Kartana\n|-resisted|p1a: Kartana\n|-damage|p1a: Kartana|89\/100\n|-unboost|p1a: Kartana|spe|1\n|\n|upkeep\n|turn|3\n|c| vespyyy|That was a good hedge\n|c|\u2606Guj Genera|Hedge?\n|\n|t:|1699071990\n|switch|p2a: SPINE CURVES|Ferrothorn, F|100\/100\n|-damage|p2a: SPINE CURVES|95\/100|[from] Stealth Rock\n|move|p1a: Kartana|Psycho Cut|p2a: SPINE CURVES\n|-resisted|p2a: SPINE CURVES\n|-crit|p2a: SPINE CURVES\n|-damage|p2a: SPINE CURVES|75\/100\n|\n|-heal|p2a: SPINE CURVES|81\/100|[from] item: Leftovers\n|upkeep\n|turn|4\n|\n|t:|1699072001\n|switch|p1a: Cryogonal|Cryogonal, shiny|100\/100\n|move|p2a: SPINE CURVES|Spikes|p1a: Cryogonal\n|-sidestart|p1: Guj Genera|Spikes\n|\n|-heal|p2a: SPINE CURVES|87\/100|[from] item: Leftovers\n|upkeep\n|turn|5\n|c| Master of Mirrors|Chip\n|c| vespyyy|A hedge is a play that is guaranteed a good result\n|\n|t:|1699072007\n|move|p1a: Cryogonal|Freeze-Dry|p2a: SPINE CURVES\n|-damage|p2a: SPINE CURVES|73\/100\n|move|p2a: SPINE CURVES|Gyro Ball|p1a: Cryogonal\n|-supereffective|p1a: Cryogonal\n|-damage|p1a: Cryogonal|0 fnt\n|faint|p1a: Cryogonal\n|\n|-heal|p2a: SPINE CURVES|79\/100|[from] item: Leftovers\n|upkeep\n|\n|t:|1699072016\n|switch|p1a: Cinderace|Cinderace, M, shiny|100\/100\n|-damage|p1a: Cinderace|88\/100|[from] Spikes\n|turn|6\n|c|\u2606ninjamage13|i brought the wrong ferro\n|c|\u2606ninjamage13|shit\n|\n|t:|1699072032\n|switch|p2a: NO BULLETS SPENT|Chesnaught, F|100\/100\n|-damage|p2a: NO BULLETS SPENT|94\/100|[from] Stealth Rock\n|move|p1a: Cinderace|Pyro Ball|p2a: NO BULLETS SPENT\n|-immune|p2a: NO BULLETS SPENT|[from] ability: Bulletproof\n|\n|upkeep\n|turn|7\n|\n|t:|1699072041\n|switch|p1a: Landorus|Landorus-Therian, M, shiny|100\/100 slp\n|-ability|p1a: Landorus|Intimidate|boost\n|-unboost|p2a: NO BULLETS SPENT|atk|1\n|move|p2a: NO BULLETS SPENT|Leech Seed|p1a: Landorus\n|-start|p1a: Landorus|move: Leech Seed\n|\n|-damage|p1a: Landorus|88\/100 slp|[from] Leech Seed|[of] p2a: NO BULLETS SPENT\n|-heal|p2a: NO BULLETS SPENT|100\/100|[silent]\n|upkeep\n|turn|8\n|\n|t:|1699072047\n|switch|p1a: Kartana|Kartana, shiny|89\/100\n|-damage|p1a: Kartana|76\/100|[from] Spikes\n|move|p2a: NO BULLETS SPENT|Super Fang|p1a: Kartana\n|-damage|p1a: Kartana|38\/100\n|\n|upkeep\n|turn|9\n|\n|t:|1699072051\n|move|p1a: Kartana|Sacred Sword|p2a: NO BULLETS SPENT\n|-damage|p2a: NO BULLETS SPENT|79\/100\n|-damage|p1a: Kartana|22\/100|[from] item: Rocky Helmet|[of] p2a: NO BULLETS SPENT\n|move|p2a: NO BULLETS SPENT|Synthesis|p2a: NO BULLETS SPENT\n|-heal|p2a: NO BULLETS SPENT|100\/100\n|\n|upkeep\n|turn|10\n|c| Master of Mirrors|Funny how Chesnaught counters Cinderace\n|c| Master of Mirrors|Well ig Gunk kinda hurts\n|\n|t:|1699072066\n|switch|p1a: Landorus|Landorus-Therian, M, shiny|88\/100 slp\n|-ability|p1a: Landorus|Intimidate|boost\n|-unboost|p2a: NO BULLETS SPENT|atk|1\n|move|p2a: NO BULLETS SPENT|Leech Seed|p1a: Landorus\n|-start|p1a: Landorus|move: Leech Seed\n|\n|-damage|p1a: Landorus|76\/100 slp|[from] Leech Seed|[of] p2a: NO BULLETS SPENT\n|upkeep\n|turn|11\n|\n|t:|1699072078\n|switch|p2a: OK I'M SICK|Venusaur, F|100\/100\n|-damage|p2a: OK I'M SICK|88\/100|[from] Stealth Rock\n|cant|p1a: Landorus|slp\n|\n|-damage|p1a: Landorus|63\/100 slp|[from] Leech Seed|[of] p2a: OK I'M SICK\n|-heal|p2a: OK I'M SICK|100\/100|[silent]\n|upkeep\n|turn|12\n|\n|t:|1699072084\n|detailschange|p2a: OK I'M SICK|Venusaur-Mega, F\n|-mega|p2a: OK I'M SICK|Venusaur|Venusaurite\n|-curestatus|p1a: Landorus|slp|[msg]\n|move|p1a: Landorus|Earthquake|p2a: OK I'M SICK\n|-damage|p2a: OK I'M SICK|73\/100\n|move|p2a: OK I'M SICK|Sludge Bomb|p1a: Landorus\n|-resisted|p1a: Landorus\n|-damage|p1a: Landorus|44\/100\n|-status|p1a: Landorus|psn\n|\n|-damage|p1a: Landorus|31\/100 psn|[from] Leech Seed|[of] p2a: OK I'M SICK\n|-heal|p2a: OK I'M SICK|86\/100|[silent]\n|-damage|p1a: Landorus|19\/100 psn|[from] psn\n|upkeep\n|turn|13\n|\n|t:|1699072096\n|move|p1a: Landorus|Earthquake|p2a: OK I'M SICK\n|-damage|p2a: OK I'M SICK|59\/100\n|move|p2a: OK I'M SICK|Synthesis|p2a: OK I'M SICK\n|-heal|p2a: OK I'M SICK|100\/100\n|\n|-damage|p1a: Landorus|7\/100 psn|[from] Leech Seed|[of] p2a: OK I'M SICK\n|-damage|p1a: Landorus|0 fnt|[from] psn\n|faint|p1a: Landorus\n|upkeep\n|\n|t:|1699072101\n|switch|p1a: Cinderace|Cinderace, M, shiny|88\/100\n|-damage|p1a: Cinderace|76\/100|[from] Spikes\n|turn|14\n|\n|t:|1699072108\n|move|p1a: Cinderace|Gunk Shot|p2a: OK I'M SICK\n|-start|p1a: Cinderace|typechange|Poison|[from] ability: Libero\n|-damage|p2a: OK I'M SICK|45\/100\n|move|p2a: OK I'M SICK|Sludge Bomb|p1a: Cinderace\n|-resisted|p1a: Cinderace\n|-damage|p1a: Cinderace|52\/100\n|\n|upkeep\n|turn|15\n|\n|t:|1699072114\n|switch|p2a: SPINE CURVES|Ferrothorn, F|79\/100\n|-damage|p2a: SPINE CURVES|73\/100|[from] Stealth Rock\n|move|p1a: Cinderace|Gunk Shot|p2a: SPINE CURVES\n|-immune|p2a: SPINE CURVES\n|\n|-heal|p2a: SPINE CURVES|79\/100|[from] item: Leftovers\n|upkeep\n|turn|16\n|\n|t:|1699072119\n|switch|p1a: Diancie|Diancie, shiny|100\/100\n|-damage|p1a: Diancie|88\/100|[from] Spikes\n|move|p2a: SPINE CURVES|Spikes|p1a: Diancie\n|-sidestart|p1: Guj Genera|Spikes\n|\n|-heal|p2a: SPINE CURVES|85\/100|[from] item: Leftovers\n|upkeep\n|turn|17\n|\n|t:|1699072123\n|detailschange|p1a: Diancie|Diancie-Mega, shiny\n|-mega|p1a: Diancie|Diancie|Diancite\n|move|p1a: Diancie|Earth Power|p2a: SPINE CURVES\n|-damage|p2a: SPINE CURVES|62\/100\n|move|p2a: SPINE CURVES|Gyro Ball|p1a: Diancie\n|-supereffective|p1a: Diancie\n|-damage|p1a: Diancie|0 fnt\n|faint|p1a: Diancie\n|\n|-heal|p2a: SPINE CURVES|68\/100|[from] item: Leftovers\n|upkeep\n|\n|t:|1699072129\n|switch|p1a: Kommo-o|Kommo-o, F, shiny|100\/100\n|-damage|p1a: Kommo-o|84\/100|[from] Spikes\n|turn|18\n|\n|t:|1699072131\n|switch|p2a: POLYESTER ZEAL|Whimsicott, M|100\/100\n|-damage|p2a: POLYESTER ZEAL|88\/100|[from] Stealth Rock\n|move|p1a: Kommo-o|Earthquake|p2a: POLYESTER ZEAL\n|-resisted|p2a: POLYESTER ZEAL\n|-damage|p2a: POLYESTER ZEAL|62\/100\n|\n|-heal|p2a: POLYESTER ZEAL|69\/100|[from] item: Leftovers\n|upkeep\n|turn|19\n|\n|t:|1699072147\n|move|p2a: POLYESTER ZEAL|Substitute|p2a: POLYESTER ZEAL\n|-start|p2a: POLYESTER ZEAL|Substitute\n|-damage|p2a: POLYESTER ZEAL|44\/100\n|move|p1a: Kommo-o|Earthquake|p2a: POLYESTER ZEAL\n|-resisted|p2a: POLYESTER ZEAL\n|-activate|p2a: POLYESTER ZEAL|move: Substitute|[damage]\n|\n|-heal|p2a: POLYESTER ZEAL|50\/100|[from] item: Leftovers\n|upkeep\n|turn|20\n|\n|t:|1699072155\n|move|p2a: POLYESTER ZEAL|Moonblast|p1a: Kommo-o\n|-supereffective|p1a: Kommo-o\n|-damage|p1a: Kommo-o|0 fnt\n|faint|p1a: Kommo-o\n|\n|-heal|p2a: POLYESTER ZEAL|56\/100|[from] item: Leftovers\n|upkeep\n|c| Master of Mirrors|Blood for the blood god\n|\n|t:|1699072157\n|switch|p1a: Kartana|Kartana, shiny|22\/100\n|-damage|p1a: Kartana|5\/100|[from] Spikes\n|turn|21\n|\n|t:|1699072163\n|move|p1a: Kartana|Psycho Cut|p2a: POLYESTER ZEAL\n|-end|p2a: POLYESTER ZEAL|Substitute\n|move|p2a: POLYESTER ZEAL|Moonblast|p1a: Kartana\n|-resisted|p1a: Kartana\n|-damage|p1a: Kartana|0 fnt\n|faint|p1a: Kartana\n|\n|-heal|p2a: POLYESTER ZEAL|62\/100|[from] item: Leftovers\n|upkeep\n|\n|t:|1699072165\n|switch|p1a: Cinderace|Cinderace, M, shiny|52\/100\n|-damage|p1a: Cinderace|35\/100|[from] Spikes\n|turn|22\n|\n|t:|1699072168\n|move|p2a: POLYESTER ZEAL|Substitute|p2a: POLYESTER ZEAL\n|-start|p2a: POLYESTER ZEAL|Substitute\n|-damage|p2a: POLYESTER ZEAL|37\/100\n|move|p1a: Cinderace|Double-Edge|p2a: POLYESTER ZEAL\n|-start|p1a: Cinderace|typechange|Normal|[from] ability: Libero\n|-end|p2a: POLYESTER ZEAL|Substitute\n|-damage|p1a: Cinderace|28\/100|[from] Recoil|[of] p2a: POLYESTER ZEAL\n|\n|-heal|p2a: POLYESTER ZEAL|44\/100|[from] item: Leftovers\n|upkeep\n|turn|23\n|\n|t:|1699072173\n|switch|p2a: NO BULLETS SPENT|Chesnaught, F|100\/100\n|-damage|p2a: NO BULLETS SPENT|94\/100|[from] Stealth Rock\n|move|p1a: Cinderace|Double-Edge|p2a: NO BULLETS SPENT\n|-damage|p2a: NO BULLETS SPENT|44\/100\n|-damage|p1a: Cinderace|11\/100|[from] item: Rocky Helmet|[of] p2a: NO BULLETS SPENT\n|-damage|p1a: Cinderace|0 fnt|[from] Recoil\n|faint|p1a: Cinderace\n|\n|win|ninjamage13\n|c| Master of Mirrors|Excellent\n|c|\u2606Guj Genera|Gg\n|c|\u2606ninjamage13|gg\n","uploadtime":1699072185,"views":12,"p1id":"gujgenera","p2id":"ninjamage13","formatid":"gen9nationaldexubers","rating":0,"private":0,"password":""}