{"id":"gen9nationaldexubers-1996478261","p1":"Pride_The_Folf","p2":"James_rrr","format":"[Gen 9] National Dex Ubers","log":"|j|\u2606Pride_The_Folf\n|j|\u2606James_rrr\n|t:|1700685909\n|gametype|singles\n|player|p1|Pride_The_Folf|101|1050\n|player|p2|James_rrr|169|1040\n|teamsize|p1|6\n|teamsize|p2|6\n|gen|9\n|tier|[Gen 9] National Dex Ubers\n|rated|\n|rule|HP Percentage Mod: HP is shown in percentages\n|rule|Endless Battle Clause: Forcing endless battles is banned\n|rule|OHKO Clause: OHKO moves are banned\n|rule|Evasion Moves Clause: Evasion moves are banned\n|rule|Evasion Items Clause: Evasion items are banned\n|rule|Species Clause: Limit one of each Pok\u00e9mon\n|rule|Sleep Clause Mod: Limit one foe put to sleep\n|rule|Mega Rayquaza Clause: You cannot mega evolve Rayquaza\n|clearpoke\n|poke|p1|Charizard, F|\n|poke|p1|Cinderace, F|\n|poke|p1|Ninetales, F|\n|poke|p1|Blaziken, F|\n|poke|p1|Braixen, M|\n|poke|p1|Infernape, M|\n|poke|p2|Kingambit, F|\n|poke|p2|Beartic, M|\n|poke|p2|Vanilluxe, M|\n|poke|p2|Mr. Mime, F|\n|poke|p2|Politoed, M|\n|poke|p2|Yanmega, F|\n|teampreview\n|c|\u2606Pride_The_Folf|New team trying it out\n|\n|t:|1700685932\n|start\n|switch|p1a: Blaziken|Blaziken, F|100\/100\n|switch|p2a: Politoed|Politoed, M|100\/100\n|-weather|RainDance|[from] ability: Drizzle|[of] p2a: Politoed\n|turn|1\n|\n|t:|1700685944\n|detailschange|p1a: Blaziken|Blaziken-Mega, F\n|-mega|p1a: Blaziken|Blaziken|Blazikenite\n|move|p1a: Blaziken|Flame Charge|p2a: Politoed\n|-resisted|p2a: Politoed\n|-damage|p2a: Politoed|91\/100\n|-boost|p1a: Blaziken|spe|1\n|move|p2a: Politoed|Chilling Water|p1a: Blaziken\n|-supereffective|p1a: Blaziken\n|-damage|p1a: Blaziken|13\/100\n|-unboost|p1a: Blaziken|atk|1\n|\n|-weather|RainDance|[upkeep]\n|-ability|p1a: Blaziken|Speed Boost|boost\n|-boost|p1a: Blaziken|spe|1\n|upkeep\n|turn|2\n|\n|t:|1700685958\n|move|p1a: Blaziken|Earthquake|p2a: Politoed\n|-damage|p2a: Politoed|59\/100\n|move|p2a: Politoed|Chilling Water|p1a: Blaziken\n|-supereffective|p1a: Blaziken\n|-damage|p1a: Blaziken|0 fnt\n|faint|p1a: Blaziken\n|\n|-weather|RainDance|[upkeep]\n|upkeep\n|\n|t:|1700685976\n|switch|p1a: Cinderace|Cinderace, F|100\/100\n|turn|3\n|\n|t:|1700685982\n|move|p1a: Cinderace|Bulk Up|p1a: Cinderace\n|-boost|p1a: Cinderace|atk|1\n|-boost|p1a: Cinderace|def|1\n|move|p2a: Politoed|Earth Power|p1a: Cinderace\n|-supereffective|p1a: Cinderace\n|-damage|p1a: Cinderace|25\/100\n|-unboost|p1a: Cinderace|spd|1\n|\n|-weather|RainDance|[upkeep]\n|upkeep\n|turn|4\n|\n|t:|1700686000\n|switch|p1a: Ninetales|Ninetales, F|100\/100\n|move|p2a: Politoed|Chilling Water|p1a: Ninetales\n|-supereffective|p1a: Ninetales\n|-damage|p1a: Ninetales|14\/100\n|-unboost|p1a: Ninetales|atk|1\n|\n|-weather|RainDance|[upkeep]\n|upkeep\n|turn|5\n|\n|t:|1700686009\n|move|p1a: Ninetales|Flamethrower|p2a: Politoed\n|-resisted|p2a: Politoed\n|-damage|p2a: Politoed|54\/100\n|move|p2a: Politoed|Chilling Water|p1a: Ninetales\n|-supereffective|p1a: Ninetales\n|-damage|p1a: Ninetales|0 fnt\n|faint|p1a: Ninetales\n|\n|-weather|none\n|upkeep\n|\n|t:|1700686016\n|switch|p1a: Cinderace|Cinderace, F|25\/100\n|turn|6\n|c|\u2606James_rrr|No drought?\n|\n|t:|1700686032\n|move|p1a: Cinderace|Pyro Ball|p2a: Politoed\n|-resisted|p2a: Politoed\n|-damage|p2a: Politoed|0 fnt\n|faint|p2a: Politoed\n|\n|upkeep\n|\n|t:|1700686037\n|switch|p2a: Mr. Mime|Mr. Mime, F|100\/100\n|turn|7\n|\n|t:|1700686041\n|move|p1a: Cinderace|Pyro Ball|p2a: Mr. Mime\n|-damage|p2a: Mr. Mime|0 fnt\n|faint|p2a: Mr. Mime\n|\n|upkeep\n|\n|t:|1700686046\n|switch|p2a: Beartic|Beartic, M|100\/100\n|turn|8\n|\n|t:|1700686049\n|move|p1a: Cinderace|Pyro Ball|p2a: Beartic\n|-supereffective|p2a: Beartic\n|-damage|p2a: Beartic|0 fnt\n|faint|p2a: Beartic\n|\n|upkeep\n|\n|t:|1700686058\n|switch|p2a: Yanmega|Yanmega, F|100\/100\n|turn|9\n|\n|t:|1700686062\n|move|p1a: Cinderace|Pyro Ball|p2a: Yanmega\n|-supereffective|p2a: Yanmega\n|-damage|p2a: Yanmega|0 fnt\n|faint|p2a: Yanmega\n|\n|upkeep\n|\n|t:|1700686065\n|switch|p2a: Kingambit|Kingambit, F|100\/100\n|-activate|p2a: Kingambit|ability: Supreme Overlord\n|-start|p2a: Kingambit|fallen4|[silent]\n|turn|10\n|\n|t:|1700686072\n|-terastallize|p2a: Kingambit|Dark\n|move|p1a: Cinderace|Pyro Ball|p2a: Kingambit\n|-damage|p2a: Kingambit|8\/100\n|move|p2a: Kingambit|Stone Edge|p1a: Cinderace\n|-supereffective|p1a: Cinderace\n|-damage|p1a: Cinderace|0 fnt\n|faint|p1a: Cinderace\n|-damage|p2a: Kingambit|0 fnt|[from] item: Life Orb\n|faint|p2a: Kingambit\n|-end|p2a: Kingambit|fallen4|[silent]\n|\n|upkeep\n|\n|t:|1700686087\n|switch|p1a: Charizard|Charizard, F|100\/100\n|switch|p2a: Vanilluxe|Vanilluxe, M|100\/100\n|-weather|Snow|[from] ability: Snow Warning|[of] p2a: Vanilluxe\n|turn|11\n|\n|t:|1700686097\n|move|p1a: Charizard|Fire Blast|p2a: Vanilluxe\n|-supereffective|p2a: Vanilluxe\n|-damage|p2a: Vanilluxe|0 fnt\n|faint|p2a: Vanilluxe\n|\n|win|Pride_The_Folf\n|raw|Pride_The_Folf's rating: 1050 &rarr; <strong>1082<\/strong><br \/>(+32 for winning)\n|raw|James_rrr's rating: 1040 &rarr; <strong>1024<\/strong><br \/>(-16 for losing)\n|l|\u2606James_rrr\n|c|\u2606Pride_The_Folf|Gg\n","uploadtime":1700686115,"views":33,"p1id":"pridethefolf","p2id":"jamesrrr","formatid":"gen9nationaldexubers","rating":1024,"private":0,"password":""}