{"id":"gen9nationaldexubers-1991159970","p1":"siiuubangal","p2":"Sagnik_Red_Mewtwo","format":"[Gen 9] National Dex Ubers","log":"|j|\u2606siiuubangal\n|j|\u2606Sagnik_Red_Mewtwo\n|t:|1700051774\n|gametype|singles\n|player|p1|siiuubangal|beauty-gen4dp|\n|player|p2|Sagnik_Red_Mewtwo|red|\n|teamsize|p1|6\n|teamsize|p2|6\n|gen|9\n|tier|[Gen 9] National Dex Ubers\n|rule|HP Percentage Mod: HP is shown in percentages\n|rule|Endless Battle Clause: Forcing endless battles is banned\n|rule|OHKO Clause: OHKO moves are banned\n|rule|Evasion Moves Clause: Evasion moves are banned\n|rule|Evasion Items Clause: Evasion items are banned\n|rule|Species Clause: Limit one of each Pok\u00e9mon\n|rule|Sleep Clause Mod: Limit one foe put to sleep\n|rule|Mega Rayquaza Clause: You cannot mega evolve Rayquaza\n|clearpoke\n|poke|p1|Eternatus|\n|poke|p1|Mewtwo|\n|poke|p1|Dragapult, M|\n|poke|p1|Zacian-*|\n|poke|p1|Groudon|\n|poke|p1|Iron Valiant|\n|poke|p2|Marshadow|\n|poke|p2|Dragapult, M|\n|poke|p2|Zacian-*|\n|poke|p2|Groudon|\n|poke|p2|Kyogre|\n|poke|p2|Eternatus|\n|teampreview\n|\n|t:|1700051786\n|start\n|switch|p1a: Iron Valiant|Iron Valiant|100\/100\n|switch|p2a: Kyogre|Kyogre, shiny|100\/100\n|-enditem|p1a: Iron Valiant|Booster Energy\n|-activate|p1a: Iron Valiant|ability: Quark Drive|[fromitem]\n|-start|p1a: Iron Valiant|quarkdrivespe\n|detailschange|p2a: Kyogre|Kyogre-Primal, shiny\n|-primal|p2a: Kyogre|Blue Orb\n|-weather|PrimordialSea|[from] ability: Primordial Sea|[of] p2a: Kyogre\n|turn|1\n|\n|t:|1700051802\n|move|p1a: Iron Valiant|Thunder Punch|p2a: Kyogre\n|-supereffective|p2a: Kyogre\n|-damage|p2a: Kyogre|50\/100\n|-status|p2a: Kyogre|par\n|cant|p2a: Kyogre|par\n|\n|-weather|PrimordialSea|[upkeep]\n|upkeep\n|turn|2\n|\n|t:|1700051812\n|-weather|none\n|switch|p2a: Groudon|Groudon, shiny|100\/100\n|detailschange|p2a: Groudon|Groudon-Primal, shiny\n|-primal|p2a: Groudon|Red Orb\n|-weather|DesolateLand|[from] ability: Desolate Land|[of] p2a: Groudon\n|move|p1a: Iron Valiant|Thunder Punch|p2a: Groudon\n|-immune|p2a: Groudon\n|\n|-weather|DesolateLand|[upkeep]\n|upkeep\n|turn|3\n|\n|t:|1700051829\n|move|p1a: Iron Valiant|Close Combat|p2a: Groudon\n|-damage|p2a: Groudon|69\/100\n|-unboost|p1a: Iron Valiant|def|1\n|-unboost|p1a: Iron Valiant|spd|1\n|move|p2a: Groudon|Rock Polish|p2a: Groudon\n|-boost|p2a: Groudon|spe|2\n|\n|-weather|DesolateLand|[upkeep]\n|upkeep\n|turn|4\n|\n|t:|1700051840\n|move|p1a: Iron Valiant|Close Combat|p2a: Groudon\n|-damage|p2a: Groudon|35\/100\n|-unboost|p1a: Iron Valiant|def|1\n|-unboost|p1a: Iron Valiant|spd|1\n|move|p2a: Groudon|Earthquake|p1a: Iron Valiant\n|-damage|p1a: Iron Valiant|0 fnt\n|faint|p1a: Iron Valiant\n|-end|p1a: Iron Valiant|Quark Drive|[silent]\n|\n|-weather|DesolateLand|[upkeep]\n|upkeep\n|\n|t:|1700051851\n|switch|p1a: Groudon|Groudon|100\/100\n|detailschange|p1a: Groudon|Groudon-Primal\n|-primal|p1a: Groudon|Red Orb\n|turn|5\n|\n|t:|1700051857\n|move|p2a: Groudon|Earthquake|p1a: Groudon\n|-supereffective|p1a: Groudon\n|-damage|p1a: Groudon|34\/100\n|move|p1a: Groudon|Earthquake|p2a: Groudon\n|-supereffective|p2a: Groudon\n|-damage|p2a: Groudon|0 fnt\n|faint|p2a: Groudon\n|\n|-weather|DesolateLand|[upkeep]\n|upkeep\n|\n|t:|1700051868\n|switch|p2a: Dragapult|Dragapult, M, shiny|100\/100\n|turn|6\n|\n|t:|1700051875\n|move|p2a: Dragapult|Dragon Darts|p1a: Groudon\n|-damage|p1a: Groudon|20\/100\n|-anim|p2a: Dragapult|Dragon Darts|p1a: Groudon\n|-damage|p1a: Groudon|7\/100\n|move|p1a: Groudon|Earthquake|p2a: Dragapult\n|-enditem|p2a: Dragapult|Focus Sash\n|-damage|p2a: Dragapult|1\/100\n|\n|-weather|DesolateLand|[upkeep]\n|upkeep\n|turn|7\n|\n|t:|1700051890\n|-weather|none\n|switch|p1a: Zacian|Zacian-Crowned|100\/100\n|-ability|p1a: Zacian|Intrepid Sword|boost\n|-boost|p1a: Zacian|atk|1\n|move|p2a: Dragapult|Dragon Darts|p1a: Zacian\n|-immune|p1a: Zacian\n|\n|upkeep\n|turn|8\n|\n|t:|1700051900\n|move|p1a: Zacian|Play Rough|p2a: Dragapult\n|-supereffective|p2a: Dragapult\n|-damage|p2a: Dragapult|0 fnt\n|faint|p2a: Dragapult\n|\n|upkeep\n|\n|t:|1700051912\n|switch|p2a: Eternatus|Eternatus|100\/100\n|-ability|p2a: Eternatus|Pressure\n|turn|9\n|inactive|Battle timer is ON: inactive players will automatically lose when time's up. (requested by siiuubangal)\n|\n|t:|1700051943\n|move|p1a: Zacian|Play Rough|p2a: Eternatus|[miss]\n|-miss|p1a: Zacian|p2a: Eternatus\n|move|p2a: Eternatus|Recover||[still]\n|-fail|p2a: Eternatus|heal\n|\n|upkeep\n|turn|10\n|\n|t:|1700051951\n|switch|p2a: Zacian|Zacian-Crowned, shiny|100\/100\n|-ability|p2a: Zacian|Intrepid Sword|boost\n|-boost|p2a: Zacian|atk|1\n|move|p1a: Zacian|Play Rough|p2a: Zacian\n|-resisted|p2a: Zacian\n|-damage|p2a: Zacian|66\/100\n|\n|upkeep\n|turn|11\n|\n|t:|1700051966\n|move|p1a: Zacian|Behemoth Blade|p2a: Zacian\n|-damage|p2a: Zacian|0 fnt\n|faint|p2a: Zacian\n|\n|upkeep\n|\n|t:|1700051973\n|switch|p2a: Marshadow|Marshadow|100\/100\n|turn|12\n|\n|t:|1700051978\n|move|p2a: Marshadow|Shadow Sneak|p1a: Zacian\n|-damage|p1a: Zacian|68\/100\n|move|p1a: Zacian|Play Rough|p2a: Marshadow\n|-supereffective|p2a: Marshadow\n|-damage|p2a: Marshadow|0 fnt\n|faint|p2a: Marshadow\n|\n|upkeep\n|\n|t:|1700051988\n|switch|p2a: Eternatus|Eternatus|100\/100\n|-ability|p2a: Eternatus|Pressure\n|turn|13\n|\n|t:|1700051994\n|move|p1a: Zacian|Play Rough|p2a: Eternatus\n|-damage|p2a: Eternatus|48\/100\n|move|p2a: Eternatus|Recover|p2a: Eternatus\n|-heal|p2a: Eternatus|98\/100\n|\n|upkeep\n|turn|14\n|\n|t:|1700052007\n|move|p1a: Zacian|Play Rough|p2a: Eternatus\n|-damage|p2a: Eternatus|39\/100\n|move|p2a: Eternatus|Recover|p2a: Eternatus\n|-heal|p2a: Eternatus|89\/100\n|\n|upkeep\n|turn|15\n|\n|t:|1700052015\n|move|p1a: Zacian|Play Rough|p2a: Eternatus\n|-damage|p2a: Eternatus|28\/100\n|move|p2a: Eternatus|Recover|p2a: Eternatus\n|-heal|p2a: Eternatus|78\/100\n|\n|upkeep\n|turn|16\n|\n|t:|1700052024\n|-terastallize|p2a: Eternatus|Steel\n|move|p1a: Zacian|Play Rough|p2a: Eternatus\n|-resisted|p2a: Eternatus\n|-damage|p2a: Eternatus|48\/100\n|move|p2a: Eternatus|Recover|p2a: Eternatus\n|-heal|p2a: Eternatus|98\/100\n|\n|upkeep\n|turn|17\n|\n|t:|1700052035\n|move|p1a: Zacian|Close Combat|p2a: Eternatus\n|-supereffective|p2a: Eternatus\n|-damage|p2a: Eternatus|0 fnt\n|-unboost|p1a: Zacian|def|1\n|-unboost|p1a: Zacian|spd|1\n|faint|p2a: Eternatus\n|\n|upkeep\n|\n|t:|1700052042\n|switch|p2a: Kyogre|Kyogre-Primal, shiny|50\/100 par\n|-weather|PrimordialSea|[from] ability: Primordial Sea|[of] p2a: Kyogre\n|turn|18\n|\n|t:|1700052048\n|move|p1a: Zacian|Close Combat|p2a: Kyogre\n|-damage|p2a: Kyogre|0 fnt\n|-unboost|p1a: Zacian|def|1\n|-unboost|p1a: Zacian|spd|1\n|faint|p2a: Kyogre\n|-weather|none\n|\n|win|siiuubangal\n|l|\u2606Sagnik_Red_Mewtwo\n","uploadtime":1700052065,"views":8,"p1id":"siiuubangal","p2id":"sagnikredmewtwo","formatid":"gen9nationaldexubers","rating":0,"private":0,"password":""}