{"id":"gen9nationaldexubers-1998652562","p1":"Pokelekh","p2":"SWT_Octo","format":"[Gen 9] National Dex Ubers","log":"|j|\u2606Pokelekh\n|j|\u2606SWT_Octo\n|t:|1700967914\n|gametype|singles\n|player|p1|Pokelekh|steven|1050\n|player|p2|SWT_Octo|waiter-gen4dp|1169\n|teamsize|p1|6\n|teamsize|p2|6\n|gen|9\n|tier|[Gen 9] National Dex Ubers\n|rated|\n|rule|HP Percentage Mod: HP is shown in percentages\n|rule|Endless Battle Clause: Forcing endless battles is banned\n|rule|OHKO Clause: OHKO moves are banned\n|rule|Evasion Moves Clause: Evasion moves are banned\n|rule|Evasion Items Clause: Evasion items are banned\n|rule|Species Clause: Limit one of each Pok\u00e9mon\n|rule|Sleep Clause Mod: Limit one foe put to sleep\n|rule|Mega Rayquaza Clause: You cannot mega evolve Rayquaza\n|clearpoke\n|poke|p1|Arceus-Fairy|\n|poke|p1|Mewtwo|\n|poke|p1|Rayquaza|\n|poke|p1|Zacian-*|\n|poke|p1|Eternatus|\n|poke|p1|Hoopa-Unbound|\n|poke|p2|Arcanine-Hisui, F|\n|poke|p2|Avalugg-Hisui, F|\n|poke|p2|Zoroark-Hisui, M|\n|poke|p2|Sneasler, F|\n|poke|p2|Kleavor, F|\n|poke|p2|Arceus|\n|teampreview\n|inactive|Battle timer is ON: inactive players will automatically lose when time's up. (requested by Pokelekh)\n|\n|t:|1700967940\n|start\n|switch|p1a: Zacian|Zacian-Crowned|100\/100\n|switch|p2a: \ud83e\udeb2\ud83e\udea8|Kleavor, F|100\/100\n|-ability|p1a: Zacian|Intrepid Sword|boost\n|-boost|p1a: Zacian|atk|1\n|turn|1\n|\n|t:|1700967957\n|move|p1a: Zacian|Behemoth Blade|p2a: \ud83e\udeb2\ud83e\udea8\n|-supereffective|p2a: \ud83e\udeb2\ud83e\udea8\n|-enditem|p2a: \ud83e\udeb2\ud83e\udea8|Focus Sash\n|-damage|p2a: \ud83e\udeb2\ud83e\udea8|1\/100\n|move|p2a: \ud83e\udeb2\ud83e\udea8|Stone Axe|p1a: Zacian\n|-resisted|p1a: Zacian\n|-damage|p1a: Zacian|79\/100\n|-sidestart|p1: Pokelekh|move: Stealth Rock\n|\n|upkeep\n|turn|2\n|\n|t:|1700967973\n|move|p1a: Zacian|Behemoth Blade|p2a: \ud83e\udeb2\ud83e\udea8\n|-supereffective|p2a: \ud83e\udeb2\ud83e\udea8\n|-damage|p2a: \ud83e\udeb2\ud83e\udea8|0 fnt\n|faint|p2a: \ud83e\udeb2\ud83e\udea8\n|\n|upkeep\n|\n|t:|1700967978\n|switch|p2a: \ud83d\udd25\ud83e\udea8|Arcanine-Hisui, F|100\/100\n|turn|3\n|\n|t:|1700967999\n|switch|p1a: Mewtwo|Mewtwo|100\/100\n|-damage|p1a: Mewtwo|88\/100|[from] Stealth Rock\n|-ability|p1a: Mewtwo|Pressure\n|move|p2a: \ud83d\udd25\ud83e\udea8|Flare Blitz|p1a: Mewtwo\n|-damage|p1a: Mewtwo|38\/100\n|\n|upkeep\n|turn|4\n|\n|t:|1700968009\n|detailschange|p1a: Mewtwo|Mewtwo-Mega-X\n|-mega|p1a: Mewtwo|Mewtwo|Mewtwonite X\n|move|p2a: \ud83d\udd25\ud83e\udea8|Flare Blitz|p1a: Mewtwo\n|-damage|p1a: Mewtwo|0 fnt\n|faint|p1a: Mewtwo\n|\n|upkeep\n|inactive|Pokelekh has 120 seconds left.\n|\n|t:|1700968021\n|switch|p1a: Rayquaza|Rayquaza|100\/100\n|-damage|p1a: Rayquaza|76\/100|[from] Stealth Rock\n|-ability|p1a: Rayquaza|Air Lock\n|turn|5\n|inactive|Pokelekh has 120 seconds left.\n|\n|t:|1700968039\n|switch|p2a: \u2744\ufe0f\ud83e\udea8|Avalugg-Hisui, F|100\/100\n|switch|p1a: Hoopa|Hoopa-Unbound|100\/100\n|-damage|p1a: Hoopa|88\/100|[from] Stealth Rock\n|\n|-heal|p1a: Hoopa|94\/100|[from] item: Leftovers\n|upkeep\n|turn|6\n|inactive|Pokelekh has 120 seconds left.\n|\n|t:|1700968059\n|move|p1a: Hoopa|Hyperspace Fury|p2a: \u2744\ufe0f\ud83e\udea8\n|-damage|p2a: \u2744\ufe0f\ud83e\udea8|77\/100\n|-unboost|p1a: Hoopa|def|1\n|move|p2a: \u2744\ufe0f\ud83e\udea8|Iron Defense|p2a: \u2744\ufe0f\ud83e\udea8\n|-boost|p2a: \u2744\ufe0f\ud83e\udea8|def|2\n|\n|-heal|p1a: Hoopa|100\/100|[from] item: Leftovers\n|upkeep\n|turn|7\n|\n|t:|1700968069\n|move|p1a: Hoopa|Phantom Force||[still]\n|-prepare|p1a: Hoopa|Phantom Force\n|move|p2a: \u2744\ufe0f\ud83e\udea8|Iron Defense|p2a: \u2744\ufe0f\ud83e\udea8\n|-boost|p2a: \u2744\ufe0f\ud83e\udea8|def|2\n|\n|upkeep\n|turn|8\n|\n|t:|1700968075\n|move|p1a: Hoopa|Phantom Force|p2a: \u2744\ufe0f\ud83e\udea8|[from]lockedmove\n|-damage|p2a: \u2744\ufe0f\ud83e\udea8|73\/100\n|move|p2a: \u2744\ufe0f\ud83e\udea8|Iron Defense|p2a: \u2744\ufe0f\ud83e\udea8\n|-boost|p2a: \u2744\ufe0f\ud83e\udea8|def|2\n|\n|upkeep\n|turn|9\n|inactive|Pokelekh has 120 seconds left.\n|\n|t:|1700968082\n|move|p1a: Hoopa|Psybeam|p2a: \u2744\ufe0f\ud83e\udea8\n|-damage|p2a: \u2744\ufe0f\ud83e\udea8|0 fnt\n|faint|p2a: \u2744\ufe0f\ud83e\udea8\n|\n|upkeep\n|\n|t:|1700968088\n|switch|p2a: \ud83d\udd25\ud83e\udea8|Arcanine-Hisui, F|100\/100\n|turn|10\n|\n|t:|1700968095\n|move|p2a: \ud83d\udd25\ud83e\udea8|Head Smash|p1a: Hoopa\n|-damage|p1a: Hoopa|0 fnt\n|faint|p1a: Hoopa\n|\n|upkeep\n|\n|t:|1700968106\n|switch|p1a: Eternatus|Eternatus|100\/100\n|-damage|p1a: Eternatus|88\/100|[from] Stealth Rock\n|-ability|p1a: Eternatus|Pressure\n|turn|11\n|\n|t:|1700968114\n|move|p2a: \ud83d\udd25\ud83e\udea8|Head Smash|p1a: Eternatus\n|-damage|p1a: Eternatus|33\/100\n|move|p1a: Eternatus|Draco Meteor|p2a: \ud83d\udd25\ud83e\udea8\n|-damage|p2a: \ud83d\udd25\ud83e\udea8|17\/100\n|-unboost|p1a: Eternatus|spa|2\n|\n|-heal|p1a: Eternatus|39\/100|[from] item: Black Sludge\n|upkeep\n|turn|12\n|inactive|Pokelekh has 120 seconds left.\n|\n|t:|1700968148\n|move|p2a: \ud83d\udd25\ud83e\udea8|Head Smash|p1a: Eternatus\n|-damage|p1a: Eternatus|0 fnt\n|faint|p1a: Eternatus\n|\n|upkeep\n|\n|t:|1700968153\n|switch|p1a: Rayquaza|Rayquaza|76\/100\n|-damage|p1a: Rayquaza|51\/100|[from] Stealth Rock\n|-ability|p1a: Rayquaza|Air Lock\n|turn|13\n|\n|t:|1700968159\n|move|p2a: \ud83d\udd25\ud83e\udea8|Head Smash|p1a: Rayquaza|[miss]\n|-miss|p2a: \ud83d\udd25\ud83e\udea8|p1a: Rayquaza\n|move|p1a: Rayquaza|Fly||[still]\n|-prepare|p1a: Rayquaza|Fly\n|\n|upkeep\n|turn|14\n|inactive|Pokelekh has 120 seconds left.\n|\n|t:|1700968165\n|switch|p2a: \u2620\ufe0f\ud83d\udc4a|Sneasler, F|100\/100\n|move|p1a: Rayquaza|Fly|p2a: \u2620\ufe0f\ud83d\udc4a|[from]lockedmove\n|-supereffective|p2a: \u2620\ufe0f\ud83d\udc4a\n|-damage|p2a: \u2620\ufe0f\ud83d\udc4a|0 fnt\n|faint|p2a: \u2620\ufe0f\ud83d\udc4a\n|\n|upkeep\n|\n|t:|1700968172\n|switch|p2a: \ud83d\udd25\ud83e\udea8|Arcanine-Hisui, F|17\/100\n|turn|15\n|\n|t:|1700968176\n|move|p2a: \ud83d\udd25\ud83e\udea8|Head Smash|p1a: Rayquaza\n|-supereffective|p1a: Rayquaza\n|-damage|p1a: Rayquaza|0 fnt\n|faint|p1a: Rayquaza\n|\n|upkeep\n|\n|t:|1700968183\n|switch|p1a: Arceus|Arceus-Fairy|100\/100\n|-damage|p1a: Arceus|88\/100|[from] Stealth Rock\n|turn|16\n|\n|t:|1700968190\n|move|p1a: Arceus|Extreme Speed|p2a: \ud83d\udd25\ud83e\udea8\n|-resisted|p2a: \ud83d\udd25\ud83e\udea8\n|-damage|p2a: \ud83d\udd25\ud83e\udea8|3\/100\n|move|p2a: \ud83d\udd25\ud83e\udea8|Head Smash|p1a: Arceus\n|-crit|p1a: Arceus\n|-damage|p1a: Arceus|24\/100\n|\n|upkeep\n|turn|17\n|\n|t:|1700968198\n|switch|p2a: \u26aa|Arceus|100\/100\n|move|p1a: Arceus|Extreme Speed|p2a: \u26aa\n|-immune|p2a: \u26aa\n|\n|upkeep\n|turn|18\n|\n|t:|1700968209\n|switch|p1a: Zacian|Zacian-Crowned|79\/100\n|-damage|p1a: Zacian|73\/100|[from] Stealth Rock\n|move|p2a: \u26aa|Nasty Plot|p2a: \u26aa\n|-boost|p2a: \u26aa|spa|2\n|\n|upkeep\n|turn|19\n|\n|t:|1700968217\n|move|p1a: Zacian|Sacred Sword|p2a: \u26aa\n|-immune|p2a: \u26aa\n|move|p2a: \u26aa|Flamethrower|p1a: Zacian\n|-supereffective|p1a: Zacian\n|-damage|p1a: Zacian|0 fnt\n|faint|p1a: Zacian\n|\n|upkeep\n|\n|t:|1700968227\n|switch|p1a: Arceus|Arceus-Fairy|24\/100\n|-damage|p1a: Arceus|11\/100|[from] Stealth Rock\n|turn|20\n|\n|t:|1700968234\n|move|p2a: \u26aa|Nasty Plot|p2a: \u26aa\n|-boost|p2a: \u26aa|spa|2\n|move|p1a: Arceus|Thunderbolt|p2a: \u26aa\n|-damage|p2a: \u26aa|51\/100\n|replace|p2a: \u26aa\ud83d\udc7b|Zoroark-Hisui, M\n|-end|p2a: \u26aa\ud83d\udc7b|Illusion\n|\n|upkeep\n|turn|21\n|\n|t:|1700968260\n|move|p1a: Arceus|Extreme Speed|p2a: \u26aa\ud83d\udc7b\n|-immune|p2a: \u26aa\ud83d\udc7b\n|move|p2a: \u26aa\ud83d\udc7b|Hyper Voice|p1a: Arceus\n|-damage|p1a: Arceus|0 fnt\n|faint|p1a: Arceus\n|\n|win|SWT_Octo\n|raw|Pokelekh's rating: 1050 &rarr; <strong>1038<\/strong><br \/>(-12 for losing)\n|raw|SWT_Octo's rating: 1169 &rarr; <strong>1186<\/strong><br \/>(+17 for winning)\n|l|\u2606Pokelekh\n|c|\u2606SWT_Octo|gg\n","uploadtime":1700968410,"views":1,"p1id":"pokelekh","p2id":"swtocto","formatid":"gen9nationaldexubers","rating":1038,"private":0,"password":""}