{"id":"gen9nationaldexubers-1987977888","p1":"Graterol882008","p2":"hanagakiUBD","format":"[Gen 9] National Dex Ubers","log":"|j|\u2606Graterol882008\n|j|\u2606hanagakiUBD\n|t:|1699655246\n|gametype|singles\n|player|p1|Graterol882008|petrel|\n|player|p2|hanagakiUBD|iris-gen5bw2|\n|teamsize|p1|6\n|teamsize|p2|6\n|gen|9\n|tier|[Gen 9] National Dex Ubers\n|rule|HP Percentage Mod: HP is shown in percentages\n|rule|Endless Battle Clause: Forcing endless battles is banned\n|rule|OHKO Clause: OHKO moves are banned\n|rule|Evasion Moves Clause: Evasion moves are banned\n|rule|Evasion Items Clause: Evasion items are banned\n|rule|Species Clause: Limit one of each Pok\u00e9mon\n|rule|Sleep Clause Mod: Limit one foe put to sleep\n|rule|Mega Rayquaza Clause: You cannot mega evolve Rayquaza\n|clearpoke\n|poke|p1|Lucario, M|\n|poke|p1|Kingambit, M|\n|poke|p1|Goodra-Hisui, F|\n|poke|p1|Hydreigon, M|\n|poke|p1|Metagross|\n|poke|p1|Tinkaton, F|\n|poke|p2|Darmanitan-Galar, M|\n|poke|p2|Volcarona, F|\n|poke|p2|Dragapult, F|\n|poke|p2|Alakazam, F|\n|poke|p2|Kingambit, M|\n|poke|p2|Kleavor, F|\n|teampreview\n|inactive|Battle timer is ON: inactive players will automatically lose when time's up. (requested by hanagakiUBD)\n|\n|t:|1699655255\n|start\n|switch|p1a: Lucario|Lucario, M|100\/100\n|switch|p2a: Volcarona|Volcarona, F, shiny|100\/100\n|turn|1\n|\n|t:|1699655269\n|detailschange|p1a: Lucario|Lucario-Mega, M\n|-mega|p1a: Lucario|Lucario|Lucarionite\n|-zpower|p2a: Volcarona\n|move|p2a: Volcarona|Inferno Overdrive|p1a: Lucario|[zeffect]\n|-supereffective|p1a: Lucario\n|-damage|p1a: Lucario|0 fnt\n|faint|p1a: Lucario\n|\n|upkeep\n|\n|t:|1699655278\n|switch|p1a: Goodra|Goodra-Hisui, F|100\/100\n|turn|2\n|\n|t:|1699655285\n|move|p2a: Volcarona|Quiver Dance|p2a: Volcarona\n|-boost|p2a: Volcarona|spa|1\n|-boost|p2a: Volcarona|spd|1\n|-boost|p2a: Volcarona|spe|1\n|move|p1a: Goodra|Surf|p2a: Volcarona\n|-supereffective|p2a: Volcarona\n|-damage|p2a: Volcarona|54\/100\n|\n|upkeep\n|turn|3\n|\n|t:|1699655298\n|move|p2a: Volcarona|Fiery Dance|p1a: Goodra\n|-damage|p1a: Goodra|73\/100\n|move|p1a: Goodra|Surf|p2a: Volcarona\n|-supereffective|p2a: Volcarona\n|-damage|p2a: Volcarona|11\/100\n|\n|upkeep\n|turn|4\n|\n|t:|1699655309\n|move|p2a: Volcarona|Fiery Dance|p1a: Goodra\n|-damage|p1a: Goodra|46\/100\n|move|p1a: Goodra|Draco Meteor|p2a: Volcarona\n|-damage|p2a: Volcarona|0 fnt\n|-unboost|p1a: Goodra|spa|2\n|faint|p2a: Volcarona\n|\n|upkeep\n|inactive|hanagakiUBD has 270 seconds left.\n|\n|t:|1699655342\n|switch|p2a: Dragapult|Dragapult, F, shiny|100\/100\n|turn|5\n|\n|t:|1699655355\n|move|p2a: Dragapult|Flamethrower|p1a: Goodra\n|-damage|p1a: Goodra|28\/100\n|-status|p1a: Goodra|brn\n|move|p1a: Goodra|Draco Meteor|p2a: Dragapult\n|-supereffective|p2a: Dragapult\n|-damage|p2a: Dragapult|13\/100\n|-unboost|p1a: Goodra|spa|2\n|\n|-damage|p1a: Goodra|22\/100 brn|[from] brn\n|upkeep\n|turn|6\n|\n|t:|1699655372\n|move|p2a: Dragapult|Flamethrower|p1a: Goodra\n|-damage|p1a: Goodra|3\/100 brn\n|move|p1a: Goodra|Draco Meteor|p2a: Dragapult\n|-supereffective|p2a: Dragapult\n|-damage|p2a: Dragapult|0 fnt\n|-unboost|p1a: Goodra|spa|2\n|faint|p2a: Dragapult\n|\n|-damage|p1a: Goodra|0 fnt|[from] brn\n|faint|p1a: Goodra\n|upkeep\n|\n|t:|1699655392\n|switch|p2a: Alakazam|Alakazam, F|100\/100\n|switch|p1a: Hydreigon|Hydreigon, M|100\/100\n|turn|7\n|\n|t:|1699655402\n|detailschange|p2a: Alakazam|Alakazam-Mega, F\n|-mega|p2a: Alakazam|Alakazam|Alakazite\n|-ability|p2a: Alakazam|Levitate|[from] ability: Trace|[of] p1a: Hydreigon\n|-terastallize|p1a: Hydreigon|Steel\n|move|p2a: Alakazam|Focus Blast|p1a: Hydreigon\n|-supereffective|p1a: Hydreigon\n|-damage|p1a: Hydreigon|0 fnt\n|faint|p1a: Hydreigon\n|\n|upkeep\n|inactive|Graterol882008 has 270 seconds left.\n|\n|t:|1699655420\n|switch|p1a: Metagross|Metagross|100\/100\n|turn|8\n|inactive|Graterol882008 has 270 seconds left.\n|\n|t:|1699655434\n|move|p2a: Alakazam|Shadow Ball|p1a: Metagross\n|-supereffective|p1a: Metagross\n|-damage|p1a: Metagross|11\/100\n|move|p1a: Metagross|Flash Cannon|p2a: Alakazam\n|-damage|p2a: Alakazam|74\/100\n|\n|upkeep\n|turn|9\n|inactive|Graterol882008 has 270 seconds left.\n|\n|t:|1699655445\n|move|p2a: Alakazam|Signal Beam|p1a: Metagross\n|-damage|p1a: Metagross|0 fnt\n|faint|p1a: Metagross\n|\n|upkeep\n|inactive|Graterol882008 has 270 seconds left.\n|\n|t:|1699655458\n|switch|p1a: Kingambit|Kingambit, M|100\/100\n|-activate|p1a: Kingambit|ability: Supreme Overlord\n|-start|p1a: Kingambit|fallen4|[silent]\n|turn|10\n|inactive|Graterol882008 has 270 seconds left.\n|\n|t:|1699655467\n|move|p2a: Alakazam|Focus Blast|p1a: Kingambit\n|-supereffective|p1a: Kingambit\n|-damage|p1a: Kingambit|0 fnt\n|faint|p1a: Kingambit\n|-end|p1a: Kingambit|fallen4|[silent]\n|\n|upkeep\n|inactive|Graterol882008 has 270 seconds left.\n|\n|t:|1699655474\n|switch|p1a: Tinkaton|Tinkaton, F|100\/100\n|-ability|p1a: Tinkaton|Mold Breaker\n|turn|11\n|inactive|Graterol882008 has 270 seconds left.\n|\n|t:|1699655485\n|move|p2a: Alakazam|Focus Blast|p1a: Tinkaton\n|-damage|p1a: Tinkaton|59\/100\n|-unboost|p1a: Tinkaton|spd|1\n|move|p1a: Tinkaton|Gigaton Hammer|p2a: Alakazam\n|-damage|p2a: Alakazam|0 fnt\n|faint|p2a: Alakazam\n|\n|upkeep\n|\n|t:|1699655494\n|switch|p2a: Kleavor|Kleavor, F|100\/100\n|turn|12\n|\n|t:|1699655508\n|move|p2a: Kleavor|Knock Off|p1a: Tinkaton\n|-resisted|p1a: Tinkaton\n|-damage|p1a: Tinkaton|36\/100\n|-enditem|p1a: Tinkaton|Aguav Berry|[from] move: Knock Off|[of] p2a: Kleavor\n|move|p1a: Tinkaton|Ice Hammer|p2a: Kleavor|[miss]\n|-miss|p1a: Tinkaton|p2a: Kleavor\n|\n|upkeep\n|turn|13\n|\n|t:|1699655518\n|move|p2a: Kleavor|Knock Off|p1a: Tinkaton\n|-resisted|p1a: Tinkaton\n|-crit|p1a: Tinkaton\n|-damage|p1a: Tinkaton|10\/100\n|move|p1a: Tinkaton|Ice Hammer|p2a: Kleavor\n|-damage|p2a: Kleavor|70\/100\n|-unboost|p1a: Tinkaton|spe|1\n|\n|upkeep\n|turn|14\n|\n|t:|1699655531\n|move|p2a: Kleavor|Knock Off|p1a: Tinkaton\n|-resisted|p1a: Tinkaton\n|-damage|p1a: Tinkaton|0 fnt\n|faint|p1a: Tinkaton\n|\n|win|hanagakiUBD\n","uploadtime":1699655538,"views":5,"p1id":"graterol882008","p2id":"hanagakiubd","formatid":"gen9nationaldexubers","rating":0,"private":0,"password":""}