{"id":"gen9nationaldexubers-1992085736","p1":"Joaohelioextreme","p2":"97Graham","format":"[Gen 9] National Dex Ubers","log":"|j|\u2606Joaohelioextreme\n|j|\u260697Graham\n|t:|1700153867\n|gametype|singles\n|player|p1|Joaohelioextreme|hooligans|1232\n|player|p2|97Graham|punkguy-gen7|1232\n|teamsize|p1|6\n|teamsize|p2|6\n|gen|9\n|tier|[Gen 9] National Dex Ubers\n|rated|\n|rule|HP Percentage Mod: HP is shown in percentages\n|rule|Endless Battle Clause: Forcing endless battles is banned\n|rule|OHKO Clause: OHKO moves are banned\n|rule|Evasion Moves Clause: Evasion moves are banned\n|rule|Evasion Items Clause: Evasion items are banned\n|rule|Species Clause: Limit one of each Pok\u00e9mon\n|rule|Sleep Clause Mod: Limit one foe put to sleep\n|rule|Mega Rayquaza Clause: You cannot mega evolve Rayquaza\n|clearpoke\n|poke|p1|Pelipper, M|\n|poke|p1|Barraskewda, F|\n|poke|p1|Dracovish|\n|poke|p1|Cloyster, F|\n|poke|p1|Kyogre|\n|poke|p1|Swampert, F|\n|poke|p2|Dondozo, F|\n|poke|p2|Groudon|\n|poke|p2|Blissey, F|\n|poke|p2|Ho-Oh|\n|poke|p2|Arceus-Fairy|\n|poke|p2|Eternatus|\n|teampreview\n|inactive|Battle timer is ON: inactive players will automatically lose when time's up. (requested by Joaohelioextreme)\n|\n|t:|1700153894\n|start\n|switch|p1a: Swampert|Swampert, F|100\/100\n|switch|p2a: Thicc kitten|Blissey, F|100\/100\n|turn|1\n|\n|t:|1700153917\n|detailschange|p1a: Swampert|Swampert-Mega, F\n|-mega|p1a: Swampert|Swampert|Swampertite\n|move|p1a: Swampert|Stealth Rock|p2a: Thicc kitten\n|-sidestart|p2: 97Graham|move: Stealth Rock\n|move|p2a: Thicc kitten|Stealth Rock|p1a: Swampert\n|-sidestart|p1: Joaohelioextreme|move: Stealth Rock\n|\n|upkeep\n|turn|2\n|\n|t:|1700153928\n|move|p1a: Swampert|Waterfall|p2a: Thicc kitten\n|-damage|p2a: Thicc kitten|55\/100\n|move|p2a: Thicc kitten|Thunder Wave|p1a: Swampert\n|-immune|p1a: Swampert\n|\n|upkeep\n|turn|3\n|\n|t:|1700153935\n|move|p1a: Swampert|Waterfall|p2a: Thicc kitten\n|-damage|p2a: Thicc kitten|3\/100\n|move|p2a: Thicc kitten|Soft-Boiled|p2a: Thicc kitten\n|-heal|p2a: Thicc kitten|53\/100\n|\n|upkeep\n|turn|4\n|\n|t:|1700153944\n|switch|p2a: Yucatan Molly|Dondozo, F, shiny|100\/100\n|-damage|p2a: Yucatan Molly|88\/100|[from] Stealth Rock\n|move|p1a: Swampert|Waterfall|p2a: Yucatan Molly\n|-resisted|p2a: Yucatan Molly\n|-damage|p2a: Yucatan Molly|78\/100\n|\n|-heal|p2a: Yucatan Molly|84\/100|[from] item: Leftovers\n|upkeep\n|turn|5\n|\n|t:|1700153951\n|switch|p1a: Kyogre|Kyogre, shiny|100\/100\n|-damage|p1a: Kyogre|88\/100|[from] Stealth Rock\n|detailschange|p1a: Kyogre|Kyogre-Primal, shiny\n|-primal|p1a: Kyogre|Blue Orb\n|-weather|PrimordialSea|[from] ability: Primordial Sea|[of] p1a: Kyogre\n|move|p2a: Yucatan Molly|Liquidation|p1a: Kyogre\n|-resisted|p1a: Kyogre\n|-damage|p1a: Kyogre|65\/100\n|\n|-weather|PrimordialSea|[upkeep]\n|-heal|p2a: Yucatan Molly|91\/100|[from] item: Leftovers\n|upkeep\n|turn|6\n|\n|t:|1700153958\n|switch|p2a: Raffi|Groudon|100\/100\n|-damage|p2a: Raffi|94\/100|[from] Stealth Rock\n|detailschange|p2a: Raffi|Groudon-Primal\n|-primal|p2a: Raffi|Red Orb\n|-weather|DesolateLand|[from] ability: Desolate Land|[of] p2a: Raffi\n|move|p1a: Kyogre|Thunderbolt|p2a: Raffi\n|-immune|p2a: Raffi\n|\n|-weather|DesolateLand|[upkeep]\n|upkeep\n|turn|7\n|\n|t:|1700153969\n|switch|p1a: Pelipper|Pelipper, M|100\/100\n|-damage|p1a: Pelipper|76\/100|[from] Stealth Rock\n|-ability|p1a: Pelipper|Drizzle|[from] desolateland|[fail]\n|move|p2a: Raffi|Toxic|p1a: Pelipper\n|-status|p1a: Pelipper|tox\n|\n|-weather|DesolateLand|[upkeep]\n|-damage|p1a: Pelipper|70\/100 tox|[from] psn\n|upkeep\n|turn|8\n|\n|t:|1700153977\n|move|p2a: Raffi|Spikes|p1a: Pelipper\n|-sidestart|p1: Joaohelioextreme|Spikes\n|move|p1a: Pelipper|Defog|p2a: Raffi\n|-unboost|p2a: Raffi|evasion|1\n|-sideend|p2: 97Graham|Stealth Rock|[from] move: Defog|[of] p1a: Pelipper\n|-sideend|p1: Joaohelioextreme|Spikes|[from] move: Defog|[of] p1a: Pelipper\n|-sideend|p1: Joaohelioextreme|Stealth Rock|[from] move: Defog|[of] p1a: Pelipper\n|\n|-weather|DesolateLand|[upkeep]\n|-damage|p1a: Pelipper|57\/100 tox|[from] psn\n|upkeep\n|turn|9\n|\n|t:|1700153983\n|switch|p1a: Swampert|Swampert-Mega, F|100\/100\n|move|p2a: Raffi|Spikes|p1a: Swampert\n|-sidestart|p1: Joaohelioextreme|Spikes\n|\n|-weather|DesolateLand|[upkeep]\n|upkeep\n|turn|10\n|\n|t:|1700153999\n|-weather|none\n|switch|p2a: HOLIDAY HAM|Ho-Oh|100\/100\n|move|p1a: Swampert|Earthquake|p2a: HOLIDAY HAM\n|-immune|p2a: HOLIDAY HAM\n|\n|upkeep\n|turn|11\n|\n|t:|1700154004\n|move|p1a: Swampert|Waterfall|p2a: HOLIDAY HAM\n|-supereffective|p2a: HOLIDAY HAM\n|-damage|p2a: HOLIDAY HAM|41\/100\n|cant|p2a: HOLIDAY HAM|flinch\n|\n|upkeep\n|turn|12\n|\n|t:|1700154010\n|switch|p2a: Yucatan Molly|Dondozo, F, shiny|91\/100\n|move|p1a: Swampert|Waterfall|p2a: Yucatan Molly\n|-resisted|p2a: Yucatan Molly\n|-damage|p2a: Yucatan Molly|80\/100\n|\n|-heal|p2a: Yucatan Molly|86\/100|[from] item: Leftovers\n|upkeep\n|turn|13\n|\n|t:|1700154018\n|move|p1a: Swampert|Earthquake|p2a: Yucatan Molly\n|-damage|p2a: Yucatan Molly|58\/100\n|move|p2a: Yucatan Molly|Liquidation|p1a: Swampert\n|-damage|p1a: Swampert|73\/100\n|\n|-heal|p2a: Yucatan Molly|65\/100|[from] item: Leftovers\n|upkeep\n|turn|14\n|\n|t:|1700154024\n|move|p1a: Swampert|Earthquake|p2a: Yucatan Molly\n|-damage|p2a: Yucatan Molly|37\/100\n|move|p2a: Yucatan Molly|Curse|p2a: Yucatan Molly\n|-unboost|p2a: Yucatan Molly|spe|1\n|-boost|p2a: Yucatan Molly|atk|1\n|-boost|p2a: Yucatan Molly|def|1\n|\n|-heal|p2a: Yucatan Molly|43\/100|[from] item: Leftovers\n|upkeep\n|turn|15\n|\n|t:|1700154031\n|move|p1a: Swampert|Waterfall|p2a: Yucatan Molly\n|-resisted|p2a: Yucatan Molly\n|-damage|p2a: Yucatan Molly|36\/100\n|cant|p2a: Yucatan Molly|flinch\n|\n|-heal|p2a: Yucatan Molly|42\/100|[from] item: Leftovers\n|upkeep\n|turn|16\n|\n|t:|1700154036\n|move|p1a: Swampert|Earthquake|p2a: Yucatan Molly\n|-damage|p2a: Yucatan Molly|24\/100\n|move|p2a: Yucatan Molly|Rest|p2a: Yucatan Molly\n|-status|p2a: Yucatan Molly|slp|[from] move: Rest\n|-heal|p2a: Yucatan Molly|100\/100 slp|[silent]\n|\n|upkeep\n|turn|17\n|\n|t:|1700154041\n|switch|p1a: Kyogre|Kyogre-Primal, shiny|65\/100\n|-damage|p1a: Kyogre|53\/100|[from] Spikes\n|-weather|PrimordialSea|[from] ability: Primordial Sea|[of] p1a: Kyogre\n|cant|p2a: Yucatan Molly|slp\n|\n|-weather|PrimordialSea|[upkeep]\n|upkeep\n|turn|18\n|\n|t:|1700154046\n|switch|p2a: Raffi|Groudon-Primal|94\/100\n|-weather|DesolateLand|[from] ability: Desolate Land|[of] p2a: Raffi\n|move|p1a: Kyogre|Thunderbolt|p2a: Raffi\n|-immune|p2a: Raffi\n|\n|-weather|DesolateLand|[upkeep]\n|upkeep\n|turn|19\n|\n|t:|1700154056\n|switch|p1a: Swampert|Swampert-Mega, F|73\/100\n|-damage|p1a: Swampert|61\/100|[from] Spikes\n|move|p2a: Raffi|Overheat|p1a: Swampert\n|-resisted|p1a: Swampert\n|-damage|p1a: Swampert|24\/100\n|-unboost|p2a: Raffi|spa|2\n|\n|-weather|DesolateLand|[upkeep]\n|upkeep\n|turn|20\n|\n|t:|1700154068\n|move|p1a: Swampert|Earthquake|p2a: Raffi\n|-supereffective|p2a: Raffi\n|-damage|p2a: Raffi|30\/100\n|move|p2a: Raffi|Precipice Blades|p1a: Swampert\n|-damage|p1a: Swampert|0 fnt\n|faint|p1a: Swampert\n|\n|-weather|DesolateLand|[upkeep]\n|upkeep\n|\n|t:|1700154073\n|switch|p1a: Pelipper|Pelipper, M|57\/100 tox\n|-ability|p1a: Pelipper|Drizzle|[from] desolateland|[fail]\n|turn|21\n|\n|t:|1700154083\n|move|p2a: Raffi|Spikes|p1a: Pelipper\n|-sidestart|p1: Joaohelioextreme|Spikes\n|move|p1a: Pelipper|Defog|p2a: Raffi\n|-unboost|p2a: Raffi|evasion|1\n|-sideend|p1: Joaohelioextreme|Spikes|[from] move: Defog|[of] p1a: Pelipper\n|\n|-weather|DesolateLand|[upkeep]\n|-damage|p1a: Pelipper|51\/100 tox|[from] psn\n|upkeep\n|turn|22\n|\n|t:|1700154090\n|move|p2a: Raffi|Spikes|p1a: Pelipper\n|-sidestart|p1: Joaohelioextreme|Spikes\n|move|p1a: Pelipper|U-turn|p2a: Raffi\n|-resisted|p2a: Raffi\n|-damage|p2a: Raffi|28\/100\n|\n|t:|1700154094\n|switch|p1a: Cloyster|Cloyster, F|100\/100|[from] U-turn\n|-damage|p1a: Cloyster|88\/100|[from] Spikes\n|\n|-weather|DesolateLand|[upkeep]\n|upkeep\n|turn|23\n|\n|t:|1700154100\n|move|p1a: Cloyster|Explosion|p2a: Raffi\n|-damage|p2a: Raffi|0 fnt\n|faint|p1a: Cloyster\n|faint|p2a: Raffi\n|-weather|none\n|\n|upkeep\n|\n|t:|1700154111\n|switch|p1a: Pelipper|Pelipper, M|51\/100 tox\n|switch|p2a: FINGERBOWL|Eternatus|100\/100\n|-ability|p2a: FINGERBOWL|Pressure\n|-weather|RainDance|[from] ability: Drizzle|[of] p1a: Pelipper\n|turn|24\n|\n|t:|1700154114\n|move|p2a: FINGERBOWL|Toxic Spikes|p1a: Pelipper\n|-sidestart|p1: Joaohelioextreme|move: Toxic Spikes\n|move|p1a: Pelipper|Defog|p2a: FINGERBOWL\n|-unboost|p2a: FINGERBOWL|evasion|1\n|-sideend|p1: Joaohelioextreme|Spikes|[from] move: Defog|[of] p1a: Pelipper\n|-sideend|p1: Joaohelioextreme|Toxic Spikes|[from] move: Defog|[of] p1a: Pelipper\n|\n|-weather|RainDance|[upkeep]\n|-damage|p1a: Pelipper|45\/100 tox|[from] psn\n|upkeep\n|turn|25\n|\n|t:|1700154119\n|switch|p1a: Barraskewda|Barraskewda, F|100\/100\n|move|p2a: FINGERBOWL|Toxic Spikes|p1a: Barraskewda\n|-sidestart|p1: Joaohelioextreme|move: Toxic Spikes\n|\n|-weather|RainDance|[upkeep]\n|upkeep\n|turn|26\n|\n|t:|1700154123\n|-terastallize|p1a: Barraskewda|Water\n|move|p1a: Barraskewda|Liquidation|p2a: FINGERBOWL\n|-resisted|p2a: FINGERBOWL\n|-damage|p2a: FINGERBOWL|44\/100\n|move|p2a: FINGERBOWL|Toxic Spikes|p1a: Barraskewda\n|-sidestart|p1: Joaohelioextreme|move: Toxic Spikes\n|\n|-weather|RainDance|[upkeep]\n|-heal|p2a: FINGERBOWL|51\/100|[from] item: Leftovers\n|upkeep\n|turn|27\n|\n|t:|1700154131\n|switch|p2a: Yucatan Molly|Dondozo, F, shiny|100\/100 slp\n|move|p1a: Barraskewda|Liquidation|p2a: Yucatan Molly\n|-resisted|p2a: Yucatan Molly\n|-crit|p2a: Yucatan Molly\n|-damage|p2a: Yucatan Molly|56\/100 slp\n|\n|-weather|RainDance|[upkeep]\n|-heal|p2a: Yucatan Molly|63\/100 slp|[from] item: Leftovers\n|upkeep\n|turn|28\n|\n|t:|1700154136\n|move|p1a: Barraskewda|Liquidation|p2a: Yucatan Molly\n|-resisted|p2a: Yucatan Molly\n|-damage|p2a: Yucatan Molly|33\/100 slp\n|cant|p2a: Yucatan Molly|slp\n|\n|-weather|RainDance|[upkeep]\n|-heal|p2a: Yucatan Molly|40\/100 slp|[from] item: Leftovers\n|upkeep\n|turn|29\n|\n|t:|1700154139\n|move|p1a: Barraskewda|Liquidation|p2a: Yucatan Molly\n|-resisted|p2a: Yucatan Molly\n|-damage|p2a: Yucatan Molly|8\/100 slp\n|-curestatus|p2a: Yucatan Molly|slp|[msg]\n|move|p2a: Yucatan Molly|Rest|p2a: Yucatan Molly\n|-status|p2a: Yucatan Molly|slp|[from] move: Rest\n|-heal|p2a: Yucatan Molly|100\/100 slp|[silent]\n|\n|-weather|RainDance|[upkeep]\n|upkeep\n|turn|30\n|\n|t:|1700154145\n|move|p1a: Barraskewda|Liquidation|p2a: Yucatan Molly\n|-resisted|p2a: Yucatan Molly\n|-damage|p2a: Yucatan Molly|69\/100 slp\n|cant|p2a: Yucatan Molly|slp\n|\n|-weather|RainDance|[upkeep]\n|-heal|p2a: Yucatan Molly|75\/100 slp|[from] item: Leftovers\n|upkeep\n|turn|31\n|\n|t:|1700154148\n|move|p1a: Barraskewda|Liquidation|p2a: Yucatan Molly\n|-resisted|p2a: Yucatan Molly\n|-damage|p2a: Yucatan Molly|46\/100 slp\n|cant|p2a: Yucatan Molly|slp\n|\n|-weather|none\n|-heal|p2a: Yucatan Molly|52\/100 slp|[from] item: Leftovers\n|upkeep\n|turn|32\n|\n|t:|1700154152\n|move|p1a: Barraskewda|Liquidation|p2a: Yucatan Molly\n|-resisted|p2a: Yucatan Molly\n|-crit|p2a: Yucatan Molly\n|-damage|p2a: Yucatan Molly|22\/100 slp\n|-curestatus|p2a: Yucatan Molly|slp|[msg]\n|move|p2a: Yucatan Molly|Curse|p2a: Yucatan Molly\n|-unboost|p2a: Yucatan Molly|spe|1\n|-boost|p2a: Yucatan Molly|atk|1\n|-boost|p2a: Yucatan Molly|def|1\n|\n|-heal|p2a: Yucatan Molly|28\/100|[from] item: Leftovers\n|upkeep\n|turn|33\n|\n|t:|1700154161\n|move|p1a: Barraskewda|Liquidation|p2a: Yucatan Molly\n|-resisted|p2a: Yucatan Molly\n|-damage|p2a: Yucatan Molly|14\/100\n|move|p2a: Yucatan Molly|Rest|p2a: Yucatan Molly\n|-status|p2a: Yucatan Molly|slp|[from] move: Rest\n|-heal|p2a: Yucatan Molly|100\/100 slp|[silent]\n|\n|upkeep\n|turn|34\n|n|!Joaohelioextreme|joaohelioextreme\n|-message|Joaohelioextreme forfeited.\n|\n|win|97Graham\n|raw|Joaohelioextreme's rating: 1232 &rarr; <strong>1207<\/strong><br \/>(-25 for losing)\n|raw|97Graham's rating: 1232 &rarr; <strong>1257<\/strong><br \/>(+25 for winning)\n","uploadtime":1700154172,"views":9,"p1id":"joaohelioextreme","p2id":"97graham","formatid":"gen9nationaldexubers","rating":1207,"private":0,"password":""}