{"id":"gen9nationaldexubers-1996642080","p1":"goonzone \u269d\u5f61","p2":"Hydrospace","format":"[Gen 9] National Dex Ubers","log":"|j|\u2606goonzone \u269d\u5f61\n|j|\u2606Hydrospace\n|t:|1700704179\n|gametype|singles\n|player|p1|goonzone \u269d\u5f61|psychic-gen2|1135\n|player|p2|Hydrospace|riley|1234\n|teamsize|p1|6\n|teamsize|p2|6\n|gen|9\n|tier|[Gen 9] National Dex Ubers\n|rated|\n|rule|HP Percentage Mod: HP is shown in percentages\n|rule|Endless Battle Clause: Forcing endless battles is banned\n|rule|OHKO Clause: OHKO moves are banned\n|rule|Evasion Moves Clause: Evasion moves are banned\n|rule|Evasion Items Clause: Evasion items are banned\n|rule|Species Clause: Limit one of each Pok\u00e9mon\n|rule|Sleep Clause Mod: Limit one foe put to sleep\n|rule|Mega Rayquaza Clause: You cannot mega evolve Rayquaza\n|clearpoke\n|poke|p1|Yveltal|\n|poke|p1|Lucario, F|\n|poke|p1|Chansey, F|\n|poke|p1|Ho-Oh|\n|poke|p1|Groudon|\n|poke|p1|Arceus-Ground|\n|poke|p2|Blastoise, F|\n|poke|p2|Darmanitan, F|\n|poke|p2|Aegislash, F|\n|poke|p2|Electivire, M|\n|poke|p2|Snorlax, F|\n|poke|p2|Hydreigon, M|\n|teampreview\n|inactive|Battle timer is ON: inactive players will automatically lose when time's up. (requested by goonzone \u269d\u5f61)\n|\n|t:|1700704199\n|start\n|switch|p1a: Prince of Darkness|Yveltal|100\/100\n|switch|p2a: Darmanitan|Darmanitan, F|100\/100\n|-ability|p1a: Prince of Darkness|Dark Aura\n|turn|1\n|\n|t:|1700704205\n|switch|p1a: Rend my ween lul|Arceus-Ground, shiny|100\/100\n|move|p2a: Darmanitan|Flare Blitz|p1a: Rend my ween lul\n|-damage|p1a: Rend my ween lul|47\/100\n|-damage|p2a: Darmanitan|81\/100|[from] Recoil\n|\n|upkeep\n|turn|2\n|\n|t:|1700704212\n|-terastallize|p1a: Rend my ween lul|Water\n|move|p2a: Darmanitan|Flare Blitz|p1a: Rend my ween lul\n|-resisted|p1a: Rend my ween lul\n|-damage|p1a: Rend my ween lul|19\/100\n|-damage|p2a: Darmanitan|72\/100|[from] Recoil\n|move|p1a: Rend my ween lul|Judgment|p2a: Darmanitan\n|-supereffective|p2a: Darmanitan\n|-damage|p2a: Darmanitan|0 fnt\n|faint|p2a: Darmanitan\n|\n|upkeep\n|\n|t:|1700704223\n|switch|p2a: Aegislash|Aegislash, F|100\/100\n|turn|3\n|\n|t:|1700704226\n|-formechange|p2a: Aegislash|Aegislash-Blade||[from] ability: Stance Change\n|move|p2a: Aegislash|Shadow Sneak|p1a: Rend my ween lul\n|-damage|p1a: Rend my ween lul|2\/100\n|move|p1a: Rend my ween lul|Recover|p1a: Rend my ween lul\n|-heal|p1a: Rend my ween lul|52\/100\n|\n|upkeep\n|turn|4\n|\n|t:|1700704236\n|move|p1a: Rend my ween lul|Recover|p1a: Rend my ween lul\n|-heal|p1a: Rend my ween lul|100\/100\n|move|p2a: Aegislash|Sacred Sword|p1a: Rend my ween lul\n|-damage|p1a: Rend my ween lul|79\/100\n|\n|upkeep\n|turn|5\n|\n|t:|1700704246\n|switch|p2a: Snorlax|Snorlax, F|100\/100\n|move|p1a: Rend my ween lul|Judgment|p2a: Snorlax\n|-damage|p2a: Snorlax|66\/100\n|\n|-heal|p2a: Snorlax|72\/100|[from] item: Leftovers\n|upkeep\n|turn|6\n|\n|t:|1700704255\n|switch|p1a: Koraidon at home|Lucario, F, shiny|100\/100\n|move|p2a: Snorlax|Toxic|p1a: Koraidon at home\n|-immune|p1a: Koraidon at home\n|\n|-heal|p2a: Snorlax|78\/100|[from] item: Leftovers\n|upkeep\n|turn|7\n|\n|t:|1700704263\n|switch|p2a: Aegislash|Aegislash, F|100\/100\n|move|p1a: Koraidon at home|Swords Dance|p1a: Koraidon at home\n|-boost|p1a: Koraidon at home|atk|2\n|\n|upkeep\n|turn|8\n|\n|t:|1700704270\n|detailschange|p1a: Koraidon at home|Lucario-Mega, F, shiny\n|-mega|p1a: Koraidon at home|Lucario|Lucarionite\n|move|p1a: Koraidon at home|Swords Dance|p1a: Koraidon at home\n|-boost|p1a: Koraidon at home|atk|2\n|-formechange|p2a: Aegislash|Aegislash-Blade||[from] ability: Stance Change\n|move|p2a: Aegislash|Sacred Sword|p1a: Koraidon at home\n|-supereffective|p1a: Koraidon at home\n|-damage|p1a: Koraidon at home|2\/100\n|\n|upkeep\n|turn|9\n|\n|t:|1700704279\n|switch|p1a: Silly-Side Up|Chansey, F|100\/100\n|move|p2a: Aegislash|Shadow Sneak|p1a: Silly-Side Up\n|-immune|p1a: Silly-Side Up\n|\n|upkeep\n|turn|10\n|\n|t:|1700704286\n|switch|p1a: Prince of Darkness|Yveltal|100\/100\n|-ability|p1a: Prince of Darkness|Dark Aura\n|move|p2a: Aegislash|Sacred Sword|p1a: Prince of Darkness\n|-damage|p1a: Prince of Darkness|67\/100\n|\n|upkeep\n|turn|11\n|\n|t:|1700704303\n|move|p1a: Prince of Darkness|Taunt|p2a: Aegislash\n|-start|p2a: Aegislash|move: Taunt\n|move|p2a: Aegislash|Sacred Sword|p1a: Prince of Darkness\n|-damage|p1a: Prince of Darkness|37\/100\n|\n|upkeep\n|turn|12\n|\n|t:|1700704317\n|switch|p2a: Hydreigon|Hydreigon, M|100\/100\n|move|p1a: Prince of Darkness|Knock Off|p2a: Hydreigon\n|-resisted|p2a: Hydreigon\n|-damage|p2a: Hydreigon|57\/100\n|-enditem|p2a: Hydreigon|Choice Specs|[from] move: Knock Off|[of] p1a: Prince of Darkness\n|\n|upkeep\n|turn|13\n|\n|t:|1700704326\n|switch|p1a: Silly-Side Up|Chansey, F|100\/100\n|move|p2a: Hydreigon|Dragon Pulse|p1a: Silly-Side Up\n|-damage|p1a: Silly-Side Up|86\/100\n|\n|upkeep\n|turn|14\n|\n|t:|1700704335\n|switch|p2a: Aegislash|Aegislash, F|100\/100\n|move|p1a: Silly-Side Up|Wish|p1a: Silly-Side Up\n|\n|upkeep\n|turn|15\n|\n|t:|1700704347\n|switch|p1a: Prince of Darkness|Yveltal|37\/100\n|-ability|p1a: Prince of Darkness|Dark Aura\n|-formechange|p2a: Aegislash|Aegislash-Blade||[from] ability: Stance Change\n|move|p2a: Aegislash|Sacred Sword|p1a: Prince of Darkness\n|-damage|p1a: Prince of Darkness|4\/100\n|\n|-heal|p1a: Prince of Darkness|89\/100|[from] move: Wish|[wisher] Silly-Side Up\n|upkeep\n|turn|16\n|\n|t:|1700704358\n|move|p1a: Prince of Darkness|Knock Off|p2a: Aegislash\n|-supereffective|p2a: Aegislash\n|-damage|p2a: Aegislash|0 fnt\n|-enditem|p2a: Aegislash|Weakness Policy|[from] move: Knock Off|[of] p1a: Prince of Darkness\n|faint|p2a: Aegislash\n|\n|upkeep\n|\n|t:|1700704369\n|switch|p2a: Snorlax|Snorlax, F|78\/100\n|turn|17\n|\n|t:|1700704372\n|move|p1a: Prince of Darkness|Knock Off|p2a: Snorlax\n|-damage|p2a: Snorlax|14\/100\n|-enditem|p2a: Snorlax|Leftovers|[from] move: Knock Off|[of] p1a: Prince of Darkness\n|move|p2a: Snorlax|Toxic|p1a: Prince of Darkness\n|-status|p1a: Prince of Darkness|tox\n|\n|-damage|p1a: Prince of Darkness|82\/100 tox|[from] psn\n|upkeep\n|turn|18\n|\n|t:|1700704382\n|switch|p2a: Hydreigon|Hydreigon, M|57\/100\n|move|p1a: Prince of Darkness|Knock Off|p2a: Hydreigon\n|-resisted|p2a: Hydreigon\n|-crit|p2a: Hydreigon\n|-damage|p2a: Hydreigon|12\/100\n|\n|-damage|p1a: Prince of Darkness|70\/100 tox|[from] psn\n|upkeep\n|turn|19\n|\n|t:|1700704392\n|switch|p1a: Silly-Side Up|Chansey, F|86\/100\n|move|p2a: Hydreigon|Dark Pulse|p1a: Silly-Side Up\n|-crit|p1a: Silly-Side Up\n|-damage|p1a: Silly-Side Up|66\/100\n|\n|upkeep\n|turn|20\n|\n|t:|1700704399\n|move|p2a: Hydreigon|Dark Pulse|p1a: Silly-Side Up\n|-damage|p1a: Silly-Side Up|53\/100\n|move|p1a: Silly-Side Up|Wish|p1a: Silly-Side Up\n|\n|upkeep\n|turn|21\n|\n|t:|1700704406\n|switch|p1a: Koraidon at home|Lucario-Mega, F, shiny|2\/100\n|move|p2a: Hydreigon|Dark Pulse|p1a: Koraidon at home\n|-resisted|p1a: Koraidon at home\n|-damage|p1a: Koraidon at home|0 fnt\n|faint|p1a: Koraidon at home\n|\n|upkeep\n|\n|t:|1700704407\n|switch|p1a: Silly-Side Up|Chansey, F|53\/100\n|turn|22\n|\n|t:|1700704414\n|move|p2a: Hydreigon|Dark Pulse|p1a: Silly-Side Up\n|-damage|p1a: Silly-Side Up|40\/100\n|move|p1a: Silly-Side Up|Soft-Boiled|p1a: Silly-Side Up\n|-heal|p1a: Silly-Side Up|90\/100\n|\n|upkeep\n|turn|23\n|\n|t:|1700704420\n|move|p2a: Hydreigon|Dark Pulse|p1a: Silly-Side Up\n|-damage|p1a: Silly-Side Up|76\/100\n|move|p1a: Silly-Side Up|Seismic Toss|p2a: Hydreigon\n|-damage|p2a: Hydreigon|0 fnt\n|faint|p2a: Hydreigon\n|\n|upkeep\n|\n|t:|1700704431\n|switch|p2a: Electivire|Electivire, M|100\/100\n|turn|24\n|\n|t:|1700704437\n|switch|p1a: ME CRUN|Groudon, shiny|100\/100\n|detailschange|p1a: ME CRUN|Groudon-Primal, shiny\n|-primal|p1a: ME CRUN|Red Orb\n|-weather|DesolateLand|[from] ability: Desolate Land|[of] p1a: ME CRUN\n|move|p2a: Electivire|Ice Punch|p1a: ME CRUN\n|-damage|p1a: ME CRUN|90\/100\n|\n|-weather|DesolateLand|[upkeep]\n|upkeep\n|turn|25\n|\n|t:|1700704451\n|move|p2a: Electivire|Earthquake|p1a: ME CRUN\n|-supereffective|p1a: ME CRUN\n|-damage|p1a: ME CRUN|63\/100\n|move|p1a: ME CRUN|Earthquake|p2a: Electivire\n|-supereffective|p2a: Electivire\n|-damage|p2a: Electivire|0 fnt\n|faint|p2a: Electivire\n|\n|-weather|DesolateLand|[upkeep]\n|upkeep\n|\n|t:|1700704459\n|switch|p2a: Blastoise|Blastoise, F|100\/100\n|turn|26\n|\n|t:|1700704466\n|detailschange|p2a: Blastoise|Blastoise-Mega, F\n|-mega|p2a: Blastoise|Blastoise|Blastoisinite\n|move|p2a: Blastoise|Dragon Pulse|p1a: ME CRUN\n|-damage|p1a: ME CRUN|15\/100\n|move|p1a: ME CRUN|Roar|p2a: Blastoise\n|drag|p2a: Snorlax|Snorlax, F|14\/100\n|\n|-weather|DesolateLand|[upkeep]\n|upkeep\n|turn|27\n|\n|t:|1700704475\n|move|p1a: ME CRUN|Lava Plume|p2a: Snorlax\n|-damage|p2a: Snorlax|0 fnt\n|faint|p2a: Snorlax\n|\n|-weather|DesolateLand|[upkeep]\n|upkeep\n|\n|t:|1700704481\n|switch|p2a: Blastoise|Blastoise-Mega, F|100\/100\n|turn|28\n|\n|t:|1700704485\n|-weather|none\n|switch|p1a: The Biggest Bird|Ho-Oh|100\/100\n|move|p2a: Blastoise|Shell Smash|p2a: Blastoise\n|-unboost|p2a: Blastoise|def|1\n|-unboost|p2a: Blastoise|spd|1\n|-boost|p2a: Blastoise|atk|2\n|-boost|p2a: Blastoise|spa|2\n|-boost|p2a: Blastoise|spe|2\n|\n|upkeep\n|turn|29\n|\n|t:|1700704495\n|move|p2a: Blastoise|Water Pulse|p1a: The Biggest Bird\n|-supereffective|p1a: The Biggest Bird\n|-damage|p1a: The Biggest Bird|1\/100\n|move|p1a: The Biggest Bird|Toxic|p2a: Blastoise\n|-status|p2a: Blastoise|tox\n|\n|-damage|p2a: Blastoise|94\/100 tox|[from] psn\n|upkeep\n|turn|30\n|\n|t:|1700704503\n|switch|p1a: ME CRUN|Groudon-Primal, shiny|15\/100\n|-weather|DesolateLand|[from] ability: Desolate Land|[of] p1a: ME CRUN\n|move|p2a: Blastoise|Water Pulse||[still]\n|-fail|p2a: Blastoise|Water Pulse|[from] Desolate Land\n|\n|-weather|DesolateLand|[upkeep]\n|-damage|p2a: Blastoise|82\/100 tox|[from] psn\n|upkeep\n|turn|31\n|\n|t:|1700704515\n|move|p2a: Blastoise|Dragon Pulse|p1a: ME CRUN\n|-damage|p1a: ME CRUN|0 fnt\n|faint|p1a: ME CRUN\n|-weather|none\n|\n|-damage|p2a: Blastoise|64\/100 tox|[from] psn\n|upkeep\n|\n|t:|1700704516\n|switch|p1a: The Biggest Bird|Ho-Oh|34\/100\n|turn|32\n|\n|t:|1700704523\n|switch|p1a: Silly-Side Up|Chansey, F|76\/100\n|move|p2a: Blastoise|Dragon Pulse|p1a: Silly-Side Up\n|-damage|p1a: Silly-Side Up|44\/100\n|\n|-damage|p2a: Blastoise|40\/100 tox|[from] psn\n|upkeep\n|turn|33\n|\n|t:|1700704533\n|move|p2a: Blastoise|Aura Sphere|p1a: Silly-Side Up\n|-supereffective|p1a: Silly-Side Up\n|-damage|p1a: Silly-Side Up|0 fnt\n|faint|p1a: Silly-Side Up\n|\n|-damage|p2a: Blastoise|9\/100 tox|[from] psn\n|upkeep\n|\n|t:|1700704534\n|switch|p1a: The Biggest Bird|Ho-Oh|67\/100\n|turn|34\n|\n|t:|1700704540\n|switch|p1a: Prince of Darkness|Yveltal|70\/100 tox\n|-ability|p1a: Prince of Darkness|Dark Aura\n|move|p2a: Blastoise|Water Pulse|p1a: Prince of Darkness\n|-damage|p1a: Prince of Darkness|0 fnt\n|faint|p1a: Prince of Darkness\n|\n|-damage|p2a: Blastoise|0 fnt|[from] psn\n|faint|p2a: Blastoise\n|\n|win|goonzone \u269d\u5f61\n|upkeep\n|raw|goonzone \u269d\u5f61's rating: 1135 &rarr; <strong>1167<\/strong><br \/>(+32 for winning)\n|raw|Hydrospace's rating: 1234 &rarr; <strong>1202<\/strong><br \/>(-32 for losing)\n","uploadtime":1700704549,"views":3,"p1id":"goonzone","p2id":"hydrospace","formatid":"gen9nationaldexubers","rating":1167,"private":0,"password":""}