{"id":"gen9nationaldexubers-1994416405","p1":"skfdv","p2":"Kaden.woodard","format":"[Gen 9] National Dex Ubers","log":"|j|\u2606skfdv\n|j|\u2606Kaden.woodard\n|t:|1700441480\n|gametype|singles\n|player|p1|skfdv|1|1046\n|player|p2|Kaden.woodard|169|1205\n|teamsize|p1|6\n|teamsize|p2|6\n|gen|9\n|tier|[Gen 9] National Dex Ubers\n|rated|\n|rule|HP Percentage Mod: HP is shown in percentages\n|rule|Endless Battle Clause: Forcing endless battles is banned\n|rule|OHKO Clause: OHKO moves are banned\n|rule|Evasion Moves Clause: Evasion moves are banned\n|rule|Evasion Items Clause: Evasion items are banned\n|rule|Species Clause: Limit one of each Pok\u00e9mon\n|rule|Sleep Clause Mod: Limit one foe put to sleep\n|rule|Mega Rayquaza Clause: You cannot mega evolve Rayquaza\n|clearpoke\n|poke|p1|Slowking, F|\n|poke|p1|Ursaluna-Bloodmoon, M|\n|poke|p1|Melmetal|\n|poke|p1|Calyrex-Ice|\n|poke|p1|Magearna|\n|poke|p1|Iron Bundle|\n|poke|p2|Pheromosa|\n|poke|p2|Eternatus|\n|poke|p2|Zacian-*|\n|poke|p2|Lugia|\n|poke|p2|Latios, M|\n|poke|p2|Ho-Oh|\n|teampreview\n|\n|t:|1700441487\n|start\n|switch|p1a: Magearna|Magearna|100\/100\n|switch|p2a: Pheromosa|Pheromosa, shiny|100\/100\n|turn|1\n|\n|t:|1700441494\n|move|p2a: Pheromosa|Drill Run|p1a: Magearna\n|-supereffective|p1a: Magearna\n|-damage|p1a: Magearna|69\/100\n|move|p1a: Magearna|Spikes|p2a: Pheromosa\n|-sidestart|p2: Kaden.woodard|Spikes\n|\n|upkeep\n|turn|2\n|\n|t:|1700441499\n|move|p2a: Pheromosa|Drill Run|p1a: Magearna\n|-supereffective|p1a: Magearna\n|-damage|p1a: Magearna|38\/100\n|move|p1a: Magearna|Trick Room|p1a: Magearna\n|-fieldstart|move: Trick Room|[of] p1a: Magearna\n|\n|upkeep\n|turn|3\n|\n|t:|1700441510\n|switch|p2a: Lugia|Lugia|100\/100\n|move|p1a: Magearna|Fleur Cannon|p2a: Lugia\n|-damage|p2a: Lugia|85\/100\n|-unboost|p1a: Magearna|spa|2\n|-enditem|p1a: Magearna|Eject Pack\n|\n|t:|1700441517\n|switch|p1a: Calyrex|Calyrex-Ice|100\/100\n|-ability|p1a: Calyrex|As One\n|-ability|p1a: Calyrex|Unnerve\n|\n|upkeep\n|turn|4\n|\n|t:|1700441524\n|-terastallize|p1a: Calyrex|Electric\n|move|p1a: Calyrex|Tera Blast|p2a: Lugia|[anim] Tera Blast Electric\n|-supereffective|p2a: Lugia\n|-damage|p2a: Lugia|16\/100\n|move|p2a: Lugia|Future Sight|p1a: Calyrex\n|-start|p2a: Lugia|move: Future Sight\n|\n|upkeep\n|turn|5\n|\n|t:|1700441534\n|switch|p2a: Eternatus|Eternatus|100\/100\n|-damage|p2a: Eternatus|88\/100|[from] Spikes\n|-ability|p2a: Eternatus|Pressure\n|move|p1a: Calyrex|Tera Blast|p2a: Eternatus|[anim] Tera Blast Electric\n|-resisted|p2a: Eternatus\n|-damage|p2a: Eternatus|69\/100\n|\n|upkeep\n|turn|6\n|\n|t:|1700441542\n|move|p1a: Calyrex|Glacial Lance|p2a: Eternatus\n|-supereffective|p2a: Eternatus\n|-damage|p2a: Eternatus|0 fnt\n|faint|p2a: Eternatus\n|-ability|p1a: Calyrex|Chilling Neigh|boost\n|-boost|p1a: Calyrex|atk|1\n|\n|-end|p1a: Calyrex|move: Future Sight\n|-damage|p1a: Calyrex|71\/100\n|-fieldend|move: Trick Room\n|upkeep\n|\n|t:|1700441552\n|switch|p2a: Zacian|Zacian-Crowned, shiny|100\/100\n|-damage|p2a: Zacian|88\/100|[from] Spikes\n|-ability|p2a: Zacian|Intrepid Sword|boost\n|-boost|p2a: Zacian|atk|1\n|turn|7\n|\n|t:|1700441558\n|move|p2a: Zacian|Behemoth Blade|p1a: Calyrex\n|-resisted|p1a: Calyrex\n|-damage|p1a: Calyrex|40\/100\n|move|p1a: Calyrex|Trick Room|p1a: Calyrex\n|-fieldstart|move: Trick Room|[of] p1a: Calyrex\n|\n|upkeep\n|turn|8\n|\n|t:|1700441572\n|move|p1a: Calyrex|High Horsepower|p2a: Zacian\n|-supereffective|p2a: Zacian\n|-damage|p2a: Zacian|0 fnt\n|faint|p2a: Zacian\n|-ability|p1a: Calyrex|Chilling Neigh|boost\n|-boost|p1a: Calyrex|atk|1\n|\n|upkeep\n|\n|t:|1700441576\n|switch|p2a: Ho-Oh|Ho-Oh, shiny|100\/100\n|turn|9\n|\n|t:|1700441583\n|move|p1a: Calyrex|Glacial Lance|p2a: Ho-Oh\n|-damage|p2a: Ho-Oh|0 fnt\n|faint|p2a: Ho-Oh\n|-ability|p1a: Calyrex|Chilling Neigh|boost\n|-boost|p1a: Calyrex|atk|1\n|\n|upkeep\n|\n|t:|1700441589\n|switch|p2a: Latios|Latios, M|100\/100\n|turn|10\n|\n|t:|1700441593\n|detailschange|p2a: Latios|Latios-Mega, M\n|-mega|p2a: Latios|Latios|Latiosite\n|move|p1a: Calyrex|Glacial Lance|p2a: Latios\n|-supereffective|p2a: Latios\n|-damage|p2a: Latios|0 fnt\n|faint|p2a: Latios\n|-ability|p1a: Calyrex|Chilling Neigh|boost\n|-boost|p1a: Calyrex|atk|1\n|\n|upkeep\n|\n|t:|1700441601\n|switch|p2a: Pheromosa|Pheromosa, shiny|100\/100\n|-damage|p2a: Pheromosa|88\/100|[from] Spikes\n|turn|11\n|\n|t:|1700441608\n|move|p1a: Calyrex|Glacial Lance|p2a: Pheromosa\n|-damage|p2a: Pheromosa|0 fnt\n|faint|p2a: Pheromosa\n|-ability|p1a: Calyrex|Chilling Neigh|boost\n|-boost|p1a: Calyrex|atk|1\n|\n|-fieldend|move: Trick Room\n|upkeep\n|\n|t:|1700441613\n|switch|p2a: Lugia|Lugia|16\/100\n|turn|12\n|c|\u2606Kaden.woodard|Gg\n|c|\u2606skfdv|gg\n|inactive|Battle timer is ON: inactive players will automatically lose when time's up. (requested by skfdv)\n|inactive|Kaden.woodard has 120 seconds left.\n|inactive|Kaden.woodard has 90 seconds left.\n|inactive|Kaden.woodard has 60 seconds left.\n|inactive|Kaden.woodard has 30 seconds left.\n|inactive|Kaden.woodard has 20 seconds left.\n|inactive|Kaden.woodard has 15 seconds left.\n|inactive|Kaden.woodard has 10 seconds left.\n|inactive|Kaden.woodard has 5 seconds left.\n|-message|Kaden.woodard lost due to inactivity.\n|\n|win|skfdv\n|raw|skfdv's rating: 1046 &rarr; <strong>1095<\/strong><br \/>(+49 for winning)\n|raw|Kaden.woodard's rating: 1227 &rarr; <strong>1190<\/strong><br \/>(-37 for losing)\n","uploadtime":1700441801,"views":3,"p1id":"skfdv","p2id":"kadenwoodard","formatid":"gen9nationaldexubers","rating":1095,"private":0,"password":""}