{"id":"gen9nationaldexubers-1990898173","p1":"C0ld as Ice","p2":"85792195wwww","format":"[Gen 9] National Dex Ubers","log":"|j|\u2606C0ld as Ice\n|j|\u260685792195wwww\n|t:|1700012753\n|gametype|singles\n|player|p1|C0ld as Ice|101|1785\n|player|p2|85792195wwww|mira|1726\n|teamsize|p1|6\n|teamsize|p2|6\n|gen|9\n|tier|[Gen 9] National Dex Ubers\n|rated|\n|rule|HP Percentage Mod: HP is shown in percentages\n|rule|Endless Battle Clause: Forcing endless battles is banned\n|rule|OHKO Clause: OHKO moves are banned\n|rule|Evasion Moves Clause: Evasion moves are banned\n|rule|Evasion Items Clause: Evasion items are banned\n|rule|Species Clause: Limit one of each Pok\u00e9mon\n|rule|Sleep Clause Mod: Limit one foe put to sleep\n|rule|Mega Rayquaza Clause: You cannot mega evolve Rayquaza\n|clearpoke\n|poke|p1|Chien-Pao|\n|poke|p1|Necrozma-Dusk-Mane|\n|poke|p1|Ho-Oh|\n|poke|p1|Groudon, L99|\n|poke|p1|Arceus-Water|\n|poke|p1|Yveltal|\n|poke|p2|Xerneas-*|\n|poke|p2|Deoxys-Speed|\n|poke|p2|Zacian-*|\n|poke|p2|Arceus|\n|poke|p2|Groudon|\n|poke|p2|Zekrom|\n|teampreview\n|inactive|Battle timer is ON: inactive players will automatically lose when time's up. (requested by C0ld as Ice)\n|inactive|C0ld as Ice has 120 seconds left.\n|inactive|C0ld as Ice has 90 seconds left.\n|inactive|C0ld as Ice has 60 seconds left.\n|inactive|C0ld as Ice has 30 seconds left.\n|inactive|C0ld as Ice has 20 seconds left.\n|inactive|C0ld as Ice has 15 seconds left.\n|\n|t:|1700012890\n|start\n|switch|p1a: Groudon|Groudon, L99, shiny|100\/100\n|switch|p2a: Deoxys|Deoxys-Speed|100\/100\n|-ability|p2a: Deoxys|Pressure\n|detailschange|p1a: Groudon|Groudon-Primal, L99, shiny\n|-primal|p1a: Groudon|Red Orb\n|-weather|DesolateLand|[from] ability: Desolate Land|[of] p1a: Groudon\n|turn|1\n|\n|t:|1700012901\n|move|p2a: Deoxys|Stealth Rock|p1a: Groudon\n|-sidestart|p1: C0ld as Ice|move: Stealth Rock\n|move|p1a: Groudon|Dragon Tail|p2a: Deoxys\n|-damage|p2a: Deoxys|80\/100\n|-damage|p1a: Groudon|84\/100|[from] item: Rocky Helmet|[of] p2a: Deoxys\n|drag|p2a: Arceus|Arceus|100\/100\n|\n|-weather|DesolateLand|[upkeep]\n|upkeep\n|turn|2\n|inactive|C0ld as Ice has 90 seconds left.\n|\n|t:|1700012916\n|move|p2a: Arceus|Swords Dance|p2a: Arceus\n|-boost|p2a: Arceus|atk|2\n|move|p1a: Groudon|Spikes|p2a: Arceus\n|-sidestart|p2: 85792195wwww|Spikes\n|\n|-weather|DesolateLand|[upkeep]\n|upkeep\n|turn|3\n|\n|t:|1700012923\n|-weather|none\n|switch|p1a: Yveltal|Yveltal, shiny|100\/100\n|-ability|p1a: Yveltal|Dark Aura\n|move|p2a: Arceus|Earthquake|p1a: Yveltal\n|-immune|p1a: Yveltal\n|\n|upkeep\n|turn|4\n|\n|t:|1700012934\n|switch|p2a: Deoxys|Deoxys-Speed|80\/100\n|-damage|p2a: Deoxys|68\/100|[from] Spikes\n|-ability|p2a: Deoxys|Pressure\n|move|p1a: Yveltal|Foul Play|p2a: Deoxys\n|-supereffective|p2a: Deoxys\n|-damage|p2a: Deoxys|5\/100\n|-damage|p1a: Yveltal|84\/100|[from] item: Rocky Helmet|[of] p2a: Deoxys\n|\n|upkeep\n|turn|5\n|\n|t:|1700012944\n|move|p2a: Deoxys|Thunder Wave|p1a: Yveltal\n|-status|p1a: Yveltal|par\n|move|p1a: Yveltal|Defog|p2a: Deoxys\n|-unboost|p2a: Deoxys|evasion|1\n|-sideend|p2: 85792195wwww|Spikes|[from] move: Defog|[of] p1a: Yveltal\n|-sideend|p1: C0ld as Ice|Stealth Rock|[from] move: Defog|[of] p1a: Yveltal\n|\n|upkeep\n|turn|6\n|\n|t:|1700012952\n|move|p2a: Deoxys|Stealth Rock|p1a: Yveltal\n|-sidestart|p1: C0ld as Ice|move: Stealth Rock\n|move|p1a: Yveltal|U-turn|p2a: Deoxys\n|-supereffective|p2a: Deoxys\n|-damage|p2a: Deoxys|0 fnt\n|-damage|p1a: Yveltal|68\/100 par|[from] item: Rocky Helmet|[of] p2a: Deoxys\n|faint|p2a: Deoxys\n|\n|t:|1700012971\n|switch|p1a: Arceus|Arceus-Water|100\/100|[from] U-turn\n|-damage|p1a: Arceus|88\/100|[from] Stealth Rock\n|\n|upkeep\n|\n|t:|1700012981\n|switch|p2a: Zacian|Zacian-Crowned|100\/100\n|-ability|p2a: Zacian|Intrepid Sword|boost\n|-boost|p2a: Zacian|atk|1\n|turn|7\n|\n|t:|1700012988\n|switch|p1a: Groudon|Groudon-Primal, L99, shiny|84\/100\n|-damage|p1a: Groudon|72\/100|[from] Stealth Rock\n|-weather|DesolateLand|[from] ability: Desolate Land|[of] p1a: Groudon\n|move|p2a: Zacian|Swords Dance|p2a: Zacian\n|-boost|p2a: Zacian|atk|2\n|\n|-weather|DesolateLand|[upkeep]\n|upkeep\n|turn|8\n|\n|t:|1700012998\n|-weather|none\n|switch|p1a: Yveltal|Yveltal, shiny|68\/100 par\n|-ability|p1a: Yveltal|Dark Aura\n|-terastallize|p2a: Zacian|Ground\n|move|p2a: Zacian|Tera Blast|p1a: Yveltal|[anim] Tera Blast Ground\n|-immune|p1a: Yveltal\n|\n|upkeep\n|turn|9\n|\n|t:|1700013008\n|-terastallize|p1a: Yveltal|Fire\n|move|p2a: Zacian|Behemoth Blade|p1a: Yveltal\n|-resisted|p1a: Yveltal\n|-damage|p1a: Yveltal|19\/100 par\n|move|p1a: Yveltal|Foul Play|p2a: Zacian\n|-damage|p2a: Zacian|0 fnt\n|faint|p2a: Zacian\n|\n|upkeep\n|\n|t:|1700013019\n|switch|p2a: Zekrom|Zekrom|100\/100\n|-ability|p2a: Zekrom|Teravolt\n|turn|10\n|\n|t:|1700013024\n|move|p2a: Zekrom|Substitute|p2a: Zekrom\n|-start|p2a: Zekrom|Substitute\n|-damage|p2a: Zekrom|76\/100\n|move|p1a: Yveltal|Foul Play|p2a: Zekrom\n|-end|p2a: Zekrom|Substitute\n|\n|upkeep\n|turn|11\n|\n|t:|1700013031\n|move|p2a: Zekrom|Substitute|p2a: Zekrom\n|-start|p2a: Zekrom|Substitute\n|-damage|p2a: Zekrom|51\/100\n|cant|p1a: Yveltal|par\n|\n|upkeep\n|turn|12\n|\n|t:|1700013037\n|move|p2a: Zekrom|Dragon Dance|p2a: Zekrom\n|-boost|p2a: Zekrom|atk|1\n|-boost|p2a: Zekrom|spe|1\n|move|p1a: Yveltal|Foul Play|p2a: Zekrom\n|-end|p2a: Zekrom|Substitute\n|\n|upkeep\n|turn|13\n|\n|t:|1700013045\n|move|p2a: Zekrom|Bolt Strike|p1a: Yveltal\n|-damage|p1a: Yveltal|0 fnt\n|faint|p1a: Yveltal\n|\n|upkeep\n|\n|t:|1700013047\n|switch|p1a: Chien-Pao|Chien-Pao|100\/100\n|-damage|p1a: Chien-Pao|76\/100|[from] Stealth Rock\n|-ability|p1a: Chien-Pao|Sword of Ruin\n|turn|14\n|\n|t:|1700013056\n|move|p1a: Chien-Pao|Ice Shard|p2a: Zekrom\n|-supereffective|p2a: Zekrom\n|-damage|p2a: Zekrom|0 fnt\n|faint|p2a: Zekrom\n|\n|upkeep\n|\n|t:|1700013068\n|switch|p2a: Arceus|Arceus|100\/100\n|turn|15\n|\n|t:|1700013082\n|switch|p1a: Groudon|Groudon-Primal, L99, shiny|72\/100\n|-damage|p1a: Groudon|59\/100|[from] Stealth Rock\n|-weather|DesolateLand|[from] ability: Desolate Land|[of] p1a: Groudon\n|move|p2a: Arceus|Swords Dance|p2a: Arceus\n|-boost|p2a: Arceus|atk|2\n|\n|-weather|DesolateLand|[upkeep]\n|upkeep\n|turn|16\n|\n|t:|1700013091\n|move|p2a: Arceus|Earthquake|p1a: Groudon\n|-supereffective|p1a: Groudon\n|-damage|p1a: Groudon|0 fnt\n|faint|p1a: Groudon\n|-weather|none\n|-damage|p2a: Arceus|91\/100|[from] item: Life Orb\n|\n|upkeep\n|-message|C0ld as Ice forfeited.\n|\n|win|85792195wwww\n|raw|C0ld as Ice's rating: 1785 &rarr; <strong>1762<\/strong><br \/>(-23 for losing)\n|raw|85792195wwww's rating: 1726 &rarr; <strong>1749<\/strong><br \/>(+23 for winning)\n|l|\u2606C0ld as Ice\n","uploadtime":1700013107,"views":7,"p1id":"c0ldasice","p2id":"85792195wwww","formatid":"gen9nationaldexubers","rating":1749,"private":0,"password":""}