{"id":"gen9nationaldexubers-1991779509","p1":"Fazykins","p2":"Fazy1","format":"[Gen 9] National Dex Ubers","log":"|j|\u2606Fazykins\n|j|\u2606Fazy1\n|t:|1700115827\n|gametype|singles\n|player|p1|Fazykins|2|\n|player|p2|Fazy1|2|\n|teamsize|p1|1\n|teamsize|p2|1\n|gen|9\n|tier|[Gen 9] National Dex Ubers\n|rule|HP Percentage Mod: HP is shown in percentages\n|rule|Endless Battle Clause: Forcing endless battles is banned\n|rule|OHKO Clause: OHKO moves are banned\n|rule|Evasion Moves Clause: Evasion moves are banned\n|rule|Evasion Items Clause: Evasion items are banned\n|rule|Species Clause: Limit one of each Pok\u00e9mon\n|rule|Sleep Clause Mod: Limit one foe put to sleep\n|rule|Mega Rayquaza Clause: You cannot mega evolve Rayquaza\n|clearpoke\n|poke|p1|Vulpix, M|\n|poke|p2|Quaquaval, M|\n|teampreview\n|\n|t:|1700115832\n|start\n|switch|p1a: Vulpix|Vulpix, M|100\/100\n|switch|p2a: Quaquaval|Quaquaval, M|100\/100\n|-weather|SunnyDay|[from] ability: Drought|[of] p1a: Vulpix\n|turn|1\n|\n|t:|1700115838\n|move|p2a: Quaquaval|Close Combat|p1a: Vulpix\n|-damage|p1a: Vulpix|43\/100\n|-unboost|p2a: Quaquaval|def|1\n|-unboost|p2a: Quaquaval|spd|1\n|move|p1a: Vulpix|Will-O-Wisp|p2a: Quaquaval\n|-status|p2a: Quaquaval|brn\n|\n|-weather|SunnyDay|[upkeep]\n|-damage|p2a: Quaquaval|94\/100 brn|[from] brn\n|upkeep\n|turn|2\n|\n|t:|1700115850\n|move|p1a: Vulpix|Protect|p1a: Vulpix\n|-singleturn|p1a: Vulpix|Protect\n|move|p2a: Quaquaval|Close Combat|p1a: Vulpix\n|-activate|p1a: Vulpix|move: Protect\n|\n|-weather|SunnyDay|[upkeep]\n|-damage|p2a: Quaquaval|88\/100 brn|[from] brn\n|upkeep\n|turn|3\n|\n|t:|1700115855\n|move|p2a: Quaquaval|Close Combat|p1a: Vulpix\n|-damage|p1a: Vulpix|15\/100\n|-unboost|p2a: Quaquaval|def|1\n|-unboost|p2a: Quaquaval|spd|1\n|move|p1a: Vulpix|Pain Split|p2a: Quaquaval\n|-sethp|p2a: Quaquaval|51\/100 brn|[from] move: Pain Split|[silent]\n|-sethp|p1a: Vulpix|57\/100|[from] move: Pain Split\n|\n|-weather|SunnyDay|[upkeep]\n|-damage|p2a: Quaquaval|45\/100 brn|[from] brn\n|upkeep\n|turn|4\n|\n|t:|1700115867\n|move|p1a: Vulpix|Protect|p1a: Vulpix\n|-singleturn|p1a: Vulpix|Protect\n|move|p2a: Quaquaval|Close Combat|p1a: Vulpix\n|-activate|p1a: Vulpix|move: Protect\n|\n|-weather|SunnyDay|[upkeep]\n|-damage|p2a: Quaquaval|39\/100 brn|[from] brn\n|upkeep\n|turn|5\n|\n|t:|1700115877\n|move|p2a: Quaquaval|Close Combat|p1a: Vulpix\n|-damage|p1a: Vulpix|28\/100\n|-unboost|p2a: Quaquaval|def|1\n|-unboost|p2a: Quaquaval|spd|1\n|move|p1a: Vulpix|Energy Ball|p2a: Quaquaval\n|-supereffective|p2a: Quaquaval\n|-damage|p2a: Quaquaval|0 fnt\n|faint|p2a: Quaquaval\n|\n|win|Fazykins\n","uploadtime":1700115889,"views":9,"p1id":"fazykins","p2id":"fazy1","formatid":"gen9nationaldexubers","rating":0,"private":0,"password":""}