{"id":"gen9nationaldexubers-1989942742","p1":"Omega's Legion","p2":"Trainer Lore","format":"[Gen 9] National Dex Ubers","log":"|j|\u2606Omega's Legion\n|j|\u2606Trainer Lore\n|t:|1699908774\n|gametype|singles\n|player|p1|Omega's Legion|lucas|\n|player|p2|Trainer Lore|102|\n|teamsize|p1|6\n|teamsize|p2|6\n|gen|9\n|tier|[Gen 9] National Dex Ubers\n|rule|HP Percentage Mod: HP is shown in percentages\n|rule|Endless Battle Clause: Forcing endless battles is banned\n|rule|OHKO Clause: OHKO moves are banned\n|rule|Evasion Moves Clause: Evasion moves are banned\n|rule|Evasion Items Clause: Evasion items are banned\n|rule|Species Clause: Limit one of each Pok\u00e9mon\n|rule|Sleep Clause Mod: Limit one foe put to sleep\n|rule|Mega Rayquaza Clause: You cannot mega evolve Rayquaza\n|clearpoke\n|poke|p1|Ninetales, M|\n|poke|p1|Cinderace, F|\n|poke|p1|Charizard, F|\n|poke|p1|Skeledirge, M|\n|poke|p1|Arcanine-Hisui, M|\n|poke|p1|Darmanitan, F|\n|poke|p2|Roaring Moon|\n|poke|p2|Kingambit, F|\n|poke|p2|Greninja-*, M|\n|poke|p2|Tyranitar, M|\n|poke|p2|Meowscarada, M|\n|poke|p2|Grimmsnarl, M|\n|teampreview\n|inactive|Battle timer is ON: inactive players will automatically lose when time's up. (requested by Trainer Lore)\n|\n|t:|1699908787\n|start\n|switch|p1a: Ninetales|Ninetales, M|100\/100\n|switch|p2a: Grimmsnarl|Grimmsnarl, M|100\/100\n|-weather|SunnyDay|[from] ability: Drought|[of] p1a: Ninetales\n|turn|1\n|\n|t:|1699908798\n|move|p2a: Grimmsnarl|Light Screen|p2a: Grimmsnarl\n|-sidestart|p2: Trainer Lore|move: Light Screen\n|move|p1a: Ninetales|Hypnosis|p2a: Grimmsnarl\n|-status|p2a: Grimmsnarl|slp|[from] move: Hypnosis\n|\n|-weather|SunnyDay|[upkeep]\n|upkeep\n|turn|2\n|\n|t:|1699908806\n|cant|p2a: Grimmsnarl|slp\n|move|p1a: Ninetales|Flamethrower|p2a: Grimmsnarl\n|-damage|p2a: Grimmsnarl|76\/100 slp\n|-damage|p1a: Ninetales|91\/100|[from] item: Life Orb\n|\n|-weather|SunnyDay|[upkeep]\n|upkeep\n|turn|3\n|\n|t:|1699908817\n|cant|p2a: Grimmsnarl|slp\n|move|p1a: Ninetales|Flamethrower|p2a: Grimmsnarl\n|-damage|p2a: Grimmsnarl|50\/100 slp\n|-damage|p1a: Ninetales|81\/100|[from] item: Life Orb\n|\n|-weather|SunnyDay|[upkeep]\n|upkeep\n|turn|4\n|\n|t:|1699908825\n|-curestatus|p2a: Grimmsnarl|slp|[msg]\n|move|p2a: Grimmsnarl|Reflect|p2a: Grimmsnarl\n|-sidestart|p2: Trainer Lore|Reflect\n|move|p1a: Ninetales|Flamethrower|p2a: Grimmsnarl\n|-damage|p2a: Grimmsnarl|26\/100\n|-damage|p1a: Ninetales|71\/100|[from] item: Life Orb\n|\n|-weather|SunnyDay|[upkeep]\n|upkeep\n|turn|5\n|\n|t:|1699908834\n|move|p2a: Grimmsnarl|Taunt|p1a: Ninetales\n|-start|p1a: Ninetales|move: Taunt\n|move|p1a: Ninetales|Flamethrower|p2a: Grimmsnarl\n|-crit|p2a: Grimmsnarl\n|-damage|p2a: Grimmsnarl|0 fnt\n|faint|p2a: Grimmsnarl\n|-damage|p1a: Ninetales|61\/100|[from] item: Life Orb\n|\n|-weather|none\n|upkeep\n|\n|t:|1699908842\n|switch|p2a: Tyranitar|Tyranitar, M|100\/100\n|-weather|Sandstorm|[from] ability: Sand Stream|[of] p2a: Tyranitar\n|turn|6\n|\n|t:|1699908853\n|move|p1a: Ninetales|Flamethrower|p2a: Tyranitar\n|-resisted|p2a: Tyranitar\n|-damage|p2a: Tyranitar|94\/100\n|-damage|p1a: Ninetales|52\/100|[from] item: Life Orb\n|move|p2a: Tyranitar|Dragon Dance|p2a: Tyranitar\n|-boost|p2a: Tyranitar|atk|1\n|-boost|p2a: Tyranitar|spe|1\n|\n|-weather|Sandstorm|[upkeep]\n|-damage|p1a: Ninetales|46\/100|[from] Sandstorm\n|upkeep\n|turn|7\n|\n|t:|1699908864\n|move|p2a: Tyranitar|Dragon Dance|p2a: Tyranitar\n|-boost|p2a: Tyranitar|atk|1\n|-boost|p2a: Tyranitar|spe|1\n|move|p1a: Ninetales|Flamethrower|p2a: Tyranitar\n|-resisted|p2a: Tyranitar\n|-damage|p2a: Tyranitar|87\/100\n|-damage|p1a: Ninetales|36\/100|[from] item: Life Orb\n|\n|-weather|Sandstorm|[upkeep]\n|-damage|p1a: Ninetales|30\/100|[from] Sandstorm\n|-end|p1a: Ninetales|move: Taunt\n|upkeep\n|turn|8\n|\n|t:|1699908875\n|move|p2a: Tyranitar|Rock Blast|p1a: Ninetales\n|-supereffective|p1a: Ninetales\n|-damage|p1a: Ninetales|0 fnt\n|faint|p1a: Ninetales\n|-hitcount|p1: Ninetales|1\n|\n|-weather|Sandstorm|[upkeep]\n|-sideend|p2: Trainer Lore|move: Light Screen\n|upkeep\n|inactive|Omega's Legion has 270 seconds left.\n|\n|t:|1699908916\n|switch|p1a: Darmanitan|Darmanitan, F|100\/100\n|turn|9\n|\n|t:|1699908921\n|move|p2a: Tyranitar|Rock Blast|p1a: Darmanitan\n|-supereffective|p1a: Darmanitan\n|-damage|p1a: Darmanitan|12\/100\n|-supereffective|p1a: Darmanitan\n|-damage|p1a: Darmanitan|0 fnt\n|faint|p1a: Darmanitan\n|-hitcount|p1: Darmanitan|2\n|\n|-weather|Sandstorm|[upkeep]\n|upkeep\n|inactive|Omega's Legion has 270 seconds left.\n|\n|t:|1699908944\n|switch|p1a: Skeledirge|Skeledirge, M|100\/100\n|turn|10\n|\n|t:|1699908948\n|-terastallize|p1a: Skeledirge|Fairy\n|move|p2a: Tyranitar|Rock Blast|p1a: Skeledirge\n|-damage|p1a: Skeledirge|89\/100\n|-damage|p1a: Skeledirge|78\/100\n|-damage|p1a: Skeledirge|67\/100\n|-damage|p1a: Skeledirge|56\/100\n|-damage|p1a: Skeledirge|45\/100\n|-hitcount|p1a: Skeledirge|5\n|move|p1a: Skeledirge|Tera Blast|p2a: Tyranitar|[anim] Tera Blast Fairy\n|-supereffective|p2a: Tyranitar\n|-damage|p2a: Tyranitar|31\/100\n|\n|-weather|none\n|upkeep\n|turn|11\n|inactive|Omega's Legion has 270 seconds left.\n|\n|t:|1699908966\n|move|p2a: Tyranitar|Rock Blast|p1a: Skeledirge\n|-damage|p1a: Skeledirge|34\/100\n|-damage|p1a: Skeledirge|23\/100\n|-damage|p1a: Skeledirge|13\/100\n|-damage|p1a: Skeledirge|2\/100\n|-hitcount|p1a: Skeledirge|4\n|move|p1a: Skeledirge|Tera Blast|p2a: Tyranitar|[anim] Tera Blast Fairy\n|-supereffective|p2a: Tyranitar\n|-damage|p2a: Tyranitar|0 fnt\n|faint|p2a: Tyranitar\n|\n|-sideend|p2: Trainer Lore|Reflect\n|upkeep\n|\n|t:|1699908980\n|switch|p2a: Greninja|Greninja, M|100\/100\n|turn|12\n|\n|t:|1699908988\n|move|p2a: Greninja|Dark Pulse|p1a: Skeledirge\n|-resisted|p1a: Skeledirge\n|-damage|p1a: Skeledirge|0 fnt\n|faint|p1a: Skeledirge\n|-ability|p2a: Greninja|Battle Bond|boost\n|-boost|p2a: Greninja|atk|1\n|-boost|p2a: Greninja|spa|1\n|-boost|p2a: Greninja|spe|1\n|-activate|p2a: Greninja|ability: Battle Bond\n|-damage|p2a: Greninja|91\/100|[from] item: Life Orb\n|\n|upkeep\n|inactive|Omega's Legion has 270 seconds left.\n|\n|t:|1699909023\n|switch|p1a: Charizard|Charizard, F|100\/100\n|turn|13\n|\n|t:|1699909037\n|detailschange|p1a: Charizard|Charizard-Mega-Y, F\n|-mega|p1a: Charizard|Charizard|Charizardite Y\n|-weather|SunnyDay|[from] ability: Drought|[of] p1a: Charizard\n|move|p2a: Greninja|Hydro Pump|p1a: Charizard\n|-supereffective|p1a: Charizard\n|-damage|p1a: Charizard|0 fnt\n|faint|p1a: Charizard\n|-damage|p2a: Greninja|81\/100|[from] item: Life Orb\n|\n|-weather|SunnyDay|[upkeep]\n|upkeep\n|\n|t:|1699909053\n|switch|p1a: Arcanine|Arcanine-Hisui, M|100\/100\n|turn|14\n|\n|t:|1699909057\n|move|p2a: Greninja|Hydro Pump|p1a: Arcanine\n|-supereffective|p1a: Arcanine\n|-damage|p1a: Arcanine|0 fnt\n|faint|p1a: Arcanine\n|-damage|p2a: Greninja|71\/100|[from] item: Life Orb\n|\n|-weather|SunnyDay|[upkeep]\n|upkeep\n|\n|t:|1699909064\n|switch|p1a: Cinderace|Cinderace, F|100\/100\n|-item|p1a: Cinderace|Air Balloon\n|turn|15\n|\n|t:|1699909076\n|move|p2a: Greninja|Hydro Pump|p1a: Cinderace\n|-supereffective|p1a: Cinderace\n|-damage|p1a: Cinderace|0 fnt\n|-enditem|p1a: Cinderace|Air Balloon\n|faint|p1a: Cinderace\n|-damage|p2a: Greninja|61\/100|[from] item: Life Orb\n|\n|win|Trainer Lore\n","uploadtime":1699909087,"views":22,"p1id":"omegaslegion","p2id":"trainerlore","formatid":"gen9nationaldexubers","rating":0,"private":0,"password":""}