{"id":"gen9nationaldexubers-1998610454","p1":"ndou\u6389\u5206\u84dd\u67d0\u4fa0996","p2":"jjpatel23","format":"[Gen 9] National Dex Ubers","log":"|j|\u2606ndou\u6389\u5206\u84dd\u67d0\u4fa0996\n|j|\u2606jjpatel23\n|t:|1700962657\n|gametype|singles\n|player|p1|ndou\u6389\u5206\u84dd\u67d0\u4fa0996|hilbert|1181\n|player|p2|jjpatel23|steven|1296\n|teamsize|p1|6\n|teamsize|p2|6\n|gen|9\n|tier|[Gen 9] National Dex Ubers\n|rated|\n|rule|HP Percentage Mod: HP is shown in percentages\n|rule|Endless Battle Clause: Forcing endless battles is banned\n|rule|OHKO Clause: OHKO moves are banned\n|rule|Evasion Moves Clause: Evasion moves are banned\n|rule|Evasion Items Clause: Evasion items are banned\n|rule|Species Clause: Limit one of each Pok\u00e9mon\n|rule|Sleep Clause Mod: Limit one foe put to sleep\n|rule|Mega Rayquaza Clause: You cannot mega evolve Rayquaza\n|clearpoke\n|poke|p1|Dondozo, M|\n|poke|p1|Clodsire, M|\n|poke|p1|Skeledirge, F|\n|poke|p1|Dragonite, M|\n|poke|p1|Yveltal|\n|poke|p1|Blastoise, M|\n|poke|p2|Yveltal|\n|poke|p2|Eternatus|\n|poke|p2|Ditto|\n|poke|p2|Mewtwo|\n|poke|p2|Volcarona, M|\n|poke|p2|Xerneas-*|\n|teampreview\n|inactive|Battle timer is ON: inactive players will automatically lose when time's up. (requested by jjpatel23)\n|\n|t:|1700962669\n|start\n|switch|p1a: \u9f9f\u54aa|Blastoise, M, shiny|100\/100\n|switch|p2a: sparkles|Xerneas, shiny|100\/100\n|-ability|p2a: sparkles|Fairy Aura\n|turn|1\n|\n|t:|1700962679\n|detailschange|p1a: \u9f9f\u54aa|Blastoise-Mega, M, shiny\n|-mega|p1a: \u9f9f\u54aa|Blastoise|Blastoisinite\n|move|p1a: \u9f9f\u54aa|Shell Smash|p1a: \u9f9f\u54aa\n|-unboost|p1a: \u9f9f\u54aa|def|1\n|-unboost|p1a: \u9f9f\u54aa|spd|1\n|-boost|p1a: \u9f9f\u54aa|atk|2\n|-boost|p1a: \u9f9f\u54aa|spa|2\n|-boost|p1a: \u9f9f\u54aa|spe|2\n|move|p2a: sparkles|Geomancy||[still]\n|-prepare|p2a: sparkles|Geomancy\n|-enditem|p2a: sparkles|Power Herb\n|-anim|p2a: sparkles|Geomancy|p2a: sparkles\n|-boost|p2a: sparkles|spa|2\n|-boost|p2a: sparkles|spd|2\n|-boost|p2a: sparkles|spe|2\n|\n|upkeep\n|turn|2\n|\n|t:|1700962689\n|move|p1a: \u9f9f\u54aa|Shell Smash|p1a: \u9f9f\u54aa\n|-unboost|p1a: \u9f9f\u54aa|def|1\n|-unboost|p1a: \u9f9f\u54aa|spd|1\n|-boost|p1a: \u9f9f\u54aa|atk|2\n|-boost|p1a: \u9f9f\u54aa|spa|2\n|-boost|p1a: \u9f9f\u54aa|spe|2\n|move|p2a: sparkles|Thunderbolt|p1a: \u9f9f\u54aa\n|-supereffective|p1a: \u9f9f\u54aa\n|-damage|p1a: \u9f9f\u54aa|0 fnt\n|faint|p1a: \u9f9f\u54aa\n|\n|upkeep\n|\n|t:|1700962694\n|switch|p1a: \u7259?|Clodsire, M|100\/100\n|turn|3\n|\n|t:|1700962701\n|move|p2a: sparkles|Focus Blast|p1a: \u7259?\n|-resisted|p1a: \u7259?\n|-damage|p1a: \u7259?|88\/100\n|move|p1a: \u7259?|Stealth Rock|p2a: sparkles\n|-sidestart|p2: jjpatel23|move: Stealth Rock\n|\n|-heal|p1a: \u7259?|94\/100|[from] item: Leftovers\n|upkeep\n|turn|4\n|\n|t:|1700962709\n|move|p2a: sparkles|Moonblast|p1a: \u7259?\n|-resisted|p1a: \u7259?\n|-damage|p1a: \u7259?|74\/100\n|-unboost|p1a: \u7259?|spa|1\n|move|p1a: \u7259?|Amnesia|p1a: \u7259?\n|-boost|p1a: \u7259?|spd|2\n|\n|-heal|p1a: \u7259?|80\/100|[from] item: Leftovers\n|upkeep\n|turn|5\n|\n|t:|1700962719\n|switch|p2a: Mewtwo|Mewtwo, shiny|100\/100\n|-damage|p2a: Mewtwo|88\/100|[from] Stealth Rock\n|-ability|p2a: Mewtwo|Pressure\n|move|p1a: \u7259?|Earthquake|p2a: Mewtwo\n|-damage|p2a: Mewtwo|63\/100\n|\n|-heal|p1a: \u7259?|86\/100|[from] item: Leftovers\n|upkeep\n|turn|6\n|\n|t:|1700962730\n|switch|p1a: \u6211\u8981\u5403\u996d|Yveltal|100\/100\n|-ability|p1a: \u6211\u8981\u5403\u996d|Dark Aura\n|detailschange|p2a: Mewtwo|Mewtwo-Mega-Y, shiny\n|-mega|p2a: Mewtwo|Mewtwo|Mewtwonite Y\n|move|p2a: Mewtwo|Dark Pulse|p1a: \u6211\u8981\u5403\u996d\n|-resisted|p1a: \u6211\u8981\u5403\u996d\n|-damage|p1a: \u6211\u8981\u5403\u996d|83\/100\n|\n|upkeep\n|turn|7\n|\n|t:|1700962744\n|switch|p2a: sparkles|Xerneas, shiny|100\/100\n|-damage|p2a: sparkles|88\/100|[from] Stealth Rock\n|-ability|p2a: sparkles|Fairy Aura\n|move|p1a: \u6211\u8981\u5403\u996d|Sucker Punch||[still]\n|-fail|p1a: \u6211\u8981\u5403\u996d\n|\n|upkeep\n|turn|8\n|\n|t:|1700962771\n|switch|p1a: \u7259?|Clodsire, M|86\/100\n|switch|p2a: Mewtwo|Mewtwo-Mega-Y, shiny|63\/100\n|-damage|p2a: Mewtwo|50\/100|[from] Stealth Rock\n|\n|-heal|p1a: \u7259?|92\/100|[from] item: Leftovers\n|upkeep\n|turn|9\n|\n|t:|1700962780\n|switch|p2a: we'll all be dead|Yveltal, shiny|100\/100\n|-damage|p2a: we'll all be dead|76\/100|[from] Stealth Rock\n|-ability|p2a: we'll all be dead|Dark Aura\n|switch|p1a: \u6211\u8981\u5403\u996d|Yveltal|83\/100\n|-ability|p1a: \u6211\u8981\u5403\u996d|Dark Aura\n|\n|upkeep\n|turn|10\n|\n|t:|1700962788\n|move|p2a: we'll all be dead|Defog|p1a: \u6211\u8981\u5403\u996d\n|-unboost|p1a: \u6211\u8981\u5403\u996d|evasion|1\n|-sideend|p2: jjpatel23|Stealth Rock|[from] move: Defog|[of] p2a: we'll all be dead\n|move|p1a: \u6211\u8981\u5403\u996d|Dual Wingbeat|p2a: we'll all be dead\n|-damage|p2a: we'll all be dead|54\/100\n|-damage|p2a: we'll all be dead|35\/100\n|-hitcount|p2a: we'll all be dead|2\n|\n|upkeep\n|turn|11\n|\n|t:|1700962804\n|switch|p2a: Volcarona|Volcarona, M, shiny|100\/100\n|move|p1a: \u6211\u8981\u5403\u996d|Dual Wingbeat|p2a: Volcarona\n|-supereffective|p2a: Volcarona\n|-damage|p2a: Volcarona|58\/100\n|-status|p1a: \u6211\u8981\u5403\u996d|brn|[from] ability: Flame Body|[of] p2a: Volcarona\n|-supereffective|p2a: Volcarona\n|-damage|p2a: Volcarona|36\/100\n|-hitcount|p2a: Volcarona|2\n|\n|-damage|p1a: \u6211\u8981\u5403\u996d|77\/100 brn|[from] brn\n|upkeep\n|turn|12\n|\n|t:|1700962814\n|switch|p1a: \u80a5\u5927\u597d\u62f3|Dragonite, M|100\/100\n|move|p2a: Volcarona|Bug Buzz|p1a: \u80a5\u5927\u597d\u62f3\n|-resisted|p1a: \u80a5\u5927\u597d\u62f3\n|-damage|p1a: \u80a5\u5927\u597d\u62f3|93\/100\n|\n|upkeep\n|turn|13\n|\n|t:|1700962822\n|move|p2a: Volcarona|Flamethrower|p1a: \u80a5\u5927\u597d\u62f3\n|-resisted|p1a: \u80a5\u5927\u597d\u62f3\n|-damage|p1a: \u80a5\u5927\u597d\u62f3|79\/100\n|move|p1a: \u80a5\u5927\u597d\u62f3|Heal Bell|p1a: \u80a5\u5927\u597d\u62f3\n|-activate|p1a: \u80a5\u5927\u597d\u62f3|move: Heal Bell\n|-curestatus|p1: \u6211\u8981\u5403\u996d|brn|[msg]\n|\n|upkeep\n|turn|14\n|\n|t:|1700962830\n|move|p2a: Volcarona|Flamethrower|p1a: \u80a5\u5927\u597d\u62f3\n|-resisted|p1a: \u80a5\u5927\u597d\u62f3\n|-damage|p1a: \u80a5\u5927\u597d\u62f3|63\/100\n|move|p1a: \u80a5\u5927\u597d\u62f3|Thunder Wave|p2a: Volcarona\n|-status|p2a: Volcarona|par\n|\n|upkeep\n|turn|15\n|\n|t:|1700962837\n|move|p1a: \u80a5\u5927\u597d\u62f3|Roost|p1a: \u80a5\u5927\u597d\u62f3\n|-heal|p1a: \u80a5\u5927\u597d\u62f3|100\/100\n|-singleturn|p1a: \u80a5\u5927\u597d\u62f3|move: Roost\n|move|p2a: Volcarona|Flamethrower|p1a: \u80a5\u5927\u597d\u62f3\n|-resisted|p1a: \u80a5\u5927\u597d\u62f3\n|-damage|p1a: \u80a5\u5927\u597d\u62f3|92\/100\n|\n|upkeep\n|turn|16\n|\n|t:|1700962849\n|switch|p1a: \u7259?|Clodsire, M|92\/100\n|-zpower|p2a: Volcarona\n|move|p2a: Volcarona|Savage Spin-Out|p1a: \u7259?|[zeffect]\n|-resisted|p1a: \u7259?\n|-crit|p1a: \u7259?\n|-damage|p1a: \u7259?|62\/100\n|\n|-heal|p1a: \u7259?|68\/100|[from] item: Leftovers\n|upkeep\n|turn|17\n|-message|jjpatel23 forfeited.\n|\n|win|ndou\u6389\u5206\u84dd\u67d0\u4fa0996\n|raw|ndou\u6389\u5206\u84dd\u67d0\u4fa0996's rating: 1181 &rarr; <strong>1214<\/strong><br \/>(+33 for winning)\n|raw|jjpatel23's rating: 1296 &rarr; <strong>1263<\/strong><br \/>(-33 for losing)\n|l|\u2606jjpatel23\n","uploadtime":1700962871,"views":4,"p1id":"ndou996","p2id":"jjpatel23","formatid":"gen9nationaldexubers","rating":1214,"private":0,"password":""}