{"id":"gen9nationaldexubers-1990131619","p1":"Lanshei","p2":"hexosm","format":"[Gen 9] National Dex Ubers","log":"|j|\u2606Lanshei\n|j|\u2606hexosm\n|t:|1699927957\n|gametype|singles\n|player|p1|Lanshei|psychic|\n|player|p2|hexosm|169|\n|teamsize|p1|6\n|teamsize|p2|6\n|gen|9\n|tier|[Gen 9] National Dex Ubers\n|rule|HP Percentage Mod: HP is shown in percentages\n|rule|Endless Battle Clause: Forcing endless battles is banned\n|rule|OHKO Clause: OHKO moves are banned\n|rule|Evasion Moves Clause: Evasion moves are banned\n|rule|Evasion Items Clause: Evasion items are banned\n|rule|Species Clause: Limit one of each Pok\u00e9mon\n|rule|Sleep Clause Mod: Limit one foe put to sleep\n|rule|Mega Rayquaza Clause: You cannot mega evolve Rayquaza\n|clearpoke\n|poke|p1|Toxapex, M|\n|poke|p1|Corviknight, F|\n|poke|p1|Pelipper, M|\n|poke|p1|Basculegion, M|\n|poke|p1|Thundurus-Therian, M|\n|poke|p1|Hattrem, F|\n|poke|p2|Alomomola, M|\n|poke|p2|Great Tusk|\n|poke|p2|Tapu Lele|\n|poke|p2|Cinderace, M|\n|poke|p2|Magneton|\n|poke|p2|Tyranitar, M|\n|teampreview\n|\n|t:|1699927968\n|start\n|switch|p1a: Trick|Hattrem, F|100\/100\n|switch|p2a: Alomomola|Alomomola, M|100\/100\n|turn|1\n|\n|t:|1699927981\n|move|p2a: Alomomola|Flip Turn|p1a: Trick\n|-damage|p1a: Trick|85\/100\n|\n|t:|1699927995\n|switch|p2a: Tyranitar|Tyranitar, M|100\/100|[from] Flip Turn\n|-weather|Sandstorm|[from] ability: Sand Stream|[of] p2a: Tyranitar\n|move|p1a: Trick|Nuzzle|p2a: Tyranitar\n|-damage|p2a: Tyranitar|98\/100\n|-status|p2a: Tyranitar|par\n|\n|-weather|Sandstorm|[upkeep]\n|-damage|p1a: Trick|79\/100|[from] Sandstorm\n|upkeep\n|turn|2\n|\n|t:|1699928008\n|detailschange|p2a: Tyranitar|Tyranitar-Mega, M\n|-mega|p2a: Tyranitar|Tyranitar|Tyranitarite\n|move|p2a: Tyranitar|Knock Off|p1a: Trick\n|-supereffective|p1a: Trick\n|-damage|p1a: Trick|0 fnt\n|-enditem|p1a: Trick|Eviolite|[from] move: Knock Off|[of] p2a: Tyranitar\n|faint|p1a: Trick\n|\n|-weather|Sandstorm|[upkeep]\n|upkeep\n|\n|t:|1699928017\n|switch|p1a: Rain|Pelipper, M|100\/100\n|turn|3\n|\n|t:|1699928049\n|switch|p1a: Raven|Corviknight, F|100\/100\n|switch|p2a: Magneton|Magneton|100\/100\n|\n|-weather|Sandstorm|[upkeep]\n|upkeep\n|turn|4\n|\n|t:|1699928078\n|-terastallize|p2a: Magneton|Fairy\n|move|p2a: Magneton|Tera Blast|p1a: Raven|[anim] Tera Blast Fairy\n|-resisted|p1a: Raven\n|-damage|p1a: Raven|81\/100\n|move|p1a: Raven|Body Press|p2a: Magneton\n|-resisted|p2a: Magneton\n|-damage|p2a: Magneton|92\/100\n|\n|-weather|Sandstorm|[upkeep]\n|-damage|p2a: Magneton|86\/100|[from] Sandstorm\n|upkeep\n|turn|5\n|\n|t:|1699928089\n|move|p2a: Magneton|Thunderbolt|p1a: Raven\n|-supereffective|p1a: Raven\n|-damage|p1a: Raven|0 fnt\n|faint|p1a: Raven\n|\n|-weather|none\n|upkeep\n|\n|t:|1699928096\n|switch|p1a: Toxin|Toxapex, M|100\/100\n|turn|6\n|\n|t:|1699928101\n|move|p2a: Magneton|Thunderbolt|p1a: Toxin\n|-supereffective|p1a: Toxin\n|-damage|p1a: Toxin|17\/100\n|move|p1a: Toxin|Toxic Spikes|p2a: Magneton\n|-sidestart|p2: hexosm|move: Toxic Spikes\n|\n|-heal|p1a: Toxin|23\/100|[from] item: Black Sludge\n|upkeep\n|turn|7\n|\n|t:|1699928109\n|move|p1a: Toxin|Baneful Bunker|p1a: Toxin\n|-singleturn|p1a: Toxin|move: Protect\n|move|p2a: Magneton|Thunderbolt|p1a: Toxin\n|-activate|p1a: Toxin|move: Protect\n|\n|-heal|p1a: Toxin|29\/100|[from] item: Black Sludge\n|upkeep\n|turn|8\n|\n|t:|1699928117\n|switch|p1a: Heroin|Thundurus-Therian, M|100\/100\n|move|p2a: Magneton|Thunderbolt|p1a: Heroin\n|-immune|p1a: Heroin|[from] ability: Volt Absorb\n|\n|upkeep\n|turn|9\n|\n|t:|1699928131\n|move|p1a: Heroin|Nasty Plot|p1a: Heroin\n|-boost|p1a: Heroin|spa|2\n|move|p2a: Magneton|Flash Cannon|p1a: Heroin\n|-resisted|p1a: Heroin\n|-damage|p1a: Heroin|59\/100\n|\n|upkeep\n|turn|10\n|\n|t:|1699928143\n|move|p1a: Heroin|Flash Cannon|p2a: Magneton\n|-supereffective|p2a: Magneton\n|-damage|p2a: Magneton|0 fnt\n|faint|p2a: Magneton\n|\n|upkeep\n|\n|t:|1699928165\n|switch|p2a: Cinderace|Cinderace, M|100\/100\n|turn|11\n|\n|t:|1699928173\n|move|p2a: Cinderace|Sucker Punch|p1a: Heroin\n|-start|p2a: Cinderace|typechange|Dark|[from] ability: Libero\n|-damage|p1a: Heroin|9\/100\n|move|p1a: Heroin|Flash Cannon|p2a: Cinderace\n|-damage|p2a: Cinderace|21\/100\n|\n|upkeep\n|turn|12\n|\n|t:|1699928190\n|switch|p1a: Toxin|Toxapex, M|63\/100\n|move|p2a: Cinderace|Sucker Punch||[still]\n|-fail|p2a: Cinderace\n|\n|-heal|p1a: Toxin|69\/100|[from] item: Black Sludge\n|upkeep\n|turn|13\n|\n|t:|1699928197\n|move|p1a: Toxin|Baneful Bunker|p1a: Toxin\n|-singleturn|p1a: Toxin|move: Protect\n|move|p2a: Cinderace|U-turn|p1a: Toxin\n|-activate|p1a: Toxin|move: Protect\n|-status|p2a: Cinderace|psn\n|\n|-heal|p1a: Toxin|75\/100|[from] item: Black Sludge\n|-damage|p2a: Cinderace|9\/100 psn|[from] psn\n|upkeep\n|turn|14\n|\n|t:|1699928211\n|switch|p2a: Tapu Lele|Tapu Lele|100\/100\n|-status|p2a: Tapu Lele|psn\n|-fieldstart|move: Psychic Terrain|[from] ability: Psychic Surge|[of] p2a: Tapu Lele\n|move|p1a: Toxin|Recover|p1a: Toxin\n|-heal|p1a: Toxin|100\/100\n|\n|-damage|p2a: Tapu Lele|88\/100 psn|[from] psn\n|upkeep\n|turn|15\n|\n|t:|1699928222\n|move|p2a: Tapu Lele|Future Sight|p1a: Toxin\n|-start|p2a: Tapu Lele|move: Future Sight\n|move|p1a: Toxin|Venom Drench|p2a: Tapu Lele\n|-unboost|p2a: Tapu Lele|atk|1\n|-unboost|p2a: Tapu Lele|spa|1\n|-unboost|p2a: Tapu Lele|spe|1\n|\n|-damage|p2a: Tapu Lele|76\/100 psn|[from] psn\n|upkeep\n|turn|16\n|\n|t:|1699928230\n|switch|p2a: Great Tusk|Great Tusk|100\/100\n|-status|p2a: Great Tusk|psn\n|-enditem|p2a: Great Tusk|Booster Energy\n|-activate|p2a: Great Tusk|ability: Protosynthesis|[fromitem]\n|-start|p2a: Great Tusk|protosynthesisatk\n|move|p1a: Toxin|Baneful Bunker||[still]\n|-fail|p1a: Toxin\n|\n|-damage|p2a: Great Tusk|88\/100 psn|[from] psn\n|upkeep\n|turn|17\n|\n|t:|1699928246\n|move|p2a: Great Tusk|Rapid Spin|p1a: Toxin\n|-damage|p1a: Toxin|87\/100\n|-boost|p2a: Great Tusk|spe|1\n|-sideend|p2: hexosm|Toxic Spikes|[from] move: Rapid Spin|[of] p2a: Great Tusk\n|move|p1a: Toxin|Venom Drench|p2a: Great Tusk\n|-unboost|p2a: Great Tusk|atk|1\n|-unboost|p2a: Great Tusk|spa|1\n|-unboost|p2a: Great Tusk|spe|1\n|\n|-end|p1a: Toxin|move: Future Sight\n|-supereffective|p1a: Toxin\n|-damage|p1a: Toxin|0 fnt\n|faint|p1a: Toxin\n|-damage|p2a: Great Tusk|76\/100 psn|[from] psn\n|upkeep\n|\n|t:|1699928260\n|switch|p1a: Rain|Pelipper, M|100\/100\n|turn|18\n|\n|t:|1699928284\n|-end|p2a: Great Tusk|Protosynthesis|[silent]\n|switch|p2a: Alomomola|Alomomola, M|100\/100\n|-terastallize|p1a: Rain|Water\n|move|p1a: Rain|Scald|p2a: Alomomola\n|-resisted|p2a: Alomomola\n|-damage|p2a: Alomomola|83\/100\n|-enditem|p2a: Alomomola|Red Card|[of] p1a: Rain\n|drag|p1a: Heroin|Thundurus-Therian, M|9\/100\n|\n|-fieldend|move: Psychic Terrain\n|upkeep\n|turn|19\n|\n|t:|1699928301\n|move|p1a: Heroin|Thunder|p2a: Alomomola\n|-supereffective|p2a: Alomomola\n|-damage|p2a: Alomomola|0 fnt\n|faint|p2a: Alomomola\n|\n|upkeep\n|\n|t:|1699928316\n|switch|p2a: Tapu Lele|Tapu Lele|76\/100 psn\n|-fieldstart|move: Psychic Terrain|[from] ability: Psychic Surge|[of] p2a: Tapu Lele\n|turn|20\n|\n|t:|1699928323\n|move|p2a: Tapu Lele|Psyshock|p1a: Heroin\n|-damage|p1a: Heroin|0 fnt\n|faint|p1a: Heroin\n|\n|-damage|p2a: Tapu Lele|63\/100 psn|[from] psn\n|upkeep\n|\n|t:|1699928329\n|switch|p1a: Rain|Pelipper, M, tera:Water|100\/100\n|turn|21\n|\n|t:|1699928333\n|move|p2a: Tapu Lele|Psyshock|p1a: Rain\n|-damage|p1a: Rain|62\/100\n|move|p1a: Rain|Scald|p2a: Tapu Lele\n|-damage|p2a: Tapu Lele|28\/100 psn\n|\n|-damage|p2a: Tapu Lele|15\/100 psn|[from] psn\n|upkeep\n|turn|22\n|\n|t:|1699928351\n|switch|p2a: Great Tusk|Great Tusk|76\/100 psn\n|move|p1a: Rain|Roost|p1a: Rain\n|-heal|p1a: Rain|100\/100\n|\n|-damage|p2a: Great Tusk|63\/100 psn|[from] psn\n|upkeep\n|turn|23\n|\n|t:|1699928360\n|move|p2a: Great Tusk|Ice Spinner|p1a: Rain\n|-resisted|p1a: Rain\n|-damage|p1a: Rain|90\/100\n|-fieldend|move: Psychic Terrain\n|move|p1a: Rain|Scald|p2a: Great Tusk\n|-supereffective|p2a: Great Tusk\n|-damage|p2a: Great Tusk|0 fnt\n|faint|p2a: Great Tusk\n|-end|p2a: Great Tusk|Protosynthesis|[silent]\n|\n|upkeep\n|\n|t:|1699928371\n|switch|p2a: Tapu Lele|Tapu Lele|15\/100 psn\n|-fieldstart|move: Psychic Terrain|[from] ability: Psychic Surge|[of] p2a: Tapu Lele\n|turn|24\n|\n|t:|1699928376\n|move|p2a: Tapu Lele|Future Sight|p1a: Rain\n|-start|p2a: Tapu Lele|move: Future Sight\n|move|p1a: Rain|Scald|p2a: Tapu Lele\n|-damage|p2a: Tapu Lele|0 fnt\n|faint|p2a: Tapu Lele\n|\n|upkeep\n|\n|t:|1699928383\n|switch|p2a: Tyranitar|Tyranitar-Mega, M|98\/100 par\n|-weather|Sandstorm|[from] ability: Sand Stream|[of] p2a: Tyranitar\n|turn|25\n|\n|t:|1699928391\n|move|p1a: Rain|Scald|p2a: Tyranitar\n|-supereffective|p2a: Tyranitar\n|-damage|p2a: Tyranitar|58\/100 par\n|move|p2a: Tyranitar|Knock Off|p1a: Rain\n|-damage|p1a: Rain|40\/100\n|-enditem|p1a: Rain|Damp Rock|[from] move: Knock Off|[of] p2a: Tyranitar\n|\n|-weather|Sandstorm|[upkeep]\n|-damage|p1a: Rain|34\/100|[from] Sandstorm\n|upkeep\n|turn|26\n|\n|t:|1699928407\n|move|p1a: Rain|Scald|p2a: Tyranitar\n|-supereffective|p2a: Tyranitar\n|-damage|p2a: Tyranitar|16\/100 par\n|move|p2a: Tyranitar|Stealth Rock|p1a: Rain\n|-sidestart|p1: Lanshei|move: Stealth Rock\n|\n|-weather|Sandstorm|[upkeep]\n|-damage|p1a: Rain|28\/100|[from] Sandstorm\n|-end|p1a: Rain|move: Future Sight\n|-damage|p1a: Rain|0 fnt\n|faint|p1a: Rain\n|upkeep\n|\n|t:|1699928417\n|switch|p1a: Legion|Basculegion, M|100\/100\n|-damage|p1a: Legion|88\/100|[from] Stealth Rock\n|turn|27\n|\n|t:|1699928437\n|move|p1a: Legion|Wave Crash|p2a: Tyranitar\n|-supereffective|p2a: Tyranitar\n|-damage|p2a: Tyranitar|0 fnt\n|faint|p2a: Tyranitar\n|-damage|p1a: Legion|84\/100|[from] Recoil\n|\n|-weather|Sandstorm|[upkeep]\n|-damage|p1a: Legion|78\/100|[from] Sandstorm\n|upkeep\n|\n|t:|1699928445\n|switch|p2a: Cinderace|Cinderace, M|9\/100 psn\n|turn|28\n|\n|t:|1699928532\n|move|p2a: Cinderace|Sucker Punch|p1a: Legion\n|-start|p2a: Cinderace|typechange|Dark|[from] ability: Libero\n|-activate|p1a: Legion|move: Psychic Terrain\n|move|p1a: Legion|Phantom Force||[still]\n|-prepare|p1a: Legion|Phantom Force\n|\n|-weather|Sandstorm|[upkeep]\n|-damage|p2a: Cinderace|3\/100 psn|[from] Sandstorm\n|-damage|p1a: Legion|72\/100|[from] Sandstorm\n|-damage|p2a: Cinderace|0 fnt|[from] psn\n|faint|p2a: Cinderace\n|\n|win|Lanshei\n|upkeep\n","uploadtime":1699928568,"views":26,"p1id":"lanshei","p2id":"hexosm","formatid":"gen9nationaldexubers","rating":0,"private":0,"password":""}