{"id":"gen9nationaldexubers-1998684850","p1":"TPD DreadNaw","p2":"Pyr0tz","format":"[Gen 9] National Dex Ubers","log":"|j|\u2606TPD DreadNaw\n|j|\u2606Pyr0tz\n|t:|1700972249\n|gametype|singles\n|player|p1|TPD DreadNaw|clay|1090\n|player|p2|Pyr0tz|1|1098\n|teamsize|p1|6\n|teamsize|p2|6\n|gen|9\n|tier|[Gen 9] National Dex Ubers\n|rated|\n|rule|HP Percentage Mod: HP is shown in percentages\n|rule|Endless Battle Clause: Forcing endless battles is banned\n|rule|OHKO Clause: OHKO moves are banned\n|rule|Evasion Moves Clause: Evasion moves are banned\n|rule|Evasion Items Clause: Evasion items are banned\n|rule|Species Clause: Limit one of each Pok\u00e9mon\n|rule|Sleep Clause Mod: Limit one foe put to sleep\n|rule|Mega Rayquaza Clause: You cannot mega evolve Rayquaza\n|clearpoke\n|poke|p1|Jirachi|\n|poke|p1|Stakataka|\n|poke|p1|Heatran, M|\n|poke|p1|Scizor, F|\n|poke|p1|Celesteela|\n|poke|p1|Excadrill, M|\n|poke|p2|Ferrothorn, F|\n|poke|p2|Landorus-Therian, M|\n|poke|p2|Swampert, M|\n|poke|p2|Gholdengo|\n|poke|p2|Pelipper, M|\n|poke|p2|Dracovish|\n|teampreview\n|inactive|Battle timer is ON: inactive players will automatically lose when time's up. (requested by Pyr0tz)\n|inactive|Pyr0tz has 120 seconds left.\n|\n|t:|1700972284\n|start\n|switch|p1a: Scizor|Scizor, F|100\/100\n|switch|p2a: Landorus|Landorus-Therian, M, shiny|100\/100\n|-ability|p2a: Landorus|Intimidate|boost\n|-unboost|p1a: Scizor|atk|1\n|turn|1\n|\n|t:|1700972293\n|detailschange|p1a: Scizor|Scizor-Mega, F\n|-mega|p1a: Scizor|Scizor|Scizorite\n|move|p2a: Landorus|Explosion|p1a: Scizor\n|-resisted|p1a: Scizor\n|-damage|p1a: Scizor|66\/100\n|faint|p2a: Landorus\n|move|p1a: Scizor|Swords Dance|p1a: Scizor\n|-boost|p1a: Scizor|atk|2\n|\n|upkeep\n|\n|t:|1700972302\n|switch|p2a: Pelipper|Pelipper, M|100\/100\n|-weather|RainDance|[from] ability: Drizzle|[of] p2a: Pelipper\n|turn|2\n|\n|t:|1700972308\n|move|p1a: Scizor|Swords Dance|p1a: Scizor\n|-boost|p1a: Scizor|atk|2\n|move|p2a: Pelipper|Hurricane|p1a: Scizor\n|-damage|p1a: Scizor|0 fnt\n|faint|p1a: Scizor\n|\n|-weather|RainDance|[upkeep]\n|upkeep\n|\n|t:|1700972317\n|switch|p1a: Stakataka|Stakataka|100\/100\n|turn|3\n|\n|t:|1700972326\n|switch|p2a: Ferrothorn|Ferrothorn, F, shiny|100\/100\n|move|p1a: Stakataka|Trick Room|p1a: Stakataka\n|-fieldstart|move: Trick Room|[of] p1a: Stakataka\n|\n|-weather|RainDance|[upkeep]\n|upkeep\n|turn|4\n|\n|t:|1700972334\n|switch|p1a: Celesteela|Celesteela|100\/100\n|move|p2a: Ferrothorn|Curse|p2a: Ferrothorn\n|-unboost|p2a: Ferrothorn|spe|1\n|-boost|p2a: Ferrothorn|atk|1\n|-boost|p2a: Ferrothorn|def|1\n|\n|-weather|RainDance|[upkeep]\n|upkeep\n|turn|5\n|\n|t:|1700972349\n|-terastallize|p2a: Ferrothorn|Fire\n|move|p2a: Ferrothorn|Body Press|p1a: Celesteela\n|-damage|p1a: Celesteela|62\/100\n|move|p1a: Celesteela|Flamethrower|p2a: Ferrothorn\n|-resisted|p2a: Ferrothorn\n|-damage|p2a: Ferrothorn|95\/100\n|\n|-weather|RainDance|[upkeep]\n|upkeep\n|turn|6\n|\n|t:|1700972364\n|move|p2a: Ferrothorn|Curse|p2a: Ferrothorn\n|-unboost|p2a: Ferrothorn|spe|1\n|-boost|p2a: Ferrothorn|atk|1\n|-boost|p2a: Ferrothorn|def|1\n|move|p1a: Celesteela|Meteor Beam||[still]\n|-prepare|p1a: Celesteela|Meteor Beam\n|-boost|p1a: Celesteela|spa|1\n|-enditem|p1a: Celesteela|Power Herb\n|-anim|p1a: Celesteela|Meteor Beam|p2a: Ferrothorn\n|-supereffective|p2a: Ferrothorn\n|-damage|p2a: Ferrothorn|0 fnt\n|faint|p2a: Ferrothorn\n|-ability|p1a: Celesteela|Beast Boost|boost\n|-boost|p1a: Celesteela|spa|1\n|\n|-weather|none\n|upkeep\n|inactive|Pyr0tz has 120 seconds left.\n|\n|t:|1700972382\n|switch|p2a: Pelipper|Pelipper, M|100\/100\n|-weather|RainDance|[from] ability: Drizzle|[of] p2a: Pelipper\n|turn|7\n|inactive|Pyr0tz has 120 seconds left.\n|\n|t:|1700972393\n|move|p1a: Celesteela|Air Slash|p2a: Pelipper\n|-crit|p2a: Pelipper\n|-damage|p2a: Pelipper|0 fnt\n|faint|p2a: Pelipper\n|-ability|p1a: Celesteela|Beast Boost|boost\n|-boost|p1a: Celesteela|spa|1\n|\n|-weather|RainDance|[upkeep]\n|-fieldend|move: Trick Room\n|upkeep\n|inactive|Pyr0tz has 120 seconds left.\n|\n|t:|1700972402\n|switch|p2a: Dracovish|Dracovish|100\/100\n|turn|8\n|\n|t:|1700972408\n|move|p2a: Dracovish|Fishious Rend|p1a: Celesteela\n|-damage|p1a: Celesteela|0 fnt\n|faint|p1a: Celesteela\n|\n|-weather|RainDance|[upkeep]\n|upkeep\n|\n|t:|1700972413\n|switch|p1a: Stakataka|Stakataka|100\/100\n|turn|9\n|\n|t:|1700972422\n|move|p2a: Dracovish|Fishious Rend|p1a: Stakataka\n|-supereffective|p1a: Stakataka\n|-enditem|p1a: Stakataka|Focus Sash\n|-damage|p1a: Stakataka|1\/100\n|move|p1a: Stakataka|Trick Room|p1a: Stakataka\n|-fieldstart|move: Trick Room|[of] p1a: Stakataka\n|\n|-weather|RainDance|[upkeep]\n|upkeep\n|turn|10\n|\n|t:|1700972431\n|move|p1a: Stakataka|Gyro Ball|p2a: Dracovish\n|-resisted|p2a: Dracovish\n|-damage|p2a: Dracovish|57\/100\n|move|p2a: Dracovish|Fishious Rend|p1a: Stakataka\n|-supereffective|p1a: Stakataka\n|-damage|p1a: Stakataka|0 fnt\n|faint|p1a: Stakataka\n|\n|-weather|RainDance|[upkeep]\n|upkeep\n|\n|t:|1700972439\n|switch|p1a: Heatran|Heatran, M|100\/100\n|turn|11\n|\n|t:|1700972473\n|switch|p2a: Gholdengo|Gholdengo, shiny|100\/100\n|move|p1a: Heatran|Hidden Power|p2a: Gholdengo\n|-damage|p2a: Gholdengo|81\/100\n|\n|-weather|none\n|upkeep\n|turn|12\n|\n|t:|1700972486\n|switch|p2a: Swampert|Swampert, M, shiny|100\/100\n|switch|p1a: Jirachi|Jirachi, shiny|100\/100\n|\n|upkeep\n|turn|13\n|\n|t:|1700972499\n|detailschange|p2a: Swampert|Swampert-Mega, M, shiny\n|-mega|p2a: Swampert|Swampert|Swampertite\n|move|p2a: Swampert|Earthquake|p1a: Jirachi\n|-supereffective|p1a: Jirachi\n|-damage|p1a: Jirachi|0 fnt\n|faint|p1a: Jirachi\n|\n|-fieldend|move: Trick Room\n|upkeep\n|\n|t:|1700972512\n|switch|p1a: Heatran|Heatran, M|100\/100\n|turn|14\n|\n|t:|1700972518\n|move|p1a: Heatran|Earth Power|p2a: Swampert\n|-damage|p2a: Swampert|73\/100\n|move|p2a: Swampert|Earthquake|p1a: Heatran\n|-supereffective|p1a: Heatran\n|-damage|p1a: Heatran|0 fnt\n|faint|p1a: Heatran\n|\n|upkeep\n|\n|t:|1700972524\n|switch|p1a: Excadrill|Excadrill, M|100\/100\n|-ability|p1a: Excadrill|Mold Breaker\n|turn|15\n|\n|t:|1700972535\n|-terastallize|p1a: Excadrill|Ground\n|move|p1a: Excadrill|Earthquake|p2a: Swampert\n|-crit|p2a: Swampert\n|-damage|p2a: Swampert|0 fnt\n|faint|p2a: Swampert\n|\n|upkeep\n|\n|t:|1700972543\n|switch|p2a: Dracovish|Dracovish|57\/100\n|turn|16\n|\n|t:|1700972547\n|move|p1a: Excadrill|Earthquake|p2a: Dracovish\n|-damage|p2a: Dracovish|0 fnt\n|faint|p2a: Dracovish\n|\n|upkeep\n|\n|t:|1700972552\n|switch|p2a: Gholdengo|Gholdengo, shiny|81\/100\n|turn|17\n|\n|t:|1700972559\n|move|p1a: Excadrill|Earthquake|p2a: Gholdengo\n|-supereffective|p2a: Gholdengo\n|-damage|p2a: Gholdengo|0 fnt\n|faint|p2a: Gholdengo\n|\n|win|TPD DreadNaw\n|raw|TPD DreadNaw's rating: 1090 &rarr; <strong>1117<\/strong><br \/>(+27 for winning)\n|raw|Pyr0tz's rating: 1098 &rarr; <strong>1073<\/strong><br \/>(-25 for losing)\n|l|\u2606Pyr0tz\n","uploadtime":1700972568,"views":2,"p1id":"tpddreadnaw","p2id":"pyr0tz","formatid":"gen9nationaldexubers","rating":1073,"private":0,"password":""}