{"id":"gen9nationaldexubers-1993115278","p1":"zxaa","p2":"drossito pambisito","format":"[Gen 9] National Dex Ubers","log":"|j|\u2606zxaa\n|j|\u2606drossito pambisito\n|t:|1700266548\n|gametype|singles\n|player|p1|zxaa|pokemonranger-gen4|1390\n|player|p2|drossito pambisito|101|1480\n|teamsize|p1|6\n|teamsize|p2|6\n|gen|9\n|tier|[Gen 9] National Dex Ubers\n|rated|\n|rule|HP Percentage Mod: HP is shown in percentages\n|rule|Endless Battle Clause: Forcing endless battles is banned\n|rule|OHKO Clause: OHKO moves are banned\n|rule|Evasion Moves Clause: Evasion moves are banned\n|rule|Evasion Items Clause: Evasion items are banned\n|rule|Species Clause: Limit one of each Pok\u00e9mon\n|rule|Sleep Clause Mod: Limit one foe put to sleep\n|rule|Mega Rayquaza Clause: You cannot mega evolve Rayquaza\n|clearpoke\n|poke|p1|Arceus|\n|poke|p1|Kyogre|\n|poke|p1|Zacian-*|\n|poke|p1|Necrozma-Dawn-Wings|\n|poke|p1|Groudon|\n|poke|p1|Yveltal|\n|poke|p2|Metagross|\n|poke|p2|Kyurem-White|\n|poke|p2|Shuckle, M|\n|poke|p2|Xerneas-*|\n|poke|p2|Marshadow|\n|poke|p2|Palafin, F|\n|teampreview\n|inactive|Battle timer is ON: inactive players will automatically lose when time's up. (requested by zxaa)\n|\n|t:|1700266587\n|start\n|switch|p1a: Kyogre|Kyogre|100\/100\n|switch|p2a: Shuckle|Shuckle, M|100\/100\n|detailschange|p1a: Kyogre|Kyogre-Primal\n|-primal|p1a: Kyogre|Blue Orb\n|-weather|PrimordialSea|[from] ability: Primordial Sea|[of] p1a: Kyogre\n|turn|1\n|\n|t:|1700266592\n|move|p1a: Kyogre|Origin Pulse|p2a: Shuckle\n|-supereffective|p2a: Shuckle\n|-ability|p2a: Shuckle|Sturdy\n|-damage|p2a: Shuckle|1\/100\n|move|p2a: Shuckle|Sticky Web|p1a: Kyogre\n|-sidestart|p1: zxaa|move: Sticky Web\n|\n|-weather|PrimordialSea|[upkeep]\n|upkeep\n|turn|2\n|\n|t:|1700266595\n|move|p1a: Kyogre|Origin Pulse|p2a: Shuckle\n|-supereffective|p2a: Shuckle\n|-damage|p2a: Shuckle|0 fnt\n|faint|p2a: Shuckle\n|\n|-weather|PrimordialSea|[upkeep]\n|upkeep\n|\n|t:|1700266598\n|switch|p2a: Xerneas|Xerneas|100\/100\n|-ability|p2a: Xerneas|Fairy Aura\n|turn|3\n|\n|t:|1700266601\n|move|p2a: Xerneas|Geomancy||[still]\n|-prepare|p2a: Xerneas|Geomancy\n|-enditem|p2a: Xerneas|Power Herb\n|-anim|p2a: Xerneas|Geomancy|p2a: Xerneas\n|-boost|p2a: Xerneas|spa|2\n|-boost|p2a: Xerneas|spd|2\n|-boost|p2a: Xerneas|spe|2\n|move|p1a: Kyogre|Water Spout|p2a: Xerneas\n|-damage|p2a: Xerneas|33\/100\n|\n|-weather|PrimordialSea|[upkeep]\n|upkeep\n|turn|4\n|\n|t:|1700266604\n|move|p2a: Xerneas|Moonblast|p1a: Kyogre\n|-damage|p1a: Kyogre|5\/100\n|-unboost|p1a: Kyogre|spa|1\n|move|p1a: Kyogre|Origin Pulse|p2a: Xerneas\n|-damage|p2a: Xerneas|1\/100\n|\n|-weather|PrimordialSea|[upkeep]\n|upkeep\n|turn|5\n|\n|t:|1700266611\n|move|p2a: Xerneas|Moonblast|p1a: Kyogre\n|-damage|p1a: Kyogre|0 fnt\n|faint|p1a: Kyogre\n|-weather|none\n|\n|upkeep\n|\n|t:|1700266613\n|switch|p1a: Arceus|Arceus|100\/100\n|-activate|p1a: Arceus|move: Sticky Web\n|-unboost|p1a: Arceus|spe|1\n|turn|6\n|\n|t:|1700266619\n|switch|p2a: Marshadow|Marshadow|100\/100\n|move|p1a: Arceus|Extreme Speed|p2a: Marshadow\n|-immune|p2a: Marshadow\n|\n|upkeep\n|turn|7\n|\n|t:|1700266627\n|switch|p1a: Yveltal|Yveltal|100\/100\n|-ability|p1a: Yveltal|Dark Aura\n|move|p2a: Marshadow|Drain Punch|p1a: Yveltal\n|-damage|p1a: Yveltal|67\/100\n|\n|upkeep\n|turn|8\n|\n|t:|1700266631\n|switch|p2a: Xerneas|Xerneas|1\/100\n|-ability|p2a: Xerneas|Fairy Aura\n|move|p1a: Yveltal|Oblivion Wing|p2a: Xerneas\n|-damage|p2a: Xerneas|0 fnt\n|-heal|p1a: Yveltal|67\/100|[from] drain|[of] p2a: Xerneas\n|faint|p2a: Xerneas\n|\n|upkeep\n|\n|t:|1700266633\n|switch|p2a: Kyurem|Kyurem-White|100\/100\n|-ability|p2a: Kyurem|Turboblaze\n|turn|9\n|\n|t:|1700266642\n|switch|p1a: Zacian|Zacian-Crowned, shiny|100\/100\n|-activate|p1a: Zacian|move: Sticky Web\n|-unboost|p1a: Zacian|spe|1\n|-ability|p1a: Zacian|Intrepid Sword|boost\n|-boost|p1a: Zacian|atk|1\n|move|p2a: Kyurem|Ice Beam|p1a: Zacian\n|-resisted|p1a: Zacian\n|-damage|p1a: Zacian|62\/100\n|\n|upkeep\n|turn|10\n|\n|t:|1700266648\n|switch|p2a: Metagross|Metagross|100\/100\n|move|p1a: Zacian|Behemoth Blade|p2a: Metagross\n|-resisted|p2a: Metagross\n|-damage|p2a: Metagross|58\/100\n|\n|upkeep\n|turn|11\n|\n|t:|1700266652\n|detailschange|p2a: Metagross|Metagross-Mega\n|-mega|p2a: Metagross|Metagross|Metagrossite\n|move|p2a: Metagross|Meteor Mash|p1a: Zacian\n|-damage|p1a: Zacian|0 fnt\n|faint|p1a: Zacian\n|\n|upkeep\n|\n|t:|1700266655\n|switch|p1a: Groudon|Groudon|100\/100\n|-activate|p1a: Groudon|move: Sticky Web\n|-unboost|p1a: Groudon|spe|1\n|detailschange|p1a: Groudon|Groudon-Primal\n|-primal|p1a: Groudon|Red Orb\n|-weather|DesolateLand|[from] ability: Desolate Land|[of] p1a: Groudon\n|turn|12\n|\n|t:|1700266660\n|move|p2a: Metagross|Zen Headbutt|p1a: Groudon\n|-damage|p1a: Groudon|61\/100\n|cant|p1a: Groudon|flinch\n|\n|-weather|DesolateLand|[upkeep]\n|upkeep\n|turn|13\n|j| heavylever\n|\n|t:|1700266665\n|move|p2a: Metagross|Meteor Mash|p1a: Groudon\n|-resisted|p1a: Groudon\n|-damage|p1a: Groudon|40\/100\n|move|p1a: Groudon|Precipice Blades|p2a: Metagross\n|-supereffective|p2a: Metagross\n|-damage|p2a: Metagross|0 fnt\n|faint|p2a: Metagross\n|\n|-weather|DesolateLand|[upkeep]\n|upkeep\n|\n|t:|1700266670\n|switch|p2a: Kyurem|Kyurem-White|100\/100\n|-ability|p2a: Kyurem|Turboblaze\n|turn|14\n|\n|t:|1700266700\n|move|p2a: Kyurem|Ice Beam|p1a: Groudon\n|-crit|p1a: Groudon\n|-damage|p1a: Groudon|0 fnt\n|faint|p1a: Groudon\n|-weather|none\n|\n|upkeep\n|\n|t:|1700266707\n|switch|p1a: Arceus|Arceus|100\/100\n|-activate|p1a: Arceus|move: Sticky Web\n|-unboost|p1a: Arceus|spe|1\n|turn|15\n|inactive|drossito pambisito has 120 seconds left.\n|\n|t:|1700266729\n|-terastallize|p1a: Arceus|Normal\n|move|p2a: Kyurem|Ice Beam|p1a: Arceus\n|-damage|p1a: Arceus|46\/100\n|move|p1a: Arceus|Return|p2a: Kyurem\n|-damage|p2a: Kyurem|13\/100\n|\n|upkeep\n|turn|16\n|\n|t:|1700266736\n|move|p1a: Arceus|Extreme Speed|p2a: Kyurem\n|-damage|p2a: Kyurem|0 fnt\n|faint|p2a: Kyurem\n|\n|upkeep\n|\n|t:|1700266738\n|switch|p2a: Marshadow|Marshadow|100\/100\n|turn|17\n|\n|t:|1700266741\n|move|p2a: Marshadow|Drain Punch|p1a: Arceus\n|-supereffective|p1a: Arceus\n|-damage|p1a: Arceus|0 fnt\n|faint|p1a: Arceus\n|\n|upkeep\n|\n|t:|1700266744\n|switch|p1a: Necrozma|Necrozma-Dawn-Wings, shiny|100\/100\n|-activate|p1a: Necrozma|move: Sticky Web\n|-unboost|p1a: Necrozma|spe|1\n|turn|18\n|\n|t:|1700266751\n|detailschange|p1a: Necrozma|Necrozma-Ultra, shiny\n|-burst|p1a: Necrozma|Necrozma|Ultranecrozium Z\n|move|p2a: Marshadow|Spectral Thief|p1a: Necrozma\n|-supereffective|p1a: Necrozma\n|-damage|p1a: Necrozma|9\/100\n|move|p1a: Necrozma|Photon Geyser|p2a: Marshadow\n|-supereffective|p2a: Marshadow\n|-enditem|p2a: Marshadow|Focus Sash\n|-damage|p2a: Marshadow|1\/100\n|\n|upkeep\n|turn|19\n|\n|t:|1700266755\n|move|p2a: Marshadow|Shadow Sneak|p1a: Necrozma\n|-supereffective|p1a: Necrozma\n|-damage|p1a: Necrozma|0 fnt\n|faint|p1a: Necrozma\n|\n|upkeep\n|\n|t:|1700266757\n|switch|p1a: Yveltal|Yveltal|67\/100\n|-ability|p1a: Yveltal|Dark Aura\n|turn|20\n|\n|t:|1700266759\n|switch|p2a: Palafin|Palafin, F|100\/100\n|move|p1a: Yveltal|Oblivion Wing|p2a: Palafin\n|-damage|p2a: Palafin|44\/100\n|-heal|p1a: Yveltal|100\/100|[from] drain|[of] p2a: Palafin\n|\n|upkeep\n|turn|21\n|\n|t:|1700266763\n|detailschange|p2a: Palafin|Palafin-Hero, F\n|switch|p2a: Marshadow|Marshadow|1\/100\n|move|p1a: Yveltal|Oblivion Wing|p2a: Marshadow\n|-supereffective|p2a: Marshadow\n|-damage|p2a: Marshadow|0 fnt\n|faint|p2a: Marshadow\n|\n|upkeep\n|\n|t:|1700266766\n|switch|p2a: Palafin|Palafin-Hero, F|44\/100\n|-activate|p2a: Palafin|ability: Zero to Hero\n|turn|22\n|\n|t:|1700266768\n|-zpower|p2a: Palafin\n|move|p2a: Palafin|Hydro Vortex|p1a: Yveltal|[zeffect]\n|-damage|p1a: Yveltal|0 fnt\n|faint|p1a: Yveltal\n|\n|win|drossito pambisito\n|raw|zxaa's rating: 1390 &rarr; <strong>1375<\/strong><br \/>(-15 for losing)\n|raw|drossito pambisito's rating: 1480 &rarr; <strong>1495<\/strong><br \/>(+15 for winning)\n|l|\u2606zxaa\n|l| heavylever\n","uploadtime":1700266870,"views":8,"p1id":"zxaa","p2id":"drossitopambisito","formatid":"gen9nationaldexubers","rating":1375,"private":0,"password":""}