{"id":"gen9nationaldexubers-1988214459","p1":"anmol123","p2":"Rhyfinn 03","format":"[Gen 9] National Dex Ubers","log":"|j|\u2606anmol123\n|j|\u2606Rhyfinn 03\n|t:|1699686754\n|gametype|singles\n|player|p1|anmol123|170|1293\n|player|p2|Rhyfinn 03|alder|1323\n|teamsize|p1|6\n|teamsize|p2|6\n|gen|9\n|tier|[Gen 9] National Dex Ubers\n|rated|\n|rule|HP Percentage Mod: HP is shown in percentages\n|rule|Endless Battle Clause: Forcing endless battles is banned\n|rule|OHKO Clause: OHKO moves are banned\n|rule|Evasion Moves Clause: Evasion moves are banned\n|rule|Evasion Items Clause: Evasion items are banned\n|rule|Species Clause: Limit one of each Pok\u00e9mon\n|rule|Sleep Clause Mod: Limit one foe put to sleep\n|rule|Mega Rayquaza Clause: You cannot mega evolve Rayquaza\n|clearpoke\n|poke|p1|Grimmsnarl, M|\n|poke|p1|Xerneas-*|\n|poke|p1|Kyurem-Black|\n|poke|p1|Blastoise, F|\n|poke|p1|Pheromosa|\n|poke|p1|Groudon|\n|poke|p2|Groudon|\n|poke|p2|Xerneas-*|\n|poke|p2|Marshadow|\n|poke|p2|Necrozma-Dusk-Mane|\n|poke|p2|Deoxys-Speed|\n|poke|p2|Rayquaza|\n|teampreview\n|inactive|Battle timer is ON: inactive players will automatically lose when time's up. (requested by Rhyfinn 03)\n|\n|t:|1699686762\n|start\n|switch|p1a: Grimmsnarl|Grimmsnarl, M|100\/100\n|switch|p2a: Deoxys|Deoxys-Speed, shiny|100\/100\n|-ability|p2a: Deoxys|Pressure\n|turn|1\n|\n|t:|1699686768\n|move|p2a: Deoxys|Magic Coat|p2a: Deoxys\n|-singleturn|p2a: Deoxys|move: Magic Coat\n|move|p1a: Grimmsnarl|Taunt|p2a: Deoxys\n|move|p2a: Deoxys|Taunt|p1a: Grimmsnarl|[from]Magic Coat\n|-start|p1a: Grimmsnarl|move: Taunt\n|\n|upkeep\n|turn|2\n|\n|t:|1699686774\n|switch|p1a: Xerneas|Xerneas|100\/100\n|-ability|p1a: Xerneas|Fairy Aura\n|move|p2a: Deoxys|Stealth Rock|p1a: Xerneas\n|-sidestart|p1: anmol123|move: Stealth Rock\n|\n|upkeep\n|turn|3\n|\n|t:|1699686778\n|move|p2a: Deoxys|Taunt|p1a: Xerneas\n|-start|p1a: Xerneas|move: Taunt\n|cant|p1a: Xerneas|move: Taunt|Geomancy\n|\n|upkeep\n|turn|4\n|\n|t:|1699686785\n|switch|p1a: Grimmsnarl|Grimmsnarl, M|100\/100\n|-damage|p1a: Grimmsnarl|88\/100|[from] Stealth Rock\n|move|p2a: Deoxys|Spikes|p1a: Grimmsnarl\n|-sidestart|p1: anmol123|Spikes\n|\n|upkeep\n|turn|5\n|\n|t:|1699686789\n|move|p1a: Grimmsnarl|Reflect|p1a: Grimmsnarl\n|-sidestart|p1: anmol123|Reflect\n|move|p2a: Deoxys|Taunt|p1a: Grimmsnarl\n|-start|p1a: Grimmsnarl|move: Taunt\n|\n|upkeep\n|turn|6\n|\n|t:|1699686796\n|switch|p1a: Kyurem|Kyurem-Black|100\/100\n|-damage|p1a: Kyurem|76\/100|[from] Stealth Rock\n|-damage|p1a: Kyurem|63\/100|[from] Spikes\n|-ability|p1a: Kyurem|Teravolt\n|move|p2a: Deoxys|Spikes|p1a: Kyurem\n|-sidestart|p1: anmol123|Spikes\n|\n|upkeep\n|turn|7\n|\n|t:|1699686801\n|switch|p1a: Grimmsnarl|Grimmsnarl, M|88\/100\n|-damage|p1a: Grimmsnarl|76\/100|[from] Stealth Rock\n|-damage|p1a: Grimmsnarl|59\/100|[from] Spikes\n|move|p2a: Deoxys|Taunt|p1a: Grimmsnarl\n|-start|p1a: Grimmsnarl|move: Taunt\n|\n|upkeep\n|turn|8\n|\n|t:|1699686809\n|switch|p1a: Pheromosa|Pheromosa|100\/100\n|-damage|p1a: Pheromosa|88\/100|[from] Stealth Rock\n|-damage|p1a: Pheromosa|72\/100|[from] Spikes\n|move|p2a: Deoxys|Spikes|p1a: Pheromosa\n|-sidestart|p1: anmol123|Spikes\n|\n|upkeep\n|turn|9\n|\n|t:|1699686817\n|move|p2a: Deoxys|Taunt|p1a: Pheromosa\n|-start|p1a: Pheromosa|move: Taunt\n|move|p1a: Pheromosa|U-turn|p2a: Deoxys\n|-supereffective|p2a: Deoxys\n|-enditem|p2a: Deoxys|Focus Sash\n|-damage|p2a: Deoxys|1\/100\n|-damage|p1a: Pheromosa|62\/100|[from] item: Life Orb\n|\n|t:|1699686825\n|switch|p1a: Grimmsnarl|Grimmsnarl, M|59\/100|[from] U-turn\n|-damage|p1a: Grimmsnarl|47\/100|[from] Stealth Rock\n|-damage|p1a: Grimmsnarl|22\/100|[from] Spikes\n|\n|upkeep\n|turn|10\n|\n|t:|1699686829\n|move|p1a: Grimmsnarl|Parting Shot|p2a: Deoxys\n|-unboost|p2a: Deoxys|atk|1\n|-unboost|p2a: Deoxys|spa|1\n|\n|t:|1699686836\n|switch|p1a: Groudon|Groudon|100\/100|[from] Parting Shot\n|-damage|p1a: Groudon|94\/100|[from] Stealth Rock\n|-damage|p1a: Groudon|69\/100|[from] Spikes\n|detailschange|p1a: Groudon|Groudon-Primal\n|-primal|p1a: Groudon|Red Orb\n|-weather|DesolateLand|[from] ability: Desolate Land|[of] p1a: Groudon\n|move|p2a: Deoxys|Taunt|p1a: Groudon\n|-start|p1a: Groudon|move: Taunt\n|\n|-weather|DesolateLand|[upkeep]\n|upkeep\n|turn|11\n|\n|t:|1699686844\n|move|p2a: Deoxys|Taunt||[still]\n|-fail|p2a: Deoxys\n|move|p1a: Groudon|Heat Crash|p2a: Deoxys\n|-damage|p2a: Deoxys|0 fnt\n|faint|p2a: Deoxys\n|\n|-weather|DesolateLand|[upkeep]\n|upkeep\n|\n|t:|1699686855\n|switch|p2a: Groudon|Groudon, shiny|100\/100\n|detailschange|p2a: Groudon|Groudon-Primal, shiny\n|-primal|p2a: Groudon|Red Orb\n|turn|12\n|\n|t:|1699686884\n|move|p1a: Groudon|Precipice Blades|p2a: Groudon\n|-supereffective|p2a: Groudon\n|-damage|p2a: Groudon|3\/100\n|move|p2a: Groudon|Earth Power|p1a: Groudon\n|-supereffective|p1a: Groudon\n|-damage|p1a: Groudon|0 fnt\n|faint|p1a: Groudon\n|\n|-weather|DesolateLand|[upkeep]\n|-sideend|p1: anmol123|Reflect\n|upkeep\n|inactive|anmol123 has 120 seconds left.\n|\n|t:|1699686895\n|switch|p1a: Pheromosa|Pheromosa|62\/100\n|-damage|p1a: Pheromosa|49\/100|[from] Stealth Rock\n|-damage|p1a: Pheromosa|25\/100|[from] Spikes\n|turn|13\n|\n|t:|1699686908\n|-weather|none\n|switch|p2a: Rayquaza|Rayquaza, shiny|100\/100\n|-ability|p2a: Rayquaza|Air Lock\n|move|p1a: Pheromosa|Triple Axel|p2a: Rayquaza\n|-supereffective|p2a: Rayquaza\n|-damage|p2a: Rayquaza|57\/100\n|-supereffective|p2a: Rayquaza\n|-damage|p2a: Rayquaza|0 fnt\n|faint|p2a: Rayquaza\n|-ability|p1a: Pheromosa|Beast Boost|boost\n|-boost|p1a: Pheromosa|spe|1\n|-hitcount|p2: Rayquaza|2\n|-damage|p1a: Pheromosa|15\/100|[from] item: Life Orb\n|\n|upkeep\n|\n|t:|1699686914\n|switch|p2a: Marshadow|Marshadow|100\/100\n|turn|14\n|\n|t:|1699686918\n|move|p2a: Marshadow|Shadow Sneak|p1a: Pheromosa\n|-damage|p1a: Pheromosa|0 fnt\n|faint|p1a: Pheromosa\n|\n|upkeep\n|\n|t:|1699686925\n|switch|p1a: Grimmsnarl|Grimmsnarl, M|22\/100\n|-damage|p1a: Grimmsnarl|9\/100|[from] Stealth Rock\n|-damage|p1a: Grimmsnarl|0 fnt|[from] Spikes\n|faint|p1a: Grimmsnarl\n|\n|t:|1699686928\n|switch|p1a: Xerneas|Xerneas|100\/100\n|-damage|p1a: Xerneas|88\/100|[from] Stealth Rock\n|-damage|p1a: Xerneas|63\/100|[from] Spikes\n|-ability|p1a: Xerneas|Fairy Aura\n|turn|15\n|\n|t:|1699686940\n|move|p2a: Marshadow|Spectral Thief|p1a: Xerneas\n|-damage|p1a: Xerneas|19\/100\n|move|p1a: Xerneas|Geomancy||[still]\n|-prepare|p1a: Xerneas|Geomancy\n|-enditem|p1a: Xerneas|Power Herb\n|-anim|p1a: Xerneas|Geomancy|p1a: Xerneas\n|-boost|p1a: Xerneas|spa|2\n|-boost|p1a: Xerneas|spd|2\n|-boost|p1a: Xerneas|spe|2\n|\n|upkeep\n|turn|16\n|\n|t:|1699686945\n|move|p1a: Xerneas|Moonblast|p2a: Marshadow\n|-supereffective|p2a: Marshadow\n|-enditem|p2a: Marshadow|Focus Sash\n|-damage|p2a: Marshadow|1\/100\n|move|p2a: Marshadow|Spectral Thief||[still]\n|-clearpositiveboost|p1a: Xerneas|p2a: Marshadow|move: Spectral Thief\n|-boost|p2a: Marshadow|spa|2\n|-boost|p2a: Marshadow|spd|2\n|-boost|p2a: Marshadow|spe|2\n|-anim|p2a: Marshadow|Spectral Thief|p1a: Xerneas\n|-damage|p1a: Xerneas|0 fnt\n|faint|p1a: Xerneas\n|\n|upkeep\n|\n|t:|1699686950\n|switch|p1a: Kyurem|Kyurem-Black|63\/100\n|-damage|p1a: Kyurem|39\/100|[from] Stealth Rock\n|-damage|p1a: Kyurem|14\/100|[from] Spikes\n|-ability|p1a: Kyurem|Teravolt\n|turn|17\n|\n|t:|1699686955\n|move|p2a: Marshadow|Spectral Thief|p1a: Kyurem\n|-damage|p1a: Kyurem|0 fnt\n|faint|p1a: Kyurem\n|\n|upkeep\n|\n|t:|1699686959\n|switch|p1a: Blastoise|Blastoise, F|100\/100\n|-damage|p1a: Blastoise|88\/100|[from] Stealth Rock\n|-damage|p1a: Blastoise|63\/100|[from] Spikes\n|turn|18\n|\n|t:|1699686964\n|switch|p2a: Groudon|Groudon-Primal, shiny|3\/100\n|-weather|DesolateLand|[from] ability: Desolate Land|[of] p2a: Groudon\n|detailschange|p1a: Blastoise|Blastoise-Mega, F\n|-mega|p1a: Blastoise|Blastoise|Blastoisinite\n|move|p1a: Blastoise|Water Pulse||[still]\n|-fail|p1a: Blastoise|Water Pulse|[from] Desolate Land\n|\n|-weather|DesolateLand|[upkeep]\n|upkeep\n|turn|19\n|\n|t:|1699686968\n|move|p2a: Groudon|Solar Beam||[still]\n|-prepare|p2a: Groudon|Solar Beam\n|-anim|p2a: Groudon|Solar Beam|p1a: Blastoise\n|-supereffective|p1a: Blastoise\n|-damage|p1a: Blastoise|0 fnt\n|faint|p1a: Blastoise\n|\n|win|Rhyfinn 03\n|raw|anmol123's rating: 1293 &rarr; <strong>1270<\/strong><br \/>(-23 for losing)\n|raw|Rhyfinn 03's rating: 1323 &rarr; <strong>1341<\/strong><br \/>(+18 for winning)\n|l|\u2606anmol123\n","uploadtime":1699686973,"views":5,"p1id":"anmol123","p2id":"rhyfinn03","formatid":"gen9nationaldexubers","rating":1270,"private":0,"password":""}