{"id":"gen9nationaldexubers-1987474420","p1":"riamu05","p2":"vptwarrior","format":"[Gen 9] National Dex Ubers","log":"|j|\u2606riamu05\n|j|\u2606vptwarrior\n|t:|1699597537\n|gametype|singles\n|player|p1|riamu05|ethan|1000\n|player|p2|vptwarrior|swimmer|1037\n|teamsize|p1|6\n|teamsize|p2|6\n|gen|9\n|tier|[Gen 9] National Dex Ubers\n|rated|\n|rule|HP Percentage Mod: HP is shown in percentages\n|rule|Endless Battle Clause: Forcing endless battles is banned\n|rule|OHKO Clause: OHKO moves are banned\n|rule|Evasion Moves Clause: Evasion moves are banned\n|rule|Evasion Items Clause: Evasion items are banned\n|rule|Species Clause: Limit one of each Pok\u00e9mon\n|rule|Sleep Clause Mod: Limit one foe put to sleep\n|rule|Mega Rayquaza Clause: You cannot mega evolve Rayquaza\n|clearpoke\n|poke|p1|Spiritomb, F|\n|poke|p1|Roserade, F|\n|poke|p1|Garchomp, M|\n|poke|p1|Lucario, F|\n|poke|p1|Togekiss, F|\n|poke|p1|Milotic, M|\n|poke|p2|Torterra, M|\n|poke|p2|Cradily, F|\n|poke|p2|Venusaur, M|\n|poke|p2|Lilligant, F|\n|poke|p2|Tsareena, F|\n|poke|p2|Ferrothorn, M|\n|teampreview\n|c|\u2606vptwarrior|Cynthia.\n|\n|t:|1699597547\n|start\n|switch|p1a: Garchomp|Garchomp, M|100\/100\n|switch|p2a: Solomon|Torterra, M|100\/100\n|turn|1\n|c|\u2606riamu05|Yes\n|\n|t:|1699597561\n|move|p1a: Garchomp|Stealth Rock|p2a: Solomon\n|-sidestart|p2: vptwarrior|move: Stealth Rock\n|move|p2a: Solomon|Stealth Rock|p1a: Garchomp\n|-sidestart|p1: riamu05|move: Stealth Rock\n|\n|upkeep\n|turn|2\n|\n|t:|1699597572\n|switch|p1a: Spiritomb|Spiritomb, F|100\/100\n|-damage|p1a: Spiritomb|88\/100|[from] Stealth Rock\n|move|p2a: Solomon|Earthquake|p1a: Spiritomb\n|-damage|p1a: Spiritomb|35\/100\n|\n|-heal|p1a: Spiritomb|42\/100|[from] item: Leftovers\n|upkeep\n|turn|3\n|\n|t:|1699597585\n|move|p2a: Solomon|Earthquake|p1a: Spiritomb\n|-damage|p1a: Spiritomb|0 fnt\n|faint|p1a: Spiritomb\n|\n|upkeep\n|\n|t:|1699597606\n|switch|p1a: Milotic|Milotic, M|100\/100\n|-damage|p1a: Milotic|88\/100|[from] Stealth Rock\n|turn|4\n|\n|t:|1699597614\n|move|p1a: Milotic|Ice Beam|p2a: Solomon\n|-supereffective|p2a: Solomon\n|-damage|p2a: Solomon|13\/100\n|move|p2a: Solomon|Seed Bomb|p1a: Milotic\n|-supereffective|p1a: Milotic\n|-damage|p1a: Milotic|24\/100\n|\n|-heal|p1a: Milotic|30\/100|[from] item: Leftovers\n|upkeep\n|turn|5\n|\n|t:|1699597626\n|move|p1a: Milotic|Ice Beam|p2a: Solomon\n|-supereffective|p2a: Solomon\n|-damage|p2a: Solomon|0 fnt\n|faint|p2a: Solomon\n|\n|-heal|p1a: Milotic|36\/100|[from] item: Leftovers\n|upkeep\n|c|\u2606vptwarrior|I'm impressed that didn't bring me to one HP.\n|\n|t:|1699597643\n|switch|p2a: Solora|Lilligant, F|100\/100\n|-damage|p2a: Solora|88\/100|[from] Stealth Rock\n|turn|6\n|\n|t:|1699597655\n|move|p2a: Solora|Quiver Dance|p2a: Solora\n|-boost|p2a: Solora|spa|1\n|-boost|p2a: Solora|spd|1\n|-boost|p2a: Solora|spe|1\n|move|p1a: Milotic|Ice Beam|p2a: Solora\n|-supereffective|p2a: Solora\n|-damage|p2a: Solora|47\/100\n|-enditem|p2a: Solora|Sitrus Berry|[eat]\n|-heal|p2a: Solora|72\/100|[from] item: Sitrus Berry\n|\n|-heal|p1a: Milotic|42\/100|[from] item: Leftovers\n|upkeep\n|turn|7\n|\n|t:|1699597671\n|switch|p1a: Roserade|Roserade, F|100\/100\n|-damage|p1a: Roserade|88\/100|[from] Stealth Rock\n|move|p2a: Solora|Quiver Dance|p2a: Solora\n|-boost|p2a: Solora|spa|1\n|-boost|p2a: Solora|spd|1\n|-boost|p2a: Solora|spe|1\n|\n|-heal|p1a: Roserade|94\/100|[from] item: Black Sludge\n|upkeep\n|turn|8\n|\n|t:|1699597683\n|move|p2a: Solora|Petal Dance|p1a: Roserade\n|-resisted|p1a: Roserade\n|-damage|p1a: Roserade|62\/100\n|move|p1a: Roserade|Toxic Spikes|p2a: Solora\n|-sidestart|p2: vptwarrior|move: Toxic Spikes\n|\n|-heal|p1a: Roserade|68\/100|[from] item: Black Sludge\n|upkeep\n|turn|9\n|\n|t:|1699597693\n|move|p2a: Solora|Petal Dance|p1a: Roserade|[from]lockedmove\n|-resisted|p1a: Roserade\n|-damage|p1a: Roserade|38\/100\n|move|p1a: Roserade|Toxic Spikes|p2a: Solora\n|-sidestart|p2: vptwarrior|move: Toxic Spikes\n|\n|-heal|p1a: Roserade|44\/100|[from] item: Black Sludge\n|upkeep\n|turn|10\n|\n|t:|1699597712\n|move|p2a: Solora|Petal Dance|p1a: Roserade|[from]lockedmove\n|-resisted|p1a: Roserade\n|-damage|p1a: Roserade|13\/100\n|move|p1a: Roserade|Synthesis|p1a: Roserade\n|-heal|p1a: Roserade|63\/100\n|\n|-heal|p1a: Roserade|70\/100|[from] item: Black Sludge\n|upkeep\n|turn|11\n|\n|t:|1699597728\n|move|p2a: Solora|Petal Dance|p1a: Roserade\n|-resisted|p1a: Roserade\n|-damage|p1a: Roserade|38\/100\n|move|p1a: Roserade|Spikes|p2a: Solora\n|-sidestart|p2: vptwarrior|Spikes\n|\n|-heal|p1a: Roserade|44\/100|[from] item: Black Sludge\n|upkeep\n|turn|12\n|\n|t:|1699597738\n|move|p2a: Solora|Petal Dance|p1a: Roserade|[from]lockedmove\n|-resisted|p1a: Roserade\n|-damage|p1a: Roserade|15\/100\n|move|p1a: Roserade|Synthesis|p1a: Roserade\n|-heal|p1a: Roserade|65\/100\n|\n|-heal|p1a: Roserade|71\/100|[from] item: Black Sludge\n|upkeep\n|turn|13\n|\n|t:|1699597748\n|move|p2a: Solora|Petal Dance|p1a: Roserade|[from]lockedmove\n|-resisted|p1a: Roserade\n|-damage|p1a: Roserade|40\/100\n|move|p1a: Roserade|Spikes|p2a: Solora\n|-sidestart|p2: vptwarrior|Spikes\n|\n|-heal|p1a: Roserade|46\/100|[from] item: Black Sludge\n|upkeep\n|turn|14\n|\n|t:|1699597768\n|move|p2a: Solora|Quiver Dance|p2a: Solora\n|-boost|p2a: Solora|spa|1\n|-boost|p2a: Solora|spd|1\n|-boost|p2a: Solora|spe|1\n|move|p1a: Roserade|Synthesis|p1a: Roserade\n|-heal|p1a: Roserade|96\/100\n|\n|-heal|p1a: Roserade|100\/100|[from] item: Black Sludge\n|upkeep\n|turn|15\n|\n|t:|1699597778\n|move|p2a: Solora|Petal Dance|p1a: Roserade\n|-resisted|p1a: Roserade\n|-damage|p1a: Roserade|62\/100\n|move|p1a: Roserade|Spikes|p2a: Solora\n|-sidestart|p2: vptwarrior|Spikes\n|\n|-heal|p1a: Roserade|68\/100|[from] item: Black Sludge\n|upkeep\n|turn|16\n|\n|t:|1699597804\n|switch|p1a: Milotic|Milotic, M|42\/100\n|-damage|p1a: Milotic|30\/100|[from] Stealth Rock\n|move|p2a: Solora|Petal Dance|p1a: Milotic|[from]lockedmove\n|-supereffective|p1a: Milotic\n|-damage|p1a: Milotic|0 fnt\n|faint|p1a: Milotic\n|\n|upkeep\n|\n|t:|1699597816\n|switch|p1a: Lucario|Lucario, F|100\/100\n|-damage|p1a: Lucario|98\/100|[from] Stealth Rock\n|turn|17\n|\n|t:|1699597822\n|move|p1a: Lucario|Extreme Speed|p2a: Solora\n|-damage|p2a: Solora|22\/100\n|-damage|p1a: Lucario|88\/100|[from] item: Life Orb\n|move|p2a: Solora|Petal Dance|p1a: Lucario|[from]lockedmove\n|-resisted|p1a: Lucario\n|-damage|p1a: Lucario|0 fnt\n|faint|p1a: Lucario\n|\n|upkeep\n|\n|t:|1699597841\n|switch|p1a: Togekiss|Togekiss, F|100\/100\n|-damage|p1a: Togekiss|76\/100|[from] Stealth Rock\n|turn|18\n|\n|t:|1699597853\n|move|p2a: Solora|Petal Dance|p1a: Togekiss\n|-resisted|p1a: Togekiss\n|-damage|p1a: Togekiss|17\/100\n|move|p1a: Togekiss|Thunder Wave|p2a: Solora\n|-status|p2a: Solora|par\n|\n|-heal|p1a: Togekiss|23\/100|[from] item: Leftovers\n|upkeep\n|turn|19\n|\n|t:|1699597866\n|move|p2a: Solora|Petal Dance|p1a: Togekiss|[from]lockedmove\n|-resisted|p1a: Togekiss\n|-damage|p1a: Togekiss|0 fnt\n|faint|p1a: Togekiss\n|\n|upkeep\n|\n|t:|1699597873\n|switch|p1a: Roserade|Roserade, F|68\/100\n|-damage|p1a: Roserade|56\/100|[from] Stealth Rock\n|turn|20\n|c|\u2606vptwarrior|Roserade doesn't have a poison move does it?\n|\n|t:|1699597879\n|move|p2a: Solora|Giga Drain|p1a: Roserade\n|-resisted|p1a: Roserade\n|-damage|p1a: Roserade|31\/100\n|-heal|p2a: Solora|37\/100 par|[from] drain|[of] p1a: Roserade\n|move|p1a: Roserade|Leaf Storm|p2a: Solora\n|-resisted|p2a: Solora\n|-damage|p2a: Solora|19\/100 par\n|-unboost|p1a: Roserade|spa|2\n|\n|-heal|p1a: Roserade|37\/100|[from] item: Black Sludge\n|upkeep\n|turn|21\n|\n|t:|1699597895\n|cant|p2a: Solora|par\n|move|p1a: Roserade|Synthesis|p1a: Roserade\n|-heal|p1a: Roserade|87\/100\n|\n|-heal|p1a: Roserade|93\/100|[from] item: Black Sludge\n|upkeep\n|turn|22\n|\n|t:|1699597903\n|move|p2a: Solora|Aromatherapy|p2a: Solora\n|-activate|p2a: Solora|move: Aromatherapy\n|-curestatus|p2a: Solora|par|[msg]\n|move|p1a: Roserade|Leaf Storm|p2a: Solora|[miss]\n|-miss|p1a: Roserade|p2a: Solora\n|\n|-heal|p1a: Roserade|99\/100|[from] item: Black Sludge\n|upkeep\n|turn|23\n|c|\u2606riamu05|My one no\n|\n|t:|1699597929\n|move|p2a: Solora|Quiver Dance|p2a: Solora\n|-boost|p2a: Solora|spa|1\n|-boost|p2a: Solora|spd|1\n|-boost|p2a: Solora|spe|1\n|move|p1a: Roserade|Leaf Storm|p2a: Solora\n|-resisted|p2a: Solora\n|-damage|p2a: Solora|13\/100\n|-unboost|p1a: Roserade|spa|2\n|\n|-heal|p1a: Roserade|100\/100|[from] item: Black Sludge\n|upkeep\n|turn|24\n|\n|t:|1699597942\n|move|p2a: Solora|Giga Drain|p1a: Roserade\n|-resisted|p1a: Roserade\n|-damage|p1a: Roserade|74\/100\n|-heal|p2a: Solora|28\/100|[from] drain|[of] p1a: Roserade\n|move|p1a: Roserade|Leaf Storm|p2a: Solora|[miss]\n|-miss|p1a: Roserade|p2a: Solora\n|\n|-heal|p1a: Roserade|80\/100|[from] item: Black Sludge\n|upkeep\n|turn|25\n|\n|t:|1699597953\n|move|p2a: Solora|Giga Drain|p1a: Roserade\n|-resisted|p1a: Roserade\n|-damage|p1a: Roserade|51\/100\n|-heal|p2a: Solora|45\/100|[from] drain|[of] p1a: Roserade\n|move|p1a: Roserade|Leaf Storm|p2a: Solora|[miss]\n|-miss|p1a: Roserade|p2a: Solora\n|\n|-heal|p1a: Roserade|57\/100|[from] item: Black Sludge\n|upkeep\n|turn|26\n|\n|t:|1699597965\n|move|p2a: Solora|Giga Drain|p1a: Roserade\n|-resisted|p1a: Roserade\n|-damage|p1a: Roserade|27\/100\n|-heal|p2a: Solora|62\/100|[from] drain|[of] p1a: Roserade\n|move|p1a: Roserade|Leaf Storm|p2a: Solora\n|-resisted|p2a: Solora\n|-damage|p2a: Solora|57\/100\n|-unboost|p1a: Roserade|spa|2\n|\n|-heal|p1a: Roserade|33\/100|[from] item: Black Sludge\n|upkeep\n|turn|27\n|\n|t:|1699597988\n|move|p2a: Solora|Giga Drain|p1a: Roserade\n|-resisted|p1a: Roserade\n|-damage|p1a: Roserade|5\/100\n|-heal|p2a: Solora|74\/100|[from] drain|[of] p1a: Roserade\n|move|p1a: Roserade|Leaf Storm|p2a: Solora\n|-resisted|p2a: Solora\n|-damage|p2a: Solora|70\/100\n|\n|-heal|p1a: Roserade|11\/100|[from] item: Black Sludge\n|upkeep\n|turn|28\n|\n|t:|1699597999\n|move|p2a: Solora|Giga Drain|p1a: Roserade\n|-resisted|p1a: Roserade\n|-damage|p1a: Roserade|0 fnt\n|-heal|p2a: Solora|76\/100|[from] drain|[of] p1a: Roserade\n|faint|p1a: Roserade\n|\n|upkeep\n|\n|t:|1699598010\n|switch|p1a: Garchomp|Garchomp, M|100\/100\n|-damage|p1a: Garchomp|94\/100|[from] Stealth Rock\n|turn|29\n|\n|t:|1699598021\n|move|p2a: Solora|Giga Drain|p1a: Garchomp\n|-damage|p1a: Garchomp|0 fnt\n|-heal|p2a: Solora|100\/100|[from] drain|[of] p1a: Garchomp\n|faint|p1a: Garchomp\n|\n|win|vptwarrior\n|raw|riamu05's rating: 1000 &rarr; <strong>1000<\/strong><br \/>(+0 for losing)\n|raw|vptwarrior's rating: 1037 &rarr; <strong>1068<\/strong><br \/>(+31 for winning)\n|c|\u2606vptwarrior|for sure roserade is not great for set-up\n|l|\u2606riamu05\n|c|\u2606vptwarrior|its good for offensive.\n","uploadtime":1699598049,"views":7,"p1id":"riamu05","p2id":"vptwarrior","formatid":"gen9nationaldexubers","rating":1000,"private":0,"password":""}