{"id":"gen9nationaldexubers-1987314236","p1":"lynieryz","p2":"kitmash","format":"[Gen 9] National Dex Ubers","log":"|j|\u2606lynieryz\n|j|\u2606kitmash\n|t:|1699576454\n|gametype|singles\n|player|p1|lynieryz|skyla-masters|1344\n|player|p2|kitmash|101|1441\n|teamsize|p1|6\n|teamsize|p2|6\n|gen|9\n|tier|[Gen 9] National Dex Ubers\n|rated|\n|rule|HP Percentage Mod: HP is shown in percentages\n|rule|Endless Battle Clause: Forcing endless battles is banned\n|rule|OHKO Clause: OHKO moves are banned\n|rule|Evasion Moves Clause: Evasion moves are banned\n|rule|Evasion Items Clause: Evasion items are banned\n|rule|Species Clause: Limit one of each Pok\u00e9mon\n|rule|Sleep Clause Mod: Limit one foe put to sleep\n|rule|Mega Rayquaza Clause: You cannot mega evolve Rayquaza\n|clearpoke\n|poke|p1|Shuckle, F|\n|poke|p1|Regieleki|\n|poke|p1|Kyogre|\n|poke|p1|Yveltal|\n|poke|p1|Necrozma-Dusk-Mane|\n|poke|p1|Ditto|\n|poke|p2|Ursaluna-Bloodmoon, M|\n|poke|p2|Chi-Yu|\n|poke|p2|Salamence, F|\n|poke|p2|Arceus-Poison|\n|poke|p2|Lugia|\n|poke|p2|Zacian-*|\n|teampreview\n|inactive|Battle timer is ON: inactive players will automatically lose when time's up. (requested by lynieryz)\n|\n|t:|1699576464\n|start\n|switch|p1a: Shuckle|Shuckle, F, shiny|100\/100\n|switch|p2a: Chi-Yu|Chi-Yu|100\/100\n|-ability|p2a: Chi-Yu|Beads of Ruin\n|turn|1\n|\n|t:|1699576471\n|move|p2a: Chi-Yu|Dark Pulse|p1a: Shuckle\n|-damage|p1a: Shuckle|43\/100\n|-enditem|p1a: Shuckle|Red Card|[of] p2a: Chi-Yu\n|drag|p2a: Ursaluna|Ursaluna-Bloodmoon, M|100\/100\n|move|p1a: Shuckle|Sticky Web|p2a: Ursaluna\n|-sidestart|p2: kitmash|move: Sticky Web\n|\n|upkeep\n|turn|2\n|\n|t:|1699576481\n|move|p2a: Ursaluna|Earth Power|p1a: Shuckle\n|-damage|p1a: Shuckle|0 fnt\n|faint|p1a: Shuckle\n|\n|upkeep\n|\n|t:|1699576494\n|switch|p1a: Kyogre|Kyogre|100\/100\n|-weather|RainDance|[from] ability: Drizzle|[of] p1a: Kyogre\n|turn|3\n|\n|t:|1699576501\n|switch|p2a: Lugia|Lugia|100\/100\n|-ability|p2a: Lugia|Pressure\n|-terastallize|p1a: Kyogre|Water\n|move|p1a: Kyogre|Water Spout|p2a: Lugia\n|-damage|p2a: Lugia|0 fnt\n|faint|p2a: Lugia\n|\n|-weather|RainDance|[upkeep]\n|upkeep\n|\n|t:|1699576512\n|switch|p2a: Salamence|Salamence, F|100\/100\n|-ability|p2a: Salamence|Intimidate|boost\n|-unboost|p1a: Kyogre|atk|1\n|turn|4\n|\n|t:|1699576528\n|switch|p1a: Yveltal|Yveltal|100\/100\n|-ability|p1a: Yveltal|Dark Aura\n|detailschange|p2a: Salamence|Salamence-Mega, F\n|-mega|p2a: Salamence|Salamence|Salamencite\n|move|p2a: Salamence|Double-Edge|p1a: Yveltal\n|-damage|p1a: Yveltal|35\/100\n|-damage|p2a: Salamence|79\/100|[from] Recoil\n|\n|-weather|RainDance|[upkeep]\n|upkeep\n|turn|5\n|\n|t:|1699576539\n|move|p1a: Yveltal|Sucker Punch||[still]\n|-fail|p1a: Yveltal\n|move|p2a: Salamence|Defog|p1a: Yveltal\n|-unboost|p1a: Yveltal|evasion|1\n|-sideend|p2: kitmash|Sticky Web|[from] move: Defog|[of] p2a: Salamence\n|\n|-weather|RainDance|[upkeep]\n|upkeep\n|turn|6\n|\n|t:|1699576550\n|move|p1a: Yveltal|Sucker Punch|p2a: Salamence\n|-damage|p2a: Salamence|52\/100\n|-damage|p1a: Yveltal|25\/100|[from] item: Life Orb\n|move|p2a: Salamence|Double-Edge|p1a: Yveltal\n|-damage|p1a: Yveltal|0 fnt\n|faint|p1a: Yveltal\n|-damage|p2a: Salamence|44\/100|[from] Recoil\n|\n|-weather|RainDance|[upkeep]\n|upkeep\n|\n|t:|1699576557\n|switch|p1a: Ditto|Ditto, shiny|100\/100\n|-transform|p1a: Ditto|p2a: Salamence|[from] ability: Imposter\n|turn|7\n|\n|t:|1699576569\n|switch|p2a: Zacian|Zacian-Crowned|100\/100\n|-ability|p2a: Zacian|Intrepid Sword|boost\n|-boost|p2a: Zacian|atk|1\n|move|p1a: Ditto|Double-Edge|p2a: Zacian\n|-resisted|p2a: Zacian\n|-damage|p2a: Zacian|80\/100\n|-damage|p1a: Ditto|91\/100|[from] Recoil\n|\n|-weather|none\n|upkeep\n|turn|8\n|\n|t:|1699576590\n|switch|p1a: Necrozma|Necrozma-Dusk-Mane|100\/100\n|switch|p2a: Chi-Yu|Chi-Yu|100\/100\n|-ability|p2a: Chi-Yu|Beads of Ruin\n|\n|upkeep\n|turn|9\n|\n|t:|1699576609\n|-terastallize|p2a: Chi-Yu|Dark\n|move|p2a: Chi-Yu|Dark Pulse|p1a: Necrozma\n|-supereffective|p1a: Necrozma\n|-damage|p1a: Necrozma|0 fnt\n|faint|p1a: Necrozma\n|\n|upkeep\n|\n|t:|1699576618\n|switch|p1a: Regieleki|Regieleki|100\/100\n|turn|10\n|\n|t:|1699576622\n|switch|p2a: Ursaluna|Ursaluna-Bloodmoon, M|100\/100\n|move|p1a: Regieleki|Explosion|p2a: Ursaluna\n|-damage|p2a: Ursaluna|25\/100\n|faint|p1a: Regieleki\n|\n|upkeep\n|\n|t:|1699576630\n|switch|p1a: Kyogre|Kyogre, tera:Water|100\/100\n|-weather|RainDance|[from] ability: Drizzle|[of] p1a: Kyogre\n|turn|11\n|\n|t:|1699576639\n|move|p2a: Ursaluna|Vacuum Wave|p1a: Kyogre\n|-damage|p1a: Kyogre|83\/100\n|move|p1a: Kyogre|Origin Pulse|p2a: Ursaluna\n|-supereffective|p2a: Ursaluna\n|-damage|p2a: Ursaluna|0 fnt\n|faint|p2a: Ursaluna\n|\n|-weather|RainDance|[upkeep]\n|upkeep\n|\n|t:|1699576653\n|switch|p2a: Chi-Yu|Chi-Yu, tera:Dark|100\/100\n|-ability|p2a: Chi-Yu|Beads of Ruin\n|turn|12\n|\n|t:|1699576657\n|move|p1a: Kyogre|Origin Pulse|p2a: Chi-Yu\n|-damage|p2a: Chi-Yu|0 fnt\n|faint|p2a: Chi-Yu\n|\n|-weather|RainDance|[upkeep]\n|upkeep\n|\n|t:|1699576664\n|switch|p2a: Arceus|Arceus-Poison|100\/100\n|turn|13\n|\n|t:|1699576669\n|move|p1a: Kyogre|Origin Pulse|p2a: Arceus\n|-damage|p2a: Arceus|6\/100\n|move|p2a: Arceus|Gunk Shot|p1a: Kyogre\n|-damage|p1a: Kyogre|17\/100\n|\n|-weather|RainDance|[upkeep]\n|upkeep\n|turn|14\n|\n|t:|1699576680\n|move|p1a: Kyogre|Origin Pulse|p2a: Arceus\n|-damage|p2a: Arceus|0 fnt\n|faint|p2a: Arceus\n|\n|-weather|RainDance|[upkeep]\n|upkeep\n|\n|t:|1699576689\n|switch|p2a: Zacian|Zacian-Crowned|80\/100\n|turn|15\n|\n|t:|1699576696\n|move|p2a: Zacian|Behemoth Blade|p1a: Kyogre\n|-resisted|p1a: Kyogre\n|-damage|p1a: Kyogre|0 fnt\n|faint|p1a: Kyogre\n|\n|-weather|none\n|upkeep\n|\n|t:|1699576703\n|switch|p1a: Ditto|Ditto, shiny|91\/100\n|-transform|p1a: Ditto|p2a: Zacian|[from] ability: Imposter\n|-ability|p1a: Ditto|Intrepid Sword|boost\n|-boost|p1a: Ditto|atk|1\n|turn|16\n|c|\u2606lynieryz|!weakness Zacian-Crowned\n|c| lynieryz|\/raw <div class=\"infobox\">Zacian-Crowned (ignoring abilities):<br \/><span class=\"message-effect-weak\">Weaknesses<\/span>: Fire, Ground<br \/><span class=\"message-effect-resist\">Resistances<\/span>: <b>Bug<\/b>, Dark, Fairy, Flying, Grass, Ice, Normal, Psychic, Rock<br \/><span class=\"message-effect-immune\">Immunities<\/span>: Dragon, Poison, Sandstorm damage, Toxic<\/div>\n|inactive|lynieryz has 120 seconds left.\n|\n|t:|1699576752\n|move|p1a: Ditto|Behemoth Blade|p2a: Zacian\n|-damage|p2a: Zacian|36\/100\n|move|p2a: Zacian|Noble Roar|p1a: Ditto\n|-unboost|p1a: Ditto|atk|1\n|-unboost|p1a: Ditto|spa|1\n|\n|upkeep\n|turn|17\n|\n|t:|1699576763\n|move|p1a: Ditto|Behemoth Blade|p2a: Zacian\n|-damage|p2a: Zacian|8\/100\n|move|p2a: Zacian|Noble Roar|p1a: Ditto\n|-unboost|p1a: Ditto|atk|1\n|-unboost|p1a: Ditto|spa|1\n|\n|upkeep\n|turn|18\n|\n|t:|1699576770\n|move|p1a: Ditto|Behemoth Blade|p2a: Zacian\n|-crit|p2a: Zacian\n|-damage|p2a: Zacian|0 fnt\n|faint|p2a: Zacian\n|\n|upkeep\n|\n|t:|1699576775\n|switch|p2a: Salamence|Salamence-Mega, F|44\/100\n|turn|19\n|\n|t:|1699576778\n|move|p1a: Ditto|Behemoth Blade|p2a: Salamence\n|-damage|p2a: Salamence|26\/100\n|move|p2a: Salamence|Roost|p2a: Salamence\n|-heal|p2a: Salamence|76\/100\n|-singleturn|p2a: Salamence|move: Roost\n|\n|upkeep\n|turn|20\n|\n|t:|1699576785\n|move|p1a: Ditto|Behemoth Blade|p2a: Salamence\n|-damage|p2a: Salamence|60\/100\n|move|p2a: Salamence|Roost|p2a: Salamence\n|-heal|p2a: Salamence|100\/100\n|-singleturn|p2a: Salamence|move: Roost\n|\n|upkeep\n|turn|21\n|\n|t:|1699576793\n|-activate|p1a: Ditto|move: Struggle\n|move|p1a: Ditto|Struggle|p2a: Salamence\n|-damage|p2a: Salamence|95\/100\n|-damage|p1a: Ditto|66\/100|[from] recoil\n|move|p2a: Salamence|Double-Edge|p1a: Ditto\n|-resisted|p1a: Ditto\n|-damage|p1a: Ditto|40\/100\n|-damage|p2a: Salamence|88\/100|[from] Recoil\n|\n|upkeep\n|turn|22\n|\n|t:|1699576802\n|-activate|p1a: Ditto|move: Struggle\n|move|p1a: Ditto|Struggle|p2a: Salamence\n|-damage|p2a: Salamence|83\/100\n|-damage|p1a: Ditto|15\/100|[from] recoil\n|move|p2a: Salamence|Double-Edge|p1a: Ditto\n|-resisted|p1a: Ditto\n|-damage|p1a: Ditto|0 fnt\n|faint|p1a: Ditto\n|-damage|p2a: Salamence|79\/100|[from] Recoil\n|\n|win|kitmash\n|raw|lynieryz's rating: 1344 &rarr; <strong>1329<\/strong><br \/>(-15 for losing)\n|raw|kitmash's rating: 1441 &rarr; <strong>1456<\/strong><br \/>(+15 for winning)\n|c|\u2606lynieryz|GG\n|c|\u2606kitmash|gg\n","uploadtime":1699576818,"views":13,"p1id":"lynieryz","p2id":"kitmash","formatid":"gen9nationaldexubers","rating":1329,"private":0,"password":""}