{"id":"gen9nationaldexubers-1984424199","p1":"3antar","p2":"himdieu","format":"[Gen 9] National Dex Ubers","log":"|j|\u26063antar\n|j|\u2606himdieu\n|t:|1699261210\n|gametype|singles\n|player|p1|3antar|brycenman|1045\n|player|p2|himdieu|darach-caitlin|1041\n|teamsize|p1|6\n|teamsize|p2|6\n|gen|9\n|tier|[Gen 9] National Dex Ubers\n|rated|\n|rule|HP Percentage Mod: HP is shown in percentages\n|rule|Endless Battle Clause: Forcing endless battles is banned\n|rule|OHKO Clause: OHKO moves are banned\n|rule|Evasion Moves Clause: Evasion moves are banned\n|rule|Evasion Items Clause: Evasion items are banned\n|rule|Species Clause: Limit one of each Pok\u00e9mon\n|rule|Sleep Clause Mod: Limit one foe put to sleep\n|rule|Mega Rayquaza Clause: You cannot mega evolve Rayquaza\n|clearpoke\n|poke|p1|Deoxys-Attack|\n|poke|p1|Landorus, M|\n|poke|p1|Yveltal|\n|poke|p1|Toxapex, F|\n|poke|p1|Marshadow|\n|poke|p1|Pinsir, M|\n|poke|p2|Cyclizar, F|\n|poke|p2|Heracross, M|\n|poke|p2|Annihilape, F|\n|poke|p2|Alakazam, M|\n|poke|p2|Iron Valiant|\n|poke|p2|Skeledirge, F|\n|teampreview\n|\n|t:|1699261220\n|start\n|switch|p1a: Deoxys|Deoxys-Attack|100\/100\n|switch|p2a: Cyclizar|Cyclizar, F|100\/100\n|-ability|p1a: Deoxys|Pressure\n|turn|1\n|\n|t:|1699261225\n|move|p1a: Deoxys|Stealth Rock|p2a: Cyclizar\n|-sidestart|p2: himdieu|move: Stealth Rock\n|move|p2a: Cyclizar|Shed Tail|p2a: Cyclizar\n|-start|p2a: Cyclizar|Substitute|[from] move: Shed Tail\n|-damage|p2a: Cyclizar|50\/100\n|-enditem|p2a: Cyclizar|Sitrus Berry|[eat]\n|-heal|p2a: Cyclizar|75\/100|[from] item: Sitrus Berry\n|\n|t:|1699261236\n|switch|p2a: Iron Valiant|Iron Valiant|100\/100|[from] Shed Tail\n|-damage|p2a: Iron Valiant|94\/100|[from] Stealth Rock\n|-enditem|p2a: Iron Valiant|Booster Energy\n|-activate|p2a: Iron Valiant|ability: Quark Drive|[fromitem]\n|-start|p2a: Iron Valiant|quarkdrivespe\n|\n|upkeep\n|turn|2\n|\n|t:|1699261247\n|move|p1a: Deoxys|Extreme Speed|p2a: Iron Valiant\n|-end|p2a: Iron Valiant|Substitute\n|move|p2a: Iron Valiant|Calm Mind|p2a: Iron Valiant\n|-boost|p2a: Iron Valiant|spa|1\n|-boost|p2a: Iron Valiant|spd|1\n|\n|upkeep\n|turn|3\n|\n|t:|1699261255\n|-terastallize|p2a: Iron Valiant|Steel\n|move|p1a: Deoxys|Extreme Speed|p2a: Iron Valiant\n|-resisted|p2a: Iron Valiant\n|-damage|p2a: Iron Valiant|72\/100\n|move|p2a: Iron Valiant|Shadow Ball|p1a: Deoxys\n|-supereffective|p1a: Deoxys\n|-enditem|p1a: Deoxys|Focus Sash\n|-damage|p1a: Deoxys|1\/100\n|\n|upkeep\n|turn|4\n|\n|t:|1699261264\n|move|p2a: Iron Valiant|Shadow Ball|p1a: Deoxys\n|-supereffective|p1a: Deoxys\n|-damage|p1a: Deoxys|0 fnt\n|faint|p1a: Deoxys\n|\n|upkeep\n|\n|t:|1699261277\n|switch|p1a: Pinsir|Pinsir, M|100\/100\n|turn|5\n|\n|t:|1699261283\n|move|p2a: Iron Valiant|Moonblast|p1a: Pinsir\n|-damage|p1a: Pinsir|0 fnt\n|faint|p1a: Pinsir\n|\n|upkeep\n|\n|t:|1699261296\n|switch|p1a: Landorus|Landorus, M|100\/100\n|turn|6\n|\n|t:|1699261298\n|move|p2a: Iron Valiant|Moonblast|p1a: Landorus\n|-damage|p1a: Landorus|13\/100\n|move|p1a: Landorus|Earth Power|p2a: Iron Valiant\n|-supereffective|p2a: Iron Valiant\n|-damage|p2a: Iron Valiant|0 fnt\n|faint|p2a: Iron Valiant\n|-end|p2a: Iron Valiant|Quark Drive|[silent]\n|\n|upkeep\n|\n|t:|1699261307\n|switch|p2a: Heracross|Heracross, M|100\/100\n|-damage|p2a: Heracross|88\/100|[from] Stealth Rock\n|turn|7\n|\n|t:|1699261319\n|move|p1a: Landorus|Hidden Power|p2a: Heracross\n|-supereffective|p2a: Heracross\n|-crit|p2a: Heracross\n|-damage|p2a: Heracross|0 fnt\n|faint|p2a: Heracross\n|-damage|p1a: Landorus|3\/100|[from] item: Life Orb\n|\n|upkeep\n|\n|t:|1699261325\n|switch|p2a: Alakazam|Alakazam, M|100\/100\n|turn|8\n|\n|t:|1699261331\n|move|p2a: Alakazam|Psychic|p1a: Landorus\n|-damage|p1a: Landorus|0 fnt\n|faint|p1a: Landorus\n|\n|upkeep\n|\n|t:|1699261337\n|switch|p1a: Yveltal|Yveltal, shiny|100\/100\n|-ability|p1a: Yveltal|Dark Aura\n|turn|9\n|\n|t:|1699261339\n|move|p2a: Alakazam|Dazzling Gleam|p1a: Yveltal\n|-supereffective|p1a: Yveltal\n|-damage|p1a: Yveltal|60\/100\n|move|p1a: Yveltal|Foul Play|p2a: Alakazam\n|-supereffective|p2a: Alakazam\n|-damage|p2a: Alakazam|10\/100\n|\n|upkeep\n|turn|10\n|\n|t:|1699261342\n|move|p1a: Yveltal|Sucker Punch|p2a: Alakazam\n|-supereffective|p2a: Alakazam\n|-damage|p2a: Alakazam|0 fnt\n|faint|p2a: Alakazam\n|\n|upkeep\n|\n|t:|1699261346\n|switch|p2a: Cyclizar|Cyclizar, F|100\/100\n|-damage|p2a: Cyclizar|88\/100|[from] Stealth Rock\n|turn|11\n|\n|t:|1699261370\n|move|p2a: Cyclizar|Shed Tail|p2a: Cyclizar\n|-start|p2a: Cyclizar|Substitute|[from] move: Shed Tail\n|-damage|p2a: Cyclizar|38\/100\n|\n|t:|1699261375\n|switch|p2a: Skeledirge|Skeledirge, F|100\/100|[from] Shed Tail\n|-damage|p2a: Skeledirge|75\/100|[from] Stealth Rock\n|move|p1a: Yveltal|Foul Play|p2a: Skeledirge\n|-supereffective|p2a: Skeledirge\n|-end|p2a: Skeledirge|Substitute\n|\n|-heal|p2a: Skeledirge|82\/100|[from] item: Leftovers\n|upkeep\n|turn|12\n|\n|t:|1699261386\n|move|p1a: Yveltal|Foul Play|p2a: Skeledirge\n|-supereffective|p2a: Skeledirge\n|-damage|p2a: Skeledirge|42\/100\n|move|p2a: Skeledirge|Will-O-Wisp|p1a: Yveltal\n|-status|p1a: Yveltal|brn\n|\n|-heal|p2a: Skeledirge|48\/100|[from] item: Leftovers\n|-damage|p1a: Yveltal|54\/100 brn|[from] brn\n|upkeep\n|turn|13\n|\n|t:|1699261394\n|move|p1a: Yveltal|Foul Play|p2a: Skeledirge\n|-supereffective|p2a: Skeledirge\n|-damage|p2a: Skeledirge|26\/100\n|move|p2a: Skeledirge|Slack Off|p2a: Skeledirge\n|-heal|p2a: Skeledirge|76\/100\n|\n|-heal|p2a: Skeledirge|82\/100|[from] item: Leftovers\n|-damage|p1a: Yveltal|48\/100 brn|[from] brn\n|upkeep\n|turn|14\n|\n|t:|1699261406\n|switch|p2a: Cyclizar|Cyclizar, F|71\/100\n|-damage|p2a: Cyclizar|59\/100|[from] Stealth Rock\n|move|p1a: Yveltal|Roost|p1a: Yveltal\n|-heal|p1a: Yveltal|98\/100 brn\n|-singleturn|p1a: Yveltal|move: Roost\n|\n|-damage|p1a: Yveltal|92\/100 brn|[from] brn\n|upkeep\n|turn|15\n|\n|t:|1699261419\n|move|p2a: Cyclizar|Shed Tail|p2a: Cyclizar\n|-start|p2a: Cyclizar|Substitute|[from] move: Shed Tail\n|-damage|p2a: Cyclizar|9\/100\n|\n|t:|1699261423\n|switch|p2a: Skeledirge|Skeledirge, F|82\/100|[from] Shed Tail\n|-damage|p2a: Skeledirge|57\/100|[from] Stealth Rock\n|move|p1a: Yveltal|Foul Play|p2a: Skeledirge\n|-supereffective|p2a: Skeledirge\n|-crit|p2a: Skeledirge\n|-end|p2a: Skeledirge|Substitute\n|\n|-heal|p2a: Skeledirge|63\/100|[from] item: Leftovers\n|-damage|p1a: Yveltal|86\/100 brn|[from] brn\n|upkeep\n|turn|16\n|\n|t:|1699261432\n|switch|p1a: Toxapex|Toxapex, F|100\/100\n|move|p2a: Skeledirge|Torch Song|p1a: Toxapex\n|-resisted|p1a: Toxapex\n|-damage|p1a: Toxapex|88\/100\n|-boost|p2a: Skeledirge|spa|1\n|\n|-heal|p2a: Skeledirge|69\/100|[from] item: Leftovers\n|-heal|p1a: Toxapex|94\/100|[from] item: Black Sludge\n|upkeep\n|turn|17\n|\n|t:|1699261438\n|move|p2a: Skeledirge|Will-O-Wisp|p1a: Toxapex\n|-status|p1a: Toxapex|brn\n|move|p1a: Toxapex|Toxic|p2a: Skeledirge\n|-status|p2a: Skeledirge|tox\n|\n|-heal|p2a: Skeledirge|75\/100 tox|[from] item: Leftovers\n|-heal|p1a: Toxapex|100\/100 brn|[from] item: Black Sludge\n|-damage|p2a: Skeledirge|69\/100 tox|[from] psn\n|-damage|p1a: Toxapex|94\/100 brn|[from] brn\n|upkeep\n|turn|18\n|\n|t:|1699261443\n|move|p2a: Skeledirge|Hex|p1a: Toxapex\n|-damage|p1a: Toxapex|38\/100 brn\n|move|p1a: Toxapex|Scald|p2a: Skeledirge\n|-supereffective|p2a: Skeledirge\n|-damage|p2a: Skeledirge|46\/100 tox\n|\n|-heal|p2a: Skeledirge|52\/100 tox|[from] item: Leftovers\n|-heal|p1a: Toxapex|44\/100 brn|[from] item: Black Sludge\n|-damage|p2a: Skeledirge|40\/100 tox|[from] psn\n|-damage|p1a: Toxapex|38\/100 brn|[from] brn\n|upkeep\n|turn|19\n|\n|t:|1699261448\n|move|p1a: Toxapex|Baneful Bunker|p1a: Toxapex\n|-singleturn|p1a: Toxapex|move: Protect\n|move|p2a: Skeledirge|Hex|p1a: Toxapex\n|-activate|p1a: Toxapex|move: Protect\n|\n|-heal|p2a: Skeledirge|46\/100 tox|[from] item: Leftovers\n|-heal|p1a: Toxapex|44\/100 brn|[from] item: Black Sludge\n|-damage|p2a: Skeledirge|28\/100 tox|[from] psn\n|-damage|p1a: Toxapex|38\/100 brn|[from] brn\n|upkeep\n|turn|20\n|\n|t:|1699261459\n|switch|p1a: Yveltal|Yveltal, shiny|86\/100 brn\n|-ability|p1a: Yveltal|Dark Aura\n|move|p2a: Skeledirge|Hex|p1a: Yveltal\n|-resisted|p1a: Yveltal\n|-damage|p1a: Yveltal|67\/100 brn\n|\n|-heal|p2a: Skeledirge|34\/100 tox|[from] item: Leftovers\n|-damage|p2a: Skeledirge|9\/100 tox|[from] psn\n|-damage|p1a: Yveltal|61\/100 brn|[from] brn\n|upkeep\n|turn|21\n|\n|t:|1699261466\n|move|p1a: Yveltal|Roost|p1a: Yveltal\n|-heal|p1a: Yveltal|100\/100 brn\n|-singleturn|p1a: Yveltal|move: Roost\n|move|p2a: Skeledirge|Slack Off|p2a: Skeledirge\n|-heal|p2a: Skeledirge|59\/100 tox\n|\n|-heal|p2a: Skeledirge|66\/100 tox|[from] item: Leftovers\n|-damage|p2a: Skeledirge|35\/100 tox|[from] psn\n|-damage|p1a: Yveltal|94\/100 brn|[from] brn\n|upkeep\n|turn|22\n|\n|t:|1699261472\n|move|p1a: Yveltal|Foul Play|p2a: Skeledirge\n|-supereffective|p2a: Skeledirge\n|-damage|p2a: Skeledirge|16\/100 tox\n|move|p2a: Skeledirge|Torch Song|p1a: Yveltal\n|-damage|p1a: Yveltal|69\/100 brn\n|-boost|p2a: Skeledirge|spa|1\n|\n|-heal|p2a: Skeledirge|22\/100 tox|[from] item: Leftovers\n|-damage|p2a: Skeledirge|0 fnt|[from] psn\n|faint|p2a: Skeledirge\n|-damage|p1a: Yveltal|63\/100 brn|[from] brn\n|upkeep\n|\n|t:|1699261482\n|switch|p2a: Annihilape|Annihilape, F|100\/100\n|-damage|p2a: Annihilape|94\/100|[from] Stealth Rock\n|turn|23\n|\n|t:|1699261489\n|move|p1a: Yveltal|Roost|p1a: Yveltal\n|-heal|p1a: Yveltal|100\/100 brn\n|-singleturn|p1a: Yveltal|move: Roost\n|move|p2a: Annihilape|Drain Punch|p1a: Yveltal\n|-supereffective|p1a: Yveltal\n|-damage|p1a: Yveltal|40\/100 brn\n|-heal|p2a: Annihilape|100\/100|[from] drain|[of] p1a: Yveltal\n|\n|-damage|p1a: Yveltal|34\/100 brn|[from] brn\n|upkeep\n|turn|24\n|\n|t:|1699261523\n|switch|p1a: Toxapex|Toxapex, F|71\/100 brn\n|move|p2a: Annihilape|Taunt|p1a: Toxapex\n|-start|p1a: Toxapex|move: Taunt\n|\n|-heal|p1a: Toxapex|77\/100 brn|[from] item: Black Sludge\n|-damage|p1a: Toxapex|71\/100 brn|[from] brn\n|upkeep\n|turn|25\n|\n|t:|1699261532\n|switch|p2a: Cyclizar|Cyclizar, F|42\/100\n|-damage|p2a: Cyclizar|30\/100|[from] Stealth Rock\n|switch|p1a: Yveltal|Yveltal, shiny|34\/100 brn\n|-ability|p1a: Yveltal|Dark Aura\n|\n|-damage|p1a: Yveltal|28\/100 brn|[from] brn\n|upkeep\n|turn|26\n|\n|t:|1699261538\n|move|p2a: Cyclizar|Rapid Spin|p1a: Yveltal\n|-damage|p1a: Yveltal|14\/100 brn\n|-boost|p2a: Cyclizar|spe|1\n|-sideend|p2: himdieu|Stealth Rock|[from] move: Rapid Spin|[of] p2a: Cyclizar\n|move|p1a: Yveltal|Foul Play|p2a: Cyclizar\n|-damage|p2a: Cyclizar|2\/100\n|\n|-damage|p1a: Yveltal|8\/100 brn|[from] brn\n|upkeep\n|turn|27\n|\n|t:|1699261550\n|move|p2a: Cyclizar|Knock Off|p1a: Yveltal\n|-resisted|p1a: Yveltal\n|-damage|p1a: Yveltal|0 fnt\n|-enditem|p1a: Yveltal|Heavy-Duty Boots|[from] move: Knock Off|[of] p2a: Cyclizar\n|faint|p1a: Yveltal\n|\n|upkeep\n|\n|t:|1699261553\n|switch|p1a: Toxapex|Toxapex, F|100\/100 brn\n|turn|28\n|\n|t:|1699261560\n|move|p2a: Cyclizar|Taunt|p1a: Toxapex\n|-start|p1a: Toxapex|move: Taunt\n|cant|p1a: Toxapex|move: Taunt|Toxic\n|\n|-damage|p1a: Toxapex|94\/100 brn|[from] brn\n|upkeep\n|turn|29\n|\n|t:|1699261566\n|switch|p2a: Annihilape|Annihilape, F|100\/100\n|move|p1a: Toxapex|Scald|p2a: Annihilape\n|-damage|p2a: Annihilape|88\/100\n|\n|-heal|p2a: Annihilape|94\/100|[from] item: Leftovers\n|-heal|p1a: Toxapex|100\/100 brn|[from] item: Black Sludge\n|-damage|p1a: Toxapex|94\/100 brn|[from] brn\n|upkeep\n|turn|30\n|\n|t:|1699261573\n|switch|p2a: Cyclizar|Cyclizar, F|35\/100\n|move|p1a: Toxapex|Scald|p2a: Cyclizar\n|-resisted|p2a: Cyclizar\n|-crit|p2a: Cyclizar\n|-damage|p2a: Cyclizar|19\/100\n|-status|p2a: Cyclizar|brn\n|\n|-heal|p1a: Toxapex|100\/100 brn|[from] item: Black Sludge\n|-damage|p2a: Cyclizar|12\/100 brn|[from] brn\n|-damage|p1a: Toxapex|94\/100 brn|[from] brn\n|-end|p1a: Toxapex|move: Taunt\n|upkeep\n|turn|31\n|\n|t:|1699261580\n|switch|p2a: Annihilape|Annihilape, F|94\/100\n|move|p1a: Toxapex|Baneful Bunker||[still]\n|-fail|p1a: Toxapex\n|\n|-heal|p2a: Annihilape|100\/100|[from] item: Leftovers\n|-heal|p1a: Toxapex|100\/100 brn|[from] item: Black Sludge\n|-damage|p1a: Toxapex|94\/100 brn|[from] brn\n|upkeep\n|turn|32\n|\n|t:|1699261584\n|switch|p2a: Cyclizar|Cyclizar, F|46\/100 brn\n|move|p1a: Toxapex|Toxic||[still]\n|-fail|p1a: Toxapex\n|\n|-heal|p1a: Toxapex|100\/100 brn|[from] item: Black Sludge\n|-damage|p2a: Cyclizar|40\/100 brn|[from] brn\n|-damage|p1a: Toxapex|94\/100 brn|[from] brn\n|upkeep\n|turn|33\n|\n|t:|1699261596\n|switch|p1a: Marshadow|Marshadow|100\/100\n|move|p2a: Cyclizar|Shed Tail|p2a: Cyclizar\n|-fail|p2a: Cyclizar|move: Shed Tail|[weak]\n|\n|-damage|p2a: Cyclizar|33\/100 brn|[from] brn\n|upkeep\n|turn|34\n|\n|t:|1699261607\n|move|p1a: Marshadow|Close Combat|p2a: Cyclizar\n|-supereffective|p2a: Cyclizar\n|-damage|p2a: Cyclizar|0 fnt\n|-unboost|p1a: Marshadow|def|1\n|-unboost|p1a: Marshadow|spd|1\n|faint|p2a: Cyclizar\n|\n|upkeep\n|\n|t:|1699261609\n|switch|p2a: Annihilape|Annihilape, F|100\/100\n|turn|35\n|\n|t:|1699261612\n|switch|p1a: Toxapex|Toxapex, F|100\/100 brn\n|move|p2a: Annihilape|Rage Fist|p1a: Toxapex\n|-damage|p1a: Toxapex|69\/100 brn\n|\n|-heal|p1a: Toxapex|75\/100 brn|[from] item: Black Sludge\n|-damage|p1a: Toxapex|69\/100 brn|[from] brn\n|upkeep\n|turn|36\n|\n|t:|1699261616\n|move|p2a: Annihilape|Taunt|p1a: Toxapex\n|-start|p1a: Toxapex|move: Taunt\n|cant|p1a: Toxapex|move: Taunt|Toxic\n|\n|-heal|p1a: Toxapex|75\/100 brn|[from] item: Black Sludge\n|-damage|p1a: Toxapex|69\/100 brn|[from] brn\n|upkeep\n|turn|37\n|\n|t:|1699261621\n|move|p2a: Annihilape|Rage Fist|p1a: Toxapex\n|-damage|p1a: Toxapex|38\/100 brn\n|move|p1a: Toxapex|Scald|p2a: Annihilape\n|-damage|p2a: Annihilape|87\/100\n|\n|-heal|p2a: Annihilape|93\/100|[from] item: Leftovers\n|-heal|p1a: Toxapex|44\/100 brn|[from] item: Black Sludge\n|-damage|p1a: Toxapex|38\/100 brn|[from] brn\n|upkeep\n|turn|38\n|\n|t:|1699261626\n|move|p2a: Annihilape|Rage Fist|p1a: Toxapex\n|-damage|p1a: Toxapex|0 fnt\n|faint|p1a: Toxapex\n|\n|-heal|p2a: Annihilape|99\/100|[from] item: Leftovers\n|upkeep\n|\n|t:|1699261630\n|switch|p1a: Marshadow|Marshadow|100\/100\n|turn|39\n|\n|t:|1699261638\n|-terastallize|p1a: Marshadow|Fighting\n|move|p1a: Marshadow|Spectral Thief|p2a: Annihilape\n|-supereffective|p2a: Annihilape\n|-damage|p2a: Annihilape|18\/100\n|move|p2a: Annihilape|Rage Fist|p1a: Marshadow\n|-damage|p1a: Marshadow|0 fnt\n|faint|p1a: Marshadow\n|\n|win|himdieu\n|raw|3antar's rating: 1045 &rarr; <strong>1028<\/strong><br \/>(-17 for losing)\n|raw|himdieu's rating: 1041 &rarr; <strong>1075<\/strong><br \/>(+34 for winning)\n|l|\u26063antar\n","uploadtime":1699261650,"views":5,"p1id":"3antar","p2id":"himdieu","formatid":"gen9nationaldexubers","rating":1028,"private":0,"password":""}