{"id":"gen9nationaldexubers-1984185975","p1":"TheRealDiabeto","p2":"ninjamage13","format":"[Gen 9] National Dex Ubers","log":"|j|\u2606TheRealDiabeto\n|j|\u2606ninjamage13\n|t:|1699227821\n|gametype|singles\n|player|p1|TheRealDiabeto|youngster-gen4dp|\n|player|p2|ninjamage13|pokemonranger-gen6xy|\n|teamsize|p1|6\n|teamsize|p2|6\n|gen|9\n|tier|[Gen 9] National Dex Ubers\n|rule|HP Percentage Mod: HP is shown in percentages\n|rule|Endless Battle Clause: Forcing endless battles is banned\n|rule|OHKO Clause: OHKO moves are banned\n|rule|Evasion Moves Clause: Evasion moves are banned\n|rule|Evasion Items Clause: Evasion items are banned\n|rule|Species Clause: Limit one of each Pok\u00e9mon\n|rule|Sleep Clause Mod: Limit one foe put to sleep\n|rule|Mega Rayquaza Clause: You cannot mega evolve Rayquaza\n|clearpoke\n|poke|p1|Sneasler, F|\n|poke|p1|Rillaboom, M|\n|poke|p1|Glimmora, M|\n|poke|p1|Great Tusk|\n|poke|p1|Zapdos|\n|poke|p1|Heatran, M|\n|poke|p2|Venusaur, F|\n|poke|p2|Ogerpon-Cornerstone, F|\n|poke|p2|Breloom, M|\n|poke|p2|Ferrothorn, F|\n|poke|p2|Meowscarada, M|\n|poke|p2|Florges-Blue, F|\n|teampreview\n|\n|t:|1699227890\n|start\n|switch|p1a: Glimmora|Glimmora, M|100\/100\n|switch|p2a: USE YOUR ILLUSION|Meowscarada, M|100\/100\n|turn|1\n|c|\u2606TheRealDiabeto|glhf\n|c|\u2606ninjamage13|u2\n|\n|t:|1699227900\n|move|p2a: USE YOUR ILLUSION|Knock Off|p1a: Glimmora\n|-start|p2a: USE YOUR ILLUSION|typechange|Dark|[from] ability: Protean\n|-damage|p1a: Glimmora|15\/100\n|-activate|p1a: Glimmora|ability: Toxic Debris\n|-sidestart|p2: ninjamage13|move: Toxic Spikes\n|-enditem|p1a: Glimmora|Focus Sash|[from] move: Knock Off|[of] p2a: USE YOUR ILLUSION\n|move|p1a: Glimmora|Spikes|p2a: USE YOUR ILLUSION\n|-sidestart|p2: ninjamage13|Spikes\n|\n|upkeep\n|turn|2\n|j| Pex Hater\n|\n|t:|1699227913\n|move|p2a: USE YOUR ILLUSION|Knock Off|p1a: Glimmora\n|-damage|p1a: Glimmora|0 fnt\n|-activate|p1a: Glimmora|ability: Toxic Debris\n|-sidestart|p2: ninjamage13|move: Toxic Spikes\n|faint|p1a: Glimmora\n|\n|upkeep\n|c| Pex Hater|oh my gosh it's the florges\n|c| Pex Hater|is the color random?\n|\n|t:|1699227955\n|switch|p1a: Heatran|Heatran, M, shiny|100\/100\n|turn|3\n|j| mr giles\n|\n|t:|1699227978\n|move|p2a: USE YOUR ILLUSION|Knock Off|p1a: Heatran\n|-damage|p1a: Heatran|44\/100\n|-enditem|p1a: Heatran|Leftovers|[from] move: Knock Off|[of] p2a: USE YOUR ILLUSION\n|move|p1a: Heatran|Magma Storm|p2a: USE YOUR ILLUSION\n|-damage|p2a: USE YOUR ILLUSION|38\/100\n|-activate|p2a: USE YOUR ILLUSION|move: Magma Storm|[of] p1a: Heatran\n|\n|-damage|p2a: USE YOUR ILLUSION|26\/100|[from] move: Magma Storm|[partiallytrapped]\n|upkeep\n|turn|4\n|j| B3YOND THE HOR1ZON\n|c| B3YOND THE HOR1ZON|Nah, he can pick the color\n|c| B3YOND THE HOR1ZON|Lol\n|c| B3YOND THE HOR1ZON|The default is red\n|l|\u2606TheRealDiabeto\n|player|p1|\n|c| mr giles|Dipped\n|c|\u2606ninjamage13|his laptop apparently has shat itself\n|c| mr giles|Oof\n|j|\u2606TheRealDiabeto\n|player|p1|TheRealDiabeto|youngster-gen4dp\n|j| Don Bork\n|\n|t:|1699228114\n|move|p1a: Heatran|Protect|p1a: Heatran\n|-singleturn|p1a: Heatran|Protect\n|move|p2a: USE YOUR ILLUSION|Knock Off|p1a: Heatran\n|-activate|p1a: Heatran|move: Protect\n|\n|-damage|p2a: USE YOUR ILLUSION|13\/100|[from] move: Magma Storm|[partiallytrapped]\n|upkeep\n|turn|5\n|c| Don Bork|ninja what was the convo about churches in the mono chat?\n|c|\u2606ninjamage13|me flaming soma fore being a fucking weirdo\n|c| B3YOND THE HOR1ZON|Valid\n|c| Don Bork|lmao\n|c| mr giles|God who has that horrendous erika avatar\n|c| mr giles|Horrible\n|c| B3YOND THE HOR1ZON|Hi Vince\n|\n|t:|1699228214\n|move|p2a: USE YOUR ILLUSION|Knock Off|p1a: Heatran\n|-damage|p1a: Heatran|4\/100\n|move|p1a: Heatran|Stealth Rock|p2a: USE YOUR ILLUSION\n|-sidestart|p2: ninjamage13|move: Stealth Rock\n|\n|-damage|p2a: USE YOUR ILLUSION|1\/100|[from] move: Magma Storm|[partiallytrapped]\n|upkeep\n|turn|6\n|c| mr giles|Im found out\n|\n|t:|1699228221\n|move|p1a: Heatran|Protect|p1a: Heatran\n|-singleturn|p1a: Heatran|Protect\n|move|p2a: USE YOUR ILLUSION|Knock Off|p1a: Heatran\n|-activate|p1a: Heatran|move: Protect\n|\n|-damage|p2a: USE YOUR ILLUSION|0 fnt|[from] move: Magma Storm|[partiallytrapped]\n|faint|p2a: USE YOUR ILLUSION\n|upkeep\n|c| Don Bork|oh no\n|c| Don Bork|what ever will u do\n|c| B3YOND THE HOR1ZON|Only Vince trashtalks me like that\n|c|\u2606ninjamage13|bing chilling\n|\n|t:|1699228234\n|switch|p2a: FOXGLOVE|Florges-Blue, F|100\/100\n|-status|p2a: FOXGLOVE|tox\n|-damage|p2a: FOXGLOVE|88\/100 tox|[from] Spikes\n|-damage|p2a: FOXGLOVE|76\/100 tox|[from] Stealth Rock\n|turn|7\n|c| mr giles|Nuh uh\n|c| B3YOND THE HOR1ZON|And only he says nuh uh\n|c| mr giles|No\n|c| B3YOND THE HOR1ZON|Yes.\n|\n|t:|1699228264\n|move|p1a: Heatran|Magma Storm|p2a: FOXGLOVE\n|-damage|p2a: FOXGLOVE|53\/100 tox\n|-activate|p2a: FOXGLOVE|move: Magma Storm|[of] p1a: Heatran\n|move|p2a: FOXGLOVE|Defog|p1a: Heatran\n|-unboost|p1a: Heatran|evasion|1\n|-sideend|p2: ninjamage13|Spikes|[from] move: Defog|[of] p2a: FOXGLOVE\n|-sideend|p2: ninjamage13|Toxic Spikes|[from] move: Defog|[of] p2a: FOXGLOVE\n|-sideend|p2: ninjamage13|Stealth Rock|[from] move: Defog|[of] p2a: FOXGLOVE\n|\n|-heal|p2a: FOXGLOVE|60\/100 tox|[from] item: Leftovers\n|-damage|p2a: FOXGLOVE|53\/100 tox|[from] psn\n|-damage|p2a: FOXGLOVE|41\/100 tox|[from] move: Magma Storm|[partiallytrapped]\n|upkeep\n|turn|8\n|c| Don Bork|everyone knows the wrestling avatar is vince\n|c| B3YOND THE HOR1ZON|Yeah\n|c| B3YOND THE HOR1ZON|Lmao\n|\n|t:|1699228276\n|move|p1a: Heatran|Protect|p1a: Heatran\n|-singleturn|p1a: Heatran|Protect\n|move|p2a: FOXGLOVE|Moonblast|p1a: Heatran\n|-activate|p1a: Heatran|move: Protect\n|\n|-heal|p2a: FOXGLOVE|47\/100 tox|[from] item: Leftovers\n|-damage|p2a: FOXGLOVE|35\/100 tox|[from] psn\n|-damage|p2a: FOXGLOVE|23\/100 tox|[from] move: Magma Storm|[partiallytrapped]\n|upkeep\n|turn|9\n|c| Don Bork|j wait till u see one of my alts on ladder\n|\n|t:|1699228287\n|move|p1a: Heatran|Magma Storm|p2a: FOXGLOVE|[miss]\n|-miss|p1a: Heatran|p2a: FOXGLOVE\n|move|p2a: FOXGLOVE|Moonblast|p1a: Heatran\n|-resisted|p1a: Heatran\n|-damage|p1a: Heatran|0 fnt\n|faint|p1a: Heatran\n|\n|-heal|p2a: FOXGLOVE|29\/100 tox|[from] item: Leftovers\n|-damage|p2a: FOXGLOVE|11\/100 tox|[from] psn\n|-end|p2a: FOXGLOVE|Magma Storm|[partiallytrapped]|[silent]\n|upkeep\n|\n|t:|1699228297\n|switch|p1a: Zapdos|Zapdos, shiny|100\/100\n|turn|10\n|c| mr giles|No my avatar is red\n|c| Don Bork|u won't know it's me till i whoop ur ass\n|c| mr giles|Im aaandroid\n|c| B3YOND THE HOR1ZON|lmao\n|\n|t:|1699228309\n|move|p1a: Zapdos|Hurricane|p2a: FOXGLOVE\n|-damage|p2a: FOXGLOVE|0 fnt\n|faint|p2a: FOXGLOVE\n|\n|upkeep\n|\n|t:|1699228319\n|switch|p2a: YOUNG LORE|Ogerpon-Cornerstone, F|100\/100\n|turn|11\n|c| mr giles|You aint whoopin no one\n|c| B3YOND THE HOR1ZON|Its p easy to tell when its me\n|c| B3YOND THE HOR1ZON|My avatars are recognizeable\n|c|\u2606ninjamage13|yeah only you or alex hve starset references as their names\n|l| mr giles\n|c| B3YOND THE HOR1ZON|Oh hey\n|c| B3YOND THE HOR1ZON|He knows\n|c| B3YOND THE HOR1ZON|LOL\n|c| B3YOND THE HOR1ZON|Which song is this from then Ninja?\n|c|\u2606TheRealDiabeto|i thought that sounded familiar\n|c|\u2606ninjamage13|we were not born to fade\n|c|\u2606ninjamage13|uhhh\n|\n|t:|1699228389\n|move|p2a: YOUNG LORE|Ivy Cudgel|p1a: Zapdos\n|-supereffective|p1a: Zapdos\n|-crit|p1a: Zapdos\n|-damage|p1a: Zapdos|0 fnt\n|faint|p1a: Zapdos\n|\n|upkeep\n|c|\u2606ninjamage13|i got the lyrics in my head\n|c| B3YOND THE HOR1ZON|Dropped\n|c| B3YOND THE HOR1ZON|lmao\n|c|\u2606ninjamage13|why can't I get the title\n|\n|t:|1699228403\n|switch|p1a: Rillaboom|Rillaboom, M|100\/100\n|-fieldstart|move: Grassy Terrain|[from] ability: Grassy Surge|[of] p1a: Rillaboom\n|turn|12\n|\n|t:|1699228425\n|switch|p2a: SPINE CURVES|Ferrothorn, F|100\/100\n|move|p1a: Rillaboom|U-turn|p2a: SPINE CURVES\n|-damage|p2a: SPINE CURVES|87\/100\n|-damage|p1a: Rillaboom|88\/100|[from] ability: Iron Barbs|[of] p2a: SPINE CURVES\n|\n|t:|1699228437\n|switch|p1a: Great Tusk|Great Tusk|100\/100|[from] U-turn\n|\n|-heal|p2a: SPINE CURVES|93\/100|[from] Grassy Terrain\n|-heal|p2a: SPINE CURVES|99\/100|[from] item: Leftovers\n|upkeep\n|turn|13\n|\n|t:|1699228444\n|switch|p2a: OK I'M SICK|Venusaur, F|100\/100\n|move|p1a: Great Tusk|Headlong Rush|p2a: OK I'M SICK\n|-damage|p2a: OK I'M SICK|56\/100\n|-unboost|p1a: Great Tusk|def|1\n|-unboost|p1a: Great Tusk|spd|1\n|\n|-heal|p2a: OK I'M SICK|62\/100|[from] Grassy Terrain\n|upkeep\n|turn|14\n|c| B3YOND THE HOR1ZON|Chip\n|\n|t:|1699228465\n|-end|p1a: Great Tusk|Protosynthesis|[silent]\n|switch|p1a: Rillaboom|Rillaboom, M|88\/100\n|detailschange|p2a: OK I'M SICK|Venusaur-Mega, F\n|-mega|p2a: OK I'M SICK|Venusaur|Venusaurite\n|move|p2a: OK I'M SICK|Synthesis|p2a: OK I'M SICK\n|-heal|p2a: OK I'M SICK|100\/100\n|\n|-heal|p1a: Rillaboom|94\/100|[from] Grassy Terrain\n|upkeep\n|turn|15\n|\n|t:|1699228489\n|move|p1a: Rillaboom|U-turn|p2a: OK I'M SICK\n|-crit|p2a: OK I'M SICK\n|-damage|p2a: OK I'M SICK|79\/100\n|\n|t:|1699228497\n|switch|p1a: Great Tusk|Great Tusk|100\/100|[from] U-turn\n|move|p2a: OK I'M SICK|Earth Power|p1a: Great Tusk\n|-damage|p1a: Great Tusk|65\/100\n|\n|-heal|p1a: Great Tusk|71\/100|[from] Grassy Terrain\n|-heal|p2a: OK I'M SICK|85\/100|[from] Grassy Terrain\n|upkeep\n|turn|16\n|c|\u2606ninjamage13|where the skies end\n|c|\u2606ninjamage13|dammit\n|c|\u2606ninjamage13|took my ass way too long\n|\n|t:|1699228517\n|move|p1a: Great Tusk|Ice Spinner|p2a: OK I'M SICK\n|-supereffective|p2a: OK I'M SICK\n|-damage|p2a: OK I'M SICK|68\/100\n|-fieldend|move: Grassy Terrain\n|move|p2a: OK I'M SICK|Sludge Bomb|p1a: Great Tusk\n|-resisted|p1a: Great Tusk\n|-damage|p1a: Great Tusk|43\/100\n|\n|upkeep\n|turn|17\n|c| B3YOND THE HOR1ZON|Smh smh\n|c|\u2606TheRealDiabeto|ggs\n|\n|t:|1699228530\n|-end|p1a: Great Tusk|Protosynthesis|[silent]\n|switch|p1a: Rillaboom|Rillaboom, M|94\/100\n|-fieldstart|move: Grassy Terrain|[from] ability: Grassy Surge|[of] p1a: Rillaboom\n|move|p2a: OK I'M SICK|Earth Power|p1a: Rillaboom\n|-resisted|p1a: Rillaboom\n|-damage|p1a: Rillaboom|80\/100\n|\n|-heal|p1a: Rillaboom|86\/100|[from] Grassy Terrain\n|-heal|p2a: OK I'M SICK|75\/100|[from] Grassy Terrain\n|upkeep\n|turn|18\n|c| B3YOND THE HOR1ZON|Can't beat it?\n|c|\u2606TheRealDiabeto|i genuinely don't think I have an out here\n|\n|t:|1699228546\n|move|p1a: Rillaboom|U-turn|p2a: OK I'M SICK\n|-damage|p2a: OK I'M SICK|58\/100\n|\n|t:|1699228550\n|switch|p1a: Great Tusk|Great Tusk|43\/100|[from] U-turn\n|move|p2a: OK I'M SICK|Earth Power|p1a: Great Tusk\n|-damage|p1a: Great Tusk|3\/100\n|\n|-heal|p1a: Great Tusk|10\/100|[from] Grassy Terrain\n|-heal|p2a: OK I'M SICK|64\/100|[from] Grassy Terrain\n|upkeep\n|turn|19\n|j| k7eenex\n|c| B3YOND THE HOR1ZON|I mean there is one but I cannot say\n|\n|t:|1699228561\n|move|p1a: Great Tusk|Ice Spinner|p2a: OK I'M SICK\n|-supereffective|p2a: OK I'M SICK\n|-damage|p2a: OK I'M SICK|46\/100\n|-fieldend|move: Grassy Terrain\n|move|p2a: OK I'M SICK|Synthesis|p2a: OK I'M SICK\n|-heal|p2a: OK I'M SICK|96\/100\n|\n|upkeep\n|turn|20\n|c|\u2606ninjamage13|it's called dire claw go brrrrrr\n|c|\u2606TheRealDiabeto|sneasler switches into earth power and gets put in a dirt nap\n|\n|t:|1699228585\n|-end|p1a: Great Tusk|Protosynthesis|[silent]\n|switch|p1a: Rillaboom|Rillaboom, M|86\/100\n|-fieldstart|move: Grassy Terrain|[from] ability: Grassy Surge|[of] p1a: Rillaboom\n|move|p2a: OK I'M SICK|Earth Power|p1a: Rillaboom\n|-resisted|p1a: Rillaboom\n|-damage|p1a: Rillaboom|71\/100\n|\n|-heal|p1a: Rillaboom|78\/100|[from] Grassy Terrain\n|-heal|p2a: OK I'M SICK|100\/100|[from] Grassy Terrain\n|upkeep\n|turn|21\n|\n|t:|1699228614\n|move|p1a: Rillaboom|Wood Hammer|p2a: OK I'M SICK\n|-resisted|p2a: OK I'M SICK\n|-damage|p2a: OK I'M SICK|88\/100\n|-damage|p1a: Rillaboom|74\/100|[from] Recoil\n|move|p2a: OK I'M SICK|Leech Seed|p1a: Rillaboom\n|-immune|p1a: Rillaboom\n|\n|-heal|p1a: Rillaboom|80\/100|[from] Grassy Terrain\n|-heal|p2a: OK I'M SICK|94\/100|[from] Grassy Terrain\n|upkeep\n|turn|22\n|c| B3YOND THE HOR1ZON|Chip\n|\n|t:|1699228627\n|move|p1a: Rillaboom|U-turn|p2a: OK I'M SICK\n|-damage|p2a: OK I'M SICK|77\/100\n|\n|t:|1699228630\n|switch|p1a: Great Tusk|Great Tusk|10\/100|[from] U-turn\n|move|p2a: OK I'M SICK|Earth Power|p1a: Great Tusk\n|-damage|p1a: Great Tusk|0 fnt\n|faint|p1a: Great Tusk\n|-end|p1a: Great Tusk|Protosynthesis|[silent]\n|\n|-heal|p2a: OK I'M SICK|83\/100|[from] Grassy Terrain\n|upkeep\n|\n|t:|1699228639\n|switch|p1a: Sneasler|Sneasler, F|100\/100\n|-enditem|p1a: Sneasler|Grassy Seed\n|-boost|p1a: Sneasler|def|1|[from] item: Grassy Seed\n|turn|23\n|\n|t:|1699228642\n|move|p1a: Sneasler|Dire Claw|p2a: OK I'M SICK\n|-damage|p2a: OK I'M SICK|57\/100\n|-status|p2a: OK I'M SICK|par\n|cant|p2a: OK I'M SICK|par\n|\n|-heal|p2a: OK I'M SICK|63\/100 par|[from] Grassy Terrain\n|upkeep\n|turn|24\n|c| k7eenex|OH\n|c|\u2606ninjamage13|my balls\n|\n|t:|1699228651\n|move|p1a: Sneasler|Acrobatics|p2a: OK I'M SICK\n|-supereffective|p2a: OK I'M SICK\n|-crit|p2a: OK I'M SICK\n|-damage|p2a: OK I'M SICK|0 fnt\n|faint|p2a: OK I'M SICK\n|\n|upkeep\n|l| Don Bork\n|\n|t:|1699228656\n|switch|p2a: SPINE CURVES|Ferrothorn, F|99\/100\n|turn|25\n|c| B3YOND THE HOR1ZON|You just had to say it Ninja\n|c| B3YOND THE HOR1ZON|Ya just had to.\n|c|\u2606ninjamage13|bing chilling\n|\n|t:|1699228672\n|move|p1a: Sneasler|Close Combat|p2a: SPINE CURVES\n|-supereffective|p2a: SPINE CURVES\n|-damage|p2a: SPINE CURVES|22\/100\n|-unboost|p1a: Sneasler|def|1\n|-unboost|p1a: Sneasler|spd|1\n|-damage|p1a: Sneasler|88\/100|[from] ability: Iron Barbs|[of] p2a: SPINE CURVES\n|move|p2a: SPINE CURVES|Gyro Ball|p1a: Sneasler\n|-damage|p1a: Sneasler|9\/100\n|\n|-heal|p1a: Sneasler|15\/100|[from] Grassy Terrain\n|-heal|p2a: SPINE CURVES|28\/100|[from] Grassy Terrain\n|-heal|p2a: SPINE CURVES|34\/100|[from] item: Leftovers\n|upkeep\n|turn|26\n|\n|t:|1699228687\n|move|p1a: Sneasler|Close Combat|p2a: SPINE CURVES\n|-supereffective|p2a: SPINE CURVES\n|-damage|p2a: SPINE CURVES|0 fnt\n|-unboost|p1a: Sneasler|def|1\n|-unboost|p1a: Sneasler|spd|1\n|-damage|p1a: Sneasler|3\/100|[from] ability: Iron Barbs|[of] p2a: SPINE CURVES\n|faint|p2a: SPINE CURVES\n|\n|-heal|p1a: Sneasler|9\/100|[from] Grassy Terrain\n|upkeep\n|\n|t:|1699228692\n|switch|p2a: EVERLONG|Breloom, M|100\/100\n|turn|27\n|\n|t:|1699228698\n|move|p2a: EVERLONG|Mach Punch|p1a: Sneasler\n|-resisted|p1a: Sneasler\n|-damage|p1a: Sneasler|0 fnt\n|faint|p1a: Sneasler\n|\n|-fieldend|move: Grassy Terrain\n|upkeep\n|\n|t:|1699228703\n|switch|p1a: Rillaboom|Rillaboom, M|80\/100\n|-fieldstart|move: Grassy Terrain|[from] ability: Grassy Surge|[of] p1a: Rillaboom\n|turn|28\n|c| B3YOND THE HOR1ZON|EVERDONG\n|c|\u2606TheRealDiabeto|wasn't any way around prio mach punch tho\n|c|\u2606TheRealDiabeto|ggs well played\n|\n|t:|1699228725\n|move|p2a: EVERLONG|Bullet Seed|p1a: Rillaboom\n|-resisted|p1a: Rillaboom\n|-damage|p1a: Rillaboom|67\/100\n|-resisted|p1a: Rillaboom\n|-damage|p1a: Rillaboom|54\/100\n|-resisted|p1a: Rillaboom\n|-damage|p1a: Rillaboom|42\/100\n|-hitcount|p1a: Rillaboom|3\n|move|p1a: Rillaboom|U-turn|p2a: EVERLONG\n|-damage|p2a: EVERLONG|57\/100\n|\n|-heal|p2a: EVERLONG|63\/100|[from] Grassy Terrain\n|-heal|p1a: Rillaboom|48\/100|[from] Grassy Terrain\n|upkeep\n|turn|29\n|c|\u2606ninjamage13|ggs\n|\n|t:|1699228738\n|move|p2a: EVERLONG|Mach Punch|p1a: Rillaboom\n|-damage|p1a: Rillaboom|14\/100\n|move|p1a: Rillaboom|U-turn|p2a: EVERLONG\n|-damage|p2a: EVERLONG|25\/100\n|\n|-heal|p2a: EVERLONG|31\/100|[from] Grassy Terrain\n|-heal|p1a: Rillaboom|20\/100|[from] Grassy Terrain\n|upkeep\n|turn|30\n|\n|t:|1699228745\n|move|p2a: EVERLONG|Mach Punch|p1a: Rillaboom\n|-damage|p1a: Rillaboom|0 fnt\n|faint|p1a: Rillaboom\n|\n|win|ninjamage13\n|l| B3YOND THE HOR1ZON\n","uploadtime":1699228750,"views":9,"p1id":"therealdiabeto","p2id":"ninjamage13","formatid":"gen9nationaldexubers","rating":0,"private":0,"password":""}