{"id":"gen9nationaldexubers-1988309331","p1":"S0A0M0I0","p2":"1 em trach thu","format":"[Gen 9] National Dex Ubers","log":"|j|\u2606S0A0M0I0\n|j|\u26061 em trach thu\n|t:|1699706126\n|gametype|singles\n|player|p1|S0A0M0I0|unknown|1544\n|player|p2|1 em trach thu|102|1678\n|teamsize|p1|6\n|teamsize|p2|6\n|gen|9\n|tier|[Gen 9] National Dex Ubers\n|rated|\n|rule|HP Percentage Mod: HP is shown in percentages\n|rule|Endless Battle Clause: Forcing endless battles is banned\n|rule|OHKO Clause: OHKO moves are banned\n|rule|Evasion Moves Clause: Evasion moves are banned\n|rule|Evasion Items Clause: Evasion items are banned\n|rule|Species Clause: Limit one of each Pok\u00e9mon\n|rule|Sleep Clause Mod: Limit one foe put to sleep\n|rule|Mega Rayquaza Clause: You cannot mega evolve Rayquaza\n|clearpoke\n|poke|p1|Arceus-Ghost|\n|poke|p1|Yveltal|\n|poke|p1|Xerneas-*|\n|poke|p1|Groudon|\n|poke|p1|Eternatus|\n|poke|p1|Ho-Oh|\n|poke|p2|Kyogre|\n|poke|p2|Groudon|\n|poke|p2|Zacian-*|\n|poke|p2|Arceus|\n|poke|p2|Rayquaza|\n|poke|p2|Banette, M|\n|teampreview\n|inactive|Battle timer is ON: inactive players will automatically lose when time's up. (requested by 1 em trach thu)\n|\n|t:|1699706139\n|start\n|switch|p1a: Arceus|Arceus-Ghost|100\/100\n|switch|p2a: Arceus|Arceus|100\/100\n|turn|1\n|\n|t:|1699706152\n|move|p2a: Arceus|Toxic|p1a: Arceus\n|-status|p1a: Arceus|tox\n|move|p1a: Arceus|Taunt|p2a: Arceus\n|-start|p2a: Arceus|move: Taunt\n|\n|-damage|p1a: Arceus|94\/100 tox|[from] psn\n|upkeep\n|turn|2\n|\n|t:|1699706161\n|switch|p2a: Banette|Banette, M|100\/100\n|-item|p1a: Arceus|Spooky Plate|[from] ability: Frisk|[of] p2a: Banette|[identify]\n|move|p1a: Arceus|Dragon Dance|p1a: Arceus\n|-boost|p1a: Arceus|atk|1\n|-boost|p1a: Arceus|spe|1\n|\n|-damage|p1a: Arceus|82\/100 tox|[from] psn\n|upkeep\n|turn|3\n|\n|t:|1699706172\n|switch|p1a: Yveltal|Yveltal|100\/100\n|-ability|p1a: Yveltal|Dark Aura\n|detailschange|p2a: Banette|Banette-Mega, M\n|-mega|p2a: Banette|Banette|Banettite\n|move|p2a: Banette|Encore|p1a: Yveltal\n|-hint|Since gen 7, Dark is immune to Prankster moves.\n|-immune|p1a: Yveltal\n|\n|upkeep\n|turn|4\n|\n|t:|1699706187\n|switch|p2a: Arceus|Arceus|100\/100\n|move|p1a: Yveltal|Toxic|p2a: Arceus\n|-status|p2a: Arceus|tox\n|\n|-damage|p2a: Arceus|94\/100 tox|[from] psn\n|upkeep\n|turn|5\n|\n|t:|1699706218\n|switch|p1a: Arceus|Arceus-Ghost|82\/100 tox\n|move|p2a: Arceus|Stealth Rock|p1a: Arceus\n|-sidestart|p1: S0A0M0I0|move: Stealth Rock\n|\n|-heal|p2a: Arceus|100\/100 tox|[from] item: Leftovers\n|-damage|p2a: Arceus|88\/100 tox|[from] psn\n|-damage|p1a: Arceus|76\/100 tox|[from] psn\n|upkeep\n|turn|6\n|\n|t:|1699706231\n|switch|p2a: Kyogre|Kyogre|100\/100\n|detailschange|p2a: Kyogre|Kyogre-Primal\n|-primal|p2a: Kyogre|Blue Orb\n|-weather|PrimordialSea|[from] ability: Primordial Sea|[of] p2a: Kyogre\n|move|p1a: Arceus|Taunt|p2a: Kyogre\n|-start|p2a: Kyogre|move: Taunt\n|\n|-weather|PrimordialSea|[upkeep]\n|-damage|p1a: Arceus|64\/100 tox|[from] psn\n|upkeep\n|turn|7\n|\n|t:|1699706249\n|move|p1a: Arceus|Shadow Force||[still]\n|-prepare|p1a: Arceus|Shadow Force\n|move|p2a: Kyogre|Ice Beam|p1a: Arceus|[miss]\n|-miss|p2a: Kyogre|p1a: Arceus\n|\n|-weather|PrimordialSea|[upkeep]\n|-damage|p1a: Arceus|46\/100 tox|[from] psn\n|upkeep\n|turn|8\n|\n|t:|1699706257\n|-weather|none\n|switch|p2a: Arceus|Arceus|88\/100 tox\n|move|p1a: Arceus|Shadow Force|p2a: Arceus|[from]lockedmove\n|-immune|p2a: Arceus\n|\n|-heal|p2a: Arceus|94\/100 tox|[from] item: Leftovers\n|-damage|p1a: Arceus|22\/100 tox|[from] psn\n|-damage|p2a: Arceus|88\/100 tox|[from] psn\n|upkeep\n|turn|9\n|\n|t:|1699706268\n|move|p1a: Arceus|Brick Break|p2a: Arceus\n|-supereffective|p2a: Arceus\n|-damage|p2a: Arceus|60\/100 tox\n|move|p2a: Arceus|Toxic|p1a: Arceus\n|-fail|p1a: Arceus|tox\n|\n|-heal|p2a: Arceus|66\/100 tox|[from] item: Leftovers\n|-damage|p1a: Arceus|0 fnt|[from] psn\n|faint|p1a: Arceus\n|-damage|p2a: Arceus|54\/100 tox|[from] psn\n|upkeep\n|\n|t:|1699706275\n|switch|p1a: Eternatus|Eternatus|100\/100\n|-damage|p1a: Eternatus|88\/100|[from] Stealth Rock\n|-ability|p1a: Eternatus|Pressure\n|turn|10\n|\n|t:|1699706289\n|move|p2a: Arceus|Extreme Speed|p1a: Eternatus\n|-damage|p1a: Eternatus|61\/100\n|move|p1a: Eternatus|Dynamax Cannon|p2a: Arceus\n|-damage|p2a: Arceus|0 fnt\n|faint|p2a: Arceus\n|-damage|p1a: Eternatus|51\/100|[from] item: Life Orb\n|\n|upkeep\n|\n|t:|1699706306\n|switch|p2a: Zacian|Zacian-Crowned|100\/100\n|-ability|p2a: Zacian|Intrepid Sword|boost\n|-boost|p2a: Zacian|atk|1\n|turn|11\n|\n|t:|1699706314\n|switch|p1a: Ho-Oh|Ho-Oh|100\/100\n|-terastallize|p2a: Zacian|Ground\n|move|p2a: Zacian|Swords Dance|p2a: Zacian\n|-boost|p2a: Zacian|atk|2\n|\n|upkeep\n|turn|12\n|\n|t:|1699706322\n|-terastallize|p1a: Ho-Oh|Grass\n|move|p2a: Zacian|Wild Charge|p1a: Ho-Oh\n|-resisted|p1a: Ho-Oh\n|-damage|p1a: Ho-Oh|74\/100\n|-damage|p2a: Zacian|92\/100|[from] Recoil\n|move|p1a: Ho-Oh|Whirlwind|p2a: Zacian\n|drag|p2a: Banette|Banette-Mega, M|100\/100\n|\n|upkeep\n|turn|13\n|\n|t:|1699706337\n|move|p2a: Banette|Knock Off|p1a: Ho-Oh\n|-damage|p1a: Ho-Oh|43\/100\n|-enditem|p1a: Ho-Oh|Heavy-Duty Boots|[from] move: Knock Off|[of] p2a: Banette\n|move|p1a: Ho-Oh|Sacred Fire|p2a: Banette|[miss]\n|-miss|p1a: Ho-Oh|p2a: Banette\n|\n|upkeep\n|turn|14\n|\n|t:|1699706347\n|switch|p2a: Groudon|Groudon|100\/100\n|detailschange|p2a: Groudon|Groudon-Primal\n|-primal|p2a: Groudon|Red Orb\n|-weather|DesolateLand|[from] ability: Desolate Land|[of] p2a: Groudon\n|move|p1a: Ho-Oh|Defog|p2a: Groudon\n|-unboost|p2a: Groudon|evasion|1\n|-sideend|p1: S0A0M0I0|Stealth Rock|[from] move: Defog|[of] p1a: Ho-Oh\n|\n|-weather|DesolateLand|[upkeep]\n|upkeep\n|turn|15\n|\n|t:|1699706358\n|switch|p1a: Yveltal|Yveltal|100\/100\n|-ability|p1a: Yveltal|Dark Aura\n|move|p2a: Groudon|Rock Polish|p2a: Groudon\n|-boost|p2a: Groudon|spe|2\n|\n|-weather|DesolateLand|[upkeep]\n|upkeep\n|turn|16\n|\n|t:|1699706366\n|move|p2a: Groudon|Flamethrower|p1a: Yveltal\n|-damage|p1a: Yveltal|35\/100\n|move|p1a: Yveltal|Foul Play|p2a: Groudon\n|-damage|p2a: Groudon|67\/100\n|\n|-weather|DesolateLand|[upkeep]\n|upkeep\n|turn|17\n|\n|t:|1699706373\n|move|p2a: Groudon|Flamethrower|p1a: Yveltal\n|-damage|p1a: Yveltal|0 fnt\n|faint|p1a: Yveltal\n|\n|-weather|DesolateLand|[upkeep]\n|upkeep\n|\n|t:|1699706382\n|switch|p1a: Xerneas|Xerneas|100\/100\n|-ability|p1a: Xerneas|Fairy Aura\n|turn|18\n|\n|t:|1699706392\n|-weather|none\n|switch|p2a: Banette|Banette-Mega, M|100\/100\n|move|p1a: Xerneas|Geomancy||[still]\n|-prepare|p1a: Xerneas|Geomancy\n|-enditem|p1a: Xerneas|Power Herb\n|-anim|p1a: Xerneas|Geomancy|p1a: Xerneas\n|-boost|p1a: Xerneas|spa|2\n|-boost|p1a: Xerneas|spd|2\n|-boost|p1a: Xerneas|spe|2\n|\n|upkeep\n|turn|19\n|\n|t:|1699706402\n|move|p2a: Banette|Encore|p1a: Xerneas\n|-start|p1a: Xerneas|Encore\n|move|p1a: Xerneas|Geomancy||[still]\n|-prepare|p1a: Xerneas|Geomancy\n|\n|upkeep\n|turn|20\n|\n|t:|1699706408\n|move|p1a: Xerneas|Geomancy|p1a: Xerneas|[from]lockedmove\n|-boost|p1a: Xerneas|spa|2\n|-boost|p1a: Xerneas|spd|2\n|-boost|p1a: Xerneas|spe|2\n|move|p2a: Banette|Knock Off|p1a: Xerneas\n|-resisted|p1a: Xerneas\n|-damage|p1a: Xerneas|89\/100\n|\n|upkeep\n|turn|21\n|\n|t:|1699706416\n|move|p1a: Xerneas|Geomancy||[still]\n|-prepare|p1a: Xerneas|Geomancy\n|move|p2a: Banette|Knock Off|p1a: Xerneas\n|-resisted|p1a: Xerneas\n|-damage|p1a: Xerneas|78\/100\n|\n|-end|p1a: Xerneas|Encore\n|upkeep\n|turn|22\n|\n|t:|1699706424\n|move|p1a: Xerneas|Geomancy|p1a: Xerneas|[from]lockedmove\n|-boost|p1a: Xerneas|spa|2\n|-boost|p1a: Xerneas|spd|2\n|-boost|p1a: Xerneas|spe|2\n|move|p2a: Banette|Knock Off|p1a: Xerneas\n|-resisted|p1a: Xerneas\n|-damage|p1a: Xerneas|67\/100\n|\n|upkeep\n|turn|23\n|\n|t:|1699706431\n|move|p2a: Banette|Encore|p1a: Xerneas\n|-start|p1a: Xerneas|Encore\n|move|p1a: Xerneas|Geomancy||[still]\n|-prepare|p1a: Xerneas|Geomancy\n|\n|upkeep\n|turn|24\n|\n|t:|1699706437\n|move|p1a: Xerneas|Geomancy|p1a: Xerneas|[from]lockedmove\n|-boost|p1a: Xerneas|spa|0\n|-boost|p1a: Xerneas|spd|0\n|-boost|p1a: Xerneas|spe|0\n|move|p2a: Banette|Knock Off|p1a: Xerneas\n|-resisted|p1a: Xerneas\n|-damage|p1a: Xerneas|56\/100\n|\n|upkeep\n|turn|25\n|\n|t:|1699706444\n|move|p1a: Xerneas|Geomancy||[still]\n|-prepare|p1a: Xerneas|Geomancy\n|move|p2a: Banette|Knock Off|p1a: Xerneas\n|-resisted|p1a: Xerneas\n|-damage|p1a: Xerneas|46\/100\n|\n|-end|p1a: Xerneas|Encore\n|upkeep\n|turn|26\n|\n|t:|1699706452\n|move|p1a: Xerneas|Geomancy|p1a: Xerneas|[from]lockedmove\n|-boost|p1a: Xerneas|spa|0\n|-boost|p1a: Xerneas|spd|0\n|-boost|p1a: Xerneas|spe|0\n|move|p2a: Banette|Knock Off|p1a: Xerneas\n|-resisted|p1a: Xerneas\n|-damage|p1a: Xerneas|35\/100\n|\n|upkeep\n|turn|27\n|\n|t:|1699706459\n|switch|p1a: Eternatus|Eternatus|51\/100\n|-ability|p1a: Eternatus|Pressure\n|move|p2a: Banette|Encore||[still]\n|-fail|p2a: Banette\n|\n|upkeep\n|turn|28\n|-message|S0A0M0I0 forfeited.\n|\n|win|1 em trach thu\n|raw|S0A0M0I0's rating: 1544 &rarr; <strong>1531<\/strong><br \/>(-13 for losing)\n|raw|1 em trach thu's rating: 1678 &rarr; <strong>1691<\/strong><br \/>(+13 for winning)\n|l|\u2606S0A0M0I0\n|l|\u26061 em trach thu\n","uploadtime":1699706473,"views":5,"p1id":"s0a0m0i0","p2id":"1emtrachthu","formatid":"gen9nationaldexubers","rating":1531,"private":0,"password":""}