{"id":"gen9nationaldexubers-1984294358","p1":"xElPalex","p2":"EVIL-M0DE\ufe0f\ufe0f\ufe0f\ufe0f\ufe0f\u25aa\ufe0f","format":"[Gen 9] National Dex Ubers","log":"|j|\u2606xElPalex\n|j|\u2606EVIL-M0DE\ufe0f\ufe0f\ufe0f\ufe0f\ufe0f\u25aa\ufe0f\n|t:|1699240081\n|gametype|singles\n|player|p1|xElPalex|cynthia-gen4|1045\n|player|p2|EVIL-M0DE\ufe0f\ufe0f\ufe0f\ufe0f\ufe0f\u25aa\ufe0f|guitarist|1117\n|teamsize|p1|6\n|teamsize|p2|6\n|gen|9\n|tier|[Gen 9] National Dex Ubers\n|rated|\n|rule|HP Percentage Mod: HP is shown in percentages\n|rule|Endless Battle Clause: Forcing endless battles is banned\n|rule|OHKO Clause: OHKO moves are banned\n|rule|Evasion Moves Clause: Evasion moves are banned\n|rule|Evasion Items Clause: Evasion items are banned\n|rule|Species Clause: Limit one of each Pok\u00e9mon\n|rule|Sleep Clause Mod: Limit one foe put to sleep\n|rule|Mega Rayquaza Clause: You cannot mega evolve Rayquaza\n|clearpoke\n|poke|p1|Yveltal|\n|poke|p1|Rayquaza|\n|poke|p1|Dialga|\n|poke|p1|Ho-Oh|\n|poke|p1|Calyrex-Ice|\n|poke|p1|Groudon|\n|poke|p2|Absol, F|\n|poke|p2|Arceus-Dark|\n|poke|p2|Weavile, F|\n|poke|p2|Urshifu-*, M|\n|poke|p2|Ting-Lu|\n|poke|p2|Guzzlord|\n|teampreview\n|\n|t:|1699240101\n|start\n|switch|p1a: Groudon|Groudon|100\/100\n|switch|p2a: \u26ab\ufe0fTING-LU\u26ab\ufe0f|Ting-Lu|100\/100\n|-ability|p2a: \u26ab\ufe0fTING-LU\u26ab\ufe0f|Vessel of Ruin\n|detailschange|p1a: Groudon|Groudon-Primal\n|-primal|p1a: Groudon|Red Orb\n|-weather|DesolateLand|[from] ability: Desolate Land|[of] p1a: Groudon\n|turn|1\n|\n|t:|1699240117\n|move|p1a: Groudon|Earthquake|p2a: \u26ab\ufe0fTING-LU\u26ab\ufe0f\n|-damage|p2a: \u26ab\ufe0fTING-LU\u26ab\ufe0f|68\/100\n|move|p2a: \u26ab\ufe0fTING-LU\u26ab\ufe0f|Bulldoze|p1a: Groudon\n|-supereffective|p1a: Groudon\n|-damage|p1a: Groudon|71\/100\n|-unboost|p1a: Groudon|spe|1\n|\n|-weather|DesolateLand|[upkeep]\n|upkeep\n|turn|2\n|\n|t:|1699240136\n|move|p1a: Groudon|Earthquake|p2a: \u26ab\ufe0fTING-LU\u26ab\ufe0f\n|-damage|p2a: \u26ab\ufe0fTING-LU\u26ab\ufe0f|35\/100\n|move|p2a: \u26ab\ufe0fTING-LU\u26ab\ufe0f|Spikes|p1a: Groudon\n|-sidestart|p1: xElPalex|Spikes\n|\n|-weather|DesolateLand|[upkeep]\n|upkeep\n|turn|3\n|\n|t:|1699240146\n|move|p1a: Groudon|Earthquake|p2a: \u26ab\ufe0fTING-LU\u26ab\ufe0f\n|-damage|p2a: \u26ab\ufe0fTING-LU\u26ab\ufe0f|3\/100\n|move|p2a: \u26ab\ufe0fTING-LU\u26ab\ufe0f|Bulldoze|p1a: Groudon\n|-supereffective|p1a: Groudon\n|-damage|p1a: Groudon|44\/100\n|-unboost|p1a: Groudon|spe|1\n|\n|-weather|DesolateLand|[upkeep]\n|upkeep\n|turn|4\n|\n|t:|1699240155\n|move|p2a: \u26ab\ufe0fTING-LU\u26ab\ufe0f|Spikes|p1a: Groudon\n|-sidestart|p1: xElPalex|Spikes\n|move|p1a: Groudon|Ancient Power|p2a: \u26ab\ufe0fTING-LU\u26ab\ufe0f\n|-resisted|p2a: \u26ab\ufe0fTING-LU\u26ab\ufe0f\n|-damage|p2a: \u26ab\ufe0fTING-LU\u26ab\ufe0f|0 fnt\n|faint|p2a: \u26ab\ufe0fTING-LU\u26ab\ufe0f\n|\n|-weather|DesolateLand|[upkeep]\n|upkeep\n|\n|t:|1699240178\n|switch|p2a: \u26ab\ufe0f\u26ab\ufe0fARCEUS\u26ab\ufe0f\u26ab\ufe0f|Arceus-Dark|100\/100\n|turn|5\n|\n|t:|1699240195\n|-weather|none\n|switch|p1a: Yveltal|Yveltal|100\/100\n|-ability|p1a: Yveltal|Dark Aura\n|move|p2a: \u26ab\ufe0f\u26ab\ufe0fARCEUS\u26ab\ufe0f\u26ab\ufe0f|Foul Play|p1a: Yveltal\n|-resisted|p1a: Yveltal\n|-damage|p1a: Yveltal|68\/100\n|\n|-heal|p1a: Yveltal|74\/100|[from] item: Leftovers\n|upkeep\n|turn|6\n|\n|t:|1699240210\n|move|p2a: \u26ab\ufe0f\u26ab\ufe0fARCEUS\u26ab\ufe0f\u26ab\ufe0f|Snarl|p1a: Yveltal\n|-resisted|p1a: Yveltal\n|-damage|p1a: Yveltal|60\/100\n|-unboost|p1a: Yveltal|spa|1\n|move|p1a: Yveltal|Oblivion Wing|p2a: \u26ab\ufe0f\u26ab\ufe0fARCEUS\u26ab\ufe0f\u26ab\ufe0f\n|-damage|p2a: \u26ab\ufe0f\u26ab\ufe0fARCEUS\u26ab\ufe0f\u26ab\ufe0f|82\/100\n|-heal|p1a: Yveltal|72\/100|[from] drain|[of] p2a: \u26ab\ufe0f\u26ab\ufe0fARCEUS\u26ab\ufe0f\u26ab\ufe0f\n|\n|-heal|p1a: Yveltal|78\/100|[from] item: Leftovers\n|upkeep\n|turn|7\n|\n|t:|1699240226\n|move|p2a: \u26ab\ufe0f\u26ab\ufe0fARCEUS\u26ab\ufe0f\u26ab\ufe0f|Snarl|p1a: Yveltal\n|-resisted|p1a: Yveltal\n|-damage|p1a: Yveltal|63\/100\n|-unboost|p1a: Yveltal|spa|1\n|move|p1a: Yveltal|Foul Play|p2a: \u26ab\ufe0f\u26ab\ufe0fARCEUS\u26ab\ufe0f\u26ab\ufe0f\n|-resisted|p2a: \u26ab\ufe0f\u26ab\ufe0fARCEUS\u26ab\ufe0f\u26ab\ufe0f\n|-damage|p2a: \u26ab\ufe0f\u26ab\ufe0fARCEUS\u26ab\ufe0f\u26ab\ufe0f|66\/100\n|\n|-heal|p1a: Yveltal|69\/100|[from] item: Leftovers\n|upkeep\n|turn|8\n|\n|t:|1699240259\n|-zpower|p2a: \u26ab\ufe0f\u26ab\ufe0fARCEUS\u26ab\ufe0f\u26ab\ufe0f\n|move|p2a: \u26ab\ufe0f\u26ab\ufe0fARCEUS\u26ab\ufe0f\u26ab\ufe0f|Black Hole Eclipse|p1a: Yveltal|[zeffect]\n|-resisted|p1a: Yveltal\n|-damage|p1a: Yveltal|39\/100\n|move|p1a: Yveltal|Oblivion Wing|p2a: \u26ab\ufe0f\u26ab\ufe0fARCEUS\u26ab\ufe0f\u26ab\ufe0f\n|-damage|p2a: \u26ab\ufe0f\u26ab\ufe0fARCEUS\u26ab\ufe0f\u26ab\ufe0f|51\/100\n|-heal|p1a: Yveltal|48\/100|[from] drain|[of] p2a: \u26ab\ufe0f\u26ab\ufe0fARCEUS\u26ab\ufe0f\u26ab\ufe0f\n|\n|-heal|p1a: Yveltal|54\/100|[from] item: Leftovers\n|upkeep\n|turn|9\n|\n|t:|1699240276\n|move|p2a: \u26ab\ufe0f\u26ab\ufe0fARCEUS\u26ab\ufe0f\u26ab\ufe0f|Recover|p2a: \u26ab\ufe0f\u26ab\ufe0fARCEUS\u26ab\ufe0f\u26ab\ufe0f\n|-heal|p2a: \u26ab\ufe0f\u26ab\ufe0fARCEUS\u26ab\ufe0f\u26ab\ufe0f|100\/100\n|move|p1a: Yveltal|Oblivion Wing|p2a: \u26ab\ufe0f\u26ab\ufe0fARCEUS\u26ab\ufe0f\u26ab\ufe0f\n|-damage|p2a: \u26ab\ufe0f\u26ab\ufe0fARCEUS\u26ab\ufe0f\u26ab\ufe0f|87\/100\n|-heal|p1a: Yveltal|63\/100|[from] drain|[of] p2a: \u26ab\ufe0f\u26ab\ufe0fARCEUS\u26ab\ufe0f\u26ab\ufe0f\n|\n|-heal|p1a: Yveltal|69\/100|[from] item: Leftovers\n|upkeep\n|turn|10\n|\n|t:|1699240287\n|move|p2a: \u26ab\ufe0f\u26ab\ufe0fARCEUS\u26ab\ufe0f\u26ab\ufe0f|Dark Pulse|p1a: Yveltal\n|-resisted|p1a: Yveltal\n|-crit|p1a: Yveltal\n|-damage|p1a: Yveltal|34\/100\n|cant|p1a: Yveltal|flinch\n|\n|-heal|p1a: Yveltal|40\/100|[from] item: Leftovers\n|upkeep\n|turn|11\n|\n|t:|1699240302\n|switch|p1a: Ho-Oh|Ho-Oh|100\/100\n|move|p2a: \u26ab\ufe0f\u26ab\ufe0fARCEUS\u26ab\ufe0f\u26ab\ufe0f|Dark Pulse|p1a: Ho-Oh\n|-damage|p1a: Ho-Oh|76\/100\n|\n|upkeep\n|turn|12\n|\n|t:|1699240316\n|move|p2a: \u26ab\ufe0f\u26ab\ufe0fARCEUS\u26ab\ufe0f\u26ab\ufe0f|Foul Play|p1a: Ho-Oh\n|-damage|p1a: Ho-Oh|51\/100\n|-zpower|p1a: Ho-Oh\n|move|p1a: Ho-Oh|Inferno Overdrive|p2a: \u26ab\ufe0f\u26ab\ufe0fARCEUS\u26ab\ufe0f\u26ab\ufe0f|[zeffect]\n|-damage|p2a: \u26ab\ufe0f\u26ab\ufe0fARCEUS\u26ab\ufe0f\u26ab\ufe0f|34\/100\n|\n|upkeep\n|turn|13\n|\n|t:|1699240328\n|move|p2a: \u26ab\ufe0f\u26ab\ufe0fARCEUS\u26ab\ufe0f\u26ab\ufe0f|Recover|p2a: \u26ab\ufe0f\u26ab\ufe0fARCEUS\u26ab\ufe0f\u26ab\ufe0f\n|-heal|p2a: \u26ab\ufe0f\u26ab\ufe0fARCEUS\u26ab\ufe0f\u26ab\ufe0f|84\/100\n|move|p1a: Ho-Oh|Fire Blast|p2a: \u26ab\ufe0f\u26ab\ufe0fARCEUS\u26ab\ufe0f\u26ab\ufe0f\n|-damage|p2a: \u26ab\ufe0f\u26ab\ufe0fARCEUS\u26ab\ufe0f\u26ab\ufe0f|55\/100\n|\n|upkeep\n|turn|14\n|\n|t:|1699240337\n|move|p2a: \u26ab\ufe0f\u26ab\ufe0fARCEUS\u26ab\ufe0f\u26ab\ufe0f|Snarl|p1a: Ho-Oh\n|-damage|p1a: Ho-Oh|35\/100\n|-unboost|p1a: Ho-Oh|spa|1\n|move|p1a: Ho-Oh|Giga Drain|p2a: \u26ab\ufe0f\u26ab\ufe0fARCEUS\u26ab\ufe0f\u26ab\ufe0f\n|-damage|p2a: \u26ab\ufe0f\u26ab\ufe0fARCEUS\u26ab\ufe0f\u26ab\ufe0f|45\/100\n|-heal|p1a: Ho-Oh|40\/100|[from] drain|[of] p2a: \u26ab\ufe0f\u26ab\ufe0fARCEUS\u26ab\ufe0f\u26ab\ufe0f\n|\n|upkeep\n|turn|15\n|\n|t:|1699240352\n|move|p2a: \u26ab\ufe0f\u26ab\ufe0fARCEUS\u26ab\ufe0f\u26ab\ufe0f|Dark Pulse|p1a: Ho-Oh\n|-damage|p1a: Ho-Oh|17\/100\n|move|p1a: Ho-Oh|Calm Mind|p1a: Ho-Oh\n|-boost|p1a: Ho-Oh|spa|1\n|-boost|p1a: Ho-Oh|spd|1\n|\n|upkeep\n|turn|16\n|\n|t:|1699240362\n|move|p2a: \u26ab\ufe0f\u26ab\ufe0fARCEUS\u26ab\ufe0f\u26ab\ufe0f|Dark Pulse|p1a: Ho-Oh\n|-damage|p1a: Ho-Oh|0 fnt\n|faint|p1a: Ho-Oh\n|\n|upkeep\n|\n|t:|1699240371\n|switch|p1a: Groudon|Groudon-Primal|44\/100\n|-damage|p1a: Groudon|27\/100|[from] Spikes\n|-weather|DesolateLand|[from] ability: Desolate Land|[of] p1a: Groudon\n|turn|17\n|\n|t:|1699240385\n|move|p2a: \u26ab\ufe0f\u26ab\ufe0fARCEUS\u26ab\ufe0f\u26ab\ufe0f|Dark Pulse|p1a: Groudon\n|-damage|p1a: Groudon|0 fnt\n|faint|p1a: Groudon\n|-weather|none\n|\n|upkeep\n|\n|t:|1699240397\n|switch|p1a: Yveltal|Yveltal|40\/100\n|-ability|p1a: Yveltal|Dark Aura\n|turn|18\n|\n|t:|1699240416\n|move|p2a: \u26ab\ufe0f\u26ab\ufe0fARCEUS\u26ab\ufe0f\u26ab\ufe0f|Recover|p2a: \u26ab\ufe0f\u26ab\ufe0fARCEUS\u26ab\ufe0f\u26ab\ufe0f\n|-heal|p2a: \u26ab\ufe0f\u26ab\ufe0fARCEUS\u26ab\ufe0f\u26ab\ufe0f|95\/100\n|move|p1a: Yveltal|Oblivion Wing|p2a: \u26ab\ufe0f\u26ab\ufe0fARCEUS\u26ab\ufe0f\u26ab\ufe0f\n|-damage|p2a: \u26ab\ufe0f\u26ab\ufe0fARCEUS\u26ab\ufe0f\u26ab\ufe0f|68\/100\n|-heal|p1a: Yveltal|57\/100|[from] drain|[of] p2a: \u26ab\ufe0f\u26ab\ufe0fARCEUS\u26ab\ufe0f\u26ab\ufe0f\n|\n|-heal|p1a: Yveltal|63\/100|[from] item: Leftovers\n|upkeep\n|turn|19\n|\n|t:|1699240429\n|move|p2a: \u26ab\ufe0f\u26ab\ufe0fARCEUS\u26ab\ufe0f\u26ab\ufe0f|Snarl|p1a: Yveltal\n|-resisted|p1a: Yveltal\n|-damage|p1a: Yveltal|49\/100\n|-unboost|p1a: Yveltal|spa|1\n|move|p1a: Yveltal|Oblivion Wing|p2a: \u26ab\ufe0f\u26ab\ufe0fARCEUS\u26ab\ufe0f\u26ab\ufe0f\n|-damage|p2a: \u26ab\ufe0f\u26ab\ufe0fARCEUS\u26ab\ufe0f\u26ab\ufe0f|49\/100\n|-heal|p1a: Yveltal|61\/100|[from] drain|[of] p2a: \u26ab\ufe0f\u26ab\ufe0fARCEUS\u26ab\ufe0f\u26ab\ufe0f\n|\n|-heal|p1a: Yveltal|67\/100|[from] item: Leftovers\n|upkeep\n|turn|20\n|\n|t:|1699240441\n|move|p2a: \u26ab\ufe0f\u26ab\ufe0fARCEUS\u26ab\ufe0f\u26ab\ufe0f|Snarl|p1a: Yveltal\n|-resisted|p1a: Yveltal\n|-damage|p1a: Yveltal|51\/100\n|-unboost|p1a: Yveltal|spa|1\n|move|p1a: Yveltal|Oblivion Wing|p2a: \u26ab\ufe0f\u26ab\ufe0fARCEUS\u26ab\ufe0f\u26ab\ufe0f\n|-damage|p2a: \u26ab\ufe0f\u26ab\ufe0fARCEUS\u26ab\ufe0f\u26ab\ufe0f|34\/100\n|-heal|p1a: Yveltal|60\/100|[from] drain|[of] p2a: \u26ab\ufe0f\u26ab\ufe0fARCEUS\u26ab\ufe0f\u26ab\ufe0f\n|\n|-heal|p1a: Yveltal|67\/100|[from] item: Leftovers\n|upkeep\n|turn|21\n|\n|t:|1699240455\n|move|p2a: \u26ab\ufe0f\u26ab\ufe0fARCEUS\u26ab\ufe0f\u26ab\ufe0f|Snarl|p1a: Yveltal\n|-resisted|p1a: Yveltal\n|-damage|p1a: Yveltal|51\/100\n|-unboost|p1a: Yveltal|spa|1\n|move|p1a: Yveltal|Oblivion Wing|p2a: \u26ab\ufe0f\u26ab\ufe0fARCEUS\u26ab\ufe0f\u26ab\ufe0f\n|-crit|p2a: \u26ab\ufe0f\u26ab\ufe0fARCEUS\u26ab\ufe0f\u26ab\ufe0f\n|-damage|p2a: \u26ab\ufe0f\u26ab\ufe0fARCEUS\u26ab\ufe0f\u26ab\ufe0f|0 fnt\n|-heal|p1a: Yveltal|72\/100|[from] drain|[of] p2a: \u26ab\ufe0f\u26ab\ufe0fARCEUS\u26ab\ufe0f\u26ab\ufe0f\n|faint|p2a: \u26ab\ufe0f\u26ab\ufe0fARCEUS\u26ab\ufe0f\u26ab\ufe0f\n|\n|-heal|p1a: Yveltal|78\/100|[from] item: Leftovers\n|upkeep\n|\n|t:|1699240474\n|switch|p2a: \u26ab\ufe0fWEAVILE\u26ab\ufe0f|Weavile, F|100\/100\n|-ability|p2a: \u26ab\ufe0fWEAVILE\u26ab\ufe0f|Pressure\n|turn|22\n|\n|t:|1699240487\n|-terastallize|p1a: Yveltal|Dark\n|move|p2a: \u26ab\ufe0fWEAVILE\u26ab\ufe0f|Swords Dance|p2a: \u26ab\ufe0fWEAVILE\u26ab\ufe0f\n|-boost|p2a: \u26ab\ufe0fWEAVILE\u26ab\ufe0f|atk|2\n|move|p1a: Yveltal|Oblivion Wing|p2a: \u26ab\ufe0fWEAVILE\u26ab\ufe0f\n|-damage|p2a: \u26ab\ufe0fWEAVILE\u26ab\ufe0f|80\/100\n|-heal|p1a: Yveltal|88\/100|[from] drain|[of] p2a: \u26ab\ufe0fWEAVILE\u26ab\ufe0f\n|\n|-heal|p1a: Yveltal|94\/100|[from] item: Leftovers\n|upkeep\n|turn|23\n|\n|t:|1699240501\n|move|p2a: \u26ab\ufe0fWEAVILE\u26ab\ufe0f|Knock Off|p1a: Yveltal\n|-resisted|p1a: Yveltal\n|-damage|p1a: Yveltal|37\/100\n|-enditem|p1a: Yveltal|Leftovers|[from] move: Knock Off|[of] p2a: \u26ab\ufe0fWEAVILE\u26ab\ufe0f\n|move|p1a: Yveltal|Foul Play|p2a: \u26ab\ufe0fWEAVILE\u26ab\ufe0f\n|-resisted|p2a: \u26ab\ufe0fWEAVILE\u26ab\ufe0f\n|-damage|p2a: \u26ab\ufe0fWEAVILE\u26ab\ufe0f|0 fnt\n|faint|p2a: \u26ab\ufe0fWEAVILE\u26ab\ufe0f\n|\n|upkeep\n|\n|t:|1699240512\n|switch|p2a: \u26ab\ufe0fURSHIFU\u26ab\ufe0f|Urshifu, M|100\/100\n|turn|24\n|\n|t:|1699240519\n|-terastallize|p2a: \u26ab\ufe0fURSHIFU\u26ab\ufe0f|Dark\n|move|p2a: \u26ab\ufe0fURSHIFU\u26ab\ufe0f|Close Combat|p1a: Yveltal\n|-supereffective|p1a: Yveltal\n|-damage|p1a: Yveltal|0 fnt\n|-unboost|p2a: \u26ab\ufe0fURSHIFU\u26ab\ufe0f|def|1\n|-unboost|p2a: \u26ab\ufe0fURSHIFU\u26ab\ufe0f|spd|1\n|faint|p1a: Yveltal\n|\n|upkeep\n|\n|t:|1699240532\n|switch|p1a: Rayquaza|Rayquaza|100\/100\n|-ability|p1a: Rayquaza|Air Lock\n|turn|25\n|\n|t:|1699240538\n|move|p2a: \u26ab\ufe0fURSHIFU\u26ab\ufe0f|Sucker Punch|p1a: Rayquaza\n|-damage|p1a: Rayquaza|28\/100\n|move|p1a: Rayquaza|Dragon Ascent|p2a: \u26ab\ufe0fURSHIFU\u26ab\ufe0f\n|-damage|p2a: \u26ab\ufe0fURSHIFU\u26ab\ufe0f|4\/100\n|-unboost|p1a: Rayquaza|def|1\n|-unboost|p1a: Rayquaza|spd|1\n|\n|-heal|p1a: Rayquaza|34\/100|[from] item: Leftovers\n|upkeep\n|turn|26\n|\n|t:|1699240549\n|move|p1a: Rayquaza|Extreme Speed|p2a: \u26ab\ufe0fURSHIFU\u26ab\ufe0f\n|-damage|p2a: \u26ab\ufe0fURSHIFU\u26ab\ufe0f|0 fnt\n|faint|p2a: \u26ab\ufe0fURSHIFU\u26ab\ufe0f\n|\n|-heal|p1a: Rayquaza|40\/100|[from] item: Leftovers\n|upkeep\n|\n|t:|1699240557\n|switch|p2a: \u26ab\ufe0fABSOL\u26ab\ufe0f|Absol, F|100\/100\n|turn|27\n|\n|t:|1699240572\n|detailschange|p2a: \u26ab\ufe0fABSOL\u26ab\ufe0f|Absol-Mega, F\n|-mega|p2a: \u26ab\ufe0fABSOL\u26ab\ufe0f|Absol|Absolite\n|move|p2a: \u26ab\ufe0fABSOL\u26ab\ufe0f|Knock Off|p1a: Rayquaza\n|-damage|p1a: Rayquaza|0 fnt\n|-enditem|p1a: Rayquaza|Leftovers|[from] move: Knock Off|[of] p2a: \u26ab\ufe0fABSOL\u26ab\ufe0f\n|faint|p1a: Rayquaza\n|\n|upkeep\n|\n|t:|1699240587\n|switch|p1a: Calyrex|Calyrex-Ice|100\/100\n|-ability|p1a: Calyrex|As One\n|-ability|p1a: Calyrex|Unnerve\n|-damage|p1a: Calyrex|84\/100|[from] Spikes\n|turn|28\n|j| NDUK shitfart\n|c| NDUK shitfart|absol in nd ubers is wild\n|\n|t:|1699240596\n|move|p2a: \u26ab\ufe0fABSOL\u26ab\ufe0f|Knock Off|p1a: Calyrex\n|-supereffective|p1a: Calyrex\n|-damage|p1a: Calyrex|0 fnt\n|-enditem|p1a: Calyrex|Leftovers|[from] move: Knock Off|[of] p2a: \u26ab\ufe0fABSOL\u26ab\ufe0f\n|faint|p1a: Calyrex\n|\n|upkeep\n|c| NDUK shitfart|soloed by zacian again\n|\n|t:|1699240603\n|switch|p1a: Dialga|Dialga|100\/100\n|-damage|p1a: Dialga|84\/100|[from] Spikes\n|-ability|p1a: Dialga|Pressure\n|turn|29\n|\n|t:|1699240612\n|move|p2a: \u26ab\ufe0fABSOL\u26ab\ufe0f|Knock Off|p1a: Dialga\n|-damage|p1a: Dialga|30\/100\n|-enditem|p1a: Dialga|Adamant Orb|[from] move: Knock Off|[of] p2a: \u26ab\ufe0fABSOL\u26ab\ufe0f\n|move|p1a: Dialga|Brick Break|p2a: \u26ab\ufe0fABSOL\u26ab\ufe0f\n|-supereffective|p2a: \u26ab\ufe0fABSOL\u26ab\ufe0f\n|-damage|p2a: \u26ab\ufe0fABSOL\u26ab\ufe0f|4\/100\n|\n|upkeep\n|turn|30\n|c| NDUK shitfart|brick break dialga\n|\n|t:|1699240621\n|move|p2a: \u26ab\ufe0fABSOL\u26ab\ufe0f|Sucker Punch|p1a: Dialga\n|-damage|p1a: Dialga|0 fnt\n|faint|p1a: Dialga\n|\n|win|EVIL-M0DE\ufe0f\ufe0f\ufe0f\ufe0f\ufe0f\u25aa\ufe0f\n|raw|xElPalex's rating: 1045 &rarr; <strong>1032<\/strong><br \/>(-13 for losing)\n|raw|EVIL-M0DE\ufe0f\ufe0f\ufe0f\ufe0f\ufe0f\u25aa\ufe0f's rating: 1117 &rarr; <strong>1137<\/strong><br \/>(+20 for winning)\n|c| NDUK shitfart|brain damaged\n|l|\u2606xElPalex\n|l| NDUK shitfart\n","uploadtime":1699240716,"views":5,"p1id":"xelpalex","p2id":"evilm0de","formatid":"gen9nationaldexubers","rating":1032,"private":0,"password":""}