{"id":"gen9nationaldexubers-1978193065","p1":"DIB Jirachi","p2":"KingoftheTitans","format":"[Gen 9] National Dex Ubers","log":"|j|\u2606DIB Jirachi\n|j|\u2606KingoftheTitans\n|t:|1698511089\n|gametype|singles\n|player|p1|DIB Jirachi|brawly|1205\n|player|p2|KingoftheTitans|2|1311\n|teamsize|p1|6\n|teamsize|p2|6\n|gen|9\n|tier|[Gen 9] National Dex Ubers\n|rated|\n|rule|HP Percentage Mod: HP is shown in percentages\n|rule|Endless Battle Clause: Forcing endless battles is banned\n|rule|OHKO Clause: OHKO moves are banned\n|rule|Evasion Moves Clause: Evasion moves are banned\n|rule|Evasion Items Clause: Evasion items are banned\n|rule|Species Clause: Limit one of each Pok\u00e9mon\n|rule|Sleep Clause Mod: Limit one foe put to sleep\n|rule|Mega Rayquaza Clause: You cannot mega evolve Rayquaza\n|clearpoke\n|poke|p1|Ho-Oh|\n|poke|p1|Zygarde|\n|poke|p1|Marshadow|\n|poke|p1|Groudon|\n|poke|p1|Arceus-Dark|\n|poke|p1|Kyogre|\n|poke|p2|Ogerpon-Hearthflame, F|\n|poke|p2|Deoxys-Attack|\n|poke|p2|Salamence, M|\n|poke|p2|Dragapult, M|\n|poke|p2|Darmanitan-Galar, F|\n|poke|p2|Flutter Mane|\n|teampreview\n|inactive|Battle timer is ON: inactive players will automatically lose when time's up. (requested by DIB Jirachi)\n|\n|t:|1698511115\n|start\n|switch|p1a: Birdspam|Ho-Oh|100\/100\n|switch|p2a: Dragapult|Dragapult, M, shiny|100\/100\n|turn|1\n|\n|t:|1698511122\n|move|p2a: Dragapult|Surf|p1a: Birdspam\n|-supereffective|p1a: Birdspam\n|-damage|p1a: Birdspam|59\/100\n|move|p1a: Birdspam|Toxic|p2a: Dragapult\n|-status|p2a: Dragapult|tox\n|\n|-damage|p2a: Dragapult|95\/100 tox|[from] psn\n|upkeep\n|turn|2\n|\n|t:|1698511131\n|switch|p1a: Kid named Eruption|Groudon|100\/100\n|detailschange|p1a: Kid named Eruption|Groudon-Primal\n|-primal|p1a: Kid named Eruption|Red Orb\n|-weather|DesolateLand|[from] ability: Desolate Land|[of] p1a: Kid named Eruption\n|move|p2a: Dragapult|Surf||[still]\n|-fail|p2a: Dragapult|Surf|[from] Desolate Land\n|\n|-weather|DesolateLand|[upkeep]\n|-damage|p2a: Dragapult|83\/100 tox|[from] psn\n|upkeep\n|turn|3\n|\n|t:|1698511143\n|switch|p2a: Flutter Mane|Flutter Mane, shiny|100\/100\n|-enditem|p2a: Flutter Mane|Booster Energy\n|-activate|p2a: Flutter Mane|ability: Protosynthesis|[fromitem]\n|-start|p2a: Flutter Mane|protosynthesisspe\n|move|p1a: Kid named Eruption|Swords Dance|p1a: Kid named Eruption\n|-boost|p1a: Kid named Eruption|atk|2\n|\n|-weather|DesolateLand|[upkeep]\n|upkeep\n|turn|4\n|\n|t:|1698511150\n|move|p2a: Flutter Mane|Taunt|p1a: Kid named Eruption\n|-start|p1a: Kid named Eruption|move: Taunt\n|move|p1a: Kid named Eruption|Heat Crash|p2a: Flutter Mane\n|-damage|p2a: Flutter Mane|0 fnt\n|faint|p2a: Flutter Mane\n|-end|p2a: Flutter Mane|Protosynthesis|[silent]\n|\n|-weather|DesolateLand|[upkeep]\n|upkeep\n|\n|t:|1698511161\n|switch|p2a: Dragapult|Dragapult, M, shiny|83\/100 tox\n|turn|5\n|\n|t:|1698511163\n|move|p2a: Dragapult|Draco Meteor|p1a: Kid named Eruption\n|-damage|p1a: Kid named Eruption|17\/100\n|-unboost|p2a: Dragapult|spa|2\n|move|p1a: Kid named Eruption|Heat Crash|p2a: Dragapult\n|-resisted|p2a: Dragapult\n|-damage|p2a: Dragapult|0 fnt\n|faint|p2a: Dragapult\n|\n|-weather|DesolateLand|[upkeep]\n|upkeep\n|\n|t:|1698511173\n|switch|p2a: Deoxys|Deoxys-Attack, shiny|100\/100\n|-ability|p2a: Deoxys|Pressure\n|turn|6\n|\n|t:|1698511176\n|move|p2a: Deoxys|Ice Beam|p1a: Kid named Eruption\n|-damage|p1a: Kid named Eruption|0 fnt\n|faint|p1a: Kid named Eruption\n|-weather|none\n|\n|upkeep\n|\n|t:|1698511182\n|switch|p1a: BKC|Arceus-Dark|100\/100\n|turn|7\n|\n|t:|1698511190\n|-terastallize|p2a: Deoxys|Fighting\n|move|p2a: Deoxys|Brick Break|p1a: BKC\n|-supereffective|p1a: BKC\n|-damage|p1a: BKC|38\/100\n|move|p1a: BKC|Foul Play|p2a: Deoxys\n|-resisted|p2a: Deoxys\n|-enditem|p2a: Deoxys|Focus Sash\n|-damage|p2a: Deoxys|1\/100\n|\n|upkeep\n|turn|8\n|\n|t:|1698511206\n|move|p2a: Deoxys|Psycho Boost|p1a: BKC\n|-immune|p1a: BKC\n|move|p1a: BKC|Recover|p1a: BKC\n|-heal|p1a: BKC|88\/100\n|\n|upkeep\n|turn|9\n|\n|t:|1698511212\n|move|p2a: Deoxys|Brick Break|p1a: BKC\n|-supereffective|p1a: BKC\n|-damage|p1a: BKC|30\/100\n|move|p1a: BKC|Foul Play|p2a: Deoxys\n|-resisted|p2a: Deoxys\n|-damage|p2a: Deoxys|0 fnt\n|faint|p2a: Deoxys\n|\n|upkeep\n|\n|t:|1698511222\n|switch|p2a: Darmanitan|Darmanitan-Galar, F, shiny|100\/100\n|turn|10\n|\n|t:|1698511224\n|move|p2a: Darmanitan|U-turn|p1a: BKC\n|-supereffective|p1a: BKC\n|-crit|p1a: BKC\n|-damage|p1a: BKC|0 fnt\n|faint|p1a: BKC\n|\n|t:|1698511228\n|switch|p2a: Ogerpon|Ogerpon-Hearthflame, F|100\/100|[from] U-turn\n|-ability|p2a: Ogerpon|Mold Breaker\n|\n|upkeep\n|\n|t:|1698511250\n|switch|p1a: Mar(sash)adow|Marshadow|100\/100\n|turn|11\n|\n|t:|1698511257\n|move|p2a: Ogerpon|Ivy Cudgel|p1a: Mar(sash)adow\n|-damage|p1a: Mar(sash)adow|28\/100\n|move|p1a: Mar(sash)adow|Rock Tomb|p2a: Ogerpon\n|-supereffective|p2a: Ogerpon\n|-damage|p2a: Ogerpon|0 fnt\n|faint|p2a: Ogerpon\n|\n|upkeep\n|\n|t:|1698511264\n|switch|p2a: Salamence|Salamence, M, shiny|100\/100\n|-ability|p2a: Salamence|Intimidate|boost\n|-unboost|p1a: Mar(sash)adow|atk|1\n|turn|12\n|\n|t:|1698511272\n|switch|p1a: Birdspam|Ho-Oh|92\/100\n|detailschange|p2a: Salamence|Salamence-Mega, M, shiny\n|-mega|p2a: Salamence|Salamence|Salamencite\n|move|p2a: Salamence|Dragon Dance|p2a: Salamence\n|-boost|p2a: Salamence|atk|1\n|-boost|p2a: Salamence|spe|1\n|\n|upkeep\n|turn|13\n|\n|t:|1698511280\n|move|p2a: Salamence|Body Slam|p1a: Birdspam\n|-crit|p1a: Birdspam\n|-damage|p1a: Birdspam|0 fnt\n|faint|p1a: Birdspam\n|\n|upkeep\n|\n|t:|1698511284\n|switch|p1a: Goldfish Crackers|Kyogre|100\/100\n|detailschange|p1a: Goldfish Crackers|Kyogre-Primal\n|-primal|p1a: Goldfish Crackers|Blue Orb\n|-weather|PrimordialSea|[from] ability: Primordial Sea|[of] p1a: Goldfish Crackers\n|turn|14\n|\n|t:|1698511289\n|move|p2a: Salamence|Body Slam|p1a: Goldfish Crackers\n|-damage|p1a: Goldfish Crackers|26\/100\n|-status|p1a: Goldfish Crackers|par\n|move|p1a: Goldfish Crackers|Ice Beam|p2a: Salamence\n|-supereffective|p2a: Salamence\n|-damage|p2a: Salamence|0 fnt\n|faint|p2a: Salamence\n|\n|-weather|PrimordialSea|[upkeep]\n|upkeep\n|\n|t:|1698511296\n|switch|p2a: Darmanitan|Darmanitan-Galar, F, shiny|100\/100\n|turn|15\n|\n|t:|1698511300\n|move|p2a: Darmanitan|Icicle Crash|p1a: Goldfish Crackers\n|-resisted|p1a: Goldfish Crackers\n|-damage|p1a: Goldfish Crackers|0 fnt\n|faint|p1a: Goldfish Crackers\n|-weather|none\n|\n|upkeep\n|\n|t:|1698511304\n|switch|p1a: Mar(sash)adow|Marshadow|28\/100\n|turn|16\n|\n|t:|1698511307\n|move|p1a: Mar(sash)adow|Shadow Sneak|p2a: Darmanitan\n|-crit|p2a: Darmanitan\n|-damage|p2a: Darmanitan|0 fnt\n|faint|p2a: Darmanitan\n|\n|win|DIB Jirachi\n|raw|DIB Jirachi's rating: 1205 &rarr; <strong>1237<\/strong><br \/>(+32 for winning)\n|raw|KingoftheTitans's rating: 1311 &rarr; <strong>1285<\/strong><br \/>(-26 for losing)\n|c|\u2606KingoftheTitans|OH COME ON\n|l|\u2606DIB Jirachi\n","uploadtime":1698511311,"views":12,"p1id":"dibjirachi","p2id":"kingofthetitans","formatid":"gen9nationaldexubers","rating":1237,"private":0,"password":""}