{"id":"gen9nationaldexubers-1989863564","p1":"Ezael_Stormblood","p2":"99% lose rate","format":"[Gen 9] National Dex Ubers","log":"|j|\u2606Ezael_Stormblood\n|j|\u260699% lose rate\n|t:|1699902045\n|gametype|singles\n|player|p1|Ezael_Stormblood|hiker-gen4|1261\n|player|p2|99% lose rate|giovanni|1316\n|teamsize|p1|6\n|teamsize|p2|6\n|gen|9\n|tier|[Gen 9] National Dex Ubers\n|rated|\n|rule|HP Percentage Mod: HP is shown in percentages\n|rule|Endless Battle Clause: Forcing endless battles is banned\n|rule|OHKO Clause: OHKO moves are banned\n|rule|Evasion Moves Clause: Evasion moves are banned\n|rule|Evasion Items Clause: Evasion items are banned\n|rule|Species Clause: Limit one of each Pok\u00e9mon\n|rule|Sleep Clause Mod: Limit one foe put to sleep\n|rule|Mega Rayquaza Clause: You cannot mega evolve Rayquaza\n|clearpoke\n|poke|p1|Lucario, F|\n|poke|p1|Necrozma-Dusk-Mane|\n|poke|p1|Eternatus|\n|poke|p1|Reshiram|\n|poke|p1|Zygarde|\n|poke|p1|Xerneas-*|\n|poke|p2|Necrozma|\n|poke|p2|Jirachi|\n|poke|p2|Slowbro, F|\n|poke|p2|Kyurem|\n|poke|p2|Manaphy|\n|poke|p2|Zamazenta-*|\n|teampreview\n|\n|t:|1699902056\n|start\n|switch|p1a: Necrozma|Necrozma-Dusk-Mane|100\/100\n|switch|p2a: Jirachi|Jirachi|100\/100\n|turn|1\n|c|\u2606Ezael_Stormblood|base necrozma moment\n|\n|t:|1699902065\n|move|p2a: Jirachi|Ancient Power|p1a: Necrozma\n|-resisted|p1a: Necrozma\n|-crit|p1a: Necrozma\n|-damage|p1a: Necrozma|91\/100\n|move|p1a: Necrozma|Dragon Dance|p1a: Necrozma\n|-boost|p1a: Necrozma|atk|1\n|-boost|p1a: Necrozma|spe|1\n|\n|upkeep\n|turn|2\n|\n|t:|1699902073\n|move|p1a: Necrozma|Earthquake|p2a: Jirachi\n|-supereffective|p2a: Jirachi\n|-damage|p2a: Jirachi|0 fnt\n|faint|p2a: Jirachi\n|\n|upkeep\n|\n|t:|1699902091\n|switch|p2a: Zamazenta|Zamazenta|100\/100\n|-ability|p2a: Zamazenta|Dauntless Shield|boost\n|-boost|p2a: Zamazenta|def|1\n|turn|3\n|\n|t:|1699902107\n|detailschange|p1a: Necrozma|Necrozma-Ultra\n|-burst|p1a: Necrozma|Necrozma|Ultranecrozium Z\n|-terastallize|p2a: Zamazenta|Steel\n|move|p1a: Necrozma|Photon Geyser|p2a: Zamazenta\n|-resisted|p2a: Zamazenta\n|-damage|p2a: Zamazenta|75\/100\n|move|p2a: Zamazenta|Iron Defense|p2a: Zamazenta\n|-boost|p2a: Zamazenta|def|2\n|\n|-heal|p2a: Zamazenta|81\/100|[from] item: Leftovers\n|upkeep\n|turn|4\n|\n|t:|1699902124\n|move|p1a: Necrozma|Earthquake|p2a: Zamazenta\n|-supereffective|p2a: Zamazenta\n|-damage|p2a: Zamazenta|32\/100\n|move|p2a: Zamazenta|Iron Defense|p2a: Zamazenta\n|-boost|p2a: Zamazenta|def|2\n|\n|-heal|p2a: Zamazenta|39\/100|[from] item: Leftovers\n|upkeep\n|turn|5\n|\n|t:|1699902131\n|move|p1a: Necrozma|Dragon Dance|p1a: Necrozma\n|-boost|p1a: Necrozma|atk|1\n|-boost|p1a: Necrozma|spe|1\n|move|p2a: Zamazenta|Iron Head|p1a: Necrozma\n|-damage|p1a: Necrozma|56\/100\n|\n|-heal|p2a: Zamazenta|45\/100|[from] item: Leftovers\n|upkeep\n|turn|6\n|\n|t:|1699902138\n|move|p1a: Necrozma|Earthquake|p2a: Zamazenta\n|-supereffective|p2a: Zamazenta\n|-damage|p2a: Zamazenta|0 fnt\n|faint|p2a: Zamazenta\n|\n|upkeep\n|\n|t:|1699902142\n|switch|p2a: Manaphy|Manaphy|100\/100\n|turn|7\n|\n|t:|1699902151\n|move|p1a: Necrozma|Photon Geyser|p2a: Manaphy\n|-damage|p2a: Manaphy|23\/100\n|move|p2a: Manaphy|Shadow Ball|p1a: Necrozma\n|-supereffective|p1a: Necrozma\n|-damage|p1a: Necrozma|15\/100\n|-unboost|p1a: Necrozma|spd|1\n|\n|-heal|p2a: Manaphy|29\/100|[from] item: Leftovers\n|upkeep\n|turn|8\n|\n|t:|1699902162\n|move|p1a: Necrozma|Photon Geyser|p2a: Manaphy\n|-damage|p2a: Manaphy|0 fnt\n|faint|p2a: Manaphy\n|\n|upkeep\n|\n|t:|1699902171\n|switch|p2a: Funbro|Slowbro, F|100\/100\n|turn|9\n|\n|t:|1699902175\n|-zpower|p1a: Necrozma\n|move|p1a: Necrozma|Light That Burns the Sky|p2a: Funbro|[zeffect]\n|-resisted|p2a: Funbro\n|-damage|p2a: Funbro|30\/100\n|move|p2a: Funbro|Scald|p1a: Necrozma\n|-resisted|p1a: Necrozma\n|-crit|p1a: Necrozma\n|-damage|p1a: Necrozma|0 fnt\n|faint|p1a: Necrozma\n|\n|-heal|p2a: Funbro|36\/100|[from] item: Leftovers\n|upkeep\n|\n|t:|1699902185\n|switch|p1a: Lucario|Lucario, F|100\/100\n|turn|10\n|\n|t:|1699902204\n|switch|p2a: Kyurem|Kyurem|100\/100\n|-ability|p2a: Kyurem|Pressure\n|detailschange|p1a: Lucario|Lucario-Mega, F\n|-mega|p1a: Lucario|Lucario|Lucarionite\n|move|p1a: Lucario|Meteor Mash|p2a: Kyurem\n|-supereffective|p2a: Kyurem\n|-damage|p2a: Kyurem|0 fnt\n|faint|p2a: Kyurem\n|\n|upkeep\n|\n|t:|1699902213\n|switch|p2a: Funbro|Slowbro, F|69\/100\n|turn|11\n|\n|t:|1699902216\n|move|p1a: Lucario|Meteor Mash|p2a: Funbro\n|-resisted|p2a: Funbro\n|-damage|p2a: Funbro|50\/100\n|move|p2a: Funbro|Slack Off|p2a: Funbro\n|-heal|p2a: Funbro|100\/100\n|\n|upkeep\n|turn|12\n|\n|t:|1699902225\n|move|p1a: Lucario|Extreme Speed|p2a: Funbro\n|-damage|p2a: Funbro|83\/100\n|move|p2a: Funbro|Calm Mind|p2a: Funbro\n|-boost|p2a: Funbro|spa|1\n|-boost|p2a: Funbro|spd|1\n|\n|-heal|p2a: Funbro|90\/100|[from] item: Leftovers\n|upkeep\n|turn|13\n|\n|t:|1699902233\n|switch|p1a: Eternatus|Eternatus|100\/100\n|-ability|p1a: Eternatus|Pressure\n|move|p2a: Funbro|Scald|p1a: Eternatus\n|-resisted|p1a: Eternatus\n|-damage|p1a: Eternatus|85\/100\n|-status|p1a: Eternatus|brn\n|\n|-heal|p2a: Funbro|96\/100|[from] item: Leftovers\n|-damage|p1a: Eternatus|78\/100 brn|[from] brn\n|upkeep\n|turn|14\n|\n|t:|1699902244\n|move|p1a: Eternatus|Meteor Beam||[still]\n|-prepare|p1a: Eternatus|Meteor Beam\n|-boost|p1a: Eternatus|spa|1\n|-enditem|p1a: Eternatus|Power Herb\n|-anim|p1a: Eternatus|Meteor Beam|p2a: Funbro\n|-damage|p2a: Funbro|50\/100\n|move|p2a: Funbro|Calm Mind|p2a: Funbro\n|-boost|p2a: Funbro|spa|1\n|-boost|p2a: Funbro|spd|1\n|\n|-heal|p2a: Funbro|57\/100|[from] item: Leftovers\n|-damage|p1a: Eternatus|72\/100 brn|[from] brn\n|upkeep\n|turn|15\n|\n|t:|1699902256\n|-terastallize|p1a: Eternatus|Poison\n|move|p1a: Eternatus|Sludge Bomb|p2a: Funbro\n|-damage|p2a: Funbro|7\/100\n|-status|p2a: Funbro|psn\n|move|p2a: Funbro|Slack Off|p2a: Funbro\n|-heal|p2a: Funbro|57\/100 psn\n|\n|-heal|p2a: Funbro|63\/100 psn|[from] item: Leftovers\n|-damage|p2a: Funbro|51\/100 psn|[from] psn\n|-damage|p1a: Eternatus|66\/100 brn|[from] brn\n|upkeep\n|turn|16\n|\n|t:|1699902267\n|move|p1a: Eternatus|Sludge Bomb|p2a: Funbro\n|-damage|p2a: Funbro|0 fnt\n|faint|p2a: Funbro\n|\n|-damage|p1a: Eternatus|60\/100 brn|[from] brn\n|upkeep\n|\n|t:|1699902269\n|switch|p2a: Necrozma|Necrozma|100\/100\n|turn|17\n|\n|t:|1699902275\n|switch|p1a: Lucario|Lucario-Mega, F|100\/100\n|move|p2a: Necrozma|Autotomize|p2a: Necrozma\n|-boost|p2a: Necrozma|spe|2\n|-start|p2a: Necrozma|Autotomize\n|\n|upkeep\n|turn|18\n|\n|t:|1699902288\n|move|p2a: Necrozma|Autotomize|p2a: Necrozma\n|-boost|p2a: Necrozma|spe|2\n|-start|p2a: Necrozma|Autotomize\n|move|p1a: Lucario|Meteor Mash|p2a: Necrozma\n|-damage|p2a: Necrozma|49\/100\n|\n|upkeep\n|turn|19\n|\n|t:|1699902297\n|move|p1a: Lucario|Extreme Speed|p2a: Necrozma\n|-damage|p2a: Necrozma|26\/100\n|move|p2a: Necrozma|Stored Power|p1a: Lucario\n|-damage|p1a: Lucario|16\/100\n|\n|upkeep\n|turn|20\n|\n|t:|1699902305\n|move|p1a: Lucario|Extreme Speed|p2a: Necrozma\n|-damage|p2a: Necrozma|3\/100\n|move|p2a: Necrozma|Morning Sun|p2a: Necrozma\n|-heal|p2a: Necrozma|53\/100\n|\n|upkeep\n|turn|21\n|\n|t:|1699902314\n|move|p2a: Necrozma|Stored Power|p1a: Lucario\n|-damage|p1a: Lucario|0 fnt\n|faint|p1a: Lucario\n|\n|upkeep\n|\n|t:|1699902327\n|switch|p1a: Reshiram|Reshiram|100\/100\n|-ability|p1a: Reshiram|Turboblaze\n|turn|22\n|\n|t:|1699902332\n|move|p2a: Necrozma|Morning Sun|p2a: Necrozma\n|-heal|p2a: Necrozma|100\/100\n|move|p1a: Reshiram|Shadow Ball|p2a: Necrozma\n|-supereffective|p2a: Necrozma\n|-damage|p2a: Necrozma|31\/100\n|-enditem|p2a: Necrozma|Weakness Policy\n|-boost|p2a: Necrozma|atk|2|[from] item: Weakness Policy\n|-boost|p2a: Necrozma|spa|2|[from] item: Weakness Policy\n|\n|upkeep\n|turn|23\n|\n|t:|1699902340\n|move|p2a: Necrozma|Stored Power|p1a: Reshiram\n|-damage|p1a: Reshiram|0 fnt\n|faint|p1a: Reshiram\n|\n|upkeep\n|\n|t:|1699902347\n|switch|p1a: Xerneas|Xerneas|100\/100\n|-ability|p1a: Xerneas|Fairy Aura\n|turn|24\n|\n|t:|1699902354\n|move|p2a: Necrozma|Stored Power|p1a: Xerneas\n|-damage|p1a: Xerneas|0 fnt\n|faint|p1a: Xerneas\n|\n|upkeep\n|\n|t:|1699902357\n|switch|p1a: Eternatus|Eternatus, tera:Poison|60\/100 brn\n|-ability|p1a: Eternatus|Pressure\n|turn|25\n|\n|t:|1699902360\n|move|p2a: Necrozma|Stored Power|p1a: Eternatus\n|-supereffective|p1a: Eternatus\n|-damage|p1a: Eternatus|0 fnt\n|faint|p1a: Eternatus\n|\n|upkeep\n|\n|t:|1699902363\n|switch|p1a: Zygarde|Zygarde|100\/100\n|turn|26\n|c|\u2606Ezael_Stormblood|ggs\n|\n|t:|1699902373\n|move|p2a: Necrozma|Stored Power|p1a: Zygarde\n|-damage|p1a: Zygarde|0 fnt\n|faint|p1a: Zygarde\n|\n|win|99% lose rate\n|raw|Ezael_Stormblood's rating: 1261 &rarr; <strong>1240<\/strong><br \/>(-21 for losing)\n|raw|99% lose rate's rating: 1316 &rarr; <strong>1333<\/strong><br \/>(+17 for winning)\n|l|\u2606Ezael_Stormblood\n","uploadtime":1699902389,"views":8,"p1id":"ezaelstormblood","p2id":"99loserate","formatid":"gen9nationaldexubers","rating":1240,"private":0,"password":""}