{"id":"gen9nationaldexubers-1986528225","p1":"Foxtroteve","p2":"AdvilPills","format":"[Gen 9] National Dex Ubers","log":"|j|\u2606Foxtroteve\n|j|\u2606AdvilPills\n|t:|1699488449\n|gametype|singles\n|player|p1|Foxtroteve|bellelba|1000\n|player|p2|AdvilPills|265|1078\n|teamsize|p1|6\n|teamsize|p2|6\n|gen|9\n|tier|[Gen 9] National Dex Ubers\n|rated|\n|rule|HP Percentage Mod: HP is shown in percentages\n|rule|Endless Battle Clause: Forcing endless battles is banned\n|rule|OHKO Clause: OHKO moves are banned\n|rule|Evasion Moves Clause: Evasion moves are banned\n|rule|Evasion Items Clause: Evasion items are banned\n|rule|Species Clause: Limit one of each Pok\u00e9mon\n|rule|Sleep Clause Mod: Limit one foe put to sleep\n|rule|Mega Rayquaza Clause: You cannot mega evolve Rayquaza\n|clearpoke\n|poke|p1|Zygarde|\n|poke|p1|Ribombee, M|\n|poke|p1|Xerneas-*|\n|poke|p1|Golem-Alola, M|\n|poke|p1|Darkrai|\n|poke|p1|Rabsca, F|\n|poke|p2|Zeraora|\n|poke|p2|Dialga-Origin|\n|poke|p2|Gorebyss, F|\n|poke|p2|Cacturne, F|\n|poke|p2|Toxapex, M|\n|poke|p2|Hatterene, F|\n|teampreview\n|\n|t:|1699488457\n|start\n|switch|p1a: Ribombee|Ribombee, M|100\/100\n|switch|p2a: Hatterene|Hatterene, F|100\/100\n|turn|1\n|\n|t:|1699488462\n|move|p1a: Ribombee|Sticky Web|p2a: Hatterene\n|move|p2a: Hatterene|Sticky Web|p1a: Ribombee|[from]ability: Magic Bounce\n|-sidestart|p1: Foxtroteve|move: Sticky Web\n|move|p2a: Hatterene|Calm Mind|p2a: Hatterene\n|-boost|p2a: Hatterene|spa|1\n|-boost|p2a: Hatterene|spd|1\n|\n|upkeep\n|turn|2\n|\n|t:|1699488468\n|move|p1a: Ribombee|Bug Buzz|p2a: Hatterene\n|-damage|p2a: Hatterene|76\/100\n|-unboost|p2a: Hatterene|spd|1\n|move|p2a: Hatterene|Calm Mind|p2a: Hatterene\n|-boost|p2a: Hatterene|spa|1\n|-boost|p2a: Hatterene|spd|1\n|\n|-heal|p2a: Hatterene|82\/100|[from] item: Leftovers\n|upkeep\n|turn|3\n|\n|t:|1699488472\n|move|p1a: Ribombee|Moonblast|p2a: Hatterene\n|-damage|p2a: Hatterene|55\/100\n|move|p2a: Hatterene|Calm Mind|p2a: Hatterene\n|-boost|p2a: Hatterene|spa|1\n|-boost|p2a: Hatterene|spd|1\n|\n|-heal|p2a: Hatterene|61\/100|[from] item: Leftovers\n|upkeep\n|turn|4\n|\n|t:|1699488475\n|move|p1a: Ribombee|Calm Mind|p1a: Ribombee\n|-boost|p1a: Ribombee|spa|1\n|-boost|p1a: Ribombee|spd|1\n|move|p2a: Hatterene|Agility|p2a: Hatterene\n|-boost|p2a: Hatterene|spe|2\n|\n|-heal|p2a: Hatterene|67\/100|[from] item: Leftovers\n|upkeep\n|turn|5\n|\n|t:|1699488480\n|move|p1a: Ribombee|Calm Mind|p1a: Ribombee\n|-boost|p1a: Ribombee|spa|1\n|-boost|p1a: Ribombee|spd|1\n|move|p2a: Hatterene|Calm Mind|p2a: Hatterene\n|-boost|p2a: Hatterene|spa|1\n|-boost|p2a: Hatterene|spd|1\n|\n|-heal|p2a: Hatterene|73\/100|[from] item: Leftovers\n|upkeep\n|turn|6\n|\n|t:|1699488482\n|move|p1a: Ribombee|Calm Mind|p1a: Ribombee\n|-boost|p1a: Ribombee|spa|1\n|-boost|p1a: Ribombee|spd|1\n|move|p2a: Hatterene|Agility|p2a: Hatterene\n|-boost|p2a: Hatterene|spe|2\n|\n|-heal|p2a: Hatterene|79\/100|[from] item: Leftovers\n|upkeep\n|turn|7\n|\n|t:|1699488486\n|move|p1a: Ribombee|Bug Buzz|p2a: Hatterene\n|-damage|p2a: Hatterene|42\/100\n|move|p2a: Hatterene|Agility|p2a: Hatterene\n|-boost|p2a: Hatterene|spe|2\n|\n|-heal|p2a: Hatterene|48\/100|[from] item: Leftovers\n|upkeep\n|turn|8\n|\n|t:|1699488504\n|-terastallize|p2a: Hatterene|Steel\n|move|p1a: Ribombee|Moonblast|p2a: Hatterene\n|-resisted|p2a: Hatterene\n|-damage|p2a: Hatterene|28\/100\n|move|p2a: Hatterene|Draining Kiss|p1a: Ribombee\n|-damage|p1a: Ribombee|49\/100\n|-heal|p2a: Hatterene|59\/100|[from] drain|[of] p1a: Ribombee\n|\n|-heal|p2a: Hatterene|65\/100|[from] item: Leftovers\n|upkeep\n|turn|9\n|\n|t:|1699488510\n|move|p1a: Ribombee|Bug Buzz|p2a: Hatterene\n|-resisted|p2a: Hatterene\n|-damage|p2a: Hatterene|47\/100\n|move|p2a: Hatterene|Draining Kiss|p1a: Ribombee\n|-damage|p1a: Ribombee|0 fnt\n|-heal|p2a: Hatterene|77\/100|[from] drain|[of] p1a: Ribombee\n|faint|p1a: Ribombee\n|\n|-heal|p2a: Hatterene|83\/100|[from] item: Leftovers\n|upkeep\n|\n|t:|1699488514\n|switch|p1a: Zygarde|Zygarde|100\/100\n|-activate|p1a: Zygarde|move: Sticky Web\n|-unboost|p1a: Zygarde|spe|1\n|turn|10\n|\n|t:|1699488528\n|move|p2a: Hatterene|Stored Power|p1a: Zygarde\n|-damage|p1a: Zygarde|0 fnt\n|faint|p1a: Zygarde\n|\n|-heal|p2a: Hatterene|89\/100|[from] item: Leftovers\n|upkeep\n|\n|t:|1699488533\n|switch|p1a: Darkrai|Darkrai|100\/100\n|-activate|p1a: Darkrai|move: Sticky Web\n|-unboost|p1a: Darkrai|spe|1\n|turn|11\n|c|\u2606AdvilPills|please don't forfeit\n|\n|t:|1699488541\n|move|p2a: Hatterene|Draining Kiss|p1a: Darkrai\n|-supereffective|p1a: Darkrai\n|-enditem|p1a: Darkrai|Focus Sash\n|-damage|p1a: Darkrai|1\/100\n|-heal|p2a: Hatterene|100\/100|[from] drain|[of] p1a: Darkrai\n|move|p1a: Darkrai|Dark Void|p2a: Hatterene\n|move|p2a: Hatterene|Dark Void|p1a: Darkrai|[from]ability: Magic Bounce|[miss]\n|-miss|p2a: Hatterene|p1a: Darkrai\n|\n|upkeep\n|turn|12\n|\n|t:|1699488551\n|move|p2a: Hatterene|Draining Kiss|p1a: Darkrai\n|-supereffective|p1a: Darkrai\n|-damage|p1a: Darkrai|0 fnt\n|faint|p1a: Darkrai\n|\n|upkeep\n|\n|t:|1699488554\n|switch|p1a: Xerneas|Xerneas|100\/100\n|-activate|p1a: Xerneas|move: Sticky Web\n|-unboost|p1a: Xerneas|spe|1\n|-ability|p1a: Xerneas|Fairy Aura\n|turn|13\n|c|\u2606Foxtroteve|ok\n|\n|t:|1699488564\n|move|p2a: Hatterene|Stored Power|p1a: Xerneas\n|-damage|p1a: Xerneas|0 fnt\n|faint|p1a: Xerneas\n|\n|upkeep\n|\n|t:|1699488566\n|switch|p1a: Golem|Golem-Alola, M|100\/100\n|-activate|p1a: Golem|move: Sticky Web\n|-unboost|p1a: Golem|spe|1\n|turn|14\n|\n|t:|1699488569\n|move|p2a: Hatterene|Stored Power|p1a: Golem\n|-ability|p1a: Golem|Sturdy\n|-damage|p1a: Golem|1\/100\n|move|p1a: Golem|Explosion|p2a: Hatterene\n|-resisted|p2a: Hatterene\n|-damage|p2a: Hatterene|47\/100\n|faint|p1a: Golem\n|\n|-heal|p2a: Hatterene|53\/100|[from] item: Leftovers\n|upkeep\n|\n|t:|1699488573\n|switch|p1a: Rabsca|Rabsca, F|100\/100\n|-activate|p1a: Rabsca|move: Sticky Web\n|-unboost|p1a: Rabsca|spe|1\n|turn|15\n|\n|t:|1699488578\n|move|p2a: Hatterene|Draining Kiss|p1a: Rabsca\n|-damage|p1a: Rabsca|23\/100\n|-heal|p2a: Hatterene|100\/100|[from] drain|[of] p1a: Rabsca\n|move|p1a: Rabsca|Revival Blessing|p1a: Rabsca\n|\n|t:|1699488587\n|-heal|p1: Zygarde|50\/100|[from] move: Revival Blessing\n|\n|upkeep\n|turn|16\n|\n|t:|1699488590\n|move|p2a: Hatterene|Draining Kiss|p1a: Rabsca\n|-damage|p1a: Rabsca|0 fnt\n|faint|p1a: Rabsca\n|\n|upkeep\n|\n|t:|1699488592\n|switch|p1a: Zygarde|Zygarde|50\/100\n|-activate|p1a: Zygarde|move: Sticky Web\n|-unboost|p1a: Zygarde|spe|1\n|turn|17\n|\n|t:|1699488594\n|move|p1a: Zygarde|Extreme Speed|p2a: Hatterene\n|-resisted|p2a: Hatterene\n|-damage|p2a: Hatterene|87\/100\n|move|p2a: Hatterene|Stored Power|p1a: Zygarde\n|-damage|p1a: Zygarde|0 fnt\n|faint|p1a: Zygarde\n|\n|win|AdvilPills\n|raw|Foxtroteve's rating: 1000 &rarr; <strong>1000<\/strong><br \/>(+0 for losing)\n|raw|AdvilPills's rating: 1078 &rarr; <strong>1100<\/strong><br \/>(+22 for winning)\n|c|\u2606AdvilPills|gg\n|c|\u2606Foxtroteve|gg\n|c|\u2606AdvilPills|close match\n|c|\u2606AdvilPills|I was scared\n|l|\u2606Foxtroteve\n","uploadtime":1699488618,"views":45,"p1id":"foxtroteve","p2id":"advilpills","formatid":"gen9nationaldexubers","rating":1000,"private":0,"password":""}