{"id":"gen9nationaldexubers-1990448609","p1":"KingoftheTitans","p2":"BallBuster87","format":"[Gen 9] National Dex Ubers","log":"|j|\u2606KingoftheTitans\n|j|\u2606BallBuster87\n|t:|1699971971\n|gametype|singles\n|player|p1|KingoftheTitans|265|1312\n|player|p2|BallBuster87|crasherwake|1198\n|teamsize|p1|6\n|teamsize|p2|6\n|gen|9\n|tier|[Gen 9] National Dex Ubers\n|rated|\n|rule|HP Percentage Mod: HP is shown in percentages\n|rule|Endless Battle Clause: Forcing endless battles is banned\n|rule|OHKO Clause: OHKO moves are banned\n|rule|Evasion Moves Clause: Evasion moves are banned\n|rule|Evasion Items Clause: Evasion items are banned\n|rule|Species Clause: Limit one of each Pok\u00e9mon\n|rule|Sleep Clause Mod: Limit one foe put to sleep\n|rule|Mega Rayquaza Clause: You cannot mega evolve Rayquaza\n|clearpoke\n|poke|p1|Ogerpon-Hearthflame, F|\n|poke|p1|Deoxys-Attack|\n|poke|p1|Salamence, M|\n|poke|p1|Dragapult, M|\n|poke|p1|Darmanitan-Galar, F|\n|poke|p1|Flutter Mane|\n|poke|p2|Chien-Pao|\n|poke|p2|Groudon|\n|poke|p2|Magnezone|\n|poke|p2|Kyogre|\n|poke|p2|Basculegion, M|\n|poke|p2|Annihilape, M|\n|teampreview\n|\n|t:|1699971986\n|start\n|switch|p1a: Dragapult|Dragapult, M, shiny|100\/100\n|switch|p2a: Chien-Pao|Chien-Pao|100\/100\n|-ability|p2a: Chien-Pao|Sword of Ruin\n|turn|1\n|\n|t:|1699971999\n|move|p1a: Dragapult|Fire Blast|p2a: Chien-Pao\n|-supereffective|p2a: Chien-Pao\n|-crit|p2a: Chien-Pao\n|-damage|p2a: Chien-Pao|0 fnt\n|faint|p2a: Chien-Pao\n|\n|upkeep\n|\n|t:|1699972019\n|switch|p2a: Groudon|Groudon|100\/100\n|detailschange|p2a: Groudon|Groudon-Primal\n|-primal|p2a: Groudon|Red Orb\n|-weather|DesolateLand|[from] ability: Desolate Land|[of] p2a: Groudon\n|turn|2\n|\n|t:|1699972034\n|switch|p1a: Darmanitan|Darmanitan-Galar, F, shiny|100\/100\n|move|p2a: Groudon|Precipice Blades|p1a: Darmanitan\n|-damage|p1a: Darmanitan|0 fnt\n|faint|p1a: Darmanitan\n|\n|-weather|DesolateLand|[upkeep]\n|upkeep\n|\n|t:|1699972045\n|switch|p1a: Salamence|Salamence, M, shiny|100\/100\n|-ability|p1a: Salamence|Intimidate|boost\n|-unboost|p2a: Groudon|atk|1\n|turn|3\n|\n|t:|1699972060\n|-weather|none\n|switch|p2a: Magnezone|Magnezone|100\/100\n|detailschange|p1a: Salamence|Salamence-Mega, M, shiny\n|-mega|p1a: Salamence|Salamence|Salamencite\n|move|p1a: Salamence|Dragon Dance|p1a: Salamence\n|-boost|p1a: Salamence|atk|1\n|-boost|p1a: Salamence|spe|1\n|\n|upkeep\n|turn|4\n|\n|t:|1699972069\n|move|p1a: Salamence|Dragon Dance|p1a: Salamence\n|-boost|p1a: Salamence|atk|1\n|-boost|p1a: Salamence|spe|1\n|move|p2a: Magnezone|Thunderbolt|p1a: Salamence\n|-damage|p1a: Salamence|5\/100\n|-damage|p2a: Magnezone|91\/100|[from] item: Life Orb\n|\n|upkeep\n|turn|5\n|\n|t:|1699972080\n|move|p1a: Salamence|Earthquake|p2a: Magnezone\n|-supereffective|p2a: Magnezone\n|-damage|p2a: Magnezone|0 fnt\n|faint|p2a: Magnezone\n|\n|upkeep\n|\n|t:|1699972100\n|switch|p2a: Groudon|Groudon-Primal|100\/100\n|-weather|DesolateLand|[from] ability: Desolate Land|[of] p2a: Groudon\n|turn|6\n|\n|t:|1699972105\n|move|p1a: Salamence|Earthquake|p2a: Groudon\n|-supereffective|p2a: Groudon\n|-damage|p2a: Groudon|9\/100\n|move|p2a: Groudon|Fire Punch|p1a: Salamence\n|-resisted|p1a: Salamence\n|-damage|p1a: Salamence|0 fnt\n|faint|p1a: Salamence\n|\n|-weather|DesolateLand|[upkeep]\n|upkeep\n|\n|t:|1699972116\n|switch|p1a: Ogerpon|Ogerpon-Hearthflame, F|100\/100\n|-ability|p1a: Ogerpon|Mold Breaker\n|turn|7\n|\n|t:|1699972128\n|move|p1a: Ogerpon|Ivy Cudgel|p2a: Groudon|[anim] Ivy Cudgel Fire\n|-resisted|p2a: Groudon\n|-damage|p2a: Groudon|0 fnt\n|faint|p2a: Groudon\n|-weather|none\n|\n|upkeep\n|\n|t:|1699972134\n|switch|p2a: Annihilape|Annihilape, M|100\/100\n|turn|8\n|\n|t:|1699972143\n|move|p1a: Ogerpon|Swords Dance|p1a: Ogerpon\n|-boost|p1a: Ogerpon|atk|2\n|move|p2a: Annihilape|Close Combat|p1a: Ogerpon\n|-damage|p1a: Ogerpon|4\/100\n|-unboost|p2a: Annihilape|def|1\n|-unboost|p2a: Annihilape|spd|1\n|-damage|p2a: Annihilape|91\/100|[from] item: Life Orb\n|\n|upkeep\n|turn|9\n|\n|t:|1699972151\n|move|p1a: Ogerpon|Ivy Cudgel|p2a: Annihilape|[anim] Ivy Cudgel Fire\n|-damage|p2a: Annihilape|0 fnt\n|faint|p2a: Annihilape\n|\n|upkeep\n|\n|t:|1699972155\n|switch|p2a: Kyogre|Kyogre|100\/100\n|-weather|RainDance|[from] ability: Drizzle|[of] p2a: Kyogre\n|turn|10\n|\n|t:|1699972168\n|-terastallize|p2a: Kyogre|Electric\n|move|p1a: Ogerpon|Horn Leech|p2a: Kyogre\n|-crit|p2a: Kyogre\n|-damage|p2a: Kyogre|0 fnt\n|-heal|p1a: Ogerpon|71\/100|[from] drain|[of] p2a: Kyogre\n|faint|p2a: Kyogre\n|\n|-weather|RainDance|[upkeep]\n|upkeep\n|\n|t:|1699972175\n|switch|p2a: Basculegion|Basculegion, M|100\/100\n|turn|11\n|\n|t:|1699972181\n|move|p2a: Basculegion|Last Respects|p1a: Ogerpon\n|-damage|p1a: Ogerpon|0 fnt\n|faint|p1a: Ogerpon\n|\n|-weather|RainDance|[upkeep]\n|upkeep\n|\n|t:|1699972186\n|switch|p1a: Flutter Mane|Flutter Mane, shiny|100\/100\n|-enditem|p1a: Flutter Mane|Booster Energy\n|-activate|p1a: Flutter Mane|ability: Protosynthesis|[fromitem]\n|-start|p1a: Flutter Mane|protosynthesisspe\n|turn|12\n|\n|t:|1699972191\n|move|p1a: Flutter Mane|Shadow Ball|p2a: Basculegion\n|-supereffective|p2a: Basculegion\n|-enditem|p2a: Basculegion|Focus Sash\n|-damage|p2a: Basculegion|1\/100\n|move|p2a: Basculegion|Last Respects|p1a: Flutter Mane\n|-supereffective|p1a: Flutter Mane\n|-damage|p1a: Flutter Mane|0 fnt\n|faint|p1a: Flutter Mane\n|-end|p1a: Flutter Mane|Protosynthesis|[silent]\n|\n|-weather|RainDance|[upkeep]\n|upkeep\n|\n|t:|1699972199\n|switch|p1a: Deoxys|Deoxys-Attack, shiny|100\/100\n|-ability|p1a: Deoxys|Pressure\n|turn|13\n|\n|t:|1699972203\n|move|p2a: Basculegion|Last Respects|p1a: Deoxys\n|-supereffective|p1a: Deoxys\n|-enditem|p1a: Deoxys|Focus Sash\n|-damage|p1a: Deoxys|1\/100\n|move|p1a: Deoxys|Ice Beam|p2a: Basculegion\n|-resisted|p2a: Basculegion\n|-damage|p2a: Basculegion|0 fnt\n|faint|p2a: Basculegion\n|\n|win|KingoftheTitans\n|raw|KingoftheTitans's rating: 1312 &rarr; <strong>1326<\/strong><br \/>(+14 for winning)\n|raw|BallBuster87's rating: 1198 &rarr; <strong>1181<\/strong><br \/>(-17 for losing)\n|c|\u2606BallBuster87|gg\n|c|\u2606KingoftheTitans|gg\n","uploadtime":1699972212,"views":7,"p1id":"kingofthetitans","p2id":"ballbuster87","formatid":"gen9nationaldexubers","rating":1181,"private":0,"password":""}