{"id":"gen9nationaldexubers-1987614081","p1":"terry1347","p2":"Felipe2078","format":"[Gen 9] National Dex Ubers","log":"|j|\u2606terry1347\n|j|\u2606Felipe2078\n|t:|1699619737\n|gametype|singles\n|player|p1|terry1347|richboy-gen4|1114\n|player|p2|Felipe2078|ingo|1164\n|teamsize|p1|6\n|teamsize|p2|6\n|gen|9\n|tier|[Gen 9] National Dex Ubers\n|rated|\n|rule|HP Percentage Mod: HP is shown in percentages\n|rule|Endless Battle Clause: Forcing endless battles is banned\n|rule|OHKO Clause: OHKO moves are banned\n|rule|Evasion Moves Clause: Evasion moves are banned\n|rule|Evasion Items Clause: Evasion items are banned\n|rule|Species Clause: Limit one of each Pok\u00e9mon\n|rule|Sleep Clause Mod: Limit one foe put to sleep\n|rule|Mega Rayquaza Clause: You cannot mega evolve Rayquaza\n|clearpoke\n|poke|p1|Hawlucha, F|\n|poke|p1|Ribombee, M|\n|poke|p1|Necrozma-Dusk-Mane|\n|poke|p1|Urshifu-*, M|\n|poke|p1|Melmetal|\n|poke|p1|Banette, L1, M|\n|poke|p2|Kommo-o, F|\n|poke|p2|Blaziken, F|\n|poke|p2|Dragapult, M|\n|poke|p2|Flutter Mane|\n|poke|p2|Quaquaval, M|\n|poke|p2|Muk-Alola, M|\n|teampreview\n|inactive|Battle timer is ON: inactive players will automatically lose when time's up. (requested by Felipe2078)\n|\n|t:|1699619750\n|start\n|switch|p1a: Ribombee|Ribombee, M|100\/100\n|switch|p2a: Dragapult|Dragapult, M|100\/100\n|turn|1\n|\n|t:|1699619759\n|move|p2a: Dragapult|Light Screen|p2a: Dragapult\n|-sidestart|p2: Felipe2078|move: Light Screen\n|move|p1a: Ribombee|Sticky Web|p2a: Dragapult\n|-sidestart|p2: Felipe2078|move: Sticky Web\n|\n|upkeep\n|turn|2\n|\n|t:|1699619764\n|move|p2a: Dragapult|Reflect|p2a: Dragapult\n|-sidestart|p2: Felipe2078|Reflect\n|move|p1a: Ribombee|Moonblast|p2a: Dragapult\n|-supereffective|p2a: Dragapult\n|-damage|p2a: Dragapult|52\/100\n|-unboost|p2a: Dragapult|spa|1\n|\n|upkeep\n|turn|3\n|\n|t:|1699619772\n|move|p2a: Dragapult|Will-O-Wisp|p1a: Ribombee\n|-status|p1a: Ribombee|brn\n|move|p1a: Ribombee|Moonblast|p2a: Dragapult\n|-supereffective|p2a: Dragapult\n|-crit|p2a: Dragapult\n|-damage|p2a: Dragapult|0 fnt\n|faint|p2a: Dragapult\n|\n|-damage|p1a: Ribombee|94\/100 brn|[from] brn\n|upkeep\n|\n|t:|1699619782\n|switch|p2a: Muk|Muk-Alola, M|100\/100\n|-activate|p2a: Muk|move: Sticky Web\n|-unboost|p2a: Muk|spe|1\n|turn|4\n|\n|t:|1699619787\n|move|p1a: Ribombee|Bug Buzz|p2a: Muk\n|-damage|p2a: Muk|90\/100\n|move|p2a: Muk|Knock Off|p1a: Ribombee\n|-resisted|p1a: Ribombee\n|-damage|p1a: Ribombee|51\/100 brn\n|-enditem|p1a: Ribombee|Focus Sash|[from] move: Knock Off|[of] p2a: Muk\n|\n|-damage|p1a: Ribombee|45\/100 brn|[from] brn\n|upkeep\n|turn|5\n|\n|t:|1699619797\n|move|p1a: Ribombee|Bug Buzz|p2a: Muk\n|-damage|p2a: Muk|80\/100\n|move|p2a: Muk|Poison Jab|p1a: Ribombee\n|-supereffective|p1a: Ribombee\n|-damage|p1a: Ribombee|0 fnt\n|faint|p1a: Ribombee\n|\n|upkeep\n|\n|t:|1699619817\n|switch|p1a: Banette|Banette, L1, M|100\/100\n|turn|6\n|\n|t:|1699619821\n|move|p1a: Banette|Endure|p1a: Banette\n|-singleturn|p1a: Banette|move: Endure\n|move|p2a: Muk|Knock Off|p1a: Banette\n|-supereffective|p1a: Banette\n|-activate|p1a: Banette|move: Endure\n|-damage|p1a: Banette|9\/100\n|\n|upkeep\n|turn|7\n|\n|t:|1699619830\n|detailschange|p1a: Banette|Banette-Mega, L1, M\n|-mega|p1a: Banette|Banette|Banettite\n|move|p1a: Banette|Destiny Bond|p1a: Banette\n|-singlemove|p1a: Banette|Destiny Bond\n|move|p2a: Muk|Knock Off|p1a: Banette\n|-supereffective|p1a: Banette\n|-damage|p1a: Banette|0 fnt\n|faint|p1a: Banette\n|-activate|p1a: Banette|move: Destiny Bond\n|faint|p2a: Muk\n|\n|upkeep\n|\n|t:|1699619843\n|switch|p2a: Flutter Mane|Flutter Mane|100\/100\n|switch|p1a: Hawlucha|Hawlucha, F|100\/100\n|-activate|p2a: Flutter Mane|move: Sticky Web\n|-unboost|p2a: Flutter Mane|spe|1\n|-enditem|p2a: Flutter Mane|Booster Energy\n|-activate|p2a: Flutter Mane|ability: Protosynthesis|[fromitem]\n|-start|p2a: Flutter Mane|protosynthesisspa\n|turn|8\n|\n|t:|1699619854\n|move|p1a: Hawlucha|Endure|p1a: Hawlucha\n|-singleturn|p1a: Hawlucha|move: Endure\n|move|p2a: Flutter Mane|Moonblast|p1a: Hawlucha\n|-supereffective|p1a: Hawlucha\n|-activate|p1a: Hawlucha|move: Endure\n|-damage|p1a: Hawlucha|1\/100\n|-enditem|p1a: Hawlucha|Weakness Policy\n|-boost|p1a: Hawlucha|atk|2|[from] item: Weakness Policy\n|-boost|p1a: Hawlucha|spa|2|[from] item: Weakness Policy\n|\n|-sideend|p2: Felipe2078|move: Light Screen\n|upkeep\n|turn|9\n|\n|t:|1699619867\n|move|p1a: Hawlucha|Acrobatics|p2a: Flutter Mane\n|-damage|p2a: Flutter Mane|0 fnt\n|faint|p2a: Flutter Mane\n|-end|p2a: Flutter Mane|Protosynthesis|[silent]\n|\n|-sideend|p2: Felipe2078|Reflect\n|upkeep\n|\n|t:|1699619872\n|switch|p2a: Quaquaval|Quaquaval, M|100\/100\n|-activate|p2a: Quaquaval|move: Sticky Web\n|-unboost|p2a: Quaquaval|spe|1\n|turn|10\n|\n|t:|1699619879\n|move|p1a: Hawlucha|Acrobatics|p2a: Quaquaval\n|-supereffective|p2a: Quaquaval\n|-damage|p2a: Quaquaval|0 fnt\n|faint|p2a: Quaquaval\n|\n|upkeep\n|\n|t:|1699619882\n|switch|p2a: Kommo-o|Kommo-o, F|100\/100\n|-activate|p2a: Kommo-o|move: Sticky Web\n|-unboost|p2a: Kommo-o|spe|1\n|turn|11\n|\n|t:|1699619889\n|-terastallize|p2a: Kommo-o|Steel\n|move|p1a: Hawlucha|Acrobatics|p2a: Kommo-o\n|-resisted|p2a: Kommo-o\n|-damage|p2a: Kommo-o|59\/100\n|move|p2a: Kommo-o|Dragon Claw|p1a: Hawlucha\n|-damage|p1a: Hawlucha|0 fnt\n|faint|p1a: Hawlucha\n|\n|-heal|p2a: Kommo-o|65\/100|[from] item: Leftovers\n|upkeep\n|\n|t:|1699619911\n|switch|p1a: Necrozma|Necrozma-Dusk-Mane|100\/100\n|turn|12\n|\n|t:|1699619921\n|detailschange|p1a: Necrozma|Necrozma-Ultra\n|-burst|p1a: Necrozma|Necrozma|Ultranecrozium Z\n|move|p1a: Necrozma|Photon Geyser|p2a: Kommo-o\n|-resisted|p2a: Kommo-o\n|-damage|p2a: Kommo-o|29\/100\n|move|p2a: Kommo-o|Clangorous Soul||[still]\n|-fail|p2a: Kommo-o\n|\n|-heal|p2a: Kommo-o|35\/100|[from] item: Leftovers\n|upkeep\n|turn|13\n|\n|t:|1699619934\n|move|p1a: Necrozma|Photon Geyser|p2a: Kommo-o\n|-resisted|p2a: Kommo-o\n|-damage|p2a: Kommo-o|0 fnt\n|faint|p2a: Kommo-o\n|\n|upkeep\n|\n|t:|1699619942\n|switch|p2a: Blaziken|Blaziken, F|100\/100\n|-activate|p2a: Blaziken|move: Sticky Web\n|-unboost|p2a: Blaziken|spe|1\n|turn|14\n|\n|t:|1699619961\n|detailschange|p2a: Blaziken|Blaziken-Mega, F\n|-mega|p2a: Blaziken|Blaziken|Blazikenite\n|-zpower|p1a: Necrozma\n|move|p1a: Necrozma|Light That Burns the Sky|p2a: Blaziken|[zeffect]\n|-supereffective|p2a: Blaziken\n|-damage|p2a: Blaziken|0 fnt\n|faint|p2a: Blaziken\n|\n|win|terry1347\n|raw|terry1347's rating: 1114 &rarr; <strong>1143<\/strong><br \/>(+29 for winning)\n|raw|Felipe2078's rating: 1164 &rarr; <strong>1135<\/strong><br \/>(-29 for losing)\n|l|\u2606Felipe2078\n","uploadtime":1699619971,"views":6,"p1id":"terry1347","p2id":"felipe2078","formatid":"gen9nationaldexubers","rating":1135,"private":0,"password":""}