{"id":"gen9nationaldexubers-1992365589","p1":"WesFromOaksLab","p2":"ezrathycc","format":"[Gen 9] National Dex Ubers","log":"|j|\u2606WesFromOaksLab\n|j|\u2606ezrathycc\n|t:|1700179212\n|gametype|singles\n|player|p1|WesFromOaksLab|elm|\n|player|p2|ezrathycc|ghetsis|\n|teamsize|p1|6\n|teamsize|p2|6\n|gen|9\n|tier|[Gen 9] National Dex Ubers\n|rule|HP Percentage Mod: HP is shown in percentages\n|rule|Endless Battle Clause: Forcing endless battles is banned\n|rule|OHKO Clause: OHKO moves are banned\n|rule|Evasion Moves Clause: Evasion moves are banned\n|rule|Evasion Items Clause: Evasion items are banned\n|rule|Species Clause: Limit one of each Pok\u00e9mon\n|rule|Sleep Clause Mod: Limit one foe put to sleep\n|rule|Mega Rayquaza Clause: You cannot mega evolve Rayquaza\n|clearpoke\n|poke|p1|Magnezone|\n|poke|p1|Pidgeot, M|\n|poke|p1|Muk-Alola, F|\n|poke|p1|Gligar, F|\n|poke|p1|Dragonite, F|\n|poke|p1|Tauros-Paldea-Blaze, M|\n|poke|p2|Regigigas|\n|poke|p2|Dondozo, M|\n|poke|p2|Iron Valiant|\n|poke|p2|Corviknight, M|\n|poke|p2|Corsola-Galar, F|\n|poke|p2|Kingambit, M|\n|teampreview\n|j| PorygonTheBot\n|c| PorygonTheBot|glhf :)\n|\n|t:|1700179257\n|start\n|switch|p1a: Pidgeot|Pidgeot, M|100\/100\n|switch|p2a: Chop Suey|Kingambit, M|100\/100\n|turn|1\n|\n|t:|1700179266\n|detailschange|p1a: Pidgeot|Pidgeot-Mega, M\n|-mega|p1a: Pidgeot|Pidgeot|Pidgeotite\n|move|p1a: Pidgeot|Heat Wave|p2a: Chop Suey\n|-supereffective|p2a: Chop Suey\n|-damage|p2a: Chop Suey|31\/100\n|move|p2a: Chop Suey|Thunder Wave|p1a: Pidgeot\n|-status|p1a: Pidgeot|par\n|\n|upkeep\n|turn|2\n|\n|t:|1700179279\n|-end|p2a: Chop Suey|fallenundefined|[silent]\n|switch|p2a: Malus|Regigigas, shiny|100\/100\n|-start|p2a: Malus|ability: Slow Start\n|cant|p1a: Pidgeot|par\n|\n|upkeep\n|turn|3\n|\n|t:|1700179292\n|move|p1a: Pidgeot|Hurricane|p2a: Malus\n|-damage|p2a: Malus|59\/100\n|move|p2a: Malus|Thunder|p1a: Pidgeot\n|-supereffective|p1a: Pidgeot\n|-damage|p1a: Pidgeot|26\/100 par\n|\n|-heal|p2a: Malus|65\/100|[from] item: Leftovers\n|upkeep\n|turn|4\n|\n|t:|1700179306\n|move|p1a: Pidgeot|Hurricane|p2a: Malus\n|-damage|p2a: Malus|27\/100\n|-start|p2a: Malus|confusion\n|-activate|p2a: Malus|confusion\n|-damage|p2a: Malus|16\/100|[from] confusion\n|\n|-heal|p2a: Malus|23\/100|[from] item: Leftovers\n|upkeep\n|turn|5\n|\n|t:|1700179336\n|-end|p2a: Malus|Slow Start|[silent]\n|switch|p2a: Better Wailord|Dondozo, M|100\/100\n|move|p1a: Pidgeot|Hurricane|p2a: Better Wailord\n|-damage|p2a: Better Wailord|40\/100\n|\n|-heal|p2a: Better Wailord|46\/100|[from] item: Leftovers\n|upkeep\n|turn|6\n|\n|t:|1700179351\n|switch|p2a: HarveyBirdmanEsq.|Corviknight, M|100\/100\n|move|p1a: Pidgeot|Hurricane|p2a: HarveyBirdmanEsq.\n|-resisted|p2a: HarveyBirdmanEsq.\n|-damage|p2a: HarveyBirdmanEsq.|73\/100\n|-start|p2a: HarveyBirdmanEsq.|confusion\n|\n|upkeep\n|turn|7\n|\n|t:|1700179359\n|move|p1a: Pidgeot|Heat Wave|p2a: HarveyBirdmanEsq.\n|-supereffective|p2a: HarveyBirdmanEsq.\n|-damage|p2a: HarveyBirdmanEsq.|7\/100\n|-activate|p2a: HarveyBirdmanEsq.|confusion\n|move|p2a: HarveyBirdmanEsq.|Tailwind|p2a: HarveyBirdmanEsq.\n|-sidestart|p2: ezrathycc|move: Tailwind\n|\n|upkeep\n|turn|8\n|\n|t:|1700179381\n|switch|p2a: FearTheReefer|Corsola-Galar, F|100\/100\n|move|p1a: Pidgeot|Hurricane|p2a: FearTheReefer\n|-damage|p2a: FearTheReefer|65\/100\n|-start|p2a: FearTheReefer|confusion\n|-start|p1a: Pidgeot|Disable|Hurricane|[from] ability: Cursed Body|[of] p2a: FearTheReefer\n|\n|upkeep\n|turn|9\n|\n|t:|1700179399\n|-activate|p2a: FearTheReefer|confusion\n|-damage|p2a: FearTheReefer|61\/100|[from] confusion\n|move|p1a: Pidgeot|Heat Wave|p2a: FearTheReefer\n|-damage|p2a: FearTheReefer|43\/100\n|\n|upkeep\n|turn|10\n|\n|t:|1700179408\n|-end|p2a: FearTheReefer|confusion\n|move|p2a: FearTheReefer|Strength Sap|p1a: Pidgeot\n|-unboost|p1a: Pidgeot|atk|1\n|-heal|p2a: FearTheReefer|88\/100\n|move|p1a: Pidgeot|Heat Wave|p2a: FearTheReefer\n|-damage|p2a: FearTheReefer|70\/100\n|\n|-sideend|p2: ezrathycc|move: Tailwind\n|upkeep\n|turn|11\n|\n|t:|1700179422\n|move|p1a: Pidgeot|Heat Wave|p2a: FearTheReefer\n|-damage|p2a: FearTheReefer|50\/100\n|move|p2a: FearTheReefer|Scald|p1a: Pidgeot\n|-damage|p1a: Pidgeot|10\/100 par\n|\n|-end|p1a: Pidgeot|Disable\n|upkeep\n|turn|12\n|\n|t:|1700179432\n|move|p1a: Pidgeot|Roost|p1a: Pidgeot\n|-heal|p1a: Pidgeot|60\/100 par\n|-singleturn|p1a: Pidgeot|move: Roost\n|move|p2a: FearTheReefer|Strength Sap|p1a: Pidgeot\n|-unboost|p1a: Pidgeot|atk|1\n|-heal|p2a: FearTheReefer|80\/100\n|\n|upkeep\n|turn|13\n|\n|t:|1700179440\n|move|p1a: Pidgeot|Hurricane|p2a: FearTheReefer\n|-damage|p2a: FearTheReefer|46\/100\n|-start|p2a: FearTheReefer|confusion\n|-activate|p2a: FearTheReefer|confusion\n|move|p2a: FearTheReefer|Scald|p1a: Pidgeot\n|-damage|p1a: Pidgeot|41\/100 par\n|\n|upkeep\n|turn|14\n|\n|t:|1700179450\n|move|p1a: Pidgeot|Hurricane|p2a: FearTheReefer\n|-damage|p2a: FearTheReefer|15\/100\n|-start|p1a: Pidgeot|Disable|Hurricane|[from] ability: Cursed Body|[of] p2a: FearTheReefer\n|-activate|p2a: FearTheReefer|confusion\n|-damage|p2a: FearTheReefer|11\/100|[from] confusion\n|\n|upkeep\n|turn|15\n|\n|t:|1700179464\n|switch|p2a: AndrogyKnight|Iron Valiant|100\/100\n|cant|p1a: Pidgeot|par\n|\n|upkeep\n|turn|16\n|\n|t:|1700179476\n|move|p2a: AndrogyKnight|Thunderbolt|p1a: Pidgeot\n|-supereffective|p1a: Pidgeot\n|-damage|p1a: Pidgeot|0 fnt\n|faint|p1a: Pidgeot\n|\n|upkeep\n|\n|t:|1700179484\n|switch|p1a: Dragonite|Dragonite, F|100\/100\n|turn|17\n|\n|t:|1700179504\n|-end|p2a: AndrogyKnight|Quark Drive|[silent]\n|switch|p2a: Malus|Regigigas, shiny|23\/100\n|-start|p2a: Malus|ability: Slow Start\n|move|p1a: Dragonite|Dual Wingbeat|p2a: Malus\n|-damage|p2a: Malus|6\/100\n|-damage|p2a: Malus|0 fnt\n|faint|p2a: Malus\n|-end|p2a: Malus|Slow Start|[silent]\n|-hitcount|p2: Malus|2\n|\n|upkeep\n|\n|t:|1700179508\n|switch|p2a: AndrogyKnight|Iron Valiant|100\/100\n|turn|18\n|\n|t:|1700179517\n|move|p2a: AndrogyKnight|Moonblast|p1a: Dragonite\n|-supereffective|p1a: Dragonite\n|-damage|p1a: Dragonite|53\/100\n|move|p1a: Dragonite|Dual Wingbeat|p2a: AndrogyKnight|[miss]\n|-miss|p1a: Dragonite|p2a: AndrogyKnight\n|\n|upkeep\n|turn|19\n|\n|t:|1700179527\n|move|p2a: AndrogyKnight|Moonblast|p1a: Dragonite\n|-supereffective|p1a: Dragonite\n|-damage|p1a: Dragonite|0 fnt\n|faint|p1a: Dragonite\n|\n|upkeep\n|\n|t:|1700179540\n|switch|p1a: Magnezone|Magnezone, shiny|100\/100\n|turn|20\n|\n|t:|1700179577\n|-end|p2a: AndrogyKnight|Quark Drive|[silent]\n|switch|p2a: FearTheReefer|Corsola-Galar, F|11\/100\n|move|p1a: Magnezone|Flash Cannon|p2a: FearTheReefer\n|-damage|p2a: FearTheReefer|0 fnt\n|faint|p2a: FearTheReefer\n|\n|upkeep\n|\n|t:|1700179600\n|switch|p2a: AndrogyKnight|Iron Valiant|100\/100\n|turn|21\n|\n|t:|1700179615\n|-terastallize|p1a: Magnezone|Water\n|move|p1a: Magnezone|Flash Cannon|p2a: AndrogyKnight\n|-supereffective|p2a: AndrogyKnight\n|-damage|p2a: AndrogyKnight|0 fnt\n|faint|p2a: AndrogyKnight\n|-end|p2a: AndrogyKnight|Quark Drive|[silent]\n|\n|upkeep\n|\n|t:|1700179623\n|switch|p2a: Chop Suey|Kingambit, M|31\/100\n|-activate|p2a: Chop Suey|ability: Supreme Overlord\n|-start|p2a: Chop Suey|fallen3|[silent]\n|turn|22\n|\n|t:|1700179645\n|move|p1a: Magnezone|Body Press|p2a: Chop Suey\n|-supereffective|p2a: Chop Suey\n|-damage|p2a: Chop Suey|0 fnt\n|faint|p2a: Chop Suey\n|-end|p2a: Chop Suey|fallen3|[silent]\n|\n|upkeep\n|\n|t:|1700179650\n|switch|p2a: Better Wailord|Dondozo, M|46\/100\n|turn|23\n|\n|t:|1700179654\n|move|p1a: Magnezone|Thunderbolt|p2a: Better Wailord\n|-supereffective|p2a: Better Wailord\n|-damage|p2a: Better Wailord|0 fnt\n|faint|p2a: Better Wailord\n|\n|upkeep\n|\n|t:|1700179659\n|switch|p2a: HarveyBirdmanEsq.|Corviknight, M|7\/100\n|turn|24\n|c|\u2606ezrathycc|gg\n|\n|t:|1700179664\n|move|p2a: HarveyBirdmanEsq.|Roost|p2a: HarveyBirdmanEsq.\n|-heal|p2a: HarveyBirdmanEsq.|57\/100\n|-singleturn|p2a: HarveyBirdmanEsq.|move: Roost\n|move|p1a: Magnezone|Thunderbolt|p2a: HarveyBirdmanEsq.\n|-damage|p2a: HarveyBirdmanEsq.|8\/100\n|\n|upkeep\n|turn|25\n|\n|t:|1700179675\n|move|p2a: HarveyBirdmanEsq.|U-turn|p1a: Magnezone\n|-damage|p1a: Magnezone|87\/100\n|move|p1a: Magnezone|Tera Blast|p2a: HarveyBirdmanEsq.|[anim] Tera Blast Water\n|-damage|p2a: HarveyBirdmanEsq.|0 fnt\n|faint|p2a: HarveyBirdmanEsq.\n|\n|win|WesFromOaksLab\n","uploadtime":1700179675,"views":43,"p1id":"wesfromoakslab","p2id":"ezrathycc","formatid":"gen9nationaldexubers","rating":0,"private":0,"password":null}