{"id":"gen9nationaldexubers-1981515618","p1":"pikakip379","p2":"BugCatcherFlatz","format":"[Gen 9] National Dex Ubers","log":"|j|\u2606pikakip379\n|j|\u2606BugCatcherFlatz\n|t:|1698910498\n|gametype|singles\n|player|p1|pikakip379|ninjaboy-gen3|1469\n|player|p2|BugCatcherFlatz|rocker-gen3|1643\n|teamsize|p1|6\n|teamsize|p2|6\n|gen|9\n|tier|[Gen 9] National Dex Ubers\n|rated|\n|rule|HP Percentage Mod: HP is shown in percentages\n|rule|Endless Battle Clause: Forcing endless battles is banned\n|rule|OHKO Clause: OHKO moves are banned\n|rule|Evasion Moves Clause: Evasion moves are banned\n|rule|Evasion Items Clause: Evasion items are banned\n|rule|Species Clause: Limit one of each Pok\u00e9mon\n|rule|Sleep Clause Mod: Limit one foe put to sleep\n|rule|Mega Rayquaza Clause: You cannot mega evolve Rayquaza\n|clearpoke\n|poke|p1|Sandy Shocks|\n|poke|p1|Groudon|\n|poke|p1|Gholdengo|\n|poke|p1|Ho-Oh|\n|poke|p1|Marshadow|\n|poke|p1|Eternatus|\n|poke|p2|Sandy Shocks|\n|poke|p2|Groudon|\n|poke|p2|Gholdengo|\n|poke|p2|Ho-Oh|\n|poke|p2|Marshadow|\n|poke|p2|Eternatus|\n|teampreview\n|inactive|Battle timer is ON: inactive players will automatically lose when time's up. (requested by BugCatcherFlatz)\n|j| kiwiicakess\n|\n|t:|1698910512\n|start\n|switch|p1a: bowser fart gif|Sandy Shocks|100\/100\n|switch|p2a: bowser fart gif|Sandy Shocks|100\/100\n|turn|1\n|c|\u2606BugCatcherFlatz|NOOO DONT DEAFEN\n|c|\u2606BugCatcherFlatz|THATS T HE FUN PART\n|c|\u2606BugCatcherFlatz|ITS LIKE HACKMONS\n|c|\u2606pikakip379|:3\n|\n|t:|1698910537\n|move|p1a: bowser fart gif|Earth Power|p2a: bowser fart gif\n|-supereffective|p2a: bowser fart gif\n|-enditem|p2a: bowser fart gif|Focus Sash\n|-damage|p2a: bowser fart gif|1\/100\n|move|p2a: bowser fart gif|Stealth Rock|p1a: bowser fart gif\n|-sidestart|p1: pikakip379|move: Stealth Rock\n|\n|upkeep\n|turn|2\n|\n|t:|1698910545\n|move|p2a: bowser fart gif|Earth Power|p1a: bowser fart gif\n|-supereffective|p1a: bowser fart gif\n|-enditem|p1a: bowser fart gif|Focus Sash\n|-damage|p1a: bowser fart gif|1\/100\n|-unboost|p1a: bowser fart gif|spd|1\n|move|p1a: bowser fart gif|Earth Power|p2a: bowser fart gif\n|-supereffective|p2a: bowser fart gif\n|-damage|p2a: bowser fart gif|0 fnt\n|faint|p2a: bowser fart gif\n|-end|p2a: bowser fart gif|Protosynthesis|[silent]\n|\n|upkeep\n|\n|t:|1698910549\n|switch|p2a: GOOBED!|Marshadow|100\/100\n|turn|3\n|\n|t:|1698910560\n|move|p2a: GOOBED!|Low Kick|p1a: bowser fart gif\n|-damage|p1a: bowser fart gif|0 fnt\n|faint|p1a: bowser fart gif\n|-end|p1a: bowser fart gif|Protosynthesis|[silent]\n|\n|upkeep\n|\n|t:|1698910572\n|switch|p1a: GOOBED!|Marshadow|100\/100\n|-damage|p1a: GOOBED!|94\/100|[from] Stealth Rock\n|turn|4\n|\n|t:|1698910576\n|switch|p2a: coffee beans|Groudon, shiny|100\/100\n|detailschange|p2a: coffee beans|Groudon-Primal, shiny\n|-primal|p2a: coffee beans|Red Orb\n|-weather|DesolateLand|[from] ability: Desolate Land|[of] p2a: coffee beans\n|-terastallize|p1a: GOOBED!|Ghost\n|move|p1a: GOOBED!|Poltergeist|p2a: coffee beans\n|-activate|p2a: coffee beans|move: Poltergeist|Red Orb\n|-damage|p2a: coffee beans|49\/100\n|\n|-weather|DesolateLand|[upkeep]\n|upkeep\n|turn|5\n|\n|t:|1698910585\n|move|p1a: GOOBED!|Poltergeist|p2a: coffee beans\n|-activate|p2a: coffee beans|move: Poltergeist|Red Orb\n|-damage|p2a: coffee beans|0 fnt\n|faint|p2a: coffee beans\n|-weather|none\n|\n|upkeep\n|\n|t:|1698910586\n|switch|p2a: GOOBED!|Marshadow|100\/100\n|turn|6\n|\n|t:|1698910614\n|switch|p1a: hoe ass|Ho-Oh|100\/100\n|-terastallize|p2a: GOOBED!|Ghost\n|move|p2a: GOOBED!|Poltergeist|p1a: hoe ass\n|-activate|p1a: hoe ass|move: Poltergeist|Heavy-Duty Boots\n|-damage|p1a: hoe ass|0 fnt\n|faint|p1a: hoe ass\n|\n|upkeep\n|\n|t:|1698910623\n|switch|p1a: coffee beans|Groudon, shiny|100\/100\n|-damage|p1a: coffee beans|94\/100|[from] Stealth Rock\n|detailschange|p1a: coffee beans|Groudon-Primal, shiny\n|-primal|p1a: coffee beans|Red Orb\n|-weather|DesolateLand|[from] ability: Desolate Land|[of] p1a: coffee beans\n|turn|7\n|\n|t:|1698910628\n|switch|p2a: milk on yo face|Gholdengo|100\/100\n|-item|p2a: milk on yo face|Air Balloon\n|move|p1a: coffee beans|Lava Plume|p2a: milk on yo face\n|-supereffective|p2a: milk on yo face\n|-damage|p2a: milk on yo face|0 fnt\n|-enditem|p2a: milk on yo face|Air Balloon\n|faint|p2a: milk on yo face\n|\n|-weather|DesolateLand|[upkeep]\n|upkeep\n|\n|t:|1698910632\n|switch|p2a: hoe ass|Ho-Oh|100\/100\n|turn|8\n|\n|t:|1698910641\n|-weather|none\n|switch|p1a: milk on yo face|Gholdengo|100\/100\n|-damage|p1a: milk on yo face|94\/100|[from] Stealth Rock\n|-item|p1a: milk on yo face|Air Balloon\n|move|p2a: hoe ass|Toxic|p1a: milk on yo face\n|-immune|p1a: milk on yo face|[from] ability: Good as Gold\n|\n|upkeep\n|turn|9\n|\n|t:|1698910645\n|move|p1a: milk on yo face|Power Gem|p2a: hoe ass\n|-supereffective|p2a: hoe ass\n|-damage|p2a: hoe ass|52\/100\n|move|p2a: hoe ass|Sacred Fire|p1a: milk on yo face\n|-supereffective|p1a: milk on yo face\n|-damage|p1a: milk on yo face|18\/100\n|-status|p1a: milk on yo face|brn\n|-enditem|p1a: milk on yo face|Air Balloon\n|\n|-damage|p1a: milk on yo face|12\/100 brn|[from] brn\n|upkeep\n|turn|10\n|\n|t:|1698910651\n|switch|p2a: el perro|Eternatus|100\/100\n|-ability|p2a: el perro|Pressure\n|move|p1a: milk on yo face|Power Gem|p2a: el perro\n|-damage|p2a: el perro|77\/100\n|\n|-damage|p1a: milk on yo face|6\/100 brn|[from] brn\n|upkeep\n|turn|11\n|\n|t:|1698910655\n|move|p2a: el perro|Toxic Spikes|p1a: milk on yo face\n|-sidestart|p1: pikakip379|move: Toxic Spikes\n|move|p1a: milk on yo face|Make It Rain|p2a: el perro\n|-damage|p2a: el perro|29\/100\n|-unboost|p1a: milk on yo face|spa|1\n|\n|-damage|p1a: milk on yo face|0 fnt|[from] brn\n|faint|p1a: milk on yo face\n|upkeep\n|\n|t:|1698910661\n|switch|p1a: el perro|Eternatus|100\/100\n|-damage|p1a: el perro|88\/100|[from] Stealth Rock\n|-sideend|p1: pikakip379|move: Toxic Spikes|[of] p1a: el perro\n|-ability|p1a: el perro|Pressure\n|turn|12\n|\n|t:|1698910666\n|move|p2a: el perro|Recover|p2a: el perro\n|-heal|p2a: el perro|79\/100\n|move|p1a: el perro|Meteor Beam||[still]\n|-prepare|p1a: el perro|Meteor Beam\n|-boost|p1a: el perro|spa|1\n|-enditem|p1a: el perro|Power Herb\n|-anim|p1a: el perro|Meteor Beam|p2a: el perro\n|-damage|p2a: el perro|25\/100\n|\n|upkeep\n|turn|13\n|\n|t:|1698910678\n|move|p2a: el perro|Meteor Beam||[still]\n|-prepare|p2a: el perro|Meteor Beam\n|-boost|p2a: el perro|spa|1\n|-enditem|p2a: el perro|Power Herb\n|-anim|p2a: el perro|Meteor Beam|p1a: el perro\n|-damage|p1a: el perro|33\/100\n|move|p1a: el perro|Flamethrower|p2a: el perro\n|-resisted|p2a: el perro\n|-damage|p2a: el perro|2\/100\n|\n|upkeep\n|turn|14\n|\n|t:|1698910684\n|move|p2a: el perro|Recover|p2a: el perro\n|-heal|p2a: el perro|52\/100\n|move|p1a: el perro|Flamethrower|p2a: el perro\n|-resisted|p2a: el perro\n|-damage|p2a: el perro|32\/100\n|\n|upkeep\n|turn|15\n|\n|t:|1698910693\n|switch|p2a: GOOBED!|Marshadow, tera:Ghost|100\/100\n|move|p1a: el perro|Recover|p1a: el perro\n|-heal|p1a: el perro|83\/100\n|\n|upkeep\n|turn|16\n|\n|t:|1698910698\n|move|p2a: GOOBED!|Shadow Sneak|p1a: el perro\n|-damage|p1a: el perro|28\/100\n|move|p1a: el perro|Flamethrower|p2a: GOOBED!\n|-damage|p2a: GOOBED!|43\/100\n|\n|upkeep\n|turn|17\n|\n|t:|1698910704\n|move|p2a: GOOBED!|Shadow Sneak|p1a: el perro\n|-damage|p1a: el perro|0 fnt\n|faint|p1a: el perro\n|\n|upkeep\n|\n|t:|1698910705\n|switch|p1a: coffee beans|Groudon-Primal, shiny|94\/100\n|-damage|p1a: coffee beans|82\/100|[from] Stealth Rock\n|-weather|DesolateLand|[from] ability: Desolate Land|[of] p1a: coffee beans\n|turn|18\n|\n|t:|1698910708\n|switch|p2a: el perro|Eternatus|32\/100\n|-ability|p2a: el perro|Pressure\n|move|p1a: coffee beans|Earthquake|p2a: el perro\n|-supereffective|p2a: el perro\n|-damage|p2a: el perro|0 fnt\n|faint|p2a: el perro\n|\n|-weather|DesolateLand|[upkeep]\n|upkeep\n|\n|t:|1698910710\n|switch|p2a: hoe ass|Ho-Oh|86\/100\n|turn|19\n|\n|t:|1698910713\n|move|p2a: hoe ass|Sacred Fire|p1a: coffee beans\n|-resisted|p1a: coffee beans\n|-damage|p1a: coffee beans|69\/100\n|move|p1a: coffee beans|Rock Tomb|p2a: hoe ass\n|-supereffective|p2a: hoe ass\n|-damage|p2a: hoe ass|7\/100\n|-unboost|p2a: hoe ass|spe|1\n|\n|-weather|DesolateLand|[upkeep]\n|upkeep\n|turn|20\n|\n|t:|1698910718\n|move|p1a: coffee beans|Lava Plume|p2a: hoe ass\n|-resisted|p2a: hoe ass\n|-damage|p2a: hoe ass|0 fnt\n|faint|p2a: hoe ass\n|\n|-weather|DesolateLand|[upkeep]\n|upkeep\n|\n|t:|1698910720\n|switch|p2a: GOOBED!|Marshadow, tera:Ghost|43\/100\n|turn|21\n|\n|t:|1698910723\n|move|p2a: GOOBED!|Poltergeist|p1a: coffee beans\n|-activate|p1a: coffee beans|move: Poltergeist|Red Orb\n|-damage|p1a: coffee beans|19\/100\n|move|p1a: coffee beans|Lava Plume|p2a: GOOBED!\n|-damage|p2a: GOOBED!|0 fnt\n|faint|p2a: GOOBED!\n|\n|win|pikakip379\n|raw|pikakip379's rating: 1469 &rarr; <strong>1498<\/strong><br \/>(+29 for winning)\n|raw|BugCatcherFlatz's rating: 1643 &rarr; <strong>1614<\/strong><br \/>(-29 for losing)\n|c|\u2606pikakip379|ggs\n|c|\u2606BugCatcherFlatz|fuck\n","uploadtime":1698910734,"views":12,"p1id":"pikakip379","p2id":"bugcatcherflatz","formatid":"gen9nationaldexubers","rating":1498,"private":0,"password":""}