{"id":"gen9nationaldexubers-1999015037","p1":"Selller","p2":"JP2311___","format":"[Gen 9] National Dex Ubers","log":"|j|\u2606Selller\n|j|\u2606JP2311___\n|t:|1701024056\n|gametype|singles\n|player|p1|Selller|lucas-gen4pt|1027\n|player|p2|JP2311___|red|1051\n|teamsize|p1|6\n|teamsize|p2|6\n|gen|9\n|tier|[Gen 9] National Dex Ubers\n|rated|\n|rule|HP Percentage Mod: HP is shown in percentages\n|rule|Endless Battle Clause: Forcing endless battles is banned\n|rule|OHKO Clause: OHKO moves are banned\n|rule|Evasion Moves Clause: Evasion moves are banned\n|rule|Evasion Items Clause: Evasion items are banned\n|rule|Species Clause: Limit one of each Pok\u00e9mon\n|rule|Sleep Clause Mod: Limit one foe put to sleep\n|rule|Mega Rayquaza Clause: You cannot mega evolve Rayquaza\n|clearpoke\n|poke|p1|Zygarde-10%|\n|poke|p1|Tatsugiri, M|\n|poke|p1|Veluza, M|\n|poke|p1|Scolipede, M|\n|poke|p1|Chandelure, M|\n|poke|p1|Swellow, M|\n|poke|p2|Greninja-*, M|\n|poke|p2|Lucario, M|\n|poke|p2|Golurk|\n|poke|p2|Grafaiai, M|\n|poke|p2|Arcanine-Hisui, F|\n|poke|p2|Emolga, M|\n|teampreview\n|inactive|Battle timer is ON: inactive players will automatically lose when time's up. (requested by Selller)\n|\n|t:|1701024069\n|start\n|switch|p1a: Tatsugiri|Tatsugiri, M|100\/100\n|switch|p2a: Grafaiai|Grafaiai, M|100\/100\n|turn|1\n|\n|t:|1701024082\n|move|p2a: Grafaiai|Parting Shot|p1a: Tatsugiri\n|-unboost|p1a: Tatsugiri|atk|1\n|-unboost|p1a: Tatsugiri|spa|1\n|\n|t:|1701024095\n|switch|p2a: Greninja|Greninja, M|100\/100|[from] Parting Shot\n|move|p1a: Tatsugiri|Surf|p2a: Greninja\n|-resisted|p2a: Greninja\n|-damage|p2a: Greninja|79\/100\n|\n|upkeep\n|turn|2\n|\n|t:|1701024110\n|switch|p1a: Scolipede|Scolipede, M, shiny|100\/100\n|move|p2a: Greninja|Ice Beam|p1a: Scolipede\n|-damage|p1a: Scolipede|70\/100\n|\n|-heal|p1a: Scolipede|76\/100|[from] item: Leftovers\n|upkeep\n|turn|3\n|\n|t:|1701024125\n|move|p2a: Greninja|U-turn|p1a: Scolipede\n|-resisted|p1a: Scolipede\n|-crit|p1a: Scolipede\n|-damage|p1a: Scolipede|65\/100\n|inactive|JP2311___ has 120 seconds left.\n|\n|t:|1701024148\n|switch|p2a: Arcanine|Arcanine-Hisui, F, shiny|100\/100|[from] U-turn\n|move|p1a: Scolipede|Megahorn|p2a: Arcanine\n|-resisted|p2a: Arcanine\n|-damage|p2a: Arcanine|74\/100\n|\n|-heal|p1a: Scolipede|71\/100|[from] item: Leftovers\n|-ability|p1a: Scolipede|Speed Boost|boost\n|-boost|p1a: Scolipede|spe|1\n|upkeep\n|turn|4\n|inactive|JP2311___ has 120 seconds left.\n|\n|t:|1701024164\n|move|p1a: Scolipede|Aqua Tail|p2a: Arcanine|[miss]\n|-miss|p1a: Scolipede|p2a: Arcanine\n|move|p2a: Arcanine|Flare Blitz|p1a: Scolipede\n|-supereffective|p1a: Scolipede\n|-damage|p1a: Scolipede|0 fnt\n|faint|p1a: Scolipede\n|-damage|p2a: Arcanine|64\/100|[from] item: Life Orb\n|\n|upkeep\n|\n|t:|1701024173\n|switch|p1a: Tatsugiri|Tatsugiri, M|100\/100\n|turn|5\n|inactive|JP2311___ has 120 seconds left.\n|\n|t:|1701024192\n|switch|p2a: Greninja|Greninja, M|79\/100\n|move|p1a: Tatsugiri|Surf|p2a: Greninja\n|-resisted|p2a: Greninja\n|-damage|p2a: Greninja|43\/100\n|\n|upkeep\n|turn|6\n|\n|t:|1701024202\n|move|p2a: Greninja|Toxic|p1a: Tatsugiri\n|-status|p1a: Tatsugiri|tox\n|move|p1a: Tatsugiri|Icy Wind|p2a: Greninja\n|-resisted|p2a: Greninja\n|-damage|p2a: Greninja|27\/100\n|-unboost|p2a: Greninja|spe|1\n|\n|-damage|p1a: Tatsugiri|94\/100 tox|[from] psn\n|upkeep\n|turn|7\n|inactive|JP2311___ has 120 seconds left.\n|\n|t:|1701024213\n|move|p1a: Tatsugiri|Icy Wind|p2a: Greninja\n|-resisted|p2a: Greninja\n|-damage|p2a: Greninja|13\/100\n|-unboost|p2a: Greninja|spe|1\n|move|p2a: Greninja|Ice Beam|p1a: Tatsugiri\n|-damage|p1a: Tatsugiri|59\/100 tox\n|\n|-damage|p1a: Tatsugiri|47\/100 tox|[from] psn\n|upkeep\n|turn|8\n|inactive|JP2311___ has 120 seconds left.\n|\n|t:|1701024227\n|-terastallize|p2a: Greninja|Ice\n|move|p2a: Greninja|Water Shuriken|p1a: Tatsugiri\n|-ability|p1a: Tatsugiri|Storm Drain|boost\n|-boost|p1a: Tatsugiri|spa|1\n|move|p1a: Tatsugiri|Dragon Pulse|p2a: Greninja\n|-crit|p2a: Greninja\n|-damage|p2a: Greninja|0 fnt\n|faint|p2a: Greninja\n|\n|-damage|p1a: Tatsugiri|29\/100 tox|[from] psn\n|upkeep\n|\n|t:|1701024243\n|switch|p2a: Golurk|Golurk, shiny|100\/100\n|turn|9\n|\n|t:|1701024254\n|move|p2a: Golurk|Protect|p2a: Golurk\n|-singleturn|p2a: Golurk|Protect\n|move|p1a: Tatsugiri|Surf|p2a: Golurk\n|-activate|p2a: Golurk|move: Protect\n|\n|-damage|p1a: Tatsugiri|4\/100 tox|[from] psn\n|upkeep\n|turn|10\n|inactive|JP2311___ has 120 seconds left.\n|\n|t:|1701024267\n|switch|p2a: Emolga|Emolga, M, shiny|100\/100\n|move|p1a: Tatsugiri|Surf|p2a: Emolga\n|-damage|p2a: Emolga|0 fnt\n|faint|p2a: Emolga\n|\n|-damage|p1a: Tatsugiri|0 fnt|[from] psn\n|faint|p1a: Tatsugiri\n|upkeep\n|inactive|JP2311___ has 120 seconds left.\n|\n|t:|1701024278\n|switch|p2a: Grafaiai|Grafaiai, M|100\/100\n|switch|p1a: Veluza|Veluza, M|100\/100\n|turn|11\n|inactive|JP2311___ has 120 seconds left.\n|\n|t:|1701024299\n|move|p2a: Grafaiai|Parting Shot|p1a: Veluza\n|-unboost|p1a: Veluza|atk|1\n|-unboost|p1a: Veluza|spa|1\n|\n|t:|1701024314\n|switch|p2a: Lucario|Lucario, M, shiny|100\/100|[from] Parting Shot\n|move|p1a: Veluza|Psycho Cut|p2a: Lucario\n|-damage|p2a: Lucario|57\/100\n|\n|upkeep\n|turn|12\n|\n|t:|1701024324\n|switch|p1a: Chandelure|Chandelure, M|100\/100\n|detailschange|p2a: Lucario|Lucario-Mega, M, shiny\n|-mega|p2a: Lucario|Lucario|Lucarionite\n|move|p2a: Lucario|Thunder Punch|p1a: Chandelure\n|-damage|p1a: Chandelure|73\/100\n|\n|upkeep\n|turn|13\n|inactive|JP2311___ has 90 seconds left.\n|\n|t:|1701024344\n|switch|p2a: Grafaiai|Grafaiai, M|100\/100\n|move|p1a: Chandelure|Flamethrower|p2a: Grafaiai\n|-damage|p2a: Grafaiai|26\/100\n|\n|upkeep\n|turn|14\n|\n|t:|1701024352\n|move|p2a: Grafaiai|Knock Off|p1a: Chandelure\n|-supereffective|p1a: Chandelure\n|-damage|p1a: Chandelure|23\/100\n|-enditem|p1a: Chandelure|Expert Belt|[from] move: Knock Off|[of] p2a: Grafaiai\n|move|p1a: Chandelure|Flamethrower|p2a: Grafaiai\n|-damage|p2a: Grafaiai|0 fnt\n|faint|p2a: Grafaiai\n|\n|upkeep\n|inactive|JP2311___ has 90 seconds left.\n|\n|t:|1701024365\n|switch|p2a: Arcanine|Arcanine-Hisui, F, shiny|64\/100\n|turn|15\n|\n|t:|1701024372\n|switch|p1a: Zygarde|Zygarde-10%|100\/100\n|move|p2a: Arcanine|Head Smash|p1a: Zygarde\n|-resisted|p1a: Zygarde\n|-damage|p1a: Zygarde|18\/100\n|-damage|p2a: Arcanine|54\/100|[from] item: Life Orb\n|\n|-activate|p1a: Zygarde|ability: Power Construct\n|detailschange|p1a: Zygarde|Zygarde-Complete\n|-heal|p1a: Zygarde|63\/100|[silent]\n|upkeep\n|turn|16\n|inactive|JP2311___ has 90 seconds left.\n|\n|t:|1701024393\n|move|p2a: Arcanine|Will-O-Wisp|p1a: Zygarde\n|-status|p1a: Zygarde|brn\n|move|p1a: Zygarde|Thousand Arrows|p2a: Arcanine\n|-supereffective|p2a: Arcanine\n|-damage|p2a: Arcanine|0 fnt\n|faint|p2a: Arcanine\n|\n|-damage|p1a: Zygarde|57\/100 brn|[from] brn\n|upkeep\n|\n|t:|1701024407\n|switch|p2a: Lucario|Lucario-Mega, M, shiny|57\/100\n|turn|17\n|\n|t:|1701024412\n|move|p2a: Lucario|Drain Punch|p1a: Zygarde\n|-damage|p1a: Zygarde|29\/100 brn\n|-heal|p2a: Lucario|87\/100|[from] drain|[of] p1a: Zygarde\n|move|p1a: Zygarde|Thousand Arrows|p2a: Lucario\n|-supereffective|p2a: Lucario\n|-damage|p2a: Lucario|33\/100\n|\n|-damage|p1a: Zygarde|22\/100 brn|[from] brn\n|upkeep\n|turn|18\n|inactive|JP2311___ has 90 seconds left.\n|\n|t:|1701024423\n|move|p2a: Lucario|Drain Punch|p1a: Zygarde\n|-damage|p1a: Zygarde|0 fnt\n|-heal|p2a: Lucario|56\/100|[from] drain|[of] p1a: Zygarde\n|faint|p1a: Zygarde\n|\n|upkeep\n|\n|t:|1701024429\n|switch|p1a: Chandelure|Chandelure, M|23\/100\n|turn|19\n|\n|t:|1701024438\n|move|p2a: Lucario|Thunder Punch|p1a: Chandelure\n|-damage|p1a: Chandelure|0 fnt\n|faint|p1a: Chandelure\n|\n|upkeep\n|\n|t:|1701024445\n|switch|p1a: Veluza|Veluza, M|100\/100\n|turn|20\n|\n|t:|1701024452\n|move|p2a: Lucario|Thunder Punch|p1a: Veluza\n|-supereffective|p1a: Veluza\n|-damage|p1a: Veluza|43\/100\n|-status|p1a: Veluza|par\n|move|p1a: Veluza|Drill Run|p2a: Lucario\n|-supereffective|p2a: Lucario\n|-damage|p2a: Lucario|4\/100\n|\n|upkeep\n|turn|21\n|\n|t:|1701024464\n|move|p2a: Lucario|Thunder Punch|p1a: Veluza\n|-supereffective|p1a: Veluza\n|-damage|p1a: Veluza|0 fnt\n|faint|p1a: Veluza\n|\n|upkeep\n|\n|t:|1701024470\n|switch|p1a: Swellow|Swellow, M|100\/100\n|turn|22\n|\n|t:|1701024476\n|move|p1a: Swellow|Return|p2a: Lucario\n|-resisted|p2a: Lucario\n|-damage|p2a: Lucario|0 fnt\n|faint|p2a: Lucario\n|\n|upkeep\n|\n|t:|1701024483\n|switch|p2a: Golurk|Golurk, shiny|100\/100\n|turn|23\n|\n|t:|1701024492\n|move|p2a: Golurk|Protect|p2a: Golurk\n|-singleturn|p2a: Golurk|Protect\n|move|p1a: Swellow|Brave Bird|p2a: Golurk\n|-activate|p2a: Golurk|move: Protect\n|\n|upkeep\n|turn|24\n|\n|t:|1701024499\n|move|p1a: Swellow|Brave Bird|p2a: Golurk\n|-damage|p2a: Golurk|48\/100\n|-damage|p1a: Swellow|75\/100|[from] Recoil\n|move|p2a: Golurk|Iron Defense|p2a: Golurk\n|-boost|p2a: Golurk|def|2\n|\n|-heal|p1a: Swellow|81\/100|[from] item: Leftovers\n|-heal|p2a: Golurk|54\/100|[from] item: Leftovers\n|upkeep\n|turn|25\n|\n|t:|1701024509\n|move|p2a: Golurk|Protect|p2a: Golurk\n|-singleturn|p2a: Golurk|Protect\n|move|p1a: Swellow|Brave Bird|p2a: Golurk\n|-activate|p2a: Golurk|move: Protect\n|\n|-heal|p1a: Swellow|87\/100|[from] item: Leftovers\n|-heal|p2a: Golurk|60\/100|[from] item: Leftovers\n|upkeep\n|turn|26\n|\n|t:|1701024519\n|move|p1a: Swellow|Brave Bird|p2a: Golurk\n|-damage|p2a: Golurk|33\/100\n|-damage|p1a: Swellow|74\/100|[from] Recoil\n|move|p2a: Golurk|Iron Defense|p2a: Golurk\n|-boost|p2a: Golurk|def|2\n|\n|-heal|p1a: Swellow|80\/100|[from] item: Leftovers\n|-heal|p2a: Golurk|39\/100|[from] item: Leftovers\n|upkeep\n|turn|27\n|\n|t:|1701024529\n|move|p2a: Golurk|Protect|p2a: Golurk\n|-singleturn|p2a: Golurk|Protect\n|move|p1a: Swellow|Brave Bird|p2a: Golurk\n|-activate|p2a: Golurk|move: Protect\n|\n|-heal|p1a: Swellow|86\/100|[from] item: Leftovers\n|-heal|p2a: Golurk|45\/100|[from] item: Leftovers\n|upkeep\n|turn|28\n|\n|t:|1701024539\n|move|p1a: Swellow|Brave Bird|p2a: Golurk\n|-damage|p2a: Golurk|26\/100\n|-damage|p1a: Swellow|78\/100|[from] Recoil\n|move|p2a: Golurk|Iron Defense|p2a: Golurk\n|-boost|p2a: Golurk|def|2\n|\n|-heal|p1a: Swellow|84\/100|[from] item: Leftovers\n|-heal|p2a: Golurk|32\/100|[from] item: Leftovers\n|upkeep\n|turn|29\n|\n|t:|1701024549\n|move|p2a: Golurk|Protect|p2a: Golurk\n|-singleturn|p2a: Golurk|Protect\n|move|p1a: Swellow|Brave Bird|p2a: Golurk\n|-activate|p2a: Golurk|move: Protect\n|\n|-heal|p1a: Swellow|90\/100|[from] item: Leftovers\n|-heal|p2a: Golurk|38\/100|[from] item: Leftovers\n|upkeep\n|turn|30\n|\n|t:|1701024559\n|move|p1a: Swellow|Brave Bird|p2a: Golurk\n|-crit|p2a: Golurk\n|-damage|p2a: Golurk|0 fnt\n|faint|p2a: Golurk\n|-damage|p1a: Swellow|71\/100|[from] Recoil\n|\n|win|Selller\n|raw|Selller's rating: 1027 &rarr; <strong>1065<\/strong><br \/>(+38 for winning)\n|raw|JP2311___'s rating: 1051 &rarr; <strong>1032<\/strong><br \/>(-19 for losing)\n","uploadtime":1701024567,"views":1,"p1id":"selller","p2id":"jp2311","formatid":"gen9nationaldexubers","rating":1032,"private":0,"password":""}