{"id":"gen9nationaldexubers-1980283857","p1":"JustinRuggs","p2":"Danny015","format":"[Gen 9] National Dex Ubers","log":"|j|\u2606JustinRuggs\n|j|\u2606Danny015\n|t:|1698772241\n|gametype|singles\n|player|p1|JustinRuggs|gambler|1111\n|player|p2|Danny015|265|1173\n|teamsize|p1|6\n|teamsize|p2|6\n|gen|9\n|tier|[Gen 9] National Dex Ubers\n|rated|\n|rule|HP Percentage Mod: HP is shown in percentages\n|rule|Endless Battle Clause: Forcing endless battles is banned\n|rule|OHKO Clause: OHKO moves are banned\n|rule|Evasion Moves Clause: Evasion moves are banned\n|rule|Evasion Items Clause: Evasion items are banned\n|rule|Species Clause: Limit one of each Pok\u00e9mon\n|rule|Sleep Clause Mod: Limit one foe put to sleep\n|rule|Mega Rayquaza Clause: You cannot mega evolve Rayquaza\n|clearpoke\n|poke|p1|Dragonite, F|\n|poke|p1|Raichu, M|\n|poke|p1|Galvantula, M|\n|poke|p1|Pheromosa|\n|poke|p1|Bisharp, F|\n|poke|p1|Gabite, F|\n|poke|p2|Dragapult, M|\n|poke|p2|Landorus-Therian, M|\n|poke|p2|Samurott-Hisui, F|\n|poke|p2|Blaziken, M|\n|poke|p2|Tyranitar, M|\n|poke|p2|Magnezone|\n|teampreview\n|\n|t:|1698772250\n|start\n|switch|p1a: Pheromosa|Pheromosa|100\/100\n|switch|p2a: Samurott|Samurott-Hisui, F|100\/100\n|turn|1\n|\n|t:|1698772264\n|move|p1a: Pheromosa|Lunge|p2a: Samurott\n|-supereffective|p2a: Samurott\n|-enditem|p2a: Samurott|Focus Sash\n|-damage|p2a: Samurott|1\/100\n|-unboost|p2a: Samurott|atk|1\n|move|p2a: Samurott|Knock Off|p1a: Pheromosa\n|-resisted|p1a: Pheromosa\n|-damage|p1a: Pheromosa|57\/100\n|-enditem|p1a: Pheromosa|Focus Sash|[from] move: Knock Off|[of] p2a: Samurott\n|\n|upkeep\n|turn|2\n|\n|t:|1698772274\n|move|p1a: Pheromosa|Lunge|p2a: Samurott\n|-supereffective|p2a: Samurott\n|-damage|p2a: Samurott|0 fnt\n|faint|p2a: Samurott\n|-ability|p1a: Pheromosa|Beast Boost|boost\n|-boost|p1a: Pheromosa|atk|1\n|\n|upkeep\n|\n|t:|1698772292\n|switch|p2a: Blaziken|Blaziken, M|100\/100\n|turn|3\n|\n|t:|1698772297\n|detailschange|p2a: Blaziken|Blaziken-Mega, M\n|-mega|p2a: Blaziken|Blaziken|Blazikenite\n|move|p1a: Pheromosa|Lunge|p2a: Blaziken\n|-resisted|p2a: Blaziken\n|-damage|p2a: Blaziken|75\/100\n|-unboost|p2a: Blaziken|atk|1\n|move|p2a: Blaziken|Swords Dance|p2a: Blaziken\n|-boost|p2a: Blaziken|atk|2\n|\n|-ability|p2a: Blaziken|Speed Boost|boost\n|-boost|p2a: Blaziken|spe|1\n|upkeep\n|turn|4\n|\n|t:|1698772310\n|move|p2a: Blaziken|Flare Blitz|p1a: Pheromosa\n|-supereffective|p1a: Pheromosa\n|-damage|p1a: Pheromosa|0 fnt\n|faint|p1a: Pheromosa\n|-damage|p2a: Blaziken|57\/100|[from] Recoil\n|\n|-ability|p2a: Blaziken|Speed Boost|boost\n|-boost|p2a: Blaziken|spe|1\n|upkeep\n|\n|t:|1698772315\n|switch|p1a: Gabite|Gabite, F|100\/100\n|turn|5\n|inactive|Battle timer is ON: inactive players will automatically lose when time's up. (requested by JustinRuggs)\n|\n|t:|1698772355\n|move|p2a: Blaziken|Low Kick|p1a: Gabite\n|-enditem|p1a: Gabite|Focus Sash\n|-damage|p1a: Gabite|1\/100\n|-damage|p2a: Blaziken|45\/100|[from] ability: Rough Skin|[of] p1a: Gabite\n|move|p1a: Gabite|Earthquake|p2a: Blaziken\n|-supereffective|p2a: Blaziken\n|-damage|p2a: Blaziken|0 fnt\n|faint|p2a: Blaziken\n|\n|upkeep\n|\n|t:|1698772365\n|switch|p2a: Dragapult|Dragapult, M|100\/100\n|turn|6\n|\n|t:|1698772382\n|move|p2a: Dragapult|Dragon Darts|p1a: Gabite\n|-supereffective|p1a: Gabite\n|-damage|p1a: Gabite|0 fnt\n|faint|p1a: Gabite\n|\n|upkeep\n|\n|t:|1698772387\n|switch|p1a: Bisharp|Bisharp, F|100\/100\n|turn|7\n|\n|t:|1698772394\n|move|p2a: Dragapult|Light Screen|p2a: Dragapult\n|-sidestart|p2: Danny015|move: Light Screen\n|move|p1a: Bisharp|Pursuit|p2a: Dragapult\n|-supereffective|p2a: Dragapult\n|-damage|p2a: Dragapult|52\/100\n|-start|p1a: Bisharp|Disable|Pursuit|[from] ability: Cursed Body|[of] p2a: Dragapult\n|\n|upkeep\n|turn|8\n|\n|t:|1698772406\n|move|p2a: Dragapult|Reflect|p2a: Dragapult\n|-sidestart|p2: Danny015|Reflect\n|move|p1a: Bisharp|Poison Jab|p2a: Dragapult\n|-resisted|p2a: Dragapult\n|-damage|p2a: Dragapult|43\/100\n|-status|p2a: Dragapult|psn\n|\n|-damage|p2a: Dragapult|30\/100 psn|[from] psn\n|upkeep\n|turn|9\n|\n|t:|1698772422\n|switch|p2a: Landorus|Landorus-Therian, M|100\/100\n|-ability|p2a: Landorus|Intimidate|boost\n|-unboost|p1a: Bisharp|atk|1\n|-ability|p1a: Bisharp|Defiant|boost\n|-boost|p1a: Bisharp|atk|2\n|move|p1a: Bisharp|Sucker Punch||[still]\n|-fail|p1a: Bisharp\n|\n|upkeep\n|turn|10\n|\n|t:|1698772433\n|switch|p1a: Dragonite|Dragonite, F|100\/100\n|move|p2a: Landorus|Earthquake|p1a: Dragonite\n|-immune|p1a: Dragonite\n|\n|upkeep\n|turn|11\n|\n|t:|1698772444\n|switch|p2a: Tyranitar|Tyranitar, M|100\/100\n|-weather|Sandstorm|[from] ability: Sand Stream|[of] p2a: Tyranitar\n|move|p1a: Dragonite|Substitute|p1a: Dragonite\n|-start|p1a: Dragonite|Substitute\n|-damage|p1a: Dragonite|76\/100\n|\n|-weather|Sandstorm|[upkeep]\n|-damage|p1a: Dragonite|70\/100|[from] Sandstorm\n|-heal|p1a: Dragonite|76\/100|[from] item: Leftovers\n|upkeep\n|turn|12\n|\n|t:|1698772454\n|move|p1a: Dragonite|Dragon Dance|p1a: Dragonite\n|-boost|p1a: Dragonite|atk|1\n|-boost|p1a: Dragonite|spe|1\n|move|p2a: Tyranitar|Ice Punch|p1a: Dragonite\n|-supereffective|p1a: Dragonite\n|-end|p1a: Dragonite|Substitute\n|\n|-weather|Sandstorm|[upkeep]\n|-damage|p1a: Dragonite|70\/100|[from] Sandstorm\n|-heal|p1a: Dragonite|76\/100|[from] item: Leftovers\n|upkeep\n|turn|13\n|\n|t:|1698772464\n|move|p1a: Dragonite|Brick Break|p2a: Tyranitar\n|-sideend|p2: Danny015|Reflect\n|-sideend|p2: Danny015|move: Light Screen\n|-supereffective|p2a: Tyranitar\n|-crit|p2a: Tyranitar\n|-damage|p2a: Tyranitar|0 fnt\n|faint|p2a: Tyranitar\n|\n|-weather|Sandstorm|[upkeep]\n|-damage|p1a: Dragonite|70\/100|[from] Sandstorm\n|-heal|p1a: Dragonite|76\/100|[from] item: Leftovers\n|upkeep\n|\n|t:|1698772474\n|switch|p2a: Magnezone|Magnezone|100\/100\n|turn|14\n|\n|t:|1698772482\n|-terastallize|p1a: Dragonite|Fire\n|move|p1a: Dragonite|Fire Punch|p2a: Magnezone\n|-supereffective|p2a: Magnezone\n|-damage|p2a: Magnezone|0 fnt\n|faint|p2a: Magnezone\n|\n|-weather|Sandstorm|[upkeep]\n|-damage|p1a: Dragonite|70\/100|[from] Sandstorm\n|-heal|p1a: Dragonite|76\/100|[from] item: Leftovers\n|upkeep\n|\n|t:|1698772490\n|switch|p2a: Landorus|Landorus-Therian, M|100\/100\n|-ability|p2a: Landorus|Intimidate|boost\n|-unboost|p1a: Dragonite|atk|1\n|turn|15\n|\n|t:|1698772498\n|move|p2a: Landorus|Earthquake|p1a: Dragonite\n|-supereffective|p1a: Dragonite\n|-damage|p1a: Dragonite|0 fnt\n|faint|p1a: Dragonite\n|\n|-weather|none\n|upkeep\n|\n|t:|1698772502\n|switch|p1a: Galvantula|Galvantula, M|100\/100\n|turn|16\n|\n|t:|1698772505\n|move|p2a: Landorus|Earthquake|p1a: Galvantula\n|-enditem|p1a: Galvantula|Focus Sash\n|-damage|p1a: Galvantula|1\/100\n|move|p1a: Galvantula|Giga Drain|p2a: Landorus\n|-damage|p2a: Landorus|74\/100\n|-heal|p1a: Galvantula|16\/100|[from] drain|[of] p2a: Landorus\n|\n|upkeep\n|turn|17\n|\n|t:|1698772513\n|move|p2a: Landorus|Earthquake|p1a: Galvantula\n|-damage|p1a: Galvantula|0 fnt\n|faint|p1a: Galvantula\n|\n|upkeep\n|\n|t:|1698772515\n|switch|p1a: Bisharp|Bisharp, F|100\/100\n|turn|18\n|\n|t:|1698772518\n|move|p1a: Bisharp|Sucker Punch|p2a: Landorus\n|-damage|p2a: Landorus|30\/100\n|move|p2a: Landorus|Earthquake|p1a: Bisharp\n|-supereffective|p1a: Bisharp\n|-damage|p1a: Bisharp|19\/100\n|\n|upkeep\n|turn|19\n|\n|t:|1698772526\n|move|p1a: Bisharp|Sucker Punch|p2a: Landorus\n|-damage|p2a: Landorus|0 fnt\n|faint|p2a: Landorus\n|\n|upkeep\n|\n|t:|1698772530\n|switch|p2a: Dragapult|Dragapult, M|30\/100 psn\n|turn|20\n|\n|t:|1698772533\n|move|p1a: Bisharp|Sucker Punch|p2a: Dragapult\n|-supereffective|p2a: Dragapult\n|-damage|p2a: Dragapult|0 fnt\n|-start|p1a: Bisharp|Disable|Sucker Punch|[from] ability: Cursed Body|[of] p2a: Dragapult\n|faint|p2a: Dragapult\n|\n|win|JustinRuggs\n|raw|JustinRuggs's rating: 1111 &rarr; <strong>1140<\/strong><br \/>(+29 for winning)\n|raw|Danny015's rating: 1173 &rarr; <strong>1144<\/strong><br \/>(-29 for losing)\n|c|\u2606JustinRuggs|gg\n","uploadtime":1698772545,"views":8,"p1id":"justinruggs","p2id":"danny015","formatid":"gen9nationaldexubers","rating":1140,"private":0,"password":""}