{"id":"gen9nationaldexubers-1994985520","p1":"Jack0lantern89","p2":"Viviexists","format":"[Gen 9] National Dex Ubers","log":"|j|\u2606Jack0lantern89\n|j|\u2606Viviexists\n|t:|1700510619\n|gametype|singles\n|player|p1|Jack0lantern89|marshal|\n|player|p2|Viviexists|mela|\n|teamsize|p1|6\n|teamsize|p2|6\n|gen|9\n|tier|[Gen 9] National Dex Ubers\n|rule|HP Percentage Mod: HP is shown in percentages\n|rule|Endless Battle Clause: Forcing endless battles is banned\n|rule|OHKO Clause: OHKO moves are banned\n|rule|Evasion Moves Clause: Evasion moves are banned\n|rule|Evasion Items Clause: Evasion items are banned\n|rule|Species Clause: Limit one of each Pok\u00e9mon\n|rule|Sleep Clause Mod: Limit one foe put to sleep\n|rule|Mega Rayquaza Clause: You cannot mega evolve Rayquaza\n|clearpoke\n|poke|p1|Iron Valiant|\n|poke|p1|Iron Hands|\n|poke|p1|Great Tusk|\n|poke|p1|Gallade, M|\n|poke|p1|Cobalion|\n|poke|p1|Urshifu-*, F|\n|poke|p2|Torterra, F|\n|poke|p2|Urshifu-*, M|\n|poke|p2|Ninetales-Alola, M|\n|poke|p2|Arctozolt|\n|poke|p2|Volcarona, M|\n|poke|p2|Aerodactyl, F|\n|teampreview\n|c|\u2606Jack0lantern89|glhf\n|c|\u2606Jack0lantern89|whats cap\n|c|\u2606Viviexists|Ice torterra\n|\n|t:|1700510639\n|start\n|switch|p1a: Cobalion|Cobalion|100\/100\n|switch|p2a: Plastic Love|Ninetales-Alola, M|100\/100\n|-weather|Snow|[from] ability: Snow Warning|[of] p2a: Plastic Love\n|turn|1\n|\n|t:|1700510673\n|move|p2a: Plastic Love|Aurora Veil|p2a: Plastic Love\n|-sidestart|p2: Viviexists|move: Aurora Veil\n|move|p1a: Cobalion|Stealth Rock|p2a: Plastic Love\n|-sidestart|p2: Viviexists|move: Stealth Rock\n|\n|-weather|Snow|[upkeep]\n|upkeep\n|turn|2\n|\n|t:|1700510720\n|move|p2a: Plastic Love|Encore|p1a: Cobalion\n|-start|p1a: Cobalion|Encore\n|move|p1a: Cobalion|Stealth Rock||[still]\n|-fail|p1a: Cobalion\n|\n|-weather|Snow|[upkeep]\n|upkeep\n|turn|3\n|c|\u2606Jack0lantern89|double speed tie win\n|\n|t:|1700510735\n|switch|p2a: One Step at a Time|Urshifu-Rapid-Strike, M|100\/100\n|-damage|p2a: One Step at a Time|94\/100|[from] Stealth Rock\n|switch|p1a: Brian Hands|Iron Hands|100\/100\n|\n|-weather|Snow|[upkeep]\n|upkeep\n|turn|4\n|\n|t:|1700510748\n|move|p2a: One Step at a Time|Swords Dance|p2a: One Step at a Time\n|-boost|p2a: One Step at a Time|atk|2\n|move|p1a: Brian Hands|Wild Charge|p2a: One Step at a Time\n|-supereffective|p2a: One Step at a Time\n|-damage|p2a: One Step at a Time|54\/100\n|-damage|p1a: Brian Hands|94\/100|[from] Recoil\n|\n|-weather|Snow|[upkeep]\n|upkeep\n|turn|5\n|\n|t:|1700510801\n|move|p2a: One Step at a Time|Zen Headbutt|p1a: Brian Hands\n|-supereffective|p1a: Brian Hands\n|-damage|p1a: Brian Hands|20\/100\n|move|p1a: Brian Hands|Wild Charge|p2a: One Step at a Time\n|-supereffective|p2a: One Step at a Time\n|-crit|p2a: One Step at a Time\n|-damage|p2a: One Step at a Time|0 fnt\n|faint|p2a: One Step at a Time\n|-damage|p1a: Brian Hands|11\/100|[from] Recoil\n|\n|-weather|none\n|upkeep\n|\n|t:|1700510812\n|switch|p2a: Spring Thief|Torterra, F|100\/100\n|-damage|p2a: Spring Thief|94\/100|[from] Stealth Rock\n|turn|6\n|\n|t:|1700510816\n|move|p2a: Spring Thief|Shell Smash|p2a: Spring Thief\n|-unboost|p2a: Spring Thief|def|1\n|-unboost|p2a: Spring Thief|spd|1\n|-boost|p2a: Spring Thief|atk|2\n|-boost|p2a: Spring Thief|spa|2\n|-boost|p2a: Spring Thief|spe|2\n|move|p1a: Brian Hands|Drain Punch|p2a: Spring Thief\n|-damage|p2a: Spring Thief|70\/100\n|-heal|p1a: Brian Hands|19\/100|[from] drain|[of] p2a: Spring Thief\n|\n|upkeep\n|turn|7\n|\n|t:|1700510831\n|move|p2a: Spring Thief|Shell Smash|p2a: Spring Thief\n|-unboost|p2a: Spring Thief|def|1\n|-unboost|p2a: Spring Thief|spd|1\n|-boost|p2a: Spring Thief|atk|2\n|-boost|p2a: Spring Thief|spa|2\n|-boost|p2a: Spring Thief|spe|2\n|move|p1a: Brian Hands|Drain Punch|p2a: Spring Thief\n|-damage|p2a: Spring Thief|37\/100\n|-heal|p1a: Brian Hands|30\/100|[from] drain|[of] p2a: Spring Thief\n|\n|upkeep\n|turn|8\n|c|\u2606Jack0lantern89|not scared of ice punch i see\n|\n|t:|1700510844\n|move|p2a: Spring Thief|Bullet Seed|p1a: Brian Hands\n|-damage|p1a: Brian Hands|4\/100\n|-damage|p1a: Brian Hands|0 fnt\n|faint|p1a: Brian Hands\n|-end|p1a: Brian Hands|Quark Drive|[silent]\n|-hitcount|p1: Brian Hands|2\n|\n|-sideend|p2: Viviexists|move: Aurora Veil\n|upkeep\n|\n|t:|1700510848\n|switch|p1a: Urshifu|Urshifu-Rapid-Strike, F|100\/100\n|turn|9\n|\n|t:|1700510868\n|switch|p2a: Plastic Love|Ninetales-Alola, M|100\/100\n|-damage|p2a: Plastic Love|76\/100|[from] Stealth Rock\n|-weather|Snow|[from] ability: Snow Warning|[of] p2a: Plastic Love\n|move|p1a: Urshifu|Aqua Jet|p2a: Plastic Love\n|-damage|p2a: Plastic Love|46\/100\n|\n|-weather|Snow|[upkeep]\n|upkeep\n|turn|10\n|\n|t:|1700510877\n|switch|p1a: Cobalion|Cobalion|100\/100\n|move|p2a: Plastic Love|Aurora Veil|p2a: Plastic Love\n|-sidestart|p2: Viviexists|move: Aurora Veil\n|\n|-weather|Snow|[upkeep]\n|upkeep\n|turn|11\n|\n|t:|1700510906\n|move|p2a: Plastic Love|Moonblast|p1a: Cobalion\n|-damage|p1a: Cobalion|57\/100\n|move|p1a: Cobalion|Thunder Wave|p2a: Plastic Love\n|-status|p2a: Plastic Love|par\n|\n|-weather|Snow|[upkeep]\n|-heal|p1a: Cobalion|63\/100|[from] item: Leftovers\n|upkeep\n|turn|12\n|\n|t:|1700510920\n|switch|p2a: Citrus Love|Arctozolt|100\/100\n|move|p1a: Cobalion|Iron Head|p2a: Citrus Love\n|-damage|p2a: Citrus Love|91\/100\n|\n|-weather|Snow|[upkeep]\n|-heal|p1a: Cobalion|69\/100|[from] item: Leftovers\n|upkeep\n|turn|13\n|\n|t:|1700510968\n|move|p2a: Citrus Love|Blizzard|p1a: Cobalion\n|-resisted|p1a: Cobalion\n|-damage|p1a: Cobalion|49\/100\n|move|p1a: Cobalion|Iron Head|p2a: Citrus Love\n|-damage|p2a: Citrus Love|81\/100\n|\n|-weather|none\n|-heal|p1a: Cobalion|55\/100|[from] item: Leftovers\n|upkeep\n|turn|14\n|\n|t:|1700510978\n|switch|p1a: >lando|Great Tusk|100\/100\n|move|p2a: Citrus Love|Stomping Tantrum|p1a: >lando\n|-damage|p1a: >lando|90\/100\n|\n|-heal|p1a: >lando|96\/100|[from] item: Leftovers\n|upkeep\n|turn|15\n|\n|t:|1700510988\n|switch|p2a: Let Me Dance|Volcarona, M|100\/100\n|move|p1a: >lando|Knock Off|p2a: Let Me Dance\n|-damage|p2a: Let Me Dance|81\/100\n|-status|p1a: >lando|brn|[from] ability: Flame Body|[of] p2a: Let Me Dance\n|-enditem|p2a: Let Me Dance|Heavy-Duty Boots|[from] move: Knock Off|[of] p1a: >lando\n|\n|-heal|p1a: >lando|100\/100 brn|[from] item: Leftovers\n|-damage|p1a: >lando|94\/100 brn|[from] brn\n|upkeep\n|turn|16\n|\n|t:|1700510995\n|-end|p1a: >lando|Protosynthesis|[silent]\n|switch|p1a: Rifk's favourite|Gallade, M|100\/100\n|move|p2a: Let Me Dance|Quiver Dance|p2a: Let Me Dance\n|-boost|p2a: Let Me Dance|spa|1\n|-boost|p2a: Let Me Dance|spd|1\n|-boost|p2a: Let Me Dance|spe|1\n|\n|upkeep\n|turn|17\n|\n|t:|1700511012\n|detailschange|p1a: Rifk's favourite|Gallade-Mega, M\n|-mega|p1a: Rifk's favourite|Gallade|Galladite\n|move|p2a: Let Me Dance|Psychic|p1a: Rifk's favourite\n|-damage|p1a: Rifk's favourite|39\/100\n|move|p1a: Rifk's favourite|Zen Headbutt|p2a: Let Me Dance\n|-damage|p2a: Let Me Dance|45\/100\n|-status|p1a: Rifk's favourite|brn|[from] ability: Flame Body|[of] p2a: Let Me Dance\n|\n|-damage|p1a: Rifk's favourite|33\/100 brn|[from] brn\n|-sideend|p2: Viviexists|move: Aurora Veil\n|upkeep\n|turn|18\n|\n|t:|1700511039\n|move|p2a: Let Me Dance|Roost|p2a: Let Me Dance\n|-heal|p2a: Let Me Dance|95\/100\n|-singleturn|p2a: Let Me Dance|move: Roost\n|move|p1a: Rifk's favourite|Zen Headbutt|p2a: Let Me Dance\n|-damage|p2a: Let Me Dance|55\/100\n|\n|-damage|p1a: Rifk's favourite|26\/100 brn|[from] brn\n|upkeep\n|turn|19\n|\n|t:|1700511052\n|move|p2a: Let Me Dance|Fiery Dance|p1a: Rifk's favourite\n|-damage|p1a: Rifk's favourite|0 fnt\n|faint|p1a: Rifk's favourite\n|\n|upkeep\n|\n|t:|1700511059\n|switch|p1a: Urshifu|Urshifu-Rapid-Strike, F|100\/100\n|turn|20\n|\n|t:|1700511064\n|switch|p2a: Plastic Love|Ninetales-Alola, M|46\/100 par\n|-damage|p2a: Plastic Love|22\/100 par|[from] Stealth Rock\n|-weather|Snow|[from] ability: Snow Warning|[of] p2a: Plastic Love\n|move|p1a: Urshifu|Aqua Jet|p2a: Plastic Love\n|-damage|p2a: Plastic Love|0 fnt\n|faint|p2a: Plastic Love\n|\n|-weather|Snow|[upkeep]\n|upkeep\n|\n|t:|1700511074\n|switch|p2a: Citrus Love|Arctozolt|81\/100\n|turn|21\n|\n|t:|1700511107\n|switch|p1a: >lando|Great Tusk|94\/100 brn\n|move|p2a: Citrus Love|Blizzard|p1a: >lando\n|-supereffective|p1a: >lando\n|-damage|p1a: >lando|7\/100 brn\n|\n|-weather|Snow|[upkeep]\n|-heal|p1a: >lando|13\/100 brn|[from] item: Leftovers\n|-damage|p1a: >lando|7\/100 brn|[from] brn\n|upkeep\n|turn|22\n|\n|t:|1700511120\n|move|p2a: Citrus Love|Low Kick|p1a: >lando\n|-damage|p1a: >lando|0 fnt\n|faint|p1a: >lando\n|-end|p1a: >lando|Protosynthesis|[silent]\n|\n|-weather|Snow|[upkeep]\n|upkeep\n|\n|t:|1700511165\n|switch|p1a: Cobalion|Cobalion|55\/100\n|turn|23\n|\n|t:|1700511171\n|move|p2a: Citrus Love|Bolt Beak|p1a: Cobalion\n|-damage|p1a: Cobalion|0 fnt\n|faint|p1a: Cobalion\n|\n|-weather|Snow|[upkeep]\n|upkeep\n|\n|t:|1700511176\n|switch|p1a: SPECS B*TCH|Iron Valiant|100\/100\n|turn|24\n|\n|t:|1700511179\n|move|p2a: Citrus Love|Bolt Beak|p1a: SPECS B*TCH\n|-damage|p1a: SPECS B*TCH|0 fnt\n|faint|p1a: SPECS B*TCH\n|-end|p1a: SPECS B*TCH|Quark Drive|[silent]\n|\n|-weather|none\n|upkeep\n|\n|t:|1700511185\n|switch|p1a: Urshifu|Urshifu-Rapid-Strike, F|100\/100\n|turn|25\n|\n|t:|1700511193\n|-terastallize|p1a: Urshifu|Water\n|move|p1a: Urshifu|Surging Strikes|p2a: Citrus Love\n|-crit|p2a: Citrus Love\n|-damage|p2a: Citrus Love|39\/100\n|-crit|p2a: Citrus Love\n|-damage|p2a: Citrus Love|0 fnt\n|faint|p2a: Citrus Love\n|-hitcount|p2: Citrus Love|2\n|\n|upkeep\n|\n|t:|1700511207\n|switch|p2a: Repeat|Aerodactyl, F|100\/100\n|-damage|p2a: Repeat|76\/100|[from] Stealth Rock\n|turn|26\n|\n|t:|1700511213\n|detailschange|p2a: Repeat|Aerodactyl-Mega, F\n|-mega|p2a: Repeat|Aerodactyl|Aerodactylite\n|move|p2a: Repeat|Dual Wingbeat|p1a: Urshifu\n|-damage|p1a: Urshifu|70\/100\n|-damage|p1a: Urshifu|38\/100\n|-hitcount|p1a: Urshifu|2\n|move|p1a: Urshifu|Surging Strikes|p2a: Repeat\n|-supereffective|p2a: Repeat\n|-crit|p2a: Repeat\n|-damage|p2a: Repeat|0 fnt\n|faint|p2a: Repeat\n|-hitcount|p2: Repeat|1\n|\n|upkeep\n|\n|t:|1700511223\n|switch|p2a: Let Me Dance|Volcarona, M|55\/100\n|-damage|p2a: Let Me Dance|5\/100|[from] Stealth Rock\n|turn|27\n|c|\u2606Jack0lantern89|1 mother fucking speed tie\n|\n|t:|1700511229\n|move|p1a: Urshifu|Surging Strikes|p2a: Let Me Dance\n|-supereffective|p2a: Let Me Dance\n|-crit|p2a: Let Me Dance\n|-damage|p2a: Let Me Dance|0 fnt\n|-status|p1a: Urshifu|brn|[from] ability: Flame Body|[of] p2a: Let Me Dance\n|faint|p2a: Let Me Dance\n|-hitcount|p2: Let Me Dance|1\n|\n|-damage|p1a: Urshifu|32\/100 brn|[from] brn\n|upkeep\n|\n|t:|1700511233\n|switch|p2a: Spring Thief|Torterra, F|37\/100\n|-damage|p2a: Spring Thief|31\/100|[from] Stealth Rock\n|turn|28\n|c|\u2606Jack0lantern89|nvm im dumb\n|c|\u2606Jack0lantern89|shifus speed is not 100\n|\n|t:|1700511246\n|move|p1a: Urshifu|Surging Strikes|p2a: Spring Thief\n|-damage|p2a: Spring Thief|18\/100\n|-damage|p2a: Spring Thief|6\/100\n|-damage|p2a: Spring Thief|0 fnt\n|faint|p2a: Spring Thief\n|-hitcount|p2: Spring Thief|3\n|\n|win|Jack0lantern89\n","uploadtime":1700511253,"views":3,"p1id":"jack0lantern89","p2id":"viviexists","formatid":"gen9nationaldexubers","rating":0,"private":0,"password":""}