{"id":"gen9nationaldexubers-1985209868","p1":"subat911","p2":"Chaitanya15","format":"[Gen 9] National Dex Ubers","log":"|j|\u2606subat911\n|j|\u2606Chaitanya15\n|t:|1699349177\n|gametype|singles\n|player|p1|subat911|schoolkidf|1487\n|player|p2|Chaitanya15|170|1436\n|teamsize|p1|6\n|teamsize|p2|6\n|gen|9\n|tier|[Gen 9] National Dex Ubers\n|rated|\n|rule|HP Percentage Mod: HP is shown in percentages\n|rule|Endless Battle Clause: Forcing endless battles is banned\n|rule|OHKO Clause: OHKO moves are banned\n|rule|Evasion Moves Clause: Evasion moves are banned\n|rule|Evasion Items Clause: Evasion items are banned\n|rule|Species Clause: Limit one of each Pok\u00e9mon\n|rule|Sleep Clause Mod: Limit one foe put to sleep\n|rule|Mega Rayquaza Clause: You cannot mega evolve Rayquaza\n|clearpoke\n|poke|p1|Urshifu-*, M|\n|poke|p1|Aggron, M|\n|poke|p1|Kyogre|\n|poke|p1|Blacephalon|\n|poke|p1|Zygarde|\n|poke|p1|Blissey, F|\n|poke|p2|Kingambit, M|\n|poke|p2|Basculegion, M|\n|poke|p2|Pikachu, F|\n|poke|p2|Kyogre|\n|poke|p2|Flutter Mane|\n|poke|p2|Deoxys-Speed|\n|teampreview\n|inactive|Battle timer is ON: inactive players will automatically lose when time's up. (requested by Chaitanya15)\n|\n|t:|1699349193\n|start\n|switch|p1a: Blacephalon|Blacephalon|100\/100\n|switch|p2a: Deoxys|Deoxys-Speed|100\/100\n|-ability|p2a: Deoxys|Pressure\n|turn|1\n|\n|t:|1699349201\n|move|p2a: Deoxys|Stealth Rock|p1a: Blacephalon\n|-sidestart|p1: subat911|move: Stealth Rock\n|move|p1a: Blacephalon|Shadow Ball|p2a: Deoxys\n|-supereffective|p2a: Deoxys\n|-crit|p2a: Deoxys\n|-enditem|p2a: Deoxys|Focus Sash\n|-damage|p2a: Deoxys|1\/100\n|\n|upkeep\n|turn|2\n|\n|t:|1699349209\n|move|p2a: Deoxys|Spikes|p1a: Blacephalon\n|-sidestart|p1: subat911|Spikes\n|move|p1a: Blacephalon|Shadow Ball|p2a: Deoxys\n|-supereffective|p2a: Deoxys\n|-damage|p2a: Deoxys|0 fnt\n|faint|p2a: Deoxys\n|-ability|p1a: Blacephalon|Beast Boost|boost\n|-boost|p1a: Blacephalon|spa|1\n|\n|upkeep\n|\n|t:|1699349219\n|switch|p2a: Flutter Mane|Flutter Mane|100\/100\n|-enditem|p2a: Flutter Mane|Booster Energy\n|-activate|p2a: Flutter Mane|ability: Protosynthesis|[fromitem]\n|-start|p2a: Flutter Mane|protosynthesisspe\n|turn|3\n|\n|t:|1699349225\n|move|p2a: Flutter Mane|Shadow Ball|p1a: Blacephalon\n|-supereffective|p1a: Blacephalon\n|-damage|p1a: Blacephalon|0 fnt\n|faint|p1a: Blacephalon\n|\n|upkeep\n|\n|t:|1699349229\n|switch|p1a: Blissey|Blissey, F|100\/100\n|-damage|p1a: Blissey|88\/100|[from] Stealth Rock\n|-damage|p1a: Blissey|76\/100|[from] Spikes\n|turn|4\n|\n|t:|1699349236\n|move|p2a: Flutter Mane|Psyshock|p1a: Blissey\n|-damage|p1a: Blissey|16\/100\n|move|p1a: Blissey|Toxic|p2a: Flutter Mane\n|-status|p2a: Flutter Mane|tox\n|\n|-heal|p1a: Blissey|22\/100|[from] item: Leftovers\n|-damage|p2a: Flutter Mane|95\/100 tox|[from] psn\n|upkeep\n|turn|5\n|\n|t:|1699349245\n|move|p2a: Flutter Mane|Psyshock|p1a: Blissey\n|-damage|p1a: Blissey|0 fnt\n|faint|p1a: Blissey\n|\n|-damage|p2a: Flutter Mane|83\/100 tox|[from] psn\n|upkeep\n|\n|t:|1699349262\n|switch|p1a: Zygarde|Zygarde|100\/100\n|-damage|p1a: Zygarde|94\/100|[from] Stealth Rock\n|-damage|p1a: Zygarde|82\/100|[from] Spikes\n|turn|6\n|\n|t:|1699349270\n|-terastallize|p1a: Zygarde|Water\n|move|p2a: Flutter Mane|Moonblast|p1a: Zygarde\n|-damage|p1a: Zygarde|36\/100\n|-unboost|p1a: Zygarde|spa|1\n|move|p1a: Zygarde|Thousand Arrows|p2a: Flutter Mane\n|-damage|p2a: Flutter Mane|0 fnt\n|faint|p2a: Flutter Mane\n|-end|p2a: Flutter Mane|Protosynthesis|[silent]\n|\n|-heal|p1a: Zygarde|42\/100|[from] item: Leftovers\n|-activate|p1a: Zygarde|ability: Power Construct\n|detailschange|p1a: Zygarde|Zygarde-Complete, tera:Water\n|-heal|p1a: Zygarde|64\/100|[silent]\n|upkeep\n|\n|t:|1699349286\n|switch|p2a: Pikachu|Pikachu, F|100\/100\n|turn|7\n|\n|t:|1699349290\n|switch|p1a: Aggron|Aggron, M|100\/100\n|-damage|p1a: Aggron|94\/100|[from] Stealth Rock\n|-damage|p1a: Aggron|82\/100|[from] Spikes\n|move|p2a: Pikachu|Fake Out|p1a: Aggron\n|-resisted|p1a: Aggron\n|-damage|p1a: Aggron|80\/100\n|\n|upkeep\n|turn|8\n|\n|t:|1699349300\n|detailschange|p1a: Aggron|Aggron-Mega, M\n|-mega|p1a: Aggron|Aggron|Aggronite\n|move|p2a: Pikachu|Brick Break|p1a: Aggron\n|-supereffective|p1a: Aggron\n|-damage|p1a: Aggron|62\/100\n|move|p1a: Aggron|Metal Burst|p2a: Pikachu\n|-damage|p2a: Pikachu|57\/100\n|\n|upkeep\n|turn|9\n|\n|t:|1699349311\n|switch|p2a: Kyogre|Kyogre|100\/100\n|-weather|RainDance|[from] ability: Drizzle|[of] p2a: Kyogre\n|move|p1a: Aggron|Stealth Rock|p2a: Kyogre\n|-sidestart|p2: Chaitanya15|move: Stealth Rock\n|\n|-weather|RainDance|[upkeep]\n|upkeep\n|turn|10\n|\n|t:|1699349320\n|move|p2a: Kyogre|Water Spout|p1a: Aggron\n|-damage|p1a: Aggron|0 fnt\n|faint|p1a: Aggron\n|\n|-weather|RainDance|[upkeep]\n|upkeep\n|\n|t:|1699349325\n|switch|p1a: Kyogre|Kyogre|100\/100\n|-damage|p1a: Kyogre|88\/100|[from] Stealth Rock\n|-damage|p1a: Kyogre|76\/100|[from] Spikes\n|detailschange|p1a: Kyogre|Kyogre-Primal\n|-primal|p1a: Kyogre|Blue Orb\n|-weather|PrimordialSea|[from] ability: Primordial Sea|[of] p1a: Kyogre\n|turn|11\n|\n|t:|1699349336\n|switch|p2a: Pikachu|Pikachu, F|57\/100\n|-damage|p2a: Pikachu|45\/100|[from] Stealth Rock\n|move|p1a: Kyogre|Thunder|p2a: Pikachu\n|-resisted|p2a: Pikachu\n|-damage|p2a: Pikachu|0 fnt\n|faint|p2a: Pikachu\n|\n|-weather|PrimordialSea|[upkeep]\n|upkeep\n|\n|t:|1699349346\n|switch|p2a: Basculegion|Basculegion, M|100\/100\n|-damage|p2a: Basculegion|88\/100|[from] Stealth Rock\n|turn|12\n|\n|t:|1699349353\n|move|p2a: Basculegion|Last Respects|p1a: Kyogre\n|-damage|p1a: Kyogre|0 fnt\n|faint|p1a: Kyogre\n|-weather|none\n|\n|upkeep\n|\n|t:|1699349363\n|switch|p1a: Urshifu|Urshifu, M|100\/100\n|-damage|p1a: Urshifu|94\/100|[from] Stealth Rock\n|-damage|p1a: Urshifu|82\/100|[from] Spikes\n|turn|13\n|\n|t:|1699349369\n|switch|p2a: Kingambit|Kingambit, M|100\/100\n|-damage|p2a: Kingambit|94\/100|[from] Stealth Rock\n|-activate|p2a: Kingambit|ability: Supreme Overlord\n|-start|p2a: Kingambit|fallen3|[silent]\n|move|p1a: Urshifu|Wicked Blow|p2a: Kingambit\n|-resisted|p2a: Kingambit\n|-crit|p2a: Kingambit\n|-damage|p2a: Kingambit|70\/100\n|\n|upkeep\n|turn|14\n|\n|t:|1699349380\n|move|p1a: Urshifu|Drain Punch|p2a: Kingambit\n|-supereffective|p2a: Kingambit\n|-damage|p2a: Kingambit|0 fnt\n|-heal|p1a: Urshifu|100\/100|[from] drain|[of] p2a: Kingambit\n|faint|p2a: Kingambit\n|-end|p2a: Kingambit|fallen3|[silent]\n|\n|upkeep\n|\n|t:|1699349386\n|switch|p2a: Kyogre|Kyogre|100\/100\n|-damage|p2a: Kyogre|88\/100|[from] Stealth Rock\n|-weather|RainDance|[from] ability: Drizzle|[of] p2a: Kyogre\n|turn|15\n|\n|t:|1699349401\n|move|p1a: Urshifu|Sucker Punch|p2a: Kyogre\n|-damage|p2a: Kyogre|45\/100\n|move|p2a: Kyogre|Water Spout|p1a: Urshifu\n|-damage|p1a: Urshifu|47\/100\n|\n|-weather|RainDance|[upkeep]\n|upkeep\n|turn|16\n|\n|t:|1699349421\n|switch|p2a: Basculegion|Basculegion, M|88\/100\n|-damage|p2a: Basculegion|76\/100|[from] Stealth Rock\n|switch|p1a: Zygarde|Zygarde-Complete, tera:Water|64\/100\n|-damage|p1a: Zygarde|51\/100|[from] Stealth Rock\n|-damage|p1a: Zygarde|39\/100|[from] Spikes\n|\n|-weather|RainDance|[upkeep]\n|-heal|p1a: Zygarde|45\/100|[from] item: Leftovers\n|upkeep\n|turn|17\n|\n|t:|1699349432\n|move|p2a: Basculegion|Last Respects|p1a: Zygarde\n|-damage|p1a: Zygarde|0 fnt\n|faint|p1a: Zygarde\n|\n|-weather|RainDance|[upkeep]\n|upkeep\n|\n|t:|1699349437\n|switch|p1a: Urshifu|Urshifu, M|47\/100\n|-damage|p1a: Urshifu|41\/100|[from] Stealth Rock\n|-damage|p1a: Urshifu|29\/100|[from] Spikes\n|turn|18\n|\n|t:|1699349446\n|switch|p2a: Kyogre|Kyogre|45\/100\n|-damage|p2a: Kyogre|32\/100|[from] Stealth Rock\n|move|p1a: Urshifu|Sucker Punch||[still]\n|-fail|p1a: Urshifu\n|\n|-weather|RainDance|[upkeep]\n|upkeep\n|turn|19\n|\n|t:|1699349456\n|move|p1a: Urshifu|Sucker Punch|p2a: Kyogre\n|-damage|p2a: Kyogre|0 fnt\n|faint|p2a: Kyogre\n|\n|-weather|none\n|upkeep\n|\n|t:|1699349463\n|switch|p2a: Basculegion|Basculegion, M|76\/100\n|-damage|p2a: Basculegion|63\/100|[from] Stealth Rock\n|turn|20\n|\n|t:|1699349469\n|-terastallize|p2a: Basculegion|Water\n|move|p1a: Urshifu|Sucker Punch|p2a: Basculegion\n|-damage|p2a: Basculegion|16\/100\n|move|p2a: Basculegion|Last Respects|p1a: Urshifu\n|-resisted|p1a: Urshifu\n|-damage|p1a: Urshifu|0 fnt\n|faint|p1a: Urshifu\n|\n|win|Chaitanya15\n|raw|subat911's rating: 1487 &rarr; <strong>1464<\/strong><br \/>(-23 for losing)\n|raw|Chaitanya15's rating: 1436 &rarr; <strong>1459<\/strong><br \/>(+23 for winning)\n|c|\u2606Chaitanya15|Gg\n|l|\u2606subat911\n","uploadtime":1699349502,"views":5,"p1id":"subat911","p2id":"chaitanya15","formatid":"gen9nationaldexubers","rating":1459,"private":0,"password":""}