{"id":"gen9nationaldexubers-1990699193","p1":"happysdh1","p2":"fancyostriches","format":"[Gen 9] National Dex Ubers","log":"|j|\u2606happysdh1\n|j|\u2606fancyostriches\n|t:|1699992824\n|gametype|singles\n|player|p1|happysdh1|veteran|1136\n|player|p2|fancyostriches|pokemaniac|1193\n|teamsize|p1|6\n|teamsize|p2|6\n|gen|9\n|tier|[Gen 9] National Dex Ubers\n|rated|\n|rule|HP Percentage Mod: HP is shown in percentages\n|rule|Endless Battle Clause: Forcing endless battles is banned\n|rule|OHKO Clause: OHKO moves are banned\n|rule|Evasion Moves Clause: Evasion moves are banned\n|rule|Evasion Items Clause: Evasion items are banned\n|rule|Species Clause: Limit one of each Pok\u00e9mon\n|rule|Sleep Clause Mod: Limit one foe put to sleep\n|rule|Mega Rayquaza Clause: You cannot mega evolve Rayquaza\n|clearpoke\n|poke|p1|Zoroark-Hisui, F|\n|poke|p1|Polteageist|\n|poke|p1|Drifblim, F|\n|poke|p1|Chandelure, F|\n|poke|p1|Gholdengo|\n|poke|p1|Sableye, M|\n|poke|p2|Salamence, F|\n|poke|p2|Dragonite, F|\n|poke|p2|Baxcalibur, M|\n|poke|p2|Dragapult, F|\n|poke|p2|Goodra-Hisui, F|\n|poke|p2|Hydreigon, M|\n|teampreview\n|inactive|Battle timer is ON: inactive players will automatically lose when time's up. (requested by happysdh1)\n|c|\u2606happysdh1|Mono vs mono\n|inactive|fancyostriches has 120 seconds left.\n|\n|t:|1699992874\n|start\n|switch|p1a: Sableye|Sableye, M|100\/100\n|switch|p2a: Dragapult|Dragapult, F|100\/100\n|turn|1\n|\n|t:|1699992887\n|move|p1a: Sableye|Bitter Malice|p2a: Dragapult\n|-supereffective|p2a: Dragapult\n|-damage|p2a: Dragapult|0 fnt\n|faint|p2a: Dragapult\n|\n|upkeep\n|\n|t:|1699992898\n|switch|p2a: Hydreigon|Hydreigon, M|100\/100\n|turn|2\n|\n|t:|1699992908\n|switch|p1a: Drifblim|Drifblim, F|100\/100\n|move|p2a: Hydreigon|Focus Energy|p2a: Hydreigon\n|-start|p2a: Hydreigon|move: Focus Energy\n|\n|upkeep\n|turn|3\n|\n|t:|1699992917\n|move|p2a: Hydreigon|Dark Pulse|p1a: Drifblim\n|-supereffective|p1a: Drifblim\n|-crit|p1a: Drifblim\n|-damage|p1a: Drifblim|0 fnt\n|faint|p1a: Drifblim\n|\n|upkeep\n|\n|t:|1699992923\n|switch|p1a: Sableye|Sableye, M|100\/100\n|turn|4\n|\n|t:|1699992933\n|move|p1a: Sableye|Fake Out|p2a: Hydreigon\n|-damage|p2a: Hydreigon|89\/100\n|cant|p2a: Hydreigon|flinch\n|\n|upkeep\n|turn|5\n|\n|t:|1699992946\n|move|p1a: Sableye|Light Screen|p1a: Sableye\n|-sidestart|p1: happysdh1|move: Light Screen\n|move|p2a: Hydreigon|Dark Pulse|p1a: Sableye\n|-crit|p1a: Sableye\n|-damage|p1a: Sableye|12\/100\n|\n|upkeep\n|turn|6\n|\n|t:|1699992953\n|move|p1a: Sableye|Reflect|p1a: Sableye\n|-sidestart|p1: happysdh1|Reflect\n|move|p2a: Hydreigon|Flash Cannon|p1a: Sableye\n|-crit|p1a: Sableye\n|-damage|p1a: Sableye|0 fnt\n|faint|p1a: Sableye\n|\n|upkeep\n|\n|t:|1699992960\n|switch|p1a: Chandelure|Chandelure, F|100\/100\n|turn|7\n|\n|t:|1699992966\n|-terastallize|p1a: Chandelure|Fairy\n|move|p2a: Hydreigon|Dark Pulse|p1a: Chandelure\n|-resisted|p1a: Chandelure\n|-crit|p1a: Chandelure\n|-damage|p1a: Chandelure|72\/100\n|move|p1a: Chandelure|Flamethrower|p2a: Hydreigon\n|-resisted|p2a: Hydreigon\n|-damage|p2a: Hydreigon|59\/100\n|\n|upkeep\n|turn|8\n|\n|t:|1699992980\n|move|p2a: Hydreigon|Flash Cannon|p1a: Chandelure\n|-supereffective|p1a: Chandelure\n|-crit|p1a: Chandelure\n|-damage|p1a: Chandelure|0 fnt\n|faint|p1a: Chandelure\n|\n|upkeep\n|\n|t:|1699992987\n|switch|p1a: Gholdengo|Gholdengo|100\/100\n|turn|9\n|\n|t:|1699992991\n|move|p1a: Gholdengo|Focus Blast|p2a: Hydreigon|[miss]\n|-miss|p1a: Gholdengo|p2a: Hydreigon\n|move|p2a: Hydreigon|Dark Pulse|p1a: Gholdengo\n|-supereffective|p1a: Gholdengo\n|-crit|p1a: Gholdengo\n|-damage|p1a: Gholdengo|0 fnt\n|replace|p1a: Zoroark|Zoroark-Hisui, F\n|-end|p1a: Zoroark|Illusion\n|faint|p1a: Zoroark\n|\n|upkeep\n|\n|t:|1699993002\n|switch|p1a: Gholdengo|Gholdengo|100\/100\n|turn|10\n|\n|t:|1699993010\n|move|p2a: Hydreigon|Dark Pulse|p1a: Gholdengo\n|-supereffective|p1a: Gholdengo\n|-crit|p1a: Gholdengo\n|-damage|p1a: Gholdengo|0 fnt\n|faint|p1a: Gholdengo\n|\n|upkeep\n|\n|t:|1699993019\n|switch|p1a: Polteageist|Polteageist|100\/100\n|turn|11\n|\n|t:|1699993022\n|move|p2a: Hydreigon|Dark Pulse|p1a: Polteageist\n|-supereffective|p1a: Polteageist\n|-crit|p1a: Polteageist\n|-enditem|p1a: Polteageist|Focus Sash\n|-damage|p1a: Polteageist|1\/100\n|move|p1a: Polteageist|Shadow Ball|p2a: Hydreigon\n|-resisted|p2a: Hydreigon\n|-damage|p2a: Hydreigon|33\/100\n|\n|upkeep\n|turn|12\n|c|\u2606happysdh1|Miss licked but it probably didn't matter\n|c|\u2606happysdh1|Was gonna shell smash but even then I don't think I can out damage\n|inactive|happysdh1 has 120 seconds left.\n|-message|happysdh1 forfeited.\n|\n|win|fancyostriches\n|raw|happysdh1's rating: 1136 &rarr; <strong>1115<\/strong><br \/>(-21 for losing)\n|raw|fancyostriches's rating: 1193 &rarr; <strong>1214<\/strong><br \/>(+21 for winning)\n|l|\u2606happysdh1\n","uploadtime":1699993061,"views":7,"p1id":"happysdh1","p2id":"fancyostriches","formatid":"gen9nationaldexubers","rating":1115,"private":0,"password":""}