{"id":"gen9nationaldexubers-1978374252","p1":"85792195wwww","p2":"commonapi","format":"[Gen 9] National Dex Ubers","log":"|j|\u260685792195wwww\n|j|\u2606commonapi\n|t:|1698530903\n|gametype|singles\n|player|p1|85792195wwww|lady|1803\n|player|p2|commonapi|102|1858\n|teamsize|p1|6\n|teamsize|p2|6\n|gen|9\n|tier|[Gen 9] National Dex Ubers\n|rated|\n|rule|HP Percentage Mod: HP is shown in percentages\n|rule|Endless Battle Clause: Forcing endless battles is banned\n|rule|OHKO Clause: OHKO moves are banned\n|rule|Evasion Moves Clause: Evasion moves are banned\n|rule|Evasion Items Clause: Evasion items are banned\n|rule|Species Clause: Limit one of each Pok\u00e9mon\n|rule|Sleep Clause Mod: Limit one foe put to sleep\n|rule|Mega Rayquaza Clause: You cannot mega evolve Rayquaza\n|clearpoke\n|poke|p1|Zacian-*|\n|poke|p1|Kyogre|\n|poke|p1|Xerneas-*|\n|poke|p1|Krookodile, F|\n|poke|p1|Groudon|\n|poke|p1|Arceus|\n|poke|p2|Ho-Oh|\n|poke|p2|Groudon|\n|poke|p2|Zacian-*|\n|poke|p2|Arceus|\n|poke|p2|Xerneas-*|\n|poke|p2|Kyogre|\n|teampreview\n|j| gameing08\n|inactive|Battle timer is ON: inactive players will automatically lose when time's up. (requested by commonapi)\n|\n|t:|1698530929\n|start\n|switch|p1a: Krookodile|Krookodile, F|100\/100\n|switch|p2a: Xerneas|Xerneas|100\/100\n|-ability|p1a: Krookodile|Intimidate|boost\n|-unboost|p2a: Xerneas|atk|1\n|-ability|p2a: Xerneas|Fairy Aura\n|turn|1\n|\n|t:|1698530938\n|move|p1a: Krookodile|Knock Off|p2a: Xerneas\n|-resisted|p2a: Xerneas\n|-damage|p2a: Xerneas|84\/100\n|-enditem|p2a: Xerneas|Power Herb|[from] move: Knock Off|[of] p1a: Krookodile\n|move|p2a: Xerneas|Draining Kiss|p1a: Krookodile\n|-supereffective|p1a: Krookodile\n|-enditem|p1a: Krookodile|Focus Sash\n|-damage|p1a: Krookodile|1\/100\n|-heal|p2a: Xerneas|100\/100|[from] drain|[of] p1a: Krookodile\n|\n|upkeep\n|turn|2\n|j| Incredible Gassy\n|\n|t:|1698530949\n|move|p1a: Krookodile|Stealth Rock|p2a: Xerneas\n|-sidestart|p2: commonapi|move: Stealth Rock\n|move|p2a: Xerneas|Moonblast|p1a: Krookodile\n|-supereffective|p1a: Krookodile\n|-damage|p1a: Krookodile|0 fnt\n|faint|p1a: Krookodile\n|\n|upkeep\n|\n|t:|1698530957\n|switch|p1a: Zacian|Zacian-Crowned|100\/100\n|-ability|p1a: Zacian|Intrepid Sword|boost\n|-boost|p1a: Zacian|atk|1\n|turn|3\n|\n|t:|1698530968\n|switch|p2a: Ho-Oh|Ho-Oh|100\/100\n|move|p1a: Zacian|Swords Dance|p1a: Zacian\n|-boost|p1a: Zacian|atk|2\n|\n|upkeep\n|turn|4\n|\n|t:|1698530975\n|-terastallize|p2a: Ho-Oh|Grass\n|move|p1a: Zacian|Behemoth Blade|p2a: Ho-Oh\n|-damage|p2a: Ho-Oh|0 fnt\n|faint|p2a: Ho-Oh\n|\n|upkeep\n|\n|t:|1698530979\n|switch|p2a: Groudon|Groudon|100\/100\n|-damage|p2a: Groudon|94\/100|[from] Stealth Rock\n|detailschange|p2a: Groudon|Groudon-Primal\n|-primal|p2a: Groudon|Red Orb\n|-weather|DesolateLand|[from] ability: Desolate Land|[of] p2a: Groudon\n|turn|5\n|\n|t:|1698530988\n|-terastallize|p1a: Zacian|Ground\n|move|p1a: Zacian|Tera Blast|p2a: Groudon|[anim] Tera Blast Ground\n|-supereffective|p2a: Groudon\n|-damage|p2a: Groudon|0 fnt\n|faint|p2a: Groudon\n|-weather|none\n|\n|upkeep\n|\n|t:|1698530992\n|switch|p2a: Zacian|Zacian-Crowned|100\/100\n|-damage|p2a: Zacian|94\/100|[from] Stealth Rock\n|-ability|p2a: Zacian|Intrepid Sword|boost\n|-boost|p2a: Zacian|atk|1\n|turn|6\n|c| Incredible Gassy|dear god\n|\n|t:|1698531001\n|move|p2a: Zacian|Behemoth Blade|p1a: Zacian\n|-damage|p1a: Zacian|17\/100\n|move|p1a: Zacian|Behemoth Blade|p2a: Zacian\n|-damage|p2a: Zacian|0 fnt\n|faint|p2a: Zacian\n|\n|upkeep\n|\n|t:|1698531005\n|switch|p2a: Arceus|Arceus|100\/100\n|-damage|p2a: Arceus|88\/100|[from] Stealth Rock\n|turn|7\n|\n|t:|1698531013\n|move|p2a: Arceus|Extreme Speed|p1a: Zacian\n|-crit|p1a: Zacian\n|-damage|p1a: Zacian|0 fnt\n|faint|p1a: Zacian\n|\n|upkeep\n|\n|t:|1698531019\n|switch|p1a: Xerneas|Xerneas|100\/100\n|-ability|p1a: Xerneas|Fairy Aura\n|turn|8\n|\n|t:|1698531025\n|move|p2a: Arceus|Taunt|p1a: Xerneas\n|-start|p1a: Xerneas|move: Taunt\n|cant|p1a: Xerneas|move: Taunt|Geomancy\n|\n|upkeep\n|turn|9\n|\n|t:|1698531031\n|move|p2a: Arceus|Swords Dance|p2a: Arceus\n|-boost|p2a: Arceus|atk|2\n|move|p1a: Xerneas|Moonblast|p2a: Arceus\n|-damage|p2a: Arceus|40\/100\n|\n|upkeep\n|turn|10\n|\n|t:|1698531037\n|move|p2a: Arceus|Extreme Speed|p1a: Xerneas\n|-crit|p1a: Xerneas\n|-damage|p1a: Xerneas|3\/100\n|move|p1a: Xerneas|Moonblast|p2a: Arceus\n|-damage|p2a: Arceus|0 fnt\n|faint|p2a: Arceus\n|\n|-end|p1a: Xerneas|move: Taunt\n|upkeep\n|\n|t:|1698531048\n|switch|p2a: Xerneas|Xerneas|100\/100\n|-damage|p2a: Xerneas|88\/100|[from] Stealth Rock\n|-ability|p2a: Xerneas|Fairy Aura\n|turn|11\n|\n|t:|1698531054\n|move|p1a: Xerneas|Moonblast|p2a: Xerneas\n|-damage|p2a: Xerneas|30\/100\n|-unboost|p2a: Xerneas|spa|1\n|move|p2a: Xerneas|Geomancy||[still]\n|-prepare|p2a: Xerneas|Geomancy\n|\n|upkeep\n|turn|12\n|c|\u2606commonapi|I forgot haha\n|\n|t:|1698531062\n|move|p1a: Xerneas|Moonblast|p2a: Xerneas\n|-damage|p2a: Xerneas|0 fnt\n|faint|p2a: Xerneas\n|\n|upkeep\n|-message|commonapi forfeited.\n|\n|win|85792195wwww\n|raw|85792195wwww's rating: 1803 &rarr; <strong>1826<\/strong><br \/>(+23 for winning)\n|raw|commonapi's rating: 1858 &rarr; <strong>1835<\/strong><br \/>(-23 for losing)\n|l| gameing08\n|l|\u2606commonapi\n","uploadtime":1698531070,"views":8,"p1id":"85792195wwww","p2id":"commonapi","formatid":"gen9nationaldexubers","rating":1826,"private":0,"password":""}