{"id":"gen9nationaldexubers-1996544982","p1":"Elixsmokezzdem","p2":"YellowTreeOfSorrow","format":"[Gen 9] National Dex Ubers","log":"|j|\u2606Elixsmokezzdem\n|j|\u2606YellowTreeOfSorrow\n|t:|1700692673\n|gametype|singles\n|player|p1|Elixsmokezzdem|pokemaniac|1138\n|player|p2|YellowTreeOfSorrow|lusamine|1289\n|teamsize|p1|6\n|teamsize|p2|6\n|gen|9\n|tier|[Gen 9] National Dex Ubers\n|rated|\n|rule|HP Percentage Mod: HP is shown in percentages\n|rule|Endless Battle Clause: Forcing endless battles is banned\n|rule|OHKO Clause: OHKO moves are banned\n|rule|Evasion Moves Clause: Evasion moves are banned\n|rule|Evasion Items Clause: Evasion items are banned\n|rule|Species Clause: Limit one of each Pok\u00e9mon\n|rule|Sleep Clause Mod: Limit one foe put to sleep\n|rule|Mega Rayquaza Clause: You cannot mega evolve Rayquaza\n|clearpoke\n|poke|p1|Pheromosa|\n|poke|p1|Giratina|\n|poke|p1|Ditto|\n|poke|p1|Ribombee, F|\n|poke|p1|Magnezone|\n|poke|p1|Mawile, M|\n|poke|p2|Quagsire, F|\n|poke|p2|Basculegion, M|\n|poke|p2|Clodsire, M|\n|poke|p2|Mewtwo|\n|poke|p2|Ribombee, M|\n|poke|p2|Deoxys-Speed|\n|teampreview\n|\n|t:|1700692676\n|start\n|switch|p1a: Ribombee|Ribombee, F, shiny|100\/100\n|switch|p2a: Deoxys|Deoxys-Speed|100\/100\n|-ability|p2a: Deoxys|Pressure\n|turn|1\n|\n|t:|1700692685\n|switch|p1a: Giratina|Giratina, shiny|100\/100\n|-ability|p1a: Giratina|Pressure\n|move|p2a: Deoxys|Taunt|p1a: Giratina\n|-start|p1a: Giratina|move: Taunt\n|\n|upkeep\n|turn|2\n|\n|t:|1700692696\n|switch|p1a: Ditto|Ditto, shiny|100\/100\n|-transform|p1a: Ditto|p2a: Deoxys|[from] ability: Imposter\n|-ability|p1a: Ditto|Pressure\n|move|p2a: Deoxys|Toxic|p1a: Ditto\n|-status|p1a: Ditto|tox\n|\n|-damage|p1a: Ditto|94\/100 tox|[from] psn\n|upkeep\n|turn|3\n|\n|t:|1700692709\n|move|p1a: Ditto|Stealth Rock|p2a: Deoxys\n|-sidestart|p2: YellowTreeOfSorrow|move: Stealth Rock\n|move|p2a: Deoxys|Stealth Rock|p1a: Ditto\n|-sidestart|p1: Elixsmokezzdem|move: Stealth Rock\n|\n|-damage|p1a: Ditto|82\/100 tox|[from] psn\n|upkeep\n|turn|4\n|\n|t:|1700692738\n|switch|p1a: Magnezone|Magnezone, shiny|100\/100\n|-damage|p1a: Magnezone|94\/100|[from] Stealth Rock\n|switch|p2a: Ribombee|Ribombee, M|100\/100\n|-damage|p2a: Ribombee|76\/100|[from] Stealth Rock\n|\n|upkeep\n|turn|5\n|\n|t:|1700692750\n|-terastallize|p1a: Magnezone|Electric\n|move|p2a: Ribombee|Sticky Web|p1a: Magnezone\n|-sidestart|p1: Elixsmokezzdem|move: Sticky Web\n|move|p1a: Magnezone|Flash Cannon|p2a: Ribombee\n|-supereffective|p2a: Ribombee\n|-damage|p2a: Ribombee|0 fnt\n|faint|p2a: Ribombee\n|\n|upkeep\n|\n|t:|1700692758\n|switch|p2a: Mewtwo|Mewtwo|100\/100\n|-damage|p2a: Mewtwo|88\/100|[from] Stealth Rock\n|-ability|p2a: Mewtwo|Pressure\n|turn|6\n|\n|t:|1700692765\n|detailschange|p2a: Mewtwo|Mewtwo-Mega-X\n|-mega|p2a: Mewtwo|Mewtwo|Mewtwonite X\n|move|p2a: Mewtwo|Earthquake|p1a: Magnezone\n|-supereffective|p1a: Magnezone\n|-damage|p1a: Magnezone|0 fnt\n|faint|p1a: Magnezone\n|\n|upkeep\n|\n|t:|1700692778\n|switch|p1a: Giratina|Giratina, shiny|100\/100\n|-damage|p1a: Giratina|88\/100|[from] Stealth Rock\n|-activate|p1a: Giratina|move: Sticky Web\n|-unboost|p1a: Giratina|spe|1\n|-ability|p1a: Giratina|Pressure\n|turn|7\n|\n|t:|1700692784\n|switch|p2a: Quagsire|Quagsire, F|100\/100\n|-damage|p2a: Quagsire|94\/100|[from] Stealth Rock\n|move|p1a: Giratina|Will-O-Wisp|p2a: Quagsire|[miss]\n|-miss|p1a: Giratina|p2a: Quagsire\n|\n|-heal|p1a: Giratina|94\/100|[from] item: Leftovers\n|-heal|p2a: Quagsire|100\/100|[from] item: Leftovers\n|upkeep\n|turn|8\n|\n|t:|1700692794\n|move|p1a: Giratina|Toxic|p2a: Quagsire\n|-status|p2a: Quagsire|tox\n|move|p2a: Quagsire|Toxic|p1a: Giratina\n|-status|p1a: Giratina|tox\n|\n|-heal|p1a: Giratina|99\/100 tox|[from] item: Leftovers\n|-damage|p1a: Giratina|94\/100 tox|[from] psn\n|-damage|p2a: Quagsire|94\/100 tox|[from] psn\n|upkeep\n|turn|9\n|\n|t:|1700692804\n|switch|p2a: Deoxys|Deoxys-Speed|100\/100\n|-damage|p2a: Deoxys|88\/100|[from] Stealth Rock\n|-ability|p2a: Deoxys|Pressure\n|move|p1a: Giratina|Defog|p2a: Deoxys\n|-unboost|p2a: Deoxys|evasion|1\n|-sideend|p2: YellowTreeOfSorrow|Stealth Rock|[from] move: Defog|[of] p1a: Giratina\n|-sideend|p1: Elixsmokezzdem|Stealth Rock|[from] move: Defog|[of] p1a: Giratina\n|-sideend|p1: Elixsmokezzdem|Sticky Web|[from] move: Defog|[of] p1a: Giratina\n|\n|-heal|p1a: Giratina|99\/100 tox|[from] item: Leftovers\n|-damage|p1a: Giratina|88\/100 tox|[from] psn\n|upkeep\n|turn|10\n|\n|t:|1700692818\n|switch|p1a: Mawile|Mawile, M, shiny|100\/100\n|move|p2a: Deoxys|Taunt|p1a: Mawile\n|-start|p1a: Mawile|move: Taunt\n|\n|upkeep\n|turn|11\n|\n|t:|1700692826\n|detailschange|p1a: Mawile|Mawile-Mega, M, shiny\n|-mega|p1a: Mawile|Mawile|Mawilite\n|move|p2a: Deoxys|Stealth Rock|p1a: Mawile\n|-sidestart|p1: Elixsmokezzdem|move: Stealth Rock\n|move|p1a: Mawile|Iron Head|p2a: Deoxys\n|-damage|p2a: Deoxys|0 fnt\n|faint|p2a: Deoxys\n|\n|upkeep\n|\n|t:|1700692834\n|switch|p2a: Quagsire|Quagsire, F|94\/100 tox\n|turn|12\n|\n|t:|1700692839\n|switch|p1a: Giratina|Giratina, shiny|88\/100 tox\n|-damage|p1a: Giratina|75\/100 tox|[from] Stealth Rock\n|-ability|p1a: Giratina|Pressure\n|move|p2a: Quagsire|Earthquake|p1a: Giratina\n|-damage|p1a: Giratina|60\/100 tox\n|\n|-heal|p1a: Giratina|66\/100 tox|[from] item: Leftovers\n|-heal|p2a: Quagsire|100\/100 tox|[from] item: Leftovers\n|-damage|p1a: Giratina|60\/100 tox|[from] psn\n|-damage|p2a: Quagsire|94\/100 tox|[from] psn\n|upkeep\n|turn|13\n|\n|t:|1700692852\n|move|p1a: Giratina|Defog|p2a: Quagsire\n|-unboost|p2a: Quagsire|evasion|1\n|-sideend|p1: Elixsmokezzdem|Stealth Rock|[from] move: Defog|[of] p1a: Giratina\n|move|p2a: Quagsire|Earthquake|p1a: Giratina\n|-damage|p1a: Giratina|46\/100 tox\n|\n|-heal|p1a: Giratina|52\/100 tox|[from] item: Leftovers\n|-heal|p2a: Quagsire|100\/100 tox|[from] item: Leftovers\n|-damage|p1a: Giratina|40\/100 tox|[from] psn\n|-damage|p2a: Quagsire|88\/100 tox|[from] psn\n|upkeep\n|turn|14\n|\n|t:|1700692864\n|switch|p2a: Clodsire|Clodsire, M|100\/100\n|move|p1a: Giratina|Rest|p1a: Giratina\n|-status|p1a: Giratina|slp|[from] move: Rest\n|-heal|p1a: Giratina|100\/100 slp|[silent]\n|\n|upkeep\n|turn|15\n|\n|t:|1700692878\n|switch|p1a: Ribombee|Ribombee, F, shiny|100\/100\n|move|p2a: Clodsire|Curse|p2a: Clodsire\n|-unboost|p2a: Clodsire|spe|1\n|-boost|p2a: Clodsire|atk|1\n|-boost|p2a: Clodsire|def|1\n|\n|upkeep\n|turn|16\n|\n|t:|1700692886\n|move|p1a: Ribombee|Sticky Web|p2a: Clodsire\n|-sidestart|p2: YellowTreeOfSorrow|move: Sticky Web\n|move|p2a: Clodsire|Toxic|p1a: Ribombee\n|-status|p1a: Ribombee|tox\n|\n|-damage|p1a: Ribombee|94\/100 tox|[from] psn\n|upkeep\n|turn|17\n|\n|t:|1700692894\n|-zpower|p1a: Ribombee\n|move|p1a: Ribombee|Twinkle Tackle|p2a: Clodsire|[zeffect]\n|-resisted|p2a: Clodsire\n|-damage|p2a: Clodsire|82\/100\n|move|p2a: Clodsire|Curse|p2a: Clodsire\n|-unboost|p2a: Clodsire|spe|1\n|-boost|p2a: Clodsire|atk|1\n|-boost|p2a: Clodsire|def|1\n|\n|-heal|p2a: Clodsire|88\/100|[from] item: Black Sludge\n|-damage|p1a: Ribombee|82\/100 tox|[from] psn\n|upkeep\n|turn|18\n|\n|t:|1700692911\n|move|p1a: Ribombee|Aromatherapy|p1a: Ribombee\n|-activate|p1a: Ribombee|move: Aromatherapy\n|-curestatus|p1a: Ribombee|tox|[msg]\n|-curestatus|p1: Giratina|slp|[msg]\n|-curestatus|p1: Ditto|tox|[msg]\n|move|p2a: Clodsire|Curse|p2a: Clodsire\n|-unboost|p2a: Clodsire|spe|1\n|-boost|p2a: Clodsire|atk|1\n|-boost|p2a: Clodsire|def|1\n|\n|-heal|p2a: Clodsire|94\/100|[from] item: Black Sludge\n|upkeep\n|turn|19\n|\n|t:|1700692928\n|move|p1a: Ribombee|Dazzling Gleam|p2a: Clodsire\n|-resisted|p2a: Clodsire\n|-damage|p2a: Clodsire|86\/100\n|move|p2a: Clodsire|Curse|p2a: Clodsire\n|-unboost|p2a: Clodsire|spe|1\n|-boost|p2a: Clodsire|atk|1\n|-boost|p2a: Clodsire|def|1\n|\n|-heal|p2a: Clodsire|92\/100|[from] item: Black Sludge\n|upkeep\n|turn|20\n|\n|t:|1700692940\n|move|p1a: Ribombee|Dazzling Gleam|p2a: Clodsire\n|-resisted|p2a: Clodsire\n|-damage|p2a: Clodsire|83\/100\n|move|p2a: Clodsire|Curse|p2a: Clodsire\n|-unboost|p2a: Clodsire|spe|1\n|-boost|p2a: Clodsire|atk|1\n|-boost|p2a: Clodsire|def|1\n|\n|-heal|p2a: Clodsire|89\/100|[from] item: Black Sludge\n|upkeep\n|turn|21\n|\n|t:|1700692951\n|move|p1a: Ribombee|Dazzling Gleam|p2a: Clodsire\n|-resisted|p2a: Clodsire\n|-damage|p2a: Clodsire|80\/100\n|move|p2a: Clodsire|Curse|p2a: Clodsire\n|-unboost|p2a: Clodsire|spe|1\n|-boost|p2a: Clodsire|atk|1\n|-boost|p2a: Clodsire|def|1\n|\n|-heal|p2a: Clodsire|86\/100|[from] item: Black Sludge\n|upkeep\n|turn|22\n|\n|t:|1700692961\n|switch|p1a: Ditto|Ditto, shiny|82\/100\n|-transform|p1a: Ditto|p2a: Clodsire|[from] ability: Imposter\n|move|p2a: Clodsire|Toxic|p1a: Ditto\n|-immune|p1a: Ditto\n|\n|-heal|p2a: Clodsire|92\/100|[from] item: Black Sludge\n|upkeep\n|turn|23\n|\n|t:|1700692971\n|move|p1a: Ditto|Earthquake|p2a: Clodsire\n|-supereffective|p2a: Clodsire\n|-damage|p2a: Clodsire|30\/100\n|move|p2a: Clodsire|Earthquake|p1a: Ditto\n|-supereffective|p1a: Ditto\n|-damage|p1a: Ditto|0 fnt\n|faint|p1a: Ditto\n|\n|-heal|p2a: Clodsire|36\/100|[from] item: Black Sludge\n|upkeep\n|\n|t:|1700692989\n|switch|p1a: Giratina|Giratina, shiny|100\/100\n|-ability|p1a: Giratina|Pressure\n|turn|24\n|\n|t:|1700692997\n|move|p1a: Giratina|Will-O-Wisp|p2a: Clodsire|[miss]\n|-miss|p1a: Giratina|p2a: Clodsire\n|move|p2a: Clodsire|Recover|p2a: Clodsire\n|-heal|p2a: Clodsire|86\/100\n|\n|-heal|p2a: Clodsire|93\/100|[from] item: Black Sludge\n|upkeep\n|turn|25\n|\n|t:|1700693005\n|move|p1a: Giratina|Will-O-Wisp|p2a: Clodsire\n|-status|p2a: Clodsire|brn\n|move|p2a: Clodsire|Earthquake|p1a: Giratina\n|-damage|p1a: Giratina|73\/100\n|\n|-heal|p1a: Giratina|79\/100|[from] item: Leftovers\n|-heal|p2a: Clodsire|99\/100 brn|[from] item: Black Sludge\n|-damage|p2a: Clodsire|93\/100 brn|[from] brn\n|upkeep\n|turn|26\n|\n|t:|1700693019\n|switch|p1a: Ribombee|Ribombee, F, shiny|82\/100\n|move|p2a: Clodsire|Toxic|p1a: Ribombee\n|-status|p1a: Ribombee|tox\n|\n|-heal|p2a: Clodsire|99\/100 brn|[from] item: Black Sludge\n|-damage|p1a: Ribombee|76\/100 tox|[from] psn\n|-damage|p2a: Clodsire|93\/100 brn|[from] brn\n|upkeep\n|turn|27\n|\n|t:|1700693034\n|move|p1a: Ribombee|Aromatherapy|p1a: Ribombee\n|-activate|p1a: Ribombee|move: Aromatherapy\n|-curestatus|p1a: Ribombee|tox|[msg]\n|move|p2a: Clodsire|Earthquake|p1a: Ribombee\n|-resisted|p1a: Ribombee\n|-damage|p1a: Ribombee|23\/100\n|\n|-heal|p2a: Clodsire|99\/100 brn|[from] item: Black Sludge\n|-damage|p2a: Clodsire|93\/100 brn|[from] brn\n|upkeep\n|turn|28\n|\n|t:|1700693045\n|move|p1a: Ribombee|Dazzling Gleam|p2a: Clodsire\n|-resisted|p2a: Clodsire\n|-damage|p2a: Clodsire|83\/100 brn\n|move|p2a: Clodsire|Earthquake|p1a: Ribombee\n|-resisted|p1a: Ribombee\n|-damage|p1a: Ribombee|0 fnt\n|faint|p1a: Ribombee\n|\n|-heal|p2a: Clodsire|90\/100 brn|[from] item: Black Sludge\n|-damage|p2a: Clodsire|83\/100 brn|[from] brn\n|upkeep\n|\n|t:|1700693056\n|switch|p1a: Mawile|Mawile-Mega, M, shiny|100\/100\n|turn|29\n|\n|t:|1700693060\n|move|p1a: Mawile|Swords Dance|p1a: Mawile\n|-boost|p1a: Mawile|atk|2\n|move|p2a: Clodsire|Earthquake|p1a: Mawile\n|-supereffective|p1a: Mawile\n|-damage|p1a: Mawile|0 fnt\n|faint|p1a: Mawile\n|\n|-heal|p2a: Clodsire|90\/100 brn|[from] item: Black Sludge\n|-damage|p2a: Clodsire|83\/100 brn|[from] brn\n|upkeep\n|\n|t:|1700693071\n|switch|p1a: Pheromosa|Pheromosa, shiny|100\/100\n|turn|30\n|\n|t:|1700693074\n|move|p1a: Pheromosa|Close Combat|p2a: Clodsire\n|-resisted|p2a: Clodsire\n|-damage|p2a: Clodsire|69\/100 brn\n|-unboost|p1a: Pheromosa|def|1\n|-unboost|p1a: Pheromosa|spd|1\n|move|p2a: Clodsire|Earthquake|p1a: Pheromosa\n|-resisted|p1a: Pheromosa\n|-damage|p1a: Pheromosa|31\/100\n|\n|-heal|p2a: Clodsire|75\/100 brn|[from] item: Black Sludge\n|-damage|p2a: Clodsire|69\/100 brn|[from] brn\n|upkeep\n|turn|31\n|-message|Elixsmokezzdem forfeited.\n|\n|win|YellowTreeOfSorrow\n|raw|Elixsmokezzdem's rating: 1138 &rarr; <strong>1123<\/strong><br \/>(-15 for losing)\n|raw|YellowTreeOfSorrow's rating: 1289 &rarr; <strong>1304<\/strong><br \/>(+15 for winning)\n|l|\u2606Elixsmokezzdem\n","uploadtime":1700693088,"views":2,"p1id":"elixsmokezzdem","p2id":"yellowtreeofsorrow","formatid":"gen9nationaldexubers","rating":1123,"private":0,"password":""}