{"id":"gen9nationaldexubers-1989704746","p1":"yohisup","p2":"eslogann","format":"[Gen 9] National Dex Ubers","log":"|j|\u203dyohisup\n|j|\u2606eslogann\n|t:|1699888537\n|gametype|singles\n|player|p1|yohisup|169|1139\n|player|p2|eslogann|veteran|1254\n|teamsize|p1|6\n|teamsize|p2|6\n|gen|9\n|tier|[Gen 9] National Dex Ubers\n|rated|\n|rule|HP Percentage Mod: HP is shown in percentages\n|rule|Endless Battle Clause: Forcing endless battles is banned\n|rule|OHKO Clause: OHKO moves are banned\n|rule|Evasion Moves Clause: Evasion moves are banned\n|rule|Evasion Items Clause: Evasion items are banned\n|rule|Species Clause: Limit one of each Pok\u00e9mon\n|rule|Sleep Clause Mod: Limit one foe put to sleep\n|rule|Mega Rayquaza Clause: You cannot mega evolve Rayquaza\n|clearpoke\n|poke|p1|Mewtwo|\n|poke|p1|Aegislash, F|\n|poke|p1|Lopunny, F|\n|poke|p1|Keldeo-Resolute|\n|poke|p1|Durant, M|\n|poke|p1|Dugtrio, F|\n|poke|p2|Excadrill, F|\n|poke|p2|Raikou|\n|poke|p2|Snorlax, F|\n|poke|p2|Aegislash, M|\n|poke|p2|Rayquaza|\n|poke|p2|Lucario, F|\n|teampreview\n|inactive|Battle timer is ON: inactive players will automatically lose when time's up. (requested by eslogann)\n|inactive|yohisup also wants the timer to be on.\n|\n|t:|1699888544\n|start\n|switch|p1a: Durant|Durant, M|100\/100\n|switch|p2a: Excadrill|Excadrill, F, shiny|100\/100\n|-ability|p2a: Excadrill|Mold Breaker\n|turn|1\n|\n|t:|1699888551\n|move|p1a: Durant|Entrainment|p2a: Excadrill\n|-endability|p2a: Excadrill|Mold Breaker|[from] move: Entrainment\n|-ability|p2a: Excadrill|Truant|[from] move: Entrainment\n|move|p2a: Excadrill|Stealth Rock|p1a: Durant\n|-sidestart|p1: yohisup|move: Stealth Rock\n|\n|upkeep\n|turn|2\n|\n|t:|1699888565\n|switch|p2a: Raikou|Raikou, shiny|100\/100\n|cant|p1a: Durant|ability: Truant\n|\n|upkeep\n|turn|3\n|\n|t:|1699888573\n|move|p2a: Raikou|Volt Switch|p1a: Durant\n|-damage|p1a: Durant|46\/100\n|-enditem|p1a: Durant|Eject Button\n|\n|t:|1699888579\n|switch|p1a: Dugtrio|Dugtrio, F|100\/100\n|-damage|p1a: Dugtrio|94\/100|[from] Stealth Rock\n|\n|upkeep\n|turn|4\n|\n|t:|1699888593\n|move|p2a: Raikou|Volt Switch|p1a: Dugtrio\n|-immune|p1a: Dugtrio\n|move|p1a: Dugtrio|Rock Slide|p2a: Raikou\n|-damage|p2a: Raikou|71\/100\n|\n|upkeep\n|turn|5\n|\n|t:|1699888601\n|move|p2a: Raikou|Volt Switch|p1a: Dugtrio\n|-immune|p1a: Dugtrio\n|move|p1a: Dugtrio|Earthquake|p2a: Raikou\n|-supereffective|p2a: Raikou\n|-damage|p2a: Raikou|0 fnt\n|faint|p2a: Raikou\n|\n|upkeep\n|\n|t:|1699888611\n|switch|p2a: Snorlax|Snorlax, F, shiny|100\/100\n|turn|6\n|\n|t:|1699888617\n|move|p1a: Dugtrio|Hone Claws|p1a: Dugtrio\n|-boost|p1a: Dugtrio|atk|1\n|-boost|p1a: Dugtrio|accuracy|1\n|move|p2a: Snorlax|Toxic|p1a: Dugtrio\n|-status|p1a: Dugtrio|tox\n|\n|-damage|p1a: Dugtrio|88\/100 tox|[from] psn\n|upkeep\n|turn|7\n|\n|t:|1699888626\n|move|p1a: Dugtrio|Earthquake|p2a: Snorlax\n|-damage|p2a: Snorlax|35\/100\n|move|p2a: Snorlax|Curse|p2a: Snorlax\n|-unboost|p2a: Snorlax|spe|1\n|-boost|p2a: Snorlax|atk|1\n|-boost|p2a: Snorlax|def|1\n|\n|-heal|p2a: Snorlax|41\/100|[from] item: Leftovers\n|-damage|p1a: Dugtrio|76\/100 tox|[from] psn\n|upkeep\n|turn|8\n|\n|t:|1699888636\n|move|p1a: Dugtrio|Earthquake|p2a: Snorlax\n|-damage|p2a: Snorlax|0 fnt\n|faint|p2a: Snorlax\n|\n|-damage|p1a: Dugtrio|57\/100 tox|[from] psn\n|upkeep\n|\n|t:|1699888650\n|switch|p2a: Rayquaza|Rayquaza, shiny|100\/100\n|-ability|p2a: Rayquaza|Air Lock\n|turn|9\n|\n|t:|1699888658\n|-terastallize|p2a: Rayquaza|Water\n|move|p1a: Dugtrio|Rock Slide|p2a: Rayquaza\n|-damage|p2a: Rayquaza|64\/100\n|move|p2a: Rayquaza|Dragon Dance|p2a: Rayquaza\n|-boost|p2a: Rayquaza|atk|1\n|-boost|p2a: Rayquaza|spe|1\n|\n|-damage|p1a: Dugtrio|33\/100 tox|[from] psn\n|upkeep\n|turn|10\n|\n|t:|1699888670\n|move|p2a: Rayquaza|Waterfall|p1a: Dugtrio\n|-supereffective|p1a: Dugtrio\n|-damage|p1a: Dugtrio|0 fnt\n|faint|p1a: Dugtrio\n|\n|upkeep\n|\n|t:|1699888686\n|switch|p1a: Durant|Durant, M|46\/100\n|-damage|p1a: Durant|34\/100|[from] Stealth Rock\n|turn|11\n|\n|t:|1699888691\n|move|p1a: Durant|First Impression|p2a: Rayquaza\n|-damage|p2a: Rayquaza|29\/100\n|move|p2a: Rayquaza|Waterfall|p1a: Durant\n|-damage|p1a: Durant|0 fnt\n|faint|p1a: Durant\n|\n|upkeep\n|\n|t:|1699888697\n|switch|p1a: Aegislash|Aegislash, F|100\/100\n|-damage|p1a: Aegislash|94\/100|[from] Stealth Rock\n|turn|12\n|\n|t:|1699888706\n|move|p1a: Aegislash|King's Shield|p1a: Aegislash\n|-singleturn|p1a: Aegislash|Protect\n|move|p2a: Rayquaza|Waterfall|p1a: Aegislash\n|-activate|p1a: Aegislash|move: Protect\n|-unboost|p2a: Rayquaza|atk|1\n|\n|upkeep\n|turn|13\n|\n|t:|1699888712\n|move|p2a: Rayquaza|Waterfall|p1a: Aegislash\n|-damage|p1a: Aegislash|51\/100\n|-formechange|p1a: Aegislash|Aegislash-Blade||[from] ability: Stance Change\n|move|p1a: Aegislash|Shadow Claw|p2a: Rayquaza\n|-damage|p2a: Rayquaza|0 fnt\n|faint|p2a: Rayquaza\n|\n|upkeep\n|\n|t:|1699888721\n|switch|p2a: Excadrill|Excadrill, F, shiny|100\/100\n|-ability|p2a: Excadrill|Mold Breaker\n|turn|14\n|\n|t:|1699888726\n|-formechange|p1a: Aegislash|Aegislash||[from] ability: Stance Change\n|move|p1a: Aegislash|King's Shield|p1a: Aegislash\n|-singleturn|p1a: Aegislash|Protect\n|move|p2a: Excadrill|Earthquake|p1a: Aegislash\n|-activate|p1a: Aegislash|move: Protect\n|\n|upkeep\n|turn|15\n|\n|t:|1699888734\n|move|p2a: Excadrill|Earthquake|p1a: Aegislash\n|-supereffective|p1a: Aegislash\n|-damage|p1a: Aegislash|0 fnt\n|faint|p1a: Aegislash\n|\n|upkeep\n|\n|t:|1699888740\n|switch|p1a: Keldeo|Keldeo-Resolute|100\/100\n|turn|16\n|\n|t:|1699888752\n|move|p2a: Excadrill|Rapid Spin|p1a: Keldeo\n|-damage|p1a: Keldeo|82\/100\n|-boost|p2a: Excadrill|spe|1\n|move|p1a: Keldeo|Scald|p2a: Excadrill\n|-supereffective|p2a: Excadrill\n|-enditem|p2a: Excadrill|Focus Sash\n|-damage|p2a: Excadrill|1\/100\n|\n|upkeep\n|turn|17\n|\n|t:|1699888764\n|move|p2a: Excadrill|Earthquake|p1a: Keldeo\n|-damage|p1a: Keldeo|25\/100\n|move|p1a: Keldeo|Secret Sword|p2a: Excadrill\n|-supereffective|p2a: Excadrill\n|-damage|p2a: Excadrill|0 fnt\n|faint|p2a: Excadrill\n|\n|upkeep\n|\n|t:|1699888772\n|switch|p2a: Lucario|Lucario, F, shiny|100\/100\n|turn|18\n|\n|t:|1699888781\n|detailschange|p2a: Lucario|Lucario-Mega, F, shiny\n|-mega|p2a: Lucario|Lucario|Lucarionite\n|-terastallize|p1a: Keldeo|Water\n|move|p2a: Lucario|Vacuum Wave|p1a: Keldeo\n|-damage|p1a: Keldeo|0 fnt\n|faint|p1a: Keldeo\n|\n|upkeep\n|\n|t:|1699888788\n|switch|p1a: Lopunny|Lopunny, F|100\/100\n|-damage|p1a: Lopunny|88\/100|[from] Stealth Rock\n|turn|19\n|\n|t:|1699888795\n|detailschange|p1a: Lopunny|Lopunny-Mega, F\n|-mega|p1a: Lopunny|Lopunny|Lopunnite\n|move|p1a: Lopunny|Fake Out|p2a: Lucario\n|-resisted|p2a: Lucario\n|-damage|p2a: Lucario|83\/100\n|cant|p2a: Lucario|flinch\n|\n|upkeep\n|turn|20\n|\n|t:|1699888802\n|move|p2a: Lucario|Vacuum Wave|p1a: Lopunny\n|-supereffective|p1a: Lopunny\n|-damage|p1a: Lopunny|13\/100\n|move|p1a: Lopunny|Close Combat|p2a: Lucario\n|-supereffective|p2a: Lucario\n|-damage|p2a: Lucario|0 fnt\n|-unboost|p1a: Lopunny|def|1\n|-unboost|p1a: Lopunny|spd|1\n|faint|p2a: Lucario\n|\n|upkeep\n|\n|t:|1699888808\n|switch|p2a: Aegislash|Aegislash, M, shiny|100\/100\n|turn|21\n|\n|t:|1699888814\n|move|p2a: Aegislash|King's Shield|p2a: Aegislash\n|-singleturn|p2a: Aegislash|Protect\n|move|p1a: Lopunny|Triple Axel|p2a: Aegislash\n|-activate|p2a: Aegislash|move: Protect\n|-unboost|p1a: Lopunny|atk|1\n|\n|upkeep\n|turn|22\n|\n|t:|1699888824\n|switch|p1a: Mewtwo|Mewtwo|100\/100\n|-damage|p1a: Mewtwo|88\/100|[from] Stealth Rock\n|-ability|p1a: Mewtwo|Pressure\n|-formechange|p2a: Aegislash|Aegislash-Blade||[from] ability: Stance Change\n|move|p2a: Aegislash|Flash Cannon|p1a: Mewtwo\n|-damage|p1a: Mewtwo|46\/100\n|-damage|p2a: Aegislash|91\/100|[from] item: Life Orb\n|\n|upkeep\n|turn|23\n|\n|t:|1699888838\n|-formechange|p2a: Aegislash|Aegislash||[from] ability: Stance Change\n|move|p2a: Aegislash|King's Shield|p2a: Aegislash\n|-singleturn|p2a: Aegislash|Protect\n|move|p1a: Mewtwo|Dark Pulse|p2a: Aegislash\n|-activate|p2a: Aegislash|move: Protect\n|\n|upkeep\n|turn|24\n|\n|t:|1699888855\n|move|p1a: Mewtwo|Dark Pulse|p2a: Aegislash\n|-supereffective|p2a: Aegislash\n|-damage|p2a: Aegislash|40\/100\n|-formechange|p2a: Aegislash|Aegislash-Blade||[from] ability: Stance Change\n|move|p2a: Aegislash|Flash Cannon|p1a: Mewtwo\n|-damage|p1a: Mewtwo|4\/100\n|-damage|p2a: Aegislash|30\/100|[from] item: Life Orb\n|\n|upkeep\n|turn|25\n|\n|t:|1699888864\n|-formechange|p2a: Aegislash|Aegislash||[from] ability: Stance Change\n|move|p2a: Aegislash|King's Shield|p2a: Aegislash\n|-singleturn|p2a: Aegislash|Protect\n|move|p1a: Mewtwo|Psystrike|p2a: Aegislash\n|-activate|p2a: Aegislash|move: Protect\n|\n|upkeep\n|turn|26\n|\n|t:|1699888872\n|move|p1a: Mewtwo|Psystrike|p2a: Aegislash\n|-resisted|p2a: Aegislash\n|-damage|p2a: Aegislash|5\/100\n|-formechange|p2a: Aegislash|Aegislash-Blade||[from] ability: Stance Change\n|move|p2a: Aegislash|Flash Cannon|p1a: Mewtwo\n|-damage|p1a: Mewtwo|0 fnt\n|faint|p1a: Mewtwo\n|-damage|p2a: Aegislash|0 fnt|[from] item: Life Orb\n|faint|p2a: Aegislash\n|\n|win|yohisup\n|raw|yohisup's rating: 1139 &rarr; <strong>1172<\/strong><br \/>(+33 for winning)\n|raw|eslogann's rating: 1254 &rarr; <strong>1221<\/strong><br \/>(-33 for losing)\n|l|\u2606eslogann\n","uploadtime":1699888895,"views":5,"p1id":"yohisup","p2id":"eslogann","formatid":"gen9nationaldexubers","rating":1172,"private":0,"password":""}