{"id":"gen9nationaldexubers-1995623273","p1":"Reality_Check56","p2":"The power of ROCK","format":"[Gen 9] National Dex Ubers","log":"|j|\u2606Reality_Check56\n|j|\u2606The power of ROCK\n|t:|1700588411\n|gametype|singles\n|player|p1|Reality_Check56|cogita|\n|player|p2|The power of ROCK|roark|\n|teamsize|p1|6\n|teamsize|p2|6\n|gen|9\n|tier|[Gen 9] National Dex Ubers\n|rule|HP Percentage Mod: HP is shown in percentages\n|rule|Endless Battle Clause: Forcing endless battles is banned\n|rule|OHKO Clause: OHKO moves are banned\n|rule|Evasion Moves Clause: Evasion moves are banned\n|rule|Evasion Items Clause: Evasion items are banned\n|rule|Species Clause: Limit one of each Pok\u00e9mon\n|rule|Sleep Clause Mod: Limit one foe put to sleep\n|rule|Mega Rayquaza Clause: You cannot mega evolve Rayquaza\n|clearpoke\n|poke|p1|Giratina|\n|poke|p1|Dondozo, F|\n|poke|p1|Chansey, F|\n|poke|p1|Tyranitar, M|\n|poke|p1|Ho-Oh|\n|poke|p1|Mewtwo|\n|poke|p2|Tyranitar, M|\n|poke|p2|Garganacl, F|\n|poke|p2|Aggron, M|\n|poke|p2|Cradily, F|\n|poke|p2|Arceus-Rock|\n|poke|p2|Glimmora, M|\n|teampreview\n|c|\u2606Reality_Check56|glhf\n|c|\u2606The power of ROCK|Welcome to the ROCK gym\n|c|\u2606Reality_Check56|bla blah blah\n|\n|t:|1700588456\n|start\n|switch|p1a: No More Stallin|Tyranitar, M|100\/100\n|switch|p2a: Cradily|Cradily, F|100\/100\n|-weather|Sandstorm|[from] ability: Sand Stream|[of] p1a: No More Stallin\n|turn|1\n|j| RedHoodKat\n|\n|t:|1700588480\n|detailschange|p1a: No More Stallin|Tyranitar-Mega, M\n|-mega|p1a: No More Stallin|Tyranitar|Tyranitarite\n|move|p1a: No More Stallin|Stealth Rock|p2a: Cradily\n|-sidestart|p2: The power of ROCK|move: Stealth Rock\n|move|p2a: Cradily|Toxic|p1a: No More Stallin\n|-status|p1a: No More Stallin|tox\n|\n|-weather|Sandstorm|[upkeep]\n|-damage|p1a: No More Stallin|94\/100 tox|[from] psn\n|upkeep\n|turn|2\n|\n|t:|1700588497\n|switch|p1a: Meh|Ho-Oh|100\/100\n|move|p2a: Cradily|Leech Seed|p1a: Meh\n|-start|p1a: Meh|move: Leech Seed\n|\n|-weather|Sandstorm|[upkeep]\n|-damage|p1a: Meh|94\/100|[from] Sandstorm\n|-damage|p1a: Meh|82\/100|[from] Leech Seed|[of] p2a: Cradily\n|upkeep\n|turn|3\n|c| RedHoodKat|GO REALITY\n|c| RedHoodKat|IF I COULD WIN YOU CAN TOO\n|\n|t:|1700588519\n|switch|p2a: Glimmora|Glimmora, M|100\/100\n|-damage|p2a: Glimmora|88\/100|[from] Stealth Rock\n|move|p1a: Meh|Whirlwind|p2a: Glimmora\n|drag|p2a: Arceus|Arceus-Rock|100\/100\n|-damage|p2a: Arceus|88\/100|[from] Stealth Rock\n|\n|-weather|Sandstorm|[upkeep]\n|-damage|p1a: Meh|76\/100|[from] Sandstorm\n|-damage|p1a: Meh|64\/100|[from] Leech Seed|[of] p2a: Arceus\n|-heal|p2a: Arceus|100\/100|[silent]\n|upkeep\n|turn|4\n|c|\u2606Reality_Check56|i know\n|j| D\u2192luxe\n|\n|t:|1700588545\n|switch|p1a: U be Unaware|Dondozo, F|100\/100\n|move|p2a: Arceus|Whirlpool|p1a: U be Unaware\n|-resisted|p1a: U be Unaware\n|-damage|p1a: U be Unaware|96\/100\n|-activate|p1a: U be Unaware|move: Whirlpool|[of] p2a: Arceus\n|\n|-weather|Sandstorm|[upkeep]\n|-damage|p1a: U be Unaware|90\/100|[from] Sandstorm\n|-heal|p1a: U be Unaware|96\/100|[from] item: Leftovers\n|-damage|p1a: U be Unaware|84\/100|[from] move: Whirlpool|[partiallytrapped]\n|upkeep\n|turn|5\n|\n|t:|1700588556\n|move|p2a: Arceus|Perish Song|p2a: Arceus\n|-start|p1a: U be Unaware|perish3|[silent]\n|-start|p2a: Arceus|perish3|[silent]\n|-fieldactivate|move: Perish Song\n|move|p1a: U be Unaware|Avalanche|p2a: Arceus\n|-damage|p2a: Arceus|91\/100\n|\n|-weather|none\n|-heal|p1a: U be Unaware|90\/100|[from] item: Leftovers\n|-damage|p1a: U be Unaware|77\/100|[from] move: Whirlpool|[partiallytrapped]\n|-start|p2a: Arceus|perish3\n|-start|p1a: U be Unaware|perish3\n|upkeep\n|turn|6\n|n| RedHoodKat|redhoodkat\n|n| RedHoodKat|redhoodkat\n|n| RedHoodKat|redhoodkat\n|\n|t:|1700588598\n|move|p2a: Arceus|Whirlpool|p1a: U be Unaware\n|-resisted|p1a: U be Unaware\n|-damage|p1a: U be Unaware|73\/100\n|move|p1a: U be Unaware|Liquidation|p2a: Arceus\n|-supereffective|p2a: Arceus\n|-damage|p2a: Arceus|51\/100\n|\n|-heal|p1a: U be Unaware|79\/100|[from] item: Leftovers\n|-damage|p1a: U be Unaware|67\/100|[from] move: Whirlpool|[partiallytrapped]\n|-start|p2a: Arceus|perish2\n|-start|p1a: U be Unaware|perish2\n|upkeep\n|turn|7\n|-message|Reality_Check56 forfeited.\n|\n|win|The power of ROCK\n|l|\u2606Reality_Check56\n|l| RedHoodKat\n|l|\u2606The power of ROCK\n|j|\u2606Reality_Check56\n|player|p1|Reality_Check56|cogita\n|l|\u2606Reality_Check56\n|player|p1|\n","uploadtime":1700588644,"views":0,"p1id":"realitycheck56","p2id":"thepowerofrock","formatid":"gen9nationaldexubers","rating":0,"private":0,"password":""}