{"id":"gen9nationaldexubers-1996227527","p1":"Ginesect","p2":"AlolanSandslashOU","format":"[Gen 9] National Dex Ubers","log":"|j|\u2606Ginesect\n|j|\u2606AlolanSandslashOU\n|t:|1700661537\n|gametype|singles\n|player|p1|Ginesect|cynthia|\n|player|p2|AlolanSandslashOU|volkner|\n|teamsize|p1|6\n|teamsize|p2|6\n|gen|9\n|tier|[Gen 9] National Dex Ubers\n|rule|HP Percentage Mod: HP is shown in percentages\n|rule|Endless Battle Clause: Forcing endless battles is banned\n|rule|OHKO Clause: OHKO moves are banned\n|rule|Evasion Moves Clause: Evasion moves are banned\n|rule|Evasion Items Clause: Evasion items are banned\n|rule|Species Clause: Limit one of each Pok\u00e9mon\n|rule|Sleep Clause Mod: Limit one foe put to sleep\n|rule|Mega Rayquaza Clause: You cannot mega evolve Rayquaza\n|clearpoke\n|poke|p1|Ninetales-Alola, F|\n|poke|p1|Baxcalibur, M|\n|poke|p1|Iron Bundle|\n|poke|p1|Sandslash-Alola, F|\n|poke|p1|Arctozolt|\n|poke|p1|Moltres|\n|poke|p2|Sneasler, F|\n|poke|p2|Greninja-*, M|\n|poke|p2|Zapdos|\n|poke|p2|Iron Moth|\n|poke|p2|Kartana|\n|poke|p2|Great Tusk|\n|teampreview\n|c|\u2606AlolanSandslashOU|Holy shit it\u2019s me\n|c|\u2606Ginesect|I brought u\n|c|\u2606Ginesect|To face u\n|c|\u2606Ginesect|Lol\n|c|\u2606AlolanSandslashOU|why does half my team get fucked by ice types\n|c|\u2606AlolanSandslashOU|this was not a good decision\n|c|\u2606Ginesect|Idk\n|\n|t:|1700661584\n|start\n|switch|p1a: Iron Bundle|Iron Bundle|100\/100\n|switch|p2a: Sneasler|Sneasler, F|100\/100\n|turn|1\n|\n|t:|1700661590\n|-end|p1a: Iron Bundle|Quark Drive|[silent]\n|switch|p1a: Moltres|Moltres|100\/100\n|move|p2a: Sneasler|U-turn|p1a: Moltres\n|-resisted|p1a: Moltres\n|-damage|p1a: Moltres|93\/100\n|-status|p1a: Moltres|psn|[from] ability: Poison Touch|[of] p2a: Sneasler\n|\n|t:|1700661594\n|switch|p2a: Zapdos|Zapdos|100\/100|[from] U-turn\n|\n|-damage|p1a: Moltres|80\/100 psn|[from] psn\n|upkeep\n|turn|2\n|c|\u2606Ginesect|Insane.\n|c|\u2606AlolanSandslashOU|My fiery friend\n|\n|t:|1700661604\n|switch|p1a: Ninetales|Ninetales-Alola, F|100\/100\n|-weather|Snow|[from] ability: Snow Warning|[of] p1a: Ninetales\n|move|p2a: Zapdos|Discharge|p1a: Ninetales\n|-damage|p1a: Ninetales|50\/100\n|-status|p1a: Ninetales|par\n|\n|-weather|Snow|[upkeep]\n|upkeep\n|turn|3\n|c|\u2606Ginesect|What the\n|c|\u2606Ginesect|Fuck\n|\n|t:|1700661622\n|switch|p1a: Arctozolt|Arctozolt|100\/100\n|move|p2a: Zapdos|Discharge|p1a: Arctozolt\n|-resisted|p1a: Arctozolt\n|-damage|p1a: Arctozolt|73\/100\n|\n|-weather|Snow|[upkeep]\n|upkeep\n|turn|4\n|\n|t:|1700661627\n|move|p1a: Arctozolt|Icicle Crash|p2a: Zapdos\n|-supereffective|p2a: Zapdos\n|-damage|p2a: Zapdos|0 fnt\n|faint|p2a: Zapdos\n|\n|-weather|Snow|[upkeep]\n|upkeep\n|\n|t:|1700661631\n|switch|p2a: Great Tusk|Great Tusk, shiny|100\/100\n|turn|5\n|\n|t:|1700661637\n|switch|p1a: Moltres|Moltres|80\/100 psn\n|move|p2a: Great Tusk|Knock Off|p1a: Moltres\n|-damage|p1a: Moltres|49\/100 psn\n|-status|p2a: Great Tusk|brn|[from] ability: Flame Body|[of] p1a: Moltres\n|-enditem|p1a: Moltres|Heavy-Duty Boots|[from] move: Knock Off|[of] p2a: Great Tusk\n|\n|-weather|Snow|[upkeep]\n|-damage|p1a: Moltres|37\/100 psn|[from] psn\n|-damage|p2a: Great Tusk|94\/100 brn|[from] brn\n|upkeep\n|turn|6\n|c|\u2606Ginesect|Yessss\n|c|\u2606AlolanSandslashOU|Feels bad man\n|\n|t:|1700661653\n|move|p1a: Moltres|Hurricane|p2a: Great Tusk|[miss]\n|-miss|p1a: Moltres|p2a: Great Tusk\n|move|p2a: Great Tusk|Rapid Spin|p1a: Moltres\n|-damage|p1a: Moltres|29\/100 psn\n|-boost|p2a: Great Tusk|spe|1\n|\n|-weather|Snow|[upkeep]\n|-damage|p1a: Moltres|16\/100 psn|[from] psn\n|-damage|p2a: Great Tusk|88\/100 brn|[from] brn\n|upkeep\n|turn|7\n|\n|t:|1700661664\n|move|p2a: Great Tusk|Knock Off|p1a: Moltres\n|-crit|p1a: Moltres\n|-damage|p1a: Moltres|0 fnt\n|faint|p1a: Moltres\n|\n|-weather|Snow|[upkeep]\n|-damage|p2a: Great Tusk|82\/100 brn|[from] brn\n|upkeep\n|\n|t:|1700661693\n|switch|p1a: Iron Bundle|Iron Bundle|100\/100\n|turn|8\n|\n|t:|1700661699\n|move|p1a: Iron Bundle|Ice Beam|p2a: Great Tusk\n|-supereffective|p2a: Great Tusk\n|-damage|p2a: Great Tusk|0 fnt\n|faint|p2a: Great Tusk\n|-end|p2a: Great Tusk|Protosynthesis|[silent]\n|\n|-weather|Snow|[upkeep]\n|upkeep\n|\n|t:|1700661704\n|switch|p2a: Iron Moth|Iron Moth, shiny|100\/100\n|-enditem|p2a: Iron Moth|Booster Energy\n|-activate|p2a: Iron Moth|ability: Quark Drive|[fromitem]\n|-start|p2a: Iron Moth|quarkdrivespe\n|turn|9\n|\n|t:|1700661709\n|-terastallize|p1a: Iron Bundle|Water\n|move|p2a: Iron Moth|Substitute|p2a: Iron Moth\n|-start|p2a: Iron Moth|Substitute\n|-damage|p2a: Iron Moth|76\/100\n|move|p1a: Iron Bundle|Hydro Pump|p2a: Iron Moth|[miss]\n|-miss|p1a: Iron Bundle|p2a: Iron Moth\n|\n|-weather|none\n|upkeep\n|turn|10\n|c|\u2606Ginesect|Bruh\n|\n|t:|1700661723\n|-terastallize|p2a: Iron Moth|Fire\n|move|p2a: Iron Moth|Fiery Dance|p1a: Iron Bundle\n|-resisted|p1a: Iron Bundle\n|-damage|p1a: Iron Bundle|45\/100\n|-boost|p2a: Iron Moth|spa|1\n|move|p1a: Iron Bundle|Hydro Pump|p2a: Iron Moth\n|-supereffective|p2a: Iron Moth\n|-end|p2a: Iron Moth|Substitute\n|\n|upkeep\n|turn|11\n|\n|t:|1700661732\n|move|p2a: Iron Moth|Substitute|p2a: Iron Moth\n|-start|p2a: Iron Moth|Substitute\n|-damage|p2a: Iron Moth|51\/100\n|move|p1a: Iron Bundle|Hydro Pump|p2a: Iron Moth\n|-supereffective|p2a: Iron Moth\n|-end|p2a: Iron Moth|Substitute\n|\n|upkeep\n|turn|12\n|\n|t:|1700661734\n|move|p2a: Iron Moth|Fiery Dance|p1a: Iron Bundle\n|-resisted|p1a: Iron Bundle\n|-damage|p1a: Iron Bundle|0 fnt\n|-boost|p2a: Iron Moth|spa|1\n|faint|p1a: Iron Bundle\n|-end|p1a: Iron Bundle|Quark Drive|[silent]\n|\n|upkeep\n|c|\u2606AlolanSandslashOU|I love damage\n|\n|t:|1700661748\n|switch|p1a: Sandslash|Sandslash-Alola, F|100\/100\n|turn|13\n|\n|t:|1700661752\n|move|p2a: Iron Moth|Fiery Dance|p1a: Sandslash\n|-supereffective|p1a: Sandslash\n|-enditem|p1a: Sandslash|Focus Sash\n|-damage|p1a: Sandslash|1\/100\n|move|p1a: Sandslash|Earthquake|p2a: Iron Moth\n|-supereffective|p2a: Iron Moth\n|-damage|p2a: Iron Moth|0 fnt\n|faint|p2a: Iron Moth\n|-end|p2a: Iron Moth|Quark Drive|[silent]\n|\n|upkeep\n|c|\u2606AlolanSandslashOU|What a bastard\n|\n|t:|1700661766\n|switch|p2a: Greninja|Greninja, M|100\/100\n|turn|14\n|c|\u2606Ginesect|Lol\n|\n|t:|1700661775\n|move|p2a: Greninja|Water Shuriken|p1a: Sandslash\n|-damage|p1a: Sandslash|0 fnt\n|faint|p1a: Sandslash\n|-ability|p2a: Greninja|Battle Bond|boost\n|-boost|p2a: Greninja|atk|1\n|-boost|p2a: Greninja|spa|1\n|-boost|p2a: Greninja|spe|1\n|-activate|p2a: Greninja|ability: Battle Bond\n|-hitcount|p1: Sandslash|1\n|-damage|p2a: Greninja|91\/100|[from] item: Life Orb\n|\n|upkeep\n|\n|t:|1700661780\n|switch|p1a: Ninetales|Ninetales-Alola, F|50\/100 par\n|-weather|Snow|[from] ability: Snow Warning|[of] p1a: Ninetales\n|turn|15\n|\n|t:|1700661788\n|move|p2a: Greninja|Surf|p1a: Ninetales\n|-damage|p1a: Ninetales|0 fnt\n|faint|p1a: Ninetales\n|-damage|p2a: Greninja|81\/100|[from] item: Life Orb\n|\n|-weather|Snow|[upkeep]\n|upkeep\n|\n|t:|1700661818\n|switch|p1a: Baxcalibur|Baxcalibur, M|100\/100\n|turn|16\n|\n|t:|1700661822\n|move|p2a: Greninja|Dark Pulse|p1a: Baxcalibur\n|-damage|p1a: Baxcalibur|24\/100\n|-damage|p2a: Greninja|71\/100|[from] item: Life Orb\n|move|p1a: Baxcalibur|Scale Shot|p2a: Greninja\n|-damage|p2a: Greninja|47\/100\n|-crit|p2a: Greninja\n|-damage|p2a: Greninja|11\/100\n|-damage|p2a: Greninja|0 fnt\n|faint|p2a: Greninja\n|-hitcount|p2: Greninja|3\n|-unboost|p1a: Baxcalibur|def|1\n|-boost|p1a: Baxcalibur|spe|1\n|\n|-weather|Snow|[upkeep]\n|upkeep\n|\n|t:|1700661826\n|switch|p2a: Kartana|Kartana, shiny|100\/100\n|turn|17\n|\n|t:|1700661834\n|move|p2a: Kartana|Sacred Sword|p1a: Baxcalibur\n|-supereffective|p1a: Baxcalibur\n|-damage|p1a: Baxcalibur|0 fnt\n|faint|p1a: Baxcalibur\n|-ability|p2a: Kartana|Beast Boost|boost\n|-boost|p2a: Kartana|atk|1\n|\n|-weather|Snow|[upkeep]\n|upkeep\n|c|\u2606Ginesect|Ofcourse it's scarf\n|c|\u2606AlolanSandslashOU|no shit it\u2019s scarf\n|c|\u2606Ginesect|That hpump miss\n|c|\u2606Ginesect|Cost me the matc\n|\n|t:|1700661865\n|switch|p1a: Arctozolt|Arctozolt|73\/100\n|turn|18\n|\n|t:|1700661868\n|move|p2a: Kartana|Sacred Sword|p1a: Arctozolt\n|-supereffective|p1a: Arctozolt\n|-damage|p1a: Arctozolt|0 fnt\n|faint|p1a: Arctozolt\n|\n|win|AlolanSandslashOU\n|c|\u2606AlolanSandslashOU|Bonk\n","uploadtime":1700661878,"views":1,"p1id":"ginesect","p2id":"alolansandslashou","formatid":"gen9nationaldexubers","rating":0,"private":0,"password":""}