{"id":"gen9nationaldexubers-1991487652","p1":"Rainer565","p2":"Xanvoir","format":"[Gen 9] National Dex Ubers","log":"|j|\u2606Rainer565\n|j|\u2606Xanvoir\n|t:|1700081465\n|gametype|singles\n|player|p1|Rainer565|1|\n|player|p2|Xanvoir|grimsley|\n|teamsize|p1|6\n|teamsize|p2|6\n|gen|9\n|tier|[Gen 9] National Dex Ubers\n|rule|HP Percentage Mod: HP is shown in percentages\n|rule|Endless Battle Clause: Forcing endless battles is banned\n|rule|OHKO Clause: OHKO moves are banned\n|rule|Evasion Moves Clause: Evasion moves are banned\n|rule|Evasion Items Clause: Evasion items are banned\n|rule|Species Clause: Limit one of each Pok\u00e9mon\n|rule|Sleep Clause Mod: Limit one foe put to sleep\n|rule|Mega Rayquaza Clause: You cannot mega evolve Rayquaza\n|clearpoke\n|poke|p1|Dracozolt|\n|poke|p1|Bellibolt, M|\n|poke|p1|Toxtricity, M|\n|poke|p1|Oricorio-Pom-Pom, M|\n|poke|p1|Sandy Shocks|\n|poke|p1|Tyranitar, F|\n|poke|p2|Sableye, M|\n|poke|p2|Weavile, F|\n|poke|p2|Mandibuzz, F|\n|poke|p2|Meowscarada, M|\n|poke|p2|Roaring Moon|\n|poke|p2|Kingambit, M|\n|teampreview\n|l|\u2606Xanvoir\n|player|p2|\n|j|\u2606Xanvoir\n|player|p2|Xanvoir|grimsley\n|j| CloysterEnjoyer\n|j| Wujuh\n|j| Rainer367\n|c|\u2606Rainer565|!weakness dark\n|c| Rainer565|\/raw <div class=\"infobox\">Dark:<br \/><span class=\"message-effect-weak\">Weaknesses<\/span>: Bug, Fairy, Fighting<br \/><span class=\"message-effect-resist\">Resistances<\/span>: Dark, Ghost<br \/><span class=\"message-effect-immune\">Immunities<\/span>: Psychic, Prankster<\/div>\n|c|\u2606Xanvoir|Aight\n|c|\u2606Rainer565|wait can i do double battle\n|c|\u2606Xanvoir|No bro\n|c|\u2606Xanvoir|lol\n|c|\u2606Rainer565|aw\n|\n|t:|1700081566\n|start\n|switch|p1a: Oricorio|Oricorio-Pom-Pom, M|100\/100\n|switch|p2a: Roaring Moon|Roaring Moon|100\/100\n|-enditem|p2a: Roaring Moon|Booster Energy\n|-activate|p2a: Roaring Moon|ability: Protosynthesis|[fromitem]\n|-start|p2a: Roaring Moon|protosynthesisspe\n|turn|1\n|c| CloysterEnjoyer|wait dark beats prankster??????\n|c|\u2606Xanvoir|Yes\n|c|\u2606Rainer565|!weakness roaring moon\n|c| Rainer565|\/raw <div class=\"infobox\">Roaring Moon (ignoring abilities):<br \/><span class=\"message-effect-weak\">Weaknesses<\/span>: Bug, Dragon, <b>Fairy<\/b>, Fighting, Ice<br \/><span class=\"message-effect-resist\">Resistances<\/span>: Dark, Electric, Fire, Ghost, Grass, Water<br \/><span class=\"message-effect-immune\">Immunities<\/span>: Psychic, Prankster<\/div>\n|\n|t:|1700081589\n|move|p2a: Roaring Moon|Dragon Dance|p2a: Roaring Moon\n|-boost|p2a: Roaring Moon|atk|1\n|-boost|p2a: Roaring Moon|spe|1\n|-activate|p1a: Oricorio|ability: Dancer\n|move|p1a: Oricorio|Dragon Dance|p1a: Oricorio|[from]ability: Dancer\n|-boost|p1a: Oricorio|atk|1\n|-boost|p1a: Oricorio|spe|1\n|move|p1a: Oricorio|Hurricane|p2a: Roaring Moon|[miss]\n|-miss|p1a: Oricorio|p2a: Roaring Moon\n|\n|upkeep\n|turn|2\n|c| CloysterEnjoyer|bro what\n|c|\u2606Rainer565|what\n|c| CloysterEnjoyer|wow\n|c|\u2606Xanvoir|Oricorio\u2019s dancer\n|c|\u2606Rainer565|noice\n|c| CloysterEnjoyer|thats a very specific ability\n|c|\u2606Xanvoir|but I don\u2019t care\n|\n|t:|1700081621\n|move|p2a: Roaring Moon|Dragon Claw|p1a: Oricorio\n|-damage|p1a: Oricorio|21\/100\n|move|p1a: Oricorio|Hurricane|p2a: Roaring Moon\n|-damage|p2a: Roaring Moon|67\/100\n|\n|upkeep\n|turn|3\n|c|\u2606Xanvoir|oricorio hits on the physical\n|\n|t:|1700081634\n|switch|p1a: Bellibolt|Bellibolt, M|100\/100\n|move|p2a: Roaring Moon|Dragon Claw|p1a: Bellibolt\n|-damage|p1a: Bellibolt|62\/100\n|-start|p1a: Bellibolt|Charge|Dragon Claw|[from] ability: Electromorphosis\n|\n|-heal|p1a: Bellibolt|68\/100|[from] item: Leftovers\n|upkeep\n|turn|4\n|\n|t:|1700081643\n|move|p2a: Roaring Moon|Earthquake|p1a: Bellibolt\n|-supereffective|p1a: Bellibolt\n|-crit|p1a: Bellibolt\n|-damage|p1a: Bellibolt|0 fnt\n|faint|p1a: Bellibolt\n|\n|upkeep\n|c| Rainer367|mg\n|c| Rainer367|omg\n|c|\u2606Xanvoir|Oof\n|\n|t:|1700081658\n|switch|p1a: Sandy Shocks|Sandy Shocks|100\/100\n|turn|5\n|\n|t:|1700081673\n|move|p2a: Roaring Moon|Earthquake|p1a: Sandy Shocks\n|-supereffective|p1a: Sandy Shocks\n|-damage|p1a: Sandy Shocks|0 fnt\n|faint|p1a: Sandy Shocks\n|-end|p1a: Sandy Shocks|Protosynthesis|[silent]\n|\n|upkeep\n|c| Rainer367|damn\n|\n|t:|1700081680\n|switch|p1a: Oricorio|Oricorio-Pom-Pom, M|21\/100\n|turn|6\n|c| Rainer367|Xan showing no mercu\n|c| Rainer367|mercy*\n|\n|t:|1700081686\n|move|p2a: Roaring Moon|Dragon Claw|p1a: Oricorio\n|-crit|p1a: Oricorio\n|-damage|p1a: Oricorio|0 fnt\n|faint|p1a: Oricorio\n|\n|upkeep\n|c|\u2606Xanvoir|Aha\n|c| Rainer367|I CANT TYPE BRO WTH\n|c|\u2606Rainer565|bruh\n|\n|t:|1700081693\n|switch|p1a: Toxtricity|Toxtricity, M|100\/100\n|turn|7\n|c| Rainer367|Xan just sweeping with Roaring Moon\n|\n|t:|1700081709\n|move|p2a: Roaring Moon|Earthquake|p1a: Toxtricity\n|-supereffective|p1a: Toxtricity\n|-damage|p1a: Toxtricity|0 fnt\n|faint|p1a: Toxtricity\n|\n|upkeep\n|\n|t:|1700081715\n|switch|p1a: Tyranitar|Tyranitar, F|100\/100\n|-weather|Sandstorm|[from] ability: Sand Stream|[of] p1a: Tyranitar\n|turn|8\n|c|\u2606Xanvoir|This is why you need to counter your weaknesses\n|\n|t:|1700081734\n|move|p2a: Roaring Moon|Dragon Dance|p2a: Roaring Moon\n|-boost|p2a: Roaring Moon|atk|1\n|-boost|p2a: Roaring Moon|spe|1\n|move|p1a: Tyranitar|Ice Punch|p2a: Roaring Moon\n|-supereffective|p2a: Roaring Moon\n|-damage|p2a: Roaring Moon|0 fnt\n|faint|p2a: Roaring Moon\n|-end|p2a: Roaring Moon|Protosynthesis|[silent]\n|\n|-weather|Sandstorm|[upkeep]\n|upkeep\n|c|\u2606Rainer565|ye so im dead\n|c|\u2606Xanvoir|Ah\n|c| CloysterEnjoyer|hey cashier you should get a types matchup web extension if you cant remember type matchups, they can be a bit iffy but they work\n|c|\u2606Xanvoir|missclicked\n|c|\u2606Rainer565|?\n|\n|t:|1700081751\n|switch|p2a: Sableye|Sableye, M|100\/100\n|turn|9\n|\n|t:|1700081768\n|switch|p1a: Dracozolt|Dracozolt|100\/100\n|detailschange|p2a: Sableye|Sableye-Mega, M\n|-mega|p2a: Sableye|Sableye|Sablenite\n|move|p2a: Sableye|Reflect|p2a: Sableye\n|-sidestart|p2: Xanvoir|Reflect\n|\n|-weather|Sandstorm|[upkeep]\n|-damage|p2a: Sableye|95\/100|[from] Sandstorm\n|upkeep\n|turn|10\n|\n|t:|1700081776\n|move|p1a: Dracozolt|Bolt Beak|p2a: Sableye\n|-damage|p2a: Sableye|41\/100\n|move|p2a: Sableye|Will-O-Wisp|p1a: Dracozolt\n|-status|p1a: Dracozolt|brn\n|\n|-weather|Sandstorm|[upkeep]\n|-damage|p2a: Sableye|35\/100|[from] Sandstorm\n|-damage|p1a: Dracozolt|94\/100 brn|[from] brn\n|upkeep\n|turn|11\n|\n|t:|1700081784\n|move|p1a: Dracozolt|Bolt Beak|p2a: Sableye\n|-damage|p2a: Sableye|5\/100\n|move|p2a: Sableye|Foul Play|p1a: Dracozolt\n|-crit|p1a: Dracozolt\n|-damage|p1a: Dracozolt|19\/100 brn\n|\n|-weather|Sandstorm|[upkeep]\n|-damage|p2a: Sableye|0 fnt|[from] Sandstorm\n|faint|p2a: Sableye\n|-damage|p1a: Dracozolt|13\/100 brn|[from] brn\n|upkeep\n|\n|t:|1700081787\n|switch|p2a: Weavile|Weavile, F|100\/100\n|-ability|p2a: Weavile|Pressure\n|turn|12\n|c| Rainer367|Interesting\n|c|\u2606Xanvoir|Gg\n|\n|t:|1700081800\n|move|p2a: Weavile|Ice Shard|p1a: Dracozolt\n|-supereffective|p1a: Dracozolt\n|-damage|p1a: Dracozolt|0 fnt\n|faint|p1a: Dracozolt\n|\n|-weather|none\n|upkeep\n|c|\u2606Rainer565|gg\n|c|\u2606Rainer565|rip\n|\n|t:|1700081809\n|switch|p1a: Tyranitar|Tyranitar, F|100\/100\n|-weather|Sandstorm|[from] ability: Sand Stream|[of] p1a: Tyranitar\n|turn|13\n|c|\u2606Xanvoir|Round 2 ?\n|c| Rainer367|Tera?\n|c|\u2606Xanvoir|Oh yeah wait\n|c|\u2606Xanvoir|forgot about him\n|c|\u2606Rainer565|!weakness weavile\n|c| Rainer565|\/raw <div class=\"infobox\">Weavile (ignoring abilities):<br \/><span class=\"message-effect-weak\">Weaknesses<\/span>: Bug, Fairy, <b>Fighting<\/b>, Fire, Rock, Steel<br \/><span class=\"message-effect-resist\">Resistances<\/span>: Dark, Ghost, Ice<br \/><span class=\"message-effect-immune\">Immunities<\/span>: Psychic, Frozen, Hail damage, Prankster<\/div>\n|\n|t:|1700081830\n|-terastallize|p2a: Weavile|Dark\n|-terastallize|p1a: Tyranitar|Electric\n|move|p2a: Weavile|Knock Off|p1a: Tyranitar\n|-damage|p1a: Tyranitar|50\/100\n|-enditem|p1a: Tyranitar|Assault Vest|[from] move: Knock Off|[of] p2a: Weavile\n|move|p1a: Tyranitar|Rock Blast|p2a: Weavile\n|-damage|p2a: Weavile|87\/100\n|-damage|p2a: Weavile|74\/100\n|-damage|p2a: Weavile|61\/100\n|-crit|p2a: Weavile\n|-damage|p2a: Weavile|22\/100\n|-hitcount|p2a: Weavile|4\n|\n|-weather|Sandstorm|[upkeep]\n|-damage|p2a: Weavile|16\/100|[from] Sandstorm\n|-damage|p1a: Tyranitar|44\/100|[from] Sandstorm\n|-sideend|p2: Xanvoir|Reflect\n|upkeep\n|turn|14\n|\n|t:|1700081848\n|move|p2a: Weavile|Triple Axel|p1a: Tyranitar\n|-damage|p1a: Tyranitar|37\/100\n|-damage|p1a: Tyranitar|21\/100\n|-damage|p1a: Tyranitar|0 fnt\n|faint|p1a: Tyranitar\n|-hitcount|p1: Tyranitar|3\n|\n|win|Xanvoir\n|c|\u2606Xanvoir|Gg\n|c| CloysterEnjoyer|ah\n|c|\u2606Rainer565|gg\n|c| Rainer367|gg\n","uploadtime":1700081856,"views":23,"p1id":"rainer565","p2id":"xanvoir","formatid":"gen9nationaldexubers","rating":0,"private":0,"password":""}