{"id":"gen9nationaldexubers-1980090195","p1":"babynogalXD","p2":"09-10a","format":"[Gen 9] National Dex Ubers","log":"|j|\u2606babynogalXD\n|j|\u260609-10a\n|t:|1698756230\n|gametype|singles\n|player|p1|babynogalXD|hilbert|1750\n|player|p2|09-10a|schoolkid-gen4dp|1833\n|teamsize|p1|6\n|teamsize|p2|6\n|gen|9\n|tier|[Gen 9] National Dex Ubers\n|rated|\n|rule|HP Percentage Mod: HP is shown in percentages\n|rule|Endless Battle Clause: Forcing endless battles is banned\n|rule|OHKO Clause: OHKO moves are banned\n|rule|Evasion Moves Clause: Evasion moves are banned\n|rule|Evasion Items Clause: Evasion items are banned\n|rule|Species Clause: Limit one of each Pok\u00e9mon\n|rule|Sleep Clause Mod: Limit one foe put to sleep\n|rule|Mega Rayquaza Clause: You cannot mega evolve Rayquaza\n|clearpoke\n|poke|p1|Ursaluna, F|\n|poke|p1|Calyrex-Ice|\n|poke|p1|Hatterene, F|\n|poke|p1|Lunala|\n|poke|p1|Groudon|\n|poke|p1|Magearna|\n|poke|p2|Eternatus|\n|poke|p2|Arceus-Fairy|\n|poke|p2|Necrozma-Dusk-Mane|\n|poke|p2|Groudon, L99|\n|poke|p2|Marshadow|\n|poke|p2|Zygarde|\n|teampreview\n|inactive|Battle timer is ON: inactive players will automatically lose when time's up. (requested by 09-10a)\n|inactive|babynogalXD has 120 seconds left.\n|\n|t:|1698756289\n|start\n|switch|p1a: Hatterene|Hatterene, F|100\/100\n|switch|p2a: Zygarde|Zygarde, shiny|100\/100\n|turn|1\n|\n|t:|1698756297\n|move|p2a: Zygarde|Substitute|p2a: Zygarde\n|-start|p2a: Zygarde|Substitute\n|-damage|p2a: Zygarde|76\/100\n|move|p1a: Hatterene|Trick Room|p1a: Hatterene\n|-fieldstart|move: Trick Room|[of] p1a: Hatterene\n|\n|-heal|p2a: Zygarde|82\/100|[from] item: Leftovers\n|upkeep\n|turn|2\n|\n|t:|1698756300\n|switch|p1a: Ursaluna|Ursaluna, F|100\/100\n|move|p2a: Zygarde|Substitute|p2a: Zygarde\n|-fail|p2a: Zygarde|move: Substitute\n|\n|-heal|p2a: Zygarde|88\/100|[from] item: Leftovers\n|-status|p1a: Ursaluna|brn|[from] item: Flame Orb\n|upkeep\n|turn|3\n|\n|t:|1698756306\n|move|p1a: Ursaluna|Facade|p2a: Zygarde\n|-end|p2a: Zygarde|Substitute\n|move|p2a: Zygarde|Substitute|p2a: Zygarde\n|-start|p2a: Zygarde|Substitute\n|-damage|p2a: Zygarde|63\/100\n|\n|-heal|p2a: Zygarde|69\/100|[from] item: Leftovers\n|-damage|p1a: Ursaluna|94\/100 brn|[from] brn\n|upkeep\n|turn|4\n|\n|t:|1698756310\n|move|p1a: Ursaluna|Facade|p2a: Zygarde\n|-end|p2a: Zygarde|Substitute\n|move|p2a: Zygarde|Substitute|p2a: Zygarde\n|-start|p2a: Zygarde|Substitute\n|-damage|p2a: Zygarde|44\/100\n|\n|-heal|p2a: Zygarde|50\/100|[from] item: Leftovers\n|-damage|p1a: Ursaluna|88\/100 brn|[from] brn\n|-activate|p2a: Zygarde|ability: Power Construct\n|detailschange|p2a: Zygarde|Zygarde-Complete, shiny\n|-heal|p2a: Zygarde|69\/100|[silent]\n|upkeep\n|turn|5\n|\n|t:|1698756313\n|move|p1a: Ursaluna|Facade|p2a: Zygarde\n|-crit|p2a: Zygarde\n|-end|p2a: Zygarde|Substitute\n|move|p2a: Zygarde|Dragon Tail|p1a: Ursaluna\n|-damage|p1a: Ursaluna|71\/100 brn\n|drag|p1a: Magearna|Magearna|100\/100\n|-item|p1a: Magearna|Air Balloon\n|\n|-heal|p2a: Zygarde|75\/100|[from] item: Leftovers\n|-fieldend|move: Trick Room\n|upkeep\n|turn|6\n|\n|t:|1698756323\n|move|p2a: Zygarde|Thousand Arrows|p1a: Magearna\n|-supereffective|p1a: Magearna\n|-damage|p1a: Magearna|44\/100\n|-enditem|p1a: Magearna|Air Balloon\n|move|p1a: Magearna|Spikes|p2a: Zygarde\n|-sidestart|p2: 09-10a|Spikes\n|\n|-heal|p2a: Zygarde|81\/100|[from] item: Leftovers\n|upkeep\n|turn|7\n|\n|t:|1698756328\n|move|p2a: Zygarde|Thousand Arrows|p1a: Magearna\n|-supereffective|p1a: Magearna\n|-crit|p1a: Magearna\n|-damage|p1a: Magearna|0 fnt\n|faint|p1a: Magearna\n|\n|-heal|p2a: Zygarde|88\/100|[from] item: Leftovers\n|upkeep\n|\n|t:|1698756335\n|switch|p1a: Calyrex|Calyrex-Ice|100\/100\n|-ability|p1a: Calyrex|As One\n|-ability|p1a: Calyrex|Unnerve\n|turn|8\n|\n|t:|1698756342\n|move|p2a: Zygarde|Substitute|p2a: Zygarde\n|-start|p2a: Zygarde|Substitute\n|-damage|p2a: Zygarde|63\/100\n|move|p1a: Calyrex|Glacial Lance|p2a: Zygarde\n|-supereffective|p2a: Zygarde\n|-end|p2a: Zygarde|Substitute\n|\n|-heal|p2a: Zygarde|69\/100|[from] item: Leftovers\n|upkeep\n|turn|9\n|\n|t:|1698756349\n|switch|p2a: Arceus|Arceus-Fairy|100\/100\n|-damage|p2a: Arceus|88\/100|[from] Spikes\n|move|p1a: Calyrex|Glacial Lance|p2a: Arceus\n|-damage|p2a: Arceus|27\/100\n|\n|upkeep\n|turn|10\n|\n|t:|1698756359\n|-terastallize|p2a: Arceus|Water\n|move|p2a: Arceus|Recover|p2a: Arceus\n|-heal|p2a: Arceus|77\/100\n|move|p1a: Calyrex|Glacial Lance|p2a: Arceus\n|-resisted|p2a: Arceus\n|-damage|p2a: Arceus|44\/100\n|\n|upkeep\n|turn|11\n|\n|t:|1698756369\n|switch|p1a: Lunala|Lunala|100\/100\n|move|p2a: Arceus|Recover|p2a: Arceus\n|-heal|p2a: Arceus|94\/100\n|\n|upkeep\n|turn|12\n|\n|t:|1698756375\n|move|p2a: Arceus|Will-O-Wisp|p1a: Lunala\n|-status|p1a: Lunala|brn\n|move|p1a: Lunala|Trick Room|p1a: Lunala\n|-fieldstart|move: Trick Room|[of] p1a: Lunala\n|\n|-damage|p1a: Lunala|94\/100 brn|[from] brn\n|upkeep\n|turn|13\n|\n|t:|1698756378\n|move|p1a: Lunala|Teleport|p1a: Lunala\n|\n|t:|1698756389\n|switch|p1a: Groudon|Groudon|100\/100|[from] Teleport\n|detailschange|p1a: Groudon|Groudon-Primal\n|-primal|p1a: Groudon|Red Orb\n|-weather|DesolateLand|[from] ability: Desolate Land|[of] p1a: Groudon\n|move|p2a: Arceus|Roar|p1a: Groudon\n|-weather|none\n|drag|p1a: Lunala|Lunala|94\/100 brn\n|\n|-damage|p1a: Lunala|88\/100 brn|[from] brn\n|upkeep\n|turn|14\n|\n|t:|1698756393\n|move|p2a: Arceus|Judgment|p1a: Lunala\n|-damage|p1a: Lunala|54\/100 brn\n|move|p1a: Lunala|Teleport|p1a: Lunala\n|\n|t:|1698756396\n|switch|p1a: Ursaluna|Ursaluna, F|71\/100 brn|[from] Teleport\n|\n|-damage|p1a: Ursaluna|64\/100 brn|[from] brn\n|upkeep\n|turn|15\n|\n|t:|1698756407\n|-terastallize|p1a: Ursaluna|Normal\n|move|p1a: Ursaluna|Facade|p2a: Arceus\n|-damage|p2a: Arceus|1\/100\n|move|p2a: Arceus|Recover|p2a: Arceus\n|-heal|p2a: Arceus|51\/100\n|\n|-damage|p1a: Ursaluna|58\/100 brn|[from] brn\n|upkeep\n|turn|16\n|\n|t:|1698756415\n|switch|p2a: Marshadow|Marshadow|100\/100\n|-damage|p2a: Marshadow|88\/100|[from] Spikes\n|move|p1a: Ursaluna|Headlong Rush|p2a: Marshadow\n|-crit|p2a: Marshadow\n|-damage|p2a: Marshadow|0 fnt\n|-unboost|p1a: Ursaluna|def|1\n|-unboost|p1a: Ursaluna|spd|1\n|faint|p2a: Marshadow\n|\n|-damage|p1a: Ursaluna|52\/100 brn|[from] brn\n|-fieldend|move: Trick Room\n|upkeep\n|\n|t:|1698756429\n|switch|p2a: Groudon|Groudon, L99, shiny|100\/100\n|-damage|p2a: Groudon|88\/100|[from] Spikes\n|detailschange|p2a: Groudon|Groudon-Primal, L99, shiny\n|-primal|p2a: Groudon|Red Orb\n|-weather|DesolateLand|[from] ability: Desolate Land|[of] p2a: Groudon\n|turn|17\n|\n|t:|1698756443\n|switch|p1a: Groudon|Groudon-Primal|100\/100\n|move|p2a: Groudon|Precipice Blades|p1a: Groudon\n|-supereffective|p1a: Groudon\n|-damage|p1a: Groudon|21\/100\n|\n|-weather|DesolateLand|[upkeep]\n|upkeep\n|turn|18\n|\n|t:|1698756460\n|move|p1a: Groudon|Precipice Blades|p2a: Groudon\n|-supereffective|p2a: Groudon\n|-damage|p2a: Groudon|0 fnt\n|faint|p2a: Groudon\n|\n|-weather|DesolateLand|[upkeep]\n|upkeep\n|\n|t:|1698756473\n|switch|p2a: Eternatus|Eternatus|100\/100\n|-ability|p2a: Eternatus|Pressure\n|-item|p2a: Eternatus|Air Balloon\n|turn|19\n|\n|t:|1698756478\n|move|p2a: Eternatus|Toxic Spikes|p1a: Groudon\n|-sidestart|p1: babynogalXD|move: Toxic Spikes\n|move|p1a: Groudon|Smack Down|p2a: Eternatus\n|-damage|p2a: Eternatus|83\/100\n|-enditem|p2a: Eternatus|Air Balloon\n|\n|-weather|DesolateLand|[upkeep]\n|upkeep\n|turn|20\n|\n|t:|1698756489\n|move|p2a: Eternatus|Sludge Bomb|p1a: Groudon\n|-resisted|p1a: Groudon\n|-damage|p1a: Groudon|3\/100\n|move|p1a: Groudon|Precipice Blades|p2a: Eternatus\n|-supereffective|p2a: Eternatus\n|-damage|p2a: Eternatus|0 fnt\n|faint|p2a: Eternatus\n|\n|-weather|DesolateLand|[upkeep]\n|upkeep\n|\n|t:|1698756493\n|switch|p2a: Arceus|Arceus-Fairy, tera:Water|51\/100\n|-damage|p2a: Arceus|39\/100|[from] Spikes\n|turn|21\n|\n|t:|1698756496\n|move|p2a: Arceus|Judgment|p1a: Groudon\n|-resisted|p1a: Groudon\n|-crit|p1a: Groudon\n|-damage|p1a: Groudon|0 fnt\n|faint|p1a: Groudon\n|-weather|none\n|\n|upkeep\n|\n|t:|1698756502\n|switch|p1a: Ursaluna|Ursaluna, F, tera:Normal|52\/100 brn\n|turn|22\n|\n|t:|1698756525\n|move|p2a: Arceus|Recover|p2a: Arceus\n|-heal|p2a: Arceus|89\/100\n|move|p1a: Ursaluna|Facade|p2a: Arceus\n|-damage|p2a: Arceus|0 fnt\n|faint|p2a: Arceus\n|\n|-damage|p1a: Ursaluna|46\/100 brn|[from] brn\n|upkeep\n|\n|t:|1698756533\n|switch|p2a: Zygarde|Zygarde-Complete, shiny|69\/100\n|-damage|p2a: Zygarde|56\/100|[from] Spikes\n|turn|23\n|\n|t:|1698756547\n|move|p2a: Zygarde|Thousand Arrows|p1a: Ursaluna\n|-damage|p1a: Ursaluna|20\/100 brn\n|move|p1a: Ursaluna|Facade|p2a: Zygarde\n|-damage|p2a: Zygarde|0 fnt\n|faint|p2a: Zygarde\n|\n|-damage|p1a: Ursaluna|14\/100 brn|[from] brn\n|upkeep\n|\n|t:|1698756561\n|switch|p2a: Necrozma|Necrozma-Dusk-Mane, shiny|100\/100\n|-damage|p2a: Necrozma|88\/100|[from] Spikes\n|turn|24\n|\n|t:|1698756564\n|move|p2a: Necrozma|Sunsteel Strike|p1a: Ursaluna\n|-damage|p1a: Ursaluna|0 fnt\n|faint|p1a: Ursaluna\n|\n|upkeep\n|\n|t:|1698756568\n|switch|p1a: Hatterene|Hatterene, F|100\/100\n|-status|p1a: Hatterene|psn\n|turn|25\n|\n|t:|1698756575\n|move|p2a: Necrozma|Dragon Dance|p2a: Necrozma\n|-boost|p2a: Necrozma|atk|1\n|-boost|p2a: Necrozma|spe|1\n|move|p1a: Hatterene|Trick Room|p1a: Hatterene\n|-fieldstart|move: Trick Room|[of] p1a: Hatterene\n|\n|-damage|p1a: Hatterene|88\/100 psn|[from] psn\n|upkeep\n|turn|26\n|\n|t:|1698756581\n|move|p1a: Hatterene|Healing Wish|p1a: Hatterene\n|faint|p1a: Hatterene\n|move|p2a: Necrozma|Moonlight|p2a: Necrozma\n|-heal|p2a: Necrozma|100\/100\n|\n|upkeep\n|\n|t:|1698756583\n|switch|p1a: Lunala|Lunala|54\/100 brn\n|-heal|p1a: Lunala|100\/100|[from] move: Healing Wish\n|turn|27\n|\n|t:|1698756585\n|move|p1a: Lunala|Moongeist Beam|p2a: Necrozma\n|-supereffective|p2a: Necrozma\n|-damage|p2a: Necrozma|58\/100\n|move|p2a: Necrozma|Moonlight|p2a: Necrozma\n|-heal|p2a: Necrozma|100\/100\n|\n|upkeep\n|turn|28\n|\n|t:|1698756589\n|move|p1a: Lunala|Moongeist Beam|p2a: Necrozma\n|-supereffective|p2a: Necrozma\n|-damage|p2a: Necrozma|54\/100\n|move|p2a: Necrozma|Moonlight|p2a: Necrozma\n|-heal|p2a: Necrozma|100\/100\n|\n|upkeep\n|turn|29\n|\n|t:|1698756592\n|move|p1a: Lunala|Moongeist Beam|p2a: Necrozma\n|-supereffective|p2a: Necrozma\n|-damage|p2a: Necrozma|60\/100\n|move|p2a: Necrozma|Dragon Dance|p2a: Necrozma\n|-boost|p2a: Necrozma|atk|1\n|-boost|p2a: Necrozma|spe|1\n|\n|-fieldend|move: Trick Room\n|upkeep\n|turn|30\n|\n|t:|1698756594\n|-zpower|p2a: Necrozma\n|move|p2a: Necrozma|Searing Sunraze Smash|p1a: Lunala|[zeffect]\n|-damage|p1a: Lunala|40\/100\n|move|p1a: Lunala|Trick Room|p1a: Lunala\n|-fieldstart|move: Trick Room|[of] p1a: Lunala\n|\n|upkeep\n|turn|31\n|\n|t:|1698756599\n|move|p1a: Lunala|Moongeist Beam|p2a: Necrozma\n|-supereffective|p2a: Necrozma\n|-damage|p2a: Necrozma|11\/100\n|move|p2a: Necrozma|Moonlight|p2a: Necrozma\n|-heal|p2a: Necrozma|61\/100\n|\n|upkeep\n|turn|32\n|\n|t:|1698756602\n|move|p1a: Lunala|Roost|p1a: Lunala\n|-heal|p1a: Lunala|90\/100\n|-singleturn|p1a: Lunala|move: Roost\n|move|p2a: Necrozma|Moonlight|p2a: Necrozma\n|-heal|p2a: Necrozma|100\/100\n|\n|upkeep\n|turn|33\n|\n|t:|1698756605\n|move|p1a: Lunala|Moongeist Beam|p2a: Necrozma\n|-supereffective|p2a: Necrozma\n|-damage|p2a: Necrozma|58\/100\n|move|p2a: Necrozma|Dragon Dance|p2a: Necrozma\n|-boost|p2a: Necrozma|atk|1\n|-boost|p2a: Necrozma|spe|1\n|\n|upkeep\n|turn|34\n|\n|t:|1698756609\n|move|p1a: Lunala|Moongeist Beam|p2a: Necrozma\n|-supereffective|p2a: Necrozma\n|-damage|p2a: Necrozma|15\/100\n|move|p2a: Necrozma|Sunsteel Strike|p1a: Lunala\n|-damage|p1a: Lunala|22\/100\n|\n|-fieldend|move: Trick Room\n|upkeep\n|turn|35\n|\n|t:|1698756611\n|move|p2a: Necrozma|Sunsteel Strike|p1a: Lunala\n|-damage|p1a: Lunala|0 fnt\n|faint|p1a: Lunala\n|\n|upkeep\n|\n|t:|1698756612\n|switch|p1a: Calyrex|Calyrex-Ice|100\/100\n|-ability|p1a: Calyrex|As One\n|-ability|p1a: Calyrex|Unnerve\n|-status|p1a: Calyrex|psn\n|turn|36\n|\n|t:|1698756641\n|move|p2a: Necrozma|Sunsteel Strike|p1a: Calyrex\n|-supereffective|p1a: Calyrex\n|-damage|p1a: Calyrex|0 fnt\n|faint|p1a: Calyrex\n|\n|win|09-10a\n|raw|babynogalXD's rating: 1750 &rarr; <strong>1735<\/strong><br \/>(-15 for losing)\n|raw|09-10a's rating: 1833 &rarr; <strong>1848<\/strong><br \/>(+15 for winning)\n","uploadtime":1698756673,"views":5,"p1id":"babynogalxd","p2id":"0910a","formatid":"gen9nationaldexubers","rating":1735,"private":0,"password":""}