{"id":"gen9nationaldexubers-1994503400","p1":"momfr","p2":"splyntr","format":"[Gen 9] National Dex Ubers","log":"|j|\u2606momfr\n|j|\u2606splyntr\n|t:|1700451655\n|gametype|singles\n|player|p1|momfr|265|1115\n|player|p2|splyntr|youngster-gen4dp|1070\n|teamsize|p1|6\n|teamsize|p2|6\n|gen|9\n|tier|[Gen 9] National Dex Ubers\n|rated|\n|rule|HP Percentage Mod: HP is shown in percentages\n|rule|Endless Battle Clause: Forcing endless battles is banned\n|rule|OHKO Clause: OHKO moves are banned\n|rule|Evasion Moves Clause: Evasion moves are banned\n|rule|Evasion Items Clause: Evasion items are banned\n|rule|Species Clause: Limit one of each Pok\u00e9mon\n|rule|Sleep Clause Mod: Limit one foe put to sleep\n|rule|Mega Rayquaza Clause: You cannot mega evolve Rayquaza\n|clearpoke\n|poke|p1|Cottonee, L1, M|\n|poke|p1|Eiscue, F|\n|poke|p1|Heatran, M|\n|poke|p1|Groudon|\n|poke|p1|Iron Hands|\n|poke|p1|Deoxys-Defense|\n|poke|p2|Marshadow|\n|poke|p2|Kyogre|\n|poke|p2|Deoxys-Attack|\n|poke|p2|Lucario, M|\n|poke|p2|Darkrai|\n|poke|p2|Rayquaza|\n|teampreview\n|inactive|Battle timer is ON: inactive players will automatically lose when time's up. (requested by splyntr)\n|j| Adamanzane\n|j| kung fu pokechu\n|\n|t:|1700451670\n|start\n|switch|p1a: keknee|Cottonee, L1, M|100\/100\n|switch|p2a: The Jester|Darkrai|100\/100\n|turn|1\n|\n|t:|1700451677\n|switch|p1a: Mega Man Reject|Iron Hands|100\/100\n|move|p2a: The Jester|Trick|p1a: Mega Man Reject\n|-activate|p2a: The Jester|move: Trick|[of] p1a: Mega Man Reject\n|-item|p1a: Mega Man Reject|Choice Specs|[from] move: Trick\n|-item|p2a: The Jester|Assault Vest|[from] move: Trick\n|\n|upkeep\n|turn|2\n|\n|t:|1700451687\n|move|p2a: The Jester|Dark Pulse|p1a: Mega Man Reject\n|-resisted|p1a: Mega Man Reject\n|-crit|p1a: Mega Man Reject\n|-damage|p1a: Mega Man Reject|74\/100\n|move|p1a: Mega Man Reject|Wild Charge|p2a: The Jester\n|-damage|p2a: The Jester|33\/100\n|-damage|p1a: Mega Man Reject|64\/100|[from] Recoil\n|\n|upkeep\n|turn|3\n|\n|t:|1700451696\n|move|p2a: The Jester|Focus Blast|p1a: Mega Man Reject|[miss]\n|-miss|p2a: The Jester|p1a: Mega Man Reject\n|move|p1a: Mega Man Reject|Wild Charge|p2a: The Jester\n|-damage|p2a: The Jester|0 fnt\n|faint|p2a: The Jester\n|-damage|p1a: Mega Man Reject|60\/100|[from] Recoil\n|\n|upkeep\n|\n|t:|1700451705\n|switch|p2a: Mr. Girth|Rayquaza|100\/100\n|-ability|p2a: Mr. Girth|Air Lock\n|turn|4\n|\n|t:|1700451720\n|move|p2a: Mr. Girth|Dragon Dance|p2a: Mr. Girth\n|-boost|p2a: Mr. Girth|atk|1\n|-boost|p2a: Mr. Girth|spe|1\n|move|p1a: Mega Man Reject|Wild Charge|p2a: Mr. Girth\n|-damage|p2a: Mr. Girth|46\/100\n|-damage|p1a: Mega Man Reject|50\/100|[from] Recoil\n|\n|upkeep\n|turn|5\n|\n|t:|1700451730\n|move|p2a: Mr. Girth|Extreme Speed|p1a: Mega Man Reject\n|-damage|p1a: Mega Man Reject|13\/100\n|-damage|p2a: Mr. Girth|36\/100|[from] item: Life Orb\n|move|p1a: Mega Man Reject|Wild Charge|p2a: Mr. Girth\n|-damage|p2a: Mr. Girth|0 fnt\n|faint|p2a: Mr. Girth\n|-damage|p1a: Mega Man Reject|7\/100|[from] Recoil\n|\n|upkeep\n|-message|splyntr forfeited.\n|\n|win|momfr\n|raw|momfr's rating: 1115 &rarr; <strong>1137<\/strong><br \/>(+22 for winning)\n|raw|splyntr's rating: 1070 &rarr; <strong>1052<\/strong><br \/>(-18 for losing)\n|l|\u2606splyntr\n","uploadtime":1700451746,"views":4,"p1id":"momfr","p2id":"splyntr","formatid":"gen9nationaldexubers","rating":1052,"private":0,"password":""}