{"id":"gen9nationaldexubers-1994610869","p1":"123uu","p2":"Lx.king7","format":"[Gen 9] National Dex Ubers","log":"|j|\u2606123uu\n|j|\u2606Lx.king7\n|t:|1700469025\n|gametype|singles\n|player|p1|123uu|volkner|1104\n|player|p2|Lx.king7|1|1137\n|teamsize|p1|6\n|teamsize|p2|6\n|gen|9\n|tier|[Gen 9] National Dex Ubers\n|rated|\n|rule|HP Percentage Mod: HP is shown in percentages\n|rule|Endless Battle Clause: Forcing endless battles is banned\n|rule|OHKO Clause: OHKO moves are banned\n|rule|Evasion Moves Clause: Evasion moves are banned\n|rule|Evasion Items Clause: Evasion items are banned\n|rule|Species Clause: Limit one of each Pok\u00e9mon\n|rule|Sleep Clause Mod: Limit one foe put to sleep\n|rule|Mega Rayquaza Clause: You cannot mega evolve Rayquaza\n|clearpoke\n|poke|p1|Baxcalibur, M|\n|poke|p1|Ogerpon-Hearthflame, F|\n|poke|p1|Kangaskhan, F|\n|poke|p1|Cyclizar, M|\n|poke|p1|Shaymin-Sky|\n|poke|p1|Chien-Pao|\n|poke|p2|Palafin, M|\n|poke|p2|Blaziken, F|\n|poke|p2|Minior|\n|poke|p2|Gallade, M|\n|poke|p2|Zekrom|\n|poke|p2|Umbreon, M|\n|teampreview\n|inactive|Battle timer is ON: inactive players will automatically lose when time's up. (requested by Lx.king7)\n|inactive|123uu has 120 seconds left.\n|inactive|123uu has 90 seconds left.\n|\n|t:|1700469107\n|start\n|switch|p1a: Cyclizar|Cyclizar, M|100\/100\n|switch|p2a: Umbreon|Umbreon, M|100\/100\n|turn|1\n|\n|t:|1700469115\n|move|p1a: Cyclizar|Shed Tail|p1a: Cyclizar\n|-start|p1a: Cyclizar|Substitute|[from] move: Shed Tail\n|-damage|p1a: Cyclizar|50\/100\n|\n|t:|1700469121\n|switch|p1a: Baxcalibur|Baxcalibur, M|100\/100|[from] Shed Tail\n|move|p2a: Umbreon|Yawn||[still]\n|-fail|p2a: Umbreon\n|\n|upkeep\n|turn|2\n|\n|t:|1700469129\n|move|p1a: Baxcalibur|Dragon Dance|p1a: Baxcalibur\n|-boost|p1a: Baxcalibur|atk|1\n|-boost|p1a: Baxcalibur|spe|1\n|move|p2a: Umbreon|Reflect|p2a: Umbreon\n|-sidestart|p2: Lx.king7|Reflect\n|\n|upkeep\n|turn|3\n|\n|t:|1700469138\n|switch|p2a: Minior|Minior|100\/100\n|-formechange|p2a: Minior|Minior-Meteor||[from] ability: Shields Down\n|move|p1a: Baxcalibur|Dragon Dance|p1a: Baxcalibur\n|-boost|p1a: Baxcalibur|atk|1\n|-boost|p1a: Baxcalibur|spe|1\n|\n|upkeep\n|turn|4\n|\n|t:|1700469154\n|move|p1a: Baxcalibur|Icicle Spear|p2a: Minior\n|-supereffective|p2a: Minior\n|-damage|p2a: Minior|58\/100\n|-supereffective|p2a: Minior\n|-damage|p2a: Minior|21\/100\n|-supereffective|p2a: Minior\n|-damage|p2a: Minior|0 fnt\n|faint|p2a: Minior\n|-hitcount|p2: Minior|3\n|\n|upkeep\n|\n|t:|1700469165\n|switch|p2a: Palafin|Palafin, M|100\/100\n|turn|5\n|\n|t:|1700469173\n|detailschange|p2a: Palafin|Palafin-Hero, M\n|switch|p2a: Umbreon|Umbreon, M|100\/100\n|move|p1a: Baxcalibur|Earthquake|p2a: Umbreon\n|-damage|p2a: Umbreon|70\/100\n|\n|upkeep\n|turn|6\n|\n|t:|1700469186\n|switch|p2a: Blaziken|Blaziken, F|100\/100\n|move|p1a: Baxcalibur|Dragon Dance|p1a: Baxcalibur\n|-boost|p1a: Baxcalibur|atk|1\n|-boost|p1a: Baxcalibur|spe|1\n|\n|upkeep\n|turn|7\n|\n|t:|1700469195\n|detailschange|p2a: Blaziken|Blaziken-Mega, F\n|-mega|p2a: Blaziken|Blaziken|Blazikenite\n|move|p1a: Baxcalibur|Earthquake|p2a: Blaziken\n|-supereffective|p2a: Blaziken\n|-damage|p2a: Blaziken|0 fnt\n|faint|p2a: Blaziken\n|\n|upkeep\n|\n|t:|1700469209\n|switch|p2a: Gallade|Gallade, M|100\/100\n|turn|8\n|\n|t:|1700469218\n|-terastallize|p2a: Gallade|Psychic\n|move|p1a: Baxcalibur|Icicle Spear|p2a: Gallade\n|-damage|p2a: Gallade|78\/100\n|-damage|p2a: Gallade|57\/100\n|-damage|p2a: Gallade|37\/100\n|-damage|p2a: Gallade|16\/100\n|-damage|p2a: Gallade|0 fnt\n|faint|p2a: Gallade\n|-hitcount|p2: Gallade|5\n|\n|upkeep\n|\n|t:|1700469224\n|switch|p2a: Palafin|Palafin-Hero, M|100\/100\n|-activate|p2a: Palafin|ability: Zero to Hero\n|turn|9\n|\n|t:|1700469241\n|move|p1a: Baxcalibur|Earthquake|p2a: Palafin\n|-crit|p2a: Palafin\n|-damage|p2a: Palafin|0 fnt\n|faint|p2a: Palafin\n|\n|-sideend|p2: Lx.king7|Reflect\n|upkeep\n|-message|Lx.king7 forfeited.\n|\n|win|123uu\n|raw|123uu's rating: 1104 &rarr; <strong>1131<\/strong><br \/>(+27 for winning)\n|raw|Lx.king7's rating: 1137 &rarr; <strong>1110<\/strong><br \/>(-27 for losing)\n|l|\u2606Lx.king7\n","uploadtime":1700469345,"views":11,"p1id":"123uu","p2id":"lxking7","formatid":"gen9nationaldexubers","rating":1110,"private":0,"password":""}