{"id":"gen9nationaldexubers-1993129416","p1":"justin4office","p2":"ProjectAster","format":"[Gen 9] National Dex Ubers","log":"|j|\u2606justin4office\n|j|\u2606ProjectAster\n|t:|1700268231\n|gametype|singles\n|player|p1|justin4office|101|1129\n|player|p2|ProjectAster|lusamine-masters|1205\n|teamsize|p1|6\n|teamsize|p2|6\n|gen|9\n|tier|[Gen 9] National Dex Ubers\n|rated|\n|rule|HP Percentage Mod: HP is shown in percentages\n|rule|Endless Battle Clause: Forcing endless battles is banned\n|rule|OHKO Clause: OHKO moves are banned\n|rule|Evasion Moves Clause: Evasion moves are banned\n|rule|Evasion Items Clause: Evasion items are banned\n|rule|Species Clause: Limit one of each Pok\u00e9mon\n|rule|Sleep Clause Mod: Limit one foe put to sleep\n|rule|Mega Rayquaza Clause: You cannot mega evolve Rayquaza\n|clearpoke\n|poke|p1|Quagsire, M|\n|poke|p1|Lugia|\n|poke|p1|Typhlosion, M|\n|poke|p1|Victreebel, M|\n|poke|p1|Ampharos, F|\n|poke|p1|Graveler, M|\n|poke|p2|Genesect|\n|poke|p2|Shuckle, F|\n|poke|p2|Yanmega, M|\n|poke|p2|Rabsca, F|\n|poke|p2|Scizor, M|\n|poke|p2|Crustle, F|\n|teampreview\n|\n|t:|1700268237\n|start\n|switch|p1a: Bryan|Graveler, M|100\/100\n|switch|p2a: Shuckle|Shuckle, F|100\/100\n|turn|1\n|\n|t:|1700268248\n|switch|p1a: Wimper|Quagsire, M|100\/100\n|move|p2a: Shuckle|Stealth Rock|p1a: Wimper\n|-sidestart|p1: justin4office|move: Stealth Rock\n|\n|upkeep\n|turn|2\n|\n|t:|1700268260\n|move|p1a: Wimper|Scald|p2a: Shuckle\n|-supereffective|p2a: Shuckle\n|-damage|p2a: Shuckle|71\/100\n|-status|p2a: Shuckle|brn\n|move|p2a: Shuckle|Sticky Web|p1a: Wimper\n|-sidestart|p1: justin4office|move: Sticky Web\n|\n|-damage|p2a: Shuckle|65\/100 brn|[from] brn\n|upkeep\n|turn|3\n|\n|t:|1700268295\n|move|p1a: Wimper|Scald|p2a: Shuckle\n|-supereffective|p2a: Shuckle\n|-crit|p2a: Shuckle\n|-damage|p2a: Shuckle|19\/100 brn\n|move|p2a: Shuckle|Final Gambit|p1a: Wimper\n|-damage|p1a: Wimper|88\/100\n|faint|p2a: Shuckle\n|\n|upkeep\n|\n|t:|1700268298\n|switch|p2a: Yanmega|Yanmega, M|100\/100\n|turn|4\n|\n|t:|1700268320\n|move|p2a: Yanmega|Air Slash|p1a: Wimper\n|-damage|p1a: Wimper|14\/100\n|move|p1a: Wimper|Scald|p2a: Yanmega\n|-damage|p2a: Yanmega|52\/100\n|\n|-ability|p2a: Yanmega|Speed Boost|boost\n|-boost|p2a: Yanmega|spe|1\n|upkeep\n|turn|5\n|\n|t:|1700268328\n|move|p2a: Yanmega|Air Slash|p1a: Wimper\n|-damage|p1a: Wimper|0 fnt\n|faint|p1a: Wimper\n|\n|-ability|p2a: Yanmega|Speed Boost|boost\n|-boost|p2a: Yanmega|spe|1\n|upkeep\n|\n|t:|1700268346\n|switch|p1a: Aero|Lugia|100\/100\n|-damage|p1a: Aero|76\/100|[from] Stealth Rock\n|-ability|p1a: Aero|Pressure\n|turn|6\n|\n|t:|1700268350\n|move|p2a: Yanmega|Air Slash|p1a: Aero\n|-damage|p1a: Aero|41\/100\n|move|p1a: Aero|Aeroblast|p2a: Yanmega\n|-supereffective|p2a: Yanmega\n|-damage|p2a: Yanmega|0 fnt\n|faint|p2a: Yanmega\n|\n|-heal|p1a: Aero|47\/100|[from] item: Leftovers\n|upkeep\n|\n|t:|1700268358\n|switch|p2a: Crustle|Crustle, F|100\/100\n|turn|7\n|\n|t:|1700268378\n|move|p1a: Aero|Aeroblast|p2a: Crustle\n|-damage|p2a: Crustle|42\/100\n|move|p2a: Crustle|Shell Smash|p2a: Crustle\n|-unboost|p2a: Crustle|def|1\n|-unboost|p2a: Crustle|spd|1\n|-boost|p2a: Crustle|atk|2\n|-boost|p2a: Crustle|spa|2\n|-boost|p2a: Crustle|spe|2\n|-enditem|p2a: Crustle|White Herb\n|-clearnegativeboost|p2a: Crustle|[silent]\n|\n|-heal|p1a: Aero|53\/100|[from] item: Leftovers\n|upkeep\n|turn|8\n|\n|t:|1700268386\n|-terastallize|p1a: Aero|Steel\n|move|p2a: Crustle|Stone Edge|p1a: Aero\n|-resisted|p1a: Aero\n|-damage|p1a: Aero|19\/100\n|move|p1a: Aero|Aeroblast|p2a: Crustle\n|-damage|p2a: Crustle|0 fnt\n|faint|p2a: Crustle\n|\n|-heal|p1a: Aero|26\/100|[from] item: Leftovers\n|upkeep\n|\n|t:|1700268397\n|switch|p2a: Scizor|Scizor, M|100\/100\n|turn|9\n|\n|t:|1700268401\n|detailschange|p2a: Scizor|Scizor-Mega, M\n|-mega|p2a: Scizor|Scizor|Scizorite\n|move|p1a: Aero|Aeroblast|p2a: Scizor\n|-damage|p2a: Scizor|65\/100\n|move|p2a: Scizor|Close Combat|p1a: Aero\n|-supereffective|p1a: Aero\n|-damage|p1a: Aero|0 fnt\n|-unboost|p2a: Scizor|def|1\n|-unboost|p2a: Scizor|spd|1\n|faint|p1a: Aero\n|\n|upkeep\n|\n|t:|1700268408\n|switch|p1a: Ash|Typhlosion, M|100\/100\n|-damage|p1a: Ash|76\/100|[from] Stealth Rock\n|-activate|p1a: Ash|move: Sticky Web\n|-unboost|p1a: Ash|spe|1\n|turn|10\n|\n|t:|1700268418\n|move|p2a: Scizor|Bullet Punch|p1a: Ash\n|-resisted|p1a: Ash\n|-damage|p1a: Ash|53\/100\n|move|p1a: Ash|Fire Blast|p2a: Scizor|[miss]\n|-miss|p1a: Ash|p2a: Scizor\n|\n|upkeep\n|turn|11\n|\n|t:|1700268423\n|move|p2a: Scizor|Close Combat|p1a: Ash\n|-damage|p1a: Ash|0 fnt\n|-unboost|p2a: Scizor|def|1\n|-unboost|p2a: Scizor|spd|1\n|faint|p1a: Ash\n|\n|upkeep\n|\n|t:|1700268430\n|switch|p1a: Bryan|Graveler, M|100\/100\n|-damage|p1a: Bryan|94\/100|[from] Stealth Rock\n|-activate|p1a: Bryan|move: Sticky Web\n|-unboost|p1a: Bryan|spe|1\n|turn|12\n|\n|t:|1700268439\n|move|p2a: Scizor|Close Combat|p1a: Bryan\n|-supereffective|p1a: Bryan\n|-crit|p1a: Bryan\n|-damage|p1a: Bryan|0 fnt\n|-unboost|p2a: Scizor|def|1\n|-unboost|p2a: Scizor|spd|1\n|faint|p1a: Bryan\n|\n|upkeep\n|\n|t:|1700268443\n|switch|p1a: Leafy|Victreebel, M|100\/100\n|-damage|p1a: Leafy|88\/100|[from] Stealth Rock\n|-activate|p1a: Leafy|move: Sticky Web\n|-unboost|p1a: Leafy|spe|1\n|turn|13\n|\n|t:|1700268448\n|switch|p2a: Genesect|Genesect, shiny|100\/100\n|-ability|p2a: Genesect|Download|boost\n|-boost|p2a: Genesect|atk|1\n|move|p1a: Leafy|Sleep Powder|p2a: Genesect\n|-status|p2a: Genesect|slp|[from] move: Sleep Powder\n|\n|upkeep\n|turn|14\n|\n|t:|1700268462\n|switch|p2a: Rabsca|Rabsca, F|100\/100\n|move|p1a: Leafy|Sludge Bomb|p2a: Rabsca\n|-damage|p2a: Rabsca|67\/100\n|\n|upkeep\n|turn|15\n|\n|t:|1700268472\n|move|p1a: Leafy|Sludge Bomb|p2a: Rabsca\n|-damage|p2a: Rabsca|37\/100\n|move|p2a: Rabsca|Revival Blessing|p2a: Rabsca\n|-enditem|p2a: Rabsca|Leppa Berry|[eat]\n|-activate|p2a: Rabsca|item: Leppa Berry|Revival Blessing|[consumed]\n|\n|t:|1700268481\n|-heal|p2: Yanmega|50\/100|[from] move: Revival Blessing\n|\n|upkeep\n|turn|16\n|\n|t:|1700268491\n|move|p1a: Leafy|Sludge Bomb|p2a: Rabsca\n|-damage|p2a: Rabsca|6\/100\n|-status|p2a: Rabsca|psn\n|-activate|p2a: Rabsca|ability: Synchronize\n|-immune|p1a: Leafy\n|move|p2a: Rabsca|Revival Blessing|p2a: Rabsca\n|\n|t:|1700268496\n|-heal|p2: Crustle|50\/100|[from] move: Revival Blessing\n|\n|-damage|p2a: Rabsca|0 fnt|[from] psn\n|faint|p2a: Rabsca\n|upkeep\n|\n|t:|1700268502\n|switch|p2a: Yanmega|Yanmega, M|50\/100\n|turn|17\n|\n|t:|1700268513\n|-terastallize|p2a: Yanmega|Flying\n|move|p2a: Yanmega|Air Slash|p1a: Leafy\n|-supereffective|p1a: Leafy\n|-damage|p1a: Leafy|0 fnt\n|faint|p1a: Leafy\n|\n|-ability|p2a: Yanmega|Speed Boost|boost\n|-boost|p2a: Yanmega|spe|1\n|upkeep\n|\n|t:|1700268517\n|switch|p1a: Pandoria|Ampharos, F|100\/100\n|-damage|p1a: Pandoria|88\/100|[from] Stealth Rock\n|-activate|p1a: Pandoria|move: Sticky Web\n|-unboost|p1a: Pandoria|spe|1\n|turn|18\n|\n|t:|1700268523\n|detailschange|p1a: Pandoria|Ampharos-Mega, F\n|-mega|p1a: Pandoria|Ampharos|Ampharosite\n|-ability|p1a: Pandoria|Mold Breaker\n|move|p2a: Yanmega|Air Slash|p1a: Pandoria\n|-resisted|p1a: Pandoria\n|-damage|p1a: Pandoria|54\/100\n|cant|p1a: Pandoria|flinch\n|\n|-ability|p2a: Yanmega|Speed Boost|boost\n|-boost|p2a: Yanmega|spe|1\n|upkeep\n|turn|19\n|\n|t:|1700268532\n|move|p2a: Yanmega|Air Slash|p1a: Pandoria\n|-resisted|p1a: Pandoria\n|-damage|p1a: Pandoria|21\/100\n|move|p1a: Pandoria|Thunderbolt|p2a: Yanmega\n|-supereffective|p2a: Yanmega\n|-damage|p2a: Yanmega|0 fnt\n|faint|p2a: Yanmega\n|\n|upkeep\n|\n|t:|1700268539\n|switch|p2a: Crustle|Crustle, F|50\/100\n|turn|20\n|\n|t:|1700268543\n|move|p2a: Crustle|Earthquake|p1a: Pandoria\n|-supereffective|p1a: Pandoria\n|-damage|p1a: Pandoria|0 fnt\n|faint|p1a: Pandoria\n|\n|win|ProjectAster\n|raw|justin4office's rating: 1129 &rarr; <strong>1109<\/strong><br \/>(-20 for losing)\n|raw|ProjectAster's rating: 1205 &rarr; <strong>1225<\/strong><br \/>(+20 for winning)\n","uploadtime":1700268568,"views":23,"p1id":"justin4office","p2id":"projectaster","formatid":"gen9nationaldexubers","rating":1109,"private":0,"password":""}