{"id":"gen9nationaldexubers-1999041499","p1":"Neosouls","p2":"Laewen","format":"[Gen 9] National Dex Ubers","log":"|j|\u2606Neosouls\n|j|\u2606Laewen\n|t:|1701026887\n|gametype|singles\n|player|p1|Neosouls|marlon|\n|player|p2|Laewen|dawn|\n|teamsize|p1|6\n|teamsize|p2|6\n|gen|9\n|tier|[Gen 9] National Dex Ubers\n|rule|HP Percentage Mod: HP is shown in percentages\n|rule|Endless Battle Clause: Forcing endless battles is banned\n|rule|OHKO Clause: OHKO moves are banned\n|rule|Evasion Moves Clause: Evasion moves are banned\n|rule|Evasion Items Clause: Evasion items are banned\n|rule|Species Clause: Limit one of each Pok\u00e9mon\n|rule|Sleep Clause Mod: Limit one foe put to sleep\n|rule|Mega Rayquaza Clause: You cannot mega evolve Rayquaza\n|clearpoke\n|poke|p1|Charizard, L40, M|\n|poke|p1|Annihilape, L40, M|\n|poke|p1|Gliscor, L40, M|\n|poke|p1|Palafin, L40, M|\n|poke|p1|Gabite, L40, M|\n|poke|p1|Gallade, L40, M|\n|poke|p2|Swampert, L40, F|\n|poke|p2|Gliscor, L40, F|\n|poke|p2|Lairon, L36, M|\n|poke|p2|Golem, L39, F|\n|poke|p2|Nidoking, L37, M|\n|poke|p2|Sandslash, L38, M|\n|teampreview\n|\n|t:|1701026897\n|start\n|switch|p1a: Hercule|Palafin, L40, M|100\/100\n|switch|p2a: Nidoking|Nidoking, L37, M|100\/100\n|turn|1\n|\n|t:|1701026922\n|move|p1a: Hercule|Flip Turn|p2a: Nidoking\n|-supereffective|p2a: Nidoking\n|-damage|p2a: Nidoking|24\/100\n|\n|t:|1701026933\n|detailschange|p1a: Hercule|Palafin-Hero, L40, M\n|switch|p1a: Ar\u00e8s|Gallade, L40, M|100\/100|[from] Flip Turn\n|move|p2a: Nidoking|Double Kick|p1a: Ar\u00e8s\n|-resisted|p1a: Ar\u00e8s\n|-damage|p1a: Ar\u00e8s|94\/100\n|-resisted|p1a: Ar\u00e8s\n|-damage|p1a: Ar\u00e8s|88\/100\n|-hitcount|p1a: Ar\u00e8s|2\n|\n|upkeep\n|turn|2\n|\n|t:|1701026970\n|move|p1a: Ar\u00e8s|Sacred Sword|p2a: Nidoking\n|-resisted|p2a: Nidoking\n|-damage|p2a: Nidoking|0 fnt\n|-status|p1a: Ar\u00e8s|psn|[from] ability: Poison Point|[of] p2a: Nidoking\n|faint|p2a: Nidoking\n|\n|-damage|p1a: Ar\u00e8s|75\/100 psn|[from] psn\n|upkeep\n|\n|t:|1701026986\n|switch|p2a: Sandslash|Sandslash, L38, M|100\/100\n|turn|3\n|\n|t:|1701026995\n|move|p1a: Ar\u00e8s|Aerial Ace|p2a: Sandslash\n|-damage|p2a: Sandslash|70\/100\n|move|p2a: Sandslash|Fury Cutter|p1a: Ar\u00e8s\n|-damage|p1a: Ar\u00e8s|54\/100 psn\n|\n|-damage|p1a: Ar\u00e8s|42\/100 psn|[from] psn\n|upkeep\n|turn|4\n|\n|t:|1701027006\n|move|p1a: Ar\u00e8s|Sacred Sword|p2a: Sandslash\n|-damage|p2a: Sandslash|0 fnt\n|faint|p2a: Sandslash\n|\n|-damage|p1a: Ar\u00e8s|30\/100 psn|[from] psn\n|upkeep\n|\n|t:|1701027013\n|switch|p2a: Swampert|Swampert, L40, F|100\/100\n|turn|5\n|\n|t:|1701027019\n|move|p1a: Ar\u00e8s|Leaf Blade|p2a: Swampert\n|-supereffective|p2a: Swampert\n|-crit|p2a: Swampert\n|-damage|p2a: Swampert|0 fnt\n|faint|p2a: Swampert\n|\n|-damage|p1a: Ar\u00e8s|18\/100 psn|[from] psn\n|upkeep\n|\n|t:|1701027025\n|switch|p2a: Golem|Golem, L39, F|100\/100\n|turn|6\n|\n|t:|1701027031\n|move|p1a: Ar\u00e8s|Sacred Sword|p2a: Golem\n|-supereffective|p2a: Golem\n|-damage|p2a: Golem|0 fnt\n|faint|p2a: Golem\n|\n|-damage|p1a: Ar\u00e8s|6\/100 psn|[from] psn\n|upkeep\n|\n|t:|1701027037\n|switch|p2a: Lairon|Lairon, L36, M|100\/100\n|turn|7\n|\n|t:|1701027045\n|move|p1a: Ar\u00e8s|Sacred Sword|p2a: Lairon\n|-supereffective|p2a: Lairon\n|-ability|p2a: Lairon|Sturdy\n|-damage|p2a: Lairon|1\/100\n|move|p2a: Lairon|Rock Slide|p1a: Ar\u00e8s\n|-resisted|p1a: Ar\u00e8s\n|-damage|p1a: Ar\u00e8s|0 fnt\n|faint|p1a: Ar\u00e8s\n|\n|upkeep\n|\n|t:|1701027055\n|switch|p1a: Hercule|Palafin-Hero, L40, M|100\/100\n|-activate|p1a: Hercule|ability: Zero to Hero\n|turn|8\n|\n|t:|1701027071\n|move|p1a: Hercule|Jet Punch|p2a: Lairon\n|-supereffective|p2a: Lairon\n|-damage|p2a: Lairon|0 fnt\n|faint|p2a: Lairon\n|\n|upkeep\n|\n|t:|1701027075\n|switch|p2a: Gliscor|Gliscor, L40, F|100\/100\n|turn|9\n|\n|t:|1701027090\n|move|p1a: Hercule|Jet Punch|p2a: Gliscor\n|-supereffective|p2a: Gliscor\n|-damage|p2a: Gliscor|32\/100\n|move|p2a: Gliscor|Earthquake|p1a: Hercule\n|-damage|p1a: Hercule|58\/100\n|\n|upkeep\n|turn|10\n|\n|t:|1701027100\n|move|p1a: Hercule|Jet Punch|p2a: Gliscor\n|-supereffective|p2a: Gliscor\n|-damage|p2a: Gliscor|0 fnt\n|faint|p2a: Gliscor\n|\n|win|Neosouls\n|l|\u2606Laewen\n","uploadtime":1701027210,"views":2,"p1id":"neosouls","p2id":"laewen","formatid":"gen9nationaldexubers","rating":0,"private":0,"password":""}