{"id":"gen9nationaldexubers-1989198771","p1":"kazutoxo","p2":"drop coke","format":"[Gen 9] National Dex Ubers","log":"|j|\u2606kazutoxo\n|j|\u2606drop coke\n|t:|1699822557\n|gametype|singles\n|player|p1|kazutoxo|1|1295\n|player|p2|drop coke|lady|1251\n|teamsize|p1|6\n|teamsize|p2|6\n|gen|9\n|tier|[Gen 9] National Dex Ubers\n|rated|\n|rule|HP Percentage Mod: HP is shown in percentages\n|rule|Endless Battle Clause: Forcing endless battles is banned\n|rule|OHKO Clause: OHKO moves are banned\n|rule|Evasion Moves Clause: Evasion moves are banned\n|rule|Evasion Items Clause: Evasion items are banned\n|rule|Species Clause: Limit one of each Pok\u00e9mon\n|rule|Sleep Clause Mod: Limit one foe put to sleep\n|rule|Mega Rayquaza Clause: You cannot mega evolve Rayquaza\n|clearpoke\n|poke|p1|Scrafty, F|\n|poke|p1|Ribombee, F|\n|poke|p1|Lugia|\n|poke|p1|Naganadel|\n|poke|p1|Groudon|\n|poke|p1|Metagross|\n|poke|p2|Yveltal|\n|poke|p2|Necrozma-Dusk-Mane|\n|poke|p2|Groudon|\n|poke|p2|Kyogre|\n|poke|p2|Zamazenta-*|\n|poke|p2|Arceus|\n|teampreview\n|inactive|Battle timer is ON: inactive players will automatically lose when time's up. (requested by drop coke)\n|\n|t:|1699822570\n|start\n|switch|p1a: Ribombee|Ribombee, F|100\/100\n|switch|p2a: Yveltal|Yveltal|100\/100\n|-ability|p2a: Yveltal|Dark Aura\n|turn|1\n|\n|t:|1699822576\n|move|p1a: Ribombee|Quiver Dance|p1a: Ribombee\n|-boost|p1a: Ribombee|spa|1\n|-boost|p1a: Ribombee|spd|1\n|-boost|p1a: Ribombee|spe|1\n|move|p2a: Yveltal|Oblivion Wing|p1a: Ribombee\n|-supereffective|p1a: Ribombee\n|-enditem|p1a: Ribombee|Focus Sash\n|-damage|p1a: Ribombee|1\/100\n|\n|upkeep\n|turn|2\n|\n|t:|1699822589\n|move|p1a: Ribombee|Moonblast|p2a: Yveltal\n|-supereffective|p2a: Yveltal\n|-damage|p2a: Yveltal|9\/100\n|move|p2a: Yveltal|Oblivion Wing|p1a: Ribombee\n|-supereffective|p1a: Ribombee\n|-damage|p1a: Ribombee|0 fnt\n|-heal|p2a: Yveltal|9\/100|[from] drain|[of] p1a: Ribombee\n|faint|p1a: Ribombee\n|\n|-heal|p2a: Yveltal|16\/100|[from] item: Leftovers\n|upkeep\n|\n|t:|1699822601\n|switch|p1a: Naganadel|Naganadel|100\/100\n|turn|3\n|\n|t:|1699822606\n|move|p1a: Naganadel|Sludge Wave|p2a: Yveltal\n|-damage|p2a: Yveltal|0 fnt\n|faint|p2a: Yveltal\n|-ability|p1a: Naganadel|Beast Boost|boost\n|-boost|p1a: Naganadel|spe|1\n|\n|upkeep\n|\n|t:|1699822613\n|switch|p2a: Groudon|Groudon|100\/100\n|detailschange|p2a: Groudon|Groudon-Primal\n|-primal|p2a: Groudon|Red Orb\n|-weather|DesolateLand|[from] ability: Desolate Land|[of] p2a: Groudon\n|turn|4\n|\n|t:|1699822621\n|move|p1a: Naganadel|Draco Meteor|p2a: Groudon\n|-damage|p2a: Groudon|37\/100\n|-unboost|p1a: Naganadel|spa|2\n|move|p2a: Groudon|Earthquake|p1a: Naganadel\n|-supereffective|p1a: Naganadel\n|-damage|p1a: Naganadel|0 fnt\n|faint|p1a: Naganadel\n|\n|-weather|DesolateLand|[upkeep]\n|upkeep\n|\n|t:|1699822634\n|switch|p1a: Lugia|Lugia|100\/100\n|turn|5\n|\n|t:|1699822646\n|move|p1a: Lugia|Toxic|p2a: Groudon\n|-status|p2a: Groudon|tox\n|move|p2a: Groudon|Heat Crash|p1a: Lugia\n|-damage|p1a: Lugia|71\/100\n|\n|-weather|DesolateLand|[upkeep]\n|-damage|p2a: Groudon|31\/100 tox|[from] psn\n|upkeep\n|turn|6\n|inactive|drop coke has 120 seconds left.\n|inactive|drop coke has 90 seconds left.\n|\n|t:|1699822713\n|move|p1a: Lugia|Aeroblast|p2a: Groudon\n|-damage|p2a: Groudon|0 fnt\n|faint|p2a: Groudon\n|-weather|none\n|\n|upkeep\n|\n|t:|1699822717\n|switch|p2a: Necrozma|Necrozma-Dusk-Mane|100\/100\n|turn|7\n|\n|t:|1699822741\n|switch|p1a: Groudon|Groudon|100\/100\n|detailschange|p1a: Groudon|Groudon-Primal\n|-primal|p1a: Groudon|Red Orb\n|-weather|DesolateLand|[from] ability: Desolate Land|[of] p1a: Groudon\n|move|p2a: Necrozma|Sunsteel Strike|p1a: Groudon\n|-resisted|p1a: Groudon\n|-damage|p1a: Groudon|84\/100\n|\n|-weather|DesolateLand|[upkeep]\n|upkeep\n|turn|8\n|\n|t:|1699822751\n|detailschange|p2a: Necrozma|Necrozma-Ultra\n|-burst|p2a: Necrozma|Necrozma|Ultranecrozium Z\n|move|p2a: Necrozma|Earthquake|p1a: Groudon\n|-supereffective|p1a: Groudon\n|-crit|p1a: Groudon\n|-damage|p1a: Groudon|0 fnt\n|faint|p1a: Groudon\n|-weather|none\n|\n|upkeep\n|\n|t:|1699822761\n|switch|p1a: Lugia|Lugia|71\/100\n|turn|9\n|\n|t:|1699822767\n|move|p2a: Necrozma|Sunsteel Strike|p1a: Lugia\n|-damage|p1a: Lugia|48\/100\n|move|p1a: Lugia|Toxic|p2a: Necrozma\n|-status|p2a: Necrozma|tox\n|\n|-damage|p2a: Necrozma|95\/100 tox|[from] psn\n|upkeep\n|turn|10\n|\n|t:|1699822776\n|-zpower|p2a: Necrozma\n|move|p2a: Necrozma|Light That Burns the Sky|p1a: Lugia|[zeffect]\n|-resisted|p1a: Lugia\n|-damage|p1a: Lugia|12\/100\n|move|p1a: Lugia|Roost|p1a: Lugia\n|-heal|p1a: Lugia|62\/100\n|-singleturn|p1a: Lugia|move: Roost\n|\n|-damage|p2a: Necrozma|83\/100 tox|[from] psn\n|upkeep\n|turn|11\n|inactive|drop coke has 120 seconds left.\n|\n|t:|1699822787\n|switch|p2a: Arceus|Arceus|100\/100\n|move|p1a: Lugia|Defog|p2a: Arceus\n|-unboost|p2a: Arceus|evasion|1\n|\n|upkeep\n|turn|12\n|inactive|drop coke has 120 seconds left.\n|\n|t:|1699822823\n|move|p2a: Arceus|Judgment|p1a: Lugia\n|-damage|p1a: Lugia|43\/100\n|move|p1a: Lugia|Toxic|p2a: Arceus\n|-status|p2a: Arceus|tox\n|\n|-damage|p2a: Arceus|94\/100 tox|[from] psn\n|upkeep\n|turn|13\n|inactive|drop coke has 90 seconds left.\n|inactive|drop coke has 60 seconds left.\n|\n|t:|1699822880\n|move|p2a: Arceus|Judgment|p1a: Lugia\n|-damage|p1a: Lugia|23\/100\n|move|p1a: Lugia|Roost|p1a: Lugia\n|-heal|p1a: Lugia|73\/100\n|-singleturn|p1a: Lugia|move: Roost\n|\n|-heal|p2a: Arceus|100\/100 tox|[from] item: Leftovers\n|-damage|p2a: Arceus|88\/100 tox|[from] psn\n|upkeep\n|turn|14\n|inactive|kazutoxo has 120 seconds left.\n|\n|t:|1699822921\n|move|p2a: Arceus|Judgment|p1a: Lugia\n|-damage|p1a: Lugia|52\/100\n|move|p1a: Lugia|Aeroblast|p2a: Arceus\n|-crit|p2a: Arceus\n|-damage|p2a: Arceus|55\/100 tox\n|\n|-heal|p2a: Arceus|61\/100 tox|[from] item: Leftovers\n|-damage|p2a: Arceus|43\/100 tox|[from] psn\n|upkeep\n|turn|15\n|\n|t:|1699822930\n|move|p2a: Arceus|Recover|p2a: Arceus\n|-heal|p2a: Arceus|93\/100 tox\n|move|p1a: Lugia|Aeroblast|p2a: Arceus\n|-damage|p2a: Arceus|73\/100 tox\n|\n|-heal|p2a: Arceus|79\/100 tox|[from] item: Leftovers\n|-damage|p2a: Arceus|55\/100 tox|[from] psn\n|upkeep\n|turn|16\n|inactive|kazutoxo has 120 seconds left.\n|\n|t:|1699822938\n|switch|p2a: Zamazenta|Zamazenta-Crowned|100\/100\n|-ability|p2a: Zamazenta|Dauntless Shield|boost\n|-boost|p2a: Zamazenta|def|1\n|move|p1a: Lugia|Roost|p1a: Lugia\n|-heal|p1a: Lugia|100\/100\n|-singleturn|p1a: Lugia|move: Roost\n|\n|upkeep\n|turn|17\n|inactive|kazutoxo has 120 seconds left.\n|\n|t:|1699822962\n|move|p2a: Zamazenta|Behemoth Bash|p1a: Lugia\n|-damage|p1a: Lugia|86\/100\n|move|p1a: Lugia|Defog|p2a: Zamazenta\n|-unboost|p2a: Zamazenta|evasion|1\n|\n|upkeep\n|turn|18\n|inactive|kazutoxo has 120 seconds left.\n|\n|t:|1699822971\n|move|p2a: Zamazenta|Behemoth Bash|p1a: Lugia\n|-damage|p1a: Lugia|57\/100\n|move|p1a: Lugia|Aeroblast|p2a: Zamazenta\n|-damage|p2a: Zamazenta|80\/100\n|\n|upkeep\n|turn|19\n|inactive|drop coke has 60 seconds left.\n|inactive|kazutoxo has 120 seconds left.\n|\n|t:|1699823010\n|move|p2a: Zamazenta|Behemoth Bash|p1a: Lugia\n|-damage|p1a: Lugia|28\/100\n|move|p1a: Lugia|Aeroblast|p2a: Zamazenta\n|-damage|p2a: Zamazenta|58\/100\n|\n|upkeep\n|turn|20\n|\n|t:|1699823018\n|move|p2a: Zamazenta|Behemoth Bash|p1a: Lugia\n|-damage|p1a: Lugia|1\/100\n|move|p1a: Lugia|Roost|p1a: Lugia\n|-heal|p1a: Lugia|51\/100\n|-singleturn|p1a: Lugia|move: Roost\n|\n|upkeep\n|turn|21\n|\n|t:|1699823025\n|move|p2a: Zamazenta|Behemoth Bash|p1a: Lugia\n|-damage|p1a: Lugia|22\/100\n|move|p1a: Lugia|Roost|p1a: Lugia\n|-heal|p1a: Lugia|72\/100\n|-singleturn|p1a: Lugia|move: Roost\n|\n|upkeep\n|turn|22\n|\n|t:|1699823036\n|switch|p2a: Kyogre|Kyogre|100\/100\n|detailschange|p2a: Kyogre|Kyogre-Primal\n|-primal|p2a: Kyogre|Blue Orb\n|-weather|PrimordialSea|[from] ability: Primordial Sea|[of] p2a: Kyogre\n|move|p1a: Lugia|Roost|p1a: Lugia\n|-heal|p1a: Lugia|100\/100\n|-singleturn|p1a: Lugia|move: Roost\n|\n|-weather|PrimordialSea|[upkeep]\n|upkeep\n|turn|23\n|\n|t:|1699823044\n|move|p1a: Lugia|Toxic|p2a: Kyogre\n|-status|p2a: Kyogre|tox\n|move|p2a: Kyogre|Calm Mind|p2a: Kyogre\n|-boost|p2a: Kyogre|spa|1\n|-boost|p2a: Kyogre|spd|1\n|\n|-weather|PrimordialSea|[upkeep]\n|-damage|p2a: Kyogre|94\/100 tox|[from] psn\n|upkeep\n|turn|24\n|\n|t:|1699823052\n|move|p1a: Lugia|Defog|p2a: Kyogre\n|-unboost|p2a: Kyogre|evasion|1\n|move|p2a: Kyogre|Calm Mind|p2a: Kyogre\n|-boost|p2a: Kyogre|spa|1\n|-boost|p2a: Kyogre|spd|1\n|\n|-weather|PrimordialSea|[upkeep]\n|-damage|p2a: Kyogre|82\/100 tox|[from] psn\n|upkeep\n|turn|25\n|\n|t:|1699823060\n|move|p1a: Lugia|Aeroblast|p2a: Kyogre\n|-damage|p2a: Kyogre|74\/100 tox\n|move|p2a: Kyogre|Thunderbolt|p1a: Lugia\n|-supereffective|p1a: Lugia\n|-damage|p1a: Lugia|52\/100\n|\n|-weather|PrimordialSea|[upkeep]\n|-damage|p2a: Kyogre|55\/100 tox|[from] psn\n|upkeep\n|turn|26\n|\n|t:|1699823067\n|move|p1a: Lugia|Roost|p1a: Lugia\n|-heal|p1a: Lugia|100\/100\n|-singleturn|p1a: Lugia|move: Roost\n|move|p2a: Kyogre|Thunderbolt|p1a: Lugia\n|-damage|p1a: Lugia|76\/100\n|-status|p1a: Lugia|par\n|\n|-weather|PrimordialSea|[upkeep]\n|-damage|p2a: Kyogre|30\/100 tox|[from] psn\n|upkeep\n|turn|27\n|\n|t:|1699823078\n|move|p2a: Kyogre|Thunderbolt|p1a: Lugia\n|-supereffective|p1a: Lugia\n|-damage|p1a: Lugia|0 fnt\n|faint|p1a: Lugia\n|\n|-weather|PrimordialSea|[upkeep]\n|-damage|p2a: Kyogre|0 fnt|[from] psn\n|faint|p2a: Kyogre\n|-weather|none\n|upkeep\n|\n|t:|1699823090\n|switch|p1a: Metagross|Metagross|100\/100\n|switch|p2a: Necrozma|Necrozma-Ultra|83\/100 tox\n|turn|28\n|inactive|drop coke has 120 seconds left.\n|\n|t:|1699823098\n|detailschange|p1a: Metagross|Metagross-Mega\n|-mega|p1a: Metagross|Metagross|Metagrossite\n|move|p2a: Necrozma|Earthquake|p1a: Metagross\n|-supereffective|p1a: Metagross\n|-damage|p1a: Metagross|15\/100\n|move|p1a: Metagross|Earthquake|p2a: Necrozma\n|-damage|p2a: Necrozma|43\/100 tox\n|\n|-damage|p2a: Necrozma|37\/100 tox|[from] psn\n|upkeep\n|turn|29\n|\n|t:|1699823108\n|move|p2a: Necrozma|Earthquake|p1a: Metagross\n|-supereffective|p1a: Metagross\n|-damage|p1a: Metagross|0 fnt\n|faint|p1a: Metagross\n|\n|-damage|p2a: Necrozma|25\/100 tox|[from] psn\n|upkeep\n|\n|t:|1699823114\n|switch|p1a: Scrafty|Scrafty, F|100\/100\n|turn|30\n|inactive|drop coke has 120 seconds left.\n|\n|t:|1699823144\n|move|p2a: Necrozma|Photon Geyser|p1a: Scrafty\n|-immune|p1a: Scrafty\n|move|p1a: Scrafty|Bulk Up|p1a: Scrafty\n|-boost|p1a: Scrafty|atk|1\n|-boost|p1a: Scrafty|def|1\n|\n|-damage|p2a: Necrozma|7\/100 tox|[from] psn\n|upkeep\n|turn|31\n|\n|t:|1699823159\n|move|p2a: Necrozma|Sunsteel Strike|p1a: Scrafty\n|-damage|p1a: Scrafty|74\/100\n|move|p1a: Scrafty|Bulk Up|p1a: Scrafty\n|-boost|p1a: Scrafty|atk|1\n|-boost|p1a: Scrafty|def|1\n|\n|-heal|p1a: Scrafty|81\/100|[from] item: Leftovers\n|-damage|p2a: Necrozma|0 fnt|[from] psn\n|faint|p2a: Necrozma\n|upkeep\n|inactive|drop coke has 120 seconds left.\n|\n|t:|1699823169\n|switch|p2a: Zamazenta|Zamazenta-Crowned|58\/100\n|turn|32\n|inactive|drop coke has 120 seconds left.\n|\n|t:|1699823176\n|-terastallize|p2a: Zamazenta|Fighting\n|-terastallize|p1a: Scrafty|Poison\n|move|p2a: Zamazenta|Close Combat|p1a: Scrafty\n|-resisted|p1a: Scrafty\n|-damage|p1a: Scrafty|61\/100\n|-unboost|p2a: Zamazenta|def|1\n|-unboost|p2a: Zamazenta|spd|1\n|move|p1a: Scrafty|Bulk Up|p1a: Scrafty\n|-boost|p1a: Scrafty|atk|1\n|-boost|p1a: Scrafty|def|1\n|\n|-heal|p1a: Scrafty|67\/100|[from] item: Leftovers\n|upkeep\n|turn|33\n|\n|t:|1699823192\n|move|p2a: Zamazenta|Behemoth Bash|p1a: Scrafty\n|-damage|p1a: Scrafty|46\/100\n|move|p1a: Scrafty|Substitute|p1a: Scrafty\n|-start|p1a: Scrafty|Substitute\n|-damage|p1a: Scrafty|21\/100\n|\n|-heal|p1a: Scrafty|27\/100|[from] item: Leftovers\n|upkeep\n|turn|34\n|\n|t:|1699823200\n|move|p2a: Zamazenta|Behemoth Bash|p1a: Scrafty\n|-crit|p1a: Scrafty\n|-end|p1a: Scrafty|Substitute\n|move|p1a: Scrafty|Drain Punch|p2a: Zamazenta\n|-damage|p2a: Zamazenta|0 fnt\n|-heal|p1a: Scrafty|62\/100|[from] drain|[of] p2a: Zamazenta\n|faint|p2a: Zamazenta\n|\n|-heal|p1a: Scrafty|69\/100|[from] item: Leftovers\n|upkeep\n|\n|t:|1699823204\n|switch|p2a: Arceus|Arceus|55\/100 tox\n|turn|35\n|\n|t:|1699823211\n|move|p2a: Arceus|Judgment|p1a: Scrafty\n|-damage|p1a: Scrafty|40\/100\n|move|p1a: Scrafty|Drain Punch|p2a: Arceus\n|-supereffective|p2a: Arceus\n|-damage|p2a: Arceus|0 fnt\n|-heal|p1a: Scrafty|77\/100|[from] drain|[of] p2a: Arceus\n|faint|p2a: Arceus\n|\n|win|kazutoxo\n|raw|kazutoxo's rating: 1295 &rarr; <strong>1317<\/strong><br \/>(+22 for winning)\n|raw|drop coke's rating: 1251 &rarr; <strong>1229<\/strong><br \/>(-22 for losing)\n","uploadtime":1699823222,"views":6,"p1id":"kazutoxo","p2id":"dropcoke","formatid":"gen9nationaldexubers","rating":1229,"private":0,"password":""}