{"id":"gen9nationaldexubers-1986715943","p1":"Piotrfau","p2":"GEO-M0DE\u2734\ufe0f","format":"[Gen 9] National Dex Ubers","log":"|j|\u2606Piotrfau\n|j|\u2606GEO-M0DE\u2734\ufe0f\n|t:|1699513018\n|gametype|singles\n|player|p1|Piotrfau|170|1067\n|player|p2|GEO-M0DE\u2734\ufe0f|backpackerf|1011\n|teamsize|p1|6\n|teamsize|p2|6\n|gen|9\n|tier|[Gen 9] National Dex Ubers\n|rated|\n|rule|HP Percentage Mod: HP is shown in percentages\n|rule|Endless Battle Clause: Forcing endless battles is banned\n|rule|OHKO Clause: OHKO moves are banned\n|rule|Evasion Moves Clause: Evasion moves are banned\n|rule|Evasion Items Clause: Evasion items are banned\n|rule|Species Clause: Limit one of each Pok\u00e9mon\n|rule|Sleep Clause Mod: Limit one foe put to sleep\n|rule|Mega Rayquaza Clause: You cannot mega evolve Rayquaza\n|clearpoke\n|poke|p1|Golem, F|\n|poke|p1|Raichu, M|\n|poke|p1|Persian, M|\n|poke|p1|Marowak, M|\n|poke|p1|Raticate, F|\n|poke|p1|Muk, F|\n|poke|p2|Kleavor, M|\n|poke|p2|Silvally-*|\n|poke|p2|Landorus-Therian, M|\n|poke|p2|Ursaluna-Bloodmoon, M|\n|poke|p2|Crustle, M|\n|poke|p2|Gliscor, M|\n|teampreview\n|\n|t:|1699513025\n|start\n|switch|p1a: Muk|Muk, F|100\/100\n|switch|p2a: \u26f0\ufe0fGLISCOR\u26f0\ufe0f|Gliscor, M, shiny|100\/100\n|turn|1\n|inactive|Battle timer is ON: inactive players will automatically lose when time's up. (requested by Piotrfau)\n|\n|t:|1699513034\n|move|p2a: \u26f0\ufe0fGLISCOR\u26f0\ufe0f|Sandstorm|p2a: \u26f0\ufe0fGLISCOR\u26f0\ufe0f\n|-weather|Sandstorm\n|move|p1a: Muk|Toxic Spikes|p2a: \u26f0\ufe0fGLISCOR\u26f0\ufe0f\n|-sidestart|p2: GEO-M0DE\u2734\ufe0f|move: Toxic Spikes\n|\n|-weather|Sandstorm|[upkeep]\n|-damage|p1a: Muk|94\/100|[from] Sandstorm\n|-heal|p1a: Muk|100\/100|[from] item: Black Sludge\n|upkeep\n|turn|2\n|\n|t:|1699513043\n|move|p2a: \u26f0\ufe0fGLISCOR\u26f0\ufe0f|Mud-Slap|p1a: Muk\n|-supereffective|p1a: Muk\n|-damage|p1a: Muk|94\/100\n|-unboost|p1a: Muk|accuracy|1\n|move|p1a: Muk|Toxic Spikes|p2a: \u26f0\ufe0fGLISCOR\u26f0\ufe0f\n|-sidestart|p2: GEO-M0DE\u2734\ufe0f|move: Toxic Spikes\n|\n|-weather|Sandstorm|[upkeep]\n|-damage|p1a: Muk|88\/100|[from] Sandstorm\n|-heal|p1a: Muk|94\/100|[from] item: Black Sludge\n|upkeep\n|turn|3\n|\n|t:|1699513056\n|move|p2a: \u26f0\ufe0fGLISCOR\u26f0\ufe0f|Earthquake|p1a: Muk\n|-supereffective|p1a: Muk\n|-damage|p1a: Muk|23\/100\n|move|p1a: Muk|Acid Armor|p1a: Muk\n|-boost|p1a: Muk|def|2\n|\n|-weather|Sandstorm|[upkeep]\n|-damage|p1a: Muk|17\/100|[from] Sandstorm\n|-heal|p1a: Muk|23\/100|[from] item: Black Sludge\n|upkeep\n|turn|4\n|\n|t:|1699513067\n|move|p2a: \u26f0\ufe0fGLISCOR\u26f0\ufe0f|Earthquake|p1a: Muk\n|-supereffective|p1a: Muk\n|-damage|p1a: Muk|0 fnt\n|faint|p1a: Muk\n|\n|-weather|Sandstorm|[upkeep]\n|upkeep\n|\n|t:|1699513071\n|switch|p1a: Persian|Persian, M|100\/100\n|turn|5\n|\n|t:|1699513076\n|-terastallize|p1a: Persian|Normal\n|move|p1a: Persian|Fake Out|p2a: \u26f0\ufe0fGLISCOR\u26f0\ufe0f\n|-damage|p2a: \u26f0\ufe0fGLISCOR\u26f0\ufe0f|68\/100\n|-damage|p1a: Persian|91\/100|[from] item: Life Orb\n|cant|p2a: \u26f0\ufe0fGLISCOR\u26f0\ufe0f|flinch\n|\n|-weather|Sandstorm|[upkeep]\n|-damage|p1a: Persian|85\/100|[from] Sandstorm\n|upkeep\n|turn|6\n|\n|t:|1699513088\n|move|p1a: Persian|Body Slam|p2a: \u26f0\ufe0fGLISCOR\u26f0\ufe0f|[miss]\n|-miss|p1a: Persian|p2a: \u26f0\ufe0fGLISCOR\u26f0\ufe0f\n|move|p2a: \u26f0\ufe0fGLISCOR\u26f0\ufe0f|Mud-Slap|p1a: Persian\n|-damage|p1a: Persian|79\/100\n|-unboost|p1a: Persian|accuracy|1\n|\n|-weather|Sandstorm|[upkeep]\n|-damage|p1a: Persian|73\/100|[from] Sandstorm\n|upkeep\n|turn|7\n|\n|t:|1699513101\n|move|p1a: Persian|Body Slam|p2a: \u26f0\ufe0fGLISCOR\u26f0\ufe0f\n|-damage|p2a: \u26f0\ufe0fGLISCOR\u26f0\ufe0f|25\/100\n|-damage|p1a: Persian|63\/100|[from] item: Life Orb\n|move|p2a: \u26f0\ufe0fGLISCOR\u26f0\ufe0f|Mud-Slap|p1a: Persian\n|-damage|p1a: Persian|56\/100\n|-unboost|p1a: Persian|accuracy|1\n|\n|-weather|Sandstorm|[upkeep]\n|-damage|p1a: Persian|50\/100|[from] Sandstorm\n|upkeep\n|turn|8\n|\n|t:|1699513112\n|move|p1a: Persian|Body Slam|p2a: \u26f0\ufe0fGLISCOR\u26f0\ufe0f\n|-damage|p2a: \u26f0\ufe0fGLISCOR\u26f0\ufe0f|0 fnt\n|faint|p2a: \u26f0\ufe0fGLISCOR\u26f0\ufe0f\n|-damage|p1a: Persian|40\/100|[from] item: Life Orb\n|\n|-weather|none\n|upkeep\n|\n|t:|1699513121\n|switch|p2a: \ud83e\udea8KLEAVOR\ud83e\udea8|Kleavor, M|100\/100\n|-status|p2a: \ud83e\udea8KLEAVOR\ud83e\udea8|tox\n|turn|9\n|\n|t:|1699513134\n|switch|p1a: Golem|Golem, F|100\/100\n|move|p2a: \ud83e\udea8KLEAVOR\ud83e\udea8|Rock Tomb|p1a: Golem|[miss]\n|-miss|p2a: \ud83e\udea8KLEAVOR\ud83e\udea8|p1a: Golem\n|\n|-damage|p2a: \ud83e\udea8KLEAVOR\ud83e\udea8|94\/100 tox|[from] psn\n|upkeep\n|turn|10\n|\n|t:|1699513147\n|move|p2a: \ud83e\udea8KLEAVOR\ud83e\udea8|Rock Tomb|p1a: Golem\n|-resisted|p1a: Golem\n|-damage|p1a: Golem|88\/100\n|-unboost|p1a: Golem|spe|1\n|move|p1a: Golem|Counter|p2a: \ud83e\udea8KLEAVOR\ud83e\udea8\n|-damage|p2a: \ud83e\udea8KLEAVOR\ud83e\udea8|63\/100 tox\n|\n|-damage|p2a: \ud83e\udea8KLEAVOR\ud83e\udea8|51\/100 tox|[from] psn\n|upkeep\n|turn|11\n|\n|t:|1699513158\n|move|p2a: \ud83e\udea8KLEAVOR\ud83e\udea8|Sandstorm|p2a: \ud83e\udea8KLEAVOR\ud83e\udea8\n|-weather|Sandstorm\n|move|p1a: Golem|Earthquake|p2a: \ud83e\udea8KLEAVOR\ud83e\udea8\n|-damage|p2a: \ud83e\udea8KLEAVOR\ud83e\udea8|0 fnt\n|faint|p2a: \ud83e\udea8KLEAVOR\ud83e\udea8\n|\n|-weather|Sandstorm|[upkeep]\n|upkeep\n|\n|t:|1699513169\n|switch|p2a: \u26f0\ufe0f\u26f0\ufe0fLANDORUS\u26f0\ufe0f\u26f0\ufe0f|Landorus-Therian, M|100\/100\n|-ability|p2a: \u26f0\ufe0f\u26f0\ufe0fLANDORUS\u26f0\ufe0f\u26f0\ufe0f|Intimidate|boost\n|-unboost|p1a: Golem|atk|1\n|turn|12\n|\n|t:|1699513177\n|-terastallize|p2a: \u26f0\ufe0f\u26f0\ufe0fLANDORUS\u26f0\ufe0f\u26f0\ufe0f|Ground\n|move|p1a: Golem|Sucker Punch|p2a: \u26f0\ufe0f\u26f0\ufe0fLANDORUS\u26f0\ufe0f\u26f0\ufe0f\n|-damage|p2a: \u26f0\ufe0f\u26f0\ufe0fLANDORUS\u26f0\ufe0f\u26f0\ufe0f|81\/100\n|move|p2a: \u26f0\ufe0f\u26f0\ufe0fLANDORUS\u26f0\ufe0f\u26f0\ufe0f|Earthquake|p1a: Golem\n|-supereffective|p1a: Golem\n|-damage|p1a: Golem|0 fnt\n|faint|p1a: Golem\n|\n|-weather|Sandstorm|[upkeep]\n|upkeep\n|\n|t:|1699513197\n|switch|p1a: Persian|Persian, M, tera:Normal|40\/100\n|turn|13\n|\n|t:|1699513207\n|switch|p2a: \ud83e\udea8\ud83e\udea8CRUSTLE\ud83e\udea8\ud83e\udea8|Crustle, M, shiny|100\/100\n|-status|p2a: \ud83e\udea8\ud83e\udea8CRUSTLE\ud83e\udea8\ud83e\udea8|tox\n|move|p1a: Persian|Fake Out|p2a: \ud83e\udea8\ud83e\udea8CRUSTLE\ud83e\udea8\ud83e\udea8\n|-resisted|p2a: \ud83e\udea8\ud83e\udea8CRUSTLE\ud83e\udea8\ud83e\udea8\n|-damage|p2a: \ud83e\udea8\ud83e\udea8CRUSTLE\ud83e\udea8\ud83e\udea8|82\/100 tox\n|-ability|p2a: \ud83e\udea8\ud83e\udea8CRUSTLE\ud83e\udea8\ud83e\udea8|Weak Armor|boost\n|-unboost|p2a: \ud83e\udea8\ud83e\udea8CRUSTLE\ud83e\udea8\ud83e\udea8|def|1\n|-boost|p2a: \ud83e\udea8\ud83e\udea8CRUSTLE\ud83e\udea8\ud83e\udea8|spe|2\n|-damage|p1a: Persian|30\/100|[from] item: Life Orb\n|\n|-weather|Sandstorm|[upkeep]\n|-damage|p1a: Persian|24\/100|[from] Sandstorm\n|-damage|p2a: \ud83e\udea8\ud83e\udea8CRUSTLE\ud83e\udea8\ud83e\udea8|76\/100 tox|[from] psn\n|upkeep\n|turn|14\n|inactive|Piotrfau has 120 seconds left.\n|inactive|GEO-M0DE\u2734\ufe0f has 120 seconds left.\n|\n|t:|1699513258\n|move|p2a: \ud83e\udea8\ud83e\udea8CRUSTLE\ud83e\udea8\ud83e\udea8|Stone Edge|p1a: Persian\n|-damage|p1a: Persian|0 fnt\n|faint|p1a: Persian\n|\n|-weather|Sandstorm|[upkeep]\n|-damage|p2a: \ud83e\udea8\ud83e\udea8CRUSTLE\ud83e\udea8\ud83e\udea8|63\/100 tox|[from] psn\n|upkeep\n|\n|t:|1699513270\n|switch|p1a: Raticate|Raticate, F|100\/100\n|turn|15\n|\n|t:|1699513276\n|-zpower|p2a: \ud83e\udea8\ud83e\udea8CRUSTLE\ud83e\udea8\ud83e\udea8\n|move|p2a: \ud83e\udea8\ud83e\udea8CRUSTLE\ud83e\udea8\ud83e\udea8|Continental Crush|p1a: Raticate|[zeffect]\n|-damage|p1a: Raticate|0 fnt\n|faint|p1a: Raticate\n|\n|-weather|Sandstorm|[upkeep]\n|-damage|p2a: \ud83e\udea8\ud83e\udea8CRUSTLE\ud83e\udea8\ud83e\udea8|45\/100 tox|[from] psn\n|upkeep\n|\n|t:|1699513280\n|switch|p1a: Marowak|Marowak, M|100\/100\n|turn|16\n|\n|t:|1699513291\n|move|p2a: \ud83e\udea8\ud83e\udea8CRUSTLE\ud83e\udea8\ud83e\udea8|Stone Edge|p1a: Marowak\n|-resisted|p1a: Marowak\n|-damage|p1a: Marowak|77\/100\n|move|p1a: Marowak|Bonemerang|p2a: \ud83e\udea8\ud83e\udea8CRUSTLE\ud83e\udea8\ud83e\udea8|[miss]\n|-miss|p1a: Marowak|p2a: \ud83e\udea8\ud83e\udea8CRUSTLE\ud83e\udea8\ud83e\udea8\n|\n|-weather|Sandstorm|[upkeep]\n|-damage|p2a: \ud83e\udea8\ud83e\udea8CRUSTLE\ud83e\udea8\ud83e\udea8|21\/100 tox|[from] psn\n|upkeep\n|turn|17\n|inactive|Piotrfau has 120 seconds left.\n|\n|t:|1699513302\n|move|p2a: \ud83e\udea8\ud83e\udea8CRUSTLE\ud83e\udea8\ud83e\udea8|Rock Wrecker|p1a: Marowak\n|-resisted|p1a: Marowak\n|-damage|p1a: Marowak|41\/100\n|-mustrecharge|p2a: \ud83e\udea8\ud83e\udea8CRUSTLE\ud83e\udea8\ud83e\udea8\n|move|p1a: Marowak|Bonemerang|p2a: \ud83e\udea8\ud83e\udea8CRUSTLE\ud83e\udea8\ud83e\udea8\n|-damage|p2a: \ud83e\udea8\ud83e\udea8CRUSTLE\ud83e\udea8\ud83e\udea8|0 fnt\n|faint|p2a: \ud83e\udea8\ud83e\udea8CRUSTLE\ud83e\udea8\ud83e\udea8\n|-hitcount|p2: \ud83e\udea8\ud83e\udea8CRUSTLE\ud83e\udea8\ud83e\udea8|1\n|\n|-weather|Sandstorm|[upkeep]\n|upkeep\n|\n|t:|1699513314\n|switch|p2a: \u26f0\ufe0f\u26f0\ufe0fLANDORUS\u26f0\ufe0f\u26f0\ufe0f|Landorus-Therian, M, tera:Ground|81\/100\n|-status|p2a: \u26f0\ufe0f\u26f0\ufe0fLANDORUS\u26f0\ufe0f\u26f0\ufe0f|tox\n|-ability|p2a: \u26f0\ufe0f\u26f0\ufe0fLANDORUS\u26f0\ufe0f\u26f0\ufe0f|Intimidate|boost\n|-unboost|p1a: Marowak|atk|1\n|turn|18\n|\n|t:|1699513323\n|move|p2a: \u26f0\ufe0f\u26f0\ufe0fLANDORUS\u26f0\ufe0f\u26f0\ufe0f|Earthquake|p1a: Marowak\n|-damage|p1a: Marowak|0 fnt\n|faint|p1a: Marowak\n|\n|-weather|none\n|-damage|p2a: \u26f0\ufe0f\u26f0\ufe0fLANDORUS\u26f0\ufe0f\u26f0\ufe0f|75\/100 tox|[from] psn\n|upkeep\n|\n|t:|1699513326\n|switch|p1a: Raichu|Raichu, M|100\/100\n|turn|19\n|\n|t:|1699513335\n|move|p1a: Raichu|Surf|p2a: \u26f0\ufe0f\u26f0\ufe0fLANDORUS\u26f0\ufe0f\u26f0\ufe0f\n|-supereffective|p2a: \u26f0\ufe0f\u26f0\ufe0fLANDORUS\u26f0\ufe0f\u26f0\ufe0f\n|-damage|p2a: \u26f0\ufe0f\u26f0\ufe0fLANDORUS\u26f0\ufe0f\u26f0\ufe0f|0 fnt\n|faint|p2a: \u26f0\ufe0f\u26f0\ufe0fLANDORUS\u26f0\ufe0f\u26f0\ufe0f\n|-damage|p1a: Raichu|91\/100|[from] item: Life Orb\n|\n|upkeep\n|\n|t:|1699513342\n|switch|p2a: \u26f0\ufe0fSILVALLY-EARTH\u26f0\ufe0f|Silvally-Ground|100\/100\n|-status|p2a: \u26f0\ufe0fSILVALLY-EARTH\u26f0\ufe0f|tox\n|turn|20\n|\n|t:|1699513348\n|move|p1a: Raichu|Surf|p2a: \u26f0\ufe0fSILVALLY-EARTH\u26f0\ufe0f\n|-supereffective|p2a: \u26f0\ufe0fSILVALLY-EARTH\u26f0\ufe0f\n|-damage|p2a: \u26f0\ufe0fSILVALLY-EARTH\u26f0\ufe0f|32\/100 tox\n|-damage|p1a: Raichu|81\/100|[from] item: Life Orb\n|move|p2a: \u26f0\ufe0fSILVALLY-EARTH\u26f0\ufe0f|Multi-Attack|p1a: Raichu\n|-supereffective|p1a: Raichu\n|-damage|p1a: Raichu|0 fnt\n|faint|p1a: Raichu\n|\n|win|GEO-M0DE\u2734\ufe0f\n|raw|Piotrfau's rating: 1067 &rarr; <strong>1044<\/strong><br \/>(-23 for losing)\n|raw|GEO-M0DE\u2734\ufe0f's rating: 1011 &rarr; <strong>1055<\/strong><br \/>(+44 for winning)\n|l|\u2606Piotrfau\n","uploadtime":1699513585,"views":6,"p1id":"piotrfau","p2id":"geom0de","formatid":"gen9nationaldexubers","rating":1044,"private":0,"password":""}