{"id":"gen9nationaldexubers-1997863568","p1":"Wilfork","p2":"Ash Ketchum344","format":"[Gen 9] National Dex Ubers","log":"|j|\u2606Wilfork\n|j|\u2606Ash Ketchum344\n|t:|1700861093\n|gametype|singles\n|player|p1|Wilfork|265|1114\n|player|p2|Ash Ketchum344|lucas-gen4pt|1075\n|teamsize|p1|6\n|teamsize|p2|6\n|gen|9\n|tier|[Gen 9] National Dex Ubers\n|rated|\n|rule|HP Percentage Mod: HP is shown in percentages\n|rule|Endless Battle Clause: Forcing endless battles is banned\n|rule|OHKO Clause: OHKO moves are banned\n|rule|Evasion Moves Clause: Evasion moves are banned\n|rule|Evasion Items Clause: Evasion items are banned\n|rule|Species Clause: Limit one of each Pok\u00e9mon\n|rule|Sleep Clause Mod: Limit one foe put to sleep\n|rule|Mega Rayquaza Clause: You cannot mega evolve Rayquaza\n|clearpoke\n|poke|p1|Glastrier|\n|poke|p1|Ursaluna, M|\n|poke|p1|Farigiraf, M|\n|poke|p1|Charizard, F|\n|poke|p1|Baxcalibur, M|\n|poke|p1|Ninetales-Alola, F|\n|poke|p2|Lucario, M|\n|poke|p2|Dragonite, F|\n|poke|p2|Dracovish|\n|poke|p2|Gengar, M|\n|poke|p2|Sirfetch\u2019d, M|\n|poke|p2|Pikachu, F|\n|teampreview\n|inactive|Battle timer is ON: inactive players will automatically lose when time's up. (requested by Wilfork)\n|\n|t:|1700861106\n|start\n|switch|p1a: Charizard|Charizard, F|100\/100\n|switch|p2a: Pikachu|Pikachu, F|100\/100\n|turn|1\n|\n|t:|1700861116\n|move|p2a: Pikachu|Fake Out|p1a: Charizard\n|-damage|p1a: Charizard|74\/100\n|cant|p1a: Charizard|flinch\n|\n|upkeep\n|turn|2\n|\n|t:|1700861123\n|switch|p1a: Ursaluna|Ursaluna, M|100\/100\n|move|p2a: Pikachu|Volt Tackle|p1a: Ursaluna\n|-immune|p1a: Ursaluna\n|\n|-status|p1a: Ursaluna|brn|[from] item: Flame Orb\n|upkeep\n|turn|3\n|\n|t:|1700861138\n|move|p2a: Pikachu|Extreme Speed|p1a: Ursaluna\n|-damage|p1a: Ursaluna|73\/100 brn\n|move|p1a: Ursaluna|Facade|p2a: Pikachu\n|-damage|p2a: Pikachu|0 fnt\n|faint|p2a: Pikachu\n|\n|-damage|p1a: Ursaluna|67\/100 brn|[from] brn\n|upkeep\n|\n|t:|1700861142\n|switch|p2a: Dracovish|Dracovish|100\/100\n|turn|4\n|\n|t:|1700861146\n|switch|p1a: Ninetales|Ninetales-Alola, F|100\/100\n|-weather|Snow|[from] ability: Snow Warning|[of] p1a: Ninetales\n|move|p2a: Dracovish|Fishious Rend|p1a: Ninetales\n|-damage|p1a: Ninetales|0 fnt\n|faint|p1a: Ninetales\n|\n|-weather|Snow|[upkeep]\n|upkeep\n|\n|t:|1700861149\n|switch|p1a: Farigiraf|Farigiraf, M|100\/100\n|turn|5\n|\n|t:|1700861158\n|move|p2a: Dracovish|Fishious Rend|p1a: Farigiraf\n|-damage|p1a: Farigiraf|2\/100\n|move|p1a: Farigiraf|Trick Room|p1a: Farigiraf\n|-fieldstart|move: Trick Room|[of] p1a: Farigiraf\n|\n|-weather|Snow|[upkeep]\n|upkeep\n|turn|6\n|\n|t:|1700861169\n|move|p1a: Farigiraf|Hyper Beam|p2a: Dracovish\n|-damage|p2a: Dracovish|0 fnt\n|-mustrecharge|p1a: Farigiraf\n|faint|p2a: Dracovish\n|\n|-weather|Snow|[upkeep]\n|upkeep\n|\n|t:|1700861175\n|switch|p2a: Sirfetch\u2019d|Sirfetch\u2019d, M|100\/100\n|turn|7\n|\n|t:|1700861185\n|cant|p1a: Farigiraf|recharge\n|move|p2a: Sirfetch\u2019d|Close Combat|p1a: Farigiraf\n|-crit|p1a: Farigiraf\n|-damage|p1a: Farigiraf|0 fnt\n|-unboost|p2a: Sirfetch\u2019d|def|1\n|-unboost|p2a: Sirfetch\u2019d|spd|1\n|faint|p1a: Farigiraf\n|\n|-weather|Snow|[upkeep]\n|upkeep\n|\n|t:|1700861198\n|switch|p1a: Glastrier|Glastrier|100\/100\n|turn|8\n|\n|t:|1700861203\n|move|p1a: Glastrier|Crunch|p2a: Sirfetch\u2019d\n|-resisted|p2a: Sirfetch\u2019d\n|-damage|p2a: Sirfetch\u2019d|66\/100\n|-damage|p1a: Glastrier|91\/100|[from] item: Life Orb\n|move|p2a: Sirfetch\u2019d|Close Combat|p1a: Glastrier\n|-supereffective|p1a: Glastrier\n|-damage|p1a: Glastrier|0 fnt\n|-unboost|p2a: Sirfetch\u2019d|def|1\n|-unboost|p2a: Sirfetch\u2019d|spd|1\n|faint|p1a: Glastrier\n|\n|-weather|none\n|upkeep\n|\n|t:|1700861214\n|switch|p1a: Ursaluna|Ursaluna, M|67\/100 brn\n|turn|9\n|\n|t:|1700861219\n|move|p1a: Ursaluna|Headlong Rush|p2a: Sirfetch\u2019d\n|-damage|p2a: Sirfetch\u2019d|0 fnt\n|-unboost|p1a: Ursaluna|def|1\n|-unboost|p1a: Ursaluna|spd|1\n|faint|p2a: Sirfetch\u2019d\n|\n|-damage|p1a: Ursaluna|61\/100 brn|[from] brn\n|-fieldend|move: Trick Room\n|upkeep\n|\n|t:|1700861227\n|switch|p2a: Gengar|Gengar, M|100\/100\n|turn|10\n|\n|t:|1700861244\n|-terastallize|p2a: Gengar|Fairy\n|move|p2a: Gengar|Dazzling Gleam|p1a: Ursaluna\n|-damage|p1a: Ursaluna|0 fnt\n|faint|p1a: Ursaluna\n|\n|upkeep\n|\n|t:|1700861248\n|switch|p1a: Charizard|Charizard, F|74\/100\n|turn|11\n|\n|t:|1700861252\n|detailschange|p1a: Charizard|Charizard-Mega-Y, F\n|-mega|p1a: Charizard|Charizard|Charizardite Y\n|-weather|SunnyDay|[from] ability: Drought|[of] p1a: Charizard\n|move|p2a: Gengar|Dazzling Gleam|p1a: Charizard\n|-resisted|p1a: Charizard\n|-damage|p1a: Charizard|44\/100\n|move|p1a: Charizard|Weather Ball|p2a: Gengar\n|-crit|p2a: Gengar\n|-damage|p2a: Gengar|0 fnt\n|-start|p1a: Charizard|Disable|Weather Ball|[from] ability: Cursed Body|[of] p2a: Gengar\n|faint|p2a: Gengar\n|\n|-weather|SunnyDay|[upkeep]\n|upkeep\n|\n|t:|1700861264\n|switch|p2a: Dragonite|Dragonite, F|100\/100\n|turn|12\n|\n|t:|1700861269\n|move|p1a: Charizard|Air Slash|p2a: Dragonite\n|-damage|p2a: Dragonite|76\/100\n|move|p2a: Dragonite|Dragon Dance|p2a: Dragonite\n|-boost|p2a: Dragonite|atk|1\n|-boost|p2a: Dragonite|spe|1\n|\n|-weather|SunnyDay|[upkeep]\n|upkeep\n|turn|13\n|\n|t:|1700861284\n|move|p2a: Dragonite|Dragon Dance|p2a: Dragonite\n|-boost|p2a: Dragonite|atk|1\n|-boost|p2a: Dragonite|spe|1\n|move|p1a: Charizard|Air Slash|p2a: Dragonite\n|-damage|p2a: Dragonite|28\/100\n|\n|-weather|SunnyDay|[upkeep]\n|upkeep\n|turn|14\n|\n|t:|1700861292\n|move|p2a: Dragonite|Dragon Claw|p1a: Charizard\n|-damage|p1a: Charizard|0 fnt\n|faint|p1a: Charizard\n|\n|-weather|SunnyDay|[upkeep]\n|upkeep\n|\n|t:|1700861295\n|switch|p1a: Baxcalibur|Baxcalibur, M|100\/100\n|turn|15\n|\n|t:|1700861301\n|move|p2a: Dragonite|Extreme Speed|p1a: Baxcalibur\n|-damage|p1a: Baxcalibur|43\/100\n|move|p1a: Baxcalibur|Glaive Rush|p2a: Dragonite\n|-supereffective|p2a: Dragonite\n|-damage|p2a: Dragonite|0 fnt\n|-singlemove|p1a: Baxcalibur|Glaive Rush|[silent]\n|faint|p2a: Dragonite\n|\n|-weather|none\n|upkeep\n|\n|t:|1700861306\n|switch|p2a: Lucario|Lucario, M|100\/100\n|turn|16\n|\n|t:|1700861313\n|detailschange|p2a: Lucario|Lucario-Mega, M\n|-mega|p2a: Lucario|Lucario|Lucarionite\n|-terastallize|p1a: Baxcalibur|Dragon\n|move|p2a: Lucario|Bullet Punch|p1a: Baxcalibur\n|-damage|p1a: Baxcalibur|0 fnt\n|faint|p1a: Baxcalibur\n|\n|win|Ash Ketchum344\n|raw|Wilfork's rating: 1114 &rarr; <strong>1086<\/strong><br \/>(-28 for losing)\n|raw|Ash Ketchum344's rating: 1075 &rarr; <strong>1107<\/strong><br \/>(+32 for winning)\n|l|\u2606Wilfork\n","uploadtime":1700861326,"views":1,"p1id":"wilfork","p2id":"ashketchum344","formatid":"gen9nationaldexubers","rating":1086,"private":0,"password":""}