{"id":"gen9nationaldexubers-1984096683","p1":"bog babushka","p2":"Tazz21","format":"[Gen 9] National Dex Ubers","log":"|j|\u2606bog babushka\n|j|\u2606Tazz21\n|t:|1699218306\n|gametype|singles\n|player|p1|bog babushka|2|\n|player|p2|Tazz21|169|\n|teamsize|p1|6\n|teamsize|p2|6\n|gen|9\n|tier|[Gen 9] National Dex Ubers\n|rule|HP Percentage Mod: HP is shown in percentages\n|rule|Endless Battle Clause: Forcing endless battles is banned\n|rule|OHKO Clause: OHKO moves are banned\n|rule|Evasion Moves Clause: Evasion moves are banned\n|rule|Evasion Items Clause: Evasion items are banned\n|rule|Species Clause: Limit one of each Pok\u00e9mon\n|rule|Sleep Clause Mod: Limit one foe put to sleep\n|rule|Mega Rayquaza Clause: You cannot mega evolve Rayquaza\n|clearpoke\n|poke|p1|Arceus-Ice|\n|poke|p1|Chi-Yu|\n|poke|p1|Groudon|\n|poke|p1|Roaring Moon|\n|poke|p1|Scizor, M|\n|poke|p1|Regieleki|\n|poke|p2|Arceus-Poison|\n|poke|p2|Zygarde|\n|poke|p2|Blacephalon|\n|poke|p2|Ferrothorn, F|\n|poke|p2|Yveltal|\n|poke|p2|Banette, M|\n|teampreview\n|j| AshenAraquanid\n|c|\u2606Tazz21|How long we wanna wait for folks\n|j| lonly wolf\n|c|\u2606bog babushka|gonna give them a few moments, they can always watch replay tbh\n|c|\u2606Tazz21|tru tru\n|j| AbstractVoid\n|\n|t:|1699218519\n|start\n|switch|p1a: DO NOT EAT!!!|Arceus-Ice, shiny|100\/100\n|switch|p2a: Russian Roulette|Blacephalon|100\/100\n|turn|1\n|j| PaperDrMario\n|j| HopeAddict\n|\n|t:|1699218589\n|switch|p1a: Aliexpress Ho-Oh|Roaring Moon|100\/100\n|move|p2a: Russian Roulette|Flamethrower|p1a: Aliexpress Ho-Oh\n|-resisted|p1a: Aliexpress Ho-Oh\n|-damage|p1a: Aliexpress Ho-Oh|76\/100\n|\n|upkeep\n|turn|2\n|\n|t:|1699218601\n|switch|p2a: Seedler Terraria|Ferrothorn, F|100\/100\n|move|p1a: Aliexpress Ho-Oh|Dragon Dance|p1a: Aliexpress Ho-Oh\n|-boost|p1a: Aliexpress Ho-Oh|atk|1\n|-boost|p1a: Aliexpress Ho-Oh|spe|1\n|\n|upkeep\n|turn|3\n|\n|t:|1699218631\n|move|p1a: Aliexpress Ho-Oh|Crunch|p2a: Seedler Terraria\n|-damage|p2a: Seedler Terraria|56\/100\n|-damage|p1a: Aliexpress Ho-Oh|64\/100|[from] ability: Iron Barbs|[of] p2a: Seedler Terraria\n|move|p2a: Seedler Terraria|Substitute|p2a: Seedler Terraria\n|-start|p2a: Seedler Terraria|Substitute\n|-damage|p2a: Seedler Terraria|31\/100\n|\n|-heal|p2a: Seedler Terraria|37\/100|[from] item: Leftovers\n|upkeep\n|turn|4\n|\n|t:|1699218685\n|move|p1a: Aliexpress Ho-Oh|Crunch|p2a: Seedler Terraria\n|-end|p2a: Seedler Terraria|Substitute\n|move|p2a: Seedler Terraria|Body Press|p1a: Aliexpress Ho-Oh\n|-supereffective|p1a: Aliexpress Ho-Oh\n|-damage|p1a: Aliexpress Ho-Oh|0 fnt\n|faint|p1a: Aliexpress Ho-Oh\n|-end|p1a: Aliexpress Ho-Oh|Protosynthesis|[silent]\n|\n|-heal|p2a: Seedler Terraria|43\/100|[from] item: Leftovers\n|upkeep\n|\n|t:|1699218696\n|switch|p1a: Living Like Larry|Groudon|100\/100\n|-weather|SunnyDay|[from] ability: Drought|[of] p1a: Living Like Larry\n|turn|5\n|\n|t:|1699218719\n|switch|p2a: Flutter Fear|Zygarde|100\/100\n|move|p1a: Living Like Larry|Earthquake|p2a: Flutter Fear\n|-damage|p2a: Flutter Fear|52\/100\n|\n|-weather|SunnyDay|[upkeep]\n|-heal|p2a: Flutter Fear|58\/100|[from] item: Leftovers\n|upkeep\n|turn|6\n|\n|t:|1699218732\n|move|p2a: Flutter Fear|Coil|p2a: Flutter Fear\n|-boost|p2a: Flutter Fear|atk|1\n|-boost|p2a: Flutter Fear|def|1\n|-boost|p2a: Flutter Fear|accuracy|1\n|move|p1a: Living Like Larry|Will-O-Wisp|p2a: Flutter Fear\n|-status|p2a: Flutter Fear|brn\n|\n|-weather|SunnyDay|[upkeep]\n|-heal|p2a: Flutter Fear|64\/100 brn|[from] item: Leftovers\n|-damage|p2a: Flutter Fear|58\/100 brn|[from] brn\n|upkeep\n|turn|7\n|\n|t:|1699218776\n|switch|p1a: DO NOT EAT!!!|Arceus-Ice, shiny|100\/100\n|move|p2a: Flutter Fear|Glare|p1a: DO NOT EAT!!!\n|-status|p1a: DO NOT EAT!!!|par\n|\n|-weather|SunnyDay|[upkeep]\n|-heal|p2a: Flutter Fear|64\/100 brn|[from] item: Leftovers\n|-damage|p2a: Flutter Fear|58\/100 brn|[from] brn\n|upkeep\n|turn|8\n|\n|t:|1699218822\n|move|p2a: Flutter Fear|Coil|p2a: Flutter Fear\n|-boost|p2a: Flutter Fear|atk|1\n|-boost|p2a: Flutter Fear|def|1\n|-boost|p2a: Flutter Fear|accuracy|1\n|move|p1a: DO NOT EAT!!!|Thunder Wave|p2a: Flutter Fear\n|-immune|p2a: Flutter Fear\n|\n|-weather|SunnyDay|[upkeep]\n|-heal|p2a: Flutter Fear|64\/100 brn|[from] item: Leftovers\n|-damage|p2a: Flutter Fear|58\/100 brn|[from] brn\n|upkeep\n|turn|9\n|\n|t:|1699218842\n|move|p2a: Flutter Fear|Thousand Arrows|p1a: DO NOT EAT!!!\n|-damage|p1a: DO NOT EAT!!!|71\/100 par\n|cant|p1a: DO NOT EAT!!!|par\n|\n|-weather|SunnyDay|[upkeep]\n|-heal|p2a: Flutter Fear|64\/100 brn|[from] item: Leftovers\n|-damage|p2a: Flutter Fear|58\/100 brn|[from] brn\n|upkeep\n|turn|10\n|\n|t:|1699218853\n|switch|p2a: Russian Roulette|Blacephalon|100\/100\n|move|p1a: DO NOT EAT!!!|Judgment|p2a: Russian Roulette\n|-resisted|p2a: Russian Roulette\n|-damage|p2a: Russian Roulette|45\/100\n|\n|-weather|SunnyDay|[upkeep]\n|upkeep\n|turn|11\n|\n|t:|1699218912\n|switch|p1a: Living Like Larry|Groudon|100\/100\n|move|p2a: Russian Roulette|Flamethrower|p1a: Living Like Larry\n|-damage|p1a: Living Like Larry|22\/100\n|\n|-weather|SunnyDay|[upkeep]\n|upkeep\n|turn|12\n|\n|t:|1699218962\n|move|p2a: Russian Roulette|Flamethrower|p1a: Living Like Larry\n|-damage|p1a: Living Like Larry|0 fnt\n|faint|p1a: Living Like Larry\n|-ability|p2a: Russian Roulette|Beast Boost|boost\n|-boost|p2a: Russian Roulette|spa|1\n|\n|-weather|none\n|upkeep\n|\n|t:|1699218996\n|switch|p1a: BUWNING AWIVE|Chi-Yu|100\/100\n|-ability|p1a: BUWNING AWIVE|Beads of Ruin\n|turn|13\n|c| HopeAddict|le fishe\n|c|\u2606Tazz21|HEWWO? I AM BUWNING AWIVE! HEWWO?\n|\n|t:|1699219092\n|move|p2a: Russian Roulette|Flamethrower|p1a: BUWNING AWIVE\n|-resisted|p1a: BUWNING AWIVE\n|-damage|p1a: BUWNING AWIVE|51\/100\n|move|p1a: BUWNING AWIVE|Flamethrower|p2a: Russian Roulette\n|-resisted|p2a: Russian Roulette\n|-damage|p2a: Russian Roulette|0 fnt\n|faint|p2a: Russian Roulette\n|\n|upkeep\n|\n|t:|1699219140\n|switch|p2a: ToxicLethalLeague|Arceus-Poison|100\/100\n|turn|14\n|c| AshenAraquanid|ballin\n|c| AbstractVoid|her...\n|\n|t:|1699219222\n|switch|p1a: Scissor Man|Scizor, M|100\/100\n|move|p2a: ToxicLethalLeague|Gunk Shot|p1a: Scissor Man\n|-immune|p1a: Scissor Man\n|\n|upkeep\n|turn|15\n|\n|t:|1699219246\n|switch|p2a: Flutter Fear|Zygarde|58\/100 brn\n|detailschange|p1a: Scissor Man|Scizor-Mega, M\n|-mega|p1a: Scissor Man|Scizor|Scizorite\n|move|p1a: Scissor Man|Bullet Punch|p2a: Flutter Fear\n|-damage|p2a: Flutter Fear|37\/100 brn\n|\n|-heal|p2a: Flutter Fear|43\/100 brn|[from] item: Leftovers\n|-damage|p2a: Flutter Fear|37\/100 brn|[from] brn\n|-activate|p2a: Flutter Fear|ability: Power Construct\n|detailschange|p2a: Flutter Fear|Zygarde-Complete\n|-heal|p2a: Flutter Fear|59\/100 brn|[silent]\n|upkeep\n|turn|16\n|\n|t:|1699219289\n|move|p2a: Flutter Fear|Glare|p1a: Scissor Man\n|-status|p1a: Scissor Man|par\n|cant|p1a: Scissor Man|par\n|\n|-heal|p2a: Flutter Fear|65\/100 brn|[from] item: Leftovers\n|-damage|p2a: Flutter Fear|59\/100 brn|[from] brn\n|upkeep\n|turn|17\n|\n|t:|1699219297\n|move|p2a: Flutter Fear|Coil|p2a: Flutter Fear\n|-boost|p2a: Flutter Fear|atk|1\n|-boost|p2a: Flutter Fear|def|1\n|-boost|p2a: Flutter Fear|accuracy|1\n|move|p1a: Scissor Man|U-turn|p2a: Flutter Fear\n|-damage|p2a: Flutter Fear|48\/100 brn\n|\n|t:|1699219315\n|switch|p1a: BUWNING AWIVE|Chi-Yu|51\/100|[from] U-turn\n|-ability|p1a: BUWNING AWIVE|Beads of Ruin\n|\n|-heal|p2a: Flutter Fear|54\/100 brn|[from] item: Leftovers\n|-damage|p2a: Flutter Fear|48\/100 brn|[from] brn\n|upkeep\n|turn|18\n|\n|t:|1699219409\n|move|p2a: Flutter Fear|Extreme Speed|p1a: BUWNING AWIVE\n|-damage|p1a: BUWNING AWIVE|23\/100\n|move|p1a: BUWNING AWIVE|Dark Pulse|p2a: Flutter Fear\n|-damage|p2a: Flutter Fear|1\/100 brn\n|\n|-heal|p2a: Flutter Fear|8\/100 brn|[from] item: Leftovers\n|-damage|p2a: Flutter Fear|1\/100 brn|[from] brn\n|upkeep\n|turn|19\n|\n|t:|1699219421\n|switch|p1a: Scissor Man|Scizor-Mega, M|100\/100 par\n|move|p2a: Flutter Fear|Extreme Speed|p1a: Scissor Man\n|-resisted|p1a: Scissor Man\n|-damage|p1a: Scissor Man|95\/100 par\n|\n|-heal|p2a: Flutter Fear|8\/100 brn|[from] item: Leftovers\n|-damage|p2a: Flutter Fear|1\/100 brn|[from] brn\n|upkeep\n|turn|20\n|\n|t:|1699219433\n|move|p1a: Scissor Man|Bullet Punch|p2a: Flutter Fear\n|-damage|p2a: Flutter Fear|0 fnt\n|faint|p2a: Flutter Fear\n|\n|upkeep\n|\n|t:|1699219438\n|switch|p2a: XD001?|Yveltal|100\/100\n|-ability|p2a: XD001?|Dark Aura\n|turn|21\n|\n|t:|1699219472\n|move|p2a: XD001?|Heat Wave|p1a: Scissor Man\n|-supereffective|p1a: Scissor Man\n|-damage|p1a: Scissor Man|0 fnt\n|faint|p1a: Scissor Man\n|\n|upkeep\n|\n|t:|1699219495\n|switch|p1a: BUWNING AWIVE|Chi-Yu|23\/100\n|-ability|p1a: BUWNING AWIVE|Beads of Ruin\n|turn|22\n|\n|t:|1699219533\n|move|p2a: XD001?|Sucker Punch|p1a: BUWNING AWIVE\n|-resisted|p1a: BUWNING AWIVE\n|-crit|p1a: BUWNING AWIVE\n|-damage|p1a: BUWNING AWIVE|0 fnt\n|faint|p1a: BUWNING AWIVE\n|\n|upkeep\n|\n|t:|1699219605\n|switch|p1a: HOORAY!!|Regieleki, shiny|100\/100\n|turn|23\n|c| HopeAddict|yippee!!!\n|\n|t:|1699219615\n|switch|p2a: Seedler Terraria|Ferrothorn, F|43\/100\n|move|p1a: HOORAY!!|Thunderbolt|p2a: Seedler Terraria\n|-resisted|p2a: Seedler Terraria\n|-damage|p2a: Seedler Terraria|20\/100\n|\n|-heal|p2a: Seedler Terraria|26\/100|[from] item: Leftovers\n|upkeep\n|turn|24\n|\n|t:|1699219749\n|move|p1a: HOORAY!!|Thunderbolt|p2a: Seedler Terraria\n|-resisted|p2a: Seedler Terraria\n|-damage|p2a: Seedler Terraria|2\/100\n|move|p2a: Seedler Terraria|Body Press|p1a: HOORAY!!\n|-damage|p1a: HOORAY!!|52\/100\n|\n|-heal|p2a: Seedler Terraria|8\/100|[from] item: Leftovers\n|upkeep\n|turn|25\n|\n|t:|1699219756\n|move|p1a: HOORAY!!|Thunderbolt|p2a: Seedler Terraria\n|-resisted|p2a: Seedler Terraria\n|-damage|p2a: Seedler Terraria|0 fnt\n|faint|p2a: Seedler Terraria\n|\n|upkeep\n|\n|t:|1699219825\n|switch|p2a: ToxicLethalLeague|Arceus-Poison|100\/100\n|turn|26\n|\n|t:|1699219871\n|move|p1a: HOORAY!!|Thunderbolt|p2a: ToxicLethalLeague\n|-damage|p2a: ToxicLethalLeague|73\/100\n|move|p2a: ToxicLethalLeague|Gunk Shot|p1a: HOORAY!!|[miss]\n|-miss|p2a: ToxicLethalLeague|p1a: HOORAY!!\n|\n|upkeep\n|turn|27\n|\n|t:|1699219887\n|move|p1a: HOORAY!!|Reflect|p1a: HOORAY!!\n|-sidestart|p1: bog babushka|Reflect\n|move|p2a: ToxicLethalLeague|Recover|p2a: ToxicLethalLeague\n|-heal|p2a: ToxicLethalLeague|100\/100\n|\n|upkeep\n|turn|28\n|\n|t:|1699219907\n|move|p1a: HOORAY!!|Volt Switch|p2a: ToxicLethalLeague\n|-damage|p2a: ToxicLethalLeague|78\/100\n|\n|t:|1699219911\n|switch|p1a: DO NOT EAT!!!|Arceus-Ice, shiny|71\/100 par|[from] Volt Switch\n|move|p2a: ToxicLethalLeague|Toxic||[still]\n|-fail|p2a: ToxicLethalLeague\n|\n|upkeep\n|turn|29\n|\n|t:|1699219941\n|switch|p2a: Dont use-|Banette, M|100\/100\n|-item|p1a: DO NOT EAT!!!|Icicle Plate|[from] ability: Frisk|[of] p2a: Dont use-|[identify]\n|cant|p1a: DO NOT EAT!!!|par\n|\n|upkeep\n|turn|30\n|\n|t:|1699219954\n|detailschange|p2a: Dont use-|Banette-Mega, M\n|-mega|p2a: Dont use-|Banette|Banettite\n|move|p2a: Dont use-|Shadow Sneak|p1a: DO NOT EAT!!!\n|-damage|p1a: DO NOT EAT!!!|62\/100 par\n|move|p1a: DO NOT EAT!!!|Judgment|p2a: Dont use-\n|-damage|p2a: Dont use-|19\/100\n|\n|upkeep\n|turn|31\n|\n|t:|1699219961\n|move|p2a: Dont use-|Destiny Bond|p2a: Dont use-\n|-singlemove|p2a: Dont use-|Destiny Bond\n|move|p1a: DO NOT EAT!!!|Judgment|p2a: Dont use-\n|-damage|p2a: Dont use-|0 fnt\n|faint|p2a: Dont use-\n|-activate|p2a: Dont use-|move: Destiny Bond\n|faint|p1a: DO NOT EAT!!!\n|\n|upkeep\n|c| PaperDrMario|HO SHIT\n|\n|t:|1699219969\n|switch|p1a: HOORAY!!|Regieleki, shiny|52\/100\n|switch|p2a: ToxicLethalLeague|Arceus-Poison|78\/100\n|turn|32\n|c| HopeAddict|the classic\n|c| AshenAraquanid|niceee\n|\n|t:|1699219978\n|move|p1a: HOORAY!!|Thunderbolt|p2a: ToxicLethalLeague\n|-damage|p2a: ToxicLethalLeague|48\/100\n|move|p2a: ToxicLethalLeague|Toxic|p1a: HOORAY!!\n|-status|p1a: HOORAY!!|tox\n|\n|-damage|p1a: HOORAY!!|46\/100 tox|[from] psn\n|upkeep\n|turn|33\n|\n|t:|1699219984\n|move|p1a: HOORAY!!|Thunderbolt|p2a: ToxicLethalLeague\n|-damage|p2a: ToxicLethalLeague|20\/100\n|move|p2a: ToxicLethalLeague|Recover|p2a: ToxicLethalLeague\n|-heal|p2a: ToxicLethalLeague|70\/100\n|\n|-damage|p1a: HOORAY!!|34\/100 tox|[from] psn\n|upkeep\n|turn|34\n|\n|t:|1699219999\n|move|p1a: HOORAY!!|Thunderbolt|p2a: ToxicLethalLeague\n|-damage|p2a: ToxicLethalLeague|43\/100\n|move|p2a: ToxicLethalLeague|Recover|p2a: ToxicLethalLeague\n|-heal|p2a: ToxicLethalLeague|93\/100\n|\n|-damage|p1a: HOORAY!!|16\/100 tox|[from] psn\n|-sideend|p1: bog babushka|Reflect\n|upkeep\n|turn|35\n|\n|t:|1699220007\n|move|p1a: HOORAY!!|Thunderbolt|p2a: ToxicLethalLeague\n|-damage|p2a: ToxicLethalLeague|64\/100\n|move|p2a: ToxicLethalLeague|Gunk Shot|p1a: HOORAY!!\n|-damage|p1a: HOORAY!!|0 fnt\n|faint|p1a: HOORAY!!\n|\n|win|Tazz21\n|c|\u2606bog babushka|gg\n|c|\u2606Tazz21|gg\n|l| lonly wolf\n|l| AshenAraquanid\n|l| HopeAddict\n|l| PaperDrMario\n","uploadtime":1699220029,"views":57,"p1id":"bogbabushka","p2id":"tazz21","formatid":"gen9nationaldexubers","rating":0,"private":0,"password":""}