{"id":"gen9nationaldexubers-1979345709","p1":"RenegadeBlacepalon","p2":"flamingwrench11234","format":"[Gen 9] National Dex Ubers","log":"|j|\u2606RenegadeBlacepalon\n|j|\u2606flamingwrench11234\n|t:|1698673620\n|gametype|singles\n|player|p1|RenegadeBlacepalon|volo|1615\n|player|p2|flamingwrench11234|102|1662\n|teamsize|p1|6\n|teamsize|p2|6\n|gen|9\n|tier|[Gen 9] National Dex Ubers\n|rated|\n|rule|HP Percentage Mod: HP is shown in percentages\n|rule|Endless Battle Clause: Forcing endless battles is banned\n|rule|OHKO Clause: OHKO moves are banned\n|rule|Evasion Moves Clause: Evasion moves are banned\n|rule|Evasion Items Clause: Evasion items are banned\n|rule|Species Clause: Limit one of each Pok\u00e9mon\n|rule|Sleep Clause Mod: Limit one foe put to sleep\n|rule|Mega Rayquaza Clause: You cannot mega evolve Rayquaza\n|clearpoke\n|poke|p1|Arceus-Rock|\n|poke|p1|Kyogre|\n|poke|p1|Zacian-*|\n|poke|p1|Giratina|\n|poke|p1|Eternatus|\n|poke|p1|Necrozma-Dusk-Mane|\n|poke|p2|Arceus-Ground|\n|poke|p2|Xerneas-*|\n|poke|p2|Yveltal|\n|poke|p2|Ho-Oh|\n|poke|p2|Groudon|\n|poke|p2|Marshadow|\n|teampreview\n|inactive|Battle timer is ON: inactive players will automatically lose when time's up. (requested by RenegadeBlacepalon)\n|j| usamo 2021\n|inactive|flamingwrench11234 has 120 seconds left.\n|j| Tianelfik\n|\n|t:|1698673660\n|start\n|switch|p1a: Arceus|Arceus-Rock|100\/100\n|switch|p2a: Yveltal|Yveltal|100\/100\n|-ability|p2a: Yveltal|Dark Aura\n|turn|1\n|l| Tianelfik\n|c| usamo 2021|arceus-rock?\n|c| usamo 2021|cool\n|c|\u2606RenegadeBlacepalon|yes\n|c|\u2606RenegadeBlacepalon|anti meta\n|\n|t:|1698673678\n|-terastallize|p2a: Yveltal|Dark\n|move|p1a: Arceus|Calm Mind|p1a: Arceus\n|-boost|p1a: Arceus|spa|1\n|-boost|p1a: Arceus|spd|1\n|move|p2a: Yveltal|Dark Pulse|p1a: Arceus\n|-damage|p1a: Arceus|47\/100\n|-damage|p2a: Yveltal|91\/100|[from] item: Life Orb\n|\n|upkeep\n|turn|2\n|c| usamo 2021|i use electric\n|c|\u2606RenegadeBlacepalon|nice\n|c|\u2606RenegadeBlacepalon|i used it\n|\n|t:|1698673692\n|move|p1a: Arceus|Recover|p1a: Arceus\n|-heal|p1a: Arceus|97\/100\n|move|p2a: Yveltal|Knock Off|p1a: Arceus\n|-damage|p1a: Arceus|48\/100\n|-damage|p2a: Yveltal|81\/100|[from] item: Life Orb\n|\n|upkeep\n|turn|3\n|c|\u2606RenegadeBlacepalon|pdon stops it\n|\n|t:|1698673699\n|switch|p2a: Marshadow|Marshadow|100\/100\n|move|p1a: Arceus|Judgment|p2a: Marshadow\n|-resisted|p2a: Marshadow\n|-damage|p2a: Marshadow|49\/100\n|\n|upkeep\n|turn|4\n|\n|t:|1698673705\n|switch|p1a: Eternatus|Eternatus|100\/100\n|-ability|p1a: Eternatus|Pressure\n|move|p2a: Marshadow|Low Kick|p1a: Eternatus\n|-resisted|p1a: Eternatus\n|-damage|p1a: Eternatus|64\/100\n|-damage|p2a: Marshadow|39\/100|[from] item: Life Orb\n|\n|upkeep\n|turn|5\n|\n|t:|1698673711\n|switch|p2a: Groudon|Groudon|100\/100\n|detailschange|p2a: Groudon|Groudon-Primal\n|-primal|p2a: Groudon|Red Orb\n|-weather|DesolateLand|[from] ability: Desolate Land|[of] p2a: Groudon\n|move|p1a: Eternatus|Sludge Wave|p2a: Groudon\n|-resisted|p2a: Groudon\n|-crit|p2a: Groudon\n|-damage|p2a: Groudon|66\/100\n|-status|p2a: Groudon|psn\n|\n|-weather|DesolateLand|[upkeep]\n|-damage|p2a: Groudon|53\/100 psn|[from] psn\n|upkeep\n|turn|6\n|\n|t:|1698673715\n|switch|p1a: Kyogre|Kyogre, shiny|100\/100\n|detailschange|p1a: Kyogre|Kyogre-Primal, shiny\n|-primal|p1a: Kyogre|Blue Orb\n|-weather|PrimordialSea|[from] ability: Primordial Sea|[of] p1a: Kyogre\n|move|p2a: Groudon|Stealth Rock|p1a: Kyogre\n|-sidestart|p1: RenegadeBlacepalon|move: Stealth Rock\n|\n|-weather|PrimordialSea|[upkeep]\n|-damage|p2a: Groudon|41\/100 psn|[from] psn\n|upkeep\n|turn|7\n|\n|t:|1698673720\n|move|p2a: Groudon|Precipice Blades|p1a: Kyogre|[miss]\n|-miss|p2a: Groudon|p1a: Kyogre\n|move|p1a: Kyogre|Surf|p2a: Groudon\n|-supereffective|p2a: Groudon\n|-damage|p2a: Groudon|0 fnt\n|faint|p2a: Groudon\n|\n|-weather|PrimordialSea|[upkeep]\n|upkeep\n|c| usamo 2021|with help from giratina-o its great\n|c|\u2606RenegadeBlacepalon|urfor\n|\n|t:|1698673728\n|switch|p2a: Yveltal|Yveltal, tera:Dark|81\/100\n|-ability|p2a: Yveltal|Dark Aura\n|turn|8\n|c|\u2606RenegadeBlacepalon|nice\n|c|\u2606RenegadeBlacepalon|good man\n|\n|t:|1698673739\n|move|p2a: Yveltal|Dark Pulse|p1a: Kyogre\n|-damage|p1a: Kyogre|40\/100\n|-damage|p2a: Yveltal|71\/100|[from] item: Life Orb\n|move|p1a: Kyogre|Surf|p2a: Yveltal\n|-damage|p2a: Yveltal|0 fnt\n|faint|p2a: Yveltal\n|\n|-weather|PrimordialSea|[upkeep]\n|upkeep\n|\n|t:|1698673743\n|switch|p2a: Marshadow|Marshadow|39\/100\n|turn|9\n|\n|t:|1698673745\n|move|p2a: Marshadow|Low Kick|p1a: Kyogre\n|-damage|p1a: Kyogre|0 fnt\n|faint|p1a: Kyogre\n|-weather|none\n|-damage|p2a: Marshadow|29\/100|[from] item: Life Orb\n|\n|upkeep\n|\n|t:|1698673754\n|switch|p1a: Eternatus|Eternatus|64\/100\n|-damage|p1a: Eternatus|52\/100|[from] Stealth Rock\n|-ability|p1a: Eternatus|Pressure\n|turn|10\n|\n|t:|1698673758\n|switch|p2a: Arceus|Arceus-Ground|100\/100\n|move|p1a: Eternatus|Dynamax Cannon|p2a: Arceus\n|-damage|p2a: Arceus|64\/100\n|\n|upkeep\n|turn|11\n|\n|t:|1698673764\n|switch|p1a: Giratina|Giratina|100\/100\n|-damage|p1a: Giratina|88\/100|[from] Stealth Rock\n|-ability|p1a: Giratina|Pressure\n|move|p2a: Arceus|Judgment|p1a: Giratina\n|-damage|p1a: Giratina|65\/100\n|\n|-heal|p1a: Giratina|71\/100|[from] item: Leftovers\n|upkeep\n|turn|12\n|\n|t:|1698673768\n|move|p2a: Arceus|Taunt|p1a: Giratina\n|-start|p1a: Giratina|move: Taunt\n|cant|p1a: Giratina|move: Taunt|Defog\n|\n|-heal|p1a: Giratina|77\/100|[from] item: Leftovers\n|upkeep\n|turn|13\n|\n|t:|1698673772\n|move|p2a: Arceus|Toxic|p1a: Giratina\n|-status|p1a: Giratina|tox\n|move|p1a: Giratina|Hex|p2a: Arceus\n|-damage|p2a: Arceus|49\/100\n|\n|-heal|p1a: Giratina|83\/100 tox|[from] item: Leftovers\n|-damage|p1a: Giratina|77\/100 tox|[from] psn\n|upkeep\n|turn|14\n|\n|t:|1698673777\n|move|p2a: Arceus|Recover|p2a: Arceus\n|-heal|p2a: Arceus|99\/100\n|move|p1a: Giratina|Hex|p2a: Arceus\n|-damage|p2a: Arceus|84\/100\n|\n|-heal|p1a: Giratina|83\/100 tox|[from] item: Leftovers\n|-damage|p1a: Giratina|71\/100 tox|[from] psn\n|-end|p1a: Giratina|move: Taunt\n|upkeep\n|turn|15\n|\n|t:|1698673782\n|move|p2a: Arceus|Taunt|p1a: Giratina\n|-start|p1a: Giratina|move: Taunt\n|cant|p1a: Giratina|move: Taunt|Rest\n|\n|-heal|p1a: Giratina|77\/100 tox|[from] item: Leftovers\n|-damage|p1a: Giratina|58\/100 tox|[from] psn\n|upkeep\n|turn|16\n|\n|t:|1698673789\n|switch|p1a: Arceus|Arceus-Rock|48\/100\n|-damage|p1a: Arceus|36\/100|[from] Stealth Rock\n|move|p2a: Arceus|Judgment|p1a: Arceus\n|-supereffective|p1a: Arceus\n|-damage|p1a: Arceus|0 fnt\n|faint|p1a: Arceus\n|\n|upkeep\n|\n|t:|1698673797\n|switch|p1a: Necrozma|Necrozma-Dusk-Mane|100\/100\n|-damage|p1a: Necrozma|95\/100|[from] Stealth Rock\n|turn|17\n|\n|t:|1698673803\n|move|p2a: Arceus|Taunt|p1a: Necrozma\n|-start|p1a: Necrozma|move: Taunt\n|cant|p1a: Necrozma|move: Taunt|Dragon Dance\n|\n|upkeep\n|turn|18\n|j| Tianelfik\n|l| Tianelfik\n|\n|t:|1698673811\n|move|p2a: Arceus|Judgment|p1a: Necrozma\n|-supereffective|p1a: Necrozma\n|-damage|p1a: Necrozma|19\/100\n|move|p1a: Necrozma|Photon Geyser|p2a: Arceus\n|-damage|p2a: Arceus|45\/100\n|\n|upkeep\n|turn|19\n|\n|t:|1698673821\n|detailschange|p1a: Necrozma|Necrozma-Ultra\n|-burst|p1a: Necrozma|Necrozma|Ultranecrozium Z\n|move|p1a: Necrozma|Photon Geyser|p2a: Arceus\n|-damage|p2a: Arceus|3\/100\n|move|p2a: Arceus|Recover|p2a: Arceus\n|-heal|p2a: Arceus|53\/100\n|\n|-end|p1a: Necrozma|move: Taunt\n|upkeep\n|turn|20\n|\n|t:|1698673830\n|switch|p2a: Ho-Oh|Ho-Oh|100\/100\n|-zpower|p1a: Necrozma\n|move|p1a: Necrozma|Light That Burns the Sky|p2a: Ho-Oh|[zeffect]\n|-damage|p2a: Ho-Oh|18\/100\n|\n|upkeep\n|turn|21\n|\n|t:|1698673837\n|move|p1a: Necrozma|Photon Geyser|p2a: Ho-Oh\n|-damage|p2a: Ho-Oh|0 fnt\n|faint|p2a: Ho-Oh\n|\n|upkeep\n|\n|t:|1698673839\n|switch|p2a: Xerneas|Xerneas|100\/100\n|-ability|p2a: Xerneas|Fairy Aura\n|turn|22\n|\n|t:|1698673843\n|switch|p1a: Eternatus|Eternatus|52\/100\n|-damage|p1a: Eternatus|40\/100|[from] Stealth Rock\n|-ability|p1a: Eternatus|Pressure\n|move|p2a: Xerneas|Geomancy||[still]\n|-prepare|p2a: Xerneas|Geomancy\n|-enditem|p2a: Xerneas|Power Herb\n|-anim|p2a: Xerneas|Geomancy|p2a: Xerneas\n|-boost|p2a: Xerneas|spa|2\n|-boost|p2a: Xerneas|spd|2\n|-boost|p2a: Xerneas|spe|2\n|-enditem|p1a: Eternatus|Mirror Herb\n|-boost|p1a: Eternatus|spa|2|[from] item: Mirror Herb\n|-boost|p1a: Eternatus|spd|2|[from] item: Mirror Herb\n|-boost|p1a: Eternatus|spe|2|[from] item: Mirror Herb\n|\n|upkeep\n|turn|23\n|\n|t:|1698673849\n|-terastallize|p1a: Eternatus|Poison\n|move|p1a: Eternatus|Sludge Wave|p2a: Xerneas\n|-supereffective|p2a: Xerneas\n|-damage|p2a: Xerneas|0 fnt\n|faint|p2a: Xerneas\n|\n|upkeep\n|c| usamo 2021|i used to run tera-dark just for that thing\n|\n|t:|1698673853\n|switch|p2a: Marshadow|Marshadow|29\/100\n|turn|24\n|c|\u2606RenegadeBlacepalon|oh\n|c| usamo 2021|ho-oh i meam\n|c| usamo 2021|mean\n|c|\u2606RenegadeBlacepalon|mirror herb\n|\n|t:|1698673861\n|move|p2a: Marshadow|Shadow Sneak|p1a: Eternatus\n|-damage|p1a: Eternatus|7\/100\n|-damage|p2a: Marshadow|19\/100|[from] item: Life Orb\n|move|p1a: Eternatus|Dynamax Cannon|p2a: Marshadow\n|-damage|p2a: Marshadow|0 fnt\n|faint|p2a: Marshadow\n|\n|upkeep\n|c|\u2606RenegadeBlacepalon|gg\n|-message|flamingwrench11234 forfeited.\n|\n|win|RenegadeBlacepalon\n|raw|RenegadeBlacepalon's rating: 1615 &rarr; <strong>1638<\/strong><br \/>(+23 for winning)\n|raw|flamingwrench11234's rating: 1662 &rarr; <strong>1639<\/strong><br \/>(-23 for losing)\n|l|\u2606flamingwrench11234\n|c|\u2606RenegadeBlacepalon|wp\n|c| usamo 2021|cool\n|c|\u2606RenegadeBlacepalon|bye man\n|c| usamo 2021|gg\n|c|\u2606RenegadeBlacepalon|any help\n|c|\u2606RenegadeBlacepalon|whats your rating\n|c| usamo 2021|1922\n|c|\u2606RenegadeBlacepalon|oh\n|c|\u2606RenegadeBlacepalon|sorry\n|c|\u2606RenegadeBlacepalon|damn\n|c| usamo 2021|nah\n|c|\u2606RenegadeBlacepalon|no way\n|c|\u2606RenegadeBlacepalon|wow my highest was 1697\n|c| usamo 2021|all with arceus-electric my man\n|c|\u2606RenegadeBlacepalon|wow\n|c|\u2606RenegadeBlacepalon|tera dark on whom\n|c| usamo 2021|ho-oh\n|c|\u2606RenegadeBlacepalon|oh\n|c| usamo 2021|for necrozma-u;tra\n|c|\u2606RenegadeBlacepalon|arc rock deals damage to pdon as well\n|c|\u2606RenegadeBlacepalon|elec doesn't\n|c| usamo 2021|ye\n|c|\u2606RenegadeBlacepalon|but what set\n|c| usamo 2021|modest 252 judgment icebeam taunt recover\n|c|\u2606RenegadeBlacepalon|oh nice\n|c|\u2606RenegadeBlacepalon|i lose to stall\n|c| usamo 2021|this shuts down stall real good\n|c|\u2606RenegadeBlacepalon|how\n|c|\u2606RenegadeBlacepalon|after toxic eternatus your done\n|c| usamo 2021|https:\/\/pokepast.es\/c4a1878af266179e\n|c| usamo 2021|ndm\n|c|\u2606RenegadeBlacepalon|oh\n|c| usamo 2021|pdon 3hko with ice beam\n|c|\u2606RenegadeBlacepalon|oh\n|c| usamo 2021|glimmora support makes it 2hko\n|c|\u2606RenegadeBlacepalon|my best team was this can you help me with it\n|c| usamo 2021|modest over timid just for that 3hko\n|c| usamo 2021|yeah just a minute\n|l| usamo 2021\n|c|\u2606RenegadeBlacepalon|https:\/\/pokepast.es\/72ea7a5fe0499792\n|c|\u2606RenegadeBlacepalon|bye man gtg thanks for your help and loved talking to you\n|c|\u2606RenegadeBlacepalon|bye\n","uploadtime":1698674217,"views":12,"p1id":"renegadeblacepalon","p2id":"flamingwrench11234","formatid":"gen9nationaldexubers","rating":1638,"private":0,"password":""}