{"id":"gen9nationaldexubers-1997932924","p1":"JazzyNazzy","p2":"Runo","format":"[Gen 9] National Dex Ubers","log":"|j|\u2606JazzyNazzy\n|j|\u2606Runo\n|t:|1700869065\n|gametype|singles\n|player|p1|JazzyNazzy|266|\n|player|p2|Runo|iris-masters|\n|teamsize|p1|6\n|teamsize|p2|6\n|gen|9\n|tier|[Gen 9] National Dex Ubers\n|rated|Tournament battle\n|rule|HP Percentage Mod: HP is shown in percentages\n|rule|Endless Battle Clause: Forcing endless battles is banned\n|rule|OHKO Clause: OHKO moves are banned\n|rule|Evasion Moves Clause: Evasion moves are banned\n|rule|Evasion Items Clause: Evasion items are banned\n|rule|Species Clause: Limit one of each Pok\u00e9mon\n|rule|Sleep Clause Mod: Limit one foe put to sleep\n|rule|Mega Rayquaza Clause: You cannot mega evolve Rayquaza\n|clearpoke\n|poke|p1|Lucario, M|\n|poke|p1|Baxcalibur, F|\n|poke|p1|Landorus, M|\n|poke|p1|Metagross|\n|poke|p1|Chien-Pao|\n|poke|p1|Magearna|\n|poke|p2|Darmanitan-Galar, M|\n|poke|p2|Magearna|\n|poke|p2|Arceus-Water|\n|poke|p2|Landorus-Therian, M|\n|poke|p2|Urshifu-*, M|\n|poke|p2|Flutter Mane|\n|teampreview\n|inactive|Battle timer is ON: inactive players will automatically lose when time's up. (requested by Runo)\n|c|\u2606Runo|hf\n|inactive|JazzyNazzy has 120 seconds left.\n|j| Xurkiyee\n|\n|t:|1700869118\n|start\n|switch|p1a: Landorus|Landorus, M|100\/100\n|switch|p2a: Darmanitan|Darmanitan-Galar, M|100\/100\n|turn|1\n|\n|t:|1700869124\n|switch|p1a: Magearna|Magearna|100\/100\n|move|p2a: Darmanitan|Icicle Crash|p1a: Magearna\n|-resisted|p1a: Magearna\n|-damage|p1a: Magearna|80\/100\n|\n|-heal|p1a: Magearna|86\/100|[from] item: Leftovers\n|upkeep\n|turn|2\n|\n|t:|1700869128\n|switch|p2a: Landorus|Landorus-Therian, M|100\/100\n|-ability|p2a: Landorus|Intimidate|boost\n|-unboost|p1a: Magearna|atk|1\n|move|p1a: Magearna|Spikes|p2a: Landorus\n|-sidestart|p2: Runo|Spikes\n|\n|-heal|p1a: Magearna|92\/100|[from] item: Leftovers\n|upkeep\n|turn|3\n|\n|t:|1700869135\n|switch|p1a: Landorus|Landorus, M|100\/100\n|move|p2a: Landorus|Stealth Rock|p1a: Landorus\n|-sidestart|p1: JazzyNazzy|move: Stealth Rock\n|\n|upkeep\n|turn|4\n|\n|t:|1700869137\n|move|p1a: Landorus|Stealth Rock|p2a: Landorus\n|-sidestart|p2: Runo|move: Stealth Rock\n|move|p2a: Landorus|U-turn|p1a: Landorus\n|-resisted|p1a: Landorus\n|-damage|p1a: Landorus|88\/100\n|\n|t:|1700869146\n|switch|p2a: Arceus|Arceus-Water|100\/100|[from] U-turn\n|-damage|p2a: Arceus|88\/100|[from] Spikes\n|-damage|p2a: Arceus|76\/100|[from] Stealth Rock\n|\n|upkeep\n|turn|5\n|\n|t:|1700869152\n|switch|p1a: Baxcalibur|Baxcalibur, F|100\/100\n|-damage|p1a: Baxcalibur|76\/100|[from] Stealth Rock\n|move|p2a: Arceus|Defog|p1a: Baxcalibur\n|-unboost|p1a: Baxcalibur|evasion|1\n|-sideend|p1: JazzyNazzy|Stealth Rock|[from] move: Defog|[of] p2a: Arceus\n|-sideend|p2: Runo|Spikes|[from] move: Defog|[of] p2a: Arceus\n|-sideend|p2: Runo|Stealth Rock|[from] move: Defog|[of] p2a: Arceus\n|\n|upkeep\n|turn|6\n|\n|t:|1700869154\n|move|p2a: Arceus|Toxic|p1a: Baxcalibur\n|-status|p1a: Baxcalibur|tox\n|move|p1a: Baxcalibur|Dragon Dance|p1a: Baxcalibur\n|-boost|p1a: Baxcalibur|atk|1\n|-boost|p1a: Baxcalibur|spe|1\n|\n|-damage|p1a: Baxcalibur|70\/100 tox|[from] psn\n|upkeep\n|turn|7\n|\n|t:|1700869157\n|move|p1a: Baxcalibur|Scale Shot|p2a: Arceus\n|-damage|p2a: Arceus|63\/100\n|-crit|p2a: Arceus\n|-damage|p2a: Arceus|44\/100\n|-damage|p2a: Arceus|31\/100\n|-damage|p2a: Arceus|18\/100\n|-hitcount|p2a: Arceus|4\n|-unboost|p1a: Baxcalibur|def|1\n|-boost|p1a: Baxcalibur|spe|1\n|move|p2a: Arceus|Recover|p2a: Arceus\n|-heal|p2a: Arceus|68\/100\n|\n|-damage|p1a: Baxcalibur|57\/100 tox|[from] psn\n|upkeep\n|turn|8\n|\n|t:|1700869165\n|switch|p1a: Lucario|Lucario, M, shiny|100\/100\n|switch|p2a: Flutter Mane|Flutter Mane|100\/100\n|\n|upkeep\n|turn|9\n|\n|t:|1700869173\n|move|p1a: Lucario|Bullet Punch|p2a: Flutter Mane\n|-supereffective|p2a: Flutter Mane\n|-damage|p2a: Flutter Mane|0 fnt\n|faint|p2a: Flutter Mane\n|-end|p2a: Flutter Mane|Protosynthesis|[silent]\n|-damage|p1a: Lucario|91\/100|[from] item: Life Orb\n|\n|upkeep\n|\n|t:|1700869181\n|switch|p2a: Urshifu|Urshifu, M|100\/100\n|turn|10\n|\n|t:|1700869190\n|switch|p1a: Landorus|Landorus, M|88\/100\n|move|p2a: Urshifu|Close Combat|p1a: Landorus\n|-resisted|p1a: Landorus\n|-damage|p1a: Landorus|31\/100\n|-unboost|p2a: Urshifu|def|1\n|-unboost|p2a: Urshifu|spd|1\n|\n|upkeep\n|turn|11\n|\n|t:|1700869197\n|switch|p2a: Landorus|Landorus-Therian, M|100\/100\n|-ability|p2a: Landorus|Intimidate|boost\n|-unboost|p1a: Landorus|atk|1\n|move|p1a: Landorus|Earth Power|p2a: Landorus\n|-immune|p2a: Landorus\n|\n|upkeep\n|turn|12\n|\n|t:|1700869207\n|switch|p2a: Darmanitan|Darmanitan-Galar, M|100\/100\n|move|p1a: Landorus|Stealth Rock|p2a: Darmanitan\n|-sidestart|p2: Runo|move: Stealth Rock\n|\n|upkeep\n|turn|13\n|\n|t:|1700869212\n|switch|p1a: Baxcalibur|Baxcalibur, F|57\/100 tox\n|move|p2a: Darmanitan|Flare Blitz|p1a: Baxcalibur\n|-damage|p1a: Baxcalibur|0 fnt\n|faint|p1a: Baxcalibur\n|-damage|p2a: Darmanitan|81\/100|[from] Recoil\n|\n|upkeep\n|\n|t:|1700869219\n|switch|p1a: Metagross|Metagross, shiny|100\/100\n|turn|14\n|\n|t:|1700869224\n|switch|p2a: Arceus|Arceus-Water|68\/100\n|-damage|p2a: Arceus|56\/100|[from] Stealth Rock\n|detailschange|p1a: Metagross|Metagross-Mega, shiny\n|-mega|p1a: Metagross|Metagross|Metagrossite\n|move|p1a: Metagross|Meteor Mash|p2a: Arceus\n|-resisted|p2a: Arceus\n|-damage|p2a: Arceus|37\/100\n|-boost|p1a: Metagross|atk|1\n|\n|upkeep\n|turn|15\n|\n|t:|1700869230\n|move|p1a: Metagross|Zen Headbutt|p2a: Arceus|[miss]\n|-miss|p1a: Metagross|p2a: Arceus\n|move|p2a: Arceus|Judgment|p1a: Metagross\n|-damage|p1a: Metagross|53\/100\n|\n|upkeep\n|turn|16\n|\n|t:|1700869238\n|switch|p2a: Landorus|Landorus-Therian, M|100\/100\n|-damage|p2a: Landorus|88\/100|[from] Stealth Rock\n|-ability|p2a: Landorus|Intimidate|boost\n|-unboost|p1a: Metagross|atk|1\n|move|p1a: Metagross|Zen Headbutt|p2a: Landorus\n|-damage|p2a: Landorus|49\/100\n|-damage|p1a: Metagross|36\/100|[from] item: Rocky Helmet|[of] p2a: Landorus\n|\n|upkeep\n|turn|17\n|\n|t:|1700869242\n|move|p1a: Metagross|Agility|p1a: Metagross\n|-boost|p1a: Metagross|spe|2\n|move|p2a: Landorus|Earthquake|p1a: Metagross\n|-supereffective|p1a: Metagross\n|-damage|p1a: Metagross|0 fnt\n|faint|p1a: Metagross\n|\n|upkeep\n|\n|t:|1700869244\n|switch|p1a: Chien-Pao|Chien-Pao|100\/100\n|-ability|p1a: Chien-Pao|Sword of Ruin\n|turn|18\n|\n|t:|1700869250\n|switch|p2a: Magearna|Magearna|100\/100\n|-damage|p2a: Magearna|94\/100|[from] Stealth Rock\n|move|p1a: Chien-Pao|Ice Spinner|p2a: Magearna\n|-resisted|p2a: Magearna\n|-crit|p2a: Magearna\n|-damage|p2a: Magearna|61\/100\n|\n|-heal|p2a: Magearna|67\/100|[from] item: Leftovers\n|upkeep\n|turn|19\n|\n|t:|1700869256\n|switch|p1a: Magearna|Magearna|92\/100\n|move|p2a: Magearna|Flash Cannon|p1a: Magearna\n|-damage|p1a: Magearna|61\/100\n|\n|-heal|p1a: Magearna|67\/100|[from] item: Leftovers\n|-heal|p2a: Magearna|73\/100|[from] item: Leftovers\n|upkeep\n|turn|20\n|\n|t:|1700869260\n|switch|p1a: Landorus|Landorus, M|31\/100\n|move|p2a: Magearna|Pain Split|p1a: Landorus\n|-sethp|p1a: Landorus|57\/100|[from] move: Pain Split|[silent]\n|-sethp|p2a: Magearna|50\/100|[from] move: Pain Split\n|\n|-heal|p2a: Magearna|56\/100|[from] item: Leftovers\n|upkeep\n|turn|21\n|\n|t:|1700869270\n|switch|p2a: Landorus|Landorus-Therian, M|49\/100\n|-damage|p2a: Landorus|37\/100|[from] Stealth Rock\n|-ability|p2a: Landorus|Intimidate|boost\n|-unboost|p1a: Landorus|atk|1\n|move|p1a: Landorus|Sludge Wave|p2a: Landorus\n|-resisted|p2a: Landorus\n|-damage|p2a: Landorus|9\/100\n|\n|upkeep\n|turn|22\n|\n|t:|1700869274\n|move|p1a: Landorus|Sludge Wave|p2a: Landorus\n|-resisted|p2a: Landorus\n|-damage|p2a: Landorus|0 fnt\n|faint|p2a: Landorus\n|\n|upkeep\n|\n|t:|1700869276\n|switch|p2a: Darmanitan|Darmanitan-Galar, M|81\/100\n|-damage|p2a: Darmanitan|56\/100|[from] Stealth Rock\n|turn|23\n|\n|t:|1700869285\n|switch|p1a: Magearna|Magearna|67\/100\n|move|p2a: Darmanitan|Flare Blitz|p1a: Magearna\n|-supereffective|p1a: Magearna\n|-damage|p1a: Magearna|0 fnt\n|faint|p1a: Magearna\n|-damage|p2a: Darmanitan|33\/100|[from] Recoil\n|\n|upkeep\n|\n|t:|1700869291\n|switch|p1a: Lucario|Lucario, M, shiny|91\/100\n|turn|24\n|\n|t:|1700869296\n|move|p1a: Lucario|Bullet Punch|p2a: Darmanitan\n|-supereffective|p2a: Darmanitan\n|-damage|p2a: Darmanitan|0 fnt\n|faint|p2a: Darmanitan\n|-damage|p1a: Lucario|81\/100|[from] item: Life Orb\n|\n|upkeep\n|\n|t:|1700869298\n|switch|p2a: Urshifu|Urshifu, M|100\/100\n|-damage|p2a: Urshifu|94\/100|[from] Stealth Rock\n|turn|25\n|\n|t:|1700869320\n|switch|p1a: Landorus|Landorus, M|57\/100\n|move|p2a: Urshifu|Close Combat|p1a: Landorus\n|-resisted|p1a: Landorus\n|-damage|p1a: Landorus|2\/100\n|-unboost|p2a: Urshifu|def|1\n|-unboost|p2a: Urshifu|spd|1\n|\n|upkeep\n|turn|26\n|j| Argusbonusest\n|\n|t:|1700869331\n|switch|p2a: Arceus|Arceus-Water|37\/100\n|-damage|p2a: Arceus|25\/100|[from] Stealth Rock\n|move|p1a: Landorus|Earth Power|p2a: Arceus\n|-damage|p2a: Arceus|0 fnt\n|faint|p2a: Arceus\n|\n|upkeep\n|\n|t:|1700869335\n|switch|p2a: Urshifu|Urshifu, M|94\/100\n|-damage|p2a: Urshifu|88\/100|[from] Stealth Rock\n|turn|27\n|\n|t:|1700869341\n|move|p1a: Landorus|Earth Power|p2a: Urshifu\n|-damage|p2a: Urshifu|0 fnt\n|faint|p2a: Urshifu\n|\n|upkeep\n|\n|t:|1700869343\n|switch|p2a: Magearna|Magearna|56\/100\n|-damage|p2a: Magearna|50\/100|[from] Stealth Rock\n|turn|28\n|\n|t:|1700869347\n|move|p1a: Landorus|Earth Power|p2a: Magearna\n|-supereffective|p2a: Magearna\n|-damage|p2a: Magearna|0 fnt\n|faint|p2a: Magearna\n|\n|win|JazzyNazzy\n|n|\u2606JazzyNazzy|jazzynazzy\n|n|\u2606Runo|runo\n|n| Xurkiyee|xurkiyee\n|n| Argusbonusest|argusbonusest\n|c|\u2606Runo|gg\n|l|\u2606JazzyNazzy\n","uploadtime":1700869354,"views":3,"p1id":"jazzynazzy","p2id":"runo","formatid":"gen9nationaldexubers","rating":0,"private":0,"password":""}