{"id":"gen9nationaldexubers-1989074820","p1":"Davarv","p2":"Gatita golosa 123","format":"[Gen 9] National Dex Ubers","log":"|j|\u2606Davarv\n|j|\u2606Gatita golosa 123\n|t:|1699809415\n|gametype|singles\n|player|p1|Davarv|giovanni|\n|player|p2|Gatita golosa 123|pokekid|\n|teamsize|p1|6\n|teamsize|p2|6\n|gen|9\n|tier|[Gen 9] National Dex Ubers\n|rule|HP Percentage Mod: HP is shown in percentages\n|rule|Endless Battle Clause: Forcing endless battles is banned\n|rule|OHKO Clause: OHKO moves are banned\n|rule|Evasion Moves Clause: Evasion moves are banned\n|rule|Evasion Items Clause: Evasion items are banned\n|rule|Species Clause: Limit one of each Pok\u00e9mon\n|rule|Sleep Clause Mod: Limit one foe put to sleep\n|rule|Mega Rayquaza Clause: You cannot mega evolve Rayquaza\n|clearpoke\n|poke|p1|Pheromosa|\n|poke|p1|Genesect|\n|poke|p1|Galvantula, F|\n|poke|p1|Buzzwole|\n|poke|p1|Pinsir, F|\n|poke|p1|Arceus-Bug|\n|poke|p2|Dracovish|\n|poke|p2|Kyogre|\n|poke|p2|Palafin, M|\n|poke|p2|Urshifu-*, M|\n|poke|p2|Palkia-Origin|\n|poke|p2|Basculegion, M|\n|teampreview\n|c|\u2606Gatita golosa 123|Suerte papum\n|c|\u2606Davarv|Gracias e igualmente, papu\n|c|\u2606Davarv|*Se pone phonk*\n|\n|t:|1699809483\n|start\n|switch|p1a: Galvantula|Galvantula, F|100\/100\n|switch|p2a: Urshifu|Urshifu-Rapid-Strike, M|100\/100\n|turn|1\n|\n|t:|1699809495\n|move|p2a: Urshifu|Surging Strikes|p1a: Galvantula\n|-crit|p1a: Galvantula\n|-damage|p1a: Galvantula|66\/100\n|-crit|p1a: Galvantula\n|-damage|p1a: Galvantula|29\/100\n|-crit|p1a: Galvantula\n|-damage|p1a: Galvantula|0 fnt\n|faint|p1a: Galvantula\n|-hitcount|p1: Galvantula|3\n|\n|upkeep\n|\n|t:|1699809522\n|switch|p1a: Buzzwole|Buzzwole|100\/100\n|turn|2\n|\n|t:|1699809534\n|switch|p2a: Dracovish|Dracovish|100\/100\n|move|p1a: Buzzwole|Thunder Punch|p2a: Dracovish\n|-damage|p2a: Dracovish|69\/100\n|-status|p2a: Dracovish|par\n|\n|upkeep\n|turn|3\n|\n|t:|1699809542\n|move|p1a: Buzzwole|Thunder Punch|p2a: Dracovish\n|-damage|p2a: Dracovish|37\/100 par\n|move|p2a: Dracovish|Rock Tomb|p1a: Buzzwole\n|-damage|p1a: Buzzwole|88\/100\n|-unboost|p1a: Buzzwole|spe|1\n|\n|upkeep\n|turn|4\n|\n|t:|1699809562\n|switch|p1a: Genesect|Genesect|100\/100\n|-ability|p1a: Genesect|Download|boost\n|-boost|p1a: Genesect|spa|1\n|-zpower|p2a: Dracovish\n|move|p2a: Dracovish|Z-Rain Dance|p2a: Dracovish|[anim]Rain Dance\n|-boost|p2a: Dracovish|spe|1|[zeffect]\n|-weather|RainDance\n|\n|-weather|RainDance|[upkeep]\n|upkeep\n|turn|5\n|\n|t:|1699809578\n|move|p1a: Genesect|Thunderbolt|p2a: Dracovish\n|-damage|p2a: Dracovish|0 fnt\n|faint|p2a: Dracovish\n|\n|-weather|RainDance|[upkeep]\n|upkeep\n|\n|t:|1699809587\n|switch|p2a: Urshifu|Urshifu-Rapid-Strike, M|100\/100\n|turn|6\n|\n|t:|1699809596\n|move|p2a: Urshifu|Surging Strikes|p1a: Genesect\n|-crit|p1a: Genesect\n|-damage|p1a: Genesect|59\/100\n|-crit|p1a: Genesect\n|-damage|p1a: Genesect|20\/100\n|-crit|p1a: Genesect\n|-damage|p1a: Genesect|0 fnt\n|faint|p1a: Genesect\n|-hitcount|p1: Genesect|3\n|\n|-weather|RainDance|[upkeep]\n|upkeep\n|\n|t:|1699809611\n|switch|p1a: Buzzwole|Buzzwole|88\/100\n|turn|7\n|\n|t:|1699809618\n|-terastallize|p2a: Urshifu|Steel\n|move|p2a: Urshifu|Surging Strikes|p1a: Buzzwole\n|-crit|p1a: Buzzwole\n|-damage|p1a: Buzzwole|66\/100\n|-crit|p1a: Buzzwole\n|-damage|p1a: Buzzwole|44\/100\n|-crit|p1a: Buzzwole\n|-damage|p1a: Buzzwole|23\/100\n|-hitcount|p1a: Buzzwole|3\n|move|p1a: Buzzwole|Thunder Punch|p2a: Urshifu\n|-damage|p2a: Urshifu|74\/100\n|\n|-weather|RainDance|[upkeep]\n|upkeep\n|turn|8\n|\n|t:|1699809630\n|move|p2a: Urshifu|Surging Strikes|p1a: Buzzwole\n|-crit|p1a: Buzzwole\n|-damage|p1a: Buzzwole|2\/100\n|-crit|p1a: Buzzwole\n|-damage|p1a: Buzzwole|0 fnt\n|faint|p1a: Buzzwole\n|-hitcount|p1: Buzzwole|2\n|\n|-weather|none\n|upkeep\n|\n|t:|1699809636\n|switch|p1a: Pinsir|Pinsir, F|100\/100\n|turn|9\n|\n|t:|1699809644\n|detailschange|p1a: Pinsir|Pinsir-Mega, F\n|-mega|p1a: Pinsir|Pinsir|Pinsirite\n|move|p2a: Urshifu|Surging Strikes|p1a: Pinsir\n|-crit|p1a: Pinsir\n|-damage|p1a: Pinsir|79\/100\n|-crit|p1a: Pinsir\n|-damage|p1a: Pinsir|55\/100\n|-crit|p1a: Pinsir\n|-damage|p1a: Pinsir|34\/100\n|-hitcount|p1a: Pinsir|3\n|move|p1a: Pinsir|Earthquake|p2a: Urshifu\n|-supereffective|p2a: Urshifu\n|-damage|p2a: Urshifu|1\/100\n|\n|upkeep\n|turn|10\n|\n|t:|1699809657\n|move|p1a: Pinsir|Quick Attack|p2a: Urshifu\n|-resisted|p2a: Urshifu\n|-damage|p2a: Urshifu|0 fnt\n|faint|p2a: Urshifu\n|\n|upkeep\n|\n|t:|1699809660\n|switch|p2a: Palkia|Palkia-Origin|100\/100\n|-ability|p2a: Palkia|Pressure\n|turn|11\n|\n|t:|1699809667\n|move|p1a: Pinsir|Quick Attack|p2a: Palkia\n|-damage|p2a: Palkia|67\/100\n|move|p2a: Palkia|Power Gem|p1a: Pinsir\n|-supereffective|p1a: Pinsir\n|-damage|p1a: Pinsir|0 fnt\n|faint|p1a: Pinsir\n|\n|upkeep\n|\n|t:|1699809690\n|switch|p1a: Pheromosa|Pheromosa|100\/100\n|turn|12\n|\n|t:|1699809698\n|move|p1a: Pheromosa|Focus Blast|p2a: Palkia|[miss]\n|-miss|p1a: Pheromosa|p2a: Palkia\n|move|p2a: Palkia|Flamethrower|p1a: Pheromosa\n|-supereffective|p1a: Pheromosa\n|-crit|p1a: Pheromosa\n|-enditem|p1a: Pheromosa|Focus Sash\n|-damage|p1a: Pheromosa|1\/100\n|\n|upkeep\n|turn|13\n|\n|t:|1699809703\n|move|p1a: Pheromosa|Focus Blast|p2a: Palkia\n|-damage|p2a: Palkia|8\/100\n|move|p2a: Palkia|Power Gem|p1a: Pheromosa\n|-damage|p1a: Pheromosa|0 fnt\n|faint|p1a: Pheromosa\n|\n|upkeep\n|\n|t:|1699809707\n|switch|p1a: Arceus|Arceus-Bug|100\/100\n|turn|14\n|\n|t:|1699809713\n|-terastallize|p1a: Arceus|Normal\n|move|p2a: Palkia|Flamethrower|p1a: Arceus\n|-damage|p1a: Arceus|77\/100\n|move|p1a: Arceus|Swords Dance|p1a: Arceus\n|-boost|p1a: Arceus|atk|2\n|\n|upkeep\n|turn|15\n|\n|t:|1699809728\n|move|p2a: Palkia|Flamethrower|p1a: Arceus\n|-damage|p1a: Arceus|53\/100\n|move|p1a: Arceus|Swords Dance|p1a: Arceus\n|-boost|p1a: Arceus|atk|2\n|\n|upkeep\n|turn|16\n|\n|t:|1699809737\n|move|p2a: Palkia|Flamethrower|p1a: Arceus\n|-damage|p1a: Arceus|31\/100\n|move|p1a: Arceus|Recover|p1a: Arceus\n|-heal|p1a: Arceus|82\/100\n|\n|upkeep\n|turn|17\n|\n|t:|1699809744\n|move|p1a: Arceus|Extreme Speed|p2a: Palkia\n|-damage|p2a: Palkia|0 fnt\n|faint|p2a: Palkia\n|\n|upkeep\n|\n|t:|1699809746\n|switch|p2a: Palafin|Palafin, M, shiny|100\/100\n|turn|18\n|\n|t:|1699809751\n|detailschange|p2a: Palafin|Palafin-Hero, M, shiny\n|switch|p2a: Kyogre|Kyogre|100\/100\n|-weather|RainDance|[from] ability: Drizzle|[of] p2a: Kyogre\n|move|p1a: Arceus|Shadow Claw|p2a: Kyogre\n|-damage|p2a: Kyogre|15\/100\n|\n|-weather|RainDance|[upkeep]\n|upkeep\n|turn|19\n|\n|t:|1699809759\n|move|p1a: Arceus|Extreme Speed|p2a: Kyogre\n|-damage|p2a: Kyogre|0 fnt\n|faint|p2a: Kyogre\n|\n|-weather|RainDance|[upkeep]\n|upkeep\n|\n|t:|1699809761\n|switch|p2a: Basculegion|Basculegion, M, shiny|100\/100\n|turn|20\n|\n|t:|1699809767\n|move|p2a: Basculegion|Wave Crash|p1a: Arceus\n|-damage|p1a: Arceus|0 fnt\n|faint|p1a: Arceus\n|-damage|p2a: Basculegion|70\/100|[from] Recoil\n|\n|win|Gatita golosa 123\n|c|\u2606Davarv|gg\n|c|\u2606Gatita golosa 123|Gg papu\n","uploadtime":1699809797,"views":17,"p1id":"davarv","p2id":"gatitagolosa123","formatid":"gen9nationaldexubers","rating":0,"private":0,"password":""}