{"id":"gen9nationaldexubers-1985657010","p1":"KingoftheTitans","p2":"SonicPeaceMachine","format":"[Gen 9] National Dex Ubers","log":"|j|\u2606KingoftheTitans\n|j|\u2606SonicPeaceMachine\n|t:|1699392961\n|gametype|singles\n|player|p1|KingoftheTitans|170|1348\n|player|p2|SonicPeaceMachine|102|1522\n|teamsize|p1|6\n|teamsize|p2|6\n|gen|9\n|tier|[Gen 9] National Dex Ubers\n|rated|\n|rule|HP Percentage Mod: HP is shown in percentages\n|rule|Endless Battle Clause: Forcing endless battles is banned\n|rule|OHKO Clause: OHKO moves are banned\n|rule|Evasion Moves Clause: Evasion moves are banned\n|rule|Evasion Items Clause: Evasion items are banned\n|rule|Species Clause: Limit one of each Pok\u00e9mon\n|rule|Sleep Clause Mod: Limit one foe put to sleep\n|rule|Mega Rayquaza Clause: You cannot mega evolve Rayquaza\n|clearpoke\n|poke|p1|Dugtrio, M|\n|poke|p1|Latios, M|\n|poke|p1|Mawile, F|\n|poke|p1|Ogerpon-Hearthflame, F|\n|poke|p1|Tornadus-Therian, M|\n|poke|p1|Iron Hands|\n|poke|p2|Xerneas-*|\n|poke|p2|Necrozma-Dusk-Mane|\n|poke|p2|Blastoise, F|\n|poke|p2|Zygarde|\n|poke|p2|Ditto|\n|poke|p2|Groudon|\n|teampreview\n|inactive|Battle timer is ON: inactive players will automatically lose when time's up. (requested by SonicPeaceMachine)\n|\n|t:|1699392973\n|start\n|switch|p1a: Dugtrio|Dugtrio, M|100\/100\n|switch|p2a: Groudon|Groudon|100\/100\n|detailschange|p2a: Groudon|Groudon-Primal\n|-primal|p2a: Groudon|Red Orb\n|-weather|DesolateLand|[from] ability: Desolate Land|[of] p2a: Groudon\n|turn|1\n|inactive|SonicPeaceMachine has 120 seconds left.\n|\n|t:|1699393005\n|move|p1a: Dugtrio|Earthquake|p2a: Groudon\n|-supereffective|p2a: Groudon\n|-damage|p2a: Groudon|48\/100\n|move|p2a: Groudon|Heat Crash|p1a: Dugtrio\n|-enditem|p1a: Dugtrio|Focus Sash\n|-damage|p1a: Dugtrio|1\/100\n|\n|-weather|DesolateLand|[upkeep]\n|upkeep\n|turn|2\n|inactive|SonicPeaceMachine has 120 seconds left.\n|\n|t:|1699393016\n|move|p1a: Dugtrio|Earthquake|p2a: Groudon\n|-supereffective|p2a: Groudon\n|-damage|p2a: Groudon|0 fnt\n|faint|p2a: Groudon\n|-weather|none\n|\n|upkeep\n|inactive|SonicPeaceMachine has 120 seconds left.\n|\n|t:|1699393025\n|switch|p2a: Zygarde|Zygarde|100\/100\n|turn|3\n|\n|t:|1699393034\n|move|p1a: Dugtrio|Memento|p2a: Zygarde\n|-unboost|p2a: Zygarde|atk|2\n|-unboost|p2a: Zygarde|spa|2\n|faint|p1a: Dugtrio\n|move|p2a: Zygarde|Thousand Arrows|p1: Dugtrio|[notarget]\n|-fail|p2a: Zygarde\n|\n|upkeep\n|\n|t:|1699393042\n|switch|p1a: Iron Hands|Iron Hands|100\/100\n|-enditem|p1a: Iron Hands|Booster Energy\n|-activate|p1a: Iron Hands|ability: Quark Drive|[fromitem]\n|-start|p1a: Iron Hands|quarkdriveatk\n|turn|4\n|\n|t:|1699393048\n|move|p2a: Zygarde|Thousand Arrows|p1a: Iron Hands\n|-supereffective|p1a: Iron Hands\n|-damage|p1a: Iron Hands|72\/100\n|move|p1a: Iron Hands|Ice Punch|p2a: Zygarde\n|-supereffective|p2a: Zygarde\n|-crit|p2a: Zygarde\n|-enditem|p2a: Zygarde|Focus Sash\n|-damage|p2a: Zygarde|1\/100\n|\n|-activate|p2a: Zygarde|ability: Power Construct\n|detailschange|p2a: Zygarde|Zygarde-Complete\n|-heal|p2a: Zygarde|38\/100|[silent]\n|upkeep\n|turn|5\n|\n|t:|1699393061\n|move|p2a: Zygarde|Thousand Arrows|p1a: Iron Hands\n|-supereffective|p1a: Iron Hands\n|-damage|p1a: Iron Hands|46\/100\n|move|p1a: Iron Hands|Drain Punch|p2a: Zygarde\n|-damage|p2a: Zygarde|11\/100\n|-heal|p1a: Iron Hands|62\/100|[from] drain|[of] p2a: Zygarde\n|\n|upkeep\n|turn|6\n|\n|t:|1699393070\n|move|p2a: Zygarde|Thousand Arrows|p1a: Iron Hands\n|-supereffective|p1a: Iron Hands\n|-damage|p1a: Iron Hands|36\/100\n|move|p1a: Iron Hands|Drain Punch|p2a: Zygarde\n|-damage|p2a: Zygarde|0 fnt\n|-heal|p1a: Iron Hands|41\/100|[from] drain|[of] p2a: Zygarde\n|faint|p2a: Zygarde\n|\n|upkeep\n|inactive|SonicPeaceMachine has 120 seconds left.\n|\n|t:|1699393096\n|switch|p2a: Necrozma|Necrozma-Dusk-Mane, shiny|100\/100\n|turn|7\n|\n|t:|1699393101\n|detailschange|p2a: Necrozma|Necrozma-Ultra, shiny\n|-burst|p2a: Necrozma|Necrozma|Ultranecrozium Z\n|move|p2a: Necrozma|Earthquake|p1a: Iron Hands\n|-supereffective|p1a: Iron Hands\n|-damage|p1a: Iron Hands|0 fnt\n|faint|p1a: Iron Hands\n|-end|p1a: Iron Hands|Quark Drive|[silent]\n|\n|upkeep\n|\n|t:|1699393108\n|switch|p1a: Mawile|Mawile, F|100\/100\n|-ability|p1a: Mawile|Intimidate|boost\n|-unboost|p2a: Necrozma|atk|1\n|turn|8\n|inactive|SonicPeaceMachine has 120 seconds left.\n|\n|t:|1699393155\n|detailschange|p1a: Mawile|Mawile-Mega, F\n|-mega|p1a: Mawile|Mawile|Mawilite\n|move|p2a: Necrozma|Earthquake|p1a: Mawile\n|-supereffective|p1a: Mawile\n|-damage|p1a: Mawile|24\/100\n|move|p1a: Mawile|Play Rough|p2a: Necrozma\n|-supereffective|p2a: Necrozma\n|-damage|p2a: Necrozma|0 fnt\n|faint|p2a: Necrozma\n|\n|upkeep\n|inactive|SonicPeaceMachine has 90 seconds left.\n|\n|t:|1699393166\n|switch|p2a: Xerneas|Xerneas, shiny|100\/100\n|-ability|p2a: Xerneas|Fairy Aura\n|turn|9\n|\n|t:|1699393170\n|move|p2a: Xerneas|Geomancy||[still]\n|-prepare|p2a: Xerneas|Geomancy\n|-enditem|p2a: Xerneas|Power Herb\n|-anim|p2a: Xerneas|Geomancy|p2a: Xerneas\n|-boost|p2a: Xerneas|spa|2\n|-boost|p2a: Xerneas|spd|2\n|-boost|p2a: Xerneas|spe|2\n|move|p1a: Mawile|Iron Head|p2a: Xerneas\n|-supereffective|p2a: Xerneas\n|-damage|p2a: Xerneas|0 fnt\n|faint|p2a: Xerneas\n|\n|upkeep\n|\n|t:|1699393179\n|switch|p2a: Blastoise|Blastoise, F, shiny|100\/100\n|turn|10\n|\n|t:|1699393184\n|detailschange|p2a: Blastoise|Blastoise-Mega, F, shiny\n|-mega|p2a: Blastoise|Blastoise|Blastoisinite\n|move|p2a: Blastoise|Shell Smash|p2a: Blastoise\n|-unboost|p2a: Blastoise|def|1\n|-unboost|p2a: Blastoise|spd|1\n|-boost|p2a: Blastoise|atk|2\n|-boost|p2a: Blastoise|spa|2\n|-boost|p2a: Blastoise|spe|2\n|move|p1a: Mawile|Play Rough|p2a: Blastoise\n|-damage|p2a: Blastoise|0 fnt\n|faint|p2a: Blastoise\n|\n|upkeep\n|\n|t:|1699393195\n|switch|p2a: Ditto|Ditto|100\/100\n|-transform|p2a: Ditto|p1a: Mawile|[from] ability: Imposter\n|turn|11\n|inactive|SonicPeaceMachine has 90 seconds left.\n|\n|t:|1699393217\n|move|p1a: Mawile|Sucker Punch|p2a: Ditto\n|-resisted|p2a: Ditto\n|-damage|p2a: Ditto|79\/100\n|move|p2a: Ditto|Play Rough|p1a: Mawile\n|-resisted|p1a: Mawile\n|-damage|p1a: Mawile|0 fnt\n|faint|p1a: Mawile\n|\n|upkeep\n|\n|t:|1699393224\n|switch|p1a: Ogerpon|Ogerpon-Hearthflame, F|100\/100\n|-ability|p1a: Ogerpon|Mold Breaker\n|turn|12\n|c|\u2606KingoftheTitans|gg\n|\n|t:|1699393230\n|-terastallize|p1a: Ogerpon|Fire\n|detailschange|p1a: Ogerpon|Ogerpon-Hearthflame-Tera, F, tera:Fire\n|-ability|p1a: Ogerpon|Embody Aspect (Hearthflame)|boost\n|-boost|p1a: Ogerpon|atk|1\n|move|p1a: Ogerpon|Ivy Cudgel|p2a: Ditto\n|-supereffective|p2a: Ditto\n|-damage|p2a: Ditto|0 fnt\n|faint|p2a: Ditto\n|\n|win|KingoftheTitans\n|raw|KingoftheTitans's rating: 1348 &rarr; <strong>1377<\/strong><br \/>(+29 for winning)\n|raw|SonicPeaceMachine's rating: 1522 &rarr; <strong>1493<\/strong><br \/>(-29 for losing)\n|l|\u2606SonicPeaceMachine\n","uploadtime":1699393240,"views":15,"p1id":"kingofthetitans","p2id":"sonicpeacemachine","formatid":"gen9nationaldexubers","rating":1377,"private":0,"password":""}