{"id":"gen9nationaldexubers-1980290198","p1":"Vario 64\u2606\u5f61","p2":"SkylarSoren","format":"[Gen 9] National Dex Ubers","log":"|j|\u2606Vario 64\u2606\u5f61\n|j|\u2606SkylarSoren\n|t:|1698772735\n|gametype|singles\n|player|p1|Vario 64\u2606\u5f61|ghetsis|\n|player|p2|SkylarSoren|ethan-masters|\n|teamsize|p1|6\n|teamsize|p2|6\n|gen|9\n|tier|[Gen 9] National Dex Ubers\n|rule|HP Percentage Mod: HP is shown in percentages\n|rule|Endless Battle Clause: Forcing endless battles is banned\n|rule|OHKO Clause: OHKO moves are banned\n|rule|Evasion Moves Clause: Evasion moves are banned\n|rule|Evasion Items Clause: Evasion items are banned\n|rule|Species Clause: Limit one of each Pok\u00e9mon\n|rule|Sleep Clause Mod: Limit one foe put to sleep\n|rule|Mega Rayquaza Clause: You cannot mega evolve Rayquaza\n|clearpoke\n|poke|p1|Araquanid, F|\n|poke|p1|Darmanitan, M|\n|poke|p1|Nidoking, M|\n|poke|p1|Rillaboom, M|\n|poke|p1|Yveltal|\n|poke|p1|Mamoswine, M|\n|poke|p2|Gyarados, M|\n|poke|p2|Manaphy|\n|poke|p2|Palkia-Origin|\n|poke|p2|Landorus-Therian, M|\n|poke|p2|Ting-Lu|\n|poke|p2|Clodsire, M|\n|teampreview\n|c|\u2606Vario 64\u2606\u5f61|gl hf!\n|c|\u2606SkylarSoren|U2\n|\n|t:|1698772774\n|start\n|switch|p1a: CORE|Araquanid, F|100\/100\n|switch|p2a: Landorus|Landorus-Therian, M|100\/100\n|-ability|p2a: Landorus|Intimidate|boost\n|-unboost|p1a: CORE|atk|1\n|turn|1\n|\n|t:|1698772786\n|move|p2a: Landorus|U-turn|p1a: CORE\n|-damage|p1a: CORE|83\/100\n|\n|t:|1698772792\n|switch|p2a: Ting-Lu|Ting-Lu|100\/100|[from] U-turn\n|-ability|p2a: Ting-Lu|Vessel of Ruin\n|move|p1a: CORE|Toxic|p2a: Ting-Lu\n|-status|p2a: Ting-Lu|tox\n|\n|-damage|p2a: Ting-Lu|94\/100 tox|[from] psn\n|upkeep\n|turn|2\n|\n|t:|1698772806\n|move|p1a: CORE|Magic Coat|p1a: CORE\n|-singleturn|p1a: CORE|move: Magic Coat\n|move|p2a: Ting-Lu|Whirlwind|p1a: CORE\n|move|p1a: CORE|Whirlwind|p2a: Ting-Lu|[from]Magic Coat\n|drag|p2a: Gyarados|Gyarados, M, shiny|100\/100\n|-ability|p2a: Gyarados|Intimidate|boost\n|-unboost|p1a: CORE|atk|1\n|\n|upkeep\n|turn|3\n|j| RenzFlintrock\n|\n|t:|1698772819\n|switch|p2a: Clodsire|Clodsire, M|100\/100\n|move|p1a: CORE|Toxic|p2a: Clodsire\n|-immune|p2a: Clodsire\n|\n|upkeep\n|turn|4\n|\n|t:|1698772831\n|move|p1a: CORE|Sticky Web|p2a: Clodsire\n|-sidestart|p2: SkylarSoren|move: Sticky Web\n|move|p2a: Clodsire|Spikes|p1a: CORE\n|-sidestart|p1: Vario 64\u2606\u5f61|Spikes\n|\n|upkeep\n|turn|5\n|\n|t:|1698772842\n|move|p1a: CORE|Magic Coat|p1a: CORE\n|-singleturn|p1a: CORE|move: Magic Coat\n|move|p2a: Clodsire|Earthquake|p1a: CORE\n|-resisted|p1a: CORE\n|-damage|p1a: CORE|73\/100\n|\n|upkeep\n|turn|6\n|\n|t:|1698772849\n|move|p1a: CORE|Magic Coat|p1a: CORE\n|-singleturn|p1a: CORE|move: Magic Coat\n|move|p2a: Clodsire|Toxic|p1a: CORE\n|move|p1a: CORE|Toxic|p2a: Clodsire|[from]Magic Coat\n|-immune|p2a: Clodsire\n|\n|upkeep\n|turn|7\n|\n|t:|1698772860\n|switch|p1a: KONG THE KING|Rillaboom, M|100\/100\n|-damage|p1a: KONG THE KING|88\/100|[from] Spikes\n|-fieldstart|move: Grassy Terrain|[from] ability: Grassy Surge|[of] p1a: KONG THE KING\n|move|p2a: Clodsire|Earthquake|p1a: KONG THE KING\n|-resisted|p1a: KONG THE KING\n|-crit|p1a: KONG THE KING\n|-damage|p1a: KONG THE KING|78\/100\n|\n|-heal|p1a: KONG THE KING|84\/100|[from] Grassy Terrain\n|-heal|p1a: KONG THE KING|90\/100|[from] item: Leftovers\n|upkeep\n|turn|8\n|\n|t:|1698772879\n|switch|p2a: Landorus|Landorus-Therian, M|100\/100\n|-ability|p2a: Landorus|Intimidate|boost\n|-unboost|p1a: KONG THE KING|atk|1\n|move|p1a: KONG THE KING|Substitute|p1a: KONG THE KING\n|-start|p1a: KONG THE KING|Substitute\n|-damage|p1a: KONG THE KING|65\/100\n|\n|-heal|p1a: KONG THE KING|71\/100|[from] Grassy Terrain\n|-heal|p1a: KONG THE KING|77\/100|[from] item: Leftovers\n|upkeep\n|turn|9\n|\n|t:|1698772892\n|move|p1a: KONG THE KING|Swords Dance|p1a: KONG THE KING\n|-boost|p1a: KONG THE KING|atk|2\n|move|p2a: Landorus|Defog|p1a: KONG THE KING\n|-sideend|p1: Vario 64\u2606\u5f61|Spikes|[from] move: Defog|[of] p2a: Landorus\n|-sideend|p2: SkylarSoren|Sticky Web|[from] move: Defog|[of] p2a: Landorus\n|-fieldend|move: Grassy Terrain\n|\n|-heal|p1a: KONG THE KING|83\/100|[from] item: Leftovers\n|upkeep\n|turn|10\n|\n|t:|1698772906\n|move|p1a: KONG THE KING|Swords Dance|p1a: KONG THE KING\n|-boost|p1a: KONG THE KING|atk|2\n|move|p2a: Landorus|U-turn|p1a: KONG THE KING\n|-supereffective|p1a: KONG THE KING\n|-end|p1a: KONG THE KING|Substitute\n|\n|t:|1698772913\n|switch|p2a: Clodsire|Clodsire, M|100\/100|[from] U-turn\n|\n|-heal|p1a: KONG THE KING|89\/100|[from] item: Leftovers\n|upkeep\n|turn|11\n|\n|t:|1698772925\n|move|p1a: KONG THE KING|Substitute|p1a: KONG THE KING\n|-start|p1a: KONG THE KING|Substitute\n|-damage|p1a: KONG THE KING|64\/100\n|move|p2a: Clodsire|Spikes|p1a: KONG THE KING\n|-sidestart|p1: Vario 64\u2606\u5f61|Spikes\n|\n|-heal|p1a: KONG THE KING|70\/100|[from] item: Leftovers\n|upkeep\n|turn|12\n|\n|t:|1698772934\n|move|p1a: KONG THE KING|High Horsepower|p2a: Clodsire\n|-supereffective|p2a: Clodsire\n|-damage|p2a: Clodsire|28\/100\n|move|p2a: Clodsire|Spikes|p1a: KONG THE KING\n|-sidestart|p1: Vario 64\u2606\u5f61|Spikes\n|\n|-heal|p1a: KONG THE KING|76\/100|[from] item: Leftovers\n|upkeep\n|turn|13\n|\n|t:|1698772945\n|move|p1a: KONG THE KING|Grassy Glide|p2a: Clodsire\n|-damage|p2a: Clodsire|0 fnt\n|faint|p2a: Clodsire\n|\n|-heal|p1a: KONG THE KING|82\/100|[from] item: Leftovers\n|upkeep\n|\n|t:|1698772965\n|switch|p2a: Landorus|Landorus-Therian, M|100\/100\n|-ability|p2a: Landorus|Intimidate|boost\n|-immune|p1a: KONG THE KING\n|turn|14\n|\n|t:|1698772973\n|move|p1a: KONG THE KING|Grassy Glide|p2a: Landorus\n|-damage|p2a: Landorus|49\/100\n|-damage|p1a: KONG THE KING|66\/100|[from] item: Rocky Helmet|[of] p2a: Landorus\n|move|p2a: Landorus|U-turn|p1a: KONG THE KING\n|-supereffective|p1a: KONG THE KING\n|-end|p1a: KONG THE KING|Substitute\n|\n|t:|1698772984\n|switch|p2a: Gyarados|Gyarados, M, shiny|100\/100|[from] U-turn\n|-ability|p2a: Gyarados|Intimidate|boost\n|-unboost|p1a: KONG THE KING|atk|1\n|\n|-heal|p1a: KONG THE KING|72\/100|[from] item: Leftovers\n|upkeep\n|turn|15\n|\n|t:|1698772997\n|switch|p2a: Landorus|Landorus-Therian, M|49\/100\n|-ability|p2a: Landorus|Intimidate|boost\n|-unboost|p1a: KONG THE KING|atk|1\n|move|p1a: KONG THE KING|Grassy Glide|p2a: Landorus\n|-damage|p2a: Landorus|21\/100\n|-damage|p1a: KONG THE KING|55\/100|[from] item: Rocky Helmet|[of] p2a: Landorus\n|\n|-heal|p1a: KONG THE KING|61\/100|[from] item: Leftovers\n|upkeep\n|turn|16\n|\n|t:|1698773013\n|switch|p1a: CORE|Araquanid, F|73\/100\n|-damage|p1a: CORE|56\/100|[from] Spikes\n|move|p2a: Landorus|Stealth Rock|p1a: CORE\n|-sidestart|p1: Vario 64\u2606\u5f61|move: Stealth Rock\n|\n|upkeep\n|turn|17\n|\n|t:|1698773024\n|move|p2a: Landorus|U-turn|p1a: CORE\n|-damage|p1a: CORE|40\/100\n|\n|t:|1698773032\n|switch|p2a: Ting-Lu|Ting-Lu|94\/100 tox|[from] U-turn\n|-ability|p2a: Ting-Lu|Vessel of Ruin\n|move|p1a: CORE|Toxic|p2a: Ting-Lu\n|-fail|p2a: Ting-Lu|tox\n|\n|-heal|p2a: Ting-Lu|100\/100 tox|[from] item: Leftovers\n|-damage|p2a: Ting-Lu|94\/100 tox|[from] psn\n|upkeep\n|turn|18\n|\n|t:|1698773048\n|move|p1a: CORE|Sticky Web|p2a: Ting-Lu\n|-sidestart|p2: SkylarSoren|move: Sticky Web\n|move|p2a: Ting-Lu|Whirlwind|p1a: CORE\n|drag|p1a: KONG|Darmanitan, M|100\/100\n|-damage|p1a: KONG|84\/100|[from] Spikes\n|-damage|p1a: KONG|59\/100|[from] Stealth Rock\n|\n|-heal|p2a: Ting-Lu|100\/100 tox|[from] item: Leftovers\n|-damage|p2a: Ting-Lu|88\/100 tox|[from] psn\n|upkeep\n|turn|19\n|\n|t:|1698773060\n|move|p1a: KONG|Flare Blitz|p2a: Ting-Lu\n|-damage|p2a: Ting-Lu|25\/100 tox\n|-damage|p1a: KONG|29\/100|[from] Recoil\n|move|p2a: Ting-Lu|Ruination|p1a: KONG\n|-damage|p1a: KONG|15\/100\n|\n|-heal|p2a: Ting-Lu|31\/100 tox|[from] item: Leftovers\n|-damage|p2a: Ting-Lu|13\/100 tox|[from] psn\n|upkeep\n|turn|20\n|\n|t:|1698773078\n|move|p1a: KONG|Flare Blitz|p2a: Ting-Lu\n|-damage|p2a: Ting-Lu|0 fnt\n|faint|p2a: Ting-Lu\n|-damage|p1a: KONG|9\/100|[from] Recoil\n|\n|upkeep\n|\n|t:|1698773092\n|switch|p2a: Gyarados|Gyarados, M, shiny|100\/100\n|-ability|p2a: Gyarados|Intimidate|boost\n|-unboost|p1a: KONG|atk|1\n|turn|21\n|\n|t:|1698773102\n|move|p1a: KONG|U-turn|p2a: Gyarados\n|-resisted|p2a: Gyarados\n|-damage|p2a: Gyarados|88\/100\n|-damage|p1a: KONG|0 fnt|[from] item: Life Orb\n|faint|p1a: KONG\n|move|p2a: Gyarados|Dragon Dance|p2a: Gyarados\n|-boost|p2a: Gyarados|atk|1\n|-boost|p2a: Gyarados|spe|1\n|\n|upkeep\n|\n|t:|1698773115\n|switch|p1a: It's MORBIN TIME!!|Yveltal|100\/100\n|-damage|p1a: It's MORBIN TIME!!|76\/100|[from] Stealth Rock\n|-ability|p1a: It's MORBIN TIME!!|Dark Aura\n|turn|22\n|\n|t:|1698773124\n|detailschange|p2a: Gyarados|Gyarados-Mega, M, shiny\n|-mega|p2a: Gyarados|Gyarados|Gyaradosite\n|-ability|p2a: Gyarados|Mold Breaker\n|move|p2a: Gyarados|Waterfall|p1a: It's MORBIN TIME!!\n|-damage|p1a: It's MORBIN TIME!!|0 fnt\n|faint|p1a: It's MORBIN TIME!!\n|\n|upkeep\n|\n|t:|1698773132\n|switch|p1a: KONG THE KING|Rillaboom, M|61\/100\n|-damage|p1a: KONG THE KING|45\/100|[from] Spikes\n|-damage|p1a: KONG THE KING|32\/100|[from] Stealth Rock\n|-fieldstart|move: Grassy Terrain|[from] ability: Grassy Surge|[of] p1a: KONG THE KING\n|turn|23\n|\n|t:|1698773141\n|-terastallize|p1a: KONG THE KING|Grass\n|move|p1a: KONG THE KING|Grassy Glide|p2a: Gyarados\n|-supereffective|p2a: Gyarados\n|-damage|p2a: Gyarados|0 fnt\n|faint|p2a: Gyarados\n|\n|-heal|p1a: KONG THE KING|38\/100|[from] Grassy Terrain\n|-heal|p1a: KONG THE KING|44\/100|[from] item: Leftovers\n|upkeep\n|\n|t:|1698773152\n|switch|p2a: Landorus|Landorus-Therian, M|21\/100\n|-ability|p2a: Landorus|Intimidate|boost\n|-unboost|p1a: KONG THE KING|atk|1\n|turn|24\n|\n|t:|1698773163\n|move|p1a: KONG THE KING|Grassy Glide|p2a: Landorus\n|-damage|p2a: Landorus|0 fnt\n|-damage|p1a: KONG THE KING|28\/100|[from] item: Rocky Helmet|[of] p2a: Landorus\n|faint|p2a: Landorus\n|\n|-heal|p1a: KONG THE KING|34\/100|[from] Grassy Terrain\n|-heal|p1a: KONG THE KING|40\/100|[from] item: Leftovers\n|upkeep\n|\n|t:|1698773174\n|switch|p2a: Manaphy|Manaphy, shiny|100\/100\n|-activate|p2a: Manaphy|move: Sticky Web\n|-unboost|p2a: Manaphy|spe|1\n|turn|25\n|\n|t:|1698773206\n|move|p1a: KONG THE KING|Grassy Glide|p2a: Manaphy\n|-supereffective|p2a: Manaphy\n|-damage|p2a: Manaphy|45\/100\n|-zpower|p2a: Manaphy\n|move|p2a: Manaphy|Hydro Vortex|p1a: KONG THE KING|[zeffect]\n|-resisted|p1a: KONG THE KING\n|-damage|p1a: KONG THE KING|0 fnt\n|faint|p1a: KONG THE KING\n|\n|-heal|p2a: Manaphy|51\/100|[from] Grassy Terrain\n|upkeep\n|\n|t:|1698773226\n|switch|p1a: KING|Nidoking, M|100\/100\n|-damage|p1a: KING|84\/100|[from] Spikes\n|-damage|p1a: KING|78\/100|[from] Stealth Rock\n|turn|26\n|\n|t:|1698773236\n|move|p1a: KING|Thunderbolt|p2a: Manaphy\n|-supereffective|p2a: Manaphy\n|-damage|p2a: Manaphy|0 fnt\n|faint|p2a: Manaphy\n|\n|-heal|p1a: KING|84\/100|[from] Grassy Terrain\n|upkeep\n|\n|t:|1698773244\n|switch|p2a: Palkia|Palkia-Origin|100\/100\n|-activate|p2a: Palkia|move: Sticky Web\n|-unboost|p2a: Palkia|spe|1\n|-ability|p2a: Palkia|Pressure\n|turn|27\n|\n|t:|1698773252\n|move|p1a: KING|Earth Power|p2a: Palkia\n|-damage|p2a: Palkia|42\/100\n|move|p2a: Palkia|Spacial Rend|p1a: KING\n|-damage|p1a: KING|0 fnt\n|faint|p1a: KING\n|\n|-heal|p2a: Palkia|48\/100|[from] Grassy Terrain\n|-fieldend|move: Grassy Terrain\n|upkeep\n|\n|t:|1698773262\n|switch|p1a: MamoSWAG|Mamoswine, M|100\/100\n|-damage|p1a: MamoSWAG|84\/100|[from] Spikes\n|-damage|p1a: MamoSWAG|72\/100|[from] Stealth Rock\n|turn|28\n|\n|t:|1698773269\n|move|p2a: Palkia|Hydro Pump|p1a: MamoSWAG\n|-supereffective|p1a: MamoSWAG\n|-damage|p1a: MamoSWAG|0 fnt\n|faint|p1a: MamoSWAG\n|\n|upkeep\n|c|\u2606Vario 64\u2606\u5f61|dang\n|c|\u2606Vario 64\u2606\u5f61|ig ill be max speed from now on\n|c|\u2606Vario 64\u2606\u5f61|rip\n|\n|t:|1698773289\n|switch|p1a: CORE|Araquanid, F|40\/100\n|-damage|p1a: CORE|23\/100|[from] Spikes\n|-damage|p1a: CORE|0 fnt|[from] Stealth Rock\n|faint|p1a: CORE\n|\n|win|SkylarSoren\n","uploadtime":1698773298,"views":16,"p1id":"vario64","p2id":"skylarsoren","formatid":"gen9nationaldexubers","rating":0,"private":0,"password":""}