{"id":"gen9nationaldexubers-1996833961","p1":"hexagonereal","p2":"mathmath34","format":"[Gen 9] National Dex Ubers","log":"|j|\u2606hexagonereal\n|j|\u2606mathmath34\n|t:|1700732731\n|gametype|singles\n|player|p1|hexagonereal|cyrus|1407\n|player|p2|mathmath34|skyla|1323\n|teamsize|p1|6\n|teamsize|p2|6\n|gen|9\n|tier|[Gen 9] National Dex Ubers\n|rated|\n|rule|HP Percentage Mod: HP is shown in percentages\n|rule|Endless Battle Clause: Forcing endless battles is banned\n|rule|OHKO Clause: OHKO moves are banned\n|rule|Evasion Moves Clause: Evasion moves are banned\n|rule|Evasion Items Clause: Evasion items are banned\n|rule|Species Clause: Limit one of each Pok\u00e9mon\n|rule|Sleep Clause Mod: Limit one foe put to sleep\n|rule|Mega Rayquaza Clause: You cannot mega evolve Rayquaza\n|clearpoke\n|poke|p1|Eternatus|\n|poke|p1|Arceus-Water|\n|poke|p1|Xerneas-*|\n|poke|p1|Zygarde|\n|poke|p1|Groudon|\n|poke|p1|Zekrom|\n|poke|p2|Togedemaru, L1, M|\n|poke|p2|Tyranitar, M|\n|poke|p2|Togekiss, F|\n|poke|p2|Slurpuff, F|\n|poke|p2|Serperior, F|\n|poke|p2|Greninja-*, F|\n|teampreview\n|\n|t:|1700732761\n|start\n|switch|p1a: Zekrom|Zekrom|100\/100\n|switch|p2a: Greninja|Greninja, F|100\/100\n|-ability|p1a: Zekrom|Teravolt\n|turn|1\n|\n|t:|1700732773\n|move|p2a: Greninja|Ice Beam|p1a: Zekrom\n|-start|p2a: Greninja|typechange|Ice|[from] ability: Protean\n|-supereffective|p1a: Zekrom\n|-damage|p1a: Zekrom|26\/100\n|move|p1a: Zekrom|Substitute|p1a: Zekrom\n|-start|p1a: Zekrom|Substitute\n|-damage|p1a: Zekrom|1\/100\n|\n|upkeep\n|turn|2\n|\n|t:|1700732789\n|switch|p2a: Tyranitar|Tyranitar, M|100\/100\n|-weather|Sandstorm|[from] ability: Sand Stream|[of] p2a: Tyranitar\n|move|p1a: Zekrom|Dragon Dance|p1a: Zekrom\n|-boost|p1a: Zekrom|atk|1\n|-boost|p1a: Zekrom|spe|1\n|\n|-weather|Sandstorm|[upkeep]\n|-damage|p1a: Zekrom|0 fnt|[from] Sandstorm\n|faint|p1a: Zekrom\n|upkeep\n|\n|t:|1700732794\n|switch|p1a: Groudon|Groudon|100\/100\n|detailschange|p1a: Groudon|Groudon-Primal\n|-primal|p1a: Groudon|Red Orb\n|-weather|DesolateLand|[from] ability: Desolate Land|[of] p1a: Groudon\n|turn|3\n|\n|t:|1700732807\n|switch|p2a: Togekiss|Togekiss, F|100\/100\n|move|p1a: Groudon|Spikes|p2a: Togekiss\n|-sidestart|p2: mathmath34|Spikes\n|\n|-weather|DesolateLand|[upkeep]\n|upkeep\n|turn|4\n|\n|t:|1700732816\n|move|p2a: Togekiss|Air Slash|p1a: Groudon\n|-damage|p1a: Groudon|71\/100\n|cant|p1a: Groudon|flinch\n|\n|-weather|DesolateLand|[upkeep]\n|upkeep\n|turn|5\n|\n|t:|1700732833\n|move|p2a: Togekiss|Air Slash|p1a: Groudon\n|-damage|p1a: Groudon|44\/100\n|cant|p1a: Groudon|flinch\n|\n|-weather|DesolateLand|[upkeep]\n|upkeep\n|turn|6\n|\n|t:|1700732837\n|move|p2a: Togekiss|Air Slash|p1a: Groudon\n|-damage|p1a: Groudon|17\/100\n|move|p1a: Groudon|Stone Edge|p2a: Togekiss\n|-supereffective|p2a: Togekiss\n|-damage|p2a: Togekiss|13\/100\n|\n|-weather|DesolateLand|[upkeep]\n|-heal|p2a: Togekiss|19\/100|[from] item: Leftovers\n|upkeep\n|turn|7\n|\n|t:|1700732846\n|-weather|none\n|switch|p1a: Zygarde|Zygarde|100\/100\n|move|p2a: Togekiss|Air Slash|p1a: Zygarde\n|-damage|p1a: Zygarde|71\/100\n|\n|-heal|p1a: Zygarde|77\/100|[from] item: Leftovers\n|-heal|p2a: Togekiss|26\/100|[from] item: Leftovers\n|upkeep\n|turn|8\n|j| Evil T-tar\n|\n|t:|1700732855\n|move|p1a: Zygarde|Glare|p2a: Togekiss\n|-status|p2a: Togekiss|par\n|move|p2a: Togekiss|Defog|p1a: Zygarde\n|-unboost|p1a: Zygarde|evasion|1\n|-sideend|p2: mathmath34|Spikes|[from] move: Defog|[of] p2a: Togekiss\n|\n|-heal|p1a: Zygarde|83\/100|[from] item: Leftovers\n|-heal|p2a: Togekiss|32\/100 par|[from] item: Leftovers\n|upkeep\n|turn|9\n|\n|t:|1700732865\n|move|p1a: Zygarde|Substitute|p1a: Zygarde\n|-start|p1a: Zygarde|Substitute\n|-damage|p1a: Zygarde|58\/100\n|cant|p2a: Togekiss|par\n|\n|-heal|p1a: Zygarde|65\/100|[from] item: Leftovers\n|-heal|p2a: Togekiss|38\/100 par|[from] item: Leftovers\n|upkeep\n|turn|10\n|\n|t:|1700732884\n|switch|p2a: Serperior|Serperior, F|100\/100\n|-terastallize|p1a: Zygarde|Steel\n|move|p1a: Zygarde|Dragon Dance|p1a: Zygarde\n|-boost|p1a: Zygarde|atk|1\n|-boost|p1a: Zygarde|spe|1\n|\n|-heal|p1a: Zygarde|71\/100|[from] item: Leftovers\n|upkeep\n|turn|11\n|\n|t:|1700732895\n|move|p1a: Zygarde|Thousand Arrows|p2a: Serperior\n|-resisted|p2a: Serperior\n|-damage|p2a: Serperior|58\/100\n|move|p2a: Serperior|Leaf Storm|p1a: Zygarde\n|-resisted|p1a: Zygarde\n|-activate|p1a: Zygarde|move: Substitute|[damage]\n|-boost|p2a: Serperior|spa|2\n|\n|-heal|p1a: Zygarde|77\/100|[from] item: Leftovers\n|upkeep\n|turn|12\n|\n|t:|1700732906\n|move|p1a: Zygarde|Glare|p2a: Serperior\n|-status|p2a: Serperior|par\n|move|p2a: Serperior|Leaf Storm|p1a: Zygarde\n|-resisted|p1a: Zygarde\n|-end|p1a: Zygarde|Substitute\n|-boost|p2a: Serperior|spa|2\n|\n|-heal|p1a: Zygarde|83\/100|[from] item: Leftovers\n|upkeep\n|turn|13\n|\n|t:|1700732912\n|move|p1a: Zygarde|Thousand Arrows|p2a: Serperior\n|-resisted|p2a: Serperior\n|-damage|p2a: Serperior|17\/100 par\n|move|p2a: Serperior|Hidden Power|p1a: Zygarde\n|-supereffective|p1a: Zygarde\n|-damage|p1a: Zygarde|4\/100\n|\n|-heal|p1a: Zygarde|10\/100|[from] item: Leftovers\n|-activate|p1a: Zygarde|ability: Power Construct\n|detailschange|p1a: Zygarde|Zygarde-Complete, tera:Steel\n|-heal|p1a: Zygarde|44\/100|[silent]\n|upkeep\n|turn|14\n|\n|t:|1700732922\n|move|p1a: Zygarde|Thousand Arrows|p2a: Serperior\n|-resisted|p2a: Serperior\n|-damage|p2a: Serperior|0 fnt\n|faint|p2a: Serperior\n|\n|-heal|p1a: Zygarde|50\/100|[from] item: Leftovers\n|upkeep\n|\n|t:|1700732946\n|switch|p2a: Greninja|Greninja, F|100\/100\n|turn|15\n|c|\u2606hexagonereal|tst\n|\n|t:|1700732955\n|move|p1a: Zygarde|Thousand Arrows|p2a: Greninja\n|-enditem|p2a: Greninja|Focus Sash\n|-damage|p2a: Greninja|1\/100\n|move|p2a: Greninja|Scald|p1a: Zygarde\n|-start|p2a: Greninja|typechange|Water|[from] ability: Protean\n|-damage|p1a: Zygarde|30\/100\n|\n|-heal|p1a: Zygarde|36\/100|[from] item: Leftovers\n|upkeep\n|turn|16\n|inactive|Battle timer is ON: inactive players will automatically lose when time's up. (requested by hexagonereal)\n|\n|t:|1700732996\n|move|p1a: Zygarde|Thousand Arrows|p2a: Greninja\n|-damage|p2a: Greninja|0 fnt\n|faint|p2a: Greninja\n|\n|-heal|p1a: Zygarde|42\/100|[from] item: Leftovers\n|upkeep\n|\n|t:|1700732998\n|switch|p2a: Togedemaru|Togedemaru, L1, M|100\/100\n|turn|17\n|c|\u2606hexagonereal|hmamburrbger\n|\n|t:|1700733010\n|move|p1a: Zygarde|Thousand Arrows|p2a: Togedemaru\n|-supereffective|p2a: Togedemaru\n|-ability|p2a: Togedemaru|Sturdy\n|-damage|p2a: Togedemaru|8\/100\n|move|p2a: Togedemaru|Endeavor|p1a: Zygarde\n|-damage|p1a: Zygarde|1\/100\n|-heal|p2a: Togedemaru|100\/100|[from] item: Shell Bell|[of] p1a: Zygarde\n|\n|-heal|p1a: Zygarde|7\/100|[from] item: Leftovers\n|upkeep\n|turn|18\n|\n|t:|1700733035\n|switch|p2a: Slurpuff|Slurpuff, F|100\/100\n|move|p1a: Zygarde|Thousand Arrows|p2a: Slurpuff\n|-damage|p2a: Slurpuff|19\/100\n|-enditem|p2a: Slurpuff|Sitrus Berry|[eat]\n|-heal|p2a: Slurpuff|44\/100|[from] item: Sitrus Berry\n|\n|-heal|p1a: Zygarde|13\/100|[from] item: Leftovers\n|upkeep\n|turn|19\n|\n|t:|1700733045\n|move|p2a: Slurpuff|Drain Punch|p1a: Zygarde\n|-supereffective|p1a: Zygarde\n|-damage|p1a: Zygarde|0 fnt\n|-heal|p2a: Slurpuff|55\/100|[from] drain|[of] p1a: Zygarde\n|faint|p1a: Zygarde\n|\n|upkeep\n|\n|t:|1700733059\n|switch|p1a: Eternatus|Eternatus|100\/100\n|-ability|p1a: Eternatus|Pressure\n|turn|20\n|\n|t:|1700733074\n|-terastallize|p2a: Slurpuff|Steel\n|move|p2a: Slurpuff|Play Rough|p1a: Eternatus\n|-damage|p1a: Eternatus|69\/100\n|move|p1a: Eternatus|Meteor Beam||[still]\n|-prepare|p1a: Eternatus|Meteor Beam\n|-boost|p1a: Eternatus|spa|1\n|-enditem|p1a: Eternatus|Power Herb\n|-anim|p1a: Eternatus|Meteor Beam|p2a: Slurpuff\n|-resisted|p2a: Slurpuff\n|-damage|p2a: Slurpuff|8\/100\n|\n|upkeep\n|turn|21\n|\n|t:|1700733088\n|move|p2a: Slurpuff|Return|p1a: Eternatus\n|-damage|p1a: Eternatus|47\/100\n|move|p1a: Eternatus|Fire Blast|p2a: Slurpuff\n|-supereffective|p2a: Slurpuff\n|-damage|p2a: Slurpuff|0 fnt\n|faint|p2a: Slurpuff\n|\n|upkeep\n|inactive|mathmath34 has 120 seconds left.\n|c|\u2606hexagonereal|a\n|\n|t:|1700733132\n|switch|p2a: Tyranitar|Tyranitar, M|100\/100\n|-weather|Sandstorm|[from] ability: Sand Stream|[of] p2a: Tyranitar\n|turn|22\n|\n|t:|1700733151\n|switch|p2a: Togekiss|Togekiss, F|38\/100 par\n|move|p1a: Eternatus|Dynamax Cannon|p2a: Togekiss\n|-immune|p2a: Togekiss\n|\n|-weather|Sandstorm|[upkeep]\n|-damage|p1a: Eternatus|40\/100|[from] Sandstorm\n|-damage|p2a: Togekiss|32\/100 par|[from] Sandstorm\n|-heal|p2a: Togekiss|38\/100 par|[from] item: Leftovers\n|upkeep\n|turn|23\n|\n|t:|1700733157\n|move|p1a: Eternatus|Sludge Bomb|p2a: Togekiss\n|-supereffective|p2a: Togekiss\n|-damage|p2a: Togekiss|0 fnt\n|faint|p2a: Togekiss\n|\n|-weather|Sandstorm|[upkeep]\n|-damage|p1a: Eternatus|34\/100|[from] Sandstorm\n|upkeep\n|\n|t:|1700733160\n|switch|p2a: Togedemaru|Togedemaru, L1, M|100\/100\n|turn|24\n|\n|t:|1700733166\n|move|p1a: Eternatus|Fire Blast|p2a: Togedemaru\n|-supereffective|p2a: Togedemaru\n|-ability|p2a: Togedemaru|Sturdy\n|-damage|p2a: Togedemaru|8\/100\n|move|p2a: Togedemaru|Endeavor|p1a: Eternatus\n|-damage|p1a: Eternatus|1\/100\n|-heal|p2a: Togedemaru|100\/100|[from] item: Shell Bell|[of] p1a: Eternatus\n|\n|-weather|Sandstorm|[upkeep]\n|-damage|p1a: Eternatus|0 fnt|[from] Sandstorm\n|faint|p1a: Eternatus\n|upkeep\n|\n|t:|1700733176\n|switch|p1a: Groudon|Groudon-Primal|17\/100\n|-weather|DesolateLand|[from] ability: Desolate Land|[of] p1a: Groudon\n|turn|25\n|\n|t:|1700733183\n|move|p1a: Groudon|Will-O-Wisp|p2a: Togedemaru\n|-status|p2a: Togedemaru|brn\n|move|p2a: Togedemaru|Endeavor|p1a: Groudon\n|-damage|p1a: Groudon|4\/100\n|\n|-weather|DesolateLand|[upkeep]\n|-damage|p2a: Togedemaru|93\/100 brn|[from] brn\n|upkeep\n|turn|26\n|\n|t:|1700733193\n|move|p1a: Groudon|Precipice Blades|p2a: Togedemaru\n|-supereffective|p2a: Togedemaru\n|-damage|p2a: Togedemaru|0 fnt\n|faint|p2a: Togedemaru\n|\n|-weather|DesolateLand|[upkeep]\n|upkeep\n|\n|t:|1700733195\n|switch|p2a: Tyranitar|Tyranitar, M|100\/100\n|-ability|p2a: Tyranitar|Sand Stream|[from] desolateland|[fail]\n|turn|27\n|\n|t:|1700733210\n|detailschange|p2a: Tyranitar|Tyranitar-Mega, M\n|-mega|p2a: Tyranitar|Tyranitar|Tyranitarite\n|-ability|p2a: Tyranitar|Sand Stream|[from] desolateland|[fail]\n|move|p1a: Groudon|Precipice Blades|p2a: Tyranitar\n|-supereffective|p2a: Tyranitar\n|-damage|p2a: Tyranitar|0 fnt\n|faint|p2a: Tyranitar\n|\n|win|hexagonereal\n|raw|hexagonereal's rating: 1407 &rarr; <strong>1422<\/strong><br \/>(+15 for winning)\n|raw|mathmath34's rating: 1323 &rarr; <strong>1308<\/strong><br \/>(-15 for losing)\n|l|\u2606mathmath34\n|l| Evil T-tar\n","uploadtime":1700733251,"views":2,"p1id":"hexagonereal","p2id":"mathmath34","formatid":"gen9nationaldexubers","rating":1308,"private":0,"password":""}