{"id":"gen9nationaldexubers-1984504301","p1":"Gym of Spooky","p2":"Funtime_B0nnie","format":"[Gen 9] National Dex Ubers","log":"|j|\u2606Gym of Spooky\n|j|\u2606Funtime_B0nnie\n|t:|1699273636\n|gametype|singles\n|player|p1|Gym of Spooky|gambler|\n|player|p2|Funtime_B0nnie|buck|\n|teamsize|p1|6\n|teamsize|p2|6\n|gen|9\n|tier|[Gen 9] National Dex Ubers\n|rule|HP Percentage Mod: HP is shown in percentages\n|rule|Endless Battle Clause: Forcing endless battles is banned\n|rule|OHKO Clause: OHKO moves are banned\n|rule|Evasion Moves Clause: Evasion moves are banned\n|rule|Evasion Items Clause: Evasion items are banned\n|rule|Species Clause: Limit one of each Pok\u00e9mon\n|rule|Sleep Clause Mod: Limit one foe put to sleep\n|rule|Mega Rayquaza Clause: You cannot mega evolve Rayquaza\n|clearpoke\n|poke|p1|Zapdos|\n|poke|p1|Lopunny, F|\n|poke|p1|Azumarill, M|\n|poke|p1|Hydreigon, M|\n|poke|p1|Ferrothorn, F|\n|poke|p1|Chandelure, M|\n|poke|p2|Slowbro, F|\n|poke|p2|Rillaboom, M|\n|poke|p2|Talonflame, M|\n|poke|p2|Kingambit, M|\n|poke|p2|Garchomp, M|\n|poke|p2|Lopunny, F|\n|teampreview\n|inactive|Battle timer is ON: inactive players will automatically lose when time's up. (requested by Funtime_B0nnie)\n|c|\u2606Gym of Spooky|Talonflame is a maj\u0105ce\n|inactive|Gym of Spooky has 270 seconds left.\n|\n|t:|1699273668\n|start\n|switch|p1a: Yoshi|Hydreigon, M|100\/100\n|switch|p2a: Lopunny|Lopunny, F, shiny|100\/100\n|turn|1\n|c|\u2606Gym of Spooky|Manace\n|\n|t:|1699273685\n|switch|p1a: Ibis|Zapdos|100\/100\n|detailschange|p2a: Lopunny|Lopunny-Mega, F, shiny\n|-mega|p2a: Lopunny|Lopunny|Lopunnite\n|move|p2a: Lopunny|Fake Out|p1a: Ibis\n|-damage|p1a: Ibis|80\/100\n|-status|p2a: Lopunny|par|[from] ability: Static|[of] p1a: Ibis\n|\n|upkeep\n|turn|2\n|\n|t:|1699273690\n|switch|p2a: Garchomp|Garchomp, M|100\/100\n|move|p1a: Ibis|Hurricane|p2a: Garchomp|[miss]\n|-miss|p1a: Ibis|p2a: Garchomp\n|\n|upkeep\n|turn|3\n|\n|t:|1699273698\n|move|p2a: Garchomp|Stealth Rock|p1a: Ibis\n|-sidestart|p1: Gym of Spooky|move: Stealth Rock\n|move|p1a: Ibis|Hurricane|p2a: Garchomp|[miss]\n|-miss|p1a: Ibis|p2a: Garchomp\n|\n|upkeep\n|turn|4\n|\n|t:|1699273704\n|switch|p1a: Durandoo|Ferrothorn, F|100\/100\n|-damage|p1a: Durandoo|94\/100|[from] Stealth Rock\n|move|p2a: Garchomp|Draco Meteor|p1a: Durandoo\n|-resisted|p1a: Durandoo\n|-damage|p1a: Durandoo|67\/100\n|-unboost|p2a: Garchomp|spa|2\n|-damage|p2a: Garchomp|91\/100|[from] item: Life Orb\n|\n|-heal|p1a: Durandoo|73\/100|[from] item: Leftovers\n|upkeep\n|turn|5\n|\n|t:|1699273708\n|switch|p1a: Ibis|Zapdos|80\/100\n|move|p2a: Garchomp|Earthquake|p1a: Ibis\n|-immune|p1a: Ibis\n|\n|upkeep\n|turn|6\n|\n|t:|1699273716\n|switch|p2a: Kingambit|Kingambit, M, shiny|100\/100\n|move|p1a: Ibis|Defog|p2a: Kingambit\n|-unboost|p2a: Kingambit|evasion|1\n|-sideend|p1: Gym of Spooky|Stealth Rock|[from] move: Defog|[of] p1a: Ibis\n|\n|upkeep\n|turn|7\n|\n|t:|1699273722\n|move|p1a: Ibis|Volt Switch|p2a: Kingambit\n|-damage|p2a: Kingambit|64\/100\n|\n|t:|1699273728\n|switch|p1a: Escanor|Chandelure, M, shiny|100\/100|[from] Volt Switch\n|move|p2a: Kingambit|Knock Off|p1a: Escanor\n|-supereffective|p1a: Escanor\n|-damage|p1a: Escanor|0 fnt\n|-enditem|p1a: Escanor|Choice Scarf|[from] move: Knock Off|[of] p2a: Kingambit\n|faint|p1a: Escanor\n|\n|-heal|p2a: Kingambit|71\/100|[from] item: Leftovers\n|upkeep\n|\n|t:|1699273730\n|switch|p1a: Judy|Lopunny, F|100\/100\n|turn|8\n|\n|t:|1699273736\n|-end|p2a: Kingambit|fallenundefined|[silent]\n|switch|p2a: Talonflame|Talonflame, M, shiny|100\/100\n|detailschange|p1a: Judy|Lopunny-Mega, F\n|-mega|p1a: Judy|Lopunny|Lopunnite\n|move|p1a: Judy|Close Combat|p2a: Talonflame\n|-resisted|p2a: Talonflame\n|-crit|p2a: Talonflame\n|-damage|p2a: Talonflame|42\/100\n|-unboost|p1a: Judy|def|1\n|-unboost|p1a: Judy|spd|1\n|\n|upkeep\n|turn|9\n|\n|t:|1699273740\n|move|p1a: Judy|Frustration|p2a: Talonflame\n|-crit|p2a: Talonflame\n|-damage|p2a: Talonflame|0 fnt\n|faint|p2a: Talonflame\n|\n|upkeep\n|c|\u2606Gym of Spooky|Lets good\n|c|\u2606Funtime_B0nnie|Double crit? And no flame body?\n|\n|t:|1699273762\n|switch|p2a: Slowbro|Slowbro, F|100\/100\n|turn|10\n|c|\u2606Gym of Spooky|Frustration crit didnt matter\n|\n|t:|1699273765\n|move|p1a: Judy|U-turn|p2a: Slowbro\n|-supereffective|p2a: Slowbro\n|-damage|p2a: Slowbro|71\/100\n|\n|t:|1699273767\n|switch|p1a: Durandoo|Ferrothorn, F|73\/100|[from] U-turn\n|move|p2a: Slowbro|Teleport|p2a: Slowbro\n|c|\u2606Funtime_B0nnie|It was just disrespectful XD\n|\n|t:|1699273775\n|switch|p2a: Garchomp|Garchomp, M|91\/100|[from] Teleport\n|\n|-heal|p1a: Durandoo|79\/100|[from] item: Leftovers\n|upkeep\n|turn|11\n|\n|t:|1699273782\n|switch|p1a: Ibis|Zapdos|80\/100\n|move|p2a: Garchomp|Fire Blast|p1a: Ibis\n|-damage|p1a: Ibis|44\/100\n|-damage|p2a: Garchomp|81\/100|[from] item: Life Orb\n|\n|upkeep\n|turn|12\n|\n|t:|1699273786\n|switch|p1a: Demi|Azumarill, M|100\/100\n|move|p2a: Garchomp|Draco Meteor|p1a: Demi\n|-immune|p1a: Demi\n|\n|upkeep\n|turn|13\n|\n|t:|1699273794\n|switch|p2a: Rillaboom|Rillaboom, M|100\/100\n|-fieldstart|move: Grassy Terrain|[from] ability: Grassy Surge|[of] p2a: Rillaboom\n|move|p1a: Demi|Play Rough|p2a: Rillaboom|[miss]\n|-miss|p1a: Demi|p2a: Rillaboom\n|\n|upkeep\n|turn|14\n|\n|t:|1699273800\n|switch|p1a: Durandoo|Ferrothorn, F|79\/100\n|-terastallize|p2a: Rillaboom|Grass\n|move|p2a: Rillaboom|Wood Hammer|p1a: Durandoo\n|-resisted|p1a: Durandoo\n|-damage|p1a: Durandoo|53\/100\n|-damage|p2a: Rillaboom|88\/100|[from] ability: Iron Barbs|[of] p1a: Durandoo\n|-damage|p2a: Rillaboom|79\/100|[from] Recoil\n|\n|-heal|p2a: Rillaboom|86\/100|[from] Grassy Terrain\n|-heal|p1a: Durandoo|60\/100|[from] Grassy Terrain\n|-heal|p1a: Durandoo|66\/100|[from] item: Leftovers\n|upkeep\n|turn|15\n|c|\u2606Gym of Spooky|Bruh\n|\n|t:|1699273808\n|switch|p2a: Garchomp|Garchomp, M|81\/100\n|move|p1a: Durandoo|Spikes|p2a: Garchomp\n|-sidestart|p2: Funtime_B0nnie|Spikes\n|\n|-heal|p2a: Garchomp|87\/100|[from] Grassy Terrain\n|-heal|p1a: Durandoo|72\/100|[from] Grassy Terrain\n|-heal|p1a: Durandoo|78\/100|[from] item: Leftovers\n|upkeep\n|turn|16\n|\n|t:|1699273822\n|switch|p1a: Ibis|Zapdos|44\/100\n|move|p2a: Garchomp|Fire Blast|p1a: Ibis|[miss]\n|-miss|p2a: Garchomp|p1a: Ibis\n|\n|-heal|p2a: Garchomp|93\/100|[from] Grassy Terrain\n|upkeep\n|turn|17\n|\n|t:|1699273828\n|move|p2a: Garchomp|Draco Meteor|p1a: Ibis\n|-damage|p1a: Ibis|0 fnt\n|-unboost|p2a: Garchomp|spa|2\n|faint|p1a: Ibis\n|-damage|p2a: Garchomp|83\/100|[from] item: Life Orb\n|\n|-heal|p2a: Garchomp|90\/100|[from] Grassy Terrain\n|-fieldend|move: Grassy Terrain\n|upkeep\n|\n|t:|1699273835\n|switch|p1a: Demi|Azumarill, M|100\/100\n|turn|18\n|\n|t:|1699273838\n|move|p2a: Garchomp|Earthquake|p1a: Demi\n|-damage|p1a: Demi|38\/100\n|-damage|p2a: Garchomp|80\/100|[from] item: Life Orb\n|move|p1a: Demi|Play Rough|p2a: Garchomp\n|-supereffective|p2a: Garchomp\n|-damage|p2a: Garchomp|0 fnt\n|-damage|p1a: Demi|26\/100|[from] ability: Rough Skin|[of] p2a: Garchomp\n|faint|p2a: Garchomp\n|\n|upkeep\n|\n|t:|1699273843\n|switch|p2a: Rillaboom|Rillaboom, M, tera:Grass|86\/100\n|-damage|p2a: Rillaboom|73\/100|[from] Spikes\n|-fieldstart|move: Grassy Terrain|[from] ability: Grassy Surge|[of] p2a: Rillaboom\n|turn|19\n|\n|t:|1699273847\n|switch|p1a: Durandoo|Ferrothorn, F|78\/100\n|move|p2a: Rillaboom|Superpower|p1a: Durandoo\n|-supereffective|p1a: Durandoo\n|-damage|p1a: Durandoo|5\/100\n|-unboost|p2a: Rillaboom|atk|1\n|-unboost|p2a: Rillaboom|def|1\n|-damage|p2a: Rillaboom|61\/100|[from] ability: Iron Barbs|[of] p1a: Durandoo\n|\n|-heal|p2a: Rillaboom|67\/100|[from] Grassy Terrain\n|-heal|p1a: Durandoo|11\/100|[from] Grassy Terrain\n|-heal|p1a: Durandoo|18\/100|[from] item: Leftovers\n|upkeep\n|turn|20\n|\n|t:|1699273856\n|-terastallize|p1a: Durandoo|Ghost\n|move|p2a: Rillaboom|Superpower|p1a: Durandoo\n|-immune|p1a: Durandoo\n|move|p1a: Durandoo|Gyro Ball|p2a: Rillaboom\n|-damage|p2a: Rillaboom|18\/100\n|\n|-heal|p2a: Rillaboom|25\/100|[from] Grassy Terrain\n|-heal|p1a: Durandoo|24\/100|[from] Grassy Terrain\n|-heal|p1a: Durandoo|30\/100|[from] item: Leftovers\n|upkeep\n|turn|21\n|\n|t:|1699273865\n|switch|p2a: Kingambit|Kingambit, M, shiny|71\/100\n|-damage|p2a: Kingambit|58\/100|[from] Spikes\n|-activate|p2a: Kingambit|ability: Supreme Overlord\n|-start|p2a: Kingambit|fallen2|[silent]\n|move|p1a: Durandoo|Leech Seed|p2a: Kingambit\n|-start|p2a: Kingambit|move: Leech Seed\n|\n|-heal|p2a: Kingambit|64\/100|[from] Grassy Terrain\n|-heal|p2a: Kingambit|71\/100|[from] item: Leftovers\n|-heal|p1a: Durandoo|36\/100|[from] Grassy Terrain\n|-heal|p1a: Durandoo|43\/100|[from] item: Leftovers\n|-damage|p2a: Kingambit|58\/100|[from] Leech Seed|[of] p1a: Durandoo\n|-heal|p1a: Durandoo|56\/100|[silent]\n|upkeep\n|turn|22\n|\n|t:|1699273875\n|-end|p2a: Kingambit|fallen2|[silent]\n|switch|p2a: Slowbro|Slowbro, F|100\/100\n|-damage|p2a: Slowbro|88\/100|[from] Spikes\n|move|p1a: Durandoo|Spikes|p2a: Slowbro\n|-sidestart|p2: Funtime_B0nnie|Spikes\n|\n|-heal|p2a: Slowbro|94\/100|[from] Grassy Terrain\n|-heal|p2a: Slowbro|99\/100|[from] item: Leftovers\n|-heal|p1a: Durandoo|62\/100|[from] Grassy Terrain\n|-heal|p1a: Durandoo|68\/100|[from] item: Leftovers\n|upkeep\n|turn|23\n|\n|t:|1699273878\n|move|p2a: Slowbro|Scald|p1a: Durandoo\n|-damage|p1a: Durandoo|43\/100\n|move|p1a: Durandoo|Leech Seed|p2a: Slowbro|[miss]\n|-miss|p1a: Durandoo|p2a: Slowbro\n|\n|-heal|p2a: Slowbro|100\/100|[from] Grassy Terrain\n|-heal|p1a: Durandoo|49\/100|[from] Grassy Terrain\n|-heal|p1a: Durandoo|56\/100|[from] item: Leftovers\n|-fieldend|move: Grassy Terrain\n|upkeep\n|turn|24\n|\n|t:|1699273880\n|move|p2a: Slowbro|Scald|p1a: Durandoo\n|-damage|p1a: Durandoo|30\/100\n|-status|p1a: Durandoo|brn\n|move|p1a: Durandoo|Spikes|p2a: Slowbro\n|-sidestart|p2: Funtime_B0nnie|Spikes\n|\n|-heal|p1a: Durandoo|36\/100 brn|[from] item: Leftovers\n|-damage|p1a: Durandoo|30\/100 brn|[from] brn\n|upkeep\n|turn|25\n|\n|t:|1699273884\n|switch|p1a: Yoshi|Hydreigon, M|100\/100\n|move|p2a: Slowbro|Future Sight|p1a: Yoshi\n|-start|p2a: Slowbro|move: Future Sight\n|\n|upkeep\n|turn|26\n|\n|t:|1699273889\n|switch|p2a: Rillaboom|Rillaboom, M, tera:Grass|25\/100\n|-damage|p2a: Rillaboom|0 fnt|[from] Spikes\n|faint|p2a: Rillaboom\n|move|p1a: Yoshi|Dark Pulse|p2: Rillaboom|[notarget]\n|-fail|p1a: Yoshi\n|\n|upkeep\n|\n|t:|1699273893\n|switch|p2a: Lopunny|Lopunny-Mega, F, shiny|100\/100 par\n|-damage|p2a: Lopunny|76\/100 par|[from] Spikes\n|turn|27\n|\n|t:|1699273896\n|switch|p1a: Durandoo|Ferrothorn, F, tera:Ghost|30\/100 brn\n|move|p2a: Lopunny|Close Combat|p1a: Durandoo\n|-damage|p1a: Durandoo|0 fnt\n|-unboost|p2a: Lopunny|def|1\n|-unboost|p2a: Lopunny|spd|1\n|-damage|p2a: Lopunny|64\/100 par|[from] ability: Iron Barbs|[of] p1a: Durandoo\n|faint|p1a: Durandoo\n|\n|-hint|Future Sight did not hit because the target is fainted.\n|upkeep\n|\n|t:|1699273901\n|switch|p1a: Judy|Lopunny-Mega, F|100\/100\n|turn|28\n|\n|t:|1699273904\n|switch|p2a: Slowbro|Slowbro, F|100\/100\n|-damage|p2a: Slowbro|76\/100|[from] Spikes\n|move|p1a: Judy|Close Combat|p2a: Slowbro\n|-resisted|p2a: Slowbro\n|-damage|p2a: Slowbro|56\/100\n|-unboost|p1a: Judy|def|1\n|-unboost|p1a: Judy|spd|1\n|\n|-heal|p2a: Slowbro|62\/100|[from] item: Leftovers\n|upkeep\n|turn|29\n|\n|t:|1699273907\n|move|p1a: Judy|U-turn|p2a: Slowbro\n|-supereffective|p2a: Slowbro\n|-damage|p2a: Slowbro|34\/100\n|\n|t:|1699273909\n|switch|p1a: Yoshi|Hydreigon, M|100\/100|[from] U-turn\n|move|p2a: Slowbro|Teleport|p2a: Slowbro\n|\n|t:|1699273913\n|switch|p2a: Lopunny|Lopunny-Mega, F, shiny|64\/100 par|[from] Teleport\n|-damage|p2a: Lopunny|39\/100 par|[from] Spikes\n|\n|upkeep\n|turn|30\n|\n|t:|1699273923\n|cant|p2a: Lopunny|par\n|move|p1a: Yoshi|Dark Pulse|p2a: Lopunny\n|-resisted|p2a: Lopunny\n|-damage|p2a: Lopunny|0 fnt\n|faint|p2a: Lopunny\n|\n|upkeep\n|\n|t:|1699273927\n|switch|p2a: Kingambit|Kingambit, M, shiny|58\/100\n|-damage|p2a: Kingambit|33\/100|[from] Spikes\n|-activate|p2a: Kingambit|ability: Supreme Overlord\n|-start|p2a: Kingambit|fallen4|[silent]\n|turn|31\n|\n|t:|1699273929\n|move|p1a: Yoshi|Dark Pulse|p2a: Kingambit\n|-resisted|p2a: Kingambit\n|-damage|p2a: Kingambit|0 fnt\n|faint|p2a: Kingambit\n|-end|p2a: Kingambit|fallen4|[silent]\n|\n|upkeep\n|\n|t:|1699273931\n|switch|p2a: Slowbro|Slowbro, F|67\/100\n|-damage|p2a: Slowbro|42\/100|[from] Spikes\n|turn|32\n|c|\u2606Funtime_B0nnie|sob\n|\n|t:|1699273936\n|move|p1a: Yoshi|Dark Pulse|p2a: Slowbro\n|-supereffective|p2a: Slowbro\n|-damage|p2a: Slowbro|0 fnt\n|faint|p2a: Slowbro\n|\n|win|Gym of Spooky\n|c|\u2606Funtime_B0nnie|ggwp\n|c|\u2606Gym of Spooky|Gg\n|c|\u2606Gym of Spooky|Thank you\n|c|\u2606Funtime_B0nnie|Talonflame done so dirty :(\n|c|\u2606Gym of Spooky|Sorry for that\n","uploadtime":1699273986,"views":7,"p1id":"gymofspooky","p2id":"funtimeb0nnie","formatid":"gen9nationaldexubers","rating":0,"private":0,"password":""}