{"id":"gen9nationaldexubers-1980854663","p1":"FEARLESS PARROT","p2":"BenioAda","format":"[Gen 9] National Dex Ubers","log":"|j|\u2606FEARLESS PARROT\n|j|\u2606BenioAda\n|t:|1698842675\n|gametype|singles\n|player|p1|FEARLESS PARROT|steven|\n|player|p2|BenioAda|plasmagruntf|\n|teamsize|p1|6\n|teamsize|p2|6\n|gen|9\n|tier|[Gen 9] National Dex Ubers\n|rule|HP Percentage Mod: HP is shown in percentages\n|rule|Endless Battle Clause: Forcing endless battles is banned\n|rule|OHKO Clause: OHKO moves are banned\n|rule|Evasion Moves Clause: Evasion moves are banned\n|rule|Evasion Items Clause: Evasion items are banned\n|rule|Species Clause: Limit one of each Pok\u00e9mon\n|rule|Sleep Clause Mod: Limit one foe put to sleep\n|rule|Mega Rayquaza Clause: You cannot mega evolve Rayquaza\n|clearpoke\n|poke|p1|Garchomp, M|\n|poke|p1|Ferrothorn, F|\n|poke|p1|Charizard, M|\n|poke|p1|Dragonite, F|\n|poke|p1|Alakazam, M|\n|poke|p1|Gholdengo|\n|poke|p2|Roaring Moon|\n|poke|p2|Urshifu-*, M|\n|poke|p2|Grimmsnarl, M|\n|poke|p2|Umbreon, M|\n|poke|p2|Walking Wake|\n|poke|p2|Kingambit, M|\n|teampreview\n|inactive|Battle timer is ON: inactive players will automatically lose when time's up. (requested by FEARLESS PARROT)\n|c|\u2606BenioAda|glhf\n|c|\u2606FEARLESS PARROT|Et tu\n|\n|t:|1698842693\n|start\n|switch|p1a: Cheese String|Gholdengo, shiny|100\/100\n|switch|p2a: Urshifu|Urshifu, M|100\/100\n|turn|1\n|inactive|BenioAda has 270 seconds left.\n|\n|t:|1698842726\n|switch|p2a: Walking Wake|Walking Wake|100\/100\n|switch|p1a: Prick|Ferrothorn, F|100\/100\n|\n|upkeep\n|turn|2\n|\n|t:|1698842733\n|move|p2a: Walking Wake|Flamethrower|p1a: Prick\n|-supereffective|p1a: Prick\n|-damage|p1a: Prick|0 fnt\n|faint|p1a: Prick\n|\n|upkeep\n|\n|t:|1698842743\n|switch|p1a: Kaiju|Garchomp, M, shiny|100\/100\n|turn|3\n|\n|t:|1698842760\n|-end|p2a: Walking Wake|Protosynthesis|[silent]\n|switch|p2a: Grimmsnarl|Grimmsnarl, M|100\/100\n|move|p1a: Kaiju|Earthquake|p2a: Grimmsnarl\n|-damage|p2a: Grimmsnarl|37\/100\n|\n|upkeep\n|turn|4\n|\n|t:|1698842774\n|move|p2a: Grimmsnarl|Reflect|p2a: Grimmsnarl\n|-sidestart|p2: BenioAda|Reflect\n|move|p1a: Kaiju|Iron Head|p2a: Grimmsnarl\n|-supereffective|p2a: Grimmsnarl\n|-damage|p2a: Grimmsnarl|6\/100\n|\n|upkeep\n|turn|5\n|\n|t:|1698842782\n|move|p2a: Grimmsnarl|Light Screen|p2a: Grimmsnarl\n|-sidestart|p2: BenioAda|move: Light Screen\n|move|p1a: Kaiju|Earthquake|p2a: Grimmsnarl\n|-crit|p2a: Grimmsnarl\n|-damage|p2a: Grimmsnarl|0 fnt\n|faint|p2a: Grimmsnarl\n|\n|upkeep\n|\n|t:|1698842794\n|switch|p2a: Roaring Moon|Roaring Moon|100\/100\n|turn|6\n|\n|t:|1698842807\n|move|p2a: Roaring Moon|Outrage|p1a: Kaiju\n|-supereffective|p1a: Kaiju\n|-damage|p1a: Kaiju|0 fnt\n|-damage|p2a: Roaring Moon|88\/100|[from] ability: Rough Skin|[of] p1a: Kaiju\n|-damage|p2a: Roaring Moon|72\/100|[from] item: Rocky Helmet|[of] p1a: Kaiju\n|faint|p1a: Kaiju\n|\n|upkeep\n|\n|t:|1698842810\n|switch|p1a: Merlin|Alakazam, M, shiny|100\/100\n|turn|7\n|\n|t:|1698842827\n|-terastallize|p1a: Merlin|Fairy\n|move|p1a: Merlin|Dazzling Gleam|p2a: Roaring Moon\n|-supereffective|p2a: Roaring Moon\n|-damage|p2a: Roaring Moon|0 fnt\n|faint|p2a: Roaring Moon\n|-end|p2a: Roaring Moon|Protosynthesis|[silent]\n|\n|upkeep\n|\n|t:|1698842834\n|switch|p2a: Urshifu|Urshifu, M|100\/100\n|turn|8\n|\n|t:|1698842837\n|move|p2a: Urshifu|Iron Head|p1a: Merlin\n|-supereffective|p1a: Merlin\n|-crit|p1a: Merlin\n|-damage|p1a: Merlin|0 fnt\n|faint|p1a: Merlin\n|\n|upkeep\n|c|\u2606FEARLESS PARROT|Damn youve struck gold with this team\n|\n|t:|1698842866\n|switch|p1a: Leon|Charizard, M, shiny|100\/100\n|turn|9\n|c|\u2606BenioAda|Yes I dooo\n|\n|t:|1698842872\n|switch|p2a: Umbreon|Umbreon, M|100\/100\n|detailschange|p1a: Leon|Charizard-Mega-Y, M, shiny\n|-mega|p1a: Leon|Charizard|Charizardite Y\n|-weather|SunnyDay|[from] ability: Drought|[of] p1a: Leon\n|move|p1a: Leon|Air Slash|p2a: Umbreon\n|-damage|p2a: Umbreon|86\/100\n|\n|-weather|SunnyDay|[upkeep]\n|upkeep\n|turn|10\n|\n|t:|1698842882\n|move|p1a: Leon|Fire Blast|p2a: Umbreon\n|-damage|p2a: Umbreon|49\/100\n|move|p2a: Umbreon|Wish|p2a: Umbreon\n|\n|-weather|SunnyDay|[upkeep]\n|upkeep\n|turn|11\n|\n|t:|1698842887\n|switch|p2a: Walking Wake|Walking Wake|100\/100\n|-activate|p2a: Walking Wake|ability: Protosynthesis\n|-start|p2a: Walking Wake|protosynthesisspa\n|move|p1a: Leon|Air Slash|p2a: Walking Wake\n|-damage|p2a: Walking Wake|75\/100\n|\n|-weather|SunnyDay|[upkeep]\n|-heal|p2a: Walking Wake|100\/100|[from] move: Wish|[wisher] Umbreon\n|-sideend|p2: BenioAda|Reflect\n|upkeep\n|turn|12\n|\n|t:|1698842896\n|move|p2a: Walking Wake|Hydro Steam|p1a: Leon\n|-supereffective|p1a: Leon\n|-damage|p1a: Leon|0 fnt\n|faint|p1a: Leon\n|\n|-weather|SunnyDay|[upkeep]\n|-sideend|p2: BenioAda|move: Light Screen\n|upkeep\n|\n|t:|1698842901\n|switch|p1a: Mum|Dragonite, F|100\/100\n|turn|13\n|\n|t:|1698842909\n|-end|p2a: Walking Wake|Protosynthesis|[silent]\n|switch|p2a: Kingambit|Kingambit, M|100\/100\n|-activate|p2a: Kingambit|ability: Supreme Overlord\n|-start|p2a: Kingambit|fallen2|[silent]\n|move|p1a: Mum|Dragon Dance|p1a: Mum\n|-boost|p1a: Mum|atk|1\n|-boost|p1a: Mum|spe|1\n|\n|-weather|none\n|upkeep\n|turn|14\n|\n|t:|1698842928\n|move|p1a: Mum|Dragon Dance|p1a: Mum\n|-boost|p1a: Mum|atk|1\n|-boost|p1a: Mum|spe|1\n|move|p2a: Kingambit|Brick Break|p1a: Mum\n|-resisted|p1a: Mum\n|-damage|p1a: Mum|92\/100\n|\n|upkeep\n|turn|15\n|inactive|BenioAda has 270 seconds left.\n|\n|t:|1698842967\n|move|p1a: Mum|Thunder Punch|p2a: Kingambit\n|-damage|p2a: Kingambit|55\/100\n|move|p2a: Kingambit|Kowtow Cleave|p1a: Mum\n|-damage|p1a: Mum|31\/100\n|\n|upkeep\n|turn|16\n|\n|t:|1698842976\n|move|p1a: Mum|Extreme Speed|p2a: Kingambit\n|-resisted|p2a: Kingambit\n|-damage|p2a: Kingambit|34\/100\n|move|p2a: Kingambit|Kowtow Cleave|p1a: Mum\n|-damage|p1a: Mum|0 fnt\n|faint|p1a: Mum\n|\n|upkeep\n|c|\u2606FEARLESS PARROT|Damn it\n|c|\u2606FEARLESS PARROT|ggs\n|\n|t:|1698842988\n|switch|p1a: Cheese String|Gholdengo, shiny|100\/100\n|turn|17\n|\n|t:|1698842992\n|move|p2a: Kingambit|Sucker Punch|p1a: Cheese String\n|-supereffective|p1a: Cheese String\n|-damage|p1a: Cheese String|0 fnt\n|faint|p1a: Cheese String\n|\n|win|BenioAda\n","uploadtime":1698842997,"views":9,"p1id":"fearlessparrot","p2id":"benioada","formatid":"gen9nationaldexubers","rating":0,"private":0,"password":""}