{"id":"gen9nationaldexubers-1997796491","p1":"TornadUSMANGaruba","p2":"victor wembanyanma","format":"[Gen 9] National Dex Ubers","log":"|j|\u2606TornadUSMANGaruba\n|j|\u2606victor wembanyanma\n|t:|1700853647\n|gametype|singles\n|player|p1|TornadUSMANGaruba|hoopster|\n|player|p2|victor wembanyanma|linebacker|\n|teamsize|p1|6\n|teamsize|p2|6\n|gen|9\n|tier|[Gen 9] National Dex Ubers\n|rule|HP Percentage Mod: HP is shown in percentages\n|rule|Endless Battle Clause: Forcing endless battles is banned\n|rule|OHKO Clause: OHKO moves are banned\n|rule|Evasion Moves Clause: Evasion moves are banned\n|rule|Evasion Items Clause: Evasion items are banned\n|rule|Species Clause: Limit one of each Pok\u00e9mon\n|rule|Sleep Clause Mod: Limit one foe put to sleep\n|rule|Mega Rayquaza Clause: You cannot mega evolve Rayquaza\n|clearpoke\n|poke|p1|Manectric, F|\n|poke|p1|Starmie|\n|poke|p1|Meowscarada, F|\n|poke|p1|Zamazenta-*|\n|poke|p1|Scizor, M|\n|poke|p1|Mandibuzz, F|\n|poke|p2|Scizor, F|\n|poke|p2|Mew|\n|poke|p2|Iron Moth|\n|poke|p2|Thundurus-Therian, M|\n|poke|p2|Weezing, M|\n|poke|p2|Slowbro, M|\n|teampreview\n|inactive|Battle timer is ON: inactive players will automatically lose when time's up. (requested by victor wembanyanma)\n|\n|t:|1700853669\n|start\n|switch|p1a: Manectric|Manectric, F|100\/100\n|switch|p2a: Thundurus|Thundurus-Therian, M|100\/100\n|turn|1\n|\n|t:|1700853676\n|detailschange|p1a: Manectric|Manectric-Mega, F\n|-mega|p1a: Manectric|Manectric|Manectite\n|-ability|p1a: Manectric|Intimidate|boost\n|-unboost|p2a: Thundurus|atk|1\n|move|p1a: Manectric|Hidden Power|p2a: Thundurus\n|-supereffective|p2a: Thundurus\n|-damage|p2a: Thundurus|37\/100\n|move|p2a: Thundurus|Volt Switch|p1a: Manectric\n|-resisted|p1a: Manectric\n|-damage|p1a: Manectric|60\/100\n|-damage|p2a: Thundurus|27\/100|[from] item: Life Orb\n|\n|t:|1700853684\n|switch|p2a: Iron Moth|Iron Moth|100\/100|[from] Volt Switch\n|\n|upkeep\n|turn|2\n|\n|t:|1700853687\n|move|p1a: Manectric|Volt Switch|p2a: Iron Moth\n|-crit|p2a: Iron Moth\n|-damage|p2a: Iron Moth|60\/100\n|\n|t:|1700853691\n|switch|p1a: Scizor|Scizor, M|100\/100|[from] Volt Switch\n|move|p2a: Iron Moth|Flame Charge|p1a: Scizor\n|-supereffective|p1a: Scizor\n|-damage|p1a: Scizor|57\/100\n|-boost|p2a: Iron Moth|spe|1\n|\n|upkeep\n|turn|3\n|\n|t:|1700853695\n|move|p1a: Scizor|Quick Attack|p2a: Iron Moth\n|-crit|p2a: Iron Moth\n|-damage|p2a: Iron Moth|0 fnt\n|faint|p2a: Iron Moth\n|-end|p2a: Iron Moth|Quark Drive|[silent]\n|\n|upkeep\n|\n|t:|1700853701\n|switch|p2a: Mew|Mew|100\/100\n|turn|4\n|\n|t:|1700853707\n|switch|p1a: Starmie|Starmie|100\/100\n|move|p2a: Mew|Flamethrower|p1a: Starmie\n|-resisted|p1a: Starmie\n|-damage|p1a: Starmie|85\/100\n|\n|upkeep\n|turn|5\n|\n|t:|1700853710\n|move|p1a: Starmie|Psychic|p2a: Mew\n|-resisted|p2a: Mew\n|-damage|p2a: Mew|88\/100\n|move|p2a: Mew|Flip Turn|p1a: Starmie\n|-resisted|p1a: Starmie\n|-damage|p1a: Starmie|76\/100\n|\n|t:|1700853714\n|switch|p2a: Scizor|Scizor, F|100\/100|[from] Flip Turn\n|\n|upkeep\n|turn|6\n|\n|t:|1700853715\n|detailschange|p2a: Scizor|Scizor-Mega, F\n|-mega|p2a: Scizor|Scizor|Scizorite\n|move|p1a: Starmie|Flip Turn|p2a: Scizor\n|-damage|p2a: Scizor|89\/100\n|\n|t:|1700853722\n|switch|p1a: Scizor|Scizor, M|57\/100|[from] Flip Turn\n|move|p2a: Scizor|U-turn|p1a: Scizor\n|-resisted|p1a: Scizor\n|-damage|p1a: Scizor|35\/100\n|\n|t:|1700853738\n|switch|p2a: Weezing|Weezing, M|100\/100|[from] U-turn\n|\n|upkeep\n|turn|7\n|\n|t:|1700853741\n|move|p1a: Scizor|U-turn|p2a: Weezing\n|-resisted|p2a: Weezing\n|-crit|p2a: Weezing\n|-damage|p2a: Weezing|70\/100\n|\n|t:|1700853744\n|switch|p1a: Starmie|Starmie|76\/100|[from] U-turn\n|move|p2a: Weezing|Clear Smog|p1a: Starmie\n|-damage|p1a: Starmie|50\/100\n|-clearboost|p1a: Starmie\n|\n|-heal|p2a: Weezing|76\/100|[from] item: Black Sludge\n|upkeep\n|turn|8\n|\n|t:|1700853748\n|move|p2a: Weezing|Protect|p2a: Weezing\n|-singleturn|p2a: Weezing|Protect\n|move|p1a: Starmie|Psychic|p2a: Weezing\n|-activate|p2a: Weezing|move: Protect\n|\n|-heal|p2a: Weezing|82\/100|[from] item: Black Sludge\n|upkeep\n|turn|9\n|\n|t:|1700853754\n|switch|p2a: Slowbro|Slowbro, M|100\/100\n|move|p1a: Starmie|Psychic|p2a: Slowbro\n|-resisted|p2a: Slowbro\n|-damage|p2a: Slowbro|81\/100\n|\n|upkeep\n|turn|10\n|\n|t:|1700853758\n|switch|p1a: Scizor|Scizor, M|35\/100\n|move|p2a: Slowbro|Body Press|p1a: Scizor\n|-damage|p1a: Scizor|7\/100\n|\n|upkeep\n|turn|11\n|\n|t:|1700853762\n|switch|p2a: Weezing|Weezing, M|82\/100\n|move|p1a: Scizor|U-turn|p2a: Weezing\n|-resisted|p2a: Weezing\n|-damage|p2a: Weezing|60\/100\n|\n|t:|1700853767\n|switch|p1a: Manectric|Manectric-Mega, F|60\/100|[from] U-turn\n|-ability|p1a: Manectric|Intimidate|boost\n|-unboost|p2a: Weezing|atk|1\n|\n|-heal|p2a: Weezing|66\/100|[from] item: Black Sludge\n|upkeep\n|turn|12\n|\n|t:|1700853769\n|move|p2a: Weezing|Protect|p2a: Weezing\n|-singleturn|p2a: Weezing|Protect\n|move|p1a: Manectric|Volt Switch|p2a: Weezing\n|-activate|p2a: Weezing|move: Protect\n|\n|-heal|p2a: Weezing|72\/100|[from] item: Black Sludge\n|upkeep\n|turn|13\n|\n|t:|1700853774\n|switch|p2a: Mew|Mew|88\/100\n|move|p1a: Manectric|Volt Switch|p2a: Mew\n|-damage|p2a: Mew|66\/100\n|\n|t:|1700853778\n|switch|p1a: Meowscarada|Meowscarada, F|100\/100|[from] Volt Switch\n|\n|-heal|p2a: Mew|72\/100|[from] item: Leftovers\n|upkeep\n|turn|14\n|\n|t:|1700853783\n|switch|p2a: Scizor|Scizor-Mega, F|89\/100\n|move|p1a: Meowscarada|Spikes|p2a: Scizor\n|-start|p1a: Meowscarada|typechange|Ground|[from] ability: Protean\n|-sidestart|p2: victor wembanyanma|Spikes\n|\n|upkeep\n|turn|15\n|\n|t:|1700853787\n|move|p1a: Meowscarada|U-turn|p2a: Scizor\n|-resisted|p2a: Scizor\n|-damage|p2a: Scizor|82\/100\n|\n|t:|1700853789\n|switch|p1a: Zamazenta|Zamazenta|100\/100|[from] U-turn\n|-ability|p1a: Zamazenta|Dauntless Shield|boost\n|-boost|p1a: Zamazenta|def|1\n|move|p2a: Scizor|U-turn|p1a: Zamazenta\n|-resisted|p1a: Zamazenta\n|-damage|p1a: Zamazenta|88\/100\n|\n|t:|1700853793\n|switch|p2a: Slowbro|Slowbro, M|100\/100|[from] U-turn\n|-damage|p2a: Slowbro|88\/100|[from] Spikes\n|\n|upkeep\n|turn|16\n|\n|t:|1700853798\n|switch|p1a: Manectric|Manectric-Mega, F|60\/100\n|-ability|p1a: Manectric|Intimidate|boost\n|-unboost|p2a: Slowbro|atk|1\n|move|p2a: Slowbro|Psychic|p1a: Manectric\n|-damage|p1a: Manectric|16\/100\n|\n|upkeep\n|turn|17\n|\n|t:|1700853805\n|switch|p2a: Thundurus|Thundurus-Therian, M|27\/100\n|move|p1a: Manectric|Flamethrower|p2a: Thundurus\n|-damage|p2a: Thundurus|0 fnt\n|faint|p2a: Thundurus\n|\n|upkeep\n|\n|t:|1700853816\n|switch|p2a: Mew|Mew|72\/100\n|-damage|p2a: Mew|59\/100|[from] Spikes\n|turn|18\n|\n|t:|1700853821\n|move|p1a: Manectric|Thunderbolt|p2a: Mew\n|-damage|p2a: Mew|28\/100\n|move|p2a: Mew|Defog|p1a: Manectric\n|-unboost|p1a: Manectric|evasion|1\n|-sideend|p2: victor wembanyanma|Spikes|[from] move: Defog|[of] p2a: Mew\n|\n|-heal|p2a: Mew|34\/100|[from] item: Leftovers\n|upkeep\n|turn|19\n|\n|t:|1700853825\n|move|p1a: Manectric|Volt Switch|p2a: Mew\n|-damage|p2a: Mew|9\/100\n|\n|t:|1700853832\n|switch|p1a: Meowscarada|Meowscarada, F|100\/100|[from] Volt Switch\n|move|p2a: Mew|Roost|p2a: Mew\n|-heal|p2a: Mew|60\/100\n|-singleturn|p2a: Mew|move: Roost\n|\n|-heal|p2a: Mew|66\/100|[from] item: Leftovers\n|upkeep\n|turn|20\n|\n|t:|1700853838\n|switch|p2a: Scizor|Scizor-Mega, F|82\/100\n|move|p1a: Meowscarada|Spikes|p2a: Scizor\n|-start|p1a: Meowscarada|typechange|Ground|[from] ability: Protean\n|-sidestart|p2: victor wembanyanma|Spikes\n|\n|upkeep\n|turn|21\n|\n|t:|1700853841\n|move|p1a: Meowscarada|U-turn|p2a: Scizor\n|-resisted|p2a: Scizor\n|-damage|p2a: Scizor|74\/100\n|\n|t:|1700853849\n|switch|p1a: Mandibuzz|Mandibuzz, F|100\/100|[from] U-turn\n|move|p2a: Scizor|U-turn|p1a: Mandibuzz\n|-damage|p1a: Mandibuzz|69\/100\n|\n|t:|1700853856\n|switch|p2a: Weezing|Weezing, M|72\/100|[from] U-turn\n|\n|-heal|p2a: Weezing|78\/100|[from] item: Black Sludge\n|upkeep\n|turn|22\n|\n|t:|1700853859\n|move|p1a: Mandibuzz|U-turn|p2a: Weezing\n|-resisted|p2a: Weezing\n|-damage|p2a: Weezing|74\/100\n|\n|t:|1700853861\n|switch|p1a: Starmie|Starmie|50\/100|[from] U-turn\n|move|p2a: Weezing|Will-O-Wisp|p1a: Starmie|[miss]\n|-miss|p2a: Weezing|p1a: Starmie\n|\n|-heal|p2a: Weezing|80\/100|[from] item: Black Sludge\n|upkeep\n|turn|23\n|\n|t:|1700853866\n|move|p2a: Weezing|Protect|p2a: Weezing\n|-singleturn|p2a: Weezing|Protect\n|move|p1a: Starmie|Psychic|p2a: Weezing\n|-activate|p2a: Weezing|move: Protect\n|\n|-heal|p2a: Weezing|86\/100|[from] item: Black Sludge\n|upkeep\n|turn|24\n|\n|t:|1700853870\n|switch|p2a: Slowbro|Slowbro, M|100\/100\n|-damage|p2a: Slowbro|88\/100|[from] Spikes\n|move|p1a: Starmie|Flip Turn|p2a: Slowbro\n|-resisted|p2a: Slowbro\n|-damage|p2a: Slowbro|83\/100\n|-damage|p1a: Starmie|33\/100|[from] item: Rocky Helmet|[of] p2a: Slowbro\n|\n|t:|1700853872\n|switch|p1a: Manectric|Manectric-Mega, F|16\/100|[from] Flip Turn\n|-ability|p1a: Manectric|Intimidate|boost\n|-unboost|p2a: Slowbro|atk|1\n|\n|upkeep\n|turn|25\n|\n|t:|1700853882\n|switch|p2a: Mew|Mew|66\/100\n|-damage|p2a: Mew|53\/100|[from] Spikes\n|move|p1a: Manectric|Thunderbolt|p2a: Mew\n|-damage|p2a: Mew|24\/100\n|\n|-heal|p2a: Mew|30\/100|[from] item: Leftovers\n|upkeep\n|turn|26\n|\n|t:|1700853891\n|move|p1a: Manectric|Thunderbolt|p2a: Mew\n|-damage|p2a: Mew|0 fnt\n|faint|p2a: Mew\n|\n|upkeep\n|\n|t:|1700853896\n|switch|p2a: Scizor|Scizor-Mega, F|74\/100\n|-damage|p2a: Scizor|61\/100|[from] Spikes\n|turn|27\n|\n|t:|1700853902\n|switch|p1a: Scizor|Scizor, M|7\/100\n|move|p2a: Scizor|Swords Dance|p2a: Scizor\n|-boost|p2a: Scizor|atk|2\n|\n|upkeep\n|turn|28\n|\n|t:|1700853907\n|move|p2a: Scizor|Bullet Punch|p1a: Scizor\n|-resisted|p1a: Scizor\n|-damage|p1a: Scizor|0 fnt\n|faint|p1a: Scizor\n|\n|upkeep\n|\n|t:|1700853909\n|switch|p1a: Zamazenta|Zamazenta|88\/100\n|turn|29\n|\n|t:|1700853914\n|move|p1a: Zamazenta|Close Combat|p2a: Scizor\n|-damage|p2a: Scizor|0 fnt\n|-unboost|p1a: Zamazenta|def|1\n|-unboost|p1a: Zamazenta|spd|1\n|faint|p2a: Scizor\n|\n|upkeep\n|\n|t:|1700853918\n|switch|p2a: Slowbro|Slowbro, M|100\/100\n|-damage|p2a: Slowbro|88\/100|[from] Spikes\n|turn|30\n|\n|t:|1700853922\n|switch|p1a: Meowscarada|Meowscarada, F|100\/100\n|move|p2a: Slowbro|Iron Defense|p2a: Slowbro\n|-boost|p2a: Slowbro|def|2\n|\n|upkeep\n|turn|31\n|\n|t:|1700853925\n|move|p1a: Meowscarada|Taunt|p2a: Slowbro\n|-start|p1a: Meowscarada|typechange|Dark|[from] ability: Protean\n|-start|p2a: Slowbro|move: Taunt\n|move|p2a: Slowbro|Body Press|p1a: Meowscarada\n|-supereffective|p1a: Meowscarada\n|-damage|p1a: Meowscarada|0 fnt\n|faint|p1a: Meowscarada\n|\n|upkeep\n|\n|t:|1700853927\n|switch|p1a: Manectric|Manectric-Mega, F|16\/100\n|-ability|p1a: Manectric|Intimidate|boost\n|-unboost|p2a: Slowbro|atk|1\n|turn|32\n|\n|t:|1700853931\n|move|p1a: Manectric|Volt Switch|p2a: Slowbro\n|-supereffective|p2a: Slowbro\n|-crit|p2a: Slowbro\n|-damage|p2a: Slowbro|0 fnt\n|faint|p2a: Slowbro\n|\n|t:|1700853934\n|switch|p1a: Starmie|Starmie|33\/100|[from] Volt Switch\n|\n|upkeep\n|\n|t:|1700853936\n|switch|p2a: Weezing|Weezing, M|86\/100\n|turn|33\n|\n|t:|1700853938\n|move|p1a: Starmie|Psychic|p2a: Weezing\n|-supereffective|p2a: Weezing\n|-damage|p2a: Weezing|0 fnt\n|faint|p2a: Weezing\n|\n|win|TornadUSMANGaruba\n|l|\u2606victor wembanyanma\n","uploadtime":1700853944,"views":1,"p1id":"tornadusmangaruba","p2id":"victorwembanyanma","formatid":"gen9nationaldexubers","rating":0,"private":0,"password":""}