{"id":"gen9nationaldexubers-1991578426","p1":"sppregaladog01","p2":"Ric94","format":"[Gen 9] National Dex Ubers","log":"|j|\u2606sppregaladog01\n|j|\u2606Ric94\n|t:|1700090368\n|gametype|singles\n|player|p1|sppregaladog01|lucas-gen4pt|\n|player|p2|Ric94|102|\n|teamsize|p1|6\n|teamsize|p2|6\n|gen|9\n|tier|[Gen 9] National Dex Ubers\n|rule|HP Percentage Mod: HP is shown in percentages\n|rule|Endless Battle Clause: Forcing endless battles is banned\n|rule|OHKO Clause: OHKO moves are banned\n|rule|Evasion Moves Clause: Evasion moves are banned\n|rule|Evasion Items Clause: Evasion items are banned\n|rule|Species Clause: Limit one of each Pok\u00e9mon\n|rule|Sleep Clause Mod: Limit one foe put to sleep\n|rule|Mega Rayquaza Clause: You cannot mega evolve Rayquaza\n|clearpoke\n|poke|p1|Dragapult, F|\n|poke|p1|Inteleon, M|\n|poke|p1|Steelix, F|\n|poke|p1|Mantine, F|\n|poke|p1|Morgrem, M|\n|poke|p1|Girafarig, M|\n|poke|p2|Weezing-Galar, M|\n|poke|p2|Dracovish|\n|poke|p2|Xatu, M|\n|poke|p2|Tyranitar, F|\n|poke|p2|Ampharos, M|\n|poke|p2|Granbull, F|\n|teampreview\n|j| zereffu\n|j| santysas\n|c| santysas|God\n|c| santysas|Recuerden , puto el que gane\n|c| zereffu|Ric si perdes sos la verguenza del team cachorrao\n|j| Liza_White\n|c|\u2606Ric94|chale\n|c| zereffu|Morgrem micasita\n|c| zereffu|En la previa\n|c| Liza_White|Dale pablo si pierdes te expulsamos del team vividos\n|c| zereffu|Apuesto al vivido\n|c| Liza_White|Sin presiones\n|c|\u2606sppregaladog01|Me van a expulsar igual\n|c|\u2606Ric94|pactamos un empate?\n|c|\u2606sppregaladog01|Tarde o temprano\n|j| Fran nombre random\n|c|\u2606sppregaladog01|Morgrem micasita indeed\n|j| Juanjomaster\n|c| santysas|Yo digo que en facha\n|l| Fran nombre random\n|c| santysas|Gana pablo si\n|c|\u2606Ric94|bueno\n|c|\u2606Ric94|empezamos?\n|c| santysas|Inteleon full fachero\n|c|\u2606sppregaladog01|Solo quiero ganarme el amor de Richie\n|j| Fran chale me saco\n|c|\u2606sppregaladog01|No homo\n|c|\u2606Ric94|full homo o no lo ganas\n|c| zereffu|Grande Fran xd\n|c| santysas|Fran wtf esos nombres JAJAJAAJ\n|c|\u2606Ric94|jadshjadshjdash grande fran\n|\n|t:|1700090513\n|start\n|switch|p1a: Inteleon|Inteleon, M|100\/100\n|switch|p2a: BLACK KAT|Tyranitar, F|100\/100\n|-weather|Sandstorm|[from] ability: Sand Stream|[of] p2a: BLACK KAT\n|turn|1\n|c|\u2606sppregaladog01|Entonces no lo gano\n|c| Liza_White|blackkat xDDD\n|c| zereffu|KAT ES MUFA\n|c| zereffu|NoOoOOo\n|c| santysas|Falla el Stone Edge\n|c| santysas|Ya lo firmo\n|\n|t:|1700090543\n|switch|p2a: chadcovish|Dracovish|100\/100\n|move|p1a: Inteleon|Snipe Shot|p2a: chadcovish\n|-resisted|p2a: chadcovish\n|-crit|p2a: chadcovish\n|-damage|p2a: chadcovish|69\/100\n|\n|-weather|Sandstorm|[upkeep]\n|-damage|p1a: Inteleon|94\/100|[from] Sandstorm\n|upkeep\n|turn|2\n|\n|t:|1700090570\n|switch|p1a: Morgrem|Morgrem, M|100\/100\n|move|p2a: chadcovish|Outrage|p1a: Morgrem\n|-immune|p1a: Morgrem\n|\n|-weather|Sandstorm|[upkeep]\n|-damage|p1a: Morgrem|94\/100|[from] Sandstorm\n|upkeep\n|turn|3\n|c| zereffu|No puede fallar si huye\n|c| Juanjomaster|como un libro\n|c| Liza_White|buena\n|\n|t:|1700090583\n|switch|p2a: BLACK KAT|Tyranitar, F|100\/100\n|move|p1a: Morgrem|Reflect|p1a: Morgrem\n|-sidestart|p1: sppregaladog01|Reflect\n|\n|-weather|Sandstorm|[upkeep]\n|-damage|p1a: Morgrem|88\/100|[from] Sandstorm\n|upkeep\n|turn|4\n|c| santysas|Morgrem champagne\n|c| zereffu|like a book\n|\n|t:|1700090593\n|switch|p1a: Steelix|Steelix, F|100\/100\n|detailschange|p2a: BLACK KAT|Tyranitar-Mega, F\n|-mega|p2a: BLACK KAT|Tyranitar|Tyranitarite\n|move|p2a: BLACK KAT|Knock Off|p1a: Steelix\n|-damage|p1a: Steelix|92\/100\n|\n|-weather|Sandstorm|[upkeep]\n|upkeep\n|turn|5\n|\n|t:|1700090614\n|switch|p2a: chadcovish|Dracovish|69\/100\n|detailschange|p1a: Steelix|Steelix-Mega, F\n|-mega|p1a: Steelix|Steelix|Steelixite\n|move|p1a: Steelix|Heavy Slam|p2a: chadcovish\n|-resisted|p2a: chadcovish\n|-damage|p2a: chadcovish|46\/100\n|\n|-weather|none\n|upkeep\n|turn|6\n|\n|t:|1700090637\n|move|p2a: chadcovish|Liquidation|p1a: Steelix\n|-supereffective|p1a: Steelix\n|-damage|p1a: Steelix|71\/100\n|move|p1a: Steelix|Earthquake|p2a: chadcovish\n|-damage|p2a: chadcovish|0 fnt\n|faint|p2a: chadcovish\n|\n|upkeep\n|c|\u2606sppregaladog01|Na\n|c| zereffu|oof\n|c|\u2606sppregaladog01|Pechofr\u00edo el dracovish\n|\n|t:|1700090651\n|switch|p2a: Rosadito|Ampharos, M, shiny|100\/100\n|turn|7\n|c| Liza_White|vamo rosaditooo\n|\n|t:|1700090667\n|switch|p1a: Dragapult|Dragapult, F|100\/100\n|-terastallize|p2a: Rosadito|Water\n|move|p2a: Rosadito|Tera Blast|p1a: Dragapult|[anim] Tera Blast Water\n|-resisted|p1a: Dragapult\n|-damage|p1a: Dragapult|78\/100\n|\n|upkeep\n|turn|8\n|\n|t:|1700090685\n|switch|p2a: Princesa|Granbull, F|100\/100\n|-ability|p2a: Princesa|Intimidate|boost\n|-fail|p1a: Dragapult|unboost|[from] ability: Clear Body|[of] p1a: Dragapult\n|move|p1a: Dragapult|Dragon Claw|p2a: Princesa\n|-immune|p2a: Princesa\n|\n|upkeep\n|turn|9\n|\n|t:|1700090721\n|switch|p2a: JAJATEGANOZEREFF|Weezing-Galar, M|100\/100\n|move|p1a: Dragapult|U-turn|p2a: JAJATEGANOZEREFF\n|-resisted|p2a: JAJATEGANOZEREFF\n|-damage|p2a: JAJATEGANOZEREFF|97\/100\n|c| santysas|HASBGVDJFGB\n|c| Juanjomaster|XDDD\n|c| zereffu|XDDD\n|\n|t:|1700090733\n|switch|p1a: Inteleon|Inteleon, M|94\/100|[from] U-turn\n|\n|-heal|p2a: JAJATEGANOZEREFF|100\/100|[from] item: Black Sludge\n|upkeep\n|turn|10\n|c| Liza_White|xDDDD\n|c|\u2606sppregaladog01|JAJAJAJA\n|c|\u2606sppregaladog01|Basado el weezing\n|c| zereffu|Menos mal que jugue antes de que encontrase las manos\n|j| Lucaslakd\n|\n|t:|1700090749\n|switch|p2a: Rosadito|Ampharos, M, shiny, tera:Water|100\/100\n|move|p1a: Inteleon|Focus Energy|p1a: Inteleon\n|-start|p1a: Inteleon|move: Focus Energy\n|\n|-sideend|p1: sppregaladog01|Reflect\n|upkeep\n|turn|11\n|c| zereffu|Sino perdia 6.1\n|c| Lucaslakd|LLEGUE DEJEN DE PELEAR HASTA QUE ME PONGA AL D\u00cdA\n|c| santysas|Focus Energy alv\n|l| Lucaslakd\n|c| zereffu|Critico champagne\n|\n|t:|1700090792\n|switch|p1a: Morgrem|Morgrem, M|88\/100\n|move|p2a: Rosadito|Discharge|p1a: Morgrem\n|-damage|p1a: Morgrem|47\/100\n|-status|p1a: Morgrem|par\n|\n|upkeep\n|turn|12\n|c| santysas|HAX\n|c|\u2606sppregaladog01|Nooo\n|c| zereffu|HAX\n|c|\u2606sppregaladog01|Chale\n|c| Liza_White|Eso te pasa por no ponerle mote\n|c| santysas|Verdad\n|c|\u2606sppregaladog01|Siempre se me olvida\n|c|\u2606sppregaladog01|De verdad que quiero\n|c|\u2606sppregaladog01|La pr\u00f3xima me lo recuerdan\n|c| Liza_White|Proxims requisito del torneo\n|\n|t:|1700090852\n|move|p1a: Morgrem|Light Screen|p1a: Morgrem\n|-sidestart|p1: sppregaladog01|move: Light Screen\n|move|p2a: Rosadito|Discharge|p1a: Morgrem\n|-damage|p1a: Morgrem|28\/100 par\n|\n|upkeep\n|turn|13\n|c| Liza_White|quien no tenga mote pierde automaticamente\n|j| Lucaslakd\n|c| zereffu|Banco\n|\n|t:|1700090871\n|switch|p2a: PTM CAUSA|Xatu, M|100\/100\n|move|p1a: Morgrem|Parting Shot|p2a: PTM CAUSA\n|move|p2a: PTM CAUSA|Parting Shot|p1a: Morgrem|[from]ability: Magic Bounce\n|-unboost|p1a: Morgrem|atk|1\n|-unboost|p1a: Morgrem|spa|1\n|c| santysas|cine\n|\n|t:|1700090888\n|switch|p2a: BLACK KAT|Tyranitar-Mega, F|100\/100|[from] Parting Shot\n|-weather|Sandstorm|[from] ability: Sand Stream|[of] p2a: BLACK KAT\n|\n|-weather|Sandstorm|[upkeep]\n|-damage|p1a: Morgrem|22\/100 par|[from] Sandstorm\n|upkeep\n|turn|14\n|c| Lucaslakd|Bueno sigan peleando\n|\n|t:|1700090907\n|move|p1a: Morgrem|Reflect|p1a: Morgrem\n|-sidestart|p1: sppregaladog01|Reflect\n|move|p2a: BLACK KAT|Earthquake|p1a: Morgrem\n|-damage|p1a: Morgrem|0 fnt\n|faint|p1a: Morgrem\n|\n|-weather|Sandstorm|[upkeep]\n|upkeep\n|c| Lucaslakd|Dracovish nuevo clodsire\n|\n|t:|1700090919\n|switch|p1a: Steelix|Steelix-Mega, F|71\/100\n|turn|15\n|c| zereffu|Confirmo\n|c| zereffu|Culpa del nerfeo\n|\n|t:|1700090943\n|switch|p2a: Princesa|Granbull, F|100\/100\n|-ability|p2a: Princesa|Intimidate|boost\n|-unboost|p1a: Steelix|atk|1\n|move|p1a: Steelix|Heavy Slam|p2a: Princesa\n|-supereffective|p2a: Princesa\n|-damage|p2a: Princesa|5\/100\n|-enditem|p2a: Princesa|Liechi Berry|[eat]\n|-boost|p2a: Princesa|atk|1|[from] item: Liechi Berry\n|\n|-weather|Sandstorm|[upkeep]\n|-damage|p2a: Princesa|0 fnt|[from] Sandstorm\n|faint|p2a: Princesa\n|upkeep\n|c| santysas|Efe el Granbull\n|c| zereffu|Chale\n|c| Juanjomaster|Arena champagne\n|c| Juanjomaster|no hay m\u00e1s\n|c| santysas|Muerto por la arena que el mismo puso\n|c|\u2606sppregaladog01|Steelix mega tiene sand force\n|c|\u2606sppregaladog01|Jajan't\n|\n|t:|1700090983\n|switch|p2a: JAJATEGANOZEREFF|Weezing-Galar, M|100\/100\n|turn|16\n|c| Lucaslakd|Alto pechofriardo el granbull\n|c| Lucaslakd|O more like\n|c| Lucaslakd|Smollbull\n|\n|t:|1700091003\n|switch|p1a: Girafarig|Girafarig, M|100\/100\n|move|p2a: JAJATEGANOZEREFF|Will-O-Wisp|p1a: Girafarig\n|-status|p1a: Girafarig|brn\n|\n|-weather|Sandstorm|[upkeep]\n|-damage|p1a: Girafarig|94\/100 brn|[from] Sandstorm\n|-damage|p2a: JAJATEGANOZEREFF|95\/100|[from] Sandstorm\n|-heal|p2a: JAJATEGANOZEREFF|100\/100|[from] item: Black Sludge\n|-damage|p1a: Girafarig|88\/100 brn|[from] brn\n|upkeep\n|turn|17\n|c| zereffu|Skill issue\n|\n|t:|1700091020\n|switch|p2a: PTM CAUSA|Xatu, M|100\/100\n|move|p1a: Girafarig|Calm Mind|p1a: Girafarig\n|-boost|p1a: Girafarig|spa|1\n|-boost|p1a: Girafarig|spd|1\n|\n|-weather|none\n|-damage|p1a: Girafarig|82\/100 brn|[from] brn\n|upkeep\n|turn|18\n|c| zereffu|ojo\n|\n|t:|1700091035\n|switch|p2a: Rosadito|Ampharos, M, shiny, tera:Water|100\/100\n|move|p1a: Girafarig|Hyper Voice|p2a: Rosadito\n|-damage|p2a: Rosadito|73\/100\n|\n|-damage|p1a: Girafarig|76\/100 brn|[from] brn\n|upkeep\n|turn|19\n|\n|t:|1700091042\n|move|p1a: Girafarig|Calm Mind|p1a: Girafarig\n|-boost|p1a: Girafarig|spa|1\n|-boost|p1a: Girafarig|spd|1\n|move|p2a: Rosadito|Dragon Tail|p1a: Girafarig\n|-damage|p1a: Girafarig|72\/100 brn\n|drag|p1a: Dragapult|Dragapult, F|78\/100\n|\n|-sideend|p1: sppregaladog01|move: Light Screen\n|upkeep\n|turn|20\n|c| Juanjomaster|:0\n|c| Juanjomaster|dragon tail\n|c| santysas|Dragon Tail god\n|c| Lucaslakd|Dragon tail bien de cagon\n|c| zereffu|Dtail god en efecto\n|c| Lucaslakd|Donde est\u00e1 el discharge crit\n|\n|t:|1700091087\n|switch|p2a: JAJATEGANOZEREFF|Weezing-Galar, M|100\/100\n|move|p1a: Dragapult|Shadow Ball|p2a: JAJATEGANOZEREFF\n|-damage|p2a: JAJATEGANOZEREFF|65\/100\n|\n|-heal|p2a: JAJATEGANOZEREFF|71\/100|[from] item: Black Sludge\n|upkeep\n|turn|21\n|c| zereffu|Esta con el triple protec\n|\n|t:|1700091113\n|move|p1a: Dragapult|Steel Wing|p2a: JAJATEGANOZEREFF\n|-supereffective|p2a: JAJATEGANOZEREFF\n|-damage|p2a: JAJATEGANOZEREFF|30\/100\n|move|p2a: JAJATEGANOZEREFF|Strange Steam|p1a: Dragapult\n|-supereffective|p1a: Dragapult\n|-damage|p1a: Dragapult|3\/100\n|-start|p1a: Dragapult|confusion\n|\n|-heal|p2a: JAJATEGANOZEREFF|36\/100|[from] item: Black Sludge\n|-sideend|p1: sppregaladog01|Reflect\n|upkeep\n|turn|22\n|c| Lucaslakd|Steel wing xD\n|c| santysas|Steel Wing wtf JAJAJA\n|c| santysas|cocina\n|c| Lucaslakd|Cocina falopa\n|\n|t:|1700091141\n|-activate|p1a: Dragapult|confusion\n|-damage|p1a: Dragapult|0 fnt|[from] confusion\n|faint|p1a: Dragapult\n|move|p2a: JAJATEGANOZEREFF|Flamethrower|p1: Dragapult|[notarget]\n|-fail|p2a: JAJATEGANOZEREFF\n|\n|-heal|p2a: JAJATEGANOZEREFF|42\/100|[from] item: Black Sludge\n|upkeep\n|c|\u2606sppregaladog01|De autor\n|c| santysas|Noooo\n|\n|t:|1700091145\n|switch|p1a: Girafarig|Girafarig, M|72\/100 brn\n|turn|23\n|c| zereffu|let him cook\n|c| santysas|Pechofrio\n|\n|t:|1700091149\n|switch|p2a: BLACK KAT|Tyranitar-Mega, F|100\/100\n|-weather|Sandstorm|[from] ability: Sand Stream|[of] p2a: BLACK KAT\n|move|p1a: Girafarig|Calm Mind|p1a: Girafarig\n|-boost|p1a: Girafarig|spa|1\n|-boost|p1a: Girafarig|spd|1\n|\n|-weather|Sandstorm|[upkeep]\n|-damage|p1a: Girafarig|66\/100 brn|[from] Sandstorm\n|-damage|p1a: Girafarig|60\/100 brn|[from] brn\n|upkeep\n|turn|24\n|c| Lucaslakd|As\u00ed es la confusi\u00f3n champagne\n|\n|t:|1700091161\n|-terastallize|p1a: Girafarig|Fairy\n|move|p1a: Girafarig|Dazzling Gleam|p2a: BLACK KAT\n|-supereffective|p2a: BLACK KAT\n|-damage|p2a: BLACK KAT|65\/100\n|move|p2a: BLACK KAT|Pursuit|p1a: Girafarig\n|-resisted|p1a: Girafarig\n|-damage|p1a: Girafarig|51\/100 brn\n|\n|-weather|Sandstorm|[upkeep]\n|-damage|p1a: Girafarig|45\/100 brn|[from] Sandstorm\n|-damage|p1a: Girafarig|39\/100 brn|[from] brn\n|upkeep\n|turn|25\n|c| Liza_White|esta intensa la wea\n|c| Lucaslakd|Buen pursuit\n|c| Juanjomaster|pursuit god, esta vez s\u00ed lo llev\u00f3\n|\n|t:|1700091181\n|move|p1a: Girafarig|Rest|p1a: Girafarig\n|-status|p1a: Girafarig|slp|[from] move: Rest\n|-heal|p1a: Girafarig|100\/100 slp|[silent]\n|move|p2a: BLACK KAT|Earthquake|p1a: Girafarig\n|-damage|p1a: Girafarig|72\/100 slp\n|\n|-weather|Sandstorm|[upkeep]\n|-damage|p1a: Girafarig|66\/100 slp|[from] Sandstorm\n|upkeep\n|turn|26\n|c| Lucaslakd|COMO LE GUSTA EL REST A LUCASF\n|\n|t:|1700091194\n|cant|p1a: Girafarig|slp\n|move|p2a: BLACK KAT|Knock Off|p1a: Girafarig\n|-resisted|p1a: Girafarig\n|-damage|p1a: Girafarig|46\/100 slp\n|-enditem|p1a: Girafarig|Eviolite|[from] move: Knock Off|[of] p2a: BLACK KAT\n|\n|-weather|Sandstorm|[upkeep]\n|-damage|p1a: Girafarig|40\/100 slp|[from] Sandstorm\n|upkeep\n|turn|27\n|c| Lucaslakd|HAY OTROS MOVS\n|\n|t:|1700091211\n|switch|p1a: Mantine|Mantine, F|100\/100\n|move|p2a: BLACK KAT|Stone Edge|p1a: Mantine\n|-supereffective|p1a: Mantine\n|-crit|p1a: Mantine\n|-damage|p1a: Mantine|0 fnt\n|faint|p1a: Mantine\n|\n|-weather|none\n|upkeep\n|c| santysas|OOOOOF\n|c|\u2606sppregaladog01|Chale\n|c| Juanjomaster|ooff\n|c| zereffu|oof\n|\n|t:|1700091222\n|switch|p1a: Steelix|Steelix-Mega, F|71\/100\n|turn|28\n|c| santysas|Eso doli\u00f3\n|c|\u2606sppregaladog01|JAJAJA\n|c| Lucaslakd|JAJAJA mantine haciendo un jumpluff\n|c| Juanjomaster|hizo la del houndoom\n|c|\u2606sppregaladog01|Indeed\n|c|\u2606sppregaladog01|Pero es que no ten\u00eda d\u00f3nde sacarlo al pobre\n|\n|t:|1700091242\n|switch|p2a: PTM CAUSA|Xatu, M|100\/100\n|move|p1a: Steelix|Heavy Slam|p2a: PTM CAUSA\n|-damage|p2a: PTM CAUSA|27\/100\n|\n|-heal|p2a: PTM CAUSA|33\/100|[from] item: Leftovers\n|upkeep\n|turn|29\n|c| Liza_White|ni lo vi\n|c|\u2606sppregaladog01|Muri\u00f3 por una buena causa\n|c| Liza_White|escuch\u00e9 su sonido ir e irse\n|c| Liza_White|xDDD\n|c| Lucaslakd|As\u00ed que para no prnsar donde sacarlo, lo matas\n|c| Lucaslakd|Que listo que sos goku\n|\n|t:|1700091281\n|switch|p1a: Girafarig|Girafarig, M, tera:Fairy|40\/100 slp\n|move|p2a: PTM CAUSA|Heat Wave|p1a: Girafarig\n|-damage|p1a: Girafarig|1\/100 slp\n|\n|-heal|p2a: PTM CAUSA|39\/100|[from] item: Leftovers\n|upkeep\n|turn|30\n|c|\u2606sppregaladog01|as\u00ed es\n|\n|t:|1700091290\n|move|p2a: PTM CAUSA|Psyshock|p1a: Girafarig\n|-damage|p1a: Girafarig|0 fnt\n|faint|p1a: Girafarig\n|\n|-heal|p2a: PTM CAUSA|45\/100|[from] item: Leftovers\n|upkeep\n|\n|t:|1700091295\n|switch|p1a: Inteleon|Inteleon, M|94\/100\n|turn|31\n|c| Lucaslakd|Inteleon carrea\n|\n|t:|1700091303\n|move|p1a: Inteleon|Snipe Shot|p2a: PTM CAUSA\n|-crit|p2a: PTM CAUSA\n|-damage|p2a: PTM CAUSA|0 fnt\n|faint|p2a: PTM CAUSA\n|\n|upkeep\n|\n|t:|1700091317\n|switch|p2a: Rosadito|Ampharos, M, shiny, tera:Water|73\/100\n|turn|32\n|c| santysas|Ahora va a hacer puro crit\n|c| santysas|Se pone la 10\n|c| Lucaslakd|Igual me hace gracia que snipe shot no sea crit asegurado\n|c| Lucaslakd|Mientras tanto meowscarada:\n|\n|t:|1700091354\n|switch|p1a: Steelix|Steelix-Mega, F|71\/100\n|move|p2a: Rosadito|Discharge|p1a: Steelix\n|-immune|p1a: Steelix\n|\n|upkeep\n|turn|33\n|c| santysas|xDDD\n|\n|t:|1700091365\n|switch|p2a: JAJATEGANOZEREFF|Weezing-Galar, M|42\/100\n|move|p1a: Steelix|Earthquake|p2a: JAJATEGANOZEREFF\n|-immune|p2a: JAJATEGANOZEREFF|[from] ability: Levitate\n|\n|-heal|p2a: JAJATEGANOZEREFF|48\/100|[from] item: Black Sludge\n|upkeep\n|turn|34\n|c| Lucaslakd|Nanana las predics\n|\n|t:|1700091381\n|move|p2a: JAJATEGANOZEREFF|Will-O-Wisp|p1a: Steelix|[miss]\n|-miss|p2a: JAJATEGANOZEREFF|p1a: Steelix\n|move|p1a: Steelix|Heavy Slam|p2a: JAJATEGANOZEREFF\n|-supereffective|p2a: JAJATEGANOZEREFF\n|-damage|p2a: JAJATEGANOZEREFF|0 fnt\n|faint|p2a: JAJATEGANOZEREFF\n|\n|upkeep\n|c|\u2606sppregaladog01|skill issu\n|c| Liza_White|ojito\n|c|\u2606sppregaladog01|issue\n|c| Lucaslakd|Uy eso puede definir cositas\n|\n|t:|1700091397\n|switch|p2a: BLACK KAT|Tyranitar-Mega, F|65\/100\n|-weather|Sandstorm|[from] ability: Sand Stream|[of] p2a: BLACK KAT\n|turn|35\n|c|\u2606Ric94|lol\n|c| Lucaslakd|Skill issue indeed\n|c| Liza_White|si se puede \u00f1abloo\n|\n|t:|1700091407\n|move|p2a: BLACK KAT|Earthquake|p1a: Steelix\n|-supereffective|p1a: Steelix\n|-damage|p1a: Steelix|37\/100\n|move|p1a: Steelix|Earthquake|p2a: BLACK KAT\n|-supereffective|p2a: BLACK KAT\n|-damage|p2a: BLACK KAT|0 fnt\n|faint|p2a: BLACK KAT\n|\n|-weather|Sandstorm|[upkeep]\n|upkeep\n|c| Juanjomaster|esa quemadura era decisiva\n|c| santysas|Ahora el Steelix vuelve a estar mamadisimo\n|\n|t:|1700091415\n|switch|p2a: Rosadito|Ampharos, M, shiny, tera:Water|73\/100\n|turn|36\n|c|\u2606sppregaladog01|Na igual gana richie\n|\n|t:|1700091420\n|move|p2a: Rosadito|Tera Blast|p1a: Steelix|[anim] Tera Blast Water\n|-supereffective|p1a: Steelix\n|-damage|p1a: Steelix|0 fnt\n|faint|p1a: Steelix\n|\n|-weather|Sandstorm|[upkeep]\n|-damage|p2a: Rosadito|67\/100|[from] Sandstorm\n|upkeep\n|\n|t:|1700091423\n|switch|p1a: Inteleon|Inteleon, M|94\/100\n|turn|37\n|\n|t:|1700091428\n|move|p1a: Inteleon|Air Cutter|p2a: Rosadito\n|-damage|p2a: Rosadito|54\/100\n|move|p2a: Rosadito|Discharge|p1a: Inteleon\n|-supereffective|p1a: Inteleon\n|-damage|p1a: Inteleon|0 fnt\n|faint|p1a: Inteleon\n|\n|win|Ric94\n|c| Lucaslakd|Gana pablo\n|c|\u2606Ric94|gg\n|c|\u2606sppregaladog01|Yep, ah\u00ed ya no pod\u00eda hjacer nada\n|c|\u2606sppregaladog01|gg\n|c| Juanjomaster|chalesita\n|c| santysas|Air Cutter a\n|c| Juanjomaster|gg\n|c| Juanjomaster|bien jugado los dos\n|c| santysas|ggs\n|c| Liza_White|gg bbs\n|c| Lucaslakd|AKAJSJSNSSKKSS AIR CUTTER WJY\n|c| santysas|Buena pelea\n|c| zereffu|Ampharos god\n|c|\u2606Ric94|gente una pregunta\n|c| Lucaslakd|Ampharos micasita\n|c| Lucaslakd|Ese assault vest potentoso\n|c|\u2606Ric94|se vale usar las dos manos para jugar?\n|c| Liza_White|rosadito mvp\n|c| santysas|Era por el high critical estimo\n|c|\u2606Ric94|okno estuvo dificil\n|l| Fran chale me saco\n|c|\u2606sppregaladog01|Yes, y por tener variedad(?\n|c|\u2606Ric94|trae sitrus berry\n|c| santysas|Morgrem God\n|c|\u2606Ric94|el ampharos\n|c| Lucaslakd|Wtf sitrus berry\n|c| Lucaslakd|Nah es assault vest\n|c|\u2606Ric94|assault era\n|c| santysas|El Ampharos clave\n|c|\u2606sppregaladog01|Igual la idea era aprovechar el sniper\n|c|\u2606Ric94|el pecho frio\n|c| santysas|xDDD\n|c| santysas|F Granbull\n|c|\u2606sppregaladog01|No ten\u00eda manera de matar al Ampharos, me destru\u00eda al tanque especial que tengo\n|c|\u2606Ric94|no grandbull\n|c|\u2606Ric94|el otro\n|c| Lucaslakd|Si el granbull se comio una berry\n|c|\u2606Ric94|dracovish\n|c| santysas|ah lol\n|c| Lucaslakd|Ah pense que era choice\n|c|\u2606Ric94|bueno posteo la repe\n|l|\u2606sppregaladog01\n","uploadtime":1700091550,"views":36,"p1id":"sppregaladog01","p2id":"ric94","formatid":"gen9nationaldexubers","rating":0,"private":0,"password":""}