{"id":"gen9nationaldexubers-1997643934","p1":"JustMonika_CARR","p2":"ParanoidWizard","format":"[Gen 9] National Dex Ubers","log":"|j|\u2606JustMonika_CARR\n|j|\u2606ParanoidWizard\n|t:|1700836798\n|gametype|singles\n|player|p1|JustMonika_CARR|rosa|1446\n|player|p2|ParanoidWizard|wallace|1390\n|teamsize|p1|6\n|teamsize|p2|6\n|gen|9\n|tier|[Gen 9] National Dex Ubers\n|rated|\n|rule|HP Percentage Mod: HP is shown in percentages\n|rule|Endless Battle Clause: Forcing endless battles is banned\n|rule|OHKO Clause: OHKO moves are banned\n|rule|Evasion Moves Clause: Evasion moves are banned\n|rule|Evasion Items Clause: Evasion items are banned\n|rule|Species Clause: Limit one of each Pok\u00e9mon\n|rule|Sleep Clause Mod: Limit one foe put to sleep\n|rule|Mega Rayquaza Clause: You cannot mega evolve Rayquaza\n|clearpoke\n|poke|p1|Blaziken, F|\n|poke|p1|Pheromosa|\n|poke|p1|Gothitelle, F|\n|poke|p1|Deoxys-Speed|\n|poke|p1|Arceus|\n|poke|p1|Durant, F|\n|poke|p2|Zacian-*|\n|poke|p2|Kyurem-Black|\n|poke|p2|Dragonite, M|\n|poke|p2|Ho-Oh|\n|poke|p2|Cyclizar, M|\n|poke|p2|Arceus|\n|teampreview\n|inactive|Battle timer is ON: inactive players will automatically lose when time's up. (requested by ParanoidWizard)\n|c|\u2606JustMonika_CARR|Oh, hey again\n|j| cheese miestro\n|\n|t:|1700836823\n|start\n|switch|p1a: Deoxys|Deoxys-Speed, shiny|100\/100\n|switch|p2a: Dragonite|Dragonite, M|100\/100\n|-ability|p1a: Deoxys|Pressure\n|turn|1\n|c|\u2606JustMonika_CARR|Glhf\n|\n|t:|1700836832\n|move|p2a: Dragonite|Extreme Speed|p1a: Deoxys\n|-damage|p1a: Deoxys|49\/100\n|-damage|p2a: Dragonite|91\/100|[from] item: Life Orb\n|move|p1a: Deoxys|Reflect|p1a: Deoxys\n|-sidestart|p1: JustMonika_CARR|Reflect\n|\n|upkeep\n|turn|2\n|\n|t:|1700836841\n|move|p1a: Deoxys|Stealth Rock|p2a: Dragonite\n|-sidestart|p2: ParanoidWizard|move: Stealth Rock\n|move|p2a: Dragonite|Dual Wingbeat|p1a: Deoxys\n|-damage|p1a: Deoxys|31\/100\n|-damage|p1a: Deoxys|13\/100\n|-hitcount|p1a: Deoxys|2\n|-damage|p2a: Dragonite|81\/100|[from] item: Life Orb\n|\n|upkeep\n|turn|3\n|\n|t:|1700836850\n|move|p2a: Dragonite|Extreme Speed|p1a: Deoxys\n|-damage|p1a: Deoxys|0 fnt\n|faint|p1a: Deoxys\n|-damage|p2a: Dragonite|71\/100|[from] item: Life Orb\n|\n|upkeep\n|\n|t:|1700836854\n|switch|p1a: Arceus|Arceus|100\/100\n|turn|4\n|\n|t:|1700836861\n|move|p1a: Arceus|Cosmic Power|p1a: Arceus\n|-boost|p1a: Arceus|def|1\n|-boost|p1a: Arceus|spd|1\n|move|p2a: Dragonite|Dual Wingbeat|p1a: Arceus\n|-crit|p1a: Arceus\n|-damage|p1a: Arceus|72\/100\n|-damage|p1a: Arceus|66\/100\n|-hitcount|p1a: Arceus|2\n|-damage|p2a: Dragonite|61\/100|[from] item: Life Orb\n|\n|upkeep\n|turn|5\n|\n|t:|1700836880\n|switch|p2a: Cyclizar|Cyclizar, M|100\/100\n|-damage|p2a: Cyclizar|88\/100|[from] Stealth Rock\n|move|p1a: Arceus|Cosmic Power|p1a: Arceus\n|-boost|p1a: Arceus|def|1\n|-boost|p1a: Arceus|spd|1\n|\n|upkeep\n|turn|6\n|\n|t:|1700836887\n|move|p2a: Cyclizar|Rapid Spin|p1a: Arceus\n|-damage|p1a: Arceus|64\/100\n|-boost|p2a: Cyclizar|spe|1\n|-sideend|p2: ParanoidWizard|Stealth Rock|[from] move: Rapid Spin|[of] p2a: Cyclizar\n|move|p1a: Arceus|Cosmic Power|p1a: Arceus\n|-boost|p1a: Arceus|def|1\n|-boost|p1a: Arceus|spd|1\n|\n|upkeep\n|turn|7\n|\n|t:|1700836893\n|move|p2a: Cyclizar|Knock Off|p1a: Arceus\n|-damage|p1a: Arceus|61\/100\n|-enditem|p1a: Arceus|Chesto Berry|[from] move: Knock Off|[of] p2a: Cyclizar\n|move|p1a: Arceus|Cosmic Power|p1a: Arceus\n|-boost|p1a: Arceus|def|1\n|-boost|p1a: Arceus|spd|1\n|\n|upkeep\n|turn|8\n|\n|t:|1700836900\n|move|p2a: Cyclizar|Draco Meteor|p1a: Arceus\n|-damage|p1a: Arceus|53\/100\n|-unboost|p2a: Cyclizar|spa|2\n|move|p1a: Arceus|Cosmic Power|p1a: Arceus\n|-boost|p1a: Arceus|def|1\n|-boost|p1a: Arceus|spd|1\n|\n|-sideend|p1: JustMonika_CARR|Reflect\n|upkeep\n|turn|9\n|\n|t:|1700836906\n|move|p2a: Cyclizar|Shed Tail|p2a: Cyclizar\n|-start|p2a: Cyclizar|Substitute|[from] move: Shed Tail\n|-damage|p2a: Cyclizar|38\/100\n|-enditem|p2a: Cyclizar|Sitrus Berry|[eat]\n|-heal|p2a: Cyclizar|63\/100|[from] item: Sitrus Berry\n|\n|t:|1700836911\n|switch|p2a: Arceus|Arceus|100\/100|[from] Shed Tail\n|move|p1a: Arceus|Cosmic Power|p1a: Arceus\n|-boost|p1a: Arceus|def|1\n|-boost|p1a: Arceus|spd|1\n|\n|upkeep\n|turn|10\n|\n|t:|1700836920\n|-terastallize|p2a: Arceus|Poison\n|move|p2a: Arceus|Toxic|p1a: Arceus\n|-status|p1a: Arceus|tox\n|move|p1a: Arceus|Stored Power|p2a: Arceus\n|-supereffective|p2a: Arceus\n|-end|p2a: Arceus|Substitute\n|\n|-damage|p1a: Arceus|47\/100 tox|[from] psn\n|upkeep\n|turn|11\n|\n|t:|1700836945\n|switch|p2a: Zapdoh|Ho-Oh, shiny|100\/100\n|move|p1a: Arceus|Stored Power|p2a: Zapdoh\n|-damage|p2a: Zapdoh|56\/100\n|\n|-damage|p1a: Arceus|35\/100 tox|[from] psn\n|upkeep\n|turn|12\n|\n|t:|1700836956\n|move|p2a: Zapdoh|Earth Power|p1a: Arceus\n|-damage|p1a: Arceus|31\/100 tox\n|move|p1a: Arceus|Rest|p1a: Arceus\n|-status|p1a: Arceus|slp|[from] move: Rest\n|-heal|p1a: Arceus|100\/100 slp|[silent]\n|\n|upkeep\n|turn|13\n|inactive|ParanoidWizard has 120 seconds left.\n|\n|t:|1700836989\n|move|p2a: Zapdoh|Zap Cannon|p1a: Arceus\n|-damage|p1a: Arceus|95\/100 slp\n|cant|p1a: Arceus|slp\n|\n|upkeep\n|turn|14\n|\n|t:|1700836997\n|switch|p2a: Arceus|Arceus, tera:Poison|100\/100\n|cant|p1a: Arceus|slp\n|\n|upkeep\n|turn|15\n|\n|t:|1700837006\n|-curestatus|p1a: Arceus|slp|[msg]\n|move|p1a: Arceus|Charge Beam|p2a: Arceus\n|-damage|p2a: Arceus|92\/100\n|-boost|p1a: Arceus|spa|1\n|move|p2a: Arceus|Cosmic Power|p2a: Arceus\n|-boost|p2a: Arceus|def|1\n|-boost|p2a: Arceus|spd|1\n|\n|-heal|p2a: Arceus|98\/100|[from] item: Leftovers\n|upkeep\n|turn|16\n|inactive|ParanoidWizard has 120 seconds left.\n|\n|t:|1700837014\n|move|p2a: Arceus|Toxic|p1a: Arceus\n|-status|p1a: Arceus|tox\n|move|p1a: Arceus|Charge Beam|p2a: Arceus\n|-damage|p2a: Arceus|89\/100\n|-boost|p1a: Arceus|spa|1\n|\n|-heal|p2a: Arceus|95\/100|[from] item: Leftovers\n|-damage|p1a: Arceus|89\/100 tox|[from] psn\n|upkeep\n|turn|17\n|\n|t:|1700837020\n|move|p1a: Arceus|Charge Beam|p2a: Arceus\n|-damage|p2a: Arceus|84\/100\n|move|p2a: Arceus|Cosmic Power|p2a: Arceus\n|-boost|p2a: Arceus|def|1\n|-boost|p2a: Arceus|spd|1\n|\n|-heal|p2a: Arceus|90\/100|[from] item: Leftovers\n|-damage|p1a: Arceus|77\/100 tox|[from] psn\n|upkeep\n|turn|18\n|\n|t:|1700837022\n|move|p2a: Arceus|Cosmic Power|p2a: Arceus\n|-boost|p2a: Arceus|def|1\n|-boost|p2a: Arceus|spd|1\n|move|p1a: Arceus|Stored Power|p2a: Arceus\n|-supereffective|p2a: Arceus\n|-damage|p2a: Arceus|15\/100\n|\n|-heal|p2a: Arceus|21\/100|[from] item: Leftovers\n|-damage|p1a: Arceus|58\/100 tox|[from] psn\n|upkeep\n|turn|19\n|\n|t:|1700837030\n|move|p2a: Arceus|Recover|p2a: Arceus\n|-heal|p2a: Arceus|71\/100\n|move|p1a: Arceus|Stored Power|p2a: Arceus\n|-supereffective|p2a: Arceus\n|-damage|p2a: Arceus|0 fnt\n|faint|p2a: Arceus\n|\n|-damage|p1a: Arceus|33\/100 tox|[from] psn\n|upkeep\n|\n|t:|1700837045\n|switch|p2a: Zacian|Zacian-Crowned|100\/100\n|-ability|p2a: Zacian|Intrepid Sword|boost\n|-boost|p2a: Zacian|atk|1\n|turn|20\n|\n|t:|1700837049\n|move|p2a: Zacian|Behemoth Blade|p1a: Arceus\n|-damage|p1a: Arceus|20\/100 tox\n|move|p1a: Arceus|Rest|p1a: Arceus\n|-status|p1a: Arceus|slp|[from] move: Rest\n|-heal|p1a: Arceus|100\/100 slp|[silent]\n|\n|upkeep\n|turn|21\n|\n|t:|1700837055\n|move|p2a: Zacian|Behemoth Blade|p1a: Arceus\n|-damage|p1a: Arceus|87\/100 slp\n|cant|p1a: Arceus|slp\n|\n|upkeep\n|turn|22\n|\n|t:|1700837058\n|move|p2a: Zacian|Behemoth Blade|p1a: Arceus\n|-damage|p1a: Arceus|74\/100 slp\n|cant|p1a: Arceus|slp\n|\n|upkeep\n|turn|23\n|\n|t:|1700837061\n|move|p2a: Zacian|Behemoth Blade|p1a: Arceus\n|-damage|p1a: Arceus|61\/100 slp\n|-curestatus|p1a: Arceus|slp|[msg]\n|move|p1a: Arceus|Charge Beam|p2a: Zacian\n|-damage|p2a: Zacian|76\/100\n|\n|upkeep\n|turn|24\n|\n|t:|1700837065\n|move|p2a: Zacian|Behemoth Blade|p1a: Arceus\n|-damage|p1a: Arceus|48\/100\n|move|p1a: Arceus|Charge Beam|p2a: Zacian\n|-damage|p2a: Zacian|51\/100\n|\n|upkeep\n|turn|25\n|\n|t:|1700837069\n|move|p2a: Zacian|Behemoth Blade|p1a: Arceus\n|-damage|p1a: Arceus|35\/100\n|move|p1a: Arceus|Charge Beam|p2a: Zacian|[miss]\n|-miss|p1a: Arceus|p2a: Zacian\n|\n|upkeep\n|turn|26\n|\n|t:|1700837084\n|move|p2a: Zacian|Behemoth Blade|p1a: Arceus\n|-damage|p1a: Arceus|23\/100\n|move|p1a: Arceus|Charge Beam|p2a: Zacian\n|-damage|p2a: Zacian|29\/100\n|-boost|p1a: Arceus|spa|1\n|\n|upkeep\n|turn|27\n|\n|t:|1700837103\n|move|p2a: Zacian|Behemoth Blade|p1a: Arceus\n|-damage|p1a: Arceus|11\/100\n|move|p1a: Arceus|Rest|p1a: Arceus\n|-status|p1a: Arceus|slp|[from] move: Rest\n|-heal|p1a: Arceus|100\/100 slp|[silent]\n|\n|upkeep\n|turn|28\n|\n|t:|1700837112\n|move|p2a: Zacian|Fire Fang|p1a: Arceus\n|-damage|p1a: Arceus|95\/100 slp\n|cant|p1a: Arceus|slp\n|\n|upkeep\n|turn|29\n|\n|t:|1700837116\n|move|p2a: Zacian|Dig||[still]\n|-prepare|p2a: Zacian|Dig\n|cant|p1a: Arceus|slp\n|\n|upkeep\n|turn|30\n|\n|t:|1700837121\n|move|p2a: Zacian|Dig|p1a: Arceus|[from]lockedmove\n|-damage|p1a: Arceus|89\/100 slp\n|-curestatus|p1a: Arceus|slp|[msg]\n|move|p1a: Arceus|Charge Beam|p2a: Zacian\n|-damage|p2a: Zacian|0 fnt\n|-boost|p1a: Arceus|spa|1\n|faint|p2a: Zacian\n|\n|upkeep\n|\n|t:|1700837125\n|switch|p2a: Cyclizar|Cyclizar, M|96\/100\n|turn|31\n|\n|t:|1700837132\n|move|p2a: Cyclizar|Knock Off|p1a: Arceus\n|-damage|p1a: Arceus|87\/100\n|move|p1a: Arceus|Stored Power|p2a: Cyclizar\n|-damage|p2a: Cyclizar|0 fnt\n|faint|p2a: Cyclizar\n|\n|upkeep\n|\n|t:|1700837135\n|switch|p2a: Kyurem|Kyurem-Black|100\/100\n|-ability|p2a: Kyurem|Teravolt\n|turn|32\n|\n|t:|1700837142\n|move|p2a: Kyurem|Iron Head|p1a: Arceus\n|-damage|p1a: Arceus|81\/100\n|move|p1a: Arceus|Stored Power|p2a: Kyurem\n|-enditem|p2a: Kyurem|Focus Sash\n|-damage|p2a: Kyurem|1\/100\n|\n|upkeep\n|turn|33\n|\n|t:|1700837146\n|move|p2a: Kyurem|Iron Head|p1a: Arceus\n|-damage|p1a: Arceus|76\/100\n|move|p1a: Arceus|Charge Beam|p2a: Kyurem\n|-resisted|p2a: Kyurem\n|-crit|p2a: Kyurem\n|-damage|p2a: Kyurem|0 fnt\n|faint|p2a: Kyurem\n|\n|upkeep\n|\n|t:|1700837150\n|switch|p2a: Zapdoh|Ho-Oh, shiny|89\/100\n|turn|34\n|\n|t:|1700837157\n|-terastallize|p1a: Arceus|Electric\n|move|p2a: Zapdoh|Zap Cannon|p1a: Arceus\n|-resisted|p1a: Arceus\n|-damage|p1a: Arceus|74\/100\n|move|p1a: Arceus|Charge Beam|p2a: Zapdoh\n|-supereffective|p2a: Zapdoh\n|-damage|p2a: Zapdoh|0 fnt\n|-boost|p1a: Arceus|spa|1\n|faint|p2a: Zapdoh\n|\n|upkeep\n|\n|t:|1700837172\n|switch|p2a: Dragonite|Dragonite, M|61\/100\n|turn|35\n|\n|t:|1700837176\n|move|p2a: Dragonite|Extreme Speed|p1a: Arceus\n|-damage|p1a: Arceus|67\/100\n|-damage|p2a: Dragonite|51\/100|[from] item: Life Orb\n|move|p1a: Arceus|Charge Beam|p2a: Dragonite\n|-damage|p2a: Dragonite|0 fnt\n|-boost|p1a: Arceus|spa|1\n|faint|p2a: Dragonite\n|\n|win|JustMonika_CARR\n|raw|JustMonika_CARR's rating: 1446 &rarr; <strong>1463<\/strong><br \/>(+17 for winning)\n|raw|ParanoidWizard's rating: 1390 &rarr; <strong>1373<\/strong><br \/>(-17 for losing)\n","uploadtime":1700837188,"views":1,"p1id":"justmonikacarr","p2id":"paranoidwizard","formatid":"gen9nationaldexubers","rating":1373,"private":0,"password":""}