{"id":"gen9nationaldexubers-1994909397","p1":"bepsi-can","p2":"krookodilemoxie","format":"[Gen 9] National Dex Ubers","log":"|j|\u2606bepsi-can\n|j|\u2606krookodilemoxie\n|t:|1700503791\n|gametype|singles\n|player|p1|bepsi-can|elesa|1097\n|player|p2|krookodilemoxie|byron|1153\n|teamsize|p1|6\n|teamsize|p2|6\n|gen|9\n|tier|[Gen 9] National Dex Ubers\n|rated|\n|rule|HP Percentage Mod: HP is shown in percentages\n|rule|Endless Battle Clause: Forcing endless battles is banned\n|rule|OHKO Clause: OHKO moves are banned\n|rule|Evasion Moves Clause: Evasion moves are banned\n|rule|Evasion Items Clause: Evasion items are banned\n|rule|Species Clause: Limit one of each Pok\u00e9mon\n|rule|Sleep Clause Mod: Limit one foe put to sleep\n|rule|Mega Rayquaza Clause: You cannot mega evolve Rayquaza\n|clearpoke\n|poke|p1|Serperior, M|\n|poke|p1|Ditto|\n|poke|p1|Hatterene, F|\n|poke|p1|Porygon-Z|\n|poke|p1|Skeledirge, F|\n|poke|p1|Barraskewda, M|\n|poke|p2|Arceus|\n|poke|p2|Bellossom, M|\n|poke|p2|Hawlucha, M|\n|poke|p2|Politoed, F|\n|poke|p2|Venusaur, M|\n|poke|p2|Raticate, M|\n|teampreview\n|inactive|Battle timer is ON: inactive players will automatically lose when time's up. (requested by bepsi-can)\n|c|\u2606bepsi-can|DOUBLE WEATHER????\n|c|\u2606bepsi-can|IN THIS ECONOMY?\n|\n|t:|1700503812\n|start\n|switch|p1a: Heeheehee|Hatterene, F|100\/100\n|switch|p2a: Arceus|Arceus|100\/100\n|turn|1\n|\n|t:|1700503815\n|move|p2a: Arceus|Secret Power|p1a: Heeheehee\n|-damage|p1a: Heeheehee|76\/100\n|move|p1a: Heeheehee|Draining Kiss|p2a: Arceus\n|-damage|p2a: Arceus|87\/100\n|-heal|p1a: Heeheehee|90\/100|[from] drain|[of] p2a: Arceus\n|\n|-heal|p1a: Heeheehee|96\/100|[from] item: Leftovers\n|upkeep\n|turn|2\n|\n|t:|1700503825\n|move|p2a: Arceus|Work Up|p2a: Arceus\n|-boost|p2a: Arceus|atk|1\n|-boost|p2a: Arceus|spa|1\n|move|p1a: Heeheehee|Calm Mind|p1a: Heeheehee\n|-boost|p1a: Heeheehee|spa|1\n|-boost|p1a: Heeheehee|spd|1\n|\n|-heal|p1a: Heeheehee|100\/100|[from] item: Leftovers\n|upkeep\n|turn|3\n|\n|t:|1700503828\n|move|p2a: Arceus|Secret Power|p1a: Heeheehee\n|-damage|p1a: Heeheehee|68\/100\n|move|p1a: Heeheehee|Calm Mind|p1a: Heeheehee\n|-boost|p1a: Heeheehee|spa|1\n|-boost|p1a: Heeheehee|spd|1\n|\n|-heal|p1a: Heeheehee|74\/100|[from] item: Leftovers\n|upkeep\n|turn|4\n|\n|t:|1700503831\n|move|p2a: Arceus|Secret Power|p1a: Heeheehee\n|-damage|p1a: Heeheehee|41\/100\n|move|p1a: Heeheehee|Calm Mind|p1a: Heeheehee\n|-boost|p1a: Heeheehee|spa|1\n|-boost|p1a: Heeheehee|spd|1\n|\n|-heal|p1a: Heeheehee|47\/100|[from] item: Leftovers\n|upkeep\n|turn|5\n|\n|t:|1700503835\n|move|p2a: Arceus|Secret Power|p1a: Heeheehee\n|-damage|p1a: Heeheehee|12\/100\n|-status|p1a: Heeheehee|par\n|move|p1a: Heeheehee|Draining Kiss|p2a: Arceus\n|-damage|p2a: Arceus|50\/100\n|-heal|p1a: Heeheehee|50\/100 par|[from] drain|[of] p2a: Arceus\n|\n|-heal|p1a: Heeheehee|56\/100 par|[from] item: Leftovers\n|upkeep\n|turn|6\n|\n|t:|1700503842\n|move|p2a: Arceus|Rock Slide|p1a: Heeheehee|[miss]\n|-miss|p2a: Arceus|p1a: Heeheehee\n|move|p1a: Heeheehee|Draining Kiss|p2a: Arceus\n|-damage|p2a: Arceus|14\/100\n|-heal|p1a: Heeheehee|94\/100 par|[from] drain|[of] p2a: Arceus\n|\n|-heal|p1a: Heeheehee|99\/100 par|[from] item: Leftovers\n|upkeep\n|turn|7\n|\n|t:|1700503846\n|move|p2a: Arceus|Rock Slide|p1a: Heeheehee\n|-damage|p1a: Heeheehee|76\/100 par\n|move|p1a: Heeheehee|Draining Kiss|p2a: Arceus\n|-damage|p2a: Arceus|0 fnt\n|-heal|p1a: Heeheehee|90\/100 par|[from] drain|[of] p2a: Arceus\n|faint|p2a: Arceus\n|\n|-heal|p1a: Heeheehee|96\/100 par|[from] item: Leftovers\n|upkeep\n|c|\u2606krookodilemoxie|ofc spam this like ratrod\n|\n|t:|1700503858\n|switch|p2a: Raticate|Raticate, M|100\/100\n|turn|8\n|\n|t:|1700503864\n|move|p2a: Raticate|Hyper Fang|p1a: Heeheehee\n|-damage|p1a: Heeheehee|77\/100 par\n|move|p1a: Heeheehee|Draining Kiss|p2a: Raticate\n|-damage|p2a: Raticate|44\/100\n|-heal|p1a: Heeheehee|100\/100 par|[from] drain|[of] p2a: Raticate\n|\n|upkeep\n|turn|9\n|\n|t:|1700503869\n|move|p2a: Raticate|Hyper Fang|p1a: Heeheehee\n|-damage|p1a: Heeheehee|82\/100 par\n|move|p1a: Heeheehee|Draining Kiss|p2a: Raticate\n|-damage|p2a: Raticate|0 fnt\n|-heal|p1a: Heeheehee|100\/100 par|[from] drain|[of] p2a: Raticate\n|faint|p2a: Raticate\n|\n|upkeep\n|c|\u2606krookodilemoxie|lucky beach\n|c|\u2606krookodilemoxie|fk u\n|-message|krookodilemoxie forfeited.\n|\n|win|bepsi-can\n|raw|bepsi-can's rating: 1097 &rarr; <strong>1127<\/strong><br \/>(+30 for winning)\n|raw|krookodilemoxie's rating: 1153 &rarr; <strong>1124<\/strong><br \/>(-29 for losing)\n|c|\u2606bepsi-can|wahh\n|l|\u2606krookodilemoxie\n|c|\u2606bepsi-can|wahh\n","uploadtime":1700503884,"views":12,"p1id":"bepsican","p2id":"krookodilemoxie","formatid":"gen9nationaldexubers","rating":1124,"private":0,"password":""}