{"id":"gen9nationaldexubers-1979038327","p1":"TheRealDiabeto","p2":"Pex hater","format":"[Gen 9] National Dex Ubers","log":"|j|\u2606TheRealDiabeto\n|j|\u2606Pex hater\n|t:|1698624302\n|gametype|singles\n|player|p1|TheRealDiabeto|steven|\n|player|p2|Pex hater|cheryl|\n|teamsize|p1|6\n|teamsize|p2|6\n|gen|9\n|tier|[Gen 9] National Dex Ubers\n|rule|HP Percentage Mod: HP is shown in percentages\n|rule|Endless Battle Clause: Forcing endless battles is banned\n|rule|OHKO Clause: OHKO moves are banned\n|rule|Evasion Moves Clause: Evasion moves are banned\n|rule|Evasion Items Clause: Evasion items are banned\n|rule|Species Clause: Limit one of each Pok\u00e9mon\n|rule|Sleep Clause Mod: Limit one foe put to sleep\n|rule|Mega Rayquaza Clause: You cannot mega evolve Rayquaza\n|clearpoke\n|poke|p1|Ursaluna, M|\n|poke|p1|Skeledirge, M|\n|poke|p1|Glimmora, F|\n|poke|p1|Scizor, M|\n|poke|p1|Rotom-Wash|\n|poke|p1|Meowscarada, M|\n|poke|p2|Nidoking, M|\n|poke|p2|Venusaur, F|\n|poke|p2|Toxapex, M|\n|poke|p2|Weezing-Galar, M|\n|poke|p2|Clodsire, M|\n|poke|p2|Sneasler, F|\n|teampreview\n|c|\u2606Pex hater|good luck and have fun\n|c|\u2606TheRealDiabeto|u2\n|\n|t:|1698624317\n|start\n|switch|p1a: Chimera|Glimmora, F, shiny|100\/100\n|switch|p2a: Skinny Ricky|Sneasler, F|100\/100\n|turn|1\n|\n|t:|1698624325\n|move|p2a: Skinny Ricky|U-turn|p1a: Chimera\n|-resisted|p1a: Chimera\n|-damage|p1a: Chimera|79\/100\n|-activate|p1a: Chimera|ability: Toxic Debris\n|-sidestart|p2: Pex hater|move: Toxic Spikes\n|\n|t:|1698624330\n|switch|p2a: Muddy buddy|Clodsire, M|100\/100|[from] U-turn\n|-sideend|p2: Pex hater|move: Toxic Spikes|[of] p2a: Muddy buddy\n|move|p1a: Chimera|Stealth Rock|p2a: Muddy buddy\n|-sidestart|p2: Pex hater|move: Stealth Rock\n|\n|upkeep\n|turn|2\n|\n|t:|1698624348\n|switch|p1a: Harlequin|Meowscarada, M, shiny|100\/100\n|move|p2a: Muddy buddy|Stealth Rock|p1a: Harlequin\n|-sidestart|p1: TheRealDiabeto|move: Stealth Rock\n|\n|upkeep\n|turn|3\n|\n|t:|1698624376\n|switch|p2a: On the menu|Venusaur, F|100\/100\n|-damage|p2a: On the menu|88\/100|[from] Stealth Rock\n|move|p1a: Harlequin|Flower Trick|p2a: On the menu\n|-start|p1a: Harlequin|typechange|Grass|[from] ability: Protean\n|-resisted|p2a: On the menu\n|-crit|p2a: On the menu\n|-damage|p2a: On the menu|78\/100\n|\n|upkeep\n|turn|4\n|\n|t:|1698624390\n|switch|p1a: Warhound|Scizor, M|100\/100\n|-damage|p1a: Warhound|88\/100|[from] Stealth Rock\n|detailschange|p2a: On the menu|Venusaur-Mega, F\n|-mega|p2a: On the menu|Venusaur|Venusaurite\n|move|p2a: On the menu|Leech Seed|p1a: Warhound\n|-start|p1a: Warhound|move: Leech Seed\n|\n|-damage|p1a: Warhound|76\/100|[from] Leech Seed|[of] p2a: On the menu\n|-heal|p2a: On the menu|90\/100|[silent]\n|upkeep\n|turn|5\n|\n|t:|1698624409\n|switch|p2a: the faithless|Toxapex, M|100\/100\n|-damage|p2a: the faithless|88\/100|[from] Stealth Rock\n|detailschange|p1a: Warhound|Scizor-Mega, M\n|-mega|p1a: Warhound|Scizor|Scizorite\n|move|p1a: Warhound|U-turn|p2a: the faithless\n|-resisted|p2a: the faithless\n|-crit|p2a: the faithless\n|-damage|p2a: the faithless|68\/100\n|\n|t:|1698624420\n|switch|p1a: Broadside|Rotom-Wash, shiny|100\/100|[from] U-turn\n|-damage|p1a: Broadside|88\/100|[from] Stealth Rock\n|\n|-heal|p1a: Broadside|94\/100|[from] item: Leftovers\n|upkeep\n|turn|6\n|\n|t:|1698624428\n|switch|p2a: Muddy buddy|Clodsire, M|100\/100\n|-damage|p2a: Muddy buddy|94\/100|[from] Stealth Rock\n|move|p1a: Broadside|Volt Switch|p2a: Muddy buddy\n|-immune|p2a: Muddy buddy\n|\n|-heal|p1a: Broadside|99\/100|[from] item: Leftovers\n|-heal|p2a: Muddy buddy|100\/100|[from] item: Black Sludge\n|upkeep\n|turn|7\n|\n|t:|1698624451\n|switch|p1a: Hellhound|Skeledirge, M, shiny|100\/100\n|-damage|p1a: Hellhound|76\/100|[from] Stealth Rock\n|move|p2a: Muddy buddy|Toxic|p1a: Hellhound\n|-status|p1a: Hellhound|tox\n|\n|-heal|p1a: Hellhound|82\/100 tox|[from] item: Leftovers\n|-damage|p1a: Hellhound|76\/100 tox|[from] psn\n|upkeep\n|turn|8\n|\n|t:|1698624465\n|move|p1a: Hellhound|Will-O-Wisp|p2a: Muddy buddy\n|-status|p2a: Muddy buddy|brn\n|move|p2a: Muddy buddy|Earthquake|p1a: Hellhound\n|-supereffective|p1a: Hellhound\n|-crit|p1a: Hellhound\n|-damage|p1a: Hellhound|51\/100 tox\n|\n|-heal|p1a: Hellhound|57\/100 tox|[from] item: Leftovers\n|-damage|p1a: Hellhound|45\/100 tox|[from] psn\n|-damage|p2a: Muddy buddy|94\/100 brn|[from] brn\n|upkeep\n|turn|9\n|\n|t:|1698624489\n|switch|p2a: the faithless|Toxapex, M|100\/100\n|-damage|p2a: the faithless|88\/100|[from] Stealth Rock\n|move|p1a: Hellhound|Hex|p2a: the faithless\n|-damage|p2a: the faithless|70\/100\n|\n|-heal|p1a: Hellhound|51\/100 tox|[from] item: Leftovers\n|-damage|p1a: Hellhound|32\/100 tox|[from] psn\n|upkeep\n|turn|10\n|\n|t:|1698624502\n|switch|p1a: Baneblade|Ursaluna, M, shiny|100\/100\n|-damage|p1a: Baneblade|94\/100|[from] Stealth Rock\n|move|p2a: the faithless|Toxic Spikes|p1a: Baneblade\n|-sidestart|p1: TheRealDiabeto|move: Toxic Spikes\n|\n|-status|p1a: Baneblade|brn|[from] item: Flame Orb\n|upkeep\n|turn|11\n|\n|t:|1698624534\n|switch|p2a: Indubitably|Weezing-Galar, M|100\/100\n|-damage|p2a: Indubitably|88\/100|[from] Stealth Rock\n|move|p1a: Baneblade|Facade|p2a: Indubitably\n|-damage|p2a: Indubitably|8\/100\n|\n|-heal|p2a: Indubitably|14\/100|[from] item: Black Sludge\n|-damage|p1a: Baneblade|88\/100 brn|[from] brn\n|upkeep\n|turn|12\n|\n|t:|1698624559\n|switch|p1a: Harlequin|Meowscarada, M, shiny|100\/100\n|-damage|p1a: Harlequin|88\/100|[from] Stealth Rock\n|-status|p1a: Harlequin|psn\n|move|p2a: Indubitably|Pain Split|p1a: Harlequin\n|-sethp|p1a: Harlequin|52\/100 psn|[from] move: Pain Split|[silent]\n|-sethp|p2a: Indubitably|46\/100|[from] move: Pain Split\n|\n|-heal|p2a: Indubitably|52\/100|[from] item: Black Sludge\n|-damage|p1a: Harlequin|39\/100 psn|[from] psn\n|upkeep\n|turn|13\n|\n|t:|1698624578\n|move|p1a: Harlequin|Knock Off|p2a: Indubitably\n|-start|p1a: Harlequin|typechange|Dark|[from] ability: Protean\n|-resisted|p2a: Indubitably\n|-damage|p2a: Indubitably|38\/100\n|-enditem|p2a: Indubitably|Black Sludge|[from] move: Knock Off|[of] p1a: Harlequin\n|move|p2a: Indubitably|Defog|p1a: Harlequin\n|-unboost|p1a: Harlequin|evasion|1\n|-sideend|p1: TheRealDiabeto|Toxic Spikes|[from] move: Defog|[of] p2a: Indubitably\n|-sideend|p1: TheRealDiabeto|Stealth Rock|[from] move: Defog|[of] p2a: Indubitably\n|-sideend|p2: Pex hater|Stealth Rock|[from] move: Defog|[of] p2a: Indubitably\n|\n|-damage|p1a: Harlequin|27\/100 psn|[from] psn\n|upkeep\n|turn|14\n|\n|t:|1698624590\n|switch|p1a: Baneblade|Ursaluna, M, shiny|88\/100 brn\n|switch|p2a: the faithless|Toxapex, M|100\/100\n|\n|-damage|p1a: Baneblade|82\/100 brn|[from] brn\n|upkeep\n|turn|15\n|\n|t:|1698624608\n|switch|p2a: Indubitably|Weezing-Galar, M|38\/100\n|move|p1a: Baneblade|Facade|p2a: Indubitably\n|-damage|p2a: Indubitably|0 fnt\n|faint|p2a: Indubitably\n|\n|-damage|p1a: Baneblade|76\/100 brn|[from] brn\n|upkeep\n|\n|t:|1698624610\n|switch|p2a: Skinny Ricky|Sneasler, F|100\/100\n|turn|16\n|\n|t:|1698624628\n|switch|p1a: Hellhound|Skeledirge, M, shiny|32\/100 tox\n|move|p2a: Skinny Ricky|Close Combat|p1a: Hellhound\n|-immune|p1a: Hellhound\n|\n|-heal|p1a: Hellhound|38\/100 tox|[from] item: Leftovers\n|-damage|p1a: Hellhound|32\/100 tox|[from] psn\n|upkeep\n|turn|17\n|\n|t:|1698624645\n|switch|p2a: Muddy buddy|Clodsire, M|94\/100 brn\n|switch|p1a: Broadside|Rotom-Wash, shiny|99\/100\n|\n|-heal|p1a: Broadside|100\/100|[from] item: Leftovers\n|-heal|p2a: Muddy buddy|100\/100 brn|[from] item: Black Sludge\n|-damage|p2a: Muddy buddy|94\/100 brn|[from] brn\n|upkeep\n|turn|18\n|\n|t:|1698624664\n|switch|p1a: Baneblade|Ursaluna, M, shiny|76\/100 brn\n|move|p2a: Muddy buddy|Stealth Rock|p1a: Baneblade\n|-sidestart|p1: TheRealDiabeto|move: Stealth Rock\n|\n|-heal|p2a: Muddy buddy|100\/100 brn|[from] item: Black Sludge\n|-damage|p1a: Baneblade|70\/100 brn|[from] brn\n|-damage|p2a: Muddy buddy|94\/100 brn|[from] brn\n|upkeep\n|turn|19\n|\n|t:|1698624687\n|move|p1a: Baneblade|Facade|p2a: Muddy buddy\n|-damage|p2a: Muddy buddy|0 fnt\n|faint|p2a: Muddy buddy\n|\n|-damage|p1a: Baneblade|64\/100 brn|[from] brn\n|upkeep\n|\n|t:|1698624696\n|switch|p2a: Ronald the Don|Nidoking, M|100\/100\n|turn|20\n|\n|t:|1698624718\n|switch|p1a: Warhound|Scizor-Mega, M|76\/100\n|-damage|p1a: Warhound|64\/100|[from] Stealth Rock\n|move|p2a: Ronald the Don|Substitute|p2a: Ronald the Don\n|-start|p2a: Ronald the Don|Substitute\n|-damage|p2a: Ronald the Don|76\/100\n|\n|upkeep\n|turn|21\n|\n|t:|1698624729\n|move|p2a: Ronald the Don|Flamethrower|p1a: Warhound\n|-supereffective|p1a: Warhound\n|-damage|p1a: Warhound|0 fnt\n|faint|p1a: Warhound\n|\n|upkeep\n|\n|t:|1698624734\n|switch|p1a: Broadside|Rotom-Wash, shiny|100\/100\n|-damage|p1a: Broadside|88\/100|[from] Stealth Rock\n|turn|22\n|\n|t:|1698624761\n|move|p2a: Ronald the Don|Ice Beam|p1a: Broadside\n|-resisted|p1a: Broadside\n|-damage|p1a: Broadside|67\/100\n|move|p1a: Broadside|Defog|p2a: Ronald the Don\n|-sideend|p1: TheRealDiabeto|Stealth Rock|[from] move: Defog|[of] p1a: Broadside\n|\n|-heal|p1a: Broadside|73\/100|[from] item: Leftovers\n|upkeep\n|turn|23\n|\n|t:|1698624778\n|move|p2a: Ronald the Don|Ice Beam|p1a: Broadside\n|-resisted|p1a: Broadside\n|-crit|p1a: Broadside\n|-damage|p1a: Broadside|43\/100\n|move|p1a: Broadside|Hydro Pump|p2a: Ronald the Don|[miss]\n|-miss|p1a: Broadside|p2a: Ronald the Don\n|\n|-heal|p1a: Broadside|49\/100|[from] item: Leftovers\n|upkeep\n|turn|24\n|c|\u2606Pex hater|oh\n|\n|t:|1698624787\n|move|p2a: Ronald the Don|Ice Beam|p1a: Broadside\n|-resisted|p1a: Broadside\n|-crit|p1a: Broadside\n|-damage|p1a: Broadside|17\/100\n|move|p1a: Broadside|Volt Switch|p2a: Ronald the Don\n|-immune|p2a: Ronald the Don\n|\n|-heal|p1a: Broadside|23\/100|[from] item: Leftovers\n|upkeep\n|turn|25\n|c|\u2606Pex hater|that was a bad turn\n|\n|t:|1698624804\n|move|p2a: Ronald the Don|Ice Beam|p1a: Broadside\n|-resisted|p1a: Broadside\n|-damage|p1a: Broadside|0 fnt\n|faint|p1a: Broadside\n|\n|upkeep\n|c|\u2606Pex hater|as in very unlucky for you\n|\n|t:|1698624810\n|switch|p1a: Baneblade|Ursaluna, M, shiny|64\/100 brn\n|turn|26\n|\n|t:|1698624814\n|move|p2a: Ronald the Don|Ice Beam|p1a: Baneblade\n|-supereffective|p1a: Baneblade\n|-crit|p1a: Baneblade\n|-damage|p1a: Baneblade|0 fnt\n|faint|p1a: Baneblade\n|\n|upkeep\n|\n|t:|1698624820\n|switch|p1a: Chimera|Glimmora, F, shiny|79\/100\n|turn|27\n|\n|t:|1698624863\n|move|p1a: Chimera|Power Gem|p2a: Ronald the Don\n|-resisted|p2a: Ronald the Don\n|-end|p2a: Ronald the Don|Substitute\n|move|p2a: Ronald the Don|Earth Power|p1a: Chimera\n|-supereffective|p1a: Chimera\n|-damage|p1a: Chimera|0 fnt\n|faint|p1a: Chimera\n|\n|upkeep\n|\n|t:|1698624871\n|switch|p1a: Harlequin|Meowscarada, M, shiny|27\/100 psn\n|turn|28\n|\n|t:|1698624884\n|switch|p2a: the faithless|Toxapex, M|100\/100\n|move|p1a: Harlequin|Flower Trick|p2a: the faithless\n|-start|p1a: Harlequin|typechange|Grass|[from] ability: Protean\n|-crit|p2a: the faithless\n|-damage|p2a: the faithless|66\/100\n|\n|-damage|p1a: Harlequin|15\/100 psn|[from] psn\n|upkeep\n|turn|29\n|\n|t:|1698624895\n|move|p1a: Harlequin|Flower Trick|p2a: the faithless\n|-crit|p2a: the faithless\n|-damage|p2a: the faithless|29\/100\n|move|p2a: the faithless|Scald|p1a: Harlequin\n|-resisted|p1a: Harlequin\n|-damage|p1a: Harlequin|2\/100 psn\n|\n|-damage|p1a: Harlequin|0 fnt|[from] psn\n|faint|p1a: Harlequin\n|upkeep\n|\n|t:|1698624904\n|switch|p1a: Hellhound|Skeledirge, M, shiny|32\/100 tox\n|turn|30\n|\n|t:|1698624909\n|move|p1a: Hellhound|Hex|p2a: the faithless\n|-damage|p2a: the faithless|12\/100\n|-zpower|p2a: the faithless\n|move|p2a: the faithless|Z-Haze|p2a: the faithless|[anim]Haze\n|-heal|p2a: the faithless|100\/100|[zeffect]\n|-clearallboost\n|\n|-heal|p1a: Hellhound|38\/100 tox|[from] item: Leftovers\n|-damage|p1a: Hellhound|32\/100 tox|[from] psn\n|upkeep\n|turn|31\n|\n|t:|1698624921\n|move|p1a: Hellhound|Slack Off|p1a: Hellhound\n|-heal|p1a: Hellhound|82\/100 tox\n|move|p2a: the faithless|Scald|p1a: Hellhound\n|-supereffective|p1a: Hellhound\n|-damage|p1a: Hellhound|47\/100 tox\n|\n|-heal|p1a: Hellhound|53\/100 tox|[from] item: Leftovers\n|-damage|p1a: Hellhound|41\/100 tox|[from] psn\n|upkeep\n|turn|32\n|\n|t:|1698624931\n|move|p1a: Hellhound|Will-O-Wisp|p2a: the faithless\n|-status|p2a: the faithless|brn\n|move|p2a: the faithless|Scald|p1a: Hellhound\n|-supereffective|p1a: Hellhound\n|-damage|p1a: Hellhound|4\/100 tox\n|\n|-heal|p1a: Hellhound|10\/100 tox|[from] item: Leftovers\n|-damage|p1a: Hellhound|0 fnt|[from] psn\n|faint|p1a: Hellhound\n|\n|win|Pex hater\n|upkeep\n|c|\u2606Pex hater|gg\n","uploadtime":1698624937,"views":20,"p1id":"therealdiabeto","p2id":"pexhater","formatid":"gen9nationaldexubers","rating":0,"private":0,"password":""}