{"id":"gen9nationaldexubers-1979511230","p1":"Nickalip","p2":"Tomaspuelles","format":"[Gen 9] National Dex Ubers","log":"|j|\u2606Nickalip\n|j|\u2606Tomaspuelles\n|t:|1698688442\n|gametype|singles\n|player|p1|Nickalip|steven|\n|player|p2|Tomaspuelles|hiker-gen4|\n|teamsize|p1|6\n|teamsize|p2|6\n|gen|9\n|tier|[Gen 9] National Dex Ubers\n|rule|HP Percentage Mod: HP is shown in percentages\n|rule|Endless Battle Clause: Forcing endless battles is banned\n|rule|OHKO Clause: OHKO moves are banned\n|rule|Evasion Moves Clause: Evasion moves are banned\n|rule|Evasion Items Clause: Evasion items are banned\n|rule|Species Clause: Limit one of each Pok\u00e9mon\n|rule|Sleep Clause Mod: Limit one foe put to sleep\n|rule|Mega Rayquaza Clause: You cannot mega evolve Rayquaza\n|clearpoke\n|poke|p1|Gallade, M|\n|poke|p1|Scizor, M|\n|poke|p1|Ceruledge, M|\n|poke|p1|Serperior, F|\n|poke|p1|Gardevoir, F|\n|poke|p1|Swampert, F|\n|poke|p2|Charizard, M|\n|poke|p2|Heracross, F|\n|poke|p2|Lucario, F|\n|poke|p2|Lycanroc, F|\n|poke|p2|Sceptile, M|\n|poke|p2|Boltund, F|\n|teampreview\n|inactive|Battle timer is ON: inactive players will automatically lose when time's up. (requested by Tomaspuelles)\n|\n|t:|1698688448\n|start\n|switch|p1a: K\u0101v|Ceruledge, M|100\/100\n|switch|p2a: Lycanroc|Lycanroc, F|100\/100\n|turn|1\n|\n|t:|1698688459\n|move|p1a: K\u0101v|Reflect|p1a: K\u0101v\n|-sidestart|p1: Nickalip|Reflect\n|move|p2a: Lycanroc|Crunch|p1a: K\u0101v\n|-supereffective|p1a: K\u0101v\n|-damage|p1a: K\u0101v|68\/100\n|-ability|p1a: K\u0101v|Weak Armor|boost\n|-unboost|p1a: K\u0101v|def|1\n|-boost|p1a: K\u0101v|spe|2\n|\n|upkeep\n|turn|2\n|\n|t:|1698688469\n|move|p1a: K\u0101v|Shadow Claw|p2a: Lycanroc\n|-damage|p2a: Lycanroc|55\/100\n|move|p2a: Lycanroc|Crunch|p1a: K\u0101v\n|-supereffective|p1a: K\u0101v\n|-damage|p1a: K\u0101v|14\/100\n|-ability|p1a: K\u0101v|Weak Armor|boost\n|-unboost|p1a: K\u0101v|def|1\n|-boost|p1a: K\u0101v|spe|2\n|\n|upkeep\n|turn|3\n|\n|t:|1698688482\n|move|p2a: Lycanroc|Accelerock|p1a: K\u0101v\n|-supereffective|p1a: K\u0101v\n|-crit|p1a: K\u0101v\n|-damage|p1a: K\u0101v|0 fnt\n|faint|p1a: K\u0101v\n|\n|upkeep\n|\n|t:|1698688489\n|switch|p1a: El rocin|Swampert, F, shiny|100\/100\n|turn|4\n|\n|t:|1698688501\n|move|p2a: Lycanroc|Sucker Punch|p1a: El rocin\n|-damage|p1a: El rocin|88\/100\n|move|p1a: El rocin|Ancient Power|p2a: Lycanroc\n|-damage|p2a: Lycanroc|33\/100\n|\n|upkeep\n|turn|5\n|\n|t:|1698688522\n|move|p2a: Lycanroc|Crunch|p1a: El rocin\n|-damage|p1a: El rocin|74\/100\n|move|p1a: El rocin|Ancient Power|p2a: Lycanroc\n|-damage|p2a: Lycanroc|13\/100\n|\n|-sideend|p1: Nickalip|Reflect\n|upkeep\n|turn|6\n|inactive|Tomaspuelles has 270 seconds left.\n|\n|t:|1698688548\n|switch|p2a: Sceptile|Sceptile, M|100\/100\n|move|p1a: El rocin|Ancient Power|p2a: Sceptile\n|-damage|p2a: Sceptile|83\/100\n|\n|upkeep\n|turn|7\n|inactive|Tomaspuelles has 270 seconds left.\n|\n|t:|1698688556\n|move|p2a: Sceptile|Frustration|p1a: El rocin\n|-enditem|p2a: Sceptile|Normal Gem|[from] gem\n|-damage|p1a: El rocin|40\/100\n|move|p1a: El rocin|Avalanche|p2a: Sceptile\n|-supereffective|p2a: Sceptile\n|-damage|p2a: Sceptile|0 fnt\n|faint|p2a: Sceptile\n|\n|upkeep\n|inactive|Tomaspuelles has 270 seconds left.\n|\n|t:|1698688566\n|switch|p2a: Lycanroc|Lycanroc, F|13\/100\n|turn|8\n|\n|t:|1698688569\n|move|p2a: Lycanroc|Crunch|p1a: El rocin\n|-damage|p1a: El rocin|12\/100\n|move|p1a: El rocin|Ancient Power|p2a: Lycanroc\n|-damage|p2a: Lycanroc|0 fnt\n|faint|p2a: Lycanroc\n|\n|upkeep\n|\n|t:|1698688575\n|switch|p2a: Heracross|Heracross, F|100\/100\n|turn|9\n|\n|t:|1698688580\n|move|p2a: Heracross|Lunge|p1a: El rocin\n|-damage|p1a: El rocin|0 fnt\n|faint|p1a: El rocin\n|\n|upkeep\n|\n|t:|1698688594\n|switch|p1a: Himiko|Gardevoir, F, shiny|100\/100\n|-ability|p1a: Himiko|Swarm|[from] ability: Trace|[of] p2a: Heracross\n|turn|10\n|\n|t:|1698688608\n|move|p2a: Heracross|Lunge|p1a: Himiko\n|-damage|p1a: Himiko|30\/100\n|-unboost|p1a: Himiko|atk|1\n|-zpower|p1a: Himiko\n|move|p1a: Himiko|Inferno Overdrive|p2a: Heracross|[zeffect]\n|-supereffective|p2a: Heracross\n|-damage|p2a: Heracross|0 fnt\n|faint|p2a: Heracross\n|\n|upkeep\n|\n|t:|1698688613\n|switch|p2a: Lucario|Lucario, F|100\/100\n|turn|11\n|\n|t:|1698688622\n|move|p1a: Himiko|Mystical Fire|p2a: Lucario\n|-supereffective|p2a: Lucario\n|-damage|p2a: Lucario|49\/100\n|-unboost|p2a: Lucario|spa|1\n|move|p2a: Lucario|Flash Cannon|p1a: Himiko\n|-supereffective|p1a: Himiko\n|-damage|p1a: Himiko|0 fnt\n|faint|p1a: Himiko\n|\n|upkeep\n|\n|t:|1698688633\n|switch|p1a: Nick|Gallade, M|100\/100\n|turn|12\n|\n|t:|1698688641\n|detailschange|p1a: Nick|Gallade-Mega, M\n|-mega|p1a: Nick|Gallade|Galladite\n|move|p1a: Nick|Aqua Cutter|p2a: Lucario\n|-damage|p2a: Lucario|11\/100\n|move|p2a: Lucario|Aura Sphere|p1a: Nick\n|-resisted|p1a: Nick\n|-damage|p1a: Nick|85\/100\n|\n|upkeep\n|turn|13\n|\n|t:|1698688652\n|move|p1a: Nick|Stone Edge|p2a: Lucario|[miss]\n|-miss|p1a: Nick|p2a: Lucario\n|move|p2a: Lucario|Dark Pulse|p1a: Nick\n|-damage|p1a: Nick|63\/100\n|\n|upkeep\n|turn|14\n|\n|t:|1698688662\n|move|p1a: Nick|Shadow Sneak|p2a: Lucario\n|-damage|p2a: Lucario|0 fnt\n|faint|p2a: Lucario\n|\n|upkeep\n|\n|t:|1698688665\n|switch|p2a: Charizard|Charizard, M|100\/100\n|turn|15\n|\n|t:|1698688670\n|detailschange|p2a: Charizard|Charizard-Mega-Y, M\n|-mega|p2a: Charizard|Charizard|Charizardite Y\n|-weather|SunnyDay|[from] ability: Drought|[of] p2a: Charizard\n|move|p1a: Nick|Stone Edge|p2a: Charizard|[miss]\n|-miss|p1a: Nick|p2a: Charizard\n|move|p2a: Charizard|Air Slash|p1a: Nick\n|-supereffective|p1a: Nick\n|-damage|p1a: Nick|0 fnt\n|faint|p1a: Nick\n|\n|-weather|SunnyDay|[upkeep]\n|upkeep\n|\n|t:|1698688682\n|switch|p1a: Snake|Serperior, F, shiny|100\/100\n|turn|16\n|\n|t:|1698688691\n|-terastallize|p1a: Snake|Dragon\n|move|p1a: Snake|Glare|p2a: Charizard\n|-status|p2a: Charizard|par\n|move|p2a: Charizard|Weather Ball|p1a: Snake\n|-resisted|p1a: Snake\n|-damage|p1a: Snake|39\/100\n|\n|-weather|SunnyDay|[upkeep]\n|upkeep\n|turn|17\n|\n|t:|1698688704\n|move|p1a: Snake|Dragon Pulse|p2a: Charizard\n|-damage|p2a: Charizard|66\/100 par\n|move|p2a: Charizard|Weather Ball|p1a: Snake\n|-resisted|p1a: Snake\n|-crit|p1a: Snake\n|-damage|p1a: Snake|0 fnt\n|faint|p1a: Snake\n|\n|-weather|SunnyDay|[upkeep]\n|upkeep\n|\n|t:|1698688714\n|switch|p1a: Choro-Y|Scizor, M, shiny|100\/100\n|turn|18\n|\n|t:|1698688719\n|move|p1a: Choro-Y|Swords Dance|p1a: Choro-Y\n|-boost|p1a: Choro-Y|atk|2\n|cant|p2a: Charizard|par\n|\n|-weather|SunnyDay|[upkeep]\n|upkeep\n|turn|19\n|\n|t:|1698688726\n|move|p1a: Choro-Y|Swords Dance|p1a: Choro-Y\n|-boost|p1a: Choro-Y|atk|2\n|move|p2a: Charizard|Weather Ball|p1a: Choro-Y\n|-supereffective|p1a: Choro-Y\n|-enditem|p1a: Choro-Y|Occa Berry|[eat]\n|-enditem|p1a: Choro-Y|Occa Berry|[weaken]\n|-damage|p1a: Choro-Y|0 fnt\n|faint|p1a: Choro-Y\n|\n|win|Tomaspuelles\n|l|\u2606Nickalip\n","uploadtime":1698688745,"views":8,"p1id":"nickalip","p2id":"tomaspuelles","formatid":"gen9nationaldexubers","rating":0,"private":0,"password":""}