{"id":"gen9nationaldexubers-1987402670","p1":"ndgjl","p2":"GarvantularBicep","format":"[Gen 9] National Dex Ubers","log":"|j|\u2606ndgjl\n|j|\u2606GarvantularBicep\n|t:|1699586751\n|gametype|singles\n|player|p1|ndgjl|266|\n|player|p2|GarvantularBicep|265|\n|teamsize|p1|6\n|teamsize|p2|6\n|gen|9\n|tier|[Gen 9] National Dex Ubers\n|rule|HP Percentage Mod: HP is shown in percentages\n|rule|Endless Battle Clause: Forcing endless battles is banned\n|rule|OHKO Clause: OHKO moves are banned\n|rule|Evasion Moves Clause: Evasion moves are banned\n|rule|Evasion Items Clause: Evasion items are banned\n|rule|Species Clause: Limit one of each Pok\u00e9mon\n|rule|Sleep Clause Mod: Limit one foe put to sleep\n|rule|Mega Rayquaza Clause: You cannot mega evolve Rayquaza\n|clearpoke\n|poke|p1|Garchomp, F|\n|poke|p1|Chi-Yu|\n|poke|p1|Hawlucha, M|\n|poke|p1|Maushold-Four|\n|poke|p1|Ditto|\n|poke|p1|Thundurus-Therian, M|\n|poke|p2|Greninja-*, M|\n|poke|p2|Hydreigon, M|\n|poke|p2|Iron Hands|\n|poke|p2|Dondozo, M|\n|poke|p2|Drednaw, F|\n|poke|p2|Jirachi|\n|teampreview\n|inactive|Battle timer is ON: inactive players will automatically lose when time's up. (requested by ndgjl)\n|\n|t:|1699586782\n|start\n|switch|p1a: Thundurus|Thundurus-Therian, M|100\/100\n|switch|p2a: Jirachi|Jirachi|100\/100\n|turn|1\n|\n|t:|1699586796\n|move|p1a: Thundurus|Dark Pulse|p2a: Jirachi\n|-supereffective|p2a: Jirachi\n|-damage|p2a: Jirachi|60\/100\n|cant|p2a: Jirachi|flinch\n|\n|-heal|p2a: Jirachi|67\/100|[from] item: Leftovers\n|upkeep\n|turn|2\n|\n|t:|1699586817\n|switch|p1a: Garchomp|Garchomp, F|100\/100\n|move|p2a: Jirachi|Wish|p2a: Jirachi\n|\n|-heal|p2a: Jirachi|73\/100|[from] item: Leftovers\n|upkeep\n|turn|3\n|inactive|GarvantularBicep has 270 seconds left.\n|\n|t:|1699586839\n|switch|p2a: Greninja|Greninja, M|100\/100\n|move|p1a: Garchomp|Dragon Claw|p2a: Greninja\n|-damage|p2a: Greninja|36\/100\n|\n|-heal|p2a: Greninja|100\/100|[from] move: Wish|[wisher] Jirachi\n|upkeep\n|turn|4\n|inactive|GarvantularBicep has 270 seconds left.\n|\n|t:|1699586854\n|switch|p1a: Ditto|Ditto|100\/100\n|-transform|p1a: Ditto|p2a: Greninja|[from] ability: Imposter\n|move|p2a: Greninja|Hydro Pump|p1a: Ditto\n|-resisted|p1a: Ditto\n|-damage|p1a: Ditto|56\/100\n|-damage|p2a: Greninja|91\/100|[from] item: Life Orb\n|\n|upkeep\n|turn|5\n|inactive|GarvantularBicep has 270 seconds left.\n|\n|t:|1699586872\n|move|p1a: Ditto|Grass Knot|p2a: Greninja\n|-supereffective|p2a: Greninja\n|-damage|p2a: Greninja|32\/100\n|move|p2a: Greninja|Dark Pulse|p1a: Ditto\n|-resisted|p1a: Ditto\n|-crit|p1a: Ditto\n|-damage|p1a: Ditto|8\/100\n|-damage|p2a: Greninja|23\/100|[from] item: Life Orb\n|\n|upkeep\n|turn|6\n|inactive|GarvantularBicep has 270 seconds left.\n|\n|t:|1699586886\n|move|p1a: Ditto|Grass Knot|p2a: Greninja\n|-supereffective|p2a: Greninja\n|-damage|p2a: Greninja|0 fnt\n|faint|p2a: Greninja\n|\n|upkeep\n|\n|t:|1699586899\n|switch|p2a: Iron Hands|Iron Hands|100\/100\n|turn|7\n|\n|t:|1699586906\n|switch|p1a: Thundurus|Thundurus-Therian, M|100\/100\n|move|p2a: Iron Hands|Drain Punch|p1a: Thundurus\n|-resisted|p1a: Thundurus\n|-damage|p1a: Thundurus|63\/100\n|\n|upkeep\n|turn|8\n|inactive|GarvantularBicep has 270 seconds left.\n|\n|t:|1699586932\n|-end|p2a: Iron Hands|Quark Drive|[silent]\n|switch|p2a: Jirachi|Jirachi|73\/100\n|move|p1a: Thundurus|Dark Pulse|p2a: Jirachi\n|-supereffective|p2a: Jirachi\n|-damage|p2a: Jirachi|33\/100\n|\n|-heal|p2a: Jirachi|39\/100|[from] item: Leftovers\n|upkeep\n|turn|9\n|\n|t:|1699586941\n|move|p1a: Thundurus|Dark Pulse|p2a: Jirachi\n|-supereffective|p2a: Jirachi\n|-damage|p2a: Jirachi|0 fnt\n|faint|p2a: Jirachi\n|\n|upkeep\n|\n|t:|1699586955\n|switch|p2a: Drednaw|Drednaw, F|100\/100\n|turn|10\n|\n|t:|1699586964\n|-terastallize|p2a: Drednaw|Bug\n|move|p1a: Thundurus|Thunderbolt|p2a: Drednaw\n|-damage|p2a: Drednaw|23\/100\n|move|p2a: Drednaw|Stone Edge|p1a: Thundurus\n|-supereffective|p1a: Thundurus\n|-damage|p1a: Thundurus|0 fnt\n|faint|p1a: Thundurus\n|\n|upkeep\n|\n|t:|1699586975\n|switch|p1a: Hawlucha|Hawlucha, M|100\/100\n|turn|11\n|\n|t:|1699586993\n|move|p1a: Hawlucha|Close Combat|p2a: Drednaw\n|-resisted|p2a: Drednaw\n|-damage|p2a: Drednaw|0 fnt\n|-unboost|p1a: Hawlucha|def|1\n|-unboost|p1a: Hawlucha|spd|1\n|-enditem|p1a: Hawlucha|White Herb\n|-clearnegativeboost|p1a: Hawlucha|[silent]\n|faint|p2a: Drednaw\n|\n|upkeep\n|\n|t:|1699587006\n|switch|p2a: Iron Hands|Iron Hands|100\/100\n|turn|12\n|\n|t:|1699587013\n|move|p1a: Hawlucha|High Jump Kick|p2a: Iron Hands\n|-damage|p2a: Iron Hands|60\/100\n|move|p2a: Iron Hands|Wild Charge|p1a: Hawlucha\n|-supereffective|p1a: Hawlucha\n|-crit|p1a: Hawlucha\n|-damage|p1a: Hawlucha|0 fnt\n|faint|p1a: Hawlucha\n|-damage|p2a: Iron Hands|45\/100|[from] Recoil\n|\n|upkeep\n|\n|t:|1699587025\n|switch|p1a: Garchomp|Garchomp, F|100\/100\n|turn|13\n|\n|t:|1699587030\n|move|p1a: Garchomp|Earthquake|p2a: Iron Hands\n|-supereffective|p2a: Iron Hands\n|-damage|p2a: Iron Hands|0 fnt\n|faint|p2a: Iron Hands\n|-end|p2a: Iron Hands|Quark Drive|[silent]\n|\n|upkeep\n|inactive|GarvantularBicep has 270 seconds left.\n|\n|t:|1699587037\n|switch|p2a: Hydreigon|Hydreigon, M|100\/100\n|turn|14\n|inactive|GarvantularBicep has 270 seconds left.\n|\n|t:|1699587048\n|move|p2a: Hydreigon|Draco Meteor|p1a: Garchomp\n|-supereffective|p1a: Garchomp\n|-damage|p1a: Garchomp|0 fnt\n|-unboost|p2a: Hydreigon|spa|2\n|faint|p1a: Garchomp\n|\n|upkeep\n|\n|t:|1699587061\n|switch|p1a: Chi-Yu|Chi-Yu|100\/100\n|-ability|p1a: Chi-Yu|Beads of Ruin\n|turn|15\n|\n|t:|1699587074\n|switch|p2a: Dondozo|Dondozo, M|100\/100\n|move|p1a: Chi-Yu|Psychic|p2a: Dondozo\n|-damage|p2a: Dondozo|41\/100\n|\n|upkeep\n|turn|16\n|\n|t:|1699587083\n|move|p1a: Chi-Yu|Psychic|p2a: Dondozo\n|-damage|p2a: Dondozo|0 fnt\n|faint|p2a: Dondozo\n|\n|upkeep\n|\n|t:|1699587088\n|switch|p2a: Hydreigon|Hydreigon, M|100\/100\n|turn|17\n|\n|t:|1699587102\n|switch|p1a: Ditto|Ditto|8\/100\n|-transform|p1a: Ditto|p2a: Hydreigon|[from] ability: Imposter\n|move|p2a: Hydreigon|Dark Pulse|p1a: Ditto\n|-resisted|p1a: Ditto\n|-damage|p1a: Ditto|0 fnt\n|faint|p1a: Ditto\n|\n|upkeep\n|\n|t:|1699587116\n|switch|p1a: Chi-Yu|Chi-Yu|100\/100\n|-ability|p1a: Chi-Yu|Beads of Ruin\n|turn|18\n|\n|t:|1699587124\n|move|p2a: Hydreigon|Dark Pulse|p1a: Chi-Yu\n|-resisted|p1a: Chi-Yu\n|-damage|p1a: Chi-Yu|79\/100\n|move|p1a: Chi-Yu|Fire Blast|p2a: Hydreigon|[miss]\n|-miss|p1a: Chi-Yu|p2a: Hydreigon\n|\n|upkeep\n|turn|19\n|\n|t:|1699587132\n|move|p2a: Hydreigon|Dark Pulse|p1a: Chi-Yu\n|-resisted|p1a: Chi-Yu\n|-damage|p1a: Chi-Yu|55\/100\n|move|p1a: Chi-Yu|Fire Blast|p2a: Hydreigon\n|-resisted|p2a: Hydreigon\n|-damage|p2a: Hydreigon|28\/100\n|-status|p2a: Hydreigon|brn\n|\n|-damage|p2a: Hydreigon|22\/100 brn|[from] brn\n|upkeep\n|turn|20\n|\n|t:|1699587144\n|move|p2a: Hydreigon|Dark Pulse|p1a: Chi-Yu\n|-resisted|p1a: Chi-Yu\n|-damage|p1a: Chi-Yu|32\/100\n|move|p1a: Chi-Yu|Fire Blast|p2a: Hydreigon\n|-resisted|p2a: Hydreigon\n|-damage|p2a: Hydreigon|0 fnt\n|faint|p2a: Hydreigon\n|\n|win|ndgjl\n","uploadtime":1699587157,"views":26,"p1id":"ndgjl","p2id":"garvantularbicep","formatid":"gen9nationaldexubers","rating":0,"private":0,"password":""}