{"id":"gen9nationaldexubers-1985038294","p1":"onaerybluer","p2":"sauron379","format":"[Gen 9] National Dex Ubers","log":"|j|\u2606onaerybluer\n|j|\u2606sauron379\n|t:|1699323423\n|gametype|singles\n|player|p1|onaerybluer|bellelba|1513\n|player|p2|sauron379|hilbert|1410\n|teamsize|p1|6\n|teamsize|p2|6\n|gen|9\n|tier|[Gen 9] National Dex Ubers\n|rated|\n|rule|HP Percentage Mod: HP is shown in percentages\n|rule|Endless Battle Clause: Forcing endless battles is banned\n|rule|OHKO Clause: OHKO moves are banned\n|rule|Evasion Moves Clause: Evasion moves are banned\n|rule|Evasion Items Clause: Evasion items are banned\n|rule|Species Clause: Limit one of each Pok\u00e9mon\n|rule|Sleep Clause Mod: Limit one foe put to sleep\n|rule|Mega Rayquaza Clause: You cannot mega evolve Rayquaza\n|clearpoke\n|poke|p1|Kangaskhan, F|\n|poke|p1|Kingambit, M|\n|poke|p1|Groudon|\n|poke|p1|Kyogre|\n|poke|p1|Marshadow|\n|poke|p1|Darmanitan-Galar, M|\n|poke|p2|Zygarde|\n|poke|p2|Ho-Oh|\n|poke|p2|Groudon|\n|poke|p2|Eternatus|\n|poke|p2|Calyrex-Ice|\n|poke|p2|Yveltal|\n|teampreview\n|inactive|Battle timer is ON: inactive players will automatically lose when time's up. (requested by onaerybluer)\n|\n|t:|1699323447\n|start\n|switch|p1a: Darmanitan|Darmanitan-Galar, M|100\/100\n|switch|p2a: Zygarde|Zygarde|100\/100\n|turn|1\n|\n|t:|1699323458\n|switch|p2a: Groudon|Groudon|100\/100\n|detailschange|p2a: Groudon|Groudon-Primal\n|-primal|p2a: Groudon|Red Orb\n|-weather|DesolateLand|[from] ability: Desolate Land|[of] p2a: Groudon\n|move|p1a: Darmanitan|Icicle Crash|p2a: Groudon\n|-damage|p2a: Groudon|64\/100\n|\n|-weather|DesolateLand|[upkeep]\n|upkeep\n|turn|2\n|\n|t:|1699323467\n|switch|p1a: Kyogre|Kyogre|100\/100\n|detailschange|p1a: Kyogre|Kyogre-Primal\n|-primal|p1a: Kyogre|Blue Orb\n|-weather|PrimordialSea|[from] ability: Primordial Sea|[of] p1a: Kyogre\n|move|p2a: Groudon|Stone Edge|p1a: Kyogre\n|-damage|p1a: Kyogre|55\/100\n|\n|-weather|PrimordialSea|[upkeep]\n|upkeep\n|turn|3\n|\n|t:|1699323481\n|switch|p2a: Eternatus|Eternatus|100\/100\n|-ability|p2a: Eternatus|Pressure\n|move|p1a: Kyogre|Origin Pulse|p2a: Eternatus\n|-resisted|p2a: Eternatus\n|-damage|p2a: Eternatus|53\/100\n|\n|-weather|PrimordialSea|[upkeep]\n|upkeep\n|turn|4\n|\n|t:|1699323491\n|-weather|none\n|switch|p1a: Kingambit|Kingambit, M|100\/100\n|move|p2a: Eternatus|Dynamax Cannon|p1a: Kingambit\n|-resisted|p1a: Kingambit\n|-damage|p1a: Kingambit|72\/100\n|\n|-heal|p1a: Kingambit|78\/100|[from] item: Leftovers\n|upkeep\n|turn|5\n|\n|t:|1699323502\n|move|p1a: Kingambit|Protect|p1a: Kingambit\n|-singleturn|p1a: Kingambit|Protect\n|move|p2a: Eternatus|Fire Blast|p1a: Kingambit\n|-activate|p1a: Kingambit|move: Protect\n|\n|-heal|p1a: Kingambit|84\/100|[from] item: Leftovers\n|upkeep\n|turn|6\n|\n|t:|1699323514\n|switch|p2a: Zygarde|Zygarde|100\/100\n|-end|p1a: Kingambit|fallenundefined|[silent]\n|switch|p1a: Groudon|Groudon|100\/100\n|detailschange|p1a: Groudon|Groudon-Primal\n|-primal|p1a: Groudon|Red Orb\n|-weather|DesolateLand|[from] ability: Desolate Land|[of] p1a: Groudon\n|\n|-weather|DesolateLand|[upkeep]\n|upkeep\n|turn|7\n|\n|t:|1699323523\n|move|p1a: Groudon|Precipice Blades|p2a: Zygarde\n|-damage|p2a: Zygarde|62\/100\n|move|p2a: Zygarde|Thousand Waves|p1a: Groudon\n|-supereffective|p1a: Groudon\n|-damage|p1a: Groudon|61\/100\n|-activate|p1a: Groudon|trapped\n|\n|-weather|DesolateLand|[upkeep]\n|-heal|p2a: Zygarde|69\/100|[from] item: Leftovers\n|upkeep\n|turn|8\n|\n|t:|1699323531\n|move|p1a: Groudon|Precipice Blades|p2a: Zygarde|[miss]\n|-miss|p1a: Groudon|p2a: Zygarde\n|move|p2a: Zygarde|Dragon Dance|p2a: Zygarde\n|-boost|p2a: Zygarde|atk|1\n|-boost|p2a: Zygarde|spe|1\n|\n|-weather|DesolateLand|[upkeep]\n|-heal|p2a: Zygarde|75\/100|[from] item: Leftovers\n|upkeep\n|turn|9\n|c|\u2606sauron379|gg\n|\n|t:|1699323541\n|move|p2a: Zygarde|Dragon Dance|p2a: Zygarde\n|-boost|p2a: Zygarde|atk|1\n|-boost|p2a: Zygarde|spe|1\n|move|p1a: Groudon|Precipice Blades|p2a: Zygarde\n|-damage|p2a: Zygarde|35\/100\n|\n|-weather|DesolateLand|[upkeep]\n|-heal|p2a: Zygarde|41\/100|[from] item: Leftovers\n|-activate|p2a: Zygarde|ability: Power Construct\n|detailschange|p2a: Zygarde|Zygarde-Complete\n|-heal|p2a: Zygarde|61\/100|[silent]\n|upkeep\n|turn|10\n|inactive|sauron379 has 120 seconds left.\n|\n|t:|1699323590\n|move|p2a: Zygarde|Dragon Dance|p2a: Zygarde\n|-boost|p2a: Zygarde|atk|1\n|-boost|p2a: Zygarde|spe|1\n|move|p1a: Groudon|Precipice Blades|p2a: Zygarde|[miss]\n|-miss|p1a: Groudon|p2a: Zygarde\n|\n|-weather|DesolateLand|[upkeep]\n|-heal|p2a: Zygarde|67\/100|[from] item: Leftovers\n|upkeep\n|turn|11\n|\n|t:|1699323606\n|move|p2a: Zygarde|Dragon Dance|p2a: Zygarde\n|-boost|p2a: Zygarde|atk|1\n|-boost|p2a: Zygarde|spe|1\n|move|p1a: Groudon|Precipice Blades|p2a: Zygarde\n|-damage|p2a: Zygarde|42\/100\n|\n|-weather|DesolateLand|[upkeep]\n|-heal|p2a: Zygarde|48\/100|[from] item: Leftovers\n|upkeep\n|turn|12\n|inactive|sauron379 has 90 seconds left.\n|\n|t:|1699323634\n|move|p2a: Zygarde|Dragon Dance|p2a: Zygarde\n|-boost|p2a: Zygarde|atk|1\n|-boost|p2a: Zygarde|spe|1\n|move|p1a: Groudon|Precipice Blades|p2a: Zygarde\n|-damage|p2a: Zygarde|20\/100\n|\n|-weather|DesolateLand|[upkeep]\n|-heal|p2a: Zygarde|26\/100|[from] item: Leftovers\n|upkeep\n|turn|13\n|\n|t:|1699323642\n|move|p2a: Zygarde|Rest|p2a: Zygarde\n|-status|p2a: Zygarde|slp|[from] move: Rest\n|-heal|p2a: Zygarde|100\/100 slp|[silent]\n|move|p1a: Groudon|Precipice Blades|p2a: Zygarde\n|-damage|p2a: Zygarde|74\/100 slp\n|\n|-weather|DesolateLand|[upkeep]\n|-heal|p2a: Zygarde|80\/100 slp|[from] item: Leftovers\n|upkeep\n|turn|14\n|\n|t:|1699323650\n|cant|p2a: Zygarde|slp\n|move|p1a: Groudon|Rock Polish|p1a: Groudon\n|-boost|p1a: Groudon|spe|2\n|\n|-weather|DesolateLand|[upkeep]\n|-heal|p2a: Zygarde|86\/100 slp|[from] item: Leftovers\n|upkeep\n|turn|15\n|\n|t:|1699323656\n|cant|p2a: Zygarde|slp\n|move|p1a: Groudon|Rock Polish|p1a: Groudon\n|-boost|p1a: Groudon|spe|2\n|\n|-weather|DesolateLand|[upkeep]\n|-heal|p2a: Zygarde|92\/100 slp|[from] item: Leftovers\n|upkeep\n|turn|16\n|\n|t:|1699323662\n|move|p1a: Groudon|Precipice Blades|p2a: Zygarde\n|-damage|p2a: Zygarde|67\/100 slp\n|-curestatus|p2a: Zygarde|slp|[msg]\n|move|p2a: Zygarde|Dragon Dance|p2a: Zygarde\n|-boost|p2a: Zygarde|atk|1\n|-boost|p2a: Zygarde|spe|1\n|\n|-weather|DesolateLand|[upkeep]\n|-heal|p2a: Zygarde|73\/100|[from] item: Leftovers\n|upkeep\n|turn|17\n|\n|t:|1699323676\n|move|p1a: Groudon|Precipice Blades|p2a: Zygarde\n|-damage|p2a: Zygarde|45\/100\n|move|p2a: Zygarde|Thousand Arrows|p1a: Groudon\n|-supereffective|p1a: Groudon\n|-damage|p1a: Groudon|0 fnt\n|faint|p1a: Groudon\n|-weather|none\n|\n|-heal|p2a: Zygarde|51\/100|[from] item: Leftovers\n|upkeep\n|\n|t:|1699323678\n|switch|p1a: Marshadow|Marshadow|100\/100\n|turn|18\n|inactive|sauron379 has 120 seconds left.\n|\n|t:|1699323687\n|move|p2a: Zygarde|Thousand Arrows|p1a: Marshadow\n|-crit|p1a: Marshadow\n|-enditem|p1a: Marshadow|Focus Sash\n|-damage|p1a: Marshadow|1\/100\n|move|p1a: Marshadow|Spectral Thief||[still]\n|-clearpositiveboost|p2a: Zygarde|p1a: Marshadow|move: Spectral Thief\n|-boost|p1a: Marshadow|atk|6\n|-boost|p1a: Marshadow|spe|6\n|-anim|p1a: Marshadow|Spectral Thief|p2a: Zygarde\n|-damage|p2a: Zygarde|0 fnt\n|faint|p2a: Zygarde\n|\n|upkeep\n|inactive|sauron379 has 120 seconds left.\n|\n|t:|1699323700\n|switch|p2a: Yveltal|Yveltal|100\/100\n|-ability|p2a: Yveltal|Dark Aura\n|turn|19\n|inactive|sauron379 has 120 seconds left.\n|\n|t:|1699323705\n|move|p2a: Yveltal|Sucker Punch|p1a: Marshadow\n|-damage|p1a: Marshadow|0 fnt\n|faint|p1a: Marshadow\n|-damage|p2a: Yveltal|91\/100|[from] item: Life Orb\n|\n|upkeep\n|\n|t:|1699323709\n|switch|p1a: Darmanitan|Darmanitan-Galar, M|100\/100\n|turn|20\n|\n|t:|1699323715\n|-terastallize|p2a: Yveltal|Dark\n|move|p1a: Darmanitan|Icicle Crash|p2a: Yveltal\n|-damage|p2a: Yveltal|29\/100\n|move|p2a: Yveltal|Heat Wave|p1a: Darmanitan|[miss]\n|-miss|p2a: Yveltal|p1a: Darmanitan\n|\n|upkeep\n|turn|21\n|\n|t:|1699323730\n|move|p1a: Darmanitan|Icicle Crash|p2a: Yveltal\n|-damage|p2a: Yveltal|0 fnt\n|faint|p2a: Yveltal\n|\n|upkeep\n|\n|t:|1699323735\n|switch|p2a: Ho-Oh|Ho-Oh|100\/100\n|-ability|p2a: Ho-Oh|Pressure\n|turn|22\n|\n|t:|1699323744\n|-terastallize|p1a: Darmanitan|Fire\n|move|p1a: Darmanitan|Icicle Crash|p2a: Ho-Oh\n|-damage|p2a: Ho-Oh|55\/100\n|move|p2a: Ho-Oh|Toxic|p1a: Darmanitan\n|-status|p1a: Darmanitan|tox\n|\n|-damage|p1a: Darmanitan|95\/100 tox|[from] psn\n|upkeep\n|turn|23\n|\n|t:|1699323768\n|move|p1a: Darmanitan|Icicle Crash|p2a: Ho-Oh\n|-damage|p2a: Ho-Oh|9\/100\n|cant|p2a: Ho-Oh|flinch\n|\n|-damage|p1a: Darmanitan|83\/100 tox|[from] psn\n|upkeep\n|turn|24\n|\n|t:|1699323775\n|move|p1a: Darmanitan|Icicle Crash|p2a: Ho-Oh\n|-damage|p2a: Ho-Oh|0 fnt\n|faint|p2a: Ho-Oh\n|\n|-damage|p1a: Darmanitan|65\/100 tox|[from] psn\n|upkeep\n|\n|t:|1699323785\n|switch|p2a: Groudon|Groudon-Primal|64\/100\n|-weather|DesolateLand|[from] ability: Desolate Land|[of] p2a: Groudon\n|turn|25\n|\n|t:|1699323789\n|move|p1a: Darmanitan|Icicle Crash|p2a: Groudon\n|-damage|p2a: Groudon|29\/100\n|cant|p2a: Groudon|flinch\n|\n|-weather|DesolateLand|[upkeep]\n|-damage|p1a: Darmanitan|41\/100 tox|[from] psn\n|upkeep\n|turn|26\n|\n|t:|1699323795\n|move|p1a: Darmanitan|Icicle Crash|p2a: Groudon\n|-damage|p2a: Groudon|0 fnt\n|faint|p2a: Groudon\n|-weather|none\n|\n|-damage|p1a: Darmanitan|11\/100 tox|[from] psn\n|upkeep\n|\n|t:|1699323802\n|switch|p2a: Calyrex|Calyrex-Ice|100\/100\n|-ability|p2a: Calyrex|As One\n|-ability|p2a: Calyrex|Unnerve\n|turn|27\n|\n|t:|1699323810\n|move|p1a: Darmanitan|Icicle Crash|p2a: Calyrex|[miss]\n|-miss|p1a: Darmanitan|p2a: Calyrex\n|move|p2a: Calyrex|Close Combat|p1a: Darmanitan\n|-damage|p1a: Darmanitan|0 fnt\n|-unboost|p2a: Calyrex|def|1\n|-unboost|p2a: Calyrex|spd|1\n|faint|p1a: Darmanitan\n|-ability|p2a: Calyrex|Chilling Neigh|boost\n|-boost|p2a: Calyrex|atk|1\n|\n|upkeep\n|\n|t:|1699323814\n|switch|p1a: Kangaskhan|Kangaskhan, F|100\/100\n|turn|28\n|\n|t:|1699323821\n|detailschange|p1a: Kangaskhan|Kangaskhan-Mega, F\n|-mega|p1a: Kangaskhan|Kangaskhan|Kangaskhanite\n|move|p1a: Kangaskhan|Fake Out|p2a: Calyrex\n|-damage|p2a: Calyrex|78\/100\n|-damage|p2a: Calyrex|73\/100\n|-hitcount|p2a: Calyrex|2\n|cant|p2a: Calyrex|flinch\n|\n|upkeep\n|turn|29\n|\n|t:|1699323828\n|move|p1a: Kangaskhan|Body Slam|p2a: Calyrex\n|-damage|p2a: Calyrex|27\/100\n|-damage|p2a: Calyrex|16\/100\n|-hitcount|p2a: Calyrex|2\n|move|p2a: Calyrex|Close Combat|p1a: Kangaskhan\n|-supereffective|p1a: Kangaskhan\n|-damage|p1a: Kangaskhan|0 fnt\n|-unboost|p2a: Calyrex|def|1\n|-unboost|p2a: Calyrex|spd|1\n|faint|p1a: Kangaskhan\n|-ability|p2a: Calyrex|Chilling Neigh|boost\n|-boost|p2a: Calyrex|atk|1\n|\n|upkeep\n|\n|t:|1699323836\n|switch|p1a: Kyogre|Kyogre-Primal|55\/100\n|-weather|PrimordialSea|[from] ability: Primordial Sea|[of] p1a: Kyogre\n|turn|30\n|\n|t:|1699323845\n|move|p1a: Kyogre|Thunder|p2a: Calyrex\n|-damage|p2a: Calyrex|0 fnt\n|faint|p2a: Calyrex\n|\n|-weather|PrimordialSea|[upkeep]\n|upkeep\n|\n|t:|1699323849\n|switch|p2a: Eternatus|Eternatus|53\/100\n|-ability|p2a: Eternatus|Pressure\n|turn|31\n|\n|t:|1699323878\n|move|p2a: Eternatus|Meteor Beam||[still]\n|-prepare|p2a: Eternatus|Meteor Beam\n|-boost|p2a: Eternatus|spa|1\n|-enditem|p2a: Eternatus|Power Herb\n|-anim|p2a: Eternatus|Meteor Beam|p1a: Kyogre\n|-damage|p1a: Kyogre|4\/100\n|move|p1a: Kyogre|Ice Beam|p2a: Eternatus\n|-supereffective|p2a: Eternatus\n|-damage|p2a: Eternatus|0 fnt\n|faint|p2a: Eternatus\n|\n|win|onaerybluer\n|raw|onaerybluer's rating: 1513 &rarr; <strong>1527<\/strong><br \/>(+14 for winning)\n|raw|sauron379's rating: 1410 &rarr; <strong>1396<\/strong><br \/>(-14 for losing)\n|l|\u2606sauron379\n|l|\u2606onaerybluer\n","uploadtime":1699323884,"views":5,"p1id":"onaerybluer","p2id":"sauron379","formatid":"gen9nationaldexubers","rating":1396,"private":0,"password":""}