{"id":"gen9nationaldexubers-1988311604","p1":"Omey","p2":"emmaloubibbityboo","format":"[Gen 9] National Dex Ubers","log":"|j|\u2606Omey\n|j|\u2606emmaloubibbityboo\n|t:|1699706534\n|gametype|singles\n|player|p1|Omey|galacticgrunt|\n|player|p2|emmaloubibbityboo|hilda|\n|teamsize|p1|4\n|teamsize|p2|4\n|gen|9\n|tier|[Gen 9] National Dex Ubers\n|rule|HP Percentage Mod: HP is shown in percentages\n|rule|Endless Battle Clause: Forcing endless battles is banned\n|rule|OHKO Clause: OHKO moves are banned\n|rule|Evasion Moves Clause: Evasion moves are banned\n|rule|Evasion Items Clause: Evasion items are banned\n|rule|Species Clause: Limit one of each Pok\u00e9mon\n|rule|Sleep Clause Mod: Limit one foe put to sleep\n|rule|Mega Rayquaza Clause: You cannot mega evolve Rayquaza\n|clearpoke\n|poke|p1|Hariyama, M|\n|poke|p1|Meloetta|\n|poke|p1|Lickilicky, F|\n|poke|p1|Kommo-o, M|\n|poke|p2|Melmetal|\n|poke|p2|Magearna|\n|poke|p2|Pangoro, F|\n|poke|p2|Heatran, M|\n|teampreview\n|\n|t:|1699706566\n|start\n|switch|p1a: SlammaJamma|Hariyama, M|100\/100\n|switch|p2a: A Clockwork Orange|Magearna|100\/100\n|turn|1\n|\n|t:|1699706582\n|move|p2a: A Clockwork Orange|Reflect|p2a: A Clockwork Orange\n|-sidestart|p2: emmaloubibbityboo|Reflect\n|move|p1a: SlammaJamma|Close Combat|p2a: A Clockwork Orange\n|-damage|p2a: A Clockwork Orange|81\/100\n|-unboost|p1a: SlammaJamma|def|1\n|-unboost|p1a: SlammaJamma|spd|1\n|\n|upkeep\n|turn|2\n|\n|t:|1699706607\n|switch|p1a: The Cannon|Lickilicky, F, shiny|100\/100\n|move|p2a: A Clockwork Orange|Light Screen|p2a: A Clockwork Orange\n|-sidestart|p2: emmaloubibbityboo|move: Light Screen\n|\n|upkeep\n|turn|3\n|\n|t:|1699706635\n|switch|p1a: SlammaJamma|Hariyama, M|100\/100\n|move|p2a: A Clockwork Orange|Volt Switch|p1a: SlammaJamma\n|-damage|p1a: SlammaJamma|90\/100\n|\n|t:|1699706645\n|switch|p2a: Keith|Pangoro, F|100\/100|[from] Volt Switch\n|\n|upkeep\n|turn|4\n|\n|t:|1699706655\n|move|p2a: Keith|Swords Dance|p2a: Keith\n|-boost|p2a: Keith|atk|2\n|move|p1a: SlammaJamma|Close Combat|p2a: Keith\n|-supereffective|p2a: Keith\n|-damage|p2a: Keith|39\/100\n|-unboost|p1a: SlammaJamma|def|1\n|-unboost|p1a: SlammaJamma|spd|1\n|\n|upkeep\n|turn|5\n|\n|t:|1699706694\n|switch|p1a: Kommo-NO|Kommo-o, M|100\/100\n|move|p2a: Keith|Drain Punch|p1a: Kommo-NO\n|-damage|p1a: Kommo-NO|7\/100\n|-heal|p2a: Keith|76\/100|[from] drain|[of] p1a: Kommo-NO\n|\n|upkeep\n|turn|6\n|\n|t:|1699706702\n|move|p1a: Kommo-NO|Drain Punch|p2a: Keith\n|-supereffective|p2a: Keith\n|-damage|p2a: Keith|42\/100\n|-heal|p1a: Kommo-NO|29\/100|[from] drain|[of] p2a: Keith\n|move|p2a: Keith|Power-Up Punch|p1a: Kommo-NO\n|-damage|p1a: Kommo-NO|0 fnt\n|-boost|p2a: Keith|atk|1\n|faint|p1a: Kommo-NO\n|\n|upkeep\n|\n|t:|1699706754\n|switch|p1a: TheOneThatSavesMe|Meloetta|100\/100\n|turn|7\n|\n|t:|1699706775\n|move|p1a: TheOneThatSavesMe|Relic Song|p2a: Keith\n|-damage|p2a: Keith|22\/100\n|-formechange|p1a: TheOneThatSavesMe|Meloetta-Pirouette|[msg]\n|move|p2a: Keith|Drain Punch|p1a: TheOneThatSavesMe\n|-supereffective|p1a: TheOneThatSavesMe\n|-damage|p1a: TheOneThatSavesMe|0 fnt\n|-heal|p2a: Keith|77\/100|[from] drain|[of] p1a: TheOneThatSavesMe\n|faint|p1a: TheOneThatSavesMe\n|\n|upkeep\n|\n|t:|1699706779\n|switch|p1a: The Cannon|Lickilicky, F, shiny|100\/100\n|turn|8\n|c|\u2606Omey|gg\n|c|\u2606emmaloubibbityboo|gg\n|\n|t:|1699706786\n|move|p1a: The Cannon|Explosion|p2a: Keith\n|-damage|p2a: Keith|0 fnt\n|faint|p1a: The Cannon\n|faint|p2a: Keith\n|\n|-sideend|p2: emmaloubibbityboo|Reflect\n|upkeep\n|c|\u2606Omey|o i was faster lol\n|\n|t:|1699706794\n|switch|p1a: SlammaJamma|Hariyama, M|90\/100\n|switch|p2a: A Clockwork Orange|Magearna|81\/100\n|turn|9\n|c|\u2606emmaloubibbityboo|o\n|\n|t:|1699706802\n|move|p2a: A Clockwork Orange|Fleur Cannon|p1a: SlammaJamma\n|-supereffective|p1a: SlammaJamma\n|-damage|p1a: SlammaJamma|23\/100\n|-unboost|p2a: A Clockwork Orange|spa|2\n|move|p1a: SlammaJamma|Close Combat|p2a: A Clockwork Orange\n|-damage|p2a: A Clockwork Orange|41\/100\n|-unboost|p1a: SlammaJamma|def|1\n|-unboost|p1a: SlammaJamma|spd|1\n|\n|-sideend|p2: emmaloubibbityboo|move: Light Screen\n|upkeep\n|turn|10\n|\n|t:|1699706815\n|move|p2a: A Clockwork Orange|Fleur Cannon|p1a: SlammaJamma\n|-supereffective|p1a: SlammaJamma\n|-damage|p1a: SlammaJamma|0 fnt\n|-unboost|p2a: A Clockwork Orange|spa|2\n|faint|p1a: SlammaJamma\n|\n|win|emmaloubibbityboo\n|c|\u2606emmaloubibbityboo|ggs\n","uploadtime":1699706819,"views":19,"p1id":"omey","p2id":"emmaloubibbityboo","formatid":"gen9nationaldexubers","rating":0,"private":0,"password":""}