{"id":"gen9nationaldexubers-1988682713","p1":"tuuma","p2":"xikeso","format":"[Gen 9] National Dex Ubers","log":"|j|\u2606tuuma\n|j|\u2606xikeso\n|t:|1699750122\n|gametype|singles\n|player|p1|tuuma|101|1335\n|player|p2|xikeso|iono|1459\n|teamsize|p1|6\n|teamsize|p2|6\n|gen|9\n|tier|[Gen 9] National Dex Ubers\n|rated|\n|rule|HP Percentage Mod: HP is shown in percentages\n|rule|Endless Battle Clause: Forcing endless battles is banned\n|rule|OHKO Clause: OHKO moves are banned\n|rule|Evasion Moves Clause: Evasion moves are banned\n|rule|Evasion Items Clause: Evasion items are banned\n|rule|Species Clause: Limit one of each Pok\u00e9mon\n|rule|Sleep Clause Mod: Limit one foe put to sleep\n|rule|Mega Rayquaza Clause: You cannot mega evolve Rayquaza\n|clearpoke\n|poke|p1|Marshadow|\n|poke|p1|Shaymin-Sky|\n|poke|p1|Regieleki|\n|poke|p1|Sandy Shocks|\n|poke|p1|Ribombee, M|\n|poke|p1|Glimmora, F|\n|poke|p2|Hatterene, F|\n|poke|p2|Groudon|\n|poke|p2|Cresselia, F|\n|poke|p2|Arceus|\n|poke|p2|Melmetal|\n|poke|p2|Calyrex-Ice|\n|teampreview\n|inactive|Battle timer is ON: inactive players will automatically lose when time's up. (requested by tuuma)\n|inactive|xikeso also wants the timer to be on.\n|\n|t:|1699750129\n|start\n|switch|p1a: Ribombee|Ribombee, M|100\/100\n|switch|p2a: Hatterene|Hatterene, F|100\/100\n|turn|1\n|\n|t:|1699750136\n|move|p1a: Ribombee|Bug Buzz|p2a: Hatterene\n|-damage|p2a: Hatterene|68\/100\n|move|p2a: Hatterene|Trick Room|p2a: Hatterene\n|-fieldstart|move: Trick Room|[of] p2a: Hatterene\n|\n|upkeep\n|turn|2\n|\n|t:|1699750149\n|switch|p1a: Glimmora|Glimmora, F|100\/100\n|-item|p1a: Glimmora|Air Balloon\n|move|p2a: Hatterene|Mystical Fire|p1a: Glimmora\n|-resisted|p1a: Glimmora\n|-damage|p1a: Glimmora|78\/100\n|-unboost|p1a: Glimmora|spa|1\n|-enditem|p1a: Glimmora|Air Balloon\n|\n|upkeep\n|turn|3\n|\n|t:|1699750158\n|move|p1a: Glimmora|Spiky Shield|p1a: Glimmora\n|-singleturn|p1a: Glimmora|move: Protect\n|move|p2a: Hatterene|Healing Wish|p2a: Hatterene\n|faint|p2a: Hatterene\n|\n|upkeep\n|\n|t:|1699750165\n|switch|p2a: \u5854\u7237|Melmetal|100\/100\n|turn|4\n|\n|t:|1699750170\n|move|p2a: \u5854\u7237|Double Iron Bash|p1a: Glimmora\n|-supereffective|p1a: Glimmora\n|-damage|p1a: Glimmora|0 fnt\n|-activate|p1a: Glimmora|ability: Toxic Debris\n|-sidestart|p2: xikeso|move: Toxic Spikes\n|faint|p1a: Glimmora\n|-hitcount|p1: Glimmora|1\n|\n|upkeep\n|\n|t:|1699750174\n|switch|p1a: Shaymin|Shaymin-Sky|100\/100\n|turn|5\n|\n|t:|1699750178\n|move|p1a: Shaymin|Protect|p1a: Shaymin\n|-singleturn|p1a: Shaymin|Protect\n|move|p2a: \u5854\u7237|Double Iron Bash|p1a: Shaymin\n|-activate|p1a: Shaymin|move: Protect\n|\n|-fieldend|move: Trick Room\n|upkeep\n|turn|6\n|\n|t:|1699750183\n|-terastallize|p1a: Shaymin|Water\n|move|p1a: Shaymin|Leech Seed|p2a: \u5854\u7237\n|-start|p2a: \u5854\u7237|move: Leech Seed\n|move|p2a: \u5854\u7237|Double Iron Bash|p1a: Shaymin\n|-resisted|p1a: Shaymin\n|-damage|p1a: Shaymin|67\/100\n|-resisted|p1a: Shaymin\n|-damage|p1a: Shaymin|33\/100\n|-hitcount|p1a: Shaymin|2\n|\n|-heal|p1a: Shaymin|39\/100|[from] item: Leftovers\n|-damage|p2a: \u5854\u7237|88\/100|[from] Leech Seed|[of] p1a: Shaymin\n|-heal|p1a: Shaymin|52\/100|[silent]\n|upkeep\n|turn|7\n|\n|t:|1699750190\n|switch|p2a: Cresselia|Cresselia, F|100\/100\n|move|p1a: Shaymin|Substitute|p1a: Shaymin\n|-start|p1a: Shaymin|Substitute\n|-damage|p1a: Shaymin|27\/100\n|\n|-heal|p1a: Shaymin|34\/100|[from] item: Leftovers\n|upkeep\n|turn|8\n|\n|t:|1699750202\n|move|p1a: Shaymin|Protect|p1a: Shaymin\n|-singleturn|p1a: Shaymin|Protect\n|move|p2a: Cresselia|Trick Room|p2a: Cresselia\n|-fieldstart|move: Trick Room|[of] p2a: Cresselia\n|\n|-heal|p1a: Shaymin|40\/100|[from] item: Leftovers\n|upkeep\n|turn|9\n|\n|t:|1699750214\n|switch|p2a: \u5854\u7237|Melmetal|88\/100\n|-heal|p2a: \u5854\u7237|100\/100|[from] move: Healing Wish\n|move|p1a: Shaymin|Leech Seed|p2a: \u5854\u7237\n|-start|p2a: \u5854\u7237|move: Leech Seed\n|\n|-heal|p1a: Shaymin|46\/100|[from] item: Leftovers\n|-damage|p2a: \u5854\u7237|88\/100|[from] Leech Seed|[of] p1a: Shaymin\n|-heal|p1a: Shaymin|59\/100|[silent]\n|upkeep\n|turn|10\n|\n|t:|1699750223\n|-terastallize|p2a: \u5854\u7237|Steel\n|move|p1a: Shaymin|Protect|p1a: Shaymin\n|-singleturn|p1a: Shaymin|Protect\n|move|p2a: \u5854\u7237|Double Iron Bash|p1a: Shaymin\n|-activate|p1a: Shaymin|move: Protect\n|\n|-heal|p1a: Shaymin|65\/100|[from] item: Leftovers\n|-damage|p2a: \u5854\u7237|76\/100|[from] Leech Seed|[of] p1a: Shaymin\n|-heal|p1a: Shaymin|78\/100|[silent]\n|upkeep\n|turn|11\n|\n|t:|1699750231\n|move|p2a: \u5854\u7237|Double Iron Bash|p1a: Shaymin\n|-resisted|p1a: Shaymin\n|-end|p1a: Shaymin|Substitute\n|-resisted|p1a: Shaymin\n|-crit|p1a: Shaymin\n|-damage|p1a: Shaymin|7\/100\n|-hitcount|p1a: Shaymin|2\n|move|p1a: Shaymin|Substitute|p1a: Shaymin\n|-fail|p1a: Shaymin|move: Substitute|[weak]\n|\n|-heal|p1a: Shaymin|13\/100|[from] item: Leftovers\n|-damage|p2a: \u5854\u7237|64\/100|[from] Leech Seed|[of] p1a: Shaymin\n|-heal|p1a: Shaymin|27\/100|[silent]\n|upkeep\n|turn|12\n|\n|t:|1699750241\n|switch|p2a: Cresselia|Cresselia, F|100\/100\n|move|p1a: Shaymin|Protect||[still]\n|-fail|p1a: Shaymin\n|\n|-heal|p1a: Shaymin|33\/100|[from] item: Leftovers\n|-fieldend|move: Trick Room\n|upkeep\n|turn|13\n|\n|t:|1699750254\n|move|p2a: Cresselia|Magic Coat|p2a: Cresselia\n|-singleturn|p2a: Cresselia|move: Magic Coat\n|move|p1a: Shaymin|Air Slash|p2a: Cresselia\n|-damage|p2a: Cresselia|83\/100\n|\n|-heal|p1a: Shaymin|39\/100|[from] item: Leftovers\n|upkeep\n|turn|14\n|\n|t:|1699750262\n|move|p1a: Shaymin|Substitute|p1a: Shaymin\n|-start|p1a: Shaymin|Substitute\n|-damage|p1a: Shaymin|14\/100\n|move|p2a: Cresselia|Trick Room|p2a: Cresselia\n|-fieldstart|move: Trick Room|[of] p2a: Cresselia\n|\n|-heal|p1a: Shaymin|20\/100|[from] item: Leftovers\n|upkeep\n|turn|15\n|\n|t:|1699750272\n|switch|p2a: \u5854\u7237|Melmetal, tera:Steel|64\/100\n|move|p1a: Shaymin|Air Slash|p2a: \u5854\u7237\n|-resisted|p2a: \u5854\u7237\n|-damage|p2a: \u5854\u7237|50\/100\n|\n|-heal|p1a: Shaymin|27\/100|[from] item: Leftovers\n|upkeep\n|turn|16\n|\n|t:|1699750281\n|move|p1a: Shaymin|Protect|p1a: Shaymin\n|-singleturn|p1a: Shaymin|Protect\n|move|p2a: \u5854\u7237|Double Iron Bash|p1a: Shaymin\n|-activate|p1a: Shaymin|move: Protect\n|\n|-heal|p1a: Shaymin|33\/100|[from] item: Leftovers\n|upkeep\n|turn|17\n|\n|t:|1699750288\n|move|p2a: \u5854\u7237|Double Iron Bash|p1a: Shaymin\n|-resisted|p1a: Shaymin\n|-end|p1a: Shaymin|Substitute\n|-resisted|p1a: Shaymin\n|-damage|p1a: Shaymin|0 fnt\n|faint|p1a: Shaymin\n|-hitcount|p1: Shaymin|2\n|\n|upkeep\n|\n|t:|1699750299\n|switch|p1a: Sandy Shocks|Sandy Shocks|100\/100\n|-enditem|p1a: Sandy Shocks|Booster Energy\n|-activate|p1a: Sandy Shocks|ability: Protosynthesis|[fromitem]\n|-start|p1a: Sandy Shocks|protosynthesisspa\n|turn|18\n|\n|t:|1699750304\n|move|p2a: \u5854\u7237|Double Iron Bash|p1a: Sandy Shocks\n|-resisted|p1a: Sandy Shocks\n|-damage|p1a: Sandy Shocks|50\/100\n|-resisted|p1a: Sandy Shocks\n|-damage|p1a: Sandy Shocks|4\/100\n|-hitcount|p1a: Sandy Shocks|2\n|move|p1a: Sandy Shocks|Earth Power|p2a: \u5854\u7237\n|-supereffective|p2a: \u5854\u7237\n|-damage|p2a: \u5854\u7237|0 fnt\n|faint|p2a: \u5854\u7237\n|\n|-fieldend|move: Trick Room\n|upkeep\n|\n|t:|1699750329\n|switch|p2a: Arceus|Arceus|100\/100\n|-status|p2a: Arceus|psn\n|turn|19\n|\n|t:|1699750333\n|-end|p1a: Sandy Shocks|Protosynthesis|[silent]\n|switch|p1a: Marshadow|Marshadow|100\/100\n|move|p2a: Arceus|Trick Room|p2a: Arceus\n|-fieldstart|move: Trick Room|[of] p2a: Arceus\n|\n|-damage|p2a: Arceus|88\/100 psn|[from] psn\n|upkeep\n|turn|20\n|\n|t:|1699750345\n|move|p2a: Arceus|Healing Wish|p2a: Arceus\n|faint|p2a: Arceus\n|move|p1a: Marshadow|Close Combat|p2: Arceus|[notarget]\n|-fail|p1a: Marshadow\n|\n|upkeep\n|\n|t:|1699750350\n|switch|p2a: Groudon|Groudon, shiny|100\/100\n|-status|p2a: Groudon|psn\n|detailschange|p2a: Groudon|Groudon-Primal, shiny\n|-primal|p2a: Groudon|Red Orb\n|-weather|DesolateLand|[from] ability: Desolate Land|[of] p2a: Groudon\n|turn|21\n|\n|t:|1699750358\n|move|p2a: Groudon|Eruption|p1a: Marshadow\n|-enditem|p1a: Marshadow|Focus Sash\n|-damage|p1a: Marshadow|1\/100\n|move|p1a: Marshadow|Close Combat|p2a: Groudon\n|-damage|p2a: Groudon|54\/100 psn\n|-unboost|p1a: Marshadow|def|1\n|-unboost|p1a: Marshadow|spd|1\n|\n|-weather|DesolateLand|[upkeep]\n|-damage|p2a: Groudon|41\/100 psn|[from] psn\n|upkeep\n|turn|22\n|\n|t:|1699750364\n|move|p1a: Marshadow|Shadow Sneak|p2a: Groudon\n|-damage|p2a: Groudon|20\/100 psn\n|move|p2a: Groudon|Earth Power|p1a: Marshadow\n|-damage|p1a: Marshadow|0 fnt\n|faint|p1a: Marshadow\n|\n|-weather|DesolateLand|[upkeep]\n|-damage|p2a: Groudon|8\/100 psn|[from] psn\n|upkeep\n|\n|t:|1699750370\n|switch|p1a: Ribombee|Ribombee, M|100\/100\n|turn|23\n|\n|t:|1699750376\n|move|p2a: Groudon|Eruption|p1a: Ribombee\n|-supereffective|p1a: Ribombee\n|-damage|p1a: Ribombee|71\/100\n|move|p1a: Ribombee|Sticky Web|p2a: Groudon\n|-sidestart|p2: xikeso|move: Sticky Web\n|\n|-weather|DesolateLand|[upkeep]\n|-damage|p2a: Groudon|0 fnt|[from] psn\n|faint|p2a: Groudon\n|-weather|none\n|-fieldend|move: Trick Room\n|upkeep\n|\n|t:|1699750381\n|switch|p2a: Cresselia|Cresselia, F|83\/100\n|-heal|p2a: Cresselia|100\/100|[from] move: Healing Wish\n|turn|24\n|\n|t:|1699750389\n|move|p1a: Ribombee|Stun Spore|p2a: Cresselia\n|-status|p2a: Cresselia|par\n|move|p2a: Cresselia|Trick Room|p2a: Cresselia\n|-fieldstart|move: Trick Room|[of] p2a: Cresselia\n|\n|upkeep\n|turn|25\n|\n|t:|1699750399\n|switch|p2a: Calyrex|Calyrex-Ice|100\/100\n|-ability|p2a: Calyrex|As One\n|-ability|p2a: Calyrex|Unnerve\n|-status|p2a: Calyrex|psn\n|-activate|p2a: Calyrex|move: Sticky Web\n|-unboost|p2a: Calyrex|spe|1\n|move|p1a: Ribombee|Bug Buzz|p2a: Calyrex\n|-supereffective|p2a: Calyrex\n|-damage|p2a: Calyrex|60\/100 psn\n|\n|-damage|p2a: Calyrex|47\/100 psn|[from] psn\n|upkeep\n|turn|26\n|\n|t:|1699750415\n|move|p2a: Calyrex|Glacial Lance|p1a: Ribombee\n|-damage|p1a: Ribombee|0 fnt\n|faint|p1a: Ribombee\n|-ability|p2a: Calyrex|Chilling Neigh|boost\n|-boost|p2a: Calyrex|atk|1\n|\n|-damage|p2a: Calyrex|35\/100 psn|[from] psn\n|upkeep\n|\n|t:|1699750424\n|switch|p1a: Sandy Shocks|Sandy Shocks|4\/100\n|turn|27\n|\n|t:|1699750428\n|move|p2a: Calyrex|Glacial Lance|p1a: Sandy Shocks\n|-supereffective|p1a: Sandy Shocks\n|-damage|p1a: Sandy Shocks|0 fnt\n|faint|p1a: Sandy Shocks\n|-end|p1a: Sandy Shocks|Protosynthesis|[silent]\n|-ability|p2a: Calyrex|Chilling Neigh|boost\n|-boost|p2a: Calyrex|atk|1\n|\n|-damage|p2a: Calyrex|22\/100 psn|[from] psn\n|upkeep\n|-message|tuuma forfeited.\n|\n|win|xikeso\n|raw|tuuma's rating: 1335 &rarr; <strong>1322<\/strong><br \/>(-13 for losing)\n|raw|xikeso's rating: 1459 &rarr; <strong>1472<\/strong><br \/>(+13 for winning)\n|l|\u2606tuuma\n","uploadtime":1699750440,"views":7,"p1id":"tuuma","p2id":"xikeso","formatid":"gen9nationaldexubers","rating":1322,"private":0,"password":""}