{"id":"gen9nationaldexubers-1993029486","p1":"SuzumiSou","p2":"biden brane","format":"[Gen 9] National Dex Ubers","log":"|j|\u2606SuzumiSou\n|j|\u2606biden brane\n|t:|1700257084\n|gametype|singles\n|player|p1|SuzumiSou|winona|\n|player|p2|biden brane|chuck|\n|teamsize|p1|6\n|teamsize|p2|6\n|gen|9\n|tier|[Gen 9] National Dex Ubers\n|rule|HP Percentage Mod: HP is shown in percentages\n|rule|Endless Battle Clause: Forcing endless battles is banned\n|rule|OHKO Clause: OHKO moves are banned\n|rule|Evasion Moves Clause: Evasion moves are banned\n|rule|Evasion Items Clause: Evasion items are banned\n|rule|Species Clause: Limit one of each Pok\u00e9mon\n|rule|Sleep Clause Mod: Limit one foe put to sleep\n|rule|Mega Rayquaza Clause: You cannot mega evolve Rayquaza\n|clearpoke\n|poke|p1|Gallade, M|\n|poke|p1|Gliscor, M|\n|poke|p1|Zamazenta-*|\n|poke|p1|Cresselia, F|\n|poke|p1|Metagross|\n|poke|p1|Tatsugiri-Droopy, F|\n|poke|p2|Tyranitar, M|\n|poke|p2|Landorus, M|\n|poke|p2|Zapdos|\n|poke|p2|Kommo-o, F|\n|poke|p2|Gardevoir, M|\n|poke|p2|Hitmonchan, M|\n|teampreview\n|j| crossedmoon\n|\n|t:|1700257120\n|start\n|switch|p1a: Gliscor|Gliscor, M|100\/100\n|switch|p2a: Larry Bird|Zapdos, shiny|100\/100\n|turn|1\n|\n|t:|1700257131\n|switch|p2a: Shaq|Tyranitar, M|100\/100\n|-weather|Sandstorm|[from] ability: Sand Stream|[of] p2a: Shaq\n|move|p1a: Gliscor|Stealth Rock|p2a: Shaq\n|-sidestart|p2: biden brane|move: Stealth Rock\n|\n|-weather|Sandstorm|[upkeep]\n|-status|p1a: Gliscor|tox|[from] item: Toxic Orb\n|upkeep\n|turn|2\n|\n|t:|1700257156\n|move|p1a: Gliscor|U-turn|p2a: Shaq\n|-supereffective|p2a: Shaq\n|-damage|p2a: Shaq|71\/100\n|-enditem|p2a: Shaq|Weakness Policy\n|-boost|p2a: Shaq|atk|2|[from] item: Weakness Policy\n|-boost|p2a: Shaq|spa|2|[from] item: Weakness Policy\n|\n|t:|1700257210\n|switch|p1a: Metagross|Metagross, shiny|100\/100|[from] U-turn\n|move|p2a: Shaq|Dragon Dance|p2a: Shaq\n|-boost|p2a: Shaq|atk|1\n|-boost|p2a: Shaq|spe|1\n|\n|-weather|Sandstorm|[upkeep]\n|upkeep\n|turn|3\n|\n|t:|1700257221\n|move|p1a: Metagross|Bullet Punch|p2a: Shaq\n|-supereffective|p2a: Shaq\n|-damage|p2a: Shaq|1\/100\n|move|p2a: Shaq|Knock Off|p1a: Metagross\n|-supereffective|p1a: Metagross\n|-damage|p1a: Metagross|0 fnt\n|-enditem|p1a: Metagross|Choice Band|[from] move: Knock Off|[of] p2a: Shaq\n|faint|p1a: Metagross\n|\n|-weather|Sandstorm|[upkeep]\n|upkeep\n|\n|t:|1700257342\n|switch|p1a: Zamazenta|Zamazenta-Crowned|100\/100\n|-ability|p1a: Zamazenta|Dauntless Shield|boost\n|-boost|p1a: Zamazenta|def|1\n|turn|4\n|\n|t:|1700257355\n|move|p2a: Shaq|Earthquake|p1a: Zamazenta\n|-supereffective|p1a: Zamazenta\n|-damage|p1a: Zamazenta|22\/100\n|move|p1a: Zamazenta|Ice Fang|p2a: Shaq\n|-damage|p2a: Shaq|0 fnt\n|faint|p2a: Shaq\n|\n|-weather|Sandstorm|[upkeep]\n|upkeep\n|\n|t:|1700257364\n|switch|p2a: Larry Bird|Zapdos, shiny|100\/100\n|-damage|p2a: Larry Bird|75\/100|[from] Stealth Rock\n|turn|5\n|\n|t:|1700257382\n|move|p1a: Zamazenta|Ice Fang|p2a: Larry Bird\n|-supereffective|p2a: Larry Bird\n|-damage|p2a: Larry Bird|46\/100\n|move|p2a: Larry Bird|Thunder Wave|p1a: Zamazenta\n|-status|p1a: Zamazenta|par\n|\n|-weather|none\n|-heal|p2a: Larry Bird|52\/100|[from] item: Leftovers\n|upkeep\n|turn|6\n|\n|t:|1700257402\n|switch|p1a: Gallade|Gallade, M, shiny|100\/100\n|move|p2a: Larry Bird|Roost|p2a: Larry Bird\n|-heal|p2a: Larry Bird|100\/100\n|-singleturn|p2a: Larry Bird|move: Roost\n|\n|upkeep\n|turn|7\n|\n|t:|1700257412\n|detailschange|p1a: Gallade|Gallade-Mega, M, shiny\n|-mega|p1a: Gallade|Gallade|Galladite\n|move|p1a: Gallade|Triple Axel|p2a: Larry Bird\n|-supereffective|p2a: Larry Bird\n|-damage|p2a: Larry Bird|87\/100\n|-status|p1a: Gallade|par|[from] ability: Static|[of] p2a: Larry Bird\n|-supereffective|p2a: Larry Bird\n|-damage|p2a: Larry Bird|64\/100\n|-supereffective|p2a: Larry Bird\n|-damage|p2a: Larry Bird|25\/100\n|-hitcount|p2a: Larry Bird|3\n|move|p2a: Larry Bird|Thunder Wave|p1a: Gallade\n|-fail|p1a: Gallade|par\n|\n|-heal|p2a: Larry Bird|32\/100|[from] item: Leftovers\n|upkeep\n|turn|8\n|\n|t:|1700257463\n|move|p2a: Larry Bird|Roost|p2a: Larry Bird\n|-heal|p2a: Larry Bird|82\/100\n|-singleturn|p2a: Larry Bird|move: Roost\n|move|p1a: Gallade|Triple Axel|p2a: Larry Bird|[miss]\n|-miss|p1a: Gallade|p2a: Larry Bird\n|\n|-heal|p2a: Larry Bird|88\/100|[from] item: Leftovers\n|upkeep\n|turn|9\n|\n|t:|1700257501\n|move|p2a: Larry Bird|Heat Wave|p1a: Gallade\n|-damage|p1a: Gallade|73\/100 par\n|move|p1a: Gallade|Triple Axel|p2a: Larry Bird\n|-supereffective|p2a: Larry Bird\n|-crit|p2a: Larry Bird\n|-damage|p2a: Larry Bird|70\/100\n|-supereffective|p2a: Larry Bird\n|-damage|p2a: Larry Bird|47\/100\n|-supereffective|p2a: Larry Bird\n|-damage|p2a: Larry Bird|12\/100\n|-hitcount|p2a: Larry Bird|3\n|\n|-heal|p2a: Larry Bird|19\/100|[from] item: Leftovers\n|upkeep\n|turn|10\n|\n|t:|1700257514\n|move|p2a: Larry Bird|Roost|p2a: Larry Bird\n|-heal|p2a: Larry Bird|69\/100\n|-singleturn|p2a: Larry Bird|move: Roost\n|move|p1a: Gallade|Earthquake|p2a: Larry Bird\n|-supereffective|p2a: Larry Bird\n|-damage|p2a: Larry Bird|8\/100\n|\n|-heal|p2a: Larry Bird|15\/100|[from] item: Leftovers\n|upkeep\n|turn|11\n|\n|t:|1700257533\n|move|p2a: Larry Bird|Volt Switch|p1a: Gallade\n|-damage|p1a: Gallade|40\/100 par\n|\n|t:|1700257538\n|switch|p2a: Iron Mike|Hitmonchan, M, shiny|100\/100|[from] Volt Switch\n|move|p1a: Gallade|Triple Axel|p2a: Iron Mike\n|-damage|p2a: Iron Mike|89\/100\n|-damage|p2a: Iron Mike|67\/100\n|-damage|p2a: Iron Mike|34\/100\n|-hitcount|p2a: Iron Mike|3\n|\n|upkeep\n|turn|12\n|\n|t:|1700257592\n|move|p2a: Iron Mike|Fake Out|p1a: Gallade\n|-damage|p1a: Gallade|29\/100 par\n|move|p1a: Gallade|Earthquake|p2a: Iron Mike\n|-damage|p2a: Iron Mike|0 fnt\n|faint|p2a: Iron Mike\n|\n|upkeep\n|\n|t:|1700257606\n|switch|p2a: Michael Jordan|Gardevoir, M, shiny|100\/100\n|-damage|p2a: Michael Jordan|88\/100|[from] Stealth Rock\n|-ability|p2a: Michael Jordan|Inner Focus|[from] ability: Trace|[of] p1a: Gallade\n|turn|13\n|\n|t:|1700257669\n|detailschange|p2a: Michael Jordan|Gardevoir-Mega, M, shiny\n|-mega|p2a: Michael Jordan|Gardevoir|Gardevoirite\n|move|p2a: Michael Jordan|Hyper Voice|p1a: Gallade\n|-supereffective|p1a: Gallade\n|-damage|p1a: Gallade|0 fnt\n|faint|p1a: Gallade\n|\n|upkeep\n|\n|t:|1700257674\n|switch|p1a: Cresselia|Cresselia, F|100\/100\n|turn|14\n|\n|t:|1700257682\n|move|p2a: Michael Jordan|Toxic|p1a: Cresselia\n|-status|p1a: Cresselia|tox\n|move|p1a: Cresselia|Calm Mind|p1a: Cresselia\n|-boost|p1a: Cresselia|spa|1\n|-boost|p1a: Cresselia|spd|1\n|\n|-damage|p1a: Cresselia|94\/100 tox|[from] psn\n|upkeep\n|turn|15\n|\n|t:|1700257689\n|move|p2a: Michael Jordan|Mystical Fire|p1a: Cresselia\n|-damage|p1a: Cresselia|79\/100 tox\n|-unboost|p1a: Cresselia|spa|1\n|move|p1a: Cresselia|Calm Mind|p1a: Cresselia\n|-boost|p1a: Cresselia|spa|1\n|-boost|p1a: Cresselia|spd|1\n|\n|-heal|p1a: Cresselia|85\/100 tox|[from] item: Leftovers\n|-damage|p1a: Cresselia|72\/100 tox|[from] psn\n|upkeep\n|turn|16\n|\n|t:|1700257705\n|move|p2a: Michael Jordan|Mystical Fire|p1a: Cresselia\n|-damage|p1a: Cresselia|61\/100 tox\n|-unboost|p1a: Cresselia|spa|1\n|move|p1a: Cresselia|Calm Mind|p1a: Cresselia\n|-boost|p1a: Cresselia|spa|1\n|-boost|p1a: Cresselia|spd|1\n|\n|-heal|p1a: Cresselia|67\/100 tox|[from] item: Leftovers\n|-damage|p1a: Cresselia|49\/100 tox|[from] psn\n|upkeep\n|turn|17\n|\n|t:|1700257713\n|move|p2a: Michael Jordan|Mystical Fire|p1a: Cresselia\n|-damage|p1a: Cresselia|40\/100 tox\n|-unboost|p1a: Cresselia|spa|1\n|move|p1a: Cresselia|Moonlight|p1a: Cresselia\n|-heal|p1a: Cresselia|90\/100 tox\n|\n|-heal|p1a: Cresselia|96\/100 tox|[from] item: Leftovers\n|-damage|p1a: Cresselia|71\/100 tox|[from] psn\n|upkeep\n|turn|18\n|\n|t:|1700257722\n|move|p2a: Michael Jordan|Mystical Fire|p1a: Cresselia\n|-damage|p1a: Cresselia|62\/100 tox\n|-unboost|p1a: Cresselia|spa|1\n|move|p1a: Cresselia|Stored Power|p2a: Michael Jordan\n|-resisted|p2a: Michael Jordan\n|-damage|p2a: Michael Jordan|81\/100\n|\n|-heal|p1a: Cresselia|68\/100 tox|[from] item: Leftovers\n|-damage|p1a: Cresselia|37\/100 tox|[from] psn\n|upkeep\n|turn|19\n|\n|t:|1700257752\n|switch|p1a: Gliscor|Gliscor, M|100\/100 tox\n|move|p2a: Michael Jordan|Mystical Fire|p1a: Gliscor\n|-damage|p1a: Gliscor|56\/100 tox\n|-unboost|p1a: Gliscor|spa|1\n|\n|-heal|p1a: Gliscor|69\/100 tox|[from] ability: Poison Heal\n|upkeep\n|turn|20\n|\n|t:|1700257764\n|move|p1a: Gliscor|Protect|p1a: Gliscor\n|-singleturn|p1a: Gliscor|Protect\n|move|p2a: Michael Jordan|Hyper Voice|p1a: Gliscor\n|-activate|p1a: Gliscor|move: Protect\n|\n|-heal|p1a: Gliscor|81\/100 tox|[from] ability: Poison Heal\n|upkeep\n|turn|21\n|\n|t:|1700257823\n|move|p2a: Michael Jordan|Hyper Voice|p1a: Gliscor\n|-damage|p1a: Gliscor|0 fnt\n|faint|p1a: Gliscor\n|\n|upkeep\n|\n|t:|1700257851\n|switch|p1a: Zamazenta|Zamazenta-Crowned|22\/100 par\n|turn|22\n|\n|t:|1700257857\n|move|p2a: Michael Jordan|Hyper Voice|p1a: Zamazenta\n|-damage|p1a: Zamazenta|0 fnt\n|faint|p1a: Zamazenta\n|\n|upkeep\n|\n|t:|1700257861\n|switch|p1a: Cresselia|Cresselia, F|37\/100 tox\n|turn|23\n|\n|t:|1700257864\n|move|p2a: Michael Jordan|Mystical Fire|p1a: Cresselia\n|-damage|p1a: Cresselia|14\/100 tox\n|-unboost|p1a: Cresselia|spa|1\n|move|p1a: Cresselia|Moonlight|p1a: Cresselia\n|-heal|p1a: Cresselia|64\/100 tox\n|\n|-heal|p1a: Cresselia|70\/100 tox|[from] item: Leftovers\n|-damage|p1a: Cresselia|64\/100 tox|[from] psn\n|upkeep\n|turn|24\n|\n|t:|1700257935\n|move|p2a: Michael Jordan|Mystical Fire|p1a: Cresselia\n|-damage|p1a: Cresselia|39\/100 tox\n|-unboost|p1a: Cresselia|spa|1\n|move|p1a: Cresselia|Calm Mind|p1a: Cresselia\n|-boost|p1a: Cresselia|spa|1\n|-boost|p1a: Cresselia|spd|1\n|\n|-heal|p1a: Cresselia|45\/100 tox|[from] item: Leftovers\n|-damage|p1a: Cresselia|33\/100 tox|[from] psn\n|upkeep\n|turn|25\n|\n|t:|1700257948\n|move|p2a: Michael Jordan|Mystical Fire|p1a: Cresselia\n|-damage|p1a: Cresselia|17\/100 tox\n|-unboost|p1a: Cresselia|spa|1\n|move|p1a: Cresselia|Moonlight|p1a: Cresselia\n|-heal|p1a: Cresselia|67\/100 tox\n|\n|-heal|p1a: Cresselia|73\/100 tox|[from] item: Leftovers\n|-damage|p1a: Cresselia|54\/100 tox|[from] psn\n|upkeep\n|turn|26\n|\n|t:|1700257958\n|move|p2a: Michael Jordan|Mystical Fire|p1a: Cresselia\n|-damage|p1a: Cresselia|38\/100 tox\n|-unboost|p1a: Cresselia|spa|1\n|move|p1a: Cresselia|Calm Mind|p1a: Cresselia\n|-boost|p1a: Cresselia|spa|1\n|-boost|p1a: Cresselia|spd|1\n|\n|-heal|p1a: Cresselia|45\/100 tox|[from] item: Leftovers\n|-damage|p1a: Cresselia|20\/100 tox|[from] psn\n|upkeep\n|turn|27\n|\n|t:|1700257968\n|move|p2a: Michael Jordan|Psychic|p1a: Cresselia\n|-resisted|p1a: Cresselia\n|-damage|p1a: Cresselia|9\/100 tox\n|move|p1a: Cresselia|Moonlight|p1a: Cresselia\n|-heal|p1a: Cresselia|59\/100 tox\n|\n|-heal|p1a: Cresselia|65\/100 tox|[from] item: Leftovers\n|-damage|p1a: Cresselia|34\/100 tox|[from] psn\n|upkeep\n|turn|28\n|\n|t:|1700258011\n|move|p2a: Michael Jordan|Mystical Fire|p1a: Cresselia\n|-damage|p1a: Cresselia|21\/100 tox\n|-unboost|p1a: Cresselia|spa|1\n|move|p1a: Cresselia|Moonlight|p1a: Cresselia\n|-heal|p1a: Cresselia|71\/100 tox\n|\n|-heal|p1a: Cresselia|78\/100 tox|[from] item: Leftovers\n|-damage|p1a: Cresselia|40\/100 tox|[from] psn\n|upkeep\n|turn|29\n|\n|t:|1700258021\n|move|p2a: Michael Jordan|Mystical Fire|p1a: Cresselia\n|-damage|p1a: Cresselia|28\/100 tox\n|-unboost|p1a: Cresselia|spa|1\n|move|p1a: Cresselia|Stored Power|p2a: Michael Jordan\n|-resisted|p2a: Michael Jordan\n|-damage|p2a: Michael Jordan|78\/100\n|\n|-heal|p1a: Cresselia|34\/100 tox|[from] item: Leftovers\n|-damage|p1a: Cresselia|0 fnt|[from] psn\n|faint|p1a: Cresselia\n|upkeep\n|\n|t:|1700258023\n|switch|p1a: Tatsugiri|Tatsugiri-Droopy, F|100\/100\n|turn|30\n|\n|t:|1700258041\n|move|p2a: Michael Jordan|Hyper Voice|p1a: Tatsugiri\n|-supereffective|p1a: Tatsugiri\n|-damage|p1a: Tatsugiri|0 fnt\n|faint|p1a: Tatsugiri\n|\n|win|biden brane\n","uploadtime":1700258056,"views":27,"p1id":"suzumisou","p2id":"bidenbrane","formatid":"gen9nationaldexubers","rating":0,"private":0,"password":""}