{"id":"gen9nationaldexubers-1982096299","p1":"Pex hater","p2":"Harmony6","format":"[Gen 9] National Dex Ubers","log":"|j|\u2606Pex hater\n|j|\u2606Harmony6\n|t:|1698967455\n|gametype|singles\n|player|p1|Pex hater|cheryl|\n|player|p2|Harmony6|red|\n|teamsize|p1|6\n|teamsize|p2|6\n|gen|9\n|tier|[Gen 9] National Dex Ubers\n|rule|HP Percentage Mod: HP is shown in percentages\n|rule|Endless Battle Clause: Forcing endless battles is banned\n|rule|OHKO Clause: OHKO moves are banned\n|rule|Evasion Moves Clause: Evasion moves are banned\n|rule|Evasion Items Clause: Evasion items are banned\n|rule|Species Clause: Limit one of each Pok\u00e9mon\n|rule|Sleep Clause Mod: Limit one foe put to sleep\n|rule|Mega Rayquaza Clause: You cannot mega evolve Rayquaza\n|clearpoke\n|poke|p1|Toxapex, F|\n|poke|p1|Nidoking, M|\n|poke|p1|Venusaur, F|\n|poke|p1|Clodsire, M|\n|poke|p1|Revavroom, F|\n|poke|p1|Weezing-Galar, M|\n|poke|p2|Gastrodon, M|\n|poke|p2|Ferrothorn, M|\n|poke|p2|Tapu Fini|\n|poke|p2|Zapdos|\n|poke|p2|Skeledirge, M|\n|poke|p2|Sneasler, F|\n|teampreview\n|c|\u2606Pex hater|good luck\n|j| The Rock Temple\n|j| Disco 2003\n|c| The Rock Temple|wooooo\n|l| Disco 2003\n|j| mr giles\n|\n|t:|1698967528\n|start\n|switch|p1a: My Form Empties|Nidoking, M|100\/100\n|switch|p2a: Gastrodon|Gastrodon, M|100\/100\n|turn|1\n|\n|t:|1698967544\n|switch|p1a: Fluid Sac|Toxapex, F|100\/100\n|move|p2a: Gastrodon|Recover||[still]\n|-fail|p2a: Gastrodon|heal\n|\n|upkeep\n|turn|2\n|\n|t:|1698967555\n|move|p2a: Gastrodon|Spikes|p1a: Fluid Sac\n|-sidestart|p1: Pex hater|Spikes\n|move|p1a: Fluid Sac|Toxic Spikes|p2a: Gastrodon\n|-sidestart|p2: Harmony6|move: Toxic Spikes\n|\n|upkeep\n|turn|3\n|\n|t:|1698967561\n|switch|p1a: Ebony Stem|Venusaur, F|100\/100\n|-damage|p1a: Ebony Stem|88\/100|[from] Spikes\n|move|p2a: Gastrodon|Spikes|p1a: Ebony Stem\n|-sidestart|p1: Pex hater|Spikes\n|\n|upkeep\n|turn|4\n|\n|t:|1698967580\n|switch|p2a: Sneasler|Sneasler, F|100\/100\n|-sideend|p2: Harmony6|move: Toxic Spikes|[of] p2a: Sneasler\n|detailschange|p1a: Ebony Stem|Venusaur-Mega, F\n|-mega|p1a: Ebony Stem|Venusaur|Venusaurite\n|move|p1a: Ebony Stem|Giga Drain|p2a: Sneasler\n|-resisted|p2a: Sneasler\n|-damage|p2a: Sneasler|83\/100\n|-heal|p1a: Ebony Stem|97\/100|[from] drain|[of] p2a: Sneasler\n|\n|upkeep\n|turn|5\n|\n|t:|1698967627\n|switch|p2a: Skeledirge|Skeledirge, M|100\/100\n|move|p1a: Ebony Stem|Leech Seed|p2a: Skeledirge\n|-start|p2a: Skeledirge|move: Leech Seed\n|\n|-damage|p2a: Skeledirge|88\/100|[from] Leech Seed|[of] p1a: Ebony Stem\n|-heal|p1a: Ebony Stem|100\/100|[silent]\n|upkeep\n|turn|6\n|l| mr giles\n|\n|t:|1698967638\n|switch|p1a: Pursuance|Clodsire, M|100\/100\n|-damage|p1a: Pursuance|84\/100|[from] Spikes\n|move|p2a: Skeledirge|Will-O-Wisp|p1a: Pursuance\n|-status|p1a: Pursuance|brn\n|\n|-heal|p1a: Pursuance|90\/100 brn|[from] item: Black Sludge\n|-damage|p2a: Skeledirge|76\/100|[from] Leech Seed|[of] p1a: Pursuance\n|-heal|p1a: Pursuance|100\/100 brn|[silent]\n|-damage|p1a: Pursuance|94\/100 brn|[from] brn\n|upkeep\n|turn|7\n|j| Danceforusmonkey\n|j| mr giles\n|\n|t:|1698967650\n|switch|p2a: Zapdos|Zapdos|100\/100\n|move|p1a: Pursuance|Spikes|p2a: Zapdos\n|-sidestart|p2: Harmony6|Spikes\n|\n|-heal|p1a: Pursuance|100\/100 brn|[from] item: Black Sludge\n|-damage|p1a: Pursuance|94\/100 brn|[from] brn\n|upkeep\n|turn|8\n|l| Danceforusmonkey\n|\n|t:|1698967663\n|switch|p2a: Gastrodon|Gastrodon, M|100\/100\n|-damage|p2a: Gastrodon|88\/100|[from] Spikes\n|move|p1a: Pursuance|Toxic|p2a: Gastrodon\n|-status|p2a: Gastrodon|tox\n|\n|-heal|p2a: Gastrodon|94\/100 tox|[from] item: Leftovers\n|-heal|p1a: Pursuance|100\/100 brn|[from] item: Black Sludge\n|-damage|p2a: Gastrodon|88\/100 tox|[from] psn\n|-damage|p1a: Pursuance|94\/100 brn|[from] brn\n|upkeep\n|turn|9\n|\n|t:|1698967666\n|move|p2a: Gastrodon|Spikes|p1a: Pursuance\n|-sidestart|p1: Pex hater|Spikes\n|move|p1a: Pursuance|Spikes|p2a: Gastrodon\n|-sidestart|p2: Harmony6|Spikes\n|\n|-heal|p2a: Gastrodon|94\/100 tox|[from] item: Leftovers\n|-heal|p1a: Pursuance|100\/100 brn|[from] item: Black Sludge\n|-damage|p2a: Gastrodon|82\/100 tox|[from] psn\n|-damage|p1a: Pursuance|94\/100 brn|[from] brn\n|upkeep\n|turn|10\n|\n|t:|1698967679\n|switch|p2a: Ferrothorn|Ferrothorn, M|100\/100\n|-damage|p2a: Ferrothorn|84\/100|[from] Spikes\n|move|p1a: Pursuance|Spikes|p2a: Ferrothorn\n|-sidestart|p2: Harmony6|Spikes\n|\n|-heal|p1a: Pursuance|100\/100 brn|[from] item: Black Sludge\n|-heal|p2a: Ferrothorn|90\/100|[from] item: Leftovers\n|-damage|p1a: Pursuance|94\/100 brn|[from] brn\n|upkeep\n|turn|11\n|\n|t:|1698967689\n|switch|p1a: Fluid Sac|Toxapex, F|100\/100\n|-damage|p1a: Fluid Sac|76\/100|[from] Spikes\n|move|p2a: Ferrothorn|Stealth Rock|p1a: Fluid Sac\n|-sidestart|p1: Pex hater|move: Stealth Rock\n|\n|-heal|p2a: Ferrothorn|96\/100|[from] item: Leftovers\n|upkeep\n|turn|12\n|\n|t:|1698967721\n|switch|p2a: Tapu Fini|Tapu Fini|100\/100\n|-damage|p2a: Tapu Fini|76\/100|[from] Spikes\n|-fieldstart|move: Misty Terrain|[from] ability: Misty Surge|[of] p2a: Tapu Fini\n|move|p1a: Fluid Sac|Scald|p2a: Tapu Fini\n|-resisted|p2a: Tapu Fini\n|-damage|p2a: Tapu Fini|68\/100\n|\n|-heal|p2a: Tapu Fini|74\/100|[from] item: Leftovers\n|upkeep\n|turn|13\n|\n|t:|1698967748\n|switch|p1a: Ebony Stem|Venusaur-Mega, F|100\/100\n|-damage|p1a: Ebony Stem|76\/100|[from] Spikes\n|-damage|p1a: Ebony Stem|63\/100|[from] Stealth Rock\n|move|p2a: Tapu Fini|Calm Mind|p2a: Tapu Fini\n|-boost|p2a: Tapu Fini|spa|1\n|-boost|p2a: Tapu Fini|spd|1\n|\n|-heal|p2a: Tapu Fini|81\/100|[from] item: Leftovers\n|upkeep\n|turn|14\n|\n|t:|1698967759\n|move|p2a: Tapu Fini|Taunt|p1a: Ebony Stem\n|-start|p1a: Ebony Stem|move: Taunt\n|move|p1a: Ebony Stem|Sludge Bomb|p2a: Tapu Fini\n|-supereffective|p2a: Tapu Fini\n|-damage|p2a: Tapu Fini|35\/100\n|\n|-heal|p2a: Tapu Fini|41\/100|[from] item: Leftovers\n|upkeep\n|turn|15\n|\n|t:|1698967772\n|switch|p2a: Ferrothorn|Ferrothorn, M|96\/100\n|-damage|p2a: Ferrothorn|71\/100|[from] Spikes\n|move|p1a: Ebony Stem|Giga Drain|p2a: Ferrothorn\n|-resisted|p2a: Ferrothorn\n|-damage|p2a: Ferrothorn|67\/100\n|-heal|p1a: Ebony Stem|66\/100|[from] drain|[of] p2a: Ferrothorn\n|\n|-heal|p2a: Ferrothorn|73\/100|[from] item: Leftovers\n|upkeep\n|turn|16\n|\n|t:|1698967790\n|switch|p1a: Fluid Sac|Toxapex, F|100\/100\n|-damage|p1a: Fluid Sac|76\/100|[from] Spikes\n|-damage|p1a: Fluid Sac|64\/100|[from] Stealth Rock\n|move|p2a: Ferrothorn|Leech Seed|p1a: Fluid Sac\n|-start|p1a: Fluid Sac|move: Leech Seed\n|\n|-heal|p2a: Ferrothorn|79\/100|[from] item: Leftovers\n|-damage|p1a: Fluid Sac|51\/100|[from] Leech Seed|[of] p2a: Ferrothorn\n|-heal|p2a: Ferrothorn|89\/100|[silent]\n|-fieldend|Misty Terrain\n|upkeep\n|turn|17\n|\n|t:|1698967816\n|switch|p1a: Sunshower|Weezing-Galar, M|100\/100\n|-damage|p1a: Sunshower|88\/100|[from] Stealth Rock\n|switch|p2a: Skeledirge|Skeledirge, M|76\/100\n|\n|-heal|p1a: Sunshower|94\/100|[from] item: Black Sludge\n|upkeep\n|turn|18\n|\n|t:|1698967861\n|move|p2a: Skeledirge|Hex|p1a: Sunshower\n|-damage|p1a: Sunshower|59\/100\n|move|p1a: Sunshower|Defog|p2a: Skeledirge\n|-unboost|p2a: Skeledirge|evasion|1\n|-sideend|p2: Harmony6|Spikes|[from] move: Defog|[of] p1a: Sunshower\n|-sideend|p1: Pex hater|Spikes|[from] move: Defog|[of] p1a: Sunshower\n|-sideend|p1: Pex hater|Stealth Rock|[from] move: Defog|[of] p1a: Sunshower\n|\n|-heal|p1a: Sunshower|65\/100|[from] item: Black Sludge\n|upkeep\n|turn|19\n|c|\u2606Pex hater|i honestly forgot\n|c|\u2606Pex hater|that i hit dirge\n|c|\u2606Pex hater|with anything\n|\n|t:|1698967876\n|switch|p1a: Fluid Sac|Toxapex, F|85\/100\n|move|p2a: Skeledirge|Will-O-Wisp|p1a: Fluid Sac\n|-status|p1a: Fluid Sac|brn\n|\n|-damage|p1a: Fluid Sac|79\/100 brn|[from] brn\n|upkeep\n|turn|20\n|\n|t:|1698967885\n|switch|p2a: Tapu Fini|Tapu Fini|41\/100\n|-fieldstart|move: Misty Terrain|[from] ability: Misty Surge|[of] p2a: Tapu Fini\n|switch|p1a: Pursuance|Clodsire, M|94\/100 brn\n|\n|-heal|p2a: Tapu Fini|47\/100|[from] item: Leftovers\n|-heal|p1a: Pursuance|100\/100 brn|[from] item: Black Sludge\n|-damage|p1a: Pursuance|94\/100 brn|[from] brn\n|upkeep\n|turn|21\n|\n|t:|1698967929\n|switch|p2a: Ferrothorn|Ferrothorn, M|89\/100\n|switch|p1a: Ebony Stem|Venusaur-Mega, F|66\/100\n|\n|-heal|p2a: Ferrothorn|95\/100|[from] item: Leftovers\n|upkeep\n|turn|22\n|\n|t:|1698967957\n|switch|p1a: Sunshower|Weezing-Galar, M|65\/100\n|move|p2a: Ferrothorn|Stealth Rock|p1a: Sunshower\n|-sidestart|p1: Pex hater|move: Stealth Rock\n|\n|-heal|p1a: Sunshower|71\/100|[from] item: Black Sludge\n|-heal|p2a: Ferrothorn|100\/100|[from] item: Leftovers\n|upkeep\n|turn|23\n|\n|t:|1698967965\n|move|p1a: Sunshower|Defog|p2a: Ferrothorn\n|-unboost|p2a: Ferrothorn|evasion|1\n|-sideend|p1: Pex hater|Stealth Rock|[from] move: Defog|[of] p1a: Sunshower\n|-fieldend|Misty Terrain\n|move|p2a: Ferrothorn|Gyro Ball|p1a: Sunshower\n|-supereffective|p1a: Sunshower\n|-damage|p1a: Sunshower|29\/100\n|\n|-heal|p1a: Sunshower|35\/100|[from] item: Black Sludge\n|upkeep\n|turn|24\n|\n|t:|1698967974\n|switch|p2a: Skeledirge|Skeledirge, M|76\/100\n|move|p1a: Sunshower|Pain Split|p2a: Skeledirge\n|-sethp|p2a: Skeledirge|52\/100|[from] move: Pain Split|[silent]\n|-sethp|p1a: Sunshower|64\/100|[from] move: Pain Split\n|\n|-heal|p1a: Sunshower|70\/100|[from] item: Black Sludge\n|upkeep\n|turn|25\n|\n|t:|1698967979\n|switch|p1a: Pursuance|Clodsire, M|94\/100 brn\n|move|p2a: Skeledirge|Slack Off|p2a: Skeledirge\n|-heal|p2a: Skeledirge|100\/100\n|\n|-heal|p1a: Pursuance|100\/100 brn|[from] item: Black Sludge\n|-damage|p1a: Pursuance|94\/100 brn|[from] brn\n|upkeep\n|turn|26\n|c| The Rock Temple|100+ turn game incoming\n|c|\u2606Pex hater|nah\n|\n|t:|1698968015\n|switch|p2a: Ferrothorn|Ferrothorn, M|100\/100\n|move|p1a: Pursuance|Spikes|p2a: Ferrothorn\n|-sidestart|p2: Harmony6|Spikes\n|\n|-heal|p1a: Pursuance|100\/100 brn|[from] item: Black Sludge\n|-damage|p1a: Pursuance|94\/100 brn|[from] brn\n|upkeep\n|turn|27\n|\n|t:|1698968021\n|switch|p1a: Ebony Stem|Venusaur-Mega, F|66\/100\n|move|p2a: Ferrothorn|Knock Off|p1a: Ebony Stem\n|-damage|p1a: Ebony Stem|57\/100\n|\n|upkeep\n|turn|28\n|\n|t:|1698968024\n|move|p1a: Ebony Stem|Synthesis|p1a: Ebony Stem\n|-heal|p1a: Ebony Stem|100\/100\n|move|p2a: Ferrothorn|Knock Off|p1a: Ebony Stem\n|-damage|p1a: Ebony Stem|91\/100\n|\n|upkeep\n|turn|29\n|\n|t:|1698968032\n|switch|p1a: Fluid Sac|Toxapex, F|100\/100 brn\n|move|p2a: Ferrothorn|Stealth Rock|p1a: Fluid Sac\n|-sidestart|p1: Pex hater|move: Stealth Rock\n|\n|-damage|p1a: Fluid Sac|95\/100 brn|[from] brn\n|upkeep\n|turn|30\n|\n|t:|1698968042\n|switch|p2a: Tapu Fini|Tapu Fini|47\/100\n|-damage|p2a: Tapu Fini|35\/100|[from] Spikes\n|-fieldstart|move: Misty Terrain|[from] ability: Misty Surge|[of] p2a: Tapu Fini\n|move|p1a: Fluid Sac|Scald|p2a: Tapu Fini\n|-resisted|p2a: Tapu Fini\n|-damage|p2a: Tapu Fini|26\/100\n|\n|-heal|p2a: Tapu Fini|32\/100|[from] item: Leftovers\n|-damage|p1a: Fluid Sac|89\/100 brn|[from] brn\n|upkeep\n|turn|31\n|\n|t:|1698968050\n|switch|p1a: Ebony Stem|Venusaur-Mega, F|91\/100\n|-damage|p1a: Ebony Stem|79\/100|[from] Stealth Rock\n|move|p2a: Tapu Fini|Calm Mind|p2a: Tapu Fini\n|-boost|p2a: Tapu Fini|spa|1\n|-boost|p2a: Tapu Fini|spd|1\n|\n|-heal|p2a: Tapu Fini|38\/100|[from] item: Leftovers\n|upkeep\n|turn|32\n|\n|t:|1698968057\n|switch|p2a: Ferrothorn|Ferrothorn, M|100\/100\n|-damage|p2a: Ferrothorn|88\/100|[from] Spikes\n|move|p1a: Ebony Stem|Giga Drain|p2a: Ferrothorn\n|-resisted|p2a: Ferrothorn\n|-damage|p2a: Ferrothorn|83\/100\n|-heal|p1a: Ebony Stem|81\/100|[from] drain|[of] p2a: Ferrothorn\n|\n|-heal|p2a: Ferrothorn|89\/100|[from] item: Leftovers\n|upkeep\n|turn|33\n|\n|t:|1698968066\n|switch|p1a: Fluid Sac|Toxapex, F|100\/100 brn\n|-damage|p1a: Fluid Sac|88\/100 brn|[from] Stealth Rock\n|move|p2a: Ferrothorn|Leech Seed|p1a: Fluid Sac\n|-start|p1a: Fluid Sac|move: Leech Seed\n|\n|-heal|p2a: Ferrothorn|95\/100|[from] item: Leftovers\n|-damage|p1a: Fluid Sac|76\/100 brn|[from] Leech Seed|[of] p2a: Ferrothorn\n|-heal|p2a: Ferrothorn|100\/100|[silent]\n|-damage|p1a: Fluid Sac|70\/100 brn|[from] brn\n|upkeep\n|turn|34\n|\n|t:|1698968075\n|switch|p2a: Zapdos|Zapdos|100\/100\n|move|p1a: Fluid Sac|Toxic Spikes|p2a: Zapdos\n|-sidestart|p2: Harmony6|move: Toxic Spikes\n|\n|-damage|p1a: Fluid Sac|58\/100 brn|[from] Leech Seed|[of] p2a: Zapdos\n|-damage|p1a: Fluid Sac|52\/100 brn|[from] brn\n|-fieldend|Misty Terrain\n|upkeep\n|turn|35\n|\n|t:|1698968081\n|switch|p1a: Pursuance|Clodsire, M|94\/100 brn\n|-damage|p1a: Pursuance|88\/100 brn|[from] Stealth Rock\n|move|p2a: Zapdos|Defog|p1a: Pursuance\n|-unboost|p1a: Pursuance|evasion|1\n|-sideend|p1: Pex hater|Stealth Rock|[from] move: Defog|[of] p2a: Zapdos\n|-sideend|p2: Harmony6|Spikes|[from] move: Defog|[of] p2a: Zapdos\n|-sideend|p2: Harmony6|Toxic Spikes|[from] move: Defog|[of] p2a: Zapdos\n|\n|-heal|p1a: Pursuance|94\/100 brn|[from] item: Black Sludge\n|-damage|p1a: Pursuance|88\/100 brn|[from] brn\n|upkeep\n|turn|36\n|\n|t:|1698968098\n|switch|p2a: Tapu Fini|Tapu Fini|38\/100\n|-fieldstart|move: Misty Terrain|[from] ability: Misty Surge|[of] p2a: Tapu Fini\n|switch|p1a: My Form Empties|Nidoking, M|100\/100\n|\n|-heal|p2a: Tapu Fini|44\/100|[from] item: Leftovers\n|upkeep\n|turn|37\n|\n|t:|1698968116\n|switch|p2a: Zapdos|Zapdos|100\/100\n|move|p1a: My Form Empties|Substitute|p1a: My Form Empties\n|-start|p1a: My Form Empties|Substitute\n|-damage|p1a: My Form Empties|76\/100\n|\n|upkeep\n|turn|38\n|\n|t:|1698968120\n|move|p1a: My Form Empties|Sludge Wave|p2a: Zapdos\n|-crit|p2a: Zapdos\n|-damage|p2a: Zapdos|15\/100\n|move|p2a: Zapdos|Hurricane|p1a: My Form Empties|[miss]\n|-miss|p2a: Zapdos|p1a: My Form Empties\n|\n|upkeep\n|turn|39\n|c|\u2606Pex hater|oof\n|c|\u2606Pex hater|the miss\n|c| The Rock Temple|yeah\n|c|\u2606Pex hater|did it\n|c| The Rock Temple|that hurts\n|c|\u2606Pex hater|well no\n|c|\u2606Pex hater|harm has nothing faster\n|c|\u2606Pex hater|aside from\n|\n|t:|1698968147\n|switch|p2a: Ferrothorn|Ferrothorn, M|100\/100\n|move|p1a: My Form Empties|Flamethrower|p2a: Ferrothorn\n|-supereffective|p2a: Ferrothorn\n|-damage|p2a: Ferrothorn|0 fnt\n|faint|p2a: Ferrothorn\n|\n|upkeep\n|c|\u2606Pex hater|sneasler\n|\n|t:|1698968154\n|switch|p2a: Skeledirge|Skeledirge, M|100\/100\n|turn|40\n|\n|t:|1698968160\n|move|p1a: My Form Empties|Earth Power|p2a: Skeledirge\n|-supereffective|p2a: Skeledirge\n|-damage|p2a: Skeledirge|0 fnt\n|faint|p2a: Skeledirge\n|\n|-fieldend|Misty Terrain\n|upkeep\n|\n|t:|1698968166\n|switch|p2a: Tapu Fini|Tapu Fini|44\/100\n|-fieldstart|move: Misty Terrain|[from] ability: Misty Surge|[of] p2a: Tapu Fini\n|turn|41\n|c|\u2606Pex hater|that's game\n|\n|t:|1698968172\n|move|p1a: My Form Empties|Sludge Wave|p2a: Tapu Fini\n|-supereffective|p2a: Tapu Fini\n|-damage|p2a: Tapu Fini|0 fnt\n|faint|p2a: Tapu Fini\n|\n|upkeep\n|\n|t:|1698968174\n|switch|p2a: Sneasler|Sneasler, F|83\/100\n|-enditem|p2a: Sneasler|Misty Seed\n|-boost|p2a: Sneasler|spd|1|[from] item: Misty Seed\n|turn|42\n|\n|t:|1698968178\n|move|p2a: Sneasler|Dire Claw|p1a: My Form Empties\n|-resisted|p1a: My Form Empties\n|-activate|p1a: My Form Empties|move: Substitute|[damage]\n|move|p1a: My Form Empties|Earth Power|p2a: Sneasler\n|-supereffective|p2a: Sneasler\n|-damage|p2a: Sneasler|0 fnt\n|faint|p2a: Sneasler\n|\n|upkeep\n|c|\u2606Pex hater|i am sorry\n|c|\u2606Pex hater|for the miss\n|\n|t:|1698968182\n|switch|p2a: Gastrodon|Gastrodon, M|82\/100 tox\n|turn|43\n|\n|t:|1698968186\n|move|p1a: My Form Empties|Earth Power|p2a: Gastrodon\n|-damage|p2a: Gastrodon|40\/100 tox\n|move|p2a: Gastrodon|Scald|p1a: My Form Empties\n|-supereffective|p1a: My Form Empties\n|-crit|p1a: My Form Empties\n|-end|p1a: My Form Empties|Substitute\n|\n|-heal|p2a: Gastrodon|46\/100 tox|[from] item: Leftovers\n|-damage|p2a: Gastrodon|40\/100 tox|[from] psn\n|upkeep\n|turn|44\n|\n|t:|1698968192\n|move|p1a: My Form Empties|Substitute|p1a: My Form Empties\n|-start|p1a: My Form Empties|Substitute\n|-damage|p1a: My Form Empties|51\/100\n|move|p2a: Gastrodon|Scald|p1a: My Form Empties\n|-supereffective|p1a: My Form Empties\n|-end|p1a: My Form Empties|Substitute\n|\n|-heal|p2a: Gastrodon|46\/100 tox|[from] item: Leftovers\n|-damage|p2a: Gastrodon|34\/100 tox|[from] psn\n|upkeep\n|turn|45\n|\n|t:|1698968194\n|move|p1a: My Form Empties|Earth Power|p2a: Gastrodon\n|-damage|p2a: Gastrodon|0 fnt\n|faint|p2a: Gastrodon\n|\n|-fieldend|Misty Terrain\n|upkeep\n|\n|t:|1698968195\n|switch|p2a: Zapdos|Zapdos|15\/100\n|turn|46\n|c|\u2606Pex hater|ep was a roll\n|c|\u2606Pex hater|there\n|c|\u2606Pex hater|42 max\n|c|\u2606Harmony6|Ggs\n|\n|t:|1698968210\n|move|p1a: My Form Empties|Sludge Wave|p2a: Zapdos\n|-damage|p2a: Zapdos|0 fnt\n|faint|p2a: Zapdos\n|\n|win|Pex hater\n|c|\u2606Harmony6|Happens\n|l|\u2606Harmony6\n","uploadtime":1698968228,"views":9,"p1id":"pexhater","p2id":"harmony6","formatid":"gen9nationaldexubers","rating":0,"private":0,"password":""}