{"id":"gen9nationaldexubers-1980102384","p1":"nfyhsueryfgius","p2":"85792195wwww","format":"[Gen 9] National Dex Ubers","log":"|j|\u2606nfyhsueryfgius\n|j|\u203d85792195wwww\n|t:|1698757431\n|gametype|singles\n|player|p1|nfyhsueryfgius|ghetsis|1732\n|player|p2|85792195wwww|lady|1779\n|teamsize|p1|6\n|teamsize|p2|6\n|gen|9\n|tier|[Gen 9] National Dex Ubers\n|rated|\n|rule|HP Percentage Mod: HP is shown in percentages\n|rule|Endless Battle Clause: Forcing endless battles is banned\n|rule|OHKO Clause: OHKO moves are banned\n|rule|Evasion Moves Clause: Evasion moves are banned\n|rule|Evasion Items Clause: Evasion items are banned\n|rule|Species Clause: Limit one of each Pok\u00e9mon\n|rule|Sleep Clause Mod: Limit one foe put to sleep\n|rule|Mega Rayquaza Clause: You cannot mega evolve Rayquaza\n|clearpoke\n|poke|p1|Arceus-Dark|\n|poke|p1|Groudon|\n|poke|p1|Necrozma-Dusk-Mane|\n|poke|p1|Ho-Oh|\n|poke|p1|Zygarde|\n|poke|p1|Mewtwo|\n|poke|p2|Xerneas-*|\n|poke|p2|Rayquaza|\n|poke|p2|Zacian-*|\n|poke|p2|Deoxys-Speed|\n|poke|p2|Groudon|\n|poke|p2|Arceus|\n|teampreview\n|\n|t:|1698757439\n|start\n|switch|p1a: Arceus|Arceus-Dark|100\/100\n|switch|p2a: Xerneas|Xerneas|100\/100\n|-ability|p2a: Xerneas|Fairy Aura\n|turn|1\n|\n|t:|1698757448\n|switch|p1a: Necrozma|Necrozma-Dusk-Mane|100\/100\n|move|p2a: Xerneas|Moonblast|p1a: Necrozma\n|-resisted|p1a: Necrozma\n|-damage|p1a: Necrozma|78\/100\n|\n|upkeep\n|turn|2\n|\n|t:|1698757457\n|switch|p2a: Deoxys|Deoxys-Speed|100\/100\n|-ability|p2a: Deoxys|Pressure\n|move|p1a: Necrozma|Stealth Rock|p2a: Deoxys\n|-sidestart|p2: 85792195wwww|move: Stealth Rock\n|\n|upkeep\n|turn|3\n|\n|t:|1698757465\n|move|p2a: Deoxys|Stealth Rock|p1a: Necrozma\n|-sidestart|p1: nfyhsueryfgius|move: Stealth Rock\n|move|p1a: Necrozma|Sunsteel Strike|p2a: Deoxys\n|-damage|p2a: Deoxys|48\/100\n|-damage|p1a: Necrozma|61\/100|[from] item: Rocky Helmet|[of] p2a: Deoxys\n|\n|upkeep\n|turn|4\n|\n|t:|1698757473\n|move|p2a: Deoxys|Taunt|p1a: Necrozma\n|-start|p1a: Necrozma|move: Taunt\n|cant|p1a: Necrozma|move: Taunt|Morning Sun\n|\n|upkeep\n|turn|5\n|\n|t:|1698757478\n|switch|p2a: Groudon|Groudon|100\/100\n|-damage|p2a: Groudon|94\/100|[from] Stealth Rock\n|detailschange|p2a: Groudon|Groudon-Primal\n|-primal|p2a: Groudon|Red Orb\n|-weather|DesolateLand|[from] ability: Desolate Land|[of] p2a: Groudon\n|switch|p1a: Arceus|Arceus-Dark|100\/100\n|-damage|p1a: Arceus|88\/100|[from] Stealth Rock\n|\n|-weather|DesolateLand|[upkeep]\n|upkeep\n|turn|6\n|\n|t:|1698757490\n|move|p1a: Arceus|Taunt|p2a: Groudon\n|-start|p2a: Groudon|move: Taunt\n|move|p2a: Groudon|Heat Crash|p1a: Arceus\n|-damage|p1a: Arceus|37\/100\n|\n|-weather|DesolateLand|[upkeep]\n|upkeep\n|turn|7\n|\n|t:|1698757499\n|move|p1a: Arceus|Recover|p1a: Arceus\n|-heal|p1a: Arceus|87\/100\n|move|p2a: Groudon|Heat Crash|p1a: Arceus\n|-damage|p1a: Arceus|44\/100\n|\n|-weather|DesolateLand|[upkeep]\n|upkeep\n|turn|8\n|\n|t:|1698757507\n|move|p1a: Arceus|Recover|p1a: Arceus\n|-heal|p1a: Arceus|94\/100\n|move|p2a: Groudon|Heat Crash|p1a: Arceus\n|-damage|p1a: Arceus|44\/100\n|\n|-weather|DesolateLand|[upkeep]\n|-end|p2a: Groudon|move: Taunt\n|upkeep\n|turn|9\n|\n|t:|1698757516\n|move|p1a: Arceus|Recover|p1a: Arceus\n|-heal|p1a: Arceus|94\/100\n|move|p2a: Groudon|Heat Crash|p1a: Arceus\n|-damage|p1a: Arceus|50\/100\n|\n|-weather|DesolateLand|[upkeep]\n|upkeep\n|turn|10\n|\n|t:|1698757523\n|move|p1a: Arceus|Foul Play|p2a: Groudon\n|-damage|p2a: Groudon|42\/100\n|move|p2a: Groudon|Heat Crash|p1a: Arceus\n|-damage|p1a: Arceus|6\/100\n|\n|-weather|DesolateLand|[upkeep]\n|upkeep\n|turn|11\n|\n|t:|1698757531\n|move|p1a: Arceus|Recover|p1a: Arceus\n|-heal|p1a: Arceus|56\/100\n|move|p2a: Groudon|Heat Crash|p1a: Arceus\n|-damage|p1a: Arceus|11\/100\n|\n|-weather|DesolateLand|[upkeep]\n|upkeep\n|turn|12\n|\n|t:|1698757538\n|move|p1a: Arceus|Recover|p1a: Arceus\n|-heal|p1a: Arceus|61\/100\n|move|p2a: Groudon|Heat Crash|p1a: Arceus\n|-crit|p1a: Arceus\n|-damage|p1a: Arceus|0 fnt\n|faint|p1a: Arceus\n|\n|-weather|DesolateLand|[upkeep]\n|upkeep\n|\n|t:|1698757541\n|switch|p1a: Zygarde|Zygarde|100\/100\n|-damage|p1a: Zygarde|94\/100|[from] Stealth Rock\n|turn|13\n|\n|t:|1698757552\n|move|p1a: Zygarde|Dragon Dance|p1a: Zygarde\n|-boost|p1a: Zygarde|atk|1\n|-boost|p1a: Zygarde|spe|1\n|move|p2a: Groudon|Precipice Blades|p1a: Zygarde\n|-damage|p1a: Zygarde|34\/100\n|\n|-weather|DesolateLand|[upkeep]\n|-heal|p1a: Zygarde|40\/100|[from] item: Leftovers\n|-activate|p1a: Zygarde|ability: Power Construct\n|detailschange|p1a: Zygarde|Zygarde-Complete\n|-heal|p1a: Zygarde|63\/100|[silent]\n|upkeep\n|turn|14\n|\n|t:|1698757564\n|move|p1a: Zygarde|Dragon Dance|p1a: Zygarde\n|-boost|p1a: Zygarde|atk|1\n|-boost|p1a: Zygarde|spe|1\n|move|p2a: Groudon|Precipice Blades|p1a: Zygarde|[miss]\n|-miss|p2a: Groudon|p1a: Zygarde\n|\n|-weather|DesolateLand|[upkeep]\n|-heal|p1a: Zygarde|69\/100|[from] item: Leftovers\n|upkeep\n|turn|15\n|\n|t:|1698757574\n|-weather|none\n|switch|p2a: Xerneas|Xerneas|100\/100\n|-damage|p2a: Xerneas|88\/100|[from] Stealth Rock\n|-ability|p2a: Xerneas|Fairy Aura\n|move|p1a: Zygarde|Thousand Arrows|p2a: Xerneas\n|-damage|p2a: Xerneas|35\/100\n|\n|-heal|p1a: Zygarde|75\/100|[from] item: Leftovers\n|upkeep\n|turn|16\n|\n|t:|1698757587\n|move|p1a: Zygarde|Thousand Arrows|p2a: Xerneas\n|-damage|p2a: Xerneas|0 fnt\n|faint|p2a: Xerneas\n|\n|-heal|p1a: Zygarde|82\/100|[from] item: Leftovers\n|upkeep\n|\n|t:|1698757595\n|switch|p2a: Arceus|Arceus|100\/100\n|-damage|p2a: Arceus|88\/100|[from] Stealth Rock\n|turn|17\n|\n|t:|1698757600\n|move|p1a: Zygarde|Thousand Arrows|p2a: Arceus\n|-damage|p2a: Arceus|32\/100\n|move|p2a: Arceus|Will-O-Wisp|p1a: Zygarde\n|-status|p1a: Zygarde|brn\n|\n|-heal|p1a: Zygarde|88\/100 brn|[from] item: Leftovers\n|-damage|p1a: Zygarde|82\/100 brn|[from] brn\n|upkeep\n|turn|18\n|\n|t:|1698757611\n|move|p1a: Zygarde|Thousand Arrows|p2a: Arceus\n|-damage|p2a: Arceus|6\/100\n|move|p2a: Arceus|Swords Dance|p2a: Arceus\n|-boost|p2a: Arceus|atk|2\n|\n|-heal|p1a: Zygarde|88\/100 brn|[from] item: Leftovers\n|-damage|p1a: Zygarde|82\/100 brn|[from] brn\n|upkeep\n|turn|19\n|\n|t:|1698757622\n|move|p2a: Arceus|Extreme Speed|p1a: Zygarde\n|-damage|p1a: Zygarde|36\/100 brn\n|-damage|p2a: Arceus|0 fnt|[from] item: Life Orb\n|faint|p2a: Arceus\n|move|p1a: Zygarde|Thousand Arrows|p2: Arceus|[notarget]\n|-fail|p1a: Zygarde\n|\n|-heal|p1a: Zygarde|42\/100 brn|[from] item: Leftovers\n|-damage|p1a: Zygarde|36\/100 brn|[from] brn\n|upkeep\n|\n|t:|1698757635\n|switch|p2a: Rayquaza|Rayquaza|100\/100\n|-damage|p2a: Rayquaza|76\/100|[from] Stealth Rock\n|-ability|p2a: Rayquaza|Air Lock\n|turn|20\n|\n|t:|1698757648\n|move|p1a: Zygarde|Thousand Arrows|p2a: Rayquaza\n|-damage|p2a: Rayquaza|33\/100\n|-start|p2a: Rayquaza|Smack Down\n|move|p2a: Rayquaza|Dragon Ascent|p1a: Zygarde\n|-damage|p1a: Zygarde|0 fnt\n|-unboost|p2a: Rayquaza|def|1\n|-unboost|p2a: Rayquaza|spd|1\n|faint|p1a: Zygarde\n|\n|upkeep\n|\n|t:|1698757655\n|switch|p1a: Mewtwo|Mewtwo|100\/100\n|-damage|p1a: Mewtwo|88\/100|[from] Stealth Rock\n|-ability|p1a: Mewtwo|Pressure\n|turn|21\n|\n|t:|1698757669\n|switch|p2a: Deoxys|Deoxys-Speed|48\/100\n|-damage|p2a: Deoxys|36\/100|[from] Stealth Rock\n|-ability|p2a: Deoxys|Pressure\n|move|p1a: Mewtwo|Psystrike|p2a: Deoxys\n|-resisted|p2a: Deoxys\n|-damage|p2a: Deoxys|7\/100\n|\n|upkeep\n|turn|22\n|\n|t:|1698757681\n|move|p2a: Deoxys|Knock Off|p1a: Mewtwo\n|-supereffective|p1a: Mewtwo\n|-damage|p1a: Mewtwo|61\/100\n|move|p1a: Mewtwo|Psystrike|p2a: Deoxys\n|-resisted|p2a: Deoxys\n|-damage|p2a: Deoxys|0 fnt\n|faint|p2a: Deoxys\n|\n|upkeep\n|\n|t:|1698757691\n|switch|p2a: Zacian|Zacian-Crowned|100\/100\n|-damage|p2a: Zacian|94\/100|[from] Stealth Rock\n|-ability|p2a: Zacian|Intrepid Sword|boost\n|-boost|p2a: Zacian|atk|1\n|turn|23\n|\n|t:|1698757698\n|switch|p1a: Ho-Oh|Ho-Oh|100\/100\n|move|p2a: Zacian|Swords Dance|p2a: Zacian\n|-boost|p2a: Zacian|atk|2\n|\n|upkeep\n|turn|24\n|\n|t:|1698757704\n|-terastallize|p1a: Ho-Oh|Grass\n|move|p2a: Zacian|Behemoth Blade|p1a: Ho-Oh\n|-damage|p1a: Ho-Oh|4\/100\n|move|p1a: Ho-Oh|Sacred Fire|p2a: Zacian\n|-supereffective|p2a: Zacian\n|-damage|p2a: Zacian|18\/100\n|-status|p2a: Zacian|brn\n|\n|-damage|p2a: Zacian|12\/100 brn|[from] brn\n|upkeep\n|turn|25\n|\n|t:|1698757717\n|move|p2a: Zacian|Behemoth Blade|p1a: Ho-Oh\n|-damage|p1a: Ho-Oh|0 fnt\n|faint|p1a: Ho-Oh\n|\n|-damage|p2a: Zacian|6\/100 brn|[from] brn\n|upkeep\n|\n|t:|1698757722\n|switch|p1a: Necrozma|Necrozma-Dusk-Mane|61\/100\n|-damage|p1a: Necrozma|55\/100|[from] Stealth Rock\n|turn|26\n|\n|t:|1698757742\n|-terastallize|p2a: Zacian|Ground\n|move|p2a: Zacian|Tera Blast|p1a: Necrozma|[anim] Tera Blast Ground\n|-supereffective|p1a: Necrozma\n|-damage|p1a: Necrozma|4\/100\n|move|p1a: Necrozma|Swords Dance|p1a: Necrozma\n|-boost|p1a: Necrozma|atk|2\n|\n|-damage|p2a: Zacian|0 fnt|[from] brn\n|faint|p2a: Zacian\n|upkeep\n|\n|t:|1698757755\n|switch|p2a: Rayquaza|Rayquaza|33\/100\n|-damage|p2a: Rayquaza|8\/100|[from] Stealth Rock\n|-ability|p2a: Rayquaza|Air Lock\n|turn|27\n|\n|t:|1698757764\n|move|p2a: Rayquaza|Dragon Ascent|p1a: Necrozma\n|-resisted|p1a: Necrozma\n|-damage|p1a: Necrozma|0 fnt\n|-unboost|p2a: Rayquaza|def|1\n|-unboost|p2a: Rayquaza|spd|1\n|faint|p1a: Necrozma\n|\n|upkeep\n|\n|t:|1698757766\n|switch|p1a: Mewtwo|Mewtwo|61\/100\n|-damage|p1a: Mewtwo|49\/100|[from] Stealth Rock\n|-ability|p1a: Mewtwo|Pressure\n|turn|28\n|\n|t:|1698757777\n|move|p1a: Mewtwo|Ice Beam|p2a: Rayquaza\n|-supereffective|p2a: Rayquaza\n|-damage|p2a: Rayquaza|0 fnt\n|faint|p2a: Rayquaza\n|\n|upkeep\n|\n|t:|1698757784\n|switch|p2a: Groudon|Groudon-Primal|42\/100\n|-damage|p2a: Groudon|29\/100|[from] Stealth Rock\n|-weather|DesolateLand|[from] ability: Desolate Land|[of] p2a: Groudon\n|turn|29\n|\n|t:|1698757798\n|detailschange|p1a: Mewtwo|Mewtwo-Mega-Y\n|-mega|p1a: Mewtwo|Mewtwo|Mewtwonite Y\n|move|p1a: Mewtwo|Psystrike|p2a: Groudon\n|-damage|p2a: Groudon|0 fnt\n|faint|p2a: Groudon\n|-weather|none\n|\n|win|nfyhsueryfgius\n|raw|nfyhsueryfgius's rating: 1732 &rarr; <strong>1755<\/strong><br \/>(+23 for winning)\n|raw|85792195wwww's rating: 1779 &rarr; <strong>1756<\/strong><br \/>(-23 for losing)\n|l|\u2606nfyhsueryfgius\n|l|\u203d85792195wwww\n","uploadtime":1698757806,"views":5,"p1id":"nfyhsueryfgius","p2id":"85792195wwww","formatid":"gen9nationaldexubers","rating":1755,"private":0,"password":""}