{"id":"gen9nationaldexubers-1986717583","p1":"AmGeiii","p2":"Plasmic Cosmos","format":"[Gen 9] National Dex Ubers","log":"|j|\u2606AmGeiii\n|j|\u2606Plasmic Cosmos\n|inactive|Battle timer is ON: inactive players will automatically lose when time's up.\n|t:|1699513331\n|gametype|singles\n|player|p1|AmGeiii|benga|\n|player|p2|Plasmic Cosmos|ghetsis|\n|teamsize|p1|6\n|teamsize|p2|6\n|gen|9\n|tier|[Gen 9] National Dex Ubers\n|rated|Tournament battle\n|rule|HP Percentage Mod: HP is shown in percentages\n|rule|Endless Battle Clause: Forcing endless battles is banned\n|rule|OHKO Clause: OHKO moves are banned\n|rule|Evasion Moves Clause: Evasion moves are banned\n|rule|Evasion Items Clause: Evasion items are banned\n|rule|Species Clause: Limit one of each Pok\u00e9mon\n|rule|Sleep Clause Mod: Limit one foe put to sleep\n|rule|Mega Rayquaza Clause: You cannot mega evolve Rayquaza\n|clearpoke\n|poke|p1|Zacian-Crowned|\n|poke|p1|Lucario-Mega, M|\n|poke|p1|Banette-Mega, F|\n|poke|p1|Ho-Oh|\n|poke|p1|Mewtwo-Mega-X|\n|poke|p1|Latias-Mega, F|\n|poke|p2|Kyogre-Primal|\n|poke|p2|Groudon-Primal|\n|poke|p2|Necrozma-Dusk-Mane|\n|poke|p2|Ho-Oh|\n|poke|p2|Arceus-Dark|\n|poke|p2|Palkia-Origin|\n|teampreview\n|j|*Lady Monita \u263d\n|inactive|Plasmic Cosmos also wants the timer to be on.\n|\n|t:|1699513355\n|start\n|switch|p1a: Banette|Banette-Mega, F|100\/100\n|switch|p2a: Kyogre|Kyogre-Primal|100\/100\n|-weather|PrimordialSea|[from] ability: Primordial Sea|[of] p2a: Kyogre\n|turn|1\n|\n|t:|1699513364\n|move|p1a: Banette|Destiny Bond|p1a: Banette\n|-singlemove|p1a: Banette|Destiny Bond\n|move|p2a: Kyogre|Scald|p1a: Banette\n|-damage|p1a: Banette|12\/100\n|\n|-weather|PrimordialSea|[upkeep]\n|upkeep\n|turn|2\n|\n|t:|1699513373\n|move|p2a: Kyogre|Scald|p1a: Banette\n|-damage|p1a: Banette|0 fnt\n|faint|p1a: Banette\n|-activate|p1a: Banette|move: Destiny Bond\n|faint|p2a: Kyogre\n|-weather|none\n|\n|upkeep\n|\n|t:|1699513390\n|switch|p2a: Groudon|Groudon-Primal|100\/100\n|switch|p1a: Ho-Oh|Ho-Oh|100\/100\n|-weather|DesolateLand|[from] ability: Desolate Land|[of] p2a: Groudon\n|turn|3\n|\n|t:|1699513400\n|move|p2a: Groudon|Spikes|p1a: Ho-Oh\n|-sidestart|p1: AmGeiii|Spikes\n|move|p1a: Ho-Oh|Toxic|p2a: Groudon\n|-status|p2a: Groudon|tox\n|\n|-weather|DesolateLand|[upkeep]\n|-damage|p2a: Groudon|94\/100 tox|[from] psn\n|upkeep\n|turn|4\n|\n|t:|1699513406\n|move|p2a: Groudon|Spikes|p1a: Ho-Oh\n|-sidestart|p1: AmGeiii|Spikes\n|move|p1a: Ho-Oh|Defog|p2a: Groudon\n|-unboost|p2a: Groudon|evasion|1\n|-sideend|p1: AmGeiii|Spikes|[from] move: Defog|[of] p1a: Ho-Oh\n|\n|-weather|DesolateLand|[upkeep]\n|-damage|p2a: Groudon|82\/100 tox|[from] psn\n|upkeep\n|turn|5\n|\n|t:|1699513412\n|switch|p1a: Latias|Latias-Mega, F|100\/100\n|move|p2a: Groudon|Rock Tomb|p1a: Latias\n|-damage|p1a: Latias|85\/100\n|-unboost|p1a: Latias|spe|1\n|\n|-weather|DesolateLand|[upkeep]\n|-heal|p1a: Latias|91\/100|[from] item: Leftovers\n|-damage|p2a: Groudon|64\/100 tox|[from] psn\n|upkeep\n|turn|6\n|\n|t:|1699513419\n|move|p2a: Groudon|Swords Dance|p2a: Groudon\n|-boost|p2a: Groudon|atk|2\n|move|p1a: Latias|Calm Mind|p1a: Latias\n|-boost|p1a: Latias|spa|1\n|-boost|p1a: Latias|spd|1\n|\n|-weather|DesolateLand|[upkeep]\n|-heal|p1a: Latias|97\/100|[from] item: Leftovers\n|-damage|p2a: Groudon|39\/100 tox|[from] psn\n|upkeep\n|turn|7\n|\n|t:|1699513422\n|move|p2a: Groudon|Spikes|p1a: Latias\n|-sidestart|p1: AmGeiii|Spikes\n|move|p1a: Latias|Calm Mind|p1a: Latias\n|-boost|p1a: Latias|spa|1\n|-boost|p1a: Latias|spd|1\n|\n|-weather|DesolateLand|[upkeep]\n|-heal|p1a: Latias|100\/100|[from] item: Leftovers\n|-damage|p2a: Groudon|8\/100 tox|[from] psn\n|upkeep\n|turn|8\n|\n|t:|1699513428\n|move|p2a: Groudon|Rock Tomb|p1a: Latias\n|-damage|p1a: Latias|64\/100\n|-unboost|p1a: Latias|spe|1\n|move|p1a: Latias|Calm Mind|p1a: Latias\n|-boost|p1a: Latias|spa|1\n|-boost|p1a: Latias|spd|1\n|\n|-weather|DesolateLand|[upkeep]\n|-heal|p1a: Latias|70\/100|[from] item: Leftovers\n|-damage|p2a: Groudon|0 fnt|[from] psn\n|faint|p2a: Groudon\n|-weather|none\n|upkeep\n|\n|t:|1699513434\n|switch|p2a: Ho-Oh|Ho-Oh, shiny|100\/100\n|turn|9\n|\n|t:|1699513447\n|move|p2a: Ho-Oh|Defog|p1a: Latias\n|-unboost|p1a: Latias|evasion|1\n|-sideend|p1: AmGeiii|Spikes|[from] move: Defog|[of] p2a: Ho-Oh\n|move|p1a: Latias|Thunderbolt|p2a: Ho-Oh\n|-supereffective|p2a: Ho-Oh\n|-damage|p2a: Ho-Oh|31\/100\n|\n|-heal|p1a: Latias|76\/100|[from] item: Leftovers\n|upkeep\n|turn|10\n|\n|t:|1699513453\n|move|p2a: Ho-Oh|Toxic|p1a: Latias\n|-status|p1a: Latias|tox\n|move|p1a: Latias|Roost|p1a: Latias\n|-heal|p1a: Latias|100\/100 tox\n|-singleturn|p1a: Latias|move: Roost\n|\n|-damage|p1a: Latias|94\/100 tox|[from] psn\n|upkeep\n|turn|11\n|\n|t:|1699513460\n|move|p2a: Ho-Oh|Sacred Fire|p1a: Latias\n|-resisted|p1a: Latias\n|-damage|p1a: Latias|82\/100 tox\n|move|p1a: Latias|Thunderbolt|p2a: Ho-Oh\n|-supereffective|p2a: Ho-Oh\n|-damage|p2a: Ho-Oh|0 fnt\n|faint|p2a: Ho-Oh\n|\n|-heal|p1a: Latias|88\/100 tox|[from] item: Leftovers\n|-damage|p1a: Latias|76\/100 tox|[from] psn\n|upkeep\n|\n|t:|1699513472\n|switch|p2a: Arceus|Arceus-Dark|100\/100\n|turn|12\n|\n|t:|1699513486\n|move|p2a: Arceus|Taunt|p1a: Latias\n|-start|p1a: Latias|move: Taunt\n|move|p1a: Latias|Ice Beam|p2a: Arceus\n|-damage|p2a: Arceus|57\/100\n|\n|-heal|p1a: Latias|82\/100 tox|[from] item: Leftovers\n|-damage|p1a: Latias|64\/100 tox|[from] psn\n|upkeep\n|turn|13\n|\n|t:|1699513495\n|move|p2a: Arceus|Foul Play|p1a: Latias\n|-supereffective|p1a: Latias\n|-damage|p1a: Latias|29\/100 tox\n|move|p1a: Latias|Ice Beam|p2a: Arceus\n|-damage|p2a: Arceus|14\/100\n|\n|-heal|p1a: Latias|35\/100 tox|[from] item: Leftovers\n|-damage|p1a: Latias|11\/100 tox|[from] psn\n|upkeep\n|turn|14\n|\n|t:|1699513499\n|move|p2a: Arceus|Recover|p2a: Arceus\n|-heal|p2a: Arceus|64\/100\n|move|p1a: Latias|Ice Beam|p2a: Arceus\n|-crit|p2a: Arceus\n|-damage|p2a: Arceus|0 fnt\n|faint|p2a: Arceus\n|\n|-heal|p1a: Latias|17\/100 tox|[from] item: Leftovers\n|-damage|p1a: Latias|0 fnt|[from] psn\n|faint|p1a: Latias\n|upkeep\n|\n|t:|1699513509\n|switch|p2a: Necrozma|Necrozma-Dusk-Mane|100\/100\n|switch|p1a: Mewtwo|Mewtwo-Mega-X|100\/100\n|turn|15\n|\n|t:|1699513520\n|move|p1a: Mewtwo|Bulk Up|p1a: Mewtwo\n|-boost|p1a: Mewtwo|atk|1\n|-boost|p1a: Mewtwo|def|1\n|move|p2a: Necrozma|Toxic|p1a: Mewtwo\n|-status|p1a: Mewtwo|tox\n|\n|-damage|p1a: Mewtwo|94\/100 tox|[from] psn\n|upkeep\n|turn|16\n|\n|t:|1699513524\n|move|p1a: Mewtwo|Trailblaze|p2a: Necrozma\n|-resisted|p2a: Necrozma\n|-damage|p2a: Necrozma|89\/100\n|-boost|p1a: Mewtwo|spe|1\n|move|p2a: Necrozma|Stealth Rock|p1a: Mewtwo\n|-sidestart|p1: AmGeiii|move: Stealth Rock\n|\n|-heal|p2a: Necrozma|95\/100|[from] item: Leftovers\n|-damage|p1a: Mewtwo|82\/100 tox|[from] psn\n|upkeep\n|turn|17\n|\n|t:|1699513529\n|-zpower|p1a: Mewtwo\n|move|p1a: Mewtwo|All-Out Pummeling|p2a: Necrozma|[zeffect]\n|-damage|p2a: Necrozma|0 fnt\n|faint|p2a: Necrozma\n|\n|-damage|p1a: Mewtwo|64\/100 tox|[from] psn\n|upkeep\n|\n|t:|1699513537\n|switch|p2a: Palkia|Palkia-Origin|100\/100\n|-ability|p2a: Palkia|Pressure\n|turn|18\n|\n|t:|1699513545\n|move|p1a: Mewtwo|Drain Punch|p2a: Palkia\n|-damage|p2a: Palkia|7\/100\n|-heal|p1a: Mewtwo|100\/100 tox|[from] drain|[of] p2a: Palkia\n|move|p2a: Palkia|Substitute|p2a: Palkia\n|-fail|p2a: Palkia|move: Substitute|[weak]\n|\n|-damage|p1a: Mewtwo|76\/100 tox|[from] psn\n|upkeep\n|turn|19\n|c|\u2606AmGeiii|gg\n|c|\u2606Plasmic Cosmos|Indeed\n|\n|t:|1699513553\n|move|p1a: Mewtwo|Drain Punch|p2a: Palkia\n|-damage|p2a: Palkia|0 fnt\n|-heal|p1a: Mewtwo|79\/100 tox|[from] drain|[of] p2a: Palkia\n|faint|p2a: Palkia\n|\n|win|AmGeiii\n|n|\u2606AmGeiii|amgeiii\n|n|\u2606Plasmic Cosmos|plasmiccosmos\n|n|*Lady Monita \u263d|ladymonita\n","uploadtime":1699513555,"views":5,"p1id":"amgeiii","p2id":"plasmiccosmos","formatid":"gen9nationaldexubers","rating":0,"private":0,"password":""}