{"id":"gen9nationaldexubers-1986081918","p1":"No.1 Kyurem Fan","p2":"Chaitanya15","format":"[Gen 9] National Dex Ubers","log":"|j|\u2606No.1 Kyurem Fan\n|j|\u2606Chaitanya15\n|t:|1699448017\n|gametype|singles\n|player|p1|No.1 Kyurem Fan|green|1259\n|player|p2|Chaitanya15|266|1446\n|teamsize|p1|6\n|teamsize|p2|6\n|gen|9\n|tier|[Gen 9] National Dex Ubers\n|rated|\n|rule|HP Percentage Mod: HP is shown in percentages\n|rule|Endless Battle Clause: Forcing endless battles is banned\n|rule|OHKO Clause: OHKO moves are banned\n|rule|Evasion Moves Clause: Evasion moves are banned\n|rule|Evasion Items Clause: Evasion items are banned\n|rule|Species Clause: Limit one of each Pok\u00e9mon\n|rule|Sleep Clause Mod: Limit one foe put to sleep\n|rule|Mega Rayquaza Clause: You cannot mega evolve Rayquaza\n|clearpoke\n|poke|p1|Kyurem-White|\n|poke|p1|Zacian-*|\n|poke|p1|Xerneas-*|\n|poke|p1|Salamence, F|\n|poke|p1|Necrozma-Dusk-Mane|\n|poke|p1|Shuckle, F|\n|poke|p2|Kingambit, F|\n|poke|p2|Basculegion, M|\n|poke|p2|Kyogre|\n|poke|p2|Flutter Mane|\n|poke|p2|Deoxys-Speed|\n|poke|p2|Groudon|\n|teampreview\n|inactive|Battle timer is ON: inactive players will automatically lose when time's up. (requested by No.1 Kyurem Fan)\n|c|\u2606No.1 Kyurem Fan|glhf!\n|\n|t:|1699448031\n|start\n|switch|p1a: Shuckle|Shuckle, F, shiny|100\/100\n|switch|p2a: Groudon|Groudon|100\/100\n|detailschange|p2a: Groudon|Groudon-Primal\n|-primal|p2a: Groudon|Red Orb\n|-weather|DesolateLand|[from] ability: Desolate Land|[of] p2a: Groudon\n|turn|1\n|c|\u2606Chaitanya15|Same to you\n|\n|t:|1699448046\n|move|p2a: Groudon|Swords Dance|p2a: Groudon\n|-boost|p2a: Groudon|atk|2\n|move|p1a: Shuckle|Sticky Web|p2a: Groudon\n|-sidestart|p2: Chaitanya15|move: Sticky Web\n|\n|-weather|DesolateLand|[upkeep]\n|upkeep\n|turn|2\n|c|\u2606No.1 Kyurem Fan|:)\n|\n|t:|1699448051\n|move|p2a: Groudon|Rock Polish|p2a: Groudon\n|-boost|p2a: Groudon|spe|2\n|move|p1a: Shuckle|Wrap|p2a: Groudon\n|-damage|p2a: Groudon|99\/100\n|-activate|p2a: Groudon|move: Wrap|[of] p1a: Shuckle\n|\n|-weather|DesolateLand|[upkeep]\n|-damage|p2a: Groudon|87\/100|[from] move: Wrap|[partiallytrapped]\n|upkeep\n|turn|3\n|\n|t:|1699448061\n|move|p2a: Groudon|Heat Crash|p1a: Shuckle\n|-ability|p1a: Shuckle|Sturdy\n|-damage|p1a: Shuckle|1\/100\n|move|p1a: Shuckle|Toxic|p2a: Groudon|[miss]\n|-miss|p1a: Shuckle|p2a: Groudon\n|\n|-weather|DesolateLand|[upkeep]\n|-heal|p1a: Shuckle|7\/100|[from] item: Leftovers\n|-damage|p2a: Groudon|75\/100|[from] move: Wrap|[partiallytrapped]\n|upkeep\n|turn|4\n|\n|t:|1699448072\n|move|p2a: Groudon|Heat Crash|p1a: Shuckle\n|-damage|p1a: Shuckle|0 fnt\n|faint|p1a: Shuckle\n|\n|-weather|DesolateLand|[upkeep]\n|-end|p2a: Groudon|Wrap|[partiallytrapped]|[silent]\n|upkeep\n|\n|t:|1699448083\n|switch|p1a: Necrozma|Necrozma-Dusk-Mane, shiny|100\/100\n|turn|5\n|\n|t:|1699448088\n|detailschange|p1a: Necrozma|Necrozma-Ultra, shiny\n|-burst|p1a: Necrozma|Necrozma|Ultranecrozium Z\n|move|p2a: Groudon|Precipice Blades|p1a: Necrozma|[miss]\n|-miss|p2a: Groudon|p1a: Necrozma\n|move|p1a: Necrozma|Dragon Dance|p1a: Necrozma\n|-boost|p1a: Necrozma|atk|1\n|-boost|p1a: Necrozma|spe|1\n|\n|-weather|DesolateLand|[upkeep]\n|upkeep\n|turn|6\n|\n|t:|1699448098\n|move|p2a: Groudon|Precipice Blades|p1a: Necrozma\n|-damage|p1a: Necrozma|0 fnt\n|faint|p1a: Necrozma\n|\n|-weather|DesolateLand|[upkeep]\n|upkeep\n|\n|t:|1699448104\n|switch|p1a: Kyurem|Kyurem-White, shiny|100\/100\n|-ability|p1a: Kyurem|Turboblaze\n|turn|7\n|\n|t:|1699448115\n|-terastallize|p1a: Kyurem|Fire\n|move|p2a: Groudon|Precipice Blades|p1a: Kyurem\n|-supereffective|p1a: Kyurem\n|-damage|p1a: Kyurem|0 fnt\n|faint|p1a: Kyurem\n|\n|-weather|DesolateLand|[upkeep]\n|upkeep\n|\n|t:|1699448119\n|switch|p1a: Zacian|Zacian-Crowned, shiny|100\/100\n|-ability|p1a: Zacian|Intrepid Sword|boost\n|-boost|p1a: Zacian|atk|1\n|turn|8\n|c|\u2606No.1 Kyurem Fan|dam\n|\n|t:|1699448126\n|move|p1a: Zacian|Quick Attack|p2a: Groudon\n|-damage|p2a: Groudon|59\/100\n|move|p2a: Groudon|Heat Crash|p1a: Zacian\n|-supereffective|p1a: Zacian\n|-crit|p1a: Zacian\n|-damage|p1a: Zacian|0 fnt\n|faint|p1a: Zacian\n|\n|-weather|DesolateLand|[upkeep]\n|upkeep\n|-message|No.1 Kyurem Fan forfeited.\n|\n|win|Chaitanya15\n|raw|No.1 Kyurem Fan's rating: 1259 &rarr; <strong>1246<\/strong><br \/>(-13 for losing)\n|raw|Chaitanya15's rating: 1446 &rarr; <strong>1456<\/strong><br \/>(+10 for winning)\n|l|\u2606No.1 Kyurem Fan\n","uploadtime":1699448150,"views":6,"p1id":"no1kyuremfan","p2id":"chaitanya15","formatid":"gen9nationaldexubers","rating":1246,"private":0,"password":""}