{"id":"gen9nationaldexubers-2000193696","p1":"SkillfulLoser","p2":"getshi","format":"[Gen 9] National Dex Ubers","log":"|j|\u2606SkillfulLoser\n|j|\u2606getshi\n|t:|1701170235\n|gametype|singles\n|player|p1|SkillfulLoser|169|1290\n|player|p2|getshi|zinzolin|1187\n|teamsize|p1|6\n|teamsize|p2|6\n|gen|9\n|tier|[Gen 9] National Dex Ubers\n|rated|\n|rule|HP Percentage Mod: HP is shown in percentages\n|rule|Endless Battle Clause: Forcing endless battles is banned\n|rule|OHKO Clause: OHKO moves are banned\n|rule|Evasion Moves Clause: Evasion moves are banned\n|rule|Evasion Items Clause: Evasion items are banned\n|rule|Species Clause: Limit one of each Pok\u00e9mon\n|rule|Sleep Clause Mod: Limit one foe put to sleep\n|rule|Mega Rayquaza Clause: You cannot mega evolve Rayquaza\n|clearpoke\n|poke|p1|Giratina-Origin|\n|poke|p1|Ho-Oh|\n|poke|p1|Xerneas-*|\n|poke|p1|Groudon|\n|poke|p1|Arceus-Fairy|\n|poke|p1|Necrozma-Dusk-Mane|\n|poke|p2|Quaquaval, F|\n|poke|p2|Zeraora|\n|poke|p2|Gliscor, M|\n|poke|p2|Volcarona, M|\n|poke|p2|Annihilape, F|\n|poke|p2|Medicham, M|\n|teampreview\n|inactive|Battle timer is ON: inactive players will automatically lose when time's up. (requested by SkillfulLoser)\n|\n|t:|1701170240\n|start\n|switch|p1a: Arceus|Arceus-Fairy|100\/100\n|switch|p2a: Quaquaval|Quaquaval, F|100\/100\n|turn|1\n|\n|t:|1701170248\n|move|p1a: Arceus|Judgment|p2a: Quaquaval\n|-supereffective|p2a: Quaquaval\n|-damage|p2a: Quaquaval|12\/100\n|move|p2a: Quaquaval|Aqua Step|p1a: Arceus\n|-damage|p1a: Arceus|75\/100\n|-boost|p2a: Quaquaval|spe|1\n|\n|upkeep\n|turn|2\n|\n|t:|1701170263\n|switch|p2a: Volcarona|Volcarona, M|100\/100\n|move|p1a: Arceus|Recover|p1a: Arceus\n|-heal|p1a: Arceus|100\/100\n|\n|upkeep\n|turn|3\n|\n|t:|1701170269\n|move|p2a: Volcarona|Quiver Dance|p2a: Volcarona\n|-boost|p2a: Volcarona|spa|1\n|-boost|p2a: Volcarona|spd|1\n|-boost|p2a: Volcarona|spe|1\n|move|p1a: Arceus|Taunt|p2a: Volcarona\n|-start|p2a: Volcarona|move: Taunt\n|\n|upkeep\n|turn|4\n|\n|t:|1701170278\n|move|p2a: Volcarona|Fiery Dance|p1a: Arceus\n|-damage|p1a: Arceus|58\/100\n|-boost|p2a: Volcarona|spa|1\n|move|p1a: Arceus|Toxic|p2a: Volcarona\n|-status|p2a: Volcarona|tox\n|\n|-damage|p2a: Volcarona|94\/100 tox|[from] psn\n|upkeep\n|turn|5\n|\n|t:|1701170286\n|switch|p1a: Ho-Oh|Ho-Oh|100\/100\n|move|p2a: Volcarona|Fiery Dance|p1a: Ho-Oh\n|-resisted|p1a: Ho-Oh\n|-damage|p1a: Ho-Oh|82\/100\n|-boost|p2a: Volcarona|spa|1\n|\n|-damage|p2a: Volcarona|82\/100 tox|[from] psn\n|upkeep\n|turn|6\n|\n|t:|1701170303\n|switch|p1a: Necrozma|Necrozma-Dusk-Mane|100\/100\n|move|p2a: Volcarona|Fiery Dance|p1a: Necrozma\n|-supereffective|p1a: Necrozma\n|-damage|p1a: Necrozma|0 fnt\n|faint|p1a: Necrozma\n|\n|-damage|p2a: Volcarona|64\/100 tox|[from] psn\n|-end|p2a: Volcarona|move: Taunt\n|upkeep\n|\n|t:|1701170311\n|switch|p1a: Ho-Oh|Ho-Oh|100\/100\n|turn|7\n|\n|t:|1701170315\n|move|p2a: Volcarona|Bug Buzz|p1a: Ho-Oh\n|-resisted|p1a: Ho-Oh\n|-damage|p1a: Ho-Oh|87\/100\n|move|p1a: Ho-Oh|Whirlwind|p2a: Volcarona\n|drag|p2a: Annihilape|Annihilape, F|100\/100\n|\n|upkeep\n|turn|8\n|\n|t:|1701170327\n|switch|p2a: Quaquaval|Quaquaval, F|12\/100\n|move|p1a: Ho-Oh|Toxic|p2a: Quaquaval\n|-status|p2a: Quaquaval|tox\n|\n|-damage|p2a: Quaquaval|6\/100 tox|[from] psn\n|upkeep\n|turn|9\n|\n|t:|1701170334\n|switch|p1a: Arceus|Arceus-Fairy|58\/100\n|move|p2a: Quaquaval|Aqua Step|p1a: Arceus\n|-damage|p1a: Arceus|33\/100\n|-boost|p2a: Quaquaval|spe|1\n|\n|-damage|p2a: Quaquaval|0 fnt|[from] psn\n|faint|p2a: Quaquaval\n|upkeep\n|\n|t:|1701170343\n|switch|p2a: Medicham|Medicham, M|100\/100\n|turn|10\n|\n|t:|1701170347\n|switch|p1a: Giratina|Giratina-Origin|100\/100\n|detailschange|p2a: Medicham|Medicham-Mega, M\n|-mega|p2a: Medicham|Medicham|Medichamite\n|move|p2a: Medicham|Bullet Punch|p1a: Giratina\n|-damage|p1a: Giratina|89\/100\n|\n|upkeep\n|turn|11\n|\n|t:|1701170355\n|move|p2a: Medicham|Ice Punch|p1a: Giratina\n|-supereffective|p1a: Giratina\n|-damage|p1a: Giratina|48\/100\n|move|p1a: Giratina|Will-O-Wisp|p2a: Medicham|[miss]\n|-miss|p1a: Giratina|p2a: Medicham\n|\n|upkeep\n|turn|12\n|c|\u2606SkillfulLoser|hm\n|\n|t:|1701170369\n|switch|p2a: Volcarona|Volcarona, M|64\/100 tox\n|move|p1a: Giratina|Will-O-Wisp||[still]\n|-fail|p1a: Giratina\n|\n|-damage|p2a: Volcarona|58\/100 tox|[from] psn\n|upkeep\n|turn|13\n|\n|t:|1701170376\n|move|p2a: Volcarona|Fiery Dance|p1a: Giratina\n|-resisted|p1a: Giratina\n|-damage|p1a: Giratina|34\/100\n|move|p1a: Giratina|Rest|p1a: Giratina\n|-status|p1a: Giratina|slp|[from] move: Rest\n|-heal|p1a: Giratina|100\/100 slp|[silent]\n|\n|-damage|p2a: Volcarona|46\/100 tox|[from] psn\n|upkeep\n|turn|14\n|\n|t:|1701170385\n|move|p2a: Volcarona|Quiver Dance|p2a: Volcarona\n|-boost|p2a: Volcarona|spa|1\n|-boost|p2a: Volcarona|spd|1\n|-boost|p2a: Volcarona|spe|1\n|cant|p1a: Giratina|slp\n|\n|-damage|p2a: Volcarona|27\/100 tox|[from] psn\n|upkeep\n|turn|15\n|\n|t:|1701170392\n|move|p2a: Volcarona|Giga Drain|p1a: Giratina\n|-resisted|p1a: Giratina\n|-crit|p1a: Giratina\n|-damage|p1a: Giratina|80\/100 slp\n|-heal|p2a: Volcarona|44\/100 tox|[from] drain|[of] p1a: Giratina\n|cant|p1a: Giratina|slp\n|\n|-damage|p2a: Volcarona|19\/100 tox|[from] psn\n|upkeep\n|turn|16\n|\n|t:|1701170401\n|switch|p2a: Annihilape|Annihilape, F|100\/100\n|switch|p1a: Ho-Oh|Ho-Oh|100\/100\n|\n|upkeep\n|turn|17\n|\n|t:|1701170409\n|move|p2a: Annihilape|U-turn|p1a: Ho-Oh\n|-resisted|p1a: Ho-Oh\n|-damage|p1a: Ho-Oh|96\/100\n|\n|t:|1701170413\n|switch|p2a: Gliscor|Gliscor, M|100\/100|[from] U-turn\n|move|p1a: Ho-Oh|Sacred Fire|p2a: Gliscor\n|-damage|p2a: Gliscor|56\/100\n|\n|-status|p2a: Gliscor|tox|[from] item: Toxic Orb\n|upkeep\n|turn|18\n|\n|t:|1701170420\n|switch|p1a: Giratina|Giratina-Origin|80\/100 slp\n|move|p2a: Gliscor|Stone Edge|p1a: Giratina\n|-damage|p1a: Giratina|66\/100 slp\n|\n|-heal|p2a: Gliscor|68\/100 tox|[from] ability: Poison Heal\n|upkeep\n|turn|19\n|\n|t:|1701170434\n|move|p2a: Gliscor|Ice Fang|p1a: Giratina\n|-supereffective|p1a: Giratina\n|-damage|p1a: Giratina|47\/100 slp\n|-curestatus|p1a: Giratina|slp|[msg]\n|move|p1a: Giratina|Hex|p2a: Gliscor\n|-damage|p2a: Gliscor|0 fnt\n|faint|p2a: Gliscor\n|\n|upkeep\n|\n|t:|1701170446\n|switch|p2a: Annihilape|Annihilape, F|100\/100\n|turn|20\n|\n|t:|1701170460\n|-terastallize|p2a: Annihilape|Fighting\n|move|p2a: Annihilape|Ice Punch|p1a: Giratina\n|-supereffective|p1a: Giratina\n|-crit|p1a: Giratina\n|-damage|p1a: Giratina|11\/100\n|-status|p1a: Giratina|frz\n|cant|p1a: Giratina|frz\n|\n|upkeep\n|turn|21\n|c|\u2606SkillfulLoser|wtf is this\n|c|\u2606SkillfulLoser|you crit freeze me\n|c|\u2606SkillfulLoser|after critting before with volc\n|c|\u2606getshi|my luck recently has been terrible\n|inactive|SkillfulLoser has 120 seconds left.\n|inactive|getshi has 120 seconds left.\n|c|\u2606SkillfulLoser|while I dont burn gliscor with 50%\n|c|\u2606getshi|so i think itas turning and you are taking the brunt of it\n|c|\u2606SkillfulLoser|and miss willo on medicham\n|\n|t:|1701170520\n|move|p2a: Annihilape|Rage Fist|p1a: Giratina\n|-supereffective|p1a: Giratina\n|-damage|p1a: Giratina|0 fnt\n|faint|p1a: Giratina\n|\n|upkeep\n|\n|t:|1701170524\n|switch|p1a: Arceus|Arceus-Fairy|33\/100\n|turn|22\n|\n|t:|1701170535\n|move|p1a: Arceus|Recover|p1a: Arceus\n|-heal|p1a: Arceus|83\/100\n|move|p2a: Annihilape|U-turn|p1a: Arceus\n|-resisted|p1a: Arceus\n|-damage|p1a: Arceus|77\/100\n|\n|t:|1701170540\n|switch|p2a: Medicham|Medicham-Mega, M|100\/100|[from] U-turn\n|\n|upkeep\n|turn|23\n|inactive|SkillfulLoser has 120 seconds left.\n|\n|t:|1701170558\n|-terastallize|p1a: Arceus|Flying\n|move|p2a: Medicham|Bullet Punch|p1a: Arceus\n|-damage|p1a: Arceus|64\/100\n|move|p1a: Arceus|Toxic|p2a: Medicham\n|-status|p2a: Medicham|tox\n|\n|-damage|p2a: Medicham|94\/100 tox|[from] psn\n|upkeep\n|turn|24\n|inactive|SkillfulLoser has 90 seconds left.\n|inactive|SkillfulLoser has 60 seconds left.\n|\n|t:|1701170644\n|move|p2a: Medicham|Ice Punch|p1a: Arceus\n|-supereffective|p1a: Arceus\n|-damage|p1a: Arceus|11\/100\n|move|p1a: Arceus|Recover|p1a: Arceus\n|-heal|p1a: Arceus|61\/100\n|\n|-damage|p2a: Medicham|82\/100 tox|[from] psn\n|upkeep\n|turn|25\n|\n|t:|1701170652\n|switch|p2a: Zeraora|Zeraora|100\/100\n|switch|p1a: Ho-Oh|Ho-Oh|100\/100\n|\n|upkeep\n|turn|26\n|\n|t:|1701170663\n|switch|p1a: Groudon|Groudon|100\/100\n|detailschange|p1a: Groudon|Groudon-Primal\n|-primal|p1a: Groudon|Red Orb\n|-weather|DesolateLand|[from] ability: Desolate Land|[of] p1a: Groudon\n|move|p2a: Zeraora|Hone Claws|p2a: Zeraora\n|-boost|p2a: Zeraora|atk|1\n|-boost|p2a: Zeraora|accuracy|1\n|\n|-weather|DesolateLand|[upkeep]\n|upkeep\n|turn|27\n|\n|t:|1701170680\n|switch|p2a: Annihilape|Annihilape, F, tera:Fighting|100\/100\n|move|p1a: Groudon|Earthquake|p2a: Annihilape\n|-damage|p2a: Annihilape|17\/100\n|\n|-weather|DesolateLand|[upkeep]\n|upkeep\n|turn|28\n|inactive|SkillfulLoser has 60 seconds left.\n|\n|t:|1701170693\n|move|p2a: Annihilape|Rage Fist|p1a: Groudon\n|-damage|p1a: Groudon|70\/100\n|move|p1a: Groudon|Earthquake|p2a: Annihilape\n|-damage|p2a: Annihilape|0 fnt\n|faint|p2a: Annihilape\n|\n|-weather|DesolateLand|[upkeep]\n|upkeep\n|\n|t:|1701170700\n|switch|p2a: Volcarona|Volcarona, M|19\/100 tox\n|turn|29\n|inactive|SkillfulLoser has 60 seconds left.\n|\n|t:|1701170714\n|-weather|none\n|switch|p1a: Ho-Oh|Ho-Oh|100\/100\n|move|p2a: Volcarona|Fiery Dance|p1a: Ho-Oh\n|-resisted|p1a: Ho-Oh\n|-damage|p1a: Ho-Oh|91\/100\n|-boost|p2a: Volcarona|spa|1\n|\n|-damage|p2a: Volcarona|13\/100 tox|[from] psn\n|upkeep\n|turn|30\n|\n|t:|1701170724\n|switch|p2a: Zeraora|Zeraora|100\/100\n|move|p1a: Ho-Oh|Sacred Fire|p2a: Zeraora\n|-damage|p2a: Zeraora|45\/100\n|-status|p2a: Zeraora|brn\n|\n|-damage|p2a: Zeraora|39\/100 brn|[from] brn\n|upkeep\n|turn|31\n|c|\u2606getshi|well that has won you the game\n|inactive|SkillfulLoser has 60 seconds left.\n|\n|t:|1701170744\n|switch|p1a: Groudon|Groudon-Primal|70\/100\n|-weather|DesolateLand|[from] ability: Desolate Land|[of] p1a: Groudon\n|move|p2a: Zeraora|Hone Claws|p2a: Zeraora\n|-boost|p2a: Zeraora|atk|1\n|-boost|p2a: Zeraora|accuracy|1\n|\n|-weather|DesolateLand|[upkeep]\n|-damage|p2a: Zeraora|33\/100 brn|[from] brn\n|upkeep\n|turn|32\n|inactive|SkillfulLoser has 60 seconds left.\n|\n|t:|1701170760\n|move|p2a: Zeraora|Drain Punch|p1a: Groudon\n|-damage|p1a: Groudon|59\/100\n|-heal|p2a: Zeraora|39\/100 brn|[from] drain|[of] p1a: Groudon\n|move|p1a: Groudon|Earthquake|p2a: Zeraora\n|-supereffective|p2a: Zeraora\n|-damage|p2a: Zeraora|0 fnt\n|faint|p2a: Zeraora\n|\n|-weather|DesolateLand|[upkeep]\n|upkeep\n|c|\u2606SkillfulLoser|ik\n|\n|t:|1701170775\n|switch|p2a: Volcarona|Volcarona, M|13\/100 tox\n|turn|33\n|c|\u2606SkillfulLoser|im in a tournament on the side too lmao\n|\n|t:|1701170779\n|-weather|none\n|switch|p1a: Ho-Oh|Ho-Oh|100\/100\n|move|p2a: Volcarona|Fiery Dance|p1a: Ho-Oh\n|-resisted|p1a: Ho-Oh\n|-damage|p1a: Ho-Oh|92\/100\n|-boost|p2a: Volcarona|spa|1\n|\n|-damage|p2a: Volcarona|7\/100 tox|[from] psn\n|upkeep\n|turn|34\n|inactive|SkillfulLoser has 60 seconds left.\n|\n|t:|1701170804\n|move|p2a: Volcarona|Bug Buzz|p1a: Ho-Oh\n|-resisted|p1a: Ho-Oh\n|-damage|p1a: Ho-Oh|84\/100\n|move|p1a: Ho-Oh|Sacred Fire|p2a: Volcarona\n|-damage|p2a: Volcarona|0 fnt\n|faint|p2a: Volcarona\n|\n|upkeep\n|\n|t:|1701170812\n|switch|p2a: Medicham|Medicham-Mega, M|82\/100 tox\n|turn|35\n|\n|t:|1701170818\n|move|p2a: Medicham|Power-Up Punch|p1a: Ho-Oh\n|-resisted|p1a: Ho-Oh\n|-damage|p1a: Ho-Oh|67\/100\n|-boost|p2a: Medicham|atk|1\n|move|p1a: Ho-Oh|Sacred Fire|p2a: Medicham\n|-damage|p2a: Medicham|22\/100 tox\n|\n|-damage|p2a: Medicham|16\/100 tox|[from] psn\n|upkeep\n|turn|36\n|\n|t:|1701170827\n|move|p2a: Medicham|Drain Punch|p1a: Ho-Oh\n|-resisted|p1a: Ho-Oh\n|-damage|p1a: Ho-Oh|27\/100\n|-heal|p2a: Medicham|48\/100 tox|[from] drain|[of] p1a: Ho-Oh\n|move|p1a: Ho-Oh|Sacred Fire|p2a: Medicham\n|-damage|p2a: Medicham|0 fnt\n|faint|p2a: Medicham\n|\n|win|SkillfulLoser\n|raw|SkillfulLoser's rating: 1290 &rarr; <strong>1308<\/strong><br \/>(+18 for winning)\n|raw|getshi's rating: 1187 &rarr; <strong>1169<\/strong><br \/>(-18 for losing)\n|l|\u2606getshi\n","uploadtime":1701170860,"views":1,"p1id":"skillfulloser","p2id":"getshi","formatid":"gen9nationaldexubers","rating":1169,"private":0,"password":""}