{"id":"gen9nationaldexubers-1982682298","p1":"GoldGrifter","p2":"KingoftheTitans","format":"[Gen 9] National Dex Ubers","log":"|j|\u2606GoldGrifter\n|j|\u2606KingoftheTitans\n|t:|1699035424\n|gametype|singles\n|player|p1|GoldGrifter|clair|1471\n|player|p2|KingoftheTitans|101|1335\n|teamsize|p1|6\n|teamsize|p2|6\n|gen|9\n|tier|[Gen 9] National Dex Ubers\n|rated|\n|rule|HP Percentage Mod: HP is shown in percentages\n|rule|Endless Battle Clause: Forcing endless battles is banned\n|rule|OHKO Clause: OHKO moves are banned\n|rule|Evasion Moves Clause: Evasion moves are banned\n|rule|Evasion Items Clause: Evasion items are banned\n|rule|Species Clause: Limit one of each Pok\u00e9mon\n|rule|Sleep Clause Mod: Limit one foe put to sleep\n|rule|Mega Rayquaza Clause: You cannot mega evolve Rayquaza\n|clearpoke\n|poke|p1|Xerneas-*|\n|poke|p1|Marshadow|\n|poke|p1|Necrozma-Dusk-Mane|\n|poke|p1|Zacian-*|\n|poke|p1|Palkia-Origin|\n|poke|p1|Yveltal|\n|poke|p2|Deoxys-Speed|\n|poke|p2|Mewtwo|\n|poke|p2|Calyrex-Ice|\n|poke|p2|Ho-Oh|\n|poke|p2|Dragapult, M|\n|poke|p2|Kyurem-Black|\n|teampreview\n|inactive|Battle timer is ON: inactive players will automatically lose when time's up. (requested by GoldGrifter)\n|\n|t:|1699035434\n|start\n|switch|p1a: Big Ugly|Palkia-Origin|100\/100\n|switch|p2a: Deoxys|Deoxys-Speed, shiny|100\/100\n|-ability|p2a: Deoxys|Pressure\n|-ability|p1a: Big Ugly|Pressure\n|turn|1\n|\n|t:|1699035441\n|move|p2a: Deoxys|Stealth Rock|p1a: Big Ugly\n|-sidestart|p1: GoldGrifter|move: Stealth Rock\n|move|p1a: Big Ugly|Surf|p2a: Deoxys\n|-damage|p2a: Deoxys|10\/100\n|\n|upkeep\n|turn|2\n|\n|t:|1699035446\n|move|p2a: Deoxys|Spikes|p1a: Big Ugly\n|-sidestart|p1: GoldGrifter|Spikes\n|move|p1a: Big Ugly|Surf|p2a: Deoxys\n|-damage|p2a: Deoxys|0 fnt\n|faint|p2a: Deoxys\n|\n|upkeep\n|\n|t:|1699035452\n|switch|p2a: Dragapult|Dragapult, M, shiny|100\/100\n|turn|3\n|\n|t:|1699035455\n|move|p2a: Dragapult|Draco Meteor|p1a: Big Ugly|[miss]\n|-miss|p2a: Dragapult|p1a: Big Ugly\n|move|p1a: Big Ugly|Spacial Rend|p2a: Dragapult\n|-supereffective|p2a: Dragapult\n|-damage|p2a: Dragapult|0 fnt\n|-start|p1a: Big Ugly|Disable|Spacial Rend|[from] ability: Cursed Body|[of] p2a: Dragapult\n|faint|p2a: Dragapult\n|\n|upkeep\n|\n|t:|1699035462\n|switch|p2a: Kyurem|Kyurem-Black, shiny|100\/100\n|-ability|p2a: Kyurem|Teravolt\n|turn|4\n|\n|t:|1699035466\n|move|p2a: Kyurem|Dragon Dance|p2a: Kyurem\n|-boost|p2a: Kyurem|atk|1\n|-boost|p2a: Kyurem|spe|1\n|move|p1a: Big Ugly|Dragon Tail|p2a: Kyurem|[miss]\n|-miss|p1a: Big Ugly|p2a: Kyurem\n|\n|upkeep\n|turn|5\n|\n|t:|1699035472\n|move|p2a: Kyurem|Scale Shot|p1a: Big Ugly\n|-supereffective|p1a: Big Ugly\n|-damage|p1a: Big Ugly|49\/100\n|-supereffective|p1a: Big Ugly\n|-damage|p1a: Big Ugly|0 fnt\n|faint|p1a: Big Ugly\n|-hitcount|p1: Big Ugly|2\n|-unboost|p2a: Kyurem|def|1\n|-boost|p2a: Kyurem|spe|1\n|\n|upkeep\n|\n|t:|1699035476\n|switch|p1a: Xerneas|Xerneas|100\/100\n|-damage|p1a: Xerneas|88\/100|[from] Stealth Rock\n|-damage|p1a: Xerneas|76\/100|[from] Spikes\n|-ability|p1a: Xerneas|Fairy Aura\n|turn|6\n|\n|t:|1699035485\n|move|p2a: Kyurem|Icicle Spear|p1a: Xerneas\n|-damage|p1a: Xerneas|56\/100\n|-damage|p1a: Xerneas|36\/100\n|-damage|p1a: Xerneas|18\/100\n|-damage|p1a: Xerneas|0 fnt\n|faint|p1a: Xerneas\n|-hitcount|p1: Xerneas|4\n|\n|upkeep\n|\n|t:|1699035488\n|switch|p1a: Fetch|Zacian-Crowned|100\/100\n|-damage|p1a: Fetch|94\/100|[from] Stealth Rock\n|-damage|p1a: Fetch|82\/100|[from] Spikes\n|-ability|p1a: Fetch|Intrepid Sword|boost\n|-boost|p1a: Fetch|atk|1\n|turn|7\n|\n|t:|1699035500\n|-terastallize|p2a: Kyurem|Electric\n|-terastallize|p1a: Fetch|Ground\n|move|p2a: Kyurem|Fusion Bolt|p1a: Fetch\n|-immune|p1a: Fetch\n|move|p1a: Fetch|Behemoth Blade|p2a: Kyurem\n|-resisted|p2a: Kyurem\n|-damage|p2a: Kyurem|36\/100\n|\n|upkeep\n|turn|8\n|\n|t:|1699035509\n|move|p2a: Kyurem|Icicle Spear|p1a: Fetch\n|-supereffective|p1a: Fetch\n|-damage|p1a: Fetch|35\/100\n|-supereffective|p1a: Fetch\n|-damage|p1a: Fetch|0 fnt\n|faint|p1a: Fetch\n|-hitcount|p1: Fetch|2\n|\n|upkeep\n|\n|t:|1699035512\n|switch|p1a: Ghost Buster|Marshadow|100\/100\n|-damage|p1a: Ghost Buster|94\/100|[from] Stealth Rock\n|-damage|p1a: Ghost Buster|82\/100|[from] Spikes\n|turn|9\n|\n|t:|1699035518\n|move|p1a: Ghost Buster|Shadow Sneak|p2a: Kyurem\n|-damage|p2a: Kyurem|0 fnt\n|faint|p2a: Kyurem\n|\n|upkeep\n|\n|t:|1699035526\n|switch|p2a: Ho-Oh|Ho-Oh|100\/100\n|turn|10\n|\n|t:|1699035529\n|move|p1a: Ghost Buster|Rock Tomb|p2a: Ho-Oh\n|-supereffective|p2a: Ho-Oh\n|-damage|p2a: Ho-Oh|16\/100\n|-unboost|p2a: Ho-Oh|spe|1\n|move|p2a: Ho-Oh|Sacred Fire|p1a: Ghost Buster\n|-damage|p1a: Ghost Buster|26\/100\n|\n|upkeep\n|turn|11\n|\n|t:|1699035537\n|move|p1a: Ghost Buster|Shadow Sneak|p2a: Ho-Oh\n|-damage|p2a: Ho-Oh|0 fnt\n|faint|p2a: Ho-Oh\n|\n|upkeep\n|\n|t:|1699035540\n|switch|p2a: Calyrex|Calyrex-Ice|100\/100\n|-ability|p2a: Calyrex|As One\n|-ability|p2a: Calyrex|Unnerve\n|turn|12\n|\n|t:|1699035545\n|move|p1a: Ghost Buster|Rock Tomb|p2a: Calyrex|[miss]\n|-miss|p1a: Ghost Buster|p2a: Calyrex\n|move|p2a: Calyrex|Trick Room|p2a: Calyrex\n|-fieldstart|move: Trick Room|[of] p2a: Calyrex\n|\n|upkeep\n|turn|13\n|\n|t:|1699035550\n|move|p2a: Calyrex|Glacial Lance|p1a: Ghost Buster\n|-damage|p1a: Ghost Buster|0 fnt\n|faint|p1a: Ghost Buster\n|-ability|p2a: Calyrex|Chilling Neigh|boost\n|-boost|p2a: Calyrex|atk|1\n|\n|upkeep\n|\n|t:|1699035551\n|switch|p1a: Necrozma|Necrozma-Dusk-Mane|100\/100\n|-damage|p1a: Necrozma|95\/100|[from] Stealth Rock\n|-damage|p1a: Necrozma|82\/100|[from] Spikes\n|turn|14\n|\n|t:|1699035559\n|move|p2a: Calyrex|High Horsepower|p1a: Necrozma\n|-supereffective|p1a: Necrozma\n|-damage|p1a: Necrozma|7\/100\n|-enditem|p1a: Necrozma|Weakness Policy\n|-boost|p1a: Necrozma|atk|2|[from] item: Weakness Policy\n|-boost|p1a: Necrozma|spa|2|[from] item: Weakness Policy\n|move|p1a: Necrozma|Knock Off|p2a: Calyrex\n|-supereffective|p2a: Calyrex\n|-damage|p2a: Calyrex|3\/100\n|-enditem|p2a: Calyrex|Weakness Policy\n|-boost|p2a: Calyrex|atk|2|[from] item: Weakness Policy\n|-boost|p2a: Calyrex|spa|2|[from] item: Weakness Policy\n|\n|upkeep\n|turn|15\n|\n|t:|1699035568\n|move|p2a: Calyrex|Glacial Lance|p1a: Necrozma\n|-resisted|p1a: Necrozma\n|-damage|p1a: Necrozma|0 fnt\n|faint|p1a: Necrozma\n|-ability|p2a: Calyrex|Chilling Neigh|boost\n|-boost|p2a: Calyrex|atk|1\n|\n|upkeep\n|\n|t:|1699035572\n|switch|p1a: Branwen|Yveltal|100\/100\n|-damage|p1a: Branwen|76\/100|[from] Stealth Rock\n|-ability|p1a: Branwen|Dark Aura\n|turn|16\n|\n|t:|1699035577\n|move|p1a: Branwen|Sucker Punch|p2a: Calyrex\n|-supereffective|p2a: Calyrex\n|-damage|p2a: Calyrex|0 fnt\n|faint|p2a: Calyrex\n|\n|-fieldend|move: Trick Room\n|upkeep\n|\n|t:|1699035582\n|switch|p2a: Mewtwo|Mewtwo, shiny|100\/100\n|-ability|p2a: Mewtwo|Pressure\n|turn|17\n|\n|t:|1699035588\n|detailschange|p2a: Mewtwo|Mewtwo-Mega-Y, shiny\n|-mega|p2a: Mewtwo|Mewtwo|Mewtwonite Y\n|move|p2a: Mewtwo|Ice Beam|p1a: Branwen\n|-supereffective|p1a: Branwen\n|-damage|p1a: Branwen|30\/100\n|move|p1a: Branwen|Dark Pulse|p2a: Mewtwo\n|-supereffective|p2a: Mewtwo\n|-damage|p2a: Mewtwo|0 fnt\n|faint|p2a: Mewtwo\n|\n|win|GoldGrifter\n|raw|GoldGrifter's rating: 1471 &rarr; <strong>1484<\/strong><br \/>(+13 for winning)\n|raw|KingoftheTitans's rating: 1335 &rarr; <strong>1322<\/strong><br \/>(-13 for losing)\n|l|\u2606GoldGrifter\n","uploadtime":1699035597,"views":8,"p1id":"goldgrifter","p2id":"kingofthetitans","formatid":"gen9nationaldexubers","rating":1322,"private":0,"password":""}