{"id":"gen9nationaldexubers-1994750182","p1":"Quan minh tran","p2":"BoaTheConstrictor","format":"[Gen 9] National Dex Ubers","log":"|j|\u2606Quan minh tran\n|j|\u2606BoaTheConstrictor\n|t:|1700488952\n|gametype|singles\n|player|p1|Quan minh tran|102|1050\n|player|p2|BoaTheConstrictor|101|1080\n|teamsize|p1|6\n|teamsize|p2|6\n|gen|9\n|tier|[Gen 9] National Dex Ubers\n|rated|\n|rule|HP Percentage Mod: HP is shown in percentages\n|rule|Endless Battle Clause: Forcing endless battles is banned\n|rule|OHKO Clause: OHKO moves are banned\n|rule|Evasion Moves Clause: Evasion moves are banned\n|rule|Evasion Items Clause: Evasion items are banned\n|rule|Species Clause: Limit one of each Pok\u00e9mon\n|rule|Sleep Clause Mod: Limit one foe put to sleep\n|rule|Mega Rayquaza Clause: You cannot mega evolve Rayquaza\n|clearpoke\n|poke|p1|Shuckle, M|\n|poke|p1|Corviknight, F|\n|poke|p1|Charizard, M|\n|poke|p1|Dragapult, F|\n|poke|p1|Garchomp, F|\n|poke|p1|Xerneas-*|\n|poke|p2|Blaziken, F|\n|poke|p2|Houndstone, M|\n|poke|p2|Dracovish|\n|poke|p2|Kyogre|\n|poke|p2|Aggron, F|\n|poke|p2|Yveltal|\n|teampreview\n|c|\u2606BoaTheConstrictor|ever think its odd how three pokemon of simaler sizes all flap there wings at different speeds\n|\n|t:|1700489009\n|start\n|switch|p1a: Shuckle|Shuckle, M|100\/100\n|switch|p2a: Kyogre|Kyogre|100\/100\n|-weather|RainDance|[from] ability: Drizzle|[of] p2a: Kyogre\n|turn|1\n|\n|t:|1700489018\n|switch|p2a: Dracovish|Dracovish|100\/100\n|move|p1a: Shuckle|Sticky Web|p2a: Dracovish\n|-sidestart|p2: BoaTheConstrictor|move: Sticky Web\n|\n|-weather|RainDance|[upkeep]\n|upkeep\n|turn|2\n|\n|t:|1700489024\n|move|p2a: Dracovish|Fishious Rend|p1a: Shuckle\n|-supereffective|p1a: Shuckle\n|-ability|p1a: Shuckle|Sturdy\n|-damage|p1a: Shuckle|1\/100\n|move|p1a: Shuckle|Stealth Rock|p2a: Dracovish\n|-sidestart|p2: BoaTheConstrictor|move: Stealth Rock\n|\n|-weather|RainDance|[upkeep]\n|upkeep\n|turn|3\n|\n|t:|1700489032\n|move|p2a: Dracovish|Fishious Rend|p1a: Shuckle\n|-supereffective|p1a: Shuckle\n|-damage|p1a: Shuckle|0 fnt\n|faint|p1a: Shuckle\n|\n|-weather|RainDance|[upkeep]\n|upkeep\n|\n|t:|1700489042\n|switch|p1a: Dragapult|Dragapult, F|100\/100\n|turn|4\n|\n|t:|1700489046\n|move|p1a: Dragapult|Dragon Darts|p2a: Dracovish\n|-supereffective|p2a: Dracovish\n|-damage|p2a: Dracovish|46\/100\n|-anim|p1a: Dragapult|Dragon Darts|p2a: Dracovish\n|-supereffective|p2a: Dracovish\n|-damage|p2a: Dracovish|0 fnt\n|faint|p2a: Dracovish\n|\n|-weather|RainDance|[upkeep]\n|upkeep\n|\n|t:|1700489055\n|switch|p2a: Yveltal|Yveltal, shiny|100\/100\n|-damage|p2a: Yveltal|76\/100|[from] Stealth Rock\n|-ability|p2a: Yveltal|Dark Aura\n|turn|5\n|j| edcearense\n|\n|t:|1700489079\n|move|p1a: Dragapult|Phantom Force||[still]\n|-prepare|p1a: Dragapult|Phantom Force\n|move|p2a: Yveltal|Knock Off|p1a: Dragapult|[miss]\n|-miss|p2a: Yveltal|p1a: Dragapult\n|\n|-weather|RainDance|[upkeep]\n|upkeep\n|turn|6\n|\n|t:|1700489085\n|move|p1a: Dragapult|Phantom Force|p2a: Yveltal|[from]lockedmove\n|-resisted|p2a: Yveltal\n|-damage|p2a: Yveltal|53\/100\n|move|p2a: Yveltal|Lash Out|p1a: Dragapult\n|-supereffective|p1a: Dragapult\n|-damage|p1a: Dragapult|0 fnt\n|faint|p1a: Dragapult\n|\n|-weather|RainDance|[upkeep]\n|upkeep\n|\n|t:|1700489097\n|switch|p1a: Xerneas|Xerneas|100\/100\n|-ability|p1a: Xerneas|Fairy Aura\n|turn|7\n|l| edcearense\n|\n|t:|1700489105\n|move|p2a: Yveltal|Oblivion Wing|p1a: Xerneas\n|-damage|p1a: Xerneas|75\/100\n|-heal|p2a: Yveltal|75\/100|[from] drain|[of] p1a: Xerneas\n|move|p1a: Xerneas|Geomancy||[still]\n|-prepare|p1a: Xerneas|Geomancy\n|\n|-weather|RainDance|[upkeep]\n|upkeep\n|turn|8\n|\n|t:|1700489114\n|switch|p2a: Aggron|Aggron, F|100\/100\n|-activate|p2a: Aggron|move: Sticky Web\n|-unboost|p2a: Aggron|spe|1\n|-damage|p2a: Aggron|94\/100|[from] Stealth Rock\n|move|p1a: Xerneas|Geomancy|p1a: Xerneas|[from]lockedmove\n|-boost|p1a: Xerneas|spa|2\n|-boost|p1a: Xerneas|spd|2\n|-boost|p1a: Xerneas|spe|2\n|\n|-weather|none\n|upkeep\n|turn|9\n|\n|t:|1700489145\n|move|p1a: Xerneas|Focus Blast|p2a: Aggron\n|-supereffective|p2a: Aggron\n|-damage|p2a: Aggron|0 fnt\n|faint|p2a: Aggron\n|\n|upkeep\n|\n|t:|1700489155\n|switch|p2a: Blaziken|Blaziken, F|100\/100\n|-activate|p2a: Blaziken|move: Sticky Web\n|-unboost|p2a: Blaziken|spe|1\n|-damage|p2a: Blaziken|88\/100|[from] Stealth Rock\n|turn|10\n|\n|t:|1700489163\n|switch|p1a: Garchomp|Garchomp, F|100\/100\n|move|p2a: Blaziken|Protect||[still]\n|-fail|p2a: Blaziken\n|\n|-ability|p2a: Blaziken|Speed Boost|boost\n|-boost|p2a: Blaziken|spe|1\n|upkeep\n|turn|11\n|\n|t:|1700489177\n|move|p1a: Garchomp|Earthquake|p2a: Blaziken\n|-supereffective|p2a: Blaziken\n|-damage|p2a: Blaziken|0 fnt\n|faint|p2a: Blaziken\n|\n|upkeep\n|-message|BoaTheConstrictor forfeited.\n|\n|win|Quan minh tran\n|raw|Quan minh tran's rating: 1036 &rarr; <strong>1075<\/strong><br \/>(+39 for winning)\n|raw|BoaTheConstrictor's rating: 1080 &rarr; <strong>1055<\/strong><br \/>(-25 for losing)\n|l|\u2606BoaTheConstrictor\n","uploadtime":1700489191,"views":1,"p1id":"quanminhtran","p2id":"boatheconstrictor","formatid":"gen9nationaldexubers","rating":1055,"private":0,"password":""}