{"id":"gen9nationaldexubers-1993073585","p1":"sinomani","p2":"Eggnoggue","format":"[Gen 9] National Dex Ubers","log":"|j|\u2606sinomani\n|j|\u2606Eggnoggue\n|t:|1700261733\n|gametype|singles\n|player|p1|sinomani|dawn-gen4pt|\n|player|p2|Eggnoggue|kahili|\n|teamsize|p1|6\n|teamsize|p2|6\n|gen|9\n|tier|[Gen 9] National Dex Ubers\n|rule|HP Percentage Mod: HP is shown in percentages\n|rule|Endless Battle Clause: Forcing endless battles is banned\n|rule|OHKO Clause: OHKO moves are banned\n|rule|Evasion Moves Clause: Evasion moves are banned\n|rule|Evasion Items Clause: Evasion items are banned\n|rule|Species Clause: Limit one of each Pok\u00e9mon\n|rule|Sleep Clause Mod: Limit one foe put to sleep\n|rule|Mega Rayquaza Clause: You cannot mega evolve Rayquaza\n|clearpoke\n|poke|p1|Porygon2|\n|poke|p1|Blaziken, F|\n|poke|p1|Cresselia, F|\n|poke|p1|Espathra, F|\n|poke|p1|Corviknight, M|\n|poke|p1|Kilowattrel, F|\n|poke|p2|Cramorant, F|\n|poke|p2|Pelipper, M|\n|poke|p2|Swanna, M|\n|poke|p2|Golduck, F|\n|poke|p2|Ludicolo, M|\n|poke|p2|Empoleon, F|\n|teampreview\n|c|\u2606sinomani|fantastic\n|c|\u2606sinomani|glhf (i will be throwing)\n|c|\u2606Eggnoggue|Gl hf\n|\n|t:|1700261761\n|start\n|switch|p1a: armici phr|Porygon2|100\/100\n|switch|p2a: Root Beer|Empoleon, F|100\/100\n|turn|1\n|\n|t:|1700261787\n|switch|p1a: twig bird (justin)|Blaziken, F|100\/100\n|move|p2a: Root Beer|Stealth Rock|p1a: twig bird (justin)\n|-sidestart|p1: sinomani|move: Stealth Rock\n|\n|upkeep\n|turn|2\n|c|\u2606sinomani|uhhh\n|c|\u2606sinomani|so\n|c|\u2606sinomani|i kinda\n|c|\u2606sinomani|didn't put anything\n|c|\u2606sinomani|on blaziken\n|c|\u2606sinomani|erm\n|c|\u2606sinomani|LMAO\n|\n|t:|1700261837\n|move|p1a: twig bird (justin)|Thunder Punch|p2a: Root Beer\n|-supereffective|p2a: Root Beer\n|-damage|p2a: Root Beer|55\/100\n|move|p2a: Root Beer|Roar|p1a: twig bird (justin)\n|drag|p1a: armici phr|Porygon2|100\/100\n|-damage|p1a: armici phr|88\/100|[from] Stealth Rock\n|\n|-heal|p2a: Root Beer|62\/100|[from] item: Leftovers\n|upkeep\n|turn|3\n|c|\u2606sinomani|it's okay we work around this\n|\n|t:|1700261850\n|move|p1a: armici phr|Thunderbolt|p2a: Root Beer\n|-supereffective|p2a: Root Beer\n|-damage|p2a: Root Beer|19\/100\n|move|p2a: Root Beer|Scald|p1a: armici phr\n|-damage|p1a: armici phr|69\/100\n|-status|p1a: armici phr|brn\n|\n|-heal|p2a: Root Beer|25\/100|[from] item: Leftovers\n|-damage|p1a: armici phr|63\/100 brn|[from] brn\n|upkeep\n|turn|4\n|\n|t:|1700261876\n|move|p1a: armici phr|Thunderbolt|p2a: Root Beer\n|-supereffective|p2a: Root Beer\n|-damage|p2a: Root Beer|0 fnt\n|faint|p2a: Root Beer\n|\n|-damage|p1a: armici phr|57\/100 brn|[from] brn\n|upkeep\n|\n|t:|1700261894\n|switch|p2a: Ginger Beer|Ludicolo, M|100\/100\n|turn|5\n|\n|t:|1700261902\n|move|p2a: Ginger Beer|Substitute|p2a: Ginger Beer\n|-start|p2a: Ginger Beer|Substitute\n|-damage|p2a: Ginger Beer|76\/100\n|move|p1a: armici phr|Toxic||[still]\n|-fail|p1a: armici phr\n|\n|-damage|p1a: armici phr|50\/100 brn|[from] brn\n|upkeep\n|turn|6\n|\n|t:|1700261910\n|move|p2a: Ginger Beer|Ice Beam|p1a: armici phr\n|-damage|p1a: armici phr|29\/100 brn\n|-damage|p2a: Ginger Beer|66\/100|[from] item: Life Orb\n|move|p1a: armici phr|Thunderbolt|p2a: Ginger Beer\n|-end|p2a: Ginger Beer|Substitute\n|\n|-damage|p1a: armici phr|22\/100 brn|[from] brn\n|upkeep\n|turn|7\n|c|\u2606sinomani|WHAT RHE\n|\n|t:|1700261924\n|move|p2a: Ginger Beer|Substitute|p2a: Ginger Beer\n|-start|p2a: Ginger Beer|Substitute\n|-damage|p2a: Ginger Beer|41\/100\n|move|p1a: armici phr|Recover|p1a: armici phr\n|-heal|p1a: armici phr|72\/100 brn\n|\n|-damage|p1a: armici phr|66\/100 brn|[from] brn\n|upkeep\n|turn|8\n|c|\u2606sinomani|LIFE ORB??\n|c|\u2606sinomani|you're crazy\n|\n|t:|1700261955\n|move|p2a: Ginger Beer|Ice Beam|p1a: armici phr\n|-damage|p1a: armici phr|42\/100 brn\n|-damage|p2a: Ginger Beer|31\/100|[from] item: Life Orb\n|move|p1a: armici phr|Thunderbolt|p2a: Ginger Beer\n|-end|p2a: Ginger Beer|Substitute\n|\n|-damage|p1a: armici phr|36\/100 brn|[from] brn\n|upkeep\n|turn|9\n|\n|t:|1700261973\n|switch|p2a: Sprite|Pelipper, M|100\/100\n|-weather|RainDance|[from] ability: Drizzle|[of] p2a: Sprite\n|move|p1a: armici phr|Recover|p1a: armici phr\n|-heal|p1a: armici phr|86\/100 brn\n|\n|-weather|RainDance|[upkeep]\n|-damage|p1a: armici phr|80\/100 brn|[from] brn\n|upkeep\n|turn|10\n|\n|t:|1700262001\n|move|p2a: Sprite|Hurricane|p1a: armici phr\n|-damage|p1a: armici phr|58\/100 brn\n|move|p1a: armici phr|Thunderbolt|p2a: Sprite\n|-supereffective|p2a: Sprite\n|-damage|p2a: Sprite|0 fnt\n|faint|p2a: Sprite\n|\n|-weather|RainDance|[upkeep]\n|-damage|p1a: armici phr|52\/100 brn|[from] brn\n|upkeep\n|\n|t:|1700262007\n|switch|p2a: Fanta|Golduck, F|100\/100\n|turn|11\n|\n|t:|1700262012\n|move|p2a: Fanta|Nasty Plot|p2a: Fanta\n|-boost|p2a: Fanta|spa|2\n|move|p1a: armici phr|Recover|p1a: armici phr\n|-heal|p1a: armici phr|100\/100 brn\n|\n|-weather|RainDance|[upkeep]\n|-damage|p1a: armici phr|94\/100 brn|[from] brn\n|upkeep\n|turn|12\n|\n|t:|1700262033\n|move|p2a: Fanta|Hydro Pump|p1a: armici phr\n|-damage|p1a: armici phr|0 fnt\n|faint|p1a: armici phr\n|\n|-weather|RainDance|[upkeep]\n|upkeep\n|\n|t:|1700262069\n|switch|p1a: bronze (eric 3)|Kilowattrel, F|100\/100\n|turn|13\n|\n|t:|1700262093\n|move|p2a: Fanta|Ice Beam|p1a: bronze (eric 3)\n|-supereffective|p1a: bronze (eric 3)\n|-damage|p1a: bronze (eric 3)|0 fnt\n|faint|p1a: bronze (eric 3)\n|\n|-weather|none\n|upkeep\n|\n|t:|1700262113\n|switch|p1a: twig bird (justin)|Blaziken, F|100\/100\n|-damage|p1a: twig bird (justin)|88\/100|[from] Stealth Rock\n|turn|14\n|\n|t:|1700262119\n|move|p1a: twig bird (justin)|Thunder Punch|p2a: Fanta\n|-supereffective|p2a: Fanta\n|-damage|p2a: Fanta|29\/100\n|move|p2a: Fanta|Hydro Pump|p1a: twig bird (justin)\n|-supereffective|p1a: twig bird (justin)\n|-damage|p1a: twig bird (justin)|0 fnt\n|faint|p1a: twig bird (justin)\n|\n|upkeep\n|\n|t:|1700262126\n|switch|p1a: simp (sam)|Espathra, F|100\/100\n|-damage|p1a: simp (sam)|88\/100|[from] Stealth Rock\n|turn|15\n|\n|t:|1700262133\n|move|p1a: simp (sam)|Dazzling Gleam|p2a: Fanta\n|-damage|p2a: Fanta|2\/100\n|move|p2a: Fanta|Hydro Pump|p1a: simp (sam)\n|-damage|p1a: simp (sam)|0 fnt\n|faint|p1a: simp (sam)\n|\n|upkeep\n|\n|t:|1700262136\n|switch|p1a: shadow (gabby)|Corviknight, M, shiny|100\/100\n|-damage|p1a: shadow (gabby)|88\/100|[from] Stealth Rock\n|turn|16\n|c|\u2606sinomani|HUH\n|\n|t:|1700262146\n|move|p2a: Fanta|Hydro Pump|p1a: shadow (gabby)\n|-damage|p1a: shadow (gabby)|0 fnt\n|faint|p1a: shadow (gabby)\n|\n|upkeep\n|\n|t:|1700262150\n|switch|p1a: oomfie (braden)|Cresselia, F|100\/100\n|-damage|p1a: oomfie (braden)|88\/100|[from] Stealth Rock\n|turn|17\n|\n|t:|1700262156\n|move|p2a: Fanta|Hydro Pump|p1a: oomfie (braden)\n|-damage|p1a: oomfie (braden)|17\/100\n|move|p1a: oomfie (braden)|Thunderbolt|p2a: Fanta\n|-supereffective|p2a: Fanta\n|-damage|p2a: Fanta|0 fnt\n|faint|p2a: Fanta\n|\n|upkeep\n|\n|t:|1700262165\n|switch|p2a: Coca-Cola|Swanna, M|100\/100\n|turn|18\n|\n|t:|1700262169\n|move|p2a: Coca-Cola|Brave Bird|p1a: oomfie (braden)\n|-damage|p1a: oomfie (braden)|0 fnt\n|faint|p1a: oomfie (braden)\n|-damage|p2a: Coca-Cola|92\/100|[from] Recoil\n|\n|win|Eggnoggue\n|c|\u2606sinomani|INSANE\n|c|\u2606Eggnoggue|Gg\n|c|\u2606sinomani|gg\n|c|\u2606sinomani|i got the replay\n|c|\u2606Eggnoggue|Punpa\n|c|\u2606sinomani|punpa\n","uploadtime":1700262187,"views":39,"p1id":"sinomani","p2id":"eggnoggue","formatid":"gen9nationaldexubers","rating":0,"private":0,"password":""}