{"id":"gen9nationaldexubers-1988448602","p1":"VerduOsane","p2":"veasters","format":"[Gen 9] National Dex Ubers","log":"|j|\u2606VerduOsane\n|j|\u2606veasters\n|t:|1699724063\n|gametype|singles\n|player|p1|VerduOsane|1|1197\n|player|p2|veasters|psychic-gen4|1174\n|teamsize|p1|6\n|teamsize|p2|6\n|gen|9\n|tier|[Gen 9] National Dex Ubers\n|rated|\n|rule|HP Percentage Mod: HP is shown in percentages\n|rule|Endless Battle Clause: Forcing endless battles is banned\n|rule|OHKO Clause: OHKO moves are banned\n|rule|Evasion Moves Clause: Evasion moves are banned\n|rule|Evasion Items Clause: Evasion items are banned\n|rule|Species Clause: Limit one of each Pok\u00e9mon\n|rule|Sleep Clause Mod: Limit one foe put to sleep\n|rule|Mega Rayquaza Clause: You cannot mega evolve Rayquaza\n|clearpoke\n|poke|p1|Roaring Moon|\n|poke|p1|Naganadel|\n|poke|p1|Espathra, M|\n|poke|p1|Iron Bundle|\n|poke|p1|Urshifu-*, F|\n|poke|p1|Annihilape, M|\n|poke|p2|Ogerpon-Hearthflame, F|\n|poke|p2|Kingambit, F|\n|poke|p2|Xerneas-*|\n|poke|p2|Toxapex, M|\n|poke|p2|Excadrill, M|\n|poke|p2|Venusaur, M|\n|teampreview\n|c|\u2606VerduOsane|kill me..\n|c|\u2606veasters|\uff1f\n|\n|t:|1699724085\n|start\n|switch|p1a: Annihilape|Annihilape, M|100\/100\n|switch|p2a: Venusaur|Venusaur, M|100\/100\n|turn|1\n|\n|t:|1699724092\n|detailschange|p2a: Venusaur|Venusaur-Mega, M\n|-mega|p2a: Venusaur|Venusaur|Venusaurite\n|move|p1a: Annihilape|Bulk Up|p1a: Annihilape\n|-boost|p1a: Annihilape|atk|1\n|-boost|p1a: Annihilape|def|1\n|move|p2a: Venusaur|Leech Seed|p1a: Annihilape\n|-start|p1a: Annihilape|move: Leech Seed\n|\n|-damage|p1a: Annihilape|88\/100|[from] Leech Seed|[of] p2a: Venusaur\n|upkeep\n|turn|2\n|\n|t:|1699724103\n|move|p1a: Annihilape|Bulk Up|p1a: Annihilape\n|-boost|p1a: Annihilape|atk|1\n|-boost|p1a: Annihilape|def|1\n|move|p2a: Venusaur|Substitute|p2a: Venusaur\n|-start|p2a: Venusaur|Substitute\n|-damage|p2a: Venusaur|75\/100\n|\n|-heal|p1a: Annihilape|94\/100|[from] item: Leftovers\n|-damage|p1a: Annihilape|82\/100|[from] Leech Seed|[of] p2a: Venusaur\n|-heal|p2a: Venusaur|92\/100|[silent]\n|upkeep\n|turn|3\n|\n|t:|1699724117\n|move|p1a: Annihilape|Poison Jab|p2a: Venusaur\n|-end|p2a: Venusaur|Substitute\n|move|p2a: Venusaur|Substitute|p2a: Venusaur\n|-start|p2a: Venusaur|Substitute\n|-damage|p2a: Venusaur|67\/100\n|\n|-heal|p1a: Annihilape|88\/100|[from] item: Leftovers\n|-damage|p1a: Annihilape|75\/100|[from] Leech Seed|[of] p2a: Venusaur\n|-heal|p2a: Venusaur|83\/100|[silent]\n|upkeep\n|turn|4\n|\n|t:|1699724123\n|move|p1a: Annihilape|Poison Jab|p2a: Venusaur\n|-end|p2a: Venusaur|Substitute\n|move|p2a: Venusaur|Substitute|p2a: Venusaur\n|-start|p2a: Venusaur|Substitute\n|-damage|p2a: Venusaur|58\/100\n|\n|-heal|p1a: Annihilape|81\/100|[from] item: Leftovers\n|-damage|p1a: Annihilape|69\/100|[from] Leech Seed|[of] p2a: Venusaur\n|-heal|p2a: Venusaur|74\/100|[silent]\n|upkeep\n|turn|5\n|\n|t:|1699724126\n|move|p1a: Annihilape|Poison Jab|p2a: Venusaur\n|-end|p2a: Venusaur|Substitute\n|move|p2a: Venusaur|Substitute|p2a: Venusaur\n|-start|p2a: Venusaur|Substitute\n|-damage|p2a: Venusaur|49\/100\n|\n|-heal|p1a: Annihilape|75\/100|[from] item: Leftovers\n|-damage|p1a: Annihilape|63\/100|[from] Leech Seed|[of] p2a: Venusaur\n|-heal|p2a: Venusaur|65\/100|[silent]\n|upkeep\n|turn|6\n|c|\u2606VerduOsane|this is fucking lame..\n|\n|t:|1699724136\n|move|p1a: Annihilape|Poison Jab|p2a: Venusaur\n|-end|p2a: Venusaur|Substitute\n|move|p2a: Venusaur|Substitute|p2a: Venusaur\n|-start|p2a: Venusaur|Substitute\n|-damage|p2a: Venusaur|40\/100\n|\n|-heal|p1a: Annihilape|69\/100|[from] item: Leftovers\n|-damage|p1a: Annihilape|56\/100|[from] Leech Seed|[of] p2a: Venusaur\n|-heal|p2a: Venusaur|56\/100|[silent]\n|upkeep\n|turn|7\n|\n|t:|1699724156\n|switch|p1a: Espathra|Espathra, M|100\/100\n|move|p2a: Venusaur|Substitute|p2a: Venusaur\n|-fail|p2a: Venusaur|move: Substitute\n|\n|upkeep\n|turn|8\n|\n|t:|1699724164\n|move|p1a: Espathra|Calm Mind|p1a: Espathra\n|-boost|p1a: Espathra|spa|1\n|-boost|p1a: Espathra|spd|1\n|move|p2a: Venusaur|Leech Seed|p1a: Espathra|[miss]\n|-miss|p2a: Venusaur|p1a: Espathra\n|\n|-ability|p1a: Espathra|Speed Boost|boost\n|-boost|p1a: Espathra|spe|1\n|upkeep\n|turn|9\n|\n|t:|1699724171\n|move|p1a: Espathra|Calm Mind|p1a: Espathra\n|-boost|p1a: Espathra|spa|1\n|-boost|p1a: Espathra|spd|1\n|move|p2a: Venusaur|Energy Ball|p1a: Espathra\n|-damage|p1a: Espathra|69\/100\n|-unboost|p1a: Espathra|spd|1\n|\n|-ability|p1a: Espathra|Speed Boost|boost\n|-boost|p1a: Espathra|spe|1\n|upkeep\n|turn|10\n|\n|t:|1699724178\n|move|p1a: Espathra|Stored Power|p2a: Venusaur\n|-supereffective|p2a: Venusaur\n|-end|p2a: Venusaur|Substitute\n|move|p2a: Venusaur|Substitute|p2a: Venusaur\n|-start|p2a: Venusaur|Substitute\n|-damage|p2a: Venusaur|31\/100\n|\n|-ability|p1a: Espathra|Speed Boost|boost\n|-boost|p1a: Espathra|spe|1\n|upkeep\n|turn|11\n|\n|t:|1699724191\n|move|p1a: Espathra|Stored Power|p2a: Venusaur\n|-supereffective|p2a: Venusaur\n|-end|p2a: Venusaur|Substitute\n|move|p2a: Venusaur|Leech Seed|p1a: Espathra\n|-start|p1a: Espathra|move: Leech Seed\n|\n|-damage|p1a: Espathra|56\/100|[from] Leech Seed|[of] p2a: Venusaur\n|-heal|p2a: Venusaur|44\/100|[silent]\n|-ability|p1a: Espathra|Speed Boost|boost\n|-boost|p1a: Espathra|spe|1\n|upkeep\n|turn|12\n|\n|t:|1699724199\n|move|p1a: Espathra|Stored Power|p2a: Venusaur\n|-supereffective|p2a: Venusaur\n|-damage|p2a: Venusaur|0 fnt\n|faint|p2a: Venusaur\n|\n|-ability|p1a: Espathra|Speed Boost|boost\n|-boost|p1a: Espathra|spe|1\n|upkeep\n|\n|t:|1699724206\n|switch|p2a: Ogerpon|Ogerpon-Hearthflame, F|100\/100\n|-ability|p2a: Ogerpon|Mold Breaker\n|turn|13\n|\n|t:|1699724212\n|move|p1a: Espathra|Stored Power|p2a: Ogerpon\n|-damage|p2a: Ogerpon|0 fnt\n|faint|p2a: Ogerpon\n|\n|-ability|p1a: Espathra|Speed Boost|boost\n|-boost|p1a: Espathra|spe|1\n|upkeep\n|\n|t:|1699724216\n|switch|p2a: Xerneas|Xerneas|100\/100\n|-ability|p2a: Xerneas|Fairy Aura\n|turn|14\n|\n|t:|1699724223\n|move|p1a: Espathra|Calm Mind|p1a: Espathra\n|-boost|p1a: Espathra|spa|1\n|-boost|p1a: Espathra|spd|1\n|move|p2a: Xerneas|Moonblast|p1a: Espathra\n|-damage|p1a: Espathra|15\/100\n|\n|-damage|p1a: Espathra|2\/100|[from] Leech Seed|[of] p2a: Xerneas\n|upkeep\n|turn|15\n|\n|t:|1699724231\n|switch|p2a: Excadrill|Excadrill, M|100\/100\n|move|p1a: Espathra|Stored Power|p2a: Excadrill\n|-resisted|p2a: Excadrill\n|-damage|p2a: Excadrill|0 fnt\n|faint|p2a: Excadrill\n|\n|upkeep\n|\n|t:|1699724237\n|switch|p2a: Toxapex|Toxapex, M, shiny|100\/100\n|turn|16\n|\n|t:|1699724241\n|move|p1a: Espathra|Stored Power|p2a: Toxapex\n|-supereffective|p2a: Toxapex\n|-damage|p2a: Toxapex|0 fnt\n|faint|p2a: Toxapex\n|\n|upkeep\n|\n|t:|1699724246\n|switch|p2a: Kingambit|Kingambit, F|100\/100\n|-activate|p2a: Kingambit|ability: Supreme Overlord\n|-start|p2a: Kingambit|fallen4|[silent]\n|turn|17\n|\n|t:|1699724254\n|move|p2a: Kingambit|Sucker Punch|p1a: Espathra\n|-supereffective|p1a: Espathra\n|-damage|p1a: Espathra|0 fnt\n|faint|p1a: Espathra\n|\n|upkeep\n|\n|t:|1699724263\n|switch|p1a: Urshifu|Urshifu-Rapid-Strike, F|100\/100\n|turn|18\n|\n|t:|1699724270\n|-terastallize|p2a: Kingambit|Water\n|move|p1a: Urshifu|Bulk Up|p1a: Urshifu\n|-boost|p1a: Urshifu|atk|1\n|-boost|p1a: Urshifu|def|1\n|move|p2a: Kingambit|Swords Dance|p2a: Kingambit\n|-boost|p2a: Kingambit|atk|2\n|\n|upkeep\n|turn|19\n|\n|t:|1699724278\n|move|p1a: Urshifu|Bulk Up|p1a: Urshifu\n|-boost|p1a: Urshifu|atk|1\n|-boost|p1a: Urshifu|def|1\n|move|p2a: Kingambit|Zen Headbutt|p1a: Urshifu|[miss]\n|-miss|p2a: Kingambit|p1a: Urshifu\n|\n|upkeep\n|turn|20\n|\n|t:|1699724288\n|-terastallize|p1a: Urshifu|Water\n|move|p1a: Urshifu|Trailblaze|p2a: Kingambit\n|-supereffective|p2a: Kingambit\n|-damage|p2a: Kingambit|40\/100\n|-boost|p1a: Urshifu|spe|1\n|-damage|p1a: Urshifu|84\/100|[from] item: Rocky Helmet|[of] p2a: Kingambit\n|move|p2a: Kingambit|Zen Headbutt|p1a: Urshifu\n|-damage|p1a: Urshifu|51\/100\n|\n|upkeep\n|turn|21\n|\n|t:|1699724298\n|move|p2a: Kingambit|Sucker Punch|p1a: Urshifu\n|-crit|p1a: Urshifu\n|-damage|p1a: Urshifu|0 fnt\n|faint|p1a: Urshifu\n|\n|upkeep\n|c|\u2606VerduOsane|I\u2019m gonna fucking off myself..\n|\n|t:|1699724318\n|switch|p1a: Annihilape|Annihilape, M|56\/100\n|turn|22\n|\n|t:|1699724328\n|move|p2a: Kingambit|Sucker Punch||[still]\n|-fail|p2a: Kingambit\n|move|p1a: Annihilape|Bulk Up|p1a: Annihilape\n|-boost|p1a: Annihilape|atk|1\n|-boost|p1a: Annihilape|def|1\n|\n|-heal|p1a: Annihilape|62\/100|[from] item: Leftovers\n|upkeep\n|turn|23\n|\n|t:|1699724335\n|move|p2a: Kingambit|Sucker Punch|p1a: Annihilape\n|-damage|p1a: Annihilape|5\/100\n|move|p1a: Annihilape|Drain Punch|p2a: Kingambit\n|-damage|p2a: Kingambit|1\/100\n|-heal|p1a: Annihilape|23\/100|[from] drain|[of] p2a: Kingambit\n|-damage|p1a: Annihilape|7\/100|[from] item: Rocky Helmet|[of] p2a: Kingambit\n|\n|-heal|p1a: Annihilape|13\/100|[from] item: Leftovers\n|upkeep\n|turn|24\n|\n|t:|1699724344\n|move|p2a: Kingambit|Sucker Punch||[still]\n|-fail|p2a: Kingambit\n|move|p1a: Annihilape|Bulk Up|p1a: Annihilape\n|-boost|p1a: Annihilape|atk|1\n|-boost|p1a: Annihilape|def|1\n|\n|-heal|p1a: Annihilape|19\/100|[from] item: Leftovers\n|upkeep\n|turn|25\n|\n|t:|1699724352\n|move|p2a: Kingambit|Sucker Punch||[still]\n|-fail|p2a: Kingambit\n|move|p1a: Annihilape|Bulk Up|p1a: Annihilape\n|-boost|p1a: Annihilape|atk|1\n|-boost|p1a: Annihilape|def|1\n|\n|-heal|p1a: Annihilape|25\/100|[from] item: Leftovers\n|upkeep\n|turn|26\n|\n|t:|1699724359\n|move|p2a: Kingambit|Sucker Punch|p1a: Annihilape\n|-damage|p1a: Annihilape|0 fnt\n|faint|p1a: Annihilape\n|\n|upkeep\n|\n|t:|1699724363\n|switch|p1a: Iron Bundle|Iron Bundle|100\/100\n|-enditem|p1a: Iron Bundle|Booster Energy\n|-activate|p1a: Iron Bundle|ability: Quark Drive|[fromitem]\n|-start|p1a: Iron Bundle|quarkdrivespe\n|turn|27\n|\n|t:|1699724367\n|move|p2a: Kingambit|Sucker Punch|p1a: Iron Bundle\n|-damage|p1a: Iron Bundle|0 fnt\n|faint|p1a: Iron Bundle\n|-end|p1a: Iron Bundle|Quark Drive|[silent]\n|\n|upkeep\n|\n|t:|1699724372\n|switch|p1a: Roaring Moon|Roaring Moon|100\/100\n|-enditem|p1a: Roaring Moon|Booster Energy\n|-activate|p1a: Roaring Moon|ability: Protosynthesis|[fromitem]\n|-start|p1a: Roaring Moon|protosynthesisatk\n|turn|28\n|\n|t:|1699724380\n|move|p1a: Roaring Moon|Knock Off|p2a: Kingambit\n|-damage|p2a: Kingambit|0 fnt\n|-damage|p1a: Roaring Moon|84\/100|[from] item: Rocky Helmet|[of] p2a: Kingambit\n|-enditem|p2a: Kingambit|Rocky Helmet|[from] move: Knock Off|[of] p1a: Roaring Moon\n|faint|p2a: Kingambit\n|-end|p2a: Kingambit|fallen4|[silent]\n|\n|upkeep\n|\n|t:|1699724387\n|switch|p2a: Xerneas|Xerneas|100\/100\n|-ability|p2a: Xerneas|Fairy Aura\n|turn|29\n|\n|t:|1699724397\n|move|p1a: Roaring Moon|Dragon Dance|p1a: Roaring Moon\n|-boost|p1a: Roaring Moon|atk|1\n|-boost|p1a: Roaring Moon|spe|1\n|move|p2a: Xerneas|Moonblast|p1a: Roaring Moon\n|-supereffective|p1a: Roaring Moon\n|-damage|p1a: Roaring Moon|0 fnt\n|faint|p1a: Roaring Moon\n|-end|p1a: Roaring Moon|Protosynthesis|[silent]\n|\n|upkeep\n|\n|t:|1699724400\n|switch|p1a: Naganadel|Naganadel|100\/100\n|turn|30\n|\n|t:|1699724405\n|move|p1a: Naganadel|Nasty Plot|p1a: Naganadel\n|-boost|p1a: Naganadel|spa|2\n|move|p2a: Xerneas|Psychic|p1a: Naganadel\n|-supereffective|p1a: Naganadel\n|-damage|p1a: Naganadel|21\/100\n|\n|upkeep\n|turn|31\n|\n|t:|1699724414\n|move|p1a: Naganadel|Sludge Bomb|p2a: Xerneas\n|-supereffective|p2a: Xerneas\n|-damage|p2a: Xerneas|0 fnt\n|faint|p2a: Xerneas\n|\n|win|VerduOsane\n|raw|VerduOsane's rating: 1197 &rarr; <strong>1220<\/strong><br \/>(+23 for winning)\n|raw|veasters's rating: 1174 &rarr; <strong>1151<\/strong><br \/>(-23 for losing)\n|l|\u2606veasters\n","uploadtime":1699724422,"views":18,"p1id":"verduosane","p2id":"veasters","formatid":"gen9nationaldexubers","rating":1151,"private":0,"password":""}