{"id":"gen9nationaldexubers-1998786318","p1":"qazserfvgyujnko","p2":"Matthias95","format":"[Gen 9] National Dex Ubers","log":"|j|\u2606qazserfvgyujnko\n|j|\u2606Matthias95\n|t:|1700990609\n|gametype|singles\n|player|p1|qazserfvgyujnko|janine|1099\n|player|p2|Matthias95|benga|1078\n|teamsize|p1|6\n|teamsize|p2|6\n|gen|9\n|tier|[Gen 9] National Dex Ubers\n|rated|\n|rule|HP Percentage Mod: HP is shown in percentages\n|rule|Endless Battle Clause: Forcing endless battles is banned\n|rule|OHKO Clause: OHKO moves are banned\n|rule|Evasion Moves Clause: Evasion moves are banned\n|rule|Evasion Items Clause: Evasion items are banned\n|rule|Species Clause: Limit one of each Pok\u00e9mon\n|rule|Sleep Clause Mod: Limit one foe put to sleep\n|rule|Mega Rayquaza Clause: You cannot mega evolve Rayquaza\n|clearpoke\n|poke|p1|Baxcalibur, F|\n|poke|p1|Ogerpon-Hearthflame, F|\n|poke|p1|Ferrothorn, M|\n|poke|p1|Toxapex, F|\n|poke|p1|Lucario, F|\n|poke|p1|Ninetales-Alola, F|\n|poke|p2|Zoroark-Hisui, F|\n|poke|p2|Iron Valiant|\n|poke|p2|Clodsire, F|\n|poke|p2|Roaring Moon|\n|poke|p2|Skeledirge, F|\n|poke|p2|Walking Wake|\n|teampreview\n|inactive|Battle timer is ON: inactive players will automatically lose when time's up. (requested by Matthias95)\n|\n|t:|1700990633\n|start\n|switch|p1a: Baxcalibur|Baxcalibur, F|100\/100\n|switch|p2a: Iron Valiant|Iron Valiant|100\/100\n|turn|1\n|\n|t:|1700990645\n|-terastallize|p2a: Iron Valiant|Electric\n|move|p1a: Baxcalibur|Dragon Dance|p1a: Baxcalibur\n|-boost|p1a: Baxcalibur|atk|1\n|-boost|p1a: Baxcalibur|spe|1\n|move|p2a: Iron Valiant|Thunderbolt|p1a: Baxcalibur\n|-resisted|p1a: Baxcalibur\n|-crit|p1a: Baxcalibur\n|-damage|p1a: Baxcalibur|66\/100\n|\n|upkeep\n|turn|2\n|\n|t:|1700990655\n|-end|p2a: Iron Valiant|Quark Drive|[silent]\n|switch|p2a: Roaring Moon|Roaring Moon|100\/100\n|move|p1a: Baxcalibur|Earthquake|p2a: Roaring Moon\n|-damage|p2a: Roaring Moon|30\/100\n|\n|upkeep\n|turn|3\n|\n|t:|1700990661\n|move|p2a: Roaring Moon|Dragon Claw|p1a: Baxcalibur\n|-supereffective|p1a: Baxcalibur\n|-damage|p1a: Baxcalibur|0 fnt\n|faint|p1a: Baxcalibur\n|\n|upkeep\n|\n|t:|1700990679\n|switch|p1a: Lucario|Lucario, F|100\/100\n|turn|4\n|\n|t:|1700990685\n|-end|p2a: Roaring Moon|Protosynthesis|[silent]\n|switch|p2a: Skeledirge|Skeledirge, F|100\/100\n|detailschange|p1a: Lucario|Lucario-Mega, F\n|-mega|p1a: Lucario|Lucario|Lucarionite\n|move|p1a: Lucario|Vacuum Wave|p2a: Skeledirge\n|-immune|p2a: Skeledirge\n|\n|upkeep\n|turn|5\n|\n|t:|1700990692\n|move|p1a: Lucario|Shadow Ball|p2a: Skeledirge\n|-supereffective|p2a: Skeledirge\n|-damage|p2a: Skeledirge|36\/100\n|move|p2a: Skeledirge|Fire Fang|p1a: Lucario\n|-supereffective|p1a: Lucario\n|-damage|p1a: Lucario|27\/100\n|\n|upkeep\n|turn|6\n|\n|t:|1700990699\n|move|p1a: Lucario|Shadow Ball|p2a: Skeledirge\n|-supereffective|p2a: Skeledirge\n|-damage|p2a: Skeledirge|0 fnt\n|faint|p2a: Skeledirge\n|\n|upkeep\n|\n|t:|1700990703\n|switch|p2a: Walking Wake|Walking Wake|100\/100\n|turn|7\n|\n|t:|1700990717\n|switch|p1a: Ninetales|Ninetales-Alola, F|100\/100\n|-weather|Snow|[from] ability: Snow Warning|[of] p1a: Ninetales\n|move|p2a: Walking Wake|Aqua Jet|p1a: Ninetales\n|-damage|p1a: Ninetales|89\/100\n|\n|-weather|Snow|[upkeep]\n|upkeep\n|turn|8\n|\n|t:|1700990733\n|-end|p2a: Walking Wake|Protosynthesis|[silent]\n|switch|p2a: Roaring Moon|Roaring Moon|100\/100\n|move|p1a: Ninetales|Encore||[still]\n|-fail|p1a: Ninetales\n|\n|-weather|Snow|[upkeep]\n|upkeep\n|turn|9\n|\n|t:|1700990743\n|move|p1a: Ninetales|Blizzard|p2a: Roaring Moon\n|-damage|p2a: Roaring Moon|16\/100\n|replace|p2a: Zoroark|Zoroark-Hisui, F\n|-end|p2a: Zoroark|Illusion\n|move|p2a: Zoroark|Brick Break|p1a: Ninetales\n|-damage|p1a: Ninetales|73\/100\n|\n|-weather|Snow|[upkeep]\n|upkeep\n|turn|10\n|\n|t:|1700990757\n|switch|p2a: Iron Valiant|Iron Valiant, tera:Electric|100\/100\n|move|p1a: Ninetales|Dazzling Gleam|p2a: Iron Valiant\n|-damage|p2a: Iron Valiant|48\/100\n|\n|-weather|Snow|[upkeep]\n|upkeep\n|turn|11\n|\n|t:|1700990773\n|move|p1a: Ninetales|Blizzard|p2a: Iron Valiant\n|-damage|p2a: Iron Valiant|0 fnt\n|faint|p2a: Iron Valiant\n|-end|p2a: Iron Valiant|Quark Drive|[silent]\n|\n|-weather|none\n|upkeep\n|\n|t:|1700990778\n|switch|p2a: Roaring Moon|Roaring Moon|30\/100\n|turn|12\n|\n|t:|1700990781\n|move|p2a: Roaring Moon|Fire Fang|p1a: Ninetales\n|-supereffective|p1a: Ninetales\n|-damage|p1a: Ninetales|10\/100\n|move|p1a: Ninetales|Dazzling Gleam|p2a: Roaring Moon\n|-supereffective|p2a: Roaring Moon\n|-damage|p2a: Roaring Moon|0 fnt\n|faint|p2a: Roaring Moon\n|-end|p2a: Roaring Moon|Protosynthesis|[silent]\n|\n|upkeep\n|\n|t:|1700990789\n|switch|p2a: Clodsire|Clodsire, F|100\/100\n|turn|13\n|\n|t:|1700990792\n|move|p1a: Ninetales|Blizzard|p2a: Clodsire|[miss]\n|-miss|p1a: Ninetales|p2a: Clodsire\n|move|p2a: Clodsire|Poison Jab|p1a: Ninetales\n|-supereffective|p1a: Ninetales\n|-damage|p1a: Ninetales|0 fnt\n|faint|p1a: Ninetales\n|\n|upkeep\n|\n|t:|1700990807\n|switch|p1a: Ferrothorn|Ferrothorn, M|100\/100\n|turn|14\n|\n|t:|1700990812\n|move|p2a: Clodsire|Earthquake|p1a: Ferrothorn\n|-damage|p1a: Ferrothorn|82\/100\n|move|p1a: Ferrothorn|Leech Seed|p2a: Clodsire\n|-start|p2a: Clodsire|move: Leech Seed\n|\n|-heal|p1a: Ferrothorn|88\/100|[from] item: Leftovers\n|-damage|p2a: Clodsire|88\/100|[from] Leech Seed|[of] p1a: Ferrothorn\n|-heal|p1a: Ferrothorn|100\/100|[silent]\n|upkeep\n|turn|15\n|-message|Matthias95 forfeited.\n|\n|win|qazserfvgyujnko\n|raw|qazserfvgyujnko's rating: 1099 &rarr; <strong>1123<\/strong><br \/>(+24 for winning)\n|raw|Matthias95's rating: 1078 &rarr; <strong>1058<\/strong><br \/>(-20 for losing)\n|l|\u2606Matthias95\n","uploadtime":1700990839,"views":1,"p1id":"qazserfvgyujnko","p2id":"matthias95","formatid":"gen9nationaldexubers","rating":1058,"private":0,"password":""}