{"id":"gen9nationaldexubers-1982703815","p1":"JLrecruta","p2":"PomellowVGC","format":"[Gen 9] National Dex Ubers","log":"|j|\u2606JLrecruta\n|j|\u2606PomellowVGC\n|t:|1699037240\n|gametype|singles\n|player|p1|JLrecruta|nate|1236\n|player|p2|PomellowVGC|acerola|1342\n|teamsize|p1|6\n|teamsize|p2|6\n|gen|9\n|tier|[Gen 9] National Dex Ubers\n|rated|\n|rule|HP Percentage Mod: HP is shown in percentages\n|rule|Endless Battle Clause: Forcing endless battles is banned\n|rule|OHKO Clause: OHKO moves are banned\n|rule|Evasion Moves Clause: Evasion moves are banned\n|rule|Evasion Items Clause: Evasion items are banned\n|rule|Species Clause: Limit one of each Pok\u00e9mon\n|rule|Sleep Clause Mod: Limit one foe put to sleep\n|rule|Mega Rayquaza Clause: You cannot mega evolve Rayquaza\n|clearpoke\n|poke|p1|Blastoise, F|\n|poke|p1|Ampharos, M|\n|poke|p1|Dracovish|\n|poke|p1|Lugia|\n|poke|p1|Groudon|\n|poke|p1|Necrozma-Dusk-Mane|\n|poke|p2|Zacian-*|\n|poke|p2|Groudon|\n|poke|p2|Marshadow|\n|poke|p2|Yveltal|\n|poke|p2|Zygarde|\n|poke|p2|Arceus-Ground|\n|teampreview\n|inactive|Battle timer is ON: inactive players will automatically lose when time's up. (requested by PomellowVGC)\n|c|\u2606PomellowVGC|glfh\n|c|\u2606PomellowVGC|hf\n|c|\u2606JLrecruta|u2\n|inactive|PomellowVGC has 120 seconds left.\n|\n|t:|1699037292\n|start\n|switch|p1a: Ampharos|Ampharos, M|100\/100\n|switch|p2a: TYSPOJNDHCUABSHFSD|Marshadow|100\/100\n|turn|1\n|\n|t:|1699037303\n|move|p2a: TYSPOJNDHCUABSHFSD|Swagger|p1a: Ampharos|[miss]\n|-miss|p2a: TYSPOJNDHCUABSHFSD|p1a: Ampharos\n|move|p1a: Ampharos|Volt Switch|p2a: TYSPOJNDHCUABSHFSD\n|-damage|p2a: TYSPOJNDHCUABSHFSD|67\/100\n|\n|t:|1699037308\n|switch|p1a: Dracovish|Dracovish|100\/100|[from] Volt Switch\n|\n|upkeep\n|turn|2\n|\n|t:|1699037319\n|move|p1a: Dracovish|Psychic Fangs|p2a: TYSPOJNDHCUABSHFSD\n|-supereffective|p2a: TYSPOJNDHCUABSHFSD\n|-damage|p2a: TYSPOJNDHCUABSHFSD|0 fnt\n|faint|p2a: TYSPOJNDHCUABSHFSD\n|\n|upkeep\n|\n|t:|1699037322\n|switch|p2a: YHTNJIOQPSHUINHFUW|Yveltal|100\/100\n|-ability|p2a: YHTNJIOQPSHUINHFUW|Dark Aura\n|turn|3\n|\n|t:|1699037328\n|switch|p1a: Ampharos|Ampharos, M|100\/100\n|move|p2a: YHTNJIOQPSHUINHFUW|Dark Pulse|p1a: Ampharos\n|-damage|p1a: Ampharos|61\/100\n|\n|-heal|p1a: Ampharos|67\/100|[from] item: Leftovers\n|upkeep\n|turn|4\n|\n|t:|1699037342\n|-terastallize|p2a: YHTNJIOQPSHUINHFUW|Dark\n|move|p2a: YHTNJIOQPSHUINHFUW|Dark Pulse|p1a: Ampharos\n|-damage|p1a: Ampharos|14\/100\n|move|p1a: Ampharos|Toxic|p2a: YHTNJIOQPSHUINHFUW\n|-status|p2a: YHTNJIOQPSHUINHFUW|tox\n|\n|-heal|p1a: Ampharos|20\/100|[from] item: Leftovers\n|-damage|p2a: YHTNJIOQPSHUINHFUW|94\/100 tox|[from] psn\n|upkeep\n|turn|5\n|\n|t:|1699037359\n|move|p2a: YHTNJIOQPSHUINHFUW|Dark Pulse|p1a: Ampharos\n|-damage|p1a: Ampharos|0 fnt\n|faint|p1a: Ampharos\n|\n|-damage|p2a: YHTNJIOQPSHUINHFUW|82\/100 tox|[from] psn\n|upkeep\n|\n|t:|1699037365\n|switch|p1a: Dracovish|Dracovish|100\/100\n|turn|6\n|\n|t:|1699037376\n|switch|p2a: BHUEHSTFISUDNTWYSU|Groudon|100\/100\n|detailschange|p2a: BHUEHSTFISUDNTWYSU|Groudon-Primal\n|-primal|p2a: BHUEHSTFISUDNTWYSU|Red Orb\n|-weather|DesolateLand|[from] ability: Desolate Land|[of] p2a: BHUEHSTFISUDNTWYSU\n|move|p1a: Dracovish|Crunch|p2a: BHUEHSTFISUDNTWYSU\n|-damage|p2a: BHUEHSTFISUDNTWYSU|82\/100\n|\n|-weather|DesolateLand|[upkeep]\n|upkeep\n|turn|7\n|inactive|PomellowVGC has 120 seconds left.\n|\n|t:|1699037411\n|switch|p1a: Lugia|Lugia|100\/100\n|-ability|p1a: Lugia|Pressure\n|move|p2a: BHUEHSTFISUDNTWYSU|Precipice Blades|p1a: Lugia\n|-immune|p1a: Lugia\n|\n|-weather|DesolateLand|[upkeep]\n|upkeep\n|turn|8\n|inactive|PomellowVGC has 120 seconds left.\n|\n|t:|1699037427\n|move|p1a: Lugia|Toxic|p2a: BHUEHSTFISUDNTWYSU\n|-status|p2a: BHUEHSTFISUDNTWYSU|tox\n|move|p2a: BHUEHSTFISUDNTWYSU|Stealth Rock|p1a: Lugia\n|-sidestart|p1: JLrecruta|move: Stealth Rock\n|\n|-weather|DesolateLand|[upkeep]\n|-damage|p2a: BHUEHSTFISUDNTWYSU|75\/100 tox|[from] psn\n|upkeep\n|turn|9\n|inactive|PomellowVGC has 120 seconds left.\n|\n|t:|1699037449\n|-weather|none\n|switch|p2a: NKDJFNLKSJDHLKIAYW|Zacian-Crowned|100\/100\n|-ability|p2a: NKDJFNLKSJDHLKIAYW|Intrepid Sword|boost\n|-boost|p2a: NKDJFNLKSJDHLKIAYW|atk|1\n|move|p1a: Lugia|Calm Mind|p1a: Lugia\n|-boost|p1a: Lugia|spa|1\n|-boost|p1a: Lugia|spd|1\n|\n|upkeep\n|turn|10\n|\n|t:|1699037457\n|move|p2a: NKDJFNLKSJDHLKIAYW|Crunch|p1a: Lugia\n|-supereffective|p1a: Lugia\n|-damage|p1a: Lugia|55\/100\n|move|p1a: Lugia|Calm Mind|p1a: Lugia\n|-boost|p1a: Lugia|spa|1\n|-boost|p1a: Lugia|spd|1\n|\n|-heal|p1a: Lugia|61\/100|[from] item: Leftovers\n|upkeep\n|turn|11\n|\n|t:|1699037461\n|move|p2a: NKDJFNLKSJDHLKIAYW|Crunch|p1a: Lugia\n|-supereffective|p1a: Lugia\n|-damage|p1a: Lugia|15\/100\n|move|p1a: Lugia|Roost|p1a: Lugia\n|-heal|p1a: Lugia|65\/100\n|-singleturn|p1a: Lugia|move: Roost\n|\n|-heal|p1a: Lugia|72\/100|[from] item: Leftovers\n|upkeep\n|turn|12\n|\n|t:|1699037467\n|move|p2a: NKDJFNLKSJDHLKIAYW|Swords Dance|p2a: NKDJFNLKSJDHLKIAYW\n|-boost|p2a: NKDJFNLKSJDHLKIAYW|atk|2\n|move|p1a: Lugia|Roost|p1a: Lugia\n|-heal|p1a: Lugia|100\/100\n|-singleturn|p1a: Lugia|move: Roost\n|\n|upkeep\n|turn|13\n|\n|t:|1699037489\n|-terastallize|p1a: Lugia|Fairy\n|move|p2a: NKDJFNLKSJDHLKIAYW|Crunch|p1a: Lugia\n|-resisted|p1a: Lugia\n|-damage|p1a: Lugia|80\/100\n|-unboost|p1a: Lugia|def|1\n|move|p1a: Lugia|Aeroblast|p2a: NKDJFNLKSJDHLKIAYW\n|-resisted|p2a: NKDJFNLKSJDHLKIAYW\n|-damage|p2a: NKDJFNLKSJDHLKIAYW|69\/100\n|\n|-heal|p1a: Lugia|86\/100|[from] item: Leftovers\n|upkeep\n|turn|14\n|\n|t:|1699037503\n|move|p2a: NKDJFNLKSJDHLKIAYW|Behemoth Blade|p1a: Lugia\n|-supereffective|p1a: Lugia\n|-damage|p1a: Lugia|0 fnt\n|faint|p1a: Lugia\n|\n|upkeep\n|\n|t:|1699037521\n|switch|p1a: Groudon|Groudon, shiny|100\/100\n|-damage|p1a: Groudon|94\/100|[from] Stealth Rock\n|detailschange|p1a: Groudon|Groudon-Primal, shiny\n|-primal|p1a: Groudon|Red Orb\n|-weather|DesolateLand|[from] ability: Desolate Land|[of] p1a: Groudon\n|turn|15\n|\n|t:|1699037528\n|move|p2a: NKDJFNLKSJDHLKIAYW|Crunch|p1a: Groudon\n|-damage|p1a: Groudon|47\/100\n|move|p1a: Groudon|Heat Crash|p2a: NKDJFNLKSJDHLKIAYW\n|-supereffective|p2a: NKDJFNLKSJDHLKIAYW\n|-damage|p2a: NKDJFNLKSJDHLKIAYW|0 fnt\n|faint|p2a: NKDJFNLKSJDHLKIAYW\n|\n|-weather|DesolateLand|[upkeep]\n|upkeep\n|\n|t:|1699037533\n|switch|p2a: YHTNJIOQPSHUINHFUW|Yveltal, tera:Dark|82\/100 tox\n|-ability|p2a: YHTNJIOQPSHUINHFUW|Dark Aura\n|turn|16\n|\n|t:|1699037538\n|move|p2a: YHTNJIOQPSHUINHFUW|Foul Play|p1a: Groudon\n|-damage|p1a: Groudon|0 fnt\n|faint|p1a: Groudon\n|-weather|none\n|\n|-damage|p2a: YHTNJIOQPSHUINHFUW|76\/100 tox|[from] psn\n|upkeep\n|\n|t:|1699037541\n|switch|p1a: Necrozma|Necrozma-Dusk-Mane|100\/100\n|-damage|p1a: Necrozma|94\/100|[from] Stealth Rock\n|turn|17\n|\n|t:|1699037566\n|move|p2a: YHTNJIOQPSHUINHFUW|Foul Play|p1a: Necrozma\n|-supereffective|p1a: Necrozma\n|-damage|p1a: Necrozma|0 fnt\n|faint|p1a: Necrozma\n|\n|-damage|p2a: YHTNJIOQPSHUINHFUW|64\/100 tox|[from] psn\n|upkeep\n|\n|t:|1699037570\n|switch|p1a: Dracovish|Dracovish|100\/100\n|-damage|p1a: Dracovish|88\/100|[from] Stealth Rock\n|turn|18\n|\n|t:|1699037586\n|move|p2a: YHTNJIOQPSHUINHFUW|Foul Play|p1a: Dracovish\n|-damage|p1a: Dracovish|21\/100\n|move|p1a: Dracovish|Crunch|p2a: YHTNJIOQPSHUINHFUW\n|-resisted|p2a: YHTNJIOQPSHUINHFUW\n|-damage|p2a: YHTNJIOQPSHUINHFUW|46\/100 tox\n|\n|-damage|p2a: YHTNJIOQPSHUINHFUW|27\/100 tox|[from] psn\n|upkeep\n|turn|19\n|\n|t:|1699037592\n|switch|p1a: Blastoise|Blastoise, F|100\/100\n|-damage|p1a: Blastoise|88\/100|[from] Stealth Rock\n|move|p2a: YHTNJIOQPSHUINHFUW|Foul Play|p1a: Blastoise\n|-damage|p1a: Blastoise|43\/100\n|\n|-damage|p2a: YHTNJIOQPSHUINHFUW|3\/100 tox|[from] psn\n|upkeep\n|turn|20\n|\n|t:|1699037606\n|move|p2a: YHTNJIOQPSHUINHFUW|Foul Play|p1a: Blastoise\n|-damage|p1a: Blastoise|3\/100\n|move|p1a: Blastoise|Shell Smash|p1a: Blastoise\n|-unboost|p1a: Blastoise|def|1\n|-unboost|p1a: Blastoise|spd|1\n|-boost|p1a: Blastoise|atk|2\n|-boost|p1a: Blastoise|spa|2\n|-boost|p1a: Blastoise|spe|2\n|\n|-damage|p2a: YHTNJIOQPSHUINHFUW|0 fnt|[from] psn\n|faint|p2a: YHTNJIOQPSHUINHFUW\n|upkeep\n|\n|t:|1699037618\n|switch|p2a: BHUEHSTFISUDNTWYSU|Groudon-Primal|75\/100 tox\n|-weather|DesolateLand|[from] ability: Desolate Land|[of] p2a: BHUEHSTFISUDNTWYSU\n|turn|21\n|\n|t:|1699037626\n|detailschange|p1a: Blastoise|Blastoise-Mega, F\n|-mega|p1a: Blastoise|Blastoise|Blastoisinite\n|move|p1a: Blastoise|Dark Pulse|p2a: BHUEHSTFISUDNTWYSU\n|-damage|p2a: BHUEHSTFISUDNTWYSU|0 fnt\n|faint|p2a: BHUEHSTFISUDNTWYSU\n|-weather|none\n|\n|upkeep\n|\n|t:|1699037634\n|switch|p2a: HUIFHSUFNEUAIDBIAU|Arceus-Ground|100\/100\n|turn|22\n|\n|t:|1699037638\n|move|p1a: Blastoise|Water Pulse|p2a: HUIFHSUFNEUAIDBIAU\n|-supereffective|p2a: HUIFHSUFNEUAIDBIAU\n|-damage|p2a: HUIFHSUFNEUAIDBIAU|0 fnt\n|faint|p2a: HUIFHSUFNEUAIDBIAU\n|\n|upkeep\n|\n|t:|1699037640\n|switch|p2a: BDUFBWKSJFHSUDIAVD|Zygarde|100\/100\n|turn|23\n|c|\u2606PomellowVGC|gg wp\n|\n|t:|1699037649\n|move|p1a: Blastoise|Water Pulse|p2a: BDUFBWKSJFHSUDIAVD\n|-damage|p2a: BDUFBWKSJFHSUDIAVD|14\/100\n|-start|p2a: BDUFBWKSJFHSUDIAVD|confusion\n|-activate|p2a: BDUFBWKSJFHSUDIAVD|confusion\n|move|p2a: BDUFBWKSJFHSUDIAVD|Thousand Arrows|p1a: Blastoise\n|-damage|p1a: Blastoise|0 fnt\n|faint|p1a: Blastoise\n|\n|-heal|p2a: BDUFBWKSJFHSUDIAVD|20\/100|[from] item: Leftovers\n|-activate|p2a: BDUFBWKSJFHSUDIAVD|ability: Power Construct\n|detailschange|p2a: BDUFBWKSJFHSUDIAVD|Zygarde-Complete\n|-heal|p2a: BDUFBWKSJFHSUDIAVD|47\/100|[silent]\n|upkeep\n|c|\u2606JLrecruta|gg\n|\n|t:|1699037654\n|switch|p1a: Dracovish|Dracovish|21\/100\n|-damage|p1a: Dracovish|9\/100|[from] Stealth Rock\n|turn|24\n|\n|t:|1699037660\n|move|p1a: Dracovish|Fishious Rend|p2a: BDUFBWKSJFHSUDIAVD\n|-damage|p2a: BDUFBWKSJFHSUDIAVD|13\/100\n|-activate|p2a: BDUFBWKSJFHSUDIAVD|confusion\n|-damage|p2a: BDUFBWKSJFHSUDIAVD|9\/100|[from] confusion\n|\n|-heal|p2a: BDUFBWKSJFHSUDIAVD|16\/100|[from] item: Leftovers\n|upkeep\n|turn|25\n|c|\u2606PomellowVGC|wow what\n|c|\u2606JLrecruta|max def?\n|\n|t:|1699037682\n|move|p1a: Dracovish|Fishious Rend|p2a: BDUFBWKSJFHSUDIAVD\n|-damage|p2a: BDUFBWKSJFHSUDIAVD|0 fnt\n|faint|p2a: BDUFBWKSJFHSUDIAVD\n|\n|win|JLrecruta\n|raw|JLrecruta's rating: 1262 &rarr; <strong>1293<\/strong><br \/>(+31 for winning)\n|raw|PomellowVGC's rating: 1342 &rarr; <strong>1317<\/strong><br \/>(-25 for losing)\n|c|\u2606PomellowVGC|max hp\n|l|\u2606PomellowVGC\n","uploadtime":1699037829,"views":7,"p1id":"jlrecruta","p2id":"pomellowvgc","formatid":"gen9nationaldexubers","rating":1293,"private":0,"password":""}