{"id":"gen9nationaldexubers-1995002497","p1":"DinsFire01","p2":"pawket","format":"[Gen 9] National Dex Ubers","log":"|j|\u2606DinsFire01\n|j|\u2606pawket\n|t:|1700512311\n|gametype|singles\n|player|p1|DinsFire01|n|\n|player|p2|pawket|bugcatcher-gen4dp|\n|teamsize|p1|6\n|teamsize|p2|6\n|gen|9\n|tier|[Gen 9] National Dex Ubers\n|rule|HP Percentage Mod: HP is shown in percentages\n|rule|Endless Battle Clause: Forcing endless battles is banned\n|rule|OHKO Clause: OHKO moves are banned\n|rule|Evasion Moves Clause: Evasion moves are banned\n|rule|Evasion Items Clause: Evasion items are banned\n|rule|Species Clause: Limit one of each Pok\u00e9mon\n|rule|Sleep Clause Mod: Limit one foe put to sleep\n|rule|Mega Rayquaza Clause: You cannot mega evolve Rayquaza\n|clearpoke\n|poke|p1|Gliscor, F|\n|poke|p1|Tapu Fini|\n|poke|p1|Gholdengo|\n|poke|p1|Gallade, M|\n|poke|p1|Arcanine-Hisui, F|\n|poke|p1|Latias, F|\n|poke|p2|Hatterene, F|\n|poke|p2|Ursaluna-Bloodmoon, M|\n|poke|p2|Glastrier|\n|poke|p2|Volcarona, F|\n|poke|p2|Mimikyu, M|\n|poke|p2|Porygon2|\n|teampreview\n|j| Smackey_5\n|j| speedykidyo\n|j| VoIteon\n|c|\u2606DinsFire01|2 minutes >:)\n|c|\u2606pawket|Menacing emoji\n|c|\u2606pawket|;-;\n|c|\u2606DinsFire01|glhf!\n|\n|t:|1700512525\n|start\n|switch|p1a: him|Gallade, M|100\/100\n|switch|p2a: Hatterene|Hatterene, F|100\/100\n|turn|1\n|inactive|Battle timer is ON: inactive players will automatically lose when time's up. (requested by DinsFire01)\n|c|\u2606pawket|glhf\n|inactive|DinsFire01 has 270 seconds left.\n|\n|t:|1700512571\n|switch|p1a: MAMAAAAAAA|Tapu Fini|100\/100\n|-fieldstart|move: Misty Terrain|[from] ability: Misty Surge|[of] p1a: MAMAAAAAAA\n|move|p2a: Hatterene|Trick Room|p2a: Hatterene\n|-fieldstart|move: Trick Room|[of] p2a: Hatterene\n|\n|upkeep\n|turn|2\n|\n|t:|1700512586\n|switch|p2a: Mimikyu|Mimikyu, M, shiny|100\/100\n|move|p1a: MAMAAAAAAA|Calm Mind|p1a: MAMAAAAAAA\n|-boost|p1a: MAMAAAAAAA|spa|1\n|-boost|p1a: MAMAAAAAAA|spd|1\n|\n|upkeep\n|turn|3\n|\n|t:|1700512597\n|move|p1a: MAMAAAAAAA|Taunt|p2a: Mimikyu\n|-start|p2a: Mimikyu|move: Taunt\n|cant|p2a: Mimikyu|move: Taunt|Swords Dance\n|\n|upkeep\n|turn|4\n|j| bydotcasts\n|c|\u2606pawket|Yeah, damn lol\n|\n|t:|1700512615\n|switch|p2a: Glastrier|Glastrier|100\/100\n|move|p1a: MAMAAAAAAA|Scald|p2a: Glastrier\n|-damage|p2a: Glastrier|72\/100\n|\n|upkeep\n|turn|5\n|l| bydotcasts\n|\n|t:|1700512630\n|move|p2a: Glastrier|Swords Dance|p2a: Glastrier\n|-boost|p2a: Glastrier|atk|2\n|move|p1a: MAMAAAAAAA|Scald|p2a: Glastrier\n|-damage|p2a: Glastrier|40\/100\n|\n|-fieldend|move: Trick Room\n|-fieldend|Misty Terrain\n|upkeep\n|turn|6\n|j| Demolution545\n|\n|t:|1700512646\n|move|p1a: MAMAAAAAAA|Scald|p2a: Glastrier\n|-damage|p2a: Glastrier|9\/100\n|move|p2a: Glastrier|High Horsepower|p1a: MAMAAAAAAA\n|-damage|p1a: MAMAAAAAAA|31\/100\n|\n|-heal|p1a: MAMAAAAAAA|37\/100|[from] item: Leftovers\n|upkeep\n|turn|7\n|c| speedykidyo|haha funny number\n|\n|t:|1700512665\n|switch|p2a: Volcarona|Volcarona, F|100\/100\n|move|p1a: MAMAAAAAAA|Draining Kiss|p2a: Volcarona\n|-resisted|p2a: Volcarona\n|-damage|p2a: Volcarona|88\/100\n|-heal|p1a: MAMAAAAAAA|46\/100|[from] drain|[of] p2a: Volcarona\n|-status|p1a: MAMAAAAAAA|brn|[from] ability: Flame Body|[of] p2a: Volcarona\n|\n|-heal|p1a: MAMAAAAAAA|52\/100 brn|[from] item: Leftovers\n|-damage|p1a: MAMAAAAAAA|46\/100 brn|[from] brn\n|upkeep\n|turn|8\n|j| MiniBearGrahams\n|inactive|DinsFire01 has 270 seconds left.\n|c|\u2606pawket|Nice\n|\n|t:|1700512694\n|switch|p2a: Hatterene|Hatterene, F|100\/100\n|-terastallize|p1a: MAMAAAAAAA|Fairy\n|move|p1a: MAMAAAAAAA|Draining Kiss|p2a: Hatterene\n|-damage|p2a: Hatterene|59\/100\n|-heal|p1a: MAMAAAAAAA|74\/100 brn|[from] drain|[of] p2a: Hatterene\n|\n|-heal|p1a: MAMAAAAAAA|80\/100 brn|[from] item: Leftovers\n|-damage|p1a: MAMAAAAAAA|74\/100 brn|[from] brn\n|upkeep\n|turn|9\n|\n|t:|1700512706\n|move|p1a: MAMAAAAAAA|Taunt|p2a: Hatterene\n|move|p2a: Hatterene|Taunt|p1a: MAMAAAAAAA|[from]ability: Magic Bounce\n|-start|p1a: MAMAAAAAAA|move: Taunt\n|move|p2a: Hatterene|Trick Room|p2a: Hatterene\n|-fieldstart|move: Trick Room|[of] p2a: Hatterene\n|\n|-heal|p1a: MAMAAAAAAA|80\/100 brn|[from] item: Leftovers\n|-damage|p1a: MAMAAAAAAA|74\/100 brn|[from] brn\n|upkeep\n|turn|10\n|c| speedykidyo|lollllll\n|c|\u2606DinsFire01|HUH\n|c| MiniBearGrahams|\u2026\n|inactive|DinsFire01 has 270 seconds left.\n|c|\u2606DinsFire01|im cooked'\n|\n|t:|1700512726\n|move|p2a: Hatterene|Misty Explosion|p1a: MAMAAAAAAA\n|-damage|p1a: MAMAAAAAAA|50\/100 brn\n|faint|p2a: Hatterene\n|move|p1a: MAMAAAAAAA|Draining Kiss|p2: Hatterene|[notarget]\n|-fail|p1a: MAMAAAAAAA\n|\n|-heal|p1a: MAMAAAAAAA|57\/100 brn|[from] item: Leftovers\n|-damage|p1a: MAMAAAAAAA|50\/100 brn|[from] brn\n|upkeep\n|c| speedykidyo|<3\n|\n|t:|1700512741\n|switch|p2a: Ursaluna|Ursaluna-Bloodmoon, M|100\/100\n|turn|11\n|\n|t:|1700512759\n|-terastallize|p2a: Ursaluna|Dragon\n|move|p2a: Ursaluna|Blood Moon|p1a: MAMAAAAAAA\n|-damage|p1a: MAMAAAAAAA|5\/100 brn\n|-damage|p2a: Ursaluna|91\/100|[from] item: Life Orb\n|move|p1a: MAMAAAAAAA|Draining Kiss|p2a: Ursaluna\n|-supereffective|p2a: Ursaluna\n|-damage|p2a: Ursaluna|3\/100\n|-heal|p1a: MAMAAAAAAA|85\/100 brn|[from] drain|[of] p2a: Ursaluna\n|\n|-heal|p1a: MAMAAAAAAA|91\/100 brn|[from] item: Leftovers\n|-damage|p1a: MAMAAAAAAA|85\/100 brn|[from] brn\n|upkeep\n|turn|12\n|c| VoIteon|Freddy fazbear is in ur office\n|c|\u2606pawket|!\n|c| MiniBearGrahams|Oh no\n|inactive|DinsFire01 has 270 seconds left.\n|inactive|pawket has 270 seconds left.\n|c|\u2606pawket|No way you didn't scald lmao\n|c| speedykidyo|don't swich the special attacker into the x1.5 sp d\n|c| Smackey_5|This set man\n|\n|t:|1700512794\n|move|p2a: Ursaluna|Earth Power|p1a: MAMAAAAAAA\n|-damage|p1a: MAMAAAAAAA|56\/100 brn\n|-damage|p2a: Ursaluna|0 fnt|[from] item: Life Orb\n|faint|p2a: Ursaluna\n|move|p1a: MAMAAAAAAA|Draining Kiss|p2: Ursaluna|[notarget]\n|-fail|p1a: MAMAAAAAAA\n|\n|-heal|p1a: MAMAAAAAAA|62\/100 brn|[from] item: Leftovers\n|-damage|p1a: MAMAAAAAAA|56\/100 brn|[from] brn\n|-end|p1a: MAMAAAAAAA|move: Taunt\n|upkeep\n|inactive|pawket has 240 seconds left.\n|c|\u2606pawket|No, no, no. You lived with 5%\n|c|\u2606pawket|The switch in was fine\n|c|\u2606pawket|You were supposed\n|c|\u2606pawket|To scald\n|c| speedykidyo|lol\n|\n|t:|1700512843\n|switch|p2a: Glastrier|Glastrier|9\/100\n|turn|13\n|inactive|DinsFire01 has 270 seconds left.\n|\n|t:|1700512862\n|switch|p1a: stacy|Latias, F, shiny|100\/100\n|move|p2a: Glastrier|High Horsepower|p1a: stacy\n|-immune|p1a: stacy|[from] ability: Levitate\n|\n|-fieldend|move: Trick Room\n|upkeep\n|turn|14\n|inactive|DinsFire01 has 270 seconds left.\n|\n|t:|1700512880\n|switch|p2a: Porygon2|Porygon2|100\/100\n|move|p1a: stacy|Psychic|p2a: Porygon2\n|-damage|p2a: Porygon2|75\/100\n|\n|upkeep\n|turn|15\n|inactive|pawket has 210 seconds left.\n|c|\u2606pawket|Oh wait that was speedy telling me how to play, not quote nvm\n|inactive|DinsFire01 has 240 seconds left.\n|c| speedykidyo|lol mb\n|\n|t:|1700512933\n|move|p1a: stacy|Calm Mind|p1a: stacy\n|-boost|p1a: stacy|spa|1\n|-boost|p1a: stacy|spd|1\n|move|p2a: Porygon2|Trick Room|p2a: Porygon2\n|-fieldstart|move: Trick Room|[of] p2a: Porygon2\n|\n|upkeep\n|turn|16\n|inactive|pawket has 210 seconds left.\n|c|\u2606pawket|oh, IDC I was just confused\n|\n|t:|1700512950\n|move|p1a: stacy|Psychic|p2a: Porygon2\n|-damage|p2a: Porygon2|40\/100\n|-unboost|p2a: Porygon2|spd|1\n|move|p2a: Porygon2|Teleport|p2a: Porygon2\n|\n|t:|1700512955\n|switch|p2a: Glastrier|Glastrier|9\/100|[from] Teleport\n|\n|upkeep\n|turn|17\n|inactive|DinsFire01 has 210 seconds left.\n|inactive|DinsFire01 has 180 seconds left.\n|c|\u2606pawket|Mama fucks me up ;-;\n|j| Gran gran\n|inactive|DinsFire01 has 150 seconds left.\n|\n|t:|1700513046\n|-zpower|p2a: Glastrier\n|move|p2a: Glastrier|Subzero Slammer|p1a: stacy|[zeffect]\n|-supereffective|p1a: stacy\n|-damage|p1a: stacy|0 fnt\n|faint|p1a: stacy\n|-ability|p2a: Glastrier|Chilling Neigh|boost\n|-boost|p2a: Glastrier|atk|1\n|\n|upkeep\n|\n|t:|1700513048\n|switch|p1a: >:3|Arcanine-Hisui, F, shiny|100\/100\n|turn|18\n|inactive|pawket has 210 seconds left.\n|\n|t:|1700513075\n|switch|p2a: Mimikyu|Mimikyu, M, shiny|100\/100\n|move|p1a: >:3|Extreme Speed|p2a: Mimikyu\n|-immune|p2a: Mimikyu\n|\n|upkeep\n|turn|19\n|\n|t:|1700513090\n|switch|p1a: glizzy|Gliscor, F, shiny|100\/100\n|move|p2a: Mimikyu|Swords Dance|p2a: Mimikyu\n|-boost|p2a: Mimikyu|atk|2\n|\n|-fieldend|move: Trick Room\n|-status|p1a: glizzy|tox|[from] item: Toxic Orb\n|upkeep\n|turn|20\n|inactive|DinsFire01 has 150 seconds left.\n|l| Gran gran\n|inactive|DinsFire01 has 120 seconds left.\n|\n|t:|1700513164\n|move|p2a: Mimikyu|Swords Dance|p2a: Mimikyu\n|-boost|p2a: Mimikyu|atk|2\n|move|p1a: glizzy|U-turn|p2a: Mimikyu\n|-activate|p2a: Mimikyu|ability: Disguise\n|-damage|p2a: Mimikyu|100\/100\n|detailschange|p2a: Mimikyu|Mimikyu-Busted, M, shiny\n|-damage|p2a: Mimikyu|88\/100|[from] pokemon: Mimikyu-Busted\n|j| Gran gran\n|\n|t:|1700513178\n|switch|p1a: Ghold Glider|Gholdengo|100\/100|[from] U-turn\n|\n|upkeep\n|turn|21\n|\n|t:|1700513186\n|move|p2a: Mimikyu|Shadow Sneak|p1a: Ghold Glider\n|-supereffective|p1a: Ghold Glider\n|-damage|p1a: Ghold Glider|0 fnt\n|faint|p1a: Ghold Glider\n|-damage|p2a: Mimikyu|78\/100|[from] item: Life Orb\n|\n|upkeep\n|c| speedykidyo|he is once again sneaking\n|c|\u2606pawket|The rascal\n|inactive|DinsFire01 has 90 seconds left.\n|c|\u2606DinsFire01|i think i lose from this position hm,...\n|c|\u2606DinsFire01|well played\n|c|\u2606pawket|Nah\n|c|\u2606pawket|u got outs\n|inactive|DinsFire01 has 60 seconds left.\n|\n|t:|1700513246\n|switch|p1a: glizzy|Gliscor, F, shiny|100\/100 tox\n|turn|22\n|inactive|DinsFire01 has 60 seconds left.\n|\n|t:|1700513281\n|move|p2a: Mimikyu|Play Rough|p1a: glizzy|[miss]\n|-miss|p2a: Mimikyu|p1a: glizzy\n|move|p1a: glizzy|Earthquake|p2a: Mimikyu\n|-damage|p2a: Mimikyu|28\/100\n|\n|upkeep\n|turn|23\n|inactive|pawket has 210 seconds left.\n|c| speedykidyo|uh oh\n|c|\u2606pawket|See lol\n|c| VoIteon|Just like me fr\n|c|\u2606pawket|Outs\n|inactive|DinsFire01 has 30 seconds left.\n|\n|t:|1700513307\n|move|p2a: Mimikyu|Play Rough|p1a: glizzy\n|-damage|p1a: glizzy|18\/100 tox\n|-damage|p2a: Mimikyu|18\/100|[from] item: Life Orb\n|move|p1a: glizzy|Earthquake|p2a: Mimikyu\n|-damage|p2a: Mimikyu|0 fnt\n|faint|p2a: Mimikyu\n|\n|-heal|p1a: glizzy|30\/100 tox|[from] ability: Poison Heal\n|upkeep\n|inactive|DinsFire01 has 30 seconds left this turn.\n|inactive|pawket has 210 seconds left.\n|c| speedykidyo|quick! time to sneak\n|\n|t:|1700513320\n|switch|p2a: Porygon2|Porygon2|40\/100\n|turn|24\n|\n|t:|1700513326\n|move|p1a: glizzy|Earthquake|p2a: Porygon2\n|-damage|p2a: Porygon2|22\/100\n|move|p2a: Porygon2|Trick Room|p2a: Porygon2\n|-fieldstart|move: Trick Room|[of] p2a: Porygon2\n|\n|-heal|p1a: glizzy|43\/100 tox|[from] ability: Poison Heal\n|upkeep\n|turn|25\n|c| speedykidyo|aww no more sneaking\n|\n|t:|1700513339\n|switch|p1a: >:3|Arcanine-Hisui, F, shiny|100\/100\n|move|p2a: Porygon2|Ice Beam|p1a: >:3\n|-resisted|p1a: >:3\n|-damage|p1a: >:3|84\/100\n|-status|p1a: >:3|frz\n|\n|upkeep\n|turn|26\n|c| speedykidyo|big\n|c| speedykidyo|huge\n|c| speedykidyo|i think\n|\n|t:|1700513358\n|cant|p1a: >:3|frz\n|move|p2a: Porygon2|Teleport|p2a: Porygon2\n|\n|t:|1700513362\n|switch|p2a: Glastrier|Glastrier|9\/100|[from] Teleport\n|\n|upkeep\n|turn|27\n|inactive|DinsFire01 has 30 seconds left.\n|\n|t:|1700513391\n|switch|p1a: glizzy|Gliscor, F, shiny|43\/100 tox\n|move|p2a: Glastrier|High Horsepower|p1a: glizzy\n|-immune|p1a: glizzy\n|\n|-heal|p1a: glizzy|55\/100 tox|[from] ability: Poison Heal\n|upkeep\n|turn|28\n|c|\u2606pawket|I'm over thinking\n|c|\u2606pawket|hbu lol\n|inactive|DinsFire01 has 30 seconds left.\n|\n|t:|1700513410\n|move|p2a: Glastrier|Icicle Crash|p1a: glizzy\n|-supereffective|p1a: glizzy\n|-damage|p1a: glizzy|0 fnt\n|faint|p1a: glizzy\n|-ability|p2a: Glastrier|Chilling Neigh|boost\n|-boost|p2a: Glastrier|atk|1\n|\n|-fieldend|move: Trick Room\n|upkeep\n|inactive|DinsFire01 has 30 seconds left this turn.\n|\n|t:|1700513414\n|switch|p1a: him|Gallade, M|100\/100\n|turn|29\n|inactive|DinsFire01 has 30 seconds left.\n|\n|t:|1700513425\n|switch|p2a: Volcarona|Volcarona, F|88\/100\n|detailschange|p1a: him|Gallade-Mega, M\n|-mega|p1a: him|Gallade|Galladite\n|move|p1a: him|Agility|p1a: him\n|-boost|p1a: him|spe|2\n|\n|upkeep\n|turn|30\n|inactive|DinsFire01 has 30 seconds left.\n|\n|t:|1700513440\n|move|p1a: him|Zen Headbutt|p2a: Volcarona\n|-damage|p2a: Volcarona|7\/100\n|cant|p2a: Volcarona|flinch\n|\n|upkeep\n|turn|31\n|\n|t:|1700513447\n|move|p1a: him|Knock Off|p2a: Volcarona\n|-damage|p2a: Volcarona|0 fnt\n|-enditem|p2a: Volcarona|Heavy-Duty Boots|[from] move: Knock Off|[of] p1a: him\n|faint|p2a: Volcarona\n|\n|upkeep\n|\n|t:|1700513455\n|switch|p2a: Porygon2|Porygon2|22\/100\n|turn|32\n|\n|t:|1700513459\n|move|p1a: him|Close Combat|p2a: Porygon2\n|-supereffective|p2a: Porygon2\n|-damage|p2a: Porygon2|0 fnt\n|-unboost|p1a: him|def|1\n|-unboost|p1a: him|spd|1\n|faint|p2a: Porygon2\n|\n|upkeep\n|c|\u2606DinsFire01|jesus fuck\n|c|\u2606pawket|Wow\n|\n|t:|1700513469\n|switch|p2a: Glastrier|Glastrier|9\/100\n|turn|33\n|c| MiniBearGrahams|Well\n|c| speedykidyo|nooooooo\n|c|\u2606DinsFire01|i am not good\n|c|\u2606pawket|That was a good one\n|c|\u2606DinsFire01|samantha luck came in there\n|inactive|pawket has 240 seconds left.\n|\n|t:|1700513485\n|move|p1a: him|Close Combat|p2a: Glastrier\n|-supereffective|p2a: Glastrier\n|-damage|p2a: Glastrier|0 fnt\n|-unboost|p1a: him|def|1\n|-unboost|p1a: him|spd|1\n|faint|p2a: Glastrier\n|\n|win|DinsFire01\n|l| MiniBearGrahams\n|l| Gran gran\n|c| VoIteon|This is why playrough ducks\n","uploadtime":1700513494,"views":25,"p1id":"dinsfire01","p2id":"pawket","formatid":"gen9nationaldexubers","rating":0,"private":0,"password":""}