{"id":"gen9nationaldexubers-1987316131","p1":"Guj Genera","p2":"Shlartog","format":"[Gen 9] National Dex Ubers","log":"|j|\u2606Guj Genera\n|j|\u2606Shlartog\n|t:|1699576668\n|gametype|singles\n|player|p1|Guj Genera|red|\n|player|p2|Shlartog|1|\n|teamsize|p1|6\n|teamsize|p2|6\n|gen|9\n|tier|[Gen 9] National Dex Ubers\n|rule|HP Percentage Mod: HP is shown in percentages\n|rule|Endless Battle Clause: Forcing endless battles is banned\n|rule|OHKO Clause: OHKO moves are banned\n|rule|Evasion Moves Clause: Evasion moves are banned\n|rule|Evasion Items Clause: Evasion items are banned\n|rule|Species Clause: Limit one of each Pok\u00e9mon\n|rule|Sleep Clause Mod: Limit one foe put to sleep\n|rule|Mega Rayquaza Clause: You cannot mega evolve Rayquaza\n|clearpoke\n|poke|p1|Zeraora|\n|poke|p1|Cinderace, F|\n|poke|p1|Landorus-Therian, M|\n|poke|p1|Inteleon, M|\n|poke|p1|Diancie|\n|poke|p1|Kommo-o, F|\n|poke|p2|Scizor, F|\n|poke|p2|Forretress, F|\n|poke|p2|Kleavor, M|\n|poke|p2|Araquanid, F|\n|poke|p2|Buzzwole|\n|poke|p2|Volcarona, M|\n|teampreview\n|inactive|Battle timer is ON: inactive players will automatically lose when time's up. (requested by Guj Genera)\n|c|\u2606Guj Genera|glhf\n|c|\u2606Shlartog|Same to you\n|c|\u2606Guj Genera|Im guessing u are gonna use this for monothreat saturday>\n|\n|t:|1699576695\n|start\n|switch|p1a: Diancie|Diancie, shiny|100\/100\n|switch|p2a: Aquamarine|Araquanid, F|100\/100\n|turn|1\n|c|\u2606Shlartog|Nha\n|c|\u2606Shlartog|I've got teams cooked for saturday\n|\n|t:|1699576705\n|detailschange|p1a: Diancie|Diancie-Mega, shiny\n|-mega|p1a: Diancie|Diancie|Diancite\n|move|p1a: Diancie|Stealth Rock|p2a: Aquamarine\n|-sidestart|p2: Shlartog|move: Stealth Rock\n|move|p2a: Aquamarine|Liquidation|p1a: Diancie\n|-supereffective|p1a: Diancie\n|-damage|p1a: Diancie|0 fnt\n|faint|p1a: Diancie\n|\n|upkeep\n|\n|t:|1699576717\n|switch|p1a: Kommo-o|Kommo-o, F, shiny|100\/100\n|turn|2\n|j| k7eenex\n|\n|t:|1699576724\n|-zpower|p1a: Kommo-o\n|move|p1a: Kommo-o|Clangorous Soulblaze|p2a: Aquamarine|[zeffect]\n|-damage|p2a: Aquamarine|47\/100\n|-boost|p1a: Kommo-o|atk|1\n|-boost|p1a: Kommo-o|def|1\n|-boost|p1a: Kommo-o|spa|1\n|-boost|p1a: Kommo-o|spd|1\n|-boost|p1a: Kommo-o|spe|1\n|move|p2a: Aquamarine|Mirror Coat|p1a: Kommo-o\n|-damage|p1a: Kommo-o|0 fnt\n|faint|p1a: Kommo-o\n|\n|upkeep\n|\n|t:|1699576736\n|switch|p1a: Zeraora|Zeraora, shiny|100\/100\n|turn|3\n|\n|t:|1699576740\n|move|p1a: Zeraora|Plasma Fists|p2a: Aquamarine\n|-supereffective|p2a: Aquamarine\n|-damage|p2a: Aquamarine|0 fnt\n|-fieldactivate|move: Ion Deluge\n|-hint|Normal-type moves become Electric-type after using Plasma Fists.\n|faint|p2a: Aquamarine\n|\n|upkeep\n|\n|t:|1699576749\n|switch|p2a: Jasper|Buzzwole|100\/100\n|-damage|p2a: Jasper|88\/100|[from] Stealth Rock\n|turn|4\n|c|\u2606Guj Genera|I'm cooking them too. U had help from leaders from what I heard and I got help from a friend.\n|\n|t:|1699576758\n|move|p1a: Zeraora|Play Rough|p2a: Jasper\n|-supereffective|p2a: Jasper\n|-damage|p2a: Jasper|40\/100\n|move|p2a: Jasper|Earthquake|p1a: Zeraora\n|-supereffective|p1a: Zeraora\n|-damage|p1a: Zeraora|0 fnt\n|faint|p1a: Zeraora\n|-ability|p2a: Jasper|Beast Boost|boost\n|-boost|p2a: Jasper|atk|1\n|\n|upkeep\n|\n|t:|1699576763\n|switch|p1a: Landorus|Landorus-Therian, M, shiny|100\/100\n|-ability|p1a: Landorus|Intimidate|boost\n|-unboost|p2a: Jasper|atk|1\n|turn|5\n|\n|t:|1699576774\n|switch|p2a: Ruby|Scizor, F|100\/100\n|-damage|p2a: Ruby|88\/100|[from] Stealth Rock\n|move|p1a: Landorus|Earthquake|p2a: Ruby\n|-damage|p2a: Ruby|53\/100\n|\n|upkeep\n|turn|6\n|\n|t:|1699576779\n|detailschange|p2a: Ruby|Scizor-Mega, F\n|-mega|p2a: Ruby|Scizor|Scizorite\n|move|p1a: Landorus|Earthquake|p2a: Ruby\n|-damage|p2a: Ruby|24\/100\n|move|p2a: Ruby|Roost|p2a: Ruby\n|-heal|p2a: Ruby|74\/100\n|-singleturn|p2a: Ruby|move: Roost\n|\n|upkeep\n|turn|7\n|\n|t:|1699576786\n|move|p1a: Landorus|Earthquake|p2a: Ruby\n|-damage|p2a: Ruby|46\/100\n|move|p2a: Ruby|Roost|p2a: Ruby\n|-heal|p2a: Ruby|96\/100\n|-singleturn|p2a: Ruby|move: Roost\n|\n|upkeep\n|turn|8\n|\n|t:|1699576788\n|move|p1a: Landorus|Earthquake|p2a: Ruby\n|-damage|p2a: Ruby|69\/100\n|move|p2a: Ruby|Swords Dance|p2a: Ruby\n|-boost|p2a: Ruby|atk|2\n|\n|upkeep\n|turn|9\n|\n|t:|1699576792\n|move|p1a: Landorus|Earthquake|p2a: Ruby\n|-damage|p2a: Ruby|39\/100\n|move|p2a: Ruby|Swords Dance|p2a: Ruby\n|-boost|p2a: Ruby|atk|2\n|\n|upkeep\n|turn|10\n|\n|t:|1699576794\n|move|p1a: Landorus|Earthquake|p2a: Ruby\n|-damage|p2a: Ruby|9\/100\n|move|p2a: Ruby|Roost|p2a: Ruby\n|-heal|p2a: Ruby|59\/100\n|-singleturn|p2a: Ruby|move: Roost\n|\n|upkeep\n|turn|11\n|\n|t:|1699576798\n|move|p1a: Landorus|Earthquake|p2a: Ruby\n|-damage|p2a: Ruby|28\/100\n|move|p2a: Ruby|Roost|p2a: Ruby\n|-heal|p2a: Ruby|78\/100\n|-singleturn|p2a: Ruby|move: Roost\n|\n|upkeep\n|turn|12\n|\n|t:|1699576800\n|move|p1a: Landorus|Earthquake|p2a: Ruby\n|-damage|p2a: Ruby|50\/100\n|move|p2a: Ruby|Swords Dance|p2a: Ruby\n|-boost|p2a: Ruby|atk|2\n|\n|upkeep\n|turn|13\n|\n|t:|1699576804\n|move|p1a: Landorus|Earthquake|p2a: Ruby\n|-damage|p2a: Ruby|22\/100\n|move|p2a: Ruby|Roost|p2a: Ruby\n|-heal|p2a: Ruby|72\/100\n|-singleturn|p2a: Ruby|move: Roost\n|\n|upkeep\n|turn|14\n|\n|t:|1699576807\n|move|p1a: Landorus|Earthquake|p2a: Ruby\n|-damage|p2a: Ruby|41\/100\n|move|p2a: Ruby|Roost|p2a: Ruby\n|-heal|p2a: Ruby|91\/100\n|-singleturn|p2a: Ruby|move: Roost\n|\n|upkeep\n|turn|15\n|\n|t:|1699576809\n|move|p2a: Ruby|Bullet Punch|p1a: Landorus\n|-damage|p1a: Landorus|12\/100\n|-damage|p2a: Ruby|75\/100|[from] item: Rocky Helmet|[of] p1a: Landorus\n|move|p1a: Landorus|Earthquake|p2a: Ruby\n|-damage|p2a: Ruby|44\/100\n|\n|upkeep\n|turn|16\n|\n|t:|1699576814\n|move|p2a: Ruby|Bullet Punch|p1a: Landorus\n|-damage|p1a: Landorus|0 fnt\n|-damage|p2a: Ruby|27\/100|[from] item: Rocky Helmet|[of] p1a: Landorus\n|faint|p1a: Landorus\n|\n|upkeep\n|\n|t:|1699576817\n|switch|p1a: Cinderace|Cinderace, F, shiny|100\/100\n|turn|17\n|\n|t:|1699576821\n|move|p2a: Ruby|Bullet Punch|p1a: Cinderace\n|-resisted|p1a: Cinderace\n|-damage|p1a: Cinderace|12\/100\n|move|p1a: Cinderace|Pyro Ball|p2a: Ruby\n|-supereffective|p2a: Ruby\n|-damage|p2a: Ruby|0 fnt\n|faint|p2a: Ruby\n|\n|upkeep\n|\n|t:|1699576834\n|switch|p2a: Jasper|Buzzwole|40\/100\n|-damage|p2a: Jasper|28\/100|[from] Stealth Rock\n|turn|18\n|\n|t:|1699576837\n|move|p2a: Jasper|Earthquake|p1a: Cinderace\n|-supereffective|p1a: Cinderace\n|-damage|p1a: Cinderace|0 fnt\n|faint|p1a: Cinderace\n|-ability|p2a: Jasper|Beast Boost|boost\n|-boost|p2a: Jasper|atk|1\n|\n|upkeep\n|\n|t:|1699576839\n|switch|p1a: Inteleon|Inteleon, M, shiny|100\/100\n|turn|19\n|\n|t:|1699576843\n|move|p2a: Jasper|Earthquake|p1a: Inteleon\n|-damage|p1a: Inteleon|10\/100\n|move|p1a: Inteleon|Snipe Shot|p2a: Jasper\n|-damage|p2a: Jasper|0 fnt\n|faint|p2a: Jasper\n|\n|upkeep\n|j| Pex Hater\n|\n|t:|1699576846\n|switch|p2a: Obsidian|Kleavor, M|100\/100\n|-damage|p2a: Obsidian|76\/100|[from] Stealth Rock\n|turn|20\n|\n|t:|1699576850\n|move|p2a: Obsidian|Knock Off|p1a: Inteleon\n|-damage|p1a: Inteleon|0 fnt\n|-enditem|p1a: Inteleon|Choice Specs|[from] move: Knock Off|[of] p2a: Obsidian\n|faint|p1a: Inteleon\n|\n|win|Shlartog\n|c|\u2606Shlartog|GG\n|l| Pex Hater\n|c|\u2606Guj Genera|ggwp\n","uploadtime":1699576857,"views":16,"p1id":"gujgenera","p2id":"shlartog","formatid":"gen9nationaldexubers","rating":0,"private":0,"password":""}