{"id":"gen9nationaldexubers-1998802183","p1":"xianyu0917","p2":"killgaldo","format":"[Gen 9] National Dex Ubers","log":"|j|\u2606xianyu0917\n|j|\u2606killgaldo\n|t:|1700993927\n|gametype|singles\n|player|p1|xianyu0917|red|1207\n|player|p2|killgaldo|lance|1326\n|teamsize|p1|6\n|teamsize|p2|6\n|gen|9\n|tier|[Gen 9] National Dex Ubers\n|rated|\n|rule|HP Percentage Mod: HP is shown in percentages\n|rule|Endless Battle Clause: Forcing endless battles is banned\n|rule|OHKO Clause: OHKO moves are banned\n|rule|Evasion Moves Clause: Evasion moves are banned\n|rule|Evasion Items Clause: Evasion items are banned\n|rule|Species Clause: Limit one of each Pok\u00e9mon\n|rule|Sleep Clause Mod: Limit one foe put to sleep\n|rule|Mega Rayquaza Clause: You cannot mega evolve Rayquaza\n|clearpoke\n|poke|p1|Gyarados, F|\n|poke|p1|Excadrill, F|\n|poke|p1|Tyranitar, M|\n|poke|p1|Dracozolt|\n|poke|p1|Ursaluna-Bloodmoon, M|\n|poke|p1|Blastoise, F|\n|poke|p2|Ribombee, F|\n|poke|p2|Xerneas-*|\n|poke|p2|Skeledirge, M|\n|poke|p2|Charizard, F|\n|poke|p2|Zamazenta-*|\n|poke|p2|Xurkitree|\n|teampreview\n|\n|t:|1700993935\n|start\n|switch|p1a: Tyranitar|Tyranitar, M, shiny|100\/100\n|switch|p2a: Ribombee|Ribombee, F|100\/100\n|-weather|Sandstorm|[from] ability: Sand Stream|[of] p1a: Tyranitar\n|turn|1\n|\n|t:|1700993943\n|move|p2a: Ribombee|Sticky Web|p1a: Tyranitar\n|-sidestart|p1: xianyu0917|move: Sticky Web\n|move|p1a: Tyranitar|Rock Blast|p2a: Ribombee\n|-supereffective|p2a: Ribombee\n|-damage|p2a: Ribombee|38\/100\n|-supereffective|p2a: Ribombee\n|-damage|p2a: Ribombee|0 fnt\n|faint|p2a: Ribombee\n|-hitcount|p2: Ribombee|2\n|\n|-weather|Sandstorm|[upkeep]\n|upkeep\n|\n|t:|1700993962\n|switch|p2a: Zamazenta|Zamazenta-Crowned|100\/100\n|-ability|p2a: Zamazenta|Dauntless Shield|boost\n|-boost|p2a: Zamazenta|def|1\n|turn|2\n|inactive|Battle timer is ON: inactive players will automatically lose when time's up. (requested by xianyu0917)\n|\n|t:|1700993990\n|-terastallize|p1a: Tyranitar|Flying\n|move|p2a: Zamazenta|Body Press|p1a: Tyranitar\n|-resisted|p1a: Tyranitar\n|-damage|p1a: Tyranitar|80\/100\n|move|p1a: Tyranitar|Earthquake|p2a: Zamazenta\n|-supereffective|p2a: Zamazenta\n|-damage|p2a: Zamazenta|62\/100\n|\n|-weather|Sandstorm|[upkeep]\n|-damage|p1a: Tyranitar|74\/100|[from] Sandstorm\n|upkeep\n|turn|3\n|\n|t:|1700994000\n|move|p2a: Zamazenta|Iron Defense|p2a: Zamazenta\n|-boost|p2a: Zamazenta|def|2\n|move|p1a: Tyranitar|Earthquake|p2a: Zamazenta\n|-supereffective|p2a: Zamazenta\n|-damage|p2a: Zamazenta|40\/100\n|\n|-weather|Sandstorm|[upkeep]\n|-damage|p1a: Tyranitar|68\/100|[from] Sandstorm\n|upkeep\n|turn|4\n|\n|t:|1700994006\n|move|p2a: Zamazenta|Body Press|p1a: Tyranitar\n|-resisted|p1a: Tyranitar\n|-damage|p1a: Tyranitar|31\/100\n|move|p1a: Tyranitar|Earthquake|p2a: Zamazenta\n|-supereffective|p2a: Zamazenta\n|-damage|p2a: Zamazenta|17\/100\n|\n|-weather|Sandstorm|[upkeep]\n|-damage|p1a: Tyranitar|25\/100|[from] Sandstorm\n|upkeep\n|turn|5\n|\n|t:|1700994009\n|move|p2a: Zamazenta|Body Press|p1a: Tyranitar\n|-resisted|p1a: Tyranitar\n|-damage|p1a: Tyranitar|0 fnt\n|faint|p1a: Tyranitar\n|\n|-weather|none\n|upkeep\n|\n|t:|1700994021\n|switch|p1a: Gyarados|Gyarados, F, shiny|100\/100\n|-ability|p1a: Gyarados|Intimidate|boost\n|-unboost|p2a: Zamazenta|atk|1\n|turn|6\n|\n|t:|1700994029\n|move|p2a: Zamazenta|Body Press|p1a: Gyarados\n|-resisted|p1a: Gyarados\n|-damage|p1a: Gyarados|38\/100\n|-damage|p2a: Zamazenta|0 fnt|[from] item: Rocky Helmet|[of] p1a: Gyarados\n|faint|p2a: Zamazenta\n|move|p1a: Gyarados|Dragon Dance|p1a: Gyarados\n|-boost|p1a: Gyarados|atk|1\n|-boost|p1a: Gyarados|spe|1\n|\n|upkeep\n|\n|t:|1700994045\n|switch|p2a: Skeledirge|Skeledirge, M|100\/100\n|turn|7\n|\n|t:|1700994052\n|move|p1a: Gyarados|Waterfall|p2a: Skeledirge\n|-supereffective|p2a: Skeledirge\n|-damage|p2a: Skeledirge|39\/100\n|-enditem|p2a: Skeledirge|Sitrus Berry|[eat]\n|-heal|p2a: Skeledirge|64\/100|[from] item: Sitrus Berry\n|move|p2a: Skeledirge|Yawn|p1a: Gyarados\n|-start|p1a: Gyarados|move: Yawn|[of] p2a: Skeledirge\n|\n|upkeep\n|turn|8\n|\n|t:|1700994064\n|move|p1a: Gyarados|Waterfall|p2a: Skeledirge\n|-supereffective|p2a: Skeledirge\n|-damage|p2a: Skeledirge|5\/100\n|move|p2a: Skeledirge|Shadow Ball|p1a: Gyarados\n|-damage|p1a: Gyarados|2\/100\n|-unboost|p1a: Gyarados|spd|1\n|\n|-end|p1a: Gyarados|move: Yawn|[silent]\n|-status|p1a: Gyarados|slp\n|upkeep\n|turn|9\n|\n|t:|1700994071\n|switch|p2a: Xurkitree|Xurkitree|100\/100\n|cant|p1a: Gyarados|slp\n|\n|upkeep\n|turn|10\n|\n|t:|1700994076\n|switch|p1a: Excadrill|Excadrill, F|100\/100\n|-activate|p1a: Excadrill|move: Sticky Web\n|-unboost|p1a: Excadrill|spe|1\n|move|p2a: Xurkitree|Tail Glow|p2a: Xurkitree\n|-boost|p2a: Xurkitree|spa|3\n|\n|upkeep\n|turn|11\n|\n|t:|1700994094\n|move|p2a: Xurkitree|Energy Ball|p1a: Excadrill\n|-damage|p1a: Excadrill|0 fnt\n|faint|p1a: Excadrill\n|-ability|p2a: Xurkitree|Beast Boost|boost\n|-boost|p2a: Xurkitree|spa|1\n|\n|upkeep\n|\n|t:|1700994104\n|switch|p1a: Ursaluna|Ursaluna-Bloodmoon, M|100\/100\n|-activate|p1a: Ursaluna|move: Sticky Web\n|-unboost|p1a: Ursaluna|spe|1\n|turn|12\n|\n|t:|1700994111\n|move|p2a: Xurkitree|Energy Ball|p1a: Ursaluna\n|-supereffective|p1a: Ursaluna\n|-damage|p1a: Ursaluna|0 fnt\n|faint|p1a: Ursaluna\n|-ability|p2a: Xurkitree|Beast Boost|boost\n|-boost|p2a: Xurkitree|spa|1\n|\n|upkeep\n|\n|t:|1700994114\n|switch|p1a: Dracozolt|Dracozolt|100\/100\n|-activate|p1a: Dracozolt|move: Sticky Web\n|-unboost|p1a: Dracozolt|spe|1\n|turn|13\n|\n|t:|1700994123\n|move|p2a: Xurkitree|Thunderbolt|p1a: Dracozolt\n|-resisted|p1a: Dracozolt\n|-damage|p1a: Dracozolt|30\/100\n|move|p1a: Dracozolt|Rock Slide|p2a: Xurkitree\n|-damage|p2a: Xurkitree|49\/100\n|\n|upkeep\n|turn|14\n|\n|t:|1700994128\n|move|p2a: Xurkitree|Thunderbolt|p1a: Dracozolt\n|-resisted|p1a: Dracozolt\n|-damage|p1a: Dracozolt|0 fnt\n|faint|p1a: Dracozolt\n|-ability|p2a: Xurkitree|Beast Boost|boost\n|-boost|p2a: Xurkitree|spa|1\n|\n|upkeep\n|\n|t:|1700994130\n|switch|p1a: Blastoise|Blastoise, F|100\/100\n|-activate|p1a: Blastoise|move: Sticky Web\n|-unboost|p1a: Blastoise|spe|1\n|turn|15\n|\n|t:|1700994137\n|detailschange|p1a: Blastoise|Blastoise-Mega, F\n|-mega|p1a: Blastoise|Blastoise|Blastoisinite\n|move|p2a: Xurkitree|Thunderbolt|p1a: Blastoise\n|-supereffective|p1a: Blastoise\n|-damage|p1a: Blastoise|0 fnt\n|faint|p1a: Blastoise\n|\n|upkeep\n|\n|t:|1700994142\n|switch|p1a: Gyarados|Gyarados, F, shiny|2\/100 slp\n|-ability|p1a: Gyarados|Intimidate|boost\n|-unboost|p2a: Xurkitree|atk|1\n|turn|16\n|-message|xianyu0917 forfeited.\n|\n|win|killgaldo\n|raw|xianyu0917's rating: 1207 &rarr; <strong>1190<\/strong><br \/>(-17 for losing)\n|raw|killgaldo's rating: 1326 &rarr; <strong>1339<\/strong><br \/>(+13 for winning)\n|l|\u2606xianyu0917\n","uploadtime":1700994148,"views":20,"p1id":"xianyu0917","p2id":"killgaldo","formatid":"gen9nationaldexubers","rating":1190,"private":0,"password":""}