{"id":"gen9nationaldexubers-1995662364","p1":"GONAFIGHT328?!","p2":"spitezone \u269d\u5f61","format":"[Gen 9] National Dex Ubers","log":"|j|\u2606GONAFIGHT328?!\n|j|\u2606spitezone \u269d\u5f61\n|t:|1700591828\n|gametype|singles\n|player|p1|GONAFIGHT328?!|acetrainer-gen4dp|1352\n|player|p2|spitezone \u269d\u5f61|psychic-gen2|1253\n|teamsize|p1|6\n|teamsize|p2|6\n|gen|9\n|tier|[Gen 9] National Dex Ubers\n|rated|\n|rule|HP Percentage Mod: HP is shown in percentages\n|rule|Endless Battle Clause: Forcing endless battles is banned\n|rule|OHKO Clause: OHKO moves are banned\n|rule|Evasion Moves Clause: Evasion moves are banned\n|rule|Evasion Items Clause: Evasion items are banned\n|rule|Species Clause: Limit one of each Pok\u00e9mon\n|rule|Sleep Clause Mod: Limit one foe put to sleep\n|rule|Mega Rayquaza Clause: You cannot mega evolve Rayquaza\n|clearpoke\n|poke|p1|Eternatus|\n|poke|p1|Ho-Oh|\n|poke|p1|Groudon|\n|poke|p1|Kingambit, M|\n|poke|p1|Mewtwo|\n|poke|p1|Zacian-*|\n|poke|p2|Chansey, F|\n|poke|p2|Dondozo, M|\n|poke|p2|Ho-Oh|\n|poke|p2|Cresselia, F|\n|poke|p2|Dusclops, M|\n|poke|p2|Bisharp, M|\n|teampreview\n|inactive|Battle timer is ON: inactive players will automatically lose when time's up. (requested by spitezone \u269d\u5f61)\n|inactive|GONAFIGHT328?! also wants the timer to be on.\n|\n|t:|1700591844\n|start\n|switch|p1a: Groudon|Groudon|100\/100\n|switch|p2a: damn son|Bisharp, M, shiny|100\/100\n|-ability|p2a: damn son|Pressure\n|detailschange|p1a: Groudon|Groudon-Primal\n|-primal|p1a: Groudon|Red Orb\n|-weather|DesolateLand|[from] ability: Desolate Land|[of] p1a: Groudon\n|turn|1\n|\n|t:|1700591852\n|move|p1a: Groudon|Stealth Rock|p2a: damn son\n|-sidestart|p2: spitezone \u269d\u5f61|move: Stealth Rock\n|move|p2a: damn son|Mean Look|p1a: Groudon\n|-activate|p1a: Groudon|trapped\n|\n|-weather|DesolateLand|[upkeep]\n|upkeep\n|turn|2\n|\n|t:|1700591857\n|-terastallize|p2a: damn son|Water\n|move|p1a: Groudon|Bulk Up|p1a: Groudon\n|-boost|p1a: Groudon|atk|1\n|-boost|p1a: Groudon|def|1\n|move|p2a: damn son|Iron Defense|p2a: damn son\n|-boost|p2a: damn son|def|2\n|\n|-weather|DesolateLand|[upkeep]\n|upkeep\n|turn|3\n|\n|t:|1700591866\n|move|p1a: Groudon|Bulk Up|p1a: Groudon\n|-boost|p1a: Groudon|atk|1\n|-boost|p1a: Groudon|def|1\n|move|p2a: damn son|Iron Defense|p2a: damn son\n|-boost|p2a: damn son|def|2\n|\n|-weather|DesolateLand|[upkeep]\n|upkeep\n|turn|4\n|\n|t:|1700591871\n|move|p1a: Groudon|Bulk Up|p1a: Groudon\n|-boost|p1a: Groudon|atk|1\n|-boost|p1a: Groudon|def|1\n|move|p2a: damn son|Iron Defense|p2a: damn son\n|-boost|p2a: damn son|def|2\n|\n|-weather|DesolateLand|[upkeep]\n|upkeep\n|turn|5\n|\n|t:|1700591878\n|move|p1a: Groudon|Earthquake|p2a: damn son\n|-damage|p2a: damn son|66\/100\n|move|p2a: damn son|Spite|p1a: Groudon\n|-activate|p1a: Groudon|move: Spite|Earthquake|4\n|\n|-weather|DesolateLand|[upkeep]\n|upkeep\n|turn|6\n|\n|t:|1700591884\n|move|p1a: Groudon|Bulk Up|p1a: Groudon\n|-boost|p1a: Groudon|atk|1\n|-boost|p1a: Groudon|def|1\n|move|p2a: damn son|Spite|p1a: Groudon\n|-activate|p1a: Groudon|move: Spite|Bulk Up|4\n|\n|-weather|DesolateLand|[upkeep]\n|upkeep\n|turn|7\n|\n|t:|1700591890\n|move|p1a: Groudon|Bulk Up|p1a: Groudon\n|-boost|p1a: Groudon|atk|1\n|-boost|p1a: Groudon|def|1\n|move|p2a: damn son|Spite|p1a: Groudon\n|-activate|p1a: Groudon|move: Spite|Bulk Up|4\n|\n|-weather|DesolateLand|[upkeep]\n|upkeep\n|turn|8\n|\n|t:|1700591896\n|move|p1a: Groudon|Bulk Up|p1a: Groudon\n|-boost|p1a: Groudon|atk|1\n|-boost|p1a: Groudon|def|1\n|move|p2a: damn son|Spite|p1a: Groudon\n|-activate|p1a: Groudon|move: Spite|Bulk Up|4\n|\n|-weather|DesolateLand|[upkeep]\n|upkeep\n|turn|9\n|\n|t:|1700591902\n|move|p1a: Groudon|Earthquake|p2a: damn son\n|-damage|p2a: damn son|16\/100\n|move|p2a: damn son|Spite|p1a: Groudon\n|-activate|p1a: Groudon|move: Spite|Earthquake|4\n|\n|-weather|DesolateLand|[upkeep]\n|upkeep\n|turn|10\n|\n|t:|1700591910\n|move|p1a: Groudon|Heat Crash|p2a: damn son\n|-resisted|p2a: damn son\n|-damage|p2a: damn son|0 fnt\n|faint|p2a: damn son\n|\n|-weather|DesolateLand|[upkeep]\n|upkeep\n|\n|t:|1700591911\n|switch|p2a: Big Fish|Dondozo, M|100\/100\n|-damage|p2a: Big Fish|88\/100|[from] Stealth Rock\n|turn|11\n|\n|t:|1700591918\n|move|p1a: Groudon|Earthquake|p2a: Big Fish\n|-damage|p2a: Big Fish|55\/100\n|move|p2a: Big Fish|Curse|p2a: Big Fish\n|-unboost|p2a: Big Fish|spe|1\n|-boost|p2a: Big Fish|atk|1\n|-boost|p2a: Big Fish|def|1\n|\n|-weather|DesolateLand|[upkeep]\n|upkeep\n|turn|12\n|\n|t:|1700591926\n|move|p1a: Groudon|Earthquake|p2a: Big Fish\n|-damage|p2a: Big Fish|34\/100\n|move|p2a: Big Fish|Curse|p2a: Big Fish\n|-unboost|p2a: Big Fish|spe|1\n|-boost|p2a: Big Fish|atk|1\n|-boost|p2a: Big Fish|def|1\n|\n|-weather|DesolateLand|[upkeep]\n|upkeep\n|turn|13\n|\n|t:|1700591933\n|-weather|none\n|switch|p1a: Ho-Oh|Ho-Oh|100\/100\n|move|p2a: Big Fish|Rest|p2a: Big Fish\n|-status|p2a: Big Fish|slp|[from] move: Rest\n|-heal|p2a: Big Fish|100\/100 slp|[silent]\n|\n|upkeep\n|turn|14\n|\n|t:|1700591940\n|cant|p2a: Big Fish|slp\n|move|p1a: Ho-Oh|Whirlwind|p2a: Big Fish\n|drag|p2a: Hot Head Bop|Ho-Oh|100\/100\n|\n|upkeep\n|turn|15\n|\n|t:|1700591946\n|switch|p1a: Eternatus|Eternatus|100\/100\n|-ability|p1a: Eternatus|Pressure\n|move|p2a: Hot Head Bop|Toxic|p1a: Eternatus\n|-immune|p1a: Eternatus\n|\n|upkeep\n|turn|16\n|\n|t:|1700591952\n|move|p1a: Eternatus|Toxic|p2a: Hot Head Bop\n|-status|p2a: Hot Head Bop|tox\n|move|p2a: Hot Head Bop|Defog|p1a: Eternatus\n|-unboost|p1a: Eternatus|evasion|1\n|-sideend|p2: spitezone \u269d\u5f61|Stealth Rock|[from] move: Defog|[of] p2a: Hot Head Bop\n|\n|-damage|p2a: Hot Head Bop|94\/100 tox|[from] psn\n|upkeep\n|turn|17\n|\n|t:|1700591959\n|switch|p2a: Floating Trees|Chansey, F|100\/100\n|move|p1a: Eternatus|Dynamax Cannon|p2a: Floating Trees\n|-damage|p2a: Floating Trees|87\/100\n|\n|upkeep\n|turn|18\n|\n|t:|1700591965\n|move|p1a: Eternatus|Toxic|p2a: Floating Trees\n|-status|p2a: Floating Trees|tox\n|move|p2a: Floating Trees|Heal Bell|p2a: Floating Trees\n|-activate|p2a: Floating Trees|move: Heal Bell\n|-curestatus|p2a: Floating Trees|tox|[msg]\n|-curestatus|p2: Big Fish|slp|[msg]\n|-curestatus|p2: Hot Head Bop|tox|[msg]\n|\n|upkeep\n|turn|19\n|\n|t:|1700591973\n|switch|p2a: that aint falco|Dusclops, M|100\/100\n|-ability|p2a: that aint falco|Pressure\n|move|p1a: Eternatus|Toxic|p2a: that aint falco\n|-status|p2a: that aint falco|tox\n|\n|-damage|p2a: that aint falco|95\/100 tox|[from] psn\n|upkeep\n|turn|20\n|\n|t:|1700591982\n|switch|p1a: Groudon|Groudon-Primal|100\/100\n|-weather|DesolateLand|[from] ability: Desolate Land|[of] p1a: Groudon\n|move|p2a: that aint falco|Mean Look|p1a: Groudon\n|-activate|p1a: Groudon|trapped\n|\n|-weather|DesolateLand|[upkeep]\n|-damage|p2a: that aint falco|83\/100 tox|[from] psn\n|upkeep\n|turn|21\n|\n|t:|1700591992\n|switch|p2a: Floating Trees|Chansey, F|87\/100\n|move|p1a: Groudon|Stealth Rock|p2a: Floating Trees\n|-sidestart|p2: spitezone \u269d\u5f61|move: Stealth Rock\n|\n|-weather|DesolateLand|[upkeep]\n|upkeep\n|turn|22\n|\n|t:|1700591996\n|move|p1a: Groudon|Bulk Up|p1a: Groudon\n|-boost|p1a: Groudon|atk|1\n|-boost|p1a: Groudon|def|1\n|move|p2a: Floating Trees|Heal Bell|p2a: Floating Trees\n|-activate|p2a: Floating Trees|move: Heal Bell\n|-curestatus|p2: that aint falco|tox|[msg]\n|\n|-weather|DesolateLand|[upkeep]\n|upkeep\n|turn|23\n|\n|t:|1700592004\n|switch|p2a: Big Fish|Dondozo, M|100\/100\n|-damage|p2a: Big Fish|88\/100|[from] Stealth Rock\n|move|p1a: Groudon|Earthquake|p2a: Big Fish\n|-damage|p2a: Big Fish|53\/100\n|\n|-weather|DesolateLand|[upkeep]\n|upkeep\n|turn|24\n|\n|t:|1700592011\n|move|p1a: Groudon|Earthquake|p2a: Big Fish\n|-damage|p2a: Big Fish|21\/100\n|move|p2a: Big Fish|Rest|p2a: Big Fish\n|-status|p2a: Big Fish|slp|[from] move: Rest\n|-heal|p2a: Big Fish|100\/100 slp|[silent]\n|\n|-weather|DesolateLand|[upkeep]\n|upkeep\n|turn|25\n|\n|t:|1700592019\n|-weather|none\n|switch|p1a: Kingambit|Kingambit, M|100\/100\n|cant|p2a: Big Fish|slp\n|\n|upkeep\n|turn|26\n|\n|t:|1700592024\n|move|p1a: Kingambit|Knock Off|p2a: Big Fish\n|-damage|p2a: Big Fish|75\/100 slp\n|-damage|p1a: Kingambit|84\/100|[from] item: Rocky Helmet|[of] p2a: Big Fish\n|-enditem|p2a: Big Fish|Rocky Helmet|[from] move: Knock Off|[of] p1a: Kingambit\n|cant|p2a: Big Fish|slp\n|\n|upkeep\n|turn|27\n|\n|t:|1700592032\n|-end|p1a: Kingambit|fallenundefined|[silent]\n|switch|p1a: Mewtwo|Mewtwo|100\/100\n|-ability|p1a: Mewtwo|Pressure\n|-curestatus|p2a: Big Fish|slp|[msg]\n|move|p2a: Big Fish|Body Press|p1a: Mewtwo\n|-resisted|p1a: Mewtwo\n|-damage|p1a: Mewtwo|87\/100\n|\n|upkeep\n|turn|28\n|\n|t:|1700592041\n|switch|p2a: Aurora|Cresselia, F, shiny|100\/100\n|-damage|p2a: Aurora|88\/100|[from] Stealth Rock\n|detailschange|p1a: Mewtwo|Mewtwo-Mega-X\n|-mega|p1a: Mewtwo|Mewtwo|Mewtwonite X\n|move|p1a: Mewtwo|Power-Up Punch|p2a: Aurora\n|-resisted|p2a: Aurora\n|-damage|p2a: Aurora|78\/100\n|-boost|p1a: Mewtwo|atk|1\n|\n|-heal|p2a: Aurora|84\/100|[from] item: Leftovers\n|upkeep\n|turn|29\n|\n|t:|1700592055\n|move|p1a: Mewtwo|Ice Punch|p2a: Aurora\n|-damage|p2a: Aurora|46\/100\n|move|p2a: Aurora|Toxic|p1a: Mewtwo\n|-status|p1a: Mewtwo|tox\n|\n|-heal|p2a: Aurora|53\/100|[from] item: Leftovers\n|-damage|p1a: Mewtwo|81\/100 tox|[from] psn\n|upkeep\n|turn|30\n|\n|t:|1700592065\n|move|p1a: Mewtwo|Power-Up Punch|p2a: Aurora\n|-resisted|p2a: Aurora\n|-damage|p2a: Aurora|37\/100\n|-boost|p1a: Mewtwo|atk|1\n|move|p2a: Aurora|Moonlight|p2a: Aurora\n|-heal|p2a: Aurora|87\/100\n|\n|-heal|p2a: Aurora|94\/100|[from] item: Leftovers\n|-damage|p1a: Mewtwo|68\/100 tox|[from] psn\n|upkeep\n|turn|31\n|\n|t:|1700592076\n|switch|p1a: Eternatus|Eternatus|100\/100\n|-ability|p1a: Eternatus|Pressure\n|move|p2a: Aurora|Future Sight|p1a: Eternatus\n|-start|p2a: Aurora|move: Future Sight\n|\n|-heal|p2a: Aurora|99\/100|[from] item: Leftovers\n|upkeep\n|turn|32\n|\n|t:|1700592089\n|switch|p2a: that aint falco|Dusclops, M|83\/100\n|-damage|p2a: that aint falco|70\/100|[from] Stealth Rock\n|-ability|p2a: that aint falco|Pressure\n|move|p1a: Eternatus|Toxic|p2a: that aint falco\n|-status|p2a: that aint falco|tox\n|\n|-damage|p2a: that aint falco|64\/100 tox|[from] psn\n|upkeep\n|turn|33\n|\n|t:|1700592099\n|switch|p1a: Kingambit|Kingambit, M|84\/100\n|move|p2a: that aint falco|Mean Look|p1a: Kingambit\n|-activate|p1a: Kingambit|trapped\n|\n|-end|p1a: Kingambit|move: Future Sight\n|-immune|p1a: Kingambit\n|-damage|p2a: that aint falco|52\/100 tox|[from] psn\n|upkeep\n|turn|34\n|\n|t:|1700592106\n|switch|p2a: Big Fish|Dondozo, M|75\/100\n|-damage|p2a: Big Fish|63\/100|[from] Stealth Rock\n|move|p1a: Kingambit|Knock Off|p2a: Big Fish\n|-damage|p2a: Big Fish|44\/100\n|\n|upkeep\n|turn|35\n|\n|t:|1700592116\n|-end|p1a: Kingambit|fallenundefined|[silent]\n|switch|p1a: Groudon|Groudon-Primal|100\/100\n|-weather|DesolateLand|[from] ability: Desolate Land|[of] p1a: Groudon\n|move|p2a: Big Fish|Rest|p2a: Big Fish\n|-status|p2a: Big Fish|slp|[from] move: Rest\n|-heal|p2a: Big Fish|100\/100 slp|[silent]\n|\n|-weather|DesolateLand|[upkeep]\n|upkeep\n|turn|36\n|\n|t:|1700592124\n|-weather|none\n|switch|p1a: Ho-Oh|Ho-Oh|100\/100\n|switch|p2a: Hot Head Bop|Ho-Oh|100\/100\n|\n|upkeep\n|turn|37\n|\n|t:|1700592131\n|switch|p1a: Eternatus|Eternatus|100\/100\n|-ability|p1a: Eternatus|Pressure\n|move|p2a: Hot Head Bop|Toxic|p1a: Eternatus\n|-immune|p1a: Eternatus\n|\n|upkeep\n|turn|38\n|\n|t:|1700592137\n|move|p1a: Eternatus|Toxic|p2a: Hot Head Bop\n|-status|p2a: Hot Head Bop|tox\n|move|p2a: Hot Head Bop|Defog|p1a: Eternatus\n|-unboost|p1a: Eternatus|evasion|1\n|-sideend|p2: spitezone \u269d\u5f61|Stealth Rock|[from] move: Defog|[of] p2a: Hot Head Bop\n|\n|-damage|p2a: Hot Head Bop|94\/100 tox|[from] psn\n|upkeep\n|turn|39\n|\n|t:|1700592145\n|switch|p1a: Mewtwo|Mewtwo-Mega-X|68\/100 tox\n|switch|p2a: Floating Trees|Chansey, F|87\/100\n|\n|-damage|p1a: Mewtwo|62\/100 tox|[from] psn\n|upkeep\n|turn|40\n|\n|t:|1700592153\n|move|p1a: Mewtwo|Psycho Cut|p2a: Floating Trees\n|-damage|p2a: Floating Trees|55\/100\n|move|p2a: Floating Trees|Heal Bell|p2a: Floating Trees\n|-activate|p2a: Floating Trees|move: Heal Bell\n|-curestatus|p2: Hot Head Bop|tox|[msg]\n|-curestatus|p2: that aint falco|tox|[msg]\n|-curestatus|p2: Big Fish|slp|[msg]\n|\n|-damage|p1a: Mewtwo|50\/100 tox|[from] psn\n|upkeep\n|turn|41\n|\n|t:|1700592163\n|switch|p2a: Aurora|Cresselia, F, shiny|99\/100\n|move|p1a: Mewtwo|Power-Up Punch|p2a: Aurora\n|-resisted|p2a: Aurora\n|-damage|p2a: Aurora|90\/100\n|-boost|p1a: Mewtwo|atk|1\n|\n|-heal|p2a: Aurora|96\/100|[from] item: Leftovers\n|-damage|p1a: Mewtwo|31\/100 tox|[from] psn\n|upkeep\n|turn|42\n|\n|t:|1700592174\n|switch|p1a: Eternatus|Eternatus|100\/100\n|-ability|p1a: Eternatus|Pressure\n|move|p2a: Aurora|Toxic|p1a: Eternatus|[miss]\n|-miss|p2a: Aurora|p1a: Eternatus\n|\n|-heal|p2a: Aurora|100\/100|[from] item: Leftovers\n|upkeep\n|turn|43\n|\n|t:|1700592181\n|switch|p2a: Floating Trees|Chansey, F|55\/100\n|move|p1a: Eternatus|Toxic|p2a: Floating Trees\n|-status|p2a: Floating Trees|tox\n|\n|-damage|p2a: Floating Trees|49\/100 tox|[from] psn\n|upkeep\n|turn|44\n|\n|t:|1700592189\n|switch|p1a: Groudon|Groudon-Primal|100\/100\n|-weather|DesolateLand|[from] ability: Desolate Land|[of] p1a: Groudon\n|move|p2a: Floating Trees|Wish|p2a: Floating Trees\n|\n|-weather|DesolateLand|[upkeep]\n|-damage|p2a: Floating Trees|36\/100 tox|[from] psn\n|upkeep\n|turn|45\n|\n|t:|1700592196\n|-curestatus|p2a: Floating Trees|tox|[from] ability: Natural Cure\n|switch|p2a: Big Fish|Dondozo, M|100\/100\n|move|p1a: Groudon|Stealth Rock|p2a: Big Fish\n|-sidestart|p2: spitezone \u269d\u5f61|move: Stealth Rock\n|\n|-weather|DesolateLand|[upkeep]\n|upkeep\n|turn|46\n|\n|t:|1700592208\n|-weather|none\n|switch|p1a: Ho-Oh|Ho-Oh|100\/100\n|move|p2a: Big Fish|Curse|p2a: Big Fish\n|-unboost|p2a: Big Fish|spe|1\n|-boost|p2a: Big Fish|atk|1\n|-boost|p2a: Big Fish|def|1\n|\n|upkeep\n|turn|47\n|\n|t:|1700592216\n|move|p2a: Big Fish|Avalanche|p1a: Ho-Oh\n|-damage|p1a: Ho-Oh|86\/100\n|move|p1a: Ho-Oh|Whirlwind|p2a: Big Fish\n|drag|p2a: that aint falco|Dusclops, M|52\/100\n|-damage|p2a: that aint falco|40\/100|[from] Stealth Rock\n|-ability|p2a: that aint falco|Pressure\n|\n|upkeep\n|turn|48\n|\n|t:|1700592225\n|move|p1a: Ho-Oh|Brave Bird|p2a: that aint falco\n|-damage|p2a: that aint falco|9\/100\n|-damage|p1a: Ho-Oh|79\/100|[from] Recoil\n|move|p2a: that aint falco|Rest|p2a: that aint falco\n|-status|p2a: that aint falco|slp|[from] move: Rest\n|-heal|p2a: that aint falco|100\/100 slp|[silent]\n|\n|upkeep\n|turn|49\n|\n|t:|1700592233\n|switch|p2a: Hot Head Bop|Ho-Oh|100\/100\n|move|p1a: Ho-Oh|Whirlwind|p2a: Hot Head Bop\n|drag|p2a: Aurora|Cresselia, F, shiny|100\/100\n|-damage|p2a: Aurora|88\/100|[from] Stealth Rock\n|\n|-heal|p2a: Aurora|94\/100|[from] item: Leftovers\n|upkeep\n|turn|50\n|\n|t:|1700592241\n|switch|p1a: Kingambit|Kingambit, M|84\/100\n|move|p2a: Aurora|Future Sight|p1a: Kingambit\n|-start|p2a: Aurora|move: Future Sight\n|\n|-heal|p2a: Aurora|99\/100|[from] item: Leftovers\n|upkeep\n|turn|51\n|\n|t:|1700592247\n|switch|p2a: Big Fish|Dondozo, M|100\/100\n|-damage|p2a: Big Fish|88\/100|[from] Stealth Rock\n|move|p1a: Kingambit|Knock Off|p2a: Big Fish\n|-damage|p2a: Big Fish|72\/100\n|\n|upkeep\n|turn|52\n|\n|t:|1700592254\n|-end|p1a: Kingambit|fallenundefined|[silent]\n|switch|p1a: Groudon|Groudon-Primal|100\/100\n|-weather|DesolateLand|[from] ability: Desolate Land|[of] p1a: Groudon\n|move|p2a: Big Fish|Avalanche|p1a: Groudon\n|-damage|p1a: Groudon|91\/100\n|\n|-weather|DesolateLand|[upkeep]\n|-end|p1a: Groudon|move: Future Sight\n|-damage|p1a: Groudon|59\/100\n|upkeep\n|turn|53\n|\n|t:|1700592262\n|move|p1a: Groudon|Stealth Rock||[still]\n|-fail|p1a: Groudon\n|move|p2a: Big Fish|Curse|p2a: Big Fish\n|-unboost|p2a: Big Fish|spe|1\n|-boost|p2a: Big Fish|atk|1\n|-boost|p2a: Big Fish|def|1\n|\n|-weather|DesolateLand|[upkeep]\n|upkeep\n|turn|54\n|-message|GONAFIGHT328?! forfeited.\n|\n|win|spitezone \u269d\u5f61\n|raw|GONAFIGHT328?!'s rating: 1352 &rarr; <strong>1326<\/strong><br \/>(-26 for losing)\n|raw|spitezone \u269d\u5f61's rating: 1253 &rarr; <strong>1285<\/strong><br \/>(+32 for winning)\n|l|\u2606GONAFIGHT328?!\n","uploadtime":1700592284,"views":0,"p1id":"gonafight328","p2id":"spitezone","formatid":"gen9nationaldexubers","rating":1285,"private":0,"password":""}