{"id":"gen9nationaldexubers-1984470464","p1":"C0ld as Ice","p2":"faradey","format":"[Gen 9] National Dex Ubers","log":"|j|\u2606C0ld as Ice\n|j|\u2606faradey\n|t:|1699268897\n|gametype|singles\n|player|p1|C0ld as Ice|schoolkid-gen4dp|1799\n|player|p2|faradey|101|1638\n|teamsize|p1|6\n|teamsize|p2|6\n|gen|9\n|tier|[Gen 9] National Dex Ubers\n|rated|\n|rule|HP Percentage Mod: HP is shown in percentages\n|rule|Endless Battle Clause: Forcing endless battles is banned\n|rule|OHKO Clause: OHKO moves are banned\n|rule|Evasion Moves Clause: Evasion moves are banned\n|rule|Evasion Items Clause: Evasion items are banned\n|rule|Species Clause: Limit one of each Pok\u00e9mon\n|rule|Sleep Clause Mod: Limit one foe put to sleep\n|rule|Mega Rayquaza Clause: You cannot mega evolve Rayquaza\n|clearpoke\n|poke|p1|Arceus-Water|\n|poke|p1|Necrozma-Dusk-Mane|\n|poke|p1|Zygarde|\n|poke|p1|Groudon, L99|\n|poke|p1|Marshadow|\n|poke|p1|Yveltal|\n|poke|p2|Groudon|\n|poke|p2|Landorus-Therian, M|\n|poke|p2|Marshadow|\n|poke|p2|Chansey, F|\n|poke|p2|Mewtwo|\n|poke|p2|Yveltal|\n|teampreview\n|inactive|Battle timer is ON: inactive players will automatically lose when time's up. (requested by C0ld as Ice)\n|inactive|C0ld as Ice has 120 seconds left.\n|\n|t:|1699268930\n|start\n|switch|p1a: Groudon|Groudon, L99, shiny|100\/100\n|switch|p2a: Yveltal|Yveltal|100\/100\n|-ability|p2a: Yveltal|Dark Aura\n|detailschange|p1a: Groudon|Groudon-Primal, L99, shiny\n|-primal|p1a: Groudon|Red Orb\n|-weather|DesolateLand|[from] ability: Desolate Land|[of] p1a: Groudon\n|turn|1\n|\n|t:|1699268934\n|-terastallize|p2a: Yveltal|Dark\n|move|p2a: Yveltal|Dark Pulse|p1a: Groudon\n|-damage|p1a: Groudon|18\/100\n|-damage|p2a: Yveltal|91\/100|[from] item: Life Orb\n|move|p1a: Groudon|Overheat|p2a: Yveltal|[miss]\n|-miss|p1a: Groudon|p2a: Yveltal\n|\n|-weather|DesolateLand|[upkeep]\n|upkeep\n|turn|2\n|\n|t:|1699268950\n|-weather|none\n|switch|p1a: Yveltal|Yveltal, shiny|100\/100\n|-ability|p1a: Yveltal|Dark Aura\n|move|p2a: Yveltal|Oblivion Wing|p1a: Yveltal\n|-damage|p1a: Yveltal|57\/100\n|-heal|p2a: Yveltal|100\/100|[from] drain|[of] p1a: Yveltal\n|-damage|p2a: Yveltal|91\/100|[from] item: Life Orb\n|\n|upkeep\n|turn|3\n|\n|t:|1699268964\n|move|p2a: Yveltal|Knock Off|p1a: Yveltal\n|-resisted|p1a: Yveltal\n|-crit|p1a: Yveltal\n|-damage|p1a: Yveltal|15\/100\n|-enditem|p1a: Yveltal|Heavy-Duty Boots|[from] move: Knock Off|[of] p2a: Yveltal\n|-damage|p2a: Yveltal|81\/100|[from] item: Life Orb\n|move|p1a: Yveltal|Roost|p1a: Yveltal\n|-heal|p1a: Yveltal|65\/100\n|-singleturn|p1a: Yveltal|move: Roost\n|\n|upkeep\n|turn|4\n|\n|t:|1699268974\n|switch|p2a: Landorus|Landorus-Therian, M|100\/100\n|-ability|p2a: Landorus|Intimidate|boost\n|-unboost|p1a: Yveltal|atk|1\n|move|p1a: Yveltal|Roost|p1a: Yveltal\n|-heal|p1a: Yveltal|100\/100\n|-singleturn|p1a: Yveltal|move: Roost\n|\n|upkeep\n|turn|5\n|\n|t:|1699268980\n|move|p2a: Landorus|Stealth Rock|p1a: Yveltal\n|-sidestart|p1: C0ld as Ice|move: Stealth Rock\n|move|p1a: Yveltal|U-turn|p2a: Landorus\n|-resisted|p2a: Landorus\n|-damage|p2a: Landorus|96\/100\n|\n|t:|1699268985\n|switch|p1a: Arceus|Arceus-Water, shiny|100\/100|[from] U-turn\n|-damage|p1a: Arceus|88\/100|[from] Stealth Rock\n|\n|-heal|p2a: Landorus|100\/100|[from] item: Leftovers\n|upkeep\n|turn|6\n|\n|t:|1699268990\n|move|p1a: Arceus|Toxic|p2a: Landorus\n|-status|p2a: Landorus|tox\n|move|p2a: Landorus|U-turn|p1a: Arceus\n|-damage|p1a: Arceus|73\/100\n|\n|t:|1699268995\n|switch|p2a: Mewtwo|Mewtwo|100\/100|[from] U-turn\n|-ability|p2a: Mewtwo|Unnerve\n|\n|upkeep\n|turn|7\n|\n|t:|1699269005\n|detailschange|p2a: Mewtwo|Mewtwo-Mega-Y\n|-mega|p2a: Mewtwo|Mewtwo|Mewtwonite Y\n|move|p2a: Mewtwo|Substitute|p2a: Mewtwo\n|-start|p2a: Mewtwo|Substitute\n|-damage|p2a: Mewtwo|76\/100\n|move|p1a: Arceus|Judgment|p2a: Mewtwo\n|-end|p2a: Mewtwo|Substitute\n|\n|upkeep\n|turn|8\n|\n|t:|1699269012\n|switch|p1a: Yveltal|Yveltal, shiny|100\/100\n|-damage|p1a: Yveltal|76\/100|[from] Stealth Rock\n|-ability|p1a: Yveltal|Dark Aura\n|move|p2a: Mewtwo|Substitute|p2a: Mewtwo\n|-start|p2a: Mewtwo|Substitute\n|-damage|p2a: Mewtwo|51\/100\n|\n|upkeep\n|turn|9\n|\n|t:|1699269040\n|move|p2a: Mewtwo|Ice Beam|p1a: Yveltal\n|-supereffective|p1a: Yveltal\n|-damage|p1a: Yveltal|17\/100\n|move|p1a: Yveltal|Roost|p1a: Yveltal\n|-heal|p1a: Yveltal|67\/100\n|-singleturn|p1a: Yveltal|move: Roost\n|\n|upkeep\n|turn|10\n|\n|t:|1699269046\n|move|p2a: Mewtwo|Ice Beam|p1a: Yveltal\n|-supereffective|p1a: Yveltal\n|-damage|p1a: Yveltal|11\/100\n|move|p1a: Yveltal|U-turn|p2a: Mewtwo\n|-supereffective|p2a: Mewtwo\n|-end|p2a: Mewtwo|Substitute\n|\n|t:|1699269048\n|switch|p1a: Marshadow|Marshadow|100\/100|[from] U-turn\n|-damage|p1a: Marshadow|94\/100|[from] Stealth Rock\n|\n|upkeep\n|turn|11\n|\n|t:|1699269055\n|switch|p2a: Landorus|Landorus-Therian, M|100\/100 tox\n|-ability|p2a: Landorus|Intimidate|boost\n|-unboost|p1a: Marshadow|atk|1\n|move|p1a: Marshadow|Shadow Sneak|p2a: Landorus\n|-damage|p2a: Landorus|79\/100 tox\n|\n|-heal|p2a: Landorus|85\/100 tox|[from] item: Leftovers\n|-damage|p2a: Landorus|79\/100 tox|[from] psn\n|upkeep\n|turn|12\n|\n|t:|1699269068\n|switch|p1a: Yveltal|Yveltal, shiny|11\/100\n|-damage|p1a: Yveltal|0 fnt|[from] Stealth Rock\n|faint|p1a: Yveltal\n|move|p2a: Landorus|U-turn|p1: Yveltal|[notarget]\n|-fail|p2a: Landorus\n|\n|-heal|p2a: Landorus|85\/100 tox|[from] item: Leftovers\n|-damage|p2a: Landorus|73\/100 tox|[from] psn\n|upkeep\n|\n|t:|1699269074\n|switch|p1a: Marshadow|Marshadow|94\/100\n|-damage|p1a: Marshadow|88\/100|[from] Stealth Rock\n|turn|13\n|\n|t:|1699269078\n|move|p1a: Marshadow|Poltergeist|p2a: Landorus\n|-activate|p2a: Landorus|move: Poltergeist|Leftovers\n|-damage|p2a: Landorus|14\/100 tox\n|move|p2a: Landorus|Earthquake|p1a: Marshadow\n|-damage|p1a: Marshadow|27\/100\n|\n|-heal|p2a: Landorus|20\/100 tox|[from] item: Leftovers\n|-damage|p2a: Landorus|2\/100 tox|[from] psn\n|upkeep\n|turn|14\n|\n|t:|1699269088\n|move|p1a: Marshadow|Poltergeist|p2a: Landorus|[miss]\n|-miss|p1a: Marshadow|p2a: Landorus\n|move|p2a: Landorus|U-turn|p1a: Marshadow\n|-resisted|p1a: Marshadow\n|-damage|p1a: Marshadow|20\/100\n|\n|t:|1699269096\n|switch|p2a: Marshadow|Marshadow|100\/100|[from] U-turn\n|\n|upkeep\n|turn|15\n|\n|t:|1699269104\n|switch|p1a: Zygarde|Zygarde|100\/100\n|-damage|p1a: Zygarde|94\/100|[from] Stealth Rock\n|move|p2a: Marshadow|Shadow Sneak|p1a: Zygarde\n|-damage|p1a: Zygarde|78\/100\n|\n|-heal|p1a: Zygarde|84\/100|[from] item: Leftovers\n|upkeep\n|turn|16\n|\n|t:|1699269111\n|switch|p2a: Landorus|Landorus-Therian, M|2\/100 tox\n|-ability|p2a: Landorus|Intimidate|boost\n|-unboost|p1a: Zygarde|atk|1\n|move|p1a: Zygarde|Glare||[still]\n|-fail|p1a: Zygarde\n|\n|-heal|p1a: Zygarde|90\/100|[from] item: Leftovers\n|-heal|p2a: Landorus|8\/100 tox|[from] item: Leftovers\n|-damage|p2a: Landorus|2\/100 tox|[from] psn\n|upkeep\n|turn|17\n|\n|t:|1699269126\n|move|p1a: Zygarde|Thousand Arrows|p2a: Landorus\n|-damage|p2a: Landorus|0 fnt\n|faint|p2a: Landorus\n|\n|-heal|p1a: Zygarde|96\/100|[from] item: Leftovers\n|upkeep\n|\n|t:|1699269129\n|switch|p2a: Yveltal|Yveltal, tera:Dark|81\/100\n|-ability|p2a: Yveltal|Dark Aura\n|turn|18\n|\n|t:|1699269145\n|move|p2a: Yveltal|Dark Pulse|p1a: Zygarde\n|-damage|p1a: Zygarde|7\/100\n|-damage|p2a: Yveltal|71\/100|[from] item: Life Orb\n|cant|p1a: Zygarde|flinch\n|\n|-heal|p1a: Zygarde|13\/100|[from] item: Leftovers\n|-activate|p1a: Zygarde|ability: Power Construct\n|detailschange|p1a: Zygarde|Zygarde-Complete\n|-heal|p1a: Zygarde|43\/100|[silent]\n|upkeep\n|turn|19\n|\n|t:|1699269151\n|switch|p1a: Groudon|Groudon-Primal, L99, shiny|18\/100\n|-damage|p1a: Groudon|6\/100|[from] Stealth Rock\n|-weather|DesolateLand|[from] ability: Desolate Land|[of] p1a: Groudon\n|move|p2a: Yveltal|Dark Pulse|p1a: Groudon\n|-crit|p1a: Groudon\n|-damage|p1a: Groudon|0 fnt\n|faint|p1a: Groudon\n|-weather|none\n|-damage|p2a: Yveltal|61\/100|[from] item: Life Orb\n|\n|upkeep\n|\n|t:|1699269153\n|switch|p1a: Marshadow|Marshadow|20\/100\n|-damage|p1a: Marshadow|14\/100|[from] Stealth Rock\n|turn|20\n|\n|t:|1699269161\n|switch|p2a: Groudon|Groudon|100\/100\n|detailschange|p2a: Groudon|Groudon-Primal\n|-primal|p2a: Groudon|Red Orb\n|-weather|DesolateLand|[from] ability: Desolate Land|[of] p2a: Groudon\n|move|p1a: Marshadow|Poltergeist|p2a: Groudon\n|-activate|p2a: Groudon|move: Poltergeist|Red Orb\n|-damage|p2a: Groudon|47\/100\n|\n|-weather|DesolateLand|[upkeep]\n|upkeep\n|turn|21\n|\n|t:|1699269170\n|move|p1a: Marshadow|Poltergeist|p2a: Groudon\n|-activate|p2a: Groudon|move: Poltergeist|Red Orb\n|-damage|p2a: Groudon|0 fnt\n|faint|p2a: Groudon\n|-weather|none\n|\n|upkeep\n|\n|t:|1699269176\n|switch|p2a: Yveltal|Yveltal, tera:Dark|61\/100\n|-ability|p2a: Yveltal|Dark Aura\n|turn|22\n|\n|t:|1699269181\n|-terastallize|p1a: Marshadow|Ghost\n|move|p2a: Yveltal|Sucker Punch|p1a: Marshadow\n|-supereffective|p1a: Marshadow\n|-damage|p1a: Marshadow|0 fnt\n|faint|p1a: Marshadow\n|-damage|p2a: Yveltal|51\/100|[from] item: Life Orb\n|\n|upkeep\n|\n|t:|1699269186\n|switch|p1a: Arceus|Arceus-Water, shiny|73\/100\n|-damage|p1a: Arceus|61\/100|[from] Stealth Rock\n|turn|23\n|\n|t:|1699269191\n|move|p1a: Arceus|Judgment|p2a: Yveltal\n|-damage|p2a: Yveltal|7\/100\n|move|p2a: Yveltal|Dark Pulse|p1a: Arceus\n|-damage|p1a: Arceus|0 fnt\n|faint|p1a: Arceus\n|-damage|p2a: Yveltal|0 fnt|[from] item: Life Orb\n|faint|p2a: Yveltal\n|\n|upkeep\n|\n|t:|1699269197\n|switch|p1a: Necrozma|Necrozma-Dusk-Mane, shiny|100\/100\n|switch|p2a: Mewtwo|Mewtwo-Mega-Y|51\/100\n|-damage|p1a: Necrozma|94\/100|[from] Stealth Rock\n|turn|24\n|\n|t:|1699269201\n|switch|p2a: Marshadow|Marshadow|100\/100\n|move|p1a: Necrozma|Sunsteel Strike|p2a: Marshadow\n|-damage|p2a: Marshadow|33\/100\n|\n|upkeep\n|turn|25\n|\n|t:|1699269208\n|switch|p1a: Zygarde|Zygarde-Complete|43\/100\n|-damage|p1a: Zygarde|37\/100|[from] Stealth Rock\n|move|p2a: Marshadow|Spectral Thief|p1a: Zygarde\n|-damage|p1a: Zygarde|18\/100\n|\n|-heal|p1a: Zygarde|25\/100|[from] item: Leftovers\n|upkeep\n|turn|26\n|\n|t:|1699269219\n|move|p2a: Marshadow|Force Palm|p1a: Zygarde\n|-crit|p1a: Zygarde\n|-damage|p1a: Zygarde|0 fnt\n|faint|p1a: Zygarde\n|\n|upkeep\n|\n|t:|1699269221\n|switch|p1a: Necrozma|Necrozma-Dusk-Mane, shiny|94\/100\n|-damage|p1a: Necrozma|88\/100|[from] Stealth Rock\n|turn|27\n|\n|t:|1699269224\n|move|p2a: Marshadow|Spectral Thief|p1a: Necrozma\n|-supereffective|p1a: Necrozma\n|-damage|p1a: Necrozma|39\/100\n|move|p1a: Necrozma|Sunsteel Strike|p2a: Marshadow\n|-damage|p2a: Marshadow|0 fnt\n|faint|p2a: Marshadow\n|\n|upkeep\n|\n|t:|1699269231\n|switch|p2a: Mewtwo|Mewtwo-Mega-Y|51\/100\n|turn|28\n|\n|t:|1699269237\n|move|p2a: Mewtwo|Fire Blast|p1a: Necrozma|[miss]\n|-miss|p2a: Mewtwo|p1a: Necrozma\n|move|p1a: Necrozma|Moonlight|p1a: Necrozma\n|-heal|p1a: Necrozma|89\/100\n|\n|upkeep\n|turn|29\n|\n|t:|1699269241\n|move|p2a: Mewtwo|Substitute|p2a: Mewtwo\n|-start|p2a: Mewtwo|Substitute\n|-damage|p2a: Mewtwo|26\/100\n|move|p1a: Necrozma|Sunsteel Strike|p2a: Mewtwo\n|-end|p2a: Mewtwo|Substitute\n|\n|upkeep\n|turn|30\n|\n|t:|1699269247\n|move|p2a: Mewtwo|Fire Blast|p1a: Necrozma|[miss]\n|-miss|p2a: Mewtwo|p1a: Necrozma\n|move|p1a: Necrozma|Sunsteel Strike|p2a: Mewtwo\n|-damage|p2a: Mewtwo|0 fnt\n|faint|p2a: Mewtwo\n|\n|upkeep\n|c|\u2606faradey|???\n|c|\u2606C0ld as Ice|You crit\n|c|\u2606C0ld as Ice|so\n|c|\u2606faradey|1\/1\n|inactive|faradey has 120 seconds left.\n|-message|faradey forfeited.\n|\n|win|C0ld as Ice\n|raw|C0ld as Ice's rating: 1799 &rarr; <strong>1810<\/strong><br \/>(+11 for winning)\n|raw|faradey's rating: 1638 &rarr; <strong>1627<\/strong><br \/>(-11 for losing)\n|l|\u2606faradey\n","uploadtime":1699269384,"views":7,"p1id":"c0ldasice","p2id":"faradey","formatid":"gen9nationaldexubers","rating":1627,"private":0,"password":""}