{"id":"gen9nationaldexubers-1980481883","p1":"eloy18","p2":"blancasofia","format":"[Gen 9] National Dex Ubers","log":"|j|\u2606eloy18\n|j|\u2606blancasofia\n|t:|1698789092\n|gametype|singles\n|player|p1|eloy18|102|\n|player|p2|blancasofia|acetrainerf|\n|teamsize|p1|6\n|teamsize|p2|6\n|gen|9\n|tier|[Gen 9] National Dex Ubers\n|rule|HP Percentage Mod: HP is shown in percentages\n|rule|Endless Battle Clause: Forcing endless battles is banned\n|rule|OHKO Clause: OHKO moves are banned\n|rule|Evasion Moves Clause: Evasion moves are banned\n|rule|Evasion Items Clause: Evasion items are banned\n|rule|Species Clause: Limit one of each Pok\u00e9mon\n|rule|Sleep Clause Mod: Limit one foe put to sleep\n|rule|Mega Rayquaza Clause: You cannot mega evolve Rayquaza\n|clearpoke\n|poke|p1|Darkrai, L55|\n|poke|p1|Umbreon, L60, M|\n|poke|p1|Greninja-*, L65, M|\n|poke|p1|Zoroark, L60, F|\n|poke|p1|Weavile, L60, M|\n|poke|p1|Absol, L60, M|\n|poke|p2|Clodsire, L55, M|\n|poke|p2|Lopunny, L60, F|\n|poke|p2|Rotom-Wash, L55|\n|poke|p2|Gholdengo, L55|\n|poke|p2|Houndoom, L55, M|\n|poke|p2|Gliscor, L55, M|\n|teampreview\n|\n|t:|1698789098\n|start\n|switch|p1a: Weavile|Weavile, L60, M|100\/100\n|switch|p2a: Lunny|Lopunny, L60, F|100\/100\n|-ability|p1a: Weavile|Pressure\n|turn|1\n|\n|t:|1698789112\n|switch|p1a: Umbreon|Umbreon, L60, M|100\/100\n|detailschange|p2a: Lunny|Lopunny-Mega, L60, F\n|-mega|p2a: Lunny|Lopunny|Lopunnite\n|move|p2a: Lunny|Fake Out|p1a: Umbreon\n|-crit|p1a: Umbreon\n|-damage|p1a: Umbreon|75\/100\n|\n|-heal|p1a: Umbreon|81\/100|[from] item: Leftovers\n|upkeep\n|turn|2\n|\n|t:|1698789120\n|switch|p2a: Clod|Clodsire, L55, M|100\/100\n|move|p1a: Umbreon|Toxic|p2a: Clod|[miss]\n|-miss|p1a: Umbreon|p2a: Clod\n|\n|-heal|p1a: Umbreon|87\/100|[from] item: Leftovers\n|upkeep\n|turn|3\n|\n|t:|1698789127\n|switch|p1a: Greninja|Greninja, L65, M, shiny|100\/100\n|move|p2a: Clod|Toxic|p1a: Greninja\n|-status|p1a: Greninja|tox\n|\n|-damage|p1a: Greninja|95\/100 tox|[from] psn\n|upkeep\n|turn|4\n|\n|t:|1698789135\n|switch|p2a: Wash|Rotom-Wash, L55|100\/100\n|move|p1a: Greninja|Ice Beam|p2a: Wash\n|-start|p1a: Greninja|typechange|Ice|[from] ability: Protean\n|-resisted|p2a: Wash\n|-damage|p2a: Wash|54\/100\n|-damage|p1a: Greninja|85\/100 tox|[from] item: Life Orb\n|\n|-heal|p2a: Wash|60\/100|[from] item: Leftovers\n|-damage|p1a: Greninja|73\/100 tox|[from] psn\n|upkeep\n|turn|5\n|\n|t:|1698789144\n|move|p1a: Greninja|Dark Pulse|p2a: Wash\n|-damage|p2a: Wash|6\/100\n|-damage|p1a: Greninja|64\/100 tox|[from] item: Life Orb\n|move|p2a: Wash|Hex|p1a: Greninja\n|-damage|p1a: Greninja|17\/100 tox\n|\n|-heal|p2a: Wash|11\/100|[from] item: Leftovers\n|-damage|p1a: Greninja|0 fnt|[from] psn\n|faint|p1a: Greninja\n|upkeep\n|\n|t:|1698789160\n|switch|p1a: Umbreon|Umbreon, L60, M|87\/100\n|turn|6\n|\n|t:|1698789167\n|move|p2a: Wash|Thunder Wave|p1a: Umbreon\n|-status|p1a: Umbreon|par\n|-activate|p1a: Umbreon|ability: Synchronize\n|-immune|p2a: Wash\n|move|p1a: Umbreon|Foul Play|p2a: Wash\n|-damage|p2a: Wash|0 fnt\n|faint|p2a: Wash\n|\n|-heal|p1a: Umbreon|93\/100 par|[from] item: Leftovers\n|upkeep\n|\n|t:|1698789177\n|switch|p2a: Clod|Clodsire, L55, M|100\/100\n|turn|7\n|c|\u2606blancasofia|pense que el protean lo cambiaria a siniestro\n|\n|t:|1698789190\n|cant|p1a: Umbreon|par\n|move|p2a: Clod|Stealth Rock|p1a: Umbreon\n|-sidestart|p1: eloy18|move: Stealth Rock\n|\n|-heal|p1a: Umbreon|99\/100 par|[from] item: Leftovers\n|upkeep\n|turn|8\n|\n|t:|1698789196\n|switch|p2a: Scor|Gliscor, L55, M|100\/100\n|move|p1a: Umbreon|Foul Play|p2a: Scor\n|-damage|p2a: Scor|58\/100\n|\n|-heal|p1a: Umbreon|100\/100 par|[from] item: Leftovers\n|-status|p2a: Scor|tox|[from] item: Toxic Orb\n|upkeep\n|turn|9\n|\n|t:|1698789205\n|move|p2a: Scor|Facade|p1a: Umbreon\n|-damage|p1a: Umbreon|75\/100 par\n|move|p1a: Umbreon|Foul Play|p2a: Scor\n|-damage|p2a: Scor|18\/100 tox\n|\n|-heal|p1a: Umbreon|81\/100 par|[from] item: Leftovers\n|-heal|p2a: Scor|30\/100 tox|[from] ability: Poison Heal\n|upkeep\n|turn|10\n|\n|t:|1698789216\n|switch|p2a: Clod|Clodsire, L55, M|100\/100\n|cant|p1a: Umbreon|par\n|\n|-heal|p1a: Umbreon|87\/100 par|[from] item: Leftovers\n|upkeep\n|turn|11\n|\n|t:|1698789223\n|move|p1a: Umbreon|Foul Play|p2a: Clod\n|-damage|p2a: Clod|69\/100\n|move|p2a: Clod|Earthquake|p1a: Umbreon\n|-damage|p1a: Umbreon|68\/100 par\n|\n|-heal|p1a: Umbreon|74\/100 par|[from] item: Leftovers\n|-heal|p2a: Clod|75\/100|[from] item: Black Sludge\n|upkeep\n|turn|12\n|\n|t:|1698789232\n|cant|p1a: Umbreon|par\n|move|p2a: Clod|Earthquake|p1a: Umbreon\n|-damage|p1a: Umbreon|55\/100 par\n|\n|-heal|p1a: Umbreon|61\/100 par|[from] item: Leftovers\n|-heal|p2a: Clod|82\/100|[from] item: Black Sludge\n|upkeep\n|turn|13\n|\n|t:|1698789238\n|move|p1a: Umbreon|Foul Play|p2a: Clod\n|-damage|p2a: Clod|50\/100\n|move|p2a: Clod|Earthquake|p1a: Umbreon\n|-damage|p1a: Umbreon|40\/100 par\n|\n|-heal|p1a: Umbreon|46\/100 par|[from] item: Leftovers\n|-heal|p2a: Clod|56\/100|[from] item: Black Sludge\n|upkeep\n|turn|14\n|\n|t:|1698789244\n|cant|p1a: Umbreon|par\n|move|p2a: Clod|Recover|p2a: Clod\n|-heal|p2a: Clod|100\/100\n|\n|-heal|p1a: Umbreon|52\/100 par|[from] item: Leftovers\n|upkeep\n|turn|15\n|\n|t:|1698789263\n|move|p1a: Umbreon|Foul Play|p2a: Clod\n|-damage|p2a: Clod|69\/100\n|move|p2a: Clod|Earthquake|p1a: Umbreon\n|-damage|p1a: Umbreon|33\/100 par\n|\n|-heal|p1a: Umbreon|39\/100 par|[from] item: Leftovers\n|-heal|p2a: Clod|75\/100|[from] item: Black Sludge\n|upkeep\n|turn|16\n|\n|t:|1698789291\n|move|p1a: Umbreon|Wish|p1a: Umbreon\n|move|p2a: Clod|Earthquake|p1a: Umbreon\n|-damage|p1a: Umbreon|21\/100 par\n|\n|-heal|p1a: Umbreon|26\/100 par|[from] item: Leftovers\n|-heal|p2a: Clod|82\/100|[from] item: Black Sludge\n|upkeep\n|turn|17\n|\n|t:|1698789303\n|switch|p2a: Scor|Gliscor, L55, M|30\/100 tox\n|move|p1a: Umbreon|Protect||[still]\n|-fail|p1a: Umbreon\n|\n|-heal|p1a: Umbreon|76\/100 par|[from] move: Wish|[wisher] Umbreon\n|-heal|p1a: Umbreon|82\/100 par|[from] item: Leftovers\n|-heal|p2a: Scor|42\/100 tox|[from] ability: Poison Heal\n|upkeep\n|turn|18\n|\n|t:|1698789316\n|switch|p2a: Clod|Clodsire, L55, M|82\/100\n|cant|p1a: Umbreon|par\n|\n|-heal|p1a: Umbreon|88\/100 par|[from] item: Leftovers\n|-heal|p2a: Clod|88\/100|[from] item: Black Sludge\n|upkeep\n|turn|19\n|\n|t:|1698789331\n|move|p1a: Umbreon|Foul Play|p2a: Clod\n|-damage|p2a: Clod|57\/100\n|move|p2a: Clod|Earthquake|p1a: Umbreon\n|-damage|p1a: Umbreon|67\/100 par\n|\n|-heal|p1a: Umbreon|73\/100 par|[from] item: Leftovers\n|-heal|p2a: Clod|63\/100|[from] item: Black Sludge\n|upkeep\n|turn|20\n|\n|t:|1698789357\n|move|p1a: Umbreon|Foul Play|p2a: Clod\n|-damage|p2a: Clod|31\/100\n|move|p2a: Clod|Recover|p2a: Clod\n|-heal|p2a: Clod|81\/100\n|\n|-heal|p1a: Umbreon|79\/100 par|[from] item: Leftovers\n|-heal|p2a: Clod|87\/100|[from] item: Black Sludge\n|upkeep\n|turn|21\n|\n|t:|1698789364\n|switch|p2a: Lunny|Lopunny-Mega, L60, F|100\/100\n|move|p1a: Umbreon|Foul Play|p2a: Lunny\n|-resisted|p2a: Lunny\n|-damage|p2a: Lunny|68\/100\n|\n|-heal|p1a: Umbreon|85\/100 par|[from] item: Leftovers\n|upkeep\n|turn|22\n|\n|t:|1698789369\n|move|p2a: Lunny|Drain Punch|p1a: Umbreon\n|-supereffective|p1a: Umbreon\n|-damage|p1a: Umbreon|22\/100 par\n|-heal|p2a: Lunny|100\/100|[from] drain|[of] p1a: Umbreon\n|move|p1a: Umbreon|Foul Play|p2a: Lunny\n|-resisted|p2a: Lunny\n|-damage|p2a: Lunny|66\/100\n|\n|-heal|p1a: Umbreon|28\/100 par|[from] item: Leftovers\n|upkeep\n|turn|23\n|\n|t:|1698789376\n|move|p2a: Lunny|Drain Punch|p1a: Umbreon\n|-supereffective|p1a: Umbreon\n|-damage|p1a: Umbreon|0 fnt\n|-heal|p2a: Lunny|86\/100|[from] drain|[of] p1a: Umbreon\n|faint|p1a: Umbreon\n|\n|upkeep\n|\n|t:|1698789379\n|switch|p1a: Absol|Absol, L60, M|100\/100\n|-damage|p1a: Absol|88\/100|[from] Stealth Rock\n|turn|24\n|\n|t:|1698789392\n|move|p1a: Absol|Focus Blast|p2a: Lunny\n|-supereffective|p2a: Lunny\n|-damage|p2a: Lunny|0 fnt\n|faint|p2a: Lunny\n|\n|upkeep\n|\n|t:|1698789398\n|switch|p2a: Dengo|Gholdengo, L55|100\/100\n|turn|25\n|\n|t:|1698789402\n|switch|p1a: Darkrai|Darkrai, L55|100\/100\n|-damage|p1a: Darkrai|89\/100|[from] Stealth Rock\n|move|p2a: Dengo|Focus Blast|p1a: Darkrai|[miss]\n|-miss|p2a: Dengo|p1a: Darkrai\n|\n|upkeep\n|turn|26\n|\n|t:|1698789409\n|switch|p2a: Akuma|Houndoom, L55, M|100\/100\n|move|p1a: Darkrai|Dark Pulse|p2a: Akuma\n|-resisted|p2a: Akuma\n|-damage|p2a: Akuma|63\/100\n|-damage|p1a: Darkrai|79\/100|[from] item: Life Orb\n|\n|upkeep\n|turn|27\n|\n|t:|1698789423\n|move|p1a: Darkrai|Sludge Bomb|p2a: Akuma\n|-damage|p2a: Akuma|5\/100\n|-damage|p1a: Darkrai|70\/100|[from] item: Life Orb\n|move|p2a: Akuma|Flame Charge|p1a: Darkrai\n|-damage|p1a: Darkrai|51\/100\n|-boost|p2a: Akuma|spe|1\n|\n|upkeep\n|turn|28\n|\n|t:|1698789439\n|move|p2a: Akuma|Destiny Bond|p2a: Akuma\n|-singlemove|p2a: Akuma|Destiny Bond\n|move|p1a: Darkrai|Sludge Bomb|p2a: Akuma\n|-damage|p2a: Akuma|0 fnt\n|faint|p2a: Akuma\n|-activate|p2a: Akuma|move: Destiny Bond\n|faint|p1a: Darkrai\n|\n|upkeep\n|\n|t:|1698789448\n|switch|p1a: Absol|Absol, L60, M|88\/100\n|switch|p2a: Dengo|Gholdengo, L55|100\/100\n|-damage|p1a: Absol|76\/100|[from] Stealth Rock\n|turn|29\n|\n|t:|1698789454\n|move|p1a: Absol|Dark Pulse|p2a: Dengo\n|-supereffective|p2a: Dengo\n|-damage|p2a: Dengo|23\/100\n|cant|p2a: Dengo|flinch\n|\n|upkeep\n|turn|30\n|\n|t:|1698789459\n|move|p1a: Absol|Dark Pulse|p2a: Dengo\n|-supereffective|p2a: Dengo\n|-damage|p2a: Dengo|0 fnt\n|faint|p2a: Dengo\n|\n|upkeep\n|\n|t:|1698789463\n|switch|p2a: Clod|Clodsire, L55, M|87\/100\n|turn|31\n|\n|t:|1698789467\n|move|p1a: Absol|Dark Pulse|p2a: Clod\n|-damage|p2a: Clod|64\/100\n|move|p2a: Clod|Toxic|p1a: Absol\n|-status|p1a: Absol|tox\n|\n|-heal|p2a: Clod|70\/100|[from] item: Black Sludge\n|-damage|p1a: Absol|69\/100 tox|[from] psn\n|upkeep\n|turn|32\n|\n|t:|1698789472\n|move|p1a: Absol|Dark Pulse|p2a: Clod\n|-damage|p2a: Clod|43\/100\n|move|p2a: Clod|Recover|p2a: Clod\n|-heal|p2a: Clod|94\/100\n|\n|-heal|p2a: Clod|99\/100|[from] item: Black Sludge\n|-damage|p1a: Absol|57\/100 tox|[from] psn\n|upkeep\n|turn|33\n|\n|t:|1698789480\n|move|p1a: Absol|Dark Pulse|p2a: Clod\n|-damage|p2a: Clod|76\/100\n|move|p2a: Clod|Earthquake|p1a: Absol\n|-damage|p1a: Absol|12\/100 tox\n|replace|p1a: Zoroark|Zoroark, L60, F\n|-end|p1a: Zoroark|Illusion\n|\n|-heal|p2a: Clod|82\/100|[from] item: Black Sludge\n|-damage|p1a: Zoroark|0 fnt|[from] psn\n|faint|p1a: Zoroark\n|upkeep\n|\n|t:|1698789509\n|switch|p1a: Weavile|Weavile, L60, M|100\/100\n|-damage|p1a: Weavile|76\/100|[from] Stealth Rock\n|-ability|p1a: Weavile|Pressure\n|turn|34\n|\n|t:|1698789520\n|move|p1a: Weavile|Triple Axel|p2a: Clod\n|-supereffective|p2a: Clod\n|-damage|p2a: Clod|45\/100\n|-hitcount|p2a: Clod|1\n|move|p2a: Clod|Earthquake|p1a: Weavile\n|-damage|p1a: Weavile|32\/100\n|\n|-heal|p2a: Clod|51\/100|[from] item: Black Sludge\n|upkeep\n|turn|35\n|\n|t:|1698789529\n|move|p1a: Weavile|Triple Axel|p2a: Clod\n|-supereffective|p2a: Clod\n|-damage|p2a: Clod|9\/100\n|-supereffective|p2a: Clod\n|-damage|p2a: Clod|0 fnt\n|faint|p2a: Clod\n|-hitcount|p2: Clod|2\n|\n|upkeep\n|\n|t:|1698789535\n|switch|p2a: Scor|Gliscor, L55, M|42\/100 tox\n|turn|36\n|\n|t:|1698789537\n|move|p2a: Scor|Quick Attack|p1a: Weavile\n|-damage|p1a: Weavile|15\/100\n|move|p1a: Weavile|Triple Axel|p2a: Scor\n|-supereffective|p2a: Scor\n|-damage|p2a: Scor|0 fnt\n|faint|p2a: Scor\n|-hitcount|p2: Scor|1\n|\n|win|eloy18\n","uploadtime":1698789718,"views":11,"p1id":"eloy18","p2id":"blancasofia","formatid":"gen9nationaldexubers","rating":0,"private":0,"password":""}