{"id":"gen9nationaldexubers-1988522475","p1":"Yeetmaneat42069","p2":"mandys207","format":"[Gen 9] National Dex Ubers","log":"|j|\u2606Yeetmaneat42069\n|j|\u2606mandys207\n|t:|1699731970\n|gametype|singles\n|player|p1|Yeetmaneat42069|170|\n|player|p2|mandys207|266|\n|teamsize|p1|6\n|teamsize|p2|6\n|gen|9\n|tier|[Gen 9] National Dex Ubers\n|rule|HP Percentage Mod: HP is shown in percentages\n|rule|Endless Battle Clause: Forcing endless battles is banned\n|rule|OHKO Clause: OHKO moves are banned\n|rule|Evasion Moves Clause: Evasion moves are banned\n|rule|Evasion Items Clause: Evasion items are banned\n|rule|Species Clause: Limit one of each Pok\u00e9mon\n|rule|Sleep Clause Mod: Limit one foe put to sleep\n|rule|Mega Rayquaza Clause: You cannot mega evolve Rayquaza\n|clearpoke\n|poke|p1|Houndstone, M|\n|poke|p1|Mamoswine, F|\n|poke|p1|Delphox, M|\n|poke|p1|Swalot, F|\n|poke|p1|Breloom, F|\n|poke|p1|Salamence, F|\n|poke|p2|Corviknight, M|\n|poke|p2|Skeledirge, F|\n|poke|p2|Noivern, F|\n|poke|p2|Greninja-*, M|\n|poke|p2|Tinkaton, F|\n|poke|p2|Chesnaught, F|\n|teampreview\n|\n|t:|1699731989\n|start\n|switch|p1a: Breloom|Breloom, F|100\/100\n|switch|p2a: Tinkaton|Tinkaton, F|100\/100\n|turn|1\n|j| Catisbest8\n|c| Catisbest8|wow what an interesting battle\n|\n|t:|1699732015\n|move|p2a: Tinkaton|Fake Out|p1a: Breloom\n|-damage|p1a: Breloom|86\/100\n|cant|p1a: Breloom|flinch\n|\n|upkeep\n|turn|2\n|\n|t:|1699732030\n|switch|p1a: Swalot|Swalot, F|100\/100\n|move|p2a: Tinkaton|Stealth Rock|p1a: Swalot\n|-sidestart|p1: Yeetmaneat42069|move: Stealth Rock\n|\n|upkeep\n|turn|3\n|\n|t:|1699732052\n|move|p2a: Tinkaton|Stealth Rock||[still]\n|-fail|p2a: Tinkaton\n|move|p1a: Swalot|Swords Dance|p1a: Swalot\n|-boost|p1a: Swalot|atk|2\n|\n|upkeep\n|turn|4\n|\n|t:|1699732068\n|move|p2a: Tinkaton|Gigaton Hammer|p1a: Swalot\n|-damage|p1a: Swalot|45\/100\n|move|p1a: Swalot|Knock Off|p2a: Tinkaton\n|-resisted|p2a: Tinkaton\n|-damage|p2a: Tinkaton|66\/100\n|-enditem|p2a: Tinkaton|Expert Belt|[from] move: Knock Off|[of] p1a: Swalot\n|\n|-heal|p1a: Swalot|51\/100|[from] item: Black Sludge\n|upkeep\n|turn|5\n|l|\u2606Yeetmaneat42069\n|player|p1|\n|j| Azurfriend\n|c| Azurfriend|sup\n|c| Catisbest8|helloooo\n|j|\u2606Yeetmaneat42069\n|player|p1|Yeetmaneat42069|170\n|\n|t:|1699732145\n|move|p2a: Tinkaton|Play Rough|p1a: Swalot\n|-resisted|p1a: Swalot\n|-damage|p1a: Swalot|34\/100\n|move|p1a: Swalot|Seed Bomb|p2a: Tinkaton\n|-resisted|p2a: Tinkaton\n|-damage|p2a: Tinkaton|39\/100\n|\n|-heal|p1a: Swalot|40\/100|[from] item: Black Sludge\n|upkeep\n|turn|6\n|\n|t:|1699732157\n|move|p2a: Tinkaton|Gigaton Hammer|p1a: Swalot\n|-damage|p1a: Swalot|0 fnt\n|faint|p1a: Swalot\n|\n|upkeep\n|\n|t:|1699732166\n|switch|p1a: Salamence|Salamence, F|100\/100\n|-damage|p1a: Salamence|76\/100|[from] Stealth Rock\n|-ability|p1a: Salamence|Intimidate|boost\n|-fail|p2a: Tinkaton|unboost|Attack|[from] ability: Own Tempo|[of] p2a: Tinkaton\n|turn|7\n|\n|t:|1699732178\n|detailschange|p1a: Salamence|Salamence-Mega, F\n|-mega|p1a: Salamence|Salamence|Salamencite\n|move|p1a: Salamence|Earthquake|p2a: Tinkaton\n|-supereffective|p2a: Tinkaton\n|-damage|p2a: Tinkaton|0 fnt\n|faint|p2a: Tinkaton\n|\n|upkeep\n|\n|t:|1699732186\n|switch|p2a: Greninja|Greninja, M|100\/100\n|turn|8\n|\n|t:|1699732222\n|switch|p1a: Breloom|Breloom, F|86\/100\n|-damage|p1a: Breloom|79\/100|[from] Stealth Rock\n|move|p2a: Greninja|Ice Beam|p1a: Breloom\n|-start|p2a: Greninja|typechange|Ice|[from] ability: Protean\n|-supereffective|p1a: Breloom\n|-damage|p1a: Breloom|0 fnt\n|faint|p1a: Breloom\n|-damage|p2a: Greninja|91\/100|[from] item: Life Orb\n|\n|upkeep\n|\n|t:|1699732246\n|switch|p1a: Delphox|Delphox, M|100\/100\n|-damage|p1a: Delphox|76\/100|[from] Stealth Rock\n|turn|9\n|l|\u2606Yeetmaneat42069\n|player|p1|\n|c| Catisbest8|he left againnn\n|j|\u2606Yeetmaneat42069\n|player|p1|Yeetmaneat42069|170\n|c|\u2606mandys207|the hell\n|\n|t:|1699732332\n|move|p2a: Greninja|Dark Pulse|p1a: Delphox\n|-supereffective|p1a: Delphox\n|-damage|p1a: Delphox|8\/100\n|-damage|p2a: Greninja|81\/100|[from] item: Life Orb\n|move|p1a: Delphox|Fire Blast|p2a: Greninja\n|-supereffective|p2a: Greninja\n|-damage|p2a: Greninja|0 fnt\n|faint|p2a: Greninja\n|\n|upkeep\n|\n|t:|1699732346\n|switch|p2a: Noivern|Noivern, F|100\/100\n|turn|10\n|\n|t:|1699732363\n|move|p2a: Noivern|Dark Pulse|p1a: Delphox\n|-supereffective|p1a: Delphox\n|-damage|p1a: Delphox|0 fnt\n|faint|p1a: Delphox\n|\n|upkeep\n|\n|t:|1699732377\n|switch|p1a: Salamence|Salamence-Mega, F|76\/100\n|-damage|p1a: Salamence|51\/100|[from] Stealth Rock\n|turn|11\n|l|\u2606Yeetmaneat42069\n|player|p1|\n|c|\u2606mandys207|bruh again?\n|j|\u2606Yeetmaneat42069\n|player|p1|Yeetmaneat42069|170\n|\n|t:|1699732496\n|-terastallize|p2a: Noivern|Normal\n|move|p2a: Noivern|Draco Meteor|p1a: Salamence\n|-supereffective|p1a: Salamence\n|-damage|p1a: Salamence|0 fnt\n|-unboost|p2a: Noivern|spa|2\n|faint|p1a: Salamence\n|\n|upkeep\n|\n|t:|1699732506\n|switch|p1a: Mamoswine|Mamoswine, F|100\/100\n|-damage|p1a: Mamoswine|88\/100|[from] Stealth Rock\n|turn|12\n|\n|t:|1699732540\n|switch|p2a: Corviknight|Corviknight, M|100\/100\n|-ability|p2a: Corviknight|Unnerve\n|move|p1a: Mamoswine|Sandstorm|p1a: Mamoswine\n|-weather|Sandstorm\n|\n|-weather|Sandstorm|[upkeep]\n|upkeep\n|turn|13\n|l|\u2606Yeetmaneat42069\n|player|p1|\n|c|\u2606mandys207|why did he leave again\n|j|\u2606Yeetmaneat42069\n|player|p1|Yeetmaneat42069|170\n|\n|t:|1699732757\n|move|p1a: Mamoswine|Icicle Crash|p2a: Corviknight\n|-damage|p2a: Corviknight|74\/100\n|cant|p2a: Corviknight|flinch\n|\n|-weather|Sandstorm|[upkeep]\n|upkeep\n|turn|14\n|l|\u2606Yeetmaneat42069\n|player|p1|\n|c|\u2606mandys207|yo yeet whats happenin\n|c|\u2606mandys207|you keep leaving the match\n|inactive|Battle timer is ON: inactive players will automatically lose when time's up. (requested by mandys207)\n|inactiveoff|Battle timer is now OFF.\n|l| Catisbest8\n|j| Catisbest8\n|l| Azurfriend\n|inactive|Battle timer is ON: inactive players will automatically lose when time's up. (requested by mandys207)\n|inactiveoff|Battle timer is now OFF.\n|j|\u2606Yeetmaneat42069\n|player|p1|Yeetmaneat42069|170\n|j| bonitto312\n|\n|t:|1699733030\n|move|p1a: Mamoswine|Icicle Crash|p2a: Corviknight\n|-damage|p2a: Corviknight|47\/100\n|move|p2a: Corviknight|Roost|p2a: Corviknight\n|-heal|p2a: Corviknight|97\/100\n|-singleturn|p2a: Corviknight|move: Roost\n|\n|-weather|Sandstorm|[upkeep]\n|upkeep\n|turn|15\n|j| Azurfriend\n|c|\u2606Yeetmaneat42069|Terrible ass wifi\n|\n|t:|1699733057\n|switch|p1a: Houndstone|Houndstone, M|100\/100\n|-damage|p1a: Houndstone|88\/100|[from] Stealth Rock\n|move|p2a: Corviknight|Drill Peck|p1a: Houndstone\n|-crit|p1a: Houndstone\n|-damage|p1a: Houndstone|42\/100\n|\n|-weather|Sandstorm|[upkeep]\n|upkeep\n|turn|16\n|\n|t:|1699733083\n|move|p1a: Houndstone|Howl|p1a: Houndstone\n|-boost|p1a: Houndstone|atk|1\n|move|p2a: Corviknight|Drill Peck|p1a: Houndstone\n|-damage|p1a: Houndstone|13\/100\n|\n|-weather|Sandstorm|[upkeep]\n|upkeep\n|turn|17\n|\n|t:|1699733095\n|move|p1a: Houndstone|Last Respects|p2a: Corviknight\n|-damage|p2a: Corviknight|0 fnt\n|faint|p2a: Corviknight\n|\n|-weather|Sandstorm|[upkeep]\n|upkeep\n|\n|t:|1699733102\n|switch|p2a: Noivern|Noivern, F, tera:Normal|100\/100\n|turn|18\n|\n|t:|1699733117\n|switch|p2a: Skeledirge|Skeledirge, F|100\/100\n|-terastallize|p1a: Houndstone|Fairy\n|move|p1a: Houndstone|Play Rough|p2a: Skeledirge\n|-resisted|p2a: Skeledirge\n|-damage|p2a: Skeledirge|81\/100\n|-unboost|p2a: Skeledirge|atk|1\n|\n|-weather|Sandstorm|[upkeep]\n|-damage|p2a: Skeledirge|75\/100|[from] Sandstorm\n|-heal|p2a: Skeledirge|81\/100|[from] item: Leftovers\n|upkeep\n|turn|19\n|\n|t:|1699733153\n|move|p1a: Houndstone|Stomping Tantrum|p2a: Skeledirge\n|-supereffective|p2a: Skeledirge\n|-damage|p2a: Skeledirge|37\/100\n|move|p2a: Skeledirge|Shadow Ball|p1a: Houndstone\n|-damage|p1a: Houndstone|0 fnt\n|faint|p1a: Houndstone\n|\n|-weather|none\n|-heal|p2a: Skeledirge|43\/100|[from] item: Leftovers\n|upkeep\n|\n|t:|1699733168\n|switch|p1a: Mamoswine|Mamoswine, F|88\/100\n|-damage|p1a: Mamoswine|76\/100|[from] Stealth Rock\n|turn|20\n|\n|t:|1699733183\n|move|p1a: Mamoswine|Earthquake|p2a: Skeledirge\n|-supereffective|p2a: Skeledirge\n|-damage|p2a: Skeledirge|0 fnt\n|faint|p2a: Skeledirge\n|\n|upkeep\n|\n|t:|1699733195\n|switch|p2a: Chesnaught|Chesnaught, F|100\/100\n|turn|21\n|\n|t:|1699733214\n|move|p1a: Mamoswine|Icicle Crash|p2a: Chesnaught\n|-supereffective|p2a: Chesnaught\n|-damage|p2a: Chesnaught|29\/100\n|move|p2a: Chesnaught|Earthquake|p1a: Mamoswine\n|-damage|p1a: Mamoswine|41\/100\n|\n|-heal|p2a: Chesnaught|35\/100|[from] item: Leftovers\n|upkeep\n|turn|22\n|\n|t:|1699733225\n|move|p2a: Chesnaught|Spiky Shield|p2a: Chesnaught\n|-singleturn|p2a: Chesnaught|move: Protect\n|move|p1a: Mamoswine|Icicle Crash|p2a: Chesnaught\n|-activate|p2a: Chesnaught|move: Protect\n|\n|-heal|p2a: Chesnaught|42\/100|[from] item: Leftovers\n|upkeep\n|turn|23\n|\n|t:|1699733255\n|move|p1a: Mamoswine|Icicle Crash|p2a: Chesnaught\n|-supereffective|p2a: Chesnaught\n|-damage|p2a: Chesnaught|0 fnt\n|faint|p2a: Chesnaught\n|\n|upkeep\n|\n|t:|1699733259\n|switch|p2a: Noivern|Noivern, F, tera:Normal|100\/100\n|turn|24\n|\n|t:|1699733264\n|move|p2a: Noivern|Boomburst|p1a: Mamoswine\n|-damage|p1a: Mamoswine|0 fnt\n|faint|p1a: Mamoswine\n|\n|win|mandys207\n|c| bonitto312|mandys do you want to battle\n|c|\u2606mandys207|gg\n|c| Catisbest8|congrats\n|c|\u2606mandys207|thanks\n|l| Azurfriend\n","uploadtime":1699733302,"views":5,"p1id":"yeetmaneat42069","p2id":"mandys207","formatid":"gen9nationaldexubers","rating":0,"private":0,"password":""}