{"id":"gen9nationaldexubers-1989654227","p1":"KarmaKazama0","p2":"El!te 00f","format":"[Gen 9] National Dex Ubers","log":"|j|\u2606KarmaKazama0\n|j|\u2606El!te 00f\n|t:|1699883626\n|gametype|singles\n|player|p1|KarmaKazama0|266|1368\n|player|p2|El!te 00f|serena-masters2|1206\n|teamsize|p1|6\n|teamsize|p2|6\n|gen|9\n|tier|[Gen 9] National Dex Ubers\n|rated|\n|rule|HP Percentage Mod: HP is shown in percentages\n|rule|Endless Battle Clause: Forcing endless battles is banned\n|rule|OHKO Clause: OHKO moves are banned\n|rule|Evasion Moves Clause: Evasion moves are banned\n|rule|Evasion Items Clause: Evasion items are banned\n|rule|Species Clause: Limit one of each Pok\u00e9mon\n|rule|Sleep Clause Mod: Limit one foe put to sleep\n|rule|Mega Rayquaza Clause: You cannot mega evolve Rayquaza\n|clearpoke\n|poke|p1|Groudon|\n|poke|p1|Zygarde|\n|poke|p1|Arceus-Water|\n|poke|p1|Magearna|\n|poke|p1|Yveltal|\n|poke|p1|Necrozma-Dusk-Mane|\n|poke|p2|Slowking-Galar, M|\n|poke|p2|Samurott-Hisui, M|\n|poke|p2|Gholdengo|\n|poke|p2|Dragonite, M|\n|poke|p2|Banette, M|\n|poke|p2|Cetitan, M|\n|teampreview\n|\n|t:|1699883645\n|start\n|switch|p1a: Zygarde|Zygarde|100\/100\n|switch|p2a: Nuh uh...|Slowking-Galar, M, shiny|100\/100\n|turn|1\n|inactive|Battle timer is ON: inactive players will automatically lose when time's up. (requested by KarmaKazama0)\n|\n|t:|1699883659\n|switch|p1a: Necrozma|Necrozma-Dusk-Mane|100\/100\n|move|p2a: Nuh uh...|Chilly Reception|p2a: Nuh uh...\n|-weather|Snow\n|\n|t:|1699883665\n|switch|p2a: DdDdDdDdWwooOOouUH|Cetitan, M|100\/100|[from] Chilly Reception\n|\n|-weather|Snow|[upkeep]\n|upkeep\n|turn|2\n|inactive|KarmaKazama0 has 120 seconds left.\n|\n|t:|1699883696\n|move|p2a: DdDdDdDdWwooOOouUH|Stomping Tantrum|p1a: Necrozma\n|-supereffective|p1a: Necrozma\n|-damage|p1a: Necrozma|65\/100\n|-damage|p2a: DdDdDdDdWwooOOouUH|91\/100|[from] item: Life Orb\n|move|p1a: Necrozma|Sunsteel Strike|p2a: DdDdDdDdWwooOOouUH\n|-supereffective|p2a: DdDdDdDdWwooOOouUH\n|-damage|p2a: DdDdDdDdWwooOOouUH|0 fnt\n|faint|p2a: DdDdDdDdWwooOOouUH\n|\n|-weather|Snow|[upkeep]\n|upkeep\n|inactive|El!te 00f has 120 seconds left.\n|\n|t:|1699883750\n|switch|p2a: The Anti-Spinner|Gholdengo|100\/100\n|turn|3\n|inactive|KarmaKazama0 has 120 seconds left.\n|\n|t:|1699883782\n|-terastallize|p2a: The Anti-Spinner|Water\n|move|p2a: The Anti-Spinner|Shadow Ball|p1a: Necrozma\n|-supereffective|p1a: Necrozma\n|-damage|p1a: Necrozma|0 fnt\n|faint|p1a: Necrozma\n|\n|-weather|Snow|[upkeep]\n|upkeep\n|\n|t:|1699883792\n|switch|p1a: Magearna|Magearna|100\/100\n|turn|4\n|\n|t:|1699883799\n|switch|p2a: Perish.|Banette, M, shiny|100\/100\n|-item|p1a: Magearna|Assault Vest|[from] ability: Frisk|[of] p2a: Perish.|[identify]\n|move|p1a: Magearna|Volt Switch|p2a: Perish.\n|-damage|p2a: Perish.|69\/100\n|\n|t:|1699883807\n|switch|p1a: Yveltal|Yveltal|100\/100|[from] Volt Switch\n|-ability|p1a: Yveltal|Dark Aura\n|\n|-weather|Snow|[upkeep]\n|upkeep\n|turn|5\n|\n|t:|1699883812\n|detailschange|p2a: Perish.|Banette-Mega, M, shiny\n|-mega|p2a: Perish.|Banette|Banettite\n|move|p2a: Perish.|Destiny Bond|p2a: Perish.\n|-singlemove|p2a: Perish.|Destiny Bond\n|move|p1a: Yveltal|Taunt|p2a: Perish.\n|-start|p2a: Perish.|move: Taunt\n|\n|-weather|none\n|upkeep\n|turn|6\n|inactive|KarmaKazama0 has 120 seconds left.\n|\n|t:|1699883824\n|move|p1a: Yveltal|Toxic|p2a: Perish.\n|-status|p2a: Perish.|tox\n|move|p2a: Perish.|Poltergeist|p1a: Yveltal|[miss]\n|-miss|p2a: Perish.|p1a: Yveltal\n|\n|-damage|p2a: Perish.|63\/100 tox|[from] psn\n|upkeep\n|turn|7\n|inactive|KarmaKazama0 has 120 seconds left.\n|\n|t:|1699883833\n|switch|p2a: Curse+ 2 Attacks|Dragonite, M, shiny|100\/100\n|move|p1a: Yveltal|Foul Play|p2a: Curse+ 2 Attacks\n|-damage|p2a: Curse+ 2 Attacks|65\/100\n|\n|upkeep\n|turn|8\n|\n|t:|1699883848\n|switch|p2a: The Anti-Spinner|Gholdengo, tera:Water|100\/100\n|move|p1a: Yveltal|Taunt|p2a: The Anti-Spinner\n|-immune|p2a: The Anti-Spinner|[from] ability: Good as Gold\n|\n|upkeep\n|turn|9\n|\n|t:|1699883854\n|switch|p1a: Magearna|Magearna|100\/100\n|move|p2a: The Anti-Spinner|Trick|p1a: Magearna\n|-activate|p2a: The Anti-Spinner|move: Trick|[of] p1a: Magearna\n|-item|p1a: Magearna|Choice Scarf|[from] move: Trick\n|-item|p2a: The Anti-Spinner|Assault Vest|[from] move: Trick\n|\n|upkeep\n|turn|10\n|\n|t:|1699883868\n|switch|p2a: Nuh uh...|Slowking-Galar, M, shiny|100\/100\n|move|p1a: Magearna|Volt Switch|p2a: Nuh uh...\n|-damage|p2a: Nuh uh...|89\/100\n|\n|t:|1699883873\n|switch|p1a: Groudon|Groudon|100\/100|[from] Volt Switch\n|detailschange|p1a: Groudon|Groudon-Primal\n|-primal|p1a: Groudon|Red Orb\n|-weather|DesolateLand|[from] ability: Desolate Land|[of] p1a: Groudon\n|\n|-weather|DesolateLand|[upkeep]\n|upkeep\n|turn|11\n|\n|t:|1699883883\n|switch|p2a: Curse+ 2 Attacks|Dragonite, M, shiny|65\/100\n|move|p1a: Groudon|Stealth Rock|p2a: Curse+ 2 Attacks\n|-sidestart|p2: El!te 00f|move: Stealth Rock\n|\n|-weather|DesolateLand|[upkeep]\n|upkeep\n|turn|12\n|\n|t:|1699883890\n|move|p2a: Curse+ 2 Attacks|Earthquake|p1a: Groudon\n|-supereffective|p1a: Groudon\n|-damage|p1a: Groudon|57\/100\n|move|p1a: Groudon|Roar|p2a: Curse+ 2 Attacks\n|drag|p2a: Yo Tengo Spikes|Samurott-Hisui, M, shiny|100\/100\n|-damage|p2a: Yo Tengo Spikes|88\/100|[from] Stealth Rock\n|\n|-weather|DesolateLand|[upkeep]\n|upkeep\n|turn|13\n|\n|t:|1699883903\n|-weather|none\n|switch|p1a: Magearna|Magearna|100\/100\n|move|p2a: Yo Tengo Spikes|Ceaseless Edge|p1a: Magearna\n|-resisted|p1a: Magearna\n|-damage|p1a: Magearna|84\/100\n|-sidestart|p1: KarmaKazama0|Spikes\n|\n|upkeep\n|turn|14\n|\n|t:|1699883925\n|switch|p2a: Nuh uh...|Slowking-Galar, M, shiny|100\/100\n|move|p1a: Magearna|Volt Switch|p2a: Nuh uh...\n|-damage|p2a: Nuh uh...|88\/100\n|\n|t:|1699883932\n|switch|p1a: Zygarde|Zygarde|100\/100|[from] Volt Switch\n|-damage|p1a: Zygarde|88\/100|[from] Spikes\n|\n|upkeep\n|turn|15\n|\n|t:|1699883940\n|move|p1a: Zygarde|Dragon Dance|p1a: Zygarde\n|-boost|p1a: Zygarde|atk|1\n|-boost|p1a: Zygarde|spe|1\n|move|p2a: Nuh uh...|Chilly Reception|p2a: Nuh uh...\n|-weather|Snow\n|\n|t:|1699883947\n|switch|p2a: Perish.|Banette-Mega, M, shiny|63\/100 tox|[from] Chilly Reception\n|-damage|p2a: Perish.|51\/100 tox|[from] Stealth Rock\n|\n|-weather|Snow|[upkeep]\n|-damage|p2a: Perish.|45\/100 tox|[from] psn\n|upkeep\n|turn|16\n|\n|t:|1699883962\n|switch|p1a: Yveltal|Yveltal|100\/100\n|-ability|p1a: Yveltal|Dark Aura\n|move|p2a: Perish.|Toxic|p1a: Yveltal\n|-hint|Since gen 7, Dark is immune to Prankster moves.\n|-immune|p1a: Yveltal\n|\n|-weather|Snow|[upkeep]\n|-damage|p2a: Perish.|33\/100 tox|[from] psn\n|upkeep\n|turn|17\n|\n|t:|1699883977\n|move|p1a: Yveltal|Taunt|p2a: Perish.\n|-start|p2a: Perish.|move: Taunt\n|move|p2a: Perish.|Poltergeist|p1a: Yveltal\n|-activate|p1a: Yveltal|move: Poltergeist|Heavy-Duty Boots\n|-resisted|p1a: Yveltal\n|-damage|p1a: Yveltal|75\/100\n|\n|-weather|Snow|[upkeep]\n|-damage|p2a: Perish.|15\/100 tox|[from] psn\n|upkeep\n|turn|18\n|\n|t:|1699883990\n|switch|p2a: Curse+ 2 Attacks|Dragonite, M, shiny|65\/100\n|move|p1a: Yveltal|Roost|p1a: Yveltal\n|-heal|p1a: Yveltal|100\/100\n|-singleturn|p1a: Yveltal|move: Roost\n|\n|-weather|Snow|[upkeep]\n|upkeep\n|turn|19\n|\n|t:|1699883996\n|move|p1a: Yveltal|Foul Play|p2a: Curse+ 2 Attacks\n|-damage|p2a: Curse+ 2 Attacks|0 fnt\n|faint|p2a: Curse+ 2 Attacks\n|\n|-weather|none\n|upkeep\n|\n|t:|1699884004\n|switch|p2a: Yo Tengo Spikes|Samurott-Hisui, M, shiny|88\/100\n|-damage|p2a: Yo Tengo Spikes|76\/100|[from] Stealth Rock\n|turn|20\n|\n|t:|1699884019\n|move|p1a: Yveltal|Toxic|p2a: Yo Tengo Spikes\n|-status|p2a: Yo Tengo Spikes|tox\n|move|p2a: Yo Tengo Spikes|Ceaseless Edge|p1a: Yveltal\n|-resisted|p1a: Yveltal\n|-damage|p1a: Yveltal|81\/100\n|-sidestart|p1: KarmaKazama0|Spikes\n|\n|-damage|p2a: Yo Tengo Spikes|69\/100 tox|[from] psn\n|upkeep\n|turn|21\n|\n|t:|1699884031\n|switch|p1a: Arceus|Arceus-Water|100\/100\n|-damage|p1a: Arceus|84\/100|[from] Spikes\n|switch|p2a: The Anti-Spinner|Gholdengo, tera:Water|100\/100\n|-damage|p2a: The Anti-Spinner|88\/100|[from] Stealth Rock\n|\n|upkeep\n|turn|22\n|\n|t:|1699884049\n|switch|p1a: Magearna|Magearna|84\/100\n|-damage|p1a: Magearna|68\/100|[from] Spikes\n|move|p2a: The Anti-Spinner|Shadow Ball|p1a: Magearna\n|-damage|p1a: Magearna|37\/100\n|\n|upkeep\n|turn|23\n|\n|t:|1699884061\n|move|p2a: The Anti-Spinner|Shadow Ball|p1a: Magearna\n|-damage|p1a: Magearna|7\/100\n|-unboost|p1a: Magearna|spd|1\n|move|p1a: Magearna|Volt Switch|p2a: The Anti-Spinner\n|-supereffective|p2a: The Anti-Spinner\n|-damage|p2a: The Anti-Spinner|58\/100\n|\n|t:|1699884076\n|switch|p1a: Yveltal|Yveltal|81\/100|[from] Volt Switch\n|-ability|p1a: Yveltal|Dark Aura\n|\n|upkeep\n|turn|24\n|\n|t:|1699884079\n|move|p1a: Yveltal|Roost|p1a: Yveltal\n|-heal|p1a: Yveltal|100\/100\n|-singleturn|p1a: Yveltal|move: Roost\n|move|p2a: The Anti-Spinner|Make It Rain|p1a: Yveltal\n|-damage|p1a: Yveltal|44\/100\n|-unboost|p2a: The Anti-Spinner|spa|1\n|\n|upkeep\n|turn|25\n|inactive|KarmaKazama0 has 120 seconds left.\n|\n|t:|1699884110\n|switch|p2a: Nuh uh...|Slowking-Galar, M, shiny|100\/100\n|move|p1a: Yveltal|Roost|p1a: Yveltal\n|-heal|p1a: Yveltal|94\/100\n|-singleturn|p1a: Yveltal|move: Roost\n|\n|upkeep\n|turn|26\n|\n|t:|1699884119\n|move|p1a: Yveltal|Taunt|p2a: Nuh uh...\n|-start|p2a: Nuh uh...|move: Taunt\n|move|p2a: Nuh uh...|Scald|p1a: Yveltal\n|-damage|p1a: Yveltal|80\/100\n|-status|p1a: Yveltal|brn\n|\n|-damage|p1a: Yveltal|73\/100 brn|[from] brn\n|upkeep\n|turn|27\n|\n|t:|1699884124\n|move|p1a: Yveltal|Foul Play|p2a: Nuh uh...\n|-supereffective|p2a: Nuh uh...\n|-damage|p2a: Nuh uh...|74\/100\n|move|p2a: Nuh uh...|Future Sight|p1a: Yveltal\n|-start|p2a: Nuh uh...|move: Future Sight\n|\n|-damage|p1a: Yveltal|67\/100 brn|[from] brn\n|upkeep\n|turn|28\n|\n|t:|1699884131\n|switch|p1a: Arceus|Arceus-Water|84\/100\n|-damage|p1a: Arceus|68\/100|[from] Spikes\n|move|p2a: Nuh uh...|Scald|p1a: Arceus\n|-resisted|p1a: Arceus\n|-damage|p1a: Arceus|60\/100\n|\n|-end|p2a: Nuh uh...|move: Taunt\n|upkeep\n|turn|29\n|\n|t:|1699884142\n|move|p1a: Arceus|Defog|p2a: Nuh uh...\n|-unboost|p2a: Nuh uh...|evasion|1\n|-sideend|p2: El!te 00f|Stealth Rock|[from] move: Defog|[of] p1a: Arceus\n|-sideend|p1: KarmaKazama0|Spikes|[from] move: Defog|[of] p1a: Arceus\n|move|p2a: Nuh uh...|Chilly Reception|p2a: Nuh uh...\n|-weather|Snow\n|\n|t:|1699884145\n|switch|p2a: Yo Tengo Spikes|Samurott-Hisui, M, shiny|69\/100 tox|[from] Chilly Reception\n|\n|-weather|Snow|[upkeep]\n|-end|p1a: Arceus|move: Future Sight\n|-damage|p1a: Arceus|30\/100\n|-damage|p2a: Yo Tengo Spikes|63\/100 tox|[from] psn\n|upkeep\n|turn|30\n|\n|t:|1699884150\n|move|p1a: Arceus|Recover|p1a: Arceus\n|-heal|p1a: Arceus|80\/100\n|move|p2a: Yo Tengo Spikes|Ceaseless Edge|p1a: Arceus\n|-damage|p1a: Arceus|56\/100\n|-sidestart|p1: KarmaKazama0|Spikes\n|\n|-weather|Snow|[upkeep]\n|-damage|p2a: Yo Tengo Spikes|51\/100 tox|[from] psn\n|upkeep\n|turn|31\n|\n|t:|1699884154\n|move|p1a: Arceus|Recover|p1a: Arceus\n|-heal|p1a: Arceus|100\/100\n|move|p2a: Yo Tengo Spikes|Ceaseless Edge|p1a: Arceus\n|-damage|p1a: Arceus|77\/100\n|-sidestart|p1: KarmaKazama0|Spikes\n|\n|-weather|Snow|[upkeep]\n|-damage|p2a: Yo Tengo Spikes|32\/100 tox|[from] psn\n|upkeep\n|turn|32\n|\n|t:|1699884159\n|switch|p2a: Nuh uh...|Slowking-Galar, M, shiny|100\/100\n|move|p1a: Arceus|Defog|p2a: Nuh uh...\n|-unboost|p2a: Nuh uh...|evasion|1\n|-sideend|p1: KarmaKazama0|Spikes|[from] move: Defog|[of] p1a: Arceus\n|\n|-weather|Snow|[upkeep]\n|upkeep\n|turn|33\n|\n|t:|1699884166\n|switch|p1a: Magearna|Magearna|7\/100\n|move|p2a: Nuh uh...|Scald|p1a: Magearna\n|-damage|p1a: Magearna|0 fnt\n|faint|p1a: Magearna\n|\n|-weather|none\n|upkeep\n|\n|t:|1699884169\n|switch|p1a: Zygarde|Zygarde|88\/100\n|turn|34\n|\n|t:|1699884190\n|move|p1a: Zygarde|Thousand Arrows|p2a: Nuh uh...\n|-supereffective|p2a: Nuh uh...\n|-damage|p2a: Nuh uh...|3\/100\n|move|p2a: Nuh uh...|Scald|p1a: Zygarde\n|-damage|p1a: Zygarde|67\/100\n|\n|upkeep\n|turn|35\n|\n|t:|1699884212\n|switch|p2a: Yo Tengo Spikes|Samurott-Hisui, M, shiny|32\/100 tox\n|move|p1a: Zygarde|Thousand Arrows|p2a: Yo Tengo Spikes\n|-damage|p2a: Yo Tengo Spikes|0 fnt\n|faint|p2a: Yo Tengo Spikes\n|\n|upkeep\n|\n|t:|1699884225\n|switch|p2a: Perish.|Banette-Mega, M, shiny|15\/100 tox\n|turn|36\n|\n|t:|1699884232\n|switch|p1a: Yveltal|Yveltal|67\/100 brn\n|-ability|p1a: Yveltal|Dark Aura\n|switch|p2a: Nuh uh...|Slowking-Galar, M, shiny|36\/100\n|\n|-damage|p1a: Yveltal|61\/100 brn|[from] brn\n|upkeep\n|turn|37\n|\n|t:|1699884236\n|move|p1a: Yveltal|Foul Play|p2a: Nuh uh...\n|-supereffective|p2a: Nuh uh...\n|-damage|p2a: Nuh uh...|8\/100\n|move|p2a: Nuh uh...|Slack Off|p2a: Nuh uh...\n|-heal|p2a: Nuh uh...|58\/100\n|\n|-damage|p1a: Yveltal|55\/100 brn|[from] brn\n|upkeep\n|turn|38\n|\n|t:|1699884251\n|move|p1a: Yveltal|Taunt|p2a: Nuh uh...\n|-start|p2a: Nuh uh...|move: Taunt\n|move|p2a: Nuh uh...|Scald|p1a: Yveltal\n|-damage|p1a: Yveltal|40\/100 brn\n|\n|-damage|p1a: Yveltal|34\/100 brn|[from] brn\n|upkeep\n|turn|39\n|\n|t:|1699884256\n|move|p1a: Yveltal|Roost|p1a: Yveltal\n|-heal|p1a: Yveltal|84\/100 brn\n|-singleturn|p1a: Yveltal|move: Roost\n|move|p2a: Nuh uh...|Scald|p1a: Yveltal\n|-damage|p1a: Yveltal|69\/100 brn\n|\n|-damage|p1a: Yveltal|63\/100 brn|[from] brn\n|upkeep\n|turn|40\n|\n|t:|1699884267\n|switch|p1a: Groudon|Groudon-Primal|57\/100\n|-weather|DesolateLand|[from] ability: Desolate Land|[of] p1a: Groudon\n|move|p2a: Nuh uh...|Scald||[still]\n|-fail|p2a: Nuh uh...|Scald|[from] Desolate Land\n|\n|-weather|DesolateLand|[upkeep]\n|-end|p2a: Nuh uh...|move: Taunt\n|upkeep\n|turn|41\n|\n|t:|1699884277\n|move|p1a: Groudon|Stealth Rock|p2a: Nuh uh...\n|-sidestart|p2: El!te 00f|move: Stealth Rock\n|move|p2a: Nuh uh...|Chilly Reception|p2a: Nuh uh...\n|-fail|p2a: Nuh uh...|Chilly Reception|[from] desolateland\n|\n|t:|1699884289\n|switch|p2a: Perish.|Banette-Mega, M, shiny|15\/100 tox|[from] Chilly Reception\n|-damage|p2a: Perish.|2\/100 tox|[from] Stealth Rock\n|\n|-weather|DesolateLand|[upkeep]\n|-damage|p2a: Perish.|0 fnt|[from] psn\n|faint|p2a: Perish.\n|upkeep\n|\n|t:|1699884295\n|switch|p2a: The Anti-Spinner|Gholdengo, tera:Water|58\/100\n|-damage|p2a: The Anti-Spinner|45\/100|[from] Stealth Rock\n|turn|42\n|\n|t:|1699884301\n|move|p2a: The Anti-Spinner|Shadow Ball|p1a: Groudon\n|-damage|p1a: Groudon|28\/100\n|move|p1a: Groudon|Precipice Blades|p2a: The Anti-Spinner\n|-damage|p2a: The Anti-Spinner|0 fnt\n|faint|p2a: The Anti-Spinner\n|\n|-weather|DesolateLand|[upkeep]\n|upkeep\n|-message|El!te 00f forfeited.\n|\n|win|KarmaKazama0\n|raw|KarmaKazama0's rating: 1368 &rarr; <strong>1379<\/strong><br \/>(+11 for winning)\n|raw|El!te 00f's rating: 1206 &rarr; <strong>1192<\/strong><br \/>(-14 for losing)\n|l|\u2606El!te 00f\n","uploadtime":1699884312,"views":13,"p1id":"karmakazama0","p2id":"elte00f","formatid":"gen9nationaldexubers","rating":1192,"private":0,"password":""}