{"id":"gen9nationaldexubers-1979120402","p1":"Youkirou","p2":"Siraegi","format":"[Gen 9] National Dex Ubers","log":"|j|\u2606Youkirou\n|j|\u2606Siraegi\n|t:|1698634933\n|gametype|singles\n|player|p1|Youkirou|1|\n|player|p2|Siraegi|cynthia-gen4|\n|teamsize|p1|6\n|teamsize|p2|6\n|gen|9\n|tier|[Gen 9] National Dex Ubers\n|rule|HP Percentage Mod: HP is shown in percentages\n|rule|Endless Battle Clause: Forcing endless battles is banned\n|rule|OHKO Clause: OHKO moves are banned\n|rule|Evasion Moves Clause: Evasion moves are banned\n|rule|Evasion Items Clause: Evasion items are banned\n|rule|Species Clause: Limit one of each Pok\u00e9mon\n|rule|Sleep Clause Mod: Limit one foe put to sleep\n|rule|Mega Rayquaza Clause: You cannot mega evolve Rayquaza\n|clearpoke\n|poke|p1|Parasect, F|\n|poke|p1|Poliwrath, M|\n|poke|p1|Golem, M|\n|poke|p1|Lapras, M|\n|poke|p1|Pinsir, M|\n|poke|p1|Jolteon, M|\n|poke|p2|Chansey, F|\n|poke|p2|Tauros, M|\n|poke|p2|Kangaskhan, F|\n|poke|p2|Dugtrio, M|\n|poke|p2|Vaporeon, F|\n|poke|p2|Slowbro, F|\n|teampreview\n|\n|t:|1698634962\n|start\n|switch|p1a: Golem|Golem, M|100\/100\n|switch|p2a: Dugtrio|Dugtrio, M, shiny|100\/100\n|turn|1\n|\n|t:|1698634986\n|move|p2a: Dugtrio|Stealth Rock|p1a: Golem\n|-sidestart|p1: Youkirou|move: Stealth Rock\n|move|p1a: Golem|Stealth Rock|p2a: Dugtrio\n|-sidestart|p2: Siraegi|move: Stealth Rock\n|\n|upkeep\n|turn|2\n|\n|t:|1698634992\n|-terastallize|p1a: Golem|Normal\n|move|p2a: Dugtrio|Earthquake|p1a: Golem\n|-damage|p1a: Golem|65\/100\n|move|p1a: Golem|Explosion|p2a: Dugtrio\n|-enditem|p2a: Dugtrio|Focus Sash\n|-damage|p2a: Dugtrio|1\/100\n|faint|p1a: Golem\n|\n|upkeep\n|\n|t:|1698635013\n|switch|p1a: Poliwrath|Poliwrath, M|100\/100\n|-damage|p1a: Poliwrath|94\/100|[from] Stealth Rock\n|turn|3\n|\n|t:|1698635026\n|move|p1a: Poliwrath|Vacuum Wave|p2a: Dugtrio\n|-damage|p2a: Dugtrio|0 fnt\n|faint|p2a: Dugtrio\n|\n|-heal|p1a: Poliwrath|100\/100|[from] item: Leftovers\n|upkeep\n|\n|t:|1698635036\n|switch|p2a: Slowbro|Slowbro, F, shiny|100\/100\n|turn|4\n|\n|t:|1698635046\n|move|p1a: Poliwrath|Toxic|p2a: Slowbro|[miss]\n|-miss|p1a: Poliwrath|p2a: Slowbro\n|move|p2a: Slowbro|Thunder Wave|p1a: Poliwrath\n|-status|p1a: Poliwrath|par\n|\n|upkeep\n|turn|5\n|\n|t:|1698635099\n|switch|p2a: Vaporeon|Vaporeon, F, shiny|100\/100\n|-damage|p2a: Vaporeon|88\/100|[from] Stealth Rock\n|move|p1a: Poliwrath|Toxic|p2a: Vaporeon\n|-status|p2a: Vaporeon|tox\n|\n|-heal|p2a: Vaporeon|94\/100 tox|[from] item: Leftovers\n|-damage|p2a: Vaporeon|88\/100 tox|[from] psn\n|upkeep\n|turn|6\n|\n|t:|1698635112\n|move|p1a: Poliwrath|Vacuum Wave|p2a: Vaporeon\n|-damage|p2a: Vaporeon|77\/100 tox\n|move|p2a: Vaporeon|Heal Bell|p2a: Vaporeon\n|-activate|p2a: Vaporeon|move: Heal Bell\n|-curestatus|p2a: Vaporeon|tox|[msg]\n|\n|-heal|p2a: Vaporeon|84\/100|[from] item: Leftovers\n|upkeep\n|turn|7\n|\n|t:|1698635137\n|switch|p1a: Pinsir|Pinsir, M|100\/100\n|-damage|p1a: Pinsir|76\/100|[from] Stealth Rock\n|-terastallize|p2a: Vaporeon|Poison\n|move|p2a: Vaporeon|Wish|p2a: Vaporeon\n|\n|-heal|p2a: Vaporeon|90\/100|[from] item: Leftovers\n|upkeep\n|turn|8\n|\n|t:|1698635149\n|switch|p2a: Chansey|Chansey, F|100\/100\n|-damage|p2a: Chansey|88\/100|[from] Stealth Rock\n|detailschange|p1a: Pinsir|Pinsir-Mega, M\n|-mega|p1a: Pinsir|Pinsir|Pinsirite\n|move|p1a: Pinsir|Swords Dance|p1a: Pinsir\n|-boost|p1a: Pinsir|atk|2\n|\n|-heal|p2a: Chansey|100\/100|[from] move: Wish|[wisher] Vaporeon\n|upkeep\n|turn|9\n|\n|t:|1698635161\n|move|p1a: Pinsir|Close Combat|p2a: Chansey\n|-supereffective|p2a: Chansey\n|-damage|p2a: Chansey|0 fnt\n|-unboost|p1a: Pinsir|def|1\n|-unboost|p1a: Pinsir|spd|1\n|faint|p2a: Chansey\n|\n|upkeep\n|\n|t:|1698635174\n|switch|p2a: Kangaskhan|Kangaskhan, F, shiny|100\/100\n|-damage|p2a: Kangaskhan|88\/100|[from] Stealth Rock\n|turn|10\n|\n|t:|1698635195\n|detailschange|p2a: Kangaskhan|Kangaskhan-Mega, F, shiny\n|-mega|p2a: Kangaskhan|Kangaskhan|Kangaskhanite\n|move|p2a: Kangaskhan|Fake Out|p1a: Pinsir\n|-damage|p1a: Pinsir|40\/100\n|-damage|p1a: Pinsir|31\/100\n|-hitcount|p1a: Pinsir|2\n|cant|p1a: Pinsir|flinch\n|\n|upkeep\n|turn|11\n|\n|t:|1698635227\n|switch|p2a: Slowbro|Slowbro, F, shiny|100\/100\n|move|p1a: Pinsir|Close Combat|p2a: Slowbro\n|-resisted|p2a: Slowbro\n|-damage|p2a: Slowbro|70\/100\n|-unboost|p1a: Pinsir|def|1\n|-unboost|p1a: Pinsir|spd|1\n|\n|upkeep\n|turn|12\n|\n|t:|1698635267\n|move|p1a: Pinsir|Return|p2a: Slowbro\n|-damage|p2a: Slowbro|0 fnt\n|faint|p2a: Slowbro\n|\n|upkeep\n|\n|t:|1698635274\n|switch|p2a: Vaporeon|Vaporeon, F, shiny, tera:Poison|90\/100\n|-damage|p2a: Vaporeon|77\/100|[from] Stealth Rock\n|turn|13\n|\n|t:|1698635282\n|move|p1a: Pinsir|Return|p2a: Vaporeon\n|-damage|p2a: Vaporeon|0 fnt\n|faint|p2a: Vaporeon\n|\n|upkeep\n|\n|t:|1698635287\n|switch|p2a: Kangaskhan|Kangaskhan-Mega, F, shiny|88\/100\n|-damage|p2a: Kangaskhan|76\/100|[from] Stealth Rock\n|turn|14\n|\n|t:|1698635294\n|move|p2a: Kangaskhan|Fake Out|p1a: Pinsir\n|-damage|p1a: Pinsir|0 fnt\n|faint|p1a: Pinsir\n|-hitcount|p1: Pinsir|1\n|\n|upkeep\n|\n|t:|1698635308\n|switch|p1a: Parasect|Parasect, F|100\/100\n|-damage|p1a: Parasect|75\/100|[from] Stealth Rock\n|turn|15\n|\n|t:|1698635316\n|move|p2a: Kangaskhan|Return|p1a: Parasect\n|-damage|p1a: Parasect|6\/100\n|-status|p2a: Kangaskhan|par|[from] ability: Effect Spore|[of] p1a: Parasect\n|-damage|p1a: Parasect|0 fnt\n|faint|p1a: Parasect\n|-hitcount|p1: Parasect|2\n|\n|upkeep\n|\n|t:|1698635331\n|switch|p1a: Jolteon|Jolteon, M|100\/100\n|turn|16\n|\n|t:|1698635354\n|move|p1a: Jolteon|Thunderbolt|p2a: Kangaskhan\n|-damage|p2a: Kangaskhan|32\/100 par\n|cant|p2a: Kangaskhan|par\n|\n|upkeep\n|turn|17\n|\n|t:|1698635359\n|move|p1a: Jolteon|Thunderbolt|p2a: Kangaskhan\n|-damage|p2a: Kangaskhan|0 fnt\n|faint|p2a: Kangaskhan\n|\n|upkeep\n|\n|t:|1698635364\n|switch|p2a: Tauros|Tauros, M|100\/100\n|-damage|p2a: Tauros|88\/100|[from] Stealth Rock\n|-ability|p2a: Tauros|Intimidate|boost\n|-unboost|p1a: Jolteon|atk|1\n|turn|18\n|\n|t:|1698635372\n|move|p1a: Jolteon|Volt Switch|p2a: Tauros\n|-damage|p2a: Tauros|36\/100\n|\n|t:|1698635376\n|switch|p1a: Lapras|Lapras, M|100\/100|[from] Volt Switch\n|-damage|p1a: Lapras|75\/100|[from] Stealth Rock\n|move|p2a: Tauros|Earthquake|p1a: Lapras\n|-damage|p1a: Lapras|39\/100\n|-damage|p2a: Tauros|26\/100|[from] item: Life Orb\n|\n|upkeep\n|turn|19\n|\n|t:|1698635389\n|move|p2a: Tauros|Return|p1a: Lapras\n|-damage|p1a: Lapras|0 fnt\n|faint|p1a: Lapras\n|-damage|p2a: Tauros|16\/100|[from] item: Life Orb\n|\n|upkeep\n|\n|t:|1698635396\n|switch|p1a: Poliwrath|Poliwrath, M|100\/100 par\n|-damage|p1a: Poliwrath|94\/100 par|[from] Stealth Rock\n|turn|20\n|\n|t:|1698635408\n|move|p1a: Poliwrath|Vacuum Wave|p2a: Tauros\n|-supereffective|p2a: Tauros\n|-damage|p2a: Tauros|0 fnt\n|faint|p2a: Tauros\n|\n|win|Youkirou\n","uploadtime":1698635799,"views":12,"p1id":"youkirou","p2id":"siraegi","formatid":"gen9nationaldexubers","rating":0,"private":0,"password":""}