{"id":"gen9nationaldexubers-1990958431","p1":"Fantasy64","p2":"ZygnoRP","format":"[Gen 9] National Dex Ubers","log":"|j|\u2606Fantasy64\n|j|\u2606ZygnoRP\n|t:|1700019814\n|gametype|singles\n|player|p1|Fantasy64|266|1146\n|player|p2|ZygnoRP|gambler|1000\n|teamsize|p1|6\n|teamsize|p2|6\n|gen|9\n|tier|[Gen 9] National Dex Ubers\n|rated|\n|rule|HP Percentage Mod: HP is shown in percentages\n|rule|Endless Battle Clause: Forcing endless battles is banned\n|rule|OHKO Clause: OHKO moves are banned\n|rule|Evasion Moves Clause: Evasion moves are banned\n|rule|Evasion Items Clause: Evasion items are banned\n|rule|Species Clause: Limit one of each Pok\u00e9mon\n|rule|Sleep Clause Mod: Limit one foe put to sleep\n|rule|Mega Rayquaza Clause: You cannot mega evolve Rayquaza\n|clearpoke\n|poke|p1|Glimmora, F|\n|poke|p1|Gholdengo|\n|poke|p1|Samurott-Hisui, M|\n|poke|p1|Ting-Lu|\n|poke|p1|Skarmory, F|\n|poke|p1|Kleavor, M|\n|poke|p2|Iron Valiant|\n|poke|p2|Dragonite, F|\n|poke|p2|Serperior, F|\n|poke|p2|Talonflame, M|\n|poke|p2|Floatzel, M|\n|poke|p2|Gholdengo|\n|teampreview\n|\n|t:|1700019836\n|start\n|switch|p1a: Glimmora|Glimmora, F|100\/100\n|switch|p2a: Dragonite|Dragonite, F|100\/100\n|turn|1\n|\n|t:|1700019843\n|move|p1a: Glimmora|Toxic|p2a: Dragonite\n|-status|p2a: Dragonite|tox\n|move|p2a: Dragonite|Dragon Dance|p2a: Dragonite\n|-boost|p2a: Dragonite|atk|1\n|-boost|p2a: Dragonite|spe|1\n|\n|-damage|p2a: Dragonite|94\/100 tox|[from] psn\n|upkeep\n|turn|2\n|\n|t:|1700019852\n|move|p2a: Dragonite|Dragon Dance|p2a: Dragonite\n|-boost|p2a: Dragonite|atk|1\n|-boost|p2a: Dragonite|spe|1\n|move|p1a: Glimmora|Stealth Rock|p2a: Dragonite\n|-sidestart|p2: ZygnoRP|move: Stealth Rock\n|\n|-heal|p2a: Dragonite|100\/100 tox|[from] item: Leftovers\n|-damage|p2a: Dragonite|88\/100 tox|[from] psn\n|upkeep\n|turn|3\n|\n|t:|1700019862\n|move|p2a: Dragonite|Dragon Dance|p2a: Dragonite\n|-boost|p2a: Dragonite|atk|1\n|-boost|p2a: Dragonite|spe|1\n|move|p1a: Glimmora|Spikes|p2a: Dragonite\n|-sidestart|p2: ZygnoRP|Spikes\n|\n|-heal|p2a: Dragonite|94\/100 tox|[from] item: Leftovers\n|-damage|p2a: Dragonite|76\/100 tox|[from] psn\n|upkeep\n|turn|4\n|\n|t:|1700019876\n|move|p2a: Dragonite|Dragon Dance|p2a: Dragonite\n|-boost|p2a: Dragonite|atk|1\n|-boost|p2a: Dragonite|spe|1\n|move|p1a: Glimmora|Spikes|p2a: Dragonite\n|-sidestart|p2: ZygnoRP|Spikes\n|\n|-heal|p2a: Dragonite|82\/100 tox|[from] item: Leftovers\n|-damage|p2a: Dragonite|57\/100 tox|[from] psn\n|upkeep\n|turn|5\n|\n|t:|1700019890\n|switch|p1a: Ting-Lu|Ting-Lu|100\/100\n|-ability|p1a: Ting-Lu|Vessel of Ruin\n|move|p2a: Dragonite|Iron Head|p1a: Ting-Lu\n|-damage|p1a: Ting-Lu|60\/100\n|\n|-heal|p2a: Dragonite|63\/100 tox|[from] item: Leftovers\n|-heal|p1a: Ting-Lu|67\/100|[from] item: Leftovers\n|-damage|p2a: Dragonite|32\/100 tox|[from] psn\n|upkeep\n|turn|6\n|\n|t:|1700019902\n|move|p1a: Ting-Lu|Protect|p1a: Ting-Lu\n|-singleturn|p1a: Ting-Lu|Protect\n|move|p2a: Dragonite|Dragon Claw|p1a: Ting-Lu\n|-activate|p1a: Ting-Lu|move: Protect\n|\n|-heal|p2a: Dragonite|39\/100 tox|[from] item: Leftovers\n|-heal|p1a: Ting-Lu|73\/100|[from] item: Leftovers\n|-damage|p2a: Dragonite|1\/100 tox|[from] psn\n|upkeep\n|turn|7\n|\n|t:|1700019914\n|switch|p1a: Glimmora|Glimmora, F|100\/100\n|move|p2a: Dragonite|Extreme Speed|p1a: Glimmora\n|-resisted|p1a: Glimmora\n|-damage|p1a: Glimmora|60\/100\n|-activate|p1a: Glimmora|ability: Toxic Debris\n|-sidestart|p2: ZygnoRP|move: Toxic Spikes\n|\n|-heal|p2a: Dragonite|8\/100 tox|[from] item: Leftovers\n|-damage|p2a: Dragonite|0 fnt|[from] psn\n|faint|p2a: Dragonite\n|upkeep\n|\n|t:|1700019947\n|switch|p2a: Talonflame|Talonflame, M|100\/100\n|-damage|p2a: Talonflame|51\/100|[from] Stealth Rock\n|turn|8\n|\n|t:|1700019958\n|move|p2a: Talonflame|Flare Blitz|p1a: Glimmora\n|-resisted|p1a: Glimmora\n|-crit|p1a: Glimmora\n|-damage|p1a: Glimmora|24\/100\n|-activate|p1a: Glimmora|ability: Toxic Debris\n|-sidestart|p2: ZygnoRP|move: Toxic Spikes\n|-damage|p2a: Talonflame|36\/100|[from] Recoil\n|move|p1a: Glimmora|Spikes|p2a: Talonflame\n|-sidestart|p2: ZygnoRP|Spikes\n|\n|-heal|p2a: Talonflame|42\/100|[from] item: Leftovers\n|upkeep\n|turn|9\n|\n|t:|1700019970\n|move|p2a: Talonflame|Flare Blitz|p1a: Glimmora\n|-resisted|p1a: Glimmora\n|-damage|p1a: Glimmora|0 fnt\n|faint|p1a: Glimmora\n|-damage|p2a: Talonflame|32\/100|[from] Recoil\n|\n|-heal|p2a: Talonflame|38\/100|[from] item: Leftovers\n|upkeep\n|\n|t:|1700019976\n|switch|p1a: Samurott|Samurott-Hisui, M|100\/100\n|turn|10\n|\n|t:|1700019985\n|switch|p2a: Serperior|Serperior, F|100\/100\n|-damage|p2a: Serperior|88\/100|[from] Stealth Rock\n|-damage|p2a: Serperior|63\/100|[from] Spikes\n|-status|p2a: Serperior|tox\n|move|p1a: Samurott|Knock Off|p2a: Serperior\n|-damage|p2a: Serperior|4\/100 tox\n|-enditem|p2a: Serperior|Focus Sash|[from] move: Knock Off|[of] p1a: Samurott\n|\n|-damage|p2a: Serperior|0 fnt|[from] psn\n|faint|p2a: Serperior\n|upkeep\n|-message|ZygnoRP forfeited.\n|\n|win|Fantasy64\n|raw|Fantasy64's rating: 1146 &rarr; <strong>1161<\/strong><br \/>(+15 for winning)\n|raw|ZygnoRP's rating: 1000 &rarr; <strong>1000<\/strong><br \/>(+0 for losing)\n|l|\u2606ZygnoRP\n","uploadtime":1700020002,"views":7,"p1id":"fantasy64","p2id":"zygnorp","formatid":"gen9nationaldexubers","rating":1000,"private":0,"password":""}