{"id":"gen9nationaldexubers-1995906099","p1":"askaboti","p2":"ZacIsToasty","format":"[Gen 9] National Dex Ubers","log":"|j|\u2606askaboti\n|j|\u2606ZacIsToasty\n|t:|1700615913\n|gametype|singles\n|player|p1|askaboti|265|1303\n|player|p2|ZacIsToasty|266|1356\n|teamsize|p1|6\n|teamsize|p2|6\n|gen|9\n|tier|[Gen 9] National Dex Ubers\n|rated|\n|rule|HP Percentage Mod: HP is shown in percentages\n|rule|Endless Battle Clause: Forcing endless battles is banned\n|rule|OHKO Clause: OHKO moves are banned\n|rule|Evasion Moves Clause: Evasion moves are banned\n|rule|Evasion Items Clause: Evasion items are banned\n|rule|Species Clause: Limit one of each Pok\u00e9mon\n|rule|Sleep Clause Mod: Limit one foe put to sleep\n|rule|Mega Rayquaza Clause: You cannot mega evolve Rayquaza\n|clearpoke\n|poke|p1|Chien-Pao|\n|poke|p1|Chi-Yu|\n|poke|p1|Darkrai|\n|poke|p1|Yveltal|\n|poke|p1|Urshifu-*, F|\n|poke|p1|Roaring Moon|\n|poke|p2|Skeledirge, F|\n|poke|p2|Gliscor, F|\n|poke|p2|Grimmsnarl, M|\n|poke|p2|Groudon|\n|poke|p2|Toxtricity-Low-Key, M|\n|poke|p2|Xerneas-*|\n|teampreview\n|inactive|Battle timer is ON: inactive players will automatically lose when time's up. (requested by askaboti)\n|\n|t:|1700615927\n|start\n|switch|p1a: Darkrai|Darkrai|100\/100\n|switch|p2a: Skeledirge|Skeledirge, F|100\/100\n|turn|1\n|\n|t:|1700615935\n|-terastallize|p2a: Skeledirge|Fire\n|move|p1a: Darkrai|Hypnosis|p2a: Skeledirge\n|-status|p2a: Skeledirge|slp|[from] move: Hypnosis\n|cant|p2a: Skeledirge|slp\n|\n|-damage|p2a: Skeledirge|88\/100 slp|[from] ability: Bad Dreams|[of] p1a: Darkrai\n|upkeep\n|turn|2\n|\n|t:|1700615943\n|move|p1a: Darkrai|Nasty Plot|p1a: Darkrai\n|-boost|p1a: Darkrai|spa|2\n|cant|p2a: Skeledirge|slp\n|\n|-damage|p2a: Skeledirge|76\/100 slp|[from] ability: Bad Dreams|[of] p1a: Darkrai\n|upkeep\n|turn|3\n|\n|t:|1700615951\n|move|p1a: Darkrai|Nasty Plot|p1a: Darkrai\n|-boost|p1a: Darkrai|spa|2\n|-curestatus|p2a: Skeledirge|slp|[msg]\n|move|p2a: Skeledirge|Torch Song|p1a: Darkrai\n|-damage|p1a: Darkrai|29\/100\n|-boost|p2a: Skeledirge|spa|1\n|-enditem|p2a: Skeledirge|Throat Spray\n|-boost|p2a: Skeledirge|spa|1|[from] item: Throat Spray\n|\n|upkeep\n|turn|4\n|\n|t:|1700615966\n|move|p1a: Darkrai|Dark Pulse|p2a: Skeledirge\n|-damage|p2a: Skeledirge|29\/100\n|cant|p2a: Skeledirge|flinch\n|\n|upkeep\n|turn|5\n|\n|t:|1700615972\n|move|p1a: Darkrai|Dark Pulse|p2a: Skeledirge\n|-damage|p2a: Skeledirge|0 fnt\n|faint|p2a: Skeledirge\n|\n|upkeep\n|\n|t:|1700615979\n|switch|p2a: Xerneas|Xerneas|100\/100\n|-ability|p2a: Xerneas|Fairy Aura\n|turn|6\n|\n|t:|1700615985\n|move|p1a: Darkrai|Sludge Bomb|p2a: Xerneas\n|-supereffective|p2a: Xerneas\n|-damage|p2a: Xerneas|0 fnt\n|faint|p2a: Xerneas\n|\n|upkeep\n|\n|t:|1700615992\n|switch|p2a: Toxtricity|Toxtricity-Low-Key, M|100\/100\n|turn|7\n|\n|t:|1700616003\n|move|p1a: Darkrai|Dark Pulse|p2a: Toxtricity\n|-damage|p2a: Toxtricity|0 fnt\n|faint|p2a: Toxtricity\n|\n|upkeep\n|\n|t:|1700616021\n|switch|p2a: Grimmsnarl|Grimmsnarl, M|100\/100\n|turn|8\n|\n|t:|1700616027\n|move|p2a: Grimmsnarl|Reflect|p2a: Grimmsnarl\n|-sidestart|p2: ZacIsToasty|Reflect\n|move|p1a: Darkrai|Hypnosis|p2a: Grimmsnarl\n|-status|p2a: Grimmsnarl|slp|[from] move: Hypnosis\n|\n|-damage|p2a: Grimmsnarl|88\/100 slp|[from] ability: Bad Dreams|[of] p1a: Darkrai\n|upkeep\n|turn|9\n|\n|t:|1700616038\n|cant|p2a: Grimmsnarl|slp\n|move|p1a: Darkrai|Sludge Bomb|p2a: Grimmsnarl\n|-supereffective|p2a: Grimmsnarl\n|-damage|p2a: Grimmsnarl|0 fnt\n|faint|p2a: Grimmsnarl\n|\n|upkeep\n|\n|t:|1700616044\n|switch|p2a: Gliscor|Gliscor, F|100\/100\n|turn|10\n|\n|t:|1700616048\n|move|p1a: Darkrai|Dark Pulse|p2a: Gliscor\n|-damage|p2a: Gliscor|0 fnt\n|faint|p2a: Gliscor\n|\n|upkeep\n|\n|t:|1700616059\n|switch|p2a: Groudon|Groudon|100\/100\n|detailschange|p2a: Groudon|Groudon-Primal\n|-primal|p2a: Groudon|Red Orb\n|-weather|DesolateLand|[from] ability: Desolate Land|[of] p2a: Groudon\n|turn|11\n|\n|t:|1700616066\n|move|p1a: Darkrai|Dark Pulse|p2a: Groudon\n|-damage|p2a: Groudon|0 fnt\n|faint|p2a: Groudon\n|-weather|none\n|\n|win|askaboti\n|raw|askaboti's rating: 1303 &rarr; <strong>1326<\/strong><br \/>(+23 for winning)\n|raw|ZacIsToasty's rating: 1356 &rarr; <strong>1333<\/strong><br \/>(-23 for losing)\n","uploadtime":1700616075,"views":5,"p1id":"askaboti","p2id":"zacistoasty","formatid":"gen9nationaldexubers","rating":1326,"private":0,"password":""}