{"id":"gen9nationaldexubers-1998506632","p1":"Raycen25","p2":"Lucaslakd","format":"[Gen 9] National Dex Ubers","log":"|j|\u2606Raycen25\n|j|\u2606Lucaslakd\n|t:|1700950096\n|gametype|singles\n|player|p1|Raycen25|265|\n|player|p2|Lucaslakd|acetrainer-gen4dp|\n|teamsize|p1|6\n|teamsize|p2|6\n|gen|9\n|tier|[Gen 9] National Dex Ubers\n|rule|HP Percentage Mod: HP is shown in percentages\n|rule|Endless Battle Clause: Forcing endless battles is banned\n|rule|OHKO Clause: OHKO moves are banned\n|rule|Evasion Moves Clause: Evasion moves are banned\n|rule|Evasion Items Clause: Evasion items are banned\n|rule|Species Clause: Limit one of each Pok\u00e9mon\n|rule|Sleep Clause Mod: Limit one foe put to sleep\n|rule|Mega Rayquaza Clause: You cannot mega evolve Rayquaza\n|clearpoke\n|poke|p1|Darmanitan-Galar, M|\n|poke|p1|Raikou|\n|poke|p1|Espeon, F|\n|poke|p1|Croconaw, F|\n|poke|p1|Coalossal, F|\n|poke|p1|Sandaconda, M|\n|poke|p2|Corviknight, M|\n|poke|p2|Hatterene, F|\n|poke|p2|Walking Wake|\n|poke|p2|Morpeko, F|\n|poke|p2|Mr. Rime, M|\n|poke|p2|Pupitar, F|\n|teampreview\n|c|\u2606Lucaslakd|CROCONAW GOD\n|c|\u2606Raycen25|jajaj\n|j| santysas\n|c|\u2606Lucaslakd|Puede hacer cositas\n|j| Juanjomaster\n|l| Juanjomaster\n|c| santysas|Croconaw jjjjjj\n|c|\u2606Raycen25|me da miedo tu equipo\n|c|\u2606Lucaslakd|Juanjo entr\u00f3, vio al croconaw y se asest\u00f3\n|c|\u2606Lucaslakd|Asust\u00f3\n|j| zereffu\n|c|\u2606Lucaslakd|Entendible\n|c| santysas|Croconaw sweep dale\n|j| Juanjomaster\n|c| Juanjomaster|Este tiene que durar 90\n|c|\u2606Lucaslakd|Croconaw vs pupitar\n|c| zereffu|Pierde y lo humill\u00f3 en el mk por manco\n|c|\u2606Lucaslakd|Pero si vos tmb perdiste\n|c| zereffu|Me tengo que desahogar\n|c| santysas|Croconaw vs Pupitar o nos devuelven el dinero\n|c|\u2606Lucaslakd|Que pj usas en mk?\n|j| SilverKeith\n|j| Ric94\n|c| zereffu|Voy variando\n|c|\u2606Lucaslakd|Yo scorpion o subzero o nada\n|j| LeKatuh\n|c| zereffu|Pero Scorpion o Mano\n|c|\u2606Lucaslakd|Bueno empezamos\n|c| zereffu|Mano\n|c| SilverKeith|yo usaba reptile en mk9\n|c| Ric94|VAMO RAYCEN GANA POR BOKITA\n|\n|t:|1700950300\n|start\n|switch|p1a: Repeinado|Darmanitan-Galar, M|100\/100\n|switch|p2a: Walking Wake|Walking Wake|100\/100\n|turn|1\n|c| zereffu|KANO\n|\n|t:|1700950315\n|move|p1a: Repeinado|U-turn|p2a: Walking Wake\n|-crit|p2a: Walking Wake\n|-damage|p2a: Walking Wake|62\/100\n|\n|t:|1700950320\n|switch|p1a: CocodriloSOYY|Croconaw, F|100\/100|[from] U-turn\n|move|p2a: Walking Wake|Flamethrower|p1a: CocodriloSOYY\n|-resisted|p1a: CocodriloSOYY\n|-damage|p1a: CocodriloSOYY|83\/100\n|-damage|p2a: Walking Wake|53\/100|[from] item: Life Orb\n|\n|upkeep\n|turn|2\n|c| zereffu|HAX\n|c|\u2606Lucaslakd|HAX\n|l| SilverKeith\n|\n|t:|1700950329\n|move|p2a: Walking Wake|Draco Meteor|p1a: CocodriloSOYY\n|-damage|p1a: CocodriloSOYY|5\/100\n|-unboost|p2a: Walking Wake|spa|2\n|-damage|p2a: Walking Wake|43\/100|[from] item: Life Orb\n|move|p1a: CocodriloSOYY|Dragon Dance|p1a: CocodriloSOYY\n|-boost|p1a: CocodriloSOYY|atk|1\n|-boost|p1a: CocodriloSOYY|spe|1\n|\n|upkeep\n|turn|3\n|\n|t:|1700950347\n|-end|p2a: Walking Wake|Protosynthesis|[silent]\n|switch|p2a: Corviknight|Corviknight, M|100\/100\n|-ability|p2a: Corviknight|Pressure\n|move|p1a: CocodriloSOYY|Ice Punch|p2a: Corviknight\n|-damage|p2a: Corviknight|83\/100\n|\n|-heal|p2a: Corviknight|89\/100|[from] item: Leftovers\n|upkeep\n|turn|4\n|c| santysas|Croconaw ganandole a Waking Wake!?!?\n|\n|t:|1700950357\n|switch|p1a: Mira que te como|Raikou|100\/100\n|move|p2a: Corviknight|U-turn|p1a: Mira que te como\n|-damage|p1a: Mira que te como|82\/100\n|c| santysas|F\n|\n|t:|1700950364\n|switch|p2a: Pupitar|Pupitar, F|100\/100|[from] U-turn\n|\n|upkeep\n|turn|5\n|\n|t:|1700950374\n|move|p1a: Mira que te como|Scald|p2a: Pupitar\n|-supereffective|p2a: Pupitar\n|-damage|p2a: Pupitar|0 fnt\n|faint|p2a: Pupitar\n|\n|upkeep\n|c|\u2606Lucaslakd|Nah alto pecho frio\n|c| zereffu|No duro nada\n|c|\u2606Raycen25|jajaja\n|c|\u2606Lucaslakd|(No sabia que aprendia scald)\n|j| SilverKeith\n|\n|t:|1700950418\n|switch|p2a: Mr. Rime|Mr. Rime, M|100\/100\n|turn|6\n|c| santysas|Pupitar pechofrio\n|\n|t:|1700950434\n|switch|p1a: CocodriloSOYY|Croconaw, F|5\/100\n|move|p2a: Mr. Rime|Freeze-Dry|p1a: CocodriloSOYY\n|-supereffective|p1a: CocodriloSOYY\n|-damage|p1a: CocodriloSOYY|0 fnt\n|faint|p1a: CocodriloSOYY\n|\n|upkeep\n|\n|t:|1700950446\n|switch|p1a: Encara messi|Espeon, F|100\/100\n|turn|7\n|c| santysas|Sacrificio noble del Croconaw\n|c| Juanjomaster|Hizo m\u00e1s que Pupitar\n|c| Ric94|Y los nicks Lucas\n|\n|t:|1700950455\n|move|p1a: Encara messi|Shadow Ball|p2a: Mr. Rime\n|-supereffective|p2a: Mr. Rime\n|-damage|p2a: Mr. Rime|23\/100\n|-damage|p1a: Encara messi|91\/100|[from] item: Life Orb\n|move|p2a: Mr. Rime|Rapid Spin|p1a: Encara messi\n|-damage|p1a: Encara messi|74\/100\n|-boost|p2a: Mr. Rime|spe|1\n|\n|upkeep\n|turn|8\n|\n|t:|1700950475\n|-terastallize|p2a: Mr. Rime|Fairy\n|move|p2a: Mr. Rime|Dazzling Gleam|p1a: Encara messi\n|-damage|p1a: Encara messi|25\/100\n|move|p1a: Encara messi|Shadow Ball|p2a: Mr. Rime\n|-damage|p2a: Mr. Rime|0 fnt\n|faint|p2a: Mr. Rime\n|-damage|p1a: Encara messi|15\/100|[from] item: Life Orb\n|\n|upkeep\n|\n|t:|1700950483\n|switch|p2a: Hatterene|Hatterene, F|100\/100\n|turn|9\n|\n|t:|1700950492\n|switch|p1a: Tia Paola|Coalossal, F|100\/100\n|move|p2a: Hatterene|Trick Room|p2a: Hatterene\n|-fieldstart|move: Trick Room|[of] p2a: Hatterene\n|\n|upkeep\n|turn|10\n|c| Juanjomaster|Ese ter\u00e1 bien quemado\n|\n|t:|1700950498\n|-terastallize|p1a: Tia Paola|Steel\n|move|p2a: Hatterene|Psychic|p1a: Tia Paola\n|-resisted|p1a: Tia Paola\n|-damage|p1a: Tia Paola|86\/100\n|move|p1a: Tia Paola|Heavy Slam|p2a: Hatterene\n|-supereffective|p2a: Hatterene\n|-damage|p2a: Hatterene|11\/100\n|-enditem|p2a: Hatterene|Weakness Policy\n|-boost|p2a: Hatterene|atk|2|[from] item: Weakness Policy\n|-boost|p2a: Hatterene|spa|2|[from] item: Weakness Policy\n|\n|upkeep\n|turn|11\n|c|\u2606Lucaslakd|God pero no tengo nada para pegarle oops\n|c| Ric94|Me dan flashbacks\n|\n|t:|1700950529\n|move|p2a: Hatterene|Psychic|p1a: Tia Paola\n|-resisted|p1a: Tia Paola\n|-damage|p1a: Tia Paola|60\/100\n|move|p1a: Tia Paola|Heavy Slam|p2a: Hatterene\n|-supereffective|p2a: Hatterene\n|-damage|p2a: Hatterene|0 fnt\n|faint|p2a: Hatterene\n|\n|upkeep\n|\n|t:|1700950538\n|switch|p2a: Walking Wake|Walking Wake|43\/100\n|turn|12\n|c| santysas|Hatterene pechofrio\n|\n|t:|1700950551\n|move|p1a: Tia Paola|Body Press|p2a: Walking Wake\n|-damage|p2a: Walking Wake|16\/100\n|move|p2a: Walking Wake|Flamethrower|p1a: Tia Paola\n|-supereffective|p1a: Tia Paola\n|-damage|p1a: Tia Paola|14\/100\n|-damage|p2a: Walking Wake|6\/100|[from] item: Life Orb\n|\n|upkeep\n|turn|13\n|c|\u2606Lucaslakd|Era focus blast (?\n|c| santysas|Raycen no le pusiste Flash Fire nooo\n|c|\u2606Raycen25|si tiene\n|\n|t:|1700950582\n|move|p1a: Tia Paola|Body Press|p2a: Walking Wake\n|-damage|p2a: Walking Wake|0 fnt\n|faint|p2a: Walking Wake\n|-end|p2a: Walking Wake|Protosynthesis|[silent]\n|\n|-fieldend|move: Trick Room\n|upkeep\n|c| santysas|Ah lol\n|\n|t:|1700950585\n|switch|p2a: Morpeko|Morpeko, F|100\/100\n|turn|14\n|c| santysas|Wtf entonces\n|c| zereffu|Flame body boludo xD\n|c|\u2606Raycen25|ah no, me equivoque\n|\n|t:|1700950604\n|switch|p1a: Pegame|Sandaconda, M|100\/100\n|move|p2a: Morpeko|Knock Off|p1a: Pegame\n|-damage|p1a: Pegame|63\/100\n|-weather|Sandstorm|[from] ability: Sand Spit|[of] p1a: Pegame\n|-enditem|p1a: Pegame|Red Card|[from] move: Knock Off|[of] p2a: Morpeko\n|\n|-weather|Sandstorm|[upkeep]\n|-damage|p2a: Morpeko|94\/100|[from] Sandstorm\n|-formechange|p2a: Morpeko|Morpeko-Hangry||[from] ability: Hunger Switch\n|upkeep\n|turn|15\n|c| SilverKeith|Flash fire no te da velocidad?\n|c| SilverKeith|Le hubiera jugado en contra con el trick room\n|\n|t:|1700950622\n|switch|p2a: Corviknight|Corviknight, M|89\/100\n|-ability|p2a: Corviknight|Pressure\n|move|p1a: Pegame|Earthquake|p2a: Corviknight\n|-immune|p2a: Corviknight\n|\n|-weather|Sandstorm|[upkeep]\n|-heal|p2a: Corviknight|96\/100|[from] item: Leftovers\n|upkeep\n|turn|16\n|c|\u2606Lucaslakd|Ta jodida igual pero yo confio\n|c| Juanjomaster|Gana raycen?\n|c| Juanjomaster|Yo conf\u00edo\n|\n|t:|1700950649\n|switch|p1a: Mira que te como|Raikou|82\/100\n|move|p2a: Corviknight|U-turn|p1a: Mira que te como\n|-damage|p1a: Mira que te como|65\/100\n|\n|t:|1700950654\n|switch|p2a: Morpeko|Morpeko, F|94\/100|[from] U-turn\n|\n|-weather|Sandstorm|[upkeep]\n|-damage|p1a: Mira que te como|58\/100|[from] Sandstorm\n|-damage|p2a: Morpeko|88\/100|[from] Sandstorm\n|-formechange|p2a: Morpeko|Morpeko-Hangry||[from] ability: Hunger Switch\n|upkeep\n|turn|17\n|\n|t:|1700950671\n|move|p1a: Mira que te como|Signal Beam|p2a: Morpeko\n|-supereffective|p2a: Morpeko\n|-damage|p2a: Morpeko|0 fnt\n|faint|p2a: Morpeko\n|\n|-weather|Sandstorm|[upkeep]\n|-damage|p1a: Mira que te como|52\/100|[from] Sandstorm\n|upkeep\n|c|\u2606Lucaslakd|Ya no confio\n|c| zereffu|Gg\n|c| Juanjomaster|Gooooood\n|c| Ric94|Gg\n|\n|t:|1700950680\n|switch|p2a: Corviknight|Corviknight, M|96\/100\n|-ability|p2a: Corviknight|Pressure\n|turn|18\n|c| santysas|RAYCEN GOD\n|c| Ric94|GRANDE EL TEAM CACHORRAO\n|j| LeKatuh\n|\n|t:|1700950711\n|switch|p1a: Encara messi|Espeon, F|15\/100\n|move|p2a: Corviknight|Bulk Up|p2a: Corviknight\n|-boost|p2a: Corviknight|atk|1\n|-boost|p2a: Corviknight|def|1\n|\n|-weather|none\n|-heal|p2a: Corviknight|100\/100|[from] item: Leftovers\n|upkeep\n|turn|19\n|\n|t:|1700950723\n|move|p1a: Encara messi|Shadow Ball|p2a: Corviknight\n|-damage|p2a: Corviknight|63\/100\n|-unboost|p2a: Corviknight|spd|1\n|-damage|p1a: Encara messi|5\/100|[from] item: Life Orb\n|move|p2a: Corviknight|Roost|p2a: Corviknight\n|-heal|p2a: Corviknight|100\/100\n|-singleturn|p2a: Corviknight|move: Roost\n|\n|upkeep\n|turn|20\n|c|\u2606Lucaslakd|Uy encima eso\n|c| Ric94|Lo termino de sepultar\n|c| zereffu|XD\n|\n|t:|1700950738\n|move|p1a: Encara messi|Shadow Ball|p2a: Corviknight\n|-damage|p2a: Corviknight|45\/100\n|-damage|p1a: Encara messi|0 fnt|[from] item: Life Orb\n|faint|p1a: Encara messi\n|move|p2a: Corviknight|Roost|p2a: Corviknight\n|-heal|p2a: Corviknight|95\/100\n|-singleturn|p2a: Corviknight|move: Roost\n|\n|-heal|p2a: Corviknight|100\/100|[from] item: Leftovers\n|upkeep\n|\n|t:|1700950748\n|switch|p1a: Mira que te como|Raikou|52\/100\n|turn|21\n|\n|t:|1700950752\n|move|p1a: Mira que te como|Thunderbolt|p2a: Corviknight\n|-supereffective|p2a: Corviknight\n|-damage|p2a: Corviknight|0 fnt\n|faint|p2a: Corviknight\n|\n|win|Raycen25\n|c| santysas|GG\n|c| SilverKeith|Gg\n|c| Ric94|GG\n|c| santysas|Raycen GOD\n|c| SilverKeith|Te dieron clases\n|l| Ric94\n|c|\u2606Lucaslakd|Gg facilito\n|c| SilverKeith|Raycen god\n|c| santysas|Derrocando a un invicto\n|c|\u2606Raycen25|tuve mi arco de entrenamiento de anime\n|c| Juanjomaster|Raycen GOD\n|c| zereffu|El training arc fue god\n|c| SilverKeith|Soy el \u00faltimo invicto\n|c|\u2606Lucaslakd|En verdad mi error fue no llevar focus blast en hatterene\n|c|\u2606Lucaslakd|Lo cambie por draning kiss\n|c| SilverKeith|Lucas\n|c|\u2606Raycen25|jajaja\n|c| santysas|El Hatterene alto pecho fr\u00edo\n|c| SilverKeith|El turno ese del hatterene\n|c| SilverKeith|No solo se suicid\u00f3\n|c| SilverKeith|Si no que dej\u00f3 el trick room puesto\n|c| santysas|Si el Coalossal tenia Flash Fire\n|c| SilverKeith|Para trollear al wakiwaki\n|c| santysas|Hubiera sido cine\n","uploadtime":1700950814,"views":35,"p1id":"raycen25","p2id":"lucaslakd","formatid":"gen9nationaldexubers","rating":0,"private":0,"password":""}