{"id":"gen9nationaldexubers-1981620656","p1":"Chaitanya15","p2":"despicableas","format":"[Gen 9] National Dex Ubers","log":"|j|\u2606Chaitanya15\n|j|\u2606despicableas\n|t:|1698926962\n|gametype|singles\n|player|p1|Chaitanya15|169|1389\n|player|p2|despicableas|waiter-gen4dp|1236\n|teamsize|p1|6\n|teamsize|p2|6\n|gen|9\n|tier|[Gen 9] National Dex Ubers\n|rated|\n|rule|HP Percentage Mod: HP is shown in percentages\n|rule|Endless Battle Clause: Forcing endless battles is banned\n|rule|OHKO Clause: OHKO moves are banned\n|rule|Evasion Moves Clause: Evasion moves are banned\n|rule|Evasion Items Clause: Evasion items are banned\n|rule|Species Clause: Limit one of each Pok\u00e9mon\n|rule|Sleep Clause Mod: Limit one foe put to sleep\n|rule|Mega Rayquaza Clause: You cannot mega evolve Rayquaza\n|clearpoke\n|poke|p1|Kingambit, M|\n|poke|p1|Basculegion, M|\n|poke|p1|Pikachu, F|\n|poke|p1|Kyogre|\n|poke|p1|Flutter Mane|\n|poke|p1|Deoxys-Speed|\n|poke|p2|Obstagoon, F|\n|poke|p2|Ribombee, M|\n|poke|p2|Golduck, M|\n|poke|p2|Electrode-Hisui|\n|poke|p2|Metagross|\n|poke|p2|Runerigus, M|\n|teampreview\n|inactive|Battle timer is ON: inactive players will automatically lose when time's up. (requested by despicableas)\n|\n|t:|1698926971\n|start\n|switch|p1a: Deoxys|Deoxys-Speed|100\/100\n|switch|p2a: Ribombee|Ribombee, M|100\/100\n|-ability|p1a: Deoxys|Pressure\n|turn|1\n|\n|t:|1698926980\n|move|p1a: Deoxys|Stealth Rock|p2a: Ribombee\n|-sidestart|p2: despicableas|move: Stealth Rock\n|move|p2a: Ribombee|Sticky Web|p1a: Deoxys\n|-sidestart|p1: Chaitanya15|move: Sticky Web\n|\n|upkeep\n|turn|2\n|\n|t:|1698927000\n|move|p1a: Deoxys|Spikes|p2a: Ribombee\n|-sidestart|p2: despicableas|Spikes\n|move|p2a: Ribombee|Stun Spore|p1a: Deoxys\n|-status|p1a: Deoxys|par\n|\n|upkeep\n|turn|3\n|\n|t:|1698927010\n|move|p2a: Ribombee|Moonblast|p1a: Deoxys\n|-crit|p1a: Deoxys\n|-damage|p1a: Deoxys|48\/100 par\n|-unboost|p1a: Deoxys|spa|1\n|move|p1a: Deoxys|Spikes|p2a: Ribombee\n|-sidestart|p2: despicableas|Spikes\n|\n|upkeep\n|turn|4\n|\n|t:|1698927020\n|move|p2a: Ribombee|Moonblast|p1a: Deoxys\n|-damage|p1a: Deoxys|8\/100 par\n|move|p1a: Deoxys|Spikes|p2a: Ribombee\n|-sidestart|p2: despicableas|Spikes\n|\n|upkeep\n|turn|5\n|\n|t:|1698927031\n|move|p1a: Deoxys|Extreme Speed|p2a: Ribombee\n|-damage|p2a: Ribombee|71\/100\n|move|p2a: Ribombee|Moonblast|p1a: Deoxys\n|-damage|p1a: Deoxys|0 fnt\n|faint|p1a: Deoxys\n|\n|upkeep\n|\n|t:|1698927043\n|switch|p1a: Pikachu|Pikachu, F|100\/100\n|-activate|p1a: Pikachu|move: Sticky Web\n|-unboost|p1a: Pikachu|spe|1\n|turn|6\n|\n|t:|1698927055\n|move|p1a: Pikachu|Fake Out|p2a: Ribombee\n|-crit|p2a: Ribombee\n|-damage|p2a: Ribombee|35\/100\n|move|p2a: Ribombee|Stun Spore|p1a: Pikachu|[miss]\n|-miss|p2a: Ribombee|p1a: Pikachu\n|\n|upkeep\n|turn|7\n|\n|t:|1698927063\n|move|p1a: Pikachu|Extreme Speed|p2a: Ribombee\n|-damage|p2a: Ribombee|0 fnt\n|faint|p2a: Ribombee\n|\n|upkeep\n|\n|t:|1698927069\n|switch|p2a: Obstagoon|Obstagoon, F|100\/100\n|-damage|p2a: Obstagoon|88\/100|[from] Stealth Rock\n|-damage|p2a: Obstagoon|63\/100|[from] Spikes\n|turn|8\n|\n|t:|1698927076\n|move|p2a: Obstagoon|Obstruct|p2a: Obstagoon\n|-singleturn|p2a: Obstagoon|Protect\n|move|p1a: Pikachu|Brick Break|p2a: Obstagoon\n|-activate|p2a: Obstagoon|move: Protect\n|-unboost|p1a: Pikachu|def|2\n|\n|-status|p2a: Obstagoon|brn|[from] item: Flame Orb\n|upkeep\n|turn|9\n|\n|t:|1698927089\n|move|p1a: Pikachu|Extreme Speed|p2a: Obstagoon\n|-damage|p2a: Obstagoon|31\/100 brn\n|move|p2a: Obstagoon|Facade|p1a: Pikachu\n|-damage|p1a: Pikachu|0 fnt\n|faint|p1a: Pikachu\n|\n|-damage|p2a: Obstagoon|25\/100 brn|[from] brn\n|upkeep\n|\n|t:|1698927103\n|switch|p1a: Flutter Mane|Flutter Mane|100\/100\n|-activate|p1a: Flutter Mane|move: Sticky Web\n|-unboost|p1a: Flutter Mane|spe|1\n|-enditem|p1a: Flutter Mane|Booster Energy\n|-activate|p1a: Flutter Mane|ability: Protosynthesis|[fromitem]\n|-start|p1a: Flutter Mane|protosynthesisspa\n|turn|10\n|\n|t:|1698927112\n|move|p2a: Obstagoon|Knock Off|p1a: Flutter Mane\n|-damage|p1a: Flutter Mane|1\/100\n|move|p1a: Flutter Mane|Moonblast|p2a: Obstagoon\n|-supereffective|p2a: Obstagoon\n|-damage|p2a: Obstagoon|0 fnt\n|faint|p2a: Obstagoon\n|\n|upkeep\n|\n|t:|1698927125\n|switch|p2a: Golduck|Golduck, M, shiny|100\/100\n|-damage|p2a: Golduck|88\/100|[from] Stealth Rock\n|-damage|p2a: Golduck|63\/100|[from] Spikes\n|-ability|p2a: Golduck|Cloud Nine\n|turn|11\n|\n|t:|1698927133\n|move|p1a: Flutter Mane|Moonblast|p2a: Golduck\n|-damage|p2a: Golduck|0 fnt\n|faint|p2a: Golduck\n|\n|upkeep\n|\n|t:|1698927139\n|switch|p2a: Metagross|Metagross, shiny|100\/100\n|-damage|p2a: Metagross|95\/100|[from] Stealth Rock\n|-damage|p2a: Metagross|70\/100|[from] Spikes\n|turn|12\n|\n|t:|1698927146\n|detailschange|p2a: Metagross|Metagross-Mega, shiny\n|-mega|p2a: Metagross|Metagross|Metagrossite\n|move|p2a: Metagross|Bullet Punch|p1a: Flutter Mane\n|-supereffective|p1a: Flutter Mane\n|-damage|p1a: Flutter Mane|0 fnt\n|faint|p1a: Flutter Mane\n|-end|p1a: Flutter Mane|Protosynthesis|[silent]\n|\n|upkeep\n|\n|t:|1698927165\n|switch|p1a: Kyogre|Kyogre|100\/100\n|-activate|p1a: Kyogre|move: Sticky Web\n|-unboost|p1a: Kyogre|spe|1\n|-weather|RainDance|[from] ability: Drizzle|[of] p1a: Kyogre\n|turn|13\n|\n|t:|1698927176\n|switch|p2a: Electrode|Electrode-Hisui|100\/100\n|-damage|p2a: Electrode|88\/100|[from] Stealth Rock\n|-damage|p2a: Electrode|63\/100|[from] Spikes\n|move|p1a: Kyogre|Water Spout|p2a: Electrode\n|-resisted|p2a: Electrode\n|-damage|p2a: Electrode|0 fnt\n|faint|p2a: Electrode\n|\n|-weather|RainDance|[upkeep]\n|upkeep\n|-message|despicableas forfeited.\n|\n|win|Chaitanya15\n|raw|Chaitanya15's rating: 1389 &rarr; <strong>1401<\/strong><br \/>(+12 for winning)\n|raw|despicableas's rating: 1236 &rarr; <strong>1221<\/strong><br \/>(-15 for losing)\n|l|\u2606despicableas\n","uploadtime":1698927202,"views":11,"p1id":"chaitanya15","p2id":"despicableas","formatid":"gen9nationaldexubers","rating":1221,"private":0,"password":""}