{"id":"gen9nationaldexubers-1985112369","p1":"bydotcasts","p2":"VoIteon","format":"[Gen 9] National Dex Ubers","log":"|j|\u2606bydotcasts\n|j|\u2606VoIteon\n|t:|1699332541\n|gametype|singles\n|player|p1|bydotcasts|bruno|\n|player|p2|VoIteon|valerie|\n|teamsize|p1|6\n|teamsize|p2|6\n|gen|9\n|tier|[Gen 9] National Dex Ubers\n|rule|HP Percentage Mod: HP is shown in percentages\n|rule|Endless Battle Clause: Forcing endless battles is banned\n|rule|OHKO Clause: OHKO moves are banned\n|rule|Evasion Moves Clause: Evasion moves are banned\n|rule|Evasion Items Clause: Evasion items are banned\n|rule|Species Clause: Limit one of each Pok\u00e9mon\n|rule|Sleep Clause Mod: Limit one foe put to sleep\n|rule|Mega Rayquaza Clause: You cannot mega evolve Rayquaza\n|clearpoke\n|poke|p1|Azelf|\n|poke|p1|Clefable, M|\n|poke|p1|Heatran, M|\n|poke|p1|Electivire, F|\n|poke|p1|Starmie|\n|poke|p1|Aegislash, M|\n|poke|p2|Jolteon, F|\n|poke|p2|Froslass, F|\n|poke|p2|Mawile, F|\n|poke|p2|Jirachi|\n|poke|p2|Vaporeon, M|\n|poke|p2|Zamazenta-*|\n|teampreview\n|j| Czar_agon\n|j| Lunar Sloth\n|c|\u2606bydotcasts|im fresh off a fortnite loss im ready to cook now\n|j| MiniBearGrahams\n|c|\u2606VoIteon|So real\n|c|\u2606bydotcasts|he had gold scar and he was lit like 188\n|j| Factor64\n|c|\u2606bydotcasts|glhf\n|c|\u2606VoIteon|gl\n|\n|t:|1699332656\n|start\n|switch|p1a: nice doggie :))|Heatran, M|100\/100\n|switch|p2a: Froslass|Froslass, F|100\/100\n|turn|1\n|inactive|Battle timer is ON: inactive players will automatically lose when time's up. (requested by bydotcasts)\n|\n|t:|1699332667\n|move|p2a: Froslass|Spikes|p1a: nice doggie :))\n|-sidestart|p1: bydotcasts|Spikes\n|move|p1a: nice doggie :))|Taunt|p2a: Froslass\n|-start|p2a: Froslass|move: Taunt\n|\n|upkeep\n|turn|2\n|\n|t:|1699332680\n|switch|p2a: Vaporeon|Vaporeon, M|100\/100\n|move|p1a: nice doggie :))|Magma Storm|p2a: Vaporeon\n|-resisted|p2a: Vaporeon\n|-damage|p2a: Vaporeon|84\/100\n|-activate|p2a: Vaporeon|move: Magma Storm|[of] p1a: nice doggie :))\n|\n|-heal|p2a: Vaporeon|90\/100|[from] item: Leftovers\n|-damage|p2a: Vaporeon|78\/100|[from] move: Magma Storm|[partiallytrapped]\n|upkeep\n|turn|3\n|\n|t:|1699332692\n|switch|p1a: harrison|Clefable, M|100\/100\n|-damage|p1a: harrison|88\/100|[from] Spikes\n|move|p2a: Vaporeon|Flip Turn|p1a: harrison\n|-damage|p1a: harrison|77\/100\n|\n|t:|1699332699\n|switch|p2a: Mawile|Mawile, F|100\/100|[from] Flip Turn\n|-ability|p2a: Mawile|Intimidate|boost\n|-unboost|p1a: harrison|atk|1\n|\n|-heal|p1a: harrison|83\/100|[from] item: Leftovers\n|upkeep\n|turn|4\n|\n|t:|1699332715\n|detailschange|p2a: Mawile|Mawile-Mega, F\n|-mega|p2a: Mawile|Mawile|Mawilite\n|move|p2a: Mawile|Play Rough|p1a: harrison|[miss]\n|-miss|p2a: Mawile|p1a: harrison\n|move|p1a: harrison|Teleport|p1a: harrison\n|\n|t:|1699332720\n|switch|p1a: nice doggie :))|Heatran, M|100\/100|[from] Teleport\n|-damage|p1a: nice doggie :))|88\/100|[from] Spikes\n|\n|-heal|p1a: nice doggie :))|94\/100|[from] item: Leftovers\n|upkeep\n|turn|5\n|\n|t:|1699332726\n|switch|p2a: Vaporeon|Vaporeon, M|78\/100\n|move|p1a: nice doggie :))|Taunt|p2a: Vaporeon\n|-start|p2a: Vaporeon|move: Taunt\n|\n|-heal|p1a: nice doggie :))|100\/100|[from] item: Leftovers\n|-heal|p2a: Vaporeon|84\/100|[from] item: Leftovers\n|upkeep\n|turn|6\n|\n|t:|1699332739\n|switch|p1a: FREE JEFFERY|Electivire, F|100\/100\n|-damage|p1a: FREE JEFFERY|88\/100|[from] Spikes\n|move|p2a: Vaporeon|Flip Turn|p1a: FREE JEFFERY\n|-damage|p1a: FREE JEFFERY|65\/100\n|\n|t:|1699332747\n|switch|p2a: Zamazenta|Zamazenta|100\/100|[from] Flip Turn\n|-ability|p2a: Zamazenta|Dauntless Shield|boost\n|-boost|p2a: Zamazenta|def|1\n|\n|upkeep\n|turn|7\n|\n|t:|1699332757\n|-terastallize|p1a: FREE JEFFERY|Ground\n|move|p2a: Zamazenta|Close Combat|p1a: FREE JEFFERY\n|-damage|p1a: FREE JEFFERY|0 fnt\n|-unboost|p2a: Zamazenta|def|1\n|-unboost|p2a: Zamazenta|spd|1\n|faint|p1a: FREE JEFFERY\n|-damage|p2a: Zamazenta|91\/100|[from] item: Life Orb\n|\n|upkeep\n|l| MiniBearGrahams\n|\n|t:|1699332770\n|switch|p1a: piss boy|Azelf, shiny|100\/100\n|turn|8\n|\n|t:|1699332788\n|switch|p2a: Froslass|Froslass, F|100\/100\n|move|p1a: piss boy|Mystical Power|p2a: Froslass\n|-damage|p2a: Froslass|44\/100\n|-boost|p1a: piss boy|spa|1\n|\n|upkeep\n|turn|9\n|\n|t:|1699332795\n|move|p1a: piss boy|Mystical Power|p2a: Froslass\n|-damage|p2a: Froslass|0 fnt\n|-boost|p1a: piss boy|spa|1\n|-start|p1a: piss boy|Disable|Mystical Power|[from] ability: Cursed Body|[of] p2a: Froslass\n|faint|p2a: Froslass\n|\n|upkeep\n|\n|t:|1699332805\n|switch|p2a: Mawile|Mawile-Mega, F|100\/100\n|turn|10\n|\n|t:|1699332812\n|switch|p1a: nice doggie :))|Heatran, M|100\/100\n|-damage|p1a: nice doggie :))|88\/100|[from] Spikes\n|move|p2a: Mawile|Knock Off|p1a: nice doggie :))\n|-damage|p1a: nice doggie :))|32\/100\n|-enditem|p1a: nice doggie :))|Leftovers|[from] move: Knock Off|[of] p2a: Mawile\n|\n|upkeep\n|turn|11\n|\n|t:|1699332820\n|switch|p2a: Vaporeon|Vaporeon, M|84\/100\n|move|p1a: nice doggie :))|Tera Blast|p2a: Vaporeon\n|-damage|p2a: Vaporeon|67\/100\n|\n|-heal|p2a: Vaporeon|73\/100|[from] item: Leftovers\n|upkeep\n|turn|12\n|\n|t:|1699332831\n|switch|p1a: Starmie|Starmie, shiny|100\/100\n|-damage|p1a: Starmie|88\/100|[from] Spikes\n|move|p2a: Vaporeon|Flip Turn|p1a: Starmie\n|-resisted|p1a: Starmie\n|-damage|p1a: Starmie|82\/100\n|\n|t:|1699332837\n|switch|p2a: Jolteon|Jolteon, F|100\/100|[from] Flip Turn\n|\n|-heal|p1a: Starmie|88\/100|[from] item: Leftovers\n|upkeep\n|turn|13\n|\n|t:|1699332845\n|switch|p1a: harrison|Clefable, M|83\/100\n|-damage|p1a: harrison|71\/100|[from] Spikes\n|move|p2a: Jolteon|Volt Switch|p1a: harrison\n|-crit|p1a: harrison\n|-damage|p1a: harrison|13\/100\n|-damage|p2a: Jolteon|91\/100|[from] item: Life Orb\n|\n|t:|1699332852\n|switch|p2a: Mawile|Mawile-Mega, F|100\/100|[from] Volt Switch\n|\n|-heal|p1a: harrison|20\/100|[from] item: Leftovers\n|upkeep\n|turn|14\n|\n|t:|1699332860\n|move|p2a: Mawile|Play Rough|p1a: harrison\n|-damage|p1a: harrison|0 fnt\n|faint|p1a: harrison\n|\n|upkeep\n|\n|t:|1699332876\n|switch|p1a: noahlathamfan72|Aegislash, M|100\/100\n|-damage|p1a: noahlathamfan72|88\/100|[from] Spikes\n|turn|15\n|\n|t:|1699332887\n|move|p1a: noahlathamfan72|King's Shield|p1a: noahlathamfan72\n|-singleturn|p1a: noahlathamfan72|Protect\n|move|p2a: Mawile|Knock Off|p1a: noahlathamfan72\n|-activate|p1a: noahlathamfan72|move: Protect\n|-unboost|p2a: Mawile|atk|1\n|\n|upkeep\n|turn|16\n|\n|t:|1699332907\n|move|p2a: Mawile|Knock Off|p1a: noahlathamfan72\n|-supereffective|p1a: noahlathamfan72\n|-damage|p1a: noahlathamfan72|41\/100\n|-formechange|p1a: noahlathamfan72|Aegislash-Blade||[from] ability: Stance Change\n|move|p1a: noahlathamfan72|Sacred Sword|p2a: Mawile\n|-damage|p2a: Mawile|64\/100\n|\n|upkeep\n|turn|17\n|j| MiniBearGrahams\n|\n|t:|1699332915\n|-formechange|p1a: noahlathamfan72|Aegislash||[from] ability: Stance Change\n|move|p1a: noahlathamfan72|King's Shield|p1a: noahlathamfan72\n|-singleturn|p1a: noahlathamfan72|Protect\n|move|p2a: Mawile|Swords Dance|p2a: Mawile\n|-boost|p2a: Mawile|atk|2\n|\n|upkeep\n|turn|18\n|\n|t:|1699332927\n|switch|p1a: nice doggie :))|Heatran, M|32\/100\n|-damage|p1a: nice doggie :))|19\/100|[from] Spikes\n|move|p2a: Mawile|Knock Off|p1a: nice doggie :))\n|-damage|p1a: nice doggie :))|0 fnt\n|faint|p1a: nice doggie :))\n|\n|upkeep\n|\n|t:|1699332935\n|switch|p1a: Starmie|Starmie, shiny|88\/100\n|-damage|p1a: Starmie|75\/100|[from] Spikes\n|turn|19\n|\n|t:|1699332941\n|move|p2a: Mawile|Sucker Punch|p1a: Starmie\n|-supereffective|p1a: Starmie\n|-damage|p1a: Starmie|0 fnt\n|faint|p1a: Starmie\n|\n|upkeep\n|\n|t:|1699332945\n|switch|p1a: piss boy|Azelf, shiny|100\/100\n|turn|20\n|\n|t:|1699332950\n|move|p2a: Mawile|Sucker Punch|p1a: piss boy\n|-supereffective|p1a: piss boy\n|-damage|p1a: piss boy|0 fnt\n|faint|p1a: piss boy\n|\n|upkeep\n|\n|t:|1699332954\n|switch|p1a: noahlathamfan72|Aegislash, M|41\/100\n|-damage|p1a: noahlathamfan72|29\/100|[from] Spikes\n|turn|21\n|\n|t:|1699332961\n|move|p2a: Mawile|Sucker Punch|p1a: noahlathamfan72\n|-supereffective|p1a: noahlathamfan72\n|-damage|p1a: noahlathamfan72|0 fnt\n|faint|p1a: noahlathamfan72\n|\n|win|VoIteon\n|l|\u2606bydotcasts\n","uploadtime":1699332970,"views":5,"p1id":"bydotcasts","p2id":"voiteon","formatid":"gen9nationaldexubers","rating":0,"private":0,"password":""}