{"id":"gen9nationaldexubers-1987079999","p1":"Soyeon is a cutie","p2":"777Clearnu","format":"[Gen 9] National Dex Ubers","log":"|j|\u2606Soyeon is a cutie\n|j|\u2606777Clearnu\n|t:|1699554428\n|gametype|singles\n|player|p1|Soyeon is a cutie|idol|1886\n|player|p2|777Clearnu|skier|1715\n|teamsize|p1|6\n|teamsize|p2|6\n|gen|9\n|tier|[Gen 9] National Dex Ubers\n|rated|\n|rule|HP Percentage Mod: HP is shown in percentages\n|rule|Endless Battle Clause: Forcing endless battles is banned\n|rule|OHKO Clause: OHKO moves are banned\n|rule|Evasion Moves Clause: Evasion moves are banned\n|rule|Evasion Items Clause: Evasion items are banned\n|rule|Species Clause: Limit one of each Pok\u00e9mon\n|rule|Sleep Clause Mod: Limit one foe put to sleep\n|rule|Mega Rayquaza Clause: You cannot mega evolve Rayquaza\n|clearpoke\n|poke|p1|Arceus-Fairy|\n|poke|p1|Kingambit, M|\n|poke|p1|Ditto|\n|poke|p1|Urshifu-*, M|\n|poke|p1|Lunala|\n|poke|p1|Necrozma-Dusk-Mane|\n|poke|p2|Glimmora, M|\n|poke|p2|Ho-Oh|\n|poke|p2|Eternatus|\n|poke|p2|Arceus|\n|poke|p2|Groudon|\n|poke|p2|Yveltal|\n|teampreview\n|inactive|Battle timer is ON: inactive players will automatically lose when time's up. (requested by 777Clearnu)\n|inactive|Soyeon is a cutie also wants the timer to be on.\n|\n|t:|1699554441\n|start\n|switch|p1a: Necrozma|Necrozma-Dusk-Mane, shiny|100\/100\n|switch|p2a: savage spin out|Glimmora, M|100\/100\n|turn|1\n|\n|t:|1699554448\n|move|p2a: savage spin out|Spikes|p1a: Necrozma\n|-sidestart|p1: Soyeon is a cutie|Spikes\n|move|p1a: Necrozma|Stealth Rock|p2a: savage spin out\n|-sidestart|p2: 777Clearnu|move: Stealth Rock\n|\n|upkeep\n|turn|2\n|\n|t:|1699554452\n|move|p2a: savage spin out|Stealth Rock|p1a: Necrozma\n|-sidestart|p1: Soyeon is a cutie|move: Stealth Rock\n|move|p1a: Necrozma|Earth Power|p2a: savage spin out\n|-supereffective|p2a: savage spin out\n|-enditem|p2a: savage spin out|Focus Sash\n|-damage|p2a: savage spin out|1\/100\n|\n|upkeep\n|turn|3\n|\n|t:|1699554458\n|detailschange|p1a: Necrozma|Necrozma-Ultra, shiny\n|-burst|p1a: Necrozma|Necrozma|Ultranecrozium Z\n|move|p1a: Necrozma|Dragon Pulse|p2a: savage spin out\n|-damage|p2a: savage spin out|0 fnt\n|faint|p2a: savage spin out\n|\n|upkeep\n|\n|t:|1699554469\n|switch|p2a: birdspam|Ho-Oh|100\/100\n|turn|4\n|j| Slowlier AF\n|\n|t:|1699554483\n|move|p1a: Necrozma|Photon Geyser|p2a: birdspam\n|-damage|p2a: birdspam|68\/100\n|move|p2a: birdspam|Whirlwind|p1a: Necrozma\n|drag|p1a: Arceus|Arceus-Fairy|100\/100\n|-damage|p1a: Arceus|88\/100|[from] Spikes\n|-damage|p1a: Arceus|76\/100|[from] Stealth Rock\n|\n|upkeep\n|turn|5\n|\n|t:|1699554492\n|move|p1a: Arceus|Taunt|p2a: birdspam\n|-start|p2a: birdspam|move: Taunt\n|cant|p2a: birdspam|move: Taunt|Recover\n|\n|upkeep\n|turn|6\n|\n|t:|1699554498\n|move|p1a: Arceus|Toxic|p2a: birdspam\n|-status|p2a: birdspam|tox\n|move|p2a: birdspam|Sacred Fire|p1a: Arceus\n|-damage|p1a: Arceus|47\/100\n|-status|p1a: Arceus|brn\n|\n|-damage|p2a: birdspam|62\/100 tox|[from] psn\n|-damage|p1a: Arceus|41\/100 brn|[from] brn\n|upkeep\n|turn|7\n|\n|t:|1699554510\n|switch|p2a: BKC|Arceus|100\/100\n|-damage|p2a: BKC|88\/100|[from] Stealth Rock\n|move|p1a: Arceus|Recover|p1a: Arceus\n|-heal|p1a: Arceus|91\/100 brn\n|\n|-damage|p1a: Arceus|85\/100 brn|[from] brn\n|upkeep\n|turn|8\n|\n|t:|1699554524\n|switch|p2a: dance^2|Groudon|100\/100\n|-damage|p2a: dance^2|94\/100|[from] Stealth Rock\n|detailschange|p2a: dance^2|Groudon-Primal\n|-primal|p2a: dance^2|Red Orb\n|-weather|DesolateLand|[from] ability: Desolate Land|[of] p2a: dance^2\n|move|p1a: Arceus|Taunt|p2a: dance^2\n|-start|p2a: dance^2|move: Taunt\n|\n|-weather|DesolateLand|[upkeep]\n|-damage|p1a: Arceus|78\/100 brn|[from] brn\n|upkeep\n|turn|9\n|\n|t:|1699554527\n|move|p1a: Arceus|Toxic|p2a: dance^2\n|-status|p2a: dance^2|tox\n|move|p2a: dance^2|Eruption|p1a: Arceus\n|-damage|p1a: Arceus|0 fnt\n|faint|p1a: Arceus\n|\n|-weather|DesolateLand|[upkeep]\n|-damage|p2a: dance^2|88\/100 tox|[from] psn\n|upkeep\n|\n|t:|1699554535\n|switch|p1a: Necrozma|Necrozma-Ultra, shiny|100\/100\n|-damage|p1a: Necrozma|88\/100|[from] Spikes\n|-damage|p1a: Necrozma|75\/100|[from] Stealth Rock\n|turn|10\n|\n|t:|1699554544\n|-weather|none\n|switch|p2a: birdspam|Ho-Oh|95\/100 tox\n|move|p1a: Necrozma|Dragon Pulse|p2a: birdspam\n|-damage|p2a: birdspam|67\/100 tox\n|\n|-damage|p2a: birdspam|61\/100 tox|[from] psn\n|upkeep\n|turn|11\n|\n|t:|1699554549\n|switch|p2a: Lemon Demon|Yveltal|100\/100\n|-damage|p2a: Lemon Demon|76\/100|[from] Stealth Rock\n|-ability|p2a: Lemon Demon|Dark Aura\n|-zpower|p1a: Necrozma\n|move|p1a: Necrozma|Light That Burns the Sky|p2a: Lemon Demon|[zeffect]\n|-immune|p2a: Lemon Demon\n|\n|upkeep\n|turn|12\n|\n|t:|1699554559\n|move|p1a: Necrozma|Dragon Pulse|p2a: Lemon Demon\n|-damage|p2a: Lemon Demon|20\/100\n|move|p2a: Lemon Demon|Oblivion Wing|p1a: Necrozma\n|-damage|p1a: Necrozma|29\/100\n|-heal|p2a: Lemon Demon|50\/100|[from] drain|[of] p1a: Necrozma\n|\n|upkeep\n|turn|13\n|\n|t:|1699554564\n|move|p2a: Lemon Demon|Sucker Punch|p1a: Necrozma\n|-supereffective|p1a: Necrozma\n|-damage|p1a: Necrozma|0 fnt\n|faint|p1a: Necrozma\n|\n|upkeep\n|\n|t:|1699554575\n|switch|p1a: Urshifu|Urshifu, M|100\/100\n|-damage|p1a: Urshifu|88\/100|[from] Spikes\n|-damage|p1a: Urshifu|82\/100|[from] Stealth Rock\n|turn|14\n|\n|t:|1699554580\n|move|p2a: Lemon Demon|Oblivion Wing|p1a: Urshifu\n|-supereffective|p1a: Urshifu\n|-damage|p1a: Urshifu|0 fnt\n|-heal|p2a: Lemon Demon|100\/100|[from] drain|[of] p1a: Urshifu\n|faint|p1a: Urshifu\n|\n|upkeep\n|\n|t:|1699554587\n|switch|p1a: Kingambit|Kingambit, M|100\/100\n|-damage|p1a: Kingambit|88\/100|[from] Spikes\n|-damage|p1a: Kingambit|82\/100|[from] Stealth Rock\n|-activate|p1a: Kingambit|ability: Supreme Overlord\n|-start|p1a: Kingambit|fallen3|[silent]\n|turn|15\n|\n|t:|1699554593\n|-zpower|p2a: Lemon Demon\n|move|p2a: Lemon Demon|Black Hole Eclipse|p1a: Kingambit|[zeffect]\n|-resisted|p1a: Kingambit\n|-damage|p1a: Kingambit|29\/100\n|move|p1a: Kingambit|Knock Off|p2a: Lemon Demon\n|-resisted|p2a: Lemon Demon\n|-damage|p2a: Lemon Demon|65\/100\n|\n|upkeep\n|turn|16\n|\n|t:|1699554605\n|move|p2a: Lemon Demon|Dark Pulse|p1a: Kingambit\n|-resisted|p1a: Kingambit\n|-damage|p1a: Kingambit|1\/100\n|move|p1a: Kingambit|Iron Head|p2a: Lemon Demon\n|-damage|p2a: Lemon Demon|11\/100\n|\n|upkeep\n|turn|17\n|\n|t:|1699554611\n|move|p2a: Lemon Demon|Sucker Punch||[still]\n|-fail|p2a: Lemon Demon\n|move|p1a: Kingambit|Swords Dance|p1a: Kingambit\n|-boost|p1a: Kingambit|atk|2\n|\n|upkeep\n|turn|18\n|\n|t:|1699554613\n|move|p2a: Lemon Demon|Sucker Punch|p1a: Kingambit\n|-resisted|p1a: Kingambit\n|-damage|p1a: Kingambit|0 fnt\n|faint|p1a: Kingambit\n|-end|p1a: Kingambit|fallen3|[silent]\n|\n|upkeep\n|\n|t:|1699554618\n|switch|p1a: Ditto|Ditto, shiny|100\/100\n|-damage|p1a: Ditto|88\/100|[from] Spikes\n|-damage|p1a: Ditto|76\/100|[from] Stealth Rock\n|-transform|p1a: Ditto|p2a: Lemon Demon|[from] ability: Imposter\n|-ability|p1a: Ditto|Dark Aura\n|turn|19\n|\n|t:|1699554626\n|move|p1a: Ditto|Dark Pulse|p2a: Lemon Demon\n|-resisted|p2a: Lemon Demon\n|-damage|p2a: Lemon Demon|0 fnt\n|faint|p2a: Lemon Demon\n|\n|upkeep\n|\n|t:|1699554636\n|switch|p2a: cosmic power|Eternatus|100\/100\n|-damage|p2a: cosmic power|88\/100|[from] Stealth Rock\n|-ability|p2a: cosmic power|Pressure\n|turn|20\n|\n|t:|1699554639\n|move|p1a: Ditto|Dark Pulse|p2a: cosmic power\n|-damage|p2a: cosmic power|48\/100\n|move|p2a: cosmic power|Meteor Beam||[still]\n|-prepare|p2a: cosmic power|Meteor Beam\n|-boost|p2a: cosmic power|spa|1\n|-enditem|p2a: cosmic power|Power Herb\n|-anim|p2a: cosmic power|Meteor Beam|p1a: Ditto\n|-supereffective|p1a: Ditto\n|-damage|p1a: Ditto|0 fnt\n|faint|p1a: Ditto\n|\n|upkeep\n|\n|t:|1699554645\n|switch|p1a: Lunala|Lunala, shiny|100\/100\n|turn|21\n|\n|t:|1699554655\n|move|p2a: cosmic power|Sludge Wave|p1a: Lunala\n|-resisted|p1a: Lunala\n|-damage|p1a: Lunala|84\/100\n|move|p1a: Lunala|Psyshock|p2a: cosmic power\n|-supereffective|p2a: cosmic power\n|-damage|p2a: cosmic power|0 fnt\n|faint|p2a: cosmic power\n|\n|upkeep\n|\n|t:|1699554663\n|switch|p2a: BKC|Arceus|88\/100\n|-damage|p2a: BKC|76\/100|[from] Stealth Rock\n|turn|22\n|\n|t:|1699554669\n|-terastallize|p1a: Lunala|Fairy\n|move|p1a: Lunala|Moonblast|p2a: BKC\n|-damage|p2a: BKC|38\/100\n|move|p2a: BKC|Shadow Claw|p1a: Lunala\n|-damage|p1a: Lunala|53\/100\n|-damage|p2a: BKC|28\/100|[from] item: Life Orb\n|\n|upkeep\n|turn|23\n|\n|t:|1699554678\n|move|p2a: BKC|Extreme Speed|p1a: Lunala\n|-damage|p1a: Lunala|1\/100\n|-damage|p2a: BKC|18\/100|[from] item: Life Orb\n|move|p1a: Lunala|Moonblast|p2a: BKC\n|-damage|p2a: BKC|0 fnt\n|faint|p2a: BKC\n|\n|upkeep\n|\n|t:|1699554686\n|switch|p2a: dance^2|Groudon-Primal|88\/100 tox\n|-damage|p2a: dance^2|76\/100 tox|[from] Stealth Rock\n|-weather|DesolateLand|[from] ability: Desolate Land|[of] p2a: dance^2\n|turn|24\n|\n|t:|1699554689\n|move|p1a: Lunala|Moongeist Beam|p2a: dance^2\n|-damage|p2a: dance^2|14\/100 tox\n|move|p2a: dance^2|Solar Beam||[still]\n|-prepare|p2a: dance^2|Solar Beam\n|-anim|p2a: dance^2|Solar Beam|p1a: Lunala\n|-damage|p1a: Lunala|0 fnt\n|faint|p1a: Lunala\n|\n|win|777Clearnu\n|raw|Soyeon is a cutie's rating: 1886 &rarr; <strong>1857<\/strong><br \/>(-29 for losing)\n|raw|777Clearnu's rating: 1715 &rarr; <strong>1744<\/strong><br \/>(+29 for winning)\n|l|\u2606Soyeon is a cutie\n","uploadtime":1699554699,"views":49,"p1id":"soyeonisacutie","p2id":"777clearnu","formatid":"gen9nationaldexubers","rating":1744,"private":0,"password":""}