{"id":"gen9nationaldexubers-1998535014","p1":"CRYO-M0DE\u2744\ufe0f","p2":"caligomiuos","format":"[Gen 9] National Dex Ubers","log":"|j|\u2606CRYO-M0DE\u2744\ufe0f\n|j|\u2606caligomiuos\n|t:|1700953385\n|gametype|singles\n|player|p1|CRYO-M0DE\u2744\ufe0f|melony|1114\n|player|p2|caligomiuos|ninjaboy|1099\n|teamsize|p1|6\n|teamsize|p2|6\n|gen|9\n|tier|[Gen 9] National Dex Ubers\n|rated|\n|rule|HP Percentage Mod: HP is shown in percentages\n|rule|Endless Battle Clause: Forcing endless battles is banned\n|rule|OHKO Clause: OHKO moves are banned\n|rule|Evasion Moves Clause: Evasion moves are banned\n|rule|Evasion Items Clause: Evasion items are banned\n|rule|Species Clause: Limit one of each Pok\u00e9mon\n|rule|Sleep Clause Mod: Limit one foe put to sleep\n|rule|Mega Rayquaza Clause: You cannot mega evolve Rayquaza\n|clearpoke\n|poke|p1|Glalie, M|\n|poke|p1|Iron Bundle|\n|poke|p1|Aurorus, F|\n|poke|p1|Baxcalibur, M|\n|poke|p1|Regice|\n|poke|p1|Kyurem-Black|\n|poke|p2|Giratina|\n|poke|p2|Garganacl, M|\n|poke|p2|Medicham, M|\n|poke|p2|Kingambit, M|\n|poke|p2|Ribombee, M|\n|poke|p2|Lugia|\n|teampreview\n|\n|t:|1700953404\n|start\n|switch|p1a: \u2744\ufe0fAURORUS\u2744\ufe0f\u2744\ufe0f|Aurorus, F, shiny|100\/100\n|switch|p2a: Ribombee|Ribombee, M, shiny|100\/100\n|-weather|Snow|[from] ability: Snow Warning|[of] p1a: \u2744\ufe0fAURORUS\u2744\ufe0f\u2744\ufe0f\n|turn|1\n|\n|t:|1700953417\n|move|p2a: Ribombee|Light Screen|p2a: Ribombee\n|-sidestart|p2: caligomiuos|move: Light Screen\n|move|p1a: \u2744\ufe0fAURORUS\u2744\ufe0f\u2744\ufe0f|Stealth Rock|p2a: Ribombee\n|-sidestart|p2: caligomiuos|move: Stealth Rock\n|\n|-weather|Snow|[upkeep]\n|upkeep\n|turn|2\n|\n|t:|1700953427\n|switch|p1a: \u2744\ufe0fCRYO BUNDLE\u2744\ufe0f|Iron Bundle, shiny|100\/100\n|-enditem|p1a: \u2744\ufe0fCRYO BUNDLE\u2744\ufe0f|Booster Energy\n|-activate|p1a: \u2744\ufe0fCRYO BUNDLE\u2744\ufe0f|ability: Quark Drive|[fromitem]\n|-start|p1a: \u2744\ufe0fCRYO BUNDLE\u2744\ufe0f|quarkdrivespa\n|move|p2a: Ribombee|Reflect|p2a: Ribombee\n|-sidestart|p2: caligomiuos|Reflect\n|\n|-weather|Snow|[upkeep]\n|upkeep\n|turn|3\n|\n|t:|1700953437\n|-terastallize|p1a: \u2744\ufe0fCRYO BUNDLE\u2744\ufe0f|Ice\n|move|p2a: Ribombee|Sticky Web|p1a: \u2744\ufe0fCRYO BUNDLE\u2744\ufe0f\n|-sidestart|p1: CRYO-M0DE\u2744\ufe0f|move: Sticky Web\n|move|p1a: \u2744\ufe0fCRYO BUNDLE\u2744\ufe0f|Blizzard|p2a: Ribombee\n|-damage|p2a: Ribombee|21\/100\n|-enditem|p2a: Ribombee|Red Card|[of] p1a: \u2744\ufe0fCRYO BUNDLE\u2744\ufe0f\n|-end|p1a: \u2744\ufe0fCRYO BUNDLE\u2744\ufe0f|Quark Drive|[silent]\n|drag|p1a: \ud83e\uddca\u2744\ufe0fREGICE\u2744\ufe0f\ud83e\uddca|Regice, shiny|100\/100\n|-activate|p1a: \ud83e\uddca\u2744\ufe0fREGICE\u2744\ufe0f\ud83e\uddca|move: Sticky Web\n|-unboost|p1a: \ud83e\uddca\u2744\ufe0fREGICE\u2744\ufe0f\ud83e\uddca|spe|1\n|\n|-weather|Snow|[upkeep]\n|upkeep\n|turn|4\n|\n|t:|1700953450\n|move|p2a: Ribombee|Stun Spore|p1a: \ud83e\uddca\u2744\ufe0fREGICE\u2744\ufe0f\ud83e\uddca|[miss]\n|-miss|p2a: Ribombee|p1a: \ud83e\uddca\u2744\ufe0fREGICE\u2744\ufe0f\ud83e\uddca\n|move|p1a: \ud83e\uddca\u2744\ufe0fREGICE\u2744\ufe0f\ud83e\uddca|Blizzard|p2a: Ribombee\n|-damage|p2a: Ribombee|0 fnt\n|faint|p2a: Ribombee\n|\n|-weather|Snow|[upkeep]\n|upkeep\n|\n|t:|1700953459\n|switch|p2a: Medicham|Medicham, M|100\/100\n|-damage|p2a: Medicham|94\/100|[from] Stealth Rock\n|turn|5\n|\n|t:|1700953473\n|detailschange|p2a: Medicham|Medicham-Mega, M\n|-mega|p2a: Medicham|Medicham|Medichamite\n|move|p2a: Medicham|Bulk Up|p2a: Medicham\n|-boost|p2a: Medicham|atk|1\n|-boost|p2a: Medicham|def|1\n|move|p1a: \ud83e\uddca\u2744\ufe0fREGICE\u2744\ufe0f\ud83e\uddca|Blizzard|p2a: Medicham\n|-damage|p2a: Medicham|55\/100\n|-status|p2a: Medicham|frz\n|\n|-weather|Snow|[upkeep]\n|-sideend|p2: caligomiuos|move: Light Screen\n|upkeep\n|turn|6\n|c|\u2606caligomiuos|that\n|c|\u2606caligomiuos|is painful\n|\n|t:|1700953493\n|cant|p2a: Medicham|frz\n|move|p1a: \ud83e\uddca\u2744\ufe0fREGICE\u2744\ufe0f\ud83e\uddca|Blizzard|p2a: Medicham\n|-damage|p2a: Medicham|0 fnt\n|faint|p2a: Medicham\n|\n|-weather|Snow|[upkeep]\n|-sideend|p2: caligomiuos|Reflect\n|upkeep\n|\n|t:|1700953504\n|switch|p2a: Garganacl|Garganacl, M|100\/100\n|-damage|p2a: Garganacl|88\/100|[from] Stealth Rock\n|turn|7\n|\n|t:|1700953510\n|move|p2a: Garganacl|Salt Cure|p1a: \ud83e\uddca\u2744\ufe0fREGICE\u2744\ufe0f\ud83e\uddca\n|-supereffective|p1a: \ud83e\uddca\u2744\ufe0fREGICE\u2744\ufe0f\ud83e\uddca\n|-damage|p1a: \ud83e\uddca\u2744\ufe0fREGICE\u2744\ufe0f\ud83e\uddca|72\/100\n|-start|p1a: \ud83e\uddca\u2744\ufe0fREGICE\u2744\ufe0f\ud83e\uddca|Salt Cure\n|move|p1a: \ud83e\uddca\u2744\ufe0fREGICE\u2744\ufe0f\ud83e\uddca|Blizzard|p2a: Garganacl\n|-damage|p2a: Garganacl|44\/100\n|\n|-weather|Snow|[upkeep]\n|-heal|p1a: \ud83e\uddca\u2744\ufe0fREGICE\u2744\ufe0f\ud83e\uddca|78\/100|[from] ability: Ice Body\n|-heal|p2a: Garganacl|50\/100|[from] item: Leftovers\n|-damage|p1a: \ud83e\uddca\u2744\ufe0fREGICE\u2744\ufe0f\ud83e\uddca|66\/100|[from] Salt Cure\n|upkeep\n|turn|8\n|\n|t:|1700953528\n|move|p2a: Garganacl|Recover|p2a: Garganacl\n|-heal|p2a: Garganacl|99\/100\n|move|p1a: \ud83e\uddca\u2744\ufe0fREGICE\u2744\ufe0f\ud83e\uddca|Blizzard|p2a: Garganacl\n|-damage|p2a: Garganacl|54\/100\n|\n|-weather|none\n|-heal|p2a: Garganacl|60\/100|[from] item: Leftovers\n|-damage|p1a: \ud83e\uddca\u2744\ufe0fREGICE\u2744\ufe0f\ud83e\uddca|53\/100|[from] Salt Cure\n|upkeep\n|turn|9\n|\n|t:|1700953539\n|move|p2a: Garganacl|Recover|p2a: Garganacl\n|-heal|p2a: Garganacl|100\/100\n|move|p1a: \ud83e\uddca\u2744\ufe0fREGICE\u2744\ufe0f\ud83e\uddca|Hail|p1a: \ud83e\uddca\u2744\ufe0fREGICE\u2744\ufe0f\ud83e\uddca\n|-weather|Hail\n|\n|-weather|Hail|[upkeep]\n|-damage|p2a: Garganacl|94\/100|[from] Hail\n|-heal|p1a: \ud83e\uddca\u2744\ufe0fREGICE\u2744\ufe0f\ud83e\uddca|59\/100|[from] ability: Ice Body\n|-heal|p2a: Garganacl|100\/100|[from] item: Leftovers\n|-damage|p1a: \ud83e\uddca\u2744\ufe0fREGICE\u2744\ufe0f\ud83e\uddca|47\/100|[from] Salt Cure\n|upkeep\n|turn|10\n|\n|t:|1700953550\n|move|p2a: Garganacl|Earthquake|p1a: \ud83e\uddca\u2744\ufe0fREGICE\u2744\ufe0f\ud83e\uddca\n|-damage|p1a: \ud83e\uddca\u2744\ufe0fREGICE\u2744\ufe0f\ud83e\uddca|14\/100\n|move|p1a: \ud83e\uddca\u2744\ufe0fREGICE\u2744\ufe0f\ud83e\uddca|Blizzard|p2a: Garganacl\n|-damage|p2a: Garganacl|56\/100\n|\n|-weather|Hail|[upkeep]\n|-damage|p2a: Garganacl|50\/100|[from] Hail\n|-heal|p1a: \ud83e\uddca\u2744\ufe0fREGICE\u2744\ufe0f\ud83e\uddca|20\/100|[from] ability: Ice Body\n|-heal|p2a: Garganacl|56\/100|[from] item: Leftovers\n|-damage|p1a: \ud83e\uddca\u2744\ufe0fREGICE\u2744\ufe0f\ud83e\uddca|7\/100|[from] Salt Cure\n|upkeep\n|turn|11\n|\n|t:|1700953563\n|move|p2a: Garganacl|Recover|p2a: Garganacl\n|-heal|p2a: Garganacl|100\/100\n|move|p1a: \ud83e\uddca\u2744\ufe0fREGICE\u2744\ufe0f\ud83e\uddca|Blizzard|p2a: Garganacl\n|-damage|p2a: Garganacl|56\/100\n|\n|-weather|Hail|[upkeep]\n|-damage|p2a: Garganacl|50\/100|[from] Hail\n|-heal|p1a: \ud83e\uddca\u2744\ufe0fREGICE\u2744\ufe0f\ud83e\uddca|13\/100|[from] ability: Ice Body\n|-heal|p2a: Garganacl|56\/100|[from] item: Leftovers\n|-damage|p1a: \ud83e\uddca\u2744\ufe0fREGICE\u2744\ufe0f\ud83e\uddca|1\/100|[from] Salt Cure\n|upkeep\n|turn|12\n|\n|t:|1700953579\n|move|p2a: Garganacl|Recover|p2a: Garganacl\n|-heal|p2a: Garganacl|100\/100\n|move|p1a: \ud83e\uddca\u2744\ufe0fREGICE\u2744\ufe0f\ud83e\uddca|Blizzard|p2a: Garganacl\n|-damage|p2a: Garganacl|54\/100\n|\n|-weather|Hail|[upkeep]\n|-damage|p2a: Garganacl|48\/100|[from] Hail\n|-heal|p1a: \ud83e\uddca\u2744\ufe0fREGICE\u2744\ufe0f\ud83e\uddca|7\/100|[from] ability: Ice Body\n|-heal|p2a: Garganacl|54\/100|[from] item: Leftovers\n|-damage|p1a: \ud83e\uddca\u2744\ufe0fREGICE\u2744\ufe0f\ud83e\uddca|0 fnt|[from] Salt Cure\n|faint|p1a: \ud83e\uddca\u2744\ufe0fREGICE\u2744\ufe0f\ud83e\uddca\n|upkeep\n|\n|t:|1700953594\n|switch|p1a: \u2744\ufe0fCRYO BUNDLE\u2744\ufe0f|Iron Bundle, shiny, tera:Ice|100\/100\n|-activate|p1a: \u2744\ufe0fCRYO BUNDLE\u2744\ufe0f|move: Sticky Web\n|-unboost|p1a: \u2744\ufe0fCRYO BUNDLE\u2744\ufe0f|spe|1\n|turn|13\n|\n|t:|1700953605\n|move|p1a: \u2744\ufe0fCRYO BUNDLE\u2744\ufe0f|Blizzard|p2a: Garganacl\n|-damage|p2a: Garganacl|0 fnt\n|faint|p2a: Garganacl\n|\n|-weather|Hail|[upkeep]\n|upkeep\n|\n|t:|1700953613\n|switch|p2a: Kingambit|Kingambit, M|100\/100\n|-damage|p2a: Kingambit|94\/100|[from] Stealth Rock\n|-activate|p2a: Kingambit|ability: Supreme Overlord\n|-start|p2a: Kingambit|fallen3|[silent]\n|turn|14\n|\n|t:|1700953627\n|-terastallize|p2a: Kingambit|Dark\n|move|p1a: \u2744\ufe0fCRYO BUNDLE\u2744\ufe0f|Chilling Water|p2a: Kingambit\n|-damage|p2a: Kingambit|70\/100\n|-unboost|p2a: Kingambit|atk|1\n|move|p2a: Kingambit|Knock Off|p1a: \u2744\ufe0fCRYO BUNDLE\u2744\ufe0f\n|-damage|p1a: \u2744\ufe0fCRYO BUNDLE\u2744\ufe0f|36\/100\n|-damage|p2a: Kingambit|60\/100|[from] item: Life Orb\n|\n|-weather|Hail|[upkeep]\n|-damage|p2a: Kingambit|53\/100|[from] Hail\n|upkeep\n|turn|15\n|\n|t:|1700953640\n|move|p1a: \u2744\ufe0fCRYO BUNDLE\u2744\ufe0f|Blizzard|p2a: Kingambit\n|-damage|p2a: Kingambit|0 fnt\n|faint|p2a: Kingambit\n|-end|p2a: Kingambit|fallen3|[silent]\n|\n|-weather|Hail|[upkeep]\n|upkeep\n|\n|t:|1700953645\n|switch|p2a: Lugia|Lugia, shiny|100\/100\n|-damage|p2a: Lugia|75\/100|[from] Stealth Rock\n|-ability|p2a: Lugia|Pressure\n|turn|16\n|\n|t:|1700953653\n|move|p1a: \u2744\ufe0fCRYO BUNDLE\u2744\ufe0f|Blizzard|p2a: Lugia\n|-supereffective|p2a: Lugia\n|-damage|p2a: Lugia|0 fnt\n|faint|p2a: Lugia\n|\n|-weather|none\n|upkeep\n|\n|t:|1700953658\n|switch|p2a: Giratina|Giratina, shiny|100\/100\n|-damage|p2a: Giratina|88\/100|[from] Stealth Rock\n|-ability|p2a: Giratina|Pressure\n|turn|17\n|\n|t:|1700953666\n|-end|p1a: \u2744\ufe0fCRYO BUNDLE\u2744\ufe0f|Quark Drive|[silent]\n|switch|p1a: \u2744\ufe0fAURORUS\u2744\ufe0f\u2744\ufe0f|Aurorus, F, shiny|100\/100\n|-activate|p1a: \u2744\ufe0fAURORUS\u2744\ufe0f\u2744\ufe0f|move: Sticky Web\n|-unboost|p1a: \u2744\ufe0fAURORUS\u2744\ufe0f\u2744\ufe0f|spe|1\n|-weather|Snow|[from] ability: Snow Warning|[of] p1a: \u2744\ufe0fAURORUS\u2744\ufe0f\u2744\ufe0f\n|move|p2a: Giratina|Poltergeist|p1a: \u2744\ufe0fAURORUS\u2744\ufe0f\u2744\ufe0f\n|-activate|p1a: \u2744\ufe0fAURORUS\u2744\ufe0f\u2744\ufe0f|move: Poltergeist|Icy Rock\n|-damage|p1a: \u2744\ufe0fAURORUS\u2744\ufe0f\u2744\ufe0f|70\/100\n|\n|-weather|Snow|[upkeep]\n|-heal|p2a: Giratina|94\/100|[from] item: Leftovers\n|upkeep\n|turn|18\n|\n|t:|1700953679\n|move|p2a: Giratina|Phantom Force||[still]\n|-prepare|p2a: Giratina|Phantom Force\n|move|p1a: \u2744\ufe0fAURORUS\u2744\ufe0f\u2744\ufe0f|Blizzard|p2a: Giratina|[miss]\n|-miss|p1a: \u2744\ufe0fAURORUS\u2744\ufe0f\u2744\ufe0f|p2a: Giratina\n|\n|-weather|Snow|[upkeep]\n|-heal|p2a: Giratina|99\/100|[from] item: Leftovers\n|upkeep\n|turn|19\n|\n|t:|1700953687\n|move|p2a: Giratina|Phantom Force|p1a: \u2744\ufe0fAURORUS\u2744\ufe0f\u2744\ufe0f|[from]lockedmove\n|-damage|p1a: \u2744\ufe0fAURORUS\u2744\ufe0f\u2744\ufe0f|44\/100\n|move|p1a: \u2744\ufe0fAURORUS\u2744\ufe0f\u2744\ufe0f|Blizzard|p2a: Giratina\n|-supereffective|p2a: Giratina\n|-damage|p2a: Giratina|51\/100\n|\n|-weather|Snow|[upkeep]\n|-heal|p2a: Giratina|58\/100|[from] item: Leftovers\n|upkeep\n|turn|20\n|\n|t:|1700953699\n|move|p2a: Giratina|Phantom Force||[still]\n|-prepare|p2a: Giratina|Phantom Force\n|move|p1a: \u2744\ufe0fAURORUS\u2744\ufe0f\u2744\ufe0f|Blizzard|p2a: Giratina|[miss]\n|-miss|p1a: \u2744\ufe0fAURORUS\u2744\ufe0f\u2744\ufe0f|p2a: Giratina\n|\n|-weather|Snow|[upkeep]\n|-heal|p2a: Giratina|64\/100|[from] item: Leftovers\n|upkeep\n|turn|21\n|\n|t:|1700953708\n|move|p2a: Giratina|Phantom Force|p1a: \u2744\ufe0fAURORUS\u2744\ufe0f\u2744\ufe0f|[from]lockedmove\n|-damage|p1a: \u2744\ufe0fAURORUS\u2744\ufe0f\u2744\ufe0f|18\/100\n|move|p1a: \u2744\ufe0fAURORUS\u2744\ufe0f\u2744\ufe0f|Blizzard|p2a: Giratina\n|-supereffective|p2a: Giratina\n|-damage|p2a: Giratina|11\/100\n|\n|-weather|Snow|[upkeep]\n|-heal|p2a: Giratina|18\/100|[from] item: Leftovers\n|upkeep\n|turn|22\n|\n|t:|1700953718\n|switch|p1a: \u2744\ufe0fGLALIE\u2744\ufe0f\ud83e\udd76|Glalie, M|100\/100\n|-activate|p1a: \u2744\ufe0fGLALIE\u2744\ufe0f\ud83e\udd76|move: Sticky Web\n|-unboost|p1a: \u2744\ufe0fGLALIE\u2744\ufe0f\ud83e\udd76|spe|1\n|move|p2a: Giratina|Phantom Force||[still]\n|-prepare|p2a: Giratina|Phantom Force\n|\n|-weather|Snow|[upkeep]\n|-heal|p2a: Giratina|24\/100|[from] item: Leftovers\n|-ability|p1a: \u2744\ufe0fGLALIE\u2744\ufe0f\ud83e\udd76|Moody|boost\n|-boost|p1a: \u2744\ufe0fGLALIE\u2744\ufe0f\ud83e\udd76|def|2\n|-unboost|p1a: \u2744\ufe0fGLALIE\u2744\ufe0f\ud83e\udd76|spe|1\n|upkeep\n|turn|23\n|\n|t:|1700953731\n|detailschange|p1a: \u2744\ufe0fGLALIE\u2744\ufe0f\ud83e\udd76|Glalie-Mega, M\n|-mega|p1a: \u2744\ufe0fGLALIE\u2744\ufe0f\ud83e\udd76|Glalie|Glalitite\n|move|p2a: Giratina|Phantom Force|p1a: \u2744\ufe0fGLALIE\u2744\ufe0f\ud83e\udd76|[from]lockedmove\n|-damage|p1a: \u2744\ufe0fGLALIE\u2744\ufe0f\ud83e\udd76|84\/100\n|move|p1a: \u2744\ufe0fGLALIE\u2744\ufe0f\ud83e\udd76|Hyper Beam|p2a: Giratina\n|-supereffective|p2a: Giratina\n|-damage|p2a: Giratina|0 fnt\n|-mustrecharge|p1a: \u2744\ufe0fGLALIE\u2744\ufe0f\ud83e\udd76\n|faint|p2a: Giratina\n|\n|win|CRYO-M0DE\u2744\ufe0f\n|raw|CRYO-M0DE\u2744\ufe0f's rating: 1114 &rarr; <strong>1138<\/strong><br \/>(+24 for winning)\n|raw|caligomiuos's rating: 1099 &rarr; <strong>1075<\/strong><br \/>(-24 for losing)\n|c|\u2606caligomiuos|gg\n|l|\u2606caligomiuos\n","uploadtime":1700954031,"views":1,"p1id":"cryom0de","p2id":"caligomiuos","formatid":"gen9nationaldexubers","rating":1075,"private":0,"password":""}