{"id":"gen9nationaldexubers-1978801115","p1":"nightmarestorms","p2":"Chef Nando","format":"[Gen 9] National Dex Ubers","log":"|j|\u2606nightmarestorms\n|j|\u2606Chef Nando\n|t:|1698596875\n|gametype|singles\n|player|p1|nightmarestorms|cynthia-masters|\n|player|p2|Chef Nando|hilda|\n|teamsize|p1|6\n|teamsize|p2|6\n|gen|9\n|tier|[Gen 9] National Dex Ubers\n|rule|HP Percentage Mod: HP is shown in percentages\n|rule|Endless Battle Clause: Forcing endless battles is banned\n|rule|OHKO Clause: OHKO moves are banned\n|rule|Evasion Moves Clause: Evasion moves are banned\n|rule|Evasion Items Clause: Evasion items are banned\n|rule|Species Clause: Limit one of each Pok\u00e9mon\n|rule|Sleep Clause Mod: Limit one foe put to sleep\n|rule|Mega Rayquaza Clause: You cannot mega evolve Rayquaza\n|clearpoke\n|poke|p1|Pinsir, M|\n|poke|p1|Arcanine-Hisui, M|\n|poke|p1|Clefable, M|\n|poke|p1|Tauros-Paldea-Aqua, M|\n|poke|p1|Kadabra, F|\n|poke|p1|Muk, M|\n|poke|p2|Graveler, F|\n|poke|p2|Raticate, M|\n|poke|p2|Raichu, F|\n|poke|p2|Gyarados, F|\n|poke|p2|Dragonite, M|\n|poke|p2|Zapdos-Galar|\n|teampreview\n|inactive|Battle timer is ON: inactive players will automatically lose when time's up. (requested by nightmarestorms)\n|inactiveoff|Battle timer is now OFF.\n|j| kevthechamp\n|c|\u2606Chef Nando|posting link one sec\n|c| kevthechamp|best of luck fellas\n|j| PorygonTheBot\n|c| PorygonTheBot|I'm here now, the battle can get started!\n|c|\u2606Chef Nando|alright ready\n|\n|t:|1698596954\n|start\n|switch|p1a: Arcanine|Arcanine-Hisui, M|100\/100\n|switch|p2a: Dos Manos|Zapdos-Galar, shiny|100\/100\n|turn|1\n|\n|t:|1698596980\n|switch|p2a: Eradicate|Raticate, M|100\/100\n|switch|p1a: Clefable|Clefable, M|100\/100\n|\n|-status|p2a: Eradicate|brn|[from] item: Flame Orb\n|upkeep\n|turn|2\n|\n|t:|1698597002\n|move|p2a: Eradicate|Facade|p1a: Clefable\n|-damage|p1a: Clefable|32\/100\n|move|p1a: Clefable|Knock Off|p2a: Eradicate\n|-damage|p2a: Eradicate|68\/100 brn\n|-enditem|p2a: Eradicate|Flame Orb|[from] move: Knock Off|[of] p1a: Clefable\n|\n|-heal|p1a: Clefable|38\/100|[from] item: Leftovers\n|-damage|p2a: Eradicate|62\/100 brn|[from] brn\n|upkeep\n|turn|3\n|\n|t:|1698597022\n|move|p2a: Eradicate|Facade|p1a: Clefable\n|-damage|p1a: Clefable|0 fnt\n|faint|p1a: Clefable\n|\n|-damage|p2a: Eradicate|56\/100 brn|[from] brn\n|upkeep\n|\n|t:|1698597027\n|switch|p1a: Tauros|Tauros-Paldea-Aqua, M|100\/100\n|-ability|p1a: Tauros|Intimidate|boost\n|-unboost|p2a: Eradicate|atk|1\n|turn|4\n|\n|t:|1698597048\n|move|p1a: Tauros|Wave Crash|p2a: Eradicate\n|-damage|p2a: Eradicate|0 fnt\n|faint|p2a: Eradicate\n|-damage|p1a: Tauros|85\/100|[from] Recoil\n|\n|upkeep\n|\n|t:|1698597055\n|switch|p2a: Baby Dragon|Dragonite, M|100\/100\n|turn|5\n|\n|t:|1698597063\n|move|p1a: Tauros|Wave Crash|p2a: Baby Dragon\n|-resisted|p2a: Baby Dragon\n|-damage|p2a: Baby Dragon|84\/100\n|-damage|p1a: Tauros|77\/100|[from] Recoil\n|move|p2a: Baby Dragon|Air Slash|p1a: Tauros\n|-supereffective|p1a: Tauros\n|-damage|p1a: Tauros|0 fnt\n|faint|p1a: Tauros\n|\n|upkeep\n|\n|t:|1698597072\n|switch|p1a: Arcanine|Arcanine-Hisui, M|100\/100\n|turn|6\n|\n|t:|1698597092\n|move|p1a: Arcanine|Head Smash|p2a: Baby Dragon\n|-supereffective|p2a: Baby Dragon\n|-damage|p2a: Baby Dragon|0 fnt\n|faint|p2a: Baby Dragon\n|\n|upkeep\n|\n|t:|1698597106\n|switch|p2a: Boomshakalaka|Graveler, F|100\/100\n|turn|7\n|\n|t:|1698597119\n|switch|p1a: Muk|Muk, M|100\/100\n|move|p2a: Boomshakalaka|Earthquake|p1a: Muk\n|-supereffective|p1a: Muk\n|-damage|p1a: Muk|0 fnt\n|faint|p1a: Muk\n|\n|upkeep\n|\n|t:|1698597125\n|switch|p1a: Pinsir|Pinsir, M|100\/100\n|turn|8\n|\n|t:|1698597159\n|detailschange|p1a: Pinsir|Pinsir-Mega, M\n|-mega|p1a: Pinsir|Pinsir|Pinsirite\n|move|p1a: Pinsir|Close Combat|p2a: Boomshakalaka\n|-supereffective|p2a: Boomshakalaka\n|-damage|p2a: Boomshakalaka|16\/100\n|-unboost|p1a: Pinsir|def|1\n|-unboost|p1a: Pinsir|spd|1\n|move|p2a: Boomshakalaka|Explosion|p1a: Pinsir\n|-damage|p1a: Pinsir|0 fnt\n|faint|p2a: Boomshakalaka\n|faint|p1a: Pinsir\n|\n|upkeep\n|\n|t:|1698597181\n|switch|p1a: Kadabra|Kadabra, F|100\/100\n|switch|p2a: Lt. Chu|Raichu, F|100\/100\n|turn|9\n|\n|t:|1698597188\n|move|p2a: Lt. Chu|Fake Out|p1a: Kadabra\n|-damage|p1a: Kadabra|56\/100\n|cant|p1a: Kadabra|flinch\n|\n|upkeep\n|turn|10\n|\n|t:|1698597199\n|switch|p2a: Monstar|Gyarados, F|100\/100\n|-ability|p2a: Monstar|Intimidate|boost\n|-unboost|p1a: Kadabra|atk|1\n|move|p1a: Kadabra|Psychic|p2a: Monstar\n|-damage|p2a: Monstar|39\/100\n|\n|upkeep\n|turn|11\n|\n|t:|1698597207\n|switch|p1a: Arcanine|Arcanine-Hisui, M|100\/100\n|detailschange|p2a: Monstar|Gyarados-Mega, F\n|-mega|p2a: Monstar|Gyarados|Gyaradosite\n|-ability|p2a: Monstar|Mold Breaker\n|move|p2a: Monstar|Crunch|p1a: Arcanine\n|-damage|p1a: Arcanine|33\/100\n|\n|upkeep\n|turn|12\n|\n|t:|1698597220\n|move|p1a: Arcanine|Head Smash|p2a: Monstar\n|-crit|p2a: Monstar\n|-damage|p2a: Monstar|0 fnt\n|faint|p2a: Monstar\n|\n|upkeep\n|\n|t:|1698597225\n|switch|p2a: Lt. Chu|Raichu, F|100\/100\n|turn|13\n|\n|t:|1698597233\n|move|p2a: Lt. Chu|Fake Out|p1a: Arcanine\n|-resisted|p1a: Arcanine\n|-damage|p1a: Arcanine|26\/100\n|cant|p1a: Arcanine|flinch\n|\n|upkeep\n|turn|14\n|\n|t:|1698597240\n|move|p2a: Lt. Chu|Nuzzle|p1a: Arcanine\n|-damage|p1a: Arcanine|17\/100\n|-status|p1a: Arcanine|par\n|move|p1a: Arcanine|Head Smash|p2a: Lt. Chu\n|-enditem|p2a: Lt. Chu|Focus Sash\n|-damage|p2a: Lt. Chu|1\/100\n|\n|upkeep\n|turn|15\n|\n|t:|1698597248\n|move|p1a: Arcanine|Extreme Speed|p2a: Lt. Chu\n|-damage|p2a: Lt. Chu|0 fnt\n|faint|p2a: Lt. Chu\n|\n|upkeep\n|\n|t:|1698597252\n|switch|p2a: Dos Manos|Zapdos-Galar, shiny|100\/100\n|turn|16\n|\n|t:|1698597261\n|move|p1a: Arcanine|Extreme Speed|p2a: Dos Manos\n|-damage|p2a: Dos Manos|75\/100\n|move|p2a: Dos Manos|Brave Bird|p1a: Arcanine\n|-resisted|p1a: Arcanine\n|-crit|p1a: Arcanine\n|-damage|p1a: Arcanine|0 fnt\n|faint|p1a: Arcanine\n|-damage|p2a: Dos Manos|70\/100|[from] Recoil\n|\n|upkeep\n|\n|t:|1698597269\n|switch|p1a: Kadabra|Kadabra, F|56\/100\n|turn|17\n|\n|t:|1698597274\n|-terastallize|p2a: Dos Manos|Steel\n|move|p2a: Dos Manos|Brave Bird|p1a: Kadabra\n|-damage|p1a: Kadabra|0 fnt\n|faint|p1a: Kadabra\n|-damage|p2a: Dos Manos|58\/100|[from] Recoil\n|\n|win|Chef Nando\n|l| PorygonTheBot\n|c|\u2606nightmarestorms|gg\n|c|\u2606Chef Nando|GG\n|c|\u2606Chef Nando|great match\n|l| kevthechamp\n|c|\u2606nightmarestorms|yeah\n|c|\u2606Chef Nando|yeah you one of the top teams forsure\n|c|\u2606nightmarestorms|thanks\n|c|\u2606Chef Nando|no problem good work\n|c|\u2606Chef Nando|pincer scared me after that last week match\n|c|\u2606nightmarestorms|yeah it can hit really hard and fast\n|c|\u2606Chef Nando|you are not lying i was expecting swords dance not close combat there\n|c|\u2606Chef Nando|and i could not hit it with anything else\n|c|\u2606nightmarestorms|I was hoping it would kill before an explosion but I probably should have done something else\n|c|\u2606Chef Nando|I still had sturdy but nothing else could take a hit from pincer\n|c|\u2606nightmarestorms|fair, pinser could have survived if I didnt close combat\n|c|\u2606nightmarestorms|but I decided to risk it\n|c|\u2606Chef Nando|oh for sure thats why i was a little glad once i saw that def drop i said i think that KOs\n|c|\u2606nightmarestorms|still the game was super close\n|c|\u2606nightmarestorms|and fun\n|c|\u2606Chef Nando|yes it was one of my favorite matches no doubt\n|c|\u2606nightmarestorms|Yeah, have a good rest of your day\n|c|\u2606Chef Nando|you too storm good luck the rest of the season\n|l|\u2606nightmarestorms\n","uploadtime":1698597276,"views":20,"p1id":"nightmarestorms","p2id":"chefnando","formatid":"gen9nationaldexubers","rating":0,"private":0,"password":""}