{"id":"gen9nationaldexubers-1990070808","p1":"electroshibe","p2":"ItzSykz","format":"[Gen 9] National Dex Ubers","log":"|j|\u2606electroshibe\n|j|\u2606ItzSykz\n|t:|1699921391\n|gametype|singles\n|player|p1|electroshibe|alec-anime|1129\n|player|p2|ItzSykz|n|1081\n|teamsize|p1|6\n|teamsize|p2|6\n|gen|9\n|tier|[Gen 9] National Dex Ubers\n|rated|\n|rule|HP Percentage Mod: HP is shown in percentages\n|rule|Endless Battle Clause: Forcing endless battles is banned\n|rule|OHKO Clause: OHKO moves are banned\n|rule|Evasion Moves Clause: Evasion moves are banned\n|rule|Evasion Items Clause: Evasion items are banned\n|rule|Species Clause: Limit one of each Pok\u00e9mon\n|rule|Sleep Clause Mod: Limit one foe put to sleep\n|rule|Mega Rayquaza Clause: You cannot mega evolve Rayquaza\n|clearpoke\n|poke|p1|Ogerpon-Hearthflame, F|\n|poke|p1|Shaymin-Sky|\n|poke|p1|Ninetales-Alola, F|\n|poke|p1|Samurott-Hisui, M|\n|poke|p1|Tapu Koko|\n|poke|p1|Jolteon, M|\n|poke|p2|Zoroark-Hisui, F|\n|poke|p2|Greninja-*, M|\n|poke|p2|Toxtricity, M|\n|poke|p2|Volcarona, F|\n|poke|p2|Metagross|\n|poke|p2|Kommo-o, F|\n|teampreview\n|\n|t:|1699921404\n|start\n|switch|p1a: Himmy D|Samurott-Hisui, M|100\/100\n|switch|p2a: Metagross|Metagross|100\/100\n|turn|1\n|\n|t:|1699921410\n|move|p1a: Himmy D|Ceaseless Edge|p2a: Metagross\n|-supereffective|p2a: Metagross\n|-enditem|p2a: Metagross|Focus Sash\n|-damage|p2a: Metagross|1\/100\n|replace|p2a: Zoroark|Zoroark-Hisui, F, shiny\n|-end|p2a: Zoroark|Illusion\n|-sidestart|p2: ItzSykz|Spikes\n|move|p2a: Zoroark|Nasty Plot|p2a: Zoroark\n|-boost|p2a: Zoroark|spa|2\n|\n|upkeep\n|turn|2\n|\n|t:|1699921417\n|move|p1a: Himmy D|Ceaseless Edge|p2a: Zoroark\n|-supereffective|p2a: Zoroark\n|-damage|p2a: Zoroark|0 fnt\n|-sidestart|p2: ItzSykz|Spikes\n|faint|p2a: Zoroark\n|\n|upkeep\n|\n|t:|1699921438\n|switch|p2a: Toxtricity|Toxtricity, M|100\/100\n|-damage|p2a: Toxtricity|84\/100|[from] Spikes\n|turn|3\n|\n|t:|1699921443\n|move|p1a: Himmy D|Ceaseless Edge|p2a: Toxtricity|[miss]\n|-miss|p1a: Himmy D|p2a: Toxtricity\n|move|p2a: Toxtricity|Boomburst|p1a: Himmy D\n|-damage|p1a: Himmy D|0 fnt\n|faint|p1a: Himmy D\n|\n|upkeep\n|\n|t:|1699921457\n|switch|p1a: Anger Issues|Ogerpon-Hearthflame, F|100\/100\n|-ability|p1a: Anger Issues|Mold Breaker\n|turn|4\n|\n|t:|1699921469\n|move|p1a: Anger Issues|Ivy Cudgel|p2a: Toxtricity\n|-damage|p2a: Toxtricity|5\/100\n|move|p2a: Toxtricity|Boomburst|p1a: Anger Issues\n|-damage|p1a: Anger Issues|0 fnt\n|faint|p1a: Anger Issues\n|\n|upkeep\n|\n|t:|1699921472\n|switch|p1a: Zurg|Tapu Koko|100\/100\n|-fieldstart|move: Electric Terrain|[from] ability: Electric Surge|[of] p1a: Zurg\n|turn|5\n|\n|t:|1699921481\n|move|p1a: Zurg|U-turn|p2a: Toxtricity\n|-resisted|p2a: Toxtricity\n|-damage|p2a: Toxtricity|0 fnt\n|faint|p2a: Toxtricity\n|\n|t:|1699921483\n|switch|p1a: Blitz|Jolteon, M|100\/100|[from] U-turn\n|\n|upkeep\n|\n|t:|1699921493\n|switch|p2a: Metagross|Metagross|100\/100\n|-damage|p2a: Metagross|84\/100|[from] Spikes\n|turn|6\n|\n|t:|1699921499\n|move|p1a: Blitz|Rising Voltage|p2a: Metagross\n|-hint|Rising Voltage's BP doubled on grounded target.\n|-damage|p2a: Metagross|0 fnt\n|faint|p2a: Metagross\n|\n|upkeep\n|\n|t:|1699921512\n|switch|p2a: Kommo-o|Kommo-o, F|100\/100\n|-damage|p2a: Kommo-o|84\/100|[from] Spikes\n|turn|7\n|\n|t:|1699921517\n|move|p1a: Blitz|Rising Voltage|p2a: Kommo-o\n|-hint|Rising Voltage's BP doubled on grounded target.\n|-resisted|p2a: Kommo-o\n|-damage|p2a: Kommo-o|36\/100\n|move|p2a: Kommo-o|Flamethrower|p1a: Blitz\n|-damage|p1a: Blitz|53\/100\n|\n|upkeep\n|turn|8\n|\n|t:|1699921522\n|move|p1a: Blitz|Rising Voltage|p2a: Kommo-o\n|-hint|Rising Voltage's BP doubled on grounded target.\n|-resisted|p2a: Kommo-o\n|-damage|p2a: Kommo-o|0 fnt\n|faint|p2a: Kommo-o\n|\n|upkeep\n|\n|t:|1699921524\n|switch|p2a: Volcarona|Volcarona, F|100\/100\n|-damage|p2a: Volcarona|84\/100|[from] Spikes\n|turn|9\n|\n|t:|1699921528\n|move|p1a: Blitz|Rising Voltage|p2a: Volcarona\n|-hint|Rising Voltage's BP doubled on grounded target.\n|-damage|p2a: Volcarona|0 fnt\n|faint|p2a: Volcarona\n|\n|upkeep\n|\n|t:|1699921531\n|switch|p2a: Greninja|Greninja, M|100\/100\n|-damage|p2a: Greninja|84\/100|[from] Spikes\n|turn|10\n|\n|t:|1699921536\n|move|p1a: Blitz|Rising Voltage|p2a: Greninja\n|-hint|Rising Voltage's BP doubled on grounded target.\n|-supereffective|p2a: Greninja\n|-crit|p2a: Greninja\n|-damage|p2a: Greninja|0 fnt\n|faint|p2a: Greninja\n|\n|win|electroshibe\n|raw|electroshibe's rating: 1129 &rarr; <strong>1151<\/strong><br \/>(+22 for winning)\n|raw|ItzSykz's rating: 1081 &rarr; <strong>1062<\/strong><br \/>(-19 for losing)\n|l|\u2606ItzSykz\n","uploadtime":1699921543,"views":12,"p1id":"electroshibe","p2id":"itzsykz","formatid":"gen9nationaldexubers","rating":1062,"private":0,"password":""}