{"id":"gen9nationaldexubers-1988099874","p1":"kazutoxo","p2":"Zanty-Chan","format":"[Gen 9] National Dex Ubers","log":"|j|\u2606kazutoxo\n|j|\u2606Zanty-Chan\n|t:|1699669480\n|gametype|singles\n|player|p1|kazutoxo|101|\n|player|p2|Zanty-Chan|red|\n|teamsize|p1|6\n|teamsize|p2|6\n|gen|9\n|tier|[Gen 9] National Dex Ubers\n|rule|HP Percentage Mod: HP is shown in percentages\n|rule|Endless Battle Clause: Forcing endless battles is banned\n|rule|OHKO Clause: OHKO moves are banned\n|rule|Evasion Moves Clause: Evasion moves are banned\n|rule|Evasion Items Clause: Evasion items are banned\n|rule|Species Clause: Limit one of each Pok\u00e9mon\n|rule|Sleep Clause Mod: Limit one foe put to sleep\n|rule|Mega Rayquaza Clause: You cannot mega evolve Rayquaza\n|clearpoke\n|poke|p1|Annihilape, F|\n|poke|p1|Slowking-Galar, M|\n|poke|p1|Muk-Alola, F|\n|poke|p1|Salazzle, F|\n|poke|p1|Toxapex, M|\n|poke|p1|Beedrill, F|\n|poke|p2|Chansey, F|\n|poke|p2|Dondozo, F|\n|poke|p2|Porygon-Z|\n|poke|p2|Chandelure, M|\n|poke|p2|Blastoise, F|\n|poke|p2|Scizor, F|\n|teampreview\n|inactive|Battle timer is ON: inactive players will automatically lose when time's up. (requested by Zanty-Chan)\n|\n|t:|1699669500\n|start\n|switch|p1a: Beedrill|Beedrill, F|100\/100\n|switch|p2a: Chandelure|Chandelure, M|100\/100\n|turn|1\n|\n|t:|1699669516\n|switch|p2a: Dondozo|Dondozo, F|100\/100\n|switch|p1a: Toxapex|Toxapex, M|100\/100\n|\n|upkeep\n|turn|2\n|\n|t:|1699669523\n|switch|p2a: Chandelure|Chandelure, M|100\/100\n|move|p1a: Toxapex|Toxic Spikes|p2a: Chandelure\n|-sidestart|p2: Zanty-Chan|move: Toxic Spikes\n|\n|upkeep\n|turn|3\n|\n|t:|1699669528\n|move|p2a: Chandelure|Trick|p1a: Toxapex\n|-activate|p2a: Chandelure|move: Trick|[of] p1a: Toxapex\n|-item|p1a: Toxapex|Choice Scarf|[from] move: Trick\n|-item|p2a: Chandelure|Black Sludge|[from] move: Trick\n|move|p1a: Toxapex|Toxic Spikes|p2a: Chandelure\n|-sidestart|p2: Zanty-Chan|move: Toxic Spikes\n|\n|-damage|p2a: Chandelure|88\/100|[from] item: Black Sludge\n|upkeep\n|turn|4\n|\n|t:|1699669540\n|switch|p2a: Blastoise|Blastoise, F|100\/100\n|-status|p2a: Blastoise|tox\n|switch|p1a: Muk|Muk-Alola, F|100\/100\n|\n|-damage|p2a: Blastoise|94\/100 tox|[from] psn\n|upkeep\n|turn|5\n|\n|t:|1699669549\n|detailschange|p2a: Blastoise|Blastoise-Mega, F\n|-mega|p2a: Blastoise|Blastoise|Blastoisinite\n|move|p2a: Blastoise|Rapid Spin|p1a: Muk\n|-damage|p1a: Muk|89\/100\n|-boost|p2a: Blastoise|spe|1\n|-sideend|p2: Zanty-Chan|Toxic Spikes|[from] move: Rapid Spin|[of] p2a: Blastoise\n|move|p1a: Muk|Knock Off|p2a: Blastoise\n|-damage|p2a: Blastoise|73\/100 tox\n|\n|-damage|p2a: Blastoise|61\/100 tox|[from] psn\n|upkeep\n|turn|6\n|\n|t:|1699669564\n|switch|p2a: Scizor|Scizor, F|100\/100\n|move|p1a: Muk|Drain Punch|p2a: Scizor\n|-damage|p2a: Scizor|80\/100\n|-heal|p1a: Muk|97\/100|[from] drain|[of] p2a: Scizor\n|\n|upkeep\n|turn|7\n|\n|t:|1699669579\n|switch|p1a: Toxapex|Toxapex, M|100\/100\n|move|p2a: Scizor|Sand Tomb|p1a: Toxapex\n|-supereffective|p1a: Toxapex\n|-damage|p1a: Toxapex|68\/100\n|-activate|p1a: Toxapex|move: Sand Tomb|[of] p2a: Scizor\n|-damage|p2a: Scizor|70\/100|[from] item: Life Orb\n|\n|-damage|p1a: Toxapex|56\/100|[from] move: Sand Tomb|[partiallytrapped]\n|upkeep\n|turn|8\n|\n|t:|1699669592\n|move|p2a: Scizor|Sand Tomb|p1a: Toxapex\n|-supereffective|p1a: Toxapex\n|-damage|p1a: Toxapex|27\/100\n|-damage|p2a: Scizor|60\/100|[from] item: Life Orb\n|move|p1a: Toxapex|Scald|p2a: Scizor\n|-damage|p2a: Scizor|34\/100\n|\n|-damage|p1a: Toxapex|14\/100|[from] move: Sand Tomb|[partiallytrapped]\n|upkeep\n|turn|9\n|\n|t:|1699669603\n|move|p2a: Scizor|Roost|p2a: Scizor\n|-heal|p2a: Scizor|84\/100\n|-singleturn|p2a: Scizor|move: Roost\n|move|p1a: Toxapex|Scald|p2a: Scizor\n|-damage|p2a: Scizor|60\/100\n|\n|-damage|p1a: Toxapex|2\/100|[from] move: Sand Tomb|[partiallytrapped]\n|upkeep\n|turn|10\n|\n|t:|1699669619\n|move|p2a: Scizor|Roost|p2a: Scizor\n|-heal|p2a: Scizor|100\/100\n|-singleturn|p2a: Scizor|move: Roost\n|move|p1a: Toxapex|Scald|p2a: Scizor\n|-damage|p2a: Scizor|77\/100\n|\n|-damage|p1a: Toxapex|0 fnt|[from] move: Sand Tomb|[partiallytrapped]\n|faint|p1a: Toxapex\n|upkeep\n|\n|t:|1699669639\n|switch|p1a: Slowking|Slowking-Galar, M|100\/100\n|turn|11\n|\n|t:|1699669645\n|move|p2a: Scizor|U-turn|p1a: Slowking\n|-damage|p1a: Slowking|63\/100\n|-damage|p2a: Scizor|67\/100|[from] item: Life Orb\n|\n|t:|1699669655\n|switch|p2a: Chandelure|Chandelure, M|88\/100|[from] U-turn\n|move|p1a: Slowking|Flamethrower|p2a: Chandelure\n|-resisted|p2a: Chandelure\n|-damage|p2a: Chandelure|71\/100\n|\n|-damage|p2a: Chandelure|59\/100|[from] item: Black Sludge\n|-heal|p1a: Slowking|69\/100|[from] item: Black Sludge\n|upkeep\n|turn|12\n|\n|t:|1699669667\n|switch|p1a: Muk|Muk-Alola, F|97\/100\n|move|p2a: Chandelure|Trick|p1a: Muk\n|-activate|p2a: Chandelure|move: Trick|[of] p1a: Muk\n|-item|p1a: Muk|Black Sludge|[from] move: Trick\n|-item|p2a: Chandelure|Assault Vest|[from] move: Trick\n|\n|-heal|p1a: Muk|100\/100|[from] item: Black Sludge\n|upkeep\n|turn|13\n|inactive|Zanty-Chan has 270 seconds left.\n|\n|t:|1699669710\n|switch|p2a: Scizor|Scizor, F|67\/100\n|move|p1a: Muk|Shadow Sneak|p2a: Scizor\n|-damage|p2a: Scizor|54\/100\n|\n|upkeep\n|turn|14\n|\n|t:|1699669717\n|move|p2a: Scizor|Sand Tomb|p1a: Muk\n|-supereffective|p1a: Muk\n|-damage|p1a: Muk|51\/100\n|-activate|p1a: Muk|move: Sand Tomb|[of] p2a: Scizor\n|-damage|p2a: Scizor|44\/100|[from] item: Life Orb\n|move|p1a: Muk|Knock Off|p2a: Scizor\n|-crit|p2a: Scizor\n|-damage|p2a: Scizor|0 fnt\n|-enditem|p2a: Scizor|Life Orb|[from] move: Knock Off|[of] p1a: Muk\n|faint|p2a: Scizor\n|\n|-heal|p1a: Muk|57\/100|[from] item: Black Sludge\n|-end|p1a: Muk|Sand Tomb|[partiallytrapped]|[silent]\n|upkeep\n|\n|t:|1699669742\n|switch|p2a: Dondozo|Dondozo, F|100\/100\n|turn|15\n|\n|t:|1699669752\n|move|p1a: Muk|Poison Jab|p2a: Dondozo\n|-damage|p2a: Dondozo|87\/100\n|-status|p2a: Dondozo|psn\n|move|p2a: Dondozo|Curse|p2a: Dondozo\n|-unboost|p2a: Dondozo|spe|1\n|-boost|p2a: Dondozo|atk|1\n|-boost|p2a: Dondozo|def|1\n|\n|-heal|p1a: Muk|63\/100|[from] item: Black Sludge\n|-heal|p2a: Dondozo|93\/100 psn|[from] item: Leftovers\n|-damage|p2a: Dondozo|81\/100 psn|[from] psn\n|upkeep\n|turn|16\n|\n|t:|1699669771\n|move|p1a: Muk|Knock Off|p2a: Dondozo\n|-damage|p2a: Dondozo|69\/100 psn\n|-enditem|p2a: Dondozo|Leftovers|[from] move: Knock Off|[of] p1a: Muk\n|move|p2a: Dondozo|Earthquake|p1a: Muk\n|-supereffective|p1a: Muk\n|-damage|p1a: Muk|0 fnt\n|faint|p1a: Muk\n|\n|-damage|p2a: Dondozo|57\/100 psn|[from] psn\n|upkeep\n|\n|t:|1699669790\n|switch|p1a: Salazzle|Salazzle, F|100\/100\n|turn|17\n|\n|t:|1699669795\n|switch|p2a: Chansey|Chansey, F|100\/100\n|move|p1a: Salazzle|Substitute|p1a: Salazzle\n|-start|p1a: Salazzle|Substitute\n|-damage|p1a: Salazzle|76\/100\n|\n|-heal|p1a: Salazzle|82\/100|[from] item: Leftovers\n|upkeep\n|turn|18\n|\n|t:|1699669802\n|move|p1a: Salazzle|Taunt|p2a: Chansey\n|-start|p2a: Chansey|move: Taunt\n|cant|p2a: Chansey|move: Taunt|Aromatherapy\n|\n|-heal|p1a: Salazzle|88\/100|[from] item: Leftovers\n|upkeep\n|turn|19\n|inactive|Zanty-Chan has 270 seconds left.\n|\n|t:|1699669809\n|move|p1a: Salazzle|Toxic|p2a: Chansey\n|-status|p2a: Chansey|tox\n|move|p2a: Chansey|Seismic Toss|p1a: Salazzle\n|-end|p1a: Salazzle|Substitute\n|\n|-heal|p1a: Salazzle|94\/100|[from] item: Leftovers\n|-damage|p2a: Chansey|94\/100 tox|[from] psn\n|upkeep\n|turn|20\n|\n|t:|1699669820\n|move|p1a: Salazzle|Substitute|p1a: Salazzle\n|-start|p1a: Salazzle|Substitute\n|-damage|p1a: Salazzle|70\/100\n|move|p2a: Chansey|Seismic Toss|p1a: Salazzle\n|-end|p1a: Salazzle|Substitute\n|\n|-heal|p1a: Salazzle|76\/100|[from] item: Leftovers\n|-damage|p2a: Chansey|82\/100 tox|[from] psn\n|-end|p2a: Chansey|move: Taunt\n|upkeep\n|turn|21\n|inactive|Zanty-Chan has 270 seconds left.\n|\n|t:|1699669836\n|-curestatus|p2a: Chansey|tox|[from] ability: Natural Cure\n|switch|p2a: Dondozo|Dondozo, F|57\/100 psn\n|move|p1a: Salazzle|Taunt|p2a: Dondozo\n|-start|p2a: Dondozo|move: Taunt\n|\n|-heal|p1a: Salazzle|82\/100|[from] item: Leftovers\n|-damage|p2a: Dondozo|44\/100 psn|[from] psn\n|upkeep\n|turn|22\n|\n|t:|1699669853\n|switch|p2a: Chansey|Chansey, F|82\/100\n|move|p1a: Salazzle|Protect||[still]\n|-fail|p1a: Salazzle\n|\n|-heal|p1a: Salazzle|88\/100|[from] item: Leftovers\n|upkeep\n|turn|23\n|\n|t:|1699669859\n|move|p1a: Salazzle|Taunt|p2a: Chansey\n|-start|p2a: Chansey|move: Taunt\n|move|p2a: Chansey|Seismic Toss|p1a: Salazzle\n|-damage|p1a: Salazzle|59\/100\n|\n|-heal|p1a: Salazzle|65\/100|[from] item: Leftovers\n|upkeep\n|turn|24\n|\n|t:|1699669880\n|move|p1a: Salazzle|Protect|p1a: Salazzle\n|-singleturn|p1a: Salazzle|Protect\n|move|p2a: Chansey|Seismic Toss|p1a: Salazzle\n|-activate|p1a: Salazzle|move: Protect\n|\n|-heal|p1a: Salazzle|71\/100|[from] item: Leftovers\n|upkeep\n|turn|25\n|\n|t:|1699669887\n|move|p1a: Salazzle|Toxic|p2a: Chansey\n|-status|p2a: Chansey|tox\n|move|p2a: Chansey|Seismic Toss|p1a: Salazzle\n|-damage|p1a: Salazzle|42\/100\n|\n|-heal|p1a: Salazzle|48\/100|[from] item: Leftovers\n|-damage|p2a: Chansey|76\/100 tox|[from] psn\n|-end|p2a: Chansey|move: Taunt\n|upkeep\n|turn|26\n|\n|t:|1699669897\n|move|p1a: Salazzle|Taunt|p2a: Chansey\n|-start|p2a: Chansey|move: Taunt\n|move|p2a: Chansey|Seismic Toss|p1a: Salazzle\n|-damage|p1a: Salazzle|18\/100\n|\n|-heal|p1a: Salazzle|24\/100|[from] item: Leftovers\n|-damage|p2a: Chansey|63\/100 tox|[from] psn\n|upkeep\n|turn|27\n|\n|t:|1699669914\n|-curestatus|p2a: Chansey|tox|[from] ability: Natural Cure\n|switch|p2a: Porygon-Z|Porygon-Z|100\/100\n|move|p1a: Salazzle|Protect||[still]\n|-fail|p1a: Salazzle\n|\n|-heal|p1a: Salazzle|31\/100|[from] item: Leftovers\n|upkeep\n|turn|28\n|inactive|Zanty-Chan has 270 seconds left.\n|inactive|kazutoxo has 270 seconds left.\n|\n|t:|1699669947\n|move|p1a: Salazzle|Taunt|p2a: Porygon-Z\n|-start|p2a: Porygon-Z|move: Taunt\n|move|p2a: Porygon-Z|Psychic|p1a: Salazzle\n|-supereffective|p1a: Salazzle\n|-damage|p1a: Salazzle|0 fnt\n|faint|p1a: Salazzle\n|\n|upkeep\n|inactive|kazutoxo has 270 seconds left.\n|\n|t:|1699669956\n|switch|p1a: Slowking|Slowking-Galar, M|100\/100\n|turn|29\n|inactive|Zanty-Chan has 270 seconds left.\n|\n|t:|1699669969\n|switch|p2a: Chansey|Chansey, F|63\/100\n|move|p1a: Slowking|Calm Mind|p1a: Slowking\n|-boost|p1a: Slowking|spa|1\n|-boost|p1a: Slowking|spd|1\n|\n|upkeep\n|turn|30\n|\n|t:|1699669979\n|move|p2a: Chansey|Aromatherapy|p2a: Chansey\n|-activate|p2a: Chansey|move: Aromatherapy\n|-curestatus|p2: Dondozo|psn|[msg]\n|-curestatus|p2: Blastoise|tox|[msg]\n|move|p1a: Slowking|Calm Mind|p1a: Slowking\n|-boost|p1a: Slowking|spa|1\n|-boost|p1a: Slowking|spd|1\n|\n|upkeep\n|turn|31\n|\n|t:|1699669987\n|move|p2a: Chansey|Soft-Boiled|p2a: Chansey\n|-heal|p2a: Chansey|100\/100\n|move|p1a: Slowking|Psychic|p2a: Chansey\n|-damage|p2a: Chansey|80\/100\n|-unboost|p2a: Chansey|spd|1\n|\n|upkeep\n|turn|32\n|\n|t:|1699670006\n|move|p2a: Chansey|Seismic Toss|p1a: Slowking\n|-damage|p1a: Slowking|75\/100\n|move|p1a: Slowking|Psychic|p2a: Chansey\n|-damage|p2a: Chansey|48\/100\n|\n|-heal|p1a: Slowking|81\/100|[from] item: Black Sludge\n|upkeep\n|turn|33\n|\n|t:|1699670021\n|move|p2a: Chansey|Soft-Boiled|p2a: Chansey\n|-heal|p2a: Chansey|98\/100\n|move|p1a: Slowking|Psychic|p2a: Chansey\n|-damage|p2a: Chansey|71\/100\n|\n|-heal|p1a: Slowking|87\/100|[from] item: Black Sludge\n|upkeep\n|turn|34\n|\n|t:|1699670037\n|switch|p2a: Chandelure|Chandelure, M|59\/100\n|move|p1a: Slowking|Psychic|p2a: Chandelure\n|-damage|p2a: Chandelure|0 fnt\n|faint|p2a: Chandelure\n|\n|-heal|p1a: Slowking|93\/100|[from] item: Black Sludge\n|upkeep\n|\n|t:|1699670049\n|switch|p2a: Porygon-Z|Porygon-Z|100\/100\n|turn|35\n|\n|t:|1699670056\n|-zpower|p2a: Porygon-Z\n|move|p2a: Porygon-Z|Z-Conversion|p2a: Porygon-Z|[anim]Conversion\n|-boost|p2a: Porygon-Z|atk|1|[zeffect]\n|-boost|p2a: Porygon-Z|def|1|[zeffect]\n|-boost|p2a: Porygon-Z|spa|1|[zeffect]\n|-boost|p2a: Porygon-Z|spd|1|[zeffect]\n|-boost|p2a: Porygon-Z|spe|1|[zeffect]\n|-start|p2a: Porygon-Z|typechange|Psychic\n|move|p1a: Slowking|Psychic|p2a: Porygon-Z\n|-resisted|p2a: Porygon-Z\n|-damage|p2a: Porygon-Z|71\/100\n|-unboost|p2a: Porygon-Z|spd|1\n|\n|-heal|p1a: Slowking|99\/100|[from] item: Black Sludge\n|upkeep\n|turn|36\n|\n|t:|1699670071\n|move|p2a: Porygon-Z|Psychic|p1a: Slowking\n|-damage|p1a: Slowking|63\/100\n|move|p1a: Slowking|Flamethrower|p2a: Porygon-Z\n|-damage|p2a: Porygon-Z|4\/100\n|\n|-heal|p1a: Slowking|69\/100|[from] item: Black Sludge\n|upkeep\n|turn|37\n|\n|t:|1699670079\n|move|p2a: Porygon-Z|Psychic|p1a: Slowking\n|-damage|p1a: Slowking|31\/100\n|move|p1a: Slowking|Ice Beam|p2a: Porygon-Z\n|-damage|p2a: Porygon-Z|0 fnt\n|faint|p2a: Porygon-Z\n|\n|-heal|p1a: Slowking|37\/100|[from] item: Black Sludge\n|upkeep\n|\n|t:|1699670085\n|switch|p2a: Chansey|Chansey, F|71\/100\n|turn|38\n|\n|t:|1699670095\n|move|p2a: Chansey|Soft-Boiled|p2a: Chansey\n|-heal|p2a: Chansey|100\/100\n|move|p1a: Slowking|Calm Mind|p1a: Slowking\n|-boost|p1a: Slowking|spa|1\n|-boost|p1a: Slowking|spd|1\n|\n|-heal|p1a: Slowking|44\/100|[from] item: Black Sludge\n|upkeep\n|turn|39\n|\n|t:|1699670102\n|move|p2a: Chansey|Seismic Toss|p1a: Slowking\n|-damage|p1a: Slowking|18\/100\n|move|p1a: Slowking|Psychic|p2a: Chansey\n|-damage|p2a: Chansey|77\/100\n|\n|-heal|p1a: Slowking|24\/100|[from] item: Black Sludge\n|upkeep\n|turn|40\n|\n|t:|1699670111\n|move|p2a: Chansey|Seismic Toss|p1a: Slowking\n|-damage|p1a: Slowking|0 fnt\n|faint|p1a: Slowking\n|\n|upkeep\n|\n|t:|1699670126\n|switch|p1a: Annihilape|Annihilape, F|100\/100\n|turn|41\n|\n|t:|1699670132\n|-terastallize|p1a: Annihilape|Poison\n|move|p1a: Annihilape|Bulk Up|p1a: Annihilape\n|-boost|p1a: Annihilape|atk|1\n|-boost|p1a: Annihilape|def|1\n|move|p2a: Chansey|Toxic|p1a: Annihilape\n|-immune|p1a: Annihilape\n|\n|upkeep\n|turn|42\n|\n|t:|1699670142\n|move|p1a: Annihilape|Bulk Up|p1a: Annihilape\n|-boost|p1a: Annihilape|atk|1\n|-boost|p1a: Annihilape|def|1\n|move|p2a: Chansey|Seismic Toss|p1a: Annihilape\n|-damage|p1a: Annihilape|76\/100\n|\n|-heal|p1a: Annihilape|82\/100|[from] item: Leftovers\n|upkeep\n|turn|43\n|\n|t:|1699670150\n|-terastallize|p2a: Chansey|Ghost\n|move|p1a: Annihilape|Bulk Up|p1a: Annihilape\n|-boost|p1a: Annihilape|atk|1\n|-boost|p1a: Annihilape|def|1\n|move|p2a: Chansey|Seismic Toss|p1a: Annihilape\n|-damage|p1a: Annihilape|58\/100\n|\n|-heal|p1a: Annihilape|64\/100|[from] item: Leftovers\n|upkeep\n|turn|44\n|\n|t:|1699670159\n|move|p1a: Annihilape|Rage Fist|p2a: Chansey\n|-supereffective|p2a: Chansey\n|-damage|p2a: Chansey|0 fnt\n|faint|p2a: Chansey\n|\n|-heal|p1a: Annihilape|70\/100|[from] item: Leftovers\n|upkeep\n|\n|t:|1699670162\n|switch|p2a: Dondozo|Dondozo, F|44\/100\n|turn|45\n|\n|t:|1699670168\n|move|p1a: Annihilape|Rage Fist|p2a: Dondozo\n|-damage|p2a: Dondozo|13\/100\n|move|p2a: Dondozo|Rest|p2a: Dondozo\n|-status|p2a: Dondozo|slp|[from] move: Rest\n|-heal|p2a: Dondozo|100\/100 slp|[silent]\n|\n|-heal|p1a: Annihilape|76\/100|[from] item: Leftovers\n|upkeep\n|turn|46\n|\n|t:|1699670176\n|move|p1a: Annihilape|Bulk Up|p1a: Annihilape\n|-boost|p1a: Annihilape|atk|1\n|-boost|p1a: Annihilape|def|1\n|cant|p2a: Dondozo|slp\n|\n|-heal|p1a: Annihilape|82\/100|[from] item: Leftovers\n|upkeep\n|turn|47\n|\n|t:|1699670192\n|move|p1a: Annihilape|Bulk Up|p1a: Annihilape\n|-boost|p1a: Annihilape|atk|1\n|-boost|p1a: Annihilape|def|1\n|cant|p2a: Dondozo|slp\n|\n|-heal|p1a: Annihilape|88\/100|[from] item: Leftovers\n|upkeep\n|turn|48\n|\n|t:|1699670201\n|move|p1a: Annihilape|Rage Fist|p2a: Dondozo\n|-crit|p2a: Dondozo\n|-damage|p2a: Dondozo|49\/100 slp\n|-curestatus|p2a: Dondozo|slp|[msg]\n|move|p2a: Dondozo|Curse|p2a: Dondozo\n|-unboost|p2a: Dondozo|spe|1\n|-boost|p2a: Dondozo|atk|1\n|-boost|p2a: Dondozo|def|1\n|\n|-heal|p1a: Annihilape|94\/100|[from] item: Leftovers\n|upkeep\n|turn|49\n|\n|t:|1699670211\n|move|p1a: Annihilape|Rage Fist|p2a: Dondozo\n|-damage|p2a: Dondozo|27\/100\n|move|p2a: Dondozo|Rest|p2a: Dondozo\n|-status|p2a: Dondozo|slp|[from] move: Rest\n|-heal|p2a: Dondozo|100\/100 slp|[silent]\n|\n|-heal|p1a: Annihilape|100\/100|[from] item: Leftovers\n|upkeep\n|turn|50\n|\n|t:|1699670219\n|move|p1a: Annihilape|Bulk Up|p1a: Annihilape\n|-boost|p1a: Annihilape|atk|1\n|-boost|p1a: Annihilape|def|1\n|cant|p2a: Dondozo|slp\n|\n|upkeep\n|turn|51\n|\n|t:|1699670228\n|move|p1a: Annihilape|Rage Fist|p2a: Dondozo\n|-damage|p2a: Dondozo|78\/100 slp\n|cant|p2a: Dondozo|slp\n|\n|upkeep\n|turn|52\n|\n|t:|1699670234\n|move|p1a: Annihilape|Rage Fist|p2a: Dondozo\n|-damage|p2a: Dondozo|56\/100 slp\n|-curestatus|p2a: Dondozo|slp|[msg]\n|move|p2a: Dondozo|Curse|p2a: Dondozo\n|-unboost|p2a: Dondozo|spe|1\n|-boost|p2a: Dondozo|atk|1\n|-boost|p2a: Dondozo|def|1\n|\n|upkeep\n|turn|53\n|\n|t:|1699670246\n|move|p1a: Annihilape|Rage Fist|p2a: Dondozo\n|-damage|p2a: Dondozo|40\/100\n|move|p2a: Dondozo|Earthquake|p1a: Annihilape\n|-supereffective|p1a: Annihilape\n|-damage|p1a: Annihilape|8\/100\n|\n|-heal|p1a: Annihilape|14\/100|[from] item: Leftovers\n|upkeep\n|turn|54\n|\n|t:|1699670253\n|move|p1a: Annihilape|Rage Fist|p2a: Dondozo\n|-damage|p2a: Dondozo|20\/100\n|move|p2a: Dondozo|Rest|p2a: Dondozo\n|-status|p2a: Dondozo|slp|[from] move: Rest\n|-heal|p2a: Dondozo|100\/100 slp|[silent]\n|\n|-heal|p1a: Annihilape|20\/100|[from] item: Leftovers\n|upkeep\n|turn|55\n|\n|t:|1699670261\n|move|p1a: Annihilape|Drain Punch|p2a: Dondozo\n|-damage|p2a: Dondozo|92\/100 slp\n|-heal|p1a: Annihilape|24\/100|[from] drain|[of] p2a: Dondozo\n|cant|p2a: Dondozo|slp\n|\n|-heal|p1a: Annihilape|31\/100|[from] item: Leftovers\n|upkeep\n|turn|56\n|\n|t:|1699670269\n|move|p1a: Annihilape|Drain Punch|p2a: Dondozo\n|-damage|p2a: Dondozo|84\/100 slp\n|-heal|p1a: Annihilape|35\/100|[from] drain|[of] p2a: Dondozo\n|cant|p2a: Dondozo|slp\n|\n|-heal|p1a: Annihilape|41\/100|[from] item: Leftovers\n|upkeep\n|turn|57\n|\n|t:|1699670276\n|move|p1a: Annihilape|Drain Punch|p2a: Dondozo\n|-damage|p2a: Dondozo|76\/100 slp\n|-heal|p1a: Annihilape|46\/100|[from] drain|[of] p2a: Dondozo\n|-curestatus|p2a: Dondozo|slp|[msg]\n|move|p2a: Dondozo|Earthquake|p1a: Annihilape\n|-supereffective|p1a: Annihilape\n|-damage|p1a: Annihilape|0 fnt\n|faint|p1a: Annihilape\n|\n|upkeep\n|\n|t:|1699670288\n|switch|p1a: Beedrill|Beedrill, F|100\/100\n|turn|58\n|\n|t:|1699670301\n|detailschange|p1a: Beedrill|Beedrill-Mega, F\n|-mega|p1a: Beedrill|Beedrill|Beedrillite\n|move|p1a: Beedrill|Poison Jab|p2a: Dondozo\n|-damage|p2a: Dondozo|60\/100\n|-status|p2a: Dondozo|psn\n|move|p2a: Dondozo|Liquidation|p1a: Beedrill\n|-damage|p1a: Beedrill|0 fnt\n|faint|p1a: Beedrill\n|\n|win|Zanty-Chan\n|c|\u2606kazutoxo|nooooooo\n|c|\u2606kazutoxo|te mamaste annihilape\n|c|\u2606kazutoxo|era un critico y ganabamos\n|l|\u2606Zanty-Chan\n","uploadtime":1699670318,"views":11,"p1id":"kazutoxo","p2id":"zantychan","formatid":"gen9nationaldexubers","rating":0,"private":0,"password":""}