{"id":"gen9nationaldexubers-1982856375","p1":"Guj Genera","p2":"Pex hater","format":"[Gen 9] National Dex Ubers","log":"|j|\u2606Guj Genera\n|j|\u2606Pex hater\n|t:|1699051772\n|gametype|singles\n|player|p1|Guj Genera|101|\n|player|p2|Pex hater|cheryl|\n|teamsize|p1|6\n|teamsize|p2|6\n|gen|9\n|tier|[Gen 9] National Dex Ubers\n|rule|HP Percentage Mod: HP is shown in percentages\n|rule|Endless Battle Clause: Forcing endless battles is banned\n|rule|OHKO Clause: OHKO moves are banned\n|rule|Evasion Moves Clause: Evasion moves are banned\n|rule|Evasion Items Clause: Evasion items are banned\n|rule|Species Clause: Limit one of each Pok\u00e9mon\n|rule|Sleep Clause Mod: Limit one foe put to sleep\n|rule|Mega Rayquaza Clause: You cannot mega evolve Rayquaza\n|clearpoke\n|poke|p1|Zeraora|\n|poke|p1|Inteleon, F|\n|poke|p1|Kommo-o, F|\n|poke|p1|Kartana|\n|poke|p1|Landorus-Therian, M|\n|poke|p1|Cinderace, F|\n|poke|p2|Venusaur, F|\n|poke|p2|Toxapex, M|\n|poke|p2|Weezing-Galar, F|\n|poke|p2|Gengar, F|\n|poke|p2|Overqwil, F|\n|poke|p2|Slowking-Galar, M|\n|teampreview\n|inactive|Battle timer is ON: inactive players will automatically lose when time's up. (requested by Guj Genera)\n|c|\u2606Pex hater|gl\n|c|\u2606Guj Genera|thx u 2\n|inactive|Guj Genera has 270 seconds left.\n|\n|t:|1699051804\n|start\n|switch|p1a: Landorus|Landorus-Therian, M, shiny|100\/100\n|switch|p2a: Ebony Stem|Venusaur, F|100\/100\n|-ability|p1a: Landorus|Intimidate|boost\n|-unboost|p2a: Ebony Stem|atk|1\n|turn|1\n|\n|t:|1699051826\n|switch|p2a: Sunshower|Weezing-Galar, F|100\/100\n|move|p1a: Landorus|Stealth Rock|p2a: Sunshower\n|-sidestart|p2: Pex hater|move: Stealth Rock\n|\n|upkeep\n|turn|2\n|\n|t:|1699051831\n|move|p1a: Landorus|U-turn|p2a: Sunshower\n|-resisted|p2a: Sunshower\n|-damage|p2a: Sunshower|97\/100\n|\n|t:|1699051833\n|switch|p1a: Cinderace|Cinderace, F, shiny|100\/100|[from] U-turn\n|move|p2a: Sunshower|Defog|p1a: Cinderace\n|-unboost|p1a: Cinderace|evasion|1\n|-sideend|p2: Pex hater|Stealth Rock|[from] move: Defog|[of] p2a: Sunshower\n|\n|-heal|p2a: Sunshower|100\/100|[from] item: Black Sludge\n|upkeep\n|turn|3\n|\n|t:|1699051837\n|switch|p2a: Fluid Sac|Toxapex, M|100\/100\n|move|p1a: Cinderace|Pyro Ball|p2a: Fluid Sac\n|-resisted|p2a: Fluid Sac\n|-damage|p2a: Fluid Sac|74\/100\n|\n|upkeep\n|turn|4\n|\n|t:|1699051844\n|switch|p1a: Inteleon|Inteleon, F, shiny|100\/100\n|move|p2a: Fluid Sac|Toxic Spikes|p1a: Inteleon\n|-sidestart|p1: Guj Genera|move: Toxic Spikes\n|\n|upkeep\n|turn|5\n|\n|t:|1699051866\n|switch|p2a: Impending Day|Slowking-Galar, M|100\/100\n|move|p1a: Inteleon|Ice Beam|p2a: Impending Day\n|-damage|p2a: Impending Day|80\/100\n|\n|upkeep\n|turn|6\n|\n|t:|1699051869\n|switch|p1a: Kartana|Kartana, shiny|100\/100\n|move|p2a: Impending Day|Future Sight|p1a: Kartana\n|-start|p2a: Impending Day|move: Future Sight\n|\n|upkeep\n|turn|7\n|\n|t:|1699051873\n|switch|p2a: Roseate Desire|Overqwil, F|100\/100\n|-ability|p2a: Roseate Desire|Intimidate|boost\n|-unboost|p1a: Kartana|atk|1\n|move|p1a: Kartana|Knock Off|p2a: Roseate Desire\n|-resisted|p2a: Roseate Desire\n|-damage|p2a: Roseate Desire|90\/100\n|-enditem|p2a: Roseate Desire|Black Sludge|[from] move: Knock Off|[of] p1a: Kartana\n|\n|upkeep\n|turn|8\n|\n|t:|1699051879\n|switch|p1a: Landorus|Landorus-Therian, M, shiny|100\/100\n|-ability|p1a: Landorus|Intimidate|boost\n|-unboost|p2a: Roseate Desire|atk|1\n|move|p2a: Roseate Desire|Spikes|p1a: Landorus\n|-sidestart|p1: Guj Genera|Spikes\n|\n|-end|p1a: Landorus|move: Future Sight\n|-damage|p1a: Landorus|51\/100\n|upkeep\n|turn|9\n|\n|t:|1699051884\n|switch|p2a: Sunshower|Weezing-Galar, F|100\/100\n|move|p1a: Landorus|Stealth Rock|p2a: Sunshower\n|-sidestart|p2: Pex hater|move: Stealth Rock\n|\n|upkeep\n|turn|10\n|\n|t:|1699051890\n|move|p1a: Landorus|Stealth Rock||[still]\n|-fail|p1a: Landorus\n|move|p2a: Sunshower|Will-O-Wisp|p1a: Landorus|[miss]\n|-miss|p2a: Sunshower|p1a: Landorus\n|\n|upkeep\n|turn|11\n|\n|t:|1699051894\n|switch|p1a: Cinderace|Cinderace, F, shiny|100\/100\n|-status|p1a: Cinderace|psn\n|-damage|p1a: Cinderace|88\/100 psn|[from] Spikes\n|move|p2a: Sunshower|Strange Steam|p1a: Cinderace\n|-resisted|p1a: Cinderace\n|-damage|p1a: Cinderace|69\/100 psn\n|-start|p1a: Cinderace|confusion\n|\n|-damage|p1a: Cinderace|56\/100 psn|[from] psn\n|upkeep\n|turn|12\n|\n|t:|1699051902\n|-activate|p1a: Cinderace|confusion\n|-damage|p1a: Cinderace|37\/100 psn|[from] confusion\n|move|p2a: Sunshower|Defog|p1a: Cinderace\n|-unboost|p1a: Cinderace|evasion|1\n|-sideend|p1: Guj Genera|Spikes|[from] move: Defog|[of] p2a: Sunshower\n|-sideend|p1: Guj Genera|Toxic Spikes|[from] move: Defog|[of] p2a: Sunshower\n|-sideend|p2: Pex hater|Stealth Rock|[from] move: Defog|[of] p2a: Sunshower\n|\n|-damage|p1a: Cinderace|24\/100 psn|[from] psn\n|upkeep\n|turn|13\n|\n|t:|1699051909\n|switch|p2a: Fluid Sac|Toxapex, M|100\/100\n|-activate|p1a: Cinderace|confusion\n|move|p1a: Cinderace|Double-Edge|p2a: Fluid Sac\n|-start|p1a: Cinderace|typechange|Normal|[from] ability: Libero\n|-damage|p2a: Fluid Sac|46\/100\n|-damage|p1a: Cinderace|6\/100 psn|[from] Recoil\n|\n|-damage|p1a: Cinderace|0 fnt|[from] psn\n|faint|p1a: Cinderace\n|upkeep\n|\n|t:|1699051920\n|switch|p1a: Zeraora|Zeraora, shiny|100\/100\n|turn|14\n|\n|t:|1699051924\n|switch|p2a: Ebony Stem|Venusaur, F|100\/100\n|move|p1a: Zeraora|Plasma Fists|p2a: Ebony Stem\n|-resisted|p2a: Ebony Stem\n|-damage|p2a: Ebony Stem|83\/100\n|-fieldactivate|move: Ion Deluge\n|-hint|Normal-type moves become Electric-type after using Plasma Fists.\n|\n|upkeep\n|turn|15\n|\n|t:|1699051928\n|switch|p1a: Kartana|Kartana, shiny|100\/100\n|detailschange|p2a: Ebony Stem|Venusaur-Mega, F\n|-mega|p2a: Ebony Stem|Venusaur|Venusaurite\n|move|p2a: Ebony Stem|Sludge Bomb|p1a: Kartana\n|-immune|p1a: Kartana\n|\n|upkeep\n|turn|16\n|\n|t:|1699051932\n|switch|p2a: Roseate Desire|Overqwil, F|90\/100\n|-ability|p2a: Roseate Desire|Intimidate|boost\n|-unboost|p1a: Kartana|atk|1\n|move|p1a: Kartana|Sacred Sword|p2a: Roseate Desire\n|-damage|p2a: Roseate Desire|69\/100\n|\n|upkeep\n|turn|17\n|\n|t:|1699051942\n|switch|p1a: Landorus|Landorus-Therian, M, shiny|51\/100\n|-ability|p1a: Landorus|Intimidate|boost\n|-unboost|p2a: Roseate Desire|atk|1\n|switch|p2a: Fluid Sac|Toxapex, M|79\/100\n|\n|upkeep\n|turn|18\n|\n|t:|1699051947\n|switch|p2a: Sunshower|Weezing-Galar, F|100\/100\n|move|p1a: Landorus|Stealth Rock|p2a: Sunshower\n|-sidestart|p2: Pex hater|move: Stealth Rock\n|\n|upkeep\n|turn|19\n|\n|t:|1699051952\n|move|p1a: Landorus|Earthquake|p2a: Sunshower\n|-immune|p2a: Sunshower|[from] ability: Levitate\n|move|p2a: Sunshower|Defog|p1a: Landorus\n|-unboost|p1a: Landorus|evasion|1\n|-sideend|p2: Pex hater|Stealth Rock|[from] move: Defog|[of] p2a: Sunshower\n|\n|upkeep\n|turn|20\n|\n|t:|1699051954\n|move|p1a: Landorus|U-turn|p2a: Sunshower\n|-resisted|p2a: Sunshower\n|-damage|p2a: Sunshower|97\/100\n|\n|t:|1699051958\n|switch|p1a: Inteleon|Inteleon, F, shiny|100\/100|[from] U-turn\n|move|p2a: Sunshower|Will-O-Wisp|p1a: Inteleon\n|-status|p1a: Inteleon|brn\n|\n|-heal|p2a: Sunshower|100\/100|[from] item: Black Sludge\n|-damage|p1a: Inteleon|94\/100 brn|[from] brn\n|upkeep\n|turn|21\n|\n|t:|1699051968\n|switch|p2a: Fluid Sac|Toxapex, M|100\/100\n|move|p1a: Inteleon|Dark Pulse|p2a: Fluid Sac\n|-damage|p2a: Fluid Sac|69\/100\n|\n|-damage|p1a: Inteleon|88\/100 brn|[from] brn\n|upkeep\n|turn|22\n|\n|t:|1699051973\n|move|p1a: Inteleon|Dark Pulse|p2a: Fluid Sac\n|-damage|p2a: Fluid Sac|37\/100\n|move|p2a: Fluid Sac|Recover|p2a: Fluid Sac\n|-heal|p2a: Fluid Sac|87\/100\n|\n|-damage|p1a: Inteleon|82\/100 brn|[from] brn\n|upkeep\n|turn|23\n|\n|t:|1699051980\n|move|p1a: Inteleon|Dark Pulse|p2a: Fluid Sac\n|-damage|p2a: Fluid Sac|52\/100\n|move|p2a: Fluid Sac|Recover|p2a: Fluid Sac\n|-heal|p2a: Fluid Sac|100\/100\n|\n|-damage|p1a: Inteleon|76\/100 brn|[from] brn\n|upkeep\n|turn|24\n|\n|t:|1699052002\n|move|p1a: Inteleon|Dark Pulse|p2a: Fluid Sac\n|-damage|p2a: Fluid Sac|69\/100\n|move|p2a: Fluid Sac|Scald|p1a: Inteleon\n|-resisted|p1a: Inteleon\n|-damage|p1a: Inteleon|62\/100 brn\n|\n|-damage|p1a: Inteleon|56\/100 brn|[from] brn\n|upkeep\n|turn|25\n|\n|t:|1699052016\n|move|p1a: Inteleon|Dark Pulse|p2a: Fluid Sac\n|-damage|p2a: Fluid Sac|37\/100\n|move|p2a: Fluid Sac|Recover|p2a: Fluid Sac\n|-heal|p2a: Fluid Sac|88\/100\n|\n|-damage|p1a: Inteleon|50\/100 brn|[from] brn\n|upkeep\n|turn|26\n|\n|t:|1699052021\n|move|p1a: Inteleon|Dark Pulse|p2a: Fluid Sac\n|-damage|p2a: Fluid Sac|51\/100\n|move|p2a: Fluid Sac|Recover|p2a: Fluid Sac\n|-heal|p2a: Fluid Sac|100\/100\n|\n|-damage|p1a: Inteleon|44\/100 brn|[from] brn\n|upkeep\n|turn|27\n|\n|t:|1699052033\n|move|p1a: Inteleon|Dark Pulse|p2a: Fluid Sac\n|-damage|p2a: Fluid Sac|67\/100\n|move|p2a: Fluid Sac|Scald|p1a: Inteleon\n|-resisted|p1a: Inteleon\n|-damage|p1a: Inteleon|29\/100 brn\n|\n|-damage|p1a: Inteleon|23\/100 brn|[from] brn\n|upkeep\n|turn|28\n|\n|t:|1699052038\n|move|p1a: Inteleon|Dark Pulse|p2a: Fluid Sac\n|-crit|p2a: Fluid Sac\n|-damage|p2a: Fluid Sac|0 fnt\n|faint|p2a: Fluid Sac\n|\n|-damage|p1a: Inteleon|17\/100 brn|[from] brn\n|upkeep\n|c|\u2606Guj Genera|Finally\n|\n|t:|1699052045\n|switch|p2a: Roseate Desire|Overqwil, F|69\/100\n|-ability|p2a: Roseate Desire|Intimidate|boost\n|-unboost|p1a: Inteleon|atk|1\n|turn|29\n|\n|t:|1699052048\n|move|p1a: Inteleon|Dark Pulse|p2a: Roseate Desire\n|-resisted|p2a: Roseate Desire\n|-damage|p2a: Roseate Desire|45\/100\n|move|p2a: Roseate Desire|Spikes|p1a: Inteleon\n|-sidestart|p1: Guj Genera|Spikes\n|\n|-damage|p1a: Inteleon|10\/100 brn|[from] brn\n|upkeep\n|turn|30\n|\n|t:|1699052052\n|move|p1a: Inteleon|Dark Pulse|p2a: Roseate Desire\n|-resisted|p2a: Roseate Desire\n|-damage|p2a: Roseate Desire|19\/100\n|move|p2a: Roseate Desire|Crunch|p1a: Inteleon\n|-damage|p1a: Inteleon|0 fnt\n|faint|p1a: Inteleon\n|\n|upkeep\n|\n|t:|1699052066\n|switch|p1a: Zeraora|Zeraora, shiny|100\/100\n|-damage|p1a: Zeraora|88\/100|[from] Spikes\n|turn|31\n|\n|t:|1699052070\n|switch|p2a: Ebony Stem|Venusaur-Mega, F|83\/100\n|move|p1a: Zeraora|Plasma Fists|p2a: Ebony Stem\n|-resisted|p2a: Ebony Stem\n|-damage|p2a: Ebony Stem|67\/100\n|-fieldactivate|move: Ion Deluge\n|-hint|Normal-type moves become Electric-type after using Plasma Fists.\n|\n|upkeep\n|turn|32\n|\n|t:|1699052076\n|switch|p1a: Kartana|Kartana, shiny|100\/100\n|-damage|p1a: Kartana|88\/100|[from] Spikes\n|move|p2a: Ebony Stem|Giga Drain|p1a: Kartana\n|-resisted|p1a: Kartana\n|-damage|p1a: Kartana|65\/100\n|-heal|p2a: Ebony Stem|75\/100|[from] drain|[of] p1a: Kartana\n|\n|upkeep\n|turn|33\n|\n|t:|1699052084\n|move|p1a: Kartana|Sacred Sword|p2a: Ebony Stem\n|-resisted|p2a: Ebony Stem\n|-damage|p2a: Ebony Stem|63\/100\n|move|p2a: Ebony Stem|Synthesis|p2a: Ebony Stem\n|-heal|p2a: Ebony Stem|100\/100\n|\n|upkeep\n|turn|34\n|\n|t:|1699052088\n|switch|p1a: Landorus|Landorus-Therian, M, shiny|51\/100\n|-ability|p1a: Landorus|Intimidate|boost\n|-unboost|p2a: Ebony Stem|atk|1\n|move|p2a: Ebony Stem|Giga Drain|p1a: Landorus\n|-damage|p1a: Landorus|18\/100\n|\n|upkeep\n|turn|35\n|\n|t:|1699052090\n|move|p1a: Landorus|Stealth Rock|p2a: Ebony Stem\n|-sidestart|p2: Pex hater|move: Stealth Rock\n|move|p2a: Ebony Stem|Giga Drain|p1a: Landorus\n|-damage|p1a: Landorus|0 fnt\n|faint|p1a: Landorus\n|\n|upkeep\n|\n|t:|1699052095\n|switch|p1a: Kartana|Kartana, shiny|65\/100\n|-damage|p1a: Kartana|53\/100|[from] Spikes\n|turn|36\n|\n|t:|1699052098\n|move|p1a: Kartana|Psycho Cut|p2a: Ebony Stem\n|-supereffective|p2a: Ebony Stem\n|-damage|p2a: Ebony Stem|62\/100\n|move|p2a: Ebony Stem|Synthesis|p2a: Ebony Stem\n|-heal|p2a: Ebony Stem|100\/100\n|\n|upkeep\n|turn|37\n|\n|t:|1699052105\n|move|p1a: Kartana|Psycho Cut|p2a: Ebony Stem\n|-supereffective|p2a: Ebony Stem\n|-damage|p2a: Ebony Stem|64\/100\n|move|p2a: Ebony Stem|Giga Drain|p1a: Kartana\n|-resisted|p1a: Kartana\n|-damage|p1a: Kartana|30\/100\n|-heal|p2a: Ebony Stem|72\/100|[from] drain|[of] p1a: Kartana\n|\n|upkeep\n|turn|38\n|\n|t:|1699052108\n|move|p1a: Kartana|Psycho Cut|p2a: Ebony Stem\n|-supereffective|p2a: Ebony Stem\n|-damage|p2a: Ebony Stem|37\/100\n|move|p2a: Ebony Stem|Synthesis|p2a: Ebony Stem\n|-heal|p2a: Ebony Stem|86\/100\n|\n|upkeep\n|turn|39\n|\n|t:|1699052111\n|move|p1a: Kartana|Psycho Cut|p2a: Ebony Stem\n|-supereffective|p2a: Ebony Stem\n|-damage|p2a: Ebony Stem|49\/100\n|move|p2a: Ebony Stem|Giga Drain|p1a: Kartana\n|-resisted|p1a: Kartana\n|-damage|p1a: Kartana|5\/100\n|-heal|p2a: Ebony Stem|58\/100|[from] drain|[of] p1a: Kartana\n|\n|upkeep\n|turn|40\n|\n|t:|1699052113\n|move|p1a: Kartana|Psycho Cut|p2a: Ebony Stem\n|-supereffective|p2a: Ebony Stem\n|-crit|p2a: Ebony Stem\n|-damage|p2a: Ebony Stem|4\/100\n|move|p2a: Ebony Stem|Synthesis|p2a: Ebony Stem\n|-heal|p2a: Ebony Stem|54\/100\n|\n|upkeep\n|turn|41\n|\n|t:|1699052115\n|move|p1a: Kartana|Psycho Cut|p2a: Ebony Stem\n|-supereffective|p2a: Ebony Stem\n|-damage|p2a: Ebony Stem|15\/100\n|move|p2a: Ebony Stem|Synthesis|p2a: Ebony Stem\n|-heal|p2a: Ebony Stem|64\/100\n|\n|upkeep\n|turn|42\n|\n|t:|1699052118\n|move|p1a: Kartana|Psycho Cut|p2a: Ebony Stem\n|-supereffective|p2a: Ebony Stem\n|-damage|p2a: Ebony Stem|28\/100\n|move|p2a: Ebony Stem|Synthesis|p2a: Ebony Stem\n|-heal|p2a: Ebony Stem|78\/100\n|\n|upkeep\n|turn|43\n|\n|t:|1699052121\n|switch|p2a: Roseate Desire|Overqwil, F|19\/100\n|-damage|p2a: Roseate Desire|7\/100|[from] Stealth Rock\n|-ability|p2a: Roseate Desire|Intimidate|boost\n|-unboost|p1a: Kartana|atk|1\n|move|p1a: Kartana|Psycho Cut|p2a: Roseate Desire\n|-immune|p2a: Roseate Desire\n|\n|upkeep\n|turn|44\n|\n|t:|1699052125\n|switch|p1a: Zeraora|Zeraora, shiny|88\/100\n|-damage|p1a: Zeraora|76\/100|[from] Spikes\n|move|p2a: Roseate Desire|Spikes|p1a: Zeraora\n|-sidestart|p1: Guj Genera|Spikes\n|\n|upkeep\n|turn|45\n|\n|t:|1699052128\n|switch|p2a: Ebony Stem|Venusaur-Mega, F|78\/100\n|-damage|p2a: Ebony Stem|66\/100|[from] Stealth Rock\n|move|p1a: Zeraora|Plasma Fists|p2a: Ebony Stem\n|-resisted|p2a: Ebony Stem\n|-damage|p2a: Ebony Stem|51\/100\n|-fieldactivate|move: Ion Deluge\n|-hint|Normal-type moves become Electric-type after using Plasma Fists.\n|\n|upkeep\n|turn|46\n|inactive|Guj Genera has 270 seconds left.\n|\n|t:|1699052158\n|move|p1a: Zeraora|Plasma Fists|p2a: Ebony Stem\n|-resisted|p2a: Ebony Stem\n|-damage|p2a: Ebony Stem|36\/100\n|-fieldactivate|move: Ion Deluge\n|-hint|Normal-type moves become Electric-type after using Plasma Fists.\n|move|p2a: Ebony Stem|Synthesis|p2a: Ebony Stem\n|-heal|p2a: Ebony Stem|86\/100\n|\n|upkeep\n|turn|47\n|\n|t:|1699052163\n|move|p1a: Zeraora|Plasma Fists|p2a: Ebony Stem\n|-resisted|p2a: Ebony Stem\n|-damage|p2a: Ebony Stem|70\/100\n|-fieldactivate|move: Ion Deluge\n|-hint|Normal-type moves become Electric-type after using Plasma Fists.\n|move|p2a: Ebony Stem|Giga Drain|p1a: Zeraora\n|-damage|p1a: Zeraora|35\/100\n|-heal|p2a: Ebony Stem|88\/100|[from] drain|[of] p1a: Zeraora\n|\n|upkeep\n|turn|48\n|\n|t:|1699052166\n|move|p1a: Zeraora|Plasma Fists|p2a: Ebony Stem\n|-resisted|p2a: Ebony Stem\n|-damage|p2a: Ebony Stem|73\/100\n|-fieldactivate|move: Ion Deluge\n|-hint|Normal-type moves become Electric-type after using Plasma Fists.\n|move|p2a: Ebony Stem|Giga Drain|p1a: Zeraora\n|-damage|p1a: Zeraora|0 fnt\n|-heal|p2a: Ebony Stem|88\/100|[from] drain|[of] p1a: Zeraora\n|faint|p1a: Zeraora\n|\n|upkeep\n|\n|t:|1699052170\n|switch|p1a: Kartana|Kartana, shiny|5\/100\n|-damage|p1a: Kartana|0 fnt|[from] Spikes\n|faint|p1a: Kartana\n|\n|t:|1699052172\n|switch|p1a: Kommo-o|Kommo-o, F, shiny|100\/100\n|-damage|p1a: Kommo-o|84\/100|[from] Spikes\n|turn|49\n|\n|t:|1699052176\n|switch|p2a: Sunshower|Weezing-Galar, F|100\/100\n|-damage|p2a: Sunshower|88\/100|[from] Stealth Rock\n|-zpower|p1a: Kommo-o\n|move|p1a: Kommo-o|Clangorous Soulblaze|p2a: Sunshower|[zeffect]\n|-immune|p2a: Sunshower\n|\n|-heal|p2a: Sunshower|94\/100|[from] item: Black Sludge\n|upkeep\n|turn|50\n|\n|t:|1699052180\n|move|p1a: Kommo-o|Close Combat|p2a: Sunshower\n|-resisted|p2a: Sunshower\n|-damage|p2a: Sunshower|84\/100\n|-unboost|p1a: Kommo-o|def|1\n|-unboost|p1a: Kommo-o|spd|1\n|move|p2a: Sunshower|Strange Steam|p1a: Kommo-o\n|-supereffective|p1a: Kommo-o\n|-damage|p1a: Kommo-o|0 fnt\n|faint|p1a: Kommo-o\n|\n|win|Pex hater\n|c|\u2606Pex hater|gg\n|c|\u2606Guj Genera|ggwp\n","uploadtime":1699052222,"views":21,"p1id":"gujgenera","p2id":"pexhater","formatid":"gen9nationaldexubers","rating":0,"private":0,"password":""}