{"id":"gen9nationaldexubers-1988662933","p1":"ATL Talonflames","p2":"VancouverKyogres08","format":"[Gen 9] National Dex Ubers","log":"|j|\u2606ATL Talonflames\n|j|\u2606VancouverKyogres08\n|t:|1699747737\n|gametype|singles\n|player|p1|ATL Talonflames|ethan|\n|player|p2|VancouverKyogres08|n|\n|teamsize|p1|6\n|teamsize|p2|6\n|gen|9\n|tier|[Gen 9] National Dex Ubers\n|rule|HP Percentage Mod: HP is shown in percentages\n|rule|Endless Battle Clause: Forcing endless battles is banned\n|rule|OHKO Clause: OHKO moves are banned\n|rule|Evasion Moves Clause: Evasion moves are banned\n|rule|Evasion Items Clause: Evasion items are banned\n|rule|Species Clause: Limit one of each Pok\u00e9mon\n|rule|Sleep Clause Mod: Limit one foe put to sleep\n|rule|Mega Rayquaza Clause: You cannot mega evolve Rayquaza\n|clearpoke\n|poke|p1|Groudon|\n|poke|p1|Basculegion, M|\n|poke|p1|Orthworm, F|\n|poke|p1|Dugtrio, M|\n|poke|p1|Rayquaza|\n|poke|p1|Arceus|\n|poke|p2|Incineroar, M|\n|poke|p2|Mewtwo|\n|poke|p2|Kyurem-Black|\n|poke|p2|Slowking-Galar, M|\n|poke|p2|Tapu Fini|\n|poke|p2|Thundurus, M|\n|teampreview\n|c|\u2606VancouverKyogres08|hf dude\n|\n|t:|1699747811\n|start\n|switch|p1a: Dugtrio|Dugtrio, M|100\/100\n|switch|p2a: Tapu Fini|Tapu Fini|100\/100\n|-fieldstart|move: Misty Terrain|[from] ability: Misty Surge|[of] p2a: Tapu Fini\n|turn|1\n|\n|t:|1699747819\n|move|p1a: Dugtrio|Stealth Rock|p2a: Tapu Fini\n|-sidestart|p2: VancouverKyogres08|move: Stealth Rock\n|move|p2a: Tapu Fini|Calm Mind|p2a: Tapu Fini\n|-boost|p2a: Tapu Fini|spa|1\n|-boost|p2a: Tapu Fini|spd|1\n|\n|upkeep\n|turn|2\n|\n|t:|1699747831\n|move|p1a: Dugtrio|Memento|p2a: Tapu Fini\n|-unboost|p2a: Tapu Fini|atk|2\n|-unboost|p2a: Tapu Fini|spa|2\n|faint|p1a: Dugtrio\n|move|p2a: Tapu Fini|Grass Knot|p1: Dugtrio|[notarget]\n|-fail|p2a: Tapu Fini\n|\n|upkeep\n|\n|t:|1699747846\n|switch|p1a: Orthworm|Orthworm, F|100\/100\n|turn|3\n|\n|t:|1699747862\n|move|p2a: Tapu Fini|Defog|p1a: Orthworm\n|-unboost|p1a: Orthworm|evasion|1\n|-sideend|p2: VancouverKyogres08|Stealth Rock|[from] move: Defog|[of] p2a: Tapu Fini\n|-fieldend|Misty Terrain\n|move|p1a: Orthworm|Shed Tail|p1a: Orthworm\n|-start|p1a: Orthworm|Substitute|[from] move: Shed Tail\n|-damage|p1a: Orthworm|50\/100\n|-enditem|p1a: Orthworm|Sitrus Berry|[eat]\n|-heal|p1a: Orthworm|75\/100|[from] item: Sitrus Berry\n|\n|t:|1699747867\n|switch|p1a: Groudon|Groudon, shiny|100\/100|[from] Shed Tail\n|detailschange|p1a: Groudon|Groudon-Primal, shiny\n|-primal|p1a: Groudon|Red Orb\n|-weather|DesolateLand|[from] ability: Desolate Land|[of] p1a: Groudon\n|\n|-weather|DesolateLand|[upkeep]\n|upkeep\n|turn|4\n|\n|t:|1699747877\n|move|p1a: Groudon|Rock Polish|p1a: Groudon\n|-boost|p1a: Groudon|spe|2\n|move|p2a: Tapu Fini|Calm Mind|p2a: Tapu Fini\n|-boost|p2a: Tapu Fini|spa|1\n|-boost|p2a: Tapu Fini|spd|1\n|\n|-weather|DesolateLand|[upkeep]\n|upkeep\n|turn|5\n|\n|t:|1699747883\n|move|p1a: Groudon|Swords Dance|p1a: Groudon\n|-boost|p1a: Groudon|atk|2\n|move|p2a: Tapu Fini|Grass Knot|p1a: Groudon\n|-end|p1a: Groudon|Substitute\n|-damage|p2a: Tapu Fini|91\/100|[from] item: Life Orb\n|\n|-weather|DesolateLand|[upkeep]\n|upkeep\n|turn|6\n|\n|t:|1699747891\n|move|p1a: Groudon|Earthquake|p2a: Tapu Fini\n|-damage|p2a: Tapu Fini|0 fnt\n|faint|p2a: Tapu Fini\n|\n|-weather|DesolateLand|[upkeep]\n|upkeep\n|\n|t:|1699747901\n|switch|p2a: Incineroar|Incineroar, M|100\/100\n|-ability|p2a: Incineroar|Intimidate|boost\n|-unboost|p1a: Groudon|atk|1\n|turn|7\n|\n|t:|1699747907\n|switch|p2a: Thundurus|Thundurus, M|100\/100\n|move|p1a: Groudon|Swords Dance|p1a: Groudon\n|-boost|p1a: Groudon|atk|2\n|\n|-weather|DesolateLand|[upkeep]\n|upkeep\n|turn|8\n|\n|t:|1699747917\n|-terastallize|p2a: Thundurus|Grass\n|move|p2a: Thundurus|Grass Knot|p1a: Groudon\n|-damage|p1a: Groudon|41\/100\n|move|p1a: Groudon|Stone Edge|p2a: Thundurus\n|-damage|p2a: Thundurus|0 fnt\n|faint|p2a: Thundurus\n|\n|-weather|DesolateLand|[upkeep]\n|upkeep\n|\n|t:|1699747928\n|switch|p2a: Incineroar|Incineroar, M|100\/100\n|-ability|p2a: Incineroar|Intimidate|boost\n|-unboost|p1a: Groudon|atk|1\n|turn|9\n|\n|t:|1699747942\n|move|p1a: Groudon|Earthquake|p2a: Incineroar\n|-supereffective|p2a: Incineroar\n|-damage|p2a: Incineroar|0 fnt\n|faint|p2a: Incineroar\n|\n|-weather|DesolateLand|[upkeep]\n|upkeep\n|\n|t:|1699747946\n|switch|p2a: Slowking|Slowking-Galar, M|100\/100\n|turn|10\n|\n|t:|1699747949\n|move|p1a: Groudon|Earthquake|p2a: Slowking\n|-supereffective|p2a: Slowking\n|-damage|p2a: Slowking|0 fnt\n|faint|p2a: Slowking\n|\n|-weather|DesolateLand|[upkeep]\n|upkeep\n|\n|t:|1699747953\n|switch|p2a: Kyurem|Kyurem-Black, shiny|100\/100\n|-ability|p2a: Kyurem|Teravolt\n|turn|11\n|\n|t:|1699747959\n|move|p1a: Groudon|Earthquake|p2a: Kyurem\n|-damage|p2a: Kyurem|0 fnt\n|faint|p2a: Kyurem\n|\n|-weather|DesolateLand|[upkeep]\n|upkeep\n|-message|VancouverKyogres08 forfeited.\n|\n|win|ATL Talonflames\n|l|\u2606VancouverKyogres08\n","uploadtime":1699747971,"views":49,"p1id":"atltalonflames","p2id":"vancouverkyogres08","formatid":"gen9nationaldexubers","rating":0,"private":0,"password":""}