{"id":"gen9nationaldexubers-1979608239","p1":"Bug Maniac Swaggy","p2":"Snapteryx","format":"[Gen 9] National Dex Ubers","log":"|j|\u2606Bug Maniac Swaggy\n|j|\u2606Snapteryx\n|t:|1698696294\n|gametype|singles\n|player|p1|Bug Maniac Swaggy|whitney|\n|player|p2|Snapteryx|allister|\n|teamsize|p1|6\n|teamsize|p2|6\n|gen|9\n|tier|[Gen 9] National Dex Ubers\n|rule|HP Percentage Mod: HP is shown in percentages\n|rule|Endless Battle Clause: Forcing endless battles is banned\n|rule|OHKO Clause: OHKO moves are banned\n|rule|Evasion Moves Clause: Evasion moves are banned\n|rule|Evasion Items Clause: Evasion items are banned\n|rule|Species Clause: Limit one of each Pok\u00e9mon\n|rule|Sleep Clause Mod: Limit one foe put to sleep\n|rule|Mega Rayquaza Clause: You cannot mega evolve Rayquaza\n|clearpoke\n|poke|p1|Garganacl, F|\n|poke|p1|Aegislash, F|\n|poke|p1|Skeledirge, F|\n|poke|p1|Greninja-*, M|\n|poke|p1|Venusaur, F|\n|poke|p1|Great Tusk|\n|poke|p2|Gliscor, M|\n|poke|p2|Corviknight, F|\n|poke|p2|Mantine, F|\n|poke|p2|Landorus, M|\n|poke|p2|Charizard, F|\n|poke|p2|Zapdos-Galar|\n|teampreview\n|c|\u2606Bug Maniac Swaggy|glhf\n|c|\u2606Bug Maniac Swaggy|fairy garg\n|\n|t:|1698696349\n|start\n|switch|p1a: The Curdled|Garganacl, F|100\/100\n|switch|p2a: Charizard|Charizard, F|100\/100\n|turn|1\n|j| El Zappo\n|\n|t:|1698696363\n|switch|p2a: Snippy Boi|Gliscor, M, shiny|100\/100\n|move|p1a: The Curdled|Salt Cure|p2a: Snippy Boi\n|-damage|p2a: Snippy Boi|92\/100\n|-start|p2a: Snippy Boi|Salt Cure\n|\n|-damage|p2a: Snippy Boi|79\/100|[from] Salt Cure\n|-status|p2a: Snippy Boi|tox|[from] item: Toxic Orb\n|upkeep\n|turn|2\n|\n|t:|1698696375\n|switch|p1a: The Dauntless|Venusaur, F|100\/100\n|move|p2a: Snippy Boi|Stealth Rock|p1a: The Dauntless\n|-sidestart|p1: Bug Maniac Swaggy|move: Stealth Rock\n|\n|-heal|p2a: Snippy Boi|92\/100 tox|[from] ability: Poison Heal\n|-damage|p2a: Snippy Boi|79\/100 tox|[from] Salt Cure\n|upkeep\n|turn|3\n|\n|t:|1698696403\n|detailschange|p1a: The Dauntless|Venusaur-Mega, F\n|-mega|p1a: The Dauntless|Venusaur|Venusaurite\n|move|p2a: Snippy Boi|U-turn|p1a: The Dauntless\n|-damage|p1a: The Dauntless|91\/100\n|\n|t:|1698696415\n|switch|p2a: Delta Airlines|Corviknight, F, shiny|100\/100|[from] U-turn\n|-ability|p2a: Delta Airlines|Pressure\n|move|p1a: The Dauntless|Leech Seed|p2a: Delta Airlines\n|-start|p2a: Delta Airlines|move: Leech Seed\n|\n|-damage|p2a: Delta Airlines|88\/100|[from] Leech Seed|[of] p1a: The Dauntless\n|-heal|p1a: The Dauntless|100\/100|[silent]\n|upkeep\n|turn|4\n|\n|t:|1698696484\n|move|p1a: The Dauntless|Leech Seed||[still]\n|-fail|p1a: The Dauntless\n|move|p2a: Delta Airlines|U-turn|p1a: The Dauntless\n|-damage|p1a: The Dauntless|91\/100\n|\n|t:|1698696519\n|switch|p2a: Charizard|Charizard, F|100\/100|[from] U-turn\n|\n|upkeep\n|turn|5\n|\n|t:|1698696559\n|detailschange|p2a: Charizard|Charizard-Mega-Y, F\n|-mega|p2a: Charizard|Charizard|Charizardite Y\n|-weather|SunnyDay|[from] ability: Drought|[of] p2a: Charizard\n|move|p2a: Charizard|Solar Beam||[still]\n|-prepare|p2a: Charizard|Solar Beam\n|-anim|p2a: Charizard|Solar Beam|p1a: The Dauntless\n|-resisted|p1a: The Dauntless\n|-damage|p1a: The Dauntless|82\/100\n|move|p1a: The Dauntless|Leech Seed|p2a: Charizard\n|-start|p2a: Charizard|move: Leech Seed\n|\n|-weather|SunnyDay|[upkeep]\n|-damage|p2a: Charizard|88\/100|[from] Leech Seed|[of] p1a: The Dauntless\n|-heal|p1a: The Dauntless|93\/100|[silent]\n|upkeep\n|turn|6\n|\n|t:|1698696568\n|switch|p1a: The Curdled|Garganacl, F|100\/100\n|-damage|p1a: The Curdled|88\/100|[from] Stealth Rock\n|move|p2a: Charizard|Air Slash|p1a: The Curdled\n|-resisted|p1a: The Curdled\n|-damage|p1a: The Curdled|73\/100\n|\n|-weather|SunnyDay|[upkeep]\n|-heal|p1a: The Curdled|79\/100|[from] item: Leftovers\n|-damage|p2a: Charizard|76\/100|[from] Leech Seed|[of] p1a: The Curdled\n|-heal|p1a: The Curdled|88\/100|[silent]\n|upkeep\n|turn|7\n|\n|t:|1698696602\n|switch|p2a: Snippy Boi|Gliscor, M, shiny|79\/100 tox\n|move|p1a: The Curdled|Salt Cure|p2a: Snippy Boi\n|-damage|p2a: Snippy Boi|70\/100 tox\n|-start|p2a: Snippy Boi|Salt Cure\n|\n|-weather|SunnyDay|[upkeep]\n|-heal|p1a: The Curdled|94\/100|[from] item: Leftovers\n|-heal|p2a: Snippy Boi|82\/100 tox|[from] ability: Poison Heal\n|-damage|p2a: Snippy Boi|70\/100 tox|[from] Salt Cure\n|upkeep\n|turn|8\n|\n|t:|1698696622\n|move|p2a: Snippy Boi|Earthquake|p1a: The Curdled\n|-supereffective|p1a: The Curdled\n|-damage|p1a: The Curdled|48\/100\n|move|p1a: The Curdled|Salt Cure|p2a: Snippy Boi\n|-damage|p2a: Snippy Boi|61\/100 tox\n|\n|-weather|SunnyDay|[upkeep]\n|-heal|p1a: The Curdled|54\/100|[from] item: Leftovers\n|-heal|p2a: Snippy Boi|73\/100 tox|[from] ability: Poison Heal\n|-damage|p2a: Snippy Boi|61\/100 tox|[from] Salt Cure\n|upkeep\n|turn|9\n|\n|t:|1698696645\n|move|p2a: Snippy Boi|U-turn|p1a: The Curdled\n|-damage|p1a: The Curdled|43\/100\n|\n|t:|1698696647\n|switch|p2a: L*ndorus|Landorus, M|100\/100|[from] U-turn\n|move|p1a: The Curdled|Recover|p1a: The Curdled\n|-heal|p1a: The Curdled|93\/100\n|\n|-weather|none\n|-heal|p1a: The Curdled|99\/100|[from] item: Leftovers\n|upkeep\n|turn|10\n|\n|t:|1698696687\n|-terastallize|p2a: L*ndorus|Ground\n|move|p1a: The Curdled|Protect|p1a: The Curdled\n|-singleturn|p1a: The Curdled|Protect\n|move|p2a: L*ndorus|Earth Power|p1a: The Curdled\n|-activate|p1a: The Curdled|move: Protect\n|\n|-heal|p1a: The Curdled|100\/100|[from] item: Leftovers\n|upkeep\n|turn|11\n|\n|t:|1698696718\n|switch|p1a: The Benighted|Skeledirge, F|100\/100\n|-damage|p1a: The Benighted|75\/100|[from] Stealth Rock\n|-item|p1a: The Benighted|Air Balloon\n|move|p2a: L*ndorus|Earth Power|p1a: The Benighted\n|-immune|p1a: The Benighted\n|\n|upkeep\n|turn|12\n|c|\u2606Snapteryx|I forgot you ran air balloon on this\n|c|\u2606Bug Maniac Swaggy|yeh its for wafflez\n|\n|t:|1698696784\n|switch|p1a: The Capricious|Greninja, M|100\/100\n|-damage|p1a: The Capricious|88\/100|[from] Stealth Rock\n|move|p2a: L*ndorus|U-turn|p1a: The Capricious\n|-supereffective|p1a: The Capricious\n|-damage|p1a: The Capricious|19\/100\n|-damage|p2a: L*ndorus|91\/100|[from] item: Life Orb\n|\n|t:|1698696804\n|switch|p2a: Delta Airlines|Corviknight, F, shiny|88\/100|[from] U-turn\n|-ability|p2a: Delta Airlines|Pressure\n|\n|-heal|p2a: Delta Airlines|94\/100|[from] item: Leftovers\n|upkeep\n|turn|13\n|c|\u2606Snapteryx|Set up spikes\n|c|\u2606Snapteryx|It'll chip the lando\n|c|\u2606Bug Maniac Swaggy|youre so right\n|\n|t:|1698696842\n|move|p1a: The Capricious|U-turn|p2a: Delta Airlines\n|-start|p1a: The Capricious|typechange|Bug|[from] ability: Protean\n|-resisted|p2a: Delta Airlines\n|-damage|p2a: Delta Airlines|90\/100\n|\n|t:|1698696865\n|switch|p1a: The Savage|Great Tusk|100\/100|[from] U-turn\n|-damage|p1a: The Savage|98\/100|[from] Stealth Rock\n|move|p2a: Delta Airlines|U-turn|p1a: The Savage\n|-resisted|p1a: The Savage\n|-damage|p1a: The Savage|94\/100\n|\n|t:|1698696902\n|switch|p2a: L*ndorus|Landorus, M, tera:Ground|91\/100|[from] U-turn\n|\n|-heal|p1a: The Savage|99\/100|[from] item: Leftovers\n|upkeep\n|turn|14\n|\n|t:|1698696952\n|move|p2a: L*ndorus|Earth Power|p1a: The Savage\n|-damage|p1a: The Savage|0 fnt\n|faint|p1a: The Savage\n|-end|p1a: The Savage|Protosynthesis|[silent]\n|\n|upkeep\n|\n|t:|1698696966\n|switch|p1a: The Dauntless|Venusaur-Mega, F|93\/100\n|-damage|p1a: The Dauntless|80\/100|[from] Stealth Rock\n|turn|15\n|\n|t:|1698697000\n|switch|p2a: Delta Airlines|Corviknight, F, shiny|90\/100\n|-ability|p2a: Delta Airlines|Pressure\n|move|p1a: The Dauntless|Giga Drain|p2a: Delta Airlines\n|-resisted|p2a: Delta Airlines\n|-damage|p2a: Delta Airlines|85\/100\n|-heal|p1a: The Dauntless|83\/100|[from] drain|[of] p2a: Delta Airlines\n|\n|-heal|p2a: Delta Airlines|91\/100|[from] item: Leftovers\n|upkeep\n|turn|16\n|\n|t:|1698697023\n|move|p1a: The Dauntless|Synthesis|p1a: The Dauntless\n|-heal|p1a: The Dauntless|100\/100\n|move|p2a: Delta Airlines|U-turn|p1a: The Dauntless\n|-damage|p1a: The Dauntless|91\/100\n|\n|t:|1698697059\n|switch|p2a: Charizard|Charizard-Mega-Y, F|76\/100|[from] U-turn\n|-weather|SunnyDay|[from] ability: Drought|[of] p2a: Charizard\n|\n|-weather|SunnyDay|[upkeep]\n|upkeep\n|turn|17\n|\n|t:|1698697101\n|move|p2a: Charizard|Solar Beam||[still]\n|-prepare|p2a: Charizard|Solar Beam\n|-anim|p2a: Charizard|Solar Beam|p1a: The Dauntless\n|-resisted|p1a: The Dauntless\n|-damage|p1a: The Dauntless|82\/100\n|move|p1a: The Dauntless|Leech Seed|p2a: Charizard|[miss]\n|-miss|p1a: The Dauntless|p2a: Charizard\n|\n|-weather|SunnyDay|[upkeep]\n|upkeep\n|turn|18\n|\n|t:|1698697114\n|move|p2a: Charizard|Solar Beam||[still]\n|-prepare|p2a: Charizard|Solar Beam\n|-anim|p2a: Charizard|Solar Beam|p1a: The Dauntless\n|-resisted|p1a: The Dauntless\n|-damage|p1a: The Dauntless|73\/100\n|move|p1a: The Dauntless|Synthesis|p1a: The Dauntless\n|-heal|p1a: The Dauntless|100\/100\n|\n|-weather|SunnyDay|[upkeep]\n|upkeep\n|turn|19\n|\n|t:|1698697125\n|switch|p1a: The Curdled|Garganacl, F|100\/100\n|-damage|p1a: The Curdled|88\/100|[from] Stealth Rock\n|move|p2a: Charizard|Solar Beam||[still]\n|-prepare|p2a: Charizard|Solar Beam\n|-anim|p2a: Charizard|Solar Beam|p1a: The Curdled\n|-supereffective|p1a: The Curdled\n|-damage|p1a: The Curdled|19\/100\n|\n|-weather|SunnyDay|[upkeep]\n|-heal|p1a: The Curdled|25\/100|[from] item: Leftovers\n|upkeep\n|turn|20\n|c|\u2606Bug Maniac Swaggy|no shot\n|\n|t:|1698697178\n|switch|p1a: The Dauntless|Venusaur-Mega, F|100\/100\n|-damage|p1a: The Dauntless|88\/100|[from] Stealth Rock\n|move|p2a: Charizard|Solar Beam||[still]\n|-prepare|p2a: Charizard|Solar Beam\n|-anim|p2a: Charizard|Solar Beam|p1a: The Dauntless\n|-resisted|p1a: The Dauntless\n|-damage|p1a: The Dauntless|79\/100\n|\n|-weather|none\n|upkeep\n|turn|21\n|\n|t:|1698697216\n|move|p2a: Charizard|Air Slash|p1a: The Dauntless\n|-supereffective|p1a: The Dauntless\n|-damage|p1a: The Dauntless|18\/100\n|move|p1a: The Dauntless|Leech Seed|p2a: Charizard\n|-start|p2a: Charizard|move: Leech Seed\n|\n|-damage|p2a: Charizard|63\/100|[from] Leech Seed|[of] p1a: The Dauntless\n|-heal|p1a: The Dauntless|29\/100|[silent]\n|upkeep\n|turn|22\n|\n|t:|1698697275\n|switch|p1a: The Curdled|Garganacl, F|25\/100\n|-damage|p1a: The Curdled|13\/100|[from] Stealth Rock\n|move|p2a: Charizard|Flamethrower|p1a: The Curdled\n|-resisted|p1a: The Curdled\n|-damage|p1a: The Curdled|0 fnt\n|faint|p1a: The Curdled\n|\n|upkeep\n|\n|t:|1698697297\n|switch|p1a: The Benighted|Skeledirge, F|75\/100\n|-damage|p1a: The Benighted|50\/100|[from] Stealth Rock\n|-item|p1a: The Benighted|Air Balloon\n|turn|23\n|\n|t:|1698697318\n|switch|p2a: Calamus|Zapdos-Galar|100\/100\n|move|p1a: The Benighted|Slack Off|p1a: The Benighted\n|-heal|p1a: The Benighted|100\/100\n|\n|upkeep\n|turn|24\n|\n|t:|1698697362\n|move|p2a: Calamus|Brave Bird|p1a: The Benighted\n|-crit|p1a: The Benighted\n|-damage|p1a: The Benighted|0 fnt\n|-enditem|p1a: The Benighted|Air Balloon\n|faint|p1a: The Benighted\n|-damage|p2a: Calamus|58\/100|[from] Recoil\n|\n|upkeep\n|c|\u2606Snapteryx|O h\n|c|\u2606Bug Maniac Swaggy|well\n|c|\u2606Bug Maniac Swaggy|i was not expecting that\n|\n|t:|1698697385\n|switch|p1a: The Deceiver|Aegislash, F|100\/100\n|-damage|p1a: The Deceiver|94\/100|[from] Stealth Rock\n|turn|25\n|\n|t:|1698697402\n|switch|p2a: Snippy Boi|Gliscor, M, shiny|61\/100 tox\n|-formechange|p1a: The Deceiver|Aegislash-Blade||[from] ability: Stance Change\n|move|p1a: The Deceiver|Iron Head|p2a: Snippy Boi\n|-damage|p2a: Snippy Boi|20\/100 tox\n|-damage|p1a: The Deceiver|84\/100|[from] item: Life Orb\n|\n|-heal|p2a: Snippy Boi|32\/100 tox|[from] ability: Poison Heal\n|upkeep\n|turn|26\n|\n|t:|1698697440\n|-formechange|p1a: The Deceiver|Aegislash||[from] ability: Stance Change\n|move|p1a: The Deceiver|King's Shield|p1a: The Deceiver\n|-singleturn|p1a: The Deceiver|Protect\n|move|p2a: Snippy Boi|Earthquake|p1a: The Deceiver\n|-activate|p1a: The Deceiver|move: Protect\n|\n|-heal|p2a: Snippy Boi|45\/100 tox|[from] ability: Poison Heal\n|upkeep\n|turn|27\n|\n|t:|1698697457\n|move|p2a: Snippy Boi|Roost|p2a: Snippy Boi\n|-heal|p2a: Snippy Boi|95\/100 tox\n|-singleturn|p2a: Snippy Boi|move: Roost\n|-formechange|p1a: The Deceiver|Aegislash-Blade||[from] ability: Stance Change\n|move|p1a: The Deceiver|Iron Head|p2a: Snippy Boi\n|-damage|p2a: Snippy Boi|51\/100 tox\n|-damage|p1a: The Deceiver|75\/100|[from] item: Life Orb\n|\n|-heal|p2a: Snippy Boi|64\/100 tox|[from] ability: Poison Heal\n|upkeep\n|turn|28\n|\n|t:|1698697497\n|-formechange|p1a: The Deceiver|Aegislash||[from] ability: Stance Change\n|move|p1a: The Deceiver|King's Shield|p1a: The Deceiver\n|-singleturn|p1a: The Deceiver|Protect\n|move|p2a: Snippy Boi|Earthquake|p1a: The Deceiver\n|-activate|p1a: The Deceiver|move: Protect\n|\n|-heal|p2a: Snippy Boi|76\/100 tox|[from] ability: Poison Heal\n|upkeep\n|turn|29\n|\n|t:|1698697538\n|move|p2a: Snippy Boi|Earthquake|p1a: The Deceiver\n|-supereffective|p1a: The Deceiver\n|-damage|p1a: The Deceiver|20\/100\n|-formechange|p1a: The Deceiver|Aegislash-Blade||[from] ability: Stance Change\n|move|p1a: The Deceiver|Iron Head|p2a: Snippy Boi\n|-damage|p2a: Snippy Boi|34\/100 tox\n|-damage|p1a: The Deceiver|10\/100|[from] item: Life Orb\n|\n|-heal|p2a: Snippy Boi|47\/100 tox|[from] ability: Poison Heal\n|upkeep\n|turn|30\n|\n|t:|1698697557\n|move|p2a: Snippy Boi|Earthquake|p1a: The Deceiver\n|-supereffective|p1a: The Deceiver\n|-damage|p1a: The Deceiver|0 fnt\n|faint|p1a: The Deceiver\n|\n|-heal|p2a: Snippy Boi|59\/100 tox|[from] ability: Poison Heal\n|upkeep\n|\n|t:|1698697561\n|switch|p1a: The Dauntless|Venusaur-Mega, F|29\/100\n|-damage|p1a: The Dauntless|16\/100|[from] Stealth Rock\n|turn|31\n|\n|t:|1698697570\n|move|p2a: Snippy Boi|Earthquake|p1a: The Dauntless\n|-damage|p1a: The Dauntless|0 fnt\n|faint|p1a: The Dauntless\n|\n|-heal|p2a: Snippy Boi|72\/100 tox|[from] ability: Poison Heal\n|upkeep\n|\n|t:|1698697573\n|switch|p1a: The Capricious|Greninja, M|19\/100\n|-damage|p1a: The Capricious|6\/100|[from] Stealth Rock\n|turn|32\n|\n|t:|1698697581\n|switch|p2a: Alula|Mantine, F, shiny|100\/100\n|move|p1a: The Capricious|Ice Beam|p2a: Alula\n|-start|p1a: The Capricious|typechange|Ice|[from] ability: Protean\n|-damage|p2a: Alula|80\/100\n|\n|upkeep\n|turn|33\n|c|\u2606Snapteryx|Ggwp\n|c|\u2606Bug Maniac Swaggy|gg\n|\n|t:|1698697596\n|move|p1a: The Capricious|Ice Beam|p2a: Alula\n|-damage|p2a: Alula|59\/100\n|move|p2a: Alula|Scald|p1a: The Capricious\n|-damage|p1a: The Capricious|0 fnt\n|faint|p1a: The Capricious\n|\n|win|Snapteryx\n","uploadtime":1698697603,"views":26,"p1id":"bugmaniacswaggy","p2id":"snapteryx","formatid":"gen9nationaldexubers","rating":0,"private":0,"password":""}