{"id":"gen9nationaldexubers-1986117820","p1":"hollyxkid","p2":"ZakDoe","format":"[Gen 9] National Dex Ubers","log":"|j|\u2606hollyxkid\n|j|\u2606ZakDoe\n|t:|1699451886\n|gametype|singles\n|player|p1|hollyxkid|lady|\n|player|p2|ZakDoe|hugh|\n|teamsize|p1|6\n|teamsize|p2|6\n|gen|9\n|tier|[Gen 9] National Dex Ubers\n|rule|HP Percentage Mod: HP is shown in percentages\n|rule|Endless Battle Clause: Forcing endless battles is banned\n|rule|OHKO Clause: OHKO moves are banned\n|rule|Evasion Moves Clause: Evasion moves are banned\n|rule|Evasion Items Clause: Evasion items are banned\n|rule|Species Clause: Limit one of each Pok\u00e9mon\n|rule|Sleep Clause Mod: Limit one foe put to sleep\n|rule|Mega Rayquaza Clause: You cannot mega evolve Rayquaza\n|clearpoke\n|poke|p1|Lopunny, F|\n|poke|p1|Blissey, F|\n|poke|p1|Ditto|\n|poke|p1|Zoroark-Hisui, F|\n|poke|p1|Staraptor, F|\n|poke|p1|Ursaluna-Bloodmoon, M|\n|poke|p2|Ting-Lu|\n|poke|p2|Incineroar, F|\n|poke|p2|Greninja-*, M|\n|poke|p2|Drapion, M|\n|poke|p2|Sableye, F|\n|poke|p2|Roaring Moon|\n|teampreview\n|c|\u2606ZakDoe|glhf\n|c|\u2606hollyxkid|glhf\n|\n|t:|1699451901\n|start\n|switch|p1a: Jackie|Lopunny, F|100\/100\n|switch|p2a: Greninja|Greninja, M|100\/100\n|turn|1\n|\n|t:|1699451907\n|detailschange|p1a: Jackie|Lopunny-Mega, F\n|-mega|p1a: Jackie|Lopunny|Lopunnite\n|move|p1a: Jackie|Fake Out|p2a: Greninja\n|-damage|p2a: Greninja|64\/100\n|cant|p2a: Greninja|flinch\n|\n|upkeep\n|turn|2\n|\n|t:|1699451912\n|move|p2a: Greninja|U-turn|p1a: Jackie\n|-start|p2a: Greninja|typechange|Bug|[from] ability: Protean\n|-resisted|p1a: Jackie\n|-damage|p1a: Jackie|86\/100\n|\n|t:|1699451918\n|switch|p2a: Drapion|Drapion, M|100\/100|[from] U-turn\n|move|p1a: Jackie|Close Combat|p2a: Drapion\n|-damage|p2a: Drapion|46\/100\n|-unboost|p1a: Jackie|def|1\n|-unboost|p1a: Jackie|spd|1\n|\n|-heal|p2a: Drapion|52\/100|[from] item: Black Sludge\n|upkeep\n|turn|3\n|\n|t:|1699451925\n|switch|p1a: Hifumi|Staraptor, F|100\/100\n|-ability|p1a: Hifumi|Intimidate|boost\n|-unboost|p2a: Drapion|atk|1\n|move|p2a: Drapion|Poison Jab|p1a: Hifumi\n|-damage|p1a: Hifumi|87\/100\n|\n|-heal|p2a: Drapion|58\/100|[from] item: Black Sludge\n|upkeep\n|turn|4\n|\n|t:|1699451931\n|switch|p2a: Incineroar|Incineroar, F|100\/100\n|-ability|p2a: Incineroar|Intimidate|boost\n|-unboost|p1a: Hifumi|atk|1\n|move|p1a: Hifumi|U-turn|p2a: Incineroar\n|-damage|p2a: Incineroar|88\/100\n|\n|t:|1699451942\n|switch|p1a: Jackie|Lopunny-Mega, F|86\/100|[from] U-turn\n|\n|upkeep\n|turn|5\n|\n|t:|1699451956\n|switch|p2a: Drapion|Drapion, M|58\/100\n|move|p1a: Jackie|Close Combat|p2a: Drapion\n|-damage|p2a: Drapion|0 fnt\n|-unboost|p1a: Jackie|def|1\n|-unboost|p1a: Jackie|spd|1\n|faint|p2a: Drapion\n|\n|upkeep\n|\n|t:|1699451960\n|switch|p2a: Greninja|Greninja, M|64\/100\n|turn|6\n|\n|t:|1699451968\n|switch|p1a: Tess|Blissey, F|100\/100\n|move|p2a: Greninja|Extrasensory|p1a: Tess\n|-start|p2a: Greninja|typechange|Psychic|[from] ability: Protean\n|-damage|p1a: Tess|88\/100\n|\n|upkeep\n|turn|7\n|\n|t:|1699451974\n|switch|p2a: Incineroar|Incineroar, F|88\/100\n|-ability|p2a: Incineroar|Intimidate|boost\n|-unboost|p1a: Tess|atk|1\n|move|p1a: Tess|Toxic|p2a: Incineroar\n|-status|p2a: Incineroar|tox\n|\n|-damage|p2a: Incineroar|82\/100 tox|[from] psn\n|upkeep\n|turn|8\n|\n|t:|1699451977\n|move|p2a: Incineroar|Toxic|p1a: Tess\n|-status|p1a: Tess|tox\n|move|p1a: Tess|Teleport|p1a: Tess\n|\n|t:|1699451991\n|-curestatus|p1a: Tess|tox|[from] ability: Natural Cure\n|switch|p1a: Jackie|Lopunny-Mega, F|86\/100|[from] Teleport\n|\n|-damage|p2a: Incineroar|70\/100 tox|[from] psn\n|upkeep\n|turn|9\n|\n|t:|1699452007\n|move|p1a: Jackie|Close Combat|p2a: Incineroar\n|-supereffective|p2a: Incineroar\n|-damage|p2a: Incineroar|0 fnt\n|-unboost|p1a: Jackie|def|1\n|-unboost|p1a: Jackie|spd|1\n|faint|p2a: Incineroar\n|\n|upkeep\n|\n|t:|1699452011\n|switch|p2a: Greninja|Greninja, M|64\/100\n|turn|10\n|\n|t:|1699452014\n|switch|p1a: Tess|Blissey, F|88\/100\n|move|p2a: Greninja|U-turn|p1a: Tess\n|-start|p2a: Greninja|typechange|Bug|[from] ability: Protean\n|-damage|p1a: Tess|72\/100\n|\n|t:|1699452018\n|switch|p2a: Roaring Moon|Roaring Moon|100\/100|[from] U-turn\n|\n|upkeep\n|turn|11\n|\n|t:|1699452022\n|move|p2a: Roaring Moon|Scale Shot|p1a: Tess|[miss]\n|-miss|p2a: Roaring Moon|p1a: Tess\n|move|p1a: Tess|Toxic|p2a: Roaring Moon\n|-status|p2a: Roaring Moon|tox\n|\n|-damage|p2a: Roaring Moon|95\/100 tox|[from] psn\n|upkeep\n|turn|12\n|\n|t:|1699452025\n|move|p2a: Roaring Moon|Scale Shot|p1a: Tess|[miss]\n|-miss|p2a: Roaring Moon|p1a: Tess\n|move|p1a: Tess|Teleport|p1a: Tess\n|c|\u2606ZakDoe|lmao\n|\n|t:|1699452033\n|switch|p1a: Hifumi|Staraptor, F|87\/100|[from] Teleport\n|-ability|p1a: Hifumi|Intimidate|boost\n|-unboost|p2a: Roaring Moon|atk|1\n|\n|-damage|p2a: Roaring Moon|83\/100 tox|[from] psn\n|upkeep\n|turn|13\n|c|\u2606hollyxkid|dats unlucky\n|\n|t:|1699452046\n|-end|p2a: Roaring Moon|Protosynthesis|[silent]\n|switch|p2a: Sableye|Sableye, F|100\/100\n|move|p1a: Hifumi|Brave Bird|p2a: Sableye\n|-damage|p2a: Sableye|51\/100\n|-damage|p1a: Hifumi|74\/100|[from] Recoil\n|\n|upkeep\n|turn|14\n|c|\u2606ZakDoe|yeah, oh well though\n|\n|t:|1699452055\n|move|p2a: Sableye|Will-O-Wisp|p1a: Hifumi\n|-status|p1a: Hifumi|brn\n|move|p1a: Hifumi|U-turn|p2a: Sableye\n|-damage|p2a: Sableye|42\/100\n|\n|t:|1699452066\n|switch|p1a: Frank|Ursaluna-Bloodmoon, M|100\/100|[from] U-turn\n|\n|upkeep\n|turn|15\n|\n|t:|1699452073\n|move|p2a: Sableye|Recover|p2a: Sableye\n|-heal|p2a: Sableye|92\/100\n|move|p1a: Frank|Nasty Plot|p1a: Frank\n|-boost|p1a: Frank|spa|2\n|\n|upkeep\n|turn|16\n|\n|t:|1699452078\n|move|p2a: Sableye|Encore|p1a: Frank\n|-start|p1a: Frank|Encore\n|move|p1a: Frank|Nasty Plot|p1a: Frank\n|-boost|p1a: Frank|spa|2\n|\n|upkeep\n|turn|17\n|\n|t:|1699452131\n|switch|p1a: Tess|Blissey, F|72\/100\n|move|p2a: Sableye|Knock Off|p1a: Tess\n|-crit|p1a: Tess\n|-damage|p1a: Tess|38\/100\n|-enditem|p1a: Tess|Heavy-Duty Boots|[from] move: Knock Off|[of] p2a: Sableye\n|\n|upkeep\n|turn|18\n|\n|t:|1699452149\n|detailschange|p2a: Sableye|Sableye-Mega, F\n|-mega|p2a: Sableye|Sableye|Sablenite\n|move|p1a: Tess|Toxic|p2a: Sableye\n|move|p2a: Sableye|Toxic|p1a: Tess|[from]ability: Magic Bounce\n|-status|p1a: Tess|tox\n|move|p2a: Sableye|Knock Off|p1a: Tess\n|-damage|p1a: Tess|21\/100 tox\n|\n|-damage|p1a: Tess|15\/100 tox|[from] psn\n|upkeep\n|turn|19\n|\n|t:|1699452157\n|move|p1a: Tess|Soft-Boiled|p1a: Tess\n|-heal|p1a: Tess|65\/100 tox\n|move|p2a: Sableye|Encore|p1a: Tess\n|-start|p1a: Tess|Encore\n|\n|-damage|p1a: Tess|52\/100 tox|[from] psn\n|upkeep\n|turn|20\n|j| AhiruChan\n|\n|t:|1699452163\n|move|p1a: Tess|Soft-Boiled|p1a: Tess\n|-heal|p1a: Tess|100\/100 tox\n|move|p2a: Sableye|Will-O-Wisp||[still]\n|-fail|p2a: Sableye\n|\n|-damage|p1a: Tess|82\/100 tox|[from] psn\n|upkeep\n|turn|21\n|\n|t:|1699452170\n|-curestatus|p1a: Tess|tox|[from] ability: Natural Cure\n|switch|p1a: Hifumi|Staraptor, F|74\/100 brn\n|-ability|p1a: Hifumi|Intimidate|boost\n|-unboost|p2a: Sableye|atk|1\n|move|p2a: Sableye|Knock Off|p1a: Hifumi\n|-damage|p1a: Hifumi|58\/100 brn\n|-enditem|p1a: Hifumi|Heavy-Duty Boots|[from] move: Knock Off|[of] p2a: Sableye\n|\n|-damage|p1a: Hifumi|51\/100 brn|[from] brn\n|upkeep\n|turn|22\n|\n|t:|1699452176\n|move|p1a: Hifumi|Roost|p1a: Hifumi\n|-heal|p1a: Hifumi|100\/100 brn\n|-singleturn|p1a: Hifumi|move: Roost\n|move|p2a: Sableye|Will-O-Wisp|p1a: Hifumi\n|-fail|p1a: Hifumi|brn\n|\n|-damage|p1a: Hifumi|94\/100 brn|[from] brn\n|upkeep\n|turn|23\n|\n|t:|1699452180\n|move|p1a: Hifumi|U-turn|p2a: Sableye\n|-damage|p2a: Sableye|86\/100\n|\n|t:|1699452190\n|switch|p1a: Jackie|Lopunny-Mega, F|86\/100|[from] U-turn\n|move|p2a: Sableye|Will-O-Wisp|p1a: Jackie\n|-status|p1a: Jackie|brn\n|\n|-damage|p1a: Jackie|80\/100 brn|[from] brn\n|upkeep\n|turn|24\n|\n|t:|1699452198\n|switch|p2a: Ting-Lu|Ting-Lu|100\/100\n|-ability|p2a: Ting-Lu|Vessel of Ruin\n|move|p1a: Jackie|Close Combat|p2a: Ting-Lu\n|-supereffective|p2a: Ting-Lu\n|-damage|p2a: Ting-Lu|67\/100\n|-unboost|p1a: Jackie|def|1\n|-unboost|p1a: Jackie|spd|1\n|\n|-damage|p1a: Jackie|74\/100 brn|[from] brn\n|upkeep\n|turn|25\n|\n|t:|1699452205\n|move|p1a: Jackie|U-turn|p2a: Ting-Lu\n|-supereffective|p2a: Ting-Lu\n|-damage|p2a: Ting-Lu|54\/100\n|\n|t:|1699452210\n|switch|p1a: Hifumi|Staraptor, F|94\/100 brn|[from] U-turn\n|-ability|p1a: Hifumi|Intimidate|boost\n|-unboost|p2a: Ting-Lu|atk|1\n|move|p2a: Ting-Lu|Ruination|p1a: Hifumi\n|-damage|p1a: Hifumi|47\/100 brn\n|\n|-damage|p1a: Hifumi|41\/100 brn|[from] brn\n|upkeep\n|turn|26\n|\n|t:|1699452219\n|move|p1a: Hifumi|U-turn|p2a: Ting-Lu\n|-supereffective|p2a: Ting-Lu\n|-damage|p2a: Ting-Lu|43\/100\n|\n|t:|1699452226\n|switch|p1a: Jackie|Lopunny-Mega, F|74\/100 brn|[from] U-turn\n|move|p2a: Ting-Lu|Ruination|p1a: Jackie\n|-damage|p1a: Jackie|37\/100 brn\n|\n|-damage|p1a: Jackie|31\/100 brn|[from] brn\n|upkeep\n|turn|27\n|\n|t:|1699452237\n|move|p1a: Jackie|Fake Out|p2a: Ting-Lu\n|-damage|p2a: Ting-Lu|37\/100\n|cant|p2a: Ting-Lu|flinch\n|\n|-damage|p1a: Jackie|26\/100 brn|[from] brn\n|upkeep\n|turn|28\n|l| AhiruChan\n|\n|t:|1699452241\n|move|p1a: Jackie|Close Combat|p2a: Ting-Lu\n|-supereffective|p2a: Ting-Lu\n|-damage|p2a: Ting-Lu|0 fnt\n|-unboost|p1a: Jackie|def|1\n|-unboost|p1a: Jackie|spd|1\n|faint|p2a: Ting-Lu\n|\n|-damage|p1a: Jackie|20\/100 brn|[from] brn\n|upkeep\n|\n|t:|1699452246\n|switch|p2a: Greninja|Greninja, M|64\/100\n|turn|29\n|j| AhiruChan\n|\n|t:|1699452253\n|switch|p1a: Tess|Blissey, F|82\/100\n|move|p2a: Greninja|U-turn|p1a: Tess\n|-start|p2a: Greninja|typechange|Bug|[from] ability: Protean\n|-crit|p1a: Tess\n|-damage|p1a: Tess|55\/100\n|\n|t:|1699452259\n|switch|p2a: Roaring Moon|Roaring Moon|83\/100 tox|[from] U-turn\n|\n|-damage|p2a: Roaring Moon|77\/100 tox|[from] psn\n|upkeep\n|turn|30\n|\n|t:|1699452266\n|move|p2a: Roaring Moon|Scale Shot|p1a: Tess\n|-damage|p1a: Tess|43\/100\n|-crit|p1a: Tess\n|-damage|p1a: Tess|23\/100\n|-damage|p1a: Tess|9\/100\n|-damage|p1a: Tess|0 fnt\n|faint|p1a: Tess\n|-hitcount|p1: Tess|4\n|-unboost|p2a: Roaring Moon|def|1\n|-boost|p2a: Roaring Moon|spe|1\n|\n|-damage|p2a: Roaring Moon|65\/100 tox|[from] psn\n|upkeep\n|\n|t:|1699452276\n|switch|p1a: matt|Ditto|100\/100\n|-transform|p1a: matt|p2a: Roaring Moon|[from] ability: Imposter\n|turn|31\n|\n|t:|1699452293\n|-end|p2a: Roaring Moon|Protosynthesis|[silent]\n|switch|p2a: Sableye|Sableye-Mega, F|86\/100\n|move|p1a: matt|Scale Shot|p2a: Sableye\n|-damage|p2a: Sableye|75\/100\n|-damage|p2a: Sableye|64\/100\n|-damage|p2a: Sableye|54\/100\n|-damage|p2a: Sableye|44\/100\n|-hitcount|p2a: Sableye|4\n|-unboost|p1a: matt|def|1\n|-boost|p1a: matt|spe|1\n|\n|upkeep\n|turn|32\n|\n|t:|1699452303\n|-end|p1a: matt|Protosynthesis|[silent]\n|switch|p1a: Hifumi|Staraptor, F|41\/100 brn\n|-ability|p1a: Hifumi|Intimidate|boost\n|-unboost|p2a: Sableye|atk|1\n|move|p2a: Sableye|Recover|p2a: Sableye\n|-heal|p2a: Sableye|94\/100\n|\n|-damage|p1a: Hifumi|35\/100 brn|[from] brn\n|upkeep\n|turn|33\n|\n|t:|1699452309\n|move|p1a: Hifumi|Roost|p1a: Hifumi\n|-heal|p1a: Hifumi|85\/100 brn\n|-singleturn|p1a: Hifumi|move: Roost\n|move|p2a: Sableye|Encore|p1a: Hifumi\n|-start|p1a: Hifumi|Encore\n|\n|-damage|p1a: Hifumi|79\/100 brn|[from] brn\n|upkeep\n|turn|34\n|\n|t:|1699452316\n|switch|p1a: Jackie|Lopunny-Mega, F|20\/100 brn\n|switch|p2a: Greninja|Greninja, M|64\/100\n|\n|-damage|p1a: Jackie|14\/100 brn|[from] brn\n|upkeep\n|turn|35\n|\n|t:|1699452322\n|move|p1a: Jackie|Fake Out|p2a: Greninja\n|-damage|p2a: Greninja|45\/100\n|cant|p2a: Greninja|flinch\n|\n|-damage|p1a: Jackie|8\/100 brn|[from] brn\n|upkeep\n|turn|36\n|\n|t:|1699452326\n|move|p2a: Greninja|U-turn|p1a: Jackie\n|-start|p2a: Greninja|typechange|Bug|[from] ability: Protean\n|-resisted|p1a: Jackie\n|-damage|p1a: Jackie|0 fnt\n|faint|p1a: Jackie\n|\n|t:|1699452330\n|switch|p2a: Sableye|Sableye-Mega, F|94\/100|[from] U-turn\n|\n|upkeep\n|\n|t:|1699452345\n|switch|p1a: Frank|Ursaluna-Bloodmoon, M|100\/100\n|turn|37\n|\n|t:|1699452351\n|move|p1a: Frank|Nasty Plot|p1a: Frank\n|-boost|p1a: Frank|spa|2\n|move|p2a: Sableye|Knock Off|p1a: Frank\n|-supereffective|p1a: Frank\n|-enditem|p1a: Frank|Focus Sash\n|-damage|p1a: Frank|1\/100\n|replace|p1a: Damien|Zoroark-Hisui, F\n|-end|p1a: Damien|Illusion\n|\n|upkeep\n|turn|38\n|c| AhiruChan|O my gosh the freedy fazbear\n|c| AhiruChan|Oh\n|\n|t:|1699452383\n|move|p1a: Damien|Shadow Ball|p2a: Sableye\n|-damage|p2a: Sableye|20\/100\n|move|p2a: Sableye|Knock Off|p1a: Damien\n|-supereffective|p1a: Damien\n|-damage|p1a: Damien|0 fnt\n|faint|p1a: Damien\n|\n|upkeep\n|\n|t:|1699452406\n|switch|p1a: Frank|Ursaluna-Bloodmoon, M|100\/100\n|turn|39\n|\n|t:|1699452416\n|move|p1a: Frank|Blood Moon|p2a: Sableye\n|-damage|p2a: Sableye|0 fnt\n|faint|p2a: Sableye\n|\n|upkeep\n|\n|t:|1699452420\n|switch|p2a: Greninja|Greninja, M|45\/100\n|turn|40\n|\n|t:|1699452423\n|switch|p1a: Hifumi|Staraptor, F|79\/100 brn\n|-ability|p1a: Hifumi|Intimidate|boost\n|-unboost|p2a: Greninja|atk|1\n|move|p2a: Greninja|U-turn|p1a: Hifumi\n|-start|p2a: Greninja|typechange|Bug|[from] ability: Protean\n|-resisted|p1a: Hifumi\n|-damage|p1a: Hifumi|74\/100 brn\n|\n|t:|1699452434\n|switch|p2a: Roaring Moon|Roaring Moon|65\/100 tox|[from] U-turn\n|\n|-damage|p2a: Roaring Moon|59\/100 tox|[from] psn\n|-damage|p1a: Hifumi|68\/100 brn|[from] brn\n|upkeep\n|turn|41\n|\n|t:|1699452438\n|move|p2a: Roaring Moon|Scale Shot|p1a: Hifumi\n|-damage|p1a: Hifumi|56\/100 brn\n|-damage|p1a: Hifumi|43\/100 brn\n|-damage|p1a: Hifumi|30\/100 brn\n|-damage|p1a: Hifumi|16\/100 brn\n|-damage|p1a: Hifumi|3\/100 brn\n|-hitcount|p1a: Hifumi|5\n|-unboost|p2a: Roaring Moon|def|1\n|-boost|p2a: Roaring Moon|spe|1\n|move|p1a: Hifumi|Brave Bird|p2a: Roaring Moon\n|-damage|p2a: Roaring Moon|11\/100 tox\n|-damage|p1a: Hifumi|0 fnt|[from] Recoil\n|faint|p1a: Hifumi\n|\n|-damage|p2a: Roaring Moon|0 fnt|[from] psn\n|faint|p2a: Roaring Moon\n|-end|p2a: Roaring Moon|Protosynthesis|[silent]\n|upkeep\n|\n|t:|1699452448\n|switch|p2a: Greninja|Greninja, M|45\/100\n|switch|p1a: Frank|Ursaluna-Bloodmoon, M|100\/100\n|turn|42\n|\n|t:|1699452452\n|move|p2a: Greninja|Hydro Pump|p1a: Frank\n|-start|p2a: Greninja|typechange|Water|[from] ability: Protean\n|-supereffective|p1a: Frank\n|-damage|p1a: Frank|0 fnt\n|faint|p1a: Frank\n|\n|upkeep\n|\n|t:|1699452456\n|switch|p1a: matt|Ditto|100\/100\n|-transform|p1a: matt|p2a: Greninja|[from] ability: Imposter\n|turn|43\n|c|\u2606ZakDoe|gg holly\n|c|\u2606ZakDoe|close game\n|\n|t:|1699452465\n|move|p2a: Greninja|Hydro Pump|p1a: matt\n|-resisted|p1a: matt\n|-damage|p1a: matt|66\/100\n|move|p1a: matt|Extrasensory|p2a: Greninja\n|-start|p1a: matt|typechange|Psychic|[from] ability: Protean\n|-damage|p2a: Greninja|0 fnt\n|faint|p2a: Greninja\n|\n|win|hollyxkid\n|c|\u2606hollyxkid|gg!\n|l|\u2606hollyxkid\n|j|\u2606hollyxkid\n|player|p1|hollyxkid|lady\n","uploadtime":1699452473,"views":6,"p1id":"hollyxkid","p2id":"zakdoe","formatid":"gen9nationaldexubers","rating":0,"private":0,"password":""}