{"id":"gen9nationaldexubers-1980015311","p1":"AceTheInadequate","p2":"Cross12000","format":"[Gen 9] National Dex Ubers","log":"|j|\u2606AceTheInadequate\n|j|\u2606Cross12000\n|t:|1698746833\n|gametype|singles\n|player|p1|AceTheInadequate|guitarist|\n|player|p2|Cross12000|roxie|\n|teamsize|p1|6\n|teamsize|p2|6\n|gen|9\n|tier|[Gen 9] National Dex Ubers\n|rule|HP Percentage Mod: HP is shown in percentages\n|rule|Endless Battle Clause: Forcing endless battles is banned\n|rule|OHKO Clause: OHKO moves are banned\n|rule|Evasion Moves Clause: Evasion moves are banned\n|rule|Evasion Items Clause: Evasion items are banned\n|rule|Species Clause: Limit one of each Pok\u00e9mon\n|rule|Sleep Clause Mod: Limit one foe put to sleep\n|rule|Mega Rayquaza Clause: You cannot mega evolve Rayquaza\n|clearpoke\n|poke|p1|Grimmsnarl, M|\n|poke|p1|Roaring Moon|\n|poke|p1|Weavile, M|\n|poke|p1|Absol, M|\n|poke|p1|Bisharp, M|\n|poke|p1|Tyranitar, M|\n|poke|p2|Ursaluna, M|\n|poke|p2|Pidgeot, M|\n|poke|p2|Zoroark-Hisui, F|\n|poke|p2|Snorlax, F|\n|poke|p2|Porygon2|\n|poke|p2|Blissey, F|\n|teampreview\n|\n|t:|1698746844\n|start\n|switch|p1a: Bob the Builder|Grimmsnarl, M|100\/100\n|switch|p2a: Big Balut|Blissey, F|100\/100\n|turn|1\n|\n|t:|1698746850\n|move|p1a: Bob the Builder|Parting Shot|p2a: Big Balut\n|-unboost|p2a: Big Balut|atk|1\n|-unboost|p2a: Big Balut|spa|1\n|\n|t:|1698746852\n|switch|p1a: A6|Bisharp, M|100\/100|[from] Parting Shot\n|move|p2a: Big Balut|Toxic|p1a: A6\n|-immune|p1a: A6\n|\n|upkeep\n|turn|2\n|\n|t:|1698746858\n|move|p1a: A6|Swords Dance|p1a: A6\n|-boost|p1a: A6|atk|2\n|move|p2a: Big Balut|Focus Blast|p1a: A6\n|-supereffective|p1a: A6\n|-damage|p1a: A6|48\/100\n|-unboost|p1a: A6|spd|1\n|-ability|p1a: A6|Defiant|boost\n|-boost|p1a: A6|atk|2\n|\n|upkeep\n|turn|3\n|\n|t:|1698746862\n|move|p1a: A6|Brick Break|p2a: Big Balut\n|-supereffective|p2a: Big Balut\n|-damage|p2a: Big Balut|0 fnt\n|faint|p2a: Big Balut\n|\n|upkeep\n|\n|t:|1698746867\n|switch|p2a: umnomnom|Snorlax, F|100\/100\n|turn|4\n|\n|t:|1698746871\n|move|p2a: umnomnom|Flamethrower|p1a: A6\n|-supereffective|p1a: A6\n|-damage|p1a: A6|0 fnt\n|faint|p1a: A6\n|\n|upkeep\n|\n|t:|1698746886\n|switch|p1a: Screaming Crescent|Roaring Moon|100\/100\n|-enditem|p1a: Screaming Crescent|Booster Energy\n|-activate|p1a: Screaming Crescent|ability: Protosynthesis|[fromitem]\n|-start|p1a: Screaming Crescent|protosynthesisatk\n|turn|5\n|\n|t:|1698746894\n|switch|p2a: umnomnom|Snorlax, F|100\/100\n|move|p1a: Screaming Crescent|Knock Off|p2a: umnomnom\n|-damage|p2a: umnomnom|57\/100\n|-enditem|p2a: umnomnom|Leftovers|[from] move: Knock Off|[of] p1a: Screaming Crescent\n|\n|upkeep\n|turn|6\n|\n|t:|1698746901\n|move|p1a: Screaming Crescent|Dragon Dance|p1a: Screaming Crescent\n|-boost|p1a: Screaming Crescent|atk|1\n|-boost|p1a: Screaming Crescent|spe|1\n|move|p2a: umnomnom|Encore|p1a: Screaming Crescent\n|-start|p1a: Screaming Crescent|Encore\n|\n|upkeep\n|turn|7\n|\n|t:|1698746935\n|-end|p1a: Screaming Crescent|Protosynthesis|[silent]\n|switch|p1a: Lotto Winner|Absol, M|100\/100\n|move|p2a: umnomnom|Earthquake|p1a: Lotto Winner\n|-damage|p1a: Lotto Winner|53\/100\n|\n|upkeep\n|turn|8\n|\n|t:|1698746991\n|move|p1a: Lotto Winner|Psycho Cut|p2a: umnomnom\n|-crit|p2a: umnomnom\n|-damage|p2a: umnomnom|34\/100\n|move|p2a: umnomnom|Rest|p2a: umnomnom\n|-status|p2a: umnomnom|slp|[from] move: Rest\n|-heal|p2a: umnomnom|100\/100 slp|[silent]\n|\n|upkeep\n|turn|9\n|\n|t:|1698746996\n|switch|p1a: Screaming Crescent|Roaring Moon|100\/100\n|cant|p2a: umnomnom|slp\n|move|p2a: umnomnom|Sleep Talk|p2a: umnomnom\n|move|p2a: umnomnom|Rest||[from]move: Sleep Talk|[still]\n|-fail|p2a: umnomnom\n|\n|upkeep\n|turn|10\n|\n|t:|1698747003\n|-terastallize|p1a: Screaming Crescent|Flying\n|move|p1a: Screaming Crescent|Acrobatics|p2a: umnomnom\n|-damage|p2a: umnomnom|62\/100 slp\n|cant|p2a: umnomnom|slp\n|move|p2a: umnomnom|Sleep Talk|p2a: umnomnom\n|move|p2a: umnomnom|Encore|p1a: Screaming Crescent|[from]move: Sleep Talk\n|-start|p1a: Screaming Crescent|Encore\n|\n|upkeep\n|turn|11\n|\n|t:|1698747026\n|move|p1a: Screaming Crescent|Acrobatics|p2a: umnomnom\n|-crit|p2a: umnomnom\n|-damage|p2a: umnomnom|4\/100 slp\n|-curestatus|p2a: umnomnom|slp|[msg]\n|move|p2a: umnomnom|Sleep Talk||[still]\n|-fail|p2a: umnomnom\n|\n|upkeep\n|turn|12\n|\n|t:|1698747030\n|move|p1a: Screaming Crescent|Acrobatics|p2a: umnomnom\n|-damage|p2a: umnomnom|0 fnt\n|faint|p2a: umnomnom\n|\n|upkeep\n|\n|t:|1698747033\n|switch|p2a: kakarot|Pidgeot, M|100\/100\n|turn|13\n|\n|t:|1698747040\n|detailschange|p2a: kakarot|Pidgeot-Mega, M\n|-mega|p2a: kakarot|Pidgeot|Pidgeotite\n|move|p2a: kakarot|Heat Wave|p1a: Screaming Crescent\n|-damage|p1a: Screaming Crescent|75\/100\n|move|p1a: Screaming Crescent|Acrobatics|p2a: kakarot\n|-damage|p2a: kakarot|0 fnt\n|faint|p2a: kakarot\n|\n|-end|p1a: Screaming Crescent|Encore\n|upkeep\n|\n|t:|1698747050\n|switch|p2a: freddy faxbear|Ursaluna, M|100\/100\n|turn|14\n|\n|t:|1698747056\n|move|p2a: freddy faxbear|Flamethrower|p1a: Screaming Crescent\n|-damage|p1a: Screaming Crescent|36\/100\n|move|p1a: Screaming Crescent|Knock Off|p2a: freddy faxbear\n|-supereffective|p2a: freddy faxbear\n|-damage|p2a: freddy faxbear|0 fnt\n|replace|p2a: muzan|Zoroark-Hisui, F\n|-end|p2a: muzan|Illusion\n|-enditem|p2a: muzan|Choice Specs|[from] move: Knock Off|[of] p1a: Screaming Crescent\n|faint|p2a: muzan\n|\n|upkeep\n|\n|t:|1698747063\n|switch|p2a: Duck|Porygon2|100\/100\n|turn|15\n|\n|t:|1698747071\n|move|p1a: Screaming Crescent|Acrobatics|p2a: Duck\n|-damage|p2a: Duck|57\/100\n|move|p2a: Duck|Trick Room|p2a: Duck\n|-fieldstart|move: Trick Room|[of] p2a: Duck\n|\n|upkeep\n|turn|16\n|\n|t:|1698747076\n|move|p2a: Duck|Discharge|p1a: Screaming Crescent\n|-supereffective|p1a: Screaming Crescent\n|-damage|p1a: Screaming Crescent|0 fnt\n|faint|p1a: Screaming Crescent\n|-end|p1a: Screaming Crescent|Protosynthesis|[silent]\n|\n|upkeep\n|\n|t:|1698747082\n|switch|p1a: Bob the Builder|Grimmsnarl, M|100\/100\n|turn|17\n|\n|t:|1698747085\n|move|p1a: Bob the Builder|Light Screen|p1a: Bob the Builder\n|-sidestart|p1: AceTheInadequate|move: Light Screen\n|move|p2a: Duck|Recover|p2a: Duck\n|-heal|p2a: Duck|100\/100\n|\n|upkeep\n|turn|18\n|\n|t:|1698747089\n|move|p1a: Bob the Builder|Reflect|p1a: Bob the Builder\n|-sidestart|p1: AceTheInadequate|Reflect\n|move|p2a: Duck|Ice Beam|p1a: Bob the Builder\n|-damage|p1a: Bob the Builder|87\/100\n|\n|upkeep\n|turn|19\n|\n|t:|1698747094\n|move|p1a: Bob the Builder|Parting Shot|p2a: Duck\n|-unboost|p2a: Duck|atk|1\n|-unboost|p2a: Duck|spa|1\n|\n|t:|1698747100\n|switch|p1a: Kaiju|Tyranitar, M|100\/100|[from] Parting Shot\n|-weather|Sandstorm|[from] ability: Sand Stream|[of] p1a: Kaiju\n|move|p2a: Duck|Ice Beam|p1a: Kaiju\n|-damage|p1a: Kaiju|91\/100\n|\n|-weather|Sandstorm|[upkeep]\n|-damage|p2a: Duck|94\/100|[from] Sandstorm\n|-fieldend|move: Trick Room\n|upkeep\n|turn|20\n|\n|t:|1698747110\n|move|p1a: Kaiju|Dragon Dance|p1a: Kaiju\n|-boost|p1a: Kaiju|atk|1\n|-boost|p1a: Kaiju|spe|1\n|move|p2a: Duck|Trick Room|p2a: Duck\n|-fieldstart|move: Trick Room|[of] p2a: Duck\n|\n|-weather|Sandstorm|[upkeep]\n|-damage|p2a: Duck|88\/100|[from] Sandstorm\n|upkeep\n|turn|21\n|\n|t:|1698747118\n|move|p2a: Duck|Ice Beam|p1a: Kaiju\n|-damage|p1a: Kaiju|85\/100\n|-status|p1a: Kaiju|frz\n|cant|p1a: Kaiju|frz\n|\n|-weather|Sandstorm|[upkeep]\n|-damage|p2a: Duck|82\/100|[from] Sandstorm\n|-sideend|p1: AceTheInadequate|move: Light Screen\n|upkeep\n|turn|22\n|\n|t:|1698747122\n|switch|p2a: freddy faxbear|Ursaluna, M|100\/100\n|cant|p1a: Kaiju|frz\n|\n|-weather|Sandstorm|[upkeep]\n|-sideend|p1: AceTheInadequate|Reflect\n|-status|p2a: freddy faxbear|brn|[from] item: Flame Orb\n|upkeep\n|turn|23\n|\n|t:|1698747128\n|move|p2a: freddy faxbear|Earthquake|p1a: Kaiju\n|-supereffective|p1a: Kaiju\n|-damage|p1a: Kaiju|0 fnt\n|faint|p1a: Kaiju\n|\n|-weather|none\n|-damage|p2a: freddy faxbear|94\/100 brn|[from] brn\n|upkeep\n|\n|t:|1698747136\n|switch|p1a: Bob the Builder|Grimmsnarl, M|87\/100\n|turn|24\n|\n|t:|1698747144\n|move|p1a: Bob the Builder|Reflect|p1a: Bob the Builder\n|-sidestart|p1: AceTheInadequate|Reflect\n|move|p2a: freddy faxbear|Facade|p1a: Bob the Builder\n|-damage|p1a: Bob the Builder|4\/100\n|-enditem|p1a: Bob the Builder|Sitrus Berry|[eat]\n|-heal|p1a: Bob the Builder|28\/100|[from] item: Sitrus Berry\n|\n|-damage|p2a: freddy faxbear|88\/100 brn|[from] brn\n|-fieldend|move: Trick Room\n|upkeep\n|turn|25\n|\n|t:|1698747150\n|switch|p2a: Duck|Porygon2|82\/100\n|move|p1a: Bob the Builder|Parting Shot|p2a: Duck\n|-unboost|p2a: Duck|atk|1\n|-unboost|p2a: Duck|spa|1\n|\n|t:|1698747153\n|switch|p1a: Hermes|Weavile, M|100\/100|[from] Parting Shot\n|-ability|p1a: Hermes|Pressure\n|\n|upkeep\n|turn|26\n|\n|t:|1698747159\n|move|p1a: Hermes|Fake Out|p2a: Duck\n|-damage|p2a: Duck|73\/100\n|cant|p2a: Duck|flinch\n|\n|upkeep\n|turn|27\n|\n|t:|1698747161\n|move|p1a: Hermes|Triple Axel|p2a: Duck\n|-damage|p2a: Duck|66\/100\n|-damage|p2a: Duck|51\/100\n|-damage|p2a: Duck|29\/100\n|-hitcount|p2a: Duck|3\n|move|p2a: Duck|Trick Room|p2a: Duck\n|-fieldstart|move: Trick Room|[of] p2a: Duck\n|\n|upkeep\n|turn|28\n|\n|t:|1698747167\n|move|p1a: Hermes|Ice Shard|p2a: Duck\n|-damage|p2a: Duck|17\/100\n|move|p2a: Duck|Recover|p2a: Duck\n|-heal|p2a: Duck|67\/100\n|\n|-sideend|p1: AceTheInadequate|Reflect\n|upkeep\n|turn|29\n|\n|t:|1698747173\n|switch|p1a: Lotto Winner|Absol, M|53\/100\n|move|p2a: Duck|Recover|p2a: Duck\n|-heal|p2a: Duck|100\/100\n|\n|upkeep\n|turn|30\n|\n|t:|1698747178\n|move|p1a: Lotto Winner|Sucker Punch|p2a: Duck\n|-damage|p2a: Duck|77\/100\n|move|p2a: Duck|Ice Beam|p1a: Lotto Winner\n|-damage|p1a: Lotto Winner|2\/100\n|\n|upkeep\n|turn|31\n|\n|t:|1698747183\n|move|p2a: Duck|Ice Beam|p1a: Lotto Winner\n|-damage|p1a: Lotto Winner|0 fnt\n|faint|p1a: Lotto Winner\n|\n|-fieldend|move: Trick Room\n|upkeep\n|\n|t:|1698747188\n|switch|p1a: Hermes|Weavile, M|100\/100\n|-ability|p1a: Hermes|Pressure\n|turn|32\n|\n|t:|1698747192\n|move|p1a: Hermes|Triple Axel|p2a: Duck\n|-damage|p2a: Duck|70\/100\n|-hitcount|p2a: Duck|1\n|move|p2a: Duck|Recover|p2a: Duck\n|-heal|p2a: Duck|100\/100\n|\n|upkeep\n|turn|33\n|\n|t:|1698747198\n|move|p1a: Hermes|Triple Axel|p2a: Duck\n|-damage|p2a: Duck|93\/100\n|-hitcount|p2a: Duck|1\n|move|p2a: Duck|Trick Room|p2a: Duck\n|-fieldstart|move: Trick Room|[of] p2a: Duck\n|\n|upkeep\n|turn|34\n|\n|t:|1698747211\n|move|p1a: Hermes|Fake Out||[still]\n|-hint|Fake Out only works on your first turn out.\n|-fail|p1a: Hermes\n|move|p2a: Duck|Ice Beam|p1a: Hermes\n|-resisted|p1a: Hermes\n|-damage|p1a: Hermes|82\/100\n|\n|upkeep\n|turn|35\n|\n|t:|1698747215\n|move|p2a: Duck|Discharge|p1a: Hermes\n|-damage|p1a: Hermes|56\/100\n|-status|p1a: Hermes|par\n|cant|p1a: Hermes|par\n|\n|upkeep\n|turn|36\n|\n|t:|1698747220\n|move|p2a: Duck|Discharge|p1a: Hermes\n|-damage|p1a: Hermes|33\/100 par\n|cant|p1a: Hermes|par\n|\n|upkeep\n|turn|37\n|\n|t:|1698747227\n|move|p2a: Duck|Discharge|p1a: Hermes\n|-damage|p1a: Hermes|9\/100 par\n|move|p1a: Hermes|Triple Axel|p2a: Duck|[miss]\n|-miss|p1a: Hermes|p2a: Duck\n|\n|-fieldend|move: Trick Room\n|upkeep\n|turn|38\n|\n|t:|1698747237\n|move|p1a: Hermes|Knock Off|p2a: Duck\n|-damage|p2a: Duck|59\/100\n|-enditem|p2a: Duck|Eviolite|[from] move: Knock Off|[of] p1a: Hermes\n|move|p2a: Duck|Trick Room|p2a: Duck\n|-fieldstart|move: Trick Room|[of] p2a: Duck\n|\n|upkeep\n|turn|39\n|\n|t:|1698747243\n|move|p2a: Duck|Discharge|p1a: Hermes\n|-damage|p1a: Hermes|0 fnt\n|faint|p1a: Hermes\n|\n|upkeep\n|\n|t:|1698747245\n|switch|p1a: Bob the Builder|Grimmsnarl, M|28\/100\n|turn|40\n|\n|t:|1698747254\n|move|p1a: Bob the Builder|Light Screen|p1a: Bob the Builder\n|-sidestart|p1: AceTheInadequate|move: Light Screen\n|move|p2a: Duck|Ice Beam|p1a: Bob the Builder\n|-damage|p1a: Bob the Builder|19\/100\n|\n|upkeep\n|turn|41\n|\n|t:|1698747259\n|move|p1a: Bob the Builder|Metronome|p1a: Bob the Builder\n|move|p1a: Bob the Builder|Synthesis|p1a: Bob the Builder|[from]move: Metronome\n|-heal|p1a: Bob the Builder|69\/100\n|move|p2a: Duck|Ice Beam|p1a: Bob the Builder\n|-damage|p1a: Bob the Builder|59\/100\n|\n|upkeep\n|turn|42\n|\n|t:|1698747268\n|move|p1a: Bob the Builder|Parting Shot|p2a: Duck\n|-unboost|p2a: Duck|atk|1\n|-unboost|p2a: Duck|spa|1\n|move|p2a: Duck|Ice Beam|p1a: Bob the Builder\n|-damage|p1a: Bob the Builder|52\/100\n|\n|-fieldend|move: Trick Room\n|upkeep\n|turn|43\n|\n|t:|1698747276\n|move|p1a: Bob the Builder|Metronome|p1a: Bob the Builder\n|move|p1a: Bob the Builder|Overheat|p2a: Duck|[from]move: Metronome\n|-damage|p2a: Duck|30\/100\n|-unboost|p1a: Bob the Builder|spa|2\n|move|p2a: Duck|Discharge|p1a: Bob the Builder\n|-damage|p1a: Bob the Builder|46\/100\n|\n|upkeep\n|turn|44\n|\n|t:|1698747285\n|move|p1a: Bob the Builder|Metronome|p1a: Bob the Builder\n|move|p1a: Bob the Builder|Overheat|p2a: Duck|[from]move: Metronome\n|-damage|p2a: Duck|18\/100\n|-unboost|p1a: Bob the Builder|spa|2\n|move|p2a: Duck|Discharge|p1a: Bob the Builder\n|-damage|p1a: Bob the Builder|40\/100\n|\n|-sideend|p1: AceTheInadequate|move: Light Screen\n|upkeep\n|turn|45\n|\n|t:|1698747292\n|move|p1a: Bob the Builder|Light Screen|p1a: Bob the Builder\n|-sidestart|p1: AceTheInadequate|move: Light Screen\n|move|p2a: Duck|Ice Beam|p1a: Bob the Builder\n|-damage|p1a: Bob the Builder|33\/100\n|\n|upkeep\n|turn|46\n|\n|t:|1698747297\n|move|p1a: Bob the Builder|Metronome|p1a: Bob the Builder\n|move|p1a: Bob the Builder|Sleep Powder|p2a: Duck|[from]move: Metronome\n|-status|p2a: Duck|slp|[from] move: Sleep Powder\n|cant|p2a: Duck|slp\n|\n|upkeep\n|turn|47\n|\n|t:|1698747302\n|move|p1a: Bob the Builder|Metronome|p1a: Bob the Builder\n|move|p1a: Bob the Builder|Power Trick|p1a: Bob the Builder|[from]move: Metronome\n|-start|p1a: Bob the Builder|Power Trick\n|-curestatus|p2a: Duck|slp|[msg]\n|move|p2a: Duck|Ice Beam|p1a: Bob the Builder\n|-damage|p1a: Bob the Builder|25\/100\n|\n|upkeep\n|turn|48\n|\n|t:|1698747308\n|move|p1a: Bob the Builder|Metronome|p1a: Bob the Builder\n|move|p1a: Bob the Builder|Court Change|p1a: Bob the Builder|[from]move: Metronome\n|-swapsideconditions\n|-activate|p1a: Bob the Builder|move: Court Change\n|move|p2a: Duck|Ice Beam|p1a: Bob the Builder\n|-damage|p1a: Bob the Builder|12\/100\n|-status|p1a: Bob the Builder|frz\n|\n|upkeep\n|turn|49\n|\n|t:|1698747319\n|cant|p1a: Bob the Builder|frz\n|move|p2a: Duck|Ice Beam|p1a: Bob the Builder\n|-damage|p1a: Bob the Builder|0 fnt\n|faint|p1a: Bob the Builder\n|\n|win|Cross12000\n|c|\u2606Cross12000|gg\n","uploadtime":1698747326,"views":9,"p1id":"acetheinadequate","p2id":"cross12000","formatid":"gen9nationaldexubers","rating":0,"private":0,"password":""}