{"id":"gen9nationaldexubers-1993978901","p1":"Trainitar3","p2":"jimbo123456789","format":"[Gen 9] National Dex Ubers","log":"|j|\u2606Trainitar3\n|j|\u2606jimbo123456789\n|t:|1700387101\n|gametype|singles\n|player|p1|Trainitar3|ninjaboy|1157\n|player|p2|jimbo123456789|2|1265\n|teamsize|p1|6\n|teamsize|p2|6\n|gen|9\n|tier|[Gen 9] National Dex Ubers\n|rated|\n|rule|HP Percentage Mod: HP is shown in percentages\n|rule|Endless Battle Clause: Forcing endless battles is banned\n|rule|OHKO Clause: OHKO moves are banned\n|rule|Evasion Moves Clause: Evasion moves are banned\n|rule|Evasion Items Clause: Evasion items are banned\n|rule|Species Clause: Limit one of each Pok\u00e9mon\n|rule|Sleep Clause Mod: Limit one foe put to sleep\n|rule|Mega Rayquaza Clause: You cannot mega evolve Rayquaza\n|clearpoke\n|poke|p1|Xerneas-*|\n|poke|p1|Marshadow|\n|poke|p1|Groudon|\n|poke|p1|Deoxys-Speed|\n|poke|p1|Necrozma-Dusk-Mane|\n|poke|p1|Pheromosa|\n|poke|p2|Groudon|\n|poke|p2|Regieleki|\n|poke|p2|Zacian-*|\n|poke|p2|Necrozma-Dawn-Wings|\n|poke|p2|Zygarde|\n|poke|p2|Marshadow|\n|teampreview\n|inactive|Battle timer is ON: inactive players will automatically lose when time's up. (requested by jimbo123456789)\n|inactive|Trainitar3 also wants the timer to be on.\n|\n|t:|1700387114\n|start\n|switch|p1a: Deoxys|Deoxys-Speed, shiny|100\/100\n|switch|p2a: Regieleki|Regieleki, shiny|100\/100\n|-ability|p1a: Deoxys|Pressure\n|turn|1\n|\n|t:|1700387119\n|move|p1a: Deoxys|Magic Coat|p1a: Deoxys\n|-singleturn|p1a: Deoxys|move: Magic Coat\n|move|p2a: Regieleki|Thunder Wave|p1a: Deoxys\n|move|p1a: Deoxys|Thunder Wave|p2a: Regieleki|[from]Magic Coat\n|-immune|p2a: Regieleki\n|\n|upkeep\n|turn|2\n|\n|t:|1700387127\n|switch|p1a: Groudon|Groudon, shiny|100\/100\n|detailschange|p1a: Groudon|Groudon-Primal, shiny\n|-primal|p1a: Groudon|Red Orb\n|-weather|DesolateLand|[from] ability: Desolate Land|[of] p1a: Groudon\n|move|p2a: Regieleki|Thunder Wave|p1a: Groudon\n|-immune|p1a: Groudon\n|\n|-weather|DesolateLand|[upkeep]\n|upkeep\n|turn|3\n|\n|t:|1700387134\n|switch|p2a: Zygarde|Zygarde, shiny|100\/100\n|move|p1a: Groudon|Rock Polish|p1a: Groudon\n|-boost|p1a: Groudon|spe|2\n|\n|-weather|DesolateLand|[upkeep]\n|upkeep\n|turn|4\n|\n|t:|1700387141\n|-weather|none\n|switch|p1a: Deoxys|Deoxys-Speed, shiny|100\/100\n|-ability|p1a: Deoxys|Pressure\n|move|p2a: Zygarde|Dragon Dance|p2a: Zygarde\n|-boost|p2a: Zygarde|atk|1\n|-boost|p2a: Zygarde|spe|1\n|\n|upkeep\n|turn|5\n|\n|t:|1700387145\n|move|p1a: Deoxys|Taunt|p2a: Zygarde\n|-start|p2a: Zygarde|move: Taunt\n|cant|p2a: Zygarde|move: Taunt|Dragon Dance\n|\n|upkeep\n|turn|6\n|\n|t:|1700387154\n|move|p2a: Zygarde|Extreme Speed|p1a: Deoxys\n|-damage|p1a: Deoxys|57\/100\n|move|p1a: Deoxys|Stealth Rock|p2a: Zygarde\n|-sidestart|p2: jimbo123456789|move: Stealth Rock\n|\n|upkeep\n|turn|7\n|\n|t:|1700387160\n|move|p2a: Zygarde|Extreme Speed|p1a: Deoxys\n|-damage|p1a: Deoxys|12\/100\n|move|p1a: Deoxys|Spikes|p2a: Zygarde\n|-sidestart|p2: jimbo123456789|Spikes\n|\n|-end|p2a: Zygarde|move: Taunt\n|upkeep\n|turn|8\n|\n|t:|1700387166\n|move|p2a: Zygarde|Extreme Speed|p1a: Deoxys\n|-damage|p1a: Deoxys|0 fnt\n|faint|p1a: Deoxys\n|\n|upkeep\n|\n|t:|1700387174\n|switch|p1a: Marshadow|Marshadow|100\/100\n|turn|9\n|\n|t:|1700387181\n|move|p1a: Marshadow|Spectral Thief||[still]\n|-clearpositiveboost|p2a: Zygarde|p1a: Marshadow|move: Spectral Thief\n|-boost|p1a: Marshadow|atk|1\n|-boost|p1a: Marshadow|spe|1\n|-anim|p1a: Marshadow|Spectral Thief|p2a: Zygarde\n|-damage|p2a: Zygarde|56\/100\n|move|p2a: Zygarde|Dragon Dance|p2a: Zygarde\n|-boost|p2a: Zygarde|atk|1\n|-boost|p2a: Zygarde|spe|1\n|\n|-heal|p2a: Zygarde|62\/100|[from] item: Leftovers\n|upkeep\n|turn|10\n|\n|t:|1700387188\n|move|p1a: Marshadow|Spectral Thief||[still]\n|-clearpositiveboost|p2a: Zygarde|p1a: Marshadow|move: Spectral Thief\n|-boost|p1a: Marshadow|atk|1\n|-boost|p1a: Marshadow|spe|1\n|-anim|p1a: Marshadow|Spectral Thief|p2a: Zygarde\n|-damage|p2a: Zygarde|4\/100\n|move|p2a: Zygarde|Thousand Waves|p1a: Marshadow\n|-damage|p1a: Marshadow|50\/100\n|\n|-heal|p2a: Zygarde|10\/100|[from] item: Leftovers\n|-activate|p2a: Zygarde|ability: Power Construct\n|detailschange|p2a: Zygarde|Zygarde-Complete, shiny\n|-heal|p2a: Zygarde|43\/100|[silent]\n|upkeep\n|turn|11\n|\n|t:|1700387199\n|move|p1a: Marshadow|Spectral Thief|p2a: Zygarde\n|-damage|p2a: Zygarde|6\/100\n|move|p2a: Zygarde|Core Enforcer|p1a: Marshadow\n|-damage|p1a: Marshadow|14\/100\n|-endability|p1a: Marshadow\n|\n|-heal|p2a: Zygarde|12\/100|[from] item: Leftovers\n|upkeep\n|turn|12\n|\n|t:|1700387210\n|move|p1a: Marshadow|Spectral Thief|p2a: Zygarde\n|-damage|p2a: Zygarde|0 fnt\n|faint|p2a: Zygarde\n|\n|upkeep\n|\n|t:|1700387219\n|switch|p2a: Marshadow|Marshadow|100\/100\n|-damage|p2a: Marshadow|94\/100|[from] Stealth Rock\n|-damage|p2a: Marshadow|82\/100|[from] Spikes\n|turn|13\n|\n|t:|1700387224\n|-terastallize|p1a: Marshadow|Normal\n|move|p1a: Marshadow|Shadow Sneak|p2a: Marshadow\n|-supereffective|p2a: Marshadow\n|-damage|p2a: Marshadow|0 fnt\n|faint|p2a: Marshadow\n|\n|upkeep\n|\n|t:|1700387229\n|switch|p2a: Zacian|Zacian-Crowned, shiny|100\/100\n|-damage|p2a: Zacian|94\/100|[from] Stealth Rock\n|-damage|p2a: Zacian|82\/100|[from] Spikes\n|-ability|p2a: Zacian|Intrepid Sword|boost\n|-boost|p2a: Zacian|atk|1\n|turn|14\n|\n|t:|1700387233\n|move|p1a: Marshadow|Close Combat|p2a: Zacian\n|-damage|p2a: Zacian|0 fnt\n|-unboost|p1a: Marshadow|def|1\n|-unboost|p1a: Marshadow|spd|1\n|faint|p2a: Zacian\n|\n|upkeep\n|\n|t:|1700387237\n|switch|p2a: Groudon|Groudon, shiny|100\/100\n|-damage|p2a: Groudon|94\/100|[from] Stealth Rock\n|-damage|p2a: Groudon|82\/100|[from] Spikes\n|detailschange|p2a: Groudon|Groudon-Primal, shiny\n|-primal|p2a: Groudon|Red Orb\n|-weather|DesolateLand|[from] ability: Desolate Land|[of] p2a: Groudon\n|turn|15\n|\n|t:|1700387239\n|move|p1a: Marshadow|Close Combat|p2a: Groudon\n|-damage|p2a: Groudon|13\/100\n|-unboost|p1a: Marshadow|def|1\n|-unboost|p1a: Marshadow|spd|1\n|move|p2a: Groudon|Precipice Blades|p1a: Marshadow|[miss]\n|-miss|p2a: Groudon|p1a: Marshadow\n|\n|-weather|DesolateLand|[upkeep]\n|upkeep\n|turn|16\n|\n|t:|1700387248\n|move|p1a: Marshadow|Spectral Thief|p2a: Groudon\n|-damage|p2a: Groudon|0 fnt\n|faint|p2a: Groudon\n|-weather|none\n|\n|upkeep\n|\n|t:|1700387252\n|switch|p2a: Regieleki|Regieleki, shiny|100\/100\n|-damage|p2a: Regieleki|88\/100|[from] Stealth Rock\n|-damage|p2a: Regieleki|76\/100|[from] Spikes\n|turn|17\n|\n|t:|1700387257\n|move|p1a: Marshadow|Close Combat|p2a: Regieleki\n|-damage|p2a: Regieleki|0 fnt\n|-unboost|p1a: Marshadow|def|1\n|-unboost|p1a: Marshadow|spd|1\n|faint|p2a: Regieleki\n|\n|upkeep\n|\n|t:|1700387261\n|switch|p2a: Necrozma|Necrozma-Dawn-Wings, shiny|100\/100\n|-damage|p2a: Necrozma|88\/100|[from] Stealth Rock\n|-damage|p2a: Necrozma|76\/100|[from] Spikes\n|turn|18\n|\n|t:|1700387267\n|move|p1a: Marshadow|Shadow Sneak|p2a: Necrozma\n|-supereffective|p2a: Necrozma\n|-crit|p2a: Necrozma\n|-damage|p2a: Necrozma|0 fnt\n|faint|p2a: Necrozma\n|\n|win|Trainitar3\n|raw|Trainitar3's rating: 1157 &rarr; <strong>1190<\/strong><br \/>(+33 for winning)\n|raw|jimbo123456789's rating: 1265 &rarr; <strong>1232<\/strong><br \/>(-33 for losing)\n|l|\u2606jimbo123456789\n","uploadtime":1700387273,"views":7,"p1id":"trainitar3","p2id":"jimbo123456789","formatid":"gen9nationaldexubers","rating":1190,"private":0,"password":""}