{"id":"gen9nationaldexubers-1989305543","p1":"kezzybear","p2":"MTS007","format":"[Gen 9] National Dex Ubers","log":"|j|\u2606kezzybear\n|j|\u2606MTS007\n|t:|1699834262\n|gametype|singles\n|player|p1|kezzybear|102|1349\n|player|p2|MTS007|iris-gen5bw2|1419\n|teamsize|p1|6\n|teamsize|p2|6\n|gen|9\n|tier|[Gen 9] National Dex Ubers\n|rated|\n|rule|HP Percentage Mod: HP is shown in percentages\n|rule|Endless Battle Clause: Forcing endless battles is banned\n|rule|OHKO Clause: OHKO moves are banned\n|rule|Evasion Moves Clause: Evasion moves are banned\n|rule|Evasion Items Clause: Evasion items are banned\n|rule|Species Clause: Limit one of each Pok\u00e9mon\n|rule|Sleep Clause Mod: Limit one foe put to sleep\n|rule|Mega Rayquaza Clause: You cannot mega evolve Rayquaza\n|clearpoke\n|poke|p1|Moltres-Galar|\n|poke|p1|Kyogre|\n|poke|p1|Xerneas-*|\n|poke|p1|Landorus-Therian, M|\n|poke|p1|Zapdos|\n|poke|p1|Salamence, F|\n|poke|p2|Zacian-*|\n|poke|p2|Urshifu-*, M|\n|poke|p2|Calyrex-Ice|\n|poke|p2|Zamazenta-*|\n|poke|p2|Landorus-Therian, M|\n|poke|p2|Lopunny, F|\n|teampreview\n|inactive|Battle timer is ON: inactive players will automatically lose when time's up. (requested by kezzybear)\n|inactive|MTS007 has 120 seconds left.\n|\n|t:|1699834293\n|start\n|switch|p1a: Moltres|Moltres-Galar|100\/100\n|switch|p2a: Landorus|Landorus-Therian, M|100\/100\n|-ability|p2a: Landorus|Intimidate|boost\n|-unboost|p1a: Moltres|atk|1\n|turn|1\n|\n|t:|1699834300\n|move|p1a: Moltres|Agility|p1a: Moltres\n|-boost|p1a: Moltres|spe|2\n|move|p2a: Landorus|Stealth Rock|p1a: Moltres\n|-sidestart|p1: kezzybear|move: Stealth Rock\n|\n|upkeep\n|turn|2\n|\n|t:|1699834303\n|move|p1a: Moltres|Nasty Plot|p1a: Moltres\n|-boost|p1a: Moltres|spa|2\n|move|p2a: Landorus|Explosion|p1a: Moltres\n|-damage|p1a: Moltres|0 fnt\n|faint|p2a: Landorus\n|faint|p1a: Moltres\n|\n|upkeep\n|n|!kezzybear|kezzybear\n|\n|t:|1699834320\n|switch|p1a: Landorus|Landorus-Therian, M|100\/100\n|switch|p2a: Calyrex|Calyrex-Ice|100\/100\n|-ability|p2a: Calyrex|As One\n|-ability|p2a: Calyrex|Unnerve\n|-damage|p1a: Landorus|88\/100|[from] Stealth Rock\n|-ability|p1a: Landorus|Intimidate|boost\n|-unboost|p2a: Calyrex|atk|1\n|turn|3\n|\n|t:|1699834328\n|switch|p1a: Kyogre|Kyogre|100\/100\n|-damage|p1a: Kyogre|88\/100|[from] Stealth Rock\n|detailschange|p1a: Kyogre|Kyogre-Primal\n|-primal|p1a: Kyogre|Blue Orb\n|-weather|PrimordialSea|[from] ability: Primordial Sea|[of] p1a: Kyogre\n|move|p2a: Calyrex|Close Combat|p1a: Kyogre\n|-damage|p1a: Kyogre|53\/100\n|-unboost|p2a: Calyrex|def|1\n|-unboost|p2a: Calyrex|spd|1\n|\n|-weather|PrimordialSea|[upkeep]\n|upkeep\n|turn|4\n|\n|t:|1699834332\n|move|p1a: Kyogre|Aqua Ring|p1a: Kyogre\n|-start|p1a: Kyogre|Aqua Ring\n|move|p2a: Calyrex|Swords Dance|p2a: Calyrex\n|-boost|p2a: Calyrex|atk|2\n|\n|-weather|PrimordialSea|[upkeep]\n|-heal|p1a: Kyogre|59\/100|[from] Aqua Ring\n|upkeep\n|turn|5\n|\n|t:|1699834338\n|move|p1a: Kyogre|Origin Pulse|p2a: Calyrex\n|-damage|p2a: Calyrex|0 fnt\n|faint|p2a: Calyrex\n|\n|-weather|PrimordialSea|[upkeep]\n|-heal|p1a: Kyogre|65\/100|[from] Aqua Ring\n|upkeep\n|\n|t:|1699834345\n|switch|p2a: Zacian|Zacian-Crowned|100\/100\n|-ability|p2a: Zacian|Intrepid Sword|boost\n|-boost|p2a: Zacian|atk|1\n|turn|6\n|\n|t:|1699834348\n|move|p2a: Zacian|Play Rough|p1a: Kyogre\n|-damage|p1a: Kyogre|0 fnt\n|faint|p1a: Kyogre\n|-weather|none\n|\n|upkeep\n|\n|t:|1699834353\n|switch|p1a: Zapdos|Zapdos|100\/100\n|-damage|p1a: Zapdos|75\/100|[from] Stealth Rock\n|turn|7\n|\n|t:|1699834360\n|move|p2a: Zacian|Behemoth Blade|p1a: Zapdos\n|-resisted|p1a: Zapdos\n|-damage|p1a: Zapdos|39\/100\n|-damage|p2a: Zacian|84\/100|[from] item: Rocky Helmet|[of] p1a: Zapdos\n|move|p1a: Zapdos|Discharge|p2a: Zacian\n|-damage|p2a: Zacian|50\/100\n|\n|upkeep\n|turn|8\n|\n|t:|1699834364\n|move|p2a: Zacian|Behemoth Blade|p1a: Zapdos\n|-resisted|p1a: Zapdos\n|-damage|p1a: Zapdos|0 fnt\n|-damage|p2a: Zacian|34\/100|[from] item: Rocky Helmet|[of] p1a: Zapdos\n|faint|p1a: Zapdos\n|\n|upkeep\n|\n|t:|1699834369\n|switch|p1a: Landorus|Landorus-Therian, M|88\/100\n|-damage|p1a: Landorus|76\/100|[from] Stealth Rock\n|-ability|p1a: Landorus|Intimidate|boost\n|-unboost|p2a: Zacian|atk|1\n|turn|9\n|\n|t:|1699834372\n|move|p2a: Zacian|Play Rough|p1a: Landorus\n|-damage|p1a: Landorus|38\/100\n|move|p1a: Landorus|Earthquake|p2a: Zacian\n|-supereffective|p2a: Zacian\n|-damage|p2a: Zacian|0 fnt\n|faint|p2a: Zacian\n|\n|-heal|p1a: Landorus|44\/100|[from] item: Leftovers\n|upkeep\n|\n|t:|1699834383\n|switch|p2a: Lopunny|Lopunny, F, shiny|100\/100\n|turn|10\n|\n|t:|1699834390\n|detailschange|p2a: Lopunny|Lopunny-Mega, F, shiny\n|-mega|p2a: Lopunny|Lopunny|Lopunnite\n|move|p2a: Lopunny|Fake Out|p1a: Landorus\n|-damage|p1a: Landorus|28\/100\n|cant|p1a: Landorus|flinch\n|\n|-heal|p1a: Landorus|34\/100|[from] item: Leftovers\n|upkeep\n|turn|11\n|\n|t:|1699834399\n|move|p2a: Lopunny|Triple Axel|p1a: Landorus\n|-supereffective|p1a: Landorus\n|-damage|p1a: Landorus|11\/100\n|-hitcount|p1a: Landorus|1\n|move|p1a: Landorus|Toxic|p2a: Lopunny\n|-status|p2a: Lopunny|tox\n|\n|-heal|p1a: Landorus|17\/100|[from] item: Leftovers\n|-damage|p2a: Lopunny|94\/100 tox|[from] psn\n|upkeep\n|turn|12\n|\n|t:|1699834405\n|move|p2a: Lopunny|Triple Axel|p1a: Landorus\n|-supereffective|p1a: Landorus\n|-damage|p1a: Landorus|0 fnt\n|faint|p1a: Landorus\n|-hitcount|p1: Landorus|1\n|\n|-damage|p2a: Lopunny|82\/100 tox|[from] psn\n|upkeep\n|\n|t:|1699834407\n|switch|p1a: Xerneas|Xerneas|100\/100\n|-damage|p1a: Xerneas|88\/100|[from] Stealth Rock\n|-ability|p1a: Xerneas|Fairy Aura\n|turn|13\n|\n|t:|1699834409\n|move|p2a: Lopunny|Return|p1a: Xerneas\n|-damage|p1a: Xerneas|41\/100\n|move|p1a: Xerneas|Geomancy||[still]\n|-prepare|p1a: Xerneas|Geomancy\n|-enditem|p1a: Xerneas|Power Herb\n|-anim|p1a: Xerneas|Geomancy|p1a: Xerneas\n|-boost|p1a: Xerneas|spa|2\n|-boost|p1a: Xerneas|spd|2\n|-boost|p1a: Xerneas|spe|2\n|\n|-damage|p2a: Lopunny|63\/100 tox|[from] psn\n|upkeep\n|turn|14\n|\n|t:|1699834417\n|switch|p2a: Zamazenta|Zamazenta-Crowned|100\/100\n|-ability|p2a: Zamazenta|Dauntless Shield|boost\n|-boost|p2a: Zamazenta|def|1\n|-terastallize|p1a: Xerneas|Fairy\n|move|p1a: Xerneas|Moonblast|p2a: Zamazenta\n|-crit|p2a: Zamazenta\n|-damage|p2a: Zamazenta|0 fnt\n|faint|p2a: Zamazenta\n|\n|upkeep\n|\n|t:|1699834419\n|switch|p2a: Lopunny|Lopunny-Mega, F, shiny|63\/100 tox\n|turn|15\n|\n|t:|1699834423\n|move|p2a: Lopunny|Fake Out|p1a: Xerneas\n|-damage|p1a: Xerneas|22\/100\n|cant|p1a: Xerneas|flinch\n|\n|-damage|p2a: Lopunny|57\/100 tox|[from] psn\n|upkeep\n|turn|16\n|\n|t:|1699834427\n|move|p1a: Xerneas|Moonblast|p2a: Lopunny\n|-supereffective|p2a: Lopunny\n|-damage|p2a: Lopunny|0 fnt\n|faint|p2a: Lopunny\n|\n|upkeep\n|\n|t:|1699834428\n|switch|p2a: Urshifu|Urshifu, M|100\/100\n|turn|17\n|\n|t:|1699834430\n|-terastallize|p2a: Urshifu|Fairy\n|move|p1a: Xerneas|Moonblast|p2a: Urshifu\n|-damage|p2a: Urshifu|0 fnt\n|faint|p2a: Urshifu\n|\n|win|kezzybear\n|raw|kezzybear's rating: 1349 &rarr; <strong>1373<\/strong><br \/>(+24 for winning)\n|raw|MTS007's rating: 1419 &rarr; <strong>1395<\/strong><br \/>(-24 for losing)\n","uploadtime":1699834318,"views":5,"p1id":"kezzybear","p2id":"mts007","formatid":"gen9nationaldexubers","rating":1373,"private":0,"password":""}