{"id":"gen9nationaldexubers-1987781098","p1":"Jackimaster","p2":"BlueboyisHere","format":"[Gen 9] National Dex Ubers","log":"|j|\u2606Jackimaster\n|j|\u2606BlueboyisHere\n|t:|1699636289\n|gametype|singles\n|player|p1|Jackimaster|unknown|1138\n|player|p2|BlueboyisHere|blackbelt-gen4dp|1141\n|teamsize|p1|6\n|teamsize|p2|6\n|gen|9\n|tier|[Gen 9] National Dex Ubers\n|rated|\n|rule|HP Percentage Mod: HP is shown in percentages\n|rule|Endless Battle Clause: Forcing endless battles is banned\n|rule|OHKO Clause: OHKO moves are banned\n|rule|Evasion Moves Clause: Evasion moves are banned\n|rule|Evasion Items Clause: Evasion items are banned\n|rule|Species Clause: Limit one of each Pok\u00e9mon\n|rule|Sleep Clause Mod: Limit one foe put to sleep\n|rule|Mega Rayquaza Clause: You cannot mega evolve Rayquaza\n|clearpoke\n|poke|p1|Garganacl, M|\n|poke|p1|Meowscarada, F|\n|poke|p1|Grimmsnarl, M|\n|poke|p1|Zoroark-Hisui, F|\n|poke|p1|Sneasler, F|\n|poke|p1|Zeraora|\n|poke|p2|Urshifu-*, F|\n|poke|p2|Ceruledge, F|\n|poke|p2|Annihilape, M|\n|poke|p2|Ursaluna-Bloodmoon, M|\n|poke|p2|Garchomp, M|\n|poke|p2|Palafin, F|\n|teampreview\n|\n|t:|1699636302\n|start\n|switch|p1a: Garganacl|Garganacl, M, shiny|100\/100\n|switch|p2a: Annihilape|Annihilape, M|100\/100\n|turn|1\n|\n|t:|1699636310\n|move|p2a: Annihilape|Bulk Up|p2a: Annihilape\n|-boost|p2a: Annihilape|atk|1\n|-boost|p2a: Annihilape|def|1\n|move|p1a: Garganacl|Iron Defense|p1a: Garganacl\n|-boost|p1a: Garganacl|def|2\n|\n|upkeep\n|turn|2\n|\n|t:|1699636316\n|move|p2a: Annihilape|Taunt|p1a: Garganacl\n|-start|p1a: Garganacl|move: Taunt\n|cant|p1a: Garganacl|move: Taunt|Iron Defense\n|\n|upkeep\n|turn|3\n|inactive|Battle timer is ON: inactive players will automatically lose when time's up. (requested by Jackimaster)\n|\n|t:|1699636322\n|move|p2a: Annihilape|Drain Punch|p1a: Garganacl\n|-supereffective|p1a: Garganacl\n|-damage|p1a: Garganacl|60\/100\n|move|p1a: Garganacl|Salt Cure|p2a: Annihilape\n|-resisted|p2a: Annihilape\n|-damage|p2a: Annihilape|96\/100\n|-start|p2a: Annihilape|Salt Cure\n|\n|-heal|p2a: Annihilape|100\/100|[from] item: Leftovers\n|-heal|p1a: Garganacl|67\/100|[from] item: Leftovers\n|-damage|p2a: Annihilape|88\/100|[from] Salt Cure\n|upkeep\n|turn|4\n|\n|t:|1699636338\n|switch|p1a: Meowscarada|Meowscarada, F, shiny|100\/100\n|move|p2a: Annihilape|Bulk Up|p2a: Annihilape\n|-boost|p2a: Annihilape|atk|1\n|-boost|p2a: Annihilape|def|1\n|\n|-heal|p2a: Annihilape|94\/100|[from] item: Leftovers\n|-damage|p2a: Annihilape|82\/100|[from] Salt Cure\n|upkeep\n|turn|5\n|\n|t:|1699636349\n|-terastallize|p2a: Annihilape|Fairy\n|move|p1a: Meowscarada|Agility|p1a: Meowscarada\n|-boost|p1a: Meowscarada|spe|2\n|move|p2a: Annihilape|Rage Fist|p1a: Meowscarada\n|-immune|p1a: Meowscarada\n|\n|-heal|p2a: Annihilape|88\/100|[from] item: Leftovers\n|-damage|p2a: Annihilape|75\/100|[from] Salt Cure\n|upkeep\n|turn|6\n|\n|t:|1699636361\n|move|p1a: Meowscarada|Nasty Plot|p1a: Meowscarada\n|-boost|p1a: Meowscarada|spa|2\n|move|p2a: Annihilape|Drain Punch|p1a: Meowscarada\n|-immune|p1a: Meowscarada\n|\n|-heal|p2a: Annihilape|81\/100|[from] item: Leftovers\n|-damage|p2a: Annihilape|69\/100|[from] Salt Cure\n|upkeep\n|turn|7\n|\n|t:|1699636373\n|switch|p2a: Ceruledge|Ceruledge, F, shiny|100\/100\n|move|p1a: Meowscarada|Shadow Ball|p2a: Ceruledge\n|-supereffective|p2a: Ceruledge\n|-enditem|p2a: Ceruledge|Focus Sash\n|-damage|p2a: Ceruledge|1\/100\n|\n|upkeep\n|turn|8\n|\n|t:|1699636383\n|move|p1a: Meowscarada|Shadow Ball|p2a: Ceruledge\n|-supereffective|p2a: Ceruledge\n|-damage|p2a: Ceruledge|0 fnt\n|faint|p2a: Ceruledge\n|\n|upkeep\n|\n|t:|1699636389\n|switch|p2a: Garchomp|Garchomp, M|100\/100\n|turn|9\n|\n|t:|1699636394\n|detailschange|p2a: Garchomp|Garchomp-Mega, M\n|-mega|p2a: Garchomp|Garchomp|Garchompite\n|move|p1a: Meowscarada|Nasty Plot|p1a: Meowscarada\n|-boost|p1a: Meowscarada|spa|2\n|move|p2a: Garchomp|Fire Fang|p1a: Meowscarada\n|-damage|p1a: Meowscarada|43\/100\n|replace|p1a: Zoroark|Zoroark-Hisui, F\n|-end|p1a: Zoroark|Illusion\n|\n|upkeep\n|turn|10\n|\n|t:|1699636408\n|move|p1a: Zoroark|Shadow Ball|p2a: Garchomp\n|-crit|p2a: Garchomp\n|-damage|p2a: Garchomp|0 fnt\n|faint|p2a: Garchomp\n|\n|upkeep\n|\n|t:|1699636415\n|switch|p2a: Urshifu|Urshifu, F|100\/100\n|turn|11\n|\n|t:|1699636420\n|move|p1a: Zoroark|Shadow Ball|p2a: Urshifu\n|-resisted|p2a: Urshifu\n|-damage|p2a: Urshifu|0 fnt\n|faint|p2a: Urshifu\n|\n|upkeep\n|\n|t:|1699636425\n|switch|p2a: Palafin|Palafin, F|100\/100\n|turn|12\n|\n|t:|1699636430\n|detailschange|p2a: Palafin|Palafin-Hero, F\n|switch|p2a: Ursaluna|Ursaluna-Bloodmoon, M|100\/100\n|move|p1a: Zoroark|Shadow Ball|p2a: Ursaluna\n|-immune|p2a: Ursaluna\n|\n|upkeep\n|turn|13\n|\n|t:|1699636438\n|move|p1a: Zoroark|Psychic|p2a: Ursaluna\n|-damage|p2a: Ursaluna|0 fnt\n|faint|p2a: Ursaluna\n|\n|upkeep\n|\n|t:|1699636443\n|switch|p2a: Palafin|Palafin-Hero, F|100\/100\n|-activate|p2a: Palafin|ability: Zero to Hero\n|turn|14\n|\n|t:|1699636449\n|move|p2a: Palafin|Jet Punch|p1a: Zoroark\n|-damage|p1a: Zoroark|0 fnt\n|faint|p1a: Zoroark\n|\n|upkeep\n|\n|t:|1699636453\n|switch|p1a: Zeraora|Zeraora|100\/100\n|turn|15\n|\n|t:|1699636457\n|switch|p2a: Annihilape|Annihilape, M, tera:Fairy|69\/100\n|move|p1a: Zeraora|Plasma Fists|p2a: Annihilape\n|-damage|p2a: Annihilape|21\/100\n|-fieldactivate|move: Ion Deluge\n|-hint|Normal-type moves become Electric-type after using Plasma Fists.\n|\n|-heal|p2a: Annihilape|27\/100|[from] item: Leftovers\n|upkeep\n|turn|16\n|\n|t:|1699636467\n|move|p1a: Zeraora|Plasma Fists|p2a: Annihilape\n|-damage|p2a: Annihilape|0 fnt\n|-fieldactivate|move: Ion Deluge\n|-hint|Normal-type moves become Electric-type after using Plasma Fists.\n|faint|p2a: Annihilape\n|\n|upkeep\n|\n|t:|1699636474\n|switch|p2a: Palafin|Palafin-Hero, F|100\/100\n|turn|17\n|\n|t:|1699636478\n|move|p2a: Palafin|Jet Punch|p1a: Zeraora\n|-damage|p1a: Zeraora|61\/100\n|move|p1a: Zeraora|Plasma Fists|p2a: Palafin\n|-supereffective|p2a: Palafin\n|-damage|p2a: Palafin|18\/100\n|-fieldactivate|move: Ion Deluge\n|-hint|Normal-type moves become Electric-type after using Plasma Fists.\n|\n|-heal|p2a: Palafin|25\/100|[from] item: Leftovers\n|upkeep\n|turn|18\n|\n|t:|1699636498\n|move|p2a: Palafin|Jet Punch|p1a: Zeraora\n|-damage|p1a: Zeraora|21\/100\n|move|p1a: Zeraora|Plasma Fists|p2a: Palafin\n|-supereffective|p2a: Palafin\n|-damage|p2a: Palafin|0 fnt\n|-fieldactivate|move: Ion Deluge\n|-hint|Normal-type moves become Electric-type after using Plasma Fists.\n|faint|p2a: Palafin\n|\n|win|Jackimaster\n|raw|Jackimaster's rating: 1138 &rarr; <strong>1163<\/strong><br \/>(+25 for winning)\n|raw|BlueboyisHere's rating: 1141 &rarr; <strong>1116<\/strong><br \/>(-25 for losing)\n","uploadtime":1699636509,"views":10,"p1id":"jackimaster","p2id":"blueboyishere","formatid":"gen9nationaldexubers","rating":1116,"private":0,"password":""}