{"id":"gen9nationaldexubers-1997852601","p1":"Hoogaman","p2":"KarmaKazama0","format":"[Gen 9] National Dex Ubers","log":"|j|\u2606Hoogaman\n|j|\u2606KarmaKazama0\n|t:|1700859849\n|gametype|singles\n|player|p1|Hoogaman|ghetsis|1318\n|player|p2|KarmaKazama0|102|1545\n|teamsize|p1|6\n|teamsize|p2|6\n|gen|9\n|tier|[Gen 9] National Dex Ubers\n|rated|\n|rule|HP Percentage Mod: HP is shown in percentages\n|rule|Endless Battle Clause: Forcing endless battles is banned\n|rule|OHKO Clause: OHKO moves are banned\n|rule|Evasion Moves Clause: Evasion moves are banned\n|rule|Evasion Items Clause: Evasion items are banned\n|rule|Species Clause: Limit one of each Pok\u00e9mon\n|rule|Sleep Clause Mod: Limit one foe put to sleep\n|rule|Mega Rayquaza Clause: You cannot mega evolve Rayquaza\n|clearpoke\n|poke|p1|Marshadow|\n|poke|p1|Dragapult, M|\n|poke|p1|Charizard, M|\n|poke|p1|Zacian-*|\n|poke|p1|Groudon|\n|poke|p1|Melmetal|\n|poke|p2|Marshadow|\n|poke|p2|Ho-Oh|\n|poke|p2|Arceus-Ground|\n|poke|p2|Groudon|\n|poke|p2|Xerneas-*|\n|poke|p2|Zygarde|\n|teampreview\n|inactive|Battle timer is ON: inactive players will automatically lose when time's up. (requested by KarmaKazama0)\n|\n|t:|1700859884\n|start\n|switch|p1a: HADES|Groudon, shiny|100\/100\n|switch|p2a: Groudon|Groudon|100\/100\n|detailschange|p1a: HADES|Groudon-Primal, shiny\n|-primal|p1a: HADES|Red Orb\n|-weather|DesolateLand|[from] ability: Desolate Land|[of] p1a: HADES\n|detailschange|p2a: Groudon|Groudon-Primal\n|-primal|p2a: Groudon|Red Orb\n|turn|1\n|\n|t:|1700859908\n|move|p1a: HADES|Earthquake|p2a: Groudon\n|-supereffective|p2a: Groudon\n|-damage|p2a: Groudon|40\/100\n|move|p2a: Groudon|Spikes|p1a: HADES\n|-sidestart|p1: Hoogaman|Spikes\n|\n|-weather|DesolateLand|[upkeep]\n|upkeep\n|turn|2\n|\n|t:|1700859917\n|switch|p2a: Zygarde|Zygarde|100\/100\n|move|p1a: HADES|Earthquake|p2a: Zygarde\n|-damage|p2a: Zygarde|67\/100\n|\n|-weather|DesolateLand|[upkeep]\n|-heal|p2a: Zygarde|73\/100|[from] item: Leftovers\n|upkeep\n|turn|3\n|\n|t:|1700859937\n|-weather|none\n|switch|p1a: Flamethrower|Charizard, M, shiny|100\/100\n|move|p2a: Zygarde|Glare|p1a: Flamethrower\n|-status|p1a: Flamethrower|par\n|\n|-heal|p2a: Zygarde|79\/100|[from] item: Leftovers\n|upkeep\n|turn|4\n|\n|t:|1700859952\n|detailschange|p1a: Flamethrower|Charizard-Mega-Y, M, shiny\n|-mega|p1a: Flamethrower|Charizard|Charizardite Y\n|-weather|SunnyDay|[from] ability: Drought|[of] p1a: Flamethrower\n|move|p2a: Zygarde|Thousand Arrows|p1a: Flamethrower\n|-damage|p1a: Flamethrower|60\/100 par\n|-start|p1a: Flamethrower|Smack Down\n|move|p1a: Flamethrower|Solar Beam||[still]\n|-prepare|p1a: Flamethrower|Solar Beam\n|-anim|p1a: Flamethrower|Solar Beam|p2a: Zygarde\n|-damage|p2a: Zygarde|40\/100\n|\n|-weather|SunnyDay|[upkeep]\n|-heal|p2a: Zygarde|46\/100|[from] item: Leftovers\n|-activate|p2a: Zygarde|ability: Power Construct\n|detailschange|p2a: Zygarde|Zygarde-Complete\n|-heal|p2a: Zygarde|65\/100|[silent]\n|upkeep\n|turn|5\n|inactive|Hoogaman has 120 seconds left.\n|\n|t:|1700859971\n|switch|p2a: Groudon|Groudon-Primal|40\/100\n|-weather|DesolateLand|[from] ability: Desolate Land|[of] p2a: Groudon\n|move|p1a: Flamethrower|Dragon Pulse|p2a: Groudon\n|-damage|p2a: Groudon|16\/100\n|\n|-weather|DesolateLand|[upkeep]\n|upkeep\n|turn|6\n|\n|t:|1700859979\n|move|p2a: Groudon|Stone Edge|p1a: Flamethrower|[miss]\n|-miss|p2a: Groudon|p1a: Flamethrower\n|move|p1a: Flamethrower|Dragon Pulse|p2a: Groudon\n|-damage|p2a: Groudon|0 fnt\n|faint|p2a: Groudon\n|-weather|none\n|\n|upkeep\n|\n|t:|1700859989\n|switch|p2a: Xerneas|Xerneas|100\/100\n|-ability|p2a: Xerneas|Fairy Aura\n|turn|7\n|\n|t:|1700860001\n|move|p2a: Xerneas|Hidden Power|p1a: Flamethrower\n|-supereffective|p1a: Flamethrower\n|-damage|p1a: Flamethrower|0 fnt\n|faint|p1a: Flamethrower\n|\n|upkeep\n|\n|t:|1700860009\n|switch|p1a: YOUR SO SCREWED!|Zacian-Crowned, shiny|100\/100\n|-damage|p1a: YOUR SO SCREWED!|88\/100|[from] Spikes\n|-ability|p1a: YOUR SO SCREWED!|Intrepid Sword|boost\n|-boost|p1a: YOUR SO SCREWED!|atk|1\n|turn|8\n|\n|t:|1700860027\n|move|p1a: YOUR SO SCREWED!|Behemoth Blade|p2a: Xerneas\n|-supereffective|p2a: Xerneas\n|-damage|p2a: Xerneas|0 fnt\n|faint|p2a: Xerneas\n|\n|upkeep\n|\n|t:|1700860031\n|switch|p2a: Arceus|Arceus-Ground|100\/100\n|turn|9\n|\n|t:|1700860037\n|move|p1a: YOUR SO SCREWED!|Trailblaze|p2a: Arceus\n|-supereffective|p2a: Arceus\n|-damage|p2a: Arceus|59\/100\n|-boost|p1a: YOUR SO SCREWED!|spe|1\n|move|p2a: Arceus|Judgment|p1a: YOUR SO SCREWED!\n|-supereffective|p1a: YOUR SO SCREWED!\n|-damage|p1a: YOUR SO SCREWED!|0 fnt\n|faint|p1a: YOUR SO SCREWED!\n|\n|upkeep\n|\n|t:|1700860049\n|switch|p1a: Melmetal|Melmetal|100\/100\n|-damage|p1a: Melmetal|88\/100|[from] Spikes\n|turn|10\n|\n|t:|1700860059\n|move|p2a: Arceus|Judgment|p1a: Melmetal\n|-supereffective|p1a: Melmetal\n|-damage|p1a: Melmetal|0 fnt\n|faint|p1a: Melmetal\n|\n|upkeep\n|\n|t:|1700860072\n|switch|p1a: Fighter Jet|Dragapult, M, shiny|100\/100\n|-damage|p1a: Fighter Jet|88\/100|[from] Spikes\n|turn|11\n|\n|t:|1700860081\n|-terastallize|p1a: Fighter Jet|Ghost\n|move|p1a: Fighter Jet|Tera Blast|p2a: Arceus|[anim] Tera Blast Ghost\n|-damage|p2a: Arceus|21\/100\n|move|p2a: Arceus|Recover|p2a: Arceus\n|-heal|p2a: Arceus|71\/100\n|\n|upkeep\n|turn|12\n|\n|t:|1700860100\n|move|p1a: Fighter Jet|Substitute|p1a: Fighter Jet\n|-start|p1a: Fighter Jet|Substitute\n|-damage|p1a: Fighter Jet|63\/100\n|move|p2a: Arceus|Judgment|p1a: Fighter Jet\n|-end|p1a: Fighter Jet|Substitute\n|\n|upkeep\n|turn|13\n|\n|t:|1700860107\n|move|p1a: Fighter Jet|U-turn|p2a: Arceus\n|-damage|p2a: Arceus|52\/100\n|\n|t:|1700860115\n|switch|p1a: HADES|Groudon-Primal, shiny|100\/100|[from] U-turn\n|-damage|p1a: HADES|88\/100|[from] Spikes\n|-weather|DesolateLand|[from] ability: Desolate Land|[of] p1a: HADES\n|move|p2a: Arceus|Judgment|p1a: HADES\n|-supereffective|p1a: HADES\n|-damage|p1a: HADES|0 fnt\n|faint|p1a: HADES\n|-weather|none\n|\n|upkeep\n|\n|t:|1700860125\n|switch|p1a: creepy doll|Marshadow|100\/100\n|-damage|p1a: creepy doll|88\/100|[from] Spikes\n|turn|14\n|\n|t:|1700860136\n|switch|p2a: Zygarde|Zygarde-Complete|65\/100\n|move|p1a: creepy doll|Close Combat|p2a: Zygarde\n|-damage|p2a: Zygarde|45\/100\n|-unboost|p1a: creepy doll|def|1\n|-unboost|p1a: creepy doll|spd|1\n|\n|-heal|p2a: Zygarde|51\/100|[from] item: Leftovers\n|upkeep\n|turn|15\n|\n|t:|1700860153\n|move|p1a: creepy doll|Spectral Thief|p2a: Zygarde\n|-damage|p2a: Zygarde|35\/100\n|move|p2a: Zygarde|Glare|p1a: creepy doll\n|-status|p1a: creepy doll|par\n|\n|-heal|p2a: Zygarde|41\/100|[from] item: Leftovers\n|upkeep\n|turn|16\n|\n|t:|1700860164\n|move|p2a: Zygarde|Thousand Arrows|p1a: creepy doll\n|-damage|p1a: creepy doll|26\/100 par\n|cant|p1a: creepy doll|par\n|\n|-heal|p2a: Zygarde|47\/100|[from] item: Leftovers\n|upkeep\n|turn|17\n|\n|t:|1700860171\n|switch|p1a: Fighter Jet|Dragapult, M, shiny, tera:Ghost|63\/100\n|-damage|p1a: Fighter Jet|51\/100|[from] Spikes\n|move|p2a: Zygarde|Thousand Arrows|p1a: Fighter Jet\n|-damage|p1a: Fighter Jet|6\/100\n|\n|-heal|p2a: Zygarde|53\/100|[from] item: Leftovers\n|upkeep\n|turn|18\n|\n|t:|1700860179\n|move|p1a: Fighter Jet|Tera Blast|p2a: Zygarde|[anim] Tera Blast Ghost\n|-damage|p2a: Zygarde|35\/100\n|move|p2a: Zygarde|Thousand Arrows|p1a: Fighter Jet\n|-damage|p1a: Fighter Jet|0 fnt\n|faint|p1a: Fighter Jet\n|\n|-heal|p2a: Zygarde|41\/100|[from] item: Leftovers\n|upkeep\n|\n|t:|1700860190\n|switch|p1a: creepy doll|Marshadow|26\/100 par\n|-damage|p1a: creepy doll|14\/100 par|[from] Spikes\n|turn|19\n|\n|t:|1700860196\n|move|p2a: Zygarde|Thousand Arrows|p1a: creepy doll\n|-damage|p1a: creepy doll|0 fnt\n|faint|p1a: creepy doll\n|\n|win|KarmaKazama0\n|raw|Hoogaman's rating: 1318 &rarr; <strong>1309<\/strong><br \/>(-9 for losing)\n|raw|KarmaKazama0's rating: 1545 &rarr; <strong>1554<\/strong><br \/>(+9 for winning)\n","uploadtime":1700860202,"views":7,"p1id":"hoogaman","p2id":"karmakazama0","formatid":"gen9nationaldexubers","rating":1309,"private":0,"password":""}