{"id":"gen9nationaldexubers-1981789586","p1":"Phenixclause","p2":"PSYCH0-MODE\ufe0f\ufe0f\ufe0f\u26a7\ufe0f","format":"[Gen 9] National Dex Ubers","log":"|j|\u2606Phenixclause\n|j|\u2606PSYCH0-MODE\ufe0f\ufe0f\ufe0f\u26a7\ufe0f\n|t:|1698941775\n|gametype|singles\n|player|p1|Phenixclause|169|1172\n|player|p2|PSYCH0-MODE\ufe0f\ufe0f\ufe0f\u26a7\ufe0f|sabrina|1195\n|teamsize|p1|6\n|teamsize|p2|6\n|gen|9\n|tier|[Gen 9] National Dex Ubers\n|rated|\n|rule|HP Percentage Mod: HP is shown in percentages\n|rule|Endless Battle Clause: Forcing endless battles is banned\n|rule|OHKO Clause: OHKO moves are banned\n|rule|Evasion Moves Clause: Evasion moves are banned\n|rule|Evasion Items Clause: Evasion items are banned\n|rule|Species Clause: Limit one of each Pok\u00e9mon\n|rule|Sleep Clause Mod: Limit one foe put to sleep\n|rule|Mega Rayquaza Clause: You cannot mega evolve Rayquaza\n|clearpoke\n|poke|p1|Rotom-Mow|\n|poke|p1|Charizard, M|\n|poke|p1|Garganacl, F|\n|poke|p1|Palafin, F|\n|poke|p1|Lugia|\n|poke|p1|Shuckle, M|\n|poke|p2|Indeedee-F, F|\n|poke|p2|Farigiraf, F|\n|poke|p2|Gothitelle, F|\n|poke|p2|Reuniclus, M|\n|poke|p2|Medicham, F|\n|poke|p2|Hoopa-Unbound|\n|teampreview\n|\n|t:|1698941788\n|start\n|switch|p1a: Shuckle|Shuckle, M|100\/100\n|switch|p2a: \ud83c\udf0cINDEEDEE\ud83c\udf0c|Indeedee-F, F|100\/100\n|-fieldstart|move: Psychic Terrain|[from] ability: Psychic Surge|[of] p2a: \ud83c\udf0cINDEEDEE\ud83c\udf0c\n|turn|1\n|\n|t:|1698941802\n|switch|p2a: \ud83c\udf0c\ud83c\udf0c\ud83d\udd2eHOOPA\ud83d\udd2e\ud83c\udf0c\ud83c\udf0c|Hoopa-Unbound|100\/100\n|move|p1a: Shuckle|Sticky Web|p2a: \ud83c\udf0c\ud83c\udf0c\ud83d\udd2eHOOPA\ud83d\udd2e\ud83c\udf0c\ud83c\udf0c\n|-sidestart|p2: PSYCH0-MODE\ufe0f\ufe0f\ufe0f\u26a7\ufe0f|move: Sticky Web\n|\n|upkeep\n|turn|2\n|\n|t:|1698941809\n|move|p2a: \ud83c\udf0c\ud83c\udf0c\ud83d\udd2eHOOPA\ud83d\udd2e\ud83c\udf0c\ud83c\udf0c|Nasty Plot|p2a: \ud83c\udf0c\ud83c\udf0c\ud83d\udd2eHOOPA\ud83d\udd2e\ud83c\udf0c\ud83c\udf0c\n|-boost|p2a: \ud83c\udf0c\ud83c\udf0c\ud83d\udd2eHOOPA\ud83d\udd2e\ud83c\udf0c\ud83c\udf0c|spa|2\n|move|p1a: Shuckle|Stealth Rock|p2a: \ud83c\udf0c\ud83c\udf0c\ud83d\udd2eHOOPA\ud83d\udd2e\ud83c\udf0c\ud83c\udf0c\n|-sidestart|p2: PSYCH0-MODE\ufe0f\ufe0f\ufe0f\u26a7\ufe0f|move: Stealth Rock\n|\n|upkeep\n|turn|3\n|\n|t:|1698941820\n|-terastallize|p2a: \ud83c\udf0c\ud83c\udf0c\ud83d\udd2eHOOPA\ud83d\udd2e\ud83c\udf0c\ud83c\udf0c|Psychic\n|move|p2a: \ud83c\udf0c\ud83c\udf0c\ud83d\udd2eHOOPA\ud83d\udd2e\ud83c\udf0c\ud83c\udf0c|Psychic|p1a: Shuckle\n|-ability|p1a: Shuckle|Sturdy\n|-damage|p1a: Shuckle|1\/100\n|move|p1a: Shuckle|Encore|p2a: \ud83c\udf0c\ud83c\udf0c\ud83d\udd2eHOOPA\ud83d\udd2e\ud83c\udf0c\ud83c\udf0c\n|-start|p2a: \ud83c\udf0c\ud83c\udf0c\ud83d\udd2eHOOPA\ud83d\udd2e\ud83c\udf0c\ud83c\udf0c|Encore\n|\n|upkeep\n|turn|4\n|\n|t:|1698941830\n|move|p2a: \ud83c\udf0c\ud83c\udf0c\ud83d\udd2eHOOPA\ud83d\udd2e\ud83c\udf0c\ud83c\udf0c|Psychic|p1a: Shuckle\n|-crit|p1a: Shuckle\n|-damage|p1a: Shuckle|0 fnt\n|faint|p1a: Shuckle\n|\n|upkeep\n|\n|t:|1698941834\n|switch|p1a: Better version|Rotom-Mow|100\/100\n|turn|5\n|\n|t:|1698941841\n|move|p1a: Better version|Volt Switch|p2a: \ud83c\udf0c\ud83c\udf0c\ud83d\udd2eHOOPA\ud83d\udd2e\ud83c\udf0c\ud83c\udf0c\n|-damage|p2a: \ud83c\udf0c\ud83c\udf0c\ud83d\udd2eHOOPA\ud83d\udd2e\ud83c\udf0c\ud83c\udf0c|72\/100\n|\n|t:|1698941843\n|switch|p1a: Garganacl|Garganacl, F|100\/100|[from] Volt Switch\n|move|p2a: \ud83c\udf0c\ud83c\udf0c\ud83d\udd2eHOOPA\ud83d\udd2e\ud83c\udf0c\ud83c\udf0c|Psychic|p1a: Garganacl\n|-damage|p1a: Garganacl|0 fnt\n|faint|p1a: Garganacl\n|\n|upkeep\n|\n|t:|1698941845\n|switch|p1a: Palafin|Palafin, F|100\/100\n|turn|6\n|inactive|Battle timer is ON: inactive players will automatically lose when time's up. (requested by PSYCH0-MODE\ufe0f\ufe0f\ufe0f\u26a7\ufe0f)\n|l|\u2606Phenixclause\n|inactive|Phenixclause disconnected and has a minute to reconnect!\n|player|p1|\n|inactive|Phenixclause has 30 seconds to reconnect!\n|inactive|Phenixclause has 20 seconds to reconnect!\n|inactive|Phenixclause has 15 seconds to reconnect!\n|inactive|Phenixclause has 10 seconds to reconnect!\n|j|\u2606Phenixclause\n|inactive|Phenixclause reconnected and has 95 seconds left.\n|player|p1|Phenixclause|169\n|inactive|Phenixclause has 90 seconds left.\n|\n|t:|1698941985\n|detailschange|p1a: Palafin|Palafin-Hero, F\n|switch|p1a: Lugia|Lugia|100\/100\n|-ability|p1a: Lugia|Pressure\n|move|p2a: \ud83c\udf0c\ud83c\udf0c\ud83d\udd2eHOOPA\ud83d\udd2e\ud83c\udf0c\ud83c\udf0c|Psychic|p1a: Lugia\n|-resisted|p1a: Lugia\n|-damage|p1a: Lugia|34\/100\n|\n|-heal|p1a: Lugia|40\/100|[from] item: Leftovers\n|-end|p2a: \ud83c\udf0c\ud83c\udf0c\ud83d\udd2eHOOPA\ud83d\udd2e\ud83c\udf0c\ud83c\udf0c|Encore\n|upkeep\n|turn|7\n|inactive|PSYCH0-MODE\ufe0f\ufe0f\ufe0f\u26a7\ufe0f has 120 seconds left.\n|inactive|PSYCH0-MODE\ufe0f\ufe0f\ufe0f\u26a7\ufe0f has 90 seconds left.\n|inactive|PSYCH0-MODE\ufe0f\ufe0f\ufe0f\u26a7\ufe0f has 60 seconds left.\n|\n|t:|1698942086\n|move|p1a: Lugia|Toxic|p2a: \ud83c\udf0c\ud83c\udf0c\ud83d\udd2eHOOPA\ud83d\udd2e\ud83c\udf0c\ud83c\udf0c\n|-status|p2a: \ud83c\udf0c\ud83c\udf0c\ud83d\udd2eHOOPA\ud83d\udd2e\ud83c\udf0c\ud83c\udf0c|tox\n|move|p2a: \ud83c\udf0c\ud83c\udf0c\ud83d\udd2eHOOPA\ud83d\udd2e\ud83c\udf0c\ud83c\udf0c|Psychic|p1a: Lugia\n|-resisted|p1a: Lugia\n|-damage|p1a: Lugia|0 fnt\n|faint|p1a: Lugia\n|\n|-damage|p2a: \ud83c\udf0c\ud83c\udf0c\ud83d\udd2eHOOPA\ud83d\udd2e\ud83c\udf0c\ud83c\udf0c|66\/100 tox|[from] psn\n|upkeep\n|\n|t:|1698942110\n|switch|p1a: Palafin|Palafin-Hero, F|100\/100\n|-activate|p1a: Palafin|ability: Zero to Hero\n|turn|8\n|inactive|PSYCH0-MODE\ufe0f\ufe0f\ufe0f\u26a7\ufe0f has 60 seconds left.\n|-message|Phenixclause forfeited.\n|\n|win|PSYCH0-MODE\ufe0f\ufe0f\ufe0f\u26a7\ufe0f\n|raw|Phenixclause's rating: 1172 &rarr; <strong>1149<\/strong><br \/>(-23 for losing)\n|raw|PSYCH0-MODE\ufe0f\ufe0f\ufe0f\u26a7\ufe0f's rating: 1195 &rarr; <strong>1218<\/strong><br \/>(+23 for winning)\n|l|\u2606Phenixclause\n","uploadtime":1698944517,"views":8,"p1id":"phenixclause","p2id":"psych0mode","formatid":"gen9nationaldexubers","rating":1149,"private":0,"password":""}