{"id":"gen9nationaldexubers-1996825846","p1":"Parth531","p2":"killgaldo","format":"[Gen 9] National Dex Ubers","log":"|j|\u2606Parth531\n|j|\u2606killgaldo\n|t:|1700731505\n|gametype|singles\n|player|p1|Parth531|1|1214\n|player|p2|killgaldo|lance|1232\n|teamsize|p1|6\n|teamsize|p2|6\n|gen|9\n|tier|[Gen 9] National Dex Ubers\n|rated|\n|rule|HP Percentage Mod: HP is shown in percentages\n|rule|Endless Battle Clause: Forcing endless battles is banned\n|rule|OHKO Clause: OHKO moves are banned\n|rule|Evasion Moves Clause: Evasion moves are banned\n|rule|Evasion Items Clause: Evasion items are banned\n|rule|Species Clause: Limit one of each Pok\u00e9mon\n|rule|Sleep Clause Mod: Limit one foe put to sleep\n|rule|Mega Rayquaza Clause: You cannot mega evolve Rayquaza\n|clearpoke\n|poke|p1|Arceus|\n|poke|p1|Xerneas-*|\n|poke|p1|Mewtwo|\n|poke|p1|Groudon|\n|poke|p1|Calyrex-Ice|\n|poke|p1|Deoxys-Attack|\n|poke|p2|Porygon-Z|\n|poke|p2|Deoxys-Attack|\n|poke|p2|Celesteela|\n|poke|p2|Garchomp, F|\n|poke|p2|Zamazenta-*|\n|poke|p2|Flutter Mane|\n|teampreview\n|inactive|Battle timer is ON: inactive players will automatically lose when time's up. (requested by Parth531)\n|j| Evil T-tar\n|\n|t:|1700731528\n|start\n|switch|p1a: Mewtwo|Mewtwo|100\/100\n|switch|p2a: Flutter Mane|Flutter Mane|100\/100\n|-ability|p1a: Mewtwo|Pressure\n|-enditem|p2a: Flutter Mane|Booster Energy\n|-activate|p2a: Flutter Mane|ability: Protosynthesis|[fromitem]\n|-start|p2a: Flutter Mane|protosynthesisspe\n|turn|1\n|\n|t:|1700731554\n|detailschange|p1a: Mewtwo|Mewtwo-Mega-X\n|-mega|p1a: Mewtwo|Mewtwo|Mewtwonite X\n|move|p2a: Flutter Mane|Calm Mind|p2a: Flutter Mane\n|-boost|p2a: Flutter Mane|spa|1\n|-boost|p2a: Flutter Mane|spd|1\n|move|p1a: Mewtwo|Earthquake|p2a: Flutter Mane\n|-damage|p2a: Flutter Mane|0 fnt\n|faint|p2a: Flutter Mane\n|-end|p2a: Flutter Mane|Protosynthesis|[silent]\n|\n|upkeep\n|\n|t:|1700731564\n|switch|p2a: Deoxys|Deoxys-Attack|100\/100\n|-ability|p2a: Deoxys|Pressure\n|turn|2\n|\n|t:|1700731574\n|move|p2a: Deoxys|Psychic|p1a: Mewtwo\n|-damage|p1a: Mewtwo|10\/100\n|move|p1a: Mewtwo|Ice Punch|p2a: Deoxys\n|-damage|p2a: Deoxys|0 fnt\n|faint|p2a: Deoxys\n|\n|upkeep\n|\n|t:|1700731579\n|switch|p2a: Porygon-Z|Porygon-Z|100\/100\n|turn|3\n|\n|t:|1700731586\n|-terastallize|p2a: Porygon-Z|Normal\n|move|p2a: Porygon-Z|Tri Attack|p1a: Mewtwo\n|-damage|p1a: Mewtwo|0 fnt\n|faint|p1a: Mewtwo\n|\n|upkeep\n|\n|t:|1700731601\n|switch|p1a: Sweeper 2|Xerneas|100\/100\n|-ability|p1a: Sweeper 2|Fairy Aura\n|turn|4\n|\n|t:|1700731606\n|move|p2a: Porygon-Z|Tri Attack|p1a: Sweeper 2\n|-damage|p1a: Sweeper 2|40\/100\n|move|p1a: Sweeper 2|Focus Blast|p2a: Porygon-Z\n|-supereffective|p2a: Porygon-Z\n|-damage|p2a: Porygon-Z|0 fnt\n|faint|p2a: Porygon-Z\n|\n|upkeep\n|\n|t:|1700731613\n|switch|p2a: Zamazenta|Zamazenta-Crowned|100\/100\n|-ability|p2a: Zamazenta|Dauntless Shield|boost\n|-boost|p2a: Zamazenta|def|1\n|turn|5\n|\n|t:|1700731619\n|move|p2a: Zamazenta|Behemoth Bash|p1a: Sweeper 2\n|-supereffective|p1a: Sweeper 2\n|-damage|p1a: Sweeper 2|0 fnt\n|faint|p1a: Sweeper 2\n|\n|upkeep\n|\n|t:|1700731625\n|switch|p1a: Groudon|Groudon|100\/100\n|detailschange|p1a: Groudon|Groudon-Primal\n|-primal|p1a: Groudon|Red Orb\n|-weather|DesolateLand|[from] ability: Desolate Land|[of] p1a: Groudon\n|turn|6\n|\n|t:|1700731643\n|move|p2a: Zamazenta|Iron Defense|p2a: Zamazenta\n|-boost|p2a: Zamazenta|def|2\n|move|p1a: Groudon|Rock Polish|p1a: Groudon\n|-boost|p1a: Groudon|spe|2\n|\n|-weather|DesolateLand|[upkeep]\n|upkeep\n|turn|7\n|\n|t:|1700731650\n|move|p1a: Groudon|Precipice Blades|p2a: Zamazenta\n|-supereffective|p2a: Zamazenta\n|-damage|p2a: Zamazenta|49\/100\n|move|p2a: Zamazenta|Iron Defense|p2a: Zamazenta\n|-boost|p2a: Zamazenta|def|2\n|\n|-weather|DesolateLand|[upkeep]\n|upkeep\n|turn|8\n|\n|t:|1700731656\n|move|p1a: Groudon|Precipice Blades|p2a: Zamazenta\n|-supereffective|p2a: Zamazenta\n|-damage|p2a: Zamazenta|14\/100\n|move|p2a: Zamazenta|Body Press|p1a: Groudon\n|-damage|p1a: Groudon|15\/100\n|\n|-weather|DesolateLand|[upkeep]\n|upkeep\n|turn|9\n|\n|t:|1700731663\n|move|p1a: Groudon|Precipice Blades|p2a: Zamazenta\n|-supereffective|p2a: Zamazenta\n|-damage|p2a: Zamazenta|0 fnt\n|faint|p2a: Zamazenta\n|\n|-weather|DesolateLand|[upkeep]\n|upkeep\n|\n|t:|1700731670\n|switch|p2a: Garchomp|Garchomp, F|100\/100\n|turn|10\n|\n|t:|1700731682\n|detailschange|p2a: Garchomp|Garchomp-Mega, F\n|-mega|p2a: Garchomp|Garchomp|Garchompite\n|move|p1a: Groudon|Dragon Claw|p2a: Garchomp\n|-supereffective|p2a: Garchomp\n|-damage|p2a: Garchomp|41\/100\n|move|p2a: Garchomp|Scale Shot|p1a: Groudon\n|-damage|p1a: Groudon|3\/100\n|-damage|p1a: Groudon|0 fnt\n|faint|p1a: Groudon\n|-weather|none\n|-hitcount|p1: Groudon|2\n|-unboost|p2a: Garchomp|def|1\n|-boost|p2a: Garchomp|spe|1\n|\n|upkeep\n|\n|t:|1700731695\n|switch|p1a: Sweeper 1|Arceus|100\/100\n|turn|11\n|\n|t:|1700731704\n|move|p1a: Sweeper 1|Extreme Speed|p2a: Garchomp\n|-damage|p2a: Garchomp|0 fnt\n|faint|p2a: Garchomp\n|\n|upkeep\n|\n|t:|1700731708\n|switch|p2a: Celesteela|Celesteela|100\/100\n|turn|12\n|\n|t:|1700731723\n|move|p1a: Sweeper 1|Swords Dance|p1a: Sweeper 1\n|-boost|p1a: Sweeper 1|atk|2\n|move|p2a: Celesteela|Leech Seed|p1a: Sweeper 1|[miss]\n|-miss|p2a: Celesteela|p1a: Sweeper 1\n|\n|upkeep\n|turn|13\n|\n|t:|1700731730\n|move|p1a: Sweeper 1|Extreme Speed|p2a: Celesteela\n|-resisted|p2a: Celesteela\n|-damage|p2a: Celesteela|65\/100\n|move|p2a: Celesteela|Leech Seed|p1a: Sweeper 1\n|-start|p1a: Sweeper 1|move: Leech Seed\n|\n|-heal|p2a: Celesteela|72\/100|[from] item: Leftovers\n|-damage|p1a: Sweeper 1|88\/100|[from] Leech Seed|[of] p2a: Celesteela\n|-heal|p2a: Celesteela|86\/100|[silent]\n|upkeep\n|turn|14\n|\n|t:|1700731738\n|move|p2a: Celesteela|Protect|p2a: Celesteela\n|-singleturn|p2a: Celesteela|Protect\n|move|p1a: Sweeper 1|Extreme Speed|p2a: Celesteela\n|-activate|p2a: Celesteela|move: Protect\n|\n|-heal|p1a: Sweeper 1|94\/100|[from] item: Leftovers\n|-heal|p2a: Celesteela|92\/100|[from] item: Leftovers\n|-damage|p1a: Sweeper 1|82\/100|[from] Leech Seed|[of] p2a: Celesteela\n|-heal|p2a: Celesteela|100\/100|[silent]\n|upkeep\n|turn|15\n|\n|t:|1700731747\n|move|p1a: Sweeper 1|Extreme Speed|p2a: Celesteela\n|-resisted|p2a: Celesteela\n|-damage|p2a: Celesteela|65\/100\n|move|p2a: Celesteela|Toxic|p1a: Sweeper 1\n|-status|p1a: Sweeper 1|tox\n|\n|-heal|p1a: Sweeper 1|88\/100 tox|[from] item: Leftovers\n|-heal|p2a: Celesteela|71\/100|[from] item: Leftovers\n|-damage|p1a: Sweeper 1|76\/100 tox|[from] Leech Seed|[of] p2a: Celesteela\n|-heal|p2a: Celesteela|85\/100|[silent]\n|-damage|p1a: Sweeper 1|70\/100 tox|[from] psn\n|upkeep\n|turn|16\n|\n|t:|1700731763\n|switch|p1a: Deoxys|Deoxys-Attack|100\/100\n|-ability|p1a: Deoxys|Pressure\n|move|p2a: Celesteela|Substitute|p2a: Celesteela\n|-start|p2a: Celesteela|Substitute\n|-damage|p2a: Celesteela|60\/100\n|\n|-heal|p2a: Celesteela|66\/100|[from] item: Leftovers\n|upkeep\n|turn|17\n|\n|t:|1700731775\n|move|p1a: Deoxys|Dark Pulse|p2a: Celesteela\n|-activate|p2a: Celesteela|move: Substitute|[damage]\n|move|p2a: Celesteela|Leech Seed|p1a: Deoxys\n|-start|p1a: Deoxys|move: Leech Seed\n|\n|-heal|p2a: Celesteela|73\/100|[from] item: Leftovers\n|-damage|p1a: Deoxys|88\/100|[from] Leech Seed|[of] p2a: Celesteela\n|-heal|p2a: Celesteela|81\/100|[silent]\n|upkeep\n|turn|18\n|l| Evil T-tar\n|\n|t:|1700731784\n|move|p1a: Deoxys|Dark Pulse|p2a: Celesteela\n|-end|p2a: Celesteela|Substitute\n|move|p2a: Celesteela|Toxic|p1a: Deoxys\n|-status|p1a: Deoxys|tox\n|\n|-heal|p2a: Celesteela|88\/100|[from] item: Leftovers\n|-damage|p1a: Deoxys|76\/100 tox|[from] Leech Seed|[of] p2a: Celesteela\n|-heal|p2a: Celesteela|97\/100|[silent]\n|-damage|p1a: Deoxys|69\/100 tox|[from] psn\n|upkeep\n|turn|19\n|\n|t:|1700731795\n|move|p2a: Celesteela|Protect|p2a: Celesteela\n|-singleturn|p2a: Celesteela|Protect\n|move|p1a: Deoxys|Psycho Boost|p2a: Celesteela\n|-activate|p2a: Celesteela|move: Protect\n|\n|-heal|p2a: Celesteela|100\/100|[from] item: Leftovers\n|-damage|p1a: Deoxys|57\/100 tox|[from] Leech Seed|[of] p2a: Celesteela\n|-damage|p1a: Deoxys|44\/100 tox|[from] psn\n|upkeep\n|turn|20\n|\n|t:|1700731804\n|move|p1a: Deoxys|Psycho Boost|p2a: Celesteela\n|-resisted|p2a: Celesteela\n|-damage|p2a: Celesteela|69\/100\n|-unboost|p1a: Deoxys|spa|2\n|move|p2a: Celesteela|Substitute|p2a: Celesteela\n|-start|p2a: Celesteela|Substitute\n|-damage|p2a: Celesteela|44\/100\n|\n|-heal|p2a: Celesteela|50\/100|[from] item: Leftovers\n|-damage|p1a: Deoxys|32\/100 tox|[from] Leech Seed|[of] p2a: Celesteela\n|-heal|p2a: Celesteela|59\/100|[silent]\n|-damage|p1a: Deoxys|13\/100 tox|[from] psn\n|upkeep\n|turn|21\n|\n|t:|1700731816\n|move|p2a: Celesteela|Protect|p2a: Celesteela\n|-singleturn|p2a: Celesteela|Protect\n|move|p1a: Deoxys|Extreme Speed|p2a: Celesteela\n|-activate|p2a: Celesteela|move: Protect\n|\n|-heal|p2a: Celesteela|65\/100|[from] item: Leftovers\n|-damage|p1a: Deoxys|1\/100 tox|[from] Leech Seed|[of] p2a: Celesteela\n|-heal|p2a: Celesteela|74\/100|[silent]\n|-damage|p1a: Deoxys|0 fnt|[from] psn\n|faint|p1a: Deoxys\n|upkeep\n|\n|t:|1700731827\n|switch|p1a: Sweeper 1|Arceus|70\/100 tox\n|turn|22\n|\n|t:|1700731835\n|move|p1a: Sweeper 1|Extreme Speed|p2a: Celesteela\n|-resisted|p2a: Celesteela\n|-activate|p2a: Celesteela|move: Substitute|[damage]\n|move|p2a: Celesteela|Leech Seed|p1a: Sweeper 1|[miss]\n|-miss|p2a: Celesteela|p1a: Sweeper 1\n|\n|-heal|p1a: Sweeper 1|76\/100 tox|[from] item: Leftovers\n|-heal|p2a: Celesteela|80\/100|[from] item: Leftovers\n|-damage|p1a: Sweeper 1|70\/100 tox|[from] psn\n|upkeep\n|turn|23\n|\n|t:|1700731852\n|move|p1a: Sweeper 1|Extreme Speed|p2a: Celesteela\n|-resisted|p2a: Celesteela\n|-end|p2a: Celesteela|Substitute\n|move|p2a: Celesteela|Leech Seed|p1a: Sweeper 1\n|-start|p1a: Sweeper 1|move: Leech Seed\n|\n|-heal|p1a: Sweeper 1|76\/100 tox|[from] item: Leftovers\n|-heal|p2a: Celesteela|87\/100|[from] item: Leftovers\n|-damage|p1a: Sweeper 1|63\/100 tox|[from] Leech Seed|[of] p2a: Celesteela\n|-heal|p2a: Celesteela|100\/100|[silent]\n|-damage|p1a: Sweeper 1|51\/100 tox|[from] psn\n|upkeep\n|turn|24\n|\n|t:|1700731868\n|move|p2a: Celesteela|Protect|p2a: Celesteela\n|-singleturn|p2a: Celesteela|Protect\n|move|p1a: Sweeper 1|Extreme Speed|p2a: Celesteela\n|-activate|p2a: Celesteela|move: Protect\n|\n|-heal|p1a: Sweeper 1|57\/100 tox|[from] item: Leftovers\n|-damage|p1a: Sweeper 1|45\/100 tox|[from] Leech Seed|[of] p2a: Celesteela\n|-damage|p1a: Sweeper 1|27\/100 tox|[from] psn\n|upkeep\n|turn|25\n|\n|t:|1700731877\n|move|p1a: Sweeper 1|Extreme Speed|p2a: Celesteela\n|-resisted|p2a: Celesteela\n|-crit|p2a: Celesteela\n|-damage|p2a: Celesteela|74\/100\n|move|p2a: Celesteela|Substitute|p2a: Celesteela\n|-start|p2a: Celesteela|Substitute\n|-damage|p2a: Celesteela|49\/100\n|\n|-heal|p1a: Sweeper 1|33\/100 tox|[from] item: Leftovers\n|-heal|p2a: Celesteela|55\/100|[from] item: Leftovers\n|-damage|p1a: Sweeper 1|21\/100 tox|[from] Leech Seed|[of] p2a: Celesteela\n|-heal|p2a: Celesteela|69\/100|[silent]\n|-damage|p1a: Sweeper 1|0 fnt|[from] psn\n|faint|p1a: Sweeper 1\n|upkeep\n|\n|t:|1700731888\n|switch|p1a: Calyrex|Calyrex-Ice|100\/100\n|-ability|p1a: Calyrex|As One\n|-ability|p1a: Calyrex|Unnerve\n|turn|26\n|\n|t:|1700731897\n|move|p2a: Celesteela|Leech Seed|p1a: Calyrex\n|-start|p1a: Calyrex|move: Leech Seed\n|move|p1a: Calyrex|Trick Room|p1a: Calyrex\n|-fieldstart|move: Trick Room|[of] p1a: Calyrex\n|\n|-heal|p2a: Celesteela|75\/100|[from] item: Leftovers\n|-damage|p1a: Calyrex|88\/100|[from] Leech Seed|[of] p2a: Celesteela\n|-heal|p2a: Celesteela|90\/100|[silent]\n|upkeep\n|turn|27\n|\n|t:|1700731905\n|move|p2a: Celesteela|Protect|p2a: Celesteela\n|-singleturn|p2a: Celesteela|Protect\n|move|p1a: Calyrex|Future Sight|p2a: Celesteela\n|-start|p1a: Calyrex|move: Future Sight\n|\n|-heal|p2a: Celesteela|96\/100|[from] item: Leftovers\n|-damage|p1a: Calyrex|76\/100|[from] Leech Seed|[of] p2a: Celesteela\n|-heal|p2a: Celesteela|100\/100|[silent]\n|upkeep\n|turn|28\n|\n|t:|1700731916\n|move|p1a: Calyrex|Glacial Lance|p2a: Celesteela\n|-end|p2a: Celesteela|Substitute\n|move|p2a: Celesteela|Toxic|p1a: Calyrex\n|-status|p1a: Calyrex|tox\n|\n|-damage|p1a: Calyrex|63\/100 tox|[from] Leech Seed|[of] p2a: Celesteela\n|-damage|p1a: Calyrex|57\/100 tox|[from] psn\n|upkeep\n|turn|29\n|\n|t:|1700731932\n|move|p2a: Celesteela|Protect|p2a: Celesteela\n|-singleturn|p2a: Celesteela|Protect\n|move|p1a: Calyrex|Glacial Lance|p2a: Celesteela\n|-activate|p2a: Celesteela|move: Protect\n|\n|-end|p2a: Celesteela|move: Future Sight\n|-resisted|p2a: Celesteela\n|-damage|p2a: Celesteela|88\/100\n|-heal|p2a: Celesteela|94\/100|[from] item: Leftovers\n|-damage|p1a: Calyrex|45\/100 tox|[from] Leech Seed|[of] p2a: Celesteela\n|-heal|p2a: Celesteela|100\/100|[silent]\n|-damage|p1a: Calyrex|32\/100 tox|[from] psn\n|upkeep\n|-enditem|p1a: Calyrex|Sitrus Berry|[eat]\n|-heal|p1a: Calyrex|57\/100 tox|[from] item: Sitrus Berry\n|turn|30\n|\n|t:|1700731945\n|move|p1a: Calyrex|Glacial Lance|p2a: Celesteela\n|-damage|p2a: Celesteela|34\/100\n|move|p2a: Celesteela|Substitute|p2a: Celesteela\n|-start|p2a: Celesteela|Substitute\n|-damage|p2a: Celesteela|9\/100\n|\n|-heal|p2a: Celesteela|15\/100|[from] item: Leftovers\n|-damage|p1a: Calyrex|45\/100 tox|[from] Leech Seed|[of] p2a: Celesteela\n|-heal|p2a: Celesteela|30\/100|[silent]\n|-damage|p1a: Calyrex|26\/100 tox|[from] psn\n|-fieldend|move: Trick Room\n|upkeep\n|turn|31\n|c|\u2606Parth531|stupid stall noob\n|\n|t:|1700731959\n|move|p2a: Celesteela|Protect|p2a: Celesteela\n|-singleturn|p2a: Celesteela|Protect\n|move|p1a: Calyrex|Crunch|p2a: Celesteela\n|-activate|p2a: Celesteela|move: Protect\n|\n|-heal|p2a: Celesteela|36\/100|[from] item: Leftovers\n|-damage|p1a: Calyrex|14\/100 tox|[from] Leech Seed|[of] p2a: Celesteela\n|-heal|p2a: Celesteela|51\/100|[silent]\n|-damage|p1a: Calyrex|0 fnt|[from] psn\n|faint|p1a: Calyrex\n|\n|win|killgaldo\n|upkeep\n|raw|Parth531's rating: 1214 &rarr; <strong>1190<\/strong><br \/>(-24 for losing)\n|raw|killgaldo's rating: 1232 &rarr; <strong>1256<\/strong><br \/>(+24 for winning)\n|l|\u2606Parth531\n","uploadtime":1700731977,"views":11,"p1id":"parth531","p2id":"killgaldo","formatid":"gen9nationaldexubers","rating":1190,"private":0,"password":""}