{"id":"gen9nationaldexubers-1990544714","p1":"RaVeDreNch","p2":"Xanvoir","format":"[Gen 9] National Dex Ubers","log":"|j|\u2606RaVeDreNch\n|j|\u2606Xanvoir\n|t:|1699980217\n|gametype|singles\n|player|p1|RaVeDreNch|caitlin|\n|player|p2|Xanvoir|2|\n|teamsize|p1|3\n|teamsize|p2|3\n|gen|9\n|tier|[Gen 9] National Dex Ubers\n|rule|HP Percentage Mod: HP is shown in percentages\n|rule|Endless Battle Clause: Forcing endless battles is banned\n|rule|OHKO Clause: OHKO moves are banned\n|rule|Evasion Moves Clause: Evasion moves are banned\n|rule|Evasion Items Clause: Evasion items are banned\n|rule|Species Clause: Limit one of each Pok\u00e9mon\n|rule|Sleep Clause Mod: Limit one foe put to sleep\n|rule|Mega Rayquaza Clause: You cannot mega evolve Rayquaza\n|clearpoke\n|poke|p1|Greninja-*, F|\n|poke|p1|Dragonite, F|\n|poke|p1|Iron Valiant|\n|poke|p2|Sableye, F|\n|poke|p2|Meowscarada, F|\n|poke|p2|Bisharp, M|\n|teampreview\n|\n|t:|1699980231\n|start\n|switch|p1a: Iron Valiant|Iron Valiant|100\/100\n|switch|p2a: Sableye|Sableye, F|100\/100\n|-enditem|p1a: Iron Valiant|Booster Energy\n|-activate|p1a: Iron Valiant|ability: Quark Drive|[fromitem]\n|-start|p1a: Iron Valiant|quarkdrivespe\n|turn|1\n|\n|t:|1699980252\n|move|p2a: Sableye|Reflect|p2a: Sableye\n|-sidestart|p2: Xanvoir|Reflect\n|move|p1a: Iron Valiant|Calm Mind|p1a: Iron Valiant\n|-boost|p1a: Iron Valiant|spa|1\n|-boost|p1a: Iron Valiant|spd|1\n|\n|upkeep\n|turn|2\n|\n|t:|1699980257\n|move|p2a: Sableye|Encore|p1a: Iron Valiant\n|-start|p1a: Iron Valiant|Encore\n|move|p1a: Iron Valiant|Calm Mind|p1a: Iron Valiant\n|-boost|p1a: Iron Valiant|spa|1\n|-boost|p1a: Iron Valiant|spd|1\n|\n|upkeep\n|turn|3\n|\n|t:|1699980263\n|switch|p2a: Bisharp|Bisharp, M|100\/100\n|move|p1a: Iron Valiant|Calm Mind|p1a: Iron Valiant\n|-boost|p1a: Iron Valiant|spa|1\n|-boost|p1a: Iron Valiant|spd|1\n|\n|upkeep\n|turn|4\n|\n|t:|1699980273\n|move|p1a: Iron Valiant|Calm Mind|p1a: Iron Valiant\n|-boost|p1a: Iron Valiant|spa|1\n|-boost|p1a: Iron Valiant|spd|1\n|move|p2a: Bisharp|Iron Head|p1a: Iron Valiant\n|-supereffective|p1a: Iron Valiant\n|-damage|p1a: Iron Valiant|0 fnt\n|faint|p1a: Iron Valiant\n|-end|p1a: Iron Valiant|Quark Drive|[silent]\n|\n|upkeep\n|\n|t:|1699980280\n|switch|p1a: Greninja|Greninja, F|100\/100\n|turn|5\n|\n|t:|1699980286\n|-terastallize|p1a: Greninja|Ghost\n|move|p2a: Bisharp|Sucker Punch|p1a: Greninja\n|-supereffective|p1a: Greninja\n|-enditem|p1a: Greninja|Focus Sash\n|-damage|p1a: Greninja|1\/100\n|move|p1a: Greninja|Power-Up Punch|p2a: Bisharp\n|-supereffective|p2a: Bisharp\n|-damage|p2a: Bisharp|86\/100\n|-boost|p1a: Greninja|atk|1\n|\n|-sideend|p2: Xanvoir|Reflect\n|upkeep\n|turn|6\n|\n|t:|1699980298\n|move|p1a: Greninja|Power-Up Punch|p2a: Bisharp\n|-supereffective|p2a: Bisharp\n|-damage|p2a: Bisharp|37\/100\n|-boost|p1a: Greninja|atk|1\n|move|p2a: Bisharp|Knock Off|p1a: Greninja\n|-supereffective|p1a: Greninja\n|-damage|p1a: Greninja|0 fnt\n|faint|p1a: Greninja\n|\n|upkeep\n|\n|t:|1699980306\n|switch|p1a: Dragonite|Dragonite, F|100\/100\n|turn|7\n|\n|t:|1699980314\n|move|p1a: Dragonite|Dragon Dance|p1a: Dragonite\n|-boost|p1a: Dragonite|atk|1\n|-boost|p1a: Dragonite|spe|1\n|move|p2a: Bisharp|Knock Off|p1a: Dragonite\n|-damage|p1a: Dragonite|40\/100\n|-enditem|p1a: Dragonite|Leftovers|[from] move: Knock Off|[of] p2a: Bisharp\n|\n|upkeep\n|turn|8\n|\n|t:|1699980323\n|move|p2a: Bisharp|Sucker Punch|p1a: Dragonite\n|-damage|p1a: Dragonite|1\/100\n|move|p1a: Dragonite|Fire Punch|p2a: Bisharp\n|-supereffective|p2a: Bisharp\n|-damage|p2a: Bisharp|0 fnt\n|faint|p2a: Bisharp\n|\n|upkeep\n|\n|t:|1699980333\n|switch|p2a: Sableye|Sableye, F|100\/100\n|turn|9\n|\n|t:|1699980339\n|move|p1a: Dragonite|Dual Wingbeat|p2a: Sableye|[miss]\n|-miss|p1a: Dragonite|p2a: Sableye\n|move|p2a: Sableye|Foul Play|p1a: Dragonite\n|-damage|p1a: Dragonite|0 fnt\n|faint|p1a: Dragonite\n|\n|win|Xanvoir\n|c|\u2606Xanvoir|Gg\n|c|\u2606RaVeDreNch|gg\n","uploadtime":1699980358,"views":9,"p1id":"ravedrench","p2id":"xanvoir","formatid":"gen9nationaldexubers","rating":0,"private":0,"password":""}