{"id":"gen9nationaldexubers-1996264542","p1":"tiucfs\u6446\u70c2\u7248","p2":"Afogomorn","format":"[Gen 9] National Dex Ubers","log":"|j|\u2606tiucfs\u6446\u70c2\u7248\n|j|\u2606Afogomorn\n|t:|1700665436\n|gametype|singles\n|player|p1|tiucfs\u6446\u70c2\u7248|emmet|1397\n|player|p2|Afogomorn|2|1417\n|teamsize|p1|6\n|teamsize|p2|6\n|gen|9\n|tier|[Gen 9] National Dex Ubers\n|rated|\n|rule|HP Percentage Mod: HP is shown in percentages\n|rule|Endless Battle Clause: Forcing endless battles is banned\n|rule|OHKO Clause: OHKO moves are banned\n|rule|Evasion Moves Clause: Evasion moves are banned\n|rule|Evasion Items Clause: Evasion items are banned\n|rule|Species Clause: Limit one of each Pok\u00e9mon\n|rule|Sleep Clause Mod: Limit one foe put to sleep\n|rule|Mega Rayquaza Clause: You cannot mega evolve Rayquaza\n|clearpoke\n|poke|p1|Rayquaza|\n|poke|p1|Mewtwo|\n|poke|p1|Chien-Pao|\n|poke|p1|Arceus-Ground|\n|poke|p1|Kingambit, M|\n|poke|p1|Necrozma-Dusk-Mane|\n|poke|p2|Necrozma-Dusk-Mane|\n|poke|p2|Rayquaza|\n|poke|p2|Ribombee, M|\n|poke|p2|Arceus|\n|poke|p2|Landorus, M|\n|poke|p2|Salamence, M|\n|teampreview\n|inactive|Battle timer is ON: inactive players will automatically lose when time's up. (requested by tiucfs\u6446\u70c2\u7248)\n|\n|t:|1700665446\n|start\n|switch|p1a: Arceus|Arceus-Ground|100\/100\n|switch|p2a: Ribombee|Ribombee, M|100\/100\n|turn|1\n|\n|t:|1700665457\n|move|p2a: Ribombee|Stun Spore|p1a: Arceus\n|-status|p1a: Arceus|par\n|move|p1a: Arceus|Judgment|p2a: Ribombee\n|-resisted|p2a: Ribombee\n|-damage|p2a: Ribombee|40\/100\n|\n|upkeep\n|turn|2\n|\n|t:|1700665464\n|move|p2a: Ribombee|Sticky Web|p1a: Arceus\n|-sidestart|p1: tiucfs\u6446\u70c2\u7248|move: Sticky Web\n|move|p1a: Arceus|Judgment|p2a: Ribombee\n|-resisted|p2a: Ribombee\n|-damage|p2a: Ribombee|0 fnt\n|faint|p2a: Ribombee\n|\n|upkeep\n|\n|t:|1700665471\n|switch|p2a: Landorus|Landorus, M|100\/100\n|turn|3\n|\n|t:|1700665480\n|move|p2a: Landorus|Stealth Rock|p1a: Arceus\n|-sidestart|p1: tiucfs\u6446\u70c2\u7248|move: Stealth Rock\n|cant|p1a: Arceus|par\n|\n|upkeep\n|turn|4\n|\n|t:|1700665486\n|move|p2a: Landorus|Taunt|p1a: Arceus\n|-start|p1a: Arceus|move: Taunt\n|cant|p1a: Arceus|move: Taunt|Defog\n|\n|upkeep\n|turn|5\n|\n|t:|1700665492\n|move|p2a: Landorus|Explosion|p1a: Arceus\n|-damage|p1a: Arceus|60\/100 par\n|faint|p2a: Landorus\n|cant|p1a: Arceus|par\n|\n|upkeep\n|\n|t:|1700665500\n|switch|p2a: Rayquaza|Rayquaza|100\/100\n|-ability|p2a: Rayquaza|Air Lock\n|turn|6\n|\n|t:|1700665510\n|move|p2a: Rayquaza|Swords Dance|p2a: Rayquaza\n|-boost|p2a: Rayquaza|atk|2\n|cant|p1a: Arceus|par\n|\n|-end|p1a: Arceus|move: Taunt\n|upkeep\n|turn|7\n|\n|t:|1700665518\n|move|p2a: Rayquaza|Dragon Ascent|p1a: Arceus\n|-damage|p1a: Arceus|0 fnt\n|-unboost|p2a: Rayquaza|def|1\n|-unboost|p2a: Rayquaza|spd|1\n|faint|p1a: Arceus\n|-damage|p2a: Rayquaza|91\/100|[from] item: Life Orb\n|\n|upkeep\n|\n|t:|1700665522\n|switch|p1a: Chien-Pao|Chien-Pao|100\/100\n|-activate|p1a: Chien-Pao|move: Sticky Web\n|-unboost|p1a: Chien-Pao|spe|1\n|-damage|p1a: Chien-Pao|76\/100|[from] Stealth Rock\n|-ability|p1a: Chien-Pao|Sword of Ruin\n|turn|8\n|\n|t:|1700665532\n|move|p2a: Rayquaza|Extreme Speed|p1a: Chien-Pao\n|-damage|p1a: Chien-Pao|0 fnt\n|faint|p1a: Chien-Pao\n|-damage|p2a: Rayquaza|81\/100|[from] item: Life Orb\n|\n|upkeep\n|-message|tiucfs\u6446\u70c2\u7248 forfeited.\n|\n|win|Afogomorn\n|raw|tiucfs\u6446\u70c2\u7248's rating: 1397 &rarr; <strong>1378<\/strong><br \/>(-19 for losing)\n|raw|Afogomorn's rating: 1417 &rarr; <strong>1436<\/strong><br \/>(+19 for winning)\n","uploadtime":1700665541,"views":0,"p1id":"tiucfs","p2id":"afogomorn","formatid":"gen9nationaldexubers","rating":1378,"private":0,"password":""}