{"id":"gen9nationaldexubers-1999499208","p1":"thalesbb","p2":"XJohnson","format":"[Gen 9] National Dex Ubers","log":"|j|\u2606thalesbb\n|j|\u2606XJohnson\n|t:|1701089402\n|gametype|singles\n|player|p1|thalesbb|2|1270\n|player|p2|XJohnson|nessa-masters|1281\n|teamsize|p1|6\n|teamsize|p2|6\n|gen|9\n|tier|[Gen 9] National Dex Ubers\n|rated|\n|rule|HP Percentage Mod: HP is shown in percentages\n|rule|Endless Battle Clause: Forcing endless battles is banned\n|rule|OHKO Clause: OHKO moves are banned\n|rule|Evasion Moves Clause: Evasion moves are banned\n|rule|Evasion Items Clause: Evasion items are banned\n|rule|Species Clause: Limit one of each Pok\u00e9mon\n|rule|Sleep Clause Mod: Limit one foe put to sleep\n|rule|Mega Rayquaza Clause: You cannot mega evolve Rayquaza\n|clearpoke\n|poke|p1|Deoxys-Speed|\n|poke|p1|Regieleki|\n|poke|p1|Zacian-*|\n|poke|p1|Ninjask, F|\n|poke|p1|Pheromosa|\n|poke|p1|Electrode-Hisui|\n|poke|p2|Melmetal|\n|poke|p2|Volcanion|\n|poke|p2|Spectrier|\n|poke|p2|Weavile, F|\n|poke|p2|Giratina|\n|poke|p2|Dialga-Origin|\n|teampreview\n|\n|t:|1701089432\n|start\n|switch|p1a: Ninjask|Ninjask, F|100\/100\n|switch|p2a: Dialga|Dialga-Origin|100\/100\n|-ability|p2a: Dialga|Pressure\n|turn|1\n|\n|t:|1701089440\n|move|p1a: Ninjask|Protect|p1a: Ninjask\n|-singleturn|p1a: Ninjask|Protect\n|move|p2a: Dialga|Stealth Rock|p1a: Ninjask\n|-sidestart|p1: thalesbb|move: Stealth Rock\n|\n|-ability|p1a: Ninjask|Speed Boost|boost\n|-boost|p1a: Ninjask|spe|1\n|upkeep\n|turn|2\n|inactive|Battle timer is ON: inactive players will automatically lose when time's up. (requested by XJohnson)\n|\n|t:|1701089484\n|move|p1a: Ninjask|Swords Dance|p1a: Ninjask\n|-boost|p1a: Ninjask|atk|2\n|move|p2a: Dialga|Dragon Pulse|p1a: Ninjask\n|-damage|p1a: Ninjask|0 fnt\n|faint|p1a: Ninjask\n|\n|upkeep\n|\n|t:|1701089492\n|switch|p1a: Zacian|Zacian-Crowned|100\/100\n|-damage|p1a: Zacian|94\/100|[from] Stealth Rock\n|-ability|p1a: Zacian|Intrepid Sword|boost\n|-boost|p1a: Zacian|atk|1\n|turn|3\n|\n|t:|1701089499\n|-terastallize|p1a: Zacian|Fire\n|move|p1a: Zacian|Tera Blast|p2a: Dialga|[anim] Tera Blast Fire\n|-damage|p2a: Dialga|57\/100\n|move|p2a: Dialga|Trick Room|p2a: Dialga\n|-fieldstart|move: Trick Room|[of] p2a: Dialga\n|\n|upkeep\n|turn|4\n|\n|t:|1701089507\n|move|p2a: Dialga|Earth Power|p1a: Zacian\n|-supereffective|p1a: Zacian\n|-damage|p1a: Zacian|32\/100\n|move|p1a: Zacian|Swords Dance|p1a: Zacian\n|-boost|p1a: Zacian|atk|2\n|\n|upkeep\n|turn|5\n|inactive|thalesbb has 120 seconds left.\n|\n|t:|1701089556\n|move|p2a: Dialga|Dragon Pulse|p1a: Zacian\n|-crit|p1a: Zacian\n|-damage|p1a: Zacian|0 fnt\n|faint|p1a: Zacian\n|\n|upkeep\n|\n|t:|1701089565\n|switch|p1a: Regieleki|Regieleki|100\/100\n|-damage|p1a: Regieleki|88\/100|[from] Stealth Rock\n|turn|6\n|\n|t:|1701089570\n|move|p2a: Dialga|Earth Power|p1a: Regieleki\n|-supereffective|p1a: Regieleki\n|-damage|p1a: Regieleki|0 fnt\n|faint|p1a: Regieleki\n|\n|upkeep\n|\n|t:|1701089576\n|switch|p1a: Pheromosa|Pheromosa|100\/100\n|-damage|p1a: Pheromosa|88\/100|[from] Stealth Rock\n|turn|7\n|\n|t:|1701089581\n|move|p2a: Dialga|Dragon Pulse|p1a: Pheromosa\n|-damage|p1a: Pheromosa|0 fnt\n|faint|p1a: Pheromosa\n|\n|-fieldend|move: Trick Room\n|upkeep\n|\n|t:|1701089588\n|switch|p1a: Deoxys|Deoxys-Speed|100\/100\n|-damage|p1a: Deoxys|88\/100|[from] Stealth Rock\n|-ability|p1a: Deoxys|Pressure\n|turn|8\n|\n|t:|1701089593\n|-zpower|p1a: Deoxys\n|move|p1a: Deoxys|Gigavolt Havoc|p2a: Dialga|[zeffect]\n|-resisted|p2a: Dialga\n|-damage|p2a: Dialga|41\/100\n|move|p2a: Dialga|Trick Room|p2a: Dialga\n|-fieldstart|move: Trick Room|[of] p2a: Dialga\n|\n|upkeep\n|turn|9\n|-message|thalesbb forfeited.\n|\n|win|XJohnson\n|raw|thalesbb's rating: 1270 &rarr; <strong>1246<\/strong><br \/>(-24 for losing)\n|raw|XJohnson's rating: 1281 &rarr; <strong>1305<\/strong><br \/>(+24 for winning)\n|l|\u2606thalesbb\n","uploadtime":1701089615,"views":7,"p1id":"thalesbb","p2id":"xjohnson","formatid":"gen9nationaldexubers","rating":1246,"private":0,"password":""}