{"id":"gen9nationaldexubers-1990084611","p1":"Ko0l kid 75","p2":"galex666","format":"[Gen 9] National Dex Ubers","log":"|j|\u2606Ko0l kid 75\n|j|\u2606galex666\n|t:|1699922876\n|gametype|singles\n|player|p1|Ko0l kid 75|102|1040\n|player|p2|galex666|169|1068\n|teamsize|p1|6\n|teamsize|p2|6\n|gen|9\n|tier|[Gen 9] National Dex Ubers\n|rated|\n|rule|HP Percentage Mod: HP is shown in percentages\n|rule|Endless Battle Clause: Forcing endless battles is banned\n|rule|OHKO Clause: OHKO moves are banned\n|rule|Evasion Moves Clause: Evasion moves are banned\n|rule|Evasion Items Clause: Evasion items are banned\n|rule|Species Clause: Limit one of each Pok\u00e9mon\n|rule|Sleep Clause Mod: Limit one foe put to sleep\n|rule|Mega Rayquaza Clause: You cannot mega evolve Rayquaza\n|clearpoke\n|poke|p1|Eternatus|\n|poke|p1|Ho-Oh|\n|poke|p1|Kyogre|\n|poke|p1|Mewtwo|\n|poke|p1|Necrozma-Dusk-Mane|\n|poke|p1|Groudon|\n|poke|p2|Groudon|\n|poke|p2|Palkia|\n|poke|p2|Enamorus, F|\n|poke|p2|Aggron, F|\n|poke|p2|Greninja-*, M|\n|poke|p2|Ditto|\n|teampreview\n|\n|t:|1699922886\n|start\n|switch|p1a: Necrozma|Necrozma-Dusk-Mane|100\/100\n|switch|p2a: Aggron|Aggron, F|100\/100\n|turn|1\n|\n|t:|1699922897\n|detailschange|p2a: Aggron|Aggron-Mega, F\n|-mega|p2a: Aggron|Aggron|Aggronite\n|move|p1a: Necrozma|Dragon Dance|p1a: Necrozma\n|-boost|p1a: Necrozma|atk|1\n|-boost|p1a: Necrozma|spe|1\n|move|p2a: Aggron|Stealth Rock|p1a: Necrozma\n|-sidestart|p1: Ko0l kid 75|move: Stealth Rock\n|\n|upkeep\n|turn|2\n|\n|t:|1699922912\n|move|p1a: Necrozma|Earthquake|p2a: Aggron\n|-supereffective|p2a: Aggron\n|-damage|p2a: Aggron|57\/100\n|move|p2a: Aggron|Roar|p1a: Necrozma\n|drag|p1a: Kyogre|Kyogre|100\/100\n|-damage|p1a: Kyogre|88\/100|[from] Stealth Rock\n|detailschange|p1a: Kyogre|Kyogre-Primal\n|-primal|p1a: Kyogre|Blue Orb\n|-weather|PrimordialSea|[from] ability: Primordial Sea|[of] p1a: Kyogre\n|\n|-weather|PrimordialSea|[upkeep]\n|upkeep\n|turn|3\n|\n|t:|1699922929\n|switch|p2a: Groudon|Groudon|100\/100\n|detailschange|p2a: Groudon|Groudon-Primal\n|-primal|p2a: Groudon|Red Orb\n|-weather|DesolateLand|[from] ability: Desolate Land|[of] p2a: Groudon\n|move|p1a: Kyogre|Water Spout||[still]\n|-fail|p1a: Kyogre|Water Spout|[from] Desolate Land\n|\n|-weather|DesolateLand|[upkeep]\n|upkeep\n|turn|4\n|\n|t:|1699922944\n|switch|p1a: Mewtwo|Mewtwo|100\/100\n|-damage|p1a: Mewtwo|88\/100|[from] Stealth Rock\n|-ability|p1a: Mewtwo|Pressure\n|move|p2a: Groudon|Solar Beam||[still]\n|-prepare|p2a: Groudon|Solar Beam\n|-anim|p2a: Groudon|Solar Beam|p1a: Mewtwo\n|-damage|p1a: Mewtwo|35\/100\n|\n|-weather|DesolateLand|[upkeep]\n|upkeep\n|turn|5\n|\n|t:|1699922988\n|-weather|none\n|switch|p2a: Aggron|Aggron-Mega, F|57\/100\n|detailschange|p1a: Mewtwo|Mewtwo-Mega-Y\n|-mega|p1a: Mewtwo|Mewtwo|Mewtwonite Y\n|move|p1a: Mewtwo|Psystrike|p2a: Aggron\n|-resisted|p2a: Aggron\n|-damage|p2a: Aggron|39\/100\n|\n|upkeep\n|turn|6\n|\n|t:|1699923001\n|move|p1a: Mewtwo|Flamethrower|p2a: Aggron\n|-supereffective|p2a: Aggron\n|-damage|p2a: Aggron|0 fnt\n|faint|p2a: Aggron\n|\n|upkeep\n|inactive|Battle timer is ON: inactive players will automatically lose when time's up. (requested by Ko0l kid 75)\n|j| Yoyo900\n|\n|t:|1699923033\n|switch|p2a: Greninja|Greninja, M|100\/100\n|turn|7\n|\n|t:|1699923045\n|switch|p1a: Eternatus|Eternatus|100\/100\n|-damage|p1a: Eternatus|88\/100|[from] Stealth Rock\n|-ability|p1a: Eternatus|Pressure\n|move|p2a: Greninja|Night Slash|p1a: Eternatus\n|-damage|p1a: Eternatus|72\/100\n|\n|-heal|p1a: Eternatus|78\/100|[from] item: Leftovers\n|upkeep\n|turn|8\n|\n|t:|1699923057\n|switch|p2a: Ditto|Ditto, shiny|100\/100\n|-transform|p2a: Ditto|p1a: Eternatus|[from] ability: Imposter\n|-ability|p2a: Ditto|Pressure\n|move|p1a: Eternatus|Cosmic Power|p1a: Eternatus\n|-boost|p1a: Eternatus|def|1\n|-boost|p1a: Eternatus|spd|1\n|\n|-heal|p1a: Eternatus|84\/100|[from] item: Leftovers\n|upkeep\n|turn|9\n|\n|t:|1699923086\n|move|p2a: Ditto|Dynamax Cannon|p1a: Eternatus\n|-supereffective|p1a: Eternatus\n|-damage|p1a: Eternatus|41\/100\n|move|p1a: Eternatus|Dynamax Cannon|p2a: Ditto\n|-supereffective|p2a: Ditto\n|-damage|p2a: Ditto|10\/100\n|\n|-heal|p1a: Eternatus|47\/100|[from] item: Leftovers\n|upkeep\n|turn|10\n|\n|t:|1699923095\n|move|p2a: Ditto|Dynamax Cannon|p1a: Eternatus\n|-supereffective|p1a: Eternatus\n|-damage|p1a: Eternatus|1\/100\n|move|p1a: Eternatus|Recover|p1a: Eternatus\n|-heal|p1a: Eternatus|51\/100\n|\n|-heal|p1a: Eternatus|57\/100|[from] item: Leftovers\n|upkeep\n|turn|11\n|\n|t:|1699923105\n|move|p2a: Ditto|Dynamax Cannon|p1a: Eternatus\n|-supereffective|p1a: Eternatus\n|-damage|p1a: Eternatus|13\/100\n|move|p1a: Eternatus|Recover|p1a: Eternatus\n|-heal|p1a: Eternatus|63\/100\n|\n|-heal|p1a: Eternatus|69\/100|[from] item: Leftovers\n|upkeep\n|turn|12\n|c|\u2606galex666|Cagate en tu madre mmb\n|inactive|galex666 has 120 seconds left.\n|inactive|galex666 has 90 seconds left.\n|l| Yoyo900\n|inactive|galex666 has 60 seconds left.\n|j| Yoyo900\n|l| Yoyo900\n|inactive|galex666 has 30 seconds left.\n|inactive|galex666 has 20 seconds left.\n|inactive|galex666 has 15 seconds left.\n|inactive|galex666 has 10 seconds left.\n|inactive|galex666 has 5 seconds left.\n|-message|galex666 lost due to inactivity.\n|\n|win|Ko0l kid 75\n|raw|Ko0l kid 75's rating: 1040 &rarr; <strong>1080<\/strong><br \/>(+40 for winning)\n|raw|galex666's rating: 1097 &rarr; <strong>1068<\/strong><br \/>(-29 for losing)\n","uploadtime":1699923131,"views":7,"p1id":"ko0lkid75","p2id":"galex666","formatid":"gen9nationaldexubers","rating":1068,"private":0,"password":""}