{"id":"gen9nationaldexubers-1981981418","p1":"Rt-yuuu2","p2":"Lionecio","format":"[Gen 9] National Dex Ubers","log":"|j|\u2606Rt-yuuu2\n|j|\u2606Lionecio\n|t:|1698956852\n|gametype|singles\n|player|p1|Rt-yuuu2|benga|1170\n|player|p2|Lionecio|102|1217\n|teamsize|p1|6\n|teamsize|p2|6\n|gen|9\n|tier|[Gen 9] National Dex Ubers\n|rated|\n|rule|HP Percentage Mod: HP is shown in percentages\n|rule|Endless Battle Clause: Forcing endless battles is banned\n|rule|OHKO Clause: OHKO moves are banned\n|rule|Evasion Moves Clause: Evasion moves are banned\n|rule|Evasion Items Clause: Evasion items are banned\n|rule|Species Clause: Limit one of each Pok\u00e9mon\n|rule|Sleep Clause Mod: Limit one foe put to sleep\n|rule|Mega Rayquaza Clause: You cannot mega evolve Rayquaza\n|clearpoke\n|poke|p1|Blaziken, M|\n|poke|p1|Marshadow|\n|poke|p1|Palafin, M|\n|poke|p1|Necrozma-Dusk-Mane|\n|poke|p1|Giratina-Origin|\n|poke|p1|Zacian-*|\n|poke|p2|Dragapult, M|\n|poke|p2|Umbreon, F|\n|poke|p2|Zapdos|\n|poke|p2|Scizor, F|\n|poke|p2|Weezing-Galar, F|\n|poke|p2|Garchomp, M|\n|teampreview\n|\n|t:|1698956867\n|start\n|switch|p1a: Marshadow|Marshadow|100\/100\n|switch|p2a: Garchomp|Garchomp, M|100\/100\n|turn|1\n|\n|t:|1698956878\n|move|p1a: Marshadow|Swagger|p2a: Garchomp\n|-boost|p2a: Garchomp|atk|2\n|-start|p2a: Garchomp|confusion\n|-activate|p2a: Garchomp|confusion\n|-zpower|p2a: Garchomp\n|move|p2a: Garchomp|Tectonic Rage|p1a: Marshadow|[zeffect]\n|-damage|p1a: Marshadow|0 fnt\n|faint|p1a: Marshadow\n|\n|upkeep\n|\n|t:|1698956883\n|switch|p1a: Zacian|Zacian-Crowned, shiny|100\/100\n|-ability|p1a: Zacian|Intrepid Sword|boost\n|-boost|p1a: Zacian|atk|1\n|turn|2\n|\n|t:|1698956887\n|move|p1a: Zacian|Play Rough|p2a: Garchomp|[miss]\n|-miss|p1a: Zacian|p2a: Garchomp\n|-end|p2a: Garchomp|confusion\n|move|p2a: Garchomp|Earthquake|p1a: Zacian\n|-supereffective|p1a: Zacian\n|-damage|p1a: Zacian|0 fnt\n|faint|p1a: Zacian\n|\n|upkeep\n|\n|t:|1698956892\n|switch|p1a: Palafin|Palafin, M|100\/100\n|turn|3\n|\n|t:|1698956902\n|detailschange|p1a: Palafin|Palafin-Hero, M\n|switch|p1a: Necrozma|Necrozma-Dusk-Mane, shiny|100\/100\n|move|p2a: Garchomp|Earthquake|p1a: Necrozma\n|-supereffective|p1a: Necrozma\n|-damage|p1a: Necrozma|0 fnt\n|faint|p1a: Necrozma\n|\n|upkeep\n|\n|t:|1698956912\n|switch|p1a: Blaziken|Blaziken, M, shiny|100\/100\n|turn|4\n|\n|t:|1698956916\n|move|p2a: Garchomp|Stealth Rock|p1a: Blaziken\n|-sidestart|p1: Rt-yuuu2|move: Stealth Rock\n|move|p1a: Blaziken|Flame Charge|p2a: Garchomp\n|-resisted|p2a: Garchomp\n|-damage|p2a: Garchomp|88\/100\n|-boost|p1a: Blaziken|spe|1\n|-damage|p1a: Blaziken|88\/100|[from] ability: Rough Skin|[of] p2a: Garchomp\n|\n|-ability|p1a: Blaziken|Speed Boost|boost\n|-boost|p1a: Blaziken|spe|1\n|upkeep\n|turn|5\n|\n|t:|1698956919\n|detailschange|p1a: Blaziken|Blaziken-Mega, M, shiny\n|-mega|p1a: Blaziken|Blaziken|Blazikenite\n|move|p1a: Blaziken|Close Combat|p2a: Garchomp\n|-damage|p2a: Garchomp|10\/100\n|-unboost|p1a: Blaziken|def|1\n|-unboost|p1a: Blaziken|spd|1\n|-damage|p1a: Blaziken|76\/100|[from] ability: Rough Skin|[of] p2a: Garchomp\n|move|p2a: Garchomp|Earthquake|p1a: Blaziken\n|-supereffective|p1a: Blaziken\n|-damage|p1a: Blaziken|0 fnt\n|faint|p1a: Blaziken\n|\n|upkeep\n|\n|t:|1698956921\n|switch|p1a: Giratina|Giratina-Origin, shiny|100\/100\n|-damage|p1a: Giratina|88\/100|[from] Stealth Rock\n|turn|6\n|\n|t:|1698956930\n|-terastallize|p1a: Giratina|Ghost\n|move|p2a: Garchomp|Dragon Claw|p1a: Giratina\n|-damage|p1a: Giratina|35\/100\n|move|p1a: Giratina|Hidden Power|p2a: Garchomp\n|-supereffective|p2a: Garchomp\n|-damage|p2a: Garchomp|0 fnt\n|faint|p2a: Garchomp\n|\n|upkeep\n|\n|t:|1698956940\n|switch|p2a: Umbreon|Umbreon, F|100\/100\n|turn|7\n|\n|t:|1698956945\n|move|p1a: Giratina|Aura Sphere|p2a: Umbreon\n|-supereffective|p2a: Umbreon\n|-damage|p2a: Umbreon|72\/100\n|move|p2a: Umbreon|Foul Play|p1a: Giratina\n|-supereffective|p1a: Giratina\n|-damage|p1a: Giratina|0 fnt\n|faint|p1a: Giratina\n|\n|-heal|p2a: Umbreon|78\/100|[from] item: Leftovers\n|upkeep\n|\n|t:|1698956948\n|switch|p1a: Palafin|Palafin-Hero, M|100\/100\n|-damage|p1a: Palafin|88\/100|[from] Stealth Rock\n|-activate|p1a: Palafin|ability: Zero to Hero\n|turn|8\n|\n|t:|1698956951\n|move|p2a: Umbreon|Protect|p2a: Umbreon\n|-singleturn|p2a: Umbreon|Protect\n|move|p1a: Palafin|Drain Punch|p2a: Umbreon\n|-activate|p2a: Umbreon|move: Protect\n|\n|-heal|p2a: Umbreon|84\/100|[from] item: Leftovers\n|upkeep\n|turn|9\n|\n|t:|1698956960\n|switch|p2a: Weezing|Weezing-Galar, F|100\/100\n|move|p1a: Palafin|Drain Punch|p2a: Weezing\n|-resisted|p2a: Weezing\n|-damage|p2a: Weezing|95\/100\n|-heal|p1a: Palafin|91\/100|[from] drain|[of] p2a: Weezing\n|\n|-heal|p2a: Weezing|100\/100|[from] item: Black Sludge\n|upkeep\n|turn|10\n|\n|t:|1698956971\n|move|p1a: Palafin|Drain Punch|p2a: Weezing\n|-resisted|p2a: Weezing\n|-damage|p2a: Weezing|95\/100\n|-heal|p1a: Palafin|93\/100|[from] drain|[of] p2a: Weezing\n|move|p2a: Weezing|Will-O-Wisp|p1a: Palafin\n|-status|p1a: Palafin|brn\n|\n|-heal|p2a: Weezing|100\/100|[from] item: Black Sludge\n|-damage|p1a: Palafin|87\/100 brn|[from] brn\n|upkeep\n|turn|11\n|\n|t:|1698956978\n|switch|p2a: Dragapult|Dragapult, M|100\/100\n|move|p1a: Palafin|Drain Punch|p2a: Dragapult\n|-immune|p2a: Dragapult\n|\n|-damage|p1a: Palafin|81\/100 brn|[from] brn\n|upkeep\n|turn|12\n|-message|Rt-yuuu2 forfeited.\n|\n|win|Lionecio\n|raw|Rt-yuuu2's rating: 1170 &rarr; <strong>1148<\/strong><br \/>(-22 for losing)\n|raw|Lionecio's rating: 1217 &rarr; <strong>1239<\/strong><br \/>(+22 for winning)\n|l|\u2606Rt-yuuu2\n","uploadtime":1698956994,"views":8,"p1id":"rtyuuu2","p2id":"lionecio","formatid":"gen9nationaldexubers","rating":1148,"private":0,"password":""}