{"id":"gen9nationaldexubers-1979347393","p1":"Gtg g u2","p2":"gardoso","format":"[Gen 9] National Dex Ubers","log":"|j|\u2606Gtg g u2\n|j|\u2606gardoso\n|t:|1698673798\n|gametype|singles\n|player|p1|Gtg g u2|red-masters|1068\n|player|p2|gardoso|steven|1168\n|teamsize|p1|6\n|teamsize|p2|6\n|gen|9\n|tier|[Gen 9] National Dex Ubers\n|rated|\n|rule|HP Percentage Mod: HP is shown in percentages\n|rule|Endless Battle Clause: Forcing endless battles is banned\n|rule|OHKO Clause: OHKO moves are banned\n|rule|Evasion Moves Clause: Evasion moves are banned\n|rule|Evasion Items Clause: Evasion items are banned\n|rule|Species Clause: Limit one of each Pok\u00e9mon\n|rule|Sleep Clause Mod: Limit one foe put to sleep\n|rule|Mega Rayquaza Clause: You cannot mega evolve Rayquaza\n|clearpoke\n|poke|p1|Pikachu, M|\n|poke|p1|Rillaboom, M|\n|poke|p1|Cramorant, M|\n|poke|p1|Grapploct, M|\n|poke|p1|Centiskorch, M|\n|poke|p1|Runerigus, F|\n|poke|p2|Clefable, M|\n|poke|p2|Corviknight, F|\n|poke|p2|Urshifu-*, M|\n|poke|p2|Hydreigon, F|\n|poke|p2|Spectrier|\n|poke|p2|Volcarona, M|\n|teampreview\n|inactive|Battle timer is ON: inactive players will automatically lose when time's up. (requested by Gtg g u2)\n|\n|t:|1698673821\n|start\n|switch|p1a: Grapploct|Grapploct, M|100\/100\n|switch|p2a: Volcarona|Volcarona, M, shiny|100\/100\n|turn|1\n|\n|t:|1698673827\n|move|p2a: Volcarona|Quiver Dance|p2a: Volcarona\n|-boost|p2a: Volcarona|spa|1\n|-boost|p2a: Volcarona|spd|1\n|-boost|p2a: Volcarona|spe|1\n|move|p1a: Grapploct|Circle Throw|p2a: Volcarona\n|-resisted|p2a: Volcarona\n|-damage|p2a: Volcarona|66\/100\n|drag|p2a: Urshifu|Urshifu-Rapid-Strike, M|100\/100\n|\n|upkeep\n|turn|2\n|\n|t:|1698673842\n|move|p2a: Urshifu|Surging Strikes|p1a: Grapploct\n|-crit|p1a: Grapploct\n|-damage|p1a: Grapploct|80\/100\n|-crit|p1a: Grapploct\n|-damage|p1a: Grapploct|60\/100\n|-crit|p1a: Grapploct\n|-damage|p1a: Grapploct|41\/100\n|-hitcount|p1a: Grapploct|3\n|move|p1a: Grapploct|Octolock|p2a: Urshifu\n|-start|p2a: Urshifu|move: Octolock|[of] p1a: Grapploct\n|\n|-heal|p1a: Grapploct|47\/100|[from] item: Leftovers\n|-unboost|p2a: Urshifu|def|1\n|-unboost|p2a: Urshifu|spd|1\n|upkeep\n|turn|3\n|\n|t:|1698673853\n|-terastallize|p1a: Grapploct|Water\n|move|p2a: Urshifu|Surging Strikes|p1a: Grapploct\n|-resisted|p1a: Grapploct\n|-crit|p1a: Grapploct\n|-damage|p1a: Grapploct|36\/100\n|-resisted|p1a: Grapploct\n|-crit|p1a: Grapploct\n|-damage|p1a: Grapploct|26\/100\n|-resisted|p1a: Grapploct\n|-crit|p1a: Grapploct\n|-damage|p1a: Grapploct|15\/100\n|-hitcount|p1a: Grapploct|3\n|move|p1a: Grapploct|Drain Punch|p2a: Urshifu\n|-damage|p2a: Urshifu|38\/100\n|-heal|p1a: Grapploct|45\/100|[from] drain|[of] p2a: Urshifu\n|\n|-heal|p1a: Grapploct|51\/100|[from] item: Leftovers\n|-unboost|p2a: Urshifu|def|1\n|-unboost|p2a: Urshifu|spd|1\n|upkeep\n|turn|4\n|\n|t:|1698673871\n|move|p2a: Urshifu|Surging Strikes|p1a: Grapploct\n|-resisted|p1a: Grapploct\n|-crit|p1a: Grapploct\n|-damage|p1a: Grapploct|40\/100\n|-resisted|p1a: Grapploct\n|-crit|p1a: Grapploct\n|-damage|p1a: Grapploct|31\/100\n|-resisted|p1a: Grapploct\n|-crit|p1a: Grapploct\n|-damage|p1a: Grapploct|22\/100\n|-hitcount|p1a: Grapploct|3\n|move|p1a: Grapploct|Drain Punch|p2a: Urshifu\n|-damage|p2a: Urshifu|0 fnt\n|-heal|p1a: Grapploct|40\/100|[from] drain|[of] p2a: Urshifu\n|faint|p2a: Urshifu\n|\n|-heal|p1a: Grapploct|46\/100|[from] item: Leftovers\n|upkeep\n|\n|t:|1698673884\n|switch|p2a: Clefable|Clefable, M|100\/100\n|turn|5\n|\n|t:|1698673889\n|move|p2a: Clefable|Calm Mind|p2a: Clefable\n|-boost|p2a: Clefable|spa|1\n|-boost|p2a: Clefable|spd|1\n|move|p1a: Grapploct|Octolock|p2a: Clefable\n|-start|p2a: Clefable|move: Octolock|[of] p1a: Grapploct\n|\n|-heal|p1a: Grapploct|52\/100|[from] item: Leftovers\n|-unboost|p2a: Clefable|def|1\n|-unboost|p2a: Clefable|spd|1\n|upkeep\n|turn|6\n|\n|t:|1698673898\n|move|p2a: Clefable|Moonblast|p1a: Grapploct\n|-damage|p1a: Grapploct|0 fnt\n|faint|p1a: Grapploct\n|\n|-end|p2a: Clefable|Octolock|[partiallytrapped]|[silent]\n|upkeep\n|\n|t:|1698673900\n|switch|p1a: Pikachu|Pikachu, M|100\/100\n|turn|7\n|\n|t:|1698673904\n|move|p1a: Pikachu|Iron Tail|p2a: Clefable\n|-supereffective|p2a: Clefable\n|-damage|p2a: Clefable|10\/100\n|-unboost|p2a: Clefable|def|1\n|move|p2a: Clefable|Calm Mind|p2a: Clefable\n|-boost|p2a: Clefable|spa|1\n|-boost|p2a: Clefable|spd|1\n|\n|-heal|p2a: Clefable|16\/100|[from] item: Leftovers\n|upkeep\n|turn|8\n|\n|t:|1698673910\n|move|p1a: Pikachu|Thunderbolt|p2a: Clefable\n|-damage|p2a: Clefable|0 fnt\n|faint|p2a: Clefable\n|\n|upkeep\n|\n|t:|1698673914\n|switch|p2a: Spectrier|Spectrier|100\/100\n|turn|9\n|\n|t:|1698673919\n|move|p2a: Spectrier|Shadow Ball|p1a: Pikachu\n|-damage|p1a: Pikachu|0 fnt\n|faint|p1a: Pikachu\n|-ability|p2a: Spectrier|Grim Neigh|boost\n|-boost|p2a: Spectrier|spa|1\n|\n|upkeep\n|\n|t:|1698673925\n|switch|p1a: Rillaboom|Rillaboom, M|100\/100\n|-fieldstart|move: Grassy Terrain|[from] ability: Grassy Surge|[of] p1a: Rillaboom\n|turn|10\n|\n|t:|1698673930\n|move|p2a: Spectrier|Shadow Ball|p1a: Rillaboom\n|-damage|p1a: Rillaboom|10\/100\n|-unboost|p1a: Rillaboom|spd|1\n|move|p1a: Rillaboom|Knock Off|p2a: Spectrier\n|-supereffective|p2a: Spectrier\n|-damage|p2a: Spectrier|0 fnt\n|-enditem|p2a: Spectrier|Weakness Policy|[from] move: Knock Off|[of] p1a: Rillaboom\n|faint|p2a: Spectrier\n|-damage|p1a: Rillaboom|0 fnt|[from] item: Life Orb\n|faint|p1a: Rillaboom\n|\n|upkeep\n|\n|t:|1698673938\n|switch|p2a: Hydreigon|Hydreigon, F|100\/100\n|switch|p1a: Cramorant|Cramorant, M|100\/100\n|turn|11\n|\n|t:|1698673955\n|move|p2a: Hydreigon|Draco Meteor|p1a: Cramorant\n|-damage|p1a: Cramorant|0 fnt\n|-unboost|p2a: Hydreigon|spa|2\n|faint|p1a: Cramorant\n|\n|upkeep\n|\n|t:|1698673959\n|switch|p1a: Centiskorch|Centiskorch, M|100\/100\n|turn|12\n|\n|t:|1698673964\n|move|p2a: Hydreigon|Draco Meteor|p1a: Centiskorch\n|-damage|p1a: Centiskorch|57\/100\n|-unboost|p2a: Hydreigon|spa|2\n|move|p1a: Centiskorch|Coil|p1a: Centiskorch\n|-boost|p1a: Centiskorch|atk|1\n|-boost|p1a: Centiskorch|def|1\n|-boost|p1a: Centiskorch|accuracy|1\n|\n|-heal|p1a: Centiskorch|64\/100|[from] Grassy Terrain\n|upkeep\n|turn|13\n|l|\u2606gardoso\n|inactive|gardoso disconnected and has a minute to reconnect!\n|player|p2|\n|inactive|gardoso has 30 seconds to reconnect!\n|inactive|gardoso has 20 seconds to reconnect!\n|inactive|gardoso has 15 seconds to reconnect!\n|inactive|gardoso has 10 seconds to reconnect!\n|inactive|gardoso has 5 seconds to reconnect!\n|-message|gardoso lost due to inactivity.\n|\n|win|Gtg g u2\n|raw|Gtg g u2's rating: 1068 &rarr; <strong>1106<\/strong><br \/>(+38 for winning)\n|raw|gardoso's rating: 1168 &rarr; <strong>1136<\/strong><br \/>(-32 for losing)\n","uploadtime":1698674046,"views":7,"p1id":"gtggu2","p2id":"gardoso","formatid":"gen9nationaldexubers","rating":1106,"private":0,"password":""}