{"id":"gen9nationaldexubers-1988087979","p1":"Rhyfinn 01","p2":"FrankieWard","format":"[Gen 9] National Dex Ubers","log":"|j|\u2606Rhyfinn 01\n|j|\u2606FrankieWard\n|t:|1699668041\n|gametype|singles\n|player|p1|Rhyfinn 01|alder|1304\n|player|p2|FrankieWard|waitress-gen4|1227\n|teamsize|p1|6\n|teamsize|p2|6\n|gen|9\n|tier|[Gen 9] National Dex Ubers\n|rated|\n|rule|HP Percentage Mod: HP is shown in percentages\n|rule|Endless Battle Clause: Forcing endless battles is banned\n|rule|OHKO Clause: OHKO moves are banned\n|rule|Evasion Moves Clause: Evasion moves are banned\n|rule|Evasion Items Clause: Evasion items are banned\n|rule|Species Clause: Limit one of each Pok\u00e9mon\n|rule|Sleep Clause Mod: Limit one foe put to sleep\n|rule|Mega Rayquaza Clause: You cannot mega evolve Rayquaza\n|clearpoke\n|poke|p1|Groudon|\n|poke|p1|Xerneas-*|\n|poke|p1|Marshadow|\n|poke|p1|Necrozma-Dusk-Mane|\n|poke|p1|Deoxys-Speed|\n|poke|p1|Rayquaza|\n|poke|p2|Marshadow|\n|poke|p2|Groudon|\n|poke|p2|Kyurem-White|\n|poke|p2|Shaymin-Sky|\n|poke|p2|Diancie|\n|poke|p2|Eternatus|\n|teampreview\n|inactive|Battle timer is ON: inactive players will automatically lose when time's up. (requested by Rhyfinn 01)\n|\n|t:|1699668058\n|start\n|switch|p1a: Deoxys|Deoxys-Speed|100\/100\n|switch|p2a: Cronch|Groudon|100\/100\n|-ability|p1a: Deoxys|Pressure\n|detailschange|p2a: Cronch|Groudon-Primal\n|-primal|p2a: Cronch|Red Orb\n|-weather|DesolateLand|[from] ability: Desolate Land|[of] p2a: Cronch\n|turn|1\n|\n|t:|1699668066\n|move|p1a: Deoxys|Taunt|p2a: Cronch\n|-start|p2a: Cronch|move: Taunt\n|move|p2a: Cronch|Fire Punch|p1a: Deoxys\n|-damage|p1a: Deoxys|4\/100\n|\n|-weather|DesolateLand|[upkeep]\n|upkeep\n|turn|2\n|\n|t:|1699668073\n|move|p1a: Deoxys|Stealth Rock|p2a: Cronch\n|-sidestart|p2: FrankieWard|move: Stealth Rock\n|move|p2a: Cronch|Fire Punch|p1a: Deoxys\n|-damage|p1a: Deoxys|0 fnt\n|faint|p1a: Deoxys\n|\n|-weather|DesolateLand|[upkeep]\n|upkeep\n|\n|t:|1699668076\n|switch|p1a: Rayquaza|Rayquaza|100\/100\n|-ability|p1a: Rayquaza|Air Lock\n|turn|3\n|\n|t:|1699668083\n|-weather|none\n|switch|p2a: Slushie|Eternatus|100\/100\n|-damage|p2a: Slushie|88\/100|[from] Stealth Rock\n|-ability|p2a: Slushie|Pressure\n|move|p1a: Rayquaza|Waterfall|p2a: Slushie\n|-resisted|p2a: Slushie\n|-damage|p2a: Slushie|75\/100\n|\n|upkeep\n|turn|4\n|\n|t:|1699668099\n|switch|p1a: Necrozma|Necrozma-Dusk-Mane, shiny|100\/100\n|move|p2a: Slushie|Fire Blast|p1a: Necrozma\n|-supereffective|p1a: Necrozma\n|-damage|p1a: Necrozma|29\/100\n|-damage|p2a: Slushie|65\/100|[from] item: Life Orb\n|\n|upkeep\n|turn|5\n|\n|t:|1699668108\n|detailschange|p1a: Necrozma|Necrozma-Ultra, shiny\n|-burst|p1a: Necrozma|Necrozma|Ultranecrozium Z\n|move|p2a: Slushie|Fire Blast|p1a: Necrozma\n|-resisted|p1a: Necrozma\n|-damage|p1a: Necrozma|0 fnt\n|faint|p1a: Necrozma\n|-damage|p2a: Slushie|55\/100|[from] item: Life Orb\n|\n|upkeep\n|\n|t:|1699668121\n|switch|p1a: Groudon|Groudon, shiny|100\/100\n|detailschange|p1a: Groudon|Groudon-Primal, shiny\n|-primal|p1a: Groudon|Red Orb\n|-weather|DesolateLand|[from] ability: Desolate Land|[of] p1a: Groudon\n|turn|6\n|\n|t:|1699668142\n|move|p2a: Slushie|Dynamax Cannon|p1a: Groudon\n|-damage|p1a: Groudon|21\/100\n|-damage|p2a: Slushie|45\/100|[from] item: Life Orb\n|move|p1a: Groudon|Rock Polish|p1a: Groudon\n|-boost|p1a: Groudon|spe|2\n|\n|-weather|DesolateLand|[upkeep]\n|upkeep\n|turn|7\n|\n|t:|1699668150\n|move|p1a: Groudon|Earth Power|p2a: Slushie\n|-supereffective|p2a: Slushie\n|-damage|p2a: Slushie|0 fnt\n|faint|p2a: Slushie\n|\n|-weather|DesolateLand|[upkeep]\n|upkeep\n|inactive|FrankieWard has 120 seconds left.\n|\n|t:|1699668171\n|switch|p2a: Mellow|Marshadow|100\/100\n|-damage|p2a: Mellow|94\/100|[from] Stealth Rock\n|turn|8\n|\n|t:|1699668178\n|-terastallize|p2a: Mellow|Ghost\n|move|p2a: Mellow|Shadow Sneak|p1a: Groudon\n|-damage|p1a: Groudon|0 fnt\n|faint|p1a: Groudon\n|-weather|none\n|\n|upkeep\n|\n|t:|1699668183\n|switch|p1a: Rayquaza|Rayquaza|100\/100\n|-ability|p1a: Rayquaza|Air Lock\n|turn|9\n|\n|t:|1699668190\n|move|p1a: Rayquaza|Dragon Ascent|p2a: Mellow\n|-damage|p2a: Mellow|5\/100\n|-unboost|p1a: Rayquaza|def|1\n|-unboost|p1a: Rayquaza|spd|1\n|move|p2a: Mellow|Ice Punch|p1a: Rayquaza\n|-supereffective|p1a: Rayquaza\n|-damage|p1a: Rayquaza|0 fnt\n|faint|p1a: Rayquaza\n|\n|upkeep\n|\n|t:|1699668196\n|switch|p1a: Marshadow|Marshadow|100\/100\n|turn|10\n|\n|t:|1699668202\n|move|p2a: Mellow|Shadow Sneak|p1a: Marshadow\n|-supereffective|p1a: Marshadow\n|-enditem|p1a: Marshadow|Focus Sash\n|-damage|p1a: Marshadow|1\/100\n|move|p1a: Marshadow|Shadow Sneak|p2a: Mellow\n|-supereffective|p2a: Mellow\n|-damage|p2a: Mellow|0 fnt\n|faint|p2a: Mellow\n|\n|upkeep\n|\n|t:|1699668220\n|switch|p2a: Cronch|Groudon-Primal|100\/100\n|-damage|p2a: Cronch|88\/100|[from] Stealth Rock\n|-weather|DesolateLand|[from] ability: Desolate Land|[of] p2a: Cronch\n|turn|11\n|\n|t:|1699668242\n|move|p1a: Marshadow|Close Combat|p2a: Cronch\n|-damage|p2a: Cronch|52\/100\n|-unboost|p1a: Marshadow|def|1\n|-unboost|p1a: Marshadow|spd|1\n|move|p2a: Cronch|Stealth Rock|p1a: Marshadow\n|-sidestart|p1: Rhyfinn 01|move: Stealth Rock\n|\n|-weather|DesolateLand|[upkeep]\n|upkeep\n|turn|12\n|\n|t:|1699668251\n|move|p1a: Marshadow|Close Combat|p2a: Cronch\n|-damage|p2a: Cronch|20\/100\n|-unboost|p1a: Marshadow|def|1\n|-unboost|p1a: Marshadow|spd|1\n|move|p2a: Cronch|Roar|p1a: Marshadow\n|drag|p1a: Xerneas|Xerneas|100\/100\n|-damage|p1a: Xerneas|88\/100|[from] Stealth Rock\n|-ability|p1a: Xerneas|Fairy Aura\n|\n|-weather|DesolateLand|[upkeep]\n|upkeep\n|turn|13\n|\n|t:|1699668262\n|move|p1a: Xerneas|Moonblast|p2a: Cronch\n|-resisted|p2a: Cronch\n|-damage|p2a: Cronch|0 fnt\n|faint|p2a: Cronch\n|-weather|none\n|\n|upkeep\n|\n|t:|1699668274\n|switch|p2a: Liza|Shaymin-Sky|100\/100\n|-damage|p2a: Liza|76\/100|[from] Stealth Rock\n|turn|14\n|\n|t:|1699668279\n|-terastallize|p1a: Xerneas|Fire\n|move|p2a: Liza|Air Slash|p1a: Xerneas\n|-damage|p1a: Xerneas|46\/100\n|-damage|p2a: Liza|66\/100|[from] item: Life Orb\n|move|p1a: Xerneas|Geomancy||[still]\n|-prepare|p1a: Xerneas|Geomancy\n|-enditem|p1a: Xerneas|Power Herb\n|-anim|p1a: Xerneas|Geomancy|p1a: Xerneas\n|-boost|p1a: Xerneas|spa|2\n|-boost|p1a: Xerneas|spd|2\n|-boost|p1a: Xerneas|spe|2\n|\n|upkeep\n|turn|15\n|\n|t:|1699668290\n|move|p1a: Xerneas|Hidden Power|p2a: Liza\n|-supereffective|p2a: Liza\n|-damage|p2a: Liza|0 fnt\n|faint|p2a: Liza\n|\n|upkeep\n|\n|t:|1699668297\n|switch|p2a: Divinity|Diancie|100\/100\n|-damage|p2a: Divinity|88\/100|[from] Stealth Rock\n|turn|16\n|\n|t:|1699668305\n|detailschange|p2a: Divinity|Diancie-Mega\n|-mega|p2a: Divinity|Diancie|Diancite\n|move|p1a: Xerneas|Moonblast|p2a: Divinity\n|-damage|p2a: Divinity|0 fnt\n|faint|p2a: Divinity\n|\n|upkeep\n|\n|t:|1699668311\n|switch|p2a: Abyss|Kyurem-White|100\/100\n|-damage|p2a: Abyss|76\/100|[from] Stealth Rock\n|-ability|p2a: Abyss|Turboblaze\n|turn|17\n|\n|t:|1699668320\n|move|p1a: Xerneas|Moonblast|p2a: Abyss\n|-supereffective|p2a: Abyss\n|-damage|p2a: Abyss|0 fnt\n|faint|p2a: Abyss\n|\n|win|Rhyfinn 01\n|raw|Rhyfinn 01's rating: 1304 &rarr; <strong>1320<\/strong><br \/>(+16 for winning)\n|raw|FrankieWard's rating: 1227 &rarr; <strong>1207<\/strong><br \/>(-20 for losing)\n|l|\u2606FrankieWard\n","uploadtime":1699668324,"views":4,"p1id":"rhyfinn01","p2id":"frankieward","formatid":"gen9nationaldexubers","rating":1207,"private":0,"password":""}