{"id":"gen9nationaldexubers-1979121956","p1":"Edras16","p2":"D. Lawrenzz","format":"[Gen 9] National Dex Ubers","log":"|j|\u2606Edras16\n|j|\u2606D. Lawrenzz\n|t:|1698635145\n|gametype|singles\n|player|p1|Edras16|steven|\n|player|p2|D. Lawrenzz|blue-masters|\n|teamsize|p1|6\n|teamsize|p2|6\n|gen|9\n|tier|[Gen 9] National Dex Ubers\n|rule|HP Percentage Mod: HP is shown in percentages\n|rule|Endless Battle Clause: Forcing endless battles is banned\n|rule|OHKO Clause: OHKO moves are banned\n|rule|Evasion Moves Clause: Evasion moves are banned\n|rule|Evasion Items Clause: Evasion items are banned\n|rule|Species Clause: Limit one of each Pok\u00e9mon\n|rule|Sleep Clause Mod: Limit one foe put to sleep\n|rule|Mega Rayquaza Clause: You cannot mega evolve Rayquaza\n|clearpoke\n|poke|p1|Tapu Lele|\n|poke|p1|Mewtwo|\n|poke|p1|Urshifu-*, F|\n|poke|p1|Starmie|\n|poke|p1|Hatterene, F|\n|poke|p1|Armarouge, M|\n|poke|p2|Ribombee, F|\n|poke|p2|Medicham, M|\n|poke|p2|Great Tusk|\n|poke|p2|Ogerpon-Wellspring, F|\n|poke|p2|Gholdengo|\n|poke|p2|Iron Moth|\n|teampreview\n|inactive|Battle timer is ON: inactive players will automatically lose when time's up. (requested by D. Lawrenzz)\n|inactive|Edras16 also wants the timer to be on.\n|c|\u2606D. Lawrenzz|hf\n|c|\u2606Edras16|Glhf\n|\n|t:|1698635161\n|start\n|switch|p1a: Urshifu|Urshifu, F|100\/100\n|switch|p2a: Ribombee|Ribombee, F|100\/100\n|turn|1\n|\n|t:|1698635182\n|move|p1a: Urshifu|U-turn|p2a: Ribombee\n|-resisted|p2a: Ribombee\n|-damage|p2a: Ribombee|76\/100\n|\n|t:|1698635185\n|switch|p1a: Hatterene|Hatterene, F|100\/100|[from] U-turn\n|move|p2a: Ribombee|Sticky Web|p1a: Hatterene\n|move|p1a: Hatterene|Sticky Web|p2a: Ribombee|[from]ability: Magic Bounce\n|-sidestart|p2: D. Lawrenzz|move: Sticky Web\n|\n|upkeep\n|turn|2\n|\n|t:|1698635200\n|move|p2a: Ribombee|U-turn|p1a: Hatterene\n|-damage|p1a: Hatterene|85\/100\n|\n|t:|1698635207\n|switch|p2a: Gholdengo|Gholdengo|100\/100|[from] U-turn\n|-item|p2a: Gholdengo|Air Balloon\n|move|p1a: Hatterene|Mystical Fire|p2a: Gholdengo\n|-supereffective|p2a: Gholdengo\n|-damage|p2a: Gholdengo|36\/100\n|-unboost|p2a: Gholdengo|spa|1\n|-enditem|p2a: Gholdengo|Air Balloon\n|\n|-heal|p1a: Hatterene|91\/100|[from] item: Leftovers\n|upkeep\n|turn|3\n|\n|t:|1698635221\n|switch|p1a: Urshifu|Urshifu, F|100\/100\n|move|p2a: Gholdengo|Make It Rain|p1a: Urshifu\n|-damage|p1a: Urshifu|35\/100\n|-unboost|p2a: Gholdengo|spa|1\n|\n|upkeep\n|turn|4\n|\n|t:|1698635231\n|switch|p2a: Great Tusk|Great Tusk|100\/100\n|-activate|p2a: Great Tusk|move: Sticky Web\n|-unboost|p2a: Great Tusk|spe|1\n|move|p1a: Urshifu|Wicked Blow|p2a: Great Tusk\n|-resisted|p2a: Great Tusk\n|-crit|p2a: Great Tusk\n|-damage|p2a: Great Tusk|78\/100\n|\n|upkeep\n|turn|5\n|\n|t:|1698635239\n|switch|p1a: Starmie|Starmie|100\/100\n|move|p2a: Great Tusk|Rapid Spin|p1a: Starmie\n|-damage|p1a: Starmie|74\/100\n|-boost|p2a: Great Tusk|spe|1\n|-sideend|p2: D. Lawrenzz|Sticky Web|[from] move: Rapid Spin|[of] p2a: Great Tusk\n|\n|upkeep\n|turn|6\n|\n|t:|1698635253\n|-end|p2a: Great Tusk|Protosynthesis|[silent]\n|switch|p2a: Ogerpon|Ogerpon-Wellspring, F|100\/100\n|move|p1a: Starmie|Rapid Spin|p2a: Ogerpon\n|-damage|p2a: Ogerpon|86\/100\n|-boost|p1a: Starmie|spe|1\n|\n|upkeep\n|turn|7\n|\n|t:|1698635258\n|move|p1a: Starmie|Meteor Beam||[still]\n|-prepare|p1a: Starmie|Meteor Beam\n|-boost|p1a: Starmie|spa|1\n|-enditem|p1a: Starmie|Power Herb\n|-anim|p1a: Starmie|Meteor Beam|p2a: Ogerpon\n|-damage|p2a: Ogerpon|27\/100\n|move|p2a: Ogerpon|Swords Dance|p2a: Ogerpon\n|-boost|p2a: Ogerpon|atk|2\n|\n|upkeep\n|turn|8\n|\n|t:|1698635269\n|move|p1a: Starmie|Expanding Force|p2a: Ogerpon\n|-damage|p2a: Ogerpon|0 fnt\n|faint|p2a: Ogerpon\n|\n|upkeep\n|\n|t:|1698635285\n|switch|p2a: Gholdengo|Gholdengo|36\/100\n|turn|9\n|\n|t:|1698635289\n|move|p1a: Starmie|Hydro Pump|p2a: Gholdengo\n|-damage|p2a: Gholdengo|0 fnt\n|faint|p2a: Gholdengo\n|\n|upkeep\n|\n|t:|1698635292\n|switch|p2a: Ribombee|Ribombee, F|76\/100\n|turn|10\n|\n|t:|1698635300\n|move|p1a: Starmie|Hydro Pump|p2a: Ribombee\n|-damage|p2a: Ribombee|0 fnt\n|faint|p2a: Ribombee\n|\n|upkeep\n|\n|t:|1698635301\n|switch|p2a: Medicham|Medicham, M|100\/100\n|turn|11\n|\n|t:|1698635303\n|detailschange|p2a: Medicham|Medicham-Mega, M\n|-mega|p2a: Medicham|Medicham|Medichamite\n|move|p2a: Medicham|Fake Out|p1a: Starmie\n|-damage|p1a: Starmie|39\/100\n|cant|p1a: Starmie|flinch\n|\n|upkeep\n|turn|12\n|c|\u2606D. Lawrenzz|wtf\n|\n|t:|1698635308\n|move|p2a: Medicham|Bullet Punch|p1a: Starmie\n|-resisted|p1a: Starmie\n|-damage|p1a: Starmie|22\/100\n|move|p1a: Starmie|Hydro Pump|p2a: Medicham\n|-damage|p2a: Medicham|0 fnt\n|faint|p2a: Medicham\n|\n|upkeep\n|\n|t:|1698635312\n|switch|p2a: Great Tusk|Great Tusk|78\/100\n|turn|13\n|\n|t:|1698635316\n|move|p1a: Starmie|Expanding Force|p2a: Great Tusk\n|-supereffective|p2a: Great Tusk\n|-damage|p2a: Great Tusk|8\/100\n|move|p2a: Great Tusk|Rapid Spin|p1a: Starmie\n|-damage|p1a: Starmie|0 fnt\n|-boost|p2a: Great Tusk|spe|1\n|faint|p1a: Starmie\n|\n|upkeep\n|c|\u2606D. Lawrenzz|i got swept\n|c|\u2606Edras16|Fuckin av\n|\n|t:|1698635329\n|switch|p1a: Armarouge|Armarouge, M|100\/100\n|turn|14\n|\n|t:|1698635334\n|move|p2a: Great Tusk|Earthquake|p1a: Armarouge\n|-supereffective|p1a: Armarouge\n|-enditem|p1a: Armarouge|Focus Sash\n|-damage|p1a: Armarouge|1\/100\n|-ability|p1a: Armarouge|Weak Armor|boost\n|-unboost|p1a: Armarouge|def|1\n|-boost|p1a: Armarouge|spe|2\n|move|p1a: Armarouge|Psyshock|p2a: Great Tusk\n|-supereffective|p2a: Great Tusk\n|-damage|p2a: Great Tusk|0 fnt\n|faint|p2a: Great Tusk\n|-end|p2a: Great Tusk|Protosynthesis|[silent]\n|\n|upkeep\n|\n|t:|1698635337\n|switch|p2a: Iron Moth|Iron Moth|100\/100\n|-enditem|p2a: Iron Moth|Booster Energy\n|-activate|p2a: Iron Moth|ability: Quark Drive|[fromitem]\n|-start|p2a: Iron Moth|quarkdrivespa\n|turn|15\n|\n|t:|1698635342\n|-terastallize|p1a: Armarouge|Psychic\n|-terastallize|p2a: Iron Moth|Fire\n|move|p1a: Armarouge|Psyshock|p2a: Iron Moth\n|-damage|p2a: Iron Moth|0 fnt\n|faint|p2a: Iron Moth\n|-end|p2a: Iron Moth|Quark Drive|[silent]\n|\n|win|Edras16\n|c|\u2606Edras16|Gg\n|c|\u2606D. Lawrenzz|gg\n|c|\u2606D. Lawrenzz|tusk av is real\n","uploadtime":1698635358,"views":11,"p1id":"edras16","p2id":"dlawrenzz","formatid":"gen9nationaldexubers","rating":0,"private":0,"password":""}