{"id":"gen9nationaldexubers-1994296007","p1":"Tytheguy004","p2":"Aroma Nobody","format":"[Gen 9] National Dex Ubers","log":"|j|\u2606Tytheguy004\n|j|\u2606Aroma Nobody\n|t:|1700428184\n|gametype|singles\n|player|p1|Tytheguy004|biker-gen4|\n|player|p2|Aroma Nobody|turo-ai|\n|teamsize|p1|6\n|teamsize|p2|6\n|gen|9\n|tier|[Gen 9] National Dex Ubers\n|rule|HP Percentage Mod: HP is shown in percentages\n|rule|Endless Battle Clause: Forcing endless battles is banned\n|rule|OHKO Clause: OHKO moves are banned\n|rule|Evasion Moves Clause: Evasion moves are banned\n|rule|Evasion Items Clause: Evasion items are banned\n|rule|Species Clause: Limit one of each Pok\u00e9mon\n|rule|Sleep Clause Mod: Limit one foe put to sleep\n|rule|Mega Rayquaza Clause: You cannot mega evolve Rayquaza\n|clearpoke\n|poke|p1|Urshifu-*, M|\n|poke|p1|Pelipper, M|\n|poke|p1|Scizor, F|\n|poke|p1|Iron Bundle|\n|poke|p1|Floatzel, M|\n|poke|p1|Krookodile, M|\n|poke|p2|Walking Wake|\n|poke|p2|Torkoal, F|\n|poke|p2|Urshifu-*, M|\n|poke|p2|Iron Bundle|\n|poke|p2|Greninja-*, M|\n|poke|p2|Slowbro, F|\n|teampreview\n|c|\u2606Tytheguy004|glhf\n|c|\u2606Aroma Nobody|Glhf\n|\n|t:|1700428225\n|start\n|switch|p1a: Krookodile|Krookodile, M|100\/100\n|switch|p2a: Iron Bundle|Iron Bundle|100\/100\n|-ability|p1a: Krookodile|Intimidate|boost\n|-unboost|p2a: Iron Bundle|atk|1\n|turn|1\n|\n|t:|1700428300\n|move|p1a: Krookodile|Close Combat|p2a: Iron Bundle\n|-supereffective|p2a: Iron Bundle\n|-damage|p2a: Iron Bundle|2\/100\n|-unboost|p1a: Krookodile|def|1\n|-unboost|p1a: Krookodile|spd|1\n|move|p2a: Iron Bundle|Ice Beam|p1a: Krookodile\n|-supereffective|p1a: Krookodile\n|-damage|p1a: Krookodile|0 fnt\n|faint|p1a: Krookodile\n|\n|upkeep\n|c|\u2606Aroma Nobody|sorry was calcing if scarf krook could kill\n|c|\u2606Tytheguy004|Its cool\n|c|\u2606Tytheguy004|Was it a roll\n|\n|t:|1700428330\n|switch|p1a: Scizor|Scizor, F|100\/100\n|turn|2\n|c|\u2606Aroma Nobody|if you were jolly then no, you did max\n|\n|t:|1700428350\n|-end|p2a: Iron Bundle|Quark Drive|[silent]\n|switch|p2a: Slowbro|Slowbro, F|100\/100\n|detailschange|p1a: Scizor|Scizor-Mega, F\n|-mega|p1a: Scizor|Scizor|Scizorite\n|move|p1a: Scizor|U-turn|p2a: Slowbro\n|-supereffective|p2a: Slowbro\n|-damage|p2a: Slowbro|62\/100\n|\n|t:|1700428356\n|switch|p1a: Iron Bundle|Iron Bundle|100\/100|[from] U-turn\n|\n|upkeep\n|turn|3\n|\n|t:|1700428363\n|detailschange|p2a: Slowbro|Slowbro-Mega, F\n|-mega|p2a: Slowbro|Slowbro|Slowbronite\n|move|p1a: Iron Bundle|Flip Turn|p2a: Slowbro\n|-resisted|p2a: Slowbro\n|-damage|p2a: Slowbro|59\/100\n|\n|t:|1700428367\n|-end|p1a: Iron Bundle|Quark Drive|[silent]\n|switch|p1a: Floatzel|Floatzel, M|100\/100|[from] Flip Turn\n|move|p2a: Slowbro|Scald|p1a: Floatzel\n|-resisted|p1a: Floatzel\n|-damage|p1a: Floatzel|67\/100\n|-status|p1a: Floatzel|brn\n|\n|-damage|p1a: Floatzel|61\/100 brn|[from] brn\n|upkeep\n|turn|4\n|c|\u2606Tytheguy004|NOOO\n|\n|t:|1700428377\n|move|p1a: Floatzel|Crunch|p2a: Slowbro\n|-supereffective|p2a: Slowbro\n|-damage|p2a: Slowbro|42\/100\n|move|p2a: Slowbro|Calm Mind|p2a: Slowbro\n|-boost|p2a: Slowbro|spa|1\n|-boost|p2a: Slowbro|spd|1\n|\n|-damage|p1a: Floatzel|55\/100 brn|[from] brn\n|upkeep\n|turn|5\n|\n|t:|1700428384\n|switch|p1a: Urshifu|Urshifu-Rapid-Strike, M|100\/100\n|move|p2a: Slowbro|Slack Off|p2a: Slowbro\n|-heal|p2a: Slowbro|92\/100\n|\n|upkeep\n|turn|6\n|\n|t:|1700428388\n|move|p1a: Urshifu|U-turn|p2a: Slowbro\n|-supereffective|p2a: Slowbro\n|-damage|p2a: Slowbro|71\/100\n|\n|t:|1700428391\n|switch|p1a: Pelipper|Pelipper, M|100\/100|[from] U-turn\n|-weather|RainDance|[from] ability: Drizzle|[of] p1a: Pelipper\n|move|p2a: Slowbro|Scald|p1a: Pelipper\n|-resisted|p1a: Pelipper\n|-damage|p1a: Pelipper|49\/100\n|-status|p1a: Pelipper|brn\n|\n|-weather|RainDance|[upkeep]\n|-damage|p1a: Pelipper|43\/100 brn|[from] brn\n|upkeep\n|turn|7\n|\n|t:|1700428399\n|move|p1a: Pelipper|Roost|p1a: Pelipper\n|-heal|p1a: Pelipper|93\/100 brn\n|-singleturn|p1a: Pelipper|move: Roost\n|move|p2a: Slowbro|Scald|p1a: Pelipper\n|-resisted|p1a: Pelipper\n|-damage|p1a: Pelipper|36\/100 brn\n|\n|-weather|RainDance|[upkeep]\n|-damage|p1a: Pelipper|30\/100 brn|[from] brn\n|upkeep\n|turn|8\n|\n|t:|1700428403\n|move|p1a: Pelipper|Knock Off|p2a: Slowbro\n|-supereffective|p2a: Slowbro\n|-damage|p2a: Slowbro|68\/100\n|move|p2a: Slowbro|Calm Mind|p2a: Slowbro\n|-boost|p2a: Slowbro|spa|1\n|-boost|p2a: Slowbro|spd|1\n|\n|-weather|RainDance|[upkeep]\n|-damage|p1a: Pelipper|23\/100 brn|[from] brn\n|upkeep\n|turn|9\n|c|\u2606Tytheguy004|Well this is already over lol\n|c|\u2606Aroma Nobody|yeah sorry\n|c|\u2606Tytheguy004|Its fine\n|c|\u2606Tytheguy004|Like FUCK im getting so unlucky today\n|\n|t:|1700428429\n|move|p1a: Pelipper|U-turn|p2a: Slowbro\n|-supereffective|p2a: Slowbro\n|-damage|p2a: Slowbro|64\/100\n|\n|t:|1700428431\n|switch|p1a: Urshifu|Urshifu-Rapid-Strike, M|100\/100|[from] U-turn\n|move|p2a: Slowbro|Slack Off|p2a: Slowbro\n|-heal|p2a: Slowbro|100\/100\n|\n|-weather|RainDance|[upkeep]\n|upkeep\n|turn|10\n|\n|t:|1700428435\n|move|p1a: Urshifu|Thunder Punch|p2a: Slowbro\n|-supereffective|p2a: Slowbro\n|-damage|p2a: Slowbro|77\/100\n|move|p2a: Slowbro|Psyshock|p1a: Urshifu\n|-supereffective|p1a: Urshifu\n|-damage|p1a: Urshifu|0 fnt\n|faint|p1a: Urshifu\n|\n|-weather|RainDance|[upkeep]\n|upkeep\n|c|\u2606Tytheguy004|gg\n|c|\u2606Aroma Nobody|gg\n|\n|t:|1700428445\n|switch|p1a: Pelipper|Pelipper, M|23\/100 brn\n|turn|11\n|\n|t:|1700428448\n|move|p1a: Pelipper|U-turn|p2a: Slowbro\n|-supereffective|p2a: Slowbro\n|-damage|p2a: Slowbro|72\/100\n|\n|t:|1700428451\n|switch|p1a: Iron Bundle|Iron Bundle|100\/100|[from] U-turn\n|move|p2a: Slowbro|Psyshock|p1a: Iron Bundle\n|-damage|p1a: Iron Bundle|17\/100\n|\n|-weather|RainDance|[upkeep]\n|upkeep\n|turn|12\n|\n|t:|1700428455\n|move|p1a: Iron Bundle|Freeze-Dry|p2a: Slowbro\n|-supereffective|p2a: Slowbro\n|-damage|p2a: Slowbro|37\/100\n|move|p2a: Slowbro|Scald|p1a: Iron Bundle\n|-resisted|p1a: Iron Bundle\n|-damage|p1a: Iron Bundle|0 fnt\n|faint|p1a: Iron Bundle\n|-end|p1a: Iron Bundle|Quark Drive|[silent]\n|\n|-weather|RainDance|[upkeep]\n|upkeep\n|\n|t:|1700428460\n|switch|p1a: Floatzel|Floatzel, M|55\/100 brn\n|turn|13\n|\n|t:|1700428465\n|move|p1a: Floatzel|Wave Crash|p2a: Slowbro\n|-resisted|p2a: Slowbro\n|-damage|p2a: Slowbro|24\/100\n|-damage|p1a: Floatzel|49\/100 brn|[from] Recoil\n|move|p2a: Slowbro|Psyshock|p1a: Floatzel\n|-damage|p1a: Floatzel|0 fnt\n|faint|p1a: Floatzel\n|\n|-weather|none\n|upkeep\n|\n|t:|1700428468\n|switch|p1a: Pelipper|Pelipper, M|23\/100 brn\n|-weather|RainDance|[from] ability: Drizzle|[of] p1a: Pelipper\n|turn|14\n|\n|t:|1700428471\n|move|p1a: Pelipper|Scald|p2a: Slowbro\n|-resisted|p2a: Slowbro\n|-damage|p2a: Slowbro|14\/100\n|move|p2a: Slowbro|Psyshock|p1a: Pelipper\n|-damage|p1a: Pelipper|0 fnt\n|faint|p1a: Pelipper\n|\n|-weather|RainDance|[upkeep]\n|upkeep\n|\n|t:|1700428476\n|switch|p1a: Scizor|Scizor-Mega, F|100\/100\n|turn|15\n|\n|t:|1700428480\n|move|p1a: Scizor|U-turn|p2a: Slowbro\n|-supereffective|p2a: Slowbro\n|-damage|p2a: Slowbro|0 fnt\n|faint|p2a: Slowbro\n|\n|-weather|RainDance|[upkeep]\n|upkeep\n|\n|t:|1700428483\n|switch|p2a: Torkoal|Torkoal, F|100\/100\n|-weather|SunnyDay|[from] ability: Drought|[of] p2a: Torkoal\n|turn|16\n|\n|t:|1700428486\n|move|p1a: Scizor|Close Combat|p2a: Torkoal\n|-damage|p2a: Torkoal|77\/100\n|-unboost|p1a: Scizor|def|1\n|-unboost|p1a: Scizor|spd|1\n|move|p2a: Torkoal|Overheat|p1a: Scizor\n|-supereffective|p1a: Scizor\n|-damage|p1a: Scizor|0 fnt\n|-unboost|p2a: Torkoal|spa|2\n|-enditem|p2a: Torkoal|Eject Pack\n|faint|p1a: Scizor\n|\n|win|Aroma Nobody\n|c|\u2606Aroma Nobody|gg\n|c|\u2606Tytheguy004|gg\n|c|\u2606Tytheguy004|Im done for today fuck this\n|c|\u2606Aroma Nobody|Today is the last day of the season anyways, starting tomorrow is a restart\n|c|\u2606Aroma Nobody|new teams new gyms and all that\n|c|\u2606Tytheguy004|Perfect i can build a new team right\n|c|\u2606Tytheguy004|k\n|l|\u2606Tytheguy004\n","uploadtime":1700428642,"views":4,"p1id":"tytheguy004","p2id":"aromanobody","formatid":"gen9nationaldexubers","rating":0,"private":0,"password":""}