{"id":"gen9nationaldexubers-1983942026","p1":"i like serperior","p2":"nfyhsueryfgius","format":"[Gen 9] National Dex Ubers","log":"|j|\u2606i like serperior\n|j|\u2606nfyhsueryfgius\n|t:|1699202423\n|gametype|singles\n|player|p1|i like serperior|colress|1589\n|player|p2|nfyhsueryfgius|ghetsis|1753\n|teamsize|p1|6\n|teamsize|p2|6\n|gen|9\n|tier|[Gen 9] National Dex Ubers\n|rated|\n|rule|HP Percentage Mod: HP is shown in percentages\n|rule|Endless Battle Clause: Forcing endless battles is banned\n|rule|OHKO Clause: OHKO moves are banned\n|rule|Evasion Moves Clause: Evasion moves are banned\n|rule|Evasion Items Clause: Evasion items are banned\n|rule|Species Clause: Limit one of each Pok\u00e9mon\n|rule|Sleep Clause Mod: Limit one foe put to sleep\n|rule|Mega Rayquaza Clause: You cannot mega evolve Rayquaza\n|clearpoke\n|poke|p1|Groudon|\n|poke|p1|Rayquaza|\n|poke|p1|Ribombee, F|\n|poke|p1|Kyurem-Black|\n|poke|p1|Yveltal|\n|poke|p1|Necrozma-Dawn-Wings|\n|poke|p2|Eternatus|\n|poke|p2|Arceus-Ground|\n|poke|p2|Ho-Oh|\n|poke|p2|Groudon|\n|poke|p2|Yveltal|\n|poke|p2|Xerneas-*|\n|teampreview\n|\n|t:|1699202453\n|start\n|switch|p1a: Orbital strike|Rayquaza|100\/100\n|switch|p2a: Eternatus|Eternatus|100\/100\n|-ability|p2a: Eternatus|Pressure\n|-ability|p1a: Orbital strike|Air Lock\n|turn|1\n|\n|t:|1699202456\n|-terastallize|p1a: Orbital strike|Steel\n|move|p2a: Eternatus|Dynamax Cannon|p1a: Orbital strike\n|-resisted|p1a: Orbital strike\n|-damage|p1a: Orbital strike|70\/100\n|move|p1a: Orbital strike|Draco Meteor|p2a: Eternatus\n|-supereffective|p2a: Eternatus\n|-damage|p2a: Eternatus|0 fnt\n|-unboost|p1a: Orbital strike|spa|2\n|faint|p2a: Eternatus\n|\n|upkeep\n|\n|t:|1699202463\n|switch|p2a: Arceus|Arceus-Ground|100\/100\n|turn|2\n|\n|t:|1699202465\n|move|p2a: Arceus|Swords Dance|p2a: Arceus\n|-boost|p2a: Arceus|atk|2\n|move|p1a: Orbital strike|Draco Meteor|p2a: Arceus\n|-damage|p2a: Arceus|51\/100\n|-unboost|p1a: Orbital strike|spa|2\n|\n|upkeep\n|turn|3\n|\n|t:|1699202472\n|switch|p1a: Nui rama|Ribombee, F|100\/100\n|move|p2a: Arceus|Recover|p2a: Arceus\n|-heal|p2a: Arceus|100\/100\n|\n|upkeep\n|turn|4\n|\n|t:|1699202475\n|move|p1a: Nui rama|Stun Spore|p2a: Arceus\n|-status|p2a: Arceus|par\n|move|p2a: Arceus|Earthquake|p1a: Nui rama\n|-resisted|p1a: Nui rama\n|-enditem|p1a: Nui rama|Focus Sash\n|-damage|p1a: Nui rama|1\/100\n|\n|upkeep\n|turn|5\n|\n|t:|1699202477\n|move|p1a: Nui rama|Sticky Web|p2a: Arceus\n|-sidestart|p2: nfyhsueryfgius|move: Sticky Web\n|cant|p2a: Arceus|par\n|\n|upkeep\n|turn|6\n|\n|t:|1699202480\n|move|p1a: Nui rama|Moonblast|p2a: Arceus\n|-damage|p2a: Arceus|69\/100 par\n|move|p2a: Arceus|Earthquake|p1a: Nui rama\n|-resisted|p1a: Nui rama\n|-damage|p1a: Nui rama|0 fnt\n|faint|p1a: Nui rama\n|\n|upkeep\n|\n|t:|1699202482\n|switch|p1a: Frost bite|Kyurem-Black, shiny|100\/100\n|-ability|p1a: Frost bite|Teravolt\n|turn|7\n|\n|t:|1699202487\n|-terastallize|p2a: Arceus|Water\n|move|p1a: Frost bite|Icicle Spear|p2a: Arceus\n|-resisted|p2a: Arceus\n|-damage|p2a: Arceus|63\/100 par\n|-resisted|p2a: Arceus\n|-damage|p2a: Arceus|56\/100 par\n|-resisted|p2a: Arceus\n|-damage|p2a: Arceus|50\/100 par\n|-resisted|p2a: Arceus\n|-damage|p2a: Arceus|43\/100 par\n|-resisted|p2a: Arceus\n|-damage|p2a: Arceus|37\/100 par\n|-hitcount|p2a: Arceus|5\n|move|p2a: Arceus|Stone Edge|p1a: Frost bite\n|-supereffective|p1a: Frost bite\n|-damage|p1a: Frost bite|0 fnt\n|faint|p1a: Frost bite\n|\n|upkeep\n|\n|t:|1699202492\n|switch|p1a: Orbital strike|Rayquaza, tera:Steel|70\/100\n|-ability|p1a: Orbital strike|Air Lock\n|turn|8\n|\n|t:|1699202495\n|switch|p2a: Ho-Oh|Ho-Oh|100\/100\n|move|p1a: Orbital strike|Hurricane|p2a: Ho-Oh\n|-damage|p2a: Ho-Oh|43\/100\n|-start|p2a: Ho-Oh|confusion\n|\n|upkeep\n|turn|9\n|\n|t:|1699202502\n|move|p1a: Orbital strike|Hurricane|p2a: Ho-Oh\n|-damage|p2a: Ho-Oh|0 fnt\n|faint|p2a: Ho-Oh\n|\n|upkeep\n|\n|t:|1699202504\n|switch|p2a: Groudon|Groudon|100\/100\n|-activate|p2a: Groudon|move: Sticky Web\n|-unboost|p2a: Groudon|spe|1\n|detailschange|p2a: Groudon|Groudon-Primal\n|-primal|p2a: Groudon|Red Orb\n|-weather|DesolateLand|[from] ability: Desolate Land|[of] p2a: Groudon\n|turn|10\n|\n|t:|1699202508\n|move|p1a: Orbital strike|Hurricane|p2a: Groudon\n|-damage|p2a: Groudon|27\/100\n|move|p2a: Groudon|Overheat|p1a: Orbital strike\n|-supereffective|p1a: Orbital strike\n|-damage|p1a: Orbital strike|0 fnt\n|-unboost|p2a: Groudon|spa|2\n|faint|p1a: Orbital strike\n|\n|-weather|DesolateLand|[upkeep]\n|upkeep\n|\n|t:|1699202512\n|switch|p1a: Yveltal|Yveltal, shiny|100\/100\n|-ability|p1a: Yveltal|Dark Aura\n|turn|11\n|\n|t:|1699202516\n|move|p1a: Yveltal|Dark Pulse|p2a: Groudon\n|-damage|p2a: Groudon|0 fnt\n|faint|p2a: Groudon\n|-weather|none\n|\n|upkeep\n|\n|t:|1699202518\n|switch|p2a: Xerneas|Xerneas|100\/100\n|-activate|p2a: Xerneas|move: Sticky Web\n|-unboost|p2a: Xerneas|spe|1\n|-ability|p2a: Xerneas|Fairy Aura\n|turn|12\n|\n|t:|1699202521\n|switch|p1a: Bagan|Groudon, shiny|100\/100\n|detailschange|p1a: Bagan|Groudon-Primal, shiny\n|-primal|p1a: Bagan|Red Orb\n|-weather|DesolateLand|[from] ability: Desolate Land|[of] p1a: Bagan\n|move|p2a: Xerneas|Moonblast|p1a: Bagan\n|-resisted|p1a: Bagan\n|-damage|p1a: Bagan|68\/100\n|\n|-weather|DesolateLand|[upkeep]\n|upkeep\n|turn|13\n|\n|t:|1699202525\n|switch|p2a: Yveltal|Yveltal|100\/100\n|-ability|p2a: Yveltal|Dark Aura\n|move|p1a: Bagan|Precipice Blades|p2a: Yveltal\n|-immune|p2a: Yveltal\n|\n|-weather|DesolateLand|[upkeep]\n|upkeep\n|turn|14\n|\n|t:|1699202527\n|move|p2a: Yveltal|Foul Play|p1a: Bagan\n|-damage|p1a: Bagan|14\/100\n|move|p1a: Bagan|Heat Crash|p2a: Yveltal\n|-damage|p2a: Yveltal|28\/100\n|\n|-weather|DesolateLand|[upkeep]\n|upkeep\n|turn|15\n|\n|t:|1699202532\n|move|p2a: Yveltal|Foul Play|p1a: Bagan\n|-damage|p1a: Bagan|0 fnt\n|faint|p1a: Bagan\n|-weather|none\n|\n|upkeep\n|\n|t:|1699202534\n|switch|p1a: Yveltal|Yveltal, shiny|100\/100\n|-ability|p1a: Yveltal|Dark Aura\n|turn|16\n|\n|t:|1699202538\n|switch|p2a: Arceus|Arceus-Ground, tera:Water|37\/100 par\n|-activate|p2a: Arceus|move: Sticky Web\n|-unboost|p2a: Arceus|spe|1\n|move|p1a: Yveltal|Toxic||[still]\n|-fail|p1a: Yveltal\n|\n|upkeep\n|turn|17\n|\n|t:|1699202540\n|move|p1a: Yveltal|Dark Pulse|p2a: Arceus\n|-damage|p2a: Arceus|0 fnt\n|faint|p2a: Arceus\n|\n|upkeep\n|\n|t:|1699202542\n|switch|p2a: Xerneas|Xerneas|100\/100\n|-activate|p2a: Xerneas|move: Sticky Web\n|-unboost|p2a: Xerneas|spe|1\n|-ability|p2a: Xerneas|Fairy Aura\n|turn|18\n|\n|t:|1699202547\n|move|p1a: Yveltal|Toxic|p2a: Xerneas|[miss]\n|-miss|p1a: Yveltal|p2a: Xerneas\n|move|p2a: Xerneas|Geomancy||[still]\n|-prepare|p2a: Xerneas|Geomancy\n|-enditem|p2a: Xerneas|Power Herb\n|-anim|p2a: Xerneas|Geomancy|p2a: Xerneas\n|-boost|p2a: Xerneas|spa|2\n|-boost|p2a: Xerneas|spd|2\n|-boost|p2a: Xerneas|spe|2\n|\n|upkeep\n|turn|19\n|\n|t:|1699202550\n|move|p2a: Xerneas|Moonblast|p1a: Yveltal\n|-supereffective|p1a: Yveltal\n|-damage|p1a: Yveltal|0 fnt\n|faint|p1a: Yveltal\n|\n|upkeep\n|\n|t:|1699202552\n|switch|p1a: EOS|Necrozma-Dawn-Wings|100\/100\n|turn|20\n|\n|t:|1699202556\n|move|p2a: Xerneas|Moonblast|p1a: EOS\n|-crit|p1a: EOS\n|-damage|p1a: EOS|0 fnt\n|faint|p1a: EOS\n|\n|win|nfyhsueryfgius\n|raw|i like serperior's rating: 1589 &rarr; <strong>1578<\/strong><br \/>(-11 for losing)\n|raw|nfyhsueryfgius's rating: 1753 &rarr; <strong>1764<\/strong><br \/>(+11 for winning)\n|l|\u2606i like serperior\n|l|\u2606nfyhsueryfgius\n","uploadtime":1699202564,"views":4,"p1id":"ilikeserperior","p2id":"nfyhsueryfgius","formatid":"gen9nationaldexubers","rating":1578,"private":0,"password":""}