{"id":"gen9nationaldexubers-1997946935","p1":"greggyp","p2":"hexagonereal","format":"[Gen 9] National Dex Ubers","log":"|j|\u2606greggyp\n|j|\u2606hexagonereal\n|t:|1700870769\n|gametype|singles\n|player|p1|greggyp|2|1319\n|player|p2|hexagonereal|cyrus|1456\n|teamsize|p1|6\n|teamsize|p2|6\n|gen|9\n|tier|[Gen 9] National Dex Ubers\n|rated|\n|rule|HP Percentage Mod: HP is shown in percentages\n|rule|Endless Battle Clause: Forcing endless battles is banned\n|rule|OHKO Clause: OHKO moves are banned\n|rule|Evasion Moves Clause: Evasion moves are banned\n|rule|Evasion Items Clause: Evasion items are banned\n|rule|Species Clause: Limit one of each Pok\u00e9mon\n|rule|Sleep Clause Mod: Limit one foe put to sleep\n|rule|Mega Rayquaza Clause: You cannot mega evolve Rayquaza\n|clearpoke\n|poke|p1|Marshadow|\n|poke|p1|Charizard, F|\n|poke|p1|Weezing-Galar, F|\n|poke|p1|Slowbro, F|\n|poke|p1|Melmetal|\n|poke|p1|Kingambit, M|\n|poke|p2|Eternatus|\n|poke|p2|Arceus-Water|\n|poke|p2|Xerneas-*|\n|poke|p2|Zygarde|\n|poke|p2|Groudon|\n|poke|p2|Zekrom|\n|teampreview\n|inactive|Battle timer is ON: inactive players will automatically lose when time's up. (requested by greggyp)\n|c|\u2606hexagonereal|glhf\n|c|\u2606greggyp|6 legends\n|\n|t:|1700870799\n|start\n|switch|p1a: Charizard|Charizard, F, shiny|100\/100\n|switch|p2a: Groudon|Groudon|100\/100\n|detailschange|p2a: Groudon|Groudon-Primal\n|-primal|p2a: Groudon|Red Orb\n|-weather|DesolateLand|[from] ability: Desolate Land|[of] p2a: Groudon\n|turn|1\n|\n|t:|1700870811\n|move|p1a: Charizard|Solar Beam||[still]\n|-prepare|p1a: Charizard|Solar Beam\n|-anim|p1a: Charizard|Solar Beam|p2a: Groudon\n|-damage|p2a: Groudon|46\/100\n|move|p2a: Groudon|Spikes|p1a: Charizard\n|-sidestart|p1: greggyp|Spikes\n|\n|-weather|DesolateLand|[upkeep]\n|-damage|p1a: Charizard|88\/100|[from] ability: Solar Power|[of] p1a: Charizard\n|upkeep\n|turn|2\n|\n|t:|1700870826\n|move|p1a: Charizard|Solar Beam||[still]\n|-prepare|p1a: Charizard|Solar Beam\n|-anim|p1a: Charizard|Solar Beam|p2a: Groudon\n|-damage|p2a: Groudon|0 fnt\n|faint|p2a: Groudon\n|-weather|none\n|\n|upkeep\n|\n|t:|1700870831\n|switch|p2a: Eternatus|Eternatus|100\/100\n|-ability|p2a: Eternatus|Pressure\n|turn|3\n|\n|t:|1700870835\n|move|p2a: Eternatus|Meteor Beam||[still]\n|-prepare|p2a: Eternatus|Meteor Beam\n|-boost|p2a: Eternatus|spa|1\n|-enditem|p2a: Eternatus|Power Herb\n|-anim|p2a: Eternatus|Meteor Beam|p1a: Charizard\n|-supereffective|p1a: Charizard\n|-crit|p1a: Charizard\n|-damage|p1a: Charizard|0 fnt\n|faint|p1a: Charizard\n|\n|upkeep\n|\n|t:|1700870846\n|switch|p1a: Weezing|Weezing-Galar, F|100\/100\n|-ability|p1a: Weezing|Neutralizing Gas\n|-damage|p1a: Weezing|88\/100|[from] Spikes\n|turn|4\n|\n|t:|1700870860\n|-terastallize|p1a: Weezing|Ground\n|move|p2a: Eternatus|Sludge Bomb|p1a: Weezing\n|-resisted|p1a: Weezing\n|-damage|p1a: Weezing|30\/100\n|move|p1a: Weezing|Defog|p2a: Eternatus\n|-unboost|p2a: Eternatus|evasion|1\n|-sideend|p1: greggyp|Spikes|[from] move: Defog|[of] p1a: Weezing\n|\n|upkeep\n|turn|5\n|\n|t:|1700870868\n|move|p2a: Eternatus|Dynamax Cannon|p1a: Weezing\n|-damage|p1a: Weezing|0 fnt\n|faint|p1a: Weezing\n|-end|p1a: Weezing|ability: Neutralizing Gas\n|-ability|p2a: Eternatus|Pressure\n|\n|upkeep\n|\n|t:|1700870881\n|switch|p1a: Slowbro|Slowbro, F|100\/100\n|turn|6\n|\n|t:|1700870884\n|move|p2a: Eternatus|Dynamax Cannon|p1a: Slowbro\n|-damage|p1a: Slowbro|0 fnt\n|faint|p1a: Slowbro\n|\n|upkeep\n|\n|t:|1700870889\n|switch|p1a: Melmetal|Melmetal|100\/100\n|turn|7\n|\n|t:|1700870904\n|-terastallize|p2a: Eternatus|Fire\n|move|p2a: Eternatus|Fire Blast|p1a: Melmetal\n|-supereffective|p1a: Melmetal\n|-damage|p1a: Melmetal|0 fnt\n|faint|p1a: Melmetal\n|\n|upkeep\n|\n|t:|1700870911\n|switch|p1a: Marshadow|Marshadow|100\/100\n|turn|8\n|\n|t:|1700870915\n|move|p2a: Eternatus|Dynamax Cannon|p1a: Marshadow\n|-damage|p1a: Marshadow|3\/100\n|move|p1a: Marshadow|Drain Punch|p2a: Eternatus\n|-damage|p2a: Eternatus|68\/100\n|-heal|p1a: Marshadow|25\/100|[from] drain|[of] p2a: Eternatus\n|\n|upkeep\n|turn|9\n|\n|t:|1700870922\n|move|p2a: Eternatus|Dynamax Cannon|p1a: Marshadow\n|-damage|p1a: Marshadow|0 fnt\n|faint|p1a: Marshadow\n|\n|upkeep\n|\n|t:|1700870926\n|switch|p1a: Kingambit|Kingambit, M|100\/100\n|-activate|p1a: Kingambit|ability: Supreme Overlord\n|-start|p1a: Kingambit|fallen5|[silent]\n|turn|10\n|\n|t:|1700870930\n|move|p1a: Kingambit|Sucker Punch|p2a: Eternatus\n|-damage|p2a: Eternatus|16\/100\n|move|p2a: Eternatus|Fire Blast|p1a: Kingambit\n|-supereffective|p1a: Kingambit\n|-damage|p1a: Kingambit|0 fnt\n|faint|p1a: Kingambit\n|-end|p1a: Kingambit|fallen5|[silent]\n|\n|win|hexagonereal\n|raw|greggyp's rating: 1319 &rarr; <strong>1307<\/strong><br \/>(-12 for losing)\n|raw|hexagonereal's rating: 1456 &rarr; <strong>1468<\/strong><br \/>(+12 for winning)\n|l|\u2606greggyp\n","uploadtime":1700870983,"views":2,"p1id":"greggyp","p2id":"hexagonereal","formatid":"gen9nationaldexubers","rating":1307,"private":0,"password":""}