{"id":"gen9nationaldexubers-1991177369","p1":"nicolasg96","p2":"qiananan","format":"[Gen 9] National Dex Ubers","log":"|j|\u2606nicolasg96\n|j|\u2606qiananan\n|t:|1700053877\n|gametype|singles\n|player|p1|nicolasg96|102|1474\n|player|p2|qiananan|caitlin|1549\n|teamsize|p1|6\n|teamsize|p2|6\n|gen|9\n|tier|[Gen 9] National Dex Ubers\n|rated|\n|rule|HP Percentage Mod: HP is shown in percentages\n|rule|Endless Battle Clause: Forcing endless battles is banned\n|rule|OHKO Clause: OHKO moves are banned\n|rule|Evasion Moves Clause: Evasion moves are banned\n|rule|Evasion Items Clause: Evasion items are banned\n|rule|Species Clause: Limit one of each Pok\u00e9mon\n|rule|Sleep Clause Mod: Limit one foe put to sleep\n|rule|Mega Rayquaza Clause: You cannot mega evolve Rayquaza\n|clearpoke\n|poke|p1|Groudon|\n|poke|p1|Arceus|\n|poke|p1|Ho-Oh|\n|poke|p1|Chatot, F|\n|poke|p1|Chansey, F|\n|poke|p1|Xerneas-*|\n|poke|p2|Chansey, F|\n|poke|p2|Dondozo, M|\n|poke|p2|Ho-Oh|\n|poke|p2|Giratina|\n|poke|p2|Eternatus|\n|poke|p2|Arceus-Dark|\n|teampreview\n|\n|t:|1700053889\n|start\n|switch|p1a: Groudon|Groudon|100\/100\n|switch|p2a: Arceus|Arceus-Dark|100\/100\n|detailschange|p1a: Groudon|Groudon-Primal\n|-primal|p1a: Groudon|Red Orb\n|-weather|DesolateLand|[from] ability: Desolate Land|[of] p1a: Groudon\n|turn|1\n|\n|t:|1700053894\n|switch|p2a: Giratina|Giratina, shiny|100\/100\n|-ability|p2a: Giratina|Pressure\n|move|p1a: Groudon|Thunder Wave|p2a: Giratina|[miss]\n|-miss|p1a: Groudon|p2a: Giratina\n|\n|-weather|DesolateLand|[upkeep]\n|upkeep\n|turn|2\n|\n|t:|1700053902\n|-weather|none\n|switch|p1a: Chansey|Chansey, F|100\/100\n|move|p2a: Giratina|Toxic|p1a: Chansey\n|-status|p1a: Chansey|tox\n|\n|-damage|p1a: Chansey|94\/100 tox|[from] psn\n|upkeep\n|turn|3\n|\n|t:|1700053914\n|switch|p2a: Eternatus|Eternatus|100\/100\n|-ability|p2a: Eternatus|Pressure\n|move|p1a: Chansey|Toxic|p2a: Eternatus\n|-immune|p2a: Eternatus\n|\n|-damage|p1a: Chansey|82\/100 tox|[from] psn\n|upkeep\n|turn|4\n|\n|t:|1700053921\n|-curestatus|p1a: Chansey|tox|[from] ability: Natural Cure\n|switch|p1a: Ho-Oh|Ho-Oh|100\/100\n|move|p2a: Eternatus|Toxic Spikes|p1a: Ho-Oh\n|-sidestart|p1: nicolasg96|move: Toxic Spikes\n|\n|upkeep\n|turn|5\n|\n|t:|1700053925\n|move|p2a: Eternatus|Toxic|p1a: Ho-Oh\n|-status|p1a: Ho-Oh|tox\n|move|p1a: Ho-Oh|Sacred Fire|p2a: Eternatus\n|-resisted|p2a: Eternatus\n|-damage|p2a: Eternatus|86\/100\n|-status|p2a: Eternatus|brn\n|\n|-heal|p2a: Eternatus|92\/100 brn|[from] item: Leftovers\n|-damage|p1a: Ho-Oh|94\/100 tox|[from] psn\n|-damage|p2a: Eternatus|86\/100 brn|[from] brn\n|upkeep\n|turn|6\n|\n|t:|1700053934\n|move|p2a: Eternatus|Toxic Spikes|p1a: Ho-Oh\n|-sidestart|p1: nicolasg96|move: Toxic Spikes\n|move|p1a: Ho-Oh|Whirlwind|p2a: Eternatus\n|drag|p2a: Arceus|Arceus-Dark|100\/100\n|\n|-damage|p1a: Ho-Oh|82\/100 tox|[from] psn\n|upkeep\n|turn|7\n|\n|t:|1700053940\n|move|p2a: Arceus|Stealth Rock|p1a: Ho-Oh\n|-sidestart|p1: nicolasg96|move: Stealth Rock\n|move|p1a: Ho-Oh|Sacred Fire|p2a: Arceus\n|-damage|p2a: Arceus|74\/100\n|-status|p2a: Arceus|brn\n|\n|-damage|p1a: Ho-Oh|63\/100 tox|[from] psn\n|-damage|p2a: Arceus|68\/100 brn|[from] brn\n|upkeep\n|turn|8\n|\n|t:|1700053951\n|switch|p2a: Giratina|Giratina, shiny|100\/100\n|-ability|p2a: Giratina|Pressure\n|move|p1a: Ho-Oh|Defog|p2a: Giratina\n|-unboost|p2a: Giratina|evasion|1\n|-sideend|p1: nicolasg96|Toxic Spikes|[from] move: Defog|[of] p1a: Ho-Oh\n|-sideend|p1: nicolasg96|Stealth Rock|[from] move: Defog|[of] p1a: Ho-Oh\n|\n|-damage|p1a: Ho-Oh|38\/100 tox|[from] psn\n|upkeep\n|turn|9\n|\n|t:|1700053958\n|switch|p1a: Xerneas|Xerneas|100\/100\n|-ability|p1a: Xerneas|Fairy Aura\n|move|p2a: Giratina|Dragon Tail|p1a: Xerneas\n|-immune|p1a: Xerneas\n|\n|upkeep\n|turn|10\n|\n|t:|1700053966\n|switch|p2a: Chansey|Chansey, F|100\/100\n|move|p1a: Xerneas|Draining Kiss|p2a: Chansey\n|-damage|p2a: Chansey|92\/100\n|\n|upkeep\n|turn|11\n|\n|t:|1700053977\n|-terastallize|p1a: Xerneas|Steel\n|move|p1a: Xerneas|Geomancy||[still]\n|-prepare|p1a: Xerneas|Geomancy\n|-enditem|p1a: Xerneas|Power Herb\n|-anim|p1a: Xerneas|Geomancy|p1a: Xerneas\n|-boost|p1a: Xerneas|spa|2\n|-boost|p1a: Xerneas|spd|2\n|-boost|p1a: Xerneas|spe|2\n|move|p2a: Chansey|Heal Bell|p2a: Chansey\n|-activate|p2a: Chansey|move: Heal Bell\n|-curestatus|p2: Eternatus|brn|[msg]\n|-curestatus|p2: Arceus|brn|[msg]\n|\n|upkeep\n|turn|12\n|\n|t:|1700053986\n|move|p1a: Xerneas|Geomancy||[still]\n|-prepare|p1a: Xerneas|Geomancy\n|move|p2a: Chansey|Confide|p1a: Xerneas\n|-unboost|p1a: Xerneas|spa|1\n|\n|upkeep\n|turn|13\n|\n|t:|1700053990\n|move|p1a: Xerneas|Geomancy|p1a: Xerneas|[from]lockedmove\n|-boost|p1a: Xerneas|spa|2\n|-boost|p1a: Xerneas|spd|2\n|-boost|p1a: Xerneas|spe|2\n|move|p2a: Chansey|Confide|p1a: Xerneas\n|-unboost|p1a: Xerneas|spa|1\n|\n|upkeep\n|turn|14\n|\n|t:|1700053994\n|move|p1a: Xerneas|Flash Cannon|p2a: Chansey\n|-damage|p2a: Chansey|71\/100\n|-unboost|p2a: Chansey|spd|1\n|move|p2a: Chansey|Confide|p1a: Xerneas\n|-unboost|p1a: Xerneas|spa|1\n|\n|upkeep\n|turn|15\n|\n|t:|1700054005\n|switch|p2a: Eternatus|Eternatus|86\/100\n|-ability|p2a: Eternatus|Pressure\n|move|p1a: Xerneas|Flash Cannon|p2a: Eternatus\n|-damage|p2a: Eternatus|38\/100\n|\n|-heal|p2a: Eternatus|44\/100|[from] item: Leftovers\n|upkeep\n|turn|16\n|\n|t:|1700054013\n|switch|p2a: Chansey|Chansey, F|71\/100\n|move|p1a: Xerneas|Geomancy||[still]\n|-prepare|p1a: Xerneas|Geomancy\n|\n|upkeep\n|turn|17\n|\n|t:|1700054018\n|move|p1a: Xerneas|Geomancy|p1a: Xerneas|[from]lockedmove\n|-boost|p1a: Xerneas|spa|2\n|-boost|p1a: Xerneas|spd|2\n|-boost|p1a: Xerneas|spe|2\n|move|p2a: Chansey|Confide|p1a: Xerneas\n|-unboost|p1a: Xerneas|spa|1\n|\n|upkeep\n|turn|18\n|\n|t:|1700054024\n|move|p1a: Xerneas|Flash Cannon|p2a: Chansey\n|-damage|p2a: Chansey|48\/100\n|move|p2a: Chansey|Confide|p1a: Xerneas\n|-unboost|p1a: Xerneas|spa|1\n|\n|upkeep\n|turn|19\n|\n|t:|1700054032\n|move|p1a: Xerneas|Flash Cannon|p2a: Chansey\n|-damage|p2a: Chansey|33\/100\n|-unboost|p2a: Chansey|spd|1\n|move|p2a: Chansey|Soft-Boiled|p2a: Chansey\n|-heal|p2a: Chansey|83\/100\n|\n|upkeep\n|turn|20\n|\n|t:|1700054038\n|switch|p2a: Ho-Oh|Ho-Oh|100\/100\n|move|p1a: Xerneas|Geomancy||[still]\n|-prepare|p1a: Xerneas|Geomancy\n|\n|upkeep\n|turn|21\n|\n|t:|1700054045\n|move|p1a: Xerneas|Geomancy|p1a: Xerneas|[from]lockedmove\n|-boost|p1a: Xerneas|spa|2\n|-boost|p1a: Xerneas|spd|0\n|-boost|p1a: Xerneas|spe|0\n|move|p2a: Ho-Oh|Sacred Fire|p1a: Xerneas\n|-supereffective|p1a: Xerneas\n|-damage|p1a: Xerneas|44\/100\n|\n|upkeep\n|turn|22\n|\n|t:|1700054051\n|move|p1a: Xerneas|Thunderbolt|p2a: Ho-Oh\n|-supereffective|p2a: Ho-Oh\n|-damage|p2a: Ho-Oh|18\/100\n|-status|p2a: Ho-Oh|par\n|cant|p2a: Ho-Oh|par\n|\n|upkeep\n|turn|23\n|\n|t:|1700054055\n|switch|p2a: Chansey|Chansey, F|83\/100\n|move|p1a: Xerneas|Draining Kiss|p2a: Chansey\n|-damage|p2a: Chansey|63\/100\n|-heal|p1a: Xerneas|66\/100|[from] drain|[of] p2a: Chansey\n|\n|upkeep\n|turn|24\n|\n|t:|1700054061\n|move|p1a: Xerneas|Draining Kiss|p2a: Chansey\n|-damage|p2a: Chansey|43\/100\n|-heal|p1a: Xerneas|89\/100|[from] drain|[of] p2a: Chansey\n|move|p2a: Chansey|Confide|p1a: Xerneas\n|-unboost|p1a: Xerneas|spa|1\n|\n|upkeep\n|turn|25\n|\n|t:|1700054068\n|move|p1a: Xerneas|Geomancy||[still]\n|-prepare|p1a: Xerneas|Geomancy\n|move|p2a: Chansey|Soft-Boiled|p2a: Chansey\n|-heal|p2a: Chansey|93\/100\n|\n|upkeep\n|turn|26\n|\n|t:|1700054071\n|move|p1a: Xerneas|Geomancy|p1a: Xerneas|[from]lockedmove\n|-boost|p1a: Xerneas|spa|2\n|-boost|p1a: Xerneas|spd|0\n|-boost|p1a: Xerneas|spe|0\n|move|p2a: Chansey|Confide|p1a: Xerneas\n|-unboost|p1a: Xerneas|spa|1\n|\n|upkeep\n|turn|27\n|\n|t:|1700054078\n|move|p1a: Xerneas|Flash Cannon|p2a: Chansey\n|-crit|p2a: Chansey\n|-damage|p2a: Chansey|55\/100\n|move|p2a: Chansey|Confide|p1a: Xerneas\n|-unboost|p1a: Xerneas|spa|1\n|\n|upkeep\n|turn|28\n|\n|t:|1700054085\n|move|p1a: Xerneas|Flash Cannon|p2a: Chansey\n|-damage|p2a: Chansey|34\/100\n|move|p2a: Chansey|Confide|p1a: Xerneas\n|-unboost|p1a: Xerneas|spa|1\n|\n|upkeep\n|turn|29\n|\n|t:|1700054090\n|move|p1a: Xerneas|Flash Cannon|p2a: Chansey\n|-damage|p2a: Chansey|19\/100\n|move|p2a: Chansey|Soft-Boiled|p2a: Chansey\n|-heal|p2a: Chansey|69\/100\n|\n|upkeep\n|turn|30\n|\n|t:|1700054093\n|move|p1a: Xerneas|Flash Cannon|p2a: Chansey\n|-crit|p2a: Chansey\n|-damage|p2a: Chansey|47\/100\n|move|p2a: Chansey|Confide|p1a: Xerneas\n|-unboost|p1a: Xerneas|spa|1\n|\n|upkeep\n|turn|31\n|\n|t:|1700054100\n|move|p1a: Xerneas|Thunderbolt|p2a: Chansey\n|-damage|p2a: Chansey|40\/100\n|move|p2a: Chansey|Confide|p1a: Xerneas\n|-unboost|p1a: Xerneas|spa|1\n|\n|upkeep\n|turn|32\n|\n|t:|1700054104\n|move|p1a: Xerneas|Geomancy||[still]\n|-prepare|p1a: Xerneas|Geomancy\n|move|p2a: Chansey|Confide|p1a: Xerneas\n|-unboost|p1a: Xerneas|spa|1\n|\n|upkeep\n|turn|33\n|\n|t:|1700054107\n|move|p1a: Xerneas|Geomancy|p1a: Xerneas|[from]lockedmove\n|-boost|p1a: Xerneas|spa|2\n|-boost|p1a: Xerneas|spd|0\n|-boost|p1a: Xerneas|spe|0\n|move|p2a: Chansey|Soft-Boiled|p2a: Chansey\n|-heal|p2a: Chansey|90\/100\n|\n|upkeep\n|turn|34\n|\n|t:|1700054112\n|move|p1a: Xerneas|Draining Kiss|p2a: Chansey\n|-damage|p2a: Chansey|82\/100\n|-heal|p1a: Xerneas|98\/100|[from] drain|[of] p2a: Chansey\n|move|p2a: Chansey|Confide|p1a: Xerneas\n|-unboost|p1a: Xerneas|spa|1\n|\n|upkeep\n|turn|35\n|\n|t:|1700054120\n|move|p1a: Xerneas|Thunderbolt|p2a: Chansey\n|-damage|p2a: Chansey|77\/100\n|move|p2a: Chansey|Seismic Toss|p1a: Xerneas\n|-damage|p1a: Xerneas|74\/100\n|\n|upkeep\n|turn|36\n|\n|t:|1700054127\n|move|p1a: Xerneas|Thunderbolt|p2a: Chansey\n|-damage|p2a: Chansey|71\/100\n|move|p2a: Chansey|Heal Bell|p2a: Chansey\n|-activate|p2a: Chansey|move: Heal Bell\n|-curestatus|p2: Ho-Oh|par|[msg]\n|\n|upkeep\n|turn|37\n|\n|t:|1700054132\n|switch|p1a: Ho-Oh|Ho-Oh|71\/100 tox\n|move|p2a: Chansey|Confide|p1a: Ho-Oh\n|-unboost|p1a: Ho-Oh|spa|1\n|\n|-damage|p1a: Ho-Oh|65\/100 tox|[from] psn\n|upkeep\n|turn|38\n|\n|t:|1700054136\n|switch|p2a: Eternatus|Eternatus|44\/100\n|-ability|p2a: Eternatus|Pressure\n|move|p1a: Ho-Oh|Sacred Fire|p2a: Eternatus\n|-resisted|p2a: Eternatus\n|-damage|p2a: Eternatus|29\/100\n|-status|p2a: Eternatus|brn\n|\n|-heal|p2a: Eternatus|35\/100 brn|[from] item: Leftovers\n|-damage|p1a: Ho-Oh|52\/100 tox|[from] psn\n|-damage|p2a: Eternatus|29\/100 brn|[from] brn\n|upkeep\n|turn|39\n|\n|t:|1700054144\n|switch|p1a: Xerneas|Xerneas, tera:Steel|74\/100\n|-ability|p1a: Xerneas|Fairy Aura\n|move|p2a: Eternatus|Recover|p2a: Eternatus\n|-heal|p2a: Eternatus|79\/100 brn\n|\n|-heal|p2a: Eternatus|85\/100 brn|[from] item: Leftovers\n|-damage|p2a: Eternatus|79\/100 brn|[from] brn\n|upkeep\n|turn|40\n|\n|t:|1700054153\n|switch|p2a: Chansey|Chansey, F|71\/100\n|move|p1a: Xerneas|Flash Cannon|p2a: Chansey\n|-damage|p2a: Chansey|61\/100\n|\n|upkeep\n|turn|41\n|\n|t:|1700054176\n|switch|p1a: Arceus|Arceus, shiny|100\/100\n|move|p2a: Chansey|Confide|p1a: Arceus\n|-unboost|p1a: Arceus|spa|1\n|\n|upkeep\n|turn|42\n|\n|t:|1700054180\n|switch|p2a: Arceus|Arceus-Dark|68\/100\n|move|p1a: Arceus|Will-O-Wisp|p2a: Arceus\n|-status|p2a: Arceus|brn\n|\n|-damage|p2a: Arceus|62\/100 brn|[from] brn\n|upkeep\n|turn|43\n|\n|t:|1700054186\n|move|p2a: Arceus|Will-O-Wisp|p1a: Arceus\n|-status|p1a: Arceus|brn\n|move|p1a: Arceus|Swords Dance|p1a: Arceus\n|-boost|p1a: Arceus|atk|2\n|\n|-damage|p2a: Arceus|56\/100 brn|[from] brn\n|-damage|p1a: Arceus|94\/100 brn|[from] brn\n|upkeep\n|turn|44\n|\n|t:|1700054191\n|move|p2a: Arceus|Stealth Rock|p1a: Arceus\n|-sidestart|p1: nicolasg96|move: Stealth Rock\n|move|p1a: Arceus|Swords Dance|p1a: Arceus\n|-boost|p1a: Arceus|atk|2\n|\n|-damage|p2a: Arceus|50\/100 brn|[from] brn\n|-damage|p1a: Arceus|88\/100 brn|[from] brn\n|upkeep\n|turn|45\n|\n|t:|1700054194\n|move|p2a: Arceus|Recover|p2a: Arceus\n|-heal|p2a: Arceus|99\/100 brn\n|move|p1a: Arceus|Swords Dance|p1a: Arceus\n|-boost|p1a: Arceus|atk|2\n|\n|-damage|p2a: Arceus|94\/100 brn|[from] brn\n|-damage|p1a: Arceus|82\/100 brn|[from] brn\n|upkeep\n|turn|46\n|\n|t:|1700054196\n|move|p1a: Arceus|Extreme Speed|p2a: Arceus\n|-damage|p2a: Arceus|48\/100 brn\n|move|p2a: Arceus|Foul Play|p1a: Arceus\n|-damage|p1a: Arceus|0 fnt\n|faint|p1a: Arceus\n|\n|-damage|p2a: Arceus|41\/100 brn|[from] brn\n|upkeep\n|\n|t:|1700054204\n|switch|p1a: Xerneas|Xerneas, tera:Steel|74\/100\n|-damage|p1a: Xerneas|68\/100|[from] Stealth Rock\n|-ability|p1a: Xerneas|Fairy Aura\n|turn|47\n|\n|t:|1700054209\n|switch|p2a: Chansey|Chansey, F|61\/100\n|move|p1a: Xerneas|Draining Kiss|p2a: Chansey\n|-damage|p2a: Chansey|51\/100\n|-heal|p1a: Xerneas|79\/100|[from] drain|[of] p2a: Chansey\n|\n|upkeep\n|turn|48\n|\n|t:|1700054214\n|move|p1a: Xerneas|Geomancy||[still]\n|-prepare|p1a: Xerneas|Geomancy\n|move|p2a: Chansey|Seismic Toss|p1a: Xerneas\n|-damage|p1a: Xerneas|56\/100\n|\n|upkeep\n|turn|49\n|\n|t:|1700054216\n|move|p1a: Xerneas|Geomancy|p1a: Xerneas|[from]lockedmove\n|-boost|p1a: Xerneas|spa|2\n|-boost|p1a: Xerneas|spd|2\n|-boost|p1a: Xerneas|spe|2\n|move|p2a: Chansey|Confide|p1a: Xerneas\n|-unboost|p1a: Xerneas|spa|1\n|\n|upkeep\n|turn|50\n|\n|t:|1700054219\n|move|p1a: Xerneas|Flash Cannon|p2a: Chansey\n|-damage|p2a: Chansey|35\/100\n|move|p2a: Chansey|Soft-Boiled|p2a: Chansey\n|-heal|p2a: Chansey|85\/100\n|\n|upkeep\n|turn|51\n|\n|t:|1700054223\n|move|p1a: Xerneas|Flash Cannon|p2a: Chansey\n|-damage|p2a: Chansey|71\/100\n|move|p2a: Chansey|Confide|p1a: Xerneas\n|-unboost|p1a: Xerneas|spa|1\n|\n|upkeep\n|turn|52\n|\n|t:|1700054226\n|move|p1a: Xerneas|Draining Kiss|p2a: Chansey\n|-damage|p2a: Chansey|62\/100\n|-heal|p1a: Xerneas|66\/100|[from] drain|[of] p2a: Chansey\n|move|p2a: Chansey|Confide|p1a: Xerneas\n|-unboost|p1a: Xerneas|spa|1\n|\n|upkeep\n|turn|53\n|\n|t:|1700054232\n|switch|p1a: Ho-Oh|Ho-Oh|86\/100 tox\n|move|p2a: Chansey|Seismic Toss|p1a: Ho-Oh\n|-damage|p1a: Ho-Oh|62\/100 tox\n|\n|-damage|p1a: Ho-Oh|55\/100 tox|[from] psn\n|upkeep\n|turn|54\n|\n|t:|1700054236\n|switch|p2a: Eternatus|Eternatus|79\/100 brn\n|-ability|p2a: Eternatus|Pressure\n|move|p1a: Ho-Oh|Defog|p2a: Eternatus\n|-unboost|p2a: Eternatus|evasion|1\n|-sideend|p1: nicolasg96|Stealth Rock|[from] move: Defog|[of] p1a: Ho-Oh\n|\n|-heal|p2a: Eternatus|85\/100 brn|[from] item: Leftovers\n|-damage|p1a: Ho-Oh|43\/100 tox|[from] psn\n|-damage|p2a: Eternatus|79\/100 brn|[from] brn\n|upkeep\n|turn|55\n|\n|t:|1700054246\n|switch|p2a: Ho-Oh|Ho-Oh|51\/100\n|switch|p1a: Xerneas|Xerneas, tera:Steel|66\/100\n|-ability|p1a: Xerneas|Fairy Aura\n|\n|upkeep\n|turn|56\n|\n|t:|1700054251\n|move|p1a: Xerneas|Thunderbolt|p2a: Ho-Oh\n|-supereffective|p2a: Ho-Oh\n|-damage|p2a: Ho-Oh|14\/100\n|-status|p2a: Ho-Oh|par\n|move|p2a: Ho-Oh|Sacred Fire|p1a: Xerneas\n|-supereffective|p1a: Xerneas\n|-damage|p1a: Xerneas|10\/100\n|\n|upkeep\n|turn|57\n|\n|t:|1700054258\n|switch|p2a: Chansey|Chansey, F|62\/100\n|move|p1a: Xerneas|Draining Kiss|p2a: Chansey\n|-damage|p2a: Chansey|52\/100\n|-heal|p1a: Xerneas|20\/100|[from] drain|[of] p2a: Chansey\n|\n|upkeep\n|turn|58\n|\n|t:|1700054287\n|move|p1a: Xerneas|Draining Kiss|p2a: Chansey\n|-damage|p2a: Chansey|44\/100\n|-heal|p1a: Xerneas|29\/100|[from] drain|[of] p2a: Chansey\n|move|p2a: Chansey|Heal Bell|p2a: Chansey\n|-activate|p2a: Chansey|move: Heal Bell\n|-curestatus|p2: Eternatus|brn|[msg]\n|-curestatus|p2: Ho-Oh|par|[msg]\n|-curestatus|p2: Arceus|brn|[msg]\n|\n|upkeep\n|turn|59\n|\n|t:|1700054293\n|move|p1a: Xerneas|Draining Kiss|p2a: Chansey\n|-damage|p2a: Chansey|36\/100\n|-heal|p1a: Xerneas|38\/100|[from] drain|[of] p2a: Chansey\n|move|p2a: Chansey|Soft-Boiled|p2a: Chansey\n|-heal|p2a: Chansey|86\/100\n|\n|upkeep\n|turn|60\n|\n|t:|1700054301\n|switch|p1a: Chansey|Chansey, F|82\/100\n|move|p2a: Chansey|Heal Bell||[still]\n|-activate|p2a: Chansey|move: Heal Bell\n|-fail|p2a: Chansey\n|\n|upkeep\n|turn|61\n|\n|t:|1700054310\n|switch|p2a: Eternatus|Eternatus|79\/100\n|-ability|p2a: Eternatus|Pressure\n|move|p1a: Chansey|Seismic Toss|p2a: Eternatus\n|-damage|p2a: Eternatus|58\/100\n|\n|-heal|p2a: Eternatus|64\/100|[from] item: Leftovers\n|upkeep\n|turn|62\n|\n|t:|1700054318\n|move|p2a: Eternatus|Toxic Spikes|p1a: Chansey\n|-sidestart|p1: nicolasg96|move: Toxic Spikes\n|move|p1a: Chansey|Wish|p1a: Chansey\n|\n|-heal|p2a: Eternatus|70\/100|[from] item: Leftovers\n|upkeep\n|turn|63\n|\n|t:|1700054324\n|switch|p1a: Xerneas|Xerneas, tera:Steel|38\/100\n|-ability|p1a: Xerneas|Fairy Aura\n|move|p2a: Eternatus|Toxic Spikes|p1a: Xerneas\n|-sidestart|p1: nicolasg96|move: Toxic Spikes\n|\n|-heal|p1a: Xerneas|100\/100|[from] move: Wish|[wisher] Chansey\n|-heal|p2a: Eternatus|77\/100|[from] item: Leftovers\n|upkeep\n|turn|64\n|\n|t:|1700054333\n|switch|p2a: Ho-Oh|Ho-Oh|47\/100\n|move|p1a: Xerneas|Geomancy||[still]\n|-prepare|p1a: Xerneas|Geomancy\n|\n|upkeep\n|turn|65\n|\n|t:|1700054338\n|move|p1a: Xerneas|Geomancy|p1a: Xerneas|[from]lockedmove\n|-boost|p1a: Xerneas|spa|2\n|-boost|p1a: Xerneas|spd|2\n|-boost|p1a: Xerneas|spe|2\n|move|p2a: Ho-Oh|Sacred Fire|p1a: Xerneas\n|-supereffective|p1a: Xerneas\n|-damage|p1a: Xerneas|41\/100\n|\n|upkeep\n|turn|66\n|\n|t:|1700054345\n|switch|p2a: Chansey|Chansey, F|86\/100\n|move|p1a: Xerneas|Thunderbolt|p2a: Chansey\n|-damage|p2a: Chansey|70\/100\n|\n|upkeep\n|turn|67\n|\n|t:|1700054350\n|move|p1a: Xerneas|Draining Kiss|p2a: Chansey\n|-damage|p2a: Chansey|53\/100\n|-heal|p1a: Xerneas|61\/100|[from] drain|[of] p2a: Chansey\n|move|p2a: Chansey|Seismic Toss|p1a: Xerneas\n|-damage|p1a: Xerneas|37\/100\n|\n|upkeep\n|turn|68\n|\n|t:|1700054356\n|move|p1a: Xerneas|Draining Kiss|p2a: Chansey\n|-damage|p2a: Chansey|34\/100\n|-heal|p1a: Xerneas|58\/100|[from] drain|[of] p2a: Chansey\n|move|p2a: Chansey|Confide|p1a: Xerneas\n|-unboost|p1a: Xerneas|spa|1\n|\n|upkeep\n|turn|69\n|\n|t:|1700054362\n|move|p1a: Xerneas|Flash Cannon|p2a: Chansey\n|-damage|p2a: Chansey|19\/100\n|move|p2a: Chansey|Soft-Boiled|p2a: Chansey\n|-heal|p2a: Chansey|69\/100\n|\n|upkeep\n|turn|70\n|\n|t:|1700054369\n|move|p1a: Xerneas|Flash Cannon|p2a: Chansey\n|-damage|p2a: Chansey|54\/100\n|move|p2a: Chansey|Confide|p1a: Xerneas\n|-unboost|p1a: Xerneas|spa|1\n|\n|upkeep\n|turn|71\n|\n|t:|1700054374\n|switch|p2a: Ho-Oh|Ho-Oh|81\/100\n|move|p1a: Xerneas|Draining Kiss|p2a: Ho-Oh\n|-resisted|p2a: Ho-Oh\n|-crit|p2a: Ho-Oh\n|-damage|p2a: Ho-Oh|66\/100\n|-heal|p1a: Xerneas|68\/100|[from] drain|[of] p2a: Ho-Oh\n|\n|upkeep\n|turn|72\n|\n|t:|1700054380\n|switch|p1a: Ho-Oh|Ho-Oh|76\/100 tox\n|move|p2a: Ho-Oh|Sacred Fire|p1a: Ho-Oh\n|-resisted|p1a: Ho-Oh\n|-damage|p1a: Ho-Oh|62\/100 tox\n|\n|-damage|p1a: Ho-Oh|56\/100 tox|[from] psn\n|upkeep\n|turn|73\n|\n|t:|1700054387\n|switch|p2a: Eternatus|Eternatus|77\/100\n|-ability|p2a: Eternatus|Pressure\n|move|p1a: Ho-Oh|Defog|p2a: Eternatus\n|-unboost|p2a: Eternatus|evasion|1\n|-sideend|p1: nicolasg96|Toxic Spikes|[from] move: Defog|[of] p1a: Ho-Oh\n|\n|-heal|p2a: Eternatus|83\/100|[from] item: Leftovers\n|-damage|p1a: Ho-Oh|44\/100 tox|[from] psn\n|upkeep\n|turn|74\n|\n|t:|1700054393\n|switch|p1a: Xerneas|Xerneas, tera:Steel|68\/100\n|-ability|p1a: Xerneas|Fairy Aura\n|move|p2a: Eternatus|Dragon Pulse|p1a: Xerneas\n|-resisted|p1a: Xerneas\n|-damage|p1a: Xerneas|53\/100\n|\n|-heal|p2a: Eternatus|89\/100|[from] item: Leftovers\n|upkeep\n|turn|75\n|\n|t:|1700054399\n|switch|p2a: Ho-Oh|Ho-Oh|99\/100\n|move|p1a: Xerneas|Thunderbolt|p2a: Ho-Oh\n|-supereffective|p2a: Ho-Oh\n|-damage|p2a: Ho-Oh|63\/100\n|\n|upkeep\n|turn|76\n|\n|t:|1700054404\n|switch|p1a: Ho-Oh|Ho-Oh|77\/100 tox\n|move|p2a: Ho-Oh|Sacred Fire|p1a: Ho-Oh\n|-resisted|p1a: Ho-Oh\n|-damage|p1a: Ho-Oh|62\/100 tox\n|\n|-damage|p1a: Ho-Oh|56\/100 tox|[from] psn\n|upkeep\n|turn|77\n|\n|t:|1700054407\n|switch|p2a: Eternatus|Eternatus|89\/100\n|-ability|p2a: Eternatus|Pressure\n|move|p1a: Ho-Oh|Whirlwind|p2a: Eternatus\n|drag|p2a: Giratina|Giratina, shiny|100\/100\n|-ability|p2a: Giratina|Pressure\n|\n|-damage|p1a: Ho-Oh|44\/100 tox|[from] psn\n|upkeep\n|turn|78\n|\n|t:|1700054414\n|switch|p2a: Eternatus|Eternatus|89\/100\n|-ability|p2a: Eternatus|Pressure\n|move|p1a: Ho-Oh|Recover|p1a: Ho-Oh\n|-heal|p1a: Ho-Oh|94\/100 tox\n|\n|-heal|p2a: Eternatus|95\/100|[from] item: Leftovers\n|-damage|p1a: Ho-Oh|75\/100 tox|[from] psn\n|upkeep\n|turn|79\n|\n|t:|1700054421\n|switch|p1a: Chansey|Chansey, F|82\/100\n|move|p2a: Eternatus|Toxic Spikes|p1a: Chansey\n|-sidestart|p1: nicolasg96|move: Toxic Spikes\n|\n|-heal|p2a: Eternatus|100\/100|[from] item: Leftovers\n|upkeep\n|turn|80\n|\n|t:|1700054432\n|move|p2a: Eternatus|Toxic Spikes|p1a: Chansey\n|-sidestart|p1: nicolasg96|move: Toxic Spikes\n|move|p1a: Chansey|Wish|p1a: Chansey\n|\n|upkeep\n|turn|81\n|\n|t:|1700054437\n|switch|p2a: Ho-Oh|Ho-Oh|96\/100\n|move|p1a: Chansey|Seismic Toss|p2a: Ho-Oh\n|-damage|p2a: Ho-Oh|72\/100\n|\n|-heal|p1a: Chansey|100\/100|[from] move: Wish|[wisher] Chansey\n|upkeep\n|turn|82\n|\n|t:|1700054443\n|switch|p2a: Eternatus|Eternatus|100\/100\n|-ability|p2a: Eternatus|Pressure\n|move|p1a: Chansey|Toxic|p2a: Eternatus\n|-immune|p2a: Eternatus\n|\n|upkeep\n|turn|83\n|\n|t:|1700054447\n|move|p2a: Eternatus|Dragon Pulse|p1a: Chansey\n|-damage|p1a: Chansey|88\/100\n|move|p1a: Chansey|Seismic Toss|p2a: Eternatus\n|-damage|p2a: Eternatus|80\/100\n|\n|-heal|p2a: Eternatus|86\/100|[from] item: Leftovers\n|upkeep\n|turn|84\n|\n|t:|1700054455\n|move|p2a: Eternatus|Toxic|p1a: Chansey\n|-status|p1a: Chansey|tox\n|move|p1a: Chansey|Seismic Toss|p2a: Eternatus\n|-damage|p2a: Eternatus|65\/100\n|\n|-heal|p2a: Eternatus|71\/100|[from] item: Leftovers\n|-damage|p1a: Chansey|81\/100 tox|[from] psn\n|upkeep\n|turn|85\n|\n|t:|1700054459\n|move|p2a: Eternatus|Dragon Pulse|p1a: Chansey\n|-damage|p1a: Chansey|69\/100 tox\n|move|p1a: Chansey|Wish|p1a: Chansey\n|\n|-heal|p2a: Eternatus|78\/100|[from] item: Leftovers\n|-damage|p1a: Chansey|56\/100 tox|[from] psn\n|upkeep\n|turn|86\n|\n|t:|1700054463\n|switch|p2a: Ho-Oh|Ho-Oh|100\/100\n|-curestatus|p1a: Chansey|tox|[from] ability: Natural Cure\n|switch|p1a: Xerneas|Xerneas, tera:Steel|53\/100\n|-ability|p1a: Xerneas|Fairy Aura\n|\n|-heal|p1a: Xerneas|100\/100|[from] move: Wish|[wisher] Chansey\n|upkeep\n|turn|87\n|\n|t:|1700054469\n|switch|p1a: Ho-Oh|Ho-Oh|100\/100 tox\n|move|p2a: Ho-Oh|Sacred Fire|p1a: Ho-Oh\n|-resisted|p1a: Ho-Oh\n|-damage|p1a: Ho-Oh|85\/100 tox\n|\n|-damage|p1a: Ho-Oh|79\/100 tox|[from] psn\n|upkeep\n|turn|88\n|\n|t:|1700054480\n|switch|p1a: Xerneas|Xerneas, tera:Steel|100\/100\n|-ability|p1a: Xerneas|Fairy Aura\n|move|p2a: Ho-Oh|Brave Bird|p1a: Xerneas\n|-resisted|p1a: Xerneas\n|-damage|p1a: Xerneas|83\/100\n|-damage|p2a: Ho-Oh|94\/100|[from] Recoil\n|\n|upkeep\n|turn|89\n|\n|t:|1700054486\n|switch|p1a: Ho-Oh|Ho-Oh|100\/100 tox\n|move|p2a: Ho-Oh|Sacred Fire|p1a: Ho-Oh\n|-resisted|p1a: Ho-Oh\n|-damage|p1a: Ho-Oh|86\/100 tox\n|\n|-damage|p1a: Ho-Oh|80\/100 tox|[from] psn\n|upkeep\n|turn|90\n|\n|t:|1700054501\n|switch|p2a: Giratina|Giratina, shiny|100\/100\n|-ability|p2a: Giratina|Pressure\n|move|p1a: Ho-Oh|Defog|p2a: Giratina\n|-unboost|p2a: Giratina|evasion|1\n|-sideend|p1: nicolasg96|Toxic Spikes|[from] move: Defog|[of] p1a: Ho-Oh\n|\n|-damage|p1a: Ho-Oh|67\/100 tox|[from] psn\n|upkeep\n|turn|91\n|\n|t:|1700054507\n|move|p1a: Ho-Oh|Sacred Fire|p2a: Giratina\n|-resisted|p2a: Giratina\n|-damage|p2a: Giratina|91\/100\n|move|p2a: Giratina|Dragon Tail|p1a: Ho-Oh\n|-damage|p1a: Ho-Oh|53\/100 tox\n|drag|p1a: Chatot|Chatot, F, shiny|100\/100\n|\n|-heal|p2a: Giratina|97\/100|[from] item: Leftovers\n|upkeep\n|turn|92\n|\n|t:|1700054514\n|move|p1a: Chatot|Chatter|p2a: Giratina\n|-damage|p2a: Giratina|80\/100\n|-start|p2a: Giratina|confusion\n|-activate|p2a: Giratina|confusion\n|move|p2a: Giratina|Toxic|p1a: Chatot\n|-status|p1a: Chatot|tox\n|\n|-heal|p2a: Giratina|87\/100|[from] item: Leftovers\n|-damage|p1a: Chatot|94\/100 tox|[from] psn\n|upkeep\n|turn|93\n|\n|t:|1700054521\n|switch|p1a: Groudon|Groudon-Primal|100\/100\n|-weather|DesolateLand|[from] ability: Desolate Land|[of] p1a: Groudon\n|switch|p2a: Arceus|Arceus-Dark|41\/100\n|\n|-weather|DesolateLand|[upkeep]\n|upkeep\n|turn|94\n|\n|t:|1700054527\n|switch|p2a: Giratina|Giratina, shiny|87\/100\n|-ability|p2a: Giratina|Pressure\n|move|p1a: Groudon|Earthquake|p2a: Giratina\n|-damage|p2a: Giratina|56\/100\n|\n|-weather|DesolateLand|[upkeep]\n|-heal|p2a: Giratina|62\/100|[from] item: Leftovers\n|upkeep\n|turn|95\n|\n|t:|1700054537\n|-weather|none\n|switch|p1a: Xerneas|Xerneas, tera:Steel|83\/100\n|-ability|p1a: Xerneas|Fairy Aura\n|move|p2a: Giratina|Toxic|p1a: Xerneas|[miss]\n|-miss|p2a: Giratina|p1a: Xerneas\n|\n|-heal|p2a: Giratina|68\/100|[from] item: Leftovers\n|upkeep\n|turn|96\n|\n|t:|1700054544\n|switch|p2a: Ho-Oh|Ho-Oh|100\/100\n|move|p1a: Xerneas|Draining Kiss|p2a: Ho-Oh\n|-resisted|p2a: Ho-Oh\n|-damage|p2a: Ho-Oh|90\/100\n|-heal|p1a: Xerneas|90\/100|[from] drain|[of] p2a: Ho-Oh\n|\n|upkeep\n|turn|97\n|\n|t:|1700054550\n|move|p1a: Xerneas|Geomancy||[still]\n|-prepare|p1a: Xerneas|Geomancy\n|move|p2a: Ho-Oh|Sacred Fire|p1a: Xerneas\n|-supereffective|p1a: Xerneas\n|-damage|p1a: Xerneas|28\/100\n|\n|upkeep\n|turn|98\n|\n|t:|1700054557\n|move|p1a: Xerneas|Geomancy|p1a: Xerneas|[from]lockedmove\n|-boost|p1a: Xerneas|spa|2\n|-boost|p1a: Xerneas|spd|2\n|-boost|p1a: Xerneas|spe|2\n|move|p2a: Ho-Oh|Brave Bird|p1a: Xerneas\n|-resisted|p1a: Xerneas\n|-damage|p1a: Xerneas|10\/100\n|-damage|p2a: Ho-Oh|84\/100|[from] Recoil\n|\n|upkeep\n|turn|99\n|\n|t:|1700054563\n|move|p1a: Xerneas|Draining Kiss|p2a: Ho-Oh\n|-resisted|p2a: Ho-Oh\n|-damage|p2a: Ho-Oh|66\/100\n|-heal|p1a: Xerneas|24\/100|[from] drain|[of] p2a: Ho-Oh\n|move|p2a: Ho-Oh|Brave Bird|p1a: Xerneas\n|-resisted|p1a: Xerneas\n|-damage|p1a: Xerneas|8\/100\n|-damage|p2a: Ho-Oh|60\/100|[from] Recoil\n|\n|upkeep\n|turn|100\n|\n|t:|1700054567\n|move|p1a: Xerneas|Draining Kiss|p2a: Ho-Oh\n|-resisted|p2a: Ho-Oh\n|-damage|p2a: Ho-Oh|40\/100\n|-heal|p1a: Xerneas|23\/100|[from] drain|[of] p2a: Ho-Oh\n|move|p2a: Ho-Oh|Brave Bird|p1a: Xerneas\n|-resisted|p1a: Xerneas\n|-damage|p1a: Xerneas|7\/100\n|-damage|p2a: Ho-Oh|34\/100|[from] Recoil\n|\n|upkeep\n|turn|101\n|\n|t:|1700054573\n|switch|p2a: Chansey|Chansey, F|54\/100\n|move|p1a: Xerneas|Draining Kiss|p2a: Chansey\n|-damage|p2a: Chansey|35\/100\n|-heal|p1a: Xerneas|28\/100|[from] drain|[of] p2a: Chansey\n|\n|upkeep\n|turn|102\n|\n|t:|1700054579\n|move|p1a: Xerneas|Flash Cannon|p2a: Chansey\n|-damage|p2a: Chansey|13\/100\n|move|p2a: Chansey|Confide|p1a: Xerneas\n|-unboost|p1a: Xerneas|spa|1\n|\n|upkeep\n|turn|103\n|\n|t:|1700054585\n|move|p1a: Xerneas|Geomancy||[still]\n|-prepare|p1a: Xerneas|Geomancy\n|move|p2a: Chansey|Soft-Boiled|p2a: Chansey\n|-heal|p2a: Chansey|63\/100\n|\n|upkeep\n|turn|104\n|\n|t:|1700054588\n|move|p1a: Xerneas|Geomancy|p1a: Xerneas|[from]lockedmove\n|-boost|p1a: Xerneas|spa|2\n|-boost|p1a: Xerneas|spd|2\n|-boost|p1a: Xerneas|spe|2\n|move|p2a: Chansey|Confide|p1a: Xerneas\n|-unboost|p1a: Xerneas|spa|1\n|\n|upkeep\n|turn|105\n|\n|t:|1700054591\n|move|p1a: Xerneas|Flash Cannon|p2a: Chansey\n|-damage|p2a: Chansey|43\/100\n|move|p2a: Chansey|Confide|p1a: Xerneas\n|-unboost|p1a: Xerneas|spa|1\n|\n|upkeep\n|turn|106\n|\n|t:|1700054596\n|move|p1a: Xerneas|Thunderbolt|p2a: Chansey\n|-damage|p2a: Chansey|31\/100\n|move|p2a: Chansey|Confide|p1a: Xerneas\n|-unboost|p1a: Xerneas|spa|1\n|\n|upkeep\n|turn|107\n|\n|t:|1700054599\n|move|p1a: Xerneas|Thunderbolt|p2a: Chansey\n|-damage|p2a: Chansey|23\/100\n|move|p2a: Chansey|Seismic Toss|p1a: Xerneas\n|-damage|p1a: Xerneas|4\/100\n|\n|upkeep\n|turn|108\n|\n|t:|1700054608\n|switch|p1a: Chansey|Chansey, F|56\/100\n|move|p2a: Chansey|Seismic Toss|p1a: Chansey\n|-damage|p1a: Chansey|42\/100\n|\n|upkeep\n|turn|109\n|\n|t:|1700054612\n|switch|p2a: Arceus|Arceus-Dark|41\/100\n|move|p1a: Chansey|Wish|p1a: Chansey\n|\n|upkeep\n|turn|110\n|\n|t:|1700054616\n|move|p2a: Arceus|Foul Play|p1a: Chansey\n|-damage|p1a: Chansey|41\/100\n|move|p1a: Chansey|Toxic|p2a: Arceus\n|-status|p2a: Arceus|tox\n|\n|-heal|p1a: Chansey|91\/100|[from] move: Wish|[wisher] Chansey\n|-damage|p2a: Arceus|35\/100 tox|[from] psn\n|upkeep\n|turn|111\n|\n|t:|1700054619\n|move|p2a: Arceus|Stealth Rock|p1a: Chansey\n|-sidestart|p1: nicolasg96|move: Stealth Rock\n|move|p1a: Chansey|Wish|p1a: Chansey\n|\n|-damage|p2a: Arceus|23\/100 tox|[from] psn\n|upkeep\n|turn|112\n|\n|t:|1700054624\n|move|p2a: Arceus|Recover|p2a: Arceus\n|-heal|p2a: Arceus|73\/100 tox\n|move|p1a: Chansey|Seismic Toss|p2a: Arceus\n|-damage|p2a: Arceus|51\/100 tox\n|\n|-heal|p1a: Chansey|100\/100|[from] move: Wish|[wisher] Chansey\n|-damage|p2a: Arceus|32\/100 tox|[from] psn\n|upkeep\n|turn|113\n|\n|t:|1700054628\n|switch|p2a: Chansey|Chansey, F|23\/100\n|move|p1a: Chansey|Toxic|p2a: Chansey\n|-status|p2a: Chansey|tox\n|\n|-damage|p2a: Chansey|17\/100 tox|[from] psn\n|upkeep\n|turn|114\n|\n|t:|1700054630\n|move|p1a: Chansey|Seismic Toss|p2a: Chansey\n|-damage|p2a: Chansey|2\/100 tox\n|move|p2a: Chansey|Heal Bell|p2a: Chansey\n|-activate|p2a: Chansey|move: Heal Bell\n|-curestatus|p2a: Chansey|tox|[msg]\n|-curestatus|p2: Arceus|tox|[msg]\n|\n|upkeep\n|turn|115\n|\n|t:|1700054634\n|switch|p2a: Eternatus|Eternatus|78\/100\n|-ability|p2a: Eternatus|Pressure\n|move|p1a: Chansey|Seismic Toss|p2a: Eternatus\n|-damage|p2a: Eternatus|57\/100\n|\n|-heal|p2a: Eternatus|63\/100|[from] item: Leftovers\n|upkeep\n|turn|116\n|\n|t:|1700054640\n|move|p2a: Eternatus|Toxic|p1a: Chansey\n|-status|p1a: Chansey|tox\n|move|p1a: Chansey|Seismic Toss|p2a: Eternatus\n|-damage|p2a: Eternatus|42\/100\n|\n|-heal|p2a: Eternatus|48\/100|[from] item: Leftovers\n|-damage|p1a: Chansey|94\/100 tox|[from] psn\n|upkeep\n|turn|117\n|\n|t:|1700054643\n|move|p2a: Eternatus|Dragon Pulse|p1a: Chansey\n|-damage|p1a: Chansey|81\/100 tox\n|move|p1a: Chansey|Wish|p1a: Chansey\n|\n|-heal|p2a: Eternatus|55\/100|[from] item: Leftovers\n|-damage|p1a: Chansey|69\/100 tox|[from] psn\n|upkeep\n|turn|118\n|\n|t:|1700054646\n|-curestatus|p1a: Chansey|tox|[from] ability: Natural Cure\n|switch|p1a: Ho-Oh|Ho-Oh|86\/100 tox\n|move|p2a: Eternatus|Toxic Spikes|p1a: Ho-Oh\n|-sidestart|p1: nicolasg96|move: Toxic Spikes\n|\n|-heal|p1a: Ho-Oh|100\/100 tox|[from] move: Wish|[wisher] Chansey\n|-heal|p2a: Eternatus|61\/100|[from] item: Leftovers\n|-damage|p1a: Ho-Oh|94\/100 tox|[from] psn\n|upkeep\n|turn|119\n|\n|t:|1700054653\n|switch|p2a: Arceus|Arceus-Dark|32\/100\n|move|p1a: Ho-Oh|Defog|p2a: Arceus\n|-unboost|p2a: Arceus|evasion|1\n|-sideend|p1: nicolasg96|Toxic Spikes|[from] move: Defog|[of] p1a: Ho-Oh\n|-sideend|p1: nicolasg96|Stealth Rock|[from] move: Defog|[of] p1a: Ho-Oh\n|\n|-damage|p1a: Ho-Oh|82\/100 tox|[from] psn\n|upkeep\n|turn|120\n|\n|t:|1700054659\n|move|p2a: Arceus|Stealth Rock|p1a: Ho-Oh\n|-sidestart|p1: nicolasg96|move: Stealth Rock\n|move|p1a: Ho-Oh|Sacred Fire|p2a: Arceus\n|-damage|p2a: Arceus|6\/100\n|\n|-damage|p1a: Ho-Oh|63\/100 tox|[from] psn\n|upkeep\n|turn|121\n|\n|t:|1700054664\n|switch|p1a: Chansey|Chansey, F|69\/100\n|-damage|p1a: Chansey|56\/100|[from] Stealth Rock\n|move|p2a: Arceus|Recover|p2a: Arceus\n|-heal|p2a: Arceus|56\/100\n|\n|upkeep\n|turn|122\n|\n|t:|1700054669\n|switch|p2a: Eternatus|Eternatus|61\/100\n|-ability|p2a: Eternatus|Pressure\n|move|p1a: Chansey|Wish|p1a: Chansey\n|\n|-heal|p2a: Eternatus|67\/100|[from] item: Leftovers\n|upkeep\n|turn|123\n|\n|t:|1700054680\n|move|p2a: Eternatus|Dragon Pulse|p1a: Chansey\n|-damage|p1a: Chansey|44\/100\n|move|p1a: Chansey|Seismic Toss|p2a: Eternatus\n|-damage|p2a: Eternatus|46\/100\n|\n|-heal|p1a: Chansey|94\/100|[from] move: Wish|[wisher] Chansey\n|-heal|p2a: Eternatus|53\/100|[from] item: Leftovers\n|upkeep\n|turn|124\n|\n|t:|1700054684\n|move|p2a: Eternatus|Dragon Pulse|p1a: Chansey\n|-damage|p1a: Chansey|82\/100\n|move|p1a: Chansey|Wish|p1a: Chansey\n|\n|-heal|p2a: Eternatus|59\/100|[from] item: Leftovers\n|upkeep\n|turn|125\n|\n|t:|1700054690\n|move|p2a: Eternatus|Toxic Spikes|p1a: Chansey\n|-sidestart|p1: nicolasg96|move: Toxic Spikes\n|move|p1a: Chansey|Seismic Toss|p2a: Eternatus\n|-damage|p2a: Eternatus|38\/100\n|\n|-heal|p1a: Chansey|100\/100|[from] move: Wish|[wisher] Chansey\n|-heal|p2a: Eternatus|44\/100|[from] item: Leftovers\n|upkeep\n|turn|126\n|\n|t:|1700054692\n|move|p2a: Eternatus|Toxic Spikes|p1a: Chansey\n|-sidestart|p1: nicolasg96|move: Toxic Spikes\n|move|p1a: Chansey|Seismic Toss|p2a: Eternatus\n|-damage|p2a: Eternatus|23\/100\n|\n|-heal|p2a: Eternatus|30\/100|[from] item: Leftovers\n|upkeep\n|turn|127\n|\n|t:|1700054696\n|move|p2a: Eternatus|Recover|p2a: Eternatus\n|-heal|p2a: Eternatus|80\/100\n|move|p1a: Chansey|Wish|p1a: Chansey\n|\n|-heal|p2a: Eternatus|86\/100|[from] item: Leftovers\n|upkeep\n|turn|128\n|\n|t:|1700054702\n|switch|p1a: Ho-Oh|Ho-Oh|96\/100 tox\n|move|p2a: Eternatus|Toxic|p1a: Ho-Oh\n|-fail|p1a: Ho-Oh|tox\n|\n|-heal|p1a: Ho-Oh|100\/100 tox|[from] move: Wish|[wisher] Chansey\n|-heal|p2a: Eternatus|92\/100|[from] item: Leftovers\n|-damage|p1a: Ho-Oh|94\/100 tox|[from] psn\n|upkeep\n|turn|129\n|\n|t:|1700054720\n|switch|p2a: Arceus|Arceus-Dark|56\/100\n|move|p1a: Ho-Oh|Defog|p2a: Arceus\n|-unboost|p2a: Arceus|evasion|1\n|-sideend|p1: nicolasg96|Toxic Spikes|[from] move: Defog|[of] p1a: Ho-Oh\n|-sideend|p1: nicolasg96|Stealth Rock|[from] move: Defog|[of] p1a: Ho-Oh\n|\n|-damage|p1a: Ho-Oh|82\/100 tox|[from] psn\n|upkeep\n|turn|130\n|\n|t:|1700054735\n|move|p2a: Arceus|Stealth Rock|p1a: Ho-Oh\n|-sidestart|p1: nicolasg96|move: Stealth Rock\n|move|p1a: Ho-Oh|Whirlwind|p2a: Arceus\n|drag|p2a: Dondozo|Dondozo, M, shiny|100\/100\n|\n|-damage|p1a: Ho-Oh|63\/100 tox|[from] psn\n|upkeep\n|turn|131\n|\n|t:|1700054740\n|switch|p1a: Chansey|Chansey, F|100\/100\n|-damage|p1a: Chansey|88\/100|[from] Stealth Rock\n|move|p2a: Dondozo|Liquidation|p1a: Chansey\n|-damage|p1a: Chansey|71\/100\n|\n|upkeep\n|turn|132\n|\n|t:|1700054747\n|move|p1a: Chansey|Toxic|p2a: Dondozo\n|-status|p2a: Dondozo|tox\n|move|p2a: Dondozo|Body Press|p1a: Chansey\n|-supereffective|p1a: Chansey\n|-damage|p1a: Chansey|36\/100\n|\n|-damage|p2a: Dondozo|94\/100 tox|[from] psn\n|upkeep\n|turn|133\n|\n|t:|1700054749\n|move|p1a: Chansey|Seismic Toss|p2a: Dondozo\n|-damage|p2a: Dondozo|75\/100 tox\n|move|p2a: Dondozo|Curse|p2a: Dondozo\n|-unboost|p2a: Dondozo|spe|1\n|-boost|p2a: Dondozo|atk|1\n|-boost|p2a: Dondozo|def|1\n|\n|-heal|p2a: Dondozo|81\/100 tox|[from] item: Leftovers\n|-damage|p2a: Dondozo|68\/100 tox|[from] psn\n|upkeep\n|turn|134\n|\n|t:|1700054752\n|move|p1a: Chansey|Soft-Boiled|p1a: Chansey\n|-heal|p1a: Chansey|86\/100\n|move|p2a: Dondozo|Body Press|p1a: Chansey\n|-supereffective|p1a: Chansey\n|-damage|p1a: Chansey|36\/100\n|\n|-heal|p2a: Dondozo|75\/100 tox|[from] item: Leftovers\n|-damage|p2a: Dondozo|56\/100 tox|[from] psn\n|upkeep\n|turn|135\n|\n|t:|1700054760\n|move|p1a: Chansey|Soft-Boiled|p1a: Chansey\n|-heal|p1a: Chansey|86\/100\n|move|p2a: Dondozo|Rest|p2a: Dondozo\n|-status|p2a: Dondozo|slp|[from] move: Rest\n|-heal|p2a: Dondozo|100\/100 slp|[silent]\n|\n|upkeep\n|turn|136\n|\n|t:|1700054763\n|move|p1a: Chansey|Wish|p1a: Chansey\n|cant|p2a: Dondozo|slp\n|\n|upkeep\n|turn|137\n|\n|t:|1700054765\n|switch|p1a: Ho-Oh|Ho-Oh|96\/100 tox\n|cant|p2a: Dondozo|slp\n|\n|-heal|p1a: Ho-Oh|100\/100 tox|[from] move: Wish|[wisher] Chansey\n|-damage|p1a: Ho-Oh|94\/100 tox|[from] psn\n|upkeep\n|turn|138\n|\n|t:|1700054770\n|move|p1a: Ho-Oh|Defog|p2a: Dondozo\n|-unboost|p2a: Dondozo|evasion|1\n|-sideend|p1: nicolasg96|Stealth Rock|[from] move: Defog|[of] p1a: Ho-Oh\n|-curestatus|p2a: Dondozo|slp|[msg]\n|move|p2a: Dondozo|Liquidation|p1a: Ho-Oh\n|-supereffective|p1a: Ho-Oh\n|-damage|p1a: Ho-Oh|39\/100 tox\n|-unboost|p1a: Ho-Oh|def|1\n|\n|-damage|p1a: Ho-Oh|27\/100 tox|[from] psn\n|upkeep\n|turn|139\n|\n|t:|1700054778\n|switch|p1a: Chatot|Chatot, F, shiny|94\/100 tox\n|move|p2a: Dondozo|Body Press|p1a: Chatot\n|-damage|p1a: Chatot|5\/100 tox\n|\n|-damage|p1a: Chatot|0 fnt|[from] psn\n|faint|p1a: Chatot\n|upkeep\n|\n|t:|1700054781\n|switch|p1a: Chansey|Chansey, F|86\/100\n|turn|140\n|\n|t:|1700054792\n|move|p1a: Chansey|Toxic|p2a: Dondozo\n|-status|p2a: Dondozo|tox\n|move|p2a: Dondozo|Body Press|p1a: Chansey\n|-supereffective|p1a: Chansey\n|-crit|p1a: Chansey\n|-damage|p1a: Chansey|3\/100\n|\n|-damage|p2a: Dondozo|94\/100 tox|[from] psn\n|upkeep\n|turn|141\n|\n|t:|1700054800\n|move|p1a: Chansey|Wish|p1a: Chansey\n|move|p2a: Dondozo|Liquidation|p1a: Chansey\n|-damage|p1a: Chansey|0 fnt\n|faint|p1a: Chansey\n|\n|-heal|p2a: Dondozo|100\/100 tox|[from] item: Leftovers\n|-damage|p2a: Dondozo|88\/100 tox|[from] psn\n|upkeep\n|\n|t:|1700054805\n|switch|p1a: Xerneas|Xerneas, tera:Steel|4\/100\n|-ability|p1a: Xerneas|Fairy Aura\n|turn|142\n|\n|t:|1700054812\n|-terastallize|p2a: Dondozo|Fairy\n|move|p1a: Xerneas|Thunderbolt|p2a: Dondozo\n|-damage|p2a: Dondozo|58\/100 tox\n|move|p2a: Dondozo|Body Press|p1a: Xerneas\n|-supereffective|p1a: Xerneas\n|-damage|p1a: Xerneas|0 fnt\n|faint|p1a: Xerneas\n|\n|-heal|p2a: Dondozo|64\/100 tox|[from] item: Leftovers\n|-damage|p2a: Dondozo|46\/100 tox|[from] psn\n|upkeep\n|\n|t:|1700054817\n|switch|p1a: Groudon|Groudon-Primal|100\/100\n|-weather|DesolateLand|[from] ability: Desolate Land|[of] p1a: Groudon\n|turn|143\n|\n|t:|1700054824\n|switch|p2a: Giratina|Giratina, shiny|68\/100\n|-ability|p2a: Giratina|Pressure\n|move|p1a: Groudon|Heat Crash|p2a: Giratina\n|-resisted|p2a: Giratina\n|-damage|p2a: Giratina|59\/100\n|\n|-weather|DesolateLand|[upkeep]\n|-heal|p2a: Giratina|66\/100|[from] item: Leftovers\n|upkeep\n|turn|144\n|-message|nicolasg96 forfeited.\n|\n|win|qiananan\n|raw|nicolasg96's rating: 1474 &rarr; <strong>1458<\/strong><br \/>(-16 for losing)\n|raw|qiananan's rating: 1549 &rarr; <strong>1565<\/strong><br \/>(+16 for winning)\n|l|\u2606nicolasg96\n","uploadtime":1700055207,"views":11,"p1id":"nicolasg96","p2id":"qiananan","formatid":"gen9nationaldexubers","rating":1458,"private":0,"password":""}