{"id":"gen9nationaldexubers-1999897888","p1":"Deathbyicepenguin","p2":"Marioipod","format":"[Gen 9] National Dex Ubers","log":"|j|\u2606Deathbyicepenguin\n|j|\u203dMarioipod\n|t:|1701127646\n|gametype|singles\n|player|p1|Deathbyicepenguin|169|1146\n|player|p2|Marioipod|may-gen3rs|1186\n|teamsize|p1|6\n|teamsize|p2|6\n|gen|9\n|tier|[Gen 9] National Dex Ubers\n|rated|\n|rule|HP Percentage Mod: HP is shown in percentages\n|rule|Endless Battle Clause: Forcing endless battles is banned\n|rule|OHKO Clause: OHKO moves are banned\n|rule|Evasion Moves Clause: Evasion moves are banned\n|rule|Evasion Items Clause: Evasion items are banned\n|rule|Species Clause: Limit one of each Pok\u00e9mon\n|rule|Sleep Clause Mod: Limit one foe put to sleep\n|rule|Mega Rayquaza Clause: You cannot mega evolve Rayquaza\n|clearpoke\n|poke|p1|Gyarados, M|\n|poke|p1|Grimmsnarl, M|\n|poke|p1|Ursaluna-Bloodmoon, M|\n|poke|p1|Jirachi|\n|poke|p1|Zacian-*|\n|poke|p1|Kyogre|\n|poke|p2|Arceus|\n|poke|p2|Zygarde|\n|poke|p2|Metagross|\n|poke|p2|Kyogre|\n|poke|p2|Giratina-Origin|\n|poke|p2|Kyurem-Black|\n|teampreview\n|\n|t:|1701127663\n|start\n|switch|p1a: Grimmsnarl|Grimmsnarl, M|100\/100\n|switch|p2a: Kyurem|Kyurem-Black|100\/100\n|-ability|p2a: Kyurem|Teravolt\n|turn|1\n|inactive|Battle timer is ON: inactive players will automatically lose when time's up. (requested by Marioipod)\n|\n|t:|1701127680\n|move|p1a: Grimmsnarl|Trick|p2a: Kyurem\n|-activate|p1a: Grimmsnarl|move: Trick|[of] p2a: Kyurem\n|-item|p2a: Kyurem|Choice Band|[from] move: Trick\n|-item|p1a: Grimmsnarl|Loaded Dice|[from] move: Trick\n|move|p2a: Kyurem|Dragon Dance|p2a: Kyurem\n|-boost|p2a: Kyurem|atk|1\n|-boost|p2a: Kyurem|spe|1\n|\n|upkeep\n|turn|2\n|\n|t:|1701127691\n|switch|p2a: Metagross|Metagross, shiny|100\/100\n|move|p1a: Grimmsnarl|Reflect|p1a: Grimmsnarl\n|-sidestart|p1: Deathbyicepenguin|Reflect\n|\n|upkeep\n|turn|3\n|\n|t:|1701127697\n|detailschange|p2a: Metagross|Metagross-Mega, shiny\n|-mega|p2a: Metagross|Metagross|Metagrossite\n|move|p2a: Metagross|Bullet Punch|p1a: Grimmsnarl\n|-supereffective|p1a: Grimmsnarl\n|-damage|p1a: Grimmsnarl|67\/100\n|move|p1a: Grimmsnarl|Thunder Wave|p2a: Metagross\n|-status|p2a: Metagross|par\n|\n|upkeep\n|turn|4\n|\n|t:|1701127719\n|move|p1a: Grimmsnarl|Parting Shot|p2a: Metagross\n|-unboost|p2a: Metagross|atk|1\n|-unboost|p2a: Metagross|spa|1\n|\n|t:|1701127727\n|switch|p1a: Ursaluna|Ursaluna-Bloodmoon, M|100\/100|[from] Parting Shot\n|move|p2a: Metagross|Bullet Punch|p1a: Ursaluna\n|-damage|p1a: Ursaluna|93\/100\n|\n|upkeep\n|turn|5\n|\n|t:|1701127744\n|switch|p2a: Giratina|Giratina-Origin|100\/100\n|move|p1a: Ursaluna|Fire Punch|p2a: Giratina\n|-resisted|p2a: Giratina\n|-damage|p2a: Giratina|95\/100\n|-damage|p1a: Ursaluna|83\/100|[from] item: Life Orb\n|\n|upkeep\n|turn|6\n|\n|t:|1701127762\n|switch|p1a: Grimmsnarl|Grimmsnarl, M|67\/100\n|move|p2a: Giratina|Will-O-Wisp|p1a: Grimmsnarl|[miss]\n|-miss|p2a: Giratina|p1a: Grimmsnarl\n|\n|-sideend|p1: Deathbyicepenguin|Reflect\n|upkeep\n|turn|7\n|\n|t:|1701127774\n|move|p1a: Grimmsnarl|Trick||[still]\n|-fail|p1a: Grimmsnarl\n|move|p2a: Giratina|Tailwind|p2a: Giratina\n|-sidestart|p2: Marioipod|move: Tailwind\n|\n|upkeep\n|turn|8\n|\n|t:|1701127784\n|switch|p2a: Kyurem|Kyurem-Black|100\/100\n|-ability|p2a: Kyurem|Teravolt\n|move|p1a: Grimmsnarl|Thunder Wave|p2a: Kyurem|[miss]\n|-miss|p1a: Grimmsnarl|p2a: Kyurem\n|\n|upkeep\n|turn|9\n|inactive|Deathbyicepenguin has 120 seconds left.\n|\n|t:|1701127804\n|move|p1a: Grimmsnarl|Thunder Wave|p2a: Kyurem\n|-status|p2a: Kyurem|par\n|move|p2a: Kyurem|Icicle Spear|p1a: Grimmsnarl\n|-damage|p1a: Grimmsnarl|36\/100\n|-damage|p1a: Grimmsnarl|8\/100\n|-crit|p1a: Grimmsnarl\n|-damage|p1a: Grimmsnarl|0 fnt\n|faint|p1a: Grimmsnarl\n|-hitcount|p1: Grimmsnarl|3\n|\n|upkeep\n|inactive|Deathbyicepenguin has 120 seconds left.\n|\n|t:|1701127822\n|switch|p1a: Gyarados|Gyarados, M|100\/100\n|-ability|p1a: Gyarados|Intimidate|boost\n|-unboost|p2a: Kyurem|atk|1\n|turn|10\n|\n|t:|1701127834\n|detailschange|p1a: Gyarados|Gyarados-Mega, M\n|-mega|p1a: Gyarados|Gyarados|Gyaradosite\n|-ability|p1a: Gyarados|Mold Breaker\n|move|p2a: Kyurem|Icicle Spear|p1a: Gyarados\n|-resisted|p1a: Gyarados\n|-damage|p1a: Gyarados|91\/100\n|-resisted|p1a: Gyarados\n|-damage|p1a: Gyarados|83\/100\n|-resisted|p1a: Gyarados\n|-damage|p1a: Gyarados|75\/100\n|-hitcount|p1a: Gyarados|3\n|move|p1a: Gyarados|Dragon Dance|p1a: Gyarados\n|-boost|p1a: Gyarados|atk|1\n|-boost|p1a: Gyarados|spe|1\n|\n|-sideend|p2: Marioipod|move: Tailwind\n|upkeep\n|turn|11\n|\n|t:|1701127857\n|switch|p2a: Arceus|Arceus|100\/100\n|move|p1a: Gyarados|Dragon Dance|p1a: Gyarados\n|-boost|p1a: Gyarados|atk|1\n|-boost|p1a: Gyarados|spe|1\n|\n|upkeep\n|turn|12\n|inactive|Deathbyicepenguin has 90 seconds left.\n|\n|t:|1701127877\n|move|p1a: Gyarados|Waterfall|p2a: Arceus\n|-damage|p2a: Arceus|40\/100\n|move|p2a: Arceus|Swords Dance|p2a: Arceus\n|-boost|p2a: Arceus|atk|2\n|\n|-heal|p2a: Arceus|46\/100|[from] item: Leftovers\n|upkeep\n|turn|13\n|inactive|Deathbyicepenguin has 90 seconds left.\n|\n|t:|1701127894\n|-terastallize|p2a: Arceus|Normal\n|move|p2a: Arceus|Extreme Speed|p1a: Gyarados\n|-damage|p1a: Gyarados|0 fnt\n|faint|p1a: Gyarados\n|\n|-heal|p2a: Arceus|53\/100|[from] item: Leftovers\n|upkeep\n|inactive|Deathbyicepenguin has 60 seconds left.\n|\n|t:|1701127940\n|switch|p1a: Ursaluna|Ursaluna-Bloodmoon, M|83\/100\n|turn|14\n|\n|t:|1701127950\n|move|p2a: Arceus|Extreme Speed|p1a: Ursaluna\n|-damage|p1a: Ursaluna|6\/100\n|move|p1a: Ursaluna|Earthquake|p2a: Arceus\n|-damage|p2a: Arceus|29\/100\n|-damage|p1a: Ursaluna|0 fnt|[from] item: Life Orb\n|faint|p1a: Ursaluna\n|\n|-heal|p2a: Arceus|35\/100|[from] item: Leftovers\n|upkeep\n|\n|t:|1701127967\n|switch|p1a: Jirachi|Jirachi, shiny|100\/100\n|turn|15\n|\n|t:|1701127986\n|move|p1a: Jirachi|Moonblast|p2a: Arceus\n|-damage|p2a: Arceus|20\/100\n|-unboost|p2a: Arceus|spa|1\n|move|p2a: Arceus|Earthquake|p1a: Jirachi\n|-supereffective|p1a: Jirachi\n|-crit|p1a: Jirachi\n|-damage|p1a: Jirachi|0 fnt\n|faint|p1a: Jirachi\n|\n|-heal|p2a: Arceus|26\/100|[from] item: Leftovers\n|upkeep\n|inactive|Deathbyicepenguin has 30 seconds left.\n|\n|t:|1701128002\n|switch|p1a: Zacian|Zacian-Crowned|100\/100\n|-ability|p1a: Zacian|Intrepid Sword|boost\n|-boost|p1a: Zacian|atk|1\n|turn|16\n|inactive|Deathbyicepenguin has 30 seconds left.\n|\n|t:|1701128012\n|move|p2a: Arceus|Extreme Speed|p1a: Zacian\n|-resisted|p1a: Zacian\n|-crit|p1a: Zacian\n|-damage|p1a: Zacian|26\/100\n|move|p1a: Zacian|Close Combat|p2a: Arceus\n|-supereffective|p2a: Arceus\n|-damage|p2a: Arceus|0 fnt\n|-unboost|p1a: Zacian|def|1\n|-unboost|p1a: Zacian|spd|1\n|faint|p2a: Arceus\n|\n|upkeep\n|\n|t:|1701128024\n|switch|p2a: Kyurem|Kyurem-Black|100\/100 par\n|-ability|p2a: Kyurem|Teravolt\n|turn|17\n|inactive|Deathbyicepenguin has 30 seconds left.\n|inactive|Deathbyicepenguin has 20 seconds left.\n|\n|t:|1701128050\n|move|p1a: Zacian|Close Combat|p2a: Kyurem\n|-supereffective|p2a: Kyurem\n|-damage|p2a: Kyurem|0 fnt\n|-unboost|p1a: Zacian|def|1\n|-unboost|p1a: Zacian|spd|1\n|faint|p2a: Kyurem\n|\n|upkeep\n|inactive|Deathbyicepenguin has 25 seconds left this turn.\n|\n|t:|1701128054\n|switch|p2a: Metagross|Metagross-Mega, shiny|100\/100 par\n|turn|18\n|inactive|Deathbyicepenguin has 30 seconds left.\n|inactive|Deathbyicepenguin has 20 seconds left.\n|\n|t:|1701128072\n|move|p2a: Metagross|Bullet Punch|p1a: Zacian\n|-damage|p1a: Zacian|0 fnt\n|faint|p1a: Zacian\n|\n|upkeep\n|inactive|Deathbyicepenguin has 25 seconds left this turn.\n|inactive|Deathbyicepenguin has 20 seconds left.\n|\n|t:|1701128078\n|switch|p1a: Kyogre|Kyogre|100\/100\n|detailschange|p1a: Kyogre|Kyogre-Primal\n|-primal|p1a: Kyogre|Blue Orb\n|-weather|PrimordialSea|[from] ability: Primordial Sea|[of] p1a: Kyogre\n|turn|19\n|inactive|Deathbyicepenguin has 30 seconds left this turn.\n|\n|t:|1701128084\n|move|p1a: Kyogre|Water Spout|p2a: Metagross\n|-damage|p2a: Metagross|0 fnt\n|faint|p2a: Metagross\n|\n|-weather|PrimordialSea|[upkeep]\n|upkeep\n|inactive|Deathbyicepenguin has 30 seconds left this turn.\n|\n|t:|1701128088\n|switch|p2a: Kyogre|Kyogre|100\/100\n|detailschange|p2a: Kyogre|Kyogre-Primal\n|-primal|p2a: Kyogre|Blue Orb\n|turn|20\n|inactive|Deathbyicepenguin has 30 seconds left.\n|\n|t:|1701128104\n|move|p1a: Kyogre|Thunder|p2a: Kyogre\n|-supereffective|p2a: Kyogre\n|-damage|p2a: Kyogre|41\/100\n|-status|p2a: Kyogre|par\n|move|p2a: Kyogre|Thunder|p1a: Kyogre\n|-supereffective|p1a: Kyogre\n|-damage|p1a: Kyogre|32\/100\n|-status|p1a: Kyogre|par\n|\n|-weather|PrimordialSea|[upkeep]\n|upkeep\n|turn|21\n|inactive|Deathbyicepenguin has 30 seconds left.\n|\n|t:|1701128116\n|move|p1a: Kyogre|Thunder|p2a: Kyogre\n|-supereffective|p2a: Kyogre\n|-crit|p2a: Kyogre\n|-damage|p2a: Kyogre|0 fnt\n|faint|p2a: Kyogre\n|\n|-weather|PrimordialSea|[upkeep]\n|upkeep\n|inactive|Deathbyicepenguin has 30 seconds left this turn.\n|\n|t:|1701128119\n|switch|p2a: Giratina|Giratina-Origin|95\/100\n|turn|22\n|\n|t:|1701128129\n|move|p2a: Giratina|Shadow Force||[still]\n|-prepare|p2a: Giratina|Shadow Force\n|move|p1a: Kyogre|Blizzard|p2a: Giratina|[miss]\n|-miss|p1a: Kyogre|p2a: Giratina\n|\n|-weather|PrimordialSea|[upkeep]\n|upkeep\n|turn|23\n|\n|t:|1701128135\n|move|p2a: Giratina|Shadow Force|p1a: Kyogre|[from]lockedmove\n|-damage|p1a: Kyogre|0 fnt\n|faint|p1a: Kyogre\n|-weather|none\n|\n|win|Marioipod\n|raw|Deathbyicepenguin's rating: 1146 &rarr; <strong>1124<\/strong><br \/>(-22 for losing)\n|raw|Marioipod's rating: 1186 &rarr; <strong>1208<\/strong><br \/>(+22 for winning)\n","uploadtime":1701128139,"views":1,"p1id":"deathbyicepenguin","p2id":"marioipod","formatid":"gen9nationaldexubers","rating":1124,"private":0,"password":""}