{"id":"gen9nationaldexubers-1984866088","p1":"SValore","p2":"AerixThorn","format":"[Gen 9] National Dex Ubers","log":"|j|\u2606SValore\n|j|\u2606AerixThorn\n|t:|1699305765\n|gametype|singles\n|player|p1|SValore|grimsley|1067\n|player|p2|AerixThorn|pryce|1117\n|teamsize|p1|6\n|teamsize|p2|6\n|gen|9\n|tier|[Gen 9] National Dex Ubers\n|rated|\n|rule|HP Percentage Mod: HP is shown in percentages\n|rule|Endless Battle Clause: Forcing endless battles is banned\n|rule|OHKO Clause: OHKO moves are banned\n|rule|Evasion Moves Clause: Evasion moves are banned\n|rule|Evasion Items Clause: Evasion items are banned\n|rule|Species Clause: Limit one of each Pok\u00e9mon\n|rule|Sleep Clause Mod: Limit one foe put to sleep\n|rule|Mega Rayquaza Clause: You cannot mega evolve Rayquaza\n|clearpoke\n|poke|p1|Articuno-Galar|\n|poke|p1|Corviknight, M|\n|poke|p1|Blissey, F|\n|poke|p1|Ogerpon-Wellspring, F|\n|poke|p1|Kommo-o, F|\n|poke|p1|Marowak-Alola, M|\n|poke|p2|Munkidori, M|\n|poke|p2|Infernape, F|\n|poke|p2|Annihilape, M|\n|poke|p2|Darmanitan-Galar, F|\n|poke|p2|Zarude|\n|poke|p2|Ambipom, M|\n|teampreview\n|inactive|Battle timer is ON: inactive players will automatically lose when time's up. (requested by AerixThorn)\n|\n|t:|1699305776\n|start\n|switch|p1a: Blissey|Blissey, F|100\/100\n|switch|p2a: M O N K E|Ambipom, M|100\/100\n|turn|1\n|\n|t:|1699305782\n|move|p2a: M O N K E|Knock Off|p1a: Blissey\n|-damage|p1a: Blissey|75\/100\n|-enditem|p1a: Blissey|Leftovers|[from] move: Knock Off|[of] p2a: M O N K E\n|move|p1a: Blissey|Stealth Rock|p2a: M O N K E\n|-sidestart|p2: AerixThorn|move: Stealth Rock\n|\n|upkeep\n|turn|2\n|\n|t:|1699305788\n|move|p2a: M O N K E|Power-Up Punch|p1a: Blissey\n|-supereffective|p1a: Blissey\n|-damage|p1a: Blissey|47\/100\n|-boost|p2a: M O N K E|atk|1\n|move|p1a: Blissey|Seismic Toss|p2a: M O N K E\n|-damage|p2a: M O N K E|66\/100\n|\n|upkeep\n|turn|3\n|\n|t:|1699305807\n|move|p2a: M O N K E|Trailblaze|p1a: Blissey\n|-damage|p1a: Blissey|21\/100\n|-boost|p2a: M O N K E|spe|1\n|move|p1a: Blissey|Toxic|p2a: M O N K E\n|-status|p2a: M O N K E|tox\n|\n|-damage|p2a: M O N K E|60\/100 tox|[from] psn\n|upkeep\n|turn|4\n|\n|t:|1699305818\n|move|p2a: M O N K E|Power-Up Punch|p1a: Blissey\n|-supereffective|p1a: Blissey\n|-damage|p1a: Blissey|0 fnt\n|-boost|p2a: M O N K E|atk|1\n|faint|p1a: Blissey\n|\n|-damage|p2a: M O N K E|48\/100 tox|[from] psn\n|upkeep\n|inactive|SValore has 120 seconds left.\n|\n|t:|1699305845\n|switch|p1a: Corviknight|Corviknight, M, shiny|100\/100\n|turn|5\n|\n|t:|1699305849\n|move|p2a: M O N K E|Knock Off|p1a: Corviknight\n|-damage|p1a: Corviknight|66\/100\n|-damage|p2a: M O N K E|31\/100 tox|[from] item: Rocky Helmet|[of] p1a: Corviknight\n|-enditem|p1a: Corviknight|Rocky Helmet|[from] move: Knock Off|[of] p2a: M O N K E\n|move|p1a: Corviknight|U-turn|p2a: M O N K E\n|-damage|p2a: M O N K E|5\/100 tox\n|\n|t:|1699305856\n|switch|p1a: Articuno|Articuno-Galar, shiny|100\/100|[from] U-turn\n|\n|-damage|p2a: M O N K E|0 fnt|[from] psn\n|faint|p2a: M O N K E\n|upkeep\n|\n|t:|1699305865\n|switch|p2a: M O N K E YETI|Darmanitan-Galar, F|100\/100\n|-damage|p2a: M O N K E YETI|76\/100|[from] Stealth Rock\n|turn|6\n|\n|t:|1699305877\n|-terastallize|p1a: Articuno|Steel\n|move|p2a: M O N K E YETI|Ice Punch|p1a: Articuno\n|-resisted|p1a: Articuno\n|-crit|p1a: Articuno\n|-damage|p1a: Articuno|46\/100\n|move|p1a: Articuno|Calm Mind|p1a: Articuno\n|-boost|p1a: Articuno|spa|1\n|-boost|p1a: Articuno|spd|1\n|\n|upkeep\n|turn|7\n|\n|t:|1699305895\n|switch|p2a: M O N K E DAD|Zarude|100\/100\n|-damage|p2a: M O N K E DAD|88\/100|[from] Stealth Rock\n|move|p1a: Articuno|Recover|p1a: Articuno\n|-heal|p1a: Articuno|96\/100\n|\n|upkeep\n|turn|8\n|\n|t:|1699305902\n|move|p2a: M O N K E DAD|Drain Punch|p1a: Articuno\n|-supereffective|p1a: Articuno\n|-damage|p1a: Articuno|36\/100\n|-heal|p2a: M O N K E DAD|100\/100|[from] drain|[of] p1a: Articuno\n|move|p1a: Articuno|Hurricane|p2a: M O N K E DAD\n|-supereffective|p2a: M O N K E DAD\n|-damage|p2a: M O N K E DAD|0 fnt\n|faint|p2a: M O N K E DAD\n|\n|upkeep\n|\n|t:|1699305913\n|switch|p2a: M O N K E FIST|Infernape, F|100\/100\n|-damage|p2a: M O N K E FIST|88\/100|[from] Stealth Rock\n|turn|9\n|\n|t:|1699305919\n|move|p2a: M O N K E FIST|Drain Punch|p1a: Articuno\n|-supereffective|p1a: Articuno\n|-crit|p1a: Articuno\n|-damage|p1a: Articuno|0 fnt\n|-heal|p2a: M O N K E FIST|100\/100|[from] drain|[of] p1a: Articuno\n|faint|p1a: Articuno\n|\n|upkeep\n|\n|t:|1699305927\n|switch|p1a: Ogerpon|Ogerpon-Wellspring, F|100\/100\n|turn|10\n|\n|t:|1699305947\n|-terastallize|p2a: M O N K E FIST|Fire\n|move|p2a: M O N K E FIST|Fire Punch|p1a: Ogerpon\n|-damage|p1a: Ogerpon|18\/100\n|move|p1a: Ogerpon|Swords Dance|p1a: Ogerpon\n|-boost|p1a: Ogerpon|atk|2\n|\n|upkeep\n|turn|11\n|\n|t:|1699305958\n|move|p2a: M O N K E FIST|Drain Punch|p1a: Ogerpon\n|-damage|p1a: Ogerpon|0 fnt\n|faint|p1a: Ogerpon\n|\n|upkeep\n|\n|t:|1699305964\n|switch|p1a: Marowak|Marowak-Alola, M, shiny|100\/100\n|turn|12\n|\n|t:|1699305969\n|move|p2a: M O N K E FIST|Thunder Punch|p1a: Marowak\n|-ability|p1a: Marowak|Lightning Rod|boost\n|-boost|p1a: Marowak|spa|1\n|move|p1a: Marowak|Earthquake|p2a: M O N K E FIST\n|-supereffective|p2a: M O N K E FIST\n|-damage|p2a: M O N K E FIST|0 fnt\n|faint|p2a: M O N K E FIST\n|\n|upkeep\n|\n|t:|1699305975\n|switch|p2a: M O N K E YETI|Darmanitan-Galar, F|76\/100\n|-damage|p2a: M O N K E YETI|51\/100|[from] Stealth Rock\n|turn|13\n|\n|t:|1699305983\n|move|p2a: M O N K E YETI|Ice Punch|p1a: Marowak\n|-resisted|p1a: Marowak\n|-damage|p1a: Marowak|61\/100\n|move|p1a: Marowak|Flare Blitz|p2a: M O N K E YETI\n|-supereffective|p2a: M O N K E YETI\n|-damage|p2a: M O N K E YETI|0 fnt\n|faint|p2a: M O N K E YETI\n|-damage|p1a: Marowak|39\/100|[from] Recoil\n|\n|upkeep\n|\n|t:|1699305990\n|switch|p2a: M O N K E TIME|Munkidori, M|100\/100\n|-damage|p2a: M O N K E TIME|88\/100|[from] Stealth Rock\n|turn|14\n|\n|t:|1699305997\n|move|p2a: M O N K E TIME|Hex|p1a: Marowak\n|-supereffective|p1a: Marowak\n|-damage|p1a: Marowak|0 fnt\n|faint|p1a: Marowak\n|\n|-heal|p2a: M O N K E TIME|94\/100|[from] item: Leftovers\n|upkeep\n|\n|t:|1699306003\n|switch|p1a: Kommo-o|Kommo-o, F|100\/100\n|turn|15\n|\n|t:|1699306006\n|move|p2a: M O N K E TIME|Psyshock|p1a: Kommo-o\n|-supereffective|p1a: Kommo-o\n|-damage|p1a: Kommo-o|20\/100\n|move|p1a: Kommo-o|Clangorous Soul||[still]\n|-fail|p1a: Kommo-o\n|\n|-heal|p2a: M O N K E TIME|99\/100|[from] item: Leftovers\n|upkeep\n|turn|16\n|\n|t:|1699306015\n|move|p2a: M O N K E TIME|Psyshock|p1a: Kommo-o\n|-supereffective|p1a: Kommo-o\n|-damage|p1a: Kommo-o|0 fnt\n|faint|p1a: Kommo-o\n|\n|-heal|p2a: M O N K E TIME|100\/100|[from] item: Leftovers\n|upkeep\n|\n|t:|1699306020\n|switch|p1a: Corviknight|Corviknight, M, shiny|66\/100\n|turn|17\n|\n|t:|1699306025\n|move|p2a: M O N K E TIME|Psyshock|p1a: Corviknight\n|-resisted|p1a: Corviknight\n|-damage|p1a: Corviknight|55\/100\n|move|p1a: Corviknight|Brave Bird|p2a: M O N K E TIME\n|-damage|p2a: M O N K E TIME|46\/100\n|-damage|p1a: Corviknight|40\/100|[from] Recoil\n|\n|-heal|p2a: M O N K E TIME|52\/100|[from] item: Leftovers\n|upkeep\n|turn|18\n|\n|t:|1699306034\n|move|p2a: M O N K E TIME|Hex|p1a: Corviknight\n|-damage|p1a: Corviknight|20\/100\n|move|p1a: Corviknight|Roost|p1a: Corviknight\n|-heal|p1a: Corviknight|70\/100\n|-singleturn|p1a: Corviknight|move: Roost\n|\n|-heal|p2a: M O N K E TIME|58\/100|[from] item: Leftovers\n|upkeep\n|turn|19\n|\n|t:|1699306041\n|move|p2a: M O N K E TIME|Calm Mind|p2a: M O N K E TIME\n|-boost|p2a: M O N K E TIME|spa|1\n|-boost|p2a: M O N K E TIME|spd|1\n|move|p1a: Corviknight|Roost|p1a: Corviknight\n|-heal|p1a: Corviknight|100\/100\n|-singleturn|p1a: Corviknight|move: Roost\n|\n|-heal|p2a: M O N K E TIME|64\/100|[from] item: Leftovers\n|upkeep\n|turn|20\n|\n|t:|1699306049\n|move|p2a: M O N K E TIME|Hex|p1a: Corviknight\n|-damage|p1a: Corviknight|68\/100\n|move|p1a: Corviknight|Brave Bird|p2a: M O N K E TIME\n|-damage|p2a: M O N K E TIME|12\/100\n|-damage|p1a: Corviknight|54\/100|[from] Recoil\n|\n|-heal|p2a: M O N K E TIME|18\/100|[from] item: Leftovers\n|upkeep\n|turn|21\n|\n|t:|1699306057\n|move|p2a: M O N K E TIME|Hex|p1a: Corviknight\n|-damage|p1a: Corviknight|21\/100\n|move|p1a: Corviknight|Brave Bird|p2a: M O N K E TIME\n|-damage|p2a: M O N K E TIME|0 fnt\n|faint|p2a: M O N K E TIME\n|-damage|p1a: Corviknight|17\/100|[from] Recoil\n|\n|upkeep\n|\n|t:|1699306062\n|switch|p2a: M O N K E GHOST|Annihilape, M|100\/100\n|-damage|p2a: M O N K E GHOST|94\/100|[from] Stealth Rock\n|turn|22\n|\n|t:|1699306068\n|move|p2a: M O N K E GHOST|Rage Fist|p1a: Corviknight\n|-damage|p1a: Corviknight|0 fnt\n|faint|p1a: Corviknight\n|\n|win|AerixThorn\n|raw|SValore's rating: 1067 &rarr; <strong>1050<\/strong><br \/>(-17 for losing)\n|raw|AerixThorn's rating: 1117 &rarr; <strong>1138<\/strong><br \/>(+21 for winning)\n|l|\u2606SValore\n","uploadtime":1699306077,"views":5,"p1id":"svalore","p2id":"aerixthorn","formatid":"gen9nationaldexubers","rating":1050,"private":0,"password":""}