{"id":"gen9nationaldexubers-1985829965","p1":"KarmaNightraide","p2":"ceke99","format":"[Gen 9] National Dex Ubers","log":"|j|\u2606KarmaNightraide\n|j|\u2606ceke99\n|t:|1699410746\n|gametype|singles\n|player|p1|KarmaNightraide|unknown|1179\n|player|p2|ceke99|1|1115\n|teamsize|p1|6\n|teamsize|p2|4\n|gen|9\n|tier|[Gen 9] National Dex Ubers\n|rated|\n|rule|HP Percentage Mod: HP is shown in percentages\n|rule|Endless Battle Clause: Forcing endless battles is banned\n|rule|OHKO Clause: OHKO moves are banned\n|rule|Evasion Moves Clause: Evasion moves are banned\n|rule|Evasion Items Clause: Evasion items are banned\n|rule|Species Clause: Limit one of each Pok\u00e9mon\n|rule|Sleep Clause Mod: Limit one foe put to sleep\n|rule|Mega Rayquaza Clause: You cannot mega evolve Rayquaza\n|clearpoke\n|poke|p1|Ceruledge, F|\n|poke|p1|Basculegion, M|\n|poke|p1|Mimikyu, M|\n|poke|p1|Gourgeist-*, F|\n|poke|p1|Dragapult, F|\n|poke|p1|Skeledirge, M|\n|poke|p2|Espathra, F|\n|poke|p2|Togedemaru, M|\n|poke|p2|Sharpedo, F|\n|poke|p2|Skuntank, F|\n|teampreview\n|\n|t:|1699410768\n|start\n|switch|p1a: Lil guy my man|Mimikyu, M|100\/100\n|switch|p2a: Skuntank|Skuntank, F|100\/100\n|turn|1\n|\n|t:|1699410778\n|move|p1a: Lil guy my man|Swords Dance|p1a: Lil guy my man\n|-boost|p1a: Lil guy my man|atk|2\n|move|p2a: Skuntank|Gunk Shot|p1a: Lil guy my man\n|-activate|p1a: Lil guy my man|ability: Disguise\n|-damage|p1a: Lil guy my man|100\/100\n|-status|p1a: Lil guy my man|psn\n|detailschange|p1a: Lil guy my man|Mimikyu-Busted, M\n|-damage|p1a: Lil guy my man|88\/100 psn|[from] pokemon: Mimikyu-Busted\n|\n|-damage|p1a: Lil guy my man|76\/100 psn|[from] psn\n|upkeep\n|turn|2\n|\n|t:|1699410790\n|move|p1a: Lil guy my man|Play Rough|p2a: Skuntank\n|-damage|p2a: Skuntank|0 fnt\n|-damage|p1a: Lil guy my man|51\/100 psn|[from] ability: Aftermath|[of] p2a: Skuntank\n|-damage|p1a: Lil guy my man|34\/100 psn|[from] item: Rocky Helmet|[of] p2a: Skuntank\n|faint|p2a: Skuntank\n|-damage|p1a: Lil guy my man|24\/100 psn|[from] item: Life Orb\n|\n|-damage|p1a: Lil guy my man|12\/100 psn|[from] psn\n|upkeep\n|c|\u2606ceke99|looolololol\n|c|\u2606ceke99|sudoku mimykyu\n|\n|t:|1699410810\n|switch|p2a: Togedemaru|Togedemaru, M|100\/100\n|turn|3\n|\n|t:|1699410822\n|move|p2a: Togedemaru|Spiky Shield|p2a: Togedemaru\n|-singleturn|p2a: Togedemaru|move: Protect\n|move|p1a: Lil guy my man|Shadow Sneak|p2a: Togedemaru\n|-activate|p2a: Togedemaru|move: Protect\n|-damage|p1a: Lil guy my man|0 fnt|[from] Spiky Shield|[of] p2a: Togedemaru\n|faint|p1a: Lil guy my man\n|\n|upkeep\n|\n|t:|1699410833\n|switch|p1a: Widowmaker|Ceruledge, F|100\/100\n|turn|4\n|\n|t:|1699410838\n|move|p2a: Togedemaru|Super Fang|p1a: Widowmaker\n|-immune|p1a: Widowmaker\n|move|p1a: Widowmaker|Swords Dance|p1a: Widowmaker\n|-boost|p1a: Widowmaker|atk|2\n|\n|upkeep\n|turn|5\n|\n|t:|1699410846\n|move|p2a: Togedemaru|Spiky Shield|p2a: Togedemaru\n|-singleturn|p2a: Togedemaru|move: Protect\n|move|p1a: Widowmaker|Bitter Blade|p2a: Togedemaru\n|-activate|p2a: Togedemaru|move: Protect\n|-damage|p1a: Widowmaker|88\/100|[from] Spiky Shield|[of] p2a: Togedemaru\n|\n|upkeep\n|turn|6\n|\n|t:|1699410871\n|move|p2a: Togedemaru|Nuzzle|p1a: Widowmaker\n|-damage|p1a: Widowmaker|75\/100\n|-status|p1a: Widowmaker|par\n|-ability|p1a: Widowmaker|Weak Armor|boost\n|-unboost|p1a: Widowmaker|def|1\n|-boost|p1a: Widowmaker|spe|2\n|move|p1a: Widowmaker|Bitter Blade|p2a: Togedemaru\n|-supereffective|p2a: Togedemaru\n|-crit|p2a: Togedemaru\n|-damage|p2a: Togedemaru|0 fnt\n|-heal|p1a: Widowmaker|100\/100 par|[from] drain|[of] p2a: Togedemaru\n|-damage|p1a: Widowmaker|88\/100 par|[from] ability: Iron Barbs|[of] p2a: Togedemaru\n|-damage|p1a: Widowmaker|72\/100 par|[from] item: Rocky Helmet|[of] p2a: Togedemaru\n|faint|p2a: Togedemaru\n|\n|upkeep\n|\n|t:|1699410889\n|switch|p2a: Sharpedo|Sharpedo, F|100\/100\n|turn|7\n|\n|t:|1699410934\n|move|p2a: Sharpedo|Dark Pulse|p1a: Widowmaker\n|-supereffective|p1a: Widowmaker\n|-damage|p1a: Widowmaker|4\/100 par\n|move|p1a: Widowmaker|Poison Jab|p2a: Sharpedo\n|-damage|p2a: Sharpedo|0 fnt\n|-damage|p1a: Widowmaker|0 fnt|[from] ability: Rough Skin|[of] p2a: Sharpedo\n|faint|p2a: Sharpedo\n|faint|p1a: Widowmaker\n|\n|upkeep\n|c|\u2606ceke99|sudoke ceruduge\n|\n|t:|1699410972\n|switch|p2a: Espathra|Espathra, F|100\/100\n|switch|p1a: Pumpin|Gourgeist-Small, F|100\/100\n|-item|p2a: Espathra|Mirror Herb|[from] ability: Frisk|[of] p1a: Pumpin|[identify]\n|turn|8\n|\n|t:|1699410980\n|move|p2a: Espathra|Drill Peck|p1a: Pumpin\n|-supereffective|p1a: Pumpin\n|-damage|p1a: Pumpin|73\/100\n|move|p1a: Pumpin|Poltergeist|p2a: Espathra\n|-activate|p2a: Espathra|move: Poltergeist|Mirror Herb\n|-supereffective|p2a: Espathra\n|-damage|p2a: Espathra|0 fnt\n|faint|p2a: Espathra\n|\n|win|KarmaNightraide\n|raw|KarmaNightraide's rating: 1179 &rarr; <strong>1199<\/strong><br \/>(+20 for winning)\n|raw|ceke99's rating: 1115 &rarr; <strong>1095<\/strong><br \/>(-20 for losing)\n|c|\u2606ceke99|g\n|c|\u2606ceke99|gg\n","uploadtime":1699410992,"views":8,"p1id":"karmanightraide","p2id":"ceke99","formatid":"gen9nationaldexubers","rating":1095,"private":0,"password":""}