{"id":"gen9nationaldexubers-1993904783","p1":"Water thing?","p2":"FORTNITEFELIXXD","format":"[Gen 9] National Dex Ubers","log":"|j|\u2606Water thing?\n|j|\u2606FORTNITEFELIXXD\n|t:|1700373014\n|gametype|singles\n|player|p1|Water thing?|shauntal|1299\n|player|p2|FORTNITEFELIXXD|266|1368\n|teamsize|p1|6\n|teamsize|p2|6\n|gen|9\n|tier|[Gen 9] National Dex Ubers\n|rated|\n|rule|HP Percentage Mod: HP is shown in percentages\n|rule|Endless Battle Clause: Forcing endless battles is banned\n|rule|OHKO Clause: OHKO moves are banned\n|rule|Evasion Moves Clause: Evasion moves are banned\n|rule|Evasion Items Clause: Evasion items are banned\n|rule|Species Clause: Limit one of each Pok\u00e9mon\n|rule|Sleep Clause Mod: Limit one foe put to sleep\n|rule|Mega Rayquaza Clause: You cannot mega evolve Rayquaza\n|clearpoke\n|poke|p1|Marshadow|\n|poke|p1|Tapu Koko|\n|poke|p1|Lopunny, F|\n|poke|p1|Gliscor, M|\n|poke|p1|Greninja-*, M|\n|poke|p1|Kyogre|\n|poke|p2|Gliscor, F|\n|poke|p2|Kangaskhan, F|\n|poke|p2|Marshadow|\n|poke|p2|Yveltal|\n|poke|p2|Volcanion|\n|poke|p2|Jirachi|\n|teampreview\n|\n|t:|1700373017\n|start\n|switch|p1a: Screens|Tapu Koko, shiny|100\/100\n|switch|p2a: Gliscor|Gliscor, F|100\/100\n|-fieldstart|move: Electric Terrain|[from] ability: Electric Surge|[of] p1a: Screens\n|turn|1\n|\n|t:|1700373022\n|move|p1a: Screens|Reflect|p1a: Screens\n|-sidestart|p1: Water thing?|Reflect\n|move|p2a: Gliscor|Toxic|p1a: Screens|[miss]\n|-miss|p2a: Gliscor|p1a: Screens\n|\n|-status|p2a: Gliscor|tox|[from] item: Toxic Orb\n|upkeep\n|turn|2\n|\n|t:|1700373027\n|move|p1a: Screens|Light Screen|p1a: Screens\n|-sidestart|p1: Water thing?|move: Light Screen\n|move|p2a: Gliscor|Toxic|p1a: Screens\n|-status|p1a: Screens|tox\n|\n|-damage|p1a: Screens|94\/100 tox|[from] psn\n|upkeep\n|turn|3\n|\n|t:|1700373034\n|switch|p1a: Darkness|Greninja, M|100\/100\n|move|p2a: Gliscor|Earthquake|p1a: Darkness\n|-damage|p1a: Darkness|74\/100\n|\n|upkeep\n|turn|4\n|\n|t:|1700373045\n|move|p2a: Gliscor|Protect|p2a: Gliscor\n|-singleturn|p2a: Gliscor|Protect\n|move|p1a: Darkness|Ice Beam|p2a: Gliscor\n|-activate|p2a: Gliscor|move: Protect\n|\n|upkeep\n|turn|5\n|\n|t:|1700373051\n|switch|p2a: Jirachi|Jirachi|100\/100\n|move|p1a: Darkness|Ice Beam|p2a: Jirachi\n|-resisted|p2a: Jirachi\n|-damage|p2a: Jirachi|90\/100\n|\n|-heal|p2a: Jirachi|96\/100|[from] item: Leftovers\n|-fieldend|move: Electric Terrain\n|upkeep\n|turn|6\n|\n|t:|1700373059\n|move|p2a: Jirachi|Protect|p2a: Jirachi\n|-singleturn|p2a: Jirachi|Protect\n|move|p1a: Darkness|Dark Pulse|p2a: Jirachi\n|-activate|p2a: Jirachi|move: Protect\n|\n|-heal|p2a: Jirachi|100\/100|[from] item: Leftovers\n|upkeep\n|turn|7\n|\n|t:|1700373072\n|move|p1a: Darkness|Surf|p2a: Jirachi\n|-damage|p2a: Jirachi|66\/100\n|move|p2a: Jirachi|Wish|p2a: Jirachi\n|\n|-heal|p2a: Jirachi|72\/100|[from] item: Leftovers\n|upkeep\n|turn|8\n|\n|t:|1700373081\n|switch|p2a: Volcanion|Volcanion|100\/100\n|move|p1a: Darkness|Surf|p2a: Volcanion\n|-immune|p2a: Volcanion|[from] ability: Water Absorb\n|\n|-sideend|p1: Water thing?|Reflect\n|upkeep\n|turn|9\n|\n|t:|1700373089\n|move|p1a: Darkness|Dark Pulse|p2a: Volcanion\n|-damage|p2a: Volcanion|62\/100\n|move|p2a: Volcanion|Steam Eruption|p1a: Darkness\n|-resisted|p1a: Darkness\n|-damage|p1a: Darkness|48\/100\n|\n|-heal|p2a: Volcanion|68\/100|[from] item: Leftovers\n|-sideend|p1: Water thing?|move: Light Screen\n|upkeep\n|turn|10\n|\n|t:|1700373097\n|move|p1a: Darkness|Dark Pulse|p2a: Volcanion\n|-damage|p2a: Volcanion|32\/100\n|move|p2a: Volcanion|Steam Eruption|p1a: Darkness\n|-resisted|p1a: Darkness\n|-damage|p1a: Darkness|2\/100\n|\n|-heal|p2a: Volcanion|38\/100|[from] item: Leftovers\n|upkeep\n|turn|11\n|\n|t:|1700373104\n|move|p1a: Darkness|Dark Pulse|p2a: Volcanion\n|-damage|p2a: Volcanion|0 fnt\n|faint|p2a: Volcanion\n|-ability|p1a: Darkness|Battle Bond|boost\n|-boost|p1a: Darkness|atk|1\n|-boost|p1a: Darkness|spa|1\n|-boost|p1a: Darkness|spe|1\n|-activate|p1a: Darkness|ability: Battle Bond\n|\n|upkeep\n|\n|t:|1700373111\n|switch|p2a: Marshadow|Marshadow|100\/100\n|turn|12\n|\n|t:|1700373114\n|move|p1a: Darkness|Water Shuriken|p2a: Marshadow\n|-damage|p2a: Marshadow|89\/100\n|-damage|p2a: Marshadow|78\/100\n|-hitcount|p2a: Marshadow|2\n|move|p2a: Marshadow|Shadow Sneak|p1a: Darkness\n|-resisted|p1a: Darkness\n|-damage|p1a: Darkness|0 fnt\n|faint|p1a: Darkness\n|-damage|p2a: Marshadow|68\/100|[from] item: Life Orb\n|\n|upkeep\n|\n|t:|1700373122\n|switch|p1a: Smash|Lopunny, F, shiny|100\/100\n|turn|13\n|\n|t:|1700373126\n|detailschange|p1a: Smash|Lopunny-Mega, F, shiny\n|-mega|p1a: Smash|Lopunny|Lopunnite\n|move|p1a: Smash|Fake Out|p2a: Marshadow\n|-damage|p2a: Marshadow|38\/100\n|cant|p2a: Marshadow|flinch\n|\n|upkeep\n|turn|14\n|\n|t:|1700373133\n|move|p1a: Smash|Quick Attack|p2a: Marshadow\n|-damage|p2a: Marshadow|10\/100\n|move|p2a: Marshadow|Drain Punch|p1a: Smash\n|-supereffective|p1a: Smash\n|-damage|p1a: Smash|0 fnt\n|-heal|p2a: Marshadow|53\/100|[from] drain|[of] p1a: Smash\n|faint|p1a: Smash\n|-damage|p2a: Marshadow|43\/100|[from] item: Life Orb\n|\n|upkeep\n|\n|t:|1700373146\n|switch|p1a: Cuddles|Marshadow|100\/100\n|turn|15\n|\n|t:|1700373150\n|switch|p2a: Yveltal|Yveltal|100\/100\n|-ability|p2a: Yveltal|Dark Aura\n|move|p1a: Cuddles|Shadow Sneak|p2a: Yveltal\n|-resisted|p2a: Yveltal\n|-crit|p2a: Yveltal\n|-damage|p2a: Yveltal|84\/100\n|\n|upkeep\n|turn|16\n|\n|t:|1700373157\n|move|p1a: Cuddles|Drain Punch|p2a: Yveltal\n|-damage|p2a: Yveltal|55\/100\n|move|p2a: Yveltal|Oblivion Wing|p1a: Cuddles\n|-supereffective|p1a: Cuddles\n|-enditem|p1a: Cuddles|Focus Sash\n|-damage|p1a: Cuddles|1\/100\n|-heal|p2a: Yveltal|100\/100|[from] drain|[of] p1a: Cuddles\n|-damage|p2a: Yveltal|91\/100|[from] item: Life Orb\n|\n|upkeep\n|turn|17\n|\n|t:|1700373170\n|switch|p1a: A Wall|Kyogre, shiny|100\/100\n|detailschange|p1a: A Wall|Kyogre-Primal, shiny\n|-primal|p1a: A Wall|Blue Orb\n|-weather|PrimordialSea|[from] ability: Primordial Sea|[of] p1a: A Wall\n|move|p2a: Yveltal|Oblivion Wing|p1a: A Wall\n|-damage|p1a: A Wall|69\/100\n|-heal|p2a: Yveltal|100\/100|[from] drain|[of] p1a: A Wall\n|-damage|p2a: Yveltal|91\/100|[from] item: Life Orb\n|\n|-weather|PrimordialSea|[upkeep]\n|upkeep\n|turn|18\n|\n|t:|1700373180\n|switch|p2a: Gliscor|Gliscor, F|100\/100 tox\n|move|p1a: A Wall|Ancient Power|p2a: Gliscor\n|-damage|p2a: Gliscor|56\/100 tox\n|\n|-weather|PrimordialSea|[upkeep]\n|-heal|p2a: Gliscor|68\/100 tox|[from] ability: Poison Heal\n|upkeep\n|turn|19\n|\n|t:|1700373188\n|move|p2a: Gliscor|Toxic|p1a: A Wall\n|-status|p1a: A Wall|tox\n|move|p1a: A Wall|Ice Beam|p2a: Gliscor\n|-supereffective|p2a: Gliscor\n|-damage|p2a: Gliscor|0 fnt\n|faint|p2a: Gliscor\n|\n|-weather|PrimordialSea|[upkeep]\n|-damage|p1a: A Wall|63\/100 tox|[from] psn\n|upkeep\n|\n|t:|1700373203\n|switch|p2a: Kangaskhan|Kangaskhan, F|100\/100\n|turn|20\n|\n|t:|1700373207\n|detailschange|p2a: Kangaskhan|Kangaskhan-Mega, F\n|-mega|p2a: Kangaskhan|Kangaskhan|Kangaskhanite\n|move|p2a: Kangaskhan|Fake Out|p1a: A Wall\n|-damage|p1a: A Wall|39\/100 tox\n|-damage|p1a: A Wall|33\/100 tox\n|-hitcount|p1a: A Wall|2\n|cant|p1a: A Wall|flinch\n|\n|-weather|PrimordialSea|[upkeep]\n|-damage|p1a: A Wall|21\/100 tox|[from] psn\n|upkeep\n|turn|21\n|\n|t:|1700373219\n|move|p2a: Kangaskhan|Power-Up Punch|p1a: A Wall\n|-damage|p1a: A Wall|5\/100 tox\n|-boost|p2a: Kangaskhan|atk|1\n|-damage|p1a: A Wall|0 fnt\n|-boost|p2a: Kangaskhan|atk|1\n|faint|p1a: A Wall\n|-weather|none\n|-hitcount|p1: A Wall|2\n|\n|upkeep\n|\n|t:|1700373236\n|switch|p1a: Screens|Tapu Koko, shiny|94\/100 tox\n|-fieldstart|move: Electric Terrain|[from] ability: Electric Surge|[of] p1a: Screens\n|turn|22\n|\n|t:|1700373246\n|move|p1a: Screens|Reflect|p1a: Screens\n|-sidestart|p1: Water thing?|Reflect\n|move|p2a: Kangaskhan|Earthquake|p1a: Screens\n|-supereffective|p1a: Screens\n|-crit|p1a: Screens\n|-damage|p1a: Screens|0 fnt\n|faint|p1a: Screens\n|-hitcount|p1: Screens|1\n|\n|upkeep\n|\n|t:|1700373251\n|switch|p1a: Sub To MandJTV|Gliscor, M, shiny|100\/100\n|turn|23\n|\n|t:|1700373255\n|move|p1a: Sub To MandJTV|Swords Dance|p1a: Sub To MandJTV\n|-boost|p1a: Sub To MandJTV|atk|2\n|move|p2a: Kangaskhan|Return|p1a: Sub To MandJTV\n|-damage|p1a: Sub To MandJTV|50\/100\n|-damage|p1a: Sub To MandJTV|37\/100\n|-hitcount|p1a: Sub To MandJTV|2\n|\n|-status|p1a: Sub To MandJTV|tox|[from] item: Toxic Orb\n|upkeep\n|turn|24\n|\n|t:|1700373264\n|move|p1a: Sub To MandJTV|Dual Wingbeat|p2a: Kangaskhan\n|-damage|p2a: Kangaskhan|65\/100\n|-damage|p2a: Kangaskhan|32\/100\n|-hitcount|p2a: Kangaskhan|2\n|move|p2a: Kangaskhan|Return|p1a: Sub To MandJTV\n|-damage|p1a: Sub To MandJTV|0 fnt\n|faint|p1a: Sub To MandJTV\n|-hitcount|p1: Sub To MandJTV|1\n|\n|upkeep\n|\n|t:|1700373273\n|switch|p1a: Cuddles|Marshadow|1\/100\n|turn|25\n|\n|t:|1700373281\n|move|p1a: Cuddles|Knock Off|p2a: Kangaskhan\n|-damage|p2a: Kangaskhan|10\/100\n|move|p2a: Kangaskhan|Earthquake|p1a: Cuddles\n|-damage|p1a: Cuddles|0 fnt\n|faint|p1a: Cuddles\n|-hitcount|p1: Cuddles|1\n|\n|win|FORTNITEFELIXXD\n|raw|Water thing?'s rating: 1299 &rarr; <strong>1279<\/strong><br \/>(-20 for losing)\n|raw|FORTNITEFELIXXD's rating: 1368 &rarr; <strong>1384<\/strong><br \/>(+16 for winning)\n|c|\u2606FORTNITEFELIXXD|gg\n|c|\u2606FORTNITEFELIXXD|wp\n|l|\u2606Water thing?\n","uploadtime":1700373290,"views":29,"p1id":"waterthing","p2id":"fortnitefelixxd","formatid":"gen9nationaldexubers","rating":1279,"private":0,"password":""}