{"id":"gen9nationaldexubers-1983333097","p1":"piritai","p2":"CRYO-M0DE\u2744\ufe0f","format":"[Gen 9] National Dex Ubers","log":"|j|\u2606piritai\n|j|\u2606CRYO-M0DE\u2744\ufe0f\n|t:|1699119185\n|gametype|singles\n|player|p1|piritai|lucas|1074\n|player|p2|CRYO-M0DE\u2744\ufe0f|melony|1149\n|teamsize|p1|6\n|teamsize|p2|6\n|gen|9\n|tier|[Gen 9] National Dex Ubers\n|rated|\n|rule|HP Percentage Mod: HP is shown in percentages\n|rule|Endless Battle Clause: Forcing endless battles is banned\n|rule|OHKO Clause: OHKO moves are banned\n|rule|Evasion Moves Clause: Evasion moves are banned\n|rule|Evasion Items Clause: Evasion items are banned\n|rule|Species Clause: Limit one of each Pok\u00e9mon\n|rule|Sleep Clause Mod: Limit one foe put to sleep\n|rule|Mega Rayquaza Clause: You cannot mega evolve Rayquaza\n|clearpoke\n|poke|p1|Sceptile, M|\n|poke|p1|Hydreigon, F|\n|poke|p1|Golisopod, F|\n|poke|p1|Arctozolt|\n|poke|p1|Chandelure, F|\n|poke|p1|Metagross|\n|poke|p2|Aurorus, F|\n|poke|p2|Glalie, M|\n|poke|p2|Regice|\n|poke|p2|Baxcalibur, M|\n|poke|p2|Iron Bundle|\n|poke|p2|Kyurem-Black|\n|teampreview\n|\n|t:|1699119210\n|start\n|switch|p1a: Golisopod|Golisopod, F|100\/100\n|switch|p2a: \u2744\ufe0f\u2744\ufe0fBAXCALIBUR\u2744\ufe0f|Baxcalibur, M, shiny|100\/100\n|turn|1\n|\n|t:|1699119223\n|move|p1a: Golisopod|First Impression|p2a: \u2744\ufe0f\u2744\ufe0fBAXCALIBUR\u2744\ufe0f\n|-damage|p2a: \u2744\ufe0f\u2744\ufe0fBAXCALIBUR\u2744\ufe0f|50\/100\n|move|p2a: \u2744\ufe0f\u2744\ufe0fBAXCALIBUR\u2744\ufe0f|Dragon Dance|p2a: \u2744\ufe0f\u2744\ufe0fBAXCALIBUR\u2744\ufe0f\n|-boost|p2a: \u2744\ufe0f\u2744\ufe0fBAXCALIBUR\u2744\ufe0f|atk|1\n|-boost|p2a: \u2744\ufe0f\u2744\ufe0fBAXCALIBUR\u2744\ufe0f|spe|1\n|\n|upkeep\n|turn|2\n|\n|t:|1699119235\n|move|p2a: \u2744\ufe0f\u2744\ufe0fBAXCALIBUR\u2744\ufe0f|Glaive Rush|p1a: Golisopod\n|-damage|p1a: Golisopod|22\/100\n|-singlemove|p2a: \u2744\ufe0f\u2744\ufe0fBAXCALIBUR\u2744\ufe0f|Glaive Rush|[silent]\n|-activate|p1a: Golisopod|ability: Emergency Exit\n|\n|t:|1699119260\n|switch|p1a: Arctozolt|Arctozolt|100\/100\n|\n|upkeep\n|turn|3\n|\n|t:|1699119266\n|move|p2a: \u2744\ufe0f\u2744\ufe0fBAXCALIBUR\u2744\ufe0f|Glaive Rush|p1a: Arctozolt\n|-enditem|p1a: Arctozolt|Focus Sash\n|-damage|p1a: Arctozolt|1\/100\n|-singlemove|p2a: \u2744\ufe0f\u2744\ufe0fBAXCALIBUR\u2744\ufe0f|Glaive Rush|[silent]\n|move|p1a: Arctozolt|Hail|p1a: Arctozolt\n|-weather|Hail\n|\n|-weather|Hail|[upkeep]\n|-heal|p2a: \u2744\ufe0f\u2744\ufe0fBAXCALIBUR\u2744\ufe0f|56\/100|[from] ability: Ice Body\n|upkeep\n|turn|4\n|\n|t:|1699119281\n|move|p1a: Arctozolt|Ancient Power|p2a: \u2744\ufe0f\u2744\ufe0fBAXCALIBUR\u2744\ufe0f\n|-supereffective|p2a: \u2744\ufe0f\u2744\ufe0fBAXCALIBUR\u2744\ufe0f\n|-damage|p2a: \u2744\ufe0f\u2744\ufe0fBAXCALIBUR\u2744\ufe0f|0 fnt\n|faint|p2a: \u2744\ufe0f\u2744\ufe0fBAXCALIBUR\u2744\ufe0f\n|\n|-weather|Hail|[upkeep]\n|upkeep\n|\n|t:|1699119291\n|switch|p2a: \u2744\ufe0fGLALIE\u2744\ufe0f\ud83e\udd76|Glalie, M|100\/100\n|turn|5\n|\n|t:|1699119297\n|move|p2a: \u2744\ufe0fGLALIE\u2744\ufe0f\ud83e\udd76|Ice Shard|p1a: Arctozolt\n|-resisted|p1a: Arctozolt\n|-damage|p1a: Arctozolt|0 fnt\n|faint|p1a: Arctozolt\n|\n|-weather|Hail|[upkeep]\n|-ability|p2a: \u2744\ufe0fGLALIE\u2744\ufe0f\ud83e\udd76|Moody|boost\n|-boost|p2a: \u2744\ufe0fGLALIE\u2744\ufe0f\ud83e\udd76|spe|2\n|-unboost|p2a: \u2744\ufe0fGLALIE\u2744\ufe0f\ud83e\udd76|spd|1\n|upkeep\n|\n|t:|1699119305\n|switch|p1a: Golisopod|Golisopod, F|22\/100\n|turn|6\n|\n|t:|1699119313\n|move|p1a: Golisopod|First Impression|p2a: \u2744\ufe0fGLALIE\u2744\ufe0f\ud83e\udd76\n|-damage|p2a: \u2744\ufe0fGLALIE\u2744\ufe0f\ud83e\udd76|37\/100\n|move|p2a: \u2744\ufe0fGLALIE\u2744\ufe0f\ud83e\udd76|Blizzard|p1a: Golisopod\n|-resisted|p1a: Golisopod\n|-damage|p1a: Golisopod|1\/100\n|\n|-weather|Hail|[upkeep]\n|-damage|p1a: Golisopod|0 fnt|[from] Hail\n|faint|p1a: Golisopod\n|-ability|p2a: \u2744\ufe0fGLALIE\u2744\ufe0f\ud83e\udd76|Moody|boost\n|-boost|p2a: \u2744\ufe0fGLALIE\u2744\ufe0f\ud83e\udd76|spe|2\n|-unboost|p2a: \u2744\ufe0fGLALIE\u2744\ufe0f\ud83e\udd76|spa|1\n|upkeep\n|\n|t:|1699119339\n|switch|p1a: Chandelure|Chandelure, F|100\/100\n|turn|7\n|\n|t:|1699119346\n|detailschange|p2a: \u2744\ufe0fGLALIE\u2744\ufe0f\ud83e\udd76|Glalie-Mega, M\n|-mega|p2a: \u2744\ufe0fGLALIE\u2744\ufe0f\ud83e\udd76|Glalie|Glalitite\n|move|p2a: \u2744\ufe0fGLALIE\u2744\ufe0f\ud83e\udd76|Hyper Beam|p1a: Chandelure\n|-resisted|p1a: Chandelure\n|-damage|p1a: Chandelure|58\/100\n|-mustrecharge|p2a: \u2744\ufe0fGLALIE\u2744\ufe0f\ud83e\udd76\n|move|p1a: Chandelure|Trick Room|p1a: Chandelure\n|-fieldstart|move: Trick Room|[of] p1a: Chandelure\n|\n|-weather|none\n|upkeep\n|turn|8\n|\n|t:|1699119365\n|switch|p1a: Metagross|Metagross|100\/100\n|cant|p2a: \u2744\ufe0fGLALIE\u2744\ufe0f\ud83e\udd76|recharge\n|\n|upkeep\n|turn|9\n|\n|t:|1699119376\n|move|p2a: \u2744\ufe0fGLALIE\u2744\ufe0f\ud83e\udd76|Ice Shard|p1a: Metagross\n|-resisted|p1a: Metagross\n|-damage|p1a: Metagross|94\/100\n|move|p1a: Metagross|Power-Up Punch|p2a: \u2744\ufe0fGLALIE\u2744\ufe0f\ud83e\udd76\n|-supereffective|p2a: \u2744\ufe0fGLALIE\u2744\ufe0f\ud83e\udd76\n|-damage|p2a: \u2744\ufe0fGLALIE\u2744\ufe0f\ud83e\udd76|0 fnt\n|-boost|p1a: Metagross|atk|1\n|faint|p2a: \u2744\ufe0fGLALIE\u2744\ufe0f\ud83e\udd76\n|\n|upkeep\n|\n|t:|1699119385\n|switch|p2a: \u2744\ufe0fAURORUS\u2744\ufe0f|Aurorus, F, shiny|100\/100\n|-weather|Snow|[from] ability: Snow Warning|[of] p2a: \u2744\ufe0fAURORUS\u2744\ufe0f\n|turn|10\n|\n|t:|1699119395\n|move|p2a: \u2744\ufe0fAURORUS\u2744\ufe0f|Stealth Rock|p1a: Metagross\n|-sidestart|p1: piritai|move: Stealth Rock\n|move|p1a: Metagross|Power-Up Punch|p2a: \u2744\ufe0fAURORUS\u2744\ufe0f\n|-supereffective|p2a: \u2744\ufe0fAURORUS\u2744\ufe0f\n|-damage|p2a: \u2744\ufe0fAURORUS\u2744\ufe0f|36\/100\n|-boost|p1a: Metagross|atk|1\n|\n|-weather|Snow|[upkeep]\n|upkeep\n|turn|11\n|\n|t:|1699119404\n|move|p2a: \u2744\ufe0fAURORUS\u2744\ufe0f|Blizzard|p1a: Metagross\n|-resisted|p1a: Metagross\n|-damage|p1a: Metagross|61\/100\n|move|p1a: Metagross|Power-Up Punch|p2a: \u2744\ufe0fAURORUS\u2744\ufe0f\n|-supereffective|p2a: \u2744\ufe0fAURORUS\u2744\ufe0f\n|-damage|p2a: \u2744\ufe0fAURORUS\u2744\ufe0f|0 fnt\n|-boost|p1a: Metagross|atk|1\n|faint|p2a: \u2744\ufe0fAURORUS\u2744\ufe0f\n|\n|-weather|Snow|[upkeep]\n|-fieldend|move: Trick Room\n|upkeep\n|\n|t:|1699119417\n|switch|p2a: \u2744\ufe0fCRYO BUNDLE\u2744\ufe0f|Iron Bundle, shiny|100\/100\n|-enditem|p2a: \u2744\ufe0fCRYO BUNDLE\u2744\ufe0f|Booster Energy\n|-activate|p2a: \u2744\ufe0fCRYO BUNDLE\u2744\ufe0f|ability: Quark Drive|[fromitem]\n|-start|p2a: \u2744\ufe0fCRYO BUNDLE\u2744\ufe0f|quarkdrivespa\n|turn|12\n|\n|t:|1699119424\n|-terastallize|p2a: \u2744\ufe0fCRYO BUNDLE\u2744\ufe0f|Ice\n|move|p1a: Metagross|Power-Up Punch|p2a: \u2744\ufe0fCRYO BUNDLE\u2744\ufe0f\n|-supereffective|p2a: \u2744\ufe0fCRYO BUNDLE\u2744\ufe0f\n|-damage|p2a: \u2744\ufe0fCRYO BUNDLE\u2744\ufe0f|40\/100\n|-boost|p1a: Metagross|atk|1\n|move|p2a: \u2744\ufe0fCRYO BUNDLE\u2744\ufe0f|Blizzard|p1a: Metagross\n|-resisted|p1a: Metagross\n|-damage|p1a: Metagross|0 fnt\n|faint|p1a: Metagross\n|\n|-weather|Snow|[upkeep]\n|upkeep\n|\n|t:|1699119437\n|switch|p1a: Chandelure|Chandelure, F|58\/100\n|-damage|p1a: Chandelure|33\/100|[from] Stealth Rock\n|turn|13\n|\n|t:|1699119442\n|move|p1a: Chandelure|Fire Blast|p2a: \u2744\ufe0fCRYO BUNDLE\u2744\ufe0f\n|-supereffective|p2a: \u2744\ufe0fCRYO BUNDLE\u2744\ufe0f\n|-damage|p2a: \u2744\ufe0fCRYO BUNDLE\u2744\ufe0f|0 fnt\n|faint|p2a: \u2744\ufe0fCRYO BUNDLE\u2744\ufe0f\n|-end|p2a: \u2744\ufe0fCRYO BUNDLE\u2744\ufe0f|Quark Drive|[silent]\n|\n|-weather|Snow|[upkeep]\n|upkeep\n|\n|t:|1699119452\n|switch|p2a: \ud83e\udd76\u2744\ufe0f\u2744\ufe0fKYUREM\u2744\ufe0f\u2744\ufe0f\ud83e\udd76|Kyurem-Black|100\/100\n|-ability|p2a: \ud83e\udd76\u2744\ufe0f\u2744\ufe0fKYUREM\u2744\ufe0f\u2744\ufe0f\ud83e\udd76|Teravolt\n|turn|14\n|\n|t:|1699119458\n|move|p1a: Chandelure|Fire Blast|p2a: \ud83e\udd76\u2744\ufe0f\u2744\ufe0fKYUREM\u2744\ufe0f\u2744\ufe0f\ud83e\udd76\n|-damage|p2a: \ud83e\udd76\u2744\ufe0f\u2744\ufe0fKYUREM\u2744\ufe0f\u2744\ufe0f\ud83e\udd76|46\/100\n|move|p2a: \ud83e\udd76\u2744\ufe0f\u2744\ufe0fKYUREM\u2744\ufe0f\u2744\ufe0f\ud83e\udd76|Blizzard|p1a: Chandelure\n|-resisted|p1a: Chandelure\n|-damage|p1a: Chandelure|0 fnt\n|faint|p1a: Chandelure\n|\n|-weather|Snow|[upkeep]\n|upkeep\n|\n|t:|1699119469\n|switch|p1a: Sceptile|Sceptile, M, shiny|100\/100\n|-damage|p1a: Sceptile|88\/100|[from] Stealth Rock\n|turn|15\n|\n|t:|1699119478\n|move|p1a: Sceptile|Dragon Pulse|p2a: \ud83e\udd76\u2744\ufe0f\u2744\ufe0fKYUREM\u2744\ufe0f\u2744\ufe0f\ud83e\udd76\n|-supereffective|p2a: \ud83e\udd76\u2744\ufe0f\u2744\ufe0fKYUREM\u2744\ufe0f\u2744\ufe0f\ud83e\udd76\n|-damage|p2a: \ud83e\udd76\u2744\ufe0f\u2744\ufe0fKYUREM\u2744\ufe0f\u2744\ufe0f\ud83e\udd76|0 fnt\n|faint|p2a: \ud83e\udd76\u2744\ufe0f\u2744\ufe0fKYUREM\u2744\ufe0f\u2744\ufe0f\ud83e\udd76\n|\n|-weather|Snow|[upkeep]\n|upkeep\n|\n|t:|1699119485\n|switch|p2a: \u2744\ufe0f\u2744\ufe0fREGICE\u2744\ufe0f\u2744\ufe0f|Regice, shiny|100\/100\n|turn|16\n|\n|t:|1699119490\n|move|p1a: Sceptile|Solar Beam||[still]\n|-prepare|p1a: Sceptile|Solar Beam\n|-enditem|p1a: Sceptile|Power Herb\n|-anim|p1a: Sceptile|Solar Beam|p2a: \u2744\ufe0f\u2744\ufe0fREGICE\u2744\ufe0f\u2744\ufe0f\n|-damage|p2a: \u2744\ufe0f\u2744\ufe0fREGICE\u2744\ufe0f\u2744\ufe0f|86\/100\n|move|p2a: \u2744\ufe0f\u2744\ufe0fREGICE\u2744\ufe0f\u2744\ufe0f|Blizzard|p1a: Sceptile\n|-supereffective|p1a: Sceptile\n|-damage|p1a: Sceptile|0 fnt\n|faint|p1a: Sceptile\n|\n|-weather|Snow|[upkeep]\n|-heal|p2a: \u2744\ufe0f\u2744\ufe0fREGICE\u2744\ufe0f\u2744\ufe0f|92\/100|[from] ability: Ice Body\n|upkeep\n|\n|t:|1699119500\n|switch|p1a: Hydreigon|Hydreigon, F|100\/100\n|-damage|p1a: Hydreigon|88\/100|[from] Stealth Rock\n|turn|17\n|\n|t:|1699119509\n|move|p1a: Hydreigon|Dark Pulse|p2a: \u2744\ufe0f\u2744\ufe0fREGICE\u2744\ufe0f\u2744\ufe0f\n|-crit|p2a: \u2744\ufe0f\u2744\ufe0fREGICE\u2744\ufe0f\u2744\ufe0f\n|-damage|p2a: \u2744\ufe0f\u2744\ufe0fREGICE\u2744\ufe0f\u2744\ufe0f|39\/100\n|move|p2a: \u2744\ufe0f\u2744\ufe0fREGICE\u2744\ufe0f\u2744\ufe0f|Blizzard|p1a: Hydreigon\n|-supereffective|p1a: Hydreigon\n|-damage|p1a: Hydreigon|0 fnt\n|faint|p1a: Hydreigon\n|\n|win|CRYO-M0DE\u2744\ufe0f\n|raw|piritai's rating: 1074 &rarr; <strong>1057<\/strong><br \/>(-17 for losing)\n|raw|CRYO-M0DE\u2744\ufe0f's rating: 1149 &rarr; <strong>1169<\/strong><br \/>(+20 for winning)\n|l|\u2606piritai\n","uploadtime":1699119707,"views":6,"p1id":"piritai","p2id":"cryom0de","formatid":"gen9nationaldexubers","rating":1057,"private":0,"password":""}