{"id":"gen9nationaldexubers-1994057537","p1":"1 em trach thu","p2":"Narekh","format":"[Gen 9] National Dex Ubers","log":"|j|\u26061 em trach thu\n|j|\u2606Narekh\n|t:|1700401064\n|gametype|singles\n|player|p1|1 em trach thu|266|1589\n|player|p2|Narekh|hiker-gen4|1645\n|teamsize|p1|6\n|teamsize|p2|6\n|gen|9\n|tier|[Gen 9] National Dex Ubers\n|rated|\n|rule|HP Percentage Mod: HP is shown in percentages\n|rule|Endless Battle Clause: Forcing endless battles is banned\n|rule|OHKO Clause: OHKO moves are banned\n|rule|Evasion Moves Clause: Evasion moves are banned\n|rule|Evasion Items Clause: Evasion items are banned\n|rule|Species Clause: Limit one of each Pok\u00e9mon\n|rule|Sleep Clause Mod: Limit one foe put to sleep\n|rule|Mega Rayquaza Clause: You cannot mega evolve Rayquaza\n|clearpoke\n|poke|p1|Ceruledge, M|\n|poke|p1|Yveltal|\n|poke|p1|Xerneas-*|\n|poke|p1|Deoxys-Attack|\n|poke|p1|Landorus, M|\n|poke|p1|Banette, F|\n|poke|p2|Zacian-*|\n|poke|p2|Groudon|\n|poke|p2|Necrozma-Dusk-Mane|\n|poke|p2|Arceus|\n|poke|p2|Kyogre|\n|poke|p2|Marshadow|\n|teampreview\n|inactive|Battle timer is ON: inactive players will automatically lose when time's up. (requested by Narekh)\n|inactive|1 em trach thu has 120 seconds left.\n|\n|t:|1700401102\n|start\n|switch|p1a: Deoxys|Deoxys-Attack|100\/100\n|switch|p2a: Groudon|Groudon|100\/100\n|-ability|p1a: Deoxys|Pressure\n|detailschange|p2a: Groudon|Groudon-Primal\n|-primal|p2a: Groudon|Red Orb\n|-weather|DesolateLand|[from] ability: Desolate Land|[of] p2a: Groudon\n|turn|1\n|\n|t:|1700401112\n|move|p1a: Deoxys|Psycho Boost|p2a: Groudon\n|-damage|p2a: Groudon|12\/100\n|-unboost|p1a: Deoxys|spa|2\n|move|p2a: Groudon|Heat Crash|p1a: Deoxys\n|-enditem|p1a: Deoxys|Focus Sash\n|-damage|p1a: Deoxys|1\/100\n|\n|-weather|DesolateLand|[upkeep]\n|upkeep\n|turn|2\n|\n|t:|1700401123\n|move|p1a: Deoxys|Extreme Speed|p2a: Groudon\n|-damage|p2a: Groudon|0 fnt\n|faint|p2a: Groudon\n|-weather|none\n|\n|upkeep\n|\n|t:|1700401130\n|switch|p2a: Arceus|Arceus|100\/100\n|turn|3\n|\n|t:|1700401135\n|switch|p1a: Banette|Banette, F|100\/100\n|-item|p2a: Arceus|Leftovers|[from] ability: Frisk|[of] p1a: Banette|[identify]\n|move|p2a: Arceus|Extreme Speed|p1a: Banette\n|-immune|p1a: Banette\n|\n|upkeep\n|turn|4\n|\n|t:|1700401149\n|detailschange|p1a: Banette|Banette-Mega, F\n|-mega|p1a: Banette|Banette|Banettite\n|move|p2a: Arceus|Toxic|p1a: Banette\n|-status|p1a: Banette|tox\n|move|p1a: Banette|Knock Off|p2a: Arceus\n|-damage|p2a: Arceus|79\/100\n|-enditem|p2a: Arceus|Leftovers|[from] move: Knock Off|[of] p1a: Banette\n|\n|-damage|p1a: Banette|95\/100 tox|[from] psn\n|upkeep\n|turn|5\n|\n|t:|1700401163\n|switch|p2a: Marshadow|Marshadow|100\/100\n|move|p1a: Banette|Encore||[still]\n|-fail|p1a: Banette\n|\n|-damage|p1a: Banette|83\/100 tox|[from] psn\n|upkeep\n|turn|6\n|\n|t:|1700401175\n|move|p1a: Banette|Destiny Bond|p1a: Banette\n|-singlemove|p1a: Banette|Destiny Bond\n|move|p2a: Marshadow|Knock Off|p1a: Banette\n|-supereffective|p1a: Banette\n|-damage|p1a: Banette|31\/100 tox\n|\n|-damage|p1a: Banette|13\/100 tox|[from] psn\n|upkeep\n|turn|7\n|\n|t:|1700401188\n|switch|p2a: Arceus|Arceus|79\/100\n|switch|p1a: Yveltal|Yveltal|100\/100\n|-ability|p1a: Yveltal|Dark Aura\n|\n|upkeep\n|turn|8\n|\n|t:|1700401206\n|move|p1a: Yveltal|Dark Pulse|p2a: Arceus\n|-damage|p2a: Arceus|39\/100\n|move|p2a: Arceus|Toxic|p1a: Yveltal\n|-status|p1a: Yveltal|tox\n|\n|-damage|p1a: Yveltal|94\/100 tox|[from] psn\n|upkeep\n|turn|9\n|\n|t:|1700401215\n|move|p1a: Yveltal|Dark Pulse|p2a: Arceus\n|-damage|p2a: Arceus|3\/100\n|cant|p2a: Arceus|flinch\n|\n|-damage|p1a: Yveltal|82\/100 tox|[from] psn\n|upkeep\n|turn|10\n|\n|t:|1700401223\n|move|p2a: Arceus|Extreme Speed|p1a: Yveltal\n|-damage|p1a: Yveltal|52\/100 tox\n|move|p1a: Yveltal|Dark Pulse|p2a: Arceus\n|-damage|p2a: Arceus|0 fnt\n|faint|p2a: Arceus\n|\n|-damage|p1a: Yveltal|34\/100 tox|[from] psn\n|upkeep\n|\n|t:|1700401237\n|switch|p2a: Zacian|Zacian-Crowned|100\/100\n|-ability|p2a: Zacian|Intrepid Sword|boost\n|-boost|p2a: Zacian|atk|1\n|turn|11\n|\n|t:|1700401244\n|move|p2a: Zacian|Behemoth Blade|p1a: Yveltal\n|-damage|p1a: Yveltal|0 fnt\n|faint|p1a: Yveltal\n|\n|upkeep\n|\n|t:|1700401251\n|switch|p1a: Banette|Banette-Mega, F|13\/100 tox\n|turn|12\n|\n|t:|1700401255\n|switch|p2a: Marshadow|Marshadow|100\/100\n|move|p1a: Banette|Destiny Bond|p1a: Banette\n|-singlemove|p1a: Banette|Destiny Bond\n|\n|-damage|p1a: Banette|7\/100 tox|[from] psn\n|upkeep\n|turn|13\n|\n|t:|1700401276\n|switch|p2a: Zacian|Zacian-Crowned|100\/100\n|move|p1a: Banette|Knock Off|p2a: Zacian\n|-resisted|p2a: Zacian\n|-damage|p2a: Zacian|87\/100\n|\n|-damage|p1a: Banette|0 fnt|[from] psn\n|faint|p1a: Banette\n|upkeep\n|\n|t:|1700401286\n|switch|p1a: Landorus|Landorus, M|100\/100\n|turn|14\n|\n|t:|1700401291\n|-terastallize|p2a: Zacian|Fairy\n|move|p2a: Zacian|Play Rough|p1a: Landorus\n|-damage|p1a: Landorus|26\/100\n|move|p1a: Landorus|Earth Power|p2a: Zacian\n|-damage|p2a: Zacian|21\/100\n|\n|upkeep\n|turn|15\n|\n|t:|1700401301\n|move|p2a: Zacian|Behemoth Blade|p1a: Landorus\n|-damage|p1a: Landorus|0 fnt\n|faint|p1a: Landorus\n|\n|upkeep\n|\n|t:|1700401324\n|switch|p1a: Deoxys|Deoxys-Attack|1\/100\n|-ability|p1a: Deoxys|Pressure\n|turn|16\n|\n|t:|1700401329\n|move|p1a: Deoxys|Extreme Speed|p2a: Zacian\n|-damage|p2a: Zacian|0 fnt\n|faint|p2a: Zacian\n|\n|upkeep\n|\n|t:|1700401335\n|switch|p2a: Marshadow|Marshadow|100\/100\n|turn|17\n|\n|t:|1700401340\n|move|p2a: Marshadow|Shadow Sneak|p1a: Deoxys\n|-supereffective|p1a: Deoxys\n|-damage|p1a: Deoxys|0 fnt\n|faint|p1a: Deoxys\n|\n|upkeep\n|\n|t:|1700401349\n|switch|p1a: Ceruledge|Ceruledge, M|100\/100\n|turn|18\n|\n|t:|1700401363\n|move|p2a: Marshadow|Spectral Thief|p1a: Ceruledge\n|-supereffective|p1a: Ceruledge\n|-enditem|p1a: Ceruledge|Focus Sash\n|-damage|p1a: Ceruledge|1\/100\n|-ability|p1a: Ceruledge|Weak Armor|boost\n|-unboost|p1a: Ceruledge|def|1\n|-boost|p1a: Ceruledge|spe|2\n|move|p1a: Ceruledge|Bitter Blade|p2a: Marshadow\n|-damage|p2a: Marshadow|35\/100\n|-heal|p1a: Ceruledge|37\/100|[from] drain|[of] p2a: Marshadow\n|\n|upkeep\n|turn|19\n|\n|t:|1700401377\n|move|p1a: Ceruledge|Shadow Sneak|p2a: Marshadow\n|-supereffective|p2a: Marshadow\n|-damage|p2a: Marshadow|0 fnt\n|faint|p2a: Marshadow\n|\n|upkeep\n|\n|t:|1700401382\n|switch|p2a: Kyogre|Kyogre|100\/100\n|detailschange|p2a: Kyogre|Kyogre-Primal\n|-primal|p2a: Kyogre|Blue Orb\n|-weather|PrimordialSea|[from] ability: Primordial Sea|[of] p2a: Kyogre\n|turn|20\n|\n|t:|1700401388\n|move|p1a: Ceruledge|Close Combat|p2a: Kyogre\n|-damage|p2a: Kyogre|53\/100\n|-unboost|p1a: Ceruledge|def|1\n|-unboost|p1a: Ceruledge|spd|1\n|move|p2a: Kyogre|Thunder|p1a: Ceruledge\n|-damage|p1a: Ceruledge|0 fnt\n|faint|p1a: Ceruledge\n|\n|-weather|PrimordialSea|[upkeep]\n|upkeep\n|\n|t:|1700401398\n|switch|p1a: Xerneas|Xerneas|100\/100\n|-ability|p1a: Xerneas|Fairy Aura\n|turn|21\n|\n|t:|1700401405\n|move|p2a: Kyogre|Origin Pulse|p1a: Xerneas\n|-crit|p1a: Xerneas\n|-damage|p1a: Xerneas|0 fnt\n|faint|p1a: Xerneas\n|\n|win|Narekh\n|raw|1 em trach thu's rating: 1589 &rarr; <strong>1572<\/strong><br \/>(-17 for losing)\n|raw|Narekh's rating: 1645 &rarr; <strong>1662<\/strong><br \/>(+17 for winning)\n|l|\u26061 em trach thu\n|l|\u2606Narekh\n","uploadtime":1700401418,"views":4,"p1id":"1emtrachthu","p2id":"narekh","formatid":"gen9nationaldexubers","rating":1572,"private":0,"password":""}