{"id":"gen9nationaldexubers-2000076833","p1":"Th3Soci3ty","p2":"Souichiro Kamui","format":"[Gen 9] National Dex Ubers","log":"|j|\u2606Th3Soci3ty\n|j|\u2606Souichiro Kamui\n|t:|1701150446\n|gametype|singles\n|player|p1|Th3Soci3ty|veteranf|1135\n|player|p2|Souichiro Kamui|169|1040\n|teamsize|p1|6\n|teamsize|p2|6\n|gen|9\n|tier|[Gen 9] National Dex Ubers\n|rated|\n|rule|HP Percentage Mod: HP is shown in percentages\n|rule|Endless Battle Clause: Forcing endless battles is banned\n|rule|OHKO Clause: OHKO moves are banned\n|rule|Evasion Moves Clause: Evasion moves are banned\n|rule|Evasion Items Clause: Evasion items are banned\n|rule|Species Clause: Limit one of each Pok\u00e9mon\n|rule|Sleep Clause Mod: Limit one foe put to sleep\n|rule|Mega Rayquaza Clause: You cannot mega evolve Rayquaza\n|clearpoke\n|poke|p1|Glimmora, M|\n|poke|p1|Sneasler, F|\n|poke|p1|Dusclops, F|\n|poke|p1|Garganacl, M|\n|poke|p1|Noivern, M|\n|poke|p1|Mamoswine, F|\n|poke|p2|Ninetales-Alola, M|\n|poke|p2|Abomasnow, M|\n|poke|p2|Magearna-Original|\n|poke|p2|Kyurem-White|\n|poke|p2|Baxcalibur, F|\n|poke|p2|Calyrex-Ice|\n|teampreview\n|\n|t:|1701150454\n|start\n|switch|p1a: Glimmora|Glimmora, M|100\/100\n|switch|p2a: Abomasnow|Abomasnow, M|100\/100\n|-weather|Snow|[from] ability: Snow Warning|[of] p2a: Abomasnow\n|turn|1\n|inactive|Battle timer is ON: inactive players will automatically lose when time's up. (requested by Souichiro Kamui)\n|\n|t:|1701150467\n|detailschange|p2a: Abomasnow|Abomasnow-Mega, M\n|-mega|p2a: Abomasnow|Abomasnow|Abomasite\n|move|p1a: Glimmora|Stealth Rock|p2a: Abomasnow\n|-sidestart|p2: Souichiro Kamui|move: Stealth Rock\n|move|p2a: Abomasnow|Blizzard|p1a: Glimmora\n|-damage|p1a: Glimmora|42\/100\n|-status|p1a: Glimmora|frz\n|\n|-weather|Snow|[upkeep]\n|upkeep\n|turn|2\n|c|\u2606Th3Soci3ty|This is an Antagonist team i made\n|\n|t:|1701150478\n|cant|p1a: Glimmora|frz\n|move|p2a: Abomasnow|Blizzard|p1a: Glimmora\n|-damage|p1a: Glimmora|0 fnt\n|faint|p1a: Glimmora\n|\n|-weather|Snow|[upkeep]\n|upkeep\n|\n|t:|1701150492\n|switch|p1a: Dusclops|Dusclops, F|100\/100\n|-ability|p1a: Dusclops|Pressure\n|turn|3\n|c|\u2606Souichiro Kamui|i used pryce's team from a rom hack\n|\n|t:|1701150509\n|move|p1a: Dusclops|Power-Up Punch|p2a: Abomasnow\n|-supereffective|p2a: Abomasnow\n|-damage|p2a: Abomasnow|90\/100\n|-boost|p1a: Dusclops|atk|1\n|move|p2a: Abomasnow|Blizzard|p1a: Dusclops\n|-damage|p1a: Dusclops|67\/100\n|\n|-weather|Snow|[upkeep]\n|upkeep\n|turn|4\n|c|\u2606Th3Soci3ty|That explains the mono ice\n|\n|t:|1701150534\n|move|p1a: Dusclops|Power-Up Punch|p2a: Abomasnow\n|-supereffective|p2a: Abomasnow\n|-damage|p2a: Abomasnow|74\/100\n|-boost|p1a: Dusclops|atk|1\n|move|p2a: Abomasnow|Blizzard|p1a: Dusclops\n|-damage|p1a: Dusclops|36\/100\n|\n|-weather|Snow|[upkeep]\n|upkeep\n|turn|5\n|c|\u2606Souichiro Kamui|trying to find tems how to beat the guy\n|\n|t:|1701150558\n|move|p1a: Dusclops|Shadow Sneak|p2a: Abomasnow\n|-damage|p2a: Abomasnow|57\/100\n|move|p2a: Abomasnow|Blizzard|p1a: Dusclops\n|-damage|p1a: Dusclops|3\/100\n|\n|-weather|none\n|upkeep\n|turn|6\n|\n|t:|1701150565\n|switch|p2a: Magearna|Magearna-Original|100\/100\n|-damage|p2a: Magearna|94\/100|[from] Stealth Rock\n|move|p1a: Dusclops|Power-Up Punch|p2a: Magearna\n|-damage|p2a: Magearna|79\/100\n|-boost|p1a: Dusclops|atk|1\n|\n|upkeep\n|turn|7\n|\n|t:|1701150571\n|move|p1a: Dusclops|Shadow Sneak|p2a: Magearna\n|-damage|p2a: Magearna|50\/100\n|move|p2a: Magearna|Trick Room|p2a: Magearna\n|-fieldstart|move: Trick Room|[of] p2a: Magearna\n|\n|upkeep\n|turn|8\n|\n|t:|1701150580\n|switch|p2a: Calyrex|Calyrex-Ice|100\/100\n|-ability|p2a: Calyrex|As One\n|-ability|p2a: Calyrex|Unnerve\n|-damage|p2a: Calyrex|76\/100|[from] Stealth Rock\n|move|p1a: Dusclops|Poltergeist|p2a: Calyrex\n|-activate|p2a: Calyrex|move: Poltergeist|Assault Vest\n|-supereffective|p2a: Calyrex\n|-damage|p2a: Calyrex|0 fnt\n|faint|p2a: Calyrex\n|\n|upkeep\n|\n|t:|1701150590\n|switch|p2a: Kyurem|Kyurem-White|100\/100\n|-damage|p2a: Kyurem|76\/100|[from] Stealth Rock\n|-ability|p2a: Kyurem|Turboblaze\n|turn|9\n|\n|t:|1701150601\n|-terastallize|p2a: Kyurem|Dragon\n|move|p1a: Dusclops|Poltergeist|p2a: Kyurem\n|-activate|p2a: Kyurem|move: Poltergeist|Life Orb\n|-damage|p2a: Kyurem|0 fnt\n|faint|p2a: Kyurem\n|\n|upkeep\n|c|\u2606Th3Soci3ty|Trick room here isnt good considering dusclops is so slow\n|c|\u2606Souichiro Kamui|wait, poltergeist is phys?\n|\n|t:|1701150622\n|switch|p2a: Baxcalibur|Baxcalibur, F|100\/100\n|-damage|p2a: Baxcalibur|76\/100|[from] Stealth Rock\n|turn|10\n|c|\u2606Th3Soci3ty|Yes\n|\n|t:|1701150628\n|move|p1a: Dusclops|Poltergeist|p2a: Baxcalibur\n|-activate|p2a: Baxcalibur|move: Poltergeist|Focus Sash\n|-damage|p2a: Baxcalibur|0 fnt\n|faint|p2a: Baxcalibur\n|\n|upkeep\n|\n|t:|1701150633\n|switch|p2a: Magearna|Magearna-Original|50\/100\n|-damage|p2a: Magearna|44\/100|[from] Stealth Rock\n|turn|11\n|c|\u2606Souichiro Kamui|imma try ur team myself later XD\n|\n|t:|1701150653\n|move|p1a: Dusclops|Poltergeist|p2a: Magearna\n|-activate|p2a: Magearna|move: Poltergeist|Focus Sash\n|-damage|p2a: Magearna|0 fnt\n|faint|p2a: Magearna\n|\n|-fieldend|move: Trick Room\n|upkeep\n|\n|t:|1701150660\n|switch|p2a: Abomasnow|Abomasnow-Mega, M|57\/100\n|-damage|p2a: Abomasnow|32\/100|[from] Stealth Rock\n|-weather|Snow|[from] ability: Snow Warning|[of] p2a: Abomasnow\n|turn|12\n|c|\u2606Th3Soci3ty|This team is meant to be a minor antagonist team but its surprisingly solid\n|\n|t:|1701150674\n|move|p1a: Dusclops|Shadow Sneak|p2a: Abomasnow\n|-damage|p2a: Abomasnow|11\/100\n|move|p2a: Abomasnow|Earthquake|p1a: Dusclops\n|-damage|p1a: Dusclops|0 fnt\n|faint|p1a: Dusclops\n|\n|-weather|Snow|[upkeep]\n|upkeep\n|\n|t:|1701150678\n|switch|p1a: Sneasler|Sneasler, F|100\/100\n|turn|13\n|\n|t:|1701150686\n|move|p1a: Sneasler|Fake Out|p2a: Abomasnow\n|-damage|p2a: Abomasnow|4\/100\n|cant|p2a: Abomasnow|flinch\n|\n|-weather|Snow|[upkeep]\n|upkeep\n|turn|14\n|\n|t:|1701150691\n|move|p1a: Sneasler|Dire Claw|p2a: Abomasnow\n|-supereffective|p2a: Abomasnow\n|-damage|p2a: Abomasnow|0 fnt\n|faint|p2a: Abomasnow\n|\n|-weather|Snow|[upkeep]\n|upkeep\n|\n|t:|1701150694\n|switch|p2a: Ninetales|Ninetales-Alola, M|100\/100\n|-damage|p2a: Ninetales|76\/100|[from] Stealth Rock\n|turn|15\n|\n|t:|1701150700\n|move|p2a: Ninetales|Aurora Veil|p2a: Ninetales\n|-sidestart|p2: Souichiro Kamui|move: Aurora Veil\n|move|p1a: Sneasler|Dire Claw|p2a: Ninetales\n|-supereffective|p2a: Ninetales\n|-damage|p2a: Ninetales|30\/100\n|-status|p2a: Ninetales|psn\n|\n|-weather|Snow|[upkeep]\n|-damage|p2a: Ninetales|18\/100 psn|[from] psn\n|upkeep\n|turn|16\n|\n|t:|1701150704\n|move|p2a: Ninetales|Ice Beam|p1a: Sneasler\n|-damage|p1a: Sneasler|44\/100\n|-damage|p2a: Ninetales|8\/100 psn|[from] item: Life Orb\n|move|p1a: Sneasler|Dire Claw|p2a: Ninetales\n|-supereffective|p2a: Ninetales\n|-damage|p2a: Ninetales|0 fnt\n|faint|p2a: Ninetales\n|\n|win|Th3Soci3ty\n|raw|Th3Soci3ty's rating: 1135 &rarr; <strong>1153<\/strong><br \/>(+18 for winning)\n|raw|Souichiro Kamui's rating: 1040 &rarr; <strong>1028<\/strong><br \/>(-12 for losing)\n|c|\u2606Th3Soci3ty|Gg\n|c|\u2606Souichiro Kamui|ggs\n|l|\u2606Souichiro Kamui\n","uploadtime":1701150714,"views":1,"p1id":"th3soci3ty","p2id":"souichirokamui","formatid":"gen9nationaldexubers","rating":1028,"private":0,"password":""}