{"id":"gen9nationaldexubers-1989803892","p1":"VerduOsane","p2":"WesHC","format":"[Gen 9] National Dex Ubers","log":"|j|\u2606VerduOsane\n|j|\u2606WesHC\n|t:|1699897101\n|gametype|singles\n|player|p1|VerduOsane|101|1185\n|player|p2|WesHC|benga|1139\n|teamsize|p1|6\n|teamsize|p2|6\n|gen|9\n|tier|[Gen 9] National Dex Ubers\n|rated|\n|rule|HP Percentage Mod: HP is shown in percentages\n|rule|Endless Battle Clause: Forcing endless battles is banned\n|rule|OHKO Clause: OHKO moves are banned\n|rule|Evasion Moves Clause: Evasion moves are banned\n|rule|Evasion Items Clause: Evasion items are banned\n|rule|Species Clause: Limit one of each Pok\u00e9mon\n|rule|Sleep Clause Mod: Limit one foe put to sleep\n|rule|Mega Rayquaza Clause: You cannot mega evolve Rayquaza\n|clearpoke\n|poke|p1|Roaring Moon|\n|poke|p1|Naganadel|\n|poke|p1|Espathra, F|\n|poke|p1|Iron Bundle|\n|poke|p1|Urshifu-*, M|\n|poke|p1|Annihilape, F|\n|poke|p2|Blaziken, M|\n|poke|p2|Volcarona, M|\n|poke|p2|Torkoal, M|\n|poke|p2|Infernape, M|\n|poke|p2|Blacephalon|\n|poke|p2|Incineroar, M|\n|teampreview\n|inactive|Battle timer is ON: inactive players will automatically lose when time's up. (requested by WesHC)\n|\n|t:|1699897121\n|start\n|switch|p1a: Annihilape|Annihilape, F|100\/100\n|switch|p2a: Torkoal|Torkoal, M|100\/100\n|-weather|SunnyDay|[from] ability: Drought|[of] p2a: Torkoal\n|turn|1\n|\n|t:|1699897130\n|move|p1a: Annihilape|Bulk Up|p1a: Annihilape\n|-boost|p1a: Annihilape|atk|1\n|-boost|p1a: Annihilape|def|1\n|move|p2a: Torkoal|Will-O-Wisp|p1a: Annihilape\n|-status|p1a: Annihilape|brn\n|\n|-weather|SunnyDay|[upkeep]\n|-damage|p1a: Annihilape|94\/100 brn|[from] brn\n|upkeep\n|turn|2\n|\n|t:|1699897134\n|move|p1a: Annihilape|Bulk Up|p1a: Annihilape\n|-boost|p1a: Annihilape|atk|1\n|-boost|p1a: Annihilape|def|1\n|move|p2a: Torkoal|Clear Smog|p1a: Annihilape\n|-resisted|p1a: Annihilape\n|-damage|p1a: Annihilape|90\/100 brn\n|-clearboost|p1a: Annihilape\n|\n|-weather|SunnyDay|[upkeep]\n|-heal|p1a: Annihilape|96\/100 brn|[from] item: Leftovers\n|-damage|p1a: Annihilape|90\/100 brn|[from] brn\n|upkeep\n|turn|3\n|\n|t:|1699897147\n|move|p1a: Annihilape|Drain Punch|p2a: Torkoal\n|-damage|p2a: Torkoal|87\/100\n|-heal|p1a: Annihilape|94\/100 brn|[from] drain|[of] p2a: Torkoal\n|move|p2a: Torkoal|Stealth Rock|p1a: Annihilape\n|-sidestart|p1: VerduOsane|move: Stealth Rock\n|\n|-weather|SunnyDay|[upkeep]\n|-heal|p1a: Annihilape|99\/100 brn|[from] item: Leftovers\n|-damage|p1a: Annihilape|94\/100 brn|[from] brn\n|upkeep\n|turn|4\n|\n|t:|1699897152\n|switch|p2a: Incineroar|Incineroar, M|100\/100\n|-ability|p2a: Incineroar|Intimidate|boost\n|-unboost|p1a: Annihilape|atk|1\n|-ability|p1a: Annihilape|Defiant|boost\n|-boost|p1a: Annihilape|atk|2\n|move|p1a: Annihilape|Bulk Up|p1a: Annihilape\n|-boost|p1a: Annihilape|atk|1\n|-boost|p1a: Annihilape|def|1\n|\n|-weather|SunnyDay|[upkeep]\n|-heal|p1a: Annihilape|99\/100 brn|[from] item: Leftovers\n|-damage|p1a: Annihilape|94\/100 brn|[from] brn\n|upkeep\n|turn|5\n|\n|t:|1699897164\n|move|p1a: Annihilape|Drain Punch|p2a: Incineroar\n|-supereffective|p2a: Incineroar\n|-damage|p2a: Incineroar|33\/100\n|-heal|p1a: Annihilape|100\/100 brn|[from] drain|[of] p2a: Incineroar\n|move|p2a: Incineroar|Flare Blitz|p1a: Annihilape\n|-damage|p1a: Annihilape|42\/100 brn\n|-damage|p2a: Incineroar|9\/100|[from] Recoil\n|\n|-weather|SunnyDay|[upkeep]\n|-heal|p1a: Annihilape|49\/100 brn|[from] item: Leftovers\n|-damage|p1a: Annihilape|42\/100 brn|[from] brn\n|upkeep\n|turn|6\n|\n|t:|1699897180\n|move|p1a: Annihilape|Drain Punch|p2a: Incineroar\n|-supereffective|p2a: Incineroar\n|-damage|p2a: Incineroar|0 fnt\n|-heal|p1a: Annihilape|46\/100 brn|[from] drain|[of] p2a: Incineroar\n|faint|p2a: Incineroar\n|\n|-weather|SunnyDay|[upkeep]\n|-heal|p1a: Annihilape|52\/100 brn|[from] item: Leftovers\n|-damage|p1a: Annihilape|46\/100 brn|[from] brn\n|upkeep\n|l|\u2606VerduOsane\n|inactive|VerduOsane disconnected and has a minute to reconnect!\n|player|p1|\n|\n|t:|1699897185\n|switch|p2a: Blacephalon|Blacephalon|100\/100\n|turn|7\n|inactive|VerduOsane has 30 seconds to reconnect!\n|inactive|VerduOsane has 20 seconds to reconnect!\n|inactive|VerduOsane has 15 seconds to reconnect!\n|j|\u2606VerduOsane\n|inactive|VerduOsane reconnected and has 105 seconds left.\n|player|p1|VerduOsane|101\n|\n|t:|1699897241\n|move|p2a: Blacephalon|Shadow Ball|p1a: Annihilape\n|-supereffective|p1a: Annihilape\n|-damage|p1a: Annihilape|0 fnt\n|faint|p1a: Annihilape\n|-ability|p2a: Blacephalon|Beast Boost|boost\n|-boost|p2a: Blacephalon|spa|1\n|\n|-weather|SunnyDay|[upkeep]\n|upkeep\n|\n|t:|1699897246\n|switch|p1a: Roaring Moon|Roaring Moon|100\/100\n|-damage|p1a: Roaring Moon|88\/100|[from] Stealth Rock\n|-activate|p1a: Roaring Moon|ability: Protosynthesis\n|-start|p1a: Roaring Moon|protosynthesisatk\n|turn|8\n|inactive|WesHC has 120 seconds left.\n|l|\u2606VerduOsane\n|inactive|VerduOsane disconnected and has a minute to reconnect!\n|player|p1|\n|j|\u2606VerduOsane\n|inactive|VerduOsane reconnected.\n|player|p1|VerduOsane|101\n|\n|t:|1699897301\n|switch|p2a: Infernape|Infernape, M|100\/100\n|move|p1a: Roaring Moon|Dragon Dance|p1a: Roaring Moon\n|-boost|p1a: Roaring Moon|atk|1\n|-boost|p1a: Roaring Moon|spe|1\n|\n|-weather|none\n|-end|p1a: Roaring Moon|Protosynthesis\n|upkeep\n|-enditem|p1a: Roaring Moon|Booster Energy\n|-activate|p1a: Roaring Moon|ability: Protosynthesis|[fromitem]\n|-start|p1a: Roaring Moon|protosynthesisatk\n|turn|9\n|\n|t:|1699897328\n|-terastallize|p1a: Roaring Moon|Flying\n|move|p2a: Infernape|Mach Punch|p1a: Roaring Moon\n|-resisted|p1a: Roaring Moon\n|-damage|p1a: Roaring Moon|71\/100\n|-damage|p2a: Infernape|91\/100|[from] item: Life Orb\n|move|p1a: Roaring Moon|Acrobatics|p2a: Infernape\n|-supereffective|p2a: Infernape\n|-crit|p2a: Infernape\n|-damage|p2a: Infernape|0 fnt\n|faint|p2a: Infernape\n|\n|upkeep\n|inactive|WesHC has 90 seconds left.\n|\n|t:|1699897372\n|switch|p2a: Torkoal|Torkoal, M|87\/100\n|-weather|SunnyDay|[from] ability: Drought|[of] p2a: Torkoal\n|turn|10\n|\n|t:|1699897384\n|move|p1a: Roaring Moon|Acrobatics|p2a: Torkoal\n|-damage|p2a: Torkoal|7\/100\n|move|p2a: Torkoal|Clear Smog|p1a: Roaring Moon\n|-damage|p1a: Roaring Moon|61\/100\n|-clearboost|p1a: Roaring Moon\n|\n|-weather|SunnyDay|[upkeep]\n|upkeep\n|turn|11\n|\n|t:|1699897392\n|move|p1a: Roaring Moon|Knock Off|p2a: Torkoal\n|-damage|p2a: Torkoal|0 fnt\n|-enditem|p2a: Torkoal|Heat Rock|[from] move: Knock Off|[of] p1a: Roaring Moon\n|faint|p2a: Torkoal\n|\n|-weather|SunnyDay|[upkeep]\n|upkeep\n|\n|t:|1699897398\n|switch|p2a: Blacephalon|Blacephalon|100\/100\n|turn|12\n|\n|t:|1699897401\n|move|p2a: Blacephalon|Shadow Ball|p1a: Roaring Moon\n|-damage|p1a: Roaring Moon|19\/100\n|move|p1a: Roaring Moon|Knock Off|p2a: Blacephalon\n|-supereffective|p2a: Blacephalon\n|-damage|p2a: Blacephalon|0 fnt\n|-enditem|p2a: Blacephalon|Choice Scarf|[from] move: Knock Off|[of] p1a: Roaring Moon\n|faint|p2a: Blacephalon\n|\n|-weather|SunnyDay|[upkeep]\n|upkeep\n|\n|t:|1699897405\n|switch|p2a: Blaziken|Blaziken, M|100\/100\n|turn|13\n|\n|t:|1699897421\n|detailschange|p2a: Blaziken|Blaziken-Mega, M\n|-mega|p2a: Blaziken|Blaziken|Blazikenite\n|move|p1a: Roaring Moon|Dragon Dance|p1a: Roaring Moon\n|-boost|p1a: Roaring Moon|atk|1\n|-boost|p1a: Roaring Moon|spe|1\n|move|p2a: Blaziken|Thunder Punch|p1a: Roaring Moon\n|-supereffective|p1a: Roaring Moon\n|-damage|p1a: Roaring Moon|0 fnt\n|faint|p1a: Roaring Moon\n|-end|p1a: Roaring Moon|Protosynthesis|[silent]\n|\n|-weather|SunnyDay|[upkeep]\n|-ability|p2a: Blaziken|Speed Boost|boost\n|-boost|p2a: Blaziken|spe|1\n|upkeep\n|\n|t:|1699897430\n|switch|p1a: Urshifu|Urshifu-Rapid-Strike, M|100\/100\n|-damage|p1a: Urshifu|94\/100|[from] Stealth Rock\n|turn|14\n|\n|t:|1699897440\n|move|p2a: Blaziken|Thunder Punch|p1a: Urshifu\n|-supereffective|p1a: Urshifu\n|-damage|p1a: Urshifu|37\/100\n|-status|p1a: Urshifu|par\n|move|p1a: Urshifu|Bulk Up|p1a: Urshifu\n|-boost|p1a: Urshifu|atk|1\n|-boost|p1a: Urshifu|def|1\n|\n|-weather|SunnyDay|[upkeep]\n|-ability|p2a: Blaziken|Speed Boost|boost\n|-boost|p2a: Blaziken|spe|1\n|upkeep\n|turn|15\n|\n|t:|1699897444\n|move|p2a: Blaziken|Power-Up Punch|p1a: Urshifu\n|-damage|p1a: Urshifu|21\/100 par\n|-boost|p2a: Blaziken|atk|1\n|move|p1a: Urshifu|Surging Strikes|p2a: Blaziken\n|-supereffective|p2a: Blaziken\n|-crit|p2a: Blaziken\n|-damage|p2a: Blaziken|55\/100\n|-supereffective|p2a: Blaziken\n|-crit|p2a: Blaziken\n|-damage|p2a: Blaziken|5\/100\n|-supereffective|p2a: Blaziken\n|-crit|p2a: Blaziken\n|-damage|p2a: Blaziken|0 fnt\n|faint|p2a: Blaziken\n|-hitcount|p2: Blaziken|3\n|\n|-weather|SunnyDay|[upkeep]\n|upkeep\n|inactive|WesHC has 120 seconds left.\n|\n|t:|1699897450\n|switch|p2a: Volcarona|Volcarona, M|100\/100\n|turn|16\n|\n|t:|1699897455\n|move|p2a: Volcarona|Quiver Dance|p2a: Volcarona\n|-boost|p2a: Volcarona|spa|1\n|-boost|p2a: Volcarona|spd|1\n|-boost|p2a: Volcarona|spe|1\n|move|p1a: Urshifu|Surging Strikes|p2a: Volcarona\n|-supereffective|p2a: Volcarona\n|-crit|p2a: Volcarona\n|-damage|p2a: Volcarona|43\/100\n|-supereffective|p2a: Volcarona\n|-crit|p2a: Volcarona\n|-damage|p2a: Volcarona|0 fnt\n|faint|p2a: Volcarona\n|-hitcount|p2: Volcarona|2\n|\n|win|VerduOsane\n|raw|VerduOsane's rating: 1185 &rarr; <strong>1207<\/strong><br \/>(+22 for winning)\n|raw|WesHC's rating: 1139 &rarr; <strong>1117<\/strong><br \/>(-22 for losing)\n|l|\u2606WesHC\n","uploadtime":1699897491,"views":10,"p1id":"verduosane","p2id":"weshc","formatid":"gen9nationaldexubers","rating":1117,"private":0,"password":""}