{"id":"gen9nationaldexubers-1998031385","p1":"Zach LaVenusaur","p2":"soupplate","format":"[Gen 9] National Dex Ubers","log":"|j|\u2606Zach LaVenusaur\n|j|\u2606soupplate\n|t:|1700881282\n|gametype|singles\n|player|p1|Zach LaVenusaur|linebacker|\n|player|p2|soupplate|2|\n|teamsize|p1|6\n|teamsize|p2|6\n|gen|9\n|tier|[Gen 9] National Dex Ubers\n|rule|HP Percentage Mod: HP is shown in percentages\n|rule|Endless Battle Clause: Forcing endless battles is banned\n|rule|OHKO Clause: OHKO moves are banned\n|rule|Evasion Moves Clause: Evasion moves are banned\n|rule|Evasion Items Clause: Evasion items are banned\n|rule|Species Clause: Limit one of each Pok\u00e9mon\n|rule|Sleep Clause Mod: Limit one foe put to sleep\n|rule|Mega Rayquaza Clause: You cannot mega evolve Rayquaza\n|clearpoke\n|poke|p1|Medicham, F|\n|poke|p1|Ribombee, F|\n|poke|p1|Comfey, M|\n|poke|p1|Garchomp, F|\n|poke|p1|Iron Treads|\n|poke|p1|Snorlax, F|\n|poke|p2|Primarina, F|\n|poke|p2|Mawile, F|\n|poke|p2|Great Tusk|\n|poke|p2|Samurott-Hisui, M|\n|poke|p2|Armarouge, M|\n|poke|p2|Muk-Alola, F|\n|teampreview\n|inactive|Battle timer is ON: inactive players will automatically lose when time's up. (requested by Zach LaVenusaur)\n|inactive|Zach LaVenusaur has 270 seconds left.\n|inactive|soupplate has 270 seconds left.\n|j| jaynay121\n|\n|t:|1700881331\n|start\n|switch|p1a: Ribombee|Ribombee, F|100\/100\n|switch|p2a: Shakira Slayer|Samurott-Hisui, M|100\/100\n|turn|1\n|\n|t:|1700881347\n|move|p1a: Ribombee|U-turn|p2a: Shakira Slayer\n|-supereffective|p2a: Shakira Slayer\n|-damage|p2a: Shakira Slayer|68\/100\n|\n|t:|1700881353\n|switch|p1a: Iron Treads|Iron Treads|100\/100|[from] U-turn\n|move|p2a: Shakira Slayer|Air Slash|p1a: Iron Treads\n|-resisted|p1a: Iron Treads\n|-damage|p1a: Iron Treads|86\/100\n|\n|-heal|p1a: Iron Treads|92\/100|[from] item: Leftovers\n|upkeep\n|turn|2\n|\n|t:|1700881366\n|move|p1a: Iron Treads|Body Press|p2a: Shakira Slayer\n|-supereffective|p2a: Shakira Slayer\n|-damage|p2a: Shakira Slayer|0 fnt\n|faint|p2a: Shakira Slayer\n|\n|-heal|p1a: Iron Treads|98\/100|[from] item: Leftovers\n|upkeep\n|\n|t:|1700881389\n|switch|p2a: Bowie|Primarina, F|100\/100\n|turn|3\n|\n|t:|1700881401\n|move|p1a: Iron Treads|Volt Switch|p2a: Bowie\n|-supereffective|p2a: Bowie\n|-damage|p2a: Bowie|74\/100\n|\n|t:|1700881408\n|-end|p1a: Iron Treads|Quark Drive|[silent]\n|switch|p1a: Snorlax|Snorlax, F|100\/100|[from] Volt Switch\n|move|p2a: Bowie|Hydro Pump|p1a: Snorlax\n|-damage|p1a: Snorlax|60\/100\n|\n|-heal|p1a: Snorlax|66\/100|[from] item: Leftovers\n|upkeep\n|turn|4\n|\n|t:|1700881425\n|move|p2a: Bowie|Hydro Pump|p1a: Snorlax\n|-damage|p1a: Snorlax|19\/100\n|move|p1a: Snorlax|Earthquake|p2a: Bowie\n|-damage|p2a: Bowie|38\/100\n|\n|-heal|p1a: Snorlax|25\/100|[from] item: Leftovers\n|upkeep\n|turn|5\n|\n|t:|1700881432\n|move|p2a: Bowie|Hydro Pump|p1a: Snorlax\n|-damage|p1a: Snorlax|0 fnt\n|faint|p1a: Snorlax\n|\n|upkeep\n|\n|t:|1700881448\n|switch|p1a: Medicham|Medicham, F|100\/100\n|turn|6\n|\n|t:|1700881463\n|switch|p2a: Muk|Muk-Alola, F|100\/100\n|detailschange|p1a: Medicham|Medicham-Mega, F\n|-mega|p1a: Medicham|Medicham|Medichamite\n|move|p1a: Medicham|Trailblaze|p2a: Muk\n|-resisted|p2a: Muk\n|-damage|p2a: Muk|86\/100\n|-boost|p1a: Medicham|spe|1\n|\n|-heal|p2a: Muk|92\/100|[from] item: Leftovers\n|upkeep\n|turn|7\n|\n|t:|1700881483\n|move|p1a: Medicham|Close Combat|p2a: Muk\n|-damage|p2a: Muk|0 fnt\n|-unboost|p1a: Medicham|def|1\n|-unboost|p1a: Medicham|spd|1\n|faint|p2a: Muk\n|\n|upkeep\n|inactive|soupplate has 270 seconds left.\n|\n|t:|1700881501\n|switch|p2a: Devin Booker|Armarouge, M|100\/100\n|turn|8\n|inactive|soupplate has 270 seconds left.\n|\n|t:|1700881517\n|switch|p1a: Iron Treads|Iron Treads|98\/100\n|move|p2a: Devin Booker|Armor Cannon|p1a: Iron Treads\n|-supereffective|p1a: Iron Treads\n|-damage|p1a: Iron Treads|0 fnt\n|-unboost|p2a: Devin Booker|def|1\n|-unboost|p2a: Devin Booker|spd|1\n|faint|p1a: Iron Treads\n|-end|p1a: Iron Treads|Quark Drive|[silent]\n|\n|upkeep\n|\n|t:|1700881526\n|switch|p1a: Garchomp|Garchomp, F|100\/100\n|turn|9\n|inactive|soupplate has 270 seconds left.\n|\n|t:|1700881542\n|switch|p2a: Bowie|Primarina, F|38\/100\n|move|p1a: Garchomp|Earthquake|p2a: Bowie\n|-damage|p2a: Bowie|0 fnt\n|faint|p2a: Bowie\n|\n|upkeep\n|\n|t:|1700881556\n|switch|p2a: Audrey Jr.|Mawile, F|100\/100\n|turn|10\n|\n|t:|1700881572\n|detailschange|p2a: Audrey Jr.|Mawile-Mega, F\n|-mega|p2a: Audrey Jr.|Mawile|Mawilite\n|move|p1a: Garchomp|Earthquake|p2a: Audrey Jr.\n|-supereffective|p2a: Audrey Jr.\n|-damage|p2a: Audrey Jr.|0 fnt\n|faint|p2a: Audrey Jr.\n|\n|upkeep\n|\n|t:|1700881581\n|switch|p2a: Manny|Great Tusk|100\/100\n|-enditem|p2a: Manny|Booster Energy\n|-activate|p2a: Manny|ability: Protosynthesis|[fromitem]\n|-start|p2a: Manny|protosynthesisatk\n|turn|11\n|inactive|soupplate has 270 seconds left.\n|\n|t:|1700881593\n|switch|p1a: Ribombee|Ribombee, F|100\/100\n|move|p2a: Manny|Play Rough|p1a: Ribombee\n|-damage|p1a: Ribombee|27\/100\n|\n|upkeep\n|turn|12\n|inactive|soupplate has 270 seconds left.\n|\n|t:|1700881610\n|move|p1a: Ribombee|Moonblast|p2a: Manny\n|-supereffective|p2a: Manny\n|-damage|p2a: Manny|0 fnt\n|faint|p2a: Manny\n|-end|p2a: Manny|Protosynthesis|[silent]\n|\n|upkeep\n|\n|t:|1700881614\n|switch|p2a: Devin Booker|Armarouge, M|100\/100\n|turn|13\n|\n|t:|1700881622\n|move|p1a: Ribombee|Bug Buzz|p2a: Devin Booker\n|-damage|p2a: Devin Booker|48\/100\n|move|p2a: Devin Booker|Armor Cannon|p1a: Ribombee\n|-supereffective|p1a: Ribombee\n|-damage|p1a: Ribombee|0 fnt\n|-unboost|p2a: Devin Booker|def|1\n|-unboost|p2a: Devin Booker|spd|1\n|faint|p1a: Ribombee\n|\n|upkeep\n|\n|t:|1700881626\n|switch|p1a: Garchomp|Garchomp, F|100\/100\n|turn|14\n|\n|t:|1700881632\n|move|p1a: Garchomp|Earthquake|p2a: Devin Booker\n|-supereffective|p2a: Devin Booker\n|-damage|p2a: Devin Booker|0 fnt\n|faint|p2a: Devin Booker\n|\n|win|Zach LaVenusaur\n|c|\u2606Zach LaVenusaur|gg\n|c|\u2606soupplate|gg\n|l|\u2606soupplate\n|l| jaynay121\n|l|\u2606Zach LaVenusaur\n|j|\u2606Zach LaVenusaur\n|player|p1|Zach LaVenusaur|linebacker\n|j| jaynay121\n|l| jaynay121\n","uploadtime":1700881771,"views":2,"p1id":"zachlavenusaur","p2id":"soupplate","formatid":"gen9nationaldexubers","rating":0,"private":0,"password":""}