{"id":"gen9nationaldexubers-1990074182","p1":"Mr. Kessler","p2":"godiamsosorry","format":"[Gen 9] National Dex Ubers","log":"|j|\u2606Mr. Kessler\n|j|\u2606godiamsosorry\n|t:|1699921752\n|gametype|singles\n|player|p1|Mr. Kessler|gambler|\n|player|p2|godiamsosorry|lady|\n|teamsize|p1|6\n|teamsize|p2|6\n|gen|9\n|tier|[Gen 9] National Dex Ubers\n|rule|HP Percentage Mod: HP is shown in percentages\n|rule|Endless Battle Clause: Forcing endless battles is banned\n|rule|OHKO Clause: OHKO moves are banned\n|rule|Evasion Moves Clause: Evasion moves are banned\n|rule|Evasion Items Clause: Evasion items are banned\n|rule|Species Clause: Limit one of each Pok\u00e9mon\n|rule|Sleep Clause Mod: Limit one foe put to sleep\n|rule|Mega Rayquaza Clause: You cannot mega evolve Rayquaza\n|clearpoke\n|poke|p1|Raichu, M|\n|poke|p1|Kartana|\n|poke|p1|Gholdengo|\n|poke|p1|Clefable, F|\n|poke|p1|Banette, F|\n|poke|p1|Clodsire, F|\n|poke|p2|Kyurem|\n|poke|p2|Terrakion|\n|poke|p2|Serperior, F|\n|poke|p2|Corviknight, F|\n|poke|p2|Scizor, F|\n|poke|p2|Swampert, M|\n|teampreview\n|inactive|Battle timer is ON: inactive players will automatically lose when time's up. (requested by Mr. Kessler)\n|c|\u2606Mr. Kessler|THE PERT\n|c|\u2606Mr. Kessler|hold on lemme just\n|inactive|Mr. Kessler has 270 seconds left.\n|inactive|godiamsosorry has 270 seconds left.\n|inactive|Mr. Kessler has 240 seconds left.\n|c|\u2606Mr. Kessler|oh theres no peli\n|c|\u2606Mr. Kessler|huh\n|\n|t:|1699921822\n|start\n|switch|p1a: Peaksire|Clodsire, F|100\/100\n|switch|p2a: Scizor|Scizor, F|100\/100\n|turn|1\n|j| YOMI Draco\n|\n|t:|1699921828\n|move|p2a: Scizor|Knock Off|p1a: Peaksire\n|-damage|p1a: Peaksire|60\/100\n|-enditem|p1a: Peaksire|Shuca Berry|[from] move: Knock Off|[of] p2a: Scizor\n|move|p1a: Peaksire|Stealth Rock|p2a: Scizor\n|-sidestart|p2: godiamsosorry|move: Stealth Rock\n|\n|upkeep\n|turn|2\n|j| Nugget O Silver\n|\n|t:|1699921832\n|move|p2a: Scizor|Iron Head|p1a: Peaksire\n|-damage|p1a: Peaksire|2\/100\n|cant|p1a: Peaksire|flinch\n|\n|upkeep\n|turn|3\n|\n|t:|1699921837\n|move|p2a: Scizor|Knock Off|p1a: Peaksire\n|-damage|p1a: Peaksire|0 fnt\n|faint|p1a: Peaksire\n|\n|upkeep\n|\n|t:|1699921839\n|switch|p1a: Fiona|Clefable, F|100\/100\n|turn|4\n|\n|t:|1699921844\n|switch|p2a: ligma|Swampert, M|100\/100\n|-damage|p2a: ligma|94\/100|[from] Stealth Rock\n|move|p1a: Fiona|Flamethrower|p2a: ligma\n|-resisted|p2a: ligma\n|-damage|p2a: ligma|85\/100\n|\n|upkeep\n|turn|5\n|c|\u2606Mr. Kessler|oof that flinch actually mattered lol\n|\n|t:|1699921866\n|detailschange|p2a: ligma|Swampert-Mega, M\n|-mega|p2a: ligma|Swampert|Swampertite\n|move|p2a: ligma|Earthquake|p1a: Fiona\n|-damage|p1a: Fiona|56\/100\n|move|p1a: Fiona|Moonblast|p2a: ligma\n|-damage|p2a: ligma|59\/100\n|\n|-heal|p1a: Fiona|62\/100|[from] item: Leftovers\n|upkeep\n|turn|6\n|\n|t:|1699921873\n|move|p2a: ligma|Earthquake|p1a: Fiona\n|-damage|p1a: Fiona|21\/100\n|move|p1a: Fiona|Soft-Boiled|p1a: Fiona\n|-heal|p1a: Fiona|71\/100\n|\n|-heal|p1a: Fiona|77\/100|[from] item: Leftovers\n|upkeep\n|turn|7\n|\n|t:|1699921881\n|move|p2a: ligma|Stealth Rock|p1a: Fiona\n|-sidestart|p1: Mr. Kessler|move: Stealth Rock\n|move|p1a: Fiona|Soft-Boiled|p1a: Fiona\n|-heal|p1a: Fiona|100\/100\n|\n|upkeep\n|turn|8\n|\n|t:|1699921884\n|move|p2a: ligma|Earthquake|p1a: Fiona\n|-damage|p1a: Fiona|52\/100\n|move|p1a: Fiona|Moonblast|p2a: ligma\n|-damage|p2a: ligma|30\/100\n|-unboost|p2a: ligma|spa|1\n|\n|-heal|p1a: Fiona|59\/100|[from] item: Leftovers\n|upkeep\n|turn|9\n|\n|t:|1699921888\n|move|p2a: ligma|Earthquake|p1a: Fiona\n|-damage|p1a: Fiona|16\/100\n|move|p1a: Fiona|Soft-Boiled|p1a: Fiona\n|-heal|p1a: Fiona|66\/100\n|\n|-heal|p1a: Fiona|72\/100|[from] item: Leftovers\n|upkeep\n|turn|10\n|\n|t:|1699921891\n|move|p2a: ligma|Earthquake|p1a: Fiona\n|-damage|p1a: Fiona|31\/100\n|move|p1a: Fiona|Soft-Boiled|p1a: Fiona\n|-heal|p1a: Fiona|81\/100\n|\n|-heal|p1a: Fiona|87\/100|[from] item: Leftovers\n|upkeep\n|turn|11\n|\n|t:|1699921899\n|move|p2a: ligma|Flip Turn|p1a: Fiona\n|-damage|p1a: Fiona|62\/100\n|\n|t:|1699921910\n|switch|p2a: Corviknight|Corviknight, F|100\/100|[from] Flip Turn\n|-ability|p2a: Corviknight|Unnerve\n|-damage|p2a: Corviknight|88\/100|[from] Stealth Rock\n|move|p1a: Fiona|Counter|p2a: Corviknight\n|-damage|p2a: Corviknight|39\/100\n|\n|-heal|p2a: Corviknight|46\/100|[from] item: Leftovers\n|-heal|p1a: Fiona|68\/100|[from] item: Leftovers\n|upkeep\n|turn|12\n|\n|t:|1699921921\n|switch|p2a: ligma|Swampert-Mega, M|30\/100\n|-damage|p2a: ligma|24\/100|[from] Stealth Rock\n|move|p1a: Fiona|Soft-Boiled|p1a: Fiona\n|-heal|p1a: Fiona|100\/100\n|\n|upkeep\n|turn|13\n|c| Nugget O Silver|Heat\n|\n|t:|1699921927\n|move|p2a: ligma|Ice Punch|p1a: Fiona\n|-damage|p1a: Fiona|80\/100\n|move|p1a: Fiona|Moonblast|p2a: ligma\n|-damage|p2a: ligma|0 fnt\n|faint|p2a: ligma\n|\n|-heal|p1a: Fiona|86\/100|[from] item: Leftovers\n|upkeep\n|\n|t:|1699921935\n|switch|p2a: Serperior|Serperior, F|100\/100\n|-damage|p2a: Serperior|88\/100|[from] Stealth Rock\n|turn|14\n|\n|t:|1699921939\n|switch|p1a: Huey|Gholdengo|100\/100\n|-damage|p1a: Huey|94\/100|[from] Stealth Rock\n|move|p2a: Serperior|Glare|p1a: Huey\n|-immune|p1a: Huey|[from] ability: Good as Gold\n|\n|-heal|p2a: Serperior|94\/100|[from] item: Leftovers\n|upkeep\n|turn|15\n|c| YOMI Draco|Counter clefable new meta threat\n|\n|t:|1699921946\n|switch|p2a: Corviknight|Corviknight, F|46\/100\n|-ability|p2a: Corviknight|Unnerve\n|-damage|p2a: Corviknight|33\/100|[from] Stealth Rock\n|move|p1a: Huey|Thunder Wave|p2a: Corviknight\n|-status|p2a: Corviknight|par\n|\n|-heal|p2a: Corviknight|39\/100 par|[from] item: Leftovers\n|upkeep\n|turn|16\n|\n|t:|1699921953\n|move|p1a: Huey|Shadow Ball|p2a: Corviknight\n|-damage|p2a: Corviknight|6\/100 par\n|move|p2a: Corviknight|Roost|p2a: Corviknight\n|-heal|p2a: Corviknight|56\/100 par\n|-singleturn|p2a: Corviknight|move: Roost\n|\n|-heal|p2a: Corviknight|62\/100 par|[from] item: Leftovers\n|upkeep\n|turn|17\n|\n|t:|1699921957\n|move|p1a: Huey|Shadow Ball|p2a: Corviknight\n|-damage|p2a: Corviknight|29\/100 par\n|cant|p2a: Corviknight|par\n|\n|-heal|p2a: Corviknight|35\/100 par|[from] item: Leftovers\n|upkeep\n|turn|18\n|\n|t:|1699921961\n|move|p1a: Huey|Shadow Ball|p2a: Corviknight\n|-damage|p2a: Corviknight|3\/100 par\n|cant|p2a: Corviknight|par\n|\n|-heal|p2a: Corviknight|9\/100 par|[from] item: Leftovers\n|upkeep\n|turn|19\n|\n|t:|1699921965\n|move|p1a: Huey|Shadow Ball|p2a: Corviknight\n|-damage|p2a: Corviknight|0 fnt\n|faint|p2a: Corviknight\n|\n|upkeep\n|c|\u2606godiamsosorry|It\u00b4s over...\n|\n|t:|1699921969\n|switch|p2a: Scizor|Scizor, F|100\/100\n|-damage|p2a: Scizor|88\/100|[from] Stealth Rock\n|turn|20\n|c| Nugget O Silver|Oof\n|\n|t:|1699921976\n|switch|p1a: Silver|Raichu, M|100\/100\n|-damage|p1a: Silver|88\/100|[from] Stealth Rock\n|move|p2a: Scizor|Knock Off|p1a: Silver\n|-damage|p1a: Silver|6\/100\n|-enditem|p1a: Silver|Expert Belt|[from] move: Knock Off|[of] p2a: Scizor\n|\n|upkeep\n|turn|21\n|\n|t:|1699921983\n|move|p1a: Silver|Thunder|p2a: Scizor\n|-damage|p2a: Scizor|38\/100\n|move|p2a: Scizor|Iron Head|p1a: Silver\n|-resisted|p1a: Silver\n|-damage|p1a: Silver|0 fnt\n|faint|p1a: Silver\n|\n|upkeep\n|c| YOMI Draco|OUCH\n|c| Nugget O Silver|What is that nickname\u2026\n|\n|t:|1699921994\n|switch|p1a: Paper Cut|Kartana|100\/100\n|-damage|p1a: Paper Cut|94\/100|[from] Stealth Rock\n|turn|22\n|\n|t:|1699921998\n|move|p1a: Paper Cut|Knock Off|p2a: Scizor\n|-damage|p2a: Scizor|0 fnt\n|-enditem|p2a: Scizor|Metal Coat|[from] move: Knock Off|[of] p1a: Paper Cut\n|faint|p2a: Scizor\n|-ability|p1a: Paper Cut|Beast Boost|boost\n|-boost|p1a: Paper Cut|atk|1\n|\n|upkeep\n|\n|t:|1699922002\n|switch|p2a: Terrakion|Terrakion|100\/100\n|-damage|p2a: Terrakion|94\/100|[from] Stealth Rock\n|turn|23\n|c|\u2606Mr. Kessler|you were hating on raichu\n|c|\u2606Mr. Kessler|so i thought it was funny\n|\n|t:|1699922009\n|move|p2a: Terrakion|Earthquake|p1a: Paper Cut\n|-damage|p1a: Paper Cut|59\/100\n|move|p1a: Paper Cut|Leaf Blade|p2a: Terrakion\n|-supereffective|p2a: Terrakion\n|-damage|p2a: Terrakion|0 fnt\n|faint|p2a: Terrakion\n|-ability|p1a: Paper Cut|Beast Boost|boost\n|-boost|p1a: Paper Cut|atk|1\n|\n|upkeep\n|c|\u2606godiamsosorry|Gg!\n|\n|t:|1699922017\n|switch|p2a: Serperior|Serperior, F|94\/100\n|-damage|p2a: Serperior|82\/100|[from] Stealth Rock\n|turn|24\n|c|\u2606Mr. Kessler|gg\n|\n|t:|1699922021\n|switch|p1a: Huey|Gholdengo|94\/100\n|-damage|p1a: Huey|88\/100|[from] Stealth Rock\n|move|p2a: Serperior|Glare|p1a: Huey\n|-immune|p1a: Huey|[from] ability: Good as Gold\n|\n|-heal|p2a: Serperior|88\/100|[from] item: Leftovers\n|upkeep\n|turn|25\n|\n|t:|1699922026\n|move|p2a: Serperior|Substitute|p2a: Serperior\n|-start|p2a: Serperior|Substitute\n|-damage|p2a: Serperior|63\/100\n|move|p1a: Huey|Thunder Wave||[still]\n|-fail|p1a: Huey\n|\n|-heal|p2a: Serperior|70\/100|[from] item: Leftovers\n|upkeep\n|turn|26\n|\n|t:|1699922028\n|move|p2a: Serperior|Leaf Storm|p1a: Huey\n|-resisted|p1a: Huey\n|-damage|p1a: Huey|76\/100\n|-boost|p2a: Serperior|spa|2\n|-enditem|p1a: Huey|Mirror Herb\n|-boost|p1a: Huey|spa|2|[from] item: Mirror Herb\n|move|p1a: Huey|Shadow Ball|p2a: Serperior\n|-end|p2a: Serperior|Substitute\n|\n|-heal|p2a: Serperior|76\/100|[from] item: Leftovers\n|upkeep\n|turn|27\n|\n|t:|1699922032\n|move|p2a: Serperior|Leaf Storm|p1a: Huey|[miss]\n|-miss|p2a: Serperior|p1a: Huey\n|move|p1a: Huey|Shadow Ball|p2a: Serperior\n|-damage|p2a: Serperior|0 fnt\n|faint|p2a: Serperior\n|\n|upkeep\n|\n|t:|1699922035\n|switch|p2a: Kyurem|Kyurem|100\/100\n|-ability|p2a: Kyurem|Pressure\n|turn|28\n|\n|t:|1699922037\n|move|p2a: Kyurem|Earth Power|p1a: Huey\n|-supereffective|p1a: Huey\n|-damage|p1a: Huey|31\/100\n|move|p1a: Huey|Shadow Ball|p2a: Kyurem\n|-damage|p2a: Kyurem|46\/100\n|\n|upkeep\n|turn|29\n|c| Nugget O Silver|This is making me realize how dog Serp is without HP Fire\n|\n|t:|1699922041\n|move|p2a: Kyurem|Earth Power|p1a: Huey\n|-supereffective|p1a: Huey\n|-damage|p1a: Huey|0 fnt\n|faint|p1a: Huey\n|\n|upkeep\n|\n|t:|1699922044\n|switch|p1a: Paper Cut|Kartana|59\/100\n|-damage|p1a: Paper Cut|53\/100|[from] Stealth Rock\n|turn|30\n|c|\u2606godiamsosorry|Lol true!\n|\n|t:|1699922048\n|move|p1a: Paper Cut|Sacred Sword|p2a: Kyurem\n|-supereffective|p2a: Kyurem\n|-damage|p2a: Kyurem|0 fnt\n|faint|p2a: Kyurem\n|\n|win|Mr. Kessler\n|c|\u2606godiamsosorry|Wp\n|l|\u2606godiamsosorry\n|c|\u2606Mr. Kessler|gg wp\n|c| YOMI Draco|THERE IT IS\n","uploadtime":1699922061,"views":21,"p1id":"mrkessler","p2id":"godiamsosorry","formatid":"gen9nationaldexubers","rating":0,"private":0,"password":""}