{"id":"gen9nationaldexubers-1999253470","p1":"Arbeliever","p2":"Vernomere","format":"[Gen 9] National Dex Ubers","log":"|j|\u2606Arbeliever\n|j|\u2606Vernomere\n|t:|1701051117\n|gametype|singles\n|player|p1|Arbeliever|cynthia-masters|\n|player|p2|Vernomere|grimsley|\n|teamsize|p1|6\n|teamsize|p2|6\n|gen|9\n|tier|[Gen 9] National Dex Ubers\n|rule|HP Percentage Mod: HP is shown in percentages\n|rule|Endless Battle Clause: Forcing endless battles is banned\n|rule|OHKO Clause: OHKO moves are banned\n|rule|Evasion Moves Clause: Evasion moves are banned\n|rule|Evasion Items Clause: Evasion items are banned\n|rule|Species Clause: Limit one of each Pok\u00e9mon\n|rule|Sleep Clause Mod: Limit one foe put to sleep\n|rule|Mega Rayquaza Clause: You cannot mega evolve Rayquaza\n|clearpoke\n|poke|p1|Samurott-Hisui, F|\n|poke|p1|Baxcalibur, M|\n|poke|p1|Keldeo-Resolute|\n|poke|p1|Iron Moth|\n|poke|p1|Clefable, F|\n|poke|p1|Alakazam, M|\n|poke|p2|Hydreigon, F|\n|poke|p2|Bronzong|\n|poke|p2|Toxapex, M|\n|poke|p2|Thundurus, M|\n|poke|p2|Cinderace, F|\n|poke|p2|Hippowdon, F|\n|teampreview\n|inactive|Battle timer is ON: inactive players will automatically lose when time's up. (requested by Arbeliever)\n|inactiveoff|Battle timer is now OFF.\n|c|\u2606Arbeliever|glhf\n|c|\u2606Vernomere|u2\n|\n|t:|1701051199\n|start\n|switch|p1a: Samurott|Samurott-Hisui, F|100\/100\n|switch|p2a: LTG|Thundurus, M|100\/100\n|turn|1\n|j| Kman343\n|j| lkj55\n|\n|t:|1701051255\n|move|p2a: LTG|Thunderbolt|p1a: Samurott\n|-supereffective|p1a: Samurott\n|-enditem|p1a: Samurott|Focus Sash\n|-damage|p1a: Samurott|1\/100\n|move|p1a: Samurott|Ceaseless Edge|p2a: LTG\n|-damage|p2a: LTG|19\/100\n|-sidestart|p2: Vernomere|Spikes\n|\n|upkeep\n|turn|2\n|\n|t:|1701051263\n|move|p1a: Samurott|Aqua Jet|p2a: LTG\n|-damage|p2a: LTG|0 fnt\n|faint|p2a: LTG\n|\n|upkeep\n|j| Chartwig\n|\n|t:|1701051276\n|switch|p2a: boom|Hydreigon, F|100\/100\n|turn|3\n|\n|t:|1701051280\n|switch|p1a: Clefable|Clefable, F|100\/100\n|move|p2a: boom|U-turn|p1a: Clefable\n|-resisted|p1a: Clefable\n|-damage|p1a: Clefable|94\/100\n|\n|t:|1701051283\n|switch|p2a: Rumi|Cinderace, F|100\/100|[from] U-turn\n|-damage|p2a: Rumi|88\/100|[from] Spikes\n|\n|upkeep\n|turn|4\n|\n|t:|1701051305\n|move|p2a: Rumi|U-turn|p1a: Clefable\n|-start|p2a: Rumi|typechange|Bug|[from] ability: Libero\n|-resisted|p1a: Clefable\n|-damage|p1a: Clefable|78\/100\n|\n|t:|1701051310\n|switch|p2a: gimme cya|Toxapex, M|100\/100|[from] U-turn\n|-damage|p2a: gimme cya|88\/100|[from] Spikes\n|move|p1a: Clefable|Thunder Wave|p2a: gimme cya\n|-status|p2a: gimme cya|par\n|\n|upkeep\n|turn|5\n|\n|t:|1701051324\n|switch|p1a: Alakazam|Alakazam, M|100\/100\n|cant|p2a: gimme cya|par\n|\n|upkeep\n|turn|6\n|\n|t:|1701051345\n|switch|p2a: naur|Bronzong|100\/100\n|detailschange|p1a: Alakazam|Alakazam-Mega, M\n|-mega|p1a: Alakazam|Alakazam|Alakazite\n|-ability|p1a: Alakazam|Levitate|[from] ability: Trace|[of] p2a: naur\n|move|p1a: Alakazam|Shadow Ball|p2a: naur\n|-supereffective|p2a: naur\n|-crit|p2a: naur\n|-damage|p2a: naur|26\/100\n|\n|-heal|p2a: naur|32\/100|[from] item: Leftovers\n|upkeep\n|turn|7\n|\n|t:|1701051369\n|switch|p2a: gimme cya|Toxapex, M|100\/100 par\n|-damage|p2a: gimme cya|88\/100 par|[from] Spikes\n|move|p1a: Alakazam|Shadow Ball|p2a: gimme cya\n|-damage|p2a: gimme cya|62\/100 par\n|-enditem|p2a: gimme cya|Eject Button\n|\n|t:|1701051378\n|switch|p2a: boom|Hydreigon, F|100\/100\n|\n|upkeep\n|turn|8\n|\n|t:|1701051381\n|move|p1a: Alakazam|Dazzling Gleam|p2a: boom\n|-supereffective|p2a: boom\n|-damage|p2a: boom|0 fnt\n|faint|p2a: boom\n|\n|upkeep\n|\n|t:|1701051386\n|switch|p2a: naur2|Hippowdon, F|100\/100\n|-damage|p2a: naur2|88\/100|[from] Spikes\n|turn|9\n|\n|t:|1701051409\n|move|p1a: Alakazam|Psyshock|p2a: naur2\n|-damage|p2a: naur2|56\/100\n|move|p2a: naur2|Earthquake|p1a: Alakazam\n|-immune|p1a: Alakazam|[from] ability: Levitate\n|\n|-heal|p2a: naur2|62\/100|[from] item: Leftovers\n|upkeep\n|turn|10\n|c|\u2606Vernomere|oh\n|c|\u2606Vernomere|oops\n|c|\u2606Vernomere|i botched this one lol\n|\n|t:|1701051424\n|move|p1a: Alakazam|Psyshock|p2a: naur2\n|-damage|p2a: naur2|29\/100\n|move|p2a: naur2|Slack Off|p2a: naur2\n|-heal|p2a: naur2|79\/100\n|\n|-heal|p2a: naur2|85\/100|[from] item: Leftovers\n|upkeep\n|turn|11\n|\n|t:|1701051426\n|move|p1a: Alakazam|Psyshock|p2a: naur2\n|-damage|p2a: naur2|50\/100\n|move|p2a: naur2|Whirlwind|p1a: Alakazam\n|drag|p1a: Keldeo|Keldeo-Resolute|100\/100\n|\n|-heal|p2a: naur2|56\/100|[from] item: Leftovers\n|upkeep\n|turn|12\n|\n|t:|1701051430\n|switch|p2a: gimme cya|Toxapex, M|96\/100 par\n|-damage|p2a: gimme cya|83\/100 par|[from] Spikes\n|move|p1a: Keldeo|Flip Turn|p2a: gimme cya\n|-resisted|p2a: gimme cya\n|-damage|p2a: gimme cya|79\/100 par\n|\n|t:|1701051432\n|switch|p1a: Alakazam|Alakazam-Mega, M|100\/100|[from] Flip Turn\n|-ability|p1a: Alakazam|Regenerator|[from] ability: Trace|[of] p2a: gimme cya\n|\n|upkeep\n|turn|13\n|\n|t:|1701051438\n|switch|p2a: naur|Bronzong|32\/100\n|move|p1a: Alakazam|Psyshock|p2a: naur\n|-resisted|p2a: naur\n|-crit|p2a: naur\n|-damage|p2a: naur|17\/100\n|\n|-heal|p2a: naur|23\/100|[from] item: Leftovers\n|upkeep\n|turn|14\n|\n|t:|1701051448\n|move|p1a: Alakazam|Shadow Ball|p2a: naur\n|-supereffective|p2a: naur\n|-damage|p2a: naur|0 fnt\n|faint|p2a: naur\n|\n|upkeep\n|\n|t:|1701051461\n|switch|p2a: naur2|Hippowdon, F|56\/100\n|-damage|p2a: naur2|44\/100|[from] Spikes\n|turn|15\n|\n|t:|1701051465\n|move|p1a: Alakazam|Psyshock|p2a: naur2\n|-damage|p2a: naur2|8\/100\n|move|p2a: naur2|Slack Off|p2a: naur2\n|-heal|p2a: naur2|59\/100\n|\n|-heal|p2a: naur2|65\/100|[from] item: Leftovers\n|upkeep\n|turn|16\n|\n|t:|1701051469\n|move|p1a: Alakazam|Psyshock|p2a: naur2\n|-damage|p2a: naur2|32\/100\n|move|p2a: naur2|Slack Off|p2a: naur2\n|-heal|p2a: naur2|83\/100\n|\n|-heal|p2a: naur2|89\/100|[from] item: Leftovers\n|upkeep\n|turn|17\n|\n|t:|1701051476\n|move|p1a: Alakazam|Psyshock|p2a: naur2\n|-damage|p2a: naur2|53\/100\n|move|p2a: naur2|Earthquake|p1a: Alakazam\n|-damage|p1a: Alakazam|26\/100\n|\n|-heal|p2a: naur2|59\/100|[from] item: Leftovers\n|upkeep\n|turn|18\n|\n|t:|1701051483\n|switch|p1a: Clefable|Clefable, F|78\/100\n|move|p2a: naur2|Earthquake|p1a: Clefable\n|-damage|p1a: Clefable|40\/100\n|\n|-heal|p2a: naur2|65\/100|[from] item: Leftovers\n|upkeep\n|turn|19\n|\n|t:|1701051487\n|move|p1a: Clefable|Soft-Boiled|p1a: Clefable\n|-heal|p1a: Clefable|90\/100\n|move|p2a: naur2|Earthquake|p1a: Clefable\n|-damage|p1a: Clefable|50\/100\n|\n|-heal|p2a: naur2|71\/100|[from] item: Leftovers\n|upkeep\n|turn|20\n|\n|t:|1701051491\n|switch|p2a: Rumi|Cinderace, F|88\/100\n|-damage|p2a: Rumi|76\/100|[from] Spikes\n|move|p1a: Clefable|Soft-Boiled|p1a: Clefable\n|-heal|p1a: Clefable|99\/100\n|\n|upkeep\n|turn|21\n|\n|t:|1701051496\n|move|p2a: Rumi|Gunk Shot|p1a: Clefable\n|-start|p2a: Rumi|typechange|Poison|[from] ability: Libero\n|-supereffective|p1a: Clefable\n|-enditem|p1a: Clefable|Kebia Berry|[eat]\n|-enditem|p1a: Clefable|Kebia Berry|[weaken]\n|-damage|p1a: Clefable|45\/100\n|move|p1a: Clefable|Thunder Wave|p2a: Rumi\n|-status|p2a: Rumi|par\n|\n|upkeep\n|turn|22\n|\n|t:|1701051510\n|move|p2a: Rumi|U-turn|p1a: Clefable\n|-resisted|p1a: Clefable\n|-damage|p1a: Clefable|34\/100\n|\n|t:|1701051517\n|switch|p2a: gimme cya|Toxapex, M|100\/100 par|[from] U-turn\n|-damage|p2a: gimme cya|88\/100 par|[from] Spikes\n|move|p1a: Clefable|Moonblast|p2a: gimme cya\n|-resisted|p2a: gimme cya\n|-damage|p2a: gimme cya|75\/100 par\n|\n|upkeep\n|turn|23\n|\n|t:|1701051527\n|switch|p1a: Alakazam|Alakazam-Mega, M|59\/100\n|-ability|p1a: Alakazam|Regenerator|[from] ability: Trace|[of] p2a: gimme cya\n|move|p2a: gimme cya|Toxic|p1a: Alakazam\n|-status|p1a: Alakazam|tox\n|\n|-damage|p1a: Alakazam|53\/100 tox|[from] psn\n|upkeep\n|turn|24\n|\n|t:|1701051531\n|switch|p1a: Clefable|Clefable, F|34\/100\n|move|p2a: gimme cya|Toxic|p1a: Clefable\n|-status|p1a: Clefable|tox\n|\n|upkeep\n|turn|25\n|\n|t:|1701051538\n|switch|p1a: Alakazam|Alakazam-Mega, M|86\/100 tox\n|-ability|p1a: Alakazam|Regenerator|[from] ability: Trace|[of] p2a: gimme cya\n|switch|p2a: naur2|Hippowdon, F|71\/100\n|-damage|p2a: naur2|59\/100|[from] Spikes\n|\n|-heal|p2a: naur2|65\/100|[from] item: Leftovers\n|-damage|p1a: Alakazam|80\/100 tox|[from] psn\n|upkeep\n|turn|26\n|\n|t:|1701051546\n|move|p1a: Alakazam|Shadow Ball|p2a: naur2\n|-damage|p2a: naur2|29\/100\n|move|p2a: naur2|Earthquake|p1a: Alakazam\n|-damage|p1a: Alakazam|8\/100 tox\n|\n|-heal|p2a: naur2|36\/100|[from] item: Leftovers\n|-damage|p1a: Alakazam|0 fnt|[from] psn\n|faint|p1a: Alakazam\n|upkeep\n|\n|t:|1701051549\n|switch|p1a: Keldeo|Keldeo-Resolute|100\/100\n|turn|27\n|\n|t:|1701051553\n|switch|p2a: gimme cya|Toxapex, M|100\/100 par\n|-damage|p2a: gimme cya|88\/100 par|[from] Spikes\n|move|p1a: Keldeo|Scald|p2a: gimme cya\n|-resisted|p2a: gimme cya\n|-damage|p2a: gimme cya|71\/100 par\n|\n|upkeep\n|turn|28\n|\n|t:|1701051561\n|switch|p1a: Samurott|Samurott-Hisui, F|1\/100\n|move|p2a: gimme cya|Scald|p1a: Samurott\n|-resisted|p1a: Samurott\n|-damage|p1a: Samurott|0 fnt\n|faint|p1a: Samurott\n|\n|upkeep\n|\n|t:|1701051562\n|switch|p1a: Baxcalibur|Baxcalibur, M|100\/100\n|turn|29\n|\n|t:|1701051566\n|move|p1a: Baxcalibur|Swords Dance|p1a: Baxcalibur\n|-boost|p1a: Baxcalibur|atk|2\n|cant|p2a: gimme cya|par\n|\n|upkeep\n|turn|30\n|\n|t:|1701051570\n|move|p1a: Baxcalibur|Glaive Rush|p2a: gimme cya\n|-damage|p2a: gimme cya|0 fnt\n|-singlemove|p1a: Baxcalibur|Glaive Rush|[silent]\n|faint|p2a: gimme cya\n|\n|upkeep\n|\n|t:|1701051576\n|switch|p2a: Rumi|Cinderace, F|76\/100 par\n|-damage|p2a: Rumi|63\/100 par|[from] Spikes\n|turn|31\n|\n|t:|1701051578\n|move|p1a: Baxcalibur|Glaive Rush|p2a: Rumi\n|-damage|p2a: Rumi|0 fnt\n|-singlemove|p1a: Baxcalibur|Glaive Rush|[silent]\n|faint|p2a: Rumi\n|\n|upkeep\n|\n|t:|1701051581\n|switch|p2a: naur2|Hippowdon, F|36\/100\n|-damage|p2a: naur2|23\/100|[from] Spikes\n|turn|32\n|\n|t:|1701051590\n|move|p1a: Baxcalibur|Glaive Rush|p2a: naur2\n|-damage|p2a: naur2|0 fnt\n|-singlemove|p1a: Baxcalibur|Glaive Rush|[silent]\n|faint|p2a: naur2\n|\n|win|Arbeliever\n|c|\u2606Arbeliever|gg\n|c|\u2606Vernomere|gg\n|l|\u2606Vernomere\n","uploadtime":1701051603,"views":5,"p1id":"arbeliever","p2id":"vernomere","formatid":"gen9nationaldexubers","rating":0,"private":0,"password":""}