{"id":"gen9nationaldexubers-1984581211","p1":"motifine","p2":"VivaLaResistance","format":"[Gen 9] National Dex Ubers","log":"|j|\u2606motifine\n|j|\u2606VivaLaResistance\n|t:|1699281778\n|gametype|singles\n|player|p1|motifine|2|1303\n|player|p2|VivaLaResistance|valerie|1268\n|teamsize|p1|6\n|teamsize|p2|6\n|gen|9\n|tier|[Gen 9] National Dex Ubers\n|rated|\n|rule|HP Percentage Mod: HP is shown in percentages\n|rule|Endless Battle Clause: Forcing endless battles is banned\n|rule|OHKO Clause: OHKO moves are banned\n|rule|Evasion Moves Clause: Evasion moves are banned\n|rule|Evasion Items Clause: Evasion items are banned\n|rule|Species Clause: Limit one of each Pok\u00e9mon\n|rule|Sleep Clause Mod: Limit one foe put to sleep\n|rule|Mega Rayquaza Clause: You cannot mega evolve Rayquaza\n|clearpoke\n|poke|p1|Corviknight, F|\n|poke|p1|Lopunny, F|\n|poke|p1|Milotic, F|\n|poke|p1|Heatran, M|\n|poke|p1|Dragapult, F|\n|poke|p1|Volcarona, F|\n|poke|p2|Xerneas-*|\n|poke|p2|Scizor, F|\n|poke|p2|Zacian-*|\n|poke|p2|Palkia|\n|poke|p2|Marshadow|\n|poke|p2|Gliscor, M|\n|teampreview\n|\n|t:|1699281788\n|start\n|switch|p1a: Lopunny|Lopunny, F, shiny|100\/100\n|switch|p2a: Gliscor|Gliscor, M|100\/100\n|turn|1\n|\n|t:|1699281795\n|detailschange|p1a: Lopunny|Lopunny-Mega, F, shiny\n|-mega|p1a: Lopunny|Lopunny|Lopunnite\n|move|p1a: Lopunny|Fake Out|p2a: Gliscor\n|-damage|p2a: Gliscor|88\/100\n|cant|p2a: Gliscor|flinch\n|\n|-status|p2a: Gliscor|tox|[from] item: Toxic Orb\n|upkeep\n|turn|2\n|\n|t:|1699281813\n|move|p1a: Lopunny|Triple Axel|p2a: Gliscor\n|-supereffective|p2a: Gliscor\n|-damage|p2a: Gliscor|68\/100 tox\n|-supereffective|p2a: Gliscor\n|-damage|p2a: Gliscor|30\/100 tox\n|-supereffective|p2a: Gliscor\n|-damage|p2a: Gliscor|0 fnt\n|faint|p2a: Gliscor\n|-hitcount|p2: Gliscor|3\n|\n|upkeep\n|\n|t:|1699281831\n|switch|p2a: Scizor|Scizor, F|100\/100\n|turn|3\n|\n|t:|1699281836\n|switch|p1a: Heatran|Heatran, M, shiny|100\/100\n|detailschange|p2a: Scizor|Scizor-Mega, F\n|-mega|p2a: Scizor|Scizor|Scizorite\n|move|p2a: Scizor|Dual Wingbeat|p1a: Heatran\n|-resisted|p1a: Heatran\n|-damage|p1a: Heatran|89\/100\n|-resisted|p1a: Heatran\n|-damage|p1a: Heatran|78\/100\n|-hitcount|p1a: Heatran|2\n|\n|-heal|p1a: Heatran|84\/100|[from] item: Leftovers\n|upkeep\n|turn|4\n|\n|t:|1699281850\n|switch|p2a: Palkia|Palkia|100\/100\n|-ability|p2a: Palkia|Pressure\n|move|p1a: Heatran|Magma Storm|p2a: Palkia|[miss]\n|-miss|p1a: Heatran|p2a: Palkia\n|\n|-heal|p1a: Heatran|90\/100|[from] item: Leftovers\n|upkeep\n|turn|5\n|inactive|Battle timer is ON: inactive players will automatically lose when time's up. (requested by motifine)\n|\n|t:|1699281923\n|switch|p1a: Milotic|Milotic, F, shiny|100\/100\n|move|p2a: Palkia|Earth Power|p1a: Milotic\n|-damage|p1a: Milotic|77\/100\n|\n|-heal|p1a: Milotic|83\/100|[from] item: Leftovers\n|upkeep\n|turn|6\n|\n|t:|1699281934\n|move|p1a: Milotic|Toxic|p2a: Palkia\n|-status|p2a: Palkia|tox\n|move|p2a: Palkia|Roar|p1a: Milotic\n|drag|p1a: Corviknight|Corviknight, F, shiny|100\/100\n|-ability|p1a: Corviknight|Pressure\n|\n|-damage|p2a: Palkia|94\/100 tox|[from] psn\n|upkeep\n|turn|7\n|\n|t:|1699281945\n|move|p2a: Palkia|Spacial Rend|p1a: Corviknight\n|-resisted|p1a: Corviknight\n|-damage|p1a: Corviknight|72\/100\n|move|p1a: Corviknight|U-turn|p2a: Palkia\n|-damage|p2a: Palkia|79\/100 tox\n|\n|t:|1699281964\n|switch|p1a: Volcarona|Volcarona, F, shiny|100\/100|[from] U-turn\n|\n|-damage|p2a: Palkia|67\/100 tox|[from] psn\n|upkeep\n|turn|8\n|inactive|VivaLaResistance has 120 seconds left.\n|\n|t:|1699281999\n|move|p2a: Palkia|Hydro Pump|p1a: Volcarona|[miss]\n|-miss|p2a: Palkia|p1a: Volcarona\n|move|p1a: Volcarona|Quiver Dance|p1a: Volcarona\n|-boost|p1a: Volcarona|spa|1\n|-boost|p1a: Volcarona|spd|1\n|-boost|p1a: Volcarona|spe|1\n|\n|-damage|p2a: Palkia|48\/100 tox|[from] psn\n|upkeep\n|turn|9\n|-message|VivaLaResistance forfeited.\n|\n|win|motifine\n|raw|motifine's rating: 1303 &rarr; <strong>1321<\/strong><br \/>(+18 for winning)\n|raw|VivaLaResistance's rating: 1268 &rarr; <strong>1246<\/strong><br \/>(-22 for losing)\n|l|\u2606VivaLaResistance\n|l|\u2606motifine\n|j|\u2606motifine\n|player|p1|motifine|2\n","uploadtime":1699282260,"views":11,"p1id":"motifine","p2id":"vivalaresistance","formatid":"gen9nationaldexubers","rating":1246,"private":0,"password":""}