{"id":"gen9nationaldexubers-1980220501","p1":"Foxxism","p2":"DatDerf617","format":"[Gen 9] National Dex Ubers","log":"|j|\u2606Foxxism\n|j|\u2606DatDerf617\n|t:|1698767332\n|gametype|singles\n|player|p1|Foxxism|shadowtriad|\n|player|p2|DatDerf617|ltsurge|\n|teamsize|p1|6\n|teamsize|p2|6\n|gen|9\n|tier|[Gen 9] National Dex Ubers\n|rule|HP Percentage Mod: HP is shown in percentages\n|rule|Endless Battle Clause: Forcing endless battles is banned\n|rule|OHKO Clause: OHKO moves are banned\n|rule|Evasion Moves Clause: Evasion moves are banned\n|rule|Evasion Items Clause: Evasion items are banned\n|rule|Species Clause: Limit one of each Pok\u00e9mon\n|rule|Sleep Clause Mod: Limit one foe put to sleep\n|rule|Mega Rayquaza Clause: You cannot mega evolve Rayquaza\n|clearpoke\n|poke|p1|Scolipede, M|\n|poke|p1|Nidoking, M|\n|poke|p1|Toxtricity, F|\n|poke|p1|Venusaur, M|\n|poke|p1|Glimmora, F|\n|poke|p1|Drapion, M|\n|poke|p2|Indeedee, M|\n|poke|p2|Ursaluna-Bloodmoon, M|\n|poke|p2|Zoroark-Hisui, M|\n|poke|p2|Snorlax, M|\n|poke|p2|Pidgeot, M|\n|poke|p2|Obstagoon, M|\n|teampreview\n|\n|t:|1698767356\n|start\n|switch|p1a: Glimmora|Glimmora, F|100\/100\n|switch|p2a: Indeedee|Indeedee, M, shiny|100\/100\n|-fieldstart|move: Psychic Terrain|[from] ability: Psychic Surge|[of] p2a: Indeedee\n|turn|1\n|\n|t:|1698767384\n|move|p2a: Indeedee|Encore||[still]\n|-fail|p2a: Indeedee\n|move|p1a: Glimmora|Mortal Spin|p2a: Indeedee\n|-damage|p2a: Indeedee|86\/100\n|-status|p2a: Indeedee|psn\n|\n|-damage|p2a: Indeedee|74\/100 psn|[from] psn\n|upkeep\n|turn|2\n|\n|t:|1698767394\n|switch|p1a: Scolipede|Scolipede, M, shiny|100\/100\n|move|p2a: Indeedee|Psychic|p1a: Scolipede\n|-supereffective|p1a: Scolipede\n|-damage|p1a: Scolipede|0 fnt\n|faint|p1a: Scolipede\n|\n|-damage|p2a: Indeedee|62\/100 psn|[from] psn\n|upkeep\n|\n|t:|1698767403\n|switch|p1a: Glimmora|Glimmora, F|100\/100\n|turn|3\n|\n|t:|1698767428\n|move|p2a: Indeedee|Psychic|p1a: Glimmora\n|-supereffective|p1a: Glimmora\n|-enditem|p1a: Glimmora|Focus Sash\n|-damage|p1a: Glimmora|1\/100\n|move|p1a: Glimmora|Stealth Rock|p2a: Indeedee\n|-sidestart|p2: DatDerf617|move: Stealth Rock\n|\n|-damage|p2a: Indeedee|50\/100 psn|[from] psn\n|upkeep\n|turn|4\n|\n|t:|1698767439\n|move|p2a: Indeedee|Psyshock|p1a: Glimmora\n|-supereffective|p1a: Glimmora\n|-damage|p1a: Glimmora|0 fnt\n|faint|p1a: Glimmora\n|\n|-damage|p2a: Indeedee|37\/100 psn|[from] psn\n|upkeep\n|\n|t:|1698767445\n|switch|p1a: Drapion|Drapion, M, shiny|100\/100\n|turn|5\n|\n|t:|1698767468\n|switch|p2a: Snorlax|Snorlax, M, shiny|100\/100\n|-damage|p2a: Snorlax|88\/100|[from] Stealth Rock\n|move|p1a: Drapion|Knock Off|p2a: Snorlax\n|-damage|p2a: Snorlax|59\/100\n|-enditem|p2a: Snorlax|Leftovers|[from] move: Knock Off|[of] p1a: Drapion\n|\n|upkeep\n|turn|6\n|\n|t:|1698767479\n|move|p1a: Drapion|Knock Off|p2a: Snorlax\n|-damage|p2a: Snorlax|40\/100\n|move|p2a: Snorlax|Curse|p2a: Snorlax\n|-unboost|p2a: Snorlax|spe|1\n|-boost|p2a: Snorlax|atk|1\n|-boost|p2a: Snorlax|def|1\n|\n|upkeep\n|turn|7\n|\n|t:|1698767493\n|move|p1a: Drapion|Knock Off|p2a: Snorlax\n|-damage|p2a: Snorlax|27\/100\n|move|p2a: Snorlax|Earthquake|p1a: Drapion\n|-supereffective|p1a: Drapion\n|-damage|p1a: Drapion|17\/100\n|\n|upkeep\n|turn|8\n|\n|t:|1698767502\n|switch|p1a: Nidoking|Nidoking, M, shiny|100\/100\n|move|p2a: Snorlax|Rest|p2a: Snorlax\n|-status|p2a: Snorlax|slp|[from] move: Rest\n|-heal|p2a: Snorlax|100\/100 slp|[silent]\n|\n|-fieldend|move: Psychic Terrain\n|upkeep\n|turn|9\n|\n|t:|1698767526\n|move|p1a: Nidoking|Sludge Wave|p2a: Snorlax\n|-damage|p2a: Snorlax|65\/100 slp\n|cant|p2a: Snorlax|slp\n|\n|upkeep\n|turn|10\n|\n|t:|1698767533\n|move|p1a: Nidoking|Sludge Wave|p2a: Snorlax\n|-damage|p2a: Snorlax|33\/100 slp\n|cant|p2a: Snorlax|slp\n|\n|upkeep\n|turn|11\n|\n|t:|1698767538\n|move|p1a: Nidoking|Sludge Wave|p2a: Snorlax\n|-damage|p2a: Snorlax|0 fnt\n|faint|p2a: Snorlax\n|\n|upkeep\n|\n|t:|1698767546\n|switch|p2a: Ursaluna|Ursaluna-Bloodmoon, M|100\/100\n|-damage|p2a: Ursaluna|94\/100|[from] Stealth Rock\n|turn|12\n|\n|t:|1698767615\n|move|p1a: Nidoking|Earth Power|p2a: Ursaluna\n|-damage|p2a: Ursaluna|12\/100\n|move|p2a: Ursaluna|Blood Moon|p1a: Nidoking\n|-damage|p1a: Nidoking|0 fnt\n|faint|p1a: Nidoking\n|\n|upkeep\n|\n|t:|1698767622\n|switch|p1a: Drapion|Drapion, M, shiny|17\/100\n|turn|13\n|\n|t:|1698767634\n|move|p2a: Ursaluna|Vacuum Wave|p1a: Drapion\n|-damage|p1a: Drapion|0 fnt\n|faint|p1a: Drapion\n|\n|upkeep\n|\n|t:|1698767641\n|switch|p1a: Venusaur|Venusaur, M|100\/100\n|turn|14\n|\n|t:|1698767659\n|switch|p2a: Indeedee|Indeedee, M, shiny|37\/100 psn\n|-damage|p2a: Indeedee|25\/100 psn|[from] Stealth Rock\n|-fieldstart|move: Psychic Terrain|[from] ability: Psychic Surge|[of] p2a: Indeedee\n|detailschange|p1a: Venusaur|Venusaur-Mega, M\n|-mega|p1a: Venusaur|Venusaur|Venusaurite\n|move|p1a: Venusaur|Sludge Bomb|p2a: Indeedee\n|-damage|p2a: Indeedee|0 fnt\n|faint|p2a: Indeedee\n|\n|upkeep\n|\n|t:|1698767675\n|switch|p2a: Ursaluna|Ursaluna-Bloodmoon, M|100\/100\n|-damage|p2a: Ursaluna|88\/100|[from] Stealth Rock\n|turn|15\n|\n|t:|1698767685\n|move|p2a: Ursaluna|Hyper Voice|p1a: Venusaur\n|-damage|p1a: Venusaur|38\/100\n|move|p1a: Venusaur|Giga Drain|p2a: Ursaluna\n|-damage|p2a: Ursaluna|1\/100\n|-heal|p1a: Venusaur|74\/100|[from] drain|[of] p2a: Ursaluna\n|replace|p2a: Zoroark|Zoroark-Hisui, M\n|-end|p2a: Zoroark|Illusion\n|\n|upkeep\n|turn|16\n|\n|t:|1698767694\n|move|p2a: Zoroark|Hyper Voice|p1a: Venusaur\n|-damage|p1a: Venusaur|4\/100\n|move|p1a: Venusaur|Giga Drain|p2a: Zoroark\n|-crit|p2a: Zoroark\n|-damage|p2a: Zoroark|0 fnt\n|-heal|p1a: Venusaur|4\/100|[from] drain|[of] p2a: Zoroark\n|faint|p2a: Zoroark\n|\n|upkeep\n|\n|t:|1698767702\n|switch|p2a: Pidgeot|Pidgeot, M|100\/100\n|-damage|p2a: Pidgeot|76\/100|[from] Stealth Rock\n|turn|17\n|\n|t:|1698767710\n|detailschange|p2a: Pidgeot|Pidgeot-Mega, M\n|-mega|p2a: Pidgeot|Pidgeot|Pidgeotite\n|move|p2a: Pidgeot|Hurricane|p1a: Venusaur\n|-supereffective|p1a: Venusaur\n|-damage|p1a: Venusaur|0 fnt\n|faint|p1a: Venusaur\n|\n|upkeep\n|\n|t:|1698767715\n|switch|p1a: Toxtricity|Toxtricity, F, shiny|100\/100\n|turn|18\n|\n|t:|1698767722\n|move|p2a: Pidgeot|Hurricane|p1a: Toxtricity\n|-resisted|p1a: Toxtricity\n|-damage|p1a: Toxtricity|55\/100\n|-start|p1a: Toxtricity|confusion\n|-activate|p1a: Toxtricity|confusion\n|-damage|p1a: Toxtricity|43\/100|[from] confusion\n|\n|upkeep\n|turn|19\n|\n|t:|1698767738\n|move|p2a: Pidgeot|Hurricane|p1a: Toxtricity\n|-resisted|p1a: Toxtricity\n|-damage|p1a: Toxtricity|0 fnt\n|faint|p1a: Toxtricity\n|\n|win|DatDerf617\n","uploadtime":1698767755,"views":23,"p1id":"foxxism","p2id":"datderf617","formatid":"gen9nationaldexubers","rating":0,"private":0,"password":""}