{"id":"gen9nationaldexubers-1978856154","p1":"Aksuk","p2":"VGC Luvr","format":"[Gen 9] National Dex Ubers","log":"|j|\u2606Aksuk\n|j|\u2606VGC Luvr\n|t:|1698603220\n|gametype|singles\n|player|p1|Aksuk|acerola|1060\n|player|p2|VGC Luvr|unknown|1191\n|teamsize|p1|6\n|teamsize|p2|6\n|gen|9\n|tier|[Gen 9] National Dex Ubers\n|rated|\n|rule|HP Percentage Mod: HP is shown in percentages\n|rule|Endless Battle Clause: Forcing endless battles is banned\n|rule|OHKO Clause: OHKO moves are banned\n|rule|Evasion Moves Clause: Evasion moves are banned\n|rule|Evasion Items Clause: Evasion items are banned\n|rule|Species Clause: Limit one of each Pok\u00e9mon\n|rule|Sleep Clause Mod: Limit one foe put to sleep\n|rule|Mega Rayquaza Clause: You cannot mega evolve Rayquaza\n|clearpoke\n|poke|p1|Marshadow|\n|poke|p1|Darkrai|\n|poke|p1|Tapu Lele|\n|poke|p1|Yveltal|\n|poke|p1|Giratina-Origin|\n|poke|p1|Shaymin-Sky|\n|poke|p2|Kyurem-White|\n|poke|p2|Marshadow|\n|poke|p2|Kyogre|\n|poke|p2|Zacian-*|\n|poke|p2|Mewtwo|\n|poke|p2|Tyranitar, F|\n|teampreview\n|inactive|Battle timer is ON: inactive players will automatically lose when time's up. (requested by VGC Luvr)\n|\n|t:|1698603229\n|start\n|switch|p1a: Shaymin|Shaymin-Sky|100\/100\n|switch|p2a: Zacian|Zacian-Crowned|100\/100\n|-ability|p2a: Zacian|Intrepid Sword|boost\n|-boost|p2a: Zacian|atk|1\n|turn|1\n|\n|t:|1698603236\n|move|p2a: Zacian|Fire Fang|p1a: Shaymin|[miss]\n|-miss|p2a: Zacian|p1a: Shaymin\n|move|p1a: Shaymin|Leech Seed|p2a: Zacian\n|-start|p2a: Zacian|move: Leech Seed\n|\n|-damage|p2a: Zacian|88\/100|[from] Leech Seed|[of] p1a: Shaymin\n|upkeep\n|turn|2\n|\n|t:|1698603253\n|switch|p1a: Giratina|Giratina-Origin|100\/100\n|move|p2a: Zacian|Fire Fang|p1a: Giratina\n|-resisted|p1a: Giratina\n|-damage|p1a: Giratina|89\/100\n|\n|-damage|p2a: Zacian|76\/100|[from] Leech Seed|[of] p1a: Giratina\n|-heal|p1a: Giratina|97\/100|[silent]\n|upkeep\n|turn|3\n|\n|t:|1698603263\n|move|p2a: Zacian|Play Rough|p1a: Giratina\n|-supereffective|p1a: Giratina\n|-damage|p1a: Giratina|0 fnt\n|faint|p1a: Giratina\n|\n|upkeep\n|\n|t:|1698603270\n|switch|p1a: Tapu Lele|Tapu Lele|100\/100\n|-fieldstart|move: Psychic Terrain|[from] ability: Psychic Surge|[of] p1a: Tapu Lele\n|turn|4\n|\n|t:|1698603284\n|move|p1a: Tapu Lele|Psychic|p2a: Zacian\n|-resisted|p2a: Zacian\n|-damage|p2a: Zacian|48\/100\n|move|p2a: Zacian|Behemoth Blade|p1a: Tapu Lele\n|-supereffective|p1a: Tapu Lele\n|-damage|p1a: Tapu Lele|0 fnt\n|faint|p1a: Tapu Lele\n|\n|upkeep\n|\n|t:|1698603303\n|switch|p1a: Darkrai|Darkrai|100\/100\n|turn|5\n|\n|t:|1698603309\n|move|p2a: Zacian|Play Rough|p1a: Darkrai\n|-supereffective|p1a: Darkrai\n|-damage|p1a: Darkrai|0 fnt\n|faint|p1a: Darkrai\n|\n|upkeep\n|\n|t:|1698603319\n|switch|p1a: Shaymin|Shaymin-Sky|100\/100\n|turn|6\n|\n|t:|1698603327\n|move|p2a: Zacian|Fire Fang|p1a: Shaymin\n|-supereffective|p1a: Shaymin\n|-damage|p1a: Shaymin|0 fnt\n|faint|p1a: Shaymin\n|\n|upkeep\n|\n|t:|1698603332\n|switch|p1a: Yveltal|Yveltal|100\/100\n|-ability|p1a: Yveltal|Dark Aura\n|turn|7\n|\n|t:|1698603347\n|move|p2a: Zacian|Play Rough|p1a: Yveltal\n|-supereffective|p1a: Yveltal\n|-damage|p1a: Yveltal|0 fnt\n|faint|p1a: Yveltal\n|\n|upkeep\n|\n|t:|1698603352\n|switch|p1a: Marshadow|Marshadow|100\/100\n|turn|8\n|\n|t:|1698603357\n|move|p2a: Zacian|Play Rough|p1a: Marshadow|[miss]\n|-miss|p2a: Zacian|p1a: Marshadow\n|move|p1a: Marshadow|Bulk Up|p1a: Marshadow\n|-boost|p1a: Marshadow|atk|1\n|-boost|p1a: Marshadow|def|1\n|\n|-damage|p2a: Zacian|35\/100|[from] Leech Seed|[of] p1a: Marshadow\n|-fieldend|move: Psychic Terrain\n|upkeep\n|turn|9\n|\n|t:|1698603367\n|move|p1a: Marshadow|Shadow Sneak|p2a: Zacian\n|-damage|p2a: Zacian|0 fnt\n|faint|p2a: Zacian\n|-damage|p1a: Marshadow|91\/100|[from] item: Life Orb\n|\n|upkeep\n|\n|t:|1698603382\n|switch|p2a: Marshadow|Marshadow|100\/100\n|turn|10\n|\n|t:|1698603395\n|move|p1a: Marshadow|Shadow Sneak|p2a: Marshadow\n|-supereffective|p2a: Marshadow\n|-damage|p2a: Marshadow|0 fnt\n|faint|p2a: Marshadow\n|-damage|p1a: Marshadow|81\/100|[from] item: Life Orb\n|\n|upkeep\n|\n|t:|1698603399\n|switch|p2a: Tyranitar|Tyranitar, F|100\/100\n|-weather|Sandstorm|[from] ability: Sand Stream|[of] p2a: Tyranitar\n|turn|11\n|\n|t:|1698603403\n|move|p1a: Marshadow|Close Combat|p2a: Tyranitar\n|-supereffective|p2a: Tyranitar\n|-damage|p2a: Tyranitar|0 fnt\n|-unboost|p1a: Marshadow|def|1\n|-unboost|p1a: Marshadow|spd|1\n|faint|p2a: Tyranitar\n|-damage|p1a: Marshadow|71\/100|[from] item: Life Orb\n|\n|-weather|Sandstorm|[upkeep]\n|-damage|p1a: Marshadow|64\/100|[from] Sandstorm\n|upkeep\n|\n|t:|1698603408\n|switch|p2a: Kyogre|Kyogre, shiny|100\/100\n|detailschange|p2a: Kyogre|Kyogre-Primal, shiny\n|-primal|p2a: Kyogre|Blue Orb\n|-weather|PrimordialSea|[from] ability: Primordial Sea|[of] p2a: Kyogre\n|turn|12\n|\n|t:|1698603419\n|-terastallize|p1a: Marshadow|Fighting\n|move|p1a: Marshadow|Close Combat|p2a: Kyogre\n|-damage|p2a: Kyogre|0 fnt\n|-unboost|p1a: Marshadow|def|1\n|-unboost|p1a: Marshadow|spd|1\n|faint|p2a: Kyogre\n|-weather|none\n|-damage|p1a: Marshadow|54\/100|[from] item: Life Orb\n|\n|upkeep\n|\n|t:|1698603427\n|switch|p2a: Kyurem|Kyurem-White, shiny|100\/100\n|-ability|p2a: Kyurem|Turboblaze\n|turn|13\n|\n|t:|1698603435\n|move|p1a: Marshadow|Close Combat|p2a: Kyurem\n|-supereffective|p2a: Kyurem\n|-damage|p2a: Kyurem|0 fnt\n|-unboost|p1a: Marshadow|def|1\n|-unboost|p1a: Marshadow|spd|1\n|faint|p2a: Kyurem\n|-damage|p1a: Marshadow|44\/100|[from] item: Life Orb\n|\n|upkeep\n|\n|t:|1698603438\n|switch|p2a: Mewtwo|Mewtwo|100\/100\n|-ability|p2a: Mewtwo|Unnerve\n|turn|14\n|\n|t:|1698603445\n|detailschange|p2a: Mewtwo|Mewtwo-Mega-Y\n|-mega|p2a: Mewtwo|Mewtwo|Mewtwonite Y\n|move|p1a: Marshadow|Shadow Sneak|p2a: Mewtwo\n|-supereffective|p2a: Mewtwo\n|-damage|p2a: Mewtwo|0 fnt\n|faint|p2a: Mewtwo\n|-damage|p1a: Marshadow|34\/100|[from] item: Life Orb\n|\n|win|Aksuk\n|raw|Aksuk's rating: 1060 &rarr; <strong>1102<\/strong><br \/>(+42 for winning)\n|raw|VGC Luvr's rating: 1191 &rarr; <strong>1157<\/strong><br \/>(-34 for losing)\n","uploadtime":1698603454,"views":12,"p1id":"aksuk","p2id":"vgcluvr","formatid":"gen9nationaldexubers","rating":1102,"private":0,"password":""}