{"id":"gen9nationaldexubers-1994833624","p1":"700club","p2":"27frd","format":"[Gen 9] National Dex Ubers","log":"|j|\u2606700club\n|j|\u260627frd\n|t:|1700497029\n|gametype|singles\n|player|p1|700club|shadowtriad|1381\n|player|p2|27frd|hilbert|1375\n|teamsize|p1|6\n|teamsize|p2|6\n|gen|9\n|tier|[Gen 9] National Dex Ubers\n|rated|\n|rule|HP Percentage Mod: HP is shown in percentages\n|rule|Endless Battle Clause: Forcing endless battles is banned\n|rule|OHKO Clause: OHKO moves are banned\n|rule|Evasion Moves Clause: Evasion moves are banned\n|rule|Evasion Items Clause: Evasion items are banned\n|rule|Species Clause: Limit one of each Pok\u00e9mon\n|rule|Sleep Clause Mod: Limit one foe put to sleep\n|rule|Mega Rayquaza Clause: You cannot mega evolve Rayquaza\n|clearpoke\n|poke|p1|Ogerpon-Hearthflame, F|\n|poke|p1|Ditto|\n|poke|p1|Deoxys-Speed|\n|poke|p1|Mewtwo|\n|poke|p1|Necrozma-Dusk-Mane|\n|poke|p1|Groudon|\n|poke|p2|Arceus|\n|poke|p2|Mew|\n|poke|p2|Darkrai|\n|poke|p2|Dialga|\n|poke|p2|Palkia|\n|poke|p2|Giratina|\n|teampreview\n|c|\u2606700club|hi\n|\n|t:|1700497050\n|start\n|switch|p1a: Deoxys|Deoxys-Speed|100\/100\n|switch|p2a: Darkrai|Darkrai|100\/100\n|-ability|p1a: Deoxys|Pressure\n|turn|1\n|\n|t:|1700497063\n|move|p1a: Deoxys|Taunt|p2a: Darkrai\n|-start|p2a: Darkrai|move: Taunt\n|move|p2a: Darkrai|Dark Pulse|p1a: Deoxys\n|-supereffective|p1a: Deoxys\n|-damage|p1a: Deoxys|5\/100\n|\n|upkeep\n|turn|2\n|\n|t:|1700497069\n|move|p1a: Deoxys|Stealth Rock|p2a: Darkrai\n|-sidestart|p2: 27frd|move: Stealth Rock\n|move|p2a: Darkrai|Charge Beam|p1a: Deoxys\n|-damage|p1a: Deoxys|0 fnt\n|-boost|p2a: Darkrai|spa|1\n|faint|p1a: Deoxys\n|\n|upkeep\n|\n|t:|1700497086\n|switch|p1a: Mewtwo|Mewtwo|100\/100\n|-ability|p1a: Mewtwo|Unnerve\n|turn|3\n|\n|t:|1700497095\n|detailschange|p1a: Mewtwo|Mewtwo-Mega-Y\n|-mega|p1a: Mewtwo|Mewtwo|Mewtwonite Y\n|move|p1a: Mewtwo|Ice Beam|p2a: Darkrai\n|-damage|p2a: Darkrai|39\/100\n|-status|p2a: Darkrai|frz\n|cant|p2a: Darkrai|frz\n|\n|-end|p2a: Darkrai|move: Taunt\n|upkeep\n|turn|4\n|\n|t:|1700497107\n|move|p1a: Mewtwo|Nasty Plot|p1a: Mewtwo\n|-boost|p1a: Mewtwo|spa|2\n|cant|p2a: Darkrai|frz\n|\n|upkeep\n|turn|5\n|\n|t:|1700497112\n|move|p1a: Mewtwo|Ice Beam|p2a: Darkrai\n|-damage|p2a: Darkrai|0 fnt\n|faint|p2a: Darkrai\n|\n|upkeep\n|\n|t:|1700497117\n|switch|p2a: Mew|Mew|100\/100\n|-damage|p2a: Mew|88\/100|[from] Stealth Rock\n|turn|6\n|\n|t:|1700497126\n|move|p1a: Mewtwo|Ice Beam|p2a: Mew\n|-damage|p2a: Mew|21\/100\n|-enditem|p2a: Mew|Red Card|[of] p1a: Mewtwo\n|drag|p1a: Groudon|Groudon|100\/100\n|detailschange|p1a: Groudon|Groudon-Primal\n|-primal|p1a: Groudon|Red Orb\n|-weather|DesolateLand|[from] ability: Desolate Land|[of] p1a: Groudon\n|move|p2a: Mew|Defog|p1a: Groudon\n|-unboost|p1a: Groudon|evasion|1\n|-sideend|p2: 27frd|Stealth Rock|[from] move: Defog|[of] p2a: Mew\n|\n|-weather|DesolateLand|[upkeep]\n|upkeep\n|turn|7\n|\n|t:|1700497146\n|move|p1a: Groudon|Rock Polish|p1a: Groudon\n|-boost|p1a: Groudon|spe|2\n|move|p2a: Mew|Toxic Spikes|p1a: Groudon\n|-sidestart|p1: 700club|move: Toxic Spikes\n|\n|-weather|DesolateLand|[upkeep]\n|upkeep\n|turn|8\n|\n|t:|1700497154\n|move|p1a: Groudon|Precipice Blades|p2a: Mew\n|-damage|p2a: Mew|0 fnt\n|faint|p2a: Mew\n|\n|-weather|DesolateLand|[upkeep]\n|upkeep\n|\n|t:|1700497164\n|switch|p2a: Dialga|Dialga|100\/100\n|-ability|p2a: Dialga|Pressure\n|turn|9\n|\n|t:|1700497182\n|-terastallize|p2a: Dialga|Flying\n|move|p1a: Groudon|Precipice Blades|p2a: Dialga\n|-immune|p2a: Dialga\n|move|p2a: Dialga|Earth Power|p1a: Groudon\n|-supereffective|p1a: Groudon\n|-damage|p1a: Groudon|40\/100\n|\n|-weather|DesolateLand|[upkeep]\n|upkeep\n|turn|10\n|\n|t:|1700497190\n|move|p1a: Groudon|Stone Edge|p2a: Dialga|[miss]\n|-miss|p1a: Groudon|p2a: Dialga\n|move|p2a: Dialga|Earth Power|p1a: Groudon\n|-supereffective|p1a: Groudon\n|-damage|p1a: Groudon|0 fnt\n|faint|p1a: Groudon\n|-weather|none\n|\n|upkeep\n|\n|t:|1700497207\n|switch|p1a: Mewtwo|Mewtwo-Mega-Y|100\/100\n|-status|p1a: Mewtwo|psn\n|turn|11\n|\n|t:|1700497214\n|move|p1a: Mewtwo|Ice Beam|p2a: Dialga\n|-supereffective|p2a: Dialga\n|-damage|p2a: Dialga|57\/100\n|-status|p2a: Dialga|frz\n|cant|p2a: Dialga|frz\n|\n|-damage|p1a: Mewtwo|88\/100 psn|[from] psn\n|upkeep\n|turn|12\n|c|\u2606700club|wtf\n|c|\u2606700club|10% chance\n|\n|t:|1700497239\n|move|p1a: Mewtwo|Nasty Plot|p1a: Mewtwo\n|-boost|p1a: Mewtwo|spa|2\n|cant|p2a: Dialga|frz\n|\n|-damage|p1a: Mewtwo|76\/100 psn|[from] psn\n|upkeep\n|turn|13\n|\n|t:|1700497246\n|move|p1a: Mewtwo|Ice Beam|p2a: Dialga\n|-supereffective|p2a: Dialga\n|-damage|p2a: Dialga|0 fnt\n|faint|p2a: Dialga\n|\n|-damage|p1a: Mewtwo|63\/100 psn|[from] psn\n|upkeep\n|\n|t:|1700497253\n|switch|p2a: Palkia|Palkia|100\/100\n|-ability|p2a: Palkia|Pressure\n|turn|14\n|\n|t:|1700497260\n|move|p2a: Palkia|Spacial Rend|p1a: Mewtwo\n|-damage|p1a: Mewtwo|16\/100 psn\n|move|p1a: Mewtwo|Psystrike|p2a: Palkia\n|-damage|p2a: Palkia|0 fnt\n|faint|p2a: Palkia\n|\n|-damage|p1a: Mewtwo|3\/100 psn|[from] psn\n|upkeep\n|\n|t:|1700497266\n|switch|p2a: Giratina|Giratina|100\/100\n|-ability|p2a: Giratina|Pressure\n|turn|15\n|\n|t:|1700497283\n|move|p1a: Mewtwo|Ice Beam|p2a: Giratina\n|-supereffective|p2a: Giratina\n|-damage|p2a: Giratina|16\/100\n|move|p2a: Giratina|Hex|p1a: Mewtwo\n|-supereffective|p1a: Mewtwo\n|-damage|p1a: Mewtwo|0 fnt\n|faint|p1a: Mewtwo\n|\n|upkeep\n|\n|t:|1700497306\n|switch|p1a: Necrozma|Necrozma-Dusk-Mane|100\/100\n|turn|16\n|\n|t:|1700497322\n|detailschange|p1a: Necrozma|Necrozma-Ultra\n|-burst|p1a: Necrozma|Necrozma|Ultranecrozium Z\n|move|p1a: Necrozma|Photon Geyser|p2a: Giratina\n|-damage|p2a: Giratina|0 fnt\n|faint|p2a: Giratina\n|\n|upkeep\n|\n|t:|1700497327\n|switch|p2a: Arceus|Arceus|100\/100\n|turn|17\n|\n|t:|1700497333\n|-zpower|p1a: Necrozma\n|move|p1a: Necrozma|Light That Burns the Sky|p2a: Arceus|[zeffect]\n|-damage|p2a: Arceus|21\/100\n|move|p2a: Arceus|Cosmic Power|p2a: Arceus\n|-boost|p2a: Arceus|def|1\n|-boost|p2a: Arceus|spd|1\n|\n|-heal|p2a: Arceus|27\/100|[from] item: Leftovers\n|upkeep\n|turn|18\n|\n|t:|1700497342\n|move|p1a: Necrozma|Photon Geyser|p2a: Arceus\n|-crit|p2a: Arceus\n|-damage|p2a: Arceus|0 fnt\n|faint|p2a: Arceus\n|\n|win|700club\n|raw|700club's rating: 1381 &rarr; <strong>1401<\/strong><br \/>(+20 for winning)\n|raw|27frd's rating: 1375 &rarr; <strong>1355<\/strong><br \/>(-20 for losing)\n|c|\u2606700club|gg\n|l|\u260627frd\n","uploadtime":1700497352,"views":3,"p1id":"700club","p2id":"27frd","formatid":"gen9nationaldexubers","rating":1355,"private":0,"password":""}