{"id":"gen9nationaldexubers-1986351179","p1":"babbona","p2":"Felipequiron","format":"[Gen 9] National Dex Ubers","log":"|j|\u2606babbona\n|j|\u2606Felipequiron\n|t:|1699471536\n|gametype|singles\n|player|p1|babbona|ghetsis-gen5bw|1382\n|player|p2|Felipequiron|lucas|1267\n|teamsize|p1|6\n|teamsize|p2|6\n|gen|9\n|tier|[Gen 9] National Dex Ubers\n|rated|\n|rule|HP Percentage Mod: HP is shown in percentages\n|rule|Endless Battle Clause: Forcing endless battles is banned\n|rule|OHKO Clause: OHKO moves are banned\n|rule|Evasion Moves Clause: Evasion moves are banned\n|rule|Evasion Items Clause: Evasion items are banned\n|rule|Species Clause: Limit one of each Pok\u00e9mon\n|rule|Sleep Clause Mod: Limit one foe put to sleep\n|rule|Mega Rayquaza Clause: You cannot mega evolve Rayquaza\n|clearpoke\n|poke|p1|Zygarde|\n|poke|p1|Marshadow|\n|poke|p1|Mewtwo|\n|poke|p1|Necrozma-Dusk-Mane|\n|poke|p1|Solgaleo|\n|poke|p1|Shuckle, F|\n|poke|p2|Darkrai|\n|poke|p2|Gholdengo|\n|poke|p2|Ogerpon-Hearthflame, F|\n|poke|p2|Medicham, M|\n|poke|p2|Cresselia, F|\n|poke|p2|Regieleki|\n|teampreview\n|inactive|Battle timer is ON: inactive players will automatically lose when time's up. (requested by Felipequiron)\n|\n|t:|1699471543\n|start\n|switch|p1a: Dustin The Turkey|Shuckle, F|100\/100\n|switch|p2a: Medicham|Medicham, M|100\/100\n|turn|1\n|\n|t:|1699471547\n|detailschange|p2a: Medicham|Medicham-Mega, M\n|-mega|p2a: Medicham|Medicham|Medichamite\n|move|p2a: Medicham|Bulk Up|p2a: Medicham\n|-boost|p2a: Medicham|atk|1\n|-boost|p2a: Medicham|def|1\n|move|p1a: Dustin The Turkey|Stealth Rock|p2a: Medicham\n|-sidestart|p2: Felipequiron|move: Stealth Rock\n|\n|upkeep\n|turn|2\n|\n|t:|1699471559\n|move|p2a: Medicham|Bullet Punch|p1a: Dustin The Turkey\n|-supereffective|p1a: Dustin The Turkey\n|-damage|p1a: Dustin The Turkey|56\/100\n|-enditem|p1a: Dustin The Turkey|Red Card|[of] p2a: Medicham\n|drag|p2a: Gholdengo|Gholdengo|100\/100\n|-damage|p2a: Gholdengo|94\/100|[from] Stealth Rock\n|move|p1a: Dustin The Turkey|Sticky Web|p2a: Gholdengo\n|-sidestart|p2: Felipequiron|move: Sticky Web\n|\n|upkeep\n|turn|3\n|\n|t:|1699471569\n|move|p2a: Gholdengo|Make It Rain|p1a: Dustin The Turkey\n|-supereffective|p1a: Dustin The Turkey\n|-damage|p1a: Dustin The Turkey|0 fnt\n|-unboost|p2a: Gholdengo|spa|1\n|-enditem|p2a: Gholdengo|White Herb\n|-clearnegativeboost|p2a: Gholdengo|[silent]\n|faint|p1a: Dustin The Turkey\n|\n|upkeep\n|\n|t:|1699471585\n|switch|p1a: Lord Of The Lost|Solgaleo|100\/100\n|turn|4\n|\n|t:|1699471593\n|move|p1a: Lord Of The Lost|Flame Charge|p2a: Gholdengo\n|-supereffective|p2a: Gholdengo\n|-damage|p2a: Gholdengo|53\/100\n|-boost|p1a: Lord Of The Lost|spe|1\n|move|p2a: Gholdengo|Shadow Ball|p1a: Lord Of The Lost\n|-supereffective|p1a: Lord Of The Lost\n|-damage|p1a: Lord Of The Lost|29\/100\n|-enditem|p1a: Lord Of The Lost|Weakness Policy\n|-boost|p1a: Lord Of The Lost|atk|2|[from] item: Weakness Policy\n|-boost|p1a: Lord Of The Lost|spa|2|[from] item: Weakness Policy\n|\n|upkeep\n|turn|5\n|\n|t:|1699471602\n|move|p1a: Lord Of The Lost|Earthquake|p2a: Gholdengo\n|-supereffective|p2a: Gholdengo\n|-damage|p2a: Gholdengo|0 fnt\n|faint|p2a: Gholdengo\n|\n|upkeep\n|\n|t:|1699471606\n|switch|p2a: Regieleki|Regieleki|100\/100\n|turn|6\n|\n|t:|1699471612\n|move|p2a: Regieleki|Rapid Spin|p1a: Lord Of The Lost\n|-resisted|p1a: Lord Of The Lost\n|-damage|p1a: Lord Of The Lost|25\/100\n|-boost|p2a: Regieleki|spe|1\n|-sideend|p2: Felipequiron|Stealth Rock|[from] move: Rapid Spin|[of] p2a: Regieleki\n|-sideend|p2: Felipequiron|Sticky Web|[from] move: Rapid Spin|[of] p2a: Regieleki\n|move|p1a: Lord Of The Lost|Earthquake|p2a: Regieleki\n|-supereffective|p2a: Regieleki\n|-damage|p2a: Regieleki|0 fnt\n|faint|p2a: Regieleki\n|\n|upkeep\n|\n|t:|1699471628\n|switch|p2a: Ogerpon|Ogerpon-Hearthflame, F|100\/100\n|-ability|p2a: Ogerpon|Mold Breaker\n|turn|7\n|\n|t:|1699471634\n|-terastallize|p2a: Ogerpon|Fire\n|detailschange|p2a: Ogerpon|Ogerpon-Hearthflame-Tera, F, tera:Fire\n|-ability|p2a: Ogerpon|Embody Aspect (Hearthflame)|boost\n|-boost|p2a: Ogerpon|atk|1\n|move|p1a: Lord Of The Lost|Earthquake|p2a: Ogerpon\n|-supereffective|p2a: Ogerpon\n|-damage|p2a: Ogerpon|0 fnt\n|faint|p2a: Ogerpon\n|\n|upkeep\n|\n|t:|1699471638\n|switch|p2a: Medicham|Medicham-Mega, M|100\/100\n|turn|8\n|\n|t:|1699471646\n|move|p2a: Medicham|Bullet Punch|p1a: Lord Of The Lost\n|-resisted|p1a: Lord Of The Lost\n|-damage|p1a: Lord Of The Lost|17\/100\n|move|p1a: Lord Of The Lost|Crunch|p2a: Medicham\n|-damage|p2a: Medicham|17\/100\n|\n|upkeep\n|turn|9\n|-message|Felipequiron forfeited.\n|\n|win|babbona\n|raw|babbona's rating: 1382 &rarr; <strong>1396<\/strong><br \/>(+14 for winning)\n|raw|Felipequiron's rating: 1267 &rarr; <strong>1250<\/strong><br \/>(-17 for losing)\n|l|\u2606Felipequiron\n","uploadtime":1699471685,"views":4,"p1id":"babbona","p2id":"felipequiron","formatid":"gen9nationaldexubers","rating":1250,"private":0,"password":""}