{"id":"gen9nationaldexubers-1986874360","p1":"Szymszym134","p2":"85792195wwww","format":"[Gen 9] National Dex Ubers","log":"|j|\u2606Szymszym134\n|j|\u260685792195wwww\n|t:|1699536638\n|gametype|singles\n|player|p1|Szymszym134|elesa|1582\n|player|p2|85792195wwww|mira|1780\n|teamsize|p1|6\n|teamsize|p2|6\n|gen|9\n|tier|[Gen 9] National Dex Ubers\n|rated|\n|rule|HP Percentage Mod: HP is shown in percentages\n|rule|Endless Battle Clause: Forcing endless battles is banned\n|rule|OHKO Clause: OHKO moves are banned\n|rule|Evasion Moves Clause: Evasion moves are banned\n|rule|Evasion Items Clause: Evasion items are banned\n|rule|Species Clause: Limit one of each Pok\u00e9mon\n|rule|Sleep Clause Mod: Limit one foe put to sleep\n|rule|Mega Rayquaza Clause: You cannot mega evolve Rayquaza\n|clearpoke\n|poke|p1|Ho-Oh|\n|poke|p1|Ditto|\n|poke|p1|Mewtwo|\n|poke|p1|Kingambit, F|\n|poke|p1|Garganacl, F|\n|poke|p1|Arceus-Fairy|\n|poke|p2|Kyurem-Black|\n|poke|p2|Krookodile, F|\n|poke|p2|Gholdengo|\n|poke|p2|Groudon|\n|poke|p2|Arceus-Ground|\n|poke|p2|Ribombee, F|\n|teampreview\n|inactive|Battle timer is ON: inactive players will automatically lose when time's up. (requested by Szymszym134)\n|\n|t:|1699536647\n|start\n|switch|p1a: Arceus|Arceus-Fairy|100\/100\n|switch|p2a: Ribombee|Ribombee, F|100\/100\n|turn|1\n|j| Loilipop\n|\n|t:|1699536657\n|move|p2a: Ribombee|Sticky Web|p1a: Arceus\n|-sidestart|p1: Szymszym134|move: Sticky Web\n|move|p1a: Arceus|Judgment|p2a: Ribombee\n|-damage|p2a: Ribombee|22\/100\n|\n|upkeep\n|turn|2\n|\n|t:|1699536671\n|move|p2a: Ribombee|Moonblast|p1a: Arceus\n|-damage|p1a: Arceus|75\/100\n|move|p1a: Arceus|Judgment|p2a: Ribombee\n|-damage|p2a: Ribombee|0 fnt\n|faint|p2a: Ribombee\n|\n|upkeep\n|\n|t:|1699536680\n|switch|p2a: Krookodile|Krookodile, F|100\/100\n|-ability|p2a: Krookodile|Intimidate|boost\n|-unboost|p1a: Arceus|atk|1\n|turn|3\n|\n|t:|1699536694\n|move|p2a: Krookodile|Stealth Rock|p1a: Arceus\n|-sidestart|p1: Szymszym134|move: Stealth Rock\n|move|p1a: Arceus|Judgment|p2a: Krookodile\n|-supereffective|p2a: Krookodile\n|-enditem|p2a: Krookodile|Focus Sash\n|-damage|p2a: Krookodile|1\/100\n|\n|upkeep\n|turn|4\n|\n|t:|1699536706\n|move|p2a: Krookodile|Bulldoze|p1a: Arceus\n|-damage|p1a: Arceus|59\/100\n|-unboost|p1a: Arceus|spe|1\n|move|p1a: Arceus|Judgment|p2a: Krookodile\n|-supereffective|p2a: Krookodile\n|-damage|p2a: Krookodile|0 fnt\n|faint|p2a: Krookodile\n|\n|upkeep\n|\n|t:|1699536716\n|switch|p2a: Groudon|Groudon|100\/100\n|detailschange|p2a: Groudon|Groudon-Primal\n|-primal|p2a: Groudon|Red Orb\n|-weather|DesolateLand|[from] ability: Desolate Land|[of] p2a: Groudon\n|turn|5\n|\n|t:|1699536722\n|move|p2a: Groudon|Eruption|p1a: Arceus\n|-damage|p1a: Arceus|0 fnt\n|faint|p1a: Arceus\n|\n|-weather|DesolateLand|[upkeep]\n|upkeep\n|\n|t:|1699536731\n|switch|p1a: Ho-Oh|Ho-Oh|100\/100\n|turn|6\n|\n|t:|1699536737\n|-weather|none\n|switch|p2a: Gholdengo|Gholdengo|100\/100\n|-terastallize|p1a: Ho-Oh|Fire\n|move|p1a: Ho-Oh|Defog|p2a: Gholdengo\n|-immune|p2a: Gholdengo|[from] ability: Good as Gold\n|\n|upkeep\n|turn|7\n|\n|t:|1699536748\n|move|p2a: Gholdengo|Trick|p1a: Ho-Oh\n|-activate|p2a: Gholdengo|move: Trick|[of] p1a: Ho-Oh\n|-item|p1a: Ho-Oh|Choice Specs|[from] move: Trick\n|-item|p2a: Gholdengo|Heavy-Duty Boots|[from] move: Trick\n|move|p1a: Ho-Oh|Toxic|p2a: Gholdengo\n|-immune|p2a: Gholdengo|[from] ability: Good as Gold\n|\n|upkeep\n|turn|8\n|\n|t:|1699536764\n|switch|p1a: Kingambit|Kingambit, F|100\/100\n|-activate|p1a: Kingambit|move: Sticky Web\n|-unboost|p1a: Kingambit|spe|1\n|-damage|p1a: Kingambit|94\/100|[from] Stealth Rock\n|-activate|p1a: Kingambit|ability: Supreme Overlord\n|-start|p1a: Kingambit|fallen1|[silent]\n|move|p2a: Gholdengo|Nasty Plot|p2a: Gholdengo\n|-boost|p2a: Gholdengo|spa|2\n|\n|upkeep\n|turn|9\n|\n|t:|1699536780\n|move|p2a: Gholdengo|Make It Rain|p1a: Kingambit\n|-resisted|p1a: Kingambit\n|-damage|p1a: Kingambit|30\/100\n|-unboost|p2a: Gholdengo|spa|1\n|move|p1a: Kingambit|Knock Off|p2a: Gholdengo\n|-supereffective|p2a: Gholdengo\n|-damage|p2a: Gholdengo|0 fnt\n|-enditem|p2a: Gholdengo|Heavy-Duty Boots|[from] move: Knock Off|[of] p1a: Kingambit\n|faint|p2a: Gholdengo\n|\n|upkeep\n|j| 1 em trach thu\n|inactive|85792195wwww has 120 seconds left.\n|\n|t:|1699536825\n|switch|p2a: Arceus|Arceus-Ground|100\/100\n|turn|10\n|\n|t:|1699536854\n|move|p1a: Kingambit|Sucker Punch|p2a: Arceus\n|-damage|p2a: Arceus|64\/100\n|move|p2a: Arceus|Earthquake|p1a: Kingambit\n|-supereffective|p1a: Kingambit\n|-damage|p1a: Kingambit|0 fnt\n|faint|p1a: Kingambit\n|-end|p1a: Kingambit|fallen1|[silent]\n|\n|upkeep\n|inactive|Szymszym134 has 120 seconds left.\n|\n|t:|1699536865\n|switch|p1a: Ditto|Ditto|100\/100\n|-activate|p1a: Ditto|move: Sticky Web\n|-unboost|p1a: Ditto|spe|1\n|-damage|p1a: Ditto|88\/100|[from] Stealth Rock\n|-transform|p1a: Ditto|p2a: Arceus|[from] ability: Imposter\n|turn|11\n|\n|t:|1699536874\n|move|p1a: Ditto|Earthquake|p2a: Arceus\n|-damage|p2a: Arceus|26\/100\n|-zpower|p2a: Arceus\n|move|p2a: Arceus|Tectonic Rage|p1a: Ditto|[zeffect]\n|-damage|p1a: Ditto|0 fnt\n|faint|p1a: Ditto\n|\n|upkeep\n|\n|t:|1699536880\n|switch|p1a: Ho-Oh|Ho-Oh, tera:Fire|100\/100\n|-activate|p1a: Ho-Oh|move: Sticky Web\n|-unboost|p1a: Ho-Oh|spe|1\n|-damage|p1a: Ho-Oh|76\/100|[from] Stealth Rock\n|turn|12\n|inactive|85792195wwww has 120 seconds left.\n|\n|t:|1699536894\n|move|p2a: Arceus|Earthquake|p1a: Ho-Oh\n|-supereffective|p1a: Ho-Oh\n|-damage|p1a: Ho-Oh|0 fnt\n|faint|p1a: Ho-Oh\n|\n|upkeep\n|-message|Szymszym134 forfeited.\n|\n|win|85792195wwww\n|raw|Szymszym134's rating: 1582 &rarr; <strong>1572<\/strong><br \/>(-10 for losing)\n|raw|85792195wwww's rating: 1780 &rarr; <strong>1790<\/strong><br \/>(+10 for winning)\n|l|\u2606Szymszym134\n","uploadtime":1699536902,"views":10,"p1id":"szymszym134","p2id":"85792195wwww","formatid":"gen9nationaldexubers","rating":1572,"private":0,"password":""}