{"id":"gen9nationaldexubers-1984283845","p1":"NDUK shitfart","p2":"Hayakawa00aki","format":"[Gen 9] National Dex Ubers","log":"|j|\u2606NDUK shitfart\n|j|\u2606Hayakawa00aki\n|t:|1699238822\n|gametype|singles\n|player|p1|NDUK shitfart|hiker-gen4|1524\n|player|p2|Hayakawa00aki|102|1395\n|teamsize|p1|6\n|teamsize|p2|6\n|gen|9\n|tier|[Gen 9] National Dex Ubers\n|rated|\n|rule|HP Percentage Mod: HP is shown in percentages\n|rule|Endless Battle Clause: Forcing endless battles is banned\n|rule|OHKO Clause: OHKO moves are banned\n|rule|Evasion Moves Clause: Evasion moves are banned\n|rule|Evasion Items Clause: Evasion items are banned\n|rule|Species Clause: Limit one of each Pok\u00e9mon\n|rule|Sleep Clause Mod: Limit one foe put to sleep\n|rule|Mega Rayquaza Clause: You cannot mega evolve Rayquaza\n|clearpoke\n|poke|p1|Deoxys-Speed|\n|poke|p1|Arceus|\n|poke|p1|Zacian-*|\n|poke|p1|Salamence, M|\n|poke|p1|Kyogre|\n|poke|p1|Ho-Oh|\n|poke|p2|Groudon|\n|poke|p2|Marshadow|\n|poke|p2|Shuckle, M|\n|poke|p2|Darmanitan-Galar, F|\n|poke|p2|Charizard, F|\n|poke|p2|Giratina|\n|teampreview\n|inactive|Battle timer is ON: inactive players will automatically lose when time's up. (requested by Hayakawa00aki)\n|\n|t:|1699238842\n|start\n|switch|p1a: testes torsion|Deoxys-Speed|100\/100\n|switch|p2a: Shuckle|Shuckle, M|100\/100\n|-ability|p1a: testes torsion|Pressure\n|turn|1\n|\n|t:|1699238848\n|move|p1a: testes torsion|Knock Off|p2a: Shuckle\n|-damage|p2a: Shuckle|79\/100\n|-enditem|p2a: Shuckle|Mental Herb|[from] move: Knock Off|[of] p1a: testes torsion\n|move|p2a: Shuckle|Encore|p1a: testes torsion\n|-start|p1a: testes torsion|Encore\n|-enditem|p1a: testes torsion|Mental Herb\n|-end|p1a: testes torsion|Encore\n|\n|upkeep\n|turn|2\n|\n|t:|1699238856\n|move|p1a: testes torsion|Stealth Rock|p2a: Shuckle\n|-sidestart|p2: Hayakawa00aki|move: Stealth Rock\n|move|p2a: Shuckle|Stealth Rock|p1a: testes torsion\n|-sidestart|p1: NDUK shitfart|move: Stealth Rock\n|\n|upkeep\n|turn|3\n|\n|t:|1699238860\n|switch|p1a: NO FUN ALLOWED|Kyogre|100\/100\n|-damage|p1a: NO FUN ALLOWED|88\/100|[from] Stealth Rock\n|detailschange|p1a: NO FUN ALLOWED|Kyogre-Primal\n|-primal|p1a: NO FUN ALLOWED|Blue Orb\n|-weather|PrimordialSea|[from] ability: Primordial Sea|[of] p1a: NO FUN ALLOWED\n|move|p2a: Shuckle|Sticky Web|p1a: NO FUN ALLOWED\n|-sidestart|p1: NDUK shitfart|move: Sticky Web\n|\n|-weather|PrimordialSea|[upkeep]\n|upkeep\n|turn|4\n|\n|t:|1699238881\n|move|p1a: NO FUN ALLOWED|Substitute|p1a: NO FUN ALLOWED\n|-start|p1a: NO FUN ALLOWED|Substitute\n|-damage|p1a: NO FUN ALLOWED|63\/100\n|move|p2a: Shuckle|Toxic||[still]\n|-fail|p2a: Shuckle\n|\n|-weather|PrimordialSea|[upkeep]\n|upkeep\n|turn|5\n|\n|t:|1699238891\n|move|p1a: NO FUN ALLOWED|Origin Pulse|p2a: Shuckle\n|-supereffective|p2a: Shuckle\n|-damage|p2a: Shuckle|0 fnt\n|faint|p2a: Shuckle\n|\n|-weather|PrimordialSea|[upkeep]\n|upkeep\n|\n|t:|1699238898\n|switch|p2a: Edgy emo|Marshadow|100\/100\n|-damage|p2a: Edgy emo|94\/100|[from] Stealth Rock\n|turn|6\n|\n|t:|1699238903\n|move|p2a: Edgy emo|Spectral Thief|p1a: NO FUN ALLOWED\n|-damage|p1a: NO FUN ALLOWED|16\/100\n|move|p1a: NO FUN ALLOWED|Water Spout|p2a: Edgy emo\n|-damage|p2a: Edgy emo|67\/100\n|\n|-weather|PrimordialSea|[upkeep]\n|upkeep\n|turn|7\n|\n|t:|1699238909\n|move|p2a: Edgy emo|Spectral Thief|p1a: NO FUN ALLOWED\n|-damage|p1a: NO FUN ALLOWED|0 fnt\n|faint|p1a: NO FUN ALLOWED\n|-weather|none\n|\n|upkeep\n|\n|t:|1699238917\n|switch|p1a: Pinsir-Mega 2??|Salamence, M|100\/100\n|-damage|p1a: Pinsir-Mega 2??|76\/100|[from] Stealth Rock\n|-ability|p1a: Pinsir-Mega 2??|Intimidate|boost\n|-unboost|p2a: Edgy emo|atk|1\n|turn|8\n|\n|t:|1699238921\n|detailschange|p1a: Pinsir-Mega 2??|Salamence-Mega, M\n|-mega|p1a: Pinsir-Mega 2??|Salamence|Salamencite\n|move|p2a: Edgy emo|Swagger|p1a: Pinsir-Mega 2??|[miss]\n|-miss|p2a: Edgy emo|p1a: Pinsir-Mega 2??\n|move|p1a: Pinsir-Mega 2??|Dragon Dance|p1a: Pinsir-Mega 2??\n|-boost|p1a: Pinsir-Mega 2??|atk|1\n|-boost|p1a: Pinsir-Mega 2??|spe|1\n|\n|upkeep\n|turn|9\n|\n|t:|1699238928\n|move|p1a: Pinsir-Mega 2??|Frustration|p2a: Edgy emo\n|-supereffective|p2a: Edgy emo\n|-damage|p2a: Edgy emo|0 fnt\n|faint|p2a: Edgy emo\n|\n|upkeep\n|\n|t:|1699238931\n|switch|p2a: Real dinosaur|Groudon, shiny|100\/100\n|-damage|p2a: Real dinosaur|94\/100|[from] Stealth Rock\n|detailschange|p2a: Real dinosaur|Groudon-Primal, shiny\n|-primal|p2a: Real dinosaur|Red Orb\n|-weather|DesolateLand|[from] ability: Desolate Land|[of] p2a: Real dinosaur\n|turn|10\n|c|\u2606NDUK shitfart|thats a stupid ass set\n|c|\u2606NDUK shitfart|mirror herb marshadow\n|\n|t:|1699238939\n|move|p1a: Pinsir-Mega 2??|Substitute|p1a: Pinsir-Mega 2??\n|-start|p1a: Pinsir-Mega 2??|Substitute\n|-damage|p1a: Pinsir-Mega 2??|51\/100\n|move|p2a: Real dinosaur|Heat Crash|p1a: Pinsir-Mega 2??\n|-resisted|p1a: Pinsir-Mega 2??\n|-end|p1a: Pinsir-Mega 2??|Substitute\n|\n|-weather|DesolateLand|[upkeep]\n|upkeep\n|turn|11\n|\n|t:|1699238945\n|move|p1a: Pinsir-Mega 2??|Earthquake|p2a: Real dinosaur\n|-supereffective|p2a: Real dinosaur\n|-damage|p2a: Real dinosaur|0 fnt\n|faint|p2a: Real dinosaur\n|-weather|none\n|\n|upkeep\n|c|\u2606Hayakawa00aki|No I wanted to go see trial thief\n|c|\u2606Hayakawa00aki|Spectrial\n|c|\u2606Hayakawa00aki|srh\n|\n|t:|1699238967\n|switch|p2a: Lime ice cream|Darmanitan-Galar, F, shiny|100\/100\n|-damage|p2a: Lime ice cream|76\/100|[from] Stealth Rock\n|turn|12\n|\n|t:|1699238973\n|move|p1a: Pinsir-Mega 2??|Frustration|p2a: Lime ice cream\n|-damage|p2a: Lime ice cream|0 fnt\n|faint|p2a: Lime ice cream\n|\n|upkeep\n|\n|t:|1699238977\n|switch|p2a: Giratina|Giratina, shiny|100\/100\n|-damage|p2a: Giratina|88\/100|[from] Stealth Rock\n|-ability|p2a: Giratina|Pressure\n|turn|13\n|\n|t:|1699238981\n|move|p1a: Pinsir-Mega 2??|Substitute|p1a: Pinsir-Mega 2??\n|-start|p1a: Pinsir-Mega 2??|Substitute\n|-damage|p1a: Pinsir-Mega 2??|26\/100\n|move|p2a: Giratina|Dragon Tail|p1a: Pinsir-Mega 2??\n|-supereffective|p1a: Pinsir-Mega 2??\n|-end|p1a: Pinsir-Mega 2??|Substitute\n|\n|-heal|p2a: Giratina|94\/100|[from] item: Leftovers\n|upkeep\n|turn|14\n|\n|t:|1699238985\n|move|p1a: Pinsir-Mega 2??|Frustration|p2a: Giratina\n|-damage|p2a: Giratina|47\/100\n|move|p2a: Giratina|Dragon Tail|p1a: Pinsir-Mega 2??\n|-supereffective|p1a: Pinsir-Mega 2??\n|-damage|p1a: Pinsir-Mega 2??|0 fnt\n|faint|p1a: Pinsir-Mega 2??\n|\n|-heal|p2a: Giratina|53\/100|[from] item: Leftovers\n|upkeep\n|\n|t:|1699238989\n|switch|p1a: i miss moltres|Ho-Oh, shiny|100\/100\n|turn|15\n|\n|t:|1699238996\n|move|p1a: i miss moltres|Defog|p2a: Giratina\n|-unboost|p2a: Giratina|evasion|1\n|-sideend|p2: Hayakawa00aki|Stealth Rock|[from] move: Defog|[of] p1a: i miss moltres\n|-sideend|p1: NDUK shitfart|Stealth Rock|[from] move: Defog|[of] p1a: i miss moltres\n|-sideend|p1: NDUK shitfart|Sticky Web|[from] move: Defog|[of] p1a: i miss moltres\n|move|p2a: Giratina|Dragon Tail|p1a: i miss moltres\n|-damage|p1a: i miss moltres|87\/100\n|drag|p1a: stored in de balls|Arceus, shiny|100\/100\n|\n|-heal|p2a: Giratina|59\/100|[from] item: Leftovers\n|upkeep\n|turn|16\n|\n|t:|1699239000\n|move|p1a: stored in de balls|Shadow Claw|p2a: Giratina\n|-supereffective|p2a: Giratina\n|-damage|p2a: Giratina|36\/100\n|move|p2a: Giratina|Dragon Tail|p1a: stored in de balls\n|-damage|p1a: stored in de balls|87\/100\n|drag|p1a: switch to peedon|Zacian-Crowned, shiny|100\/100\n|-ability|p1a: switch to peedon|Intrepid Sword|boost\n|-boost|p1a: switch to peedon|atk|1\n|\n|-heal|p2a: Giratina|42\/100|[from] item: Leftovers\n|upkeep\n|turn|17\n|\n|t:|1699239006\n|move|p1a: switch to peedon|Swords Dance|p1a: switch to peedon\n|-boost|p1a: switch to peedon|atk|2\n|move|p2a: Giratina|Will-O-Wisp|p1a: switch to peedon\n|-status|p1a: switch to peedon|brn\n|\n|-heal|p2a: Giratina|48\/100|[from] item: Leftovers\n|-damage|p1a: switch to peedon|94\/100 brn|[from] brn\n|upkeep\n|turn|18\n|\n|t:|1699239014\n|move|p1a: switch to peedon|Behemoth Blade|p2a: Giratina\n|-damage|p2a: Giratina|18\/100\n|move|p2a: Giratina|Rest|p2a: Giratina\n|-status|p2a: Giratina|slp|[from] move: Rest\n|-heal|p2a: Giratina|100\/100 slp|[silent]\n|\n|-damage|p1a: switch to peedon|88\/100 brn|[from] brn\n|upkeep\n|turn|19\n|c|\u2606NDUK shitfart|now you willo\n|c|\u2606NDUK shitfart|cringe\n|\n|t:|1699239023\n|switch|p1a: stored in de balls|Arceus, shiny|87\/100\n|cant|p2a: Giratina|slp\n|\n|upkeep\n|turn|20\n|c|\u2606Hayakawa00aki|I mean\n|c|\u2606Hayakawa00aki|why not\n|\n|t:|1699239030\n|move|p1a: stored in de balls|Taunt|p2a: Giratina\n|-start|p2a: Giratina|move: Taunt\n|cant|p2a: Giratina|slp\n|\n|upkeep\n|turn|21\n|\n|t:|1699239033\n|move|p1a: stored in de balls|Swords Dance|p1a: stored in de balls\n|-boost|p1a: stored in de balls|atk|2\n|-curestatus|p2a: Giratina|slp|[msg]\n|move|p2a: Giratina|Dragon Tail|p1a: stored in de balls\n|-damage|p1a: stored in de balls|73\/100\n|drag|p1a: i miss moltres|Ho-Oh, shiny|100\/100\n|\n|upkeep\n|turn|22\n|\n|t:|1699239040\n|move|p1a: i miss moltres|Brave Bird|p2a: Giratina\n|-damage|p2a: Giratina|79\/100\n|-damage|p1a: i miss moltres|92\/100|[from] Recoil\n|move|p2a: Giratina|Dragon Tail|p1a: i miss moltres\n|-damage|p1a: i miss moltres|78\/100\n|drag|p1a: stored in de balls|Arceus, shiny|73\/100\n|\n|-heal|p2a: Giratina|86\/100|[from] item: Leftovers\n|-end|p2a: Giratina|move: Taunt\n|upkeep\n|turn|23\n|\n|t:|1699239046\n|move|p1a: stored in de balls|Taunt|p2a: Giratina\n|-start|p2a: Giratina|move: Taunt\n|cant|p2a: Giratina|move: Taunt|Will-O-Wisp\n|\n|-heal|p2a: Giratina|92\/100|[from] item: Leftovers\n|upkeep\n|turn|24\n|\n|t:|1699239049\n|move|p1a: stored in de balls|Shadow Claw|p2a: Giratina\n|-supereffective|p2a: Giratina\n|-damage|p2a: Giratina|70\/100\n|move|p2a: Giratina|Dragon Tail|p1a: stored in de balls\n|-damage|p1a: stored in de balls|58\/100\n|drag|p1a: i miss moltres|Ho-Oh, shiny|100\/100\n|\n|-heal|p2a: Giratina|76\/100|[from] item: Leftovers\n|upkeep\n|turn|25\n|c|\u2606Hayakawa00aki|Oops\n|c|\u2606Hayakawa00aki|misclick\n|\n|t:|1699239056\n|switch|p1a: testes torsion|Deoxys-Speed|100\/100\n|-ability|p1a: testes torsion|Pressure\n|move|p2a: Giratina|Dragon Tail|p1a: testes torsion\n|-damage|p1a: testes torsion|69\/100\n|drag|p1a: i miss moltres|Ho-Oh, shiny|100\/100\n|\n|-heal|p2a: Giratina|83\/100|[from] item: Leftovers\n|-end|p2a: Giratina|move: Taunt\n|upkeep\n|turn|26\n|\n|t:|1699239061\n|move|p1a: i miss moltres|Brave Bird|p2a: Giratina\n|-damage|p2a: Giratina|58\/100\n|-damage|p1a: i miss moltres|91\/100|[from] Recoil\n|move|p2a: Giratina|Dragon Tail|p1a: i miss moltres\n|-damage|p1a: i miss moltres|78\/100\n|drag|p1a: switch to peedon|Zacian-Crowned, shiny|88\/100 brn\n|\n|-heal|p2a: Giratina|64\/100|[from] item: Leftovers\n|-damage|p1a: switch to peedon|82\/100 brn|[from] brn\n|upkeep\n|turn|27\n|\n|t:|1699239066\n|move|p1a: switch to peedon|Behemoth Blade|p2a: Giratina\n|-damage|p2a: Giratina|52\/100\n|move|p2a: Giratina|Rest|p2a: Giratina\n|-status|p2a: Giratina|slp|[from] move: Rest\n|-heal|p2a: Giratina|100\/100 slp|[silent]\n|\n|-damage|p1a: switch to peedon|76\/100 brn|[from] brn\n|upkeep\n|turn|28\n|\n|t:|1699239074\n|switch|p1a: i miss moltres|Ho-Oh, shiny|100\/100\n|cant|p2a: Giratina|slp\n|\n|upkeep\n|turn|29\n|\n|t:|1699239086\n|switch|p2a: Charizard|Charizard, F, shiny|100\/100\n|move|p1a: i miss moltres|Brave Bird|p2a: Charizard\n|-damage|p2a: Charizard|29\/100\n|-damage|p1a: i miss moltres|84\/100|[from] Recoil\n|\n|upkeep\n|turn|30\n|\n|t:|1699239094\n|detailschange|p2a: Charizard|Charizard-Mega-X, F, shiny\n|-mega|p2a: Charizard|Charizard|Charizardite X\n|move|p2a: Charizard|Dragon Claw|p1a: i miss moltres\n|-damage|p1a: i miss moltres|50\/100\n|move|p1a: i miss moltres|Brave Bird|p2a: Charizard\n|-damage|p2a: Charizard|0 fnt\n|faint|p2a: Charizard\n|-damage|p1a: i miss moltres|43\/100|[from] Recoil\n|\n|upkeep\n|\n|t:|1699239097\n|switch|p2a: Giratina|Giratina, shiny|100\/100 slp\n|-ability|p2a: Giratina|Pressure\n|turn|31\n|c|\u2606Hayakawa00aki|Ah\n|c|\u2606NDUK shitfart|fucking hell giraO is just stupid\n|c|\u2606Hayakawa00aki|i messed up\n|c|\u2606Hayakawa00aki|gg\n|\n|t:|1699239109\n|switch|p1a: testes torsion|Deoxys-Speed|69\/100\n|-ability|p1a: testes torsion|Pressure\n|cant|p2a: Giratina|slp\n|\n|upkeep\n|turn|32\n|\n|t:|1699239115\n|move|p1a: testes torsion|Knock Off|p2a: Giratina\n|-supereffective|p2a: Giratina\n|-damage|p2a: Giratina|75\/100 slp\n|-enditem|p2a: Giratina|Leftovers|[from] move: Knock Off|[of] p1a: testes torsion\n|-curestatus|p2a: Giratina|slp|[msg]\n|move|p2a: Giratina|Dragon Tail|p1a: testes torsion\n|-damage|p1a: testes torsion|39\/100\n|drag|p1a: switch to peedon|Zacian-Crowned, shiny|76\/100 brn\n|\n|-damage|p1a: switch to peedon|70\/100 brn|[from] brn\n|upkeep\n|turn|33\n|c|\u2606Hayakawa00aki|Now my attacker is gone\n|\n|t:|1699239127\n|switch|p1a: stored in de balls|Arceus, shiny|58\/100\n|move|p2a: Giratina|Rest|p2a: Giratina\n|-status|p2a: Giratina|slp|[from] move: Rest\n|-heal|p2a: Giratina|100\/100 slp|[silent]\n|\n|upkeep\n|turn|34\n|\n|t:|1699239136\n|move|p1a: stored in de balls|Taunt|p2a: Giratina\n|-start|p2a: Giratina|move: Taunt\n|cant|p2a: Giratina|slp\n|\n|upkeep\n|turn|35\n|\n|t:|1699239138\n|move|p1a: stored in de balls|Swords Dance|p1a: stored in de balls\n|-boost|p1a: stored in de balls|atk|2\n|cant|p2a: Giratina|slp\n|\n|upkeep\n|turn|36\n|\n|t:|1699239142\n|-terastallize|p1a: stored in de balls|Ghost\n|move|p1a: stored in de balls|Shadow Claw|p2a: Giratina\n|-supereffective|p2a: Giratina\n|-damage|p2a: Giratina|31\/100 slp\n|-curestatus|p2a: Giratina|slp|[msg]\n|move|p2a: Giratina|Dragon Tail|p1a: stored in de balls\n|-damage|p1a: stored in de balls|43\/100\n|drag|p1a: switch to peedon|Zacian-Crowned, shiny|70\/100 brn\n|\n|-damage|p1a: switch to peedon|64\/100 brn|[from] brn\n|-end|p2a: Giratina|move: Taunt\n|upkeep\n|turn|37\n|\n|t:|1699239147\n|move|p1a: switch to peedon|Behemoth Blade|p2a: Giratina\n|-damage|p2a: Giratina|20\/100\n|move|p2a: Giratina|Rest|p2a: Giratina\n|-status|p2a: Giratina|slp|[from] move: Rest\n|-heal|p2a: Giratina|100\/100 slp|[silent]\n|\n|-damage|p1a: switch to peedon|57\/100 brn|[from] brn\n|upkeep\n|turn|38\n|\n|t:|1699239156\n|move|p1a: switch to peedon|Swords Dance|p1a: switch to peedon\n|-boost|p1a: switch to peedon|atk|2\n|cant|p2a: Giratina|slp\n|\n|-damage|p1a: switch to peedon|51\/100 brn|[from] brn\n|upkeep\n|turn|39\n|\n|t:|1699239160\n|move|p1a: switch to peedon|Swords Dance|p1a: switch to peedon\n|-boost|p1a: switch to peedon|atk|2\n|cant|p2a: Giratina|slp\n|\n|-damage|p1a: switch to peedon|45\/100 brn|[from] brn\n|upkeep\n|turn|40\n|\n|t:|1699239165\n|move|p1a: switch to peedon|Swords Dance|p1a: switch to peedon\n|-boost|p1a: switch to peedon|atk|2\n|-curestatus|p2a: Giratina|slp|[msg]\n|move|p2a: Giratina|Dragon Tail|p1a: switch to peedon\n|-immune|p1a: switch to peedon\n|\n|-damage|p1a: switch to peedon|39\/100 brn|[from] brn\n|upkeep\n|turn|41\n|c|\u2606Hayakawa00aki|Are you having a bad day\n|\n|t:|1699239177\n|move|p1a: switch to peedon|Behemoth Blade|p2a: Giratina\n|-damage|p2a: Giratina|50\/100\n|move|p2a: Giratina|Rest|p2a: Giratina\n|-status|p2a: Giratina|slp|[from] move: Rest\n|-heal|p2a: Giratina|100\/100 slp|[silent]\n|\n|-damage|p1a: switch to peedon|33\/100 brn|[from] brn\n|upkeep\n|turn|42\n|\n|t:|1699239187\n|move|p1a: switch to peedon|Wild Charge|p2a: Giratina\n|-resisted|p2a: Giratina\n|-damage|p2a: Giratina|86\/100 slp\n|-damage|p1a: switch to peedon|27\/100 brn|[from] Recoil\n|cant|p2a: Giratina|slp\n|\n|-damage|p1a: switch to peedon|21\/100 brn|[from] brn\n|upkeep\n|turn|43\n|\n|t:|1699239190\n|move|p1a: switch to peedon|Wild Charge|p2a: Giratina\n|-resisted|p2a: Giratina\n|-damage|p2a: Giratina|70\/100 slp\n|-damage|p1a: switch to peedon|15\/100 brn|[from] Recoil\n|cant|p2a: Giratina|slp\n|\n|-damage|p1a: switch to peedon|9\/100 brn|[from] brn\n|upkeep\n|turn|44\n|\n|t:|1699239194\n|move|p1a: switch to peedon|Wild Charge|p2a: Giratina\n|-resisted|p2a: Giratina\n|-damage|p2a: Giratina|55\/100 slp\n|-damage|p1a: switch to peedon|3\/100 brn|[from] Recoil\n|-curestatus|p2a: Giratina|slp|[msg]\n|move|p2a: Giratina|Rest|p2a: Giratina\n|-status|p2a: Giratina|slp|[from] move: Rest\n|-heal|p2a: Giratina|100\/100 slp|[silent]\n|\n|-damage|p1a: switch to peedon|0 fnt|[from] brn\n|faint|p1a: switch to peedon\n|upkeep\n|\n|t:|1699239199\n|switch|p1a: testes torsion|Deoxys-Speed|39\/100\n|-ability|p1a: testes torsion|Pressure\n|turn|45\n|\n|t:|1699239202\n|move|p1a: testes torsion|Taunt|p2a: Giratina\n|-start|p2a: Giratina|move: Taunt\n|cant|p2a: Giratina|slp\n|\n|upkeep\n|turn|46\n|\n|t:|1699239206\n|move|p1a: testes torsion|Knock Off|p2a: Giratina\n|-supereffective|p2a: Giratina\n|-damage|p2a: Giratina|85\/100 slp\n|cant|p2a: Giratina|slp\n|\n|upkeep\n|turn|47\n|\n|t:|1699239210\n|move|p1a: testes torsion|Knock Off|p2a: Giratina\n|-supereffective|p2a: Giratina\n|-damage|p2a: Giratina|68\/100 slp\n|-curestatus|p2a: Giratina|slp|[msg]\n|move|p2a: Giratina|Dragon Tail|p1a: testes torsion\n|-damage|p1a: testes torsion|8\/100\n|drag|p1a: i miss moltres|Ho-Oh, shiny|77\/100\n|\n|-end|p2a: Giratina|move: Taunt\n|upkeep\n|turn|48\n|c|\u2606Hayakawa00aki|Gg i can\u2019t win\n|-message|Hayakawa00aki forfeited.\n|\n|win|NDUK shitfart\n|raw|NDUK shitfart's rating: 1524 &rarr; <strong>1537<\/strong><br \/>(+13 for winning)\n|raw|Hayakawa00aki's rating: 1395 &rarr; <strong>1382<\/strong><br \/>(-13 for losing)\n|l|\u2606Hayakawa00aki\n|l|\u2606NDUK shitfart\n|j|\u2606NDUK shitfart\n|player|p1|NDUK shitfart|hiker-gen4\n","uploadtime":1699239102,"views":4,"p1id":"ndukshitfart","p2id":"hayakawa00aki","formatid":"gen9nationaldexubers","rating":1382,"private":0,"password":""}