{"id":"gen9nationaldexubers-1999452119","p1":"rizeparon","p2":"AyanManPlays yt","format":"[Gen 9] National Dex Ubers","log":"|j|\u2606rizeparon\n|j|\u2606AyanManPlays yt\n|t:|1701082744\n|gametype|singles\n|player|p1|rizeparon|hilbert|1313\n|player|p2|AyanManPlays yt|alder|1247\n|teamsize|p1|6\n|teamsize|p2|6\n|gen|9\n|tier|[Gen 9] National Dex Ubers\n|rated|\n|rule|HP Percentage Mod: HP is shown in percentages\n|rule|Endless Battle Clause: Forcing endless battles is banned\n|rule|OHKO Clause: OHKO moves are banned\n|rule|Evasion Moves Clause: Evasion moves are banned\n|rule|Evasion Items Clause: Evasion items are banned\n|rule|Species Clause: Limit one of each Pok\u00e9mon\n|rule|Sleep Clause Mod: Limit one foe put to sleep\n|rule|Mega Rayquaza Clause: You cannot mega evolve Rayquaza\n|clearpoke\n|poke|p1|Groudon|\n|poke|p1|Gastrodon, M|\n|poke|p1|Salamence, M|\n|poke|p1|Aegislash, M|\n|poke|p1|Kingambit, M|\n|poke|p1|Ditto|\n|poke|p2|Shuckle, M|\n|poke|p2|Pyukumuku, M|\n|poke|p2|Groudon|\n|poke|p2|Yveltal|\n|poke|p2|Zacian-*|\n|poke|p2|Glimmora, M|\n|teampreview\n|inactive|Battle timer is ON: inactive players will automatically lose when time's up. (requested by rizeparon)\n|\n|t:|1701082754\n|start\n|switch|p1a: Salame|Salamence, M|100\/100\n|switch|p2a: clapped|Glimmora, M|100\/100\n|-ability|p1a: Salame|Intimidate|boost\n|-unboost|p2a: clapped|atk|1\n|turn|1\n|\n|t:|1701082769\n|switch|p1a: Aegislash|Aegislash, M, shiny|100\/100\n|move|p2a: clapped|Dazzling Gleam|p1a: Aegislash\n|-resisted|p1a: Aegislash\n|-damage|p1a: Aegislash|91\/100\n|\n|upkeep\n|turn|2\n|\n|t:|1701082776\n|move|p2a: clapped|Spikes|p1a: Aegislash\n|-sidestart|p1: rizeparon|Spikes\n|-formechange|p1a: Aegislash|Aegislash-Blade||[from] ability: Stance Change\n|move|p1a: Aegislash|Gyro Ball|p2a: clapped\n|-supereffective|p2a: clapped\n|-enditem|p2a: clapped|Focus Sash\n|-damage|p2a: clapped|1\/100\n|-activate|p2a: clapped|ability: Toxic Debris\n|-sidestart|p1: rizeparon|move: Toxic Spikes\n|\n|upkeep\n|turn|3\n|\n|t:|1701082785\n|move|p1a: Aegislash|Shadow Sneak|p2a: clapped\n|-crit|p2a: clapped\n|-damage|p2a: clapped|0 fnt\n|-activate|p2a: clapped|ability: Toxic Debris\n|-sidestart|p1: rizeparon|move: Toxic Spikes\n|faint|p2a: clapped\n|\n|upkeep\n|\n|t:|1701082791\n|switch|p2a: my bad|Yveltal|100\/100\n|-ability|p2a: my bad|Dark Aura\n|turn|4\n|\n|t:|1701082797\n|-formechange|p1a: Aegislash|Aegislash||[from] ability: Stance Change\n|move|p1a: Aegislash|King's Shield|p1a: Aegislash\n|-singleturn|p1a: Aegislash|Protect\n|move|p2a: my bad|Dark Pulse|p1a: Aegislash\n|-activate|p1a: Aegislash|move: Protect\n|\n|upkeep\n|turn|5\n|\n|t:|1701082809\n|move|p2a: my bad|Dark Pulse|p1a: Aegislash\n|-supereffective|p1a: Aegislash\n|-damage|p1a: Aegislash|1\/100\n|-formechange|p1a: Aegislash|Aegislash-Blade||[from] ability: Stance Change\n|move|p1a: Aegislash|Gyro Ball|p2a: my bad\n|-damage|p2a: my bad|25\/100\n|\n|upkeep\n|turn|6\n|\n|t:|1701082818\n|move|p1a: Aegislash|Shadow Sneak|p2a: my bad\n|-resisted|p2a: my bad\n|-damage|p2a: my bad|14\/100\n|move|p2a: my bad|Taunt|p1a: Aegislash\n|-start|p1a: Aegislash|move: Taunt\n|\n|upkeep\n|turn|7\n|\n|t:|1701082823\n|move|p1a: Aegislash|Shadow Sneak|p2a: my bad\n|-resisted|p2a: my bad\n|-damage|p2a: my bad|4\/100\n|move|p2a: my bad|Oblivion Wing|p1a: Aegislash\n|-resisted|p1a: Aegislash\n|-damage|p1a: Aegislash|0 fnt\n|-heal|p2a: my bad|5\/100|[from] drain|[of] p1a: Aegislash\n|faint|p1a: Aegislash\n|\n|upkeep\n|\n|t:|1701082832\n|switch|p1a: Salame|Salamence, M|100\/100\n|-ability|p1a: Salame|Intimidate|boost\n|-unboost|p2a: my bad|atk|1\n|turn|8\n|\n|t:|1701082837\n|detailschange|p1a: Salame|Salamence-Mega, M\n|-mega|p1a: Salame|Salamence|Salamencite\n|move|p2a: my bad|Oblivion Wing|p1a: Salame\n|-damage|p1a: Salame|71\/100\n|-heal|p2a: my bad|33\/100|[from] drain|[of] p1a: Salame\n|move|p1a: Salame|Defog|p2a: my bad\n|-unboost|p2a: my bad|evasion|1\n|-sideend|p1: rizeparon|Spikes|[from] move: Defog|[of] p1a: Salame\n|-sideend|p1: rizeparon|Toxic Spikes|[from] move: Defog|[of] p1a: Salame\n|\n|upkeep\n|turn|9\n|\n|t:|1701082847\n|move|p2a: my bad|Oblivion Wing|p1a: Salame\n|-damage|p1a: Salame|40\/100\n|-heal|p2a: my bad|63\/100|[from] drain|[of] p1a: Salame\n|move|p1a: Salame|Body Slam|p2a: my bad\n|-damage|p2a: my bad|22\/100\n|\n|upkeep\n|turn|10\n|\n|t:|1701082855\n|move|p2a: my bad|Oblivion Wing|p1a: Salame\n|-damage|p1a: Salame|10\/100\n|-heal|p2a: my bad|51\/100|[from] drain|[of] p1a: Salame\n|move|p1a: Salame|Roost|p1a: Salame\n|-heal|p1a: Salame|60\/100\n|-singleturn|p1a: Salame|move: Roost\n|\n|upkeep\n|turn|11\n|\n|t:|1701082863\n|-terastallize|p2a: my bad|Flying\n|move|p2a: my bad|Oblivion Wing|p1a: Salame\n|-damage|p1a: Salame|24\/100\n|-heal|p2a: my bad|85\/100|[from] drain|[of] p1a: Salame\n|move|p1a: Salame|Roost|p1a: Salame\n|-heal|p1a: Salame|74\/100\n|-singleturn|p1a: Salame|move: Roost\n|\n|upkeep\n|turn|12\n|\n|t:|1701082872\n|move|p2a: my bad|Oblivion Wing|p1a: Salame\n|-damage|p1a: Salame|35\/100\n|-heal|p2a: my bad|100\/100|[from] drain|[of] p1a: Salame\n|move|p1a: Salame|Body Slam|p2a: my bad\n|-damage|p2a: my bad|59\/100\n|-status|p2a: my bad|par\n|\n|upkeep\n|turn|13\n|\n|t:|1701082880\n|move|p1a: Salame|Body Slam|p2a: my bad\n|-damage|p2a: my bad|17\/100 par\n|cant|p2a: my bad|par\n|\n|upkeep\n|turn|14\n|\n|t:|1701082885\n|move|p1a: Salame|Body Slam|p2a: my bad\n|-crit|p2a: my bad\n|-damage|p2a: my bad|0 fnt\n|faint|p2a: my bad\n|\n|upkeep\n|\n|t:|1701082899\n|switch|p2a: yo wassup|Pyukumuku, M|100\/100\n|turn|15\n|\n|t:|1701082903\n|move|p1a: Salame|Roost|p1a: Salame\n|-heal|p1a: Salame|85\/100\n|-singleturn|p1a: Salame|move: Roost\n|move|p2a: yo wassup|Reflect|p2a: yo wassup\n|-sidestart|p2: AyanManPlays yt|Reflect\n|\n|upkeep\n|turn|16\n|\n|t:|1701082910\n|move|p1a: Salame|Roost|p1a: Salame\n|-heal|p1a: Salame|100\/100\n|-singleturn|p1a: Salame|move: Roost\n|move|p2a: yo wassup|Toxic|p1a: Salame\n|-status|p1a: Salame|tox\n|\n|-damage|p1a: Salame|94\/100 tox|[from] psn\n|upkeep\n|turn|17\n|\n|t:|1701082917\n|switch|p2a: you are dead|Zacian-Crowned|100\/100\n|-ability|p2a: you are dead|Intrepid Sword|boost\n|-boost|p2a: you are dead|atk|1\n|move|p1a: Salame|Defog|p2a: you are dead\n|-unboost|p2a: you are dead|evasion|1\n|-sideend|p2: AyanManPlays yt|Reflect\n|\n|-damage|p1a: Salame|82\/100 tox|[from] psn\n|upkeep\n|turn|18\n|\n|t:|1701082925\n|move|p2a: you are dead|Play Rough|p1a: Salame\n|-supereffective|p1a: Salame\n|-damage|p1a: Salame|0 fnt\n|faint|p1a: Salame\n|\n|upkeep\n|\n|t:|1701082934\n|switch|p1a: Ditto|Ditto|100\/100\n|-transform|p1a: Ditto|p2a: you are dead|[from] ability: Imposter\n|-ability|p1a: Ditto|Intrepid Sword|boost\n|-boost|p1a: Ditto|atk|1\n|turn|19\n|\n|t:|1701082944\n|switch|p2a: yo wassup|Pyukumuku, M|100\/100\n|move|p1a: Ditto|Behemoth Blade|p2a: yo wassup\n|-resisted|p2a: yo wassup\n|-damage|p2a: yo wassup|77\/100\n|\n|-heal|p2a: yo wassup|83\/100|[from] item: Leftovers\n|upkeep\n|turn|20\n|\n|t:|1701082955\n|move|p1a: Ditto|Behemoth Blade|p2a: yo wassup\n|-resisted|p2a: yo wassup\n|-damage|p2a: yo wassup|57\/100\n|move|p2a: yo wassup|Reflect|p2a: yo wassup\n|-sidestart|p2: AyanManPlays yt|Reflect\n|\n|-heal|p2a: yo wassup|63\/100|[from] item: Leftovers\n|upkeep\n|turn|21\n|\n|t:|1701082962\n|move|p1a: Ditto|Behemoth Blade|p2a: yo wassup\n|-resisted|p2a: yo wassup\n|-damage|p2a: yo wassup|50\/100\n|move|p2a: yo wassup|Recover|p2a: yo wassup\n|-heal|p2a: yo wassup|99\/100\n|\n|-heal|p2a: yo wassup|100\/100|[from] item: Leftovers\n|upkeep\n|turn|22\n|\n|t:|1701082969\n|switch|p2a: burned lol|Groudon|100\/100\n|detailschange|p2a: burned lol|Groudon-Primal\n|-primal|p2a: burned lol|Red Orb\n|-weather|DesolateLand|[from] ability: Desolate Land|[of] p2a: burned lol\n|move|p1a: Ditto|Behemoth Blade|p2a: burned lol\n|-resisted|p2a: burned lol\n|-damage|p2a: burned lol|82\/100\n|\n|-weather|DesolateLand|[upkeep]\n|upkeep\n|turn|23\n|\n|t:|1701082984\n|switch|p1a: Gastrodon|Gastrodon, M|100\/100\n|move|p2a: burned lol|Earthquake|p1a: Gastrodon\n|-damage|p1a: Gastrodon|47\/100\n|\n|-weather|DesolateLand|[upkeep]\n|-heal|p1a: Gastrodon|53\/100|[from] item: Leftovers\n|upkeep\n|turn|24\n|\n|t:|1701082991\n|move|p2a: burned lol|Earthquake|p1a: Gastrodon\n|-damage|p1a: Gastrodon|0 fnt\n|faint|p1a: Gastrodon\n|\n|-weather|DesolateLand|[upkeep]\n|-sideend|p2: AyanManPlays yt|Reflect\n|upkeep\n|\n|t:|1701083002\n|switch|p1a: Ditto|Ditto|100\/100\n|-transform|p1a: Ditto|p2a: burned lol|[from] ability: Imposter\n|turn|25\n|\n|t:|1701083008\n|switch|p2a: yo wassup|Pyukumuku, M|100\/100\n|move|p1a: Ditto|Earthquake|p2a: yo wassup\n|-damage|p2a: yo wassup|48\/100\n|\n|-weather|DesolateLand|[upkeep]\n|-heal|p2a: yo wassup|54\/100|[from] item: Leftovers\n|upkeep\n|turn|26\n|\n|t:|1701083014\n|move|p1a: Ditto|Earthquake|p2a: yo wassup\n|-damage|p2a: yo wassup|1\/100\n|move|p2a: yo wassup|Reflect|p2a: yo wassup\n|-sidestart|p2: AyanManPlays yt|Reflect\n|\n|-weather|DesolateLand|[upkeep]\n|-heal|p2a: yo wassup|7\/100|[from] item: Leftovers\n|upkeep\n|turn|27\n|\n|t:|1701083023\n|switch|p2a: im a bug|Shuckle, M|100\/100\n|move|p1a: Ditto|Earthquake|p2a: im a bug\n|-damage|p2a: im a bug|70\/100\n|\n|-weather|DesolateLand|[upkeep]\n|upkeep\n|turn|28\n|\n|t:|1701083028\n|move|p1a: Ditto|Earthquake|p2a: im a bug\n|-damage|p2a: im a bug|40\/100\n|move|p2a: im a bug|Infestation|p1a: Ditto\n|-resisted|p1a: Ditto\n|-damage|p1a: Ditto|98\/100\n|-activate|p1a: Ditto|move: Infestation|[of] p2a: im a bug\n|\n|-weather|DesolateLand|[upkeep]\n|-damage|p1a: Ditto|85\/100|[from] move: Infestation|[partiallytrapped]\n|upkeep\n|turn|29\n|\n|t:|1701083035\n|move|p1a: Ditto|Earthquake|p2a: im a bug\n|-damage|p2a: im a bug|12\/100\n|move|p2a: im a bug|Sticky Web|p1a: Ditto\n|-sidestart|p1: rizeparon|move: Sticky Web\n|\n|-weather|DesolateLand|[upkeep]\n|-damage|p1a: Ditto|73\/100|[from] move: Infestation|[partiallytrapped]\n|upkeep\n|turn|30\n|\n|t:|1701083043\n|-activate|p1a: Ditto|move: Struggle\n|move|p1a: Ditto|Struggle|p2a: im a bug\n|-damage|p2a: im a bug|3\/100\n|-damage|p1a: Ditto|48\/100|[from] recoil\n|move|p2a: im a bug|Stealth Rock|p1a: Ditto\n|-sidestart|p1: rizeparon|move: Stealth Rock\n|\n|-weather|DesolateLand|[upkeep]\n|-damage|p1a: Ditto|36\/100|[from] move: Infestation|[partiallytrapped]\n|-sideend|p2: AyanManPlays yt|Reflect\n|upkeep\n|turn|31\n|\n|t:|1701083059\n|-activate|p1a: Ditto|move: Struggle\n|move|p1a: Ditto|Struggle|p2a: im a bug\n|-damage|p2a: im a bug|0 fnt\n|faint|p2a: im a bug\n|-damage|p1a: Ditto|11\/100|[from] recoil\n|\n|-weather|DesolateLand|[upkeep]\n|-end|p1a: Ditto|Infestation|[partiallytrapped]|[silent]\n|upkeep\n|\n|t:|1701083072\n|switch|p2a: yo wassup|Pyukumuku, M|7\/100\n|turn|32\n|\n|t:|1701083075\n|-activate|p1a: Ditto|move: Struggle\n|move|p1a: Ditto|Struggle|p2a: yo wassup\n|-damage|p2a: yo wassup|0 fnt\n|faint|p2a: yo wassup\n|-damage|p1a: Ditto|0 fnt|[from] recoil\n|faint|p1a: Ditto\n|-weather|none\n|\n|upkeep\n|\n|t:|1701083083\n|switch|p1a: Groudon|Groudon|100\/100\n|switch|p2a: burned lol|Groudon-Primal|82\/100\n|-weather|DesolateLand|[from] ability: Desolate Land|[of] p2a: burned lol\n|-activate|p1a: Groudon|move: Sticky Web\n|-unboost|p1a: Groudon|spe|1\n|-damage|p1a: Groudon|94\/100|[from] Stealth Rock\n|detailschange|p1a: Groudon|Groudon-Primal\n|-primal|p1a: Groudon|Red Orb\n|turn|33\n|\n|t:|1701083092\n|move|p2a: burned lol|Earthquake|p1a: Groudon\n|-supereffective|p1a: Groudon\n|-damage|p1a: Groudon|11\/100\n|move|p1a: Groudon|Earthquake|p2a: burned lol\n|-supereffective|p2a: burned lol\n|-damage|p2a: burned lol|0 fnt\n|faint|p2a: burned lol\n|\n|-weather|DesolateLand|[upkeep]\n|upkeep\n|\n|t:|1701083098\n|switch|p2a: you are dead|Zacian-Crowned|100\/100\n|turn|34\n|\n|t:|1701083103\n|move|p2a: you are dead|Sacred Sword|p1a: Groudon\n|-damage|p1a: Groudon|0 fnt\n|faint|p1a: Groudon\n|-weather|none\n|\n|upkeep\n|\n|t:|1701083108\n|switch|p1a: Kingambit|Kingambit, M|100\/100\n|-activate|p1a: Kingambit|move: Sticky Web\n|-unboost|p1a: Kingambit|spe|1\n|-damage|p1a: Kingambit|94\/100|[from] Stealth Rock\n|-activate|p1a: Kingambit|ability: Supreme Overlord\n|-start|p1a: Kingambit|fallen5|[silent]\n|turn|35\n|\n|t:|1701083118\n|-terastallize|p1a: Kingambit|Ghost\n|move|p2a: you are dead|Sacred Sword|p1a: Kingambit\n|-immune|p1a: Kingambit\n|move|p1a: Kingambit|Iron Head|p2a: you are dead\n|-damage|p2a: you are dead|32\/100\n|\n|upkeep\n|turn|36\n|\n|t:|1701083126\n|move|p2a: you are dead|Behemoth Blade|p1a: Kingambit\n|-damage|p1a: Kingambit|45\/100\n|move|p1a: Kingambit|Iron Head|p2a: you are dead\n|-damage|p2a: you are dead|0 fnt\n|faint|p2a: you are dead\n|\n|win|rizeparon\n|raw|rizeparon's rating: 1313 &rarr; <strong>1329<\/strong><br \/>(+16 for winning)\n|raw|AyanManPlays yt's rating: 1247 &rarr; <strong>1227<\/strong><br \/>(-20 for losing)\n","uploadtime":1701083132,"views":2,"p1id":"rizeparon","p2id":"ayanmanplaysyt","formatid":"gen9nationaldexubers","rating":1227,"private":0,"password":""}