{"id":"gen9nationaldexubers-1988602934","p1":"Javy11","p2":"malacara72","format":"[Gen 9] National Dex Ubers","log":"|j|\u2606Javy11\n|j|\u2606malacara72\n|t:|1699740859\n|gametype|singles\n|player|p1|Javy11|shadowtriad|1301\n|player|p2|malacara72|n|1375\n|teamsize|p1|6\n|teamsize|p2|6\n|gen|9\n|tier|[Gen 9] National Dex Ubers\n|rated|\n|rule|HP Percentage Mod: HP is shown in percentages\n|rule|Endless Battle Clause: Forcing endless battles is banned\n|rule|OHKO Clause: OHKO moves are banned\n|rule|Evasion Moves Clause: Evasion moves are banned\n|rule|Evasion Items Clause: Evasion items are banned\n|rule|Species Clause: Limit one of each Pok\u00e9mon\n|rule|Sleep Clause Mod: Limit one foe put to sleep\n|rule|Mega Rayquaza Clause: You cannot mega evolve Rayquaza\n|clearpoke\n|poke|p1|Marshadow|\n|poke|p1|Xerneas-*|\n|poke|p1|Liepard, F|\n|poke|p1|Zacian-*|\n|poke|p1|Ho-Oh|\n|poke|p1|Donphan, L1, M|\n|poke|p2|Xerneas-*|\n|poke|p2|Araquanid, M|\n|poke|p2|Chi-Yu|\n|poke|p2|Gholdengo|\n|poke|p2|Garganacl, M|\n|poke|p2|Zacian-*|\n|teampreview\n|inactive|Battle timer is ON: inactive players will automatically lose when time's up. (requested by Javy11)\n|inactive|malacara72 also wants the timer to be on.\n|c|\u2606malacara72|LEVEL 1 DONPHAN?\n|\n|t:|1699740886\n|start\n|switch|p1a: Liepard|Liepard, F|100\/100\n|switch|p2a: Araquanid|Araquanid, M|100\/100\n|turn|1\n|c|\u2606Javy11|dont think about it too muchh\n|\n|t:|1699740897\n|switch|p2a: Lego|Garganacl, M|100\/100\n|move|p1a: Liepard|Fake Out|p2a: Lego\n|-resisted|p2a: Lego\n|-damage|p2a: Lego|98\/100\n|-damage|p1a: Liepard|84\/100|[from] item: Rocky Helmet|[of] p2a: Lego\n|\n|upkeep\n|turn|2\n|c|\u2606malacara72|I will.\n|\n|t:|1699740907\n|move|p1a: Liepard|Knock Off|p2a: Lego\n|-damage|p2a: Lego|78\/100\n|-damage|p1a: Liepard|68\/100|[from] item: Rocky Helmet|[of] p2a: Lego\n|-enditem|p2a: Lego|Rocky Helmet|[from] move: Knock Off|[of] p1a: Liepard\n|move|p2a: Lego|Salt Cure|p1a: Liepard\n|-damage|p1a: Liepard|36\/100\n|-start|p1a: Liepard|Salt Cure\n|\n|-damage|p1a: Liepard|24\/100|[from] Salt Cure\n|upkeep\n|turn|3\n|\n|t:|1699740914\n|switch|p1a: SpookyScarySpectre|Marshadow|100\/100\n|move|p2a: Lego|Protect||[still]\n|-fail|p2a: Lego\n|\n|upkeep\n|turn|4\n|\n|t:|1699740919\n|move|p1a: SpookyScarySpectre|Spectral Thief|p2a: Lego\n|-damage|p2a: Lego|66\/100\n|move|p2a: Lego|Salt Cure|p1a: SpookyScarySpectre\n|-resisted|p1a: SpookyScarySpectre\n|-damage|p1a: SpookyScarySpectre|91\/100\n|-start|p1a: SpookyScarySpectre|Salt Cure\n|\n|-damage|p1a: SpookyScarySpectre|79\/100|[from] Salt Cure\n|upkeep\n|turn|5\n|\n|t:|1699740928\n|move|p1a: SpookyScarySpectre|Drain Punch|p2a: Lego\n|-supereffective|p2a: Lego\n|-damage|p2a: Lego|30\/100\n|-heal|p1a: SpookyScarySpectre|100\/100|[from] drain|[of] p2a: Lego\n|move|p2a: Lego|Recover|p2a: Lego\n|-heal|p2a: Lego|80\/100\n|\n|-damage|p1a: SpookyScarySpectre|88\/100|[from] Salt Cure\n|upkeep\n|turn|6\n|\n|t:|1699740931\n|move|p2a: Lego|Protect|p2a: Lego\n|-singleturn|p2a: Lego|Protect\n|move|p1a: SpookyScarySpectre|Drain Punch|p2a: Lego\n|-activate|p2a: Lego|move: Protect\n|\n|-damage|p1a: SpookyScarySpectre|76\/100|[from] Salt Cure\n|upkeep\n|turn|7\n|\n|t:|1699740943\n|switch|p2a: Araquanid|Araquanid, M|100\/100\n|move|p1a: SpookyScarySpectre|Drain Punch|p2a: Araquanid\n|-resisted|p2a: Araquanid\n|-damage|p2a: Araquanid|83\/100\n|-heal|p1a: SpookyScarySpectre|85\/100|[from] drain|[of] p2a: Araquanid\n|\n|-heal|p2a: Araquanid|89\/100|[from] item: Leftovers\n|-damage|p1a: SpookyScarySpectre|72\/100|[from] Salt Cure\n|upkeep\n|turn|8\n|\n|t:|1699740955\n|switch|p1a: Zacian|Zacian-Crowned|100\/100\n|-ability|p1a: Zacian|Intrepid Sword|boost\n|-boost|p1a: Zacian|atk|1\n|move|p2a: Araquanid|Protect||[still]\n|-fail|p2a: Araquanid\n|\n|-heal|p2a: Araquanid|95\/100|[from] item: Leftovers\n|upkeep\n|turn|9\n|\n|t:|1699740959\n|move|p1a: Zacian|Swords Dance|p1a: Zacian\n|-boost|p1a: Zacian|atk|2\n|move|p2a: Araquanid|Sticky Web|p1a: Zacian\n|-sidestart|p1: Javy11|move: Sticky Web\n|\n|-heal|p2a: Araquanid|100\/100|[from] item: Leftovers\n|upkeep\n|turn|10\n|\n|t:|1699740980\n|switch|p2a: Italy|Gholdengo|100\/100\n|move|p1a: Zacian|Trailblaze|p2a: Italy\n|-resisted|p2a: Italy\n|-damage|p2a: Italy|76\/100\n|-boost|p1a: Zacian|spe|1\n|\n|-heal|p2a: Italy|82\/100|[from] item: Leftovers\n|upkeep\n|turn|11\n|\n|t:|1699740990\n|move|p1a: Zacian|Play Rough|p2a: Italy\n|-resisted|p2a: Italy\n|-damage|p2a: Italy|24\/100\n|move|p2a: Italy|Shadow Ball|p1a: Zacian\n|-crit|p1a: Zacian\n|-damage|p1a: Zacian|32\/100\n|\n|-heal|p2a: Italy|30\/100|[from] item: Leftovers\n|upkeep\n|turn|12\n|\n|t:|1699741000\n|move|p1a: Zacian|Play Rough|p2a: Italy\n|-resisted|p2a: Italy\n|-damage|p2a: Italy|0 fnt\n|faint|p2a: Italy\n|\n|upkeep\n|inactive|malacara72 has 120 seconds left.\n|\n|t:|1699741030\n|switch|p2a: Diamond|Xerneas, shiny|100\/100\n|-ability|p2a: Diamond|Fairy Aura\n|turn|13\n|\n|t:|1699741037\n|-terastallize|p2a: Diamond|Steel\n|move|p1a: Zacian|Play Rough|p2a: Diamond\n|-resisted|p2a: Diamond\n|-damage|p2a: Diamond|16\/100\n|move|p2a: Diamond|Geomancy||[still]\n|-prepare|p2a: Diamond|Geomancy\n|-enditem|p2a: Diamond|Power Herb\n|-anim|p2a: Diamond|Geomancy|p2a: Diamond\n|-boost|p2a: Diamond|spa|2\n|-boost|p2a: Diamond|spd|2\n|-boost|p2a: Diamond|spe|2\n|\n|upkeep\n|turn|14\n|\n|t:|1699741046\n|move|p2a: Diamond|Psychic|p1a: Zacian\n|-resisted|p1a: Zacian\n|-damage|p1a: Zacian|5\/100\n|move|p1a: Zacian|Close Combat|p2a: Diamond\n|-supereffective|p2a: Diamond\n|-damage|p2a: Diamond|0 fnt\n|-unboost|p1a: Zacian|def|1\n|-unboost|p1a: Zacian|spd|1\n|faint|p2a: Diamond\n|\n|upkeep\n|c|\u2606malacara72|:sob:\n|inactive|malacara72 has 120 seconds left.\n|\n|t:|1699741071\n|switch|p2a: Scooby Doo|Zacian-Crowned|100\/100\n|-ability|p2a: Scooby Doo|Intrepid Sword|boost\n|-boost|p2a: Scooby Doo|atk|1\n|turn|15\n|\n|t:|1699741076\n|move|p1a: Zacian|Close Combat|p2a: Scooby Doo\n|-damage|p2a: Scooby Doo|1\/100\n|-unboost|p1a: Zacian|def|1\n|-unboost|p1a: Zacian|spd|1\n|move|p2a: Scooby Doo|Behemoth Blade|p1a: Zacian\n|-damage|p1a: Zacian|0 fnt\n|faint|p1a: Zacian\n|\n|upkeep\n|c|\u2606Javy11|1 HP!!!!!?????\n|c|\u2606Javy11|ONEEEEEE!!!!????\n|\n|t:|1699741095\n|switch|p1a: Donphan|Donphan, L1, M|100\/100\n|-activate|p1a: Donphan|move: Sticky Web\n|-unboost|p1a: Donphan|spe|1\n|turn|16\n|\n|t:|1699741102\n|move|p2a: Scooby Doo|Protect|p2a: Scooby Doo\n|-singleturn|p2a: Scooby Doo|Protect\n|move|p1a: Donphan|Ice Shard|p2a: Scooby Doo\n|-activate|p2a: Scooby Doo|move: Protect\n|\n|upkeep\n|turn|17\n|\n|t:|1699741109\n|switch|p2a: Araquanid|Araquanid, M|100\/100\n|move|p1a: Donphan|Ice Shard|p2a: Araquanid\n|-resisted|p2a: Araquanid\n|-damage|p2a: Araquanid|99\/100\n|\n|-heal|p2a: Araquanid|100\/100|[from] item: Leftovers\n|upkeep\n|turn|18\n|c|\u2606malacara72|Yeah 1 hp\n|c|\u2606malacara72|My team is very carefully built\n|c|\u2606malacara72|Even if it may not look like it\n|c|\u2606malacara72|You had best possible roll aswell\n|inactive|malacara72 has 120 seconds left.\n|c|\u2606Javy11|I know\n|\n|t:|1699741143\n|move|p2a: Araquanid|Toxic|p1a: Donphan\n|-status|p1a: Donphan|tox\n|move|p1a: Donphan|Endeavor|p2a: Araquanid\n|-damage|p2a: Araquanid|4\/100\n|\n|-heal|p2a: Araquanid|10\/100|[from] item: Leftovers\n|-damage|p1a: Donphan|93\/100 tox|[from] psn\n|upkeep\n|turn|19\n|c|\u2606Javy11|however\n|c|\u2606Javy11|thats bullshit\n|inactive|malacara72 has 120 seconds left.\n|c|\u2606malacara72|Wdym?\n|\n|t:|1699741167\n|move|p1a: Donphan|Ice Shard|p2a: Araquanid\n|-resisted|p2a: Araquanid\n|-damage|p2a: Araquanid|10\/100\n|-heal|p1a: Donphan|100\/100 tox|[from] item: Shell Bell|[of] p2a: Araquanid\n|move|p2a: Araquanid|Aqua Ring|p2a: Araquanid\n|-start|p2a: Araquanid|Aqua Ring\n|\n|-heal|p2a: Araquanid|16\/100|[from] item: Leftovers\n|-heal|p2a: Araquanid|23\/100|[from] Aqua Ring\n|-damage|p1a: Donphan|85\/100 tox|[from] psn\n|upkeep\n|turn|20\n|c|\u2606malacara72|You just didn't crit, that's all there is\n|inactive|malacara72 has 120 seconds left.\n|\n|t:|1699741180\n|switch|p1a: Liepard|Liepard, F|24\/100\n|-activate|p1a: Liepard|move: Sticky Web\n|-unboost|p1a: Liepard|spe|1\n|move|p2a: Araquanid|Protect||[still]\n|-fail|p2a: Araquanid\n|\n|-heal|p2a: Araquanid|29\/100|[from] item: Leftovers\n|-heal|p2a: Araquanid|35\/100|[from] Aqua Ring\n|upkeep\n|turn|21\n|\n|t:|1699741189\n|move|p2a: Araquanid|Protect|p2a: Araquanid\n|-singleturn|p2a: Araquanid|Protect\n|move|p1a: Liepard|Encore|p2a: Araquanid\n|-activate|p2a: Araquanid|move: Protect\n|\n|-heal|p2a: Araquanid|41\/100|[from] item: Leftovers\n|-heal|p2a: Araquanid|47\/100|[from] Aqua Ring\n|upkeep\n|turn|22\n|c|\u2606Javy11|there is no way you thought you were going to live with 1 hp\n|inactive|malacara72 has 120 seconds left.\n|\n|t:|1699741206\n|switch|p2a: Lego|Garganacl, M|80\/100\n|move|p1a: Liepard|Knock Off|p2a: Lego\n|-damage|p2a: Lego|68\/100\n|\n|upkeep\n|turn|23\n|inactive|malacara72 has 120 seconds left.\n|c|\u2606malacara72|I thought I was going to live with 7%\n|c|\u2606malacara72|But you got the better roll\n|\n|t:|1699741229\n|switch|p1a: Donphan|Donphan, L1, M|85\/100 tox\n|-activate|p1a: Donphan|move: Sticky Web\n|-unboost|p1a: Donphan|spe|1\n|move|p2a: Lego|Recover|p2a: Lego\n|-heal|p2a: Lego|100\/100\n|\n|-damage|p1a: Donphan|77\/100 tox|[from] psn\n|upkeep\n|turn|24\n|\n|t:|1699741236\n|move|p2a: Lego|Protect|p2a: Lego\n|-singleturn|p2a: Lego|Protect\n|move|p1a: Donphan|Endeavor|p2a: Lego\n|-activate|p2a: Lego|move: Protect\n|\n|-damage|p1a: Donphan|62\/100 tox|[from] psn\n|upkeep\n|turn|25\n|\n|t:|1699741241\n|switch|p2a: Araquanid|Araquanid, M|47\/100\n|move|p1a: Donphan|Endeavor|p2a: Araquanid\n|-damage|p2a: Araquanid|3\/100\n|-heal|p1a: Donphan|100\/100 tox|[from] item: Shell Bell|[of] p2a: Araquanid\n|\n|-heal|p2a: Araquanid|9\/100|[from] item: Leftovers\n|-damage|p1a: Donphan|77\/100 tox|[from] psn\n|upkeep\n|turn|26\n|\n|t:|1699741255\n|move|p2a: Araquanid|Aqua Ring|p2a: Araquanid\n|-start|p2a: Araquanid|Aqua Ring\n|move|p1a: Donphan|Endeavor|p2a: Araquanid\n|-damage|p2a: Araquanid|3\/100\n|-heal|p1a: Donphan|93\/100 tox|[from] item: Shell Bell|[of] p2a: Araquanid\n|\n|-heal|p2a: Araquanid|10\/100|[from] item: Leftovers\n|-heal|p2a: Araquanid|16\/100|[from] Aqua Ring\n|-damage|p1a: Donphan|62\/100 tox|[from] psn\n|upkeep\n|turn|27\n|\n|t:|1699741278\n|switch|p1a: Xerneas|Xerneas|100\/100\n|-activate|p1a: Xerneas|move: Sticky Web\n|-unboost|p1a: Xerneas|spe|1\n|-ability|p1a: Xerneas|Fairy Aura\n|move|p2a: Araquanid|Toxic|p1a: Xerneas\n|-status|p1a: Xerneas|tox\n|\n|-heal|p2a: Araquanid|22\/100|[from] item: Leftovers\n|-heal|p2a: Araquanid|28\/100|[from] Aqua Ring\n|-damage|p1a: Xerneas|94\/100 tox|[from] psn\n|upkeep\n|turn|28\n|\n|t:|1699741300\n|move|p1a: Xerneas|Geomancy||[still]\n|-prepare|p1a: Xerneas|Geomancy\n|-enditem|p1a: Xerneas|Power Herb\n|-anim|p1a: Xerneas|Geomancy|p1a: Xerneas\n|-boost|p1a: Xerneas|spa|2\n|-boost|p1a: Xerneas|spd|2\n|-boost|p1a: Xerneas|spe|2\n|move|p2a: Araquanid|Toxic|p1a: Xerneas\n|-fail|p1a: Xerneas|tox\n|\n|-heal|p2a: Araquanid|34\/100|[from] item: Leftovers\n|-heal|p2a: Araquanid|40\/100|[from] Aqua Ring\n|-damage|p1a: Xerneas|82\/100 tox|[from] psn\n|upkeep\n|turn|29\n|inactive|malacara72 has 120 seconds left.\n|\n|t:|1699741328\n|move|p2a: Araquanid|Protect|p2a: Araquanid\n|-singleturn|p2a: Araquanid|Protect\n|move|p1a: Xerneas|Moonblast|p2a: Araquanid\n|-activate|p2a: Araquanid|move: Protect\n|\n|-heal|p2a: Araquanid|47\/100|[from] item: Leftovers\n|-heal|p2a: Araquanid|53\/100|[from] Aqua Ring\n|-damage|p1a: Xerneas|64\/100 tox|[from] psn\n|upkeep\n|turn|30\n|\n|t:|1699741334\n|move|p2a: Araquanid|Protect||[still]\n|-fail|p2a: Araquanid\n|move|p1a: Xerneas|Moonblast|p2a: Araquanid\n|-damage|p2a: Araquanid|0 fnt\n|faint|p2a: Araquanid\n|\n|-damage|p1a: Xerneas|39\/100 tox|[from] psn\n|upkeep\n|c|\u2606Javy11|xD\n|c|\u2606malacara72|Me like gamble\n|\n|t:|1699741354\n|switch|p2a: Lego|Garganacl, M|100\/100\n|turn|31\n|c|\u2606Javy11|says the guy who has carefully calculated his team\n|c|\u2606malacara72|Araquanid was my mvp tho\n|c|\u2606malacara72|It's better than ribombee\n|c|\u2606Javy11|you are full of poop xD\n|c|\u2606malacara72|Wdym?\n|inactive|Javy11 has 120 seconds left.\n|c|\u2606Javy11|But you that araquanid is goated\n|\n|t:|1699741395\n|move|p2a: Lego|Protect|p2a: Lego\n|-singleturn|p2a: Lego|Protect\n|move|p1a: Xerneas|Flash Cannon|p2a: Lego\n|-activate|p2a: Lego|move: Protect\n|\n|-damage|p1a: Xerneas|8\/100 tox|[from] psn\n|upkeep\n|turn|32\n|c|\u2606malacara72|Well thanks\n|inactive|malacara72 has 120 seconds left.\n|c|\u2606malacara72|I take full credits for kt\n|\n|t:|1699741409\n|switch|p2a: Scooby Doo|Zacian-Crowned|1\/100\n|move|p1a: Xerneas|Moonblast|p2a: Scooby Doo\n|-resisted|p2a: Scooby Doo\n|-damage|p2a: Scooby Doo|0 fnt\n|faint|p2a: Scooby Doo\n|\n|-damage|p1a: Xerneas|0 fnt|[from] psn\n|faint|p1a: Xerneas\n|upkeep\n|inactive|Javy11 has 120 seconds left.\n|inactive|malacara72 has 120 seconds left.\n|c|\u2606Javy11|I actually think is better than rimbombe right now\n|\n|t:|1699741437\n|switch|p2a: Nemo|Chi-Yu|100\/100\n|switch|p1a: SpookyScarySpectre|Marshadow|72\/100\n|-activate|p1a: SpookyScarySpectre|move: Sticky Web\n|-unboost|p1a: SpookyScarySpectre|spe|1\n|-ability|p2a: Nemo|Beads of Ruin\n|turn|33\n|\n|t:|1699741448\n|move|p2a: Nemo|Psychic|p1a: SpookyScarySpectre\n|-supereffective|p1a: SpookyScarySpectre\n|-damage|p1a: SpookyScarySpectre|0 fnt\n|faint|p1a: SpookyScarySpectre\n|\n|upkeep\n|\n|t:|1699741451\n|switch|p1a: Liepard|Liepard, F|24\/100\n|-activate|p1a: Liepard|move: Sticky Web\n|-unboost|p1a: Liepard|spe|1\n|turn|34\n|inactive|Javy11 has 120 seconds left.\n|\n|t:|1699741458\n|switch|p2a: Lego|Garganacl, M|100\/100\n|switch|p1a: Donphan|Donphan, L1, M|62\/100 tox\n|-activate|p1a: Donphan|move: Sticky Web\n|-unboost|p1a: Donphan|spe|1\n|\n|-damage|p1a: Donphan|54\/100 tox|[from] psn\n|upkeep\n|turn|35\n|c|\u2606malacara72|Nonononon NO\n|\n|t:|1699741471\n|move|p2a: Lego|Protect|p2a: Lego\n|-singleturn|p2a: Lego|Protect\n|move|p1a: Donphan|Endeavor|p2a: Lego\n|-activate|p2a: Lego|move: Protect\n|\n|-damage|p1a: Donphan|39\/100 tox|[from] psn\n|upkeep\n|turn|36\n|\n|t:|1699741484\n|move|p2a: Lego|Salt Cure|p1a: Donphan\n|-resisted|p1a: Donphan\n|-damage|p1a: Donphan|0 fnt\n|faint|p1a: Donphan\n|\n|upkeep\n|c|\u2606Javy11|dude you can just kill me, I am lvl 1\n|c|\u2606malacara72|Il\n|c|\u2606malacara72|Ik\n|c|\u2606Javy11|I dont know why you are not doing it but yeah\n|inactive|Javy11 has 120 seconds left.\n|c|\u2606Javy11|You were literraly stalling a lvl 1 mon\n|c|\u2606malacara72|Because why not lol\n|\n|t:|1699741517\n|switch|p1a: Ho-Oh|Ho-Oh|100\/100\n|turn|37\n|c|\u2606malacara72|It's being a liability for you\n|c|\u2606malacara72|And it allowed me to heal araquanid\n|inactive|malacara72 has 120 seconds left.\n|c|\u2606Javy11|he did great tbh\n|c|\u2606malacara72|Ikr\n|inactive|Javy11 has 90 seconds left.\n|c|\u2606Javy11|and he didnt even set up rocks or roar\n|c|\u2606malacara72|Didn't know lvl 1 donphans were legal\n|\n|t:|1699741559\n|-terastallize|p1a: Ho-Oh|Dark\n|move|p1a: Ho-Oh|Punishment|p2a: Lego\n|-damage|p2a: Lego|88\/100\n|move|p2a: Lego|Salt Cure|p1a: Ho-Oh\n|-damage|p1a: Ho-Oh|87\/100\n|-start|p1a: Ho-Oh|Salt Cure\n|\n|-damage|p1a: Ho-Oh|74\/100|[from] Salt Cure\n|upkeep\n|turn|38\n|\n|t:|1699741568\n|switch|p1a: Liepard|Liepard, F|24\/100\n|-activate|p1a: Liepard|move: Sticky Web\n|-unboost|p1a: Liepard|spe|1\n|move|p2a: Lego|Body Press|p1a: Liepard\n|-supereffective|p1a: Liepard\n|-damage|p1a: Liepard|0 fnt\n|faint|p1a: Liepard\n|\n|upkeep\n|\n|t:|1699741572\n|switch|p1a: Ho-Oh|Ho-Oh, tera:Dark|100\/100\n|turn|39\n|c|\u2606Javy11|gg\n|inactive|Javy11 has 90 seconds left.\n|c|\u2606malacara72|Gg\n|c|\u2606Javy11|i like that lego offensice\n|\n|t:|1699741583\n|move|p1a: Ho-Oh|Sacred Fire|p2a: Lego\n|-resisted|p2a: Lego\n|-damage|p2a: Lego|76\/100\n|move|p2a: Lego|Body Press|p1a: Ho-Oh\n|-supereffective|p1a: Ho-Oh\n|-damage|p1a: Ho-Oh|49\/100\n|\n|upkeep\n|turn|40\n|inactive|Javy11 has 90 seconds left.\n|c|\u2606malacara72|Lego can be built into anything\n|\n|t:|1699741595\n|move|p1a: Ho-Oh|Sacred Fire|p2a: Lego\n|-resisted|p2a: Lego\n|-damage|p2a: Lego|65\/100\n|move|p2a: Lego|Body Press|p1a: Ho-Oh\n|-supereffective|p1a: Ho-Oh\n|-damage|p1a: Ho-Oh|0 fnt\n|faint|p1a: Ho-Oh\n|\n|win|malacara72\n|raw|Javy11's rating: 1301 &rarr; <strong>1285<\/strong><br \/>(-16 for losing)\n|raw|malacara72's rating: 1375 &rarr; <strong>1391<\/strong><br \/>(+16 for winning)\n|c|\u2606malacara72|Ggs\n|c|\u2606Javy11|facts jajaj\n|l|\u2606Javy11\n","uploadtime":1699741609,"views":17,"p1id":"javy11","p2id":"malacara72","formatid":"gen9nationaldexubers","rating":1285,"private":0,"password":""}