{"id":"gen9nationaldexubers-1978954489","p1":"Dreepy Airlines","p2":"ThatOneZoro\/Zoa","format":"[Gen 9] National Dex Ubers","log":"|j|\u2606Dreepy Airlines\n|j|\u2606ThatOneZoro\/Zoa\n|t:|1698614184\n|gametype|singles\n|player|p1|Dreepy Airlines|elesa-masters2|\n|player|p2|ThatOneZoro\/Zoa|grusha|\n|teamsize|p1|6\n|teamsize|p2|6\n|gen|9\n|tier|[Gen 9] National Dex Ubers\n|rule|HP Percentage Mod: HP is shown in percentages\n|rule|Endless Battle Clause: Forcing endless battles is banned\n|rule|OHKO Clause: OHKO moves are banned\n|rule|Evasion Moves Clause: Evasion moves are banned\n|rule|Evasion Items Clause: Evasion items are banned\n|rule|Species Clause: Limit one of each Pok\u00e9mon\n|rule|Sleep Clause Mod: Limit one foe put to sleep\n|rule|Mega Rayquaza Clause: You cannot mega evolve Rayquaza\n|clearpoke\n|poke|p1|Dragonite, F|\n|poke|p1|Urshifu-*, M|\n|poke|p1|Jirachi|\n|poke|p1|Rillaboom, F|\n|poke|p1|Tinkaton, F|\n|poke|p1|Glimmora, F|\n|poke|p2|Blaziken, M|\n|poke|p2|Iron Valiant|\n|poke|p2|Keldeo|\n|poke|p2|Sneasler, F|\n|poke|p2|Great Tusk|\n|poke|p2|Tapu Koko|\n|teampreview\n|c|\u2606Dreepy Airlines|hi\n|c|\u2606ThatOneZoro\/Zoa|glhf\n|c|\u2606Dreepy Airlines|whatre your tera rules\n|c|\u2606ThatOneZoro\/Zoa|no restriction\n|c|\u2606Dreepy Airlines|gotcha hf\n|\n|t:|1698614225\n|start\n|switch|p1a: Glimmora|Glimmora, F|100\/100\n|switch|p2a: Tapu Koko|Tapu Koko|100\/100\n|-fieldstart|move: Electric Terrain|[from] ability: Electric Surge|[of] p2a: Tapu Koko\n|turn|1\n|\n|t:|1698614234\n|move|p2a: Tapu Koko|Thunderbolt|p1a: Glimmora\n|-damage|p1a: Glimmora|36\/100\n|move|p1a: Glimmora|Earth Power|p2a: Tapu Koko\n|-supereffective|p2a: Tapu Koko\n|-damage|p2a: Tapu Koko|0 fnt\n|faint|p2a: Tapu Koko\n|\n|upkeep\n|\n|t:|1698614241\n|switch|p2a: Iron Valiant|Iron Valiant|100\/100\n|-activate|p2a: Iron Valiant|ability: Quark Drive\n|-start|p2a: Iron Valiant|quarkdrivespe\n|turn|2\n|\n|t:|1698614246\n|move|p2a: Iron Valiant|Moonblast|p1a: Glimmora\n|-resisted|p1a: Glimmora\n|-damage|p1a: Glimmora|0 fnt\n|faint|p1a: Glimmora\n|\n|upkeep\n|\n|t:|1698614266\n|switch|p1a: Jirachi|Jirachi|100\/100\n|turn|3\n|\n|t:|1698614270\n|move|p2a: Iron Valiant|Moonblast|p1a: Jirachi\n|-resisted|p1a: Jirachi\n|-damage|p1a: Jirachi|64\/100\n|move|p1a: Jirachi|Zen Headbutt|p2a: Iron Valiant|[miss]\n|-miss|p1a: Jirachi|p2a: Iron Valiant\n|\n|upkeep\n|turn|4\n|\n|t:|1698614276\n|move|p2a: Iron Valiant|Moonblast|p1a: Jirachi\n|-resisted|p1a: Jirachi\n|-damage|p1a: Jirachi|31\/100\n|-unboost|p1a: Jirachi|spa|1\n|move|p1a: Jirachi|Zen Headbutt|p2a: Iron Valiant\n|-supereffective|p2a: Iron Valiant\n|-damage|p2a: Iron Valiant|15\/100\n|\n|upkeep\n|turn|5\n|\n|t:|1698614286\n|switch|p1a: Tinkaton|Tinkaton, F|100\/100\n|-ability|p1a: Tinkaton|Mold Breaker\n|move|p2a: Iron Valiant|Moonblast|p1a: Tinkaton\n|-resisted|p1a: Tinkaton\n|-damage|p1a: Tinkaton|63\/100\n|-unboost|p1a: Tinkaton|spa|1\n|\n|upkeep\n|turn|6\n|\n|t:|1698614294\n|move|p2a: Iron Valiant|Moonblast|p1a: Tinkaton\n|-resisted|p1a: Tinkaton\n|-damage|p1a: Tinkaton|25\/100\n|-unboost|p1a: Tinkaton|spa|1\n|move|p1a: Tinkaton|Gigaton Hammer|p2a: Iron Valiant\n|-supereffective|p2a: Iron Valiant\n|-damage|p2a: Iron Valiant|0 fnt\n|faint|p2a: Iron Valiant\n|-end|p2a: Iron Valiant|Quark Drive|[silent]\n|-damage|p1a: Tinkaton|15\/100|[from] item: Life Orb\n|\n|upkeep\n|\n|t:|1698614302\n|switch|p2a: Sneasler|Sneasler, F|100\/100\n|-enditem|p2a: Sneasler|Electric Seed\n|-boost|p2a: Sneasler|def|1|[from] item: Electric Seed\n|turn|7\n|\n|t:|1698614309\n|move|p2a: Sneasler|Fake Out|p1a: Tinkaton\n|-resisted|p1a: Tinkaton\n|-damage|p1a: Tinkaton|5\/100\n|cant|p1a: Tinkaton|flinch\n|\n|upkeep\n|turn|8\n|\n|t:|1698614315\n|move|p2a: Sneasler|Acrobatics|p1a: Tinkaton\n|-resisted|p1a: Tinkaton\n|-damage|p1a: Tinkaton|0 fnt\n|faint|p1a: Tinkaton\n|\n|-fieldend|move: Electric Terrain\n|upkeep\n|\n|t:|1698614349\n|switch|p1a: Rillaboom|Rillaboom, F|100\/100\n|-fieldstart|move: Grassy Terrain|[from] ability: Grassy Surge|[of] p1a: Rillaboom\n|turn|9\n|\n|t:|1698614356\n|move|p1a: Rillaboom|Grassy Glide|p2a: Sneasler\n|-resisted|p2a: Sneasler\n|-damage|p2a: Sneasler|70\/100\n|move|p2a: Sneasler|Dire Claw|p1a: Rillaboom\n|-supereffective|p1a: Rillaboom\n|-damage|p1a: Rillaboom|0 fnt\n|faint|p1a: Rillaboom\n|\n|-heal|p2a: Sneasler|76\/100|[from] Grassy Terrain\n|upkeep\n|\n|t:|1698614360\n|switch|p1a: Urshifu|Urshifu, M|100\/100\n|-enditem|p1a: Urshifu|Grassy Seed\n|-boost|p1a: Urshifu|def|1|[from] item: Grassy Seed\n|turn|10\n|\n|t:|1698614385\n|move|p2a: Sneasler|Close Combat|p1a: Urshifu\n|-supereffective|p1a: Urshifu\n|-damage|p1a: Urshifu|16\/100\n|-unboost|p2a: Sneasler|def|1\n|-unboost|p2a: Sneasler|spd|1\n|move|p1a: Urshifu|Acrobatics|p2a: Sneasler\n|-supereffective|p2a: Sneasler\n|-damage|p2a: Sneasler|0 fnt\n|faint|p2a: Sneasler\n|\n|-heal|p1a: Urshifu|22\/100|[from] Grassy Terrain\n|upkeep\n|\n|t:|1698614394\n|switch|p2a: Blaziken|Blaziken, M|100\/100\n|turn|11\n|\n|t:|1698614399\n|detailschange|p2a: Blaziken|Blaziken-Mega, M\n|-mega|p2a: Blaziken|Blaziken|Blazikenite\n|move|p2a: Blaziken|Protect|p2a: Blaziken\n|-singleturn|p2a: Blaziken|Protect\n|move|p1a: Urshifu|Acrobatics|p2a: Blaziken\n|-supereffective|p2a: Blaziken\n|-damage|p2a: Blaziken|0 fnt\n|faint|p2a: Blaziken\n|\n|-heal|p1a: Urshifu|28\/100|[from] Grassy Terrain\n|upkeep\n|c|\u2606Dreepy Airlines|unseen fist\n|c|\u2606ThatOneZoro\/Zoa|gah\n|c|\u2606Dreepy Airlines|fr\n|\n|t:|1698614416\n|switch|p2a: Keldeo|Keldeo|100\/100\n|turn|12\n|\n|t:|1698614439\n|switch|p1a: Dragonite|Dragonite, F|100\/100\n|move|p2a: Keldeo|Focus Blast|p1a: Dragonite\n|-resisted|p1a: Dragonite\n|-damage|p1a: Dragonite|84\/100\n|\n|upkeep\n|turn|13\n|\n|t:|1698614446\n|switch|p2a: Great Tusk|Great Tusk|100\/100\n|move|p1a: Dragonite|Dragon Dance|p1a: Dragonite\n|-boost|p1a: Dragonite|atk|1\n|-boost|p1a: Dragonite|spe|1\n|\n|-fieldend|move: Grassy Terrain\n|upkeep\n|turn|14\n|\n|t:|1698614449\n|move|p1a: Dragonite|Dual Wingbeat|p2a: Great Tusk\n|-supereffective|p2a: Great Tusk\n|-damage|p2a: Great Tusk|54\/100\n|-supereffective|p2a: Great Tusk\n|-damage|p2a: Great Tusk|7\/100\n|-hitcount|p2a: Great Tusk|2\n|move|p2a: Great Tusk|Knock Off|p1a: Dragonite\n|-damage|p1a: Dragonite|26\/100\n|-enditem|p1a: Dragonite|Heavy-Duty Boots|[from] move: Knock Off|[of] p2a: Great Tusk\n|\n|upkeep\n|turn|15\n|\n|t:|1698614459\n|move|p1a: Dragonite|Extreme Speed|p2a: Great Tusk\n|-damage|p2a: Great Tusk|0 fnt\n|faint|p2a: Great Tusk\n|-end|p2a: Great Tusk|Protosynthesis|[silent]\n|\n|upkeep\n|\n|t:|1698614461\n|switch|p2a: Keldeo|Keldeo|100\/100\n|turn|16\n|\n|t:|1698614472\n|move|p1a: Dragonite|Extreme Speed|p2a: Keldeo\n|-damage|p2a: Keldeo|51\/100\n|move|p2a: Keldeo|Focus Blast|p1a: Dragonite\n|-resisted|p1a: Dragonite\n|-crit|p1a: Dragonite\n|-damage|p1a: Dragonite|0 fnt\n|faint|p1a: Dragonite\n|\n|upkeep\n|\n|t:|1698614480\n|switch|p1a: Jirachi|Jirachi|31\/100\n|turn|17\n|\n|t:|1698614482\n|-terastallize|p1a: Jirachi|Psychic\n|move|p2a: Keldeo|Focus Blast|p1a: Jirachi|[miss]\n|-miss|p2a: Keldeo|p1a: Jirachi\n|move|p1a: Jirachi|Zen Headbutt|p2a: Keldeo\n|-supereffective|p2a: Keldeo\n|-damage|p2a: Keldeo|0 fnt\n|faint|p2a: Keldeo\n|\n|win|Dreepy Airlines\n|c|\u2606Dreepy Airlines|gg\n|c|\u2606ThatOneZoro\/Zoa|gg\n","uploadtime":1698614492,"views":7,"p1id":"dreepyairlines","p2id":"thatonezorozoa","formatid":"gen9nationaldexubers","rating":0,"private":0,"password":""}