{"id":"gen9nationaldexubers-1992606449","p1":"Aphgale","p2":"GarchompGamingOU","format":"[Gen 9] National Dex Ubers","log":"|j|\u2606Aphgale\n|j|\u2606GarchompGamingOU\n|t:|1700213694\n|gametype|singles\n|player|p1|Aphgale|dahlia|1208\n|player|p2|GarchompGamingOU|101|1207\n|teamsize|p1|6\n|teamsize|p2|6\n|gen|9\n|tier|[Gen 9] National Dex Ubers\n|rated|\n|rule|HP Percentage Mod: HP is shown in percentages\n|rule|Endless Battle Clause: Forcing endless battles is banned\n|rule|OHKO Clause: OHKO moves are banned\n|rule|Evasion Moves Clause: Evasion moves are banned\n|rule|Evasion Items Clause: Evasion items are banned\n|rule|Species Clause: Limit one of each Pok\u00e9mon\n|rule|Sleep Clause Mod: Limit one foe put to sleep\n|rule|Mega Rayquaza Clause: You cannot mega evolve Rayquaza\n|clearpoke\n|poke|p1|Naganadel|\n|poke|p1|Zacian-*|\n|poke|p1|Kangaskhan, F|\n|poke|p1|Chien-Pao|\n|poke|p1|Chi-Yu|\n|poke|p1|Darmanitan-Galar, F|\n|poke|p2|Deoxys|\n|poke|p2|Blaziken, M|\n|poke|p2|Mantine, F|\n|poke|p2|Lileep, M|\n|poke|p2|Hoppip, M|\n|poke|p2|Aegislash, F|\n|teampreview\n|inactive|Battle timer is ON: inactive players will automatically lose when time's up. (requested by GarchompGamingOU)\n|\n|t:|1700213709\n|start\n|switch|p1a: Kangaskhan|Kangaskhan, F|100\/100\n|switch|p2a: night terror|Lileep, M|100\/100\n|turn|1\n|\n|t:|1700213715\n|detailschange|p1a: Kangaskhan|Kangaskhan-Mega, F\n|-mega|p1a: Kangaskhan|Kangaskhan|Kangaskhanite\n|move|p1a: Kangaskhan|Fake Out|p2a: night terror\n|-resisted|p2a: night terror\n|-damage|p2a: night terror|91\/100\n|-resisted|p2a: night terror\n|-damage|p2a: night terror|89\/100\n|-hitcount|p2a: night terror|2\n|cant|p2a: night terror|flinch\n|\n|upkeep\n|turn|2\n|\n|t:|1700213720\n|move|p1a: Kangaskhan|Seismic Toss|p2a: night terror\n|-damage|p2a: night terror|59\/100\n|-damage|p2a: night terror|29\/100\n|-hitcount|p2a: night terror|2\n|move|p2a: night terror|Stealth Rock|p1a: Kangaskhan\n|-sidestart|p1: Aphgale|move: Stealth Rock\n|\n|upkeep\n|turn|3\n|\n|t:|1700213725\n|move|p1a: Kangaskhan|Seismic Toss|p2a: night terror\n|-damage|p2a: night terror|0 fnt\n|faint|p2a: night terror\n|-hitcount|p2: night terror|1\n|\n|upkeep\n|\n|t:|1700213731\n|switch|p2a: nerfed|Aegislash, F|100\/100\n|turn|4\n|\n|t:|1700213742\n|move|p1a: Kangaskhan|Crunch|p2a: nerfed\n|-supereffective|p2a: nerfed\n|-damage|p2a: nerfed|54\/100\n|-supereffective|p2a: nerfed\n|-crit|p2a: nerfed\n|-damage|p2a: nerfed|38\/100\n|-hitcount|p2a: nerfed|2\n|move|p2a: nerfed|Substitute|p2a: nerfed\n|-start|p2a: nerfed|Substitute\n|-damage|p2a: nerfed|13\/100\n|\n|-heal|p2a: nerfed|19\/100|[from] item: Leftovers\n|upkeep\n|turn|5\n|\n|t:|1700213749\n|move|p2a: nerfed|King's Shield|p2a: nerfed\n|-singleturn|p2a: nerfed|Protect\n|move|p1a: Kangaskhan|Crunch|p2a: nerfed\n|-activate|p2a: nerfed|move: Protect\n|-unboost|p1a: Kangaskhan|atk|1\n|\n|-heal|p2a: nerfed|26\/100|[from] item: Leftovers\n|upkeep\n|turn|6\n|\n|t:|1700213755\n|move|p1a: Kangaskhan|Crunch|p2a: nerfed\n|-supereffective|p2a: nerfed\n|-end|p2a: nerfed|Substitute\n|-supereffective|p2a: nerfed\n|-damage|p2a: nerfed|18\/100\n|-hitcount|p2a: nerfed|2\n|move|p2a: nerfed|Toxic|p1a: Kangaskhan\n|-status|p1a: Kangaskhan|tox\n|\n|-heal|p2a: nerfed|24\/100|[from] item: Leftovers\n|-damage|p1a: Kangaskhan|94\/100 tox|[from] psn\n|upkeep\n|turn|7\n|\n|t:|1700213767\n|switch|p1a: Chi-Yu|Chi-Yu|100\/100\n|-ability|p1a: Chi-Yu|Beads of Ruin\n|move|p2a: nerfed|King's Shield||[still]\n|-fail|p2a: nerfed\n|\n|-heal|p2a: nerfed|31\/100|[from] item: Leftovers\n|upkeep\n|turn|8\n|\n|t:|1700213776\n|move|p1a: Chi-Yu|Dark Pulse|p2a: nerfed\n|-supereffective|p2a: nerfed\n|-damage|p2a: nerfed|0 fnt\n|faint|p2a: nerfed\n|\n|upkeep\n|\n|t:|1700213778\n|switch|p2a: worse skarmory|Mantine, F|100\/100\n|turn|9\n|\n|t:|1700213785\n|move|p1a: Chi-Yu|Nasty Plot|p1a: Chi-Yu\n|-boost|p1a: Chi-Yu|spa|2\n|move|p2a: worse skarmory|Scald|p1a: Chi-Yu\n|-supereffective|p1a: Chi-Yu\n|-damage|p1a: Chi-Yu|50\/100\n|\n|upkeep\n|turn|10\n|\n|t:|1700213789\n|move|p1a: Chi-Yu|Dark Pulse|p2a: worse skarmory\n|-damage|p2a: worse skarmory|28\/100\n|move|p2a: worse skarmory|Scald|p1a: Chi-Yu\n|-supereffective|p1a: Chi-Yu\n|-damage|p1a: Chi-Yu|0 fnt\n|faint|p1a: Chi-Yu\n|\n|upkeep\n|\n|t:|1700213800\n|switch|p1a: Chien-Pao|Chien-Pao|100\/100\n|-ability|p1a: Chien-Pao|Sword of Ruin\n|turn|11\n|\n|t:|1700213808\n|move|p1a: Chien-Pao|Swords Dance|p1a: Chien-Pao\n|-boost|p1a: Chien-Pao|atk|2\n|move|p2a: worse skarmory|Scald|p1a: Chien-Pao\n|-damage|p1a: Chien-Pao|61\/100\n|\n|upkeep\n|turn|12\n|inactive|Aphgale has 120 seconds left.\n|\n|t:|1700213857\n|move|p1a: Chien-Pao|Ice Spinner|p2a: worse skarmory\n|-damage|p2a: worse skarmory|0 fnt\n|faint|p2a: worse skarmory\n|\n|upkeep\n|\n|t:|1700213861\n|switch|p2a: victory royale|Blaziken, M|100\/100\n|turn|13\n|\n|t:|1700213879\n|detailschange|p2a: victory royale|Blaziken-Mega, M\n|-mega|p2a: victory royale|Blaziken|Blazikenite\n|move|p2a: victory royale|Protect|p2a: victory royale\n|-singleturn|p2a: victory royale|Protect\n|move|p1a: Chien-Pao|Sacred Sword|p2a: victory royale\n|-activate|p2a: victory royale|move: Protect\n|\n|-ability|p2a: victory royale|Speed Boost|boost\n|-boost|p2a: victory royale|spe|1\n|upkeep\n|turn|14\n|\n|t:|1700213889\n|move|p2a: victory royale|Close Combat|p1a: Chien-Pao\n|-supereffective|p1a: Chien-Pao\n|-damage|p1a: Chien-Pao|0 fnt\n|-unboost|p2a: victory royale|def|1\n|-unboost|p2a: victory royale|spd|1\n|faint|p1a: Chien-Pao\n|\n|-ability|p2a: victory royale|Speed Boost|boost\n|-boost|p2a: victory royale|spe|1\n|upkeep\n|l|\u2606GarchompGamingOU\n|inactive|GarchompGamingOU disconnected and has a minute to reconnect!\n|player|p2|\n|\n|t:|1700213899\n|switch|p1a: Naganadel|Naganadel|100\/100\n|-damage|p1a: Naganadel|88\/100|[from] Stealth Rock\n|turn|15\n|inactive|GarchompGamingOU has 30 seconds to reconnect!\n|j|\u2606GarchompGamingOU\n|inactive|GarchompGamingOU reconnected and has 115 seconds left.\n|player|p2|GarchompGamingOU|101\n|\n|t:|1700213940\n|move|p2a: victory royale|Protect|p2a: victory royale\n|-singleturn|p2a: victory royale|Protect\n|move|p1a: Naganadel|Sludge Wave|p2a: victory royale\n|-activate|p2a: victory royale|move: Protect\n|\n|-ability|p2a: victory royale|Speed Boost|boost\n|-boost|p2a: victory royale|spe|1\n|upkeep\n|turn|16\n|inactive|Aphgale has 120 seconds left.\n|\n|t:|1700213970\n|switch|p2a: baabu :)|Hoppip, M|100\/100\n|move|p1a: Naganadel|Sludge Wave|p2a: baabu :)\n|-supereffective|p2a: baabu :)\n|-enditem|p2a: baabu :)|Focus Sash\n|-damage|p2a: baabu :)|1\/100\n|\n|upkeep\n|turn|17\n|inactive|GarchompGamingOU has 120 seconds left.\n|\n|t:|1700213979\n|move|p1a: Naganadel|Hidden Power|p2a: baabu :)\n|-supereffective|p2a: baabu :)\n|-damage|p2a: baabu :)|0 fnt\n|faint|p2a: baabu :)\n|-ability|p1a: Naganadel|Beast Boost|boost\n|-boost|p1a: Naganadel|spe|1\n|\n|upkeep\n|inactive|GarchompGamingOU has 120 seconds left.\n|\n|t:|1700213985\n|switch|p2a: discount deo-a|Deoxys|100\/100\n|-ability|p2a: discount deo-a|Pressure\n|turn|18\n|\n|t:|1700213990\n|move|p1a: Naganadel|Sludge Wave|p2a: discount deo-a\n|-damage|p2a: discount deo-a|0 fnt\n|faint|p2a: discount deo-a\n|-ability|p1a: Naganadel|Beast Boost|boost\n|-boost|p1a: Naganadel|spe|1\n|\n|upkeep\n|\n|t:|1700213993\n|switch|p2a: victory royale|Blaziken-Mega, M|100\/100\n|turn|19\n|inactive|Aphgale has 120 seconds left.\n|inactive|Aphgale has 90 seconds left.\n|\n|t:|1700214047\n|move|p2a: victory royale|Protect|p2a: victory royale\n|-singleturn|p2a: victory royale|Protect\n|move|p1a: Naganadel|Nasty Plot|p1a: Naganadel\n|-boost|p1a: Naganadel|spa|2\n|\n|-ability|p2a: victory royale|Speed Boost|boost\n|-boost|p2a: victory royale|spe|1\n|upkeep\n|turn|20\n|\n|t:|1700214058\n|move|p1a: Naganadel|Sludge Wave|p2a: victory royale\n|-damage|p2a: victory royale|0 fnt\n|faint|p2a: victory royale\n|\n|win|Aphgale\n|raw|Aphgale's rating: 1208 &rarr; <strong>1233<\/strong><br \/>(+25 for winning)\n|raw|GarchompGamingOU's rating: 1207 &rarr; <strong>1182<\/strong><br \/>(-25 for losing)\n|c|\u2606GarchompGamingOU|gg\n|c|\u2606GarchompGamingOU|nice outplay\n","uploadtime":1700214080,"views":9,"p1id":"aphgale","p2id":"garchompgamingou","formatid":"gen9nationaldexubers","rating":1182,"private":0,"password":""}