{"id":"gen9nationaldexubers-1990379231","p1":"tacuxi","p2":"85792195wwww","format":"[Gen 9] National Dex Ubers","log":"|j|\u2606tacuxi\n|j|\u260685792195wwww\n|t:|1699964519\n|gametype|singles\n|player|p1|tacuxi|palmer|1361\n|player|p2|85792195wwww|mira|1453\n|teamsize|p1|6\n|teamsize|p2|6\n|gen|9\n|tier|[Gen 9] National Dex Ubers\n|rated|\n|rule|HP Percentage Mod: HP is shown in percentages\n|rule|Endless Battle Clause: Forcing endless battles is banned\n|rule|OHKO Clause: OHKO moves are banned\n|rule|Evasion Moves Clause: Evasion moves are banned\n|rule|Evasion Items Clause: Evasion items are banned\n|rule|Species Clause: Limit one of each Pok\u00e9mon\n|rule|Sleep Clause Mod: Limit one foe put to sleep\n|rule|Mega Rayquaza Clause: You cannot mega evolve Rayquaza\n|clearpoke\n|poke|p1|Yveltal|\n|poke|p1|Zacian-*|\n|poke|p1|Sableye, M|\n|poke|p1|Lugia|\n|poke|p1|Kingambit, M|\n|poke|p1|Reshiram|\n|poke|p2|Xerneas-*|\n|poke|p2|Arceus-Rock|\n|poke|p2|Deoxys-Speed|\n|poke|p2|Ogerpon-Hearthflame, F|\n|poke|p2|Groudon|\n|poke|p2|Rayquaza|\n|teampreview\n|inactive|Battle timer is ON: inactive players will automatically lose when time's up. (requested by tacuxi)\n|\n|t:|1699964531\n|start\n|switch|p1a: Yveltal|Yveltal, shiny|100\/100\n|switch|p2a: Deoxys|Deoxys-Speed|100\/100\n|-ability|p2a: Deoxys|Pressure\n|-ability|p1a: Yveltal|Dark Aura\n|turn|1\n|\n|t:|1699964542\n|move|p2a: Deoxys|Stealth Rock|p1a: Yveltal\n|-sidestart|p1: tacuxi|move: Stealth Rock\n|move|p1a: Yveltal|Dark Pulse|p2a: Deoxys\n|-supereffective|p2a: Deoxys\n|-damage|p2a: Deoxys|0 fnt\n|faint|p2a: Deoxys\n|-damage|p1a: Yveltal|91\/100|[from] item: Life Orb\n|\n|upkeep\n|\n|t:|1699964551\n|switch|p2a: Arceus|Arceus-Rock|100\/100\n|turn|2\n|\n|t:|1699964558\n|switch|p1a: Zacian|Zacian-Crowned, shiny|100\/100\n|-damage|p1a: Zacian|94\/100|[from] Stealth Rock\n|-ability|p1a: Zacian|Intrepid Sword|boost\n|-boost|p1a: Zacian|atk|1\n|move|p2a: Arceus|Calm Mind|p2a: Arceus\n|-boost|p2a: Arceus|spa|1\n|-boost|p2a: Arceus|spd|1\n|\n|upkeep\n|turn|3\n|\n|t:|1699964568\n|-terastallize|p2a: Arceus|Ground\n|move|p1a: Zacian|Behemoth Blade|p2a: Arceus\n|-damage|p2a: Arceus|36\/100\n|move|p2a: Arceus|Earth Power|p1a: Zacian\n|-supereffective|p1a: Zacian\n|-crit|p1a: Zacian\n|-damage|p1a: Zacian|0 fnt\n|faint|p1a: Zacian\n|\n|upkeep\n|\n|t:|1699964577\n|switch|p1a: Yveltal|Yveltal, shiny|91\/100\n|-damage|p1a: Yveltal|66\/100|[from] Stealth Rock\n|-ability|p1a: Yveltal|Dark Aura\n|turn|4\n|\n|t:|1699964583\n|move|p1a: Yveltal|Sucker Punch|p2a: Arceus\n|-damage|p2a: Arceus|0 fnt\n|faint|p2a: Arceus\n|-damage|p1a: Yveltal|56\/100|[from] item: Life Orb\n|\n|upkeep\n|\n|t:|1699964593\n|switch|p2a: Ogerpon|Ogerpon-Hearthflame, F|100\/100\n|-ability|p2a: Ogerpon|Mold Breaker\n|turn|5\n|\n|t:|1699964599\n|move|p2a: Ogerpon|Ivy Cudgel|p1a: Yveltal|[anim] Ivy Cudgel Fire\n|-crit|p1a: Yveltal\n|-damage|p1a: Yveltal|0 fnt\n|faint|p1a: Yveltal\n|\n|upkeep\n|\n|t:|1699964606\n|switch|p1a: Lugia|Lugia, shiny|100\/100\n|-damage|p1a: Lugia|75\/100|[from] Stealth Rock\n|turn|6\n|\n|t:|1699964610\n|move|p2a: Ogerpon|Taunt|p1a: Lugia\n|-start|p1a: Lugia|move: Taunt\n|cant|p1a: Lugia|move: Taunt|Defog\n|\n|-heal|p1a: Lugia|82\/100|[from] item: Leftovers\n|upkeep\n|turn|7\n|\n|t:|1699964618\n|move|p2a: Ogerpon|Swords Dance|p2a: Ogerpon\n|-boost|p2a: Ogerpon|atk|2\n|move|p1a: Lugia|Aeroblast|p2a: Ogerpon\n|-supereffective|p2a: Ogerpon\n|-damage|p2a: Ogerpon|0 fnt\n|faint|p2a: Ogerpon\n|\n|-heal|p1a: Lugia|88\/100|[from] item: Leftovers\n|upkeep\n|c|\u2606tacuxi|bro\n|\n|t:|1699964630\n|switch|p2a: Xerneas|Xerneas|100\/100\n|-ability|p2a: Xerneas|Fairy Aura\n|turn|8\n|\n|t:|1699964635\n|switch|p1a: Sableye|Sableye, M|100\/100\n|-damage|p1a: Sableye|88\/100|[from] Stealth Rock\n|move|p2a: Xerneas|Geomancy||[still]\n|-prepare|p2a: Xerneas|Geomancy\n|-enditem|p2a: Xerneas|Power Herb\n|-anim|p2a: Xerneas|Geomancy|p2a: Xerneas\n|-boost|p2a: Xerneas|spa|2\n|-boost|p2a: Xerneas|spd|2\n|-boost|p2a: Xerneas|spe|2\n|\n|upkeep\n|turn|9\n|\n|t:|1699964645\n|move|p1a: Sableye|Encore|p2a: Xerneas\n|-start|p2a: Xerneas|Encore\n|move|p2a: Xerneas|Geomancy||[still]\n|-prepare|p2a: Xerneas|Geomancy\n|\n|upkeep\n|turn|10\n|\n|t:|1699964651\n|move|p1a: Sableye|Thunder Wave|p2a: Xerneas\n|-status|p2a: Xerneas|par\n|move|p2a: Xerneas|Geomancy|p2a: Xerneas|[from]lockedmove\n|-boost|p2a: Xerneas|spa|2\n|-boost|p2a: Xerneas|spd|2\n|-boost|p2a: Xerneas|spe|2\n|\n|upkeep\n|turn|11\n|\n|t:|1699964660\n|switch|p2a: Groudon|Groudon|100\/100\n|detailschange|p2a: Groudon|Groudon-Primal\n|-primal|p2a: Groudon|Red Orb\n|-weather|DesolateLand|[from] ability: Desolate Land|[of] p2a: Groudon\n|switch|p1a: Kingambit|Kingambit, M|100\/100\n|-damage|p1a: Kingambit|94\/100|[from] Stealth Rock\n|-activate|p1a: Kingambit|ability: Supreme Overlord\n|-start|p1a: Kingambit|fallen2|[silent]\n|\n|-weather|DesolateLand|[upkeep]\n|upkeep\n|turn|12\n|\n|t:|1699964676\n|-end|p1a: Kingambit|fallen2|[silent]\n|switch|p1a: Reshiram|Reshiram, shiny|100\/100\n|-damage|p1a: Reshiram|76\/100|[from] Stealth Rock\n|-ability|p1a: Reshiram|Turboblaze\n|move|p2a: Groudon|Heat Crash|p1a: Reshiram\n|-resisted|p1a: Reshiram\n|-damage|p1a: Reshiram|55\/100\n|\n|-weather|DesolateLand|[upkeep]\n|upkeep\n|turn|13\n|\n|t:|1699964686\n|-weather|none\n|switch|p2a: Xerneas|Xerneas|100\/100 par\n|-ability|p2a: Xerneas|Fairy Aura\n|move|p1a: Reshiram|Dragon Dance|p1a: Reshiram\n|-boost|p1a: Reshiram|atk|1\n|-boost|p1a: Reshiram|spe|1\n|\n|upkeep\n|turn|14\n|\n|t:|1699964700\n|move|p1a: Reshiram|Hyper Voice|p2a: Xerneas\n|-damage|p2a: Xerneas|69\/100 par\n|-enditem|p1a: Reshiram|Throat Spray\n|-boost|p1a: Reshiram|spa|1|[from] item: Throat Spray\n|move|p2a: Xerneas|Moonblast|p1a: Reshiram\n|-damage|p1a: Reshiram|0 fnt\n|faint|p1a: Reshiram\n|\n|upkeep\n|\n|t:|1699964705\n|switch|p1a: Lugia|Lugia, shiny|88\/100\n|-damage|p1a: Lugia|63\/100|[from] Stealth Rock\n|turn|15\n|\n|t:|1699964713\n|move|p1a: Lugia|Defog|p2a: Xerneas\n|-unboost|p2a: Xerneas|evasion|1\n|-sideend|p1: tacuxi|Stealth Rock|[from] move: Defog|[of] p1a: Lugia\n|move|p2a: Xerneas|Moonblast|p1a: Lugia\n|-damage|p1a: Lugia|25\/100\n|\n|-heal|p1a: Lugia|31\/100|[from] item: Leftovers\n|upkeep\n|turn|16\n|\n|t:|1699964722\n|move|p1a: Lugia|Roost|p1a: Lugia\n|-heal|p1a: Lugia|81\/100\n|-singleturn|p1a: Lugia|move: Roost\n|move|p2a: Xerneas|Moonblast|p1a: Lugia\n|-damage|p1a: Lugia|38\/100\n|-unboost|p1a: Lugia|spa|1\n|\n|-heal|p1a: Lugia|44\/100|[from] item: Leftovers\n|upkeep\n|turn|17\n|\n|t:|1699964732\n|move|p1a: Lugia|Roost|p1a: Lugia\n|-heal|p1a: Lugia|94\/100\n|-singleturn|p1a: Lugia|move: Roost\n|cant|p2a: Xerneas|par\n|\n|-heal|p1a: Lugia|99\/100|[from] item: Leftovers\n|upkeep\n|turn|18\n|\n|t:|1699964741\n|move|p1a: Lugia|Aeroblast|p2a: Xerneas\n|-damage|p2a: Xerneas|42\/100 par\n|move|p2a: Xerneas|Moonblast|p1a: Lugia\n|-damage|p1a: Lugia|56\/100\n|-unboost|p1a: Lugia|spa|1\n|\n|-heal|p1a: Lugia|62\/100|[from] item: Leftovers\n|upkeep\n|turn|19\n|\n|t:|1699964751\n|move|p1a: Lugia|Roost|p1a: Lugia\n|-heal|p1a: Lugia|100\/100\n|-singleturn|p1a: Lugia|move: Roost\n|cant|p2a: Xerneas|par\n|\n|upkeep\n|turn|20\n|\n|t:|1699964757\n|switch|p1a: Sableye|Sableye, M|88\/100\n|move|p2a: Xerneas|Moonblast|p1a: Sableye\n|-supereffective|p1a: Sableye\n|-damage|p1a: Sableye|0 fnt\n|faint|p1a: Sableye\n|\n|upkeep\n|\n|t:|1699964761\n|switch|p1a: Kingambit|Kingambit, M|94\/100\n|-activate|p1a: Kingambit|ability: Supreme Overlord\n|-start|p1a: Kingambit|fallen4|[silent]\n|turn|21\n|\n|t:|1699964769\n|-end|p1a: Kingambit|fallen4|[silent]\n|switch|p1a: Lugia|Lugia, shiny|100\/100\n|move|p2a: Xerneas|Moonblast|p1a: Lugia\n|-damage|p1a: Lugia|81\/100\n|\n|-heal|p1a: Lugia|87\/100|[from] item: Leftovers\n|upkeep\n|turn|22\n|\n|t:|1699964777\n|move|p1a: Lugia|Aeroblast|p2a: Xerneas\n|-damage|p2a: Xerneas|1\/100 par\n|move|p2a: Xerneas|Moonblast|p1a: Lugia\n|-damage|p1a: Lugia|44\/100\n|\n|-heal|p1a: Lugia|50\/100|[from] item: Leftovers\n|upkeep\n|turn|23\n|\n|t:|1699964786\n|move|p1a: Lugia|Roost|p1a: Lugia\n|-heal|p1a: Lugia|99\/100\n|-singleturn|p1a: Lugia|move: Roost\n|move|p2a: Xerneas|Moonblast|p1a: Lugia\n|-damage|p1a: Lugia|56\/100\n|\n|-heal|p1a: Lugia|63\/100|[from] item: Leftovers\n|upkeep\n|turn|24\n|\n|t:|1699964796\n|move|p1a: Lugia|Roost|p1a: Lugia\n|-heal|p1a: Lugia|100\/100\n|-singleturn|p1a: Lugia|move: Roost\n|cant|p2a: Xerneas|par\n|\n|upkeep\n|turn|25\n|l|\u2606tacuxi\n|inactive|tacuxi disconnected and has a minute to reconnect!\n|player|p1|\n|inactive|tacuxi has 30 seconds to reconnect!\n|inactive|tacuxi has 20 seconds to reconnect!\n|inactive|tacuxi has 15 seconds to reconnect!\n|inactive|tacuxi has 10 seconds to reconnect!\n|inactive|tacuxi has 5 seconds to reconnect!\n|-message|tacuxi lost due to inactivity.\n|\n|win|85792195wwww\n|raw|tacuxi's rating: 1361 &rarr; <strong>1346<\/strong><br \/>(-15 for losing)\n|raw|85792195wwww's rating: 1453 &rarr; <strong>1468<\/strong><br \/>(+15 for winning)\n","uploadtime":1699964877,"views":7,"p1id":"tacuxi","p2id":"85792195wwww","formatid":"gen9nationaldexubers","rating":1346,"private":0,"password":""}