{"id":"gen9nationaldexubers-1980022820","p1":"85792195wwww","p2":"Soyeon is a cutie","format":"[Gen 9] National Dex Ubers","log":"|j|\u203d85792195wwww\n|j|\u2606Soyeon is a cutie\n|t:|1698747947\n|gametype|singles\n|player|p1|85792195wwww|lady|1760\n|player|p2|Soyeon is a cutie|idol|1894\n|teamsize|p1|6\n|teamsize|p2|6\n|gen|9\n|tier|[Gen 9] National Dex Ubers\n|rated|\n|rule|HP Percentage Mod: HP is shown in percentages\n|rule|Endless Battle Clause: Forcing endless battles is banned\n|rule|OHKO Clause: OHKO moves are banned\n|rule|Evasion Moves Clause: Evasion moves are banned\n|rule|Evasion Items Clause: Evasion items are banned\n|rule|Species Clause: Limit one of each Pok\u00e9mon\n|rule|Sleep Clause Mod: Limit one foe put to sleep\n|rule|Mega Rayquaza Clause: You cannot mega evolve Rayquaza\n|clearpoke\n|poke|p1|Zacian-*|\n|poke|p1|Kyogre|\n|poke|p1|Xerneas-*|\n|poke|p1|Deoxys-Speed|\n|poke|p1|Groudon|\n|poke|p1|Arceus|\n|poke|p2|Arceus-Fairy|\n|poke|p2|Kingambit, M|\n|poke|p2|Ditto|\n|poke|p2|Urshifu-*, M|\n|poke|p2|Lunala|\n|poke|p2|Necrozma-Dusk-Mane|\n|teampreview\n|inactive|Battle timer is ON: inactive players will automatically lose when time's up. (requested by Soyeon is a cutie)\n|\n|t:|1698747969\n|start\n|switch|p1a: Deoxys|Deoxys-Speed|100\/100\n|switch|p2a: Lunala|Lunala, shiny|100\/100\n|-ability|p1a: Deoxys|Pressure\n|turn|1\n|\n|t:|1698747977\n|switch|p1a: Arceus|Arceus|100\/100\n|move|p2a: Lunala|Moongeist Beam|p1a: Arceus\n|-immune|p1a: Arceus\n|\n|upkeep\n|turn|2\n|\n|t:|1698747985\n|switch|p1a: Deoxys|Deoxys-Speed|100\/100\n|-ability|p1a: Deoxys|Pressure\n|switch|p2a: Arceus|Arceus-Fairy|100\/100\n|\n|upkeep\n|turn|3\n|\n|t:|1698747993\n|move|p1a: Deoxys|Stealth Rock|p2a: Arceus\n|-sidestart|p2: Soyeon is a cutie|move: Stealth Rock\n|move|p2a: Arceus|Taunt|p1a: Deoxys\n|-start|p1a: Deoxys|move: Taunt\n|\n|upkeep\n|turn|4\n|\n|t:|1698748000\n|switch|p1a: Zacian|Zacian-Crowned|100\/100\n|-ability|p1a: Zacian|Intrepid Sword|boost\n|-boost|p1a: Zacian|atk|1\n|switch|p2a: Lunala|Lunala, shiny|100\/100\n|\n|upkeep\n|turn|5\n|\n|t:|1698748008\n|move|p1a: Zacian|Behemoth Blade|p2a: Lunala\n|-damage|p2a: Lunala|58\/100\n|move|p2a: Lunala|Moongeist Beam|p1a: Zacian\n|-damage|p1a: Zacian|51\/100\n|\n|upkeep\n|turn|6\n|\n|t:|1698748016\n|move|p1a: Zacian|Behemoth Blade|p2a: Lunala\n|-damage|p2a: Lunala|0 fnt\n|faint|p2a: Lunala\n|\n|upkeep\n|\n|t:|1698748018\n|switch|p2a: Ditto|Ditto, shiny|100\/100\n|-damage|p2a: Ditto|88\/100|[from] Stealth Rock\n|-transform|p2a: Ditto|p1a: Zacian|[from] ability: Imposter\n|-ability|p2a: Ditto|Intrepid Sword|boost\n|-boost|p2a: Ditto|atk|1\n|turn|7\n|\n|t:|1698748028\n|switch|p1a: Deoxys|Deoxys-Speed|100\/100\n|-ability|p1a: Deoxys|Pressure\n|move|p2a: Ditto|Behemoth Blade|p1a: Deoxys\n|-damage|p1a: Deoxys|0 fnt\n|-damage|p2a: Ditto|72\/100|[from] item: Rocky Helmet|[of] p1a: Deoxys\n|faint|p1a: Deoxys\n|\n|upkeep\n|\n|t:|1698748039\n|switch|p1a: Groudon|Groudon|100\/100\n|detailschange|p1a: Groudon|Groudon-Primal\n|-primal|p1a: Groudon|Red Orb\n|-weather|DesolateLand|[from] ability: Desolate Land|[of] p1a: Groudon\n|turn|8\n|\n|t:|1698748049\n|switch|p2a: Arceus|Arceus-Fairy|100\/100\n|-damage|p2a: Arceus|88\/100|[from] Stealth Rock\n|move|p1a: Groudon|Heat Crash|p2a: Arceus\n|-damage|p2a: Arceus|29\/100\n|\n|-weather|DesolateLand|[upkeep]\n|upkeep\n|turn|9\n|\n|t:|1698748056\n|move|p2a: Arceus|Judgment|p1a: Groudon\n|-resisted|p1a: Groudon\n|-damage|p1a: Groudon|77\/100\n|move|p1a: Groudon|Heat Crash|p2a: Arceus\n|-damage|p2a: Arceus|0 fnt\n|faint|p2a: Arceus\n|\n|-weather|DesolateLand|[upkeep]\n|upkeep\n|\n|t:|1698748068\n|switch|p2a: Necrozma|Necrozma-Dusk-Mane, shiny|100\/100\n|-damage|p2a: Necrozma|94\/100|[from] Stealth Rock\n|turn|10\n|\n|t:|1698748073\n|detailschange|p2a: Necrozma|Necrozma-Ultra, shiny\n|-burst|p2a: Necrozma|Necrozma|Ultranecrozium Z\n|move|p2a: Necrozma|Earth Power|p1a: Groudon\n|-supereffective|p1a: Groudon\n|-damage|p1a: Groudon|0 fnt\n|faint|p1a: Groudon\n|-weather|none\n|\n|upkeep\n|\n|t:|1698748082\n|switch|p1a: Zacian|Zacian-Crowned|51\/100\n|turn|11\n|\n|t:|1698748085\n|move|p1a: Zacian|Behemoth Blade|p2a: Necrozma\n|-damage|p2a: Necrozma|26\/100\n|move|p2a: Necrozma|Earth Power|p1a: Zacian\n|-supereffective|p1a: Zacian\n|-damage|p1a: Zacian|0 fnt\n|faint|p1a: Zacian\n|\n|upkeep\n|\n|t:|1698748094\n|switch|p1a: Arceus|Arceus|100\/100\n|turn|12\n|\n|t:|1698748102\n|switch|p2a: Urshifu|Urshifu, M|100\/100\n|-damage|p2a: Urshifu|94\/100|[from] Stealth Rock\n|move|p1a: Arceus|Extreme Speed|p2a: Urshifu\n|-damage|p2a: Urshifu|35\/100\n|-damage|p1a: Arceus|91\/100|[from] item: Life Orb\n|\n|upkeep\n|turn|13\n|\n|t:|1698748111\n|move|p1a: Arceus|Extreme Speed|p2a: Urshifu\n|-damage|p2a: Urshifu|0 fnt\n|faint|p2a: Urshifu\n|-damage|p1a: Arceus|81\/100|[from] item: Life Orb\n|\n|upkeep\n|\n|t:|1698748113\n|switch|p2a: Kingambit|Kingambit, M|100\/100\n|-damage|p2a: Kingambit|94\/100|[from] Stealth Rock\n|-activate|p2a: Kingambit|ability: Supreme Overlord\n|-start|p2a: Kingambit|fallen3|[silent]\n|turn|14\n|\n|t:|1698748123\n|switch|p1a: Kyogre|Kyogre|100\/100\n|detailschange|p1a: Kyogre|Kyogre-Primal\n|-primal|p1a: Kyogre|Blue Orb\n|-weather|PrimordialSea|[from] ability: Primordial Sea|[of] p1a: Kyogre\n|move|p2a: Kingambit|Knock Off|p1a: Kyogre\n|-damage|p1a: Kyogre|47\/100\n|\n|-weather|PrimordialSea|[upkeep]\n|upkeep\n|turn|15\n|\n|t:|1698748135\n|-weather|none\n|switch|p1a: Xerneas|Xerneas|100\/100\n|-ability|p1a: Xerneas|Fairy Aura\n|move|p2a: Kingambit|Sucker Punch||[still]\n|-fail|p2a: Kingambit\n|\n|upkeep\n|turn|16\n|\n|t:|1698748149\n|-terastallize|p1a: Xerneas|Fairy\n|move|p1a: Xerneas|Moonblast|p2a: Kingambit\n|-damage|p2a: Kingambit|0 fnt\n|faint|p2a: Kingambit\n|-end|p2a: Kingambit|fallen3|[silent]\n|\n|upkeep\n|\n|t:|1698748162\n|switch|p2a: Necrozma|Necrozma-Ultra, shiny|26\/100\n|-damage|p2a: Necrozma|14\/100|[from] Stealth Rock\n|turn|17\n|\n|t:|1698748167\n|switch|p1a: Kyogre|Kyogre-Primal|47\/100\n|-weather|PrimordialSea|[from] ability: Primordial Sea|[of] p1a: Kyogre\n|-zpower|p2a: Necrozma\n|move|p2a: Necrozma|Light That Burns the Sky|p1a: Kyogre|[zeffect]\n|-damage|p1a: Kyogre|0 fnt\n|faint|p1a: Kyogre\n|-weather|none\n|\n|upkeep\n|\n|t:|1698748178\n|switch|p1a: Arceus|Arceus|81\/100\n|turn|18\n|\n|t:|1698748183\n|move|p1a: Arceus|Extreme Speed|p2a: Necrozma\n|-damage|p2a: Necrozma|0 fnt\n|faint|p2a: Necrozma\n|-damage|p1a: Arceus|71\/100|[from] item: Life Orb\n|\n|upkeep\n|\n|t:|1698748185\n|switch|p2a: Ditto|Ditto, shiny|72\/100\n|-damage|p2a: Ditto|59\/100|[from] Stealth Rock\n|-transform|p2a: Ditto|p1a: Arceus|[from] ability: Imposter\n|turn|19\n|\n|t:|1698748194\n|move|p2a: Ditto|Extreme Speed|p1a: Arceus\n|-damage|p1a: Arceus|39\/100\n|move|p1a: Arceus|Will-O-Wisp|p2a: Ditto\n|-status|p2a: Ditto|brn\n|\n|-damage|p2a: Ditto|53\/100 brn|[from] brn\n|upkeep\n|turn|20\n|-message|Soyeon is a cutie forfeited.\n|\n|win|85792195wwww\n|raw|85792195wwww's rating: 1760 &rarr; <strong>1787<\/strong><br \/>(+27 for winning)\n|raw|Soyeon is a cutie's rating: 1894 &rarr; <strong>1867<\/strong><br \/>(-27 for losing)\n|l|\u2606Soyeon is a cutie\n","uploadtime":1698748206,"views":15,"p1id":"85792195wwww","p2id":"soyeonisacutie","formatid":"gen9nationaldexubers","rating":1787,"private":0,"password":""}