{"id":"gen9nationaldexubers-1993604393","p1":"Pachimi","p2":"Tysa_3s","format":"[Gen 9] National Dex Ubers","log":"|j|\u2606Pachimi\n|j|\u2606Tysa_3s\n|t:|1700336573\n|gametype|singles\n|player|p1|Pachimi|ash-alola|1207\n|player|p2|Tysa_3s|170|1184\n|teamsize|p1|6\n|teamsize|p2|6\n|gen|9\n|tier|[Gen 9] National Dex Ubers\n|rated|\n|rule|HP Percentage Mod: HP is shown in percentages\n|rule|Endless Battle Clause: Forcing endless battles is banned\n|rule|OHKO Clause: OHKO moves are banned\n|rule|Evasion Moves Clause: Evasion moves are banned\n|rule|Evasion Items Clause: Evasion items are banned\n|rule|Species Clause: Limit one of each Pok\u00e9mon\n|rule|Sleep Clause Mod: Limit one foe put to sleep\n|rule|Mega Rayquaza Clause: You cannot mega evolve Rayquaza\n|clearpoke\n|poke|p1|Pikachu, F|\n|poke|p1|Lucario, M|\n|poke|p1|Dragonite, F|\n|poke|p1|Dracovish|\n|poke|p1|Gengar, M|\n|poke|p1|Sirfetch\u2019d, M|\n|poke|p2|Blaziken, M|\n|poke|p2|Azumarill, M|\n|poke|p2|Dialga|\n|poke|p2|Zekrom|\n|poke|p2|Palkia|\n|poke|p2|Giratina-Origin|\n|teampreview\n|inactive|Battle timer is ON: inactive players will automatically lose when time's up. (requested by Pachimi)\n|\n|t:|1700336579\n|start\n|switch|p1a: Pikachu|Pikachu, F|100\/100\n|switch|p2a: Azumarill|Azumarill, M|100\/100\n|turn|1\n|\n|t:|1700336586\n|move|p1a: Pikachu|Fake Out|p2a: Azumarill\n|-damage|p2a: Azumarill|84\/100\n|cant|p2a: Azumarill|flinch\n|\n|-heal|p2a: Azumarill|91\/100|[from] item: Leftovers\n|upkeep\n|turn|2\n|\n|t:|1700336595\n|move|p1a: Pikachu|Thunder Punch|p2a: Azumarill\n|-supereffective|p2a: Azumarill\n|-damage|p2a: Azumarill|5\/100\n|move|p2a: Azumarill|Belly Drum||[still]\n|-fail|p2a: Azumarill\n|\n|-heal|p2a: Azumarill|12\/100|[from] item: Leftovers\n|upkeep\n|turn|3\n|\n|t:|1700336605\n|move|p1a: Pikachu|Extreme Speed|p2a: Azumarill\n|-damage|p2a: Azumarill|0 fnt\n|faint|p2a: Azumarill\n|\n|upkeep\n|\n|t:|1700336613\n|switch|p2a: Blaziken|Blaziken, M|100\/100\n|turn|4\n|\n|t:|1700336620\n|detailschange|p2a: Blaziken|Blaziken-Mega, M\n|-mega|p2a: Blaziken|Blaziken|Blazikenite\n|move|p1a: Pikachu|Knock Off|p2a: Blaziken\n|-resisted|p2a: Blaziken\n|-damage|p2a: Blaziken|84\/100\n|move|p2a: Blaziken|Swords Dance|p2a: Blaziken\n|-boost|p2a: Blaziken|atk|2\n|\n|-ability|p2a: Blaziken|Speed Boost|boost\n|-boost|p2a: Blaziken|spe|1\n|upkeep\n|turn|5\n|\n|t:|1700336631\n|switch|p1a: Dracovish|Dracovish|100\/100\n|move|p2a: Blaziken|Low Sweep|p1a: Dracovish\n|-damage|p1a: Dracovish|45\/100\n|-unboost|p1a: Dracovish|spe|1\n|\n|-ability|p2a: Blaziken|Speed Boost|boost\n|-boost|p2a: Blaziken|spe|1\n|upkeep\n|turn|6\n|\n|t:|1700336640\n|move|p2a: Blaziken|Low Sweep|p1a: Dracovish\n|-damage|p1a: Dracovish|0 fnt\n|faint|p1a: Dracovish\n|\n|-ability|p2a: Blaziken|Speed Boost|boost\n|-boost|p2a: Blaziken|spe|1\n|upkeep\n|\n|t:|1700336648\n|switch|p1a: Pikachu|Pikachu, F|100\/100\n|turn|7\n|\n|t:|1700336656\n|move|p1a: Pikachu|Fake Out|p2a: Blaziken\n|-damage|p2a: Blaziken|66\/100\n|cant|p2a: Blaziken|flinch\n|\n|-ability|p2a: Blaziken|Speed Boost|boost\n|-boost|p2a: Blaziken|spe|1\n|upkeep\n|turn|8\n|\n|t:|1700336665\n|move|p1a: Pikachu|Extreme Speed|p2a: Blaziken\n|-damage|p2a: Blaziken|31\/100\n|move|p2a: Blaziken|Low Sweep|p1a: Pikachu\n|-damage|p1a: Pikachu|0 fnt\n|faint|p1a: Pikachu\n|\n|-ability|p2a: Blaziken|Speed Boost|boost\n|-boost|p2a: Blaziken|spe|1\n|upkeep\n|\n|t:|1700336668\n|switch|p1a: Gengar|Gengar, M|100\/100\n|turn|9\n|\n|t:|1700336678\n|move|p2a: Blaziken|Knock Off|p1a: Gengar\n|-supereffective|p1a: Gengar\n|-damage|p1a: Gengar|0 fnt\n|-enditem|p1a: Gengar|Life Orb|[from] move: Knock Off|[of] p2a: Blaziken\n|faint|p1a: Gengar\n|\n|-ability|p2a: Blaziken|Speed Boost|boost\n|-boost|p2a: Blaziken|spe|1\n|upkeep\n|\n|t:|1700336680\n|switch|p1a: Sirfetch\u2019d|Sirfetch\u2019d, M|100\/100\n|turn|10\n|\n|t:|1700336689\n|move|p2a: Blaziken|Knock Off|p1a: Sirfetch\u2019d\n|-resisted|p1a: Sirfetch\u2019d\n|-damage|p1a: Sirfetch\u2019d|63\/100\n|-enditem|p1a: Sirfetch\u2019d|Leek|[from] move: Knock Off|[of] p2a: Blaziken\n|move|p1a: Sirfetch\u2019d|Brave Bird|p2a: Blaziken\n|-supereffective|p2a: Blaziken\n|-damage|p2a: Blaziken|0 fnt\n|faint|p2a: Blaziken\n|-damage|p1a: Sirfetch\u2019d|52\/100|[from] Recoil\n|\n|upkeep\n|\n|t:|1700336706\n|switch|p2a: Dialga|Dialga|100\/100\n|-ability|p2a: Dialga|Pressure\n|turn|11\n|\n|t:|1700336714\n|-terastallize|p2a: Dialga|Steel\n|move|p2a: Dialga|Fire Blast|p1a: Sirfetch\u2019d|[miss]\n|-miss|p2a: Dialga|p1a: Sirfetch\u2019d\n|move|p1a: Sirfetch\u2019d|Close Combat|p2a: Dialga\n|-supereffective|p2a: Dialga\n|-damage|p2a: Dialga|5\/100\n|-unboost|p1a: Sirfetch\u2019d|def|1\n|-unboost|p1a: Sirfetch\u2019d|spd|1\n|\n|-heal|p2a: Dialga|11\/100|[from] item: Leftovers\n|upkeep\n|turn|12\n|\n|t:|1700336727\n|move|p2a: Dialga|Fire Blast|p1a: Sirfetch\u2019d\n|-damage|p1a: Sirfetch\u2019d|0 fnt\n|faint|p1a: Sirfetch\u2019d\n|\n|-heal|p2a: Dialga|17\/100|[from] item: Leftovers\n|upkeep\n|\n|t:|1700336730\n|switch|p1a: Dragonite|Dragonite, F|100\/100\n|turn|13\n|\n|t:|1700336737\n|move|p2a: Dialga|Roar of Time|p1a: Dragonite\n|-supereffective|p1a: Dragonite\n|-damage|p1a: Dragonite|26\/100\n|-mustrecharge|p2a: Dialga\n|move|p1a: Dragonite|Dragon Dance|p1a: Dragonite\n|-boost|p1a: Dragonite|atk|1\n|-boost|p1a: Dragonite|spe|1\n|\n|-heal|p1a: Dragonite|32\/100|[from] item: Leftovers\n|-heal|p2a: Dialga|24\/100|[from] item: Leftovers\n|upkeep\n|turn|14\n|\n|t:|1700336748\n|move|p1a: Dragonite|Earthquake|p2a: Dialga\n|-supereffective|p2a: Dialga\n|-damage|p2a: Dialga|0 fnt\n|faint|p2a: Dialga\n|\n|-heal|p1a: Dragonite|39\/100|[from] item: Leftovers\n|upkeep\n|\n|t:|1700336755\n|switch|p2a: Giratina|Giratina-Origin|100\/100\n|turn|15\n|\n|t:|1700336759\n|-terastallize|p1a: Dragonite|Normal\n|move|p2a: Giratina|Shadow Sneak|p1a: Dragonite\n|-immune|p1a: Dragonite\n|move|p1a: Dragonite|Ice Spinner|p2a: Giratina\n|-supereffective|p2a: Giratina\n|-damage|p2a: Giratina|40\/100\n|\n|-heal|p1a: Dragonite|45\/100|[from] item: Leftovers\n|upkeep\n|turn|16\n|\n|t:|1700336772\n|move|p1a: Dragonite|Ice Spinner|p2a: Giratina\n|-supereffective|p2a: Giratina\n|-damage|p2a: Giratina|0 fnt\n|faint|p2a: Giratina\n|\n|-heal|p1a: Dragonite|51\/100|[from] item: Leftovers\n|upkeep\n|\n|t:|1700336780\n|switch|p2a: Zekrom|Zekrom|100\/100\n|-ability|p2a: Zekrom|Teravolt\n|turn|17\n|\n|t:|1700336787\n|move|p1a: Dragonite|Earthquake|p2a: Zekrom\n|-supereffective|p2a: Zekrom\n|-damage|p2a: Zekrom|16\/100\n|move|p2a: Zekrom|Dragon Tail|p1a: Dragonite\n|-damage|p1a: Dragonite|19\/100\n|drag|p1a: Lucario|Lucario, M|100\/100\n|\n|-heal|p2a: Zekrom|23\/100|[from] item: Leftovers\n|upkeep\n|turn|18\n|\n|t:|1700336798\n|detailschange|p1a: Lucario|Lucario-Mega, M\n|-mega|p1a: Lucario|Lucario|Lucarionite\n|move|p1a: Lucario|Earthquake|p2a: Zekrom\n|-supereffective|p2a: Zekrom\n|-crit|p2a: Zekrom\n|-damage|p2a: Zekrom|0 fnt\n|faint|p2a: Zekrom\n|\n|upkeep\n|\n|t:|1700336805\n|switch|p2a: Palkia|Palkia|100\/100\n|-ability|p2a: Palkia|Pressure\n|turn|19\n|\n|t:|1700336815\n|move|p1a: Lucario|Swords Dance|p1a: Lucario\n|-boost|p1a: Lucario|atk|2\n|move|p2a: Palkia|Spacial Rend|p1a: Lucario\n|-resisted|p1a: Lucario\n|-damage|p1a: Lucario|60\/100\n|\n|upkeep\n|turn|20\n|\n|t:|1700336822\n|move|p1a: Lucario|Drain Punch|p2a: Palkia\n|-enditem|p2a: Palkia|Focus Sash\n|-damage|p2a: Palkia|1\/100\n|-heal|p1a: Lucario|100\/100|[from] drain|[of] p2a: Palkia\n|move|p2a: Palkia|Hydro Pump|p1a: Lucario|[miss]\n|-miss|p2a: Palkia|p1a: Lucario\n|\n|upkeep\n|turn|21\n|c|\u2606Tysa_3s|Gg\n|c|\u2606Pachimi|Yikes\n|\n|t:|1700336843\n|move|p1a: Lucario|Bullet Punch|p2a: Palkia\n|-resisted|p2a: Palkia\n|-damage|p2a: Palkia|0 fnt\n|faint|p2a: Palkia\n|\n|win|Pachimi\n|raw|Pachimi's rating: 1207 &rarr; <strong>1230<\/strong><br \/>(+23 for winning)\n|raw|Tysa_3s's rating: 1184 &rarr; <strong>1161<\/strong><br \/>(-23 for losing)\n","uploadtime":1700336853,"views":7,"p1id":"pachimi","p2id":"tysa3s","formatid":"gen9nationaldexubers","rating":1161,"private":0,"password":""}