{"id":"gen9nationaldexubers-1986210606","p1":"Sacha77500","p2":"bepsi-can","format":"[Gen 9] National Dex Ubers","log":"|j|\u2606Sacha77500\n|j|\u2606bepsi-can\n|t:|1699460138\n|gametype|singles\n|player|p1|Sacha77500|ghetsis|\n|player|p2|bepsi-can|elesa|\n|teamsize|p1|6\n|teamsize|p2|6\n|gen|9\n|tier|[Gen 9] National Dex Ubers\n|rule|HP Percentage Mod: HP is shown in percentages\n|rule|Endless Battle Clause: Forcing endless battles is banned\n|rule|OHKO Clause: OHKO moves are banned\n|rule|Evasion Moves Clause: Evasion moves are banned\n|rule|Evasion Items Clause: Evasion items are banned\n|rule|Species Clause: Limit one of each Pok\u00e9mon\n|rule|Sleep Clause Mod: Limit one foe put to sleep\n|rule|Mega Rayquaza Clause: You cannot mega evolve Rayquaza\n|clearpoke\n|poke|p1|Aggron, M|\n|poke|p1|Darmanitan-Galar, M|\n|poke|p1|Clodsire, F|\n|poke|p1|Golisopod, F|\n|poke|p1|Ceruledge, F|\n|poke|p1|Zoroark-Hisui, F|\n|poke|p2|Serperior, M|\n|poke|p2|Ditto|\n|poke|p2|Hatterene, F|\n|poke|p2|Porygon-Z|\n|poke|p2|Skeledirge, F|\n|poke|p2|Starmie|\n|teampreview\n|inactive|Battle timer is ON: inactive players will automatically lose when time's up. (requested by Sacha77500)\n|inactive|bepsi-can also wants the timer to be on.\n|c|\u2606Sacha77500|glhf\n|inactive|Sacha77500 no longer wants the timer on, but the timer is staying on because bepsican still does.\n|c|\u2606bepsi-can|maybe youll figure out what magic bounce is this time\n|\n|t:|1699460156\n|start\n|switch|p1a: :3|Clodsire, F|100\/100\n|switch|p2a: Heeheehee|Hatterene, F|100\/100\n|turn|1\n|\n|t:|1699460163\n|switch|p1a: Rise of Kong|Darmanitan-Galar, M|100\/100\n|move|p2a: Heeheehee|Calm Mind|p2a: Heeheehee\n|-boost|p2a: Heeheehee|spa|1\n|-boost|p2a: Heeheehee|spd|1\n|\n|upkeep\n|turn|2\n|\n|t:|1699460171\n|move|p1a: Rise of Kong|Icicle Crash|p2a: Heeheehee\n|-damage|p2a: Heeheehee|62\/100\n|move|p2a: Heeheehee|Mystical Fire|p1a: Rise of Kong\n|-supereffective|p1a: Rise of Kong\n|-damage|p1a: Rise of Kong|0 fnt\n|faint|p1a: Rise of Kong\n|\n|-heal|p2a: Heeheehee|68\/100|[from] item: Leftovers\n|upkeep\n|c|\u2606bepsi-can|see\n|\n|t:|1699460178\n|switch|p1a: ATTACK!!!|Golisopod, F|100\/100\n|turn|3\n|c|\u2606bepsi-can|woulda lived\n|\n|t:|1699460182\n|move|p1a: ATTACK!!!|Bitter Malice|p2a: Heeheehee\n|-supereffective|p2a: Heeheehee\n|-damage|p2a: Heeheehee|0 fnt\n|faint|p2a: Heeheehee\n|\n|upkeep\n|c|\u2606Sacha77500|I was in Zen Mode\n|\n|t:|1699460190\n|switch|p2a: Poor E Gone Zee|Porygon-Z|100\/100\n|-ability|p2a: Poor E Gone Zee|Download|boost\n|-boost|p2a: Poor E Gone Zee|atk|1\n|turn|4\n|j| femurdeeznuts\n|c|\u2606Sacha77500|2\u00d7 Attack\n|c|\u2606bepsi-can|yup\n|c|\u2606bepsi-can|still wouldnt have killed\n|c|\u2606bepsi-can|2x 38 is not 100\n|\n|t:|1699460204\n|switch|p1a: The Rock|Aggron, M|100\/100\n|move|p2a: Poor E Gone Zee|Dark Pulse|p1a: The Rock\n|-damage|p1a: The Rock|45\/100\n|\n|upkeep\n|turn|5\n|\n|t:|1699460210\n|switch|p1a: :3|Clodsire, F|100\/100\n|move|p2a: Poor E Gone Zee|Dark Pulse|p1a: :3\n|-crit|p1a: :3\n|-damage|p1a: :3|79\/100\n|\n|-heal|p1a: :3|85\/100|[from] item: Leftovers\n|upkeep\n|turn|6\n|\n|t:|1699460222\n|switch|p2a: \"Eat the apple\"|Serperior, M|100\/100\n|move|p1a: :3|Earthquake|p2a: \"Eat the apple\"\n|-resisted|p2a: \"Eat the apple\"\n|-damage|p2a: \"Eat the apple\"|85\/100\n|\n|-heal|p1a: :3|91\/100|[from] item: Leftovers\n|upkeep\n|turn|7\n|\n|t:|1699460224\n|move|p2a: \"Eat the apple\"|Leaf Storm|p1a: :3\n|-damage|p1a: :3|64\/100\n|-boost|p2a: \"Eat the apple\"|spa|2\n|move|p1a: :3|Stealth Rock|p2a: \"Eat the apple\"\n|-sidestart|p2: bepsi-can|move: Stealth Rock\n|\n|-heal|p1a: :3|70\/100|[from] item: Leftovers\n|upkeep\n|turn|8\n|\n|t:|1699460232\n|move|p2a: \"Eat the apple\"|Leaf Storm|p1a: :3\n|-damage|p1a: :3|40\/100\n|-boost|p2a: \"Eat the apple\"|spa|2\n|move|p1a: :3|Toxic Spikes|p2a: \"Eat the apple\"\n|-sidestart|p2: bepsi-can|move: Toxic Spikes\n|\n|-heal|p1a: :3|46\/100|[from] item: Leftovers\n|upkeep\n|turn|9\n|c|\u2606Sacha77500|Unaware\n|\n|t:|1699460238\n|move|p2a: \"Eat the apple\"|Leaf Storm|p1a: :3\n|-damage|p1a: :3|13\/100\n|-boost|p2a: \"Eat the apple\"|spa|2\n|move|p1a: :3|Toxic Spikes|p2a: \"Eat the apple\"\n|-sidestart|p2: bepsi-can|move: Toxic Spikes\n|\n|-heal|p1a: :3|19\/100|[from] item: Leftovers\n|upkeep\n|turn|10\n|c|\u2606bepsi-can|oh i know\n|c|\u2606bepsi-can|thanks for the setup\n|\n|t:|1699460245\n|move|p2a: \"Eat the apple\"|Leaf Storm|p1a: :3\n|-crit|p1a: :3\n|-damage|p1a: :3|0 fnt\n|faint|p1a: :3\n|\n|upkeep\n|\n|t:|1699460248\n|switch|p1a: Battle Tendencies|Ceruledge, F|100\/100\n|turn|11\n|\n|t:|1699460252\n|move|p2a: \"Eat the apple\"|Leaf Storm|p1a: Battle Tendencies\n|-resisted|p1a: Battle Tendencies\n|-enditem|p1a: Battle Tendencies|Focus Sash\n|-damage|p1a: Battle Tendencies|1\/100\n|move|p1a: Battle Tendencies|Bitter Blade|p2a: \"Eat the apple\"\n|-supereffective|p2a: \"Eat the apple\"\n|-damage|p2a: \"Eat the apple\"|0 fnt\n|-heal|p1a: Battle Tendencies|43\/100|[from] drain|[of] p2a: \"Eat the apple\"\n|faint|p2a: \"Eat the apple\"\n|\n|upkeep\n|\n|t:|1699460259\n|switch|p2a: Starmie|Starmie|100\/100\n|-damage|p2a: Starmie|88\/100|[from] Stealth Rock\n|-status|p2a: Starmie|tox\n|turn|12\n|c|\u2606Sacha77500|no thank YOU for the hp\n|\n|t:|1699460267\n|move|p1a: Battle Tendencies|Shadow Sneak|p2a: Starmie\n|-supereffective|p2a: Starmie\n|-damage|p2a: Starmie|24\/100 tox\n|move|p2a: Starmie|Scald|p1a: Battle Tendencies\n|-supereffective|p1a: Battle Tendencies\n|-damage|p1a: Battle Tendencies|0 fnt\n|faint|p1a: Battle Tendencies\n|-damage|p2a: Starmie|14\/100 tox|[from] item: Life Orb\n|\n|-damage|p2a: Starmie|8\/100 tox|[from] psn\n|upkeep\n|c|\u2606bepsi-can|sure\n|\n|t:|1699460271\n|switch|p1a: ATTACK!!!|Golisopod, F|100\/100\n|turn|13\n|c| femurdeeznuts|bro lost 60% hp and is saying \"thank you\"\n|\n|t:|1699460277\n|-curestatus|p2a: Starmie|tox|[from] ability: Natural Cure\n|switch|p2a: Bald Boy|Skeledirge, F|100\/100\n|-damage|p2a: Bald Boy|76\/100|[from] Stealth Rock\n|-status|p2a: Bald Boy|tox\n|move|p1a: ATTACK!!!|First Impression|p2a: Bald Boy\n|-resisted|p2a: Bald Boy\n|-damage|p2a: Bald Boy|68\/100 tox\n|\n|-heal|p2a: Bald Boy|74\/100 tox|[from] item: Leftovers\n|-damage|p2a: Bald Boy|68\/100 tox|[from] psn\n|upkeep\n|turn|14\n|c|\u2606Sacha77500|yes\n|\n|t:|1699460291\n|move|p2a: Bald Boy|Will-O-Wisp|p1a: ATTACK!!!|[miss]\n|-miss|p2a: Bald Boy|p1a: ATTACK!!!\n|move|p1a: ATTACK!!!|Liquidation|p2a: Bald Boy\n|-supereffective|p2a: Bald Boy\n|-damage|p2a: Bald Boy|12\/100 tox\n|\n|-heal|p2a: Bald Boy|18\/100 tox|[from] item: Leftovers\n|-damage|p2a: Bald Boy|6\/100 tox|[from] psn\n|upkeep\n|turn|15\n|c|\u2606bepsi-can|bro is not an anime character with the glasses\n|c|\u2606Sacha77500|I get that\n|c|\u2606bepsi-can|cmon\n|c|\u2606Sacha77500|even though JJBA doesn't have any nerd\n|\n|t:|1699460321\n|move|p1a: ATTACK!!!|Aqua Jet|p2a: Bald Boy\n|-supereffective|p2a: Bald Boy\n|-damage|p2a: Bald Boy|0 fnt\n|faint|p2a: Bald Boy\n|\n|upkeep\n|\n|t:|1699460325\n|switch|p2a: Poor E Gone Zee|Porygon-Z|100\/100\n|-damage|p2a: Poor E Gone Zee|88\/100|[from] Stealth Rock\n|-status|p2a: Poor E Gone Zee|tox\n|-ability|p2a: Poor E Gone Zee|Download|boost\n|-boost|p2a: Poor E Gone Zee|spa|1\n|turn|16\n|\n|t:|1699460335\n|move|p2a: Poor E Gone Zee|Tri Attack|p1a: ATTACK!!!\n|-damage|p1a: ATTACK!!!|50\/100\n|-activate|p1a: ATTACK!!!|ability: Emergency Exit\n|\n|t:|1699460340\n|switch|p1a: ATTACK!!!|Golisopod, F|100\/100\n|\n|-damage|p2a: Poor E Gone Zee|82\/100 tox|[from] psn\n|upkeep\n|turn|17\n|c|\u2606Sacha77500|Double Trouble\n|c|\u2606bepsi-can|you fooled me\n|\n|t:|1699460354\n|move|p1a: ATTACK!!!|Hyper Voice|p2a: Poor E Gone Zee\n|-damage|p2a: Poor E Gone Zee|14\/100 tox\n|move|p2a: Poor E Gone Zee|Dark Pulse|p1a: ATTACK!!!\n|-supereffective|p1a: ATTACK!!!\n|-damage|p1a: ATTACK!!!|0 fnt\n|replace|p1a: Smooth Criminal|Zoroark-Hisui, F, shiny\n|-end|p1a: Smooth Criminal|Illusion\n|faint|p1a: Smooth Criminal\n|\n|-damage|p2a: Poor E Gone Zee|2\/100 tox|[from] psn\n|upkeep\n|c|\u2606bepsi-can|assault vest\n|c|\u2606Sacha77500|I have AV too\n|\n|t:|1699460370\n|switch|p1a: ATTACK!!!|Golisopod, F|50\/100\n|turn|18\n|c|\u2606bepsi-can|yeah\n|c|\u2606Sacha77500|On Gopod\n|c|\u2606bepsi-can|you arent porygon\n|\n|t:|1699460379\n|move|p1a: ATTACK!!!|First Impression|p2a: Poor E Gone Zee\n|-damage|p2a: Poor E Gone Zee|0 fnt\n|faint|p2a: Poor E Gone Zee\n|\n|upkeep\n|\n|t:|1699460381\n|switch|p2a: Starmie|Starmie|8\/100\n|-damage|p2a: Starmie|0 fnt|[from] Stealth Rock\n|faint|p2a: Starmie\n|\n|t:|1699460383\n|switch|p2a: Eddie|Ditto|100\/100\n|-damage|p2a: Eddie|88\/100|[from] Stealth Rock\n|-status|p2a: Eddie|tox\n|-transform|p2a: Eddie|p1a: ATTACK!!!|[from] ability: Imposter\n|turn|19\n|\n|t:|1699460393\n|move|p2a: Eddie|Liquidation|p1a: ATTACK!!!\n|-resisted|p1a: ATTACK!!!\n|-damage|p1a: ATTACK!!!|32\/100\n|move|p1a: ATTACK!!!|Liquidation|p2a: Eddie\n|-resisted|p2a: Eddie\n|-damage|p2a: Eddie|72\/100 tox\n|-unboost|p2a: Eddie|def|1\n|\n|-damage|p2a: Eddie|66\/100 tox|[from] psn\n|upkeep\n|turn|20\n|\n|t:|1699460399\n|move|p2a: Eddie|Liquidation|p1a: ATTACK!!!\n|-resisted|p1a: ATTACK!!!\n|-damage|p1a: ATTACK!!!|17\/100\n|move|p1a: ATTACK!!!|Liquidation|p2a: Eddie\n|-resisted|p2a: Eddie\n|-damage|p2a: Eddie|43\/100 tox\n|\n|-damage|p2a: Eddie|31\/100 tox|[from] psn\n|upkeep\n|turn|21\n|\n|t:|1699460407\n|move|p2a: Eddie|Liquidation|p1a: ATTACK!!!\n|-resisted|p1a: ATTACK!!!\n|-damage|p1a: ATTACK!!!|0 fnt\n|faint|p1a: ATTACK!!!\n|\n|-damage|p2a: Eddie|13\/100 tox|[from] psn\n|upkeep\n|\n|t:|1699460411\n|switch|p1a: The Rock|Aggron, M|45\/100\n|turn|22\n|l| femurdeeznuts\n|c|\u2606bepsi-can|i think thats gg\n|\n|t:|1699460417\n|detailschange|p1a: The Rock|Aggron-Mega, M\n|-mega|p1a: The Rock|Aggron|Aggronite\n|move|p2a: Eddie|Liquidation|p1a: The Rock\n|-damage|p1a: The Rock|23\/100\n|-unboost|p1a: The Rock|def|1\n|move|p1a: The Rock|Body Press|p2a: Eddie\n|-resisted|p2a: Eddie\n|-damage|p2a: Eddie|0 fnt\n|faint|p2a: Eddie\n|\n|win|Sacha77500\n|c|\u2606Sacha77500|ggwp\n|c|\u2606bepsi-can|aw man\n|c|\u2606bepsi-can|welp\n|c|\u2606bepsi-can|1-1\n|c|\u2606bepsi-can|tiebreaker\n|c|\u2606Sacha77500|yes\n|l|\u2606bepsi-can\n|l|\u2606Sacha77500\n|j|\u2606Sacha77500\n|player|p1|Sacha77500|ghetsis\n","uploadtime":1699460622,"views":11,"p1id":"sacha77500","p2id":"bepsican","formatid":"gen9nationaldexubers","rating":0,"private":0,"password":""}