{"id":"gen9nationaldexubers-1992342654","p1":"Hyjinks","p2":"Fixzation","format":"[Gen 9] National Dex Ubers","log":"|j|\u2606Hyjinks\n|j|\u2606Fixzation\n|inactive|Battle timer is ON: inactive players will automatically lose when time's up.\n|t:|1700176686\n|gametype|singles\n|player|p1|Hyjinks|proton|\n|player|p2|Fixzation|brock-gen1rb|\n|teamsize|p1|6\n|teamsize|p2|6\n|gen|9\n|tier|[Gen 9] National Dex Ubers\n|rated|Tournament battle\n|rule|HP Percentage Mod: HP is shown in percentages\n|rule|Endless Battle Clause: Forcing endless battles is banned\n|rule|OHKO Clause: OHKO moves are banned\n|rule|Evasion Moves Clause: Evasion moves are banned\n|rule|Evasion Items Clause: Evasion items are banned\n|rule|Species Clause: Limit one of each Pok\u00e9mon\n|rule|Sleep Clause Mod: Limit one foe put to sleep\n|rule|Mega Rayquaza Clause: You cannot mega evolve Rayquaza\n|clearpoke\n|poke|p1|Cyclizar, F|\n|poke|p1|Salamence, M|\n|poke|p1|Dragapult, F|\n|poke|p1|Zygarde|\n|poke|p1|Baxcalibur, F|\n|poke|p1|Eternatus|\n|poke|p2|Tapu Koko|\n|poke|p2|Regieleki|\n|poke|p2|Zapdos|\n|poke|p2|Zekrom|\n|poke|p2|Rotom-Wash|\n|poke|p2|Arceus-Electric|\n|teampreview\n|j| boomp11\n|\n|t:|1700176695\n|start\n|switch|p1a: Cyclizar|Cyclizar, F|100\/100\n|switch|p2a: Tapu Koko|Tapu Koko|100\/100\n|-fieldstart|move: Electric Terrain|[from] ability: Electric Surge|[of] p2a: Tapu Koko\n|turn|1\n|\n|t:|1700176702\n|move|p2a: Tapu Koko|Dazzling Gleam|p1a: Cyclizar\n|-supereffective|p1a: Cyclizar\n|-damage|p1a: Cyclizar|12\/100\n|move|p1a: Cyclizar|Shed Tail|p1a: Cyclizar\n|-fail|p1a: Cyclizar|move: Shed Tail|[weak]\n|\n|upkeep\n|turn|2\n|\n|t:|1700176718\n|move|p2a: Tapu Koko|Dazzling Gleam|p1a: Cyclizar\n|-supereffective|p1a: Cyclizar\n|-damage|p1a: Cyclizar|0 fnt\n|faint|p1a: Cyclizar\n|\n|upkeep\n|\n|t:|1700176720\n|switch|p1a: Eternatus|Eternatus|100\/100\n|-ability|p1a: Eternatus|Pressure\n|turn|3\n|\n|t:|1700176736\n|switch|p2a: Arceus|Arceus-Electric|100\/100\n|move|p1a: Eternatus|Sludge Wave|p2a: Arceus\n|-damage|p2a: Arceus|63\/100\n|\n|upkeep\n|turn|4\n|\n|t:|1700176744\n|switch|p1a: Salamence|Salamence, M|100\/100\n|-ability|p1a: Salamence|Intimidate|boost\n|-unboost|p2a: Arceus|atk|1\n|move|p2a: Arceus|Earthquake|p1a: Salamence\n|-immune|p1a: Salamence\n|\n|upkeep\n|turn|5\n|\n|t:|1700176763\n|switch|p2a: Rotom|Rotom-Wash, shiny|100\/100\n|detailschange|p1a: Salamence|Salamence-Mega, M\n|-mega|p1a: Salamence|Salamence|Salamencite\n|move|p1a: Salamence|Dragon Dance|p1a: Salamence\n|-boost|p1a: Salamence|atk|1\n|-boost|p1a: Salamence|spe|1\n|\n|-fieldend|move: Electric Terrain\n|upkeep\n|turn|6\n|\n|t:|1700176769\n|move|p1a: Salamence|Frustration|p2a: Rotom\n|-resisted|p2a: Rotom\n|-damage|p2a: Rotom|59\/100\n|move|p2a: Rotom|Will-O-Wisp|p1a: Salamence\n|-status|p1a: Salamence|brn\n|\n|-heal|p2a: Rotom|65\/100|[from] item: Leftovers\n|-damage|p1a: Salamence|94\/100 brn|[from] brn\n|upkeep\n|turn|7\n|\n|t:|1700176775\n|move|p1a: Salamence|Dragon Dance|p1a: Salamence\n|-boost|p1a: Salamence|atk|1\n|-boost|p1a: Salamence|spe|1\n|move|p2a: Rotom|Volt Switch|p1a: Salamence\n|-damage|p1a: Salamence|68\/100 brn\n|\n|t:|1700176786\n|switch|p2a: Arceus|Arceus-Electric|63\/100|[from] Volt Switch\n|\n|-damage|p1a: Salamence|62\/100 brn|[from] brn\n|upkeep\n|turn|8\n|\n|t:|1700176797\n|switch|p2a: Rotom|Rotom-Wash, shiny|65\/100\n|move|p1a: Salamence|Roost|p1a: Salamence\n|-heal|p1a: Salamence|100\/100 brn\n|-singleturn|p1a: Salamence|move: Roost\n|\n|-heal|p2a: Rotom|71\/100|[from] item: Leftovers\n|-damage|p1a: Salamence|94\/100 brn|[from] brn\n|upkeep\n|turn|9\n|\n|t:|1700176803\n|move|p1a: Salamence|Dragon Dance|p1a: Salamence\n|-boost|p1a: Salamence|atk|1\n|-boost|p1a: Salamence|spe|1\n|move|p2a: Rotom|Volt Switch|p1a: Salamence\n|-damage|p1a: Salamence|66\/100 brn\n|\n|t:|1700176806\n|switch|p2a: Zekrom|Zekrom|100\/100|[from] Volt Switch\n|-ability|p2a: Zekrom|Teravolt\n|-item|p2a: Zekrom|Air Balloon\n|\n|-damage|p1a: Salamence|60\/100 brn|[from] brn\n|upkeep\n|turn|10\n|\n|t:|1700176809\n|move|p1a: Salamence|Frustration|p2a: Zekrom\n|-resisted|p2a: Zekrom\n|-damage|p2a: Zekrom|63\/100\n|-enditem|p2a: Zekrom|Air Balloon\n|move|p2a: Zekrom|Dragon Claw|p1a: Salamence\n|-supereffective|p1a: Salamence\n|-damage|p1a: Salamence|0 fnt\n|faint|p1a: Salamence\n|\n|upkeep\n|\n|t:|1700176813\n|switch|p1a: Zygarde|Zygarde|100\/100\n|turn|11\n|\n|t:|1700176834\n|switch|p2a: Arceus|Arceus-Electric|63\/100\n|switch|p1a: Baxcalibur|Baxcalibur, F|100\/100\n|\n|upkeep\n|turn|12\n|\n|t:|1700176847\n|move|p1a: Baxcalibur|Swords Dance|p1a: Baxcalibur\n|-boost|p1a: Baxcalibur|atk|2\n|move|p2a: Arceus|Earthquake|p1a: Baxcalibur\n|-damage|p1a: Baxcalibur|65\/100\n|\n|upkeep\n|turn|13\n|\n|t:|1700176854\n|move|p2a: Arceus|Extreme Speed|p1a: Baxcalibur\n|-damage|p1a: Baxcalibur|37\/100\n|move|p1a: Baxcalibur|Scale Shot|p2a: Arceus\n|-damage|p2a: Arceus|44\/100\n|-damage|p2a: Arceus|24\/100\n|-damage|p2a: Arceus|7\/100\n|-damage|p2a: Arceus|0 fnt\n|faint|p2a: Arceus\n|-hitcount|p2: Arceus|4\n|-unboost|p1a: Baxcalibur|def|1\n|-boost|p1a: Baxcalibur|spe|1\n|\n|upkeep\n|j|+bruised thighs\u2661\n|\n|t:|1700176873\n|switch|p2a: Regieleki|Regieleki|100\/100\n|turn|14\n|\n|t:|1700176876\n|move|p2a: Regieleki|Extreme Speed|p1a: Baxcalibur\n|-damage|p1a: Baxcalibur|0 fnt\n|faint|p1a: Baxcalibur\n|-damage|p2a: Regieleki|91\/100|[from] item: Life Orb\n|\n|upkeep\n|\n|t:|1700176879\n|switch|p1a: Zygarde|Zygarde|100\/100\n|turn|15\n|\n|t:|1700176882\n|move|p2a: Regieleki|Explosion|p1a: Zygarde\n|-damage|p1a: Zygarde|51\/100\n|faint|p2a: Regieleki\n|move|p1a: Zygarde|Dragon Dance|p1a: Zygarde\n|-boost|p1a: Zygarde|atk|1\n|-boost|p1a: Zygarde|spe|1\n|\n|-heal|p1a: Zygarde|57\/100|[from] item: Leftovers\n|upkeep\n|\n|t:|1700176888\n|switch|p2a: Tapu Koko|Tapu Koko|100\/100\n|-fieldstart|move: Electric Terrain|[from] ability: Electric Surge|[of] p2a: Tapu Koko\n|turn|16\n|\n|t:|1700176902\n|move|p1a: Zygarde|Extreme Speed|p2a: Tapu Koko\n|-damage|p2a: Tapu Koko|54\/100\n|move|p2a: Tapu Koko|Dazzling Gleam|p1a: Zygarde\n|-supereffective|p1a: Zygarde\n|-damage|p1a: Zygarde|0 fnt\n|faint|p1a: Zygarde\n|\n|upkeep\n|\n|t:|1700176903\n|switch|p1a: Eternatus|Eternatus|100\/100\n|-ability|p1a: Eternatus|Pressure\n|turn|17\n|inactive|Fixzation has 120 seconds left.\n|\n|t:|1700176934\n|move|p2a: Tapu Koko|Dazzling Gleam|p1a: Eternatus\n|-damage|p1a: Eternatus|73\/100\n|move|p1a: Eternatus|Sludge Wave|p2a: Tapu Koko\n|-supereffective|p2a: Tapu Koko\n|-damage|p2a: Tapu Koko|0 fnt\n|faint|p2a: Tapu Koko\n|\n|-heal|p1a: Eternatus|79\/100|[from] item: Black Sludge\n|upkeep\n|inactive|Fixzation has 120 seconds left.\n|\n|t:|1700176943\n|switch|p2a: Zekrom|Zekrom|63\/100\n|-ability|p2a: Zekrom|Teravolt\n|turn|18\n|\n|t:|1700176946\n|move|p1a: Eternatus|Dynamax Cannon|p2a: Zekrom\n|-supereffective|p2a: Zekrom\n|-crit|p2a: Zekrom\n|-damage|p2a: Zekrom|0 fnt\n|faint|p2a: Zekrom\n|\n|-heal|p1a: Eternatus|86\/100|[from] item: Black Sludge\n|upkeep\n|\n|t:|1700176951\n|switch|p2a: Zapdos|Zapdos, shiny|100\/100\n|turn|19\n|\n|t:|1700176953\n|move|p1a: Eternatus|Sludge Wave|p2a: Zapdos\n|-damage|p2a: Zapdos|63\/100\n|-status|p2a: Zapdos|psn\n|-zpower|p2a: Zapdos\n|move|p2a: Zapdos|Supersonic Skystrike|p1a: Eternatus|[zeffect]\n|-damage|p1a: Eternatus|20\/100\n|\n|-heal|p1a: Eternatus|26\/100|[from] item: Black Sludge\n|-damage|p2a: Zapdos|51\/100 psn|[from] psn\n|upkeep\n|turn|20\n|\n|t:|1700176957\n|move|p1a: Eternatus|Recover|p1a: Eternatus\n|-heal|p1a: Eternatus|76\/100\n|move|p2a: Zapdos|Roost|p2a: Zapdos\n|-heal|p2a: Zapdos|100\/100 psn\n|-singleturn|p2a: Zapdos|move: Roost\n|\n|-heal|p1a: Eternatus|82\/100|[from] item: Black Sludge\n|-damage|p2a: Zapdos|88\/100 psn|[from] psn\n|-fieldend|move: Electric Terrain\n|upkeep\n|turn|21\n|\n|t:|1700176959\n|move|p1a: Eternatus|Dynamax Cannon|p2a: Zapdos\n|-damage|p2a: Zapdos|45\/100 psn\n|move|p2a: Zapdos|Hurricane|p1a: Eternatus|[miss]\n|-miss|p2a: Zapdos|p1a: Eternatus\n|\n|-heal|p1a: Eternatus|89\/100|[from] item: Black Sludge\n|-damage|p2a: Zapdos|33\/100 psn|[from] psn\n|upkeep\n|turn|22\n|\n|t:|1700176966\n|move|p1a: Eternatus|Dynamax Cannon|p2a: Zapdos\n|-damage|p2a: Zapdos|0 fnt\n|faint|p2a: Zapdos\n|\n|-heal|p1a: Eternatus|95\/100|[from] item: Black Sludge\n|upkeep\n|\n|t:|1700176973\n|switch|p2a: Rotom|Rotom-Wash, shiny|71\/100\n|turn|23\n|\n|t:|1700176974\n|move|p1a: Eternatus|Dynamax Cannon|p2a: Rotom\n|-damage|p2a: Rotom|13\/100\n|move|p2a: Rotom|Will-O-Wisp|p1a: Eternatus\n|-status|p1a: Eternatus|brn\n|\n|-heal|p1a: Eternatus|100\/100 brn|[from] item: Black Sludge\n|-heal|p2a: Rotom|19\/100|[from] item: Leftovers\n|-damage|p1a: Eternatus|94\/100 brn|[from] brn\n|upkeep\n|turn|24\n|\n|t:|1700176978\n|move|p1a: Eternatus|Dynamax Cannon|p2a: Rotom\n|-damage|p2a: Rotom|0 fnt\n|faint|p2a: Rotom\n|\n|win|Hyjinks\n|n|\u2606Hyjinks|hyjinks\n|n|\u2606Fixzation|fixzation\n|n| boomp11|boomp11\n|n| bruised thighs\u2661|bruisedthighs\n","uploadtime":1700176980,"views":9,"p1id":"hyjinks","p2id":"fixzation","formatid":"gen9nationaldexubers","rating":0,"private":0,"password":""}