{"id":"gen9nationaldexubers-1991362125","p1":"KarmaKazama0","p2":"AttackOnGargaNacl","format":"[Gen 9] National Dex Ubers","log":"|j|\u2606KarmaKazama0\n|j|\u2606AttackOnGargaNacl\n|t:|1700070795\n|gametype|singles\n|player|p1|KarmaKazama0|265|1553\n|player|p2|AttackOnGargaNacl|1|1656\n|teamsize|p1|6\n|teamsize|p2|6\n|gen|9\n|tier|[Gen 9] National Dex Ubers\n|rated|\n|rule|HP Percentage Mod: HP is shown in percentages\n|rule|Endless Battle Clause: Forcing endless battles is banned\n|rule|OHKO Clause: OHKO moves are banned\n|rule|Evasion Moves Clause: Evasion moves are banned\n|rule|Evasion Items Clause: Evasion items are banned\n|rule|Species Clause: Limit one of each Pok\u00e9mon\n|rule|Sleep Clause Mod: Limit one foe put to sleep\n|rule|Mega Rayquaza Clause: You cannot mega evolve Rayquaza\n|clearpoke\n|poke|p1|Groudon|\n|poke|p1|Zygarde|\n|poke|p1|Ho-Oh|\n|poke|p1|Xerneas-*|\n|poke|p1|Arceus-Ground|\n|poke|p1|Zacian-*|\n|poke|p2|Zygarde|\n|poke|p2|Ho-Oh|\n|poke|p2|Zacian-*|\n|poke|p2|Yveltal|\n|poke|p2|Arceus|\n|poke|p2|Xerneas-*|\n|teampreview\n|inactive|Battle timer is ON: inactive players will automatically lose when time's up. (requested by KarmaKazama0)\n|j| Kidmental\n|\n|t:|1700070822\n|start\n|switch|p1a: Ho-Oh|Ho-Oh|100\/100\n|switch|p2a: Yveltal|Yveltal|100\/100\n|-ability|p2a: Yveltal|Dark Aura\n|turn|1\n|\n|t:|1700070829\n|move|p2a: Yveltal|Dark Pulse|p1a: Ho-Oh\n|-damage|p1a: Ho-Oh|57\/100\n|-damage|p2a: Yveltal|91\/100|[from] item: Life Orb\n|move|p1a: Ho-Oh|Toxic|p2a: Yveltal\n|-status|p2a: Yveltal|tox\n|\n|-damage|p2a: Yveltal|84\/100 tox|[from] psn\n|upkeep\n|turn|2\n|\n|t:|1700070839\n|switch|p1a: Zacian|Zacian-Crowned|100\/100\n|-ability|p1a: Zacian|Intrepid Sword|boost\n|-boost|p1a: Zacian|atk|1\n|move|p2a: Yveltal|Taunt|p1a: Zacian\n|-start|p1a: Zacian|move: Taunt\n|\n|-damage|p2a: Yveltal|72\/100 tox|[from] psn\n|upkeep\n|turn|3\n|\n|t:|1700070848\n|switch|p2a: Zacian|Zacian-Crowned|100\/100\n|-ability|p2a: Zacian|Intrepid Sword|boost\n|-boost|p2a: Zacian|atk|1\n|move|p1a: Zacian|Wild Charge|p2a: Zacian\n|-damage|p2a: Zacian|48\/100\n|-damage|p1a: Zacian|87\/100|[from] Recoil\n|\n|upkeep\n|turn|4\n|\n|t:|1700070860\n|move|p1a: Zacian|Close Combat|p2a: Zacian\n|-damage|p2a: Zacian|0 fnt\n|-unboost|p1a: Zacian|def|1\n|-unboost|p1a: Zacian|spd|1\n|faint|p2a: Zacian\n|\n|-end|p1a: Zacian|move: Taunt\n|upkeep\n|\n|t:|1700070862\n|switch|p2a: Ho-Oh|Ho-Oh|100\/100\n|turn|5\n|\n|t:|1700070866\n|switch|p1a: Groudon|Groudon|100\/100\n|detailschange|p1a: Groudon|Groudon-Primal\n|-primal|p1a: Groudon|Red Orb\n|-weather|DesolateLand|[from] ability: Desolate Land|[of] p1a: Groudon\n|move|p2a: Ho-Oh|Sacred Fire|p1a: Groudon\n|-resisted|p1a: Groudon\n|-damage|p1a: Groudon|77\/100\n|\n|-weather|DesolateLand|[upkeep]\n|upkeep\n|turn|6\n|\n|t:|1700070875\n|move|p1a: Groudon|Stone Edge|p2a: Ho-Oh\n|-supereffective|p2a: Ho-Oh\n|-damage|p2a: Ho-Oh|0 fnt\n|faint|p2a: Ho-Oh\n|\n|-weather|DesolateLand|[upkeep]\n|upkeep\n|\n|t:|1700070878\n|switch|p2a: Zygarde|Zygarde|100\/100\n|turn|7\n|\n|t:|1700070882\n|-weather|none\n|switch|p1a: Ho-Oh|Ho-Oh|91\/100\n|move|p2a: Zygarde|Coil|p2a: Zygarde\n|-boost|p2a: Zygarde|atk|1\n|-boost|p2a: Zygarde|def|1\n|-boost|p2a: Zygarde|accuracy|1\n|\n|upkeep\n|turn|8\n|\n|t:|1700070885\n|move|p2a: Zygarde|Coil|p2a: Zygarde\n|-boost|p2a: Zygarde|atk|1\n|-boost|p2a: Zygarde|def|1\n|-boost|p2a: Zygarde|accuracy|1\n|move|p1a: Ho-Oh|Toxic|p2a: Zygarde\n|-status|p2a: Zygarde|tox\n|\n|-damage|p2a: Zygarde|94\/100 tox|[from] psn\n|upkeep\n|turn|9\n|\n|t:|1700070891\n|move|p2a: Zygarde|Coil|p2a: Zygarde\n|-boost|p2a: Zygarde|atk|1\n|-boost|p2a: Zygarde|def|1\n|-boost|p2a: Zygarde|accuracy|1\n|move|p1a: Ho-Oh|Whirlwind|p2a: Zygarde\n|drag|p2a: Yveltal|Yveltal|72\/100 tox\n|-ability|p2a: Yveltal|Dark Aura\n|\n|-damage|p2a: Yveltal|66\/100 tox|[from] psn\n|upkeep\n|turn|10\n|\n|t:|1700070904\n|move|p2a: Yveltal|Dark Pulse|p1a: Ho-Oh\n|-damage|p1a: Ho-Oh|45\/100\n|-damage|p2a: Yveltal|56\/100 tox|[from] item: Life Orb\n|move|p1a: Ho-Oh|Sacred Fire|p2a: Yveltal\n|-damage|p2a: Yveltal|11\/100 tox\n|\n|-damage|p2a: Yveltal|0 fnt|[from] psn\n|faint|p2a: Yveltal\n|upkeep\n|\n|t:|1700070907\n|switch|p2a: Arceus|Arceus|100\/100\n|turn|11\n|\n|t:|1700070915\n|move|p2a: Arceus|Swords Dance|p2a: Arceus\n|-boost|p2a: Arceus|atk|2\n|move|p1a: Ho-Oh|Whirlwind|p2a: Arceus\n|drag|p2a: Xerneas|Xerneas, shiny|100\/100\n|-ability|p2a: Xerneas|Fairy Aura\n|\n|upkeep\n|turn|12\n|\n|t:|1700070924\n|switch|p1a: Zacian|Zacian-Crowned|87\/100\n|move|p2a: Xerneas|Thunderbolt|p1a: Zacian\n|-damage|p1a: Zacian|58\/100\n|\n|upkeep\n|turn|13\n|\n|t:|1700070930\n|-terastallize|p2a: Xerneas|Electric\n|move|p1a: Zacian|Behemoth Blade|p2a: Xerneas\n|-resisted|p2a: Xerneas\n|-damage|p2a: Xerneas|76\/100\n|move|p2a: Xerneas|Geomancy||[still]\n|-prepare|p2a: Xerneas|Geomancy\n|-enditem|p2a: Xerneas|Power Herb\n|-anim|p2a: Xerneas|Geomancy|p2a: Xerneas\n|-boost|p2a: Xerneas|spa|2\n|-boost|p2a: Xerneas|spd|2\n|-boost|p2a: Xerneas|spe|2\n|\n|upkeep\n|turn|14\n|\n|t:|1700070946\n|move|p2a: Xerneas|Moonblast|p1a: Zacian\n|-resisted|p1a: Zacian\n|-damage|p1a: Zacian|0 fnt\n|faint|p1a: Zacian\n|\n|upkeep\n|inactive|KarmaKazama0 has 120 seconds left.\n|\n|t:|1700070966\n|switch|p1a: Groudon|Groudon-Primal|77\/100\n|-weather|DesolateLand|[from] ability: Desolate Land|[of] p1a: Groudon\n|turn|15\n|\n|t:|1700070969\n|move|p2a: Xerneas|Moonblast|p1a: Groudon\n|-resisted|p1a: Groudon\n|-damage|p1a: Groudon|1\/100\n|-unboost|p1a: Groudon|spa|1\n|move|p1a: Groudon|Precipice Blades|p2a: Xerneas\n|-supereffective|p2a: Xerneas\n|-damage|p2a: Xerneas|0 fnt\n|faint|p2a: Xerneas\n|\n|-weather|DesolateLand|[upkeep]\n|upkeep\n|\n|t:|1700070973\n|switch|p2a: Zygarde|Zygarde|94\/100 tox\n|turn|16\n|\n|t:|1700070982\n|move|p1a: Groudon|Precipice Blades|p2a: Zygarde\n|-crit|p2a: Zygarde\n|-damage|p2a: Zygarde|33\/100 tox\n|move|p2a: Zygarde|Coil|p2a: Zygarde\n|-boost|p2a: Zygarde|atk|1\n|-boost|p2a: Zygarde|def|1\n|-boost|p2a: Zygarde|accuracy|1\n|\n|-weather|DesolateLand|[upkeep]\n|-damage|p2a: Zygarde|27\/100 tox|[from] psn\n|-activate|p2a: Zygarde|ability: Power Construct\n|detailschange|p2a: Zygarde|Zygarde-Complete\n|-heal|p2a: Zygarde|52\/100 tox|[silent]\n|upkeep\n|turn|17\n|\n|t:|1700070986\n|move|p1a: Groudon|Precipice Blades|p2a: Zygarde\n|-damage|p2a: Zygarde|35\/100 tox\n|move|p2a: Zygarde|Coil|p2a: Zygarde\n|-boost|p2a: Zygarde|atk|1\n|-boost|p2a: Zygarde|def|1\n|-boost|p2a: Zygarde|accuracy|1\n|\n|-weather|DesolateLand|[upkeep]\n|-damage|p2a: Zygarde|23\/100 tox|[from] psn\n|upkeep\n|turn|18\n|l| Kidmental\n|\n|t:|1700070993\n|-weather|none\n|switch|p1a: Zygarde|Zygarde|100\/100\n|move|p2a: Zygarde|Extreme Speed|p1a: Zygarde\n|-crit|p1a: Zygarde\n|-damage|p1a: Zygarde|71\/100\n|\n|-heal|p1a: Zygarde|77\/100|[from] item: Leftovers\n|-damage|p2a: Zygarde|4\/100 tox|[from] psn\n|upkeep\n|turn|19\n|\n|t:|1700070996\n|move|p1a: Zygarde|Coil|p1a: Zygarde\n|-boost|p1a: Zygarde|atk|1\n|-boost|p1a: Zygarde|def|1\n|-boost|p1a: Zygarde|accuracy|1\n|move|p2a: Zygarde|Rest|p2a: Zygarde\n|-status|p2a: Zygarde|slp|[from] move: Rest\n|-heal|p2a: Zygarde|100\/100 slp|[silent]\n|-enditem|p2a: Zygarde|Chesto Berry|[eat]\n|-curestatus|p2a: Zygarde|slp|[msg]\n|\n|-heal|p1a: Zygarde|83\/100|[from] item: Leftovers\n|upkeep\n|turn|20\n|\n|t:|1700071003\n|move|p1a: Zygarde|Glare|p2a: Zygarde\n|-status|p2a: Zygarde|par\n|move|p2a: Zygarde|Coil|p2a: Zygarde\n|-boost|p2a: Zygarde|atk|1\n|-boost|p2a: Zygarde|def|1\n|-boost|p2a: Zygarde|accuracy|1\n|\n|-heal|p1a: Zygarde|89\/100|[from] item: Leftovers\n|upkeep\n|turn|21\n|\n|t:|1700071012\n|switch|p1a: Xerneas|Xerneas|100\/100\n|-ability|p1a: Xerneas|Fairy Aura\n|move|p2a: Zygarde|Coil|p2a: Zygarde\n|-boost|p2a: Zygarde|atk|1\n|-boost|p2a: Zygarde|def|1\n|-boost|p2a: Zygarde|accuracy|1\n|\n|upkeep\n|turn|22\n|\n|t:|1700071017\n|move|p2a: Zygarde|Extreme Speed|p1a: Xerneas\n|-damage|p1a: Xerneas|57\/100\n|move|p1a: Xerneas|Moonblast|p2a: Zygarde\n|-supereffective|p2a: Zygarde\n|-damage|p2a: Zygarde|26\/100 par\n|-unboost|p2a: Zygarde|spa|1\n|\n|upkeep\n|turn|23\n|\n|t:|1700071023\n|move|p2a: Zygarde|Extreme Speed|p1a: Xerneas\n|-damage|p1a: Xerneas|14\/100\n|move|p1a: Xerneas|Moonblast|p2a: Zygarde\n|-supereffective|p2a: Zygarde\n|-damage|p2a: Zygarde|0 fnt\n|faint|p2a: Zygarde\n|\n|upkeep\n|\n|t:|1700071026\n|switch|p2a: Arceus|Arceus|100\/100\n|turn|24\n|\n|t:|1700071032\n|move|p1a: Xerneas|Focus Blast|p2a: Arceus\n|-supereffective|p2a: Arceus\n|-damage|p2a: Arceus|46\/100\n|move|p2a: Arceus|Swords Dance|p2a: Arceus\n|-boost|p2a: Arceus|atk|2\n|\n|upkeep\n|turn|25\n|\n|t:|1700071040\n|move|p1a: Xerneas|Focus Blast|p2a: Arceus\n|-supereffective|p2a: Arceus\n|-damage|p2a: Arceus|0 fnt\n|faint|p2a: Arceus\n|\n|win|KarmaKazama0\n|raw|KarmaKazama0's rating: 1553 &rarr; <strong>1579<\/strong><br \/>(+26 for winning)\n|raw|AttackOnGargaNacl's rating: 1656 &rarr; <strong>1630<\/strong><br \/>(-26 for losing)\n|l|\u2606AttackOnGargaNacl\n|l|\u2606KarmaKazama0\n|j|\u2606KarmaKazama0\n|player|p1|KarmaKazama0|265\n","uploadtime":1700071048,"views":16,"p1id":"karmakazama0","p2id":"attackongarganacl","formatid":"gen9nationaldexubers","rating":1579,"private":0,"password":""}