{"id":"gen9nationaldexubers-1986870087","p1":"MintyRevnant","p2":"Y8247","format":"[Gen 9] National Dex Ubers","log":"|j|\u2606MintyRevnant\n|j|\u2606Y8247\n|t:|1699536185\n|gametype|singles\n|player|p1|MintyRevnant|beauty-gen4dp|\n|player|p2|Y8247|steven|\n|teamsize|p1|6\n|teamsize|p2|6\n|gen|9\n|tier|[Gen 9] National Dex Ubers\n|rule|HP Percentage Mod: HP is shown in percentages\n|rule|Endless Battle Clause: Forcing endless battles is banned\n|rule|OHKO Clause: OHKO moves are banned\n|rule|Evasion Moves Clause: Evasion moves are banned\n|rule|Evasion Items Clause: Evasion items are banned\n|rule|Species Clause: Limit one of each Pok\u00e9mon\n|rule|Sleep Clause Mod: Limit one foe put to sleep\n|rule|Mega Rayquaza Clause: You cannot mega evolve Rayquaza\n|clearpoke\n|poke|p1|Grimmsnarl, M|\n|poke|p1|Iron Valiant|\n|poke|p1|Gardevoir, F|\n|poke|p1|Whimsicott, F|\n|poke|p1|Hatterene, F|\n|poke|p1|Dachsbun, F|\n|poke|p2|Beedrill, M|\n|poke|p2|Orbeetle, F|\n|poke|p2|Spidops, M|\n|poke|p2|Venomoth, M|\n|poke|p2|Vikavolt, M|\n|poke|p2|Forretress, F|\n|teampreview\n|\n|t:|1699536207\n|start\n|switch|p1a: Hatterene|Hatterene, F, shiny|100\/100\n|switch|p2a: Vikavolt|Vikavolt, M|100\/100\n|turn|1\n|\n|t:|1699536222\n|move|p2a: Vikavolt|Flash Cannon|p1a: Hatterene\n|-supereffective|p1a: Hatterene\n|-damage|p1a: Hatterene|39\/100\n|move|p1a: Hatterene|Mystical Fire|p2a: Vikavolt\n|-supereffective|p2a: Vikavolt\n|-damage|p2a: Vikavolt|15\/100\n|-unboost|p2a: Vikavolt|spa|1\n|\n|-heal|p1a: Hatterene|45\/100|[from] item: Leftovers\n|upkeep\n|turn|2\n|\n|t:|1699536235\n|move|p2a: Vikavolt|Bug Buzz|p1a: Hatterene\n|-damage|p1a: Hatterene|9\/100\n|move|p1a: Hatterene|Mystical Fire|p2a: Vikavolt\n|-supereffective|p2a: Vikavolt\n|-damage|p2a: Vikavolt|0 fnt\n|faint|p2a: Vikavolt\n|\n|-heal|p1a: Hatterene|15\/100|[from] item: Leftovers\n|upkeep\n|\n|t:|1699536247\n|switch|p2a: Spidops|Spidops, M|100\/100\n|turn|3\n|\n|t:|1699536254\n|move|p2a: Spidops|First Impression|p1a: Hatterene\n|-damage|p1a: Hatterene|0 fnt\n|faint|p1a: Hatterene\n|\n|upkeep\n|\n|t:|1699536265\n|switch|p1a: Gardevoir|Gardevoir, F, shiny|100\/100\n|turn|4\n|\n|t:|1699536283\n|detailschange|p1a: Gardevoir|Gardevoir-Mega, F, shiny\n|-mega|p1a: Gardevoir|Gardevoir|Gardevoirite\n|move|p2a: Spidops|Sucker Punch|p1a: Gardevoir\n|-damage|p1a: Gardevoir|72\/100\n|move|p1a: Gardevoir|Hyper Voice|p2a: Spidops\n|-damage|p2a: Spidops|8\/100\n|\n|upkeep\n|turn|5\n|\n|t:|1699536294\n|move|p2a: Spidops|Sucker Punch|p1a: Gardevoir\n|-damage|p1a: Gardevoir|41\/100\n|move|p1a: Gardevoir|Hyper Voice|p2a: Spidops\n|-damage|p2a: Spidops|0 fnt\n|faint|p2a: Spidops\n|\n|upkeep\n|\n|t:|1699536309\n|switch|p2a: Venomoth|Venomoth, M|100\/100\n|turn|6\n|\n|t:|1699536315\n|move|p1a: Gardevoir|Psychic|p2a: Venomoth\n|-supereffective|p2a: Venomoth\n|-damage|p2a: Venomoth|0 fnt\n|faint|p2a: Venomoth\n|\n|upkeep\n|\n|t:|1699536325\n|switch|p2a: Orbeetle|Orbeetle, F|100\/100\n|turn|7\n|\n|t:|1699536332\n|move|p1a: Gardevoir|Hyper Voice|p2a: Orbeetle\n|-damage|p2a: Orbeetle|35\/100\n|move|p2a: Orbeetle|Bug Buzz|p1a: Gardevoir\n|-damage|p1a: Gardevoir|7\/100\n|\n|-heal|p2a: Orbeetle|41\/100|[from] item: Leftovers\n|upkeep\n|turn|8\n|\n|t:|1699536341\n|move|p1a: Gardevoir|Hyper Voice|p2a: Orbeetle\n|-damage|p2a: Orbeetle|0 fnt\n|faint|p2a: Orbeetle\n|\n|upkeep\n|\n|t:|1699536347\n|switch|p2a: Forretress|Forretress, F|100\/100\n|turn|9\n|\n|t:|1699536352\n|move|p1a: Gardevoir|Aura Sphere|p2a: Forretress\n|-damage|p2a: Forretress|59\/100\n|move|p2a: Forretress|Stealth Rock|p1a: Gardevoir\n|-sidestart|p1: MintyRevnant|move: Stealth Rock\n|\n|-heal|p2a: Forretress|65\/100|[from] item: Leftovers\n|upkeep\n|turn|10\n|\n|t:|1699536360\n|move|p1a: Gardevoir|Aura Sphere|p2a: Forretress\n|-damage|p2a: Forretress|25\/100\n|move|p2a: Forretress|Gyro Ball|p1a: Gardevoir\n|-supereffective|p1a: Gardevoir\n|-damage|p1a: Gardevoir|0 fnt\n|faint|p1a: Gardevoir\n|\n|-heal|p2a: Forretress|31\/100|[from] item: Leftovers\n|upkeep\n|\n|t:|1699536370\n|switch|p1a: Nerd|Iron Valiant, shiny|100\/100\n|-damage|p1a: Nerd|94\/100|[from] Stealth Rock\n|-enditem|p1a: Nerd|Booster Energy\n|-activate|p1a: Nerd|ability: Quark Drive|[fromitem]\n|-start|p1a: Nerd|quarkdrivespe\n|turn|11\n|\n|t:|1699536382\n|move|p1a: Nerd|Close Combat|p2a: Forretress\n|-damage|p2a: Forretress|0 fnt\n|-unboost|p1a: Nerd|def|1\n|-unboost|p1a: Nerd|spd|1\n|faint|p2a: Forretress\n|\n|upkeep\n|\n|t:|1699536389\n|switch|p2a: Big D bee|Beedrill, M|100\/100\n|turn|12\n|\n|t:|1699536400\n|detailschange|p2a: Big D bee|Beedrill-Mega, M\n|-mega|p2a: Big D bee|Beedrill|Beedrillite\n|move|p1a: Nerd|Psycho Cut|p2a: Big D bee\n|-supereffective|p2a: Big D bee\n|-damage|p2a: Big D bee|0 fnt\n|faint|p2a: Big D bee\n|\n|win|MintyRevnant\n","uploadtime":1699536414,"views":10,"p1id":"mintyrevnant","p2id":"y8247","formatid":"gen9nationaldexubers","rating":0,"private":0,"password":""}