{"id":"gen9nationaldexubers-1988493531","p1":"AERO-M0DE\u2b06\ufe0f","p2":"SnakeBunny","format":"[Gen 9] National Dex Ubers","log":"|j|\u2606AERO-M0DE\u2b06\ufe0f\n|j|\u2606SnakeBunny\n|t:|1699728876\n|gametype|singles\n|player|p1|AERO-M0DE\u2b06\ufe0f|winona-gen6|1000\n|player|p2|SnakeBunny|n|1000\n|teamsize|p1|6\n|teamsize|p2|6\n|gen|9\n|tier|[Gen 9] National Dex Ubers\n|rated|\n|rule|HP Percentage Mod: HP is shown in percentages\n|rule|Endless Battle Clause: Forcing endless battles is banned\n|rule|OHKO Clause: OHKO moves are banned\n|rule|Evasion Moves Clause: Evasion moves are banned\n|rule|Evasion Items Clause: Evasion items are banned\n|rule|Species Clause: Limit one of each Pok\u00e9mon\n|rule|Sleep Clause Mod: Limit one foe put to sleep\n|rule|Mega Rayquaza Clause: You cannot mega evolve Rayquaza\n|clearpoke\n|poke|p1|Rayquaza|\n|poke|p1|Salamence, M|\n|poke|p1|Silvally-*|\n|poke|p1|Tornadus, M|\n|poke|p1|Iron Jugulis|\n|poke|p1|Gyarados, M|\n|poke|p2|Rillaboom, F|\n|poke|p2|Kyurem-Black|\n|poke|p2|Swampert, M|\n|poke|p2|Blissey, F|\n|poke|p2|Gholdengo|\n|poke|p2|Ninetales-Alola, M|\n|teampreview\n|\n|t:|1699728894\n|start\n|switch|p1a: \ud83c\udf2c\ud83c\udf2aGYARADOS\ud83c\udf2a|Gyarados, M, shiny|100\/100\n|switch|p2a: Ninetales|Ninetales-Alola, M, shiny|100\/100\n|-weather|Snow|[from] ability: Snow Warning|[of] p2a: Ninetales\n|-ability|p1a: \ud83c\udf2c\ud83c\udf2aGYARADOS\ud83c\udf2a|Intimidate|boost\n|-unboost|p2a: Ninetales|atk|1\n|turn|1\n|\n|t:|1699728908\n|switch|p1a: \ud83c\udf2cRAYQUAZA\ud83c\udf2a\ud83c\udf2a|Rayquaza, shiny|100\/100\n|-ability|p1a: \ud83c\udf2cRAYQUAZA\ud83c\udf2a\ud83c\udf2a|Air Lock\n|move|p2a: Ninetales|Aurora Veil||[still]\n|-fail|p2a: Ninetales\n|\n|-weather|Snow|[upkeep]\n|upkeep\n|turn|2\n|\n|t:|1699728925\n|-terastallize|p1a: \ud83c\udf2cRAYQUAZA\ud83c\udf2a\ud83c\udf2a|Flying\n|move|p2a: Ninetales|Ice Beam|p1a: \ud83c\udf2cRAYQUAZA\ud83c\udf2a\ud83c\udf2a\n|-supereffective|p1a: \ud83c\udf2cRAYQUAZA\ud83c\udf2a\ud83c\udf2a\n|-damage|p1a: \ud83c\udf2cRAYQUAZA\ud83c\udf2a\ud83c\udf2a|30\/100\n|move|p1a: \ud83c\udf2cRAYQUAZA\ud83c\udf2a\ud83c\udf2a|Dragon Dance|p1a: \ud83c\udf2cRAYQUAZA\ud83c\udf2a\ud83c\udf2a\n|-boost|p1a: \ud83c\udf2cRAYQUAZA\ud83c\udf2a\ud83c\udf2a|atk|1\n|-boost|p1a: \ud83c\udf2cRAYQUAZA\ud83c\udf2a\ud83c\udf2a|spe|1\n|\n|-weather|Snow|[upkeep]\n|upkeep\n|turn|3\n|\n|t:|1699728937\n|move|p1a: \ud83c\udf2cRAYQUAZA\ud83c\udf2a\ud83c\udf2a|Dragon Ascent|p2a: Ninetales\n|-damage|p2a: Ninetales|0 fnt\n|-unboost|p1a: \ud83c\udf2cRAYQUAZA\ud83c\udf2a\ud83c\udf2a|def|1\n|-unboost|p1a: \ud83c\udf2cRAYQUAZA\ud83c\udf2a\ud83c\udf2a|spd|1\n|faint|p2a: Ninetales\n|\n|-weather|Snow|[upkeep]\n|upkeep\n|\n|t:|1699728954\n|switch|p2a: Kyurem|Kyurem-Black|100\/100\n|-ability|p2a: Kyurem|Teravolt\n|turn|4\n|\n|t:|1699728962\n|move|p1a: \ud83c\udf2cRAYQUAZA\ud83c\udf2a\ud83c\udf2a|Dragon Ascent|p2a: Kyurem\n|-damage|p2a: Kyurem|0 fnt\n|-unboost|p1a: \ud83c\udf2cRAYQUAZA\ud83c\udf2a\ud83c\udf2a|def|1\n|-unboost|p1a: \ud83c\udf2cRAYQUAZA\ud83c\udf2a\ud83c\udf2a|spd|1\n|faint|p2a: Kyurem\n|\n|-weather|Snow|[upkeep]\n|upkeep\n|\n|t:|1699728981\n|switch|p2a: Swampert|Swampert, M|100\/100\n|turn|5\n|\n|t:|1699728986\n|move|p1a: \ud83c\udf2cRAYQUAZA\ud83c\udf2a\ud83c\udf2a|Dragon Ascent|p2a: Swampert\n|-damage|p2a: Swampert|0 fnt\n|-unboost|p1a: \ud83c\udf2cRAYQUAZA\ud83c\udf2a\ud83c\udf2a|def|1\n|-unboost|p1a: \ud83c\udf2cRAYQUAZA\ud83c\udf2a\ud83c\udf2a|spd|1\n|faint|p2a: Swampert\n|\n|-weather|none\n|upkeep\n|\n|t:|1699728990\n|switch|p2a: Gholdengo|Gholdengo|100\/100\n|turn|6\n|\n|t:|1699728998\n|move|p2a: Gholdengo|Dazzling Gleam|p1a: \ud83c\udf2cRAYQUAZA\ud83c\udf2a\ud83c\udf2a\n|-damage|p1a: \ud83c\udf2cRAYQUAZA\ud83c\udf2a\ud83c\udf2a|0 fnt\n|faint|p1a: \ud83c\udf2cRAYQUAZA\ud83c\udf2a\ud83c\udf2a\n|\n|upkeep\n|inactive|Battle timer is ON: inactive players will automatically lose when time's up. (requested by SnakeBunny)\n|\n|t:|1699729049\n|switch|p1a: \ud83c\udf2cSILVALLY-AERO\ud83c\udf2a|Silvally-Flying|100\/100\n|turn|7\n|\n|t:|1699729060\n|switch|p2a: Blissey|Blissey, F|100\/100\n|move|p1a: \ud83c\udf2cSILVALLY-AERO\ud83c\udf2a|Tailwind|p1a: \ud83c\udf2cSILVALLY-AERO\ud83c\udf2a\n|-sidestart|p1: AERO-M0DE\u2b06\ufe0f|move: Tailwind\n|\n|upkeep\n|turn|8\n|\n|t:|1699729070\n|move|p1a: \ud83c\udf2cSILVALLY-AERO\ud83c\udf2a|Swords Dance|p1a: \ud83c\udf2cSILVALLY-AERO\ud83c\udf2a\n|-boost|p1a: \ud83c\udf2cSILVALLY-AERO\ud83c\udf2a|atk|2\n|move|p2a: Blissey|Toxic|p1a: \ud83c\udf2cSILVALLY-AERO\ud83c\udf2a\n|-status|p1a: \ud83c\udf2cSILVALLY-AERO\ud83c\udf2a|tox\n|\n|-damage|p1a: \ud83c\udf2cSILVALLY-AERO\ud83c\udf2a|94\/100 tox|[from] psn\n|upkeep\n|turn|9\n|\n|t:|1699729084\n|move|p1a: \ud83c\udf2cSILVALLY-AERO\ud83c\udf2a|Multi-Attack|p2a: Blissey\n|-damage|p2a: Blissey|0 fnt\n|faint|p2a: Blissey\n|\n|-damage|p1a: \ud83c\udf2cSILVALLY-AERO\ud83c\udf2a|82\/100 tox|[from] psn\n|upkeep\n|\n|t:|1699729096\n|switch|p2a: Gholdengo|Gholdengo|100\/100\n|turn|10\n|\n|t:|1699729101\n|move|p1a: \ud83c\udf2cSILVALLY-AERO\ud83c\udf2a|Multi-Attack|p2a: Gholdengo\n|-resisted|p2a: Gholdengo\n|-damage|p2a: Gholdengo|40\/100\n|move|p2a: Gholdengo|Shadow Ball|p1a: \ud83c\udf2cSILVALLY-AERO\ud83c\udf2a\n|-damage|p1a: \ud83c\udf2cSILVALLY-AERO\ud83c\udf2a|34\/100 tox\n|\n|-damage|p1a: \ud83c\udf2cSILVALLY-AERO\ud83c\udf2a|16\/100 tox|[from] psn\n|-sideend|p1: AERO-M0DE\u2b06\ufe0f|move: Tailwind\n|upkeep\n|turn|11\n|\n|t:|1699729112\n|switch|p2a: Rillaboom|Rillaboom, F, shiny|100\/100\n|move|p1a: \ud83c\udf2cSILVALLY-AERO\ud83c\udf2a|Tailwind|p1a: \ud83c\udf2cSILVALLY-AERO\ud83c\udf2a\n|-sidestart|p1: AERO-M0DE\u2b06\ufe0f|move: Tailwind\n|\n|-damage|p1a: \ud83c\udf2cSILVALLY-AERO\ud83c\udf2a|0 fnt|[from] psn\n|faint|p1a: \ud83c\udf2cSILVALLY-AERO\ud83c\udf2a\n|upkeep\n|\n|t:|1699729126\n|switch|p1a: \ud83c\udf2cSALAMENCE\ud83c\udf2a\ud83c\udf2a|Salamence, M, shiny|100\/100\n|-ability|p1a: \ud83c\udf2cSALAMENCE\ud83c\udf2a\ud83c\udf2a|Intimidate|boost\n|-unboost|p2a: Rillaboom|atk|1\n|turn|12\n|\n|t:|1699729142\n|detailschange|p1a: \ud83c\udf2cSALAMENCE\ud83c\udf2a\ud83c\udf2a|Salamence-Mega, M, shiny\n|-mega|p1a: \ud83c\udf2cSALAMENCE\ud83c\udf2a\ud83c\udf2a|Salamence|Salamencite\n|move|p1a: \ud83c\udf2cSALAMENCE\ud83c\udf2a\ud83c\udf2a|Double-Edge|p2a: Rillaboom\n|-supereffective|p2a: Rillaboom\n|-enditem|p2a: Rillaboom|Focus Sash\n|-damage|p2a: Rillaboom|1\/100\n|-damage|p1a: \ud83c\udf2cSALAMENCE\ud83c\udf2a\ud83c\udf2a|67\/100|[from] Recoil\n|move|p2a: Rillaboom|Swords Dance|p2a: Rillaboom\n|-boost|p2a: Rillaboom|atk|2\n|\n|upkeep\n|turn|13\n|\n|t:|1699729153\n|move|p1a: \ud83c\udf2cSALAMENCE\ud83c\udf2a\ud83c\udf2a|Double-Edge|p2a: Rillaboom\n|-supereffective|p2a: Rillaboom\n|-damage|p2a: Rillaboom|0 fnt\n|faint|p2a: Rillaboom\n|-damage|p1a: \ud83c\udf2cSALAMENCE\ud83c\udf2a\ud83c\udf2a|66\/100|[from] Recoil\n|\n|upkeep\n|\n|t:|1699729162\n|switch|p2a: Gholdengo|Gholdengo|40\/100\n|turn|14\n|\n|t:|1699729167\n|move|p1a: \ud83c\udf2cSALAMENCE\ud83c\udf2a\ud83c\udf2a|Double-Edge|p2a: Gholdengo\n|-resisted|p2a: Gholdengo\n|-damage|p2a: Gholdengo|0 fnt\n|faint|p2a: Gholdengo\n|-damage|p1a: \ud83c\udf2cSALAMENCE\ud83c\udf2a\ud83c\udf2a|54\/100|[from] Recoil\n|\n|win|AERO-M0DE\u2b06\ufe0f\n|raw|AERO-M0DE\u2b06\ufe0f's rating: 1000 &rarr; <strong>1040<\/strong><br \/>(+40 for winning)\n|raw|SnakeBunny's rating: 1000 &rarr; <strong>1000<\/strong><br \/>(+0 for losing)\n|l|\u2606SnakeBunny\n","uploadtime":1699729315,"views":4,"p1id":"aerom0de","p2id":"snakebunny","formatid":"gen9nationaldexubers","rating":1000,"private":0,"password":""}