{"id":"gen9nationaldexubers-1977805665","p1":"faraodomangue","p2":"Angel Karma","format":"[Gen 9] National Dex Ubers","log":"|j|\u2606faraodomangue\n|j|\u2606Angel Karma\n|t:|1698451807\n|gametype|singles\n|player|p1|faraodomangue|harlequin|1318\n|player|p2|Angel Karma|unknown|1393\n|teamsize|p1|6\n|teamsize|p2|6\n|gen|9\n|tier|[Gen 9] National Dex Ubers\n|rated|\n|rule|HP Percentage Mod: HP is shown in percentages\n|rule|Endless Battle Clause: Forcing endless battles is banned\n|rule|OHKO Clause: OHKO moves are banned\n|rule|Evasion Moves Clause: Evasion moves are banned\n|rule|Evasion Items Clause: Evasion items are banned\n|rule|Species Clause: Limit one of each Pok\u00e9mon\n|rule|Sleep Clause Mod: Limit one foe put to sleep\n|rule|Mega Rayquaza Clause: You cannot mega evolve Rayquaza\n|clearpoke\n|poke|p1|Pyukumuku, F|\n|poke|p1|Landorus-Therian, M|\n|poke|p1|Mewtwo|\n|poke|p1|Arceus|\n|poke|p1|Zapdos-Galar|\n|poke|p1|Grimmsnarl, M|\n|poke|p2|Haxorus, F|\n|poke|p2|Groudon|\n|poke|p2|Kingambit, F|\n|poke|p2|Xerneas-*|\n|poke|p2|Flutter Mane|\n|poke|p2|Lucario, M|\n|teampreview\n|\n|t:|1698451818\n|start\n|switch|p1a: \ud83d\ude0f|Zapdos-Galar, shiny|100\/100\n|switch|p2a: Flutter Mane|Flutter Mane|100\/100\n|turn|1\n|\n|t:|1698451829\n|switch|p1a: \ud83d\ude0d|Pyukumuku, F|100\/100\n|move|p2a: Flutter Mane|Moonblast|p1a: \ud83d\ude0d\n|-damage|p1a: \ud83d\ude0d|58\/100\n|\n|-heal|p1a: \ud83d\ude0d|65\/100|[from] item: Leftovers\n|upkeep\n|turn|2\n|\n|t:|1698451844\n|-end|p2a: Flutter Mane|Protosynthesis|[silent]\n|switch|p2a: Kingambit|Kingambit, F|100\/100\n|move|p1a: \ud83d\ude0d|Protect||[still]\n|-fail|p1a: \ud83d\ude0d\n|\n|-heal|p1a: \ud83d\ude0d|71\/100|[from] item: Leftovers\n|upkeep\n|turn|3\n|\n|t:|1698451854\n|move|p2a: Kingambit|Swords Dance|p2a: Kingambit\n|-boost|p2a: Kingambit|atk|2\n|move|p1a: \ud83d\ude0d|Recover|p1a: \ud83d\ude0d\n|-heal|p1a: \ud83d\ude0d|100\/100\n|\n|upkeep\n|turn|4\n|\n|t:|1698451862\n|move|p2a: Kingambit|Kowtow Cleave|p1a: \ud83d\ude0d\n|-damage|p1a: \ud83d\ude0d|66\/100\n|move|p1a: \ud83d\ude0d|Counter|p2a: Kingambit\n|-damage|p2a: Kingambit|47\/100\n|\n|-heal|p2a: Kingambit|53\/100|[from] item: Leftovers\n|-heal|p1a: \ud83d\ude0d|72\/100|[from] item: Leftovers\n|upkeep\n|turn|5\n|\n|t:|1698451872\n|move|p2a: Kingambit|Swords Dance|p2a: Kingambit\n|-boost|p2a: Kingambit|atk|2\n|move|p1a: \ud83d\ude0d|Recover|p1a: \ud83d\ude0d\n|-heal|p1a: \ud83d\ude0d|100\/100\n|\n|-heal|p2a: Kingambit|59\/100|[from] item: Leftovers\n|upkeep\n|turn|6\n|\n|t:|1698451881\n|move|p2a: Kingambit|Swords Dance|p2a: Kingambit\n|-boost|p2a: Kingambit|atk|2\n|move|p1a: \ud83d\ude0d|Counter||[still]\n|-fail|p1a: \ud83d\ude0d\n|\n|-heal|p2a: Kingambit|66\/100|[from] item: Leftovers\n|upkeep\n|turn|7\n|inactive|Battle timer is ON: inactive players will automatically lose when time's up. (requested by faraodomangue)\n|\n|t:|1698451894\n|move|p2a: Kingambit|Iron Head|p1a: \ud83d\ude0d\n|-resisted|p1a: \ud83d\ude0d\n|-damage|p1a: \ud83d\ude0d|86\/100\n|move|p1a: \ud83d\ude0d|Counter|p2a: Kingambit\n|-damage|p2a: Kingambit|43\/100\n|\n|-heal|p2a: Kingambit|50\/100|[from] item: Leftovers\n|-heal|p1a: \ud83d\ude0d|92\/100|[from] item: Leftovers\n|upkeep\n|turn|8\n|\n|t:|1698451904\n|-terastallize|p2a: Kingambit|Dark\n|move|p2a: Kingambit|Kowtow Cleave|p1a: \ud83d\ude0d\n|-damage|p1a: \ud83d\ude0d|50\/100\n|move|p1a: \ud83d\ude0d|Counter|p2a: Kingambit\n|-damage|p2a: Kingambit|0 fnt\n|faint|p2a: Kingambit\n|-end|p2a: Kingambit|fallenundefined|[silent]\n|\n|-heal|p1a: \ud83d\ude0d|56\/100|[from] item: Leftovers\n|upkeep\n|\n|t:|1698451915\n|switch|p2a: Flutter Mane|Flutter Mane|100\/100\n|turn|9\n|\n|t:|1698451919\n|move|p1a: \ud83d\ude0d|Protect|p1a: \ud83d\ude0d\n|-singleturn|p1a: \ud83d\ude0d|Protect\n|move|p2a: Flutter Mane|Thunder Wave|p1a: \ud83d\ude0d\n|-activate|p1a: \ud83d\ude0d|move: Protect\n|\n|-heal|p1a: \ud83d\ude0d|62\/100|[from] item: Leftovers\n|upkeep\n|turn|10\n|\n|t:|1698451928\n|move|p2a: Flutter Mane|Moonblast|p1a: \ud83d\ude0d\n|-damage|p1a: \ud83d\ude0d|19\/100\n|-unboost|p1a: \ud83d\ude0d|spa|1\n|move|p1a: \ud83d\ude0d|Toxic|p2a: Flutter Mane\n|-status|p2a: Flutter Mane|tox\n|\n|-heal|p1a: \ud83d\ude0d|25\/100|[from] item: Leftovers\n|-damage|p2a: Flutter Mane|95\/100 tox|[from] psn\n|upkeep\n|turn|11\n|\n|t:|1698451939\n|move|p1a: \ud83d\ude0d|Protect|p1a: \ud83d\ude0d\n|-singleturn|p1a: \ud83d\ude0d|Protect\n|move|p2a: Flutter Mane|Moonblast|p1a: \ud83d\ude0d\n|-activate|p1a: \ud83d\ude0d|move: Protect\n|\n|-heal|p1a: \ud83d\ude0d|31\/100|[from] item: Leftovers\n|-damage|p2a: Flutter Mane|83\/100 tox|[from] psn\n|upkeep\n|turn|12\n|\n|t:|1698451950\n|move|p2a: Flutter Mane|Moonblast|p1a: \ud83d\ude0d\n|-damage|p1a: \ud83d\ude0d|0 fnt\n|faint|p1a: \ud83d\ude0d\n|\n|-damage|p2a: Flutter Mane|65\/100 tox|[from] psn\n|upkeep\n|\n|t:|1698451953\n|switch|p1a: \ud83d\ude21|Grimmsnarl, M, shiny|100\/100\n|turn|13\n|\n|t:|1698451961\n|move|p1a: \ud83d\ude21|Light Screen|p1a: \ud83d\ude21\n|-sidestart|p1: faraodomangue|move: Light Screen\n|move|p2a: Flutter Mane|Thunder Wave|p1a: \ud83d\ude21\n|-status|p1a: \ud83d\ude21|par\n|\n|-damage|p2a: Flutter Mane|41\/100 tox|[from] psn\n|upkeep\n|turn|14\n|\n|t:|1698451969\n|cant|p1a: \ud83d\ude21|par\n|move|p2a: Flutter Mane|Moonblast|p1a: \ud83d\ude21\n|-supereffective|p1a: \ud83d\ude21\n|-damage|p1a: \ud83d\ude21|48\/100 par\n|\n|-damage|p2a: Flutter Mane|11\/100 tox|[from] psn\n|upkeep\n|turn|15\n|\n|t:|1698451979\n|-end|p2a: Flutter Mane|Protosynthesis|[silent]\n|switch|p2a: Xerneas|Xerneas|100\/100\n|-ability|p2a: Xerneas|Fairy Aura\n|cant|p1a: \ud83d\ude21|par\n|\n|upkeep\n|turn|16\n|\n|t:|1698451988\n|move|p1a: \ud83d\ude21|Parting Shot|p2a: Xerneas\n|-unboost|p2a: Xerneas|atk|1\n|-unboost|p2a: Xerneas|spa|1\n|\n|t:|1698451992\n|switch|p1a: \ud83d\ude07|Arceus|100\/100|[from] Parting Shot\n|move|p2a: Xerneas|Geomancy||[still]\n|-prepare|p2a: Xerneas|Geomancy\n|-enditem|p2a: Xerneas|Power Herb\n|-anim|p2a: Xerneas|Geomancy|p2a: Xerneas\n|-boost|p2a: Xerneas|spa|2\n|-boost|p2a: Xerneas|spd|2\n|-boost|p2a: Xerneas|spe|2\n|\n|upkeep\n|turn|17\n|\n|t:|1698452003\n|-terastallize|p1a: \ud83d\ude07|Normal\n|move|p1a: \ud83d\ude07|Extreme Speed|p2a: Xerneas\n|-damage|p2a: Xerneas|42\/100\n|-damage|p1a: \ud83d\ude07|91\/100|[from] item: Life Orb\n|move|p2a: Xerneas|Psyshock|p1a: \ud83d\ude07\n|-crit|p1a: \ud83d\ude07\n|-damage|p1a: \ud83d\ude07|40\/100\n|\n|upkeep\n|turn|18\n|\n|t:|1698452015\n|move|p1a: \ud83d\ude07|Extreme Speed|p2a: Xerneas\n|-damage|p2a: Xerneas|0 fnt\n|faint|p2a: Xerneas\n|-damage|p1a: \ud83d\ude07|30\/100|[from] item: Life Orb\n|\n|upkeep\n|\n|t:|1698452026\n|switch|p2a: Flutter Mane|Flutter Mane|11\/100 tox\n|turn|19\n|\n|t:|1698452034\n|move|p2a: Flutter Mane|Moonblast|p1a: \ud83d\ude07\n|-damage|p1a: \ud83d\ude07|9\/100\n|-unboost|p1a: \ud83d\ude07|spa|1\n|move|p1a: \ud83d\ude07|Earthquake|p2a: Flutter Mane\n|-damage|p2a: Flutter Mane|0 fnt\n|faint|p2a: Flutter Mane\n|-end|p2a: Flutter Mane|Protosynthesis|[silent]\n|-damage|p1a: \ud83d\ude07|0 fnt|[from] item: Life Orb\n|faint|p1a: \ud83d\ude07\n|\n|upkeep\n|\n|t:|1698452046\n|switch|p2a: Lucario|Lucario, M, shiny|100\/100\n|switch|p1a: \ud83d\ude21|Grimmsnarl, M, shiny|48\/100 par\n|turn|20\n|\n|t:|1698452053\n|detailschange|p2a: Lucario|Lucario-Mega, M, shiny\n|-mega|p2a: Lucario|Lucario|Lucarionite\n|move|p2a: Lucario|Bullet Punch|p1a: \ud83d\ude21\n|-supereffective|p1a: \ud83d\ude21\n|-damage|p1a: \ud83d\ude21|0 fnt\n|faint|p1a: \ud83d\ude21\n|\n|-sideend|p1: faraodomangue|move: Light Screen\n|upkeep\n|\n|t:|1698452059\n|switch|p1a: \ud83d\ude0f|Zapdos-Galar, shiny|100\/100\n|turn|21\n|\n|t:|1698452069\n|switch|p2a: Groudon|Groudon, shiny|100\/100\n|detailschange|p2a: Groudon|Groudon-Primal, shiny\n|-primal|p2a: Groudon|Red Orb\n|-weather|DesolateLand|[from] ability: Desolate Land|[of] p2a: Groudon\n|move|p1a: \ud83d\ude0f|Thunderous Kick|p2a: Groudon\n|-damage|p2a: Groudon|57\/100\n|-unboost|p2a: Groudon|def|1\n|\n|-weather|DesolateLand|[upkeep]\n|upkeep\n|turn|22\n|\n|t:|1698452082\n|switch|p1a: \ud83d\ude20|Landorus-Therian, M|100\/100\n|-ability|p1a: \ud83d\ude20|Intimidate|boost\n|-unboost|p2a: Groudon|atk|1\n|move|p2a: Groudon|Heat Crash|p1a: \ud83d\ude20\n|-damage|p1a: \ud83d\ude20|2\/100\n|-damage|p2a: Groudon|41\/100|[from] item: Rocky Helmet|[of] p1a: \ud83d\ude20\n|\n|-weather|DesolateLand|[upkeep]\n|upkeep\n|turn|23\n|\n|t:|1698452096\n|move|p1a: \ud83d\ude20|Earthquake|p2a: Groudon\n|-supereffective|p2a: Groudon\n|-damage|p2a: Groudon|0 fnt\n|faint|p2a: Groudon\n|-weather|none\n|\n|upkeep\n|\n|t:|1698452102\n|switch|p2a: Haxorus|Haxorus, F|100\/100\n|-ability|p2a: Haxorus|Mold Breaker\n|turn|24\n|\n|t:|1698452108\n|move|p2a: Haxorus|Dragon Dance|p2a: Haxorus\n|-boost|p2a: Haxorus|atk|1\n|-boost|p2a: Haxorus|spe|1\n|move|p1a: \ud83d\ude20|Stealth Rock|p2a: Haxorus\n|-sidestart|p2: Angel Karma|move: Stealth Rock\n|\n|upkeep\n|turn|25\n|\n|t:|1698452115\n|move|p2a: Haxorus|Outrage|p1a: \ud83d\ude20\n|-damage|p1a: \ud83d\ude20|0 fnt\n|-damage|p2a: Haxorus|84\/100|[from] item: Rocky Helmet|[of] p1a: \ud83d\ude20\n|faint|p1a: \ud83d\ude20\n|\n|upkeep\n|\n|t:|1698452117\n|switch|p1a: \ud83d\ude0f|Zapdos-Galar, shiny|100\/100\n|turn|26\n|\n|t:|1698452124\n|move|p2a: Haxorus|Outrage|p1a: \ud83d\ude0f|[from]lockedmove\n|-crit|p1a: \ud83d\ude0f\n|-damage|p1a: \ud83d\ude0f|0 fnt\n|faint|p1a: \ud83d\ude0f\n|\n|upkeep\n|\n|t:|1698452127\n|switch|p1a: \ud83d\ude03|Mewtwo|100\/100\n|-ability|p1a: \ud83d\ude03|Pressure\n|turn|27\n|\n|t:|1698452134\n|detailschange|p1a: \ud83d\ude03|Mewtwo-Mega-Y\n|-mega|p1a: \ud83d\ude03|Mewtwo|Mewtwonite Y\n|move|p2a: Haxorus|Outrage|p1a: \ud83d\ude03|[from]lockedmove\n|-damage|p1a: \ud83d\ude03|0 fnt\n|faint|p1a: \ud83d\ude03\n|-start|p2a: Haxorus|confusion|[fatigue]\n|\n|win|Angel Karma\n|raw|faraodomangue's rating: 1318 &rarr; <strong>1302<\/strong><br \/>(-16 for losing)\n|raw|Angel Karma's rating: 1393 &rarr; <strong>1409<\/strong><br \/>(+16 for winning)\n|l|\u2606faraodomangue\n","uploadtime":1698452144,"views":5,"p1id":"faraodomangue","p2id":"angelkarma","formatid":"gen9nationaldexubers","rating":1302,"private":0,"password":""}