{"id":"gen9nationaldexubers-1984144007","p1":"Foxxism","p2":"Bear_in_DISTRESS","format":"[Gen 9] National Dex Ubers","log":"|j|\u2606Foxxism\n|j|\u2606Bear_in_DISTRESS\n|t:|1699223271\n|gametype|singles\n|player|p1|Foxxism|shadowtriad|\n|player|p2|Bear_in_DISTRESS|li|\n|teamsize|p1|6\n|teamsize|p2|6\n|gen|9\n|tier|[Gen 9] National Dex Ubers\n|rule|HP Percentage Mod: HP is shown in percentages\n|rule|Endless Battle Clause: Forcing endless battles is banned\n|rule|OHKO Clause: OHKO moves are banned\n|rule|Evasion Moves Clause: Evasion moves are banned\n|rule|Evasion Items Clause: Evasion items are banned\n|rule|Species Clause: Limit one of each Pok\u00e9mon\n|rule|Sleep Clause Mod: Limit one foe put to sleep\n|rule|Mega Rayquaza Clause: You cannot mega evolve Rayquaza\n|clearpoke\n|poke|p1|Glimmora, M|\n|poke|p1|Gengar, F|\n|poke|p1|Salazzle, F|\n|poke|p1|Muk-Alola, M|\n|poke|p1|Toxapex, F|\n|poke|p1|Toxtricity, F|\n|poke|p2|Corviknight, F|\n|poke|p2|Braviary-Hisui, M|\n|poke|p2|Drifblim, F|\n|poke|p2|Aerodactyl, M|\n|poke|p2|Iron Jugulis|\n|poke|p2|Altaria, M|\n|teampreview\n|\n|t:|1699223306\n|start\n|switch|p1a: Glimmora|Glimmora, M|100\/100\n|switch|p2a: Altaria|Altaria, M, shiny|100\/100\n|turn|1\n|\n|t:|1699223323\n|move|p1a: Glimmora|Power Gem|p2a: Altaria\n|-supereffective|p2a: Altaria\n|-damage|p2a: Altaria|21\/100\n|move|p2a: Altaria|Perish Song|p2a: Altaria\n|-start|p1a: Glimmora|perish3|[silent]\n|-start|p2a: Altaria|perish3|[silent]\n|-fieldactivate|move: Perish Song\n|\n|-start|p1a: Glimmora|perish3\n|-start|p2a: Altaria|perish3\n|upkeep\n|turn|2\n|\n|t:|1699223335\n|switch|p2a: Aerodactyl|Aerodactyl, M, shiny|100\/100\n|move|p1a: Glimmora|Power Gem|p2a: Aerodactyl\n|-supereffective|p2a: Aerodactyl\n|-damage|p2a: Aerodactyl|0 fnt\n|faint|p2a: Aerodactyl\n|\n|-start|p1a: Glimmora|perish2\n|upkeep\n|\n|t:|1699223348\n|switch|p2a: Corviknight|Corviknight, F, shiny|100\/100\n|-ability|p2a: Corviknight|Pressure\n|turn|3\n|\n|t:|1699223354\n|move|p1a: Glimmora|Power Gem|p2a: Corviknight\n|-damage|p2a: Corviknight|60\/100\n|move|p2a: Corviknight|Taunt|p1a: Glimmora\n|-start|p1a: Glimmora|move: Taunt\n|\n|-heal|p2a: Corviknight|66\/100|[from] item: Leftovers\n|-start|p1a: Glimmora|perish1\n|upkeep\n|turn|4\n|\n|t:|1699223363\n|move|p1a: Glimmora|Power Gem|p2a: Corviknight\n|-damage|p2a: Corviknight|28\/100\n|move|p2a: Corviknight|Roost|p2a: Corviknight\n|-heal|p2a: Corviknight|78\/100\n|-singleturn|p2a: Corviknight|move: Roost\n|\n|-heal|p2a: Corviknight|84\/100|[from] item: Leftovers\n|-start|p1a: Glimmora|perish0\n|upkeep\n|faint|p1a: Glimmora\n|\n|t:|1699223368\n|switch|p1a: Salazzle|Salazzle, F, shiny|100\/100\n|turn|5\n|\n|t:|1699223381\n|move|p1a: Salazzle|Toxic|p2a: Corviknight\n|-status|p2a: Corviknight|tox\n|move|p2a: Corviknight|Taunt|p1a: Salazzle\n|-start|p1a: Salazzle|move: Taunt\n|\n|-heal|p2a: Corviknight|90\/100 tox|[from] item: Leftovers\n|-damage|p2a: Corviknight|84\/100 tox|[from] psn\n|upkeep\n|turn|6\n|\n|t:|1699223394\n|move|p1a: Salazzle|Flamethrower|p2a: Corviknight\n|-supereffective|p2a: Corviknight\n|-damage|p2a: Corviknight|17\/100 tox\n|move|p2a: Corviknight|Iron Head|p1a: Salazzle\n|-resisted|p1a: Salazzle\n|-damage|p1a: Salazzle|83\/100\n|\n|-heal|p1a: Salazzle|89\/100|[from] item: Leftovers\n|-heal|p2a: Corviknight|23\/100 tox|[from] item: Leftovers\n|-damage|p2a: Corviknight|11\/100 tox|[from] psn\n|upkeep\n|turn|7\n|\n|t:|1699223408\n|switch|p2a: Iron Jugulis|Iron Jugulis, shiny|100\/100\n|-enditem|p2a: Iron Jugulis|Booster Energy\n|-activate|p2a: Iron Jugulis|ability: Quark Drive|[fromitem]\n|-start|p2a: Iron Jugulis|quarkdrivespe\n|move|p1a: Salazzle|Flamethrower|p2a: Iron Jugulis\n|-damage|p2a: Iron Jugulis|58\/100\n|\n|-heal|p1a: Salazzle|95\/100|[from] item: Leftovers\n|upkeep\n|turn|8\n|\n|t:|1699223434\n|switch|p1a: Toxtricity|Toxtricity, F, shiny|100\/100\n|move|p2a: Iron Jugulis|Earth Power|p1a: Toxtricity\n|-supereffective|p1a: Toxtricity\n|-damage|p1a: Toxtricity|0 fnt\n|faint|p1a: Toxtricity\n|\n|upkeep\n|\n|t:|1699223530\n|switch|p1a: Toxapex|Toxapex, F, shiny|100\/100\n|turn|9\n|\n|t:|1699223536\n|move|p2a: Iron Jugulis|Earth Power|p1a: Toxapex\n|-supereffective|p1a: Toxapex\n|-damage|p1a: Toxapex|46\/100\n|move|p1a: Toxapex|Blizzard|p2a: Iron Jugulis\n|-supereffective|p2a: Iron Jugulis\n|-damage|p2a: Iron Jugulis|18\/100\n|\n|-heal|p1a: Toxapex|52\/100|[from] item: Black Sludge\n|upkeep\n|turn|10\n|\n|t:|1699223557\n|move|p1a: Toxapex|Baneful Bunker|p1a: Toxapex\n|-singleturn|p1a: Toxapex|move: Protect\n|move|p2a: Iron Jugulis|Earth Power|p1a: Toxapex\n|-activate|p1a: Toxapex|move: Protect\n|\n|-heal|p1a: Toxapex|58\/100|[from] item: Black Sludge\n|upkeep\n|turn|11\n|\n|t:|1699223567\n|move|p2a: Iron Jugulis|Earth Power|p1a: Toxapex\n|-supereffective|p1a: Toxapex\n|-damage|p1a: Toxapex|12\/100\n|move|p1a: Toxapex|Blizzard|p2a: Iron Jugulis\n|-supereffective|p2a: Iron Jugulis\n|-damage|p2a: Iron Jugulis|0 fnt\n|faint|p2a: Iron Jugulis\n|-end|p2a: Iron Jugulis|Quark Drive|[silent]\n|\n|-heal|p1a: Toxapex|18\/100|[from] item: Black Sludge\n|upkeep\n|\n|t:|1699223580\n|switch|p2a: Altaria|Altaria, M, shiny|21\/100\n|turn|12\n|\n|t:|1699223605\n|move|p1a: Toxapex|Baneful Bunker|p1a: Toxapex\n|-singleturn|p1a: Toxapex|move: Protect\n|move|p2a: Altaria|Roost|p2a: Altaria\n|-heal|p2a: Altaria|71\/100\n|-singleturn|p2a: Altaria|move: Roost\n|\n|-heal|p1a: Toxapex|24\/100|[from] item: Black Sludge\n|upkeep\n|turn|13\n|\n|t:|1699223635\n|switch|p1a: Gengar|Gengar, F|100\/100\n|move|p2a: Altaria|Earthquake|p1a: Gengar\n|-supereffective|p1a: Gengar\n|-damage|p1a: Gengar|34\/100\n|\n|upkeep\n|turn|14\n|\n|t:|1699223653\n|-terastallize|p1a: Gengar|Ghost\n|move|p1a: Gengar|Shadow Ball|p2a: Altaria\n|-damage|p2a: Altaria|17\/100\n|move|p2a: Altaria|Earthquake|p1a: Gengar\n|-damage|p1a: Gengar|0 fnt\n|-start|p2a: Altaria|Disable|Earthquake|[from] ability: Cursed Body|[of] p1a: Gengar\n|faint|p1a: Gengar\n|\n|upkeep\n|\n|t:|1699223683\n|switch|p1a: Salazzle|Salazzle, F, shiny|95\/100\n|turn|15\n|\n|t:|1699223693\n|move|p1a: Salazzle|Flamethrower|p2a: Altaria\n|-resisted|p2a: Altaria\n|-damage|p2a: Altaria|0 fnt\n|faint|p2a: Altaria\n|\n|-heal|p1a: Salazzle|100\/100|[from] item: Leftovers\n|upkeep\n|\n|t:|1699223703\n|switch|p2a: Braviary|Braviary-Hisui, M, shiny|100\/100\n|turn|16\n|\n|t:|1699223731\n|move|p1a: Salazzle|Toxic|p2a: Braviary\n|-status|p2a: Braviary|tox\n|move|p2a: Braviary|Esper Wing|p1a: Salazzle\n|-supereffective|p1a: Salazzle\n|-damage|p1a: Salazzle|0 fnt\n|faint|p1a: Salazzle\n|\n|-damage|p2a: Braviary|94\/100 tox|[from] psn\n|upkeep\n|\n|t:|1699223739\n|switch|p1a: Toxapex|Toxapex, F, shiny|57\/100\n|turn|17\n|\n|t:|1699223744\n|move|p1a: Toxapex|Baneful Bunker|p1a: Toxapex\n|-singleturn|p1a: Toxapex|move: Protect\n|move|p2a: Braviary|Esper Wing|p1a: Toxapex\n|-activate|p1a: Toxapex|move: Protect\n|\n|-heal|p1a: Toxapex|63\/100|[from] item: Black Sludge\n|-damage|p2a: Braviary|82\/100 tox|[from] psn\n|upkeep\n|turn|18\n|\n|t:|1699223754\n|move|p2a: Braviary|Psychic|p1a: Toxapex\n|-supereffective|p1a: Toxapex\n|-damage|p1a: Toxapex|0 fnt\n|faint|p1a: Toxapex\n|\n|-damage|p2a: Braviary|64\/100 tox|[from] psn\n|upkeep\n|\n|t:|1699223759\n|switch|p1a: Muk|Muk-Alola, M|100\/100\n|turn|19\n|\n|t:|1699223808\n|move|p2a: Braviary|Esper Wing|p1a: Muk\n|-immune|p1a: Muk\n|move|p1a: Muk|Poison Jab|p2a: Braviary\n|-damage|p2a: Braviary|17\/100 tox\n|\n|-damage|p2a: Braviary|0 fnt|[from] psn\n|faint|p2a: Braviary\n|upkeep\n|\n|t:|1699223817\n|switch|p2a: Drifblim|Drifblim, F, shiny|100\/100\n|turn|20\n|\n|t:|1699223832\n|move|p1a: Muk|Shadow Sneak|p2a: Drifblim\n|-supereffective|p2a: Drifblim\n|-damage|p2a: Drifblim|80\/100\n|move|p2a: Drifblim|Destiny Bond|p2a: Drifblim\n|-singlemove|p2a: Drifblim|Destiny Bond\n|\n|upkeep\n|turn|21\n|\n|t:|1699223844\n|move|p2a: Drifblim|Thunderbolt|p1a: Muk\n|-damage|p1a: Muk|89\/100\n|move|p1a: Muk|Poison Jab|p2a: Drifblim\n|-resisted|p2a: Drifblim\n|-damage|p2a: Drifblim|64\/100\n|-status|p2a: Drifblim|psn\n|\n|-damage|p2a: Drifblim|51\/100 psn|[from] psn\n|upkeep\n|turn|22\n|\n|t:|1699223866\n|-terastallize|p2a: Drifblim|Fairy\n|move|p2a: Drifblim|Destiny Bond|p2a: Drifblim\n|-singlemove|p2a: Drifblim|Destiny Bond\n|move|p1a: Muk|Fire Blast|p2a: Drifblim\n|-damage|p2a: Drifblim|30\/100 psn\n|\n|-damage|p2a: Drifblim|18\/100 psn|[from] psn\n|upkeep\n|turn|23\n|\n|t:|1699223900\n|move|p2a: Drifblim|Destiny Bond||[still]\n|-fail|p2a: Drifblim\n|move|p1a: Muk|Pursuit|p2a: Drifblim\n|-resisted|p2a: Drifblim\n|-damage|p2a: Drifblim|9\/100 psn\n|\n|-damage|p2a: Drifblim|0 fnt|[from] psn\n|faint|p2a: Drifblim\n|upkeep\n|\n|t:|1699223908\n|switch|p2a: Corviknight|Corviknight, F, shiny|11\/100 tox\n|-ability|p2a: Corviknight|Pressure\n|turn|24\n|\n|t:|1699223915\n|move|p1a: Muk|Shadow Sneak|p2a: Corviknight\n|-damage|p2a: Corviknight|2\/100 tox\n|move|p2a: Corviknight|Roost|p2a: Corviknight\n|-heal|p2a: Corviknight|52\/100 tox\n|-singleturn|p2a: Corviknight|move: Roost\n|\n|-heal|p2a: Corviknight|58\/100 tox|[from] item: Leftovers\n|-damage|p2a: Corviknight|52\/100 tox|[from] psn\n|upkeep\n|turn|25\n|\n|t:|1699223925\n|move|p2a: Corviknight|Roost|p2a: Corviknight\n|-heal|p2a: Corviknight|100\/100 tox\n|-singleturn|p2a: Corviknight|move: Roost\n|move|p1a: Muk|Fire Blast|p2a: Corviknight\n|-supereffective|p2a: Corviknight\n|-damage|p2a: Corviknight|65\/100 tox\n|\n|-heal|p2a: Corviknight|71\/100 tox|[from] item: Leftovers\n|-damage|p2a: Corviknight|59\/100 tox|[from] psn\n|upkeep\n|turn|26\n|\n|t:|1699223940\n|move|p2a: Corviknight|Iron Head|p1a: Muk\n|-damage|p1a: Muk|65\/100\n|move|p1a: Muk|Fire Blast|p2a: Corviknight\n|-supereffective|p2a: Corviknight\n|-damage|p2a: Corviknight|26\/100 tox\n|\n|-heal|p2a: Corviknight|32\/100 tox|[from] item: Leftovers\n|-damage|p2a: Corviknight|14\/100 tox|[from] psn\n|upkeep\n|turn|27\n|\n|t:|1699223951\n|move|p2a: Corviknight|Roost|p2a: Corviknight\n|-heal|p2a: Corviknight|64\/100 tox\n|-singleturn|p2a: Corviknight|move: Roost\n|move|p1a: Muk|Fire Blast|p2a: Corviknight|[miss]\n|-miss|p1a: Muk|p2a: Corviknight\n|\n|-heal|p2a: Corviknight|70\/100 tox|[from] item: Leftovers\n|-damage|p2a: Corviknight|46\/100 tox|[from] psn\n|upkeep\n|turn|28\n|\n|t:|1699223963\n|move|p2a: Corviknight|Iron Head|p1a: Muk\n|-damage|p1a: Muk|39\/100\n|move|p1a: Muk|Fire Blast|p2a: Corviknight\n|-supereffective|p2a: Corviknight\n|-damage|p2a: Corviknight|12\/100 tox\n|\n|-heal|p2a: Corviknight|18\/100 tox|[from] item: Leftovers\n|-damage|p2a: Corviknight|0 fnt|[from] psn\n|faint|p2a: Corviknight\n|\n|win|Foxxism\n|upkeep\n","uploadtime":1699223975,"views":7,"p1id":"foxxism","p2id":"bearindistress","formatid":"gen9nationaldexubers","rating":0,"private":0,"password":""}