{"id":"gen9nationaldexubers-1996434780","p1":"Emi_Tristoun","p2":"Fumo on a Roomba","format":"[Gen 9] National Dex Ubers","log":"|j|\u2606Emi_Tristoun\n|j|\u2606Fumo on a Roomba\n|t:|1700681693\n|gametype|singles\n|player|p1|Emi_Tristoun|emmet|1443\n|player|p2|Fumo on a Roomba|cynthia|1357\n|teamsize|p1|6\n|teamsize|p2|6\n|gen|9\n|tier|[Gen 9] National Dex Ubers\n|rated|\n|rule|HP Percentage Mod: HP is shown in percentages\n|rule|Endless Battle Clause: Forcing endless battles is banned\n|rule|OHKO Clause: OHKO moves are banned\n|rule|Evasion Moves Clause: Evasion moves are banned\n|rule|Evasion Items Clause: Evasion items are banned\n|rule|Species Clause: Limit one of each Pok\u00e9mon\n|rule|Sleep Clause Mod: Limit one foe put to sleep\n|rule|Mega Rayquaza Clause: You cannot mega evolve Rayquaza\n|clearpoke\n|poke|p1|Iron Bundle|\n|poke|p1|Marshadow|\n|poke|p1|Groudon|\n|poke|p1|Regieleki|\n|poke|p1|Shaymin-Sky|\n|poke|p1|Wobbuffet, F|\n|poke|p2|Beedrill, M|\n|poke|p2|Scizor, M|\n|poke|p2|Volcarona, F|\n|poke|p2|Galvantula, F|\n|poke|p2|Lokix, M|\n|poke|p2|Pheromosa|\n|teampreview\n|inactive|Battle timer is ON: inactive players will automatically lose when time's up. (requested by Fumo on a Roomba)\n|\n|t:|1700681702\n|start\n|switch|p1a: Groudon|Groudon, shiny|100\/100\n|switch|p2a: Galvantula|Galvantula, F|100\/100\n|detailschange|p1a: Groudon|Groudon-Primal, shiny\n|-primal|p1a: Groudon|Red Orb\n|-weather|DesolateLand|[from] ability: Desolate Land|[of] p1a: Groudon\n|turn|1\n|\n|t:|1700681717\n|move|p2a: Galvantula|Sticky Web|p1a: Groudon\n|-sidestart|p1: Emi_Tristoun|move: Sticky Web\n|move|p1a: Groudon|Stealth Rock|p2a: Galvantula\n|-sidestart|p2: Fumo on a Roomba|move: Stealth Rock\n|\n|-weather|DesolateLand|[upkeep]\n|upkeep\n|turn|2\n|\n|t:|1700681722\n|move|p2a: Galvantula|Energy Ball|p1a: Groudon\n|-damage|p1a: Groudon|75\/100\n|move|p1a: Groudon|Heat Crash|p2a: Galvantula\n|-supereffective|p2a: Galvantula\n|-enditem|p2a: Galvantula|Focus Sash\n|-damage|p2a: Galvantula|1\/100\n|\n|-weather|DesolateLand|[upkeep]\n|upkeep\n|turn|3\n|\n|t:|1700681730\n|move|p2a: Galvantula|Energy Ball|p1a: Groudon\n|-damage|p1a: Groudon|46\/100\n|move|p1a: Groudon|Heat Crash|p2a: Galvantula\n|-supereffective|p2a: Galvantula\n|-damage|p2a: Galvantula|0 fnt\n|faint|p2a: Galvantula\n|\n|-weather|DesolateLand|[upkeep]\n|upkeep\n|\n|t:|1700681735\n|switch|p2a: Pheromosa|Pheromosa|100\/100\n|-damage|p2a: Pheromosa|88\/100|[from] Stealth Rock\n|turn|4\n|\n|t:|1700681742\n|move|p2a: Pheromosa|Rapid Spin|p1a: Groudon\n|-damage|p1a: Groudon|31\/100\n|-boost|p2a: Pheromosa|spe|1\n|-sideend|p2: Fumo on a Roomba|Stealth Rock|[from] move: Rapid Spin|[of] p2a: Pheromosa\n|move|p1a: Groudon|Heat Crash|p2a: Pheromosa\n|-supereffective|p2a: Pheromosa\n|-damage|p2a: Pheromosa|0 fnt\n|faint|p2a: Pheromosa\n|\n|-weather|DesolateLand|[upkeep]\n|upkeep\n|\n|t:|1700681750\n|switch|p2a: Lokix|Lokix, M|100\/100\n|turn|5\n|\n|t:|1700681753\n|move|p2a: Lokix|First Impression|p1a: Groudon\n|-resisted|p1a: Groudon\n|-damage|p1a: Groudon|0 fnt\n|faint|p1a: Groudon\n|-weather|none\n|-damage|p2a: Lokix|91\/100|[from] item: Life Orb\n|\n|upkeep\n|\n|t:|1700681758\n|switch|p1a: Regieleki|Regieleki|100\/100\n|-item|p1a: Regieleki|Air Balloon\n|turn|6\n|\n|t:|1700681762\n|move|p1a: Regieleki|Rapid Spin|p2a: Lokix\n|-damage|p2a: Lokix|76\/100\n|-boost|p1a: Regieleki|spe|1\n|-sideend|p1: Emi_Tristoun|Sticky Web|[from] move: Rapid Spin|[of] p1a: Regieleki\n|move|p2a: Lokix|Leech Life|p1a: Regieleki\n|-damage|p1a: Regieleki|16\/100\n|-heal|p2a: Lokix|100\/100|[from] drain|[of] p1a: Regieleki\n|-enditem|p1a: Regieleki|Air Balloon\n|-damage|p2a: Lokix|91\/100|[from] item: Life Orb\n|\n|upkeep\n|turn|7\n|\n|t:|1700681776\n|move|p1a: Regieleki|Thunderbolt|p2a: Lokix\n|-damage|p2a: Lokix|0 fnt\n|faint|p2a: Lokix\n|\n|upkeep\n|\n|t:|1700681779\n|switch|p2a: Scizor|Scizor, M|100\/100\n|turn|8\n|\n|t:|1700681783\n|move|p2a: Scizor|Bullet Punch|p1a: Regieleki\n|-resisted|p1a: Regieleki\n|-damage|p1a: Regieleki|0 fnt\n|faint|p1a: Regieleki\n|\n|upkeep\n|\n|t:|1700681792\n|switch|p1a: Wobbuffet|Wobbuffet, F, shiny|100\/100\n|turn|9\n|\n|t:|1700681797\n|move|p2a: Scizor|Swords Dance|p2a: Scizor\n|-boost|p2a: Scizor|atk|2\n|move|p1a: Wobbuffet|Counter||[still]\n|-fail|p1a: Wobbuffet\n|\n|upkeep\n|turn|10\n|\n|t:|1700681803\n|move|p2a: Scizor|Swords Dance|p2a: Scizor\n|-boost|p2a: Scizor|atk|2\n|move|p1a: Wobbuffet|Encore|p2a: Scizor\n|-start|p2a: Scizor|Encore\n|\n|upkeep\n|turn|11\n|\n|t:|1700681808\n|switch|p1a: Marshadow|Marshadow|100\/100\n|move|p2a: Scizor|Swords Dance|p2a: Scizor\n|-boost|p2a: Scizor|atk|2\n|\n|upkeep\n|turn|12\n|\n|t:|1700681813\n|switch|p2a: Volcarona|Volcarona, F|100\/100\n|move|p1a: Marshadow|Spectral Thief|p2a: Volcarona\n|-damage|p2a: Volcarona|29\/100\n|-status|p1a: Marshadow|brn|[from] ability: Flame Body|[of] p2a: Volcarona\n|\n|-damage|p1a: Marshadow|94\/100 brn|[from] brn\n|upkeep\n|turn|13\n|\n|t:|1700681823\n|move|p1a: Marshadow|Facade|p2a: Volcarona\n|-damage|p2a: Volcarona|0 fnt\n|faint|p2a: Volcarona\n|\n|-damage|p1a: Marshadow|88\/100 brn|[from] brn\n|upkeep\n|\n|t:|1700681826\n|switch|p2a: Scizor|Scizor, M|100\/100\n|turn|14\n|\n|t:|1700681836\n|move|p1a: Marshadow|Facade|p2a: Scizor\n|-resisted|p2a: Scizor\n|-damage|p2a: Scizor|78\/100\n|move|p2a: Scizor|Dual Wingbeat|p1a: Marshadow\n|-supereffective|p1a: Marshadow\n|-damage|p1a: Marshadow|29\/100 brn\n|-supereffective|p1a: Marshadow\n|-damage|p1a: Marshadow|0 fnt\n|faint|p1a: Marshadow\n|-hitcount|p1: Marshadow|2\n|\n|-heal|p2a: Scizor|84\/100|[from] item: Leftovers\n|upkeep\n|\n|t:|1700681847\n|switch|p1a: Shaymin|Shaymin-Sky, shiny|100\/100\n|turn|15\n|\n|t:|1700681850\n|move|p2a: Scizor|Bullet Punch|p1a: Shaymin\n|-damage|p1a: Shaymin|49\/100\n|move|p1a: Shaymin|Air Slash|p2a: Scizor\n|-damage|p2a: Scizor|38\/100\n|\n|-heal|p2a: Scizor|44\/100|[from] item: Leftovers\n|upkeep\n|turn|16\n|\n|t:|1700681859\n|switch|p1a: Wobbuffet|Wobbuffet, F, shiny|100\/100\n|move|p2a: Scizor|Bullet Punch|p1a: Wobbuffet\n|-damage|p1a: Wobbuffet|71\/100\n|\n|-heal|p2a: Scizor|50\/100|[from] item: Leftovers\n|upkeep\n|turn|17\n|\n|t:|1700681866\n|move|p2a: Scizor|Swords Dance|p2a: Scizor\n|-boost|p2a: Scizor|atk|2\n|move|p1a: Wobbuffet|Counter||[still]\n|-fail|p1a: Wobbuffet\n|\n|-heal|p2a: Scizor|56\/100|[from] item: Leftovers\n|upkeep\n|turn|18\n|\n|t:|1700681872\n|move|p2a: Scizor|Dual Wingbeat|p1a: Wobbuffet\n|-crit|p1a: Wobbuffet\n|-damage|p1a: Wobbuffet|13\/100\n|-damage|p1a: Wobbuffet|0 fnt\n|faint|p1a: Wobbuffet\n|-hitcount|p1: Wobbuffet|2\n|\n|-heal|p2a: Scizor|62\/100|[from] item: Leftovers\n|upkeep\n|\n|t:|1700681880\n|switch|p1a: Iron Bundle|Iron Bundle|100\/100\n|-enditem|p1a: Iron Bundle|Booster Energy\n|-activate|p1a: Iron Bundle|ability: Quark Drive|[fromitem]\n|-start|p1a: Iron Bundle|quarkdrivespe\n|turn|19\n|\n|t:|1700681887\n|-terastallize|p2a: Scizor|Dragon\n|move|p1a: Iron Bundle|Blizzard|p2a: Scizor|[miss]\n|-miss|p1a: Iron Bundle|p2a: Scizor\n|move|p2a: Scizor|Close Combat|p1a: Iron Bundle\n|-supereffective|p1a: Iron Bundle\n|-damage|p1a: Iron Bundle|0 fnt\n|-unboost|p2a: Scizor|def|1\n|-unboost|p2a: Scizor|spd|1\n|faint|p1a: Iron Bundle\n|-end|p1a: Iron Bundle|Quark Drive|[silent]\n|\n|-heal|p2a: Scizor|68\/100|[from] item: Leftovers\n|upkeep\n|c|\u2606Emi_Tristoun|I hate this game\n|\n|t:|1700681902\n|switch|p1a: Shaymin|Shaymin-Sky, shiny|49\/100\n|turn|20\n|c|\u2606Fumo on a Roomba|gg we both played bad\n|\n|t:|1700681911\n|move|p2a: Scizor|Bullet Punch|p1a: Shaymin\n|-damage|p1a: Shaymin|0 fnt\n|faint|p1a: Shaymin\n|\n|win|Fumo on a Roomba\n|raw|Emi_Tristoun's rating: 1443 &rarr; <strong>1418<\/strong><br \/>(-25 for losing)\n|raw|Fumo on a Roomba's rating: 1357 &rarr; <strong>1382<\/strong><br \/>(+25 for winning)\n|c|\u2606Emi_Tristoun|really\n|c|\u2606Emi_Tristoun|gg\n|l|\u2606Emi_Tristoun\n","uploadtime":1700681928,"views":1,"p1id":"emitristoun","p2id":"fumoonaroomba","formatid":"gen9nationaldexubers","rating":1382,"private":0,"password":""}