{"id":"gen9nationaldexubers-1990018881","p1":"FeynaMist","p2":"krich2nd","format":"[Gen 9] National Dex Ubers","log":"|j|\u2606FeynaMist\n|j|\u2606krich2nd\n|t:|1699915932\n|gametype|singles\n|player|p1|FeynaMist|drayden|\n|player|p2|krich2nd|raihan|\n|teamsize|p1|6\n|teamsize|p2|6\n|gen|9\n|tier|[Gen 9] National Dex Ubers\n|rule|HP Percentage Mod: HP is shown in percentages\n|rule|Endless Battle Clause: Forcing endless battles is banned\n|rule|OHKO Clause: OHKO moves are banned\n|rule|Evasion Moves Clause: Evasion moves are banned\n|rule|Evasion Items Clause: Evasion items are banned\n|rule|Species Clause: Limit one of each Pok\u00e9mon\n|rule|Sleep Clause Mod: Limit one foe put to sleep\n|rule|Mega Rayquaza Clause: You cannot mega evolve Rayquaza\n|clearpoke\n|poke|p1|Ursaluna-Bloodmoon, M|\n|poke|p1|Scizor, M|\n|poke|p1|Urshifu-*, M|\n|poke|p1|Grimmsnarl, M|\n|poke|p1|Articuno-Galar|\n|poke|p1|Vigoroth, M|\n|poke|p2|Diancie|\n|poke|p2|Dusclops, M|\n|poke|p2|Iron Moth|\n|poke|p2|Suicune|\n|poke|p2|Arcanine-Hisui, F|\n|poke|p2|Gliscor, M|\n|teampreview\n|inactive|Battle timer is ON: inactive players will automatically lose when time's up. (requested by FeynaMist)\n|\n|t:|1699915950\n|start\n|switch|p1a: Grimmsnarl|Grimmsnarl, M, shiny|100\/100\n|switch|p2a: Diancie|Diancie, shiny|100\/100\n|turn|1\n|\n|t:|1699915959\n|detailschange|p2a: Diancie|Diancie-Mega, shiny\n|-mega|p2a: Diancie|Diancie|Diancite\n|move|p1a: Grimmsnarl|Light Screen|p1a: Grimmsnarl\n|-sidestart|p1: FeynaMist|move: Light Screen\n|move|p2a: Diancie|Substitute|p2a: Diancie\n|-start|p2a: Diancie|Substitute\n|-damage|p2a: Diancie|76\/100\n|\n|upkeep\n|turn|2\n|\n|t:|1699915965\n|move|p1a: Grimmsnarl|Reflect|p1a: Grimmsnarl\n|-sidestart|p1: FeynaMist|Reflect\n|move|p2a: Diancie|Calm Mind|p2a: Diancie\n|-boost|p2a: Diancie|spa|1\n|-boost|p2a: Diancie|spd|1\n|\n|upkeep\n|turn|3\n|\n|t:|1699915970\n|move|p1a: Grimmsnarl|Taunt|p2a: Diancie\n|move|p2a: Diancie|Taunt|p1a: Grimmsnarl|[from]ability: Magic Bounce\n|-start|p1a: Grimmsnarl|move: Taunt\n|move|p2a: Diancie|Calm Mind|p2a: Diancie\n|-boost|p2a: Diancie|spa|1\n|-boost|p2a: Diancie|spd|1\n|\n|upkeep\n|turn|4\n|\n|t:|1699915983\n|switch|p1a: Urshifu|Urshifu-Rapid-Strike, M|100\/100\n|move|p2a: Diancie|Calm Mind|p2a: Diancie\n|-boost|p2a: Diancie|spa|1\n|-boost|p2a: Diancie|spd|1\n|\n|upkeep\n|turn|5\n|\n|t:|1699916008\n|-terastallize|p1a: Urshifu|Water\n|move|p2a: Diancie|Moonblast|p1a: Urshifu\n|-damage|p1a: Urshifu|0 fnt\n|faint|p1a: Urshifu\n|\n|upkeep\n|\n|t:|1699916017\n|switch|p1a: Scizor|Scizor, M, shiny|100\/100\n|turn|6\n|\n|t:|1699916023\n|detailschange|p1a: Scizor|Scizor-Mega, M, shiny\n|-mega|p1a: Scizor|Scizor|Scizorite\n|move|p1a: Scizor|Bullet Punch|p2a: Diancie\n|-supereffective|p2a: Diancie\n|-end|p2a: Diancie|Substitute\n|move|p2a: Diancie|Diamond Storm|p1a: Scizor\n|-damage|p1a: Scizor|85\/100\n|-boost|p2a: Diancie|def|2\n|\n|upkeep\n|turn|7\n|inactive|krich2nd has 270 seconds left.\n|\n|t:|1699916055\n|switch|p2a: Gliscor|Gliscor, M|100\/100\n|move|p1a: Scizor|Bullet Punch|p2a: Gliscor\n|-damage|p2a: Gliscor|81\/100\n|\n|-status|p2a: Gliscor|tox|[from] item: Toxic Orb\n|upkeep\n|turn|8\n|inactive|krich2nd has 270 seconds left.\n|\n|t:|1699916067\n|move|p2a: Gliscor|Substitute|p2a: Gliscor\n|-start|p2a: Gliscor|Substitute\n|-damage|p2a: Gliscor|56\/100 tox\n|move|p1a: Scizor|U-turn|p2a: Gliscor\n|-resisted|p2a: Gliscor\n|-activate|p2a: Gliscor|move: Substitute|[damage]\n|\n|t:|1699916092\n|switch|p1a: Ursaluna|Ursaluna-Bloodmoon, M|100\/100|[from] U-turn\n|\n|-heal|p2a: Gliscor|69\/100 tox|[from] ability: Poison Heal\n|-sideend|p1: FeynaMist|move: Light Screen\n|upkeep\n|turn|9\n|\n|t:|1699916100\n|move|p2a: Gliscor|Toxic|p1a: Ursaluna\n|-status|p1a: Ursaluna|tox\n|move|p1a: Ursaluna|Calm Mind|p1a: Ursaluna\n|-boost|p1a: Ursaluna|spa|1\n|-boost|p1a: Ursaluna|spd|1\n|\n|-heal|p2a: Gliscor|81\/100 tox|[from] ability: Poison Heal\n|-damage|p1a: Ursaluna|95\/100 tox|[from] psn\n|-sideend|p1: FeynaMist|Reflect\n|upkeep\n|turn|10\n|\n|t:|1699916112\n|move|p2a: Gliscor|Earthquake|p1a: Ursaluna\n|-damage|p1a: Ursaluna|67\/100 tox\n|move|p1a: Ursaluna|Blood Moon|p2a: Gliscor\n|-end|p2a: Gliscor|Substitute\n|\n|-heal|p1a: Ursaluna|73\/100 tox|[from] item: Leftovers\n|-heal|p2a: Gliscor|93\/100 tox|[from] ability: Poison Heal\n|-damage|p1a: Ursaluna|61\/100 tox|[from] psn\n|upkeep\n|turn|11\n|\n|t:|1699916126\n|move|p2a: Gliscor|Substitute|p2a: Gliscor\n|-start|p2a: Gliscor|Substitute\n|-damage|p2a: Gliscor|69\/100 tox\n|move|p1a: Ursaluna|Moonlight|p1a: Ursaluna\n|-heal|p1a: Ursaluna|100\/100 tox\n|\n|-heal|p2a: Gliscor|81\/100 tox|[from] ability: Poison Heal\n|-damage|p1a: Ursaluna|83\/100 tox|[from] psn\n|upkeep\n|turn|12\n|\n|t:|1699916150\n|switch|p1a: Articuno|Articuno-Galar, shiny|100\/100\n|move|p2a: Gliscor|Earthquake|p1a: Articuno\n|-immune|p1a: Articuno\n|\n|-heal|p2a: Gliscor|93\/100 tox|[from] ability: Poison Heal\n|upkeep\n|turn|13\n|\n|t:|1699916162\n|-terastallize|p2a: Gliscor|Water\n|move|p1a: Articuno|Calm Mind|p1a: Articuno\n|-boost|p1a: Articuno|spa|1\n|-boost|p1a: Articuno|spd|1\n|move|p2a: Gliscor|Toxic|p1a: Articuno\n|-status|p1a: Articuno|tox\n|\n|-damage|p1a: Articuno|94\/100 tox|[from] psn\n|-heal|p2a: Gliscor|100\/100 tox|[from] ability: Poison Heal\n|upkeep\n|turn|14\n|\n|t:|1699916172\n|move|p1a: Articuno|Agility|p1a: Articuno\n|-boost|p1a: Articuno|spe|2\n|move|p2a: Gliscor|Substitute|p2a: Gliscor\n|-fail|p2a: Gliscor|move: Substitute\n|\n|-damage|p1a: Articuno|82\/100 tox|[from] psn\n|upkeep\n|turn|15\n|\n|t:|1699916182\n|move|p2a: Gliscor|Protect|p2a: Gliscor\n|-singleturn|p2a: Gliscor|Protect\n|move|p1a: Articuno|Calm Mind|p1a: Articuno\n|-boost|p1a: Articuno|spa|1\n|-boost|p1a: Articuno|spd|1\n|\n|-damage|p1a: Articuno|63\/100 tox|[from] psn\n|upkeep\n|turn|16\n|\n|t:|1699916190\n|move|p1a: Articuno|Stored Power|p2a: Gliscor\n|-end|p2a: Gliscor|Substitute\n|move|p2a: Gliscor|Substitute|p2a: Gliscor\n|-start|p2a: Gliscor|Substitute\n|-damage|p2a: Gliscor|76\/100 tox\n|\n|-damage|p1a: Articuno|38\/100 tox|[from] psn\n|-heal|p2a: Gliscor|88\/100 tox|[from] ability: Poison Heal\n|upkeep\n|turn|17\n|\n|t:|1699916208\n|switch|p1a: Grimmsnarl|Grimmsnarl, M, shiny|100\/100\n|move|p2a: Gliscor|Protect||[still]\n|-fail|p2a: Gliscor\n|\n|-heal|p2a: Gliscor|100\/100 tox|[from] ability: Poison Heal\n|upkeep\n|turn|18\n|\n|t:|1699916215\n|move|p1a: Grimmsnarl|Taunt|p2a: Gliscor\n|-start|p2a: Gliscor|move: Taunt\n|cant|p2a: Gliscor|move: Taunt|Toxic\n|\n|upkeep\n|turn|19\n|\n|t:|1699916218\n|move|p2a: Gliscor|Earthquake|p1a: Grimmsnarl\n|-damage|p1a: Grimmsnarl|61\/100\n|move|p1a: Grimmsnarl|Darkest Lariat|p2a: Gliscor\n|-activate|p2a: Gliscor|move: Substitute|[damage]\n|\n|upkeep\n|turn|20\n|\n|t:|1699916225\n|move|p2a: Gliscor|Earthquake|p1a: Grimmsnarl\n|-damage|p1a: Grimmsnarl|19\/100\n|move|p1a: Grimmsnarl|Darkest Lariat|p2a: Gliscor\n|-end|p2a: Gliscor|Substitute\n|\n|-end|p2a: Gliscor|move: Taunt\n|upkeep\n|turn|21\n|\n|t:|1699916241\n|move|p1a: Grimmsnarl|Taunt|p2a: Gliscor\n|-start|p2a: Gliscor|move: Taunt\n|cant|p2a: Gliscor|move: Taunt|Substitute\n|\n|upkeep\n|turn|22\n|\n|t:|1699916248\n|move|p2a: Gliscor|Earthquake|p1a: Grimmsnarl\n|-damage|p1a: Grimmsnarl|0 fnt\n|faint|p1a: Grimmsnarl\n|\n|upkeep\n|\n|t:|1699916268\n|switch|p1a: Ursaluna|Ursaluna-Bloodmoon, M|83\/100 tox\n|turn|23\n|\n|t:|1699916278\n|move|p2a: Gliscor|Earthquake|p1a: Ursaluna\n|-damage|p1a: Ursaluna|56\/100 tox\n|move|p1a: Ursaluna|Blood Moon|p2a: Gliscor\n|-damage|p2a: Gliscor|6\/100 tox\n|\n|-heal|p1a: Ursaluna|62\/100 tox|[from] item: Leftovers\n|-heal|p2a: Gliscor|18\/100 tox|[from] ability: Poison Heal\n|-damage|p1a: Ursaluna|56\/100 tox|[from] psn\n|-end|p2a: Gliscor|move: Taunt\n|upkeep\n|turn|24\n|\n|t:|1699916293\n|move|p2a: Gliscor|Protect|p2a: Gliscor\n|-singleturn|p2a: Gliscor|Protect\n|move|p1a: Ursaluna|Moonlight|p1a: Ursaluna\n|-heal|p1a: Ursaluna|100\/100 tox\n|\n|-heal|p2a: Gliscor|30\/100 tox|[from] ability: Poison Heal\n|-damage|p1a: Ursaluna|89\/100 tox|[from] psn\n|upkeep\n|turn|25\n|\n|t:|1699916303\n|move|p2a: Gliscor|Substitute|p2a: Gliscor\n|-start|p2a: Gliscor|Substitute\n|-damage|p2a: Gliscor|6\/100 tox\n|move|p1a: Ursaluna|Blood Moon|p2a: Gliscor\n|-end|p2a: Gliscor|Substitute\n|\n|-heal|p1a: Ursaluna|95\/100 tox|[from] item: Leftovers\n|-heal|p2a: Gliscor|18\/100 tox|[from] ability: Poison Heal\n|-damage|p1a: Ursaluna|77\/100 tox|[from] psn\n|upkeep\n|turn|26\n|\n|t:|1699916314\n|move|p2a: Gliscor|Protect|p2a: Gliscor\n|-singleturn|p2a: Gliscor|Protect\n|move|p1a: Ursaluna|Earth Power|p2a: Gliscor\n|-activate|p2a: Gliscor|move: Protect\n|\n|-heal|p1a: Ursaluna|83\/100 tox|[from] item: Leftovers\n|-heal|p2a: Gliscor|30\/100 tox|[from] ability: Poison Heal\n|-damage|p1a: Ursaluna|59\/100 tox|[from] psn\n|upkeep\n|turn|27\n|\n|t:|1699916344\n|switch|p1a: Vigoroth|Vigoroth, M, shiny|100\/100\n|move|p2a: Gliscor|Substitute|p2a: Gliscor\n|-start|p2a: Gliscor|Substitute\n|-damage|p2a: Gliscor|6\/100 tox\n|\n|-heal|p2a: Gliscor|18\/100 tox|[from] ability: Poison Heal\n|upkeep\n|turn|28\n|\n|t:|1699916353\n|move|p1a: Vigoroth|Body Slam|p2a: Gliscor\n|-crit|p2a: Gliscor\n|-activate|p2a: Gliscor|move: Substitute|[damage]\n|move|p2a: Gliscor|Toxic|p1a: Vigoroth\n|-status|p1a: Vigoroth|tox\n|\n|-damage|p1a: Vigoroth|94\/100 tox|[from] psn\n|-heal|p2a: Gliscor|30\/100 tox|[from] ability: Poison Heal\n|upkeep\n|turn|29\n|\n|t:|1699916362\n|move|p2a: Gliscor|Protect|p2a: Gliscor\n|-singleturn|p2a: Gliscor|Protect\n|move|p1a: Vigoroth|Body Slam|p2a: Gliscor\n|-activate|p2a: Gliscor|move: Protect\n|\n|-damage|p1a: Vigoroth|82\/100 tox|[from] psn\n|-heal|p2a: Gliscor|43\/100 tox|[from] ability: Poison Heal\n|upkeep\n|turn|30\n|\n|t:|1699916371\n|move|p1a: Vigoroth|Body Slam|p2a: Gliscor\n|-end|p2a: Gliscor|Substitute\n|move|p2a: Gliscor|Earthquake|p1a: Vigoroth\n|-damage|p1a: Vigoroth|58\/100 tox\n|\n|-damage|p1a: Vigoroth|40\/100 tox|[from] psn\n|-heal|p2a: Gliscor|55\/100 tox|[from] ability: Poison Heal\n|upkeep\n|turn|31\n|\n|t:|1699916386\n|switch|p1a: Scizor|Scizor-Mega, M, shiny|85\/100\n|move|p2a: Gliscor|Substitute|p2a: Gliscor\n|-start|p2a: Gliscor|Substitute\n|-damage|p2a: Gliscor|30\/100 tox\n|\n|-heal|p2a: Gliscor|43\/100 tox|[from] ability: Poison Heal\n|upkeep\n|turn|32\n|\n|t:|1699916395\n|move|p2a: Gliscor|Protect|p2a: Gliscor\n|-singleturn|p2a: Gliscor|Protect\n|move|p1a: Scizor|Swords Dance|p1a: Scizor\n|-boost|p1a: Scizor|atk|2\n|\n|-heal|p2a: Gliscor|55\/100 tox|[from] ability: Poison Heal\n|upkeep\n|turn|33\n|\n|t:|1699916404\n|move|p1a: Scizor|Bullet Punch|p2a: Gliscor\n|-resisted|p2a: Gliscor\n|-crit|p2a: Gliscor\n|-end|p2a: Gliscor|Substitute\n|move|p2a: Gliscor|Earthquake|p1a: Scizor\n|-damage|p1a: Scizor|63\/100\n|\n|-heal|p2a: Gliscor|68\/100 tox|[from] ability: Poison Heal\n|upkeep\n|turn|34\n|\n|t:|1699916413\n|move|p1a: Scizor|Bullet Punch|p2a: Gliscor\n|-resisted|p2a: Gliscor\n|-damage|p2a: Gliscor|50\/100 tox\n|move|p2a: Gliscor|Earthquake|p1a: Scizor\n|-damage|p1a: Scizor|42\/100\n|\n|-heal|p2a: Gliscor|62\/100 tox|[from] ability: Poison Heal\n|upkeep\n|turn|35\n|\n|t:|1699916421\n|move|p2a: Gliscor|Earthquake|p1a: Scizor\n|-damage|p1a: Scizor|21\/100\n|move|p1a: Scizor|U-turn|p2a: Gliscor\n|-damage|p2a: Gliscor|21\/100 tox\n|\n|t:|1699916430\n|switch|p1a: Articuno|Articuno-Galar, shiny|38\/100 tox|[from] U-turn\n|\n|-damage|p1a: Articuno|32\/100 tox|[from] psn\n|-heal|p2a: Gliscor|33\/100 tox|[from] ability: Poison Heal\n|upkeep\n|turn|36\n|\n|t:|1699916441\n|move|p2a: Gliscor|Protect|p2a: Gliscor\n|-singleturn|p2a: Gliscor|Protect\n|move|p1a: Articuno|Tera Blast|p2a: Gliscor\n|-activate|p2a: Gliscor|move: Protect\n|\n|-damage|p1a: Articuno|20\/100 tox|[from] psn\n|-heal|p2a: Gliscor|45\/100 tox|[from] ability: Poison Heal\n|upkeep\n|turn|37\n|\n|t:|1699916450\n|move|p1a: Articuno|Tera Blast|p2a: Gliscor\n|-damage|p2a: Gliscor|11\/100 tox\n|move|p2a: Gliscor|Substitute|p2a: Gliscor\n|-fail|p2a: Gliscor|move: Substitute|[weak]\n|\n|-damage|p1a: Articuno|1\/100 tox|[from] psn\n|-heal|p2a: Gliscor|23\/100 tox|[from] ability: Poison Heal\n|upkeep\n|turn|38\n|\n|t:|1699916457\n|move|p2a: Gliscor|Protect|p2a: Gliscor\n|-singleturn|p2a: Gliscor|Protect\n|move|p1a: Articuno|Tera Blast|p2a: Gliscor\n|-activate|p2a: Gliscor|move: Protect\n|\n|-damage|p1a: Articuno|0 fnt|[from] psn\n|faint|p1a: Articuno\n|-heal|p2a: Gliscor|36\/100 tox|[from] ability: Poison Heal\n|upkeep\n|\n|t:|1699916476\n|switch|p1a: Scizor|Scizor-Mega, M, shiny|21\/100\n|turn|39\n|\n|t:|1699916480\n|move|p2a: Gliscor|Earthquake|p1a: Scizor\n|-damage|p1a: Scizor|1\/100\n|move|p1a: Scizor|U-turn|p2a: Gliscor\n|-damage|p2a: Gliscor|16\/100 tox\n|\n|t:|1699916487\n|switch|p1a: Ursaluna|Ursaluna-Bloodmoon, M|59\/100 tox|[from] U-turn\n|\n|-heal|p1a: Ursaluna|65\/100 tox|[from] item: Leftovers\n|-heal|p2a: Gliscor|28\/100 tox|[from] ability: Poison Heal\n|-damage|p1a: Ursaluna|59\/100 tox|[from] psn\n|upkeep\n|turn|40\n|\n|t:|1699916495\n|move|p2a: Gliscor|Protect|p2a: Gliscor\n|-singleturn|p2a: Gliscor|Protect\n|move|p1a: Ursaluna|Moonlight|p1a: Ursaluna\n|-heal|p1a: Ursaluna|100\/100 tox\n|\n|-heal|p2a: Gliscor|41\/100 tox|[from] ability: Poison Heal\n|-damage|p1a: Ursaluna|89\/100 tox|[from] psn\n|upkeep\n|turn|41\n|\n|t:|1699916506\n|move|p2a: Gliscor|Substitute|p2a: Gliscor\n|-start|p2a: Gliscor|Substitute\n|-damage|p2a: Gliscor|16\/100 tox\n|move|p1a: Ursaluna|Calm Mind|p1a: Ursaluna\n|-boost|p1a: Ursaluna|spa|1\n|-boost|p1a: Ursaluna|spd|1\n|\n|-heal|p1a: Ursaluna|95\/100 tox|[from] item: Leftovers\n|-heal|p2a: Gliscor|28\/100 tox|[from] ability: Poison Heal\n|-damage|p1a: Ursaluna|77\/100 tox|[from] psn\n|upkeep\n|turn|42\n|\n|t:|1699916515\n|move|p2a: Gliscor|Protect|p2a: Gliscor\n|-singleturn|p2a: Gliscor|Protect\n|move|p1a: Ursaluna|Earth Power|p2a: Gliscor\n|-activate|p2a: Gliscor|move: Protect\n|\n|-heal|p1a: Ursaluna|83\/100 tox|[from] item: Leftovers\n|-heal|p2a: Gliscor|41\/100 tox|[from] ability: Poison Heal\n|-damage|p1a: Ursaluna|59\/100 tox|[from] psn\n|upkeep\n|turn|43\n|\n|t:|1699916524\n|move|p2a: Gliscor|Earthquake|p1a: Ursaluna\n|-damage|p1a: Ursaluna|33\/100 tox\n|move|p1a: Ursaluna|Blood Moon|p2a: Gliscor\n|-end|p2a: Gliscor|Substitute\n|\n|-heal|p1a: Ursaluna|39\/100 tox|[from] item: Leftovers\n|-heal|p2a: Gliscor|53\/100 tox|[from] ability: Poison Heal\n|-damage|p1a: Ursaluna|9\/100 tox|[from] psn\n|upkeep\n|turn|44\n|\n|t:|1699916539\n|move|p2a: Gliscor|Earthquake|p1a: Ursaluna\n|-damage|p1a: Ursaluna|0 fnt\n|faint|p1a: Ursaluna\n|\n|-heal|p2a: Gliscor|66\/100 tox|[from] ability: Poison Heal\n|upkeep\n|\n|t:|1699916545\n|switch|p1a: Vigoroth|Vigoroth, M, shiny|40\/100 tox\n|turn|45\n|\n|t:|1699916550\n|move|p1a: Vigoroth|Thunder Punch|p2a: Gliscor\n|-supereffective|p2a: Gliscor\n|-damage|p2a: Gliscor|49\/100 tox\n|move|p2a: Gliscor|Earthquake|p1a: Vigoroth\n|-damage|p1a: Vigoroth|16\/100 tox\n|\n|-damage|p1a: Vigoroth|10\/100 tox|[from] psn\n|-heal|p2a: Gliscor|61\/100 tox|[from] ability: Poison Heal\n|upkeep\n|turn|46\n|\n|t:|1699916561\n|move|p2a: Gliscor|Protect|p2a: Gliscor\n|-singleturn|p2a: Gliscor|Protect\n|move|p1a: Vigoroth|Slack Off|p1a: Vigoroth\n|-heal|p1a: Vigoroth|60\/100 tox\n|\n|-damage|p1a: Vigoroth|48\/100 tox|[from] psn\n|-heal|p2a: Gliscor|74\/100 tox|[from] ability: Poison Heal\n|upkeep\n|turn|47\n|\n|t:|1699916569\n|move|p1a: Vigoroth|Thunder Punch|p2a: Gliscor\n|-supereffective|p2a: Gliscor\n|-damage|p2a: Gliscor|55\/100 tox\n|move|p2a: Gliscor|Substitute|p2a: Gliscor\n|-start|p2a: Gliscor|Substitute\n|-damage|p2a: Gliscor|30\/100 tox\n|\n|-damage|p1a: Vigoroth|30\/100 tox|[from] psn\n|-heal|p2a: Gliscor|43\/100 tox|[from] ability: Poison Heal\n|upkeep\n|turn|48\n|\n|t:|1699916579\n|move|p1a: Vigoroth|Thunder Punch|p2a: Gliscor\n|-supereffective|p2a: Gliscor\n|-activate|p2a: Gliscor|move: Substitute|[damage]\n|move|p2a: Gliscor|Earthquake|p1a: Vigoroth\n|-damage|p1a: Vigoroth|4\/100 tox\n|\n|-damage|p1a: Vigoroth|0 fnt|[from] psn\n|faint|p1a: Vigoroth\n|-heal|p2a: Gliscor|55\/100 tox|[from] ability: Poison Heal\n|upkeep\n|\n|t:|1699916589\n|switch|p1a: Scizor|Scizor-Mega, M, shiny|1\/100\n|turn|49\n|\n|t:|1699916593\n|move|p2a: Gliscor|Earthquake|p1a: Scizor\n|-damage|p1a: Scizor|0 fnt\n|faint|p1a: Scizor\n|\n|win|krich2nd\n","uploadtime":1699916602,"views":11,"p1id":"feynamist","p2id":"krich2nd","formatid":"gen9nationaldexubers","rating":0,"private":0,"password":""}