{"id":"gen9nationaldexubers-1981935438","p1":"Haircut Warrior","p2":"mynameispaimon","format":"[Gen 9] National Dex Ubers","log":"|j|\u2606Haircut Warrior\n|j|\u2606mynameispaimon\n|t:|1698953019\n|gametype|singles\n|player|p1|Haircut Warrior|lady-gen4|1155\n|player|p2|mynameispaimon|102|1154\n|teamsize|p1|6\n|teamsize|p2|6\n|gen|9\n|tier|[Gen 9] National Dex Ubers\n|rated|\n|rule|HP Percentage Mod: HP is shown in percentages\n|rule|Endless Battle Clause: Forcing endless battles is banned\n|rule|OHKO Clause: OHKO moves are banned\n|rule|Evasion Moves Clause: Evasion moves are banned\n|rule|Evasion Items Clause: Evasion items are banned\n|rule|Species Clause: Limit one of each Pok\u00e9mon\n|rule|Sleep Clause Mod: Limit one foe put to sleep\n|rule|Mega Rayquaza Clause: You cannot mega evolve Rayquaza\n|clearpoke\n|poke|p1|Dugtrio-Alola, F|\n|poke|p1|Meloetta|\n|poke|p1|Grimmsnarl, M|\n|poke|p1|Mawile, M|\n|poke|p1|Pheromosa|\n|poke|p1|Hatterene, F|\n|poke|p2|Mewtwo|\n|poke|p2|Eternatus|\n|poke|p2|Groudon|\n|poke|p2|Marshadow|\n|poke|p2|Kingambit, F|\n|poke|p2|Necrozma-Dawn-Wings|\n|teampreview\n|inactive|Battle timer is ON: inactive players will automatically lose when time's up. (requested by mynameispaimon)\n|inactive|Haircut Warrior also wants the timer to be on.\n|\n|t:|1698953036\n|start\n|switch|p1a: Grimmsnarl|Grimmsnarl, M|100\/100\n|switch|p2a: Eternatus|Eternatus|100\/100\n|-ability|p2a: Eternatus|Pressure\n|turn|1\n|\n|t:|1698953049\n|move|p1a: Grimmsnarl|Light Screen|p1a: Grimmsnarl\n|-sidestart|p1: Haircut Warrior|move: Light Screen\n|move|p2a: Eternatus|Sludge Bomb|p1a: Grimmsnarl\n|-supereffective|p1a: Grimmsnarl\n|-damage|p1a: Grimmsnarl|48\/100\n|-status|p1a: Grimmsnarl|psn\n|\n|-damage|p1a: Grimmsnarl|36\/100 psn|[from] psn\n|upkeep\n|turn|2\n|\n|t:|1698953061\n|move|p1a: Grimmsnarl|Taunt|p2a: Eternatus\n|-start|p2a: Eternatus|move: Taunt\n|move|p2a: Eternatus|Sludge Bomb|p1a: Grimmsnarl\n|-supereffective|p1a: Grimmsnarl\n|-damage|p1a: Grimmsnarl|0 fnt\n|faint|p1a: Grimmsnarl\n|\n|upkeep\n|\n|t:|1698953071\n|switch|p1a: Mawile|Mawile, M|100\/100\n|-ability|p1a: Mawile|Intimidate|boost\n|-unboost|p2a: Eternatus|atk|1\n|turn|3\n|\n|t:|1698953080\n|switch|p2a: Groudon|Groudon|100\/100\n|detailschange|p2a: Groudon|Groudon-Primal\n|-primal|p2a: Groudon|Red Orb\n|-weather|DesolateLand|[from] ability: Desolate Land|[of] p2a: Groudon\n|detailschange|p1a: Mawile|Mawile-Mega, M\n|-mega|p1a: Mawile|Mawile|Mawilite\n|move|p1a: Mawile|Play Rough|p2a: Groudon\n|-resisted|p2a: Groudon\n|-damage|p2a: Groudon|71\/100\n|\n|-weather|DesolateLand|[upkeep]\n|upkeep\n|turn|4\n|l|\u2606Haircut Warrior\n|inactive|Haircut Warrior disconnected and has a minute to reconnect!\n|player|p1|\n|j|\u2606Haircut Warrior\n|inactive|Haircut Warrior reconnected and has 130 seconds left.\n|player|p1|Haircut Warrior|lady-gen4\n|\n|t:|1698953108\n|move|p2a: Groudon|Heat Crash|p1a: Mawile\n|-supereffective|p1a: Mawile\n|-damage|p1a: Mawile|0 fnt\n|faint|p1a: Mawile\n|\n|-weather|DesolateLand|[upkeep]\n|upkeep\n|inactive|Haircut Warrior has 120 seconds left.\n|\n|t:|1698953121\n|switch|p1a: Dugtrio|Dugtrio-Alola, F|100\/100\n|turn|5\n|\n|t:|1698953129\n|move|p1a: Dugtrio|Earthquake|p2a: Groudon\n|-supereffective|p2a: Groudon\n|-damage|p2a: Groudon|13\/100\n|move|p2a: Groudon|Earthquake|p1a: Dugtrio\n|-supereffective|p1a: Dugtrio\n|-damage|p1a: Dugtrio|0 fnt\n|faint|p1a: Dugtrio\n|\n|-weather|DesolateLand|[upkeep]\n|upkeep\n|inactive|Haircut Warrior has 120 seconds left.\n|\n|t:|1698953141\n|switch|p1a: Hatterene|Hatterene, F|100\/100\n|turn|6\n|inactive|Haircut Warrior has 120 seconds left.\n|\n|t:|1698953157\n|move|p2a: Groudon|Heat Crash|p1a: Hatterene\n|-damage|p1a: Hatterene|0 fnt\n|faint|p1a: Hatterene\n|\n|-weather|DesolateLand|[upkeep]\n|upkeep\n|\n|t:|1698953164\n|switch|p1a: Meloetta|Meloetta|100\/100\n|turn|7\n|\n|t:|1698953179\n|move|p2a: Groudon|Heat Crash|p1a: Meloetta\n|-damage|p1a: Meloetta|0 fnt\n|faint|p1a: Meloetta\n|\n|-weather|DesolateLand|[upkeep]\n|upkeep\n|\n|t:|1698953184\n|switch|p1a: Pheromosa|Pheromosa|100\/100\n|turn|8\n|\n|t:|1698953189\n|move|p1a: Pheromosa|Blizzard|p2a: Groudon\n|-damage|p2a: Groudon|0 fnt\n|faint|p2a: Groudon\n|-weather|none\n|-ability|p1a: Pheromosa|Beast Boost|boost\n|-boost|p1a: Pheromosa|spa|1\n|\n|-sideend|p1: Haircut Warrior|move: Light Screen\n|upkeep\n|\n|t:|1698953196\n|switch|p2a: Mewtwo|Mewtwo|100\/100\n|-ability|p2a: Mewtwo|Pressure\n|turn|9\n|\n|t:|1698953203\n|detailschange|p2a: Mewtwo|Mewtwo-Mega-Y\n|-mega|p2a: Mewtwo|Mewtwo|Mewtwonite Y\n|move|p2a: Mewtwo|Flamethrower|p1a: Pheromosa\n|-supereffective|p1a: Pheromosa\n|-damage|p1a: Pheromosa|0 fnt\n|faint|p1a: Pheromosa\n|\n|win|mynameispaimon\n|raw|Haircut Warrior's rating: 1155 &rarr; <strong>1130<\/strong><br \/>(-25 for losing)\n|raw|mynameispaimon's rating: 1154 &rarr; <strong>1179<\/strong><br \/>(+25 for winning)\n","uploadtime":1698953213,"views":8,"p1id":"haircutwarrior","p2id":"mynameispaimon","formatid":"gen9nationaldexubers","rating":1130,"private":0,"password":""}