{"id":"gen9nationaldexubers-2000276386","p1":"legospooder","p2":"Destinum","format":"[Gen 9] National Dex Ubers","log":"|j|\u2606legospooder\n|j|\u2606Destinum\n|t:|1701180427\n|gametype|singles\n|player|p1|legospooder|grimsley|\n|player|p2|Destinum|colress|\n|teamsize|p1|6\n|teamsize|p2|6\n|gen|9\n|tier|[Gen 9] National Dex Ubers\n|rule|HP Percentage Mod: HP is shown in percentages\n|rule|Endless Battle Clause: Forcing endless battles is banned\n|rule|OHKO Clause: OHKO moves are banned\n|rule|Evasion Moves Clause: Evasion moves are banned\n|rule|Evasion Items Clause: Evasion items are banned\n|rule|Species Clause: Limit one of each Pok\u00e9mon\n|rule|Sleep Clause Mod: Limit one foe put to sleep\n|rule|Mega Rayquaza Clause: You cannot mega evolve Rayquaza\n|clearpoke\n|poke|p1|Kleavor, F|\n|poke|p1|Sharpedo, M|\n|poke|p1|Greninja-*, F|\n|poke|p1|Iron Treads|\n|poke|p1|Iron Valiant|\n|poke|p1|Tapu Koko|\n|poke|p2|Ninetales-Alola, F|\n|poke|p2|Darmanitan-Galar, M|\n|poke|p2|Cetitan, M|\n|poke|p2|Piloswine, M|\n|poke|p2|Articuno|\n|poke|p2|Kyurem|\n|teampreview\n|c|\u2606Destinum|Tera 'mon?\n|c|\u2606legospooder|valiant is electric\n|\n|t:|1701180469\n|start\n|switch|p1a: Skov|Kleavor, F|100\/100\n|switch|p2a: A Madafaking T-Rex|Kyurem|100\/100\n|-ability|p2a: A Madafaking T-Rex|Pressure\n|turn|1\n|\n|t:|1701180528\n|-terastallize|p2a: A Madafaking T-Rex|Dragon\n|move|p1a: Skov|Stone Axe|p2a: A Madafaking T-Rex\n|-damage|p2a: A Madafaking T-Rex|54\/100\n|-sidestart|p2: Destinum|move: Stealth Rock\n|move|p2a: A Madafaking T-Rex|Flash Cannon|p1a: Skov\n|-supereffective|p1a: Skov\n|-damage|p1a: Skov|0 fnt\n|faint|p1a: Skov\n|\n|upkeep\n|c|\u2606Destinum|Kleavor looking nice with an actual 3D model.\n|\n|t:|1701180559\n|switch|p1a: Brathwaite|Tapu Koko|100\/100\n|-fieldstart|move: Electric Terrain|[from] ability: Electric Surge|[of] p1a: Brathwaite\n|turn|2\n|\n|t:|1701180569\n|switch|p2a: Chris P. Bacon|Piloswine, M|100\/100\n|-damage|p2a: Chris P. Bacon|88\/100|[from] Stealth Rock\n|move|p1a: Brathwaite|Volt Switch|p2a: Chris P. Bacon\n|-immune|p2a: Chris P. Bacon\n|\n|upkeep\n|turn|3\n|c|\u2606legospooder|wouldnt know im playing with gen 5 models\n|\n|t:|1701180594\n|switch|p1a: Poulsen|Iron Treads|100\/100\n|-activate|p1a: Poulsen|ability: Quark Drive\n|-start|p1a: Poulsen|quarkdrivespe\n|move|p2a: Chris P. Bacon|Earthquake|p1a: Poulsen\n|-supereffective|p1a: Poulsen\n|-damage|p1a: Poulsen|38\/100\n|\n|upkeep\n|turn|4\n|\n|t:|1701180619\n|switch|p2a: The Godfeather|Articuno|100\/100\n|-ability|p2a: The Godfeather|Pressure\n|move|p1a: Poulsen|Steel Roller|p2a: The Godfeather\n|-supereffective|p2a: The Godfeather\n|-damage|p2a: The Godfeather|25\/100\n|-fieldend|move: Electric Terrain\n|-end|p1a: Poulsen|Quark Drive\n|\n|upkeep\n|turn|5\n|\n|t:|1701180630\n|move|p1a: Poulsen|Knock Off|p2a: The Godfeather\n|-damage|p2a: The Godfeather|6\/100\n|-enditem|p2a: The Godfeather|Heavy-Duty Boots|[from] move: Knock Off|[of] p1a: Poulsen\n|move|p2a: The Godfeather|Roost|p2a: The Godfeather\n|-heal|p2a: The Godfeather|56\/100\n|-singleturn|p2a: The Godfeather|move: Roost\n|\n|upkeep\n|turn|6\n|\n|t:|1701180649\n|-end|p1a: Poulsen|Quark Drive|[silent]\n|switch|p1a: Brathwaite|Tapu Koko|100\/100\n|-fieldstart|move: Electric Terrain|[from] ability: Electric Surge|[of] p1a: Brathwaite\n|move|p2a: The Godfeather|Defog|p1a: Brathwaite\n|-unboost|p1a: Brathwaite|evasion|1\n|-sideend|p2: Destinum|Stealth Rock|[from] move: Defog|[of] p2a: The Godfeather\n|-fieldend|move: Electric Terrain\n|\n|upkeep\n|turn|7\n|\n|t:|1701180677\n|switch|p1a: H\u00f8jlund|Sharpedo, M|100\/100\n|switch|p2a: Chris P. Bacon|Piloswine, M|88\/100\n|\n|upkeep\n|turn|8\n|\n|t:|1701180687\n|switch|p2a: Let It Go|Ninetales-Alola, F|100\/100\n|-weather|Snow|[from] ability: Snow Warning|[of] p2a: Let It Go\n|move|p1a: H\u00f8jlund|Protect||[still]\n|-fail|p1a: H\u00f8jlund\n|\n|-weather|Snow|[upkeep]\n|-ability|p1a: H\u00f8jlund|Speed Boost|boost\n|-boost|p1a: H\u00f8jlund|spe|1\n|upkeep\n|turn|9\n|c|\u2606Destinum|Steel Roller on Iron Treads is fire btw.\n|\n|t:|1701180717\n|move|p1a: H\u00f8jlund|Psychic Fangs|p2a: Let It Go\n|-damage|p2a: Let It Go|69\/100\n|move|p2a: Let It Go|Moonblast|p1a: H\u00f8jlund\n|-supereffective|p1a: H\u00f8jlund\n|-damage|p1a: H\u00f8jlund|0 fnt\n|faint|p1a: H\u00f8jlund\n|\n|-weather|Snow|[upkeep]\n|upkeep\n|c|\u2606legospooder|ik\n|c|\u2606legospooder|im dumb asf tbh\n|\n|t:|1701180742\n|switch|p1a: Brathwaite|Tapu Koko|100\/100\n|-fieldstart|move: Electric Terrain|[from] ability: Electric Surge|[of] p1a: Brathwaite\n|turn|10\n|c|\u2606legospooder|forgor sharpedo does no dmg in its normal form\n|c|\u2606Destinum|It do be like that.\n|\n|t:|1701180783\n|move|p1a: Brathwaite|Thunderbolt|p2a: Let It Go\n|-damage|p2a: Let It Go|7\/100\n|move|p2a: Let It Go|Aurora Veil|p2a: Let It Go\n|-sidestart|p2: Destinum|move: Aurora Veil\n|\n|-weather|Snow|[upkeep]\n|upkeep\n|turn|11\n|\n|t:|1701180790\n|switch|p2a: Chris P. Bacon|Piloswine, M|88\/100\n|move|p1a: Brathwaite|Dazzling Gleam|p2a: Chris P. Bacon\n|-damage|p2a: Chris P. Bacon|79\/100\n|\n|-weather|Snow|[upkeep]\n|upkeep\n|turn|12\n|\n|t:|1701180811\n|move|p1a: Brathwaite|Nature's Madness|p2a: Chris P. Bacon\n|-damage|p2a: Chris P. Bacon|40\/100\n|move|p2a: Chris P. Bacon|Stealth Rock|p1a: Brathwaite\n|-sidestart|p1: legospooder|move: Stealth Rock\n|\n|-weather|none\n|upkeep\n|turn|13\n|c|\u2606legospooder|it do be like that\n|\n|t:|1701180824\n|move|p1a: Brathwaite|Nature's Madness|p2a: Chris P. Bacon\n|-damage|p2a: Chris P. Bacon|20\/100\n|move|p2a: Chris P. Bacon|Earthquake|p1a: Brathwaite\n|-supereffective|p1a: Brathwaite\n|-damage|p1a: Brathwaite|0 fnt\n|faint|p1a: Brathwaite\n|\n|upkeep\n|\n|t:|1701180837\n|switch|p1a: Daramy|Greninja, F|100\/100\n|-damage|p1a: Daramy|88\/100|[from] Stealth Rock\n|turn|14\n|\n|t:|1701180849\n|switch|p2a: A Madafaking T-Rex|Kyurem, tera:Dragon|54\/100\n|-ability|p2a: A Madafaking T-Rex|Pressure\n|move|p1a: Daramy|Hydro Pump|p2a: A Madafaking T-Rex\n|-start|p1a: Daramy|typechange|Water|[from] ability: Protean\n|-resisted|p2a: A Madafaking T-Rex\n|-damage|p2a: A Madafaking T-Rex|37\/100\n|\n|-fieldend|move: Electric Terrain\n|upkeep\n|turn|15\n|\n|t:|1701180859\n|switch|p1a: Poulsen|Iron Treads|38\/100\n|-damage|p1a: Poulsen|35\/100|[from] Stealth Rock\n|move|p2a: A Madafaking T-Rex|Freeze-Dry|p1a: Poulsen\n|-damage|p1a: Poulsen|0 fnt\n|faint|p1a: Poulsen\n|-end|p1a: Poulsen|Quark Drive|[silent]\n|\n|upkeep\n|\n|t:|1701180873\n|switch|p1a: Daramy|Greninja, F|88\/100\n|-damage|p1a: Daramy|76\/100|[from] Stealth Rock\n|turn|16\n|\n|t:|1701180884\n|move|p1a: Daramy|Ice Beam|p2a: A Madafaking T-Rex\n|-start|p1a: Daramy|typechange|Ice|[from] ability: Protean\n|-supereffective|p2a: A Madafaking T-Rex\n|-damage|p2a: A Madafaking T-Rex|0 fnt\n|faint|p2a: A Madafaking T-Rex\n|\n|upkeep\n|\n|t:|1701180898\n|switch|p2a: I Choose Violence|Darmanitan-Galar, M|100\/100\n|turn|17\n|\n|t:|1701180904\n|move|p2a: I Choose Violence|Flare Blitz|p1a: Daramy\n|-supereffective|p1a: Daramy\n|-crit|p1a: Daramy\n|-damage|p1a: Daramy|0 fnt\n|faint|p1a: Daramy\n|-damage|p2a: I Choose Violence|80\/100|[from] Recoil\n|\n|-sideend|p2: Destinum|move: Aurora Veil\n|upkeep\n|\n|t:|1701180911\n|switch|p1a: Wind|Iron Valiant|100\/100\n|-damage|p1a: Wind|94\/100|[from] Stealth Rock\n|turn|18\n|\n|t:|1701180926\n|-terastallize|p1a: Wind|Electric\n|move|p2a: I Choose Violence|Flare Blitz|p1a: Wind\n|-damage|p1a: Wind|11\/100\n|-damage|p2a: I Choose Violence|57\/100|[from] Recoil\n|move|p1a: Wind|Focus Blast|p2a: I Choose Violence|[miss]\n|-miss|p1a: Wind|p2a: I Choose Violence\n|\n|upkeep\n|turn|19\n|c|\u2606Destinum|gg\n|c|\u2606legospooder|gg\n|\n|t:|1701180937\n|move|p2a: I Choose Violence|Flare Blitz|p1a: Wind\n|-damage|p1a: Wind|0 fnt\n|faint|p1a: Wind\n|-end|p1a: Wind|Quark Drive|[silent]\n|-damage|p2a: I Choose Violence|55\/100|[from] Recoil\n|\n|win|Destinum\n|l|\u2606legospooder\n","uploadtime":1701180943,"views":2,"p1id":"legospooder","p2id":"destinum","formatid":"gen9nationaldexubers","rating":0,"private":0,"password":""}