{"id":"gen9nationaldexubers-2000158352","p1":"James is suipid","p2":"MaudileenaDaisyPie","format":"[Gen 9] National Dex Ubers","log":"|j|\u2606James is suipid\n|j|\u2606MaudileenaDaisyPie\n|t:|1701164846\n|gametype|singles\n|player|p1|James is suipid|unknown|1356\n|player|p2|MaudileenaDaisyPie|wicke|1376\n|teamsize|p1|6\n|teamsize|p2|6\n|gen|9\n|tier|[Gen 9] National Dex Ubers\n|rated|\n|rule|HP Percentage Mod: HP is shown in percentages\n|rule|Endless Battle Clause: Forcing endless battles is banned\n|rule|OHKO Clause: OHKO moves are banned\n|rule|Evasion Moves Clause: Evasion moves are banned\n|rule|Evasion Items Clause: Evasion items are banned\n|rule|Species Clause: Limit one of each Pok\u00e9mon\n|rule|Sleep Clause Mod: Limit one foe put to sleep\n|rule|Mega Rayquaza Clause: You cannot mega evolve Rayquaza\n|clearpoke\n|poke|p1|Kyogre|\n|poke|p1|Darmanitan-Galar, M|\n|poke|p1|Mawile, M|\n|poke|p1|Deoxys-Speed|\n|poke|p1|Groudon|\n|poke|p1|Melmetal|\n|poke|p2|Smeargle, M|\n|poke|p2|Lucario, M|\n|poke|p2|Xerneas-*|\n|poke|p2|Chi-Yu|\n|poke|p2|Arceus-Ground|\n|poke|p2|Groudon|\n|teampreview\n|\n|t:|1701164854\n|start\n|switch|p1a: Deoxys|Deoxys-Speed|100\/100\n|switch|p2a: asshole|Smeargle, M|100\/100\n|-ability|p1a: Deoxys|Pressure\n|turn|1\n|inactive|Battle timer is ON: inactive players will automatically lose when time's up. (requested by MaudileenaDaisyPie)\n|c|\u2606James is suipid|smeargle is indeed an asshole\n|\n|t:|1701164876\n|move|p2a: asshole|Magic Coat|p2a: asshole\n|-singleturn|p2a: asshole|move: Magic Coat\n|move|p1a: Deoxys|Extreme Speed|p2a: asshole\n|-damage|p2a: asshole|50\/100\n|\n|-ability|p2a: asshole|Moody|boost\n|-boost|p2a: asshole|def|2\n|-unboost|p2a: asshole|spd|1\n|upkeep\n|turn|2\n|\n|t:|1701164883\n|move|p1a: Deoxys|Extreme Speed|p2a: asshole\n|-damage|p2a: asshole|22\/100\n|move|p2a: asshole|Sticky Web|p1a: Deoxys\n|-sidestart|p1: James is suipid|move: Sticky Web\n|\n|-ability|p2a: asshole|Moody|boost\n|-boost|p2a: asshole|spa|2\n|-unboost|p2a: asshole|atk|1\n|upkeep\n|turn|3\n|\n|t:|1701164889\n|move|p1a: Deoxys|Extreme Speed|p2a: asshole\n|-damage|p2a: asshole|0 fnt\n|faint|p2a: asshole\n|\n|upkeep\n|\n|t:|1701164909\n|switch|p2a: Luka|Lucario, M|100\/100\n|turn|4\n|\n|t:|1701164916\n|detailschange|p2a: Luka|Lucario-Mega, M\n|-mega|p2a: Luka|Lucario|Lucarionite\n|move|p1a: Deoxys|Stealth Rock|p2a: Luka\n|-sidestart|p2: MaudileenaDaisyPie|move: Stealth Rock\n|move|p2a: Luka|Swords Dance|p2a: Luka\n|-boost|p2a: Luka|atk|2\n|\n|upkeep\n|turn|5\n|\n|t:|1701164927\n|move|p2a: Luka|Bullet Punch|p1a: Deoxys\n|-damage|p1a: Deoxys|3\/100\n|move|p1a: Deoxys|Spikes|p2a: Luka\n|-sidestart|p2: MaudileenaDaisyPie|Spikes\n|\n|upkeep\n|turn|6\n|\n|t:|1701164935\n|move|p1a: Deoxys|Extreme Speed|p2a: Luka\n|-resisted|p2a: Luka\n|-damage|p2a: Luka|86\/100\n|move|p2a: Luka|Bullet Punch|p1a: Deoxys\n|-damage|p1a: Deoxys|0 fnt\n|faint|p1a: Deoxys\n|\n|upkeep\n|\n|t:|1701164946\n|switch|p1a: Groudon|Groudon|100\/100\n|-activate|p1a: Groudon|move: Sticky Web\n|-unboost|p1a: Groudon|spe|1\n|detailschange|p1a: Groudon|Groudon-Primal\n|-primal|p1a: Groudon|Red Orb\n|-weather|DesolateLand|[from] ability: Desolate Land|[of] p1a: Groudon\n|turn|7\n|\n|t:|1701164949\n|move|p2a: Luka|Close Combat|p1a: Groudon\n|-damage|p1a: Groudon|0 fnt\n|-unboost|p2a: Luka|def|1\n|-unboost|p2a: Luka|spd|1\n|faint|p1a: Groudon\n|-weather|none\n|\n|upkeep\n|\n|t:|1701164956\n|switch|p1a: Darmanitan|Darmanitan-Galar, M|100\/100\n|-activate|p1a: Darmanitan|move: Sticky Web\n|-unboost|p1a: Darmanitan|spe|1\n|turn|8\n|\n|t:|1701164964\n|move|p2a: Luka|Bullet Punch|p1a: Darmanitan\n|-supereffective|p1a: Darmanitan\n|-damage|p1a: Darmanitan|0 fnt\n|faint|p1a: Darmanitan\n|\n|upkeep\n|j| cheese miestro\n|\n|t:|1701164970\n|switch|p1a: Mawile|Mawile, M|100\/100\n|-activate|p1a: Mawile|move: Sticky Web\n|-unboost|p1a: Mawile|spe|1\n|-ability|p1a: Mawile|Intimidate|boost\n|-unboost|p2a: Luka|atk|1\n|turn|9\n|l| cheese miestro\n|\n|t:|1701164976\n|detailschange|p1a: Mawile|Mawile-Mega, M\n|-mega|p1a: Mawile|Mawile|Mawilite\n|move|p2a: Luka|Close Combat|p1a: Mawile\n|-damage|p1a: Mawile|0 fnt\n|-unboost|p2a: Luka|def|1\n|-unboost|p2a: Luka|spd|1\n|faint|p1a: Mawile\n|\n|upkeep\n|\n|t:|1701164984\n|switch|p1a: Melmetal|Melmetal|100\/100\n|-activate|p1a: Melmetal|move: Sticky Web\n|-unboost|p1a: Melmetal|spe|1\n|turn|10\n|\n|t:|1701164989\n|move|p2a: Luka|Close Combat|p1a: Melmetal\n|-supereffective|p1a: Melmetal\n|-damage|p1a: Melmetal|0 fnt\n|-unboost|p2a: Luka|def|1\n|-unboost|p2a: Luka|spd|1\n|faint|p1a: Melmetal\n|\n|upkeep\n|\n|t:|1701164996\n|switch|p1a: Kyogre|Kyogre|100\/100\n|-activate|p1a: Kyogre|move: Sticky Web\n|-unboost|p1a: Kyogre|spe|1\n|detailschange|p1a: Kyogre|Kyogre-Primal\n|-primal|p1a: Kyogre|Blue Orb\n|-weather|PrimordialSea|[from] ability: Primordial Sea|[of] p1a: Kyogre\n|turn|11\n|\n|t:|1701165000\n|move|p2a: Luka|Close Combat|p1a: Kyogre\n|-damage|p1a: Kyogre|0 fnt\n|-unboost|p2a: Luka|def|1\n|-unboost|p2a: Luka|spd|1\n|faint|p1a: Kyogre\n|-weather|none\n|\n|win|MaudileenaDaisyPie\n|raw|James is suipid's rating: 1356 &rarr; <strong>1337<\/strong><br \/>(-19 for losing)\n|raw|MaudileenaDaisyPie's rating: 1376 &rarr; <strong>1395<\/strong><br \/>(+19 for winning)\n|l|\u2606James is suipid\n|c|\u2606MaudileenaDaisyPie|gg\n","uploadtime":1701165009,"views":2,"p1id":"jamesissuipid","p2id":"maudileenadaisypie","formatid":"gen9nationaldexubers","rating":1337,"private":0,"password":""}