{"id":"gen9nationaldexubers-1979873223","p1":"Yuinna.","p2":"ANinjaDude","format":"[Gen 9] National Dex Ubers","log":"|j|\u2606Yuinna.\n|j|\u2606ANinjaDude\n|t:|1698722661\n|gametype|singles\n|player|p1|Yuinna.|serena-masters|\n|player|p2|ANinjaDude|volkner|\n|teamsize|p1|6\n|teamsize|p2|6\n|gen|9\n|tier|[Gen 9] National Dex Ubers\n|rule|HP Percentage Mod: HP is shown in percentages\n|rule|Endless Battle Clause: Forcing endless battles is banned\n|rule|OHKO Clause: OHKO moves are banned\n|rule|Evasion Moves Clause: Evasion moves are banned\n|rule|Evasion Items Clause: Evasion items are banned\n|rule|Species Clause: Limit one of each Pok\u00e9mon\n|rule|Sleep Clause Mod: Limit one foe put to sleep\n|rule|Mega Rayquaza Clause: You cannot mega evolve Rayquaza\n|clearpoke\n|poke|p1|Slowking-Galar, F|\n|poke|p1|Ampharos, M|\n|poke|p1|Alomomola, F|\n|poke|p1|Ferrothorn, M|\n|poke|p1|Enamorus-Therian, F|\n|poke|p1|Glastrier|\n|poke|p2|Landorus-Therian, M|\n|poke|p2|Celesteela|\n|poke|p2|Thundurus-Therian, M|\n|poke|p2|Dragonite, F|\n|poke|p2|Rayquaza|\n|poke|p2|Scizor, F|\n|teampreview\n|inactive|Battle timer is ON: inactive players will automatically lose when time's up. (requested by ANinjaDude)\n|inactive|Yuinna. also wants the timer to be on.\n|c|\u2606ANinjaDude|glhf\n|c|\u2606ANinjaDude|interesting team you have\n|c|\u2606ANinjaDude|monoclaw-esque\n|c|\u2606Yuinna.|hf\n|\n|t:|1698722686\n|start\n|switch|p1a: Ferrothorn|Ferrothorn, M|100\/100\n|switch|p2a: Landorus|Landorus-Therian, M|100\/100\n|-ability|p2a: Landorus|Intimidate|boost\n|-unboost|p1a: Ferrothorn|atk|1\n|turn|1\n|\n|t:|1698722690\n|move|p2a: Landorus|Stealth Rock|p1a: Ferrothorn\n|-sidestart|p1: Yuinna.|move: Stealth Rock\n|move|p1a: Ferrothorn|Leech Seed|p2a: Landorus\n|-start|p2a: Landorus|move: Leech Seed\n|\n|-damage|p2a: Landorus|88\/100|[from] Leech Seed|[of] p1a: Ferrothorn\n|upkeep\n|turn|2\n|\n|t:|1698722694\n|move|p1a: Ferrothorn|Protect|p1a: Ferrothorn\n|-singleturn|p1a: Ferrothorn|Protect\n|move|p2a: Landorus|Knock Off|p1a: Ferrothorn\n|-activate|p1a: Ferrothorn|move: Protect\n|\n|-damage|p2a: Landorus|76\/100|[from] Leech Seed|[of] p1a: Ferrothorn\n|upkeep\n|turn|3\n|\n|t:|1698722705\n|move|p2a: Landorus|Knock Off|p1a: Ferrothorn\n|-damage|p1a: Ferrothorn|81\/100\n|-damage|p2a: Landorus|64\/100|[from] ability: Iron Barbs|[of] p1a: Ferrothorn\n|-enditem|p1a: Ferrothorn|Leftovers|[from] move: Knock Off|[of] p2a: Landorus\n|move|p1a: Ferrothorn|Gyro Ball|p2a: Landorus\n|-damage|p2a: Landorus|27\/100\n|\n|-damage|p2a: Landorus|15\/100|[from] Leech Seed|[of] p1a: Ferrothorn\n|-heal|p1a: Ferrothorn|92\/100|[silent]\n|upkeep\n|turn|4\n|\n|t:|1698722714\n|move|p1a: Ferrothorn|Protect|p1a: Ferrothorn\n|-singleturn|p1a: Ferrothorn|Protect\n|move|p2a: Landorus|Earthquake|p1a: Ferrothorn\n|-activate|p1a: Ferrothorn|move: Protect\n|\n|-damage|p2a: Landorus|3\/100|[from] Leech Seed|[of] p1a: Ferrothorn\n|-heal|p1a: Ferrothorn|100\/100|[silent]\n|upkeep\n|turn|5\n|\n|t:|1698722721\n|switch|p1a: Enamorus|Enamorus-Therian, F|100\/100\n|-damage|p1a: Enamorus|75\/100|[from] Stealth Rock\n|move|p2a: Landorus|Explosion|p1a: Enamorus\n|-damage|p1a: Enamorus|0 fnt\n|faint|p2a: Landorus\n|faint|p1a: Enamorus\n|\n|upkeep\n|c|\u2606Yuinna.|aw\n|c|\u2606ANinjaDude|you gotta ask yourself one question\n|c|\u2606ANinjaDude|do you feel lucky\n|\n|t:|1698722741\n|switch|p2a: Celesteela|Celesteela|100\/100\n|switch|p1a: Ferrothorn|Ferrothorn, M|100\/100\n|-damage|p1a: Ferrothorn|94\/100|[from] Stealth Rock\n|turn|6\n|\n|t:|1698722748\n|move|p2a: Celesteela|Air Slash|p1a: Ferrothorn\n|-damage|p1a: Ferrothorn|68\/100\n|cant|p1a: Ferrothorn|flinch\n|\n|upkeep\n|turn|7\n|c|\u2606Yuinna.|nope\n|\n|t:|1698722754\n|move|p2a: Celesteela|Air Slash|p1a: Ferrothorn\n|-damage|p1a: Ferrothorn|40\/100\n|cant|p1a: Ferrothorn|flinch\n|\n|upkeep\n|turn|8\n|\n|t:|1698722758\n|move|p1a: Ferrothorn|Protect|p1a: Ferrothorn\n|-singleturn|p1a: Ferrothorn|Protect\n|move|p2a: Celesteela|Air Slash|p1a: Ferrothorn\n|-activate|p1a: Ferrothorn|move: Protect\n|\n|upkeep\n|turn|9\n|c|\u2606ANinjaDude|wait this wasnt supposed to happen\n|\n|t:|1698722766\n|move|p2a: Celesteela|Air Slash|p1a: Ferrothorn\n|-damage|p1a: Ferrothorn|12\/100\n|cant|p1a: Ferrothorn|flinch\n|\n|upkeep\n|turn|10\n|\n|t:|1698722771\n|move|p1a: Ferrothorn|Protect|p1a: Ferrothorn\n|-singleturn|p1a: Ferrothorn|Protect\n|move|p2a: Celesteela|Air Slash|p1a: Ferrothorn\n|-activate|p1a: Ferrothorn|move: Protect\n|\n|upkeep\n|turn|11\n|c|\u2606Yuinna.|oh god\n|\n|t:|1698722780\n|switch|p1a: Alomomola|Alomomola, F|100\/100\n|-damage|p1a: Alomomola|88\/100|[from] Stealth Rock\n|move|p2a: Celesteela|Autotomize|p2a: Celesteela\n|-boost|p2a: Celesteela|spe|2\n|-start|p2a: Celesteela|Autotomize\n|\n|upkeep\n|turn|12\n|c|\u2606ANinjaDude|double protect\n|\n|t:|1698722787\n|move|p2a: Celesteela|Meteor Beam||[still]\n|-prepare|p2a: Celesteela|Meteor Beam\n|-boost|p2a: Celesteela|spa|1\n|-enditem|p2a: Celesteela|Power Herb\n|-anim|p2a: Celesteela|Meteor Beam|p1a: Alomomola\n|-damage|p1a: Alomomola|24\/100\n|move|p1a: Alomomola|Wish|p1a: Alomomola\n|\n|upkeep\n|turn|13\n|\n|t:|1698722790\n|move|p2a: Celesteela|Air Slash|p1a: Alomomola\n|-damage|p1a: Alomomola|0 fnt\n|faint|p1a: Alomomola\n|-ability|p2a: Celesteela|Beast Boost|boost\n|-boost|p2a: Celesteela|spa|1\n|\n|upkeep\n|\n|t:|1698722798\n|switch|p1a: Ferrothorn|Ferrothorn, M|12\/100\n|-damage|p1a: Ferrothorn|5\/100|[from] Stealth Rock\n|turn|14\n|\n|t:|1698722802\n|move|p1a: Ferrothorn|Protect|p1a: Ferrothorn\n|-singleturn|p1a: Ferrothorn|Protect\n|move|p2a: Celesteela|Air Slash|p1a: Ferrothorn\n|-activate|p1a: Ferrothorn|move: Protect\n|\n|upkeep\n|turn|15\n|\n|t:|1698722820\n|move|p1a: Ferrothorn|Protect||[still]\n|-fail|p1a: Ferrothorn\n|move|p2a: Celesteela|Air Slash|p1a: Ferrothorn\n|-damage|p1a: Ferrothorn|0 fnt\n|faint|p1a: Ferrothorn\n|-ability|p2a: Celesteela|Beast Boost|boost\n|-boost|p2a: Celesteela|spa|1\n|\n|upkeep\n|\n|t:|1698722823\n|switch|p1a: Slowking|Slowking-Galar, F|100\/100\n|-damage|p1a: Slowking|88\/100|[from] Stealth Rock\n|turn|16\n|\n|t:|1698722830\n|move|p2a: Celesteela|Flash Cannon|p1a: Slowking\n|-damage|p1a: Slowking|27\/100\n|move|p1a: Slowking|Trick Room|p1a: Slowking\n|-fieldstart|move: Trick Room|[of] p1a: Slowking\n|\n|upkeep\n|turn|17\n|\n|t:|1698722836\n|move|p1a: Slowking|Chilly Reception|p1a: Slowking\n|-weather|Snow\n|\n|t:|1698722838\n|switch|p1a: Ampharos|Ampharos, M|100\/100|[from] Chilly Reception\n|-damage|p1a: Ampharos|88\/100|[from] Stealth Rock\n|move|p2a: Celesteela|Flash Cannon|p1a: Ampharos\n|-resisted|p1a: Ampharos\n|-damage|p1a: Ampharos|41\/100\n|\n|-weather|Snow|[upkeep]\n|upkeep\n|turn|18\n|\n|t:|1698722847\n|detailschange|p1a: Ampharos|Ampharos-Mega, M\n|-mega|p1a: Ampharos|Ampharos|Ampharosite\n|-ability|p1a: Ampharos|Mold Breaker\n|-terastallize|p2a: Celesteela|Dragon\n|move|p1a: Ampharos|Thunderbolt|p2a: Celesteela\n|-resisted|p2a: Celesteela\n|-damage|p2a: Celesteela|70\/100\n|move|p2a: Celesteela|Flash Cannon|p1a: Ampharos\n|-resisted|p1a: Ampharos\n|-damage|p1a: Ampharos|2\/100\n|\n|-weather|Snow|[upkeep]\n|upkeep\n|turn|19\n|\n|t:|1698722864\n|move|p1a: Ampharos|Dragon Pulse|p2a: Celesteela\n|-supereffective|p2a: Celesteela\n|-damage|p2a: Celesteela|0 fnt\n|faint|p2a: Celesteela\n|\n|-weather|Snow|[upkeep]\n|upkeep\n|\n|t:|1698722867\n|switch|p2a: Scizor|Scizor, F|100\/100\n|turn|20\n|\n|t:|1698722871\n|detailschange|p2a: Scizor|Scizor-Mega, F\n|-mega|p2a: Scizor|Scizor|Scizorite\n|move|p1a: Ampharos|Thunderbolt|p2a: Scizor\n|-damage|p2a: Scizor|21\/100\n|move|p2a: Scizor|Swords Dance|p2a: Scizor\n|-boost|p2a: Scizor|atk|2\n|\n|-weather|Snow|[upkeep]\n|-fieldend|move: Trick Room\n|upkeep\n|turn|21\n|\n|t:|1698722877\n|move|p2a: Scizor|Bullet Punch|p1a: Ampharos\n|-resisted|p1a: Ampharos\n|-damage|p1a: Ampharos|0 fnt\n|faint|p1a: Ampharos\n|\n|-weather|none\n|upkeep\n|\n|t:|1698722880\n|switch|p1a: Slowking|Slowking-Galar, F|61\/100\n|-damage|p1a: Slowking|48\/100|[from] Stealth Rock\n|turn|22\n|\n|t:|1698722887\n|move|p2a: Scizor|Knock Off|p1a: Slowking\n|-supereffective|p1a: Slowking\n|-damage|p1a: Slowking|0 fnt\n|-damage|p2a: Scizor|5\/100|[from] item: Rocky Helmet|[of] p1a: Slowking\n|-enditem|p1a: Slowking|Rocky Helmet|[from] move: Knock Off|[of] p2a: Scizor\n|faint|p1a: Slowking\n|\n|upkeep\n|\n|t:|1698722889\n|switch|p1a: Glastrier|Glastrier|100\/100\n|-damage|p1a: Glastrier|76\/100|[from] Stealth Rock\n|turn|23\n|\n|t:|1698722893\n|-terastallize|p1a: Glastrier|Steel\n|move|p2a: Scizor|Bullet Punch|p1a: Glastrier\n|-resisted|p1a: Glastrier\n|-damage|p1a: Glastrier|53\/100\n|move|p1a: Glastrier|Icicle Crash|p2a: Scizor\n|-resisted|p2a: Scizor\n|-damage|p2a: Scizor|0 fnt\n|faint|p2a: Scizor\n|-ability|p1a: Glastrier|Chilling Neigh|boost\n|-boost|p1a: Glastrier|atk|1\n|\n|-heal|p1a: Glastrier|60\/100|[from] item: Leftovers\n|upkeep\n|c|\u2606Yuinna.|gg\n|\n|t:|1698722898\n|switch|p2a: Rayquaza|Rayquaza|100\/100\n|-ability|p2a: Rayquaza|Air Lock\n|turn|24\n|c|\u2606ANinjaDude|ggs\n|\n|t:|1698722903\n|move|p2a: Rayquaza|Earthquake|p1a: Glastrier\n|-supereffective|p1a: Glastrier\n|-damage|p1a: Glastrier|10\/100\n|move|p1a: Glastrier|Icicle Crash|p2a: Rayquaza\n|-supereffective|p2a: Rayquaza\n|-damage|p2a: Rayquaza|0 fnt\n|faint|p2a: Rayquaza\n|-ability|p1a: Glastrier|Chilling Neigh|boost\n|-boost|p1a: Glastrier|atk|1\n|\n|-heal|p1a: Glastrier|16\/100|[from] item: Leftovers\n|upkeep\n|\n|t:|1698722907\n|switch|p2a: Thundurus|Thundurus-Therian, M|100\/100\n|turn|25\n|\n|t:|1698722909\n|move|p2a: Thundurus|Thunderbolt|p1a: Glastrier\n|-damage|p1a: Glastrier|0 fnt\n|faint|p1a: Glastrier\n|\n|win|ANinjaDude\n","uploadtime":1698722914,"views":13,"p1id":"yuinna","p2id":"aninjadude","formatid":"gen9nationaldexubers","rating":0,"private":0,"password":""}