{"id":"gen9nationaldexubers-1991858173","p1":"XYZ15","p2":"KurumiTokisakilove","format":"[Gen 9] National Dex Ubers","log":"|j|\u2606XYZ15\n|j|\u2606KurumiTokisakilove\n|t:|1700129481\n|gametype|singles\n|player|p1|XYZ15|rei|1470\n|player|p2|KurumiTokisakilove|sabrina-gen2|1933\n|teamsize|p1|6\n|teamsize|p2|6\n|gen|9\n|tier|[Gen 9] National Dex Ubers\n|rated|\n|rule|HP Percentage Mod: HP is shown in percentages\n|rule|Endless Battle Clause: Forcing endless battles is banned\n|rule|OHKO Clause: OHKO moves are banned\n|rule|Evasion Moves Clause: Evasion moves are banned\n|rule|Evasion Items Clause: Evasion items are banned\n|rule|Species Clause: Limit one of each Pok\u00e9mon\n|rule|Sleep Clause Mod: Limit one foe put to sleep\n|rule|Mega Rayquaza Clause: You cannot mega evolve Rayquaza\n|clearpoke\n|poke|p1|Darmanitan-Galar, F|\n|poke|p1|Kyogre|\n|poke|p1|Marshadow|\n|poke|p1|Magearna|\n|poke|p1|Salamence, F|\n|poke|p1|Ho-Oh|\n|poke|p2|Arceus-Dark|\n|poke|p2|Dondozo, M|\n|poke|p2|Magearna|\n|poke|p2|Ditto|\n|poke|p2|Zygarde|\n|poke|p2|Necrozma-Dusk-Mane|\n|teampreview\n|inactive|Battle timer is ON: inactive players will automatically lose when time's up. (requested by KurumiTokisakilove)\n|c|\u2606XYZ15|1933\n|c|\u2606XYZ15|lol\n|c|\u2606XYZ15|that's high ladder\n|\n|t:|1700129509\n|start\n|switch|p1a: Gorilla|Darmanitan-Galar, F|100\/100\n|switch|p2a: Necrozma|Necrozma-Dusk-Mane|100\/100\n|turn|1\n|inactive|KurumiTokisakilove has 120 seconds left.\n|\n|t:|1700129551\n|switch|p2a: Dondozo|Dondozo, M|100\/100\n|move|p1a: Gorilla|U-turn|p2a: Dondozo\n|-damage|p2a: Dondozo|83\/100\n|\n|t:|1700129554\n|switch|p1a: Deep|Kyogre|100\/100|[from] U-turn\n|detailschange|p1a: Deep|Kyogre-Primal\n|-primal|p1a: Deep|Blue Orb\n|-weather|PrimordialSea|[from] ability: Primordial Sea|[of] p1a: Deep\n|\n|-weather|PrimordialSea|[upkeep]\n|-heal|p2a: Dondozo|89\/100|[from] item: Leftovers\n|upkeep\n|turn|2\n|inactive|KurumiTokisakilove has 120 seconds left.\n|\n|t:|1700129564\n|switch|p2a: Ditto|Ditto, shiny|100\/100\n|-transform|p2a: Ditto|p1a: Deep|[from] ability: Imposter\n|move|p1a: Deep|Calm Mind|p1a: Deep\n|-boost|p1a: Deep|spa|1\n|-boost|p1a: Deep|spd|1\n|\n|-weather|PrimordialSea|[upkeep]\n|upkeep\n|turn|3\n|inactive|KurumiTokisakilove has 120 seconds left.\n|\n|t:|1700129577\n|switch|p2a: Magearna|Magearna|100\/100\n|move|p1a: Deep|Thunder|p2a: Magearna\n|-damage|p2a: Magearna|50\/100\n|\n|-weather|PrimordialSea|[upkeep]\n|upkeep\n|turn|4\n|\n|t:|1700129581\n|move|p1a: Deep|Origin Pulse|p2a: Magearna\n|-damage|p2a: Magearna|0 fnt\n|faint|p2a: Magearna\n|\n|-weather|PrimordialSea|[upkeep]\n|upkeep\n|\n|t:|1700129585\n|switch|p2a: Ditto|Ditto, shiny|100\/100\n|-transform|p2a: Ditto|p1a: Deep|[from] ability: Imposter\n|turn|5\n|j| cheese miestro\n|\n|t:|1700129597\n|move|p2a: Ditto|Thunder|p1a: Deep\n|-supereffective|p1a: Deep\n|-damage|p1a: Deep|35\/100\n|move|p1a: Deep|Thunder|p2a: Ditto\n|-supereffective|p2a: Ditto\n|-damage|p2a: Ditto|17\/100\n|-status|p2a: Ditto|par\n|\n|-weather|PrimordialSea|[upkeep]\n|upkeep\n|turn|6\n|\n|t:|1700129606\n|move|p1a: Deep|Thunder|p2a: Ditto\n|-supereffective|p2a: Ditto\n|-damage|p2a: Ditto|0 fnt\n|faint|p2a: Ditto\n|\n|-weather|PrimordialSea|[upkeep]\n|upkeep\n|\n|t:|1700129610\n|switch|p2a: Arceus|Arceus-Dark|100\/100\n|turn|7\n|\n|t:|1700129616\n|-weather|none\n|switch|p1a: Iron Heart|Magearna|100\/100\n|move|p2a: Arceus|Foul Play|p1a: Iron Heart\n|-resisted|p1a: Iron Heart\n|-damage|p1a: Iron Heart|88\/100\n|\n|upkeep\n|turn|8\n|\n|t:|1700129622\n|switch|p2a: Necrozma|Necrozma-Dusk-Mane|100\/100\n|move|p1a: Iron Heart|Fleur Cannon|p2a: Necrozma\n|-resisted|p2a: Necrozma\n|-damage|p2a: Necrozma|68\/100\n|-unboost|p1a: Iron Heart|spa|2\n|\n|upkeep\n|turn|9\n|\n|t:|1700129625\n|move|p2a: Necrozma|Stealth Rock|p1a: Iron Heart\n|-sidestart|p1: XYZ15|move: Stealth Rock\n|move|p1a: Iron Heart|Volt Switch|p2a: Necrozma\n|-damage|p2a: Necrozma|55\/100\n|\n|t:|1700129628\n|switch|p1a: Ho-Oh The Great|Ho-Oh|100\/100|[from] Volt Switch\n|\n|upkeep\n|turn|10\n|\n|t:|1700129644\n|switch|p2a: Dondozo|Dondozo, M|89\/100\n|move|p1a: Ho-Oh The Great|Defog|p2a: Dondozo\n|-unboost|p2a: Dondozo|evasion|1\n|-sideend|p1: XYZ15|Stealth Rock|[from] move: Defog|[of] p1a: Ho-Oh The Great\n|\n|-heal|p2a: Dondozo|95\/100|[from] item: Leftovers\n|upkeep\n|turn|11\n|\n|t:|1700129651\n|switch|p1a: Iron Heart|Magearna|88\/100\n|switch|p2a: Arceus|Arceus-Dark|100\/100\n|\n|upkeep\n|turn|12\n|\n|t:|1700129658\n|switch|p2a: Necrozma|Necrozma-Dusk-Mane|55\/100\n|move|p1a: Iron Heart|Volt Switch|p2a: Necrozma\n|-damage|p2a: Necrozma|30\/100\n|\n|t:|1700129672\n|switch|p1a: Ho-Oh The Great|Ho-Oh|100\/100|[from] Volt Switch\n|\n|upkeep\n|turn|13\n|\n|t:|1700129680\n|switch|p2a: Dondozo|Dondozo, M|95\/100\n|move|p1a: Ho-Oh The Great|Sacred Fire|p2a: Dondozo\n|-resisted|p2a: Dondozo\n|-damage|p2a: Dondozo|86\/100\n|\n|-heal|p2a: Dondozo|92\/100|[from] item: Leftovers\n|upkeep\n|turn|14\n|\n|t:|1700129686\n|switch|p1a: Iron Heart|Magearna|88\/100\n|move|p2a: Dondozo|Curse|p2a: Dondozo\n|-unboost|p2a: Dondozo|spe|1\n|-boost|p2a: Dondozo|atk|1\n|-boost|p2a: Dondozo|def|1\n|\n|-heal|p2a: Dondozo|98\/100|[from] item: Leftovers\n|upkeep\n|turn|15\n|\n|t:|1700129693\n|switch|p2a: Necrozma|Necrozma-Dusk-Mane|30\/100\n|move|p1a: Iron Heart|Volt Switch|p2a: Necrozma\n|-damage|p2a: Necrozma|6\/100\n|\n|t:|1700129698\n|switch|p1a: Gorilla|Darmanitan-Galar, F|100\/100|[from] Volt Switch\n|\n|upkeep\n|turn|16\n|\n|t:|1700129716\n|switch|p2a: Dondozo|Dondozo, M|98\/100\n|move|p1a: Gorilla|U-turn|p2a: Dondozo\n|-damage|p2a: Dondozo|81\/100\n|\n|t:|1700129730\n|switch|p1a: Deep|Kyogre-Primal|35\/100|[from] U-turn\n|-weather|PrimordialSea|[from] ability: Primordial Sea|[of] p1a: Deep\n|\n|-weather|PrimordialSea|[upkeep]\n|-heal|p2a: Dondozo|87\/100|[from] item: Leftovers\n|upkeep\n|turn|17\n|\n|t:|1700129736\n|switch|p2a: Zygarde|Zygarde, shiny|100\/100\n|move|p1a: Deep|Thunder|p2a: Zygarde\n|-immune|p2a: Zygarde\n|\n|-weather|PrimordialSea|[upkeep]\n|upkeep\n|turn|18\n|\n|t:|1700129753\n|-terastallize|p2a: Zygarde|Normal\n|move|p2a: Zygarde|Extreme Speed|p1a: Deep\n|-damage|p1a: Deep|4\/100\n|move|p1a: Deep|Ice Beam|p2a: Zygarde\n|-damage|p2a: Zygarde|53\/100\n|\n|-weather|PrimordialSea|[upkeep]\n|-heal|p2a: Zygarde|59\/100|[from] item: Leftovers\n|upkeep\n|turn|19\n|\n|t:|1700129762\n|move|p2a: Zygarde|Extreme Speed|p1a: Deep\n|-damage|p1a: Deep|0 fnt\n|faint|p1a: Deep\n|-weather|none\n|\n|-heal|p2a: Zygarde|65\/100|[from] item: Leftovers\n|upkeep\n|\n|t:|1700129768\n|switch|p1a: Shadow|Marshadow|100\/100\n|turn|20\n|\n|t:|1700129776\n|switch|p2a: Dondozo|Dondozo, M|87\/100\n|move|p1a: Shadow|Substitute|p1a: Shadow\n|-start|p1a: Shadow|Substitute\n|-damage|p1a: Shadow|76\/100\n|\n|-heal|p2a: Dondozo|93\/100|[from] item: Leftovers\n|upkeep\n|turn|21\n|\n|t:|1700129791\n|switch|p1a: Iron Heart|Magearna|88\/100\n|move|p2a: Dondozo|Liquidation|p1a: Iron Heart\n|-damage|p1a: Iron Heart|65\/100\n|\n|-heal|p2a: Dondozo|99\/100|[from] item: Leftovers\n|upkeep\n|turn|22\n|\n|t:|1700129798\n|switch|p2a: Zygarde|Zygarde, shiny, tera:Normal|65\/100\n|move|p1a: Iron Heart|Volt Switch|p2a: Zygarde\n|-damage|p2a: Zygarde|38\/100\n|\n|t:|1700129805\n|switch|p1a: Shadow|Marshadow|76\/100|[from] Volt Switch\n|\n|-heal|p2a: Zygarde|44\/100|[from] item: Leftovers\n|-activate|p2a: Zygarde|ability: Power Construct\n|detailschange|p2a: Zygarde|Zygarde-Complete, shiny, tera:Normal\n|-heal|p2a: Zygarde|65\/100|[silent]\n|upkeep\n|turn|23\n|\n|t:|1700129812\n|switch|p1a: Iron Heart|Magearna|65\/100\n|switch|p2a: Dondozo|Dondozo, M|99\/100\n|\n|-heal|p2a: Dondozo|100\/100|[from] item: Leftovers\n|upkeep\n|turn|24\n|\n|t:|1700129825\n|switch|p2a: Necrozma|Necrozma-Dusk-Mane|6\/100\n|move|p1a: Iron Heart|Volt Switch|p2a: Necrozma\n|-damage|p2a: Necrozma|0 fnt\n|faint|p2a: Necrozma\n|-ability|p1a: Iron Heart|Soul-Heart|boost\n|-boost|p1a: Iron Heart|spa|1\n|\n|t:|1700129830\n|switch|p1a: Gorilla|Darmanitan-Galar, F|100\/100|[from] Volt Switch\n|\n|upkeep\n|\n|t:|1700129839\n|switch|p2a: Arceus|Arceus-Dark|100\/100\n|turn|25\n|\n|t:|1700129851\n|move|p1a: Gorilla|U-turn|p2a: Arceus\n|-supereffective|p2a: Arceus\n|-damage|p2a: Arceus|53\/100\n|\n|t:|1700129865\n|switch|p1a: Ho-Oh The Great|Ho-Oh|100\/100|[from] U-turn\n|move|p2a: Arceus|Foul Play|p1a: Ho-Oh The Great\n|-damage|p1a: Ho-Oh The Great|57\/100\n|\n|upkeep\n|turn|26\n|\n|t:|1700129877\n|move|p2a: Arceus|Foul Play|p1a: Ho-Oh The Great\n|-damage|p1a: Ho-Oh The Great|14\/100\n|move|p1a: Ho-Oh The Great|Toxic|p2a: Arceus|[miss]\n|-miss|p1a: Ho-Oh The Great|p2a: Arceus\n|\n|upkeep\n|turn|27\n|\n|t:|1700129882\n|switch|p1a: Iron Heart|Magearna|65\/100\n|move|p2a: Arceus|Recover|p2a: Arceus\n|-heal|p2a: Arceus|100\/100\n|\n|upkeep\n|turn|28\n|\n|t:|1700129888\n|switch|p2a: Zygarde|Zygarde-Complete, shiny, tera:Normal|65\/100\n|move|p1a: Iron Heart|Volt Switch|p2a: Zygarde\n|-damage|p2a: Zygarde|49\/100\n|\n|t:|1700129892\n|switch|p1a: Shadow|Marshadow|76\/100|[from] Volt Switch\n|\n|-heal|p2a: Zygarde|55\/100|[from] item: Leftovers\n|upkeep\n|turn|29\n|\n|t:|1700129895\n|switch|p1a: Iron Heart|Magearna|65\/100\n|switch|p2a: Dondozo|Dondozo, M|100\/100\n|\n|upkeep\n|turn|30\n|\n|t:|1700129900\n|switch|p2a: Arceus|Arceus-Dark|100\/100\n|move|p1a: Iron Heart|Volt Switch|p2a: Arceus\n|-damage|p2a: Arceus|83\/100\n|\n|t:|1700129905\n|switch|p1a: Gorilla|Darmanitan-Galar, F|100\/100|[from] Volt Switch\n|\n|upkeep\n|turn|31\n|\n|t:|1700129908\n|move|p1a: Gorilla|Superpower|p2a: Arceus\n|-supereffective|p2a: Arceus\n|-damage|p2a: Arceus|0 fnt\n|-unboost|p1a: Gorilla|atk|1\n|-unboost|p1a: Gorilla|def|1\n|faint|p2a: Arceus\n|\n|upkeep\n|\n|t:|1700129913\n|switch|p2a: Zygarde|Zygarde-Complete, shiny, tera:Normal|55\/100\n|turn|32\n|\n|t:|1700129919\n|switch|p1a: Shadow|Marshadow|76\/100\n|move|p2a: Zygarde|Dragon Dance|p2a: Zygarde\n|-boost|p2a: Zygarde|atk|1\n|-boost|p2a: Zygarde|spe|1\n|\n|-heal|p2a: Zygarde|61\/100|[from] item: Leftovers\n|upkeep\n|turn|33\n|\n|t:|1700129924\n|move|p2a: Zygarde|Thousand Arrows|p1a: Shadow\n|-damage|p1a: Shadow|0 fnt\n|faint|p1a: Shadow\n|\n|-heal|p2a: Zygarde|68\/100|[from] item: Leftovers\n|upkeep\n|\n|t:|1700129930\n|switch|p1a: Gorilla|Darmanitan-Galar, F|100\/100\n|turn|34\n|\n|t:|1700129938\n|switch|p2a: Dondozo|Dondozo, M|100\/100\n|move|p1a: Gorilla|Superpower|p2a: Dondozo\n|-damage|p2a: Dondozo|70\/100\n|-unboost|p1a: Gorilla|atk|1\n|-unboost|p1a: Gorilla|def|1\n|\n|-heal|p2a: Dondozo|76\/100|[from] item: Leftovers\n|upkeep\n|turn|35\n|\n|t:|1700129944\n|switch|p1a: Iron Heart|Magearna|65\/100\n|switch|p2a: Zygarde|Zygarde-Complete, shiny, tera:Normal|68\/100\n|\n|-heal|p2a: Zygarde|74\/100|[from] item: Leftovers\n|upkeep\n|turn|36\n|\n|t:|1700129953\n|switch|p1a: Zinnia's Mence|Salamence, F|100\/100\n|-ability|p1a: Zinnia's Mence|Intimidate|boost\n|-unboost|p2a: Zygarde|atk|1\n|move|p2a: Zygarde|Thousand Arrows|p1a: Zinnia's Mence\n|-damage|p1a: Zinnia's Mence|65\/100\n|-start|p1a: Zinnia's Mence|Smack Down\n|\n|-heal|p2a: Zygarde|80\/100|[from] item: Leftovers\n|upkeep\n|turn|37\n|inactive|XYZ15 has 120 seconds left.\n|\n|t:|1700129988\n|switch|p2a: Dondozo|Dondozo, M|76\/100\n|detailschange|p1a: Zinnia's Mence|Salamence-Mega, F\n|-mega|p1a: Zinnia's Mence|Salamence|Salamencite\n|move|p1a: Zinnia's Mence|Double-Edge|p2a: Dondozo\n|-damage|p2a: Dondozo|41\/100\n|-damage|p1a: Zinnia's Mence|47\/100|[from] Recoil\n|\n|-heal|p2a: Dondozo|47\/100|[from] item: Leftovers\n|upkeep\n|turn|38\n|inactive|XYZ15 has 120 seconds left.\n|\n|t:|1700129998\n|move|p1a: Zinnia's Mence|Double-Edge|p2a: Dondozo\n|-damage|p2a: Dondozo|9\/100\n|-damage|p1a: Zinnia's Mence|28\/100|[from] Recoil\n|move|p2a: Dondozo|Rest|p2a: Dondozo\n|-status|p2a: Dondozo|slp|[from] move: Rest\n|-heal|p2a: Dondozo|100\/100 slp|[silent]\n|\n|upkeep\n|turn|39\n|\n|t:|1700130004\n|switch|p1a: Iron Heart|Magearna|65\/100\n|switch|p2a: Zygarde|Zygarde-Complete, shiny, tera:Normal|80\/100\n|\n|-heal|p2a: Zygarde|86\/100|[from] item: Leftovers\n|upkeep\n|turn|40\n|\n|t:|1700130014\n|switch|p1a: Zinnia's Mence|Salamence-Mega, F|28\/100\n|move|p2a: Zygarde|Thousand Arrows|p1a: Zinnia's Mence\n|-damage|p1a: Zinnia's Mence|0 fnt\n|faint|p1a: Zinnia's Mence\n|\n|-heal|p2a: Zygarde|92\/100|[from] item: Leftovers\n|upkeep\n|\n|t:|1700130016\n|switch|p1a: Gorilla|Darmanitan-Galar, F|100\/100\n|turn|41\n|\n|t:|1700130022\n|switch|p2a: Dondozo|Dondozo, M|100\/100 slp\n|-terastallize|p1a: Gorilla|Ground\n|move|p1a: Gorilla|Earthquake|p2a: Dondozo\n|-damage|p2a: Dondozo|66\/100 slp\n|\n|-heal|p2a: Dondozo|72\/100 slp|[from] item: Leftovers\n|upkeep\n|turn|42\n|\n|t:|1700130035\n|switch|p1a: Ho-Oh The Great|Ho-Oh|48\/100\n|switch|p2a: Zygarde|Zygarde-Complete, shiny, tera:Normal|92\/100\n|\n|-heal|p2a: Zygarde|98\/100|[from] item: Leftovers\n|upkeep\n|turn|43\n|\n|t:|1700130041\n|switch|p2a: Dondozo|Dondozo, M|72\/100 slp\n|move|p1a: Ho-Oh The Great|Sacred Fire|p2a: Dondozo\n|-resisted|p2a: Dondozo\n|-damage|p2a: Dondozo|63\/100 slp\n|\n|-heal|p2a: Dondozo|69\/100 slp|[from] item: Leftovers\n|upkeep\n|turn|44\n|\n|t:|1700130045\n|switch|p1a: Iron Heart|Magearna|65\/100\n|cant|p2a: Dondozo|slp\n|\n|-heal|p2a: Dondozo|75\/100 slp|[from] item: Leftovers\n|upkeep\n|turn|45\n|\n|t:|1700130051\n|switch|p2a: Zygarde|Zygarde-Complete, shiny, tera:Normal|98\/100\n|move|p1a: Iron Heart|Volt Switch|p2a: Zygarde\n|-damage|p2a: Zygarde|81\/100\n|\n|t:|1700130053\n|switch|p1a: Gorilla|Darmanitan-Galar, F, tera:Ground|100\/100|[from] Volt Switch\n|\n|-heal|p2a: Zygarde|87\/100|[from] item: Leftovers\n|upkeep\n|turn|46\n|\n|t:|1700130060\n|switch|p1a: Iron Heart|Magearna|65\/100\n|switch|p2a: Dondozo|Dondozo, M|75\/100 slp\n|\n|-heal|p2a: Dondozo|81\/100 slp|[from] item: Leftovers\n|upkeep\n|turn|47\n|\n|t:|1700130066\n|switch|p2a: Zygarde|Zygarde-Complete, shiny, tera:Normal|87\/100\n|move|p1a: Iron Heart|Fleur Cannon|p2a: Zygarde\n|-damage|p2a: Zygarde|39\/100\n|-unboost|p1a: Iron Heart|spa|2\n|\n|-heal|p2a: Zygarde|45\/100|[from] item: Leftovers\n|upkeep\n|turn|48\n|\n|t:|1700130071\n|switch|p1a: Ho-Oh The Great|Ho-Oh|81\/100\n|move|p2a: Zygarde|Thousand Arrows|p1a: Ho-Oh The Great\n|-damage|p1a: Ho-Oh The Great|45\/100\n|-start|p1a: Ho-Oh The Great|Smack Down\n|\n|-heal|p2a: Zygarde|51\/100|[from] item: Leftovers\n|upkeep\n|turn|49\n|\n|t:|1700130078\n|move|p2a: Zygarde|Thousand Arrows|p1a: Ho-Oh The Great\n|-supereffective|p1a: Ho-Oh The Great\n|-damage|p1a: Ho-Oh The Great|0 fnt\n|faint|p1a: Ho-Oh The Great\n|\n|-heal|p2a: Zygarde|57\/100|[from] item: Leftovers\n|upkeep\n|\n|t:|1700130079\n|switch|p1a: Gorilla|Darmanitan-Galar, F, tera:Ground|100\/100\n|turn|50\n|\n|t:|1700130082\n|switch|p2a: Dondozo|Dondozo, M|81\/100 slp\n|move|p1a: Gorilla|Superpower|p2a: Dondozo\n|-damage|p2a: Dondozo|54\/100 slp\n|-unboost|p1a: Gorilla|atk|1\n|-unboost|p1a: Gorilla|def|1\n|\n|-heal|p2a: Dondozo|60\/100 slp|[from] item: Leftovers\n|upkeep\n|turn|51\n|\n|t:|1700130087\n|switch|p1a: Iron Heart|Magearna|65\/100\n|cant|p2a: Dondozo|slp\n|\n|-heal|p2a: Dondozo|66\/100 slp|[from] item: Leftovers\n|upkeep\n|turn|52\n|\n|t:|1700130092\n|switch|p2a: Zygarde|Zygarde-Complete, shiny, tera:Normal|57\/100\n|move|p1a: Iron Heart|Volt Switch|p2a: Zygarde\n|-damage|p2a: Zygarde|41\/100\n|\n|t:|1700130094\n|switch|p1a: Gorilla|Darmanitan-Galar, F, tera:Ground|100\/100|[from] Volt Switch\n|\n|-heal|p2a: Zygarde|47\/100|[from] item: Leftovers\n|upkeep\n|turn|53\n|\n|t:|1700130100\n|switch|p2a: Dondozo|Dondozo, M|66\/100 slp\n|move|p1a: Gorilla|U-turn|p2a: Dondozo\n|-damage|p2a: Dondozo|49\/100 slp\n|\n|t:|1700130104\n|switch|p1a: Iron Heart|Magearna|65\/100|[from] U-turn\n|\n|-heal|p2a: Dondozo|55\/100 slp|[from] item: Leftovers\n|upkeep\n|turn|54\n|\n|t:|1700130110\n|switch|p2a: Zygarde|Zygarde-Complete, shiny, tera:Normal|47\/100\n|move|p1a: Iron Heart|Volt Switch|p2a: Zygarde\n|-damage|p2a: Zygarde|29\/100\n|\n|t:|1700130111\n|switch|p1a: Gorilla|Darmanitan-Galar, F, tera:Ground|100\/100|[from] Volt Switch\n|\n|-heal|p2a: Zygarde|35\/100|[from] item: Leftovers\n|upkeep\n|turn|55\n|\n|t:|1700130127\n|move|p2a: Zygarde|Extreme Speed|p1a: Gorilla\n|-damage|p1a: Gorilla|50\/100\n|move|p1a: Gorilla|Superpower|p2a: Zygarde\n|-supereffective|p2a: Zygarde\n|-damage|p2a: Zygarde|0 fnt\n|-unboost|p1a: Gorilla|atk|1\n|-unboost|p1a: Gorilla|def|1\n|faint|p2a: Zygarde\n|\n|upkeep\n|\n|t:|1700130132\n|switch|p2a: Dondozo|Dondozo, M|55\/100 slp\n|turn|56\n|\n|t:|1700130135\n|switch|p1a: Iron Heart|Magearna|65\/100\n|-curestatus|p2a: Dondozo|slp|[msg]\n|move|p2a: Dondozo|Liquidation|p1a: Iron Heart\n|-damage|p1a: Iron Heart|38\/100\n|\n|-heal|p2a: Dondozo|62\/100|[from] item: Leftovers\n|upkeep\n|turn|57\n|\n|t:|1700130145\n|move|p1a: Iron Heart|Volt Switch|p2a: Dondozo\n|-supereffective|p2a: Dondozo\n|-damage|p2a: Dondozo|14\/100\n|\n|t:|1700130147\n|switch|p1a: Gorilla|Darmanitan-Galar, F, tera:Ground|50\/100|[from] Volt Switch\n|move|p2a: Dondozo|Liquidation|p1a: Gorilla\n|-supereffective|p1a: Gorilla\n|-damage|p1a: Gorilla|0 fnt\n|faint|p1a: Gorilla\n|\n|-heal|p2a: Dondozo|20\/100|[from] item: Leftovers\n|upkeep\n|\n|t:|1700130149\n|switch|p1a: Iron Heart|Magearna|38\/100\n|turn|58\n|\n|t:|1700130154\n|move|p1a: Iron Heart|Volt Switch|p2a: Dondozo\n|-supereffective|p2a: Dondozo\n|-damage|p2a: Dondozo|0 fnt\n|faint|p2a: Dondozo\n|\n|win|XYZ15\n|raw|XYZ15's rating: 1470 &rarr; <strong>1507<\/strong><br \/>(+37 for winning)\n|raw|KurumiTokisakilove's rating: 1933 &rarr; <strong>1896<\/strong><br \/>(-37 for losing)\n|l|\u2606KurumiTokisakilove\n","uploadtime":1700130181,"views":35,"p1id":"xyz15","p2id":"kurumitokisakilove","formatid":"gen9nationaldexubers","rating":1507,"private":0,"password":""}