{"id":"gen9nationaldexubers-1989569633","p1":"ygo is testing v2","p2":"C0ld as Ice","format":"[Gen 9] National Dex Ubers","log":"|j|\u2606ygo is testing v2\n|j|\u2606C0ld as Ice\n|t:|1699872801\n|gametype|singles\n|player|p1|ygo is testing v2|266|1693\n|player|p2|C0ld as Ice|schoolkid-gen4dp|1585\n|teamsize|p1|6\n|teamsize|p2|6\n|gen|9\n|tier|[Gen 9] National Dex Ubers\n|rated|\n|rule|HP Percentage Mod: HP is shown in percentages\n|rule|Endless Battle Clause: Forcing endless battles is banned\n|rule|OHKO Clause: OHKO moves are banned\n|rule|Evasion Moves Clause: Evasion moves are banned\n|rule|Evasion Items Clause: Evasion items are banned\n|rule|Species Clause: Limit one of each Pok\u00e9mon\n|rule|Sleep Clause Mod: Limit one foe put to sleep\n|rule|Mega Rayquaza Clause: You cannot mega evolve Rayquaza\n|clearpoke\n|poke|p1|Zacian-*|\n|poke|p1|Groudon|\n|poke|p1|Iron Treads|\n|poke|p1|Salamence, F|\n|poke|p1|Arceus-Ground|\n|poke|p1|Yveltal|\n|poke|p2|Zygarde|\n|poke|p2|Necrozma-Dusk-Mane|\n|poke|p2|Arceus|\n|poke|p2|Samurott-Hisui, F|\n|poke|p2|Flutter Mane|\n|poke|p2|Marshadow|\n|teampreview\n|inactive|Battle timer is ON: inactive players will automatically lose when time's up. (requested by C0ld as Ice)\n|inactive|C0ld as Ice has 120 seconds left.\n|inactive|C0ld as Ice has 90 seconds left.\n|inactive|C0ld as Ice has 60 seconds left.\n|inactive|C0ld as Ice has 30 seconds left.\n|inactive|C0ld as Ice has 20 seconds left.\n|inactive|C0ld as Ice has 15 seconds left.\n|inactive|C0ld as Ice has 10 seconds left.\n|inactive|C0ld as Ice has 5 seconds left.\n|\n|t:|1699872950\n|start\n|switch|p1a: Iron Treads|Iron Treads|100\/100\n|switch|p2a: Samurott|Samurott-Hisui, F, shiny|100\/100\n|turn|1\n|\n|t:|1699872958\n|move|p1a: Iron Treads|Earthquake|p2a: Samurott\n|-damage|p2a: Samurott|39\/100\n|move|p2a: Samurott|Bulldoze|p1a: Iron Treads\n|-supereffective|p1a: Iron Treads\n|-damage|p1a: Iron Treads|59\/100\n|-unboost|p1a: Iron Treads|spe|1\n|\n|upkeep\n|turn|2\n|\n|t:|1699872969\n|move|p2a: Samurott|Ceaseless Edge|p1a: Iron Treads\n|-damage|p1a: Iron Treads|17\/100\n|-sidestart|p1: ygo is testing v2|Spikes\n|move|p1a: Iron Treads|Rapid Spin|p2a: Samurott\n|-damage|p2a: Samurott|20\/100\n|-boost|p1a: Iron Treads|spe|1\n|-sideend|p1: ygo is testing v2|Spikes|[from] move: Rapid Spin|[of] p1a: Iron Treads\n|\n|upkeep\n|turn|3\n|\n|t:|1699872978\n|move|p1a: Iron Treads|Earthquake|p2a: Samurott\n|-damage|p2a: Samurott|0 fnt\n|faint|p2a: Samurott\n|\n|upkeep\n|inactive|C0ld as Ice has 90 seconds left.\n|\n|t:|1699873004\n|switch|p2a: Zygarde|Zygarde|100\/100\n|turn|4\n|\n|t:|1699873010\n|move|p1a: Iron Treads|Stealth Rock|p2a: Zygarde\n|-sidestart|p2: C0ld as Ice|move: Stealth Rock\n|move|p2a: Zygarde|Dragon Dance|p2a: Zygarde\n|-boost|p2a: Zygarde|atk|1\n|-boost|p2a: Zygarde|spe|1\n|\n|upkeep\n|turn|5\n|\n|t:|1699873025\n|move|p2a: Zygarde|Substitute|p2a: Zygarde\n|-start|p2a: Zygarde|Substitute\n|-damage|p2a: Zygarde|76\/100\n|move|p1a: Iron Treads|Steel Beam|p2a: Zygarde\n|-end|p2a: Zygarde|Substitute\n|-damage|p1a: Iron Treads|0 fnt|[from] steelbeam\n|faint|p1a: Iron Treads\n|-end|p1a: Iron Treads|Quark Drive|[silent]\n|\n|-heal|p2a: Zygarde|82\/100|[from] item: Leftovers\n|upkeep\n|\n|t:|1699873042\n|switch|p1a: Zacian|Zacian-Crowned|100\/100\n|-ability|p1a: Zacian|Intrepid Sword|boost\n|-boost|p1a: Zacian|atk|1\n|turn|6\n|\n|t:|1699873049\n|move|p1a: Zacian|Play Rough|p2a: Zygarde\n|-supereffective|p2a: Zygarde\n|-damage|p2a: Zygarde|0 fnt\n|faint|p2a: Zygarde\n|\n|upkeep\n|\n|t:|1699873056\n|switch|p2a: Necrozma|Necrozma-Dusk-Mane, shiny|100\/100\n|-damage|p2a: Necrozma|94\/100|[from] Stealth Rock\n|turn|7\n|\n|t:|1699873058\n|switch|p1a: Groudon|Groudon|100\/100\n|detailschange|p1a: Groudon|Groudon-Primal\n|-primal|p1a: Groudon|Red Orb\n|-weather|DesolateLand|[from] ability: Desolate Land|[of] p1a: Groudon\n|-zpower|p2a: Necrozma\n|move|p2a: Necrozma|Searing Sunraze Smash|p1a: Groudon|[zeffect]\n|-resisted|p1a: Groudon\n|-damage|p1a: Groudon|63\/100\n|\n|-weather|DesolateLand|[upkeep]\n|upkeep\n|turn|8\n|\n|t:|1699873065\n|move|p1a: Groudon|Precipice Blades|p2a: Necrozma\n|-supereffective|p2a: Necrozma\n|-damage|p2a: Necrozma|0 fnt\n|faint|p2a: Necrozma\n|\n|-weather|DesolateLand|[upkeep]\n|upkeep\n|\n|t:|1699873073\n|switch|p2a: Arceus|Arceus|100\/100\n|-damage|p2a: Arceus|88\/100|[from] Stealth Rock\n|turn|9\n|\n|t:|1699873075\n|move|p2a: Arceus|Swords Dance|p2a: Arceus\n|-boost|p2a: Arceus|atk|2\n|move|p1a: Groudon|Precipice Blades|p2a: Arceus|[miss]\n|-miss|p1a: Groudon|p2a: Arceus\n|\n|-weather|DesolateLand|[upkeep]\n|upkeep\n|turn|10\n|\n|t:|1699873092\n|move|p2a: Arceus|Swords Dance|p2a: Arceus\n|-boost|p2a: Arceus|atk|2\n|move|p1a: Groudon|Heat Crash|p2a: Arceus\n|-damage|p2a: Arceus|33\/100\n|\n|-weather|DesolateLand|[upkeep]\n|upkeep\n|turn|11\n|\n|t:|1699873095\n|move|p2a: Arceus|Extreme Speed|p1a: Groudon\n|-damage|p1a: Groudon|0 fnt\n|faint|p1a: Groudon\n|-weather|none\n|\n|upkeep\n|\n|t:|1699873098\n|switch|p1a: Salamence|Salamence, F|100\/100\n|-ability|p1a: Salamence|Intimidate|boost\n|-unboost|p2a: Arceus|atk|1\n|turn|12\n|\n|t:|1699873106\n|detailschange|p1a: Salamence|Salamence-Mega, F\n|-mega|p1a: Salamence|Salamence|Salamencite\n|move|p2a: Arceus|Extreme Speed|p1a: Salamence\n|-damage|p1a: Salamence|17\/100\n|move|p1a: Salamence|Return|p2a: Arceus\n|-damage|p2a: Arceus|0 fnt\n|faint|p2a: Arceus\n|\n|upkeep\n|\n|t:|1699873112\n|switch|p2a: Flutter Mane|Flutter Mane, shiny|100\/100\n|-damage|p2a: Flutter Mane|88\/100|[from] Stealth Rock\n|-enditem|p2a: Flutter Mane|Booster Energy\n|-activate|p2a: Flutter Mane|ability: Protosynthesis|[fromitem]\n|-start|p2a: Flutter Mane|protosynthesisspe\n|turn|13\n|\n|t:|1699873118\n|move|p2a: Flutter Mane|Shadow Ball|p1a: Salamence\n|-damage|p1a: Salamence|0 fnt\n|faint|p1a: Salamence\n|\n|upkeep\n|\n|t:|1699873127\n|switch|p1a: Arceus|Arceus-Ground|100\/100\n|turn|14\n|\n|t:|1699873144\n|move|p2a: Flutter Mane|Calm Mind|p2a: Flutter Mane\n|-boost|p2a: Flutter Mane|spa|1\n|-boost|p2a: Flutter Mane|spd|1\n|-zpower|p1a: Arceus\n|move|p1a: Arceus|Tectonic Rage|p2a: Flutter Mane|[zeffect]\n|-damage|p2a: Flutter Mane|0 fnt\n|faint|p2a: Flutter Mane\n|-end|p2a: Flutter Mane|Protosynthesis|[silent]\n|\n|upkeep\n|\n|t:|1699873146\n|switch|p2a: Marshadow|Marshadow|100\/100\n|-damage|p2a: Marshadow|94\/100|[from] Stealth Rock\n|turn|15\n|\n|t:|1699873149\n|move|p1a: Arceus|Earthquake|p2a: Marshadow\n|-damage|p2a: Marshadow|34\/100\n|move|p2a: Marshadow|Bulk Up|p2a: Marshadow\n|-boost|p2a: Marshadow|atk|1\n|-boost|p2a: Marshadow|def|1\n|\n|upkeep\n|turn|16\n|\n|t:|1699873151\n|move|p2a: Marshadow|Shadow Sneak|p1a: Arceus\n|-damage|p1a: Arceus|55\/100\n|-damage|p2a: Marshadow|24\/100|[from] item: Life Orb\n|move|p1a: Arceus|Earthquake|p2a: Marshadow\n|-damage|p2a: Marshadow|0 fnt\n|faint|p2a: Marshadow\n|\n|win|ygo is testing v2\n|raw|ygo is testing v2's rating: 1693 &rarr; <strong>1706<\/strong><br \/>(+13 for winning)\n|raw|C0ld as Ice's rating: 1574 &rarr; <strong>1561<\/strong><br \/>(-13 for losing)\n|l|\u2606C0ld as Ice\n|l|\u2606ygo is testing v2\n","uploadtime":1699873186,"views":11,"p1id":"ygoistestingv2","p2id":"c0ldasice","formatid":"gen9nationaldexubers","rating":1561,"private":0,"password":""}