{"id":"gen9nationaldexubers-1979231422","p1":"game18","p2":"arafatr871","format":"[Gen 9] National Dex Ubers","log":"|j|\u2606game18\n|j|\u2606arafatr871\n|t:|1698657156\n|gametype|singles\n|player|p1|game18|ghetsis|1446\n|player|p2|arafatr871|acetrainersnow|1492\n|teamsize|p1|6\n|teamsize|p2|6\n|gen|9\n|tier|[Gen 9] National Dex Ubers\n|rated|\n|rule|HP Percentage Mod: HP is shown in percentages\n|rule|Endless Battle Clause: Forcing endless battles is banned\n|rule|OHKO Clause: OHKO moves are banned\n|rule|Evasion Moves Clause: Evasion moves are banned\n|rule|Evasion Items Clause: Evasion items are banned\n|rule|Species Clause: Limit one of each Pok\u00e9mon\n|rule|Sleep Clause Mod: Limit one foe put to sleep\n|rule|Mega Rayquaza Clause: You cannot mega evolve Rayquaza\n|clearpoke\n|poke|p1|Groudon|\n|poke|p1|Necrozma-Dusk-Mane|\n|poke|p1|Mewtwo|\n|poke|p1|Zygarde|\n|poke|p1|Arceus-Fairy|\n|poke|p1|Ho-Oh|\n|poke|p2|Glimmora, M|\n|poke|p2|Groudon|\n|poke|p2|Kyogre|\n|poke|p2|Giratina|\n|poke|p2|Dondozo, F|\n|poke|p2|Chansey, F|\n|teampreview\n|inactive|Battle timer is ON: inactive players will automatically lose when time's up. (requested by arafatr871)\n|\n|t:|1698657184\n|start\n|switch|p1a: Necrozma|Necrozma-Dusk-Mane|100\/100\n|switch|p2a: Glimmora|Glimmora, M, shiny|100\/100\n|turn|1\n|\n|t:|1698657195\n|move|p2a: Glimmora|Stealth Rock|p1a: Necrozma\n|-sidestart|p1: game18|move: Stealth Rock\n|move|p1a: Necrozma|Sunsteel Strike|p2a: Glimmora\n|-supereffective|p2a: Glimmora\n|-enditem|p2a: Glimmora|Focus Sash\n|-damage|p2a: Glimmora|1\/100\n|-activate|p2a: Glimmora|ability: Toxic Debris\n|-sidestart|p1: game18|move: Toxic Spikes\n|\n|upkeep\n|turn|2\n|\n|t:|1698657209\n|move|p2a: Glimmora|Spikes|p1a: Necrozma\n|-sidestart|p1: game18|Spikes\n|move|p1a: Necrozma|Sunsteel Strike|p2a: Glimmora\n|-supereffective|p2a: Glimmora\n|-damage|p2a: Glimmora|0 fnt\n|-activate|p2a: Glimmora|ability: Toxic Debris\n|-sidestart|p1: game18|move: Toxic Spikes\n|faint|p2a: Glimmora\n|\n|upkeep\n|\n|t:|1698657230\n|switch|p2a: Giratina|Giratina, shiny|100\/100\n|-ability|p2a: Giratina|Pressure\n|turn|3\n|\n|t:|1698657237\n|move|p2a: Giratina|Will-O-Wisp|p1a: Necrozma\n|-status|p1a: Necrozma|brn\n|move|p1a: Necrozma|Toxic|p2a: Giratina\n|-status|p2a: Giratina|tox\n|\n|-damage|p2a: Giratina|94\/100 tox|[from] psn\n|-damage|p1a: Necrozma|94\/100 brn|[from] brn\n|upkeep\n|turn|4\n|\n|t:|1698657247\n|move|p2a: Giratina|Shadow Sneak|p1a: Necrozma\n|-supereffective|p1a: Necrozma\n|-damage|p1a: Necrozma|79\/100 brn\n|move|p1a: Necrozma|Stealth Rock|p2a: Giratina\n|-sidestart|p2: arafatr871|move: Stealth Rock\n|\n|-heal|p2a: Giratina|100\/100 tox|[from] item: Leftovers\n|-damage|p2a: Giratina|88\/100 tox|[from] psn\n|-damage|p1a: Necrozma|73\/100 brn|[from] brn\n|upkeep\n|turn|5\n|\n|t:|1698657258\n|switch|p2a: Kyogre|Kyogre, shiny|100\/100\n|-damage|p2a: Kyogre|88\/100|[from] Stealth Rock\n|detailschange|p2a: Kyogre|Kyogre-Primal, shiny\n|-primal|p2a: Kyogre|Blue Orb\n|-weather|PrimordialSea|[from] ability: Primordial Sea|[of] p2a: Kyogre\n|switch|p1a: Ho-Oh|Ho-Oh|100\/100\n|\n|-weather|PrimordialSea|[upkeep]\n|upkeep\n|turn|6\n|\n|t:|1698657273\n|-terastallize|p1a: Ho-Oh|Grass\n|move|p2a: Kyogre|Water Spout|p1a: Ho-Oh\n|-resisted|p1a: Ho-Oh\n|-damage|p1a: Ho-Oh|67\/100\n|move|p1a: Ho-Oh|Defog|p2a: Kyogre\n|-unboost|p2a: Kyogre|evasion|1\n|-sideend|p2: arafatr871|Stealth Rock|[from] move: Defog|[of] p1a: Ho-Oh\n|-sideend|p1: game18|Spikes|[from] move: Defog|[of] p1a: Ho-Oh\n|-sideend|p1: game18|Toxic Spikes|[from] move: Defog|[of] p1a: Ho-Oh\n|-sideend|p1: game18|Stealth Rock|[from] move: Defog|[of] p1a: Ho-Oh\n|\n|-weather|PrimordialSea|[upkeep]\n|upkeep\n|turn|7\n|\n|t:|1698657287\n|switch|p1a: Necrozma|Necrozma-Dusk-Mane|73\/100 brn\n|move|p2a: Kyogre|Ice Beam|p1a: Necrozma\n|-resisted|p1a: Necrozma\n|-damage|p1a: Necrozma|61\/100 brn\n|\n|-weather|PrimordialSea|[upkeep]\n|-damage|p1a: Necrozma|55\/100 brn|[from] brn\n|upkeep\n|turn|8\n|\n|t:|1698657296\n|switch|p1a: Groudon|Groudon|100\/100\n|detailschange|p1a: Groudon|Groudon-Primal\n|-primal|p1a: Groudon|Red Orb\n|-weather|DesolateLand|[from] ability: Desolate Land|[of] p1a: Groudon\n|move|p2a: Kyogre|Scald||[still]\n|-fail|p2a: Kyogre|Scald|[from] Desolate Land\n|\n|-weather|DesolateLand|[upkeep]\n|upkeep\n|turn|9\n|\n|t:|1698657312\n|move|p2a: Kyogre|Ice Beam|p1a: Groudon\n|-damage|p1a: Groudon|66\/100\n|move|p1a: Groudon|Swords Dance|p1a: Groudon\n|-boost|p1a: Groudon|atk|2\n|\n|-weather|DesolateLand|[upkeep]\n|upkeep\n|turn|10\n|\n|t:|1698657321\n|switch|p2a: Dondozo|Dondozo, F, shiny|100\/100\n|move|p1a: Groudon|Earthquake|p2a: Dondozo\n|-damage|p2a: Dondozo|71\/100\n|\n|-weather|DesolateLand|[upkeep]\n|-heal|p2a: Dondozo|77\/100|[from] item: Leftovers\n|upkeep\n|turn|11\n|\n|t:|1698657331\n|-weather|none\n|switch|p1a: Arceus|Arceus-Fairy|100\/100\n|move|p2a: Dondozo|Curse|p2a: Dondozo\n|-unboost|p2a: Dondozo|spe|1\n|-boost|p2a: Dondozo|atk|1\n|-boost|p2a: Dondozo|def|1\n|\n|-heal|p2a: Dondozo|83\/100|[from] item: Leftovers\n|upkeep\n|turn|12\n|\n|t:|1698657342\n|switch|p2a: Chansey|Chansey, F, shiny|100\/100\n|move|p1a: Arceus|Taunt|p2a: Chansey\n|-start|p2a: Chansey|move: Taunt\n|\n|upkeep\n|turn|13\n|\n|t:|1698657349\n|switch|p1a: Mewtwo|Mewtwo|100\/100\n|-ability|p1a: Mewtwo|Pressure\n|move|p2a: Chansey|Seismic Toss|p1a: Mewtwo\n|-damage|p1a: Mewtwo|72\/100\n|\n|upkeep\n|turn|14\n|\n|t:|1698657362\n|detailschange|p1a: Mewtwo|Mewtwo-Mega-Y\n|-mega|p1a: Mewtwo|Mewtwo|Mewtwonite Y\n|move|p1a: Mewtwo|Psystrike|p2a: Chansey\n|-damage|p2a: Chansey|54\/100\n|move|p2a: Chansey|Seismic Toss|p1a: Mewtwo\n|-damage|p1a: Mewtwo|44\/100\n|\n|-end|p2a: Chansey|move: Taunt\n|upkeep\n|turn|15\n|\n|t:|1698657377\n|move|p1a: Mewtwo|Psystrike|p2a: Chansey\n|-damage|p2a: Chansey|12\/100\n|move|p2a: Chansey|Toxic|p1a: Mewtwo\n|-status|p1a: Mewtwo|tox\n|\n|-damage|p1a: Mewtwo|38\/100 tox|[from] psn\n|upkeep\n|turn|16\n|\n|t:|1698657394\n|move|p1a: Mewtwo|Psystrike|p2a: Chansey\n|-damage|p2a: Chansey|0 fnt\n|faint|p2a: Chansey\n|\n|-damage|p1a: Mewtwo|25\/100 tox|[from] psn\n|upkeep\n|\n|t:|1698657398\n|switch|p2a: Giratina|Giratina, shiny|88\/100 tox\n|-ability|p2a: Giratina|Pressure\n|turn|17\n|\n|t:|1698657408\n|switch|p1a: Arceus|Arceus-Fairy|100\/100\n|move|p2a: Giratina|Shadow Sneak|p1a: Arceus\n|-damage|p1a: Arceus|92\/100\n|\n|-heal|p2a: Giratina|94\/100 tox|[from] item: Leftovers\n|-damage|p2a: Giratina|88\/100 tox|[from] psn\n|upkeep\n|turn|18\n|\n|t:|1698657422\n|switch|p2a: Groudon|Groudon, shiny|100\/100\n|detailschange|p2a: Groudon|Groudon-Primal, shiny\n|-primal|p2a: Groudon|Red Orb\n|-weather|DesolateLand|[from] ability: Desolate Land|[of] p2a: Groudon\n|move|p1a: Arceus|Taunt|p2a: Groudon\n|-start|p2a: Groudon|move: Taunt\n|\n|-weather|DesolateLand|[upkeep]\n|upkeep\n|turn|19\n|\n|t:|1698657432\n|switch|p1a: Zygarde|Zygarde|100\/100\n|move|p2a: Groudon|Earthquake|p1a: Zygarde\n|-damage|p1a: Zygarde|63\/100\n|\n|-weather|DesolateLand|[upkeep]\n|-heal|p1a: Zygarde|69\/100|[from] item: Leftovers\n|upkeep\n|turn|20\n|\n|t:|1698657441\n|-weather|none\n|switch|p2a: Giratina|Giratina, shiny|88\/100 tox\n|-ability|p2a: Giratina|Pressure\n|move|p1a: Zygarde|Thousand Arrows|p2a: Giratina\n|-damage|p2a: Giratina|72\/100 tox\n|\n|-heal|p1a: Zygarde|75\/100|[from] item: Leftovers\n|-heal|p2a: Giratina|78\/100 tox|[from] item: Leftovers\n|-damage|p2a: Giratina|72\/100 tox|[from] psn\n|upkeep\n|turn|21\n|\n|t:|1698657454\n|switch|p1a: Ho-Oh|Ho-Oh, tera:Grass|100\/100\n|move|p2a: Giratina|Toxic|p1a: Ho-Oh\n|-status|p1a: Ho-Oh|tox\n|\n|-heal|p2a: Giratina|78\/100 tox|[from] item: Leftovers\n|-damage|p1a: Ho-Oh|94\/100 tox|[from] psn\n|-damage|p2a: Giratina|66\/100 tox|[from] psn\n|upkeep\n|turn|22\n|\n|t:|1698657469\n|switch|p1a: Arceus|Arceus-Fairy|92\/100\n|move|p2a: Giratina|Shadow Sneak|p1a: Arceus\n|-damage|p1a: Arceus|83\/100\n|\n|-heal|p2a: Giratina|72\/100 tox|[from] item: Leftovers\n|-damage|p2a: Giratina|54\/100 tox|[from] psn\n|upkeep\n|turn|23\n|\n|t:|1698657483\n|move|p2a: Giratina|Protect|p2a: Giratina\n|-singleturn|p2a: Giratina|Protect\n|move|p1a: Arceus|Judgment|p2a: Giratina\n|-activate|p2a: Giratina|move: Protect\n|\n|-heal|p2a: Giratina|60\/100 tox|[from] item: Leftovers\n|-damage|p2a: Giratina|35\/100 tox|[from] psn\n|upkeep\n|turn|24\n|\n|t:|1698657494\n|move|p2a: Giratina|Shadow Sneak|p1a: Arceus\n|-damage|p1a: Arceus|74\/100\n|move|p1a: Arceus|Judgment|p2a: Giratina\n|-supereffective|p2a: Giratina\n|-damage|p2a: Giratina|0 fnt\n|faint|p2a: Giratina\n|\n|upkeep\n|\n|t:|1698657503\n|switch|p2a: Groudon|Groudon-Primal, shiny|100\/100\n|-weather|DesolateLand|[from] ability: Desolate Land|[of] p2a: Groudon\n|turn|25\n|\n|t:|1698657513\n|move|p1a: Arceus|Taunt|p2a: Groudon\n|-start|p2a: Groudon|move: Taunt\n|cant|p2a: Groudon|move: Taunt|Rock Polish\n|\n|-weather|DesolateLand|[upkeep]\n|upkeep\n|turn|26\n|\n|t:|1698657519\n|move|p1a: Arceus|Toxic|p2a: Groudon\n|-status|p2a: Groudon|tox\n|move|p2a: Groudon|Earthquake|p1a: Arceus\n|-damage|p1a: Arceus|24\/100\n|\n|-weather|DesolateLand|[upkeep]\n|-damage|p2a: Groudon|94\/100 tox|[from] psn\n|upkeep\n|turn|27\n|\n|t:|1698657528\n|move|p1a: Arceus|Recover|p1a: Arceus\n|-heal|p1a: Arceus|74\/100\n|move|p2a: Groudon|Earthquake|p1a: Arceus\n|-damage|p1a: Arceus|27\/100\n|\n|-weather|DesolateLand|[upkeep]\n|-damage|p2a: Groudon|82\/100 tox|[from] psn\n|-end|p2a: Groudon|move: Taunt\n|upkeep\n|turn|28\n|\n|t:|1698657537\n|-weather|none\n|switch|p2a: Kyogre|Kyogre-Primal, shiny|88\/100\n|-weather|PrimordialSea|[from] ability: Primordial Sea|[of] p2a: Kyogre\n|move|p1a: Arceus|Recover|p1a: Arceus\n|-heal|p1a: Arceus|77\/100\n|\n|-weather|PrimordialSea|[upkeep]\n|upkeep\n|turn|29\n|\n|t:|1698657550\n|switch|p1a: Necrozma|Necrozma-Dusk-Mane|55\/100 brn\n|move|p2a: Kyogre|Thunder|p1a: Necrozma\n|-damage|p1a: Necrozma|23\/100 brn\n|\n|-weather|PrimordialSea|[upkeep]\n|-damage|p1a: Necrozma|17\/100 brn|[from] brn\n|upkeep\n|turn|30\n|\n|t:|1698657560\n|move|p2a: Kyogre|Scald|p1a: Necrozma\n|-damage|p1a: Necrozma|0 fnt\n|faint|p1a: Necrozma\n|\n|-weather|PrimordialSea|[upkeep]\n|upkeep\n|\n|t:|1698657564\n|switch|p1a: Groudon|Groudon-Primal|66\/100\n|-weather|DesolateLand|[from] ability: Desolate Land|[of] p1a: Groudon\n|turn|31\n|\n|t:|1698657573\n|switch|p2a: Dondozo|Dondozo, F, shiny|83\/100\n|move|p1a: Groudon|Earthquake|p2a: Dondozo\n|-damage|p2a: Dondozo|52\/100\n|\n|-weather|DesolateLand|[upkeep]\n|-heal|p2a: Dondozo|58\/100|[from] item: Leftovers\n|upkeep\n|turn|32\n|\n|t:|1698657579\n|-weather|none\n|switch|p1a: Arceus|Arceus-Fairy|77\/100\n|move|p2a: Dondozo|Curse|p2a: Dondozo\n|-unboost|p2a: Dondozo|spe|1\n|-boost|p2a: Dondozo|atk|1\n|-boost|p2a: Dondozo|def|1\n|\n|-heal|p2a: Dondozo|64\/100|[from] item: Leftovers\n|upkeep\n|turn|33\n|\n|t:|1698657590\n|move|p1a: Arceus|Taunt|p2a: Dondozo\n|-start|p2a: Dondozo|move: Taunt\n|move|p2a: Dondozo|Earthquake|p1a: Arceus\n|-damage|p1a: Arceus|53\/100\n|\n|-heal|p2a: Dondozo|70\/100|[from] item: Leftovers\n|upkeep\n|turn|34\n|\n|t:|1698657599\n|move|p1a: Arceus|Toxic|p2a: Dondozo\n|-status|p2a: Dondozo|tox\n|move|p2a: Dondozo|Earthquake|p1a: Arceus\n|-damage|p1a: Arceus|28\/100\n|\n|-heal|p2a: Dondozo|76\/100 tox|[from] item: Leftovers\n|-damage|p2a: Dondozo|70\/100 tox|[from] psn\n|upkeep\n|turn|35\n|\n|t:|1698657609\n|move|p1a: Arceus|Recover|p1a: Arceus\n|-heal|p1a: Arceus|78\/100\n|move|p2a: Dondozo|Earthquake|p1a: Arceus\n|-damage|p1a: Arceus|53\/100\n|\n|-heal|p2a: Dondozo|76\/100 tox|[from] item: Leftovers\n|-damage|p2a: Dondozo|64\/100 tox|[from] psn\n|-end|p2a: Dondozo|move: Taunt\n|upkeep\n|turn|36\n|\n|t:|1698657620\n|move|p1a: Arceus|Taunt|p2a: Dondozo\n|-start|p2a: Dondozo|move: Taunt\n|move|p2a: Dondozo|Earthquake|p1a: Arceus\n|-damage|p1a: Arceus|30\/100\n|\n|-heal|p2a: Dondozo|70\/100 tox|[from] item: Leftovers\n|-damage|p2a: Dondozo|52\/100 tox|[from] psn\n|upkeep\n|turn|37\n|\n|t:|1698657630\n|move|p1a: Arceus|Recover|p1a: Arceus\n|-heal|p1a: Arceus|80\/100\n|move|p2a: Dondozo|Earthquake|p1a: Arceus\n|-damage|p1a: Arceus|56\/100\n|\n|-heal|p2a: Dondozo|58\/100 tox|[from] item: Leftovers\n|-damage|p2a: Dondozo|33\/100 tox|[from] psn\n|upkeep\n|turn|38\n|\n|t:|1698657639\n|move|p1a: Arceus|Recover|p1a: Arceus\n|-heal|p1a: Arceus|100\/100\n|move|p2a: Dondozo|Liquidation|p1a: Arceus\n|-damage|p1a: Arceus|68\/100\n|\n|-heal|p2a: Dondozo|40\/100 tox|[from] item: Leftovers\n|-damage|p2a: Dondozo|9\/100 tox|[from] psn\n|-end|p2a: Dondozo|move: Taunt\n|upkeep\n|turn|39\n|\n|t:|1698657650\n|move|p1a: Arceus|Judgment|p2a: Dondozo\n|-damage|p2a: Dondozo|0 fnt\n|faint|p2a: Dondozo\n|\n|upkeep\n|\n|t:|1698657655\n|switch|p2a: Kyogre|Kyogre-Primal, shiny|88\/100\n|-weather|PrimordialSea|[from] ability: Primordial Sea|[of] p2a: Kyogre\n|turn|40\n|\n|t:|1698657662\n|switch|p1a: Ho-Oh|Ho-Oh, tera:Grass|100\/100 tox\n|move|p2a: Kyogre|Thunder|p1a: Ho-Oh\n|-resisted|p1a: Ho-Oh\n|-damage|p1a: Ho-Oh|87\/100 tox\n|\n|-weather|PrimordialSea|[upkeep]\n|-damage|p1a: Ho-Oh|81\/100 tox|[from] psn\n|upkeep\n|turn|41\n|\n|t:|1698657672\n|move|p2a: Kyogre|Ice Beam|p1a: Ho-Oh\n|-supereffective|p1a: Ho-Oh\n|-damage|p1a: Ho-Oh|34\/100 tox\n|move|p1a: Ho-Oh|Toxic|p2a: Kyogre\n|-status|p2a: Kyogre|tox\n|\n|-weather|PrimordialSea|[upkeep]\n|-damage|p2a: Kyogre|82\/100 tox|[from] psn\n|-damage|p1a: Ho-Oh|21\/100 tox|[from] psn\n|upkeep\n|turn|42\n|\n|t:|1698657684\n|move|p2a: Kyogre|Ice Beam|p1a: Ho-Oh\n|-supereffective|p1a: Ho-Oh\n|-damage|p1a: Ho-Oh|0 fnt\n|faint|p1a: Ho-Oh\n|\n|-weather|PrimordialSea|[upkeep]\n|-damage|p2a: Kyogre|70\/100 tox|[from] psn\n|upkeep\n|\n|t:|1698657686\n|switch|p1a: Groudon|Groudon-Primal|66\/100\n|-weather|DesolateLand|[from] ability: Desolate Land|[of] p1a: Groudon\n|turn|43\n|\n|t:|1698657691\n|move|p2a: Kyogre|Ice Beam|p1a: Groudon\n|-damage|p1a: Groudon|35\/100\n|move|p1a: Groudon|Earthquake|p2a: Kyogre\n|-damage|p2a: Kyogre|3\/100 tox\n|\n|-weather|DesolateLand|[upkeep]\n|-damage|p2a: Kyogre|0 fnt|[from] psn\n|faint|p2a: Kyogre\n|upkeep\n|\n|t:|1698657695\n|switch|p2a: Groudon|Groudon-Primal, shiny|82\/100 tox\n|turn|44\n|\n|t:|1698657704\n|move|p2a: Groudon|Earthquake|p1a: Groudon\n|-supereffective|p1a: Groudon\n|-damage|p1a: Groudon|0 fnt\n|faint|p1a: Groudon\n|\n|-weather|DesolateLand|[upkeep]\n|-damage|p2a: Groudon|76\/100 tox|[from] psn\n|upkeep\n|\n|t:|1698657711\n|switch|p1a: Zygarde|Zygarde|75\/100\n|turn|45\n|\n|t:|1698657715\n|move|p2a: Groudon|Rock Polish|p2a: Groudon\n|-boost|p2a: Groudon|spe|2\n|move|p1a: Zygarde|Thousand Arrows|p2a: Groudon\n|-supereffective|p2a: Groudon\n|-damage|p2a: Groudon|36\/100 tox\n|\n|-weather|DesolateLand|[upkeep]\n|-heal|p1a: Zygarde|81\/100|[from] item: Leftovers\n|-damage|p2a: Groudon|23\/100 tox|[from] psn\n|upkeep\n|turn|46\n|\n|t:|1698657726\n|move|p2a: Groudon|Earthquake|p1a: Zygarde\n|-damage|p1a: Zygarde|43\/100\n|move|p1a: Zygarde|Thousand Arrows|p2a: Groudon\n|-supereffective|p2a: Groudon\n|-damage|p2a: Groudon|0 fnt\n|faint|p2a: Groudon\n|-weather|none\n|\n|win|game18\n|raw|game18's rating: 1446 &rarr; <strong>1469<\/strong><br \/>(+23 for winning)\n|raw|arafatr871's rating: 1492 &rarr; <strong>1469<\/strong><br \/>(-23 for losing)\n|l|\u2606arafatr871\n","uploadtime":1698657744,"views":12,"p1id":"game18","p2id":"arafatr871","formatid":"gen9nationaldexubers","rating":1469,"private":0,"password":""}