{"id":"gen9nationaldexubers-1996135383","p1":"DannLink","p2":"powergamer2109","format":"[Gen 9] National Dex Ubers","log":"|j|\u2606DannLink\n|j|\u2606powergamer2109\n|t:|1700649507\n|gametype|singles\n|player|p1|DannLink|ethan|1120\n|player|p2|powergamer2109|lucas|1058\n|teamsize|p1|6\n|teamsize|p2|6\n|gen|9\n|tier|[Gen 9] National Dex Ubers\n|rated|\n|rule|HP Percentage Mod: HP is shown in percentages\n|rule|Endless Battle Clause: Forcing endless battles is banned\n|rule|OHKO Clause: OHKO moves are banned\n|rule|Evasion Moves Clause: Evasion moves are banned\n|rule|Evasion Items Clause: Evasion items are banned\n|rule|Species Clause: Limit one of each Pok\u00e9mon\n|rule|Sleep Clause Mod: Limit one foe put to sleep\n|rule|Mega Rayquaza Clause: You cannot mega evolve Rayquaza\n|clearpoke\n|poke|p1|Darkrai|\n|poke|p1|Forretress, M|\n|poke|p1|Xurkitree|\n|poke|p1|Eiscue, M|\n|poke|p1|Ditto|\n|poke|p1|Rattata, L1, M|\n|poke|p2|Pyukumuku, F|\n|poke|p2|Cinderace, F|\n|poke|p2|Altaria, F|\n|poke|p2|Jirachi|\n|poke|p2|Ceruledge, F|\n|poke|p2|Quaquaval, M|\n|teampreview\n|inactive|Battle timer is ON: inactive players will automatically lose when time's up. (requested by DannLink)\n|\n|t:|1700649512\n|start\n|switch|p1a: Forretress|Forretress, M|100\/100\n|switch|p2a: Ducky|Quaquaval, M|100\/100\n|turn|1\n|\n|t:|1700649525\n|move|p2a: Ducky|Aqua Step|p1a: Forretress\n|-damage|p1a: Forretress|80\/100\n|-boost|p2a: Ducky|spe|1\n|move|p1a: Forretress|Stealth Rock|p2a: Ducky\n|-sidestart|p2: powergamer2109|move: Stealth Rock\n|\n|-heal|p1a: Forretress|86\/100|[from] item: Leftovers\n|upkeep\n|turn|2\n|\n|t:|1700649537\n|move|p2a: Ducky|Aqua Step|p1a: Forretress\n|-damage|p1a: Forretress|66\/100\n|-boost|p2a: Ducky|spe|1\n|move|p1a: Forretress|Volt Switch|p2a: Ducky\n|-supereffective|p2a: Ducky\n|-damage|p2a: Ducky|75\/100\n|\n|t:|1700649547\n|switch|p1a: Xurkitree|Xurkitree|100\/100|[from] Volt Switch\n|\n|-heal|p2a: Ducky|81\/100|[from] item: Leftovers\n|upkeep\n|turn|3\n|\n|t:|1700649554\n|-terastallize|p2a: Ducky|Water\n|move|p2a: Ducky|Close Combat|p1a: Xurkitree\n|-damage|p1a: Xurkitree|17\/100\n|-unboost|p2a: Ducky|def|1\n|-unboost|p2a: Ducky|spd|1\n|move|p1a: Xurkitree|Thunderbolt|p2a: Ducky\n|-supereffective|p2a: Ducky\n|-damage|p2a: Ducky|0 fnt\n|faint|p2a: Ducky\n|-ability|p1a: Xurkitree|Beast Boost|boost\n|-boost|p1a: Xurkitree|spa|1\n|\n|upkeep\n|\n|t:|1700649566\n|switch|p2a: Bunner|Cinderace, F|100\/100\n|-damage|p2a: Bunner|76\/100|[from] Stealth Rock\n|turn|4\n|\n|t:|1700649577\n|move|p2a: Bunner|Court Change|p2a: Bunner\n|-start|p2a: Bunner|typechange|Normal|[from] ability: Libero\n|-swapsideconditions\n|-activate|p2a: Bunner|move: Court Change\n|-zpower|p1a: Xurkitree\n|move|p1a: Xurkitree|Z-Hypnosis|p2a: Bunner|[anim]Hypnosis|[miss]\n|-boost|p1a: Xurkitree|spe|1|[zeffect]\n|-miss|p1a: Xurkitree|p2a: Bunner\n|\n|upkeep\n|turn|5\n|\n|t:|1700649595\n|move|p1a: Xurkitree|Thunderbolt|p2a: Bunner\n|-damage|p2a: Bunner|0 fnt\n|faint|p2a: Bunner\n|-ability|p1a: Xurkitree|Beast Boost|boost\n|-boost|p1a: Xurkitree|spa|1\n|\n|upkeep\n|\n|t:|1700649601\n|switch|p2a: Doom Moon|Altaria, F|100\/100\n|-ability|p2a: Doom Moon|Cloud Nine\n|turn|6\n|\n|t:|1700649607\n|detailschange|p2a: Doom Moon|Altaria-Mega, F\n|-mega|p2a: Doom Moon|Altaria|Altarianite\n|move|p1a: Xurkitree|Thunderbolt|p2a: Doom Moon\n|-resisted|p2a: Doom Moon\n|-damage|p2a: Doom Moon|29\/100\n|move|p2a: Doom Moon|Earthquake|p1a: Xurkitree\n|-supereffective|p1a: Xurkitree\n|-damage|p1a: Xurkitree|0 fnt\n|faint|p1a: Xurkitree\n|\n|upkeep\n|\n|t:|1700649618\n|switch|p1a: Forretress|Forretress, M|66\/100\n|-damage|p1a: Forretress|53\/100|[from] Stealth Rock\n|turn|7\n|\n|t:|1700649622\n|move|p2a: Doom Moon|Earthquake|p1a: Forretress\n|-damage|p1a: Forretress|35\/100\n|move|p1a: Forretress|Stealth Rock|p2a: Doom Moon\n|-sidestart|p2: powergamer2109|move: Stealth Rock\n|\n|-heal|p1a: Forretress|41\/100|[from] item: Leftovers\n|upkeep\n|turn|8\n|\n|t:|1700649635\n|switch|p2a: Ginjo|Jirachi|100\/100\n|-damage|p2a: Ginjo|94\/100|[from] Stealth Rock\n|move|p1a: Forretress|Volt Switch|p2a: Ginjo\n|-damage|p2a: Ginjo|86\/100\n|\n|t:|1700649646\n|switch|p1a: Darkrai|Darkrai|100\/100|[from] Volt Switch\n|-damage|p1a: Darkrai|88\/100|[from] Stealth Rock\n|\n|-heal|p1a: Darkrai|94\/100|[from] item: Leftovers\n|upkeep\n|turn|9\n|\n|t:|1700649654\n|move|p1a: Darkrai|Hypnosis|p2a: Ginjo|[miss]\n|-miss|p1a: Darkrai|p2a: Ginjo\n|move|p2a: Ginjo|Toxic|p1a: Darkrai\n|-status|p1a: Darkrai|tox\n|\n|-heal|p1a: Darkrai|99\/100 tox|[from] item: Leftovers\n|-damage|p1a: Darkrai|94\/100 tox|[from] psn\n|upkeep\n|turn|10\n|\n|t:|1700649664\n|move|p1a: Darkrai|Hypnosis|p2a: Ginjo|[miss]\n|-miss|p1a: Darkrai|p2a: Ginjo\n|move|p2a: Ginjo|Healing Wish|p2a: Ginjo\n|faint|p2a: Ginjo\n|\n|-heal|p1a: Darkrai|99\/100 tox|[from] item: Leftovers\n|-damage|p1a: Darkrai|88\/100 tox|[from] psn\n|upkeep\n|\n|t:|1700649672\n|switch|p2a: Doom Moon|Altaria-Mega, F|29\/100\n|-heal|p2a: Doom Moon|100\/100|[from] move: Healing Wish\n|-damage|p2a: Doom Moon|88\/100|[from] Stealth Rock\n|turn|11\n|\n|t:|1700649683\n|move|p1a: Darkrai|Hypnosis|p2a: Doom Moon\n|-status|p2a: Doom Moon|slp|[from] move: Hypnosis\n|cant|p2a: Doom Moon|slp\n|\n|-heal|p1a: Darkrai|94\/100 tox|[from] item: Leftovers\n|-damage|p1a: Darkrai|76\/100 tox|[from] psn\n|-damage|p2a: Doom Moon|76\/100 slp|[from] ability: Bad Dreams|[of] p1a: Darkrai\n|upkeep\n|turn|12\n|\n|t:|1700649695\n|move|p1a: Darkrai|Substitute|p1a: Darkrai\n|-start|p1a: Darkrai|Substitute\n|-damage|p1a: Darkrai|51\/100 tox\n|-curestatus|p2a: Doom Moon|slp|[msg]\n|move|p2a: Doom Moon|Moonblast|p1a: Darkrai\n|-supereffective|p1a: Darkrai\n|-end|p1a: Darkrai|Substitute\n|\n|-heal|p1a: Darkrai|57\/100 tox|[from] item: Leftovers\n|-damage|p1a: Darkrai|33\/100 tox|[from] psn\n|upkeep\n|turn|13\n|\n|t:|1700649708\n|move|p1a: Darkrai|Hypnosis|p2a: Doom Moon\n|-status|p2a: Doom Moon|slp|[from] move: Hypnosis\n|cant|p2a: Doom Moon|slp\n|\n|-heal|p1a: Darkrai|39\/100 tox|[from] item: Leftovers\n|-damage|p1a: Darkrai|9\/100 tox|[from] psn\n|-damage|p2a: Doom Moon|63\/100 slp|[from] ability: Bad Dreams|[of] p1a: Darkrai\n|upkeep\n|turn|14\n|\n|t:|1700649718\n|move|p1a: Darkrai|Dark Pulse|p2a: Doom Moon\n|-resisted|p2a: Doom Moon\n|-damage|p2a: Doom Moon|35\/100 slp\n|cant|p2a: Doom Moon|slp\n|\n|-heal|p1a: Darkrai|15\/100 tox|[from] item: Leftovers\n|-damage|p1a: Darkrai|0 fnt|[from] psn\n|faint|p1a: Darkrai\n|upkeep\n|\n|t:|1700649728\n|switch|p1a: Forretress|Forretress, M|41\/100\n|-damage|p1a: Forretress|29\/100|[from] Stealth Rock\n|turn|15\n|\n|t:|1700649734\n|cant|p2a: Doom Moon|slp\n|move|p1a: Forretress|Rapid Spin|p2a: Doom Moon\n|-damage|p2a: Doom Moon|23\/100 slp\n|-boost|p1a: Forretress|spe|1\n|-sideend|p1: DannLink|Stealth Rock|[from] move: Rapid Spin|[of] p1a: Forretress\n|\n|-heal|p1a: Forretress|35\/100|[from] item: Leftovers\n|upkeep\n|turn|16\n|\n|t:|1700649745\n|-curestatus|p2a: Doom Moon|slp|[msg]\n|move|p2a: Doom Moon|Earthquake|p1a: Forretress\n|-damage|p1a: Forretress|17\/100\n|move|p1a: Forretress|Volt Switch|p2a: Doom Moon\n|-resisted|p2a: Doom Moon\n|-damage|p2a: Doom Moon|17\/100\n|\n|t:|1700649757\n|switch|p1a: Ditto|Ditto|100\/100|[from] Volt Switch\n|-transform|p1a: Ditto|p2a: Doom Moon|[from] ability: Imposter\n|\n|upkeep\n|turn|17\n|\n|t:|1700649767\n|move|p1a: Ditto|Moonblast|p2a: Doom Moon\n|-supereffective|p2a: Doom Moon\n|-damage|p2a: Doom Moon|0 fnt\n|faint|p2a: Doom Moon\n|\n|upkeep\n|\n|t:|1700649778\n|switch|p2a: Knight|Ceruledge, F|100\/100\n|-damage|p2a: Knight|76\/100|[from] Stealth Rock\n|turn|18\n|\n|t:|1700649786\n|move|p1a: Ditto|Moonblast|p2a: Knight\n|-resisted|p2a: Knight\n|-damage|p2a: Knight|53\/100\n|-unboost|p2a: Knight|spa|1\n|move|p2a: Knight|Destiny Bond|p2a: Knight\n|-singlemove|p2a: Knight|Destiny Bond\n|\n|upkeep\n|turn|19\n|\n|t:|1700649795\n|move|p1a: Ditto|Moonblast|p2a: Knight\n|-resisted|p2a: Knight\n|-damage|p2a: Knight|33\/100\n|move|p2a: Knight|Dragon Claw|p1a: Ditto\n|-immune|p1a: Ditto\n|\n|upkeep\n|turn|20\n|\n|t:|1700649803\n|move|p1a: Ditto|Moonblast|p2a: Knight\n|-resisted|p2a: Knight\n|-damage|p2a: Knight|12\/100\n|move|p2a: Knight|Destiny Bond|p2a: Knight\n|-singlemove|p2a: Knight|Destiny Bond\n|\n|upkeep\n|turn|21\n|\n|t:|1700649818\n|move|p1a: Ditto|Moonblast|p2a: Knight\n|-resisted|p2a: Knight\n|-damage|p2a: Knight|0 fnt\n|faint|p2a: Knight\n|-activate|p2a: Knight|move: Destiny Bond\n|faint|p1a: Ditto\n|\n|upkeep\n|\n|t:|1700649826\n|switch|p2a: The pickle|Pyukumuku, F|100\/100\n|switch|p1a: Rattata|Rattata, L1, M, shiny|100\/100\n|-damage|p2a: The pickle|88\/100|[from] Stealth Rock\n|turn|22\n|\n|t:|1700649838\n|move|p2a: The pickle|Toxic|p1a: Rattata\n|-status|p1a: Rattata|tox\n|move|p1a: Rattata|Endeavor|p2a: The pickle\n|-damage|p2a: The pickle|4\/100\n|\n|-damage|p1a: Rattata|91\/100 tox|[from] psn\n|upkeep\n|turn|23\n|\n|t:|1700649851\n|move|p2a: The pickle|Recover|p2a: The pickle\n|-heal|p2a: The pickle|54\/100\n|move|p1a: Rattata|Toxic|p2a: The pickle\n|-status|p2a: The pickle|tox\n|\n|-damage|p2a: The pickle|48\/100 tox|[from] psn\n|-damage|p1a: Rattata|73\/100 tox|[from] psn\n|upkeep\n|turn|24\n|\n|t:|1700649859\n|move|p2a: The pickle|Recover|p2a: The pickle\n|-heal|p2a: The pickle|98\/100 tox\n|move|p1a: Rattata|Endeavor|p2a: The pickle\n|-damage|p2a: The pickle|3\/100 tox\n|\n|-damage|p2a: The pickle|0 fnt|[from] psn\n|faint|p2a: The pickle\n|\n|win|DannLink\n|upkeep\n|raw|DannLink's rating: 1120 &rarr; <strong>1141<\/strong><br \/>(+21 for winning)\n|raw|powergamer2109's rating: 1058 &rarr; <strong>1043<\/strong><br \/>(-15 for losing)\n|c|\u2606powergamer2109|gg\n|c|\u2606DannLink|gg\n|l|\u2606powergamer2109\n","uploadtime":1700649888,"views":0,"p1id":"dannlink","p2id":"powergamer2109","formatid":"gen9nationaldexubers","rating":1043,"private":0,"password":""}