{"id":"gen9nationaldexubers-1983416926","p1":"Malice Incarnate","p2":"ZakDoe","format":"[Gen 9] National Dex Ubers","log":"|j|\u2606Malice Incarnate\n|j|\u2606ZakDoe\n|t:|1699127900\n|gametype|singles\n|player|p1|Malice Incarnate|palmer|\n|player|p2|ZakDoe|hugh|\n|teamsize|p1|6\n|teamsize|p2|6\n|gen|9\n|tier|[Gen 9] National Dex Ubers\n|rule|HP Percentage Mod: HP is shown in percentages\n|rule|Endless Battle Clause: Forcing endless battles is banned\n|rule|OHKO Clause: OHKO moves are banned\n|rule|Evasion Moves Clause: Evasion moves are banned\n|rule|Evasion Items Clause: Evasion items are banned\n|rule|Species Clause: Limit one of each Pok\u00e9mon\n|rule|Sleep Clause Mod: Limit one foe put to sleep\n|rule|Mega Rayquaza Clause: You cannot mega evolve Rayquaza\n|clearpoke\n|poke|p1|Scizor, F|\n|poke|p1|Landorus-Therian, M|\n|poke|p1|Greninja-*, F|\n|poke|p1|Corviknight, F|\n|poke|p1|Blissey, F|\n|poke|p1|Conkeldurr, M|\n|poke|p2|Yveltal|\n|poke|p2|Chien-Pao|\n|poke|p2|Ting-Lu|\n|poke|p2|Greninja-*, F|\n|poke|p2|Incineroar, F|\n|poke|p2|Sableye, M|\n|teampreview\n|inactive|Battle timer is ON: inactive players will automatically lose when time's up. (requested by Malice Incarnate)\n|c|\u2606ZakDoe|gl\n|c|\u2606Malice Incarnate|tera dragon corv\n|inactive|ZakDoe has 270 seconds left.\n|\n|t:|1699127932\n|start\n|switch|p1a: Scizor|Scizor, F|100\/100\n|switch|p2a: Sableye|Sableye, M|100\/100\n|turn|1\n|\n|t:|1699127940\n|switch|p1a: Blissey|Blissey, F|100\/100\n|move|p2a: Sableye|Knock Off|p1a: Blissey\n|-damage|p1a: Blissey|77\/100\n|-enditem|p1a: Blissey|Heavy-Duty Boots|[from] move: Knock Off|[of] p2a: Sableye\n|\n|upkeep\n|turn|2\n|\n|t:|1699127947\n|detailschange|p2a: Sableye|Sableye-Mega, M\n|-mega|p2a: Sableye|Sableye|Sablenite\n|move|p2a: Sableye|Will-O-Wisp|p1a: Blissey\n|-status|p1a: Blissey|brn\n|move|p1a: Blissey|Teleport|p1a: Blissey\n|\n|t:|1699127961\n|-curestatus|p1a: Blissey|brn|[from] ability: Natural Cure\n|switch|p1a: Landorus|Landorus-Therian, M|100\/100|[from] Teleport\n|-ability|p1a: Landorus|Intimidate|boost\n|-unboost|p2a: Sableye|atk|1\n|\n|upkeep\n|turn|3\n|\n|t:|1699127967\n|move|p1a: Landorus|Earthquake|p2a: Sableye\n|-damage|p2a: Sableye|58\/100\n|move|p2a: Sableye|Will-O-Wisp|p1a: Landorus\n|-status|p1a: Landorus|brn\n|\n|-damage|p1a: Landorus|95\/100 brn|[from] brn\n|upkeep\n|turn|4\n|\n|t:|1699127972\n|move|p1a: Landorus|Swords Dance|p1a: Landorus\n|-boost|p1a: Landorus|atk|2\n|move|p2a: Sableye|Recover|p2a: Sableye\n|-heal|p2a: Sableye|100\/100\n|\n|-damage|p1a: Landorus|89\/100 brn|[from] brn\n|upkeep\n|turn|5\n|\n|t:|1699127975\n|move|p1a: Landorus|Earthquake|p2a: Sableye\n|-damage|p2a: Sableye|63\/100\n|move|p2a: Sableye|Encore|p1a: Landorus\n|-start|p1a: Landorus|Encore\n|\n|-damage|p1a: Landorus|83\/100 brn|[from] brn\n|upkeep\n|turn|6\n|\n|t:|1699127979\n|switch|p2a: Yveltal|Yveltal|100\/100\n|-ability|p2a: Yveltal|Dark Aura\n|move|p1a: Landorus|Earthquake|p2a: Yveltal\n|-immune|p2a: Yveltal\n|\n|-damage|p1a: Landorus|77\/100 brn|[from] brn\n|upkeep\n|turn|7\n|\n|t:|1699127990\n|switch|p1a: Blissey|Blissey, F|77\/100\n|move|p2a: Yveltal|U-turn|p1a: Blissey\n|-damage|p1a: Blissey|62\/100\n|\n|t:|1699127998\n|switch|p2a: Chien-Pao|Chien-Pao|100\/100|[from] U-turn\n|-ability|p2a: Chien-Pao|Sword of Ruin\n|\n|upkeep\n|turn|8\n|\n|t:|1699128003\n|-terastallize|p2a: Chien-Pao|Dark\n|move|p2a: Chien-Pao|Crunch|p1a: Blissey\n|-damage|p1a: Blissey|0 fnt\n|faint|p1a: Blissey\n|-damage|p2a: Chien-Pao|91\/100|[from] item: Life Orb\n|\n|upkeep\n|\n|t:|1699128007\n|switch|p1a: Scizor|Scizor, F|100\/100\n|turn|9\n|\n|t:|1699128014\n|switch|p2a: Incineroar|Incineroar, F|100\/100\n|-ability|p2a: Incineroar|Intimidate|boost\n|-unboost|p1a: Scizor|atk|1\n|detailschange|p1a: Scizor|Scizor-Mega, F\n|-mega|p1a: Scizor|Scizor|Scizorite\n|move|p1a: Scizor|U-turn|p2a: Incineroar\n|-damage|p2a: Incineroar|77\/100\n|\n|t:|1699128027\n|switch|p1a: Conkeldurr|Conkeldurr, M|100\/100|[from] U-turn\n|\n|-status|p1a: Conkeldurr|brn|[from] item: Flame Orb\n|upkeep\n|turn|10\n|inactive|Malice Incarnate has 270 seconds left.\n|inactive|Malice Incarnate has 240 seconds left.\n|inactive|Malice Incarnate has 210 seconds left.\n|l|\u2606Malice Incarnate\n|inactive|Malice Incarnate disconnected and has 300 seconds to reconnect!\n|player|p1|\n|j|\u2606Malice Incarnate\n|inactive|Malice Incarnate reconnected and has 205 seconds left.\n|player|p1|Malice Incarnate|palmer\n|\n|t:|1699128134\n|switch|p2a: Sableye|Sableye-Mega, M|63\/100\n|move|p1a: Conkeldurr|Earthquake|p2a: Sableye\n|-damage|p2a: Sableye|20\/100\n|\n|-damage|p1a: Conkeldurr|94\/100 brn|[from] brn\n|upkeep\n|turn|11\n|\n|t:|1699128140\n|switch|p2a: Yveltal|Yveltal|100\/100\n|-ability|p2a: Yveltal|Dark Aura\n|move|p1a: Conkeldurr|Knock Off|p2a: Yveltal\n|-resisted|p2a: Yveltal\n|-damage|p2a: Yveltal|70\/100\n|-enditem|p2a: Yveltal|Heavy-Duty Boots|[from] move: Knock Off|[of] p1a: Conkeldurr\n|\n|-damage|p1a: Conkeldurr|88\/100 brn|[from] brn\n|upkeep\n|turn|12\n|inactive|Malice Incarnate has 210 seconds left.\n|\n|t:|1699128149\n|switch|p1a: Landorus|Landorus-Therian, M|77\/100 brn\n|-ability|p1a: Landorus|Intimidate|boost\n|-unboost|p2a: Yveltal|atk|1\n|move|p2a: Yveltal|Oblivion Wing|p1a: Landorus\n|-damage|p1a: Landorus|33\/100 brn\n|-heal|p2a: Yveltal|93\/100|[from] drain|[of] p1a: Landorus\n|\n|-damage|p1a: Landorus|27\/100 brn|[from] brn\n|upkeep\n|turn|13\n|\n|t:|1699128158\n|switch|p2a: Ting-Lu|Ting-Lu|100\/100\n|-ability|p2a: Ting-Lu|Vessel of Ruin\n|-zpower|p1a: Landorus\n|move|p1a: Landorus|Continental Crush|p2a: Ting-Lu|[zeffect]\n|-resisted|p2a: Ting-Lu\n|-damage|p2a: Ting-Lu|91\/100\n|\n|-damage|p1a: Landorus|21\/100 brn|[from] brn\n|upkeep\n|turn|14\n|\n|t:|1699128169\n|switch|p1a: Conkeldurr|Conkeldurr, M|88\/100 brn\n|move|p2a: Ting-Lu|Throat Chop|p1a: Conkeldurr\n|-resisted|p1a: Conkeldurr\n|-damage|p1a: Conkeldurr|70\/100 brn\n|-start|p1a: Conkeldurr|Throat Chop|[silent]\n|\n|-damage|p1a: Conkeldurr|64\/100 brn|[from] brn\n|upkeep\n|turn|15\n|\n|t:|1699128174\n|switch|p2a: Sableye|Sableye-Mega, M|20\/100\n|move|p1a: Conkeldurr|Close Combat|p2a: Sableye\n|-immune|p2a: Sableye\n|\n|-damage|p1a: Conkeldurr|58\/100 brn|[from] brn\n|-end|p1a: Conkeldurr|Throat Chop|[silent]\n|upkeep\n|turn|16\n|\n|t:|1699128177\n|switch|p2a: Yveltal|Yveltal|93\/100\n|-ability|p2a: Yveltal|Dark Aura\n|move|p1a: Conkeldurr|Knock Off|p2a: Yveltal\n|-resisted|p2a: Yveltal\n|-damage|p2a: Yveltal|72\/100\n|\n|-damage|p1a: Conkeldurr|52\/100 brn|[from] brn\n|upkeep\n|turn|17\n|\n|t:|1699128183\n|move|p1a: Conkeldurr|Mach Punch|p2a: Yveltal\n|-damage|p2a: Yveltal|41\/100\n|move|p2a: Yveltal|Oblivion Wing|p1a: Conkeldurr\n|-supereffective|p1a: Conkeldurr\n|-damage|p1a: Conkeldurr|0 fnt\n|-heal|p2a: Yveltal|77\/100|[from] drain|[of] p1a: Conkeldurr\n|faint|p1a: Conkeldurr\n|\n|upkeep\n|c|\u2606Malice Incarnate|gg\n|\n|t:|1699128189\n|switch|p1a: Greninja|Greninja, F|100\/100\n|turn|18\n|c|\u2606ZakDoe|gg\n|c|\u2606ZakDoe|wait wtf\n|c|\u2606ZakDoe|no\n|c|\u2606Malice Incarnate|?\n|c|\u2606ZakDoe|u still have a scizor chilling in the back\n|c|\u2606Malice Incarnate|how could i win this\n|c|\u2606Malice Incarnate|and?\n|\n|t:|1699128213\n|switch|p2a: Greninja|Greninja, F|100\/100\n|move|p1a: Greninja|Ice Beam|p2a: Greninja\n|-start|p1a: Greninja|typechange|Ice|[from] ability: Protean\n|-resisted|p2a: Greninja\n|-damage|p2a: Greninja|71\/100\n|\n|upkeep\n|turn|19\n|\n|t:|1699128220\n|switch|p1a: Corviknight|Corviknight, F|100\/100\n|-ability|p1a: Corviknight|Pressure\n|move|p2a: Greninja|Hydro Pump|p1a: Corviknight\n|-start|p2a: Greninja|typechange|Water|[from] ability: Protean\n|-damage|p1a: Corviknight|59\/100\n|\n|upkeep\n|turn|20\n|\n|t:|1699128227\n|move|p2a: Greninja|Hydro Pump|p1a: Corviknight|[miss]\n|-miss|p2a: Greninja|p1a: Corviknight\n|move|p1a: Corviknight|U-turn|p2a: Greninja\n|-damage|p2a: Greninja|47\/100\n|\n|t:|1699128237\n|switch|p1a: Scizor|Scizor-Mega, F|100\/100|[from] U-turn\n|\n|upkeep\n|turn|21\n|\n|t:|1699128241\n|switch|p2a: Incineroar|Incineroar, F|77\/100\n|-ability|p2a: Incineroar|Intimidate|boost\n|-unboost|p1a: Scizor|atk|1\n|move|p1a: Scizor|Swords Dance|p1a: Scizor\n|-boost|p1a: Scizor|atk|2\n|\n|upkeep\n|turn|22\n|\n|t:|1699128247\n|move|p1a: Scizor|U-turn|p2a: Incineroar\n|-damage|p2a: Incineroar|29\/100\n|\n|t:|1699128250\n|switch|p1a: Landorus|Landorus-Therian, M|21\/100 brn|[from] U-turn\n|-ability|p1a: Landorus|Intimidate|boost\n|-unboost|p2a: Incineroar|atk|1\n|move|p2a: Incineroar|Flare Blitz|p1a: Landorus\n|-damage|p1a: Landorus|0 fnt\n|faint|p1a: Landorus\n|-damage|p2a: Incineroar|24\/100|[from] Recoil\n|\n|upkeep\n|\n|t:|1699128254\n|switch|p1a: Scizor|Scizor-Mega, F|100\/100\n|turn|23\n|\n|t:|1699128262\n|move|p1a: Scizor|U-turn|p2a: Incineroar\n|-damage|p2a: Incineroar|0 fnt\n|faint|p2a: Incineroar\n|\n|t:|1699128265\n|switch|p1a: Greninja|Greninja, F|100\/100|[from] U-turn\n|\n|upkeep\n|c|\u2606Malice Incarnate|heat wave yveltal cleans\n|inactive|ZakDoe has 270 seconds left.\n|c|\u2606ZakDoe|when my yveltal doesn't have heat wave...\n|c|\u2606Malice Incarnate|what\n|\n|t:|1699128305\n|switch|p2a: Greninja|Greninja, F|47\/100\n|turn|24\n|c|\u2606Malice Incarnate|why would yveltal not run heat wave\n|\n|t:|1699128309\n|move|p2a: Greninja|U-turn|p1a: Greninja\n|-start|p2a: Greninja|typechange|Bug|[from] ability: Protean\n|-supereffective|p1a: Greninja\n|-damage|p1a: Greninja|27\/100\n|inactive|ZakDoe has 270 seconds left.\n|c|\u2606ZakDoe|defog, oblivion wing, u-turn, roost?\n|c|\u2606Malice Incarnate|oh, support\n|\n|t:|1699128334\n|switch|p2a: Ting-Lu|Ting-Lu|91\/100|[from] U-turn\n|-ability|p2a: Ting-Lu|Vessel of Ruin\n|move|p1a: Greninja|U-turn|p2a: Ting-Lu\n|-start|p1a: Greninja|typechange|Bug|[from] ability: Protean\n|-supereffective|p2a: Ting-Lu\n|-damage|p2a: Ting-Lu|60\/100\n|\n|t:|1699128338\n|switch|p1a: Corviknight|Corviknight, F|59\/100|[from] U-turn\n|-ability|p1a: Corviknight|Pressure\n|\n|upkeep\n|turn|25\n|\n|t:|1699128342\n|move|p1a: Corviknight|Body Press|p2a: Ting-Lu\n|-supereffective|p2a: Ting-Lu\n|-damage|p2a: Ting-Lu|35\/100\n|move|p2a: Ting-Lu|Ruination|p1a: Corviknight\n|-damage|p1a: Corviknight|30\/100\n|\n|upkeep\n|turn|26\n|inactive|ZakDoe has 270 seconds left.\n|\n|t:|1699128349\n|move|p1a: Corviknight|Roost|p1a: Corviknight\n|-heal|p1a: Corviknight|80\/100\n|-singleturn|p1a: Corviknight|move: Roost\n|move|p2a: Ting-Lu|Earthquake|p1a: Corviknight\n|-supereffective|p1a: Corviknight\n|-damage|p1a: Corviknight|21\/100\n|\n|upkeep\n|turn|27\n|\n|t:|1699128355\n|move|p1a: Corviknight|Body Press|p2a: Ting-Lu\n|-supereffective|p2a: Ting-Lu\n|-damage|p2a: Ting-Lu|8\/100\n|move|p2a: Ting-Lu|Throat Chop|p1a: Corviknight\n|-damage|p1a: Corviknight|0 fnt\n|-damage|p2a: Ting-Lu|0 fnt|[from] item: Rocky Helmet|[of] p1a: Corviknight\n|faint|p1a: Corviknight\n|faint|p2a: Ting-Lu\n|\n|upkeep\n|inactive|ZakDoe has 270 seconds left.\n|\n|t:|1699128372\n|switch|p1a: Scizor|Scizor-Mega, F|100\/100\n|switch|p2a: Chien-Pao|Chien-Pao, tera:Dark|91\/100\n|-ability|p2a: Chien-Pao|Sword of Ruin\n|turn|28\n|\n|t:|1699128380\n|move|p2a: Chien-Pao|Crunch|p1a: Scizor\n|-damage|p1a: Scizor|42\/100\n|-damage|p2a: Chien-Pao|81\/100|[from] item: Life Orb\n|move|p1a: Scizor|Swords Dance|p1a: Scizor\n|-boost|p1a: Scizor|atk|2\n|\n|upkeep\n|turn|29\n|\n|t:|1699128385\n|move|p1a: Scizor|Bullet Punch|p2a: Chien-Pao\n|-damage|p2a: Chien-Pao|4\/100\n|move|p2a: Chien-Pao|Crunch|p1a: Scizor\n|-damage|p1a: Scizor|0 fnt\n|faint|p1a: Scizor\n|-damage|p2a: Chien-Pao|0 fnt|[from] item: Life Orb\n|faint|p2a: Chien-Pao\n|\n|upkeep\n|c|\u2606ZakDoe|i survived\n|c|\u2606ZakDoe|damn\n|c|\u2606Malice Incarnate|gg\n|\n|t:|1699128399\n|switch|p2a: Greninja|Greninja, F|47\/100\n|switch|p1a: Greninja|Greninja, F|27\/100\n|turn|30\n|c|\u2606ZakDoe|gg\n|\n|t:|1699128406\n|move|p1a: Greninja|Rock Slide|p2a: Greninja|[miss]\n|-start|p1a: Greninja|typechange|Rock|[from] ability: Protean\n|-miss|p1a: Greninja|p2a: Greninja\n|move|p2a: Greninja|U-turn|p1a: Greninja\n|-start|p2a: Greninja|typechange|Bug|[from] ability: Protean\n|-damage|p1a: Greninja|0 fnt\n|faint|p1a: Greninja\n|\n|win|ZakDoe\n|c|\u2606Malice Incarnate|and i miss\n|c|\u2606Malice Incarnate|dang\n","uploadtime":1699128416,"views":13,"p1id":"maliceincarnate","p2id":"zakdoe","formatid":"gen9nationaldexubers","rating":0,"private":0,"password":""}