{"id":"gen9nationaldexubers-1982266219","p1":"TheKiddie","p2":"MafeIsMental","format":"[Gen 9] National Dex Ubers","log":"|j|\u2606TheKiddie\n|j|\u2606MafeIsMental\n|t:|1698986817\n|gametype|singles\n|player|p1|TheKiddie|schoolkid-gen4|1150\n|player|p2|MafeIsMental|psychic|1239\n|teamsize|p1|6\n|teamsize|p2|6\n|gen|9\n|tier|[Gen 9] National Dex Ubers\n|rated|\n|rule|HP Percentage Mod: HP is shown in percentages\n|rule|Endless Battle Clause: Forcing endless battles is banned\n|rule|OHKO Clause: OHKO moves are banned\n|rule|Evasion Moves Clause: Evasion moves are banned\n|rule|Evasion Items Clause: Evasion items are banned\n|rule|Species Clause: Limit one of each Pok\u00e9mon\n|rule|Sleep Clause Mod: Limit one foe put to sleep\n|rule|Mega Rayquaza Clause: You cannot mega evolve Rayquaza\n|clearpoke\n|poke|p1|Marshadow|\n|poke|p1|Tyranitar, M|\n|poke|p1|Hariyama, M|\n|poke|p1|Chansey, F|\n|poke|p1|Araquanid, F|\n|poke|p1|Weezing, M|\n|poke|p2|Annihilape, F|\n|poke|p2|Toxapex, F|\n|poke|p2|Dragapult, F|\n|poke|p2|Grimmsnarl, M|\n|poke|p2|Groudon|\n|poke|p2|Yveltal|\n|teampreview\n|inactive|Battle timer is ON: inactive players will automatically lose when time's up. (requested by MafeIsMental)\n|\n|t:|1698986820\n|start\n|switch|p1a: Tyranitar|Tyranitar, M|100\/100\n|switch|p2a: Grimmsnarl|Grimmsnarl, M|100\/100\n|-weather|Sandstorm|[from] ability: Sand Stream|[of] p1a: Tyranitar\n|turn|1\n|\n|t:|1698986833\n|move|p1a: Tyranitar|Protect|p1a: Tyranitar\n|-singleturn|p1a: Tyranitar|Protect\n|move|p2a: Grimmsnarl|Reflect|p2a: Grimmsnarl\n|-sidestart|p2: MafeIsMental|Reflect\n|\n|-weather|Sandstorm|[upkeep]\n|-damage|p2a: Grimmsnarl|94\/100|[from] Sandstorm\n|upkeep\n|turn|2\n|\n|t:|1698986838\n|move|p2a: Grimmsnarl|Light Screen|p2a: Grimmsnarl\n|-sidestart|p2: MafeIsMental|move: Light Screen\n|move|p1a: Tyranitar|Stealth Rock|p2a: Grimmsnarl\n|-sidestart|p2: MafeIsMental|move: Stealth Rock\n|\n|-weather|Sandstorm|[upkeep]\n|-damage|p2a: Grimmsnarl|88\/100|[from] Sandstorm\n|upkeep\n|turn|3\n|\n|t:|1698986844\n|switch|p1a: Araquanid|Araquanid, F|100\/100\n|switch|p2a: Yveltal|Yveltal|100\/100\n|-ability|p2a: Yveltal|Dark Aura\n|\n|-weather|Sandstorm|[upkeep]\n|-damage|p2a: Yveltal|94\/100|[from] Sandstorm\n|-damage|p1a: Araquanid|94\/100|[from] Sandstorm\n|-heal|p1a: Araquanid|100\/100|[from] item: Leftovers\n|upkeep\n|turn|4\n|\n|t:|1698986854\n|move|p2a: Yveltal|Defog|p1a: Araquanid\n|-unboost|p1a: Araquanid|evasion|1\n|-sideend|p2: MafeIsMental|Stealth Rock|[from] move: Defog|[of] p2a: Yveltal\n|move|p1a: Araquanid|Sticky Web|p2a: Yveltal\n|-sidestart|p2: MafeIsMental|move: Sticky Web\n|\n|-weather|Sandstorm|[upkeep]\n|-damage|p2a: Yveltal|88\/100|[from] Sandstorm\n|-damage|p1a: Araquanid|94\/100|[from] Sandstorm\n|-heal|p1a: Araquanid|100\/100|[from] item: Leftovers\n|upkeep\n|turn|5\n|\n|t:|1698986874\n|switch|p1a: Weezing|Weezing, M|100\/100\n|move|p2a: Yveltal|Defog|p1a: Weezing\n|-unboost|p1a: Weezing|evasion|1\n|-sideend|p2: MafeIsMental|Sticky Web|[from] move: Defog|[of] p2a: Yveltal\n|\n|-weather|none\n|upkeep\n|turn|6\n|\n|t:|1698986881\n|switch|p2a: Toxapex|Toxapex, F|100\/100\n|move|p1a: Weezing|Will-O-Wisp|p2a: Toxapex\n|-status|p2a: Toxapex|brn\n|\n|-damage|p2a: Toxapex|94\/100 brn|[from] brn\n|upkeep\n|turn|7\n|\n|t:|1698986893\n|switch|p2a: Groudon|Groudon, shiny|100\/100\n|detailschange|p2a: Groudon|Groudon-Primal, shiny\n|-primal|p2a: Groudon|Red Orb\n|-weather|DesolateLand|[from] ability: Desolate Land|[of] p2a: Groudon\n|move|p1a: Weezing|Toxic Spikes|p2a: Groudon\n|-sidestart|p2: MafeIsMental|move: Toxic Spikes\n|\n|-weather|DesolateLand|[upkeep]\n|upkeep\n|turn|8\n|\n|t:|1698986902\n|switch|p1a: Araquanid|Araquanid, F|100\/100\n|move|p2a: Groudon|Swords Dance|p2a: Groudon\n|-boost|p2a: Groudon|atk|2\n|\n|-weather|DesolateLand|[upkeep]\n|-sideend|p2: MafeIsMental|Reflect\n|upkeep\n|turn|9\n|\n|t:|1698986910\n|move|p2a: Groudon|Thunder Punch|p1a: Araquanid\n|-supereffective|p1a: Araquanid\n|-damage|p1a: Araquanid|0 fnt\n|faint|p1a: Araquanid\n|\n|-weather|DesolateLand|[upkeep]\n|-sideend|p2: MafeIsMental|move: Light Screen\n|upkeep\n|\n|t:|1698986916\n|switch|p1a: Tyranitar|Tyranitar, M|100\/100\n|-ability|p1a: Tyranitar|Sand Stream|[from] desolateland|[fail]\n|turn|10\n|\n|t:|1698986920\n|move|p1a: Tyranitar|Protect|p1a: Tyranitar\n|-singleturn|p1a: Tyranitar|Protect\n|move|p2a: Groudon|Precipice Blades|p1a: Tyranitar\n|-activate|p1a: Tyranitar|move: Protect\n|\n|-weather|DesolateLand|[upkeep]\n|upkeep\n|turn|11\n|\n|t:|1698986935\n|move|p2a: Groudon|Precipice Blades|p1a: Tyranitar|[miss]\n|-miss|p2a: Groudon|p1a: Tyranitar\n|move|p1a: Tyranitar|Whirlpool||[still]\n|-fail|p1a: Tyranitar|Whirlpool|[from] Desolate Land\n|\n|-weather|DesolateLand|[upkeep]\n|upkeep\n|turn|12\n|\n|t:|1698986942\n|move|p2a: Groudon|Precipice Blades|p1a: Tyranitar\n|-supereffective|p1a: Tyranitar\n|-enditem|p1a: Tyranitar|Focus Sash\n|-damage|p1a: Tyranitar|1\/100\n|move|p1a: Tyranitar|Roar|p2a: Groudon\n|-weather|none\n|drag|p2a: Dragapult|Dragapult, F|100\/100\n|-status|p2a: Dragapult|psn\n|\n|-damage|p2a: Dragapult|88\/100 psn|[from] psn\n|upkeep\n|turn|13\n|\n|t:|1698986952\n|switch|p2a: Toxapex|Toxapex, F|100\/100 brn\n|-sideend|p2: MafeIsMental|move: Toxic Spikes|[of] p2a: Toxapex\n|switch|p1a: Chansey|Chansey, F|100\/100\n|\n|-damage|p2a: Toxapex|94\/100 brn|[from] brn\n|upkeep\n|turn|14\n|\n|t:|1698986961\n|move|p1a: Chansey|Wish|p1a: Chansey\n|move|p2a: Toxapex|Toxic|p1a: Chansey\n|-status|p1a: Chansey|tox\n|\n|-heal|p2a: Toxapex|100\/100 brn|[from] item: Black Sludge\n|-damage|p1a: Chansey|94\/100 tox|[from] psn\n|-damage|p2a: Toxapex|94\/100 brn|[from] brn\n|upkeep\n|turn|15\n|\n|t:|1698986969\n|switch|p2a: Grimmsnarl|Grimmsnarl, M|88\/100\n|move|p1a: Chansey|Psychic|p2a: Grimmsnarl\n|-immune|p2a: Grimmsnarl\n|\n|-heal|p1a: Chansey|100\/100 tox|[from] move: Wish|[wisher] Chansey\n|-damage|p1a: Chansey|88\/100 tox|[from] psn\n|upkeep\n|turn|16\n|\n|t:|1698986978\n|move|p2a: Grimmsnarl|Taunt|p1a: Chansey\n|-start|p1a: Chansey|move: Taunt\n|cant|p1a: Chansey|move: Taunt|Wish\n|\n|-heal|p1a: Chansey|94\/100 tox|[from] item: Leftovers\n|-damage|p1a: Chansey|76\/100 tox|[from] psn\n|upkeep\n|turn|17\n|\n|t:|1698986988\n|-curestatus|p1a: Chansey|tox|[from] ability: Natural Cure\n|switch|p1a: Weezing|Weezing, M|100\/100\n|move|p2a: Grimmsnarl|Reflect|p2a: Grimmsnarl\n|-sidestart|p2: MafeIsMental|Reflect\n|\n|upkeep\n|turn|18\n|\n|t:|1698986995\n|move|p2a: Grimmsnarl|Taunt|p1a: Weezing\n|-start|p1a: Weezing|move: Taunt\n|cant|p1a: Weezing|move: Taunt|Will-O-Wisp\n|\n|upkeep\n|turn|19\n|\n|t:|1698986999\n|move|p2a: Grimmsnarl|Light Screen|p2a: Grimmsnarl\n|-sidestart|p2: MafeIsMental|move: Light Screen\n|move|p1a: Weezing|Heat Wave|p2a: Grimmsnarl|[miss]\n|-miss|p1a: Weezing|p2a: Grimmsnarl\n|\n|upkeep\n|turn|20\n|\n|t:|1698987003\n|move|p2a: Grimmsnarl|Parting Shot|p1a: Weezing\n|-unboost|p1a: Weezing|atk|1\n|-unboost|p1a: Weezing|spa|1\n|\n|t:|1698987009\n|switch|p2a: Groudon|Groudon-Primal, shiny|100\/100|[from] Parting Shot\n|-weather|DesolateLand|[from] ability: Desolate Land|[of] p2a: Groudon\n|move|p1a: Weezing|Heat Wave|p2a: Groudon\n|-resisted|p2a: Groudon\n|-crit|p2a: Groudon\n|-damage|p2a: Groudon|76\/100\n|\n|-weather|DesolateLand|[upkeep]\n|-end|p1a: Weezing|move: Taunt\n|upkeep\n|turn|21\n|\n|t:|1698987019\n|move|p2a: Groudon|Swords Dance|p2a: Groudon\n|-boost|p2a: Groudon|atk|2\n|move|p1a: Weezing|Toxic Spikes|p2a: Groudon\n|-sidestart|p2: MafeIsMental|move: Toxic Spikes\n|\n|-weather|DesolateLand|[upkeep]\n|upkeep\n|turn|22\n|\n|t:|1698987027\n|move|p2a: Groudon|Fire Punch|p1a: Weezing\n|-damage|p1a: Weezing|0 fnt\n|faint|p1a: Weezing\n|\n|-weather|DesolateLand|[upkeep]\n|upkeep\n|\n|t:|1698987033\n|switch|p1a: Hariyama|Hariyama, M|100\/100\n|turn|23\n|\n|t:|1698987035\n|move|p1a: Hariyama|Fake Out|p2a: Groudon\n|-damage|p2a: Groudon|72\/100\n|cant|p2a: Groudon|flinch\n|\n|-weather|DesolateLand|[upkeep]\n|upkeep\n|turn|24\n|\n|t:|1698987043\n|move|p1a: Hariyama|Bullet Punch|p2a: Groudon\n|-resisted|p2a: Groudon\n|-damage|p2a: Groudon|70\/100\n|move|p2a: Groudon|Fire Punch|p1a: Hariyama\n|-damage|p1a: Hariyama|0 fnt\n|faint|p1a: Hariyama\n|\n|-weather|DesolateLand|[upkeep]\n|-sideend|p2: MafeIsMental|Reflect\n|upkeep\n|\n|t:|1698987058\n|switch|p1a: Marshadow|Marshadow|100\/100\n|turn|25\n|\n|t:|1698987061\n|-weather|none\n|switch|p2a: Toxapex|Toxapex, F|100\/100 brn\n|-sideend|p2: MafeIsMental|move: Toxic Spikes|[of] p2a: Toxapex\n|move|p1a: Marshadow|Spectral Thief|p2a: Toxapex\n|-damage|p2a: Toxapex|75\/100 brn\n|\n|-heal|p2a: Toxapex|81\/100 brn|[from] item: Black Sludge\n|-damage|p2a: Toxapex|75\/100 brn|[from] brn\n|upkeep\n|turn|26\n|\n|t:|1698987072\n|switch|p1a: Chansey|Chansey, F|76\/100\n|move|p2a: Toxapex|Toxic|p1a: Chansey\n|-status|p1a: Chansey|tox\n|\n|-heal|p1a: Chansey|82\/100 tox|[from] item: Leftovers\n|-heal|p2a: Toxapex|81\/100 brn|[from] item: Black Sludge\n|-damage|p1a: Chansey|76\/100 tox|[from] psn\n|-damage|p2a: Toxapex|75\/100 brn|[from] brn\n|-sideend|p2: MafeIsMental|move: Light Screen\n|upkeep\n|turn|27\n|\n|t:|1698987082\n|switch|p2a: Grimmsnarl|Grimmsnarl, M|88\/100\n|move|p1a: Chansey|Wish|p1a: Chansey\n|\n|-heal|p1a: Chansey|82\/100 tox|[from] item: Leftovers\n|-damage|p1a: Chansey|70\/100 tox|[from] psn\n|upkeep\n|turn|28\n|\n|t:|1698987089\n|-curestatus|p1a: Chansey|tox|[from] ability: Natural Cure\n|switch|p1a: Tyranitar|Tyranitar, M|1\/100\n|-weather|Sandstorm|[from] ability: Sand Stream|[of] p1a: Tyranitar\n|move|p2a: Grimmsnarl|Taunt|p1a: Tyranitar\n|-hint|Since gen 7, Dark is immune to Prankster moves.\n|-immune|p1a: Tyranitar\n|\n|-weather|Sandstorm|[upkeep]\n|-damage|p2a: Grimmsnarl|82\/100|[from] Sandstorm\n|-heal|p1a: Tyranitar|88\/100|[from] move: Wish|[wisher] Chansey\n|upkeep\n|turn|29\n|\n|t:|1698987107\n|switch|p2a: Groudon|Groudon-Primal, shiny|70\/100\n|-weather|DesolateLand|[from] ability: Desolate Land|[of] p2a: Groudon\n|move|p1a: Tyranitar|Whirlpool||[still]\n|-fail|p1a: Tyranitar|Whirlpool|[from] Desolate Land\n|\n|-weather|DesolateLand|[upkeep]\n|upkeep\n|turn|30\n|\n|t:|1698987120\n|switch|p1a: Marshadow|Marshadow|100\/100\n|move|p2a: Groudon|Precipice Blades|p1a: Marshadow\n|-damage|p1a: Marshadow|0 fnt\n|faint|p1a: Marshadow\n|\n|-weather|DesolateLand|[upkeep]\n|upkeep\n|\n|t:|1698987127\n|switch|p1a: Chansey|Chansey, F|70\/100\n|turn|31\n|\n|t:|1698987132\n|move|p2a: Groudon|Precipice Blades|p1a: Chansey\n|-damage|p1a: Chansey|0 fnt\n|faint|p1a: Chansey\n|\n|-weather|DesolateLand|[upkeep]\n|upkeep\n|\n|t:|1698987136\n|switch|p1a: Tyranitar|Tyranitar, M|88\/100\n|-ability|p1a: Tyranitar|Sand Stream|[from] desolateland|[fail]\n|turn|32\n|\n|t:|1698987143\n|move|p2a: Groudon|Precipice Blades|p1a: Tyranitar|[miss]\n|-miss|p2a: Groudon|p1a: Tyranitar\n|move|p1a: Tyranitar|Roar|p2a: Groudon\n|-weather|none\n|drag|p2a: Dragapult|Dragapult, F|88\/100 psn\n|\n|-heal|p2a: Dragapult|94\/100 psn|[from] item: Leftovers\n|-damage|p2a: Dragapult|82\/100 psn|[from] psn\n|upkeep\n|turn|33\n|\n|t:|1698987156\n|switch|p2a: Yveltal|Yveltal|88\/100\n|-ability|p2a: Yveltal|Dark Aura\n|move|p1a: Tyranitar|Whirlpool|p2a: Yveltal\n|-damage|p2a: Yveltal|82\/100\n|-activate|p2a: Yveltal|move: Whirlpool|[of] p1a: Tyranitar\n|\n|-damage|p2a: Yveltal|70\/100|[from] move: Whirlpool|[partiallytrapped]\n|upkeep\n|turn|34\n|\n|t:|1698987168\n|move|p1a: Tyranitar|Protect|p1a: Tyranitar\n|-singleturn|p1a: Tyranitar|Protect\n|move|p2a: Yveltal|Toxic|p1a: Tyranitar\n|-activate|p1a: Tyranitar|move: Protect\n|\n|-damage|p2a: Yveltal|58\/100|[from] move: Whirlpool|[partiallytrapped]\n|upkeep\n|turn|35\n|\n|t:|1698987175\n|-terastallize|p2a: Yveltal|Ghost\n|move|p2a: Yveltal|Toxic|p1a: Tyranitar|[miss]\n|-miss|p2a: Yveltal|p1a: Tyranitar\n|move|p1a: Tyranitar|Roar|p2a: Yveltal\n|drag|p2a: Dragapult|Dragapult, F|82\/100 psn\n|\n|-heal|p2a: Dragapult|88\/100 psn|[from] item: Leftovers\n|-damage|p2a: Dragapult|76\/100 psn|[from] psn\n|upkeep\n|turn|36\n|\n|t:|1698987184\n|switch|p2a: Yveltal|Yveltal, tera:Ghost|58\/100\n|-ability|p2a: Yveltal|Dark Aura\n|move|p1a: Tyranitar|Stealth Rock|p2a: Yveltal\n|-sidestart|p2: MafeIsMental|move: Stealth Rock\n|\n|upkeep\n|turn|37\n|\n|t:|1698987190\n|move|p2a: Yveltal|Defog|p1a: Tyranitar\n|-unboost|p1a: Tyranitar|evasion|1\n|-sideend|p2: MafeIsMental|Stealth Rock|[from] move: Defog|[of] p2a: Yveltal\n|move|p1a: Tyranitar|Whirlpool|p2a: Yveltal\n|-damage|p2a: Yveltal|52\/100\n|-activate|p2a: Yveltal|move: Whirlpool|[of] p1a: Tyranitar\n|\n|-damage|p2a: Yveltal|40\/100|[from] move: Whirlpool|[partiallytrapped]\n|upkeep\n|turn|38\n|\n|t:|1698987199\n|move|p1a: Tyranitar|Protect|p1a: Tyranitar\n|-singleturn|p1a: Tyranitar|Protect\n|move|p2a: Yveltal|Roost|p2a: Yveltal\n|-heal|p2a: Yveltal|90\/100\n|\n|-damage|p2a: Yveltal|77\/100|[from] move: Whirlpool|[partiallytrapped]\n|upkeep\n|turn|39\n|\n|t:|1698987206\n|move|p2a: Yveltal|Toxic|p1a: Tyranitar\n|-status|p1a: Tyranitar|tox\n|move|p1a: Tyranitar|Roar|p2a: Yveltal\n|drag|p2a: Annihilape|Annihilape, F|100\/100\n|\n|-damage|p1a: Tyranitar|81\/100 tox|[from] psn\n|upkeep\n|turn|40\n|\n|t:|1698987215\n|move|p2a: Annihilape|Taunt|p1a: Tyranitar\n|-start|p1a: Tyranitar|move: Taunt\n|move|p1a: Tyranitar|Whirlpool|p2a: Annihilape\n|-damage|p2a: Annihilape|95\/100\n|-activate|p2a: Annihilape|move: Whirlpool|[of] p1a: Tyranitar\n|\n|-heal|p2a: Annihilape|100\/100|[from] item: Leftovers\n|-damage|p1a: Tyranitar|69\/100 tox|[from] psn\n|-damage|p2a: Annihilape|88\/100|[from] move: Whirlpool|[partiallytrapped]\n|upkeep\n|turn|41\n|\n|t:|1698987225\n|switch|p2a: Yveltal|Yveltal, tera:Ghost|77\/100\n|-ability|p2a: Yveltal|Dark Aura\n|move|p1a: Tyranitar|Whirlpool|p2a: Yveltal|[miss]\n|-miss|p1a: Tyranitar|p2a: Yveltal\n|\n|-damage|p1a: Tyranitar|50\/100 tox|[from] psn\n|upkeep\n|turn|42\n|\n|t:|1698987235\n|move|p2a: Yveltal|Foul Play|p1a: Tyranitar\n|-resisted|p1a: Tyranitar\n|-damage|p1a: Tyranitar|33\/100 tox\n|move|p1a: Tyranitar|Whirlpool|p2a: Yveltal|[miss]\n|-miss|p1a: Tyranitar|p2a: Yveltal\n|\n|-damage|p1a: Tyranitar|8\/100 tox|[from] psn\n|-end|p1a: Tyranitar|move: Taunt\n|upkeep\n|turn|43\n|\n|t:|1698987244\n|move|p2a: Yveltal|Roost|p2a: Yveltal\n|-heal|p2a: Yveltal|100\/100\n|move|p1a: Tyranitar|Roar|p2a: Yveltal\n|drag|p2a: Dragapult|Dragapult, F|76\/100 psn\n|\n|-heal|p2a: Dragapult|82\/100 psn|[from] item: Leftovers\n|-damage|p2a: Dragapult|69\/100 psn|[from] psn\n|-damage|p1a: Tyranitar|0 fnt|[from] psn\n|faint|p1a: Tyranitar\n|\n|win|MafeIsMental\n|upkeep\n|raw|TheKiddie's rating: 1150 &rarr; <strong>1131<\/strong><br \/>(-19 for losing)\n|raw|MafeIsMental's rating: 1239 &rarr; <strong>1258<\/strong><br \/>(+19 for winning)\n|l|\u2606TheKiddie\n","uploadtime":1698987256,"views":10,"p1id":"thekiddie","p2id":"mafeismental","formatid":"gen9nationaldexubers","rating":1131,"private":0,"password":""}