{"id":"gen9nationaldexubers-1996416573","p1":"legospooder","p2":"A_Gamer8414","format":"[Gen 9] National Dex Ubers","log":"|j|\u2606legospooder\n|j|\u2606A_Gamer8414\n|t:|1700679945\n|gametype|singles\n|player|p1|legospooder|grimsley|\n|player|p2|A_Gamer8414|266|\n|teamsize|p1|6\n|teamsize|p2|6\n|gen|9\n|tier|[Gen 9] National Dex Ubers\n|rule|HP Percentage Mod: HP is shown in percentages\n|rule|Endless Battle Clause: Forcing endless battles is banned\n|rule|OHKO Clause: OHKO moves are banned\n|rule|Evasion Moves Clause: Evasion moves are banned\n|rule|Evasion Items Clause: Evasion items are banned\n|rule|Species Clause: Limit one of each Pok\u00e9mon\n|rule|Sleep Clause Mod: Limit one foe put to sleep\n|rule|Mega Rayquaza Clause: You cannot mega evolve Rayquaza\n|clearpoke\n|poke|p1|Ogerpon-Hearthflame, F|\n|poke|p1|Charizard, M|\n|poke|p1|Heatran, F|\n|poke|p1|Cinderace, M|\n|poke|p1|Skeledirge, M|\n|poke|p1|Ceruledge, F|\n|poke|p2|Diancie|\n|poke|p2|Iron Valiant|\n|poke|p2|Tapu Koko|\n|poke|p2|Klefki, F|\n|poke|p2|Hatterene, F|\n|poke|p2|Primarina, F|\n|teampreview\n|\n|t:|1700679971\n|start\n|switch|p1a: Rasmus H\u00f8jlund|Cinderace, M|100\/100\n|switch|p2a: Klefki|Klefki, F|100\/100\n|turn|1\n|\n|t:|1700680001\n|switch|p1a: Casper Schmeichel|Skeledirge, M, shiny|100\/100\n|move|p2a: Klefki|Thunder Wave|p1a: Casper Schmeichel\n|-status|p1a: Casper Schmeichel|par\n|\n|upkeep\n|turn|2\n|\n|t:|1700680009\n|move|p2a: Klefki|Light Screen|p2a: Klefki\n|-sidestart|p2: A_Gamer8414|move: Light Screen\n|cant|p1a: Casper Schmeichel|par\n|\n|upkeep\n|turn|3\n|\n|t:|1700680018\n|move|p2a: Klefki|Reflect|p2a: Klefki\n|-sidestart|p2: A_Gamer8414|Reflect\n|move|p1a: Casper Schmeichel|Torch Song|p2a: Klefki\n|-supereffective|p2a: Klefki\n|-damage|p2a: Klefki|65\/100\n|-boost|p1a: Casper Schmeichel|spa|1\n|\n|upkeep\n|turn|4\n|\n|t:|1700680033\n|switch|p2a: Primarina|Primarina, F|100\/100\n|move|p1a: Casper Schmeichel|Torch Song|p2a: Primarina\n|-resisted|p2a: Primarina\n|-damage|p2a: Primarina|91\/100\n|-boost|p1a: Casper Schmeichel|spa|1\n|\n|upkeep\n|turn|5\n|\n|t:|1700680064\n|move|p2a: Primarina|Sparkling Aria|p1a: Casper Schmeichel\n|-supereffective|p1a: Casper Schmeichel\n|-damage|p1a: Casper Schmeichel|0 fnt\n|faint|p1a: Casper Schmeichel\n|\n|upkeep\n|\n|t:|1700680078\n|switch|p1a: Christian Eriksen|Charizard, M, shiny|100\/100\n|turn|6\n|\n|t:|1700680102\n|detailschange|p1a: Christian Eriksen|Charizard-Mega-Y, M, shiny\n|-mega|p1a: Christian Eriksen|Charizard|Charizardite Y\n|-weather|SunnyDay|[from] ability: Drought|[of] p1a: Christian Eriksen\n|move|p1a: Christian Eriksen|Defog|p2a: Primarina\n|-unboost|p2a: Primarina|evasion|1\n|-sideend|p2: A_Gamer8414|Reflect\n|-sideend|p2: A_Gamer8414|move: Light Screen\n|move|p2a: Primarina|Sparkling Aria|p1a: Christian Eriksen\n|-supereffective|p1a: Christian Eriksen\n|-damage|p1a: Christian Eriksen|23\/100\n|\n|-weather|SunnyDay|[upkeep]\n|upkeep\n|turn|7\n|c|\u2606legospooder|didnt even know i could do that lol\n|\n|t:|1700680127\n|move|p1a: Christian Eriksen|Solar Beam||[still]\n|-prepare|p1a: Christian Eriksen|Solar Beam\n|-anim|p1a: Christian Eriksen|Solar Beam|p2a: Primarina\n|-supereffective|p2a: Primarina\n|-damage|p2a: Primarina|2\/100\n|move|p2a: Primarina|Sparkling Aria|p1a: Christian Eriksen\n|-supereffective|p1a: Christian Eriksen\n|-damage|p1a: Christian Eriksen|0 fnt\n|faint|p1a: Christian Eriksen\n|\n|-weather|SunnyDay|[upkeep]\n|upkeep\n|\n|t:|1700680140\n|switch|p1a: Rasmus H\u00f8jlund|Cinderace, M|100\/100\n|turn|8\n|\n|t:|1700680192\n|switch|p2a: Hatterene|Hatterene, F|100\/100\n|move|p1a: Rasmus H\u00f8jlund|U-turn|p2a: Hatterene\n|-start|p1a: Rasmus H\u00f8jlund|typechange|Bug|[from] ability: Libero\n|-damage|p2a: Hatterene|71\/100\n|\n|t:|1700680228\n|switch|p1a: Simon Kj\u00e6r|Heatran, F, shiny|100\/100|[from] U-turn\n|-item|p1a: Simon Kj\u00e6r|Air Balloon\n|\n|-weather|SunnyDay|[upkeep]\n|-heal|p2a: Hatterene|77\/100|[from] item: Leftovers\n|upkeep\n|turn|9\n|\n|t:|1700680238\n|move|p1a: Simon Kj\u00e6r|Flash Cannon|p2a: Hatterene\n|-supereffective|p2a: Hatterene\n|-damage|p2a: Hatterene|0 fnt\n|faint|p2a: Hatterene\n|\n|-weather|SunnyDay|[upkeep]\n|upkeep\n|c|\u2606legospooder|lesgo its not spdef invested\n|\n|t:|1700680278\n|switch|p2a: Klefki|Klefki, F|65\/100\n|turn|10\n|\n|t:|1700680296\n|move|p2a: Klefki|Reflect|p2a: Klefki\n|-sidestart|p2: A_Gamer8414|Reflect\n|move|p1a: Simon Kj\u00e6r|Earth Power|p2a: Klefki\n|-supereffective|p2a: Klefki\n|-damage|p2a: Klefki|0 fnt\n|faint|p2a: Klefki\n|\n|-weather|none\n|upkeep\n|\n|t:|1700680304\n|switch|p2a: Tapu Koko|Tapu Koko|100\/100\n|-fieldstart|move: Electric Terrain|[from] ability: Electric Surge|[of] p2a: Tapu Koko\n|turn|11\n|c|\u2606legospooder|LESGO MAN\n|c|\u2606legospooder|IM SICK OFF HER ASS\n|\n|t:|1700680322\n|move|p2a: Tapu Koko|U-turn|p1a: Simon Kj\u00e6r\n|-resisted|p1a: Simon Kj\u00e6r\n|-damage|p1a: Simon Kj\u00e6r|97\/100\n|-enditem|p1a: Simon Kj\u00e6r|Air Balloon\n|\n|t:|1700680326\n|switch|p2a: Primarina|Primarina, F|2\/100|[from] U-turn\n|move|p1a: Simon Kj\u00e6r|Earth Power|p2a: Primarina\n|-damage|p2a: Primarina|0 fnt\n|faint|p2a: Primarina\n|\n|upkeep\n|\n|t:|1700680330\n|switch|p2a: Diancie|Diancie|100\/100\n|turn|12\n|\n|t:|1700680336\n|detailschange|p2a: Diancie|Diancie-Mega\n|-mega|p2a: Diancie|Diancie|Diancite\n|move|p2a: Diancie|Earth Power|p1a: Simon Kj\u00e6r\n|-supereffective|p1a: Simon Kj\u00e6r\n|-damage|p1a: Simon Kj\u00e6r|0 fnt\n|faint|p1a: Simon Kj\u00e6r\n|\n|upkeep\n|\n|t:|1700680356\n|switch|p1a: Christian N\u00f8rgaard|Ogerpon-Hearthflame, F|100\/100\n|-ability|p1a: Christian N\u00f8rgaard|Mold Breaker\n|turn|13\n|\n|t:|1700680367\n|move|p1a: Christian N\u00f8rgaard|Horn Leech|p2a: Diancie\n|-supereffective|p2a: Diancie\n|-damage|p2a: Diancie|38\/100\n|move|p2a: Diancie|Diamond Storm|p1a: Christian N\u00f8rgaard\n|-supereffective|p1a: Christian N\u00f8rgaard\n|-damage|p1a: Christian N\u00f8rgaard|0 fnt\n|faint|p1a: Christian N\u00f8rgaard\n|\n|upkeep\n|\n|t:|1700680405\n|switch|p1a: Rasmus H\u00f8jlund|Cinderace, M|100\/100\n|turn|14\n|\n|t:|1700680428\n|move|p1a: Rasmus H\u00f8jlund|High Jump Kick|p2a: Diancie\n|-start|p1a: Rasmus H\u00f8jlund|typechange|Fighting|[from] ability: Libero\n|-damage|p2a: Diancie|0 fnt\n|faint|p2a: Diancie\n|\n|upkeep\n|\n|t:|1700680436\n|switch|p2a: Iron Valiant|Iron Valiant|100\/100\n|-activate|p2a: Iron Valiant|ability: Quark Drive\n|-start|p2a: Iron Valiant|quarkdrivespe\n|turn|15\n|\n|t:|1700680445\n|move|p2a: Iron Valiant|Spirit Break|p1a: Rasmus H\u00f8jlund\n|-supereffective|p1a: Rasmus H\u00f8jlund\n|-damage|p1a: Rasmus H\u00f8jlund|0 fnt\n|faint|p1a: Rasmus H\u00f8jlund\n|\n|-fieldend|move: Electric Terrain\n|-end|p2a: Iron Valiant|Quark Drive\n|upkeep\n|\n|t:|1700680452\n|switch|p1a: Mohamed Daraby|Ceruledge, F, shiny|100\/100\n|turn|16\n|\n|t:|1700680462\n|move|p2a: Iron Valiant|Knock Off|p1a: Mohamed Daraby\n|-supereffective|p1a: Mohamed Daraby\n|-damage|p1a: Mohamed Daraby|7\/100\n|-ability|p1a: Mohamed Daraby|Weak Armor|boost\n|-unboost|p1a: Mohamed Daraby|def|1\n|-boost|p1a: Mohamed Daraby|spe|2\n|-enditem|p1a: Mohamed Daraby|Focus Sash|[from] move: Knock Off|[of] p2a: Iron Valiant\n|move|p1a: Mohamed Daraby|Swords Dance|p1a: Mohamed Daraby\n|-boost|p1a: Mohamed Daraby|atk|2\n|\n|upkeep\n|turn|17\n|\n|t:|1700680474\n|move|p1a: Mohamed Daraby|Bitter Blade|p2a: Iron Valiant\n|-damage|p2a: Iron Valiant|31\/100\n|-heal|p1a: Mohamed Daraby|41\/100|[from] drain|[of] p2a: Iron Valiant\n|move|p2a: Iron Valiant|Knock Off|p1a: Mohamed Daraby\n|-supereffective|p1a: Mohamed Daraby\n|-damage|p1a: Mohamed Daraby|0 fnt\n|faint|p1a: Mohamed Daraby\n|\n|win|A_Gamer8414\n","uploadtime":1700680482,"views":0,"p1id":"legospooder","p2id":"agamer8414","formatid":"gen9nationaldexubers","rating":0,"private":0,"password":""}