{"id":"gen9nationaldexubers-1982738671","p1":"Panned","p2":"kirblaster","format":"[Gen 9] National Dex Ubers","log":"|j|\u2606Panned\n|j|\u2606kirblaster\n|t:|1699040330\n|gametype|singles\n|player|p1|Panned|1|\n|player|p2|kirblaster|yellow|\n|teamsize|p1|6\n|teamsize|p2|6\n|gen|9\n|tier|[Gen 9] National Dex Ubers\n|rule|HP Percentage Mod: HP is shown in percentages\n|rule|Endless Battle Clause: Forcing endless battles is banned\n|rule|OHKO Clause: OHKO moves are banned\n|rule|Evasion Moves Clause: Evasion moves are banned\n|rule|Evasion Items Clause: Evasion items are banned\n|rule|Species Clause: Limit one of each Pok\u00e9mon\n|rule|Sleep Clause Mod: Limit one foe put to sleep\n|rule|Mega Rayquaza Clause: You cannot mega evolve Rayquaza\n|clearpoke\n|poke|p1|Genesect|\n|poke|p1|Snom, F|\n|poke|p1|Pyukumuku, M|\n|poke|p1|Cinderace, F|\n|poke|p1|Buzzwole|\n|poke|p1|Diancie|\n|poke|p2|Politoed, F|\n|poke|p2|Palafin, F|\n|poke|p2|Charjabug, M|\n|poke|p2|Swampert, F|\n|poke|p2|Goodra-Hisui, M|\n|poke|p2|Mew|\n|teampreview\n|inactive|Battle timer is ON: inactive players will automatically lose when time's up. (requested by kirblaster)\n|j| V-Creating Victory\n|\n|t:|1699040350\n|start\n|switch|p1a: Crystal meth|Diancie|100\/100\n|switch|p2a: Charjabug|Charjabug, M|100\/100\n|turn|1\n|\n|t:|1699040358\n|switch|p2a: hi diance|Goodra-Hisui, M|100\/100\n|move|p1a: Crystal meth|Mystical Fire|p2a: hi diance\n|-damage|p2a: hi diance|91\/100\n|-unboost|p2a: hi diance|spa|1\n|\n|upkeep\n|turn|2\n|inactive|Panned has 270 seconds left.\n|j| hype plain\n|inactive|kirblaster has 270 seconds left.\n|\n|t:|1699040406\n|detailschange|p1a: Crystal meth|Diancie-Mega\n|-mega|p1a: Crystal meth|Diancie|Diancite\n|move|p1a: Crystal meth|Diamond Storm|p2a: hi diance\n|-resisted|p2a: hi diance\n|-damage|p2a: hi diance|75\/100\n|-boost|p1a: Crystal meth|def|2\n|move|p2a: hi diance|Draco Meteor|p1a: Crystal meth\n|-immune|p1a: Crystal meth\n|\n|upkeep\n|turn|3\n|c| hype plain|ooooo\n|inactive|Panned has 270 seconds left.\n|c|\u2606kirblaster|hi HP\n|\n|t:|1699040424\n|move|p1a: Crystal meth|Moonblast|p2a: hi diance\n|-damage|p2a: hi diance|47\/100\n|move|p2a: hi diance|Heavy Slam|p1a: Crystal meth\n|-supereffective|p1a: Crystal meth\n|-damage|p1a: Crystal meth|0 fnt\n|faint|p1a: Crystal meth\n|\n|upkeep\n|\n|t:|1699040433\n|switch|p1a: The skeeto|Buzzwole|100\/100\n|turn|4\n|inactive|Panned has 270 seconds left.\n|\n|t:|1699040453\n|move|p1a: The skeeto|Bulk Up|p1a: The skeeto\n|-boost|p1a: The skeeto|atk|1\n|-boost|p1a: The skeeto|def|1\n|move|p2a: hi diance|Flamethrower|p1a: The skeeto\n|-supereffective|p1a: The skeeto\n|-damage|p1a: The skeeto|60\/100\n|\n|-heal|p1a: The skeeto|66\/100|[from] item: Leftovers\n|upkeep\n|turn|5\n|inactive|Panned has 270 seconds left.\n|\n|t:|1699040461\n|move|p1a: The skeeto|Leech Life|p2a: hi diance\n|-resisted|p2a: hi diance\n|-damage|p2a: hi diance|22\/100\n|-heal|p1a: The skeeto|77\/100|[from] drain|[of] p2a: hi diance\n|move|p2a: hi diance|Hidden Power|p1a: The skeeto\n|-supereffective|p1a: The skeeto\n|-damage|p1a: The skeeto|24\/100\n|\n|-heal|p1a: The skeeto|30\/100|[from] item: Leftovers\n|upkeep\n|turn|6\n|inactive|Panned has 270 seconds left.\n|\n|t:|1699040472\n|move|p1a: The skeeto|Drain Punch|p2a: hi diance\n|-supereffective|p2a: hi diance\n|-damage|p2a: hi diance|0 fnt\n|-heal|p1a: The skeeto|40\/100|[from] drain|[of] p2a: hi diance\n|faint|p2a: hi diance\n|-ability|p1a: The skeeto|Beast Boost|boost\n|-boost|p1a: The skeeto|atk|1\n|\n|-heal|p1a: The skeeto|46\/100|[from] item: Leftovers\n|upkeep\n|\n|t:|1699040493\n|switch|p2a: Palafin|Palafin, F|100\/100\n|turn|7\n|inactive|kirblaster has 270 seconds left.\n|\n|t:|1699040531\n|-terastallize|p1a: The skeeto|Bug\n|move|p2a: Palafin|Flip Turn|p1a: The skeeto\n|-damage|p1a: The skeeto|37\/100\n|\n|t:|1699040542\n|detailschange|p2a: Palafin|Palafin-Hero, F\n|switch|p2a: Politoed|Politoed, F|100\/100|[from] Flip Turn\n|-weather|RainDance|[from] ability: Drizzle|[of] p2a: Politoed\n|move|p1a: The skeeto|Drain Punch|p2a: Politoed\n|-damage|p2a: Politoed|6\/100\n|-heal|p1a: The skeeto|80\/100|[from] drain|[of] p2a: Politoed\n|\n|-weather|RainDance|[upkeep]\n|-heal|p1a: The skeeto|87\/100|[from] item: Leftovers\n|upkeep\n|turn|8\n|\n|t:|1699040561\n|move|p1a: The skeeto|Leech Life|p2a: Politoed\n|-damage|p2a: Politoed|0 fnt\n|-heal|p1a: The skeeto|89\/100|[from] drain|[of] p2a: Politoed\n|faint|p2a: Politoed\n|-ability|p1a: The skeeto|Beast Boost|boost\n|-boost|p1a: The skeeto|atk|1\n|\n|-weather|RainDance|[upkeep]\n|-heal|p1a: The skeeto|95\/100|[from] item: Leftovers\n|upkeep\n|\n|t:|1699040589\n|switch|p2a: Mew|Mew|100\/100\n|turn|9\n|inactive|Panned has 270 seconds left.\n|\n|t:|1699040629\n|-terastallize|p2a: Mew|Flying\n|move|p2a: Mew|Hurricane|p1a: The skeeto\n|-supereffective|p1a: The skeeto\n|-crit|p1a: The skeeto\n|-damage|p1a: The skeeto|0 fnt\n|faint|p1a: The skeeto\n|\n|-weather|RainDance|[upkeep]\n|upkeep\n|\n|t:|1699040640\n|switch|p1a: Jonothan Joestar|Pyukumuku, M|100\/100\n|turn|10\n|\n|t:|1699040643\n|move|p2a: Mew|Substitute|p2a: Mew\n|-start|p2a: Mew|Substitute\n|-damage|p2a: Mew|76\/100\n|move|p1a: Jonothan Joestar|Toxic||[still]\n|-fail|p1a: Jonothan Joestar\n|\n|-weather|RainDance|[upkeep]\n|-heal|p2a: Mew|82\/100|[from] item: Leftovers\n|upkeep\n|turn|11\n|\n|t:|1699040659\n|switch|p1a: Iphone 8|Genesect|100\/100\n|-ability|p1a: Iphone 8|Download|boost\n|-boost|p1a: Iphone 8|atk|1\n|move|p2a: Mew|Nasty Plot|p2a: Mew\n|-boost|p2a: Mew|spa|2\n|\n|-weather|RainDance|[upkeep]\n|-heal|p2a: Mew|88\/100|[from] item: Leftovers\n|upkeep\n|turn|12\n|\n|t:|1699040678\n|move|p1a: Iphone 8|Flash Cannon|p2a: Mew\n|-end|p2a: Mew|Substitute\n|move|p2a: Mew|Hurricane|p1a: Iphone 8\n|-damage|p1a: Iphone 8|0 fnt\n|faint|p1a: Iphone 8\n|\n|-weather|RainDance|[upkeep]\n|-heal|p2a: Mew|94\/100|[from] item: Leftovers\n|upkeep\n|\n|t:|1699040686\n|switch|p1a: Messi|Cinderace, F|100\/100\n|turn|13\n|\n|t:|1699040698\n|move|p1a: Messi|Sucker Punch|p2a: Mew\n|-start|p1a: Messi|typechange|Dark|[from] ability: Libero\n|-damage|p2a: Mew|52\/100\n|-damage|p1a: Messi|91\/100|[from] item: Life Orb\n|move|p2a: Mew|Surf|p1a: Messi\n|-damage|p1a: Messi|0 fnt\n|faint|p1a: Messi\n|\n|-weather|RainDance|[upkeep]\n|-heal|p2a: Mew|58\/100|[from] item: Leftovers\n|upkeep\n|n| Casper the spirit|hypeplain\n|\n|t:|1699040709\n|switch|p1a: Ted Cruz|Snom, F|100\/100\n|turn|14\n|\n|t:|1699040724\n|move|p2a: Mew|Hurricane|p1a: Ted Cruz\n|-supereffective|p1a: Ted Cruz\n|-damage|p1a: Ted Cruz|0 fnt\n|faint|p1a: Ted Cruz\n|\n|-weather|none\n|-heal|p2a: Mew|64\/100|[from] item: Leftovers\n|upkeep\n|\n|t:|1699040730\n|switch|p1a: Jonothan Joestar|Pyukumuku, M|100\/100\n|turn|15\n|\n|t:|1699040739\n|move|p2a: Mew|Substitute|p2a: Mew\n|-start|p2a: Mew|Substitute\n|-damage|p2a: Mew|39\/100\n|move|p1a: Jonothan Joestar|Soak||[still]\n|-fail|p1a: Jonothan Joestar\n|\n|-heal|p2a: Mew|45\/100|[from] item: Leftovers\n|upkeep\n|turn|16\n|\n|t:|1699040747\n|move|p2a: Mew|Hurricane|p1a: Jonothan Joestar\n|-damage|p1a: Jonothan Joestar|68\/100\n|-start|p1a: Jonothan Joestar|confusion\n|-activate|p1a: Jonothan Joestar|confusion\n|move|p1a: Jonothan Joestar|Toxic||[still]\n|-fail|p1a: Jonothan Joestar\n|\n|-heal|p2a: Mew|52\/100|[from] item: Leftovers\n|-heal|p1a: Jonothan Joestar|74\/100|[from] item: Leftovers\n|upkeep\n|turn|17\n|\n|t:|1699040759\n|move|p2a: Mew|Hurricane|p1a: Jonothan Joestar\n|-damage|p1a: Jonothan Joestar|39\/100\n|-activate|p1a: Jonothan Joestar|confusion\n|-damage|p1a: Jonothan Joestar|35\/100|[from] confusion\n|\n|-heal|p2a: Mew|58\/100|[from] item: Leftovers\n|-heal|p1a: Jonothan Joestar|41\/100|[from] item: Leftovers\n|upkeep\n|turn|18\n|\n|t:|1699040775\n|move|p2a: Mew|Hurricane|p1a: Jonothan Joestar|[miss]\n|-miss|p2a: Mew|p1a: Jonothan Joestar\n|-activate|p1a: Jonothan Joestar|confusion\n|-damage|p1a: Jonothan Joestar|36\/100|[from] confusion\n|\n|-heal|p2a: Mew|64\/100|[from] item: Leftovers\n|-heal|p1a: Jonothan Joestar|42\/100|[from] item: Leftovers\n|upkeep\n|turn|19\n|inactive|Panned has 270 seconds left.\n|\n|t:|1699040784\n|move|p2a: Mew|Hurricane|p1a: Jonothan Joestar\n|-damage|p1a: Jonothan Joestar|9\/100\n|-activate|p1a: Jonothan Joestar|confusion\n|-damage|p1a: Jonothan Joestar|4\/100|[from] confusion\n|\n|-heal|p2a: Mew|70\/100|[from] item: Leftovers\n|-heal|p1a: Jonothan Joestar|10\/100|[from] item: Leftovers\n|upkeep\n|turn|20\n|inactive|Panned has 270 seconds left.\n|\n|t:|1699040805\n|move|p2a: Mew|Hurricane|p1a: Jonothan Joestar\n|-damage|p1a: Jonothan Joestar|0 fnt\n|faint|p1a: Jonothan Joestar\n|\n|win|kirblaster\n|l|\u2606Panned\n|c| V-Creating Victory|gg\n","uploadtime":1699040818,"views":7,"p1id":"panned","p2id":"kirblaster","formatid":"gen9nationaldexubers","rating":0,"private":0,"password":""}