{"id":"gen9nationaldexubers-1991782018","p1":"Fazy1","p2":"Fazykins","format":"[Gen 9] National Dex Ubers","log":"|j|\u2606Fazy1\n|j|\u2606Fazykins\n|t:|1700116290\n|gametype|singles\n|player|p1|Fazy1|2|\n|player|p2|Fazykins|2|\n|teamsize|p1|1\n|teamsize|p2|1\n|gen|9\n|tier|[Gen 9] National Dex Ubers\n|rule|HP Percentage Mod: HP is shown in percentages\n|rule|Endless Battle Clause: Forcing endless battles is banned\n|rule|OHKO Clause: OHKO moves are banned\n|rule|Evasion Moves Clause: Evasion moves are banned\n|rule|Evasion Items Clause: Evasion items are banned\n|rule|Species Clause: Limit one of each Pok\u00e9mon\n|rule|Sleep Clause Mod: Limit one foe put to sleep\n|rule|Mega Rayquaza Clause: You cannot mega evolve Rayquaza\n|clearpoke\n|poke|p1|Quaquaval, M|\n|poke|p2|Jigglypuff, F|\n|teampreview\n|\n|t:|1700116295\n|start\n|switch|p1a: Quaquaval|Quaquaval, M|100\/100\n|switch|p2a: Jigglypuff|Jigglypuff, F, shiny|100\/100\n|turn|1\n|\n|t:|1700116301\n|move|p1a: Quaquaval|Aqua Step|p2a: Jigglypuff\n|-damage|p2a: Jigglypuff|70\/100\n|-boost|p1a: Quaquaval|spe|1\n|-start|p1a: Quaquaval|Attract|[from] ability: Cute Charm|[of] p2a: Jigglypuff\n|move|p2a: Jigglypuff|Telekinesis|p1a: Quaquaval\n|-start|p1a: Quaquaval|Telekinesis\n|\n|upkeep\n|turn|2\n|\n|t:|1700116307\n|-activate|p1a: Quaquaval|move: Attract|[of] p2a: Jigglypuff\n|move|p1a: Quaquaval|Aqua Step|p2a: Jigglypuff\n|-damage|p2a: Jigglypuff|37\/100\n|-boost|p1a: Quaquaval|spe|1\n|move|p2a: Jigglypuff|Zap Cannon|p1a: Quaquaval\n|-supereffective|p1a: Quaquaval\n|-damage|p1a: Quaquaval|66\/100\n|-status|p1a: Quaquaval|par\n|\n|upkeep\n|turn|3\n|\n|t:|1700116317\n|-activate|p1a: Quaquaval|move: Attract|[of] p2a: Jigglypuff\n|cant|p1a: Quaquaval|Attract\n|move|p2a: Jigglypuff|Dynamic Punch|p1a: Quaquaval\n|-damage|p1a: Quaquaval|50\/100 par\n|-start|p1a: Quaquaval|confusion\n|\n|-end|p1a: Quaquaval|Telekinesis\n|upkeep\n|turn|4\n|\n|t:|1700116337\n|-activate|p1a: Quaquaval|confusion\n|-activate|p1a: Quaquaval|move: Attract|[of] p2a: Jigglypuff\n|move|p1a: Quaquaval|Aqua Step|p2a: Jigglypuff\n|-damage|p2a: Jigglypuff|5\/100\n|-boost|p1a: Quaquaval|spe|1\n|move|p2a: Jigglypuff|Pound|p1a: Quaquaval\n|-damage|p1a: Quaquaval|40\/100 par\n|\n|upkeep\n|turn|5\n|\n|t:|1700116347\n|-activate|p1a: Quaquaval|confusion\n|-damage|p1a: Quaquaval|22\/100 par|[from] confusion\n|move|p2a: Jigglypuff|Pound|p1a: Quaquaval\n|-damage|p1a: Quaquaval|11\/100 par\n|\n|upkeep\n|turn|6\n|\n|t:|1700116354\n|-end|p1a: Quaquaval|confusion\n|-activate|p1a: Quaquaval|move: Attract|[of] p2a: Jigglypuff\n|cant|p1a: Quaquaval|Attract\n|move|p2a: Jigglypuff|Pound|p1a: Quaquaval\n|-damage|p1a: Quaquaval|2\/100 par\n|\n|upkeep\n|turn|7\n|\n|t:|1700116362\n|-activate|p1a: Quaquaval|move: Attract|[of] p2a: Jigglypuff\n|cant|p1a: Quaquaval|Attract\n|move|p2a: Jigglypuff|Pound|p1a: Quaquaval\n|-damage|p1a: Quaquaval|0 fnt\n|faint|p1a: Quaquaval\n|\n|win|Fazykins\n","uploadtime":1700116369,"views":15,"p1id":"fazy1","p2id":"fazykins","formatid":"gen9nationaldexubers","rating":0,"private":0,"password":""}