{"id":"gen9nationaldexubers-1991736290","p1":"ShriveledMonkey","p2":"Atsign-235","format":"[Gen 9] National Dex Ubers","log":"|j|\u2606ShriveledMonkey\n|j|\u2606Atsign-235\n|t:|1700108832\n|gametype|singles\n|player|p1|ShriveledMonkey|265|1046\n|player|p2|Atsign-235|hilda-wonderlauncher|1127\n|teamsize|p1|6\n|teamsize|p2|6\n|gen|9\n|tier|[Gen 9] National Dex Ubers\n|rated|\n|rule|HP Percentage Mod: HP is shown in percentages\n|rule|Endless Battle Clause: Forcing endless battles is banned\n|rule|OHKO Clause: OHKO moves are banned\n|rule|Evasion Moves Clause: Evasion moves are banned\n|rule|Evasion Items Clause: Evasion items are banned\n|rule|Species Clause: Limit one of each Pok\u00e9mon\n|rule|Sleep Clause Mod: Limit one foe put to sleep\n|rule|Mega Rayquaza Clause: You cannot mega evolve Rayquaza\n|clearpoke\n|poke|p1|Slowbro, F|\n|poke|p1|Dodrio, F|\n|poke|p1|Maractus, F|\n|poke|p1|Kingambit, M|\n|poke|p1|Electivire, M|\n|poke|p1|Noivern, M|\n|poke|p2|Blaziken, M|\n|poke|p2|Flutter Mane|\n|poke|p2|Aggron, M|\n|poke|p2|Kartana|\n|poke|p2|Roaring Moon|\n|poke|p2|Volcarona, F|\n|teampreview\n|\n|t:|1700108837\n|start\n|switch|p1a: Maractus|Maractus, F|100\/100\n|switch|p2a: Volcarona|Volcarona, F|100\/100\n|turn|1\n|\n|t:|1700108845\n|move|p2a: Volcarona|Quiver Dance|p2a: Volcarona\n|-boost|p2a: Volcarona|spa|1\n|-boost|p2a: Volcarona|spd|1\n|-boost|p2a: Volcarona|spe|1\n|move|p1a: Maractus|Knock Off|p2a: Volcarona\n|-damage|p2a: Volcarona|75\/100\n|-status|p1a: Maractus|brn|[from] ability: Flame Body|[of] p2a: Volcarona\n|-enditem|p2a: Volcarona|Leftovers|[from] move: Knock Off|[of] p1a: Maractus\n|\n|-damage|p1a: Maractus|94\/100 brn|[from] brn\n|upkeep\n|turn|2\n|\n|t:|1700108861\n|move|p2a: Volcarona|Quiver Dance|p2a: Volcarona\n|-boost|p2a: Volcarona|spa|1\n|-boost|p2a: Volcarona|spd|1\n|-boost|p2a: Volcarona|spe|1\n|move|p1a: Maractus|Spikes|p2a: Volcarona\n|-sidestart|p2: Atsign-235|Spikes\n|\n|-damage|p1a: Maractus|88\/100 brn|[from] brn\n|upkeep\n|turn|3\n|\n|t:|1700108874\n|move|p2a: Volcarona|Fiery Dance|p1a: Maractus\n|-supereffective|p1a: Maractus\n|-damage|p1a: Maractus|0 fnt\n|-boost|p2a: Volcarona|spa|1\n|faint|p1a: Maractus\n|\n|upkeep\n|\n|t:|1700108883\n|switch|p1a: Dodrio|Dodrio, F|100\/100\n|turn|4\n|\n|t:|1700108896\n|move|p1a: Dodrio|Brave Bird|p2a: Volcarona\n|-supereffective|p2a: Volcarona\n|-damage|p2a: Volcarona|0 fnt\n|-status|p1a: Dodrio|brn|[from] ability: Flame Body|[of] p2a: Volcarona\n|faint|p2a: Volcarona\n|-damage|p1a: Dodrio|71\/100 brn|[from] Recoil\n|\n|-damage|p1a: Dodrio|65\/100 brn|[from] brn\n|upkeep\n|\n|t:|1700108907\n|switch|p2a: Aggron|Aggron, M|100\/100\n|-damage|p2a: Aggron|88\/100|[from] Spikes\n|turn|5\n|\n|t:|1700108914\n|switch|p1a: Electivire|Electivire, M|100\/100\n|move|p2a: Aggron|Thunder Punch|p1a: Electivire\n|-ability|p1a: Electivire|Motor Drive|boost\n|-boost|p1a: Electivire|spe|1\n|\n|upkeep\n|turn|6\n|\n|t:|1700108925\n|move|p1a: Electivire|Earthquake|p2a: Aggron\n|-supereffective|p2a: Aggron\n|-damage|p2a: Aggron|12\/100\n|-enditem|p2a: Aggron|Weakness Policy\n|-boost|p2a: Aggron|atk|2|[from] item: Weakness Policy\n|-boost|p2a: Aggron|spa|2|[from] item: Weakness Policy\n|-damage|p1a: Electivire|91\/100|[from] item: Life Orb\n|move|p2a: Aggron|Earthquake|p1a: Electivire\n|-supereffective|p1a: Electivire\n|-damage|p1a: Electivire|0 fnt\n|faint|p1a: Electivire\n|\n|upkeep\n|\n|t:|1700108936\n|switch|p1a: Noivern|Noivern, M|100\/100\n|turn|7\n|\n|t:|1700108939\n|move|p1a: Noivern|Focus Blast|p2a: Aggron\n|-supereffective|p2a: Aggron\n|-crit|p2a: Aggron\n|-damage|p2a: Aggron|0 fnt\n|faint|p2a: Aggron\n|\n|upkeep\n|\n|t:|1700108951\n|switch|p2a: Roaring Moon|Roaring Moon|100\/100\n|-damage|p2a: Roaring Moon|88\/100|[from] Spikes\n|-enditem|p2a: Roaring Moon|Booster Energy\n|-activate|p2a: Roaring Moon|ability: Protosynthesis|[fromitem]\n|-start|p2a: Roaring Moon|protosynthesisatk\n|turn|8\n|\n|t:|1700108963\n|-terastallize|p1a: Noivern|Normal\n|move|p1a: Noivern|Focus Blast|p2a: Roaring Moon\n|-supereffective|p2a: Roaring Moon\n|-damage|p2a: Roaring Moon|19\/100\n|move|p2a: Roaring Moon|Dragon Claw|p1a: Noivern\n|-damage|p1a: Noivern|18\/100\n|\n|upkeep\n|turn|9\n|\n|t:|1700108975\n|move|p1a: Noivern|Boomburst|p2a: Roaring Moon\n|-damage|p2a: Roaring Moon|0 fnt\n|faint|p2a: Roaring Moon\n|-end|p2a: Roaring Moon|Protosynthesis|[silent]\n|-enditem|p1a: Noivern|Throat Spray\n|-boost|p1a: Noivern|spa|1|[from] item: Throat Spray\n|\n|upkeep\n|\n|t:|1700108983\n|switch|p2a: Flutter Mane|Flutter Mane|100\/100\n|-damage|p2a: Flutter Mane|88\/100|[from] Spikes\n|-enditem|p2a: Flutter Mane|Booster Energy\n|-activate|p2a: Flutter Mane|ability: Protosynthesis|[fromitem]\n|-start|p2a: Flutter Mane|protosynthesisspa\n|turn|10\n|\n|t:|1700108996\n|move|p1a: Noivern|Dark Pulse|p2a: Flutter Mane\n|-damage|p2a: Flutter Mane|52\/100\n|move|p2a: Flutter Mane|Moonblast|p1a: Noivern\n|-damage|p1a: Noivern|0 fnt\n|faint|p1a: Noivern\n|\n|upkeep\n|\n|t:|1700109006\n|switch|p1a: Kingambit|Kingambit, M|100\/100\n|-activate|p1a: Kingambit|ability: Supreme Overlord\n|-start|p1a: Kingambit|fallen3|[silent]\n|-item|p1a: Kingambit|Air Balloon\n|turn|11\n|\n|t:|1700109014\n|move|p2a: Flutter Mane|Moonblast|p1a: Kingambit\n|-damage|p1a: Kingambit|23\/100\n|-unboost|p1a: Kingambit|spa|1\n|-enditem|p1a: Kingambit|Air Balloon\n|move|p1a: Kingambit|Swords Dance|p1a: Kingambit\n|-boost|p1a: Kingambit|atk|2\n|\n|upkeep\n|turn|12\n|\n|t:|1700109022\n|move|p1a: Kingambit|Sucker Punch|p2a: Flutter Mane\n|-damage|p2a: Flutter Mane|0 fnt\n|faint|p2a: Flutter Mane\n|-end|p2a: Flutter Mane|Protosynthesis|[silent]\n|\n|upkeep\n|\n|t:|1700109027\n|switch|p2a: Kartana|Kartana|100\/100\n|-damage|p2a: Kartana|88\/100|[from] Spikes\n|turn|13\n|\n|t:|1700109036\n|move|p1a: Kingambit|Sucker Punch|p2a: Kartana\n|-damage|p2a: Kartana|0 fnt\n|faint|p2a: Kartana\n|\n|upkeep\n|\n|t:|1700109043\n|switch|p2a: Blaziken|Blaziken, M|100\/100\n|-damage|p2a: Blaziken|88\/100|[from] Spikes\n|turn|14\n|\n|t:|1700109053\n|detailschange|p2a: Blaziken|Blaziken-Mega, M\n|-mega|p2a: Blaziken|Blaziken|Blazikenite\n|move|p2a: Blaziken|Protect|p2a: Blaziken\n|-singleturn|p2a: Blaziken|Protect\n|move|p1a: Kingambit|Swords Dance|p1a: Kingambit\n|-boost|p1a: Kingambit|atk|2\n|\n|-ability|p2a: Blaziken|Speed Boost|boost\n|-boost|p2a: Blaziken|spe|1\n|upkeep\n|turn|15\n|\n|t:|1700109068\n|move|p1a: Kingambit|Sucker Punch||[still]\n|-fail|p1a: Kingambit\n|move|p2a: Blaziken|Swords Dance|p2a: Blaziken\n|-boost|p2a: Blaziken|atk|2\n|\n|-ability|p2a: Blaziken|Speed Boost|boost\n|-boost|p2a: Blaziken|spe|1\n|upkeep\n|turn|16\n|\n|t:|1700109078\n|move|p1a: Kingambit|Sucker Punch||[still]\n|-fail|p1a: Kingambit\n|move|p2a: Blaziken|Swords Dance|p2a: Blaziken\n|-boost|p2a: Blaziken|atk|2\n|\n|-ability|p2a: Blaziken|Speed Boost|boost\n|-boost|p2a: Blaziken|spe|1\n|upkeep\n|turn|17\n|\n|t:|1700109085\n|move|p1a: Kingambit|Sucker Punch|p2a: Blaziken\n|-resisted|p2a: Blaziken\n|-damage|p2a: Blaziken|0 fnt\n|faint|p2a: Blaziken\n|\n|win|ShriveledMonkey\n|raw|ShriveledMonkey's rating: 1046 &rarr; <strong>1087<\/strong><br \/>(+41 for winning)\n|raw|Atsign-235's rating: 1127 &rarr; <strong>1096<\/strong><br \/>(-31 for losing)\n","uploadtime":1700109092,"views":22,"p1id":"shriveledmonkey","p2id":"atsign235","formatid":"gen9nationaldexubers","rating":1087,"private":0,"password":""}