{"id":"gen9nationaldexubers-1993621583","p1":"insanejokester","p2":"marchabs07","format":"[Gen 9] National Dex Ubers","log":"|j|\u2606insanejokester\n|j|\u2606marchabs07\n|t:|1700338445\n|gametype|singles\n|player|p1|insanejokester|flannery|1179\n|player|p2|marchabs07|red|1300\n|teamsize|p1|6\n|teamsize|p2|6\n|gen|9\n|tier|[Gen 9] National Dex Ubers\n|rated|\n|rule|HP Percentage Mod: HP is shown in percentages\n|rule|Endless Battle Clause: Forcing endless battles is banned\n|rule|OHKO Clause: OHKO moves are banned\n|rule|Evasion Moves Clause: Evasion moves are banned\n|rule|Evasion Items Clause: Evasion items are banned\n|rule|Species Clause: Limit one of each Pok\u00e9mon\n|rule|Sleep Clause Mod: Limit one foe put to sleep\n|rule|Mega Rayquaza Clause: You cannot mega evolve Rayquaza\n|clearpoke\n|poke|p1|Darmanitan-Galar, F|\n|poke|p1|Corsola-Galar, F|\n|poke|p1|Chansey, F|\n|poke|p1|Shaymin-Sky|\n|poke|p1|Arceus-Steel|\n|poke|p1|Charizard, M|\n|poke|p2|Necrozma-Dawn-Wings|\n|poke|p2|Xerneas-*|\n|poke|p2|Naganadel|\n|poke|p2|Pheromosa|\n|poke|p2|Aggron, M|\n|poke|p2|Shuckle, M|\n|teampreview\n|inactive|Battle timer is ON: inactive players will automatically lose when time's up. (requested by marchabs07)\n|\n|t:|1700338462\n|start\n|switch|p1a: Darmanitan|Darmanitan-Galar, F|100\/100\n|switch|p2a: Shuckle|Shuckle, M|100\/100\n|turn|1\n|\n|t:|1700338467\n|move|p1a: Darmanitan|Icicle Crash|p2a: Shuckle\n|-damage|p2a: Shuckle|35\/100\n|cant|p2a: Shuckle|flinch\n|\n|-heal|p2a: Shuckle|41\/100|[from] item: Leftovers\n|upkeep\n|turn|2\n|\n|t:|1700338474\n|move|p1a: Darmanitan|Icicle Crash|p2a: Shuckle\n|-damage|p2a: Shuckle|0 fnt\n|faint|p2a: Shuckle\n|\n|upkeep\n|\n|t:|1700338477\n|switch|p2a: Aggron|Aggron, M, shiny|100\/100\n|turn|3\n|\n|t:|1700338483\n|switch|p1a: Corsola|Corsola-Galar, F|100\/100\n|detailschange|p2a: Aggron|Aggron-Mega, M, shiny\n|-mega|p2a: Aggron|Aggron|Aggronite\n|move|p2a: Aggron|Heavy Slam|p1a: Corsola\n|-damage|p1a: Corsola|61\/100\n|\n|upkeep\n|turn|4\n|\n|t:|1700338490\n|move|p2a: Aggron|Heavy Slam|p1a: Corsola\n|-damage|p1a: Corsola|24\/100\n|move|p1a: Corsola|Will-O-Wisp|p2a: Aggron\n|-status|p2a: Aggron|brn\n|\n|-damage|p2a: Aggron|94\/100 brn|[from] brn\n|upkeep\n|turn|5\n|\n|t:|1700338498\n|move|p2a: Aggron|Curse|p2a: Aggron\n|-unboost|p2a: Aggron|spe|1\n|-boost|p2a: Aggron|atk|1\n|-boost|p2a: Aggron|def|1\n|move|p1a: Corsola|Strength Sap|p2a: Aggron\n|-unboost|p2a: Aggron|atk|1\n|-heal|p1a: Corsola|100\/100\n|\n|-damage|p2a: Aggron|88\/100 brn|[from] brn\n|upkeep\n|turn|6\n|\n|t:|1700338508\n|switch|p2a: Xerneas|Xerneas, shiny|100\/100\n|-ability|p2a: Xerneas|Fairy Aura\n|move|p1a: Corsola|Haze|p1a: Corsola\n|-clearallboost\n|\n|upkeep\n|turn|7\n|\n|t:|1700338516\n|move|p2a: Xerneas|Geomancy||[still]\n|-prepare|p2a: Xerneas|Geomancy\n|-enditem|p2a: Xerneas|Power Herb\n|-anim|p2a: Xerneas|Geomancy|p2a: Xerneas\n|-boost|p2a: Xerneas|spa|2\n|-boost|p2a: Xerneas|spd|2\n|-boost|p2a: Xerneas|spe|2\n|move|p1a: Corsola|Haze|p1a: Corsola\n|-clearallboost\n|\n|upkeep\n|turn|8\n|\n|t:|1700338526\n|switch|p1a: Chansey|Chansey, F|100\/100\n|move|p2a: Xerneas|Moonblast|p1a: Chansey\n|-damage|p1a: Chansey|84\/100\n|\n|upkeep\n|turn|9\n|\n|t:|1700338532\n|move|p2a: Xerneas|Geomancy||[still]\n|-prepare|p2a: Xerneas|Geomancy\n|move|p1a: Chansey|Toxic|p2a: Xerneas|[miss]\n|-miss|p1a: Chansey|p2a: Xerneas\n|\n|upkeep\n|turn|10\n|\n|t:|1700338538\n|move|p2a: Xerneas|Geomancy|p2a: Xerneas|[from]lockedmove\n|-boost|p2a: Xerneas|spa|2\n|-boost|p2a: Xerneas|spd|2\n|-boost|p2a: Xerneas|spe|2\n|move|p1a: Chansey|Toxic|p2a: Xerneas\n|-status|p2a: Xerneas|tox\n|\n|-damage|p2a: Xerneas|94\/100 tox|[from] psn\n|upkeep\n|turn|11\n|\n|t:|1700338548\n|move|p2a: Xerneas|Aromatherapy|p2a: Xerneas\n|-activate|p2a: Xerneas|move: Aromatherapy\n|-curestatus|p2a: Xerneas|tox|[msg]\n|-curestatus|p2: Aggron|brn|[msg]\n|move|p1a: Chansey|Soft-Boiled|p1a: Chansey\n|-heal|p1a: Chansey|100\/100\n|\n|upkeep\n|turn|12\n|\n|t:|1700338556\n|move|p2a: Xerneas|Geomancy||[still]\n|-prepare|p2a: Xerneas|Geomancy\n|move|p1a: Chansey|Toxic|p2a: Xerneas\n|-status|p2a: Xerneas|tox\n|\n|-damage|p2a: Xerneas|88\/100 tox|[from] psn\n|upkeep\n|turn|13\n|\n|t:|1700338566\n|switch|p1a: Corsola|Corsola-Galar, F|100\/100\n|move|p2a: Xerneas|Geomancy|p2a: Xerneas|[from]lockedmove\n|-boost|p2a: Xerneas|spa|2\n|-boost|p2a: Xerneas|spd|2\n|-boost|p2a: Xerneas|spe|2\n|\n|-damage|p2a: Xerneas|76\/100 tox|[from] psn\n|upkeep\n|turn|14\n|\n|t:|1700338576\n|switch|p1a: Chansey|Chansey, F|100\/100\n|move|p2a: Xerneas|Moonblast|p1a: Chansey\n|-damage|p1a: Chansey|57\/100\n|-unboost|p1a: Chansey|spa|1\n|\n|-damage|p2a: Xerneas|58\/100 tox|[from] psn\n|upkeep\n|turn|15\n|\n|t:|1700338592\n|move|p2a: Xerneas|Aromatherapy|p2a: Xerneas\n|-activate|p2a: Xerneas|move: Aromatherapy\n|-curestatus|p2a: Xerneas|tox|[msg]\n|move|p1a: Chansey|Toxic|p2a: Xerneas\n|-status|p2a: Xerneas|tox\n|\n|-damage|p2a: Xerneas|51\/100 tox|[from] psn\n|upkeep\n|turn|16\n|\n|t:|1700338612\n|move|p2a: Xerneas|Aromatherapy|p2a: Xerneas\n|-activate|p2a: Xerneas|move: Aromatherapy\n|-curestatus|p2a: Xerneas|tox|[msg]\n|move|p1a: Chansey|Soft-Boiled|p1a: Chansey\n|-heal|p1a: Chansey|100\/100\n|\n|upkeep\n|turn|17\n|\n|t:|1700338619\n|move|p2a: Xerneas|Moonblast|p1a: Chansey\n|-damage|p1a: Chansey|57\/100\n|move|p1a: Chansey|Toxic|p2a: Xerneas\n|-status|p2a: Xerneas|tox\n|\n|-damage|p2a: Xerneas|45\/100 tox|[from] psn\n|upkeep\n|turn|18\n|\n|t:|1700338632\n|move|p2a: Xerneas|Moonblast|p1a: Chansey\n|-damage|p1a: Chansey|12\/100\n|-unboost|p1a: Chansey|spa|1\n|move|p1a: Chansey|Soft-Boiled|p1a: Chansey\n|-heal|p1a: Chansey|62\/100\n|\n|-damage|p2a: Xerneas|33\/100 tox|[from] psn\n|upkeep\n|turn|19\n|\n|t:|1700338640\n|move|p2a: Xerneas|Aromatherapy|p2a: Xerneas\n|-activate|p2a: Xerneas|move: Aromatherapy\n|-curestatus|p2a: Xerneas|tox|[msg]\n|move|p1a: Chansey|Toxic|p2a: Xerneas\n|-status|p2a: Xerneas|tox\n|\n|-damage|p2a: Xerneas|27\/100 tox|[from] psn\n|upkeep\n|turn|20\n|\n|t:|1700338649\n|move|p2a: Xerneas|Aromatherapy|p2a: Xerneas\n|-activate|p2a: Xerneas|move: Aromatherapy\n|-curestatus|p2a: Xerneas|tox|[msg]\n|move|p1a: Chansey|Toxic|p2a: Xerneas\n|-status|p2a: Xerneas|tox\n|\n|-damage|p2a: Xerneas|21\/100 tox|[from] psn\n|upkeep\n|turn|21\n|\n|t:|1700338661\n|move|p2a: Xerneas|Moonblast|p1a: Chansey\n|-damage|p1a: Chansey|16\/100\n|move|p1a: Chansey|Soft-Boiled|p1a: Chansey\n|-heal|p1a: Chansey|66\/100\n|\n|-damage|p2a: Xerneas|8\/100 tox|[from] psn\n|upkeep\n|turn|22\n|\n|t:|1700338671\n|move|p2a: Xerneas|Moonblast|p1a: Chansey\n|-damage|p1a: Chansey|21\/100\n|move|p1a: Chansey|Toxic|p2a: Xerneas\n|-fail|p2a: Xerneas|tox\n|\n|-damage|p2a: Xerneas|0 fnt|[from] psn\n|faint|p2a: Xerneas\n|upkeep\n|\n|t:|1700338675\n|switch|p2a: Aggron|Aggron-Mega, M, shiny|88\/100\n|turn|23\n|\n|t:|1700338684\n|switch|p1a: Corsola|Corsola-Galar, F|100\/100\n|move|p2a: Aggron|Brick Break|p1a: Corsola\n|-immune|p1a: Corsola\n|\n|upkeep\n|turn|24\n|\n|t:|1700338690\n|switch|p2a: Necrozma|Necrozma-Dawn-Wings, shiny|100\/100\n|move|p1a: Corsola|Strength Sap|p2a: Necrozma\n|-unboost|p2a: Necrozma|atk|1\n|\n|upkeep\n|turn|25\n|\n|t:|1700338696\n|detailschange|p2a: Necrozma|Necrozma-Ultra, shiny\n|-burst|p2a: Necrozma|Necrozma|Ultranecrozium Z\n|move|p2a: Necrozma|Moongeist Beam|p1a: Corsola\n|-supereffective|p1a: Corsola\n|-damage|p1a: Corsola|26\/100\n|-start|p2a: Necrozma|Disable|Moongeist Beam|[from] ability: Cursed Body|[of] p1a: Corsola\n|move|p1a: Corsola|Night Shade|p2a: Necrozma\n|-damage|p2a: Necrozma|75\/100\n|\n|upkeep\n|turn|26\n|\n|t:|1700338710\n|move|p2a: Necrozma|Photon Geyser|p1a: Corsola\n|-damage|p1a: Corsola|0 fnt\n|faint|p1a: Corsola\n|\n|upkeep\n|\n|t:|1700338716\n|switch|p1a: Chansey|Chansey, F|21\/100\n|turn|27\n|\n|t:|1700338719\n|-zpower|p2a: Necrozma\n|move|p2a: Necrozma|Light That Burns the Sky|p1a: Chansey|[zeffect]\n|-damage|p1a: Chansey|0 fnt\n|faint|p1a: Chansey\n|\n|upkeep\n|\n|t:|1700338730\n|switch|p1a: Shaymin|Shaymin-Sky|100\/100\n|turn|28\n|\n|t:|1700338733\n|move|p1a: Shaymin|Air Slash|p2a: Necrozma\n|-damage|p2a: Necrozma|35\/100\n|-damage|p1a: Shaymin|91\/100|[from] item: Life Orb\n|cant|p2a: Necrozma|flinch\n|\n|-end|p2a: Necrozma|Disable\n|upkeep\n|turn|29\n|\n|t:|1700338741\n|move|p1a: Shaymin|Air Slash|p2a: Necrozma\n|-crit|p2a: Necrozma\n|-damage|p2a: Necrozma|0 fnt\n|faint|p2a: Necrozma\n|-damage|p1a: Shaymin|81\/100|[from] item: Life Orb\n|\n|upkeep\n|\n|t:|1700338743\n|switch|p2a: Aggron|Aggron-Mega, M, shiny|88\/100\n|turn|30\n|\n|t:|1700338748\n|move|p1a: Shaymin|Earth Power|p2a: Aggron\n|-supereffective|p2a: Aggron\n|-damage|p2a: Aggron|11\/100\n|-damage|p1a: Shaymin|71\/100|[from] item: Life Orb\n|move|p2a: Aggron|Heavy Slam|p1a: Shaymin\n|-damage|p1a: Shaymin|0 fnt\n|faint|p1a: Shaymin\n|\n|upkeep\n|\n|t:|1700338758\n|switch|p1a: Darmanitan|Darmanitan-Galar, F|100\/100\n|turn|31\n|\n|t:|1700338764\n|move|p1a: Darmanitan|Icicle Crash|p2a: Aggron\n|-resisted|p2a: Aggron\n|-damage|p2a: Aggron|0 fnt\n|faint|p2a: Aggron\n|\n|upkeep\n|\n|t:|1700338767\n|switch|p2a: Pheromosa|Pheromosa, shiny|100\/100\n|turn|32\n|\n|t:|1700338770\n|move|p1a: Darmanitan|Icicle Crash|p2a: Pheromosa\n|-damage|p2a: Pheromosa|0 fnt\n|faint|p2a: Pheromosa\n|\n|upkeep\n|\n|t:|1700338773\n|switch|p2a: Naganadel|Naganadel, shiny|100\/100\n|turn|33\n|\n|t:|1700338776\n|move|p1a: Darmanitan|Icicle Crash|p2a: Naganadel\n|-supereffective|p2a: Naganadel\n|-damage|p2a: Naganadel|0 fnt\n|faint|p2a: Naganadel\n|\n|win|insanejokester\n|raw|insanejokester's rating: 1179 &rarr; <strong>1212<\/strong><br \/>(+33 for winning)\n|raw|marchabs07's rating: 1300 &rarr; <strong>1267<\/strong><br \/>(-33 for losing)\n|l|\u2606marchabs07\n","uploadtime":1700338788,"views":6,"p1id":"insanejokester","p2id":"marchabs07","formatid":"gen9nationaldexubers","rating":1212,"private":0,"password":""}