{"id":"gen9nationaldexubers-1989274197","p1":"PsiFi","p2":"BloodPlum","format":"[Gen 9] National Dex Ubers","log":"|j|\u2606PsiFi\n|j|\u2606BloodPlum\n|t:|1699830631\n|gametype|singles\n|player|p1|PsiFi|steven|\n|player|p2|BloodPlum|parasollady|\n|teamsize|p1|6\n|teamsize|p2|6\n|gen|9\n|tier|[Gen 9] National Dex Ubers\n|rule|HP Percentage Mod: HP is shown in percentages\n|rule|Endless Battle Clause: Forcing endless battles is banned\n|rule|OHKO Clause: OHKO moves are banned\n|rule|Evasion Moves Clause: Evasion moves are banned\n|rule|Evasion Items Clause: Evasion items are banned\n|rule|Species Clause: Limit one of each Pok\u00e9mon\n|rule|Sleep Clause Mod: Limit one foe put to sleep\n|rule|Mega Rayquaza Clause: You cannot mega evolve Rayquaza\n|clearpoke\n|poke|p1|Mimikyu, F|\n|poke|p1|Sableye, F|\n|poke|p1|Gholdengo|\n|poke|p1|Aegislash, M|\n|poke|p1|Skeledirge, F|\n|poke|p1|Zoroark-Hisui, M|\n|poke|p2|Heracross, M|\n|poke|p2|Gliscor, F|\n|poke|p2|Hitmontop, M|\n|poke|p2|Azumarill, M|\n|poke|p2|Mismagius, F|\n|poke|p2|Slowking-Galar, F|\n|teampreview\n|\n|t:|1699830645\n|start\n|switch|p1a: Osiris|Sableye, F|100\/100\n|switch|p2a: Slowking|Slowking-Galar, F|100\/100\n|turn|1\n|\n|t:|1699830652\n|move|p1a: Osiris|Taunt|p2a: Slowking\n|-start|p2a: Slowking|move: Taunt\n|cant|p2a: Slowking|move: Taunt|Trick Room\n|\n|upkeep\n|turn|2\n|j| Destinum\n|\n|t:|1699830662\n|move|p1a: Osiris|Thunder Wave|p2a: Slowking\n|-status|p2a: Slowking|par\n|move|p2a: Slowking|Sludge Wave|p1a: Osiris\n|-resisted|p1a: Osiris\n|-damage|p1a: Osiris|61\/100\n|-status|p1a: Osiris|psn\n|\n|-damage|p1a: Osiris|49\/100 psn|[from] psn\n|upkeep\n|turn|3\n|\n|t:|1699830674\n|switch|p1a: King Arthur|Aegislash, M, shiny|100\/100\n|move|p2a: Slowking|Sludge Wave|p1a: King Arthur\n|-immune|p1a: King Arthur\n|\n|-end|p2a: Slowking|move: Taunt\n|upkeep\n|turn|4\n|\n|t:|1699830677\n|move|p1a: King Arthur|Substitute|p1a: King Arthur\n|-start|p1a: King Arthur|Substitute\n|-damage|p1a: King Arthur|76\/100\n|cant|p2a: Slowking|par\n|\n|-heal|p1a: King Arthur|82\/100|[from] item: Leftovers\n|upkeep\n|turn|5\n|\n|t:|1699830683\n|-formechange|p1a: King Arthur|Aegislash-Blade||[from] ability: Stance Change\n|move|p1a: King Arthur|Shadow Ball|p2a: Slowking\n|-supereffective|p2a: Slowking\n|-crit|p2a: Slowking\n|-damage|p2a: Slowking|10\/100 par\n|move|p2a: Slowking|Toxic Spikes|p1a: King Arthur\n|-sidestart|p1: PsiFi|move: Toxic Spikes\n|\n|-heal|p1a: King Arthur|88\/100|[from] item: Leftovers\n|-heal|p2a: Slowking|16\/100 par|[from] item: Black Sludge\n|upkeep\n|turn|6\n|\n|t:|1699830693\n|move|p1a: King Arthur|Shadow Ball|p2a: Slowking\n|-supereffective|p2a: Slowking\n|-damage|p2a: Slowking|0 fnt\n|faint|p2a: Slowking\n|\n|-heal|p1a: King Arthur|94\/100|[from] item: Leftovers\n|upkeep\n|\n|t:|1699830696\n|switch|p2a: Mismagius|Mismagius, F|100\/100\n|turn|7\n|\n|t:|1699830705\n|move|p1a: King Arthur|Shadow Ball|p2a: Mismagius\n|-supereffective|p2a: Mismagius\n|-damage|p2a: Mismagius|49\/100\n|move|p2a: Mismagius|Trick Room|p2a: Mismagius\n|-fieldstart|move: Trick Room|[of] p2a: Mismagius\n|\n|-heal|p1a: King Arthur|100\/100|[from] item: Leftovers\n|upkeep\n|turn|8\n|c|\u2606PsiFi|does that thing have a heavy ball?\n|\n|t:|1699830730\n|switch|p2a: Heracross|Heracross, M|100\/100\n|-formechange|p1a: King Arthur|Aegislash||[from] ability: Stance Change\n|move|p1a: King Arthur|King's Shield||[still]\n|-fail|p1a: King Arthur\n|\n|upkeep\n|turn|9\n|c| Destinum|Trick Room has a lot of negative priority.\n|c|\u2606PsiFi|oh i didnt know that actually\n|\n|t:|1699830745\n|detailschange|p2a: Heracross|Heracross-Mega, M\n|-mega|p2a: Heracross|Heracross|Heracronite\n|move|p1a: King Arthur|Toxic|p2a: Heracross\n|-status|p2a: Heracross|tox\n|move|p2a: Heracross|Throat Chop|p1a: King Arthur\n|-supereffective|p1a: King Arthur\n|-end|p1a: King Arthur|Substitute\n|\n|-damage|p2a: Heracross|94\/100 tox|[from] psn\n|upkeep\n|turn|10\n|\n|t:|1699830754\n|move|p1a: King Arthur|King's Shield|p1a: King Arthur\n|-singleturn|p1a: King Arthur|Protect\n|move|p2a: Heracross|Rock Blast|p1a: King Arthur\n|-activate|p1a: King Arthur|move: Protect\n|\n|-damage|p2a: Heracross|82\/100 tox|[from] psn\n|upkeep\n|turn|11\n|c| Destinum|Lowest priority of any move in the game at -7.\n|\n|t:|1699830766\n|move|p1a: King Arthur|Substitute|p1a: King Arthur\n|-start|p1a: King Arthur|Substitute\n|-damage|p1a: King Arthur|76\/100\n|move|p2a: Heracross|Throat Chop|p1a: King Arthur\n|-supereffective|p1a: King Arthur\n|-end|p1a: King Arthur|Substitute\n|\n|-heal|p1a: King Arthur|82\/100|[from] item: Leftovers\n|-damage|p2a: Heracross|64\/100 tox|[from] psn\n|-fieldend|move: Trick Room\n|upkeep\n|turn|12\n|\n|t:|1699830776\n|switch|p2a: Mismagius|Mismagius, F|49\/100\n|move|p1a: King Arthur|King's Shield||[still]\n|-fail|p1a: King Arthur\n|\n|-heal|p1a: King Arthur|88\/100|[from] item: Leftovers\n|upkeep\n|turn|13\n|\n|t:|1699830779\n|move|p2a: Mismagius|Destiny Bond|p2a: Mismagius\n|-singlemove|p2a: Mismagius|Destiny Bond\n|-formechange|p1a: King Arthur|Aegislash-Blade||[from] ability: Stance Change\n|move|p1a: King Arthur|Shadow Ball|p2a: Mismagius\n|-supereffective|p2a: Mismagius\n|-damage|p2a: Mismagius|0 fnt\n|faint|p2a: Mismagius\n|-activate|p2a: Mismagius|move: Destiny Bond\n|faint|p1a: King Arthur\n|\n|upkeep\n|\n|t:|1699830805\n|switch|p2a: Gliscor|Gliscor, F|100\/100\n|switch|p1a: \u8d22\u795e (Caishen)|Gholdengo|100\/100\n|-item|p1a: \u8d22\u795e (Caishen)|Air Balloon\n|turn|14\n|\n|t:|1699830812\n|move|p2a: Gliscor|Stealth Rock|p1a: \u8d22\u795e (Caishen)\n|-sidestart|p1: PsiFi|move: Stealth Rock\n|move|p1a: \u8d22\u795e (Caishen)|Nasty Plot|p1a: \u8d22\u795e (Caishen)\n|-boost|p1a: \u8d22\u795e (Caishen)|spa|2\n|\n|-status|p2a: Gliscor|tox|[from] item: Toxic Orb\n|upkeep\n|turn|15\n|\n|t:|1699830817\n|move|p2a: Gliscor|Knock Off|p1a: \u8d22\u795e (Caishen)\n|-supereffective|p1a: \u8d22\u795e (Caishen)\n|-damage|p1a: \u8d22\u795e (Caishen)|39\/100\n|-enditem|p1a: \u8d22\u795e (Caishen)|Air Balloon\n|move|p1a: \u8d22\u795e (Caishen)|Make It Rain|p2a: Gliscor\n|-damage|p2a: Gliscor|0 fnt\n|-unboost|p1a: \u8d22\u795e (Caishen)|spa|1\n|faint|p2a: Gliscor\n|\n|upkeep\n|\n|t:|1699830827\n|switch|p2a: Hitmontop|Hitmontop, M|100\/100\n|turn|16\n|\n|t:|1699830833\n|move|p1a: \u8d22\u795e (Caishen)|Dazzling Gleam|p2a: Hitmontop\n|-supereffective|p2a: Hitmontop\n|-damage|p2a: Hitmontop|5\/100\n|move|p2a: Hitmontop|Pursuit|p1a: \u8d22\u795e (Caishen)\n|-supereffective|p1a: \u8d22\u795e (Caishen)\n|-damage|p1a: \u8d22\u795e (Caishen)|0 fnt\n|faint|p1a: \u8d22\u795e (Caishen)\n|\n|upkeep\n|\n|t:|1699830845\n|switch|p1a: Osiris|Sableye, F|49\/100 psn\n|-damage|p1a: Osiris|37\/100 psn|[from] Stealth Rock\n|turn|17\n|\n|t:|1699830849\n|detailschange|p1a: Osiris|Sableye-Mega, F\n|-mega|p1a: Osiris|Sableye|Sablenite\n|move|p2a: Hitmontop|Bullet Punch|p1a: Osiris\n|-damage|p1a: Osiris|25\/100 psn\n|move|p1a: Osiris|Recover|p1a: Osiris\n|-heal|p1a: Osiris|75\/100 psn\n|\n|-damage|p1a: Osiris|63\/100 psn|[from] psn\n|upkeep\n|turn|18\n|\n|t:|1699830857\n|switch|p2a: Azumarill|Azumarill, M|100\/100\n|move|p1a: Osiris|Foul Play|p2a: Azumarill\n|-resisted|p2a: Azumarill\n|-damage|p2a: Azumarill|86\/100\n|\n|-damage|p1a: Osiris|50\/100 psn|[from] psn\n|upkeep\n|turn|19\n|\n|t:|1699830866\n|move|p2a: Azumarill|Play Rough|p1a: Osiris\n|-supereffective|p1a: Osiris\n|-damage|p1a: Osiris|0 fnt\n|faint|p1a: Osiris\n|\n|upkeep\n|\n|t:|1699830879\n|switch|p1a: Black Hole|Mimikyu, F, shiny|100\/100\n|-status|p1a: Black Hole|psn\n|-damage|p1a: Black Hole|88\/100 psn|[from] Stealth Rock\n|turn|20\n|\n|t:|1699830888\n|move|p1a: Black Hole|Shadow Ball|p2a: Azumarill\n|-damage|p2a: Azumarill|29\/100\n|-unboost|p2a: Azumarill|spd|1\n|move|p2a: Azumarill|Belly Drum||[still]\n|-fail|p2a: Azumarill\n|\n|-damage|p1a: Black Hole|76\/100 psn|[from] psn\n|upkeep\n|turn|21\n|\n|t:|1699830894\n|move|p1a: Black Hole|Shadow Ball|p2a: Azumarill\n|-damage|p2a: Azumarill|0 fnt\n|faint|p2a: Azumarill\n|\n|-damage|p1a: Black Hole|63\/100 psn|[from] psn\n|upkeep\n|\n|t:|1699830896\n|switch|p2a: Heracross|Heracross-Mega, M|64\/100 tox\n|turn|22\n|\n|t:|1699830902\n|move|p1a: Black Hole|Shadow Ball|p2a: Heracross\n|-damage|p2a: Heracross|6\/100 tox\n|move|p2a: Heracross|Rock Blast|p1a: Black Hole\n|-damage|p1a: Black Hole|37\/100 psn\n|replace|p1a: Loki|Zoroark-Hisui, M, shiny\n|-end|p1a: Loki|Illusion\n|-damage|p1a: Loki|12\/100 psn\n|-damage|p1a: Loki|0 fnt\n|faint|p1a: Loki\n|-hitcount|p1: Loki|3\n|\n|-damage|p2a: Heracross|0 fnt|[from] psn\n|faint|p2a: Heracross\n|upkeep\n|\n|t:|1699830914\n|switch|p1a: Black Hole|Mimikyu, F, shiny|100\/100\n|switch|p2a: Hitmontop|Hitmontop, M|5\/100\n|-status|p1a: Black Hole|psn\n|-damage|p1a: Black Hole|88\/100 psn|[from] Stealth Rock\n|turn|23\n|\n|t:|1699830918\n|move|p2a: Hitmontop|Bullet Punch|p1a: Black Hole\n|-activate|p1a: Black Hole|ability: Disguise\n|-damage|p1a: Black Hole|88\/100 psn\n|detailschange|p1a: Black Hole|Mimikyu-Busted, F, shiny\n|-damage|p1a: Black Hole|76\/100 psn|[from] pokemon: Mimikyu-Busted\n|-zpower|p1a: Black Hole\n|move|p1a: Black Hole|Let's Snuggle Forever|p2a: Hitmontop|[zeffect]\n|-supereffective|p2a: Hitmontop\n|-damage|p2a: Hitmontop|0 fnt\n|faint|p2a: Hitmontop\n|\n|win|PsiFi\n|c|\u2606PsiFi|gg\n|c|\u2606BloodPlum|gg\n|l|\u2606BloodPlum\n","uploadtime":1699830934,"views":6,"p1id":"psifi","p2id":"bloodplum","formatid":"gen9nationaldexubers","rating":0,"private":0,"password":""}