{"id":"gen9nationaldexubers-1994536012","p1":"ak1ak2ak3","p2":"Spezza39","format":"[Gen 9] National Dex Ubers","log":"|j|\u2606ak1ak2ak3\n|j|\u2606Spezza39\n|t:|1700456088\n|gametype|singles\n|player|p1|ak1ak2ak3|169|\n|player|p2|Spezza39|2|\n|teamsize|p1|6\n|teamsize|p2|6\n|gen|9\n|tier|[Gen 9] National Dex Ubers\n|rule|HP Percentage Mod: HP is shown in percentages\n|rule|Endless Battle Clause: Forcing endless battles is banned\n|rule|OHKO Clause: OHKO moves are banned\n|rule|Evasion Moves Clause: Evasion moves are banned\n|rule|Evasion Items Clause: Evasion items are banned\n|rule|Species Clause: Limit one of each Pok\u00e9mon\n|rule|Sleep Clause Mod: Limit one foe put to sleep\n|rule|Mega Rayquaza Clause: You cannot mega evolve Rayquaza\n|clearpoke\n|poke|p1|Garchomp, F|\n|poke|p1|Chi-Yu|\n|poke|p1|Hawlucha, F|\n|poke|p1|Maushold-Four|\n|poke|p1|Ditto|\n|poke|p1|Thundurus-Therian, M|\n|poke|p2|Kingambit, F|\n|poke|p2|Ting-Lu|\n|poke|p2|Baxcalibur, F|\n|poke|p2|Meowscarada, M|\n|poke|p2|Iron Bundle|\n|poke|p2|Cinderace, F|\n|teampreview\n|\n|t:|1700456096\n|start\n|switch|p1a: Chi-Yu|Chi-Yu|100\/100\n|switch|p2a: Baxcalibur|Baxcalibur, F|100\/100\n|-ability|p1a: Chi-Yu|Beads of Ruin\n|turn|1\n|inactive|Battle timer is ON: inactive players will automatically lose when time's up. (requested by ak1ak2ak3)\n|\n|t:|1700456105\n|move|p1a: Chi-Yu|Fire Blast|p2a: Baxcalibur\n|-damage|p2a: Baxcalibur|0 fnt\n|faint|p2a: Baxcalibur\n|\n|upkeep\n|\n|t:|1700456130\n|switch|p2a: Cinderace|Cinderace, F|100\/100\n|turn|2\n|\n|t:|1700456138\n|move|p2a: Cinderace|Swords Dance|p2a: Cinderace\n|-start|p2a: Cinderace|typechange|Normal|[from] ability: Libero\n|-boost|p2a: Cinderace|atk|2\n|move|p1a: Chi-Yu|Fire Blast|p2a: Cinderace\n|-damage|p2a: Cinderace|0 fnt\n|faint|p2a: Cinderace\n|\n|upkeep\n|\n|t:|1700456149\n|switch|p2a: Iron Bundle|Iron Bundle|100\/100\n|turn|3\n|\n|t:|1700456160\n|move|p2a: Iron Bundle|Hydro Pump|p1a: Chi-Yu\n|-supereffective|p1a: Chi-Yu\n|-damage|p1a: Chi-Yu|0 fnt\n|faint|p1a: Chi-Yu\n|\n|upkeep\n|\n|t:|1700456169\n|switch|p1a: Thundurus|Thundurus-Therian, M|100\/100\n|turn|4\n|\n|t:|1700456178\n|move|p2a: Iron Bundle|Ice Beam|p1a: Thundurus\n|-supereffective|p1a: Thundurus\n|-damage|p1a: Thundurus|0 fnt\n|faint|p1a: Thundurus\n|\n|upkeep\n|\n|t:|1700456184\n|switch|p1a: Ditto|Ditto|100\/100\n|-transform|p1a: Ditto|p2a: Iron Bundle|[from] ability: Imposter\n|turn|5\n|\n|t:|1700456196\n|move|p1a: Ditto|Freeze-Dry|p2a: Iron Bundle\n|-damage|p2a: Iron Bundle|25\/100\n|move|p2a: Iron Bundle|Flip Turn|p1a: Ditto\n|-resisted|p1a: Ditto\n|-damage|p1a: Ditto|93\/100\n|\n|t:|1700456209\n|-end|p2a: Iron Bundle|Quark Drive|[silent]\n|switch|p2a: Meowscarada|Meowscarada, M|100\/100|[from] Flip Turn\n|\n|upkeep\n|turn|6\n|\n|t:|1700456216\n|-end|p1a: Ditto|Quark Drive|[silent]\n|switch|p1a: Hawlucha|Hawlucha, F|100\/100\n|move|p2a: Meowscarada|Flower Trick|p1a: Hawlucha\n|-start|p2a: Meowscarada|typechange|Grass|[from] ability: Protean\n|-resisted|p1a: Hawlucha\n|-crit|p1a: Hawlucha\n|-damage|p1a: Hawlucha|64\/100\n|\n|upkeep\n|turn|7\n|\n|t:|1700456231\n|move|p2a: Meowscarada|U-turn|p1a: Hawlucha\n|-resisted|p1a: Hawlucha\n|-damage|p1a: Hawlucha|56\/100\n|\n|t:|1700456234\n|switch|p2a: Ting-Lu|Ting-Lu|100\/100|[from] U-turn\n|-ability|p2a: Ting-Lu|Vessel of Ruin\n|move|p1a: Hawlucha|Close Combat|p2a: Ting-Lu\n|-supereffective|p2a: Ting-Lu\n|-damage|p2a: Ting-Lu|44\/100\n|-unboost|p1a: Hawlucha|def|1\n|-unboost|p1a: Hawlucha|spd|1\n|-enditem|p1a: Hawlucha|White Herb\n|-clearnegativeboost|p1a: Hawlucha|[silent]\n|\n|upkeep\n|turn|8\n|\n|t:|1700456253\n|move|p1a: Hawlucha|High Jump Kick|p2a: Ting-Lu\n|-supereffective|p2a: Ting-Lu\n|-damage|p2a: Ting-Lu|0 fnt\n|faint|p2a: Ting-Lu\n|\n|upkeep\n|\n|t:|1700456263\n|switch|p2a: Meowscarada|Meowscarada, M|100\/100\n|turn|9\n|\n|t:|1700456276\n|move|p1a: Hawlucha|Acrobatics|p2a: Meowscarada\n|-supereffective|p2a: Meowscarada\n|-enditem|p2a: Meowscarada|Focus Sash\n|-damage|p2a: Meowscarada|1\/100\n|move|p2a: Meowscarada|Flower Trick|p1a: Hawlucha\n|-start|p2a: Meowscarada|typechange|Grass|[from] ability: Protean\n|-resisted|p1a: Hawlucha\n|-crit|p1a: Hawlucha\n|-damage|p1a: Hawlucha|23\/100\n|\n|upkeep\n|turn|10\n|\n|t:|1700456292\n|move|p1a: Hawlucha|Acrobatics|p2a: Meowscarada\n|-supereffective|p2a: Meowscarada\n|-damage|p2a: Meowscarada|0 fnt\n|faint|p2a: Meowscarada\n|\n|upkeep\n|\n|t:|1700456301\n|switch|p2a: Kingambit|Kingambit, F|100\/100\n|-activate|p2a: Kingambit|ability: Supreme Overlord\n|-start|p2a: Kingambit|fallen4|[silent]\n|turn|11\n|\n|t:|1700456313\n|move|p2a: Kingambit|Sucker Punch|p1a: Hawlucha\n|-resisted|p1a: Hawlucha\n|-damage|p1a: Hawlucha|0 fnt\n|faint|p1a: Hawlucha\n|\n|upkeep\n|\n|t:|1700456320\n|switch|p1a: Garchomp|Garchomp, F|100\/100\n|turn|12\n|\n|t:|1700456345\n|move|p1a: Garchomp|Dragon Claw|p2a: Kingambit\n|-resisted|p2a: Kingambit\n|-damage|p2a: Kingambit|86\/100\n|move|p2a: Kingambit|Swords Dance|p2a: Kingambit\n|-boost|p2a: Kingambit|atk|2\n|\n|upkeep\n|turn|13\n|\n|t:|1700456362\n|move|p1a: Garchomp|Swords Dance|p1a: Garchomp\n|-boost|p1a: Garchomp|atk|2\n|move|p2a: Kingambit|Swords Dance|p2a: Kingambit\n|-boost|p2a: Kingambit|atk|2\n|\n|upkeep\n|turn|14\n|\n|t:|1700456375\n|move|p1a: Garchomp|Earthquake|p2a: Kingambit\n|-supereffective|p2a: Kingambit\n|-damage|p2a: Kingambit|0 fnt\n|faint|p2a: Kingambit\n|-end|p2a: Kingambit|fallen4|[silent]\n|\n|upkeep\n|\n|t:|1700456381\n|switch|p2a: Iron Bundle|Iron Bundle|25\/100\n|turn|15\n|\n|t:|1700456387\n|move|p2a: Iron Bundle|Hydro Pump|p1a: Garchomp|[miss]\n|-miss|p2a: Iron Bundle|p1a: Garchomp\n|move|p1a: Garchomp|Earthquake|p2a: Iron Bundle\n|-damage|p2a: Iron Bundle|0 fnt\n|faint|p2a: Iron Bundle\n|-end|p2a: Iron Bundle|Quark Drive|[silent]\n|\n|win|ak1ak2ak3\n","uploadtime":1700456402,"views":25,"p1id":"ak1ak2ak3","p2id":"spezza39","formatid":"gen9nationaldexubers","rating":0,"private":0,"password":""}