{"id":"gen9nationaldexubers-1989292678","p1":"bog babushka","p2":"ah3nny","format":"[Gen 9] National Dex Ubers","log":"|j|\u2606bog babushka\n|j|\u2606ah3nny\n|t:|1699832757\n|gametype|singles\n|player|p1|bog babushka|170|\n|player|p2|ah3nny|102|\n|teamsize|p1|6\n|teamsize|p2|6\n|gen|9\n|tier|[Gen 9] National Dex Ubers\n|rule|HP Percentage Mod: HP is shown in percentages\n|rule|Endless Battle Clause: Forcing endless battles is banned\n|rule|OHKO Clause: OHKO moves are banned\n|rule|Evasion Moves Clause: Evasion moves are banned\n|rule|Evasion Items Clause: Evasion items are banned\n|rule|Species Clause: Limit one of each Pok\u00e9mon\n|rule|Sleep Clause Mod: Limit one foe put to sleep\n|rule|Mega Rayquaza Clause: You cannot mega evolve Rayquaza\n|clearpoke\n|poke|p1|Groudon|\n|poke|p1|Lilligant-Hisui, F|\n|poke|p1|Walking Wake|\n|poke|p1|Venusaur, M|\n|poke|p1|Tapu Fini|\n|poke|p1|Ting-Lu|\n|poke|p2|Salamence, F|\n|poke|p2|Heatran, M|\n|poke|p2|Tyranitar, F|\n|poke|p2|Landorus-Therian, M|\n|poke|p2|Arceus-Grass|\n|poke|p2|Grimmsnarl, M|\n|teampreview\n|j| abstractvoid\n|c|\u2606bog babushka|glhf\n|c|\u2606ah3nny|glhf\n|j| AshenAraquanid\n|j| HopeAddict\n|j| PaperDrMario\n|\n|t:|1699832910\n|start\n|switch|p1a: Bing-Who?|Ting-Lu|100\/100\n|switch|p2a: Fredward Fazbear|Grimmsnarl, M, shiny|100\/100\n|-ability|p1a: Bing-Who?|Vessel of Ruin\n|turn|1\n|\n|t:|1699832969\n|move|p2a: Fredward Fazbear|Spirit Break|p1a: Bing-Who?\n|-supereffective|p1a: Bing-Who?\n|-damage|p1a: Bing-Who?|73\/100\n|-unboost|p1a: Bing-Who?|spa|1\n|move|p1a: Bing-Who?|Ruination|p2a: Fredward Fazbear\n|-damage|p2a: Fredward Fazbear|50\/100\n|\n|-heal|p1a: Bing-Who?|79\/100|[from] item: Leftovers\n|upkeep\n|turn|2\n|\n|t:|1699832985\n|move|p2a: Fredward Fazbear|Light Screen|p2a: Fredward Fazbear\n|-sidestart|p2: ah3nny|move: Light Screen\n|move|p1a: Bing-Who?|Spikes|p2a: Fredward Fazbear\n|-sidestart|p2: ah3nny|Spikes\n|\n|-heal|p1a: Bing-Who?|86\/100|[from] item: Leftovers\n|upkeep\n|turn|3\n|\n|t:|1699833007\n|move|p2a: Fredward Fazbear|Parting Shot|p1a: Bing-Who?\n|-hint|Since gen 7, Dark is immune to Prankster moves.\n|-immune|p1a: Bing-Who?\n|move|p1a: Bing-Who?|Spikes|p2a: Fredward Fazbear\n|-sidestart|p2: ah3nny|Spikes\n|\n|-heal|p1a: Bing-Who?|92\/100|[from] item: Leftovers\n|upkeep\n|turn|4\n|c|\u2606ah3nny|oofie\n|\n|t:|1699833019\n|switch|p2a: Graceus|Arceus-Grass|100\/100\n|-damage|p2a: Graceus|84\/100|[from] Spikes\n|move|p1a: Bing-Who?|Spikes|p2a: Graceus\n|-sidestart|p2: ah3nny|Spikes\n|\n|-heal|p1a: Bing-Who?|98\/100|[from] item: Leftovers\n|upkeep\n|turn|5\n|j| Tazz21\n|l| Tazz21\n|\n|t:|1699833090\n|switch|p1a: I'm Standing Here|Venusaur, M|100\/100\n|move|p2a: Graceus|Judgment|p1a: I'm Standing Here\n|-resisted|p1a: I'm Standing Here\n|-damage|p1a: I'm Standing Here|89\/100\n|\n|upkeep\n|turn|6\n|\n|t:|1699833133\n|detailschange|p1a: I'm Standing Here|Venusaur-Mega, M\n|-mega|p1a: I'm Standing Here|Venusaur|Venusaurite\n|move|p2a: Graceus|Calm Mind|p2a: Graceus\n|-boost|p2a: Graceus|spa|1\n|-boost|p2a: Graceus|spd|1\n|move|p1a: I'm Standing Here|Earth Power|p2a: Graceus\n|-resisted|p2a: Graceus\n|-damage|p2a: Graceus|80\/100\n|\n|upkeep\n|turn|7\n|\n|t:|1699833142\n|move|p2a: Graceus|Calm Mind|p2a: Graceus\n|-boost|p2a: Graceus|spa|1\n|-boost|p2a: Graceus|spd|1\n|move|p1a: I'm Standing Here|Sludge Bomb|p2a: Graceus\n|-supereffective|p2a: Graceus\n|-damage|p2a: Graceus|65\/100\n|\n|upkeep\n|turn|8\n|\n|t:|1699833249\n|move|p2a: Graceus|Calm Mind|p2a: Graceus\n|-boost|p2a: Graceus|spa|1\n|-boost|p2a: Graceus|spd|1\n|move|p1a: I'm Standing Here|Sludge Bomb|p2a: Graceus\n|-supereffective|p2a: Graceus\n|-damage|p2a: Graceus|53\/100\n|\n|upkeep\n|turn|9\n|\n|t:|1699833261\n|move|p2a: Graceus|Fire Blast|p1a: I'm Standing Here\n|-supereffective|p1a: I'm Standing Here\n|-damage|p1a: I'm Standing Here|27\/100\n|move|p1a: I'm Standing Here|Sludge Bomb|p2a: Graceus\n|-supereffective|p2a: Graceus\n|-damage|p2a: Graceus|40\/100\n|\n|-sideend|p2: ah3nny|move: Light Screen\n|upkeep\n|turn|10\n|\n|t:|1699833328\n|switch|p1a: Climate Change|Groudon|100\/100\n|-weather|SunnyDay|[from] ability: Drought|[of] p1a: Climate Change\n|move|p2a: Graceus|Fire Blast|p1a: Climate Change\n|-damage|p1a: Climate Change|5\/100\n|\n|-weather|SunnyDay|[upkeep]\n|upkeep\n|turn|11\n|\n|t:|1699833360\n|switch|p1a: I'm Standing Here|Venusaur-Mega, M|27\/100\n|move|p2a: Graceus|Recover|p2a: Graceus\n|-heal|p2a: Graceus|90\/100\n|\n|-weather|SunnyDay|[upkeep]\n|upkeep\n|turn|12\n|\n|t:|1699833410\n|move|p2a: Graceus|Fire Blast|p1a: I'm Standing Here|[miss]\n|-miss|p2a: Graceus|p1a: I'm Standing Here\n|move|p1a: I'm Standing Here|Sludge Bomb|p2a: Graceus\n|-supereffective|p2a: Graceus\n|-damage|p2a: Graceus|64\/100\n|-status|p2a: Graceus|psn\n|\n|-weather|SunnyDay|[upkeep]\n|-damage|p2a: Graceus|51\/100 psn|[from] psn\n|upkeep\n|turn|13\n|\n|t:|1699833419\n|move|p2a: Graceus|Fire Blast|p1a: I'm Standing Here\n|-supereffective|p1a: I'm Standing Here\n|-damage|p1a: I'm Standing Here|0 fnt\n|faint|p1a: I'm Standing Here\n|\n|-weather|SunnyDay|[upkeep]\n|-damage|p2a: Graceus|39\/100 psn|[from] psn\n|upkeep\n|\n|t:|1699833426\n|switch|p1a: Bestie|Lilligant-Hisui, F|100\/100\n|turn|14\n|\n|t:|1699833443\n|switch|p2a: Back for revenge|Landorus-Therian, M|100\/100\n|-ability|p2a: Back for revenge|Intimidate|boost\n|-unboost|p1a: Bestie|atk|1\n|move|p1a: Bestie|Ice Spinner|p2a: Back for revenge\n|-supereffective|p2a: Back for revenge\n|-damage|p2a: Back for revenge|15\/100\n|\n|-weather|SunnyDay|[upkeep]\n|upkeep\n|turn|15\n|\n|t:|1699833478\n|switch|p2a: Sand Supremacy|Tyranitar, F, shiny|100\/100\n|-damage|p2a: Sand Supremacy|75\/100|[from] Spikes\n|-weather|Sandstorm|[from] ability: Sand Stream|[of] p2a: Sand Supremacy\n|move|p1a: Bestie|Ice Spinner|p2a: Sand Supremacy\n|-damage|p2a: Sand Supremacy|62\/100\n|\n|-weather|Sandstorm|[upkeep]\n|-damage|p1a: Bestie|94\/100|[from] Sandstorm\n|upkeep\n|turn|16\n|\n|t:|1699833558\n|move|p1a: Bestie|Close Combat|p2a: Sand Supremacy\n|-supereffective|p2a: Sand Supremacy\n|-damage|p2a: Sand Supremacy|0 fnt\n|-unboost|p1a: Bestie|def|1\n|-unboost|p1a: Bestie|spd|1\n|faint|p2a: Sand Supremacy\n|\n|-weather|Sandstorm|[upkeep]\n|-damage|p1a: Bestie|88\/100|[from] Sandstorm\n|upkeep\n|\n|t:|1699833592\n|switch|p2a: Nyooom|Salamence, F, shiny|100\/100\n|-ability|p2a: Nyooom|Intimidate|boost\n|-unboost|p1a: Bestie|atk|1\n|turn|17\n|\n|t:|1699833696\n|switch|p1a: Fiwawah|Tapu Fini|100\/100\n|-fieldstart|move: Misty Terrain|[from] ability: Misty Surge|[of] p1a: Fiwawah\n|detailschange|p2a: Nyooom|Salamence-Mega, F, shiny\n|-mega|p2a: Nyooom|Salamence|Salamencite\n|move|p2a: Nyooom|Dragon Dance|p2a: Nyooom\n|-boost|p2a: Nyooom|atk|1\n|-boost|p2a: Nyooom|spe|1\n|\n|-weather|Sandstorm|[upkeep]\n|-damage|p2a: Nyooom|94\/100|[from] Sandstorm\n|-damage|p1a: Fiwawah|94\/100|[from] Sandstorm\n|-heal|p1a: Fiwawah|100\/100|[from] item: Leftovers\n|upkeep\n|turn|18\n|\n|t:|1699833771\n|move|p2a: Nyooom|Dragon Dance|p2a: Nyooom\n|-boost|p2a: Nyooom|atk|1\n|-boost|p2a: Nyooom|spe|1\n|move|p1a: Fiwawah|Haze|p1a: Fiwawah\n|-clearallboost\n|\n|-weather|Sandstorm|[upkeep]\n|-damage|p2a: Nyooom|88\/100|[from] Sandstorm\n|-damage|p1a: Fiwawah|94\/100|[from] Sandstorm\n|-heal|p1a: Fiwawah|100\/100|[from] item: Leftovers\n|upkeep\n|turn|19\n|\n|t:|1699833783\n|move|p2a: Nyooom|Return|p1a: Fiwawah\n|-damage|p1a: Fiwawah|49\/100\n|move|p1a: Fiwawah|Moonblast|p2a: Nyooom\n|-supereffective|p2a: Nyooom\n|-damage|p2a: Nyooom|16\/100\n|-unboost|p2a: Nyooom|spa|1\n|\n|-weather|none\n|-heal|p1a: Fiwawah|56\/100|[from] item: Leftovers\n|upkeep\n|turn|20\n|\n|t:|1699833813\n|switch|p2a: Chi WHO?|Heatran, M, shiny|100\/100\n|-damage|p2a: Chi WHO?|76\/100|[from] Spikes\n|move|p1a: Fiwawah|Moonblast|p2a: Chi WHO?\n|-resisted|p2a: Chi WHO?\n|-damage|p2a: Chi WHO?|72\/100\n|-unboost|p2a: Chi WHO?|spa|1\n|\n|-heal|p1a: Fiwawah|62\/100|[from] item: Leftovers\n|upkeep\n|turn|21\n|\n|t:|1699833869\n|move|p1a: Fiwawah|Scald|p2a: Chi WHO?\n|-supereffective|p2a: Chi WHO?\n|-damage|p2a: Chi WHO?|50\/100\n|move|p2a: Chi WHO?|Flash Cannon|p1a: Fiwawah\n|-damage|p1a: Fiwawah|44\/100\n|\n|-heal|p1a: Fiwawah|50\/100|[from] item: Leftovers\n|-fieldend|Misty Terrain\n|upkeep\n|turn|22\n|\n|t:|1699833892\n|move|p1a: Fiwawah|Scald|p2a: Chi WHO?\n|-supereffective|p2a: Chi WHO?\n|-damage|p2a: Chi WHO?|26\/100\n|move|p2a: Chi WHO?|Flash Cannon|p1a: Fiwawah\n|-damage|p1a: Fiwawah|30\/100\n|\n|-heal|p1a: Fiwawah|36\/100|[from] item: Leftovers\n|upkeep\n|turn|23\n|\n|t:|1699833900\n|move|p1a: Fiwawah|Scald|p2a: Chi WHO?\n|-supereffective|p2a: Chi WHO?\n|-damage|p2a: Chi WHO?|1\/100\n|move|p2a: Chi WHO?|Flash Cannon|p1a: Fiwawah\n|-damage|p1a: Fiwawah|18\/100\n|\n|-heal|p1a: Fiwawah|24\/100|[from] item: Leftovers\n|upkeep\n|turn|24\n|\n|t:|1699833909\n|move|p1a: Fiwawah|Moonblast|p2a: Chi WHO?\n|-resisted|p2a: Chi WHO?\n|-damage|p2a: Chi WHO?|0 fnt\n|faint|p2a: Chi WHO?\n|\n|-heal|p1a: Fiwawah|30\/100|[from] item: Leftovers\n|upkeep\n|\n|t:|1699833916\n|switch|p2a: Nyooom|Salamence-Mega, F, shiny|16\/100\n|turn|25\n|\n|t:|1699833924\n|move|p2a: Nyooom|Return|p1a: Fiwawah\n|-damage|p1a: Fiwawah|0 fnt\n|faint|p1a: Fiwawah\n|\n|upkeep\n|\n|t:|1699833941\n|switch|p1a: Climate Change|Groudon|5\/100\n|-weather|SunnyDay|[from] ability: Drought|[of] p1a: Climate Change\n|turn|26\n|\n|t:|1699833953\n|move|p2a: Nyooom|Roost|p2a: Nyooom\n|-heal|p2a: Nyooom|66\/100\n|-singleturn|p2a: Nyooom|move: Roost\n|move|p1a: Climate Change|Heat Crash|p2a: Nyooom\n|-resisted|p2a: Nyooom\n|-damage|p2a: Nyooom|43\/100\n|\n|-weather|SunnyDay|[upkeep]\n|upkeep\n|turn|27\n|\n|t:|1699833962\n|move|p2a: Nyooom|Roost|p2a: Nyooom\n|-heal|p2a: Nyooom|93\/100\n|-singleturn|p2a: Nyooom|move: Roost\n|move|p1a: Climate Change|Will-O-Wisp|p2a: Nyooom\n|-status|p2a: Nyooom|brn\n|\n|-weather|SunnyDay|[upkeep]\n|-damage|p2a: Nyooom|87\/100 brn|[from] brn\n|upkeep\n|turn|28\n|\n|t:|1699834084\n|switch|p1a: Bing-Who?|Ting-Lu|98\/100\n|-ability|p1a: Bing-Who?|Vessel of Ruin\n|move|p2a: Nyooom|Dragon Dance|p2a: Nyooom\n|-boost|p2a: Nyooom|atk|1\n|-boost|p2a: Nyooom|spe|1\n|\n|-weather|SunnyDay|[upkeep]\n|-heal|p1a: Bing-Who?|100\/100|[from] item: Leftovers\n|-damage|p2a: Nyooom|81\/100 brn|[from] brn\n|upkeep\n|turn|29\n|\n|t:|1699834099\n|move|p2a: Nyooom|Return|p1a: Bing-Who?\n|-damage|p1a: Bing-Who?|78\/100\n|move|p1a: Bing-Who?|Whirlwind|p2a: Nyooom\n|drag|p2a: Fredward Fazbear|Grimmsnarl, M, shiny|50\/100\n|-damage|p2a: Fredward Fazbear|26\/100|[from] Spikes\n|\n|-weather|SunnyDay|[upkeep]\n|-heal|p1a: Bing-Who?|84\/100|[from] item: Leftovers\n|upkeep\n|turn|30\n|\n|t:|1699834115\n|move|p2a: Fredward Fazbear|Leech Life|p1a: Bing-Who?\n|-supereffective|p1a: Bing-Who?\n|-damage|p1a: Bing-Who?|68\/100\n|-heal|p2a: Fredward Fazbear|36\/100|[from] drain|[of] p1a: Bing-Who?\n|move|p1a: Bing-Who?|Earthquake|p2a: Fredward Fazbear\n|-damage|p2a: Fredward Fazbear|0 fnt\n|faint|p2a: Fredward Fazbear\n|\n|-weather|SunnyDay|[upkeep]\n|-heal|p1a: Bing-Who?|74\/100|[from] item: Leftovers\n|upkeep\n|\n|t:|1699834129\n|switch|p2a: Back for revenge|Landorus-Therian, M|15\/100\n|-ability|p2a: Back for revenge|Intimidate|boost\n|-unboost|p1a: Bing-Who?|atk|1\n|turn|31\n|\n|t:|1699834202\n|switch|p1a: Abomination|Walking Wake|100\/100\n|-activate|p1a: Abomination|ability: Protosynthesis\n|-start|p1a: Abomination|protosynthesisspa\n|move|p2a: Back for revenge|U-turn|p1a: Abomination\n|-damage|p1a: Abomination|70\/100\n|\n|t:|1699834209\n|switch|p2a: Graceus|Arceus-Grass|39\/100 psn|[from] U-turn\n|-damage|p2a: Graceus|14\/100 psn|[from] Spikes\n|\n|-weather|SunnyDay|[upkeep]\n|-damage|p2a: Graceus|1\/100 psn|[from] psn\n|upkeep\n|turn|32\n|c| HopeAddict|she walking till i wake\n|\n|t:|1699834262\n|move|p2a: Graceus|Judgment|p1a: Abomination\n|-damage|p1a: Abomination|9\/100\n|move|p1a: Abomination|Draco Meteor|p2a: Graceus\n|-damage|p2a: Graceus|0 fnt\n|-unboost|p1a: Abomination|spa|2\n|faint|p2a: Graceus\n|\n|-weather|SunnyDay|[upkeep]\n|upkeep\n|\n|t:|1699834270\n|switch|p2a: Back for revenge|Landorus-Therian, M|15\/100\n|-ability|p2a: Back for revenge|Intimidate|boost\n|-unboost|p1a: Abomination|atk|1\n|turn|33\n|\n|t:|1699834285\n|move|p2a: Back for revenge|Knock Off|p1a: Abomination\n|-damage|p1a: Abomination|0 fnt\n|-enditem|p1a: Abomination|Choice Specs|[from] move: Knock Off|[of] p2a: Back for revenge\n|faint|p1a: Abomination\n|-end|p1a: Abomination|Protosynthesis|[silent]\n|\n|-weather|none\n|upkeep\n|\n|t:|1699834293\n|switch|p1a: Climate Change|Groudon|5\/100\n|-weather|SunnyDay|[from] ability: Drought|[of] p1a: Climate Change\n|turn|34\n|\n|t:|1699834315\n|move|p2a: Back for revenge|Knock Off|p1a: Climate Change\n|-damage|p1a: Climate Change|0 fnt\n|-enditem|p1a: Climate Change|Heat Rock|[from] move: Knock Off|[of] p2a: Back for revenge\n|faint|p1a: Climate Change\n|\n|-weather|SunnyDay|[upkeep]\n|upkeep\n|\n|t:|1699834322\n|switch|p1a: Bestie|Lilligant-Hisui, F|88\/100\n|turn|35\n|\n|t:|1699834331\n|move|p1a: Bestie|Ice Spinner|p2a: Back for revenge\n|-supereffective|p2a: Back for revenge\n|-damage|p2a: Back for revenge|0 fnt\n|faint|p2a: Back for revenge\n|\n|-weather|SunnyDay|[upkeep]\n|upkeep\n|\n|t:|1699834336\n|switch|p2a: Nyooom|Salamence-Mega, F, shiny|81\/100 brn\n|turn|36\n|\n|t:|1699834341\n|move|p1a: Bestie|Ice Spinner|p2a: Nyooom\n|-supereffective|p2a: Nyooom\n|-damage|p2a: Nyooom|0 fnt\n|faint|p2a: Nyooom\n|\n|win|bog babushka\n|c|\u2606ah3nny|ggs\n|c|\u2606bog babushka|ggs\n|l| AshenAraquanid\n|c|\u2606ah3nny|should have fit defog somewhere but didn't\n","uploadtime":1699834374,"views":17,"p1id":"bogbabushka","p2id":"ah3nny","formatid":"gen9nationaldexubers","rating":0,"private":0,"password":""}