{"id":"gen9nationaldexubers-1979040483","p1":"BioniclePHD","p2":"Squire_Twang87","format":"[Gen 9] National Dex Ubers","log":"|j|\u2606BioniclePHD\n|j|\u2606Squire_Twang87\n|t:|1698624576\n|gametype|singles\n|player|p1|BioniclePHD|acetrainerf|\n|player|p2|Squire_Twang87|170|\n|teamsize|p1|6\n|teamsize|p2|6\n|gen|9\n|tier|[Gen 9] National Dex Ubers\n|rule|HP Percentage Mod: HP is shown in percentages\n|rule|Endless Battle Clause: Forcing endless battles is banned\n|rule|OHKO Clause: OHKO moves are banned\n|rule|Evasion Moves Clause: Evasion moves are banned\n|rule|Evasion Items Clause: Evasion items are banned\n|rule|Species Clause: Limit one of each Pok\u00e9mon\n|rule|Sleep Clause Mod: Limit one foe put to sleep\n|rule|Mega Rayquaza Clause: You cannot mega evolve Rayquaza\n|clearpoke\n|poke|p1|Cryogonal|\n|poke|p1|Camerupt, F|\n|poke|p1|Slowking-Galar, M|\n|poke|p1|Samurott-Hisui, M|\n|poke|p1|Crobat, F|\n|poke|p1|Dragapult, F|\n|poke|p2|Lopunny, M|\n|poke|p2|Enamorus-Therian, F|\n|poke|p2|Toxapex, F|\n|poke|p2|Rotom-Wash|\n|poke|p2|Grimmsnarl, M|\n|poke|p2|Nidoqueen, F|\n|teampreview\n|c|\u2606BioniclePHD|glhf!\n|j| dinosrrcool\n|\n|t:|1698624639\n|start\n|switch|p1a: Langstrom|Crobat, F|100\/100\n|switch|p2a: Jaws|Grimmsnarl, M|100\/100\n|turn|1\n|j| vuvu42\n|j| jhkehbajkgfrb\n|c| jhkehbajkgfrb|frompft\n|\n|t:|1698624666\n|move|p2a: Jaws|Reflect|p2a: Jaws\n|-sidestart|p2: Squire_Twang87|Reflect\n|move|p1a: Langstrom|Taunt|p2a: Jaws\n|-start|p2a: Jaws|move: Taunt\n|\n|upkeep\n|turn|2\n|\n|t:|1698624677\n|move|p1a: Langstrom|Poison Fang|p2a: Jaws\n|-supereffective|p2a: Jaws\n|-damage|p2a: Jaws|87\/100\n|-status|p2a: Jaws|tox\n|move|p2a: Jaws|Spirit Break|p1a: Langstrom\n|-resisted|p1a: Langstrom\n|-damage|p1a: Langstrom|84\/100\n|-unboost|p1a: Langstrom|spa|1\n|\n|-heal|p1a: Langstrom|91\/100|[from] item: Leftovers\n|-damage|p2a: Jaws|81\/100 tox|[from] psn\n|upkeep\n|turn|3\n|\n|t:|1698624701\n|switch|p2a: Washing Machine|Rotom-Wash|100\/100\n|move|p1a: Langstrom|Poison Fang|p2a: Washing Machine\n|-damage|p2a: Washing Machine|88\/100\n|\n|-heal|p1a: Langstrom|97\/100|[from] item: Leftovers\n|upkeep\n|turn|4\n|\n|t:|1698624714\n|move|p2a: Washing Machine|Thunder|p1a: Langstrom\n|-supereffective|p1a: Langstrom\n|-damage|p1a: Langstrom|0 fnt\n|faint|p1a: Langstrom\n|\n|upkeep\n|\n|t:|1698624736\n|switch|p1a: Nigma|Slowking-Galar, M|100\/100\n|turn|5\n|\n|t:|1698624746\n|move|p2a: Washing Machine|Thunder|p1a: Nigma\n|-damage|p1a: Nigma|57\/100\n|move|p1a: Nigma|Sludge Bomb|p2a: Washing Machine\n|-damage|p2a: Washing Machine|34\/100\n|-status|p2a: Washing Machine|psn\n|\n|-damage|p2a: Washing Machine|22\/100 psn|[from] psn\n|upkeep\n|turn|6\n|\n|t:|1698624780\n|switch|p1a: Lynns|Camerupt, F|100\/100\n|move|p2a: Washing Machine|Thunder|p1a: Lynns\n|-immune|p1a: Lynns\n|\n|-damage|p2a: Washing Machine|9\/100 psn|[from] psn\n|upkeep\n|turn|7\n|j| dunsparcedingo\n|\n|t:|1698624812\n|switch|p2a: Delibirds|Nidoqueen, F|100\/100\n|switch|p1a: Nigma|Slowking-Galar, M|90\/100\n|\n|upkeep\n|turn|8\n|j| TheRicoSuave\n|\n|t:|1698624827\n|move|p2a: Delibirds|Shadow Ball|p1a: Nigma\n|-supereffective|p1a: Nigma\n|-damage|p1a: Nigma|52\/100\n|move|p1a: Nigma|Scald|p2a: Delibirds\n|-supereffective|p2a: Delibirds\n|-damage|p2a: Delibirds|46\/100\n|\n|-sideend|p2: Squire_Twang87|Reflect\n|upkeep\n|turn|9\n|\n|t:|1698624863\n|switch|p1a: Fries|Cryogonal|100\/100\n|move|p2a: Delibirds|Shadow Ball|p1a: Fries\n|-damage|p1a: Fries|81\/100\n|\n|upkeep\n|turn|10\n|\n|t:|1698624876\n|move|p2a: Delibirds|Stealth Rock|p1a: Fries\n|-sidestart|p1: BioniclePHD|move: Stealth Rock\n|move|p1a: Fries|Light Screen|p1a: Fries\n|-sidestart|p1: BioniclePHD|move: Light Screen\n|\n|upkeep\n|turn|11\n|\n|t:|1698624885\n|move|p2a: Delibirds|Sludge Wave|p1a: Fries\n|-damage|p1a: Fries|64\/100\n|move|p1a: Fries|Reflect|p1a: Fries\n|-sidestart|p1: BioniclePHD|Reflect\n|\n|upkeep\n|turn|12\n|\n|t:|1698624889\n|move|p2a: Delibirds|Sludge Wave|p1a: Fries\n|-damage|p1a: Fries|45\/100\n|move|p1a: Fries|Freeze-Dry|p2a: Delibirds\n|-supereffective|p2a: Delibirds\n|-damage|p2a: Delibirds|0 fnt\n|faint|p2a: Delibirds\n|\n|upkeep\n|\n|t:|1698624898\n|switch|p2a: Lofunny|Lopunny, M|100\/100\n|turn|13\n|\n|t:|1698624907\n|detailschange|p2a: Lofunny|Lopunny-Mega, M\n|-mega|p2a: Lofunny|Lopunny|Lopunnite\n|move|p2a: Lofunny|Close Combat|p1a: Fries\n|-supereffective|p1a: Fries\n|-damage|p1a: Fries|0 fnt\n|-unboost|p2a: Lofunny|def|1\n|-unboost|p2a: Lofunny|spd|1\n|faint|p1a: Fries\n|\n|upkeep\n|\n|t:|1698624959\n|switch|p1a: Lynns|Camerupt, F|100\/100\n|-damage|p1a: Lynns|88\/100|[from] Stealth Rock\n|turn|14\n|\n|t:|1698624971\n|detailschange|p1a: Lynns|Camerupt-Mega, F\n|-mega|p1a: Lynns|Camerupt|Cameruptite\n|move|p2a: Lofunny|U-turn|p1a: Lynns\n|-resisted|p1a: Lynns\n|-damage|p1a: Lynns|82\/100\n|\n|t:|1698624991\n|switch|p2a: Clayton|Toxapex, F|100\/100|[from] U-turn\n|move|p1a: Lynns|Flamethrower|p2a: Clayton\n|-resisted|p2a: Clayton\n|-damage|p2a: Clayton|79\/100\n|\n|-heal|p2a: Clayton|85\/100|[from] item: Leftovers\n|upkeep\n|turn|15\n|\n|t:|1698625001\n|move|p2a: Clayton|Toxic|p1a: Lynns\n|-status|p1a: Lynns|tox\n|move|p1a: Lynns|Stealth Rock|p2a: Clayton\n|-sidestart|p2: Squire_Twang87|move: Stealth Rock\n|\n|-heal|p2a: Clayton|91\/100|[from] item: Leftovers\n|-damage|p1a: Lynns|75\/100 tox|[from] psn\n|upkeep\n|turn|16\n|\n|t:|1698625019\n|switch|p1a: Nigma|Slowking-Galar, M|85\/100\n|-damage|p1a: Nigma|73\/100|[from] Stealth Rock\n|move|p2a: Clayton|Baneful Bunker||[still]\n|-fail|p2a: Clayton\n|\n|-heal|p2a: Clayton|98\/100|[from] item: Leftovers\n|upkeep\n|turn|17\n|\n|t:|1698625034\n|move|p2a: Clayton|Baneful Bunker|p2a: Clayton\n|-singleturn|p2a: Clayton|move: Protect\n|move|p1a: Nigma|Psychic|p2a: Clayton\n|-activate|p2a: Clayton|move: Protect\n|\n|-heal|p2a: Clayton|100\/100|[from] item: Leftovers\n|-sideend|p1: BioniclePHD|move: Light Screen\n|upkeep\n|turn|18\n|\n|t:|1698625063\n|switch|p2a: E-Slur|Enamorus-Therian, F|100\/100\n|-damage|p2a: E-Slur|76\/100|[from] Stealth Rock\n|move|p1a: Nigma|Sludge Bomb|p2a: E-Slur\n|-supereffective|p2a: E-Slur\n|-damage|p2a: E-Slur|0 fnt\n|faint|p2a: E-Slur\n|\n|-sideend|p1: BioniclePHD|Reflect\n|upkeep\n|\n|t:|1698625076\n|switch|p2a: Washing Machine|Rotom-Wash|9\/100 psn\n|-damage|p2a: Washing Machine|0 fnt|[from] Stealth Rock\n|faint|p2a: Washing Machine\n|\n|t:|1698625083\n|switch|p2a: Jaws|Grimmsnarl, M|81\/100 tox\n|-damage|p2a: Jaws|68\/100 tox|[from] Stealth Rock\n|turn|19\n|\n|t:|1698625094\n|switch|p1a: Grayson|Dragapult, F|100\/100\n|-damage|p1a: Grayson|88\/100|[from] Stealth Rock\n|move|p2a: Jaws|Spirit Break|p1a: Grayson\n|-supereffective|p1a: Grayson\n|-damage|p1a: Grayson|16\/100\n|-unboost|p1a: Grayson|spa|1\n|\n|-damage|p2a: Jaws|62\/100 tox|[from] psn\n|upkeep\n|turn|20\n|\n|t:|1698625136\n|-terastallize|p2a: Jaws|Steel\n|move|p1a: Grayson|Steel Wing|p2a: Jaws\n|-resisted|p2a: Jaws\n|-damage|p2a: Jaws|52\/100 tox\n|-boost|p1a: Grayson|def|1\n|move|p2a: Jaws|Spirit Break|p1a: Grayson\n|-supereffective|p1a: Grayson\n|-damage|p1a: Grayson|0 fnt\n|faint|p1a: Grayson\n|\n|-damage|p2a: Jaws|40\/100 tox|[from] psn\n|upkeep\n|\n|t:|1698625148\n|switch|p1a: Jones|Samurott-Hisui, M|100\/100\n|-damage|p1a: Jones|88\/100|[from] Stealth Rock\n|turn|21\n|\n|t:|1698625159\n|move|p1a: Jones|Ceaseless Edge|p2a: Jaws\n|-damage|p2a: Jaws|1\/100 tox\n|-sidestart|p2: Squire_Twang87|Spikes\n|move|p2a: Jaws|Spirit Break|p1a: Jones\n|-supereffective|p1a: Jones\n|-damage|p1a: Jones|15\/100\n|-unboost|p1a: Jones|spa|1\n|\n|-damage|p2a: Jaws|0 fnt|[from] psn\n|faint|p2a: Jaws\n|upkeep\n|\n|t:|1698625171\n|switch|p2a: Lofunny|Lopunny-Mega, M|100\/100\n|-damage|p2a: Lofunny|95\/100|[from] Stealth Rock\n|-damage|p2a: Lofunny|82\/100|[from] Spikes\n|turn|22\n|\n|t:|1698625184\n|move|p2a: Lofunny|Fake Out|p1a: Jones\n|-damage|p1a: Jones|0 fnt\n|faint|p1a: Jones\n|\n|upkeep\n|\n|t:|1698625226\n|switch|p1a: Lynns|Camerupt-Mega, F|75\/100 tox\n|-damage|p1a: Lynns|63\/100 tox|[from] Stealth Rock\n|turn|23\n|\n|t:|1698625235\n|move|p2a: Lofunny|Close Combat|p1a: Lynns\n|-damage|p1a: Lynns|1\/100 tox\n|-unboost|p2a: Lofunny|def|1\n|-unboost|p2a: Lofunny|spd|1\n|move|p1a: Lynns|Earth Power|p2a: Lofunny\n|-damage|p2a: Lofunny|0 fnt\n|faint|p2a: Lofunny\n|\n|-damage|p1a: Lynns|0 fnt|[from] psn\n|faint|p1a: Lynns\n|upkeep\n|\n|t:|1698625246\n|switch|p2a: Clayton|Toxapex, F|100\/100\n|switch|p1a: Nigma|Slowking-Galar, M|100\/100\n|-damage|p2a: Clayton|88\/100|[from] Stealth Rock\n|-damage|p2a: Clayton|75\/100|[from] Spikes\n|-damage|p1a: Nigma|88\/100|[from] Stealth Rock\n|turn|24\n|\n|t:|1698625275\n|-terastallize|p1a: Nigma|Poison\n|move|p2a: Clayton|Baneful Bunker|p2a: Clayton\n|-singleturn|p2a: Clayton|move: Protect\n|move|p1a: Nigma|Psychic|p2a: Clayton\n|-activate|p2a: Clayton|move: Protect\n|\n|-heal|p2a: Clayton|82\/100|[from] item: Leftovers\n|upkeep\n|turn|25\n|\n|t:|1698625286\n|move|p2a: Clayton|Recover|p2a: Clayton\n|-heal|p2a: Clayton|100\/100\n|move|p1a: Nigma|Psychic|p2a: Clayton\n|-supereffective|p2a: Clayton\n|-damage|p2a: Clayton|45\/100\n|\n|-heal|p2a: Clayton|51\/100|[from] item: Leftovers\n|upkeep\n|turn|26\n|\n|t:|1698625293\n|move|p2a: Clayton|Baneful Bunker|p2a: Clayton\n|-singleturn|p2a: Clayton|move: Protect\n|move|p1a: Nigma|Scald|p2a: Clayton\n|-activate|p2a: Clayton|move: Protect\n|\n|-heal|p2a: Clayton|57\/100|[from] item: Leftovers\n|upkeep\n|turn|27\n|\n|t:|1698625300\n|move|p2a: Clayton|Recover|p2a: Clayton\n|-heal|p2a: Clayton|100\/100\n|move|p1a: Nigma|Psychic|p2a: Clayton\n|-supereffective|p2a: Clayton\n|-damage|p2a: Clayton|43\/100\n|\n|-heal|p2a: Clayton|49\/100|[from] item: Leftovers\n|upkeep\n|turn|28\n|\n|t:|1698625307\n|move|p2a: Clayton|Baneful Bunker|p2a: Clayton\n|-singleturn|p2a: Clayton|move: Protect\n|move|p1a: Nigma|Scald|p2a: Clayton\n|-activate|p2a: Clayton|move: Protect\n|\n|-heal|p2a: Clayton|55\/100|[from] item: Leftovers\n|upkeep\n|turn|29\n|\n|t:|1698625314\n|move|p2a: Clayton|Recover|p2a: Clayton\n|-heal|p2a: Clayton|100\/100\n|move|p1a: Nigma|Psychic|p2a: Clayton\n|-supereffective|p2a: Clayton\n|-damage|p2a: Clayton|35\/100\n|\n|-heal|p2a: Clayton|42\/100|[from] item: Leftovers\n|upkeep\n|turn|30\n|\n|t:|1698625321\n|move|p2a: Clayton|Baneful Bunker|p2a: Clayton\n|-singleturn|p2a: Clayton|move: Protect\n|move|p1a: Nigma|Scald|p2a: Clayton\n|-activate|p2a: Clayton|move: Protect\n|\n|-heal|p2a: Clayton|48\/100|[from] item: Leftovers\n|upkeep\n|turn|31\n|\n|t:|1698625332\n|move|p2a: Clayton|Recover|p2a: Clayton\n|-heal|p2a: Clayton|98\/100\n|move|p1a: Nigma|Scald|p2a: Clayton\n|-resisted|p2a: Clayton\n|-damage|p2a: Clayton|89\/100\n|-status|p2a: Clayton|brn\n|\n|-heal|p2a: Clayton|95\/100 brn|[from] item: Leftovers\n|-damage|p2a: Clayton|89\/100 brn|[from] brn\n|upkeep\n|turn|32\n|j| MLAbbott\n|\n|t:|1698625344\n|move|p2a: Clayton|Baneful Bunker|p2a: Clayton\n|-singleturn|p2a: Clayton|move: Protect\n|move|p1a: Nigma|Scald|p2a: Clayton\n|-activate|p2a: Clayton|move: Protect\n|\n|-heal|p2a: Clayton|95\/100 brn|[from] item: Leftovers\n|-damage|p2a: Clayton|89\/100 brn|[from] brn\n|upkeep\n|turn|33\n|l|\u2606Squire_Twang87\n|player|p2|\n|j|\u2606Squire_Twang87\n|player|p2|Squire_Twang87|170\n|\n|t:|1698625398\n|move|p2a: Clayton|Sludge Wave|p1a: Nigma\n|-resisted|p1a: Nigma\n|-damage|p1a: Nigma|83\/100\n|move|p1a: Nigma|Psychic|p2a: Clayton\n|-supereffective|p2a: Clayton\n|-damage|p2a: Clayton|25\/100 brn\n|\n|-heal|p2a: Clayton|31\/100 brn|[from] item: Leftovers\n|-damage|p2a: Clayton|25\/100 brn|[from] brn\n|upkeep\n|turn|34\n|\n|t:|1698625407\n|move|p2a: Clayton|Recover|p2a: Clayton\n|-heal|p2a: Clayton|75\/100 brn\n|move|p1a: Nigma|Sludge Bomb|p2a: Clayton\n|-resisted|p2a: Clayton\n|-damage|p2a: Clayton|56\/100 brn\n|\n|-heal|p2a: Clayton|62\/100 brn|[from] item: Leftovers\n|-damage|p2a: Clayton|56\/100 brn|[from] brn\n|upkeep\n|turn|35\n|\n|t:|1698625417\n|move|p2a: Clayton|Recover|p2a: Clayton\n|-heal|p2a: Clayton|100\/100 brn\n|move|p1a: Nigma|Sludge Bomb|p2a: Clayton\n|-resisted|p2a: Clayton\n|-damage|p2a: Clayton|80\/100 brn\n|\n|-heal|p2a: Clayton|86\/100 brn|[from] item: Leftovers\n|-damage|p2a: Clayton|80\/100 brn|[from] brn\n|upkeep\n|turn|36\n|\n|t:|1698625427\n|move|p2a: Clayton|Sludge Wave|p1a: Nigma\n|-resisted|p1a: Nigma\n|-crit|p1a: Nigma\n|-damage|p1a: Nigma|75\/100\n|move|p1a: Nigma|Sludge Bomb|p2a: Clayton\n|-resisted|p2a: Clayton\n|-damage|p2a: Clayton|59\/100 brn\n|\n|-heal|p2a: Clayton|65\/100 brn|[from] item: Leftovers\n|-damage|p2a: Clayton|59\/100 brn|[from] brn\n|upkeep\n|turn|37\n|\n|t:|1698625441\n|move|p2a: Clayton|Recover|p2a: Clayton\n|-heal|p2a: Clayton|100\/100 brn\n|move|p1a: Nigma|Psychic|p2a: Clayton\n|-supereffective|p2a: Clayton\n|-damage|p2a: Clayton|45\/100 brn\n|\n|-heal|p2a: Clayton|51\/100 brn|[from] item: Leftovers\n|-damage|p2a: Clayton|45\/100 brn|[from] brn\n|upkeep\n|turn|38\n|\n|t:|1698625449\n|move|p2a: Clayton|Recover|p2a: Clayton\n|-heal|p2a: Clayton|95\/100 brn\n|move|p1a: Nigma|Psychic|p2a: Clayton\n|-supereffective|p2a: Clayton\n|-damage|p2a: Clayton|31\/100 brn\n|\n|-heal|p2a: Clayton|37\/100 brn|[from] item: Leftovers\n|-damage|p2a: Clayton|31\/100 brn|[from] brn\n|upkeep\n|turn|39\n|c|\u2606Squire_Twang87|gg\n|\n|t:|1698625464\n|move|p2a: Clayton|Baneful Bunker|p2a: Clayton\n|-singleturn|p2a: Clayton|move: Protect\n|move|p1a: Nigma|Psychic|p2a: Clayton\n|-activate|p2a: Clayton|move: Protect\n|\n|-heal|p2a: Clayton|37\/100 brn|[from] item: Leftovers\n|-damage|p2a: Clayton|31\/100 brn|[from] brn\n|upkeep\n|turn|40\n|c|\u2606BioniclePHD|gg!\n|\n|t:|1698625477\n|move|p2a: Clayton|Sludge Wave|p1a: Nigma\n|-resisted|p1a: Nigma\n|-damage|p1a: Nigma|69\/100\n|move|p1a: Nigma|Psychic|p2a: Clayton\n|-supereffective|p2a: Clayton\n|-damage|p2a: Clayton|0 fnt\n|faint|p2a: Clayton\n|\n|win|BioniclePHD\n|c|\u2606BioniclePHD|insanely close wow\n|l| jhkehbajkgfrb\n|l| TheRicoSuave\n","uploadtime":1698625566,"views":18,"p1id":"bioniclephd","p2id":"squiretwang87","formatid":"gen9nationaldexubers","rating":0,"private":0,"password":""}