{"id":"gen9nationaldexubers-1979378568","p1":"Edras16","p2":"Ginesect","format":"[Gen 9] National Dex Ubers","log":"|j|\u2606Edras16\n|j|\u2606Ginesect\n|t:|1698677962\n|gametype|singles\n|player|p1|Edras16|steven|\n|player|p2|Ginesect|artist-gen4|\n|teamsize|p1|6\n|teamsize|p2|6\n|gen|9\n|tier|[Gen 9] National Dex Ubers\n|rule|HP Percentage Mod: HP is shown in percentages\n|rule|Endless Battle Clause: Forcing endless battles is banned\n|rule|OHKO Clause: OHKO moves are banned\n|rule|Evasion Moves Clause: Evasion moves are banned\n|rule|Evasion Items Clause: Evasion items are banned\n|rule|Species Clause: Limit one of each Pok\u00e9mon\n|rule|Sleep Clause Mod: Limit one foe put to sleep\n|rule|Mega Rayquaza Clause: You cannot mega evolve Rayquaza\n|clearpoke\n|poke|p1|Kyurem|\n|poke|p1|Urshifu-*, M|\n|poke|p1|Scizor, M|\n|poke|p1|Keldeo-Resolute|\n|poke|p1|Decidueye, M|\n|poke|p1|Gliscor, F|\n|poke|p2|Chien-Pao|\n|poke|p2|Mandibuzz, F|\n|poke|p2|Mawile, M|\n|poke|p2|Grimmsnarl, M|\n|poke|p2|Greninja-*, M|\n|poke|p2|Ting-Lu|\n|teampreview\n|inactive|Battle timer is ON: inactive players will automatically lose when time's up. (requested by Edras16)\n|c|\u2606Edras16|Glhf\n|c|\u2606Ginesect|Glhf\n|\n|t:|1698677992\n|start\n|switch|p1a: Scizor|Scizor, M|100\/100\n|switch|p2a: Mandibuzz|Mandibuzz, F|100\/100\n|turn|1\n|\n|t:|1698678004\n|switch|p1a: Kyurem|Kyurem|100\/100\n|-ability|p1a: Kyurem|Pressure\n|move|p2a: Mandibuzz|Foul Play|p1a: Kyurem\n|-damage|p1a: Kyurem|71\/100\n|\n|upkeep\n|turn|2\n|j| ANinjaDude\n|c| ANinjaDude|bite his ankles\n|\n|t:|1698678016\n|switch|p2a: Chien-Pao|Chien-Pao|100\/100\n|-ability|p2a: Chien-Pao|Sword of Ruin\n|move|p1a: Kyurem|Ice Beam|p2a: Chien-Pao\n|-resisted|p2a: Chien-Pao\n|-damage|p2a: Chien-Pao|44\/100\n|\n|upkeep\n|turn|3\n|c| ANinjaDude|also why no uturn from scizor\n|l| ANinjaDude\n|j| D. Lawrenzz\n|\n|t:|1698678042\n|move|p2a: Chien-Pao|Sacred Sword|p1a: Kyurem\n|-supereffective|p1a: Kyurem\n|-damage|p1a: Kyurem|0 fnt\n|faint|p1a: Kyurem\n|\n|upkeep\n|\n|t:|1698678046\n|switch|p1a: Scizor|Scizor, M|100\/100\n|turn|4\n|c|\u2606Edras16|I forgot\n|\n|t:|1698678066\n|switch|p2a: Mandibuzz|Mandibuzz, F|100\/100\n|switch|p1a: Keldeo|Keldeo-Resolute|100\/100\n|\n|upkeep\n|turn|5\n|\n|t:|1698678074\n|-terastallize|p1a: Keldeo|Water\n|move|p1a: Keldeo|Hydro Pump|p2a: Mandibuzz\n|-damage|p2a: Mandibuzz|11\/100\n|move|p2a: Mandibuzz|U-turn|p1a: Keldeo\n|-damage|p1a: Keldeo|86\/100\n|inactive|Ginesect has 270 seconds left.\n|\n|t:|1698678100\n|switch|p2a: Chien-Pao|Chien-Pao|44\/100|[from] U-turn\n|-ability|p2a: Chien-Pao|Sword of Ruin\n|\n|upkeep\n|turn|6\n|\n|t:|1698678111\n|switch|p1a: Urshifu|Urshifu, M|100\/100\n|move|p2a: Chien-Pao|Crunch|p1a: Urshifu\n|-resisted|p1a: Urshifu\n|-damage|p1a: Urshifu|79\/100\n|\n|upkeep\n|turn|7\n|\n|t:|1698678118\n|switch|p2a: Mawile|Mawile, M|100\/100\n|-ability|p2a: Mawile|Intimidate|boost\n|-unboost|p1a: Urshifu|atk|1\n|move|p1a: Urshifu|U-turn|p2a: Mawile\n|-resisted|p2a: Mawile\n|-damage|p2a: Mawile|95\/100\n|\n|t:|1698678133\n|switch|p1a: Gliscor|Gliscor, F|100\/100|[from] U-turn\n|\n|-status|p1a: Gliscor|tox|[from] item: Toxic Orb\n|upkeep\n|turn|8\n|\n|t:|1698678143\n|switch|p1a: Keldeo|Keldeo-Resolute, tera:Water|86\/100\n|switch|p2a: Mandibuzz|Mandibuzz, F|11\/100\n|\n|upkeep\n|turn|9\n|\n|t:|1698678150\n|switch|p2a: Greninja|Greninja, M|100\/100\n|move|p1a: Keldeo|Flip Turn|p2a: Greninja\n|-resisted|p2a: Greninja\n|-damage|p2a: Greninja|85\/100\n|\n|t:|1698678154\n|switch|p1a: Decidueye|Decidueye, M|100\/100|[from] Flip Turn\n|\n|upkeep\n|turn|10\n|c|\u2606Ginesect|Oh it gets flip turn\n|c|\u2606Edras16|Yup\n|\n|t:|1698678179\n|switch|p2a: Mawile|Mawile, M|95\/100\n|-ability|p2a: Mawile|Intimidate|boost\n|-unboost|p1a: Decidueye|atk|1\n|move|p1a: Decidueye|U-turn|p2a: Mawile\n|-resisted|p2a: Mawile\n|-damage|p2a: Mawile|90\/100\n|\n|t:|1698678188\n|switch|p1a: Urshifu|Urshifu, M|79\/100|[from] U-turn\n|\n|upkeep\n|turn|11\n|\n|t:|1698678198\n|detailschange|p2a: Mawile|Mawile-Mega, M\n|-mega|p2a: Mawile|Mawile|Mawilite\n|move|p1a: Urshifu|Close Combat|p2a: Mawile\n|-damage|p2a: Mawile|30\/100\n|-unboost|p1a: Urshifu|def|1\n|-unboost|p1a: Urshifu|spd|1\n|move|p2a: Mawile|Play Rough|p1a: Urshifu\n|-supereffective|p1a: Urshifu\n|-damage|p1a: Urshifu|0 fnt\n|faint|p1a: Urshifu\n|\n|upkeep\n|\n|t:|1698678204\n|switch|p1a: Scizor|Scizor, M|100\/100\n|turn|12\n|\n|t:|1698678226\n|switch|p2a: Greninja|Greninja, M|85\/100\n|move|p1a: Scizor|Bullet Punch|p2a: Greninja\n|-resisted|p2a: Greninja\n|-damage|p2a: Greninja|51\/100\n|-damage|p1a: Scizor|91\/100|[from] item: Life Orb\n|\n|upkeep\n|turn|13\n|\n|t:|1698678231\n|switch|p1a: Decidueye|Decidueye, M|100\/100\n|move|p2a: Greninja|Hydro Pump|p1a: Decidueye\n|-resisted|p1a: Decidueye\n|-damage|p1a: Decidueye|74\/100\n|\n|upkeep\n|turn|14\n|\n|t:|1698678235\n|move|p1a: Decidueye|U-turn|p2a: Greninja\n|-supereffective|p2a: Greninja\n|-damage|p2a: Greninja|0 fnt\n|faint|p2a: Greninja\n|\n|t:|1698678240\n|switch|p1a: Scizor|Scizor, M|91\/100|[from] U-turn\n|\n|upkeep\n|c|\u2606Ginesect|Yeah thought so scarf\n|c|\u2606Edras16|Then why didn't you switch\n|inactive|Ginesect has 270 seconds left.\n|\n|t:|1698678281\n|switch|p2a: Grimmsnarl|Grimmsnarl, M|100\/100\n|turn|15\n|\n|t:|1698678291\n|-terastallize|p2a: Grimmsnarl|Steel\n|move|p1a: Scizor|Bullet Punch|p2a: Grimmsnarl\n|-resisted|p2a: Grimmsnarl\n|-damage|p2a: Grimmsnarl|73\/100\n|-damage|p1a: Scizor|81\/100|[from] item: Life Orb\n|move|p2a: Grimmsnarl|Thunder Wave|p1a: Scizor\n|-status|p1a: Scizor|par\n|\n|upkeep\n|turn|16\n|\n|t:|1698678295\n|move|p2a: Grimmsnarl|Reflect|p2a: Grimmsnarl\n|-sidestart|p2: Ginesect|Reflect\n|move|p1a: Scizor|Swords Dance|p1a: Scizor\n|-boost|p1a: Scizor|atk|2\n|\n|upkeep\n|turn|17\n|\n|t:|1698678298\n|move|p2a: Grimmsnarl|Parting Shot|p1a: Scizor\n|-unboost|p1a: Scizor|atk|1\n|-unboost|p1a: Scizor|spa|1\n|\n|t:|1698678310\n|switch|p2a: Chien-Pao|Chien-Pao|44\/100|[from] Parting Shot\n|-ability|p2a: Chien-Pao|Sword of Ruin\n|move|p1a: Scizor|Swords Dance|p1a: Scizor\n|-boost|p1a: Scizor|atk|2\n|\n|upkeep\n|turn|18\n|\n|t:|1698678323\n|switch|p2a: Ting-Lu|Ting-Lu|100\/100\n|-ability|p2a: Ting-Lu|Vessel of Ruin\n|cant|p1a: Scizor|par\n|\n|upkeep\n|turn|19\n|\n|t:|1698678329\n|move|p1a: Scizor|Swords Dance|p1a: Scizor\n|-boost|p1a: Scizor|atk|2\n|move|p2a: Ting-Lu|Whirlwind|p1a: Scizor\n|drag|p1a: Gliscor|Gliscor, F|100\/100 tox\n|\n|upkeep\n|turn|20\n|c|\u2606Ginesect|Offf\n|\n|t:|1698678335\n|move|p1a: Gliscor|Toxic|p2a: Ting-Lu\n|-status|p2a: Ting-Lu|tox\n|move|p2a: Ting-Lu|Stealth Rock|p1a: Gliscor\n|-sidestart|p1: Edras16|move: Stealth Rock\n|\n|-damage|p2a: Ting-Lu|94\/100 tox|[from] psn\n|upkeep\n|turn|21\n|c|\u2606Edras16|Bruh fuck tong lu\n|\n|t:|1698678346\n|switch|p2a: Mandibuzz|Mandibuzz, F|11\/100\n|move|p1a: Gliscor|Spikes|p2a: Mandibuzz\n|-sidestart|p2: Ginesect|Spikes\n|\n|upkeep\n|turn|22\n|\n|t:|1698678350\n|move|p1a: Gliscor|Toxic|p2a: Mandibuzz\n|-status|p2a: Mandibuzz|tox\n|move|p2a: Mandibuzz|Roost|p2a: Mandibuzz\n|-heal|p2a: Mandibuzz|61\/100 tox\n|-singleturn|p2a: Mandibuzz|move: Roost\n|\n|-damage|p2a: Mandibuzz|55\/100 tox|[from] psn\n|upkeep\n|turn|23\n|\n|t:|1698678355\n|move|p1a: Gliscor|Toxic|p2a: Mandibuzz\n|-fail|p2a: Mandibuzz|tox\n|move|p2a: Mandibuzz|Foul Play|p1a: Gliscor\n|-damage|p1a: Gliscor|82\/100 tox\n|\n|-heal|p1a: Gliscor|94\/100 tox|[from] ability: Poison Heal\n|-damage|p2a: Mandibuzz|42\/100 tox|[from] psn\n|-sideend|p2: Ginesect|Reflect\n|upkeep\n|turn|24\n|\n|t:|1698678360\n|switch|p1a: Scizor|Scizor, M|81\/100 par\n|-damage|p1a: Scizor|68\/100 par|[from] Stealth Rock\n|move|p2a: Mandibuzz|Defog|p1a: Scizor\n|-unboost|p1a: Scizor|evasion|1\n|-sideend|p1: Edras16|Stealth Rock|[from] move: Defog|[of] p2a: Mandibuzz\n|-sideend|p2: Ginesect|Spikes|[from] move: Defog|[of] p2a: Mandibuzz\n|\n|-damage|p2a: Mandibuzz|24\/100 tox|[from] psn\n|upkeep\n|turn|25\n|\n|t:|1698678363\n|move|p2a: Mandibuzz|Foul Play|p1a: Scizor\n|-damage|p1a: Scizor|5\/100 par\n|move|p1a: Scizor|Swords Dance|p1a: Scizor\n|-boost|p1a: Scizor|atk|2\n|\n|-damage|p2a: Mandibuzz|0 fnt|[from] psn\n|faint|p2a: Mandibuzz\n|upkeep\n|c|\u2606Ginesect|Damn\n|inactive|Ginesect has 270 seconds left.\n|\n|t:|1698678399\n|switch|p2a: Ting-Lu|Ting-Lu|94\/100 tox\n|-ability|p2a: Ting-Lu|Vessel of Ruin\n|turn|26\n|\n|t:|1698678403\n|switch|p1a: Gliscor|Gliscor, F|94\/100 tox\n|move|p2a: Ting-Lu|Earthquake|p1a: Gliscor\n|-immune|p1a: Gliscor\n|\n|-heal|p2a: Ting-Lu|100\/100 tox|[from] item: Leftovers\n|-heal|p1a: Gliscor|100\/100 tox|[from] ability: Poison Heal\n|-damage|p2a: Ting-Lu|94\/100 tox|[from] psn\n|upkeep\n|turn|27\n|\n|t:|1698678408\n|switch|p1a: Keldeo|Keldeo-Resolute, tera:Water|86\/100\n|move|p2a: Ting-Lu|Stealth Rock|p1a: Keldeo\n|-sidestart|p1: Edras16|move: Stealth Rock\n|\n|-heal|p2a: Ting-Lu|100\/100 tox|[from] item: Leftovers\n|-damage|p2a: Ting-Lu|88\/100 tox|[from] psn\n|upkeep\n|turn|28\n|\n|t:|1698678416\n|move|p1a: Keldeo|Hydro Pump|p2a: Ting-Lu\n|-supereffective|p2a: Ting-Lu\n|-damage|p2a: Ting-Lu|0 fnt\n|faint|p2a: Ting-Lu\n|\n|upkeep\n|c|\u2606Edras16|Fuck i lost\n|c|\u2606Ginesect|Specs\n|inactive|Ginesect has 270 seconds left.\n|\n|t:|1698678443\n|switch|p2a: Chien-Pao|Chien-Pao|44\/100\n|-ability|p2a: Chien-Pao|Sword of Ruin\n|turn|29\n|c|\u2606Edras16|Is your pao banded\n|\n|t:|1698678446\n|move|p2a: Chien-Pao|Crunch|p1a: Keldeo\n|-damage|p1a: Keldeo|0 fnt\n|faint|p1a: Keldeo\n|\n|upkeep\n|\n|t:|1698678450\n|switch|p1a: Gliscor|Gliscor, F|100\/100 tox\n|-damage|p1a: Gliscor|88\/100 tox|[from] Stealth Rock\n|turn|30\n|\n|t:|1698678459\n|switch|p2a: Grimmsnarl|Grimmsnarl, M, tera:Steel|73\/100\n|move|p1a: Gliscor|Earthquake|p2a: Grimmsnarl\n|-supereffective|p2a: Grimmsnarl\n|-damage|p2a: Grimmsnarl|0 fnt\n|faint|p2a: Grimmsnarl\n|\n|-heal|p1a: Gliscor|100\/100 tox|[from] ability: Poison Heal\n|upkeep\n|\n|t:|1698678461\n|switch|p2a: Chien-Pao|Chien-Pao|44\/100\n|-ability|p2a: Chien-Pao|Sword of Ruin\n|turn|31\n|\n|t:|1698678467\n|move|p2a: Chien-Pao|Ice Spinner|p1a: Gliscor\n|-supereffective|p1a: Gliscor\n|-damage|p1a: Gliscor|0 fnt\n|faint|p1a: Gliscor\n|\n|upkeep\n|\n|t:|1698678469\n|switch|p1a: Decidueye|Decidueye, M|74\/100\n|-damage|p1a: Decidueye|62\/100|[from] Stealth Rock\n|turn|32\n|c|\u2606Edras16|Yea decidueye is slow as fuck\n|\n|t:|1698678480\n|move|p2a: Chien-Pao|Ice Spinner|p1a: Decidueye\n|-supereffective|p1a: Decidueye\n|-damage|p1a: Decidueye|0 fnt\n|faint|p1a: Decidueye\n|\n|upkeep\n|c|\u2606Ginesect|Lol\n|c|\u2606Ginesect|gg\n|c|\u2606Edras16|Why didn't i use mega scizor\n|c|\u2606Edras16|Gg\n|\n|t:|1698678490\n|switch|p1a: Scizor|Scizor, M|5\/100 par\n|-damage|p1a: Scizor|0 fnt|[from] Stealth Rock\n|faint|p1a: Scizor\n|\n|win|Ginesect\n|c|\u2606Ginesect|Yeah why didn't u\n|c|\u2606Ginesect|?\n","uploadtime":1698678504,"views":12,"p1id":"edras16","p2id":"ginesect","formatid":"gen9nationaldexubers","rating":0,"private":0,"password":""}