{"id":"gen9nationaldexubers-1986499413","p1":"Dan07B","p2":"Davarv","format":"[Gen 9] National Dex Ubers","log":"|j|\u2606Dan07B\n|j|\u2606Davarv\n|t:|1699485297\n|gametype|singles\n|player|p1|Dan07B|pokemonranger-gen4|\n|player|p2|Davarv|giovanni|\n|teamsize|p1|6\n|teamsize|p2|6\n|gen|9\n|tier|[Gen 9] National Dex Ubers\n|rule|HP Percentage Mod: HP is shown in percentages\n|rule|Endless Battle Clause: Forcing endless battles is banned\n|rule|OHKO Clause: OHKO moves are banned\n|rule|Evasion Moves Clause: Evasion moves are banned\n|rule|Evasion Items Clause: Evasion items are banned\n|rule|Species Clause: Limit one of each Pok\u00e9mon\n|rule|Sleep Clause Mod: Limit one foe put to sleep\n|rule|Mega Rayquaza Clause: You cannot mega evolve Rayquaza\n|clearpoke\n|poke|p1|Goodra-Hisui, F|\n|poke|p1|Gardevoir, F|\n|poke|p1|Dracovish|\n|poke|p1|Metagross|\n|poke|p1|Sirfetch\u2019d, F|\n|poke|p1|Noivern, M|\n|poke|p2|Pinsir, M|\n|poke|p2|Kommo-o, F|\n|poke|p2|Heracross, F|\n|poke|p2|Forretress, F|\n|poke|p2|Volcarona, M|\n|poke|p2|Araquanid, F|\n|teampreview\n|c|\u2606Davarv|Buena suerte!\n|c|\u2606Davarv|Espero que hayas mejorado tus habilidades y tu conexi\u00f3n con tus amigos\n|\n|t:|1699485350\n|start\n|switch|p1a: Gardevoir|Gardevoir, F, shiny|100\/100\n|switch|p2a: Forretress|Forretress, F, shiny|100\/100\n|-ability|p1a: Gardevoir|Sturdy|[from] ability: Trace|[of] p2a: Forretress\n|turn|1\n|\n|t:|1699485360\n|move|p1a: Gardevoir|Mystical Fire|p2a: Forretress\n|-supereffective|p2a: Forretress\n|-ability|p2a: Forretress|Sturdy\n|-damage|p2a: Forretress|1\/100\n|-unboost|p2a: Forretress|spa|1\n|move|p2a: Forretress|Stealth Rock|p1a: Gardevoir\n|-sidestart|p1: Dan07B|move: Stealth Rock\n|\n|-heal|p2a: Forretress|7\/100|[from] item: Leftovers\n|upkeep\n|turn|2\n|\n|t:|1699485370\n|move|p1a: Gardevoir|Mystical Fire|p2a: Forretress\n|-supereffective|p2a: Forretress\n|-damage|p2a: Forretress|0 fnt\n|faint|p2a: Forretress\n|\n|upkeep\n|\n|t:|1699485396\n|switch|p2a: Volcarona|Volcarona, M, shiny|100\/100\n|turn|3\n|\n|t:|1699485406\n|switch|p1a: Konrad Curze|Dracovish, shiny|100\/100\n|-damage|p1a: Konrad Curze|88\/100|[from] Stealth Rock\n|move|p2a: Volcarona|Quiver Dance|p2a: Volcarona\n|-boost|p2a: Volcarona|spa|1\n|-boost|p2a: Volcarona|spd|1\n|-boost|p2a: Volcarona|spe|1\n|\n|upkeep\n|turn|4\n|\n|t:|1699485422\n|move|p2a: Volcarona|Bug Buzz|p1a: Konrad Curze\n|-damage|p1a: Konrad Curze|3\/100\n|move|p1a: Konrad Curze|Fishious Rend|p2a: Volcarona\n|-supereffective|p2a: Volcarona\n|-damage|p2a: Volcarona|0 fnt\n|faint|p2a: Volcarona\n|\n|upkeep\n|\n|t:|1699485442\n|switch|p2a: Pinsir|Pinsir, M, shiny|100\/100\n|turn|5\n|\n|t:|1699485447\n|move|p2a: Pinsir|Quick Attack|p1a: Konrad Curze\n|-damage|p1a: Konrad Curze|0 fnt\n|faint|p1a: Konrad Curze\n|-ability|p2a: Pinsir|Moxie|boost\n|-boost|p2a: Pinsir|atk|1\n|\n|upkeep\n|\n|t:|1699485473\n|switch|p1a: Corvuz Korax|Noivern, M|100\/100\n|-damage|p1a: Corvuz Korax|76\/100|[from] Stealth Rock\n|-item|p2a: Pinsir|Pinsirite|[from] ability: Frisk|[of] p1a: Corvuz Korax|[identify]\n|turn|6\n|\n|t:|1699485498\n|switch|p2a: Kommo-o|Kommo-o, F|100\/100\n|move|p1a: Corvuz Korax|Air Slash|p2a: Kommo-o\n|-supereffective|p2a: Kommo-o\n|-damage|p2a: Kommo-o|24\/100\n|\n|-heal|p2a: Kommo-o|30\/100|[from] item: Leftovers\n|upkeep\n|turn|7\n|\n|t:|1699485508\n|-terastallize|p2a: Kommo-o|Bug\n|move|p1a: Corvuz Korax|Air Slash|p2a: Kommo-o\n|-supereffective|p2a: Kommo-o\n|-damage|p2a: Kommo-o|0 fnt\n|faint|p2a: Kommo-o\n|\n|upkeep\n|\n|t:|1699485511\n|switch|p2a: Heracross|Heracross, F|100\/100\n|turn|8\n|\n|t:|1699485516\n|move|p1a: Corvuz Korax|Air Slash|p2a: Heracross\n|-supereffective|p2a: Heracross\n|-crit|p2a: Heracross\n|-damage|p2a: Heracross|0 fnt\n|faint|p2a: Heracross\n|\n|upkeep\n|\n|t:|1699485520\n|switch|p2a: Pinsir|Pinsir, M, shiny|100\/100\n|turn|9\n|\n|t:|1699485523\n|detailschange|p2a: Pinsir|Pinsir-Mega, M, shiny\n|-mega|p2a: Pinsir|Pinsir|Pinsirite\n|move|p1a: Corvuz Korax|Air Slash|p2a: Pinsir\n|-supereffective|p2a: Pinsir\n|-damage|p2a: Pinsir|0 fnt\n|faint|p2a: Pinsir\n|\n|upkeep\n|\n|t:|1699485528\n|switch|p2a: Araquanid|Araquanid, F, shiny|100\/100\n|turn|10\n|c|\u2606Davarv|Scarf....\n|c|\u2606Davarv|No me lo esperaba\n|c|\u2606Dan07B|SEP\n|\n|t:|1699485545\n|move|p1a: Corvuz Korax|Air Slash|p2a: Araquanid\n|-supereffective|p2a: Araquanid\n|-damage|p2a: Araquanid|46\/100\n|cant|p2a: Araquanid|flinch\n|\n|upkeep\n|turn|11\n|\n|t:|1699485549\n|move|p1a: Corvuz Korax|Air Slash|p2a: Araquanid\n|-supereffective|p2a: Araquanid\n|-damage|p2a: Araquanid|0 fnt\n|faint|p2a: Araquanid\n|\n|win|Dan07B\n|c|\u2606Davarv|Pues, GG\n|c|\u2606Davarv|Bien jugado!\n|c|\u2606Dan07B|El entrenamiento rindi\u00f3 sus frutos\n|c|\u2606Dan07B|Gracias por ayudarme a mejorar\n|c|\u2606Davarv|No me lo esperaba en verdad, eres libre de mi gym y podes seguir adelante ante los dem\u00e1s retos\n","uploadtime":1699485593,"views":5,"p1id":"dan07b","p2id":"davarv","formatid":"gen9nationaldexubers","rating":0,"private":0,"password":""}