{"id":"gen9nationaldexubers-1986607551","p1":"Pachimi","p2":"NicholasDousa","format":"[Gen 9] National Dex Ubers","log":"|j|\u2606Pachimi\n|j|\u2606NicholasDousa\n|t:|1699497294\n|gametype|singles\n|player|p1|Pachimi|ash-alola|1206\n|player|p2|NicholasDousa|fisherman|1292\n|teamsize|p1|6\n|teamsize|p2|6\n|gen|9\n|tier|[Gen 9] National Dex Ubers\n|rated|\n|rule|HP Percentage Mod: HP is shown in percentages\n|rule|Endless Battle Clause: Forcing endless battles is banned\n|rule|OHKO Clause: OHKO moves are banned\n|rule|Evasion Moves Clause: Evasion moves are banned\n|rule|Evasion Items Clause: Evasion items are banned\n|rule|Species Clause: Limit one of each Pok\u00e9mon\n|rule|Sleep Clause Mod: Limit one foe put to sleep\n|rule|Mega Rayquaza Clause: You cannot mega evolve Rayquaza\n|clearpoke\n|poke|p1|Pikachu, F|\n|poke|p1|Lucario, M|\n|poke|p1|Dragonite, F|\n|poke|p1|Dracovish|\n|poke|p1|Gengar, M|\n|poke|p1|Sirfetch\u2019d, M|\n|poke|p2|Beedrill, M|\n|poke|p2|Urshifu-*, F|\n|poke|p2|Lokix, M|\n|poke|p2|Braviary-Hisui, M|\n|poke|p2|Arcanine-Hisui, F|\n|poke|p2|Galvantula, M|\n|teampreview\n|inactive|Battle timer is ON: inactive players will automatically lose when time's up. (requested by Pachimi)\n|\n|t:|1699497299\n|start\n|switch|p1a: Pikachu|Pikachu, F|100\/100\n|switch|p2a: Galvantula|Galvantula, M|100\/100\n|turn|1\n|\n|t:|1699497302\n|move|p1a: Pikachu|Fake Out|p2a: Galvantula\n|-damage|p2a: Galvantula|68\/100\n|cant|p2a: Galvantula|flinch\n|\n|upkeep\n|turn|2\n|\n|t:|1699497306\n|move|p1a: Pikachu|Extreme Speed|p2a: Galvantula\n|-damage|p2a: Galvantula|7\/100\n|move|p2a: Galvantula|Sticky Web|p1a: Pikachu\n|-sidestart|p1: Pachimi|move: Sticky Web\n|\n|upkeep\n|turn|3\n|\n|t:|1699497310\n|move|p1a: Pikachu|Extreme Speed|p2a: Galvantula\n|-damage|p2a: Galvantula|0 fnt\n|faint|p2a: Galvantula\n|\n|upkeep\n|\n|t:|1699497314\n|switch|p2a: Braviary|Braviary-Hisui, M, shiny|100\/100\n|turn|4\n|\n|t:|1699497318\n|move|p1a: Pikachu|Volt Switch|p2a: Braviary\n|-supereffective|p2a: Braviary\n|-damage|p2a: Braviary|24\/100\n|\n|t:|1699497323\n|switch|p1a: Sirfetch\u2019d|Sirfetch\u2019d, M|100\/100|[from] Volt Switch\n|-activate|p1a: Sirfetch\u2019d|move: Sticky Web\n|-unboost|p1a: Sirfetch\u2019d|spe|1\n|move|p2a: Braviary|Esper Wing|p1a: Sirfetch\u2019d\n|-supereffective|p1a: Sirfetch\u2019d\n|-damage|p1a: Sirfetch\u2019d|0 fnt\n|-boost|p2a: Braviary|spe|1\n|faint|p1a: Sirfetch\u2019d\n|-damage|p2a: Braviary|14\/100|[from] item: Life Orb\n|\n|upkeep\n|\n|t:|1699497328\n|switch|p1a: Pikachu|Pikachu, F|100\/100\n|-activate|p1a: Pikachu|move: Sticky Web\n|-unboost|p1a: Pikachu|spe|1\n|turn|5\n|\n|t:|1699497335\n|switch|p2a: Arcanine|Arcanine-Hisui, F|100\/100\n|move|p1a: Pikachu|Fake Out|p2a: Arcanine\n|-resisted|p2a: Arcanine\n|-damage|p2a: Arcanine|91\/100\n|\n|upkeep\n|turn|6\n|\n|t:|1699497343\n|switch|p1a: Dragonite|Dragonite, F|100\/100\n|-terastallize|p2a: Arcanine|Fire\n|move|p2a: Arcanine|Flare Blitz|p1a: Dragonite\n|-resisted|p1a: Dragonite\n|-damage|p1a: Dragonite|67\/100\n|\n|-heal|p1a: Dragonite|73\/100|[from] item: Leftovers\n|upkeep\n|turn|7\n|\n|t:|1699497350\n|move|p2a: Arcanine|Flare Blitz|p1a: Dragonite\n|-resisted|p1a: Dragonite\n|-damage|p1a: Dragonite|7\/100\n|move|p1a: Dragonite|Dragon Dance|p1a: Dragonite\n|-boost|p1a: Dragonite|atk|1\n|-boost|p1a: Dragonite|spe|1\n|\n|-heal|p1a: Dragonite|13\/100|[from] item: Leftovers\n|upkeep\n|turn|8\n|\n|t:|1699497355\n|move|p1a: Dragonite|Earthquake|p2a: Arcanine\n|-supereffective|p2a: Arcanine\n|-damage|p2a: Arcanine|0 fnt\n|faint|p2a: Arcanine\n|\n|-heal|p1a: Dragonite|19\/100|[from] item: Leftovers\n|upkeep\n|\n|t:|1699497357\n|switch|p2a: Urshifu|Urshifu-Rapid-Strike, F|100\/100\n|turn|9\n|\n|t:|1699497362\n|move|p1a: Dragonite|Extreme Speed|p2a: Urshifu\n|-damage|p2a: Urshifu|55\/100\n|move|p2a: Urshifu|Aqua Jet|p1a: Dragonite\n|-resisted|p1a: Dragonite\n|-damage|p1a: Dragonite|6\/100\n|\n|-heal|p1a: Dragonite|12\/100|[from] item: Leftovers\n|upkeep\n|turn|10\n|\n|t:|1699497366\n|move|p1a: Dragonite|Extreme Speed|p2a: Urshifu\n|-damage|p2a: Urshifu|10\/100\n|move|p2a: Urshifu|Aqua Jet|p1a: Dragonite\n|-resisted|p1a: Dragonite\n|-damage|p1a: Dragonite|0 fnt\n|faint|p1a: Dragonite\n|\n|upkeep\n|\n|t:|1699497370\n|switch|p1a: Pikachu|Pikachu, F|100\/100\n|-activate|p1a: Pikachu|move: Sticky Web\n|-unboost|p1a: Pikachu|spe|1\n|turn|11\n|\n|t:|1699497373\n|switch|p2a: Braviary|Braviary-Hisui, M, shiny|14\/100\n|move|p1a: Pikachu|Fake Out|p2a: Braviary\n|-damage|p2a: Braviary|0 fnt\n|faint|p2a: Braviary\n|\n|upkeep\n|\n|t:|1699497378\n|switch|p2a: Chainsaw man|Lokix, M|100\/100\n|turn|12\n|\n|t:|1699497382\n|switch|p1a: Gengar|Gengar, M|100\/100\n|-activate|p1a: Gengar|move: Sticky Web\n|-unboost|p1a: Gengar|spe|1\n|move|p2a: Chainsaw man|First Impression|p1a: Gengar\n|-resisted|p1a: Gengar\n|-crit|p1a: Gengar\n|-damage|p1a: Gengar|14\/100\n|-damage|p2a: Chainsaw man|91\/100|[from] item: Life Orb\n|\n|upkeep\n|turn|13\n|\n|t:|1699497388\n|move|p2a: Chainsaw man|Leech Life|p1a: Gengar\n|-resisted|p1a: Gengar\n|-damage|p1a: Gengar|0 fnt\n|-heal|p2a: Chainsaw man|97\/100|[from] drain|[of] p1a: Gengar\n|faint|p1a: Gengar\n|-damage|p2a: Chainsaw man|87\/100|[from] item: Life Orb\n|\n|upkeep\n|\n|t:|1699497391\n|switch|p1a: Dracovish|Dracovish|100\/100\n|-activate|p1a: Dracovish|move: Sticky Web\n|-unboost|p1a: Dracovish|spe|1\n|turn|14\n|\n|t:|1699497395\n|move|p2a: Chainsaw man|Leech Life|p1a: Dracovish\n|-damage|p1a: Dracovish|47\/100\n|-heal|p2a: Chainsaw man|100\/100|[from] drain|[of] p1a: Dracovish\n|-damage|p2a: Chainsaw man|91\/100|[from] item: Life Orb\n|move|p1a: Dracovish|Fishious Rend|p2a: Chainsaw man\n|-damage|p2a: Chainsaw man|0 fnt\n|faint|p2a: Chainsaw man\n|-damage|p1a: Dracovish|37\/100|[from] item: Life Orb\n|\n|upkeep\n|\n|t:|1699497404\n|switch|p2a: Beedrill|Beedrill, M|100\/100\n|turn|15\n|\n|t:|1699497408\n|detailschange|p2a: Beedrill|Beedrill-Mega, M\n|-mega|p2a: Beedrill|Beedrill|Beedrillite\n|move|p2a: Beedrill|Fell Stinger|p1a: Dracovish\n|-damage|p1a: Dracovish|0 fnt\n|faint|p1a: Dracovish\n|-boost|p2a: Beedrill|atk|3\n|\n|upkeep\n|\n|t:|1699497412\n|switch|p1a: Lucario|Lucario, M|100\/100\n|-activate|p1a: Lucario|move: Sticky Web\n|-unboost|p1a: Lucario|spe|1\n|turn|16\n|\n|t:|1699497414\n|detailschange|p1a: Lucario|Lucario-Mega, M\n|-mega|p1a: Lucario|Lucario|Lucarionite\n|move|p2a: Beedrill|Drill Run|p1a: Lucario\n|-supereffective|p1a: Lucario\n|-crit|p1a: Lucario\n|-damage|p1a: Lucario|0 fnt\n|faint|p1a: Lucario\n|\n|upkeep\n|\n|t:|1699497417\n|switch|p1a: Pikachu|Pikachu, F|100\/100\n|-activate|p1a: Pikachu|move: Sticky Web\n|-unboost|p1a: Pikachu|spe|1\n|turn|17\n|\n|t:|1699497419\n|-terastallize|p1a: Pikachu|Normal\n|move|p1a: Pikachu|Fake Out|p2a: Beedrill\n|-damage|p2a: Beedrill|41\/100\n|cant|p2a: Beedrill|flinch\n|\n|upkeep\n|turn|18\n|\n|t:|1699497423\n|move|p1a: Pikachu|Extreme Speed|p2a: Beedrill\n|-damage|p2a: Beedrill|0 fnt\n|faint|p2a: Beedrill\n|\n|upkeep\n|\n|t:|1699497425\n|switch|p2a: Urshifu|Urshifu-Rapid-Strike, F|10\/100\n|turn|19\n|\n|t:|1699497427\n|move|p1a: Pikachu|Extreme Speed|p2a: Urshifu\n|-damage|p2a: Urshifu|0 fnt\n|faint|p2a: Urshifu\n|\n|win|Pachimi\n|raw|Pachimi's rating: 1206 &rarr; <strong>1237<\/strong><br \/>(+31 for winning)\n|raw|NicholasDousa's rating: 1292 &rarr; <strong>1261<\/strong><br \/>(-31 for losing)\n","uploadtime":1699497438,"views":5,"p1id":"pachimi","p2id":"nicholasdousa","formatid":"gen9nationaldexubers","rating":1237,"private":0,"password":""}