{"id":"gen9nationaldexubers-1998330077","p1":"KingoftheTitans","p2":"Duho","format":"[Gen 9] National Dex Ubers","log":"|j|\u2606KingoftheTitans\n|j|\u2606Duho\n|t:|1700930206\n|gametype|singles\n|player|p1|KingoftheTitans|101|1265\n|player|p2|Duho|cynthia-masters3|1371\n|teamsize|p1|6\n|teamsize|p2|6\n|gen|9\n|tier|[Gen 9] National Dex Ubers\n|rated|\n|rule|HP Percentage Mod: HP is shown in percentages\n|rule|Endless Battle Clause: Forcing endless battles is banned\n|rule|OHKO Clause: OHKO moves are banned\n|rule|Evasion Moves Clause: Evasion moves are banned\n|rule|Evasion Items Clause: Evasion items are banned\n|rule|Species Clause: Limit one of each Pok\u00e9mon\n|rule|Sleep Clause Mod: Limit one foe put to sleep\n|rule|Mega Rayquaza Clause: You cannot mega evolve Rayquaza\n|clearpoke\n|poke|p1|Tornadus, M|\n|poke|p1|Basculegion, M|\n|poke|p1|Druddigon, M|\n|poke|p1|Iron Thorns|\n|poke|p1|Torterra, M|\n|poke|p1|Aggron, M|\n|poke|p2|Clefable, F|\n|poke|p2|Blissey, F|\n|poke|p2|Lopunny, F|\n|poke|p2|Toxapex, F|\n|poke|p2|Skarmory, M|\n|poke|p2|Ursaluna-Bloodmoon, M|\n|teampreview\n|inactive|Battle timer is ON: inactive players will automatically lose when time's up. (requested by Duho)\n|\n|t:|1700930222\n|start\n|switch|p1a: Torterra|Torterra, M|100\/100\n|switch|p2a: Chun Li|Lopunny, F|100\/100\n|turn|1\n|\n|t:|1700930230\n|detailschange|p2a: Chun Li|Lopunny-Mega, F\n|-mega|p2a: Chun Li|Lopunny|Lopunnite\n|move|p2a: Chun Li|Fake Out|p1a: Torterra\n|-damage|p1a: Torterra|80\/100\n|cant|p1a: Torterra|flinch\n|\n|upkeep\n|turn|2\n|\n|t:|1700930244\n|move|p2a: Chun Li|U-turn|p1a: Torterra\n|-supereffective|p1a: Torterra\n|-damage|p1a: Torterra|31\/100\n|\n|t:|1700930250\n|switch|p2a: Full Metal Chicken|Skarmory, M|100\/100|[from] U-turn\n|move|p1a: Torterra|Shell Smash|p1a: Torterra\n|-unboost|p1a: Torterra|def|1\n|-unboost|p1a: Torterra|spd|1\n|-boost|p1a: Torterra|atk|2\n|-boost|p1a: Torterra|spa|2\n|-boost|p1a: Torterra|spe|2\n|\n|upkeep\n|turn|3\n|\n|t:|1700930260\n|move|p1a: Torterra|Rock Blast|p2a: Full Metal Chicken\n|-damage|p2a: Full Metal Chicken|91\/100\n|-damage|p2a: Full Metal Chicken|82\/100\n|-damage|p2a: Full Metal Chicken|72\/100\n|-damage|p2a: Full Metal Chicken|64\/100\n|-hitcount|p2a: Full Metal Chicken|4\n|move|p2a: Full Metal Chicken|Whirlwind|p1a: Torterra\n|drag|p1a: Basculegion|Basculegion, M|100\/100\n|\n|upkeep\n|turn|4\n|\n|t:|1700930270\n|move|p1a: Basculegion|Flip Turn|p2a: Full Metal Chicken\n|-damage|p2a: Full Metal Chicken|42\/100\n|-damage|p1a: Basculegion|84\/100|[from] item: Rocky Helmet|[of] p2a: Full Metal Chicken\n|\n|t:|1700930280\n|switch|p1a: Iron Thorns|Iron Thorns|100\/100|[from] Flip Turn\n|-item|p1a: Iron Thorns|Air Balloon\n|move|p2a: Full Metal Chicken|Spikes|p1a: Iron Thorns\n|-sidestart|p1: KingoftheTitans|Spikes\n|\n|upkeep\n|turn|5\n|\n|t:|1700930299\n|switch|p2a: Disaster|Ursaluna-Bloodmoon, M|100\/100\n|move|p1a: Iron Thorns|Wild Charge|p2a: Disaster\n|-immune|p2a: Disaster\n|\n|upkeep\n|turn|6\n|\n|t:|1700930305\n|move|p1a: Iron Thorns|Dragon Dance|p1a: Iron Thorns\n|-boost|p1a: Iron Thorns|atk|1\n|-boost|p1a: Iron Thorns|spe|1\n|move|p2a: Disaster|Blood Moon|p1a: Iron Thorns\n|-resisted|p1a: Iron Thorns\n|-damage|p1a: Iron Thorns|56\/100\n|-enditem|p1a: Iron Thorns|Air Balloon\n|\n|upkeep\n|turn|7\n|\n|t:|1700930313\n|move|p1a: Iron Thorns|Ice Punch|p2a: Disaster\n|-supereffective|p2a: Disaster\n|-damage|p2a: Disaster|48\/100\n|move|p2a: Disaster|Earth Power|p1a: Iron Thorns\n|-supereffective|p1a: Iron Thorns\n|-damage|p1a: Iron Thorns|0 fnt\n|faint|p1a: Iron Thorns\n|-end|p1a: Iron Thorns|Quark Drive|[silent]\n|\n|upkeep\n|\n|t:|1700930320\n|switch|p1a: Torterra|Torterra, M|31\/100\n|-damage|p1a: Torterra|19\/100|[from] Spikes\n|turn|8\n|\n|t:|1700930324\n|move|p2a: Disaster|Vacuum Wave|p1a: Torterra\n|-damage|p1a: Torterra|1\/100\n|move|p1a: Torterra|Bullet Seed|p2a: Disaster\n|-supereffective|p2a: Disaster\n|-damage|p2a: Disaster|32\/100\n|-supereffective|p2a: Disaster\n|-damage|p2a: Disaster|17\/100\n|-supereffective|p2a: Disaster\n|-damage|p2a: Disaster|1\/100\n|-supereffective|p2a: Disaster\n|-damage|p2a: Disaster|0 fnt\n|faint|p2a: Disaster\n|-hitcount|p2: Disaster|4\n|\n|upkeep\n|\n|t:|1700930330\n|switch|p2a: Full Metal Chicken|Skarmory, M|42\/100\n|turn|9\n|\n|t:|1700930338\n|move|p1a: Torterra|Rock Blast|p2a: Full Metal Chicken\n|-damage|p2a: Full Metal Chicken|37\/100\n|-damage|p2a: Full Metal Chicken|33\/100\n|-damage|p2a: Full Metal Chicken|28\/100\n|-damage|p2a: Full Metal Chicken|23\/100\n|-damage|p2a: Full Metal Chicken|18\/100\n|-hitcount|p2a: Full Metal Chicken|5\n|move|p2a: Full Metal Chicken|Roost|p2a: Full Metal Chicken\n|-heal|p2a: Full Metal Chicken|68\/100\n|-singleturn|p2a: Full Metal Chicken|move: Roost\n|\n|upkeep\n|turn|10\n|\n|t:|1700930349\n|move|p1a: Torterra|Shell Smash|p1a: Torterra\n|-unboost|p1a: Torterra|def|1\n|-unboost|p1a: Torterra|spd|1\n|-boost|p1a: Torterra|atk|2\n|-boost|p1a: Torterra|spa|2\n|-boost|p1a: Torterra|spe|2\n|move|p2a: Full Metal Chicken|Spikes|p1a: Torterra\n|-sidestart|p1: KingoftheTitans|Spikes\n|\n|upkeep\n|turn|11\n|\n|t:|1700930357\n|move|p1a: Torterra|Rock Blast|p2a: Full Metal Chicken\n|-damage|p2a: Full Metal Chicken|59\/100\n|-damage|p2a: Full Metal Chicken|49\/100\n|-damage|p2a: Full Metal Chicken|39\/100\n|-damage|p2a: Full Metal Chicken|30\/100\n|-hitcount|p2a: Full Metal Chicken|4\n|move|p2a: Full Metal Chicken|Roost|p2a: Full Metal Chicken\n|-heal|p2a: Full Metal Chicken|80\/100\n|-singleturn|p2a: Full Metal Chicken|move: Roost\n|\n|upkeep\n|turn|12\n|\n|t:|1700930368\n|move|p1a: Torterra|Shell Smash|p1a: Torterra\n|-unboost|p1a: Torterra|def|1\n|-unboost|p1a: Torterra|spd|1\n|-boost|p1a: Torterra|atk|2\n|-boost|p1a: Torterra|spa|2\n|-boost|p1a: Torterra|spe|2\n|move|p2a: Full Metal Chicken|Whirlwind|p1a: Torterra\n|drag|p1a: Aggron|Aggron, M, shiny|100\/100\n|-damage|p1a: Aggron|84\/100|[from] Spikes\n|\n|upkeep\n|turn|13\n|inactive|Duho has 120 seconds left.\n|\n|t:|1700930418\n|switch|p1a: Tornadus|Tornadus, M|100\/100\n|move|p2a: Full Metal Chicken|Spikes|p1a: Tornadus\n|-sidestart|p1: KingoftheTitans|Spikes\n|\n|upkeep\n|turn|14\n|\n|t:|1700930424\n|switch|p2a: Dynamite Girl|Blissey, F|100\/100\n|move|p1a: Tornadus|Defog|p2a: Dynamite Girl\n|-unboost|p2a: Dynamite Girl|evasion|1\n|-sideend|p1: KingoftheTitans|Spikes|[from] move: Defog|[of] p1a: Tornadus\n|\n|upkeep\n|turn|15\n|inactive|Duho has 120 seconds left.\n|\n|t:|1700930431\n|switch|p1a: Aggron|Aggron, M, shiny|84\/100\n|move|p2a: Dynamite Girl|Seismic Toss|p1a: Aggron\n|-damage|p1a: Aggron|55\/100\n|\n|upkeep\n|turn|16\n|\n|t:|1700930439\n|detailschange|p1a: Aggron|Aggron-Mega, M, shiny\n|-mega|p1a: Aggron|Aggron|Aggronite\n|move|p1a: Aggron|Body Press|p2a: Dynamite Girl\n|-supereffective|p2a: Dynamite Girl\n|-damage|p2a: Dynamite Girl|33\/100\n|move|p2a: Dynamite Girl|Teleport|p2a: Dynamite Girl\n|\n|t:|1700930443\n|switch|p2a: Chun Li|Lopunny-Mega, F|100\/100|[from] Teleport\n|\n|upkeep\n|turn|17\n|\n|t:|1700930451\n|move|p2a: Chun Li|Close Combat|p1a: Aggron\n|-supereffective|p1a: Aggron\n|-damage|p1a: Aggron|10\/100\n|-unboost|p2a: Chun Li|def|1\n|-unboost|p2a: Chun Li|spd|1\n|move|p1a: Aggron|Body Press|p2a: Chun Li\n|-supereffective|p2a: Chun Li\n|-damage|p2a: Chun Li|0 fnt\n|faint|p2a: Chun Li\n|\n|upkeep\n|inactive|Duho has 120 seconds left.\n|\n|t:|1700930475\n|switch|p2a: Clutch Player|Clefable, F|100\/100\n|turn|18\n|\n|t:|1700930485\n|move|p2a: Clutch Player|Seismic Toss|p1a: Aggron\n|-damage|p1a: Aggron|0 fnt\n|faint|p1a: Aggron\n|\n|upkeep\n|\n|t:|1700930492\n|switch|p1a: Basculegion|Basculegion, M|84\/100\n|turn|19\n|\n|t:|1700930501\n|move|p1a: Basculegion|Wave Crash|p2a: Clutch Player\n|-damage|p2a: Clutch Player|42\/100\n|-damage|p1a: Basculegion|64\/100|[from] Recoil\n|move|p2a: Clutch Player|Cosmic Power|p2a: Clutch Player\n|-boost|p2a: Clutch Player|def|1\n|-boost|p2a: Clutch Player|spd|1\n|\n|-heal|p2a: Clutch Player|48\/100|[from] item: Leftovers\n|upkeep\n|turn|20\n|\n|t:|1700930510\n|switch|p1a: Torterra|Torterra, M|1\/100\n|move|p2a: Clutch Player|Soft-Boiled|p2a: Clutch Player\n|-heal|p2a: Clutch Player|98\/100\n|\n|-heal|p2a: Clutch Player|100\/100|[from] item: Leftovers\n|upkeep\n|turn|21\n|\n|t:|1700930517\n|move|p1a: Torterra|Shell Smash|p1a: Torterra\n|-unboost|p1a: Torterra|def|1\n|-unboost|p1a: Torterra|spd|1\n|-boost|p1a: Torterra|atk|2\n|-boost|p1a: Torterra|spa|2\n|-boost|p1a: Torterra|spe|2\n|move|p2a: Clutch Player|Cosmic Power|p2a: Clutch Player\n|-boost|p2a: Clutch Player|def|1\n|-boost|p2a: Clutch Player|spd|1\n|\n|upkeep\n|turn|22\n|\n|t:|1700930525\n|move|p1a: Torterra|Bullet Seed|p2a: Clutch Player\n|-damage|p2a: Clutch Player|96\/100\n|-damage|p2a: Clutch Player|91\/100\n|-damage|p2a: Clutch Player|86\/100\n|-damage|p2a: Clutch Player|82\/100\n|-hitcount|p2a: Clutch Player|4\n|move|p2a: Clutch Player|Cosmic Power|p2a: Clutch Player\n|-boost|p2a: Clutch Player|def|1\n|-boost|p2a: Clutch Player|spd|1\n|\n|-heal|p2a: Clutch Player|88\/100|[from] item: Leftovers\n|upkeep\n|turn|23\n|\n|t:|1700930547\n|move|p1a: Torterra|Bullet Seed|p2a: Clutch Player\n|-damage|p2a: Clutch Player|85\/100\n|-damage|p2a: Clutch Player|81\/100\n|-damage|p2a: Clutch Player|77\/100\n|-damage|p2a: Clutch Player|73\/100\n|-damage|p2a: Clutch Player|70\/100\n|-hitcount|p2a: Clutch Player|5\n|move|p2a: Clutch Player|Cosmic Power|p2a: Clutch Player\n|-boost|p2a: Clutch Player|def|1\n|-boost|p2a: Clutch Player|spd|1\n|\n|-heal|p2a: Clutch Player|76\/100|[from] item: Leftovers\n|upkeep\n|turn|24\n|\n|t:|1700930560\n|move|p1a: Torterra|Bullet Seed|p2a: Clutch Player\n|-damage|p2a: Clutch Player|73\/100\n|-damage|p2a: Clutch Player|69\/100\n|-damage|p2a: Clutch Player|66\/100\n|-damage|p2a: Clutch Player|63\/100\n|-damage|p2a: Clutch Player|60\/100\n|-hitcount|p2a: Clutch Player|5\n|move|p2a: Clutch Player|Stored Power|p1a: Torterra\n|-damage|p1a: Torterra|0 fnt\n|faint|p1a: Torterra\n|\n|-heal|p2a: Clutch Player|66\/100|[from] item: Leftovers\n|upkeep\n|\n|t:|1700930572\n|switch|p1a: Druddigon|Druddigon, M, shiny|100\/100\n|turn|25\n|\n|t:|1700930589\n|-terastallize|p1a: Druddigon|Steel\n|move|p2a: Clutch Player|Cosmic Power|p2a: Clutch Player\n|-boost|p2a: Clutch Player|def|1\n|-boost|p2a: Clutch Player|spd|1\n|move|p1a: Druddigon|Glare|p2a: Clutch Player\n|-status|p2a: Clutch Player|par\n|\n|-heal|p2a: Clutch Player|72\/100 par|[from] item: Leftovers\n|upkeep\n|turn|26\n|\n|t:|1700930598\n|move|p1a: Druddigon|Iron Head|p2a: Clutch Player\n|-supereffective|p2a: Clutch Player\n|-damage|p2a: Clutch Player|52\/100 par\n|cant|p2a: Clutch Player|flinch\n|\n|-heal|p2a: Clutch Player|58\/100 par|[from] item: Leftovers\n|upkeep\n|turn|27\n|\n|t:|1700930604\n|move|p1a: Druddigon|Iron Head|p2a: Clutch Player\n|-supereffective|p2a: Clutch Player\n|-damage|p2a: Clutch Player|38\/100 par\n|move|p2a: Clutch Player|Seismic Toss|p1a: Druddigon\n|-damage|p1a: Druddigon|73\/100\n|-damage|p2a: Clutch Player|26\/100 par|[from] ability: Rough Skin|[of] p1a: Druddigon\n|-damage|p2a: Clutch Player|9\/100 par|[from] item: Rocky Helmet|[of] p1a: Druddigon\n|\n|-heal|p2a: Clutch Player|15\/100 par|[from] item: Leftovers\n|upkeep\n|turn|28\n|\n|t:|1700930616\n|move|p1a: Druddigon|Iron Head|p2a: Clutch Player\n|-supereffective|p2a: Clutch Player\n|-damage|p2a: Clutch Player|0 fnt\n|faint|p2a: Clutch Player\n|\n|upkeep\n|\n|t:|1700930622\n|switch|p2a: Hitori|Toxapex, F|100\/100\n|turn|29\n|\n|t:|1700930625\n|move|p1a: Druddigon|Glare|p2a: Hitori\n|-status|p2a: Hitori|par\n|move|p2a: Hitori|Scald|p1a: Druddigon\n|-damage|p1a: Druddigon|55\/100\n|\n|upkeep\n|turn|30\n|\n|t:|1700930633\n|switch|p1a: Tornadus|Tornadus, M|100\/100\n|move|p2a: Hitori|Scald|p1a: Tornadus\n|-damage|p1a: Tornadus|77\/100\n|\n|upkeep\n|turn|31\n|\n|t:|1700930639\n|move|p1a: Tornadus|Hurricane|p2a: Hitori\n|-damage|p2a: Hitori|51\/100 par\n|-start|p2a: Hitori|confusion\n|-activate|p2a: Hitori|confusion\n|move|p2a: Hitori|Toxic|p1a: Tornadus\n|-status|p1a: Tornadus|tox\n|\n|-heal|p2a: Hitori|57\/100 par|[from] item: Leftovers\n|-damage|p1a: Tornadus|71\/100 tox|[from] psn\n|upkeep\n|turn|32\n|\n|t:|1700930651\n|switch|p2a: Full Metal Chicken|Skarmory, M|80\/100\n|move|p1a: Tornadus|Hurricane|p2a: Full Metal Chicken|[miss]\n|-miss|p1a: Tornadus|p2a: Full Metal Chicken\n|\n|-damage|p1a: Tornadus|59\/100 tox|[from] psn\n|upkeep\n|turn|33\n|\n|t:|1700930659\n|move|p1a: Tornadus|Focus Blast|p2a: Full Metal Chicken\n|-damage|p2a: Full Metal Chicken|25\/100\n|move|p2a: Full Metal Chicken|Roost|p2a: Full Metal Chicken\n|-heal|p2a: Full Metal Chicken|75\/100\n|-singleturn|p2a: Full Metal Chicken|move: Roost\n|\n|-damage|p1a: Tornadus|41\/100 tox|[from] psn\n|upkeep\n|turn|34\n|\n|t:|1700930667\n|move|p1a: Tornadus|Focus Blast|p2a: Full Metal Chicken\n|-damage|p2a: Full Metal Chicken|21\/100\n|move|p2a: Full Metal Chicken|Roost|p2a: Full Metal Chicken\n|-heal|p2a: Full Metal Chicken|71\/100\n|-singleturn|p2a: Full Metal Chicken|move: Roost\n|\n|-damage|p1a: Tornadus|17\/100 tox|[from] psn\n|upkeep\n|turn|35\n|\n|t:|1700930675\n|switch|p1a: Druddigon|Druddigon, M, shiny, tera:Steel|55\/100\n|move|p2a: Full Metal Chicken|Roost|p2a: Full Metal Chicken\n|-heal|p2a: Full Metal Chicken|100\/100\n|-singleturn|p2a: Full Metal Chicken|move: Roost\n|\n|upkeep\n|turn|36\n|\n|t:|1700930681\n|move|p2a: Full Metal Chicken|Spikes|p1a: Druddigon\n|-sidestart|p1: KingoftheTitans|Spikes\n|move|p1a: Druddigon|Glare|p2a: Full Metal Chicken\n|-status|p2a: Full Metal Chicken|par\n|\n|upkeep\n|turn|37\n|\n|t:|1700930695\n|move|p1a: Druddigon|Stealth Rock|p2a: Full Metal Chicken\n|-sidestart|p2: Duho|move: Stealth Rock\n|move|p2a: Full Metal Chicken|Spikes|p1a: Druddigon\n|-sidestart|p1: KingoftheTitans|Spikes\n|\n|upkeep\n|turn|38\n|\n|t:|1700930718\n|switch|p1a: Tornadus|Tornadus, M|17\/100 tox\n|move|p2a: Full Metal Chicken|Spikes|p1a: Tornadus\n|-sidestart|p1: KingoftheTitans|Spikes\n|\n|-damage|p1a: Tornadus|11\/100 tox|[from] psn\n|upkeep\n|turn|39\n|\n|t:|1700930725\n|move|p1a: Tornadus|Focus Blast|p2a: Full Metal Chicken\n|-damage|p2a: Full Metal Chicken|45\/100 par\n|move|p2a: Full Metal Chicken|Spikes||[still]\n|-fail|p2a: Full Metal Chicken\n|\n|-damage|p1a: Tornadus|0 fnt|[from] psn\n|faint|p1a: Tornadus\n|upkeep\n|\n|t:|1700930732\n|switch|p1a: Basculegion|Basculegion, M|64\/100\n|-damage|p1a: Basculegion|39\/100|[from] Spikes\n|turn|40\n|\n|t:|1700930736\n|move|p1a: Basculegion|Last Respects|p2a: Full Metal Chicken\n|-damage|p2a: Full Metal Chicken|0 fnt\n|faint|p2a: Full Metal Chicken\n|\n|upkeep\n|\n|t:|1700930739\n|switch|p2a: Dynamite Girl|Blissey, F|33\/100\n|-damage|p2a: Dynamite Girl|21\/100|[from] Stealth Rock\n|turn|41\n|\n|t:|1700930743\n|switch|p1a: Druddigon|Druddigon, M, shiny, tera:Steel|55\/100\n|-damage|p1a: Druddigon|30\/100|[from] Spikes\n|move|p2a: Dynamite Girl|Soft-Boiled|p2a: Dynamite Girl\n|-heal|p2a: Dynamite Girl|71\/100\n|\n|-heal|p2a: Dynamite Girl|77\/100|[from] item: Leftovers\n|upkeep\n|turn|42\n|\n|t:|1700930755\n|move|p2a: Dynamite Girl|Soft-Boiled|p2a: Dynamite Girl\n|-heal|p2a: Dynamite Girl|100\/100\n|move|p1a: Druddigon|Iron Head|p2a: Dynamite Girl\n|-damage|p2a: Dynamite Girl|65\/100\n|\n|-heal|p2a: Dynamite Girl|71\/100|[from] item: Leftovers\n|upkeep\n|turn|43\n|\n|t:|1700930762\n|move|p2a: Dynamite Girl|Seismic Toss|p1a: Druddigon\n|-damage|p1a: Druddigon|2\/100\n|-damage|p2a: Dynamite Girl|59\/100|[from] ability: Rough Skin|[of] p1a: Druddigon\n|-damage|p2a: Dynamite Girl|42\/100|[from] item: Rocky Helmet|[of] p1a: Druddigon\n|move|p1a: Druddigon|Glare|p2a: Dynamite Girl\n|-status|p2a: Dynamite Girl|par\n|\n|-heal|p2a: Dynamite Girl|48\/100 par|[from] item: Leftovers\n|upkeep\n|turn|44\n|\n|t:|1700930771\n|move|p1a: Druddigon|Iron Head|p2a: Dynamite Girl\n|-damage|p2a: Dynamite Girl|13\/100 par\n|cant|p2a: Dynamite Girl|flinch\n|\n|-heal|p2a: Dynamite Girl|20\/100 par|[from] item: Leftovers\n|upkeep\n|turn|45\n|\n|t:|1700930778\n|move|p1a: Druddigon|Iron Head|p2a: Dynamite Girl\n|-damage|p2a: Dynamite Girl|0 fnt\n|faint|p2a: Dynamite Girl\n|\n|upkeep\n|\n|t:|1700930779\n|switch|p2a: Hitori|Toxapex, F|91\/100 par\n|-damage|p2a: Hitori|78\/100 par|[from] Stealth Rock\n|turn|46\n|\n|t:|1700930785\n|move|p1a: Druddigon|Dragon Claw|p2a: Hitori\n|-damage|p2a: Hitori|53\/100 par\n|cant|p2a: Hitori|par\n|\n|-heal|p2a: Hitori|60\/100 par|[from] item: Leftovers\n|upkeep\n|turn|47\n|\n|t:|1700930791\n|move|p1a: Druddigon|Dragon Claw|p2a: Hitori\n|-damage|p2a: Hitori|34\/100 par\n|move|p2a: Hitori|Recover|p2a: Hitori\n|-heal|p2a: Hitori|84\/100 par\n|\n|-heal|p2a: Hitori|90\/100 par|[from] item: Leftovers\n|upkeep\n|turn|48\n|\n|t:|1700930798\n|move|p1a: Druddigon|Iron Head|p2a: Hitori\n|-resisted|p2a: Hitori\n|-damage|p2a: Hitori|78\/100 par\n|cant|p2a: Hitori|flinch\n|\n|-heal|p2a: Hitori|84\/100 par|[from] item: Leftovers\n|upkeep\n|turn|49\n|\n|t:|1700930813\n|move|p1a: Druddigon|Iron Head|p2a: Hitori\n|-resisted|p2a: Hitori\n|-damage|p2a: Hitori|71\/100 par\n|move|p2a: Hitori|Scald|p1a: Druddigon\n|-damage|p1a: Druddigon|0 fnt\n|faint|p1a: Druddigon\n|\n|-heal|p2a: Hitori|77\/100 par|[from] item: Leftovers\n|upkeep\n|c|\u2606KingoftheTitans|gg\n|\n|t:|1700930821\n|switch|p1a: Basculegion|Basculegion, M|39\/100\n|-damage|p1a: Basculegion|14\/100|[from] Spikes\n|turn|50\n|\n|t:|1700930825\n|move|p1a: Basculegion|Last Respects|p2a: Hitori\n|-damage|p2a: Hitori|0 fnt\n|faint|p2a: Hitori\n|\n|win|KingoftheTitans\n|raw|KingoftheTitans's rating: 1265 &rarr; <strong>1297<\/strong><br \/>(+32 for winning)\n|raw|Duho's rating: 1371 &rarr; <strong>1345<\/strong><br \/>(-26 for losing)\n","uploadtime":1700930832,"views":10,"p1id":"kingofthetitans","p2id":"duho","formatid":"gen9nationaldexubers","rating":1297,"private":0,"password":""}