{"id":"gen9nationaldexubers-1991496377","p1":"wormadamme","p2":"votemeteaporrada","format":"[Gen 9] National Dex Ubers","log":"|j|\u2606wormadamme\n|j|\u2606votemeteaporrada\n|t:|1700082265\n|gametype|singles\n|player|p1|wormadamme|kieran|1049\n|player|p2|votemeteaporrada|hilbert|1000\n|teamsize|p1|6\n|teamsize|p2|6\n|gen|9\n|tier|[Gen 9] National Dex Ubers\n|rated|\n|rule|HP Percentage Mod: HP is shown in percentages\n|rule|Endless Battle Clause: Forcing endless battles is banned\n|rule|OHKO Clause: OHKO moves are banned\n|rule|Evasion Moves Clause: Evasion moves are banned\n|rule|Evasion Items Clause: Evasion items are banned\n|rule|Species Clause: Limit one of each Pok\u00e9mon\n|rule|Sleep Clause Mod: Limit one foe put to sleep\n|rule|Mega Rayquaza Clause: You cannot mega evolve Rayquaza\n|clearpoke\n|poke|p1|Iron Hands|\n|poke|p1|Mothim, M|\n|poke|p1|Wormadam-Sandy, F|\n|poke|p1|Wailord, M|\n|poke|p1|Gyarados, F|\n|poke|p1|Durant, F|\n|poke|p2|Mewtwo|\n|poke|p2|Lugia|\n|poke|p2|Tyranitar, F|\n|poke|p2|Swampert, M|\n|poke|p2|Garchomp, M|\n|poke|p2|Metagross|\n|teampreview\n|inactive|Battle timer is ON: inactive players will automatically lose when time's up. (requested by wormadamme)\n|inactive|votemeteaporrada also wants the timer to be on.\n|\n|t:|1700082269\n|start\n|switch|p1a: mega man|Wailord, M|100\/100\n|switch|p2a: Lugia|Lugia, shiny|100\/100\n|-ability|p2a: Lugia|Pressure\n|-ability|p1a: mega man|Pressure\n|turn|1\n|\n|t:|1700082273\n|move|p2a: Lugia|Earthquake|p1a: mega man\n|-damage|p1a: mega man|78\/100\n|move|p1a: mega man|Block|p2a: Lugia\n|-activate|p2a: Lugia|trapped\n|\n|-heal|p1a: mega man|84\/100|[from] item: Leftovers\n|upkeep\n|turn|2\n|\n|t:|1700082277\n|move|p2a: Lugia|Hyper Beam|p1a: mega man\n|-damage|p1a: mega man|61\/100\n|-mustrecharge|p2a: Lugia\n|move|p1a: mega man|Defense Curl|p1a: mega man\n|-boost|p1a: mega man|def|1\n|\n|-heal|p1a: mega man|67\/100|[from] item: Leftovers\n|upkeep\n|turn|3\n|\n|t:|1700082280\n|cant|p2a: Lugia|recharge\n|move|p1a: mega man|Noble Roar|p2a: Lugia\n|-unboost|p2a: Lugia|atk|1\n|-unboost|p2a: Lugia|spa|1\n|\n|-heal|p1a: mega man|73\/100|[from] item: Leftovers\n|upkeep\n|turn|4\n|\n|t:|1700082284\n|move|p2a: Lugia|Psychic|p1a: mega man\n|-damage|p1a: mega man|61\/100\n|move|p1a: mega man|Noble Roar|p2a: Lugia\n|-unboost|p2a: Lugia|atk|1\n|-unboost|p2a: Lugia|spa|1\n|\n|-heal|p1a: mega man|67\/100|[from] item: Leftovers\n|upkeep\n|turn|5\n|\n|t:|1700082289\n|move|p2a: Lugia|Blizzard|p1a: mega man\n|-resisted|p1a: mega man\n|-damage|p1a: mega man|63\/100\n|move|p1a: mega man|Noble Roar|p2a: Lugia\n|-unboost|p2a: Lugia|atk|1\n|-unboost|p2a: Lugia|spa|1\n|\n|-heal|p1a: mega man|69\/100|[from] item: Leftovers\n|upkeep\n|turn|6\n|\n|t:|1700082293\n|move|p2a: Lugia|Psychic|p1a: mega man\n|-damage|p1a: mega man|60\/100\n|move|p1a: mega man|Noble Roar|p2a: Lugia\n|-unboost|p2a: Lugia|atk|1\n|-unboost|p2a: Lugia|spa|1\n|\n|-heal|p1a: mega man|67\/100|[from] item: Leftovers\n|upkeep\n|turn|7\n|\n|t:|1700082295\n|move|p2a: Lugia|Earthquake|p1a: mega man\n|-damage|p1a: mega man|61\/100\n|move|p1a: mega man|Noble Roar|p2a: Lugia\n|-unboost|p2a: Lugia|atk|1\n|-unboost|p2a: Lugia|spa|1\n|\n|-heal|p1a: mega man|67\/100|[from] item: Leftovers\n|upkeep\n|turn|8\n|\n|t:|1700082303\n|move|p2a: Lugia|Earthquake|p1a: mega man\n|-damage|p1a: mega man|62\/100\n|move|p1a: mega man|Noble Roar|p2a: Lugia\n|-unboost|p2a: Lugia|atk|1\n|-unboost|p2a: Lugia|spa|1\n|\n|-heal|p1a: mega man|69\/100|[from] item: Leftovers\n|upkeep\n|turn|9\n|\n|t:|1700082312\n|move|p2a: Lugia|Earthquake|p1a: mega man\n|-damage|p1a: mega man|64\/100\n|move|p1a: mega man|Defense Curl|p1a: mega man\n|-boost|p1a: mega man|def|1\n|\n|-heal|p1a: mega man|71\/100|[from] item: Leftovers\n|upkeep\n|turn|10\n|\n|t:|1700082315\n|move|p2a: Lugia|Earthquake|p1a: mega man\n|-damage|p1a: mega man|67\/100\n|move|p1a: mega man|Defense Curl|p1a: mega man\n|-boost|p1a: mega man|def|1\n|\n|-heal|p1a: mega man|73\/100|[from] item: Leftovers\n|upkeep\n|turn|11\n|\n|t:|1700082318\n|move|p2a: Lugia|Blizzard|p1a: mega man\n|-resisted|p1a: mega man\n|-damage|p1a: mega man|71\/100\n|-status|p1a: mega man|frz\n|-curestatus|p1a: mega man|frz|[msg]\n|move|p1a: mega man|Defense Curl|p1a: mega man\n|-boost|p1a: mega man|def|1\n|\n|-heal|p1a: mega man|78\/100|[from] item: Leftovers\n|upkeep\n|turn|12\n|\n|t:|1700082321\n|move|p2a: Lugia|Psychic|p1a: mega man\n|-damage|p1a: mega man|73\/100\n|move|p1a: mega man|Defense Curl|p1a: mega man\n|-boost|p1a: mega man|def|1\n|\n|-heal|p1a: mega man|79\/100|[from] item: Leftovers\n|upkeep\n|turn|13\n|\n|t:|1700082323\n|-terastallize|p2a: Lugia|Psychic\n|move|p2a: Lugia|Psychic|p1a: mega man\n|-damage|p1a: mega man|72\/100\n|move|p1a: mega man|Defense Curl|p1a: mega man\n|-boost|p1a: mega man|def|1\n|\n|-heal|p1a: mega man|78\/100|[from] item: Leftovers\n|upkeep\n|turn|14\n|\n|t:|1700082334\n|move|p2a: Lugia|Psychic|p1a: mega man\n|-damage|p1a: mega man|72\/100\n|move|p1a: mega man|Defense Curl|p1a: mega man\n|-boost|p1a: mega man|def|0\n|\n|-heal|p1a: mega man|78\/100|[from] item: Leftovers\n|upkeep\n|turn|15\n|\n|t:|1700082336\n|move|p2a: Lugia|Earthquake|p1a: mega man\n|-damage|p1a: mega man|76\/100\n|move|p1a: mega man|Defense Curl|p1a: mega man\n|-boost|p1a: mega man|def|0\n|\n|-heal|p1a: mega man|82\/100|[from] item: Leftovers\n|upkeep\n|turn|16\n|\n|t:|1700082339\n|move|p2a: Lugia|Hyper Beam|p1a: mega man\n|-damage|p1a: mega man|77\/100\n|-mustrecharge|p2a: Lugia\n|move|p1a: mega man|Defense Curl|p1a: mega man\n|-boost|p1a: mega man|def|0\n|\n|-heal|p1a: mega man|83\/100|[from] item: Leftovers\n|upkeep\n|turn|17\n|\n|t:|1700082341\n|cant|p2a: Lugia|recharge\n|move|p1a: mega man|Defense Curl|p1a: mega man\n|-boost|p1a: mega man|def|0\n|\n|-heal|p1a: mega man|89\/100|[from] item: Leftovers\n|upkeep\n|turn|18\n|\n|t:|1700082342\n|move|p2a: Lugia|Blizzard|p1a: mega man|[miss]\n|-miss|p2a: Lugia|p1a: mega man\n|move|p1a: mega man|Defense Curl|p1a: mega man\n|-boost|p1a: mega man|def|0\n|\n|-heal|p1a: mega man|96\/100|[from] item: Leftovers\n|upkeep\n|turn|19\n|\n|t:|1700082344\n|move|p2a: Lugia|Blizzard|p1a: mega man|[miss]\n|-miss|p2a: Lugia|p1a: mega man\n|move|p1a: mega man|Defense Curl|p1a: mega man\n|-boost|p1a: mega man|def|0\n|\n|-heal|p1a: mega man|100\/100|[from] item: Leftovers\n|upkeep\n|turn|20\n|\n|t:|1700082354\n|move|p2a: Lugia|Psychic|p1a: mega man\n|-damage|p1a: mega man|93\/100\n|move|p1a: mega man|Defense Curl|p1a: mega man\n|-boost|p1a: mega man|def|0\n|\n|-heal|p1a: mega man|99\/100|[from] item: Leftovers\n|upkeep\n|turn|21\n|\n|t:|1700082356\n|move|p2a: Lugia|Psychic|p1a: mega man\n|-damage|p1a: mega man|92\/100\n|move|p1a: mega man|Defense Curl|p1a: mega man\n|-boost|p1a: mega man|def|0\n|\n|-heal|p1a: mega man|99\/100|[from] item: Leftovers\n|upkeep\n|turn|22\n|\n|t:|1700082362\n|move|p2a: Lugia|Psychic|p1a: mega man\n|-damage|p1a: mega man|92\/100\n|move|p1a: mega man|Defense Curl|p1a: mega man\n|-boost|p1a: mega man|def|0\n|\n|-heal|p1a: mega man|98\/100|[from] item: Leftovers\n|upkeep\n|turn|23\n|\n|t:|1700082364\n|move|p2a: Lugia|Earthquake|p1a: mega man\n|-damage|p1a: mega man|97\/100\n|move|p1a: mega man|Defense Curl|p1a: mega man\n|-boost|p1a: mega man|def|0\n|\n|-heal|p1a: mega man|100\/100|[from] item: Leftovers\n|upkeep\n|turn|24\n|\n|t:|1700082366\n|move|p2a: Lugia|Earthquake|p1a: mega man\n|-damage|p1a: mega man|99\/100\n|move|p1a: mega man|Defense Curl|p1a: mega man\n|-boost|p1a: mega man|def|0\n|\n|-heal|p1a: mega man|100\/100|[from] item: Leftovers\n|upkeep\n|turn|25\n|\n|t:|1700082368\n|move|p2a: Lugia|Hyper Beam|p1a: mega man\n|-damage|p1a: mega man|95\/100\n|-mustrecharge|p2a: Lugia\n|move|p1a: mega man|Defense Curl|p1a: mega man\n|-boost|p1a: mega man|def|0\n|\n|-heal|p1a: mega man|100\/100|[from] item: Leftovers\n|upkeep\n|turn|26\n|\n|t:|1700082370\n|cant|p2a: Lugia|recharge\n|move|p1a: mega man|Defense Curl|p1a: mega man\n|-boost|p1a: mega man|def|0\n|\n|upkeep\n|turn|27\n|\n|t:|1700082373\n|move|p2a: Lugia|Hyper Beam|p1a: mega man|[miss]\n|-miss|p2a: Lugia|p1a: mega man\n|move|p1a: mega man|Defense Curl|p1a: mega man\n|-boost|p1a: mega man|def|0\n|\n|upkeep\n|turn|28\n|\n|t:|1700082379\n|-activate|p2a: Lugia|move: Struggle\n|move|p2a: Lugia|Struggle|p1a: mega man\n|-damage|p1a: mega man|99\/100\n|-damage|p2a: Lugia|76\/100|[from] recoil\n|move|p1a: mega man|Defense Curl|p1a: mega man\n|-boost|p1a: mega man|def|0\n|\n|-heal|p1a: mega man|100\/100|[from] item: Leftovers\n|upkeep\n|turn|29\n|\n|t:|1700082381\n|-activate|p2a: Lugia|move: Struggle\n|move|p2a: Lugia|Struggle|p1a: mega man\n|-damage|p1a: mega man|99\/100\n|-damage|p2a: Lugia|51\/100|[from] recoil\n|move|p1a: mega man|Defense Curl|p1a: mega man\n|-boost|p1a: mega man|def|0\n|\n|-heal|p1a: mega man|100\/100|[from] item: Leftovers\n|upkeep\n|turn|30\n|\n|t:|1700082383\n|-activate|p2a: Lugia|move: Struggle\n|move|p2a: Lugia|Struggle|p1a: mega man\n|-damage|p1a: mega man|99\/100\n|-damage|p2a: Lugia|26\/100|[from] recoil\n|move|p1a: mega man|Defense Curl|p1a: mega man\n|-boost|p1a: mega man|def|0\n|\n|-heal|p1a: mega man|100\/100|[from] item: Leftovers\n|upkeep\n|turn|31\n|\n|t:|1700082385\n|-activate|p2a: Lugia|move: Struggle\n|move|p2a: Lugia|Struggle|p1a: mega man\n|-damage|p1a: mega man|99\/100\n|-damage|p2a: Lugia|1\/100|[from] recoil\n|move|p1a: mega man|Defense Curl|p1a: mega man\n|-boost|p1a: mega man|def|0\n|\n|-heal|p1a: mega man|100\/100|[from] item: Leftovers\n|upkeep\n|turn|32\n|\n|t:|1700082390\n|-activate|p2a: Lugia|move: Struggle\n|move|p2a: Lugia|Struggle|p1a: mega man\n|-damage|p1a: mega man|99\/100\n|-damage|p2a: Lugia|0 fnt|[from] recoil\n|faint|p2a: Lugia\n|move|p1a: mega man|Defense Curl|p1a: mega man\n|-boost|p1a: mega man|def|0\n|\n|-heal|p1a: mega man|100\/100|[from] item: Leftovers\n|upkeep\n|-message|votemeteaporrada forfeited.\n|\n|win|wormadamme\n|raw|wormadamme's rating: 1049 &rarr; <strong>1077<\/strong><br \/>(+28 for winning)\n|raw|votemeteaporrada's rating: 1000 &rarr; <strong>1000<\/strong><br \/>(+0 for losing)\n|l|\u2606votemeteaporrada\n","uploadtime":1700082398,"views":7,"p1id":"wormadamme","p2id":"votemeteaporrada","formatid":"gen9nationaldexubers","rating":1000,"private":0,"password":""}