{"id":"gen9nationaldexubers-1996754267","p1":"FlamingThunderG0d","p2":"85792195wwww","format":"[Gen 9] National Dex Ubers","log":"|j|\u2606FlamingThunderG0d\n|j|\u260685792195wwww\n|t:|1700719547\n|gametype|singles\n|player|p1|FlamingThunderG0d|volkner|1504\n|player|p2|85792195wwww|mira|1721\n|teamsize|p1|6\n|teamsize|p2|6\n|gen|9\n|tier|[Gen 9] National Dex Ubers\n|rated|\n|rule|HP Percentage Mod: HP is shown in percentages\n|rule|Endless Battle Clause: Forcing endless battles is banned\n|rule|OHKO Clause: OHKO moves are banned\n|rule|Evasion Moves Clause: Evasion moves are banned\n|rule|Evasion Items Clause: Evasion items are banned\n|rule|Species Clause: Limit one of each Pok\u00e9mon\n|rule|Sleep Clause Mod: Limit one foe put to sleep\n|rule|Mega Rayquaza Clause: You cannot mega evolve Rayquaza\n|clearpoke\n|poke|p1|Basculegion, M|\n|poke|p1|Ninetales, F|\n|poke|p1|Skarmory, F|\n|poke|p1|Great Tusk|\n|poke|p1|Latios, M|\n|poke|p1|Salamence, F|\n|poke|p2|Arceus|\n|poke|p2|Zacian-*|\n|poke|p2|Xerneas-*|\n|poke|p2|Kyogre|\n|poke|p2|Groudon|\n|poke|p2|Deoxys-Speed|\n|teampreview\n|inactive|Battle timer is ON: inactive players will automatically lose when time's up. (requested by FlamingThunderG0d)\n|\n|t:|1700719560\n|start\n|switch|p1a: Latios|Latios, M|100\/100\n|switch|p2a: Kyogre|Kyogre|100\/100\n|detailschange|p2a: Kyogre|Kyogre-Primal\n|-primal|p2a: Kyogre|Blue Orb\n|-weather|PrimordialSea|[from] ability: Primordial Sea|[of] p2a: Kyogre\n|turn|1\n|\n|t:|1700719575\n|-weather|none\n|switch|p2a: Zacian|Zacian-Crowned|100\/100\n|-ability|p2a: Zacian|Intrepid Sword|boost\n|-boost|p2a: Zacian|atk|1\n|move|p1a: Latios|Psyshock|p2a: Zacian\n|-resisted|p2a: Zacian\n|-damage|p2a: Zacian|76\/100\n|\n|upkeep\n|turn|2\n|\n|t:|1700719586\n|move|p2a: Zacian|Swords Dance|p2a: Zacian\n|-boost|p2a: Zacian|atk|2\n|move|p1a: Latios|Psyshock|p2a: Zacian\n|-resisted|p2a: Zacian\n|-damage|p2a: Zacian|53\/100\n|\n|upkeep\n|turn|3\n|\n|t:|1700719595\n|switch|p1a: Skarmory|Skarmory, F|100\/100\n|move|p2a: Zacian|Wild Charge|p1a: Skarmory\n|-supereffective|p1a: Skarmory\n|-ability|p1a: Skarmory|Sturdy\n|-damage|p1a: Skarmory|1\/100\n|-damage|p2a: Zacian|37\/100|[from] item: Rocky Helmet|[of] p1a: Skarmory\n|-damage|p2a: Zacian|11\/100|[from] Recoil\n|\n|upkeep\n|turn|4\n|\n|t:|1700719604\n|move|p2a: Zacian|Behemoth Blade|p1a: Skarmory\n|-resisted|p1a: Skarmory\n|-damage|p1a: Skarmory|0 fnt\n|-damage|p2a: Zacian|0 fnt|[from] item: Rocky Helmet|[of] p1a: Skarmory\n|faint|p1a: Skarmory\n|faint|p2a: Zacian\n|\n|upkeep\n|\n|t:|1700719618\n|switch|p2a: Deoxys|Deoxys-Speed|100\/100\n|switch|p1a: Basculegion|Basculegion, M, shiny|100\/100\n|-ability|p2a: Deoxys|Pressure\n|turn|5\n|\n|t:|1700719632\n|switch|p2a: Groudon|Groudon|100\/100\n|detailschange|p2a: Groudon|Groudon-Primal\n|-primal|p2a: Groudon|Red Orb\n|-weather|DesolateLand|[from] ability: Desolate Land|[of] p2a: Groudon\n|move|p1a: Basculegion|Flip Turn||[still]\n|-fail|p1a: Basculegion|Flip Turn|[from] Desolate Land\n|\n|-weather|DesolateLand|[upkeep]\n|upkeep\n|turn|6\n|\n|t:|1700719643\n|switch|p1a: Great Tusk|Great Tusk|100\/100\n|-weather|none\n|switch|p2a: Kyogre|Kyogre-Primal|100\/100\n|-weather|PrimordialSea|[from] ability: Primordial Sea|[of] p2a: Kyogre\n|\n|-weather|PrimordialSea|[upkeep]\n|upkeep\n|turn|7\n|\n|t:|1700719652\n|-end|p1a: Great Tusk|Protosynthesis|[silent]\n|switch|p1a: Latios|Latios, M|100\/100\n|move|p2a: Kyogre|Ice Beam|p1a: Latios\n|-supereffective|p1a: Latios\n|-damage|p1a: Latios|11\/100\n|-status|p1a: Latios|frz\n|\n|-weather|PrimordialSea|[upkeep]\n|upkeep\n|turn|8\n|\n|t:|1700719660\n|cant|p1a: Latios|frz\n|move|p2a: Kyogre|Water Spout|p1a: Latios\n|-resisted|p1a: Latios\n|-damage|p1a: Latios|0 fnt\n|faint|p1a: Latios\n|\n|-weather|PrimordialSea|[upkeep]\n|upkeep\n|\n|t:|1700719666\n|switch|p1a: Salamence|Salamence, F|100\/100\n|-ability|p1a: Salamence|Intimidate|boost\n|-unboost|p2a: Kyogre|atk|1\n|turn|9\n|\n|t:|1700719672\n|detailschange|p1a: Salamence|Salamence-Mega, F\n|-mega|p1a: Salamence|Salamence|Salamencite\n|move|p1a: Salamence|Double-Edge|p2a: Kyogre\n|-damage|p2a: Kyogre|15\/100\n|-damage|p1a: Salamence|70\/100|[from] Recoil\n|move|p2a: Kyogre|Ice Beam|p1a: Salamence\n|-supereffective|p1a: Salamence\n|-damage|p1a: Salamence|0 fnt\n|faint|p1a: Salamence\n|\n|-weather|PrimordialSea|[upkeep]\n|upkeep\n|\n|t:|1700719683\n|switch|p1a: Basculegion|Basculegion, M, shiny|100\/100\n|turn|10\n|\n|t:|1700719687\n|-weather|none\n|switch|p2a: Groudon|Groudon-Primal|100\/100\n|-weather|DesolateLand|[from] ability: Desolate Land|[of] p2a: Groudon\n|move|p1a: Basculegion|Last Respects|p2a: Groudon\n|-damage|p2a: Groudon|28\/100\n|\n|-weather|DesolateLand|[upkeep]\n|upkeep\n|turn|11\n|\n|t:|1700719697\n|switch|p1a: Great Tusk|Great Tusk|100\/100\n|-weather|none\n|switch|p2a: Arceus|Arceus|100\/100\n|\n|upkeep\n|turn|12\n|\n|t:|1700719705\n|switch|p2a: Deoxys|Deoxys-Speed|100\/100\n|-ability|p2a: Deoxys|Pressure\n|move|p1a: Great Tusk|Stealth Rock|p2a: Deoxys\n|-sidestart|p2: 85792195wwww|move: Stealth Rock\n|\n|upkeep\n|turn|13\n|\n|t:|1700719712\n|move|p2a: Deoxys|Trick|p1a: Great Tusk\n|-activate|p2a: Deoxys|move: Trick|[of] p1a: Great Tusk\n|-item|p1a: Great Tusk|Choice Scarf|[from] move: Trick\n|-item|p2a: Deoxys|Rocky Helmet|[from] move: Trick\n|move|p1a: Great Tusk|Earthquake|p2a: Deoxys\n|-damage|p2a: Deoxys|47\/100\n|\n|upkeep\n|turn|14\n|\n|t:|1700719720\n|move|p2a: Deoxys|Stealth Rock|p1a: Great Tusk\n|-sidestart|p1: FlamingThunderG0d|move: Stealth Rock\n|move|p1a: Great Tusk|Earthquake|p2a: Deoxys\n|-damage|p2a: Deoxys|0 fnt\n|faint|p2a: Deoxys\n|\n|upkeep\n|\n|t:|1700719728\n|switch|p2a: Xerneas|Xerneas|100\/100\n|-damage|p2a: Xerneas|88\/100|[from] Stealth Rock\n|-ability|p2a: Xerneas|Fairy Aura\n|turn|15\n|\n|t:|1700719743\n|move|p1a: Great Tusk|Earthquake|p2a: Xerneas\n|-damage|p2a: Xerneas|58\/100\n|move|p2a: Xerneas|Geomancy||[still]\n|-prepare|p2a: Xerneas|Geomancy\n|-enditem|p2a: Xerneas|Power Herb\n|-anim|p2a: Xerneas|Geomancy|p2a: Xerneas\n|-boost|p2a: Xerneas|spa|2\n|-boost|p2a: Xerneas|spd|2\n|-boost|p2a: Xerneas|spe|2\n|\n|upkeep\n|turn|16\n|\n|t:|1700719764\n|move|p2a: Xerneas|Moonblast|p1a: Great Tusk\n|-supereffective|p1a: Great Tusk\n|-damage|p1a: Great Tusk|0 fnt\n|faint|p1a: Great Tusk\n|-end|p1a: Great Tusk|Protosynthesis|[silent]\n|\n|upkeep\n|\n|t:|1700719767\n|switch|p1a: Ninetales|Ninetales, F|100\/100\n|-damage|p1a: Ninetales|76\/100|[from] Stealth Rock\n|-weather|SunnyDay|[from] ability: Drought|[of] p1a: Ninetales\n|turn|17\n|\n|t:|1700719775\n|-terastallize|p2a: Xerneas|Fairy\n|move|p2a: Xerneas|Moonblast|p1a: Ninetales\n|-resisted|p1a: Ninetales\n|-damage|p1a: Ninetales|0 fnt\n|faint|p1a: Ninetales\n|\n|-weather|SunnyDay|[upkeep]\n|upkeep\n|-message|FlamingThunderG0d forfeited.\n|\n|win|85792195wwww\n|raw|FlamingThunderG0d's rating: 1504 &rarr; <strong>1495<\/strong><br \/>(-9 for losing)\n|raw|85792195wwww's rating: 1721 &rarr; <strong>1730<\/strong><br \/>(+9 for winning)\n|l|\u2606FlamingThunderG0d\n","uploadtime":1700719786,"views":2,"p1id":"flamingthunderg0d","p2id":"85792195wwww","formatid":"gen9nationaldexubers","rating":1495,"private":0,"password":""}