{"id":"gen9nationaldexubers-1993615644","p1":"PIXIE-MODE\u2665\ufe0f","p2":"thurx","format":"[Gen 9] National Dex Ubers","log":"|j|\u2606PIXIE-MODE\u2665\ufe0f\n|j|\u2606thurx\n|t:|1700337811\n|gametype|singles\n|player|p1|PIXIE-MODE\u2665\ufe0f|valerie|1228\n|player|p2|thurx|2|1166\n|teamsize|p1|6\n|teamsize|p2|6\n|gen|9\n|tier|[Gen 9] National Dex Ubers\n|rated|\n|rule|HP Percentage Mod: HP is shown in percentages\n|rule|Endless Battle Clause: Forcing endless battles is banned\n|rule|OHKO Clause: OHKO moves are banned\n|rule|Evasion Moves Clause: Evasion moves are banned\n|rule|Evasion Items Clause: Evasion items are banned\n|rule|Species Clause: Limit one of each Pok\u00e9mon\n|rule|Sleep Clause Mod: Limit one foe put to sleep\n|rule|Mega Rayquaza Clause: You cannot mega evolve Rayquaza\n|clearpoke\n|poke|p1|Tapu Fini|\n|poke|p1|Sylveon, F|\n|poke|p1|Gardevoir, F|\n|poke|p1|Zacian-*|\n|poke|p1|Xerneas-*|\n|poke|p1|Diancie|\n|poke|p2|Darkrai|\n|poke|p2|Kyurem-White|\n|poke|p2|Pheromosa|\n|poke|p2|Yveltal|\n|poke|p2|Regieleki|\n|poke|p2|Swampert, F|\n|teampreview\n|\n|t:|1700337821\n|start\n|switch|p1a: \ud83e\udddc\u200d\u2640\ufe0fTAPU FINI\ud83d\udc97\ud83d\udc8b|Tapu Fini, shiny|100\/100\n|switch|p2a: Kyurem|Kyurem-White|100\/100\n|-ability|p2a: Kyurem|Turboblaze\n|-fieldstart|move: Misty Terrain|[from] ability: Misty Surge|[of] p1a: \ud83e\udddc\u200d\u2640\ufe0fTAPU FINI\ud83d\udc97\ud83d\udc8b\n|turn|1\n|inactive|Battle timer is ON: inactive players will automatically lose when time's up. (requested by thurx)\n|\n|t:|1700337839\n|move|p2a: Kyurem|Freeze-Dry|p1a: \ud83e\udddc\u200d\u2640\ufe0fTAPU FINI\ud83d\udc97\ud83d\udc8b\n|-supereffective|p1a: \ud83e\udddc\u200d\u2640\ufe0fTAPU FINI\ud83d\udc97\ud83d\udc8b\n|-damage|p1a: \ud83e\udddc\u200d\u2640\ufe0fTAPU FINI\ud83d\udc97\ud83d\udc8b|0 fnt\n|faint|p1a: \ud83e\udddc\u200d\u2640\ufe0fTAPU FINI\ud83d\udc97\ud83d\udc8b\n|\n|upkeep\n|\n|t:|1700337851\n|switch|p1a: \ud83c\udf19\ud83d\udc97SAILOR-MOON\ud83d\udc8b|Diancie, shiny|100\/100\n|turn|2\n|\n|t:|1700337857\n|switch|p2a: Swampert|Swampert, F|100\/100\n|detailschange|p1a: \ud83c\udf19\ud83d\udc97SAILOR-MOON\ud83d\udc8b|Diancie-Mega, shiny\n|-mega|p1a: \ud83c\udf19\ud83d\udc97SAILOR-MOON\ud83d\udc8b|Diancie|Diancite\n|move|p1a: \ud83c\udf19\ud83d\udc97SAILOR-MOON\ud83d\udc8b|Calm Mind|p1a: \ud83c\udf19\ud83d\udc97SAILOR-MOON\ud83d\udc8b\n|-boost|p1a: \ud83c\udf19\ud83d\udc97SAILOR-MOON\ud83d\udc8b|spa|1\n|-boost|p1a: \ud83c\udf19\ud83d\udc97SAILOR-MOON\ud83d\udc8b|spd|1\n|\n|upkeep\n|turn|3\n|\n|t:|1700337866\n|detailschange|p2a: Swampert|Swampert-Mega, F\n|-mega|p2a: Swampert|Swampert|Swampertite\n|move|p1a: \ud83c\udf19\ud83d\udc97SAILOR-MOON\ud83d\udc8b|Moonblast|p2a: Swampert\n|-damage|p2a: Swampert|33\/100\n|move|p2a: Swampert|Earthquake|p1a: \ud83c\udf19\ud83d\udc97SAILOR-MOON\ud83d\udc8b\n|-supereffective|p1a: \ud83c\udf19\ud83d\udc97SAILOR-MOON\ud83d\udc8b\n|-damage|p1a: \ud83c\udf19\ud83d\udc97SAILOR-MOON\ud83d\udc8b|0 fnt\n|faint|p1a: \ud83c\udf19\ud83d\udc97SAILOR-MOON\ud83d\udc8b\n|\n|upkeep\n|\n|t:|1700337884\n|switch|p1a: \ud83d\udc96\ud83d\udc97ZACIAN\ud83d\udc97\ud83d\udc96|Zacian, shiny|100\/100\n|-ability|p1a: \ud83d\udc96\ud83d\udc97ZACIAN\ud83d\udc97\ud83d\udc96|Intrepid Sword|boost\n|-boost|p1a: \ud83d\udc96\ud83d\udc97ZACIAN\ud83d\udc97\ud83d\udc96|atk|1\n|turn|4\n|c|\u2606thurx|diantha clone?\n|\n|t:|1700337895\n|move|p1a: \ud83d\udc96\ud83d\udc97ZACIAN\ud83d\udc97\ud83d\udc96|Work Up|p1a: \ud83d\udc96\ud83d\udc97ZACIAN\ud83d\udc97\ud83d\udc96\n|-boost|p1a: \ud83d\udc96\ud83d\udc97ZACIAN\ud83d\udc97\ud83d\udc96|atk|1\n|-boost|p1a: \ud83d\udc96\ud83d\udc97ZACIAN\ud83d\udc97\ud83d\udc96|spa|1\n|move|p2a: Swampert|Earthquake|p1a: \ud83d\udc96\ud83d\udc97ZACIAN\ud83d\udc97\ud83d\udc96\n|-damage|p1a: \ud83d\udc96\ud83d\udc97ZACIAN\ud83d\udc97\ud83d\udc96|43\/100\n|\n|upkeep\n|turn|5\n|\n|t:|1700337904\n|move|p1a: \ud83d\udc96\ud83d\udc97ZACIAN\ud83d\udc97\ud83d\udc96|Play Rough|p2a: Swampert\n|-damage|p2a: Swampert|0 fnt\n|faint|p2a: Swampert\n|\n|upkeep\n|\n|t:|1700337907\n|switch|p2a: Regieleki|Regieleki|100\/100\n|turn|6\n|\n|t:|1700337912\n|move|p2a: Regieleki|Thunderbolt|p1a: \ud83d\udc96\ud83d\udc97ZACIAN\ud83d\udc97\ud83d\udc96\n|-damage|p1a: \ud83d\udc96\ud83d\udc97ZACIAN\ud83d\udc97\ud83d\udc96|0 fnt\n|faint|p1a: \ud83d\udc96\ud83d\udc97ZACIAN\ud83d\udc97\ud83d\udc96\n|\n|upkeep\n|\n|t:|1700337924\n|switch|p1a: \ud83d\udc96GARDEVOIR\ud83d\udc97\ud83d\udc8b|Gardevoir, F, shiny|100\/100\n|-ability|p1a: \ud83d\udc96GARDEVOIR\ud83d\udc97\ud83d\udc8b|Transistor|[from] ability: Trace|[of] p2a: Regieleki\n|turn|7\n|\n|t:|1700337930\n|move|p2a: Regieleki|Volt Switch|p1a: \ud83d\udc96GARDEVOIR\ud83d\udc97\ud83d\udc8b\n|-damage|p1a: \ud83d\udc96GARDEVOIR\ud83d\udc97\ud83d\udc8b|60\/100\n|\n|t:|1700337936\n|switch|p2a: Yveltal|Yveltal|100\/100|[from] Volt Switch\n|-ability|p2a: Yveltal|Dark Aura\n|move|p1a: \ud83d\udc96GARDEVOIR\ud83d\udc97\ud83d\udc8b|Misty Explosion|p2a: Yveltal\n|-supereffective|p2a: Yveltal\n|-damage|p2a: Yveltal|0 fnt\n|faint|p1a: \ud83d\udc96GARDEVOIR\ud83d\udc97\ud83d\udc8b\n|faint|p2a: Yveltal\n|\n|upkeep\n|\n|t:|1700337948\n|switch|p2a: Kyurem|Kyurem-White|100\/100\n|switch|p1a: \ud83c\udf19\ud83d\udc96XERNEAS\ud83d\udc96\ud83d\udc8b|Xerneas, shiny|100\/100\n|-ability|p2a: Kyurem|Turboblaze\n|-ability|p1a: \ud83c\udf19\ud83d\udc96XERNEAS\ud83d\udc96\ud83d\udc8b|Fairy Aura\n|turn|8\n|\n|t:|1700337960\n|move|p2a: Kyurem|Fusion Flare|p1a: \ud83c\udf19\ud83d\udc96XERNEAS\ud83d\udc96\ud83d\udc8b\n|-damage|p1a: \ud83c\udf19\ud83d\udc96XERNEAS\ud83d\udc96\ud83d\udc8b|49\/100\n|move|p1a: \ud83c\udf19\ud83d\udc96XERNEAS\ud83d\udc96\ud83d\udc8b|Geomancy||[still]\n|-prepare|p1a: \ud83c\udf19\ud83d\udc96XERNEAS\ud83d\udc96\ud83d\udc8b|Geomancy\n|-enditem|p1a: \ud83c\udf19\ud83d\udc96XERNEAS\ud83d\udc96\ud83d\udc8b|Power Herb\n|-anim|p1a: \ud83c\udf19\ud83d\udc96XERNEAS\ud83d\udc96\ud83d\udc8b|Geomancy|p1a: \ud83c\udf19\ud83d\udc96XERNEAS\ud83d\udc96\ud83d\udc8b\n|-boost|p1a: \ud83c\udf19\ud83d\udc96XERNEAS\ud83d\udc96\ud83d\udc8b|spa|2\n|-boost|p1a: \ud83c\udf19\ud83d\udc96XERNEAS\ud83d\udc96\ud83d\udc8b|spd|2\n|-boost|p1a: \ud83c\udf19\ud83d\udc96XERNEAS\ud83d\udc96\ud83d\udc8b|spe|2\n|\n|-fieldend|Misty Terrain\n|upkeep\n|turn|9\n|\n|t:|1700337971\n|-terastallize|p1a: \ud83c\udf19\ud83d\udc96XERNEAS\ud83d\udc96\ud83d\udc8b|Fairy\n|-terastallize|p2a: Kyurem|Steel\n|move|p1a: \ud83c\udf19\ud83d\udc96XERNEAS\ud83d\udc96\ud83d\udc8b|Draining Kiss|p2a: Kyurem\n|-resisted|p2a: Kyurem\n|-damage|p2a: Kyurem|53\/100\n|-heal|p1a: \ud83c\udf19\ud83d\udc96XERNEAS\ud83d\udc96\ud83d\udc8b|84\/100|[from] drain|[of] p2a: Kyurem\n|move|p2a: Kyurem|Fusion Flare|p1a: \ud83c\udf19\ud83d\udc96XERNEAS\ud83d\udc96\ud83d\udc8b\n|-damage|p1a: \ud83c\udf19\ud83d\udc96XERNEAS\ud83d\udc96\ud83d\udc8b|59\/100\n|\n|upkeep\n|turn|10\n|\n|t:|1700337982\n|move|p1a: \ud83c\udf19\ud83d\udc96XERNEAS\ud83d\udc96\ud83d\udc8b|Misty Terrain|p1a: \ud83c\udf19\ud83d\udc96XERNEAS\ud83d\udc96\ud83d\udc8b\n|-fieldstart|move: Misty Terrain\n|move|p2a: Kyurem|Fusion Flare|p1a: \ud83c\udf19\ud83d\udc96XERNEAS\ud83d\udc96\ud83d\udc8b\n|-damage|p1a: \ud83c\udf19\ud83d\udc96XERNEAS\ud83d\udc96\ud83d\udc8b|30\/100\n|\n|upkeep\n|turn|11\n|\n|t:|1700337990\n|move|p1a: \ud83c\udf19\ud83d\udc96XERNEAS\ud83d\udc96\ud83d\udc8b|Moonblast|p2a: Kyurem\n|-resisted|p2a: Kyurem\n|-damage|p2a: Kyurem|0 fnt\n|faint|p2a: Kyurem\n|\n|upkeep\n|\n|t:|1700337999\n|switch|p2a: Pheromosa|Pheromosa|100\/100\n|turn|12\n|\n|t:|1700338002\n|move|p1a: \ud83c\udf19\ud83d\udc96XERNEAS\ud83d\udc96\ud83d\udc8b|Draining Kiss|p2a: Pheromosa\n|-supereffective|p2a: Pheromosa\n|-damage|p2a: Pheromosa|0 fnt\n|-heal|p1a: \ud83c\udf19\ud83d\udc96XERNEAS\ud83d\udc96\ud83d\udc8b|84\/100|[from] drain|[of] p2a: Pheromosa\n|faint|p2a: Pheromosa\n|\n|upkeep\n|\n|t:|1700338005\n|switch|p2a: Regieleki|Regieleki|100\/100\n|turn|13\n|\n|t:|1700338011\n|move|p1a: \ud83c\udf19\ud83d\udc96XERNEAS\ud83d\udc96\ud83d\udc8b|Draining Kiss|p2a: Regieleki\n|-damage|p2a: Regieleki|0 fnt\n|-heal|p1a: \ud83c\udf19\ud83d\udc96XERNEAS\ud83d\udc96\ud83d\udc8b|100\/100|[from] drain|[of] p2a: Regieleki\n|faint|p2a: Regieleki\n|\n|upkeep\n|\n|t:|1700338014\n|switch|p2a: Darkrai|Darkrai|100\/100\n|turn|14\n|c|\u2606thurx|gg\n|\n|t:|1700338021\n|move|p1a: \ud83c\udf19\ud83d\udc96XERNEAS\ud83d\udc96\ud83d\udc8b|Moonblast|p2a: Darkrai\n|-supereffective|p2a: Darkrai\n|-damage|p2a: Darkrai|0 fnt\n|faint|p2a: Darkrai\n|\n|win|PIXIE-MODE\u2665\ufe0f\n|raw|PIXIE-MODE\u2665\ufe0f's rating: 1228 &rarr; <strong>1249<\/strong><br \/>(+21 for winning)\n|raw|thurx's rating: 1166 &rarr; <strong>1145<\/strong><br \/>(-21 for losing)\n|l|\u2606thurx\n","uploadtime":1700338192,"views":6,"p1id":"pixiemode","p2id":"thurx","formatid":"gen9nationaldexubers","rating":1145,"private":0,"password":""}