{"id":"gen9nationaldexubers-1999995822","p1":"ninomae shiki","p2":"gustaon15","format":"[Gen 9] National Dex Ubers","log":"|j|\u2606ninomae shiki\n|j|\u2606gustaon15\n|t:|1701139042\n|gametype|singles\n|player|p1|ninomae shiki|dawn|1139\n|player|p2|gustaon15|red|1225\n|teamsize|p1|6\n|teamsize|p2|6\n|gen|9\n|tier|[Gen 9] National Dex Ubers\n|rated|\n|rule|HP Percentage Mod: HP is shown in percentages\n|rule|Endless Battle Clause: Forcing endless battles is banned\n|rule|OHKO Clause: OHKO moves are banned\n|rule|Evasion Moves Clause: Evasion moves are banned\n|rule|Evasion Items Clause: Evasion items are banned\n|rule|Species Clause: Limit one of each Pok\u00e9mon\n|rule|Sleep Clause Mod: Limit one foe put to sleep\n|rule|Mega Rayquaza Clause: You cannot mega evolve Rayquaza\n|clearpoke\n|poke|p1|Necrozma-Dusk-Mane|\n|poke|p1|Zacian-*|\n|poke|p1|Flutter Mane|\n|poke|p1|Regieleki|\n|poke|p1|Salamence, M|\n|poke|p1|Deoxys-Speed|\n|poke|p2|Lucario, M|\n|poke|p2|Milotic, F|\n|poke|p2|Ninetales-Alola, F|\n|poke|p2|Decidueye, M|\n|poke|p2|Gliscor, M|\n|poke|p2|Delphox, F|\n|teampreview\n|inactive|Battle timer is ON: inactive players will automatically lose when time's up. (requested by ninomae shiki)\n|\n|t:|1701139049\n|start\n|switch|p1a: Necrozma|Necrozma-Dusk-Mane|100\/100\n|switch|p2a: Ninetales|Ninetales-Alola, F|100\/100\n|-weather|Snow|[from] ability: Snow Warning|[of] p2a: Ninetales\n|turn|1\n|\n|t:|1701139068\n|switch|p2a: Gliscor|Gliscor, M, shiny|100\/100\n|move|p1a: Necrozma|Sunsteel Strike|p2a: Gliscor\n|-damage|p2a: Gliscor|53\/100\n|\n|-weather|Snow|[upkeep]\n|-status|p2a: Gliscor|tox|[from] item: Toxic Orb\n|upkeep\n|turn|2\n|\n|t:|1701139086\n|move|p2a: Gliscor|Earthquake|p1a: Necrozma\n|-supereffective|p1a: Necrozma\n|-damage|p1a: Necrozma|67\/100\n|move|p1a: Necrozma|Sunsteel Strike|p2a: Gliscor\n|-damage|p2a: Gliscor|7\/100 tox\n|\n|-weather|Snow|[upkeep]\n|-heal|p2a: Gliscor|19\/100 tox|[from] ability: Poison Heal\n|upkeep\n|turn|3\n|\n|t:|1701139098\n|move|p2a: Gliscor|Earthquake|p1a: Necrozma\n|-supereffective|p1a: Necrozma\n|-damage|p1a: Necrozma|36\/100\n|move|p1a: Necrozma|Sunsteel Strike|p2a: Gliscor\n|-damage|p2a: Gliscor|0 fnt\n|faint|p2a: Gliscor\n|\n|-weather|Snow|[upkeep]\n|upkeep\n|\n|t:|1701139101\n|switch|p2a: Delphox|Delphox, F|100\/100\n|turn|4\n|\n|t:|1701139106\n|-terastallize|p1a: Necrozma|Fairy\n|move|p2a: Delphox|Mystical Fire|p1a: Necrozma\n|-damage|p1a: Necrozma|6\/100\n|-unboost|p1a: Necrozma|spa|1\n|move|p1a: Necrozma|Knock Off|p2a: Delphox\n|-supereffective|p2a: Delphox\n|-damage|p2a: Delphox|0 fnt\n|-enditem|p2a: Delphox|Weakness Policy|[from] move: Knock Off|[of] p1a: Necrozma\n|faint|p2a: Delphox\n|\n|-weather|Snow|[upkeep]\n|upkeep\n|\n|t:|1701139113\n|switch|p2a: Lucario|Lucario, M|100\/100\n|turn|5\n|\n|t:|1701139118\n|switch|p1a: Salamence|Salamence, M|100\/100\n|-ability|p1a: Salamence|Intimidate|boost\n|-fail|p2a: Lucario|unboost|Attack|[from] ability: Inner Focus|[of] p2a: Lucario\n|detailschange|p2a: Lucario|Lucario-Mega, M\n|-mega|p2a: Lucario|Lucario|Lucarionite\n|move|p2a: Lucario|Swords Dance|p2a: Lucario\n|-boost|p2a: Lucario|atk|2\n|\n|-weather|none\n|upkeep\n|turn|6\n|\n|t:|1701139127\n|detailschange|p1a: Salamence|Salamence-Mega, M\n|-mega|p1a: Salamence|Salamence|Salamencite\n|move|p2a: Lucario|Meteor Mash|p1a: Salamence|[miss]\n|-miss|p2a: Lucario|p1a: Salamence\n|move|p1a: Salamence|Dragon Dance|p1a: Salamence\n|-boost|p1a: Salamence|atk|1\n|-boost|p1a: Salamence|spe|1\n|\n|upkeep\n|turn|7\n|\n|t:|1701139133\n|move|p1a: Salamence|Double-Edge|p2a: Lucario\n|-damage|p2a: Lucario|0 fnt\n|faint|p2a: Lucario\n|-damage|p1a: Salamence|72\/100|[from] Recoil\n|\n|upkeep\n|\n|t:|1701139138\n|switch|p2a: Ninetales|Ninetales-Alola, F|100\/100\n|-weather|Snow|[from] ability: Snow Warning|[of] p2a: Ninetales\n|turn|8\n|\n|t:|1701139153\n|move|p1a: Salamence|Double-Edge|p2a: Ninetales\n|-damage|p2a: Ninetales|0 fnt\n|faint|p2a: Ninetales\n|-damage|p1a: Salamence|37\/100|[from] Recoil\n|\n|-weather|Snow|[upkeep]\n|upkeep\n|l|\u2606gustaon15\n|inactive|gustaon15 disconnected and has a minute to reconnect!\n|player|p2|\n|inactive|gustaon15 has 30 seconds to reconnect!\n|inactive|gustaon15 has 20 seconds to reconnect!\n|inactive|gustaon15 has 15 seconds to reconnect!\n|inactive|gustaon15 has 10 seconds to reconnect!\n|inactive|gustaon15 has 5 seconds to reconnect!\n|-message|gustaon15 lost due to inactivity.\n|\n|win|ninomae shiki\n|raw|ninomae shiki's rating: 1139 &rarr; <strong>1170<\/strong><br \/>(+31 for winning)\n|raw|gustaon15's rating: 1225 &rarr; <strong>1194<\/strong><br \/>(-31 for losing)\n","uploadtime":1701139216,"views":2,"p1id":"ninomaeshiki","p2id":"gustaon15","formatid":"gen9nationaldexubers","rating":1170,"private":0,"password":""}