{"id":"gen9nationaldexubers-1993793283","p1":"danish13","p2":"85792195wwww","format":"[Gen 9] National Dex Ubers","log":"|j|\u2606danish13\n|j|\u260685792195wwww\n|t:|1700357956\n|gametype|singles\n|player|p1|danish13|lance|1441\n|player|p2|85792195wwww|mira|1692\n|teamsize|p1|6\n|teamsize|p2|6\n|gen|9\n|tier|[Gen 9] National Dex Ubers\n|rated|\n|rule|HP Percentage Mod: HP is shown in percentages\n|rule|Endless Battle Clause: Forcing endless battles is banned\n|rule|OHKO Clause: OHKO moves are banned\n|rule|Evasion Moves Clause: Evasion moves are banned\n|rule|Evasion Items Clause: Evasion items are banned\n|rule|Species Clause: Limit one of each Pok\u00e9mon\n|rule|Sleep Clause Mod: Limit one foe put to sleep\n|rule|Mega Rayquaza Clause: You cannot mega evolve Rayquaza\n|clearpoke\n|poke|p1|Salamence, M|\n|poke|p1|Yveltal|\n|poke|p1|Arceus|\n|poke|p1|Garganacl, M|\n|poke|p1|Necrozma-Dawn-Wings|\n|poke|p1|Garchomp, M|\n|poke|p2|Arceus|\n|poke|p2|Marshadow|\n|poke|p2|Xerneas-*|\n|poke|p2|Mewtwo|\n|poke|p2|Krookodile, M|\n|poke|p2|Groudon|\n|teampreview\n|inactive|Battle timer is ON: inactive players will automatically lose when time's up. (requested by danish13)\n|\n|t:|1700357975\n|start\n|switch|p1a: Garchomp|Garchomp, M|100\/100\n|switch|p2a: Krookodile|Krookodile, M|100\/100\n|-ability|p2a: Krookodile|Intimidate|boost\n|-unboost|p1a: Garchomp|atk|1\n|turn|1\n|\n|t:|1700357989\n|switch|p1a: Salamence|Salamence, M|100\/100\n|-ability|p1a: Salamence|Intimidate|boost\n|-unboost|p2a: Krookodile|atk|1\n|move|p2a: Krookodile|Stealth Rock|p1a: Salamence\n|-sidestart|p1: danish13|move: Stealth Rock\n|\n|upkeep\n|turn|2\n|\n|t:|1700358003\n|switch|p2a: Xerneas|Xerneas|100\/100\n|-ability|p2a: Xerneas|Fairy Aura\n|detailschange|p1a: Salamence|Salamence-Mega, M\n|-mega|p1a: Salamence|Salamence|Salamencite\n|move|p1a: Salamence|Body Slam|p2a: Xerneas\n|-damage|p2a: Xerneas|59\/100\n|-status|p2a: Xerneas|par\n|\n|upkeep\n|turn|3\n|\n|t:|1700358014\n|move|p1a: Salamence|Dragon Dance|p1a: Salamence\n|-boost|p1a: Salamence|atk|1\n|-boost|p1a: Salamence|spe|1\n|cant|p2a: Xerneas|par\n|\n|upkeep\n|turn|4\n|\n|t:|1700358021\n|switch|p2a: Krookodile|Krookodile, M|100\/100\n|-ability|p2a: Krookodile|Intimidate|boost\n|-unboost|p1a: Salamence|atk|1\n|move|p1a: Salamence|Body Slam|p2a: Krookodile\n|-damage|p2a: Krookodile|29\/100\n|\n|upkeep\n|turn|5\n|\n|t:|1700358030\n|move|p1a: Salamence|Dragon Dance|p1a: Salamence\n|-boost|p1a: Salamence|atk|1\n|-boost|p1a: Salamence|spe|1\n|move|p2a: Krookodile|Taunt|p1a: Salamence\n|-start|p1a: Salamence|move: Taunt\n|\n|upkeep\n|turn|6\n|\n|t:|1700358038\n|move|p1a: Salamence|Body Slam|p2a: Krookodile\n|-damage|p2a: Krookodile|0 fnt\n|faint|p2a: Krookodile\n|\n|upkeep\n|\n|t:|1700358048\n|switch|p2a: Mewtwo|Mewtwo|100\/100\n|-ability|p2a: Mewtwo|Pressure\n|turn|7\n|\n|t:|1700358053\n|move|p1a: Salamence|Body Slam|p2a: Mewtwo\n|-damage|p2a: Mewtwo|19\/100\n|move|p2a: Mewtwo|Ice Beam|p1a: Salamence\n|-supereffective|p1a: Salamence\n|-damage|p1a: Salamence|0 fnt\n|faint|p1a: Salamence\n|\n|upkeep\n|\n|t:|1700358062\n|switch|p1a: Arceus|Arceus|100\/100\n|-damage|p1a: Arceus|88\/100|[from] Stealth Rock\n|turn|8\n|\n|t:|1700358067\n|detailschange|p2a: Mewtwo|Mewtwo-Mega-Y\n|-mega|p2a: Mewtwo|Mewtwo|Mewtwonite Y\n|move|p2a: Mewtwo|Psystrike|p1a: Arceus\n|-damage|p1a: Arceus|35\/100\n|move|p1a: Arceus|Earthquake|p2a: Mewtwo\n|-damage|p2a: Mewtwo|0 fnt\n|faint|p2a: Mewtwo\n|\n|upkeep\n|\n|t:|1700358079\n|switch|p2a: Marshadow|Marshadow|100\/100\n|turn|9\n|\n|t:|1700358083\n|move|p2a: Marshadow|Low Kick|p1a: Arceus\n|-supereffective|p1a: Arceus\n|-damage|p1a: Arceus|0 fnt\n|faint|p1a: Arceus\n|-damage|p2a: Marshadow|91\/100|[from] item: Life Orb\n|\n|upkeep\n|\n|t:|1700358089\n|switch|p1a: Garchomp|Garchomp, M|100\/100\n|-damage|p1a: Garchomp|94\/100|[from] Stealth Rock\n|turn|10\n|\n|t:|1700358101\n|-terastallize|p1a: Garchomp|Fire\n|move|p2a: Marshadow|Low Kick|p1a: Garchomp\n|-damage|p1a: Garchomp|50\/100\n|-damage|p2a: Marshadow|78\/100|[from] ability: Rough Skin|[of] p1a: Garchomp\n|-damage|p2a: Marshadow|62\/100|[from] item: Rocky Helmet|[of] p1a: Garchomp\n|-damage|p2a: Marshadow|52\/100|[from] item: Life Orb\n|move|p1a: Garchomp|Scale Shot|p2a: Marshadow\n|-damage|p2a: Marshadow|36\/100\n|-damage|p2a: Marshadow|21\/100\n|-hitcount|p2a: Marshadow|2\n|-unboost|p1a: Garchomp|def|1\n|-boost|p1a: Garchomp|spe|1\n|\n|upkeep\n|turn|11\n|\n|t:|1700358117\n|move|p2a: Marshadow|Shadow Sneak|p1a: Garchomp\n|-damage|p1a: Garchomp|0 fnt\n|-damage|p2a: Marshadow|9\/100|[from] ability: Rough Skin|[of] p1a: Garchomp\n|-damage|p2a: Marshadow|0 fnt|[from] item: Rocky Helmet|[of] p1a: Garchomp\n|faint|p1a: Garchomp\n|faint|p2a: Marshadow\n|\n|upkeep\n|\n|t:|1700358127\n|switch|p2a: Groudon|Groudon|100\/100\n|switch|p1a: Necrozma|Necrozma-Dawn-Wings|100\/100\n|-damage|p1a: Necrozma|88\/100|[from] Stealth Rock\n|detailschange|p2a: Groudon|Groudon-Primal\n|-primal|p2a: Groudon|Red Orb\n|-weather|DesolateLand|[from] ability: Desolate Land|[of] p2a: Groudon\n|turn|12\n|\n|t:|1700358138\n|detailschange|p1a: Necrozma|Necrozma-Ultra\n|-burst|p1a: Necrozma|Necrozma|Ultranecrozium Z\n|move|p1a: Necrozma|Calm Mind|p1a: Necrozma\n|-boost|p1a: Necrozma|spa|1\n|-boost|p1a: Necrozma|spd|1\n|move|p2a: Groudon|Rock Polish|p2a: Groudon\n|-boost|p2a: Groudon|spe|2\n|\n|-weather|DesolateLand|[upkeep]\n|upkeep\n|turn|13\n|\n|t:|1700358148\n|move|p2a: Groudon|Earthquake|p1a: Necrozma\n|-damage|p1a: Necrozma|22\/100\n|-zpower|p1a: Necrozma\n|move|p1a: Necrozma|Light That Burns the Sky|p2a: Groudon|[zeffect]\n|-damage|p2a: Groudon|0 fnt\n|faint|p2a: Groudon\n|-weather|none\n|\n|upkeep\n|\n|t:|1700358158\n|switch|p2a: Arceus|Arceus|100\/100\n|turn|14\n|\n|t:|1700358163\n|move|p2a: Arceus|Extreme Speed|p1a: Necrozma\n|-damage|p1a: Necrozma|0 fnt\n|faint|p1a: Necrozma\n|-damage|p2a: Arceus|91\/100|[from] item: Life Orb\n|\n|upkeep\n|\n|t:|1700358168\n|switch|p1a: Garganacl|Garganacl, M, shiny|100\/100\n|-damage|p1a: Garganacl|88\/100|[from] Stealth Rock\n|turn|15\n|\n|t:|1700358175\n|switch|p2a: Xerneas|Xerneas|59\/100 par\n|-ability|p2a: Xerneas|Fairy Aura\n|move|p1a: Garganacl|Salt Cure|p2a: Xerneas\n|-damage|p2a: Xerneas|48\/100 par\n|-start|p2a: Xerneas|Salt Cure\n|\n|-heal|p1a: Garganacl|94\/100|[from] item: Leftovers\n|-damage|p2a: Xerneas|36\/100 par|[from] Salt Cure\n|upkeep\n|turn|16\n|\n|t:|1700358189\n|switch|p1a: Yveltal|Yveltal|100\/100\n|-damage|p1a: Yveltal|76\/100|[from] Stealth Rock\n|-ability|p1a: Yveltal|Dark Aura\n|move|p2a: Xerneas|Grass Knot|p1a: Yveltal\n|-resisted|p1a: Yveltal\n|-damage|p1a: Yveltal|56\/100\n|\n|-damage|p2a: Xerneas|23\/100 par|[from] Salt Cure\n|upkeep\n|turn|17\n|\n|t:|1700358207\n|move|p1a: Yveltal|Oblivion Wing|p2a: Xerneas\n|-damage|p2a: Xerneas|0 fnt\n|-heal|p1a: Yveltal|74\/100|[from] drain|[of] p2a: Xerneas\n|faint|p2a: Xerneas\n|-damage|p1a: Yveltal|64\/100|[from] item: Life Orb\n|\n|upkeep\n|\n|t:|1700358216\n|switch|p2a: Arceus|Arceus|91\/100\n|turn|18\n|\n|t:|1700358220\n|move|p2a: Arceus|Swords Dance|p2a: Arceus\n|-boost|p2a: Arceus|atk|2\n|move|p1a: Yveltal|Dark Pulse|p2a: Arceus\n|-damage|p2a: Arceus|35\/100\n|-damage|p1a: Yveltal|54\/100|[from] item: Life Orb\n|\n|upkeep\n|turn|19\n|\n|t:|1700358228\n|switch|p1a: Garganacl|Garganacl, M, shiny|94\/100\n|-damage|p1a: Garganacl|82\/100|[from] Stealth Rock\n|move|p2a: Arceus|Extreme Speed|p1a: Garganacl\n|-resisted|p1a: Garganacl\n|-damage|p1a: Garganacl|53\/100\n|-damage|p2a: Arceus|25\/100|[from] item: Life Orb\n|\n|-heal|p1a: Garganacl|59\/100|[from] item: Leftovers\n|upkeep\n|turn|20\n|\n|t:|1700358241\n|move|p2a: Arceus|Earthquake|p1a: Garganacl\n|-supereffective|p1a: Garganacl\n|-damage|p1a: Garganacl|0 fnt\n|faint|p1a: Garganacl\n|-damage|p2a: Arceus|15\/100|[from] item: Life Orb\n|\n|upkeep\n|-message|danish13 forfeited.\n|\n|win|85792195wwww\n|raw|danish13's rating: 1441 &rarr; <strong>1433<\/strong><br \/>(-8 for losing)\n|raw|85792195wwww's rating: 1692 &rarr; <strong>1700<\/strong><br \/>(+8 for winning)\n|l|\u2606danish13\n","uploadtime":1700358251,"views":8,"p1id":"danish13","p2id":"85792195wwww","formatid":"gen9nationaldexubers","rating":1433,"private":0,"password":""}