{"id":"gen9nationaldexubers-1983244691","p1":"dilllllllllllon","p2":"cutdihacker","format":"[Gen 9] National Dex Ubers","log":"|j|\u2606dilllllllllllon\n|j|\u2606cutdihacker\n|t:|1699109792\n|gametype|singles\n|player|p1|dilllllllllllon|whitney|1364\n|player|p2|cutdihacker|steven|1449\n|teamsize|p1|6\n|teamsize|p2|6\n|gen|9\n|tier|[Gen 9] National Dex Ubers\n|rated|\n|rule|HP Percentage Mod: HP is shown in percentages\n|rule|Endless Battle Clause: Forcing endless battles is banned\n|rule|OHKO Clause: OHKO moves are banned\n|rule|Evasion Moves Clause: Evasion moves are banned\n|rule|Evasion Items Clause: Evasion items are banned\n|rule|Species Clause: Limit one of each Pok\u00e9mon\n|rule|Sleep Clause Mod: Limit one foe put to sleep\n|rule|Mega Rayquaza Clause: You cannot mega evolve Rayquaza\n|clearpoke\n|poke|p1|Scovillain, M|\n|poke|p1|Glalie, F|\n|poke|p1|Octillery, F|\n|poke|p1|Bibarel, M|\n|poke|p1|Smeargle, F|\n|poke|p1|Lugia|\n|poke|p2|Kingambit, M|\n|poke|p2|Roaring Moon|\n|poke|p2|Tyranitar, M|\n|poke|p2|Grimmsnarl, M|\n|poke|p2|Greninja-*, M|\n|poke|p2|Incineroar, F|\n|teampreview\n|inactive|Battle timer is ON: inactive players will automatically lose when time's up. (requested by dilllllllllllon)\n|inactive|dilllllllllllon has 120 seconds left.\n|\n|t:|1699109835\n|start\n|switch|p1a: Leobarko|Smeargle, F|100\/100\n|switch|p2a: Grimmsnarl|Grimmsnarl, M|100\/100\n|turn|1\n|\n|t:|1699109842\n|move|p1a: Leobarko|Protect|p1a: Leobarko\n|-singleturn|p1a: Leobarko|Protect\n|move|p2a: Grimmsnarl|Taunt|p1a: Leobarko\n|-activate|p1a: Leobarko|move: Protect\n|\n|-ability|p1a: Leobarko|Moody|boost\n|-boost|p1a: Leobarko|atk|2\n|-unboost|p1a: Leobarko|def|1\n|upkeep\n|turn|2\n|inactive|dilllllllllllon has 120 seconds left.\n|\n|t:|1699109879\n|move|p2a: Grimmsnarl|Taunt|p1a: Leobarko\n|-start|p1a: Leobarko|move: Taunt\n|cant|p1a: Leobarko|move: Taunt|Substitute\n|\n|-ability|p1a: Leobarko|Moody|boost\n|-boost|p1a: Leobarko|spa|2\n|-unboost|p1a: Leobarko|spe|1\n|upkeep\n|turn|3\n|inactive|dilllllllllllon has 120 seconds left.\n|\n|t:|1699109887\n|move|p2a: Grimmsnarl|Parting Shot|p1a: Leobarko\n|-unboost|p1a: Leobarko|atk|1\n|-unboost|p1a: Leobarko|spa|1\n|\n|t:|1699109904\n|switch|p2a: Roaring Moon|Roaring Moon|100\/100|[from] Parting Shot\n|-enditem|p2a: Roaring Moon|Booster Energy\n|-activate|p2a: Roaring Moon|ability: Protosynthesis|[fromitem]\n|-start|p2a: Roaring Moon|protosynthesisatk\n|move|p1a: Leobarko|Power Trip|p2a: Roaring Moon\n|-resisted|p2a: Roaring Moon\n|-damage|p2a: Roaring Moon|93\/100\n|\n|-ability|p1a: Leobarko|Moody|boost\n|-boost|p1a: Leobarko|atk|2\n|-unboost|p1a: Leobarko|spd|1\n|upkeep\n|turn|4\n|\n|t:|1699109920\n|move|p2a: Roaring Moon|Acrobatics|p1a: Leobarko\n|-damage|p1a: Leobarko|0 fnt\n|faint|p1a: Leobarko\n|\n|upkeep\n|inactive|dilllllllllllon has 120 seconds left.\n|\n|t:|1699109945\n|switch|p1a: Tank Fish|Octillery, F|100\/100\n|turn|5\n|\n|t:|1699109948\n|move|p1a: Tank Fish|Protect|p1a: Tank Fish\n|-singleturn|p1a: Tank Fish|Protect\n|move|p2a: Roaring Moon|Dragon Dance|p2a: Roaring Moon\n|-boost|p2a: Roaring Moon|atk|1\n|-boost|p2a: Roaring Moon|spe|1\n|\n|-ability|p1a: Tank Fish|Moody|boost\n|-boost|p1a: Tank Fish|def|2\n|-unboost|p1a: Tank Fish|spa|1\n|upkeep\n|turn|6\n|inactive|dilllllllllllon has 120 seconds left.\n|\n|t:|1699109964\n|move|p2a: Roaring Moon|Acrobatics|p1a: Tank Fish\n|-damage|p1a: Tank Fish|42\/100\n|move|p1a: Tank Fish|Substitute|p1a: Tank Fish\n|-start|p1a: Tank Fish|Substitute\n|-damage|p1a: Tank Fish|18\/100\n|\n|-heal|p1a: Tank Fish|24\/100|[from] item: Leftovers\n|-ability|p1a: Tank Fish|Moody|boost\n|-boost|p1a: Tank Fish|atk|2\n|-unboost|p1a: Tank Fish|spd|1\n|upkeep\n|turn|7\n|\n|t:|1699109976\n|move|p1a: Tank Fish|Protect|p1a: Tank Fish\n|-singleturn|p1a: Tank Fish|Protect\n|move|p2a: Roaring Moon|Acrobatics|p1a: Tank Fish\n|-activate|p1a: Tank Fish|move: Protect\n|\n|-heal|p1a: Tank Fish|30\/100|[from] item: Leftovers\n|-ability|p1a: Tank Fish|Moody|boost\n|-boost|p1a: Tank Fish|atk|2\n|-unboost|p1a: Tank Fish|spd|1\n|upkeep\n|turn|8\n|\n|t:|1699109989\n|move|p2a: Roaring Moon|Acrobatics|p1a: Tank Fish\n|-end|p1a: Tank Fish|Substitute\n|move|p1a: Tank Fish|Ice Beam|p2a: Roaring Moon\n|-supereffective|p2a: Roaring Moon\n|-damage|p2a: Roaring Moon|65\/100\n|\n|-heal|p1a: Tank Fish|36\/100|[from] item: Leftovers\n|-ability|p1a: Tank Fish|Moody|boost\n|-boost|p1a: Tank Fish|spa|2\n|-unboost|p1a: Tank Fish|spe|1\n|upkeep\n|turn|9\n|\n|t:|1699110000\n|move|p1a: Tank Fish|Protect|p1a: Tank Fish\n|-singleturn|p1a: Tank Fish|Protect\n|move|p2a: Roaring Moon|Acrobatics|p1a: Tank Fish\n|-activate|p1a: Tank Fish|move: Protect\n|\n|-heal|p1a: Tank Fish|42\/100|[from] item: Leftovers\n|-ability|p1a: Tank Fish|Moody|boost\n|-boost|p1a: Tank Fish|def|2\n|-unboost|p1a: Tank Fish|spe|1\n|upkeep\n|turn|10\n|\n|t:|1699110011\n|move|p2a: Roaring Moon|Acrobatics|p1a: Tank Fish\n|-crit|p1a: Tank Fish\n|-damage|p1a: Tank Fish|0 fnt\n|faint|p1a: Tank Fish\n|\n|upkeep\n|\n|t:|1699110015\n|switch|p1a: PLS NO SWEEP ME|Lugia|100\/100\n|turn|11\n|\n|t:|1699110041\n|move|p2a: Roaring Moon|Jaw Lock|p1a: PLS NO SWEEP ME\n|-supereffective|p1a: PLS NO SWEEP ME\n|-damage|p1a: PLS NO SWEEP ME|55\/100\n|-activate|p2a: Roaring Moon|trapped\n|-activate|p1a: PLS NO SWEEP ME|trapped\n|move|p1a: PLS NO SWEEP ME|Whirlwind|p2a: Roaring Moon\n|-end|p2a: Roaring Moon|Protosynthesis|[silent]\n|drag|p2a: Tyranitar|Tyranitar, M|100\/100\n|-weather|Sandstorm|[from] ability: Sand Stream|[of] p2a: Tyranitar\n|\n|-weather|Sandstorm|[upkeep]\n|-damage|p1a: PLS NO SWEEP ME|49\/100|[from] Sandstorm\n|upkeep\n|turn|12\n|\n|t:|1699110053\n|detailschange|p2a: Tyranitar|Tyranitar-Mega, M\n|-mega|p2a: Tyranitar|Tyranitar|Tyranitarite\n|move|p1a: PLS NO SWEEP ME|Toxic|p2a: Tyranitar|[miss]\n|-miss|p1a: PLS NO SWEEP ME|p2a: Tyranitar\n|move|p2a: Tyranitar|Pursuit|p1a: PLS NO SWEEP ME\n|-supereffective|p1a: PLS NO SWEEP ME\n|-damage|p1a: PLS NO SWEEP ME|26\/100\n|\n|-weather|Sandstorm|[upkeep]\n|-damage|p1a: PLS NO SWEEP ME|19\/100|[from] Sandstorm\n|upkeep\n|turn|13\n|\n|t:|1699110066\n|move|p1a: PLS NO SWEEP ME|Recover|p1a: PLS NO SWEEP ME\n|-heal|p1a: PLS NO SWEEP ME|69\/100\n|move|p2a: Tyranitar|Stone Edge|p1a: PLS NO SWEEP ME\n|-supereffective|p1a: PLS NO SWEEP ME\n|-damage|p1a: PLS NO SWEEP ME|8\/100\n|\n|-weather|Sandstorm|[upkeep]\n|-damage|p1a: PLS NO SWEEP ME|2\/100|[from] Sandstorm\n|upkeep\n|turn|14\n|\n|t:|1699110075\n|move|p1a: PLS NO SWEEP ME|Toxic|p2a: Tyranitar|[miss]\n|-miss|p1a: PLS NO SWEEP ME|p2a: Tyranitar\n|move|p2a: Tyranitar|Stone Edge|p1a: PLS NO SWEEP ME\n|-supereffective|p1a: PLS NO SWEEP ME\n|-damage|p1a: PLS NO SWEEP ME|0 fnt\n|faint|p1a: PLS NO SWEEP ME\n|\n|-weather|Sandstorm|[upkeep]\n|upkeep\n|\n|t:|1699110084\n|switch|p1a: DOOOOOOOOOOOOOOOOF|Bibarel, M|100\/100\n|turn|15\n|\n|t:|1699110093\n|move|p1a: DOOOOOOOOOOOOOOOOF|Protect|p1a: DOOOOOOOOOOOOOOOOF\n|-singleturn|p1a: DOOOOOOOOOOOOOOOOF|Protect\n|move|p2a: Tyranitar|Stone Edge|p1a: DOOOOOOOOOOOOOOOOF\n|-activate|p1a: DOOOOOOOOOOOOOOOOF|move: Protect\n|\n|-weather|none\n|-ability|p1a: DOOOOOOOOOOOOOOOOF|Moody|boost\n|-boost|p1a: DOOOOOOOOOOOOOOOOF|spe|2\n|-unboost|p1a: DOOOOOOOOOOOOOOOOF|def|1\n|upkeep\n|turn|16\n|\n|t:|1699110103\n|move|p1a: DOOOOOOOOOOOOOOOOF|Substitute|p1a: DOOOOOOOOOOOOOOOOF\n|-start|p1a: DOOOOOOOOOOOOOOOOF|Substitute\n|-damage|p1a: DOOOOOOOOOOOOOOOOF|76\/100\n|move|p2a: Tyranitar|Earthquake|p1a: DOOOOOOOOOOOOOOOOF\n|-end|p1a: DOOOOOOOOOOOOOOOOF|Substitute\n|\n|-heal|p1a: DOOOOOOOOOOOOOOOOF|82\/100|[from] item: Leftovers\n|-ability|p1a: DOOOOOOOOOOOOOOOOF|Moody|boost\n|-boost|p1a: DOOOOOOOOOOOOOOOOF|spd|2\n|-unboost|p1a: DOOOOOOOOOOOOOOOOF|atk|1\n|upkeep\n|turn|17\n|\n|t:|1699110123\n|switch|p2a: Greninja|Greninja, M|100\/100\n|move|p1a: DOOOOOOOOOOOOOOOOF|Protect||[still]\n|-fail|p1a: DOOOOOOOOOOOOOOOOF\n|\n|-heal|p1a: DOOOOOOOOOOOOOOOOF|88\/100|[from] item: Leftovers\n|-ability|p1a: DOOOOOOOOOOOOOOOOF|Moody|boost\n|-boost|p1a: DOOOOOOOOOOOOOOOOF|def|2\n|-unboost|p1a: DOOOOOOOOOOOOOOOOF|atk|1\n|upkeep\n|turn|18\n|\n|t:|1699110135\n|move|p1a: DOOOOOOOOOOOOOOOOF|Protect|p1a: DOOOOOOOOOOOOOOOOF\n|-singleturn|p1a: DOOOOOOOOOOOOOOOOF|Protect\n|move|p2a: Greninja|Surf|p1a: DOOOOOOOOOOOOOOOOF\n|-activate|p1a: DOOOOOOOOOOOOOOOOF|move: Protect\n|\n|-heal|p1a: DOOOOOOOOOOOOOOOOF|94\/100|[from] item: Leftovers\n|-ability|p1a: DOOOOOOOOOOOOOOOOF|Moody|boost\n|-boost|p1a: DOOOOOOOOOOOOOOOOF|atk|2\n|-unboost|p1a: DOOOOOOOOOOOOOOOOF|spe|1\n|upkeep\n|turn|19\n|\n|t:|1699110153\n|move|p2a: Greninja|Surf|p1a: DOOOOOOOOOOOOOOOOF\n|-resisted|p1a: DOOOOOOOOOOOOOOOOF\n|-damage|p1a: DOOOOOOOOOOOOOOOOF|75\/100\n|move|p1a: DOOOOOOOOOOOOOOOOF|Substitute|p1a: DOOOOOOOOOOOOOOOOF\n|-start|p1a: DOOOOOOOOOOOOOOOOF|Substitute\n|-damage|p1a: DOOOOOOOOOOOOOOOOF|50\/100\n|\n|-heal|p1a: DOOOOOOOOOOOOOOOOF|56\/100|[from] item: Leftovers\n|-ability|p1a: DOOOOOOOOOOOOOOOOF|Moody|boost\n|-boost|p1a: DOOOOOOOOOOOOOOOOF|spe|2\n|-unboost|p1a: DOOOOOOOOOOOOOOOOF|def|1\n|upkeep\n|turn|20\n|\n|t:|1699110166\n|switch|p2a: Grimmsnarl|Grimmsnarl, M|100\/100\n|move|p1a: DOOOOOOOOOOOOOOOOF|Protect||[still]\n|-fail|p1a: DOOOOOOOOOOOOOOOOF\n|\n|-heal|p1a: DOOOOOOOOOOOOOOOOF|62\/100|[from] item: Leftovers\n|-ability|p1a: DOOOOOOOOOOOOOOOOF|Moody|boost\n|-boost|p1a: DOOOOOOOOOOOOOOOOF|atk|2\n|-unboost|p1a: DOOOOOOOOOOOOOOOOF|spe|1\n|upkeep\n|turn|21\n|\n|t:|1699110176\n|move|p2a: Grimmsnarl|Reflect|p2a: Grimmsnarl\n|-sidestart|p2: cutdihacker|Reflect\n|move|p1a: DOOOOOOOOOOOOOOOOF|Dig||[still]\n|-prepare|p1a: DOOOOOOOOOOOOOOOOF|Dig\n|\n|-heal|p1a: DOOOOOOOOOOOOOOOOF|68\/100|[from] item: Leftovers\n|-ability|p1a: DOOOOOOOOOOOOOOOOF|Moody|boost\n|-boost|p1a: DOOOOOOOOOOOOOOOOF|spa|2\n|-unboost|p1a: DOOOOOOOOOOOOOOOOF|spe|1\n|upkeep\n|turn|22\n|\n|t:|1699110185\n|move|p2a: Grimmsnarl|Light Screen|p2a: Grimmsnarl\n|-sidestart|p2: cutdihacker|move: Light Screen\n|move|p1a: DOOOOOOOOOOOOOOOOF|Dig|p2a: Grimmsnarl|[from]lockedmove\n|-damage|p2a: Grimmsnarl|79\/100\n|\n|-heal|p1a: DOOOOOOOOOOOOOOOOF|74\/100|[from] item: Leftovers\n|-ability|p1a: DOOOOOOOOOOOOOOOOF|Moody|boost\n|-boost|p1a: DOOOOOOOOOOOOOOOOF|atk|2\n|-unboost|p1a: DOOOOOOOOOOOOOOOOF|spd|1\n|upkeep\n|turn|23\n|\n|t:|1699110214\n|switch|p2a: Roaring Moon|Roaring Moon|65\/100\n|move|p1a: DOOOOOOOOOOOOOOOOF|Protect||[still]\n|-fail|p1a: DOOOOOOOOOOOOOOOOF\n|\n|-heal|p1a: DOOOOOOOOOOOOOOOOF|80\/100|[from] item: Leftovers\n|-ability|p1a: DOOOOOOOOOOOOOOOOF|Moody|boost\n|-boost|p1a: DOOOOOOOOOOOOOOOOF|atk|2\n|-unboost|p1a: DOOOOOOOOOOOOOOOOF|spd|1\n|upkeep\n|turn|24\n|\n|t:|1699110224\n|move|p2a: Roaring Moon|Dragon Dance|p2a: Roaring Moon\n|-boost|p2a: Roaring Moon|atk|1\n|-boost|p2a: Roaring Moon|spe|1\n|move|p1a: DOOOOOOOOOOOOOOOOF|Last Resort|p2a: Roaring Moon\n|-damage|p2a: Roaring Moon|0 fnt\n|faint|p2a: Roaring Moon\n|-end|p2a: Roaring Moon|Protosynthesis|[silent]\n|\n|-heal|p1a: DOOOOOOOOOOOOOOOOF|86\/100|[from] item: Leftovers\n|-ability|p1a: DOOOOOOOOOOOOOOOOF|Moody|boost\n|-boost|p1a: DOOOOOOOOOOOOOOOOF|spa|2\n|-unboost|p1a: DOOOOOOOOOOOOOOOOF|atk|1\n|upkeep\n|\n|t:|1699110237\n|switch|p2a: Incineroar|Incineroar, F|100\/100\n|-ability|p2a: Incineroar|Intimidate|boost\n|-immune|p1a: DOOOOOOOOOOOOOOOOF\n|turn|25\n|\n|t:|1699110247\n|move|p1a: DOOOOOOOOOOOOOOOOF|Protect|p1a: DOOOOOOOOOOOOOOOOF\n|-singleturn|p1a: DOOOOOOOOOOOOOOOOF|Protect\n|move|p2a: Incineroar|Fake Out|p1a: DOOOOOOOOOOOOOOOOF\n|-activate|p1a: DOOOOOOOOOOOOOOOOF|move: Protect\n|\n|-heal|p1a: DOOOOOOOOOOOOOOOOF|92\/100|[from] item: Leftovers\n|-ability|p1a: DOOOOOOOOOOOOOOOOF|Moody|boost\n|-boost|p1a: DOOOOOOOOOOOOOOOOF|atk|1\n|-unboost|p1a: DOOOOOOOOOOOOOOOOF|spd|1\n|upkeep\n|turn|26\n|\n|t:|1699110259\n|move|p1a: DOOOOOOOOOOOOOOOOF|Dig||[still]\n|-prepare|p1a: DOOOOOOOOOOOOOOOOF|Dig\n|move|p2a: Incineroar|Darkest Lariat|p1a: DOOOOOOOOOOOOOOOOF|[miss]\n|-miss|p2a: Incineroar|p1a: DOOOOOOOOOOOOOOOOF\n|\n|-heal|p1a: DOOOOOOOOOOOOOOOOF|98\/100|[from] item: Leftovers\n|-ability|p1a: DOOOOOOOOOOOOOOOOF|Moody|boost\n|-boost|p1a: DOOOOOOOOOOOOOOOOF|spa|2\n|-unboost|p1a: DOOOOOOOOOOOOOOOOF|atk|1\n|upkeep\n|turn|27\n|inactive|dilllllllllllon has 120 seconds left.\n|\n|t:|1699110317\n|move|p1a: DOOOOOOOOOOOOOOOOF|Dig|p2a: Incineroar|[from]lockedmove\n|-supereffective|p2a: Incineroar\n|-damage|p2a: Incineroar|28\/100\n|-enditem|p2a: Incineroar|Sitrus Berry|[eat]\n|-heal|p2a: Incineroar|53\/100|[from] item: Sitrus Berry\n|move|p2a: Incineroar|Darkest Lariat|p1a: DOOOOOOOOOOOOOOOOF\n|-end|p1a: DOOOOOOOOOOOOOOOOF|Substitute\n|\n|-heal|p1a: DOOOOOOOOOOOOOOOOF|100\/100|[from] item: Leftovers\n|-ability|p1a: DOOOOOOOOOOOOOOOOF|Moody|boost\n|-boost|p1a: DOOOOOOOOOOOOOOOOF|spe|2\n|-unboost|p1a: DOOOOOOOOOOOOOOOOF|spd|1\n|upkeep\n|turn|28\n|inactive|dilllllllllllon has 90 seconds left.\n|\n|t:|1699110334\n|move|p1a: DOOOOOOOOOOOOOOOOF|Last Resort|p2a: Incineroar\n|-damage|p2a: Incineroar|0 fnt\n|faint|p2a: Incineroar\n|\n|-sideend|p2: cutdihacker|Reflect\n|-ability|p1a: DOOOOOOOOOOOOOOOOF|Moody|boost\n|-boost|p1a: DOOOOOOOOOOOOOOOOF|def|2\n|-unboost|p1a: DOOOOOOOOOOOOOOOOF|spe|1\n|upkeep\n|\n|t:|1699110343\n|switch|p2a: Grimmsnarl|Grimmsnarl, M|79\/100\n|turn|29\n|\n|t:|1699110347\n|move|p2a: Grimmsnarl|Reflect|p2a: Grimmsnarl\n|-sidestart|p2: cutdihacker|Reflect\n|move|p1a: DOOOOOOOOOOOOOOOOF|Last Resort|p2a: Grimmsnarl\n|-damage|p2a: Grimmsnarl|0 fnt\n|faint|p2a: Grimmsnarl\n|\n|-sideend|p2: cutdihacker|move: Light Screen\n|-ability|p1a: DOOOOOOOOOOOOOOOOF|Moody|boost\n|-boost|p1a: DOOOOOOOOOOOOOOOOF|atk|1\n|-unboost|p1a: DOOOOOOOOOOOOOOOOF|def|1\n|upkeep\n|\n|t:|1699110357\n|switch|p2a: Greninja|Greninja, M|100\/100\n|turn|30\n|\n|t:|1699110362\n|move|p1a: DOOOOOOOOOOOOOOOOF|Protect|p1a: DOOOOOOOOOOOOOOOOF\n|-singleturn|p1a: DOOOOOOOOOOOOOOOOF|Protect\n|-zpower|p2a: Greninja\n|move|p2a: Greninja|Hydro Vortex|p1a: DOOOOOOOOOOOOOOOOF|[zeffect]\n|-resisted|p1a: DOOOOOOOOOOOOOOOOF\n|-zbroken|p1a: DOOOOOOOOOOOOOOOOF\n|-damage|p1a: DOOOOOOOOOOOOOOOOF|68\/100\n|\n|-heal|p1a: DOOOOOOOOOOOOOOOOF|74\/100|[from] item: Leftovers\n|-ability|p1a: DOOOOOOOOOOOOOOOOF|Moody|boost\n|-boost|p1a: DOOOOOOOOOOOOOOOOF|spd|2\n|-unboost|p1a: DOOOOOOOOOOOOOOOOF|spa|1\n|upkeep\n|turn|31\n|inactive|dilllllllllllon has 120 seconds left.\n|\n|t:|1699110375\n|move|p1a: DOOOOOOOOOOOOOOOOF|Substitute|p1a: DOOOOOOOOOOOOOOOOF\n|-start|p1a: DOOOOOOOOOOOOOOOOF|Substitute\n|-damage|p1a: DOOOOOOOOOOOOOOOOF|49\/100\n|move|p2a: Greninja|Grass Knot|p1a: DOOOOOOOOOOOOOOOOF\n|-supereffective|p1a: DOOOOOOOOOOOOOOOOF\n|-crit|p1a: DOOOOOOOOOOOOOOOOF\n|-end|p1a: DOOOOOOOOOOOOOOOOF|Substitute\n|\n|-heal|p1a: DOOOOOOOOOOOOOOOOF|55\/100|[from] item: Leftovers\n|-ability|p1a: DOOOOOOOOOOOOOOOOF|Moody|boost\n|-boost|p1a: DOOOOOOOOOOOOOOOOF|spe|2\n|-unboost|p1a: DOOOOOOOOOOOOOOOOF|spa|1\n|upkeep\n|turn|32\n|inactive|dilllllllllllon has 120 seconds left.\n|\n|t:|1699110387\n|move|p1a: DOOOOOOOOOOOOOOOOF|Protect|p1a: DOOOOOOOOOOOOOOOOF\n|-singleturn|p1a: DOOOOOOOOOOOOOOOOF|Protect\n|move|p2a: Greninja|Grass Knot|p1a: DOOOOOOOOOOOOOOOOF\n|-activate|p1a: DOOOOOOOOOOOOOOOOF|move: Protect\n|\n|-heal|p1a: DOOOOOOOOOOOOOOOOF|61\/100|[from] item: Leftovers\n|-ability|p1a: DOOOOOOOOOOOOOOOOF|Moody|boost\n|-boost|p1a: DOOOOOOOOOOOOOOOOF|spd|2\n|-unboost|p1a: DOOOOOOOOOOOOOOOOF|atk|1\n|upkeep\n|turn|33\n|inactive|dilllllllllllon has 120 seconds left.\n|\n|t:|1699110401\n|move|p1a: DOOOOOOOOOOOOOOOOF|Substitute|p1a: DOOOOOOOOOOOOOOOOF\n|-start|p1a: DOOOOOOOOOOOOOOOOF|Substitute\n|-damage|p1a: DOOOOOOOOOOOOOOOOF|36\/100\n|move|p2a: Greninja|Grass Knot|p1a: DOOOOOOOOOOOOOOOOF\n|-supereffective|p1a: DOOOOOOOOOOOOOOOOF\n|-end|p1a: DOOOOOOOOOOOOOOOOF|Substitute\n|\n|-heal|p1a: DOOOOOOOOOOOOOOOOF|42\/100|[from] item: Leftovers\n|-ability|p1a: DOOOOOOOOOOOOOOOOF|Moody|boost\n|-boost|p1a: DOOOOOOOOOOOOOOOOF|spd|2\n|-unboost|p1a: DOOOOOOOOOOOOOOOOF|def|1\n|upkeep\n|turn|34\n|\n|t:|1699110412\n|switch|p2a: Kingambit|Kingambit, M|100\/100\n|-activate|p2a: Kingambit|ability: Supreme Overlord\n|-start|p2a: Kingambit|fallen3|[silent]\n|move|p1a: DOOOOOOOOOOOOOOOOF|Protect||[still]\n|-fail|p1a: DOOOOOOOOOOOOOOOOF\n|\n|-heal|p1a: DOOOOOOOOOOOOOOOOF|48\/100|[from] item: Leftovers\n|-ability|p1a: DOOOOOOOOOOOOOOOOF|Moody|boost\n|-boost|p1a: DOOOOOOOOOOOOOOOOF|def|2\n|-unboost|p1a: DOOOOOOOOOOOOOOOOF|spe|1\n|upkeep\n|turn|35\n|\n|t:|1699110431\n|move|p1a: DOOOOOOOOOOOOOOOOF|Protect|p1a: DOOOOOOOOOOOOOOOOF\n|-singleturn|p1a: DOOOOOOOOOOOOOOOOF|Protect\n|move|p2a: Kingambit|Swords Dance|p2a: Kingambit\n|-boost|p2a: Kingambit|atk|2\n|\n|-heal|p1a: DOOOOOOOOOOOOOOOOF|54\/100|[from] item: Leftovers\n|-ability|p1a: DOOOOOOOOOOOOOOOOF|Moody|boost\n|-boost|p1a: DOOOOOOOOOOOOOOOOF|spa|2\n|-unboost|p1a: DOOOOOOOOOOOOOOOOF|def|1\n|upkeep\n|turn|36\n|\n|t:|1699110442\n|move|p1a: DOOOOOOOOOOOOOOOOF|Substitute|p1a: DOOOOOOOOOOOOOOOOF\n|-start|p1a: DOOOOOOOOOOOOOOOOF|Substitute\n|-damage|p1a: DOOOOOOOOOOOOOOOOF|29\/100\n|move|p2a: Kingambit|Kowtow Cleave|p1a: DOOOOOOOOOOOOOOOOF\n|-end|p1a: DOOOOOOOOOOOOOOOOF|Substitute\n|\n|-heal|p1a: DOOOOOOOOOOOOOOOOF|35\/100|[from] item: Leftovers\n|-sideend|p2: cutdihacker|Reflect\n|-ability|p1a: DOOOOOOOOOOOOOOOOF|Moody|boost\n|-boost|p1a: DOOOOOOOOOOOOOOOOF|spe|2\n|-unboost|p1a: DOOOOOOOOOOOOOOOOF|def|1\n|upkeep\n|turn|37\n|\n|t:|1699110453\n|move|p1a: DOOOOOOOOOOOOOOOOF|Protect|p1a: DOOOOOOOOOOOOOOOOF\n|-singleturn|p1a: DOOOOOOOOOOOOOOOOF|Protect\n|move|p2a: Kingambit|Kowtow Cleave|p1a: DOOOOOOOOOOOOOOOOF\n|-activate|p1a: DOOOOOOOOOOOOOOOOF|move: Protect\n|\n|-heal|p1a: DOOOOOOOOOOOOOOOOF|41\/100|[from] item: Leftovers\n|-ability|p1a: DOOOOOOOOOOOOOOOOF|Moody|boost\n|-boost|p1a: DOOOOOOOOOOOOOOOOF|spe|1\n|-unboost|p1a: DOOOOOOOOOOOOOOOOF|spa|1\n|upkeep\n|turn|38\n|\n|t:|1699110465\n|move|p1a: DOOOOOOOOOOOOOOOOF|Dig||[still]\n|-prepare|p1a: DOOOOOOOOOOOOOOOOF|Dig\n|move|p2a: Kingambit|Kowtow Cleave|p1a: DOOOOOOOOOOOOOOOOF|[miss]\n|-miss|p2a: Kingambit|p1a: DOOOOOOOOOOOOOOOOF\n|\n|-heal|p1a: DOOOOOOOOOOOOOOOOF|47\/100|[from] item: Leftovers\n|-ability|p1a: DOOOOOOOOOOOOOOOOF|Moody|boost\n|-boost|p1a: DOOOOOOOOOOOOOOOOF|spa|1\n|-unboost|p1a: DOOOOOOOOOOOOOOOOF|def|1\n|upkeep\n|turn|39\n|\n|t:|1699110476\n|-terastallize|p2a: Kingambit|Ghost\n|move|p1a: DOOOOOOOOOOOOOOOOF|Dig|p2a: Kingambit|[from]lockedmove\n|-damage|p2a: Kingambit|49\/100\n|move|p2a: Kingambit|Kowtow Cleave|p1a: DOOOOOOOOOOOOOOOOF\n|-damage|p1a: DOOOOOOOOOOOOOOOOF|0 fnt\n|faint|p1a: DOOOOOOOOOOOOOOOOF\n|\n|upkeep\n|c|\u2606dilllllllllllon|rip a legend\n|\n|t:|1699110501\n|switch|p1a: whateventhefuck|Glalie, F|100\/100\n|turn|40\n|\n|t:|1699110505\n|move|p1a: whateventhefuck|Protect|p1a: whateventhefuck\n|-singleturn|p1a: whateventhefuck|Protect\n|move|p2a: Kingambit|Swords Dance|p2a: Kingambit\n|-boost|p2a: Kingambit|atk|2\n|\n|-ability|p1a: whateventhefuck|Moody|boost\n|-boost|p1a: whateventhefuck|def|2\n|-unboost|p1a: whateventhefuck|atk|1\n|upkeep\n|turn|41\n|\n|t:|1699110514\n|move|p1a: whateventhefuck|Substitute|p1a: whateventhefuck\n|-start|p1a: whateventhefuck|Substitute\n|-damage|p1a: whateventhefuck|76\/100\n|move|p2a: Kingambit|Iron Head|p1a: whateventhefuck\n|-supereffective|p1a: whateventhefuck\n|-end|p1a: whateventhefuck|Substitute\n|\n|-heal|p1a: whateventhefuck|82\/100|[from] item: Leftovers\n|-ability|p1a: whateventhefuck|Moody|boost\n|-boost|p1a: whateventhefuck|spe|2\n|-unboost|p1a: whateventhefuck|def|1\n|upkeep\n|turn|42\n|\n|t:|1699110525\n|move|p1a: whateventhefuck|Freeze-Dry|p2a: Kingambit\n|-damage|p2a: Kingambit|20\/100\n|move|p2a: Kingambit|Swords Dance|p2a: Kingambit\n|-boost|p2a: Kingambit|atk|2\n|\n|-heal|p1a: whateventhefuck|88\/100|[from] item: Leftovers\n|-ability|p1a: whateventhefuck|Moody|boost\n|-boost|p1a: whateventhefuck|spd|2\n|-unboost|p1a: whateventhefuck|spa|1\n|upkeep\n|turn|43\n|\n|t:|1699110540\n|move|p1a: whateventhefuck|Protect|p1a: whateventhefuck\n|-singleturn|p1a: whateventhefuck|Protect\n|move|p2a: Kingambit|Sucker Punch||[still]\n|-fail|p2a: Kingambit\n|\n|-heal|p1a: whateventhefuck|94\/100|[from] item: Leftovers\n|-ability|p1a: whateventhefuck|Moody|boost\n|-boost|p1a: whateventhefuck|spa|2\n|-unboost|p1a: whateventhefuck|spe|1\n|upkeep\n|turn|44\n|\n|t:|1699110550\n|move|p1a: whateventhefuck|Substitute|p1a: whateventhefuck\n|-start|p1a: whateventhefuck|Substitute\n|-damage|p1a: whateventhefuck|69\/100\n|move|p2a: Kingambit|Iron Head|p1a: whateventhefuck\n|-supereffective|p1a: whateventhefuck\n|-end|p1a: whateventhefuck|Substitute\n|\n|-heal|p1a: whateventhefuck|75\/100|[from] item: Leftovers\n|-ability|p1a: whateventhefuck|Moody|boost\n|-boost|p1a: whateventhefuck|spa|2\n|-unboost|p1a: whateventhefuck|def|1\n|upkeep\n|turn|45\n|\n|t:|1699110561\n|move|p1a: whateventhefuck|Protect|p1a: whateventhefuck\n|-singleturn|p1a: whateventhefuck|Protect\n|move|p2a: Kingambit|Kowtow Cleave|p1a: whateventhefuck\n|-activate|p1a: whateventhefuck|move: Protect\n|\n|-heal|p1a: whateventhefuck|81\/100|[from] item: Leftovers\n|-ability|p1a: whateventhefuck|Moody|boost\n|-boost|p1a: whateventhefuck|spa|2\n|-unboost|p1a: whateventhefuck|atk|1\n|upkeep\n|turn|46\n|\n|t:|1699110572\n|move|p1a: whateventhefuck|Substitute|p1a: whateventhefuck\n|-start|p1a: whateventhefuck|Substitute\n|-damage|p1a: whateventhefuck|56\/100\n|move|p2a: Kingambit|Iron Head|p1a: whateventhefuck\n|-supereffective|p1a: whateventhefuck\n|-crit|p1a: whateventhefuck\n|-end|p1a: whateventhefuck|Substitute\n|\n|-heal|p1a: whateventhefuck|62\/100|[from] item: Leftovers\n|-ability|p1a: whateventhefuck|Moody|boost\n|-boost|p1a: whateventhefuck|spd|2\n|-unboost|p1a: whateventhefuck|spa|1\n|upkeep\n|turn|47\n|\n|t:|1699110583\n|move|p1a: whateventhefuck|Protect|p1a: whateventhefuck\n|-singleturn|p1a: whateventhefuck|Protect\n|move|p2a: Kingambit|Sucker Punch||[still]\n|-fail|p2a: Kingambit\n|\n|-heal|p1a: whateventhefuck|68\/100|[from] item: Leftovers\n|-ability|p1a: whateventhefuck|Moody|boost\n|-boost|p1a: whateventhefuck|def|2\n|-unboost|p1a: whateventhefuck|spd|1\n|upkeep\n|turn|48\n|\n|t:|1699110593\n|move|p1a: whateventhefuck|Substitute|p1a: whateventhefuck\n|-start|p1a: whateventhefuck|Substitute\n|-damage|p1a: whateventhefuck|43\/100\n|move|p2a: Kingambit|Iron Head|p1a: whateventhefuck\n|-supereffective|p1a: whateventhefuck\n|-end|p1a: whateventhefuck|Substitute\n|\n|-heal|p1a: whateventhefuck|49\/100|[from] item: Leftovers\n|-ability|p1a: whateventhefuck|Moody|boost\n|-boost|p1a: whateventhefuck|spe|2\n|-unboost|p1a: whateventhefuck|spd|1\n|upkeep\n|turn|49\n|\n|t:|1699110608\n|move|p1a: whateventhefuck|Protect|p1a: whateventhefuck\n|-singleturn|p1a: whateventhefuck|Protect\n|move|p2a: Kingambit|Sucker Punch||[still]\n|-fail|p2a: Kingambit\n|\n|-heal|p1a: whateventhefuck|55\/100|[from] item: Leftovers\n|-ability|p1a: whateventhefuck|Moody|boost\n|-boost|p1a: whateventhefuck|atk|2\n|-unboost|p1a: whateventhefuck|spd|1\n|upkeep\n|turn|50\n|\n|t:|1699110618\n|move|p1a: whateventhefuck|Freeze-Dry|p2a: Kingambit\n|-damage|p2a: Kingambit|0 fnt\n|faint|p2a: Kingambit\n|-end|p2a: Kingambit|fallen3|[silent]\n|\n|-heal|p1a: whateventhefuck|61\/100|[from] item: Leftovers\n|-ability|p1a: whateventhefuck|Moody|boost\n|-boost|p1a: whateventhefuck|atk|2\n|-unboost|p1a: whateventhefuck|spd|1\n|upkeep\n|\n|t:|1699110627\n|switch|p2a: Tyranitar|Tyranitar-Mega, M|100\/100\n|-weather|Sandstorm|[from] ability: Sand Stream|[of] p2a: Tyranitar\n|turn|51\n|\n|t:|1699110632\n|-terastallize|p1a: whateventhefuck|Ground\n|move|p1a: whateventhefuck|Earthquake|p2a: Tyranitar\n|-supereffective|p2a: Tyranitar\n|-crit|p2a: Tyranitar\n|-damage|p2a: Tyranitar|0 fnt\n|faint|p2a: Tyranitar\n|\n|-weather|Sandstorm|[upkeep]\n|-heal|p1a: whateventhefuck|67\/100|[from] item: Leftovers\n|-ability|p1a: whateventhefuck|Moody|boost\n|-boost|p1a: whateventhefuck|spa|2\n|-unboost|p1a: whateventhefuck|atk|1\n|upkeep\n|\n|t:|1699110644\n|switch|p2a: Greninja|Greninja, M|100\/100\n|turn|52\n|\n|t:|1699110649\n|move|p1a: whateventhefuck|Freeze-Dry|p2a: Greninja\n|-supereffective|p2a: Greninja\n|-damage|p2a: Greninja|0 fnt\n|faint|p2a: Greninja\n|\n|win|dilllllllllllon\n|raw|dilllllllllllon's rating: 1364 &rarr; <strong>1389<\/strong><br \/>(+25 for winning)\n|raw|cutdihacker's rating: 1449 &rarr; <strong>1424<\/strong><br \/>(-25 for losing)\n|l|\u2606cutdihacker\n","uploadtime":1699110658,"views":7,"p1id":"dilllllllllllon","p2id":"cutdihacker","formatid":"gen9nationaldexubers","rating":1389,"private":0,"password":""}