{"id":"gen9nationaldexubers-1986265794","p1":"JustMonika_CARR","p2":"Mrchistoso","format":"[Gen 9] National Dex Ubers","log":"|j|\u2606JustMonika_CARR\n|j|\u2606Mrchistoso\n|t:|1699464629\n|gametype|singles\n|player|p1|JustMonika_CARR|101|1459\n|player|p2|Mrchistoso|hugh|1395\n|teamsize|p1|6\n|teamsize|p2|6\n|gen|9\n|tier|[Gen 9] National Dex Ubers\n|rated|\n|rule|HP Percentage Mod: HP is shown in percentages\n|rule|Endless Battle Clause: Forcing endless battles is banned\n|rule|OHKO Clause: OHKO moves are banned\n|rule|Evasion Moves Clause: Evasion moves are banned\n|rule|Evasion Items Clause: Evasion items are banned\n|rule|Species Clause: Limit one of each Pok\u00e9mon\n|rule|Sleep Clause Mod: Limit one foe put to sleep\n|rule|Mega Rayquaza Clause: You cannot mega evolve Rayquaza\n|clearpoke\n|poke|p1|Marshadow|\n|poke|p1|Lopunny, F|\n|poke|p1|Dialga|\n|poke|p1|Forretress, F|\n|poke|p1|Pheromosa|\n|poke|p1|Grimmsnarl, M|\n|poke|p2|Ogerpon-Hearthflame, F|\n|poke|p2|Blacephalon|\n|poke|p2|Iron Bundle|\n|poke|p2|Kartana|\n|poke|p2|Calyrex-Ice|\n|poke|p2|Latios, M|\n|teampreview\n|inactive|Battle timer is ON: inactive players will automatically lose when time's up. (requested by Mrchistoso)\n|\n|t:|1699464656\n|start\n|switch|p1a: Forretress|Forretress, F, shiny|100\/100\n|switch|p2a: Calyrex|Calyrex-Ice|100\/100\n|-ability|p2a: Calyrex|As One\n|-ability|p2a: Calyrex|Unnerve\n|turn|1\n|\n|t:|1699464665\n|move|p2a: Calyrex|Swords Dance|p2a: Calyrex\n|-boost|p2a: Calyrex|atk|2\n|move|p1a: Forretress|Toxic Spikes|p2a: Calyrex\n|-sidestart|p2: Mrchistoso|move: Toxic Spikes\n|\n|upkeep\n|turn|2\n|\n|t:|1699464672\n|move|p2a: Calyrex|Glacial Lance|p1a: Forretress\n|-resisted|p1a: Forretress\n|-damage|p1a: Forretress|54\/100\n|-enditem|p1a: Forretress|Red Card|[of] p2a: Calyrex\n|drag|p2a: Iron Bundle|Iron Bundle|100\/100\n|-status|p2a: Iron Bundle|psn\n|move|p1a: Forretress|Stealth Rock|p2a: Iron Bundle\n|-sidestart|p2: Mrchistoso|move: Stealth Rock\n|\n|-damage|p2a: Iron Bundle|88\/100 psn|[from] psn\n|upkeep\n|turn|3\n|\n|t:|1699464682\n|move|p2a: Iron Bundle|Hydro Pump|p1a: Forretress\n|-damage|p1a: Forretress|0 fnt\n|faint|p1a: Forretress\n|\n|-damage|p2a: Iron Bundle|76\/100 psn|[from] psn\n|upkeep\n|\n|t:|1699464689\n|switch|p1a: Lopunny|Lopunny, F, shiny|100\/100\n|turn|4\n|\n|t:|1699464693\n|detailschange|p1a: Lopunny|Lopunny-Mega, F, shiny\n|-mega|p1a: Lopunny|Lopunny|Lopunnite\n|move|p1a: Lopunny|Fake Out|p2a: Iron Bundle\n|-damage|p2a: Iron Bundle|51\/100 psn\n|cant|p2a: Iron Bundle|flinch\n|\n|-damage|p2a: Iron Bundle|38\/100 psn|[from] psn\n|upkeep\n|turn|5\n|\n|t:|1699464703\n|switch|p1a: Grimmsnarl|Grimmsnarl, M, shiny|100\/100\n|move|p2a: Iron Bundle|Hydro Pump|p1a: Grimmsnarl\n|-damage|p1a: Grimmsnarl|10\/100\n|\n|-damage|p2a: Iron Bundle|26\/100 psn|[from] psn\n|upkeep\n|turn|6\n|\n|t:|1699464713\n|move|p1a: Grimmsnarl|Light Screen|p1a: Grimmsnarl\n|-sidestart|p1: JustMonika_CARR|move: Light Screen\n|move|p2a: Iron Bundle|Hydro Pump|p1a: Grimmsnarl\n|-damage|p1a: Grimmsnarl|0 fnt\n|faint|p1a: Grimmsnarl\n|\n|-damage|p2a: Iron Bundle|14\/100 psn|[from] psn\n|upkeep\n|\n|t:|1699464725\n|switch|p1a: Pheromosa|Pheromosa, shiny|100\/100\n|turn|7\n|\n|t:|1699464728\n|move|p2a: Iron Bundle|Hydro Pump|p1a: Pheromosa\n|-enditem|p1a: Pheromosa|Focus Sash\n|-damage|p1a: Pheromosa|1\/100\n|move|p1a: Pheromosa|Rapid Spin|p2a: Iron Bundle\n|-damage|p2a: Iron Bundle|0 fnt\n|-boost|p1a: Pheromosa|spe|1\n|faint|p2a: Iron Bundle\n|-end|p2a: Iron Bundle|Quark Drive|[silent]\n|-ability|p1a: Pheromosa|Beast Boost|boost\n|-boost|p1a: Pheromosa|spa|1\n|\n|upkeep\n|\n|t:|1699464738\n|switch|p2a: Kartana|Kartana|100\/100\n|-damage|p2a: Kartana|94\/100|[from] Stealth Rock\n|turn|8\n|\n|t:|1699464746\n|move|p1a: Pheromosa|Ice Beam|p2a: Kartana\n|-damage|p2a: Kartana|0 fnt\n|faint|p2a: Kartana\n|-ability|p1a: Pheromosa|Beast Boost|boost\n|-boost|p1a: Pheromosa|spa|1\n|\n|upkeep\n|\n|t:|1699464754\n|switch|p2a: Calyrex|Calyrex-Ice|100\/100\n|-ability|p2a: Calyrex|As One\n|-ability|p2a: Calyrex|Unnerve\n|-status|p2a: Calyrex|psn\n|-damage|p2a: Calyrex|75\/100 psn|[from] Stealth Rock\n|turn|9\n|\n|t:|1699464764\n|move|p1a: Pheromosa|Bug Buzz|p2a: Calyrex\n|-supereffective|p2a: Calyrex\n|-damage|p2a: Calyrex|0 fnt\n|faint|p2a: Calyrex\n|-ability|p1a: Pheromosa|Beast Boost|boost\n|-boost|p1a: Pheromosa|spa|1\n|\n|upkeep\n|-message|Mrchistoso forfeited.\n|\n|win|JustMonika_CARR\n|raw|JustMonika_CARR's rating: 1459 &rarr; <strong>1475<\/strong><br \/>(+16 for winning)\n|raw|Mrchistoso's rating: 1395 &rarr; <strong>1379<\/strong><br \/>(-16 for losing)\n|l|\u2606Mrchistoso\n","uploadtime":1699464779,"views":5,"p1id":"justmonikacarr","p2id":"mrchistoso","formatid":"gen9nationaldexubers","rating":1379,"private":0,"password":""}