{"id":"gen9nationaldexubers-1987077872","p1":"pharius","p2":"mr Deuzp","format":"[Gen 9] National Dex Ubers","log":"|j|\u2606pharius\n|j|\u2606mr Deuzp\n|t:|1699554254\n|gametype|singles\n|player|p1|pharius|170|1215\n|player|p2|mr Deuzp|shadowtriad|1382\n|teamsize|p1|6\n|teamsize|p2|6\n|gen|9\n|tier|[Gen 9] National Dex Ubers\n|rated|\n|rule|HP Percentage Mod: HP is shown in percentages\n|rule|Endless Battle Clause: Forcing endless battles is banned\n|rule|OHKO Clause: OHKO moves are banned\n|rule|Evasion Moves Clause: Evasion moves are banned\n|rule|Evasion Items Clause: Evasion items are banned\n|rule|Species Clause: Limit one of each Pok\u00e9mon\n|rule|Sleep Clause Mod: Limit one foe put to sleep\n|rule|Mega Rayquaza Clause: You cannot mega evolve Rayquaza\n|clearpoke\n|poke|p1|Dragapult, F|\n|poke|p1|Banette, F|\n|poke|p1|Aegislash, M|\n|poke|p1|Mimikyu, M|\n|poke|p1|Drifblim, M|\n|poke|p1|Mismagius, F|\n|poke|p2|Chien-Pao|\n|poke|p2|Ursaluna, M|\n|poke|p2|Xerneas-*|\n|poke|p2|Kyogre|\n|poke|p2|Blaziken, M|\n|poke|p2|Naganadel|\n|teampreview\n|\n|t:|1699554283\n|start\n|switch|p1a: Aegislash|Aegislash, M|100\/100\n|switch|p2a: Naganadel|Naganadel, shiny|100\/100\n|turn|1\n|\n|t:|1699554291\n|move|p2a: Naganadel|Flamethrower|p1a: Aegislash\n|-supereffective|p1a: Aegislash\n|-damage|p1a: Aegislash|62\/100\n|-formechange|p1a: Aegislash|Aegislash-Blade||[from] ability: Stance Change\n|move|p1a: Aegislash|Shadow Ball|p2a: Naganadel\n|-damage|p2a: Naganadel|45\/100\n|\n|-heal|p1a: Aegislash|68\/100|[from] item: Leftovers\n|upkeep\n|turn|2\n|\n|t:|1699554299\n|-formechange|p1a: Aegislash|Aegislash||[from] ability: Stance Change\n|move|p1a: Aegislash|King's Shield|p1a: Aegislash\n|-singleturn|p1a: Aegislash|Protect\n|move|p2a: Naganadel|Nasty Plot|p2a: Naganadel\n|-boost|p2a: Naganadel|spa|2\n|\n|-heal|p1a: Aegislash|75\/100|[from] item: Leftovers\n|upkeep\n|turn|3\n|\n|t:|1699554311\n|-terastallize|p1a: Aegislash|Fairy\n|move|p2a: Naganadel|Flamethrower|p1a: Aegislash\n|-damage|p1a: Aegislash|35\/100\n|-status|p1a: Aegislash|brn\n|-formechange|p1a: Aegislash|Aegislash-Blade||[from] ability: Stance Change\n|move|p1a: Aegislash|Shadow Ball|p2a: Naganadel\n|-damage|p2a: Naganadel|0 fnt\n|faint|p2a: Naganadel\n|\n|-heal|p1a: Aegislash|41\/100 brn|[from] item: Leftovers\n|-damage|p1a: Aegislash|35\/100 brn|[from] brn\n|upkeep\n|\n|t:|1699554323\n|switch|p2a: Kyogre|Kyogre, shiny|100\/100\n|detailschange|p2a: Kyogre|Kyogre-Primal, shiny\n|-primal|p2a: Kyogre|Blue Orb\n|-weather|PrimordialSea|[from] ability: Primordial Sea|[of] p2a: Kyogre\n|turn|4\n|\n|t:|1699554327\n|-formechange|p1a: Aegislash|Aegislash||[from] ability: Stance Change\n|move|p1a: Aegislash|King's Shield|p1a: Aegislash\n|-singleturn|p1a: Aegislash|Protect\n|move|p2a: Kyogre|Calm Mind|p2a: Kyogre\n|-boost|p2a: Kyogre|spa|1\n|-boost|p2a: Kyogre|spd|1\n|\n|-weather|PrimordialSea|[upkeep]\n|-heal|p1a: Aegislash|41\/100 brn|[from] item: Leftovers\n|-damage|p1a: Aegislash|35\/100 brn|[from] brn\n|upkeep\n|turn|5\n|\n|t:|1699554339\n|move|p2a: Kyogre|Origin Pulse|p1a: Aegislash\n|-damage|p1a: Aegislash|0 fnt\n|faint|p1a: Aegislash\n|\n|-weather|PrimordialSea|[upkeep]\n|upkeep\n|\n|t:|1699554343\n|switch|p1a: Banette|Banette, F|100\/100\n|turn|6\n|\n|t:|1699554346\n|detailschange|p1a: Banette|Banette-Mega, F\n|-mega|p1a: Banette|Banette|Banettite\n|move|p1a: Banette|Destiny Bond|p1a: Banette\n|-singlemove|p1a: Banette|Destiny Bond\n|move|p2a: Kyogre|Calm Mind|p2a: Kyogre\n|-boost|p2a: Kyogre|spa|1\n|-boost|p2a: Kyogre|spd|1\n|\n|-weather|PrimordialSea|[upkeep]\n|upkeep\n|turn|7\n|\n|t:|1699554355\n|move|p1a: Banette|Encore|p2a: Kyogre\n|-start|p2a: Kyogre|Encore\n|move|p2a: Kyogre|Calm Mind|p2a: Kyogre\n|-boost|p2a: Kyogre|spa|1\n|-boost|p2a: Kyogre|spd|1\n|\n|-weather|PrimordialSea|[upkeep]\n|upkeep\n|turn|8\n|\n|t:|1699554359\n|move|p1a: Banette|Swords Dance|p1a: Banette\n|-boost|p1a: Banette|atk|2\n|move|p2a: Kyogre|Calm Mind|p2a: Kyogre\n|-boost|p2a: Kyogre|spa|1\n|-boost|p2a: Kyogre|spd|1\n|\n|-weather|PrimordialSea|[upkeep]\n|upkeep\n|turn|9\n|\n|t:|1699554363\n|move|p1a: Banette|Swords Dance|p1a: Banette\n|-boost|p1a: Banette|atk|2\n|move|p2a: Kyogre|Calm Mind|p2a: Kyogre\n|-boost|p2a: Kyogre|spa|1\n|-boost|p2a: Kyogre|spd|1\n|\n|-weather|PrimordialSea|[upkeep]\n|-end|p2a: Kyogre|Encore\n|upkeep\n|turn|10\n|\n|t:|1699554367\n|move|p1a: Banette|Encore|p2a: Kyogre\n|-start|p2a: Kyogre|Encore\n|move|p2a: Kyogre|Calm Mind|p2a: Kyogre\n|-boost|p2a: Kyogre|spa|1\n|-boost|p2a: Kyogre|spd|1\n|\n|-weather|PrimordialSea|[upkeep]\n|upkeep\n|turn|11\n|\n|t:|1699554370\n|-weather|none\n|switch|p2a: Ursaluna|Ursaluna, M, shiny|100\/100\n|move|p1a: Banette|Swords Dance|p1a: Banette\n|-boost|p1a: Banette|atk|2\n|\n|-status|p2a: Ursaluna|brn|[from] item: Flame Orb\n|upkeep\n|turn|12\n|\n|t:|1699554379\n|move|p1a: Banette|Knock Off|p2a: Ursaluna\n|-damage|p2a: Ursaluna|0 fnt\n|-enditem|p2a: Ursaluna|Flame Orb|[from] move: Knock Off|[of] p1a: Banette\n|faint|p2a: Ursaluna\n|\n|upkeep\n|\n|t:|1699554382\n|switch|p2a: Chien-Pao|Chien-Pao|100\/100\n|-ability|p2a: Chien-Pao|Sword of Ruin\n|turn|13\n|\n|t:|1699554385\n|move|p1a: Banette|Destiny Bond|p1a: Banette\n|-singlemove|p1a: Banette|Destiny Bond\n|move|p2a: Chien-Pao|Swords Dance|p2a: Chien-Pao\n|-boost|p2a: Chien-Pao|atk|2\n|\n|upkeep\n|turn|14\n|\n|t:|1699554391\n|move|p2a: Chien-Pao|Sucker Punch|p1a: Banette\n|-supereffective|p1a: Banette\n|-damage|p1a: Banette|0 fnt\n|faint|p1a: Banette\n|-activate|p1a: Banette|move: Destiny Bond\n|faint|p2a: Chien-Pao\n|\n|upkeep\n|\n|t:|1699554398\n|switch|p2a: Kyogre|Kyogre-Primal, shiny|100\/100\n|switch|p1a: Mismagius|Mismagius, F|100\/100\n|-weather|PrimordialSea|[from] ability: Primordial Sea|[of] p2a: Kyogre\n|turn|15\n|\n|t:|1699554401\n|move|p1a: Mismagius|Thunderbolt|p2a: Kyogre\n|-supereffective|p2a: Kyogre\n|-damage|p2a: Kyogre|53\/100\n|move|p2a: Kyogre|Calm Mind|p2a: Kyogre\n|-boost|p2a: Kyogre|spa|1\n|-boost|p2a: Kyogre|spd|1\n|\n|-weather|PrimordialSea|[upkeep]\n|upkeep\n|turn|16\n|\n|t:|1699554405\n|move|p1a: Mismagius|Thunderbolt|p2a: Kyogre\n|-supereffective|p2a: Kyogre\n|-damage|p2a: Kyogre|22\/100\n|move|p2a: Kyogre|Origin Pulse|p1a: Mismagius\n|-damage|p1a: Mismagius|0 fnt\n|faint|p1a: Mismagius\n|\n|-weather|PrimordialSea|[upkeep]\n|upkeep\n|\n|t:|1699554410\n|switch|p1a: Mimikyu|Mimikyu, M|100\/100\n|turn|17\n|\n|t:|1699554414\n|move|p1a: Mimikyu|Shadow Sneak|p2a: Kyogre\n|-damage|p2a: Kyogre|3\/100\n|-damage|p1a: Mimikyu|91\/100|[from] item: Life Orb\n|move|p2a: Kyogre|Thunder|p1a: Mimikyu\n|-activate|p1a: Mimikyu|ability: Disguise\n|-damage|p1a: Mimikyu|91\/100\n|detailschange|p1a: Mimikyu|Mimikyu-Busted, M\n|-damage|p1a: Mimikyu|78\/100|[from] pokemon: Mimikyu-Busted\n|\n|-weather|PrimordialSea|[upkeep]\n|upkeep\n|turn|18\n|\n|t:|1699554418\n|move|p1a: Mimikyu|Shadow Sneak|p2a: Kyogre\n|-damage|p2a: Kyogre|0 fnt\n|faint|p2a: Kyogre\n|-weather|none\n|-damage|p1a: Mimikyu|68\/100|[from] item: Life Orb\n|\n|upkeep\n|\n|t:|1699554420\n|switch|p2a: Xerneas|Xerneas, shiny|100\/100\n|-ability|p2a: Xerneas|Fairy Aura\n|turn|19\n|\n|t:|1699554425\n|move|p1a: Mimikyu|Swords Dance|p1a: Mimikyu\n|-boost|p1a: Mimikyu|atk|2\n|move|p2a: Xerneas|Geomancy||[still]\n|-prepare|p2a: Xerneas|Geomancy\n|-enditem|p2a: Xerneas|Power Herb\n|-anim|p2a: Xerneas|Geomancy|p2a: Xerneas\n|-boost|p2a: Xerneas|spa|2\n|-boost|p2a: Xerneas|spd|2\n|-boost|p2a: Xerneas|spe|2\n|\n|upkeep\n|turn|20\n|\n|t:|1699554432\n|-terastallize|p2a: Xerneas|Fairy\n|move|p1a: Mimikyu|Shadow Sneak|p2a: Xerneas\n|-damage|p2a: Xerneas|65\/100\n|-damage|p1a: Mimikyu|58\/100|[from] item: Life Orb\n|move|p2a: Xerneas|Moonblast|p1a: Mimikyu\n|-damage|p1a: Mimikyu|0 fnt\n|faint|p1a: Mimikyu\n|\n|upkeep\n|\n|t:|1699554437\n|switch|p1a: Drifblim|Drifblim, M|100\/100\n|turn|21\n|\n|t:|1699554444\n|move|p2a: Xerneas|Moonblast|p1a: Drifblim\n|-damage|p1a: Drifblim|0 fnt\n|faint|p1a: Drifblim\n|\n|upkeep\n|\n|t:|1699554449\n|switch|p1a: Dragapult|Dragapult, F|100\/100\n|turn|22\n|\n|t:|1699554451\n|move|p2a: Xerneas|Moonblast|p1a: Dragapult\n|-supereffective|p1a: Dragapult\n|-damage|p1a: Dragapult|0 fnt\n|faint|p1a: Dragapult\n|\n|win|mr Deuzp\n|raw|pharius's rating: 1215 &rarr; <strong>1201<\/strong><br \/>(-14 for losing)\n|raw|mr Deuzp's rating: 1382 &rarr; <strong>1393<\/strong><br \/>(+11 for winning)\n|l|\u2606pharius\n","uploadtime":1699554457,"views":5,"p1id":"pharius","p2id":"mrdeuzp","formatid":"gen9nationaldexubers","rating":1201,"private":0,"password":""}