{"id":"gen9nationaldexubers-1984015649","p1":"I Hate AP Chem","p2":"JohnKramerFan","format":"[Gen 9] National Dex Ubers","log":"|j|\u2606I Hate AP Chem\n|j|\u2606JohnKramerFan\n|t:|1699210029\n|gametype|singles\n|player|p1|I Hate AP Chem|sisandbro|\n|player|p2|JohnKramerFan|101|\n|teamsize|p1|6\n|teamsize|p2|6\n|gen|9\n|tier|[Gen 9] National Dex Ubers\n|rule|HP Percentage Mod: HP is shown in percentages\n|rule|Endless Battle Clause: Forcing endless battles is banned\n|rule|OHKO Clause: OHKO moves are banned\n|rule|Evasion Moves Clause: Evasion moves are banned\n|rule|Evasion Items Clause: Evasion items are banned\n|rule|Species Clause: Limit one of each Pok\u00e9mon\n|rule|Sleep Clause Mod: Limit one foe put to sleep\n|rule|Mega Rayquaza Clause: You cannot mega evolve Rayquaza\n|clearpoke\n|poke|p1|Gholdengo|\n|poke|p1|Zapdos-Galar|\n|poke|p1|Ribombee, F|\n|poke|p1|Nidoking, M|\n|poke|p1|Sneasler, M|\n|poke|p1|Blastoise, M|\n|poke|p2|Glalie, M|\n|poke|p2|Greninja-*, F|\n|poke|p2|Ninetales-Alola, M|\n|poke|p2|Arctozolt|\n|poke|p2|Iron Moth|\n|poke|p2|Salamence, M|\n|teampreview\n|j| Porkedcar\n|j| brevie nicks\n|j| carutothehocarge\n|j| j.silverflame\n|\n|t:|1699210091\n|start\n|switch|p1a: william|Gholdengo|100\/100\n|switch|p2a: Funny Man|Glalie, M|100\/100\n|turn|1\n|\n|t:|1699210119\n|switch|p2a: Funny Guy|Greninja, F|100\/100\n|move|p1a: william|Make It Rain|p2a: Funny Guy\n|-resisted|p2a: Funny Guy\n|-damage|p2a: Funny Guy|48\/100\n|-unboost|p1a: william|spa|1\n|\n|upkeep\n|turn|2\n|\n|t:|1699210136\n|switch|p1a: Zapdos|Zapdos-Galar|100\/100\n|move|p2a: Funny Guy|Dark Pulse|p1a: Zapdos\n|-start|p2a: Funny Guy|typechange|Dark|[from] ability: Protean\n|-resisted|p1a: Zapdos\n|-damage|p1a: Zapdos|76\/100\n|-damage|p2a: Funny Guy|38\/100|[from] item: Life Orb\n|\n|upkeep\n|turn|3\n|\n|t:|1699210189\n|move|p1a: Zapdos|U-turn|p2a: Funny Guy\n|-supereffective|p2a: Funny Guy\n|-damage|p2a: Funny Guy|0 fnt\n|faint|p2a: Funny Guy\n|\n|t:|1699210208\n|switch|p1a: Ribombee|Ribombee, F|100\/100|[from] U-turn\n|\n|upkeep\n|\n|t:|1699210226\n|switch|p2a: Funny L'Homme|Ninetales-Alola, M|100\/100\n|turn|4\n|j| yolo420dabmaster\n|\n|t:|1699210284\n|switch|p2a: Funny.|Salamence, M|100\/100\n|-ability|p2a: Funny.|Intimidate|boost\n|-unboost|p1a: Ribombee|atk|1\n|move|p1a: Ribombee|Sticky Web|p2a: Funny.\n|-sidestart|p2: JohnKramerFan|move: Sticky Web\n|\n|upkeep\n|turn|5\n|\n|t:|1699210292\n|move|p1a: Ribombee|Moonblast|p2a: Funny.\n|-supereffective|p2a: Funny.\n|-damage|p2a: Funny.|33\/100\n|move|p2a: Funny.|Fire Blast|p1a: Ribombee\n|-supereffective|p1a: Ribombee\n|-damage|p1a: Ribombee|14\/100\n|\n|upkeep\n|turn|6\n|\n|t:|1699210311\n|switch|p2a: Funny Man|Glalie, M|100\/100\n|-activate|p2a: Funny Man|move: Sticky Web\n|-unboost|p2a: Funny Man|spe|1\n|move|p1a: Ribombee|Moonblast|p2a: Funny Man\n|-damage|p2a: Funny Man|56\/100\n|-unboost|p2a: Funny Man|spa|1\n|\n|upkeep\n|turn|7\n|\n|t:|1699210328\n|move|p2a: Funny Man|Ice Shard|p1a: Ribombee\n|-damage|p1a: Ribombee|0 fnt\n|faint|p1a: Ribombee\n|\n|upkeep\n|\n|t:|1699210342\n|switch|p1a: Sneasler|Sneasler, M|100\/100\n|turn|8\n|\n|t:|1699210365\n|detailschange|p2a: Funny Man|Glalie-Mega, M\n|-mega|p2a: Funny Man|Glalie|Glalitite\n|move|p1a: Sneasler|Rock Slide|p2a: Funny Man\n|-supereffective|p2a: Funny Man\n|-damage|p2a: Funny Man|0 fnt\n|faint|p2a: Funny Man\n|\n|upkeep\n|\n|t:|1699210385\n|switch|p2a: Funny L'Homme|Ninetales-Alola, M|100\/100\n|-activate|p2a: Funny L'Homme|move: Sticky Web\n|-unboost|p2a: Funny L'Homme|spe|1\n|turn|9\n|\n|t:|1699210390\n|move|p1a: Sneasler|Dire Claw|p2a: Funny L'Homme\n|-supereffective|p2a: Funny L'Homme\n|-damage|p2a: Funny L'Homme|0 fnt\n|faint|p2a: Funny L'Homme\n|\n|upkeep\n|\n|t:|1699210395\n|switch|p2a: Funny.|Salamence, M|33\/100\n|-ability|p2a: Funny.|Intimidate|boost\n|-unboost|p1a: Sneasler|atk|1\n|turn|10\n|c| Porkedcar|I just realized that Ninetails didn't have Snow Warning\n|\n|t:|1699210429\n|move|p1a: Sneasler|Rock Slide|p2a: Funny.|[miss]\n|-miss|p1a: Sneasler|p2a: Funny.\n|move|p2a: Funny.|Hurricane|p1a: Sneasler\n|-supereffective|p1a: Sneasler\n|-damage|p1a: Sneasler|0 fnt\n|faint|p1a: Sneasler\n|\n|upkeep\n|\n|t:|1699210447\n|switch|p1a: Zapdos|Zapdos-Galar|76\/100\n|turn|11\n|\n|t:|1699210470\n|move|p1a: Zapdos|Brave Bird|p2a: Funny.\n|-damage|p2a: Funny.|0 fnt\n|faint|p2a: Funny.\n|-damage|p1a: Zapdos|64\/100|[from] Recoil\n|\n|upkeep\n|\n|t:|1699210478\n|switch|p2a: Funny Hombre|Iron Moth|100\/100\n|-activate|p2a: Funny Hombre|move: Sticky Web\n|-unboost|p2a: Funny Hombre|spe|1\n|turn|12\n|\n|t:|1699210511\n|switch|p1a: Blastoise|Blastoise, M|100\/100\n|move|p2a: Funny Hombre|Psychic|p1a: Blastoise\n|-damage|p1a: Blastoise|68\/100\n|-enditem|p1a: Blastoise|Red Card|[of] p2a: Funny Hombre\n|-end|p2a: Funny Hombre|Quark Drive|[silent]\n|drag|p2a: Funny L'Mec|Arctozolt|100\/100\n|-activate|p2a: Funny L'Mec|move: Sticky Web\n|-unboost|p2a: Funny L'Mec|spe|1\n|\n|upkeep\n|turn|13\n|\n|t:|1699210530\n|move|p1a: Blastoise|Scald|p2a: Funny L'Mec\n|-damage|p2a: Funny L'Mec|72\/100\n|-zpower|p2a: Funny L'Mec\n|move|p2a: Funny L'Mec|Gigavolt Havoc|p1a: Blastoise|[zeffect]\n|-supereffective|p1a: Blastoise\n|-damage|p1a: Blastoise|0 fnt\n|faint|p1a: Blastoise\n|\n|upkeep\n|\n|t:|1699210541\n|switch|p1a: Nidoking|Nidoking, M|100\/100\n|turn|14\n|\n|t:|1699210551\n|move|p1a: Nidoking|Earth Power|p2a: Funny L'Mec\n|-supereffective|p2a: Funny L'Mec\n|-damage|p2a: Funny L'Mec|0 fnt\n|faint|p2a: Funny L'Mec\n|\n|upkeep\n|\n|t:|1699210555\n|switch|p2a: Funny Hombre|Iron Moth|100\/100\n|-activate|p2a: Funny Hombre|move: Sticky Web\n|-unboost|p2a: Funny Hombre|spe|1\n|turn|15\n|\n|t:|1699210562\n|move|p2a: Funny Hombre|Psychic|p1a: Nidoking\n|-supereffective|p1a: Nidoking\n|-damage|p1a: Nidoking|0 fnt\n|faint|p1a: Nidoking\n|\n|upkeep\n|\n|t:|1699210571\n|switch|p1a: Zapdos|Zapdos-Galar|64\/100\n|turn|16\n|\n|t:|1699210574\n|move|p1a: Zapdos|Stomping Tantrum|p2a: Funny Hombre\n|-supereffective|p2a: Funny Hombre\n|-damage|p2a: Funny Hombre|0 fnt\n|faint|p2a: Funny Hombre\n|-end|p2a: Funny Hombre|Quark Drive|[silent]\n|\n|win|I Hate AP Chem\n|c| carutothehocarge|gg\n|l| brevie nicks\n","uploadtime":1699210583,"views":13,"p1id":"ihateapchem","p2id":"johnkramerfan","formatid":"gen9nationaldexubers","rating":0,"private":0,"password":""}