{"id":"gen9nationaldexubers-1984714557","p1":"Gtg g u2","p2":"The N00B Guy","format":"[Gen 9] National Dex Ubers","log":"|j|\u2606Gtg g u2\n|j|\u203dThe N00B Guy\n|t:|1699293098\n|gametype|singles\n|player|p1|Gtg g u2|red-masters|1156\n|player|p2|The N00B Guy|nemona-s|1235\n|teamsize|p1|6\n|teamsize|p2|6\n|gen|9\n|tier|[Gen 9] National Dex Ubers\n|rated|\n|rule|HP Percentage Mod: HP is shown in percentages\n|rule|Endless Battle Clause: Forcing endless battles is banned\n|rule|OHKO Clause: OHKO moves are banned\n|rule|Evasion Moves Clause: Evasion moves are banned\n|rule|Evasion Items Clause: Evasion items are banned\n|rule|Species Clause: Limit one of each Pok\u00e9mon\n|rule|Sleep Clause Mod: Limit one foe put to sleep\n|rule|Mega Rayquaza Clause: You cannot mega evolve Rayquaza\n|clearpoke\n|poke|p1|Pikachu, M|\n|poke|p1|Kleavor, M|\n|poke|p1|Gengar, M|\n|poke|p1|Lucario, M|\n|poke|p1|Flygon, F|\n|poke|p1|Dracovish|\n|poke|p2|Hatterene, F|\n|poke|p2|Aggron, F|\n|poke|p2|Cottonee, L1, F|\n|poke|p2|Zygarde|\n|poke|p2|Rotom-Heat|\n|poke|p2|Scolipede, M|\n|teampreview\n|inactive|Battle timer is ON: inactive players will automatically lose when time's up. (requested by Gtg g u2)\n|\n|t:|1699293111\n|start\n|switch|p1a: Kleavor|Kleavor, M|100\/100\n|switch|p2a: Scolipede|Scolipede, M|100\/100\n|turn|1\n|\n|t:|1699293122\n|switch|p2a: Aggron|Aggron, F|100\/100\n|move|p1a: Kleavor|Stone Axe|p2a: Aggron\n|-resisted|p2a: Aggron\n|-damage|p2a: Aggron|86\/100\n|-sidestart|p2: The N00B Guy|move: Stealth Rock\n|\n|upkeep\n|turn|2\n|\n|t:|1699293129\n|switch|p1a: Lucario|Lucario, M|100\/100\n|detailschange|p2a: Aggron|Aggron-Mega, F\n|-mega|p2a: Aggron|Aggron|Aggronite\n|move|p2a: Aggron|Curse|p2a: Aggron\n|-unboost|p2a: Aggron|spe|1\n|-boost|p2a: Aggron|atk|1\n|-boost|p2a: Aggron|def|1\n|\n|upkeep\n|turn|3\n|\n|t:|1699293135\n|detailschange|p1a: Lucario|Lucario-Mega, M\n|-mega|p1a: Lucario|Lucario|Lucarionite\n|move|p1a: Lucario|Aura Sphere|p2a: Aggron\n|-supereffective|p2a: Aggron\n|-damage|p2a: Aggron|0 fnt\n|faint|p2a: Aggron\n|\n|upkeep\n|\n|t:|1699293140\n|switch|p2a: Rotom|Rotom-Heat|100\/100\n|-damage|p2a: Rotom|76\/100|[from] Stealth Rock\n|turn|4\n|\n|t:|1699293145\n|switch|p1a: Kleavor|Kleavor, M|100\/100\n|switch|p2a: Zygarde|Zygarde|100\/100\n|-damage|p2a: Zygarde|94\/100|[from] Stealth Rock\n|\n|-heal|p2a: Zygarde|100\/100|[from] item: Leftovers\n|upkeep\n|turn|5\n|\n|t:|1699293150\n|move|p1a: Kleavor|Pounce|p2a: Zygarde\n|-damage|p2a: Zygarde|78\/100\n|-unboost|p2a: Zygarde|spe|1\n|move|p2a: Zygarde|Coil|p2a: Zygarde\n|-boost|p2a: Zygarde|atk|1\n|-boost|p2a: Zygarde|def|1\n|-boost|p2a: Zygarde|accuracy|1\n|\n|-heal|p2a: Zygarde|84\/100|[from] item: Leftovers\n|upkeep\n|turn|6\n|\n|t:|1699293156\n|move|p1a: Kleavor|Pounce|p2a: Zygarde\n|-damage|p2a: Zygarde|69\/100\n|-unboost|p2a: Zygarde|spe|1\n|move|p2a: Zygarde|Coil|p2a: Zygarde\n|-boost|p2a: Zygarde|atk|1\n|-boost|p2a: Zygarde|def|1\n|-boost|p2a: Zygarde|accuracy|1\n|\n|-heal|p2a: Zygarde|75\/100|[from] item: Leftovers\n|upkeep\n|turn|7\n|\n|t:|1699293162\n|-terastallize|p2a: Zygarde|Steel\n|move|p1a: Kleavor|Pounce|p2a: Zygarde\n|-resisted|p2a: Zygarde\n|-damage|p2a: Zygarde|70\/100\n|-unboost|p2a: Zygarde|spe|1\n|move|p2a: Zygarde|Iron Tail|p1a: Kleavor\n|-supereffective|p1a: Kleavor\n|-damage|p1a: Kleavor|0 fnt\n|faint|p1a: Kleavor\n|\n|-heal|p2a: Zygarde|76\/100|[from] item: Leftovers\n|upkeep\n|\n|t:|1699293167\n|switch|p1a: Flygon|Flygon, F|100\/100\n|turn|8\n|\n|t:|1699293173\n|move|p1a: Flygon|Earthquake|p2a: Zygarde\n|-supereffective|p2a: Zygarde\n|-damage|p2a: Zygarde|25\/100\n|-damage|p1a: Flygon|91\/100|[from] item: Life Orb\n|move|p2a: Zygarde|Iron Tail|p1a: Flygon\n|-damage|p1a: Flygon|0 fnt\n|faint|p1a: Flygon\n|\n|-heal|p2a: Zygarde|31\/100|[from] item: Leftovers\n|-activate|p2a: Zygarde|ability: Power Construct\n|detailschange|p2a: Zygarde|Zygarde-Complete, tera:Steel\n|-heal|p2a: Zygarde|57\/100|[silent]\n|upkeep\n|\n|t:|1699293177\n|switch|p1a: Lucario|Lucario-Mega, M|100\/100\n|turn|9\n|\n|t:|1699293188\n|move|p1a: Lucario|Aura Sphere|p2a: Zygarde\n|-supereffective|p2a: Zygarde\n|-damage|p2a: Zygarde|0 fnt\n|faint|p2a: Zygarde\n|\n|upkeep\n|\n|t:|1699293193\n|switch|p2a: Rotom|Rotom-Heat|76\/100\n|-damage|p2a: Rotom|51\/100|[from] Stealth Rock\n|turn|10\n|\n|t:|1699293198\n|move|p1a: Lucario|Aura Sphere|p2a: Rotom\n|-damage|p2a: Rotom|0 fnt\n|faint|p2a: Rotom\n|\n|upkeep\n|\n|t:|1699293203\n|switch|p2a: Scolipede|Scolipede, M|100\/100\n|-damage|p2a: Scolipede|76\/100|[from] Stealth Rock\n|turn|11\n|-message|The N00B Guy forfeited.\n|\n|win|Gtg g u2\n|raw|Gtg g u2's rating: 1156 &rarr; <strong>1187<\/strong><br \/>(+31 for winning)\n|raw|The N00B Guy's rating: 1235 &rarr; <strong>1204<\/strong><br \/>(-31 for losing)\n|l|\u203dThe N00B Guy\n","uploadtime":1699293208,"views":7,"p1id":"gtggu2","p2id":"then00bguy","formatid":"gen9nationaldexubers","rating":1187,"private":0,"password":""}