{"id":"gen9nationaldexubers-1980111462","p1":"arafatr871","p2":"85792195wwww","format":"[Gen 9] National Dex Ubers","log":"|j|\u2606arafatr871\n|j|\u203d85792195wwww\n|t:|1698758295\n|gametype|singles\n|player|p1|arafatr871|steven|1629\n|player|p2|85792195wwww|lady|1771\n|teamsize|p1|6\n|teamsize|p2|6\n|gen|9\n|tier|[Gen 9] National Dex Ubers\n|rated|\n|rule|HP Percentage Mod: HP is shown in percentages\n|rule|Endless Battle Clause: Forcing endless battles is banned\n|rule|OHKO Clause: OHKO moves are banned\n|rule|Evasion Moves Clause: Evasion moves are banned\n|rule|Evasion Items Clause: Evasion items are banned\n|rule|Species Clause: Limit one of each Pok\u00e9mon\n|rule|Sleep Clause Mod: Limit one foe put to sleep\n|rule|Mega Rayquaza Clause: You cannot mega evolve Rayquaza\n|clearpoke\n|poke|p1|Groudon|\n|poke|p1|Kyogre|\n|poke|p1|Giratina|\n|poke|p1|Dondozo, F|\n|poke|p1|Yveltal|\n|poke|p1|Eternatus|\n|poke|p2|Xerneas-*|\n|poke|p2|Rayquaza|\n|poke|p2|Zacian-*|\n|poke|p2|Deoxys-Speed|\n|poke|p2|Groudon|\n|poke|p2|Arceus|\n|teampreview\n|inactive|Battle timer is ON: inactive players will automatically lose when time's up. (requested by arafatr871)\n|\n|t:|1698758313\n|start\n|switch|p1a: Yveltal|Yveltal, shiny|100\/100\n|switch|p2a: Xerneas|Xerneas|100\/100\n|-ability|p1a: Yveltal|Dark Aura\n|-ability|p2a: Xerneas|Fairy Aura\n|turn|1\n|\n|t:|1698758325\n|move|p1a: Yveltal|Knock Off|p2a: Xerneas\n|-resisted|p2a: Xerneas\n|-damage|p2a: Xerneas|69\/100\n|-enditem|p2a: Xerneas|Power Herb|[from] move: Knock Off|[of] p1a: Yveltal\n|-damage|p1a: Yveltal|91\/100|[from] item: Life Orb\n|move|p2a: Xerneas|Moonblast|p1a: Yveltal\n|-supereffective|p1a: Yveltal\n|-crit|p1a: Yveltal\n|-damage|p1a: Yveltal|0 fnt\n|faint|p1a: Yveltal\n|\n|upkeep\n|\n|t:|1698758338\n|switch|p1a: Eternatus|Eternatus|100\/100\n|-ability|p1a: Eternatus|Pressure\n|turn|2\n|\n|t:|1698758343\n|switch|p2a: Deoxys|Deoxys-Speed|100\/100\n|-ability|p2a: Deoxys|Pressure\n|move|p1a: Eternatus|Sludge Bomb|p2a: Deoxys\n|-damage|p2a: Deoxys|27\/100\n|\n|upkeep\n|turn|3\n|\n|t:|1698758353\n|switch|p1a: Giratina|Giratina, shiny|100\/100\n|-ability|p1a: Giratina|Pressure\n|move|p2a: Deoxys|Stealth Rock|p1a: Giratina\n|-sidestart|p1: arafatr871|move: Stealth Rock\n|\n|upkeep\n|turn|4\n|\n|t:|1698758361\n|move|p1a: Giratina|Shadow Sneak|p2a: Deoxys\n|-supereffective|p2a: Deoxys\n|-crit|p2a: Deoxys\n|-damage|p2a: Deoxys|0 fnt\n|-damage|p1a: Giratina|84\/100|[from] item: Rocky Helmet|[of] p2a: Deoxys\n|faint|p2a: Deoxys\n|\n|-heal|p1a: Giratina|90\/100|[from] item: Leftovers\n|upkeep\n|\n|t:|1698758375\n|switch|p2a: Xerneas|Xerneas|69\/100\n|-ability|p2a: Xerneas|Fairy Aura\n|turn|5\n|j| usamo 2021\n|\n|t:|1698758381\n|move|p2a: Xerneas|Moonblast|p1a: Giratina\n|-supereffective|p1a: Giratina\n|-damage|p1a: Giratina|20\/100\n|move|p1a: Giratina|Toxic|p2a: Xerneas\n|-status|p2a: Xerneas|tox\n|\n|-heal|p1a: Giratina|26\/100|[from] item: Leftovers\n|-damage|p2a: Xerneas|63\/100 tox|[from] psn\n|upkeep\n|turn|6\n|\n|t:|1698758392\n|move|p1a: Giratina|Protect|p1a: Giratina\n|-singleturn|p1a: Giratina|Protect\n|move|p2a: Xerneas|Moonblast|p1a: Giratina\n|-activate|p1a: Giratina|move: Protect\n|\n|-heal|p1a: Giratina|32\/100|[from] item: Leftovers\n|-damage|p2a: Xerneas|51\/100 tox|[from] psn\n|upkeep\n|turn|7\n|\n|t:|1698758410\n|-terastallize|p1a: Giratina|Steel\n|move|p1a: Giratina|Shadow Sneak|p2a: Xerneas\n|-damage|p2a: Xerneas|40\/100 tox\n|move|p2a: Xerneas|Moonblast|p1a: Giratina\n|-resisted|p1a: Giratina\n|-damage|p1a: Giratina|16\/100\n|-unboost|p1a: Giratina|spa|1\n|\n|-heal|p1a: Giratina|22\/100|[from] item: Leftovers\n|-damage|p2a: Xerneas|22\/100 tox|[from] psn\n|upkeep\n|turn|8\n|j| Zakyzzz\n|\n|t:|1698758423\n|switch|p2a: Rayquaza|Rayquaza|100\/100\n|-ability|p2a: Rayquaza|Air Lock\n|move|p1a: Giratina|Toxic|p2a: Rayquaza\n|-status|p2a: Rayquaza|tox\n|\n|-heal|p1a: Giratina|28\/100|[from] item: Leftovers\n|-damage|p2a: Rayquaza|95\/100 tox|[from] psn\n|upkeep\n|turn|9\n|\n|t:|1698758435\n|move|p1a: Giratina|Protect|p1a: Giratina\n|-singleturn|p1a: Giratina|Protect\n|move|p2a: Rayquaza|Earthquake|p1a: Giratina\n|-activate|p1a: Giratina|move: Protect\n|\n|-heal|p1a: Giratina|35\/100|[from] item: Leftovers\n|-damage|p2a: Rayquaza|83\/100 tox|[from] psn\n|upkeep\n|turn|10\n|\n|t:|1698758446\n|move|p1a: Giratina|Shadow Sneak|p2a: Rayquaza\n|-damage|p2a: Rayquaza|70\/100 tox\n|move|p2a: Rayquaza|Earthquake|p1a: Giratina\n|-supereffective|p1a: Giratina\n|-damage|p1a: Giratina|0 fnt\n|faint|p1a: Giratina\n|\n|-damage|p2a: Rayquaza|52\/100 tox|[from] psn\n|upkeep\n|\n|t:|1698758459\n|switch|p1a: Eternatus|Eternatus|100\/100\n|-damage|p1a: Eternatus|88\/100|[from] Stealth Rock\n|-ability|p1a: Eternatus|Pressure\n|turn|11\n|\n|t:|1698758467\n|switch|p2a: Zacian|Zacian-Crowned|100\/100\n|-ability|p2a: Zacian|Intrepid Sword|boost\n|-boost|p2a: Zacian|atk|1\n|move|p1a: Eternatus|Dynamax Cannon|p2a: Zacian\n|-immune|p2a: Zacian\n|\n|-heal|p1a: Eternatus|94\/100|[from] item: Leftovers\n|upkeep\n|turn|12\n|\n|t:|1698758477\n|switch|p2a: Rayquaza|Rayquaza|52\/100 tox\n|-ability|p2a: Rayquaza|Air Lock\n|move|p1a: Eternatus|Flamethrower|p2a: Rayquaza\n|-resisted|p2a: Rayquaza\n|-damage|p2a: Rayquaza|32\/100 tox\n|\n|-heal|p1a: Eternatus|100\/100|[from] item: Leftovers\n|-damage|p2a: Rayquaza|26\/100 tox|[from] psn\n|upkeep\n|turn|13\n|\n|t:|1698758493\n|switch|p2a: Zacian|Zacian-Crowned|100\/100\n|move|p1a: Eternatus|Toxic Spikes|p2a: Zacian\n|-sidestart|p2: 85792195wwww|move: Toxic Spikes\n|\n|upkeep\n|turn|14\n|\n|t:|1698758502\n|move|p2a: Zacian|Behemoth Blade|p1a: Eternatus\n|-damage|p1a: Eternatus|58\/100\n|move|p1a: Eternatus|Flamethrower|p2a: Zacian\n|-supereffective|p2a: Zacian\n|-damage|p2a: Zacian|30\/100\n|\n|-heal|p1a: Eternatus|65\/100|[from] item: Leftovers\n|upkeep\n|turn|15\n|\n|t:|1698758513\n|move|p2a: Zacian|Swords Dance|p2a: Zacian\n|-boost|p2a: Zacian|atk|2\n|move|p1a: Eternatus|Flamethrower|p2a: Zacian\n|-supereffective|p2a: Zacian\n|-damage|p2a: Zacian|0 fnt\n|faint|p2a: Zacian\n|\n|-heal|p1a: Eternatus|71\/100|[from] item: Leftovers\n|upkeep\n|\n|t:|1698758525\n|switch|p2a: Groudon|Groudon|100\/100\n|-status|p2a: Groudon|psn\n|detailschange|p2a: Groudon|Groudon-Primal\n|-primal|p2a: Groudon|Red Orb\n|-weather|DesolateLand|[from] ability: Desolate Land|[of] p2a: Groudon\n|turn|16\n|\n|t:|1698758532\n|move|p1a: Eternatus|Dynamax Cannon|p2a: Groudon\n|-damage|p2a: Groudon|43\/100 psn\n|move|p2a: Groudon|Precipice Blades|p1a: Eternatus\n|-supereffective|p1a: Eternatus\n|-damage|p1a: Eternatus|0 fnt\n|faint|p1a: Eternatus\n|\n|-weather|DesolateLand|[upkeep]\n|-damage|p2a: Groudon|31\/100 psn|[from] psn\n|upkeep\n|\n|t:|1698758544\n|switch|p1a: Kyogre|Kyogre, shiny|100\/100\n|-damage|p1a: Kyogre|88\/100|[from] Stealth Rock\n|detailschange|p1a: Kyogre|Kyogre-Primal, shiny\n|-primal|p1a: Kyogre|Blue Orb\n|-weather|PrimordialSea|[from] ability: Primordial Sea|[of] p1a: Kyogre\n|turn|17\n|\n|t:|1698758554\n|switch|p2a: Arceus|Arceus|100\/100\n|-status|p2a: Arceus|psn\n|move|p1a: Kyogre|Scald|p2a: Arceus\n|-damage|p2a: Arceus|43\/100 psn\n|\n|-weather|PrimordialSea|[upkeep]\n|-damage|p2a: Arceus|30\/100 psn|[from] psn\n|upkeep\n|turn|18\n|\n|t:|1698758569\n|move|p2a: Arceus|Extreme Speed|p1a: Kyogre\n|-damage|p1a: Kyogre|32\/100\n|-damage|p2a: Arceus|20\/100 psn|[from] item: Life Orb\n|move|p1a: Kyogre|Ice Beam|p2a: Arceus\n|-damage|p2a: Arceus|0 fnt\n|faint|p2a: Arceus\n|\n|-weather|PrimordialSea|[upkeep]\n|upkeep\n|l| Zakyzzz\n|\n|t:|1698758582\n|switch|p2a: Rayquaza|Rayquaza|26\/100 tox\n|-ability|p2a: Rayquaza|Air Lock\n|turn|19\n|\n|t:|1698758592\n|-weather|none\n|switch|p1a: Dondozo|Dondozo, F, shiny|100\/100\n|-damage|p1a: Dondozo|88\/100|[from] Stealth Rock\n|move|p2a: Rayquaza|Dragon Ascent|p1a: Dondozo\n|-damage|p1a: Dondozo|36\/100\n|-unboost|p2a: Rayquaza|def|1\n|-unboost|p2a: Rayquaza|spd|1\n|\n|-heal|p1a: Dondozo|42\/100|[from] item: Leftovers\n|-damage|p2a: Rayquaza|20\/100 tox|[from] psn\n|upkeep\n|turn|20\n|\n|t:|1698758606\n|move|p2a: Rayquaza|Dragon Ascent|p1a: Dondozo\n|-damage|p1a: Dondozo|0 fnt\n|-unboost|p2a: Rayquaza|def|1\n|-unboost|p2a: Rayquaza|spd|1\n|faint|p1a: Dondozo\n|\n|-damage|p2a: Rayquaza|8\/100 tox|[from] psn\n|upkeep\n|\n|t:|1698758615\n|switch|p1a: Groudon|Groudon, shiny|100\/100\n|-damage|p1a: Groudon|94\/100|[from] Stealth Rock\n|detailschange|p1a: Groudon|Groudon-Primal, shiny\n|-primal|p1a: Groudon|Red Orb\n|-weather|DesolateLand|[from] ability: Desolate Land|[of] p1a: Groudon\n|turn|21\n|\n|t:|1698758623\n|switch|p2a: Xerneas|Xerneas|22\/100 tox\n|-ability|p2a: Xerneas|Fairy Aura\n|move|p1a: Groudon|Rock Polish|p1a: Groudon\n|-boost|p1a: Groudon|spe|2\n|\n|-weather|DesolateLand|[upkeep]\n|-damage|p2a: Xerneas|16\/100 tox|[from] psn\n|upkeep\n|turn|22\n|\n|t:|1698758636\n|move|p1a: Groudon|Heat Crash|p2a: Xerneas\n|-damage|p2a: Xerneas|0 fnt\n|faint|p2a: Xerneas\n|\n|-weather|DesolateLand|[upkeep]\n|upkeep\n|\n|t:|1698758642\n|switch|p2a: Groudon|Groudon-Primal|31\/100 psn\n|turn|23\n|\n|t:|1698758646\n|move|p1a: Groudon|Earthquake|p2a: Groudon\n|-supereffective|p2a: Groudon\n|-damage|p2a: Groudon|0 fnt\n|faint|p2a: Groudon\n|\n|-weather|DesolateLand|[upkeep]\n|upkeep\n|-message|85792195wwww forfeited.\n|\n|win|arafatr871\n|raw|arafatr871's rating: 1629 &rarr; <strong>1657<\/strong><br \/>(+28 for winning)\n|raw|85792195wwww's rating: 1771 &rarr; <strong>1743<\/strong><br \/>(-28 for losing)\n|l|\u203d85792195wwww\n","uploadtime":1698758683,"views":6,"p1id":"arafatr871","p2id":"85792195wwww","formatid":"gen9nationaldexubers","rating":1657,"private":0,"password":""}