{"id":"gen9nationaldexubers-1994194797","p1":"dstacuba","p2":"MrTRB","format":"[Gen 9] National Dex Ubers","log":"|j|\u2606dstacuba\n|j|\u2606MrTRB\n|t:|1700417588\n|gametype|singles\n|player|p1|dstacuba|schoolkid-gen4|1206\n|player|p2|MrTRB|benga|1234\n|teamsize|p1|6\n|teamsize|p2|6\n|gen|9\n|tier|[Gen 9] National Dex Ubers\n|rated|\n|rule|HP Percentage Mod: HP is shown in percentages\n|rule|Endless Battle Clause: Forcing endless battles is banned\n|rule|OHKO Clause: OHKO moves are banned\n|rule|Evasion Moves Clause: Evasion moves are banned\n|rule|Evasion Items Clause: Evasion items are banned\n|rule|Species Clause: Limit one of each Pok\u00e9mon\n|rule|Sleep Clause Mod: Limit one foe put to sleep\n|rule|Mega Rayquaza Clause: You cannot mega evolve Rayquaza\n|clearpoke\n|poke|p1|Lokix, M|\n|poke|p1|Iron Valiant|\n|poke|p1|Dragapult, F|\n|poke|p1|Blaziken, F|\n|poke|p1|Jirachi|\n|poke|p1|Ogerpon-Hearthflame, F|\n|poke|p2|Gholdengo|\n|poke|p2|Garganacl, F|\n|poke|p2|Glimmora, F|\n|poke|p2|Cyclizar, M|\n|poke|p2|Dipplin, M|\n|poke|p2|Volcarona, F|\n|teampreview\n|\n|t:|1700417595\n|start\n|switch|p1a: Jirachi|Jirachi|100\/100\n|switch|p2a: Glimmora|Glimmora, F|100\/100\n|turn|1\n|\n|t:|1700417604\n|move|p1a: Jirachi|Power-Up Punch|p2a: Glimmora\n|-damage|p2a: Glimmora|89\/100\n|-boost|p1a: Jirachi|atk|1\n|-activate|p2a: Glimmora|ability: Toxic Debris\n|-sidestart|p1: dstacuba|move: Toxic Spikes\n|cant|p2a: Glimmora|flinch\n|\n|upkeep\n|turn|2\n|\n|t:|1700417622\n|move|p1a: Jirachi|Iron Head|p2a: Glimmora\n|-supereffective|p2a: Glimmora\n|-damage|p2a: Glimmora|0 fnt\n|-activate|p2a: Glimmora|ability: Toxic Debris\n|-sidestart|p1: dstacuba|move: Toxic Spikes\n|faint|p2a: Glimmora\n|\n|upkeep\n|\n|t:|1700417643\n|switch|p2a: Cyclizar|Cyclizar, M|100\/100\n|turn|3\n|\n|t:|1700417649\n|move|p2a: Cyclizar|Shed Tail|p2a: Cyclizar\n|-start|p2a: Cyclizar|Substitute|[from] move: Shed Tail\n|-damage|p2a: Cyclizar|50\/100\n|-enditem|p2a: Cyclizar|Sitrus Berry|[eat]\n|-heal|p2a: Cyclizar|75\/100|[from] item: Sitrus Berry\n|\n|t:|1700417666\n|switch|p2a: Gholdengo|Gholdengo|100\/100|[from] Shed Tail\n|move|p1a: Jirachi|Ice Punch|p2a: Gholdengo\n|-resisted|p2a: Gholdengo\n|-activate|p2a: Gholdengo|move: Substitute|[damage]\n|\n|upkeep\n|turn|4\n|\n|t:|1700417676\n|move|p1a: Jirachi|Iron Head|p2a: Gholdengo\n|-resisted|p2a: Gholdengo\n|-end|p2a: Gholdengo|Substitute\n|move|p2a: Gholdengo|Nasty Plot|p2a: Gholdengo\n|-boost|p2a: Gholdengo|spa|2\n|\n|upkeep\n|turn|5\n|\n|t:|1700417684\n|move|p1a: Jirachi|Iron Head|p2a: Gholdengo\n|-resisted|p2a: Gholdengo\n|-damage|p2a: Gholdengo|77\/100\n|move|p2a: Gholdengo|Shadow Ball|p1a: Jirachi\n|-supereffective|p1a: Jirachi\n|-damage|p1a: Jirachi|0 fnt\n|faint|p1a: Jirachi\n|\n|upkeep\n|\n|t:|1700417696\n|switch|p1a: Blaziken|Blaziken, F|100\/100\n|-status|p1a: Blaziken|tox\n|turn|6\n|\n|t:|1700417705\n|detailschange|p1a: Blaziken|Blaziken-Mega, F\n|-mega|p1a: Blaziken|Blaziken|Blazikenite\n|move|p1a: Blaziken|Protect|p1a: Blaziken\n|-singleturn|p1a: Blaziken|Protect\n|move|p2a: Gholdengo|Shadow Ball|p1a: Blaziken\n|-activate|p1a: Blaziken|move: Protect\n|\n|-damage|p1a: Blaziken|95\/100 tox|[from] psn\n|-ability|p1a: Blaziken|Speed Boost|boost\n|-boost|p1a: Blaziken|spe|1\n|upkeep\n|turn|7\n|\n|t:|1700417719\n|move|p1a: Blaziken|Blaze Kick|p2a: Gholdengo\n|-supereffective|p2a: Gholdengo\n|-damage|p2a: Gholdengo|0 fnt\n|faint|p2a: Gholdengo\n|\n|-damage|p1a: Blaziken|83\/100 tox|[from] psn\n|-ability|p1a: Blaziken|Speed Boost|boost\n|-boost|p1a: Blaziken|spe|1\n|upkeep\n|\n|t:|1700417729\n|switch|p2a: Dipplin|Dipplin, M|100\/100\n|turn|8\n|\n|t:|1700417737\n|move|p1a: Blaziken|Blaze Kick|p2a: Dipplin\n|-damage|p2a: Dipplin|78\/100\n|move|p2a: Dipplin|Dragon Pulse|p1a: Blaziken\n|-damage|p1a: Blaziken|46\/100 tox\n|\n|-damage|p1a: Blaziken|28\/100 tox|[from] psn\n|-ability|p1a: Blaziken|Speed Boost|boost\n|-boost|p1a: Blaziken|spe|1\n|upkeep\n|turn|9\n|\n|t:|1700417750\n|move|p1a: Blaziken|Blaze Kick|p2a: Dipplin\n|-damage|p2a: Dipplin|54\/100\n|move|p2a: Dipplin|Substitute|p2a: Dipplin\n|-start|p2a: Dipplin|Substitute\n|-damage|p2a: Dipplin|29\/100\n|\n|-damage|p1a: Blaziken|4\/100 tox|[from] psn\n|-ability|p1a: Blaziken|Speed Boost|boost\n|-boost|p1a: Blaziken|spe|1\n|upkeep\n|turn|10\n|\n|t:|1700417762\n|move|p1a: Blaziken|Blaze Kick|p2a: Dipplin\n|-activate|p2a: Dipplin|move: Substitute|[damage]\n|move|p2a: Dipplin|Recover|p2a: Dipplin\n|-heal|p2a: Dipplin|79\/100\n|\n|-damage|p1a: Blaziken|0 fnt|[from] psn\n|faint|p1a: Blaziken\n|upkeep\n|\n|t:|1700417771\n|switch|p1a: Dragapult|Dragapult, F|100\/100\n|-status|p1a: Dragapult|tox\n|turn|11\n|\n|t:|1700417779\n|move|p1a: Dragapult|Dragon Darts|p2a: Dipplin\n|-supereffective|p2a: Dipplin\n|-damage|p2a: Dipplin|46\/100\n|-anim|p1a: Dragapult|Dragon Darts|p2a: Dipplin\n|-supereffective|p2a: Dipplin\n|-damage|p2a: Dipplin|14\/100\n|-damage|p1a: Dragapult|91\/100 tox|[from] item: Life Orb\n|move|p2a: Dipplin|Dragon Pulse|p1a: Dragapult\n|-supereffective|p1a: Dragapult\n|-damage|p1a: Dragapult|20\/100 tox\n|\n|-damage|p1a: Dragapult|14\/100 tox|[from] psn\n|upkeep\n|turn|12\n|\n|t:|1700417793\n|move|p1a: Dragapult|Dragon Darts|p2a: Dipplin\n|-supereffective|p2a: Dipplin\n|-damage|p2a: Dipplin|0 fnt\n|faint|p2a: Dipplin\n|-damage|p1a: Dragapult|5\/100 tox|[from] item: Life Orb\n|\n|-damage|p1a: Dragapult|0 fnt|[from] psn\n|faint|p1a: Dragapult\n|upkeep\n|\n|t:|1700417813\n|switch|p1a: Lokix|Lokix, M|100\/100\n|switch|p2a: Volcarona|Volcarona, F|100\/100\n|-status|p1a: Lokix|tox\n|turn|13\n|\n|t:|1700417822\n|move|p1a: Lokix|First Impression|p2a: Volcarona\n|-resisted|p2a: Volcarona\n|-damage|p2a: Volcarona|16\/100\n|-damage|p1a: Lokix|91\/100 tox|[from] item: Life Orb\n|move|p2a: Volcarona|Quiver Dance|p2a: Volcarona\n|-boost|p2a: Volcarona|spa|1\n|-boost|p2a: Volcarona|spd|1\n|-boost|p2a: Volcarona|spe|1\n|\n|-damage|p1a: Lokix|85\/100 tox|[from] psn\n|upkeep\n|turn|14\n|\n|t:|1700417842\n|move|p1a: Lokix|Sucker Punch|p2a: Volcarona\n|-damage|p2a: Volcarona|0 fnt\n|faint|p2a: Volcarona\n|-damage|p1a: Lokix|75\/100 tox|[from] item: Life Orb\n|\n|-damage|p1a: Lokix|63\/100 tox|[from] psn\n|upkeep\n|\n|t:|1700417846\n|switch|p2a: Garganacl|Garganacl, F|100\/100\n|turn|15\n|\n|t:|1700417855\n|move|p1a: Lokix|Low Kick|p2a: Garganacl\n|-supereffective|p2a: Garganacl\n|-damage|p2a: Garganacl|34\/100\n|-damage|p1a: Lokix|53\/100 tox|[from] item: Life Orb\n|move|p2a: Garganacl|Iron Defense|p2a: Garganacl\n|-boost|p2a: Garganacl|def|2\n|\n|-heal|p2a: Garganacl|40\/100|[from] item: Leftovers\n|-damage|p1a: Lokix|35\/100 tox|[from] psn\n|upkeep\n|turn|16\n|\n|t:|1700417872\n|-terastallize|p2a: Garganacl|Water\n|move|p1a: Lokix|Low Kick|p2a: Garganacl\n|-damage|p2a: Garganacl|24\/100\n|-damage|p1a: Lokix|25\/100 tox|[from] item: Life Orb\n|move|p2a: Garganacl|Recover|p2a: Garganacl\n|-heal|p2a: Garganacl|74\/100\n|\n|-heal|p2a: Garganacl|80\/100|[from] item: Leftovers\n|-damage|p1a: Lokix|1\/100 tox|[from] psn\n|upkeep\n|turn|17\n|\n|t:|1700417886\n|move|p1a: Lokix|Low Kick|p2a: Garganacl\n|-damage|p2a: Garganacl|62\/100\n|-damage|p1a: Lokix|0 fnt|[from] item: Life Orb\n|faint|p1a: Lokix\n|move|p2a: Garganacl|Iron Defense|p2a: Garganacl\n|-boost|p2a: Garganacl|def|2\n|\n|-heal|p2a: Garganacl|68\/100|[from] item: Leftovers\n|upkeep\n|\n|t:|1700417895\n|switch|p1a: Ogerpon|Ogerpon-Hearthflame, F|100\/100\n|-status|p1a: Ogerpon|tox\n|-ability|p1a: Ogerpon|Mold Breaker\n|turn|18\n|\n|t:|1700417904\n|move|p1a: Ogerpon|Horn Leech|p2a: Garganacl\n|-supereffective|p2a: Garganacl\n|-damage|p2a: Garganacl|48\/100\n|move|p2a: Garganacl|Body Press|p1a: Ogerpon\n|-damage|p1a: Ogerpon|11\/100 tox\n|\n|-heal|p2a: Garganacl|54\/100|[from] item: Leftovers\n|-damage|p1a: Ogerpon|5\/100 tox|[from] psn\n|upkeep\n|turn|19\n|\n|t:|1700417918\n|-terastallize|p1a: Ogerpon|Fire\n|detailschange|p1a: Ogerpon|Ogerpon-Hearthflame-Tera, F, tera:Fire\n|-ability|p1a: Ogerpon|Embody Aspect (Hearthflame)|boost\n|-boost|p1a: Ogerpon|atk|1\n|move|p1a: Ogerpon|Horn Leech|p2a: Garganacl\n|-supereffective|p2a: Garganacl\n|-damage|p2a: Garganacl|21\/100\n|-heal|p1a: Ogerpon|27\/100 tox|[from] drain|[of] p2a: Garganacl\n|move|p2a: Garganacl|Recover|p2a: Garganacl\n|-heal|p2a: Garganacl|71\/100\n|\n|-heal|p2a: Garganacl|77\/100|[from] item: Leftovers\n|-damage|p1a: Ogerpon|15\/100 tox|[from] psn\n|upkeep\n|turn|20\n|\n|t:|1700417935\n|move|p1a: Ogerpon|Horn Leech|p2a: Garganacl\n|-supereffective|p2a: Garganacl\n|-damage|p2a: Garganacl|47\/100\n|-heal|p1a: Ogerpon|35\/100 tox|[from] drain|[of] p2a: Garganacl\n|move|p2a: Garganacl|Iron Defense|p2a: Garganacl\n|-boost|p2a: Garganacl|def|2\n|\n|-heal|p2a: Garganacl|53\/100|[from] item: Leftovers\n|-damage|p1a: Ogerpon|17\/100 tox|[from] psn\n|upkeep\n|turn|21\n|\n|t:|1700417948\n|move|p1a: Ogerpon|Horn Leech|p2a: Garganacl\n|-supereffective|p2a: Garganacl\n|-damage|p2a: Garganacl|29\/100\n|-heal|p1a: Ogerpon|33\/100 tox|[from] drain|[of] p2a: Garganacl\n|move|p2a: Garganacl|Recover|p2a: Garganacl\n|-heal|p2a: Garganacl|79\/100\n|\n|-heal|p2a: Garganacl|86\/100|[from] item: Leftovers\n|-damage|p1a: Ogerpon|9\/100 tox|[from] psn\n|upkeep\n|turn|22\n|\n|t:|1700417960\n|move|p1a: Ogerpon|Horn Leech|p2a: Garganacl\n|-supereffective|p2a: Garganacl\n|-damage|p2a: Garganacl|62\/100\n|-heal|p1a: Ogerpon|25\/100 tox|[from] drain|[of] p2a: Garganacl\n|move|p2a: Garganacl|Recover|p2a: Garganacl\n|-heal|p2a: Garganacl|100\/100\n|\n|-damage|p1a: Ogerpon|0 fnt|[from] psn\n|faint|p1a: Ogerpon\n|upkeep\n|\n|t:|1700417973\n|switch|p1a: Iron Valiant|Iron Valiant|100\/100\n|-status|p1a: Iron Valiant|tox\n|turn|23\n|\n|t:|1700417979\n|-zpower|p1a: Iron Valiant\n|move|p1a: Iron Valiant|Z-Hypnosis|p2a: Garganacl|[anim]Hypnosis|[miss]\n|-boost|p1a: Iron Valiant|spe|1|[zeffect]\n|-miss|p1a: Iron Valiant|p2a: Garganacl\n|move|p2a: Garganacl|Body Press|p1a: Iron Valiant\n|-resisted|p1a: Iron Valiant\n|-damage|p1a: Iron Valiant|36\/100 tox\n|\n|-damage|p1a: Iron Valiant|30\/100 tox|[from] psn\n|upkeep\n|turn|24\n|c|\u2606MrTRB|A z move missing\n|c|\u2606MrTRB|Huh\n|\n|t:|1700418014\n|move|p1a: Iron Valiant|Hypnosis|p2a: Garganacl|[miss]\n|-miss|p1a: Iron Valiant|p2a: Garganacl\n|move|p2a: Garganacl|Body Press|p1a: Iron Valiant\n|-resisted|p1a: Iron Valiant\n|-damage|p1a: Iron Valiant|0 fnt\n|faint|p1a: Iron Valiant\n|-end|p1a: Iron Valiant|Quark Drive|[silent]\n|\n|win|MrTRB\n|raw|dstacuba's rating: 1206 &rarr; <strong>1183<\/strong><br \/>(-23 for losing)\n|raw|MrTRB's rating: 1234 &rarr; <strong>1257<\/strong><br \/>(+23 for winning)\n|l|\u2606dstacuba\n","uploadtime":1700418027,"views":3,"p1id":"dstacuba","p2id":"mrtrb","formatid":"gen9nationaldexubers","rating":1183,"private":0,"password":""}