{"id":"gen9nationaldexubers-1980560878","p1":"pkrokune","p2":"pandigaymer","format":"[Gen 9] National Dex Ubers","log":"|j|\u2606pkrokune\n|j|\u2606pandigaymer\n|t:|1698797476\n|gametype|singles\n|player|p1|pkrokune|alec-anime|1367\n|player|p2|pandigaymer|101|1405\n|teamsize|p1|6\n|teamsize|p2|6\n|gen|9\n|tier|[Gen 9] National Dex Ubers\n|rated|\n|rule|HP Percentage Mod: HP is shown in percentages\n|rule|Endless Battle Clause: Forcing endless battles is banned\n|rule|OHKO Clause: OHKO moves are banned\n|rule|Evasion Moves Clause: Evasion moves are banned\n|rule|Evasion Items Clause: Evasion items are banned\n|rule|Species Clause: Limit one of each Pok\u00e9mon\n|rule|Sleep Clause Mod: Limit one foe put to sleep\n|rule|Mega Rayquaza Clause: You cannot mega evolve Rayquaza\n|clearpoke\n|poke|p1|Xerneas-*|\n|poke|p1|Yveltal|\n|poke|p1|Ho-Oh|\n|poke|p1|Groudon|\n|poke|p1|Kangaskhan, F|\n|poke|p1|Basculegion, M|\n|poke|p2|Kyogre|\n|poke|p2|Dracovish|\n|poke|p2|Zacian-*|\n|poke|p2|Necrozma-Dawn-Wings|\n|poke|p2|Basculegion, M|\n|poke|p2|Lucario, M|\n|teampreview\n|inactive|Battle timer is ON: inactive players will automatically lose when time's up. (requested by pkrokune)\n|\n|t:|1698797486\n|start\n|switch|p1a: Basculegion|Basculegion, M, shiny|100\/100\n|switch|p2a: Kyogre|Kyogre|100\/100\n|detailschange|p2a: Kyogre|Kyogre-Primal\n|-primal|p2a: Kyogre|Blue Orb\n|-weather|PrimordialSea|[from] ability: Primordial Sea|[of] p2a: Kyogre\n|turn|1\n|\n|t:|1698797495\n|move|p1a: Basculegion|Flip Turn|p2a: Kyogre\n|-resisted|p2a: Kyogre\n|-damage|p2a: Kyogre|74\/100\n|\n|t:|1698797500\n|switch|p1a: Groudon|Groudon, shiny|100\/100|[from] Flip Turn\n|detailschange|p1a: Groudon|Groudon-Primal, shiny\n|-primal|p1a: Groudon|Red Orb\n|-weather|DesolateLand|[from] ability: Desolate Land|[of] p1a: Groudon\n|move|p2a: Kyogre|Ice Beam|p1a: Groudon\n|-damage|p1a: Groudon|51\/100\n|\n|-weather|DesolateLand|[upkeep]\n|upkeep\n|turn|2\n|\n|t:|1698797512\n|move|p1a: Groudon|Precipice Blades|p2a: Kyogre\n|-damage|p2a: Kyogre|0 fnt\n|faint|p2a: Kyogre\n|\n|-weather|DesolateLand|[upkeep]\n|upkeep\n|\n|t:|1698797520\n|switch|p2a: Necrozma|Necrozma-Dawn-Wings|100\/100\n|turn|3\n|\n|t:|1698797531\n|-weather|none\n|switch|p1a: Yveltal|Yveltal, shiny|100\/100\n|-ability|p1a: Yveltal|Dark Aura\n|detailschange|p2a: Necrozma|Necrozma-Ultra\n|-burst|p2a: Necrozma|Necrozma|Ultranecrozium Z\n|move|p2a: Necrozma|Dragon Dance|p2a: Necrozma\n|-boost|p2a: Necrozma|atk|1\n|-boost|p2a: Necrozma|spe|1\n|\n|upkeep\n|turn|4\n|\n|t:|1698797542\n|-terastallize|p1a: Yveltal|Dark\n|move|p1a: Yveltal|Sucker Punch|p2a: Necrozma\n|-supereffective|p2a: Necrozma\n|-damage|p2a: Necrozma|0 fnt\n|faint|p2a: Necrozma\n|\n|upkeep\n|\n|t:|1698797553\n|switch|p2a: Zacian|Zacian-Crowned|100\/100\n|-ability|p2a: Zacian|Intrepid Sword|boost\n|-boost|p2a: Zacian|atk|1\n|turn|5\n|\n|t:|1698797558\n|switch|p1a: Ho-Oh|Ho-Oh|100\/100\n|move|p2a: Zacian|Trailblaze|p1a: Ho-Oh\n|-resisted|p1a: Ho-Oh\n|-damage|p1a: Ho-Oh|96\/100\n|-boost|p2a: Zacian|spe|1\n|\n|upkeep\n|turn|6\n|\n|t:|1698797566\n|-terastallize|p2a: Zacian|Fire\n|move|p2a: Zacian|Play Rough|p1a: Ho-Oh\n|-resisted|p1a: Ho-Oh\n|-damage|p1a: Ho-Oh|73\/100\n|move|p1a: Ho-Oh|Sacred Fire|p2a: Zacian\n|-resisted|p2a: Zacian\n|-damage|p2a: Zacian|81\/100\n|\n|upkeep\n|turn|7\n|\n|t:|1698797575\n|move|p2a: Zacian|Play Rough|p1a: Ho-Oh\n|-resisted|p1a: Ho-Oh\n|-damage|p1a: Ho-Oh|47\/100\n|move|p1a: Ho-Oh|Toxic|p2a: Zacian\n|-status|p2a: Zacian|tox\n|\n|-damage|p2a: Zacian|75\/100 tox|[from] psn\n|upkeep\n|turn|8\n|\n|t:|1698797583\n|move|p2a: Zacian|Play Rough|p1a: Ho-Oh\n|-resisted|p1a: Ho-Oh\n|-damage|p1a: Ho-Oh|21\/100\n|-unboost|p1a: Ho-Oh|atk|1\n|move|p1a: Ho-Oh|Roost|p1a: Ho-Oh\n|-heal|p1a: Ho-Oh|71\/100\n|-singleturn|p1a: Ho-Oh|move: Roost\n|\n|-damage|p2a: Zacian|63\/100 tox|[from] psn\n|upkeep\n|turn|9\n|\n|t:|1698797593\n|move|p2a: Zacian|Play Rough|p1a: Ho-Oh\n|-resisted|p1a: Ho-Oh\n|-damage|p1a: Ho-Oh|48\/100\n|move|p1a: Ho-Oh|Roost|p1a: Ho-Oh\n|-heal|p1a: Ho-Oh|98\/100\n|-singleturn|p1a: Ho-Oh|move: Roost\n|\n|-damage|p2a: Zacian|44\/100 tox|[from] psn\n|upkeep\n|turn|10\n|\n|t:|1698797602\n|move|p2a: Zacian|Play Rough|p1a: Ho-Oh\n|-resisted|p1a: Ho-Oh\n|-damage|p1a: Ho-Oh|72\/100\n|move|p1a: Ho-Oh|Sacred Fire|p2a: Zacian\n|-resisted|p2a: Zacian\n|-damage|p2a: Zacian|31\/100 tox\n|\n|-damage|p2a: Zacian|6\/100 tox|[from] psn\n|upkeep\n|turn|11\n|\n|t:|1698797611\n|move|p2a: Zacian|Play Rough|p1a: Ho-Oh\n|-resisted|p1a: Ho-Oh\n|-damage|p1a: Ho-Oh|48\/100\n|move|p1a: Ho-Oh|Roost|p1a: Ho-Oh\n|-heal|p1a: Ho-Oh|98\/100\n|-singleturn|p1a: Ho-Oh|move: Roost\n|\n|-damage|p2a: Zacian|0 fnt|[from] psn\n|faint|p2a: Zacian\n|upkeep\n|\n|t:|1698797621\n|switch|p2a: Basculegion|Basculegion, M|100\/100\n|turn|12\n|\n|t:|1698797628\n|switch|p1a: Groudon|Groudon-Primal, shiny|51\/100\n|-weather|DesolateLand|[from] ability: Desolate Land|[of] p1a: Groudon\n|move|p2a: Basculegion|Flip Turn||[still]\n|-fail|p2a: Basculegion|Flip Turn|[from] Desolate Land\n|\n|-weather|DesolateLand|[upkeep]\n|upkeep\n|turn|13\n|\n|t:|1698797636\n|switch|p2a: Lucario|Lucario, M|100\/100\n|move|p1a: Groudon|Precipice Blades|p2a: Lucario\n|-supereffective|p2a: Lucario\n|-damage|p2a: Lucario|0 fnt\n|faint|p2a: Lucario\n|\n|-weather|DesolateLand|[upkeep]\n|upkeep\n|\n|t:|1698797644\n|switch|p2a: Basculegion|Basculegion, M|100\/100\n|turn|14\n|\n|t:|1698797648\n|-weather|none\n|switch|p1a: Kangaskhan|Kangaskhan, F, shiny|100\/100\n|move|p2a: Basculegion|Last Respects|p1a: Kangaskhan\n|-immune|p1a: Kangaskhan\n|\n|upkeep\n|turn|15\n|\n|t:|1698797654\n|switch|p2a: Dracovish|Dracovish|100\/100\n|detailschange|p1a: Kangaskhan|Kangaskhan-Mega, F, shiny\n|-mega|p1a: Kangaskhan|Kangaskhan|Kangaskhanite\n|move|p1a: Kangaskhan|Sucker Punch||[still]\n|-fail|p1a: Kangaskhan\n|\n|upkeep\n|turn|16\n|\n|t:|1698797661\n|switch|p1a: Groudon|Groudon-Primal, shiny|51\/100\n|-weather|DesolateLand|[from] ability: Desolate Land|[of] p1a: Groudon\n|move|p2a: Dracovish|Fishious Rend||[still]\n|-fail|p2a: Dracovish|Fishious Rend|[from] Desolate Land\n|\n|-weather|DesolateLand|[upkeep]\n|upkeep\n|turn|17\n|-message|pandigaymer forfeited.\n|\n|win|pkrokune\n|raw|pkrokune's rating: 1367 &rarr; <strong>1389<\/strong><br \/>(+22 for winning)\n|raw|pandigaymer's rating: 1405 &rarr; <strong>1383<\/strong><br \/>(-22 for losing)\n","uploadtime":1698797672,"views":4,"p1id":"pkrokune","p2id":"pandigaymer","formatid":"gen9nationaldexubers","rating":1383,"private":0,"password":""}