{"id":"gen9nationaldexubers-1983745790","p1":"Malice Incarnate","p2":"Kapoora","format":"[Gen 9] National Dex Ubers","log":"|j|\u2606Malice Incarnate\n|j|\u2606Kapoora\n|t:|1699172321\n|gametype|singles\n|player|p1|Malice Incarnate|palmer|1594\n|player|p2|Kapoora|steven|1606\n|teamsize|p1|6\n|teamsize|p2|6\n|gen|9\n|tier|[Gen 9] National Dex Ubers\n|rated|\n|rule|HP Percentage Mod: HP is shown in percentages\n|rule|Endless Battle Clause: Forcing endless battles is banned\n|rule|OHKO Clause: OHKO moves are banned\n|rule|Evasion Moves Clause: Evasion moves are banned\n|rule|Evasion Items Clause: Evasion items are banned\n|rule|Species Clause: Limit one of each Pok\u00e9mon\n|rule|Sleep Clause Mod: Limit one foe put to sleep\n|rule|Mega Rayquaza Clause: You cannot mega evolve Rayquaza\n|clearpoke\n|poke|p1|Necrozma-Dusk-Mane|\n|poke|p1|Salamence, F|\n|poke|p1|Groudon|\n|poke|p1|Yveltal|\n|poke|p1|Xerneas-*|\n|poke|p1|Marshadow|\n|poke|p2|Groudon|\n|poke|p2|Ho-Oh|\n|poke|p2|Arceus-Ground|\n|poke|p2|Yveltal|\n|poke|p2|Zygarde|\n|poke|p2|Necrozma-Dusk-Mane|\n|teampreview\n|inactive|Battle timer is ON: inactive players will automatically lose when time's up. (requested by Malice Incarnate)\n|\n|t:|1699172328\n|start\n|switch|p1a: Marshadow|Marshadow|100\/100\n|switch|p2a: Yveltal|Yveltal|100\/100\n|-ability|p2a: Yveltal|Dark Aura\n|turn|1\n|\n|t:|1699172335\n|switch|p1a: Salamence|Salamence, F|100\/100\n|-ability|p1a: Salamence|Intimidate|boost\n|-unboost|p2a: Yveltal|atk|1\n|switch|p2a: Zygarde|Zygarde|100\/100\n|\n|upkeep\n|turn|2\n|\n|t:|1699172344\n|switch|p1a: Xerneas|Xerneas|100\/100\n|-ability|p1a: Xerneas|Fairy Aura\n|move|p2a: Zygarde|Coil|p2a: Zygarde\n|-boost|p2a: Zygarde|atk|1\n|-boost|p2a: Zygarde|def|1\n|-boost|p2a: Zygarde|accuracy|1\n|\n|upkeep\n|turn|3\n|\n|t:|1699172347\n|switch|p2a: Ho-Oh|Ho-Oh|100\/100\n|move|p1a: Xerneas|Moonblast|p2a: Ho-Oh\n|-resisted|p2a: Ho-Oh\n|-damage|p2a: Ho-Oh|79\/100\n|\n|upkeep\n|turn|4\n|\n|t:|1699172351\n|move|p1a: Xerneas|Hidden Power|p2a: Ho-Oh\n|-supereffective|p2a: Ho-Oh\n|-damage|p2a: Ho-Oh|24\/100\n|move|p2a: Ho-Oh|Toxic|p1a: Xerneas\n|-status|p1a: Xerneas|tox\n|\n|-damage|p1a: Xerneas|94\/100 tox|[from] psn\n|upkeep\n|turn|5\n|\n|t:|1699172356\n|switch|p2a: Groudon|Groudon|100\/100\n|detailschange|p2a: Groudon|Groudon-Primal\n|-primal|p2a: Groudon|Red Orb\n|-weather|DesolateLand|[from] ability: Desolate Land|[of] p2a: Groudon\n|move|p1a: Xerneas|Hidden Power|p2a: Groudon\n|-damage|p2a: Groudon|83\/100\n|\n|-weather|DesolateLand|[upkeep]\n|-damage|p1a: Xerneas|82\/100 tox|[from] psn\n|upkeep\n|turn|6\n|\n|t:|1699172363\n|switch|p1a: Salamence|Salamence, F|100\/100\n|-ability|p1a: Salamence|Intimidate|boost\n|-unboost|p2a: Groudon|atk|1\n|move|p2a: Groudon|Stealth Rock|p1a: Salamence\n|-sidestart|p1: Malice Incarnate|move: Stealth Rock\n|\n|-weather|DesolateLand|[upkeep]\n|upkeep\n|turn|7\n|\n|t:|1699172370\n|detailschange|p1a: Salamence|Salamence-Mega, F\n|-mega|p1a: Salamence|Salamence|Salamencite\n|move|p1a: Salamence|Dragon Dance|p1a: Salamence\n|-boost|p1a: Salamence|atk|1\n|-boost|p1a: Salamence|spe|1\n|move|p2a: Groudon|Rock Tomb|p1a: Salamence\n|-supereffective|p1a: Salamence\n|-damage|p1a: Salamence|75\/100\n|-unboost|p1a: Salamence|spe|1\n|\n|-weather|DesolateLand|[upkeep]\n|upkeep\n|turn|8\n|\n|t:|1699172376\n|move|p1a: Salamence|Roost|p1a: Salamence\n|-heal|p1a: Salamence|100\/100\n|-singleturn|p1a: Salamence|move: Roost\n|move|p2a: Groudon|Rock Tomb|p1a: Salamence\n|-damage|p1a: Salamence|88\/100\n|-unboost|p1a: Salamence|spe|1\n|\n|-weather|DesolateLand|[upkeep]\n|upkeep\n|turn|9\n|\n|t:|1699172382\n|move|p1a: Salamence|Frustration|p2a: Groudon\n|-damage|p2a: Groudon|19\/100\n|move|p2a: Groudon|Rock Tomb|p1a: Salamence\n|-supereffective|p1a: Salamence\n|-damage|p1a: Salamence|64\/100\n|-unboost|p1a: Salamence|spe|1\n|\n|-weather|DesolateLand|[upkeep]\n|upkeep\n|turn|10\n|\n|t:|1699172390\n|move|p2a: Groudon|Rock Tomb|p1a: Salamence\n|-supereffective|p1a: Salamence\n|-damage|p1a: Salamence|38\/100\n|-unboost|p1a: Salamence|spe|1\n|move|p1a: Salamence|Roost|p1a: Salamence\n|-heal|p1a: Salamence|88\/100\n|-singleturn|p1a: Salamence|move: Roost\n|\n|-weather|DesolateLand|[upkeep]\n|upkeep\n|turn|11\n|\n|t:|1699172393\n|move|p2a: Groudon|Rock Tomb|p1a: Salamence|[miss]\n|-miss|p2a: Groudon|p1a: Salamence\n|move|p1a: Salamence|Frustration|p2a: Groudon\n|-damage|p2a: Groudon|0 fnt\n|faint|p2a: Groudon\n|-weather|none\n|\n|upkeep\n|\n|t:|1699172395\n|switch|p2a: Yveltal|Yveltal|100\/100\n|-ability|p2a: Yveltal|Dark Aura\n|turn|12\n|\n|t:|1699172403\n|switch|p1a: Groudon|Groudon|100\/100\n|-damage|p1a: Groudon|94\/100|[from] Stealth Rock\n|detailschange|p1a: Groudon|Groudon-Primal\n|-primal|p1a: Groudon|Red Orb\n|-weather|DesolateLand|[from] ability: Desolate Land|[of] p1a: Groudon\n|move|p2a: Yveltal|Foul Play|p1a: Groudon\n|-damage|p1a: Groudon|35\/100\n|\n|-weather|DesolateLand|[upkeep]\n|upkeep\n|turn|13\n|\n|t:|1699172408\n|move|p2a: Yveltal|Foul Play|p1a: Groudon\n|-damage|p1a: Groudon|0 fnt\n|faint|p1a: Groudon\n|-weather|none\n|\n|upkeep\n|\n|t:|1699172415\n|switch|p1a: Salamence|Salamence-Mega, F|88\/100\n|-damage|p1a: Salamence|63\/100|[from] Stealth Rock\n|turn|14\n|\n|t:|1699172420\n|move|p1a: Salamence|Frustration|p2a: Yveltal\n|-damage|p2a: Yveltal|50\/100\n|move|p2a: Yveltal|Foul Play|p1a: Salamence\n|-damage|p1a: Salamence|0 fnt\n|faint|p1a: Salamence\n|\n|upkeep\n|\n|t:|1699172424\n|switch|p1a: Xerneas|Xerneas|82\/100 tox\n|-damage|p1a: Xerneas|70\/100 tox|[from] Stealth Rock\n|-ability|p1a: Xerneas|Fairy Aura\n|turn|15\n|\n|t:|1699172427\n|move|p2a: Yveltal|Knock Off|p1a: Xerneas\n|-resisted|p1a: Xerneas\n|-damage|p1a: Xerneas|47\/100 tox\n|-enditem|p1a: Xerneas|Power Herb|[from] move: Knock Off|[of] p2a: Yveltal\n|move|p1a: Xerneas|Geomancy||[still]\n|-prepare|p1a: Xerneas|Geomancy\n|\n|-damage|p1a: Xerneas|41\/100 tox|[from] psn\n|upkeep\n|turn|16\n|\n|t:|1699172439\n|move|p2a: Yveltal|Roost|p2a: Yveltal\n|-heal|p2a: Yveltal|99\/100\n|-singleturn|p2a: Yveltal|move: Roost\n|move|p1a: Xerneas|Geomancy|p1a: Xerneas|[from]lockedmove\n|-boost|p1a: Xerneas|spa|2\n|-boost|p1a: Xerneas|spd|2\n|-boost|p1a: Xerneas|spe|2\n|\n|-damage|p1a: Xerneas|29\/100 tox|[from] psn\n|upkeep\n|turn|17\n|\n|t:|1699172448\n|switch|p2a: Necrozma|Necrozma-Dusk-Mane|100\/100\n|move|p1a: Xerneas|Moonblast|p2a: Necrozma\n|-resisted|p2a: Necrozma\n|-damage|p2a: Necrozma|32\/100\n|\n|-damage|p1a: Xerneas|10\/100 tox|[from] psn\n|upkeep\n|turn|18\n|\n|t:|1699172458\n|move|p1a: Xerneas|Moonblast|p2a: Necrozma\n|-resisted|p2a: Necrozma\n|-damage|p2a: Necrozma|0 fnt\n|faint|p2a: Necrozma\n|\n|-damage|p1a: Xerneas|0 fnt|[from] psn\n|faint|p1a: Xerneas\n|upkeep\n|\n|t:|1699172472\n|switch|p1a: Marshadow|Marshadow|100\/100\n|switch|p2a: Yveltal|Yveltal|99\/100\n|-damage|p1a: Marshadow|94\/100|[from] Stealth Rock\n|-ability|p2a: Yveltal|Dark Aura\n|turn|19\n|\n|t:|1699172482\n|move|p1a: Marshadow|Low Kick|p2a: Yveltal\n|-damage|p2a: Yveltal|38\/100\n|move|p2a: Yveltal|Foul Play|p1a: Marshadow\n|-damage|p1a: Marshadow|15\/100\n|\n|upkeep\n|turn|20\n|\n|t:|1699172488\n|switch|p2a: Ho-Oh|Ho-Oh|57\/100\n|move|p1a: Marshadow|Low Kick|p2a: Ho-Oh\n|-resisted|p2a: Ho-Oh\n|-damage|p2a: Ho-Oh|32\/100\n|\n|upkeep\n|turn|21\n|\n|t:|1699172494\n|switch|p1a: Yveltal|Yveltal|100\/100\n|-damage|p1a: Yveltal|76\/100|[from] Stealth Rock\n|-ability|p1a: Yveltal|Dark Aura\n|move|p2a: Ho-Oh|Sacred Fire|p1a: Yveltal\n|-damage|p1a: Yveltal|35\/100\n|-status|p1a: Yveltal|brn\n|\n|-damage|p1a: Yveltal|29\/100 brn|[from] brn\n|upkeep\n|turn|22\n|\n|t:|1699172501\n|move|p1a: Yveltal|Dark Pulse|p2a: Ho-Oh\n|-damage|p2a: Ho-Oh|0 fnt\n|faint|p2a: Ho-Oh\n|-damage|p1a: Yveltal|19\/100 brn|[from] item: Life Orb\n|\n|-damage|p1a: Yveltal|13\/100 brn|[from] brn\n|upkeep\n|\n|t:|1699172505\n|switch|p2a: Arceus|Arceus-Ground|100\/100\n|turn|23\n|\n|t:|1699172509\n|move|p2a: Arceus|Dragon Dance|p2a: Arceus\n|-boost|p2a: Arceus|atk|1\n|-boost|p2a: Arceus|spe|1\n|move|p1a: Yveltal|Oblivion Wing|p2a: Arceus\n|-damage|p2a: Arceus|56\/100\n|-heal|p1a: Yveltal|45\/100 brn|[from] drain|[of] p2a: Arceus\n|-damage|p1a: Yveltal|35\/100 brn|[from] item: Life Orb\n|\n|-damage|p1a: Yveltal|29\/100 brn|[from] brn\n|upkeep\n|turn|24\n|\n|t:|1699172514\n|move|p2a: Arceus|Recover|p2a: Arceus\n|-heal|p2a: Arceus|100\/100\n|move|p1a: Yveltal|Dark Pulse|p2a: Arceus\n|-damage|p2a: Arceus|35\/100\n|-damage|p1a: Yveltal|19\/100 brn|[from] item: Life Orb\n|\n|-damage|p1a: Yveltal|13\/100 brn|[from] brn\n|upkeep\n|turn|25\n|\n|t:|1699172518\n|move|p2a: Arceus|Stone Edge|p1a: Yveltal\n|-supereffective|p1a: Yveltal\n|-damage|p1a: Yveltal|0 fnt\n|faint|p1a: Yveltal\n|\n|upkeep\n|\n|t:|1699172522\n|switch|p1a: Marshadow|Marshadow|15\/100\n|-damage|p1a: Marshadow|9\/100|[from] Stealth Rock\n|turn|26\n|\n|t:|1699172531\n|-terastallize|p1a: Marshadow|Ghost\n|move|p1a: Marshadow|Shadow Sneak|p2a: Arceus\n|-damage|p2a: Arceus|0 fnt\n|faint|p2a: Arceus\n|\n|upkeep\n|\n|t:|1699172537\n|switch|p2a: Zygarde|Zygarde|100\/100\n|turn|27\n|\n|t:|1699172541\n|switch|p1a: Necrozma|Necrozma-Dusk-Mane|100\/100\n|-damage|p1a: Necrozma|94\/100|[from] Stealth Rock\n|move|p2a: Zygarde|Coil|p2a: Zygarde\n|-boost|p2a: Zygarde|atk|1\n|-boost|p2a: Zygarde|def|1\n|-boost|p2a: Zygarde|accuracy|1\n|\n|upkeep\n|turn|28\n|\n|t:|1699172546\n|-terastallize|p2a: Zygarde|Water\n|move|p1a: Necrozma|Dragon Dance|p1a: Necrozma\n|-boost|p1a: Necrozma|atk|1\n|-boost|p1a: Necrozma|spe|1\n|move|p2a: Zygarde|Thousand Arrows|p1a: Necrozma\n|-supereffective|p1a: Necrozma\n|-damage|p1a: Necrozma|37\/100\n|\n|upkeep\n|turn|29\n|\n|t:|1699172551\n|-zpower|p1a: Necrozma\n|move|p1a: Necrozma|Searing Sunraze Smash|p2a: Zygarde|[zeffect]\n|-resisted|p2a: Zygarde\n|-damage|p2a: Zygarde|70\/100\n|move|p2a: Zygarde|Thousand Arrows|p1a: Necrozma\n|-supereffective|p1a: Necrozma\n|-damage|p1a: Necrozma|0 fnt\n|faint|p1a: Necrozma\n|\n|-heal|p2a: Zygarde|77\/100|[from] item: Leftovers\n|upkeep\n|\n|t:|1699172559\n|switch|p1a: Marshadow|Marshadow, tera:Ghost|9\/100\n|-damage|p1a: Marshadow|0 fnt|[from] Stealth Rock\n|faint|p1a: Marshadow\n|\n|win|Kapoora\n|raw|Malice Incarnate's rating: 1594 &rarr; <strong>1575<\/strong><br \/>(-19 for losing)\n|raw|Kapoora's rating: 1606 &rarr; <strong>1625<\/strong><br \/>(+19 for winning)\n|l|\u2606Malice Incarnate\n|l|\u2606Kapoora\n","uploadtime":1699172566,"views":4,"p1id":"maliceincarnate","p2id":"kapoora","formatid":"gen9nationaldexubers","rating":1575,"private":0,"password":""}