{"id":"gen9nationaldexubers-1983841781","p1":"akirazinho","p2":"electroshibe","format":"[Gen 9] National Dex Ubers","log":"|j|\u2606akirazinho\n|j|\u2606electroshibe\n|t:|1699190373\n|gametype|singles\n|player|p1|akirazinho|roxie|1239\n|player|p2|electroshibe|alec-anime|1166\n|teamsize|p1|6\n|teamsize|p2|6\n|gen|9\n|tier|[Gen 9] National Dex Ubers\n|rated|\n|rule|HP Percentage Mod: HP is shown in percentages\n|rule|Endless Battle Clause: Forcing endless battles is banned\n|rule|OHKO Clause: OHKO moves are banned\n|rule|Evasion Moves Clause: Evasion moves are banned\n|rule|Evasion Items Clause: Evasion items are banned\n|rule|Species Clause: Limit one of each Pok\u00e9mon\n|rule|Sleep Clause Mod: Limit one foe put to sleep\n|rule|Mega Rayquaza Clause: You cannot mega evolve Rayquaza\n|clearpoke\n|poke|p1|Grimmsnarl, M|\n|poke|p1|Groudon|\n|poke|p1|Necrozma-Dusk-Mane|\n|poke|p1|Xerneas-*|\n|poke|p1|Arceus-Ground|\n|poke|p1|Marshadow|\n|poke|p2|Absol, M|\n|poke|p2|Weavile, F|\n|poke|p2|Ogerpon-Hearthflame, F|\n|poke|p2|Shaymin-Sky|\n|poke|p2|Palafin, F|\n|poke|p2|Talonflame, F|\n|teampreview\n|\n|t:|1699190383\n|start\n|switch|p1a: Grimmsnarl|Grimmsnarl, M, shiny|100\/100\n|switch|p2a: Not Aquaman|Palafin, F|100\/100\n|turn|1\n|\n|t:|1699190388\n|move|p1a: Grimmsnarl|Reflect|p1a: Grimmsnarl\n|-sidestart|p1: akirazinho|Reflect\n|move|p2a: Not Aquaman|Flip Turn|p1a: Grimmsnarl\n|-damage|p1a: Grimmsnarl|91\/100\n|\n|t:|1699190397\n|detailschange|p2a: Not Aquaman|Palafin-Hero, F\n|switch|p2a: Anger Issues|Ogerpon-Hearthflame, F|100\/100|[from] Flip Turn\n|-ability|p2a: Anger Issues|Mold Breaker\n|\n|upkeep\n|turn|2\n|\n|t:|1699190408\n|move|p1a: Grimmsnarl|Taunt|p2a: Anger Issues\n|-start|p2a: Anger Issues|move: Taunt\n|cant|p2a: Anger Issues|move: Taunt|Swords Dance\n|\n|upkeep\n|turn|3\n|\n|t:|1699190417\n|move|p1a: Grimmsnarl|Light Screen|p1a: Grimmsnarl\n|-sidestart|p1: akirazinho|move: Light Screen\n|move|p2a: Anger Issues|Horn Leech|p1a: Grimmsnarl\n|-damage|p1a: Grimmsnarl|73\/100\n|\n|upkeep\n|turn|4\n|\n|t:|1699190433\n|switch|p2a: Manager|Absol, M|100\/100\n|move|p1a: Grimmsnarl|Parting Shot|p2a: Manager\n|-hint|Since gen 7, Dark is immune to Prankster moves.\n|-immune|p2a: Manager\n|\n|upkeep\n|turn|5\n|\n|t:|1699190453\n|switch|p1a: Xerneas|Xerneas, shiny|100\/100\n|-ability|p1a: Xerneas|Fairy Aura\n|detailschange|p2a: Manager|Absol-Mega, M\n|-mega|p2a: Manager|Absol|Absolite\n|move|p2a: Manager|Close Combat|p1a: Xerneas\n|-resisted|p1a: Xerneas\n|-damage|p1a: Xerneas|92\/100\n|-unboost|p2a: Manager|def|1\n|-unboost|p2a: Manager|spd|1\n|\n|upkeep\n|turn|6\n|\n|t:|1699190470\n|switch|p2a: Unreliable|Shaymin-Sky|100\/100\n|move|p1a: Xerneas|Substitute|p1a: Xerneas\n|-start|p1a: Xerneas|Substitute\n|-damage|p1a: Xerneas|67\/100\n|\n|upkeep\n|turn|7\n|\n|t:|1699190486\n|move|p2a: Unreliable|Seed Flare|p1a: Xerneas\n|-end|p1a: Xerneas|Substitute\n|move|p1a: Xerneas|Geomancy||[still]\n|-prepare|p1a: Xerneas|Geomancy\n|-enditem|p1a: Xerneas|Power Herb\n|-anim|p1a: Xerneas|Geomancy|p1a: Xerneas\n|-boost|p1a: Xerneas|spa|2\n|-boost|p1a: Xerneas|spd|2\n|-boost|p1a: Xerneas|spe|2\n|\n|upkeep\n|turn|8\n|\n|t:|1699190497\n|move|p1a: Xerneas|Geomancy||[still]\n|-prepare|p1a: Xerneas|Geomancy\n|move|p2a: Unreliable|Endeavor|p1a: Xerneas\n|-immune|p1a: Xerneas\n|\n|-sideend|p1: akirazinho|Reflect\n|upkeep\n|turn|9\n|\n|t:|1699190502\n|move|p1a: Xerneas|Geomancy|p1a: Xerneas|[from]lockedmove\n|-boost|p1a: Xerneas|spa|2\n|-boost|p1a: Xerneas|spd|2\n|-boost|p1a: Xerneas|spe|2\n|move|p2a: Unreliable|Seed Flare|p1a: Xerneas\n|-damage|p1a: Xerneas|58\/100\n|-unboost|p1a: Xerneas|spd|2\n|\n|upkeep\n|turn|10\n|\n|t:|1699190510\n|move|p1a: Xerneas|Moonblast|p2a: Unreliable\n|-enditem|p2a: Unreliable|Focus Sash\n|-damage|p2a: Unreliable|1\/100\n|move|p2a: Unreliable|Endeavor|p1a: Xerneas\n|-damage|p1a: Xerneas|1\/100\n|\n|-sideend|p1: akirazinho|move: Light Screen\n|upkeep\n|turn|11\n|\n|t:|1699190514\n|move|p2a: Unreliable|Quick Attack|p1a: Xerneas\n|-damage|p1a: Xerneas|0 fnt\n|faint|p1a: Xerneas\n|\n|upkeep\n|\n|t:|1699190525\n|switch|p1a: Necrozma|Necrozma-Dusk-Mane|100\/100\n|turn|12\n|\n|t:|1699190530\n|move|p2a: Unreliable|Endeavor|p1a: Necrozma\n|-damage|p1a: Necrozma|1\/100\n|move|p1a: Necrozma|Dragon Dance|p1a: Necrozma\n|-boost|p1a: Necrozma|atk|1\n|-boost|p1a: Necrozma|spe|1\n|\n|upkeep\n|turn|13\n|\n|t:|1699190545\n|switch|p1a: Marshadow|Marshadow|100\/100\n|move|p2a: Unreliable|Quick Attack|p1a: Marshadow\n|-immune|p1a: Marshadow\n|\n|upkeep\n|turn|14\n|\n|t:|1699190556\n|switch|p2a: Manager|Absol-Mega, M|100\/100\n|move|p1a: Marshadow|Shadow Sneak|p2a: Manager\n|-resisted|p2a: Manager\n|-damage|p2a: Manager|72\/100\n|\n|upkeep\n|turn|15\n|\n|t:|1699190571\n|move|p2a: Manager|Sucker Punch|p1a: Marshadow\n|-damage|p1a: Marshadow|48\/100\n|move|p1a: Marshadow|Close Combat|p2a: Manager\n|-supereffective|p2a: Manager\n|-damage|p2a: Manager|0 fnt\n|-unboost|p1a: Marshadow|def|1\n|-unboost|p1a: Marshadow|spd|1\n|faint|p2a: Manager\n|\n|upkeep\n|\n|t:|1699190577\n|switch|p2a: Worse Chien Pao|Weavile, F|100\/100\n|-ability|p2a: Worse Chien Pao|Pressure\n|turn|16\n|\n|t:|1699190591\n|move|p2a: Worse Chien Pao|Triple Axel|p1a: Marshadow\n|-damage|p1a: Marshadow|28\/100\n|-damage|p1a: Marshadow|0 fnt\n|faint|p1a: Marshadow\n|-hitcount|p1: Marshadow|2\n|\n|upkeep\n|\n|t:|1699190611\n|switch|p1a: Grimmsnarl|Grimmsnarl, M, shiny|73\/100\n|turn|17\n|\n|t:|1699190617\n|move|p1a: Grimmsnarl|Reflect|p1a: Grimmsnarl\n|-sidestart|p1: akirazinho|Reflect\n|move|p2a: Worse Chien Pao|Triple Axel|p1a: Grimmsnarl\n|-damage|p1a: Grimmsnarl|69\/100\n|-damage|p1a: Grimmsnarl|61\/100\n|-damage|p1a: Grimmsnarl|48\/100\n|-hitcount|p1a: Grimmsnarl|3\n|\n|upkeep\n|turn|18\n|\n|t:|1699190625\n|move|p1a: Grimmsnarl|Light Screen|p1a: Grimmsnarl\n|-sidestart|p1: akirazinho|move: Light Screen\n|move|p2a: Worse Chien Pao|Triple Axel|p1a: Grimmsnarl\n|-damage|p1a: Grimmsnarl|44\/100\n|-damage|p1a: Grimmsnarl|36\/100\n|-damage|p1a: Grimmsnarl|23\/100\n|-hitcount|p1a: Grimmsnarl|3\n|\n|upkeep\n|turn|19\n|\n|t:|1699190634\n|move|p1a: Grimmsnarl|Parting Shot|p2a: Worse Chien Pao\n|-hint|Since gen 7, Dark is immune to Prankster moves.\n|-immune|p2a: Worse Chien Pao\n|move|p2a: Worse Chien Pao|Pursuit|p1a: Grimmsnarl\n|-resisted|p1a: Grimmsnarl\n|-damage|p1a: Grimmsnarl|21\/100\n|\n|upkeep\n|turn|20\n|\n|t:|1699190652\n|-activate|p1a: Grimmsnarl|move: Pursuit\n|move|p2a: Worse Chien Pao|Pursuit|p1a: Grimmsnarl|[from]Pursuit\n|-resisted|p1a: Grimmsnarl\n|-damage|p1a: Grimmsnarl|18\/100\n|switch|p1a: Arceus|Arceus-Ground|100\/100\n|\n|upkeep\n|turn|21\n|\n|t:|1699190663\n|-terastallize|p1a: Arceus|Water\n|move|p2a: Worse Chien Pao|Triple Axel|p1a: Arceus\n|-resisted|p1a: Arceus\n|-damage|p1a: Arceus|99\/100\n|-resisted|p1a: Arceus\n|-damage|p1a: Arceus|96\/100\n|-resisted|p1a: Arceus\n|-damage|p1a: Arceus|91\/100\n|-hitcount|p1a: Arceus|3\n|move|p1a: Arceus|Calm Mind|p1a: Arceus\n|-boost|p1a: Arceus|spa|1\n|-boost|p1a: Arceus|spd|1\n|\n|upkeep\n|turn|22\n|\n|t:|1699190674\n|move|p2a: Worse Chien Pao|Triple Axel|p1a: Arceus\n|-resisted|p1a: Arceus\n|-damage|p1a: Arceus|89\/100\n|-resisted|p1a: Arceus\n|-damage|p1a: Arceus|86\/100\n|-resisted|p1a: Arceus\n|-damage|p1a: Arceus|80\/100\n|-hitcount|p1a: Arceus|3\n|move|p1a: Arceus|Calm Mind|p1a: Arceus\n|-boost|p1a: Arceus|spa|1\n|-boost|p1a: Arceus|spd|1\n|\n|upkeep\n|turn|23\n|\n|t:|1699190678\n|move|p2a: Worse Chien Pao|Triple Axel|p1a: Arceus\n|-resisted|p1a: Arceus\n|-damage|p1a: Arceus|78\/100\n|-resisted|p1a: Arceus\n|-damage|p1a: Arceus|75\/100\n|-resisted|p1a: Arceus\n|-damage|p1a: Arceus|70\/100\n|-hitcount|p1a: Arceus|3\n|move|p1a: Arceus|Judgment|p2a: Worse Chien Pao\n|-damage|p2a: Worse Chien Pao|0 fnt\n|faint|p2a: Worse Chien Pao\n|\n|upkeep\n|\n|t:|1699190680\n|switch|p2a: Unreliable|Shaymin-Sky|1\/100\n|turn|24\n|\n|t:|1699190685\n|move|p2a: Unreliable|Endeavor|p1a: Arceus\n|-damage|p1a: Arceus|1\/100\n|move|p1a: Arceus|Judgment|p2a: Unreliable\n|-immune|p2a: Unreliable\n|\n|-sideend|p1: akirazinho|Reflect\n|upkeep\n|turn|25\n|\n|t:|1699190696\n|move|p2a: Unreliable|Quick Attack|p1a: Arceus\n|-damage|p1a: Arceus|0 fnt\n|faint|p1a: Arceus\n|\n|-sideend|p1: akirazinho|move: Light Screen\n|upkeep\n|\n|t:|1699190704\n|switch|p1a: Groudon|Groudon|100\/100\n|detailschange|p1a: Groudon|Groudon-Primal\n|-primal|p1a: Groudon|Red Orb\n|-weather|DesolateLand|[from] ability: Desolate Land|[of] p1a: Groudon\n|turn|26\n|\n|t:|1699190708\n|move|p2a: Unreliable|Endeavor|p1a: Groudon\n|-damage|p1a: Groudon|1\/100\n|move|p1a: Groudon|Body Slam|p2a: Unreliable\n|-damage|p2a: Unreliable|0 fnt\n|faint|p2a: Unreliable\n|\n|-weather|DesolateLand|[upkeep]\n|upkeep\n|\n|t:|1699190716\n|switch|p2a: Not Aquaman|Palafin-Hero, F|100\/100\n|-activate|p2a: Not Aquaman|ability: Zero to Hero\n|turn|27\n|\n|t:|1699190720\n|move|p2a: Not Aquaman|Jet Punch||[still]\n|-fail|p2a: Not Aquaman|Jet Punch|[from] Desolate Land\n|move|p1a: Groudon|Body Slam|p2a: Not Aquaman\n|-damage|p2a: Not Aquaman|65\/100\n|-status|p2a: Not Aquaman|par\n|\n|-weather|DesolateLand|[upkeep]\n|upkeep\n|turn|28\n|\n|t:|1699190736\n|move|p1a: Groudon|Earthquake|p2a: Not Aquaman\n|-damage|p2a: Not Aquaman|0 fnt\n|faint|p2a: Not Aquaman\n|\n|-weather|DesolateLand|[upkeep]\n|upkeep\n|\n|t:|1699190741\n|switch|p2a: Biggest Bird|Talonflame, F|100\/100\n|turn|29\n|\n|t:|1699190745\n|move|p2a: Biggest Bird|Brave Bird|p1a: Groudon\n|-damage|p1a: Groudon|0 fnt\n|faint|p1a: Groudon\n|-weather|none\n|-damage|p2a: Biggest Bird|99\/100|[from] Recoil\n|\n|upkeep\n|\n|t:|1699190756\n|switch|p1a: Grimmsnarl|Grimmsnarl, M, shiny|18\/100\n|turn|30\n|\n|t:|1699190763\n|move|p1a: Grimmsnarl|Reflect|p1a: Grimmsnarl\n|-sidestart|p1: akirazinho|Reflect\n|move|p2a: Biggest Bird|Brave Bird|p1a: Grimmsnarl\n|-damage|p1a: Grimmsnarl|0 fnt\n|faint|p1a: Grimmsnarl\n|-damage|p2a: Biggest Bird|93\/100|[from] Recoil\n|\n|upkeep\n|\n|t:|1699190765\n|switch|p1a: Necrozma|Necrozma-Dusk-Mane|1\/100\n|turn|31\n|\n|t:|1699190770\n|move|p2a: Biggest Bird|Brave Bird|p1a: Necrozma\n|-resisted|p1a: Necrozma\n|-damage|p1a: Necrozma|0 fnt\n|faint|p1a: Necrozma\n|-damage|p2a: Biggest Bird|92\/100|[from] Recoil\n|\n|win|electroshibe\n|raw|akirazinho's rating: 1239 &rarr; <strong>1209<\/strong><br \/>(-30 for losing)\n|raw|electroshibe's rating: 1166 &rarr; <strong>1196<\/strong><br \/>(+30 for winning)\n","uploadtime":1699190778,"views":4,"p1id":"akirazinho","p2id":"electroshibe","formatid":"gen9nationaldexubers","rating":1196,"private":0,"password":""}