{"id":"gen9nationaldexubers-1984261186","p1":"flare603","p2":"robbiezx","format":"[Gen 9] National Dex Ubers","log":"|j|\u2606flare603\n|j|\u2606robbiezx\n|t:|1699236206\n|gametype|singles\n|player|p1|flare603|266|\n|player|p2|robbiezx|cynthia|\n|teamsize|p1|6\n|teamsize|p2|6\n|gen|9\n|tier|[Gen 9] National Dex Ubers\n|rule|HP Percentage Mod: HP is shown in percentages\n|rule|Endless Battle Clause: Forcing endless battles is banned\n|rule|OHKO Clause: OHKO moves are banned\n|rule|Evasion Moves Clause: Evasion moves are banned\n|rule|Evasion Items Clause: Evasion items are banned\n|rule|Species Clause: Limit one of each Pok\u00e9mon\n|rule|Sleep Clause Mod: Limit one foe put to sleep\n|rule|Mega Rayquaza Clause: You cannot mega evolve Rayquaza\n|clearpoke\n|poke|p1|Hoopa-Unbound|\n|poke|p1|Ursaluna, M|\n|poke|p1|Musharna, F|\n|poke|p1|Melmetal|\n|poke|p1|Porygon2|\n|poke|p1|Garchomp, M|\n|poke|p2|Tapu Koko|\n|poke|p2|Lopunny, F|\n|poke|p2|Swampert, F|\n|poke|p2|Silvally-*|\n|poke|p2|Iron Hands|\n|poke|p2|Bruxish, M|\n|teampreview\n|j| TheAtlasDomain\n|j| WhatIsThatDogDoing\n|\n|t:|1699236243\n|start\n|switch|p1a: Hoopa|Hoopa-Unbound|100\/100\n|switch|p2a: THE SON|Lopunny, F|100\/100\n|turn|1\n|c| WhatIsThatDogDoing|kiss\n|\n|t:|1699236256\n|detailschange|p2a: THE SON|Lopunny-Mega, F\n|-mega|p2a: THE SON|Lopunny|Lopunnite\n|move|p2a: THE SON|U-turn|p1a: Hoopa\n|-supereffective|p1a: Hoopa\n|-damage|p1a: Hoopa|0 fnt\n|faint|p1a: Hoopa\n|c|\u2606robbiezx|fym kiss\n|c|\u2606robbiezx|gay ass\n|\n|t:|1699236267\n|switch|p2a: THE HOLY SPIRIT|Swampert, F|100\/100|[from] U-turn\n|\n|upkeep\n|j| insignas\n|\n|t:|1699236295\n|switch|p1a: Porygon2|Porygon2|100\/100\n|-ability|p1a: Porygon2|Damp|[from] ability: Trace|[of] p2a: THE HOLY SPIRIT\n|turn|2\n|\n|t:|1699236302\n|move|p2a: THE HOLY SPIRIT|Stealth Rock|p1a: Porygon2\n|-sidestart|p1: flare603|move: Stealth Rock\n|move|p1a: Porygon2|Trick Room|p1a: Porygon2\n|-fieldstart|move: Trick Room|[of] p1a: Porygon2\n|\n|upkeep\n|turn|3\n|c| insignas|what a turn one\n|c| WhatIsThatDogDoing|so real\n|c|\u2606flare603|why does it get u turn\n|c|\u2606robbiezx|cuz\n|c|\u2606robbiezx|why wouldn't it\n|c|\u2606flare603|so true\n|c|\u2606robbiezx|that's like\n|c|\u2606robbiezx|half the reason i led w it\n|\n|t:|1699236342\n|move|p2a: THE HOLY SPIRIT|Surf|p1a: Porygon2\n|-damage|p1a: Porygon2|83\/100\n|move|p1a: Porygon2|Teleport|p1a: Porygon2\n|c| WhatIsThatDogDoing|robbie using hacked mons\n|c| WhatIsThatDogDoing|banned\n|c|\u2606robbiezx|^^^^\n|c|\u2606robbiezx|get me out of this shithole\n|\n|t:|1699236366\n|switch|p1a: Ursaluna|Ursaluna, M|100\/100|[from] Teleport\n|-damage|p1a: Ursaluna|94\/100|[from] Stealth Rock\n|\n|-status|p1a: Ursaluna|brn|[from] item: Flame Orb\n|upkeep\n|turn|4\n|\n|t:|1699236392\n|move|p1a: Ursaluna|Facade|p2a: THE HOLY SPIRIT\n|-damage|p2a: THE HOLY SPIRIT|0 fnt\n|faint|p2a: THE HOLY SPIRIT\n|\n|-damage|p1a: Ursaluna|88\/100 brn|[from] brn\n|upkeep\n|inactive|Battle timer is ON: inactive players will automatically lose when time's up. (requested by flare603)\n|\n|t:|1699236429\n|switch|p2a: THE SON|Lopunny-Mega, F|100\/100\n|turn|5\n|\n|t:|1699236435\n|move|p2a: THE SON|Fake Out|p1a: Ursaluna\n|-damage|p1a: Ursaluna|73\/100 brn\n|cant|p1a: Ursaluna|flinch\n|\n|-damage|p1a: Ursaluna|67\/100 brn|[from] brn\n|upkeep\n|turn|6\n|c|\u2606robbiezx|oy\n|\n|t:|1699236443\n|switch|p2a: THE HOLY GOAT|Silvally-Water|100\/100\n|move|p1a: Ursaluna|Facade|p2a: THE HOLY GOAT\n|-damage|p2a: THE HOLY GOAT|22\/100\n|\n|-damage|p1a: Ursaluna|60\/100 brn|[from] brn\n|-fieldend|move: Trick Room\n|upkeep\n|turn|7\n|inactive|flare603 has 270 seconds left.\n|\n|t:|1699236478\n|switch|p1a: Support Pig|Musharna, F|100\/100\n|-damage|p1a: Support Pig|88\/100|[from] Stealth Rock\n|move|p2a: THE HOLY GOAT|Multi-Attack|p1a: Support Pig\n|-damage|p1a: Support Pig|56\/100\n|\n|upkeep\n|turn|8\n|\n|t:|1699236506\n|move|p2a: THE HOLY GOAT|Multi-Attack|p1a: Support Pig\n|-damage|p1a: Support Pig|22\/100\n|move|p1a: Support Pig|Trick Room|p1a: Support Pig\n|-fieldstart|move: Trick Room|[of] p1a: Support Pig\n|\n|upkeep\n|turn|9\n|inactive|flare603 has 270 seconds left.\n|\n|t:|1699236524\n|move|p1a: Support Pig|Psychic|p2a: THE HOLY GOAT\n|-damage|p2a: THE HOLY GOAT|0 fnt\n|faint|p2a: THE HOLY GOAT\n|\n|upkeep\n|\n|t:|1699236527\n|switch|p2a: THE SON|Lopunny-Mega, F|100\/100\n|turn|10\n|\n|t:|1699236535\n|move|p2a: THE SON|Fake Out|p1a: Support Pig\n|-damage|p1a: Support Pig|4\/100\n|cant|p1a: Support Pig|flinch\n|\n|upkeep\n|turn|11\n|\n|t:|1699236561\n|switch|p2a: SAN DIEGO|Bruxish, M|100\/100\n|move|p1a: Support Pig|Psychic|p2a: SAN DIEGO\n|-resisted|p2a: SAN DIEGO\n|-damage|p2a: SAN DIEGO|69\/100\n|\n|upkeep\n|turn|12\n|c|\u2606robbiezx|killer fish from san diego\n|j| warnerssbu\n|c| warnerssbu|gm chat\n|inactive|flare603 has 270 seconds left.\n|c|\u2606robbiezx|gm warny\n|\n|t:|1699236599\n|move|p1a: Support Pig|Psychic|p2a: SAN DIEGO\n|-resisted|p2a: SAN DIEGO\n|-damage|p2a: SAN DIEGO|34\/100\n|move|p2a: SAN DIEGO|Ice Fang|p1a: Support Pig|[miss]\n|-miss|p2a: SAN DIEGO|p1a: Support Pig\n|\n|-fieldend|move: Trick Room\n|upkeep\n|turn|13\n|c| warnerssbu|hehe\n|inactive|flare603 has 270 seconds left.\n|\n|t:|1699236612\n|move|p2a: SAN DIEGO|Ice Fang|p1a: Support Pig\n|-damage|p1a: Support Pig|0 fnt\n|faint|p1a: Support Pig\n|\n|upkeep\n|\n|t:|1699236620\n|switch|p1a: Porygon2|Porygon2|83\/100\n|-damage|p1a: Porygon2|70\/100|[from] Stealth Rock\n|-ability|p1a: Porygon2|Strong Jaw|[from] ability: Trace|[of] p2a: SAN DIEGO\n|turn|14\n|inactive|flare603 has 270 seconds left.\n|c| insignas|gm warner\n|\n|t:|1699236631\n|move|p2a: SAN DIEGO|Ice Fang|p1a: Porygon2\n|-damage|p1a: Porygon2|49\/100\n|cant|p1a: Porygon2|flinch\n|\n|upkeep\n|turn|15\n|inactive|flare603 has 270 seconds left.\n|\n|t:|1699236638\n|move|p2a: SAN DIEGO|Ice Fang|p1a: Porygon2\n|-damage|p1a: Porygon2|27\/100\n|cant|p1a: Porygon2|flinch\n|\n|upkeep\n|turn|16\n|c| insignas|omg\n|c|\u2606flare603|bro\n|c|\u2606robbiezx|stupid idiot\n|c| WhatIsThatDogDoing|big\n|c|\u2606robbiezx|stop flinching\n|c|\u2606robbiezx|idiot\n|inactive|flare603 has 270 seconds left.\n|c|\u2606robbiezx|why are you flinching\n|c|\u2606robbiezx|stop it\n|c| insignas|big if true\n|c|\u2606robbiezx|^^\n|c|\u2606robbiezx|watch this crit\n|c|\u2606robbiezx|you not ready\n|c| WhatIsThatDogDoing|why are you flinching yourself why are you flinching yourself why are you flinching yourself why are you flinching yourself\n|inactive|flare603 has 240 seconds left.\n|\n|t:|1699236680\n|move|p2a: SAN DIEGO|Ice Fang|p1a: Porygon2\n|-damage|p1a: Porygon2|6\/100\n|move|p1a: Porygon2|Trick Room|p1a: Porygon2\n|-fieldstart|move: Trick Room|[of] p1a: Porygon2\n|\n|upkeep\n|turn|17\n|c|\u2606robbiezx|^^^^^ big trash day quoite\n|\n|t:|1699236686\n|move|p1a: Porygon2|Foul Play|p2a: SAN DIEGO\n|-supereffective|p2a: SAN DIEGO\n|-damage|p2a: SAN DIEGO|0 fnt\n|faint|p2a: SAN DIEGO\n|\n|upkeep\n|c|\u2606robbiezx|tuff\n|\n|t:|1699236689\n|switch|p2a: THE SON|Lopunny-Mega, F|100\/100\n|turn|18\n|\n|t:|1699236694\n|move|p2a: THE SON|Fake Out|p1a: Porygon2\n|-damage|p1a: Porygon2|0 fnt\n|faint|p1a: Porygon2\n|\n|upkeep\n|\n|t:|1699236703\n|switch|p1a: Ursaluna|Ursaluna, M|60\/100 brn\n|-damage|p1a: Ursaluna|54\/100 brn|[from] Stealth Rock\n|turn|19\n|c| WhatIsThatDogDoing|calcs going crazy rn\n|c|\u2606robbiezx|im not calcing\n|c|\u2606robbiezx|im just thinking bruh\n|c|\u2606robbiezx|im contemplating\n|\n|t:|1699236731\n|move|p1a: Ursaluna|Headlong Rush|p2a: THE SON\n|-damage|p2a: THE SON|0 fnt\n|-unboost|p1a: Ursaluna|def|1\n|-unboost|p1a: Ursaluna|spd|1\n|faint|p2a: THE SON\n|\n|-damage|p1a: Ursaluna|48\/100 brn|[from] brn\n|upkeep\n|c|\u2606flare603|let the man cook'\n|c| WhatIsThatDogDoing|vibes going crazy rn\n|\n|t:|1699236734\n|switch|p2a: THE FATHER|Tapu Koko|100\/100\n|-fieldstart|move: Electric Terrain|[from] ability: Electric Surge|[of] p2a: THE FATHER\n|turn|20\n|c| warnerssbu|fuck it we guts boost facade\n|c| insignas|calcing is for the weak who dont trust the bonds of their partners\n|c|\u2606robbiezx|^^^^^^^^^^^^^^\n|\n|t:|1699236749\n|move|p1a: Ursaluna|Headlong Rush|p2a: THE FATHER\n|-supereffective|p2a: THE FATHER\n|-damage|p2a: THE FATHER|0 fnt\n|-unboost|p1a: Ursaluna|def|1\n|-unboost|p1a: Ursaluna|spd|1\n|faint|p2a: THE FATHER\n|\n|-damage|p1a: Ursaluna|42\/100 brn|[from] brn\n|-fieldend|move: Trick Room\n|upkeep\n|\n|t:|1699236751\n|switch|p2a: THE FAZBEAR|Iron Hands|100\/100\n|-activate|p2a: THE FAZBEAR|ability: Quark Drive\n|-start|p2a: THE FAZBEAR|quarkdriveatk\n|turn|21\n|c| insignas|i would never calc my team can survive anything\n|c|\u2606robbiezx|truth\n|\n|t:|1699236767\n|move|p2a: THE FAZBEAR|Drain Punch|p1a: Ursaluna\n|-supereffective|p1a: Ursaluna\n|-damage|p1a: Ursaluna|0 fnt\n|faint|p1a: Ursaluna\n|\n|upkeep\n|\n|t:|1699236777\n|switch|p1a: Melmetal|Melmetal|100\/100\n|-damage|p1a: Melmetal|94\/100|[from] Stealth Rock\n|turn|22\n|c| insignas|wait iron hands sweep?\n|\n|t:|1699236785\n|move|p2a: THE FAZBEAR|Swords Dance|p2a: THE FAZBEAR\n|-boost|p2a: THE FAZBEAR|atk|2\n|move|p1a: Melmetal|Earthquake|p2a: THE FAZBEAR\n|-supereffective|p2a: THE FAZBEAR\n|-damage|p2a: THE FAZBEAR|22\/100\n|\n|-heal|p2a: THE FAZBEAR|29\/100|[from] item: Leftovers\n|upkeep\n|turn|23\n|c| insignas|hold\n|c| insignas|HOLD\n|c|\u2606robbiezx|hold\n|c|\u2606robbiezx|for the fucking\n|c|\u2606robbiezx|PROGRAM\n|c| warnerssbu|bro\n|\n|t:|1699236799\n|move|p2a: THE FAZBEAR|Drain Punch|p1a: Melmetal\n|-supereffective|p1a: Melmetal\n|-damage|p1a: Melmetal|0 fnt\n|-heal|p2a: THE FAZBEAR|72\/100|[from] drain|[of] p1a: Melmetal\n|faint|p1a: Melmetal\n|\n|-heal|p2a: THE FAZBEAR|78\/100|[from] item: Leftovers\n|upkeep\n|c|\u2606robbiezx|please\n|c| warnerssbu|?\n|c|\u2606robbiezx|lock in\n|\n|t:|1699236807\n|switch|p1a: Garchomp|Garchomp, M|100\/100\n|-damage|p1a: Garchomp|94\/100|[from] Stealth Rock\n|turn|24\n|c|\u2606robbiezx|lock the FUCK in\n|c| insignas|boys\n|\n|t:|1699236813\n|move|p1a: Garchomp|Earthquake|p2a: THE FAZBEAR\n|-supereffective|p2a: THE FAZBEAR\n|-damage|p2a: THE FAZBEAR|9\/100\n|move|p2a: THE FAZBEAR|Ice Punch|p1a: Garchomp\n|-supereffective|p1a: Garchomp\n|-damage|p1a: Garchomp|0 fnt\n|-damage|p2a: THE FAZBEAR|0 fnt|[from] ability: Rough Skin|[of] p1a: Garchomp\n|faint|p1a: Garchomp\n|faint|p2a: THE FAZBEAR\n|-end|p2a: THE FAZBEAR|Quark Drive|[silent]\n|\n|win|robbiezx\n|c| insignas|were locking in\n|c| warnerssbu|wow\n|c| insignas|wait\n|c| insignas|LOL\n|c|\u2606flare603|???\n|c|\u2606flare603|BRUH\n|c| warnerssbu|uhhhhh\n|c| warnerssbu|robbie won\n|c|\u2606robbiezx|get shit on\n|c|\u2606robbiezx|i died last\n|c| warnerssbu|but idk how that like\n|c| warnerssbu|counts for the rankings\n|c| WhatIsThatDogDoing|ice punch real af\n|c| WhatIsThatDogDoing|robbie 1-0?\n","uploadtime":1699236862,"views":17,"p1id":"flare603","p2id":"robbiezx","formatid":"gen9nationaldexubers","rating":0,"private":0,"password":""}