{"id":"gen9nationaldexubers-1979528132","p1":"Dark Zerzes","p2":"De1ff","format":"[Gen 9] National Dex Ubers","log":"|j|\u2606Dark Zerzes\n|j|\u2606De1ff\n|t:|1698689779\n|gametype|singles\n|player|p1|Dark Zerzes|grimsley|\n|player|p2|De1ff|fisherman-gen4|\n|teamsize|p1|6\n|teamsize|p2|6\n|gen|9\n|tier|[Gen 9] National Dex Ubers\n|rule|HP Percentage Mod: HP is shown in percentages\n|rule|Endless Battle Clause: Forcing endless battles is banned\n|rule|OHKO Clause: OHKO moves are banned\n|rule|Evasion Moves Clause: Evasion moves are banned\n|rule|Evasion Items Clause: Evasion items are banned\n|rule|Species Clause: Limit one of each Pok\u00e9mon\n|rule|Sleep Clause Mod: Limit one foe put to sleep\n|rule|Mega Rayquaza Clause: You cannot mega evolve Rayquaza\n|clearpoke\n|poke|p1|Galvantula, M|\n|poke|p1|Crobat, F|\n|poke|p1|Mimikyu, M|\n|poke|p1|Toxapex, M|\n|poke|p1|Houndoom, F|\n|poke|p1|Doublade, F|\n|poke|p2|Gliscor, M|\n|poke|p2|Toxapex, F|\n|poke|p2|Gengar, M|\n|poke|p2|Mimikyu, F|\n|poke|p2|Galvantula, F|\n|poke|p2|Chandelure, M|\n|teampreview\n|\n|t:|1698689849\n|start\n|switch|p1a: Lord of Doom|Houndoom, F|100\/100\n|switch|p2a: Galvantula|Galvantula, F, shiny|100\/100\n|-ability|p1a: Lord of Doom|Unnerve\n|turn|1\n|\n|t:|1698689897\n|move|p2a: Galvantula|Light Screen|p2a: Galvantula\n|-sidestart|p2: De1ff|move: Light Screen\n|move|p1a: Lord of Doom|Flamethrower|p2a: Galvantula\n|-supereffective|p2a: Galvantula\n|-damage|p2a: Galvantula|24\/100\n|-damage|p1a: Lord of Doom|91\/100|[from] item: Life Orb\n|\n|upkeep\n|turn|2\n|\n|t:|1698689914\n|switch|p1a: Soul Blade's|Doublade, F, shiny|100\/100\n|move|p2a: Galvantula|Thunder Wave|p1a: Soul Blade's\n|-status|p1a: Soul Blade's|par\n|\n|upkeep\n|turn|3\n|\n|t:|1698689951\n|switch|p2a: Toxapex|Toxapex, F, shiny|100\/100\n|cant|p1a: Soul Blade's|par\n|\n|upkeep\n|turn|4\n|\n|t:|1698689988\n|switch|p1a: I am very TOXIC!|Toxapex, M|100\/100\n|move|p2a: Toxapex|Knock Off|p1a: I am very TOXIC!\n|-damage|p1a: I am very TOXIC!|74\/100\n|-enditem|p1a: I am very TOXIC!|Grip Claw|[from] move: Knock Off|[of] p2a: Toxapex\n|\n|upkeep\n|turn|5\n|\n|t:|1698690013\n|switch|p2a: Gliscor|Gliscor, M|100\/100\n|move|p1a: I am very TOXIC!|Infestation|p2a: Gliscor\n|-resisted|p2a: Gliscor\n|-crit|p2a: Gliscor\n|-damage|p2a: Gliscor|99\/100\n|-activate|p2a: Gliscor|move: Infestation|[of] p1a: I am very TOXIC!\n|\n|-damage|p2a: Gliscor|86\/100|[from] move: Infestation|[partiallytrapped]\n|-sideend|p2: De1ff|move: Light Screen\n|-status|p2a: Gliscor|tox|[from] item: Toxic Orb\n|upkeep\n|turn|6\n|\n|t:|1698690032\n|switch|p1a: Night Slayer|Crobat, F, shiny|100\/100\n|move|p2a: Gliscor|Stealth Rock|p1a: Night Slayer\n|-sidestart|p1: Dark Zerzes|move: Stealth Rock\n|\n|-heal|p2a: Gliscor|99\/100 tox|[from] ability: Poison Heal\n|-end|p2a: Gliscor|Infestation|[partiallytrapped]|[silent]\n|upkeep\n|turn|7\n|\n|t:|1698690076\n|move|p1a: Night Slayer|Curse|p1a: Night Slayer\n|-unboost|p1a: Night Slayer|spe|1\n|-boost|p1a: Night Slayer|atk|1\n|-boost|p1a: Night Slayer|def|1\n|-enditem|p1a: Night Slayer|White Herb\n|-clearnegativeboost|p1a: Night Slayer|[silent]\n|move|p2a: Gliscor|U-turn|p1a: Night Slayer\n|-resisted|p1a: Night Slayer\n|-damage|p1a: Night Slayer|98\/100\n|\n|t:|1698690086\n|switch|p2a: Chandelure|Chandelure, M|100\/100|[from] U-turn\n|\n|upkeep\n|turn|8\n|\n|t:|1698690092\n|move|p1a: Night Slayer|Acrobatics|p2a: Chandelure\n|-damage|p2a: Chandelure|12\/100\n|move|p2a: Chandelure|Psychic|p1a: Night Slayer\n|-supereffective|p1a: Night Slayer\n|-damage|p1a: Night Slayer|0 fnt\n|faint|p1a: Night Slayer\n|\n|upkeep\n|\n|t:|1698690105\n|switch|p1a: Lord of Doom|Houndoom, F|91\/100\n|-ability|p1a: Lord of Doom|Unnerve\n|-damage|p1a: Lord of Doom|66\/100|[from] Stealth Rock\n|turn|9\n|\n|t:|1698690129\n|switch|p2a: Gliscor|Gliscor, M|99\/100 tox\n|move|p1a: Lord of Doom|Dark Pulse|p2a: Gliscor\n|-damage|p2a: Gliscor|57\/100 tox\n|-damage|p1a: Lord of Doom|56\/100|[from] item: Life Orb\n|\n|-heal|p2a: Gliscor|70\/100 tox|[from] ability: Poison Heal\n|upkeep\n|turn|10\n|\n|t:|1698690138\n|move|p1a: Lord of Doom|Hidden Power|p2a: Gliscor\n|-supereffective|p2a: Gliscor\n|-damage|p2a: Gliscor|0 fnt\n|faint|p2a: Gliscor\n|-damage|p1a: Lord of Doom|46\/100|[from] item: Life Orb\n|\n|upkeep\n|\n|t:|1698690181\n|switch|p2a: Galvantula|Galvantula, F, shiny|24\/100\n|turn|11\n|\n|t:|1698690198\n|move|p2a: Galvantula|Thunder|p1a: Lord of Doom\n|-damage|p1a: Lord of Doom|0 fnt\n|faint|p1a: Lord of Doom\n|\n|upkeep\n|\n|t:|1698690221\n|switch|p1a: Knuddelmonster|Mimikyu, M, shiny|100\/100\n|-damage|p1a: Knuddelmonster|88\/100|[from] Stealth Rock\n|turn|12\n|\n|t:|1698690291\n|move|p1a: Knuddelmonster|Shadow Sneak|p2a: Galvantula\n|-damage|p2a: Galvantula|0 fnt\n|faint|p2a: Galvantula\n|\n|upkeep\n|\n|t:|1698690309\n|switch|p2a: Mimikyu|Mimikyu, F, shiny|100\/100\n|turn|13\n|\n|t:|1698690322\n|move|p2a: Mimikyu|Shadow Sneak|p1a: Knuddelmonster\n|-activate|p1a: Knuddelmonster|ability: Disguise\n|-damage|p1a: Knuddelmonster|88\/100\n|detailschange|p1a: Knuddelmonster|Mimikyu-Busted, M, shiny\n|-damage|p1a: Knuddelmonster|76\/100|[from] pokemon: Mimikyu-Busted\n|move|p1a: Knuddelmonster|Shadow Sneak|p2a: Mimikyu\n|-activate|p2a: Mimikyu|ability: Disguise\n|-damage|p2a: Mimikyu|100\/100\n|detailschange|p2a: Mimikyu|Mimikyu-Busted, F, shiny\n|-damage|p2a: Mimikyu|88\/100|[from] pokemon: Mimikyu-Busted\n|\n|-heal|p2a: Mimikyu|94\/100|[from] item: Leftovers\n|upkeep\n|turn|14\n|\n|t:|1698690338\n|move|p2a: Mimikyu|Phantom Force||[still]\n|-prepare|p2a: Mimikyu|Phantom Force\n|-zpower|p1a: Knuddelmonster\n|move|p1a: Knuddelmonster|Let's Snuggle Forever|p2a: Mimikyu|[zeffect]|[miss]\n|-miss|p1a: Knuddelmonster|p2a: Mimikyu\n|\n|-heal|p2a: Mimikyu|99\/100|[from] item: Leftovers\n|upkeep\n|turn|15\n|\n|t:|1698690353\n|switch|p1a: I am very TOXIC!|Toxapex, M|100\/100\n|-damage|p1a: I am very TOXIC!|88\/100|[from] Stealth Rock\n|move|p2a: Mimikyu|Phantom Force|p1a: I am very TOXIC!|[from]lockedmove\n|-damage|p1a: I am very TOXIC!|62\/100\n|\n|-heal|p2a: Mimikyu|100\/100|[from] item: Leftovers\n|upkeep\n|turn|16\n|\n|t:|1698690381\n|move|p2a: Mimikyu|Substitute|p2a: Mimikyu\n|-start|p2a: Mimikyu|Substitute\n|-damage|p2a: Mimikyu|76\/100\n|move|p1a: I am very TOXIC!|Infestation|p2a: Mimikyu\n|-resisted|p2a: Mimikyu\n|-activate|p2a: Mimikyu|move: Substitute|[damage]\n|\n|-heal|p2a: Mimikyu|82\/100|[from] item: Leftovers\n|upkeep\n|turn|17\n|\n|t:|1698690395\n|move|p1a: I am very TOXIC!|Baneful Bunker|p1a: I am very TOXIC!\n|-singleturn|p1a: I am very TOXIC!|move: Protect\n|move|p2a: Mimikyu|Swords Dance|p2a: Mimikyu\n|-boost|p2a: Mimikyu|atk|2\n|\n|-heal|p2a: Mimikyu|88\/100|[from] item: Leftovers\n|upkeep\n|turn|18\n|\n|t:|1698690406\n|move|p2a: Mimikyu|Swords Dance|p2a: Mimikyu\n|-boost|p2a: Mimikyu|atk|2\n|move|p1a: I am very TOXIC!|Haze|p1a: I am very TOXIC!\n|-clearallboost\n|\n|-heal|p2a: Mimikyu|94\/100|[from] item: Leftovers\n|upkeep\n|turn|19\n|\n|t:|1698690425\n|move|p2a: Mimikyu|Swords Dance|p2a: Mimikyu\n|-boost|p2a: Mimikyu|atk|2\n|move|p1a: I am very TOXIC!|Recover|p1a: I am very TOXIC!\n|-heal|p1a: I am very TOXIC!|100\/100\n|\n|-heal|p2a: Mimikyu|99\/100|[from] item: Leftovers\n|upkeep\n|turn|20\n|\n|t:|1698690435\n|move|p2a: Mimikyu|Phantom Force||[still]\n|-prepare|p2a: Mimikyu|Phantom Force\n|move|p1a: I am very TOXIC!|Haze|p1a: I am very TOXIC!\n|-clearallboost\n|\n|-heal|p2a: Mimikyu|100\/100|[from] item: Leftovers\n|upkeep\n|turn|21\n|\n|t:|1698690448\n|move|p2a: Mimikyu|Phantom Force|p1a: I am very TOXIC!|[from]lockedmove\n|-damage|p1a: I am very TOXIC!|75\/100\n|move|p1a: I am very TOXIC!|Infestation|p2a: Mimikyu\n|-resisted|p2a: Mimikyu\n|-activate|p2a: Mimikyu|move: Substitute|[damage]\n|\n|upkeep\n|turn|22\n|\n|t:|1698690456\n|move|p2a: Mimikyu|Phantom Force||[still]\n|-prepare|p2a: Mimikyu|Phantom Force\n|move|p1a: I am very TOXIC!|Infestation|p2a: Mimikyu|[miss]\n|-miss|p1a: I am very TOXIC!|p2a: Mimikyu\n|\n|upkeep\n|turn|23\n|\n|t:|1698690463\n|move|p2a: Mimikyu|Phantom Force|p1a: I am very TOXIC!|[from]lockedmove\n|-damage|p1a: I am very TOXIC!|50\/100\n|move|p1a: I am very TOXIC!|Infestation|p2a: Mimikyu\n|-resisted|p2a: Mimikyu\n|-activate|p2a: Mimikyu|move: Substitute|[damage]\n|\n|upkeep\n|turn|24\n|\n|t:|1698690475\n|switch|p2a: Chandelure|Chandelure, M|12\/100\n|move|p1a: I am very TOXIC!|Recover|p1a: I am very TOXIC!\n|-heal|p1a: I am very TOXIC!|99\/100\n|\n|upkeep\n|turn|25\n|\n|t:|1698690486\n|switch|p1a: Soul Blade's|Doublade, F, shiny|100\/100 par\n|-damage|p1a: Soul Blade's|94\/100 par|[from] Stealth Rock\n|move|p2a: Chandelure|Psychic|p1a: Soul Blade's\n|-resisted|p1a: Soul Blade's\n|-damage|p1a: Soul Blade's|72\/100 par\n|\n|upkeep\n|turn|26\n|\n|t:|1698690521\n|switch|p2a: Toxapex|Toxapex, F, shiny|100\/100\n|move|p1a: Soul Blade's|Swords Dance|p1a: Soul Blade's\n|-boost|p1a: Soul Blade's|atk|2\n|\n|upkeep\n|turn|27\n|\n|t:|1698690532\n|move|p2a: Toxapex|Knock Off|p1a: Soul Blade's\n|-supereffective|p1a: Soul Blade's\n|-damage|p1a: Soul Blade's|36\/100 par\n|-enditem|p1a: Soul Blade's|Eviolite|[from] move: Knock Off|[of] p2a: Toxapex\n|move|p1a: Soul Blade's|Shadow Claw|p2a: Toxapex\n|-damage|p2a: Toxapex|48\/100\n|\n|upkeep\n|turn|28\n|\n|t:|1698690560\n|move|p2a: Toxapex|Knock Off|p1a: Soul Blade's\n|-supereffective|p1a: Soul Blade's\n|-damage|p1a: Soul Blade's|0 fnt\n|faint|p1a: Soul Blade's\n|\n|upkeep\n|\n|t:|1698690573\n|switch|p1a: Elektra Spider|Galvantula, M|100\/100\n|-damage|p1a: Elektra Spider|76\/100|[from] Stealth Rock\n|turn|29\n|\n|t:|1698690587\n|move|p1a: Elektra Spider|Sticky Web|p2a: Toxapex\n|-sidestart|p2: De1ff|move: Sticky Web\n|move|p2a: Toxapex|Knock Off|p1a: Elektra Spider\n|-damage|p1a: Elektra Spider|14\/100\n|-enditem|p1a: Elektra Spider|Focus Sash|[from] move: Knock Off|[of] p2a: Toxapex\n|\n|upkeep\n|turn|30\n|\n|t:|1698690611\n|move|p1a: Elektra Spider|Thunder|p2a: Toxapex\n|-supereffective|p2a: Toxapex\n|-damage|p2a: Toxapex|0 fnt\n|faint|p2a: Toxapex\n|\n|upkeep\n|\n|t:|1698690634\n|switch|p2a: Gengar|Gengar, M|100\/100\n|-activate|p2a: Gengar|move: Sticky Web\n|-unboost|p2a: Gengar|spe|1\n|turn|31\n|\n|t:|1698690640\n|move|p2a: Gengar|Shadow Ball|p1a: Elektra Spider\n|-damage|p1a: Elektra Spider|0 fnt\n|faint|p1a: Elektra Spider\n|\n|upkeep\n|\n|t:|1698690649\n|switch|p1a: I am very TOXIC!|Toxapex, M|100\/100\n|-damage|p1a: I am very TOXIC!|88\/100|[from] Stealth Rock\n|turn|32\n|\n|t:|1698690676\n|move|p2a: Gengar|Shadow Ball|p1a: I am very TOXIC!\n|-damage|p1a: I am very TOXIC!|59\/100\n|move|p1a: I am very TOXIC!|Infestation|p2a: Gengar\n|-resisted|p2a: Gengar\n|-damage|p2a: Gengar|99\/100\n|-activate|p2a: Gengar|move: Infestation|[of] p1a: I am very TOXIC!\n|-start|p1a: I am very TOXIC!|Disable|Infestation|[from] ability: Cursed Body|[of] p2a: Gengar\n|\n|-damage|p2a: Gengar|87\/100|[from] move: Infestation|[partiallytrapped]\n|upkeep\n|turn|33\n|\n|t:|1698690695\n|switch|p1a: Knuddelmonster|Mimikyu-Busted, M, shiny|76\/100\n|-damage|p1a: Knuddelmonster|63\/100|[from] Stealth Rock\n|move|p2a: Gengar|Shadow Ball|p1a: Knuddelmonster\n|-supereffective|p1a: Knuddelmonster\n|-damage|p1a: Knuddelmonster|0 fnt\n|faint|p1a: Knuddelmonster\n|\n|-end|p2a: Gengar|Infestation|[partiallytrapped]|[silent]\n|upkeep\n|c|\u2606Dark Zerzes|Gg\n|c|\u2606De1ff|gg\n|c|\u2606De1ff|wp\n|\n|t:|1698690728\n|switch|p1a: I am very TOXIC!|Toxapex, M|92\/100\n|-damage|p1a: I am very TOXIC!|80\/100|[from] Stealth Rock\n|turn|34\n|\n|t:|1698690733\n|move|p2a: Gengar|Shadow Ball|p1a: I am very TOXIC!\n|-damage|p1a: I am very TOXIC!|50\/100\n|move|p1a: I am very TOXIC!|Infestation|p2a: Gengar\n|-resisted|p2a: Gengar\n|-damage|p2a: Gengar|86\/100\n|-activate|p2a: Gengar|move: Infestation|[of] p1a: I am very TOXIC!\n|\n|-damage|p2a: Gengar|74\/100|[from] move: Infestation|[partiallytrapped]\n|upkeep\n|turn|35\n|\n|t:|1698690742\n|move|p2a: Gengar|Shadow Ball|p1a: I am very TOXIC!\n|-damage|p1a: I am very TOXIC!|21\/100\n|move|p1a: I am very TOXIC!|Recover|p1a: I am very TOXIC!\n|-heal|p1a: I am very TOXIC!|71\/100\n|\n|-damage|p2a: Gengar|61\/100|[from] move: Infestation|[partiallytrapped]\n|upkeep\n|turn|36\n|\n|t:|1698690751\n|move|p1a: I am very TOXIC!|Baneful Bunker|p1a: I am very TOXIC!\n|-singleturn|p1a: I am very TOXIC!|move: Protect\n|move|p2a: Gengar|Shadow Ball|p1a: I am very TOXIC!\n|-activate|p1a: I am very TOXIC!|move: Protect\n|\n|-damage|p2a: Gengar|49\/100|[from] move: Infestation|[partiallytrapped]\n|upkeep\n|turn|37\n|\n|t:|1698690761\n|move|p2a: Gengar|Shadow Ball|p1a: I am very TOXIC!\n|-damage|p1a: I am very TOXIC!|43\/100\n|move|p1a: I am very TOXIC!|Recover|p1a: I am very TOXIC!\n|-heal|p1a: I am very TOXIC!|93\/100\n|\n|-damage|p2a: Gengar|37\/100|[from] move: Infestation|[partiallytrapped]\n|upkeep\n|turn|38\n|\n|t:|1698690770\n|move|p1a: I am very TOXIC!|Baneful Bunker|p1a: I am very TOXIC!\n|-singleturn|p1a: I am very TOXIC!|move: Protect\n|move|p2a: Gengar|Shadow Ball|p1a: I am very TOXIC!\n|-activate|p1a: I am very TOXIC!|move: Protect\n|\n|-damage|p2a: Gengar|25\/100|[from] move: Infestation|[partiallytrapped]\n|upkeep\n|turn|39\n|\n|t:|1698690788\n|move|p2a: Gengar|Shadow Ball|p1a: I am very TOXIC!\n|-damage|p1a: I am very TOXIC!|62\/100\n|move|p1a: I am very TOXIC!|Recover|p1a: I am very TOXIC!\n|-heal|p1a: I am very TOXIC!|100\/100\n|\n|-end|p2a: Gengar|Infestation|[partiallytrapped]\n|upkeep\n|turn|40\n|\n|t:|1698690796\n|move|p2a: Gengar|Shadow Ball|p1a: I am very TOXIC!\n|-damage|p1a: I am very TOXIC!|74\/100\n|-unboost|p1a: I am very TOXIC!|spd|1\n|move|p1a: I am very TOXIC!|Infestation|p2a: Gengar\n|-resisted|p2a: Gengar\n|-damage|p2a: Gengar|23\/100\n|-activate|p2a: Gengar|move: Infestation|[of] p1a: I am very TOXIC!\n|-start|p1a: I am very TOXIC!|Disable|Infestation|[from] ability: Cursed Body|[of] p2a: Gengar\n|\n|-damage|p2a: Gengar|11\/100|[from] move: Infestation|[partiallytrapped]\n|upkeep\n|turn|41\n|\n|t:|1698690828\n|move|p2a: Gengar|Shadow Ball|p1a: I am very TOXIC!\n|-damage|p1a: I am very TOXIC!|29\/100\n|move|p1a: I am very TOXIC!|Recover|p1a: I am very TOXIC!\n|-heal|p1a: I am very TOXIC!|79\/100\n|\n|-damage|p2a: Gengar|0 fnt|[from] move: Infestation|[partiallytrapped]\n|faint|p2a: Gengar\n|upkeep\n|\n|t:|1698690833\n|switch|p2a: Chandelure|Chandelure, M|12\/100\n|-activate|p2a: Chandelure|move: Sticky Web\n|-unboost|p2a: Chandelure|spe|1\n|turn|42\n|\n|t:|1698690841\n|move|p1a: I am very TOXIC!|Baneful Bunker|p1a: I am very TOXIC!\n|-singleturn|p1a: I am very TOXIC!|move: Protect\n|move|p2a: Chandelure|Psychic|p1a: I am very TOXIC!\n|-activate|p1a: I am very TOXIC!|move: Protect\n|\n|upkeep\n|turn|43\n|\n|t:|1698690849\n|move|p1a: I am very TOXIC!|Baneful Bunker|p1a: I am very TOXIC!\n|-singleturn|p1a: I am very TOXIC!|move: Protect\n|move|p2a: Chandelure|Psychic|p1a: I am very TOXIC!\n|-activate|p1a: I am very TOXIC!|move: Protect\n|\n|-end|p1a: I am very TOXIC!|Disable\n|upkeep\n|turn|44\n|\n|t:|1698690857\n|move|p2a: Chandelure|Psychic|p1a: I am very TOXIC!\n|-supereffective|p1a: I am very TOXIC!\n|-damage|p1a: I am very TOXIC!|0 fnt\n|faint|p1a: I am very TOXIC!\n|\n|win|De1ff\n","uploadtime":1698690869,"views":15,"p1id":"darkzerzes","p2id":"de1ff","formatid":"gen9nationaldexubers","rating":0,"private":0,"password":""}