{"id":"gen9nationaldexubers-1981766774","p1":"bepsi-can","p2":"Sacha77500","format":"[Gen 9] National Dex Ubers","log":"|j|\u2606bepsi-can\n|j|\u2606Sacha77500\n|t:|1698940047\n|gametype|singles\n|player|p1|bepsi-can|elesa|\n|player|p2|Sacha77500|alder|\n|teamsize|p1|6\n|teamsize|p2|6\n|gen|9\n|tier|[Gen 9] National Dex Ubers\n|rule|HP Percentage Mod: HP is shown in percentages\n|rule|Endless Battle Clause: Forcing endless battles is banned\n|rule|OHKO Clause: OHKO moves are banned\n|rule|Evasion Moves Clause: Evasion moves are banned\n|rule|Evasion Items Clause: Evasion items are banned\n|rule|Species Clause: Limit one of each Pok\u00e9mon\n|rule|Sleep Clause Mod: Limit one foe put to sleep\n|rule|Mega Rayquaza Clause: You cannot mega evolve Rayquaza\n|clearpoke\n|poke|p1|Ursaluna-Bloodmoon, M|\n|poke|p1|Delcatty, M|\n|poke|p1|Zoroark-Hisui, F|\n|poke|p1|Zangoose, M|\n|poke|p1|Cinccino, F|\n|poke|p1|Lopunny, F|\n|poke|p2|Skeledirge, F|\n|poke|p2|Dragapult, M|\n|poke|p2|Ceruledge, F|\n|poke|p2|Mimikyu, F|\n|poke|p2|Froslass, F|\n|poke|p2|Aegislash, F|\n|teampreview\n|inactive|Battle timer is ON: inactive players will automatically lose when time's up. (requested by bepsi-can)\n|inactive|Sacha77500 also wants the timer to be on.\n|c|\u2606Sacha77500|glhf\n|c|\u2606bepsi-can|pov: normal gym leader\n|inactive|bepsi-can no longer wants the timer on, but the timer is staying on because sacha77500 still does.\n|inactiveoff|Battle timer is now OFF.\n|\n|t:|1698940067\n|start\n|switch|p1a: Cinccino|Cinccino, F|100\/100\n|switch|p2a: Froslass|Froslass, F|100\/100\n|turn|1\n|c|\u2606Sacha77500|i swear, AlmostDecentAtThis was so much better than you.\n|\n|t:|1698940083\n|move|p1a: Cinccino|Hyper Voice|p2a: Froslass\n|-immune|p2a: Froslass\n|move|p2a: Froslass|Taunt|p1a: Cinccino\n|-start|p1a: Cinccino|move: Taunt\n|\n|upkeep\n|turn|2\n|c|\u2606Sacha77500|Not that it matters ofc-\n|c|\u2606bepsi-can|my brain shut off\n|c|\u2606Sacha77500|Why would you do a normal move\n|c|\u2606bepsi-can|i have no idea\n|c|\u2606Sacha77500|this is a ghost mono you're fighting\n|\n|t:|1698940107\n|switch|p1a: Lopunny|Lopunny, F|100\/100\n|move|p2a: Froslass|Icy Wind|p1a: Lopunny\n|-damage|p1a: Lopunny|80\/100\n|-unboost|p1a: Lopunny|spe|1\n|\n|upkeep\n|turn|3\n|c|\u2606bepsi-can|YES I KNOW\n|c|\u2606bepsi-can|i could destroy almostdecentatthis\n|c|\u2606bepsi-can|this teams insane\n|\n|t:|1698940133\n|switch|p1a: Delcatty|Delcatty, M|100\/100\n|move|p2a: Froslass|Spikes|p1a: Delcatty\n|-sidestart|p1: bepsi-can|Spikes\n|\n|upkeep\n|turn|4\n|c|\u2606Sacha77500|no\n|c|\u2606Sacha77500|Delcatty\n|c|\u2606Sacha77500|worst cat in the game behnd eevee\n|c|\u2606bepsi-can|delcattys goated in 0u\n|c|\u2606Sacha77500|in both designa and strat\n|\n|t:|1698940159\n|move|p2a: Froslass|Spikes|p1a: Delcatty\n|-sidestart|p1: bepsi-can|Spikes\n|move|p1a: Delcatty|Toxic|p2a: Froslass\n|-status|p2a: Froslass|tox\n|\n|-damage|p2a: Froslass|94\/100 tox|[from] psn\n|upkeep\n|turn|5\n|\n|t:|1698940170\n|move|p2a: Froslass|Spikes|p1a: Delcatty\n|-sidestart|p1: bepsi-can|Spikes\n|move|p1a: Delcatty|Toxic|p2a: Froslass\n|-fail|p2a: Froslass|tox\n|\n|-damage|p2a: Froslass|82\/100 tox|[from] psn\n|upkeep\n|turn|6\n|\n|t:|1698940176\n|move|p2a: Froslass|Taunt|p1a: Delcatty\n|-start|p1a: Delcatty|move: Taunt\n|cant|p1a: Delcatty|move: Taunt|Toxic\n|\n|-damage|p2a: Froslass|64\/100 tox|[from] psn\n|upkeep\n|turn|7\n|\n|t:|1698940203\n|move|p2a: Froslass|Icy Wind|p1a: Delcatty\n|-damage|p1a: Delcatty|71\/100\n|-unboost|p1a: Delcatty|spe|1\n|move|p1a: Delcatty|Double-Edge|p2a: Froslass\n|-immune|p2a: Froslass\n|\n|-damage|p2a: Froslass|39\/100 tox|[from] psn\n|upkeep\n|turn|8\n|\n|t:|1698940222\n|switch|p2a: Ceruledge|Ceruledge, F|100\/100\n|switch|p1a: Zangoose|Zangoose, M|100\/100\n|-damage|p1a: Zangoose|76\/100|[from] Spikes\n|\n|-status|p1a: Zangoose|tox|[from] item: Toxic Orb\n|upkeep\n|turn|9\n|\n|t:|1698940243\n|move|p1a: Zangoose|Knock Off|p2a: Ceruledge\n|-supereffective|p2a: Ceruledge\n|-enditem|p2a: Ceruledge|Focus Sash\n|-damage|p2a: Ceruledge|1\/100\n|-ability|p2a: Ceruledge|Weak Armor|boost\n|-unboost|p2a: Ceruledge|def|1\n|-boost|p2a: Ceruledge|spe|2\n|move|p2a: Ceruledge|Swords Dance|p2a: Ceruledge\n|-boost|p2a: Ceruledge|atk|2\n|\n|-damage|p1a: Zangoose|70\/100 tox|[from] psn\n|upkeep\n|turn|10\n|\n|t:|1698940254\n|move|p2a: Ceruledge|Bitter Blade|p1a: Zangoose\n|-damage|p1a: Zangoose|0 fnt\n|-heal|p2a: Ceruledge|35\/100|[from] drain|[of] p1a: Zangoose\n|faint|p1a: Zangoose\n|\n|upkeep\n|\n|t:|1698940258\n|switch|p1a: Lopunny|Lopunny, F|80\/100\n|-damage|p1a: Lopunny|55\/100|[from] Spikes\n|turn|11\n|c|\u2606bepsi-can|gg!\n|\n|t:|1698940262\n|detailschange|p1a: Lopunny|Lopunny-Mega, F\n|-mega|p1a: Lopunny|Lopunny|Lopunnite\n|move|p1a: Lopunny|Fake Out|p2a: Ceruledge\n|-damage|p2a: Ceruledge|0 fnt\n|faint|p2a: Ceruledge\n|\n|upkeep\n|c|\u2606bepsi-can|im joking\n|c|\u2606bepsi-can|im not that cocky\n|c|\u2606Sacha77500|ohh nooo i'm scared of a bunny furry\n|c|\u2606bepsi-can|but it propably jover\n|c|\u2606Sacha77500|jover\n|\n|t:|1698940286\n|switch|p2a: Mimikyu|Mimikyu, F|100\/100\n|turn|12\n|\n|t:|1698940291\n|move|p1a: Lopunny|Return|p2a: Mimikyu\n|-activate|p2a: Mimikyu|ability: Disguise\n|-damage|p2a: Mimikyu|100\/100\n|detailschange|p2a: Mimikyu|Mimikyu-Busted, F\n|-damage|p2a: Mimikyu|88\/100|[from] pokemon: Mimikyu-Busted\n|-enditem|p2a: Mimikyu|Red Card|[of] p1a: Lopunny\n|drag|p1a: Cinccino|Cinccino, F|100\/100\n|-damage|p1a: Cinccino|76\/100|[from] Spikes\n|move|p2a: Mimikyu|Play Rough|p1a: Cinccino\n|-damage|p1a: Cinccino|0 fnt\n|faint|p1a: Cinccino\n|\n|upkeep\n|c|\u2606bepsi-can|if you didnt have that\n|c|\u2606bepsi-can|it would be OVER\n|\n|t:|1698940305\n|switch|p1a: Lopunny|Lopunny-Mega, F|55\/100\n|-damage|p1a: Lopunny|31\/100|[from] Spikes\n|turn|13\n|c|\u2606bepsi-can|oh wait\n|c|\u2606bepsi-can|the sac\n|\n|t:|1698940311\n|move|p1a: Lopunny|Return|p2a: Mimikyu\n|-damage|p2a: Mimikyu|0 fnt\n|faint|p2a: Mimikyu\n|\n|upkeep\n|\n|t:|1698940316\n|switch|p2a: Froslass|Froslass, F|39\/100 tox\n|turn|14\n|c|\u2606bepsi-can|thank you for your sacrifice\n|\n|t:|1698940321\n|move|p1a: Lopunny|Return|p2a: Froslass\n|-damage|p2a: Froslass|0 fnt\n|faint|p2a: Froslass\n|\n|upkeep\n|\n|t:|1698940337\n|switch|p2a: Dragapult|Dragapult, M|100\/100\n|turn|15\n|\n|t:|1698940347\n|move|p2a: Dragapult|Draco Meteor|p1a: Lopunny\n|-damage|p1a: Lopunny|0 fnt\n|-unboost|p2a: Dragapult|spa|2\n|faint|p1a: Lopunny\n|\n|upkeep\n|\n|t:|1698940352\n|switch|p1a: Ursaluna|Ursaluna-Bloodmoon, M|100\/100\n|-damage|p1a: Ursaluna|76\/100|[from] Spikes\n|turn|16\n|c|\u2606bepsi-can|ursaluna\n|\n|t:|1698940412\n|switch|p2a: Aegislash|Aegislash, F|100\/100\n|move|p1a: Ursaluna|Earth Power|p2a: Aegislash\n|-supereffective|p2a: Aegislash\n|-crit|p2a: Aegislash\n|-damage|p2a: Aegislash|0 fnt\n|faint|p2a: Aegislash\n|\n|-heal|p1a: Ursaluna|82\/100|[from] item: Leftovers\n|upkeep\n|c|\u2606Sacha77500|bruh crit again\n|\n|t:|1698940421\n|switch|p2a: Skeledirge|Skeledirge, F|100\/100\n|turn|17\n|\n|t:|1698940428\n|-terastallize|p2a: Skeledirge|Ghost\n|move|p2a: Skeledirge|Torch Song|p1a: Ursaluna\n|-damage|p1a: Ursaluna|45\/100\n|-boost|p2a: Skeledirge|spa|1\n|move|p1a: Ursaluna|Earth Power|p2a: Skeledirge\n|-damage|p2a: Skeledirge|59\/100\n|\n|-heal|p1a: Ursaluna|51\/100|[from] item: Leftovers\n|upkeep\n|turn|18\n|\n|t:|1698940442\n|move|p2a: Skeledirge|Torch Song|p1a: Ursaluna\n|-damage|p1a: Ursaluna|3\/100\n|-boost|p2a: Skeledirge|spa|1\n|move|p1a: Ursaluna|Earth Power|p2a: Skeledirge\n|-damage|p2a: Skeledirge|23\/100\n|\n|-heal|p1a: Ursaluna|9\/100|[from] item: Leftovers\n|upkeep\n|turn|19\n|c|\u2606bepsi-can|aw no crit\n|\n|t:|1698940482\n|move|p2a: Skeledirge|Torch Song|p1a: Ursaluna\n|-damage|p1a: Ursaluna|0 fnt\n|-boost|p2a: Skeledirge|spa|1\n|faint|p1a: Ursaluna\n|\n|upkeep\n|c|\u2606Sacha77500|hehe\n|\n|t:|1698940486\n|switch|p1a: Delcatty|Delcatty, M|100\/100\n|-damage|p1a: Delcatty|76\/100|[from] Spikes\n|turn|20\n|\n|t:|1698940493\n|move|p1a: Delcatty|Bitter Malice|p2a: Skeledirge\n|-supereffective|p2a: Skeledirge\n|-damage|p2a: Skeledirge|0 fnt\n|faint|p2a: Skeledirge\n|\n|upkeep\n|c|\u2606Sacha77500|WTF\n|c|\u2606Sacha77500|oh illusion\n|\n|t:|1698940502\n|switch|p2a: Dragapult|Dragapult, M|100\/100\n|turn|21\n|c|\u2606bepsi-can|stupid\n|\n|t:|1698940508\n|move|p2a: Dragapult|Flamethrower|p1a: Delcatty\n|-damage|p1a: Delcatty|0 fnt\n|replace|p1a: Zoroark|Zoroark-Hisui, F\n|-end|p1a: Zoroark|Illusion\n|faint|p1a: Zoroark\n|\n|upkeep\n|\n|t:|1698940511\n|switch|p1a: Delcatty|Delcatty, M|71\/100\n|-damage|p1a: Delcatty|46\/100|[from] Spikes\n|turn|22\n|c|\u2606bepsi-can|well im fucked\n|c|\u2606Sacha77500|ggwp\n|c|\u2606bepsi-can|should have used a team like this\n|c|\u2606bepsi-can|rematch\n|\n|t:|1698940523\n|move|p2a: Dragapult|Flamethrower|p1a: Delcatty\n|-crit|p1a: Delcatty\n|-damage|p1a: Delcatty|0 fnt\n|faint|p1a: Delcatty\n|\n|win|Sacha77500\n|l|\u2606bepsi-can\n|l|\u2606Sacha77500\n|j|\u2606Sacha77500\n|player|p2|Sacha77500|alder\n","uploadtime":1698940533,"views":14,"p1id":"bepsican","p2id":"sacha77500","formatid":"gen9nationaldexubers","rating":0,"private":0,"password":""}