{"id":"gen9nationaldexubers-1978258909","p1":"Elonias","p2":"Thebestrug","format":"[Gen 9] National Dex Ubers","log":"|j|\u2606Elonias\n|j|\u2606Thebestrug\n|t:|1698518021\n|gametype|singles\n|player|p1|Elonias|101|\n|player|p2|Thebestrug|170|\n|teamsize|p1|6\n|teamsize|p2|6\n|gen|9\n|tier|[Gen 9] National Dex Ubers\n|rule|HP Percentage Mod: HP is shown in percentages\n|rule|Endless Battle Clause: Forcing endless battles is banned\n|rule|OHKO Clause: OHKO moves are banned\n|rule|Evasion Moves Clause: Evasion moves are banned\n|rule|Evasion Items Clause: Evasion items are banned\n|rule|Species Clause: Limit one of each Pok\u00e9mon\n|rule|Sleep Clause Mod: Limit one foe put to sleep\n|rule|Mega Rayquaza Clause: You cannot mega evolve Rayquaza\n|clearpoke\n|poke|p1|Dragapult, M|\n|poke|p1|Gengar, M|\n|poke|p1|Ting-Lu|\n|poke|p1|Greninja-*, M|\n|poke|p1|Sneasler, M|\n|poke|p1|Meowscarada, F|\n|poke|p2|Samurott-Hisui, M|\n|poke|p2|Incineroar, M|\n|poke|p2|Dragapult, M|\n|poke|p2|Moltres-Galar|\n|poke|p2|Sneasler, F|\n|poke|p2|Gengar, F|\n|teampreview\n|inactive|Battle timer is ON: inactive players will automatically lose when time's up. (requested by Elonias)\n|inactiveoff|Battle timer is now OFF.\n|c|\u2606Thebestrug|glhf\n|j| JoshuaMC\n|c|\u2606Elonias|glhf\n|c| JoshuaMC|gl u two\n|\n|t:|1698518100\n|start\n|switch|p1a: Meowscarada|Meowscarada, F, shiny|100\/100\n|switch|p2a: Moltres|Moltres-Galar|100\/100\n|turn|1\n|\n|t:|1698518106\n|move|p1a: Meowscarada|Play Rough|p2a: Moltres\n|-start|p1a: Meowscarada|typechange|Fairy|[from] ability: Protean\n|-supereffective|p2a: Moltres\n|-damage|p2a: Moltres|0 fnt\n|faint|p2a: Moltres\n|\n|upkeep\n|\n|t:|1698518112\n|switch|p2a: Samurott|Samurott-Hisui, M, shiny|100\/100\n|turn|2\n|\n|t:|1698518126\n|move|p1a: Meowscarada|Play Rough|p2a: Samurott\n|-supereffective|p2a: Samurott\n|-damage|p2a: Samurott|0 fnt\n|faint|p2a: Samurott\n|\n|upkeep\n|\n|t:|1698518148\n|switch|p2a: Sneasler|Sneasler, F|100\/100\n|-item|p2a: Sneasler|Air Balloon\n|turn|3\n|\n|t:|1698518161\n|switch|p1a: Gengar|Gengar, M|100\/100\n|move|p2a: Sneasler|Dire Claw|p1a: Gengar\n|-resisted|p1a: Gengar\n|-damage|p1a: Gengar|77\/100\n|\n|upkeep\n|turn|4\n|\n|t:|1698518170\n|move|p1a: Gengar|Destiny Bond|p1a: Gengar\n|-singlemove|p1a: Gengar|Destiny Bond\n|move|p2a: Sneasler|Swords Dance|p2a: Sneasler\n|-boost|p2a: Sneasler|atk|2\n|\n|upkeep\n|turn|5\n|\n|t:|1698518184\n|switch|p2a: Incineroar|Incineroar, M|100\/100\n|-ability|p2a: Incineroar|Intimidate|boost\n|-unboost|p1a: Gengar|atk|1\n|move|p1a: Gengar|Taunt|p2a: Incineroar\n|-start|p2a: Incineroar|move: Taunt\n|\n|upkeep\n|turn|6\n|\n|t:|1698518193\n|switch|p1a: Ting-Lu|Ting-Lu|100\/100\n|-ability|p1a: Ting-Lu|Vessel of Ruin\n|-zpower|p2a: Incineroar\n|move|p2a: Incineroar|Malicious Moonsault|p1a: Ting-Lu|[zeffect]\n|-resisted|p1a: Ting-Lu\n|-damage|p1a: Ting-Lu|81\/100\n|\n|-heal|p1a: Ting-Lu|87\/100|[from] item: Leftovers\n|upkeep\n|turn|7\n|\n|t:|1698518209\n|switch|p2a: Gengar|Gengar, F|100\/100\n|move|p1a: Ting-Lu|Stealth Rock|p2a: Gengar\n|-sidestart|p2: Thebestrug|move: Stealth Rock\n|\n|-heal|p1a: Ting-Lu|94\/100|[from] item: Leftovers\n|upkeep\n|turn|8\n|\n|t:|1698518237\n|move|p2a: Gengar|Brick Break|p1a: Ting-Lu\n|-supereffective|p1a: Ting-Lu\n|-damage|p1a: Ting-Lu|82\/100\n|move|p1a: Ting-Lu|Earthquake|p2a: Gengar\n|-supereffective|p2a: Gengar\n|-damage|p2a: Gengar|0 fnt\n|-start|p1a: Ting-Lu|Disable|Earthquake|[from] ability: Cursed Body|[of] p2a: Gengar\n|faint|p2a: Gengar\n|\n|-heal|p1a: Ting-Lu|89\/100|[from] item: Leftovers\n|upkeep\n|\n|t:|1698518250\n|switch|p2a: Sneasler|Sneasler, F|100\/100\n|-damage|p2a: Sneasler|95\/100|[from] Stealth Rock\n|-item|p2a: Sneasler|Air Balloon\n|turn|9\n|\n|t:|1698518258\n|switch|p1a: Gengar|Gengar, M|77\/100\n|move|p2a: Sneasler|Swords Dance|p2a: Sneasler\n|-boost|p2a: Sneasler|atk|2\n|\n|upkeep\n|turn|10\n|\n|t:|1698518265\n|move|p1a: Gengar|Taunt|p2a: Sneasler\n|-start|p2a: Sneasler|move: Taunt\n|move|p2a: Sneasler|Acrobatics|p1a: Gengar\n|-damage|p1a: Gengar|0 fnt\n|faint|p1a: Gengar\n|\n|upkeep\n|\n|t:|1698518284\n|switch|p1a: Greninja|Greninja, M|100\/100\n|turn|11\n|\n|t:|1698518287\n|move|p1a: Greninja|Extrasensory|p2a: Sneasler\n|-start|p1a: Greninja|typechange|Psychic|[from] ability: Protean\n|-supereffective|p2a: Sneasler\n|-damage|p2a: Sneasler|0 fnt\n|-enditem|p2a: Sneasler|Air Balloon\n|faint|p2a: Sneasler\n|\n|upkeep\n|\n|t:|1698518295\n|switch|p2a: Dragapult|Dragapult, M, shiny|100\/100\n|-damage|p2a: Dragapult|88\/100|[from] Stealth Rock\n|turn|12\n|\n|t:|1698518304\n|switch|p1a: Ting-Lu|Ting-Lu|89\/100\n|-ability|p1a: Ting-Lu|Vessel of Ruin\n|move|p2a: Dragapult|Phantom Force||[still]\n|-prepare|p2a: Dragapult|Phantom Force\n|\n|-heal|p1a: Ting-Lu|95\/100|[from] item: Leftovers\n|upkeep\n|turn|13\n|\n|t:|1698518311\n|move|p2a: Dragapult|Phantom Force|p1a: Ting-Lu|[from]lockedmove\n|-resisted|p1a: Ting-Lu\n|-damage|p1a: Ting-Lu|81\/100\n|move|p1a: Ting-Lu|Throat Chop|p2a: Dragapult\n|-supereffective|p2a: Dragapult\n|-damage|p2a: Dragapult|0 fnt\n|faint|p2a: Dragapult\n|\n|-heal|p1a: Ting-Lu|87\/100|[from] item: Leftovers\n|upkeep\n|\n|t:|1698518320\n|switch|p2a: Incineroar|Incineroar, M|100\/100\n|-damage|p2a: Incineroar|76\/100|[from] Stealth Rock\n|-ability|p2a: Incineroar|Intimidate|boost\n|-unboost|p1a: Ting-Lu|atk|1\n|turn|14\n|\n|t:|1698518328\n|move|p2a: Incineroar|Earthquake|p1a: Ting-Lu\n|-damage|p1a: Ting-Lu|73\/100\n|move|p1a: Ting-Lu|Earthquake|p2a: Incineroar\n|-supereffective|p2a: Incineroar\n|-damage|p2a: Incineroar|6\/100\n|\n|-heal|p1a: Ting-Lu|79\/100|[from] item: Leftovers\n|upkeep\n|turn|15\n|\n|t:|1698518338\n|move|p2a: Incineroar|Darkest Lariat|p1a: Ting-Lu\n|-resisted|p1a: Ting-Lu\n|-damage|p1a: Ting-Lu|70\/100\n|move|p1a: Ting-Lu|Earthquake|p2a: Incineroar\n|-supereffective|p2a: Incineroar\n|-damage|p2a: Incineroar|0 fnt\n|faint|p2a: Incineroar\n|\n|win|Elonias\n","uploadtime":1698518342,"views":7,"p1id":"elonias","p2id":"thebestrug","formatid":"gen9nationaldexubers","rating":0,"private":0,"password":""}