{"id":"gen9nationaldexubers-1983314509","p1":"Jrotc_Man","p2":"AnMoWuYou","format":"[Gen 9] National Dex Ubers","log":"|j|\u2606Jrotc_Man\n|j|\u2606AnMoWuYou\n|t:|1699117260\n|gametype|singles\n|player|p1|Jrotc_Man|lance|1297\n|player|p2|AnMoWuYou|n|1459\n|teamsize|p1|6\n|teamsize|p2|6\n|gen|9\n|tier|[Gen 9] National Dex Ubers\n|rated|\n|rule|HP Percentage Mod: HP is shown in percentages\n|rule|Endless Battle Clause: Forcing endless battles is banned\n|rule|OHKO Clause: OHKO moves are banned\n|rule|Evasion Moves Clause: Evasion moves are banned\n|rule|Evasion Items Clause: Evasion items are banned\n|rule|Species Clause: Limit one of each Pok\u00e9mon\n|rule|Sleep Clause Mod: Limit one foe put to sleep\n|rule|Mega Rayquaza Clause: You cannot mega evolve Rayquaza\n|clearpoke\n|poke|p1|Salamence, F|\n|poke|p1|Palkia-Origin|\n|poke|p1|Rayquaza|\n|poke|p1|Roaring Moon|\n|poke|p1|Eternatus|\n|poke|p1|Necrozma-Dusk-Mane|\n|poke|p2|Arceus|\n|poke|p2|Yveltal|\n|poke|p2|Groudon|\n|poke|p2|Necrozma-Dusk-Mane|\n|poke|p2|Ho-Oh|\n|poke|p2|Xerneas-*|\n|teampreview\n|\n|t:|1699117295\n|start\n|switch|p1a: Salamence|Salamence, F, shiny|100\/100\n|switch|p2a: Xerneas|Xerneas|100\/100\n|-ability|p1a: Salamence|Intimidate|boost\n|-unboost|p2a: Xerneas|atk|1\n|-ability|p2a: Xerneas|Fairy Aura\n|turn|1\n|\n|t:|1699117307\n|detailschange|p1a: Salamence|Salamence-Mega, F, shiny\n|-mega|p1a: Salamence|Salamence|Salamencite\n|move|p1a: Salamence|Dragon Dance|p1a: Salamence\n|-boost|p1a: Salamence|atk|1\n|-boost|p1a: Salamence|spe|1\n|move|p2a: Xerneas|Geomancy||[still]\n|-prepare|p2a: Xerneas|Geomancy\n|-enditem|p2a: Xerneas|Power Herb\n|-anim|p2a: Xerneas|Geomancy|p2a: Xerneas\n|-boost|p2a: Xerneas|spa|2\n|-boost|p2a: Xerneas|spd|2\n|-boost|p2a: Xerneas|spe|2\n|\n|upkeep\n|turn|2\n|\n|t:|1699117323\n|move|p2a: Xerneas|Moonblast|p1a: Salamence\n|-supereffective|p1a: Salamence\n|-damage|p1a: Salamence|0 fnt\n|faint|p1a: Salamence\n|\n|upkeep\n|\n|t:|1699117327\n|switch|p1a: Necrozma|Necrozma-Dusk-Mane|100\/100\n|turn|3\n|\n|t:|1699117334\n|-terastallize|p2a: Xerneas|Electric\n|move|p2a: Xerneas|Thunderbolt|p1a: Necrozma\n|-damage|p1a: Necrozma|11\/100\n|move|p1a: Necrozma|Sunsteel Strike|p2a: Xerneas\n|-resisted|p2a: Xerneas\n|-damage|p2a: Xerneas|69\/100\n|\n|upkeep\n|turn|4\n|\n|t:|1699117344\n|move|p2a: Xerneas|Thunderbolt|p1a: Necrozma\n|-damage|p1a: Necrozma|0 fnt\n|faint|p1a: Necrozma\n|\n|upkeep\n|\n|t:|1699117347\n|switch|p1a: Rayquaza|Rayquaza, shiny|100\/100\n|-ability|p1a: Rayquaza|Air Lock\n|turn|5\n|\n|t:|1699117358\n|move|p2a: Xerneas|Thunderbolt|p1a: Rayquaza\n|-damage|p1a: Rayquaza|3\/100\n|move|p1a: Rayquaza|Dragon Dance|p1a: Rayquaza\n|-boost|p1a: Rayquaza|atk|1\n|-boost|p1a: Rayquaza|spe|1\n|\n|upkeep\n|turn|6\n|\n|t:|1699117366\n|move|p2a: Xerneas|Thunderbolt|p1a: Rayquaza\n|-damage|p1a: Rayquaza|0 fnt\n|faint|p1a: Rayquaza\n|\n|upkeep\n|\n|t:|1699117369\n|switch|p1a: Palkia|Palkia-Origin|100\/100\n|-ability|p1a: Palkia|Pressure\n|turn|7\n|\n|t:|1699117375\n|move|p2a: Xerneas|Thunderbolt|p1a: Palkia\n|-damage|p1a: Palkia|10\/100\n|move|p1a: Palkia|Spacial Rend|p2a: Xerneas\n|-damage|p2a: Xerneas|38\/100\n|\n|upkeep\n|turn|8\n|\n|t:|1699117382\n|move|p2a: Xerneas|Thunderbolt|p1a: Palkia\n|-damage|p1a: Palkia|0 fnt\n|faint|p1a: Palkia\n|\n|upkeep\n|\n|t:|1699117384\n|switch|p1a: Eternatus|Eternatus|100\/100\n|-ability|p1a: Eternatus|Pressure\n|turn|9\n|\n|t:|1699117392\n|move|p2a: Xerneas|Moonblast|p1a: Eternatus\n|-damage|p1a: Eternatus|6\/100\n|-unboost|p1a: Eternatus|spa|1\n|move|p1a: Eternatus|Fire Blast|p2a: Xerneas\n|-damage|p2a: Xerneas|25\/100\n|\n|-heal|p1a: Eternatus|12\/100|[from] item: Leftovers\n|upkeep\n|turn|10\n|\n|t:|1699117402\n|move|p2a: Xerneas|Moonblast|p1a: Eternatus\n|-damage|p1a: Eternatus|0 fnt\n|faint|p1a: Eternatus\n|\n|upkeep\n|\n|t:|1699117405\n|switch|p1a: Roaring Moon|Roaring Moon|100\/100\n|-enditem|p1a: Roaring Moon|Booster Energy\n|-activate|p1a: Roaring Moon|ability: Protosynthesis|[fromitem]\n|-start|p1a: Roaring Moon|protosynthesisspe\n|turn|11\n|\n|t:|1699117412\n|-terastallize|p1a: Roaring Moon|Flying\n|move|p2a: Xerneas|Moonblast|p1a: Roaring Moon\n|-damage|p1a: Roaring Moon|0 fnt\n|faint|p1a: Roaring Moon\n|-end|p1a: Roaring Moon|Protosynthesis|[silent]\n|\n|win|AnMoWuYou\n|raw|Jrotc_Man's rating: 1297 &rarr; <strong>1283<\/strong><br \/>(-14 for losing)\n|raw|AnMoWuYou's rating: 1459 &rarr; <strong>1470<\/strong><br \/>(+11 for winning)\n|c|\u2606AnMoWuYou|gg\n|c|\u2606AnMoWuYou|\u597d\u5feb\n","uploadtime":1699117495,"views":9,"p1id":"jrotcman","p2id":"anmowuyou","formatid":"gen9nationaldexubers","rating":1283,"private":0,"password":""}