{"id":"gen9nationaldexubers-1979250298","p1":"yttfgghjj","p2":"RucolaLuca","format":"[Gen 9] National Dex Ubers","log":"|j|\u2606yttfgghjj\n|j|\u2606RucolaLuca\n|t:|1698660782\n|gametype|singles\n|player|p1|yttfgghjj|unknownf|1013\n|player|p2|RucolaLuca|swimmerf-gen4|1089\n|teamsize|p1|3\n|teamsize|p2|6\n|gen|9\n|tier|[Gen 9] National Dex Ubers\n|rated|\n|rule|HP Percentage Mod: HP is shown in percentages\n|rule|Endless Battle Clause: Forcing endless battles is banned\n|rule|OHKO Clause: OHKO moves are banned\n|rule|Evasion Moves Clause: Evasion moves are banned\n|rule|Evasion Items Clause: Evasion items are banned\n|rule|Species Clause: Limit one of each Pok\u00e9mon\n|rule|Sleep Clause Mod: Limit one foe put to sleep\n|rule|Mega Rayquaza Clause: You cannot mega evolve Rayquaza\n|clearpoke\n|poke|p1|Charizard, M|\n|poke|p1|Cyclizar, M|\n|poke|p1|Glimmora, M|\n|poke|p2|Latios, M|\n|poke|p2|Rotom-Wash|\n|poke|p2|Kartana|\n|poke|p2|Groudon|\n|poke|p2|Qwilfish-Hisui, F|\n|poke|p2|Excadrill, F|\n|teampreview\n|\n|t:|1698660801\n|start\n|switch|p1a: Glimmora|Glimmora, M|100\/100\n|switch|p2a: Rotom|Rotom-Wash|100\/100\n|turn|1\n|\n|t:|1698660808\n|move|p2a: Rotom|Hydro Pump|p1a: Glimmora|[miss]\n|-miss|p2a: Rotom|p1a: Glimmora\n|move|p1a: Glimmora|Stealth Rock|p2a: Rotom\n|-sidestart|p2: RucolaLuca|move: Stealth Rock\n|\n|upkeep\n|turn|2\n|\n|t:|1698660813\n|move|p2a: Rotom|Hydro Pump|p1a: Glimmora|[miss]\n|-miss|p2a: Rotom|p1a: Glimmora\n|move|p1a: Glimmora|Light Screen|p1a: Glimmora\n|-sidestart|p1: yttfgghjj|move: Light Screen\n|\n|upkeep\n|turn|3\n|\n|t:|1698660818\n|move|p2a: Rotom|Hydro Pump|p1a: Glimmora|[miss]\n|-miss|p2a: Rotom|p1a: Glimmora\n|move|p1a: Glimmora|Reflect|p1a: Glimmora\n|-sidestart|p1: yttfgghjj|Reflect\n|\n|upkeep\n|turn|4\n|\n|t:|1698660828\n|switch|p1a: Cyclizar|Cyclizar, M|100\/100\n|move|p2a: Rotom|Hydro Pump|p1a: Cyclizar\n|-resisted|p1a: Cyclizar\n|-damage|p1a: Cyclizar|83\/100\n|\n|upkeep\n|turn|5\n|\n|t:|1698660839\n|switch|p2a: Excadrill|Excadrill, F|100\/100\n|-damage|p2a: Excadrill|97\/100|[from] Stealth Rock\n|-ability|p2a: Excadrill|Mold Breaker\n|move|p1a: Cyclizar|Shed Tail|p1a: Cyclizar\n|-start|p1a: Cyclizar|Substitute|[from] move: Shed Tail\n|-damage|p1a: Cyclizar|33\/100\n|\n|t:|1698660841\n|switch|p1a: Charizard|Charizard, M|100\/100|[from] Shed Tail\n|\n|upkeep\n|turn|6\n|\n|t:|1698660844\n|detailschange|p1a: Charizard|Charizard-Mega-X, M\n|-mega|p1a: Charizard|Charizard|Charizardite X\n|move|p2a: Excadrill|Rapid Spin|p1a: Charizard\n|-activate|p1a: Charizard|move: Substitute|[damage]\n|-sideend|p2: RucolaLuca|Stealth Rock|[from] move: Rapid Spin|[of] p2a: Excadrill\n|-boost|p2a: Excadrill|spe|1\n|move|p1a: Charizard|Belly Drum|p1a: Charizard\n|-damage|p1a: Charizard|50\/100\n|-setboost|p1a: Charizard|atk|6|[from] move: Belly Drum\n|-enditem|p2a: Excadrill|Mirror Herb\n|-boost|p2a: Excadrill|atk|6|[from] item: Mirror Herb\n|\n|upkeep\n|turn|7\n|\n|t:|1698660857\n|move|p2a: Excadrill|Iron Head|p1a: Charizard\n|-resisted|p1a: Charizard\n|-end|p1a: Charizard|Substitute\n|move|p1a: Charizard|Flame Charge|p2a: Excadrill\n|-supereffective|p2a: Excadrill\n|-damage|p2a: Excadrill|0 fnt\n|-boost|p1a: Charizard|spe|1\n|faint|p2a: Excadrill\n|\n|upkeep\n|\n|t:|1698660876\n|switch|p2a: Groudon|Groudon|100\/100\n|detailschange|p2a: Groudon|Groudon-Primal\n|-primal|p2a: Groudon|Red Orb\n|-weather|DesolateLand|[from] ability: Desolate Land|[of] p2a: Groudon\n|turn|8\n|\n|t:|1698660893\n|move|p1a: Charizard|Earthquake|p2a: Groudon\n|-supereffective|p2a: Groudon\n|-damage|p2a: Groudon|0 fnt\n|faint|p2a: Groudon\n|-weather|none\n|\n|upkeep\n|\n|t:|1698660899\n|switch|p2a: Rotom|Rotom-Wash|100\/100\n|turn|9\n|\n|t:|1698660908\n|move|p1a: Charizard|Flame Charge|p2a: Rotom\n|-resisted|p2a: Rotom\n|-damage|p2a: Rotom|4\/100\n|-boost|p1a: Charizard|spe|1\n|move|p2a: Rotom|Hydro Pump|p1a: Charizard\n|-damage|p1a: Charizard|16\/100\n|\n|-sideend|p1: yttfgghjj|move: Light Screen\n|upkeep\n|turn|10\n|\n|t:|1698660915\n|move|p1a: Charizard|Flame Charge|p2a: Rotom\n|-resisted|p2a: Rotom\n|-damage|p2a: Rotom|0 fnt\n|-boost|p1a: Charizard|spe|1\n|faint|p2a: Rotom\n|\n|-sideend|p1: yttfgghjj|Reflect\n|upkeep\n|\n|t:|1698660917\n|switch|p2a: Qwilfish|Qwilfish-Hisui, F|100\/100\n|-ability|p2a: Qwilfish|Intimidate|boost\n|-unboost|p1a: Charizard|atk|1\n|turn|11\n|\n|t:|1698660925\n|-terastallize|p2a: Qwilfish|Flying\n|move|p2a: Qwilfish|Aqua Jet|p1a: Charizard\n|-damage|p1a: Charizard|5\/100\n|move|p1a: Charizard|Earthquake|p2a: Qwilfish\n|-immune|p2a: Qwilfish\n|\n|upkeep\n|turn|12\n|\n|t:|1698660930\n|move|p2a: Qwilfish|Aqua Jet|p1a: Charizard\n|-damage|p1a: Charizard|0 fnt\n|faint|p1a: Charizard\n|\n|upkeep\n|l|\u2606yttfgghjj\n|player|p1|\n|inactive|Battle timer is ON: inactive players will automatically lose when time's up. (requested by RucolaLuca)\n|inactive|yttfgghjj has 30 seconds to reconnect!\n|inactive|yttfgghjj has 20 seconds to reconnect!\n|inactive|yttfgghjj has 15 seconds to reconnect!\n|inactive|yttfgghjj has 10 seconds to reconnect!\n|inactive|yttfgghjj has 5 seconds to reconnect!\n|-message|yttfgghjj lost due to inactivity.\n|\n|win|RucolaLuca\n|raw|yttfgghjj's rating: 1013 &rarr; <strong>1004<\/strong><br \/>(-9 for losing)\n|raw|RucolaLuca's rating: 1089 &rarr; <strong>1110<\/strong><br \/>(+21 for winning)\n","uploadtime":1698661196,"views":12,"p1id":"yttfgghjj","p2id":"rucolaluca","formatid":"gen9nationaldexubers","rating":1004,"private":0,"password":""}