{"id":"gen9nationaldexubers-1980486966","p1":"EpicGamer069420","p2":"tootmimi","format":"[Gen 9] National Dex Ubers","log":"|j|\u2606EpicGamer069420\n|j|\u2606tootmimi\n|t:|1698789590\n|gametype|singles\n|player|p1|EpicGamer069420|lucas|1627\n|player|p2|tootmimi|169|1624\n|teamsize|p1|6\n|teamsize|p2|6\n|gen|9\n|tier|[Gen 9] National Dex Ubers\n|rated|\n|rule|HP Percentage Mod: HP is shown in percentages\n|rule|Endless Battle Clause: Forcing endless battles is banned\n|rule|OHKO Clause: OHKO moves are banned\n|rule|Evasion Moves Clause: Evasion moves are banned\n|rule|Evasion Items Clause: Evasion items are banned\n|rule|Species Clause: Limit one of each Pok\u00e9mon\n|rule|Sleep Clause Mod: Limit one foe put to sleep\n|rule|Mega Rayquaza Clause: You cannot mega evolve Rayquaza\n|clearpoke\n|poke|p1|Heatran, M|\n|poke|p1|Necrozma-Dusk-Mane|\n|poke|p1|Xerneas-*|\n|poke|p1|Groudon|\n|poke|p1|Lugia|\n|poke|p1|Arceus-Ground|\n|poke|p2|Groudon|\n|poke|p2|Yveltal|\n|poke|p2|Calyrex-Ice|\n|poke|p2|Necrozma-Dusk-Mane|\n|poke|p2|Kangaskhan, F|\n|poke|p2|Tapu Lele|\n|teampreview\n|inactive|Battle timer is ON: inactive players will automatically lose when time's up. (requested by EpicGamer069420)\n|\n|t:|1698789604\n|start\n|switch|p1a: Necrozma|Necrozma-Dusk-Mane|100\/100\n|switch|p2a: Yveltal|Yveltal|100\/100\n|-ability|p2a: Yveltal|Dark Aura\n|turn|1\n|\n|t:|1698789616\n|switch|p1a: Xerneas|Xerneas|100\/100\n|-ability|p1a: Xerneas|Fairy Aura\n|move|p2a: Yveltal|Knock Off|p1a: Xerneas\n|-resisted|p1a: Xerneas\n|-damage|p1a: Xerneas|76\/100\n|-enditem|p1a: Xerneas|Leftovers|[from] move: Knock Off|[of] p2a: Yveltal\n|\n|upkeep\n|turn|2\n|\n|t:|1698789631\n|switch|p2a: Necrozma|Necrozma-Dusk-Mane|100\/100\n|move|p1a: Xerneas|Moonblast|p2a: Necrozma\n|-resisted|p2a: Necrozma\n|-damage|p2a: Necrozma|78\/100\n|\n|-heal|p2a: Necrozma|84\/100|[from] item: Leftovers\n|upkeep\n|turn|3\n|\n|t:|1698789640\n|switch|p1a: Necrozma|Necrozma-Dusk-Mane|100\/100\n|move|p2a: Necrozma|Stealth Rock|p1a: Necrozma\n|-sidestart|p1: EpicGamer069420|move: Stealth Rock\n|\n|-heal|p2a: Necrozma|90\/100|[from] item: Leftovers\n|upkeep\n|turn|4\n|\n|t:|1698789650\n|switch|p2a: Groudon|Groudon|100\/100\n|detailschange|p2a: Groudon|Groudon-Primal\n|-primal|p2a: Groudon|Red Orb\n|-weather|DesolateLand|[from] ability: Desolate Land|[of] p2a: Groudon\n|move|p1a: Necrozma|Knock Off|p2a: Groudon\n|-damage|p2a: Groudon|88\/100\n|\n|-weather|DesolateLand|[upkeep]\n|upkeep\n|turn|5\n|\n|t:|1698789668\n|switch|p1a: Heatran|Heatran, M|100\/100\n|-damage|p1a: Heatran|88\/100|[from] Stealth Rock\n|-item|p1a: Heatran|Air Balloon\n|move|p2a: Groudon|Earthquake|p1a: Heatran\n|-immune|p1a: Heatran\n|\n|-weather|DesolateLand|[upkeep]\n|upkeep\n|turn|6\n|\n|t:|1698789677\n|move|p1a: Heatran|Toxic|p2a: Groudon\n|-status|p2a: Groudon|tox\n|move|p2a: Groudon|Stone Edge|p1a: Heatran\n|-damage|p1a: Heatran|43\/100\n|-enditem|p1a: Heatran|Air Balloon\n|\n|-weather|DesolateLand|[upkeep]\n|-damage|p2a: Groudon|82\/100 tox|[from] psn\n|upkeep\n|turn|7\n|\n|t:|1698789690\n|-weather|none\n|switch|p2a: Yveltal|Yveltal|100\/100\n|-ability|p2a: Yveltal|Dark Aura\n|move|p1a: Heatran|Earth Power|p2a: Yveltal\n|-immune|p2a: Yveltal\n|\n|upkeep\n|turn|8\n|\n|t:|1698789703\n|move|p2a: Yveltal|Knock Off|p1a: Heatran\n|-damage|p1a: Heatran|0 fnt\n|faint|p1a: Heatran\n|\n|upkeep\n|\n|t:|1698789714\n|switch|p1a: Arceus|Arceus-Ground|100\/100\n|-damage|p1a: Arceus|94\/100|[from] Stealth Rock\n|turn|9\n|\n|t:|1698789720\n|switch|p1a: Necrozma|Necrozma-Dusk-Mane|100\/100\n|-damage|p1a: Necrozma|94\/100|[from] Stealth Rock\n|switch|p2a: Calyrex|Calyrex-Ice|100\/100\n|-ability|p2a: Calyrex|As One\n|-ability|p2a: Calyrex|Unnerve\n|\n|-heal|p1a: Necrozma|100\/100|[from] item: Leftovers\n|upkeep\n|turn|10\n|\n|t:|1698789731\n|switch|p2a: Groudon|Groudon-Primal|82\/100 tox\n|-weather|DesolateLand|[from] ability: Desolate Land|[of] p2a: Groudon\n|move|p1a: Necrozma|Knock Off|p2a: Groudon\n|-damage|p2a: Groudon|70\/100 tox\n|\n|-weather|DesolateLand|[upkeep]\n|-damage|p2a: Groudon|63\/100 tox|[from] psn\n|upkeep\n|turn|11\n|\n|t:|1698789745\n|switch|p1a: Arceus|Arceus-Ground|94\/100\n|-damage|p1a: Arceus|88\/100|[from] Stealth Rock\n|move|p2a: Groudon|Earthquake|p1a: Arceus\n|-damage|p1a: Arceus|48\/100\n|\n|-weather|DesolateLand|[upkeep]\n|-damage|p2a: Groudon|51\/100 tox|[from] psn\n|upkeep\n|turn|12\n|\n|t:|1698789757\n|-weather|none\n|switch|p2a: Yveltal|Yveltal|100\/100\n|-ability|p2a: Yveltal|Dark Aura\n|move|p1a: Arceus|Recover|p1a: Arceus\n|-heal|p1a: Arceus|98\/100\n|\n|upkeep\n|turn|13\n|\n|t:|1698789766\n|move|p1a: Arceus|Calm Mind|p1a: Arceus\n|-boost|p1a: Arceus|spa|1\n|-boost|p1a: Arceus|spd|1\n|move|p2a: Yveltal|Knock Off|p1a: Arceus\n|-damage|p1a: Arceus|66\/100\n|\n|upkeep\n|turn|14\n|\n|t:|1698789787\n|move|p1a: Arceus|Ice Beam|p2a: Yveltal\n|-supereffective|p2a: Yveltal\n|-damage|p2a: Yveltal|47\/100\n|move|p2a: Yveltal|Knock Off|p1a: Arceus\n|-damage|p1a: Arceus|35\/100\n|\n|upkeep\n|turn|15\n|\n|t:|1698789794\n|move|p1a: Arceus|Recover|p1a: Arceus\n|-heal|p1a: Arceus|85\/100\n|move|p2a: Yveltal|Knock Off|p1a: Arceus\n|-damage|p1a: Arceus|51\/100\n|\n|upkeep\n|turn|16\n|\n|t:|1698789800\n|move|p1a: Arceus|Recover|p1a: Arceus\n|-heal|p1a: Arceus|100\/100\n|move|p2a: Yveltal|Knock Off|p1a: Arceus\n|-damage|p1a: Arceus|67\/100\n|\n|upkeep\n|turn|17\n|\n|t:|1698789807\n|move|p2a: Yveltal|Sucker Punch|p1a: Arceus\n|-damage|p1a: Arceus|29\/100\n|move|p1a: Arceus|Ice Beam|p2a: Yveltal\n|-supereffective|p2a: Yveltal\n|-damage|p2a: Yveltal|0 fnt\n|faint|p2a: Yveltal\n|\n|upkeep\n|\n|t:|1698789820\n|switch|p2a: Tapu Lele|Tapu Lele|100\/100\n|-fieldstart|move: Psychic Terrain|[from] ability: Psychic Surge|[of] p2a: Tapu Lele\n|turn|18\n|\n|t:|1698789827\n|switch|p1a: Necrozma|Necrozma-Dusk-Mane|100\/100\n|-damage|p1a: Necrozma|94\/100|[from] Stealth Rock\n|move|p2a: Tapu Lele|Psyshock|p1a: Necrozma\n|-resisted|p1a: Necrozma\n|-damage|p1a: Necrozma|88\/100\n|\n|-heal|p1a: Necrozma|94\/100|[from] item: Leftovers\n|upkeep\n|turn|19\n|\n|t:|1698789839\n|switch|p2a: Necrozma|Necrozma-Dusk-Mane|90\/100\n|move|p1a: Necrozma|Earthquake|p2a: Necrozma\n|-supereffective|p2a: Necrozma\n|-damage|p2a: Necrozma|64\/100\n|\n|-heal|p1a: Necrozma|99\/100|[from] item: Leftovers\n|-heal|p2a: Necrozma|70\/100|[from] item: Leftovers\n|upkeep\n|turn|20\n|\n|t:|1698789848\n|move|p1a: Necrozma|Knock Off|p2a: Necrozma\n|-supereffective|p2a: Necrozma\n|-damage|p2a: Necrozma|43\/100\n|-enditem|p2a: Necrozma|Leftovers|[from] move: Knock Off|[of] p1a: Necrozma\n|move|p2a: Necrozma|Trick Room|p2a: Necrozma\n|-fieldstart|move: Trick Room|[of] p2a: Necrozma\n|\n|-heal|p1a: Necrozma|100\/100|[from] item: Leftovers\n|upkeep\n|turn|21\n|\n|t:|1698789858\n|switch|p2a: Groudon|Groudon-Primal|51\/100 tox\n|-weather|DesolateLand|[from] ability: Desolate Land|[of] p2a: Groudon\n|move|p1a: Necrozma|Earthquake|p2a: Groudon\n|-supereffective|p2a: Groudon\n|-damage|p2a: Groudon|14\/100 tox\n|\n|-weather|DesolateLand|[upkeep]\n|-damage|p2a: Groudon|8\/100 tox|[from] psn\n|upkeep\n|turn|22\n|\n|t:|1698789869\n|move|p1a: Necrozma|Earthquake|p2a: Groudon\n|-supereffective|p2a: Groudon\n|-damage|p2a: Groudon|0 fnt\n|faint|p2a: Groudon\n|-weather|none\n|\n|-fieldend|move: Psychic Terrain\n|upkeep\n|\n|t:|1698789877\n|switch|p2a: Kangaskhan|Kangaskhan, F|100\/100\n|turn|23\n|\n|t:|1698789882\n|detailschange|p2a: Kangaskhan|Kangaskhan-Mega, F\n|-mega|p2a: Kangaskhan|Kangaskhan|Kangaskhanite\n|move|p2a: Kangaskhan|Fake Out|p1a: Necrozma\n|-resisted|p1a: Necrozma\n|-damage|p1a: Necrozma|95\/100\n|-resisted|p1a: Necrozma\n|-damage|p1a: Necrozma|93\/100\n|-hitcount|p1a: Necrozma|2\n|cant|p1a: Necrozma|flinch\n|\n|-heal|p1a: Necrozma|99\/100|[from] item: Leftovers\n|upkeep\n|turn|24\n|\n|t:|1698789894\n|switch|p1a: Lugia|Lugia|100\/100\n|move|p2a: Kangaskhan|Crunch|p1a: Lugia\n|-supereffective|p1a: Lugia\n|-damage|p1a: Lugia|85\/100\n|-supereffective|p1a: Lugia\n|-damage|p1a: Lugia|78\/100\n|-unboost|p1a: Lugia|def|1\n|-hitcount|p1a: Lugia|2\n|\n|-fieldend|move: Trick Room\n|upkeep\n|turn|25\n|\n|t:|1698789908\n|move|p2a: Kangaskhan|Crunch|p1a: Lugia\n|-supereffective|p1a: Lugia\n|-damage|p1a: Lugia|37\/100\n|-supereffective|p1a: Lugia\n|-damage|p1a: Lugia|26\/100\n|-unboost|p1a: Lugia|def|1\n|-hitcount|p1a: Lugia|2\n|move|p1a: Lugia|Toxic|p2a: Kangaskhan|[miss]\n|-miss|p1a: Lugia|p2a: Kangaskhan\n|\n|upkeep\n|turn|26\n|inactive|EpicGamer069420 has 120 seconds left.\n|inactive|EpicGamer069420 has 90 seconds left.\n|\n|t:|1698789969\n|move|p2a: Kangaskhan|Body Slam|p1a: Lugia\n|-damage|p1a: Lugia|0 fnt\n|faint|p1a: Lugia\n|-hitcount|p1: Lugia|1\n|\n|upkeep\n|inactive|EpicGamer069420 has 90 seconds left.\n|\n|t:|1698789985\n|switch|p1a: Groudon|Groudon|100\/100\n|-damage|p1a: Groudon|94\/100|[from] Stealth Rock\n|detailschange|p1a: Groudon|Groudon-Primal\n|-primal|p1a: Groudon|Red Orb\n|-weather|DesolateLand|[from] ability: Desolate Land|[of] p1a: Groudon\n|turn|27\n|\n|t:|1698789994\n|move|p2a: Kangaskhan|Body Slam|p1a: Groudon\n|-damage|p1a: Groudon|64\/100\n|-damage|p1a: Groudon|57\/100\n|-hitcount|p1a: Groudon|2\n|move|p1a: Groudon|Heat Crash|p2a: Kangaskhan\n|-damage|p2a: Kangaskhan|0 fnt\n|faint|p2a: Kangaskhan\n|\n|-weather|DesolateLand|[upkeep]\n|upkeep\n|\n|t:|1698790008\n|switch|p2a: Tapu Lele|Tapu Lele|100\/100\n|-fieldstart|move: Psychic Terrain|[from] ability: Psychic Surge|[of] p2a: Tapu Lele\n|turn|28\n|\n|t:|1698790013\n|-weather|none\n|switch|p1a: Necrozma|Necrozma-Dusk-Mane|99\/100\n|-damage|p1a: Necrozma|93\/100|[from] Stealth Rock\n|move|p2a: Tapu Lele|Psychic|p1a: Necrozma\n|-resisted|p1a: Necrozma\n|-damage|p1a: Necrozma|82\/100\n|\n|-heal|p1a: Necrozma|88\/100|[from] item: Leftovers\n|upkeep\n|turn|29\n|\n|t:|1698790024\n|switch|p2a: Necrozma|Necrozma-Dusk-Mane|43\/100\n|move|p1a: Necrozma|Knock Off|p2a: Necrozma\n|-supereffective|p2a: Necrozma\n|-damage|p2a: Necrozma|27\/100\n|\n|-heal|p1a: Necrozma|94\/100|[from] item: Leftovers\n|upkeep\n|turn|30\n|\n|t:|1698790032\n|move|p1a: Necrozma|Earthquake|p2a: Necrozma\n|-supereffective|p2a: Necrozma\n|-damage|p2a: Necrozma|1\/100\n|move|p2a: Necrozma|Moonlight|p2a: Necrozma\n|-heal|p2a: Necrozma|51\/100\n|\n|-heal|p1a: Necrozma|99\/100|[from] item: Leftovers\n|upkeep\n|turn|31\n|\n|t:|1698790041\n|switch|p1a: Arceus|Arceus-Ground|29\/100\n|-damage|p1a: Arceus|23\/100|[from] Stealth Rock\n|move|p2a: Necrozma|Moonlight|p2a: Necrozma\n|-heal|p2a: Necrozma|100\/100\n|\n|upkeep\n|turn|32\n|\n|t:|1698790049\n|move|p1a: Arceus|Recover|p1a: Arceus\n|-heal|p1a: Arceus|73\/100\n|move|p2a: Necrozma|Trick Room|p2a: Necrozma\n|-fieldstart|move: Trick Room|[of] p2a: Necrozma\n|\n|-fieldend|move: Psychic Terrain\n|upkeep\n|turn|33\n|\n|t:|1698790059\n|switch|p2a: Calyrex|Calyrex-Ice|100\/100\n|-ability|p2a: Calyrex|As One\n|-ability|p2a: Calyrex|Unnerve\n|switch|p1a: Necrozma|Necrozma-Dusk-Mane|99\/100\n|-damage|p1a: Necrozma|94\/100|[from] Stealth Rock\n|\n|-heal|p1a: Necrozma|99\/100|[from] item: Leftovers\n|upkeep\n|turn|34\n|\n|t:|1698790076\n|-terastallize|p2a: Calyrex|Fighting\n|move|p2a: Calyrex|High Horsepower|p1a: Necrozma\n|-supereffective|p1a: Necrozma\n|-damage|p1a: Necrozma|67\/100\n|move|p1a: Necrozma|Toxic|p2a: Calyrex\n|-status|p2a: Calyrex|tox\n|\n|-heal|p1a: Necrozma|73\/100|[from] item: Leftovers\n|-damage|p2a: Calyrex|94\/100 tox|[from] psn\n|upkeep\n|turn|35\n|\n|t:|1698790088\n|move|p2a: Calyrex|Close Combat|p1a: Necrozma\n|-damage|p1a: Necrozma|27\/100\n|-unboost|p2a: Calyrex|def|1\n|-unboost|p2a: Calyrex|spd|1\n|move|p1a: Necrozma|Morning Sun|p1a: Necrozma\n|-heal|p1a: Necrozma|77\/100\n|\n|-heal|p1a: Necrozma|83\/100|[from] item: Leftovers\n|-damage|p2a: Calyrex|82\/100 tox|[from] psn\n|upkeep\n|turn|36\n|\n|t:|1698790105\n|switch|p2a: Necrozma|Necrozma-Dusk-Mane|100\/100\n|move|p1a: Necrozma|Morning Sun|p1a: Necrozma\n|-heal|p1a: Necrozma|100\/100\n|\n|-fieldend|move: Trick Room\n|upkeep\n|turn|37\n|\n|t:|1698790117\n|switch|p1a: Arceus|Arceus-Ground|73\/100\n|-damage|p1a: Arceus|67\/100|[from] Stealth Rock\n|move|p2a: Necrozma|Trick Room|p2a: Necrozma\n|-fieldstart|move: Trick Room|[of] p2a: Necrozma\n|\n|upkeep\n|turn|38\n|\n|t:|1698790127\n|switch|p2a: Calyrex|Calyrex-Ice, tera:Fighting|82\/100 tox\n|-ability|p2a: Calyrex|As One\n|-ability|p2a: Calyrex|Unnerve\n|move|p1a: Arceus|Judgment|p2a: Calyrex\n|-damage|p2a: Calyrex|48\/100 tox\n|\n|-damage|p2a: Calyrex|42\/100 tox|[from] psn\n|upkeep\n|turn|39\n|\n|t:|1698790138\n|switch|p1a: Necrozma|Necrozma-Dusk-Mane|100\/100\n|-damage|p1a: Necrozma|94\/100|[from] Stealth Rock\n|move|p2a: Calyrex|Close Combat|p1a: Necrozma\n|-damage|p1a: Necrozma|49\/100\n|-unboost|p2a: Calyrex|def|1\n|-unboost|p2a: Calyrex|spd|1\n|\n|-heal|p1a: Necrozma|55\/100|[from] item: Leftovers\n|-damage|p2a: Calyrex|30\/100 tox|[from] psn\n|upkeep\n|turn|40\n|\n|t:|1698790150\n|move|p2a: Calyrex|Close Combat|p1a: Necrozma\n|-damage|p1a: Necrozma|10\/100\n|-unboost|p2a: Calyrex|def|1\n|-unboost|p2a: Calyrex|spd|1\n|move|p1a: Necrozma|Morning Sun|p1a: Necrozma\n|-heal|p1a: Necrozma|60\/100\n|\n|-heal|p1a: Necrozma|66\/100|[from] item: Leftovers\n|-damage|p2a: Calyrex|11\/100 tox|[from] psn\n|upkeep\n|turn|41\n|\n|t:|1698790161\n|switch|p2a: Necrozma|Necrozma-Dusk-Mane|100\/100\n|move|p1a: Necrozma|Morning Sun|p1a: Necrozma\n|-heal|p1a: Necrozma|100\/100\n|\n|-fieldend|move: Trick Room\n|upkeep\n|turn|42\n|\n|t:|1698790169\n|switch|p1a: Groudon|Groudon-Primal|57\/100\n|-damage|p1a: Groudon|44\/100|[from] Stealth Rock\n|-weather|DesolateLand|[from] ability: Desolate Land|[of] p1a: Groudon\n|switch|p2a: Tapu Lele|Tapu Lele|100\/100\n|-fieldstart|move: Psychic Terrain|[from] ability: Psychic Surge|[of] p2a: Tapu Lele\n|\n|-weather|DesolateLand|[upkeep]\n|upkeep\n|turn|43\n|\n|t:|1698790181\n|-weather|none\n|switch|p1a: Necrozma|Necrozma-Dusk-Mane|100\/100\n|-damage|p1a: Necrozma|94\/100|[from] Stealth Rock\n|move|p2a: Tapu Lele|Psychic|p1a: Necrozma\n|-resisted|p1a: Necrozma\n|-damage|p1a: Necrozma|83\/100\n|\n|-heal|p1a: Necrozma|89\/100|[from] item: Leftovers\n|upkeep\n|turn|44\n|\n|t:|1698790193\n|switch|p2a: Necrozma|Necrozma-Dusk-Mane|100\/100\n|move|p1a: Necrozma|Knock Off|p2a: Necrozma\n|-supereffective|p2a: Necrozma\n|-damage|p2a: Necrozma|83\/100\n|\n|-heal|p1a: Necrozma|95\/100|[from] item: Leftovers\n|upkeep\n|turn|45\n|\n|t:|1698790203\n|switch|p1a: Arceus|Arceus-Ground|67\/100\n|-damage|p1a: Arceus|61\/100|[from] Stealth Rock\n|move|p2a: Necrozma|Trick Room|p2a: Necrozma\n|-fieldstart|move: Trick Room|[of] p2a: Necrozma\n|\n|upkeep\n|turn|46\n|\n|t:|1698790224\n|move|p2a: Necrozma|Sunsteel Strike|p1a: Arceus\n|-damage|p1a: Arceus|33\/100\n|move|p1a: Arceus|Judgment|p2a: Necrozma\n|-supereffective|p2a: Necrozma\n|-damage|p2a: Necrozma|28\/100\n|\n|-fieldend|move: Psychic Terrain\n|upkeep\n|turn|47\n|\n|t:|1698790233\n|move|p2a: Necrozma|Sunsteel Strike|p1a: Arceus\n|-damage|p1a: Arceus|5\/100\n|move|p1a: Arceus|Recover|p1a: Arceus\n|-heal|p1a: Arceus|55\/100\n|\n|upkeep\n|turn|48\n|\n|t:|1698790241\n|move|p2a: Necrozma|Moonlight|p2a: Necrozma\n|-heal|p2a: Necrozma|78\/100\n|move|p1a: Arceus|Recover|p1a: Arceus\n|-heal|p1a: Arceus|100\/100\n|\n|upkeep\n|turn|49\n|\n|t:|1698790269\n|move|p2a: Necrozma|Sunsteel Strike|p1a: Arceus\n|-damage|p1a: Arceus|73\/100\n|move|p1a: Arceus|Judgment|p2a: Necrozma\n|-supereffective|p2a: Necrozma\n|-damage|p2a: Necrozma|17\/100\n|\n|-fieldend|move: Trick Room\n|upkeep\n|turn|50\n|\n|t:|1698790278\n|move|p1a: Arceus|Judgment|p2a: Necrozma\n|-supereffective|p2a: Necrozma\n|-damage|p2a: Necrozma|0 fnt\n|faint|p2a: Necrozma\n|\n|upkeep\n|\n|t:|1698790284\n|switch|p2a: Tapu Lele|Tapu Lele|100\/100\n|-fieldstart|move: Psychic Terrain|[from] ability: Psychic Surge|[of] p2a: Tapu Lele\n|turn|51\n|\n|t:|1698790289\n|switch|p1a: Necrozma|Necrozma-Dusk-Mane|95\/100\n|-damage|p1a: Necrozma|89\/100|[from] Stealth Rock\n|move|p2a: Tapu Lele|Psychic|p1a: Necrozma\n|-resisted|p1a: Necrozma\n|-damage|p1a: Necrozma|77\/100\n|\n|-heal|p1a: Necrozma|83\/100|[from] item: Leftovers\n|upkeep\n|turn|52\n|\n|t:|1698790300\n|switch|p2a: Calyrex|Calyrex-Ice, tera:Fighting|11\/100 tox\n|-ability|p2a: Calyrex|As One\n|-ability|p2a: Calyrex|Unnerve\n|move|p1a: Necrozma|Knock Off|p2a: Calyrex\n|-resisted|p2a: Calyrex\n|-crit|p2a: Calyrex\n|-damage|p2a: Calyrex|0 fnt\n|-enditem|p2a: Calyrex|Heavy-Duty Boots|[from] move: Knock Off|[of] p1a: Necrozma\n|faint|p2a: Calyrex\n|\n|-heal|p1a: Necrozma|89\/100|[from] item: Leftovers\n|upkeep\n|\n|t:|1698790313\n|switch|p2a: Tapu Lele|Tapu Lele|100\/100\n|turn|53\n|\n|t:|1698790324\n|move|p2a: Tapu Lele|Moonblast|p1a: Necrozma\n|-resisted|p1a: Necrozma\n|-damage|p1a: Necrozma|71\/100\n|move|p1a: Necrozma|Toxic|p2a: Tapu Lele\n|-status|p2a: Tapu Lele|tox\n|\n|-heal|p1a: Necrozma|77\/100|[from] item: Leftovers\n|-damage|p2a: Tapu Lele|94\/100 tox|[from] psn\n|upkeep\n|turn|54\n|\n|t:|1698790334\n|move|p2a: Tapu Lele|Moonblast|p1a: Necrozma\n|-resisted|p1a: Necrozma\n|-damage|p1a: Necrozma|58\/100\n|move|p1a: Necrozma|Morning Sun|p1a: Necrozma\n|-heal|p1a: Necrozma|100\/100\n|\n|-damage|p2a: Tapu Lele|82\/100 tox|[from] psn\n|upkeep\n|turn|55\n|\n|t:|1698790343\n|move|p2a: Tapu Lele|Moonblast|p1a: Necrozma\n|-resisted|p1a: Necrozma\n|-damage|p1a: Necrozma|82\/100\n|move|p1a: Necrozma|Knock Off|p2a: Tapu Lele\n|-damage|p2a: Tapu Lele|33\/100 tox\n|-enditem|p2a: Tapu Lele|Choice Scarf|[from] move: Knock Off|[of] p1a: Necrozma\n|\n|-heal|p1a: Necrozma|88\/100|[from] item: Leftovers\n|-damage|p2a: Tapu Lele|15\/100 tox|[from] psn\n|-fieldend|move: Psychic Terrain\n|upkeep\n|turn|56\n|\n|t:|1698790354\n|move|p2a: Tapu Lele|Moonblast|p1a: Necrozma\n|-resisted|p1a: Necrozma\n|-damage|p1a: Necrozma|69\/100\n|move|p1a: Necrozma|Morning Sun|p1a: Necrozma\n|-heal|p1a: Necrozma|100\/100\n|\n|-damage|p2a: Tapu Lele|0 fnt|[from] psn\n|faint|p2a: Tapu Lele\n|\n|win|EpicGamer069420\n|upkeep\n|raw|EpicGamer069420's rating: 1627 &rarr; <strong>1647<\/strong><br \/>(+20 for winning)\n|raw|tootmimi's rating: 1624 &rarr; <strong>1604<\/strong><br \/>(-20 for losing)\n","uploadtime":1698790358,"views":15,"p1id":"epicgamer069420","p2id":"tootmimi","formatid":"gen9nationaldexubers","rating":1604,"private":0,"password":""}