{"id":"gen9nationaldexubers-1977903450","p1":"Jacobi420","p2":"Woqoqjqbshssb","format":"[Gen 9] National Dex Ubers","log":"|j|\u2606Jacobi420\n|j|\u2606Woqoqjqbshssb\n|t:|1698464152\n|gametype|singles\n|player|p1|Jacobi420|n-masters2|1100\n|player|p2|Woqoqjqbshssb|102|1050\n|teamsize|p1|5\n|teamsize|p2|6\n|gen|9\n|tier|[Gen 9] National Dex Ubers\n|rated|\n|rule|HP Percentage Mod: HP is shown in percentages\n|rule|Endless Battle Clause: Forcing endless battles is banned\n|rule|OHKO Clause: OHKO moves are banned\n|rule|Evasion Moves Clause: Evasion moves are banned\n|rule|Evasion Items Clause: Evasion items are banned\n|rule|Species Clause: Limit one of each Pok\u00e9mon\n|rule|Sleep Clause Mod: Limit one foe put to sleep\n|rule|Mega Rayquaza Clause: You cannot mega evolve Rayquaza\n|clearpoke\n|poke|p1|Hitmonlee, M|\n|poke|p1|Absol, M|\n|poke|p1|Skarmory, F|\n|poke|p1|Ribombee, M|\n|poke|p1|Deoxys-Speed|\n|poke|p2|Grimmsnarl, M|\n|poke|p2|Lugia|\n|poke|p2|Marshadow|\n|poke|p2|Salamence, M|\n|poke|p2|Rotom-Wash|\n|poke|p2|Volcarona, M|\n|teampreview\n|\n|t:|1698464158\n|start\n|switch|p1a: Deoxys|Deoxys-Speed|100\/100\n|switch|p2a: Grimmsnarl|Grimmsnarl, M|100\/100\n|-ability|p1a: Deoxys|Pressure\n|turn|1\n|\n|t:|1698464164\n|move|p2a: Grimmsnarl|Light Screen|p2a: Grimmsnarl\n|-sidestart|p2: Woqoqjqbshssb|move: Light Screen\n|move|p1a: Deoxys|Stealth Rock|p2a: Grimmsnarl\n|-sidestart|p2: Woqoqjqbshssb|move: Stealth Rock\n|\n|upkeep\n|turn|2\n|\n|t:|1698464168\n|move|p2a: Grimmsnarl|Reflect|p2a: Grimmsnarl\n|-sidestart|p2: Woqoqjqbshssb|Reflect\n|move|p1a: Deoxys|Spikes|p2a: Grimmsnarl\n|-sidestart|p2: Woqoqjqbshssb|Spikes\n|\n|upkeep\n|turn|3\n|\n|t:|1698464172\n|move|p1a: Deoxys|Spikes|p2a: Grimmsnarl\n|-sidestart|p2: Woqoqjqbshssb|Spikes\n|move|p2a: Grimmsnarl|Spirit Break|p1a: Deoxys\n|-damage|p1a: Deoxys|66\/100\n|-unboost|p1a: Deoxys|spa|1\n|\n|upkeep\n|turn|4\n|\n|t:|1698464177\n|move|p1a: Deoxys|Reflect|p1a: Deoxys\n|-sidestart|p1: Jacobi420|Reflect\n|move|p2a: Grimmsnarl|Spirit Break|p1a: Deoxys\n|-damage|p1a: Deoxys|47\/100\n|-unboost|p1a: Deoxys|spa|1\n|\n|upkeep\n|turn|5\n|\n|t:|1698464183\n|move|p1a: Deoxys|Spikes|p2a: Grimmsnarl\n|-sidestart|p2: Woqoqjqbshssb|Spikes\n|move|p2a: Grimmsnarl|Spirit Break|p1a: Deoxys\n|-damage|p1a: Deoxys|28\/100\n|-unboost|p1a: Deoxys|spa|1\n|\n|upkeep\n|turn|6\n|\n|t:|1698464188\n|move|p1a: Deoxys|Light Screen|p1a: Deoxys\n|-sidestart|p1: Jacobi420|move: Light Screen\n|move|p2a: Grimmsnarl|Spirit Break|p1a: Deoxys\n|-damage|p1a: Deoxys|10\/100\n|-unboost|p1a: Deoxys|spa|1\n|\n|upkeep\n|turn|7\n|\n|t:|1698464194\n|move|p1a: Deoxys|Light Screen||[still]\n|-fail|p1a: Deoxys\n|move|p2a: Grimmsnarl|Spirit Break|p1a: Deoxys\n|-damage|p1a: Deoxys|0 fnt\n|faint|p1a: Deoxys\n|\n|upkeep\n|\n|t:|1698464201\n|switch|p1a: Ribombee|Ribombee, M|100\/100\n|turn|8\n|\n|t:|1698464215\n|move|p2a: Grimmsnarl|Parting Shot|p1a: Ribombee\n|-unboost|p1a: Ribombee|atk|1\n|-unboost|p1a: Ribombee|spa|1\n|\n|t:|1698464219\n|switch|p2a: Salamence|Salamence, M|100\/100|[from] Parting Shot\n|-damage|p2a: Salamence|76\/100|[from] Stealth Rock\n|-ability|p2a: Salamence|Intimidate|boost\n|-unboost|p1a: Ribombee|atk|1\n|move|p1a: Ribombee|Sticky Web|p2a: Salamence\n|-sidestart|p2: Woqoqjqbshssb|move: Sticky Web\n|\n|-sideend|p2: Woqoqjqbshssb|move: Light Screen\n|upkeep\n|turn|9\n|\n|t:|1698464228\n|detailschange|p2a: Salamence|Salamence-Mega, M\n|-mega|p2a: Salamence|Salamence|Salamencite\n|move|p1a: Ribombee|Moonblast|p2a: Salamence\n|-supereffective|p2a: Salamence\n|-damage|p2a: Salamence|20\/100\n|-unboost|p2a: Salamence|spa|1\n|move|p2a: Salamence|Return|p1a: Ribombee\n|-supereffective|p1a: Ribombee\n|-enditem|p1a: Ribombee|Focus Sash\n|-damage|p1a: Ribombee|1\/100\n|\n|-sideend|p2: Woqoqjqbshssb|Reflect\n|upkeep\n|turn|10\n|\n|t:|1698464245\n|move|p1a: Ribombee|Moonblast|p2a: Salamence\n|-supereffective|p2a: Salamence\n|-damage|p2a: Salamence|0 fnt\n|faint|p2a: Salamence\n|\n|upkeep\n|\n|t:|1698464249\n|switch|p2a: Marshadow|Marshadow|100\/100\n|-damage|p2a: Marshadow|94\/100|[from] Stealth Rock\n|-damage|p2a: Marshadow|69\/100|[from] Spikes\n|-activate|p2a: Marshadow|move: Sticky Web\n|-unboost|p2a: Marshadow|spe|1\n|turn|11\n|\n|t:|1698464254\n|move|p2a: Marshadow|Shadow Sneak|p1a: Ribombee\n|-damage|p1a: Ribombee|0 fnt\n|faint|p1a: Ribombee\n|-damage|p2a: Marshadow|59\/100|[from] item: Life Orb\n|\n|-sideend|p1: Jacobi420|Reflect\n|upkeep\n|\n|t:|1698464261\n|switch|p1a: Skarmory|Skarmory, F|100\/100\n|turn|12\n|\n|t:|1698464267\n|-terastallize|p2a: Marshadow|Fighting\n|move|p2a: Marshadow|Close Combat|p1a: Skarmory\n|-damage|p1a: Skarmory|41\/100\n|-unboost|p2a: Marshadow|def|1\n|-unboost|p2a: Marshadow|spd|1\n|-damage|p2a: Marshadow|43\/100|[from] item: Rocky Helmet|[of] p1a: Skarmory\n|-damage|p2a: Marshadow|33\/100|[from] item: Life Orb\n|move|p1a: Skarmory|Counter|p2a: Marshadow\n|-damage|p2a: Marshadow|0 fnt\n|faint|p2a: Marshadow\n|\n|upkeep\n|\n|t:|1698464280\n|switch|p2a: Volcarona|Volcarona, M|100\/100\n|turn|13\n|\n|t:|1698464287\n|move|p2a: Volcarona|Fiery Dance|p1a: Skarmory\n|-supereffective|p1a: Skarmory\n|-damage|p1a: Skarmory|0 fnt\n|faint|p1a: Skarmory\n|\n|-sideend|p1: Jacobi420|move: Light Screen\n|upkeep\n|\n|t:|1698464293\n|switch|p1a: Hitmonlee|Hitmonlee, M|100\/100\n|turn|14\n|\n|t:|1698464308\n|move|p1a: Hitmonlee|Endure|p1a: Hitmonlee\n|-singleturn|p1a: Hitmonlee|move: Endure\n|move|p2a: Volcarona|Giga Drain|p1a: Hitmonlee\n|-damage|p1a: Hitmonlee|67\/100\n|\n|upkeep\n|turn|15\n|\n|t:|1698464314\n|move|p1a: Hitmonlee|Stone Edge|p2a: Volcarona\n|-supereffective|p2a: Volcarona\n|-damage|p2a: Volcarona|0 fnt\n|faint|p2a: Volcarona\n|\n|upkeep\n|\n|t:|1698464320\n|switch|p2a: Lugia|Lugia|100\/100\n|-damage|p2a: Lugia|75\/100|[from] Stealth Rock\n|turn|16\n|\n|t:|1698464324\n|move|p1a: Hitmonlee|Endure|p1a: Hitmonlee\n|-singleturn|p1a: Hitmonlee|move: Endure\n|move|p2a: Lugia|Toxic|p1a: Hitmonlee\n|-status|p1a: Hitmonlee|tox\n|\n|-heal|p2a: Lugia|82\/100|[from] item: Leftovers\n|-damage|p1a: Hitmonlee|61\/100 tox|[from] psn\n|upkeep\n|turn|17\n|\n|t:|1698464332\n|move|p1a: Hitmonlee|Stone Edge|p2a: Lugia|[miss]\n|-miss|p1a: Hitmonlee|p2a: Lugia\n|move|p2a: Lugia|Ice Beam|p1a: Hitmonlee\n|-damage|p1a: Hitmonlee|37\/100 tox\n|\n|-heal|p2a: Lugia|88\/100|[from] item: Leftovers\n|-damage|p1a: Hitmonlee|25\/100 tox|[from] psn\n|upkeep\n|-enditem|p1a: Hitmonlee|Liechi Berry|[eat]\n|-boost|p1a: Hitmonlee|atk|1|[from] item: Liechi Berry\n|turn|18\n|c|\u2606Jacobi420|woo wooo fun police woo woo\n|\n|t:|1698464341\n|move|p1a: Hitmonlee|Stone Edge|p2a: Lugia\n|-supereffective|p2a: Lugia\n|-damage|p2a: Lugia|32\/100\n|move|p2a: Lugia|Ice Beam|p1a: Hitmonlee\n|-damage|p1a: Hitmonlee|0 fnt\n|faint|p1a: Hitmonlee\n|\n|-heal|p2a: Lugia|38\/100|[from] item: Leftovers\n|upkeep\n|\n|t:|1698464349\n|switch|p1a: Absol|Absol, M|100\/100\n|-ability|p1a: Absol|Pressure\n|turn|19\n|\n|t:|1698464357\n|detailschange|p1a: Absol|Absol-Mega, M\n|-mega|p1a: Absol|Absol|Absolite\n|move|p1a: Absol|Sucker Punch||[still]\n|-fail|p1a: Absol\n|move|p2a: Lugia|Roost|p2a: Lugia\n|-heal|p2a: Lugia|88\/100\n|-singleturn|p2a: Lugia|move: Roost\n|\n|-heal|p2a: Lugia|94\/100|[from] item: Leftovers\n|upkeep\n|turn|20\n|\n|t:|1698464368\n|move|p1a: Absol|Swords Dance|p1a: Absol\n|-boost|p1a: Absol|atk|2\n|move|p2a: Lugia|Roost|p2a: Lugia\n|-heal|p2a: Lugia|100\/100\n|-singleturn|p2a: Lugia|move: Roost\n|\n|upkeep\n|turn|21\n|\n|t:|1698464374\n|move|p1a: Absol|Knock Off|p2a: Lugia\n|-supereffective|p2a: Lugia\n|-damage|p2a: Lugia|36\/100\n|-enditem|p2a: Lugia|Leftovers|[from] move: Knock Off|[of] p1a: Absol\n|move|p2a: Lugia|Toxic|p1a: Absol\n|move|p1a: Absol|Toxic|p2a: Lugia|[from]ability: Magic Bounce\n|-status|p2a: Lugia|tox\n|\n|-damage|p2a: Lugia|30\/100 tox|[from] psn\n|upkeep\n|turn|22\n|\n|t:|1698464385\n|move|p1a: Absol|Swords Dance|p1a: Absol\n|-boost|p1a: Absol|atk|2\n|move|p2a: Lugia|Ice Beam|p1a: Absol\n|-damage|p1a: Absol|63\/100\n|\n|-damage|p2a: Lugia|17\/100 tox|[from] psn\n|upkeep\n|turn|23\n|\n|t:|1698464392\n|move|p1a: Absol|Knock Off|p2a: Lugia\n|-supereffective|p2a: Lugia\n|-damage|p2a: Lugia|0 fnt\n|faint|p2a: Lugia\n|\n|upkeep\n|\n|t:|1698464400\n|switch|p2a: Grimmsnarl|Grimmsnarl, M|100\/100\n|-damage|p2a: Grimmsnarl|88\/100|[from] Stealth Rock\n|-damage|p2a: Grimmsnarl|63\/100|[from] Spikes\n|-activate|p2a: Grimmsnarl|move: Sticky Web\n|-unboost|p2a: Grimmsnarl|spe|1\n|turn|24\n|\n|t:|1698464406\n|move|p1a: Absol|Play Rough|p2a: Grimmsnarl\n|-supereffective|p2a: Grimmsnarl\n|-damage|p2a: Grimmsnarl|0 fnt\n|faint|p2a: Grimmsnarl\n|\n|upkeep\n|\n|t:|1698464410\n|switch|p2a: Rotom|Rotom-Wash|100\/100\n|-damage|p2a: Rotom|88\/100|[from] Stealth Rock\n|turn|25\n|\n|t:|1698464415\n|move|p1a: Absol|Knock Off|p2a: Rotom\n|-damage|p2a: Rotom|0 fnt\n|-enditem|p2a: Rotom|Leftovers|[from] move: Knock Off|[of] p1a: Absol\n|faint|p2a: Rotom\n|\n|win|Jacobi420\n|raw|Jacobi420's rating: 1100 &rarr; <strong>1121<\/strong><br \/>(+21 for winning)\n|raw|Woqoqjqbshssb's rating: 1050 &rarr; <strong>1035<\/strong><br \/>(-15 for losing)\n","uploadtime":1698464419,"views":20,"p1id":"jacobi420","p2id":"woqoqjqbshssb","formatid":"gen9nationaldexubers","rating":1035,"private":0,"password":""}