{"id":"gen9nationaldexubers-1979396035","p1":"AlexeiBCD","p2":"Matt WCW","format":"[Gen 9] National Dex Ubers","log":"|j|\u2606AlexeiBCD\n|j|\u2606Matt WCW\n|t:|1698679344\n|gametype|singles\n|player|p1|AlexeiBCD|dragontamer|\n|player|p2|Matt WCW|102|\n|teamsize|p1|6\n|teamsize|p2|6\n|gen|9\n|tier|[Gen 9] National Dex Ubers\n|rule|HP Percentage Mod: HP is shown in percentages\n|rule|Endless Battle Clause: Forcing endless battles is banned\n|rule|OHKO Clause: OHKO moves are banned\n|rule|Evasion Moves Clause: Evasion moves are banned\n|rule|Evasion Items Clause: Evasion items are banned\n|rule|Species Clause: Limit one of each Pok\u00e9mon\n|rule|Sleep Clause Mod: Limit one foe put to sleep\n|rule|Mega Rayquaza Clause: You cannot mega evolve Rayquaza\n|clearpoke\n|poke|p1|Charizard, F|\n|poke|p1|Walking Wake|\n|poke|p1|Florges, F|\n|poke|p1|Venusaur, F|\n|poke|p1|Great Tusk|\n|poke|p1|Miltank, F|\n|poke|p2|Lopunny, F|\n|poke|p2|Baxcalibur, F|\n|poke|p2|Zoroark-Hisui, M|\n|poke|p2|Magneton|\n|poke|p2|Azumarill, F|\n|poke|p2|Forretress, M|\n|teampreview\n|\n|t:|1698679437\n|start\n|switch|p1a: Miltank|Miltank, F|100\/100\n|switch|p2a: Lopunny|Lopunny, F|100\/100\n|turn|1\n|\n|t:|1698679468\n|switch|p2a: Forretress|Forretress, M|100\/100\n|move|p1a: Miltank|Body Press|p2a: Forretress\n|-damage|p2a: Forretress|84\/100\n|\n|-heal|p2a: Forretress|91\/100|[from] item: Leftovers\n|upkeep\n|turn|2\n|\n|t:|1698679480\n|move|p1a: Miltank|Stealth Rock|p2a: Forretress\n|-sidestart|p2: Matt WCW|move: Stealth Rock\n|move|p2a: Forretress|Stealth Rock|p1a: Miltank\n|-sidestart|p1: AlexeiBCD|move: Stealth Rock\n|\n|-heal|p2a: Forretress|97\/100|[from] item: Leftovers\n|upkeep\n|turn|3\n|\n|t:|1698679497\n|move|p1a: Miltank|Body Press|p2a: Forretress\n|-damage|p2a: Forretress|81\/100\n|move|p2a: Forretress|Rapid Spin|p1a: Miltank\n|-crit|p1a: Miltank\n|-damage|p1a: Miltank|90\/100\n|-boost|p2a: Forretress|spe|1\n|-sideend|p2: Matt WCW|Stealth Rock|[from] move: Rapid Spin|[of] p2a: Forretress\n|\n|-heal|p1a: Miltank|96\/100|[from] item: Leftovers\n|-heal|p2a: Forretress|87\/100|[from] item: Leftovers\n|upkeep\n|turn|4\n|\n|t:|1698679512\n|move|p1a: Miltank|Stealth Rock|p2a: Forretress\n|-sidestart|p2: Matt WCW|move: Stealth Rock\n|move|p2a: Forretress|Rapid Spin|p1a: Miltank\n|-damage|p1a: Miltank|89\/100\n|-boost|p2a: Forretress|spe|1\n|-sideend|p2: Matt WCW|Stealth Rock|[from] move: Rapid Spin|[of] p2a: Forretress\n|\n|-heal|p1a: Miltank|95\/100|[from] item: Leftovers\n|-heal|p2a: Forretress|93\/100|[from] item: Leftovers\n|upkeep\n|turn|5\n|\n|t:|1698679522\n|move|p1a: Miltank|Body Press|p2a: Forretress\n|-damage|p2a: Forretress|78\/100\n|move|p2a: Forretress|Rapid Spin|p1a: Miltank\n|-damage|p1a: Miltank|88\/100\n|-boost|p2a: Forretress|spe|1\n|\n|-heal|p1a: Miltank|94\/100|[from] item: Leftovers\n|-heal|p2a: Forretress|84\/100|[from] item: Leftovers\n|upkeep\n|turn|6\n|\n|t:|1698679533\n|move|p1a: Miltank|Body Press|p2a: Forretress\n|-damage|p2a: Forretress|69\/100\n|move|p2a: Forretress|Rapid Spin|p1a: Miltank\n|-damage|p1a: Miltank|88\/100\n|-boost|p2a: Forretress|spe|1\n|\n|-heal|p1a: Miltank|94\/100|[from] item: Leftovers\n|-heal|p2a: Forretress|75\/100|[from] item: Leftovers\n|upkeep\n|turn|7\n|\n|t:|1698679544\n|move|p1a: Miltank|Body Press|p2a: Forretress\n|-damage|p2a: Forretress|60\/100\n|move|p2a: Forretress|Rapid Spin|p1a: Miltank\n|-damage|p1a: Miltank|87\/100\n|-boost|p2a: Forretress|spe|1\n|\n|-heal|p2a: Forretress|66\/100|[from] item: Leftovers\n|-heal|p1a: Miltank|93\/100|[from] item: Leftovers\n|upkeep\n|turn|8\n|c|\u2606AlexeiBCD|this sucks\n|\n|t:|1698679557\n|move|p2a: Forretress|Volt Switch|p1a: Miltank\n|-damage|p1a: Miltank|81\/100\n|\n|t:|1698679574\n|switch|p2a: Azumarill|Azumarill, F|100\/100|[from] Volt Switch\n|move|p1a: Miltank|Body Press|p2a: Azumarill\n|-resisted|p2a: Azumarill\n|-damage|p2a: Azumarill|86\/100\n|\n|-heal|p1a: Miltank|88\/100|[from] item: Leftovers\n|-heal|p2a: Azumarill|93\/100|[from] item: Leftovers\n|upkeep\n|turn|9\n|\n|t:|1698679589\n|move|p1a: Miltank|Toxic|p2a: Azumarill\n|-status|p2a: Azumarill|tox\n|move|p2a: Azumarill|Whirlpool|p1a: Miltank\n|-damage|p1a: Miltank|79\/100\n|-activate|p1a: Miltank|move: Whirlpool|[of] p2a: Azumarill\n|\n|-heal|p1a: Miltank|85\/100|[from] item: Leftovers\n|-heal|p2a: Azumarill|99\/100 tox|[from] item: Leftovers\n|-damage|p2a: Azumarill|93\/100 tox|[from] psn\n|-damage|p1a: Miltank|73\/100|[from] move: Whirlpool|[partiallytrapped]\n|upkeep\n|turn|10\n|c|\u2606Matt WCW|not as much as this\n|\n|t:|1698679602\n|move|p1a: Miltank|Stealth Rock|p2a: Azumarill\n|-sidestart|p2: Matt WCW|move: Stealth Rock\n|move|p2a: Azumarill|Perish Song|p2a: Azumarill\n|-start|p1a: Miltank|perish3|[silent]\n|-start|p2a: Azumarill|perish3|[silent]\n|-fieldactivate|move: Perish Song\n|\n|-heal|p1a: Miltank|79\/100|[from] item: Leftovers\n|-heal|p2a: Azumarill|99\/100 tox|[from] item: Leftovers\n|-damage|p2a: Azumarill|86\/100 tox|[from] psn\n|-damage|p1a: Miltank|67\/100|[from] move: Whirlpool|[partiallytrapped]\n|-start|p1a: Miltank|perish3\n|-start|p2a: Azumarill|perish3\n|upkeep\n|turn|11\n|\n|t:|1698679618\n|move|p1a: Miltank|Body Press|p2a: Azumarill\n|-resisted|p2a: Azumarill\n|-damage|p2a: Azumarill|72\/100 tox\n|move|p2a: Azumarill|Whirlpool|p1a: Miltank\n|-damage|p1a: Miltank|58\/100\n|\n|-heal|p1a: Miltank|64\/100|[from] item: Leftovers\n|-heal|p2a: Azumarill|78\/100 tox|[from] item: Leftovers\n|-damage|p2a: Azumarill|60\/100 tox|[from] psn\n|-damage|p1a: Miltank|52\/100|[from] move: Whirlpool|[partiallytrapped]\n|-start|p1a: Miltank|perish2\n|-start|p2a: Azumarill|perish2\n|upkeep\n|turn|12\n|\n|t:|1698679633\n|move|p2a: Azumarill|Protect|p2a: Azumarill\n|-singleturn|p2a: Azumarill|Protect\n|move|p1a: Miltank|Body Press|p2a: Azumarill\n|-activate|p2a: Azumarill|move: Protect\n|\n|-heal|p1a: Miltank|58\/100|[from] item: Leftovers\n|-heal|p2a: Azumarill|66\/100 tox|[from] item: Leftovers\n|-damage|p2a: Azumarill|41\/100 tox|[from] psn\n|-damage|p1a: Miltank|46\/100|[from] move: Whirlpool|[partiallytrapped]\n|-start|p1a: Miltank|perish1\n|-start|p2a: Azumarill|perish1\n|upkeep\n|turn|13\n|\n|t:|1698679672\n|switch|p2a: Lopunny|Lopunny, F|100\/100\n|-damage|p2a: Lopunny|88\/100|[from] Stealth Rock\n|move|p1a: Miltank|Body Press|p2a: Lopunny\n|-supereffective|p2a: Lopunny\n|-damage|p2a: Lopunny|0 fnt\n|replace|p2a: Zoroark|Zoroark-Hisui, M\n|-end|p2a: Zoroark|Illusion\n|faint|p2a: Zoroark\n|\n|-heal|p1a: Miltank|52\/100|[from] item: Leftovers\n|-end|p1a: Miltank|Whirlpool|[partiallytrapped]|[silent]\n|-start|p1a: Miltank|perish0\n|upkeep\n|faint|p1a: Miltank\n|c|\u2606AlexeiBCD|yeah honestly I think this was a good trade\n|c|\u2606Matt WCW|Oh foorgot that kills\n|c|\u2606Matt WCW|Yeah definitely\n|c|\u2606AlexeiBCD|there's no good swap there except forretress\n|c|\u2606Matt WCW|and then free zard\n|c|\u2606Matt WCW|wwith a weak azu so something is dying\n|c|\u2606Matt WCW|that azu could very well be rest\/chest btw so be wearry of that\n|c|\u2606AlexeiBCD|fair\n|c|\u2606AlexeiBCD|Zard is crazy risky here into rocks tho\n|c|\u2606Matt WCW|then I'd be near full health and can easily do that again vs half your team\n|c|\u2606Matt WCW|don't be afraid to take that risk\n|c|\u2606Matt WCW|if you get a free switch into zard vs a team that can\n|c|\u2606Matt WCW|t handle it\n|c|\u2606Matt WCW|make the switch\n|c|\u2606AlexeiBCD|main issue would be, SR up, and not sure if scarf magneton\n|c|\u2606Matt WCW|ah very fair\n|\n|t:|1698679828\n|switch|p2a: Magneton|Magneton|100\/100\n|switch|p1a: Great Tusk|Great Tusk|100\/100\n|-damage|p1a: Great Tusk|97\/100|[from] Stealth Rock\n|-damage|p2a: Magneton|94\/100|[from] Stealth Rock\n|turn|14\n|\n|t:|1698679850\n|-terastallize|p2a: Magneton|Flying\n|move|p1a: Great Tusk|Rapid Spin|p2a: Magneton\n|-crit|p2a: Magneton\n|-damage|p2a: Magneton|74\/100\n|-boost|p1a: Great Tusk|spe|1\n|-sideend|p1: AlexeiBCD|Stealth Rock|[from] move: Rapid Spin|[of] p1a: Great Tusk\n|move|p2a: Magneton|Tera Blast|p1a: Great Tusk|[anim] Tera Blast Flying\n|-supereffective|p1a: Great Tusk\n|-damage|p1a: Great Tusk|29\/100\n|\n|upkeep\n|turn|15\n|\n|t:|1698679892\n|move|p1a: Great Tusk|Knock Off|p2a: Magneton\n|-damage|p2a: Magneton|51\/100\n|-enditem|p2a: Magneton|Eviolite|[from] move: Knock Off|[of] p1a: Great Tusk\n|move|p2a: Magneton|Tera Blast|p1a: Great Tusk|[anim] Tera Blast Flying\n|-supereffective|p1a: Great Tusk\n|-damage|p1a: Great Tusk|0 fnt\n|faint|p1a: Great Tusk\n|-end|p1a: Great Tusk|Protosynthesis|[silent]\n|\n|upkeep\n|\n|t:|1698679901\n|switch|p1a: Charizard|Charizard, F|100\/100\n|turn|16\n|c|\u2606Matt WCW|Yeah I llike your team a lot\n|\n|t:|1698679954\n|switch|p2a: Azumarill|Azumarill, F|41\/100 tox\n|-damage|p2a: Azumarill|29\/100 tox|[from] Stealth Rock\n|detailschange|p1a: Charizard|Charizard-Mega-Y, F\n|-mega|p1a: Charizard|Charizard|Charizardite Y\n|-weather|SunnyDay|[from] ability: Drought|[of] p1a: Charizard\n|move|p1a: Charizard|Dragon Pulse|p2a: Azumarill\n|-immune|p2a: Azumarill\n|\n|-weather|SunnyDay|[upkeep]\n|-heal|p2a: Azumarill|35\/100 tox|[from] item: Leftovers\n|-damage|p2a: Azumarill|29\/100 tox|[from] psn\n|upkeep\n|turn|17\n|c|\u2606Matt WCW|just be careful about this azu set\n|c|\u2606Matt WCW|honestly just going venu on azu always feels safest\n|\n|t:|1698679975\n|move|p1a: Charizard|Solar Beam||[still]\n|-prepare|p1a: Charizard|Solar Beam\n|-anim|p1a: Charizard|Solar Beam|p2a: Azumarill\n|-ability|p2a: Azumarill|Sap Sipper|boost\n|-boost|p2a: Azumarill|atk|1\n|move|p2a: Azumarill|Whirlpool|p1a: Charizard\n|-supereffective|p1a: Charizard\n|-damage|p1a: Charizard|95\/100\n|-activate|p1a: Charizard|move: Whirlpool|[of] p2a: Azumarill\n|\n|-weather|SunnyDay|[upkeep]\n|-heal|p2a: Azumarill|35\/100 tox|[from] item: Leftovers\n|-damage|p2a: Azumarill|23\/100 tox|[from] psn\n|-damage|p1a: Charizard|83\/100|[from] move: Whirlpool|[partiallytrapped]\n|upkeep\n|turn|18\n|c|\u2606AlexeiBCD|fuck right\n|c|\u2606AlexeiBCD|I forgot somehow\n|c|\u2606AlexeiBCD|well cause I was on phone while playing\n|\n|t:|1698680007\n|move|p1a: Charizard|Flamethrower|p2a: Azumarill\n|-resisted|p2a: Azumarill\n|-damage|p2a: Azumarill|0 fnt\n|faint|p2a: Azumarill\n|\n|-weather|SunnyDay|[upkeep]\n|-end|p1a: Charizard|Whirlpool|[partiallytrapped]|[silent]\n|upkeep\n|c|\u2606Matt WCW|fair enough\n|\n|t:|1698680019\n|switch|p2a: Lopunny|Lopunny, F|100\/100\n|-damage|p2a: Lopunny|88\/100|[from] Stealth Rock\n|turn|19\n|\n|t:|1698680054\n|detailschange|p2a: Lopunny|Lopunny-Mega, F\n|-mega|p2a: Lopunny|Lopunny|Lopunnite\n|move|p2a: Lopunny|Return|p1a: Charizard\n|-damage|p1a: Charizard|22\/100\n|move|p1a: Charizard|Flamethrower|p2a: Lopunny\n|-damage|p2a: Lopunny|0 fnt\n|faint|p2a: Lopunny\n|\n|-weather|SunnyDay|[upkeep]\n|upkeep\n|c|\u2606Matt WCW|ya bulky zard is amazing here\n|\n|t:|1698680067\n|switch|p2a: Baxcalibur|Baxcalibur, F|100\/100\n|-damage|p2a: Baxcalibur|76\/100|[from] Stealth Rock\n|turn|20\n|\n|t:|1698680082\n|move|p1a: Charizard|Dragon Pulse|p2a: Baxcalibur\n|-supereffective|p2a: Baxcalibur\n|-damage|p2a: Baxcalibur|5\/100\n|move|p2a: Baxcalibur|Scale Shot|p1a: Charizard\n|-crit|p1a: Charizard\n|-damage|p1a: Charizard|0 fnt\n|faint|p1a: Charizard\n|-hitcount|p1: Charizard|1\n|-unboost|p2a: Baxcalibur|def|1\n|-boost|p2a: Baxcalibur|spe|1\n|\n|-weather|none\n|upkeep\n|\n|t:|1698680094\n|switch|p1a: Florges|Florges, F|100\/100\n|turn|21\n|\n|t:|1698680111\n|switch|p2a: Forretress|Forretress, M|66\/100\n|-damage|p2a: Forretress|53\/100|[from] Stealth Rock\n|move|p1a: Florges|Moonblast|p2a: Forretress\n|-resisted|p2a: Forretress\n|-damage|p2a: Forretress|29\/100\n|\n|-heal|p2a: Forretress|36\/100|[from] item: Leftovers\n|upkeep\n|turn|22\n|\n|t:|1698680119\n|move|p1a: Florges|Moonblast|p2a: Forretress\n|-resisted|p2a: Forretress\n|-damage|p2a: Forretress|11\/100\n|-unboost|p2a: Forretress|spa|1\n|move|p2a: Forretress|Rapid Spin|p1a: Florges\n|-damage|p1a: Florges|91\/100\n|-boost|p2a: Forretress|spe|1\n|-sideend|p2: Matt WCW|Stealth Rock|[from] move: Rapid Spin|[of] p2a: Forretress\n|\n|-heal|p1a: Florges|97\/100|[from] item: Leftovers\n|-heal|p2a: Forretress|17\/100|[from] item: Leftovers\n|upkeep\n|turn|23\n|\n|t:|1698680130\n|move|p1a: Florges|Moonblast|p2a: Forretress\n|-resisted|p2a: Forretress\n|-damage|p2a: Forretress|0 fnt\n|faint|p2a: Forretress\n|\n|-heal|p1a: Florges|100\/100|[from] item: Leftovers\n|upkeep\n|\n|t:|1698680133\n|switch|p2a: Magneton|Magneton, tera:Flying|51\/100\n|turn|24\n|\n|t:|1698680140\n|move|p2a: Magneton|Flash Cannon|p1a: Florges\n|-supereffective|p1a: Florges\n|-damage|p1a: Florges|47\/100\n|move|p1a: Florges|Moonblast|p2a: Magneton\n|-damage|p2a: Magneton|0 fnt\n|faint|p2a: Magneton\n|\n|-heal|p1a: Florges|53\/100|[from] item: Leftovers\n|upkeep\n|\n|t:|1698680143\n|switch|p2a: Baxcalibur|Baxcalibur, F|5\/100\n|turn|25\n|\n|t:|1698680145\n|move|p2a: Baxcalibur|Icicle Spear|p1a: Florges\n|-damage|p1a: Florges|39\/100\n|-damage|p1a: Florges|26\/100\n|-damage|p1a: Florges|13\/100\n|-crit|p1a: Florges\n|-damage|p1a: Florges|0 fnt\n|faint|p1a: Florges\n|-hitcount|p1: Florges|4\n|\n|upkeep\n|\n|t:|1698680153\n|switch|p1a: Walking Wake|Walking Wake|100\/100\n|turn|26\n|c|\u2606Matt WCW|gg\n|\n|t:|1698680157\n|move|p1a: Walking Wake|Dragon Pulse|p2a: Baxcalibur\n|-supereffective|p2a: Baxcalibur\n|-damage|p2a: Baxcalibur|0 fnt\n|faint|p2a: Baxcalibur\n|\n|win|AlexeiBCD\n|c|\u2606AlexeiBCD|g\n|c|\u2606AlexeiBCD|gg\n","uploadtime":1698680162,"views":11,"p1id":"alexeibcd","p2id":"mattwcw","formatid":"gen9nationaldexubers","rating":0,"private":0,"password":""}