{"id":"gen9nationaldexubers-1999959712","p1":"BlueB4llz","p2":"meykii","format":"[Gen 9] National Dex Ubers","log":"|j|\u2606BlueB4llz\n|j|\u2606meykii\n|t:|1701134756\n|gametype|singles\n|player|p1|BlueB4llz|birdkeeper|\n|player|p2|meykii|170|\n|teamsize|p1|6\n|teamsize|p2|6\n|gen|9\n|tier|[Gen 9] National Dex Ubers\n|rule|HP Percentage Mod: HP is shown in percentages\n|rule|Endless Battle Clause: Forcing endless battles is banned\n|rule|OHKO Clause: OHKO moves are banned\n|rule|Evasion Moves Clause: Evasion moves are banned\n|rule|Evasion Items Clause: Evasion items are banned\n|rule|Species Clause: Limit one of each Pok\u00e9mon\n|rule|Sleep Clause Mod: Limit one foe put to sleep\n|rule|Mega Rayquaza Clause: You cannot mega evolve Rayquaza\n|clearpoke\n|poke|p1|Palkia-Origin|\n|poke|p1|Samurott-Hisui, F|\n|poke|p1|Porygon2|\n|poke|p1|Aegislash, F|\n|poke|p1|Sceptile, M|\n|poke|p1|Toxtricity, M|\n|poke|p2|Lugia|\n|poke|p2|Grimmsnarl, M|\n|poke|p2|Swampert, M|\n|poke|p2|Celesteela|\n|poke|p2|Armarouge, M|\n|poke|p2|Haxorus, F|\n|teampreview\n|c|\u2606meykii|glhf go easy on me kay >.<\n|c|\u2606BlueB4llz|gl\n|c|\u2606BlueB4llz|alr\n|\n|t:|1701134793\n|start\n|switch|p1a: Samurott|Samurott-Hisui, F|100\/100\n|switch|p2a: Grimmsnarl|Grimmsnarl, M|100\/100\n|turn|1\n|\n|t:|1701134797\n|move|p2a: Grimmsnarl|Reflect|p2a: Grimmsnarl\n|-sidestart|p2: meykii|Reflect\n|move|p1a: Samurott|Ceaseless Edge|p2a: Grimmsnarl\n|-resisted|p2a: Grimmsnarl\n|-damage|p2a: Grimmsnarl|93\/100\n|-sidestart|p2: meykii|Spikes\n|\n|upkeep\n|turn|2\n|\n|t:|1701134800\n|switch|p2a: Celesteela|Celesteela|100\/100\n|move|p1a: Samurott|Ceaseless Edge|p2a: Celesteela\n|-damage|p2a: Celesteela|82\/100\n|-sidestart|p2: meykii|Spikes\n|\n|-heal|p2a: Celesteela|88\/100|[from] item: Leftovers\n|upkeep\n|turn|3\n|\n|t:|1701134809\n|switch|p1a: Toxtricity|Toxtricity, M|100\/100\n|move|p2a: Celesteela|Earthquake|p1a: Toxtricity\n|-supereffective|p1a: Toxtricity\n|-damage|p1a: Toxtricity|0 fnt\n|faint|p1a: Toxtricity\n|-ability|p2a: Celesteela|Beast Boost|boost\n|-boost|p2a: Celesteela|spd|1\n|\n|-heal|p2a: Celesteela|94\/100|[from] item: Leftovers\n|upkeep\n|\n|t:|1701134824\n|switch|p1a: Palkia|Palkia-Origin|100\/100\n|-ability|p1a: Palkia|Pressure\n|turn|4\n|\n|t:|1701134837\n|move|p1a: Palkia|Hydro Pump|p2a: Celesteela|[miss]\n|-miss|p1a: Palkia|p2a: Celesteela\n|move|p2a: Celesteela|Earthquake|p1a: Palkia\n|-damage|p1a: Palkia|78\/100\n|\n|-heal|p2a: Celesteela|99\/100|[from] item: Leftovers\n|upkeep\n|turn|5\n|\n|t:|1701134847\n|move|p1a: Palkia|Fire Blast|p2a: Celesteela|[miss]\n|-miss|p1a: Palkia|p2a: Celesteela\n|move|p2a: Celesteela|Leech Seed|p1a: Palkia\n|-start|p1a: Palkia|move: Leech Seed\n|\n|-heal|p2a: Celesteela|100\/100|[from] item: Leftovers\n|-damage|p1a: Palkia|65\/100|[from] Leech Seed|[of] p2a: Celesteela\n|upkeep\n|turn|6\n|\n|t:|1701134864\n|switch|p2a: Lugia|Lugia|100\/100\n|move|p1a: Palkia|Fire Blast|p2a: Lugia\n|-crit|p2a: Lugia\n|-damage|p2a: Lugia|82\/100\n|\n|-damage|p1a: Palkia|53\/100|[from] Leech Seed|[of] p2a: Lugia\n|-heal|p2a: Lugia|92\/100|[silent]\n|upkeep\n|turn|7\n|\n|t:|1701134873\n|switch|p1a: Aegislash|Aegislash, F, shiny|100\/100\n|move|p2a: Lugia|Thunder Wave|p1a: Aegislash\n|-status|p1a: Aegislash|par\n|\n|upkeep\n|turn|8\n|\n|t:|1701134884\n|switch|p2a: Celesteela|Celesteela|100\/100\n|cant|p1a: Aegislash|par\n|\n|-sideend|p2: meykii|Reflect\n|upkeep\n|turn|9\n|\n|t:|1701134892\n|move|p2a: Celesteela|Earthquake|p1a: Aegislash\n|-supereffective|p1a: Aegislash\n|-damage|p1a: Aegislash|63\/100 par\n|cant|p1a: Aegislash|par\n|\n|-heal|p1a: Aegislash|69\/100 par|[from] item: Leftovers\n|upkeep\n|turn|10\n|\n|t:|1701134902\n|switch|p1a: Sceptile|Sceptile, M|100\/100\n|move|p2a: Celesteela|Earthquake|p1a: Sceptile\n|-resisted|p1a: Sceptile\n|-damage|p1a: Sceptile|83\/100\n|\n|upkeep\n|turn|11\n|\n|t:|1701134912\n|switch|p1a: Porygon2|Porygon2|100\/100\n|-ability|p1a: Porygon2|Beast Boost|[from] ability: Trace|[of] p2a: Celesteela\n|move|p2a: Celesteela|Earthquake|p1a: Porygon2\n|-damage|p1a: Porygon2|90\/100\n|\n|upkeep\n|turn|12\n|\n|t:|1701134919\n|switch|p2a: Lugia|Lugia|92\/100\n|move|p1a: Porygon2|Discharge|p2a: Lugia\n|-supereffective|p2a: Lugia\n|-damage|p2a: Lugia|74\/100\n|\n|upkeep\n|turn|13\n|\n|t:|1701134929\n|move|p2a: Lugia|Defog|p1a: Porygon2\n|-unboost|p1a: Porygon2|evasion|1\n|-sideend|p2: meykii|Spikes|[from] move: Defog|[of] p2a: Lugia\n|move|p1a: Porygon2|Teleport|p1a: Porygon2\n|\n|t:|1701134933\n|switch|p1a: Samurott|Samurott-Hisui, F|100\/100|[from] Teleport\n|\n|upkeep\n|turn|14\n|\n|t:|1701134947\n|switch|p2a: Grimmsnarl|Grimmsnarl, M|93\/100\n|move|p1a: Samurott|Knock Off|p2a: Grimmsnarl\n|-resisted|p2a: Grimmsnarl\n|-damage|p2a: Grimmsnarl|78\/100\n|-enditem|p2a: Grimmsnarl|Light Clay|[from] move: Knock Off|[of] p1a: Samurott\n|\n|upkeep\n|turn|15\n|\n|t:|1701134971\n|switch|p1a: Palkia|Palkia-Origin|53\/100\n|-ability|p1a: Palkia|Pressure\n|move|p2a: Grimmsnarl|Reflect|p2a: Grimmsnarl\n|-sidestart|p2: meykii|Reflect\n|\n|upkeep\n|turn|16\n|\n|t:|1701134978\n|switch|p1a: Samurott|Samurott-Hisui, F|100\/100\n|move|p2a: Grimmsnarl|Light Screen|p2a: Grimmsnarl\n|-sidestart|p2: meykii|move: Light Screen\n|\n|upkeep\n|turn|17\n|\n|t:|1701134992\n|switch|p2a: Celesteela|Celesteela|100\/100\n|move|p1a: Samurott|Razor Shell|p2a: Celesteela\n|-damage|p2a: Celesteela|79\/100\n|\n|-heal|p2a: Celesteela|85\/100|[from] item: Leftovers\n|upkeep\n|turn|18\n|\n|t:|1701135012\n|switch|p1a: Sceptile|Sceptile, M|83\/100\n|switch|p2a: Armarouge|Armarouge, M|100\/100\n|\n|upkeep\n|turn|19\n|\n|t:|1701135027\n|switch|p1a: Palkia|Palkia-Origin|53\/100\n|-ability|p1a: Palkia|Pressure\n|move|p2a: Armarouge|Armor Cannon|p1a: Palkia\n|-resisted|p1a: Palkia\n|-damage|p1a: Palkia|32\/100\n|-unboost|p2a: Armarouge|def|1\n|-unboost|p2a: Armarouge|spd|1\n|\n|-sideend|p2: meykii|Reflect\n|upkeep\n|turn|20\n|\n|t:|1701135036\n|switch|p2a: Lugia|Lugia|74\/100\n|move|p1a: Palkia|Hydro Pump|p2a: Lugia\n|-damage|p2a: Lugia|54\/100\n|\n|-sideend|p2: meykii|move: Light Screen\n|upkeep\n|turn|21\n|\n|t:|1701135045\n|move|p1a: Palkia|Draco Meteor|p2a: Lugia\n|-damage|p2a: Lugia|1\/100\n|-unboost|p1a: Palkia|spa|2\n|move|p2a: Lugia|Roost|p2a: Lugia\n|-heal|p2a: Lugia|51\/100\n|-singleturn|p2a: Lugia|move: Roost\n|\n|upkeep\n|turn|22\n|\n|t:|1701135057\n|switch|p1a: Samurott|Samurott-Hisui, F|100\/100\n|move|p2a: Lugia|Roost|p2a: Lugia\n|-heal|p2a: Lugia|100\/100\n|-singleturn|p2a: Lugia|move: Roost\n|\n|upkeep\n|turn|23\n|\n|t:|1701135065\n|switch|p2a: Grimmsnarl|Grimmsnarl, M|78\/100\n|move|p1a: Samurott|Ceaseless Edge|p2a: Grimmsnarl\n|-resisted|p2a: Grimmsnarl\n|-damage|p2a: Grimmsnarl|64\/100\n|-sidestart|p2: meykii|Spikes\n|\n|upkeep\n|turn|24\n|\n|t:|1701135076\n|switch|p1a: Sceptile|Sceptile, M|83\/100\n|move|p2a: Grimmsnarl|Reflect|p2a: Grimmsnarl\n|-sidestart|p2: meykii|Reflect\n|\n|upkeep\n|turn|25\n|\n|t:|1701135090\n|switch|p1a: Samurott|Samurott-Hisui, F|100\/100\n|move|p2a: Grimmsnarl|Foul Play|p1a: Samurott\n|-resisted|p1a: Samurott\n|-damage|p1a: Samurott|68\/100\n|\n|upkeep\n|turn|26\n|\n|t:|1701135102\n|move|p1a: Samurott|Razor Shell|p2a: Grimmsnarl\n|-damage|p2a: Grimmsnarl|28\/100\n|-unboost|p2a: Grimmsnarl|def|1\n|move|p2a: Grimmsnarl|Foul Play|p1a: Samurott\n|-resisted|p1a: Samurott\n|-damage|p1a: Samurott|35\/100\n|\n|upkeep\n|turn|27\n|\n|t:|1701135114\n|switch|p2a: Haxorus|Haxorus, F|100\/100\n|-ability|p2a: Haxorus|Unnerve\n|-damage|p2a: Haxorus|88\/100|[from] Spikes\n|move|p1a: Samurott|Razor Shell|p2a: Haxorus\n|-resisted|p2a: Haxorus\n|-damage|p2a: Haxorus|71\/100\n|\n|upkeep\n|turn|28\n|\n|t:|1701135121\n|switch|p1a: Porygon2|Porygon2|90\/100\n|-ability|p1a: Porygon2|Unnerve\n|-ability|p1a: Porygon2|Unnerve|[from] ability: Trace|[of] p2a: Haxorus\n|move|p2a: Haxorus|Scale Shot|p1a: Porygon2\n|-damage|p1a: Porygon2|83\/100\n|-damage|p1a: Porygon2|76\/100\n|-damage|p1a: Porygon2|69\/100\n|-damage|p1a: Porygon2|61\/100\n|-hitcount|p1a: Porygon2|4\n|-unboost|p2a: Haxorus|def|1\n|-boost|p2a: Haxorus|spe|1\n|\n|-sideend|p2: meykii|Reflect\n|upkeep\n|turn|29\n|\n|t:|1701135138\n|switch|p2a: Armarouge|Armarouge, M|100\/100\n|-damage|p2a: Armarouge|88\/100|[from] Spikes\n|-terastallize|p1a: Porygon2|Fairy\n|move|p1a: Porygon2|Recover|p1a: Porygon2\n|-heal|p1a: Porygon2|100\/100\n|\n|upkeep\n|turn|30\n|\n|t:|1701135155\n|switch|p1a: Palkia|Palkia-Origin|32\/100\n|-ability|p1a: Palkia|Pressure\n|move|p2a: Armarouge|Trick||[still]\n|-fail|p2a: Armarouge\n|\n|upkeep\n|turn|31\n|\n|t:|1701135164\n|switch|p2a: Lugia|Lugia|100\/100\n|move|p1a: Palkia|Hydro Pump|p2a: Lugia|[miss]\n|-miss|p1a: Palkia|p2a: Lugia\n|\n|upkeep\n|turn|32\n|\n|t:|1701135169\n|move|p1a: Palkia|Hydro Pump|p2a: Lugia\n|-damage|p2a: Lugia|79\/100\n|move|p2a: Lugia|Earthquake|p1a: Palkia\n|-damage|p1a: Palkia|9\/100\n|\n|upkeep\n|turn|33\n|\n|t:|1701135185\n|move|p1a: Palkia|Draco Meteor|p2a: Lugia\n|-damage|p2a: Lugia|32\/100\n|-unboost|p1a: Palkia|spa|2\n|move|p2a: Lugia|Roost|p2a: Lugia\n|-heal|p2a: Lugia|82\/100\n|-singleturn|p2a: Lugia|move: Roost\n|\n|upkeep\n|turn|34\n|\n|t:|1701135195\n|switch|p1a: Sceptile|Sceptile, M|83\/100\n|move|p2a: Lugia|Roost|p2a: Lugia\n|-heal|p2a: Lugia|100\/100\n|-singleturn|p2a: Lugia|move: Roost\n|\n|upkeep\n|turn|35\n|\n|t:|1701135216\n|detailschange|p1a: Sceptile|Sceptile-Mega, M\n|-mega|p1a: Sceptile|Sceptile|Sceptilite\n|move|p1a: Sceptile|Leaf Blade|p2a: Lugia\n|-resisted|p2a: Lugia\n|-damage|p2a: Lugia|93\/100\n|move|p2a: Lugia|Defog|p1a: Sceptile\n|-unboost|p1a: Sceptile|evasion|1\n|-sideend|p2: meykii|Spikes|[from] move: Defog|[of] p2a: Lugia\n|\n|upkeep\n|turn|36\n|\n|t:|1701135248\n|switch|p2a: Grimmsnarl|Grimmsnarl, M|28\/100\n|move|p1a: Sceptile|Leaf Blade|p2a: Grimmsnarl\n|-damage|p2a: Grimmsnarl|0 fnt\n|faint|p2a: Grimmsnarl\n|\n|upkeep\n|\n|t:|1701135262\n|switch|p2a: Haxorus|Haxorus, F|71\/100\n|-ability|p2a: Haxorus|Unnerve\n|turn|37\n|\n|t:|1701135282\n|switch|p2a: Armarouge|Armarouge, M|88\/100\n|move|p1a: Sceptile|Earthquake|p2a: Armarouge\n|-supereffective|p2a: Armarouge\n|-damage|p2a: Armarouge|18\/100\n|-ability|p2a: Armarouge|Weak Armor|boost\n|-unboost|p2a: Armarouge|def|1\n|-boost|p2a: Armarouge|spe|2\n|\n|upkeep\n|turn|38\n|\n|t:|1701135294\n|switch|p1a: Palkia|Palkia-Origin|9\/100\n|-ability|p1a: Palkia|Pressure\n|move|p2a: Armarouge|Armor Cannon|p1a: Palkia\n|-resisted|p1a: Palkia\n|-damage|p1a: Palkia|0 fnt\n|-unboost|p2a: Armarouge|def|1\n|-unboost|p2a: Armarouge|spd|1\n|faint|p1a: Palkia\n|\n|upkeep\n|\n|t:|1701135298\n|switch|p1a: Porygon2|Porygon2, tera:Fairy|100\/100\n|-ability|p1a: Porygon2|Weak Armor|[from] ability: Trace|[of] p2a: Armarouge\n|turn|39\n|\n|t:|1701135314\n|switch|p2a: Swampert|Swampert, M|100\/100\n|move|p1a: Porygon2|Discharge|p2a: Swampert\n|-immune|p2a: Swampert\n|\n|upkeep\n|turn|40\n|\n|t:|1701135321\n|move|p2a: Swampert|Stealth Rock|p1a: Porygon2\n|-sidestart|p1: BlueB4llz|move: Stealth Rock\n|move|p1a: Porygon2|Teleport|p1a: Porygon2\n|\n|t:|1701135336\n|switch|p1a: Sceptile|Sceptile-Mega, M|83\/100|[from] Teleport\n|-damage|p1a: Sceptile|71\/100|[from] Stealth Rock\n|\n|upkeep\n|turn|41\n|\n|t:|1701135368\n|switch|p1a: Samurott|Samurott-Hisui, F|35\/100\n|-damage|p1a: Samurott|22\/100|[from] Stealth Rock\n|detailschange|p2a: Swampert|Swampert-Mega, M\n|-mega|p2a: Swampert|Swampert|Swampertite\n|move|p2a: Swampert|Flip Turn|p1a: Samurott\n|-resisted|p1a: Samurott\n|-damage|p1a: Samurott|5\/100\n|\n|t:|1701135378\n|switch|p2a: Haxorus|Haxorus, F|71\/100|[from] Flip Turn\n|-ability|p2a: Haxorus|Unnerve\n|\n|upkeep\n|turn|42\n|\n|t:|1701135400\n|move|p1a: Samurott|Ceaseless Edge|p2a: Haxorus\n|-damage|p2a: Haxorus|15\/100\n|-sidestart|p2: meykii|Spikes\n|move|p2a: Haxorus|Tera Blast|p1a: Samurott\n|-damage|p1a: Samurott|0 fnt\n|faint|p1a: Samurott\n|\n|upkeep\n|\n|t:|1701135411\n|switch|p1a: Sceptile|Sceptile-Mega, M|71\/100\n|-damage|p1a: Sceptile|58\/100|[from] Stealth Rock\n|turn|43\n|\n|t:|1701135458\n|move|p1a: Sceptile|Dragon Claw|p2a: Haxorus\n|-supereffective|p2a: Haxorus\n|-damage|p2a: Haxorus|0 fnt\n|faint|p2a: Haxorus\n|\n|upkeep\n|\n|t:|1701135459\n|switch|p2a: Celesteela|Celesteela|85\/100\n|turn|44\n|\n|t:|1701135476\n|switch|p1a: Porygon2|Porygon2, tera:Fairy|100\/100\n|-damage|p1a: Porygon2|88\/100|[from] Stealth Rock\n|-ability|p1a: Porygon2|Beast Boost|[from] ability: Trace|[of] p2a: Celesteela\n|move|p2a: Celesteela|Earthquake|p1a: Porygon2\n|-damage|p1a: Porygon2|78\/100\n|\n|-heal|p2a: Celesteela|91\/100|[from] item: Leftovers\n|upkeep\n|turn|45\n|\n|t:|1701135510\n|move|p2a: Celesteela|Leech Seed|p1a: Porygon2\n|-start|p1a: Porygon2|move: Leech Seed\n|move|p1a: Porygon2|Discharge|p2a: Celesteela\n|-supereffective|p2a: Celesteela\n|-damage|p2a: Celesteela|71\/100\n|\n|-heal|p2a: Celesteela|77\/100|[from] item: Leftovers\n|-damage|p1a: Porygon2|65\/100|[from] Leech Seed|[of] p2a: Celesteela\n|-heal|p2a: Celesteela|89\/100|[silent]\n|upkeep\n|turn|46\n|\n|t:|1701135527\n|switch|p2a: Swampert|Swampert-Mega, M|100\/100\n|-damage|p2a: Swampert|88\/100|[from] Spikes\n|move|p1a: Porygon2|Ice Beam|p2a: Swampert\n|-damage|p2a: Swampert|77\/100\n|\n|-damage|p1a: Porygon2|53\/100|[from] Leech Seed|[of] p2a: Swampert\n|-heal|p2a: Swampert|88\/100|[silent]\n|upkeep\n|turn|47\n|\n|t:|1701135542\n|switch|p1a: Aegislash|Aegislash, F, shiny|69\/100 par\n|-damage|p1a: Aegislash|63\/100 par|[from] Stealth Rock\n|move|p2a: Swampert|Flip Turn|p1a: Aegislash\n|-damage|p1a: Aegislash|38\/100 par\n|\n|t:|1701135590\n|switch|p2a: Celesteela|Celesteela|89\/100|[from] Flip Turn\n|\n|-heal|p2a: Celesteela|95\/100|[from] item: Leftovers\n|-heal|p1a: Aegislash|45\/100 par|[from] item: Leftovers\n|upkeep\n|turn|48\n|\n|t:|1701135613\n|move|p1a: Aegislash|King's Shield|p1a: Aegislash\n|-singleturn|p1a: Aegislash|Protect\n|move|p2a: Celesteela|Earthquake|p1a: Aegislash\n|-activate|p1a: Aegislash|move: Protect\n|\n|-heal|p2a: Celesteela|100\/100|[from] item: Leftovers\n|-heal|p1a: Aegislash|51\/100 par|[from] item: Leftovers\n|upkeep\n|turn|49\n|\n|t:|1701135621\n|move|p2a: Celesteela|Earthquake|p1a: Aegislash\n|-supereffective|p1a: Aegislash\n|-damage|p1a: Aegislash|13\/100 par\n|-formechange|p1a: Aegislash|Aegislash-Blade||[from] ability: Stance Change\n|move|p1a: Aegislash|Shadow Ball|p2a: Celesteela\n|-damage|p2a: Celesteela|70\/100\n|\n|-heal|p2a: Celesteela|76\/100|[from] item: Leftovers\n|-heal|p1a: Aegislash|19\/100 par|[from] item: Leftovers\n|upkeep\n|turn|50\n|\n|t:|1701135632\n|switch|p2a: Swampert|Swampert-Mega, M|88\/100\n|-damage|p2a: Swampert|76\/100|[from] Spikes\n|move|p1a: Aegislash|Shadow Ball|p2a: Swampert\n|-crit|p2a: Swampert\n|-damage|p2a: Swampert|32\/100\n|\n|-heal|p1a: Aegislash|25\/100 par|[from] item: Leftovers\n|upkeep\n|turn|51\n|\n|t:|1701135641\n|-formechange|p1a: Aegislash|Aegislash||[from] ability: Stance Change\n|move|p1a: Aegislash|King's Shield|p1a: Aegislash\n|-singleturn|p1a: Aegislash|Protect\n|move|p2a: Swampert|Earthquake|p1a: Aegislash\n|-activate|p1a: Aegislash|move: Protect\n|\n|-heal|p1a: Aegislash|32\/100 par|[from] item: Leftovers\n|upkeep\n|turn|52\n|\n|t:|1701135648\n|move|p2a: Swampert|Earthquake|p1a: Aegislash\n|-supereffective|p1a: Aegislash\n|-damage|p1a: Aegislash|0 fnt\n|faint|p1a: Aegislash\n|\n|upkeep\n|\n|t:|1701135652\n|switch|p1a: Sceptile|Sceptile-Mega, M|58\/100\n|-damage|p1a: Sceptile|46\/100|[from] Stealth Rock\n|turn|53\n|\n|t:|1701135667\n|move|p1a: Sceptile|Leaf Blade|p2a: Swampert\n|-supereffective|p2a: Swampert\n|-damage|p2a: Swampert|0 fnt\n|faint|p2a: Swampert\n|\n|upkeep\n|\n|t:|1701135684\n|switch|p2a: Lugia|Lugia|93\/100\n|turn|54\n|\n|t:|1701135700\n|move|p1a: Sceptile|Dragon Dance|p1a: Sceptile\n|-boost|p1a: Sceptile|atk|1\n|-boost|p1a: Sceptile|spe|1\n|move|p2a: Lugia|Earthquake|p1a: Sceptile\n|-resisted|p1a: Sceptile\n|-damage|p1a: Sceptile|31\/100\n|\n|upkeep\n|turn|55\n|\n|t:|1701135707\n|move|p1a: Sceptile|Dragon Claw|p2a: Lugia\n|-damage|p2a: Lugia|57\/100\n|move|p2a: Lugia|Earthquake|p1a: Sceptile\n|-resisted|p1a: Sceptile\n|-damage|p1a: Sceptile|18\/100\n|\n|upkeep\n|turn|56\n|\n|t:|1701135714\n|move|p1a: Sceptile|Dragon Claw|p2a: Lugia\n|-damage|p2a: Lugia|16\/100\n|move|p2a: Lugia|Earthquake|p1a: Sceptile\n|-resisted|p1a: Sceptile\n|-damage|p1a: Sceptile|3\/100\n|\n|upkeep\n|turn|57\n|\n|t:|1701135720\n|move|p1a: Sceptile|Dragon Claw|p2a: Lugia\n|-damage|p2a: Lugia|0 fnt\n|faint|p2a: Lugia\n|\n|upkeep\n|\n|t:|1701135722\n|switch|p2a: Celesteela|Celesteela|76\/100\n|turn|58\n|\n|t:|1701135730\n|move|p1a: Sceptile|Dragon Claw|p2a: Celesteela\n|-resisted|p2a: Celesteela\n|-damage|p2a: Celesteela|50\/100\n|move|p2a: Celesteela|Earthquake|p1a: Sceptile\n|-resisted|p1a: Sceptile\n|-damage|p1a: Sceptile|0 fnt\n|faint|p1a: Sceptile\n|-ability|p2a: Celesteela|Beast Boost|boost\n|-boost|p2a: Celesteela|spd|1\n|\n|-heal|p2a: Celesteela|56\/100|[from] item: Leftovers\n|upkeep\n|\n|t:|1701135735\n|switch|p1a: Porygon2|Porygon2, tera:Fairy|53\/100\n|-damage|p1a: Porygon2|41\/100|[from] Stealth Rock\n|-ability|p1a: Porygon2|Beast Boost|[from] ability: Trace|[of] p2a: Celesteela\n|turn|59\n|\n|t:|1701135738\n|move|p2a: Celesteela|Leech Seed|p1a: Porygon2|[miss]\n|-miss|p2a: Celesteela|p1a: Porygon2\n|move|p1a: Porygon2|Recover|p1a: Porygon2\n|-heal|p1a: Porygon2|91\/100\n|\n|-heal|p2a: Celesteela|62\/100|[from] item: Leftovers\n|upkeep\n|turn|60\n|\n|t:|1701135741\n|move|p2a: Celesteela|Leech Seed|p1a: Porygon2\n|-start|p1a: Porygon2|move: Leech Seed\n|move|p1a: Porygon2|Ice Beam|p2a: Celesteela\n|-damage|p2a: Celesteela|54\/100\n|\n|-heal|p2a: Celesteela|60\/100|[from] item: Leftovers\n|-damage|p1a: Porygon2|78\/100|[from] Leech Seed|[of] p2a: Celesteela\n|-heal|p2a: Celesteela|71\/100|[silent]\n|upkeep\n|turn|61\n|\n|t:|1701135749\n|move|p2a: Celesteela|Giga Drain|p1a: Porygon2\n|-damage|p1a: Porygon2|69\/100\n|-heal|p2a: Celesteela|76\/100|[from] drain|[of] p1a: Porygon2\n|move|p1a: Porygon2|Ice Beam|p2a: Celesteela\n|-damage|p2a: Celesteela|67\/100\n|\n|-heal|p2a: Celesteela|73\/100|[from] item: Leftovers\n|-damage|p1a: Porygon2|56\/100|[from] Leech Seed|[of] p2a: Celesteela\n|-heal|p2a: Celesteela|84\/100|[silent]\n|upkeep\n|turn|62\n|\n|t:|1701135752\n|move|p2a: Celesteela|Giga Drain|p1a: Porygon2\n|-damage|p1a: Porygon2|45\/100\n|-heal|p2a: Celesteela|90\/100|[from] drain|[of] p1a: Porygon2\n|move|p1a: Porygon2|Ice Beam|p2a: Celesteela\n|-damage|p2a: Celesteela|82\/100\n|\n|-heal|p2a: Celesteela|88\/100|[from] item: Leftovers\n|-damage|p1a: Porygon2|33\/100|[from] Leech Seed|[of] p2a: Celesteela\n|-heal|p2a: Celesteela|99\/100|[silent]\n|upkeep\n|turn|63\n|\n|t:|1701135756\n|move|p2a: Celesteela|Giga Drain|p1a: Porygon2\n|-damage|p1a: Porygon2|22\/100\n|-heal|p2a: Celesteela|100\/100|[from] drain|[of] p1a: Porygon2\n|move|p1a: Porygon2|Ice Beam|p2a: Celesteela\n|-damage|p2a: Celesteela|92\/100\n|-status|p2a: Celesteela|frz\n|\n|-heal|p2a: Celesteela|98\/100 frz|[from] item: Leftovers\n|-damage|p1a: Porygon2|10\/100|[from] Leech Seed|[of] p2a: Celesteela\n|-heal|p2a: Celesteela|100\/100 frz|[silent]\n|upkeep\n|turn|64\n|\n|t:|1701135759\n|cant|p2a: Celesteela|frz\n|move|p1a: Porygon2|Recover|p1a: Porygon2\n|-heal|p1a: Porygon2|60\/100\n|\n|-damage|p1a: Porygon2|48\/100|[from] Leech Seed|[of] p2a: Celesteela\n|upkeep\n|turn|65\n|\n|t:|1701135761\n|cant|p2a: Celesteela|frz\n|move|p1a: Porygon2|Discharge|p2a: Celesteela\n|-supereffective|p2a: Celesteela\n|-damage|p2a: Celesteela|85\/100 frz\n|\n|-heal|p2a: Celesteela|91\/100 frz|[from] item: Leftovers\n|-damage|p1a: Porygon2|36\/100|[from] Leech Seed|[of] p2a: Celesteela\n|-heal|p2a: Celesteela|100\/100 frz|[silent]\n|upkeep\n|turn|66\n|\n|t:|1701135764\n|cant|p2a: Celesteela|frz\n|move|p1a: Porygon2|Discharge|p2a: Celesteela\n|-supereffective|p2a: Celesteela\n|-damage|p2a: Celesteela|86\/100 frz\n|\n|-heal|p2a: Celesteela|92\/100 frz|[from] item: Leftovers\n|-damage|p1a: Porygon2|23\/100|[from] Leech Seed|[of] p2a: Celesteela\n|-heal|p2a: Celesteela|100\/100 frz|[silent]\n|upkeep\n|turn|67\n|\n|t:|1701135767\n|cant|p2a: Celesteela|frz\n|move|p1a: Porygon2|Recover|p1a: Porygon2\n|-heal|p1a: Porygon2|73\/100\n|\n|-damage|p1a: Porygon2|61\/100|[from] Leech Seed|[of] p2a: Celesteela\n|upkeep\n|turn|68\n|\n|t:|1701135770\n|cant|p2a: Celesteela|frz\n|move|p1a: Porygon2|Discharge|p2a: Celesteela\n|-supereffective|p2a: Celesteela\n|-crit|p2a: Celesteela\n|-damage|p2a: Celesteela|70\/100 frz\n|\n|-heal|p2a: Celesteela|76\/100 frz|[from] item: Leftovers\n|-damage|p1a: Porygon2|49\/100|[from] Leech Seed|[of] p2a: Celesteela\n|-heal|p2a: Celesteela|88\/100 frz|[silent]\n|upkeep\n|turn|69\n|\n|t:|1701135772\n|cant|p2a: Celesteela|frz\n|move|p1a: Porygon2|Discharge|p2a: Celesteela\n|-supereffective|p2a: Celesteela\n|-damage|p2a: Celesteela|73\/100 frz\n|\n|-heal|p2a: Celesteela|79\/100 frz|[from] item: Leftovers\n|-damage|p1a: Porygon2|36\/100|[from] Leech Seed|[of] p2a: Celesteela\n|-heal|p2a: Celesteela|90\/100 frz|[silent]\n|upkeep\n|turn|70\n|\n|t:|1701135780\n|cant|p2a: Celesteela|frz\n|move|p1a: Porygon2|Recover|p1a: Porygon2\n|-heal|p1a: Porygon2|86\/100\n|\n|-heal|p2a: Celesteela|96\/100 frz|[from] item: Leftovers\n|-damage|p1a: Porygon2|74\/100|[from] Leech Seed|[of] p2a: Celesteela\n|-heal|p2a: Celesteela|100\/100 frz|[silent]\n|upkeep\n|turn|71\n|\n|t:|1701135782\n|cant|p2a: Celesteela|frz\n|move|p1a: Porygon2|Discharge|p2a: Celesteela\n|-supereffective|p2a: Celesteela\n|-damage|p2a: Celesteela|85\/100 frz\n|\n|-heal|p2a: Celesteela|91\/100 frz|[from] item: Leftovers\n|-damage|p1a: Porygon2|62\/100|[from] Leech Seed|[of] p2a: Celesteela\n|-heal|p2a: Celesteela|100\/100 frz|[silent]\n|upkeep\n|turn|72\n|\n|t:|1701135785\n|cant|p2a: Celesteela|frz\n|move|p1a: Porygon2|Discharge|p2a: Celesteela\n|-supereffective|p2a: Celesteela\n|-damage|p2a: Celesteela|86\/100 frz\n|\n|-heal|p2a: Celesteela|92\/100 frz|[from] item: Leftovers\n|-damage|p1a: Porygon2|49\/100|[from] Leech Seed|[of] p2a: Celesteela\n|-heal|p2a: Celesteela|100\/100 frz|[silent]\n|upkeep\n|turn|73\n|\n|t:|1701135787\n|cant|p2a: Celesteela|frz\n|move|p1a: Porygon2|Discharge|p2a: Celesteela\n|-supereffective|p2a: Celesteela\n|-damage|p2a: Celesteela|87\/100 frz\n|\n|-heal|p2a: Celesteela|93\/100 frz|[from] item: Leftovers\n|-damage|p1a: Porygon2|37\/100|[from] Leech Seed|[of] p2a: Celesteela\n|-heal|p2a: Celesteela|100\/100 frz|[silent]\n|upkeep\n|turn|74\n|\n|t:|1701135789\n|cant|p2a: Celesteela|frz\n|move|p1a: Porygon2|Discharge|p2a: Celesteela\n|-supereffective|p2a: Celesteela\n|-damage|p2a: Celesteela|85\/100 frz\n|\n|-heal|p2a: Celesteela|91\/100 frz|[from] item: Leftovers\n|-damage|p1a: Porygon2|25\/100|[from] Leech Seed|[of] p2a: Celesteela\n|-heal|p2a: Celesteela|100\/100 frz|[silent]\n|upkeep\n|turn|75\n|\n|t:|1701135791\n|cant|p2a: Celesteela|frz\n|move|p1a: Porygon2|Recover|p1a: Porygon2\n|-heal|p1a: Porygon2|75\/100\n|\n|-damage|p1a: Porygon2|63\/100|[from] Leech Seed|[of] p2a: Celesteela\n|upkeep\n|turn|76\n|\n|t:|1701135793\n|-curestatus|p2a: Celesteela|frz|[msg]\n|move|p2a: Celesteela|Giga Drain|p1a: Porygon2\n|-damage|p1a: Porygon2|51\/100\n|move|p1a: Porygon2|Recover|p1a: Porygon2\n|-heal|p1a: Porygon2|100\/100\n|\n|-damage|p1a: Porygon2|88\/100|[from] Leech Seed|[of] p2a: Celesteela\n|upkeep\n|turn|77\n|\n|t:|1701135795\n|move|p2a: Celesteela|Giga Drain|p1a: Porygon2\n|-damage|p1a: Porygon2|79\/100\n|move|p1a: Porygon2|Discharge|p2a: Celesteela\n|-supereffective|p2a: Celesteela\n|-damage|p2a: Celesteela|85\/100\n|\n|-heal|p2a: Celesteela|91\/100|[from] item: Leftovers\n|-damage|p1a: Porygon2|66\/100|[from] Leech Seed|[of] p2a: Celesteela\n|-heal|p2a: Celesteela|100\/100|[silent]\n|upkeep\n|turn|78\n|\n|t:|1701135798\n|move|p2a: Celesteela|Giga Drain|p1a: Porygon2\n|-damage|p1a: Porygon2|56\/100\n|move|p1a: Porygon2|Ice Beam|p2a: Celesteela\n|-damage|p2a: Celesteela|92\/100\n|\n|-heal|p2a: Celesteela|98\/100|[from] item: Leftovers\n|-damage|p1a: Porygon2|44\/100|[from] Leech Seed|[of] p2a: Celesteela\n|-heal|p2a: Celesteela|100\/100|[silent]\n|upkeep\n|turn|79\n|\n|t:|1701135800\n|move|p2a: Celesteela|Giga Drain|p1a: Porygon2\n|-damage|p1a: Porygon2|34\/100\n|move|p1a: Porygon2|Ice Beam|p2a: Celesteela\n|-crit|p2a: Celesteela\n|-damage|p2a: Celesteela|83\/100\n|\n|-heal|p2a: Celesteela|89\/100|[from] item: Leftovers\n|-damage|p1a: Porygon2|22\/100|[from] Leech Seed|[of] p2a: Celesteela\n|-heal|p2a: Celesteela|100\/100|[silent]\n|upkeep\n|turn|80\n|\n|t:|1701135803\n|move|p2a: Celesteela|Giga Drain|p1a: Porygon2\n|-damage|p1a: Porygon2|11\/100\n|move|p1a: Porygon2|Recover|p1a: Porygon2\n|-heal|p1a: Porygon2|61\/100\n|\n|-damage|p1a: Porygon2|49\/100|[from] Leech Seed|[of] p2a: Celesteela\n|upkeep\n|turn|81\n|\n|t:|1701135805\n|move|p2a: Celesteela|Giga Drain|p1a: Porygon2\n|-damage|p1a: Porygon2|38\/100\n|move|p1a: Porygon2|Ice Beam|p2a: Celesteela\n|-damage|p2a: Celesteela|93\/100\n|\n|-heal|p2a: Celesteela|99\/100|[from] item: Leftovers\n|-damage|p1a: Porygon2|25\/100|[from] Leech Seed|[of] p2a: Celesteela\n|-heal|p2a: Celesteela|100\/100|[silent]\n|upkeep\n|turn|82\n|\n|t:|1701135808\n|move|p2a: Celesteela|Giga Drain|p1a: Porygon2\n|-damage|p1a: Porygon2|15\/100\n|move|p1a: Porygon2|Ice Beam|p2a: Celesteela\n|-damage|p2a: Celesteela|92\/100\n|\n|-heal|p2a: Celesteela|98\/100|[from] item: Leftovers\n|-damage|p1a: Porygon2|3\/100|[from] Leech Seed|[of] p2a: Celesteela\n|-heal|p2a: Celesteela|100\/100|[silent]\n|upkeep\n|turn|83\n|\n|t:|1701135811\n|-terastallize|p2a: Celesteela|Fairy\n|move|p2a: Celesteela|Giga Drain|p1a: Porygon2\n|-damage|p1a: Porygon2|0 fnt\n|faint|p1a: Porygon2\n|\n|win|meykii\n|c|\u2606meykii|gg v wp\n|c|\u2606BlueB4llz|gg\n","uploadtime":1701135821,"views":2,"p1id":"blueb4llz","p2id":"meykii","formatid":"gen9nationaldexubers","rating":0,"private":0,"password":""}