{"id":"gen9nationaldexubers-1993805005","p1":"85792195wwww","p2":"UnderAlias_","format":"[Gen 9] National Dex Ubers","log":"|j|\u260685792195wwww\n|j|\u2606UnderAlias_\n|t:|1700359397\n|gametype|singles\n|player|p1|85792195wwww|mira|1679\n|player|p2|UnderAlias_|266|1604\n|teamsize|p1|6\n|teamsize|p2|6\n|gen|9\n|tier|[Gen 9] National Dex Ubers\n|rated|\n|rule|HP Percentage Mod: HP is shown in percentages\n|rule|Endless Battle Clause: Forcing endless battles is banned\n|rule|OHKO Clause: OHKO moves are banned\n|rule|Evasion Moves Clause: Evasion moves are banned\n|rule|Evasion Items Clause: Evasion items are banned\n|rule|Species Clause: Limit one of each Pok\u00e9mon\n|rule|Sleep Clause Mod: Limit one foe put to sleep\n|rule|Mega Rayquaza Clause: You cannot mega evolve Rayquaza\n|clearpoke\n|poke|p1|Arceus|\n|poke|p1|Marshadow|\n|poke|p1|Xerneas-*|\n|poke|p1|Mewtwo|\n|poke|p1|Krookodile, F|\n|poke|p1|Groudon|\n|poke|p2|Marshadow|\n|poke|p2|Xerneas-*|\n|poke|p2|Zygarde|\n|poke|p2|Blaziken, F|\n|poke|p2|Blastoise, F|\n|poke|p2|Kyogre|\n|teampreview\n|\n|t:|1700359410\n|start\n|switch|p1a: Mewtwo|Mewtwo|100\/100\n|switch|p2a: Blastoise|Blastoise, F|100\/100\n|-ability|p1a: Mewtwo|Pressure\n|turn|1\n|\n|t:|1700359419\n|switch|p2a: Zygarde|Zygarde|100\/100\n|detailschange|p1a: Mewtwo|Mewtwo-Mega-Y\n|-mega|p1a: Mewtwo|Mewtwo|Mewtwonite Y\n|move|p1a: Mewtwo|Psystrike|p2a: Zygarde\n|-damage|p2a: Zygarde|47\/100\n|\n|-heal|p2a: Zygarde|53\/100|[from] item: Leftovers\n|upkeep\n|turn|2\n|\n|t:|1700359430\n|-terastallize|p2a: Zygarde|Normal\n|move|p2a: Zygarde|Extreme Speed|p1a: Mewtwo\n|-damage|p1a: Mewtwo|57\/100\n|move|p1a: Mewtwo|Ice Beam|p2a: Zygarde\n|-damage|p2a: Zygarde|10\/100\n|\n|-heal|p2a: Zygarde|16\/100|[from] item: Leftovers\n|-activate|p2a: Zygarde|ability: Power Construct\n|detailschange|p2a: Zygarde|Zygarde-Complete, tera:Normal\n|-heal|p2a: Zygarde|48\/100|[silent]\n|upkeep\n|turn|3\n|\n|t:|1700359444\n|switch|p1a: Krookodile|Krookodile, F|100\/100\n|-ability|p1a: Krookodile|Intimidate|boost\n|-unboost|p2a: Zygarde|atk|1\n|move|p2a: Zygarde|Extreme Speed|p1a: Krookodile\n|-damage|p1a: Krookodile|69\/100\n|\n|-heal|p2a: Zygarde|54\/100|[from] item: Leftovers\n|upkeep\n|turn|4\n|\n|t:|1700359455\n|move|p1a: Krookodile|Stealth Rock|p2a: Zygarde\n|-sidestart|p2: UnderAlias_|move: Stealth Rock\n|move|p2a: Zygarde|Coil|p2a: Zygarde\n|-boost|p2a: Zygarde|atk|1\n|-boost|p2a: Zygarde|def|1\n|-boost|p2a: Zygarde|accuracy|1\n|\n|-heal|p2a: Zygarde|60\/100|[from] item: Leftovers\n|upkeep\n|turn|5\n|\n|t:|1700359469\n|move|p1a: Krookodile|Knock Off|p2a: Zygarde\n|-damage|p2a: Zygarde|45\/100\n|-enditem|p2a: Zygarde|Leftovers|[from] move: Knock Off|[of] p1a: Krookodile\n|move|p2a: Zygarde|Coil|p2a: Zygarde\n|-boost|p2a: Zygarde|atk|1\n|-boost|p2a: Zygarde|def|1\n|-boost|p2a: Zygarde|accuracy|1\n|\n|upkeep\n|turn|6\n|\n|t:|1700359478\n|move|p2a: Zygarde|Extreme Speed|p1a: Krookodile\n|-damage|p1a: Krookodile|0 fnt\n|faint|p1a: Krookodile\n|\n|upkeep\n|\n|t:|1700359493\n|switch|p1a: Xerneas|Xerneas|100\/100\n|-ability|p1a: Xerneas|Fairy Aura\n|turn|7\n|\n|t:|1700359506\n|move|p2a: Zygarde|Extreme Speed|p1a: Xerneas\n|-damage|p1a: Xerneas|61\/100\n|move|p1a: Xerneas|Moonblast|p2a: Zygarde\n|-damage|p2a: Zygarde|1\/100\n|\n|upkeep\n|turn|8\n|\n|t:|1700359517\n|switch|p1a: Marshadow|Marshadow|100\/100\n|move|p2a: Zygarde|Extreme Speed|p1a: Marshadow\n|-immune|p1a: Marshadow\n|\n|upkeep\n|turn|9\n|\n|t:|1700359536\n|move|p1a: Marshadow|Low Kick|p2a: Zygarde\n|-supereffective|p2a: Zygarde\n|-damage|p2a: Zygarde|0 fnt\n|faint|p2a: Zygarde\n|-damage|p1a: Marshadow|91\/100|[from] item: Life Orb\n|\n|upkeep\n|\n|t:|1700359554\n|switch|p2a: Xerneas|Xerneas|100\/100\n|-damage|p2a: Xerneas|88\/100|[from] Stealth Rock\n|-ability|p2a: Xerneas|Fairy Aura\n|turn|10\n|\n|t:|1700359562\n|move|p1a: Marshadow|Poltergeist|p2a: Xerneas\n|-activate|p2a: Xerneas|move: Poltergeist|Fairium Z\n|-damage|p2a: Xerneas|36\/100\n|-damage|p1a: Marshadow|81\/100|[from] item: Life Orb\n|move|p2a: Xerneas|Moonblast|p1a: Marshadow\n|-supereffective|p1a: Marshadow\n|-damage|p1a: Marshadow|0 fnt\n|faint|p1a: Marshadow\n|\n|upkeep\n|\n|t:|1700359576\n|switch|p1a: Mewtwo|Mewtwo-Mega-Y|57\/100\n|turn|11\n|\n|t:|1700359587\n|move|p1a: Mewtwo|Psystrike|p2a: Xerneas\n|-damage|p2a: Xerneas|0 fnt\n|faint|p2a: Xerneas\n|\n|upkeep\n|\n|t:|1700359591\n|switch|p2a: Marshadow|Marshadow|100\/100\n|-damage|p2a: Marshadow|94\/100|[from] Stealth Rock\n|turn|12\n|\n|t:|1700359599\n|switch|p1a: Xerneas|Xerneas|61\/100\n|-ability|p1a: Xerneas|Fairy Aura\n|move|p2a: Marshadow|Shadow Sneak|p1a: Xerneas\n|-damage|p1a: Xerneas|37\/100\n|\n|upkeep\n|turn|13\n|\n|t:|1700359607\n|move|p2a: Marshadow|Spectral Thief|p1a: Xerneas\n|-damage|p1a: Xerneas|5\/100\n|move|p1a: Xerneas|Moonblast|p2a: Marshadow\n|-supereffective|p2a: Marshadow\n|-damage|p2a: Marshadow|0 fnt\n|faint|p2a: Marshadow\n|\n|upkeep\n|\n|t:|1700359616\n|switch|p2a: Blastoise|Blastoise, F|100\/100\n|-damage|p2a: Blastoise|88\/100|[from] Stealth Rock\n|turn|14\n|\n|t:|1700359623\n|detailschange|p2a: Blastoise|Blastoise-Mega, F\n|-mega|p2a: Blastoise|Blastoise|Blastoisinite\n|move|p2a: Blastoise|Rapid Spin|p1a: Xerneas\n|-damage|p1a: Xerneas|0 fnt\n|-boost|p2a: Blastoise|spe|1\n|-sideend|p2: UnderAlias_|Stealth Rock|[from] move: Rapid Spin|[of] p2a: Blastoise\n|faint|p1a: Xerneas\n|\n|upkeep\n|\n|t:|1700359634\n|switch|p1a: Arceus|Arceus|100\/100\n|turn|15\n|\n|t:|1700359640\n|move|p2a: Blastoise|Aura Sphere|p1a: Arceus\n|-supereffective|p1a: Arceus\n|-damage|p1a: Arceus|31\/100\n|move|p1a: Arceus|Swords Dance|p1a: Arceus\n|-boost|p1a: Arceus|atk|2\n|\n|upkeep\n|turn|16\n|\n|t:|1700359649\n|-terastallize|p1a: Arceus|Normal\n|move|p1a: Arceus|Extreme Speed|p2a: Blastoise\n|-damage|p2a: Blastoise|0 fnt\n|faint|p2a: Blastoise\n|-damage|p1a: Arceus|21\/100|[from] item: Life Orb\n|\n|upkeep\n|\n|t:|1700359656\n|switch|p2a: Blaziken|Blaziken, F|100\/100\n|turn|17\n|\n|t:|1700359668\n|move|p1a: Arceus|Earthquake|p2a: Blaziken\n|-supereffective|p2a: Blaziken\n|-enditem|p2a: Blaziken|Focus Sash\n|-damage|p2a: Blaziken|1\/100\n|-damage|p1a: Arceus|11\/100|[from] item: Life Orb\n|move|p2a: Blaziken|Blaze Kick|p1a: Arceus\n|-damage|p1a: Arceus|0 fnt\n|faint|p1a: Arceus\n|\n|-ability|p2a: Blaziken|Speed Boost|boost\n|-boost|p2a: Blaziken|spe|1\n|upkeep\n|\n|t:|1700359682\n|switch|p1a: Mewtwo|Mewtwo-Mega-Y|57\/100\n|turn|18\n|\n|t:|1700359686\n|move|p1a: Mewtwo|Psystrike|p2a: Blaziken\n|-supereffective|p2a: Blaziken\n|-damage|p2a: Blaziken|0 fnt\n|faint|p2a: Blaziken\n|\n|upkeep\n|\n|t:|1700359691\n|switch|p2a: Kyogre|Kyogre|100\/100\n|-weather|RainDance|[from] ability: Drizzle|[of] p2a: Kyogre\n|turn|19\n|\n|t:|1700359696\n|move|p2a: Kyogre|Ice Beam|p1a: Mewtwo\n|-damage|p1a: Mewtwo|29\/100\n|move|p1a: Mewtwo|Psystrike|p2a: Kyogre\n|-damage|p2a: Kyogre|25\/100\n|\n|-weather|RainDance|[upkeep]\n|upkeep\n|turn|20\n|c|\u2606UnderAlias_|gg\n|\n|t:|1700359704\n|move|p2a: Kyogre|Ice Beam|p1a: Mewtwo\n|-damage|p1a: Mewtwo|0 fnt\n|faint|p1a: Mewtwo\n|\n|-weather|RainDance|[upkeep]\n|upkeep\n|\n|t:|1700359711\n|switch|p1a: Groudon|Groudon|100\/100\n|detailschange|p1a: Groudon|Groudon-Primal\n|-primal|p1a: Groudon|Red Orb\n|-weather|DesolateLand|[from] ability: Desolate Land|[of] p1a: Groudon\n|turn|21\n|\n|t:|1700359716\n|move|p2a: Kyogre|Ice Beam|p1a: Groudon\n|-damage|p1a: Groudon|67\/100\n|move|p1a: Groudon|Earthquake|p2a: Kyogre\n|-damage|p2a: Kyogre|0 fnt\n|faint|p2a: Kyogre\n|\n|win|85792195wwww\n|raw|85792195wwww's rating: 1679 &rarr; <strong>1695<\/strong><br \/>(+16 for winning)\n|raw|UnderAlias_'s rating: 1604 &rarr; <strong>1588<\/strong><br \/>(-16 for losing)\n|l|\u2606UnderAlias_\n","uploadtime":1700359726,"views":6,"p1id":"85792195wwww","p2id":"underalias","formatid":"gen9nationaldexubers","rating":1588,"private":0,"password":""}