{"id":"gen9nationaldexubers-1992718367","p1":"VEN0M-MODE\u2716\ufe0f","p2":"BlueDoesPokemon","format":"[Gen 9] National Dex Ubers","log":"|j|\u2606VEN0M-MODE\u2716\ufe0f\n|j|\u2606BlueDoesPokemon\n|t:|1700228750\n|gametype|singles\n|player|p1|VEN0M-MODE\u2716\ufe0f|janine|1040\n|player|p2|BlueDoesPokemon|marlon|1000\n|teamsize|p1|6\n|teamsize|p2|6\n|gen|9\n|tier|[Gen 9] National Dex Ubers\n|rated|\n|rule|HP Percentage Mod: HP is shown in percentages\n|rule|Endless Battle Clause: Forcing endless battles is banned\n|rule|OHKO Clause: OHKO moves are banned\n|rule|Evasion Moves Clause: Evasion moves are banned\n|rule|Evasion Items Clause: Evasion items are banned\n|rule|Species Clause: Limit one of each Pok\u00e9mon\n|rule|Sleep Clause Mod: Limit one foe put to sleep\n|rule|Mega Rayquaza Clause: You cannot mega evolve Rayquaza\n|clearpoke\n|poke|p1|Seviper, F|\n|poke|p1|Grafaiai, M|\n|poke|p1|Weezing, M|\n|poke|p1|Slowbro-Galar, F|\n|poke|p1|Gengar, M|\n|poke|p1|Muk, M|\n|poke|p2|Banette, F|\n|poke|p2|Blastoise, M|\n|poke|p2|Jirachi|\n|poke|p2|Venusaur, M|\n|poke|p2|Garchomp, F|\n|poke|p2|Lugia|\n|teampreview\n|inactive|Battle timer is ON: inactive players will automatically lose when time's up. (requested by BlueDoesPokemon)\n|\n|t:|1700228760\n|start\n|switch|p1a: \ud83d\udfea\u2623\ufe0eGRAFAIAI\u2623\ufe0e\ud83d\udfea|Grafaiai, M|100\/100\n|switch|p2a: glass cannon|Garchomp, F|100\/100\n|turn|1\n|\n|t:|1700228770\n|move|p1a: \ud83d\udfea\u2623\ufe0eGRAFAIAI\u2623\ufe0e\ud83d\udfea|Switcheroo|p2a: glass cannon\n|-activate|p1a: \ud83d\udfea\u2623\ufe0eGRAFAIAI\u2623\ufe0e\ud83d\udfea|move: Trick|[of] p2a: glass cannon\n|-item|p2a: glass cannon|Lagging Tail|[from] move: Switcheroo\n|-item|p1a: \ud83d\udfea\u2623\ufe0eGRAFAIAI\u2623\ufe0e\ud83d\udfea|Aguav Berry|[from] move: Switcheroo\n|move|p2a: glass cannon|Swords Dance|p2a: glass cannon\n|-boost|p2a: glass cannon|atk|2\n|\n|upkeep\n|turn|2\n|\n|t:|1700228779\n|move|p1a: \ud83d\udfea\u2623\ufe0eGRAFAIAI\u2623\ufe0e\ud83d\udfea|Parting Shot|p2a: glass cannon\n|-unboost|p2a: glass cannon|atk|1\n|-unboost|p2a: glass cannon|spa|1\n|\n|t:|1700228792\n|switch|p1a: \ud83d\udfea\u2623\ufe0eWEEZING\u2623\ufe0e\ud83d\udfea|Weezing, M, shiny|100\/100|[from] Parting Shot\n|move|p2a: glass cannon|Outrage|p1a: \ud83d\udfea\u2623\ufe0eWEEZING\u2623\ufe0e\ud83d\udfea\n|-damage|p1a: \ud83d\udfea\u2623\ufe0eWEEZING\u2623\ufe0e\ud83d\udfea|23\/100\n|\n|-heal|p1a: \ud83d\udfea\u2623\ufe0eWEEZING\u2623\ufe0e\ud83d\udfea|29\/100|[from] item: Black Sludge\n|upkeep\n|turn|3\n|\n|t:|1700228803\n|move|p1a: \ud83d\udfea\u2623\ufe0eWEEZING\u2623\ufe0e\ud83d\udfea|Sludge Bomb|p2a: glass cannon\n|-resisted|p2a: glass cannon\n|-damage|p2a: glass cannon|86\/100\n|move|p2a: glass cannon|Outrage|p1a: \ud83d\udfea\u2623\ufe0eWEEZING\u2623\ufe0e\ud83d\udfea|[from]lockedmove\n|-damage|p1a: \ud83d\udfea\u2623\ufe0eWEEZING\u2623\ufe0e\ud83d\udfea|0 fnt\n|faint|p1a: \ud83d\udfea\u2623\ufe0eWEEZING\u2623\ufe0e\ud83d\udfea\n|-start|p2a: glass cannon|confusion|[fatigue]\n|\n|upkeep\n|\n|t:|1700228818\n|switch|p1a: \ud83d\udfeaDEATH\u2623\ufe0eVIPER\ud83d\udfea|Seviper, F, shiny|100\/100\n|turn|4\n|\n|t:|1700228832\n|move|p1a: \ud83d\udfeaDEATH\u2623\ufe0eVIPER\ud83d\udfea|Glare|p2a: glass cannon\n|-status|p2a: glass cannon|par\n|-activate|p2a: glass cannon|confusion\n|move|p2a: glass cannon|Swords Dance|p2a: glass cannon\n|-boost|p2a: glass cannon|atk|2\n|\n|upkeep\n|turn|5\n|\n|t:|1700228849\n|move|p1a: \ud83d\udfeaDEATH\u2623\ufe0eVIPER\ud83d\udfea|Poison Fang|p2a: glass cannon\n|-resisted|p2a: glass cannon\n|-damage|p2a: glass cannon|74\/100 par\n|-activate|p2a: glass cannon|confusion\n|-damage|p2a: glass cannon|40\/100 par|[from] confusion\n|\n|upkeep\n|turn|6\n|\n|t:|1700228859\n|move|p1a: \ud83d\udfeaDEATH\u2623\ufe0eVIPER\ud83d\udfea|Glare|p2a: glass cannon\n|-fail|p2a: glass cannon|par\n|-activate|p2a: glass cannon|confusion\n|-damage|p2a: glass cannon|8\/100 par|[from] confusion\n|\n|upkeep\n|turn|7\n|\n|t:|1700228865\n|-activate|p2a: glass cannon|confusion\n|move|p2a: glass cannon|Protect|p2a: glass cannon\n|-singleturn|p2a: glass cannon|Protect\n|move|p1a: \ud83d\udfeaDEATH\u2623\ufe0eVIPER\ud83d\udfea|Gunk Shot|p2a: glass cannon\n|-activate|p2a: glass cannon|move: Protect\n|\n|upkeep\n|turn|8\n|\n|t:|1700228874\n|switch|p2a: You fliched!|Jirachi, shiny|100\/100\n|move|p1a: \ud83d\udfeaDEATH\u2623\ufe0eVIPER\ud83d\udfea|Gunk Shot|p2a: You fliched!\n|-immune|p2a: You fliched!\n|\n|upkeep\n|turn|9\n|\n|t:|1700228880\n|move|p2a: You fliched!|Iron Head|p1a: \ud83d\udfeaDEATH\u2623\ufe0eVIPER\ud83d\udfea\n|-damage|p1a: \ud83d\udfeaDEATH\u2623\ufe0eVIPER\ud83d\udfea|40\/100\n|cant|p1a: \ud83d\udfeaDEATH\u2623\ufe0eVIPER\ud83d\udfea|flinch\n|\n|-heal|p1a: \ud83d\udfeaDEATH\u2623\ufe0eVIPER\ud83d\udfea|46\/100|[from] item: Black Sludge\n|upkeep\n|turn|10\n|\n|t:|1700228889\n|move|p2a: You fliched!|Iron Head|p1a: \ud83d\udfeaDEATH\u2623\ufe0eVIPER\ud83d\udfea\n|-damage|p1a: \ud83d\udfeaDEATH\u2623\ufe0eVIPER\ud83d\udfea|0 fnt\n|faint|p1a: \ud83d\udfeaDEATH\u2623\ufe0eVIPER\ud83d\udfea\n|\n|upkeep\n|\n|t:|1700228902\n|switch|p1a: \ud83d\udfea\u2623\ufe0eGRAFAIAI\u2623\ufe0e\ud83d\udfea|Grafaiai, M|100\/100\n|turn|11\n|\n|t:|1700228911\n|move|p1a: \ud83d\udfea\u2623\ufe0eGRAFAIAI\u2623\ufe0e\ud83d\udfea|Switcheroo|p2a: You fliched!\n|-activate|p1a: \ud83d\udfea\u2623\ufe0eGRAFAIAI\u2623\ufe0e\ud83d\udfea|move: Trick|[of] p2a: You fliched!\n|-item|p2a: You fliched!|Aguav Berry|[from] move: Switcheroo\n|-item|p1a: \ud83d\udfea\u2623\ufe0eGRAFAIAI\u2623\ufe0e\ud83d\udfea|King's Rock|[from] move: Switcheroo\n|move|p2a: You fliched!|Iron Head|p1a: \ud83d\udfea\u2623\ufe0eGRAFAIAI\u2623\ufe0e\ud83d\udfea\n|-damage|p1a: \ud83d\udfea\u2623\ufe0eGRAFAIAI\u2623\ufe0e\ud83d\udfea|44\/100\n|\n|upkeep\n|turn|12\n|\n|t:|1700228918\n|move|p1a: \ud83d\udfea\u2623\ufe0eGRAFAIAI\u2623\ufe0e\ud83d\udfea|Parting Shot|p2a: You fliched!\n|-unboost|p2a: You fliched!|atk|1\n|-unboost|p2a: You fliched!|spa|1\n|\n|t:|1700228924\n|switch|p1a: \ud83d\udfea\u2623\ufe0eEAT POO\u2623\ufe0e\ud83d\udfea\ud83d\udca9|Muk, M|100\/100|[from] Parting Shot\n|move|p2a: You fliched!|Iron Head|p1a: \ud83d\udfea\u2623\ufe0eEAT POO\u2623\ufe0e\ud83d\udfea\ud83d\udca9\n|-damage|p1a: \ud83d\udfea\u2623\ufe0eEAT POO\u2623\ufe0e\ud83d\udfea\ud83d\udca9|77\/100\n|\n|-heal|p1a: \ud83d\udfea\u2623\ufe0eEAT POO\u2623\ufe0e\ud83d\udfea\ud83d\udca9|84\/100|[from] item: Black Sludge\n|upkeep\n|turn|13\n|\n|t:|1700228934\n|move|p1a: \ud83d\udfea\u2623\ufe0eEAT POO\u2623\ufe0e\ud83d\udfea\ud83d\udca9|Shadow Sneak|p2a: You fliched!\n|-supereffective|p2a: You fliched!\n|-damage|p2a: You fliched!|79\/100\n|move|p2a: You fliched!|Zen Headbutt|p1a: \ud83d\udfea\u2623\ufe0eEAT POO\u2623\ufe0e\ud83d\udfea\ud83d\udca9\n|-supereffective|p1a: \ud83d\udfea\u2623\ufe0eEAT POO\u2623\ufe0e\ud83d\udfea\ud83d\udca9\n|-damage|p1a: \ud83d\udfea\u2623\ufe0eEAT POO\u2623\ufe0e\ud83d\udfea\ud83d\udca9|38\/100\n|\n|-heal|p1a: \ud83d\udfea\u2623\ufe0eEAT POO\u2623\ufe0e\ud83d\udfea\ud83d\udca9|44\/100|[from] item: Black Sludge\n|upkeep\n|turn|14\n|\n|t:|1700228942\n|move|p1a: \ud83d\udfea\u2623\ufe0eEAT POO\u2623\ufe0e\ud83d\udfea\ud83d\udca9|Shadow Sneak|p2a: You fliched!\n|-supereffective|p2a: You fliched!\n|-damage|p2a: You fliched!|58\/100\n|move|p2a: You fliched!|Zen Headbutt|p1a: \ud83d\udfea\u2623\ufe0eEAT POO\u2623\ufe0e\ud83d\udfea\ud83d\udca9\n|-supereffective|p1a: \ud83d\udfea\u2623\ufe0eEAT POO\u2623\ufe0e\ud83d\udfea\ud83d\udca9\n|-damage|p1a: \ud83d\udfea\u2623\ufe0eEAT POO\u2623\ufe0e\ud83d\udfea\ud83d\udca9|0 fnt\n|faint|p1a: \ud83d\udfea\u2623\ufe0eEAT POO\u2623\ufe0e\ud83d\udfea\ud83d\udca9\n|\n|upkeep\n|\n|t:|1700228950\n|switch|p1a: \ud83d\udfea\u2623\ufe0eGENGAR\u2623\ufe0e\ud83d\udfea|Gengar, M, shiny|100\/100\n|turn|15\n|\n|t:|1700228955\n|move|p1a: \ud83d\udfea\u2623\ufe0eGENGAR\u2623\ufe0e\ud83d\udfea|Shadow Ball|p2a: You fliched!\n|-supereffective|p2a: You fliched!\n|-damage|p2a: You fliched!|0 fnt\n|faint|p2a: You fliched!\n|\n|upkeep\n|\n|t:|1700228962\n|switch|p2a: You missed!|Lugia, shiny|100\/100\n|turn|16\n|\n|t:|1700228968\n|move|p2a: You missed!|Flash|p1a: \ud83d\udfea\u2623\ufe0eGENGAR\u2623\ufe0e\ud83d\udfea\n|-unboost|p1a: \ud83d\udfea\u2623\ufe0eGENGAR\u2623\ufe0e\ud83d\udfea|accuracy|1\n|move|p1a: \ud83d\udfea\u2623\ufe0eGENGAR\u2623\ufe0e\ud83d\udfea|Shadow Ball|p2a: You missed!\n|-supereffective|p2a: You missed!\n|-damage|p2a: You missed!|76\/100\n|\n|upkeep\n|turn|17\n|\n|t:|1700228976\n|move|p1a: \ud83d\udfea\u2623\ufe0eGENGAR\u2623\ufe0e\ud83d\udfea|Nasty Plot|p1a: \ud83d\udfea\u2623\ufe0eGENGAR\u2623\ufe0e\ud83d\udfea\n|-boost|p1a: \ud83d\udfea\u2623\ufe0eGENGAR\u2623\ufe0e\ud83d\udfea|spa|2\n|move|p2a: You missed!|Flash|p1a: \ud83d\udfea\u2623\ufe0eGENGAR\u2623\ufe0e\ud83d\udfea\n|-unboost|p1a: \ud83d\udfea\u2623\ufe0eGENGAR\u2623\ufe0e\ud83d\udfea|accuracy|1\n|\n|upkeep\n|turn|18\n|\n|t:|1700228986\n|move|p2a: You missed!|Aeroblast|p1a: \ud83d\udfea\u2623\ufe0eGENGAR\u2623\ufe0e\ud83d\udfea\n|-damage|p1a: \ud83d\udfea\u2623\ufe0eGENGAR\u2623\ufe0e\ud83d\udfea|50\/100\n|-start|p2a: You missed!|Disable|Aeroblast|[from] ability: Cursed Body|[of] p1a: \ud83d\udfea\u2623\ufe0eGENGAR\u2623\ufe0e\ud83d\udfea\n|-zpower|p1a: \ud83d\udfea\u2623\ufe0eGENGAR\u2623\ufe0e\ud83d\udfea\n|move|p1a: \ud83d\udfea\u2623\ufe0eGENGAR\u2623\ufe0e\ud83d\udfea|Acid Downpour|p2a: You missed!|[zeffect]\n|-damage|p2a: You missed!|0 fnt\n|faint|p2a: You missed!\n|\n|upkeep\n|\n|t:|1700228998\n|switch|p2a: fodder|Banette, F|100\/100\n|-item|p1a: \ud83d\udfea\u2623\ufe0eGENGAR\u2623\ufe0e\ud83d\udfea|Poisonium Z|[from] ability: Frisk|[of] p2a: fodder|[identify]\n|turn|19\n|\n|t:|1700229010\n|move|p1a: \ud83d\udfea\u2623\ufe0eGENGAR\u2623\ufe0e\ud83d\udfea|Toxic Spikes|p2a: fodder\n|-sidestart|p2: BlueDoesPokemon|move: Toxic Spikes\n|move|p2a: fodder|Destiny Bond|p2a: fodder\n|-singlemove|p2a: fodder|Destiny Bond\n|\n|upkeep\n|turn|20\n|\n|t:|1700229015\n|move|p1a: \ud83d\udfea\u2623\ufe0eGENGAR\u2623\ufe0e\ud83d\udfea|Toxic Spikes|p2a: fodder\n|-sidestart|p2: BlueDoesPokemon|move: Toxic Spikes\n|move|p2a: fodder|Psychic|p1a: \ud83d\udfea\u2623\ufe0eGENGAR\u2623\ufe0e\ud83d\udfea\n|-supereffective|p1a: \ud83d\udfea\u2623\ufe0eGENGAR\u2623\ufe0e\ud83d\udfea\n|-damage|p1a: \ud83d\udfea\u2623\ufe0eGENGAR\u2623\ufe0e\ud83d\udfea|0 fnt\n|faint|p1a: \ud83d\udfea\u2623\ufe0eGENGAR\u2623\ufe0e\ud83d\udfea\n|\n|upkeep\n|\n|t:|1700229027\n|switch|p1a: \ud83d\udfea\u2623\ufe0eGRAFAIAI\u2623\ufe0e\ud83d\udfea|Grafaiai, M|44\/100\n|turn|21\n|\n|t:|1700229034\n|move|p1a: \ud83d\udfea\u2623\ufe0eGRAFAIAI\u2623\ufe0e\ud83d\udfea|Poison Fang|p2a: fodder\n|-resisted|p2a: fodder\n|-damage|p2a: fodder|88\/100\n|-status|p2a: fodder|tox\n|move|p2a: fodder|Psychic|p1a: \ud83d\udfea\u2623\ufe0eGRAFAIAI\u2623\ufe0e\ud83d\udfea\n|-supereffective|p1a: \ud83d\udfea\u2623\ufe0eGRAFAIAI\u2623\ufe0e\ud83d\udfea\n|-damage|p1a: \ud83d\udfea\u2623\ufe0eGRAFAIAI\u2623\ufe0e\ud83d\udfea|0 fnt\n|faint|p1a: \ud83d\udfea\u2623\ufe0eGRAFAIAI\u2623\ufe0e\ud83d\udfea\n|\n|-damage|p2a: fodder|82\/100 tox|[from] psn\n|upkeep\n|\n|t:|1700229045\n|switch|p1a: \ud83d\udfea\u2623\ufe0eSLOWBRO\u2623\ufe0e\ud83d\udfea|Slowbro-Galar, F|100\/100\n|turn|22\n|-activate|p1a: \ud83d\udfea\u2623\ufe0eSLOWBRO\u2623\ufe0e\ud83d\udfea|ability: Quick Draw\n|\n|t:|1700229053\n|move|p1a: \ud83d\udfea\u2623\ufe0eSLOWBRO\u2623\ufe0e\ud83d\udfea|Psychic|p2a: fodder\n|-damage|p2a: fodder|42\/100 tox\n|move|p2a: fodder|Psychic|p1a: \ud83d\udfea\u2623\ufe0eSLOWBRO\u2623\ufe0e\ud83d\udfea\n|-damage|p1a: \ud83d\udfea\u2623\ufe0eSLOWBRO\u2623\ufe0e\ud83d\udfea|81\/100\n|-unboost|p1a: \ud83d\udfea\u2623\ufe0eSLOWBRO\u2623\ufe0e\ud83d\udfea|spd|1\n|\n|-damage|p2a: fodder|30\/100 tox|[from] psn\n|upkeep\n|turn|23\n|-activate|p1a: \ud83d\udfea\u2623\ufe0eSLOWBRO\u2623\ufe0e\ud83d\udfea|item: Quick Claw\n|\n|t:|1700229067\n|move|p1a: \ud83d\udfea\u2623\ufe0eSLOWBRO\u2623\ufe0e\ud83d\udfea|Psychic|p2a: fodder\n|-damage|p2a: fodder|0 fnt\n|faint|p2a: fodder\n|\n|upkeep\n|\n|t:|1700229079\n|switch|p2a: Heavy|Blastoise, M|100\/100\n|-status|p2a: Heavy|tox\n|turn|24\n|-activate|p1a: \ud83d\udfea\u2623\ufe0eSLOWBRO\u2623\ufe0e\ud83d\udfea|ability: Quick Draw\n|\n|t:|1700229086\n|-terastallize|p2a: Heavy|Water\n|-terastallize|p1a: \ud83d\udfea\u2623\ufe0eSLOWBRO\u2623\ufe0e\ud83d\udfea|Poison\n|move|p1a: \ud83d\udfea\u2623\ufe0eSLOWBRO\u2623\ufe0e\ud83d\udfea|Shell Side Arm|p2a: Heavy|[anim] Shell Side Arm Special\n|-damage|p2a: Heavy|49\/100 tox\n|-hint|Special Shell Side Arm\n|move|p2a: Heavy|Body Press|p1a: \ud83d\udfea\u2623\ufe0eSLOWBRO\u2623\ufe0e\ud83d\udfea\n|-resisted|p1a: \ud83d\udfea\u2623\ufe0eSLOWBRO\u2623\ufe0e\ud83d\udfea\n|-damage|p1a: \ud83d\udfea\u2623\ufe0eSLOWBRO\u2623\ufe0e\ud83d\udfea|69\/100\n|\n|-damage|p2a: Heavy|43\/100 tox|[from] psn\n|upkeep\n|turn|25\n|\n|t:|1700229106\n|switch|p2a: shhhh~ sleep.|Venusaur, M|100\/100\n|-sideend|p2: BlueDoesPokemon|move: Toxic Spikes|[of] p2a: shhhh~ sleep.\n|move|p1a: \ud83d\udfea\u2623\ufe0eSLOWBRO\u2623\ufe0e\ud83d\udfea|Shell Side Arm|p2a: shhhh~ sleep.|[anim] Shell Side Arm Special\n|-damage|p2a: shhhh~ sleep.|35\/100\n|-hint|Special Shell Side Arm\n|\n|upkeep\n|turn|26\n|-activate|p1a: \ud83d\udfea\u2623\ufe0eSLOWBRO\u2623\ufe0e\ud83d\udfea|ability: Quick Draw\n|\n|t:|1700229123\n|move|p1a: \ud83d\udfea\u2623\ufe0eSLOWBRO\u2623\ufe0e\ud83d\udfea|Psychic|p2a: shhhh~ sleep.\n|-supereffective|p2a: shhhh~ sleep.\n|-damage|p2a: shhhh~ sleep.|0 fnt\n|faint|p2a: shhhh~ sleep.\n|\n|upkeep\n|\n|t:|1700229130\n|switch|p2a: Heavy|Blastoise, M, tera:Water|43\/100 tox\n|turn|27\n|inactive|BlueDoesPokemon has 120 seconds left.\n|\n|t:|1700229152\n|move|p2a: Heavy|Earthquake|p1a: \ud83d\udfea\u2623\ufe0eSLOWBRO\u2623\ufe0e\ud83d\udfea\n|-supereffective|p1a: \ud83d\udfea\u2623\ufe0eSLOWBRO\u2623\ufe0e\ud83d\udfea\n|-damage|p1a: \ud83d\udfea\u2623\ufe0eSLOWBRO\u2623\ufe0e\ud83d\udfea|27\/100\n|move|p1a: \ud83d\udfea\u2623\ufe0eSLOWBRO\u2623\ufe0e\ud83d\udfea|Shell Side Arm|p2a: Heavy|[anim] Shell Side Arm Special\n|-damage|p2a: Heavy|0 fnt\n|-hint|Special Shell Side Arm\n|faint|p2a: Heavy\n|\n|upkeep\n|inactive|BlueDoesPokemon has 120 seconds left.\n|\n|t:|1700229160\n|switch|p2a: glass cannon|Garchomp, F|8\/100 par\n|turn|28\n|-activate|p1a: \ud83d\udfea\u2623\ufe0eSLOWBRO\u2623\ufe0e\ud83d\udfea|ability: Quick Draw\n|\n|t:|1700229167\n|move|p1a: \ud83d\udfea\u2623\ufe0eSLOWBRO\u2623\ufe0e\ud83d\udfea|Sludge Bomb|p2a: glass cannon\n|-resisted|p2a: glass cannon\n|-damage|p2a: glass cannon|0 fnt\n|faint|p2a: glass cannon\n|\n|win|VEN0M-MODE\u2716\ufe0f\n|raw|VEN0M-MODE\u2716\ufe0f's rating: 1040 &rarr; <strong>1070<\/strong><br \/>(+30 for winning)\n|raw|BlueDoesPokemon's rating: 1000 &rarr; <strong>1000<\/strong><br \/>(+0 for losing)\n|c|\u2606VEN0M-MODE\u2716\ufe0f|Noob\n","uploadtime":1700229189,"views":9,"p1id":"ven0mmode","p2id":"bluedoespokemon","formatid":"gen9nationaldexubers","rating":1000,"private":0,"password":""}