{"id":"gen9nationaldexubers-1995145051","p1":"dreepy airlines","p2":"XX_1nfinity_XX","format":"[Gen 9] National Dex Ubers","log":"|j|\u2606dreepy airlines\n|j|\u2606XX_1nfinity_XX\n|t:|1700527596\n|gametype|singles\n|player|p1|dreepy airlines|waitress-gen6|\n|player|p2|XX_1nfinity_XX|steven|\n|teamsize|p1|6\n|teamsize|p2|6\n|gen|9\n|tier|[Gen 9] National Dex Ubers\n|rule|HP Percentage Mod: HP is shown in percentages\n|rule|Endless Battle Clause: Forcing endless battles is banned\n|rule|OHKO Clause: OHKO moves are banned\n|rule|Evasion Moves Clause: Evasion moves are banned\n|rule|Evasion Items Clause: Evasion items are banned\n|rule|Species Clause: Limit one of each Pok\u00e9mon\n|rule|Sleep Clause Mod: Limit one foe put to sleep\n|rule|Mega Rayquaza Clause: You cannot mega evolve Rayquaza\n|clearpoke\n|poke|p1|Annihilape, M|\n|poke|p1|Garganacl, M|\n|poke|p1|Empoleon, M|\n|poke|p1|Gliscor, M|\n|poke|p1|Gholdengo|\n|poke|p1|Roaring Moon|\n|poke|p2|Kangaskhan, F|\n|poke|p2|Shuckle, F|\n|poke|p2|Porygon-Z|\n|poke|p2|Chansey, F|\n|poke|p2|Zoroark-Hisui, F|\n|poke|p2|Ambipom, F|\n|teampreview\n|inactive|Battle timer is ON: inactive players will automatically lose when time's up. (requested by dreepy airlines)\n|inactive|XX_1nfinity_XX also wants the timer to be on.\n|c|\u2606XX_1nfinity_XX|hi\n|inactive|dreepy airlines has 270 seconds left.\n|c|\u2606dreepy airlines|!ds normal, uber\n|c| dreepy airlines|\/raw <div class=\"infobox\"><a href=\"\/\/dex.pokemonshowdown.com\/pokemon\/arceus\" target=\"_blank\" class=\"subtle\" style=\"white-space:nowrap\"><psicon pokemon=\"Arceus\" style=\"vertical-align:-7px;margin:-2px\" \/>Arceus<\/a>, <a href=\"\/\/dex.pokemonshowdown.com\/pokemon\/kangaskhanmega\" target=\"_blank\" class=\"subtle\" style=\"white-space:nowrap\"><psicon pokemon=\"Kangaskhan-Mega\" style=\"vertical-align:-7px;margin:-2px\" \/>Kangaskhan-Mega<\/a>, <a href=\"\/\/dex.pokemonshowdown.com\/pokemon\/ursalunabloodmoon\" target=\"_blank\" class=\"subtle\" style=\"white-space:nowrap\"><psicon pokemon=\"Ursaluna-Bloodmoon\" style=\"vertical-align:-7px;margin:-2px\" \/>Ursaluna-Bloodmoon<\/a><\/div>\n|inactive|dreepy airlines has 240 seconds left.\n|c|\u2606dreepy airlines|ursa is prob better\n|c|\u2606dreepy airlines|for lopp\n|\n|t:|1700527664\n|start\n|switch|p1a: Annihilape|Annihilape, M|100\/100\n|switch|p2a: Web setter trust|Shuckle, F|100\/100\n|turn|1\n|\n|t:|1700527671\n|move|p2a: Web setter trust|Shadow Ball|p1a: Annihilape\n|-supereffective|p1a: Annihilape\n|-damage|p1a: Annihilape|48\/100\n|move|p1a: Annihilape|Taunt|p2a: Web setter trust\n|-start|p2a: Web setter trust|move: Taunt\n|\n|-heal|p1a: Annihilape|54\/100|[from] item: Leftovers\n|upkeep\n|turn|2\n|\n|t:|1700527684\n|switch|p2a: Manke|Ambipom, F|100\/100\n|switch|p1a: Roaring Moon|Roaring Moon|100\/100\n|-enditem|p1a: Roaring Moon|Booster Energy\n|-activate|p1a: Roaring Moon|ability: Protosynthesis|[fromitem]\n|-start|p1a: Roaring Moon|protosynthesisatk\n|\n|upkeep\n|turn|3\n|c|\u2606dreepy airlines|wait shoot\n|c|\u2606dreepy airlines|gimme 2m\n|c|\u2606dreepy airlines|timer off\n|inactive|XX_1nfinity_XX no longer wants the timer on, but the timer is staying on because dreepyairlines still does.\n|c|\u2606XX_1nfinity_XX|kk\n|inactiveoff|Battle timer is now OFF.\n|j| rellia\n|c| rellia|hi rellia 2...\n|c|\u2606dreepy airlines|huh\n|c|\u2606dreepy airlines|im back\n|c|\u2606XX_1nfinity_XX|hi\n|c|\u2606XX_1nfinity_XX|who is this\n|c|\u2606XX_1nfinity_XX|or uh who are these\n|\n|t:|1700527941\n|move|p2a: Manke|Fake Out|p1a: Roaring Moon\n|-damage|p1a: Roaring Moon|60\/100\n|-damage|p2a: Manke|91\/100|[from] item: Life Orb\n|cant|p1a: Roaring Moon|flinch\n|\n|upkeep\n|turn|4\n|c|\u2606dreepy airlines|its rellia\n|c|\u2606dreepy airlines|and rellia 2\n|\n|t:|1700527953\n|move|p1a: Roaring Moon|Dragon Claw|p2a: Manke\n|-damage|p2a: Manke|0 fnt\n|faint|p2a: Manke\n|\n|upkeep\n|c|\u2606dreepy airlines|duh\n|\n|t:|1700527962\n|switch|p2a: Web setter trust|Shuckle, F|100\/100\n|turn|5\n|\n|t:|1700527981\n|-end|p1a: Roaring Moon|Protosynthesis|[silent]\n|switch|p1a: Garganacl|Garganacl, M|100\/100\n|move|p2a: Web setter trust|Hyper Voice|p1a: Garganacl\n|-resisted|p1a: Garganacl\n|-damage|p1a: Garganacl|80\/100\n|\n|-heal|p1a: Garganacl|86\/100|[from] item: Leftovers\n|upkeep\n|turn|6\n|\n|t:|1700527991\n|switch|p2a: Here we go|Porygon-Z|100\/100\n|move|p1a: Garganacl|Salt Cure|p2a: Here we go\n|-damage|p2a: Here we go|79\/100\n|-start|p2a: Here we go|Salt Cure\n|\n|-heal|p1a: Garganacl|93\/100|[from] item: Leftovers\n|-damage|p2a: Here we go|67\/100|[from] Salt Cure\n|upkeep\n|turn|7\n|\n|t:|1700528000\n|switch|p2a: Its a bird|Kangaskhan, F|100\/100\n|switch|p1a: Annihilape|Annihilape, M|54\/100\n|\n|-heal|p1a: Annihilape|60\/100|[from] item: Leftovers\n|upkeep\n|turn|8\n|\n|t:|1700528007\n|switch|p2a: Web setter trust|Shuckle, F|100\/100\n|move|p1a: Annihilape|Drain Punch|p2a: Web setter trust\n|-immune|p2a: Web setter trust\n|\n|-heal|p1a: Annihilape|67\/100|[from] item: Leftovers\n|upkeep\n|turn|9\n|\n|t:|1700528016\n|switch|p1a: Garganacl|Garganacl, M|93\/100\n|move|p2a: Web setter trust|Focus Blast|p1a: Garganacl\n|-supereffective|p1a: Garganacl\n|-damage|p1a: Garganacl|11\/100\n|\n|-heal|p1a: Garganacl|18\/100|[from] item: Leftovers\n|upkeep\n|turn|10\n|\n|t:|1700528024\n|switch|p1a: Gliscor|Gliscor, M|100\/100\n|move|p2a: Web setter trust|Focus Blast|p1a: Gliscor\n|-resisted|p1a: Gliscor\n|-damage|p1a: Gliscor|83\/100\n|\n|-status|p1a: Gliscor|tox|[from] item: Toxic Orb\n|upkeep\n|turn|11\n|\n|t:|1700528033\n|switch|p2a: Web setter trust|Shuckle, F|100\/100\n|move|p1a: Gliscor|Spikes|p2a: Web setter trust\n|-sidestart|p2: XX_1nfinity_XX|Spikes\n|\n|-heal|p1a: Gliscor|95\/100 tox|[from] ability: Poison Heal\n|upkeep\n|turn|12\n|\n|t:|1700528042\n|switch|p1a: Garganacl|Garganacl, M|18\/100\n|move|p2a: Web setter trust|Shell Smash|p2a: Web setter trust\n|-boost|p2a: Web setter trust|def|1\n|-boost|p2a: Web setter trust|spd|1\n|-unboost|p2a: Web setter trust|atk|2\n|-unboost|p2a: Web setter trust|spa|2\n|-unboost|p2a: Web setter trust|spe|2\n|\n|-heal|p1a: Garganacl|24\/100|[from] item: Leftovers\n|upkeep\n|turn|13\n|\n|t:|1700528049\n|move|p1a: Garganacl|Recover|p1a: Garganacl\n|-heal|p1a: Garganacl|74\/100\n|move|p2a: Web setter trust|Infestation|p1a: Garganacl\n|-damage|p1a: Garganacl|73\/100\n|-activate|p1a: Garganacl|move: Infestation|[of] p2a: Web setter trust\n|\n|-heal|p1a: Garganacl|79\/100|[from] item: Leftovers\n|-damage|p1a: Garganacl|67\/100|[from] move: Infestation|[partiallytrapped]\n|upkeep\n|turn|14\n|\n|t:|1700528052\n|move|p1a: Garganacl|Salt Cure|p2a: Web setter trust\n|-supereffective|p2a: Web setter trust\n|-damage|p2a: Web setter trust|88\/100\n|-start|p2a: Web setter trust|Salt Cure\n|move|p2a: Web setter trust|Shell Smash|p2a: Web setter trust\n|-boost|p2a: Web setter trust|def|1\n|-boost|p2a: Web setter trust|spd|1\n|-unboost|p2a: Web setter trust|atk|2\n|-unboost|p2a: Web setter trust|spa|2\n|-unboost|p2a: Web setter trust|spe|2\n|\n|-heal|p1a: Garganacl|73\/100|[from] item: Leftovers\n|-heal|p2a: Web setter trust|94\/100|[from] item: Leftovers\n|-damage|p1a: Garganacl|60\/100|[from] move: Infestation|[partiallytrapped]\n|-damage|p2a: Web setter trust|81\/100|[from] Salt Cure\n|upkeep\n|turn|15\n|\n|t:|1700528054\n|move|p1a: Garganacl|Recover|p1a: Garganacl\n|-heal|p1a: Garganacl|100\/100\n|move|p2a: Web setter trust|Shell Smash|p2a: Web setter trust\n|-boost|p2a: Web setter trust|def|1\n|-boost|p2a: Web setter trust|spd|1\n|-unboost|p2a: Web setter trust|atk|2\n|-unboost|p2a: Web setter trust|spa|2\n|-unboost|p2a: Web setter trust|spe|2\n|\n|-heal|p2a: Web setter trust|87\/100|[from] item: Leftovers\n|-damage|p1a: Garganacl|88\/100|[from] move: Infestation|[partiallytrapped]\n|-damage|p2a: Web setter trust|75\/100|[from] Salt Cure\n|upkeep\n|turn|16\n|\n|t:|1700528058\n|move|p1a: Garganacl|Curse|p1a: Garganacl\n|-unboost|p1a: Garganacl|spe|1\n|-boost|p1a: Garganacl|atk|1\n|-boost|p1a: Garganacl|def|1\n|move|p2a: Web setter trust|Shell Smash|p2a: Web setter trust\n|-boost|p2a: Web setter trust|def|1\n|-boost|p2a: Web setter trust|spd|1\n|-unboost|p2a: Web setter trust|atk|0\n|-unboost|p2a: Web setter trust|spa|0\n|-unboost|p2a: Web setter trust|spe|0\n|\n|-heal|p1a: Garganacl|94\/100|[from] item: Leftovers\n|-heal|p2a: Web setter trust|81\/100|[from] item: Leftovers\n|-damage|p1a: Garganacl|82\/100|[from] move: Infestation|[partiallytrapped]\n|-damage|p2a: Web setter trust|68\/100|[from] Salt Cure\n|upkeep\n|turn|17\n|\n|t:|1700528063\n|move|p1a: Garganacl|Curse|p1a: Garganacl\n|-unboost|p1a: Garganacl|spe|1\n|-boost|p1a: Garganacl|atk|1\n|-boost|p1a: Garganacl|def|1\n|move|p2a: Web setter trust|Shell Smash|p2a: Web setter trust\n|-boost|p2a: Web setter trust|def|1\n|-boost|p2a: Web setter trust|spd|1\n|-unboost|p2a: Web setter trust|atk|0\n|-unboost|p2a: Web setter trust|spa|0\n|-unboost|p2a: Web setter trust|spe|0\n|\n|-heal|p1a: Garganacl|88\/100|[from] item: Leftovers\n|-heal|p2a: Web setter trust|74\/100|[from] item: Leftovers\n|-end|p1a: Garganacl|Infestation|[partiallytrapped]\n|-damage|p2a: Web setter trust|62\/100|[from] Salt Cure\n|upkeep\n|turn|18\n|\n|t:|1700528067\n|move|p1a: Garganacl|Curse|p1a: Garganacl\n|-unboost|p1a: Garganacl|spe|1\n|-boost|p1a: Garganacl|atk|1\n|-boost|p1a: Garganacl|def|1\n|move|p2a: Web setter trust|Infestation|p1a: Garganacl\n|-damage|p1a: Garganacl|87\/100\n|-activate|p1a: Garganacl|move: Infestation|[of] p2a: Web setter trust\n|\n|-heal|p1a: Garganacl|94\/100|[from] item: Leftovers\n|-heal|p2a: Web setter trust|68\/100|[from] item: Leftovers\n|-damage|p1a: Garganacl|81\/100|[from] move: Infestation|[partiallytrapped]\n|-damage|p2a: Web setter trust|55\/100|[from] Salt Cure\n|upkeep\n|turn|19\n|\n|t:|1700528070\n|move|p1a: Garganacl|Curse|p1a: Garganacl\n|-unboost|p1a: Garganacl|spe|1\n|-boost|p1a: Garganacl|atk|1\n|-boost|p1a: Garganacl|def|1\n|move|p2a: Web setter trust|Shell Smash|p2a: Web setter trust\n|-boost|p2a: Web setter trust|def|1\n|-boost|p2a: Web setter trust|spd|1\n|-unboost|p2a: Web setter trust|atk|0\n|-unboost|p2a: Web setter trust|spa|0\n|-unboost|p2a: Web setter trust|spe|0\n|\n|-heal|p1a: Garganacl|87\/100|[from] item: Leftovers\n|-heal|p2a: Web setter trust|61\/100|[from] item: Leftovers\n|-damage|p1a: Garganacl|75\/100|[from] move: Infestation|[partiallytrapped]\n|-damage|p2a: Web setter trust|49\/100|[from] Salt Cure\n|upkeep\n|turn|20\n|\n|t:|1700528078\n|move|p1a: Garganacl|Curse|p1a: Garganacl\n|-unboost|p1a: Garganacl|spe|1\n|-boost|p1a: Garganacl|atk|1\n|-boost|p1a: Garganacl|def|1\n|move|p2a: Web setter trust|Infestation|p1a: Garganacl\n|-damage|p1a: Garganacl|74\/100\n|\n|-heal|p1a: Garganacl|80\/100|[from] item: Leftovers\n|-heal|p2a: Web setter trust|55\/100|[from] item: Leftovers\n|-damage|p1a: Garganacl|68\/100|[from] move: Infestation|[partiallytrapped]\n|-damage|p2a: Web setter trust|42\/100|[from] Salt Cure\n|upkeep\n|turn|21\n|\n|t:|1700528082\n|move|p1a: Garganacl|Curse|p1a: Garganacl\n|-unboost|p1a: Garganacl|spe|1\n|-boost|p1a: Garganacl|atk|1\n|-boost|p1a: Garganacl|def|1\n|move|p2a: Web setter trust|Infestation|p1a: Garganacl\n|-damage|p1a: Garganacl|67\/100\n|\n|-heal|p1a: Garganacl|73\/100|[from] item: Leftovers\n|-heal|p2a: Web setter trust|48\/100|[from] item: Leftovers\n|-damage|p1a: Garganacl|61\/100|[from] move: Infestation|[partiallytrapped]\n|-damage|p2a: Web setter trust|36\/100|[from] Salt Cure\n|upkeep\n|turn|22\n|\n|t:|1700528087\n|move|p1a: Garganacl|Salt Cure|p2a: Web setter trust\n|-supereffective|p2a: Web setter trust\n|-damage|p2a: Web setter trust|17\/100\n|move|p2a: Web setter trust|Infestation|p1a: Garganacl\n|-damage|p1a: Garganacl|60\/100\n|\n|-heal|p1a: Garganacl|66\/100|[from] item: Leftovers\n|-heal|p2a: Web setter trust|23\/100|[from] item: Leftovers\n|-damage|p1a: Garganacl|54\/100|[from] move: Infestation|[partiallytrapped]\n|-damage|p2a: Web setter trust|10\/100|[from] Salt Cure\n|upkeep\n|turn|23\n|\n|t:|1700528091\n|move|p1a: Garganacl|Recover|p1a: Garganacl\n|-heal|p1a: Garganacl|100\/100\n|move|p2a: Web setter trust|Rest|p2a: Web setter trust\n|-status|p2a: Web setter trust|slp|[from] move: Rest\n|-heal|p2a: Web setter trust|100\/100 slp|[silent]\n|\n|-end|p1a: Garganacl|Infestation|[partiallytrapped]\n|-damage|p2a: Web setter trust|88\/100 slp|[from] Salt Cure\n|upkeep\n|turn|24\n|c|\u2606XX_1nfinity_XX|noo\n|c|\u2606XX_1nfinity_XX|uhh\n|\n|t:|1700528102\n|move|p1a: Garganacl|Earthquake|p2a: Web setter trust\n|-damage|p2a: Web setter trust|73\/100 slp\n|cant|p2a: Web setter trust|slp\n|\n|-heal|p2a: Web setter trust|79\/100 slp|[from] item: Leftovers\n|-damage|p2a: Web setter trust|67\/100 slp|[from] Salt Cure\n|upkeep\n|turn|25\n|\n|t:|1700528105\n|move|p1a: Garganacl|Earthquake|p2a: Web setter trust\n|-damage|p2a: Web setter trust|52\/100 slp\n|cant|p2a: Web setter trust|slp\n|\n|-heal|p2a: Web setter trust|58\/100 slp|[from] item: Leftovers\n|-damage|p2a: Web setter trust|46\/100 slp|[from] Salt Cure\n|upkeep\n|turn|26\n|\n|t:|1700528112\n|move|p1a: Garganacl|Earthquake|p2a: Web setter trust\n|-damage|p2a: Web setter trust|30\/100 slp\n|-curestatus|p2a: Web setter trust|slp|[msg]\n|move|p2a: Web setter trust|Infestation|p1a: Garganacl\n|-damage|p1a: Garganacl|99\/100\n|-activate|p1a: Garganacl|move: Infestation|[of] p2a: Web setter trust\n|\n|-heal|p1a: Garganacl|100\/100|[from] item: Leftovers\n|-heal|p2a: Web setter trust|36\/100|[from] item: Leftovers\n|-damage|p1a: Garganacl|88\/100|[from] move: Infestation|[partiallytrapped]\n|-damage|p2a: Web setter trust|23\/100|[from] Salt Cure\n|upkeep\n|turn|27\n|\n|t:|1700528116\n|move|p1a: Garganacl|Earthquake|p2a: Web setter trust\n|-damage|p2a: Web setter trust|9\/100\n|move|p2a: Web setter trust|Rest|p2a: Web setter trust\n|-status|p2a: Web setter trust|slp|[from] move: Rest\n|-heal|p2a: Web setter trust|100\/100 slp|[silent]\n|\n|-heal|p1a: Garganacl|94\/100|[from] item: Leftovers\n|-damage|p1a: Garganacl|82\/100|[from] move: Infestation|[partiallytrapped]\n|-damage|p2a: Web setter trust|88\/100 slp|[from] Salt Cure\n|upkeep\n|turn|28\n|\n|t:|1700528122\n|move|p1a: Garganacl|Earthquake|p2a: Web setter trust\n|-damage|p2a: Web setter trust|73\/100 slp\n|cant|p2a: Web setter trust|slp\n|\n|-heal|p1a: Garganacl|88\/100|[from] item: Leftovers\n|-heal|p2a: Web setter trust|79\/100 slp|[from] item: Leftovers\n|-damage|p1a: Garganacl|76\/100|[from] move: Infestation|[partiallytrapped]\n|-damage|p2a: Web setter trust|66\/100 slp|[from] Salt Cure\n|upkeep\n|turn|29\n|\n|t:|1700528126\n|move|p1a: Garganacl|Earthquake|p2a: Web setter trust\n|-damage|p2a: Web setter trust|53\/100 slp\n|cant|p2a: Web setter trust|slp\n|\n|-heal|p1a: Garganacl|82\/100|[from] item: Leftovers\n|-heal|p2a: Web setter trust|59\/100 slp|[from] item: Leftovers\n|-damage|p1a: Garganacl|70\/100|[from] move: Infestation|[partiallytrapped]\n|-damage|p2a: Web setter trust|46\/100 slp|[from] Salt Cure\n|upkeep\n|turn|30\n|\n|t:|1700528129\n|move|p1a: Garganacl|Earthquake|p2a: Web setter trust\n|-damage|p2a: Web setter trust|32\/100 slp\n|-curestatus|p2a: Web setter trust|slp|[msg]\n|move|p2a: Web setter trust|Infestation|p1a: Garganacl\n|-damage|p1a: Garganacl|69\/100\n|\n|-heal|p1a: Garganacl|75\/100|[from] item: Leftovers\n|-heal|p2a: Web setter trust|38\/100|[from] item: Leftovers\n|-damage|p1a: Garganacl|63\/100|[from] move: Infestation|[partiallytrapped]\n|-damage|p2a: Web setter trust|25\/100|[from] Salt Cure\n|upkeep\n|turn|31\n|\n|t:|1700528134\n|move|p1a: Garganacl|Earthquake|p2a: Web setter trust\n|-damage|p2a: Web setter trust|10\/100\n|move|p2a: Web setter trust|Rest|p2a: Web setter trust\n|-status|p2a: Web setter trust|slp|[from] move: Rest\n|-heal|p2a: Web setter trust|100\/100 slp|[silent]\n|\n|-heal|p1a: Garganacl|69\/100|[from] item: Leftovers\n|-end|p1a: Garganacl|Infestation|[partiallytrapped]\n|-damage|p2a: Web setter trust|88\/100 slp|[from] Salt Cure\n|upkeep\n|turn|32\n|c|\u2606XX_1nfinity_XX|nerf salt cure\n|\n|t:|1700528142\n|move|p1a: Garganacl|Earthquake|p2a: Web setter trust\n|-damage|p2a: Web setter trust|74\/100 slp\n|cant|p2a: Web setter trust|slp\n|\n|-heal|p1a: Garganacl|75\/100|[from] item: Leftovers\n|-heal|p2a: Web setter trust|80\/100 slp|[from] item: Leftovers\n|-damage|p2a: Web setter trust|67\/100 slp|[from] Salt Cure\n|upkeep\n|turn|33\n|\n|t:|1700528145\n|move|p1a: Garganacl|Earthquake|p2a: Web setter trust\n|-damage|p2a: Web setter trust|54\/100 slp\n|cant|p2a: Web setter trust|slp\n|\n|-heal|p1a: Garganacl|81\/100|[from] item: Leftovers\n|-heal|p2a: Web setter trust|60\/100 slp|[from] item: Leftovers\n|-damage|p2a: Web setter trust|47\/100 slp|[from] Salt Cure\n|upkeep\n|turn|34\n|\n|t:|1700528147\n|move|p1a: Garganacl|Earthquake|p2a: Web setter trust\n|-damage|p2a: Web setter trust|31\/100 slp\n|-curestatus|p2a: Web setter trust|slp|[msg]\n|move|p2a: Web setter trust|Infestation|p1a: Garganacl\n|-damage|p1a: Garganacl|80\/100\n|-activate|p1a: Garganacl|move: Infestation|[of] p2a: Web setter trust\n|\n|-heal|p1a: Garganacl|87\/100|[from] item: Leftovers\n|-heal|p2a: Web setter trust|37\/100|[from] item: Leftovers\n|-damage|p1a: Garganacl|74\/100|[from] move: Infestation|[partiallytrapped]\n|-damage|p2a: Web setter trust|25\/100|[from] Salt Cure\n|upkeep\n|turn|35\n|\n|t:|1700528153\n|move|p1a: Garganacl|Earthquake|p2a: Web setter trust\n|-damage|p2a: Web setter trust|11\/100\n|move|p2a: Web setter trust|Rest|p2a: Web setter trust\n|-status|p2a: Web setter trust|slp|[from] move: Rest\n|-heal|p2a: Web setter trust|100\/100 slp|[silent]\n|\n|-heal|p1a: Garganacl|80\/100|[from] item: Leftovers\n|-damage|p1a: Garganacl|68\/100|[from] move: Infestation|[partiallytrapped]\n|-damage|p2a: Web setter trust|88\/100 slp|[from] Salt Cure\n|upkeep\n|turn|36\n|\n|t:|1700528156\n|move|p1a: Garganacl|Earthquake|p2a: Web setter trust\n|-damage|p2a: Web setter trust|73\/100 slp\n|cant|p2a: Web setter trust|slp\n|\n|-heal|p1a: Garganacl|74\/100|[from] item: Leftovers\n|-heal|p2a: Web setter trust|79\/100 slp|[from] item: Leftovers\n|-damage|p1a: Garganacl|62\/100|[from] move: Infestation|[partiallytrapped]\n|-damage|p2a: Web setter trust|66\/100 slp|[from] Salt Cure\n|upkeep\n|turn|37\n|\n|t:|1700528160\n|move|p1a: Garganacl|Earthquake|p2a: Web setter trust\n|-damage|p2a: Web setter trust|51\/100 slp\n|cant|p2a: Web setter trust|slp\n|\n|-heal|p1a: Garganacl|68\/100|[from] item: Leftovers\n|-heal|p2a: Web setter trust|57\/100 slp|[from] item: Leftovers\n|-damage|p1a: Garganacl|56\/100|[from] move: Infestation|[partiallytrapped]\n|-damage|p2a: Web setter trust|45\/100 slp|[from] Salt Cure\n|upkeep\n|turn|38\n|c|\u2606dreepy airlines|wait actually\n|c|\u2606dreepy airlines|lemme try smth\n|\n|t:|1700528174\n|move|p1a: Garganacl|Recover|p1a: Garganacl\n|-heal|p1a: Garganacl|100\/100\n|-curestatus|p2a: Web setter trust|slp|[msg]\n|move|p2a: Web setter trust|Infestation|p1a: Garganacl\n|-damage|p1a: Garganacl|99\/100\n|\n|-heal|p1a: Garganacl|100\/100|[from] item: Leftovers\n|-heal|p2a: Web setter trust|51\/100|[from] item: Leftovers\n|-end|p1a: Garganacl|Infestation|[partiallytrapped]\n|-damage|p2a: Web setter trust|38\/100|[from] Salt Cure\n|upkeep\n|turn|39\n|\n|t:|1700528178\n|-terastallize|p1a: Garganacl|Ghost\n|move|p1a: Garganacl|Curse|p2a: Web setter trust\n|-start|p2a: Web setter trust|Curse|[of] p1a: Garganacl\n|-damage|p1a: Garganacl|50\/100\n|move|p2a: Web setter trust|Infestation|p1a: Garganacl\n|-resisted|p1a: Garganacl\n|-damage|p1a: Garganacl|50\/100\n|-activate|p1a: Garganacl|move: Infestation|[of] p2a: Web setter trust\n|\n|-heal|p1a: Garganacl|56\/100|[from] item: Leftovers\n|-heal|p2a: Web setter trust|44\/100|[from] item: Leftovers\n|-damage|p2a: Web setter trust|19\/100|[from] Curse\n|-damage|p1a: Garganacl|44\/100|[from] move: Infestation|[partiallytrapped]\n|-damage|p2a: Web setter trust|7\/100|[from] Salt Cure\n|upkeep\n|turn|40\n|c|\u2606dreepy airlines|lmao\n|c|\u2606XX_1nfinity_XX|oh flip\n|c|\u2606dreepy airlines|!\n|\n|t:|1700528200\n|move|p1a: Garganacl|Salt Cure|p2a: Web setter trust\n|-supereffective|p2a: Web setter trust\n|-damage|p2a: Web setter trust|0 fnt\n|faint|p2a: Web setter trust\n|\n|-heal|p1a: Garganacl|50\/100|[from] item: Leftovers\n|-end|p1a: Garganacl|Infestation|[partiallytrapped]|[silent]\n|upkeep\n|\n|t:|1700528218\n|switch|p2a: Here we go|Porygon-Z|100\/100\n|-damage|p2a: Here we go|88\/100|[from] Spikes\n|turn|41\n|c|\u2606XX_1nfinity_XX|uhh please crit\n|c|\u2606dreepy airlines|specs dark pulse should just kill\n|\n|t:|1700528244\n|switch|p1a: Annihilape|Annihilape, M|67\/100\n|move|p2a: Here we go|Shadow Ball|p1a: Annihilape\n|-supereffective|p1a: Annihilape\n|-damage|p1a: Annihilape|19\/100\n|\n|-heal|p1a: Annihilape|25\/100|[from] item: Leftovers\n|upkeep\n|turn|42\n|c|\u2606dreepy airlines|oh\n|c|\u2606XX_1nfinity_XX|lol\n|\n|t:|1700528256\n|switch|p1a: Roaring Moon|Roaring Moon|60\/100\n|move|p2a: Here we go|Shadow Ball|p1a: Roaring Moon\n|-resisted|p1a: Roaring Moon\n|-damage|p1a: Roaring Moon|41\/100\n|\n|upkeep\n|turn|43\n|\n|t:|1700528264\n|move|p2a: Here we go|Shadow Ball|p1a: Roaring Moon\n|-resisted|p1a: Roaring Moon\n|-damage|p1a: Roaring Moon|22\/100\n|move|p1a: Roaring Moon|Dragon Claw|p2a: Here we go\n|-damage|p2a: Here we go|5\/100\n|replace|p2a: Fooled ya|Zoroark-Hisui, F\n|-end|p2a: Fooled ya|Illusion\n|\n|upkeep\n|turn|44\n|\n|t:|1700528276\n|move|p2a: Fooled ya|Shadow Ball|p1a: Roaring Moon\n|-resisted|p1a: Roaring Moon\n|-damage|p1a: Roaring Moon|3\/100\n|move|p1a: Roaring Moon|Dragon Claw|p2a: Fooled ya\n|-damage|p2a: Fooled ya|0 fnt\n|faint|p2a: Fooled ya\n|\n|upkeep\n|\n|t:|1700528289\n|switch|p2a: Here we go|Porygon-Z|67\/100\n|-damage|p2a: Here we go|55\/100|[from] Spikes\n|turn|45\n|\n|t:|1700528298\n|move|p1a: Roaring Moon|Dragon Claw|p2a: Here we go\n|-damage|p2a: Here we go|0 fnt\n|faint|p2a: Here we go\n|\n|upkeep\n|\n|t:|1700528301\n|switch|p2a: Its a bird|Kangaskhan, F|100\/100\n|-damage|p2a: Its a bird|88\/100|[from] Spikes\n|turn|46\n|\n|t:|1700528309\n|-end|p1a: Roaring Moon|Protosynthesis|[silent]\n|switch|p1a: Gholdengo|Gholdengo|100\/100\n|detailschange|p2a: Its a bird|Kangaskhan-Mega, F\n|-mega|p2a: Its a bird|Kangaskhan|Kangaskhanite\n|move|p2a: Its a bird|Power-Up Punch|p1a: Gholdengo\n|-immune|p1a: Gholdengo\n|\n|upkeep\n|turn|47\n|\n|t:|1700528312\n|move|p2a: Its a bird|Sucker Punch||[still]\n|-fail|p2a: Its a bird\n|move|p1a: Gholdengo|Thunder Wave|p2a: Its a bird\n|-status|p2a: Its a bird|par\n|\n|upkeep\n|turn|48\n|c|\u2606XX_1nfinity_XX|rude\n|c|\u2606dreepy airlines|fr\n|\n|t:|1700528327\n|switch|p1a: Annihilape|Annihilape, M|25\/100\n|move|p2a: Its a bird|Sucker Punch||[still]\n|-fail|p2a: Its a bird\n|\n|-heal|p1a: Annihilape|32\/100|[from] item: Leftovers\n|upkeep\n|turn|49\n|\n|t:|1700528335\n|cant|p2a: Its a bird|par\n|move|p1a: Annihilape|Bulk Up|p1a: Annihilape\n|-boost|p1a: Annihilape|atk|1\n|-boost|p1a: Annihilape|def|1\n|\n|-heal|p1a: Annihilape|38\/100|[from] item: Leftovers\n|upkeep\n|turn|50\n|c|\u2606XX_1nfinity_XX|yeah ggs\n|c|\u2606dreepy airlines|gg\n|c|\u2606XX_1nfinity_XX|i only have sucker punch\n|\n|t:|1700528352\n|move|p2a: Its a bird|Sucker Punch||[still]\n|-fail|p2a: Its a bird\n|move|p1a: Annihilape|Bulk Up|p1a: Annihilape\n|-boost|p1a: Annihilape|atk|1\n|-boost|p1a: Annihilape|def|1\n|\n|-heal|p1a: Annihilape|44\/100|[from] item: Leftovers\n|upkeep\n|turn|51\n|c|\u2606dreepy airlines|i kinda guessed\n|\n|t:|1700528358\n|move|p2a: Its a bird|Sucker Punch|p1a: Annihilape\n|-damage|p1a: Annihilape|31\/100\n|-damage|p1a: Annihilape|29\/100\n|-hitcount|p1a: Annihilape|2\n|move|p1a: Annihilape|Drain Punch|p2a: Its a bird\n|-supereffective|p2a: Its a bird\n|-damage|p2a: Its a bird|0 fnt\n|-heal|p1a: Annihilape|65\/100|[from] drain|[of] p2a: Its a bird\n|faint|p2a: Its a bird\n|\n|-heal|p1a: Annihilape|71\/100|[from] item: Leftovers\n|upkeep\n|c|\u2606dreepy airlines|prob didnt have to risk that\n|c|\u2606dreepy airlines|but its getting borng\n|c|\u2606XX_1nfinity_XX|i wasnt prepared for a team with 3 ghost types\n|\n|t:|1700528378\n|switch|p2a: We ball|Chansey, F|100\/100\n|-damage|p2a: We ball|88\/100|[from] Spikes\n|turn|52\n|c|\u2606dreepy airlines|just lopp tbh\n|c|\u2606XX_1nfinity_XX|ig\n|c|\u2606dreepy airlines|your one uber can be ursa bm\n|\n|t:|1700528398\n|move|p1a: Annihilape|Drain Punch|p2a: We ball\n|-supereffective|p2a: We ball\n|-damage|p2a: We ball|19\/100\n|-heal|p1a: Annihilape|100\/100|[from] drain|[of] p2a: We ball\n|move|p2a: We ball|Soft-Boiled|p2a: We ball\n|-heal|p2a: We ball|69\/100\n|\n|upkeep\n|turn|53\n|\n|t:|1700528422\n|move|p1a: Annihilape|Drain Punch|p2a: We ball\n|-supereffective|p2a: We ball\n|-damage|p2a: We ball|0 fnt\n|faint|p2a: We ball\n|\n|win|dreepy airlines\n","uploadtime":1700528426,"views":4,"p1id":"dreepyairlines","p2id":"xx1nfinityxx","formatid":"gen9nationaldexubers","rating":0,"private":0,"password":""}