{"id":"gen9nationaldexubers-1993856584","p1":"Penter","p2":"Future king of ou","format":"[Gen 9] National Dex Ubers","log":"|j|\u2606Penter\n|j|\u2606Future king of ou\n|t:|1700365962\n|gametype|singles\n|player|p1|Penter|n|\n|player|p2|Future king of ou|alec-anime|\n|teamsize|p1|6\n|teamsize|p2|6\n|gen|9\n|tier|[Gen 9] National Dex Ubers\n|rated|Tournament battle\n|rule|HP Percentage Mod: HP is shown in percentages\n|rule|Endless Battle Clause: Forcing endless battles is banned\n|rule|OHKO Clause: OHKO moves are banned\n|rule|Evasion Moves Clause: Evasion moves are banned\n|rule|Evasion Items Clause: Evasion items are banned\n|rule|Species Clause: Limit one of each Pok\u00e9mon\n|rule|Sleep Clause Mod: Limit one foe put to sleep\n|rule|Mega Rayquaza Clause: You cannot mega evolve Rayquaza\n|clearpoke\n|poke|p1|Xerneas-*|\n|poke|p1|Kyogre|\n|poke|p1|Marshadow|\n|poke|p1|Necrozma-Dusk-Mane|\n|poke|p1|Arceus-Ground|\n|poke|p1|Yveltal|\n|poke|p2|Giratina|\n|poke|p2|Dondozo, F|\n|poke|p2|Chansey, F|\n|poke|p2|Tyranitar, F|\n|poke|p2|Ho-Oh|\n|poke|p2|Mewtwo|\n|teampreview\n|c|\u2606Future king of ou|Have fun\n|j| whitebeard solos\n|c|\u2606Penter|u2\n|\n|t:|1700365990\n|start\n|switch|p1a: Necrozma|Necrozma-Dusk-Mane|100\/100\n|switch|p2a: Hyperion|Mewtwo, shiny|100\/100\n|-ability|p2a: Hyperion|Pressure\n|turn|1\n|\n|t:|1700365997\n|move|p2a: Hyperion|Will-O-Wisp|p1a: Necrozma\n|-status|p1a: Necrozma|brn\n|move|p1a: Necrozma|Thunder Wave|p2a: Hyperion|[miss]\n|-miss|p1a: Necrozma|p2a: Hyperion\n|\n|-damage|p1a: Necrozma|94\/100 brn|[from] brn\n|upkeep\n|turn|2\n|\n|t:|1700366007\n|move|p2a: Hyperion|Foul Play|p1a: Necrozma\n|-supereffective|p1a: Necrozma\n|-damage|p1a: Necrozma|58\/100 brn\n|move|p1a: Necrozma|Stealth Rock|p2a: Hyperion\n|-sidestart|p2: Future king of ou|move: Stealth Rock\n|\n|-heal|p1a: Necrozma|64\/100 brn|[from] item: Leftovers\n|-damage|p1a: Necrozma|58\/100 brn|[from] brn\n|upkeep\n|turn|3\n|j| FlamingThunderG0d\n|\n|t:|1700366018\n|move|p2a: Hyperion|Will-O-Wisp|p1a: Necrozma\n|-fail|p1a: Necrozma|brn\n|move|p1a: Necrozma|Moonlight|p1a: Necrozma\n|-heal|p1a: Necrozma|100\/100 brn\n|\n|-damage|p1a: Necrozma|94\/100 brn|[from] brn\n|upkeep\n|turn|4\n|\n|t:|1700366020\n|switch|p2a: Helios|Ho-Oh, shiny|100\/100\n|move|p1a: Necrozma|Thunder Wave|p2a: Helios\n|-status|p2a: Helios|par\n|\n|-heal|p1a: Necrozma|100\/100 brn|[from] item: Leftovers\n|-damage|p1a: Necrozma|94\/100 brn|[from] brn\n|upkeep\n|turn|5\n|\n|t:|1700366024\n|move|p1a: Necrozma|Sunsteel Strike|p2a: Helios\n|-resisted|p2a: Helios\n|-damage|p2a: Helios|93\/100 par\n|move|p2a: Helios|Defog|p1a: Necrozma\n|-unboost|p1a: Necrozma|evasion|1\n|-sideend|p2: Future king of ou|Stealth Rock|[from] move: Defog|[of] p2a: Helios\n|\n|-heal|p1a: Necrozma|100\/100 brn|[from] item: Leftovers\n|-damage|p1a: Necrozma|94\/100 brn|[from] brn\n|upkeep\n|turn|6\n|\n|t:|1700366055\n|move|p1a: Necrozma|Stealth Rock|p2a: Helios\n|-sidestart|p2: Future king of ou|move: Stealth Rock\n|move|p2a: Helios|Sacred Fire|p1a: Necrozma\n|-supereffective|p1a: Necrozma\n|-damage|p1a: Necrozma|52\/100 brn\n|\n|-heal|p1a: Necrozma|58\/100 brn|[from] item: Leftovers\n|-damage|p1a: Necrozma|52\/100 brn|[from] brn\n|upkeep\n|turn|7\n|\n|t:|1700366132\n|switch|p1a: Kyogre|Kyogre|100\/100\n|detailschange|p1a: Kyogre|Kyogre-Primal\n|-primal|p1a: Kyogre|Blue Orb\n|-weather|PrimordialSea|[from] ability: Primordial Sea|[of] p1a: Kyogre\n|move|p2a: Helios|Toxic|p1a: Kyogre\n|-status|p1a: Kyogre|tox\n|\n|-weather|PrimordialSea|[upkeep]\n|-damage|p1a: Kyogre|94\/100 tox|[from] psn\n|upkeep\n|turn|8\n|c|\u2606Future king of ou|nice\n|\n|t:|1700366145\n|switch|p2a: Epione|Chansey, F, shiny|100\/100\n|-damage|p2a: Epione|88\/100|[from] Stealth Rock\n|move|p1a: Kyogre|Origin Pulse|p2a: Epione|[miss]\n|-miss|p1a: Kyogre|p2a: Epione\n|\n|-weather|PrimordialSea|[upkeep]\n|-damage|p1a: Kyogre|82\/100 tox|[from] psn\n|upkeep\n|turn|9\n|j| Leafium Z\n|\n|t:|1700366168\n|move|p1a: Kyogre|Origin Pulse|p2a: Epione\n|-damage|p2a: Epione|60\/100\n|move|p2a: Epione|Confide|p1a: Kyogre\n|-unboost|p1a: Kyogre|spa|1\n|\n|-weather|PrimordialSea|[upkeep]\n|-damage|p1a: Kyogre|63\/100 tox|[from] psn\n|upkeep\n|turn|10\n|\n|t:|1700366173\n|move|p1a: Kyogre|Rest|p1a: Kyogre\n|-status|p1a: Kyogre|slp|[from] move: Rest\n|-heal|p1a: Kyogre|100\/100 slp|[silent]\n|move|p2a: Epione|Soft-Boiled|p2a: Epione\n|-heal|p2a: Epione|100\/100\n|\n|-weather|PrimordialSea|[upkeep]\n|upkeep\n|turn|11\n|\n|t:|1700366179\n|cant|p1a: Kyogre|slp\n|move|p1a: Kyogre|Sleep Talk|p1a: Kyogre\n|move|p1a: Kyogre|Ice Beam|p2a: Epione|[from]move: Sleep Talk\n|-damage|p2a: Epione|95\/100\n|move|p2a: Epione|Heal Bell|p2a: Epione\n|-activate|p2a: Epione|move: Heal Bell\n|-curestatus|p2: Helios|par|[msg]\n|\n|-weather|PrimordialSea|[upkeep]\n|upkeep\n|turn|12\n|c|\u2606Future king of ou|Dam. Rest talk\n|\n|t:|1700366197\n|cant|p1a: Kyogre|slp\n|move|p1a: Kyogre|Sleep Talk|p1a: Kyogre\n|move|p1a: Kyogre|Origin Pulse|p2a: Epione|[from]move: Sleep Talk\n|-damage|p2a: Epione|79\/100\n|move|p2a: Epione|Seismic Toss|p1a: Kyogre\n|-damage|p1a: Kyogre|76\/100 slp\n|\n|-weather|PrimordialSea|[upkeep]\n|upkeep\n|turn|13\n|\n|t:|1700366206\n|-weather|none\n|switch|p1a: Arceus|Arceus-Ground|100\/100\n|move|p2a: Epione|Seismic Toss|p1a: Arceus\n|-damage|p1a: Arceus|78\/100\n|\n|upkeep\n|turn|14\n|\n|t:|1700366214\n|switch|p2a: Chaos|Giratina, shiny|100\/100\n|-damage|p2a: Chaos|88\/100|[from] Stealth Rock\n|-ability|p2a: Chaos|Pressure\n|move|p1a: Arceus|Calm Mind|p1a: Arceus\n|-boost|p1a: Arceus|spa|1\n|-boost|p1a: Arceus|spd|1\n|\n|-heal|p2a: Chaos|94\/100|[from] item: Leftovers\n|upkeep\n|turn|15\n|\n|t:|1700366280\n|move|p1a: Arceus|Ice Beam|p2a: Chaos\n|-supereffective|p2a: Chaos\n|-damage|p2a: Chaos|54\/100\n|move|p2a: Chaos|Toxic|p1a: Arceus\n|-status|p1a: Arceus|tox\n|\n|-heal|p2a: Chaos|60\/100|[from] item: Leftovers\n|-damage|p1a: Arceus|72\/100 tox|[from] psn\n|upkeep\n|turn|16\n|\n|t:|1700366287\n|move|p1a: Arceus|Ice Beam|p2a: Chaos\n|-supereffective|p2a: Chaos\n|-damage|p2a: Chaos|15\/100\n|move|p2a: Chaos|Rest|p2a: Chaos\n|-status|p2a: Chaos|slp|[from] move: Rest\n|-heal|p2a: Chaos|100\/100 slp|[silent]\n|\n|-damage|p1a: Arceus|60\/100 tox|[from] psn\n|upkeep\n|turn|17\n|\n|t:|1700366290\n|switch|p2a: Epione|Chansey, F, shiny|79\/100\n|-damage|p2a: Epione|66\/100|[from] Stealth Rock\n|move|p1a: Arceus|Calm Mind|p1a: Arceus\n|-boost|p1a: Arceus|spa|1\n|-boost|p1a: Arceus|spd|1\n|\n|-damage|p1a: Arceus|41\/100 tox|[from] psn\n|upkeep\n|turn|18\n|\n|t:|1700366295\n|move|p1a: Arceus|Recover|p1a: Arceus\n|-heal|p1a: Arceus|91\/100 tox\n|move|p2a: Epione|Soft-Boiled|p2a: Epione\n|-heal|p2a: Epione|100\/100\n|\n|-damage|p1a: Arceus|67\/100 tox|[from] psn\n|upkeep\n|turn|19\n|\n|t:|1700366304\n|switch|p1a: Kyogre|Kyogre-Primal|76\/100 slp\n|-weather|PrimordialSea|[from] ability: Primordial Sea|[of] p1a: Kyogre\n|move|p2a: Epione|Seismic Toss|p1a: Kyogre\n|-damage|p1a: Kyogre|51\/100 slp\n|\n|-weather|PrimordialSea|[upkeep]\n|upkeep\n|turn|20\n|\n|t:|1700366324\n|-curestatus|p1a: Kyogre|slp|[msg]\n|move|p1a: Kyogre|Origin Pulse|p2a: Epione\n|-damage|p2a: Epione|73\/100\n|move|p2a: Epione|Seismic Toss|p1a: Kyogre\n|-damage|p1a: Kyogre|26\/100\n|\n|-weather|PrimordialSea|[upkeep]\n|upkeep\n|turn|21\n|\n|t:|1700366330\n|move|p1a: Kyogre|Rest|p1a: Kyogre\n|-status|p1a: Kyogre|slp|[from] move: Rest\n|-heal|p1a: Kyogre|100\/100 slp|[silent]\n|move|p2a: Epione|Seismic Toss|p1a: Kyogre\n|-damage|p1a: Kyogre|76\/100 slp\n|\n|-weather|PrimordialSea|[upkeep]\n|upkeep\n|turn|22\n|\n|t:|1700366360\n|-weather|none\n|switch|p1a: Necrozma|Necrozma-Dusk-Mane|52\/100 brn\n|move|p2a: Epione|Seismic Toss|p1a: Necrozma\n|-damage|p1a: Necrozma|27\/100 brn\n|\n|-heal|p1a: Necrozma|33\/100 brn|[from] item: Leftovers\n|-damage|p1a: Necrozma|27\/100 brn|[from] brn\n|upkeep\n|turn|23\n|\n|t:|1700366366\n|switch|p2a: Erebus|Tyranitar, F, shiny|100\/100\n|-damage|p2a: Erebus|88\/100|[from] Stealth Rock\n|-weather|Sandstorm|[from] ability: Sand Stream|[of] p2a: Erebus\n|move|p1a: Necrozma|Moonlight|p1a: Necrozma\n|-heal|p1a: Necrozma|52\/100 brn\n|\n|-weather|Sandstorm|[upkeep]\n|-heal|p1a: Necrozma|58\/100 brn|[from] item: Leftovers\n|-damage|p1a: Necrozma|52\/100 brn|[from] brn\n|upkeep\n|turn|24\n|\n|t:|1700366407\n|detailschange|p2a: Erebus|Tyranitar-Mega, F, shiny\n|-mega|p2a: Erebus|Tyranitar|Tyranitarite\n|move|p1a: Necrozma|Sunsteel Strike|p2a: Erebus\n|-supereffective|p2a: Erebus\n|-damage|p2a: Erebus|55\/100\n|move|p2a: Erebus|Stealth Rock|p1a: Necrozma\n|-sidestart|p1: Penter|move: Stealth Rock\n|\n|-weather|Sandstorm|[upkeep]\n|-heal|p1a: Necrozma|58\/100 brn|[from] item: Leftovers\n|-damage|p1a: Necrozma|52\/100 brn|[from] brn\n|upkeep\n|turn|25\n|\n|t:|1700366418\n|move|p1a: Necrozma|Moonlight|p1a: Necrozma\n|-heal|p1a: Necrozma|77\/100 brn\n|move|p2a: Erebus|Rest|p2a: Erebus\n|-status|p2a: Erebus|slp|[from] move: Rest\n|-heal|p2a: Erebus|100\/100 slp|[silent]\n|\n|-weather|Sandstorm|[upkeep]\n|-heal|p1a: Necrozma|83\/100 brn|[from] item: Leftovers\n|-damage|p1a: Necrozma|77\/100 brn|[from] brn\n|upkeep\n|turn|26\n|\n|t:|1700366425\n|switch|p2a: Helios|Ho-Oh, shiny|100\/100\n|move|p1a: Necrozma|Sunsteel Strike|p2a: Helios\n|-resisted|p2a: Helios\n|-damage|p2a: Helios|91\/100\n|\n|-weather|Sandstorm|[upkeep]\n|-damage|p2a: Helios|85\/100|[from] Sandstorm\n|-heal|p1a: Necrozma|83\/100 brn|[from] item: Leftovers\n|-damage|p1a: Necrozma|77\/100 brn|[from] brn\n|upkeep\n|turn|27\n|\n|t:|1700366436\n|switch|p1a: Kyogre|Kyogre-Primal|76\/100 slp\n|-damage|p1a: Kyogre|63\/100 slp|[from] Stealth Rock\n|-weather|PrimordialSea|[from] ability: Primordial Sea|[of] p1a: Kyogre\n|move|p2a: Helios|Whirlwind|p1a: Kyogre\n|-weather|none\n|drag|p1a: Arceus|Arceus-Ground|67\/100 tox\n|-damage|p1a: Arceus|61\/100 tox|[from] Stealth Rock\n|\n|-damage|p1a: Arceus|55\/100 tox|[from] psn\n|upkeep\n|turn|28\n|\n|t:|1700366442\n|switch|p1a: Kyogre|Kyogre-Primal|63\/100 slp\n|-damage|p1a: Kyogre|51\/100 slp|[from] Stealth Rock\n|-weather|PrimordialSea|[from] ability: Primordial Sea|[of] p1a: Kyogre\n|move|p2a: Helios|Sacred Fire||[still]\n|-fail|p2a: Helios|Sacred Fire|[from] Primordial Sea\n|\n|-weather|PrimordialSea|[upkeep]\n|upkeep\n|turn|29\n|\n|t:|1700366447\n|switch|p2a: Epione|Chansey, F, shiny|73\/100\n|-damage|p2a: Epione|61\/100|[from] Stealth Rock\n|cant|p1a: Kyogre|slp\n|move|p1a: Kyogre|Sleep Talk|p1a: Kyogre\n|move|p1a: Kyogre|Ice Beam|p2a: Epione|[from]move: Sleep Talk\n|-damage|p2a: Epione|51\/100\n|\n|-weather|PrimordialSea|[upkeep]\n|upkeep\n|turn|30\n|\n|t:|1700366456\n|-weather|none\n|switch|p1a: Yveltal|Yveltal|100\/100\n|-ability|p1a: Yveltal|Dark Aura\n|move|p2a: Epione|Soft-Boiled|p2a: Epione\n|-heal|p2a: Epione|100\/100\n|\n|upkeep\n|turn|31\n|\n|t:|1700366463\n|switch|p2a: Erebus|Tyranitar-Mega, F, shiny|100\/100 slp\n|-damage|p2a: Erebus|88\/100 slp|[from] Stealth Rock\n|-weather|Sandstorm|[from] ability: Sand Stream|[of] p2a: Erebus\n|move|p1a: Yveltal|Knock Off|p2a: Erebus\n|-resisted|p2a: Erebus\n|-damage|p2a: Erebus|75\/100 slp\n|\n|-weather|Sandstorm|[upkeep]\n|-damage|p1a: Yveltal|94\/100|[from] Sandstorm\n|upkeep\n|turn|32\n|\n|t:|1700366470\n|move|p1a: Yveltal|Defog|p2a: Erebus\n|-unboost|p2a: Erebus|evasion|1\n|-sideend|p2: Future king of ou|Stealth Rock|[from] move: Defog|[of] p1a: Yveltal\n|-sideend|p1: Penter|Stealth Rock|[from] move: Defog|[of] p1a: Yveltal\n|cant|p2a: Erebus|slp\n|\n|-weather|Sandstorm|[upkeep]\n|-damage|p1a: Yveltal|88\/100|[from] Sandstorm\n|upkeep\n|turn|33\n|\n|t:|1700366479\n|switch|p1a: Marshadow|Marshadow|100\/100\n|cant|p2a: Erebus|slp\n|\n|-weather|Sandstorm|[upkeep]\n|-damage|p1a: Marshadow|94\/100|[from] Sandstorm\n|upkeep\n|turn|34\n|\n|t:|1700366491\n|switch|p2a: Helios|Ho-Oh, shiny|100\/100\n|move|p1a: Marshadow|Low Kick|p2a: Helios\n|-resisted|p2a: Helios\n|-damage|p2a: Helios|78\/100\n|-damage|p1a: Marshadow|84\/100|[from] item: Life Orb\n|\n|-weather|Sandstorm|[upkeep]\n|-damage|p1a: Marshadow|78\/100|[from] Sandstorm\n|-damage|p2a: Helios|72\/100|[from] Sandstorm\n|upkeep\n|turn|35\n|\n|t:|1700366504\n|switch|p1a: Kyogre|Kyogre-Primal|51\/100 slp\n|-weather|PrimordialSea|[from] ability: Primordial Sea|[of] p1a: Kyogre\n|switch|p2a: Triton|Dondozo, F, shiny|100\/100\n|\n|-weather|PrimordialSea|[upkeep]\n|upkeep\n|turn|36\n|\n|t:|1700366513\n|switch|p2a: Epione|Chansey, F, shiny|100\/100\n|cant|p1a: Kyogre|slp\n|move|p1a: Kyogre|Sleep Talk|p1a: Kyogre\n|move|p1a: Kyogre|Ice Beam|p2a: Epione|[from]move: Sleep Talk\n|-damage|p2a: Epione|92\/100\n|\n|-weather|PrimordialSea|[upkeep]\n|upkeep\n|turn|37\n|\n|t:|1700366524\n|-curestatus|p1a: Kyogre|slp|[msg]\n|move|p1a: Kyogre|Origin Pulse|p2a: Epione\n|-damage|p2a: Epione|65\/100\n|move|p2a: Epione|Seismic Toss|p1a: Kyogre\n|-damage|p1a: Kyogre|26\/100\n|\n|-weather|PrimordialSea|[upkeep]\n|upkeep\n|turn|38\n|\n|t:|1700366530\n|move|p1a: Kyogre|Rest|p1a: Kyogre\n|-status|p1a: Kyogre|slp|[from] move: Rest\n|-heal|p1a: Kyogre|100\/100 slp|[silent]\n|move|p2a: Epione|Seismic Toss|p1a: Kyogre\n|-damage|p1a: Kyogre|76\/100 slp\n|\n|-weather|PrimordialSea|[upkeep]\n|upkeep\n|turn|39\n|\n|t:|1700366535\n|-weather|none\n|switch|p1a: Yveltal|Yveltal|88\/100\n|-ability|p1a: Yveltal|Dark Aura\n|move|p2a: Epione|Confide|p1a: Yveltal\n|-unboost|p1a: Yveltal|spa|1\n|\n|upkeep\n|turn|40\n|\n|t:|1700366539\n|switch|p2a: Erebus|Tyranitar-Mega, F, shiny|75\/100 slp\n|-weather|Sandstorm|[from] ability: Sand Stream|[of] p2a: Erebus\n|move|p1a: Yveltal|Knock Off|p2a: Erebus\n|-resisted|p2a: Erebus\n|-damage|p2a: Erebus|63\/100 slp\n|\n|-weather|Sandstorm|[upkeep]\n|-damage|p1a: Yveltal|82\/100|[from] Sandstorm\n|upkeep\n|turn|41\n|\n|t:|1700366543\n|switch|p1a: Kyogre|Kyogre-Primal|76\/100 slp\n|-weather|PrimordialSea|[from] ability: Primordial Sea|[of] p1a: Kyogre\n|-curestatus|p2a: Erebus|slp|[msg]\n|move|p2a: Erebus|Knock Off|p1a: Kyogre\n|-damage|p1a: Kyogre|50\/100 slp\n|\n|-weather|PrimordialSea|[upkeep]\n|upkeep\n|turn|42\n|\n|t:|1700366551\n|switch|p2a: Epione|Chansey, F, shiny|65\/100\n|cant|p1a: Kyogre|slp\n|move|p1a: Kyogre|Sleep Talk|p1a: Kyogre\n|move|p1a: Kyogre|Origin Pulse|p2a: Epione|[from]move: Sleep Talk\n|-damage|p2a: Epione|36\/100\n|\n|-weather|PrimordialSea|[upkeep]\n|upkeep\n|turn|43\n|\n|t:|1700366560\n|-weather|none\n|switch|p1a: Yveltal|Yveltal|82\/100\n|-ability|p1a: Yveltal|Dark Aura\n|move|p2a: Epione|Soft-Boiled|p2a: Epione\n|-heal|p2a: Epione|86\/100\n|\n|upkeep\n|turn|44\n|\n|t:|1700366567\n|switch|p2a: Erebus|Tyranitar-Mega, F, shiny|63\/100\n|-weather|Sandstorm|[from] ability: Sand Stream|[of] p2a: Erebus\n|move|p1a: Yveltal|Knock Off|p2a: Erebus\n|-resisted|p2a: Erebus\n|-damage|p2a: Erebus|51\/100\n|\n|-weather|Sandstorm|[upkeep]\n|-damage|p1a: Yveltal|76\/100|[from] Sandstorm\n|upkeep\n|turn|45\n|\n|t:|1700366571\n|switch|p1a: Kyogre|Kyogre-Primal|50\/100 slp\n|-weather|PrimordialSea|[from] ability: Primordial Sea|[of] p1a: Kyogre\n|move|p2a: Erebus|Stealth Rock|p1a: Kyogre\n|-sidestart|p1: Penter|move: Stealth Rock\n|\n|-weather|PrimordialSea|[upkeep]\n|upkeep\n|turn|46\n|\n|t:|1700366577\n|switch|p2a: Epione|Chansey, F, shiny|86\/100\n|cant|p1a: Kyogre|slp\n|move|p1a: Kyogre|Sleep Talk|p1a: Kyogre\n|move|p1a: Kyogre|Rest||[from]move: Sleep Talk|[still]\n|-fail|p1a: Kyogre\n|\n|-weather|PrimordialSea|[upkeep]\n|upkeep\n|turn|47\n|\n|t:|1700366583\n|-curestatus|p1a: Kyogre|slp|[msg]\n|move|p1a: Kyogre|Origin Pulse|p2a: Epione\n|-damage|p2a: Epione|59\/100\n|move|p2a: Epione|Seismic Toss|p1a: Kyogre\n|-damage|p1a: Kyogre|26\/100\n|\n|-weather|PrimordialSea|[upkeep]\n|upkeep\n|turn|48\n|c| whitebeard solos|marshadow?\n|\n|t:|1700366589\n|move|p1a: Kyogre|Rest|p1a: Kyogre\n|-status|p1a: Kyogre|slp|[from] move: Rest\n|-heal|p1a: Kyogre|100\/100 slp|[silent]\n|move|p2a: Epione|Seismic Toss|p1a: Kyogre\n|-damage|p1a: Kyogre|76\/100 slp\n|\n|-weather|PrimordialSea|[upkeep]\n|upkeep\n|turn|49\n|\n|t:|1700366598\n|-weather|none\n|switch|p1a: Yveltal|Yveltal|76\/100\n|-ability|p1a: Yveltal|Dark Aura\n|move|p2a: Epione|Soft-Boiled|p2a: Epione\n|-heal|p2a: Epione|100\/100\n|\n|upkeep\n|turn|50\n|\n|t:|1700366602\n|switch|p2a: Erebus|Tyranitar-Mega, F, shiny|51\/100\n|-weather|Sandstorm|[from] ability: Sand Stream|[of] p2a: Erebus\n|move|p1a: Yveltal|Defog|p2a: Erebus\n|-unboost|p2a: Erebus|evasion|1\n|-sideend|p1: Penter|Stealth Rock|[from] move: Defog|[of] p1a: Yveltal\n|\n|-weather|Sandstorm|[upkeep]\n|-damage|p1a: Yveltal|70\/100|[from] Sandstorm\n|upkeep\n|turn|51\n|\n|t:|1700366623\n|switch|p1a: Arceus|Arceus-Ground|55\/100 tox\n|move|p2a: Erebus|Stealth Rock|p1a: Arceus\n|-sidestart|p1: Penter|move: Stealth Rock\n|\n|-weather|Sandstorm|[upkeep]\n|-damage|p1a: Arceus|49\/100 tox|[from] psn\n|upkeep\n|turn|52\n|\n|t:|1700366629\n|switch|p2a: Helios|Ho-Oh, shiny|100\/100\n|move|p1a: Arceus|Recover|p1a: Arceus\n|-heal|p1a: Arceus|99\/100 tox\n|\n|-weather|Sandstorm|[upkeep]\n|-damage|p2a: Helios|94\/100|[from] Sandstorm\n|-damage|p1a: Arceus|87\/100 tox|[from] psn\n|upkeep\n|turn|53\n|\n|t:|1700366638\n|switch|p1a: Kyogre|Kyogre-Primal|76\/100 slp\n|-damage|p1a: Kyogre|63\/100 slp|[from] Stealth Rock\n|-weather|PrimordialSea|[from] ability: Primordial Sea|[of] p1a: Kyogre\n|move|p2a: Helios|Whirlwind|p1a: Kyogre\n|-weather|none\n|drag|p1a: Arceus|Arceus-Ground|87\/100 tox\n|-damage|p1a: Arceus|81\/100 tox|[from] Stealth Rock\n|\n|-damage|p1a: Arceus|75\/100 tox|[from] psn\n|upkeep\n|turn|54\n|\n|t:|1700366647\n|switch|p1a: Kyogre|Kyogre-Primal|63\/100 slp\n|-damage|p1a: Kyogre|51\/100 slp|[from] Stealth Rock\n|-weather|PrimordialSea|[from] ability: Primordial Sea|[of] p1a: Kyogre\n|move|p2a: Helios|Whirlwind|p1a: Kyogre\n|-weather|none\n|drag|p1a: Yveltal|Yveltal|70\/100\n|-ability|p1a: Yveltal|Dark Aura\n|\n|upkeep\n|turn|55\n|\n|t:|1700366654\n|switch|p1a: Kyogre|Kyogre-Primal|51\/100 slp\n|-damage|p1a: Kyogre|39\/100 slp|[from] Stealth Rock\n|-weather|PrimordialSea|[from] ability: Primordial Sea|[of] p1a: Kyogre\n|move|p2a: Helios|Toxic|p1a: Kyogre|[miss]\n|-miss|p2a: Helios|p1a: Kyogre\n|\n|-weather|PrimordialSea|[upkeep]\n|upkeep\n|turn|56\n|\n|t:|1700366667\n|switch|p2a: Chaos|Giratina, shiny|100\/100 slp\n|-ability|p2a: Chaos|Pressure\n|cant|p1a: Kyogre|slp\n|move|p1a: Kyogre|Sleep Talk|p1a: Kyogre\n|move|p1a: Kyogre|Ice Beam|p2a: Chaos|[from]move: Sleep Talk\n|-supereffective|p2a: Chaos\n|-damage|p2a: Chaos|59\/100 slp\n|\n|-weather|PrimordialSea|[upkeep]\n|-heal|p2a: Chaos|65\/100 slp|[from] item: Leftovers\n|upkeep\n|turn|57\n|\n|t:|1700366674\n|switch|p2a: Epione|Chansey, F, shiny|100\/100\n|cant|p1a: Kyogre|slp\n|move|p1a: Kyogre|Sleep Talk|p1a: Kyogre\n|move|p1a: Kyogre|Rest||[from]move: Sleep Talk|[still]\n|-fail|p1a: Kyogre\n|\n|-weather|PrimordialSea|[upkeep]\n|upkeep\n|turn|58\n|\n|t:|1700366683\n|-curestatus|p1a: Kyogre|slp|[msg]\n|move|p1a: Kyogre|Rest|p1a: Kyogre\n|-status|p1a: Kyogre|slp|[from] move: Rest\n|-heal|p1a: Kyogre|100\/100 slp|[silent]\n|move|p2a: Epione|Seismic Toss|p1a: Kyogre\n|-damage|p1a: Kyogre|76\/100 slp\n|\n|-weather|PrimordialSea|[upkeep]\n|upkeep\n|turn|59\n|j| 3ofaPerfectPair\n|\n|t:|1700366689\n|-weather|none\n|switch|p1a: Necrozma|Necrozma-Dusk-Mane|77\/100 brn\n|-damage|p1a: Necrozma|71\/100 brn|[from] Stealth Rock\n|move|p2a: Epione|Seismic Toss|p1a: Necrozma\n|-damage|p1a: Necrozma|46\/100 brn\n|\n|-heal|p1a: Necrozma|52\/100 brn|[from] item: Leftovers\n|-damage|p1a: Necrozma|46\/100 brn|[from] brn\n|upkeep\n|turn|60\n|\n|t:|1700366698\n|switch|p2a: Helios|Ho-Oh, shiny|100\/100\n|move|p1a: Necrozma|Stealth Rock|p2a: Helios\n|-sidestart|p2: Future king of ou|move: Stealth Rock\n|\n|-heal|p1a: Necrozma|52\/100 brn|[from] item: Leftovers\n|-damage|p1a: Necrozma|46\/100 brn|[from] brn\n|upkeep\n|turn|61\n|\n|t:|1700366706\n|move|p1a: Necrozma|Moonlight|p1a: Necrozma\n|-heal|p1a: Necrozma|96\/100 brn\n|move|p2a: Helios|Sacred Fire|p1a: Necrozma\n|-supereffective|p1a: Necrozma\n|-damage|p1a: Necrozma|53\/100 brn\n|\n|-heal|p1a: Necrozma|59\/100 brn|[from] item: Leftovers\n|-damage|p1a: Necrozma|53\/100 brn|[from] brn\n|upkeep\n|turn|62\n|\n|t:|1700366717\n|move|p1a: Necrozma|Thunder Wave|p2a: Helios\n|-status|p2a: Helios|par\n|move|p2a: Helios|Sacred Fire|p1a: Necrozma\n|-supereffective|p1a: Necrozma\n|-damage|p1a: Necrozma|10\/100 brn\n|\n|-heal|p1a: Necrozma|16\/100 brn|[from] item: Leftovers\n|-damage|p1a: Necrozma|10\/100 brn|[from] brn\n|upkeep\n|turn|63\n|\n|t:|1700366721\n|move|p1a: Necrozma|Moonlight|p1a: Necrozma\n|-heal|p1a: Necrozma|60\/100 brn\n|cant|p2a: Helios|par\n|\n|-heal|p1a: Necrozma|66\/100 brn|[from] item: Leftovers\n|-damage|p1a: Necrozma|60\/100 brn|[from] brn\n|upkeep\n|turn|64\n|\n|t:|1700366732\n|switch|p1a: Kyogre|Kyogre-Primal|76\/100 slp\n|-damage|p1a: Kyogre|63\/100 slp|[from] Stealth Rock\n|-weather|PrimordialSea|[from] ability: Primordial Sea|[of] p1a: Kyogre\n|move|p2a: Helios|Whirlwind|p1a: Kyogre\n|-weather|none\n|drag|p1a: Yveltal|Yveltal|70\/100\n|-ability|p1a: Yveltal|Dark Aura\n|\n|upkeep\n|turn|65\n|\n|t:|1700366741\n|switch|p1a: Kyogre|Kyogre-Primal|63\/100 slp\n|-damage|p1a: Kyogre|51\/100 slp|[from] Stealth Rock\n|-weather|PrimordialSea|[from] ability: Primordial Sea|[of] p1a: Kyogre\n|cant|p2a: Helios|par\n|\n|-weather|PrimordialSea|[upkeep]\n|upkeep\n|turn|66\n|\n|t:|1700366746\n|switch|p2a: Epione|Chansey, F, shiny|100\/100\n|-damage|p2a: Epione|88\/100|[from] Stealth Rock\n|cant|p1a: Kyogre|slp\n|move|p1a: Kyogre|Sleep Talk|p1a: Kyogre\n|move|p1a: Kyogre|Rest||[from]move: Sleep Talk|[still]\n|-fail|p1a: Kyogre\n|\n|-weather|PrimordialSea|[upkeep]\n|upkeep\n|turn|67\n|\n|t:|1700366749\n|-weather|none\n|switch|p1a: Yveltal|Yveltal|70\/100\n|-ability|p1a: Yveltal|Dark Aura\n|move|p2a: Epione|Heal Bell|p2a: Epione\n|-activate|p2a: Epione|move: Heal Bell\n|-curestatus|p2: Chaos|slp|[msg]\n|-curestatus|p2: Helios|par|[msg]\n|\n|upkeep\n|turn|68\n|\n|t:|1700366754\n|switch|p1a: Necrozma|Necrozma-Dusk-Mane|60\/100 brn\n|-damage|p1a: Necrozma|54\/100 brn|[from] Stealth Rock\n|switch|p2a: Erebus|Tyranitar-Mega, F, shiny|51\/100\n|-damage|p2a: Erebus|38\/100|[from] Stealth Rock\n|-weather|Sandstorm|[from] ability: Sand Stream|[of] p2a: Erebus\n|\n|-weather|Sandstorm|[upkeep]\n|-heal|p1a: Necrozma|60\/100 brn|[from] item: Leftovers\n|-damage|p1a: Necrozma|54\/100 brn|[from] brn\n|upkeep\n|turn|69\n|\n|t:|1700366758\n|move|p1a: Necrozma|Sunsteel Strike|p2a: Erebus\n|-supereffective|p2a: Erebus\n|-damage|p2a: Erebus|8\/100\n|move|p2a: Erebus|Rest|p2a: Erebus\n|-status|p2a: Erebus|slp|[from] move: Rest\n|-heal|p2a: Erebus|100\/100 slp|[silent]\n|\n|-weather|Sandstorm|[upkeep]\n|-heal|p1a: Necrozma|60\/100 brn|[from] item: Leftovers\n|-damage|p1a: Necrozma|54\/100 brn|[from] brn\n|upkeep\n|turn|70\n|\n|t:|1700366778\n|switch|p1a: Xerneas|Xerneas|100\/100\n|-damage|p1a: Xerneas|88\/100|[from] Stealth Rock\n|-ability|p1a: Xerneas|Fairy Aura\n|switch|p2a: Helios|Ho-Oh, shiny|100\/100\n|\n|-weather|Sandstorm|[upkeep]\n|-damage|p1a: Xerneas|82\/100|[from] Sandstorm\n|-damage|p2a: Helios|94\/100|[from] Sandstorm\n|upkeep\n|turn|71\n|\n|t:|1700366787\n|switch|p1a: Kyogre|Kyogre-Primal|51\/100 slp\n|-damage|p1a: Kyogre|39\/100 slp|[from] Stealth Rock\n|-weather|PrimordialSea|[from] ability: Primordial Sea|[of] p1a: Kyogre\n|move|p2a: Helios|Toxic||[still]\n|-fail|p2a: Helios\n|\n|-weather|PrimordialSea|[upkeep]\n|upkeep\n|turn|72\n|\n|t:|1700366791\n|switch|p2a: Epione|Chansey, F, shiny|88\/100\n|-damage|p2a: Epione|76\/100|[from] Stealth Rock\n|cant|p1a: Kyogre|slp\n|move|p1a: Kyogre|Sleep Talk|p1a: Kyogre\n|move|p1a: Kyogre|Rest||[from]move: Sleep Talk|[still]\n|-fail|p1a: Kyogre\n|\n|-weather|PrimordialSea|[upkeep]\n|upkeep\n|turn|73\n|\n|t:|1700366805\n|-weather|none\n|switch|p1a: Yveltal|Yveltal|70\/100\n|-ability|p1a: Yveltal|Dark Aura\n|move|p2a: Epione|Seismic Toss|p1a: Yveltal\n|-damage|p1a: Yveltal|45\/100\n|\n|upkeep\n|turn|74\n|\n|t:|1700366809\n|switch|p2a: Erebus|Tyranitar-Mega, F, shiny|100\/100 slp\n|-damage|p2a: Erebus|88\/100 slp|[from] Stealth Rock\n|-weather|Sandstorm|[from] ability: Sand Stream|[of] p2a: Erebus\n|move|p1a: Yveltal|Defog|p2a: Erebus\n|-unboost|p2a: Erebus|evasion|1\n|-sideend|p2: Future king of ou|Stealth Rock|[from] move: Defog|[of] p1a: Yveltal\n|-sideend|p1: Penter|Stealth Rock|[from] move: Defog|[of] p1a: Yveltal\n|\n|-weather|Sandstorm|[upkeep]\n|-damage|p1a: Yveltal|39\/100|[from] Sandstorm\n|upkeep\n|turn|75\n|\n|t:|1700366816\n|move|p1a: Yveltal|Roost|p1a: Yveltal\n|-heal|p1a: Yveltal|89\/100\n|-singleturn|p1a: Yveltal|move: Roost\n|cant|p2a: Erebus|slp\n|\n|-weather|Sandstorm|[upkeep]\n|-damage|p1a: Yveltal|83\/100|[from] Sandstorm\n|upkeep\n|turn|76\n|\n|t:|1700366824\n|switch|p1a: Arceus|Arceus-Ground|75\/100 tox\n|cant|p2a: Erebus|slp\n|\n|-weather|Sandstorm|[upkeep]\n|-damage|p1a: Arceus|69\/100 tox|[from] psn\n|upkeep\n|turn|77\n|\n|t:|1700366828\n|switch|p2a: Helios|Ho-Oh, shiny|100\/100\n|move|p1a: Arceus|Calm Mind|p1a: Arceus\n|-boost|p1a: Arceus|spa|1\n|-boost|p1a: Arceus|spd|1\n|\n|-weather|Sandstorm|[upkeep]\n|-damage|p2a: Helios|94\/100|[from] Sandstorm\n|-damage|p1a: Arceus|56\/100 tox|[from] psn\n|upkeep\n|turn|78\n|\n|t:|1700366833\n|move|p1a: Arceus|Recover|p1a: Arceus\n|-heal|p1a: Arceus|100\/100 tox\n|move|p2a: Helios|Sacred Fire|p1a: Arceus\n|-damage|p1a: Arceus|80\/100 tox\n|\n|-weather|none\n|-damage|p1a: Arceus|61\/100 tox|[from] psn\n|upkeep\n|turn|79\n|\n|t:|1700366838\n|move|p1a: Arceus|Ice Beam|p2a: Helios\n|-damage|p2a: Helios|74\/100\n|move|p2a: Helios|Whirlwind|p1a: Arceus\n|drag|p1a: Kyogre|Kyogre-Primal|39\/100 slp\n|-weather|PrimordialSea|[from] ability: Primordial Sea|[of] p1a: Kyogre\n|\n|-weather|PrimordialSea|[upkeep]\n|upkeep\n|turn|80\n|\n|t:|1700366848\n|switch|p2a: Epione|Chansey, F, shiny|76\/100\n|-curestatus|p1a: Kyogre|slp|[msg]\n|move|p1a: Kyogre|Rest|p1a: Kyogre\n|-status|p1a: Kyogre|slp|[from] move: Rest\n|-heal|p1a: Kyogre|100\/100 slp|[silent]\n|\n|-weather|PrimordialSea|[upkeep]\n|upkeep\n|turn|81\n|\n|t:|1700366858\n|-weather|none\n|switch|p1a: Necrozma|Necrozma-Dusk-Mane|54\/100 brn\n|move|p2a: Epione|Seismic Toss|p1a: Necrozma\n|-damage|p1a: Necrozma|28\/100 brn\n|\n|-heal|p1a: Necrozma|34\/100 brn|[from] item: Leftovers\n|-damage|p1a: Necrozma|28\/100 brn|[from] brn\n|upkeep\n|turn|82\n|\n|t:|1700366866\n|switch|p2a: Erebus|Tyranitar-Mega, F, shiny|88\/100 slp\n|-weather|Sandstorm|[from] ability: Sand Stream|[of] p2a: Erebus\n|move|p1a: Necrozma|Stealth Rock|p2a: Erebus\n|-sidestart|p2: Future king of ou|move: Stealth Rock\n|\n|-weather|Sandstorm|[upkeep]\n|-heal|p1a: Necrozma|34\/100 brn|[from] item: Leftovers\n|-damage|p1a: Necrozma|28\/100 brn|[from] brn\n|upkeep\n|turn|83\n|\n|t:|1700366873\n|move|p1a: Necrozma|Moonlight|p1a: Necrozma\n|-heal|p1a: Necrozma|53\/100 brn\n|-curestatus|p2a: Erebus|slp|[msg]\n|move|p2a: Erebus|Knock Off|p1a: Necrozma\n|-supereffective|p1a: Necrozma\n|-damage|p1a: Necrozma|1\/100 brn\n|-enditem|p1a: Necrozma|Leftovers|[from] move: Knock Off|[of] p2a: Erebus\n|\n|-weather|Sandstorm|[upkeep]\n|-damage|p1a: Necrozma|0 fnt|[from] brn\n|faint|p1a: Necrozma\n|upkeep\n|j|+mushamu\n|\n|t:|1700366905\n|switch|p1a: Marshadow|Marshadow|78\/100\n|turn|84\n|l| Leafium Z\n|\n|t:|1700366916\n|switch|p2a: Triton|Dondozo, F, shiny|100\/100\n|-damage|p2a: Triton|88\/100|[from] Stealth Rock\n|move|p1a: Marshadow|Spectral Thief|p2a: Triton\n|-damage|p2a: Triton|63\/100\n|-damage|p1a: Marshadow|68\/100|[from] item: Life Orb\n|\n|-weather|Sandstorm|[upkeep]\n|-damage|p1a: Marshadow|62\/100|[from] Sandstorm\n|-damage|p2a: Triton|57\/100|[from] Sandstorm\n|-heal|p2a: Triton|63\/100|[from] item: Leftovers\n|upkeep\n|turn|85\n|\n|t:|1700366929\n|switch|p1a: Yveltal|Yveltal|83\/100\n|-ability|p1a: Yveltal|Dark Aura\n|move|p2a: Triton|Liquidation|p1a: Yveltal\n|-crit|p1a: Yveltal\n|-damage|p1a: Yveltal|42\/100\n|\n|-weather|Sandstorm|[upkeep]\n|-damage|p1a: Yveltal|36\/100|[from] Sandstorm\n|-damage|p2a: Triton|57\/100|[from] Sandstorm\n|-heal|p2a: Triton|63\/100|[from] item: Leftovers\n|upkeep\n|turn|86\n|\n|t:|1700366935\n|switch|p2a: Erebus|Tyranitar-Mega, F, shiny|88\/100\n|-damage|p2a: Erebus|76\/100|[from] Stealth Rock\n|move|p1a: Yveltal|Roost|p1a: Yveltal\n|-heal|p1a: Yveltal|86\/100\n|-singleturn|p1a: Yveltal|move: Roost\n|\n|-weather|none\n|upkeep\n|turn|87\n|n| FlamingThunderG0d|flamingthunderg0d\n|\n|t:|1700366942\n|switch|p1a: Arceus|Arceus-Ground|61\/100 tox\n|move|p2a: Erebus|Stealth Rock|p1a: Arceus\n|-sidestart|p1: Penter|move: Stealth Rock\n|\n|-damage|p1a: Arceus|55\/100 tox|[from] psn\n|upkeep\n|turn|88\n|\n|t:|1700366950\n|switch|p2a: Helios|Ho-Oh, shiny|100\/100\n|move|p1a: Arceus|Judgment|p2a: Helios\n|-immune|p2a: Helios\n|\n|-damage|p1a: Arceus|43\/100 tox|[from] psn\n|upkeep\n|turn|89\n|\n|t:|1700366952\n|move|p1a: Arceus|Recover|p1a: Arceus\n|-heal|p1a: Arceus|93\/100 tox\n|move|p2a: Helios|Whirlwind|p1a: Arceus\n|drag|p1a: Xerneas|Xerneas|82\/100\n|-damage|p1a: Xerneas|69\/100|[from] Stealth Rock\n|-ability|p1a: Xerneas|Fairy Aura\n|\n|upkeep\n|turn|90\n|\n|t:|1700366958\n|switch|p1a: Kyogre|Kyogre-Primal|100\/100 slp\n|-damage|p1a: Kyogre|88\/100 slp|[from] Stealth Rock\n|-weather|PrimordialSea|[from] ability: Primordial Sea|[of] p1a: Kyogre\n|move|p2a: Helios|Toxic||[still]\n|-fail|p2a: Helios\n|\n|-weather|PrimordialSea|[upkeep]\n|upkeep\n|turn|91\n|\n|t:|1700366963\n|switch|p2a: Epione|Chansey, F, shiny|76\/100\n|-damage|p2a: Epione|63\/100|[from] Stealth Rock\n|cant|p1a: Kyogre|slp\n|move|p1a: Kyogre|Sleep Talk|p1a: Kyogre\n|move|p1a: Kyogre|Ice Beam|p2a: Epione|[from]move: Sleep Talk\n|-damage|p2a: Epione|53\/100\n|\n|-weather|PrimordialSea|[upkeep]\n|upkeep\n|turn|92\n|\n|t:|1700366973\n|-weather|none\n|switch|p1a: Yveltal|Yveltal|86\/100\n|-ability|p1a: Yveltal|Dark Aura\n|move|p2a: Epione|Soft-Boiled|p2a: Epione\n|-heal|p2a: Epione|100\/100\n|\n|upkeep\n|turn|93\n|\n|t:|1700366976\n|switch|p2a: Erebus|Tyranitar-Mega, F, shiny|76\/100\n|-damage|p2a: Erebus|63\/100|[from] Stealth Rock\n|-weather|Sandstorm|[from] ability: Sand Stream|[of] p2a: Erebus\n|move|p1a: Yveltal|Defog|p2a: Erebus\n|-unboost|p2a: Erebus|evasion|1\n|-sideend|p2: Future king of ou|Stealth Rock|[from] move: Defog|[of] p1a: Yveltal\n|-sideend|p1: Penter|Stealth Rock|[from] move: Defog|[of] p1a: Yveltal\n|\n|-weather|Sandstorm|[upkeep]\n|-damage|p1a: Yveltal|80\/100|[from] Sandstorm\n|upkeep\n|turn|94\n|\n|t:|1700366981\n|switch|p1a: Arceus|Arceus-Ground|93\/100 tox\n|move|p2a: Erebus|Stealth Rock|p1a: Arceus\n|-sidestart|p1: Penter|move: Stealth Rock\n|\n|-weather|Sandstorm|[upkeep]\n|-damage|p1a: Arceus|87\/100 tox|[from] psn\n|upkeep\n|turn|95\n|\n|t:|1700366987\n|switch|p2a: Helios|Ho-Oh, shiny|100\/100\n|move|p1a: Arceus|Calm Mind|p1a: Arceus\n|-boost|p1a: Arceus|spa|1\n|-boost|p1a: Arceus|spd|1\n|\n|-weather|Sandstorm|[upkeep]\n|-damage|p2a: Helios|94\/100|[from] Sandstorm\n|-damage|p1a: Arceus|75\/100 tox|[from] psn\n|upkeep\n|turn|96\n|\n|t:|1700366991\n|move|p1a: Arceus|Ice Beam|p2a: Helios\n|-damage|p2a: Helios|75\/100\n|move|p2a: Helios|Whirlwind|p1a: Arceus\n|drag|p1a: Kyogre|Kyogre-Primal|88\/100 slp\n|-damage|p1a: Kyogre|76\/100 slp|[from] Stealth Rock\n|-weather|PrimordialSea|[from] ability: Primordial Sea|[of] p1a: Kyogre\n|\n|-weather|PrimordialSea|[upkeep]\n|upkeep\n|turn|97\n|\n|t:|1700366995\n|switch|p2a: Epione|Chansey, F, shiny|100\/100\n|cant|p1a: Kyogre|slp\n|move|p1a: Kyogre|Sleep Talk|p1a: Kyogre\n|move|p1a: Kyogre|Rest||[from]move: Sleep Talk|[still]\n|-fail|p1a: Kyogre\n|\n|-weather|PrimordialSea|[upkeep]\n|upkeep\n|turn|98\n|\n|t:|1700367007\n|-weather|none\n|switch|p1a: Yveltal|Yveltal|80\/100\n|-ability|p1a: Yveltal|Dark Aura\n|move|p2a: Epione|Seismic Toss|p1a: Yveltal\n|-damage|p1a: Yveltal|55\/100\n|\n|upkeep\n|turn|99\n|\n|t:|1700367013\n|switch|p2a: Erebus|Tyranitar-Mega, F, shiny|63\/100\n|-weather|Sandstorm|[from] ability: Sand Stream|[of] p2a: Erebus\n|move|p1a: Yveltal|Defog|p2a: Erebus\n|-unboost|p2a: Erebus|evasion|1\n|-sideend|p1: Penter|Stealth Rock|[from] move: Defog|[of] p1a: Yveltal\n|\n|-weather|Sandstorm|[upkeep]\n|-damage|p1a: Yveltal|49\/100|[from] Sandstorm\n|upkeep\n|turn|100\n|\n|t:|1700367020\n|switch|p1a: Kyogre|Kyogre-Primal|76\/100 slp\n|-weather|PrimordialSea|[from] ability: Primordial Sea|[of] p1a: Kyogre\n|move|p2a: Erebus|Toxic||[still]\n|-fail|p2a: Erebus\n|\n|-weather|PrimordialSea|[upkeep]\n|upkeep\n|turn|101\n|j| Shjdndkqzrw\n|\n|t:|1700367028\n|-weather|none\n|switch|p1a: Yveltal|Yveltal|49\/100\n|-ability|p1a: Yveltal|Dark Aura\n|switch|p2a: Epione|Chansey, F, shiny|100\/100\n|\n|upkeep\n|turn|102\n|\n|t:|1700367034\n|switch|p1a: Marshadow|Marshadow|62\/100\n|switch|p2a: Erebus|Tyranitar-Mega, F, shiny|63\/100\n|-weather|Sandstorm|[from] ability: Sand Stream|[of] p2a: Erebus\n|\n|-weather|Sandstorm|[upkeep]\n|-damage|p1a: Marshadow|56\/100|[from] Sandstorm\n|upkeep\n|turn|103\n|\n|t:|1700367045\n|switch|p2a: Helios|Ho-Oh, shiny|100\/100\n|move|p1a: Marshadow|Low Kick|p2a: Helios\n|-resisted|p2a: Helios\n|-damage|p2a: Helios|77\/100\n|-damage|p1a: Marshadow|46\/100|[from] item: Life Orb\n|\n|-weather|Sandstorm|[upkeep]\n|-damage|p1a: Marshadow|39\/100|[from] Sandstorm\n|-damage|p2a: Helios|71\/100|[from] Sandstorm\n|upkeep\n|turn|104\n|\n|t:|1700367052\n|switch|p1a: Arceus|Arceus-Ground|75\/100 tox\n|switch|p2a: Triton|Dondozo, F, shiny|63\/100\n|\n|-weather|Sandstorm|[upkeep]\n|-damage|p2a: Triton|57\/100|[from] Sandstorm\n|-heal|p2a: Triton|63\/100|[from] item: Leftovers\n|-damage|p1a: Arceus|69\/100 tox|[from] psn\n|upkeep\n|turn|105\n|\n|t:|1700367060\n|switch|p2a: Helios|Ho-Oh, shiny|100\/100\n|move|p1a: Arceus|Calm Mind|p1a: Arceus\n|-boost|p1a: Arceus|spa|1\n|-boost|p1a: Arceus|spd|1\n|\n|-weather|Sandstorm|[upkeep]\n|-damage|p2a: Helios|94\/100|[from] Sandstorm\n|-damage|p1a: Arceus|57\/100 tox|[from] psn\n|upkeep\n|turn|106\n|\n|t:|1700367065\n|move|p1a: Arceus|Recover|p1a: Arceus\n|-heal|p1a: Arceus|100\/100 tox\n|move|p2a: Helios|Sacred Fire|p1a: Arceus\n|-crit|p1a: Arceus\n|-damage|p1a: Arceus|69\/100 tox\n|\n|-weather|none\n|-damage|p1a: Arceus|51\/100 tox|[from] psn\n|upkeep\n|turn|107\n|\n|t:|1700367071\n|move|p1a: Arceus|Recover|p1a: Arceus\n|-heal|p1a: Arceus|100\/100 tox\n|move|p2a: Helios|Sacred Fire|p1a: Arceus\n|-damage|p1a: Arceus|79\/100 tox\n|\n|-damage|p1a: Arceus|55\/100 tox|[from] psn\n|upkeep\n|turn|108\n|\n|t:|1700367076\n|move|p1a: Arceus|Ice Beam|p2a: Helios\n|-damage|p2a: Helios|73\/100\n|move|p2a: Helios|Sacred Fire|p1a: Arceus\n|-damage|p1a: Arceus|33\/100 tox\n|\n|-damage|p1a: Arceus|3\/100 tox|[from] psn\n|upkeep\n|turn|109\n|\n|t:|1700367091\n|switch|p1a: Kyogre|Kyogre-Primal|76\/100 slp\n|-weather|PrimordialSea|[from] ability: Primordial Sea|[of] p1a: Kyogre\n|switch|p2a: Hyperion|Mewtwo, shiny|100\/100\n|-ability|p2a: Hyperion|Pressure\n|\n|-weather|PrimordialSea|[upkeep]\n|upkeep\n|turn|110\n|\n|t:|1700367096\n|move|p2a: Hyperion|Psystrike|p1a: Kyogre\n|-damage|p1a: Kyogre|39\/100 slp\n|-curestatus|p1a: Kyogre|slp|[msg]\n|move|p1a: Kyogre|Origin Pulse|p2a: Hyperion\n|-damage|p2a: Hyperion|4\/100\n|\n|-weather|PrimordialSea|[upkeep]\n|upkeep\n|turn|111\n|\n|t:|1700367113\n|move|p2a: Hyperion|Psystrike|p1a: Kyogre\n|-damage|p1a: Kyogre|3\/100\n|move|p1a: Kyogre|Rest|p1a: Kyogre\n|-status|p1a: Kyogre|slp|[from] move: Rest\n|-heal|p1a: Kyogre|100\/100 slp|[silent]\n|\n|-weather|PrimordialSea|[upkeep]\n|upkeep\n|turn|112\n|\n|t:|1700367116\n|move|p2a: Hyperion|Recover|p2a: Hyperion\n|-heal|p2a: Hyperion|54\/100\n|cant|p1a: Kyogre|slp\n|move|p1a: Kyogre|Sleep Talk|p1a: Kyogre\n|move|p1a: Kyogre|Origin Pulse|p2a: Hyperion|[from]move: Sleep Talk\n|-damage|p2a: Hyperion|0 fnt\n|faint|p2a: Hyperion\n|\n|-weather|PrimordialSea|[upkeep]\n|upkeep\n|\n|t:|1700367121\n|switch|p2a: Epione|Chansey, F, shiny|100\/100\n|turn|113\n|\n|t:|1700367135\n|-weather|none\n|switch|p1a: Yveltal|Yveltal|49\/100\n|-ability|p1a: Yveltal|Dark Aura\n|move|p2a: Epione|Seismic Toss|p1a: Yveltal\n|-damage|p1a: Yveltal|24\/100\n|\n|upkeep\n|turn|114\n|\n|t:|1700367138\n|switch|p2a: Erebus|Tyranitar-Mega, F, shiny|63\/100\n|-weather|Sandstorm|[from] ability: Sand Stream|[of] p2a: Erebus\n|move|p1a: Yveltal|Roost|p1a: Yveltal\n|-heal|p1a: Yveltal|74\/100\n|-singleturn|p1a: Yveltal|move: Roost\n|\n|-weather|Sandstorm|[upkeep]\n|-damage|p1a: Yveltal|68\/100|[from] Sandstorm\n|upkeep\n|turn|115\n|\n|t:|1700367150\n|switch|p1a: Kyogre|Kyogre-Primal|100\/100 slp\n|-weather|PrimordialSea|[from] ability: Primordial Sea|[of] p1a: Kyogre\n|move|p2a: Erebus|Knock Off|p1a: Kyogre\n|-damage|p1a: Kyogre|77\/100 slp\n|\n|-weather|PrimordialSea|[upkeep]\n|upkeep\n|turn|116\n|\n|t:|1700367155\n|switch|p2a: Epione|Chansey, F, shiny|100\/100\n|cant|p1a: Kyogre|slp\n|move|p1a: Kyogre|Sleep Talk|p1a: Kyogre\n|move|p1a: Kyogre|Rest||[from]move: Sleep Talk|[still]\n|-fail|p1a: Kyogre\n|\n|-weather|PrimordialSea|[upkeep]\n|upkeep\n|turn|117\n|\n|t:|1700367158\n|-curestatus|p1a: Kyogre|slp|[msg]\n|move|p1a: Kyogre|Ice Beam|p2a: Epione\n|-damage|p2a: Epione|91\/100\n|move|p2a: Epione|Seismic Toss|p1a: Kyogre\n|-damage|p1a: Kyogre|53\/100\n|\n|-weather|PrimordialSea|[upkeep]\n|upkeep\n|turn|118\n|l|+mushamu\n|\n|t:|1700367167\n|-weather|none\n|switch|p1a: Marshadow|Marshadow|39\/100\n|move|p2a: Epione|Seismic Toss|p1a: Marshadow\n|-immune|p1a: Marshadow\n|\n|upkeep\n|turn|119\n|\n|t:|1700367176\n|switch|p1a: Kyogre|Kyogre-Primal|53\/100\n|-weather|PrimordialSea|[from] ability: Primordial Sea|[of] p1a: Kyogre\n|switch|p2a: Helios|Ho-Oh, shiny|100\/100\n|\n|-weather|PrimordialSea|[upkeep]\n|upkeep\n|turn|120\n|\n|t:|1700367183\n|switch|p2a: Epione|Chansey, F, shiny|91\/100\n|move|p1a: Kyogre|Origin Pulse|p2a: Epione\n|-damage|p2a: Epione|64\/100\n|\n|-weather|PrimordialSea|[upkeep]\n|upkeep\n|turn|121\n|\n|t:|1700367190\n|-weather|none\n|switch|p1a: Marshadow|Marshadow|39\/100\n|move|p2a: Epione|Seismic Toss|p1a: Marshadow\n|-immune|p1a: Marshadow\n|\n|upkeep\n|turn|122\n|\n|t:|1700367200\n|switch|p1a: Yveltal|Yveltal|68\/100\n|-ability|p1a: Yveltal|Dark Aura\n|switch|p2a: Triton|Dondozo, F, shiny|63\/100\n|\n|-heal|p2a: Triton|69\/100|[from] item: Leftovers\n|upkeep\n|turn|123\n|\n|t:|1700367208\n|switch|p2a: Erebus|Tyranitar-Mega, F, shiny|63\/100\n|-weather|Sandstorm|[from] ability: Sand Stream|[of] p2a: Erebus\n|move|p1a: Yveltal|Knock Off|p2a: Erebus\n|-resisted|p2a: Erebus\n|-crit|p2a: Erebus\n|-damage|p2a: Erebus|46\/100\n|\n|-weather|Sandstorm|[upkeep]\n|-damage|p1a: Yveltal|62\/100|[from] Sandstorm\n|upkeep\n|turn|124\n|\n|t:|1700367213\n|switch|p1a: Kyogre|Kyogre-Primal|53\/100\n|-weather|PrimordialSea|[from] ability: Primordial Sea|[of] p1a: Kyogre\n|move|p2a: Erebus|Stealth Rock|p1a: Kyogre\n|-sidestart|p1: Penter|move: Stealth Rock\n|\n|-weather|PrimordialSea|[upkeep]\n|upkeep\n|turn|125\n|\n|t:|1700367222\n|switch|p2a: Epione|Chansey, F, shiny|64\/100\n|move|p1a: Kyogre|Origin Pulse|p2a: Epione|[miss]\n|-miss|p1a: Kyogre|p2a: Epione\n|\n|-weather|PrimordialSea|[upkeep]\n|upkeep\n|turn|126\n|\n|t:|1700367230\n|-weather|none\n|switch|p1a: Yveltal|Yveltal|62\/100\n|-ability|p1a: Yveltal|Dark Aura\n|move|p2a: Epione|Soft-Boiled|p2a: Epione\n|-heal|p2a: Epione|100\/100\n|\n|upkeep\n|turn|127\n|\n|t:|1700367233\n|switch|p2a: Erebus|Tyranitar-Mega, F, shiny|46\/100\n|-weather|Sandstorm|[from] ability: Sand Stream|[of] p2a: Erebus\n|move|p1a: Yveltal|Defog|p2a: Erebus\n|-unboost|p2a: Erebus|evasion|1\n|-sideend|p1: Penter|Stealth Rock|[from] move: Defog|[of] p1a: Yveltal\n|\n|-weather|Sandstorm|[upkeep]\n|-damage|p1a: Yveltal|56\/100|[from] Sandstorm\n|upkeep\n|turn|128\n|\n|t:|1700367242\n|switch|p1a: Kyogre|Kyogre-Primal|53\/100\n|-weather|PrimordialSea|[from] ability: Primordial Sea|[of] p1a: Kyogre\n|move|p2a: Erebus|Stealth Rock|p1a: Kyogre\n|-sidestart|p1: Penter|move: Stealth Rock\n|\n|-weather|PrimordialSea|[upkeep]\n|upkeep\n|turn|129\n|l| Shjdndkqzrw\n|\n|t:|1700367247\n|switch|p2a: Epione|Chansey, F, shiny|100\/100\n|move|p1a: Kyogre|Origin Pulse|p2a: Epione\n|-damage|p2a: Epione|73\/100\n|\n|-weather|PrimordialSea|[upkeep]\n|upkeep\n|turn|130\n|\n|t:|1700367249\n|move|p1a: Kyogre|Ice Beam|p2a: Epione\n|-damage|p2a: Epione|64\/100\n|move|p2a: Epione|Seismic Toss|p1a: Kyogre\n|-damage|p1a: Kyogre|28\/100\n|\n|-weather|PrimordialSea|[upkeep]\n|upkeep\n|turn|131\n|\n|t:|1700367255\n|move|p1a: Kyogre|Ice Beam|p2a: Epione\n|-crit|p2a: Epione\n|-damage|p2a: Epione|49\/100\n|move|p2a: Epione|Seismic Toss|p1a: Kyogre\n|-damage|p1a: Kyogre|3\/100\n|\n|-weather|PrimordialSea|[upkeep]\n|upkeep\n|turn|132\n|\n|t:|1700367259\n|move|p1a: Kyogre|Rest|p1a: Kyogre\n|-status|p1a: Kyogre|slp|[from] move: Rest\n|-heal|p1a: Kyogre|100\/100 slp|[silent]\n|move|p2a: Epione|Seismic Toss|p1a: Kyogre\n|-damage|p1a: Kyogre|76\/100 slp\n|\n|-weather|PrimordialSea|[upkeep]\n|upkeep\n|turn|133\n|\n|t:|1700367263\n|-weather|none\n|switch|p1a: Marshadow|Marshadow|39\/100\n|-damage|p1a: Marshadow|33\/100|[from] Stealth Rock\n|move|p2a: Epione|Soft-Boiled|p2a: Epione\n|-heal|p2a: Epione|99\/100\n|\n|upkeep\n|turn|134\n|n| ThePowerOfElectric|flamingthunderg0d\n|\n|t:|1700367275\n|switch|p2a: Triton|Dondozo, F, shiny|69\/100\n|move|p1a: Marshadow|Low Kick|p2a: Triton\n|-damage|p2a: Triton|36\/100\n|-damage|p1a: Marshadow|23\/100|[from] item: Life Orb\n|\n|-heal|p2a: Triton|42\/100|[from] item: Leftovers\n|upkeep\n|turn|135\n|\n|t:|1700367287\n|switch|p1a: Yveltal|Yveltal|56\/100\n|-ability|p1a: Yveltal|Dark Aura\n|move|p2a: Triton|Rest|p2a: Triton\n|-status|p2a: Triton|slp|[from] move: Rest\n|-heal|p2a: Triton|100\/100 slp|[silent]\n|\n|upkeep\n|turn|136\n|\n|t:|1700367291\n|switch|p2a: Erebus|Tyranitar-Mega, F, shiny|46\/100\n|-weather|Sandstorm|[from] ability: Sand Stream|[of] p2a: Erebus\n|move|p1a: Yveltal|Defog|p2a: Erebus\n|-unboost|p2a: Erebus|evasion|1\n|-sideend|p1: Penter|Stealth Rock|[from] move: Defog|[of] p1a: Yveltal\n|\n|-weather|Sandstorm|[upkeep]\n|-damage|p1a: Yveltal|50\/100|[from] Sandstorm\n|upkeep\n|turn|137\n|\n|t:|1700367300\n|switch|p1a: Kyogre|Kyogre-Primal|76\/100 slp\n|-weather|PrimordialSea|[from] ability: Primordial Sea|[of] p1a: Kyogre\n|move|p2a: Erebus|Stealth Rock|p1a: Kyogre\n|-sidestart|p1: Penter|move: Stealth Rock\n|\n|-weather|PrimordialSea|[upkeep]\n|upkeep\n|turn|138\n|\n|t:|1700367320\n|cant|p1a: Kyogre|slp\n|move|p2a: Erebus|Knock Off|p1a: Kyogre\n|-damage|p1a: Kyogre|50\/100 slp\n|\n|-weather|PrimordialSea|[upkeep]\n|upkeep\n|turn|139\n|j| Arcanine Numbers\n|\n|t:|1700367340\n|cant|p1a: Kyogre|slp\n|move|p2a: Erebus|Rest|p2a: Erebus\n|-status|p2a: Erebus|slp|[from] move: Rest\n|-heal|p2a: Erebus|100\/100 slp|[silent]\n|\n|-weather|PrimordialSea|[upkeep]\n|upkeep\n|turn|140\n|\n|t:|1700367346\n|-weather|none\n|switch|p1a: Yveltal|Yveltal|50\/100\n|-ability|p1a: Yveltal|Dark Aura\n|switch|p2a: Epione|Chansey, F, shiny|99\/100\n|\n|upkeep\n|turn|141\n|\n|t:|1700367349\n|switch|p2a: Erebus|Tyranitar-Mega, F, shiny|100\/100 slp\n|-weather|Sandstorm|[from] ability: Sand Stream|[of] p2a: Erebus\n|move|p1a: Yveltal|Defog|p2a: Erebus\n|-unboost|p2a: Erebus|evasion|1\n|-sideend|p1: Penter|Stealth Rock|[from] move: Defog|[of] p1a: Yveltal\n|\n|-weather|Sandstorm|[upkeep]\n|-damage|p1a: Yveltal|44\/100|[from] Sandstorm\n|upkeep\n|turn|142\n|\n|t:|1700367356\n|switch|p1a: Xerneas|Xerneas|69\/100\n|-ability|p1a: Xerneas|Fairy Aura\n|cant|p2a: Erebus|slp\n|\n|-weather|Sandstorm|[upkeep]\n|-damage|p1a: Xerneas|63\/100|[from] Sandstorm\n|upkeep\n|turn|143\n|\n|t:|1700367364\n|switch|p2a: Epione|Chansey, F, shiny|99\/100\n|move|p1a: Xerneas|Geomancy||[still]\n|-prepare|p1a: Xerneas|Geomancy\n|-enditem|p1a: Xerneas|Power Herb\n|-anim|p1a: Xerneas|Geomancy|p1a: Xerneas\n|-boost|p1a: Xerneas|spa|2\n|-boost|p1a: Xerneas|spd|2\n|-boost|p1a: Xerneas|spe|2\n|\n|-weather|Sandstorm|[upkeep]\n|-damage|p1a: Xerneas|57\/100|[from] Sandstorm\n|-damage|p2a: Epione|93\/100|[from] Sandstorm\n|upkeep\n|turn|144\n|\n|t:|1700367379\n|move|p1a: Xerneas|Draining Kiss|p2a: Epione\n|-damage|p2a: Epione|77\/100\n|-heal|p1a: Xerneas|76\/100|[from] drain|[of] p2a: Epione\n|move|p2a: Epione|Seismic Toss|p1a: Xerneas\n|-damage|p1a: Xerneas|52\/100\n|\n|-weather|Sandstorm|[upkeep]\n|-damage|p1a: Xerneas|46\/100|[from] Sandstorm\n|-damage|p2a: Epione|70\/100|[from] Sandstorm\n|upkeep\n|turn|145\n|\n|t:|1700367395\n|-terastallize|p1a: Xerneas|Fairy\n|move|p1a: Xerneas|Draining Kiss|p2a: Epione\n|-damage|p2a: Epione|51\/100\n|-heal|p1a: Xerneas|69\/100|[from] drain|[of] p2a: Epione\n|move|p2a: Epione|Seismic Toss|p1a: Xerneas\n|-damage|p1a: Xerneas|45\/100\n|\n|-weather|none\n|upkeep\n|turn|146\n|\n|t:|1700367402\n|move|p1a: Xerneas|Draining Kiss|p2a: Epione\n|-damage|p2a: Epione|29\/100\n|-heal|p1a: Xerneas|69\/100|[from] drain|[of] p2a: Epione\n|move|p2a: Epione|Confide|p1a: Xerneas\n|-unboost|p1a: Xerneas|spa|1\n|\n|upkeep\n|turn|147\n|\n|t:|1700367409\n|move|p1a: Xerneas|Moonblast|p2a: Epione\n|-damage|p2a: Epione|0 fnt\n|faint|p2a: Epione\n|\n|upkeep\n|\n|t:|1700367416\n|switch|p2a: Helios|Ho-Oh, shiny|100\/100\n|turn|148\n|\n|t:|1700367432\n|move|p1a: Xerneas|Geomancy||[still]\n|-prepare|p1a: Xerneas|Geomancy\n|move|p2a: Helios|Toxic|p1a: Xerneas\n|-status|p1a: Xerneas|tox\n|\n|-damage|p1a: Xerneas|63\/100 tox|[from] psn\n|upkeep\n|turn|149\n|\n|t:|1700367435\n|move|p1a: Xerneas|Geomancy|p1a: Xerneas|[from]lockedmove\n|-boost|p1a: Xerneas|spa|2\n|-boost|p1a: Xerneas|spd|2\n|-boost|p1a: Xerneas|spe|2\n|move|p2a: Helios|Whirlwind|p1a: Xerneas\n|drag|p1a: Marshadow|Marshadow|23\/100\n|\n|upkeep\n|turn|150\n|\n|t:|1700367445\n|switch|p1a: Kyogre|Kyogre-Primal|50\/100 slp\n|-weather|PrimordialSea|[from] ability: Primordial Sea|[of] p1a: Kyogre\n|move|p2a: Helios|Toxic|p1a: Kyogre|[miss]\n|-miss|p2a: Helios|p1a: Kyogre\n|\n|-weather|PrimordialSea|[upkeep]\n|upkeep\n|turn|151\n|\n|t:|1700367450\n|switch|p2a: Triton|Dondozo, F, shiny|100\/100 slp\n|-curestatus|p1a: Kyogre|slp|[msg]\n|move|p1a: Kyogre|Origin Pulse|p2a: Triton\n|-resisted|p2a: Triton\n|-damage|p2a: Triton|52\/100 slp\n|\n|-weather|PrimordialSea|[upkeep]\n|-heal|p2a: Triton|58\/100 slp|[from] item: Leftovers\n|upkeep\n|turn|152\n|\n|t:|1700367455\n|move|p1a: Kyogre|Origin Pulse|p2a: Triton\n|-resisted|p2a: Triton\n|-damage|p2a: Triton|11\/100 slp\n|cant|p2a: Triton|slp\n|\n|-weather|PrimordialSea|[upkeep]\n|-heal|p2a: Triton|17\/100 slp|[from] item: Leftovers\n|upkeep\n|turn|153\n|\n|t:|1700367461\n|switch|p2a: Chaos|Giratina, shiny|65\/100\n|-ability|p2a: Chaos|Pressure\n|move|p1a: Kyogre|Origin Pulse|p2a: Chaos\n|-resisted|p2a: Chaos\n|-crit|p2a: Chaos\n|-damage|p2a: Chaos|16\/100\n|\n|-weather|PrimordialSea|[upkeep]\n|-heal|p2a: Chaos|23\/100|[from] item: Leftovers\n|upkeep\n|turn|154\n|\n|t:|1700367468\n|switch|p2a: Triton|Dondozo, F, shiny|17\/100 slp\n|move|p1a: Kyogre|Ice Beam|p2a: Triton\n|-resisted|p2a: Triton\n|-damage|p2a: Triton|0 fnt\n|faint|p2a: Triton\n|\n|-weather|PrimordialSea|[upkeep]\n|upkeep\n|\n|t:|1700367476\n|switch|p2a: Helios|Ho-Oh, shiny|100\/100\n|turn|155\n|\n|t:|1700367493\n|move|p1a: Kyogre|Origin Pulse|p2a: Helios\n|-supereffective|p2a: Helios\n|-crit|p2a: Helios\n|-damage|p2a: Helios|0 fnt\n|faint|p2a: Helios\n|\n|-weather|PrimordialSea|[upkeep]\n|upkeep\n|\n|t:|1700367494\n|switch|p2a: Chaos|Giratina, shiny|23\/100\n|-ability|p2a: Chaos|Pressure\n|turn|156\n|\n|t:|1700367497\n|-terastallize|p2a: Chaos|Poison\n|move|p1a: Kyogre|Ice Beam|p2a: Chaos\n|-damage|p2a: Chaos|0 fnt\n|faint|p2a: Chaos\n|\n|-weather|PrimordialSea|[upkeep]\n|upkeep\n|c|\u2606Future king of ou|Ggs\n|-message|Future king of ou forfeited.\n|\n|win|Penter\n|n|\u2606Penter|penter\n|n|\u2606Future king of ou|futurekingofou\n|n| whitebeard solos|whitebeardsolos\n|n| 3ofaPerfectPair|3ofaperfectpair\n|n| ThePowerOfElectric|thepowerofelectric\n|n| Arcanine Numbers|arcaninenumbers\n|c| whitebeard solos|crazy comeback\n|c| 3ofaPerfectPair|Not really\n|c| whitebeard solos|nvm thats not really a comeback\n|c| 3ofaPerfectPair|Fkou played bad at the end\n|c| whitebeard solos|but he was gonna lose\n|c| whitebeard solos|that dkiss and moonblast clutched up\n|c|\u2606Future king of ou|I was scared it was\n|c|\u2606Future king of ou|HP rock\n|c| 3ofaPerfectPair|You should've confided\n","uploadtime":1700367596,"views":6,"p1id":"penter","p2id":"futurekingofou","formatid":"gen9nationaldexubers","rating":0,"private":0,"password":""}