{"id":"gen9nationaldexubers-1988220943","p1":"Rhyfinn 04","p2":"kumuyon","format":"[Gen 9] National Dex Ubers","log":"|j|\u2606Rhyfinn 04\n|j|\u2606kumuyon\n|t:|1699688085\n|gametype|singles\n|player|p1|Rhyfinn 04|alder|1186\n|player|p2|kumuyon|nurse|1083\n|teamsize|p1|6\n|teamsize|p2|6\n|gen|9\n|tier|[Gen 9] National Dex Ubers\n|rated|\n|rule|HP Percentage Mod: HP is shown in percentages\n|rule|Endless Battle Clause: Forcing endless battles is banned\n|rule|OHKO Clause: OHKO moves are banned\n|rule|Evasion Moves Clause: Evasion moves are banned\n|rule|Evasion Items Clause: Evasion items are banned\n|rule|Species Clause: Limit one of each Pok\u00e9mon\n|rule|Sleep Clause Mod: Limit one foe put to sleep\n|rule|Mega Rayquaza Clause: You cannot mega evolve Rayquaza\n|clearpoke\n|poke|p1|Groudon|\n|poke|p1|Xerneas-*|\n|poke|p1|Marshadow|\n|poke|p1|Necrozma-Dusk-Mane|\n|poke|p1|Deoxys-Speed|\n|poke|p1|Rayquaza|\n|poke|p2|Kingambit, F|\n|poke|p2|Pheromosa|\n|poke|p2|Kyogre|\n|poke|p2|Zamazenta-*|\n|poke|p2|Dracovish|\n|poke|p2|Kangaskhan, F|\n|teampreview\n|inactive|Battle timer is ON: inactive players will automatically lose when time's up. (requested by Rhyfinn 04)\n|\n|t:|1699688094\n|start\n|switch|p1a: Deoxys|Deoxys-Speed, shiny|100\/100\n|switch|p2a: Kangaskhan|Kangaskhan, F|100\/100\n|-ability|p1a: Deoxys|Pressure\n|turn|1\n|\n|t:|1699688101\n|detailschange|p2a: Kangaskhan|Kangaskhan-Mega, F\n|-mega|p2a: Kangaskhan|Kangaskhan|Kangaskhanite\n|move|p2a: Kangaskhan|Fake Out|p1a: Deoxys\n|-damage|p1a: Deoxys|74\/100\n|-damage|p1a: Deoxys|68\/100\n|-hitcount|p1a: Deoxys|2\n|cant|p1a: Deoxys|flinch\n|\n|upkeep\n|turn|2\n|\n|t:|1699688107\n|move|p1a: Deoxys|Stealth Rock|p2a: Kangaskhan\n|-sidestart|p2: kumuyon|move: Stealth Rock\n|move|p2a: Kangaskhan|Seismic Toss|p1a: Deoxys\n|-damage|p1a: Deoxys|35\/100\n|-damage|p1a: Deoxys|2\/100\n|-hitcount|p1a: Deoxys|2\n|\n|upkeep\n|turn|3\n|\n|t:|1699688115\n|move|p1a: Deoxys|Spikes|p2a: Kangaskhan\n|-sidestart|p2: kumuyon|Spikes\n|move|p2a: Kangaskhan|Seismic Toss|p1a: Deoxys\n|-damage|p1a: Deoxys|0 fnt\n|faint|p1a: Deoxys\n|-hitcount|p1: Deoxys|1\n|\n|upkeep\n|\n|t:|1699688129\n|switch|p1a: Marshadow|Marshadow|100\/100\n|turn|4\n|\n|t:|1699688147\n|move|p2a: Kangaskhan|Sucker Punch|p1a: Marshadow\n|-damage|p1a: Marshadow|69\/100\n|-damage|p1a: Marshadow|62\/100\n|-hitcount|p1a: Marshadow|2\n|move|p1a: Marshadow|Close Combat|p2a: Kangaskhan\n|-supereffective|p2a: Kangaskhan\n|-damage|p2a: Kangaskhan|9\/100\n|-unboost|p1a: Marshadow|def|1\n|-unboost|p1a: Marshadow|spd|1\n|\n|upkeep\n|turn|5\n|\n|t:|1699688158\n|switch|p1a: Rayquaza|Rayquaza, shiny|100\/100\n|-ability|p1a: Rayquaza|Air Lock\n|move|p2a: Kangaskhan|Sucker Punch||[still]\n|-fail|p2a: Kangaskhan\n|\n|upkeep\n|turn|6\n|\n|t:|1699688166\n|move|p1a: Rayquaza|Extreme Speed|p2a: Kangaskhan\n|-damage|p2a: Kangaskhan|0 fnt\n|faint|p2a: Kangaskhan\n|\n|upkeep\n|\n|t:|1699688173\n|switch|p2a: Dracovish|Dracovish|100\/100\n|-damage|p2a: Dracovish|88\/100|[from] Stealth Rock\n|-damage|p2a: Dracovish|76\/100|[from] Spikes\n|turn|7\n|\n|t:|1699688178\n|switch|p1a: Groudon|Groudon, shiny|100\/100\n|detailschange|p1a: Groudon|Groudon-Primal, shiny\n|-primal|p1a: Groudon|Red Orb\n|-weather|DesolateLand|[from] ability: Desolate Land|[of] p1a: Groudon\n|move|p2a: Dracovish|Ice Fang|p1a: Groudon\n|-damage|p1a: Groudon|83\/100\n|\n|-weather|DesolateLand|[upkeep]\n|upkeep\n|turn|8\n|\n|t:|1699688188\n|switch|p2a: Pheromosa|Pheromosa|100\/100\n|-damage|p2a: Pheromosa|88\/100|[from] Stealth Rock\n|-damage|p2a: Pheromosa|76\/100|[from] Spikes\n|move|p1a: Groudon|Rock Polish|p1a: Groudon\n|-boost|p1a: Groudon|spe|2\n|\n|-weather|DesolateLand|[upkeep]\n|upkeep\n|turn|9\n|\n|t:|1699688195\n|move|p1a: Groudon|Flamethrower|p2a: Pheromosa\n|-supereffective|p2a: Pheromosa\n|-damage|p2a: Pheromosa|0 fnt\n|faint|p2a: Pheromosa\n|\n|-weather|DesolateLand|[upkeep]\n|upkeep\n|\n|t:|1699688199\n|switch|p2a: Kyogre|Kyogre|100\/100\n|-damage|p2a: Kyogre|88\/100|[from] Stealth Rock\n|-damage|p2a: Kyogre|76\/100|[from] Spikes\n|detailschange|p2a: Kyogre|Kyogre-Primal\n|-primal|p2a: Kyogre|Blue Orb\n|-weather|PrimordialSea|[from] ability: Primordial Sea|[of] p2a: Kyogre\n|turn|10\n|\n|t:|1699688207\n|switch|p1a: Rayquaza|Rayquaza, shiny|100\/100\n|-ability|p1a: Rayquaza|Air Lock\n|move|p2a: Kyogre|Liquidation|p1a: Rayquaza\n|-resisted|p1a: Rayquaza\n|-damage|p1a: Rayquaza|73\/100\n|\n|-weather|PrimordialSea|[upkeep]\n|upkeep\n|turn|11\n|-message|kumuyon forfeited.\n|\n|win|Rhyfinn 04\n|raw|Rhyfinn 04's rating: 1186 &rarr; <strong>1204<\/strong><br \/>(+18 for winning)\n|raw|kumuyon's rating: 1083 &rarr; <strong>1067<\/strong><br \/>(-16 for losing)\n|l|\u2606kumuyon\n","uploadtime":1699688217,"views":4,"p1id":"rhyfinn04","p2id":"kumuyon","formatid":"gen9nationaldexubers","rating":1067,"private":0,"password":""}