{"id":"gen9nationaldexubers-1978645639","p1":"700club","p2":"BaWPH","format":"[Gen 9] National Dex Ubers","log":"|j|\u2606700club\n|j|\u2606BaWPH\n|t:|1698573849\n|gametype|singles\n|player|p1|700club|shadowtriad|1252\n|player|p2|BaWPH|hilbert-masters|1283\n|teamsize|p1|6\n|teamsize|p2|6\n|gen|9\n|tier|[Gen 9] National Dex Ubers\n|rated|\n|rule|HP Percentage Mod: HP is shown in percentages\n|rule|Endless Battle Clause: Forcing endless battles is banned\n|rule|OHKO Clause: OHKO moves are banned\n|rule|Evasion Moves Clause: Evasion moves are banned\n|rule|Evasion Items Clause: Evasion items are banned\n|rule|Species Clause: Limit one of each Pok\u00e9mon\n|rule|Sleep Clause Mod: Limit one foe put to sleep\n|rule|Mega Rayquaza Clause: You cannot mega evolve Rayquaza\n|clearpoke\n|poke|p1|Ogerpon-Hearthflame, F|\n|poke|p1|Ditto|\n|poke|p1|Deoxys-Speed|\n|poke|p1|Mewtwo|\n|poke|p1|Necrozma-Dusk-Mane|\n|poke|p1|Calyrex-Ice|\n|poke|p2|Pikachu, F|\n|poke|p2|Jirachi|\n|poke|p2|Garchomp, M|\n|poke|p2|Shaymin-Sky|\n|poke|p2|Galvantula, F|\n|poke|p2|Ceruledge, F|\n|teampreview\n|inactive|Battle timer is ON: inactive players will automatically lose when time's up. (requested by BaWPH)\n|c|\u2606700club|hi\n|\n|t:|1698573869\n|start\n|switch|p1a: Deoxys|Deoxys-Speed|100\/100\n|switch|p2a: \u6355\u9e1f\u86db\u5f88\u62c5\u5fc3\u4f60|Galvantula, F|100\/100\n|-ability|p2a: \u6355\u9e1f\u86db\u5f88\u62c5\u5fc3\u4f60|Unnerve\n|-ability|p1a: Deoxys|Pressure\n|turn|1\n|\n|t:|1698573879\n|move|p1a: Deoxys|Taunt|p2a: \u6355\u9e1f\u86db\u5f88\u62c5\u5fc3\u4f60\n|-start|p2a: \u6355\u9e1f\u86db\u5f88\u62c5\u5fc3\u4f60|move: Taunt\n|cant|p2a: \u6355\u9e1f\u86db\u5f88\u62c5\u5fc3\u4f60|move: Taunt|Sticky Web\n|\n|upkeep\n|turn|2\n|\n|t:|1698573884\n|move|p1a: Deoxys|Stealth Rock|p2a: \u6355\u9e1f\u86db\u5f88\u62c5\u5fc3\u4f60\n|-sidestart|p2: BaWPH|move: Stealth Rock\n|move|p2a: \u6355\u9e1f\u86db\u5f88\u62c5\u5fc3\u4f60|Volt Switch|p1a: Deoxys\n|-crit|p1a: Deoxys\n|-damage|p1a: Deoxys|46\/100\n|\n|t:|1698573890\n|switch|p2a: \u8d85\u54e5|Pikachu, F|100\/100|[from] Volt Switch\n|-damage|p2a: \u8d85\u54e5|88\/100|[from] Stealth Rock\n|\n|upkeep\n|turn|3\n|\n|t:|1698573906\n|move|p2a: \u8d85\u54e5|Fake Out|p1a: Deoxys\n|-damage|p1a: Deoxys|24\/100\n|cant|p1a: Deoxys|flinch\n|\n|upkeep\n|turn|4\n|c|\u2606BaWPH|hi\n|\n|t:|1698573927\n|switch|p1a: Necrozma|Necrozma-Dusk-Mane|100\/100\n|move|p2a: \u8d85\u54e5|Extreme Speed|p1a: Necrozma\n|-resisted|p1a: Necrozma\n|-damage|p1a: Necrozma|85\/100\n|\n|upkeep\n|turn|5\n|inactive|700club has 120 seconds left.\n|\n|t:|1698573942\n|move|p2a: \u8d85\u54e5|Extreme Speed|p1a: Necrozma\n|-resisted|p1a: Necrozma\n|-crit|p1a: Necrozma\n|-damage|p1a: Necrozma|64\/100\n|move|p1a: Necrozma|Dragon Dance|p1a: Necrozma\n|-boost|p1a: Necrozma|atk|1\n|-boost|p1a: Necrozma|spe|1\n|\n|upkeep\n|turn|6\n|\n|t:|1698573950\n|move|p1a: Necrozma|Earthquake|p2a: \u8d85\u54e5\n|-supereffective|p2a: \u8d85\u54e5\n|-damage|p2a: \u8d85\u54e5|0 fnt\n|faint|p2a: \u8d85\u54e5\n|\n|upkeep\n|\n|t:|1698573969\n|switch|p2a: \u7325\u7410\u4e8c\u53f7|Shaymin-Sky|100\/100\n|-damage|p2a: \u7325\u7410\u4e8c\u53f7|76\/100|[from] Stealth Rock\n|turn|7\n|inactive|700club has 120 seconds left.\n|\n|t:|1698573989\n|detailschange|p1a: Necrozma|Necrozma-Ultra\n|-burst|p1a: Necrozma|Necrozma|Ultranecrozium Z\n|move|p2a: \u7325\u7410\u4e8c\u53f7|Air Slash|p1a: Necrozma\n|-damage|p1a: Necrozma|27\/100\n|cant|p1a: Necrozma|flinch\n|\n|upkeep\n|turn|8\n|inactive|700club has 120 seconds left.\n|\n|t:|1698574001\n|move|p2a: \u7325\u7410\u4e8c\u53f7|Air Slash|p1a: Necrozma\n|-damage|p1a: Necrozma|0 fnt\n|faint|p1a: Necrozma\n|\n|upkeep\n|inactive|700club has 120 seconds left.\n|\n|t:|1698574014\n|switch|p1a: Mewtwo|Mewtwo|100\/100\n|-ability|p1a: Mewtwo|Unnerve\n|turn|9\n|inactive|700club has 120 seconds left.\n|\n|t:|1698574020\n|detailschange|p1a: Mewtwo|Mewtwo-Mega-Y\n|-mega|p1a: Mewtwo|Mewtwo|Mewtwonite Y\n|move|p2a: \u7325\u7410\u4e8c\u53f7|Air Slash|p1a: Mewtwo\n|-damage|p1a: Mewtwo|70\/100\n|move|p1a: Mewtwo|Ice Beam|p2a: \u7325\u7410\u4e8c\u53f7\n|-supereffective|p2a: \u7325\u7410\u4e8c\u53f7\n|-damage|p2a: \u7325\u7410\u4e8c\u53f7|0 fnt\n|faint|p2a: \u7325\u7410\u4e8c\u53f7\n|\n|upkeep\n|\n|t:|1698574038\n|switch|p2a: \u6355\u9e1f\u86db\u5f88\u62c5\u5fc3\u4f60|Galvantula, F|100\/100\n|-ability|p2a: \u6355\u9e1f\u86db\u5f88\u62c5\u5fc3\u4f60|Unnerve\n|-damage|p2a: \u6355\u9e1f\u86db\u5f88\u62c5\u5fc3\u4f60|76\/100|[from] Stealth Rock\n|turn|10\n|inactive|700club has 120 seconds left.\n|\n|t:|1698574056\n|move|p1a: Mewtwo|Fire Blast|p2a: \u6355\u9e1f\u86db\u5f88\u62c5\u5fc3\u4f60\n|-supereffective|p2a: \u6355\u9e1f\u86db\u5f88\u62c5\u5fc3\u4f60\n|-damage|p2a: \u6355\u9e1f\u86db\u5f88\u62c5\u5fc3\u4f60|0 fnt\n|faint|p2a: \u6355\u9e1f\u86db\u5f88\u62c5\u5fc3\u4f60\n|\n|upkeep\n|\n|t:|1698574061\n|switch|p2a: \u6563\u88c5\u9f99\u821e|Garchomp, M|100\/100\n|-damage|p2a: \u6563\u88c5\u9f99\u821e|94\/100|[from] Stealth Rock\n|turn|11\n|\n|t:|1698574067\n|-terastallize|p2a: \u6563\u88c5\u9f99\u821e|Fire\n|move|p1a: Mewtwo|Ice Beam|p2a: \u6563\u88c5\u9f99\u821e\n|-resisted|p2a: \u6563\u88c5\u9f99\u821e\n|-damage|p2a: \u6563\u88c5\u9f99\u821e|70\/100\n|move|p2a: \u6563\u88c5\u9f99\u821e|Scale Shot|p1a: Mewtwo\n|-damage|p1a: Mewtwo|53\/100\n|-damage|p1a: Mewtwo|35\/100\n|-damage|p1a: Mewtwo|18\/100\n|-damage|p1a: Mewtwo|1\/100\n|-damage|p1a: Mewtwo|0 fnt\n|faint|p1a: Mewtwo\n|-hitcount|p1: Mewtwo|5\n|-unboost|p2a: \u6563\u88c5\u9f99\u821e|def|1\n|-boost|p2a: \u6563\u88c5\u9f99\u821e|spe|1\n|\n|upkeep\n|inactive|700club has 120 seconds left.\n|\n|t:|1698574103\n|switch|p1a: Calyrex|Calyrex-Ice|100\/100\n|-ability|p1a: Calyrex|As One\n|-ability|p1a: Calyrex|Unnerve\n|turn|12\n|inactive|700club has 90 seconds left.\n|\n|t:|1698574125\n|-terastallize|p1a: Calyrex|Fire\n|move|p2a: \u6563\u88c5\u9f99\u821e|Tera Blast|p1a: Calyrex|[anim] Tera Blast Fire\n|-resisted|p1a: Calyrex\n|-damage|p1a: Calyrex|85\/100\n|move|p1a: Calyrex|High Horsepower|p2a: \u6563\u88c5\u9f99\u821e\n|-supereffective|p2a: \u6563\u88c5\u9f99\u821e\n|-damage|p2a: \u6563\u88c5\u9f99\u821e|0 fnt\n|-damage|p1a: Calyrex|72\/100|[from] ability: Rough Skin|[of] p2a: \u6563\u88c5\u9f99\u821e\n|faint|p2a: \u6563\u88c5\u9f99\u821e\n|-ability|p1a: Calyrex|Chilling Neigh|boost\n|-boost|p1a: Calyrex|atk|1\n|\n|upkeep\n|\n|t:|1698574131\n|switch|p2a: \u771f\u00b7\u9b3c\u5251|Ceruledge, F|100\/100\n|-damage|p2a: \u771f\u00b7\u9b3c\u5251|76\/100|[from] Stealth Rock\n|turn|13\n|\n|t:|1698574140\n|move|p2a: \u771f\u00b7\u9b3c\u5251|Poltergeist|p1a: Calyrex\n|-activate|p1a: Calyrex|move: Poltergeist|Choice Band\n|-damage|p1a: Calyrex|32\/100\n|move|p1a: Calyrex|High Horsepower|p2a: \u771f\u00b7\u9b3c\u5251\n|-supereffective|p2a: \u771f\u00b7\u9b3c\u5251\n|-damage|p2a: \u771f\u00b7\u9b3c\u5251|0 fnt\n|faint|p2a: \u771f\u00b7\u9b3c\u5251\n|-ability|p1a: Calyrex|Chilling Neigh|boost\n|-boost|p1a: Calyrex|atk|1\n|\n|upkeep\n|\n|t:|1698574147\n|switch|p2a: \u7325\u7410\u4e00\u53f7|Jirachi|100\/100\n|-damage|p2a: \u7325\u7410\u4e00\u53f7|94\/100|[from] Stealth Rock\n|turn|14\n|\n|t:|1698574152\n|move|p2a: \u7325\u7410\u4e00\u53f7|Zen Headbutt|p1a: Calyrex\n|-damage|p1a: Calyrex|13\/100\n|move|p1a: Calyrex|High Horsepower|p2a: \u7325\u7410\u4e00\u53f7\n|-supereffective|p2a: \u7325\u7410\u4e00\u53f7\n|-damage|p2a: \u7325\u7410\u4e00\u53f7|0 fnt\n|faint|p2a: \u7325\u7410\u4e00\u53f7\n|\n|win|700club\n|raw|700club's rating: 1252 &rarr; <strong>1279<\/strong><br \/>(+27 for winning)\n|raw|BaWPH's rating: 1283 &rarr; <strong>1256<\/strong><br \/>(-27 for losing)\n|c|\u2606700club|gg\n","uploadtime":1698574160,"views":12,"p1id":"700club","p2id":"bawph","formatid":"gen9nationaldexubers","rating":1256,"private":0,"password":""}