{"id":"gen9nationaldexubers-1994261290","p1":"ColoConkedUp","p2":"Shazam1998","format":"[Gen 9] National Dex Ubers","log":"|j|\u2606ColoConkedUp\n|j|\u2606Shazam1998\n|t:|1700424604\n|gametype|singles\n|player|p1|ColoConkedUp|flint|\n|player|p2|Shazam1998|morty|\n|teamsize|p1|6\n|teamsize|p2|6\n|gen|9\n|tier|[Gen 9] National Dex Ubers\n|rule|HP Percentage Mod: HP is shown in percentages\n|rule|Endless Battle Clause: Forcing endless battles is banned\n|rule|OHKO Clause: OHKO moves are banned\n|rule|Evasion Moves Clause: Evasion moves are banned\n|rule|Evasion Items Clause: Evasion items are banned\n|rule|Species Clause: Limit one of each Pok\u00e9mon\n|rule|Sleep Clause Mod: Limit one foe put to sleep\n|rule|Mega Rayquaza Clause: You cannot mega evolve Rayquaza\n|clearpoke\n|poke|p1|Ursaluna, F|\n|poke|p1|Deoxys-Defense|\n|poke|p1|Iron Bundle|\n|poke|p1|Hawlucha, F|\n|poke|p1|Chandelure, M|\n|poke|p1|Slaking, F|\n|poke|p2|Pelipper, M|\n|poke|p2|Basculegion-F, F|\n|poke|p2|Swampert, M|\n|poke|p2|Ferrothorn, M|\n|poke|p2|Zapdos|\n|poke|p2|Urshifu-*, M|\n|teampreview\n|\n|t:|1700424608\n|start\n|switch|p1a: The Berlin Wall|Deoxys-Defense, shiny|100\/100\n|switch|p2a: Pogbird|Pelipper, M|100\/100\n|-ability|p1a: The Berlin Wall|Pressure\n|-weather|RainDance|[from] ability: Drizzle|[of] p2a: Pogbird\n|turn|1\n|j| mekan7\n|\n|t:|1700424619\n|move|p1a: The Berlin Wall|Light Screen|p1a: The Berlin Wall\n|-sidestart|p1: ColoConkedUp|move: Light Screen\n|move|p2a: Pogbird|U-turn|p1a: The Berlin Wall\n|-supereffective|p1a: The Berlin Wall\n|-damage|p1a: The Berlin Wall|87\/100\n|\n|t:|1700424622\n|switch|p2a: BIG PUNCH|Urshifu-Rapid-Strike, M|100\/100|[from] U-turn\n|\n|-weather|RainDance|[upkeep]\n|-heal|p1a: The Berlin Wall|93\/100|[from] item: Leftovers\n|upkeep\n|turn|2\n|\n|t:|1700424638\n|-terastallize|p1a: The Berlin Wall|Fairy\n|move|p2a: BIG PUNCH|Swords Dance|p2a: BIG PUNCH\n|-boost|p2a: BIG PUNCH|atk|2\n|move|p1a: The Berlin Wall|Reflect|p1a: The Berlin Wall\n|-sidestart|p1: ColoConkedUp|Reflect\n|\n|-weather|RainDance|[upkeep]\n|-heal|p1a: The Berlin Wall|99\/100|[from] item: Leftovers\n|upkeep\n|turn|3\n|inactive|Battle timer is ON: inactive players will automatically lose when time's up. (requested by Shazam1998)\n|inactiveoff|Battle timer is now OFF.\n|\n|t:|1700424681\n|switch|p1a: Ursaluka|Ursaluna, F, shiny|100\/100\n|move|p2a: BIG PUNCH|Surging Strikes|p1a: Ursaluka\n|-supereffective|p1a: Ursaluka\n|-crit|p1a: Ursaluka\n|-damage|p1a: Ursaluka|0 fnt\n|faint|p1a: Ursaluka\n|-hitcount|p1: Ursaluka|1\n|\n|-weather|RainDance|[upkeep]\n|upkeep\n|\n|t:|1700424726\n|switch|p1a: Mewwy Chwistmas|Iron Bundle|100\/100\n|-enditem|p1a: Mewwy Chwistmas|Booster Energy\n|-activate|p1a: Mewwy Chwistmas|ability: Quark Drive|[fromitem]\n|-start|p1a: Mewwy Chwistmas|quarkdrivespe\n|turn|4\n|\n|t:|1700424737\n|move|p1a: Mewwy Chwistmas|Snowscape|p1a: Mewwy Chwistmas\n|-weather|Snow\n|move|p2a: BIG PUNCH|Close Combat|p1a: Mewwy Chwistmas\n|-supereffective|p1a: Mewwy Chwistmas\n|-damage|p1a: Mewwy Chwistmas|6\/100\n|-unboost|p2a: BIG PUNCH|def|1\n|-unboost|p2a: BIG PUNCH|spd|1\n|\n|-weather|Snow|[upkeep]\n|upkeep\n|turn|5\n|\n|t:|1700424747\n|move|p2a: BIG PUNCH|Aqua Jet|p1a: Mewwy Chwistmas\n|-resisted|p1a: Mewwy Chwistmas\n|-damage|p1a: Mewwy Chwistmas|0 fnt\n|faint|p1a: Mewwy Chwistmas\n|-end|p1a: Mewwy Chwistmas|Quark Drive|[silent]\n|\n|-weather|Snow|[upkeep]\n|-sideend|p1: ColoConkedUp|move: Light Screen\n|upkeep\n|\n|t:|1700424762\n|switch|p1a: The Berlin Wall|Deoxys-Defense, shiny, tera:Fairy|99\/100\n|-ability|p1a: The Berlin Wall|Pressure\n|turn|6\n|\n|t:|1700424767\n|move|p1a: The Berlin Wall|Extreme Speed|p2a: BIG PUNCH\n|-damage|p2a: BIG PUNCH|80\/100\n|move|p2a: BIG PUNCH|Surging Strikes|p1a: The Berlin Wall\n|-crit|p1a: The Berlin Wall\n|-damage|p1a: The Berlin Wall|66\/100\n|-crit|p1a: The Berlin Wall\n|-damage|p1a: The Berlin Wall|33\/100\n|-crit|p1a: The Berlin Wall\n|-damage|p1a: The Berlin Wall|0 fnt\n|faint|p1a: The Berlin Wall\n|-hitcount|p1: The Berlin Wall|3\n|\n|-weather|Snow|[upkeep]\n|-sideend|p1: ColoConkedUp|Reflect\n|upkeep\n|\n|t:|1700424789\n|switch|p1a: Mexico|Hawlucha, F, shiny|100\/100\n|turn|7\n|\n|t:|1700424798\n|move|p2a: BIG PUNCH|Aqua Jet|p1a: Mexico\n|-damage|p1a: Mexico|42\/100\n|move|p1a: Mexico|Close Combat|p2a: BIG PUNCH\n|-damage|p2a: BIG PUNCH|0 fnt\n|-unboost|p1a: Mexico|def|1\n|-unboost|p1a: Mexico|spd|1\n|-enditem|p1a: Mexico|White Herb\n|-clearnegativeboost|p1a: Mexico|[silent]\n|faint|p2a: BIG PUNCH\n|\n|-weather|Snow|[upkeep]\n|upkeep\n|\n|t:|1700424806\n|switch|p2a: Pogbird|Pelipper, M|100\/100\n|-weather|RainDance|[from] ability: Drizzle|[of] p2a: Pogbird\n|turn|8\n|\n|t:|1700424815\n|move|p1a: Mexico|Thunder Punch|p2a: Pogbird\n|-supereffective|p2a: Pogbird\n|-damage|p2a: Pogbird|34\/100\n|move|p2a: Pogbird|Scald|p1a: Mexico\n|-damage|p1a: Mexico|0 fnt\n|faint|p1a: Mexico\n|\n|-weather|RainDance|[upkeep]\n|upkeep\n|\n|t:|1700424834\n|switch|p1a: Monke|Slaking, F, shiny|100\/100\n|turn|9\n|\n|t:|1700424843\n|move|p1a: Monke|Fling|p2a: Pogbird\n|-damage|p2a: Pogbird|25\/100\n|-enditem|p1a: Monke|King's Rock|[from] move: Fling\n|cant|p2a: Pogbird|flinch\n|\n|-weather|RainDance|[upkeep]\n|upkeep\n|turn|10\n|\n|t:|1700424854\n|switch|p2a: Swampert|Swampert, M|100\/100\n|cant|p1a: Monke|ability: Truant\n|\n|-weather|RainDance|[upkeep]\n|upkeep\n|turn|11\n|\n|t:|1700424867\n|detailschange|p2a: Swampert|Swampert-Mega, M\n|-mega|p2a: Swampert|Swampert|Swampertite\n|move|p2a: Swampert|Waterfall|p1a: Monke\n|-damage|p1a: Monke|54\/100\n|move|p1a: Monke|Encore|p2a: Swampert\n|-start|p2a: Swampert|Encore\n|\n|-weather|RainDance|[upkeep]\n|upkeep\n|turn|12\n|\n|t:|1700424875\n|move|p2a: Swampert|Waterfall|p1a: Monke\n|-damage|p1a: Monke|3\/100\n|cant|p1a: Monke|ability: Truant\n|\n|-weather|RainDance|[upkeep]\n|upkeep\n|turn|13\n|\n|t:|1700424882\n|move|p2a: Swampert|Waterfall|p1a: Monke\n|-damage|p1a: Monke|0 fnt\n|faint|p1a: Monke\n|\n|-weather|RainDance|[upkeep]\n|upkeep\n|\n|t:|1700424887\n|switch|p1a: Fnaf 3|Chandelure, M|100\/100\n|turn|14\n|\n|t:|1700424897\n|move|p2a: Swampert|Waterfall|p1a: Fnaf 3\n|-supereffective|p1a: Fnaf 3\n|-damage|p1a: Fnaf 3|0 fnt\n|faint|p1a: Fnaf 3\n|\n|win|Shazam1998\n","uploadtime":1700424904,"views":42,"p1id":"coloconkedup","p2id":"shazam1998","formatid":"gen9nationaldexubers","rating":0,"private":0,"password":""}