{"id":"gen9nationaldexubers-1994087616","p1":"V_m00nLover","p2":"Btaker22","format":"[Gen 9] National Dex Ubers","log":"|j|\u2606V_m00nLover\n|j|\u2606Btaker22\n|t:|1700405254\n|gametype|singles\n|player|p1|V_m00nLover|janine|1401\n|player|p2|Btaker22|blackbelt-gen4dp|1377\n|teamsize|p1|6\n|teamsize|p2|6\n|gen|9\n|tier|[Gen 9] National Dex Ubers\n|rated|\n|rule|HP Percentage Mod: HP is shown in percentages\n|rule|Endless Battle Clause: Forcing endless battles is banned\n|rule|OHKO Clause: OHKO moves are banned\n|rule|Evasion Moves Clause: Evasion moves are banned\n|rule|Evasion Items Clause: Evasion items are banned\n|rule|Species Clause: Limit one of each Pok\u00e9mon\n|rule|Sleep Clause Mod: Limit one foe put to sleep\n|rule|Mega Rayquaza Clause: You cannot mega evolve Rayquaza\n|clearpoke\n|poke|p1|Lopunny, F|\n|poke|p1|Ditto|\n|poke|p1|Hatterene, F|\n|poke|p1|Skarmory, M|\n|poke|p1|Dondozo, M|\n|poke|p1|Chansey, F|\n|poke|p2|Ditto|\n|poke|p2|Lugia|\n|poke|p2|Groudon|\n|poke|p2|Arceus-Fairy|\n|poke|p2|Marshadow|\n|poke|p2|Zacian-*|\n|teampreview\n|\n|t:|1700405259\n|start\n|switch|p1a: Lola|Lopunny, F, shiny|100\/100\n|switch|p2a: Arceus|Arceus-Fairy|100\/100\n|turn|1\n|inactive|Battle timer is ON: inactive players will automatically lose when time's up. (requested by V_m00nLover)\n|\n|t:|1700405265\n|detailschange|p1a: Lola|Lopunny-Mega, F, shiny\n|-mega|p1a: Lola|Lopunny|Lopunnite\n|move|p1a: Lola|Fake Out|p2a: Arceus\n|-damage|p2a: Arceus|89\/100\n|cant|p2a: Arceus|flinch\n|\n|upkeep\n|turn|2\n|\n|t:|1700405271\n|switch|p1a: Reah|Chansey, F|100\/100\n|move|p2a: Arceus|Stealth Rock|p1a: Reah\n|-sidestart|p1: V_m00nLover|move: Stealth Rock\n|\n|upkeep\n|turn|3\n|\n|t:|1700405277\n|move|p2a: Arceus|Taunt|p1a: Reah\n|-start|p1a: Reah|move: Taunt\n|cant|p1a: Reah|move: Taunt|Thunder Wave\n|\n|upkeep\n|turn|4\n|\n|t:|1700405286\n|switch|p2a: Zacian|Zacian-Crowned|100\/100\n|-ability|p2a: Zacian|Intrepid Sword|boost\n|-boost|p2a: Zacian|atk|1\n|move|p1a: Reah|Seismic Toss|p2a: Zacian\n|-damage|p2a: Zacian|70\/100\n|\n|upkeep\n|turn|5\n|\n|t:|1700405294\n|move|p2a: Zacian|Swords Dance|p2a: Zacian\n|-boost|p2a: Zacian|atk|2\n|move|p1a: Reah|Seismic Toss|p2a: Zacian\n|-damage|p2a: Zacian|39\/100\n|\n|-end|p1a: Reah|move: Taunt\n|upkeep\n|turn|6\n|\n|t:|1700405310\n|move|p2a: Zacian|Close Combat|p1a: Reah\n|-supereffective|p1a: Reah\n|-damage|p1a: Reah|0 fnt\n|-unboost|p2a: Zacian|def|1\n|-unboost|p2a: Zacian|spd|1\n|faint|p1a: Reah\n|\n|upkeep\n|\n|t:|1700405313\n|switch|p1a: Mirror|Ditto, shiny|100\/100\n|-damage|p1a: Mirror|88\/100|[from] Stealth Rock\n|-transform|p1a: Mirror|p2a: Zacian|[from] ability: Imposter\n|-ability|p1a: Mirror|Intrepid Sword|boost\n|-boost|p1a: Mirror|atk|1\n|turn|7\n|\n|t:|1700405337\n|switch|p2a: Lugia|Lugia|100\/100\n|move|p1a: Mirror|Behemoth Blade|p2a: Lugia\n|-damage|p2a: Lugia|60\/100\n|\n|upkeep\n|turn|8\n|\n|t:|1700405347\n|switch|p1a: Skarmory|Skarmory, M|100\/100\n|-damage|p1a: Skarmory|88\/100|[from] Stealth Rock\n|move|p2a: Lugia|Whirlwind|p1a: Skarmory\n|drag|p1a: Mirror|Ditto, shiny|88\/100\n|-damage|p1a: Mirror|76\/100|[from] Stealth Rock\n|-transform|p1a: Mirror|p2a: Lugia|[from] ability: Imposter\n|\n|upkeep\n|turn|9\n|\n|t:|1700405362\n|-terastallize|p2a: Lugia|Steel\n|move|p1a: Mirror|Thunder Wave|p2a: Lugia\n|-status|p2a: Lugia|par\n|move|p2a: Lugia|Roost|p2a: Lugia\n|-heal|p2a: Lugia|100\/100 par\n|\n|upkeep\n|turn|10\n|\n|t:|1700405370\n|switch|p1a: Skarmory|Skarmory, M|88\/100\n|-damage|p1a: Skarmory|76\/100|[from] Stealth Rock\n|move|p2a: Lugia|Toxic|p1a: Skarmory\n|-immune|p1a: Skarmory\n|\n|upkeep\n|turn|11\n|\n|t:|1700405378\n|move|p1a: Skarmory|Defog|p2a: Lugia\n|-unboost|p2a: Lugia|evasion|1\n|-sideend|p1: V_m00nLover|Stealth Rock|[from] move: Defog|[of] p1a: Skarmory\n|move|p2a: Lugia|Thunder Wave|p1a: Skarmory\n|-status|p1a: Skarmory|par\n|\n|upkeep\n|turn|12\n|\n|t:|1700405391\n|switch|p2a: Groudon|Groudon|100\/100\n|detailschange|p2a: Groudon|Groudon-Primal\n|-primal|p2a: Groudon|Red Orb\n|-weather|DesolateLand|[from] ability: Desolate Land|[of] p2a: Groudon\n|move|p1a: Skarmory|Roost|p1a: Skarmory\n|-heal|p1a: Skarmory|100\/100 par\n|-singleturn|p1a: Skarmory|move: Roost\n|\n|-weather|DesolateLand|[upkeep]\n|upkeep\n|turn|13\n|\n|t:|1700405409\n|move|p2a: Groudon|Rock Polish|p2a: Groudon\n|-boost|p2a: Groudon|spe|2\n|move|p1a: Skarmory|Counter||[still]\n|-fail|p1a: Skarmory\n|\n|-weather|DesolateLand|[upkeep]\n|upkeep\n|turn|14\n|\n|t:|1700405418\n|switch|p1a: Mirror|Ditto, shiny|76\/100\n|-transform|p1a: Mirror|p2a: Groudon|[from] ability: Imposter\n|move|p2a: Groudon|Fire Punch|p1a: Mirror\n|-resisted|p1a: Mirror\n|-damage|p1a: Mirror|46\/100\n|\n|-weather|DesolateLand|[upkeep]\n|upkeep\n|turn|15\n|\n|t:|1700405428\n|move|p1a: Mirror|Precipice Blades|p2a: Groudon\n|-supereffective|p2a: Groudon\n|-damage|p2a: Groudon|5\/100\n|move|p2a: Groudon|Precipice Blades|p1a: Mirror\n|-supereffective|p1a: Mirror\n|-damage|p1a: Mirror|0 fnt\n|faint|p1a: Mirror\n|\n|-weather|DesolateLand|[upkeep]\n|upkeep\n|\n|t:|1700405435\n|switch|p1a: Lola|Lopunny-Mega, F, shiny|100\/100\n|turn|16\n|\n|t:|1700405459\n|move|p1a: Lola|Fake Out|p2a: Groudon\n|-damage|p2a: Groudon|0 fnt\n|faint|p2a: Groudon\n|-weather|none\n|\n|upkeep\n|\n|t:|1700405474\n|switch|p2a: Arceus|Arceus-Fairy|89\/100\n|turn|17\n|\n|t:|1700405481\n|switch|p1a: Hatt|Hatterene, F, shiny|100\/100\n|move|p2a: Arceus|Stealth Rock|p1a: Hatt\n|move|p1a: Hatt|Stealth Rock|p2a: Arceus|[from]ability: Magic Bounce\n|-sidestart|p2: Btaker22|move: Stealth Rock\n|\n|upkeep\n|turn|18\n|\n|t:|1700405495\n|move|p2a: Arceus|Judgment|p1a: Hatt\n|-damage|p1a: Hatt|50\/100\n|move|p1a: Hatt|Calm Mind|p1a: Hatt\n|-boost|p1a: Hatt|spa|1\n|-boost|p1a: Hatt|spd|1\n|\n|-heal|p1a: Hatt|56\/100|[from] item: Leftovers\n|upkeep\n|turn|19\n|\n|t:|1700405503\n|move|p2a: Arceus|Judgment|p1a: Hatt\n|-damage|p1a: Hatt|24\/100\n|move|p1a: Hatt|Draining Kiss|p2a: Arceus\n|-damage|p2a: Arceus|67\/100\n|-heal|p1a: Hatt|46\/100|[from] drain|[of] p2a: Arceus\n|\n|-heal|p1a: Hatt|52\/100|[from] item: Leftovers\n|upkeep\n|turn|20\n|\n|t:|1700405511\n|move|p2a: Arceus|Judgment|p1a: Hatt\n|-damage|p1a: Hatt|17\/100\n|move|p1a: Hatt|Draining Kiss|p2a: Arceus\n|-damage|p2a: Arceus|43\/100\n|-heal|p1a: Hatt|43\/100|[from] drain|[of] p2a: Arceus\n|\n|-heal|p1a: Hatt|49\/100|[from] item: Leftovers\n|upkeep\n|turn|21\n|\n|t:|1700405520\n|move|p2a: Arceus|Recover|p2a: Arceus\n|-heal|p2a: Arceus|93\/100\n|move|p1a: Hatt|Draining Kiss|p2a: Arceus\n|-damage|p2a: Arceus|70\/100\n|-heal|p1a: Hatt|73\/100|[from] drain|[of] p2a: Arceus\n|\n|-heal|p1a: Hatt|79\/100|[from] item: Leftovers\n|upkeep\n|turn|22\n|\n|t:|1700405535\n|switch|p2a: Marshadow|Marshadow|100\/100\n|-damage|p2a: Marshadow|94\/100|[from] Stealth Rock\n|move|p1a: Hatt|Calm Mind|p1a: Hatt\n|-boost|p1a: Hatt|spa|1\n|-boost|p1a: Hatt|spd|1\n|\n|-heal|p1a: Hatt|85\/100|[from] item: Leftovers\n|upkeep\n|turn|23\n|\n|t:|1700405546\n|switch|p1a: Fish|Dondozo, M|100\/100\n|move|p2a: Marshadow|Spectral Thief|p1a: Fish\n|-damage|p1a: Fish|62\/100\n|-damage|p2a: Marshadow|84\/100|[from] item: Life Orb\n|\n|-heal|p1a: Fish|68\/100|[from] item: Leftovers\n|upkeep\n|turn|24\n|\n|t:|1700405557\n|switch|p2a: Lugia|Lugia, tera:Steel|100\/100 par\n|move|p1a: Fish|Curse|p1a: Fish\n|-unboost|p1a: Fish|spe|1\n|-boost|p1a: Fish|atk|1\n|-boost|p1a: Fish|def|1\n|\n|-heal|p1a: Fish|74\/100|[from] item: Leftovers\n|upkeep\n|turn|25\n|\n|t:|1700405573\n|switch|p1a: Hatt|Hatterene, F, shiny|85\/100\n|move|p2a: Lugia|Toxic|p1a: Hatt\n|move|p1a: Hatt|Toxic||[from]ability: Magic Bounce|[still]\n|-fail|p1a: Hatt\n|\n|-heal|p1a: Hatt|91\/100|[from] item: Leftovers\n|upkeep\n|turn|26\n|\n|t:|1700405584\n|move|p1a: Hatt|Mystical Fire|p2a: Lugia\n|-supereffective|p2a: Lugia\n|-damage|p2a: Lugia|88\/100 par\n|-unboost|p2a: Lugia|spa|1\n|move|p2a: Lugia|Whirlwind|p1a: Hatt\n|move|p1a: Hatt|Whirlwind|p2a: Lugia|[from]ability: Magic Bounce\n|drag|p2a: Marshadow|Marshadow|84\/100\n|-damage|p2a: Marshadow|78\/100|[from] Stealth Rock\n|\n|-heal|p1a: Hatt|97\/100|[from] item: Leftovers\n|upkeep\n|turn|27\n|\n|t:|1700405602\n|-terastallize|p1a: Hatt|Fighting\n|move|p2a: Marshadow|Spectral Thief|p1a: Hatt\n|-damage|p1a: Hatt|45\/100\n|-damage|p2a: Marshadow|68\/100|[from] item: Life Orb\n|move|p1a: Hatt|Draining Kiss|p2a: Marshadow\n|-supereffective|p2a: Marshadow\n|-damage|p2a: Marshadow|12\/100\n|-heal|p1a: Hatt|87\/100|[from] drain|[of] p2a: Marshadow\n|\n|-heal|p1a: Hatt|93\/100|[from] item: Leftovers\n|upkeep\n|turn|28\n|\n|t:|1700405614\n|switch|p2a: Arceus|Arceus-Fairy|70\/100\n|-damage|p2a: Arceus|58\/100|[from] Stealth Rock\n|switch|p1a: Skarmory|Skarmory, M|100\/100 par\n|\n|upkeep\n|turn|29\n|\n|t:|1700405626\n|switch|p1a: Hatt|Hatterene, F, shiny, tera:Fighting|93\/100\n|move|p2a: Arceus|Stealth Rock|p1a: Hatt\n|move|p1a: Hatt|Stealth Rock||[from]ability: Magic Bounce|[still]\n|-fail|p1a: Hatt\n|\n|-heal|p1a: Hatt|99\/100|[from] item: Leftovers\n|upkeep\n|turn|30\n|\n|t:|1700405640\n|switch|p1a: Skarmory|Skarmory, M|100\/100 par\n|move|p2a: Arceus|Judgment|p1a: Skarmory\n|-resisted|p1a: Skarmory\n|-damage|p1a: Skarmory|70\/100 par\n|\n|upkeep\n|turn|31\n|\n|t:|1700405649\n|move|p2a: Arceus|Stealth Rock|p1a: Skarmory\n|-sidestart|p1: V_m00nLover|move: Stealth Rock\n|move|p1a: Skarmory|Spikes|p2a: Arceus\n|-sidestart|p2: Btaker22|Spikes\n|\n|upkeep\n|turn|32\n|\n|t:|1700405662\n|move|p2a: Arceus|Recover|p2a: Arceus\n|-heal|p2a: Arceus|100\/100\n|cant|p1a: Skarmory|par\n|\n|upkeep\n|turn|33\n|\n|t:|1700405672\n|move|p2a: Arceus|Judgment|p1a: Skarmory\n|-resisted|p1a: Skarmory\n|-damage|p1a: Skarmory|36\/100 par\n|move|p1a: Skarmory|Spikes|p2a: Arceus\n|-sidestart|p2: Btaker22|Spikes\n|\n|upkeep\n|turn|34\n|\n|t:|1700405677\n|move|p2a: Arceus|Judgment|p1a: Skarmory\n|-resisted|p1a: Skarmory\n|-damage|p1a: Skarmory|2\/100 par\n|cant|p1a: Skarmory|par\n|\n|upkeep\n|turn|35\n|\n|t:|1700405683\n|move|p2a: Arceus|Judgment|p1a: Skarmory\n|-resisted|p1a: Skarmory\n|-damage|p1a: Skarmory|0 fnt\n|faint|p1a: Skarmory\n|\n|upkeep\n|\n|t:|1700405691\n|switch|p1a: Fish|Dondozo, M|74\/100\n|-damage|p1a: Fish|62\/100|[from] Stealth Rock\n|turn|36\n|\n|t:|1700405696\n|move|p2a: Arceus|Taunt|p1a: Fish\n|-start|p1a: Fish|move: Taunt\n|cant|p1a: Fish|move: Taunt|Rest\n|\n|-heal|p1a: Fish|68\/100|[from] item: Leftovers\n|upkeep\n|turn|37\n|\n|t:|1700405708\n|switch|p2a: Lugia|Lugia, tera:Steel|88\/100 par\n|move|p1a: Fish|Liquidation|p2a: Lugia\n|-damage|p2a: Lugia|72\/100 par\n|\n|-heal|p1a: Fish|74\/100|[from] item: Leftovers\n|upkeep\n|turn|38\n|\n|t:|1700405719\n|switch|p1a: Hatt|Hatterene, F, shiny, tera:Fighting|99\/100\n|-damage|p1a: Hatt|93\/100|[from] Stealth Rock\n|move|p2a: Lugia|Toxic|p1a: Hatt\n|move|p1a: Hatt|Toxic||[from]ability: Magic Bounce|[still]\n|-fail|p1a: Hatt\n|\n|-heal|p1a: Hatt|99\/100|[from] item: Leftovers\n|upkeep\n|turn|39\n|\n|t:|1700405732\n|switch|p2a: Arceus|Arceus-Fairy|100\/100\n|-damage|p2a: Arceus|88\/100|[from] Stealth Rock\n|-damage|p2a: Arceus|72\/100|[from] Spikes\n|move|p1a: Hatt|Calm Mind|p1a: Hatt\n|-boost|p1a: Hatt|spa|1\n|-boost|p1a: Hatt|spd|1\n|\n|-heal|p1a: Hatt|100\/100|[from] item: Leftovers\n|upkeep\n|turn|40\n|\n|t:|1700405742\n|move|p2a: Arceus|Taunt|p1a: Hatt\n|move|p1a: Hatt|Taunt|p2a: Arceus|[from]ability: Magic Bounce\n|-start|p2a: Arceus|move: Taunt\n|move|p1a: Hatt|Mystical Fire|p2a: Arceus\n|-damage|p2a: Arceus|50\/100\n|-unboost|p2a: Arceus|spa|1\n|\n|upkeep\n|turn|41\n|\n|t:|1700405751\n|move|p2a: Arceus|Judgment|p1a: Hatt\n|-supereffective|p1a: Hatt\n|-damage|p1a: Hatt|51\/100\n|move|p1a: Hatt|Calm Mind|p1a: Hatt\n|-boost|p1a: Hatt|spa|1\n|-boost|p1a: Hatt|spd|1\n|\n|-heal|p1a: Hatt|57\/100|[from] item: Leftovers\n|upkeep\n|turn|42\n|\n|t:|1700405759\n|move|p2a: Arceus|Judgment|p1a: Hatt\n|-supereffective|p1a: Hatt\n|-damage|p1a: Hatt|23\/100\n|move|p1a: Hatt|Draining Kiss|p2a: Arceus\n|-damage|p2a: Arceus|22\/100\n|-heal|p1a: Hatt|51\/100|[from] drain|[of] p2a: Arceus\n|\n|-heal|p1a: Hatt|57\/100|[from] item: Leftovers\n|upkeep\n|turn|43\n|\n|t:|1700405767\n|move|p2a: Arceus|Judgment|p1a: Hatt\n|-supereffective|p1a: Hatt\n|-damage|p1a: Hatt|22\/100\n|move|p1a: Hatt|Draining Kiss|p2a: Arceus\n|-damage|p2a: Arceus|0 fnt\n|-heal|p1a: Hatt|45\/100|[from] drain|[of] p2a: Arceus\n|faint|p2a: Arceus\n|\n|-heal|p1a: Hatt|50\/100|[from] item: Leftovers\n|upkeep\n|\n|t:|1700405777\n|switch|p2a: Ditto|Ditto, shiny|100\/100\n|-damage|p2a: Ditto|88\/100|[from] Stealth Rock\n|-damage|p2a: Ditto|71\/100|[from] Spikes\n|-transform|p2a: Ditto|p1a: Hatt|[from] ability: Imposter\n|turn|44\n|\n|t:|1700405792\n|switch|p1a: Fish|Dondozo, M|74\/100\n|-damage|p1a: Fish|61\/100|[from] Stealth Rock\n|move|p2a: Ditto|Draining Kiss|p1a: Fish\n|-damage|p1a: Fish|46\/100\n|-heal|p2a: Ditto|90\/100|[from] drain|[of] p1a: Fish\n|\n|-heal|p1a: Fish|52\/100|[from] item: Leftovers\n|upkeep\n|turn|45\n|\n|t:|1700405804\n|move|p2a: Ditto|Draining Kiss|p1a: Fish\n|-damage|p1a: Fish|38\/100\n|-heal|p2a: Ditto|100\/100|[from] drain|[of] p1a: Fish\n|move|p1a: Fish|Curse|p1a: Fish\n|-unboost|p1a: Fish|spe|1\n|-boost|p1a: Fish|atk|1\n|-boost|p1a: Fish|def|1\n|\n|-heal|p1a: Fish|44\/100|[from] item: Leftovers\n|upkeep\n|turn|46\n|\n|t:|1700405812\n|move|p2a: Ditto|Draining Kiss|p1a: Fish\n|-damage|p1a: Fish|30\/100\n|move|p1a: Fish|Rest|p1a: Fish\n|-status|p1a: Fish|slp|[from] move: Rest\n|-heal|p1a: Fish|100\/100 slp|[silent]\n|\n|upkeep\n|turn|47\n|\n|t:|1700405820\n|switch|p2a: Lugia|Lugia, tera:Steel|72\/100 par\n|cant|p1a: Fish|slp\n|move|p1a: Fish|Sleep Talk|p1a: Fish\n|move|p1a: Fish|Rest||[from]move: Sleep Talk|[still]\n|-fail|p1a: Fish\n|\n|upkeep\n|turn|48\n|\n|t:|1700405827\n|move|p2a: Lugia|Toxic||[still]\n|-fail|p2a: Lugia\n|cant|p1a: Fish|slp\n|move|p1a: Fish|Sleep Talk|p1a: Fish\n|move|p1a: Fish|Curse|p1a: Fish|[from]move: Sleep Talk\n|-unboost|p1a: Fish|spe|1\n|-boost|p1a: Fish|atk|1\n|-boost|p1a: Fish|def|1\n|\n|upkeep\n|turn|49\n|\n|t:|1700405835\n|-curestatus|p1a: Fish|slp|[msg]\n|move|p1a: Fish|Curse|p1a: Fish\n|-unboost|p1a: Fish|spe|1\n|-boost|p1a: Fish|atk|1\n|-boost|p1a: Fish|def|1\n|move|p2a: Lugia|Whirlwind|p1a: Fish\n|drag|p1a: Lola|Lopunny-Mega, F, shiny|100\/100\n|-damage|p1a: Lola|94\/100|[from] Stealth Rock\n|\n|upkeep\n|turn|50\n|\n|t:|1700405855\n|move|p1a: Lola|Close Combat|p2a: Lugia\n|-supereffective|p2a: Lugia\n|-damage|p2a: Lugia|8\/100 par\n|-unboost|p1a: Lola|def|1\n|-unboost|p1a: Lola|spd|1\n|move|p2a: Lugia|Whirlwind|p1a: Lola\n|drag|p1a: Fish|Dondozo, M|100\/100\n|-damage|p1a: Fish|88\/100|[from] Stealth Rock\n|\n|-heal|p1a: Fish|94\/100|[from] item: Leftovers\n|upkeep\n|turn|51\n|\n|t:|1700405865\n|move|p2a: Lugia|Roost|p2a: Lugia\n|-heal|p2a: Lugia|58\/100 par\n|move|p1a: Fish|Liquidation|p2a: Lugia\n|-damage|p2a: Lugia|42\/100 par\n|\n|-heal|p1a: Fish|99\/100|[from] item: Leftovers\n|upkeep\n|turn|52\n|\n|t:|1700405871\n|move|p2a: Lugia|Roost|p2a: Lugia\n|-heal|p2a: Lugia|92\/100 par\n|move|p1a: Fish|Liquidation|p2a: Lugia\n|-damage|p2a: Lugia|77\/100 par\n|\n|-heal|p1a: Fish|100\/100|[from] item: Leftovers\n|upkeep\n|turn|53\n|\n|t:|1700405878\n|move|p2a: Lugia|Toxic|p1a: Fish\n|-status|p1a: Fish|tox\n|move|p1a: Fish|Curse|p1a: Fish\n|-unboost|p1a: Fish|spe|1\n|-boost|p1a: Fish|atk|1\n|-boost|p1a: Fish|def|1\n|\n|-damage|p1a: Fish|94\/100 tox|[from] psn\n|upkeep\n|turn|54\n|\n|t:|1700405888\n|cant|p2a: Lugia|par\n|move|p1a: Fish|Liquidation|p2a: Lugia\n|-damage|p2a: Lugia|54\/100 par\n|\n|-heal|p1a: Fish|100\/100 tox|[from] item: Leftovers\n|-damage|p1a: Fish|88\/100 tox|[from] psn\n|upkeep\n|turn|55\n|\n|t:|1700405895\n|move|p2a: Lugia|Roost|p2a: Lugia\n|-heal|p2a: Lugia|100\/100 par\n|move|p1a: Fish|Rest|p1a: Fish\n|-status|p1a: Fish|slp|[from] move: Rest\n|-heal|p1a: Fish|100\/100 slp|[silent]\n|\n|upkeep\n|turn|56\n|\n|t:|1700405913\n|switch|p2a: Zacian|Zacian-Crowned|39\/100\n|-damage|p2a: Zacian|33\/100|[from] Stealth Rock\n|-damage|p2a: Zacian|16\/100|[from] Spikes\n|cant|p1a: Fish|slp\n|move|p1a: Fish|Sleep Talk|p1a: Fish\n|move|p1a: Fish|Curse|p1a: Fish|[from]move: Sleep Talk\n|-unboost|p1a: Fish|spe|1\n|-boost|p1a: Fish|atk|1\n|-boost|p1a: Fish|def|1\n|\n|upkeep\n|turn|57\n|\n|t:|1700405927\n|move|p2a: Zacian|Swords Dance|p2a: Zacian\n|-boost|p2a: Zacian|atk|2\n|cant|p1a: Fish|slp\n|move|p1a: Fish|Sleep Talk|p1a: Fish\n|move|p1a: Fish|Rest||[from]move: Sleep Talk|[still]\n|-fail|p1a: Fish\n|\n|upkeep\n|turn|58\n|\n|t:|1700405934\n|move|p2a: Zacian|Wild Charge|p1a: Fish\n|-supereffective|p1a: Fish\n|-damage|p1a: Fish|77\/100 slp\n|-damage|p2a: Zacian|7\/100|[from] Recoil\n|-curestatus|p1a: Fish|slp|[msg]\n|move|p1a: Fish|Liquidation|p2a: Zacian\n|-damage|p2a: Zacian|0 fnt\n|faint|p2a: Zacian\n|\n|-heal|p1a: Fish|84\/100|[from] item: Leftovers\n|upkeep\n|\n|t:|1700405947\n|switch|p2a: Lugia|Lugia, tera:Steel|100\/100 par\n|turn|59\n|\n|t:|1700405953\n|move|p2a: Lugia|Thunder Wave|p1a: Fish|[miss]\n|-miss|p2a: Lugia|p1a: Fish\n|move|p1a: Fish|Liquidation|p2a: Lugia\n|-damage|p2a: Lugia|86\/100 par\n|\n|-heal|p1a: Fish|90\/100|[from] item: Leftovers\n|upkeep\n|turn|60\n|\n|t:|1700405960\n|move|p2a: Lugia|Thunder Wave|p1a: Fish\n|-status|p1a: Fish|par\n|move|p1a: Fish|Liquidation|p2a: Lugia\n|-damage|p2a: Lugia|57\/100 par\n|\n|-heal|p1a: Fish|96\/100 par|[from] item: Leftovers\n|upkeep\n|turn|61\n|\n|t:|1700405967\n|move|p2a: Lugia|Roost|p2a: Lugia\n|-heal|p2a: Lugia|100\/100 par\n|move|p1a: Fish|Rest|p1a: Fish\n|-status|p1a: Fish|slp|[from] move: Rest\n|-heal|p1a: Fish|100\/100 slp|[silent]\n|\n|upkeep\n|turn|62\n|\n|t:|1700405984\n|switch|p2a: Marshadow|Marshadow|12\/100\n|-damage|p2a: Marshadow|6\/100|[from] Stealth Rock\n|-damage|p2a: Marshadow|0 fnt|[from] Spikes\n|faint|p2a: Marshadow\n|cant|p1a: Fish|slp\n|move|p1a: Fish|Sleep Talk|p1a: Fish\n|move|p1a: Fish|Curse|p1a: Fish|[from]move: Sleep Talk\n|-unboost|p1a: Fish|spe|1\n|-boost|p1a: Fish|atk|1\n|-boost|p1a: Fish|def|1\n|\n|upkeep\n|\n|t:|1700405996\n|switch|p2a: Lugia|Lugia, tera:Steel|100\/100 par\n|turn|63\n|\n|t:|1700406003\n|cant|p1a: Fish|slp\n|move|p1a: Fish|Sleep Talk|p1a: Fish\n|move|p1a: Fish|Liquidation|p2a: Lugia|[from]move: Sleep Talk\n|-damage|p2a: Lugia|83\/100 par\n|-unboost|p2a: Lugia|def|1\n|cant|p2a: Lugia|par\n|\n|upkeep\n|turn|64\n|\n|t:|1700406013\n|-curestatus|p1a: Fish|slp|[msg]\n|move|p1a: Fish|Liquidation|p2a: Lugia\n|-damage|p2a: Lugia|50\/100 par\n|move|p2a: Lugia|Whirlwind|p1a: Fish\n|drag|p1a: Hatt|Hatterene, F, shiny, tera:Fighting|50\/100\n|-damage|p1a: Hatt|45\/100|[from] Stealth Rock\n|\n|-heal|p1a: Hatt|50\/100|[from] item: Leftovers\n|upkeep\n|turn|65\n|\n|t:|1700406027\n|move|p2a: Lugia|Roost|p2a: Lugia\n|-heal|p2a: Lugia|99\/100 par\n|move|p1a: Hatt|Mystical Fire|p2a: Lugia\n|-supereffective|p2a: Lugia\n|-damage|p2a: Lugia|74\/100 par\n|-unboost|p2a: Lugia|spa|1\n|\n|-heal|p1a: Hatt|56\/100|[from] item: Leftovers\n|upkeep\n|turn|66\n|\n|t:|1700406038\n|cant|p2a: Lugia|par\n|move|p1a: Hatt|Mystical Fire|p2a: Lugia\n|-supereffective|p2a: Lugia\n|-damage|p2a: Lugia|50\/100 par\n|-unboost|p2a: Lugia|spa|1\n|\n|-heal|p1a: Hatt|62\/100|[from] item: Leftovers\n|upkeep\n|turn|67\n|\n|t:|1700406047\n|move|p2a: Lugia|Roost|p2a: Lugia\n|-heal|p2a: Lugia|100\/100 par\n|move|p1a: Hatt|Mystical Fire|p2a: Lugia\n|-supereffective|p2a: Lugia\n|-damage|p2a: Lugia|89\/100 par\n|-unboost|p2a: Lugia|spa|1\n|\n|-heal|p1a: Hatt|68\/100|[from] item: Leftovers\n|upkeep\n|turn|68\n|\n|t:|1700406055\n|move|p2a: Lugia|Toxic|p1a: Hatt\n|move|p1a: Hatt|Toxic||[from]ability: Magic Bounce|[still]\n|-fail|p1a: Hatt\n|move|p1a: Hatt|Mystical Fire|p2a: Lugia\n|-supereffective|p2a: Lugia\n|-damage|p2a: Lugia|65\/100 par\n|-unboost|p2a: Lugia|spa|1\n|\n|-heal|p1a: Hatt|74\/100|[from] item: Leftovers\n|upkeep\n|turn|69\n|\n|t:|1700406069\n|move|p1a: Hatt|Mystical Fire|p2a: Lugia\n|-supereffective|p2a: Lugia\n|-damage|p2a: Lugia|37\/100 par\n|-unboost|p2a: Lugia|spa|1\n|move|p2a: Lugia|Whirlwind|p1a: Hatt\n|move|p1a: Hatt|Whirlwind|p2a: Lugia|[from]ability: Magic Bounce\n|drag|p2a: Ditto|Ditto, shiny|100\/100\n|-damage|p2a: Ditto|88\/100|[from] Stealth Rock\n|-damage|p2a: Ditto|71\/100|[from] Spikes\n|-transform|p2a: Ditto|p1a: Hatt|[from] ability: Imposter\n|\n|-heal|p1a: Hatt|80\/100|[from] item: Leftovers\n|upkeep\n|turn|70\n|\n|t:|1700406096\n|switch|p1a: Fish|Dondozo, M|100\/100\n|-damage|p1a: Fish|88\/100|[from] Stealth Rock\n|move|p2a: Ditto|Draining Kiss|p1a: Fish\n|-damage|p1a: Fish|74\/100\n|-heal|p2a: Ditto|89\/100|[from] drain|[of] p1a: Fish\n|\n|-heal|p1a: Fish|80\/100|[from] item: Leftovers\n|upkeep\n|turn|71\n|\n|t:|1700406110\n|move|p2a: Ditto|Draining Kiss|p1a: Fish\n|-damage|p1a: Fish|65\/100\n|-heal|p2a: Ditto|100\/100|[from] drain|[of] p1a: Fish\n|move|p1a: Fish|Curse|p1a: Fish\n|-unboost|p1a: Fish|spe|1\n|-boost|p1a: Fish|atk|1\n|-boost|p1a: Fish|def|1\n|\n|-heal|p1a: Fish|71\/100|[from] item: Leftovers\n|upkeep\n|turn|72\n|\n|t:|1700406118\n|move|p2a: Ditto|Draining Kiss|p1a: Fish\n|-damage|p1a: Fish|58\/100\n|move|p1a: Fish|Curse|p1a: Fish\n|-unboost|p1a: Fish|spe|1\n|-boost|p1a: Fish|atk|1\n|-boost|p1a: Fish|def|1\n|\n|-heal|p1a: Fish|64\/100|[from] item: Leftovers\n|upkeep\n|turn|73\n|\n|t:|1700406126\n|move|p2a: Ditto|Draining Kiss|p1a: Fish\n|-damage|p1a: Fish|49\/100\n|move|p1a: Fish|Curse|p1a: Fish\n|-unboost|p1a: Fish|spe|1\n|-boost|p1a: Fish|atk|1\n|-boost|p1a: Fish|def|1\n|\n|-heal|p1a: Fish|55\/100|[from] item: Leftovers\n|upkeep\n|turn|74\n|\n|t:|1700406136\n|move|p2a: Ditto|Draining Kiss|p1a: Fish\n|-damage|p1a: Fish|42\/100\n|move|p1a: Fish|Curse|p1a: Fish\n|-unboost|p1a: Fish|spe|1\n|-boost|p1a: Fish|atk|1\n|-boost|p1a: Fish|def|1\n|\n|-heal|p1a: Fish|48\/100|[from] item: Leftovers\n|upkeep\n|turn|75\n|\n|t:|1700406145\n|switch|p2a: Lugia|Lugia, tera:Steel|37\/100 par\n|move|p1a: Fish|Rest|p1a: Fish\n|-status|p1a: Fish|slp|[from] move: Rest\n|-heal|p1a: Fish|100\/100 slp|[silent]\n|\n|upkeep\n|turn|76\n|\n|t:|1700406154\n|move|p2a: Lugia|Roost|p2a: Lugia\n|-heal|p2a: Lugia|87\/100 par\n|cant|p1a: Fish|slp\n|move|p1a: Fish|Sleep Talk|p1a: Fish\n|move|p1a: Fish|Rest||[from]move: Sleep Talk|[still]\n|-fail|p1a: Fish\n|\n|upkeep\n|turn|77\n|\n|t:|1700406167\n|cant|p1a: Fish|slp\n|move|p1a: Fish|Sleep Talk|p1a: Fish\n|move|p1a: Fish|Curse|p1a: Fish|[from]move: Sleep Talk\n|-unboost|p1a: Fish|spe|1\n|-boost|p1a: Fish|atk|1\n|-boost|p1a: Fish|def|1\n|cant|p2a: Lugia|par\n|\n|upkeep\n|turn|78\n|\n|t:|1700406175\n|move|p2a: Lugia|Thunder Wave||[still]\n|-fail|p2a: Lugia\n|-curestatus|p1a: Fish|slp|[msg]\n|move|p1a: Fish|Liquidation|p2a: Lugia\n|-damage|p2a: Lugia|33\/100 par\n|\n|upkeep\n|turn|79\n|\n|t:|1700406186\n|switch|p1a: Lola|Lopunny-Mega, F, shiny|94\/100\n|-damage|p1a: Lola|88\/100|[from] Stealth Rock\n|move|p2a: Lugia|Thunder Wave|p1a: Lola|[miss]\n|-miss|p2a: Lugia|p1a: Lola\n|\n|upkeep\n|turn|80\n|\n|t:|1700406197\n|switch|p2a: Ditto|Ditto, shiny|100\/100\n|-damage|p2a: Ditto|88\/100|[from] Stealth Rock\n|-damage|p2a: Ditto|71\/100|[from] Spikes\n|-transform|p2a: Ditto|p1a: Lola|[from] ability: Imposter\n|move|p1a: Lola|Close Combat|p2a: Ditto\n|-supereffective|p2a: Ditto\n|-damage|p2a: Ditto|0 fnt\n|-unboost|p1a: Lola|def|1\n|-unboost|p1a: Lola|spd|1\n|faint|p2a: Ditto\n|\n|upkeep\n|\n|t:|1700406208\n|switch|p2a: Lugia|Lugia, tera:Steel|33\/100 par\n|turn|81\n|\n|t:|1700406216\n|move|p1a: Lola|Close Combat|p2a: Lugia\n|-supereffective|p2a: Lugia\n|-damage|p2a: Lugia|0 fnt\n|-unboost|p1a: Lola|def|1\n|-unboost|p1a: Lola|spd|1\n|faint|p2a: Lugia\n|\n|win|V_m00nLover\n|raw|V_m00nLover's rating: 1401 &rarr; <strong>1420<\/strong><br \/>(+19 for winning)\n|raw|Btaker22's rating: 1377 &rarr; <strong>1358<\/strong><br \/>(-19 for losing)\n|c|\u2606V_m00nLover|gg.\n|c|\u2606Btaker22|gg\n|l|\u2606Btaker22\n","uploadtime":1700406235,"views":6,"p1id":"vm00nlover","p2id":"btaker22","formatid":"gen9nationaldexubers","rating":1358,"private":0,"password":""}