{"id":"gen9nationaldexubers-1999727100","p1":"R0w13t","p2":"hightopfade69","format":"[Gen 9] National Dex Ubers","log":"|j|\u2606R0w13t\n|j|\u203dhightopfade69\n|t:|1701111347\n|gametype|singles\n|player|p1|R0w13t|ingo|1236\n|player|p2|hightopfade69|1|1265\n|teamsize|p1|6\n|teamsize|p2|6\n|gen|9\n|tier|[Gen 9] National Dex Ubers\n|rated|\n|rule|HP Percentage Mod: HP is shown in percentages\n|rule|Endless Battle Clause: Forcing endless battles is banned\n|rule|OHKO Clause: OHKO moves are banned\n|rule|Evasion Moves Clause: Evasion moves are banned\n|rule|Evasion Items Clause: Evasion items are banned\n|rule|Species Clause: Limit one of each Pok\u00e9mon\n|rule|Sleep Clause Mod: Limit one foe put to sleep\n|rule|Mega Rayquaza Clause: You cannot mega evolve Rayquaza\n|clearpoke\n|poke|p1|Mewtwo|\n|poke|p1|Glimmora, F|\n|poke|p1|Zygarde-10%|\n|poke|p1|Iron Bundle|\n|poke|p1|Zacian-*|\n|poke|p1|Togedemaru, L1, F|\n|poke|p2|Palafin, M|\n|poke|p2|Mewtwo|\n|poke|p2|Annihilape, M|\n|poke|p2|Gholdengo|\n|poke|p2|Ninetales-Alola, F|\n|poke|p2|Kyurem-Black|\n|teampreview\n|\n|t:|1701111363\n|start\n|switch|p1a: Iron Bundle|Iron Bundle|100\/100\n|switch|p2a: Palafin|Palafin, M|100\/100\n|-enditem|p1a: Iron Bundle|Booster Energy\n|-activate|p1a: Iron Bundle|ability: Quark Drive|[fromitem]\n|-start|p1a: Iron Bundle|quarkdrivespe\n|turn|1\n|\n|t:|1701111382\n|-terastallize|p1a: Iron Bundle|Ice\n|move|p1a: Iron Bundle|Freeze-Dry|p2a: Palafin\n|-supereffective|p2a: Palafin\n|-damage|p2a: Palafin|0 fnt\n|faint|p2a: Palafin\n|\n|upkeep\n|\n|t:|1701111388\n|switch|p2a: Ninetales|Ninetales-Alola, F|100\/100\n|-weather|Snow|[from] ability: Snow Warning|[of] p2a: Ninetales\n|turn|2\n|\n|t:|1701111392\n|move|p1a: Iron Bundle|Taunt|p2a: Ninetales\n|-start|p2a: Ninetales|move: Taunt\n|cant|p2a: Ninetales|move: Taunt|Aurora Veil\n|\n|-weather|Snow|[upkeep]\n|upkeep\n|turn|3\n|\n|t:|1701111399\n|move|p1a: Iron Bundle|Hydro Pump|p2a: Ninetales\n|-damage|p2a: Ninetales|35\/100\n|move|p2a: Ninetales|Moonblast|p1a: Iron Bundle\n|-damage|p1a: Iron Bundle|34\/100\n|-unboost|p1a: Iron Bundle|spa|1\n|\n|-weather|Snow|[upkeep]\n|upkeep\n|turn|4\n|\n|t:|1701111408\n|move|p1a: Iron Bundle|Hydro Pump|p2a: Ninetales\n|-damage|p2a: Ninetales|0 fnt\n|faint|p2a: Ninetales\n|\n|-weather|Snow|[upkeep]\n|upkeep\n|\n|t:|1701111411\n|switch|p2a: Mewtwo|Mewtwo|100\/100\n|-ability|p2a: Mewtwo|Pressure\n|turn|5\n|\n|t:|1701111419\n|detailschange|p2a: Mewtwo|Mewtwo-Mega-Y\n|-mega|p2a: Mewtwo|Mewtwo|Mewtwonite Y\n|move|p1a: Iron Bundle|Hydro Pump|p2a: Mewtwo\n|-damage|p2a: Mewtwo|72\/100\n|move|p2a: Mewtwo|Earth Power|p1a: Iron Bundle\n|-damage|p1a: Iron Bundle|0 fnt\n|faint|p1a: Iron Bundle\n|-end|p1a: Iron Bundle|Quark Drive|[silent]\n|\n|-weather|Snow|[upkeep]\n|upkeep\n|inactive|Battle timer is ON: inactive players will automatically lose when time's up. (requested by hightopfade69)\n|\n|t:|1701111441\n|switch|p1a: Zygarde|Zygarde-10%, shiny|100\/100\n|turn|6\n|\n|t:|1701111445\n|move|p2a: Mewtwo|Future Sight|p1a: Zygarde\n|-start|p2a: Mewtwo|move: Future Sight\n|move|p1a: Zygarde|Dragon Dance|p1a: Zygarde\n|-boost|p1a: Zygarde|atk|1\n|-boost|p1a: Zygarde|spe|1\n|\n|-weather|none\n|upkeep\n|turn|7\n|\n|t:|1701111452\n|switch|p2a: Annihilape|Annihilape, M|100\/100\n|move|p1a: Zygarde|Dragon Dance|p1a: Zygarde\n|-boost|p1a: Zygarde|atk|1\n|-boost|p1a: Zygarde|spe|1\n|\n|upkeep\n|turn|8\n|\n|t:|1701111460\n|move|p1a: Zygarde|Dragon Dance|p1a: Zygarde\n|-boost|p1a: Zygarde|atk|1\n|-boost|p1a: Zygarde|spe|1\n|move|p2a: Annihilape|Ice Punch|p1a: Zygarde\n|-supereffective|p1a: Zygarde\n|-enditem|p1a: Zygarde|Focus Sash\n|-damage|p1a: Zygarde|1\/100\n|\n|-end|p1a: Zygarde|move: Future Sight\n|-damage|p1a: Zygarde|0 fnt\n|faint|p1a: Zygarde\n|upkeep\n|\n|t:|1701111473\n|switch|p1a: Glimmora|Glimmora, F|100\/100\n|turn|9\n|\n|t:|1701111480\n|move|p1a: Glimmora|Spikes|p2a: Annihilape\n|-sidestart|p2: hightopfade69|Spikes\n|move|p2a: Annihilape|Bulk Up|p2a: Annihilape\n|-boost|p2a: Annihilape|atk|1\n|-boost|p2a: Annihilape|def|1\n|\n|upkeep\n|turn|10\n|\n|t:|1701111486\n|move|p1a: Glimmora|Toxic|p2a: Annihilape\n|-status|p2a: Annihilape|tox\n|move|p2a: Annihilape|Bulk Up|p2a: Annihilape\n|-boost|p2a: Annihilape|atk|1\n|-boost|p2a: Annihilape|def|1\n|\n|-damage|p2a: Annihilape|94\/100 tox|[from] psn\n|upkeep\n|turn|11\n|\n|t:|1701111495\n|move|p1a: Glimmora|Spikes|p2a: Annihilape\n|-sidestart|p2: hightopfade69|Spikes\n|move|p2a: Annihilape|Drain Punch|p1a: Glimmora\n|-damage|p1a: Glimmora|39\/100\n|-heal|p2a: Annihilape|100\/100 tox|[from] drain|[of] p1a: Glimmora\n|-activate|p1a: Glimmora|ability: Toxic Debris\n|-sidestart|p2: hightopfade69|move: Toxic Spikes\n|\n|-damage|p2a: Annihilape|88\/100 tox|[from] psn\n|upkeep\n|turn|12\n|\n|t:|1701111506\n|move|p1a: Glimmora|Earth Power|p2a: Annihilape\n|-damage|p2a: Annihilape|66\/100 tox\n|move|p2a: Annihilape|Drain Punch|p1a: Glimmora\n|-damage|p1a: Glimmora|0 fnt\n|-heal|p2a: Annihilape|83\/100 tox|[from] drain|[of] p1a: Glimmora\n|-activate|p1a: Glimmora|ability: Toxic Debris\n|-sidestart|p2: hightopfade69|move: Toxic Spikes\n|faint|p1a: Glimmora\n|\n|-damage|p2a: Annihilape|65\/100 tox|[from] psn\n|upkeep\n|\n|t:|1701111518\n|switch|p1a: Togedemaru|Togedemaru, L1, F, shiny|100\/100\n|turn|13\n|\n|t:|1701111525\n|move|p1a: Togedemaru|Spiky Shield|p1a: Togedemaru\n|-singleturn|p1a: Togedemaru|move: Protect\n|move|p2a: Annihilape|Drain Punch|p1a: Togedemaru\n|-activate|p1a: Togedemaru|move: Protect\n|\n|-damage|p2a: Annihilape|40\/100 tox|[from] psn\n|upkeep\n|turn|14\n|\n|t:|1701111543\n|switch|p2a: Kyurem|Kyurem-Black|100\/100\n|-damage|p2a: Kyurem|84\/100|[from] Spikes\n|-status|p2a: Kyurem|tox\n|-ability|p2a: Kyurem|Teravolt\n|switch|p1a: Zacian|Zacian-Crowned, shiny|100\/100\n|-ability|p1a: Zacian|Intrepid Sword|boost\n|-boost|p1a: Zacian|atk|1\n|\n|-damage|p2a: Kyurem|78\/100 tox|[from] psn\n|upkeep\n|turn|15\n|\n|t:|1701111562\n|switch|p2a: Gholdengo|Gholdengo|100\/100\n|-damage|p2a: Gholdengo|84\/100|[from] Spikes\n|move|p1a: Zacian|Behemoth Blade|p2a: Gholdengo\n|-resisted|p2a: Gholdengo\n|-damage|p2a: Gholdengo|46\/100\n|\n|-heal|p2a: Gholdengo|52\/100|[from] item: Leftovers\n|upkeep\n|turn|16\n|\n|t:|1701111574\n|move|p1a: Zacian|Behemoth Blade|p2a: Gholdengo\n|-resisted|p2a: Gholdengo\n|-damage|p2a: Gholdengo|12\/100\n|move|p2a: Gholdengo|Thunder Wave|p1a: Zacian\n|-status|p1a: Zacian|par\n|\n|-heal|p2a: Gholdengo|18\/100|[from] item: Leftovers\n|upkeep\n|turn|17\n|\n|t:|1701111583\n|move|p1a: Zacian|Behemoth Blade|p2a: Gholdengo\n|-resisted|p2a: Gholdengo\n|-damage|p2a: Gholdengo|0 fnt\n|faint|p2a: Gholdengo\n|\n|upkeep\n|\n|t:|1701111590\n|switch|p2a: Mewtwo|Mewtwo-Mega-Y|72\/100\n|-damage|p2a: Mewtwo|56\/100|[from] Spikes\n|-status|p2a: Mewtwo|tox\n|turn|18\n|\n|t:|1701111597\n|move|p2a: Mewtwo|Earth Power|p1a: Zacian\n|-supereffective|p1a: Zacian\n|-crit|p1a: Zacian\n|-damage|p1a: Zacian|0 fnt\n|faint|p1a: Zacian\n|\n|-damage|p2a: Mewtwo|50\/100 tox|[from] psn\n|upkeep\n|\n|t:|1701111605\n|switch|p1a: Mewtwo|Mewtwo, shiny|100\/100\n|-ability|p1a: Mewtwo|Pressure\n|turn|19\n|\n|t:|1701111611\n|move|p2a: Mewtwo|Future Sight|p1a: Mewtwo\n|-start|p2a: Mewtwo|move: Future Sight\n|move|p1a: Mewtwo|Psystrike|p2a: Mewtwo\n|-resisted|p2a: Mewtwo\n|-damage|p2a: Mewtwo|4\/100 tox\n|-damage|p1a: Mewtwo|91\/100|[from] item: Life Orb\n|\n|-damage|p2a: Mewtwo|0 fnt|[from] psn\n|faint|p2a: Mewtwo\n|upkeep\n|\n|t:|1701111621\n|switch|p2a: Kyurem|Kyurem-Black|78\/100 tox\n|-damage|p2a: Kyurem|61\/100 tox|[from] Spikes\n|-ability|p2a: Kyurem|Teravolt\n|turn|20\n|\n|t:|1701111630\n|move|p1a: Mewtwo|Aura Sphere|p2a: Kyurem\n|-supereffective|p2a: Kyurem\n|-damage|p2a: Kyurem|0 fnt\n|faint|p2a: Kyurem\n|-damage|p1a: Mewtwo|81\/100|[from] item: Life Orb\n|\n|upkeep\n|\n|t:|1701111633\n|switch|p2a: Annihilape|Annihilape, M|40\/100 tox\n|-damage|p2a: Annihilape|24\/100 tox|[from] Spikes\n|turn|21\n|\n|t:|1701111642\n|move|p1a: Mewtwo|Psystrike|p2a: Annihilape\n|-supereffective|p2a: Annihilape\n|-damage|p2a: Annihilape|0 fnt\n|faint|p2a: Annihilape\n|-damage|p1a: Mewtwo|71\/100|[from] item: Life Orb\n|\n|win|R0w13t\n|raw|R0w13t's rating: 1236 &rarr; <strong>1263<\/strong><br \/>(+27 for winning)\n|raw|hightopfade69's rating: 1265 &rarr; <strong>1238<\/strong><br \/>(-27 for losing)\n","uploadtime":1701111647,"views":1,"p1id":"r0w13t","p2id":"hightopfade69","formatid":"gen9nationaldexubers","rating":1238,"private":0,"password":""}