{"id":"gen9nationaldexubers-1998397896","p1":"elitextreeza","p2":"freezybreezy","format":"[Gen 9] National Dex Ubers","log":"|j|\u2606elitextreeza\n|j|\u2606freezybreezy\n|t:|1700937817\n|gametype|singles\n|player|p1|elitextreeza|1|1362\n|player|p2|freezybreezy|sabrina|1423\n|teamsize|p1|6\n|teamsize|p2|6\n|gen|9\n|tier|[Gen 9] National Dex Ubers\n|rated|\n|rule|HP Percentage Mod: HP is shown in percentages\n|rule|Endless Battle Clause: Forcing endless battles is banned\n|rule|OHKO Clause: OHKO moves are banned\n|rule|Evasion Moves Clause: Evasion moves are banned\n|rule|Evasion Items Clause: Evasion items are banned\n|rule|Species Clause: Limit one of each Pok\u00e9mon\n|rule|Sleep Clause Mod: Limit one foe put to sleep\n|rule|Mega Rayquaza Clause: You cannot mega evolve Rayquaza\n|clearpoke\n|poke|p1|Uxie|\n|poke|p1|Slowbro-Galar, F|\n|poke|p1|Groudon|\n|poke|p1|Maushold-Four|\n|poke|p1|Zacian-*|\n|poke|p1|Marshadow|\n|poke|p2|Lokix, M|\n|poke|p2|Deoxys-Attack|\n|poke|p2|Ribombee, M|\n|poke|p2|Ho-Oh|\n|poke|p2|Iron Bundle|\n|poke|p2|Ursaluna-Bloodmoon, M|\n|teampreview\n|c|\u2606elitextreeza|glhf\n|\n|t:|1700937824\n|start\n|switch|p1a: Uxie|Uxie|100\/100\n|switch|p2a: Ho-Oh|Ho-Oh|100\/100\n|turn|1\n|\n|t:|1700937831\n|move|p1a: Uxie|Reflect|p1a: Uxie\n|-sidestart|p1: elitextreeza|Reflect\n|move|p2a: Ho-Oh|Sacred Fire|p1a: Uxie\n|-damage|p1a: Uxie|78\/100\n|-status|p1a: Uxie|brn\n|\n|-damage|p1a: Uxie|72\/100 brn|[from] brn\n|upkeep\n|turn|2\n|\n|t:|1700937840\n|move|p1a: Uxie|Light Screen|p1a: Uxie\n|-sidestart|p1: elitextreeza|move: Light Screen\n|move|p2a: Ho-Oh|Whirlwind|p1a: Uxie\n|drag|p1a: Maushold|Maushold-Four|100\/100\n|\n|upkeep\n|turn|3\n|inactive|Battle timer is ON: inactive players will automatically lose when time's up. (requested by freezybreezy)\n|\n|t:|1700937845\n|move|p1a: Maushold|Population Bomb|p2a: Ho-Oh\n|-damage|p2a: Ho-Oh|90\/100\n|-damage|p2a: Ho-Oh|80\/100\n|-damage|p2a: Ho-Oh|71\/100\n|-damage|p2a: Ho-Oh|61\/100\n|-damage|p2a: Ho-Oh|51\/100\n|-crit|p2a: Ho-Oh\n|-damage|p2a: Ho-Oh|36\/100\n|-damage|p2a: Ho-Oh|26\/100\n|-hitcount|p2a: Ho-Oh|7\n|move|p2a: Ho-Oh|Sacred Fire|p1a: Maushold\n|-damage|p1a: Maushold|59\/100\n|-status|p1a: Maushold|brn\n|\n|-damage|p1a: Maushold|53\/100 brn|[from] brn\n|upkeep\n|turn|4\n|\n|t:|1700937850\n|switch|p2a: Ursaluna|Ursaluna-Bloodmoon, M|100\/100\n|move|p1a: Maushold|Population Bomb|p2a: Ursaluna\n|-damage|p2a: Ursaluna|96\/100\n|-damage|p2a: Ursaluna|92\/100\n|-damage|p2a: Ursaluna|87\/100\n|-hitcount|p2a: Ursaluna|3\n|\n|-heal|p2a: Ursaluna|93\/100|[from] item: Leftovers\n|-damage|p1a: Maushold|47\/100 brn|[from] brn\n|upkeep\n|turn|5\n|\n|t:|1700937859\n|switch|p1a: Uxie|Uxie|72\/100 brn\n|move|p2a: Ursaluna|Earth Power|p1a: Uxie\n|-immune|p1a: Uxie|[from] ability: Levitate\n|\n|-heal|p2a: Ursaluna|99\/100|[from] item: Leftovers\n|-damage|p1a: Uxie|66\/100 brn|[from] brn\n|upkeep\n|turn|6\n|\n|t:|1700937863\n|move|p1a: Uxie|Yawn|p2a: Ursaluna\n|-start|p2a: Ursaluna|move: Yawn|[of] p1a: Uxie\n|move|p2a: Ursaluna|Blood Moon|p1a: Uxie\n|-damage|p1a: Uxie|32\/100 brn\n|\n|-heal|p2a: Ursaluna|100\/100|[from] item: Leftovers\n|-damage|p1a: Uxie|26\/100 brn|[from] brn\n|upkeep\n|turn|7\n|\n|t:|1700937872\n|switch|p1a: Slowbro|Slowbro-Galar, F|100\/100\n|switch|p2a: Ho-Oh|Ho-Oh|59\/100\n|\n|upkeep\n|turn|8\n|-activate|p1a: Slowbro|item: Quick Claw\n|\n|t:|1700937881\n|move|p1a: Slowbro|Poison Jab|p2a: Ho-Oh\n|-crit|p2a: Ho-Oh\n|-damage|p2a: Ho-Oh|9\/100\n|-status|p2a: Ho-Oh|psn\n|move|p2a: Ho-Oh|Sacred Fire|p1a: Slowbro\n|-damage|p1a: Slowbro|73\/100\n|-status|p1a: Slowbro|brn\n|\n|-damage|p2a: Ho-Oh|0 fnt|[from] psn\n|faint|p2a: Ho-Oh\n|-damage|p1a: Slowbro|67\/100 brn|[from] brn\n|-sideend|p1: elitextreeza|Reflect\n|upkeep\n|c|\u2606elitextreeza|Dammit\n|\n|t:|1700937891\n|switch|p2a: Ribombee|Ribombee, M|100\/100\n|turn|9\n|\n|t:|1700937895\n|move|p2a: Ribombee|Sticky Web|p1a: Slowbro\n|-sidestart|p1: elitextreeza|move: Sticky Web\n|move|p1a: Slowbro|Poison Jab|p2a: Ribombee\n|-supereffective|p2a: Ribombee\n|-damage|p2a: Ribombee|20\/100\n|\n|-damage|p1a: Slowbro|61\/100 brn|[from] brn\n|-sideend|p1: elitextreeza|move: Light Screen\n|upkeep\n|turn|10\n|-activate|p1a: Slowbro|ability: Quick Draw\n|\n|t:|1700937902\n|move|p1a: Slowbro|Poison Jab|p2a: Ribombee\n|-supereffective|p2a: Ribombee\n|-damage|p2a: Ribombee|0 fnt\n|faint|p2a: Ribombee\n|\n|-damage|p1a: Slowbro|55\/100 brn|[from] brn\n|upkeep\n|\n|t:|1700937905\n|switch|p2a: Ursaluna|Ursaluna-Bloodmoon, M|100\/100\n|turn|11\n|\n|t:|1700937911\n|switch|p1a: Uxie|Uxie|26\/100 brn\n|move|p2a: Ursaluna|Earth Power|p1a: Uxie\n|-immune|p1a: Uxie|[from] ability: Levitate\n|\n|-damage|p1a: Uxie|19\/100 brn|[from] brn\n|upkeep\n|turn|12\n|\n|t:|1700937914\n|move|p2a: Ursaluna|Vacuum Wave|p1a: Uxie\n|-resisted|p1a: Uxie\n|-damage|p1a: Uxie|14\/100 brn\n|move|p1a: Uxie|Reflect|p1a: Uxie\n|-sidestart|p1: elitextreeza|Reflect\n|\n|-damage|p1a: Uxie|8\/100 brn|[from] brn\n|upkeep\n|turn|13\n|\n|t:|1700937918\n|move|p2a: Ursaluna|Vacuum Wave|p1a: Uxie\n|-resisted|p1a: Uxie\n|-damage|p1a: Uxie|2\/100 brn\n|move|p1a: Uxie|Light Screen|p1a: Uxie\n|-sidestart|p1: elitextreeza|move: Light Screen\n|\n|-damage|p1a: Uxie|0 fnt|[from] brn\n|faint|p1a: Uxie\n|upkeep\n|\n|t:|1700937921\n|switch|p1a: Maushold|Maushold-Four|47\/100 brn\n|-activate|p1a: Maushold|move: Sticky Web\n|-unboost|p1a: Maushold|spe|1\n|turn|14\n|\n|t:|1700937925\n|move|p2a: Ursaluna|Vacuum Wave|p1a: Maushold\n|-supereffective|p1a: Maushold\n|-damage|p1a: Maushold|22\/100 brn\n|move|p1a: Maushold|Tidy Up|p1a: Maushold\n|-sideend|p1: elitextreeza|Sticky Web\n|-activate|p1a: Maushold|move: Tidy Up\n|-boost|p1a: Maushold|atk|1\n|-boost|p1a: Maushold|spe|1\n|\n|-damage|p1a: Maushold|15\/100 brn|[from] brn\n|upkeep\n|turn|15\n|\n|t:|1700937938\n|-terastallize|p1a: Maushold|Ghost\n|move|p1a: Maushold|Encore|p2a: Ursaluna\n|-start|p2a: Ursaluna|Encore\n|move|p2a: Ursaluna|Vacuum Wave|p1a: Maushold\n|-damage|p1a: Maushold|4\/100 brn\n|\n|-damage|p1a: Maushold|0 fnt|[from] brn\n|faint|p1a: Maushold\n|upkeep\n|c|\u2606elitextreeza|!DT Vacuum Wave\n|raw|<ul class=\"utilichart\"><li class=\"result\"><span class=\"col movenamecol\"><a href=\"https:\/\/dex.pokemonshowdown.com\/moves\/vacuumwave\">Vacuum Wave<\/a><\/span> <span class=\"col typecol\"><img src=\"\/\/play.pokemonshowdown.com\/sprites\/types\/Fighting.png\" alt=\"Fighting\" width=\"32\" height=\"14\"><img src=\"\/\/play.pokemonshowdown.com\/sprites\/categories\/Special.png\" alt=\"Special\" width=\"32\" height=\"14\"><\/span> <span class=\"col labelcol\"><em>Power<\/em><br>40<\/span> <span class=\"col widelabelcol\"><em>Accuracy<\/em><br>100%<\/span> <span class=\"col pplabelcol\"><em>PP<\/em><br>48<\/span> <span class=\"col movedesccol\">Usually goes first.<\/span> <\/li><li style=\"clear:both\"><\/li><\/ul>\n|raw|<font size=\"1\"><font color=\"#686868\">Priority:<\/font> 1&nbsp;|&ThickSpace;<font color=\"#686868\">Gen:<\/font> 4&nbsp;|&ThickSpace;<font color=\"#686868\">Z-Power:<\/font> 100&nbsp;|&ThickSpace;<font color=\"#686868\">Dynamax Power:<\/font> 70&nbsp;|&ThickSpace;<font color=\"#686868\">Target:<\/font> One Adjacent Pok\u00e9mon<\/font>\n\n|c|\u2606freezybreezy|Bro\n|c|\u2606freezybreezy|can you read\n|c|\u2606elitextreeza|What\n|c|\u2606freezybreezy|The  ability genius\n|inactive|elitextreeza has 120 seconds left.\n|c|\u2606elitextreeza|!DT Minds eye\n|raw|<ul class=\"utilichart\"><li class=\"result\"><span class=\"col namecol\"><a href=\"https:\/\/dex.pokemonshowdown.com\/abilities\/mindseye\">Mind's Eye<\/a><\/span> <span class=\"col abilitydesccol\">Fighting, Normal moves hit Ghost. Accuracy can't be lowered, ignores evasiveness.<\/span> <\/li><li style=\"clear:both\"><\/li><\/ul>\n|raw|<font size=\"1\"><font color=\"#686868\">Gen:<\/font> 9<\/font>\n\n|c|\u2606elitextreeza|LOL\n|c|\u2606elitextreeza|Damn\n|c|\u2606elitextreeza|That's crazy\n|c|\u2606freezybreezy|It\u2019s chill I lose to zacian anyway\n|\n|t:|1700937990\n|switch|p1a: Slowbro|Slowbro-Galar, F|55\/100 brn\n|turn|16\n|-activate|p1a: Slowbro|item: Quick Claw\n|\n|t:|1700937999\n|move|p2a: Ursaluna|Vacuum Wave|p1a: Slowbro\n|-resisted|p1a: Slowbro\n|-crit|p1a: Slowbro\n|-damage|p1a: Slowbro|48\/100 brn\n|move|p1a: Slowbro|Drain Punch|p2a: Ursaluna\n|-supereffective|p2a: Ursaluna\n|-damage|p2a: Ursaluna|80\/100\n|-heal|p1a: Slowbro|58\/100 brn|[from] drain|[of] p2a: Ursaluna\n|\n|-heal|p2a: Ursaluna|86\/100|[from] item: Leftovers\n|-damage|p1a: Slowbro|52\/100 brn|[from] brn\n|upkeep\n|turn|17\n|\n|t:|1700938003\n|move|p2a: Ursaluna|Vacuum Wave|p1a: Slowbro\n|-resisted|p1a: Slowbro\n|-damage|p1a: Slowbro|49\/100 brn\n|move|p1a: Slowbro|Drain Punch|p2a: Ursaluna\n|-supereffective|p2a: Ursaluna\n|-damage|p2a: Ursaluna|69\/100\n|-heal|p1a: Slowbro|57\/100 brn|[from] drain|[of] p2a: Ursaluna\n|\n|-heal|p2a: Ursaluna|75\/100|[from] item: Leftovers\n|-damage|p1a: Slowbro|51\/100 brn|[from] brn\n|-end|p2a: Ursaluna|Encore\n|upkeep\n|turn|18\n|\n|t:|1700938005\n|move|p2a: Ursaluna|Protect|p2a: Ursaluna\n|-singleturn|p2a: Ursaluna|Protect\n|move|p1a: Slowbro|Drain Punch|p2a: Ursaluna\n|-activate|p2a: Ursaluna|move: Protect\n|\n|-heal|p2a: Ursaluna|81\/100|[from] item: Leftovers\n|-damage|p1a: Slowbro|45\/100 brn|[from] brn\n|upkeep\n|turn|19\n|\n|t:|1700938012\n|move|p2a: Ursaluna|Earth Power|p1a: Slowbro\n|-supereffective|p1a: Slowbro\n|-damage|p1a: Slowbro|0 fnt\n|faint|p1a: Slowbro\n|\n|-heal|p2a: Ursaluna|88\/100|[from] item: Leftovers\n|-sideend|p1: elitextreeza|Reflect\n|upkeep\n|inactive|elitextreeza has 120 seconds left.\n|c|\u2606elitextreeza|Yeah that was super dumb in hindsight\n|c|\u2606elitextreeza|I can't tera flying Zacian now\n|\n|t:|1700938043\n|switch|p1a: Zacian|Zacian-Crowned|100\/100\n|-ability|p1a: Zacian|Intrepid Sword|boost\n|-boost|p1a: Zacian|atk|1\n|turn|20\n|c|\u2606freezybreezy|It\u2019s ok lol\n|\n|t:|1700938048\n|move|p1a: Zacian|Play Rough|p2a: Ursaluna|[miss]\n|-miss|p1a: Zacian|p2a: Ursaluna\n|move|p2a: Ursaluna|Earth Power|p1a: Zacian\n|-supereffective|p1a: Zacian\n|-damage|p1a: Zacian|52\/100\n|\n|-heal|p2a: Ursaluna|94\/100|[from] item: Leftovers\n|-sideend|p1: elitextreeza|move: Light Screen\n|upkeep\n|turn|21\n|\n|t:|1700938051\n|move|p2a: Ursaluna|Protect|p2a: Ursaluna\n|-singleturn|p2a: Ursaluna|Protect\n|move|p1a: Zacian|Play Rough|p2a: Ursaluna\n|-activate|p2a: Ursaluna|move: Protect\n|\n|-heal|p2a: Ursaluna|99\/100|[from] item: Leftovers\n|upkeep\n|turn|22\n|c|\u2606elitextreeza|Bruh\n|c|\u2606elitextreeza|Please\n|\n|t:|1700938056\n|move|p1a: Zacian|Play Rough|p2a: Ursaluna\n|-damage|p2a: Ursaluna|35\/100\n|move|p2a: Ursaluna|Earth Power|p1a: Zacian\n|-supereffective|p1a: Zacian\n|-damage|p1a: Zacian|0 fnt\n|faint|p1a: Zacian\n|\n|-heal|p2a: Ursaluna|41\/100|[from] item: Leftovers\n|upkeep\n|\n|t:|1700938059\n|switch|p1a: Marshadow|Marshadow|100\/100\n|turn|23\n|\n|t:|1700938067\n|move|p1a: Marshadow|Spectral Thief|p2a: Ursaluna\n|-immune|p2a: Ursaluna\n|move|p2a: Ursaluna|Blood Moon|p1a: Marshadow\n|-crit|p1a: Marshadow\n|-enditem|p1a: Marshadow|Focus Sash\n|-damage|p1a: Marshadow|1\/100\n|\n|-heal|p2a: Ursaluna|47\/100|[from] item: Leftovers\n|upkeep\n|turn|24\n|c|\u2606freezybreezy|That was way worse\n|c|\u2606freezybreezy|what\n|c|\u2606elitextreeza|. . .\n|c|\u2606elitextreeza|It's normal\n|c|\u2606elitextreeza|I FORGOT\n|c|\u2606freezybreezy|Dude\n|c|\u2606elitextreeza|Look man I'm having an off day\n|c|\u2606elitextreeza|I was 1400 and just dropped like 100\n|c|\u2606elitextreeza|I'm tired\n|inactive|elitextreeza has 120 seconds left.\n|c|\u2606elitextreeza|We can rematch if you want\n|\n|t:|1700938101\n|move|p2a: Ursaluna|Vacuum Wave|p1a: Marshadow\n|-damage|p1a: Marshadow|0 fnt\n|faint|p1a: Marshadow\n|\n|-heal|p2a: Ursaluna|53\/100|[from] item: Leftovers\n|upkeep\n|\n|t:|1700938103\n|switch|p1a: Groudon|Groudon|100\/100\n|detailschange|p1a: Groudon|Groudon-Primal\n|-primal|p1a: Groudon|Red Orb\n|-weather|DesolateLand|[from] ability: Desolate Land|[of] p1a: Groudon\n|turn|25\n|c|\u2606freezybreezy|Think it\u2019s time to take a break\n|\n|t:|1700938109\n|move|p2a: Ursaluna|Protect|p2a: Ursaluna\n|-singleturn|p2a: Ursaluna|Protect\n|move|p1a: Groudon|Bulk Up|p1a: Groudon\n|-boost|p1a: Groudon|atk|1\n|-boost|p1a: Groudon|def|1\n|\n|-weather|DesolateLand|[upkeep]\n|-heal|p2a: Ursaluna|60\/100|[from] item: Leftovers\n|upkeep\n|turn|26\n|\n|t:|1700938117\n|move|p1a: Groudon|Earthquake|p2a: Ursaluna\n|-damage|p2a: Ursaluna|0 fnt\n|faint|p2a: Ursaluna\n|\n|-weather|DesolateLand|[upkeep]\n|upkeep\n|\n|t:|1700938121\n|switch|p2a: Iron Bundle|Iron Bundle|100\/100\n|-enditem|p2a: Iron Bundle|Booster Energy\n|-activate|p2a: Iron Bundle|ability: Quark Drive|[fromitem]\n|-start|p2a: Iron Bundle|quarkdrivespa\n|turn|27\n|\n|t:|1700938129\n|-terastallize|p2a: Iron Bundle|Ice\n|move|p2a: Iron Bundle|Ice Beam|p1a: Groudon\n|-damage|p1a: Groudon|16\/100\n|move|p1a: Groudon|Heat Crash|p2a: Iron Bundle\n|-supereffective|p2a: Iron Bundle\n|-damage|p2a: Iron Bundle|0 fnt\n|faint|p2a: Iron Bundle\n|-end|p2a: Iron Bundle|Quark Drive|[silent]\n|\n|-weather|DesolateLand|[upkeep]\n|upkeep\n|\n|t:|1700938134\n|switch|p2a: Lokix|Lokix, M|100\/100\n|turn|28\n|\n|t:|1700938136\n|move|p2a: Lokix|First Impression|p1a: Groudon\n|-resisted|p1a: Groudon\n|-damage|p1a: Groudon|0 fnt\n|faint|p1a: Groudon\n|-weather|none\n|-damage|p2a: Lokix|91\/100|[from] item: Life Orb\n|\n|win|freezybreezy\n|raw|elitextreeza's rating: 1362 &rarr; <strong>1345<\/strong><br \/>(-17 for losing)\n|raw|freezybreezy's rating: 1423 &rarr; <strong>1440<\/strong><br \/>(+17 for winning)\n|c|\u2606freezybreezy|gg\n|c|\u2606elitextreeza|gg\n|l|\u2606elitextreeza\n","uploadtime":1700938150,"views":24,"p1id":"elitextreeza","p2id":"freezybreezy","formatid":"gen9nationaldexubers","rating":1345,"private":0,"password":""}