{"id":"gen9nationaldexubers-1980419459","p1":"Yazaan","p2":"Dragswordtob","format":"[Gen 9] National Dex Ubers","log":"|j|\u2606Yazaan\n|j|\u2606Dragswordtob\n|t:|1698783284\n|gametype|singles\n|player|p1|Yazaan|veteran|1105\n|player|p2|Dragswordtob|169|1211\n|teamsize|p1|6\n|teamsize|p2|6\n|gen|9\n|tier|[Gen 9] National Dex Ubers\n|rated|\n|rule|HP Percentage Mod: HP is shown in percentages\n|rule|Endless Battle Clause: Forcing endless battles is banned\n|rule|OHKO Clause: OHKO moves are banned\n|rule|Evasion Moves Clause: Evasion moves are banned\n|rule|Evasion Items Clause: Evasion items are banned\n|rule|Species Clause: Limit one of each Pok\u00e9mon\n|rule|Sleep Clause Mod: Limit one foe put to sleep\n|rule|Mega Rayquaza Clause: You cannot mega evolve Rayquaza\n|clearpoke\n|poke|p1|Blaziken, M|\n|poke|p1|Annihilape, F|\n|poke|p1|Accelgor, F|\n|poke|p1|Iron Thorns|\n|poke|p1|Silvally-*|\n|poke|p1|Noivern, M|\n|poke|p2|Torkoal, F|\n|poke|p2|Flutter Mane|\n|poke|p2|Cyclizar, F|\n|poke|p2|Blaziken, F|\n|poke|p2|Roaring Moon|\n|poke|p2|Zacian-*|\n|teampreview\n|\n|t:|1698783307\n|start\n|switch|p1a: Noivern|Noivern, M|100\/100\n|switch|p2a: Torkoal|Torkoal, F|100\/100\n|-weather|SunnyDay|[from] ability: Drought|[of] p2a: Torkoal\n|turn|1\n|\n|t:|1698783321\n|move|p1a: Noivern|Dragon Pulse|p2a: Torkoal\n|-damage|p2a: Torkoal|38\/100\n|-damage|p1a: Noivern|91\/100|[from] item: Life Orb\n|move|p2a: Torkoal|Yawn|p1a: Noivern\n|-start|p1a: Noivern|move: Yawn|[of] p2a: Torkoal\n|\n|-weather|SunnyDay|[upkeep]\n|upkeep\n|turn|2\n|\n|t:|1698783333\n|switch|p1a: Silvally|Silvally-Water|100\/100\n|switch|p2a: Flutter Mane|Flutter Mane|100\/100\n|-activate|p2a: Flutter Mane|ability: Protosynthesis\n|-start|p2a: Flutter Mane|protosynthesisspe\n|\n|-weather|SunnyDay|[upkeep]\n|upkeep\n|turn|3\n|\n|t:|1698783345\n|move|p2a: Flutter Mane|Moonblast|p1a: Silvally\n|-damage|p1a: Silvally|32\/100\n|-damage|p2a: Flutter Mane|91\/100|[from] item: Life Orb\n|move|p1a: Silvally|Iron Head|p2a: Flutter Mane\n|-supereffective|p2a: Flutter Mane\n|-damage|p2a: Flutter Mane|0 fnt\n|faint|p2a: Flutter Mane\n|-end|p2a: Flutter Mane|Protosynthesis|[silent]\n|\n|-weather|SunnyDay|[upkeep]\n|upkeep\n|\n|t:|1698783355\n|switch|p2a: Blaziken|Blaziken, F|100\/100\n|turn|4\n|\n|t:|1698783372\n|detailschange|p2a: Blaziken|Blaziken-Mega, F\n|-mega|p2a: Blaziken|Blaziken|Blazikenite\n|move|p2a: Blaziken|Protect|p2a: Blaziken\n|-singleturn|p2a: Blaziken|Protect\n|move|p1a: Silvally|Multi-Attack|p2a: Blaziken\n|-activate|p2a: Blaziken|move: Protect\n|\n|-weather|SunnyDay|[upkeep]\n|-ability|p2a: Blaziken|Speed Boost|boost\n|-boost|p2a: Blaziken|spe|1\n|upkeep\n|turn|5\n|\n|t:|1698783386\n|move|p2a: Blaziken|Close Combat|p1a: Silvally\n|-damage|p1a: Silvally|0 fnt\n|-unboost|p2a: Blaziken|def|1\n|-unboost|p2a: Blaziken|spd|1\n|faint|p1a: Silvally\n|\n|-weather|SunnyDay|[upkeep]\n|-ability|p2a: Blaziken|Speed Boost|boost\n|-boost|p2a: Blaziken|spe|1\n|upkeep\n|\n|t:|1698783400\n|switch|p1a: Accelgor|Accelgor, F|100\/100\n|turn|6\n|\n|t:|1698783406\n|switch|p2a: Cyclizar|Cyclizar, F|100\/100\n|move|p1a: Accelgor|Water Shuriken|p2a: Cyclizar\n|-resisted|p2a: Cyclizar\n|-damage|p2a: Cyclizar|99\/100\n|-resisted|p2a: Cyclizar\n|-damage|p2a: Cyclizar|97\/100\n|-resisted|p2a: Cyclizar\n|-damage|p2a: Cyclizar|95\/100\n|-hitcount|p2a: Cyclizar|3\n|\n|-weather|SunnyDay|[upkeep]\n|upkeep\n|turn|7\n|\n|t:|1698783418\n|move|p2a: Cyclizar|Shed Tail|p2a: Cyclizar\n|-start|p2a: Cyclizar|Substitute|[from] move: Shed Tail\n|-damage|p2a: Cyclizar|45\/100\n|\n|t:|1698783423\n|switch|p2a: Zacian|Zacian-Crowned|100\/100|[from] Shed Tail\n|-ability|p2a: Zacian|Intrepid Sword|boost\n|-boost|p2a: Zacian|atk|1\n|move|p1a: Accelgor|U-turn|p2a: Zacian\n|-resisted|p2a: Zacian\n|-activate|p2a: Zacian|move: Substitute|[damage]\n|\n|t:|1698783436\n|switch|p1a: Blaziken|Blaziken, M, shiny|100\/100|[from] U-turn\n|\n|-weather|SunnyDay|[upkeep]\n|upkeep\n|turn|8\n|\n|t:|1698783444\n|move|p1a: Blaziken|Protect|p1a: Blaziken\n|-singleturn|p1a: Blaziken|Protect\n|move|p2a: Zacian|Play Rough|p1a: Blaziken\n|-activate|p1a: Blaziken|move: Protect\n|\n|-weather|none\n|-ability|p1a: Blaziken|Speed Boost|boost\n|-boost|p1a: Blaziken|spe|1\n|upkeep\n|turn|9\n|\n|t:|1698783461\n|detailschange|p1a: Blaziken|Blaziken-Mega, M, shiny\n|-mega|p1a: Blaziken|Blaziken|Blazikenite\n|move|p1a: Blaziken|Fire Punch|p2a: Zacian\n|-supereffective|p2a: Zacian\n|-end|p2a: Zacian|Substitute\n|move|p2a: Zacian|Play Rough|p1a: Blaziken\n|-damage|p1a: Blaziken|0 fnt\n|faint|p1a: Blaziken\n|\n|upkeep\n|\n|t:|1698783477\n|switch|p1a: Annihilape|Annihilape, F|100\/100\n|turn|10\n|-message|Yazaan forfeited.\n|\n|win|Dragswordtob\n|raw|Yazaan's rating: 1105 &rarr; <strong>1087<\/strong><br \/>(-18 for losing)\n|raw|Dragswordtob's rating: 1211 &rarr; <strong>1229<\/strong><br \/>(+18 for winning)\n|l|\u2606Yazaan\n","uploadtime":1698783488,"views":7,"p1id":"yazaan","p2id":"dragswordtob","formatid":"gen9nationaldexubers","rating":1087,"private":0,"password":""}