{"id":"gen9nationaldexubers-1998083887","p1":"Just B3A$T","p2":"XX_1nfinity_XX","format":"[Gen 9] National Dex Ubers","log":"|j|\u2606Just B3A$T\n|j|\u2606XX_1nfinity_XX\n|t:|1700888633\n|gametype|singles\n|player|p1|Just B3A$T|dawn|\n|player|p2|XX_1nfinity_XX|steven|\n|teamsize|p1|6\n|teamsize|p2|6\n|gen|9\n|tier|[Gen 9] National Dex Ubers\n|rule|HP Percentage Mod: HP is shown in percentages\n|rule|Endless Battle Clause: Forcing endless battles is banned\n|rule|OHKO Clause: OHKO moves are banned\n|rule|Evasion Moves Clause: Evasion moves are banned\n|rule|Evasion Items Clause: Evasion items are banned\n|rule|Species Clause: Limit one of each Pok\u00e9mon\n|rule|Sleep Clause Mod: Limit one foe put to sleep\n|rule|Mega Rayquaza Clause: You cannot mega evolve Rayquaza\n|clearpoke\n|poke|p1|Aegislash, M|\n|poke|p1|Genesect-Douse|\n|poke|p1|Celesteela|\n|poke|p1|Steelix, M|\n|poke|p1|Heatran, M|\n|poke|p1|Gholdengo|\n|poke|p2|Swampert, F|\n|poke|p2|Blaziken, F|\n|poke|p2|Empoleon, F|\n|poke|p2|Meowscarada, M|\n|poke|p2|Cinderace, F|\n|poke|p2|Rillaboom, M|\n|teampreview\n|inactive|Battle timer is ON: inactive players will automatically lose when time's up. (requested by XX_1nfinity_XX)\n|inactive|Just B3A$T also wants the timer to be on.\n|c|\u2606Just B3A$T|huh\n|c|\u2606Just B3A$T|all starters\n|c|\u2606XX_1nfinity_XX|yuh\n|c|\u2606Just B3A$T|didn't even check your sub\n|c|\u2606Just B3A$T|so\n|c|\u2606Just B3A$T|interesting\n|inactive|Just B3A$T has 270 seconds left.\n|\n|t:|1700888664\n|start\n|switch|p1a: burning up!|Heatran, M, shiny|100\/100\n|switch|p2a: Swampert|Swampert, F|100\/100\n|-item|p1a: burning up!|Air Balloon\n|turn|1\n|c|\u2606XX_1nfinity_XX|nice lead\n|\n|t:|1700888674\n|detailschange|p2a: Swampert|Swampert-Mega, F\n|-mega|p2a: Swampert|Swampert|Swampertite\n|move|p1a: burning up!|Stealth Rock|p2a: Swampert\n|-sidestart|p2: XX_1nfinity_XX|move: Stealth Rock\n|move|p2a: Swampert|Flip Turn|p1a: burning up!\n|-supereffective|p1a: burning up!\n|-damage|p1a: burning up!|52\/100\n|-enditem|p1a: burning up!|Air Balloon\n|c|\u2606Just B3A$T|it's only for ze rocks\n|\n|t:|1700888688\n|switch|p2a: Cinderace|Cinderace, F|100\/100|[from] Flip Turn\n|\n|upkeep\n|turn|2\n|c|\u2606Just B3A$T|don't really care\n|\n|t:|1700888694\n|switch|p1a: Milagro Man|Gholdengo|100\/100\n|-item|p1a: Milagro Man|Air Balloon\n|move|p2a: Cinderace|U-turn|p1a: Milagro Man\n|-start|p2a: Cinderace|typechange|Bug|[from] ability: Libero\n|-resisted|p1a: Milagro Man\n|-damage|p1a: Milagro Man|92\/100\n|-enditem|p1a: Milagro Man|Air Balloon\n|\n|t:|1700888701\n|switch|p2a: Empoleon|Empoleon, F|100\/100|[from] U-turn\n|-damage|p2a: Empoleon|94\/100|[from] Stealth Rock\n|\n|-heal|p2a: Empoleon|100\/100|[from] item: Leftovers\n|upkeep\n|turn|3\n|c|\u2606Just B3A$T|maybe that was a throw\n|\n|t:|1700888709\n|move|p1a: Milagro Man|Nasty Plot|p1a: Milagro Man\n|-boost|p1a: Milagro Man|spa|2\n|move|p2a: Empoleon|Scald|p1a: Milagro Man\n|-damage|p1a: Milagro Man|61\/100\n|\n|upkeep\n|turn|4\n|\n|t:|1700888719\n|switch|p2a: Swampert|Swampert-Mega, F|100\/100\n|-damage|p2a: Swampert|94\/100|[from] Stealth Rock\n|move|p1a: Milagro Man|Make It Rain|p2a: Swampert\n|-resisted|p2a: Swampert\n|-damage|p2a: Swampert|56\/100\n|-unboost|p1a: Milagro Man|spa|1\n|\n|upkeep\n|turn|5\n|c|\u2606XX_1nfinity_XX|why would you use maki it rain on a quad resist?\n|\n|t:|1700888739\n|move|p1a: Milagro Man|Shadow Ball|p2a: Swampert\n|-damage|p2a: Swampert|19\/100\n|move|p2a: Swampert|Flip Turn|p1a: Milagro Man\n|-damage|p1a: Milagro Man|31\/100\n|c|\u2606Just B3A$T|I expected a swap\n|c|\u2606Just B3A$T|I was right\n|\n|t:|1700888754\n|switch|p2a: Cinderace|Cinderace, F|100\/100|[from] Flip Turn\n|\n|upkeep\n|turn|6\n|\n|t:|1700888762\n|switch|p1a: burning up!|Heatran, M, shiny|52\/100\n|move|p2a: Cinderace|Sucker Punch||[still]\n|-fail|p2a: Cinderace\n|\n|upkeep\n|turn|7\n|\n|t:|1700888769\n|switch|p1a: Aegis|Aegislash, M, shiny|100\/100\n|move|p2a: Cinderace|U-turn|p1a: Aegis\n|-start|p2a: Cinderace|typechange|Bug|[from] ability: Libero\n|-resisted|p1a: Aegis\n|-damage|p1a: Aegis|92\/100\n|\n|t:|1700888778\n|switch|p2a: Empoleon|Empoleon, F|100\/100|[from] U-turn\n|-damage|p2a: Empoleon|94\/100|[from] Stealth Rock\n|\n|-heal|p2a: Empoleon|100\/100|[from] item: Leftovers\n|upkeep\n|turn|8\n|\n|t:|1700888785\n|switch|p1a: Milagro Man|Gholdengo|31\/100\n|-terastallize|p2a: Empoleon|Flying\n|move|p2a: Empoleon|Knock Off|p1a: Milagro Man\n|-supereffective|p1a: Milagro Man\n|-damage|p1a: Milagro Man|10\/100\n|\n|upkeep\n|turn|9\n|\n|t:|1700888789\n|switch|p2a: Swampert|Swampert-Mega, F|19\/100\n|-damage|p2a: Swampert|12\/100|[from] Stealth Rock\n|move|p1a: Milagro Man|Recover|p1a: Milagro Man\n|-heal|p1a: Milagro Man|60\/100\n|\n|upkeep\n|turn|10\n|\n|t:|1700888793\n|move|p1a: Milagro Man|Shadow Ball|p2a: Swampert\n|-damage|p2a: Swampert|0 fnt\n|faint|p2a: Swampert\n|\n|upkeep\n|\n|t:|1700888819\n|switch|p2a: Cinderace|Cinderace, F|100\/100\n|turn|11\n|\n|t:|1700888826\n|switch|p1a: burning up!|Heatran, M, shiny|52\/100\n|move|p2a: Cinderace|Court Change|p2a: Cinderace\n|-start|p2a: Cinderace|typechange|Normal|[from] ability: Libero\n|-swapsideconditions\n|-activate|p2a: Cinderace|move: Court Change\n|\n|upkeep\n|turn|12\n|\n|t:|1700888832\n|move|p2a: Cinderace|U-turn|p1a: burning up!\n|-resisted|p1a: burning up!\n|-damage|p1a: burning up!|47\/100\n|\n|t:|1700888837\n|switch|p2a: Blaziken|Blaziken, F|100\/100|[from] U-turn\n|move|p1a: burning up!|Stealth Rock|p2a: Blaziken\n|-sidestart|p2: XX_1nfinity_XX|move: Stealth Rock\n|\n|upkeep\n|turn|13\n|\n|t:|1700888842\n|move|p2a: Blaziken|Protect|p2a: Blaziken\n|-singleturn|p2a: Blaziken|Protect\n|move|p1a: burning up!|Toxic|p2a: Blaziken\n|-activate|p2a: Blaziken|move: Protect\n|\n|-ability|p2a: Blaziken|Speed Boost|boost\n|-boost|p2a: Blaziken|spe|1\n|upkeep\n|turn|14\n|\n|t:|1700888845\n|move|p2a: Blaziken|Close Combat|p1a: burning up!\n|-supereffective|p1a: burning up!\n|-damage|p1a: burning up!|0 fnt\n|-unboost|p2a: Blaziken|def|1\n|-unboost|p2a: Blaziken|spd|1\n|faint|p1a: burning up!\n|\n|-ability|p2a: Blaziken|Speed Boost|boost\n|-boost|p2a: Blaziken|spe|1\n|upkeep\n|\n|t:|1700888850\n|switch|p1a: Crystalline|Steelix, M|100\/100\n|-damage|p1a: Crystalline|97\/100|[from] Stealth Rock\n|turn|15\n|\n|t:|1700888857\n|detailschange|p1a: Crystalline|Steelix-Mega, M\n|-mega|p1a: Crystalline|Steelix|Steelixite\n|move|p2a: Blaziken|Protect|p2a: Blaziken\n|-singleturn|p2a: Blaziken|Protect\n|move|p1a: Crystalline|Iron Defense|p1a: Crystalline\n|-boost|p1a: Crystalline|def|2\n|\n|-ability|p2a: Blaziken|Speed Boost|boost\n|-boost|p2a: Blaziken|spe|1\n|upkeep\n|turn|16\n|\n|t:|1700888860\n|move|p2a: Blaziken|Swords Dance|p2a: Blaziken\n|-boost|p2a: Blaziken|atk|2\n|move|p1a: Crystalline|Body Press|p2a: Blaziken\n|-crit|p2a: Blaziken\n|-enditem|p2a: Blaziken|Focus Sash\n|-damage|p2a: Blaziken|1\/100\n|\n|-ability|p2a: Blaziken|Speed Boost|boost\n|-boost|p2a: Blaziken|spe|1\n|upkeep\n|turn|17\n|\n|t:|1700888870\n|move|p2a: Blaziken|Close Combat|p1a: Crystalline\n|-supereffective|p1a: Crystalline\n|-damage|p1a: Crystalline|52\/100\n|-unboost|p2a: Blaziken|def|1\n|-unboost|p2a: Blaziken|spd|1\n|move|p1a: Crystalline|Body Press|p2a: Blaziken\n|-damage|p2a: Blaziken|0 fnt\n|faint|p2a: Blaziken\n|\n|upkeep\n|\n|t:|1700888874\n|switch|p2a: Empoleon|Empoleon, F, tera:Flying|100\/100\n|-damage|p2a: Empoleon|75\/100|[from] Stealth Rock\n|turn|18\n|c|\u2606Just B3A$T|never underestimate MSteelix\n|c|\u2606Just B3A$T|shit has the highest defense ever\n|\n|t:|1700888891\n|move|p2a: Empoleon|Scald|p1a: Crystalline\n|-supereffective|p1a: Crystalline\n|-damage|p1a: Crystalline|0 fnt\n|faint|p1a: Crystalline\n|\n|-heal|p2a: Empoleon|82\/100|[from] item: Leftovers\n|upkeep\n|\n|t:|1700888896\n|switch|p1a: Milagro Man|Gholdengo|60\/100\n|-damage|p1a: Milagro Man|54\/100|[from] Stealth Rock\n|turn|19\n|\n|t:|1700888900\n|move|p1a: Milagro Man|Recover|p1a: Milagro Man\n|-heal|p1a: Milagro Man|100\/100\n|move|p2a: Empoleon|Scald|p1a: Milagro Man\n|-damage|p1a: Milagro Man|74\/100\n|-status|p1a: Milagro Man|brn\n|\n|-heal|p2a: Empoleon|88\/100|[from] item: Leftovers\n|-damage|p1a: Milagro Man|67\/100 brn|[from] brn\n|upkeep\n|turn|20\n|c|\u2606Just B3A$T|whis\n|c|\u2606Just B3A$T|*whoa\n|\n|t:|1700888914\n|switch|p2a: Cinderace|Cinderace, F|100\/100\n|move|p1a: Milagro Man|Nasty Plot|p1a: Milagro Man\n|-boost|p1a: Milagro Man|spa|2\n|\n|-damage|p1a: Milagro Man|61\/100 brn|[from] brn\n|upkeep\n|turn|21\n|\n|t:|1700888922\n|move|p2a: Cinderace|Sucker Punch|p1a: Milagro Man\n|-start|p2a: Cinderace|typechange|Dark|[from] ability: Libero\n|-supereffective|p1a: Milagro Man\n|-damage|p1a: Milagro Man|0 fnt\n|faint|p1a: Milagro Man\n|\n|upkeep\n|\n|t:|1700888932\n|switch|p1a: Aegis|Aegislash, M, shiny|92\/100\n|-damage|p1a: Aegis|86\/100|[from] Stealth Rock\n|turn|22\n|\n|t:|1700888936\n|move|p1a: Aegis|King's Shield|p1a: Aegis\n|-singleturn|p1a: Aegis|Protect\n|move|p2a: Cinderace|Pyro Ball|p1a: Aegis\n|-activate|p1a: Aegis|move: Protect\n|\n|upkeep\n|turn|23\n|\n|t:|1700888949\n|move|p2a: Cinderace|U-turn|p1a: Aegis\n|-resisted|p1a: Aegis\n|-damage|p1a: Aegis|81\/100\n|\n|t:|1700888951\n|switch|p2a: Empoleon|Empoleon, F, tera:Flying|88\/100|[from] U-turn\n|-damage|p2a: Empoleon|63\/100|[from] Stealth Rock\n|-formechange|p1a: Aegis|Aegislash-Blade||[from] ability: Stance Change\n|move|p1a: Aegis|Iron Head|p2a: Empoleon\n|-damage|p2a: Empoleon|27\/100\n|\n|-heal|p2a: Empoleon|33\/100|[from] item: Leftovers\n|upkeep\n|turn|24\n|\n|t:|1700888957\n|move|p1a: Aegis|Swords Dance|p1a: Aegis\n|-boost|p1a: Aegis|atk|2\n|move|p2a: Empoleon|Scald|p1a: Aegis\n|-damage|p1a: Aegis|14\/100\n|-status|p1a: Aegis|brn\n|\n|-heal|p2a: Empoleon|39\/100|[from] item: Leftovers\n|-damage|p1a: Aegis|8\/100 brn|[from] brn\n|upkeep\n|turn|25\n|c|\u2606Just B3A$T|of course\n|\n|t:|1700888967\n|move|p1a: Aegis|Iron Head|p2a: Empoleon\n|-damage|p2a: Empoleon|7\/100\n|cant|p2a: Empoleon|flinch\n|\n|-heal|p2a: Empoleon|13\/100|[from] item: Leftovers\n|-damage|p1a: Aegis|2\/100 brn|[from] brn\n|upkeep\n|turn|26\n|\n|t:|1700888975\n|move|p1a: Aegis|Iron Head|p2a: Empoleon\n|-damage|p2a: Empoleon|0 fnt\n|faint|p2a: Empoleon\n|\n|-damage|p1a: Aegis|0 fnt|[from] brn\n|faint|p1a: Aegis\n|upkeep\n|\n|t:|1700888981\n|switch|p1a: Bionic|Genesect-Douse, shiny|100\/100\n|switch|p2a: Meowscarada|Meowscarada, M|100\/100\n|-damage|p2a: Meowscarada|88\/100|[from] Stealth Rock\n|-damage|p1a: Bionic|88\/100|[from] Stealth Rock\n|-ability|p1a: Bionic|Download|boost\n|-boost|p1a: Bionic|atk|1\n|turn|27\n|c|\u2606XX_1nfinity_XX|why are you using genesect douse?\n|\n|t:|1700889002\n|move|p2a: Meowscarada|Flower Trick|p1a: Bionic\n|-start|p2a: Meowscarada|typechange|Grass|[from] ability: Protean\n|-resisted|p1a: Bionic\n|-crit|p1a: Bionic\n|-damage|p1a: Bionic|67\/100\n|move|p1a: Bionic|Shift Gear|p1a: Bionic\n|-boost|p1a: Bionic|spe|2\n|-boost|p1a: Bionic|atk|1\n|\n|upkeep\n|turn|28\n|\n|t:|1700889009\n|switch|p2a: Rillaboom|Rillaboom, M|100\/100\n|-damage|p2a: Rillaboom|88\/100|[from] Stealth Rock\n|-fieldstart|move: Grassy Terrain|[from] ability: Grassy Surge|[of] p2a: Rillaboom\n|move|p1a: Bionic|Extreme Speed|p2a: Rillaboom\n|-damage|p2a: Rillaboom|32\/100\n|\n|-heal|p1a: Bionic|73\/100|[from] Grassy Terrain\n|-heal|p2a: Rillaboom|38\/100|[from] Grassy Terrain\n|upkeep\n|turn|29\n|\n|t:|1700889015\n|move|p1a: Bionic|Extreme Speed|p2a: Rillaboom\n|-damage|p2a: Rillaboom|0 fnt\n|faint|p2a: Rillaboom\n|\n|-heal|p1a: Bionic|79\/100|[from] Grassy Terrain\n|upkeep\n|\n|t:|1700889026\n|switch|p2a: Cinderace|Cinderace, F|100\/100\n|turn|30\n|\n|t:|1700889030\n|-terastallize|p1a: Bionic|Fire\n|move|p1a: Bionic|Techno Blast|p2a: Cinderace\n|-supereffective|p2a: Cinderace\n|-damage|p2a: Cinderace|17\/100\n|move|p2a: Cinderace|Pyro Ball|p1a: Bionic\n|-resisted|p1a: Bionic\n|-damage|p1a: Bionic|43\/100\n|\n|-heal|p1a: Bionic|49\/100|[from] Grassy Terrain\n|-heal|p2a: Cinderace|23\/100|[from] Grassy Terrain\n|upkeep\n|turn|31\n|c|\u2606Just B3A$T|gg\n|\n|t:|1700889039\n|switch|p2a: Meowscarada|Meowscarada, M|88\/100\n|-damage|p2a: Meowscarada|76\/100|[from] Stealth Rock\n|move|p1a: Bionic|Extreme Speed|p2a: Meowscarada\n|-damage|p2a: Meowscarada|0 fnt\n|faint|p2a: Meowscarada\n|\n|-heal|p1a: Bionic|55\/100|[from] Grassy Terrain\n|upkeep\n|\n|t:|1700889042\n|switch|p2a: Cinderace|Cinderace, F|23\/100\n|turn|32\n|\n|t:|1700889051\n|move|p1a: Bionic|Extreme Speed|p2a: Cinderace\n|-crit|p2a: Cinderace\n|-damage|p2a: Cinderace|0 fnt\n|faint|p2a: Cinderace\n|\n|win|Just B3A$T\n|l|\u2606XX_1nfinity_XX\n|l|\u2606Just B3A$T\n|j|\u2606Just B3A$T\n|player|p1|Just B3A$T|noland\n","uploadtime":1700889320,"views":15,"p1id":"justb3at","p2id":"xx1nfinityxx","formatid":"gen9nationaldexubers","rating":0,"private":0,"password":""}