{"id":"gen9nationaldexubers-1999968534","p1":"Serprai","p2":"Juaner95","format":"[Gen 9] National Dex Ubers","log":"|j|\u2606Serprai\n|j|\u2606Juaner95\n|t:|1701135783\n|gametype|singles\n|player|p1|Serprai|shadowtriad|1099\n|player|p2|Juaner95|skyla|1011\n|teamsize|p1|6\n|teamsize|p2|6\n|gen|9\n|tier|[Gen 9] National Dex Ubers\n|rated|\n|rule|HP Percentage Mod: HP is shown in percentages\n|rule|Endless Battle Clause: Forcing endless battles is banned\n|rule|OHKO Clause: OHKO moves are banned\n|rule|Evasion Moves Clause: Evasion moves are banned\n|rule|Evasion Items Clause: Evasion items are banned\n|rule|Species Clause: Limit one of each Pok\u00e9mon\n|rule|Sleep Clause Mod: Limit one foe put to sleep\n|rule|Mega Rayquaza Clause: You cannot mega evolve Rayquaza\n|clearpoke\n|poke|p1|Metagross|\n|poke|p1|Aegislash, M|\n|poke|p1|Greninja-*, M|\n|poke|p1|Gallade, M|\n|poke|p1|Noivern, M|\n|poke|p1|Genesect|\n|poke|p2|Entei|\n|poke|p2|Lugia|\n|poke|p2|Feraligatr, M|\n|poke|p2|Umbreon, M|\n|poke|p2|Celebi|\n|poke|p2|Heracross, M|\n|teampreview\n|c|\u2606Juaner95|!DT YADON\n|raw|<div class=\"message\"><ul class=\"utilichart\"><li class=\"result\"><span class=\"col numcol\">LC<\/span> <span class=\"col iconcol\"><psicon pokemon=\"slowpoke\"\/><\/span> <span class=\"col pokemonnamecol\" style=\"white-space:nowrap\"><a href=\"https:\/\/dex.pokemonshowdown.com\/pokemon\/slowpoke\" target=\"_blank\">Slowpoke<\/a><\/span> <span class=\"col typecol\"><img src=\"https:\/\/play.pokemonshowdown.com\/sprites\/types\/Water.png\" alt=\"Water\" height=\"14\" width=\"32\"><img src=\"https:\/\/play.pokemonshowdown.com\/sprites\/types\/Psychic.png\" alt=\"Psychic\" height=\"14\" width=\"32\"><\/span> <span style=\"float:left;min-height:26px\"><span class=\"col twoabilitycol\">Oblivious<br \/>Own Tempo<\/span><span class=\"col abilitycol\"><em>Regenerator<\/em><\/span><\/span><span style=\"float:left;min-height:26px\"><span class=\"col statcol\"><em>HP<\/em><br \/>90<\/span> <span class=\"col statcol\"><em>Atk<\/em><br \/>65<\/span> <span class=\"col statcol\"><em>Def<\/em><br \/>65<\/span> <span class=\"col statcol\"><em>SpA<\/em><br \/>40<\/span> <span class=\"col statcol\"><em>SpD<\/em><br \/>40<\/span> <span class=\"col statcol\"><em>Spe<\/em><br \/>15<\/span> <span class=\"col bstcol\"><em>BST<br \/>315<\/em><\/span> <\/span><\/li><li style=\"clear:both\"><\/li><\/ul><\/div>\n|raw|<font size=\"1\"><font color=\"#686868\">Dex#:<\/font> 79&nbsp;|&ThickSpace;<font color=\"#686868\">Gen:<\/font> 1&nbsp;|&ThickSpace;<font color=\"#686868\">Height:<\/font> 1.2 m&nbsp;|&ThickSpace;<font color=\"#686868\">Weight:<\/font> 36 kg <em>(60 BP)<\/em>&nbsp;|&ThickSpace;<font color=\"#686868\">Dex Colour:<\/font> Pink&nbsp;|&ThickSpace;<font color=\"#686868\">Egg Group(s):<\/font> Monster, Water 1&nbsp;|&ThickSpace;<font color=\"#686868\">Evolution:<\/font> Slowbro (37), Slowking (trade holding King's Rock)<\/font>\n\n|c|\u2606Juaner95|!dt pato\n|raw|<div class=\"message\"><ul class=\"utilichart\"><li class=\"result\"><span class=\"col numcol\">LC<\/span> <span class=\"col iconcol\"><psicon pokemon=\"psyduck\"\/><\/span> <span class=\"col pokemonnamecol\" style=\"white-space:nowrap\"><a href=\"https:\/\/dex.pokemonshowdown.com\/pokemon\/psyduck\" target=\"_blank\">Psyduck<\/a><\/span> <span class=\"col typecol\"><img src=\"https:\/\/play.pokemonshowdown.com\/sprites\/types\/Water.png\" alt=\"Water\" height=\"14\" width=\"32\"><\/span> <span style=\"float:left;min-height:26px\"><span class=\"col twoabilitycol\">Damp<br \/>Cloud Nine<\/span><span class=\"col abilitycol\"><em>Swift Swim<\/em><\/span><\/span><span style=\"float:left;min-height:26px\"><span class=\"col statcol\"><em>HP<\/em><br \/>50<\/span> <span class=\"col statcol\"><em>Atk<\/em><br \/>52<\/span> <span class=\"col statcol\"><em>Def<\/em><br \/>48<\/span> <span class=\"col statcol\"><em>SpA<\/em><br \/>65<\/span> <span class=\"col statcol\"><em>SpD<\/em><br \/>50<\/span> <span class=\"col statcol\"><em>Spe<\/em><br \/>55<\/span> <span class=\"col bstcol\"><em>BST<br \/>320<\/em><\/span> <\/span><\/li><li style=\"clear:both\"><\/li><\/ul><\/div>\n|raw|<font size=\"1\"><font color=\"#686868\">Dex#:<\/font> 54&nbsp;|&ThickSpace;<font color=\"#686868\">Gen:<\/font> 1&nbsp;|&ThickSpace;<font color=\"#686868\">Height:<\/font> 0.8 m&nbsp;|&ThickSpace;<font color=\"#686868\">Weight:<\/font> 19.6 kg <em>(40 BP)<\/em>&nbsp;|&ThickSpace;<font color=\"#686868\">Dex Colour:<\/font> Yellow&nbsp;|&ThickSpace;<font color=\"#686868\">Egg Group(s):<\/font> Water 1, Field&nbsp;|&ThickSpace;<font color=\"#686868\">Evolution:<\/font> Golduck (33)<\/font>\n\n|\n|t:|1701135805\n|start\n|switch|p1a: Metagross|Metagross, shiny|100\/100\n|switch|p2a: Celebi|Celebi, shiny|100\/100\n|turn|1\n|\n|t:|1701135814\n|move|p2a: Celebi|U-turn|p1a: Metagross\n|-damage|p1a: Metagross|90\/100\n|\n|t:|1701135824\n|switch|p2a: Entei|Entei, shiny|100\/100|[from] U-turn\n|-ability|p2a: Entei|Pressure\n|move|p1a: Metagross|Meteor Mash|p2a: Entei\n|-resisted|p2a: Entei\n|-damage|p2a: Entei|71\/100\n|-boost|p1a: Metagross|atk|1\n|\n|upkeep\n|turn|2\n|\n|t:|1701135840\n|switch|p1a: Greninja|Greninja, M|100\/100\n|move|p2a: Entei|Flare Blitz|p1a: Greninja\n|-resisted|p1a: Greninja\n|-damage|p1a: Greninja|25\/100\n|-damage|p2a: Entei|52\/100|[from] Recoil\n|\n|upkeep\n|turn|3\n|\n|t:|1701135853\n|switch|p2a: Feraligatr|Feraligatr, M|100\/100\n|move|p1a: Greninja|Hydro Pump|p2a: Feraligatr|[miss]\n|-miss|p1a: Greninja|p2a: Feraligatr\n|\n|upkeep\n|turn|4\n|\n|t:|1701135864\n|switch|p1a: Noivern|Noivern, M|100\/100\n|move|p2a: Feraligatr|Dragon Dance|p2a: Feraligatr\n|-boost|p2a: Feraligatr|atk|1\n|-boost|p2a: Feraligatr|spe|1\n|\n|upkeep\n|turn|5\n|\n|t:|1701135873\n|move|p2a: Feraligatr|Ice Punch|p1a: Noivern\n|-supereffective|p1a: Noivern\n|-damage|p1a: Noivern|0 fnt\n|faint|p1a: Noivern\n|-damage|p2a: Feraligatr|91\/100|[from] item: Life Orb\n|\n|upkeep\n|\n|t:|1701135880\n|switch|p1a: Genesect|Genesect|100\/100\n|-ability|p1a: Genesect|Download|boost\n|-boost|p1a: Genesect|spa|1\n|turn|6\n|\n|t:|1701135890\n|move|p1a: Genesect|Thunder|p2a: Feraligatr\n|-supereffective|p2a: Feraligatr\n|-damage|p2a: Feraligatr|0 fnt\n|faint|p2a: Feraligatr\n|\n|upkeep\n|\n|t:|1701135897\n|switch|p2a: Entei|Entei, shiny|52\/100\n|-ability|p2a: Entei|Pressure\n|turn|7\n|\n|t:|1701135901\n|move|p1a: Genesect|Thunder|p2a: Entei\n|-damage|p2a: Entei|0 fnt\n|faint|p2a: Entei\n|\n|upkeep\n|\n|t:|1701135909\n|switch|p2a: Heracross|Heracross, M|100\/100\n|turn|8\n|\n|t:|1701135922\n|move|p1a: Genesect|Thunder|p2a: Heracross|[miss]\n|-miss|p1a: Genesect|p2a: Heracross\n|move|p2a: Heracross|Close Combat|p1a: Genesect\n|-damage|p1a: Genesect|30\/100\n|-unboost|p2a: Heracross|def|1\n|-unboost|p2a: Heracross|spd|1\n|\n|upkeep\n|turn|9\n|\n|t:|1701135931\n|switch|p2a: Celebi|Celebi, shiny|100\/100\n|move|p1a: Genesect|Thunder|p2a: Celebi\n|-resisted|p2a: Celebi\n|-damage|p2a: Celebi|85\/100\n|\n|-heal|p2a: Celebi|91\/100|[from] item: Leftovers\n|upkeep\n|turn|10\n|\n|t:|1701135953\n|switch|p1a: Metagross|Metagross, shiny|90\/100\n|move|p2a: Celebi|Hidden Power|p1a: Metagross\n|-resisted|p1a: Metagross\n|-damage|p1a: Metagross|85\/100\n|\n|-heal|p2a: Celebi|98\/100|[from] item: Leftovers\n|upkeep\n|turn|11\n|\n|t:|1701135962\n|move|p1a: Metagross|Bullet Punch|p2a: Celebi\n|-damage|p2a: Celebi|78\/100\n|move|p2a: Celebi|U-turn|p1a: Metagross\n|-damage|p1a: Metagross|74\/100\n|\n|t:|1701135971\n|switch|p2a: Umbreon|Umbreon, M, shiny|100\/100|[from] U-turn\n|\n|upkeep\n|turn|12\n|\n|t:|1701135991\n|switch|p1a: Gallade|Gallade, M|100\/100\n|move|p2a: Umbreon|Wish|p2a: Umbreon\n|\n|upkeep\n|turn|13\n|\n|t:|1701136000\n|switch|p2a: Celebi|Celebi, shiny|78\/100\n|move|p1a: Gallade|Drain Punch|p2a: Celebi\n|-resisted|p2a: Celebi\n|-damage|p2a: Celebi|61\/100\n|\n|-heal|p2a: Celebi|100\/100|[from] move: Wish|[wisher] Umbreon\n|upkeep\n|turn|14\n|\n|t:|1701136010\n|switch|p1a: Metagross|Metagross, shiny|74\/100\n|move|p2a: Celebi|Grass Knot|p1a: Metagross\n|-resisted|p1a: Metagross\n|-damage|p1a: Metagross|61\/100\n|\n|upkeep\n|turn|15\n|\n|t:|1701136018\n|move|p2a: Celebi|U-turn|p1a: Metagross\n|-damage|p1a: Metagross|50\/100\n|\n|t:|1701136020\n|switch|p2a: Umbreon|Umbreon, M, shiny|100\/100|[from] U-turn\n|move|p1a: Metagross|Meteor Mash|p2a: Umbreon\n|-damage|p2a: Umbreon|56\/100\n|\n|-heal|p2a: Umbreon|62\/100|[from] item: Leftovers\n|upkeep\n|turn|16\n|\n|t:|1701136036\n|switch|p1a: Aegislash|Aegislash, M|100\/100\n|move|p2a: Umbreon|Foul Play|p1a: Aegislash\n|-supereffective|p1a: Aegislash\n|-damage|p1a: Aegislash|71\/100\n|\n|-heal|p2a: Umbreon|68\/100|[from] item: Leftovers\n|-heal|p1a: Aegislash|77\/100|[from] item: Leftovers\n|upkeep\n|turn|17\n|\n|t:|1701136049\n|move|p2a: Umbreon|Wish|p2a: Umbreon\n|-formechange|p1a: Aegislash|Aegislash-Blade||[from] ability: Stance Change\n|move|p1a: Aegislash|Flash Cannon|p2a: Umbreon\n|-damage|p2a: Umbreon|48\/100\n|-unboost|p2a: Umbreon|spd|1\n|\n|-heal|p2a: Umbreon|54\/100|[from] item: Leftovers\n|-heal|p1a: Aegislash|83\/100|[from] item: Leftovers\n|upkeep\n|turn|18\n|\n|t:|1701136061\n|switch|p2a: Heracross|Heracross, M|100\/100\n|-formechange|p1a: Aegislash|Aegislash||[from] ability: Stance Change\n|move|p1a: Aegislash|King's Shield||[still]\n|-fail|p1a: Aegislash\n|\n|-heal|p1a: Aegislash|89\/100|[from] item: Leftovers\n|upkeep\n|turn|19\n|\n|t:|1701136077\n|move|p2a: Heracross|Earthquake|p1a: Aegislash\n|-supereffective|p1a: Aegislash\n|-damage|p1a: Aegislash|35\/100\n|-formechange|p1a: Aegislash|Aegislash-Blade||[from] ability: Stance Change\n|move|p1a: Aegislash|Shadow Ball|p2a: Heracross\n|-damage|p2a: Heracross|57\/100\n|\n|-heal|p1a: Aegislash|41\/100|[from] item: Leftovers\n|upkeep\n|turn|20\n|\n|t:|1701136095\n|-formechange|p1a: Aegislash|Aegislash||[from] ability: Stance Change\n|move|p1a: Aegislash|King's Shield|p1a: Aegislash\n|-singleturn|p1a: Aegislash|Protect\n|move|p2a: Heracross|Earthquake|p1a: Aegislash\n|-activate|p1a: Aegislash|move: Protect\n|\n|-heal|p1a: Aegislash|47\/100|[from] item: Leftovers\n|upkeep\n|turn|21\n|inactive|Battle timer is ON: inactive players will automatically lose when time's up. (requested by Juaner95)\n|\n|t:|1701136111\n|switch|p1a: Greninja|Greninja, M|25\/100\n|move|p2a: Heracross|Earthquake|p1a: Greninja\n|-damage|p1a: Greninja|0 fnt\n|faint|p1a: Greninja\n|-ability|p2a: Heracross|Moxie|boost\n|-boost|p2a: Heracross|atk|1\n|\n|upkeep\n|\n|t:|1701136118\n|switch|p1a: Gallade|Gallade, M|100\/100\n|turn|22\n|\n|t:|1701136124\n|move|p2a: Heracross|Earthquake|p1a: Gallade\n|-damage|p1a: Gallade|11\/100\n|move|p1a: Gallade|Psycho Cut|p2a: Heracross\n|-supereffective|p2a: Heracross\n|-damage|p2a: Heracross|0 fnt\n|faint|p2a: Heracross\n|\n|-heal|p1a: Gallade|17\/100|[from] item: Leftovers\n|upkeep\n|\n|t:|1701136140\n|switch|p2a: Celebi|Celebi, shiny|100\/100\n|turn|23\n|\n|t:|1701136149\n|switch|p1a: Metagross|Metagross, shiny|50\/100\n|move|p2a: Celebi|U-turn|p1a: Metagross\n|-damage|p1a: Metagross|40\/100\n|\n|t:|1701136154\n|switch|p2a: Umbreon|Umbreon, M, shiny|54\/100|[from] U-turn\n|\n|-heal|p2a: Umbreon|60\/100|[from] item: Leftovers\n|upkeep\n|turn|24\n|\n|t:|1701136176\n|move|p1a: Metagross|Meteor Mash|p2a: Umbreon|[miss]\n|-miss|p1a: Metagross|p2a: Umbreon\n|move|p2a: Umbreon|Wish|p2a: Umbreon\n|\n|-heal|p2a: Umbreon|66\/100|[from] item: Leftovers\n|upkeep\n|turn|25\n|\n|t:|1701136197\n|move|p1a: Metagross|Earthquake|p2a: Umbreon\n|-damage|p2a: Umbreon|37\/100\n|move|p2a: Umbreon|Foul Play|p1a: Metagross\n|-supereffective|p1a: Metagross\n|-damage|p1a: Metagross|0 fnt\n|faint|p1a: Metagross\n|\n|-heal|p2a: Umbreon|87\/100|[from] move: Wish|[wisher] Umbreon\n|-heal|p2a: Umbreon|93\/100|[from] item: Leftovers\n|upkeep\n|\n|t:|1701136211\n|switch|p1a: Gallade|Gallade, M|17\/100\n|turn|26\n|\n|t:|1701136216\n|move|p1a: Gallade|Drain Punch|p2a: Umbreon\n|-supereffective|p2a: Umbreon\n|-damage|p2a: Umbreon|32\/100\n|-heal|p1a: Gallade|61\/100|[from] drain|[of] p2a: Umbreon\n|move|p2a: Umbreon|Foul Play|p1a: Gallade\n|-damage|p1a: Gallade|0 fnt\n|faint|p1a: Gallade\n|\n|-heal|p2a: Umbreon|38\/100|[from] item: Leftovers\n|upkeep\n|\n|t:|1701136230\n|switch|p1a: Genesect|Genesect|30\/100\n|-ability|p1a: Genesect|Download|boost\n|-boost|p1a: Genesect|atk|1\n|turn|27\n|\n|t:|1701136236\n|switch|p2a: Lugia|Lugia, shiny|100\/100\n|move|p1a: Genesect|Giga Drain|p2a: Lugia\n|-resisted|p2a: Lugia\n|-damage|p2a: Lugia|97\/100\n|-heal|p1a: Genesect|33\/100|[from] drain|[of] p2a: Lugia\n|\n|-heal|p2a: Lugia|100\/100|[from] item: Leftovers\n|upkeep\n|turn|28\n|\n|t:|1701136245\n|switch|p1a: Aegislash|Aegislash, M|47\/100\n|move|p2a: Lugia|Ice Beam|p1a: Aegislash\n|-resisted|p1a: Aegislash\n|-damage|p1a: Aegislash|42\/100\n|\n|-heal|p1a: Aegislash|48\/100|[from] item: Leftovers\n|upkeep\n|turn|29\n|\n|t:|1701136256\n|move|p2a: Lugia|Ice Beam|p1a: Aegislash\n|-resisted|p1a: Aegislash\n|-damage|p1a: Aegislash|42\/100\n|-formechange|p1a: Aegislash|Aegislash-Blade||[from] ability: Stance Change\n|move|p1a: Aegislash|Flash Cannon|p2a: Lugia\n|-damage|p2a: Lugia|91\/100\n|\n|-heal|p2a: Lugia|97\/100|[from] item: Leftovers\n|-heal|p1a: Aegislash|49\/100|[from] item: Leftovers\n|upkeep\n|turn|30\n|\n|t:|1701136266\n|-formechange|p1a: Aegislash|Aegislash||[from] ability: Stance Change\n|move|p1a: Aegislash|King's Shield|p1a: Aegislash\n|-singleturn|p1a: Aegislash|Protect\n|move|p2a: Lugia|Ice Beam|p1a: Aegislash\n|-activate|p1a: Aegislash|move: Protect\n|\n|-heal|p2a: Lugia|100\/100|[from] item: Leftovers\n|-heal|p1a: Aegislash|55\/100|[from] item: Leftovers\n|upkeep\n|turn|31\n|\n|t:|1701136277\n|move|p2a: Lugia|Ice Beam|p1a: Aegislash\n|-resisted|p1a: Aegislash\n|-damage|p1a: Aegislash|49\/100\n|-formechange|p1a: Aegislash|Aegislash-Blade||[from] ability: Stance Change\n|move|p1a: Aegislash|Shadow Ball|p2a: Lugia\n|-supereffective|p2a: Lugia\n|-damage|p2a: Lugia|80\/100\n|\n|-heal|p2a: Lugia|87\/100|[from] item: Leftovers\n|-heal|p1a: Aegislash|55\/100|[from] item: Leftovers\n|upkeep\n|turn|32\n|\n|t:|1701136290\n|-formechange|p1a: Aegislash|Aegislash||[from] ability: Stance Change\n|move|p1a: Aegislash|King's Shield|p1a: Aegislash\n|-singleturn|p1a: Aegislash|Protect\n|move|p2a: Lugia|Whirlwind|p1a: Aegislash\n|drag|p1a: Genesect|Genesect|33\/100\n|-ability|p1a: Genesect|Download|boost\n|-boost|p1a: Genesect|spa|1\n|\n|-heal|p2a: Lugia|93\/100|[from] item: Leftovers\n|upkeep\n|turn|33\n|\n|t:|1701136301\n|move|p1a: Genesect|Thunder|p2a: Lugia|[miss]\n|-miss|p1a: Genesect|p2a: Lugia\n|move|p2a: Lugia|Ice Beam|p1a: Genesect\n|-resisted|p1a: Genesect\n|-damage|p1a: Genesect|20\/100\n|\n|-heal|p2a: Lugia|99\/100|[from] item: Leftovers\n|upkeep\n|turn|34\n|\n|t:|1701136309\n|move|p1a: Genesect|Thunder|p2a: Lugia\n|-supereffective|p2a: Lugia\n|-damage|p2a: Lugia|42\/100\n|-status|p2a: Lugia|par\n|move|p2a: Lugia|Ice Beam|p1a: Genesect\n|-resisted|p1a: Genesect\n|-damage|p1a: Genesect|9\/100\n|\n|-heal|p2a: Lugia|49\/100 par|[from] item: Leftovers\n|upkeep\n|turn|35\n|\n|t:|1701136317\n|switch|p2a: Celebi|Celebi, shiny|100\/100\n|move|p1a: Genesect|Thunder|p2a: Celebi\n|-resisted|p2a: Celebi\n|-damage|p2a: Celebi|84\/100\n|-status|p2a: Celebi|par\n|\n|-heal|p2a: Celebi|90\/100 par|[from] item: Leftovers\n|upkeep\n|turn|36\n|\n|t:|1701136327\n|switch|p1a: Aegislash|Aegislash, M|55\/100\n|move|p2a: Celebi|U-turn|p1a: Aegislash\n|-resisted|p1a: Aegislash\n|-damage|p1a: Aegislash|52\/100\n|\n|t:|1701136330\n|-curestatus|p2a: Celebi|par|[from] ability: Natural Cure\n|switch|p2a: Umbreon|Umbreon, M, shiny|38\/100|[from] U-turn\n|\n|-heal|p2a: Umbreon|44\/100|[from] item: Leftovers\n|-heal|p1a: Aegislash|59\/100|[from] item: Leftovers\n|upkeep\n|turn|37\n|\n|t:|1701136343\n|move|p2a: Umbreon|Protect|p2a: Umbreon\n|-singleturn|p2a: Umbreon|Protect\n|-formechange|p1a: Aegislash|Aegislash-Blade||[from] ability: Stance Change\n|move|p1a: Aegislash|Flash Cannon|p2a: Umbreon\n|-activate|p2a: Umbreon|move: Protect\n|\n|-heal|p2a: Umbreon|50\/100|[from] item: Leftovers\n|-heal|p1a: Aegislash|65\/100|[from] item: Leftovers\n|upkeep\n|turn|38\n|\n|t:|1701136357\n|-formechange|p1a: Aegislash|Aegislash||[from] ability: Stance Change\n|move|p1a: Aegislash|King's Shield|p1a: Aegislash\n|-singleturn|p1a: Aegislash|Protect\n|move|p2a: Umbreon|Wish|p2a: Umbreon\n|\n|-heal|p2a: Umbreon|56\/100|[from] item: Leftovers\n|-heal|p1a: Aegislash|71\/100|[from] item: Leftovers\n|upkeep\n|turn|39\n|\n|t:|1701136365\n|move|p2a: Umbreon|Heal Bell|p2a: Umbreon\n|-activate|p2a: Umbreon|move: Heal Bell\n|-curestatus|p2: Lugia|par|[msg]\n|-formechange|p1a: Aegislash|Aegislash-Blade||[from] ability: Stance Change\n|move|p1a: Aegislash|Flash Cannon|p2a: Umbreon\n|-damage|p2a: Umbreon|36\/100\n|\n|-heal|p2a: Umbreon|86\/100|[from] move: Wish|[wisher] Umbreon\n|-heal|p2a: Umbreon|92\/100|[from] item: Leftovers\n|-heal|p1a: Aegislash|77\/100|[from] item: Leftovers\n|upkeep\n|turn|40\n|\n|t:|1701136377\n|-formechange|p1a: Aegislash|Aegislash||[from] ability: Stance Change\n|move|p1a: Aegislash|King's Shield|p1a: Aegislash\n|-singleturn|p1a: Aegislash|Protect\n|move|p2a: Umbreon|Wish|p2a: Umbreon\n|\n|-heal|p2a: Umbreon|98\/100|[from] item: Leftovers\n|-heal|p1a: Aegislash|83\/100|[from] item: Leftovers\n|upkeep\n|turn|41\n|\n|t:|1701136388\n|move|p2a: Umbreon|Foul Play|p1a: Aegislash\n|-supereffective|p1a: Aegislash\n|-damage|p1a: Aegislash|52\/100\n|-formechange|p1a: Aegislash|Aegislash-Blade||[from] ability: Stance Change\n|move|p1a: Aegislash|Shadow Ball|p2a: Umbreon\n|-resisted|p2a: Umbreon\n|-damage|p2a: Umbreon|88\/100\n|-unboost|p2a: Umbreon|spd|1\n|\n|-heal|p2a: Umbreon|100\/100|[from] move: Wish|[wisher] Umbreon\n|-heal|p1a: Aegislash|58\/100|[from] item: Leftovers\n|upkeep\n|turn|42\n|\n|t:|1701136400\n|switch|p2a: Celebi|Celebi, shiny|90\/100\n|-formechange|p1a: Aegislash|Aegislash||[from] ability: Stance Change\n|move|p1a: Aegislash|King's Shield||[still]\n|-fail|p1a: Aegislash\n|\n|-heal|p2a: Celebi|96\/100|[from] item: Leftovers\n|-heal|p1a: Aegislash|64\/100|[from] item: Leftovers\n|upkeep\n|turn|43\n|\n|t:|1701136419\n|move|p2a: Celebi|U-turn|p1a: Aegislash\n|-resisted|p1a: Aegislash\n|-damage|p1a: Aegislash|61\/100\n|\n|t:|1701136422\n|switch|p2a: Umbreon|Umbreon, M, shiny|100\/100|[from] U-turn\n|-formechange|p1a: Aegislash|Aegislash-Blade||[from] ability: Stance Change\n|move|p1a: Aegislash|Flash Cannon|p2a: Umbreon\n|-damage|p2a: Umbreon|80\/100\n|\n|-heal|p2a: Umbreon|86\/100|[from] item: Leftovers\n|-heal|p1a: Aegislash|67\/100|[from] item: Leftovers\n|upkeep\n|turn|44\n|\n|t:|1701136432\n|-formechange|p1a: Aegislash|Aegislash||[from] ability: Stance Change\n|move|p1a: Aegislash|King's Shield|p1a: Aegislash\n|-singleturn|p1a: Aegislash|Protect\n|move|p2a: Umbreon|Foul Play|p1a: Aegislash\n|-activate|p1a: Aegislash|move: Protect\n|-unboost|p2a: Umbreon|atk|1\n|\n|-heal|p2a: Umbreon|92\/100|[from] item: Leftovers\n|-heal|p1a: Aegislash|74\/100|[from] item: Leftovers\n|upkeep\n|turn|45\n|\n|t:|1701136455\n|move|p2a: Umbreon|Wish|p2a: Umbreon\n|-formechange|p1a: Aegislash|Aegislash-Blade||[from] ability: Stance Change\n|move|p1a: Aegislash|Flash Cannon|p2a: Umbreon\n|-damage|p2a: Umbreon|72\/100\n|\n|-heal|p2a: Umbreon|78\/100|[from] item: Leftovers\n|-heal|p1a: Aegislash|80\/100|[from] item: Leftovers\n|upkeep\n|turn|46\n|\n|t:|1701136466\n|-formechange|p1a: Aegislash|Aegislash||[from] ability: Stance Change\n|move|p1a: Aegislash|King's Shield|p1a: Aegislash\n|-singleturn|p1a: Aegislash|Protect\n|move|p2a: Umbreon|Wish||[still]\n|-fail|p2a: Umbreon\n|\n|-heal|p2a: Umbreon|100\/100|[from] move: Wish|[wisher] Umbreon\n|-heal|p1a: Aegislash|86\/100|[from] item: Leftovers\n|upkeep\n|turn|47\n|\n|t:|1701136475\n|move|p2a: Umbreon|Foul Play|p1a: Aegislash\n|-supereffective|p1a: Aegislash\n|-damage|p1a: Aegislash|58\/100\n|-formechange|p1a: Aegislash|Aegislash-Blade||[from] ability: Stance Change\n|move|p1a: Aegislash|Flash Cannon|p2a: Umbreon\n|-damage|p2a: Umbreon|80\/100\n|\n|-heal|p2a: Umbreon|86\/100|[from] item: Leftovers\n|-heal|p1a: Aegislash|64\/100|[from] item: Leftovers\n|upkeep\n|turn|48\n|\n|t:|1701136491\n|switch|p1a: Genesect|Genesect|9\/100\n|-ability|p1a: Genesect|Download|boost\n|-boost|p1a: Genesect|atk|1\n|move|p2a: Umbreon|Wish|p2a: Umbreon\n|\n|-heal|p2a: Umbreon|92\/100|[from] item: Leftovers\n|upkeep\n|turn|49\n|\n|t:|1701136499\n|move|p1a: Genesect|Giga Drain|p2a: Umbreon\n|-damage|p2a: Umbreon|78\/100\n|-heal|p1a: Genesect|19\/100|[from] drain|[of] p2a: Umbreon\n|move|p2a: Umbreon|Foul Play|p1a: Genesect\n|-damage|p1a: Genesect|0 fnt\n|faint|p1a: Genesect\n|\n|-heal|p2a: Umbreon|100\/100|[from] move: Wish|[wisher] Umbreon\n|upkeep\n|c|\u2606Juaner95|GG\n|c|\u2606Serprai|gg wp\n|\n|t:|1701136512\n|switch|p1a: Aegislash|Aegislash, M|64\/100\n|turn|50\n|\n|t:|1701136521\n|move|p2a: Umbreon|Wish|p2a: Umbreon\n|-formechange|p1a: Aegislash|Aegislash-Blade||[from] ability: Stance Change\n|move|p1a: Aegislash|Flash Cannon|p2a: Umbreon\n|-damage|p2a: Umbreon|83\/100\n|\n|-heal|p2a: Umbreon|89\/100|[from] item: Leftovers\n|-heal|p1a: Aegislash|71\/100|[from] item: Leftovers\n|upkeep\n|turn|51\n|-message|Serprai forfeited.\n|\n|win|Juaner95\n|raw|Serprai's rating: 1099 &rarr; <strong>1068<\/strong><br \/>(-31 for losing)\n|raw|Juaner95's rating: 1011 &rarr; <strong>1059<\/strong><br \/>(+48 for winning)\n|l|\u2606Serprai\n","uploadtime":1701136535,"views":3,"p1id":"serprai","p2id":"juaner95","formatid":"gen9nationaldexubers","rating":1059,"private":0,"password":""}