{"id":"gen9nationaldexubers-1980686900","p1":"flamingwrench11234","p2":"mindcap and more","format":"[Gen 9] National Dex Ubers","log":"|j|\u2606flamingwrench11234\n|j|\u2606mindcap and more\n|t:|1698812984\n|gametype|singles\n|player|p1|flamingwrench11234|1|\n|player|p2|mindcap and more|ninjaboy|\n|teamsize|p1|6\n|teamsize|p2|6\n|gen|9\n|tier|[Gen 9] National Dex Ubers\n|rated|Tournament battle\n|rule|HP Percentage Mod: HP is shown in percentages\n|rule|Endless Battle Clause: Forcing endless battles is banned\n|rule|OHKO Clause: OHKO moves are banned\n|rule|Evasion Moves Clause: Evasion moves are banned\n|rule|Evasion Items Clause: Evasion items are banned\n|rule|Species Clause: Limit one of each Pok\u00e9mon\n|rule|Sleep Clause Mod: Limit one foe put to sleep\n|rule|Mega Rayquaza Clause: You cannot mega evolve Rayquaza\n|clearpoke\n|poke|p1|Arceus-Ground|\n|poke|p1|Eternatus|\n|poke|p1|Yveltal|\n|poke|p1|Ho-Oh|\n|poke|p1|Groudon|\n|poke|p1|Marshadow|\n|poke|p2|Groudon|\n|poke|p2|Arceus-Water|\n|poke|p2|Eternatus|\n|poke|p2|Giratina-Origin|\n|poke|p2|Mewtwo|\n|poke|p2|Ho-Oh|\n|teampreview\n|inactive|Battle timer is ON: inactive players will automatically lose when time's up. (requested by mindcap and more)\n|inactive|mindcap and more has 120 seconds left.\n|\n|t:|1698813026\n|start\n|switch|p1a: Arceus|Arceus-Ground|100\/100\n|switch|p2a: Groudon|Groudon|100\/100\n|detailschange|p2a: Groudon|Groudon-Primal\n|-primal|p2a: Groudon|Red Orb\n|-weather|DesolateLand|[from] ability: Desolate Land|[of] p2a: Groudon\n|turn|1\n|\n|t:|1698813036\n|-weather|none\n|switch|p2a: Arceus|Arceus-Water|100\/100\n|move|p1a: Arceus|Judgment|p2a: Arceus\n|-damage|p2a: Arceus|68\/100\n|\n|upkeep\n|turn|2\n|\n|t:|1698813042\n|switch|p1a: Eternatus|Eternatus|100\/100\n|-ability|p1a: Eternatus|Pressure\n|move|p2a: Arceus|Ice Beam|p1a: Eternatus\n|-supereffective|p1a: Eternatus\n|-damage|p1a: Eternatus|71\/100\n|\n|-heal|p1a: Eternatus|77\/100|[from] item: Leftovers\n|upkeep\n|turn|3\n|\n|t:|1698813048\n|switch|p2a: Eternatus|Eternatus|100\/100\n|-ability|p2a: Eternatus|Pressure\n|move|p1a: Eternatus|Sludge Bomb|p2a: Eternatus\n|-resisted|p2a: Eternatus\n|-damage|p2a: Eternatus|86\/100\n|\n|-heal|p1a: Eternatus|84\/100|[from] item: Leftovers\n|upkeep\n|turn|4\n|\n|t:|1698813056\n|switch|p1a: Ho-Oh|Ho-Oh|100\/100\n|move|p2a: Eternatus|Dynamax Cannon|p1a: Ho-Oh\n|-damage|p1a: Ho-Oh|68\/100\n|\n|upkeep\n|turn|5\n|\n|t:|1698813077\n|switch|p2a: Ho-Oh|Ho-Oh|100\/100\n|move|p1a: Ho-Oh|Sacred Fire|p2a: Ho-Oh\n|-resisted|p2a: Ho-Oh\n|-damage|p2a: Ho-Oh|86\/100\n|\n|upkeep\n|turn|6\n|\n|t:|1698813082\n|move|p2a: Ho-Oh|Toxic|p1a: Ho-Oh\n|-status|p1a: Ho-Oh|tox\n|move|p1a: Ho-Oh|Toxic|p2a: Ho-Oh\n|-status|p2a: Ho-Oh|tox\n|\n|-damage|p2a: Ho-Oh|80\/100 tox|[from] psn\n|-damage|p1a: Ho-Oh|62\/100 tox|[from] psn\n|upkeep\n|turn|7\n|\n|t:|1698813092\n|switch|p2a: Mewtwo|Mewtwo|100\/100\n|-ability|p2a: Mewtwo|Pressure\n|switch|p1a: Eternatus|Eternatus|84\/100\n|-ability|p1a: Eternatus|Pressure\n|\n|-heal|p1a: Eternatus|90\/100|[from] item: Leftovers\n|upkeep\n|turn|8\n|\n|t:|1698813099\n|switch|p1a: Yveltal|Yveltal|100\/100\n|-ability|p1a: Yveltal|Dark Aura\n|detailschange|p2a: Mewtwo|Mewtwo-Mega-Y\n|-mega|p2a: Mewtwo|Mewtwo|Mewtwonite Y\n|move|p2a: Mewtwo|Focus Blast|p1a: Yveltal|[miss]\n|-miss|p2a: Mewtwo|p1a: Yveltal\n|\n|upkeep\n|turn|9\n|\n|t:|1698813108\n|switch|p2a: Arceus|Arceus-Water|68\/100\n|-terastallize|p1a: Yveltal|Dark\n|move|p1a: Yveltal|Sucker Punch||[still]\n|-fail|p1a: Yveltal\n|\n|upkeep\n|turn|10\n|\n|t:|1698813110\n|move|p2a: Arceus|Recover|p2a: Arceus\n|-heal|p2a: Arceus|100\/100\n|move|p1a: Yveltal|Dark Pulse|p2a: Arceus\n|-damage|p2a: Arceus|34\/100\n|-damage|p1a: Yveltal|91\/100|[from] item: Life Orb\n|\n|upkeep\n|turn|11\n|\n|t:|1698813140\n|move|p1a: Yveltal|Sucker Punch||[still]\n|-fail|p1a: Yveltal\n|move|p2a: Arceus|Recover|p2a: Arceus\n|-heal|p2a: Arceus|84\/100\n|\n|upkeep\n|turn|12\n|\n|t:|1698813143\n|switch|p1a: Eternatus|Eternatus|90\/100\n|-ability|p1a: Eternatus|Pressure\n|move|p2a: Arceus|Calm Mind|p2a: Arceus\n|-boost|p2a: Arceus|spa|1\n|-boost|p2a: Arceus|spd|1\n|\n|-heal|p1a: Eternatus|96\/100|[from] item: Leftovers\n|upkeep\n|turn|13\n|\n|t:|1698813149\n|move|p2a: Arceus|Ice Beam|p1a: Eternatus\n|-supereffective|p1a: Eternatus\n|-damage|p1a: Eternatus|49\/100\n|move|p1a: Eternatus|Sludge Bomb|p2a: Arceus\n|-damage|p2a: Arceus|65\/100\n|\n|-heal|p1a: Eternatus|55\/100|[from] item: Leftovers\n|upkeep\n|turn|14\n|\n|t:|1698813152\n|move|p2a: Arceus|Ice Beam|p1a: Eternatus\n|-supereffective|p1a: Eternatus\n|-damage|p1a: Eternatus|13\/100\n|-status|p1a: Eternatus|frz\n|cant|p1a: Eternatus|frz\n|\n|-heal|p1a: Eternatus|19\/100 frz|[from] item: Leftovers\n|upkeep\n|turn|15\n|\n|t:|1698813155\n|cant|p1a: Eternatus|frz\n|move|p2a: Arceus|Ice Beam|p1a: Eternatus\n|-supereffective|p1a: Eternatus\n|-damage|p1a: Eternatus|0 fnt\n|faint|p1a: Eternatus\n|\n|upkeep\n|\n|t:|1698813158\n|switch|p1a: Marshadow|Marshadow|100\/100\n|turn|16\n|\n|t:|1698813164\n|switch|p2a: Groudon|Groudon-Primal|100\/100\n|-weather|DesolateLand|[from] ability: Desolate Land|[of] p2a: Groudon\n|move|p1a: Marshadow|Low Kick|p2a: Groudon\n|-damage|p2a: Groudon|64\/100\n|-damage|p1a: Marshadow|91\/100|[from] item: Life Orb\n|\n|-weather|DesolateLand|[upkeep]\n|upkeep\n|turn|17\n|\n|t:|1698813178\n|switch|p1a: Arceus|Arceus-Ground|100\/100\n|move|p2a: Groudon|Precipice Blades|p1a: Arceus\n|-damage|p1a: Arceus|56\/100\n|\n|-weather|DesolateLand|[upkeep]\n|upkeep\n|turn|18\n|\n|t:|1698813188\n|-weather|none\n|switch|p2a: Arceus|Arceus-Water|65\/100\n|move|p1a: Arceus|Judgment|p2a: Arceus\n|-damage|p2a: Arceus|31\/100\n|\n|upkeep\n|turn|19\n|\n|t:|1698813191\n|move|p1a: Arceus|Judgment|p2a: Arceus\n|-damage|p2a: Arceus|0 fnt\n|faint|p2a: Arceus\n|\n|upkeep\n|\n|t:|1698813210\n|switch|p2a: Mewtwo|Mewtwo-Mega-Y|100\/100\n|turn|20\n|\n|t:|1698813216\n|move|p1a: Arceus|Recover|p1a: Arceus\n|-heal|p1a: Arceus|100\/100\n|move|p2a: Mewtwo|Psystrike|p1a: Arceus\n|-damage|p1a: Arceus|58\/100\n|\n|upkeep\n|turn|21\n|\n|t:|1698813223\n|move|p1a: Arceus|Judgment|p2a: Mewtwo\n|-damage|p2a: Mewtwo|62\/100\n|move|p2a: Mewtwo|Nasty Plot|p2a: Mewtwo\n|-boost|p2a: Mewtwo|spa|2\n|\n|upkeep\n|turn|22\n|\n|t:|1698813227\n|switch|p1a: Yveltal|Yveltal, tera:Dark|91\/100\n|-ability|p1a: Yveltal|Dark Aura\n|move|p2a: Mewtwo|Focus Blast|p1a: Yveltal\n|-supereffective|p1a: Yveltal\n|-damage|p1a: Yveltal|0 fnt\n|faint|p1a: Yveltal\n|\n|upkeep\n|\n|t:|1698813233\n|switch|p1a: Marshadow|Marshadow|91\/100\n|turn|23\n|inactive|mindcap and more has 120 seconds left.\n|\n|t:|1698813280\n|switch|p2a: Groudon|Groudon-Primal|64\/100\n|-weather|DesolateLand|[from] ability: Desolate Land|[of] p2a: Groudon\n|move|p1a: Marshadow|Spectral Thief|p2a: Groudon\n|-damage|p2a: Groudon|33\/100\n|-damage|p1a: Marshadow|81\/100|[from] item: Life Orb\n|\n|-weather|DesolateLand|[upkeep]\n|upkeep\n|turn|24\n|\n|t:|1698813284\n|move|p1a: Marshadow|Low Kick|p2a: Groudon\n|-damage|p2a: Groudon|0 fnt\n|faint|p2a: Groudon\n|-weather|none\n|-damage|p1a: Marshadow|71\/100|[from] item: Life Orb\n|\n|upkeep\n|\n|t:|1698813286\n|switch|p2a: Eternatus|Eternatus|86\/100\n|-ability|p2a: Eternatus|Pressure\n|turn|25\n|\n|t:|1698813289\n|switch|p1a: Arceus|Arceus-Ground|58\/100\n|move|p2a: Eternatus|Dynamax Cannon|p1a: Arceus\n|-damage|p1a: Arceus|20\/100\n|\n|upkeep\n|turn|26\n|inactive|mindcap and more has 120 seconds left.\n|\n|t:|1698813309\n|switch|p1a: Ho-Oh|Ho-Oh|96\/100 tox\n|switch|p2a: Giratina|Giratina-Origin|100\/100\n|\n|-damage|p1a: Ho-Oh|90\/100 tox|[from] psn\n|upkeep\n|turn|27\n|\n|t:|1698813324\n|switch|p2a: Eternatus|Eternatus|86\/100\n|-ability|p2a: Eternatus|Pressure\n|move|p1a: Ho-Oh|Toxic|p2a: Eternatus\n|-immune|p2a: Eternatus\n|\n|-damage|p1a: Ho-Oh|78\/100 tox|[from] psn\n|upkeep\n|turn|28\n|\n|t:|1698813331\n|move|p2a: Eternatus|Dynamax Cannon|p1a: Ho-Oh\n|-damage|p1a: Ho-Oh|48\/100 tox\n|move|p1a: Ho-Oh|Sacred Fire|p2a: Eternatus\n|-resisted|p2a: Eternatus\n|-damage|p2a: Eternatus|69\/100\n|\n|-damage|p1a: Ho-Oh|30\/100 tox|[from] psn\n|upkeep\n|turn|29\n|\n|t:|1698813336\n|switch|p1a: Groudon|Groudon|100\/100\n|detailschange|p1a: Groudon|Groudon-Primal\n|-primal|p1a: Groudon|Red Orb\n|-weather|DesolateLand|[from] ability: Desolate Land|[of] p1a: Groudon\n|move|p2a: Eternatus|Recover|p2a: Eternatus\n|-heal|p2a: Eternatus|100\/100\n|\n|-weather|DesolateLand|[upkeep]\n|upkeep\n|turn|30\n|\n|t:|1698813351\n|-terastallize|p2a: Eternatus|Water\n|move|p2a: Eternatus|Toxic Spikes|p1a: Groudon\n|-sidestart|p1: flamingwrench11234|move: Toxic Spikes\n|move|p1a: Groudon|Eruption|p2a: Eternatus\n|-resisted|p2a: Eternatus\n|-damage|p2a: Eternatus|53\/100\n|\n|-weather|DesolateLand|[upkeep]\n|upkeep\n|turn|31\n|\n|t:|1698813355\n|move|p2a: Eternatus|Toxic Spikes|p1a: Groudon\n|-sidestart|p1: flamingwrench11234|move: Toxic Spikes\n|move|p1a: Groudon|Precipice Blades|p2a: Eternatus|[miss]\n|-miss|p1a: Groudon|p2a: Eternatus\n|\n|-weather|DesolateLand|[upkeep]\n|upkeep\n|turn|32\n|\n|t:|1698813359\n|move|p2a: Eternatus|Dynamax Cannon|p1a: Groudon\n|-damage|p1a: Groudon|39\/100\n|move|p1a: Groudon|Precipice Blades|p2a: Eternatus\n|-damage|p2a: Eternatus|0 fnt\n|faint|p2a: Eternatus\n|\n|-weather|DesolateLand|[upkeep]\n|upkeep\n|\n|t:|1698813368\n|switch|p2a: Mewtwo|Mewtwo-Mega-Y|62\/100\n|turn|33\n|\n|t:|1698813372\n|move|p2a: Mewtwo|Psystrike|p1a: Groudon\n|-damage|p1a: Groudon|0 fnt\n|faint|p1a: Groudon\n|-weather|none\n|\n|upkeep\n|\n|t:|1698813375\n|switch|p1a: Ho-Oh|Ho-Oh|63\/100 tox\n|turn|34\n|\n|t:|1698813377\n|move|p2a: Mewtwo|Psystrike|p1a: Ho-Oh\n|-damage|p1a: Ho-Oh|13\/100 tox\n|move|p1a: Ho-Oh|Defog|p2a: Mewtwo\n|-unboost|p2a: Mewtwo|evasion|1\n|-sideend|p1: flamingwrench11234|Toxic Spikes|[from] move: Defog|[of] p1a: Ho-Oh\n|\n|-damage|p1a: Ho-Oh|7\/100 tox|[from] psn\n|upkeep\n|turn|35\n|inactive|flamingwrench11234 has 120 seconds left.\n|inactive|flamingwrench11234 has 90 seconds left.\n|\n|t:|1698813440\n|move|p2a: Mewtwo|Psystrike|p1a: Ho-Oh\n|-damage|p1a: Ho-Oh|0 fnt\n|faint|p1a: Ho-Oh\n|\n|upkeep\n|\n|t:|1698813442\n|switch|p1a: Marshadow|Marshadow|71\/100\n|turn|36\n|\n|t:|1698813459\n|switch|p2a: Giratina|Giratina-Origin|100\/100\n|move|p1a: Marshadow|Spectral Thief|p2a: Giratina\n|-supereffective|p2a: Giratina\n|-damage|p2a: Giratina|17\/100\n|-damage|p1a: Marshadow|61\/100|[from] item: Life Orb\n|\n|upkeep\n|turn|37\n|\n|t:|1698813469\n|move|p1a: Marshadow|Rock Tomb|p2a: Giratina\n|-damage|p2a: Giratina|0 fnt\n|faint|p2a: Giratina\n|-damage|p1a: Marshadow|51\/100|[from] item: Life Orb\n|\n|upkeep\n|\n|t:|1698813480\n|switch|p2a: Mewtwo|Mewtwo-Mega-Y|62\/100\n|turn|38\n|\n|t:|1698813484\n|move|p1a: Marshadow|Shadow Sneak|p2a: Mewtwo\n|-supereffective|p2a: Mewtwo\n|-damage|p2a: Mewtwo|0 fnt\n|faint|p2a: Mewtwo\n|-damage|p1a: Marshadow|41\/100|[from] item: Life Orb\n|\n|upkeep\n|\n|t:|1698813487\n|switch|p2a: Ho-Oh|Ho-Oh|100\/100 tox\n|turn|39\n|\n|t:|1698813490\n|move|p1a: Marshadow|Rock Tomb|p2a: Ho-Oh|[miss]\n|-miss|p1a: Marshadow|p2a: Ho-Oh\n|move|p2a: Ho-Oh|Brave Bird|p1a: Marshadow\n|-supereffective|p1a: Marshadow\n|-damage|p1a: Marshadow|0 fnt\n|faint|p1a: Marshadow\n|-damage|p2a: Ho-Oh|90\/100 tox|[from] Recoil\n|\n|-damage|p2a: Ho-Oh|84\/100 tox|[from] psn\n|upkeep\n|c|\u2606flamingwrench11234|...\n|c|\u2606flamingwrench11234|Bruh\n|c|\u2606flamingwrench11234|The 5% miss chance\n|\n|t:|1698813509\n|switch|p1a: Arceus|Arceus-Ground|20\/100\n|turn|40\n|\n|t:|1698813519\n|move|p1a: Arceus|Taunt|p2a: Ho-Oh\n|-start|p2a: Ho-Oh|move: Taunt\n|cant|p2a: Ho-Oh|move: Taunt|Toxic\n|\n|-damage|p2a: Ho-Oh|72\/100 tox|[from] psn\n|upkeep\n|turn|41\n|\n|t:|1698813523\n|move|p1a: Arceus|Recover|p1a: Arceus\n|-heal|p1a: Arceus|70\/100\n|move|p2a: Ho-Oh|Brave Bird|p1a: Arceus\n|-damage|p1a: Arceus|40\/100\n|-damage|p2a: Ho-Oh|61\/100 tox|[from] Recoil\n|\n|-damage|p2a: Ho-Oh|43\/100 tox|[from] psn\n|upkeep\n|turn|42\n|c|\u2606flamingwrench11234|I was gambling on that\n|\n|t:|1698813531\n|move|p1a: Arceus|Recover|p1a: Arceus\n|-heal|p1a: Arceus|90\/100\n|move|p2a: Ho-Oh|Brave Bird|p1a: Arceus\n|-damage|p1a: Arceus|57\/100\n|-damage|p2a: Ho-Oh|31\/100 tox|[from] Recoil\n|\n|-damage|p2a: Ho-Oh|7\/100 tox|[from] psn\n|-end|p2a: Ho-Oh|move: Taunt\n|upkeep\n|turn|43\n|\n|t:|1698813538\n|move|p1a: Arceus|Taunt|p2a: Ho-Oh\n|-start|p2a: Ho-Oh|move: Taunt\n|move|p2a: Ho-Oh|Brave Bird|p1a: Arceus\n|-damage|p1a: Arceus|26\/100\n|-damage|p2a: Ho-Oh|0 fnt|[from] Recoil\n|faint|p2a: Ho-Oh\n|\n|win|flamingwrench11234\n|n|\u2606flamingwrench11234|flamingwrench11234\n|n|\u2606mindcap and more|mindcapandmore\n","uploadtime":1698813539,"views":15,"p1id":"flamingwrench11234","p2id":"mindcapandmore","formatid":"gen9nationaldexubers","rating":0,"private":0,"password":""}