{"id":"gen9nationaldexubers-1998151360","p1":"Ash Ketchum344","p2":"UsoJo","format":"[Gen 9] National Dex Ubers","log":"|j|\u2606Ash Ketchum344\n|j|\u2606UsoJo\n|t:|1700901363\n|gametype|singles\n|player|p1|Ash Ketchum344|ash|1140\n|player|p2|UsoJo|ghetsis|1030\n|teamsize|p1|6\n|teamsize|p2|6\n|gen|9\n|tier|[Gen 9] National Dex Ubers\n|rated|\n|rule|HP Percentage Mod: HP is shown in percentages\n|rule|Endless Battle Clause: Forcing endless battles is banned\n|rule|OHKO Clause: OHKO moves are banned\n|rule|Evasion Moves Clause: Evasion moves are banned\n|rule|Evasion Items Clause: Evasion items are banned\n|rule|Species Clause: Limit one of each Pok\u00e9mon\n|rule|Sleep Clause Mod: Limit one foe put to sleep\n|rule|Mega Rayquaza Clause: You cannot mega evolve Rayquaza\n|clearpoke\n|poke|p1|Lucario, M|\n|poke|p1|Dragonite, F|\n|poke|p1|Dracovish|\n|poke|p1|Gengar, M|\n|poke|p1|Sirfetch\u2019d, M|\n|poke|p1|Pikachu, F|\n|poke|p2|Latias, F|\n|poke|p2|Flygon, M|\n|poke|p2|Haxorus, M|\n|poke|p2|Kommo-o, M|\n|poke|p2|Garchomp, M|\n|poke|p2|Noivern, F|\n|teampreview\n|\n|t:|1700901376\n|start\n|switch|p1a: Gengar|Gengar, M|100\/100\n|switch|p2a: Clanging Thunder|Kommo-o, M|100\/100\n|turn|1\n|\n|t:|1700901384\n|move|p1a: Gengar|Dazzling Gleam|p2a: Clanging Thunder\n|-supereffective|p2a: Clanging Thunder\n|-damage|p2a: Clanging Thunder|0 fnt\n|faint|p2a: Clanging Thunder\n|\n|upkeep\n|inactive|Battle timer is ON: inactive players will automatically lose when time's up. (requested by Ash Ketchum344)\n|\n|t:|1700901400\n|switch|p2a: Raihans Ride|Flygon, M|100\/100\n|turn|2\n|\n|t:|1700901405\n|switch|p1a: Dragonite|Dragonite, F|100\/100\n|move|p2a: Raihans Ride|Dragon Dance|p2a: Raihans Ride\n|-boost|p2a: Raihans Ride|atk|1\n|-boost|p2a: Raihans Ride|spe|1\n|\n|upkeep\n|turn|3\n|\n|t:|1700901412\n|-terastallize|p1a: Dragonite|Normal\n|move|p2a: Raihans Ride|Breaking Swipe|p1a: Dragonite\n|-damage|p1a: Dragonite|81\/100\n|-unboost|p1a: Dragonite|atk|1\n|move|p1a: Dragonite|Dragon Claw|p2a: Raihans Ride\n|-supereffective|p2a: Raihans Ride\n|-damage|p2a: Raihans Ride|12\/100\n|\n|upkeep\n|turn|4\n|\n|t:|1700901424\n|move|p1a: Dragonite|Extreme Speed|p2a: Raihans Ride\n|-damage|p2a: Raihans Ride|0 fnt\n|faint|p2a: Raihans Ride\n|\n|upkeep\n|\n|t:|1700901429\n|switch|p2a: Dragaxe|Haxorus, M, shiny|100\/100\n|-ability|p2a: Dragaxe|Mold Breaker\n|turn|5\n|\n|t:|1700901436\n|move|p2a: Dragaxe|Close Combat|p1a: Dragonite\n|-supereffective|p1a: Dragonite\n|-damage|p1a: Dragonite|0 fnt\n|-unboost|p2a: Dragaxe|def|1\n|-unboost|p2a: Dragaxe|spd|1\n|faint|p1a: Dragonite\n|\n|upkeep\n|\n|t:|1700901440\n|switch|p1a: Gengar|Gengar, M|100\/100\n|turn|6\n|\n|t:|1700901454\n|-terastallize|p2a: Dragaxe|Steel\n|move|p1a: Gengar|Dazzling Gleam|p2a: Dragaxe\n|-resisted|p2a: Dragaxe\n|-damage|p2a: Dragaxe|55\/100\n|move|p2a: Dragaxe|Crunch|p1a: Gengar\n|-supereffective|p1a: Gengar\n|-damage|p1a: Gengar|0 fnt\n|faint|p1a: Gengar\n|\n|upkeep\n|\n|t:|1700901462\n|switch|p1a: Dracovish|Dracovish|100\/100\n|turn|7\n|\n|t:|1700901468\n|move|p1a: Dracovish|Fishious Rend|p2a: Dragaxe\n|-damage|p2a: Dragaxe|0 fnt\n|faint|p2a: Dragaxe\n|\n|upkeep\n|\n|t:|1700901475\n|switch|p2a: Machboom|Noivern, F|100\/100\n|turn|8\n|\n|t:|1700901480\n|move|p1a: Dracovish|Fishious Rend|p2a: Machboom\n|-resisted|p2a: Machboom\n|-damage|p2a: Machboom|34\/100\n|move|p2a: Machboom|Draco Meteor|p1a: Dracovish\n|-supereffective|p1a: Dracovish\n|-damage|p1a: Dracovish|0 fnt\n|-unboost|p2a: Machboom|spa|2\n|faint|p1a: Dracovish\n|\n|upkeep\n|\n|t:|1700901491\n|switch|p1a: Sirfetch\u2019d|Sirfetch\u2019d, M|100\/100\n|turn|9\n|\n|t:|1700901499\n|switch|p2a: Dragonfly|Latias, F, shiny|100\/100\n|move|p1a: Sirfetch\u2019d|Brave Bird|p2a: Dragonfly\n|-damage|p2a: Dragonfly|10\/100\n|-damage|p1a: Sirfetch\u2019d|73\/100|[from] Recoil\n|\n|upkeep\n|turn|10\n|\n|t:|1700901511\n|move|p2a: Dragonfly|Psyshock|p1a: Sirfetch\u2019d\n|-supereffective|p1a: Sirfetch\u2019d\n|-damage|p1a: Sirfetch\u2019d|0 fnt\n|faint|p1a: Sirfetch\u2019d\n|\n|upkeep\n|\n|t:|1700901515\n|switch|p1a: Lucario|Lucario, M|100\/100\n|turn|11\n|\n|t:|1700901520\n|detailschange|p1a: Lucario|Lucario-Mega, M\n|-mega|p1a: Lucario|Lucario|Lucarionite\n|move|p1a: Lucario|Bullet Punch|p2a: Dragonfly\n|-damage|p2a: Dragonfly|0 fnt\n|faint|p2a: Dragonfly\n|\n|upkeep\n|\n|t:|1700901526\n|switch|p2a: Sandscale|Garchomp, M, shiny|100\/100\n|turn|12\n|\n|t:|1700901531\n|move|p1a: Lucario|Ice Punch|p2a: Sandscale\n|-supereffective|p2a: Sandscale\n|-damage|p2a: Sandscale|0 fnt\n|-damage|p1a: Lucario|88\/100|[from] ability: Rough Skin|[of] p2a: Sandscale\n|faint|p2a: Sandscale\n|\n|upkeep\n|\n|t:|1700901538\n|switch|p2a: Machboom|Noivern, F|34\/100\n|turn|13\n|\n|t:|1700901544\n|move|p1a: Lucario|Close Combat|p2a: Machboom\n|-resisted|p2a: Machboom\n|-damage|p2a: Machboom|0 fnt\n|-unboost|p1a: Lucario|def|1\n|-unboost|p1a: Lucario|spd|1\n|faint|p2a: Machboom\n|\n|win|Ash Ketchum344\n|raw|Ash Ketchum344's rating: 1140 &rarr; <strong>1157<\/strong><br \/>(+17 for winning)\n|raw|UsoJo's rating: 1030 &rarr; <strong>1020<\/strong><br \/>(-10 for losing)\n|l|\u2606UsoJo\n|c|\u2606Ash Ketchum344|Gg\n","uploadtime":1700901561,"views":1,"p1id":"ashketchum344","p2id":"usojo","formatid":"gen9nationaldexubers","rating":1020,"private":0,"password":""}