{"id":"gen9nationaldexubers-1997341418","p1":"alalalala147","p2":"DPPtBro","format":"[Gen 9] National Dex Ubers","log":"|j|\u2606alalalala147\n|j|\u2606DPPtBro\n|t:|1700791661\n|gametype|singles\n|player|p1|alalalala147|102|1195\n|player|p2|DPPtBro|ghetsis|1313\n|teamsize|p1|6\n|teamsize|p2|6\n|gen|9\n|tier|[Gen 9] National Dex Ubers\n|rated|\n|rule|HP Percentage Mod: HP is shown in percentages\n|rule|Endless Battle Clause: Forcing endless battles is banned\n|rule|OHKO Clause: OHKO moves are banned\n|rule|Evasion Moves Clause: Evasion moves are banned\n|rule|Evasion Items Clause: Evasion items are banned\n|rule|Species Clause: Limit one of each Pok\u00e9mon\n|rule|Sleep Clause Mod: Limit one foe put to sleep\n|rule|Mega Rayquaza Clause: You cannot mega evolve Rayquaza\n|clearpoke\n|poke|p1|Lugia|\n|poke|p1|Pawmot, F|\n|poke|p1|Ho-Oh|\n|poke|p1|Rayquaza|\n|poke|p1|Xerneas-*|\n|poke|p1|Groudon|\n|poke|p2|Aggron, M|\n|poke|p2|Hatterene, F|\n|poke|p2|Calyrex-Ice|\n|poke|p2|Ursaluna-Bloodmoon, M|\n|poke|p2|Garganacl, F|\n|poke|p2|Kingambit, M|\n|teampreview\n|inactive|Battle timer is ON: inactive players will automatically lose when time's up. (requested by alalalala147)\n|\n|t:|1700791672\n|start\n|switch|p1a: Groudon|Groudon|100\/100\n|switch|p2a: Calyrex|Calyrex-Ice|100\/100\n|-ability|p2a: Calyrex|As One\n|-ability|p2a: Calyrex|Unnerve\n|detailschange|p1a: Groudon|Groudon-Primal\n|-primal|p1a: Groudon|Red Orb\n|-weather|DesolateLand|[from] ability: Desolate Land|[of] p1a: Groudon\n|turn|1\n|\n|t:|1700791687\n|move|p1a: Groudon|Rock Polish|p1a: Groudon\n|-boost|p1a: Groudon|spe|2\n|move|p2a: Calyrex|Trick Room|p2a: Calyrex\n|-fieldstart|move: Trick Room|[of] p2a: Calyrex\n|\n|-weather|DesolateLand|[upkeep]\n|upkeep\n|turn|2\n|\n|t:|1700791699\n|move|p2a: Calyrex|Glacial Lance|p1a: Groudon\n|-damage|p1a: Groudon|55\/100\n|move|p1a: Groudon|Hone Claws|p1a: Groudon\n|-boost|p1a: Groudon|atk|1\n|-boost|p1a: Groudon|accuracy|1\n|\n|-weather|DesolateLand|[upkeep]\n|upkeep\n|turn|3\n|\n|t:|1700791706\n|move|p2a: Calyrex|Glacial Lance|p1a: Groudon\n|-crit|p1a: Groudon\n|-damage|p1a: Groudon|0 fnt\n|faint|p1a: Groudon\n|-weather|none\n|-ability|p2a: Calyrex|Chilling Neigh|boost\n|-boost|p2a: Calyrex|atk|1\n|\n|upkeep\n|\n|t:|1700791716\n|switch|p1a: Ho-Oh|Ho-Oh|100\/100\n|turn|4\n|\n|t:|1700791734\n|move|p2a: Calyrex|Glacial Lance|p1a: Ho-Oh\n|-damage|p1a: Ho-Oh|0 fnt\n|faint|p1a: Ho-Oh\n|-ability|p2a: Calyrex|Chilling Neigh|boost\n|-boost|p2a: Calyrex|atk|1\n|\n|upkeep\n|\n|t:|1700791747\n|switch|p1a: Pawmot|Pawmot, F|100\/100\n|turn|5\n|\n|t:|1700791758\n|move|p2a: Calyrex|Glacial Lance|p1a: Pawmot\n|-enditem|p1a: Pawmot|Focus Sash\n|-damage|p1a: Pawmot|1\/100\n|move|p1a: Pawmot|Revival Blessing|p1a: Pawmot\n|\n|t:|1700791765\n|-heal|p1: Ho-Oh|50\/100|[from] move: Revival Blessing\n|\n|-fieldend|move: Trick Room\n|upkeep\n|turn|6\n|\n|t:|1700791769\n|move|p1a: Pawmot|Thunder Wave|p2a: Calyrex\n|-status|p2a: Calyrex|par\n|move|p2a: Calyrex|Trick Room|p2a: Calyrex\n|-fieldstart|move: Trick Room|[of] p2a: Calyrex\n|\n|upkeep\n|turn|7\n|\n|t:|1700791775\n|move|p1a: Pawmot|Protect|p1a: Pawmot\n|-singleturn|p1a: Pawmot|Protect\n|move|p2a: Calyrex|Heavy Slam|p1a: Pawmot\n|-activate|p1a: Pawmot|move: Protect\n|\n|upkeep\n|turn|8\n|\n|t:|1700791783\n|move|p2a: Calyrex|Heavy Slam|p1a: Pawmot\n|-resisted|p1a: Pawmot\n|-damage|p1a: Pawmot|0 fnt\n|faint|p1a: Pawmot\n|-ability|p2a: Calyrex|Chilling Neigh|boost\n|-boost|p2a: Calyrex|atk|1\n|\n|upkeep\n|\n|t:|1700791795\n|switch|p1a: Lugia|Lugia|100\/100\n|turn|9\n|\n|t:|1700791798\n|move|p1a: Lugia|Protect|p1a: Lugia\n|-singleturn|p1a: Lugia|Protect\n|move|p2a: Calyrex|Glacial Lance|p1a: Lugia\n|-activate|p1a: Lugia|move: Protect\n|\n|upkeep\n|turn|10\n|\n|t:|1700791806\n|move|p2a: Calyrex|Glacial Lance|p1a: Lugia\n|-supereffective|p1a: Lugia\n|-damage|p1a: Lugia|0 fnt\n|faint|p1a: Lugia\n|-ability|p2a: Calyrex|Chilling Neigh|boost\n|-boost|p2a: Calyrex|atk|1\n|\n|-fieldend|move: Trick Room\n|upkeep\n|\n|t:|1700791814\n|switch|p1a: Rayquaza|Rayquaza|100\/100\n|-ability|p1a: Rayquaza|Air Lock\n|turn|11\n|\n|t:|1700791818\n|-terastallize|p2a: Calyrex|Steel\n|move|p1a: Rayquaza|Extreme Speed|p2a: Calyrex\n|-resisted|p2a: Calyrex\n|-damage|p2a: Calyrex|90\/100 par\n|-damage|p1a: Rayquaza|84\/100|[from] item: Rocky Helmet|[of] p2a: Calyrex\n|move|p2a: Calyrex|Trick Room|p2a: Calyrex\n|-fieldstart|move: Trick Room|[of] p2a: Calyrex\n|\n|upkeep\n|turn|12\n|\n|t:|1700791835\n|switch|p1a: Ho-Oh|Ho-Oh|50\/100\n|move|p2a: Calyrex|Heavy Slam|p1a: Ho-Oh\n|-resisted|p1a: Ho-Oh\n|-damage|p1a: Ho-Oh|0 fnt\n|faint|p1a: Ho-Oh\n|-ability|p2a: Calyrex|Chilling Neigh|boost\n|-boost|p2a: Calyrex|atk|1\n|\n|upkeep\n|\n|t:|1700791843\n|switch|p1a: Rayquaza|Rayquaza|84\/100\n|-ability|p1a: Rayquaza|Air Lock\n|turn|13\n|\n|t:|1700791848\n|move|p2a: Calyrex|Glacial Lance|p1a: Rayquaza\n|-supereffective|p1a: Rayquaza\n|-damage|p1a: Rayquaza|0 fnt\n|faint|p1a: Rayquaza\n|-ability|p2a: Calyrex|Chilling Neigh|boost\n|-boost|p2a: Calyrex|atk|1\n|\n|upkeep\n|-message|alalalala147 forfeited.\n|\n|win|DPPtBro\n|raw|alalalala147's rating: 1195 &rarr; <strong>1178<\/strong><br \/>(-17 for losing)\n|raw|DPPtBro's rating: 1313 &rarr; <strong>1326<\/strong><br \/>(+13 for winning)\n|l|\u2606alalalala147\n","uploadtime":1700791950,"views":6,"p1id":"alalalala147","p2id":"dpptbro","formatid":"gen9nationaldexubers","rating":1178,"private":0,"password":""}