{"id":"gen9nationaldexubers-1989409303","p1":"Kagetsuchi","p2":"vic_ketchum","format":"[Gen 9] National Dex Ubers","log":"|j|\u2606Kagetsuchi\n|j|\u2606vic_ketchum\n|t:|1699846536\n|gametype|singles\n|player|p1|Kagetsuchi|waiter-gen4dp|1195\n|player|p2|vic_ketchum|ash-unova|1118\n|teamsize|p1|6\n|teamsize|p2|6\n|gen|9\n|tier|[Gen 9] National Dex Ubers\n|rated|\n|rule|HP Percentage Mod: HP is shown in percentages\n|rule|Endless Battle Clause: Forcing endless battles is banned\n|rule|OHKO Clause: OHKO moves are banned\n|rule|Evasion Moves Clause: Evasion moves are banned\n|rule|Evasion Items Clause: Evasion items are banned\n|rule|Species Clause: Limit one of each Pok\u00e9mon\n|rule|Sleep Clause Mod: Limit one foe put to sleep\n|rule|Mega Rayquaza Clause: You cannot mega evolve Rayquaza\n|clearpoke\n|poke|p1|Lucario, M|\n|poke|p1|Staraptor, M|\n|poke|p1|Samurott-Hisui, M|\n|poke|p1|Typhlosion-Hisui, M|\n|poke|p1|Komala, M|\n|poke|p1|Zorua-Hisui, M|\n|poke|p2|Mewtwo|\n|poke|p2|Pheromosa|\n|poke|p2|Deoxys|\n|poke|p2|Buzzwole|\n|poke|p2|Zoroark, M|\n|poke|p2|Scizor, M|\n|teampreview\n|inactive|Battle timer is ON: inactive players will automatically lose when time's up. (requested by Kagetsuchi)\n|\n|t:|1699846544\n|start\n|switch|p1a: Koa|Komala, M|100\/100\n|switch|p2a: CELL|Pheromosa|100\/100\n|-ability|p1a: Koa|Comatose\n|turn|1\n|\n|t:|1699846551\n|switch|p1a: Tai|Typhlosion-Hisui, M|100\/100\n|move|p2a: CELL|Bug Buzz|p1a: Tai\n|-resisted|p1a: Tai\n|-damage|p1a: Tai|86\/100\n|\n|upkeep\n|turn|2\n|\n|t:|1699846567\n|move|p2a: CELL|Poison Jab|p1a: Tai\n|-resisted|p1a: Tai\n|-damage|p1a: Tai|63\/100\n|move|p1a: Tai|Infernal Parade|p2a: CELL\n|-crit|p2a: CELL\n|-enditem|p2a: CELL|Focus Sash\n|-damage|p2a: CELL|1\/100\n|\n|upkeep\n|turn|3\n|\n|t:|1699846576\n|move|p2a: CELL|Ice Beam|p1a: Tai\n|-resisted|p1a: Tai\n|-damage|p1a: Tai|42\/100\n|-status|p1a: Tai|frz\n|-curestatus|p1a: Tai|frz|[msg]\n|move|p1a: Tai|Infernal Parade|p2a: CELL\n|-damage|p2a: CELL|0 fnt\n|faint|p2a: CELL\n|\n|upkeep\n|\n|t:|1699846586\n|switch|p2a: XICOR|Scizor, M, shiny|100\/100\n|turn|4\n|\n|t:|1699846591\n|switch|p1a: Sam|Samurott-Hisui, M, shiny|100\/100\n|move|p2a: XICOR|Dark Pulse|p1a: Sam\n|-resisted|p1a: Sam\n|-damage|p1a: Sam|75\/100\n|\n|upkeep\n|turn|5\n|\n|t:|1699846600\n|move|p1a: Sam|Sacred Sword|p2a: XICOR\n|-supereffective|p2a: XICOR\n|-enditem|p2a: XICOR|Focus Sash\n|-damage|p2a: XICOR|1\/100\n|replace|p2a: ZAMAS|Zoroark, M\n|-end|p2a: ZAMAS|Illusion\n|-damage|p1a: Sam|65\/100|[from] item: Life Orb\n|move|p2a: ZAMAS|Brick Break|p1a: Sam\n|-supereffective|p1a: Sam\n|-damage|p1a: Sam|14\/100\n|\n|upkeep\n|turn|6\n|\n|t:|1699846609\n|move|p1a: Sam|Aqua Jet|p2a: ZAMAS\n|-damage|p2a: ZAMAS|0 fnt\n|faint|p2a: ZAMAS\n|-damage|p1a: Sam|4\/100|[from] item: Life Orb\n|\n|upkeep\n|j| OSoverspike\n|\n|t:|1699846618\n|switch|p2a: BROLY|Buzzwole, shiny|100\/100\n|turn|7\n|\n|t:|1699846622\n|move|p1a: Sam|Sacred Sword|p2a: BROLY\n|-resisted|p2a: BROLY\n|-damage|p2a: BROLY|82\/100\n|-damage|p1a: Sam|0 fnt|[from] item: Life Orb\n|faint|p1a: Sam\n|move|p2a: BROLY|Thunder Punch|p1: Sam|[notarget]\n|-fail|p2a: BROLY\n|\n|upkeep\n|\n|t:|1699846626\n|switch|p1a: Tai|Typhlosion-Hisui, M|42\/100\n|turn|8\n|l| OSoverspike\n|\n|t:|1699846631\n|move|p1a: Tai|Eruption|p2a: BROLY\n|-supereffective|p2a: BROLY\n|-damage|p2a: BROLY|0 fnt\n|faint|p2a: BROLY\n|\n|upkeep\n|\n|t:|1699846636\n|switch|p2a: MAJIN BUU|Deoxys|100\/100\n|-ability|p2a: MAJIN BUU|Pressure\n|turn|9\n|\n|t:|1699846641\n|switch|p1a: Koa|Komala, M|100\/100\n|-ability|p1a: Koa|Comatose\n|move|p2a: MAJIN BUU|Dark Pulse|p1a: Koa\n|-damage|p1a: Koa|79\/100\n|\n|upkeep\n|turn|10\n|\n|t:|1699846648\n|move|p2a: MAJIN BUU|Psychic|p1a: Koa\n|-crit|p1a: Koa\n|-damage|p1a: Koa|25\/100\n|move|p1a: Koa|Knock Off|p2a: MAJIN BUU\n|-supereffective|p2a: MAJIN BUU\n|-enditem|p2a: MAJIN BUU|Focus Sash\n|-damage|p2a: MAJIN BUU|1\/100\n|\n|upkeep\n|turn|11\n|\n|t:|1699846659\n|move|p1a: Koa|Sucker Punch|p2a: MAJIN BUU\n|-supereffective|p2a: MAJIN BUU\n|-damage|p2a: MAJIN BUU|0 fnt\n|faint|p2a: MAJIN BUU\n|\n|upkeep\n|\n|t:|1699846663\n|switch|p2a: XICOR|Scizor, M, shiny|100\/100\n|turn|12\n|\n|t:|1699846666\n|switch|p1a: Tai|Typhlosion-Hisui, M|42\/100\n|move|p2a: XICOR|Swords Dance|p2a: XICOR\n|-boost|p2a: XICOR|atk|2\n|\n|upkeep\n|turn|13\n|\n|t:|1699846671\n|move|p2a: XICOR|Bullet Punch|p1a: Tai\n|-resisted|p1a: Tai\n|-damage|p1a: Tai|0 fnt\n|faint|p1a: Tai\n|\n|upkeep\n|\n|t:|1699846684\n|switch|p1a: Luke|Lucario, M|100\/100\n|turn|14\n|\n|t:|1699846687\n|detailschange|p1a: Luke|Lucario-Mega, M\n|-mega|p1a: Luke|Lucario|Lucarionite\n|move|p1a: Luke|Drain Punch|p2a: XICOR\n|-damage|p2a: XICOR|43\/100\n|move|p2a: XICOR|Swords Dance|p2a: XICOR\n|-boost|p2a: XICOR|atk|2\n|\n|upkeep\n|turn|15\n|\n|t:|1699846694\n|move|p2a: XICOR|Bullet Punch|p1a: Luke\n|-resisted|p1a: Luke\n|-damage|p1a: Luke|42\/100\n|move|p1a: Luke|Drain Punch|p2a: XICOR\n|-damage|p2a: XICOR|0 fnt\n|-heal|p1a: Luke|65\/100|[from] drain|[of] p2a: XICOR\n|faint|p2a: XICOR\n|\n|upkeep\n|\n|t:|1699846702\n|switch|p2a: FREEZER|Mewtwo|100\/100\n|-ability|p2a: FREEZER|Pressure\n|turn|16\n|\n|t:|1699846707\n|-terastallize|p2a: FREEZER|Ghost\n|move|p1a: Luke|Bullet Punch|p2a: FREEZER\n|-damage|p2a: FREEZER|70\/100\n|move|p2a: FREEZER|Flamethrower|p1a: Luke\n|-supereffective|p1a: Luke\n|-damage|p1a: Luke|0 fnt\n|faint|p1a: Luke\n|\n|upkeep\n|\n|t:|1699846712\n|switch|p1a: Koa|Komala, M|25\/100\n|-ability|p1a: Koa|Comatose\n|turn|17\n|\n|t:|1699846719\n|move|p1a: Koa|Sucker Punch|p2a: FREEZER\n|-supereffective|p2a: FREEZER\n|-damage|p2a: FREEZER|22\/100\n|move|p2a: FREEZER|Thunderbolt|p1a: Koa\n|-damage|p1a: Koa|3\/100\n|\n|upkeep\n|turn|18\n|\n|t:|1699846725\n|move|p1a: Koa|Sucker Punch|p2a: FREEZER\n|-supereffective|p2a: FREEZER\n|-damage|p2a: FREEZER|0 fnt\n|faint|p2a: FREEZER\n|\n|win|Kagetsuchi\n|raw|Kagetsuchi's rating: 1195 &rarr; <strong>1215<\/strong><br \/>(+20 for winning)\n|raw|vic_ketchum's rating: 1118 &rarr; <strong>1098<\/strong><br \/>(-20 for losing)\n|l|\u2606vic_ketchum\n|c|\u2606Kagetsuchi|gggs\n","uploadtime":1699846735,"views":10,"p1id":"kagetsuchi","p2id":"vicketchum","formatid":"gen9nationaldexubers","rating":1098,"private":0,"password":""}