{"id":"gen9nationaldexubers-1984872471","p1":"VampPhantom","p2":"RowletTheAnimator","format":"[Gen 9] National Dex Ubers","log":"|j|\u2606VampPhantom\n|j|\u2606RowletTheAnimator\n|t:|1699306352\n|gametype|singles\n|player|p1|VampPhantom|n|\n|player|p2|RowletTheAnimator|emmet|\n|teamsize|p1|6\n|teamsize|p2|6\n|gen|9\n|tier|[Gen 9] National Dex Ubers\n|rule|HP Percentage Mod: HP is shown in percentages\n|rule|Endless Battle Clause: Forcing endless battles is banned\n|rule|OHKO Clause: OHKO moves are banned\n|rule|Evasion Moves Clause: Evasion moves are banned\n|rule|Evasion Items Clause: Evasion items are banned\n|rule|Species Clause: Limit one of each Pok\u00e9mon\n|rule|Sleep Clause Mod: Limit one foe put to sleep\n|rule|Mega Rayquaza Clause: You cannot mega evolve Rayquaza\n|clearpoke\n|poke|p1|Piloswine, F|\n|poke|p1|Quagsire, M|\n|poke|p1|Arboliva, F|\n|poke|p1|Clodsire, F|\n|poke|p1|Cursola, F|\n|poke|p1|Cloyster, M|\n|poke|p2|Tinkaton, F|\n|poke|p2|Chi-Yu|\n|poke|p2|Flutter Mane|\n|poke|p2|Ogerpon-Cornerstone, F|\n|poke|p2|Lapras, M|\n|poke|p2|Whimsicott, F|\n|teampreview\n|\n|t:|1699306362\n|start\n|switch|p1a: LAND FEESH|Quagsire, M|100\/100\n|switch|p2a: Whimsii|Whimsicott, F|100\/100\n|turn|1\n|\n|t:|1699306367\n|move|p2a: Whimsii|Light Screen|p2a: Whimsii\n|-sidestart|p2: RowletTheAnimator|move: Light Screen\n|move|p1a: LAND FEESH|Sludge Bomb|p2a: Whimsii\n|-supereffective|p2a: Whimsii\n|-damage|p2a: Whimsii|71\/100\n|\n|upkeep\n|turn|2\n|\n|t:|1699306376\n|move|p2a: Whimsii|Moonblast|p1a: LAND FEESH\n|-damage|p1a: LAND FEESH|69\/100\n|-unboost|p1a: LAND FEESH|spa|1\n|move|p1a: LAND FEESH|Body Press|p2a: Whimsii\n|-resisted|p2a: Whimsii\n|-damage|p2a: Whimsii|60\/100\n|\n|upkeep\n|turn|3\n|\n|t:|1699306383\n|move|p2a: Whimsii|Tailwind|p2a: Whimsii\n|-sidestart|p2: RowletTheAnimator|move: Tailwind\n|move|p1a: LAND FEESH|Recover|p1a: LAND FEESH\n|-heal|p1a: LAND FEESH|100\/100\n|\n|upkeep\n|turn|4\n|\n|t:|1699306389\n|move|p2a: Whimsii|Moonblast|p1a: LAND FEESH\n|-crit|p1a: LAND FEESH\n|-damage|p1a: LAND FEESH|55\/100\n|-unboost|p1a: LAND FEESH|spa|1\n|move|p1a: LAND FEESH|High Horsepower|p2a: Whimsii\n|-resisted|p2a: Whimsii\n|-damage|p2a: Whimsii|38\/100\n|\n|upkeep\n|turn|5\n|\n|t:|1699306396\n|move|p2a: Whimsii|Moonblast|p1a: LAND FEESH\n|-damage|p1a: LAND FEESH|21\/100\n|move|p1a: LAND FEESH|Recover|p1a: LAND FEESH\n|-heal|p1a: LAND FEESH|71\/100\n|\n|upkeep\n|turn|6\n|\n|t:|1699306422\n|switch|p1a: BABY LAND FEESH|Clodsire, F|100\/100\n|move|p2a: Whimsii|Moonblast|p1a: BABY LAND FEESH\n|-resisted|p1a: BABY LAND FEESH\n|-damage|p1a: BABY LAND FEESH|91\/100\n|-unboost|p1a: BABY LAND FEESH|spa|1\n|\n|-sideend|p2: RowletTheAnimator|move: Tailwind\n|upkeep\n|turn|7\n|\n|t:|1699306432\n|switch|p1a: lalalalalalalalala|Cursola, F|100\/100\n|move|p2a: Whimsii|Tailwind|p2a: Whimsii\n|-sidestart|p2: RowletTheAnimator|move: Tailwind\n|\n|upkeep\n|turn|8\n|\n|t:|1699306439\n|-terastallize|p1a: lalalalalalalalala|Fairy\n|move|p2a: Whimsii|Moonblast|p1a: lalalalalalalalala\n|-damage|p1a: lalalalalalalalala|75\/100\n|-unboost|p1a: lalalalalalalalala|spa|1\n|move|p1a: lalalalalalalalala|Reflect|p1a: lalalalalalalalala\n|-sidestart|p1: VampPhantom|Reflect\n|\n|-sideend|p2: RowletTheAnimator|move: Light Screen\n|upkeep\n|turn|9\n|\n|t:|1699306446\n|move|p2a: Whimsii|Light Screen|p2a: Whimsii\n|-sidestart|p2: RowletTheAnimator|move: Light Screen\n|move|p1a: lalalalalalalalala|Light Screen|p1a: lalalalalalalalala\n|-sidestart|p1: VampPhantom|move: Light Screen\n|\n|upkeep\n|turn|10\n|\n|t:|1699306458\n|switch|p1a: BABY LAND FEESH|Clodsire, F|91\/100\n|move|p2a: Whimsii|Moonblast|p1a: BABY LAND FEESH\n|-resisted|p1a: BABY LAND FEESH\n|-damage|p1a: BABY LAND FEESH|86\/100\n|-unboost|p1a: BABY LAND FEESH|spa|1\n|\n|-sideend|p2: RowletTheAnimator|move: Tailwind\n|upkeep\n|turn|11\n|\n|t:|1699306468\n|move|p2a: Whimsii|Tailwind|p2a: Whimsii\n|-sidestart|p2: RowletTheAnimator|move: Tailwind\n|move|p1a: BABY LAND FEESH|Gunk Shot|p2a: Whimsii\n|-supereffective|p2a: Whimsii\n|-damage|p2a: Whimsii|0 fnt\n|faint|p2a: Whimsii\n|\n|upkeep\n|\n|t:|1699306473\n|switch|p2a: Lapras|Lapras, M|100\/100\n|turn|12\n|\n|t:|1699306478\n|move|p2a: Lapras|Surf|p1a: BABY LAND FEESH\n|-supereffective|p1a: BABY LAND FEESH\n|-damage|p1a: BABY LAND FEESH|60\/100\n|move|p1a: BABY LAND FEESH|Spikes|p2a: Lapras\n|-sidestart|p2: RowletTheAnimator|Spikes\n|\n|-sideend|p1: VampPhantom|Reflect\n|upkeep\n|turn|13\n|\n|t:|1699306489\n|move|p2a: Lapras|Ice Beam|p1a: BABY LAND FEESH\n|-supereffective|p1a: BABY LAND FEESH\n|-damage|p1a: BABY LAND FEESH|31\/100\n|move|p1a: BABY LAND FEESH|Gunk Shot|p2a: Lapras\n|-damage|p2a: Lapras|59\/100\n|-status|p2a: Lapras|psn\n|\n|-damage|p2a: Lapras|47\/100 psn|[from] psn\n|-sideend|p1: VampPhantom|move: Light Screen\n|upkeep\n|turn|14\n|\n|t:|1699306498\n|move|p2a: Lapras|Ice Beam|p1a: BABY LAND FEESH\n|-supereffective|p1a: BABY LAND FEESH\n|-damage|p1a: BABY LAND FEESH|0 fnt\n|faint|p1a: BABY LAND FEESH\n|\n|-damage|p2a: Lapras|34\/100 psn|[from] psn\n|-sideend|p2: RowletTheAnimator|move: Tailwind\n|upkeep\n|\n|t:|1699306513\n|switch|p1a: lalalalalalalalala|Cursola, F, tera:Fairy|75\/100\n|turn|15\n|\n|t:|1699306517\n|move|p2a: Lapras|Ice Beam|p1a: lalalalalalalalala\n|-damage|p1a: lalalalalalalalala|38\/100\n|-status|p1a: lalalalalalalalala|frz\n|cant|p1a: lalalalalalalalala|frz\n|\n|-damage|p2a: Lapras|22\/100 psn|[from] psn\n|upkeep\n|turn|16\n|\n|t:|1699306525\n|switch|p1a: he he he haw|Cloyster, M|100\/100\n|move|p2a: Lapras|Ice Beam|p1a: he he he haw\n|-resisted|p1a: he he he haw\n|-damage|p1a: he he he haw|79\/100\n|\n|-damage|p2a: Lapras|9\/100 psn|[from] psn\n|-sideend|p2: RowletTheAnimator|move: Light Screen\n|upkeep\n|turn|17\n|\n|t:|1699306534\n|move|p2a: Lapras|Thunder|p1a: he he he haw\n|-supereffective|p1a: he he he haw\n|-damage|p1a: he he he haw|0 fnt\n|faint|p1a: he he he haw\n|\n|-damage|p2a: Lapras|0 fnt|[from] psn\n|faint|p2a: Lapras\n|upkeep\n|\n|t:|1699306541\n|switch|p2a: Moon|Flutter Mane|100\/100\n|switch|p1a: lalalalalalalalala|Cursola, F, tera:Fairy|38\/100 frz\n|-damage|p2a: Moon|88\/100|[from] Spikes\n|-enditem|p2a: Moon|Booster Energy\n|-activate|p2a: Moon|ability: Protosynthesis|[fromitem]\n|-start|p2a: Moon|protosynthesisspe\n|turn|18\n|\n|t:|1699306549\n|move|p2a: Moon|Power Gem|p1a: lalalalalalalalala\n|-damage|p1a: lalalalalalalalala|10\/100 frz\n|-curestatus|p1a: lalalalalalalalala|frz|[msg]\n|move|p1a: lalalalalalalalala|Giga Drain|p2a: Moon\n|-damage|p2a: Moon|57\/100\n|-heal|p1a: lalalalalalalalala|25\/100|[from] drain|[of] p2a: Moon\n|\n|upkeep\n|turn|19\n|\n|t:|1699306556\n|move|p2a: Moon|Power Gem|p1a: lalalalalalalalala\n|-damage|p1a: lalalalalalalalala|0 fnt\n|faint|p1a: lalalalalalalalala\n|\n|upkeep\n|\n|t:|1699306563\n|switch|p1a: Mago|Arboliva, F|100\/100\n|turn|20\n|\n|t:|1699306567\n|move|p2a: Moon|Calm Mind|p2a: Moon\n|-boost|p2a: Moon|spa|1\n|-boost|p2a: Moon|spd|1\n|move|p1a: Mago|Sunny Day|p1a: Mago\n|-weather|SunnyDay\n|\n|-weather|SunnyDay|[upkeep]\n|upkeep\n|turn|21\n|\n|t:|1699306575\n|move|p2a: Moon|Calm Mind|p2a: Moon\n|-boost|p2a: Moon|spa|1\n|-boost|p2a: Moon|spd|1\n|move|p1a: Mago|Earth Power|p2a: Moon\n|-damage|p2a: Moon|43\/100\n|\n|-weather|SunnyDay|[upkeep]\n|upkeep\n|turn|22\n|\n|t:|1699306585\n|move|p2a: Moon|Moonblast|p1a: Mago\n|-damage|p1a: Mago|3\/100\n|-enditem|p1a: Mago|Mago Berry|[eat]\n|-heal|p1a: Mago|37\/100|[from] item: Mago Berry\n|move|p1a: Mago|Weather Ball|p2a: Moon\n|-damage|p2a: Moon|18\/100\n|\n|-weather|SunnyDay|[upkeep]\n|-item|p1a: Mago|Mago Berry|[from] ability: Harvest\n|upkeep\n|turn|23\n|\n|t:|1699306617\n|switch|p1a: sleepy boi|Piloswine, F|100\/100\n|move|p2a: Moon|Moonblast|p1a: sleepy boi\n|-damage|p1a: sleepy boi|5\/100\n|\n|-weather|SunnyDay|[upkeep]\n|upkeep\n|turn|24\n|\n|t:|1699306630\n|switch|p1a: LAND FEESH|Quagsire, M|71\/100\n|move|p2a: Moon|Moonblast|p1a: LAND FEESH\n|-damage|p1a: LAND FEESH|3\/100\n|\n|-weather|none\n|upkeep\n|turn|25\n|\n|t:|1699306640\n|move|p2a: Moon|Moonblast|p1a: LAND FEESH\n|-damage|p1a: LAND FEESH|0 fnt\n|faint|p1a: LAND FEESH\n|\n|upkeep\n|\n|t:|1699306645\n|switch|p1a: Mago|Arboliva, F|37\/100\n|turn|26\n|\n|t:|1699306648\n|move|p2a: Moon|Moonblast|p1a: Mago\n|-crit|p1a: Mago\n|-damage|p1a: Mago|0 fnt\n|faint|p1a: Mago\n|\n|upkeep\n|\n|t:|1699306652\n|switch|p1a: sleepy boi|Piloswine, F|5\/100\n|turn|27\n|\n|t:|1699306655\n|move|p2a: Moon|Dazzling Gleam|p1a: sleepy boi\n|-damage|p1a: sleepy boi|0 fnt\n|faint|p1a: sleepy boi\n|\n|win|RowletTheAnimator\n|l|\u2606VampPhantom\n","uploadtime":1699306664,"views":4,"p1id":"vampphantom","p2id":"rowlettheanimator","formatid":"gen9nationaldexubers","rating":0,"private":0,"password":""}