{"id":"gen9nationaldexubers-1984335167","p1":"Kabufle","p2":"Otterocket","format":"[Gen 9] National Dex Ubers","log":"|j|\u2606Kabufle\n|j|\u2606Otterocket\n|t:|1699245389\n|gametype|singles\n|player|p1|Kabufle|101|1288\n|player|p2|Otterocket|nate|1169\n|teamsize|p1|6\n|teamsize|p2|6\n|gen|9\n|tier|[Gen 9] National Dex Ubers\n|rated|\n|rule|HP Percentage Mod: HP is shown in percentages\n|rule|Endless Battle Clause: Forcing endless battles is banned\n|rule|OHKO Clause: OHKO moves are banned\n|rule|Evasion Moves Clause: Evasion moves are banned\n|rule|Evasion Items Clause: Evasion items are banned\n|rule|Species Clause: Limit one of each Pok\u00e9mon\n|rule|Sleep Clause Mod: Limit one foe put to sleep\n|rule|Mega Rayquaza Clause: You cannot mega evolve Rayquaza\n|clearpoke\n|poke|p1|Zacian-*|\n|poke|p1|Necrozma-Dusk-Mane|\n|poke|p1|Groudon|\n|poke|p1|Giratina-Origin|\n|poke|p1|Scizor, F|\n|poke|p1|Gliscor, M|\n|poke|p2|Dracovish|\n|poke|p2|Masquerain, F|\n|poke|p2|Flutter Mane|\n|poke|p2|Magearna-Original|\n|poke|p2|Ursaluna, F|\n|poke|p2|Excadrill, F|\n|teampreview\n|\n|t:|1699245394\n|start\n|switch|p1a: Gliscor|Gliscor, M|100\/100\n|switch|p2a: Masquerain|Masquerain, F|100\/100\n|-ability|p2a: Masquerain|Intimidate|boost\n|-unboost|p1a: Gliscor|atk|1\n|turn|1\n|\n|t:|1699245402\n|move|p2a: Masquerain|Sticky Web|p1a: Gliscor\n|-sidestart|p1: Kabufle|move: Sticky Web\n|move|p1a: Gliscor|Toxic|p2a: Masquerain|[miss]\n|-miss|p1a: Gliscor|p2a: Masquerain\n|\n|-status|p1a: Gliscor|tox|[from] item: Toxic Orb\n|upkeep\n|turn|2\n|\n|t:|1699245406\n|move|p2a: Masquerain|Ice Beam|p1a: Gliscor\n|-supereffective|p1a: Gliscor\n|-damage|p1a: Gliscor|8\/100 tox\n|move|p1a: Gliscor|Toxic|p2a: Masquerain\n|-status|p2a: Masquerain|tox\n|\n|-damage|p2a: Masquerain|94\/100 tox|[from] psn\n|-heal|p1a: Gliscor|20\/100 tox|[from] ability: Poison Heal\n|upkeep\n|turn|3\n|\n|t:|1699245411\n|move|p1a: Gliscor|Protect|p1a: Gliscor\n|-singleturn|p1a: Gliscor|Protect\n|move|p2a: Masquerain|Ice Beam|p1a: Gliscor\n|-activate|p1a: Gliscor|move: Protect\n|\n|-damage|p2a: Masquerain|82\/100 tox|[from] psn\n|-heal|p1a: Gliscor|33\/100 tox|[from] ability: Poison Heal\n|upkeep\n|turn|4\n|\n|t:|1699245433\n|switch|p1a: Scizor|Scizor, F|100\/100\n|-activate|p1a: Scizor|move: Sticky Web\n|-unboost|p1a: Scizor|spe|1\n|move|p2a: Masquerain|Ice Beam|p1a: Scizor\n|-resisted|p1a: Scizor\n|-damage|p1a: Scizor|89\/100\n|\n|-damage|p2a: Masquerain|64\/100 tox|[from] psn\n|upkeep\n|turn|5\n|\n|t:|1699245457\n|detailschange|p1a: Scizor|Scizor-Mega, F\n|-mega|p1a: Scizor|Scizor|Scizorite\n|move|p1a: Scizor|Swords Dance|p1a: Scizor\n|-boost|p1a: Scizor|atk|2\n|move|p2a: Masquerain|Whirlwind|p1a: Scizor\n|drag|p1a: Zacian|Zacian-Crowned|100\/100\n|-activate|p1a: Zacian|move: Sticky Web\n|-unboost|p1a: Zacian|spe|1\n|-ability|p1a: Zacian|Intrepid Sword|boost\n|-boost|p1a: Zacian|atk|1\n|\n|-damage|p2a: Masquerain|40\/100 tox|[from] psn\n|upkeep\n|turn|6\n|\n|t:|1699245471\n|move|p1a: Zacian|Swords Dance|p1a: Zacian\n|-boost|p1a: Zacian|atk|2\n|move|p2a: Masquerain|Ice Beam|p1a: Zacian\n|-resisted|p1a: Zacian\n|-damage|p1a: Zacian|91\/100\n|\n|-damage|p2a: Masquerain|10\/100 tox|[from] psn\n|upkeep\n|turn|7\n|\n|t:|1699245483\n|move|p1a: Zacian|Play Rough|p2a: Masquerain\n|-damage|p2a: Masquerain|0 fnt\n|-damage|p1a: Zacian|75\/100|[from] item: Rocky Helmet|[of] p2a: Masquerain\n|faint|p2a: Masquerain\n|\n|upkeep\n|\n|t:|1699245489\n|switch|p2a: Flutter Mane|Flutter Mane|100\/100\n|turn|8\n|\n|t:|1699245493\n|move|p2a: Flutter Mane|Mystical Fire|p1a: Zacian\n|-supereffective|p1a: Zacian\n|-damage|p1a: Zacian|10\/100\n|-unboost|p1a: Zacian|spa|1\n|move|p1a: Zacian|Behemoth Blade|p2a: Flutter Mane\n|-supereffective|p2a: Flutter Mane\n|-damage|p2a: Flutter Mane|0 fnt\n|faint|p2a: Flutter Mane\n|-end|p2a: Flutter Mane|Protosynthesis|[silent]\n|\n|upkeep\n|\n|t:|1699245514\n|switch|p2a: Excadrill|Excadrill, F|100\/100\n|-ability|p2a: Excadrill|Mold Breaker\n|turn|9\n|\n|t:|1699245520\n|move|p2a: Excadrill|Rapid Spin|p1a: Zacian\n|-resisted|p1a: Zacian\n|-crit|p1a: Zacian\n|-damage|p1a: Zacian|0 fnt\n|-boost|p2a: Excadrill|spe|1\n|faint|p1a: Zacian\n|\n|upkeep\n|\n|t:|1699245525\n|switch|p1a: Gliscor|Gliscor, M|33\/100 tox\n|turn|10\n|\n|t:|1699245531\n|move|p1a: Gliscor|Protect|p1a: Gliscor\n|-singleturn|p1a: Gliscor|Protect\n|move|p2a: Excadrill|Stealth Rock|p1a: Gliscor\n|-sidestart|p1: Kabufle|move: Stealth Rock\n|\n|-heal|p1a: Gliscor|45\/100 tox|[from] ability: Poison Heal\n|upkeep\n|turn|11\n|\n|t:|1699245539\n|move|p2a: Excadrill|Iron Head|p1a: Gliscor\n|-damage|p1a: Gliscor|17\/100 tox\n|cant|p1a: Gliscor|flinch\n|\n|-heal|p1a: Gliscor|29\/100 tox|[from] ability: Poison Heal\n|upkeep\n|turn|12\n|\n|t:|1699245544\n|move|p1a: Gliscor|Protect|p1a: Gliscor\n|-singleturn|p1a: Gliscor|Protect\n|move|p2a: Excadrill|Rapid Spin|p1a: Gliscor\n|-activate|p1a: Gliscor|move: Protect\n|\n|-heal|p1a: Gliscor|42\/100 tox|[from] ability: Poison Heal\n|upkeep\n|turn|13\n|\n|t:|1699245553\n|move|p2a: Excadrill|Iron Head|p1a: Gliscor\n|-damage|p1a: Gliscor|16\/100 tox\n|move|p1a: Gliscor|Stealth Rock|p2a: Excadrill\n|-sidestart|p2: Otterocket|move: Stealth Rock\n|\n|-heal|p1a: Gliscor|28\/100 tox|[from] ability: Poison Heal\n|upkeep\n|turn|14\n|\n|t:|1699245562\n|move|p1a: Gliscor|Protect|p1a: Gliscor\n|-singleturn|p1a: Gliscor|Protect\n|move|p2a: Excadrill|Rapid Spin|p1a: Gliscor\n|-activate|p1a: Gliscor|move: Protect\n|\n|-heal|p1a: Gliscor|41\/100 tox|[from] ability: Poison Heal\n|upkeep\n|turn|15\n|\n|t:|1699245571\n|switch|p1a: Giratina|Giratina-Origin|100\/100\n|-damage|p1a: Giratina|88\/100|[from] Stealth Rock\n|move|p2a: Excadrill|Rapid Spin|p1a: Giratina\n|-immune|p1a: Giratina\n|\n|upkeep\n|turn|16\n|\n|t:|1699245580\n|move|p2a: Excadrill|Iron Head|p1a: Giratina\n|-damage|p1a: Giratina|58\/100\n|cant|p1a: Giratina|flinch\n|\n|upkeep\n|turn|17\n|\n|t:|1699245585\n|-terastallize|p1a: Giratina|Steel\n|move|p2a: Excadrill|Iron Head|p1a: Giratina\n|-resisted|p1a: Giratina\n|-damage|p1a: Giratina|44\/100\n|cant|p1a: Giratina|flinch\n|\n|upkeep\n|turn|18\n|\n|t:|1699245592\n|move|p2a: Excadrill|Rapid Spin|p1a: Giratina\n|-resisted|p1a: Giratina\n|-damage|p1a: Giratina|38\/100\n|-boost|p2a: Excadrill|spe|1\n|-sideend|p2: Otterocket|Stealth Rock|[from] move: Rapid Spin|[of] p2a: Excadrill\n|move|p1a: Giratina|Will-O-Wisp|p2a: Excadrill\n|-status|p2a: Excadrill|brn\n|\n|-damage|p2a: Excadrill|94\/100 brn|[from] brn\n|upkeep\n|turn|19\n|\n|t:|1699245603\n|move|p2a: Excadrill|Rapid Spin|p1a: Giratina\n|-resisted|p1a: Giratina\n|-damage|p1a: Giratina|35\/100\n|-boost|p2a: Excadrill|spe|1\n|move|p1a: Giratina|Aura Sphere|p2a: Excadrill\n|-supereffective|p2a: Excadrill\n|-damage|p2a: Excadrill|18\/100 brn\n|\n|-damage|p2a: Excadrill|12\/100 brn|[from] brn\n|upkeep\n|turn|20\n|\n|t:|1699245617\n|move|p2a: Excadrill|Earth Power|p1a: Giratina\n|-supereffective|p1a: Giratina\n|-damage|p1a: Giratina|13\/100\n|move|p1a: Giratina|Aura Sphere|p2a: Excadrill\n|-supereffective|p2a: Excadrill\n|-damage|p2a: Excadrill|0 fnt\n|faint|p2a: Excadrill\n|\n|upkeep\n|\n|t:|1699245623\n|switch|p2a: Ursaluna|Ursaluna, F|100\/100\n|turn|21\n|\n|t:|1699245629\n|move|p1a: Giratina|Will-O-Wisp|p2a: Ursaluna\n|-status|p2a: Ursaluna|brn\n|move|p2a: Ursaluna|Drain Punch|p1a: Giratina\n|-supereffective|p1a: Giratina\n|-damage|p1a: Giratina|0 fnt\n|faint|p1a: Giratina\n|\n|-damage|p2a: Ursaluna|94\/100 brn|[from] brn\n|upkeep\n|\n|t:|1699245642\n|switch|p1a: Gliscor|Gliscor, M|41\/100 tox\n|-damage|p1a: Gliscor|28\/100 tox|[from] Stealth Rock\n|turn|22\n|\n|t:|1699245647\n|move|p1a: Gliscor|Protect|p1a: Gliscor\n|-singleturn|p1a: Gliscor|Protect\n|move|p2a: Ursaluna|Facade|p1a: Gliscor\n|-activate|p1a: Gliscor|move: Protect\n|\n|-heal|p1a: Gliscor|41\/100 tox|[from] ability: Poison Heal\n|-damage|p2a: Ursaluna|88\/100 brn|[from] brn\n|upkeep\n|turn|23\n|\n|t:|1699245657\n|move|p1a: Gliscor|Substitute|p1a: Gliscor\n|-start|p1a: Gliscor|Substitute\n|-damage|p1a: Gliscor|16\/100 tox\n|move|p2a: Ursaluna|Facade|p1a: Gliscor\n|-end|p1a: Gliscor|Substitute\n|\n|-heal|p1a: Gliscor|28\/100 tox|[from] ability: Poison Heal\n|-damage|p2a: Ursaluna|82\/100 brn|[from] brn\n|upkeep\n|turn|24\n|\n|t:|1699245667\n|move|p1a: Gliscor|Protect|p1a: Gliscor\n|-singleturn|p1a: Gliscor|Protect\n|move|p2a: Ursaluna|Drain Punch|p1a: Gliscor\n|-activate|p1a: Gliscor|move: Protect\n|\n|-heal|p1a: Gliscor|41\/100 tox|[from] ability: Poison Heal\n|-damage|p2a: Ursaluna|76\/100 brn|[from] brn\n|upkeep\n|turn|25\n|\n|t:|1699245678\n|move|p1a: Gliscor|Substitute|p1a: Gliscor\n|-start|p1a: Gliscor|Substitute\n|-damage|p1a: Gliscor|16\/100 tox\n|move|p2a: Ursaluna|Facade|p1a: Gliscor\n|-end|p1a: Gliscor|Substitute\n|\n|-heal|p1a: Gliscor|28\/100 tox|[from] ability: Poison Heal\n|-damage|p2a: Ursaluna|70\/100 brn|[from] brn\n|upkeep\n|turn|26\n|\n|t:|1699245688\n|move|p1a: Gliscor|Protect|p1a: Gliscor\n|-singleturn|p1a: Gliscor|Protect\n|move|p2a: Ursaluna|Facade|p1a: Gliscor\n|-activate|p1a: Gliscor|move: Protect\n|\n|-heal|p1a: Gliscor|41\/100 tox|[from] ability: Poison Heal\n|-damage|p2a: Ursaluna|64\/100 brn|[from] brn\n|upkeep\n|turn|27\n|\n|t:|1699245721\n|move|p1a: Gliscor|Substitute|p1a: Gliscor\n|-start|p1a: Gliscor|Substitute\n|-damage|p1a: Gliscor|16\/100 tox\n|move|p2a: Ursaluna|Facade|p1a: Gliscor\n|-end|p1a: Gliscor|Substitute\n|\n|-heal|p1a: Gliscor|28\/100 tox|[from] ability: Poison Heal\n|-damage|p2a: Ursaluna|58\/100 brn|[from] brn\n|upkeep\n|turn|28\n|\n|t:|1699245740\n|move|p1a: Gliscor|Protect|p1a: Gliscor\n|-singleturn|p1a: Gliscor|Protect\n|move|p2a: Ursaluna|Facade|p1a: Gliscor\n|-activate|p1a: Gliscor|move: Protect\n|\n|-heal|p1a: Gliscor|41\/100 tox|[from] ability: Poison Heal\n|-damage|p2a: Ursaluna|52\/100 brn|[from] brn\n|upkeep\n|turn|29\n|\n|t:|1699245750\n|move|p1a: Gliscor|Substitute|p1a: Gliscor\n|-start|p1a: Gliscor|Substitute\n|-damage|p1a: Gliscor|16\/100 tox\n|move|p2a: Ursaluna|Facade|p1a: Gliscor\n|-end|p1a: Gliscor|Substitute\n|\n|-heal|p1a: Gliscor|28\/100 tox|[from] ability: Poison Heal\n|-damage|p2a: Ursaluna|45\/100 brn|[from] brn\n|upkeep\n|turn|30\n|\n|t:|1699245784\n|move|p1a: Gliscor|Protect|p1a: Gliscor\n|-singleturn|p1a: Gliscor|Protect\n|move|p2a: Ursaluna|Facade|p1a: Gliscor\n|-activate|p1a: Gliscor|move: Protect\n|\n|-heal|p1a: Gliscor|41\/100 tox|[from] ability: Poison Heal\n|-damage|p2a: Ursaluna|39\/100 brn|[from] brn\n|upkeep\n|turn|31\n|\n|t:|1699245816\n|move|p1a: Gliscor|Protect|p1a: Gliscor\n|-singleturn|p1a: Gliscor|Protect\n|move|p2a: Ursaluna|Facade|p1a: Gliscor\n|-activate|p1a: Gliscor|move: Protect\n|\n|-heal|p1a: Gliscor|53\/100 tox|[from] ability: Poison Heal\n|-damage|p2a: Ursaluna|33\/100 brn|[from] brn\n|upkeep\n|turn|32\n|\n|t:|1699245827\n|switch|p2a: Magearna|Magearna-Original|100\/100\n|move|p1a: Gliscor|Substitute|p1a: Gliscor\n|-start|p1a: Gliscor|Substitute\n|-damage|p1a: Gliscor|28\/100 tox\n|\n|-heal|p1a: Gliscor|41\/100 tox|[from] ability: Poison Heal\n|upkeep\n|turn|33\n|\n|t:|1699245838\n|move|p1a: Gliscor|Stealth Rock|p2a: Magearna\n|-sidestart|p2: Otterocket|move: Stealth Rock\n|move|p2a: Magearna|Trick Room|p2a: Magearna\n|-fieldstart|move: Trick Room|[of] p2a: Magearna\n|\n|-heal|p1a: Gliscor|53\/100 tox|[from] ability: Poison Heal\n|upkeep\n|turn|34\n|\n|t:|1699245856\n|switch|p1a: Scizor|Scizor-Mega, F|89\/100\n|-activate|p1a: Scizor|move: Sticky Web\n|-unboost|p1a: Scizor|spe|1\n|-damage|p1a: Scizor|77\/100|[from] Stealth Rock\n|move|p2a: Magearna|Calm Mind|p2a: Magearna\n|-boost|p2a: Magearna|spa|1\n|-boost|p2a: Magearna|spd|1\n|\n|upkeep\n|turn|35\n|\n|t:|1699245865\n|move|p1a: Scizor|U-turn|p2a: Magearna\n|-resisted|p2a: Magearna\n|-damage|p2a: Magearna|91\/100\n|\n|t:|1699245868\n|switch|p1a: Necrozma|Necrozma-Dusk-Mane|100\/100|[from] U-turn\n|-activate|p1a: Necrozma|move: Sticky Web\n|-unboost|p1a: Necrozma|spe|1\n|-damage|p1a: Necrozma|95\/100|[from] Stealth Rock\n|move|p2a: Magearna|Fleur Cannon|p1a: Necrozma\n|-resisted|p1a: Necrozma\n|-damage|p1a: Necrozma|32\/100\n|-unboost|p2a: Magearna|spa|2\n|-damage|p2a: Magearna|81\/100|[from] item: Life Orb\n|\n|upkeep\n|turn|36\n|\n|t:|1699245881\n|detailschange|p1a: Necrozma|Necrozma-Ultra\n|-burst|p1a: Necrozma|Necrozma|Ultranecrozium Z\n|move|p2a: Magearna|Fleur Cannon|p1a: Necrozma\n|-supereffective|p1a: Necrozma\n|-damage|p1a: Necrozma|0 fnt\n|-unboost|p2a: Magearna|spa|2\n|faint|p1a: Necrozma\n|-ability|p2a: Magearna|Soul-Heart|boost\n|-boost|p2a: Magearna|spa|1\n|-damage|p2a: Magearna|71\/100|[from] item: Life Orb\n|\n|upkeep\n|\n|t:|1699245890\n|switch|p1a: Groudon|Groudon|100\/100\n|-activate|p1a: Groudon|move: Sticky Web\n|-unboost|p1a: Groudon|spe|1\n|-damage|p1a: Groudon|94\/100|[from] Stealth Rock\n|detailschange|p1a: Groudon|Groudon-Primal\n|-primal|p1a: Groudon|Red Orb\n|-weather|DesolateLand|[from] ability: Desolate Land|[of] p1a: Groudon\n|turn|37\n|\n|t:|1699245898\n|move|p2a: Magearna|Fleur Cannon|p1a: Groudon\n|-resisted|p1a: Groudon\n|-damage|p1a: Groudon|70\/100\n|-unboost|p2a: Magearna|spa|2\n|-damage|p2a: Magearna|61\/100|[from] item: Life Orb\n|move|p1a: Groudon|Rock Polish|p1a: Groudon\n|-boost|p1a: Groudon|spe|2\n|\n|-weather|DesolateLand|[upkeep]\n|-fieldend|move: Trick Room\n|upkeep\n|turn|38\n|\n|t:|1699245910\n|move|p1a: Groudon|Fire Punch|p2a: Magearna\n|-supereffective|p2a: Magearna\n|-damage|p2a: Magearna|0 fnt\n|faint|p2a: Magearna\n|\n|-weather|DesolateLand|[upkeep]\n|upkeep\n|\n|t:|1699245913\n|switch|p2a: Ursaluna|Ursaluna, F|33\/100 brn\n|-damage|p2a: Ursaluna|27\/100 brn|[from] Stealth Rock\n|turn|39\n|\n|t:|1699245919\n|move|p1a: Groudon|Fire Punch|p2a: Ursaluna\n|-damage|p2a: Ursaluna|0 fnt\n|faint|p2a: Ursaluna\n|\n|-weather|DesolateLand|[upkeep]\n|upkeep\n|\n|t:|1699245926\n|switch|p2a: silly guy|Dracovish|100\/100\n|-damage|p2a: silly guy|88\/100|[from] Stealth Rock\n|turn|40\n|\n|t:|1699245931\n|-terastallize|p2a: silly guy|Water\n|move|p1a: Groudon|Precipice Blades|p2a: silly guy\n|-damage|p2a: silly guy|10\/100\n|move|p2a: silly guy|Fishious Rend||[still]\n|-fail|p2a: silly guy|Fishious Rend|[from] Desolate Land\n|\n|-weather|DesolateLand|[upkeep]\n|upkeep\n|turn|41\n|\n|t:|1699245941\n|move|p1a: Groudon|Fire Punch|p2a: silly guy\n|-resisted|p2a: silly guy\n|-damage|p2a: silly guy|0 fnt\n|faint|p2a: silly guy\n|\n|win|Kabufle\n|raw|Kabufle's rating: 1288 &rarr; <strong>1305<\/strong><br \/>(+17 for winning)\n|raw|Otterocket's rating: 1169 &rarr; <strong>1152<\/strong><br \/>(-17 for losing)\n|l|\u2606Otterocket\n","uploadtime":1699245951,"views":4,"p1id":"kabufle","p2id":"otterocket","formatid":"gen9nationaldexubers","rating":1152,"private":0,"password":""}