{"id":"gen9nationaldexubers-1982136217","p1":"abuzzi","p2":"g33builder","format":"[Gen 9] National Dex Ubers","log":"|j|\u2606abuzzi\n|j|\u2606g33builder\n|t:|1698971582\n|gametype|singles\n|player|p1|abuzzi|bianca|\n|player|p2|g33builder|brycenman|\n|teamsize|p1|6\n|teamsize|p2|6\n|gen|9\n|tier|[Gen 9] National Dex Ubers\n|rule|HP Percentage Mod: HP is shown in percentages\n|rule|Endless Battle Clause: Forcing endless battles is banned\n|rule|OHKO Clause: OHKO moves are banned\n|rule|Evasion Moves Clause: Evasion moves are banned\n|rule|Evasion Items Clause: Evasion items are banned\n|rule|Species Clause: Limit one of each Pok\u00e9mon\n|rule|Sleep Clause Mod: Limit one foe put to sleep\n|rule|Mega Rayquaza Clause: You cannot mega evolve Rayquaza\n|clearpoke\n|poke|p1|Pelipper, F|\n|poke|p1|Iron Hands|\n|poke|p1|Grimmsnarl, M|\n|poke|p1|Swampert, M|\n|poke|p1|Dragapult, M|\n|poke|p1|Venusaur, M|\n|poke|p2|Zamazenta-*|\n|poke|p2|Corviknight, F|\n|poke|p2|Iron Valiant|\n|poke|p2|Enamorus, F|\n|poke|p2|Chansey, F|\n|poke|p2|Toxapex, F|\n|teampreview\n|j| soggytoastman\n|\n|t:|1698971611\n|start\n|switch|p1a: Pelipper|Pelipper, F|100\/100\n|switch|p2a: Microwave Baby|Toxapex, F, shiny|100\/100\n|-weather|RainDance|[from] ability: Drizzle|[of] p1a: Pelipper\n|turn|1\n|\n|t:|1698971627\n|switch|p1a: Venusaur|Venusaur, M|100\/100\n|move|p2a: Microwave Baby|Toxic|p1a: Venusaur\n|-immune|p1a: Venusaur\n|\n|-weather|RainDance|[upkeep]\n|upkeep\n|turn|2\n|\n|t:|1698971648\n|switch|p1a: Grimmsnarl|Grimmsnarl, M|100\/100\n|move|p2a: Microwave Baby|Scald|p1a: Grimmsnarl\n|-damage|p1a: Grimmsnarl|83\/100\n|\n|-weather|RainDance|[upkeep]\n|-heal|p1a: Grimmsnarl|89\/100|[from] item: Leftovers\n|upkeep\n|turn|3\n|\n|t:|1698971668\n|move|p1a: Grimmsnarl|Thunder Wave|p2a: Microwave Baby|[miss]\n|-miss|p1a: Grimmsnarl|p2a: Microwave Baby\n|move|p2a: Microwave Baby|Toxic|p1a: Grimmsnarl\n|-status|p1a: Grimmsnarl|tox\n|\n|-weather|RainDance|[upkeep]\n|-heal|p1a: Grimmsnarl|95\/100 tox|[from] item: Leftovers\n|-damage|p1a: Grimmsnarl|89\/100 tox|[from] psn\n|upkeep\n|turn|4\n|\n|t:|1698971676\n|switch|p2a: Bane of Arthropods|Chansey, F, shiny|100\/100\n|move|p1a: Grimmsnarl|Reflect|p1a: Grimmsnarl\n|-sidestart|p1: abuzzi|Reflect\n|\n|-weather|RainDance|[upkeep]\n|-heal|p1a: Grimmsnarl|95\/100 tox|[from] item: Leftovers\n|-damage|p1a: Grimmsnarl|83\/100 tox|[from] psn\n|upkeep\n|turn|5\n|\n|t:|1698971684\n|move|p1a: Grimmsnarl|Light Screen|p1a: Grimmsnarl\n|-sidestart|p1: abuzzi|move: Light Screen\n|move|p2a: Bane of Arthropods|Stealth Rock|p1a: Grimmsnarl\n|-sidestart|p1: abuzzi|move: Stealth Rock\n|\n|-weather|none\n|-heal|p1a: Grimmsnarl|89\/100 tox|[from] item: Leftovers\n|-damage|p1a: Grimmsnarl|71\/100 tox|[from] psn\n|upkeep\n|turn|6\n|\n|t:|1698971695\n|move|p1a: Grimmsnarl|Metronome|p1a: Grimmsnarl\n|move|p1a: Grimmsnarl|Flash Cannon|p2a: Bane of Arthropods|[from]move: Metronome\n|-damage|p2a: Bane of Arthropods|97\/100\n|move|p2a: Bane of Arthropods|Toxic|p1a: Grimmsnarl\n|-fail|p1a: Grimmsnarl|tox\n|\n|-heal|p1a: Grimmsnarl|77\/100 tox|[from] item: Leftovers\n|-damage|p1a: Grimmsnarl|53\/100 tox|[from] psn\n|upkeep\n|turn|7\n|\n|t:|1698971736\n|switch|p2a: Microwave Baby|Toxapex, F, shiny|100\/100\n|move|p1a: Grimmsnarl|Metronome|p1a: Grimmsnarl\n|move|p1a: Grimmsnarl|Shadow Claw|p2a: Microwave Baby|[from]move: Metronome\n|-damage|p2a: Microwave Baby|89\/100\n|\n|-heal|p1a: Grimmsnarl|59\/100 tox|[from] item: Leftovers\n|-heal|p2a: Microwave Baby|95\/100|[from] item: Black Sludge\n|-damage|p1a: Grimmsnarl|28\/100 tox|[from] psn\n|upkeep\n|turn|8\n|\n|t:|1698971751\n|move|p2a: Microwave Baby|Baneful Bunker|p2a: Microwave Baby\n|-singleturn|p2a: Microwave Baby|move: Protect\n|move|p1a: Grimmsnarl|Thunder Wave|p2a: Microwave Baby\n|-activate|p2a: Microwave Baby|move: Protect\n|\n|-heal|p1a: Grimmsnarl|34\/100 tox|[from] item: Leftovers\n|-heal|p2a: Microwave Baby|100\/100|[from] item: Black Sludge\n|-damage|p1a: Grimmsnarl|0 fnt|[from] psn\n|faint|p1a: Grimmsnarl\n|-sideend|p1: abuzzi|Reflect\n|upkeep\n|\n|t:|1698971792\n|switch|p1a: Swampert|Swampert, M|100\/100\n|-damage|p1a: Swampert|94\/100|[from] Stealth Rock\n|turn|9\n|\n|t:|1698971812\n|detailschange|p1a: Swampert|Swampert-Mega, M\n|-mega|p1a: Swampert|Swampert|Swampertite\n|move|p1a: Swampert|Flip Turn|p2a: Microwave Baby\n|-resisted|p2a: Microwave Baby\n|-damage|p2a: Microwave Baby|89\/100\n|\n|t:|1698971819\n|switch|p1a: Venusaur|Venusaur, M|100\/100|[from] Flip Turn\n|-damage|p1a: Venusaur|88\/100|[from] Stealth Rock\n|move|p2a: Microwave Baby|Toxic|p1a: Venusaur\n|-immune|p1a: Venusaur\n|\n|-heal|p1a: Venusaur|94\/100|[from] item: Leftovers\n|-heal|p2a: Microwave Baby|95\/100|[from] item: Black Sludge\n|-sideend|p1: abuzzi|move: Light Screen\n|upkeep\n|turn|10\n|\n|t:|1698971850\n|move|p1a: Venusaur|Giga Drain|p2a: Microwave Baby\n|-damage|p2a: Microwave Baby|67\/100\n|-heal|p1a: Venusaur|100\/100|[from] drain|[of] p2a: Microwave Baby\n|move|p2a: Microwave Baby|Scald|p1a: Venusaur\n|-resisted|p1a: Venusaur\n|-damage|p1a: Venusaur|93\/100\n|-status|p1a: Venusaur|brn\n|\n|-heal|p1a: Venusaur|99\/100 brn|[from] item: Leftovers\n|-heal|p2a: Microwave Baby|74\/100|[from] item: Black Sludge\n|-damage|p1a: Venusaur|93\/100 brn|[from] brn\n|upkeep\n|turn|11\n|\n|t:|1698971865\n|move|p2a: Microwave Baby|Baneful Bunker|p2a: Microwave Baby\n|-singleturn|p2a: Microwave Baby|move: Protect\n|move|p1a: Venusaur|Earth Power|p2a: Microwave Baby\n|-activate|p2a: Microwave Baby|move: Protect\n|\n|-heal|p1a: Venusaur|99\/100 brn|[from] item: Leftovers\n|-heal|p2a: Microwave Baby|80\/100|[from] item: Black Sludge\n|-damage|p1a: Venusaur|93\/100 brn|[from] brn\n|upkeep\n|turn|12\n|\n|t:|1698971879\n|switch|p1a: Iron Hands|Iron Hands|100\/100\n|-damage|p1a: Iron Hands|94\/100|[from] Stealth Rock\n|-enditem|p1a: Iron Hands|Booster Energy\n|-activate|p1a: Iron Hands|ability: Quark Drive|[fromitem]\n|-start|p1a: Iron Hands|quarkdriveatk\n|switch|p2a: Darth Fortnite|Corviknight, F, shiny|100\/100\n|\n|upkeep\n|turn|13\n|\n|t:|1698971915\n|move|p2a: Darth Fortnite|U-turn|p1a: Iron Hands\n|-resisted|p1a: Iron Hands\n|-damage|p1a: Iron Hands|90\/100\n|\n|t:|1698971930\n|switch|p2a: Microwave Baby|Toxapex, F, shiny|100\/100|[from] U-turn\n|move|p1a: Iron Hands|Rock Slide|p2a: Microwave Baby\n|-damage|p2a: Microwave Baby|79\/100\n|\n|-heal|p2a: Microwave Baby|85\/100|[from] item: Black Sludge\n|upkeep\n|turn|14\n|\n|t:|1698971950\n|move|p1a: Iron Hands|Thunder Punch|p2a: Microwave Baby\n|-supereffective|p2a: Microwave Baby\n|-damage|p2a: Microwave Baby|15\/100\n|-status|p2a: Microwave Baby|par\n|move|p2a: Microwave Baby|Scald|p1a: Iron Hands\n|-damage|p1a: Iron Hands|74\/100\n|-status|p1a: Iron Hands|brn\n|\n|-heal|p2a: Microwave Baby|22\/100 par|[from] item: Black Sludge\n|-damage|p1a: Iron Hands|67\/100 brn|[from] brn\n|upkeep\n|turn|15\n|\n|t:|1698971996\n|switch|p2a: Z a z a|Zamazenta|100\/100\n|-ability|p2a: Z a z a|Dauntless Shield|boost\n|-boost|p2a: Z a z a|def|1\n|move|p1a: Iron Hands|Thunder Punch|p2a: Z a z a\n|-damage|p2a: Z a z a|90\/100\n|\n|-heal|p2a: Z a z a|96\/100|[from] item: Leftovers\n|-damage|p1a: Iron Hands|61\/100 brn|[from] brn\n|upkeep\n|turn|16\n|\n|t:|1698972028\n|move|p2a: Z a z a|Ice Fang|p1a: Iron Hands\n|-damage|p1a: Iron Hands|50\/100 brn\n|move|p1a: Iron Hands|Play Rough|p2a: Z a z a\n|-supereffective|p2a: Z a z a\n|-damage|p2a: Z a z a|77\/100\n|\n|-heal|p2a: Z a z a|83\/100|[from] item: Leftovers\n|-damage|p1a: Iron Hands|44\/100 brn|[from] brn\n|upkeep\n|turn|17\n|\n|t:|1698972047\n|-end|p1a: Iron Hands|Quark Drive|[silent]\n|switch|p1a: Pelipper|Pelipper, F|100\/100\n|-damage|p1a: Pelipper|75\/100|[from] Stealth Rock\n|-weather|RainDance|[from] ability: Drizzle|[of] p1a: Pelipper\n|move|p2a: Z a z a|Substitute|p2a: Z a z a\n|-start|p2a: Z a z a|Substitute\n|-damage|p2a: Z a z a|58\/100\n|\n|-weather|RainDance|[upkeep]\n|-heal|p2a: Z a z a|64\/100|[from] item: Leftovers\n|-heal|p1a: Pelipper|82\/100|[from] item: Leftovers\n|upkeep\n|turn|18\n|\n|t:|1698972087\n|switch|p1a: Dragapult|Dragapult, M|100\/100\n|-damage|p1a: Dragapult|88\/100|[from] Stealth Rock\n|move|p2a: Z a z a|Body Press|p1a: Dragapult\n|-immune|p1a: Dragapult\n|\n|-weather|RainDance|[upkeep]\n|-heal|p2a: Z a z a|70\/100|[from] item: Leftovers\n|upkeep\n|turn|19\n|\n|t:|1698972103\n|move|p1a: Dragapult|Draco Meteor|p2a: Z a z a\n|-damage|p2a: Z a z a|23\/100\n|-unboost|p1a: Dragapult|spa|2\n|move|p2a: Z a z a|Ice Fang|p1a: Dragapult\n|-supereffective|p1a: Dragapult\n|-damage|p1a: Dragapult|42\/100\n|-damage|p2a: Z a z a|6\/100|[from] item: Rocky Helmet|[of] p1a: Dragapult\n|\n|-weather|RainDance|[upkeep]\n|-heal|p2a: Z a z a|13\/100|[from] item: Leftovers\n|upkeep\n|turn|20\n|\n|t:|1698972126\n|switch|p2a: Bane of Arthropods|Chansey, F, shiny|97\/100\n|move|p1a: Dragapult|Hex|p2a: Bane of Arthropods\n|-immune|p2a: Bane of Arthropods\n|\n|-weather|RainDance|[upkeep]\n|upkeep\n|turn|21\n|\n|t:|1698972154\n|switch|p1a: Venusaur|Venusaur, M|93\/100 brn\n|-damage|p1a: Venusaur|81\/100 brn|[from] Stealth Rock\n|switch|p2a: Darth Fortnite|Corviknight, F, shiny|100\/100\n|\n|-weather|none\n|-heal|p1a: Venusaur|87\/100 brn|[from] item: Leftovers\n|-damage|p1a: Venusaur|81\/100 brn|[from] brn\n|upkeep\n|turn|22\n|\n|t:|1698972190\n|switch|p1a: Pelipper|Pelipper, F|82\/100\n|-damage|p1a: Pelipper|57\/100|[from] Stealth Rock\n|-weather|RainDance|[from] ability: Drizzle|[of] p1a: Pelipper\n|move|p2a: Darth Fortnite|U-turn|p1a: Pelipper\n|-resisted|p1a: Pelipper\n|-damage|p1a: Pelipper|51\/100\n|l|\u2606g33builder\n|player|p2|\n|j|\u2606g33builder\n|player|p2|g33builder|brycenman\n|\n|t:|1698972318\n|switch|p2a: Bane of Arthropods|Chansey, F, shiny|97\/100|[from] U-turn\n|\n|-weather|RainDance|[upkeep]\n|-heal|p1a: Pelipper|58\/100|[from] item: Leftovers\n|upkeep\n|turn|23\n|\n|t:|1698972334\n|switch|p2a: Darth Fortnite|Corviknight, F, shiny|100\/100\n|move|p1a: Pelipper|Tailwind|p1a: Pelipper\n|-sidestart|p1: abuzzi|move: Tailwind\n|\n|-weather|RainDance|[upkeep]\n|-heal|p1a: Pelipper|64\/100|[from] item: Leftovers\n|upkeep\n|turn|24\n|\n|t:|1698972352\n|move|p1a: Pelipper|Roost|p1a: Pelipper\n|-heal|p1a: Pelipper|100\/100\n|-singleturn|p1a: Pelipper|move: Roost\n|move|p2a: Darth Fortnite|Tailwind|p2a: Darth Fortnite\n|-sidestart|p2: g33builder|move: Tailwind\n|\n|-weather|RainDance|[upkeep]\n|upkeep\n|turn|25\n|\n|t:|1698972365\n|switch|p1a: Swampert|Swampert-Mega, M|94\/100\n|-damage|p1a: Swampert|88\/100|[from] Stealth Rock\n|move|p2a: Darth Fortnite|U-turn|p1a: Swampert\n|-damage|p1a: Swampert|77\/100\n|\n|t:|1698972389\n|switch|p2a: Iron Valorant|Iron Valiant|100\/100|[from] U-turn\n|-enditem|p2a: Iron Valorant|Booster Energy\n|-activate|p2a: Iron Valorant|ability: Quark Drive|[fromitem]\n|-start|p2a: Iron Valorant|quarkdrivespe\n|\n|-weather|RainDance|[upkeep]\n|upkeep\n|turn|26\n|\n|t:|1698972403\n|move|p2a: Iron Valorant|Moonblast|p1a: Swampert\n|-damage|p1a: Swampert|41\/100\n|move|p1a: Swampert|Flip Turn|p2a: Iron Valorant\n|-damage|p2a: Iron Valorant|23\/100\n|\n|t:|1698972416\n|switch|p1a: Pelipper|Pelipper, F|100\/100|[from] Flip Turn\n|-damage|p1a: Pelipper|75\/100|[from] Stealth Rock\n|\n|-weather|none\n|-heal|p1a: Pelipper|82\/100|[from] item: Leftovers\n|-sideend|p1: abuzzi|move: Tailwind\n|upkeep\n|turn|27\n|\n|t:|1698972444\n|move|p2a: Iron Valorant|Thunderbolt|p1a: Pelipper\n|-supereffective|p1a: Pelipper\n|-damage|p1a: Pelipper|0 fnt\n|faint|p1a: Pelipper\n|\n|-sideend|p2: g33builder|move: Tailwind\n|upkeep\n|\n|t:|1698972479\n|switch|p1a: Iron Hands|Iron Hands|44\/100 brn\n|-damage|p1a: Iron Hands|38\/100 brn|[from] Stealth Rock\n|turn|28\n|\n|t:|1698972510\n|-end|p1a: Iron Hands|Quark Drive|[silent]\n|switch|p1a: Venusaur|Venusaur, M|81\/100 brn\n|-damage|p1a: Venusaur|68\/100 brn|[from] Stealth Rock\n|move|p2a: Iron Valorant|Moonblast|p1a: Venusaur\n|-resisted|p1a: Venusaur\n|-crit|p1a: Venusaur\n|-damage|p1a: Venusaur|38\/100 brn\n|\n|-heal|p1a: Venusaur|44\/100 brn|[from] item: Leftovers\n|-damage|p1a: Venusaur|38\/100 brn|[from] brn\n|upkeep\n|turn|29\n|\n|t:|1698972547\n|move|p2a: Iron Valorant|Destiny Bond|p2a: Iron Valorant\n|-singlemove|p2a: Iron Valorant|Destiny Bond\n|move|p1a: Venusaur|Venoshock|p2a: Iron Valorant\n|-supereffective|p2a: Iron Valorant\n|-damage|p2a: Iron Valorant|0 fnt\n|faint|p2a: Iron Valorant\n|-activate|p2a: Iron Valorant|move: Destiny Bond\n|-end|p2a: Iron Valorant|Quark Drive|[silent]\n|faint|p1a: Venusaur\n|\n|upkeep\n|c|\u2606abuzzi|gg\n|\n|t:|1698972606\n|switch|p2a: Darth Fortnite|Corviknight, F, shiny|100\/100\n|switch|p1a: Iron Hands|Iron Hands|38\/100 brn\n|-damage|p1a: Iron Hands|32\/100 brn|[from] Stealth Rock\n|turn|30\n|\n|t:|1698972619\n|move|p2a: Darth Fortnite|Tailwind|p2a: Darth Fortnite\n|-sidestart|p2: g33builder|move: Tailwind\n|move|p1a: Iron Hands|Drain Punch|p2a: Darth Fortnite\n|-damage|p2a: Darth Fortnite|86\/100\n|-heal|p1a: Iron Hands|37\/100 brn|[from] drain|[of] p2a: Darth Fortnite\n|\n|-heal|p2a: Darth Fortnite|92\/100|[from] item: Leftovers\n|-damage|p1a: Iron Hands|31\/100 brn|[from] brn\n|upkeep\n|turn|31\n|\n|t:|1698972631\n|move|p2a: Darth Fortnite|U-turn|p1a: Iron Hands\n|-resisted|p1a: Iron Hands\n|-damage|p1a: Iron Hands|26\/100 brn\n|\n|t:|1698972636\n|switch|p2a: Twink Death|Enamorus, F, shiny|100\/100|[from] U-turn\n|move|p1a: Iron Hands|Rock Slide|p2a: Twink Death\n|-supereffective|p2a: Twink Death\n|-damage|p2a: Twink Death|55\/100\n|\n|-damage|p1a: Iron Hands|20\/100 brn|[from] brn\n|upkeep\n|turn|32\n|\n|t:|1698972685\n|move|p2a: Twink Death|Moonblast|p1a: Iron Hands\n|-supereffective|p1a: Iron Hands\n|-damage|p1a: Iron Hands|0 fnt\n|faint|p1a: Iron Hands\n|-end|p1a: Iron Hands|Quark Drive|[silent]\n|\n|upkeep\n|\n|t:|1698972706\n|switch|p1a: Swampert|Swampert-Mega, M|41\/100\n|-damage|p1a: Swampert|34\/100|[from] Stealth Rock\n|turn|33\n|\n|t:|1698972713\n|move|p2a: Twink Death|Grass Knot|p1a: Swampert\n|-supereffective|p1a: Swampert\n|-damage|p1a: Swampert|0 fnt\n|faint|p1a: Swampert\n|\n|-sideend|p2: g33builder|move: Tailwind\n|upkeep\n|\n|t:|1698972718\n|switch|p1a: Dragapult|Dragapult, M|42\/100\n|-damage|p1a: Dragapult|30\/100|[from] Stealth Rock\n|turn|34\n|\n|t:|1698972725\n|switch|p2a: Bane of Arthropods|Chansey, F, shiny|97\/100\n|move|p1a: Dragapult|Hex|p2a: Bane of Arthropods\n|-immune|p2a: Bane of Arthropods\n|\n|upkeep\n|turn|35\n|\n|t:|1698972732\n|move|p1a: Dragapult|Will-O-Wisp|p2a: Bane of Arthropods\n|-status|p2a: Bane of Arthropods|brn\n|move|p2a: Bane of Arthropods|Toxic|p1a: Dragapult\n|-status|p1a: Dragapult|tox\n|\n|-damage|p1a: Dragapult|24\/100 tox|[from] psn\n|-damage|p2a: Bane of Arthropods|91\/100 brn|[from] brn\n|upkeep\n|turn|36\n|\n|t:|1698972743\n|move|p1a: Dragapult|Draco Meteor|p2a: Bane of Arthropods|[miss]\n|-miss|p1a: Dragapult|p2a: Bane of Arthropods\n|move|p2a: Bane of Arthropods|Healing Wish|p2a: Bane of Arthropods\n|faint|p2a: Bane of Arthropods\n|\n|-damage|p1a: Dragapult|12\/100 tox|[from] psn\n|upkeep\n|\n|t:|1698972750\n|switch|p2a: Z a z a|Zamazenta|13\/100\n|-heal|p2a: Z a z a|100\/100|[from] move: Healing Wish\n|turn|37\n|\n|t:|1698972756\n|move|p1a: Dragapult|Draco Meteor|p2a: Z a z a\n|-damage|p2a: Z a z a|57\/100\n|-unboost|p1a: Dragapult|spa|2\n|move|p2a: Z a z a|Ice Fang|p1a: Dragapult\n|-supereffective|p1a: Dragapult\n|-damage|p1a: Dragapult|0 fnt\n|-damage|p2a: Z a z a|41\/100|[from] item: Rocky Helmet|[of] p1a: Dragapult\n|faint|p1a: Dragapult\n|\n|win|g33builder\n|c|\u2606abuzzi|gg\n|c|\u2606g33builder|gg\n","uploadtime":1698972777,"views":11,"p1id":"abuzzi","p2id":"g33builder","formatid":"gen9nationaldexubers","rating":0,"private":0,"password":""}