{"id":"gen9nationaldexubers-1985314663","p1":"Vjaal","p2":"John-Halsey","format":"[Gen 9] National Dex Ubers","log":"|j|\u2606Vjaal\n|j|\u2606John-Halsey\n|t:|1699363527\n|gametype|singles\n|player|p1|Vjaal|266|1065\n|player|p2|John-Halsey|veteran|1018\n|teamsize|p1|6\n|teamsize|p2|6\n|gen|9\n|tier|[Gen 9] National Dex Ubers\n|rated|\n|rule|HP Percentage Mod: HP is shown in percentages\n|rule|Endless Battle Clause: Forcing endless battles is banned\n|rule|OHKO Clause: OHKO moves are banned\n|rule|Evasion Moves Clause: Evasion moves are banned\n|rule|Evasion Items Clause: Evasion items are banned\n|rule|Species Clause: Limit one of each Pok\u00e9mon\n|rule|Sleep Clause Mod: Limit one foe put to sleep\n|rule|Mega Rayquaza Clause: You cannot mega evolve Rayquaza\n|clearpoke\n|poke|p1|Lopunny, F|\n|poke|p1|Ditto|\n|poke|p1|Dragonite, M|\n|poke|p1|Ferrothorn, M|\n|poke|p1|Gengar, F|\n|poke|p1|Greninja-*, M|\n|poke|p2|Mew|\n|poke|p2|Lucario, M|\n|poke|p2|Arcanine, M|\n|poke|p2|Swampert, F|\n|poke|p2|Shuckle, M|\n|poke|p2|Golurk|\n|teampreview\n|\n|t:|1699363541\n|start\n|switch|p1a: Ferrothorn|Ferrothorn, M|100\/100\n|switch|p2a: Echoe|Arcanine, M|100\/100\n|-ability|p2a: Echoe|Intimidate|boost\n|-unboost|p1a: Ferrothorn|atk|1\n|turn|1\n|\n|t:|1699363548\n|move|p2a: Echoe|Flare Blitz|p1a: Ferrothorn\n|-supereffective|p1a: Ferrothorn\n|-damage|p1a: Ferrothorn|0 fnt\n|-damage|p2a: Echoe|88\/100|[from] ability: Iron Barbs|[of] p1a: Ferrothorn\n|faint|p1a: Ferrothorn\n|-damage|p2a: Echoe|52\/100|[from] Recoil\n|-damage|p2a: Echoe|42\/100|[from] item: Life Orb\n|\n|upkeep\n|\n|t:|1699363557\n|switch|p1a: Greninja|Greninja, M|100\/100\n|turn|2\n|\n|t:|1699363564\n|switch|p2a: Marvin|Shuckle, M, shiny|100\/100\n|move|p1a: Greninja|Water Shuriken|p2a: Marvin\n|-supereffective|p2a: Marvin\n|-damage|p2a: Marvin|90\/100\n|-supereffective|p2a: Marvin\n|-crit|p2a: Marvin\n|-damage|p2a: Marvin|74\/100\n|-supereffective|p2a: Marvin\n|-damage|p2a: Marvin|63\/100\n|-supereffective|p2a: Marvin\n|-damage|p2a: Marvin|53\/100\n|-hitcount|p2a: Marvin|4\n|-damage|p1a: Greninja|91\/100|[from] item: Life Orb\n|\n|-heal|p2a: Marvin|59\/100|[from] item: Leftovers\n|upkeep\n|turn|3\n|\n|t:|1699363580\n|move|p2a: Marvin|Protect|p2a: Marvin\n|-singleturn|p2a: Marvin|Protect\n|move|p1a: Greninja|Water Shuriken|p2a: Marvin\n|-activate|p2a: Marvin|move: Protect\n|\n|-heal|p2a: Marvin|65\/100|[from] item: Leftovers\n|upkeep\n|turn|4\n|\n|t:|1699363587\n|move|p1a: Greninja|Water Shuriken|p2a: Marvin\n|-supereffective|p2a: Marvin\n|-damage|p2a: Marvin|54\/100\n|-supereffective|p2a: Marvin\n|-damage|p2a: Marvin|44\/100\n|-supereffective|p2a: Marvin\n|-damage|p2a: Marvin|33\/100\n|-supereffective|p2a: Marvin\n|-damage|p2a: Marvin|22\/100\n|-hitcount|p2a: Marvin|4\n|-damage|p1a: Greninja|81\/100|[from] item: Life Orb\n|move|p2a: Marvin|Toxic|p1a: Greninja\n|-status|p1a: Greninja|tox\n|\n|-heal|p2a: Marvin|28\/100|[from] item: Leftovers\n|-damage|p1a: Greninja|75\/100 tox|[from] psn\n|upkeep\n|turn|5\n|\n|t:|1699363620\n|move|p2a: Marvin|Protect|p2a: Marvin\n|-singleturn|p2a: Marvin|Protect\n|move|p1a: Greninja|Water Shuriken|p2a: Marvin\n|-activate|p2a: Marvin|move: Protect\n|\n|-heal|p2a: Marvin|35\/100|[from] item: Leftovers\n|-damage|p1a: Greninja|63\/100 tox|[from] psn\n|upkeep\n|turn|6\n|\n|t:|1699363644\n|move|p2a: Marvin|Protect||[still]\n|-fail|p2a: Marvin\n|move|p1a: Greninja|Water Shuriken|p2a: Marvin\n|-supereffective|p2a: Marvin\n|-damage|p2a: Marvin|24\/100\n|-supereffective|p2a: Marvin\n|-damage|p2a: Marvin|13\/100\n|-hitcount|p2a: Marvin|2\n|-damage|p1a: Greninja|53\/100 tox|[from] item: Life Orb\n|\n|-heal|p2a: Marvin|19\/100|[from] item: Leftovers\n|-damage|p1a: Greninja|35\/100 tox|[from] psn\n|upkeep\n|turn|7\n|\n|t:|1699363660\n|move|p2a: Marvin|Protect|p2a: Marvin\n|-singleturn|p2a: Marvin|Protect\n|move|p1a: Greninja|Water Shuriken|p2a: Marvin\n|-activate|p2a: Marvin|move: Protect\n|\n|-heal|p2a: Marvin|25\/100|[from] item: Leftovers\n|-damage|p1a: Greninja|12\/100 tox|[from] psn\n|upkeep\n|turn|8\n|\n|t:|1699363669\n|move|p2a: Marvin|Protect|p2a: Marvin\n|-singleturn|p2a: Marvin|Protect\n|move|p1a: Greninja|Dark Pulse|p2a: Marvin\n|-activate|p2a: Marvin|move: Protect\n|\n|-heal|p2a: Marvin|32\/100|[from] item: Leftovers\n|-damage|p1a: Greninja|0 fnt|[from] psn\n|faint|p1a: Greninja\n|upkeep\n|c|\u2606Vjaal|how\n|c|\u2606John-Halsey|XDD\n|c|\u2606Vjaal|protect 4x?\n|c|\u2606John-Halsey|yeah\n|c|\u2606John-Halsey|rly\n|c|\u2606John-Halsey|this is my Marvin\n|\n|t:|1699363701\n|switch|p1a: Dragonite|Dragonite, M|100\/100\n|turn|9\n|c|\u2606John-Halsey|<3\n|\n|t:|1699363707\n|move|p1a: Dragonite|Earthquake|p2a: Marvin\n|-damage|p2a: Marvin|8\/100\n|move|p2a: Marvin|Toxic|p1a: Dragonite\n|-status|p1a: Dragonite|tox\n|\n|-heal|p2a: Marvin|14\/100|[from] item: Leftovers\n|-damage|p1a: Dragonite|94\/100 tox|[from] psn\n|upkeep\n|turn|10\n|\n|t:|1699363715\n|move|p2a: Marvin|Protect|p2a: Marvin\n|-singleturn|p2a: Marvin|Protect\n|move|p1a: Dragonite|Dual Wingbeat|p2a: Marvin\n|-activate|p2a: Marvin|move: Protect\n|\n|-heal|p2a: Marvin|20\/100|[from] item: Leftovers\n|-damage|p1a: Dragonite|82\/100 tox|[from] psn\n|upkeep\n|turn|11\n|\n|t:|1699363750\n|move|p1a: Dragonite|Outrage|p2a: Marvin\n|-damage|p2a: Marvin|0 fnt\n|faint|p2a: Marvin\n|\n|-damage|p1a: Dragonite|63\/100 tox|[from] psn\n|upkeep\n|\n|t:|1699363759\n|switch|p2a: Ori|Mew|100\/100\n|turn|12\n|\n|t:|1699363782\n|-terastallize|p2a: Ori|Fairy\n|move|p2a: Ori|Psychic|p1a: Dragonite\n|-damage|p1a: Dragonite|30\/100 tox\n|move|p1a: Dragonite|Outrage|p2a: Ori|[from]lockedmove\n|-immune|p2a: Ori\n|\n|-damage|p1a: Dragonite|5\/100 tox|[from] psn\n|-status|p2a: Ori|brn|[from] item: Flame Orb\n|upkeep\n|turn|13\n|\n|t:|1699363799\n|move|p1a: Dragonite|Extreme Speed|p2a: Ori\n|-damage|p2a: Ori|79\/100 brn\n|move|p2a: Ori|Psychic|p1a: Dragonite\n|-damage|p1a: Dragonite|0 fnt\n|faint|p1a: Dragonite\n|\n|-damage|p2a: Ori|73\/100 brn|[from] brn\n|upkeep\n|c|\u2606Vjaal|interesting\n|c|\u2606John-Halsey|^^\n|\n|t:|1699363822\n|switch|p1a: Lopunny|Lopunny, F|100\/100\n|turn|14\n|\n|t:|1699363828\n|detailschange|p1a: Lopunny|Lopunny-Mega, F\n|-mega|p1a: Lopunny|Lopunny|Lopunnite\n|move|p1a: Lopunny|Fake Out|p2a: Ori\n|-damage|p2a: Ori|56\/100 brn\n|cant|p2a: Ori|flinch\n|\n|-damage|p2a: Ori|49\/100 brn|[from] brn\n|upkeep\n|turn|15\n|\n|t:|1699363840\n|move|p1a: Lopunny|Triple Axel|p2a: Ori|[miss]\n|-miss|p1a: Lopunny|p2a: Ori\n|move|p2a: Ori|Soft-Boiled|p2a: Ori\n|-heal|p2a: Ori|99\/100 brn\n|\n|-damage|p2a: Ori|93\/100 brn|[from] brn\n|upkeep\n|turn|16\n|c|\u2606Vjaal|the luck is lucking\n|\n|t:|1699363852\n|switch|p1a: Gengar|Gengar, F, shiny|100\/100\n|switch|p2a: Swampert|Swampert, F|100\/100\n|\n|upkeep\n|turn|17\n|\n|t:|1699363863\n|move|p1a: Gengar|Will-O-Wisp|p2a: Swampert\n|-status|p2a: Swampert|brn\n|move|p2a: Swampert|Earthquake|p1a: Gengar\n|-supereffective|p1a: Gengar\n|-damage|p1a: Gengar|3\/100\n|\n|-damage|p2a: Swampert|94\/100 brn|[from] brn\n|upkeep\n|turn|18\n|\n|t:|1699363874\n|move|p1a: Gengar|Hex|p2a: Swampert\n|-damage|p2a: Swampert|53\/100 brn\n|move|p2a: Swampert|Liquidation|p1a: Gengar\n|-damage|p1a: Gengar|0 fnt\n|faint|p1a: Gengar\n|\n|-damage|p2a: Swampert|47\/100 brn|[from] brn\n|upkeep\n|-message|Vjaal forfeited.\n|\n|win|John-Halsey\n|raw|Vjaal's rating: 1065 &rarr; <strong>1043<\/strong><br \/>(-22 for losing)\n|raw|John-Halsey's rating: 1018 &rarr; <strong>1060<\/strong><br \/>(+42 for winning)\n|l|\u2606Vjaal\n","uploadtime":1699364060,"views":8,"p1id":"vjaal","p2id":"johnhalsey","formatid":"gen9nationaldexubers","rating":1043,"private":0,"password":""}