{"id":"gen9nationaldexubers-1999927045","p1":"Sencopion","p2":"Flames98765","format":"[Gen 9] National Dex Ubers","log":"|j|\u2606Sencopion\n|j|\u2606Flames98765\n|t:|1701130979\n|gametype|singles\n|player|p1|Sencopion|roxie|\n|player|p2|Flames98765|jasmine|\n|teamsize|p1|6\n|teamsize|p2|6\n|gen|9\n|tier|[Gen 9] National Dex Ubers\n|rule|HP Percentage Mod: HP is shown in percentages\n|rule|Endless Battle Clause: Forcing endless battles is banned\n|rule|OHKO Clause: OHKO moves are banned\n|rule|Evasion Moves Clause: Evasion moves are banned\n|rule|Evasion Items Clause: Evasion items are banned\n|rule|Species Clause: Limit one of each Pok\u00e9mon\n|rule|Sleep Clause Mod: Limit one foe put to sleep\n|rule|Mega Rayquaza Clause: You cannot mega evolve Rayquaza\n|clearpoke\n|poke|p1|Ribombee, F|\n|poke|p1|Zacian-*|\n|poke|p1|Gliscor, F|\n|poke|p1|Moltres-Galar|\n|poke|p1|Maushold|\n|poke|p1|Volcanion|\n|poke|p2|Conkeldurr, M|\n|poke|p2|Urshifu-*, F|\n|poke|p2|Infernape, F|\n|poke|p2|Great Tusk|\n|poke|p2|Kommo-o, F|\n|poke|p2|Medicham, M|\n|teampreview\n|inactive|Battle timer is ON: inactive players will automatically lose when time's up. (requested by Sencopion)\n|c|\u2606Sencopion|glhf!\n|c|\u2606Flames98765|you too\n|inactive|Flames98765 has 270 seconds left.\n|\n|t:|1701131014\n|start\n|switch|p1a: Maushold|Maushold|100\/100\n|switch|p2a: Medicham|Medicham, M|100\/100\n|turn|1\n|\n|t:|1701131024\n|detailschange|p2a: Medicham|Medicham-Mega, M\n|-mega|p2a: Medicham|Medicham|Medichamite\n|-terastallize|p1a: Maushold|Ghost\n|move|p2a: Medicham|Fake Out|p1a: Maushold\n|-immune|p1a: Maushold\n|move|p1a: Maushold|Tidy Up|p1a: Maushold\n|-boost|p1a: Maushold|atk|1\n|-boost|p1a: Maushold|spe|1\n|\n|upkeep\n|turn|2\n|\n|t:|1701131050\n|switch|p2a: Great Tusk|Great Tusk|100\/100\n|move|p1a: Maushold|Population Bomb|p2a: Great Tusk\n|-damage|p2a: Great Tusk|91\/100\n|-damage|p2a: Great Tusk|81\/100\n|-damage|p2a: Great Tusk|71\/100\n|-damage|p2a: Great Tusk|62\/100\n|-damage|p2a: Great Tusk|53\/100\n|-damage|p2a: Great Tusk|44\/100\n|-damage|p2a: Great Tusk|34\/100\n|-damage|p2a: Great Tusk|25\/100\n|-damage|p2a: Great Tusk|16\/100\n|-damage|p2a: Great Tusk|7\/100\n|-hitcount|p2a: Great Tusk|10\n|\n|-heal|p2a: Great Tusk|13\/100|[from] item: Leftovers\n|upkeep\n|turn|3\n|inactive|Flames98765 has 270 seconds left.\n|\n|t:|1701131069\n|move|p1a: Maushold|Population Bomb|p2a: Great Tusk\n|-damage|p2a: Great Tusk|4\/100\n|-damage|p2a: Great Tusk|0 fnt\n|faint|p2a: Great Tusk\n|-end|p2a: Great Tusk|Protosynthesis|[silent]\n|-hitcount|p2: Great Tusk|2\n|\n|upkeep\n|inactive|Flames98765 has 270 seconds left.\n|\n|t:|1701131077\n|switch|p2a: Kommo-o|Kommo-o, F|100\/100\n|turn|4\n|\n|t:|1701131082\n|move|p1a: Maushold|Population Bomb|p2a: Kommo-o\n|-damage|p2a: Kommo-o|86\/100\n|-damage|p2a: Kommo-o|71\/100\n|-damage|p2a: Kommo-o|54\/100\n|-damage|p2a: Kommo-o|40\/100\n|-damage|p2a: Kommo-o|25\/100\n|-damage|p2a: Kommo-o|10\/100\n|-damage|p2a: Kommo-o|0 fnt\n|faint|p2a: Kommo-o\n|-hitcount|p2: Kommo-o|7\n|\n|upkeep\n|inactive|Flames98765 has 270 seconds left.\n|\n|t:|1701131096\n|switch|p2a: Urshifu|Urshifu-Rapid-Strike, F|100\/100\n|turn|5\n|\n|t:|1701131101\n|move|p1a: Maushold|Population Bomb|p2a: Urshifu\n|-damage|p2a: Urshifu|83\/100\n|-damage|p2a: Urshifu|67\/100\n|-damage|p2a: Urshifu|51\/100\n|-damage|p2a: Urshifu|35\/100\n|-damage|p2a: Urshifu|19\/100\n|-damage|p2a: Urshifu|3\/100\n|-damage|p2a: Urshifu|0 fnt\n|faint|p2a: Urshifu\n|-hitcount|p2: Urshifu|7\n|\n|upkeep\n|\n|t:|1701131113\n|switch|p2a: Conkeldurr|Conkeldurr, M|100\/100\n|turn|6\n|\n|t:|1701131118\n|-terastallize|p2a: Conkeldurr|Steel\n|move|p1a: Maushold|Population Bomb|p2a: Conkeldurr\n|-resisted|p2a: Conkeldurr\n|-damage|p2a: Conkeldurr|94\/100\n|-hitcount|p2a: Conkeldurr|1\n|move|p2a: Conkeldurr|Thunder Punch|p1a: Maushold\n|-damage|p1a: Maushold|40\/100\n|\n|upkeep\n|turn|7\n|\n|t:|1701131129\n|move|p1a: Maushold|Low Kick|p2a: Conkeldurr\n|-supereffective|p2a: Conkeldurr\n|-damage|p2a: Conkeldurr|45\/100\n|move|p2a: Conkeldurr|Thunder Punch|p1a: Maushold\n|-damage|p1a: Maushold|0 fnt\n|faint|p1a: Maushold\n|\n|upkeep\n|\n|t:|1701131143\n|switch|p1a: Ribombee|Ribombee, F|100\/100\n|turn|8\n|\n|t:|1701131154\n|move|p1a: Ribombee|Stun Spore|p2a: Conkeldurr\n|-status|p2a: Conkeldurr|par\n|move|p2a: Conkeldurr|Thunder Punch|p1a: Ribombee\n|-damage|p1a: Ribombee|24\/100\n|\n|upkeep\n|turn|9\n|\n|t:|1701131161\n|move|p1a: Ribombee|Sticky Web|p2a: Conkeldurr\n|-sidestart|p2: Flames98765|move: Sticky Web\n|move|p2a: Conkeldurr|Thunder Punch|p1a: Ribombee\n|-crit|p1a: Ribombee\n|-damage|p1a: Ribombee|0 fnt\n|faint|p1a: Ribombee\n|\n|upkeep\n|inactive|Sencopion has 270 seconds left.\n|\n|t:|1701131203\n|switch|p1a: Gliscor|Gliscor, F|100\/100\n|turn|10\n|\n|t:|1701131211\n|move|p1a: Gliscor|Protect|p1a: Gliscor\n|-singleturn|p1a: Gliscor|Protect\n|cant|p2a: Conkeldurr|par\n|\n|-status|p1a: Gliscor|tox|[from] item: Toxic Orb\n|upkeep\n|turn|11\n|inactive|Sencopion has 270 seconds left.\n|\n|t:|1701131217\n|move|p1a: Gliscor|Spikes|p2a: Conkeldurr\n|-sidestart|p2: Flames98765|Spikes\n|cant|p2a: Conkeldurr|par\n|\n|upkeep\n|turn|12\n|\n|t:|1701131221\n|move|p1a: Gliscor|Spikes|p2a: Conkeldurr\n|-sidestart|p2: Flames98765|Spikes\n|move|p2a: Conkeldurr|Ice Punch|p1a: Gliscor\n|-supereffective|p1a: Gliscor\n|-damage|p1a: Gliscor|4\/100 tox\n|\n|-heal|p1a: Gliscor|17\/100 tox|[from] ability: Poison Heal\n|upkeep\n|turn|13\n|\n|t:|1701131229\n|switch|p2a: Medicham|Medicham-Mega, M|100\/100\n|-activate|p2a: Medicham|move: Sticky Web\n|-unboost|p2a: Medicham|spe|1\n|-damage|p2a: Medicham|84\/100|[from] Spikes\n|move|p1a: Gliscor|Protect||[still]\n|-fail|p1a: Gliscor\n|\n|-heal|p1a: Gliscor|29\/100 tox|[from] ability: Poison Heal\n|upkeep\n|turn|14\n|\n|t:|1701131241\n|switch|p1a: Moltres|Moltres-Galar|100\/100\n|move|p2a: Medicham|Psycho Cut|p1a: Moltres\n|-immune|p1a: Moltres\n|\n|upkeep\n|turn|15\n|\n|t:|1701131249\n|move|p1a: Moltres|Air Slash|p2a: Medicham\n|-supereffective|p2a: Medicham\n|-damage|p2a: Medicham|0 fnt\n|faint|p2a: Medicham\n|\n|upkeep\n|\n|t:|1701131253\n|switch|p2a: Conkeldurr|Conkeldurr, M, tera:Steel|45\/100 par\n|-activate|p2a: Conkeldurr|move: Sticky Web\n|-unboost|p2a: Conkeldurr|spe|1\n|-damage|p2a: Conkeldurr|29\/100 par|[from] Spikes\n|turn|16\n|\n|t:|1701131270\n|-zpower|p1a: Moltres\n|move|p1a: Moltres|Supersonic Skystrike|p2a: Conkeldurr|[zeffect]\n|-resisted|p2a: Conkeldurr\n|-damage|p2a: Conkeldurr|4\/100 par\n|move|p2a: Conkeldurr|Thunder Punch|p1a: Moltres\n|-supereffective|p1a: Moltres\n|-damage|p1a: Moltres|23\/100\n|-ability|p1a: Moltres|Berserk|boost\n|-boost|p1a: Moltres|spa|1\n|\n|upkeep\n|turn|17\n|\n|t:|1701131281\n|move|p2a: Conkeldurr|Mach Punch|p1a: Moltres\n|-damage|p1a: Moltres|0 fnt\n|faint|p1a: Moltres\n|\n|upkeep\n|\n|t:|1701131290\n|switch|p1a: Zacian|Zacian-Crowned|100\/100\n|-ability|p1a: Zacian|Intrepid Sword|boost\n|-boost|p1a: Zacian|atk|1\n|turn|18\n|\n|t:|1701131294\n|move|p2a: Conkeldurr|Mach Punch|p1a: Zacian\n|-damage|p1a: Zacian|74\/100\n|move|p1a: Zacian|Substitute|p1a: Zacian\n|-start|p1a: Zacian|Substitute\n|-damage|p1a: Zacian|49\/100\n|\n|upkeep\n|turn|19\n|\n|t:|1701131311\n|move|p2a: Conkeldurr|Mach Punch|p1a: Zacian\n|-end|p1a: Zacian|Substitute\n|move|p1a: Zacian|Behemoth Blade|p2a: Conkeldurr\n|-resisted|p2a: Conkeldurr\n|-damage|p2a: Conkeldurr|0 fnt\n|faint|p2a: Conkeldurr\n|\n|upkeep\n|\n|t:|1701131318\n|switch|p2a: Infernape|Infernape, F|100\/100\n|-activate|p2a: Infernape|move: Sticky Web\n|-unboost|p2a: Infernape|spe|1\n|-damage|p2a: Infernape|84\/100|[from] Spikes\n|turn|20\n|\n|t:|1701131329\n|move|p1a: Zacian|Play Rough|p2a: Infernape|[miss]\n|-miss|p1a: Zacian|p2a: Infernape\n|move|p2a: Infernape|Nasty Plot|p2a: Infernape\n|-boost|p2a: Infernape|spa|2\n|\n|upkeep\n|turn|21\n|\n|t:|1701131338\n|move|p2a: Infernape|Vacuum Wave|p1a: Zacian\n|-damage|p1a: Zacian|13\/100\n|move|p1a: Zacian|Play Rough|p2a: Infernape\n|-damage|p2a: Infernape|0 fnt\n|faint|p2a: Infernape\n|\n|win|Sencopion\n|c|\u2606Sencopion|gg wp\n","uploadtime":1701131350,"views":2,"p1id":"sencopion","p2id":"flames98765","formatid":"gen9nationaldexubers","rating":0,"private":0,"password":""}