{"id":"gen9nationaldexubers-1980776604","p1":"joaopimenta","p2":"Lololosh","format":"[Gen 9] National Dex Ubers","log":"|j|\u2606joaopimenta\n|j|\u2606Lololosh\n|t:|1698831062\n|gametype|singles\n|player|p1|joaopimenta|1|1358\n|player|p2|Lololosh|265|1300\n|teamsize|p1|6\n|teamsize|p2|6\n|gen|9\n|tier|[Gen 9] National Dex Ubers\n|rated|\n|rule|HP Percentage Mod: HP is shown in percentages\n|rule|Endless Battle Clause: Forcing endless battles is banned\n|rule|OHKO Clause: OHKO moves are banned\n|rule|Evasion Moves Clause: Evasion moves are banned\n|rule|Evasion Items Clause: Evasion items are banned\n|rule|Species Clause: Limit one of each Pok\u00e9mon\n|rule|Sleep Clause Mod: Limit one foe put to sleep\n|rule|Mega Rayquaza Clause: You cannot mega evolve Rayquaza\n|clearpoke\n|poke|p1|Charizard, M|\n|poke|p1|Serperior, F|\n|poke|p1|Eternatus|\n|poke|p1|Calyrex-Ice|\n|poke|p1|Ferrothorn, M|\n|poke|p1|Grimmsnarl, M|\n|poke|p2|Kangaskhan, F|\n|poke|p2|Jirachi|\n|poke|p2|Shaymin-Sky|\n|poke|p2|Blaziken, F|\n|poke|p2|Groudon|\n|poke|p2|Ditto|\n|teampreview\n|\n|t:|1698831070\n|start\n|switch|p1a: Grimmsnarl|Grimmsnarl, M|100\/100\n|switch|p2a: Groudon|Groudon|100\/100\n|detailschange|p2a: Groudon|Groudon-Primal\n|-primal|p2a: Groudon|Red Orb\n|-weather|DesolateLand|[from] ability: Desolate Land|[of] p2a: Groudon\n|turn|1\n|inactive|Battle timer is ON: inactive players will automatically lose when time's up. (requested by joaopimenta)\n|\n|t:|1698831079\n|move|p1a: Grimmsnarl|Taunt|p2a: Groudon\n|-start|p2a: Groudon|move: Taunt\n|cant|p2a: Groudon|move: Taunt|Swords Dance\n|\n|-weather|DesolateLand|[upkeep]\n|upkeep\n|turn|2\n|\n|t:|1698831085\n|move|p1a: Grimmsnarl|Reflect|p1a: Grimmsnarl\n|-sidestart|p1: joaopimenta|Reflect\n|move|p2a: Groudon|Precipice Blades|p1a: Grimmsnarl\n|-damage|p1a: Grimmsnarl|66\/100\n|\n|-weather|DesolateLand|[upkeep]\n|upkeep\n|turn|3\n|\n|t:|1698831088\n|switch|p1a: Ferrothorn|Ferrothorn, M|100\/100\n|move|p2a: Groudon|Precipice Blades|p1a: Ferrothorn\n|-damage|p1a: Ferrothorn|68\/100\n|\n|-weather|DesolateLand|[upkeep]\n|-heal|p1a: Ferrothorn|74\/100|[from] item: Leftovers\n|-end|p2a: Groudon|move: Taunt\n|upkeep\n|turn|4\n|\n|t:|1698831091\n|move|p2a: Groudon|Fire Punch|p1a: Ferrothorn\n|-supereffective|p1a: Ferrothorn\n|-damage|p1a: Ferrothorn|0 fnt\n|-damage|p2a: Groudon|88\/100|[from] ability: Iron Barbs|[of] p1a: Ferrothorn\n|faint|p1a: Ferrothorn\n|\n|-weather|DesolateLand|[upkeep]\n|upkeep\n|\n|t:|1698831104\n|switch|p1a: Serperior|Serperior, F|100\/100\n|turn|5\n|\n|t:|1698831109\n|move|p1a: Serperior|Leaf Storm|p2a: Groudon\n|-damage|p2a: Groudon|35\/100\n|-boost|p1a: Serperior|spa|2\n|move|p2a: Groudon|Rock Polish|p2a: Groudon\n|-boost|p2a: Groudon|spe|2\n|\n|-weather|DesolateLand|[upkeep]\n|upkeep\n|turn|6\n|\n|t:|1698831114\n|move|p2a: Groudon|Fire Punch|p1a: Serperior\n|-supereffective|p1a: Serperior\n|-damage|p1a: Serperior|0 fnt\n|faint|p1a: Serperior\n|\n|-weather|DesolateLand|[upkeep]\n|-sideend|p1: joaopimenta|Reflect\n|upkeep\n|\n|t:|1698831118\n|switch|p1a: Grimmsnarl|Grimmsnarl, M|66\/100\n|turn|7\n|\n|t:|1698831122\n|move|p1a: Grimmsnarl|Reflect|p1a: Grimmsnarl\n|-sidestart|p1: joaopimenta|Reflect\n|move|p2a: Groudon|Precipice Blades|p1a: Grimmsnarl|[miss]\n|-miss|p2a: Groudon|p1a: Grimmsnarl\n|\n|-weather|DesolateLand|[upkeep]\n|upkeep\n|turn|8\n|\n|t:|1698831127\n|move|p2a: Groudon|Fire Punch|p1a: Grimmsnarl\n|-damage|p1a: Grimmsnarl|35\/100\n|move|p1a: Grimmsnarl|Darkest Lariat|p2a: Groudon\n|-damage|p2a: Groudon|12\/100\n|\n|-weather|DesolateLand|[upkeep]\n|upkeep\n|turn|9\n|\n|t:|1698831132\n|move|p1a: Grimmsnarl|Light Screen|p1a: Grimmsnarl\n|-sidestart|p1: joaopimenta|move: Light Screen\n|move|p2a: Groudon|Fire Punch|p1a: Grimmsnarl\n|-damage|p1a: Grimmsnarl|0 fnt\n|faint|p1a: Grimmsnarl\n|\n|-weather|DesolateLand|[upkeep]\n|upkeep\n|\n|t:|1698831148\n|switch|p1a: Calyrex|Calyrex-Ice|100\/100\n|-ability|p1a: Calyrex|As One\n|-ability|p1a: Calyrex|Unnerve\n|turn|10\n|\n|t:|1698831152\n|-terastallize|p1a: Calyrex|Water\n|move|p2a: Groudon|Fire Punch|p1a: Calyrex\n|-resisted|p1a: Calyrex\n|-damage|p1a: Calyrex|88\/100\n|move|p1a: Calyrex|Trick Room|p1a: Calyrex\n|-fieldstart|move: Trick Room|[of] p1a: Calyrex\n|\n|-weather|DesolateLand|[upkeep]\n|-heal|p1a: Calyrex|95\/100|[from] item: Leftovers\n|upkeep\n|turn|11\n|\n|t:|1698831159\n|move|p1a: Calyrex|Glacial Lance|p2a: Groudon\n|-damage|p2a: Groudon|0 fnt\n|faint|p2a: Groudon\n|-weather|none\n|-ability|p1a: Calyrex|Chilling Neigh|boost\n|-boost|p1a: Calyrex|atk|1\n|\n|-heal|p1a: Calyrex|100\/100|[from] item: Leftovers\n|-sideend|p1: joaopimenta|Reflect\n|upkeep\n|\n|t:|1698831170\n|switch|p2a: Shaymin|Shaymin-Sky|100\/100\n|turn|12\n|\n|t:|1698831177\n|-terastallize|p2a: Shaymin|Grass\n|move|p1a: Calyrex|Glacial Lance|p2a: Shaymin\n|-supereffective|p2a: Shaymin\n|-damage|p2a: Shaymin|0 fnt\n|faint|p2a: Shaymin\n|-ability|p1a: Calyrex|Chilling Neigh|boost\n|-boost|p1a: Calyrex|atk|1\n|\n|upkeep\n|\n|t:|1698831185\n|switch|p2a: Kangaskhan|Kangaskhan, F|100\/100\n|turn|13\n|\n|t:|1698831189\n|detailschange|p2a: Kangaskhan|Kangaskhan-Mega, F\n|-mega|p2a: Kangaskhan|Kangaskhan|Kangaskhanite\n|move|p2a: Kangaskhan|Fake Out|p1a: Calyrex\n|-damage|p1a: Calyrex|89\/100\n|-damage|p1a: Calyrex|87\/100\n|-hitcount|p1a: Calyrex|2\n|cant|p1a: Calyrex|flinch\n|\n|-heal|p1a: Calyrex|93\/100|[from] item: Leftovers\n|-sideend|p1: joaopimenta|move: Light Screen\n|upkeep\n|turn|14\n|\n|t:|1698831197\n|move|p1a: Calyrex|Glacial Lance|p2a: Kangaskhan\n|-damage|p2a: Kangaskhan|0 fnt\n|faint|p2a: Kangaskhan\n|-ability|p1a: Calyrex|Chilling Neigh|boost\n|-boost|p1a: Calyrex|atk|1\n|\n|-heal|p1a: Calyrex|99\/100|[from] item: Leftovers\n|-fieldend|move: Trick Room\n|upkeep\n|\n|t:|1698831206\n|switch|p2a: Blaziken|Blaziken, F|100\/100\n|turn|15\n|\n|t:|1698831212\n|move|p2a: Blaziken|Swords Dance|p2a: Blaziken\n|-boost|p2a: Blaziken|atk|2\n|move|p1a: Calyrex|Trick Room|p1a: Calyrex\n|-fieldstart|move: Trick Room|[of] p1a: Calyrex\n|\n|-heal|p1a: Calyrex|100\/100|[from] item: Leftovers\n|-ability|p2a: Blaziken|Speed Boost|boost\n|-boost|p2a: Blaziken|spe|1\n|upkeep\n|turn|16\n|\n|t:|1698831221\n|move|p1a: Calyrex|High Horsepower|p2a: Blaziken\n|-supereffective|p2a: Blaziken\n|-crit|p2a: Blaziken\n|-enditem|p2a: Blaziken|Focus Sash\n|-damage|p2a: Blaziken|1\/100\n|move|p2a: Blaziken|Close Combat|p1a: Calyrex\n|-damage|p1a: Calyrex|38\/100\n|-unboost|p2a: Blaziken|def|1\n|-unboost|p2a: Blaziken|spd|1\n|\n|-heal|p1a: Calyrex|44\/100|[from] item: Leftovers\n|-ability|p2a: Blaziken|Speed Boost|boost\n|-boost|p2a: Blaziken|spe|1\n|upkeep\n|turn|17\n|\n|t:|1698831231\n|move|p2a: Blaziken|Protect|p2a: Blaziken\n|-singleturn|p2a: Blaziken|Protect\n|move|p1a: Calyrex|High Horsepower|p2a: Blaziken\n|-activate|p2a: Blaziken|move: Protect\n|\n|-heal|p1a: Calyrex|50\/100|[from] item: Leftovers\n|-ability|p2a: Blaziken|Speed Boost|boost\n|-boost|p2a: Blaziken|spe|1\n|upkeep\n|turn|18\n|\n|t:|1698831238\n|move|p1a: Calyrex|High Horsepower|p2a: Blaziken\n|-supereffective|p2a: Blaziken\n|-damage|p2a: Blaziken|0 fnt\n|faint|p2a: Blaziken\n|-ability|p1a: Calyrex|Chilling Neigh|boost\n|-boost|p1a: Calyrex|atk|1\n|\n|-heal|p1a: Calyrex|57\/100|[from] item: Leftovers\n|upkeep\n|\n|t:|1698831244\n|switch|p2a: Jirachi|Jirachi, shiny|100\/100\n|turn|19\n|\n|t:|1698831251\n|move|p1a: Calyrex|High Horsepower|p2a: Jirachi\n|-supereffective|p2a: Jirachi\n|-damage|p2a: Jirachi|0 fnt\n|faint|p2a: Jirachi\n|-ability|p1a: Calyrex|Chilling Neigh|boost\n|-boost|p1a: Calyrex|atk|1\n|\n|-heal|p1a: Calyrex|63\/100|[from] item: Leftovers\n|-fieldend|move: Trick Room\n|upkeep\n|\n|t:|1698831253\n|switch|p2a: Ditto|Ditto|100\/100\n|-transform|p2a: Ditto|p1a: Calyrex|[from] ability: Imposter\n|-start|p2a: Ditto|typechange|Psychic\/Ice|[silent]\n|turn|20\n|\n|t:|1698831268\n|move|p2a: Ditto|Glacial Lance|p1a: Calyrex\n|-resisted|p1a: Calyrex\n|-damage|p1a: Calyrex|1\/100\n|move|p1a: Calyrex|Trick Room|p1a: Calyrex\n|-fieldstart|move: Trick Room|[of] p1a: Calyrex\n|\n|-heal|p1a: Calyrex|7\/100|[from] item: Leftovers\n|upkeep\n|turn|21\n|\n|t:|1698831277\n|move|p1a: Calyrex|High Horsepower|p2a: Ditto|[miss]\n|-miss|p1a: Calyrex|p2a: Ditto\n|move|p2a: Ditto|Glacial Lance|p1a: Calyrex\n|-resisted|p1a: Calyrex\n|-damage|p1a: Calyrex|0 fnt\n|faint|p1a: Calyrex\n|-ability|p2a: Ditto|Chilling Neigh|boost\n|-boost|p2a: Ditto|atk|1\n|\n|upkeep\n|\n|t:|1698831282\n|switch|p1a: Charizard|Charizard, M|100\/100\n|turn|22\n|\n|t:|1698831286\n|detailschange|p1a: Charizard|Charizard-Mega-Y, M\n|-mega|p1a: Charizard|Charizard|Charizardite Y\n|-weather|SunnyDay|[from] ability: Drought|[of] p1a: Charizard\n|move|p2a: Ditto|Glacial Lance|p1a: Charizard\n|-damage|p1a: Charizard|0 fnt\n|faint|p1a: Charizard\n|\n|-weather|SunnyDay|[upkeep]\n|upkeep\n|\n|t:|1698831292\n|switch|p1a: Eternatus|Eternatus|100\/100\n|-ability|p1a: Eternatus|Pressure\n|turn|23\n|\n|t:|1698831296\n|move|p2a: Ditto|Glacial Lance|p1a: Eternatus\n|-supereffective|p1a: Eternatus\n|-damage|p1a: Eternatus|0 fnt\n|faint|p1a: Eternatus\n|\n|win|Lololosh\n|raw|joaopimenta's rating: 1358 &rarr; <strong>1335<\/strong><br \/>(-23 for losing)\n|raw|Lololosh's rating: 1300 &rarr; <strong>1329<\/strong><br \/>(+29 for winning)\n","uploadtime":1698831300,"views":11,"p1id":"joaopimenta","p2id":"lololosh","formatid":"gen9nationaldexubers","rating":1329,"private":0,"password":""}