{"id":"gen9nationaldexubers-1981161261","p1":"Yellow_Calico","p2":"Techvast","format":"[Gen 9] National Dex Ubers","log":"|j|\u2606Yellow_Calico\n|j|\u2606Techvast\n|t:|1698868553\n|gametype|singles\n|player|p1|Yellow_Calico|scientistf|1167\n|player|p2|Techvast|169|1279\n|teamsize|p1|6\n|teamsize|p2|6\n|gen|9\n|tier|[Gen 9] National Dex Ubers\n|rated|\n|rule|HP Percentage Mod: HP is shown in percentages\n|rule|Endless Battle Clause: Forcing endless battles is banned\n|rule|OHKO Clause: OHKO moves are banned\n|rule|Evasion Moves Clause: Evasion moves are banned\n|rule|Evasion Items Clause: Evasion items are banned\n|rule|Species Clause: Limit one of each Pok\u00e9mon\n|rule|Sleep Clause Mod: Limit one foe put to sleep\n|rule|Mega Rayquaza Clause: You cannot mega evolve Rayquaza\n|clearpoke\n|poke|p1|Liepard, F|\n|poke|p1|Gothitelle, M|\n|poke|p1|Reshiram|\n|poke|p1|Great Tusk|\n|poke|p1|Chi-Yu|\n|poke|p1|Clodsire, M|\n|poke|p2|Volcarona, M|\n|poke|p2|Ferrothorn, M|\n|poke|p2|Sableye, M|\n|poke|p2|Rotom-Wash|\n|poke|p2|Dragapult, F|\n|poke|p2|Toxapex, M|\n|teampreview\n|\n|t:|1698868558\n|start\n|switch|p1a: Liepard|Liepard, F|100\/100\n|switch|p2a: Dragapult|Dragapult, F|100\/100\n|turn|1\n|\n|t:|1698868574\n|move|p2a: Dragapult|Draco Meteor|p1a: Liepard\n|-crit|p1a: Liepard\n|-enditem|p1a: Liepard|Focus Sash\n|-damage|p1a: Liepard|1\/100\n|-unboost|p2a: Dragapult|spa|2\n|move|p1a: Liepard|Knock Off|p2a: Dragapult\n|-supereffective|p2a: Dragapult\n|-damage|p2a: Dragapult|0 fnt\n|-enditem|p2a: Dragapult|Choice Specs|[from] move: Knock Off|[of] p1a: Liepard\n|faint|p2a: Dragapult\n|\n|upkeep\n|\n|t:|1698868588\n|switch|p2a: Ferrothorn|Ferrothorn, M|100\/100\n|turn|2\n|\n|t:|1698868593\n|move|p1a: Liepard|Fake Out||[still]\n|-hint|Fake Out only works on your first turn out.\n|-fail|p1a: Liepard\n|move|p2a: Ferrothorn|Stealth Rock|p1a: Liepard\n|-sidestart|p1: Yellow_Calico|move: Stealth Rock\n|\n|upkeep\n|turn|3\n|\n|t:|1698868605\n|move|p1a: Liepard|Encore|p2a: Ferrothorn\n|-start|p2a: Ferrothorn|Encore\n|move|p2a: Ferrothorn|Stealth Rock||[still]\n|-fail|p2a: Ferrothorn\n|\n|upkeep\n|turn|4\n|\n|t:|1698868615\n|switch|p1a: Gothitelle|Gothitelle, M|100\/100\n|-damage|p1a: Gothitelle|88\/100|[from] Stealth Rock\n|move|p2a: Ferrothorn|Stealth Rock||[still]\n|-fail|p2a: Ferrothorn\n|\n|-heal|p1a: Gothitelle|94\/100|[from] item: Leftovers\n|upkeep\n|turn|5\n|\n|t:|1698868633\n|move|p1a: Gothitelle|Calm Mind|p1a: Gothitelle\n|-boost|p1a: Gothitelle|spa|1\n|-boost|p1a: Gothitelle|spd|1\n|move|p2a: Ferrothorn|Stealth Rock||[still]\n|-fail|p2a: Ferrothorn\n|\n|-heal|p1a: Gothitelle|99\/100|[from] item: Leftovers\n|-end|p2a: Ferrothorn|Encore\n|upkeep\n|turn|6\n|\n|t:|1698868650\n|move|p1a: Gothitelle|Calm Mind|p1a: Gothitelle\n|-boost|p1a: Gothitelle|spa|1\n|-boost|p1a: Gothitelle|spd|1\n|move|p2a: Ferrothorn|Leech Seed|p1a: Gothitelle\n|-start|p1a: Gothitelle|move: Leech Seed\n|\n|-heal|p1a: Gothitelle|100\/100|[from] item: Leftovers\n|-damage|p1a: Gothitelle|88\/100|[from] Leech Seed|[of] p2a: Ferrothorn\n|upkeep\n|turn|7\n|\n|t:|1698868662\n|move|p1a: Gothitelle|Calm Mind|p1a: Gothitelle\n|-boost|p1a: Gothitelle|spa|1\n|-boost|p1a: Gothitelle|spd|1\n|move|p2a: Ferrothorn|Power Whip|p1a: Gothitelle\n|-damage|p1a: Gothitelle|59\/100\n|\n|-heal|p1a: Gothitelle|65\/100|[from] item: Leftovers\n|-damage|p1a: Gothitelle|53\/100|[from] Leech Seed|[of] p2a: Ferrothorn\n|upkeep\n|turn|8\n|\n|t:|1698868673\n|move|p1a: Gothitelle|Calm Mind|p1a: Gothitelle\n|-boost|p1a: Gothitelle|spa|1\n|-boost|p1a: Gothitelle|spd|1\n|move|p2a: Ferrothorn|Power Whip|p1a: Gothitelle\n|-damage|p1a: Gothitelle|23\/100\n|\n|-heal|p1a: Gothitelle|30\/100|[from] item: Leftovers\n|-damage|p1a: Gothitelle|17\/100|[from] Leech Seed|[of] p2a: Ferrothorn\n|upkeep\n|turn|9\n|\n|t:|1698868683\n|move|p1a: Gothitelle|Rest|p1a: Gothitelle\n|-status|p1a: Gothitelle|slp|[from] move: Rest\n|-heal|p1a: Gothitelle|100\/100 slp|[silent]\n|move|p2a: Ferrothorn|Power Whip|p1a: Gothitelle|[miss]\n|-miss|p2a: Ferrothorn|p1a: Gothitelle\n|\n|-damage|p1a: Gothitelle|88\/100 slp|[from] Leech Seed|[of] p2a: Ferrothorn\n|upkeep\n|turn|10\n|\n|t:|1698868693\n|cant|p1a: Gothitelle|slp\n|move|p2a: Ferrothorn|Power Whip|p1a: Gothitelle\n|-damage|p1a: Gothitelle|61\/100 slp\n|\n|-heal|p1a: Gothitelle|67\/100 slp|[from] item: Leftovers\n|-damage|p1a: Gothitelle|54\/100 slp|[from] Leech Seed|[of] p2a: Ferrothorn\n|upkeep\n|turn|11\n|\n|t:|1698868704\n|cant|p1a: Gothitelle|slp\n|move|p2a: Ferrothorn|Power Whip|p1a: Gothitelle|[miss]\n|-miss|p2a: Ferrothorn|p1a: Gothitelle\n|\n|-heal|p1a: Gothitelle|60\/100 slp|[from] item: Leftovers\n|-damage|p1a: Gothitelle|48\/100 slp|[from] Leech Seed|[of] p2a: Ferrothorn\n|upkeep\n|turn|12\n|\n|t:|1698868714\n|-curestatus|p1a: Gothitelle|slp|[msg]\n|move|p1a: Gothitelle|Calm Mind|p1a: Gothitelle\n|-boost|p1a: Gothitelle|spa|1\n|-boost|p1a: Gothitelle|spd|1\n|move|p2a: Ferrothorn|Power Whip|p1a: Gothitelle\n|-damage|p1a: Gothitelle|19\/100\n|\n|-heal|p1a: Gothitelle|25\/100|[from] item: Leftovers\n|-damage|p1a: Gothitelle|12\/100|[from] Leech Seed|[of] p2a: Ferrothorn\n|upkeep\n|turn|13\n|\n|t:|1698868726\n|move|p1a: Gothitelle|Rest|p1a: Gothitelle\n|-status|p1a: Gothitelle|slp|[from] move: Rest\n|-heal|p1a: Gothitelle|100\/100 slp|[silent]\n|move|p2a: Ferrothorn|Power Whip|p1a: Gothitelle\n|-damage|p1a: Gothitelle|70\/100 slp\n|\n|-heal|p1a: Gothitelle|76\/100 slp|[from] item: Leftovers\n|-damage|p1a: Gothitelle|64\/100 slp|[from] Leech Seed|[of] p2a: Ferrothorn\n|upkeep\n|turn|14\n|\n|t:|1698868737\n|cant|p1a: Gothitelle|slp\n|move|p2a: Ferrothorn|Power Whip|p1a: Gothitelle\n|-damage|p1a: Gothitelle|37\/100 slp\n|\n|-heal|p1a: Gothitelle|43\/100 slp|[from] item: Leftovers\n|-damage|p1a: Gothitelle|30\/100 slp|[from] Leech Seed|[of] p2a: Ferrothorn\n|upkeep\n|turn|15\n|\n|t:|1698868746\n|cant|p1a: Gothitelle|slp\n|move|p2a: Ferrothorn|Power Whip|p1a: Gothitelle\n|-damage|p1a: Gothitelle|0 fnt\n|faint|p1a: Gothitelle\n|\n|upkeep\n|\n|t:|1698868753\n|switch|p1a: Clodsire|Clodsire, M|100\/100\n|-damage|p1a: Clodsire|94\/100|[from] Stealth Rock\n|turn|16\n|\n|t:|1698868759\n|move|p1a: Clodsire|Stealth Rock|p2a: Ferrothorn\n|-sidestart|p2: Techvast|move: Stealth Rock\n|move|p2a: Ferrothorn|Leech Seed|p1a: Clodsire\n|-start|p1a: Clodsire|move: Leech Seed\n|\n|-heal|p1a: Clodsire|100\/100|[from] item: Leftovers\n|-damage|p1a: Clodsire|88\/100|[from] Leech Seed|[of] p2a: Ferrothorn\n|upkeep\n|turn|17\n|\n|t:|1698868783\n|switch|p2a: Sableye|Sableye, M|100\/100\n|-damage|p2a: Sableye|88\/100|[from] Stealth Rock\n|move|p1a: Clodsire|Earthquake|p2a: Sableye\n|-damage|p2a: Sableye|50\/100\n|\n|-heal|p1a: Clodsire|94\/100|[from] item: Leftovers\n|-damage|p1a: Clodsire|82\/100|[from] Leech Seed|[of] p2a: Sableye\n|-heal|p2a: Sableye|69\/100|[silent]\n|upkeep\n|turn|18\n|\n|t:|1698868813\n|detailschange|p2a: Sableye|Sableye-Mega, M\n|-mega|p2a: Sableye|Sableye|Sablenite\n|move|p2a: Sableye|Will-O-Wisp|p1a: Clodsire\n|-status|p1a: Clodsire|brn\n|move|p1a: Clodsire|Toxic|p2a: Sableye\n|move|p2a: Sableye|Toxic||[from]ability: Magic Bounce|[still]\n|-fail|p2a: Sableye\n|\n|-heal|p1a: Clodsire|88\/100 brn|[from] item: Leftovers\n|-damage|p1a: Clodsire|75\/100 brn|[from] Leech Seed|[of] p2a: Sableye\n|-heal|p2a: Sableye|89\/100|[silent]\n|-damage|p1a: Clodsire|69\/100 brn|[from] brn\n|upkeep\n|turn|19\n|-message|Yellow_Calico forfeited.\n|\n|win|Techvast\n|raw|Yellow_Calico's rating: 1167 &rarr; <strong>1150<\/strong><br \/>(-17 for losing)\n|raw|Techvast's rating: 1279 &rarr; <strong>1296<\/strong><br \/>(+17 for winning)\n|l|\u2606Yellow_Calico\n","uploadtime":1698868839,"views":9,"p1id":"yellowcalico","p2id":"techvast","formatid":"gen9nationaldexubers","rating":1150,"private":0,"password":""}