{"id":"gen9nationaldexubers-1988425566","p1":"theOGPunanicrusher","p2":"GeorgiaEternatuss","format":"[Gen 9] National Dex Ubers","log":"|j|\u2606theOGPunanicrusher\n|j|\u2606GeorgiaEternatuss\n|t:|1699721592\n|gametype|singles\n|player|p1|theOGPunanicrusher|biker|1148\n|player|p2|GeorgiaEternatuss|steven|1123\n|teamsize|p1|6\n|teamsize|p2|6\n|gen|9\n|tier|[Gen 9] National Dex Ubers\n|rated|\n|rule|HP Percentage Mod: HP is shown in percentages\n|rule|Endless Battle Clause: Forcing endless battles is banned\n|rule|OHKO Clause: OHKO moves are banned\n|rule|Evasion Moves Clause: Evasion moves are banned\n|rule|Evasion Items Clause: Evasion items are banned\n|rule|Species Clause: Limit one of each Pok\u00e9mon\n|rule|Sleep Clause Mod: Limit one foe put to sleep\n|rule|Mega Rayquaza Clause: You cannot mega evolve Rayquaza\n|clearpoke\n|poke|p1|Beedrill, M|\n|poke|p1|Naganadel|\n|poke|p1|Vespiquen, F|\n|poke|p1|Ribombee, M|\n|poke|p1|Cutiefly, F|\n|poke|p1|Rayquaza|\n|poke|p2|Urshifu-*, M|\n|poke|p2|Porygon2|\n|poke|p2|Umbreon, M|\n|poke|p2|Zapdos|\n|poke|p2|Celesteela|\n|poke|p2|Diancie|\n|teampreview\n|\n|t:|1699721604\n|start\n|switch|p1a: Baby bee|Cutiefly, F|100\/100\n|switch|p2a: Diancie|Diancie|100\/100\n|turn|1\n|\n|t:|1699721613\n|detailschange|p2a: Diancie|Diancie-Mega\n|-mega|p2a: Diancie|Diancie|Diancite\n|move|p2a: Diancie|Diamond Storm|p1a: Baby bee\n|-supereffective|p1a: Baby bee\n|-enditem|p1a: Baby bee|Focus Sash\n|-damage|p1a: Baby bee|1\/100\n|-boost|p2a: Diancie|def|2\n|move|p1a: Baby bee|Skill Swap|p2a: Diancie\n|-activate|p1a: Baby bee|move: Skill Swap|Magic Bounce|Honey Gather|[of] p2a: Diancie\n|\n|upkeep\n|turn|2\n|\n|t:|1699721627\n|move|p2a: Diancie|Diamond Storm|p1a: Baby bee\n|-supereffective|p1a: Baby bee\n|-damage|p1a: Baby bee|0 fnt\n|-boost|p2a: Diancie|def|2\n|faint|p1a: Baby bee\n|\n|upkeep\n|\n|t:|1699721650\n|switch|p1a: Drone|Beedrill, M|100\/100\n|turn|3\n|\n|t:|1699721656\n|detailschange|p1a: Drone|Beedrill-Mega, M\n|-mega|p1a: Drone|Beedrill|Beedrillite\n|move|p1a: Drone|Drill Run|p2a: Diancie\n|-supereffective|p2a: Diancie\n|-damage|p2a: Diancie|72\/100\n|move|p2a: Diancie|Diamond Storm|p1a: Drone\n|-supereffective|p1a: Drone\n|-damage|p1a: Drone|0 fnt\n|faint|p1a: Drone\n|\n|upkeep\n|\n|t:|1699721671\n|switch|p1a: Wasp|Naganadel|100\/100\n|turn|4\n|\n|t:|1699721677\n|move|p2a: Diancie|Earth Power|p1a: Wasp\n|-supereffective|p1a: Wasp\n|-damage|p1a: Wasp|10\/100\n|-enditem|p1a: Wasp|Sitrus Berry|[eat]\n|-heal|p1a: Wasp|34\/100|[from] item: Sitrus Berry\n|move|p1a: Wasp|Dragon Dance|p1a: Wasp\n|-boost|p1a: Wasp|atk|1\n|-boost|p1a: Wasp|spe|1\n|\n|upkeep\n|turn|5\n|\n|t:|1699721691\n|move|p1a: Wasp|Acrobatics|p2a: Diancie\n|-resisted|p2a: Diancie\n|-damage|p2a: Diancie|61\/100\n|move|p2a: Diancie|Diamond Storm|p1a: Wasp\n|-damage|p1a: Wasp|0 fnt\n|faint|p1a: Wasp\n|\n|upkeep\n|\n|t:|1699721700\n|switch|p1a: Long Bee|Rayquaza, shiny|100\/100\n|-ability|p1a: Long Bee|Air Lock\n|turn|6\n|\n|t:|1699721707\n|move|p1a: Long Bee|Blizzard|p2a: Diancie|[miss]\n|-miss|p1a: Long Bee|p2a: Diancie\n|move|p2a: Diancie|Diamond Storm|p1a: Long Bee\n|-supereffective|p1a: Long Bee\n|-damage|p1a: Long Bee|0 fnt\n|-boost|p2a: Diancie|def|2\n|faint|p1a: Long Bee\n|\n|upkeep\n|\n|t:|1699721715\n|switch|p1a: Bee-Clean|Ribombee, M|100\/100\n|turn|7\n|\n|t:|1699721721\n|move|p2a: Diancie|Diamond Storm|p1a: Bee-Clean\n|-supereffective|p1a: Bee-Clean\n|-damage|p1a: Bee-Clean|0 fnt\n|faint|p1a: Bee-Clean\n|\n|upkeep\n|inactive|Battle timer is ON: inactive players will automatically lose when time's up. (requested by theOGPunanicrusher)\n|\n|t:|1699721727\n|switch|p1a: Queen|Vespiquen, F|100\/100\n|-ability|p1a: Queen|Pressure\n|turn|8\n|\n|t:|1699721748\n|move|p2a: Diancie|Diamond Storm|p1a: Queen\n|-supereffective|p1a: Queen\n|-damage|p1a: Queen|0 fnt\n|faint|p1a: Queen\n|\n|win|GeorgiaEternatuss\n|raw|theOGPunanicrusher's rating: 1148 &rarr; <strong>1121<\/strong><br \/>(-27 for losing)\n|raw|GeorgiaEternatuss's rating: 1123 &rarr; <strong>1150<\/strong><br \/>(+27 for winning)\n|l|\u2606theOGPunanicrusher\n","uploadtime":1699721757,"views":8,"p1id":"theogpunanicrusher","p2id":"georgiaeternatuss","formatid":"gen9nationaldexubers","rating":1121,"private":0,"password":""}