{"id":"gen9nationaldexubers-1990720467","p1":"Tiny Rhino","p2":"tyingtides","format":"[Gen 9] National Dex Ubers","log":"|j|\u2606Tiny Rhino\n|j|\u2606tyingtides\n|t:|1699994659\n|gametype|singles\n|player|p1|Tiny Rhino|101|\n|player|p2|tyingtides|dawn|\n|teamsize|p1|4\n|teamsize|p2|4\n|gen|9\n|tier|[Gen 9] National Dex Ubers\n|rule|HP Percentage Mod: HP is shown in percentages\n|rule|Endless Battle Clause: Forcing endless battles is banned\n|rule|OHKO Clause: OHKO moves are banned\n|rule|Evasion Moves Clause: Evasion moves are banned\n|rule|Evasion Items Clause: Evasion items are banned\n|rule|Species Clause: Limit one of each Pok\u00e9mon\n|rule|Sleep Clause Mod: Limit one foe put to sleep\n|rule|Mega Rayquaza Clause: You cannot mega evolve Rayquaza\n|clearpoke\n|poke|p1|Maractus, M|\n|poke|p1|Quaquaval, M|\n|poke|p1|Dragonite, F|\n|poke|p1|Armarouge, F|\n|poke|p2|Mienshao, M|\n|poke|p2|Breloom, F|\n|poke|p2|Ursaluna, F|\n|poke|p2|Mawile, F|\n|teampreview\n|\n|t:|1699994687\n|start\n|switch|p1a: I CANT DANCE|Quaquaval, M|100\/100\n|switch|p2a: moonpig.com|Ursaluna, F|100\/100\n|turn|1\n|\n|t:|1699994696\n|move|p1a: I CANT DANCE|Aqua Step|p2a: moonpig.com\n|-supereffective|p2a: moonpig.com\n|-damage|p2a: moonpig.com|53\/100\n|-boost|p1a: I CANT DANCE|spe|1\n|move|p2a: moonpig.com|Metronome|p2a: moonpig.com\n|move|p2a: moonpig.com|Fly||[from]move: Metronome|[still]\n|-prepare|p2a: moonpig.com|Fly\n|\n|-status|p2a: moonpig.com|brn|[from] item: Flame Orb\n|upkeep\n|turn|2\n|c|\u2606tyingtides|bruh of all moves\n|\n|t:|1699994718\n|switch|p1a: MICHAEL JACKSON|Dragonite, F|100\/100\n|move|p2a: moonpig.com|Fly|p1a: MICHAEL JACKSON|[from]lockedmove\n|-damage|p1a: MICHAEL JACKSON|69\/100\n|\n|-damage|p2a: moonpig.com|47\/100 brn|[from] brn\n|upkeep\n|turn|3\n|\n|t:|1699994726\n|move|p1a: MICHAEL JACKSON|Dragon Dance|p1a: MICHAEL JACKSON\n|-boost|p1a: MICHAEL JACKSON|atk|1\n|-boost|p1a: MICHAEL JACKSON|spe|1\n|move|p2a: moonpig.com|Last Resort|p1a: MICHAEL JACKSON\n|-damage|p1a: MICHAEL JACKSON|0 fnt\n|faint|p1a: MICHAEL JACKSON\n|\n|-damage|p2a: moonpig.com|41\/100 brn|[from] brn\n|upkeep\n|c|\u2606Tiny Rhino|oh shit\n|\n|t:|1699994743\n|switch|p1a: I'm Trying|Maractus, M|100\/100\n|turn|4\n|\n|t:|1699994746\n|move|p1a: I'm Trying|Energy Ball|p2a: moonpig.com\n|-supereffective|p2a: moonpig.com\n|-damage|p2a: moonpig.com|0 fnt\n|faint|p2a: moonpig.com\n|\n|upkeep\n|\n|t:|1699994756\n|switch|p2a: RevolvingDoor|Mienshao, M|100\/100\n|turn|5\n|\n|t:|1699994770\n|move|p2a: RevolvingDoor|Knock Off|p1a: I'm Trying\n|-damage|p1a: I'm Trying|49\/100\n|-enditem|p1a: I'm Trying|Focus Sash|[from] move: Knock Off|[of] p2a: RevolvingDoor\n|move|p1a: I'm Trying|Spikes|p2a: RevolvingDoor\n|-sidestart|p2: tyingtides|Spikes\n|\n|upkeep\n|turn|6\n|\n|t:|1699994779\n|move|p1a: I'm Trying|Sucker Punch|p2a: RevolvingDoor\n|-resisted|p2a: RevolvingDoor\n|-damage|p2a: RevolvingDoor|88\/100\n|move|p2a: RevolvingDoor|Close Combat|p1a: I'm Trying\n|-damage|p1a: I'm Trying|0 fnt\n|-unboost|p2a: RevolvingDoor|def|1\n|-unboost|p2a: RevolvingDoor|spd|1\n|-enditem|p2a: RevolvingDoor|Eject Pack\n|faint|p1a: I'm Trying\n|\n|t:|1699994804\n|switch|p2a: Nom :3|Mawile, F|100\/100\n|-damage|p2a: Nom :3|88\/100|[from] Spikes\n|\n|upkeep\n|\n|t:|1699994811\n|switch|p1a: Amy - Rogue|Armarouge, F|100\/100\n|turn|7\n|\n|t:|1699994827\n|move|p1a: Amy - Rogue|Armor Cannon|p2a: Nom :3\n|-supereffective|p2a: Nom :3\n|-damage|p2a: Nom :3|0 fnt\n|-unboost|p1a: Amy - Rogue|def|1\n|-unboost|p1a: Amy - Rogue|spd|1\n|faint|p2a: Nom :3\n|\n|upkeep\n|\n|t:|1699994836\n|switch|p2a: Goomba|Breloom, F, shiny|100\/100\n|-damage|p2a: Goomba|88\/100|[from] Spikes\n|turn|8\n|\n|t:|1699994845\n|move|p1a: Amy - Rogue|Armor Cannon|p2a: Goomba\n|-supereffective|p2a: Goomba\n|-damage|p2a: Goomba|0 fnt\n|-unboost|p1a: Amy - Rogue|def|1\n|-unboost|p1a: Amy - Rogue|spd|1\n|faint|p2a: Goomba\n|\n|upkeep\n|\n|t:|1699994853\n|switch|p2a: RevolvingDoor|Mienshao, M|100\/100\n|-damage|p2a: RevolvingDoor|88\/100|[from] Spikes\n|turn|9\n|\n|t:|1699994864\n|switch|p1a: I CANT DANCE|Quaquaval, M|100\/100\n|move|p2a: RevolvingDoor|U-turn|p1a: I CANT DANCE\n|-resisted|p1a: I CANT DANCE\n|-damage|p1a: I CANT DANCE|88\/100\n|\n|-heal|p1a: I CANT DANCE|94\/100|[from] item: Leftovers\n|upkeep\n|turn|10\n|\n|t:|1699994874\n|move|p2a: RevolvingDoor|Knock Off|p1a: I CANT DANCE\n|-resisted|p1a: I CANT DANCE\n|-damage|p1a: I CANT DANCE|75\/100\n|-enditem|p1a: I CANT DANCE|Leftovers|[from] move: Knock Off|[of] p2a: RevolvingDoor\n|move|p1a: I CANT DANCE|Aqua Step|p2a: RevolvingDoor\n|-damage|p2a: RevolvingDoor|31\/100\n|-boost|p1a: I CANT DANCE|spe|1\n|\n|upkeep\n|turn|11\n|\n|t:|1699994889\n|move|p1a: I CANT DANCE|Aqua Step|p2a: RevolvingDoor\n|-damage|p2a: RevolvingDoor|0 fnt\n|-boost|p1a: I CANT DANCE|spe|1\n|faint|p2a: RevolvingDoor\n|\n|win|Tiny Rhino\n|c|\u2606Tiny Rhino|gg\n|c|\u2606tyingtides|gg\n","uploadtime":1699994906,"views":9,"p1id":"tinyrhino","p2id":"tyingtides","formatid":"gen9nationaldexubers","rating":0,"private":0,"password":""}