{"id":"gen9nationaldexubers-1986797743","p1":"hexagonereal","p2":"arafatr871","format":"[Gen 9] National Dex Ubers","log":"|j|\u2606hexagonereal\n|j|\u2606arafatr871\n|t:|1699526778\n|gametype|singles\n|player|p1|hexagonereal|cyrus|1517\n|player|p2|arafatr871|silver|1665\n|teamsize|p1|6\n|teamsize|p2|6\n|gen|9\n|tier|[Gen 9] National Dex Ubers\n|rated|\n|rule|HP Percentage Mod: HP is shown in percentages\n|rule|Endless Battle Clause: Forcing endless battles is banned\n|rule|OHKO Clause: OHKO moves are banned\n|rule|Evasion Moves Clause: Evasion moves are banned\n|rule|Evasion Items Clause: Evasion items are banned\n|rule|Species Clause: Limit one of each Pok\u00e9mon\n|rule|Sleep Clause Mod: Limit one foe put to sleep\n|rule|Mega Rayquaza Clause: You cannot mega evolve Rayquaza\n|clearpoke\n|poke|p1|Salamence, M|\n|poke|p1|Groudon|\n|poke|p1|Arceus-Dark|\n|poke|p1|Xerneas-*|\n|poke|p1|Ho-Oh|\n|poke|p1|Zacian-*|\n|poke|p2|Groudon|\n|poke|p2|Dondozo, F|\n|poke|p2|Yveltal|\n|poke|p2|Zacian-*|\n|poke|p2|Kyogre|\n|poke|p2|Samurott-Hisui, M|\n|teampreview\n|inactive|Battle timer is ON: inactive players will automatically lose when time's up. (requested by arafatr871)\n|\n|t:|1699526797\n|start\n|switch|p1a: Notorious D.O.N|Groudon|100\/100\n|switch|p2a: Samurott|Samurott-Hisui, M, shiny|100\/100\n|detailschange|p1a: Notorious D.O.N|Groudon-Primal\n|-primal|p1a: Notorious D.O.N|Red Orb\n|-weather|DesolateLand|[from] ability: Desolate Land|[of] p1a: Notorious D.O.N\n|turn|1\n|\n|t:|1699526802\n|move|p2a: Samurott|Ceaseless Edge|p1a: Notorious D.O.N|[miss]\n|-miss|p2a: Samurott|p1a: Notorious D.O.N\n|move|p1a: Notorious D.O.N|Will-O-Wisp|p2a: Samurott|[miss]\n|-miss|p1a: Notorious D.O.N|p2a: Samurott\n|\n|-weather|DesolateLand|[upkeep]\n|upkeep\n|turn|2\n|\n|t:|1699526807\n|move|p2a: Samurott|Ceaseless Edge|p1a: Notorious D.O.N\n|-damage|p1a: Notorious D.O.N|69\/100\n|-sidestart|p1: hexagonereal|Spikes\n|move|p1a: Notorious D.O.N|Will-O-Wisp|p2a: Samurott\n|-status|p2a: Samurott|brn\n|\n|-weather|DesolateLand|[upkeep]\n|-damage|p2a: Samurott|94\/100 brn|[from] brn\n|upkeep\n|turn|3\n|\n|t:|1699526815\n|move|p2a: Samurott|Ceaseless Edge|p1a: Notorious D.O.N\n|-damage|p1a: Notorious D.O.N|55\/100\n|-sidestart|p1: hexagonereal|Spikes\n|move|p1a: Notorious D.O.N|Precipice Blades|p2a: Samurott\n|-damage|p2a: Samurott|0 fnt\n|faint|p2a: Samurott\n|\n|-weather|DesolateLand|[upkeep]\n|upkeep\n|\n|t:|1699526831\n|switch|p2a: Kyogre|Kyogre|100\/100\n|detailschange|p2a: Kyogre|Kyogre-Primal\n|-primal|p2a: Kyogre|Blue Orb\n|-weather|PrimordialSea|[from] ability: Primordial Sea|[of] p2a: Kyogre\n|turn|4\n|\n|t:|1699526837\n|switch|p1a: Ludarcis|Arceus-Dark|100\/100\n|-damage|p1a: Ludarcis|84\/100|[from] Spikes\n|move|p2a: Kyogre|Water Spout|p1a: Ludarcis\n|-damage|p1a: Ludarcis|0 fnt\n|faint|p1a: Ludarcis\n|\n|-weather|PrimordialSea|[upkeep]\n|upkeep\n|\n|t:|1699526840\n|switch|p1a: Notorious D.O.N|Groudon-Primal|55\/100\n|-damage|p1a: Notorious D.O.N|39\/100|[from] Spikes\n|-weather|DesolateLand|[from] ability: Desolate Land|[of] p1a: Notorious D.O.N\n|turn|5\n|\n|t:|1699526843\n|move|p1a: Notorious D.O.N|Precipice Blades|p2a: Kyogre\n|-damage|p2a: Kyogre|16\/100\n|move|p2a: Kyogre|Ice Beam|p1a: Notorious D.O.N\n|-damage|p1a: Notorious D.O.N|0 fnt\n|faint|p1a: Notorious D.O.N\n|-weather|none\n|\n|upkeep\n|\n|t:|1699526860\n|switch|p1a: Drake|Salamence, M|100\/100\n|-ability|p1a: Drake|Intimidate|boost\n|-unboost|p2a: Kyogre|atk|1\n|turn|6\n|\n|t:|1699526870\n|detailschange|p1a: Drake|Salamence-Mega, M\n|-mega|p1a: Drake|Salamence|Salamencite\n|move|p1a: Drake|Frustration|p2a: Kyogre\n|-damage|p2a: Kyogre|0 fnt\n|faint|p2a: Kyogre\n|\n|upkeep\n|\n|t:|1699526887\n|switch|p2a: Zacian|Zacian-Crowned|100\/100\n|-ability|p2a: Zacian|Intrepid Sword|boost\n|-boost|p2a: Zacian|atk|1\n|turn|7\n|\n|t:|1699526892\n|switch|p1a: Cardi B(ird)|Ho-Oh|100\/100\n|move|p2a: Zacian|Behemoth Blade|p1a: Cardi B(ird)\n|-resisted|p1a: Cardi B(ird)\n|-damage|p1a: Cardi B(ird)|60\/100\n|\n|upkeep\n|turn|8\n|\n|t:|1699526920\n|switch|p2a: Groudon|Groudon, shiny|100\/100\n|detailschange|p2a: Groudon|Groudon-Primal, shiny\n|-primal|p2a: Groudon|Red Orb\n|-weather|DesolateLand|[from] ability: Desolate Land|[of] p2a: Groudon\n|switch|p1a: Snoop Dog|Zacian-Crowned|100\/100\n|-damage|p1a: Snoop Dog|84\/100|[from] Spikes\n|-ability|p1a: Snoop Dog|Intrepid Sword|boost\n|-boost|p1a: Snoop Dog|atk|1\n|\n|-weather|DesolateLand|[upkeep]\n|upkeep\n|turn|9\n|\n|t:|1699526935\n|move|p1a: Snoop Dog|Close Combat|p2a: Groudon\n|-damage|p2a: Groudon|58\/100\n|-unboost|p1a: Snoop Dog|def|1\n|-unboost|p1a: Snoop Dog|spd|1\n|move|p2a: Groudon|Rock Polish|p2a: Groudon\n|-boost|p2a: Groudon|spe|2\n|\n|-weather|DesolateLand|[upkeep]\n|upkeep\n|turn|10\n|\n|t:|1699526942\n|switch|p1a: Cardi B(ird)|Ho-Oh|94\/100\n|move|p2a: Groudon|Earthquake|p1a: Cardi B(ird)\n|-immune|p1a: Cardi B(ird)\n|\n|-weather|DesolateLand|[upkeep]\n|upkeep\n|turn|11\n|inactive|hexagonereal has 120 seconds left.\n|\n|t:|1699526964\n|switch|p1a: Snoop Dog|Zacian-Crowned|84\/100\n|-damage|p1a: Snoop Dog|67\/100|[from] Spikes\n|move|p2a: Groudon|Heat Crash|p1a: Snoop Dog\n|-supereffective|p1a: Snoop Dog\n|-damage|p1a: Snoop Dog|0 fnt\n|faint|p1a: Snoop Dog\n|\n|-weather|DesolateLand|[upkeep]\n|upkeep\n|\n|t:|1699526967\n|switch|p1a: Cardi B(ird)|Ho-Oh|100\/100\n|turn|12\n|\n|t:|1699526978\n|move|p2a: Groudon|Heat Crash|p1a: Cardi B(ird)\n|-resisted|p1a: Cardi B(ird)\n|-damage|p1a: Cardi B(ird)|46\/100\n|move|p1a: Cardi B(ird)|Whirlwind|p2a: Groudon\n|-weather|none\n|drag|p2a: Dondozo|Dondozo, F, shiny|100\/100\n|\n|upkeep\n|turn|13\n|\n|t:|1699526988\n|move|p1a: Cardi B(ird)|Defog|p2a: Dondozo\n|-unboost|p2a: Dondozo|evasion|1\n|-sideend|p1: hexagonereal|Spikes|[from] move: Defog|[of] p1a: Cardi B(ird)\n|move|p2a: Dondozo|Liquidation|p1a: Cardi B(ird)\n|-supereffective|p1a: Cardi B(ird)\n|-damage|p1a: Cardi B(ird)|0 fnt\n|faint|p1a: Cardi B(ird)\n|\n|upkeep\n|\n|t:|1699526999\n|switch|p1a: Lil Neas X|Xerneas|100\/100\n|-ability|p1a: Lil Neas X|Fairy Aura\n|turn|14\n|\n|t:|1699527003\n|move|p1a: Lil Neas X|Substitute|p1a: Lil Neas X\n|-start|p1a: Lil Neas X|Substitute\n|-damage|p1a: Lil Neas X|76\/100\n|move|p2a: Dondozo|Liquidation|p1a: Lil Neas X\n|-end|p1a: Lil Neas X|Substitute\n|\n|upkeep\n|turn|15\n|\n|t:|1699527012\n|-terastallize|p1a: Lil Neas X|Electric\n|move|p1a: Lil Neas X|Thunder|p2a: Dondozo\n|-supereffective|p2a: Dondozo\n|-damage|p2a: Dondozo|0 fnt\n|faint|p2a: Dondozo\n|\n|upkeep\n|\n|t:|1699527018\n|switch|p2a: Zacian|Zacian-Crowned|100\/100\n|turn|16\n|\n|t:|1699527024\n|-terastallize|p2a: Zacian|Ground\n|move|p2a: Zacian|Tera Blast|p1a: Lil Neas X|[anim] Tera Blast Ground\n|-supereffective|p1a: Lil Neas X\n|-damage|p1a: Lil Neas X|0 fnt\n|faint|p1a: Lil Neas X\n|\n|upkeep\n|\n|t:|1699527027\n|switch|p1a: Drake|Salamence-Mega, M|100\/100\n|turn|17\n|\n|t:|1699527032\n|move|p2a: Zacian|Behemoth Blade|p1a: Drake\n|-damage|p1a: Drake|55\/100\n|move|p1a: Drake|Dragon Dance|p1a: Drake\n|-boost|p1a: Drake|atk|1\n|-boost|p1a: Drake|spe|1\n|\n|upkeep\n|turn|18\n|\n|t:|1699527035\n|move|p1a: Drake|Frustration|p2a: Zacian\n|-damage|p2a: Zacian|0 fnt\n|faint|p2a: Zacian\n|\n|upkeep\n|\n|t:|1699527038\n|switch|p2a: Yveltal|Yveltal, shiny|100\/100\n|-ability|p2a: Yveltal|Dark Aura\n|turn|19\n|\n|t:|1699527044\n|move|p2a: Yveltal|Sucker Punch|p1a: Drake\n|-damage|p1a: Drake|1\/100\n|-damage|p2a: Yveltal|91\/100|[from] item: Life Orb\n|move|p1a: Drake|Frustration|p2a: Yveltal\n|-damage|p2a: Yveltal|0 fnt\n|faint|p2a: Yveltal\n|\n|upkeep\n|\n|t:|1699527051\n|switch|p2a: Groudon|Groudon-Primal, shiny|58\/100\n|-weather|DesolateLand|[from] ability: Desolate Land|[of] p2a: Groudon\n|turn|20\n|\n|t:|1699527055\n|move|p1a: Drake|Frustration|p2a: Groudon\n|-damage|p2a: Groudon|0 fnt\n|faint|p2a: Groudon\n|-weather|none\n|\n|win|hexagonereal\n|raw|hexagonereal's rating: 1517 &rarr; <strong>1545<\/strong><br \/>(+28 for winning)\n|raw|arafatr871's rating: 1665 &rarr; <strong>1637<\/strong><br \/>(-28 for losing)\n|l|\u2606arafatr871\n","uploadtime":1699527085,"views":13,"p1id":"hexagonereal","p2id":"arafatr871","formatid":"gen9nationaldexubers","rating":1545,"private":0,"password":""}