{"id":"gen9nationaldexubers-1984494608","p1":"masturch33f420","p2":"AnMoWuYou","format":"[Gen 9] National Dex Ubers","log":"|j|\u2606masturch33f420\n|j|\u2606AnMoWuYou\n|t:|1699272341\n|gametype|singles\n|player|p1|masturch33f420|sailor|1522\n|player|p2|AnMoWuYou|n|1490\n|teamsize|p1|6\n|teamsize|p2|6\n|gen|9\n|tier|[Gen 9] National Dex Ubers\n|rated|\n|rule|HP Percentage Mod: HP is shown in percentages\n|rule|Endless Battle Clause: Forcing endless battles is banned\n|rule|OHKO Clause: OHKO moves are banned\n|rule|Evasion Moves Clause: Evasion moves are banned\n|rule|Evasion Items Clause: Evasion items are banned\n|rule|Species Clause: Limit one of each Pok\u00e9mon\n|rule|Sleep Clause Mod: Limit one foe put to sleep\n|rule|Mega Rayquaza Clause: You cannot mega evolve Rayquaza\n|clearpoke\n|poke|p1|Deoxys-Speed|\n|poke|p1|Arceus|\n|poke|p1|Kyogre|\n|poke|p1|Ho-Oh|\n|poke|p1|Salamence, M|\n|poke|p1|Zacian-*|\n|poke|p2|Necrozma-Dusk-Mane|\n|poke|p2|Arceus|\n|poke|p2|Xerneas-*|\n|poke|p2|Salamence, M|\n|poke|p2|Marshadow|\n|poke|p2|Deoxys-Speed|\n|teampreview\n|inactive|Battle timer is ON: inactive players will automatically lose when time's up. (requested by masturch33f420)\n|\n|t:|1699272349\n|start\n|switch|p1a: Deoxys|Deoxys-Speed|100\/100\n|switch|p2a: Deoxys|Deoxys-Speed|100\/100\n|-ability|p1a: Deoxys|Pressure\n|-ability|p2a: Deoxys|Pressure\n|turn|1\n|\n|t:|1699272359\n|move|p1a: Deoxys|Taunt|p2a: Deoxys\n|-start|p2a: Deoxys|move: Taunt\n|cant|p2a: Deoxys|move: Taunt|Taunt\n|\n|upkeep\n|turn|2\n|\n|t:|1699272366\n|move|p1a: Deoxys|Stealth Rock|p2a: Deoxys\n|-sidestart|p2: AnMoWuYou|move: Stealth Rock\n|move|p2a: Deoxys|Psycho Boost|p1a: Deoxys\n|-resisted|p1a: Deoxys\n|-damage|p1a: Deoxys|63\/100\n|-unboost|p2a: Deoxys|spa|2\n|\n|upkeep\n|turn|3\n|\n|t:|1699272387\n|switch|p2a: Necrozma|Necrozma-Dusk-Mane|100\/100\n|-damage|p2a: Necrozma|94\/100|[from] Stealth Rock\n|move|p1a: Deoxys|Knock Off|p2a: Necrozma\n|-supereffective|p2a: Necrozma\n|-damage|p2a: Necrozma|73\/100\n|\n|upkeep\n|turn|4\n|\n|t:|1699272411\n|detailschange|p2a: Necrozma|Necrozma-Ultra\n|-burst|p2a: Necrozma|Necrozma|Ultranecrozium Z\n|move|p1a: Deoxys|Toxic|p2a: Necrozma\n|-status|p2a: Necrozma|tox\n|move|p2a: Necrozma|Dragon Dance|p2a: Necrozma\n|-boost|p2a: Necrozma|atk|1\n|-boost|p2a: Necrozma|spe|1\n|\n|-damage|p2a: Necrozma|67\/100 tox|[from] psn\n|upkeep\n|turn|5\n|inactive|AnMoWuYou has 120 seconds left.\n|\n|t:|1699272461\n|move|p1a: Deoxys|Knock Off|p2a: Necrozma\n|-supereffective|p2a: Necrozma\n|-damage|p2a: Necrozma|33\/100 tox\n|move|p2a: Necrozma|Photon Geyser|p1a: Deoxys\n|-resisted|p1a: Deoxys\n|-damage|p1a: Deoxys|0 fnt\n|faint|p1a: Deoxys\n|\n|-damage|p2a: Necrozma|20\/100 tox|[from] psn\n|upkeep\n|\n|t:|1699272472\n|switch|p1a: Arceus|Arceus|100\/100\n|turn|6\n|\n|t:|1699272476\n|move|p1a: Arceus|Extreme Speed|p2a: Necrozma\n|-damage|p2a: Necrozma|0 fnt\n|faint|p2a: Necrozma\n|\n|upkeep\n|\n|t:|1699272489\n|switch|p2a: Deoxys|Deoxys-Speed|100\/100\n|-damage|p2a: Deoxys|88\/100|[from] Stealth Rock\n|-ability|p2a: Deoxys|Pressure\n|turn|7\n|\n|t:|1699272498\n|move|p2a: Deoxys|Stealth Rock|p1a: Arceus\n|-sidestart|p1: masturch33f420|move: Stealth Rock\n|move|p1a: Arceus|Shadow Claw|p2a: Deoxys\n|-supereffective|p2a: Deoxys\n|-crit|p2a: Deoxys\n|-damage|p2a: Deoxys|20\/100\n|\n|upkeep\n|turn|8\n|inactive|AnMoWuYou has 120 seconds left.\n|inactive|AnMoWuYou has 90 seconds left.\n|\n|t:|1699272550\n|move|p2a: Deoxys|Thunder Wave|p1a: Arceus\n|-status|p1a: Arceus|par\n|move|p1a: Arceus|Swords Dance|p1a: Arceus\n|-boost|p1a: Arceus|atk|2\n|\n|upkeep\n|turn|9\n|\n|t:|1699272557\n|move|p1a: Arceus|Extreme Speed|p2a: Deoxys\n|-crit|p2a: Deoxys\n|-damage|p2a: Deoxys|0 fnt\n|faint|p2a: Deoxys\n|\n|upkeep\n|\n|t:|1699272564\n|switch|p2a: Marshadow|Marshadow|100\/100\n|-damage|p2a: Marshadow|94\/100|[from] Stealth Rock\n|turn|10\n|\n|t:|1699272575\n|-terastallize|p1a: Arceus|Ghost\n|move|p2a: Marshadow|Close Combat|p1a: Arceus\n|-immune|p1a: Arceus\n|cant|p1a: Arceus|par\n|\n|upkeep\n|turn|11\n|c|\u2606masturch33f420|cringe\n|\n|t:|1699272592\n|switch|p1a: Zacian|Zacian-Crowned|100\/100\n|-damage|p1a: Zacian|94\/100|[from] Stealth Rock\n|-ability|p1a: Zacian|Intrepid Sword|boost\n|-boost|p1a: Zacian|atk|1\n|move|p2a: Marshadow|Shadow Sneak|p1a: Zacian\n|-damage|p1a: Zacian|57\/100\n|-damage|p2a: Marshadow|84\/100|[from] item: Life Orb\n|\n|upkeep\n|turn|12\n|inactive|AnMoWuYou has 90 seconds left.\n|\n|t:|1699272603\n|-terastallize|p2a: Marshadow|Ghost\n|move|p2a: Marshadow|Shadow Sneak|p1a: Zacian\n|-damage|p1a: Zacian|2\/100\n|-damage|p2a: Marshadow|74\/100|[from] item: Life Orb\n|move|p1a: Zacian|Behemoth Blade|p2a: Marshadow\n|-damage|p2a: Marshadow|0 fnt\n|faint|p2a: Marshadow\n|\n|upkeep\n|\n|t:|1699272615\n|switch|p2a: Arceus|Arceus|100\/100\n|-damage|p2a: Arceus|88\/100|[from] Stealth Rock\n|turn|13\n|\n|t:|1699272623\n|move|p1a: Zacian|Behemoth Blade|p2a: Arceus\n|-crit|p2a: Arceus\n|-damage|p2a: Arceus|3\/100\n|move|p2a: Arceus|Bulk Up|p2a: Arceus\n|-boost|p2a: Arceus|atk|1\n|-boost|p2a: Arceus|def|1\n|\n|-heal|p2a: Arceus|10\/100|[from] item: Leftovers\n|upkeep\n|turn|14\n|inactive|AnMoWuYou has 90 seconds left.\n|\n|t:|1699272633\n|move|p2a: Arceus|Extreme Speed|p1a: Zacian\n|-resisted|p1a: Zacian\n|-damage|p1a: Zacian|0 fnt\n|faint|p1a: Zacian\n|\n|-heal|p2a: Arceus|16\/100|[from] item: Leftovers\n|upkeep\n|\n|t:|1699272641\n|switch|p1a: Ho-Oh|Ho-Oh, shiny|100\/100\n|turn|15\n|\n|t:|1699272647\n|move|p2a: Arceus|Extreme Speed|p1a: Ho-Oh\n|-damage|p1a: Ho-Oh|64\/100\n|move|p1a: Ho-Oh|Brave Bird|p2a: Arceus\n|-damage|p2a: Arceus|0 fnt\n|faint|p2a: Arceus\n|-damage|p1a: Ho-Oh|59\/100|[from] Recoil\n|\n|upkeep\n|inactive|AnMoWuYou has 90 seconds left.\n|\n|t:|1699272658\n|switch|p2a: Salamence|Salamence, M|100\/100\n|-damage|p2a: Salamence|76\/100|[from] Stealth Rock\n|-ability|p2a: Salamence|Intimidate|boost\n|-unboost|p1a: Ho-Oh|atk|1\n|turn|16\n|\n|t:|1699272665\n|detailschange|p2a: Salamence|Salamence-Mega, M\n|-mega|p2a: Salamence|Salamence|Salamencite\n|move|p2a: Salamence|Substitute|p2a: Salamence\n|-start|p2a: Salamence|Substitute\n|-damage|p2a: Salamence|51\/100\n|move|p1a: Ho-Oh|Sacred Fire|p2a: Salamence\n|-resisted|p2a: Salamence\n|-activate|p2a: Salamence|move: Substitute|[damage]\n|\n|upkeep\n|turn|17\n|\n|t:|1699272674\n|move|p2a: Salamence|Dragon Dance|p2a: Salamence\n|-boost|p2a: Salamence|atk|1\n|-boost|p2a: Salamence|spe|1\n|move|p1a: Ho-Oh|Brave Bird|p2a: Salamence\n|-end|p2a: Salamence|Substitute\n|-damage|p1a: Ho-Oh|55\/100|[from] Recoil|[of] p2a: Salamence\n|\n|upkeep\n|turn|18\n|\n|t:|1699272683\n|move|p2a: Salamence|Double-Edge|p1a: Ho-Oh\n|-damage|p1a: Ho-Oh|0 fnt\n|faint|p1a: Ho-Oh\n|-damage|p2a: Salamence|30\/100|[from] Recoil\n|\n|upkeep\n|\n|t:|1699272687\n|switch|p1a: Arceus|Arceus, tera:Ghost|100\/100 par\n|-damage|p1a: Arceus|88\/100 par|[from] Stealth Rock\n|turn|19\n|\n|t:|1699272698\n|move|p1a: Arceus|Extreme Speed|p2a: Salamence\n|-crit|p2a: Salamence\n|-damage|p2a: Salamence|0 fnt\n|faint|p2a: Salamence\n|\n|upkeep\n|\n|t:|1699272704\n|switch|p2a: Xerneas|Xerneas|100\/100\n|-damage|p2a: Xerneas|88\/100|[from] Stealth Rock\n|-ability|p2a: Xerneas|Fairy Aura\n|turn|20\n|\n|t:|1699272712\n|move|p2a: Xerneas|Geomancy||[still]\n|-prepare|p2a: Xerneas|Geomancy\n|-enditem|p2a: Xerneas|Power Herb\n|-anim|p2a: Xerneas|Geomancy|p2a: Xerneas\n|-boost|p2a: Xerneas|spa|2\n|-boost|p2a: Xerneas|spd|2\n|-boost|p2a: Xerneas|spe|2\n|move|p1a: Arceus|Swords Dance|p1a: Arceus\n|-boost|p1a: Arceus|atk|2\n|\n|upkeep\n|turn|21\n|inactive|AnMoWuYou has 120 seconds left.\n|\n|t:|1699272721\n|move|p1a: Arceus|Extreme Speed|p2a: Xerneas\n|-damage|p2a: Xerneas|0 fnt\n|faint|p2a: Xerneas\n|\n|win|masturch33f420\n|raw|masturch33f420's rating: 1522 &rarr; <strong>1540<\/strong><br \/>(+18 for winning)\n|raw|AnMoWuYou's rating: 1490 &rarr; <strong>1472<\/strong><br \/>(-18 for losing)\n|c|\u2606masturch33f420|gg\n|l|\u2606AnMoWuYou\n","uploadtime":1699272730,"views":5,"p1id":"masturch33f420","p2id":"anmowuyou","formatid":"gen9nationaldexubers","rating":1472,"private":0,"password":""}