{"id":"gen9nationaldexubers-1991471514","p1":"negroisstillhere","p2":"Kdisue","format":"[Gen 9] National Dex Ubers","log":"|j|\u203dnegroisstillhere\n|j|\u2606Kdisue\n|t:|1700080023\n|gametype|singles\n|player|p1|negroisstillhere|102|1114\n|player|p2|Kdisue|101|1174\n|teamsize|p1|6\n|teamsize|p2|6\n|gen|9\n|tier|[Gen 9] National Dex Ubers\n|rated|\n|rule|HP Percentage Mod: HP is shown in percentages\n|rule|Endless Battle Clause: Forcing endless battles is banned\n|rule|OHKO Clause: OHKO moves are banned\n|rule|Evasion Moves Clause: Evasion moves are banned\n|rule|Evasion Items Clause: Evasion items are banned\n|rule|Species Clause: Limit one of each Pok\u00e9mon\n|rule|Sleep Clause Mod: Limit one foe put to sleep\n|rule|Mega Rayquaza Clause: You cannot mega evolve Rayquaza\n|clearpoke\n|poke|p1|Dracovish|\n|poke|p1|Deoxys-Attack|\n|poke|p1|Yveltal|\n|poke|p1|Groudon|\n|poke|p1|Darkrai|\n|poke|p1|Charizard, M|\n|poke|p2|Arceus-Bug|\n|poke|p2|Genesect|\n|poke|p2|Beedrill, F|\n|poke|p2|Kleavor, M|\n|poke|p2|Volcarona, M|\n|poke|p2|Ursaluna-Bloodmoon, M|\n|teampreview\n|\n|t:|1700080030\n|start\n|switch|p1a: Charizard|Charizard, M|100\/100\n|switch|p2a: Truck ; ;|Kleavor, M|100\/100\n|turn|1\n|inactive|Battle timer is ON: inactive players will automatically lose when time's up. (requested by negroisstillhere)\n|\n|t:|1700080039\n|detailschange|p1a: Charizard|Charizard-Mega-X, M\n|-mega|p1a: Charizard|Charizard|Charizardite X\n|move|p2a: Truck ; ;|Stone Axe|p1a: Charizard\n|-supereffective|p1a: Charizard\n|-damage|p1a: Charizard|0 fnt\n|-sidestart|p1: negroisstillhere|move: Stealth Rock\n|faint|p1a: Charizard\n|\n|upkeep\n|\n|t:|1700080047\n|switch|p1a: Deoxys|Deoxys-Attack|100\/100\n|-damage|p1a: Deoxys|88\/100|[from] Stealth Rock\n|-ability|p1a: Deoxys|Pressure\n|turn|2\n|\n|t:|1700080053\n|move|p2a: Truck ; ;|Stone Axe|p1a: Deoxys\n|-damage|p1a: Deoxys|0 fnt\n|faint|p1a: Deoxys\n|\n|upkeep\n|\n|t:|1700080057\n|switch|p1a: Yveltal|Yveltal, shiny|100\/100\n|-damage|p1a: Yveltal|76\/100|[from] Stealth Rock\n|-ability|p1a: Yveltal|Dark Aura\n|turn|3\n|\n|t:|1700080064\n|move|p2a: Truck ; ;|Stone Axe|p1a: Yveltal\n|-supereffective|p1a: Yveltal\n|-damage|p1a: Yveltal|0 fnt\n|faint|p1a: Yveltal\n|\n|upkeep\n|\n|t:|1700080070\n|switch|p1a: Groudon|Groudon|100\/100\n|-damage|p1a: Groudon|94\/100|[from] Stealth Rock\n|detailschange|p1a: Groudon|Groudon-Primal\n|-primal|p1a: Groudon|Red Orb\n|-weather|DesolateLand|[from] ability: Desolate Land|[of] p1a: Groudon\n|turn|4\n|\n|t:|1700080078\n|move|p2a: Truck ; ;|Stone Axe|p1a: Groudon\n|-damage|p1a: Groudon|66\/100\n|move|p1a: Groudon|Heat Crash|p2a: Truck ; ;\n|-damage|p2a: Truck ; ;|0 fnt\n|faint|p2a: Truck ; ;\n|\n|-weather|DesolateLand|[upkeep]\n|upkeep\n|\n|t:|1700080100\n|switch|p2a: Flora|Ursaluna-Bloodmoon, M|100\/100\n|turn|5\n|\n|t:|1700080116\n|move|p1a: Groudon|Earthquake|p2a: Flora\n|-damage|p2a: Flora|57\/100\n|move|p2a: Flora|Earth Power|p1a: Groudon\n|-supereffective|p1a: Groudon\n|-damage|p1a: Groudon|0 fnt\n|faint|p1a: Groudon\n|-weather|none\n|\n|-heal|p2a: Flora|63\/100|[from] item: Leftovers\n|upkeep\n|\n|t:|1700080122\n|switch|p1a: Dracovish|Dracovish, shiny|100\/100\n|-damage|p1a: Dracovish|88\/100|[from] Stealth Rock\n|turn|6\n|\n|t:|1700080132\n|-terastallize|p1a: Dracovish|Water\n|-terastallize|p2a: Flora|Bug\n|move|p1a: Dracovish|Fishious Rend|p2a: Flora\n|-damage|p2a: Flora|0 fnt\n|faint|p2a: Flora\n|\n|upkeep\n|\n|t:|1700080142\n|switch|p2a: Truck :v:|Genesect, shiny|100\/100\n|-ability|p2a: Truck :v:|Download|boost\n|-boost|p2a: Truck :v:|spa|1\n|turn|7\n|\n|t:|1700080148\n|move|p2a: Truck :v:|Extreme Speed|p1a: Dracovish\n|-damage|p1a: Dracovish|58\/100\n|move|p1a: Dracovish|Fishious Rend|p2a: Truck :v:\n|-damage|p2a: Truck :v:|7\/100\n|\n|upkeep\n|turn|8\n|\n|t:|1700080155\n|move|p2a: Truck :v:|Extreme Speed|p1a: Dracovish\n|-damage|p1a: Dracovish|28\/100\n|move|p1a: Dracovish|Fishious Rend|p2a: Truck :v:\n|-damage|p2a: Truck :v:|0 fnt\n|faint|p2a: Truck :v:\n|\n|upkeep\n|\n|t:|1700080164\n|switch|p2a: Truck :.:|Beedrill, F, shiny|100\/100\n|turn|9\n|\n|t:|1700080169\n|detailschange|p2a: Truck :.:|Beedrill-Mega, F, shiny\n|-mega|p2a: Truck :.:|Beedrill|Beedrillite\n|move|p2a: Truck :.:|Fell Stinger|p1a: Dracovish\n|-damage|p1a: Dracovish|0 fnt\n|faint|p1a: Dracovish\n|-boost|p2a: Truck :.:|atk|3\n|\n|upkeep\n|\n|t:|1700080174\n|switch|p1a: Darkrai|Darkrai|100\/100\n|-damage|p1a: Darkrai|88\/100|[from] Stealth Rock\n|turn|10\n|\n|t:|1700080190\n|move|p2a: Truck :.:|Fell Stinger|p1a: Darkrai\n|-supereffective|p1a: Darkrai\n|-damage|p1a: Darkrai|0 fnt\n|faint|p1a: Darkrai\n|\n|win|Kdisue\n|raw|negroisstillhere's rating: 1114 &rarr; <strong>1093<\/strong><br \/>(-21 for losing)\n|raw|Kdisue's rating: 1174 &rarr; <strong>1195<\/strong><br \/>(+21 for winning)\n","uploadtime":1700080204,"views":8,"p1id":"negroisstillhere","p2id":"kdisue","formatid":"gen9nationaldexubers","rating":1093,"private":0,"password":""}