{"id":"gen9nationaldexubers-1995620763","p1":"Team Renegade Boss","p2":"BlackVoidDragon","format":"[Gen 9] National Dex Ubers","log":"|j|\u2606Team Renegade Boss\n|j|\u2606BlackVoidDragon\n|t:|1700588189\n|gametype|singles\n|player|p1|Team Renegade Boss|lance|1068\n|player|p2|BlackVoidDragon|unknown|1110\n|teamsize|p1|6\n|teamsize|p2|6\n|gen|9\n|tier|[Gen 9] National Dex Ubers\n|rated|\n|rule|HP Percentage Mod: HP is shown in percentages\n|rule|Endless Battle Clause: Forcing endless battles is banned\n|rule|OHKO Clause: OHKO moves are banned\n|rule|Evasion Moves Clause: Evasion moves are banned\n|rule|Evasion Items Clause: Evasion items are banned\n|rule|Species Clause: Limit one of each Pok\u00e9mon\n|rule|Sleep Clause Mod: Limit one foe put to sleep\n|rule|Mega Rayquaza Clause: You cannot mega evolve Rayquaza\n|clearpoke\n|poke|p1|Scizor, M|\n|poke|p1|Swampert, M|\n|poke|p1|Eelektross, M|\n|poke|p1|Lunala|\n|poke|p1|Salazzle, F|\n|poke|p1|Ferrothorn, M|\n|poke|p2|Yveltal|\n|poke|p2|Necrozma|\n|poke|p2|Groudon|\n|poke|p2|Kyogre|\n|poke|p2|Mewtwo|\n|poke|p2|Rayquaza|\n|teampreview\n|inactive|Battle timer is ON: inactive players will automatically lose when time's up. (requested by BlackVoidDragon)\n|inactive|Team Renegade Boss also wants the timer to be on.\n|\n|t:|1700588200\n|start\n|switch|p1a: Mommy|Salazzle, F, shiny|100\/100\n|switch|p2a: Necrozma|Necrozma|100\/100\n|turn|1\n|c|\u2606Team Renegade Boss|hi\n|\n|t:|1700588208\n|move|p1a: Mommy|Sludge Bomb|p2a: Necrozma\n|-damage|p2a: Necrozma|62\/100\n|-status|p2a: Necrozma|psn\n|move|p2a: Necrozma|Cosmic Power|p2a: Necrozma\n|-boost|p2a: Necrozma|def|1\n|-boost|p2a: Necrozma|spd|1\n|\n|-damage|p2a: Necrozma|49\/100 psn|[from] psn\n|upkeep\n|turn|2\n|\n|t:|1700588216\n|move|p1a: Mommy|Flamethrower|p2a: Necrozma\n|-damage|p2a: Necrozma|20\/100 psn\n|move|p2a: Necrozma|Dragon Dance|p2a: Necrozma\n|-boost|p2a: Necrozma|atk|1\n|-boost|p2a: Necrozma|spe|1\n|\n|-damage|p2a: Necrozma|8\/100 psn|[from] psn\n|upkeep\n|turn|3\n|\n|t:|1700588228\n|move|p1a: Mommy|Flamethrower|p2a: Necrozma\n|-damage|p2a: Necrozma|0 fnt\n|faint|p2a: Necrozma\n|\n|upkeep\n|\n|t:|1700588233\n|switch|p2a: ChunkyWhale|Kyogre, shiny|100\/100\n|detailschange|p2a: ChunkyWhale|Kyogre-Primal, shiny\n|-primal|p2a: ChunkyWhale|Blue Orb\n|-weather|PrimordialSea|[from] ability: Primordial Sea|[of] p2a: ChunkyWhale\n|turn|4\n|\n|t:|1700588248\n|switch|p1a: Rose|Ferrothorn, M, shiny|100\/100\n|move|p2a: ChunkyWhale|Origin Pulse|p1a: Rose\n|-resisted|p1a: Rose\n|-crit|p1a: Rose\n|-damage|p1a: Rose|37\/100\n|\n|-weather|PrimordialSea|[upkeep]\n|upkeep\n|turn|5\n|\n|t:|1700588254\n|-weather|none\n|switch|p2a: DinoBoi|Groudon, shiny|100\/100\n|detailschange|p2a: DinoBoi|Groudon-Primal, shiny\n|-primal|p2a: DinoBoi|Red Orb\n|-weather|DesolateLand|[from] ability: Desolate Land|[of] p2a: DinoBoi\n|move|p1a: Rose|Stealth Rock|p2a: DinoBoi\n|-sidestart|p2: BlackVoidDragon|move: Stealth Rock\n|\n|-weather|DesolateLand|[upkeep]\n|upkeep\n|turn|6\n|\n|t:|1700588267\n|switch|p1a: Mommy|Salazzle, F, shiny|100\/100\n|move|p2a: DinoBoi|Heat Crash|p1a: Mommy\n|-resisted|p1a: Mommy\n|-damage|p1a: Mommy|0 fnt\n|faint|p1a: Mommy\n|\n|-weather|DesolateLand|[upkeep]\n|upkeep\n|\n|t:|1700588279\n|switch|p1a: Nebby|Lunala|100\/100\n|turn|7\n|\n|t:|1700588284\n|-zpower|p1a: Nebby\n|move|p1a: Nebby|Menacing Moonraze Maelstrom|p2a: DinoBoi|[zeffect]\n|-damage|p2a: DinoBoi|0 fnt\n|faint|p2a: DinoBoi\n|-weather|none\n|\n|upkeep\n|\n|t:|1700588296\n|switch|p2a: BigBrainMoves|Mewtwo, shiny|100\/100\n|-damage|p2a: BigBrainMoves|88\/100|[from] Stealth Rock\n|-ability|p2a: BigBrainMoves|Pressure\n|turn|8\n|\n|t:|1700588301\n|detailschange|p2a: BigBrainMoves|Mewtwo-Mega-X, shiny\n|-mega|p2a: BigBrainMoves|Mewtwo|Mewtwonite X\n|move|p1a: Nebby|Moongeist Beam|p2a: BigBrainMoves\n|-supereffective|p2a: BigBrainMoves\n|-damage|p2a: BigBrainMoves|0 fnt\n|faint|p2a: BigBrainMoves\n|\n|upkeep\n|\n|t:|1700588308\n|switch|p2a: YouDieTonight|Yveltal, shiny|100\/100\n|-damage|p2a: YouDieTonight|76\/100|[from] Stealth Rock\n|-ability|p2a: YouDieTonight|Dark Aura\n|turn|9\n|-message|BlackVoidDragon forfeited.\n|\n|win|Team Renegade Boss\n|raw|Team Renegade Boss's rating: 1068 &rarr; <strong>1101<\/strong><br \/>(+33 for winning)\n|raw|BlackVoidDragon's rating: 1110 &rarr; <strong>1082<\/strong><br \/>(-28 for losing)\n|l|\u2606BlackVoidDragon\n","uploadtime":1700588314,"views":0,"p1id":"teamrenegadeboss","p2id":"blackvoiddragon","formatid":"gen9nationaldexubers","rating":1082,"private":0,"password":""}