{"id":"gen9nationaldexubers-1990372752","p1":"DK_crazy","p2":"Khyle7ku6jy5hter","format":"[Gen 9] National Dex Ubers","log":"|j|\u2606DK_crazy\n|j|\u2606Khyle7ku6jy5hter\n|t:|1699963699\n|gametype|singles\n|player|p1|DK_crazy|ninjaboy|1024\n|player|p2|Khyle7ku6jy5hter|101|1000\n|teamsize|p1|6\n|teamsize|p2|6\n|gen|9\n|tier|[Gen 9] National Dex Ubers\n|rated|\n|rule|HP Percentage Mod: HP is shown in percentages\n|rule|Endless Battle Clause: Forcing endless battles is banned\n|rule|OHKO Clause: OHKO moves are banned\n|rule|Evasion Moves Clause: Evasion moves are banned\n|rule|Evasion Items Clause: Evasion items are banned\n|rule|Species Clause: Limit one of each Pok\u00e9mon\n|rule|Sleep Clause Mod: Limit one foe put to sleep\n|rule|Mega Rayquaza Clause: You cannot mega evolve Rayquaza\n|clearpoke\n|poke|p1|Rayquaza|\n|poke|p1|Urshifu-*, F|\n|poke|p1|Xurkitree|\n|poke|p1|Calyrex-Ice|\n|poke|p1|Arceus-Ground|\n|poke|p1|Alakazam, M|\n|poke|p2|Torterra, F|\n|poke|p2|Arcanine-Hisui, F|\n|poke|p2|Mr. Rime, M|\n|poke|p2|Vikavolt, M|\n|poke|p2|Goodra-Hisui, F|\n|poke|p2|Zoroark, M|\n|teampreview\n|\n|t:|1699963707\n|start\n|switch|p1a: Calyrex|Calyrex-Ice|100\/100\n|switch|p2a: Vikavolt|Vikavolt, M|100\/100\n|-ability|p1a: Calyrex|As One\n|-ability|p1a: Calyrex|Unnerve\n|turn|1\n|\n|t:|1699963718\n|move|p2a: Vikavolt|Flamethrower|p1a: Calyrex\n|-supereffective|p1a: Calyrex\n|-damage|p1a: Calyrex|35\/100\n|move|p1a: Calyrex|High Horsepower|p2a: Vikavolt\n|-damage|p2a: Vikavolt|22\/100\n|replace|p2a: Zoroark|Zoroark, M, shiny\n|-end|p2a: Zoroark|Illusion\n|\n|upkeep\n|turn|2\n|\n|t:|1699963731\n|move|p2a: Zoroark|Flamethrower|p1a: Calyrex\n|-supereffective|p1a: Calyrex\n|-damage|p1a: Calyrex|0 fnt\n|faint|p1a: Calyrex\n|\n|upkeep\n|\n|t:|1699963738\n|switch|p1a: Urshifu|Urshifu, F|100\/100\n|turn|3\n|\n|t:|1699963748\n|switch|p2a: Vikavolt|Vikavolt, M|100\/100\n|move|p1a: Urshifu|Wicked Blow|p2a: Vikavolt\n|-crit|p2a: Vikavolt\n|-damage|p2a: Vikavolt|28\/100\n|\n|upkeep\n|turn|4\n|\n|t:|1699963757\n|move|p1a: Urshifu|Wicked Blow|p2a: Vikavolt\n|-crit|p2a: Vikavolt\n|-damage|p2a: Vikavolt|0 fnt\n|faint|p2a: Vikavolt\n|\n|upkeep\n|\n|t:|1699963770\n|switch|p2a: Goodra|Goodra-Hisui, F|100\/100\n|turn|5\n|\n|t:|1699963774\n|-terastallize|p2a: Goodra|Flying\n|move|p1a: Urshifu|Wicked Blow|p2a: Goodra\n|-crit|p2a: Goodra\n|-damage|p2a: Goodra|58\/100\n|move|p2a: Goodra|Curse|p2a: Goodra\n|-unboost|p2a: Goodra|spe|1\n|-boost|p2a: Goodra|atk|1\n|-boost|p2a: Goodra|def|1\n|\n|-heal|p2a: Goodra|65\/100|[from] item: Leftovers\n|upkeep\n|turn|6\n|\n|t:|1699963785\n|move|p1a: Urshifu|Wicked Blow|p2a: Goodra\n|-crit|p2a: Goodra\n|-damage|p2a: Goodra|21\/100\n|move|p2a: Goodra|Body Press|p1a: Urshifu\n|-supereffective|p1a: Urshifu\n|-damage|p1a: Urshifu|25\/100\n|\n|-heal|p2a: Goodra|27\/100|[from] item: Leftovers\n|upkeep\n|turn|7\n|\n|t:|1699963794\n|move|p1a: Urshifu|Wicked Blow|p2a: Goodra\n|-crit|p2a: Goodra\n|-damage|p2a: Goodra|0 fnt\n|faint|p2a: Goodra\n|\n|upkeep\n|inactive|Battle timer is ON: inactive players will automatically lose when time's up. (requested by DK_crazy)\n|\n|t:|1699963799\n|switch|p2a: Arcanine|Arcanine-Hisui, F|100\/100\n|turn|8\n|\n|t:|1699963802\n|move|p2a: Arcanine|Extreme Speed|p1a: Urshifu\n|-damage|p1a: Urshifu|0 fnt\n|faint|p1a: Urshifu\n|\n|upkeep\n|\n|t:|1699963812\n|switch|p1a: Arceus|Arceus-Ground|100\/100\n|turn|9\n|\n|t:|1699963821\n|move|p1a: Arceus|Earthquake|p2a: Arcanine\n|-supereffective|p2a: Arcanine\n|-damage|p2a: Arcanine|0 fnt\n|faint|p2a: Arcanine\n|\n|upkeep\n|\n|t:|1699963828\n|switch|p2a: Torterra|Torterra, F|100\/100\n|turn|10\n|\n|t:|1699963844\n|move|p1a: Arceus|Air Slash|p2a: Torterra\n|-supereffective|p2a: Torterra\n|-damage|p2a: Torterra|44\/100\n|move|p2a: Torterra|Shell Smash|p2a: Torterra\n|-unboost|p2a: Torterra|def|1\n|-unboost|p2a: Torterra|spd|1\n|-boost|p2a: Torterra|atk|2\n|-boost|p2a: Torterra|spa|2\n|-boost|p2a: Torterra|spe|2\n|\n|upkeep\n|turn|11\n|\n|t:|1699963852\n|move|p2a: Torterra|Bullet Seed|p1a: Arceus\n|-supereffective|p1a: Arceus\n|-damage|p1a: Arceus|70\/100\n|-supereffective|p1a: Arceus\n|-damage|p1a: Arceus|36\/100\n|-supereffective|p1a: Arceus\n|-damage|p1a: Arceus|3\/100\n|-supereffective|p1a: Arceus\n|-damage|p1a: Arceus|0 fnt\n|faint|p1a: Arceus\n|-hitcount|p1: Arceus|4\n|\n|upkeep\n|\n|t:|1699963862\n|switch|p1a: Xurkitree|Xurkitree|100\/100\n|turn|12\n|\n|t:|1699963868\n|move|p2a: Torterra|Bullet Seed|p1a: Xurkitree\n|-damage|p1a: Xurkitree|66\/100\n|-damage|p1a: Xurkitree|31\/100\n|-damage|p1a: Xurkitree|0 fnt\n|faint|p1a: Xurkitree\n|-hitcount|p1: Xurkitree|3\n|\n|upkeep\n|\n|t:|1699963875\n|switch|p1a: Alakazam|Alakazam, M|100\/100\n|turn|13\n|\n|t:|1699963887\n|detailschange|p1a: Alakazam|Alakazam-Mega, M\n|-mega|p1a: Alakazam|Alakazam|Alakazite\n|-ability|p1a: Alakazam|Shell Armor|[from] ability: Trace|[of] p2a: Torterra\n|move|p2a: Torterra|Bullet Seed|p1a: Alakazam\n|-damage|p1a: Alakazam|57\/100\n|-damage|p1a: Alakazam|9\/100\n|-damage|p1a: Alakazam|0 fnt\n|faint|p1a: Alakazam\n|-hitcount|p1: Alakazam|3\n|\n|upkeep\n|c|\u2606DK_crazy|fck you bitch\n|n|\u203dDK_crazy|dkcrazy\n|c|&|\/log DK_crazy was locked from talking by Artemis. (\u2606DK_crazy: fck you bitch)\n|c|&|\/raw <small>This action was done automatically. Want to learn more about the AI? <a href=\"https:\/\/www.smogon.com\/forums\/threads\/3570628\/#post-9056769\">Visit the information thread<\/a>.<\/small>\n|-message|DK_crazy forfeited.\n|\n|win|Khyle7ku6jy5hter\n|raw|DK_crazy's rating: 1024 &rarr; <strong>1009<\/strong><br \/>(-15 for losing)\n|raw|Khyle7ku6jy5hter's rating: 1000 &rarr; <strong>1043<\/strong><br \/>(+43 for winning)\n","uploadtime":1699963900,"views":6,"p1id":"dkcrazy","p2id":"khyle7ku6jy5hter","formatid":"gen9nationaldexubers","rating":1009,"private":0,"password":""}