{"id":"gen9nationaldexubers-1988655716","p1":"The_Opposum","p2":"Celine_Helios","format":"[Gen 9] National Dex Ubers","log":"|j|\u2606The_Opposum\n|j|\u2606Celine_Helios\n|t:|1699746872\n|gametype|singles\n|player|p1|The_Opposum|cynthia-masters3|\n|player|p2|Celine_Helios|caitlin|\n|teamsize|p1|6\n|teamsize|p2|6\n|gen|9\n|tier|[Gen 9] National Dex Ubers\n|rule|HP Percentage Mod: HP is shown in percentages\n|rule|Endless Battle Clause: Forcing endless battles is banned\n|rule|OHKO Clause: OHKO moves are banned\n|rule|Evasion Moves Clause: Evasion moves are banned\n|rule|Evasion Items Clause: Evasion items are banned\n|rule|Species Clause: Limit one of each Pok\u00e9mon\n|rule|Sleep Clause Mod: Limit one foe put to sleep\n|rule|Mega Rayquaza Clause: You cannot mega evolve Rayquaza\n|clearpoke\n|poke|p1|Heatran, F|\n|poke|p1|Whimsicott, F|\n|poke|p1|Wo-Chien|\n|poke|p1|Mimikyu, F|\n|poke|p1|Necrozma|\n|poke|p1|Great Tusk|\n|poke|p2|Medicham, F|\n|poke|p2|Ninetales-Alola, M|\n|poke|p2|Slowbro, F|\n|poke|p2|Moltres-Galar|\n|poke|p2|Ogerpon-Wellspring, F|\n|poke|p2|Enamorus, F|\n|teampreview\n|j| palestjade\n|\n|t:|1699746884\n|start\n|switch|p1a: Heatran|Heatran, F|100\/100\n|switch|p2a: Medicham|Medicham, F, shiny|100\/100\n|turn|1\n|\n|t:|1699746889\n|detailschange|p2a: Medicham|Medicham-Mega, F, shiny\n|-mega|p2a: Medicham|Medicham|Medichamite\n|move|p2a: Medicham|Fake Out|p1a: Heatran\n|-resisted|p1a: Heatran\n|-damage|p1a: Heatran|91\/100\n|cant|p1a: Heatran|flinch\n|\n|-heal|p1a: Heatran|98\/100|[from] item: Leftovers\n|upkeep\n|turn|2\n|\n|t:|1699746898\n|move|p2a: Medicham|Close Combat|p1a: Heatran\n|-supereffective|p1a: Heatran\n|-damage|p1a: Heatran|0 fnt\n|-unboost|p2a: Medicham|def|1\n|-unboost|p2a: Medicham|spd|1\n|faint|p1a: Heatran\n|\n|upkeep\n|\n|t:|1699746909\n|switch|p1a: Wo-Chien|Wo-Chien|100\/100\n|-ability|p1a: Wo-Chien|Tablets of Ruin\n|turn|3\n|\n|t:|1699746921\n|move|p2a: Medicham|Close Combat|p1a: Wo-Chien\n|-supereffective|p1a: Wo-Chien\n|-damage|p1a: Wo-Chien|0 fnt\n|-unboost|p2a: Medicham|def|1\n|-unboost|p2a: Medicham|spd|1\n|faint|p1a: Wo-Chien\n|\n|upkeep\n|\n|t:|1699746945\n|switch|p1a: Necrozma|Necrozma|100\/100\n|turn|4\n|\n|t:|1699746953\n|switch|p2a: Moltres|Moltres-Galar|100\/100\n|move|p1a: Necrozma|Cosmic Power|p1a: Necrozma\n|-boost|p1a: Necrozma|def|1\n|-boost|p1a: Necrozma|spd|1\n|\n|upkeep\n|turn|5\n|\n|t:|1699746965\n|move|p2a: Moltres|Agility|p2a: Moltres\n|-boost|p2a: Moltres|spe|2\n|move|p1a: Necrozma|Cosmic Power|p1a: Necrozma\n|-boost|p1a: Necrozma|def|1\n|-boost|p1a: Necrozma|spd|1\n|\n|upkeep\n|turn|6\n|\n|t:|1699746971\n|move|p2a: Moltres|Nasty Plot|p2a: Moltres\n|-boost|p2a: Moltres|spa|2\n|move|p1a: Necrozma|Moonlight|p1a: Necrozma\n|-fail|p1a: Necrozma|heal\n|\n|upkeep\n|turn|7\n|\n|t:|1699746977\n|move|p2a: Moltres|Nasty Plot|p2a: Moltres\n|-boost|p2a: Moltres|spa|2\n|move|p1a: Necrozma|Cosmic Power|p1a: Necrozma\n|-boost|p1a: Necrozma|def|1\n|-boost|p1a: Necrozma|spd|1\n|\n|upkeep\n|turn|8\n|\n|t:|1699746983\n|move|p2a: Moltres|Nasty Plot|p2a: Moltres\n|-boost|p2a: Moltres|spa|2\n|move|p1a: Necrozma|Cosmic Power|p1a: Necrozma\n|-boost|p1a: Necrozma|def|1\n|-boost|p1a: Necrozma|spd|1\n|\n|upkeep\n|turn|9\n|\n|t:|1699746989\n|move|p2a: Moltres|Fiery Wrath|p1a: Necrozma\n|-supereffective|p1a: Necrozma\n|-damage|p1a: Necrozma|17\/100\n|move|p1a: Necrozma|Cosmic Power|p1a: Necrozma\n|-boost|p1a: Necrozma|def|1\n|-boost|p1a: Necrozma|spd|1\n|\n|-heal|p1a: Necrozma|23\/100|[from] item: Leftovers\n|upkeep\n|turn|10\n|\n|t:|1699746999\n|move|p2a: Moltres|Fiery Wrath|p1a: Necrozma\n|-supereffective|p1a: Necrozma\n|-crit|p1a: Necrozma\n|-damage|p1a: Necrozma|0 fnt\n|faint|p1a: Necrozma\n|\n|upkeep\n|\n|t:|1699747014\n|switch|p1a: Mimikyu|Mimikyu, F|100\/100\n|turn|11\n|\n|t:|1699747032\n|move|p2a: Moltres|Fiery Wrath|p1a: Mimikyu\n|-activate|p1a: Mimikyu|ability: Disguise\n|-damage|p1a: Mimikyu|100\/100\n|detailschange|p1a: Mimikyu|Mimikyu-Busted, F\n|-damage|p1a: Mimikyu|88\/100|[from] pokemon: Mimikyu-Busted\n|cant|p1a: Mimikyu|flinch\n|\n|upkeep\n|turn|12\n|\n|t:|1699747045\n|move|p2a: Moltres|Fiery Wrath|p1a: Mimikyu\n|-damage|p1a: Mimikyu|0 fnt\n|faint|p1a: Mimikyu\n|\n|upkeep\n|\n|t:|1699747065\n|switch|p1a: Whimsicott|Whimsicott, F|100\/100\n|turn|13\n|\n|t:|1699747072\n|move|p2a: Moltres|Fiery Wrath|p1a: Whimsicott\n|-resisted|p1a: Whimsicott\n|-damage|p1a: Whimsicott|0 fnt\n|faint|p1a: Whimsicott\n|\n|upkeep\n|\n|t:|1699747078\n|switch|p1a: Great Tusk|Great Tusk|100\/100\n|turn|14\n|\n|t:|1699747093\n|move|p2a: Moltres|Fiery Wrath|p1a: Great Tusk\n|-resisted|p1a: Great Tusk\n|-damage|p1a: Great Tusk|9\/100\n|move|p1a: Great Tusk|Knock Off|p2a: Moltres\n|-resisted|p2a: Moltres\n|-damage|p2a: Moltres|81\/100\n|-enditem|p2a: Moltres|Sitrus Berry|[from] move: Knock Off|[of] p1a: Great Tusk\n|\n|upkeep\n|turn|15\n|\n|t:|1699747103\n|move|p2a: Moltres|Fiery Wrath|p1a: Great Tusk\n|-resisted|p1a: Great Tusk\n|-damage|p1a: Great Tusk|0 fnt\n|faint|p1a: Great Tusk\n|-end|p1a: Great Tusk|Protosynthesis|[silent]\n|\n|win|Celine_Helios\n|l|\u2606The_Opposum\n|l|\u2606Celine_Helios\n","uploadtime":1699747123,"views":5,"p1id":"theopposum","p2id":"celinehelios","formatid":"gen9nationaldexubers","rating":0,"private":0,"password":""}