{"id":"gen9nationaldexubers-1988145929","p1":"Rhyfinn 03","p2":"variares DD","format":"[Gen 9] National Dex Ubers","log":"|j|\u2606Rhyfinn 03\n|j|\u2606variares DD\n|t:|1699675401\n|gametype|singles\n|player|p1|Rhyfinn 03|alder|1278\n|player|p2|variares DD|acetrainercouple|1375\n|teamsize|p1|6\n|teamsize|p2|6\n|gen|9\n|tier|[Gen 9] National Dex Ubers\n|rated|\n|rule|HP Percentage Mod: HP is shown in percentages\n|rule|Endless Battle Clause: Forcing endless battles is banned\n|rule|OHKO Clause: OHKO moves are banned\n|rule|Evasion Moves Clause: Evasion moves are banned\n|rule|Evasion Items Clause: Evasion items are banned\n|rule|Species Clause: Limit one of each Pok\u00e9mon\n|rule|Sleep Clause Mod: Limit one foe put to sleep\n|rule|Mega Rayquaza Clause: You cannot mega evolve Rayquaza\n|clearpoke\n|poke|p1|Groudon|\n|poke|p1|Xerneas-*|\n|poke|p1|Marshadow|\n|poke|p1|Necrozma-Dusk-Mane|\n|poke|p1|Deoxys-Speed|\n|poke|p1|Rayquaza|\n|poke|p2|Charizard, F|\n|poke|p2|Goodra-Hisui, F|\n|poke|p2|Corviknight, M|\n|poke|p2|Dragapult, F|\n|poke|p2|Heatran, M|\n|poke|p2|Landorus-Therian, M|\n|teampreview\n|inactive|Battle timer is ON: inactive players will automatically lose when time's up. (requested by variares DD)\n|inactive|Rhyfinn 03 also wants the timer to be on.\n|\n|t:|1699675431\n|start\n|switch|p1a: Deoxys|Deoxys-Speed|100\/100\n|switch|p2a: Dragapult|Dragapult, F|100\/100\n|-ability|p1a: Deoxys|Pressure\n|turn|1\n|\n|t:|1699675439\n|move|p1a: Deoxys|Taunt|p2a: Dragapult\n|-start|p2a: Dragapult|move: Taunt\n|move|p2a: Dragapult|Shadow Ball|p1a: Deoxys\n|-supereffective|p1a: Deoxys\n|-enditem|p1a: Deoxys|Focus Sash\n|-damage|p1a: Deoxys|1\/100\n|\n|upkeep\n|turn|2\n|\n|t:|1699675442\n|move|p1a: Deoxys|Stealth Rock|p2a: Dragapult\n|-sidestart|p2: variares DD|move: Stealth Rock\n|move|p2a: Dragapult|Shadow Ball|p1a: Deoxys\n|-supereffective|p1a: Deoxys\n|-damage|p1a: Deoxys|0 fnt\n|faint|p1a: Deoxys\n|\n|upkeep\n|\n|t:|1699675461\n|switch|p1a: Rayquaza|Rayquaza|100\/100\n|-ability|p1a: Rayquaza|Air Lock\n|turn|3\n|\n|t:|1699675468\n|move|p1a: Rayquaza|Dragon Ascent|p2a: Dragapult\n|-damage|p2a: Dragapult|6\/100\n|-unboost|p1a: Rayquaza|def|1\n|-unboost|p1a: Rayquaza|spd|1\n|move|p2a: Dragapult|Shadow Ball|p1a: Rayquaza\n|-damage|p1a: Rayquaza|14\/100\n|-unboost|p1a: Rayquaza|spd|1\n|\n|-end|p2a: Dragapult|move: Taunt\n|upkeep\n|turn|4\n|\n|t:|1699675475\n|move|p1a: Rayquaza|Dragon Ascent|p2a: Dragapult\n|-damage|p2a: Dragapult|0 fnt\n|-unboost|p1a: Rayquaza|def|1\n|-unboost|p1a: Rayquaza|spd|1\n|faint|p2a: Dragapult\n|\n|upkeep\n|\n|t:|1699675479\n|switch|p2a: Landorus|Landorus-Therian, M|100\/100\n|-damage|p2a: Landorus|88\/100|[from] Stealth Rock\n|-ability|p2a: Landorus|Intimidate|boost\n|-unboost|p1a: Rayquaza|atk|1\n|turn|5\n|\n|t:|1699675484\n|move|p1a: Rayquaza|Dragon Ascent|p2a: Landorus\n|-damage|p2a: Landorus|31\/100\n|-unboost|p1a: Rayquaza|def|1\n|-unboost|p1a: Rayquaza|spd|1\n|move|p2a: Landorus|Defog|p1a: Rayquaza\n|-unboost|p1a: Rayquaza|evasion|1\n|-sideend|p2: variares DD|Stealth Rock|[from] move: Defog|[of] p2a: Landorus\n|\n|-heal|p2a: Landorus|37\/100|[from] item: Leftovers\n|upkeep\n|turn|6\n|\n|t:|1699675499\n|move|p1a: Rayquaza|Dragon Ascent|p2a: Landorus\n|-damage|p2a: Landorus|0 fnt\n|-unboost|p1a: Rayquaza|def|1\n|-unboost|p1a: Rayquaza|spd|1\n|faint|p2a: Landorus\n|\n|upkeep\n|\n|t:|1699675504\n|switch|p2a: Charizard|Charizard, F, shiny|100\/100\n|turn|7\n|\n|t:|1699675508\n|detailschange|p2a: Charizard|Charizard-Mega-Y, F, shiny\n|-mega|p2a: Charizard|Charizard|Charizardite Y\n|-weather|SunnyDay|[from] ability: Drought|[of] p2a: Charizard\n|move|p1a: Rayquaza|Dragon Ascent|p2a: Charizard\n|-damage|p2a: Charizard|38\/100\n|-unboost|p1a: Rayquaza|def|1\n|-unboost|p1a: Rayquaza|spd|1\n|move|p2a: Charizard|Solar Beam||[still]\n|-prepare|p2a: Charizard|Solar Beam\n|\n|-weather|SunnyDay|[upkeep]\n|upkeep\n|turn|8\n|c|\u2606Rhyfinn 03|bruh\n|\n|t:|1699675518\n|move|p1a: Rayquaza|Dragon Ascent|p2a: Charizard\n|-damage|p2a: Charizard|0 fnt\n|-unboost|p1a: Rayquaza|def|1\n|faint|p2a: Charizard\n|\n|-weather|SunnyDay|[upkeep]\n|upkeep\n|\n|t:|1699675528\n|switch|p2a: Goodra|Goodra-Hisui, F, shiny|100\/100\n|turn|9\n|\n|t:|1699675532\n|move|p1a: Rayquaza|Dragon Ascent|p2a: Goodra\n|-resisted|p2a: Goodra\n|-damage|p2a: Goodra|81\/100\n|move|p2a: Goodra|Ice Beam|p1a: Rayquaza\n|-supereffective|p1a: Rayquaza\n|-damage|p1a: Rayquaza|0 fnt\n|faint|p1a: Rayquaza\n|\n|-weather|SunnyDay|[upkeep]\n|upkeep\n|\n|t:|1699675541\n|switch|p1a: Groudon|Groudon, shiny|100\/100\n|detailschange|p1a: Groudon|Groudon-Primal, shiny\n|-primal|p1a: Groudon|Red Orb\n|-weather|DesolateLand|[from] ability: Desolate Land|[of] p1a: Groudon\n|turn|10\n|\n|t:|1699675554\n|move|p1a: Groudon|Earth Power|p2a: Goodra\n|-supereffective|p2a: Goodra\n|-damage|p2a: Goodra|42\/100\n|move|p2a: Goodra|Sludge Bomb|p1a: Groudon\n|-resisted|p1a: Groudon\n|-damage|p1a: Groudon|87\/100\n|\n|-weather|DesolateLand|[upkeep]\n|upkeep\n|turn|11\n|\n|t:|1699675563\n|move|p1a: Groudon|Flamethrower|p2a: Goodra\n|-damage|p2a: Goodra|13\/100\n|move|p2a: Goodra|Ice Beam|p1a: Groudon\n|-damage|p1a: Groudon|63\/100\n|\n|-weather|DesolateLand|[upkeep]\n|upkeep\n|turn|12\n|\n|t:|1699675569\n|move|p1a: Groudon|Flamethrower|p2a: Goodra\n|-damage|p2a: Goodra|0 fnt\n|faint|p2a: Goodra\n|\n|-weather|DesolateLand|[upkeep]\n|upkeep\n|\n|t:|1699675573\n|switch|p2a: Corviknight|Corviknight, M|100\/100\n|-ability|p2a: Corviknight|Pressure\n|turn|13\n|inactive|variares DD has 120 seconds left.\n|\n|t:|1699675604\n|-terastallize|p2a: Corviknight|Fighting\n|move|p1a: Groudon|Flamethrower|p2a: Corviknight\n|-damage|p2a: Corviknight|12\/100\n|move|p2a: Corviknight|Iron Defense|p2a: Corviknight\n|-boost|p2a: Corviknight|def|2\n|\n|-weather|DesolateLand|[upkeep]\n|-heal|p2a: Corviknight|18\/100|[from] item: Leftovers\n|upkeep\n|turn|14\n|-message|variares DD forfeited.\n|\n|win|Rhyfinn 03\n|raw|Rhyfinn 03's rating: 1278 &rarr; <strong>1310<\/strong><br \/>(+32 for winning)\n|raw|variares DD's rating: 1375 &rarr; <strong>1350<\/strong><br \/>(-25 for losing)\n|l|\u2606variares DD\n","uploadtime":1699675613,"views":5,"p1id":"rhyfinn03","p2id":"variaresdd","formatid":"gen9nationaldexubers","rating":1310,"private":0,"password":""}