{"id":"gen9nationaldexubers-1997338859","p1":"adlrz","p2":"galaxygatekeeper","format":"[Gen 9] National Dex Ubers","log":"|j|\u2606adlrz\n|j|\u2606galaxygatekeeper\n|t:|1700791329\n|gametype|singles\n|player|p1|adlrz|hilda|1382\n|player|p2|galaxygatekeeper|camper|1471\n|teamsize|p1|6\n|teamsize|p2|6\n|gen|9\n|tier|[Gen 9] National Dex Ubers\n|rated|\n|rule|HP Percentage Mod: HP is shown in percentages\n|rule|Endless Battle Clause: Forcing endless battles is banned\n|rule|OHKO Clause: OHKO moves are banned\n|rule|Evasion Moves Clause: Evasion moves are banned\n|rule|Evasion Items Clause: Evasion items are banned\n|rule|Species Clause: Limit one of each Pok\u00e9mon\n|rule|Sleep Clause Mod: Limit one foe put to sleep\n|rule|Mega Rayquaza Clause: You cannot mega evolve Rayquaza\n|clearpoke\n|poke|p1|Dracovish|\n|poke|p1|Metagross|\n|poke|p1|Xerneas-*|\n|poke|p1|Darkrai|\n|poke|p1|Breloom, F|\n|poke|p1|Groudon|\n|poke|p2|Blissey, F|\n|poke|p2|Chansey, F|\n|poke|p2|Dondozo, M|\n|poke|p2|Sableye, M|\n|poke|p2|Arceus|\n|poke|p2|Rayquaza|\n|teampreview\n|j| creationgod\n|inactive|Battle timer is ON: inactive players will automatically lose when time's up. (requested by galaxygatekeeper)\n|\n|t:|1700791346\n|start\n|switch|p1a: Xerneas|Xerneas|100\/100\n|switch|p2a: Sableye|Sableye, M|100\/100\n|-ability|p1a: Xerneas|Fairy Aura\n|turn|1\n|\n|t:|1700791360\n|switch|p1a: Groudon|Groudon, shiny|100\/100\n|detailschange|p1a: Groudon|Groudon-Primal, shiny\n|-primal|p1a: Groudon|Red Orb\n|-weather|DesolateLand|[from] ability: Desolate Land|[of] p1a: Groudon\n|detailschange|p2a: Sableye|Sableye-Mega, M\n|-mega|p2a: Sableye|Sableye|Sablenite\n|move|p2a: Sableye|Toxic|p1a: Groudon\n|-status|p1a: Groudon|tox\n|\n|-weather|DesolateLand|[upkeep]\n|-damage|p1a: Groudon|94\/100 tox|[from] psn\n|upkeep\n|turn|2\n|\n|t:|1700791372\n|switch|p2a: U.Mother|Rayquaza|100\/100\n|-ability|p2a: U.Mother|Air Lock\n|move|p1a: Groudon|Precipice Blades|p2a: U.Mother\n|-immune|p2a: U.Mother\n|\n|-weather|DesolateLand|[upkeep]\n|-damage|p1a: Groudon|82\/100 tox|[from] psn\n|upkeep\n|turn|3\n|c| creationgod|Precipice blade is so obvious lmao\n|\n|t:|1700791385\n|move|p2a: U.Mother|Stealth Rock|p1a: Groudon\n|-sidestart|p1: adlrz|move: Stealth Rock\n|move|p1a: Groudon|Stealth Rock|p2a: U.Mother\n|-sidestart|p2: galaxygatekeeper|move: Stealth Rock\n|\n|-weather|DesolateLand|[upkeep]\n|-damage|p1a: Groudon|63\/100 tox|[from] psn\n|upkeep\n|turn|4\n|c| creationgod|Ohhhhh my god\n|c| creationgod|He literally only brought p blades\n|c|\u2606galaxygatekeeper|Hahaha\n|c|\u2606galaxygatekeeper|\ud83d\ude02\n|inactive|galaxygatekeeper has 120 seconds left.\n|\n|t:|1700791418\n|switch|p2a: Arceus|Arceus|100\/100\n|-damage|p2a: Arceus|88\/100|[from] Stealth Rock\n|move|p1a: Groudon|Roar|p2a: Arceus\n|drag|p2a: Dondozo|Dondozo, M, shiny|100\/100\n|-damage|p2a: Dondozo|88\/100|[from] Stealth Rock\n|\n|-weather|DesolateLand|[upkeep]\n|-damage|p1a: Groudon|39\/100 tox|[from] psn\n|upkeep\n|turn|5\n|inactive|galaxygatekeeper has 120 seconds left.\n|c| creationgod|Dam wat a way to loose g don\n|c|\u2606galaxygatekeeper|Definitely sucks\n|\n|t:|1700791451\n|move|p1a: Groudon|Precipice Blades|p2a: Dondozo\n|-damage|p2a: Dondozo|54\/100\n|move|p2a: Dondozo|Rest|p2a: Dondozo\n|-status|p2a: Dondozo|slp|[from] move: Rest\n|-heal|p2a: Dondozo|100\/100 slp|[silent]\n|\n|-weather|DesolateLand|[upkeep]\n|-damage|p1a: Groudon|8\/100 tox|[from] psn\n|upkeep\n|turn|6\n|c| creationgod|Go ray q again\n|c|\u2606galaxygatekeeper|Yeah\n|\n|t:|1700791476\n|cant|p2a: Dondozo|slp\n|move|p1a: Groudon|Roar|p2a: Dondozo\n|drag|p2a: Sableye|Sableye-Mega, M|100\/100\n|-damage|p2a: Sableye|88\/100|[from] Stealth Rock\n|\n|-weather|DesolateLand|[upkeep]\n|-damage|p1a: Groudon|0 fnt|[from] psn\n|faint|p1a: Groudon\n|-weather|none\n|upkeep\n|inactive|adlrz has 120 seconds left.\n|\n|t:|1700791500\n|switch|p1a: Xerneas|Xerneas|100\/100\n|-damage|p1a: Xerneas|88\/100|[from] Stealth Rock\n|-ability|p1a: Xerneas|Fairy Aura\n|turn|7\n|c| creationgod|Bruh was not about to risk it lmfao\n|\n|t:|1700791512\n|move|p1a: Xerneas|Substitute|p1a: Xerneas\n|-start|p1a: Xerneas|Substitute\n|-damage|p1a: Xerneas|63\/100\n|move|p2a: Sableye|Toxic||[still]\n|-fail|p2a: Sableye\n|\n|upkeep\n|turn|8\n|inactive|adlrz has 120 seconds left.\n|\n|t:|1700791521\n|switch|p2a: Blissey|Blissey, F|100\/100\n|-damage|p2a: Blissey|88\/100|[from] Stealth Rock\n|move|p1a: Xerneas|Geomancy||[still]\n|-prepare|p1a: Xerneas|Geomancy\n|-enditem|p1a: Xerneas|Power Herb\n|-anim|p1a: Xerneas|Geomancy|p1a: Xerneas\n|-boost|p1a: Xerneas|spa|2\n|-boost|p1a: Xerneas|spd|2\n|-boost|p1a: Xerneas|spe|2\n|\n|upkeep\n|turn|9\n|c| creationgod|Awww that's cute\n|\n|t:|1700791527\n|move|p1a: Xerneas|Focus Blast|p2a: Blissey|[miss]\n|-miss|p1a: Xerneas|p2a: Blissey\n|move|p2a: Blissey|Light Screen|p2a: Blissey\n|-sidestart|p2: galaxygatekeeper|move: Light Screen\n|\n|upkeep\n|turn|10\n|inactive|galaxygatekeeper has 120 seconds left.\n|c| creationgod|Wtf focus miss never hits\n|c|\u2606galaxygatekeeper|Yeah he literally just lost bcuz of him own sun\n|c|\u2606galaxygatekeeper|*sub\n|inactive|galaxygatekeeper has 90 seconds left.\n|c|\u2606galaxygatekeeper|Substitute\n|\n|t:|1700791568\n|switch|p2a: Chansey|Chansey, F|100\/100\n|-damage|p2a: Chansey|88\/100|[from] Stealth Rock\n|move|p1a: Xerneas|Focus Blast|p2a: Chansey|[miss]\n|-miss|p1a: Xerneas|p2a: Chansey\n|\n|upkeep\n|turn|11\n|inactive|galaxygatekeeper has 90 seconds left.\n|c|\u2606adlrz|XD&\n|inactive|adlrz has 120 seconds left.\n|\n|t:|1700791601\n|move|p1a: Xerneas|Moonblast|p2a: Chansey\n|-damage|p2a: Chansey|67\/100\n|move|p2a: Chansey|Calm Mind|p2a: Chansey\n|-boost|p2a: Chansey|spa|1\n|-boost|p2a: Chansey|spd|1\n|\n|upkeep\n|turn|12\n|inactive|galaxygatekeeper has 90 seconds left.\n|c| creationgod|He will literally need 50 moonblast to k.o u just calced\n|c|\u2606galaxygatekeeper|Ok nice thx\n|\n|t:|1700791634\n|move|p1a: Xerneas|Focus Blast|p2a: Chansey\n|-supereffective|p2a: Chansey\n|-damage|p2a: Chansey|49\/100\n|move|p2a: Chansey|Calm Mind|p2a: Chansey\n|-boost|p2a: Chansey|spa|1\n|-boost|p2a: Chansey|spd|1\n|\n|upkeep\n|turn|13\n|inactive|adlrz has 120 seconds left.\n|c|\u2606adlrz|xd\n|c| creationgod|He can have the focus missy\n|\n|t:|1700791656\n|switch|p1a: Breloom|Breloom, F|100\/100\n|-damage|p1a: Breloom|94\/100|[from] Stealth Rock\n|move|p2a: Chansey|Soft-Boiled|p2a: Chansey\n|-heal|p2a: Chansey|99\/100\n|\n|upkeep\n|turn|14\n|c| creationgod|Be fair ya know\n|\n|t:|1700791663\n|switch|p2a: Sableye|Sableye-Mega, M|88\/100\n|-damage|p2a: Sableye|76\/100|[from] Stealth Rock\n|move|p1a: Breloom|Bullet Seed|p2a: Sableye\n|-damage|p2a: Sableye|61\/100\n|-damage|p2a: Sableye|46\/100\n|-damage|p2a: Sableye|32\/100\n|-damage|p2a: Sableye|18\/100\n|-damage|p2a: Sableye|5\/100\n|-hitcount|p2a: Sableye|5\n|\n|upkeep\n|turn|15\n|inactive|galaxygatekeeper has 90 seconds left.\n|\n|t:|1700791676\n|move|p1a: Breloom|Bullet Seed|p2a: Sableye\n|-damage|p2a: Sableye|0 fnt\n|faint|p2a: Sableye\n|-hitcount|p2: Sableye|1\n|\n|upkeep\n|inactive|galaxygatekeeper has 90 seconds left.\n|c| creationgod|This mon is a joke\n|\n|t:|1700791688\n|switch|p2a: U.Mother|Rayquaza|100\/100\n|-damage|p2a: U.Mother|76\/100|[from] Stealth Rock\n|-ability|p2a: U.Mother|Air Lock\n|turn|16\n|inactive|adlrz has 120 seconds left.\n|inactive|galaxygatekeeper has 90 seconds left.\n|c| creationgod|Just vcreat the into the big hunk of metal\n|c|\u2606galaxygatekeeper|Ohhhh yeahhhhh\n|c|\u2606galaxygatekeeper|Niccceeee\n|c|\u2606galaxygatekeeper|Now he has to eat it....\n|inactive|galaxygatekeeper has 60 seconds left.\n|c|\u2606galaxygatekeeper|Eat it....\n|c|\u2606galaxygatekeeper|\ud83d\udc44\n|inactive|adlrz has 90 seconds left.\n|c| creationgod|Haha yeah...\n|c| creationgod|Eat it .\n|\n|t:|1700791751\n|move|p1a: Breloom|Mach Punch|p2a: U.Mother\n|-resisted|p2a: U.Mother\n|-damage|p2a: U.Mother|61\/100\n|move|p2a: U.Mother|Dragon Ascent|p1a: Breloom\n|-supereffective|p1a: Breloom\n|-damage|p1a: Breloom|0 fnt\n|-unboost|p2a: U.Mother|def|1\n|-unboost|p2a: U.Mother|spd|1\n|faint|p1a: Breloom\n|\n|-sideend|p2: galaxygatekeeper|move: Light Screen\n|upkeep\n|inactive|adlrz has 90 seconds left.\n|\n|t:|1700791763\n|switch|p1a: Dracovish|Dracovish|100\/100\n|-damage|p1a: Dracovish|88\/100|[from] Stealth Rock\n|turn|17\n|c| creationgod|Wat is this guy on\n|inactive|adlrz has 90 seconds left.\n|c| creationgod|I'll have wat he's having\n|\n|t:|1700791772\n|switch|p2a: Dondozo|Dondozo, M, shiny|100\/100 slp\n|-damage|p2a: Dondozo|88\/100 slp|[from] Stealth Rock\n|move|p1a: Dracovish|Fishious Rend|p2a: Dondozo\n|-resisted|p2a: Dondozo\n|-damage|p2a: Dondozo|66\/100 slp\n|-damage|p1a: Dracovish|72\/100|[from] item: Rocky Helmet|[of] p2a: Dondozo\n|\n|upkeep\n|turn|18\n|inactive|adlrz has 90 seconds left.\n|c| creationgod|He'll k.o himself\n|\n|t:|1700791786\n|switch|p1a: Darkrai|Darkrai|100\/100\n|-damage|p1a: Darkrai|88\/100|[from] Stealth Rock\n|cant|p2a: Dondozo|slp\n|move|p2a: Dondozo|Sleep Talk|p2a: Dondozo\n|move|p2a: Dondozo|Rest||[from]move: Sleep Talk|[still]\n|-fail|p2a: Dondozo\n|\n|-damage|p2a: Dondozo|53\/100 slp|[from] ability: Bad Dreams|[of] p1a: Darkrai\n|upkeep\n|turn|19\n|\n|t:|1700791792\n|switch|p2a: Blissey|Blissey, F|88\/100\n|-damage|p2a: Blissey|76\/100|[from] Stealth Rock\n|move|p1a: Darkrai|Nasty Plot|p1a: Darkrai\n|-boost|p1a: Darkrai|spa|2\n|\n|upkeep\n|turn|20\n|\n|t:|1700791800\n|move|p1a: Darkrai|Dark Pulse|p2a: Blissey\n|-damage|p2a: Blissey|50\/100\n|move|p2a: Blissey|Light Screen|p2a: Blissey\n|-sidestart|p2: galaxygatekeeper|move: Light Screen\n|\n|upkeep\n|turn|21\n|\n|t:|1700791806\n|move|p1a: Darkrai|Dark Pulse|p2a: Blissey\n|-damage|p2a: Blissey|37\/100\n|cant|p2a: Blissey|flinch\n|\n|upkeep\n|turn|22\n|\n|t:|1700791825\n|-terastallize|p1a: Darkrai|Poison\n|move|p1a: Darkrai|Nasty Plot|p1a: Darkrai\n|-boost|p1a: Darkrai|spa|2\n|move|p2a: Blissey|Soft-Boiled|p2a: Blissey\n|-heal|p2a: Blissey|87\/100\n|\n|upkeep\n|turn|23\n|c| creationgod|Just checked he needs 25-30\n|\n|t:|1700791833\n|move|p1a: Darkrai|Sludge Bomb|p2a: Blissey\n|-damage|p2a: Blissey|65\/100\n|move|p2a: Blissey|Heal Bell|p2a: Blissey\n|-activate|p2a: Blissey|move: Heal Bell\n|-curestatus|p2: Dondozo|slp|[msg]\n|\n|upkeep\n|turn|24\n|inactive|adlrz has 120 seconds left.\n|c| creationgod|He's trying to get poison chip\n|c| creationgod|But he'll literally run himself out if he doesn't mix\n|inactive|galaxygatekeeper has 60 seconds left.\n|c|\u2606galaxygatekeeper|Okok so fkank\n|c| creationgod|Yes flank\n|c|\u2606galaxygatekeeper|Nice\n|\n|t:|1700791878\n|switch|p2a: Chansey|Chansey, F|99\/100\n|-damage|p2a: Chansey|87\/100|[from] Stealth Rock\n|move|p1a: Darkrai|Hypnosis|p2a: Chansey\n|-status|p2a: Chansey|slp|[from] move: Hypnosis\n|\n|-damage|p2a: Chansey|75\/100 slp|[from] ability: Bad Dreams|[of] p1a: Darkrai\n|upkeep\n|turn|25\n|inactive|adlrz has 120 seconds left.\n|\n|t:|1700791888\n|move|p1a: Darkrai|Sludge Bomb|p2a: Chansey\n|-damage|p2a: Chansey|55\/100 slp\n|cant|p2a: Chansey|slp\n|\n|-damage|p2a: Chansey|43\/100 slp|[from] ability: Bad Dreams|[of] p1a: Darkrai\n|upkeep\n|turn|26\n|inactive|galaxygatekeeper has 60 seconds left.\n|c| creationgod|See 37 attacks total\n|c| creationgod|36 now\n|\n|t:|1700791906\n|move|p1a: Darkrai|Sludge Bomb|p2a: Chansey\n|-damage|p2a: Chansey|21\/100 slp\n|-curestatus|p2a: Chansey|slp|[msg]\n|move|p2a: Chansey|Soft-Boiled|p2a: Chansey\n|-heal|p2a: Chansey|71\/100\n|\n|upkeep\n|turn|27\n|\n|t:|1700791914\n|move|p1a: Darkrai|Hypnosis|p2a: Chansey\n|-status|p2a: Chansey|slp|[from] move: Hypnosis\n|cant|p2a: Chansey|slp\n|\n|-sideend|p2: galaxygatekeeper|move: Light Screen\n|-damage|p2a: Chansey|59\/100 slp|[from] ability: Bad Dreams|[of] p1a: Darkrai\n|upkeep\n|turn|28\n|\n|t:|1700791921\n|move|p1a: Darkrai|Sludge Bomb|p2a: Chansey\n|-damage|p2a: Chansey|20\/100 slp\n|cant|p2a: Chansey|slp\n|\n|-damage|p2a: Chansey|7\/100 slp|[from] ability: Bad Dreams|[of] p1a: Darkrai\n|upkeep\n|turn|29\n|\n|t:|1700791928\n|move|p1a: Darkrai|Dark Pulse|p2a: Chansey\n|-damage|p2a: Chansey|0 fnt\n|faint|p2a: Chansey\n|\n|upkeep\n|c| creationgod|If he survives he's hacking\n|\n|t:|1700791939\n|switch|p2a: U.Mother|Rayquaza|61\/100\n|-damage|p2a: U.Mother|36\/100|[from] Stealth Rock\n|-ability|p2a: U.Mother|Air Lock\n|turn|30\n|\n|t:|1700791947\n|-terastallize|p2a: U.Mother|Dragon\n|move|p2a: U.Mother|Extreme Speed|p1a: Darkrai\n|-damage|p1a: Darkrai|19\/100\n|move|p1a: Darkrai|Dark Pulse|p2a: U.Mother\n|-damage|p2a: U.Mother|0 fnt\n|faint|p2a: U.Mother\n|\n|upkeep\n|-message|galaxygatekeeper forfeited.\n|\n|win|adlrz\n|raw|adlrz's rating: 1382 &rarr; <strong>1407<\/strong><br \/>(+25 for winning)\n|raw|galaxygatekeeper's rating: 1471 &rarr; <strong>1446<\/strong><br \/>(-25 for losing)\n|l|\u2606galaxygatekeeper\n|l| creationgod\n","uploadtime":1700792034,"views":8,"p1id":"adlrz","p2id":"galaxygatekeeper","formatid":"gen9nationaldexubers","rating":1407,"private":0,"password":""}