{"id":"gen9nationaldexubers-1980558746","p1":"XX_1nfinity_XX","p2":"ANinjaDude","format":"[Gen 9] National Dex Ubers","log":"|j|\u2606XX_1nfinity_XX\n|j|\u2606ANinjaDude\n|t:|1698797232\n|gametype|singles\n|player|p1|XX_1nfinity_XX|lucas|\n|player|p2|ANinjaDude|volkner|\n|teamsize|p1|6\n|teamsize|p2|6\n|gen|9\n|tier|[Gen 9] National Dex Ubers\n|rule|HP Percentage Mod: HP is shown in percentages\n|rule|Endless Battle Clause: Forcing endless battles is banned\n|rule|OHKO Clause: OHKO moves are banned\n|rule|Evasion Moves Clause: Evasion moves are banned\n|rule|Evasion Items Clause: Evasion items are banned\n|rule|Species Clause: Limit one of each Pok\u00e9mon\n|rule|Sleep Clause Mod: Limit one foe put to sleep\n|rule|Mega Rayquaza Clause: You cannot mega evolve Rayquaza\n|clearpoke\n|poke|p1|Medicham, F|\n|poke|p1|Ogerpon-Wellspring, F|\n|poke|p1|Alomomola, F|\n|poke|p1|Chansey, F|\n|poke|p1|Blacephalon|\n|poke|p1|Cinderace, M|\n|poke|p2|Landorus-Therian, M|\n|poke|p2|Celesteela|\n|poke|p2|Thundurus-Therian, M|\n|poke|p2|Dragonite, M|\n|poke|p2|Rayquaza|\n|poke|p2|Scizor, M|\n|teampreview\n|inactive|Battle timer is ON: inactive players will automatically lose when time's up. (requested by XX_1nfinity_XX)\n|inactive|ANinjaDude also wants the timer to be on.\n|c|\u2606ANinjaDude|glhf\n|c|\u2606XX_1nfinity_XX|glhf\n|\n|t:|1698797240\n|start\n|switch|p1a: GOAT|Medicham, F|100\/100\n|switch|p2a: Landorus|Landorus-Therian, M|100\/100\n|-ability|p2a: Landorus|Intimidate|boost\n|-unboost|p1a: GOAT|atk|1\n|turn|1\n|\n|t:|1698797244\n|switch|p2a: Celesteela|Celesteela|100\/100\n|detailschange|p1a: GOAT|Medicham-Mega, F\n|-mega|p1a: GOAT|Medicham|Medichamite\n|move|p1a: GOAT|Fake Out|p2a: Celesteela\n|-resisted|p2a: Celesteela\n|-damage|p2a: Celesteela|92\/100\n|\n|upkeep\n|turn|2\n|\n|t:|1698797251\n|switch|p1a: Ace from OP|Cinderace, M|100\/100\n|move|p2a: Celesteela|Air Slash|p1a: Ace from OP\n|-damage|p1a: Ace from OP|52\/100\n|\n|upkeep\n|turn|3\n|\n|t:|1698797261\n|move|p1a: Ace from OP|Pyro Ball|p2a: Celesteela\n|-supereffective|p2a: Celesteela\n|-damage|p2a: Celesteela|0 fnt\n|faint|p2a: Celesteela\n|\n|upkeep\n|\n|t:|1698797266\n|switch|p2a: Landorus|Landorus-Therian, M|100\/100\n|-ability|p2a: Landorus|Intimidate|boost\n|-unboost|p1a: Ace from OP|atk|1\n|turn|4\n|\n|t:|1698797268\n|switch|p1a: Big Fesh|Alomomola, F|100\/100\n|move|p2a: Landorus|Stealth Rock|p1a: Big Fesh\n|-sidestart|p1: XX_1nfinity_XX|move: Stealth Rock\n|\n|upkeep\n|turn|5\n|\n|t:|1698797271\n|move|p2a: Landorus|Explosion|p1a: Big Fesh\n|-damage|p1a: Big Fesh|48\/100\n|faint|p2a: Landorus\n|move|p1a: Big Fesh|Flip Turn|p2: Landorus|[notarget]\n|-fail|p1a: Big Fesh\n|\n|-heal|p1a: Big Fesh|54\/100|[from] item: Leftovers\n|upkeep\n|c|\u2606XX_1nfinity_XX|rude\n|\n|t:|1698797277\n|switch|p2a: Rayquaza|Rayquaza|100\/100\n|-ability|p2a: Rayquaza|Air Lock\n|turn|6\n|c|\u2606ANinjaDude|lol\n|c|\u2606ANinjaDude|get boomed on\n|\n|t:|1698797287\n|move|p2a: Rayquaza|Swords Dance|p2a: Rayquaza\n|-boost|p2a: Rayquaza|atk|2\n|move|p1a: Big Fesh|Flip Turn|p2a: Rayquaza\n|-resisted|p2a: Rayquaza\n|-damage|p2a: Rayquaza|92\/100\n|\n|t:|1698797298\n|switch|p1a: GOAT|Medicham-Mega, F|100\/100|[from] Flip Turn\n|-damage|p1a: GOAT|94\/100|[from] Stealth Rock\n|\n|upkeep\n|turn|7\n|\n|t:|1698797303\n|move|p1a: GOAT|Fake Out|p2a: Rayquaza\n|-damage|p2a: Rayquaza|67\/100\n|cant|p2a: Rayquaza|flinch\n|\n|upkeep\n|turn|8\n|\n|t:|1698797308\n|-terastallize|p2a: Rayquaza|Electric\n|move|p1a: GOAT|Ice Punch|p2a: Rayquaza\n|-damage|p2a: Rayquaza|19\/100\n|move|p2a: Rayquaza|Scale Shot|p1a: GOAT\n|-damage|p1a: GOAT|54\/100\n|-damage|p1a: GOAT|12\/100\n|-damage|p1a: GOAT|0 fnt\n|faint|p1a: GOAT\n|-hitcount|p1: GOAT|3\n|-unboost|p2a: Rayquaza|def|1\n|-boost|p2a: Rayquaza|spe|1\n|\n|upkeep\n|c|\u2606XX_1nfinity_XX|nooooo\n|c|\u2606ANinjaDude|AH HAH HAH HAH HAH\n|c|\u2606XX_1nfinity_XX|holdon\n|\n|t:|1698797326\n|switch|p1a: Party|Blacephalon|100\/100\n|-damage|p1a: Party|76\/100|[from] Stealth Rock\n|turn|9\n|c|\u2606XX_1nfinity_XX|ahahahah\n|\n|t:|1698797338\n|switch|p2a: Dragonite|Dragonite, M|100\/100\n|move|p1a: Party|Shadow Ball|p2a: Dragonite\n|-damage|p2a: Dragonite|75\/100\n|\n|upkeep\n|turn|10\n|c|\u2606XX_1nfinity_XX|its barty time\n|c|\u2606ANinjaDude|is it?\n|c|\u2606XX_1nfinity_XX|ohh wait\n|\n|t:|1698797349\n|switch|p1a: Big Fesh|Alomomola, F|87\/100\n|-damage|p1a: Big Fesh|75\/100|[from] Stealth Rock\n|move|p2a: Dragonite|Earthquake|p1a: Big Fesh\n|-damage|p1a: Big Fesh|57\/100\n|\n|-heal|p1a: Big Fesh|63\/100|[from] item: Leftovers\n|upkeep\n|turn|11\n|\n|t:|1698797353\n|move|p2a: Dragonite|Dragon Dance|p2a: Dragonite\n|-boost|p2a: Dragonite|atk|1\n|-boost|p2a: Dragonite|spe|1\n|move|p1a: Big Fesh|Flip Turn|p2a: Dragonite\n|-resisted|p2a: Dragonite\n|-damage|p2a: Dragonite|67\/100\n|\n|t:|1698797356\n|switch|p1a: Party|Blacephalon|76\/100|[from] Flip Turn\n|-damage|p1a: Party|51\/100|[from] Stealth Rock\n|\n|upkeep\n|turn|12\n|c|\u2606XX_1nfinity_XX|yes\n|\n|t:|1698797362\n|switch|p2a: Scizor|Scizor, M|100\/100\n|move|p1a: Party|Hidden Power|p2a: Scizor\n|-resisted|p2a: Scizor\n|-damage|p2a: Scizor|83\/100\n|\n|upkeep\n|turn|13\n|c|\u2606XX_1nfinity_XX|rude\n|c|\u2606ANinjaDude|lol\n|\n|t:|1698797371\n|switch|p1a: Zoa's Daughter|Ogerpon-Wellspring, F|100\/100\n|-damage|p1a: Zoa's Daughter|88\/100|[from] Stealth Rock\n|detailschange|p2a: Scizor|Scizor-Mega, M\n|-mega|p2a: Scizor|Scizor|Scizorite\n|move|p2a: Scizor|Swords Dance|p2a: Scizor\n|-boost|p2a: Scizor|atk|2\n|\n|upkeep\n|turn|14\n|\n|t:|1698797381\n|-terastallize|p1a: Zoa's Daughter|Water\n|detailschange|p1a: Zoa's Daughter|Ogerpon-Wellspring-Tera, F, tera:Water\n|-ability|p1a: Zoa's Daughter|Embody Aspect (Wellspring)|boost\n|-boost|p1a: Zoa's Daughter|spd|1\n|move|p2a: Scizor|Bullet Punch|p1a: Zoa's Daughter\n|-resisted|p1a: Zoa's Daughter\n|-damage|p1a: Zoa's Daughter|41\/100\n|move|p1a: Zoa's Daughter|Ivy Cudgel|p2a: Scizor\n|-damage|p2a: Scizor|15\/100\n|\n|upkeep\n|turn|15\n|c|\u2606ANinjaDude|get scammed\n|c|\u2606XX_1nfinity_XX|wtf\n|\n|t:|1698797392\n|switch|p1a: Big Fesh|Alomomola, F|96\/100\n|-damage|p1a: Big Fesh|84\/100|[from] Stealth Rock\n|move|p2a: Scizor|Bullet Punch|p1a: Big Fesh\n|-resisted|p1a: Big Fesh\n|-damage|p1a: Big Fesh|64\/100\n|\n|-heal|p1a: Big Fesh|70\/100|[from] item: Leftovers\n|upkeep\n|turn|16\n|\n|t:|1698797397\n|move|p2a: Scizor|U-turn|p1a: Big Fesh\n|-damage|p1a: Big Fesh|24\/100\n|\n|t:|1698797401\n|switch|p2a: Dragonite|Dragonite, M|67\/100|[from] U-turn\n|move|p1a: Big Fesh|Flip Turn|p2a: Dragonite\n|-resisted|p2a: Dragonite\n|-damage|p2a: Dragonite|59\/100\n|\n|t:|1698797410\n|switch|p1a: Party|Blacephalon|51\/100|[from] Flip Turn\n|-damage|p1a: Party|26\/100|[from] Stealth Rock\n|\n|upkeep\n|turn|17\n|c|\u2606XX_1nfinity_XX|part time fr\n|\n|t:|1698797416\n|move|p1a: Party|Shadow Ball|p2a: Dragonite\n|-damage|p2a: Dragonite|9\/100\n|move|p2a: Dragonite|Earthquake|p1a: Party\n|-supereffective|p1a: Party\n|-damage|p1a: Party|0 fnt\n|faint|p1a: Party\n|\n|upkeep\n|c|\u2606ANinjaDude|lol\n|c|\u2606XX_1nfinity_XX|nooo\n|\n|t:|1698797422\n|switch|p1a: Big Fesh|Alomomola, F|57\/100\n|-damage|p1a: Big Fesh|45\/100|[from] Stealth Rock\n|turn|18\n|c|\u2606ANinjaDude|i was sacking dnite\n|\n|t:|1698797427\n|move|p2a: Dragonite|Roost|p2a: Dragonite\n|-heal|p2a: Dragonite|59\/100\n|-singleturn|p2a: Dragonite|move: Roost\n|move|p1a: Big Fesh|Flip Turn|p2a: Dragonite\n|-resisted|p2a: Dragonite\n|-damage|p2a: Dragonite|50\/100\n|\n|t:|1698797433\n|switch|p1a: Ace from OP|Cinderace, M|52\/100|[from] Flip Turn\n|\n|upkeep\n|turn|19\n|\n|t:|1698797437\n|move|p1a: Ace from OP|Court Change|p1a: Ace from OP\n|-start|p1a: Ace from OP|typechange|Normal|[from] ability: Libero\n|-swapsideconditions\n|-activate|p1a: Ace from OP|move: Court Change\n|move|p2a: Dragonite|Dragon Dance|p2a: Dragonite\n|-boost|p2a: Dragonite|atk|1\n|-boost|p2a: Dragonite|spe|1\n|\n|upkeep\n|turn|20\n|\n|t:|1698797440\n|move|p2a: Dragonite|Extreme Speed|p1a: Ace from OP\n|-damage|p1a: Ace from OP|0 fnt\n|faint|p1a: Ace from OP\n|\n|upkeep\n|\n|t:|1698797443\n|switch|p1a: Big Fesh|Alomomola, F|78\/100\n|turn|21\n|\n|t:|1698797445\n|move|p2a: Dragonite|Roost|p2a: Dragonite\n|-heal|p2a: Dragonite|99\/100\n|-singleturn|p2a: Dragonite|move: Roost\n|move|p1a: Big Fesh|Scald|p2a: Dragonite\n|-resisted|p2a: Dragonite\n|-damage|p2a: Dragonite|93\/100\n|\n|-heal|p1a: Big Fesh|84\/100|[from] item: Leftovers\n|upkeep\n|turn|22\n|\n|t:|1698797448\n|move|p2a: Dragonite|Dragon Dance|p2a: Dragonite\n|-boost|p2a: Dragonite|atk|1\n|-boost|p2a: Dragonite|spe|1\n|move|p1a: Big Fesh|Scald|p2a: Dragonite\n|-resisted|p2a: Dragonite\n|-damage|p2a: Dragonite|87\/100\n|-status|p2a: Dragonite|brn\n|\n|-heal|p1a: Big Fesh|90\/100|[from] item: Leftovers\n|-damage|p2a: Dragonite|80\/100 brn|[from] brn\n|upkeep\n|turn|23\n|c|\u2606XX_1nfinity_XX|brun\n|\n|t:|1698797452\n|move|p2a: Dragonite|Earthquake|p1a: Big Fesh\n|-damage|p1a: Big Fesh|72\/100\n|move|p1a: Big Fesh|Wish|p1a: Big Fesh\n|\n|-heal|p1a: Big Fesh|78\/100|[from] item: Leftovers\n|-damage|p2a: Dragonite|74\/100 brn|[from] brn\n|upkeep\n|turn|24\n|c|\u2606ANinjaDude|rip\n|\n|t:|1698797456\n|move|p2a: Dragonite|Dragon Dance|p2a: Dragonite\n|-boost|p2a: Dragonite|atk|1\n|-boost|p2a: Dragonite|spe|1\n|move|p1a: Big Fesh|Scald|p2a: Dragonite\n|-resisted|p2a: Dragonite\n|-damage|p2a: Dragonite|67\/100 brn\n|\n|-heal|p1a: Big Fesh|100\/100|[from] move: Wish|[wisher] Big Fesh\n|-damage|p2a: Dragonite|61\/100 brn|[from] brn\n|upkeep\n|turn|25\n|\n|t:|1698797462\n|move|p2a: Dragonite|Roost|p2a: Dragonite\n|-heal|p2a: Dragonite|100\/100 brn\n|-singleturn|p2a: Dragonite|move: Roost\n|move|p1a: Big Fesh|Scald|p2a: Dragonite\n|-resisted|p2a: Dragonite\n|-damage|p2a: Dragonite|97\/100 brn\n|\n|-damage|p2a: Dragonite|91\/100 brn|[from] brn\n|upkeep\n|turn|26\n|c|\u2606ANinjaDude|chubby dragon sweeps trust\n|c|\u2606XX_1nfinity_XX|nuh uh\n|c|\u2606XX_1nfinity_XX|big feesh saves\n|\n|t:|1698797486\n|move|p2a: Dragonite|Earthquake|p1a: Big Fesh\n|-damage|p1a: Big Fesh|75\/100\n|move|p1a: Big Fesh|Scald|p2a: Dragonite\n|-resisted|p2a: Dragonite\n|-damage|p2a: Dragonite|84\/100 brn\n|\n|-heal|p1a: Big Fesh|81\/100|[from] item: Leftovers\n|-damage|p2a: Dragonite|78\/100 brn|[from] brn\n|upkeep\n|turn|27\n|c|\u2606XX_1nfinity_XX|i qish i had the other big fish\n|\n|t:|1698797496\n|move|p2a: Dragonite|Dragon Dance|p2a: Dragonite\n|-boost|p2a: Dragonite|atk|1\n|-boost|p2a: Dragonite|spe|1\n|move|p1a: Big Fesh|Scald|p2a: Dragonite\n|-resisted|p2a: Dragonite\n|-damage|p2a: Dragonite|70\/100 brn\n|\n|-heal|p1a: Big Fesh|87\/100|[from] item: Leftovers\n|-damage|p2a: Dragonite|64\/100 brn|[from] brn\n|upkeep\n|turn|28\n|c|\u2606ANinjaDude|lol\n|\n|t:|1698797500\n|move|p2a: Dragonite|Dragon Dance|p2a: Dragonite\n|-boost|p2a: Dragonite|atk|1\n|-boost|p2a: Dragonite|spe|1\n|move|p1a: Big Fesh|Scald|p2a: Dragonite\n|-resisted|p2a: Dragonite\n|-damage|p2a: Dragonite|57\/100 brn\n|\n|-heal|p1a: Big Fesh|94\/100|[from] item: Leftovers\n|-damage|p2a: Dragonite|50\/100 brn|[from] brn\n|upkeep\n|turn|29\n|c|\u2606XX_1nfinity_XX|i need dozo\n|\n|t:|1698797509\n|move|p2a: Dragonite|Dragon Dance|p2a: Dragonite\n|-boost|p2a: Dragonite|atk|1\n|-boost|p2a: Dragonite|spe|1\n|move|p1a: Big Fesh|Scald|p2a: Dragonite\n|-resisted|p2a: Dragonite\n|-crit|p2a: Dragonite\n|-damage|p2a: Dragonite|40\/100 brn\n|\n|-heal|p1a: Big Fesh|99\/100|[from] item: Leftovers\n|-damage|p2a: Dragonite|34\/100 brn|[from] brn\n|upkeep\n|turn|30\n|\n|t:|1698797512\n|move|p2a: Dragonite|Earthquake|p1a: Big Fesh\n|-damage|p1a: Big Fesh|62\/100\n|move|p1a: Big Fesh|Wish|p1a: Big Fesh\n|\n|-heal|p1a: Big Fesh|68\/100|[from] item: Leftovers\n|-damage|p2a: Dragonite|28\/100 brn|[from] brn\n|upkeep\n|turn|31\n|c|\u2606ANinjaDude|get set up nerd\n|c|\u2606ANinjaDude|on*\n|c|\u2606XX_1nfinity_XX|lol thats too less\n|\n|t:|1698797521\n|move|p2a: Dragonite|Roost|p2a: Dragonite\n|-heal|p2a: Dragonite|78\/100 brn\n|-singleturn|p2a: Dragonite|move: Roost\n|move|p1a: Big Fesh|Scald|p2a: Dragonite\n|-resisted|p2a: Dragonite\n|-damage|p2a: Dragonite|71\/100 brn\n|\n|-heal|p1a: Big Fesh|100\/100|[from] move: Wish|[wisher] Big Fesh\n|-damage|p2a: Dragonite|65\/100 brn|[from] brn\n|upkeep\n|turn|32\n|c|\u2606XX_1nfinity_XX|the damage is underwhelming\n|\n|t:|1698797532\n|move|p2a: Dragonite|Earthquake|p1a: Big Fesh\n|-damage|p1a: Big Fesh|60\/100\n|move|p1a: Big Fesh|Scald|p2a: Dragonite\n|-resisted|p2a: Dragonite\n|-damage|p2a: Dragonite|57\/100 brn\n|\n|-heal|p1a: Big Fesh|66\/100|[from] item: Leftovers\n|-damage|p2a: Dragonite|51\/100 brn|[from] brn\n|upkeep\n|turn|33\n|\n|t:|1698797536\n|move|p2a: Dragonite|Earthquake|p1a: Big Fesh\n|-damage|p1a: Big Fesh|31\/100\n|move|p1a: Big Fesh|Wish|p1a: Big Fesh\n|\n|-heal|p1a: Big Fesh|38\/100|[from] item: Leftovers\n|-damage|p2a: Dragonite|45\/100 brn|[from] brn\n|upkeep\n|turn|34\n|\n|t:|1698797539\n|move|p1a: Big Fesh|Protect|p1a: Big Fesh\n|-singleturn|p1a: Big Fesh|Protect\n|move|p2a: Dragonite|Earthquake|p1a: Big Fesh\n|-activate|p1a: Big Fesh|move: Protect\n|\n|-heal|p1a: Big Fesh|88\/100|[from] move: Wish|[wisher] Big Fesh\n|-heal|p1a: Big Fesh|94\/100|[from] item: Leftovers\n|-damage|p2a: Dragonite|39\/100 brn|[from] brn\n|upkeep\n|turn|35\n|\n|t:|1698797542\n|move|p2a: Dragonite|Roost|p2a: Dragonite\n|-heal|p2a: Dragonite|89\/100 brn\n|-singleturn|p2a: Dragonite|move: Roost\n|move|p1a: Big Fesh|Scald|p2a: Dragonite\n|-resisted|p2a: Dragonite\n|-crit|p2a: Dragonite\n|-damage|p2a: Dragonite|78\/100 brn\n|\n|-heal|p1a: Big Fesh|99\/100|[from] item: Leftovers\n|-damage|p2a: Dragonite|72\/100 brn|[from] brn\n|upkeep\n|turn|36\n|\n|t:|1698797545\n|move|p2a: Dragonite|Earthquake|p1a: Big Fesh\n|-damage|p1a: Big Fesh|62\/100\n|move|p1a: Big Fesh|Scald|p2a: Dragonite\n|-resisted|p2a: Dragonite\n|-damage|p2a: Dragonite|65\/100 brn\n|\n|-heal|p1a: Big Fesh|68\/100|[from] item: Leftovers\n|-damage|p2a: Dragonite|59\/100 brn|[from] brn\n|upkeep\n|turn|37\n|\n|t:|1698797552\n|move|p2a: Dragonite|Earthquake|p1a: Big Fesh\n|-damage|p1a: Big Fesh|28\/100\n|move|p1a: Big Fesh|Wish|p1a: Big Fesh\n|\n|-heal|p1a: Big Fesh|34\/100|[from] item: Leftovers\n|-damage|p2a: Dragonite|53\/100 brn|[from] brn\n|upkeep\n|turn|38\n|\n|t:|1698797558\n|move|p1a: Big Fesh|Protect|p1a: Big Fesh\n|-singleturn|p1a: Big Fesh|Protect\n|move|p2a: Dragonite|Earthquake|p1a: Big Fesh\n|-activate|p1a: Big Fesh|move: Protect\n|\n|-heal|p1a: Big Fesh|84\/100|[from] move: Wish|[wisher] Big Fesh\n|-heal|p1a: Big Fesh|90\/100|[from] item: Leftovers\n|-damage|p2a: Dragonite|47\/100 brn|[from] brn\n|upkeep\n|turn|39\n|\n|t:|1698797562\n|move|p2a: Dragonite|Roost|p2a: Dragonite\n|-heal|p2a: Dragonite|97\/100 brn\n|-singleturn|p2a: Dragonite|move: Roost\n|move|p1a: Big Fesh|Scald|p2a: Dragonite\n|-resisted|p2a: Dragonite\n|-damage|p2a: Dragonite|90\/100 brn\n|\n|-heal|p1a: Big Fesh|96\/100|[from] item: Leftovers\n|-damage|p2a: Dragonite|84\/100 brn|[from] brn\n|upkeep\n|turn|40\n|\n|t:|1698797565\n|move|p2a: Dragonite|Extreme Speed|p1a: Big Fesh\n|-damage|p1a: Big Fesh|66\/100\n|move|p1a: Big Fesh|Scald|p2a: Dragonite\n|-resisted|p2a: Dragonite\n|-damage|p2a: Dragonite|76\/100 brn\n|\n|-heal|p1a: Big Fesh|72\/100|[from] item: Leftovers\n|-damage|p2a: Dragonite|70\/100 brn|[from] brn\n|upkeep\n|turn|41\n|\n|t:|1698797573\n|move|p1a: Big Fesh|Protect|p1a: Big Fesh\n|-singleturn|p1a: Big Fesh|Protect\n|move|p2a: Dragonite|Dragon Dance|p2a: Dragonite\n|-boost|p2a: Dragonite|atk|0\n|-boost|p2a: Dragonite|spe|0\n|\n|-heal|p1a: Big Fesh|79\/100|[from] item: Leftovers\n|-damage|p2a: Dragonite|64\/100 brn|[from] brn\n|upkeep\n|turn|42\n|c|\u2606XX_1nfinity_XX|big wish carry\n|\n|t:|1698797580\n|move|p2a: Dragonite|Earthquake|p1a: Big Fesh\n|-damage|p1a: Big Fesh|44\/100\n|move|p1a: Big Fesh|Wish|p1a: Big Fesh\n|\n|-heal|p1a: Big Fesh|50\/100|[from] item: Leftovers\n|-damage|p2a: Dragonite|58\/100 brn|[from] brn\n|upkeep\n|turn|43\n|c|\u2606ANinjaDude|only 12 pp left\n|c|\u2606ANinjaDude|i can pp stall that\n|c|\u2606XX_1nfinity_XX|hahaha\n|\n|t:|1698797595\n|move|p2a: Dragonite|Dragon Dance|p2a: Dragonite\n|-boost|p2a: Dragonite|atk|0\n|-boost|p2a: Dragonite|spe|0\n|move|p1a: Big Fesh|Scald|p2a: Dragonite\n|-resisted|p2a: Dragonite\n|-damage|p2a: Dragonite|50\/100 brn\n|\n|-heal|p1a: Big Fesh|99\/100|[from] move: Wish|[wisher] Big Fesh\n|-heal|p1a: Big Fesh|100\/100|[from] item: Leftovers\n|-damage|p2a: Dragonite|44\/100 brn|[from] brn\n|upkeep\n|turn|44\n|\n|t:|1698797600\n|move|p2a: Dragonite|Roost|p2a: Dragonite\n|-heal|p2a: Dragonite|94\/100 brn\n|-singleturn|p2a: Dragonite|move: Roost\n|move|p1a: Big Fesh|Scald|p2a: Dragonite\n|-resisted|p2a: Dragonite\n|-crit|p2a: Dragonite\n|-damage|p2a: Dragonite|84\/100 brn\n|\n|-damage|p2a: Dragonite|78\/100 brn|[from] brn\n|upkeep\n|turn|45\n|\n|t:|1698797605\n|move|p2a: Dragonite|Earthquake|p1a: Big Fesh\n|-damage|p1a: Big Fesh|65\/100\n|move|p1a: Big Fesh|Scald|p2a: Dragonite\n|-resisted|p2a: Dragonite\n|-damage|p2a: Dragonite|70\/100 brn\n|\n|-heal|p1a: Big Fesh|71\/100|[from] item: Leftovers\n|-damage|p2a: Dragonite|64\/100 brn|[from] brn\n|upkeep\n|turn|46\n|\n|t:|1698797609\n|move|p1a: Big Fesh|Protect|p1a: Big Fesh\n|-singleturn|p1a: Big Fesh|Protect\n|move|p2a: Dragonite|Extreme Speed|p1a: Big Fesh\n|-activate|p1a: Big Fesh|move: Protect\n|\n|-heal|p1a: Big Fesh|77\/100|[from] item: Leftovers\n|-damage|p2a: Dragonite|58\/100 brn|[from] brn\n|upkeep\n|turn|47\n|\n|t:|1698797628\n|move|p2a: Dragonite|Earthquake|p1a: Big Fesh\n|-damage|p1a: Big Fesh|42\/100\n|move|p1a: Big Fesh|Wish|p1a: Big Fesh\n|\n|-heal|p1a: Big Fesh|48\/100|[from] item: Leftovers\n|-damage|p2a: Dragonite|52\/100 brn|[from] brn\n|upkeep\n|turn|48\n|\n|t:|1698797633\n|move|p1a: Big Fesh|Protect|p1a: Big Fesh\n|-singleturn|p1a: Big Fesh|Protect\n|move|p2a: Dragonite|Dragon Dance|p2a: Dragonite\n|-boost|p2a: Dragonite|atk|0\n|-boost|p2a: Dragonite|spe|0\n|\n|-heal|p1a: Big Fesh|98\/100|[from] move: Wish|[wisher] Big Fesh\n|-heal|p1a: Big Fesh|100\/100|[from] item: Leftovers\n|-damage|p2a: Dragonite|46\/100 brn|[from] brn\n|upkeep\n|turn|49\n|\n|t:|1698797636\n|move|p2a: Dragonite|Earthquake|p1a: Big Fesh\n|-damage|p1a: Big Fesh|63\/100\n|move|p1a: Big Fesh|Scald|p2a: Dragonite\n|-resisted|p2a: Dragonite\n|-damage|p2a: Dragonite|38\/100 brn\n|\n|-heal|p1a: Big Fesh|69\/100|[from] item: Leftovers\n|-damage|p2a: Dragonite|32\/100 brn|[from] brn\n|upkeep\n|turn|50\n|\n|t:|1698797645\n|move|p2a: Dragonite|Roost|p2a: Dragonite\n|-heal|p2a: Dragonite|82\/100 brn\n|-singleturn|p2a: Dragonite|move: Roost\n|move|p1a: Big Fesh|Scald|p2a: Dragonite\n|-resisted|p2a: Dragonite\n|-damage|p2a: Dragonite|75\/100 brn\n|\n|-heal|p1a: Big Fesh|75\/100|[from] item: Leftovers\n|-damage|p2a: Dragonite|69\/100 brn|[from] brn\n|upkeep\n|turn|51\n|\n|t:|1698797648\n|move|p1a: Big Fesh|Protect|p1a: Big Fesh\n|-singleturn|p1a: Big Fesh|Protect\n|move|p2a: Dragonite|Dragon Dance|p2a: Dragonite\n|-boost|p2a: Dragonite|atk|0\n|-boost|p2a: Dragonite|spe|0\n|\n|-heal|p1a: Big Fesh|81\/100|[from] item: Leftovers\n|-damage|p2a: Dragonite|62\/100 brn|[from] brn\n|upkeep\n|turn|52\n|\n|t:|1698797657\n|move|p2a: Dragonite|Dragon Dance|p2a: Dragonite\n|-boost|p2a: Dragonite|atk|0\n|-boost|p2a: Dragonite|spe|0\n|move|p1a: Big Fesh|Wish|p1a: Big Fesh\n|\n|-heal|p1a: Big Fesh|87\/100|[from] item: Leftovers\n|-damage|p2a: Dragonite|56\/100 brn|[from] brn\n|upkeep\n|turn|53\n|\n|t:|1698797659\n|move|p2a: Dragonite|Dragon Dance|p2a: Dragonite\n|-boost|p2a: Dragonite|atk|0\n|-boost|p2a: Dragonite|spe|0\n|move|p1a: Big Fesh|Scald|p2a: Dragonite\n|-resisted|p2a: Dragonite\n|-damage|p2a: Dragonite|50\/100 brn\n|\n|-heal|p1a: Big Fesh|100\/100|[from] move: Wish|[wisher] Big Fesh\n|-damage|p2a: Dragonite|44\/100 brn|[from] brn\n|upkeep\n|turn|54\n|\n|t:|1698797662\n|move|p2a: Dragonite|Dragon Dance|p2a: Dragonite\n|-boost|p2a: Dragonite|atk|0\n|-boost|p2a: Dragonite|spe|0\n|move|p1a: Big Fesh|Scald|p2a: Dragonite\n|-resisted|p2a: Dragonite\n|-damage|p2a: Dragonite|37\/100 brn\n|\n|-damage|p2a: Dragonite|31\/100 brn|[from] brn\n|upkeep\n|turn|55\n|\n|t:|1698797666\n|move|p1a: Big Fesh|Protect|p1a: Big Fesh\n|-singleturn|p1a: Big Fesh|Protect\n|move|p2a: Dragonite|Earthquake|p1a: Big Fesh\n|-activate|p1a: Big Fesh|move: Protect\n|\n|-damage|p2a: Dragonite|25\/100 brn|[from] brn\n|upkeep\n|turn|56\n|\n|t:|1698797668\n|move|p2a: Dragonite|Extreme Speed|p1a: Big Fesh\n|-damage|p1a: Big Fesh|70\/100\n|move|p1a: Big Fesh|Scald|p2a: Dragonite\n|-resisted|p2a: Dragonite\n|-damage|p2a: Dragonite|18\/100 brn\n|\n|-heal|p1a: Big Fesh|76\/100|[from] item: Leftovers\n|-damage|p2a: Dragonite|12\/100 brn|[from] brn\n|upkeep\n|turn|57\n|\n|t:|1698797673\n|move|p1a: Big Fesh|Protect|p1a: Big Fesh\n|-singleturn|p1a: Big Fesh|Protect\n|move|p2a: Dragonite|Extreme Speed|p1a: Big Fesh\n|-activate|p1a: Big Fesh|move: Protect\n|\n|-heal|p1a: Big Fesh|82\/100|[from] item: Leftovers\n|-damage|p2a: Dragonite|6\/100 brn|[from] brn\n|upkeep\n|turn|58\n|c|\u2606XX_1nfinity_XX|dnite is too weak\n|\n|t:|1698797685\n|move|p2a: Dragonite|Extreme Speed|p1a: Big Fesh\n|-damage|p1a: Big Fesh|49\/100\n|move|p1a: Big Fesh|Flip Turn|p2a: Dragonite\n|-resisted|p2a: Dragonite\n|-damage|p2a: Dragonite|0 fnt\n|faint|p2a: Dragonite\n|\n|t:|1698797688\n|switch|p1a: Zoa's Daughter|Ogerpon-Wellspring-Tera, F, tera:Water|41\/100|[from] Flip Turn\n|-ability|p1a: Zoa's Daughter|Embody Aspect (Wellspring)|boost\n|-boost|p1a: Zoa's Daughter|spd|1\n|\n|upkeep\n|\n|t:|1698797692\n|switch|p2a: Thundurus|Thundurus-Therian, M|100\/100\n|turn|59\n|\n|t:|1698797697\n|move|p1a: Zoa's Daughter|Ivy Cudgel|p2a: Thundurus\n|-damage|p2a: Thundurus|0 fnt\n|faint|p2a: Thundurus\n|\n|upkeep\n|\n|t:|1698797700\n|switch|p2a: Scizor|Scizor-Mega, M|15\/100\n|-damage|p2a: Scizor|3\/100|[from] Stealth Rock\n|turn|60\n|\n|t:|1698797706\n|move|p2a: Scizor|Bullet Punch|p1a: Zoa's Daughter\n|-resisted|p1a: Zoa's Daughter\n|-damage|p1a: Zoa's Daughter|20\/100\n|move|p1a: Zoa's Daughter|Ivy Cudgel|p2a: Scizor\n|-damage|p2a: Scizor|0 fnt\n|faint|p2a: Scizor\n|\n|upkeep\n|\n|t:|1698797709\n|switch|p2a: Rayquaza|Rayquaza, tera:Electric|19\/100\n|-damage|p2a: Rayquaza|7\/100|[from] Stealth Rock\n|-ability|p2a: Rayquaza|Air Lock\n|turn|61\n|c|\u2606XX_1nfinity_XX|ggs\n|c|\u2606ANinjaDude|ggs\n|\n|t:|1698797715\n|move|p1a: Zoa's Daughter|Horn Leech|p2a: Rayquaza\n|-damage|p2a: Rayquaza|0 fnt\n|-heal|p1a: Zoa's Daughter|24\/100|[from] drain|[of] p2a: Rayquaza\n|faint|p2a: Rayquaza\n|\n|win|XX_1nfinity_XX\n|c|\u2606XX_1nfinity_XX|big feesh carry\n","uploadtime":1698797721,"views":6,"p1id":"xx1nfinityxx","p2id":"aninjadude","formatid":"gen9nationaldexubers","rating":0,"private":0,"password":""}