{"id":"gen9nationaldexubers-1992553601","p1":"AppleBoi29310","p2":"reshiram-arceus","format":"[Gen 9] National Dex Ubers","log":"|j|\u2606AppleBoi29310\n|j|\u2606reshiram-arceus\n|t:|1700204634\n|gametype|singles\n|player|p1|AppleBoi29310|gambler|1057\n|player|p2|reshiram-arceus|170|1126\n|teamsize|p1|6\n|teamsize|p2|6\n|gen|9\n|tier|[Gen 9] National Dex Ubers\n|rated|\n|rule|HP Percentage Mod: HP is shown in percentages\n|rule|Endless Battle Clause: Forcing endless battles is banned\n|rule|OHKO Clause: OHKO moves are banned\n|rule|Evasion Moves Clause: Evasion moves are banned\n|rule|Evasion Items Clause: Evasion items are banned\n|rule|Species Clause: Limit one of each Pok\u00e9mon\n|rule|Sleep Clause Mod: Limit one foe put to sleep\n|rule|Mega Rayquaza Clause: You cannot mega evolve Rayquaza\n|clearpoke\n|poke|p1|Clodsire, F|\n|poke|p1|Cloyster, M|\n|poke|p1|Gliscor, M|\n|poke|p1|Corviknight, M|\n|poke|p1|Toxapex, M|\n|poke|p1|Nosepass, L1, M|\n|poke|p2|Lugia|\n|poke|p2|Arceus-Fairy|\n|poke|p2|Magearna|\n|poke|p2|Rayquaza|\n|poke|p2|Kyurem|\n|poke|p2|Xerneas-*|\n|teampreview\n|\n|t:|1700204640\n|start\n|switch|p1a: Nosepass|Nosepass, L1, M|100\/100\n|switch|p2a: Lugia|Lugia|100\/100\n|turn|1\n|\n|t:|1700204645\n|move|p2a: Lugia|Calm Mind|p2a: Lugia\n|-boost|p2a: Lugia|spa|1\n|-boost|p2a: Lugia|spd|1\n|move|p1a: Nosepass|Pain Split|p2a: Lugia\n|-sethp|p2a: Lugia|52\/100|[from] move: Pain Split|[silent]\n|-sethp|p1a: Nosepass|100\/100|[from] move: Pain Split\n|\n|upkeep\n|turn|2\n|inactive|Battle timer is ON: inactive players will automatically lose when time's up. (requested by reshiram-arceus)\n|\n|t:|1700204653\n|move|p2a: Lugia|Calm Mind|p2a: Lugia\n|-boost|p2a: Lugia|spa|1\n|-boost|p2a: Lugia|spd|1\n|move|p1a: Nosepass|Pain Split|p2a: Lugia\n|-sethp|p2a: Lugia|28\/100|[from] move: Pain Split|[silent]\n|-sethp|p1a: Nosepass|100\/100|[from] move: Pain Split\n|\n|upkeep\n|turn|3\n|\n|t:|1700204660\n|move|p2a: Lugia|Calm Mind|p2a: Lugia\n|-boost|p2a: Lugia|spa|1\n|-boost|p2a: Lugia|spd|1\n|move|p1a: Nosepass|Pain Split|p2a: Lugia\n|-sethp|p2a: Lugia|16\/100|[from] move: Pain Split|[silent]\n|-sethp|p1a: Nosepass|100\/100|[from] move: Pain Split\n|\n|upkeep\n|turn|4\n|\n|t:|1700204668\n|move|p2a: Lugia|Shadow Ball|p1a: Nosepass\n|-ability|p1a: Nosepass|Sturdy\n|-damage|p1a: Nosepass|10\/100\n|-damage|p2a: Lugia|6\/100|[from] item: Life Orb\n|move|p1a: Nosepass|Pain Split|p2a: Lugia\n|-sethp|p2a: Lugia|3\/100|[from] move: Pain Split|[silent]\n|-sethp|p1a: Nosepass|91\/100|[from] move: Pain Split\n|\n|upkeep\n|turn|5\n|\n|t:|1700204681\n|move|p1a: Nosepass|Protect|p1a: Nosepass\n|-singleturn|p1a: Nosepass|Protect\n|move|p2a: Lugia|Aeroblast|p1a: Nosepass\n|-activate|p1a: Nosepass|move: Protect\n|\n|upkeep\n|turn|6\n|\n|t:|1700204689\n|switch|p1a: Clodsire|Clodsire, F|100\/100\n|move|p2a: Lugia|Psychic|p1a: Clodsire\n|-supereffective|p1a: Clodsire\n|-damage|p1a: Clodsire|17\/100\n|-damage|p2a: Lugia|0 fnt|[from] item: Life Orb\n|faint|p2a: Lugia\n|\n|-heal|p1a: Clodsire|23\/100|[from] item: Leftovers\n|upkeep\n|\n|t:|1700204698\n|switch|p2a: Magearna|Magearna|100\/100\n|turn|7\n|\n|t:|1700204703\n|move|p2a: Magearna|Calm Mind|p2a: Magearna\n|-boost|p2a: Magearna|spa|1\n|-boost|p2a: Magearna|spd|1\n|move|p1a: Clodsire|Poison Jab|p2a: Magearna\n|-immune|p2a: Magearna\n|\n|-heal|p1a: Clodsire|29\/100|[from] item: Leftovers\n|upkeep\n|turn|8\n|\n|t:|1700204710\n|move|p2a: Magearna|Psychic|p1a: Clodsire\n|-supereffective|p1a: Clodsire\n|-damage|p1a: Clodsire|0 fnt\n|faint|p1a: Clodsire\n|-ability|p2a: Magearna|Soul-Heart|boost\n|-boost|p2a: Magearna|spa|1\n|-damage|p2a: Magearna|91\/100|[from] item: Life Orb\n|\n|upkeep\n|\n|t:|1700204720\n|switch|p1a: Toxapex|Toxapex, M|100\/100\n|turn|9\n|\n|t:|1700204724\n|move|p2a: Magearna|Calm Mind|p2a: Magearna\n|-boost|p2a: Magearna|spa|1\n|-boost|p2a: Magearna|spd|1\n|move|p1a: Toxapex|Haze|p1a: Toxapex\n|-clearallboost\n|\n|upkeep\n|turn|10\n|\n|t:|1700204730\n|move|p2a: Magearna|Psychic|p1a: Toxapex\n|-supereffective|p1a: Toxapex\n|-damage|p1a: Toxapex|5\/100\n|-damage|p2a: Magearna|81\/100|[from] item: Life Orb\n|move|p1a: Toxapex|Surf|p2a: Magearna\n|-damage|p2a: Magearna|58\/100\n|\n|upkeep\n|turn|11\n|\n|t:|1700204738\n|move|p1a: Toxapex|Baneful Bunker|p1a: Toxapex\n|-singleturn|p1a: Toxapex|move: Protect\n|move|p2a: Magearna|Psychic|p1a: Toxapex\n|-activate|p1a: Toxapex|move: Protect\n|\n|upkeep\n|turn|12\n|\n|t:|1700204744\n|move|p2a: Magearna|Psychic|p1a: Toxapex\n|-supereffective|p1a: Toxapex\n|-damage|p1a: Toxapex|0 fnt\n|faint|p1a: Toxapex\n|-ability|p2a: Magearna|Soul-Heart|boost\n|-boost|p2a: Magearna|spa|1\n|-damage|p2a: Magearna|49\/100|[from] item: Life Orb\n|\n|upkeep\n|\n|t:|1700204758\n|switch|p1a: Nosepass|Nosepass, L1, M|91\/100\n|turn|13\n|\n|t:|1700204764\n|move|p1a: Nosepass|Protect|p1a: Nosepass\n|-singleturn|p1a: Nosepass|Protect\n|move|p2a: Magearna|Calm Mind|p2a: Magearna\n|-boost|p2a: Magearna|spa|1\n|-boost|p2a: Magearna|spd|1\n|\n|upkeep\n|turn|14\n|\n|t:|1700204770\n|move|p2a: Magearna|Calm Mind|p2a: Magearna\n|-boost|p2a: Magearna|spa|1\n|-boost|p2a: Magearna|spd|1\n|move|p1a: Nosepass|Pain Split|p2a: Magearna\n|-sethp|p2a: Magearna|26\/100|[from] move: Pain Split|[silent]\n|-sethp|p1a: Nosepass|100\/100|[from] move: Pain Split\n|\n|upkeep\n|turn|15\n|\n|t:|1700204780\n|move|p1a: Nosepass|Protect|p1a: Nosepass\n|-singleturn|p1a: Nosepass|Protect\n|move|p2a: Magearna|Calm Mind|p2a: Magearna\n|-boost|p2a: Magearna|spa|1\n|-boost|p2a: Magearna|spd|1\n|\n|upkeep\n|turn|16\n|\n|t:|1700204788\n|move|p2a: Magearna|Psychic|p1a: Nosepass\n|-ability|p1a: Nosepass|Sturdy\n|-damage|p1a: Nosepass|10\/100\n|-damage|p2a: Magearna|16\/100|[from] item: Life Orb\n|move|p1a: Nosepass|Pain Split|p2a: Magearna\n|-sethp|p2a: Magearna|8\/100|[from] move: Pain Split|[silent]\n|-sethp|p1a: Nosepass|100\/100|[from] move: Pain Split\n|\n|upkeep\n|turn|17\n|\n|t:|1700204799\n|move|p1a: Nosepass|Protect|p1a: Nosepass\n|-singleturn|p1a: Nosepass|Protect\n|move|p2a: Magearna|Fleur Cannon|p1a: Nosepass\n|-activate|p1a: Nosepass|move: Protect\n|\n|upkeep\n|turn|18\n|\n|t:|1700204807\n|move|p2a: Magearna|Dazzling Gleam|p1a: Nosepass\n|-ability|p1a: Nosepass|Sturdy\n|-damage|p1a: Nosepass|10\/100\n|-damage|p2a: Magearna|0 fnt|[from] item: Life Orb\n|faint|p2a: Magearna\n|move|p1a: Nosepass|Earthquake|p2: Magearna|[notarget]\n|-fail|p1a: Nosepass\n|\n|upkeep\n|\n|t:|1700204816\n|switch|p2a: Arceus|Arceus-Fairy|100\/100\n|turn|19\n|\n|t:|1700204820\n|move|p2a: Arceus|Acid Spray|p1a: Nosepass\n|-resisted|p1a: Nosepass\n|-damage|p1a: Nosepass|0 fnt\n|faint|p1a: Nosepass\n|\n|upkeep\n|\n|t:|1700204826\n|switch|p1a: Cloyster|Cloyster, M|100\/100\n|turn|20\n|\n|t:|1700204830\n|move|p2a: Arceus|Judgment|p1a: Cloyster\n|-crit|p1a: Cloyster\n|-enditem|p1a: Cloyster|Focus Sash\n|-damage|p1a: Cloyster|1\/100\n|move|p1a: Cloyster|Shell Smash|p1a: Cloyster\n|-unboost|p1a: Cloyster|def|1\n|-unboost|p1a: Cloyster|spd|1\n|-boost|p1a: Cloyster|atk|2\n|-boost|p1a: Cloyster|spa|2\n|-boost|p1a: Cloyster|spe|2\n|\n|upkeep\n|turn|21\n|-message|reshiram-arceus forfeited.\n|\n|win|AppleBoi29310\n|raw|AppleBoi29310's rating: 1057 &rarr; <strong>1095<\/strong><br \/>(+38 for winning)\n|raw|reshiram-arceus's rating: 1126 &rarr; <strong>1096<\/strong><br \/>(-30 for losing)\n|l|\u2606reshiram-arceus\n","uploadtime":1700204846,"views":8,"p1id":"appleboi29310","p2id":"reshiramarceus","formatid":"gen9nationaldexubers","rating":1095,"private":0,"password":""}