{"id":"gen9nationaldexubers-1992311570","p1":"Mr Move Look","p2":"KingoftheTitans","format":"[Gen 9] National Dex Ubers","log":"|j|\u2606Mr Move Look\n|j|\u2606KingoftheTitans\n|t:|1700173483\n|gametype|singles\n|player|p1|Mr Move Look|lance|1271\n|player|p2|KingoftheTitans|2|1246\n|teamsize|p1|6\n|teamsize|p2|6\n|gen|9\n|tier|[Gen 9] National Dex Ubers\n|rated|\n|rule|HP Percentage Mod: HP is shown in percentages\n|rule|Endless Battle Clause: Forcing endless battles is banned\n|rule|OHKO Clause: OHKO moves are banned\n|rule|Evasion Moves Clause: Evasion moves are banned\n|rule|Evasion Items Clause: Evasion items are banned\n|rule|Species Clause: Limit one of each Pok\u00e9mon\n|rule|Sleep Clause Mod: Limit one foe put to sleep\n|rule|Mega Rayquaza Clause: You cannot mega evolve Rayquaza\n|clearpoke\n|poke|p1|Tapu Koko|\n|poke|p1|Ogerpon-Hearthflame, F|\n|poke|p1|Breloom, M|\n|poke|p1|Urshifu-*, F|\n|poke|p1|Delibird, M|\n|poke|p1|Galvantula, F|\n|poke|p2|Glalie, M|\n|poke|p2|Annihilape, M|\n|poke|p2|Regidrago|\n|poke|p2|Glimmora, M|\n|poke|p2|Electrode-Hisui|\n|poke|p2|Typhlosion-Hisui, M|\n|teampreview\n|inactive|Battle timer is ON: inactive players will automatically lose when time's up. (requested by Mr Move Look)\n|\n|t:|1700173498\n|start\n|switch|p1a: Galvantula|Galvantula, F|100\/100\n|switch|p2a: Electrode|Electrode-Hisui|100\/100\n|turn|1\n|\n|t:|1700173503\n|move|p2a: Electrode|Taunt|p1a: Galvantula\n|-start|p1a: Galvantula|move: Taunt\n|cant|p1a: Galvantula|move: Taunt|Sticky Web\n|\n|upkeep\n|turn|2\n|\n|t:|1700173509\n|switch|p1a: Delibird|Delibird, M|100\/100\n|move|p2a: Electrode|Chloroblast|p1a: Delibird\n|-resisted|p1a: Delibird\n|-enditem|p1a: Delibird|Focus Sash\n|-damage|p1a: Delibird|1\/100\n|-damage|p2a: Electrode|50\/100|[from] Recoil\n|-damage|p2a: Electrode|40\/100|[from] item: Life Orb\n|\n|upkeep\n|turn|3\n|\n|t:|1700173517\n|move|p1a: Delibird|Ice Shard|p2a: Electrode\n|-supereffective|p2a: Electrode\n|-damage|p2a: Electrode|0 fnt\n|faint|p2a: Electrode\n|\n|upkeep\n|\n|t:|1700173526\n|switch|p2a: Typhlosion|Typhlosion-Hisui, M|100\/100\n|turn|4\n|\n|t:|1700173529\n|move|p2a: Typhlosion|Eruption|p1a: Delibird\n|-supereffective|p1a: Delibird\n|-damage|p1a: Delibird|0 fnt\n|faint|p1a: Delibird\n|\n|upkeep\n|\n|t:|1700173531\n|switch|p1a: Galvantula|Galvantula, F|100\/100\n|turn|5\n|\n|t:|1700173535\n|move|p2a: Typhlosion|Eruption|p1a: Galvantula\n|-supereffective|p1a: Galvantula\n|-enditem|p1a: Galvantula|Focus Sash\n|-damage|p1a: Galvantula|1\/100\n|move|p1a: Galvantula|Thunder Wave|p2a: Typhlosion\n|-status|p2a: Typhlosion|par\n|\n|upkeep\n|turn|6\n|\n|t:|1700173544\n|move|p1a: Galvantula|Sticky Web|p2a: Typhlosion\n|-sidestart|p2: KingoftheTitans|move: Sticky Web\n|move|p2a: Typhlosion|Eruption|p1a: Galvantula\n|-supereffective|p1a: Galvantula\n|-damage|p1a: Galvantula|0 fnt\n|faint|p1a: Galvantula\n|\n|upkeep\n|\n|t:|1700173547\n|switch|p1a: Urshifu|Urshifu-Rapid-Strike, F|100\/100\n|turn|7\n|\n|t:|1700173558\n|switch|p2a: Annihilape|Annihilape, M|100\/100\n|-activate|p2a: Annihilape|move: Sticky Web\n|-unboost|p2a: Annihilape|spe|1\n|-ability|p2a: Annihilape|Defiant|boost\n|-boost|p2a: Annihilape|atk|2\n|move|p1a: Urshifu|Surging Strikes|p2a: Annihilape\n|-crit|p2a: Annihilape\n|-damage|p2a: Annihilape|80\/100\n|-crit|p2a: Annihilape\n|-damage|p2a: Annihilape|61\/100\n|-crit|p2a: Annihilape\n|-damage|p2a: Annihilape|41\/100\n|-hitcount|p2a: Annihilape|3\n|\n|-heal|p2a: Annihilape|47\/100|[from] item: Leftovers\n|upkeep\n|turn|8\n|\n|t:|1700173572\n|move|p1a: Urshifu|Surging Strikes|p2a: Annihilape\n|-crit|p2a: Annihilape\n|-damage|p2a: Annihilape|27\/100\n|-crit|p2a: Annihilape\n|-damage|p2a: Annihilape|8\/100\n|-crit|p2a: Annihilape\n|-damage|p2a: Annihilape|0 fnt\n|faint|p2a: Annihilape\n|-hitcount|p2: Annihilape|3\n|\n|upkeep\n|\n|t:|1700173586\n|switch|p2a: Glimmora|Glimmora, M|100\/100\n|-activate|p2a: Glimmora|move: Sticky Web\n|-unboost|p2a: Glimmora|spe|1\n|turn|9\n|\n|t:|1700173593\n|-terastallize|p2a: Glimmora|Grass\n|move|p1a: Urshifu|Surging Strikes|p2a: Glimmora\n|-resisted|p2a: Glimmora\n|-crit|p2a: Glimmora\n|-damage|p2a: Glimmora|91\/100\n|-activate|p2a: Glimmora|ability: Toxic Debris\n|-sidestart|p1: Mr Move Look|move: Toxic Spikes\n|-resisted|p2a: Glimmora\n|-crit|p2a: Glimmora\n|-damage|p2a: Glimmora|81\/100\n|-activate|p2a: Glimmora|ability: Toxic Debris\n|-sidestart|p1: Mr Move Look|move: Toxic Spikes\n|-resisted|p2a: Glimmora\n|-crit|p2a: Glimmora\n|-damage|p2a: Glimmora|71\/100\n|-hitcount|p2a: Glimmora|3\n|move|p2a: Glimmora|Mortal Spin|p1a: Urshifu\n|-damage|p1a: Urshifu|93\/100\n|-status|p1a: Urshifu|psn\n|-sideend|p2: KingoftheTitans|Sticky Web|[from] move: Mortal Spin|[of] p2a: Glimmora\n|\n|-damage|p1a: Urshifu|81\/100 psn|[from] psn\n|upkeep\n|turn|10\n|\n|t:|1700173610\n|switch|p1a: Ogerpon|Ogerpon-Hearthflame, F|100\/100\n|-status|p1a: Ogerpon|tox\n|-ability|p1a: Ogerpon|Mold Breaker\n|move|p2a: Glimmora|Energy Ball|p1a: Ogerpon\n|-resisted|p1a: Ogerpon\n|-damage|p1a: Ogerpon|89\/100 tox\n|\n|-damage|p1a: Ogerpon|83\/100 tox|[from] psn\n|upkeep\n|turn|11\n|\n|t:|1700173620\n|move|p1a: Ogerpon|Trailblaze|p2a: Glimmora\n|-resisted|p2a: Glimmora\n|-damage|p2a: Glimmora|56\/100\n|-boost|p1a: Ogerpon|spe|1\n|move|p2a: Glimmora|Memento|p1a: Ogerpon\n|-unboost|p1a: Ogerpon|atk|2\n|-unboost|p1a: Ogerpon|spa|2\n|faint|p2a: Glimmora\n|\n|-damage|p1a: Ogerpon|71\/100 tox|[from] psn\n|upkeep\n|\n|t:|1700173631\n|switch|p2a: Typhlosion|Typhlosion-Hisui, M|100\/100 par\n|turn|12\n|\n|t:|1700173636\n|switch|p1a: Urshifu|Urshifu-Rapid-Strike, F|81\/100 psn\n|cant|p2a: Typhlosion|par\n|\n|-damage|p1a: Urshifu|69\/100 psn|[from] psn\n|upkeep\n|turn|13\n|\n|t:|1700173642\n|move|p1a: Urshifu|Surging Strikes|p2a: Typhlosion\n|-supereffective|p2a: Typhlosion\n|-crit|p2a: Typhlosion\n|-damage|p2a: Typhlosion|41\/100 par\n|-supereffective|p2a: Typhlosion\n|-crit|p2a: Typhlosion\n|-damage|p2a: Typhlosion|0 fnt\n|faint|p2a: Typhlosion\n|-hitcount|p2: Typhlosion|2\n|\n|-damage|p1a: Urshifu|57\/100 psn|[from] psn\n|upkeep\n|\n|t:|1700173652\n|switch|p2a: Regidrago|Regidrago|100\/100\n|turn|14\n|\n|t:|1700173657\n|move|p1a: Urshifu|Surging Strikes|p2a: Regidrago\n|-resisted|p2a: Regidrago\n|-crit|p2a: Regidrago\n|-damage|p2a: Regidrago|90\/100\n|-resisted|p2a: Regidrago\n|-crit|p2a: Regidrago\n|-damage|p2a: Regidrago|80\/100\n|-resisted|p2a: Regidrago\n|-crit|p2a: Regidrago\n|-damage|p2a: Regidrago|69\/100\n|-hitcount|p2a: Regidrago|3\n|move|p2a: Regidrago|Dragon Energy|p1a: Urshifu\n|-damage|p1a: Urshifu|0 fnt\n|faint|p1a: Urshifu\n|\n|upkeep\n|\n|t:|1700173662\n|switch|p1a: Tapu Koko|Tapu Koko|100\/100\n|-status|p1a: Tapu Koko|tox\n|-fieldstart|move: Electric Terrain|[from] ability: Electric Surge|[of] p1a: Tapu Koko\n|turn|15\n|\n|t:|1700173672\n|move|p2a: Regidrago|Dragon Energy|p1a: Tapu Koko\n|-immune|p1a: Tapu Koko\n|move|p1a: Tapu Koko|Dazzling Gleam|p2a: Regidrago\n|-supereffective|p2a: Regidrago\n|-damage|p2a: Regidrago|0 fnt\n|faint|p2a: Regidrago\n|\n|-damage|p1a: Tapu Koko|94\/100 tox|[from] psn\n|upkeep\n|\n|t:|1700173679\n|switch|p2a: Glalie|Glalie, M|100\/100\n|turn|16\n|\n|t:|1700173688\n|move|p1a: Tapu Koko|Dazzling Gleam|p2a: Glalie\n|-damage|p2a: Glalie|29\/100\n|move|p2a: Glalie|Substitute|p2a: Glalie\n|-start|p2a: Glalie|Substitute\n|-damage|p2a: Glalie|4\/100\n|\n|-damage|p1a: Tapu Koko|82\/100 tox|[from] psn\n|-ability|p2a: Glalie|Moody|boost\n|-boost|p2a: Glalie|def|2\n|-unboost|p2a: Glalie|atk|1\n|upkeep\n|turn|17\n|\n|t:|1700173702\n|move|p1a: Tapu Koko|Dazzling Gleam|p2a: Glalie\n|-end|p2a: Glalie|Substitute\n|move|p2a: Glalie|Earthquake|p1a: Tapu Koko\n|-supereffective|p1a: Tapu Koko\n|-damage|p1a: Tapu Koko|33\/100 tox\n|\n|-damage|p1a: Tapu Koko|14\/100 tox|[from] psn\n|-ability|p2a: Glalie|Moody|boost\n|-boost|p2a: Glalie|spe|2\n|-unboost|p2a: Glalie|def|1\n|upkeep\n|turn|18\n|\n|t:|1700173712\n|move|p2a: Glalie|Body Slam|p1a: Tapu Koko\n|-damage|p1a: Tapu Koko|0 fnt\n|faint|p1a: Tapu Koko\n|\n|-ability|p2a: Glalie|Moody|boost\n|-boost|p2a: Glalie|def|2\n|-unboost|p2a: Glalie|spe|1\n|upkeep\n|\n|t:|1700173716\n|switch|p1a: Breloom|Breloom, M|100\/100\n|-status|p1a: Breloom|tox\n|turn|19\n|\n|t:|1700173722\n|detailschange|p2a: Glalie|Glalie-Mega, M\n|-mega|p2a: Glalie|Glalie|Glalitite\n|move|p1a: Breloom|Mach Punch|p2a: Glalie\n|-supereffective|p2a: Glalie\n|-damage|p2a: Glalie|0 fnt\n|faint|p2a: Glalie\n|\n|win|Mr Move Look\n|raw|Mr Move Look's rating: 1271 &rarr; <strong>1294<\/strong><br \/>(+23 for winning)\n|raw|KingoftheTitans's rating: 1246 &rarr; <strong>1223<\/strong><br \/>(-23 for losing)\n|c|\u2606KingoftheTitans|Bad luck lol\n|c|\u2606Mr Move Look|for who\n|c|\u2606KingoftheTitans|Glalie\n|c|\u2606KingoftheTitans|Entirely physical\n|c|\u2606Mr Move Look|yea\n|l|\u2606Mr Move Look\n|c|\u2606KingoftheTitans|And I got an Attack drop\n","uploadtime":1700173730,"views":8,"p1id":"mrmovelook","p2id":"kingofthetitans","formatid":"gen9nationaldexubers","rating":1223,"private":0,"password":""}