{"id":"gen9nationaldexubers-1984795304","p1":"Dan07B","p2":"Elin Baecil","format":"[Gen 9] National Dex Ubers","log":"|j|\u2606Dan07B\n|j|\u2606Elin Baecil\n|t:|1699299628\n|gametype|singles\n|player|p1|Dan07B|pokemonranger-gen4|\n|player|p2|Elin Baecil|leon-masters|\n|teamsize|p1|6\n|teamsize|p2|6\n|gen|9\n|tier|[Gen 9] National Dex Ubers\n|rule|HP Percentage Mod: HP is shown in percentages\n|rule|Endless Battle Clause: Forcing endless battles is banned\n|rule|OHKO Clause: OHKO moves are banned\n|rule|Evasion Moves Clause: Evasion moves are banned\n|rule|Evasion Items Clause: Evasion items are banned\n|rule|Species Clause: Limit one of each Pok\u00e9mon\n|rule|Sleep Clause Mod: Limit one foe put to sleep\n|rule|Mega Rayquaza Clause: You cannot mega evolve Rayquaza\n|clearpoke\n|poke|p1|Goodra-Hisui, F|\n|poke|p1|Gardevoir, F|\n|poke|p1|Dracovish|\n|poke|p1|Metagross|\n|poke|p1|Sirfetch\u2019d, M|\n|poke|p1|Toxapex, M|\n|poke|p2|Ursaluna-Bloodmoon, M|\n|poke|p2|Dragonite, M|\n|poke|p2|Cyclizar, F|\n|poke|p2|Kangaskhan, F|\n|poke|p2|Porygon-Z|\n|poke|p2|Chansey, F|\n|teampreview\n|\n|t:|1699299658\n|start\n|switch|p1a: Perturabo|Metagross, shiny|100\/100\n|switch|p2a: Dragonite|Dragonite, M|100\/100\n|turn|1\n|\n|t:|1699299675\n|detailschange|p1a: Perturabo|Metagross-Mega, shiny\n|-mega|p1a: Perturabo|Metagross|Metagrossite\n|move|p1a: Perturabo|Magnet Rise|p1a: Perturabo\n|-start|p1a: Perturabo|Magnet Rise\n|move|p2a: Dragonite|Earthquake|p1a: Perturabo\n|-immune|p1a: Perturabo\n|\n|upkeep\n|turn|2\n|\n|t:|1699299684\n|move|p1a: Perturabo|Ice Punch|p2a: Dragonite\n|-supereffective|p2a: Dragonite\n|-damage|p2a: Dragonite|33\/100\n|-enditem|p2a: Dragonite|Weakness Policy\n|-boost|p2a: Dragonite|atk|2|[from] item: Weakness Policy\n|-boost|p2a: Dragonite|spa|2|[from] item: Weakness Policy\n|move|p2a: Dragonite|Dragon Dance|p2a: Dragonite\n|-boost|p2a: Dragonite|atk|1\n|-boost|p2a: Dragonite|spe|1\n|\n|upkeep\n|turn|3\n|\n|t:|1699299689\n|-terastallize|p2a: Dragonite|Normal\n|move|p2a: Dragonite|Extreme Speed|p1a: Perturabo\n|-resisted|p1a: Perturabo\n|-damage|p1a: Perturabo|59\/100\n|move|p1a: Perturabo|Bullet Punch|p2a: Dragonite\n|-damage|p2a: Dragonite|6\/100\n|\n|upkeep\n|turn|4\n|\n|t:|1699299697\n|move|p2a: Dragonite|Extreme Speed|p1a: Perturabo\n|-resisted|p1a: Perturabo\n|-damage|p1a: Perturabo|16\/100\n|move|p1a: Perturabo|Bullet Punch|p2a: Dragonite\n|-damage|p2a: Dragonite|0 fnt\n|faint|p2a: Dragonite\n|\n|upkeep\n|\n|t:|1699299706\n|switch|p2a: Cyclizar|Cyclizar, F|100\/100\n|turn|5\n|\n|t:|1699299711\n|move|p2a: Cyclizar|Knock Off|p1a: Perturabo\n|-supereffective|p1a: Perturabo\n|-damage|p1a: Perturabo|0 fnt\n|faint|p1a: Perturabo\n|\n|upkeep\n|\n|t:|1699299759\n|switch|p1a: Lion El'jonhson|Sirfetch\u2019d, M, shiny|100\/100\n|turn|6\n|\n|t:|1699299764\n|move|p2a: Cyclizar|Shed Tail|p2a: Cyclizar\n|-start|p2a: Cyclizar|Substitute|[from] move: Shed Tail\n|-damage|p2a: Cyclizar|50\/100\n|\n|t:|1699299788\n|switch|p2a: Porygon-Z|Porygon-Z|100\/100|[from] Shed Tail\n|-ability|p2a: Porygon-Z|Download|boost\n|-boost|p2a: Porygon-Z|spa|1\n|move|p1a: Lion El'jonhson|Brick Break|p2a: Porygon-Z\n|-supereffective|p2a: Porygon-Z\n|-end|p2a: Porygon-Z|Substitute\n|\n|upkeep\n|turn|7\n|\n|t:|1699299800\n|-zpower|p2a: Porygon-Z\n|move|p2a: Porygon-Z|Z-Conversion|p2a: Porygon-Z|[anim]Conversion\n|-boost|p2a: Porygon-Z|atk|1|[zeffect]\n|-boost|p2a: Porygon-Z|def|1|[zeffect]\n|-boost|p2a: Porygon-Z|spa|1|[zeffect]\n|-boost|p2a: Porygon-Z|spd|1|[zeffect]\n|-boost|p2a: Porygon-Z|spe|1|[zeffect]\n|-start|p2a: Porygon-Z|typechange|Ghost\n|move|p1a: Lion El'jonhson|Brick Break|p2a: Porygon-Z\n|-damage|p2a: Porygon-Z|54\/100\n|\n|upkeep\n|turn|8\n|\n|t:|1699299813\n|move|p2a: Porygon-Z|Shadow Ball|p1a: Lion El'jonhson\n|-enditem|p1a: Lion El'jonhson|Focus Sash\n|-damage|p1a: Lion El'jonhson|1\/100\n|move|p1a: Lion El'jonhson|Meteor Assault|p2a: Porygon-Z\n|-damage|p2a: Porygon-Z|0 fnt\n|-mustrecharge|p1a: Lion El'jonhson\n|faint|p2a: Porygon-Z\n|\n|upkeep\n|c|\u2606Dan07B|Funcion\u00f3 \ud83d\ude03\n|\n|t:|1699299827\n|switch|p2a: Cyclizar|Cyclizar, F|83\/100\n|turn|9\n|\n|t:|1699299833\n|move|p2a: Cyclizar|Rapid Spin|p1a: Lion El'jonhson\n|-damage|p1a: Lion El'jonhson|0 fnt\n|-boost|p2a: Cyclizar|spe|1\n|faint|p1a: Lion El'jonhson\n|\n|upkeep\n|\n|t:|1699299843\n|switch|p1a: Gardevoir|Gardevoir, F, shiny|100\/100\n|turn|10\n|\n|t:|1699299853\n|move|p2a: Cyclizar|Shed Tail|p2a: Cyclizar\n|-start|p2a: Cyclizar|Substitute|[from] move: Shed Tail\n|-damage|p2a: Cyclizar|33\/100\n|\n|t:|1699299856\n|switch|p2a: Chansey|Chansey, F|100\/100|[from] Shed Tail\n|move|p1a: Gardevoir|Aura Sphere|p2a: Chansey\n|-supereffective|p2a: Chansey\n|-end|p2a: Chansey|Substitute\n|\n|upkeep\n|turn|11\n|\n|t:|1699299867\n|switch|p1a: Mortarion|Toxapex, M|100\/100\n|move|p2a: Chansey|Toxic|p1a: Mortarion|[miss]\n|-miss|p2a: Chansey|p1a: Mortarion\n|\n|upkeep\n|turn|12\n|\n|t:|1699299876\n|move|p2a: Chansey|Stealth Rock|p1a: Mortarion\n|-sidestart|p1: Dan07B|move: Stealth Rock\n|move|p1a: Mortarion|Acid Spray|p2a: Chansey\n|-damage|p2a: Chansey|98\/100\n|-unboost|p2a: Chansey|spd|2\n|\n|upkeep\n|turn|13\n|\n|t:|1699299881\n|switch|p2a: Cyclizar|Cyclizar, F|66\/100\n|move|p1a: Mortarion|Baneful Bunker||[still]\n|-fail|p1a: Mortarion\n|\n|upkeep\n|turn|14\n|\n|t:|1699299889\n|switch|p1a: Gardevoir|Gardevoir, F, shiny|100\/100\n|-damage|p1a: Gardevoir|88\/100|[from] Stealth Rock\n|move|p2a: Cyclizar|Shed Tail|p2a: Cyclizar\n|-start|p2a: Cyclizar|Substitute|[from] move: Shed Tail\n|-damage|p2a: Cyclizar|16\/100\n|\n|t:|1699299895\n|switch|p2a: Kangaskhan|Kangaskhan, F|100\/100|[from] Shed Tail\n|\n|upkeep\n|turn|15\n|\n|t:|1699299902\n|detailschange|p2a: Kangaskhan|Kangaskhan-Mega, F\n|-mega|p2a: Kangaskhan|Kangaskhan|Kangaskhanite\n|move|p2a: Kangaskhan|Fake Out|p1a: Gardevoir\n|-damage|p1a: Gardevoir|54\/100\n|-damage|p1a: Gardevoir|46\/100\n|-hitcount|p1a: Gardevoir|2\n|cant|p1a: Gardevoir|flinch\n|\n|upkeep\n|turn|16\n|\n|t:|1699299913\n|move|p2a: Kangaskhan|Body Slam|p1a: Gardevoir\n|-damage|p1a: Gardevoir|0 fnt\n|faint|p1a: Gardevoir\n|-hitcount|p1: Gardevoir|1\n|\n|upkeep\n|\n|t:|1699299936\n|switch|p1a: Mortarion|Toxapex, M|100\/100\n|-damage|p1a: Mortarion|88\/100|[from] Stealth Rock\n|turn|17\n|\n|t:|1699299947\n|move|p1a: Mortarion|Baneful Bunker|p1a: Mortarion\n|-singleturn|p1a: Mortarion|move: Protect\n|move|p2a: Kangaskhan|Seismic Toss|p1a: Mortarion\n|-activate|p1a: Mortarion|move: Protect\n|-status|p2a: Kangaskhan|psn\n|\n|-damage|p2a: Kangaskhan|88\/100 psn|[from] psn\n|upkeep\n|turn|18\n|\n|t:|1699299957\n|move|p2a: Kangaskhan|Seismic Toss|p1a: Mortarion\n|-damage|p1a: Mortarion|55\/100\n|-damage|p1a: Mortarion|22\/100\n|-hitcount|p1a: Mortarion|2\n|move|p1a: Mortarion|Recover|p1a: Mortarion\n|-heal|p1a: Mortarion|72\/100\n|\n|-damage|p2a: Kangaskhan|76\/100 psn|[from] psn\n|upkeep\n|turn|19\n|\n|t:|1699299978\n|switch|p2a: Cyclizar|Cyclizar, F|49\/100\n|move|p1a: Mortarion|Baneful Bunker||[still]\n|-fail|p1a: Mortarion\n|\n|upkeep\n|turn|20\n|\n|t:|1699299989\n|switch|p1a: Konrad Curze|Dracovish, shiny|100\/100\n|-damage|p1a: Konrad Curze|88\/100|[from] Stealth Rock\n|move|p2a: Cyclizar|U-turn|p1a: Konrad Curze\n|-damage|p1a: Konrad Curze|67\/100\n|\n|t:|1699299991\n|switch|p2a: Kangaskhan|Kangaskhan-Mega, F|76\/100 psn|[from] U-turn\n|\n|-damage|p2a: Kangaskhan|63\/100 psn|[from] psn\n|upkeep\n|turn|21\n|\n|t:|1699300002\n|switch|p1a: Mortarion|Toxapex, M|100\/100\n|-damage|p1a: Mortarion|88\/100|[from] Stealth Rock\n|move|p2a: Kangaskhan|Fake Out|p1a: Mortarion\n|-damage|p1a: Mortarion|75\/100\n|-damage|p1a: Mortarion|72\/100\n|-hitcount|p1a: Mortarion|2\n|\n|-damage|p2a: Kangaskhan|51\/100 psn|[from] psn\n|upkeep\n|turn|22\n|\n|t:|1699300008\n|switch|p2a: Cyclizar|Cyclizar, F|82\/100\n|move|p1a: Mortarion|Recover|p1a: Mortarion\n|-heal|p1a: Mortarion|100\/100\n|\n|upkeep\n|turn|23\n|\n|t:|1699300014\n|switch|p1a: Konrad Curze|Dracovish, shiny|67\/100\n|-damage|p1a: Konrad Curze|54\/100|[from] Stealth Rock\n|move|p2a: Cyclizar|Shed Tail|p2a: Cyclizar\n|-start|p2a: Cyclizar|Substitute|[from] move: Shed Tail\n|-damage|p2a: Cyclizar|32\/100\n|\n|t:|1699300020\n|switch|p2a: Ursaluna|Ursaluna-Bloodmoon, M|100\/100|[from] Shed Tail\n|\n|upkeep\n|turn|24\n|\n|t:|1699300032\n|switch|p1a: Mortarion|Toxapex, M|100\/100\n|-damage|p1a: Mortarion|88\/100|[from] Stealth Rock\n|move|p2a: Ursaluna|Blood Moon|p1a: Mortarion\n|-damage|p1a: Mortarion|41\/100\n|\n|upkeep\n|turn|25\n|\n|t:|1699300037\n|move|p1a: Mortarion|Baneful Bunker|p1a: Mortarion\n|-singleturn|p1a: Mortarion|move: Protect\n|move|p2a: Ursaluna|Calm Mind|p2a: Ursaluna\n|-boost|p2a: Ursaluna|spa|1\n|-boost|p2a: Ursaluna|spd|1\n|\n|upkeep\n|turn|26\n|\n|t:|1699300040\n|move|p2a: Ursaluna|Earth Power|p1a: Mortarion\n|-supereffective|p1a: Mortarion\n|-damage|p1a: Mortarion|0 fnt\n|faint|p1a: Mortarion\n|\n|upkeep\n|\n|t:|1699300043\n|switch|p1a: Jade|Goodra-Hisui, F, shiny|100\/100\n|-damage|p1a: Jade|94\/100|[from] Stealth Rock\n|turn|27\n|\n|t:|1699300054\n|move|p2a: Ursaluna|Calm Mind|p2a: Ursaluna\n|-boost|p2a: Ursaluna|spa|1\n|-boost|p2a: Ursaluna|spd|1\n|move|p1a: Jade|Body Press|p2a: Ursaluna\n|-supereffective|p2a: Ursaluna\n|-end|p2a: Ursaluna|Substitute\n|\n|upkeep\n|turn|28\n|\n|t:|1699300072\n|move|p2a: Ursaluna|Earth Power|p1a: Jade\n|-supereffective|p1a: Jade\n|-damage|p1a: Jade|21\/100\n|move|p1a: Jade|Body Press|p2a: Ursaluna\n|-supereffective|p2a: Ursaluna\n|-damage|p2a: Ursaluna|73\/100\n|\n|-heal|p2a: Ursaluna|79\/100|[from] item: Leftovers\n|upkeep\n|turn|29\n|\n|t:|1699300078\n|move|p2a: Ursaluna|Earth Power|p1a: Jade\n|-supereffective|p1a: Jade\n|-damage|p1a: Jade|0 fnt\n|faint|p1a: Jade\n|\n|-heal|p2a: Ursaluna|85\/100|[from] item: Leftovers\n|upkeep\n|\n|t:|1699300081\n|switch|p1a: Konrad Curze|Dracovish, shiny|54\/100\n|-damage|p1a: Konrad Curze|42\/100|[from] Stealth Rock\n|turn|30\n|\n|t:|1699300090\n|-terastallize|p1a: Konrad Curze|Water\n|move|p1a: Konrad Curze|Fishious Rend|p2a: Ursaluna\n|-supereffective|p2a: Ursaluna\n|-damage|p2a: Ursaluna|0 fnt\n|faint|p2a: Ursaluna\n|\n|upkeep\n|\n|t:|1699300093\n|switch|p2a: Kangaskhan|Kangaskhan-Mega, F|51\/100 psn\n|turn|31\n|\n|t:|1699300096\n|move|p2a: Kangaskhan|Fake Out|p1a: Konrad Curze\n|-damage|p1a: Konrad Curze|22\/100\n|-damage|p1a: Konrad Curze|17\/100\n|-hitcount|p1a: Konrad Curze|2\n|cant|p1a: Konrad Curze|flinch\n|\n|-damage|p2a: Kangaskhan|39\/100 psn|[from] psn\n|upkeep\n|turn|32\n|\n|t:|1699300100\n|switch|p2a: Cyclizar|Cyclizar, F|65\/100\n|move|p1a: Konrad Curze|Fishious Rend|p2a: Cyclizar\n|-resisted|p2a: Cyclizar\n|-damage|p2a: Cyclizar|0 fnt\n|faint|p2a: Cyclizar\n|\n|upkeep\n|\n|t:|1699300102\n|switch|p2a: Kangaskhan|Kangaskhan-Mega, F|39\/100 psn\n|turn|33\n|\n|t:|1699300107\n|move|p2a: Kangaskhan|Fake Out|p1a: Konrad Curze\n|-damage|p1a: Konrad Curze|0 fnt\n|faint|p1a: Konrad Curze\n|-hitcount|p1: Konrad Curze|1\n|\n|win|Elin Baecil\n|c|\u2606Dan07B|Diablos\n","uploadtime":1699300118,"views":5,"p1id":"dan07b","p2id":"elinbaecil","formatid":"gen9nationaldexubers","rating":0,"private":0,"password":""}