{"id":"gen9nationaldexubers-1980513957","p1":"Fawful oscuro","p2":"santiastidias27","format":"[Gen 9] National Dex Ubers","log":"|j|\u2606Fawful oscuro\n|j|\u2606santiastidias27\n|t:|1698792345\n|gametype|singles\n|player|p1|Fawful oscuro|will|\n|player|p2|santiastidias27|calem-masters|\n|teamsize|p1|6\n|teamsize|p2|6\n|gen|9\n|tier|[Gen 9] National Dex Ubers\n|rule|HP Percentage Mod: HP is shown in percentages\n|rule|Endless Battle Clause: Forcing endless battles is banned\n|rule|OHKO Clause: OHKO moves are banned\n|rule|Evasion Moves Clause: Evasion moves are banned\n|rule|Evasion Items Clause: Evasion items are banned\n|rule|Species Clause: Limit one of each Pok\u00e9mon\n|rule|Sleep Clause Mod: Limit one foe put to sleep\n|rule|Mega Rayquaza Clause: You cannot mega evolve Rayquaza\n|clearpoke\n|poke|p1|Gengar, M|\n|poke|p1|Banette, F|\n|poke|p1|Kingambit, M|\n|poke|p1|Greninja-*, M|\n|poke|p1|Hydreigon, M|\n|poke|p1|Grimmsnarl, M|\n|poke|p2|Scizor, F|\n|poke|p2|Grimmsnarl, M|\n|poke|p2|Iron Valiant|\n|poke|p2|Tentacruel, M|\n|poke|p2|Garganacl, F|\n|poke|p2|Skeledirge, M|\n|teampreview\n|c|\u2606Fawful oscuro|Y aqu\u00ed otra vez.\n|\n|t:|1698792372\n|start\n|switch|p1a: Grimmsnarl|Grimmsnarl, M|100\/100\n|switch|p2a: Scizor|Scizor, F|100\/100\n|turn|1\n|c|\u2606Fawful oscuro|Veamos que tal me va ahora\n|\n|t:|1698792388\n|detailschange|p2a: Scizor|Scizor-Mega, F\n|-mega|p2a: Scizor|Scizor|Scizorite\n|move|p1a: Grimmsnarl|Reflect|p1a: Grimmsnarl\n|-sidestart|p1: Fawful oscuro|Reflect\n|move|p2a: Scizor|Swords Dance|p2a: Scizor\n|-boost|p2a: Scizor|atk|2\n|\n|upkeep\n|turn|2\n|\n|t:|1698792395\n|move|p1a: Grimmsnarl|Taunt|p2a: Scizor\n|-start|p2a: Scizor|move: Taunt\n|cant|p2a: Scizor|move: Taunt|Swords Dance\n|\n|upkeep\n|turn|3\n|\n|t:|1698792399\n|move|p1a: Grimmsnarl|Parting Shot|p2a: Scizor\n|-unboost|p2a: Scizor|atk|1\n|-unboost|p2a: Scizor|spa|1\n|\n|t:|1698792410\n|switch|p1a: Hydreigon|Hydreigon, M|100\/100|[from] Parting Shot\n|move|p2a: Scizor|Knock Off|p1a: Hydreigon\n|-resisted|p1a: Hydreigon\n|-damage|p1a: Hydreigon|91\/100\n|\n|upkeep\n|turn|4\n|\n|t:|1698792421\n|switch|p2a: Grimmsnarl|Grimmsnarl, M, shiny|100\/100\n|move|p1a: Hydreigon|Nasty Plot|p1a: Hydreigon\n|-boost|p1a: Hydreigon|spa|2\n|\n|upkeep\n|turn|5\n|\n|t:|1698792453\n|move|p2a: Grimmsnarl|Light Screen|p2a: Grimmsnarl\n|-sidestart|p2: santiastidias27|move: Light Screen\n|move|p1a: Hydreigon|Dark Pulse|p2a: Grimmsnarl\n|-resisted|p2a: Grimmsnarl\n|-damage|p2a: Grimmsnarl|92\/100\n|\n|upkeep\n|turn|6\n|\n|t:|1698792464\n|switch|p1a: Greninja|Greninja, M, shiny|100\/100\n|move|p2a: Grimmsnarl|Spirit Break|p1a: Greninja\n|-supereffective|p1a: Greninja\n|-damage|p1a: Greninja|60\/100\n|-unboost|p1a: Greninja|spa|1\n|\n|upkeep\n|turn|7\n|\n|t:|1698792473\n|move|p1a: Greninja|Gunk Shot|p2a: Grimmsnarl\n|-start|p1a: Greninja|typechange|Poison|[from] ability: Protean\n|-supereffective|p2a: Grimmsnarl\n|-damage|p2a: Grimmsnarl|0 fnt\n|faint|p2a: Grimmsnarl\n|-damage|p1a: Greninja|50\/100|[from] item: Life Orb\n|\n|upkeep\n|\n|t:|1698792490\n|switch|p2a: Scizor|Scizor-Mega, F|100\/100\n|turn|8\n|\n|t:|1698792503\n|move|p1a: Greninja|Scald|p2a: Scizor\n|-damage|p2a: Scizor|91\/100\n|-status|p2a: Scizor|brn\n|-damage|p1a: Greninja|40\/100|[from] item: Life Orb\n|move|p2a: Scizor|Swords Dance|p2a: Scizor\n|-boost|p2a: Scizor|atk|2\n|\n|-damage|p2a: Scizor|85\/100 brn|[from] brn\n|-sideend|p1: Fawful oscuro|Reflect\n|upkeep\n|turn|9\n|\n|t:|1698792509\n|switch|p1a: Grimmsnarl|Grimmsnarl, M|100\/100\n|move|p2a: Scizor|Swords Dance|p2a: Scizor\n|-boost|p2a: Scizor|atk|2\n|\n|-damage|p2a: Scizor|79\/100 brn|[from] brn\n|upkeep\n|turn|10\n|\n|t:|1698792516\n|move|p2a: Scizor|Bullet Punch|p1a: Grimmsnarl\n|-supereffective|p1a: Grimmsnarl\n|-damage|p1a: Grimmsnarl|0 fnt\n|faint|p1a: Grimmsnarl\n|\n|-damage|p2a: Scizor|73\/100 brn|[from] brn\n|upkeep\n|\n|t:|1698792526\n|switch|p1a: Banette|Banette, F|100\/100\n|turn|11\n|\n|t:|1698792535\n|detailschange|p1a: Banette|Banette-Mega, F\n|-mega|p1a: Banette|Banette|Banettite\n|move|p2a: Scizor|Swords Dance|p2a: Scizor\n|-boost|p2a: Scizor|atk|2\n|move|p1a: Banette|Body Slam|p2a: Scizor\n|-resisted|p2a: Scizor\n|-damage|p2a: Scizor|61\/100 brn\n|\n|-damage|p2a: Scizor|55\/100 brn|[from] brn\n|upkeep\n|turn|12\n|\n|t:|1698792546\n|move|p1a: Banette|Destiny Bond|p1a: Banette\n|-singlemove|p1a: Banette|Destiny Bond\n|move|p2a: Scizor|Roost|p2a: Scizor\n|-heal|p2a: Scizor|100\/100 brn\n|-singleturn|p2a: Scizor|move: Roost\n|\n|-damage|p2a: Scizor|94\/100 brn|[from] brn\n|-sideend|p2: santiastidias27|move: Light Screen\n|upkeep\n|turn|13\n|\n|t:|1698792555\n|move|p2a: Scizor|Knock Off|p1a: Banette\n|-supereffective|p1a: Banette\n|-damage|p1a: Banette|0 fnt\n|faint|p1a: Banette\n|-activate|p1a: Banette|move: Destiny Bond\n|faint|p2a: Scizor\n|\n|upkeep\n|\n|t:|1698792569\n|switch|p2a: Tentacruel|Tentacruel, M, shiny|100\/100\n|switch|p1a: Greninja|Greninja, M, shiny|40\/100\n|turn|14\n|\n|t:|1698792579\n|move|p1a: Greninja|Extrasensory|p2a: Tentacruel\n|-start|p1a: Greninja|typechange|Psychic|[from] ability: Protean\n|-supereffective|p2a: Tentacruel\n|-damage|p2a: Tentacruel|36\/100\n|-damage|p1a: Greninja|31\/100|[from] item: Life Orb\n|move|p2a: Tentacruel|Scald|p1a: Greninja\n|-damage|p1a: Greninja|3\/100\n|\n|-heal|p2a: Tentacruel|42\/100|[from] item: Leftovers\n|upkeep\n|turn|15\n|\n|t:|1698792595\n|move|p1a: Greninja|Extrasensory|p2a: Tentacruel\n|-supereffective|p2a: Tentacruel\n|-damage|p2a: Tentacruel|0 fnt\n|faint|p2a: Tentacruel\n|-damage|p1a: Greninja|0 fnt|[from] item: Life Orb\n|faint|p1a: Greninja\n|\n|upkeep\n|\n|t:|1698792605\n|switch|p1a: Gengar|Gengar, M|100\/100\n|switch|p2a: Garganacl|Garganacl, F, shiny|100\/100\n|turn|16\n|\n|t:|1698792637\n|switch|p1a: Hydreigon|Hydreigon, M|91\/100\n|move|p2a: Garganacl|Iron Defense|p2a: Garganacl\n|-boost|p2a: Garganacl|def|2\n|\n|upkeep\n|turn|17\n|\n|t:|1698792649\n|move|p1a: Hydreigon|Nasty Plot|p1a: Hydreigon\n|-boost|p1a: Hydreigon|spa|2\n|move|p2a: Garganacl|Body Press|p1a: Hydreigon\n|-supereffective|p1a: Hydreigon\n|-damage|p1a: Hydreigon|0 fnt\n|faint|p1a: Hydreigon\n|\n|upkeep\n|\n|t:|1698792657\n|switch|p1a: Gengar|Gengar, M|100\/100\n|turn|18\n|\n|t:|1698792664\n|move|p1a: Gengar|Shadow Ball|p2a: Garganacl\n|-damage|p2a: Garganacl|80\/100\n|move|p2a: Garganacl|Salt Cure|p1a: Gengar\n|-crit|p1a: Gengar\n|-damage|p1a: Gengar|56\/100\n|-start|p1a: Gengar|Salt Cure\n|\n|-heal|p1a: Gengar|63\/100|[from] item: Black Sludge\n|-heal|p2a: Garganacl|86\/100|[from] item: Leftovers\n|-damage|p1a: Gengar|50\/100|[from] Salt Cure\n|upkeep\n|turn|19\n|\n|t:|1698792671\n|move|p1a: Gengar|Shadow Ball|p2a: Garganacl\n|-damage|p2a: Garganacl|66\/100\n|-unboost|p2a: Garganacl|spd|1\n|move|p2a: Garganacl|Iron Defense|p2a: Garganacl\n|-boost|p2a: Garganacl|def|2\n|\n|-heal|p1a: Gengar|56\/100|[from] item: Black Sludge\n|-heal|p2a: Garganacl|72\/100|[from] item: Leftovers\n|-damage|p1a: Gengar|44\/100|[from] Salt Cure\n|upkeep\n|turn|20\n|\n|t:|1698792675\n|move|p1a: Gengar|Shadow Ball|p2a: Garganacl\n|-damage|p2a: Garganacl|44\/100\n|move|p2a: Garganacl|Recover|p2a: Garganacl\n|-heal|p2a: Garganacl|94\/100\n|\n|-heal|p1a: Gengar|50\/100|[from] item: Black Sludge\n|-heal|p2a: Garganacl|99\/100|[from] item: Leftovers\n|-damage|p1a: Gengar|38\/100|[from] Salt Cure\n|upkeep\n|turn|21\n|l|\u2606Fawful oscuro\n|player|p1|\n|j|\u2606Fawful oscuro\n|player|p1|Fawful oscuro|will\n|\n|t:|1698792695\n|move|p1a: Gengar|Toxic Spikes|p2a: Garganacl\n|-sidestart|p2: santiastidias27|move: Toxic Spikes\n|move|p2a: Garganacl|Salt Cure|p1a: Gengar\n|-damage|p1a: Gengar|11\/100\n|\n|-heal|p1a: Gengar|17\/100|[from] item: Black Sludge\n|-heal|p2a: Garganacl|100\/100|[from] item: Leftovers\n|-damage|p1a: Gengar|5\/100|[from] Salt Cure\n|upkeep\n|turn|22\n|\n|t:|1698792701\n|move|p1a: Gengar|Destiny Bond|p1a: Gengar\n|-singlemove|p1a: Gengar|Destiny Bond\n|move|p2a: Garganacl|Recover||[still]\n|-fail|p2a: Garganacl|heal\n|\n|-heal|p1a: Gengar|11\/100|[from] item: Black Sludge\n|-damage|p1a: Gengar|0 fnt|[from] Salt Cure\n|faint|p1a: Gengar\n|upkeep\n|\n|t:|1698792710\n|switch|p1a: Kingambit|Kingambit, M, shiny|100\/100\n|-activate|p1a: Kingambit|ability: Supreme Overlord\n|-start|p1a: Kingambit|fallen5|[silent]\n|turn|23\n|\n|t:|1698792717\n|move|p1a: Kingambit|Iron Head|p2a: Garganacl\n|-supereffective|p2a: Garganacl\n|-damage|p2a: Garganacl|79\/100\n|cant|p2a: Garganacl|flinch\n|\n|-heal|p2a: Garganacl|85\/100|[from] item: Leftovers\n|upkeep\n|turn|24\n|\n|t:|1698792724\n|move|p1a: Kingambit|Iron Head|p2a: Garganacl\n|-supereffective|p2a: Garganacl\n|-damage|p2a: Garganacl|62\/100\n|cant|p2a: Garganacl|flinch\n|\n|-heal|p2a: Garganacl|68\/100|[from] item: Leftovers\n|upkeep\n|turn|25\n|\n|t:|1698792729\n|move|p1a: Kingambit|Iron Head|p2a: Garganacl\n|-supereffective|p2a: Garganacl\n|-crit|p2a: Garganacl\n|-damage|p2a: Garganacl|0 fnt\n|faint|p2a: Garganacl\n|\n|upkeep\n|c|\u2606santiastidias27|ALV\n|c|\u2606santiastidias27|No te rindes\n|\n|t:|1698792745\n|switch|p2a: Skeledirge|Skeledirge, M, shiny|100\/100\n|turn|26\n|c|\u2606Fawful oscuro|Pelear hasta el final\n|j| mitsunara3\n|\n|t:|1698792767\n|-terastallize|p2a: Skeledirge|Fairy\n|move|p1a: Kingambit|Sucker Punch||[still]\n|-fail|p1a: Kingambit\n|move|p2a: Skeledirge|Will-O-Wisp|p1a: Kingambit|[miss]\n|-miss|p2a: Skeledirge|p1a: Kingambit\n|\n|upkeep\n|turn|27\n|\n|t:|1698792778\n|move|p1a: Kingambit|Iron Head|p2a: Skeledirge\n|-supereffective|p2a: Skeledirge\n|-damage|p2a: Skeledirge|0 fnt\n|faint|p2a: Skeledirge\n|\n|upkeep\n|\n|t:|1698792783\n|switch|p2a: Iron Valiant|Iron Valiant, shiny|100\/100\n|-status|p2a: Iron Valiant|psn\n|-enditem|p2a: Iron Valiant|Booster Energy\n|-activate|p2a: Iron Valiant|ability: Quark Drive|[fromitem]\n|-start|p2a: Iron Valiant|quarkdrivespe\n|turn|28\n|c|\u2606santiastidias27|Eso me pasa por pedir combate mientras limpio la cocina\n|c|\u2606Fawful oscuro|Aqu\u00ed decide todo\n|c|\u2606Fawful oscuro|Oh...\n|\n|t:|1698792826\n|move|p2a: Iron Valiant|Aura Sphere|p1a: Kingambit\n|-supereffective|p1a: Kingambit\n|-damage|p1a: Kingambit|0 fnt\n|faint|p1a: Kingambit\n|-end|p1a: Kingambit|fallen5|[silent]\n|\n|win|santiastidias27\n|c| mitsunara3|Xd\n|c| mitsunara3|No mames\n|c|\u2606Fawful oscuro|En fin...\n|c|\u2606Fawful oscuro|Gg\n|c| mitsunara3|Pero\n|c| mitsunara3|Que mrs\n|c| mitsunara3|Usa golpe bajo\n|c|\u2606Fawful oscuro|Velocidad\n|c| mitsunara3|._.\n|c| mitsunara3|Prioridad\n|c|\u2606Fawful oscuro|Sucker punch no lo mataba\n|c|\u2606santiastidias27|Lucha yada\n|c| mitsunara3|We\n|c|\u2606santiastidias27|x0,25\n|c| mitsunara3|La habilidad\n|c| mitsunara3|Estaba al 100\n|c| mitsunara3|Lo Haca\n|c| mitsunara3|Hicia\n|c|\u2606santiastidias27|No mataba XD\n|c|\u2606Fawful oscuro|En fin, me voy\n|c|\u2606Fawful oscuro|Gran combate :)\n|c|\u2606santiastidias27|Sip\n|l|\u2606Fawful oscuro\n|l| mitsunara3\n|c|\u2606santiastidias27|Y la suerte estuvo con \u00e9l\n|l|\u2606santiastidias27\n|j|\u2606Fawful oscuro\n|player|p1|Fawful oscuro|will\n|l|\u2606Fawful oscuro\n|player|p1|\n|j|\u2606Fawful oscuro\n|player|p1|Fawful oscuro|will\n","uploadtime":1698793298,"views":18,"p1id":"fawfuloscuro","p2id":"santiastidias27","formatid":"gen9nationaldexubers","rating":0,"private":0,"password":""}