{"id":"gen9nationaldexubers-1984042876","p1":"fabricro","p2":"Xebas230","format":"[Gen 9] National Dex Ubers","log":"|j|\u2606fabricro\n|j|\u2606Xebas230\n|t:|1699212808\n|gametype|singles\n|player|p1|fabricro|n|\n|player|p2|Xebas230|265|\n|teamsize|p1|6\n|teamsize|p2|6\n|gen|9\n|tier|[Gen 9] National Dex Ubers\n|rule|HP Percentage Mod: HP is shown in percentages\n|rule|Endless Battle Clause: Forcing endless battles is banned\n|rule|OHKO Clause: OHKO moves are banned\n|rule|Evasion Moves Clause: Evasion moves are banned\n|rule|Evasion Items Clause: Evasion items are banned\n|rule|Species Clause: Limit one of each Pok\u00e9mon\n|rule|Sleep Clause Mod: Limit one foe put to sleep\n|rule|Mega Rayquaza Clause: You cannot mega evolve Rayquaza\n|clearpoke\n|poke|p1|Fezandipiti, M|\n|poke|p1|Kleavor, M|\n|poke|p1|Gholdengo|\n|poke|p1|Mamoswine, F|\n|poke|p1|Porygon-Z|\n|poke|p1|Lopunny, M|\n|poke|p2|Forretress, M|\n|poke|p2|Lopunny, F|\n|poke|p2|Greninja-*, M|\n|poke|p2|Serperior, M|\n|poke|p2|Victini|\n|poke|p2|Azumarill, F|\n|teampreview\n|inactive|Battle timer is ON: inactive players will automatically lose when time's up. (requested by fabricro)\n|c|\u2606fabricro|Buena suerte\n|\n|t:|1699212826\n|start\n|switch|p1a: Kleavor|Kleavor, M|100\/100\n|switch|p2a: Dindirindirin|Forretress, M|100\/100\n|turn|1\n|c|\u2606Xebas230|Buena suerte igual\n|\n|t:|1699212838\n|move|p1a: Kleavor|Stone Axe|p2a: Dindirindirin\n|-damage|p2a: Dindirindirin|55\/100\n|-sidestart|p2: Xebas230|move: Stealth Rock\n|move|p2a: Dindirindirin|Stealth Rock|p1a: Kleavor\n|-sidestart|p1: fabricro|move: Stealth Rock\n|\n|upkeep\n|turn|2\n|\n|t:|1699212851\n|move|p1a: Kleavor|Stone Axe|p2a: Dindirindirin|[miss]\n|-miss|p1a: Kleavor|p2a: Dindirindirin\n|move|p2a: Dindirindirin|Rapid Spin|p1a: Kleavor\n|-resisted|p1a: Kleavor\n|-damage|p1a: Kleavor|93\/100\n|-boost|p2a: Dindirindirin|spe|1\n|-sideend|p2: Xebas230|Stealth Rock|[from] move: Rapid Spin|[of] p2a: Dindirindirin\n|\n|upkeep\n|turn|3\n|\n|t:|1699212863\n|move|p1a: Kleavor|Stone Axe|p2a: Dindirindirin\n|-damage|p2a: Dindirindirin|9\/100\n|-sidestart|p2: Xebas230|move: Stealth Rock\n|move|p2a: Dindirindirin|Explosion|p1a: Kleavor\n|-resisted|p1a: Kleavor\n|-damage|p1a: Kleavor|50\/100\n|faint|p2a: Dindirindirin\n|\n|upkeep\n|inactive|Xebas230 has 270 seconds left.\n|\n|t:|1699212894\n|switch|p2a: Bloby|Greninja, M|100\/100\n|-damage|p2a: Bloby|88\/100|[from] Stealth Rock\n|turn|4\n|inactive|Xebas230 has 270 seconds left.\n|\n|t:|1699212903\n|switch|p1a: Fezandipiti|Fezandipiti, M|100\/100\n|-damage|p1a: Fezandipiti|88\/100|[from] Stealth Rock\n|move|p2a: Bloby|Hydro Pump|p1a: Fezandipiti\n|-crit|p1a: Fezandipiti\n|-damage|p1a: Fezandipiti|31\/100\n|\n|upkeep\n|turn|5\n|inactive|Xebas230 has 270 seconds left.\n|\n|t:|1699212916\n|move|p2a: Bloby|Water Shuriken|p1a: Fezandipiti\n|-damage|p1a: Fezandipiti|26\/100\n|-damage|p1a: Fezandipiti|21\/100\n|-damage|p1a: Fezandipiti|16\/100\n|-hitcount|p1a: Fezandipiti|3\n|move|p1a: Fezandipiti|Rest|p1a: Fezandipiti\n|-status|p1a: Fezandipiti|slp|[from] move: Rest\n|-enditem|p1a: Fezandipiti|Lum Berry|[eat]\n|-curestatus|p1a: Fezandipiti|slp|[msg]\n|-heal|p1a: Fezandipiti|100\/100|[silent]\n|\n|upkeep\n|turn|6\n|inactive|Xebas230 has 270 seconds left.\n|inactiveoff|Battle timer is now OFF.\n|\n|t:|1699212958\n|move|p2a: Bloby|Spikes|p1a: Fezandipiti\n|-sidestart|p1: fabricro|Spikes\n|move|p1a: Fezandipiti|Calm Mind|p1a: Fezandipiti\n|-boost|p1a: Fezandipiti|spa|1\n|-boost|p1a: Fezandipiti|spd|1\n|\n|upkeep\n|turn|7\n|\n|t:|1699212965\n|-zpower|p2a: Bloby\n|move|p2a: Bloby|Hydro Vortex|p1a: Fezandipiti|[zeffect]\n|-damage|p1a: Fezandipiti|59\/100\n|move|p1a: Fezandipiti|Moonblast|p2a: Bloby\n|-supereffective|p2a: Bloby\n|-damage|p2a: Bloby|0 fnt\n|faint|p2a: Bloby\n|\n|upkeep\n|\n|t:|1699212975\n|switch|p2a: Prepare to Die|Azumarill, F|100\/100\n|-damage|p2a: Prepare to Die|88\/100|[from] Stealth Rock\n|turn|8\n|\n|t:|1699212981\n|-terastallize|p2a: Prepare to Die|Water\n|move|p1a: Fezandipiti|Sludge Bomb|p2a: Prepare to Die\n|-damage|p2a: Prepare to Die|33\/100\n|-enditem|p2a: Prepare to Die|Sitrus Berry|[eat]\n|-heal|p2a: Prepare to Die|58\/100|[from] item: Sitrus Berry\n|move|p2a: Prepare to Die|Belly Drum|p2a: Prepare to Die\n|-damage|p2a: Prepare to Die|8\/100\n|-setboost|p2a: Prepare to Die|atk|6|[from] move: Belly Drum\n|\n|upkeep\n|turn|9\n|\n|t:|1699212993\n|move|p1a: Fezandipiti|Sludge Bomb|p2a: Prepare to Die\n|-damage|p2a: Prepare to Die|0 fnt\n|faint|p2a: Prepare to Die\n|\n|upkeep\n|\n|t:|1699213000\n|switch|p2a: Senton Duro|Lopunny, F|100\/100\n|-damage|p2a: Senton Duro|88\/100|[from] Stealth Rock\n|turn|10\n|\n|t:|1699213010\n|detailschange|p2a: Senton Duro|Lopunny-Mega, F\n|-mega|p2a: Senton Duro|Lopunny|Lopunnite\n|move|p2a: Senton Duro|Fake Out|p1a: Fezandipiti\n|-damage|p1a: Fezandipiti|37\/100\n|cant|p1a: Fezandipiti|flinch\n|\n|upkeep\n|turn|11\n|\n|t:|1699213016\n|move|p2a: Senton Duro|High Jump Kick|p1a: Fezandipiti\n|-resisted|p1a: Fezandipiti\n|-damage|p1a: Fezandipiti|17\/100\n|move|p1a: Fezandipiti|Moonblast|p2a: Senton Duro\n|-supereffective|p2a: Senton Duro\n|-damage|p2a: Senton Duro|0 fnt\n|faint|p2a: Senton Duro\n|\n|upkeep\n|\n|t:|1699213025\n|switch|p2a: Fire in the Hole|Victini|100\/100\n|-damage|p2a: Fire in the Hole|76\/100|[from] Stealth Rock\n|turn|12\n|\n|t:|1699213029\n|move|p2a: Fire in the Hole|Zen Headbutt|p1a: Fezandipiti\n|-supereffective|p1a: Fezandipiti\n|-damage|p1a: Fezandipiti|0 fnt\n|faint|p1a: Fezandipiti\n|\n|upkeep\n|\n|t:|1699213044\n|switch|p1a: Mamoswine|Mamoswine, F|100\/100\n|-damage|p1a: Mamoswine|88\/100|[from] Stealth Rock\n|-damage|p1a: Mamoswine|76\/100|[from] Spikes\n|turn|13\n|\n|t:|1699213054\n|switch|p2a: Baez|Serperior, M|100\/100\n|-damage|p2a: Baez|88\/100|[from] Stealth Rock\n|move|p1a: Mamoswine|Knock Off|p2a: Baez\n|-crit|p2a: Baez\n|-damage|p2a: Baez|24\/100\n|-damage|p1a: Mamoswine|59\/100|[from] item: Rocky Helmet|[of] p2a: Baez\n|-enditem|p2a: Baez|Rocky Helmet|[from] move: Knock Off|[of] p1a: Mamoswine\n|\n|upkeep\n|turn|14\n|\n|t:|1699213063\n|move|p1a: Mamoswine|Ice Shard|p2a: Baez\n|-supereffective|p2a: Baez\n|-damage|p2a: Baez|0 fnt\n|faint|p2a: Baez\n|\n|upkeep\n|\n|t:|1699213071\n|switch|p2a: Fire in the Hole|Victini|76\/100\n|-damage|p2a: Fire in the Hole|51\/100|[from] Stealth Rock\n|turn|15\n|\n|t:|1699213076\n|move|p2a: Fire in the Hole|V-create|p1a: Mamoswine\n|-supereffective|p1a: Mamoswine\n|-damage|p1a: Mamoswine|0 fnt\n|-unboost|p2a: Fire in the Hole|spe|1\n|-unboost|p2a: Fire in the Hole|def|1\n|-unboost|p2a: Fire in the Hole|spd|1\n|faint|p1a: Mamoswine\n|\n|upkeep\n|\n|t:|1699213080\n|switch|p1a: Lopunny|Lopunny, M|100\/100\n|-damage|p1a: Lopunny|88\/100|[from] Stealth Rock\n|-damage|p1a: Lopunny|76\/100|[from] Spikes\n|turn|16\n|\n|t:|1699213085\n|detailschange|p1a: Lopunny|Lopunny-Mega, M\n|-mega|p1a: Lopunny|Lopunny|Lopunnite\n|move|p1a: Lopunny|Fake Out|p2a: Fire in the Hole\n|-damage|p2a: Fire in the Hole|20\/100\n|cant|p2a: Fire in the Hole|flinch\n|\n|upkeep\n|turn|17\n|\n|t:|1699213092\n|move|p1a: Lopunny|Return|p2a: Fire in the Hole\n|-damage|p2a: Fire in the Hole|0 fnt\n|faint|p2a: Fire in the Hole\n|\n|win|fabricro\n|l|\u2606fabricro\n|c|\u2606Xebas230|Gg\n","uploadtime":1699213103,"views":7,"p1id":"fabricro","p2id":"xebas230","formatid":"gen9nationaldexubers","rating":0,"private":0,"password":""}