{"id":"gen9nationaldexubers-1999601310","p1":"Marioipod","p2":"MeGotNoDollar","format":"[Gen 9] National Dex Ubers","log":"|j|\u203dMarioipod\n|j|\u2606MeGotNoDollar\n|t:|1701100113\n|gametype|singles\n|player|p1|Marioipod|lucas-gen4pt|1137\n|player|p2|MeGotNoDollar|n|1106\n|teamsize|p1|6\n|teamsize|p2|6\n|gen|9\n|tier|[Gen 9] National Dex Ubers\n|rated|\n|rule|HP Percentage Mod: HP is shown in percentages\n|rule|Endless Battle Clause: Forcing endless battles is banned\n|rule|OHKO Clause: OHKO moves are banned\n|rule|Evasion Moves Clause: Evasion moves are banned\n|rule|Evasion Items Clause: Evasion items are banned\n|rule|Species Clause: Limit one of each Pok\u00e9mon\n|rule|Sleep Clause Mod: Limit one foe put to sleep\n|rule|Mega Rayquaza Clause: You cannot mega evolve Rayquaza\n|clearpoke\n|poke|p1|Roaring Moon|\n|poke|p1|Zygarde|\n|poke|p1|Mewtwo|\n|poke|p1|Kyogre|\n|poke|p1|Giratina-Origin|\n|poke|p1|Kyurem-Black|\n|poke|p2|Aggron, F|\n|poke|p2|Blaziken, M|\n|poke|p2|Gyarados, M|\n|poke|p2|Great Tusk|\n|poke|p2|Pawmot, M|\n|poke|p2|Annihilape, F|\n|teampreview\n|\n|t:|1701100131\n|start\n|switch|p1a: Mewtwo|Mewtwo|100\/100\n|switch|p2a: Annihilape|Annihilape, F|100\/100\n|-ability|p1a: Mewtwo|Unnerve\n|turn|1\n|\n|t:|1701100141\n|detailschange|p1a: Mewtwo|Mewtwo-Mega-Y\n|-mega|p1a: Mewtwo|Mewtwo|Mewtwonite Y\n|move|p1a: Mewtwo|Psystrike|p2a: Annihilape\n|-supereffective|p2a: Annihilape\n|-damage|p2a: Annihilape|0 fnt\n|faint|p2a: Annihilape\n|\n|upkeep\n|\n|t:|1701100147\n|switch|p2a: Great Tusk|Great Tusk|100\/100\n|turn|2\n|\n|t:|1701100150\n|-terastallize|p2a: Great Tusk|Dark\n|move|p2a: Great Tusk|Megahorn|p1a: Mewtwo\n|-supereffective|p1a: Mewtwo\n|-damage|p1a: Mewtwo|0 fnt\n|faint|p1a: Mewtwo\n|\n|upkeep\n|\n|t:|1701100158\n|switch|p1a: Kyogre|Kyogre|100\/100\n|detailschange|p1a: Kyogre|Kyogre-Primal\n|-primal|p1a: Kyogre|Blue Orb\n|-weather|PrimordialSea|[from] ability: Primordial Sea|[of] p1a: Kyogre\n|turn|3\n|\n|t:|1701100161\n|move|p2a: Great Tusk|Megahorn|p1a: Kyogre\n|-damage|p1a: Kyogre|52\/100\n|move|p1a: Kyogre|Water Spout|p2a: Great Tusk\n|-damage|p2a: Great Tusk|0 fnt\n|faint|p2a: Great Tusk\n|-end|p2a: Great Tusk|Protosynthesis|[silent]\n|\n|-weather|PrimordialSea|[upkeep]\n|upkeep\n|\n|t:|1701100167\n|switch|p2a: Pawmot|Pawmot, M|100\/100\n|turn|4\n|\n|t:|1701100170\n|-weather|none\n|switch|p1a: Zygarde|Zygarde|100\/100\n|move|p2a: Pawmot|Fake Out|p1a: Zygarde\n|-damage|p1a: Zygarde|91\/100\n|\n|-heal|p1a: Zygarde|98\/100|[from] item: Leftovers\n|upkeep\n|turn|5\n|\n|t:|1701100177\n|move|p2a: Pawmot|Revival Blessing|p2a: Pawmot\n|-enditem|p2a: Pawmot|Leppa Berry|[eat]\n|-activate|p2a: Pawmot|item: Leppa Berry|Revival Blessing|[consumed]\n|\n|t:|1701100179\n|-heal|p2: Annihilape|50\/100|[from] move: Revival Blessing\n|move|p1a: Zygarde|Coil|p1a: Zygarde\n|-boost|p1a: Zygarde|atk|1\n|-boost|p1a: Zygarde|def|1\n|-boost|p1a: Zygarde|accuracy|1\n|\n|-heal|p1a: Zygarde|100\/100|[from] item: Leftovers\n|upkeep\n|turn|6\n|\n|t:|1701100187\n|switch|p2a: Gyarados|Gyarados, M|100\/100\n|move|p1a: Zygarde|Thousand Arrows|p2a: Gyarados\n|-damage|p2a: Gyarados|46\/100\n|-start|p2a: Gyarados|Smack Down\n|\n|-heal|p2a: Gyarados|53\/100|[from] item: Leftovers\n|upkeep\n|turn|7\n|\n|t:|1701100193\n|move|p2a: Gyarados|Outrage|p1a: Zygarde\n|-supereffective|p1a: Zygarde\n|-damage|p1a: Zygarde|67\/100\n|move|p1a: Zygarde|Dragon Tail|p2a: Gyarados\n|-damage|p2a: Gyarados|18\/100\n|drag|p2a: Blaziken|Blaziken, M|100\/100\n|\n|-heal|p1a: Zygarde|73\/100|[from] item: Leftovers\n|upkeep\n|turn|8\n|\n|t:|1701100203\n|move|p2a: Blaziken|Swords Dance|p2a: Blaziken\n|-boost|p2a: Blaziken|atk|2\n|move|p1a: Zygarde|Thousand Arrows|p2a: Blaziken\n|-supereffective|p2a: Blaziken\n|-enditem|p2a: Blaziken|Focus Sash\n|-damage|p2a: Blaziken|1\/100\n|\n|-heal|p1a: Zygarde|79\/100|[from] item: Leftovers\n|-ability|p2a: Blaziken|Speed Boost|boost\n|-boost|p2a: Blaziken|spe|1\n|upkeep\n|turn|9\n|\n|t:|1701100211\n|move|p2a: Blaziken|Close Combat|p1a: Zygarde\n|-damage|p1a: Zygarde|15\/100\n|-unboost|p2a: Blaziken|def|1\n|-unboost|p2a: Blaziken|spd|1\n|move|p1a: Zygarde|Dragon Tail|p2a: Blaziken\n|-damage|p2a: Blaziken|0 fnt\n|faint|p2a: Blaziken\n|\n|-heal|p1a: Zygarde|21\/100|[from] item: Leftovers\n|-activate|p1a: Zygarde|ability: Power Construct\n|detailschange|p1a: Zygarde|Zygarde-Complete\n|-heal|p1a: Zygarde|48\/100|[silent]\n|upkeep\n|\n|t:|1701100219\n|switch|p2a: Gyarados|Gyarados, M|18\/100\n|turn|10\n|\n|t:|1701100222\n|move|p2a: Gyarados|Outrage|p1a: Zygarde\n|-supereffective|p1a: Zygarde\n|-damage|p1a: Zygarde|24\/100\n|move|p1a: Zygarde|Dragon Tail|p2a: Gyarados\n|-damage|p2a: Gyarados|0 fnt\n|faint|p2a: Gyarados\n|\n|-heal|p1a: Zygarde|30\/100|[from] item: Leftovers\n|upkeep\n|inactive|Battle timer is ON: inactive players will automatically lose when time's up. (requested by Marioipod)\n|\n|t:|1701100234\n|switch|p2a: Aggron|Aggron, F|100\/100\n|turn|11\n|\n|t:|1701100237\n|move|p1a: Zygarde|Thousand Arrows|p2a: Aggron\n|-supereffective|p2a: Aggron\n|-damage|p2a: Aggron|0 fnt\n|faint|p2a: Aggron\n|\n|-heal|p1a: Zygarde|36\/100|[from] item: Leftovers\n|upkeep\n|\n|t:|1701100241\n|switch|p2a: Pawmot|Pawmot, M|100\/100\n|turn|12\n|\n|t:|1701100245\n|move|p2a: Pawmot|Revival Blessing|p2a: Pawmot\n|\n|t:|1701100254\n|-heal|p2: Aggron|50\/100|[from] move: Revival Blessing\n|move|p1a: Zygarde|Thousand Arrows|p2a: Pawmot\n|-supereffective|p2a: Pawmot\n|-damage|p2a: Pawmot|0 fnt\n|faint|p2a: Pawmot\n|\n|-heal|p1a: Zygarde|42\/100|[from] item: Leftovers\n|upkeep\n|\n|t:|1701100261\n|switch|p2a: Annihilape|Annihilape, F|50\/100\n|turn|13\n|\n|t:|1701100266\n|move|p2a: Annihilape|Rage Fist|p1a: Zygarde\n|-crit|p1a: Zygarde\n|-damage|p1a: Zygarde|6\/100\n|move|p1a: Zygarde|Thousand Arrows|p2a: Annihilape\n|-damage|p2a: Annihilape|0 fnt\n|faint|p2a: Annihilape\n|\n|-heal|p1a: Zygarde|12\/100|[from] item: Leftovers\n|upkeep\n|\n|t:|1701100268\n|switch|p2a: Aggron|Aggron, F|50\/100\n|turn|14\n|-activate|p2a: Aggron|item: Quick Claw\n|\n|t:|1701100270\n|move|p2a: Aggron|High Horsepower|p1a: Zygarde\n|-damage|p1a: Zygarde|2\/100\n|move|p1a: Zygarde|Thousand Arrows|p2a: Aggron\n|-supereffective|p2a: Aggron\n|-damage|p2a: Aggron|0 fnt\n|faint|p2a: Aggron\n|\n|win|Marioipod\n|raw|Marioipod's rating: 1137 &rarr; <strong>1160<\/strong><br \/>(+23 for winning)\n|raw|MeGotNoDollar's rating: 1106 &rarr; <strong>1083<\/strong><br \/>(-23 for losing)\n","uploadtime":1701100273,"views":1,"p1id":"marioipod","p2id":"megotnodollar","formatid":"gen9nationaldexubers","rating":1083,"private":0,"password":""}