{"id":"gen9nationaldexubers-1987378333","p1":"aquiles meo","p2":"xicocavier","format":"[Gen 9] National Dex Ubers","log":"|j|\u2606aquiles meo\n|j|\u2606xicocavier\n|t:|1699583794\n|gametype|singles\n|player|p1|aquiles meo|ethan|1141\n|player|p2|xicocavier|102|1034\n|teamsize|p1|6\n|teamsize|p2|6\n|gen|9\n|tier|[Gen 9] National Dex Ubers\n|rated|\n|rule|HP Percentage Mod: HP is shown in percentages\n|rule|Endless Battle Clause: Forcing endless battles is banned\n|rule|OHKO Clause: OHKO moves are banned\n|rule|Evasion Moves Clause: Evasion moves are banned\n|rule|Evasion Items Clause: Evasion items are banned\n|rule|Species Clause: Limit one of each Pok\u00e9mon\n|rule|Sleep Clause Mod: Limit one foe put to sleep\n|rule|Mega Rayquaza Clause: You cannot mega evolve Rayquaza\n|clearpoke\n|poke|p1|Jirachi|\n|poke|p1|Ho-Oh|\n|poke|p1|Rayquaza|\n|poke|p1|Pidgeot, M|\n|poke|p1|Lucario, M|\n|poke|p1|Luxray, M|\n|poke|p2|Breloom, F|\n|poke|p2|Zamazenta-*|\n|poke|p2|Blaziken, M|\n|poke|p2|Heracross, F|\n|poke|p2|Machamp, F|\n|poke|p2|Keldeo-Resolute|\n|teampreview\n|\n|t:|1699583798\n|start\n|switch|p1a: Jirachi|Jirachi, shiny|100\/100\n|switch|p2a: Machamp|Machamp, F|100\/100\n|turn|1\n|\n|t:|1699583810\n|move|p1a: Jirachi|Iron Head|p2a: Machamp\n|-damage|p2a: Machamp|69\/100\n|move|p2a: Machamp|Knock Off|p1a: Jirachi\n|-supereffective|p1a: Jirachi\n|-damage|p1a: Jirachi|37\/100\n|-enditem|p1a: Jirachi|King's Rock|[from] move: Knock Off|[of] p2a: Machamp\n|\n|-status|p2a: Machamp|brn|[from] item: Flame Orb\n|upkeep\n|turn|2\n|j| itzsamurottlel\n|c|\u2606aquiles meo|nope\n|c|\u2606aquiles meo|no no no\n|c|\u2606aquiles meo|hmm\n|\n|t:|1699583851\n|move|p1a: Jirachi|Iron Head|p2a: Machamp\n|-damage|p2a: Machamp|40\/100 brn\n|cant|p2a: Machamp|flinch\n|\n|-damage|p2a: Machamp|33\/100 brn|[from] brn\n|upkeep\n|turn|3\n|\n|t:|1699583875\n|switch|p1a: Rayquaza|Rayquaza, shiny|100\/100\n|-ability|p1a: Rayquaza|Air Lock\n|move|p2a: Machamp|Facade|p1a: Rayquaza\n|-damage|p1a: Rayquaza|19\/100\n|\n|-damage|p2a: Machamp|27\/100 brn|[from] brn\n|upkeep\n|turn|4\n|\n|t:|1699583890\n|move|p1a: Rayquaza|Extreme Speed|p2a: Machamp\n|-damage|p2a: Machamp|0 fnt\n|faint|p2a: Machamp\n|\n|upkeep\n|\n|t:|1699583904\n|switch|p2a: Blaziken|Blaziken, M|100\/100\n|turn|5\n|\n|t:|1699583913\n|detailschange|p2a: Blaziken|Blaziken-Mega, M\n|-mega|p2a: Blaziken|Blaziken|Blazikenite\n|-terastallize|p1a: Rayquaza|Flying\n|move|p2a: Blaziken|Protect|p2a: Blaziken\n|-singleturn|p2a: Blaziken|Protect\n|move|p1a: Rayquaza|Dragon Ascent|p2a: Blaziken\n|-activate|p2a: Blaziken|move: Protect\n|\n|-ability|p2a: Blaziken|Speed Boost|boost\n|-boost|p2a: Blaziken|spe|1\n|upkeep\n|turn|6\n|\n|t:|1699583947\n|move|p1a: Rayquaza|Extreme Speed|p2a: Blaziken\n|-damage|p2a: Blaziken|67\/100\n|move|p2a: Blaziken|Flare Blitz|p1a: Rayquaza\n|-damage|p1a: Rayquaza|0 fnt\n|faint|p1a: Rayquaza\n|-damage|p2a: Blaziken|60\/100|[from] Recoil\n|\n|-ability|p2a: Blaziken|Speed Boost|boost\n|-boost|p2a: Blaziken|spe|1\n|upkeep\n|\n|t:|1699583958\n|switch|p1a: Pidgeot|Pidgeot, M, shiny|100\/100\n|turn|7\n|\n|t:|1699583989\n|detailschange|p1a: Pidgeot|Pidgeot-Mega, M, shiny\n|-mega|p1a: Pidgeot|Pidgeot|Pidgeotite\n|move|p2a: Blaziken|Protect|p2a: Blaziken\n|-singleturn|p2a: Blaziken|Protect\n|move|p1a: Pidgeot|Tailwind|p1a: Pidgeot\n|-sidestart|p1: aquiles meo|move: Tailwind\n|\n|-ability|p2a: Blaziken|Speed Boost|boost\n|-boost|p2a: Blaziken|spe|1\n|upkeep\n|turn|8\n|\n|t:|1699584000\n|move|p2a: Blaziken|Flare Blitz|p1a: Pidgeot\n|-damage|p1a: Pidgeot|2\/100\n|-damage|p2a: Blaziken|25\/100|[from] Recoil\n|move|p1a: Pidgeot|Hurricane|p2a: Blaziken\n|-supereffective|p2a: Blaziken\n|-damage|p2a: Blaziken|0 fnt\n|faint|p2a: Blaziken\n|\n|upkeep\n|c|\u2606aquiles meo|!dt flare blitz\n|raw|<ul class=\"utilichart\"><li class=\"result\"><span class=\"col movenamecol\"><a href=\"https:\/\/dex.pokemonshowdown.com\/moves\/flareblitz\">Flare Blitz<\/a><\/span> <span class=\"col typecol\"><img src=\"\/\/play.pokemonshowdown.com\/sprites\/types\/Fire.png\" alt=\"Fire\" width=\"32\" height=\"14\"><img src=\"\/\/play.pokemonshowdown.com\/sprites\/categories\/Physical.png\" alt=\"Physical\" width=\"32\" height=\"14\"><\/span> <span class=\"col labelcol\"><em>Power<\/em><br>120<\/span> <span class=\"col widelabelcol\"><em>Accuracy<\/em><br>100%<\/span> <span class=\"col pplabelcol\"><em>PP<\/em><br>24<\/span> <span class=\"col movedesccol\">Has 33% recoil. 10% chance to burn. Thaws user.<\/span> <\/li><li style=\"clear:both\"><\/li><\/ul>\n|raw|<font size=\"1\"><font color=\"#686868\">Priority:<\/font> 0&nbsp;|&ThickSpace;<font color=\"#686868\">Gen:<\/font> 4&nbsp;|&ThickSpace;&#10003; Boosted by Sheer Force&nbsp;|&ThickSpace;&#10003; Contact&nbsp;|&ThickSpace;&#10003; Thaws user&nbsp;|&ThickSpace;<font color=\"#686868\">Z-Power:<\/font> 190&nbsp;|&ThickSpace;<font color=\"#686868\">Dynamax Power:<\/font> 140&nbsp;|&ThickSpace;<font color=\"#686868\">Target:<\/font> One Adjacent Pok\u00e9mon<\/font>\n\n|\n|t:|1699584018\n|switch|p2a: Zamazenta|Zamazenta-Crowned|100\/100\n|-ability|p2a: Zamazenta|Dauntless Shield|boost\n|-boost|p2a: Zamazenta|def|1\n|turn|9\n|c|\u2606aquiles meo|some of the wildest speed ive seen\n|\n|t:|1699584043\n|switch|p1a: Lucario|Lucario, M, shiny|100\/100\n|move|p2a: Zamazenta|Wild Charge|p1a: Lucario\n|-damage|p1a: Lucario|53\/100\n|-damage|p2a: Zamazenta|90\/100|[from] Recoil\n|\n|upkeep\n|turn|10\n|c|\u2606aquiles meo|dont\n|c|\u2606aquiles meo|protect\n|\n|t:|1699584080\n|move|p1a: Lucario|Aura Sphere|p2a: Zamazenta\n|-supereffective|p2a: Zamazenta\n|-damage|p2a: Zamazenta|41\/100\n|move|p2a: Zamazenta|Howl|p2a: Zamazenta\n|-boost|p2a: Zamazenta|atk|1\n|\n|-sideend|p1: aquiles meo|move: Tailwind\n|upkeep\n|turn|11\n|\n|t:|1699584110\n|switch|p1a: Ho-Oh|Ho-Oh, shiny|100\/100\n|-terastallize|p2a: Zamazenta|Fighting\n|move|p2a: Zamazenta|Close Combat|p1a: Ho-Oh\n|-resisted|p1a: Ho-Oh\n|-damage|p1a: Ho-Oh|43\/100\n|-unboost|p2a: Zamazenta|def|1\n|-unboost|p2a: Zamazenta|spd|1\n|\n|upkeep\n|turn|12\n|\n|t:|1699584135\n|switch|p1a: Jirachi|Jirachi, shiny|37\/100\n|move|p2a: Zamazenta|Behemoth Bash|p1a: Jirachi\n|-resisted|p1a: Jirachi\n|-damage|p1a: Jirachi|5\/100\n|\n|upkeep\n|turn|13\n|\n|t:|1699584145\n|move|p2a: Zamazenta|Wild Charge|p1a: Jirachi\n|-damage|p1a: Jirachi|0 fnt\n|faint|p1a: Jirachi\n|-damage|p2a: Zamazenta|40\/100|[from] Recoil\n|\n|upkeep\n|\n|t:|1699584166\n|switch|p1a: Ho-Oh|Ho-Oh, shiny|76\/100\n|turn|14\n|\n|t:|1699584174\n|move|p2a: Zamazenta|Wild Charge|p1a: Ho-Oh\n|-supereffective|p1a: Ho-Oh\n|-damage|p1a: Ho-Oh|0 fnt\n|faint|p1a: Ho-Oh\n|-damage|p2a: Zamazenta|18\/100|[from] Recoil\n|\n|upkeep\n|\n|t:|1699584197\n|switch|p1a: Lucario|Lucario, M, shiny|53\/100\n|turn|15\n|\n|t:|1699584205\n|move|p1a: Lucario|Bullet Punch|p2a: Zamazenta\n|-damage|p2a: Zamazenta|5\/100\n|move|p2a: Zamazenta|Close Combat|p1a: Lucario\n|-supereffective|p1a: Lucario\n|-damage|p1a: Lucario|0 fnt\n|-unboost|p2a: Zamazenta|def|1\n|-unboost|p2a: Zamazenta|spd|1\n|faint|p1a: Lucario\n|\n|upkeep\n|\n|t:|1699584215\n|switch|p1a: Luxray|Luxray, M, shiny|100\/100\n|turn|16\n|\n|t:|1699584220\n|move|p2a: Zamazenta|Behemoth Bash|p1a: Luxray\n|-resisted|p1a: Luxray\n|-damage|p1a: Luxray|57\/100\n|move|p1a: Luxray|Psychic Fangs|p2a: Zamazenta\n|-supereffective|p2a: Zamazenta\n|-damage|p2a: Zamazenta|0 fnt\n|faint|p2a: Zamazenta\n|\n|upkeep\n|\n|t:|1699584246\n|switch|p2a: Heracross|Heracross, F|100\/100\n|turn|17\n|l| itzsamurottlel\n|\n|t:|1699584297\n|move|p2a: Heracross|Stone Edge|p1a: Luxray\n|-damage|p1a: Luxray|3\/100\n|-zpower|p1a: Luxray\n|move|p1a: Luxray|Gigavolt Havoc|p2a: Heracross|[zeffect]\n|-damage|p2a: Heracross|0 fnt\n|faint|p2a: Heracross\n|\n|upkeep\n|\n|t:|1699584316\n|switch|p2a: Breloom|Breloom, F, shiny|100\/100\n|turn|18\n|\n|t:|1699584337\n|move|p2a: Breloom|Spore|p1a: Luxray\n|-status|p1a: Luxray|slp|[from] move: Spore\n|cant|p1a: Luxray|slp\n|\n|upkeep\n|turn|19\n|\n|t:|1699584353\n|move|p2a: Breloom|Spore|p1a: Luxray\n|-fail|p1a: Luxray|slp\n|cant|p1a: Luxray|slp\n|\n|upkeep\n|turn|20\n|\n|t:|1699584366\n|switch|p1a: Pidgeot|Pidgeot-Mega, M, shiny|2\/100\n|move|p2a: Breloom|Mach Punch|p1a: Pidgeot\n|-damage|p1a: Pidgeot|0 fnt\n|faint|p1a: Pidgeot\n|\n|upkeep\n|\n|t:|1699584388\n|switch|p1a: Luxray|Luxray, M, shiny|3\/100 slp\n|turn|21\n|\n|t:|1699584394\n|move|p2a: Breloom|Bullet Seed|p1a: Luxray\n|-damage|p1a: Luxray|0 fnt\n|faint|p1a: Luxray\n|-hitcount|p1: Luxray|1\n|\n|win|xicocavier\n|raw|aquiles meo's rating: 1141 &rarr; <strong>1109<\/strong><br \/>(-32 for losing)\n|raw|xicocavier's rating: 1034 &rarr; <strong>1079<\/strong><br \/>(+45 for winning)\n|l|\u2606xicocavier\n","uploadtime":1699584413,"views":4,"p1id":"aquilesmeo","p2id":"xicocavier","formatid":"gen9nationaldexubers","rating":1079,"private":0,"password":""}