{"id":"gen9nationaldexubers-1998288130","p1":"TheRealDiabeto","p2":"vespyyy","format":"[Gen 9] National Dex Ubers","log":"|j|\u2606TheRealDiabeto\n|j|\u2606vespyyy\n|t:|1700925066\n|gametype|singles\n|player|p1|TheRealDiabeto|102|\n|player|p2|vespyyy|juggler|\n|teamsize|p1|6\n|teamsize|p2|6\n|gen|9\n|tier|[Gen 9] National Dex Ubers\n|rule|HP Percentage Mod: HP is shown in percentages\n|rule|Endless Battle Clause: Forcing endless battles is banned\n|rule|OHKO Clause: OHKO moves are banned\n|rule|Evasion Moves Clause: Evasion moves are banned\n|rule|Evasion Items Clause: Evasion items are banned\n|rule|Species Clause: Limit one of each Pok\u00e9mon\n|rule|Sleep Clause Mod: Limit one foe put to sleep\n|rule|Mega Rayquaza Clause: You cannot mega evolve Rayquaza\n|clearpoke\n|poke|p1|Grimmsnarl, M|\n|poke|p1|Ursaluna-Bloodmoon, M|\n|poke|p1|Ogerpon-Wellspring, F|\n|poke|p1|Kingambit, M|\n|poke|p1|Hatterene, F|\n|poke|p1|Cinderace, M|\n|poke|p2|Slowbro, M|\n|poke|p2|Latios, M|\n|poke|p2|Tapu Lele|\n|poke|p2|Victini|\n|poke|p2|Latias, F|\n|poke|p2|Jirachi|\n|teampreview\n|c|\u2606TheRealDiabeto|glhf\n|\n|t:|1700925144\n|start\n|switch|p1a: Goblin Mode|Grimmsnarl, M|100\/100\n|switch|p2a: Shells|Tapu Lele|100\/100\n|-fieldstart|move: Psychic Terrain|[from] ability: Psychic Surge|[of] p2a: Shells\n|turn|1\n|\n|t:|1700925153\n|move|p1a: Goblin Mode|Light Screen|p1a: Goblin Mode\n|-sidestart|p1: TheRealDiabeto|move: Light Screen\n|move|p2a: Shells|Moonblast|p1a: Goblin Mode\n|-supereffective|p1a: Goblin Mode\n|-crit|p1a: Goblin Mode\n|-damage|p1a: Goblin Mode|0 fnt\n|faint|p1a: Goblin Mode\n|\n|upkeep\n|\n|t:|1700925161\n|switch|p1a: Shogun Shien|Kingambit, M|100\/100\n|-activate|p1a: Shogun Shien|ability: Supreme Overlord\n|-start|p1a: Shogun Shien|fallen1|[silent]\n|turn|2\n|\n|t:|1700925170\n|switch|p2a: Garganelli|Jirachi|100\/100\n|move|p1a: Shogun Shien|Knock Off|p2a: Garganelli\n|-supereffective|p2a: Garganelli\n|-damage|p2a: Garganelli|0 fnt\n|-enditem|p2a: Garganelli|Leftovers|[from] move: Knock Off|[of] p1a: Shogun Shien\n|faint|p2a: Garganelli\n|\n|upkeep\n|\n|t:|1700925178\n|switch|p2a: Bucatini|Slowbro, M|100\/100\n|turn|3\n|\n|t:|1700925182\n|detailschange|p2a: Bucatini|Slowbro-Mega, M\n|-mega|p2a: Bucatini|Slowbro|Slowbronite\n|move|p1a: Shogun Shien|Swords Dance|p1a: Shogun Shien\n|-boost|p1a: Shogun Shien|atk|2\n|move|p2a: Bucatini|Body Press|p1a: Shogun Shien\n|-supereffective|p1a: Shogun Shien\n|-damage|p1a: Shogun Shien|0 fnt\n|faint|p1a: Shogun Shien\n|-end|p1a: Shogun Shien|fallen1|[silent]\n|\n|upkeep\n|\n|t:|1700925191\n|switch|p1a: Cocaine Bear|Ursaluna-Bloodmoon, M|100\/100\n|turn|4\n|\n|t:|1700925208\n|move|p1a: Cocaine Bear|Calm Mind|p1a: Cocaine Bear\n|-boost|p1a: Cocaine Bear|spa|1\n|-boost|p1a: Cocaine Bear|spd|1\n|move|p2a: Bucatini|Body Press|p1a: Cocaine Bear\n|-supereffective|p1a: Cocaine Bear\n|-damage|p1a: Cocaine Bear|49\/100\n|\n|upkeep\n|turn|5\n|\n|t:|1700925257\n|switch|p2a: Shells|Tapu Lele|100\/100\n|move|p1a: Cocaine Bear|Blood Moon|p2a: Shells\n|-damage|p2a: Shells|0 fnt\n|faint|p2a: Shells\n|\n|-fieldend|move: Psychic Terrain\n|upkeep\n|\n|t:|1700925260\n|switch|p2a: Ditalini|Latios, M, shiny|100\/100\n|turn|6\n|\n|t:|1700925277\n|move|p2a: Ditalini|Aura Sphere|p1a: Cocaine Bear\n|-supereffective|p1a: Cocaine Bear\n|-damage|p1a: Cocaine Bear|15\/100\n|-damage|p2a: Ditalini|91\/100|[from] item: Life Orb\n|move|p1a: Cocaine Bear|Moonlight|p1a: Cocaine Bear\n|-heal|p1a: Cocaine Bear|65\/100\n|\n|upkeep\n|turn|7\n|\n|t:|1700925286\n|move|p2a: Ditalini|Recover|p2a: Ditalini\n|-heal|p2a: Ditalini|100\/100\n|-zpower|p1a: Cocaine Bear\n|move|p1a: Cocaine Bear|Breakneck Blitz|p2a: Ditalini|[zeffect]\n|-damage|p2a: Ditalini|0 fnt\n|faint|p2a: Ditalini\n|\n|upkeep\n|\n|t:|1700925307\n|switch|p2a: Campanelle|Latias, F, shiny|100\/100\n|turn|8\n|\n|t:|1700925312\n|move|p2a: Campanelle|Psychic|p1a: Cocaine Bear\n|-damage|p1a: Cocaine Bear|46\/100\n|move|p1a: Cocaine Bear|Blood Moon|p2a: Campanelle\n|-damage|p2a: Campanelle|0 fnt\n|faint|p2a: Campanelle\n|\n|-sideend|p1: TheRealDiabeto|move: Light Screen\n|upkeep\n|\n|t:|1700925315\n|switch|p2a: Rigatini|Victini|100\/100\n|turn|9\n|\n|t:|1700925323\n|-zpower|p2a: Rigatini\n|move|p2a: Rigatini|Z-Celebrate|p2a: Rigatini|[anim]Celebrate\n|-boost|p2a: Rigatini|atk|1|[zeffect]\n|-boost|p2a: Rigatini|def|1|[zeffect]\n|-boost|p2a: Rigatini|spa|1|[zeffect]\n|-boost|p2a: Rigatini|spd|1|[zeffect]\n|-boost|p2a: Rigatini|spe|1|[zeffect]\n|-activate|p2a: Rigatini|move: Celebrate\n|move|p1a: Cocaine Bear|Moonlight|p1a: Cocaine Bear\n|-heal|p1a: Cocaine Bear|96\/100\n|\n|upkeep\n|turn|10\n|\n|t:|1700925338\n|move|p2a: Rigatini|Focus Blast|p1a: Cocaine Bear\n|-supereffective|p1a: Cocaine Bear\n|-damage|p1a: Cocaine Bear|2\/100\n|move|p1a: Cocaine Bear|Blood Moon|p2a: Rigatini\n|-damage|p2a: Rigatini|15\/100\n|\n|upkeep\n|turn|11\n|\n|t:|1700925346\n|switch|p1a: Frieza|Hatterene, F|100\/100\n|move|p2a: Rigatini|Stored Power|p1a: Frieza\n|-resisted|p1a: Frieza\n|-damage|p1a: Frieza|63\/100\n|\n|-heal|p1a: Frieza|69\/100|[from] item: Leftovers\n|upkeep\n|turn|12\n|\n|t:|1700925357\n|move|p2a: Rigatini|Searing Shot|p1a: Frieza\n|-damage|p1a: Frieza|0 fnt\n|faint|p1a: Frieza\n|\n|upkeep\n|\n|t:|1700925368\n|switch|p1a: Messi|Cinderace, M|100\/100\n|turn|13\n|\n|t:|1700925371\n|move|p1a: Messi|U-turn|p2a: Rigatini\n|-start|p1a: Messi|typechange|Bug|[from] ability: Libero\n|-damage|p2a: Rigatini|0 fnt\n|faint|p2a: Rigatini\n|\n|t:|1700925377\n|switch|p1a: Ariseheart|Ogerpon-Wellspring, F|100\/100|[from] U-turn\n|\n|upkeep\n|\n|t:|1700925380\n|switch|p2a: Bucatini|Slowbro-Mega, M|100\/100\n|turn|14\n|\n|t:|1700925391\n|move|p1a: Ariseheart|Swords Dance|p1a: Ariseheart\n|-boost|p1a: Ariseheart|atk|2\n|move|p2a: Bucatini|Iron Defense|p2a: Bucatini\n|-boost|p2a: Bucatini|def|2\n|\n|upkeep\n|turn|15\n|\n|t:|1700925396\n|move|p1a: Ariseheart|Swords Dance|p1a: Ariseheart\n|-boost|p1a: Ariseheart|atk|2\n|move|p2a: Bucatini|Iron Defense|p2a: Bucatini\n|-boost|p2a: Bucatini|def|2\n|\n|upkeep\n|turn|16\n|\n|t:|1700925401\n|move|p1a: Ariseheart|Horn Leech|p2a: Bucatini\n|-supereffective|p2a: Bucatini\n|-damage|p2a: Bucatini|57\/100\n|move|p2a: Bucatini|Iron Defense|p2a: Bucatini\n|-boost|p2a: Bucatini|def|2\n|\n|upkeep\n|turn|17\n|\n|t:|1700925407\n|move|p1a: Ariseheart|Horn Leech|p2a: Bucatini\n|-supereffective|p2a: Bucatini\n|-damage|p2a: Bucatini|26\/100\n|move|p2a: Bucatini|Slack Off|p2a: Bucatini\n|-heal|p2a: Bucatini|76\/100\n|\n|upkeep\n|turn|18\n|\n|t:|1700925412\n|move|p1a: Ariseheart|Horn Leech|p2a: Bucatini\n|-supereffective|p2a: Bucatini\n|-damage|p2a: Bucatini|44\/100\n|move|p2a: Bucatini|Slack Off|p2a: Bucatini\n|-heal|p2a: Bucatini|94\/100\n|\n|upkeep\n|turn|19\n|\n|t:|1700925419\n|move|p1a: Ariseheart|Horn Leech|p2a: Bucatini\n|-supereffective|p2a: Bucatini\n|-damage|p2a: Bucatini|63\/100\n|move|p2a: Bucatini|Body Press|p1a: Ariseheart\n|-damage|p1a: Ariseheart|0 fnt\n|faint|p1a: Ariseheart\n|\n|upkeep\n|\n|t:|1700925430\n|switch|p1a: Cocaine Bear|Ursaluna-Bloodmoon, M|2\/100\n|turn|20\n|\n|t:|1700925434\n|move|p1a: Cocaine Bear|Blood Moon|p2a: Bucatini\n|-damage|p2a: Bucatini|2\/100\n|move|p2a: Bucatini|Slack Off|p2a: Bucatini\n|-heal|p2a: Bucatini|52\/100\n|\n|upkeep\n|turn|21\n|\n|t:|1700925443\n|move|p1a: Cocaine Bear|Moonlight|p1a: Cocaine Bear\n|-heal|p1a: Cocaine Bear|52\/100\n|move|p2a: Bucatini|Body Press|p1a: Cocaine Bear\n|-supereffective|p1a: Cocaine Bear\n|-damage|p1a: Cocaine Bear|0 fnt\n|faint|p1a: Cocaine Bear\n|\n|upkeep\n|c|\u2606vespyyy|Gg\n|\n|t:|1700925450\n|switch|p1a: Messi|Cinderace, M|100\/100\n|turn|22\n|c|\u2606vespyyy|I read your paste wrong\n|c|\u2606vespyyy|I didnt see kingambit lol\n|\n|t:|1700925477\n|move|p1a: Messi|High Jump Kick|p2a: Bucatini\n|-start|p1a: Messi|typechange|Fighting|[from] ability: Libero\n|-resisted|p2a: Bucatini\n|-damage|p2a: Bucatini|48\/100\n|move|p2a: Bucatini|Body Press|p1a: Messi\n|-damage|p1a: Messi|0 fnt\n|faint|p1a: Messi\n|\n|win|vespyyy\n|c|\u2606TheRealDiabeto|I choked\n|c|\u2606TheRealDiabeto|Re?\n|c|\u2606vespyyy|Tomorrow\n|l|\u2606TheRealDiabeto\n|j|\u2606TheRealDiabeto\n|player|p1|TheRealDiabeto|larry\n","uploadtime":1700925488,"views":16,"p1id":"therealdiabeto","p2id":"vespyyy","formatid":"gen9nationaldexubers","rating":0,"private":0,"password":""}