{"id":"gen9nationaldexubers-1994325607","p1":"HarukaSlowpoke","p2":"KENTHARO 777","format":"[Gen 9] National Dex Ubers","log":"|j|\u2606HarukaSlowpoke\n|j|\u2606KENTHARO 777\n|t:|1700431313\n|gametype|singles\n|player|p1|HarukaSlowpoke|veteran|\n|player|p2|KENTHARO 777|nate|\n|teamsize|p1|6\n|teamsize|p2|6\n|gen|9\n|tier|[Gen 9] National Dex Ubers\n|rule|HP Percentage Mod: HP is shown in percentages\n|rule|Endless Battle Clause: Forcing endless battles is banned\n|rule|OHKO Clause: OHKO moves are banned\n|rule|Evasion Moves Clause: Evasion moves are banned\n|rule|Evasion Items Clause: Evasion items are banned\n|rule|Species Clause: Limit one of each Pok\u00e9mon\n|rule|Sleep Clause Mod: Limit one foe put to sleep\n|rule|Mega Rayquaza Clause: You cannot mega evolve Rayquaza\n|clearpoke\n|poke|p1|Slowbro, F|\n|poke|p1|Grimmsnarl, M|\n|poke|p1|Skeledirge, F|\n|poke|p1|Excadrill, F|\n|poke|p1|Breloom, M|\n|poke|p1|Tapu Lele|\n|poke|p2|Dragapult, F|\n|poke|p2|Naganadel|\n|poke|p2|Venusaur, M|\n|poke|p2|Aegislash, F|\n|poke|p2|Maushold-Four|\n|poke|p2|Krookodile, F|\n|teampreview\n|inactive|Battle timer is ON: inactive players will automatically lose when time's up. (requested by HarukaSlowpoke)\n|\n|t:|1700431329\n|start\n|switch|p1a: Grimmsnarl|Grimmsnarl, M|100\/100\n|switch|p2a: Venusaur|Venusaur, M|100\/100\n|turn|1\n|\n|t:|1700431339\n|detailschange|p2a: Venusaur|Venusaur-Mega, M\n|-mega|p2a: Venusaur|Venusaur|Venusaurite\n|move|p1a: Grimmsnarl|Light Screen|p1a: Grimmsnarl\n|-sidestart|p1: HarukaSlowpoke|move: Light Screen\n|move|p2a: Venusaur|Toxic|p1a: Grimmsnarl\n|-status|p1a: Grimmsnarl|tox\n|\n|-damage|p1a: Grimmsnarl|94\/100 tox|[from] psn\n|upkeep\n|turn|2\n|\n|t:|1700431352\n|move|p1a: Grimmsnarl|Parting Shot|p2a: Venusaur\n|-unboost|p2a: Venusaur|atk|1\n|-unboost|p2a: Venusaur|spa|1\n|\n|t:|1700431356\n|switch|p1a: Excadrill|Excadrill, F|100\/100|[from] Parting Shot\n|-ability|p1a: Excadrill|Mold Breaker\n|move|p2a: Venusaur|Leech Seed|p1a: Excadrill|[miss]\n|-miss|p2a: Venusaur|p1a: Excadrill\n|\n|upkeep\n|turn|3\n|\n|t:|1700431380\n|switch|p1a: Breloom|Breloom, M|100\/100\n|move|p2a: Venusaur|Toxic|p1a: Breloom\n|-status|p1a: Breloom|tox\n|\n|upkeep\n|turn|4\n|\n|t:|1700431392\n|move|p1a: Breloom|Power-Up Punch|p2a: Venusaur\n|-resisted|p2a: Venusaur\n|-damage|p2a: Venusaur|92\/100\n|-boost|p1a: Breloom|atk|1\n|move|p2a: Venusaur|Substitute|p2a: Venusaur\n|-start|p2a: Venusaur|Substitute\n|-damage|p2a: Venusaur|67\/100\n|\n|upkeep\n|turn|5\n|\n|t:|1700431401\n|move|p1a: Breloom|Power-Up Punch|p2a: Venusaur\n|-resisted|p2a: Venusaur\n|-activate|p2a: Venusaur|move: Substitute|[damage]\n|-boost|p1a: Breloom|atk|1\n|move|p2a: Venusaur|Giga Drain|p1a: Breloom\n|-resisted|p1a: Breloom\n|-damage|p1a: Breloom|91\/100 tox\n|-heal|p2a: Venusaur|72\/100|[from] drain|[of] p1a: Breloom\n|\n|-heal|p1a: Breloom|100\/100 tox|[from] ability: Poison Heal\n|-sideend|p1: HarukaSlowpoke|move: Light Screen\n|upkeep\n|turn|6\n|\n|t:|1700431427\n|move|p1a: Breloom|Power-Up Punch|p2a: Venusaur\n|-resisted|p2a: Venusaur\n|-end|p2a: Venusaur|Substitute\n|-boost|p1a: Breloom|atk|1\n|move|p2a: Venusaur|Giga Drain|p1a: Breloom\n|-resisted|p1a: Breloom\n|-crit|p1a: Breloom\n|-damage|p1a: Breloom|62\/100 tox\n|-heal|p2a: Venusaur|90\/100|[from] drain|[of] p1a: Breloom\n|\n|-heal|p1a: Breloom|74\/100 tox|[from] ability: Poison Heal\n|upkeep\n|turn|7\n|\n|t:|1700431444\n|move|p1a: Breloom|Substitute|p1a: Breloom\n|-start|p1a: Breloom|Substitute\n|-damage|p1a: Breloom|49\/100 tox\n|move|p2a: Venusaur|Giga Drain|p1a: Breloom\n|-resisted|p1a: Breloom\n|-activate|p1a: Breloom|move: Substitute|[damage]\n|-heal|p2a: Venusaur|99\/100|[from] drain|[of] p1a: Breloom\n|\n|-heal|p1a: Breloom|62\/100 tox|[from] ability: Poison Heal\n|upkeep\n|turn|8\n|\n|t:|1700431457\n|move|p1a: Breloom|Power-Up Punch|p2a: Venusaur\n|-resisted|p2a: Venusaur\n|-damage|p2a: Venusaur|80\/100\n|-boost|p1a: Breloom|atk|1\n|move|p2a: Venusaur|Substitute|p2a: Venusaur\n|-start|p2a: Venusaur|Substitute\n|-damage|p2a: Venusaur|55\/100\n|\n|-heal|p1a: Breloom|74\/100 tox|[from] ability: Poison Heal\n|upkeep\n|turn|9\n|\n|t:|1700431468\n|move|p1a: Breloom|Power-Up Punch|p2a: Venusaur\n|-resisted|p2a: Venusaur\n|-end|p2a: Venusaur|Substitute\n|-boost|p1a: Breloom|atk|1\n|move|p2a: Venusaur|Giga Drain|p1a: Breloom\n|-resisted|p1a: Breloom\n|-end|p1a: Breloom|Substitute\n|-heal|p2a: Venusaur|57\/100|[from] drain|[of] p1a: Breloom\n|\n|-heal|p1a: Breloom|86\/100 tox|[from] ability: Poison Heal\n|upkeep\n|turn|10\n|\n|t:|1700431480\n|move|p1a: Breloom|Power-Up Punch|p2a: Venusaur\n|-resisted|p2a: Venusaur\n|-damage|p2a: Venusaur|30\/100\n|-boost|p1a: Breloom|atk|1\n|move|p2a: Venusaur|Giga Drain|p1a: Breloom\n|-resisted|p1a: Breloom\n|-damage|p1a: Breloom|66\/100 tox\n|-heal|p2a: Venusaur|39\/100|[from] drain|[of] p1a: Breloom\n|\n|-heal|p1a: Breloom|78\/100 tox|[from] ability: Poison Heal\n|upkeep\n|turn|11\n|\n|t:|1700431492\n|move|p1a: Breloom|Power-Up Punch|p2a: Venusaur\n|-resisted|p2a: Venusaur\n|-damage|p2a: Venusaur|8\/100\n|move|p2a: Venusaur|Giga Drain|p1a: Breloom\n|-resisted|p1a: Breloom\n|-damage|p1a: Breloom|60\/100 tox\n|-heal|p2a: Venusaur|17\/100|[from] drain|[of] p1a: Breloom\n|\n|-heal|p1a: Breloom|72\/100 tox|[from] ability: Poison Heal\n|upkeep\n|turn|12\n|\n|t:|1700431502\n|move|p1a: Breloom|Substitute|p1a: Breloom\n|-start|p1a: Breloom|Substitute\n|-damage|p1a: Breloom|47\/100 tox\n|move|p2a: Venusaur|Giga Drain|p1a: Breloom\n|-resisted|p1a: Breloom\n|-activate|p1a: Breloom|move: Substitute|[damage]\n|-heal|p2a: Venusaur|27\/100|[from] drain|[of] p1a: Breloom\n|\n|-heal|p1a: Breloom|59\/100 tox|[from] ability: Poison Heal\n|upkeep\n|turn|13\n|\n|t:|1700431515\n|move|p1a: Breloom|Power-Up Punch|p2a: Venusaur\n|-resisted|p2a: Venusaur\n|-damage|p2a: Venusaur|0 fnt\n|faint|p2a: Venusaur\n|\n|-heal|p1a: Breloom|71\/100 tox|[from] ability: Poison Heal\n|upkeep\n|\n|t:|1700431534\n|switch|p2a: Krookodile|Krookodile, F|100\/100\n|turn|14\n|\n|t:|1700431553\n|move|p2a: Krookodile|Shadow Claw|p1a: Breloom\n|-end|p1a: Breloom|Substitute\n|move|p1a: Breloom|Spore|p2a: Krookodile\n|-status|p2a: Krookodile|slp|[from] move: Spore\n|\n|-heal|p1a: Breloom|84\/100 tox|[from] ability: Poison Heal\n|upkeep\n|turn|15\n|\n|t:|1700431565\n|cant|p2a: Krookodile|slp\n|move|p1a: Breloom|Substitute|p1a: Breloom\n|-start|p1a: Breloom|Substitute\n|-damage|p1a: Breloom|59\/100 tox\n|\n|-heal|p1a: Breloom|71\/100 tox|[from] ability: Poison Heal\n|upkeep\n|turn|16\n|inactive|HarukaSlowpoke has 270 seconds left.\n|\n|t:|1700431590\n|cant|p2a: Krookodile|slp\n|move|p1a: Breloom|Seed Bomb|p2a: Krookodile\n|-supereffective|p2a: Krookodile\n|-damage|p2a: Krookodile|0 fnt\n|faint|p2a: Krookodile\n|\n|-heal|p1a: Breloom|83\/100 tox|[from] ability: Poison Heal\n|upkeep\n|\n|t:|1700431596\n|switch|p2a: Aegislash|Aegislash, F|100\/100\n|turn|17\n|\n|t:|1700431608\n|move|p1a: Breloom|Seed Bomb|p2a: Aegislash\n|-resisted|p2a: Aegislash\n|-damage|p2a: Aegislash|32\/100\n|-formechange|p2a: Aegislash|Aegislash-Blade||[from] ability: Stance Change\n|move|p2a: Aegislash|Night Slash|p1a: Breloom\n|-resisted|p1a: Breloom\n|-activate|p1a: Breloom|move: Substitute|[damage]\n|\n|-heal|p2a: Aegislash|38\/100|[from] item: Leftovers\n|-heal|p1a: Breloom|96\/100 tox|[from] ability: Poison Heal\n|upkeep\n|turn|18\n|inactive|HarukaSlowpoke has 270 seconds left.\n|\n|t:|1700431624\n|move|p1a: Breloom|Seed Bomb|p2a: Aegislash\n|-resisted|p2a: Aegislash\n|-damage|p2a: Aegislash|0 fnt\n|faint|p2a: Aegislash\n|\n|-heal|p1a: Breloom|100\/100 tox|[from] ability: Poison Heal\n|upkeep\n|\n|t:|1700431632\n|switch|p2a: Nalgas de \u00e9l|Naganadel|100\/100\n|turn|19\n|\n|t:|1700431645\n|move|p2a: Nalgas de \u00e9l|Air Slash|p1a: Breloom\n|-supereffective|p1a: Breloom\n|-end|p1a: Breloom|Substitute\n|move|p1a: Breloom|Spore|p2a: Nalgas de \u00e9l\n|-status|p2a: Nalgas de \u00e9l|slp|[from] move: Spore\n|\n|upkeep\n|turn|20\n|\n|t:|1700431655\n|cant|p2a: Nalgas de \u00e9l|slp\n|move|p1a: Breloom|Substitute|p1a: Breloom\n|-start|p1a: Breloom|Substitute\n|-damage|p1a: Breloom|76\/100 tox\n|\n|-heal|p1a: Breloom|88\/100 tox|[from] ability: Poison Heal\n|upkeep\n|turn|21\n|\n|t:|1700431666\n|cant|p2a: Nalgas de \u00e9l|slp\n|move|p1a: Breloom|Seed Bomb|p2a: Nalgas de \u00e9l\n|-resisted|p2a: Nalgas de \u00e9l\n|-damage|p2a: Nalgas de \u00e9l|46\/100 slp\n|\n|-heal|p2a: Nalgas de \u00e9l|52\/100 slp|[from] item: Leftovers\n|-heal|p1a: Breloom|99\/100 tox|[from] ability: Poison Heal\n|upkeep\n|turn|22\n|inactive|HarukaSlowpoke has 270 seconds left.\n|\n|t:|1700431681\n|-terastallize|p1a: Breloom|Electric\n|-curestatus|p2a: Nalgas de \u00e9l|slp|[msg]\n|move|p2a: Nalgas de \u00e9l|Hex|p1a: Breloom\n|-end|p1a: Breloom|Substitute\n|move|p1a: Breloom|Seed Bomb|p2a: Nalgas de \u00e9l\n|-resisted|p2a: Nalgas de \u00e9l\n|-damage|p2a: Nalgas de \u00e9l|0 fnt\n|faint|p2a: Nalgas de \u00e9l\n|\n|-heal|p1a: Breloom|100\/100 tox|[from] ability: Poison Heal\n|upkeep\n|\n|t:|1700431694\n|switch|p2a: Maushold|Maushold-Four|100\/100\n|turn|23\n|\n|t:|1700431704\n|move|p2a: Maushold|Population Bomb|p1a: Breloom\n|-damage|p1a: Breloom|85\/100 tox\n|-damage|p1a: Breloom|70\/100 tox\n|-hitcount|p1a: Breloom|2\n|move|p1a: Breloom|Power-Up Punch|p2a: Maushold\n|-supereffective|p2a: Maushold\n|-damage|p2a: Maushold|0 fnt\n|faint|p2a: Maushold\n|\n|-heal|p1a: Breloom|82\/100 tox|[from] ability: Poison Heal\n|upkeep\n|\n|t:|1700431711\n|switch|p2a: Catapulta|Dragapult, F|100\/100\n|turn|24\n|\n|t:|1700431723\n|move|p2a: Catapulta|Phantom Force||[still]\n|-prepare|p2a: Catapulta|Phantom Force\n|move|p1a: Breloom|Spore|p2a: Catapulta|[miss]\n|-miss|p1a: Breloom|p2a: Catapulta\n|\n|-heal|p1a: Breloom|94\/100 tox|[from] ability: Poison Heal\n|upkeep\n|turn|25\n|\n|t:|1700431732\n|move|p2a: Catapulta|Phantom Force|p1a: Breloom|[from]lockedmove\n|-damage|p1a: Breloom|42\/100 tox\n|move|p1a: Breloom|Spore|p2a: Catapulta\n|-status|p2a: Catapulta|slp|[from] move: Spore\n|\n|-heal|p1a: Breloom|54\/100 tox|[from] ability: Poison Heal\n|upkeep\n|turn|26\n|\n|t:|1700431745\n|cant|p2a: Catapulta|slp\n|move|p1a: Breloom|Seed Bomb|p2a: Catapulta\n|-resisted|p2a: Catapulta\n|-damage|p2a: Catapulta|0 fnt\n|faint|p2a: Catapulta\n|\n|win|HarukaSlowpoke\n|l|\u2606KENTHARO 777\n|j|\u2606KENTHARO 777\n|player|p2|KENTHARO 777|nate\n|l|\u2606KENTHARO 777\n|player|p2|\n","uploadtime":1700431772,"views":8,"p1id":"harukaslowpoke","p2id":"kentharo777","formatid":"gen9nationaldexubers","rating":0,"private":0,"password":""}