{"id":"gen9nationaldexubers-1995513360","p1":"RedHoodKat","p2":"The power of ROCK","format":"[Gen 9] National Dex Ubers","log":"|j|\u2606RedHoodKat\n|j|\u2606The power of ROCK\n|t:|1700578698\n|gametype|singles\n|player|p1|RedHoodKat|colress|\n|player|p2|The power of ROCK|roark|\n|teamsize|p1|6\n|teamsize|p2|6\n|gen|9\n|tier|[Gen 9] National Dex Ubers\n|rule|HP Percentage Mod: HP is shown in percentages\n|rule|Endless Battle Clause: Forcing endless battles is banned\n|rule|OHKO Clause: OHKO moves are banned\n|rule|Evasion Moves Clause: Evasion moves are banned\n|rule|Evasion Items Clause: Evasion items are banned\n|rule|Species Clause: Limit one of each Pok\u00e9mon\n|rule|Sleep Clause Mod: Limit one foe put to sleep\n|rule|Mega Rayquaza Clause: You cannot mega evolve Rayquaza\n|clearpoke\n|poke|p1|Gholdengo|\n|poke|p1|Excadrill, M|\n|poke|p1|Bisharp, M|\n|poke|p1|Melmetal|\n|poke|p1|Dialga-Origin|\n|poke|p1|Lucario, M|\n|poke|p2|Tyranitar, M|\n|poke|p2|Garganacl, F|\n|poke|p2|Aggron, F|\n|poke|p2|Cradily, F|\n|poke|p2|Arceus-Rock|\n|poke|p2|Glimmora, F|\n|teampreview\n|c|\u2606The power of ROCK|Welcome to the ROCK gym\n|\n|t:|1700578713\n|start\n|switch|p1a: ZA WORLDO|Dialga-Origin, shiny|100\/100\n|switch|p2a: Aggron|Aggron, F|100\/100\n|-ability|p1a: ZA WORLDO|Pressure\n|turn|1\n|\n|t:|1700578740\n|switch|p2a: Arceus|Arceus-Rock|100\/100\n|move|p1a: ZA WORLDO|Aura Sphere|p2a: Arceus\n|-supereffective|p2a: Arceus\n|-damage|p2a: Arceus|65\/100\n|\n|upkeep\n|turn|2\n|j| BeeZeeSD\n|c|\u2606RedHoodKat|fun fact\n|c|\u2606RedHoodKat|!dt war crime\nNo Pok\u00e9mon, item, move, ability or nature named 'war crime' was found. Showing the data of 'Arceus-Ice' instead.\n|raw|<div class=\"message\"><ul class=\"utilichart\"><li class=\"result\"><span class=\"col numcol\">Uber<\/span> <span class=\"col iconcol\"><psicon pokemon=\"arceusice\"\/><\/span> <span class=\"col pokemonnamecol\" style=\"white-space:nowrap\"><a href=\"https:\/\/dex.pokemonshowdown.com\/pokemon\/arceusice\" target=\"_blank\">Arceus-Ice<\/a><\/span> <span class=\"col typecol\"><img src=\"https:\/\/play.pokemonshowdown.com\/sprites\/types\/Ice.png\" alt=\"Ice\" height=\"14\" width=\"32\"><\/span> <span style=\"float:left;min-height:26px\"><span class=\"col abilitycol\">Multitype<\/span><span class=\"col abilitycol\"><\/span><\/span><span style=\"float:left;min-height:26px\"><span class=\"col statcol\"><em>HP<\/em><br \/>120<\/span> <span class=\"col statcol\"><em>Atk<\/em><br \/>120<\/span> <span class=\"col statcol\"><em>Def<\/em><br \/>120<\/span> <span class=\"col statcol\"><em>SpA<\/em><br \/>120<\/span> <span class=\"col statcol\"><em>SpD<\/em><br \/>120<\/span> <span class=\"col statcol\"><em>Spe<\/em><br \/>120<\/span> <span class=\"col bstcol\"><em>BST<br \/>720<\/em><\/span> <\/span><\/li><li style=\"clear:both\"><\/li><\/ul><\/div>\n|raw|<font size=\"1\"><font color=\"#686868\">Dex#:<\/font> 493&nbsp;|&ThickSpace;<font color=\"#686868\">Gen:<\/font> 4&nbsp;|&ThickSpace;<font color=\"#686868\">Height:<\/font> 3.2 m&nbsp;|&ThickSpace;<font color=\"#686868\">Weight:<\/font> 320 kg <em>(120 BP)<\/em>&nbsp;|&ThickSpace;<font color=\"#686868\">Dex Colour:<\/font> White&nbsp;|&ThickSpace;<font color=\"#686868\">Egg Group(s):<\/font> Undiscovered&nbsp;|&ThickSpace;<font color=\"#686868\">Does Not Evolve<\/font><\/font>\n\n|\n|t:|1700578761\n|move|p1a: ZA WORLDO|Flash Cannon|p2a: Arceus\n|-supereffective|p2a: Arceus\n|-damage|p2a: Arceus|0 fnt\n|faint|p2a: Arceus\n|\n|upkeep\n|\n|t:|1700578769\n|switch|p2a: Tyranitar|Tyranitar, M|100\/100\n|-weather|Sandstorm|[from] ability: Sand Stream|[of] p2a: Tyranitar\n|turn|3\n|\n|t:|1700578805\n|move|p1a: ZA WORLDO|Aura Sphere|p2a: Tyranitar\n|-supereffective|p2a: Tyranitar\n|-crit|p2a: Tyranitar\n|-damage|p2a: Tyranitar|50\/100\n|move|p2a: Tyranitar|Knock Off|p1a: ZA WORLDO\n|-damage|p1a: ZA WORLDO|75\/100\n|\n|-weather|Sandstorm|[upkeep]\n|upkeep\n|turn|4\n|c| BeeZeeSD|Poor Rockeus, I wanted to see some more of it lol\n|c|\u2606The power of ROCK|lol\n|\n|t:|1700578835\n|switch|p2a: Garganacl|Garganacl, F|100\/100\n|move|p1a: ZA WORLDO|Aura Sphere|p2a: Garganacl\n|-supereffective|p2a: Garganacl\n|-damage|p2a: Garganacl|74\/100\n|-enditem|p2a: Garganacl|Maranga Berry|[eat]\n|-boost|p2a: Garganacl|spd|1|[from] item: Maranga Berry\n|\n|-weather|Sandstorm|[upkeep]\n|upkeep\n|turn|5\n|\n|t:|1700578841\n|move|p1a: ZA WORLDO|Earth Power|p2a: Garganacl\n|-supereffective|p2a: Garganacl\n|-damage|p2a: Garganacl|54\/100\n|move|p2a: Garganacl|Iron Defense|p2a: Garganacl\n|-boost|p2a: Garganacl|def|2\n|\n|-weather|Sandstorm|[upkeep]\n|upkeep\n|turn|6\n|j| Reality_Check56\n|\n|t:|1700578844\n|move|p1a: ZA WORLDO|Flash Cannon|p2a: Garganacl\n|-supereffective|p2a: Garganacl\n|-damage|p2a: Garganacl|21\/100\n|move|p2a: Garganacl|Recover|p2a: Garganacl\n|-heal|p2a: Garganacl|71\/100\n|\n|-weather|Sandstorm|[upkeep]\n|upkeep\n|turn|7\n|c| Reality_Check56|COMON\n|\n|t:|1700578849\n|-terastallize|p2a: Garganacl|Ghost\n|move|p1a: ZA WORLDO|Flash Cannon|p2a: Garganacl\n|-damage|p2a: Garganacl|46\/100\n|move|p2a: Garganacl|Recover|p2a: Garganacl\n|-heal|p2a: Garganacl|96\/100\n|\n|-weather|none\n|upkeep\n|turn|8\n|c| Reality_Check56|RED\n|c| Reality_Check56|Welp\n|\n|t:|1700578855\n|move|p1a: ZA WORLDO|Dragon Pulse|p2a: Garganacl\n|-damage|p2a: Garganacl|72\/100\n|move|p2a: Garganacl|Salt Cure|p1a: ZA WORLDO\n|-resisted|p1a: ZA WORLDO\n|-damage|p1a: ZA WORLDO|70\/100\n|-start|p1a: ZA WORLDO|Salt Cure\n|\n|-damage|p1a: ZA WORLDO|45\/100|[from] Salt Cure\n|upkeep\n|turn|9\n|c| Reality_Check56|BISHARP\n|\n|t:|1700578860\n|move|p1a: ZA WORLDO|Dragon Pulse|p2a: Garganacl\n|-damage|p2a: Garganacl|46\/100\n|move|p2a: Garganacl|Iron Defense|p2a: Garganacl\n|-boost|p2a: Garganacl|def|2\n|\n|-damage|p1a: ZA WORLDO|20\/100|[from] Salt Cure\n|upkeep\n|turn|10\n|c| Reality_Check56|SWAP TO BISHARP\n|\n|t:|1700578867\n|move|p1a: ZA WORLDO|Dragon Pulse|p2a: Garganacl\n|-damage|p2a: Garganacl|21\/100\n|move|p2a: Garganacl|Recover|p2a: Garganacl\n|-heal|p2a: Garganacl|71\/100\n|\n|-damage|p1a: ZA WORLDO|0 fnt|[from] Salt Cure\n|faint|p1a: ZA WORLDO\n|upkeep\n|\n|t:|1700578874\n|switch|p1a: Why Bro Steel?|Lucario, M, shiny|100\/100\n|turn|11\n|c| BeeZeeSD|ROCK, is the set standard AV ttar? I want to calc for myself and see if flash cannon did a significant amount more\n|\n|t:|1700578881\n|detailschange|p1a: Why Bro Steel?|Lucario-Mega, M, shiny\n|-mega|p1a: Why Bro Steel?|Lucario|Lucarionite\n|move|p1a: Why Bro Steel?|Dark Pulse|p2a: Garganacl\n|-supereffective|p2a: Garganacl\n|-damage|p2a: Garganacl|42\/100\n|move|p2a: Garganacl|Body Press|p1a: Why Bro Steel?\n|-supereffective|p1a: Why Bro Steel?\n|-damage|p1a: Why Bro Steel?|0 fnt\n|faint|p1a: Why Bro Steel?\n|\n|upkeep\n|\n|t:|1700578889\n|switch|p1a: String Cheese|Gholdengo|100\/100\n|turn|12\n|\n|t:|1700578892\n|move|p1a: String Cheese|Shadow Ball|p2a: Garganacl\n|-supereffective|p2a: Garganacl\n|-damage|p2a: Garganacl|21\/100\n|-unboost|p2a: Garganacl|spd|1\n|move|p2a: Garganacl|Recover|p2a: Garganacl\n|-heal|p2a: Garganacl|71\/100\n|\n|upkeep\n|turn|13\n|\n|t:|1700578897\n|move|p1a: String Cheese|Shadow Ball|p2a: Garganacl\n|-supereffective|p2a: Garganacl\n|-damage|p2a: Garganacl|40\/100\n|-unboost|p2a: Garganacl|spd|1\n|move|p2a: Garganacl|Recover|p2a: Garganacl\n|-heal|p2a: Garganacl|90\/100\n|\n|upkeep\n|turn|14\n|\n|t:|1700578903\n|move|p1a: String Cheese|Shadow Ball|p2a: Garganacl\n|-supereffective|p2a: Garganacl\n|-damage|p2a: Garganacl|47\/100\n|-unboost|p2a: Garganacl|spd|1\n|move|p2a: Garganacl|Salt Cure|p1a: String Cheese\n|-resisted|p1a: String Cheese\n|-damage|p1a: String Cheese|93\/100\n|-start|p1a: String Cheese|Salt Cure\n|\n|-damage|p1a: String Cheese|68\/100|[from] Salt Cure\n|upkeep\n|turn|15\n|c| BeeZeeSD|Holy drops-\n|c|\u2606RedHoodKat|???\n|c|\u2606RedHoodKat|3 in a row\n|c|\u2606The power of ROCK|guess arceus wants me to lose\n|\n|t:|1700578921\n|switch|p2a: Tyranitar|Tyranitar, M|50\/100\n|-weather|Sandstorm|[from] ability: Sand Stream|[of] p2a: Tyranitar\n|move|p1a: String Cheese|Shadow Ball|p2a: Tyranitar\n|-resisted|p2a: Tyranitar\n|-damage|p2a: Tyranitar|44\/100\n|-unboost|p2a: Tyranitar|spd|1\n|\n|-weather|Sandstorm|[upkeep]\n|-damage|p1a: String Cheese|43\/100|[from] Salt Cure\n|upkeep\n|turn|16\n|\n|t:|1700578926\n|move|p1a: String Cheese|Flash Cannon|p2a: Tyranitar\n|-supereffective|p2a: Tyranitar\n|-damage|p2a: Tyranitar|3\/100\n|move|p2a: Tyranitar|Pursuit|p1a: String Cheese\n|-supereffective|p1a: String Cheese\n|-damage|p1a: String Cheese|2\/100\n|\n|-weather|Sandstorm|[upkeep]\n|-damage|p1a: String Cheese|0 fnt|[from] Salt Cure\n|faint|p1a: String Cheese\n|upkeep\n|c|\u2606RedHoodKat|4 IN A ROW\n|c| BeeZeeSD|Rockeus is upset you sacrificed it to dialga lead\n|c|\u2606RedHoodKat|WTF\n|c|\u2606The power of ROCK|yep lol\n|\n|t:|1700578943\n|switch|p1a: Mole Man|Excadrill, M|100\/100\n|-ability|p1a: Mole Man|Mold Breaker\n|turn|17\n|c|\u2606The power of ROCK|!dt shadow ball\n|raw|<ul class=\"utilichart\"><li class=\"result\"><span class=\"col movenamecol\"><a href=\"https:\/\/dex.pokemonshowdown.com\/moves\/shadowball\">Shadow Ball<\/a><\/span> <span class=\"col typecol\"><img src=\"\/\/play.pokemonshowdown.com\/sprites\/types\/Ghost.png\" alt=\"Ghost\" width=\"32\" height=\"14\"><img src=\"\/\/play.pokemonshowdown.com\/sprites\/categories\/Special.png\" alt=\"Special\" width=\"32\" height=\"14\"><\/span> <span class=\"col labelcol\"><em>Power<\/em><br>80<\/span> <span class=\"col widelabelcol\"><em>Accuracy<\/em><br>100%<\/span> <span class=\"col pplabelcol\"><em>PP<\/em><br>24<\/span> <span class=\"col movedesccol\">20% chance to lower the target's Sp. Def by 1.<\/span> <\/li><li style=\"clear:both\"><\/li><\/ul>\n|raw|<font size=\"1\"><font color=\"#686868\">Priority:<\/font> 0&nbsp;|&ThickSpace;<font color=\"#686868\">Gen:<\/font> 2&nbsp;|&ThickSpace;&#10003; Boosted by Sheer Force&nbsp;|&ThickSpace;&#10003; Bullet&nbsp;|&ThickSpace;<font color=\"#686868\">Z-Power:<\/font> 160&nbsp;|&ThickSpace;<font color=\"#686868\">Dynamax Power:<\/font> 130&nbsp;|&ThickSpace;<font color=\"#686868\">Target:<\/font> One Adjacent Pok\u00e9mon<\/font>\n\n|c|\u2606The power of ROCK|20% chance\n|c|\u2606The power of ROCK|thats a mistake\n|c|\u2606The power of ROCK|its meant to say 100%\n|\n|t:|1700578960\n|move|p1a: Mole Man|Rapid Spin|p2a: Tyranitar\n|-resisted|p2a: Tyranitar\n|-damage|p2a: Tyranitar|0 fnt\n|-boost|p1a: Mole Man|spe|1\n|faint|p2a: Tyranitar\n|\n|-weather|Sandstorm|[upkeep]\n|upkeep\n|c| BeeZeeSD|You mean to say it like \"20% chance\"\n|\n|t:|1700578970\n|switch|p2a: Aggron|Aggron, F|100\/100\n|turn|18\n|\n|t:|1700578975\n|detailschange|p2a: Aggron|Aggron-Mega, F\n|-mega|p2a: Aggron|Aggron|Aggronite\n|move|p1a: Mole Man|Earthquake|p2a: Aggron\n|-supereffective|p2a: Aggron\n|-damage|p2a: Aggron|48\/100\n|move|p2a: Aggron|Iron Defense|p2a: Aggron\n|-boost|p2a: Aggron|def|2\n|\n|-weather|Sandstorm|[upkeep]\n|upkeep\n|turn|19\n|c| BeeZeeSD|Air quotes mean a lot\n|\n|t:|1700578980\n|move|p1a: Mole Man|Earthquake|p2a: Aggron\n|-supereffective|p2a: Aggron\n|-damage|p2a: Aggron|22\/100\n|move|p2a: Aggron|Rest|p2a: Aggron\n|-status|p2a: Aggron|slp|[from] move: Rest\n|-heal|p2a: Aggron|100\/100 slp|[silent]\n|\n|-weather|none\n|upkeep\n|turn|20\n|c|\u2606The power of ROCK|lol\n|\n|t:|1700578988\n|move|p1a: Mole Man|Earthquake|p2a: Aggron\n|-supereffective|p2a: Aggron\n|-damage|p2a: Aggron|74\/100 slp\n|cant|p2a: Aggron|slp\n|move|p2a: Aggron|Sleep Talk|p2a: Aggron\n|move|p2a: Aggron|Body Press|p1a: Mole Man|[from]move: Sleep Talk\n|-supereffective|p1a: Mole Man\n|-damage|p1a: Mole Man|0 fnt\n|faint|p1a: Mole Man\n|\n|upkeep\n|\n|t:|1700578992\n|switch|p1a: SmelSteel|Melmetal|100\/100\n|turn|21\n|\n|t:|1700578996\n|cant|p2a: Aggron|slp\n|move|p2a: Aggron|Sleep Talk|p2a: Aggron\n|move|p2a: Aggron|Iron Defense|p2a: Aggron|[from]move: Sleep Talk\n|-boost|p2a: Aggron|def|2\n|move|p1a: SmelSteel|Thunder Punch|p2a: Aggron\n|-damage|p2a: Aggron|69\/100 slp\n|\n|upkeep\n|turn|22\n|\n|t:|1700579002\n|-curestatus|p2a: Aggron|slp|[msg]\n|move|p2a: Aggron|Body Press|p1a: SmelSteel\n|-supereffective|p1a: SmelSteel\n|-damage|p1a: SmelSteel|0 fnt\n|faint|p1a: SmelSteel\n|\n|upkeep\n|c| BeeZeeSD|Rip excadrill, you will be missed\n|\n|t:|1700579006\n|switch|p1a: 2 Sharp|Bisharp, M, shiny|100\/100\n|turn|23\n|\n|t:|1700579013\n|-terastallize|p1a: 2 Sharp|Dark\n|move|p1a: 2 Sharp|Brick Break|p2a: Aggron\n|-supereffective|p2a: Aggron\n|-damage|p2a: Aggron|62\/100\n|move|p2a: Aggron|Body Press|p1a: 2 Sharp\n|-supereffective|p1a: 2 Sharp\n|-damage|p1a: 2 Sharp|0 fnt\n|faint|p1a: 2 Sharp\n|\n|win|The power of ROCK\n|c|\u2606RedHoodKat|gg :(\n|c| Reality_Check56|Rock Battle?\n|l| Reality_Check56\n|c|\u2606The power of ROCK|gg : )\n|c|\u2606The power of ROCK|ok sure\n|l|\u2606RedHoodKat\n|j|\u2606RedHoodKat\n|player|p1|RedHoodKat|colress\n|c|\u2606RedHoodKat|he left lol\n|c|\u2606The power of ROCK|nvm he is offline\n|c| BeeZeeSD|He's having significant internet issues right now lol\n","uploadtime":1700579023,"views":9,"p1id":"redhoodkat","p2id":"thepowerofrock","formatid":"gen9nationaldexubers","rating":0,"private":0,"password":""}