{"id":"gen9nationaldexubers-1979047321","p1":"Aloe Vera Plant","p2":"Big Old Wang","format":"[Gen 9] National Dex Ubers","log":"|j|\u2606Aloe Vera Plant\n|j|\u2606Big Old Wang\n|t:|1698625449\n|gametype|singles\n|player|p1|Aloe Vera Plant|1|\n|player|p2|Big Old Wang|1|\n|teamsize|p1|6\n|teamsize|p2|6\n|gen|9\n|tier|[Gen 9] National Dex Ubers\n|rule|HP Percentage Mod: HP is shown in percentages\n|rule|Endless Battle Clause: Forcing endless battles is banned\n|rule|OHKO Clause: OHKO moves are banned\n|rule|Evasion Moves Clause: Evasion moves are banned\n|rule|Evasion Items Clause: Evasion items are banned\n|rule|Species Clause: Limit one of each Pok\u00e9mon\n|rule|Sleep Clause Mod: Limit one foe put to sleep\n|rule|Mega Rayquaza Clause: You cannot mega evolve Rayquaza\n|clearpoke\n|poke|p1|Iron Valiant|\n|poke|p1|Great Tusk|\n|poke|p1|Corviknight, F|\n|poke|p1|Clodsire, F|\n|poke|p1|Talonflame, F|\n|poke|p1|Diancie|\n|poke|p2|Chi-Yu|\n|poke|p2|Baxcalibur, F|\n|poke|p2|Rotom-Wash|\n|poke|p2|Ninetales-Alola, F|\n|poke|p2|Slowking-Galar, M|\n|poke|p2|Darmanitan-Galar, M|\n|teampreview\n|\n|t:|1698625462\n|start\n|switch|p1a: Diancie|Diancie|100\/100\n|switch|p2a: Ninetales-Viable|Ninetales-Alola, F, shiny|100\/100\n|-weather|Snow|[from] ability: Snow Warning|[of] p2a: Ninetales-Viable\n|turn|1\n|\n|t:|1698625474\n|detailschange|p1a: Diancie|Diancie-Mega\n|-mega|p1a: Diancie|Diancie|Diancite\n|move|p1a: Diancie|Stealth Rock|p2a: Ninetales-Viable\n|-sidestart|p2: Big Old Wang|move: Stealth Rock\n|move|p2a: Ninetales-Viable|Aurora Veil|p2a: Ninetales-Viable\n|-sidestart|p2: Big Old Wang|move: Aurora Veil\n|\n|-weather|Snow|[upkeep]\n|upkeep\n|turn|2\n|\n|t:|1698625487\n|move|p1a: Diancie|Diamond Storm|p2a: Ninetales-Viable\n|-supereffective|p2a: Ninetales-Viable\n|-damage|p2a: Ninetales-Viable|51\/100\n|move|p2a: Ninetales-Viable|Blizzard|p1a: Diancie\n|-damage|p1a: Diancie|43\/100\n|\n|-weather|Snow|[upkeep]\n|upkeep\n|turn|3\n|\n|t:|1698625500\n|move|p1a: Diancie|Mystical Fire|p2a: Ninetales-Viable\n|-supereffective|p2a: Ninetales-Viable\n|-damage|p2a: Ninetales-Viable|18\/100\n|-unboost|p2a: Ninetales-Viable|spa|1\n|move|p2a: Ninetales-Viable|Blizzard|p1a: Diancie\n|-damage|p1a: Diancie|4\/100\n|\n|-weather|Snow|[upkeep]\n|upkeep\n|turn|4\n|\n|t:|1698625510\n|switch|p2a: scRotom-Wash|Rotom-Wash, shiny|100\/100\n|-damage|p2a: scRotom-Wash|88\/100|[from] Stealth Rock\n|move|p1a: Diancie|Diamond Storm|p2a: scRotom-Wash\n|-damage|p2a: scRotom-Wash|69\/100\n|-boost|p1a: Diancie|def|2\n|\n|-weather|Snow|[upkeep]\n|-heal|p2a: scRotom-Wash|75\/100|[from] item: Leftovers\n|upkeep\n|turn|5\n|\n|t:|1698625532\n|switch|p1a: Clodsire|Clodsire, F|100\/100\n|move|p2a: scRotom-Wash|Hydro Pump|p1a: Clodsire\n|-supereffective|p1a: Clodsire\n|-damage|p1a: Clodsire|59\/100\n|\n|-weather|none\n|-heal|p2a: scRotom-Wash|82\/100|[from] item: Leftovers\n|-heal|p1a: Clodsire|65\/100|[from] item: Leftovers\n|upkeep\n|turn|6\n|\n|t:|1698625546\n|move|p2a: scRotom-Wash|Defog|p1a: Clodsire\n|-unboost|p1a: Clodsire|evasion|1\n|-sideend|p2: Big Old Wang|Stealth Rock|[from] move: Defog|[of] p2a: scRotom-Wash\n|move|p1a: Clodsire|Recover|p1a: Clodsire\n|-heal|p1a: Clodsire|100\/100\n|\n|-heal|p2a: scRotom-Wash|88\/100|[from] item: Leftovers\n|upkeep\n|turn|7\n|\n|t:|1698625560\n|move|p2a: scRotom-Wash|Hydro Pump|p1a: Clodsire\n|-supereffective|p1a: Clodsire\n|-damage|p1a: Clodsire|60\/100\n|move|p1a: Clodsire|Toxic|p2a: scRotom-Wash\n|-status|p2a: scRotom-Wash|tox\n|\n|-heal|p2a: scRotom-Wash|94\/100 tox|[from] item: Leftovers\n|-heal|p1a: Clodsire|66\/100|[from] item: Leftovers\n|-damage|p2a: scRotom-Wash|88\/100 tox|[from] psn\n|upkeep\n|turn|8\n|\n|t:|1698625570\n|move|p2a: scRotom-Wash|Hydro Pump|p1a: Clodsire\n|-supereffective|p1a: Clodsire\n|-damage|p1a: Clodsire|20\/100\n|move|p1a: Clodsire|Recover|p1a: Clodsire\n|-heal|p1a: Clodsire|70\/100\n|\n|-heal|p2a: scRotom-Wash|94\/100 tox|[from] item: Leftovers\n|-heal|p1a: Clodsire|76\/100|[from] item: Leftovers\n|-damage|p2a: scRotom-Wash|82\/100 tox|[from] psn\n|-sideend|p2: Big Old Wang|move: Aurora Veil\n|upkeep\n|turn|9\n|\n|t:|1698625590\n|switch|p2a: Ninetales-Viable|Ninetales-Alola, F, shiny|18\/100\n|-weather|Snow|[from] ability: Snow Warning|[of] p2a: Ninetales-Viable\n|move|p1a: Clodsire|Recover|p1a: Clodsire\n|-heal|p1a: Clodsire|100\/100\n|\n|-weather|Snow|[upkeep]\n|upkeep\n|turn|10\n|\n|t:|1698625600\n|move|p2a: Ninetales-Viable|Aurora Veil|p2a: Ninetales-Viable\n|-sidestart|p2: Big Old Wang|move: Aurora Veil\n|move|p1a: Clodsire|Earthquake|p2a: Ninetales-Viable\n|-damage|p2a: Ninetales-Viable|5\/100\n|\n|-weather|Snow|[upkeep]\n|upkeep\n|turn|11\n|\n|t:|1698625629\n|move|p2a: Ninetales-Viable|Blizzard|p1a: Clodsire\n|-supereffective|p1a: Clodsire\n|-damage|p1a: Clodsire|53\/100\n|move|p1a: Clodsire|Toxic|p2a: Ninetales-Viable\n|-status|p2a: Ninetales-Viable|tox\n|\n|-weather|Snow|[upkeep]\n|-heal|p1a: Clodsire|59\/100|[from] item: Leftovers\n|-damage|p2a: Ninetales-Viable|0 fnt|[from] psn\n|faint|p2a: Ninetales-Viable\n|upkeep\n|\n|t:|1698625638\n|switch|p2a: Specs Monke|Darmanitan-Galar, M|100\/100\n|turn|12\n|\n|t:|1698625651\n|move|p2a: Specs Monke|Substitute|p2a: Specs Monke\n|-start|p2a: Specs Monke|Substitute\n|-damage|p2a: Specs Monke|75\/100\n|move|p1a: Clodsire|Recover|p1a: Clodsire\n|-heal|p1a: Clodsire|100\/100\n|\n|-weather|Snow|[upkeep]\n|upkeep\n|turn|13\n|\n|t:|1698625659\n|move|p2a: Specs Monke|Belly Drum|p2a: Specs Monke\n|-damage|p2a: Specs Monke|25\/100\n|-setboost|p2a: Specs Monke|atk|6|[from] move: Belly Drum\n|-enditem|p2a: Specs Monke|Salac Berry|[eat]\n|-boost|p2a: Specs Monke|spe|1|[from] item: Salac Berry\n|move|p1a: Clodsire|Earthquake|p2a: Specs Monke\n|-activate|p2a: Specs Monke|move: Substitute|[damage]\n|\n|-weather|none\n|-formechange|p2a: Specs Monke|Darmanitan-Galar-Zen|\n|upkeep\n|turn|14\n|\n|t:|1698625669\n|move|p2a: Specs Monke|Icicle Crash|p1a: Clodsire\n|-supereffective|p1a: Clodsire\n|-damage|p1a: Clodsire|0 fnt\n|faint|p1a: Clodsire\n|\n|upkeep\n|\n|t:|1698625723\n|switch|p1a: Corviknight|Corviknight, F|100\/100\n|turn|15\n|\n|t:|1698625729\n|move|p2a: Specs Monke|Fire Punch|p1a: Corviknight\n|-supereffective|p1a: Corviknight\n|-damage|p1a: Corviknight|0 fnt\n|faint|p1a: Corviknight\n|\n|upkeep\n|\n|t:|1698625737\n|switch|p1a: Diancie|Diancie-Mega|4\/100\n|turn|16\n|\n|t:|1698625741\n|move|p2a: Specs Monke|Fire Punch|p1a: Diancie\n|-resisted|p1a: Diancie\n|-damage|p1a: Diancie|0 fnt\n|faint|p1a: Diancie\n|\n|upkeep\n|\n|t:|1698625745\n|switch|p1a: Great Tusk|Great Tusk|100\/100\n|turn|17\n|\n|t:|1698625759\n|move|p2a: Specs Monke|Icicle Crash|p1a: Great Tusk\n|-supereffective|p1a: Great Tusk\n|-damage|p1a: Great Tusk|0 fnt\n|faint|p1a: Great Tusk\n|-end|p1a: Great Tusk|Protosynthesis|[silent]\n|\n|-sideend|p2: Big Old Wang|move: Aurora Veil\n|upkeep\n|\n|t:|1698625766\n|switch|p1a: Iron Valiant|Iron Valiant|100\/100\n|-enditem|p1a: Iron Valiant|Booster Energy\n|-activate|p1a: Iron Valiant|ability: Quark Drive|[fromitem]\n|-start|p1a: Iron Valiant|quarkdrivespe\n|turn|18\n|\n|t:|1698625775\n|move|p2a: Specs Monke|Fire Punch|p1a: Iron Valiant\n|-damage|p1a: Iron Valiant|0 fnt\n|faint|p1a: Iron Valiant\n|-end|p1a: Iron Valiant|Quark Drive|[silent]\n|\n|upkeep\n|\n|t:|1698625779\n|switch|p1a: Talonflame|Talonflame, F|100\/100\n|turn|19\n|\n|t:|1698625785\n|move|p1a: Talonflame|Protect|p1a: Talonflame\n|-singleturn|p1a: Talonflame|Protect\n|move|p2a: Specs Monke|Fire Punch|p1a: Talonflame\n|-activate|p1a: Talonflame|move: Protect\n|\n|upkeep\n|turn|20\n|\n|t:|1698625793\n|move|p1a: Talonflame|Brave Bird|p2a: Specs Monke\n|-end|p2a: Specs Monke|Substitute\n|-damage|p1a: Talonflame|96\/100|[from] Recoil|[of] p2a: Specs Monke\n|move|p2a: Specs Monke|Fire Punch|p1a: Talonflame\n|-resisted|p1a: Talonflame\n|-damage|p1a: Talonflame|0 fnt\n|faint|p1a: Talonflame\n|\n|win|Big Old Wang\n","uploadtime":1698625802,"views":39,"p1id":"aloeveraplant","p2id":"bigoldwang","formatid":"gen9nationaldexubers","rating":0,"private":0,"password":""}