{"id":"gen9nationaldexubers-1992632104","p1":"Rhyfinn 07","p2":"Gevien","format":"[Gen 9] National Dex Ubers","log":"|j|\u2606Rhyfinn 07\n|j|\u2606Gevien\n|t:|1700217742\n|gametype|singles\n|player|p1|Rhyfinn 07|ninjaboy|1000\n|player|p2|Gevien|bruno|1083\n|teamsize|p1|6\n|teamsize|p2|6\n|gen|9\n|tier|[Gen 9] National Dex Ubers\n|rated|\n|rule|HP Percentage Mod: HP is shown in percentages\n|rule|Endless Battle Clause: Forcing endless battles is banned\n|rule|OHKO Clause: OHKO moves are banned\n|rule|Evasion Moves Clause: Evasion moves are banned\n|rule|Evasion Items Clause: Evasion items are banned\n|rule|Species Clause: Limit one of each Pok\u00e9mon\n|rule|Sleep Clause Mod: Limit one foe put to sleep\n|rule|Mega Rayquaza Clause: You cannot mega evolve Rayquaza\n|clearpoke\n|poke|p1|Xerneas-*|\n|poke|p1|Marshadow|\n|poke|p1|Groudon|\n|poke|p1|Deoxys-Speed|\n|poke|p1|Necrozma-Dusk-Mane|\n|poke|p1|Pheromosa|\n|poke|p2|Slowbro, M|\n|poke|p2|Melmetal|\n|poke|p2|Ho-Oh|\n|poke|p2|Aggron, F|\n|poke|p2|Toxapex, F|\n|poke|p2|Ferrothorn, F|\n|teampreview\n|inactive|Battle timer is ON: inactive players will automatically lose when time's up. (requested by Gevien)\n|inactive|Rhyfinn 07 also wants the timer to be on.\n|\n|t:|1700217748\n|start\n|switch|p1a: Deoxys|Deoxys-Speed, shiny|100\/100\n|switch|p2a: Slowbro|Slowbro, M|100\/100\n|-ability|p1a: Deoxys|Pressure\n|turn|1\n|\n|t:|1700217752\n|move|p1a: Deoxys|Taunt|p2a: Slowbro\n|-start|p2a: Slowbro|move: Taunt\n|cant|p2a: Slowbro|move: Taunt|Trick Room\n|\n|upkeep\n|turn|2\n|\n|t:|1700217761\n|switch|p2a: Ferrothorn|Ferrothorn, F|100\/100\n|move|p1a: Deoxys|Stealth Rock|p2a: Ferrothorn\n|-sidestart|p2: Gevien|move: Stealth Rock\n|\n|upkeep\n|turn|3\n|\n|t:|1700217766\n|move|p1a: Deoxys|Taunt|p2a: Ferrothorn\n|-start|p2a: Ferrothorn|move: Taunt\n|move|p2a: Ferrothorn|Seed Bomb|p1a: Deoxys\n|-damage|p1a: Deoxys|66\/100\n|\n|upkeep\n|turn|4\n|\n|t:|1700217769\n|move|p1a: Deoxys|Spikes|p2a: Ferrothorn\n|-sidestart|p2: Gevien|Spikes\n|move|p2a: Ferrothorn|Seed Bomb|p1a: Deoxys\n|-damage|p1a: Deoxys|34\/100\n|\n|upkeep\n|turn|5\n|\n|t:|1700217773\n|move|p1a: Deoxys|Spikes|p2a: Ferrothorn\n|-sidestart|p2: Gevien|Spikes\n|move|p2a: Ferrothorn|Seed Bomb|p1a: Deoxys\n|-damage|p1a: Deoxys|0 fnt\n|faint|p1a: Deoxys\n|\n|-end|p2a: Ferrothorn|move: Taunt\n|upkeep\n|\n|t:|1700217776\n|switch|p1a: Groudon|Groudon, shiny|100\/100\n|detailschange|p1a: Groudon|Groudon-Primal, shiny\n|-primal|p1a: Groudon|Red Orb\n|-weather|DesolateLand|[from] ability: Desolate Land|[of] p1a: Groudon\n|turn|6\n|\n|t:|1700217784\n|switch|p2a: Ho-Oh|Ho-Oh|100\/100\n|move|p1a: Groudon|Flamethrower|p2a: Ho-Oh\n|-resisted|p2a: Ho-Oh\n|-damage|p2a: Ho-Oh|70\/100\n|\n|-weather|DesolateLand|[upkeep]\n|upkeep\n|turn|7\n|\n|t:|1700217791\n|move|p1a: Groudon|Flamethrower|p2a: Ho-Oh\n|-resisted|p2a: Ho-Oh\n|-damage|p2a: Ho-Oh|40\/100\n|move|p2a: Ho-Oh|Defog|p1a: Groudon\n|-unboost|p1a: Groudon|evasion|1\n|-sideend|p2: Gevien|Spikes|[from] move: Defog|[of] p2a: Ho-Oh\n|-sideend|p2: Gevien|Stealth Rock|[from] move: Defog|[of] p2a: Ho-Oh\n|\n|-weather|DesolateLand|[upkeep]\n|upkeep\n|turn|8\n|\n|t:|1700217800\n|switch|p2a: Slowbro|Slowbro, M|100\/100\n|move|p1a: Groudon|Flamethrower|p2a: Slowbro\n|-resisted|p2a: Slowbro\n|-damage|p2a: Slowbro|65\/100\n|\n|-weather|DesolateLand|[upkeep]\n|upkeep\n|turn|9\n|\n|t:|1700217809\n|move|p1a: Groudon|Solar Beam||[still]\n|-prepare|p1a: Groudon|Solar Beam\n|-anim|p1a: Groudon|Solar Beam|p2a: Slowbro\n|-supereffective|p2a: Slowbro\n|-damage|p2a: Slowbro|0 fnt\n|faint|p2a: Slowbro\n|\n|-weather|DesolateLand|[upkeep]\n|upkeep\n|\n|t:|1700217835\n|switch|p2a: Melmetal|Melmetal|100\/100\n|turn|10\n|-message|Gevien forfeited.\n|\n|win|Rhyfinn 07\n|raw|Rhyfinn 07's rating: 1048 &rarr; <strong>1084<\/strong><br \/>(+36 for winning)\n|raw|Gevien's rating: 1083 &rarr; <strong>1058<\/strong><br \/>(-25 for losing)\n|l|\u2606Gevien\n","uploadtime":1700217843,"views":8,"p1id":"rhyfinn07","p2id":"gevien","formatid":"gen9nationaldexubers","rating":1058,"private":0,"password":""}