{"id":"gen9nationaldexubers-1984242448","p1":"METAGAPE","p2":"AceTrainerBrandino","format":"[Gen 9] National Dex Ubers","log":"|j|\u2606METAGAPE\n|j|\u2606AceTrainerBrandino\n|t:|1699234124\n|gametype|singles\n|player|p1|METAGAPE|102|\n|player|p2|AceTrainerBrandino|swimmer-gen4|\n|teamsize|p1|6\n|teamsize|p2|6\n|gen|9\n|tier|[Gen 9] National Dex Ubers\n|rule|HP Percentage Mod: HP is shown in percentages\n|rule|Endless Battle Clause: Forcing endless battles is banned\n|rule|OHKO Clause: OHKO moves are banned\n|rule|Evasion Moves Clause: Evasion moves are banned\n|rule|Evasion Items Clause: Evasion items are banned\n|rule|Species Clause: Limit one of each Pok\u00e9mon\n|rule|Sleep Clause Mod: Limit one foe put to sleep\n|rule|Mega Rayquaza Clause: You cannot mega evolve Rayquaza\n|clearpoke\n|poke|p1|Walking Wake|\n|poke|p1|Charizard, F|\n|poke|p1|Torkoal, F|\n|poke|p1|Venusaur, M|\n|poke|p1|Latias, F|\n|poke|p1|Snorlax, F|\n|poke|p2|Porygon-Z|\n|poke|p2|Nidoking, M|\n|poke|p2|Hippowdon, M|\n|poke|p2|Celesteela|\n|poke|p2|Rhyperior, F|\n|poke|p2|Turtonator, F|\n|teampreview\n|\n|t:|1699234154\n|start\n|switch|p1a: Latias|Latias, F|100\/100\n|switch|p2a: Porygon-Z|Porygon-Z|100\/100\n|turn|1\n|\n|t:|1699234187\n|move|p1a: Latias|Reflect|p1a: Latias\n|-sidestart|p1: METAGAPE|Reflect\n|move|p2a: Porygon-Z|Hyper Beam|p1a: Latias\n|-damage|p1a: Latias|0 fnt\n|-mustrecharge|p2a: Porygon-Z\n|faint|p1a: Latias\n|\n|upkeep\n|\n|t:|1699234196\n|switch|p1a: Charizard|Charizard, F|100\/100\n|turn|2\n|\n|t:|1699234207\n|detailschange|p1a: Charizard|Charizard-Mega-Y, F\n|-mega|p1a: Charizard|Charizard|Charizardite Y\n|-weather|SunnyDay|[from] ability: Drought|[of] p1a: Charizard\n|move|p1a: Charizard|Flamethrower|p2a: Porygon-Z\n|-damage|p2a: Porygon-Z|0 fnt\n|faint|p2a: Porygon-Z\n|\n|-weather|SunnyDay|[upkeep]\n|upkeep\n|\n|t:|1699234216\n|switch|p2a: Hippowdon|Hippowdon, M|100\/100\n|-weather|Sandstorm|[from] ability: Sand Stream|[of] p2a: Hippowdon\n|turn|3\n|\n|t:|1699234224\n|switch|p1a: Torkoal|Torkoal, F|100\/100\n|-weather|SunnyDay|[from] ability: Drought|[of] p1a: Torkoal\n|move|p2a: Hippowdon|Stealth Rock|p1a: Torkoal\n|-sidestart|p1: METAGAPE|move: Stealth Rock\n|\n|-weather|SunnyDay|[upkeep]\n|upkeep\n|turn|4\n|\n|t:|1699234249\n|switch|p2a: Rhyperior|Rhyperior, F|100\/100\n|move|p1a: Torkoal|Yawn|p2a: Rhyperior\n|-start|p2a: Rhyperior|move: Yawn|[of] p1a: Torkoal\n|\n|-weather|SunnyDay|[upkeep]\n|upkeep\n|turn|5\n|\n|t:|1699234265\n|move|p2a: Rhyperior|Stone Edge|p1a: Torkoal|[miss]\n|-miss|p2a: Rhyperior|p1a: Torkoal\n|move|p1a: Torkoal|Stealth Rock|p2a: Rhyperior\n|-sidestart|p2: AceTrainerBrandino|move: Stealth Rock\n|\n|-weather|SunnyDay|[upkeep]\n|-end|p2a: Rhyperior|move: Yawn|[silent]\n|-status|p2a: Rhyperior|slp\n|-sideend|p1: METAGAPE|Reflect\n|upkeep\n|turn|6\n|j| Mfnthug$$$$\n|\n|t:|1699234275\n|cant|p2a: Rhyperior|slp\n|move|p1a: Torkoal|Solar Beam||[still]\n|-prepare|p1a: Torkoal|Solar Beam\n|-anim|p1a: Torkoal|Solar Beam|p2a: Rhyperior\n|-supereffective|p2a: Rhyperior\n|-damage|p2a: Rhyperior|47\/100 slp\n|\n|-weather|SunnyDay|[upkeep]\n|upkeep\n|turn|7\n|\n|t:|1699234289\n|switch|p2a: Celesteela|Celesteela|100\/100\n|-damage|p2a: Celesteela|88\/100|[from] Stealth Rock\n|move|p1a: Torkoal|Rapid Spin|p2a: Celesteela\n|-resisted|p2a: Celesteela\n|-crit|p2a: Celesteela\n|-damage|p2a: Celesteela|82\/100\n|-boost|p1a: Torkoal|spe|1\n|-sideend|p1: METAGAPE|Stealth Rock|[from] move: Rapid Spin|[of] p1a: Torkoal\n|\n|-weather|SunnyDay|[upkeep]\n|-heal|p2a: Celesteela|88\/100|[from] item: Leftovers\n|upkeep\n|turn|8\n|\n|t:|1699234312\n|switch|p2a: Hippowdon|Hippowdon, M|100\/100\n|-damage|p2a: Hippowdon|94\/100|[from] Stealth Rock\n|-weather|Sandstorm|[from] ability: Sand Stream|[of] p2a: Hippowdon\n|switch|p1a: Charizard|Charizard-Mega-Y, F|100\/100\n|-weather|SunnyDay|[from] ability: Drought|[of] p1a: Charizard\n|\n|-weather|SunnyDay|[upkeep]\n|upkeep\n|turn|9\n|\n|t:|1699234340\n|move|p1a: Charizard|Protect|p1a: Charizard\n|-singleturn|p1a: Charizard|Protect\n|move|p2a: Hippowdon|Stealth Rock|p1a: Charizard\n|-sidestart|p1: METAGAPE|move: Stealth Rock\n|\n|-weather|SunnyDay|[upkeep]\n|upkeep\n|turn|10\n|\n|t:|1699234359\n|switch|p1a: Snorlax|Snorlax, F|100\/100\n|-damage|p1a: Snorlax|88\/100|[from] Stealth Rock\n|switch|p2a: Rhyperior|Rhyperior, F|47\/100 slp\n|-damage|p2a: Rhyperior|40\/100 slp|[from] Stealth Rock\n|\n|-weather|SunnyDay|[upkeep]\n|upkeep\n|turn|11\n|\n|t:|1699234379\n|cant|p2a: Rhyperior|slp\n|move|p1a: Snorlax|Curse|p1a: Snorlax\n|-unboost|p1a: Snorlax|spe|1\n|-boost|p1a: Snorlax|atk|1\n|-boost|p1a: Snorlax|def|1\n|\n|-weather|SunnyDay|[upkeep]\n|upkeep\n|turn|12\n|\n|t:|1699234392\n|-curestatus|p2a: Rhyperior|slp|[msg]\n|move|p2a: Rhyperior|Heat Crash|p1a: Snorlax\n|-damage|p1a: Snorlax|74\/100\n|move|p1a: Snorlax|Earthquake|p2a: Rhyperior\n|-supereffective|p2a: Rhyperior\n|-damage|p2a: Rhyperior|7\/100\n|\n|-weather|none\n|upkeep\n|turn|13\n|\n|t:|1699234405\n|move|p2a: Rhyperior|Stone Edge|p1a: Snorlax\n|-damage|p1a: Snorlax|43\/100\n|-enditem|p1a: Snorlax|Figy Berry|[eat]\n|-heal|p1a: Snorlax|76\/100|[from] item: Figy Berry\n|move|p1a: Snorlax|Fire Punch|p2a: Rhyperior\n|-resisted|p2a: Rhyperior\n|-damage|p2a: Rhyperior|0 fnt\n|faint|p2a: Rhyperior\n|\n|upkeep\n|\n|t:|1699234423\n|switch|p2a: Turtonator|Turtonator, F|100\/100\n|-damage|p2a: Turtonator|76\/100|[from] Stealth Rock\n|turn|14\n|\n|t:|1699234434\n|-singleturn|p2a: Turtonator|move: Shell Trap\n|move|p1a: Snorlax|Earthquake|p2a: Turtonator\n|-supereffective|p2a: Turtonator\n|-enditem|p2a: Turtonator|Shuca Berry|[eat]\n|-enditem|p2a: Turtonator|Shuca Berry|[weaken]\n|-damage|p2a: Turtonator|49\/100\n|move|p2a: Turtonator|Shell Trap|p1a: Snorlax\n|-damage|p1a: Snorlax|50\/100\n|\n|upkeep\n|turn|15\n|\n|t:|1699234454\n|switch|p2a: Celesteela|Celesteela|88\/100\n|-damage|p2a: Celesteela|76\/100|[from] Stealth Rock\n|move|p1a: Snorlax|Recycle|p1a: Snorlax\n|-item|p1a: Snorlax|Figy Berry|[from] move: Recycle\n|-enditem|p1a: Snorlax|Figy Berry|[eat]\n|-heal|p1a: Snorlax|83\/100|[from] item: Figy Berry\n|\n|-heal|p2a: Celesteela|82\/100|[from] item: Leftovers\n|upkeep\n|turn|16\n|\n|t:|1699234468\n|move|p2a: Celesteela|Leech Seed|p1a: Snorlax\n|-start|p1a: Snorlax|move: Leech Seed\n|move|p1a: Snorlax|Fire Punch|p2a: Celesteela\n|-supereffective|p2a: Celesteela\n|-damage|p2a: Celesteela|35\/100\n|\n|-heal|p2a: Celesteela|41\/100|[from] item: Leftovers\n|-damage|p1a: Snorlax|70\/100|[from] Leech Seed|[of] p2a: Celesteela\n|-heal|p2a: Celesteela|57\/100|[silent]\n|upkeep\n|turn|17\n|\n|t:|1699234479\n|move|p2a: Celesteela|Bulldoze|p1a: Snorlax\n|-damage|p1a: Snorlax|61\/100\n|-unboost|p1a: Snorlax|spe|1\n|move|p1a: Snorlax|Fire Punch|p2a: Celesteela\n|-supereffective|p2a: Celesteela\n|-damage|p2a: Celesteela|10\/100\n|\n|-heal|p2a: Celesteela|16\/100|[from] item: Leftovers\n|-damage|p1a: Snorlax|49\/100|[from] Leech Seed|[of] p2a: Celesteela\n|-heal|p2a: Celesteela|32\/100|[silent]\n|upkeep\n|turn|18\n|\n|t:|1699234499\n|switch|p2a: Turtonator|Turtonator, F|49\/100\n|-damage|p2a: Turtonator|24\/100|[from] Stealth Rock\n|move|p1a: Snorlax|Fire Punch|p2a: Turtonator\n|-resisted|p2a: Turtonator\n|-damage|p2a: Turtonator|19\/100\n|\n|-damage|p1a: Snorlax|36\/100|[from] Leech Seed|[of] p2a: Turtonator\n|-heal|p2a: Turtonator|42\/100|[silent]\n|upkeep\n|turn|19\n|\n|t:|1699234509\n|move|p2a: Turtonator|Body Press|p1a: Snorlax\n|-supereffective|p1a: Snorlax\n|-damage|p1a: Snorlax|4\/100\n|move|p1a: Snorlax|Earthquake|p2a: Turtonator\n|-supereffective|p2a: Turtonator\n|-damage|p2a: Turtonator|0 fnt\n|faint|p2a: Turtonator\n|\n|upkeep\n|\n|t:|1699234518\n|switch|p2a: Celesteela|Celesteela|32\/100\n|-damage|p2a: Celesteela|20\/100|[from] Stealth Rock\n|turn|20\n|\n|t:|1699234525\n|switch|p2a: Hippowdon|Hippowdon, M|94\/100\n|-damage|p2a: Hippowdon|88\/100|[from] Stealth Rock\n|-weather|Sandstorm|[from] ability: Sand Stream|[of] p2a: Hippowdon\n|move|p1a: Snorlax|Recycle|p1a: Snorlax\n|-item|p1a: Snorlax|Figy Berry|[from] move: Recycle\n|-enditem|p1a: Snorlax|Figy Berry|[eat]\n|-heal|p1a: Snorlax|37\/100|[from] item: Figy Berry\n|\n|-weather|Sandstorm|[upkeep]\n|-damage|p1a: Snorlax|31\/100|[from] Sandstorm\n|-damage|p1a: Snorlax|19\/100|[from] Leech Seed|[of] p2a: Hippowdon\n|-heal|p2a: Hippowdon|100\/100|[silent]\n|upkeep\n|turn|21\n|\n|t:|1699234542\n|move|p2a: Hippowdon|Ice Fang|p1a: Snorlax\n|-damage|p1a: Snorlax|8\/100\n|move|p1a: Snorlax|Recycle|p1a: Snorlax\n|-item|p1a: Snorlax|Figy Berry|[from] move: Recycle\n|-enditem|p1a: Snorlax|Figy Berry|[eat]\n|-heal|p1a: Snorlax|42\/100|[from] item: Figy Berry\n|\n|-weather|Sandstorm|[upkeep]\n|-damage|p1a: Snorlax|35\/100|[from] Sandstorm\n|-damage|p1a: Snorlax|23\/100|[from] Leech Seed|[of] p2a: Hippowdon\n|upkeep\n|turn|22\n|\n|t:|1699234555\n|move|p2a: Hippowdon|High Horsepower|p1a: Snorlax\n|-damage|p1a: Snorlax|0 fnt\n|faint|p1a: Snorlax\n|\n|-weather|Sandstorm|[upkeep]\n|upkeep\n|\n|t:|1699234565\n|switch|p1a: Torkoal|Torkoal, F|100\/100\n|-damage|p1a: Torkoal|76\/100|[from] Stealth Rock\n|-weather|SunnyDay|[from] ability: Drought|[of] p1a: Torkoal\n|turn|23\n|\n|t:|1699234578\n|switch|p2a: Celesteela|Celesteela|20\/100\n|-damage|p2a: Celesteela|7\/100|[from] Stealth Rock\n|move|p1a: Torkoal|Yawn|p2a: Celesteela\n|-start|p2a: Celesteela|move: Yawn|[of] p1a: Torkoal\n|\n|-weather|SunnyDay|[upkeep]\n|-heal|p2a: Celesteela|13\/100|[from] item: Leftovers\n|upkeep\n|turn|24\n|\n|t:|1699234592\n|move|p2a: Celesteela|Bulldoze|p1a: Torkoal\n|-supereffective|p1a: Torkoal\n|-damage|p1a: Torkoal|53\/100\n|-unboost|p1a: Torkoal|spe|1\n|move|p1a: Torkoal|Rapid Spin|p2a: Celesteela\n|-resisted|p2a: Celesteela\n|-damage|p2a: Celesteela|9\/100\n|-boost|p1a: Torkoal|spe|1\n|-sideend|p1: METAGAPE|Stealth Rock|[from] move: Rapid Spin|[of] p1a: Torkoal\n|\n|-weather|SunnyDay|[upkeep]\n|-heal|p2a: Celesteela|15\/100|[from] item: Leftovers\n|-end|p2a: Celesteela|move: Yawn|[silent]\n|-status|p2a: Celesteela|slp\n|upkeep\n|turn|25\n|\n|t:|1699234622\n|switch|p1a: Walking Wake|Walking Wake|100\/100\n|-activate|p1a: Walking Wake|ability: Protosynthesis\n|-start|p1a: Walking Wake|protosynthesisspa\n|cant|p2a: Celesteela|slp\n|\n|-weather|SunnyDay|[upkeep]\n|-heal|p2a: Celesteela|21\/100 slp|[from] item: Leftovers\n|upkeep\n|turn|26\n|\n|t:|1699234636\n|move|p1a: Walking Wake|Hydro Steam|p2a: Celesteela\n|-damage|p2a: Celesteela|0 fnt\n|faint|p2a: Celesteela\n|\n|-weather|SunnyDay|[upkeep]\n|upkeep\n|\n|t:|1699234657\n|switch|p2a: Hippowdon|Hippowdon, M|100\/100\n|-damage|p2a: Hippowdon|94\/100|[from] Stealth Rock\n|-weather|Sandstorm|[from] ability: Sand Stream|[of] p2a: Hippowdon\n|-end|p1a: Walking Wake|Protosynthesis\n|turn|27\n|\n|t:|1699234677\n|move|p1a: Walking Wake|Hydro Steam|p2a: Hippowdon\n|-supereffective|p2a: Hippowdon\n|-damage|p2a: Hippowdon|4\/100\n|move|p2a: Hippowdon|Stealth Rock|p1a: Walking Wake\n|-sidestart|p1: METAGAPE|move: Stealth Rock\n|\n|-weather|Sandstorm|[upkeep]\n|-damage|p1a: Walking Wake|94\/100|[from] Sandstorm\n|upkeep\n|turn|28\n|\n|t:|1699234685\n|move|p1a: Walking Wake|Hydro Steam|p2a: Hippowdon\n|-supereffective|p2a: Hippowdon\n|-damage|p2a: Hippowdon|0 fnt\n|faint|p2a: Hippowdon\n|\n|-weather|Sandstorm|[upkeep]\n|-damage|p1a: Walking Wake|88\/100|[from] Sandstorm\n|upkeep\n|\n|t:|1699234693\n|switch|p2a: Nidoking|Nidoking, M|100\/100\n|-damage|p2a: Nidoking|94\/100|[from] Stealth Rock\n|turn|29\n|\n|t:|1699234704\n|move|p1a: Walking Wake|Hydro Steam|p2a: Nidoking\n|-supereffective|p2a: Nidoking\n|-damage|p2a: Nidoking|0 fnt\n|faint|p2a: Nidoking\n|\n|win|METAGAPE\n","uploadtime":1699234718,"views":29,"p1id":"metagape","p2id":"acetrainerbrandino","formatid":"gen9nationaldexubers","rating":0,"private":0,"password":""}