{"id":"gen9nationaldexubers-1997045773","p1":"LemonLime78","p2":"KarmaKazama0","format":"[Gen 9] National Dex Ubers","log":"|j|\u2606LemonLime78\n|j|\u2606KarmaKazama0\n|t:|1700759034\n|gametype|singles\n|player|p1|LemonLime78|ghetsis|1369\n|player|p2|KarmaKazama0|169|1546\n|teamsize|p1|6\n|teamsize|p2|6\n|gen|9\n|tier|[Gen 9] National Dex Ubers\n|rated|\n|rule|HP Percentage Mod: HP is shown in percentages\n|rule|Endless Battle Clause: Forcing endless battles is banned\n|rule|OHKO Clause: OHKO moves are banned\n|rule|Evasion Moves Clause: Evasion moves are banned\n|rule|Evasion Items Clause: Evasion items are banned\n|rule|Species Clause: Limit one of each Pok\u00e9mon\n|rule|Sleep Clause Mod: Limit one foe put to sleep\n|rule|Mega Rayquaza Clause: You cannot mega evolve Rayquaza\n|clearpoke\n|poke|p1|Melmetal|\n|poke|p1|Kingambit, F|\n|poke|p1|Mewtwo|\n|poke|p1|Palafin, F|\n|poke|p1|Shuckle, F|\n|poke|p1|Iron Valiant|\n|poke|p2|Arceus-Ground|\n|poke|p2|Groudon|\n|poke|p2|Salamence, F|\n|poke|p2|Ferrothorn, M|\n|poke|p2|Xerneas-*|\n|poke|p2|Rayquaza|\n|teampreview\n|inactive|Battle timer is ON: inactive players will automatically lose when time's up. (requested by LemonLime78)\n|\n|t:|1700759044\n|start\n|switch|p1a: Shuckle|Shuckle, F|100\/100\n|switch|p2a: Rayquaza|Rayquaza|100\/100\n|-ability|p2a: Rayquaza|Air Lock\n|turn|1\n|\n|t:|1700759049\n|move|p2a: Rayquaza|U-turn|p1a: Shuckle\n|-damage|p1a: Shuckle|73\/100\n|\n|t:|1700759053\n|switch|p2a: Groudon|Groudon|100\/100|[from] U-turn\n|detailschange|p2a: Groudon|Groudon-Primal\n|-primal|p2a: Groudon|Red Orb\n|-weather|DesolateLand|[from] ability: Desolate Land|[of] p2a: Groudon\n|move|p1a: Shuckle|Sticky Web|p2a: Groudon\n|-sidestart|p2: KarmaKazama0|move: Sticky Web\n|\n|-weather|DesolateLand|[upkeep]\n|upkeep\n|turn|2\n|\n|t:|1700759058\n|move|p2a: Groudon|Precipice Blades|p1a: Shuckle\n|-damage|p1a: Shuckle|9\/100\n|-enditem|p1a: Shuckle|Aguav Berry|[eat]\n|-heal|p1a: Shuckle|42\/100|[from] item: Aguav Berry\n|move|p1a: Shuckle|Toxic|p2a: Groudon\n|-status|p2a: Groudon|tox\n|\n|-weather|DesolateLand|[upkeep]\n|-damage|p2a: Groudon|94\/100 tox|[from] psn\n|upkeep\n|turn|3\n|\n|t:|1700759064\n|move|p2a: Groudon|Stealth Rock|p1a: Shuckle\n|-sidestart|p1: LemonLime78|move: Stealth Rock\n|move|p1a: Shuckle|Stealth Rock|p2a: Groudon\n|-sidestart|p2: KarmaKazama0|move: Stealth Rock\n|\n|-weather|DesolateLand|[upkeep]\n|-damage|p2a: Groudon|82\/100 tox|[from] psn\n|upkeep\n|turn|4\n|\n|t:|1700759067\n|move|p2a: Groudon|Precipice Blades|p1a: Shuckle\n|-damage|p1a: Shuckle|0 fnt\n|faint|p1a: Shuckle\n|\n|-weather|DesolateLand|[upkeep]\n|-damage|p2a: Groudon|63\/100 tox|[from] psn\n|upkeep\n|\n|t:|1700759072\n|switch|p1a: Melmetal|Melmetal, shiny|100\/100\n|-damage|p1a: Melmetal|94\/100|[from] Stealth Rock\n|turn|5\n|\n|t:|1700759075\n|-terastallize|p1a: Melmetal|Ground\n|move|p2a: Groudon|Precipice Blades|p1a: Melmetal\n|-damage|p1a: Melmetal|44\/100\n|move|p1a: Melmetal|Earthquake|p2a: Groudon\n|-supereffective|p2a: Groudon\n|-damage|p2a: Groudon|0 fnt\n|faint|p2a: Groudon\n|-weather|none\n|\n|upkeep\n|\n|t:|1700759084\n|switch|p2a: Rayquaza|Rayquaza|100\/100\n|-damage|p2a: Rayquaza|76\/100|[from] Stealth Rock\n|-ability|p2a: Rayquaza|Air Lock\n|turn|6\n|\n|t:|1700759089\n|-terastallize|p2a: Rayquaza|Flying\n|move|p2a: Rayquaza|Dragon Ascent|p1a: Melmetal\n|-damage|p1a: Melmetal|0 fnt\n|-unboost|p2a: Rayquaza|def|1\n|-unboost|p2a: Rayquaza|spd|1\n|faint|p1a: Melmetal\n|\n|upkeep\n|\n|t:|1700759106\n|switch|p1a: Mewtwo|Mewtwo|100\/100\n|-damage|p1a: Mewtwo|88\/100|[from] Stealth Rock\n|-ability|p1a: Mewtwo|Pressure\n|turn|7\n|\n|t:|1700759111\n|detailschange|p1a: Mewtwo|Mewtwo-Mega-Y\n|-mega|p1a: Mewtwo|Mewtwo|Mewtwonite Y\n|move|p1a: Mewtwo|Psystrike|p2a: Rayquaza\n|-damage|p2a: Rayquaza|0 fnt\n|faint|p2a: Rayquaza\n|\n|upkeep\n|\n|t:|1700759124\n|switch|p2a: Ferrothorn|Ferrothorn, M|100\/100\n|-activate|p2a: Ferrothorn|move: Sticky Web\n|-unboost|p2a: Ferrothorn|spe|1\n|-damage|p2a: Ferrothorn|94\/100|[from] Stealth Rock\n|turn|8\n|\n|t:|1700759128\n|move|p1a: Mewtwo|Focus Blast|p2a: Ferrothorn|[miss]\n|-miss|p1a: Mewtwo|p2a: Ferrothorn\n|move|p2a: Ferrothorn|Gyro Ball|p1a: Mewtwo\n|-damage|p1a: Mewtwo|28\/100\n|\n|-heal|p2a: Ferrothorn|100\/100|[from] item: Leftovers\n|upkeep\n|turn|9\n|\n|t:|1700759143\n|move|p1a: Mewtwo|Focus Blast|p2a: Ferrothorn\n|-supereffective|p2a: Ferrothorn\n|-damage|p2a: Ferrothorn|21\/100\n|move|p2a: Ferrothorn|Gyro Ball|p1a: Mewtwo\n|-damage|p1a: Mewtwo|0 fnt\n|faint|p1a: Mewtwo\n|\n|-heal|p2a: Ferrothorn|27\/100|[from] item: Leftovers\n|upkeep\n|\n|t:|1700759146\n|switch|p1a: Palafin|Palafin, F|100\/100\n|-damage|p1a: Palafin|88\/100|[from] Stealth Rock\n|turn|10\n|\n|t:|1700759151\n|detailschange|p1a: Palafin|Palafin-Hero, F\n|switch|p1a: Kingambit|Kingambit, F|100\/100\n|-damage|p1a: Kingambit|94\/100|[from] Stealth Rock\n|-activate|p1a: Kingambit|ability: Supreme Overlord\n|-start|p1a: Kingambit|fallen3|[silent]\n|move|p2a: Ferrothorn|Leech Seed|p1a: Kingambit\n|-start|p1a: Kingambit|move: Leech Seed\n|\n|-heal|p1a: Kingambit|100\/100|[from] item: Leftovers\n|-heal|p2a: Ferrothorn|33\/100|[from] item: Leftovers\n|-damage|p1a: Kingambit|88\/100|[from] Leech Seed|[of] p2a: Ferrothorn\n|-heal|p2a: Ferrothorn|48\/100|[silent]\n|upkeep\n|turn|11\n|\n|t:|1700759159\n|-end|p1a: Kingambit|fallen3|[silent]\n|switch|p1a: Iron Valiant|Iron Valiant|100\/100\n|-damage|p1a: Iron Valiant|94\/100|[from] Stealth Rock\n|-enditem|p1a: Iron Valiant|Booster Energy\n|-activate|p1a: Iron Valiant|ability: Quark Drive|[fromitem]\n|-start|p1a: Iron Valiant|quarkdrivespe\n|move|p2a: Ferrothorn|Gyro Ball|p1a: Iron Valiant\n|-supereffective|p1a: Iron Valiant\n|-damage|p1a: Iron Valiant|0 fnt\n|faint|p1a: Iron Valiant\n|-end|p1a: Iron Valiant|Quark Drive|[silent]\n|\n|-heal|p2a: Ferrothorn|54\/100|[from] item: Leftovers\n|upkeep\n|\n|t:|1700759162\n|switch|p1a: Palafin|Palafin-Hero, F|88\/100\n|-damage|p1a: Palafin|76\/100|[from] Stealth Rock\n|-activate|p1a: Palafin|ability: Zero to Hero\n|turn|12\n|\n|t:|1700759169\n|move|p1a: Palafin|Close Combat|p2a: Ferrothorn\n|-supereffective|p2a: Ferrothorn\n|-damage|p2a: Ferrothorn|0 fnt\n|-unboost|p1a: Palafin|def|1\n|-unboost|p1a: Palafin|spd|1\n|-damage|p1a: Palafin|64\/100|[from] ability: Iron Barbs|[of] p2a: Ferrothorn\n|faint|p2a: Ferrothorn\n|\n|upkeep\n|\n|t:|1700759172\n|switch|p2a: Xerneas|Xerneas|100\/100\n|-activate|p2a: Xerneas|move: Sticky Web\n|-unboost|p2a: Xerneas|spe|1\n|-damage|p2a: Xerneas|88\/100|[from] Stealth Rock\n|-ability|p2a: Xerneas|Fairy Aura\n|turn|13\n|\n|t:|1700759174\n|switch|p1a: Kingambit|Kingambit, F|88\/100\n|-damage|p1a: Kingambit|82\/100|[from] Stealth Rock\n|-activate|p1a: Kingambit|ability: Supreme Overlord\n|-start|p1a: Kingambit|fallen4|[silent]\n|move|p2a: Xerneas|Moonblast|p1a: Kingambit\n|-damage|p1a: Kingambit|17\/100\n|-unboost|p1a: Kingambit|spa|1\n|\n|-heal|p1a: Kingambit|23\/100|[from] item: Leftovers\n|upkeep\n|turn|14\n|\n|t:|1700759178\n|move|p2a: Xerneas|Moonblast|p1a: Kingambit\n|-damage|p1a: Kingambit|0 fnt\n|faint|p1a: Kingambit\n|-end|p1a: Kingambit|fallen4|[silent]\n|\n|upkeep\n|\n|t:|1700759181\n|switch|p1a: Palafin|Palafin-Hero, F|64\/100\n|-damage|p1a: Palafin|51\/100|[from] Stealth Rock\n|turn|15\n|\n|t:|1700759184\n|move|p1a: Palafin|Liquidation|p2a: Xerneas\n|-damage|p2a: Xerneas|26\/100\n|-unboost|p2a: Xerneas|def|1\n|move|p2a: Xerneas|Moonblast|p1a: Palafin\n|-damage|p1a: Palafin|0 fnt\n|faint|p1a: Palafin\n|\n|win|KarmaKazama0\n|raw|LemonLime78's rating: 1369 &rarr; <strong>1358<\/strong><br \/>(-11 for losing)\n|raw|KarmaKazama0's rating: 1546 &rarr; <strong>1557<\/strong><br \/>(+11 for winning)\n|l|\u2606LemonLime78\n","uploadtime":1700759191,"views":14,"p1id":"lemonlime78","p2id":"karmakazama0","formatid":"gen9nationaldexubers","rating":1358,"private":0,"password":""}