{"id":"gen9nationaldexubers-1990429511","p1":"Gersondacamisola","p2":"PremiumTrainer","format":"[Gen 9] National Dex Ubers","log":"|j|\u2606Gersondacamisola\n|j|\u2606PremiumTrainer\n|t:|1699970111\n|gametype|singles\n|player|p1|Gersondacamisola|1|1167\n|player|p2|PremiumTrainer|2|1092\n|teamsize|p1|6\n|teamsize|p2|6\n|gen|9\n|tier|[Gen 9] National Dex Ubers\n|rated|\n|rule|HP Percentage Mod: HP is shown in percentages\n|rule|Endless Battle Clause: Forcing endless battles is banned\n|rule|OHKO Clause: OHKO moves are banned\n|rule|Evasion Moves Clause: Evasion moves are banned\n|rule|Evasion Items Clause: Evasion items are banned\n|rule|Species Clause: Limit one of each Pok\u00e9mon\n|rule|Sleep Clause Mod: Limit one foe put to sleep\n|rule|Mega Rayquaza Clause: You cannot mega evolve Rayquaza\n|clearpoke\n|poke|p1|Pelipper, M|\n|poke|p1|Swampert, F|\n|poke|p1|Corviknight, M|\n|poke|p1|Mismagius, F|\n|poke|p1|Urshifu-*, M|\n|poke|p1|Zeraora|\n|poke|p2|Kingambit, F|\n|poke|p2|Flutter Mane|\n|poke|p2|Dragapult, M|\n|poke|p2|Skeledirge, F|\n|poke|p2|Greninja-*, M|\n|poke|p2|Meowscarada, F|\n|teampreview\n|\n|t:|1699970129\n|start\n|switch|p1a: Pelipper|Pelipper, M|100\/100\n|switch|p2a: Flutter Mane|Flutter Mane|100\/100\n|-weather|RainDance|[from] ability: Drizzle|[of] p1a: Pelipper\n|-enditem|p2a: Flutter Mane|Booster Energy\n|-activate|p2a: Flutter Mane|ability: Protosynthesis|[fromitem]\n|-start|p2a: Flutter Mane|protosynthesisspe\n|turn|1\n|\n|t:|1699970142\n|move|p2a: Flutter Mane|Calm Mind|p2a: Flutter Mane\n|-boost|p2a: Flutter Mane|spa|1\n|-boost|p2a: Flutter Mane|spd|1\n|move|p1a: Pelipper|Scald|p2a: Flutter Mane\n|-damage|p2a: Flutter Mane|63\/100\n|\n|-weather|RainDance|[upkeep]\n|upkeep\n|turn|2\n|\n|t:|1699970150\n|switch|p1a: Urshifu|Urshifu-Rapid-Strike, M|100\/100\n|move|p2a: Flutter Mane|Dark Pulse|p1a: Urshifu\n|-resisted|p1a: Urshifu\n|-damage|p1a: Urshifu|66\/100\n|\n|-weather|RainDance|[upkeep]\n|upkeep\n|turn|3\n|\n|t:|1699970165\n|move|p2a: Flutter Mane|Stored Power|p1a: Urshifu\n|-supereffective|p1a: Urshifu\n|-damage|p1a: Urshifu|0 fnt\n|faint|p1a: Urshifu\n|\n|-weather|RainDance|[upkeep]\n|upkeep\n|\n|t:|1699970173\n|switch|p1a: Mismagius|Mismagius, F|100\/100\n|turn|4\n|\n|t:|1699970177\n|move|p2a: Flutter Mane|Shadow Ball|p1a: Mismagius\n|-supereffective|p1a: Mismagius\n|-enditem|p1a: Mismagius|Focus Sash\n|-damage|p1a: Mismagius|1\/100\n|move|p1a: Mismagius|Shadow Ball|p2a: Flutter Mane\n|-supereffective|p2a: Flutter Mane\n|-damage|p2a: Flutter Mane|24\/100\n|\n|-weather|RainDance|[upkeep]\n|upkeep\n|turn|5\n|\n|t:|1699970190\n|move|p2a: Flutter Mane|Shadow Ball|p1a: Mismagius\n|-supereffective|p1a: Mismagius\n|-damage|p1a: Mismagius|0 fnt\n|faint|p1a: Mismagius\n|\n|-weather|RainDance|[upkeep]\n|upkeep\n|\n|t:|1699970197\n|switch|p1a: Zeraora|Zeraora|100\/100\n|turn|6\n|\n|t:|1699970205\n|move|p2a: Flutter Mane|Dark Pulse|p1a: Zeraora\n|-damage|p1a: Zeraora|47\/100\n|cant|p1a: Zeraora|flinch\n|\n|-weather|RainDance|[upkeep]\n|upkeep\n|turn|7\n|\n|t:|1699970214\n|move|p2a: Flutter Mane|Dark Pulse|p1a: Zeraora\n|-damage|p1a: Zeraora|0 fnt\n|faint|p1a: Zeraora\n|\n|-weather|RainDance|[upkeep]\n|upkeep\n|\n|t:|1699970220\n|switch|p1a: Corviknight|Corviknight, M|100\/100\n|-ability|p1a: Corviknight|Pressure\n|turn|8\n|\n|t:|1699970227\n|move|p2a: Flutter Mane|Dark Pulse|p1a: Corviknight\n|-damage|p1a: Corviknight|59\/100\n|move|p1a: Corviknight|Brave Bird|p2a: Flutter Mane\n|-damage|p2a: Flutter Mane|0 fnt\n|faint|p2a: Flutter Mane\n|-end|p2a: Flutter Mane|Protosynthesis|[silent]\n|-damage|p1a: Corviknight|54\/100|[from] Recoil\n|\n|-weather|none\n|-heal|p1a: Corviknight|60\/100|[from] item: Leftovers\n|upkeep\n|\n|t:|1699970241\n|switch|p2a: Dirge|Skeledirge, F|100\/100\n|turn|9\n|\n|t:|1699970251\n|switch|p1a: Pelipper|Pelipper, M|100\/100\n|-weather|RainDance|[from] ability: Drizzle|[of] p1a: Pelipper\n|move|p2a: Dirge|Torch Song|p1a: Pelipper\n|-resisted|p1a: Pelipper\n|-damage|p1a: Pelipper|84\/100\n|-boost|p2a: Dirge|spa|1\n|\n|-weather|RainDance|[upkeep]\n|upkeep\n|turn|10\n|\n|t:|1699970263\n|-terastallize|p2a: Dirge|Water\n|move|p1a: Pelipper|Scald|p2a: Dirge\n|-resisted|p2a: Dirge\n|-damage|p2a: Dirge|76\/100\n|move|p2a: Dirge|Yawn|p1a: Pelipper\n|-start|p1a: Pelipper|move: Yawn|[of] p2a: Dirge\n|\n|-weather|RainDance|[upkeep]\n|upkeep\n|turn|11\n|\n|t:|1699970276\n|move|p1a: Pelipper|U-turn|p2a: Dirge\n|-damage|p2a: Dirge|68\/100\n|\n|t:|1699970281\n|switch|p1a: Swampert|Swampert, F|100\/100|[from] U-turn\n|move|p2a: Dirge|Shadow Ball|p1a: Swampert\n|-damage|p1a: Swampert|33\/100\n|\n|-weather|RainDance|[upkeep]\n|upkeep\n|turn|12\n|\n|t:|1699970291\n|detailschange|p1a: Swampert|Swampert-Mega, F\n|-mega|p1a: Swampert|Swampert|Swampertite\n|move|p1a: Swampert|Scald|p2a: Dirge\n|-resisted|p2a: Dirge\n|-damage|p2a: Dirge|46\/100\n|move|p2a: Dirge|Shadow Ball|p1a: Swampert\n|-damage|p1a: Swampert|0 fnt\n|faint|p1a: Swampert\n|\n|-weather|RainDance|[upkeep]\n|upkeep\n|\n|t:|1699970303\n|switch|p1a: Pelipper|Pelipper, M|84\/100\n|turn|13\n|\n|t:|1699970309\n|-terastallize|p1a: Pelipper|Water\n|move|p1a: Pelipper|Scald|p2a: Dirge\n|-resisted|p2a: Dirge\n|-damage|p2a: Dirge|10\/100\n|move|p2a: Dirge|Shadow Ball|p1a: Pelipper\n|-crit|p1a: Pelipper\n|-damage|p1a: Pelipper|0 fnt\n|faint|p1a: Pelipper\n|\n|-weather|RainDance|[upkeep]\n|upkeep\n|\n|t:|1699970322\n|switch|p1a: Corviknight|Corviknight, M|60\/100\n|-ability|p1a: Corviknight|Pressure\n|turn|14\n|\n|t:|1699970327\n|move|p1a: Corviknight|Brave Bird|p2a: Dirge\n|-damage|p2a: Dirge|0 fnt\n|faint|p2a: Dirge\n|-damage|p1a: Corviknight|57\/100|[from] Recoil\n|\n|-weather|RainDance|[upkeep]\n|-heal|p1a: Corviknight|63\/100|[from] item: Leftovers\n|upkeep\n|\n|t:|1699970341\n|switch|p2a: Jose-Greninja|Greninja, M|100\/100\n|turn|15\n|\n|t:|1699970345\n|move|p2a: Jose-Greninja|Hydro Cannon|p1a: Corviknight\n|-damage|p1a: Corviknight|0 fnt\n|-mustrecharge|p2a: Jose-Greninja\n|faint|p1a: Corviknight\n|\n|win|PremiumTrainer\n|raw|Gersondacamisola's rating: 1167 &rarr; <strong>1137<\/strong><br \/>(-30 for losing)\n|raw|PremiumTrainer's rating: 1092 &rarr; <strong>1124<\/strong><br \/>(+32 for winning)\n|l|\u2606Gersondacamisola\n|l|\u2606PremiumTrainer\n|j|\u2606PremiumTrainer\n|player|p2|PremiumTrainer|2\n","uploadtime":1699970376,"views":5,"p1id":"gersondacamisola","p2id":"premiumtrainer","formatid":"gen9nationaldexubers","rating":1124,"private":0,"password":""}