{"id":"gen9nationaldexubers-1994025386","p1":"Specs Hex Pex","p2":"FunInDaSun","format":"[Gen 9] National Dex Ubers","log":"|j|\u2606Specs Hex Pex\n|j|\u2606FunInDaSun\n|t:|1700395755\n|gametype|singles\n|player|p1|Specs Hex Pex|lady|\n|player|p2|FunInDaSun|bugcatcher|\n|teamsize|p1|6\n|teamsize|p2|6\n|gen|9\n|tier|[Gen 9] National Dex Ubers\n|rule|HP Percentage Mod: HP is shown in percentages\n|rule|Endless Battle Clause: Forcing endless battles is banned\n|rule|OHKO Clause: OHKO moves are banned\n|rule|Evasion Moves Clause: Evasion moves are banned\n|rule|Evasion Items Clause: Evasion items are banned\n|rule|Species Clause: Limit one of each Pok\u00e9mon\n|rule|Sleep Clause Mod: Limit one foe put to sleep\n|rule|Mega Rayquaza Clause: You cannot mega evolve Rayquaza\n|clearpoke\n|poke|p1|Cinderace, M|\n|poke|p1|Gothitelle, M|\n|poke|p1|Thundurus-Therian, M|\n|poke|p1|Calyrex-Ice|\n|poke|p1|Annihilape, M|\n|poke|p1|Melmetal|\n|poke|p2|Landorus, M|\n|poke|p2|Magearna|\n|poke|p2|Walking Wake|\n|poke|p2|Mewtwo|\n|poke|p2|Zamazenta-*|\n|poke|p2|Naganadel|\n|teampreview\n|c|\u2606Specs Hex Pex|gl hf\n|\n|t:|1700395823\n|start\n|switch|p1a: Cinderace|Cinderace, M|100\/100\n|switch|p2a: Naganadel|Naganadel|100\/100\n|turn|1\n|\n|t:|1700395832\n|move|p2a: Naganadel|Spikes|p1a: Cinderace\n|-sidestart|p1: Specs Hex Pex|Spikes\n|move|p1a: Cinderace|Zen Headbutt|p2a: Naganadel\n|-start|p1a: Cinderace|typechange|Psychic|[from] ability: Libero\n|-supereffective|p2a: Naganadel\n|-enditem|p2a: Naganadel|Focus Sash\n|-damage|p2a: Naganadel|1\/100\n|\n|upkeep\n|turn|2\n|\n|t:|1700395850\n|move|p2a: Naganadel|Toxic Spikes|p1a: Cinderace\n|-sidestart|p1: Specs Hex Pex|move: Toxic Spikes\n|move|p1a: Cinderace|Snarl|p2a: Naganadel\n|-damage|p2a: Naganadel|0 fnt\n|faint|p2a: Naganadel\n|\n|upkeep\n|\n|t:|1700395874\n|switch|p2a: Mewtwo|Mewtwo|100\/100\n|-ability|p2a: Mewtwo|Pressure\n|turn|3\n|\n|t:|1700395890\n|detailschange|p2a: Mewtwo|Mewtwo-Mega-X\n|-mega|p2a: Mewtwo|Mewtwo|Mewtwonite X\n|move|p1a: Cinderace|Pyro Ball|p2a: Mewtwo\n|-damage|p2a: Mewtwo|64\/100\n|move|p2a: Mewtwo|Knock Off|p1a: Cinderace\n|-supereffective|p1a: Cinderace\n|-enditem|p1a: Cinderace|Focus Sash\n|-damage|p1a: Cinderace|1\/100\n|\n|upkeep\n|turn|4\n|\n|t:|1700395917\n|switch|p2a: Walking Wake|Walking Wake|100\/100\n|move|p1a: Cinderace|Zen Headbutt|p2a: Walking Wake\n|-damage|p2a: Walking Wake|77\/100\n|\n|-heal|p2a: Walking Wake|84\/100|[from] item: Leftovers\n|upkeep\n|turn|5\n|\n|t:|1700395925\n|move|p2a: Walking Wake|Protect|p2a: Walking Wake\n|-singleturn|p2a: Walking Wake|Protect\n|move|p1a: Cinderace|Snarl|p2a: Walking Wake\n|-activate|p2a: Walking Wake|move: Protect\n|\n|-heal|p2a: Walking Wake|90\/100|[from] item: Leftovers\n|upkeep\n|turn|6\n|\n|t:|1700395932\n|move|p1a: Cinderace|Snarl|p2a: Walking Wake\n|-damage|p2a: Walking Wake|81\/100\n|-unboost|p2a: Walking Wake|spa|1\n|move|p2a: Walking Wake|Substitute|p2a: Walking Wake\n|-start|p2a: Walking Wake|Substitute\n|-damage|p2a: Walking Wake|56\/100\n|\n|-heal|p2a: Walking Wake|62\/100|[from] item: Leftovers\n|upkeep\n|turn|7\n|\n|t:|1700395945\n|switch|p1a: Gothitelle|Gothitelle, M|100\/100\n|-damage|p1a: Gothitelle|88\/100|[from] Spikes\n|-status|p1a: Gothitelle|psn\n|move|p2a: Walking Wake|Roar|p1a: Gothitelle\n|drag|p1a: Melmetal|Melmetal|100\/100\n|-damage|p1a: Melmetal|88\/100|[from] Spikes\n|\n|-heal|p2a: Walking Wake|69\/100|[from] item: Leftovers\n|upkeep\n|turn|8\n|\n|t:|1700395957\n|move|p2a: Walking Wake|Scald|p1a: Melmetal\n|-damage|p1a: Melmetal|73\/100\n|move|p1a: Melmetal|Double Iron Bash|p2a: Walking Wake\n|-resisted|p2a: Walking Wake\n|-activate|p2a: Walking Wake|move: Substitute|[damage]\n|-resisted|p2a: Walking Wake\n|-end|p2a: Walking Wake|Substitute\n|-hitcount|p2a: Walking Wake|2\n|\n|-heal|p2a: Walking Wake|75\/100|[from] item: Leftovers\n|upkeep\n|turn|9\n|\n|t:|1700395972\n|-end|p2a: Walking Wake|Protosynthesis|[silent]\n|switch|p2a: Zamazenta|Zamazenta-Crowned|100\/100\n|-ability|p2a: Zamazenta|Dauntless Shield|boost\n|-boost|p2a: Zamazenta|def|1\n|move|p1a: Melmetal|Thunder Punch|p2a: Zamazenta\n|-damage|p2a: Zamazenta|85\/100\n|\n|upkeep\n|turn|10\n|\n|t:|1700395999\n|move|p1a: Melmetal|Earthquake|p2a: Zamazenta\n|-supereffective|p2a: Zamazenta\n|-damage|p2a: Zamazenta|48\/100\n|move|p2a: Zamazenta|Roar|p1a: Melmetal\n|drag|p1a: Annihilape|Annihilape, M|100\/100\n|-damage|p1a: Annihilape|88\/100|[from] Spikes\n|-status|p1a: Annihilape|psn\n|\n|-damage|p1a: Annihilape|76\/100 psn|[from] psn\n|upkeep\n|turn|11\n|\n|t:|1700396013\n|move|p2a: Zamazenta|Behemoth Bash|p1a: Annihilape\n|-damage|p1a: Annihilape|33\/100 psn\n|move|p1a: Annihilape|Taunt|p2a: Zamazenta\n|-start|p2a: Zamazenta|move: Taunt\n|\n|-damage|p1a: Annihilape|21\/100 psn|[from] psn\n|upkeep\n|turn|12\n|\n|t:|1700396022\n|move|p2a: Zamazenta|Behemoth Bash|p1a: Annihilape\n|-damage|p1a: Annihilape|0 fnt\n|faint|p1a: Annihilape\n|\n|upkeep\n|\n|t:|1700396028\n|switch|p1a: Thundurus|Thundurus-Therian, M|100\/100\n|turn|13\n|\n|t:|1700396034\n|move|p1a: Thundurus|Volt Switch|p2a: Zamazenta\n|-damage|p2a: Zamazenta|27\/100\n|\n|t:|1700396036\n|switch|p1a: Melmetal|Melmetal|73\/100|[from] Volt Switch\n|-damage|p1a: Melmetal|61\/100|[from] Spikes\n|move|p2a: Zamazenta|Stone Edge|p1a: Melmetal\n|-resisted|p1a: Melmetal\n|-damage|p1a: Melmetal|54\/100\n|\n|upkeep\n|turn|14\n|\n|t:|1700396044\n|move|p2a: Zamazenta|Body Press|p1a: Melmetal\n|-supereffective|p1a: Melmetal\n|-damage|p1a: Melmetal|0 fnt\n|faint|p1a: Melmetal\n|\n|-end|p2a: Zamazenta|move: Taunt\n|upkeep\n|\n|t:|1700396056\n|switch|p1a: Gothitelle|Gothitelle, M|88\/100 psn\n|-damage|p1a: Gothitelle|75\/100 psn|[from] Spikes\n|turn|15\n|\n|t:|1700396077\n|move|p2a: Zamazenta|Behemoth Bash|p1a: Gothitelle\n|-damage|p1a: Gothitelle|38\/100 psn\n|move|p1a: Gothitelle|Taunt|p2a: Zamazenta\n|-start|p2a: Zamazenta|move: Taunt\n|\n|-heal|p1a: Gothitelle|44\/100 psn|[from] item: Leftovers\n|-damage|p1a: Gothitelle|31\/100 psn|[from] psn\n|upkeep\n|turn|16\n|\n|t:|1700396086\n|move|p2a: Zamazenta|Behemoth Bash|p1a: Gothitelle\n|-damage|p1a: Gothitelle|0 fnt\n|faint|p1a: Gothitelle\n|\n|upkeep\n|\n|t:|1700396094\n|switch|p1a: Thundurus|Thundurus-Therian, M|100\/100\n|turn|17\n|\n|t:|1700396107\n|move|p1a: Thundurus|Focus Blast|p2a: Zamazenta|[miss]\n|-miss|p1a: Thundurus|p2a: Zamazenta\n|move|p2a: Zamazenta|Stone Edge|p1a: Thundurus\n|-supereffective|p1a: Thundurus\n|-damage|p1a: Thundurus|25\/100\n|\n|upkeep\n|turn|18\n|\n|t:|1700396113\n|move|p1a: Thundurus|Focus Blast|p2a: Zamazenta\n|-supereffective|p2a: Zamazenta\n|-damage|p2a: Zamazenta|0 fnt\n|faint|p2a: Zamazenta\n|\n|upkeep\n|\n|t:|1700396117\n|switch|p2a: Mewtwo|Mewtwo-Mega-X|64\/100\n|turn|19\n|\n|t:|1700396122\n|switch|p1a: Cinderace|Cinderace, M|1\/100\n|-damage|p1a: Cinderace|0 fnt|[from] Spikes\n|faint|p1a: Cinderace\n|move|p2a: Mewtwo|Knock Off|p1: Cinderace|[notarget]\n|-fail|p2a: Mewtwo\n|\n|upkeep\n|\n|t:|1700396128\n|switch|p1a: Thundurus|Thundurus-Therian, M|25\/100\n|turn|20\n|\n|t:|1700396136\n|switch|p2a: Landorus|Landorus, M|100\/100\n|move|p1a: Thundurus|Psychic|p2a: Landorus\n|-damage|p2a: Landorus|59\/100\n|\n|upkeep\n|turn|21\n|\n|t:|1700396147\n|move|p2a: Landorus|Protect|p2a: Landorus\n|-singleturn|p2a: Landorus|Protect\n|move|p1a: Thundurus|Psychic|p2a: Landorus\n|-activate|p2a: Landorus|move: Protect\n|\n|upkeep\n|turn|22\n|\n|t:|1700396153\n|switch|p2a: Magearna|Magearna|100\/100\n|-item|p2a: Magearna|Air Balloon\n|move|p1a: Thundurus|Psychic|p2a: Magearna\n|-resisted|p2a: Magearna\n|-damage|p2a: Magearna|87\/100\n|-enditem|p2a: Magearna|Air Balloon\n|\n|upkeep\n|turn|23\n|\n|t:|1700396161\n|move|p1a: Thundurus|Psychic|p2a: Magearna\n|-resisted|p2a: Magearna\n|-damage|p2a: Magearna|73\/100\n|move|p2a: Magearna|Calm Mind|p2a: Magearna\n|-boost|p2a: Magearna|spa|1\n|-boost|p2a: Magearna|spd|1\n|\n|upkeep\n|turn|24\n|\n|t:|1700396169\n|move|p1a: Thundurus|Psychic|p2a: Magearna\n|-resisted|p2a: Magearna\n|-damage|p2a: Magearna|63\/100\n|move|p2a: Magearna|Calm Mind|p2a: Magearna\n|-boost|p2a: Magearna|spa|1\n|-boost|p2a: Magearna|spd|1\n|\n|upkeep\n|turn|25\n|\n|t:|1700396174\n|move|p1a: Thundurus|Psychic|p2a: Magearna\n|-resisted|p2a: Magearna\n|-damage|p2a: Magearna|56\/100\n|move|p2a: Magearna|Flash Cannon|p1a: Thundurus\n|-resisted|p1a: Thundurus\n|-damage|p1a: Thundurus|0 fnt\n|faint|p1a: Thundurus\n|-ability|p2a: Magearna|Soul-Heart|boost\n|-boost|p2a: Magearna|spa|1\n|\n|upkeep\n|\n|t:|1700396182\n|switch|p1a: Calyrex|Calyrex-Ice|100\/100\n|-ability|p1a: Calyrex|As One\n|-ability|p1a: Calyrex|Unnerve\n|-damage|p1a: Calyrex|88\/100|[from] Spikes\n|-status|p1a: Calyrex|psn\n|turn|26\n|\n|t:|1700396196\n|switch|p2a: Walking Wake|Walking Wake|75\/100\n|move|p1a: Calyrex|Trick Room|p1a: Calyrex\n|-fieldstart|move: Trick Room|[of] p1a: Calyrex\n|\n|-heal|p1a: Calyrex|94\/100 psn|[from] item: Leftovers\n|-heal|p2a: Walking Wake|81\/100|[from] item: Leftovers\n|-damage|p1a: Calyrex|82\/100 psn|[from] psn\n|upkeep\n|turn|27\n|\n|t:|1700396207\n|-terastallize|p1a: Calyrex|Fairy\n|move|p1a: Calyrex|Tera Blast|p2a: Walking Wake|[anim] Tera Blast Fairy\n|-supereffective|p2a: Walking Wake\n|-damage|p2a: Walking Wake|5\/100\n|move|p2a: Walking Wake|Substitute|p2a: Walking Wake\n|-fail|p2a: Walking Wake|move: Substitute|[weak]\n|\n|-heal|p1a: Calyrex|88\/100 psn|[from] item: Leftovers\n|-heal|p2a: Walking Wake|11\/100|[from] item: Leftovers\n|-damage|p1a: Calyrex|75\/100 psn|[from] psn\n|upkeep\n|turn|28\n|\n|t:|1700396227\n|move|p2a: Walking Wake|Protect|p2a: Walking Wake\n|-singleturn|p2a: Walking Wake|Protect\n|move|p1a: Calyrex|High Horsepower|p2a: Walking Wake\n|-activate|p2a: Walking Wake|move: Protect\n|\n|-heal|p1a: Calyrex|82\/100 psn|[from] item: Leftovers\n|-heal|p2a: Walking Wake|17\/100|[from] item: Leftovers\n|-damage|p1a: Calyrex|69\/100 psn|[from] psn\n|upkeep\n|turn|29\n|\n|t:|1700396236\n|move|p1a: Calyrex|Glacial Lance|p2a: Walking Wake\n|-damage|p2a: Walking Wake|0 fnt\n|faint|p2a: Walking Wake\n|-end|p2a: Walking Wake|Protosynthesis|[silent]\n|-ability|p1a: Calyrex|Chilling Neigh|boost\n|-boost|p1a: Calyrex|atk|1\n|\n|-heal|p1a: Calyrex|75\/100 psn|[from] item: Leftovers\n|-damage|p1a: Calyrex|63\/100 psn|[from] psn\n|upkeep\n|\n|t:|1700396239\n|switch|p2a: Landorus|Landorus, M|59\/100\n|turn|30\n|\n|t:|1700396247\n|move|p2a: Landorus|Protect|p2a: Landorus\n|-singleturn|p2a: Landorus|Protect\n|move|p1a: Calyrex|Tera Blast|p2a: Landorus|[anim] Tera Blast Fairy\n|-activate|p2a: Landorus|move: Protect\n|\n|-heal|p1a: Calyrex|69\/100 psn|[from] item: Leftovers\n|-damage|p1a: Calyrex|57\/100 psn|[from] psn\n|-fieldend|move: Trick Room\n|upkeep\n|turn|31\n|\n|t:|1700396255\n|move|p2a: Landorus|Sandsear Storm|p1a: Calyrex\n|-damage|p1a: Calyrex|5\/100 psn\n|move|p1a: Calyrex|Glacial Lance|p2a: Landorus\n|-supereffective|p2a: Landorus\n|-damage|p2a: Landorus|0 fnt\n|faint|p2a: Landorus\n|-ability|p1a: Calyrex|Chilling Neigh|boost\n|-boost|p1a: Calyrex|atk|1\n|\n|-heal|p1a: Calyrex|11\/100 psn|[from] item: Leftovers\n|-damage|p1a: Calyrex|0 fnt|[from] psn\n|faint|p1a: Calyrex\n|\n|win|FunInDaSun\n|upkeep\n|c|\u2606FunInDaSun|gg. really didnt want to give you magearna :sweat:\n|c|\u2606Specs Hex Pex|That's fair\n|l|\u2606Specs Hex Pex\n","uploadtime":1700396285,"views":18,"p1id":"specshexpex","p2id":"funindasun","formatid":"gen9nationaldexubers","rating":0,"private":0,"password":""}