{"id":"gen9nationaldexubers-1977858365","p1":"Big round man","p2":"sittingduck1080","format":"[Gen 9] National Dex Ubers","log":"|j|\u2606Big round man\n|j|\u2606sittingduck1080\n|t:|1698458291\n|gametype|singles\n|player|p1|Big round man|crasherwake|1510\n|player|p2|sittingduck1080|pokemaniac|1509\n|teamsize|p1|6\n|teamsize|p2|6\n|gen|9\n|tier|[Gen 9] National Dex Ubers\n|rated|\n|rule|HP Percentage Mod: HP is shown in percentages\n|rule|Endless Battle Clause: Forcing endless battles is banned\n|rule|OHKO Clause: OHKO moves are banned\n|rule|Evasion Moves Clause: Evasion moves are banned\n|rule|Evasion Items Clause: Evasion items are banned\n|rule|Species Clause: Limit one of each Pok\u00e9mon\n|rule|Sleep Clause Mod: Limit one foe put to sleep\n|rule|Mega Rayquaza Clause: You cannot mega evolve Rayquaza\n|clearpoke\n|poke|p1|Crawdaunt, M|\n|poke|p1|Serperior, F|\n|poke|p1|Urshifu-*, M|\n|poke|p1|Scyther, F|\n|poke|p1|Kingambit, M|\n|poke|p1|Zamazenta-*|\n|poke|p2|Kyogre|\n|poke|p2|Groudon|\n|poke|p2|Necrozma-Dusk-Mane|\n|poke|p2|Ho-Oh|\n|poke|p2|Zygarde|\n|poke|p2|Flutter Mane|\n|teampreview\n|c|\u2606Big round man|glhf\n|\n|t:|1698458307\n|start\n|switch|p1a: Bobby Wasabi|Urshifu-Rapid-Strike, M|100\/100\n|switch|p2a: Ho-Oh|Ho-Oh, shiny|100\/100\n|turn|1\n|\n|t:|1698458317\n|switch|p2a: Groudon|Groudon|100\/100\n|detailschange|p2a: Groudon|Groudon-Primal\n|-primal|p2a: Groudon|Red Orb\n|-weather|DesolateLand|[from] ability: Desolate Land|[of] p2a: Groudon\n|move|p1a: Bobby Wasabi|Close Combat|p2a: Groudon\n|-damage|p2a: Groudon|58\/100\n|-unboost|p1a: Bobby Wasabi|def|1\n|-unboost|p1a: Bobby Wasabi|spd|1\n|\n|-weather|DesolateLand|[upkeep]\n|upkeep\n|turn|2\n|\n|t:|1698458332\n|move|p1a: Bobby Wasabi|Close Combat|p2a: Groudon\n|-damage|p2a: Groudon|10\/100\n|-unboost|p1a: Bobby Wasabi|def|1\n|-unboost|p1a: Bobby Wasabi|spd|1\n|move|p2a: Groudon|Precipice Blades|p1a: Bobby Wasabi\n|-damage|p1a: Bobby Wasabi|0 fnt\n|faint|p1a: Bobby Wasabi\n|\n|-weather|DesolateLand|[upkeep]\n|upkeep\n|\n|t:|1698458336\n|switch|p1a: ketchup|Scyther, F, shiny|100\/100\n|turn|3\n|\n|t:|1698458350\n|-weather|none\n|switch|p2a: Ho-Oh|Ho-Oh, shiny|100\/100\n|move|p1a: ketchup|Quick Attack|p2a: Ho-Oh\n|-damage|p2a: Ho-Oh|89\/100\n|\n|upkeep\n|turn|4\n|\n|t:|1698458360\n|-terastallize|p1a: ketchup|Normal\n|move|p1a: ketchup|Swords Dance|p1a: ketchup\n|-boost|p1a: ketchup|atk|2\n|move|p2a: Ho-Oh|Sacred Fire|p1a: ketchup\n|-damage|p1a: ketchup|72\/100\n|\n|upkeep\n|turn|5\n|\n|t:|1698458368\n|move|p1a: ketchup|Dual Wingbeat|p2a: Ho-Oh|[miss]\n|-miss|p1a: ketchup|p2a: Ho-Oh\n|move|p2a: Ho-Oh|Sacred Fire|p1a: ketchup\n|-damage|p1a: ketchup|42\/100\n|-status|p1a: ketchup|brn\n|\n|-damage|p1a: ketchup|36\/100 brn|[from] brn\n|upkeep\n|turn|6\n|\n|t:|1698458387\n|switch|p2a: Necrozma|Necrozma-Dusk-Mane|100\/100\n|move|p1a: ketchup|Dual Wingbeat|p2a: Necrozma|[miss]\n|-miss|p1a: ketchup|p2a: Necrozma\n|\n|-damage|p1a: ketchup|30\/100 brn|[from] brn\n|upkeep\n|turn|7\n|\n|t:|1698458396\n|move|p1a: ketchup|Bug Bite|p2a: Necrozma\n|-damage|p2a: Necrozma|76\/100\n|move|p2a: Necrozma|Stealth Rock|p1a: ketchup\n|-sidestart|p1: Big round man|move: Stealth Rock\n|\n|-heal|p2a: Necrozma|82\/100|[from] item: Leftovers\n|-damage|p1a: ketchup|24\/100 brn|[from] brn\n|upkeep\n|turn|8\n|c|\u2606Big round man|:'(\n|\n|t:|1698458407\n|switch|p2a: Zygarde|Zygarde|100\/100\n|move|p1a: ketchup|Bug Bite|p2a: Zygarde\n|-damage|p2a: Zygarde|73\/100\n|\n|-heal|p2a: Zygarde|79\/100|[from] item: Leftovers\n|-damage|p1a: ketchup|17\/100 brn|[from] brn\n|upkeep\n|turn|9\n|\n|t:|1698458417\n|move|p1a: ketchup|Bug Bite|p2a: Zygarde\n|-damage|p2a: Zygarde|49\/100\n|move|p2a: Zygarde|Coil|p2a: Zygarde\n|-boost|p2a: Zygarde|atk|1\n|-boost|p2a: Zygarde|def|1\n|-boost|p2a: Zygarde|accuracy|1\n|\n|-heal|p2a: Zygarde|55\/100|[from] item: Leftovers\n|-damage|p1a: ketchup|11\/100 brn|[from] brn\n|upkeep\n|turn|10\n|\n|t:|1698458427\n|move|p1a: ketchup|Bug Bite|p2a: Zygarde\n|-damage|p2a: Zygarde|38\/100\n|move|p2a: Zygarde|Coil|p2a: Zygarde\n|-boost|p2a: Zygarde|atk|1\n|-boost|p2a: Zygarde|def|1\n|-boost|p2a: Zygarde|accuracy|1\n|\n|-heal|p2a: Zygarde|44\/100|[from] item: Leftovers\n|-damage|p1a: ketchup|5\/100 brn|[from] brn\n|-activate|p2a: Zygarde|ability: Power Construct\n|detailschange|p2a: Zygarde|Zygarde-Complete\n|-heal|p2a: Zygarde|64\/100|[silent]\n|upkeep\n|turn|11\n|\n|t:|1698458439\n|move|p1a: ketchup|Dual Wingbeat|p2a: Zygarde\n|-damage|p2a: Zygarde|58\/100\n|-damage|p2a: Zygarde|52\/100\n|-hitcount|p2a: Zygarde|2\n|move|p2a: Zygarde|Scale Shot|p1a: ketchup\n|-crit|p1a: ketchup\n|-damage|p1a: ketchup|0 fnt\n|faint|p1a: ketchup\n|-hitcount|p1: ketchup|1\n|-unboost|p2a: Zygarde|def|1\n|-boost|p2a: Zygarde|spe|1\n|\n|-heal|p2a: Zygarde|58\/100|[from] item: Leftovers\n|upkeep\n|\n|t:|1698458447\n|switch|p1a: Zamazenta|Zamazenta-Crowned|100\/100\n|-damage|p1a: Zamazenta|97\/100|[from] Stealth Rock\n|-ability|p1a: Zamazenta|Dauntless Shield|boost\n|-boost|p1a: Zamazenta|def|1\n|turn|12\n|\n|t:|1698458459\n|move|p2a: Zygarde|Thousand Waves|p1a: Zamazenta\n|-supereffective|p1a: Zamazenta\n|-damage|p1a: Zamazenta|19\/100\n|-activate|p1a: Zamazenta|trapped\n|move|p1a: Zamazenta|Iron Defense|p1a: Zamazenta\n|-boost|p1a: Zamazenta|def|2\n|\n|-heal|p2a: Zygarde|64\/100|[from] item: Leftovers\n|upkeep\n|turn|13\n|\n|t:|1698458473\n|move|p2a: Zygarde|Thousand Waves|p1a: Zamazenta\n|-supereffective|p1a: Zamazenta\n|-crit|p1a: Zamazenta\n|-damage|p1a: Zamazenta|0 fnt\n|faint|p1a: Zamazenta\n|\n|-heal|p2a: Zygarde|70\/100|[from] item: Leftovers\n|upkeep\n|\n|t:|1698458497\n|switch|p1a: Pairsnip|Crawdaunt, M, shiny|100\/100\n|-damage|p1a: Pairsnip|88\/100|[from] Stealth Rock\n|turn|14\n|\n|t:|1698458501\n|move|p2a: Zygarde|Scale Shot|p1a: Pairsnip\n|-damage|p1a: Pairsnip|53\/100\n|-damage|p1a: Pairsnip|16\/100\n|-damage|p1a: Pairsnip|0 fnt\n|faint|p1a: Pairsnip\n|-hitcount|p1: Pairsnip|3\n|-unboost|p2a: Zygarde|def|1\n|-boost|p2a: Zygarde|spe|1\n|\n|-heal|p2a: Zygarde|76\/100|[from] item: Leftovers\n|upkeep\n|\n|t:|1698458506\n|switch|p1a: Shling|Kingambit, M, shiny|100\/100\n|-damage|p1a: Shling|94\/100|[from] Stealth Rock\n|turn|15\n|\n|t:|1698458517\n|move|p2a: Zygarde|Thousand Waves|p1a: Shling\n|-supereffective|p1a: Shling\n|-damage|p1a: Shling|0 fnt\n|faint|p1a: Shling\n|\n|-heal|p2a: Zygarde|82\/100|[from] item: Leftovers\n|upkeep\n|\n|t:|1698458521\n|switch|p1a: Rooftop|Serperior, F, shiny|100\/100\n|-damage|p1a: Rooftop|88\/100|[from] Stealth Rock\n|turn|16\n|\n|t:|1698458528\n|move|p2a: Zygarde|Scale Shot|p1a: Rooftop\n|-damage|p1a: Rooftop|60\/100\n|-damage|p1a: Rooftop|32\/100\n|-hitcount|p1a: Rooftop|2\n|-unboost|p2a: Zygarde|def|1\n|-boost|p2a: Zygarde|spe|1\n|move|p1a: Rooftop|Leaf Storm|p2a: Zygarde\n|-damage|p2a: Zygarde|48\/100\n|-boost|p1a: Rooftop|spa|2\n|\n|-heal|p2a: Zygarde|54\/100|[from] item: Leftovers\n|upkeep\n|turn|17\n|\n|t:|1698458541\n|move|p2a: Zygarde|Scale Shot|p1a: Rooftop\n|-damage|p1a: Rooftop|4\/100\n|-damage|p1a: Rooftop|0 fnt\n|faint|p1a: Rooftop\n|-hitcount|p1: Rooftop|2\n|\n|win|sittingduck1080\n|raw|Big round man's rating: 1510 &rarr; <strong>1490<\/strong><br \/>(-20 for losing)\n|raw|sittingduck1080's rating: 1509 &rarr; <strong>1529<\/strong><br \/>(+20 for winning)\n|l|\u2606Big round man\n","uploadtime":1698458565,"views":17,"p1id":"bigroundman","p2id":"sittingduck1080","formatid":"gen9nationaldexubers","rating":1490,"private":0,"password":""}