{"id":"gen9nationaldexubers-1983466786","p1":"WebbiestMage","p2":"Randal RYFU","format":"[Gen 9] National Dex Ubers","log":"|j|\u2606WebbiestMage\n|j|\u2606Randal RYFU\n|t:|1699133173\n|gametype|singles\n|player|p1|WebbiestMage|lucas|\n|player|p2|Randal RYFU|darach-caitlin|\n|teamsize|p1|6\n|teamsize|p2|6\n|gen|9\n|tier|[Gen 9] National Dex Ubers\n|rule|HP Percentage Mod: HP is shown in percentages\n|rule|Endless Battle Clause: Forcing endless battles is banned\n|rule|OHKO Clause: OHKO moves are banned\n|rule|Evasion Moves Clause: Evasion moves are banned\n|rule|Evasion Items Clause: Evasion items are banned\n|rule|Species Clause: Limit one of each Pok\u00e9mon\n|rule|Sleep Clause Mod: Limit one foe put to sleep\n|rule|Mega Rayquaza Clause: You cannot mega evolve Rayquaza\n|clearpoke\n|poke|p1|Annihilape, M|\n|poke|p1|Spectrier|\n|poke|p1|Sneasler, M|\n|poke|p1|Abomasnow, M|\n|poke|p1|Iron Leaves|\n|poke|p1|Fezandipiti, M|\n|poke|p2|Gyarados, M|\n|poke|p2|Sylveon, F|\n|poke|p2|Tapu Lele|\n|poke|p2|Scizor, M|\n|poke|p2|Lopunny, F|\n|poke|p2|Slurpuff, F|\n|teampreview\n|j| PorygonTheBot\n|c| PorygonTheBot|This game looks fun!\n|\n|t:|1699133284\n|start\n|switch|p1a: Sneasler|Sneasler, M|100\/100\n|switch|p2a: Slurpuff|Slurpuff, F|100\/100\n|-item|p1a: Sneasler|Air Balloon\n|turn|1\n|\n|t:|1699133318\n|move|p1a: Sneasler|Swords Dance|p1a: Sneasler\n|-boost|p1a: Sneasler|atk|2\n|move|p2a: Slurpuff|Sticky Web|p1a: Sneasler\n|-sidestart|p1: WebbiestMage|move: Sticky Web\n|\n|upkeep\n|turn|2\n|\n|t:|1699133337\n|move|p1a: Sneasler|Swords Dance|p1a: Sneasler\n|-boost|p1a: Sneasler|atk|2\n|move|p2a: Slurpuff|Flash|p1a: Sneasler\n|-unboost|p1a: Sneasler|accuracy|1\n|\n|upkeep\n|turn|3\n|\n|t:|1699133354\n|move|p1a: Sneasler|Dire Claw|p2a: Slurpuff|[miss]\n|-miss|p1a: Sneasler|p2a: Slurpuff\n|move|p2a: Slurpuff|Flash|p1a: Sneasler\n|-unboost|p1a: Sneasler|accuracy|1\n|\n|upkeep\n|turn|4\n|\n|t:|1699133367\n|move|p1a: Sneasler|Dire Claw|p2a: Slurpuff|[miss]\n|-miss|p1a: Sneasler|p2a: Slurpuff\n|move|p2a: Slurpuff|Flamethrower|p1a: Sneasler\n|-damage|p1a: Sneasler|69\/100\n|-status|p1a: Sneasler|brn\n|-enditem|p1a: Sneasler|Air Balloon\n|\n|-damage|p1a: Sneasler|63\/100 brn|[from] brn\n|upkeep\n|turn|5\n|\n|t:|1699133380\n|move|p1a: Sneasler|Acrobatics|p2a: Slurpuff\n|-crit|p2a: Slurpuff\n|-enditem|p2a: Slurpuff|Focus Sash\n|-damage|p2a: Slurpuff|1\/100\n|move|p2a: Slurpuff|Flash|p1a: Sneasler\n|-unboost|p1a: Sneasler|accuracy|1\n|\n|-damage|p1a: Sneasler|57\/100 brn|[from] brn\n|upkeep\n|turn|6\n|\n|t:|1699133393\n|move|p1a: Sneasler|Dire Claw|p2a: Slurpuff\n|-supereffective|p2a: Slurpuff\n|-damage|p2a: Slurpuff|0 fnt\n|faint|p2a: Slurpuff\n|\n|-damage|p1a: Sneasler|51\/100 brn|[from] brn\n|upkeep\n|\n|t:|1699133421\n|switch|p2a: Sylveon|Sylveon, F|100\/100\n|turn|7\n|\n|t:|1699133438\n|-terastallize|p2a: Sylveon|Fairy\n|move|p1a: Sneasler|Acrobatics|p2a: Sylveon\n|-damage|p2a: Sylveon|37\/100\n|move|p2a: Sylveon|Hyper Voice|p1a: Sneasler\n|-damage|p1a: Sneasler|0 fnt\n|faint|p1a: Sneasler\n|-enditem|p2a: Sylveon|Throat Spray\n|-boost|p2a: Sylveon|spa|1|[from] item: Throat Spray\n|\n|upkeep\n|\n|t:|1699133456\n|switch|p1a: Abomasnow|Abomasnow, M|100\/100\n|-activate|p1a: Abomasnow|move: Sticky Web\n|-unboost|p1a: Abomasnow|spe|1\n|-weather|Snow|[from] ability: Snow Warning|[of] p1a: Abomasnow\n|turn|8\n|\n|t:|1699133469\n|detailschange|p1a: Abomasnow|Abomasnow-Mega, M\n|-mega|p1a: Abomasnow|Abomasnow|Abomasite\n|move|p2a: Sylveon|Tera Blast|p1a: Abomasnow|[anim] Tera Blast Fairy\n|-damage|p1a: Abomasnow|30\/100\n|move|p1a: Abomasnow|Aurora Veil|p1a: Abomasnow\n|-sidestart|p1: WebbiestMage|move: Aurora Veil\n|\n|-weather|Snow|[upkeep]\n|upkeep\n|turn|9\n|\n|t:|1699133482\n|move|p2a: Sylveon|Wish|p2a: Sylveon\n|move|p1a: Abomasnow|Blizzard|p2a: Sylveon\n|-damage|p2a: Sylveon|0 fnt\n|faint|p2a: Sylveon\n|\n|-weather|Snow|[upkeep]\n|upkeep\n|\n|t:|1699133496\n|switch|p2a: Gyarados|Gyarados, M, shiny|100\/100\n|-ability|p2a: Gyarados|Intimidate|boost\n|-unboost|p1a: Abomasnow|atk|1\n|turn|10\n|\n|t:|1699133508\n|detailschange|p2a: Gyarados|Gyarados-Mega, M, shiny\n|-mega|p2a: Gyarados|Gyarados|Gyaradosite\n|-ability|p2a: Gyarados|Mold Breaker\n|move|p2a: Gyarados|Dragon Dance|p2a: Gyarados\n|-boost|p2a: Gyarados|atk|1\n|-boost|p2a: Gyarados|spe|1\n|move|p1a: Abomasnow|Giga Drain|p2a: Gyarados\n|-supereffective|p2a: Gyarados\n|-damage|p2a: Gyarados|32\/100\n|-heal|p1a: Abomasnow|61\/100|[from] drain|[of] p2a: Gyarados\n|\n|-weather|Snow|[upkeep]\n|-heal|p2a: Gyarados|82\/100|[from] move: Wish|[wisher] Sylveon\n|upkeep\n|turn|11\n|\n|t:|1699133525\n|move|p1a: Abomasnow|Giga Drain|p2a: Gyarados\n|-supereffective|p2a: Gyarados\n|-damage|p2a: Gyarados|13\/100\n|-heal|p1a: Abomasnow|91\/100|[from] drain|[of] p2a: Gyarados\n|move|p2a: Gyarados|Dragon Tail|p1a: Abomasnow\n|-damage|p1a: Abomasnow|79\/100\n|drag|p1a: Annihilape|Annihilape, M|100\/100\n|-activate|p1a: Annihilape|move: Sticky Web\n|-unboost|p1a: Annihilape|spe|1\n|-ability|p1a: Annihilape|Defiant|boost\n|-boost|p1a: Annihilape|atk|2\n|\n|-weather|Snow|[upkeep]\n|upkeep\n|turn|12\n|\n|t:|1699133564\n|move|p1a: Annihilape|Drain Punch|p2a: Gyarados\n|-supereffective|p2a: Gyarados\n|-damage|p2a: Gyarados|0 fnt\n|faint|p2a: Gyarados\n|\n|-weather|none\n|-sideend|p1: WebbiestMage|move: Aurora Veil\n|upkeep\n|\n|t:|1699133572\n|switch|p2a: Lopunny|Lopunny, F|100\/100\n|turn|13\n|\n|t:|1699133578\n|move|p2a: Lopunny|Fake Out|p1a: Annihilape\n|-immune|p1a: Annihilape\n|move|p1a: Annihilape|Drain Punch|p2a: Lopunny\n|-supereffective|p2a: Lopunny\n|-damage|p2a: Lopunny|0 fnt\n|faint|p2a: Lopunny\n|\n|upkeep\n|\n|t:|1699133585\n|switch|p2a: Scizor|Scizor, M|100\/100\n|turn|14\n|\n|t:|1699133592\n|move|p2a: Scizor|Swords Dance|p2a: Scizor\n|-boost|p2a: Scizor|atk|2\n|move|p1a: Annihilape|Drain Punch|p2a: Scizor\n|-damage|p2a: Scizor|42\/100\n|\n|upkeep\n|turn|15\n|\n|t:|1699133601\n|move|p2a: Scizor|Bullet Punch|p1a: Annihilape\n|-crit|p1a: Annihilape\n|-damage|p1a: Annihilape|36\/100\n|move|p1a: Annihilape|Drain Punch|p2a: Scizor\n|-damage|p2a: Scizor|0 fnt\n|-heal|p1a: Annihilape|50\/100|[from] drain|[of] p2a: Scizor\n|faint|p2a: Scizor\n|\n|-heal|p1a: Annihilape|56\/100|[from] item: Leftovers\n|upkeep\n|\n|t:|1699133604\n|switch|p2a: Tapu Lele|Tapu Lele|100\/100\n|-fieldstart|move: Psychic Terrain|[from] ability: Psychic Surge|[of] p2a: Tapu Lele\n|turn|16\n|\n|t:|1699133625\n|move|p2a: Tapu Lele|Draining Kiss|p1a: Annihilape\n|-supereffective|p1a: Annihilape\n|-damage|p1a: Annihilape|20\/100\n|move|p1a: Annihilape|Drain Punch|p2a: Tapu Lele\n|-resisted|p2a: Tapu Lele\n|-damage|p2a: Tapu Lele|79\/100\n|-heal|p1a: Annihilape|27\/100|[from] drain|[of] p2a: Tapu Lele\n|\n|-heal|p1a: Annihilape|33\/100|[from] item: Leftovers\n|upkeep\n|turn|17\n|\n|t:|1699133637\n|move|p2a: Tapu Lele|Draining Kiss|p1a: Annihilape\n|-supereffective|p1a: Annihilape\n|-damage|p1a: Annihilape|0 fnt\n|-heal|p2a: Tapu Lele|100\/100|[from] drain|[of] p1a: Annihilape\n|faint|p1a: Annihilape\n|\n|upkeep\n|\n|t:|1699133644\n|switch|p1a: Abomasnow|Abomasnow-Mega, M|79\/100\n|-activate|p1a: Abomasnow|move: Sticky Web\n|-unboost|p1a: Abomasnow|spe|1\n|-weather|Snow|[from] ability: Snow Warning|[of] p1a: Abomasnow\n|turn|18\n|\n|t:|1699133682\n|move|p2a: Tapu Lele|Psychic|p1a: Abomasnow\n|-damage|p1a: Abomasnow|24\/100\n|move|p1a: Abomasnow|Blizzard|p2a: Tapu Lele\n|-damage|p2a: Tapu Lele|29\/100\n|\n|-weather|Snow|[upkeep]\n|upkeep\n|turn|19\n|\n|t:|1699133692\n|move|p1a: Abomasnow|Protect|p1a: Abomasnow\n|-singleturn|p1a: Abomasnow|Protect\n|move|p2a: Tapu Lele|Draining Kiss|p1a: Abomasnow\n|-activate|p1a: Abomasnow|move: Protect\n|\n|-weather|Snow|[upkeep]\n|upkeep\n|turn|20\n|\n|t:|1699133702\n|move|p2a: Tapu Lele|Draining Kiss|p1a: Abomasnow\n|-damage|p1a: Abomasnow|2\/100\n|-heal|p2a: Tapu Lele|51\/100|[from] drain|[of] p1a: Abomasnow\n|move|p1a: Abomasnow|Blizzard|p2a: Tapu Lele\n|-damage|p2a: Tapu Lele|0 fnt\n|faint|p2a: Tapu Lele\n|\n|win|WebbiestMage\n|l| PorygonTheBot\n|c|\u2606Randal RYFU|GG\n","uploadtime":1699133703,"views":17,"p1id":"webbiestmage","p2id":"randalryfu","formatid":"gen9nationaldexubers","rating":0,"private":0,"password":""}