{"id":"gen9nationaldexubers-1996363138","p1":"Mike3299999","p2":"edcearense","format":"[Gen 9] National Dex Ubers","log":"|j|\u2606Mike3299999\n|j|\u2606edcearense\n|t:|1700674887\n|gametype|singles\n|player|p1|Mike3299999|red|1025\n|player|p2|edcearense|hugh|1000\n|teamsize|p1|6\n|teamsize|p2|6\n|gen|9\n|tier|[Gen 9] National Dex Ubers\n|rated|\n|rule|HP Percentage Mod: HP is shown in percentages\n|rule|Endless Battle Clause: Forcing endless battles is banned\n|rule|OHKO Clause: OHKO moves are banned\n|rule|Evasion Moves Clause: Evasion moves are banned\n|rule|Evasion Items Clause: Evasion items are banned\n|rule|Species Clause: Limit one of each Pok\u00e9mon\n|rule|Sleep Clause Mod: Limit one foe put to sleep\n|rule|Mega Rayquaza Clause: You cannot mega evolve Rayquaza\n|clearpoke\n|poke|p1|Lugia|\n|poke|p1|Sylveon, M|\n|poke|p1|Aegislash, M|\n|poke|p1|Dragonite, M|\n|poke|p1|Charizard, M|\n|poke|p1|Golisopod, F|\n|poke|p2|Ludicolo, F|\n|poke|p2|Ninetales-Alola, F|\n|poke|p2|Salamence, M|\n|poke|p2|Toxtricity, M|\n|poke|p2|Spiritomb, M|\n|poke|p2|Volcarona, F|\n|teampreview\n|\n|t:|1700674897\n|start\n|switch|p1a: Golisopod|Golisopod, F|100\/100\n|switch|p2a: Spiritomb|Spiritomb, M|100\/100\n|turn|1\n|\n|t:|1700674907\n|move|p1a: Golisopod|First Impression|p2a: Spiritomb\n|-damage|p2a: Spiritomb|50\/100\n|move|p2a: Spiritomb|Foul Play|p1a: Golisopod\n|-damage|p1a: Golisopod|63\/100\n|\n|upkeep\n|turn|2\n|\n|t:|1700674918\n|move|p2a: Spiritomb|Sucker Punch|p1a: Golisopod\n|-damage|p1a: Golisopod|47\/100\n|-activate|p1a: Golisopod|ability: Emergency Exit\n|\n|t:|1700674935\n|switch|p1a: Drago que come cu|Dragonite, M|100\/100\n|\n|upkeep\n|turn|3\n|\n|t:|1700674949\n|move|p1a: Drago que come cu|Dragon Claw|p2a: Spiritomb\n|-damage|p2a: Spiritomb|0 fnt\n|faint|p2a: Spiritomb\n|\n|upkeep\n|\n|t:|1700674957\n|switch|p2a: Ninetales|Ninetales-Alola, F|100\/100\n|-weather|Snow|[from] ability: Snow Warning|[of] p2a: Ninetales\n|turn|4\n|\n|t:|1700674972\n|-terastallize|p1a: Drago que come cu|Dragon\n|move|p2a: Ninetales|Moonblast|p1a: Drago que come cu\n|-supereffective|p1a: Drago que come cu\n|-crit|p1a: Drago que come cu\n|-damage|p1a: Drago que come cu|54\/100\n|-unboost|p1a: Drago que come cu|spa|1\n|move|p1a: Drago que come cu|Fire Punch|p2a: Ninetales\n|-supereffective|p2a: Ninetales\n|-damage|p2a: Ninetales|36\/100\n|\n|-weather|Snow|[upkeep]\n|upkeep\n|turn|5\n|\n|t:|1700674986\n|-terastallize|p2a: Ninetales|Ice\n|move|p1a: Drago que come cu|Extreme Speed|p2a: Ninetales\n|-damage|p2a: Ninetales|6\/100\n|move|p2a: Ninetales|Hypnosis|p1a: Drago que come cu\n|-status|p1a: Drago que come cu|slp|[from] move: Hypnosis\n|\n|-weather|Snow|[upkeep]\n|upkeep\n|turn|6\n|\n|t:|1700674998\n|switch|p1a: Besb\u00ea|Sylveon, M, shiny|100\/100\n|move|p2a: Ninetales|Freeze-Dry|p1a: Besb\u00ea\n|-damage|p1a: Besb\u00ea|81\/100\n|\n|-weather|Snow|[upkeep]\n|-heal|p1a: Besb\u00ea|87\/100|[from] item: Leftovers\n|upkeep\n|turn|7\n|\n|t:|1700675013\n|switch|p2a: Volcarona|Volcarona, F|100\/100\n|move|p1a: Besb\u00ea|Heal Bell|p1a: Besb\u00ea\n|-activate|p1a: Besb\u00ea|move: Heal Bell\n|-curestatus|p1: Drago que come cu|slp|[msg]\n|\n|-weather|Snow|[upkeep]\n|-heal|p1a: Besb\u00ea|93\/100|[from] item: Leftovers\n|upkeep\n|turn|8\n|\n|t:|1700675024\n|-zpower|p2a: Volcarona\n|move|p2a: Volcarona|Z-Quiver Dance|p2a: Volcarona|[anim]Quiver Dance\n|-clearnegativeboost|p2a: Volcarona|[zeffect]\n|-boost|p2a: Volcarona|spa|1\n|-boost|p2a: Volcarona|spd|1\n|-boost|p2a: Volcarona|spe|1\n|move|p1a: Besb\u00ea|Wish|p1a: Besb\u00ea\n|\n|-weather|none\n|-heal|p1a: Besb\u00ea|99\/100|[from] item: Leftovers\n|upkeep\n|turn|9\n|\n|t:|1700675038\n|switch|p1a: Pirocoptero|Lugia|100\/100\n|move|p2a: Volcarona|Bug Buzz|p1a: Pirocoptero\n|-damage|p1a: Pirocoptero|86\/100\n|\n|-heal|p1a: Pirocoptero|100\/100|[from] move: Wish|[wisher] Besb\u00ea\n|upkeep\n|turn|10\n|\n|t:|1700675049\n|move|p2a: Volcarona|Flamethrower|p1a: Pirocoptero\n|-damage|p1a: Pirocoptero|85\/100\n|move|p1a: Pirocoptero|Whirlwind|p2a: Volcarona\n|drag|p2a: Ludicolo|Ludicolo, F|100\/100\n|\n|upkeep\n|turn|11\n|\n|t:|1700675059\n|move|p2a: Ludicolo|Fake Out|p1a: Pirocoptero\n|-damage|p1a: Pirocoptero|80\/100\n|-damage|p2a: Ludicolo|91\/100|[from] item: Life Orb\n|cant|p1a: Pirocoptero|flinch\n|\n|upkeep\n|turn|12\n|\n|t:|1700675067\n|move|p1a: Pirocoptero|Aeroblast|p2a: Ludicolo|[miss]\n|-miss|p1a: Pirocoptero|p2a: Ludicolo\n|move|p2a: Ludicolo|Ice Beam|p1a: Pirocoptero\n|-supereffective|p1a: Pirocoptero\n|-damage|p1a: Pirocoptero|44\/100\n|-damage|p2a: Ludicolo|81\/100|[from] item: Life Orb\n|\n|upkeep\n|turn|13\n|\n|t:|1700675075\n|move|p1a: Pirocoptero|Roost|p1a: Pirocoptero\n|-heal|p1a: Pirocoptero|94\/100\n|-singleturn|p1a: Pirocoptero|move: Roost\n|move|p2a: Ludicolo|Hydro Pump|p1a: Pirocoptero|[miss]\n|-miss|p2a: Ludicolo|p1a: Pirocoptero\n|\n|upkeep\n|turn|14\n|\n|t:|1700675084\n|move|p1a: Pirocoptero|Aeroblast|p2a: Ludicolo\n|-supereffective|p2a: Ludicolo\n|-damage|p2a: Ludicolo|7\/100\n|move|p2a: Ludicolo|Ice Beam|p1a: Pirocoptero\n|-supereffective|p1a: Pirocoptero\n|-damage|p1a: Pirocoptero|56\/100\n|-damage|p2a: Ludicolo|0 fnt|[from] item: Life Orb\n|faint|p2a: Ludicolo\n|\n|upkeep\n|\n|t:|1700675094\n|switch|p2a: Ninetales|Ninetales-Alola, F, tera:Ice|6\/100\n|-weather|Snow|[from] ability: Snow Warning|[of] p2a: Ninetales\n|turn|15\n|\n|t:|1700675099\n|move|p2a: Ninetales|Freeze-Dry|p1a: Pirocoptero\n|-supereffective|p1a: Pirocoptero\n|-damage|p1a: Pirocoptero|21\/100\n|move|p1a: Pirocoptero|Roost|p1a: Pirocoptero\n|-heal|p1a: Pirocoptero|72\/100\n|-singleturn|p1a: Pirocoptero|move: Roost\n|\n|-weather|Snow|[upkeep]\n|upkeep\n|turn|16\n|\n|t:|1700675110\n|move|p2a: Ninetales|Freeze-Dry|p1a: Pirocoptero\n|-supereffective|p1a: Pirocoptero\n|-damage|p1a: Pirocoptero|32\/100\n|move|p1a: Pirocoptero|Roost|p1a: Pirocoptero\n|-heal|p1a: Pirocoptero|82\/100\n|-singleturn|p1a: Pirocoptero|move: Roost\n|\n|-weather|Snow|[upkeep]\n|upkeep\n|turn|17\n|\n|t:|1700675133\n|switch|p1a: Golisopod|Golisopod, F|47\/100\n|move|p2a: Ninetales|Freeze-Dry|p1a: Golisopod\n|-supereffective|p1a: Golisopod\n|-damage|p1a: Golisopod|0 fnt\n|faint|p1a: Golisopod\n|\n|-weather|Snow|[upkeep]\n|upkeep\n|\n|t:|1700675146\n|switch|p1a: Drago que come cu|Dragonite, M, tera:Dragon|54\/100\n|turn|18\n|\n|t:|1700675151\n|move|p1a: Drago que come cu|Extreme Speed|p2a: Ninetales\n|-damage|p2a: Ninetales|0 fnt\n|faint|p2a: Ninetales\n|\n|-weather|Snow|[upkeep]\n|upkeep\n|\n|t:|1700675157\n|switch|p2a: Salamence|Salamence, M|100\/100\n|-ability|p2a: Salamence|Intimidate|boost\n|-unboost|p1a: Drago que come cu|atk|1\n|turn|19\n|\n|t:|1700675173\n|detailschange|p2a: Salamence|Salamence-Mega, M\n|-mega|p2a: Salamence|Salamence|Salamencite\n|move|p2a: Salamence|Dragon Dance|p2a: Salamence\n|-boost|p2a: Salamence|atk|1\n|-boost|p2a: Salamence|spe|1\n|move|p1a: Drago que come cu|Dragon Claw|p2a: Salamence\n|-supereffective|p2a: Salamence\n|-damage|p2a: Salamence|26\/100\n|\n|-weather|none\n|upkeep\n|turn|20\n|\n|t:|1700675185\n|move|p1a: Drago que come cu|Extreme Speed|p2a: Salamence\n|-damage|p2a: Salamence|9\/100\n|move|p2a: Salamence|Return|p1a: Drago que come cu\n|-damage|p1a: Drago que come cu|0 fnt\n|faint|p1a: Drago que come cu\n|\n|upkeep\n|\n|t:|1700675211\n|switch|p1a: Pirocoptero|Lugia|82\/100\n|turn|21\n|\n|t:|1700675218\n|move|p2a: Salamence|Roost|p2a: Salamence\n|-heal|p2a: Salamence|59\/100\n|-singleturn|p2a: Salamence|move: Roost\n|move|p1a: Pirocoptero|Aeroblast|p2a: Salamence\n|-damage|p2a: Salamence|21\/100\n|\n|upkeep\n|turn|22\n|\n|t:|1700675227\n|move|p2a: Salamence|Roost|p2a: Salamence\n|-heal|p2a: Salamence|71\/100\n|-singleturn|p2a: Salamence|move: Roost\n|move|p1a: Pirocoptero|Whirlwind|p2a: Salamence\n|drag|p2a: Volcarona|Volcarona, F|100\/100\n|\n|upkeep\n|turn|23\n|\n|t:|1700675238\n|switch|p2a: Toxtricity|Toxtricity, M|100\/100\n|move|p1a: Pirocoptero|Aeroblast|p2a: Toxtricity|[miss]\n|-miss|p1a: Pirocoptero|p2a: Toxtricity\n|\n|upkeep\n|turn|24\n|\n|t:|1700675257\n|switch|p1a: Pexeira|Aegislash, M, shiny|100\/100\n|move|p2a: Toxtricity|Overdrive|p1a: Pexeira\n|-damage|p1a: Pexeira|26\/100\n|\n|upkeep\n|turn|25\n|\n|t:|1700675267\n|move|p1a: Pexeira|King's Shield|p1a: Pexeira\n|-singleturn|p1a: Pexeira|Protect\n|move|p2a: Toxtricity|Overdrive|p1a: Pexeira\n|-activate|p1a: Pexeira|move: Protect\n|\n|upkeep\n|turn|26\n|\n|t:|1700675280\n|move|p2a: Toxtricity|Overdrive|p1a: Pexeira\n|-damage|p1a: Pexeira|0 fnt\n|faint|p1a: Pexeira\n|\n|upkeep\n|\n|t:|1700675295\n|switch|p1a: Besb\u00ea|Sylveon, M, shiny|99\/100\n|turn|27\n|\n|t:|1700675307\n|move|p2a: Toxtricity|Overdrive|p1a: Besb\u00ea\n|-damage|p1a: Besb\u00ea|55\/100\n|move|p1a: Besb\u00ea|Draining Kiss|p2a: Toxtricity\n|-resisted|p2a: Toxtricity\n|-damage|p2a: Toxtricity|88\/100\n|-heal|p1a: Besb\u00ea|63\/100|[from] drain|[of] p2a: Toxtricity\n|\n|-heal|p1a: Besb\u00ea|69\/100|[from] item: Leftovers\n|upkeep\n|turn|28\n|\n|t:|1700675321\n|switch|p2a: Volcarona|Volcarona, F|100\/100\n|move|p1a: Besb\u00ea|Heal Bell||[still]\n|-activate|p1a: Besb\u00ea|move: Heal Bell\n|-fail|p1a: Besb\u00ea\n|\n|-heal|p1a: Besb\u00ea|75\/100|[from] item: Leftovers\n|upkeep\n|turn|29\n|\n|t:|1700675342\n|switch|p1a: Charizard|Charizard, M|100\/100\n|move|p2a: Volcarona|Flamethrower|p1a: Charizard\n|-resisted|p1a: Charizard\n|-damage|p1a: Charizard|73\/100\n|\n|upkeep\n|turn|30\n|\n|t:|1700675359\n|switch|p2a: Salamence|Salamence-Mega, M|71\/100\n|detailschange|p1a: Charizard|Charizard-Mega-X, M\n|-mega|p1a: Charizard|Charizard|Charizardite X\n|move|p1a: Charizard|Hurricane|p2a: Salamence|[miss]\n|-miss|p1a: Charizard|p2a: Salamence\n|\n|upkeep\n|turn|31\n|\n|t:|1700675368\n|move|p2a: Salamence|Return|p1a: Charizard\n|-damage|p1a: Charizard|0 fnt\n|faint|p1a: Charizard\n|\n|upkeep\n|\n|t:|1700675377\n|switch|p1a: Besb\u00ea|Sylveon, M, shiny|75\/100\n|turn|32\n|\n|t:|1700675380\n|move|p2a: Salamence|Return|p1a: Besb\u00ea\n|-damage|p1a: Besb\u00ea|0 fnt\n|faint|p1a: Besb\u00ea\n|\n|upkeep\n|-message|Mike3299999 forfeited.\n|\n|win|edcearense\n|raw|Mike3299999's rating: 1025 &rarr; <strong>1010<\/strong><br \/>(-15 for losing)\n|raw|edcearense's rating: 1000 &rarr; <strong>1043<\/strong><br \/>(+43 for winning)\n|l|\u2606Mike3299999\n","uploadtime":1700675402,"views":1,"p1id":"mike3299999","p2id":"edcearense","formatid":"gen9nationaldexubers","rating":1010,"private":0,"password":""}