{"id":"gen9nationaldexubers-1995792380","p1":"Razorgliscor472","p2":"Jenspass","format":"[Gen 9] National Dex Ubers","log":"|j|\u2606Razorgliscor472\n|j|\u2606Jenspass\n|t:|1700603624\n|gametype|singles\n|player|p1|Razorgliscor472|170|\n|player|p2|Jenspass|101|\n|teamsize|p1|6\n|teamsize|p2|6\n|gen|9\n|tier|[Gen 9] National Dex Ubers\n|rule|HP Percentage Mod: HP is shown in percentages\n|rule|Endless Battle Clause: Forcing endless battles is banned\n|rule|OHKO Clause: OHKO moves are banned\n|rule|Evasion Moves Clause: Evasion moves are banned\n|rule|Evasion Items Clause: Evasion items are banned\n|rule|Species Clause: Limit one of each Pok\u00e9mon\n|rule|Sleep Clause Mod: Limit one foe put to sleep\n|rule|Mega Rayquaza Clause: You cannot mega evolve Rayquaza\n|clearpoke\n|poke|p1|Gastrodon, M|\n|poke|p1|Excadrill, M|\n|poke|p1|Ogerpon-Hearthflame, F|\n|poke|p1|Clodsire, F|\n|poke|p1|Zygarde|\n|poke|p1|Landorus-Therian, M|\n|poke|p2|Dragapult, F|\n|poke|p2|Regieleki|\n|poke|p2|Roaring Moon|\n|poke|p2|Annihilape, F|\n|poke|p2|Iron Bundle|\n|poke|p2|Ogerpon-Hearthflame, F|\n|teampreview\n|c|\u2606Razorgliscor472|Sorry about that\n|c|\u2606Razorgliscor472|Needed to put in a cooldown\n|\n|t:|1700603730\n|start\n|switch|p1a: Landorus|Landorus-Therian, M|100\/100\n|switch|p2a: Regieleki|Regieleki, shiny|100\/100\n|-ability|p1a: Landorus|Intimidate|boost\n|-unboost|p2a: Regieleki|atk|1\n|turn|1\n|\n|t:|1700603739\n|move|p2a: Regieleki|Protect|p2a: Regieleki\n|-singleturn|p2a: Regieleki|Protect\n|move|p1a: Landorus|Substitute|p1a: Landorus\n|-start|p1a: Landorus|Substitute\n|-damage|p1a: Landorus|76\/100\n|\n|-heal|p1a: Landorus|82\/100|[from] item: Leftovers\n|upkeep\n|turn|2\n|\n|t:|1700603750\n|move|p2a: Regieleki|Ancient Power|p1a: Landorus\n|-activate|p1a: Landorus|move: Substitute|[damage]\n|move|p1a: Landorus|Bulk Up|p1a: Landorus\n|-boost|p1a: Landorus|atk|1\n|-boost|p1a: Landorus|def|1\n|\n|-heal|p1a: Landorus|88\/100|[from] item: Leftovers\n|upkeep\n|turn|3\n|\n|t:|1700603754\n|move|p2a: Regieleki|Ancient Power|p1a: Landorus\n|-activate|p1a: Landorus|move: Substitute|[damage]\n|move|p1a: Landorus|Bulk Up|p1a: Landorus\n|-boost|p1a: Landorus|atk|1\n|-boost|p1a: Landorus|def|1\n|\n|-heal|p1a: Landorus|94\/100|[from] item: Leftovers\n|upkeep\n|turn|4\n|\n|t:|1700603757\n|move|p2a: Regieleki|Explosion|p1a: Landorus\n|-end|p1a: Landorus|Substitute\n|faint|p2a: Regieleki\n|move|p1a: Landorus|Bulk Up|p1a: Landorus\n|-boost|p1a: Landorus|atk|1\n|-boost|p1a: Landorus|def|1\n|\n|-heal|p1a: Landorus|99\/100|[from] item: Leftovers\n|upkeep\n|\n|t:|1700603761\n|switch|p2a: Iron Bundle|Iron Bundle, shiny|100\/100\n|turn|5\n|\n|t:|1700603769\n|-terastallize|p1a: Landorus|Water\n|move|p2a: Iron Bundle|Ice Beam|p1a: Landorus\n|-resisted|p1a: Landorus\n|-damage|p1a: Landorus|79\/100\n|move|p1a: Landorus|Earthquake|p2a: Iron Bundle\n|-enditem|p2a: Iron Bundle|Focus Sash\n|-damage|p2a: Iron Bundle|1\/100\n|\n|-heal|p1a: Landorus|85\/100|[from] item: Leftovers\n|upkeep\n|turn|6\n|\n|t:|1700603777\n|move|p2a: Iron Bundle|Freeze-Dry|p1a: Landorus\n|-supereffective|p1a: Landorus\n|-damage|p1a: Landorus|22\/100\n|move|p1a: Landorus|Earthquake|p2a: Iron Bundle\n|-damage|p2a: Iron Bundle|0 fnt\n|faint|p2a: Iron Bundle\n|-end|p2a: Iron Bundle|Quark Drive|[silent]\n|\n|-heal|p1a: Landorus|28\/100|[from] item: Leftovers\n|upkeep\n|\n|t:|1700603817\n|switch|p2a: Roaring Moon|Roaring Moon|100\/100\n|turn|7\n|\n|t:|1700603828\n|move|p2a: Roaring Moon|Knock Off|p1a: Landorus\n|-damage|p1a: Landorus|0 fnt\n|-enditem|p1a: Landorus|Leftovers|[from] move: Knock Off|[of] p2a: Roaring Moon\n|faint|p1a: Landorus\n|\n|upkeep\n|\n|t:|1700603840\n|switch|p1a: Gastrodon|Gastrodon, M|100\/100\n|turn|8\n|\n|t:|1700603843\n|move|p2a: Roaring Moon|Knock Off|p1a: Gastrodon\n|-damage|p1a: Gastrodon|40\/100\n|-enditem|p1a: Gastrodon|Leftovers|[from] move: Knock Off|[of] p2a: Roaring Moon\n|move|p1a: Gastrodon|Toxic|p2a: Roaring Moon\n|-status|p2a: Roaring Moon|tox\n|\n|-damage|p2a: Roaring Moon|95\/100 tox|[from] psn\n|upkeep\n|turn|9\n|\n|t:|1700603849\n|-end|p2a: Roaring Moon|Protosynthesis|[silent]\n|switch|p2a: Annihilape|Annihilape, F, shiny|100\/100\n|move|p1a: Gastrodon|Recover|p1a: Gastrodon\n|-heal|p1a: Gastrodon|90\/100\n|\n|upkeep\n|turn|10\n|\n|t:|1700603856\n|move|p2a: Annihilape|Close Combat|p1a: Gastrodon\n|-damage|p1a: Gastrodon|46\/100\n|-unboost|p2a: Annihilape|def|1\n|-unboost|p2a: Annihilape|spd|1\n|move|p1a: Gastrodon|Spikes|p2a: Annihilape\n|-sidestart|p2: Jenspass|Spikes\n|\n|upkeep\n|turn|11\n|\n|t:|1700603867\n|switch|p1a: Clodsire|Clodsire, F|100\/100\n|move|p2a: Annihilape|Close Combat|p1a: Clodsire\n|-resisted|p1a: Clodsire\n|-damage|p1a: Clodsire|71\/100\n|-unboost|p2a: Annihilape|def|1\n|-unboost|p2a: Annihilape|spd|1\n|\n|-heal|p1a: Clodsire|78\/100|[from] item: Black Sludge\n|upkeep\n|turn|12\n|\n|t:|1700603872\n|switch|p2a: Roaring Moon|Roaring Moon|95\/100 tox\n|-damage|p2a: Roaring Moon|82\/100 tox|[from] Spikes\n|move|p1a: Clodsire|Stealth Rock|p2a: Roaring Moon\n|-sidestart|p2: Jenspass|move: Stealth Rock\n|\n|-heal|p1a: Clodsire|84\/100|[from] item: Black Sludge\n|-damage|p2a: Roaring Moon|76\/100 tox|[from] psn\n|upkeep\n|turn|13\n|\n|t:|1700603879\n|move|p2a: Roaring Moon|Knock Off|p1a: Clodsire\n|-damage|p1a: Clodsire|3\/100\n|-enditem|p1a: Clodsire|Black Sludge|[from] move: Knock Off|[of] p2a: Roaring Moon\n|move|p1a: Clodsire|Earthquake|p2a: Roaring Moon\n|-damage|p2a: Roaring Moon|44\/100 tox\n|\n|-damage|p2a: Roaring Moon|32\/100 tox|[from] psn\n|upkeep\n|turn|14\n|\n|t:|1700603889\n|move|p2a: Roaring Moon|Knock Off|p1a: Clodsire\n|-damage|p1a: Clodsire|0 fnt\n|faint|p1a: Clodsire\n|\n|-damage|p2a: Roaring Moon|14\/100 tox|[from] psn\n|upkeep\n|\n|t:|1700603898\n|switch|p1a: Excadrill|Excadrill, M|100\/100\n|-ability|p1a: Excadrill|Mold Breaker\n|turn|15\n|\n|t:|1700603901\n|move|p1a: Excadrill|Earthquake|p2a: Roaring Moon\n|-damage|p2a: Roaring Moon|0 fnt\n|faint|p2a: Roaring Moon\n|-end|p2a: Roaring Moon|Protosynthesis|[silent]\n|\n|upkeep\n|\n|t:|1700603906\n|switch|p2a: Annihilape|Annihilape, F, shiny|100\/100\n|-damage|p2a: Annihilape|88\/100|[from] Spikes\n|-damage|p2a: Annihilape|82\/100|[from] Stealth Rock\n|turn|16\n|\n|t:|1700603915\n|switch|p1a: Gastrodon|Gastrodon, M|46\/100\n|move|p2a: Annihilape|Close Combat|p1a: Gastrodon\n|-damage|p1a: Gastrodon|5\/100\n|-unboost|p2a: Annihilape|def|1\n|-unboost|p2a: Annihilape|spd|1\n|\n|upkeep\n|turn|17\n|\n|t:|1700603919\n|move|p2a: Annihilape|Close Combat|p1a: Gastrodon\n|-damage|p1a: Gastrodon|0 fnt\n|-unboost|p2a: Annihilape|def|1\n|-unboost|p2a: Annihilape|spd|1\n|faint|p1a: Gastrodon\n|\n|upkeep\n|\n|t:|1700603920\n|switch|p1a: Excadrill|Excadrill, M|100\/100\n|-ability|p1a: Excadrill|Mold Breaker\n|turn|18\n|\n|t:|1700603923\n|move|p2a: Annihilape|Close Combat|p1a: Excadrill\n|-supereffective|p1a: Excadrill\n|-damage|p1a: Excadrill|0 fnt\n|-unboost|p2a: Annihilape|def|1\n|-unboost|p2a: Annihilape|spd|1\n|faint|p1a: Excadrill\n|\n|upkeep\n|c|\u2606Razorgliscor472|Oh im dumb\n|\n|t:|1700603933\n|switch|p1a: Zygarde|Zygarde|100\/100\n|-ability|p1a: Zygarde|Aura Break\n|turn|19\n|\n|t:|1700603940\n|move|p2a: Annihilape|Close Combat|p1a: Zygarde\n|-damage|p1a: Zygarde|58\/100\n|-unboost|p2a: Annihilape|def|1\n|-unboost|p2a: Annihilape|spd|1\n|move|p1a: Zygarde|Thousand Arrows|p2a: Annihilape\n|-damage|p2a: Annihilape|0 fnt\n|faint|p2a: Annihilape\n|\n|-heal|p1a: Zygarde|64\/100|[from] item: Leftovers\n|upkeep\n|\n|t:|1700603947\n|switch|p2a: Dragapult|Dragapult, F, shiny|100\/100\n|-damage|p2a: Dragapult|88\/100|[from] Spikes\n|-damage|p2a: Dragapult|76\/100|[from] Stealth Rock\n|turn|20\n|\n|t:|1700603981\n|move|p2a: Dragapult|Draco Meteor|p1a: Zygarde\n|-supereffective|p1a: Zygarde\n|-damage|p1a: Zygarde|0 fnt\n|-unboost|p2a: Dragapult|spa|2\n|faint|p1a: Zygarde\n|\n|-heal|p2a: Dragapult|82\/100|[from] item: Leftovers\n|upkeep\n|\n|t:|1700603983\n|switch|p1a: Ogerpon|Ogerpon-Hearthflame, F|100\/100\n|-ability|p1a: Ogerpon|Mold Breaker\n|turn|21\n|\n|t:|1700603997\n|move|p2a: Dragapult|U-turn|p1a: Ogerpon\n|-crit|p1a: Ogerpon\n|-damage|p1a: Ogerpon|70\/100\n|\n|t:|1700603999\n|switch|p2a: Ogerpon|Ogerpon-Hearthflame, F|100\/100|[from] U-turn\n|-damage|p2a: Ogerpon|88\/100|[from] Spikes\n|-damage|p2a: Ogerpon|63\/100|[from] Stealth Rock\n|-ability|p2a: Ogerpon|Mold Breaker\n|move|p1a: Ogerpon|Ivy Cudgel|p2a: Ogerpon|[anim] Ivy Cudgel Fire\n|-damage|p2a: Ogerpon|0 fnt\n|faint|p2a: Ogerpon\n|\n|upkeep\n|\n|t:|1700604002\n|switch|p2a: Dragapult|Dragapult, F, shiny|82\/100\n|-damage|p2a: Dragapult|70\/100|[from] Spikes\n|-damage|p2a: Dragapult|57\/100|[from] Stealth Rock\n|turn|22\n|\n|t:|1700604015\n|move|p2a: Dragapult|Substitute|p2a: Dragapult\n|-start|p2a: Dragapult|Substitute\n|-damage|p2a: Dragapult|32\/100\n|move|p1a: Ogerpon|Play Rough|p2a: Dragapult\n|-supereffective|p2a: Dragapult\n|-end|p2a: Dragapult|Substitute\n|\n|-heal|p2a: Dragapult|38\/100|[from] item: Leftovers\n|upkeep\n|turn|23\n|\n|t:|1700604022\n|move|p2a: Dragapult|Draco Meteor|p1a: Ogerpon\n|-damage|p1a: Ogerpon|0 fnt\n|-unboost|p2a: Dragapult|spa|2\n|faint|p1a: Ogerpon\n|\n|win|Jenspass\n|c|\u2606Razorgliscor472|Gg\n|c|\u2606Jenspass|Gg\n|l|\u2606Jenspass\n","uploadtime":1700604029,"views":1,"p1id":"razorgliscor472","p2id":"jenspass","formatid":"gen9nationaldexubers","rating":0,"private":0,"password":""}