{"id":"gen9nationaldexubers-1982284816","p1":"elee28tarbutcom","p2":"Cilantora","format":"[Gen 9] National Dex Ubers","log":"|j|\u2606elee28tarbutcom\n|j|\u2606Cilantora\n|t:|1698989868\n|gametype|singles\n|player|p1|elee28tarbutcom|wally|1150\n|player|p2|Cilantora|veteran|1168\n|teamsize|p1|6\n|teamsize|p2|6\n|gen|9\n|tier|[Gen 9] National Dex Ubers\n|rated|\n|rule|HP Percentage Mod: HP is shown in percentages\n|rule|Endless Battle Clause: Forcing endless battles is banned\n|rule|OHKO Clause: OHKO moves are banned\n|rule|Evasion Moves Clause: Evasion moves are banned\n|rule|Evasion Items Clause: Evasion items are banned\n|rule|Species Clause: Limit one of each Pok\u00e9mon\n|rule|Sleep Clause Mod: Limit one foe put to sleep\n|rule|Mega Rayquaza Clause: You cannot mega evolve Rayquaza\n|clearpoke\n|poke|p1|Cloyster, F|\n|poke|p1|Garganacl, M|\n|poke|p1|Salamence, F|\n|poke|p1|Mimikyu, F|\n|poke|p1|Glimmora, M|\n|poke|p1|Eiscue, M|\n|poke|p2|Dragapult, F|\n|poke|p2|Breloom, M|\n|poke|p2|Cyclizar, M|\n|poke|p2|Ceruledge, F|\n|poke|p2|Darmanitan-Galar, F|\n|poke|p2|Toxapex, F|\n|teampreview\n|\n|t:|1698989871\n|start\n|switch|p1a: \u6c34\u6676|Glimmora, M|100\/100\n|switch|p2a: Cyclizar|Cyclizar, M|100\/100\n|turn|1\n|\n|t:|1698989880\n|move|p2a: Cyclizar|Shed Tail|p2a: Cyclizar\n|-start|p2a: Cyclizar|Substitute|[from] move: Shed Tail\n|-damage|p2a: Cyclizar|50\/100\n|\n|t:|1698989884\n|switch|p2a: Breloom|Breloom, M|100\/100|[from] Shed Tail\n|move|p1a: \u6c34\u6676|Stealth Rock|p2a: Breloom\n|-sidestart|p2: Cilantora|move: Stealth Rock\n|\n|upkeep\n|turn|2\n|\n|t:|1698989891\n|move|p1a: \u6c34\u6676|Mortal Spin|p2a: Breloom\n|-supereffective|p2a: Breloom\n|-activate|p2a: Breloom|move: Substitute|[damage]\n|move|p2a: Breloom|Spore|p1a: \u6c34\u6676\n|-status|p1a: \u6c34\u6676|slp|[from] move: Spore\n|\n|upkeep\n|turn|3\n|\n|t:|1698989899\n|switch|p1a: Eiscue|Eiscue, M|100\/100\n|-terastallize|p2a: Breloom|Fighting\n|move|p2a: Breloom|Swords Dance|p2a: Breloom\n|-boost|p2a: Breloom|atk|2\n|\n|upkeep\n|turn|4\n|\n|t:|1698989906\n|move|p2a: Breloom|Bullet Seed|p1a: Eiscue\n|-activate|p1a: Eiscue|ability: Ice Face\n|-damage|p1a: Eiscue|100\/100\n|detailschange|p1a: Eiscue|Eiscue-Noice, M\n|-damage|p1a: Eiscue|48\/100\n|-enditem|p1a: Eiscue|Sitrus Berry|[eat]\n|-heal|p1a: Eiscue|73\/100|[from] item: Sitrus Berry\n|-hitcount|p1a: Eiscue|2\n|move|p1a: Eiscue|Belly Drum|p1a: Eiscue\n|-damage|p1a: Eiscue|23\/100\n|-setboost|p1a: Eiscue|atk|6|[from] move: Belly Drum\n|\n|upkeep\n|turn|5\n|\n|t:|1698989923\n|move|p2a: Breloom|Mach Punch|p1a: Eiscue\n|-supereffective|p1a: Eiscue\n|-damage|p1a: Eiscue|0 fnt\n|faint|p1a: Eiscue\n|\n|upkeep\n|\n|t:|1698989930\n|switch|p1a: \u73cd\u73e0|Cloyster, F, shiny|100\/100\n|turn|6\n|\n|t:|1698989935\n|move|p2a: Breloom|Mach Punch|p1a: \u73cd\u73e0\n|-supereffective|p1a: \u73cd\u73e0\n|-enditem|p1a: \u73cd\u73e0|Focus Sash\n|-damage|p1a: \u73cd\u73e0|1\/100\n|move|p1a: \u73cd\u73e0|Shell Smash|p1a: \u73cd\u73e0\n|-unboost|p1a: \u73cd\u73e0|def|1\n|-unboost|p1a: \u73cd\u73e0|spd|1\n|-boost|p1a: \u73cd\u73e0|atk|2\n|-boost|p1a: \u73cd\u73e0|spa|2\n|-boost|p1a: \u73cd\u73e0|spe|2\n|\n|upkeep\n|turn|7\n|\n|t:|1698989945\n|move|p2a: Breloom|Mach Punch|p1a: \u73cd\u73e0\n|-supereffective|p1a: \u73cd\u73e0\n|-crit|p1a: \u73cd\u73e0\n|-damage|p1a: \u73cd\u73e0|0 fnt\n|faint|p1a: \u73cd\u73e0\n|\n|upkeep\n|-message|elee28tarbutcom forfeited.\n|\n|win|Cilantora\n|raw|elee28tarbutcom's rating: 1150 &rarr; <strong>1126<\/strong><br \/>(-24 for losing)\n|raw|Cilantora's rating: 1168 &rarr; <strong>1192<\/strong><br \/>(+24 for winning)\n|l|\u2606elee28tarbutcom\n|c|\u2606Cilantora|The loom go brr!\n","uploadtime":1698989956,"views":10,"p1id":"elee28tarbutcom","p2id":"cilantora","formatid":"gen9nationaldexubers","rating":1126,"private":0,"password":""}