{"id":"gen9nationaldexubers-1988011865","p1":"Rip_Ryuga","p2":"vptwarrior","format":"[Gen 9] National Dex Ubers","log":"|j|\u2606Rip_Ryuga\n|j|\u2606vptwarrior\n|t:|1699658983\n|gametype|singles\n|player|p1|Rip_Ryuga|riley|\n|player|p2|vptwarrior|swimmer|\n|teamsize|p1|6\n|teamsize|p2|6\n|gen|9\n|tier|[Gen 9] National Dex Ubers\n|rule|HP Percentage Mod: HP is shown in percentages\n|rule|Endless Battle Clause: Forcing endless battles is banned\n|rule|OHKO Clause: OHKO moves are banned\n|rule|Evasion Moves Clause: Evasion moves are banned\n|rule|Evasion Items Clause: Evasion items are banned\n|rule|Species Clause: Limit one of each Pok\u00e9mon\n|rule|Sleep Clause Mod: Limit one foe put to sleep\n|rule|Mega Rayquaza Clause: You cannot mega evolve Rayquaza\n|clearpoke\n|poke|p1|Scizor, F|\n|poke|p1|Rillaboom, M|\n|poke|p1|Slowbro, F|\n|poke|p1|Clefable, F|\n|poke|p1|Mandibuzz, F|\n|poke|p1|Heatran, F|\n|poke|p2|Donphan, M|\n|poke|p2|Hydreigon, F|\n|poke|p2|Luxray, M|\n|poke|p2|Toucannon, M|\n|poke|p2|Ferrothorn, M|\n|poke|p2|Lapras, F|\n|teampreview\n|c|\u2606Rip_Ryuga|only 1\n|c|\u2606Rip_Ryuga|and\n|c|\u2606Rip_Ryuga|heatren\n|c|\u2606Rip_Ryuga|isnt\n|c|\u2606Rip_Ryuga|even\n|c|\u2606Rip_Ryuga|that\n|c|\u2606Rip_Ryuga|strong\n|c|\u2606Rip_Ryuga|fr\n|\n|t:|1699659007\n|start\n|switch|p1a: Clefable|Clefable, F|100\/100\n|switch|p2a: Juggernaut|Donphan, M|100\/100\n|turn|1\n|inactive|Battle timer is ON: inactive players will automatically lose when time's up. (requested by Rip_Ryuga)\n|\n|t:|1699659013\n|move|p1a: Clefable|Moonblast|p2a: Juggernaut\n|-damage|p2a: Juggernaut|58\/100\n|move|p2a: Juggernaut|Knock Off|p1a: Clefable\n|-resisted|p1a: Clefable\n|-damage|p1a: Clefable|86\/100\n|-enditem|p1a: Clefable|Leftovers|[from] move: Knock Off|[of] p2a: Juggernaut\n|\n|-heal|p2a: Juggernaut|64\/100|[from] item: Leftovers\n|upkeep\n|turn|2\n|\n|t:|1699659024\n|move|p1a: Clefable|Moonblast|p2a: Juggernaut\n|-damage|p2a: Juggernaut|19\/100\n|move|p2a: Juggernaut|Earthquake|p1a: Clefable\n|-damage|p1a: Clefable|43\/100\n|\n|-heal|p2a: Juggernaut|25\/100|[from] item: Leftovers\n|upkeep\n|turn|3\n|\n|t:|1699659032\n|switch|p2a: Asura|Luxray, M|100\/100\n|move|p1a: Clefable|Wish|p1a: Clefable\n|\n|upkeep\n|turn|4\n|\n|t:|1699659042\n|move|p1a: Clefable|Protect|p1a: Clefable\n|-singleturn|p1a: Clefable|Protect\n|move|p2a: Asura|Wild Charge|p1a: Clefable\n|-activate|p1a: Clefable|move: Protect\n|\n|-heal|p1a: Clefable|93\/100|[from] move: Wish|[wisher] Clefable\n|upkeep\n|turn|5\n|\n|t:|1699659059\n|move|p2a: Asura|Wild Charge|p1a: Clefable\n|-damage|p1a: Clefable|57\/100\n|-damage|p2a: Asura|90\/100|[from] Recoil\n|move|p1a: Clefable|Moonblast|p2a: Asura\n|-damage|p2a: Asura|54\/100\n|\n|-heal|p2a: Asura|60\/100|[from] item: Leftovers\n|upkeep\n|turn|6\n|\n|t:|1699659072\n|move|p2a: Asura|Wild Charge|p1a: Clefable\n|-damage|p1a: Clefable|22\/100\n|-damage|p2a: Asura|49\/100|[from] Recoil\n|move|p1a: Clefable|Wish|p1a: Clefable\n|\n|-heal|p2a: Asura|55\/100|[from] item: Leftovers\n|upkeep\n|turn|7\n|\n|t:|1699659079\n|switch|p2a: Max|Ferrothorn, M|100\/100\n|move|p1a: Clefable|Protect||[still]\n|-fail|p1a: Clefable\n|\n|-heal|p1a: Clefable|72\/100|[from] move: Wish|[wisher] Clefable\n|upkeep\n|turn|8\n|\n|t:|1699659086\n|switch|p1a: Heatran|Heatran, F|100\/100\n|switch|p2a: Elizabeth|Lapras, F|100\/100\n|\n|upkeep\n|turn|9\n|\n|t:|1699659100\n|switch|p1a: Slowbro|Slowbro, F|100\/100\n|move|p2a: Elizabeth|Surf|p1a: Slowbro\n|-resisted|p1a: Slowbro\n|-damage|p1a: Slowbro|86\/100\n|\n|upkeep\n|turn|10\n|\n|t:|1699659111\n|move|p2a: Elizabeth|Freeze-Dry|p1a: Slowbro\n|-supereffective|p1a: Slowbro\n|-damage|p1a: Slowbro|41\/100\n|-status|p1a: Slowbro|frz\n|cant|p1a: Slowbro|frz\n|\n|upkeep\n|turn|11\n|c|\u2606Rip_Ryuga|wth\n|\n|t:|1699659118\n|switch|p1a: Clefable|Clefable, F|72\/100\n|move|p2a: Elizabeth|Freeze-Dry|p1a: Clefable\n|-damage|p1a: Clefable|49\/100\n|\n|upkeep\n|turn|12\n|\n|t:|1699659125\n|move|p1a: Clefable|Wish|p1a: Clefable\n|move|p2a: Elizabeth|Surf|p1a: Clefable\n|-damage|p1a: Clefable|19\/100\n|\n|upkeep\n|turn|13\n|\n|t:|1699659129\n|switch|p2a: Max|Ferrothorn, M|100\/100\n|move|p1a: Clefable|Protect||[still]\n|-fail|p1a: Clefable\n|\n|-heal|p1a: Clefable|69\/100|[from] move: Wish|[wisher] Clefable\n|upkeep\n|turn|14\n|\n|t:|1699659137\n|move|p1a: Clefable|Protect|p1a: Clefable\n|-singleturn|p1a: Clefable|Protect\n|move|p2a: Max|Iron Head|p1a: Clefable\n|-activate|p1a: Clefable|move: Protect\n|\n|upkeep\n|turn|15\n|\n|t:|1699659143\n|switch|p1a: Heatran|Heatran, F|100\/100\n|move|p2a: Max|Knock Off|p1a: Heatran\n|-damage|p1a: Heatran|83\/100\n|-enditem|p1a: Heatran|Leftovers|[from] move: Knock Off|[of] p2a: Max\n|\n|upkeep\n|turn|16\n|\n|t:|1699659158\n|switch|p2a: Lily|Hydreigon, F|100\/100\n|move|p1a: Heatran|Magma Storm|p2a: Lily\n|-resisted|p2a: Lily\n|-damage|p2a: Lily|77\/100\n|-activate|p2a: Lily|move: Magma Storm|[of] p1a: Heatran\n|\n|-damage|p2a: Lily|64\/100|[from] move: Magma Storm|[partiallytrapped]\n|upkeep\n|turn|17\n|\n|t:|1699659166\n|move|p2a: Lily|Earth Power|p1a: Heatran\n|-supereffective|p1a: Heatran\n|-damage|p1a: Heatran|0 fnt\n|faint|p1a: Heatran\n|\n|-end|p2a: Lily|Magma Storm|[partiallytrapped]|[silent]\n|upkeep\n|c|\u2606Rip_Ryuga|how does this get earth power\n|\n|t:|1699659175\n|switch|p1a: Clefable|Clefable, F|69\/100\n|turn|18\n|c|\u2606Rip_Ryuga|hurry man\n|c|\u2606vptwarrior|Hydregion has a lot of moves.\n|\n|t:|1699659204\n|switch|p2a: Max|Ferrothorn, M|100\/100\n|move|p1a: Clefable|Protect||[still]\n|-fail|p1a: Clefable\n|\n|upkeep\n|turn|19\n|\n|t:|1699659210\n|move|p1a: Clefable|Wish|p1a: Clefable\n|move|p2a: Max|Curse|p2a: Max\n|-unboost|p2a: Max|spe|1\n|-boost|p2a: Max|atk|1\n|-boost|p2a: Max|def|1\n|\n|upkeep\n|turn|20\n|\n|t:|1699659218\n|switch|p1a: Slowbro|Slowbro, F|75\/100 frz\n|move|p2a: Max|Iron Head|p1a: Slowbro\n|-resisted|p1a: Slowbro\n|-damage|p1a: Slowbro|63\/100 frz\n|-damage|p2a: Max|84\/100|[from] item: Rocky Helmet|[of] p1a: Slowbro\n|\n|-heal|p1a: Slowbro|100\/100 frz|[from] move: Wish|[wisher] Clefable\n|-heal|p2a: Max|90\/100|[from] item: Leftovers\n|upkeep\n|turn|21\n|\n|t:|1699659230\n|switch|p1a: Mandibuzz|Mandibuzz, F|100\/100\n|move|p2a: Max|Knock Off|p1a: Mandibuzz\n|-resisted|p1a: Mandibuzz\n|-damage|p1a: Mandibuzz|92\/100\n|-enditem|p1a: Mandibuzz|Heavy-Duty Boots|[from] move: Knock Off|[of] p2a: Max\n|\n|-heal|p2a: Max|97\/100|[from] item: Leftovers\n|upkeep\n|turn|22\n|\n|t:|1699659239\n|switch|p2a: Elizabeth|Lapras, F|100\/100\n|move|p1a: Mandibuzz|U-turn|p2a: Elizabeth\n|-damage|p2a: Elizabeth|92\/100\n|\n|t:|1699659249\n|switch|p1a: Scizor|Scizor, F|100\/100|[from] U-turn\n|\n|-heal|p2a: Elizabeth|98\/100|[from] item: Leftovers\n|upkeep\n|turn|23\n|\n|t:|1699659257\n|switch|p2a: Asura|Luxray, M|55\/100\n|detailschange|p1a: Scizor|Scizor-Mega, F\n|-mega|p1a: Scizor|Scizor|Scizorite\n|move|p1a: Scizor|Superpower|p2a: Asura\n|-damage|p2a: Asura|2\/100\n|-unboost|p1a: Scizor|atk|1\n|-unboost|p1a: Scizor|def|1\n|\n|-heal|p2a: Asura|8\/100|[from] item: Leftovers\n|upkeep\n|turn|24\n|\n|t:|1699659273\n|move|p1a: Scizor|Bullet Punch|p2a: Asura\n|-resisted|p2a: Asura\n|-damage|p2a: Asura|0 fnt\n|faint|p2a: Asura\n|\n|upkeep\n|\n|t:|1699659276\n|switch|p2a: Lily|Hydreigon, F|64\/100\n|turn|25\n|\n|t:|1699659288\n|switch|p2a: Max|Ferrothorn, M|97\/100\n|switch|p1a: Slowbro|Slowbro, F|100\/100 frz\n|\n|-heal|p2a: Max|100\/100|[from] item: Leftovers\n|upkeep\n|turn|26\n|\n|t:|1699659295\n|switch|p1a: Scizor|Scizor-Mega, F|100\/100\n|move|p2a: Max|Curse|p2a: Max\n|-unboost|p2a: Max|spe|1\n|-boost|p2a: Max|atk|1\n|-boost|p2a: Max|def|1\n|\n|upkeep\n|turn|27\n|\n|t:|1699659301\n|move|p1a: Scizor|Swords Dance|p1a: Scizor\n|-boost|p1a: Scizor|atk|2\n|move|p2a: Max|Thunder Wave|p1a: Scizor\n|-status|p1a: Scizor|par\n|\n|upkeep\n|turn|28\n|\n|t:|1699659316\n|switch|p2a: Barrage|Toucannon, M|100\/100\n|cant|p1a: Scizor|par\n|\n|upkeep\n|turn|29\n|\n|t:|1699659321\n|-singleturn|p2a: Barrage|move: Beak Blast\n|cant|p1a: Scizor|par\n|move|p2a: Barrage|Beak Blast|p1a: Scizor\n|-damage|p1a: Scizor|57\/100 par\n|\n|upkeep\n|turn|30\n|c|\u2606Rip_Ryuga|bro\n|\n|t:|1699659335\n|-singleturn|p2a: Barrage|move: Beak Blast\n|move|p1a: Scizor|Roost|p1a: Scizor\n|-heal|p1a: Scizor|100\/100 par\n|-singleturn|p1a: Scizor|move: Roost\n|move|p2a: Barrage|Beak Blast|p1a: Scizor\n|-damage|p1a: Scizor|63\/100 par\n|\n|upkeep\n|turn|31\n|\n|t:|1699659343\n|-singleturn|p2a: Barrage|move: Beak Blast\n|move|p1a: Scizor|Bullet Punch|p2a: Barrage\n|-damage|p2a: Barrage|5\/100\n|move|p2a: Barrage|Beak Blast|p1a: Scizor\n|-damage|p1a: Scizor|23\/100 par\n|\n|upkeep\n|turn|32\n|\n|t:|1699659352\n|move|p2a: Barrage|Rock Blast|p1a: Scizor\n|-damage|p1a: Scizor|17\/100 par\n|-damage|p1a: Scizor|10\/100 par\n|-damage|p1a: Scizor|4\/100 par\n|-damage|p1a: Scizor|0 fnt\n|faint|p1a: Scizor\n|-hitcount|p1: Scizor|4\n|\n|upkeep\n|c|\u2606Rip_Ryuga|tf\n|\n|t:|1699659362\n|switch|p1a: Rillaboom|Rillaboom, M|100\/100\n|-fieldstart|move: Grassy Terrain|[from] ability: Grassy Surge|[of] p1a: Rillaboom\n|turn|33\n|\n|t:|1699659368\n|-singleturn|p2a: Barrage|move: Beak Blast\n|move|p1a: Rillaboom|Grassy Glide|p2a: Barrage\n|-resisted|p2a: Barrage\n|-damage|p2a: Barrage|0 fnt\n|-status|p1a: Rillaboom|brn\n|faint|p2a: Barrage\n|\n|-damage|p1a: Rillaboom|94\/100 brn|[from] brn\n|upkeep\n|c|\u2606Rip_Ryuga|bro what\n|\n|t:|1699659379\n|switch|p2a: Max|Ferrothorn, M|100\/100\n|turn|34\n|-message|Rip_Ryuga forfeited.\n|\n|win|vptwarrior\n|l|\u2606Rip_Ryuga\n","uploadtime":1699659404,"views":7,"p1id":"ripryuga","p2id":"vptwarrior","formatid":"gen9nationaldexubers","rating":0,"private":0,"password":""}