{"id":"gen9nationaldexubers-1995076475","p1":"Kdisue","p2":"mgtt3q","format":"[Gen 9] National Dex Ubers","log":"|j|\u2606Kdisue\n|j|\u2606mgtt3q\n|t:|1700519964\n|gametype|singles\n|player|p1|Kdisue|265|1156\n|player|p2|mgtt3q|red|1082\n|teamsize|p1|6\n|teamsize|p2|6\n|gen|9\n|tier|[Gen 9] National Dex Ubers\n|rated|\n|rule|HP Percentage Mod: HP is shown in percentages\n|rule|Endless Battle Clause: Forcing endless battles is banned\n|rule|OHKO Clause: OHKO moves are banned\n|rule|Evasion Moves Clause: Evasion moves are banned\n|rule|Evasion Items Clause: Evasion items are banned\n|rule|Species Clause: Limit one of each Pok\u00e9mon\n|rule|Sleep Clause Mod: Limit one foe put to sleep\n|rule|Mega Rayquaza Clause: You cannot mega evolve Rayquaza\n|clearpoke\n|poke|p1|Deoxys-Defense|\n|poke|p1|Chansey, F|\n|poke|p1|Ferrothorn, F|\n|poke|p1|Rotom-Wash|\n|poke|p1|Ho-Oh|\n|poke|p1|Lugia|\n|poke|p2|Pikachu-Original, M|\n|poke|p2|Lucario, M|\n|poke|p2|Gengar, M|\n|poke|p2|Dragonite, M|\n|poke|p2|Sirfetch\u2019d, F|\n|poke|p2|Dracovish|\n|teampreview\n|inactive|Battle timer is ON: inactive players will automatically lose when time's up. (requested by mgtt3q)\n|\n|t:|1700519978\n|start\n|switch|p1a: Sexy Red|Deoxys-Defense|100\/100\n|switch|p2a: Pikachu|Pikachu-Original, M|100\/100\n|-ability|p1a: Sexy Red|Pressure\n|turn|1\n|\n|t:|1700519998\n|move|p1a: Sexy Red|Psycho Boost|p2a: Pikachu\n|-damage|p2a: Pikachu|0 fnt\n|-unboost|p1a: Sexy Red|spa|2\n|faint|p2a: Pikachu\n|-damage|p1a: Sexy Red|91\/100|[from] item: Life Orb\n|\n|upkeep\n|\n|t:|1700520002\n|switch|p2a: Gengar|Gengar, M|100\/100\n|turn|2\n|\n|t:|1700520009\n|switch|p1a: Egg woman|Chansey, F|100\/100\n|move|p2a: Gengar|Shadow Ball|p1a: Egg woman\n|-immune|p1a: Egg woman\n|\n|upkeep\n|turn|3\n|\n|t:|1700520033\n|switch|p2a: Sirfetch\u2019d|Sirfetch\u2019d, F|100\/100\n|move|p1a: Egg woman|Ice Punch|p2a: Sirfetch\u2019d\n|-damage|p2a: Sirfetch\u2019d|91\/100\n|\n|upkeep\n|turn|4\n|\n|t:|1700520047\n|switch|p1a: Lugia|Lugia|100\/100\n|move|p2a: Sirfetch\u2019d|Meteor Assault|p1a: Lugia\n|-resisted|p1a: Lugia\n|-damage|p1a: Lugia|94\/100\n|-mustrecharge|p2a: Sirfetch\u2019d\n|\n|upkeep\n|turn|5\n|\n|t:|1700520055\n|move|p1a: Lugia|Calm Mind|p1a: Lugia\n|-boost|p1a: Lugia|spa|1\n|-boost|p1a: Lugia|spd|1\n|cant|p2a: Sirfetch\u2019d|recharge\n|\n|upkeep\n|turn|6\n|\n|t:|1700520061\n|move|p1a: Lugia|Aeroblast|p2a: Sirfetch\u2019d\n|-supereffective|p2a: Sirfetch\u2019d\n|-damage|p2a: Sirfetch\u2019d|0 fnt\n|faint|p2a: Sirfetch\u2019d\n|-damage|p1a: Lugia|84\/100|[from] item: Life Orb\n|\n|upkeep\n|\n|t:|1700520075\n|switch|p2a: Dracovish|Dracovish|100\/100\n|turn|7\n|\n|t:|1700520082\n|move|p1a: Lugia|Psycho Boost|p2a: Dracovish\n|-damage|p2a: Dracovish|35\/100\n|-unboost|p1a: Lugia|spa|2\n|-damage|p1a: Lugia|74\/100|[from] item: Life Orb\n|move|p2a: Dracovish|Fishious Rend|p1a: Lugia\n|-damage|p1a: Lugia|36\/100\n|\n|upkeep\n|turn|8\n|\n|t:|1700520094\n|move|p1a: Lugia|Psycho Boost|p2a: Dracovish\n|-damage|p2a: Dracovish|7\/100\n|-unboost|p1a: Lugia|spa|2\n|-damage|p1a: Lugia|26\/100|[from] item: Life Orb\n|move|p2a: Dracovish|Fishious Rend|p1a: Lugia\n|-crit|p1a: Lugia\n|-damage|p1a: Lugia|0 fnt\n|faint|p1a: Lugia\n|\n|upkeep\n|\n|t:|1700520107\n|switch|p1a: Washington|Rotom-Wash|100\/100\n|turn|9\n|\n|t:|1700520113\n|move|p1a: Washington|Volt Switch|p2a: Dracovish\n|-crit|p2a: Dracovish\n|-damage|p2a: Dracovish|0 fnt\n|faint|p2a: Dracovish\n|\n|t:|1700520132\n|switch|p1a: Ho-Oh|Ho-Oh|100\/100|[from] Volt Switch\n|\n|upkeep\n|\n|t:|1700520155\n|switch|p2a: Dragonite|Dragonite, M|100\/100\n|turn|10\n|\n|t:|1700520160\n|move|p2a: Dragonite|Dragon Dance|p2a: Dragonite\n|-boost|p2a: Dragonite|atk|1\n|-boost|p2a: Dragonite|spe|1\n|move|p1a: Ho-Oh|Sacred Fire|p2a: Dragonite\n|-resisted|p2a: Dragonite\n|-damage|p2a: Dragonite|86\/100\n|\n|-heal|p2a: Dragonite|92\/100|[from] item: Leftovers\n|upkeep\n|turn|11\n|\n|t:|1700520170\n|move|p2a: Dragonite|Dragon Claw|p1a: Ho-Oh\n|-damage|p1a: Ho-Oh|34\/100\n|move|p1a: Ho-Oh|Sacred Fire|p2a: Dragonite\n|-resisted|p2a: Dragonite\n|-damage|p2a: Dragonite|66\/100\n|\n|-heal|p2a: Dragonite|73\/100|[from] item: Leftovers\n|upkeep\n|turn|12\n|\n|t:|1700520181\n|switch|p1a: Iron boy|Ferrothorn, F|100\/100\n|move|p2a: Dragonite|Dragon Claw|p1a: Iron boy\n|-resisted|p1a: Iron boy\n|-damage|p1a: Iron boy|75\/100\n|-damage|p2a: Dragonite|60\/100|[from] ability: Iron Barbs|[of] p1a: Iron boy\n|\n|-heal|p2a: Dragonite|66\/100|[from] item: Leftovers\n|upkeep\n|turn|13\n|\n|t:|1700520195\n|move|p2a: Dragonite|Hurricane|p1a: Iron boy|[miss]\n|-miss|p2a: Dragonite|p1a: Iron boy\n|move|p1a: Iron boy|Gyro Ball|p2a: Dragonite\n|-damage|p2a: Dragonite|0 fnt\n|faint|p2a: Dragonite\n|\n|upkeep\n|\n|t:|1700520203\n|switch|p2a: Lucario|Lucario, M|100\/100\n|turn|14\n|\n|t:|1700520210\n|detailschange|p2a: Lucario|Lucario-Mega, M\n|-mega|p2a: Lucario|Lucario|Lucarionite\n|-terastallize|p1a: Iron boy|Ghost\n|move|p2a: Lucario|Aura Sphere|p1a: Iron boy\n|-immune|p1a: Iron boy\n|move|p1a: Iron boy|Gyro Ball|p2a: Lucario\n|-resisted|p2a: Lucario\n|-damage|p2a: Lucario|26\/100\n|\n|upkeep\n|turn|15\n|\n|t:|1700520228\n|switch|p1a: Ho-Oh|Ho-Oh|68\/100\n|move|p2a: Lucario|Bullet Punch|p1a: Ho-Oh\n|-resisted|p1a: Ho-Oh\n|-damage|p1a: Ho-Oh|53\/100\n|\n|upkeep\n|turn|16\n|\n|t:|1700520239\n|switch|p1a: Iron boy|Ferrothorn, F, tera:Ghost|75\/100\n|move|p2a: Lucario|Force Palm|p1a: Iron boy\n|-immune|p1a: Iron boy\n|\n|upkeep\n|turn|17\n|\n|t:|1700520247\n|move|p2a: Lucario|Bullet Punch|p1a: Iron boy\n|-damage|p1a: Iron boy|50\/100\n|-damage|p2a: Lucario|13\/100|[from] ability: Iron Barbs|[of] p1a: Iron boy\n|move|p1a: Iron boy|Gyro Ball|p2a: Lucario\n|-resisted|p2a: Lucario\n|-damage|p2a: Lucario|0 fnt\n|faint|p2a: Lucario\n|\n|upkeep\n|\n|t:|1700520251\n|switch|p2a: Gengar|Gengar, M|100\/100\n|turn|18\n|\n|t:|1700520260\n|-terastallize|p2a: Gengar|Ghost\n|move|p2a: Gengar|Shadow Ball|p1a: Iron boy\n|-supereffective|p1a: Iron boy\n|-damage|p1a: Iron boy|0 fnt\n|faint|p1a: Iron boy\n|\n|upkeep\n|\n|t:|1700520274\n|switch|p1a: Egg woman|Chansey, F|100\/100\n|turn|19\n|\n|t:|1700520286\n|move|p2a: Gengar|Ice Punch|p1a: Egg woman\n|-damage|p1a: Egg woman|87\/100\n|move|p1a: Egg woman|Ice Punch|p2a: Gengar\n|-crit|p2a: Gengar\n|-damage|p2a: Gengar|69\/100\n|-start|p1a: Egg woman|Disable|Ice Punch|[from] ability: Cursed Body|[of] p2a: Gengar\n|\n|upkeep\n|turn|20\n|\n|t:|1700520295\n|move|p2a: Gengar|Sludge Bomb|p1a: Egg woman\n|-damage|p1a: Egg woman|62\/100\n|move|p1a: Egg woman|Thunder Punch|p2a: Gengar\n|-damage|p2a: Gengar|50\/100\n|\n|upkeep\n|turn|21\n|\n|t:|1700520302\n|move|p2a: Gengar|Sludge Bomb|p1a: Egg woman\n|-damage|p1a: Egg woman|39\/100\n|move|p1a: Egg woman|Thunder Punch|p2a: Gengar\n|-crit|p2a: Gengar\n|-damage|p2a: Gengar|23\/100\n|\n|upkeep\n|turn|22\n|\n|t:|1700520311\n|move|p2a: Gengar|Sludge Bomb|p1a: Egg woman\n|-damage|p1a: Egg woman|14\/100\n|move|p1a: Egg woman|Thunder Punch|p2a: Gengar\n|-crit|p2a: Gengar\n|-damage|p2a: Gengar|0 fnt\n|faint|p2a: Gengar\n|\n|win|Kdisue\n|raw|Kdisue's rating: 1156 &rarr; <strong>1176<\/strong><br \/>(+20 for winning)\n|raw|mgtt3q's rating: 1082 &rarr; <strong>1064<\/strong><br \/>(-18 for losing)\n|l|\u2606mgtt3q\n","uploadtime":1700520322,"views":1,"p1id":"kdisue","p2id":"mgtt3q","formatid":"gen9nationaldexubers","rating":1064,"private":0,"password":""}