{"id":"gen9nationaldexubers-1991192536","p1":"nullity0","p2":"foxgamer576","format":"[Gen 9] National Dex Ubers","log":"|j|\u2606nullity0\n|j|\u2606foxgamer576\n|t:|1700055611\n|gametype|singles\n|player|p1|nullity0|lusamine-nihilego|1301\n|player|p2|foxgamer576|cynthia|1255\n|teamsize|p1|6\n|teamsize|p2|6\n|gen|9\n|tier|[Gen 9] National Dex Ubers\n|rated|\n|rule|HP Percentage Mod: HP is shown in percentages\n|rule|Endless Battle Clause: Forcing endless battles is banned\n|rule|OHKO Clause: OHKO moves are banned\n|rule|Evasion Moves Clause: Evasion moves are banned\n|rule|Evasion Items Clause: Evasion items are banned\n|rule|Species Clause: Limit one of each Pok\u00e9mon\n|rule|Sleep Clause Mod: Limit one foe put to sleep\n|rule|Mega Rayquaza Clause: You cannot mega evolve Rayquaza\n|clearpoke\n|poke|p1|Ceruledge, F|\n|poke|p1|Cyclizar, F|\n|poke|p1|Kommo-o, F|\n|poke|p1|Gyarados, F|\n|poke|p1|Dragapult, F|\n|poke|p1|Mew|\n|poke|p2|Groudon|\n|poke|p2|Zacian-*|\n|poke|p2|Ogerpon-Wellspring, F|\n|poke|p2|Regieleki|\n|poke|p2|Garchomp, M|\n|poke|p2|Annihilape, M|\n|teampreview\n|inactive|Battle timer is ON: inactive players will automatically lose when time's up. (requested by nullity0)\n|\n|t:|1700055618\n|start\n|switch|p1a: Mew|Mew|100\/100\n|switch|p2a: Groudon|Groudon, shiny|100\/100\n|detailschange|p2a: Groudon|Groudon-Primal, shiny\n|-primal|p2a: Groudon|Red Orb\n|-weather|DesolateLand|[from] ability: Desolate Land|[of] p2a: Groudon\n|turn|1\n|\n|t:|1700055625\n|move|p1a: Mew|Imprison|p1a: Mew\n|-start|p1a: Mew|move: Imprison\n|move|p2a: Groudon|Rock Polish|p2a: Groudon\n|-boost|p2a: Groudon|spe|2\n|\n|-weather|DesolateLand|[upkeep]\n|upkeep\n|turn|2\n|\n|t:|1700055639\n|move|p2a: Groudon|Heat Crash|p1a: Mew\n|-damage|p1a: Mew|20\/100\n|move|p1a: Mew|Transform|p2a: Groudon\n|-transform|p1a: Mew|p2a: Groudon\n|\n|-weather|DesolateLand|[upkeep]\n|upkeep\n|turn|3\n|\n|t:|1700055648\n|-activate|p2a: Groudon|move: Struggle\n|move|p2a: Groudon|Struggle|p1a: Mew\n|-damage|p1a: Mew|9\/100\n|-damage|p2a: Groudon|75\/100|[from] recoil\n|move|p1a: Mew|Swords Dance|p1a: Mew\n|-boost|p1a: Mew|atk|2\n|\n|-weather|DesolateLand|[upkeep]\n|upkeep\n|turn|4\n|\n|t:|1700055657\n|move|p1a: Mew|Precipice Blades|p2a: Groudon\n|-supereffective|p2a: Groudon\n|-damage|p2a: Groudon|0 fnt\n|faint|p2a: Groudon\n|\n|-weather|DesolateLand|[upkeep]\n|upkeep\n|\n|t:|1700055670\n|switch|p2a: Garchomp|Garchomp, M|100\/100\n|turn|5\n|\n|t:|1700055682\n|detailschange|p2a: Garchomp|Garchomp-Mega, M\n|-mega|p2a: Garchomp|Garchomp|Garchompite\n|move|p1a: Mew|Precipice Blades|p2a: Garchomp\n|-damage|p2a: Garchomp|0 fnt\n|faint|p2a: Garchomp\n|\n|-weather|DesolateLand|[upkeep]\n|upkeep\n|\n|t:|1700055700\n|switch|p2a: Ogerpon|Ogerpon-Wellspring, F|100\/100\n|turn|6\n|\n|t:|1700055711\n|move|p1a: Mew|Heat Crash|p2a: Ogerpon\n|-crit|p2a: Ogerpon\n|-damage|p2a: Ogerpon|0 fnt\n|faint|p2a: Ogerpon\n|\n|-weather|DesolateLand|[upkeep]\n|upkeep\n|\n|t:|1700055724\n|switch|p2a: Annihilape|Annihilape, M|100\/100\n|turn|7\n|\n|t:|1700055728\n|move|p1a: Mew|Precipice Blades|p2a: Annihilape\n|-enditem|p2a: Annihilape|Focus Sash\n|-damage|p2a: Annihilape|1\/100\n|move|p2a: Annihilape|Rage Fist|p1a: Mew\n|-damage|p1a: Mew|0 fnt\n|faint|p1a: Mew\n|-weather|none\n|\n|upkeep\n|\n|t:|1700055737\n|switch|p1a: Bri'sh|Ceruledge, F|100\/100\n|turn|8\n|c|\u2606nullity0|that was cool\n|c|\u2606nullity0|right?\n|\n|t:|1700055744\n|move|p1a: Bri'sh|Shadow Sneak|p2a: Annihilape\n|-supereffective|p2a: Annihilape\n|-damage|p2a: Annihilape|0 fnt\n|faint|p2a: Annihilape\n|-damage|p1a: Bri'sh|91\/100|[from] item: Life Orb\n|\n|upkeep\n|\n|t:|1700055748\n|switch|p2a: Regieleki|Regieleki|100\/100\n|turn|9\n|\n|t:|1700055751\n|-terastallize|p1a: Bri'sh|Fire\n|move|p2a: Regieleki|Electro Ball|p1a: Bri'sh\n|-damage|p1a: Bri'sh|55\/100\n|move|p1a: Bri'sh|Flame Charge|p2a: Regieleki\n|-damage|p2a: Regieleki|29\/100\n|-boost|p1a: Bri'sh|spe|1\n|-damage|p1a: Bri'sh|45\/100|[from] item: Life Orb\n|\n|upkeep\n|turn|10\n|\n|t:|1700055766\n|move|p1a: Bri'sh|Shadow Sneak|p2a: Regieleki\n|-damage|p2a: Regieleki|0 fnt\n|faint|p2a: Regieleki\n|-damage|p1a: Bri'sh|35\/100|[from] item: Life Orb\n|\n|upkeep\n|\n|t:|1700055770\n|switch|p2a: Zacian|Zacian-Crowned, shiny|100\/100\n|-ability|p2a: Zacian|Intrepid Sword|boost\n|-boost|p2a: Zacian|atk|1\n|turn|11\n|\n|t:|1700055779\n|move|p1a: Bri'sh|Bitter Blade|p2a: Zacian\n|-supereffective|p2a: Zacian\n|-damage|p2a: Zacian|0 fnt\n|-heal|p1a: Bri'sh|91\/100|[from] drain|[of] p2a: Zacian\n|faint|p2a: Zacian\n|-damage|p1a: Bri'sh|81\/100|[from] item: Life Orb\n|\n|win|nullity0\n|raw|nullity0's rating: 1301 &rarr; <strong>1318<\/strong><br \/>(+17 for winning)\n|raw|foxgamer576's rating: 1255 &rarr; <strong>1233<\/strong><br \/>(-22 for losing)\n|l|\u2606foxgamer576\n|c|\u2606nullity0|gg\n","uploadtime":1700055789,"views":9,"p1id":"nullity0","p2id":"foxgamer576","formatid":"gen9nationaldexubers","rating":1233,"private":0,"password":""}