{"id":"gen9nationaldexubers-1984501602","p1":"dumboffaperc","p2":"XYZ15","format":"[Gen 9] National Dex Ubers","log":"|j|\u2606dumboffaperc\n|j|\u2606XYZ15\n|t:|1699273284\n|gametype|singles\n|player|p1|dumboffaperc|swimmer-gen4dp|1523\n|player|p2|XYZ15|rei|1394\n|teamsize|p1|6\n|teamsize|p2|6\n|gen|9\n|tier|[Gen 9] National Dex Ubers\n|rated|\n|rule|HP Percentage Mod: HP is shown in percentages\n|rule|Endless Battle Clause: Forcing endless battles is banned\n|rule|OHKO Clause: OHKO moves are banned\n|rule|Evasion Moves Clause: Evasion moves are banned\n|rule|Evasion Items Clause: Evasion items are banned\n|rule|Species Clause: Limit one of each Pok\u00e9mon\n|rule|Sleep Clause Mod: Limit one foe put to sleep\n|rule|Mega Rayquaza Clause: You cannot mega evolve Rayquaza\n|clearpoke\n|poke|p1|Lucario, M|\n|poke|p1|Landorus, M|\n|poke|p1|Ditto|\n|poke|p1|Shuckle, F|\n|poke|p1|Gholdengo|\n|poke|p1|Darmanitan-Galar, M|\n|poke|p2|Darmanitan-Galar, M|\n|poke|p2|Kyogre|\n|poke|p2|Marshadow|\n|poke|p2|Magearna|\n|poke|p2|Salamence, M|\n|poke|p2|Ho-Oh|\n|teampreview\n|inactive|Battle timer is ON: inactive players will automatically lose when time's up. (requested by dumboffaperc)\n|\n|t:|1699273289\n|start\n|switch|p1a: Shuckle|Shuckle, F|100\/100\n|switch|p2a: Darmanitan|Darmanitan-Galar, M|100\/100\n|turn|1\n|\n|t:|1699273295\n|move|p2a: Darmanitan|U-turn|p1a: Shuckle\n|-damage|p1a: Shuckle|80\/100\n|\n|t:|1699273297\n|switch|p2a: Kyogre|Kyogre|100\/100|[from] U-turn\n|detailschange|p2a: Kyogre|Kyogre-Primal\n|-primal|p2a: Kyogre|Blue Orb\n|-weather|PrimordialSea|[from] ability: Primordial Sea|[of] p2a: Kyogre\n|move|p1a: Shuckle|Stealth Rock|p2a: Kyogre\n|-sidestart|p2: XYZ15|move: Stealth Rock\n|\n|-weather|PrimordialSea|[upkeep]\n|upkeep\n|turn|2\n|\n|t:|1699273300\n|move|p2a: Kyogre|Origin Pulse|p1a: Shuckle\n|-supereffective|p1a: Shuckle\n|-damage|p1a: Shuckle|0 fnt\n|faint|p1a: Shuckle\n|\n|-weather|PrimordialSea|[upkeep]\n|upkeep\n|\n|t:|1699273303\n|switch|p1a: Lucario|Lucario, M, shiny|100\/100\n|turn|3\n|\n|t:|1699273306\n|detailschange|p1a: Lucario|Lucario-Mega, M, shiny\n|-mega|p1a: Lucario|Lucario|Lucarionite\n|move|p1a: Lucario|Close Combat|p2a: Kyogre\n|-damage|p2a: Kyogre|12\/100\n|-unboost|p1a: Lucario|def|1\n|-unboost|p1a: Lucario|spd|1\n|move|p2a: Kyogre|Origin Pulse|p1a: Lucario\n|-damage|p1a: Lucario|0 fnt\n|faint|p1a: Lucario\n|\n|-weather|PrimordialSea|[upkeep]\n|upkeep\n|\n|t:|1699273313\n|switch|p1a: Gholdengo|Gholdengo|100\/100\n|-item|p1a: Gholdengo|Air Balloon\n|turn|4\n|\n|t:|1699273317\n|move|p1a: Gholdengo|Shadow Ball|p2a: Kyogre\n|-damage|p2a: Kyogre|0 fnt\n|faint|p2a: Kyogre\n|-weather|none\n|\n|upkeep\n|\n|t:|1699273329\n|switch|p2a: Ho-Oh|Ho-Oh|100\/100\n|turn|5\n|\n|t:|1699273336\n|-terastallize|p1a: Gholdengo|Water\n|move|p1a: Gholdengo|Nasty Plot|p1a: Gholdengo\n|-boost|p1a: Gholdengo|spa|2\n|move|p2a: Ho-Oh|Sacred Fire|p1a: Gholdengo\n|-resisted|p1a: Gholdengo\n|-damage|p1a: Gholdengo|78\/100\n|-enditem|p1a: Gholdengo|Air Balloon\n|\n|upkeep\n|turn|6\n|\n|t:|1699273354\n|switch|p2a: Magearna|Magearna|100\/100\n|-damage|p2a: Magearna|94\/100|[from] Stealth Rock\n|move|p1a: Gholdengo|Shadow Ball|p2a: Magearna\n|-damage|p2a: Magearna|50\/100\n|\n|upkeep\n|turn|7\n|\n|t:|1699273362\n|move|p1a: Gholdengo|Make It Rain|p2a: Magearna\n|-damage|p2a: Magearna|0 fnt\n|-unboost|p1a: Gholdengo|spa|1\n|faint|p2a: Magearna\n|\n|upkeep\n|\n|t:|1699273372\n|switch|p2a: Darmanitan|Darmanitan-Galar, M|100\/100\n|-damage|p2a: Darmanitan|76\/100|[from] Stealth Rock\n|turn|8\n|\n|t:|1699273386\n|-terastallize|p2a: Darmanitan|Ground\n|move|p2a: Darmanitan|Earthquake|p1a: Gholdengo\n|-damage|p1a: Gholdengo|0 fnt\n|faint|p1a: Gholdengo\n|\n|upkeep\n|\n|t:|1699273391\n|switch|p1a: Landorus|Landorus, M|100\/100\n|turn|9\n|j| masturch33f420\n|\n|t:|1699273402\n|switch|p2a: Ho-Oh|Ho-Oh|100\/100\n|move|p1a: Landorus|Nasty Plot|p1a: Landorus\n|-boost|p1a: Landorus|spa|2\n|\n|upkeep\n|turn|10\n|l| masturch33f420\n|\n|t:|1699273410\n|move|p1a: Landorus|Sludge Wave|p2a: Ho-Oh\n|-damage|p2a: Ho-Oh|55\/100\n|move|p2a: Ho-Oh|Defog|p1a: Landorus\n|-unboost|p1a: Landorus|evasion|1\n|-sideend|p2: XYZ15|Stealth Rock|[from] move: Defog|[of] p2a: Ho-Oh\n|\n|upkeep\n|turn|11\n|\n|t:|1699273413\n|move|p1a: Landorus|Sludge Wave|p2a: Ho-Oh\n|-damage|p2a: Ho-Oh|7\/100\n|move|p2a: Ho-Oh|Roost|p2a: Ho-Oh\n|-heal|p2a: Ho-Oh|57\/100\n|-singleturn|p2a: Ho-Oh|move: Roost\n|\n|upkeep\n|turn|12\n|\n|t:|1699273420\n|move|p1a: Landorus|Nasty Plot|p1a: Landorus\n|-boost|p1a: Landorus|spa|2\n|move|p2a: Ho-Oh|Toxic|p1a: Landorus\n|-status|p1a: Landorus|tox\n|\n|-damage|p1a: Landorus|95\/100 tox|[from] psn\n|upkeep\n|turn|13\n|\n|t:|1699273429\n|move|p1a: Landorus|Sludge Wave|p2a: Ho-Oh\n|-damage|p2a: Ho-Oh|0 fnt\n|faint|p2a: Ho-Oh\n|\n|-damage|p1a: Landorus|83\/100 tox|[from] psn\n|upkeep\n|\n|t:|1699273434\n|switch|p2a: Darmanitan|Darmanitan-Galar, M, tera:Ground|76\/100\n|turn|14\n|\n|t:|1699273435\n|move|p2a: Darmanitan|Icicle Crash|p1a: Landorus\n|-supereffective|p1a: Landorus\n|-damage|p1a: Landorus|0 fnt\n|faint|p1a: Landorus\n|\n|upkeep\n|\n|t:|1699273437\n|switch|p1a: Darmanitan|Darmanitan-Galar, M|100\/100\n|turn|15\n|\n|t:|1699273450\n|switch|p2a: Salamence|Salamence, M|100\/100\n|-ability|p2a: Salamence|Intimidate|boost\n|-unboost|p1a: Darmanitan|atk|1\n|move|p1a: Darmanitan|Belly Drum|p1a: Darmanitan\n|-damage|p1a: Darmanitan|50\/100\n|-setboost|p1a: Darmanitan|atk|6|[from] move: Belly Drum\n|\n|-formechange|p1a: Darmanitan|Darmanitan-Galar-Zen|\n|upkeep\n|turn|16\n|j| masturch33f420\n|\n|t:|1699273459\n|move|p1a: Darmanitan|Substitute|p1a: Darmanitan\n|-start|p1a: Darmanitan|Substitute\n|-damage|p1a: Darmanitan|25\/100\n|-enditem|p1a: Darmanitan|Salac Berry|[eat]\n|-boost|p1a: Darmanitan|spe|1|[from] item: Salac Berry\n|move|p2a: Salamence|Earthquake|p1a: Darmanitan\n|-supereffective|p1a: Darmanitan\n|-end|p1a: Darmanitan|Substitute\n|\n|upkeep\n|turn|17\n|\n|t:|1699273464\n|move|p1a: Darmanitan|Ice Punch|p2a: Salamence\n|-supereffective|p2a: Salamence\n|-damage|p2a: Salamence|0 fnt\n|faint|p2a: Salamence\n|\n|upkeep\n|\n|t:|1699273466\n|switch|p2a: Marshadow|Marshadow|100\/100\n|turn|18\n|\n|t:|1699273468\n|move|p2a: Marshadow|Shadow Sneak|p1a: Darmanitan\n|-damage|p1a: Darmanitan|0 fnt\n|faint|p1a: Darmanitan\n|\n|upkeep\n|\n|t:|1699273470\n|switch|p1a: Ditto|Ditto|100\/100\n|-transform|p1a: Ditto|p2a: Marshadow|[from] ability: Imposter\n|turn|19\n|\n|t:|1699273473\n|move|p2a: Marshadow|Shadow Sneak|p1a: Ditto\n|-supereffective|p1a: Ditto\n|-damage|p1a: Ditto|12\/100\n|move|p1a: Ditto|Spectral Thief|p2a: Marshadow\n|-supereffective|p2a: Marshadow\n|-damage|p2a: Marshadow|0 fnt\n|faint|p2a: Marshadow\n|\n|upkeep\n|\n|t:|1699273477\n|switch|p2a: Darmanitan|Darmanitan-Galar, M, tera:Ground|76\/100\n|turn|20\n|\n|t:|1699273479\n|move|p1a: Ditto|Spectral Thief|p2a: Darmanitan\n|-damage|p2a: Darmanitan|1\/100\n|move|p2a: Darmanitan|Earthquake|p1a: Ditto\n|-damage|p1a: Ditto|0 fnt\n|faint|p1a: Ditto\n|\n|win|XYZ15\n|raw|dumboffaperc's rating: 1523 &rarr; <strong>1496<\/strong><br \/>(-27 for losing)\n|raw|XYZ15's rating: 1394 &rarr; <strong>1421<\/strong><br \/>(+27 for winning)\n|l|\u2606dumboffaperc\n|l| masturch33f420\n","uploadtime":1699273508,"views":5,"p1id":"dumboffaperc","p2id":"xyz15","formatid":"gen9nationaldexubers","rating":1421,"private":0,"password":""}