{"id":"gen9nationaldexubers-1980830236","p1":"TheTitan75_YTFan","p2":"CortadoKats","format":"[Gen 9] National Dex Ubers","log":"|j|\u203dTheTitan75_YTFan\n|j|\u2606CortadoKats\n|t:|1698839745\n|gametype|singles\n|player|p1|TheTitan75_YTFan|hilbert-wonderlauncher|1115\n|player|p2|CortadoKats|101|1242\n|teamsize|p1|6\n|teamsize|p2|6\n|gen|9\n|tier|[Gen 9] National Dex Ubers\n|rated|\n|rule|HP Percentage Mod: HP is shown in percentages\n|rule|Endless Battle Clause: Forcing endless battles is banned\n|rule|OHKO Clause: OHKO moves are banned\n|rule|Evasion Moves Clause: Evasion moves are banned\n|rule|Evasion Items Clause: Evasion items are banned\n|rule|Species Clause: Limit one of each Pok\u00e9mon\n|rule|Sleep Clause Mod: Limit one foe put to sleep\n|rule|Mega Rayquaza Clause: You cannot mega evolve Rayquaza\n|clearpoke\n|poke|p1|Volcarona, M|\n|poke|p1|Necrozma-Dusk-Mane|\n|poke|p1|Diancie|\n|poke|p1|Yveltal|\n|poke|p1|Zygarde|\n|poke|p1|Marshadow|\n|poke|p2|Giratina|\n|poke|p2|Dondozo, F|\n|poke|p2|Chansey, F|\n|poke|p2|Tyranitar, F|\n|poke|p2|Ho-Oh|\n|poke|p2|Mewtwo|\n|teampreview\n|inactive|Battle timer is ON: inactive players will automatically lose when time's up. (requested by CortadoKats)\n|\n|t:|1698839758\n|start\n|switch|p1a: Necrozma|Necrozma-Dusk-Mane|100\/100\n|switch|p2a: Epione|Chansey, F|100\/100\n|turn|1\n|\n|t:|1698839772\n|switch|p2a: Helios|Ho-Oh|100\/100\n|move|p1a: Necrozma|Iron Head|p2a: Helios\n|-resisted|p2a: Helios\n|-damage|p2a: Helios|86\/100\n|\n|upkeep\n|turn|2\n|\n|t:|1698839782\n|switch|p1a: Diancie|Diancie, shiny|100\/100\n|move|p2a: Helios|Sacred Fire|p1a: Diancie|[miss]\n|-miss|p2a: Helios|p1a: Diancie\n|\n|upkeep\n|turn|3\n|\n|t:|1698839789\n|switch|p2a: Erebus|Tyranitar, F|100\/100\n|-weather|Sandstorm|[from] ability: Sand Stream|[of] p2a: Erebus\n|detailschange|p1a: Diancie|Diancie-Mega, shiny\n|-mega|p1a: Diancie|Diancie|Diancite\n|move|p1a: Diancie|Amnesia|p1a: Diancie\n|-boost|p1a: Diancie|spd|2\n|\n|-weather|Sandstorm|[upkeep]\n|upkeep\n|turn|4\n|\n|t:|1698839801\n|detailschange|p2a: Erebus|Tyranitar-Mega, F\n|-mega|p2a: Erebus|Tyranitar|Tyranitarite\n|move|p1a: Diancie|Play Rough|p2a: Erebus|[miss]\n|-miss|p1a: Diancie|p2a: Erebus\n|move|p2a: Erebus|Stealth Rock|p1a: Diancie\n|move|p1a: Diancie|Stealth Rock|p2a: Erebus|[from]ability: Magic Bounce\n|-sidestart|p2: CortadoKats|move: Stealth Rock\n|\n|-weather|Sandstorm|[upkeep]\n|upkeep\n|turn|5\n|\n|t:|1698839817\n|switch|p2a: Helios|Ho-Oh|100\/100\n|move|p1a: Diancie|Play Rough|p2a: Helios\n|-resisted|p2a: Helios\n|-damage|p2a: Helios|84\/100\n|\n|-weather|Sandstorm|[upkeep]\n|-damage|p2a: Helios|78\/100|[from] Sandstorm\n|upkeep\n|turn|6\n|\n|t:|1698839835\n|switch|p2a: Triton|Dondozo, F|100\/100\n|-damage|p2a: Triton|88\/100|[from] Stealth Rock\n|move|p1a: Diancie|Diamond Storm|p2a: Triton\n|-damage|p2a: Triton|61\/100\n|\n|-weather|Sandstorm|[upkeep]\n|-damage|p2a: Triton|55\/100|[from] Sandstorm\n|-heal|p2a: Triton|61\/100|[from] item: Leftovers\n|upkeep\n|turn|7\n|\n|t:|1698839844\n|move|p1a: Diancie|Diamond Storm|p2a: Triton\n|-damage|p2a: Triton|35\/100\n|-boost|p1a: Diancie|def|2\n|move|p2a: Triton|Curse|p2a: Triton\n|-unboost|p2a: Triton|spe|1\n|-boost|p2a: Triton|atk|1\n|-boost|p2a: Triton|def|1\n|\n|-weather|none\n|-heal|p2a: Triton|41\/100|[from] item: Leftovers\n|upkeep\n|turn|8\n|\n|t:|1698839847\n|move|p1a: Diancie|Diamond Storm|p2a: Triton\n|-damage|p2a: Triton|24\/100\n|-boost|p1a: Diancie|def|2\n|move|p2a: Triton|Liquidation|p1a: Diancie\n|-supereffective|p1a: Diancie\n|-damage|p1a: Diancie|9\/100\n|\n|-heal|p2a: Triton|30\/100|[from] item: Leftovers\n|upkeep\n|turn|9\n|\n|t:|1698839858\n|move|p1a: Diancie|Diamond Storm|p2a: Triton|[miss]\n|-miss|p1a: Diancie|p2a: Triton\n|move|p2a: Triton|Liquidation|p1a: Diancie\n|-supereffective|p1a: Diancie\n|-damage|p1a: Diancie|0 fnt\n|faint|p1a: Diancie\n|\n|-heal|p2a: Triton|36\/100|[from] item: Leftovers\n|upkeep\n|\n|t:|1698839873\n|switch|p1a: Marshadow|Marshadow|100\/100\n|turn|10\n|\n|t:|1698839876\n|move|p1a: Marshadow|Bulk Up|p1a: Marshadow\n|-boost|p1a: Marshadow|atk|1\n|-boost|p1a: Marshadow|def|1\n|move|p2a: Triton|Rest|p2a: Triton\n|-status|p2a: Triton|slp|[from] move: Rest\n|-heal|p2a: Triton|100\/100 slp|[silent]\n|\n|upkeep\n|turn|11\n|\n|t:|1698839884\n|move|p1a: Marshadow|Drain Punch|p2a: Triton\n|-damage|p2a: Triton|88\/100 slp\n|-damage|p1a: Marshadow|91\/100|[from] item: Life Orb\n|cant|p2a: Triton|slp\n|\n|-heal|p2a: Triton|94\/100 slp|[from] item: Leftovers\n|upkeep\n|turn|12\n|\n|t:|1698839896\n|move|p1a: Marshadow|Drain Punch|p2a: Triton\n|-damage|p2a: Triton|83\/100 slp\n|-heal|p1a: Marshadow|99\/100|[from] drain|[of] p2a: Triton\n|-damage|p1a: Marshadow|90\/100|[from] item: Life Orb\n|cant|p2a: Triton|slp\n|\n|-heal|p2a: Triton|89\/100 slp|[from] item: Leftovers\n|upkeep\n|turn|13\n|\n|t:|1698839903\n|move|p1a: Marshadow|Bulk Up|p1a: Marshadow\n|-boost|p1a: Marshadow|atk|1\n|-boost|p1a: Marshadow|def|1\n|-curestatus|p2a: Triton|slp|[msg]\n|move|p2a: Triton|Curse|p2a: Triton\n|-unboost|p2a: Triton|spe|1\n|-boost|p2a: Triton|atk|1\n|-boost|p2a: Triton|def|1\n|\n|-heal|p2a: Triton|95\/100|[from] item: Leftovers\n|upkeep\n|turn|14\n|\n|t:|1698839913\n|move|p1a: Marshadow|Bulk Up|p1a: Marshadow\n|-boost|p1a: Marshadow|atk|1\n|-boost|p1a: Marshadow|def|1\n|move|p2a: Triton|Curse|p2a: Triton\n|-unboost|p2a: Triton|spe|1\n|-boost|p2a: Triton|atk|1\n|-boost|p2a: Triton|def|1\n|\n|-heal|p2a: Triton|100\/100|[from] item: Leftovers\n|upkeep\n|turn|15\n|\n|t:|1698839923\n|move|p1a: Marshadow|Bulk Up|p1a: Marshadow\n|-boost|p1a: Marshadow|atk|1\n|-boost|p1a: Marshadow|def|1\n|move|p2a: Triton|Liquidation|p1a: Marshadow\n|-damage|p1a: Marshadow|6\/100\n|\n|upkeep\n|turn|16\n|\n|t:|1698839943\n|move|p1a: Marshadow|Drain Punch|p2a: Triton\n|-damage|p2a: Triton|92\/100\n|-heal|p1a: Marshadow|13\/100|[from] drain|[of] p2a: Triton\n|-damage|p1a: Marshadow|3\/100|[from] item: Life Orb\n|move|p2a: Triton|Liquidation|p1a: Marshadow\n|-crit|p1a: Marshadow\n|-damage|p1a: Marshadow|0 fnt\n|faint|p1a: Marshadow\n|\n|-heal|p2a: Triton|98\/100|[from] item: Leftovers\n|upkeep\n|\n|t:|1698839956\n|switch|p1a: Yveltal|Yveltal|100\/100\n|-ability|p1a: Yveltal|Dark Aura\n|turn|17\n|\n|t:|1698839962\n|move|p1a: Yveltal|Substitute|p1a: Yveltal\n|-start|p1a: Yveltal|Substitute\n|-damage|p1a: Yveltal|76\/100\n|move|p2a: Triton|Avalanche|p1a: Yveltal\n|-supereffective|p1a: Yveltal\n|-end|p1a: Yveltal|Substitute\n|\n|-heal|p2a: Triton|100\/100|[from] item: Leftovers\n|upkeep\n|turn|18\n|\n|t:|1698839968\n|move|p1a: Yveltal|Dark Pulse|p2a: Triton\n|-damage|p2a: Triton|53\/100\n|move|p2a: Triton|Avalanche|p1a: Yveltal\n|-supereffective|p1a: Yveltal\n|-damage|p1a: Yveltal|0 fnt\n|faint|p1a: Yveltal\n|\n|-heal|p2a: Triton|59\/100|[from] item: Leftovers\n|upkeep\n|\n|t:|1698839985\n|switch|p1a: Zygarde|Zygarde, shiny|100\/100\n|turn|19\n|\n|t:|1698839991\n|move|p1a: Zygarde|Coil|p1a: Zygarde\n|-boost|p1a: Zygarde|atk|1\n|-boost|p1a: Zygarde|def|1\n|-boost|p1a: Zygarde|accuracy|1\n|move|p2a: Triton|Avalanche|p1a: Zygarde\n|-supereffective|p1a: Zygarde\n|-damage|p1a: Zygarde|0 fnt\n|faint|p1a: Zygarde\n|\n|-heal|p2a: Triton|66\/100|[from] item: Leftovers\n|upkeep\n|\n|t:|1698839996\n|switch|p1a: Necrozma|Necrozma-Dusk-Mane|100\/100\n|turn|20\n|\n|t:|1698840007\n|move|p1a: Necrozma|Dragon Dance|p1a: Necrozma\n|-boost|p1a: Necrozma|atk|1\n|-boost|p1a: Necrozma|spe|1\n|move|p2a: Triton|Liquidation|p1a: Necrozma\n|-damage|p1a: Necrozma|50\/100\n|-unboost|p1a: Necrozma|def|1\n|\n|-heal|p2a: Triton|72\/100|[from] item: Leftovers\n|upkeep\n|turn|21\n|\n|t:|1698840017\n|move|p1a: Necrozma|Rock Slide|p2a: Triton\n|-damage|p2a: Triton|67\/100\n|cant|p2a: Triton|flinch\n|\n|-heal|p2a: Triton|73\/100|[from] item: Leftovers\n|upkeep\n|turn|22\n|\n|t:|1698840026\n|move|p1a: Necrozma|Rock Slide|p2a: Triton\n|-damage|p2a: Triton|68\/100\n|move|p2a: Triton|Curse|p2a: Triton\n|-unboost|p2a: Triton|spe|1\n|-boost|p2a: Triton|atk|1\n|-boost|p2a: Triton|def|1\n|\n|-heal|p2a: Triton|74\/100|[from] item: Leftovers\n|upkeep\n|turn|23\n|\n|t:|1698840035\n|move|p1a: Necrozma|Rock Slide|p2a: Triton\n|-damage|p2a: Triton|70\/100\n|move|p2a: Triton|Liquidation|p1a: Necrozma\n|-damage|p1a: Necrozma|0 fnt\n|faint|p1a: Necrozma\n|\n|-heal|p2a: Triton|76\/100|[from] item: Leftovers\n|upkeep\n|\n|t:|1698840041\n|switch|p1a: Volcarona|Volcarona, M|100\/100\n|turn|24\n|\n|t:|1698840048\n|-terastallize|p1a: Volcarona|Bug\n|move|p1a: Volcarona|Giga Drain|p2a: Triton\n|-supereffective|p2a: Triton\n|-damage|p2a: Triton|31\/100\n|move|p2a: Triton|Liquidation|p1a: Volcarona\n|-damage|p1a: Volcarona|19\/100\n|-status|p2a: Triton|brn|[from] ability: Flame Body|[of] p1a: Volcarona\n|-enditem|p1a: Volcarona|Ganlon Berry|[eat]\n|-boost|p1a: Volcarona|def|1|[from] item: Ganlon Berry\n|\n|-heal|p2a: Triton|37\/100 brn|[from] item: Leftovers\n|-damage|p2a: Triton|31\/100 brn|[from] brn\n|upkeep\n|turn|25\n|\n|t:|1698840061\n|-terastallize|p2a: Triton|Fairy\n|move|p1a: Volcarona|Giga Drain|p2a: Triton\n|-damage|p2a: Triton|9\/100 brn\n|-heal|p1a: Volcarona|34\/100|[from] drain|[of] p2a: Triton\n|move|p2a: Triton|Rest|p2a: Triton\n|-status|p2a: Triton|slp|[from] move: Rest\n|-heal|p2a: Triton|100\/100 slp|[silent]\n|\n|upkeep\n|turn|26\n|\n|t:|1698840073\n|switch|p2a: Helios|Ho-Oh|100\/100\n|move|p1a: Volcarona|Quiver Dance|p1a: Volcarona\n|-boost|p1a: Volcarona|spa|1\n|-boost|p1a: Volcarona|spd|1\n|-boost|p1a: Volcarona|spe|1\n|\n|upkeep\n|turn|27\n|\n|t:|1698840082\n|move|p1a: Volcarona|Bug Buzz|p2a: Helios\n|-resisted|p2a: Helios\n|-damage|p2a: Helios|88\/100\n|move|p2a: Helios|Toxic|p1a: Volcarona\n|-status|p1a: Volcarona|tox\n|\n|-damage|p1a: Volcarona|28\/100 tox|[from] psn\n|upkeep\n|turn|28\n|\n|t:|1698840089\n|move|p1a: Volcarona|Heat Wave|p2a: Helios\n|-resisted|p2a: Helios\n|-damage|p2a: Helios|72\/100\n|move|p2a: Helios|Sacred Fire|p1a: Volcarona\n|-supereffective|p1a: Volcarona\n|-damage|p1a: Volcarona|0 fnt\n|faint|p1a: Volcarona\n|\n|win|CortadoKats\n|raw|TheTitan75_YTFan's rating: 1115 &rarr; <strong>1099<\/strong><br \/>(-16 for losing)\n|raw|CortadoKats's rating: 1242 &rarr; <strong>1258<\/strong><br \/>(+16 for winning)\n|l|\u203dTheTitan75_YTFan\n|l|\u2606CortadoKats\n|j|\u2606CortadoKats\n|player|p2|CortadoKats|101\n","uploadtime":1698840121,"views":14,"p1id":"thetitan75ytfan","p2id":"cortadokats","formatid":"gen9nationaldexubers","rating":1099,"private":0,"password":""}