{"id":"gen9nationaldexubers-1985849892","p1":"SchmooMaster","p2":"schoolteen","format":"[Gen 9] National Dex Ubers","log":"|j|\u2606SchmooMaster\n|j|\u2606schoolteen\n|t:|1699413019\n|gametype|singles\n|player|p1|SchmooMaster|hilbert|1174\n|player|p2|schoolteen|clerk|1139\n|teamsize|p1|6\n|teamsize|p2|6\n|gen|9\n|tier|[Gen 9] National Dex Ubers\n|rated|\n|rule|HP Percentage Mod: HP is shown in percentages\n|rule|Endless Battle Clause: Forcing endless battles is banned\n|rule|OHKO Clause: OHKO moves are banned\n|rule|Evasion Moves Clause: Evasion moves are banned\n|rule|Evasion Items Clause: Evasion items are banned\n|rule|Species Clause: Limit one of each Pok\u00e9mon\n|rule|Sleep Clause Mod: Limit one foe put to sleep\n|rule|Mega Rayquaza Clause: You cannot mega evolve Rayquaza\n|clearpoke\n|poke|p1|Arceus-Fire|\n|poke|p1|Groudon|\n|poke|p1|Forretress, M|\n|poke|p1|Latios, M|\n|poke|p1|Darkrai|\n|poke|p1|Zekrom|\n|poke|p2|Espeon, F|\n|poke|p2|Urshifu-*, M|\n|poke|p2|Deoxys-Defense|\n|poke|p2|Naganadel|\n|poke|p2|Meowstic, M|\n|poke|p2|Ninjask, M|\n|teampreview\n|\n|t:|1699413030\n|start\n|switch|p1a: Groudon|Groudon|100\/100\n|switch|p2a: Meowstic|Meowstic, M|100\/100\n|-weather|SunnyDay|[from] ability: Drought|[of] p1a: Groudon\n|turn|1\n|\n|t:|1699413038\n|move|p2a: Meowstic|Reflect|p2a: Meowstic\n|-sidestart|p2: schoolteen|Reflect\n|move|p1a: Groudon|Stealth Rock|p2a: Meowstic\n|-sidestart|p2: schoolteen|move: Stealth Rock\n|\n|-weather|SunnyDay|[upkeep]\n|upkeep\n|turn|2\n|\n|t:|1699413046\n|move|p2a: Meowstic|Light Screen|p2a: Meowstic\n|-sidestart|p2: schoolteen|move: Light Screen\n|move|p1a: Groudon|Earthquake|p2a: Meowstic\n|-damage|p2a: Meowstic|72\/100\n|\n|-weather|SunnyDay|[upkeep]\n|upkeep\n|turn|3\n|\n|t:|1699413053\n|move|p2a: Meowstic|Shadow Ball|p1a: Groudon\n|-damage|p1a: Groudon|84\/100\n|-unboost|p1a: Groudon|spd|1\n|move|p1a: Groudon|Dragon Tail|p2a: Meowstic\n|-damage|p2a: Meowstic|60\/100\n|drag|p2a: Espeon|Espeon, F|100\/100\n|-damage|p2a: Espeon|88\/100|[from] Stealth Rock\n|\n|-weather|SunnyDay|[upkeep]\n|-heal|p2a: Espeon|94\/100|[from] item: Leftovers\n|-heal|p1a: Groudon|90\/100|[from] item: Leftovers\n|upkeep\n|turn|4\n|\n|t:|1699413069\n|switch|p1a: Arceus|Arceus-Fire|100\/100\n|move|p2a: Espeon|Future Sight|p1a: Arceus\n|-start|p2a: Espeon|move: Future Sight\n|\n|-weather|SunnyDay|[upkeep]\n|-heal|p2a: Espeon|99\/100|[from] item: Leftovers\n|upkeep\n|turn|5\n|\n|t:|1699413080\n|move|p1a: Arceus|Calm Mind|p1a: Arceus\n|-boost|p1a: Arceus|spa|1\n|-boost|p1a: Arceus|spd|1\n|move|p2a: Espeon|Shadow Ball|p1a: Arceus\n|-damage|p1a: Arceus|84\/100\n|\n|-weather|none\n|-heal|p2a: Espeon|100\/100|[from] item: Leftovers\n|upkeep\n|turn|6\n|\n|t:|1699413090\n|switch|p2a: Ninjask|Ninjask, M|100\/100\n|-damage|p2a: Ninjask|51\/100|[from] Stealth Rock\n|move|p1a: Arceus|Fire Blast|p2a: Ninjask\n|-supereffective|p2a: Ninjask\n|-damage|p2a: Ninjask|0 fnt\n|faint|p2a: Ninjask\n|\n|-end|p1a: Arceus|move: Future Sight\n|-damage|p1a: Arceus|52\/100\n|upkeep\n|\n|t:|1699413097\n|switch|p2a: Urshifu|Urshifu-Rapid-Strike, M|100\/100\n|-damage|p2a: Urshifu|94\/100|[from] Stealth Rock\n|turn|7\n|\n|t:|1699413106\n|switch|p1a: Groudon|Groudon|90\/100\n|-weather|SunnyDay|[from] ability: Drought|[of] p1a: Groudon\n|move|p2a: Urshifu|Surging Strikes|p1a: Groudon\n|-supereffective|p1a: Groudon\n|-crit|p1a: Groudon\n|-damage|p1a: Groudon|77\/100\n|-supereffective|p1a: Groudon\n|-crit|p1a: Groudon\n|-damage|p1a: Groudon|66\/100\n|-supereffective|p1a: Groudon\n|-crit|p1a: Groudon\n|-damage|p1a: Groudon|54\/100\n|-hitcount|p1a: Groudon|3\n|\n|-weather|SunnyDay|[upkeep]\n|-heal|p1a: Groudon|60\/100|[from] item: Leftovers\n|upkeep\n|turn|8\n|\n|t:|1699413123\n|switch|p1a: Forretress|Forretress, M|100\/100\n|move|p2a: Urshifu|Drain Punch|p1a: Forretress\n|-damage|p1a: Forretress|71\/100\n|-heal|p2a: Urshifu|100\/100|[from] drain|[of] p1a: Forretress\n|\n|-weather|SunnyDay|[upkeep]\n|-heal|p1a: Forretress|77\/100|[from] item: Leftovers\n|-sideend|p2: schoolteen|Reflect\n|upkeep\n|turn|9\n|\n|t:|1699413135\n|move|p2a: Urshifu|Swords Dance|p2a: Urshifu\n|-boost|p2a: Urshifu|atk|2\n|move|p1a: Forretress|Spikes|p2a: Urshifu\n|-sidestart|p2: schoolteen|Spikes\n|\n|-weather|SunnyDay|[upkeep]\n|-heal|p1a: Forretress|83\/100|[from] item: Leftovers\n|-sideend|p2: schoolteen|move: Light Screen\n|upkeep\n|turn|10\n|\n|t:|1699413145\n|switch|p1a: Zekrom|Zekrom|100\/100\n|-ability|p1a: Zekrom|Teravolt\n|move|p2a: Urshifu|Drain Punch|p1a: Zekrom\n|-damage|p1a: Zekrom|23\/100\n|\n|-weather|SunnyDay|[upkeep]\n|upkeep\n|turn|11\n|\n|t:|1699413156\n|-terastallize|p2a: Urshifu|Ground\n|move|p2a: Urshifu|Drain Punch|p1a: Zekrom\n|-damage|p1a: Zekrom|0 fnt\n|faint|p1a: Zekrom\n|\n|-weather|none\n|upkeep\n|\n|t:|1699413168\n|switch|p1a: Latios|Latios, M|100\/100\n|turn|12\n|\n|t:|1699413175\n|move|p1a: Latios|Grass Knot|p2a: Urshifu\n|-supereffective|p2a: Urshifu\n|-damage|p2a: Urshifu|23\/100\n|move|p2a: Urshifu|Metal Claw|p1a: Latios\n|-damage|p1a: Latios|52\/100\n|\n|upkeep\n|turn|13\n|\n|t:|1699413183\n|move|p1a: Latios|Grass Knot|p2a: Urshifu\n|-supereffective|p2a: Urshifu\n|-damage|p2a: Urshifu|0 fnt\n|faint|p2a: Urshifu\n|\n|upkeep\n|\n|t:|1699413186\n|switch|p2a: Naganadel|Naganadel|100\/100\n|-damage|p2a: Naganadel|88\/100|[from] Stealth Rock\n|-damage|p2a: Naganadel|76\/100|[from] Spikes\n|turn|14\n|\n|t:|1699413195\n|switch|p1a: Groudon|Groudon|60\/100\n|-weather|SunnyDay|[from] ability: Drought|[of] p1a: Groudon\n|move|p2a: Naganadel|Dragon Pulse|p1a: Groudon\n|-damage|p1a: Groudon|22\/100\n|\n|-weather|SunnyDay|[upkeep]\n|-heal|p1a: Groudon|28\/100|[from] item: Leftovers\n|upkeep\n|turn|15\n|\n|t:|1699413207\n|move|p2a: Naganadel|Dragon Pulse|p1a: Groudon\n|-damage|p1a: Groudon|0 fnt\n|faint|p1a: Groudon\n|-ability|p2a: Naganadel|Beast Boost|boost\n|-boost|p2a: Naganadel|spe|1\n|\n|-weather|SunnyDay|[upkeep]\n|upkeep\n|\n|t:|1699413215\n|switch|p1a: Arceus|Arceus-Fire|52\/100\n|turn|16\n|\n|t:|1699413222\n|move|p2a: Naganadel|Dragon Pulse|p1a: Arceus\n|-damage|p1a: Arceus|16\/100\n|move|p1a: Arceus|Calm Mind|p1a: Arceus\n|-boost|p1a: Arceus|spa|1\n|-boost|p1a: Arceus|spd|1\n|\n|-weather|SunnyDay|[upkeep]\n|upkeep\n|turn|17\n|\n|t:|1699413227\n|-terastallize|p1a: Arceus|Fire\n|move|p2a: Naganadel|Dragon Pulse|p1a: Arceus\n|-damage|p1a: Arceus|0 fnt\n|faint|p1a: Arceus\n|-ability|p2a: Naganadel|Beast Boost|boost\n|-boost|p2a: Naganadel|spe|1\n|\n|-weather|SunnyDay|[upkeep]\n|upkeep\n|\n|t:|1699413232\n|switch|p1a: Darkrai|Darkrai|100\/100\n|turn|18\n|\n|t:|1699413238\n|-zpower|p2a: Naganadel\n|move|p2a: Naganadel|Acid Downpour|p1a: Darkrai|[zeffect]\n|-enditem|p1a: Darkrai|Focus Sash\n|-damage|p1a: Darkrai|1\/100\n|move|p1a: Darkrai|Dark Void|p2a: Naganadel\n|-status|p2a: Naganadel|slp|[from] move: Dark Void\n|\n|-weather|none\n|-damage|p2a: Naganadel|64\/100 slp|[from] ability: Bad Dreams|[of] p1a: Darkrai\n|upkeep\n|turn|19\n|\n|t:|1699413251\n|cant|p2a: Naganadel|slp\n|move|p1a: Darkrai|Nasty Plot|p1a: Darkrai\n|-boost|p1a: Darkrai|spa|2\n|\n|-damage|p2a: Naganadel|52\/100 slp|[from] ability: Bad Dreams|[of] p1a: Darkrai\n|upkeep\n|turn|20\n|\n|t:|1699413265\n|cant|p2a: Naganadel|slp\n|move|p1a: Darkrai|Dark Pulse|p2a: Naganadel\n|-damage|p2a: Naganadel|0 fnt\n|faint|p2a: Naganadel\n|\n|upkeep\n|\n|t:|1699413272\n|switch|p2a: Espeon|Espeon, F|100\/100\n|-damage|p2a: Espeon|88\/100|[from] Stealth Rock\n|-damage|p2a: Espeon|76\/100|[from] Spikes\n|turn|21\n|\n|t:|1699413281\n|move|p1a: Darkrai|Focus Blast|p2a: Espeon\n|-resisted|p2a: Espeon\n|-damage|p2a: Espeon|21\/100\n|move|p2a: Espeon|Draining Kiss|p1a: Darkrai\n|-supereffective|p1a: Darkrai\n|-damage|p1a: Darkrai|0 fnt\n|-heal|p2a: Espeon|21\/100|[from] drain|[of] p1a: Darkrai\n|faint|p1a: Darkrai\n|\n|-heal|p2a: Espeon|27\/100|[from] item: Leftovers\n|upkeep\n|\n|t:|1699413293\n|switch|p1a: Latios|Latios, M|52\/100\n|turn|22\n|\n|t:|1699413301\n|move|p1a: Latios|Psyshock|p2a: Espeon\n|-resisted|p2a: Espeon\n|-damage|p2a: Espeon|0 fnt\n|faint|p2a: Espeon\n|\n|upkeep\n|\n|t:|1699413306\n|switch|p2a: Meowstic|Meowstic, M|60\/100\n|-damage|p2a: Meowstic|48\/100|[from] Stealth Rock\n|-damage|p2a: Meowstic|35\/100|[from] Spikes\n|turn|23\n|\n|t:|1699413321\n|move|p1a: Latios|Psyshock|p2a: Meowstic\n|-resisted|p2a: Meowstic\n|-damage|p2a: Meowstic|4\/100\n|move|p2a: Meowstic|Shadow Ball|p1a: Latios\n|-supereffective|p1a: Latios\n|-damage|p1a: Latios|11\/100\n|-unboost|p1a: Latios|spd|1\n|\n|upkeep\n|turn|24\n|\n|t:|1699413331\n|move|p2a: Meowstic|Light Screen|p2a: Meowstic\n|-sidestart|p2: schoolteen|move: Light Screen\n|move|p1a: Latios|Psyshock|p2a: Meowstic\n|-resisted|p2a: Meowstic\n|-damage|p2a: Meowstic|0 fnt\n|faint|p2a: Meowstic\n|\n|upkeep\n|\n|t:|1699413336\n|switch|p2a: Deoxys|Deoxys-Defense|100\/100\n|-damage|p2a: Deoxys|88\/100|[from] Stealth Rock\n|-damage|p2a: Deoxys|76\/100|[from] Spikes\n|-ability|p2a: Deoxys|Pressure\n|turn|25\n|\n|t:|1699413344\n|move|p1a: Latios|Draco Meteor|p2a: Deoxys\n|-damage|p2a: Deoxys|44\/100\n|-unboost|p1a: Latios|spa|2\n|move|p2a: Deoxys|Cosmic Power|p2a: Deoxys\n|-boost|p2a: Deoxys|def|1\n|-boost|p2a: Deoxys|spd|1\n|\n|upkeep\n|turn|26\n|\n|t:|1699413353\n|move|p1a: Latios|Draco Meteor|p2a: Deoxys\n|-damage|p2a: Deoxys|34\/100\n|-unboost|p1a: Latios|spa|2\n|move|p2a: Deoxys|Cosmic Power|p2a: Deoxys\n|-boost|p2a: Deoxys|def|1\n|-boost|p2a: Deoxys|spd|1\n|\n|upkeep\n|turn|27\n|\n|t:|1699413363\n|move|p1a: Latios|Draco Meteor|p2a: Deoxys\n|-damage|p2a: Deoxys|29\/100\n|-unboost|p1a: Latios|spa|2\n|move|p2a: Deoxys|Cosmic Power|p2a: Deoxys\n|-boost|p2a: Deoxys|def|1\n|-boost|p2a: Deoxys|spd|1\n|\n|upkeep\n|turn|28\n|\n|t:|1699413372\n|move|p1a: Latios|Draco Meteor|p2a: Deoxys|[miss]\n|-miss|p1a: Latios|p2a: Deoxys\n|move|p2a: Deoxys|Cosmic Power|p2a: Deoxys\n|-boost|p2a: Deoxys|def|1\n|-boost|p2a: Deoxys|spd|1\n|\n|upkeep\n|turn|29\n|\n|t:|1699413381\n|switch|p1a: Forretress|Forretress, M|83\/100\n|move|p2a: Deoxys|Rest|p2a: Deoxys\n|-status|p2a: Deoxys|slp|[from] move: Rest\n|-heal|p2a: Deoxys|100\/100 slp|[silent]\n|-enditem|p2a: Deoxys|Chesto Berry|[eat]\n|-curestatus|p2a: Deoxys|slp|[msg]\n|\n|-heal|p1a: Forretress|89\/100|[from] item: Leftovers\n|upkeep\n|turn|30\n|\n|t:|1699413396\n|move|p2a: Deoxys|Recycle|p2a: Deoxys\n|-item|p2a: Deoxys|Chesto Berry|[from] move: Recycle\n|move|p1a: Forretress|Spikes|p2a: Deoxys\n|-sidestart|p2: schoolteen|Spikes\n|\n|-heal|p1a: Forretress|96\/100|[from] item: Leftovers\n|upkeep\n|turn|31\n|\n|t:|1699413406\n|move|p2a: Deoxys|Zap Cannon|p1a: Forretress\n|-damage|p1a: Forretress|74\/100\n|-status|p1a: Forretress|par\n|move|p1a: Forretress|Toxic Spikes|p2a: Deoxys\n|-sidestart|p2: schoolteen|move: Toxic Spikes\n|\n|-heal|p1a: Forretress|80\/100 par|[from] item: Leftovers\n|-sideend|p2: schoolteen|move: Light Screen\n|upkeep\n|turn|32\n|\n|t:|1699413415\n|switch|p1a: Latios|Latios, M|11\/100\n|move|p2a: Deoxys|Zap Cannon|p1a: Latios\n|-resisted|p1a: Latios\n|-damage|p1a: Latios|0 fnt\n|faint|p1a: Latios\n|\n|upkeep\n|\n|t:|1699413423\n|switch|p1a: Forretress|Forretress, M|80\/100 par\n|turn|33\n|\n|t:|1699413429\n|move|p2a: Deoxys|Zap Cannon|p1a: Forretress\n|-damage|p1a: Forretress|60\/100 par\n|move|p1a: Forretress|Spikes|p2a: Deoxys\n|-sidestart|p2: schoolteen|Spikes\n|\n|-heal|p1a: Forretress|66\/100 par|[from] item: Leftovers\n|upkeep\n|turn|34\n|\n|t:|1699413440\n|move|p2a: Deoxys|Zap Cannon|p1a: Forretress\n|-damage|p1a: Forretress|46\/100 par\n|cant|p1a: Forretress|par\n|\n|-heal|p1a: Forretress|52\/100 par|[from] item: Leftovers\n|upkeep\n|turn|35\n|\n|t:|1699413449\n|move|p2a: Deoxys|Zap Cannon|p1a: Forretress|[miss]\n|-miss|p2a: Deoxys|p1a: Forretress\n|move|p1a: Forretress|Pain Split|p2a: Deoxys\n|-sethp|p2a: Deoxys|88\/100|[from] move: Pain Split|[silent]\n|-sethp|p1a: Forretress|60\/100 par|[from] move: Pain Split\n|\n|-heal|p1a: Forretress|66\/100 par|[from] item: Leftovers\n|upkeep\n|turn|36\n|\n|t:|1699413464\n|move|p2a: Deoxys|Zap Cannon|p1a: Forretress\n|-damage|p1a: Forretress|43\/100 par\n|move|p1a: Forretress|Rapid Spin|p2a: Deoxys\n|-damage|p2a: Deoxys|85\/100\n|-boost|p1a: Forretress|spe|1\n|\n|-heal|p1a: Forretress|49\/100 par|[from] item: Leftovers\n|upkeep\n|turn|37\n|\n|t:|1699413474\n|move|p2a: Deoxys|Zap Cannon|p1a: Forretress|[miss]\n|-miss|p2a: Deoxys|p1a: Forretress\n|move|p1a: Forretress|Rapid Spin|p2a: Deoxys\n|-damage|p2a: Deoxys|82\/100\n|-boost|p1a: Forretress|spe|1\n|\n|-heal|p1a: Forretress|55\/100 par|[from] item: Leftovers\n|upkeep\n|turn|38\n|\n|t:|1699413485\n|move|p2a: Deoxys|Cosmic Power|p2a: Deoxys\n|-boost|p2a: Deoxys|def|1\n|-boost|p2a: Deoxys|spd|1\n|move|p1a: Forretress|Rapid Spin|p2a: Deoxys\n|-damage|p2a: Deoxys|80\/100\n|-boost|p1a: Forretress|spe|1\n|\n|-heal|p1a: Forretress|62\/100 par|[from] item: Leftovers\n|upkeep\n|turn|39\n|\n|t:|1699413496\n|move|p2a: Deoxys|Cosmic Power|p2a: Deoxys\n|-boost|p2a: Deoxys|def|1\n|-boost|p2a: Deoxys|spd|1\n|move|p1a: Forretress|Rapid Spin|p2a: Deoxys\n|-damage|p2a: Deoxys|78\/100\n|-boost|p1a: Forretress|spe|1\n|\n|-heal|p1a: Forretress|68\/100 par|[from] item: Leftovers\n|upkeep\n|turn|40\n|\n|t:|1699413508\n|move|p2a: Deoxys|Zap Cannon|p1a: Forretress|[miss]\n|-miss|p2a: Deoxys|p1a: Forretress\n|move|p1a: Forretress|Rapid Spin|p2a: Deoxys\n|-damage|p2a: Deoxys|76\/100\n|-boost|p1a: Forretress|spe|1\n|\n|-heal|p1a: Forretress|74\/100 par|[from] item: Leftovers\n|upkeep\n|turn|41\n|\n|t:|1699413521\n|move|p1a: Forretress|Rapid Spin|p2a: Deoxys\n|-damage|p2a: Deoxys|74\/100\n|-boost|p1a: Forretress|spe|1\n|move|p2a: Deoxys|Recycle||[still]\n|-fail|p2a: Deoxys\n|\n|-heal|p1a: Forretress|80\/100 par|[from] item: Leftovers\n|upkeep\n|turn|42\n|c|\u2606SchmooMaster|unkillable deoxys\n|\n|t:|1699413548\n|move|p1a: Forretress|Pain Split|p2a: Deoxys\n|-sethp|p2a: Deoxys|96\/100|[from] move: Pain Split|[silent]\n|-sethp|p1a: Forretress|65\/100 par|[from] move: Pain Split\n|move|p2a: Deoxys|Rest|p2a: Deoxys\n|-status|p2a: Deoxys|slp|[from] move: Rest\n|-heal|p2a: Deoxys|100\/100 slp|[silent]\n|-enditem|p2a: Deoxys|Chesto Berry|[eat]\n|-curestatus|p2a: Deoxys|slp|[msg]\n|\n|-heal|p1a: Forretress|71\/100 par|[from] item: Leftovers\n|upkeep\n|turn|43\n|\n|t:|1699413561\n|move|p1a: Forretress|Rapid Spin|p2a: Deoxys\n|-damage|p2a: Deoxys|98\/100\n|move|p2a: Deoxys|Recycle|p2a: Deoxys\n|-item|p2a: Deoxys|Chesto Berry|[from] move: Recycle\n|\n|-heal|p1a: Forretress|78\/100 par|[from] item: Leftovers\n|upkeep\n|turn|44\n|\n|t:|1699413587\n|move|p1a: Forretress|Spikes||[still]\n|-fail|p1a: Forretress\n|move|p2a: Deoxys|Rest|p2a: Deoxys\n|-status|p2a: Deoxys|slp|[from] move: Rest\n|-heal|p2a: Deoxys|100\/100 slp|[silent]\n|-enditem|p2a: Deoxys|Chesto Berry|[eat]\n|-curestatus|p2a: Deoxys|slp|[msg]\n|\n|-heal|p1a: Forretress|84\/100 par|[from] item: Leftovers\n|upkeep\n|turn|45\n|\n|t:|1699413600\n|move|p1a: Forretress|Toxic Spikes|p2a: Deoxys\n|-sidestart|p2: schoolteen|move: Toxic Spikes\n|move|p2a: Deoxys|Recycle|p2a: Deoxys\n|-item|p2a: Deoxys|Chesto Berry|[from] move: Recycle\n|\n|-heal|p1a: Forretress|90\/100 par|[from] item: Leftovers\n|upkeep\n|turn|46\n|\n|t:|1699413609\n|cant|p1a: Forretress|par\n|move|p2a: Deoxys|Cosmic Power|p2a: Deoxys\n|-boost|p2a: Deoxys|def|0\n|-boost|p2a: Deoxys|spd|0\n|\n|-heal|p1a: Forretress|96\/100 par|[from] item: Leftovers\n|upkeep\n|turn|47\n|c|\u2606schoolteen|I lost\n|\n|t:|1699413627\n|move|p1a: Forretress|Spikes||[still]\n|-fail|p1a: Forretress\n|move|p2a: Deoxys|Cosmic Power|p2a: Deoxys\n|-boost|p2a: Deoxys|def|0\n|-boost|p2a: Deoxys|spd|0\n|\n|-heal|p1a: Forretress|100\/100 par|[from] item: Leftovers\n|upkeep\n|turn|48\n|\n|t:|1699413636\n|cant|p1a: Forretress|par\n|move|p2a: Deoxys|Cosmic Power|p2a: Deoxys\n|-boost|p2a: Deoxys|def|0\n|-boost|p2a: Deoxys|spd|0\n|\n|upkeep\n|turn|49\n|\n|t:|1699413651\n|move|p1a: Forretress|Toxic Spikes||[still]\n|-fail|p1a: Forretress\n|move|p2a: Deoxys|Cosmic Power|p2a: Deoxys\n|-boost|p2a: Deoxys|def|0\n|-boost|p2a: Deoxys|spd|0\n|\n|upkeep\n|turn|50\n|\n|t:|1699413673\n|move|p1a: Forretress|Spikes||[still]\n|-fail|p1a: Forretress\n|move|p2a: Deoxys|Cosmic Power|p2a: Deoxys\n|-boost|p2a: Deoxys|def|0\n|-boost|p2a: Deoxys|spd|0\n|\n|upkeep\n|turn|51\n|\n|t:|1699413682\n|move|p1a: Forretress|Spikes||[still]\n|-fail|p1a: Forretress\n|move|p2a: Deoxys|Cosmic Power|p2a: Deoxys\n|-boost|p2a: Deoxys|def|0\n|-boost|p2a: Deoxys|spd|0\n|\n|upkeep\n|turn|52\n|\n|t:|1699413693\n|cant|p1a: Forretress|par\n|move|p2a: Deoxys|Cosmic Power|p2a: Deoxys\n|-boost|p2a: Deoxys|def|0\n|-boost|p2a: Deoxys|spd|0\n|\n|upkeep\n|turn|53\n|\n|t:|1699413702\n|move|p1a: Forretress|Toxic Spikes||[still]\n|-fail|p1a: Forretress\n|move|p2a: Deoxys|Cosmic Power|p2a: Deoxys\n|-boost|p2a: Deoxys|def|0\n|-boost|p2a: Deoxys|spd|0\n|\n|upkeep\n|turn|54\n|\n|t:|1699413716\n|cant|p1a: Forretress|par\n|move|p2a: Deoxys|Cosmic Power|p2a: Deoxys\n|-boost|p2a: Deoxys|def|0\n|-boost|p2a: Deoxys|spd|0\n|\n|upkeep\n|turn|55\n|\n|t:|1699413726\n|move|p1a: Forretress|Toxic Spikes||[still]\n|-fail|p1a: Forretress\n|move|p2a: Deoxys|Cosmic Power|p2a: Deoxys\n|-boost|p2a: Deoxys|def|0\n|-boost|p2a: Deoxys|spd|0\n|\n|upkeep\n|turn|56\n|\n|t:|1699413735\n|move|p1a: Forretress|Toxic Spikes||[still]\n|-fail|p1a: Forretress\n|move|p2a: Deoxys|Cosmic Power|p2a: Deoxys\n|-boost|p2a: Deoxys|def|0\n|-boost|p2a: Deoxys|spd|0\n|\n|upkeep\n|turn|57\n|\n|t:|1699413766\n|cant|p1a: Forretress|par\n|move|p2a: Deoxys|Cosmic Power|p2a: Deoxys\n|-boost|p2a: Deoxys|def|0\n|-boost|p2a: Deoxys|spd|0\n|\n|upkeep\n|turn|58\n|\n|t:|1699413788\n|cant|p1a: Forretress|par\n|move|p2a: Deoxys|Cosmic Power|p2a: Deoxys\n|-boost|p2a: Deoxys|def|0\n|-boost|p2a: Deoxys|spd|0\n|\n|upkeep\n|turn|59\n|\n|t:|1699413819\n|move|p1a: Forretress|Toxic Spikes||[still]\n|-fail|p1a: Forretress\n|move|p2a: Deoxys|Cosmic Power|p2a: Deoxys\n|-boost|p2a: Deoxys|def|0\n|-boost|p2a: Deoxys|spd|0\n|\n|upkeep\n|turn|60\n|\n|t:|1699413843\n|move|p1a: Forretress|Spikes||[still]\n|-fail|p1a: Forretress\n|move|p2a: Deoxys|Cosmic Power|p2a: Deoxys\n|-boost|p2a: Deoxys|def|0\n|-boost|p2a: Deoxys|spd|0\n|\n|upkeep\n|turn|61\n|\n|t:|1699413871\n|cant|p1a: Forretress|par\n|move|p2a: Deoxys|Rest|p2a: Deoxys\n|-fail|p2a: Deoxys|heal\n|\n|upkeep\n|turn|62\n|\n|t:|1699413887\n|move|p1a: Forretress|Spikes||[still]\n|-fail|p1a: Forretress\n|move|p2a: Deoxys|Cosmic Power|p2a: Deoxys\n|-boost|p2a: Deoxys|def|0\n|-boost|p2a: Deoxys|spd|0\n|\n|upkeep\n|turn|63\n|\n|t:|1699413907\n|cant|p1a: Forretress|par\n|move|p2a: Deoxys|Recycle||[still]\n|-fail|p2a: Deoxys\n|\n|upkeep\n|turn|64\n|\n|t:|1699413920\n|move|p1a: Forretress|Spikes||[still]\n|-fail|p1a: Forretress\n|move|p2a: Deoxys|Cosmic Power|p2a: Deoxys\n|-boost|p2a: Deoxys|def|0\n|-boost|p2a: Deoxys|spd|0\n|\n|upkeep\n|turn|65\n|\n|t:|1699413949\n|move|p1a: Forretress|Toxic Spikes||[still]\n|-fail|p1a: Forretress\n|move|p2a: Deoxys|Cosmic Power|p2a: Deoxys\n|-boost|p2a: Deoxys|def|0\n|-boost|p2a: Deoxys|spd|0\n|\n|upkeep\n|turn|66\n|\n|t:|1699413972\n|move|p1a: Forretress|Spikes||[still]\n|-fail|p1a: Forretress\n|move|p2a: Deoxys|Cosmic Power|p2a: Deoxys\n|-boost|p2a: Deoxys|def|0\n|-boost|p2a: Deoxys|spd|0\n|\n|upkeep\n|turn|67\n|\n|t:|1699413999\n|move|p1a: Forretress|Toxic Spikes||[still]\n|-fail|p1a: Forretress\n|move|p2a: Deoxys|Cosmic Power|p2a: Deoxys\n|-boost|p2a: Deoxys|def|0\n|-boost|p2a: Deoxys|spd|0\n|\n|upkeep\n|turn|68\n|\n|t:|1699414020\n|cant|p1a: Forretress|par\n|move|p2a: Deoxys|Cosmic Power|p2a: Deoxys\n|-boost|p2a: Deoxys|def|0\n|-boost|p2a: Deoxys|spd|0\n|\n|upkeep\n|turn|69\n|\n|t:|1699414029\n|move|p1a: Forretress|Toxic Spikes||[still]\n|-fail|p1a: Forretress\n|move|p2a: Deoxys|Cosmic Power|p2a: Deoxys\n|-boost|p2a: Deoxys|def|0\n|-boost|p2a: Deoxys|spd|0\n|\n|upkeep\n|turn|70\n|\n|t:|1699414038\n|move|p1a: Forretress|Spikes||[still]\n|-fail|p1a: Forretress\n|move|p2a: Deoxys|Cosmic Power|p2a: Deoxys\n|-boost|p2a: Deoxys|def|0\n|-boost|p2a: Deoxys|spd|0\n|\n|upkeep\n|turn|71\n|\n|t:|1699414048\n|move|p1a: Forretress|Toxic Spikes||[still]\n|-fail|p1a: Forretress\n|move|p2a: Deoxys|Cosmic Power|p2a: Deoxys\n|-boost|p2a: Deoxys|def|0\n|-boost|p2a: Deoxys|spd|0\n|\n|upkeep\n|turn|72\n|\n|t:|1699414057\n|move|p1a: Forretress|Spikes||[still]\n|-fail|p1a: Forretress\n|move|p2a: Deoxys|Cosmic Power|p2a: Deoxys\n|-boost|p2a: Deoxys|def|0\n|-boost|p2a: Deoxys|spd|0\n|\n|upkeep\n|turn|73\n|\n|t:|1699414068\n|move|p1a: Forretress|Toxic Spikes||[still]\n|-fail|p1a: Forretress\n|move|p2a: Deoxys|Cosmic Power|p2a: Deoxys\n|-boost|p2a: Deoxys|def|0\n|-boost|p2a: Deoxys|spd|0\n|\n|upkeep\n|turn|74\n|\n|t:|1699414077\n|move|p1a: Forretress|Spikes||[still]\n|-fail|p1a: Forretress\n|move|p2a: Deoxys|Rest|p2a: Deoxys\n|-fail|p2a: Deoxys|heal\n|\n|upkeep\n|turn|75\n|\n|t:|1699414084\n|move|p1a: Forretress|Toxic Spikes||[still]\n|-fail|p1a: Forretress\n|move|p2a: Deoxys|Rest|p2a: Deoxys\n|-fail|p2a: Deoxys|heal\n|\n|upkeep\n|turn|76\n|\n|t:|1699414095\n|move|p1a: Forretress|Spikes||[still]\n|-fail|p1a: Forretress\n|move|p2a: Deoxys|Recycle||[still]\n|-fail|p2a: Deoxys\n|\n|upkeep\n|turn|77\n|\n|t:|1699414102\n|cant|p1a: Forretress|par\n|move|p2a: Deoxys|Recycle||[still]\n|-fail|p2a: Deoxys\n|\n|upkeep\n|turn|78\n|\n|t:|1699414110\n|move|p1a: Forretress|Toxic Spikes||[still]\n|-fail|p1a: Forretress\n|move|p2a: Deoxys|Recycle||[still]\n|-fail|p2a: Deoxys\n|\n|upkeep\n|turn|79\n|\n|t:|1699414121\n|move|p1a: Forretress|Spikes||[still]\n|-fail|p1a: Forretress\n|move|p2a: Deoxys|Recycle||[still]\n|-fail|p2a: Deoxys\n|\n|upkeep\n|turn|80\n|\n|t:|1699414129\n|move|p1a: Forretress|Spikes||[still]\n|-fail|p1a: Forretress\n|move|p2a: Deoxys|Recycle||[still]\n|-fail|p2a: Deoxys\n|\n|upkeep\n|turn|81\n|\n|t:|1699414135\n|cant|p1a: Forretress|par\n|move|p2a: Deoxys|Recycle||[still]\n|-fail|p2a: Deoxys\n|\n|upkeep\n|turn|82\n|\n|t:|1699414149\n|cant|p1a: Forretress|par\n|move|p2a: Deoxys|Recycle||[still]\n|-fail|p2a: Deoxys\n|\n|upkeep\n|turn|83\n|\n|t:|1699414156\n|move|p1a: Forretress|Toxic Spikes||[still]\n|-fail|p1a: Forretress\n|move|p2a: Deoxys|Recycle||[still]\n|-fail|p2a: Deoxys\n|\n|upkeep\n|turn|84\n|\n|t:|1699414165\n|move|p1a: Forretress|Toxic Spikes||[still]\n|-fail|p1a: Forretress\n|move|p2a: Deoxys|Recycle||[still]\n|-fail|p2a: Deoxys\n|\n|upkeep\n|turn|85\n|\n|t:|1699414172\n|move|p1a: Forretress|Rapid Spin|p2a: Deoxys\n|-damage|p2a: Deoxys|98\/100\n|move|p2a: Deoxys|Recycle||[still]\n|-fail|p2a: Deoxys\n|\n|upkeep\n|turn|86\n|\n|t:|1699414180\n|cant|p1a: Forretress|par\n|move|p2a: Deoxys|Recycle||[still]\n|-fail|p2a: Deoxys\n|\n|upkeep\n|turn|87\n|\n|t:|1699414186\n|move|p1a: Forretress|Rapid Spin|p2a: Deoxys\n|-damage|p2a: Deoxys|96\/100\n|move|p2a: Deoxys|Rest|p2a: Deoxys\n|-status|p2a: Deoxys|slp|[from] move: Rest\n|-heal|p2a: Deoxys|100\/100 slp|[silent]\n|-enditem|p2a: Deoxys|Chesto Berry|[eat]\n|-curestatus|p2a: Deoxys|slp|[msg]\n|\n|upkeep\n|turn|88\n|\n|t:|1699414195\n|move|p1a: Forretress|Rapid Spin|p2a: Deoxys\n|-damage|p2a: Deoxys|98\/100\n|move|p2a: Deoxys|Rest|p2a: Deoxys\n|-status|p2a: Deoxys|slp|[from] move: Rest\n|-heal|p2a: Deoxys|100\/100 slp|[silent]\n|\n|upkeep\n|turn|89\n|\n|t:|1699414204\n|cant|p1a: Forretress|par\n|cant|p2a: Deoxys|slp\n|\n|upkeep\n|turn|90\n|\n|t:|1699414210\n|move|p1a: Forretress|Rapid Spin|p2a: Deoxys\n|-damage|p2a: Deoxys|98\/100 slp\n|cant|p2a: Deoxys|slp\n|\n|upkeep\n|turn|91\n|c|\u2606SchmooMaster|ggep\n|c|\u2606SchmooMaster|ggwp*\n|\n|t:|1699414226\n|cant|p1a: Forretress|par\n|-curestatus|p2a: Deoxys|slp|[msg]\n|-activate|p2a: Deoxys|move: Struggle\n|move|p2a: Deoxys|Struggle|p1a: Forretress\n|-damage|p1a: Forretress|95\/100 par\n|-damage|p2a: Deoxys|74\/100|[from] recoil\n|\n|-heal|p1a: Forretress|100\/100 par|[from] item: Leftovers\n|upkeep\n|turn|92\n|c|\u2606schoolteen|.....\n|\n|t:|1699414236\n|move|p1a: Forretress|Rapid Spin|p2a: Deoxys\n|-damage|p2a: Deoxys|71\/100\n|-activate|p2a: Deoxys|move: Struggle\n|move|p2a: Deoxys|Struggle|p1a: Forretress\n|-damage|p1a: Forretress|96\/100 par\n|-damage|p2a: Deoxys|47\/100|[from] recoil\n|\n|-heal|p1a: Forretress|100\/100 par|[from] item: Leftovers\n|upkeep\n|turn|93\n|c|\u2606schoolteen|pain spilt\n|\n|t:|1699414262\n|move|p1a: Forretress|Rapid Spin|p2a: Deoxys\n|-damage|p2a: Deoxys|44\/100\n|-activate|p2a: Deoxys|move: Struggle\n|move|p2a: Deoxys|Struggle|p1a: Forretress\n|-damage|p1a: Forretress|95\/100 par\n|-damage|p2a: Deoxys|20\/100|[from] recoil\n|\n|-heal|p1a: Forretress|100\/100 par|[from] item: Leftovers\n|upkeep\n|turn|94\n|c|\u2606SchmooMaster|haha rapid spin go brrrr\n|\n|t:|1699414276\n|cant|p1a: Forretress|par\n|-activate|p2a: Deoxys|move: Struggle\n|move|p2a: Deoxys|Struggle|p1a: Forretress\n|-damage|p1a: Forretress|95\/100 par\n|-damage|p2a: Deoxys|0 fnt|[from] recoil\n|faint|p2a: Deoxys\n|\n|win|SchmooMaster\n|raw|SchmooMaster's rating: 1174 &rarr; <strong>1195<\/strong><br \/>(+21 for winning)\n|raw|schoolteen's rating: 1114 &rarr; <strong>1093<\/strong><br \/>(-21 for losing)\n","uploadtime":1699414290,"views":16,"p1id":"schmoomaster","p2id":"schoolteen","formatid":"gen9nationaldexubers","rating":1093,"private":0,"password":""}