{"id":"gen9nationaldexubers-1988844321","p1":"GeorgiaEternatuss","p2":"Batoim","format":"[Gen 9] National Dex Ubers","log":"|j|\u2606GeorgiaEternatuss\n|j|\u2606Batoim\n|t:|1699772257\n|gametype|singles\n|player|p1|GeorgiaEternatuss|steven|1183\n|player|p2|Batoim|1|1171\n|teamsize|p1|6\n|teamsize|p2|6\n|gen|9\n|tier|[Gen 9] National Dex Ubers\n|rated|\n|rule|HP Percentage Mod: HP is shown in percentages\n|rule|Endless Battle Clause: Forcing endless battles is banned\n|rule|OHKO Clause: OHKO moves are banned\n|rule|Evasion Moves Clause: Evasion moves are banned\n|rule|Evasion Items Clause: Evasion items are banned\n|rule|Species Clause: Limit one of each Pok\u00e9mon\n|rule|Sleep Clause Mod: Limit one foe put to sleep\n|rule|Mega Rayquaza Clause: You cannot mega evolve Rayquaza\n|clearpoke\n|poke|p1|Melmetal|\n|poke|p1|Porygon2|\n|poke|p1|Umbreon, M|\n|poke|p1|Zapdos|\n|poke|p1|Celesteela|\n|poke|p1|Diancie|\n|poke|p2|Baxcalibur, M|\n|poke|p2|Palafin, F|\n|poke|p2|Corviknight, F|\n|poke|p2|Blaziken, F|\n|poke|p2|Grimmsnarl, M|\n|poke|p2|Amoonguss, M|\n|teampreview\n|\n|t:|1699772272\n|start\n|switch|p1a: Porygon2|Porygon2|100\/100\n|switch|p2a: Palafin|Palafin, F|100\/100\n|turn|1\n|\n|t:|1699772279\n|detailschange|p2a: Palafin|Palafin-Hero, F\n|switch|p2a: Blaziken|Blaziken, F|100\/100\n|move|p1a: Porygon2|Thunder Wave|p2a: Blaziken\n|-status|p2a: Blaziken|par\n|\n|upkeep\n|turn|2\n|inactive|Battle timer is ON: inactive players will automatically lose when time's up. (requested by Batoim)\n|\n|t:|1699772286\n|detailschange|p2a: Blaziken|Blaziken-Mega, F\n|-mega|p2a: Blaziken|Blaziken|Blazikenite\n|cant|p2a: Blaziken|par\n|move|p1a: Porygon2|Tri Attack|p2a: Blaziken\n|-damage|p2a: Blaziken|47\/100 par\n|\n|-ability|p2a: Blaziken|Speed Boost|boost\n|-boost|p2a: Blaziken|spe|1\n|upkeep\n|turn|3\n|\n|t:|1699772296\n|move|p2a: Blaziken|Protect|p2a: Blaziken\n|-singleturn|p2a: Blaziken|Protect\n|move|p1a: Porygon2|Tri Attack|p2a: Blaziken\n|-activate|p2a: Blaziken|move: Protect\n|\n|-ability|p2a: Blaziken|Speed Boost|boost\n|-boost|p2a: Blaziken|spe|1\n|upkeep\n|turn|4\n|\n|t:|1699772307\n|move|p2a: Blaziken|High Jump Kick|p1a: Porygon2\n|-supereffective|p1a: Porygon2\n|-crit|p1a: Porygon2\n|-damage|p1a: Porygon2|0 fnt\n|faint|p1a: Porygon2\n|\n|-ability|p2a: Blaziken|Speed Boost|boost\n|-boost|p2a: Blaziken|spe|1\n|upkeep\n|\n|t:|1699772316\n|switch|p1a: Zapdos|Zapdos|100\/100\n|turn|5\n|\n|t:|1699772325\n|move|p2a: Blaziken|Blaze Kick|p1a: Zapdos\n|-damage|p1a: Zapdos|58\/100\n|-status|p1a: Zapdos|brn\n|-damage|p2a: Blaziken|30\/100 par|[from] item: Rocky Helmet|[of] p1a: Zapdos\n|move|p1a: Zapdos|Roost|p1a: Zapdos\n|-heal|p1a: Zapdos|100\/100 brn\n|-singleturn|p1a: Zapdos|move: Roost\n|\n|-damage|p1a: Zapdos|94\/100 brn|[from] brn\n|-ability|p2a: Blaziken|Speed Boost|boost\n|-boost|p2a: Blaziken|spe|1\n|upkeep\n|turn|6\n|\n|t:|1699772339\n|move|p2a: Blaziken|Blaze Kick|p1a: Zapdos\n|-damage|p1a: Zapdos|51\/100 brn\n|-damage|p2a: Blaziken|13\/100 par|[from] item: Rocky Helmet|[of] p1a: Zapdos\n|move|p1a: Zapdos|Whirlwind|p2a: Blaziken\n|drag|p2a: Corviknight|Corviknight, F|100\/100\n|-ability|p2a: Corviknight|Pressure\n|\n|-damage|p1a: Zapdos|45\/100 brn|[from] brn\n|upkeep\n|turn|7\n|\n|t:|1699772356\n|move|p1a: Zapdos|Roost|p1a: Zapdos\n|-heal|p1a: Zapdos|95\/100 brn\n|-singleturn|p1a: Zapdos|move: Roost\n|move|p2a: Corviknight|U-turn|p1a: Zapdos\n|-damage|p1a: Zapdos|85\/100 brn\n|-damage|p2a: Corviknight|84\/100|[from] item: Rocky Helmet|[of] p1a: Zapdos\n|\n|t:|1699772360\n|switch|p2a: Baxcalibur|Baxcalibur, M|100\/100|[from] U-turn\n|\n|-damage|p1a: Zapdos|79\/100 brn|[from] brn\n|upkeep\n|turn|8\n|\n|t:|1699772370\n|move|p2a: Baxcalibur|Glaive Rush|p1a: Zapdos\n|-damage|p1a: Zapdos|24\/100 brn\n|-singlemove|p2a: Baxcalibur|Glaive Rush|[silent]\n|-damage|p2a: Baxcalibur|84\/100|[from] item: Rocky Helmet|[of] p1a: Zapdos\n|move|p1a: Zapdos|Volt Switch|p2a: Baxcalibur\n|-resisted|p2a: Baxcalibur\n|-damage|p2a: Baxcalibur|51\/100\n|\n|t:|1699772381\n|switch|p1a: Diancie|Diancie|100\/100|[from] Volt Switch\n|\n|upkeep\n|turn|9\n|\n|t:|1699772394\n|detailschange|p1a: Diancie|Diancie-Mega\n|-mega|p1a: Diancie|Diancie|Diancite\n|move|p1a: Diancie|Diamond Storm|p2a: Baxcalibur\n|-supereffective|p2a: Baxcalibur\n|-damage|p2a: Baxcalibur|0 fnt\n|-boost|p1a: Diancie|def|2\n|faint|p2a: Baxcalibur\n|\n|upkeep\n|\n|t:|1699772401\n|switch|p2a: Blaziken|Blaziken-Mega, F|13\/100 par\n|turn|10\n|\n|t:|1699772408\n|move|p1a: Diancie|Diamond Storm|p2a: Blaziken\n|-damage|p2a: Blaziken|0 fnt\n|faint|p2a: Blaziken\n|\n|upkeep\n|\n|t:|1699772412\n|switch|p2a: Palafin|Palafin-Hero, F|100\/100\n|-activate|p2a: Palafin|ability: Zero to Hero\n|turn|11\n|\n|t:|1699772421\n|move|p1a: Diancie|Moonblast|p2a: Palafin\n|-damage|p2a: Palafin|62\/100\n|move|p2a: Palafin|Bulk Up|p2a: Palafin\n|-boost|p2a: Palafin|atk|1\n|-boost|p2a: Palafin|def|1\n|\n|-heal|p2a: Palafin|68\/100|[from] item: Leftovers\n|upkeep\n|turn|12\n|\n|t:|1699772430\n|move|p1a: Diancie|Body Press|p2a: Palafin\n|-damage|p2a: Palafin|49\/100\n|move|p2a: Palafin|Bulk Up|p2a: Palafin\n|-boost|p2a: Palafin|atk|1\n|-boost|p2a: Palafin|def|1\n|\n|-heal|p2a: Palafin|56\/100|[from] item: Leftovers\n|upkeep\n|turn|13\n|\n|t:|1699772440\n|move|p1a: Diancie|Moonblast|p2a: Palafin\n|-damage|p2a: Palafin|20\/100\n|-unboost|p2a: Palafin|spa|1\n|move|p2a: Palafin|Drain Punch|p1a: Diancie\n|-damage|p1a: Diancie|63\/100\n|-heal|p2a: Palafin|31\/100|[from] drain|[of] p1a: Diancie\n|\n|-heal|p2a: Palafin|37\/100|[from] item: Leftovers\n|upkeep\n|turn|14\n|\n|t:|1699772451\n|move|p2a: Palafin|Jet Punch|p1a: Diancie\n|-supereffective|p1a: Diancie\n|-damage|p1a: Diancie|0 fnt\n|faint|p1a: Diancie\n|\n|-heal|p2a: Palafin|43\/100|[from] item: Leftovers\n|upkeep\n|\n|t:|1699772462\n|switch|p1a: Celesteela|Celesteela|100\/100\n|turn|15\n|\n|t:|1699772468\n|move|p2a: Palafin|Drain Punch|p1a: Celesteela\n|-damage|p1a: Celesteela|70\/100\n|-heal|p2a: Palafin|59\/100|[from] drain|[of] p1a: Celesteela\n|move|p1a: Celesteela|Toxic|p2a: Palafin\n|-status|p2a: Palafin|tox\n|\n|-heal|p2a: Palafin|65\/100 tox|[from] item: Leftovers\n|-heal|p1a: Celesteela|76\/100|[from] item: Leftovers\n|-damage|p2a: Palafin|59\/100 tox|[from] psn\n|upkeep\n|turn|16\n|\n|t:|1699772481\n|move|p1a: Celesteela|Protect|p1a: Celesteela\n|-singleturn|p1a: Celesteela|Protect\n|move|p2a: Palafin|Drain Punch|p1a: Celesteela\n|-activate|p1a: Celesteela|move: Protect\n|\n|-heal|p2a: Palafin|65\/100 tox|[from] item: Leftovers\n|-heal|p1a: Celesteela|82\/100|[from] item: Leftovers\n|-damage|p2a: Palafin|53\/100 tox|[from] psn\n|upkeep\n|turn|17\n|\n|t:|1699772491\n|move|p2a: Palafin|Drain Punch|p1a: Celesteela\n|-damage|p1a: Celesteela|51\/100\n|-heal|p2a: Palafin|68\/100 tox|[from] drain|[of] p1a: Celesteela\n|move|p1a: Celesteela|Leech Seed|p2a: Palafin\n|-start|p2a: Palafin|move: Leech Seed\n|\n|-heal|p2a: Palafin|74\/100 tox|[from] item: Leftovers\n|-heal|p1a: Celesteela|57\/100|[from] item: Leftovers\n|-damage|p2a: Palafin|62\/100 tox|[from] Leech Seed|[of] p1a: Celesteela\n|-heal|p1a: Celesteela|70\/100|[silent]\n|-damage|p2a: Palafin|43\/100 tox|[from] psn\n|upkeep\n|turn|18\n|\n|t:|1699772505\n|move|p1a: Celesteela|Protect|p1a: Celesteela\n|-singleturn|p1a: Celesteela|Protect\n|move|p2a: Palafin|Drain Punch|p1a: Celesteela\n|-activate|p1a: Celesteela|move: Protect\n|\n|-heal|p2a: Palafin|49\/100 tox|[from] item: Leftovers\n|-heal|p1a: Celesteela|76\/100|[from] item: Leftovers\n|-damage|p2a: Palafin|37\/100 tox|[from] Leech Seed|[of] p1a: Celesteela\n|-heal|p1a: Celesteela|88\/100|[silent]\n|-damage|p2a: Palafin|12\/100 tox|[from] psn\n|upkeep\n|turn|19\n|\n|t:|1699772519\n|move|p2a: Palafin|Taunt|p1a: Celesteela\n|-start|p1a: Celesteela|move: Taunt\n|move|p1a: Celesteela|Heavy Slam|p2a: Palafin\n|-resisted|p2a: Palafin\n|-damage|p2a: Palafin|3\/100 tox\n|\n|-heal|p2a: Palafin|9\/100 tox|[from] item: Leftovers\n|-heal|p1a: Celesteela|94\/100|[from] item: Leftovers\n|-damage|p2a: Palafin|0 fnt|[from] Leech Seed|[of] p1a: Celesteela\n|-heal|p1a: Celesteela|100\/100|[silent]\n|faint|p2a: Palafin\n|upkeep\n|\n|t:|1699772535\n|switch|p2a: Grimmsnarl|Grimmsnarl, M|100\/100\n|turn|20\n|\n|t:|1699772548\n|switch|p1a: Melmetal|Melmetal|100\/100\n|move|p2a: Grimmsnarl|Darkest Lariat|p1a: Melmetal\n|-damage|p1a: Melmetal|80\/100\n|\n|upkeep\n|turn|21\n|\n|t:|1699772561\n|-terastallize|p1a: Melmetal|Steel\n|move|p2a: Grimmsnarl|Darkest Lariat|p1a: Melmetal\n|-damage|p1a: Melmetal|60\/100\n|move|p1a: Melmetal|Double Iron Bash|p2a: Grimmsnarl\n|-supereffective|p2a: Grimmsnarl\n|-damage|p2a: Grimmsnarl|0 fnt\n|faint|p2a: Grimmsnarl\n|-hitcount|p2: Grimmsnarl|1\n|\n|upkeep\n|\n|t:|1699772565\n|switch|p2a: Amoonguss|Amoonguss, M|100\/100\n|turn|22\n|inactive|Batoim has 120 seconds left.\n|inactive|Batoim has 90 seconds left.\n|inactive|Batoim has 60 seconds left.\n|inactive|Batoim has 30 seconds left.\n|inactive|Batoim has 20 seconds left.\n|inactive|Batoim has 15 seconds left.\n|inactive|Batoim has 10 seconds left.\n|inactive|Batoim has 5 seconds left.\n|-message|Batoim lost due to inactivity.\n|\n|win|GeorgiaEternatuss\n|raw|GeorgiaEternatuss's rating: 1183 &rarr; <strong>1207<\/strong><br \/>(+24 for winning)\n|raw|Batoim's rating: 1171 &rarr; <strong>1147<\/strong><br \/>(-24 for losing)\n","uploadtime":1699772725,"views":17,"p1id":"georgiaeternatuss","p2id":"batoim","formatid":"gen9nationaldexubers","rating":1147,"private":0,"password":""}