{"id":"gen9nationaldexubers-1984746254","p1":"MrCatKing07","p2":"thedragondealer","format":"[Gen 9] National Dex Ubers","log":"|j|\u2606MrCatKing07\n|j|\u2606thedragondealer\n|t:|1699295646\n|gametype|singles\n|player|p1|MrCatKing07|169|1087\n|player|p2|thedragondealer|gambler|1062\n|teamsize|p1|6\n|teamsize|p2|6\n|gen|9\n|tier|[Gen 9] National Dex Ubers\n|rated|\n|rule|HP Percentage Mod: HP is shown in percentages\n|rule|Endless Battle Clause: Forcing endless battles is banned\n|rule|OHKO Clause: OHKO moves are banned\n|rule|Evasion Moves Clause: Evasion moves are banned\n|rule|Evasion Items Clause: Evasion items are banned\n|rule|Species Clause: Limit one of each Pok\u00e9mon\n|rule|Sleep Clause Mod: Limit one foe put to sleep\n|rule|Mega Rayquaza Clause: You cannot mega evolve Rayquaza\n|clearpoke\n|poke|p1|Kyogre|\n|poke|p1|Groudon|\n|poke|p1|Zygarde|\n|poke|p1|Zacian-*|\n|poke|p1|Xerneas-*|\n|poke|p1|Yveltal|\n|poke|p2|Blaziken, M|\n|poke|p2|Barraskewda, F|\n|poke|p2|Pelipper, F|\n|poke|p2|Calyrex-Ice|\n|poke|p2|Zeraora|\n|poke|p2|Zacian-*|\n|teampreview\n|inactive|Battle timer is ON: inactive players will automatically lose when time's up. (requested by thedragondealer)\n|inactive|MrCatKing07 also wants the timer to be on.\n|c|\u2606MrCatKing07|heyo gain\n|c|\u2606thedragondealer|ah shit\n|c|\u2606MrCatKing07|not gonna do groudon\n|c|\u2606thedragondealer|no no\n|c|\u2606thedragondealer|go ahead\n|c|\u2606MrCatKing07|nah\n|inactive|thedragondealer has 120 seconds left.\n|\n|t:|1699295681\n|start\n|switch|p1a: Xerneas|Xerneas|100\/100\n|switch|p2a: Watair|Pelipper, F|100\/100\n|-ability|p1a: Xerneas|Fairy Aura\n|-weather|RainDance|[from] ability: Drizzle|[of] p2a: Watair\n|turn|1\n|\n|t:|1699295689\n|move|p1a: Xerneas|Geomancy||[still]\n|-prepare|p1a: Xerneas|Geomancy\n|-enditem|p1a: Xerneas|Power Herb\n|-anim|p1a: Xerneas|Geomancy|p1a: Xerneas\n|-boost|p1a: Xerneas|spa|2\n|-boost|p1a: Xerneas|spd|2\n|-boost|p1a: Xerneas|spe|2\n|move|p2a: Watair|Hurricane|p1a: Xerneas\n|-damage|p1a: Xerneas|86\/100\n|\n|-weather|RainDance|[upkeep]\n|upkeep\n|turn|2\n|\n|t:|1699295699\n|move|p1a: Xerneas|Moonblast|p2a: Watair\n|-damage|p2a: Watair|0 fnt\n|faint|p2a: Watair\n|\n|-weather|RainDance|[upkeep]\n|upkeep\n|\n|t:|1699295703\n|switch|p2a: Fishkebab|Barraskewda, F|100\/100\n|turn|3\n|\n|t:|1699295715\n|move|p2a: Fishkebab|Liquidation|p1a: Xerneas\n|-damage|p1a: Xerneas|28\/100\n|-unboost|p1a: Xerneas|def|1\n|move|p1a: Xerneas|Moonblast|p2a: Fishkebab\n|-damage|p2a: Fishkebab|0 fnt\n|faint|p2a: Fishkebab\n|\n|-weather|RainDance|[upkeep]\n|upkeep\n|\n|t:|1699295724\n|switch|p2a: Tom Cruise|Blaziken, M|100\/100\n|turn|4\n|\n|t:|1699295735\n|switch|p2a: Cruise's Lance|Calyrex-Ice|100\/100\n|-ability|p2a: Cruise's Lance|As One\n|-ability|p2a: Cruise's Lance|Unnerve\n|move|p1a: Xerneas|Psychic|p2a: Cruise's Lance\n|-resisted|p2a: Cruise's Lance\n|-damage|p2a: Cruise's Lance|78\/100\n|\n|-weather|RainDance|[upkeep]\n|upkeep\n|turn|5\n|inactive|MrCatKing07 has 120 seconds left.\n|\n|t:|1699295766\n|move|p1a: Xerneas|Geomancy||[still]\n|-prepare|p1a: Xerneas|Geomancy\n|move|p2a: Cruise's Lance|Calm Mind|p2a: Cruise's Lance\n|-boost|p2a: Cruise's Lance|spa|1\n|-boost|p2a: Cruise's Lance|spd|1\n|\n|-weather|RainDance|[upkeep]\n|upkeep\n|turn|6\n|c|\u2606MrCatKing07|bruh\n|c|\u2606MrCatKing07|wait\n|c|\u2606MrCatKing07|calm mind\n|c|\u2606MrCatKing07|why\n|\n|t:|1699295786\n|move|p1a: Xerneas|Geomancy|p1a: Xerneas|[from]lockedmove\n|-boost|p1a: Xerneas|spa|2\n|-boost|p1a: Xerneas|spd|2\n|-boost|p1a: Xerneas|spe|2\n|move|p2a: Cruise's Lance|Glacial Lance|p1a: Xerneas\n|-damage|p1a: Xerneas|0 fnt\n|faint|p1a: Xerneas\n|-ability|p2a: Cruise's Lance|Chilling Neigh|boost\n|-boost|p2a: Cruise's Lance|atk|1\n|-damage|p2a: Cruise's Lance|68\/100|[from] item: Life Orb\n|\n|-weather|RainDance|[upkeep]\n|upkeep\n|c|\u2606MrCatKing07|wrong move buddy\n|inactive|MrCatKing07 has 120 seconds left.\n|\n|t:|1699295804\n|switch|p1a: Zacian|Zacian-Crowned, shiny|100\/100\n|-ability|p1a: Zacian|Intrepid Sword|boost\n|-boost|p1a: Zacian|atk|1\n|turn|7\n|\n|t:|1699295814\n|move|p1a: Zacian|Behemoth Blade|p2a: Cruise's Lance\n|-supereffective|p2a: Cruise's Lance\n|-damage|p2a: Cruise's Lance|0 fnt\n|faint|p2a: Cruise's Lance\n|\n|-weather|RainDance|[upkeep]\n|upkeep\n|\n|t:|1699295819\n|switch|p2a: Tom Cruise|Blaziken, M|100\/100\n|turn|8\n|\n|t:|1699295828\n|move|p1a: Zacian|Play Rough|p2a: Tom Cruise|[miss]\n|-miss|p1a: Zacian|p2a: Tom Cruise\n|move|p2a: Tom Cruise|Power-Up Punch|p1a: Zacian\n|-damage|p1a: Zacian|79\/100\n|-boost|p2a: Tom Cruise|atk|1\n|\n|-weather|none\n|-ability|p2a: Tom Cruise|Speed Boost|boost\n|-boost|p2a: Tom Cruise|spe|1\n|upkeep\n|turn|9\n|\n|t:|1699295838\n|detailschange|p2a: Tom Cruise|Blaziken-Mega, M\n|-mega|p2a: Tom Cruise|Blaziken|Blazikenite\n|move|p2a: Tom Cruise|Fire Punch|p1a: Zacian\n|-supereffective|p1a: Zacian\n|-crit|p1a: Zacian\n|-damage|p1a: Zacian|0 fnt\n|faint|p1a: Zacian\n|\n|-ability|p2a: Tom Cruise|Speed Boost|boost\n|-boost|p2a: Tom Cruise|spe|1\n|upkeep\n|\n|t:|1699295866\n|switch|p1a: Yveltal|Yveltal|100\/100\n|-ability|p1a: Yveltal|Dark Aura\n|turn|10\n|inactive|thedragondealer has 120 seconds left.\n|\n|t:|1699295898\n|move|p2a: Tom Cruise|Fire Punch|p1a: Yveltal\n|-damage|p1a: Yveltal|38\/100\n|move|p1a: Yveltal|Oblivion Wing|p2a: Tom Cruise\n|-supereffective|p2a: Tom Cruise\n|-damage|p2a: Tom Cruise|0 fnt\n|-heal|p1a: Yveltal|95\/100|[from] drain|[of] p2a: Tom Cruise\n|faint|p2a: Tom Cruise\n|-damage|p1a: Yveltal|85\/100|[from] item: Life Orb\n|\n|upkeep\n|inactive|thedragondealer has 120 seconds left.\n|\n|t:|1699295908\n|switch|p2a: Zenitsu|Zeraora|100\/100\n|turn|11\n|\n|t:|1699295912\n|-terastallize|p1a: Yveltal|Dark\n|move|p2a: Zenitsu|Plasma Fists|p1a: Yveltal\n|-damage|p1a: Yveltal|20\/100\n|-fieldactivate|move: Ion Deluge\n|-hint|Normal-type moves become Electric-type after using Plasma Fists.\n|move|p1a: Yveltal|Dark Pulse|p2a: Zenitsu\n|-damage|p2a: Zenitsu|0 fnt\n|faint|p2a: Zenitsu\n|-damage|p1a: Yveltal|10\/100|[from] item: Life Orb\n|\n|upkeep\n|\n|t:|1699295923\n|switch|p2a: Cruise's Blade|Zacian-Crowned|100\/100\n|-ability|p2a: Cruise's Blade|Intrepid Sword|boost\n|-boost|p2a: Cruise's Blade|atk|1\n|turn|12\n|\n|t:|1699295929\n|-terastallize|p2a: Cruise's Blade|Fairy\n|move|p2a: Cruise's Blade|Play Rough|p1a: Yveltal\n|-supereffective|p1a: Yveltal\n|-damage|p1a: Yveltal|0 fnt\n|faint|p1a: Yveltal\n|\n|upkeep\n|\n|t:|1699295940\n|switch|p1a: Zygarde|Zygarde, shiny|100\/100\n|turn|13\n|\n|t:|1699295945\n|move|p2a: Cruise's Blade|Play Rough|p1a: Zygarde\n|-supereffective|p1a: Zygarde\n|-damage|p1a: Zygarde|0 fnt\n|faint|p1a: Zygarde\n|\n|upkeep\n|\n|t:|1699295949\n|switch|p1a: Kyogre|Kyogre, shiny|100\/100\n|detailschange|p1a: Kyogre|Kyogre-Primal, shiny\n|-primal|p1a: Kyogre|Blue Orb\n|-weather|PrimordialSea|[from] ability: Primordial Sea|[of] p1a: Kyogre\n|turn|14\n|c|\u2606MrCatKing07|ur doing good but\n|c|\u2606MrCatKing07|if you wanna win, you have to beat my groudon\n|\n|t:|1699295971\n|move|p2a: Cruise's Blade|Play Rough|p1a: Kyogre\n|-damage|p1a: Kyogre|1\/100\n|move|p1a: Kyogre|Origin Pulse|p2a: Cruise's Blade\n|-damage|p2a: Cruise's Blade|0 fnt\n|faint|p2a: Cruise's Blade\n|\n|win|MrCatKing07\n|raw|MrCatKing07's rating: 1087 &rarr; <strong>1112<\/strong><br \/>(+25 for winning)\n|raw|thedragondealer's rating: 1062 &rarr; <strong>1044<\/strong><br \/>(-18 for losing)\n|c|\u2606thedragondealer|gg\n|c|\u2606MrCatKing07|msn\n|c|\u2606MrCatKing07|ggs\n","uploadtime":1699295995,"views":4,"p1id":"mrcatking07","p2id":"thedragondealer","formatid":"gen9nationaldexubers","rating":1044,"private":0,"password":""}