{"id":"gen9nationaldexubers-1978715538","p1":"hexagonereal","p2":"MommyMikuNakano","format":"[Gen 9] National Dex Ubers","log":"|j|\u2606hexagonereal\n|j|\u2606MommyMikuNakano\n|t:|1698585986\n|gametype|singles\n|player|p1|hexagonereal|cyrus|1608\n|player|p2|MommyMikuNakano|erika-gen1|1772\n|teamsize|p1|6\n|teamsize|p2|6\n|gen|9\n|tier|[Gen 9] National Dex Ubers\n|rated|\n|rule|HP Percentage Mod: HP is shown in percentages\n|rule|Endless Battle Clause: Forcing endless battles is banned\n|rule|OHKO Clause: OHKO moves are banned\n|rule|Evasion Moves Clause: Evasion moves are banned\n|rule|Evasion Items Clause: Evasion items are banned\n|rule|Species Clause: Limit one of each Pok\u00e9mon\n|rule|Sleep Clause Mod: Limit one foe put to sleep\n|rule|Mega Rayquaza Clause: You cannot mega evolve Rayquaza\n|clearpoke\n|poke|p1|Yveltal|\n|poke|p1|Necrozma-Dusk-Mane|\n|poke|p1|Deoxys-Attack|\n|poke|p1|Zygarde|\n|poke|p1|Groudon|\n|poke|p1|Ho-Oh|\n|poke|p2|Mewtwo|\n|poke|p2|Necrozma-Dusk-Mane|\n|poke|p2|Kingambit, M|\n|poke|p2|Urshifu-*, M|\n|poke|p2|Ditto|\n|poke|p2|Arceus-Fairy|\n|teampreview\n|inactive|Battle timer is ON: inactive players will automatically lose when time's up. (requested by MommyMikuNakano)\n|\n|t:|1698586011\n|start\n|switch|p1a: Eclipse|Necrozma-Dusk-Mane|100\/100\n|switch|p2a: Arceus|Arceus-Fairy|100\/100\n|turn|1\n|\n|t:|1698586021\n|move|p2a: Arceus|Judgment|p1a: Eclipse\n|-resisted|p1a: Eclipse\n|-damage|p1a: Eclipse|86\/100\n|move|p1a: Eclipse|Earthquake|p2a: Arceus\n|-damage|p2a: Arceus|78\/100\n|\n|-heal|p1a: Eclipse|93\/100|[from] item: Leftovers\n|upkeep\n|turn|2\n|\n|t:|1698586032\n|switch|p2a: Necrozma|Necrozma-Dusk-Mane, shiny|100\/100\n|move|p1a: Eclipse|Sunsteel Strike|p2a: Necrozma\n|-resisted|p2a: Necrozma\n|-damage|p2a: Necrozma|79\/100\n|\n|-heal|p1a: Eclipse|99\/100|[from] item: Leftovers\n|upkeep\n|turn|3\n|\n|t:|1698586038\n|move|p2a: Necrozma|Stealth Rock|p1a: Eclipse\n|-sidestart|p1: hexagonereal|move: Stealth Rock\n|move|p1a: Eclipse|Earthquake|p2a: Necrozma\n|-supereffective|p2a: Necrozma\n|-damage|p2a: Necrozma|38\/100\n|\n|-heal|p1a: Eclipse|100\/100|[from] item: Leftovers\n|upkeep\n|turn|4\n|\n|t:|1698586047\n|detailschange|p2a: Necrozma|Necrozma-Ultra, shiny\n|-burst|p2a: Necrozma|Necrozma|Ultranecrozium Z\n|move|p2a: Necrozma|Earth Power|p1a: Eclipse\n|-supereffective|p1a: Eclipse\n|-damage|p1a: Eclipse|59\/100\n|move|p1a: Eclipse|Earthquake|p2a: Necrozma\n|-damage|p2a: Necrozma|5\/100\n|\n|-heal|p1a: Eclipse|65\/100|[from] item: Leftovers\n|upkeep\n|turn|5\n|\n|t:|1698586059\n|move|p2a: Necrozma|Earth Power|p1a: Eclipse\n|-supereffective|p1a: Eclipse\n|-damage|p1a: Eclipse|24\/100\n|move|p1a: Eclipse|Morning Sun|p1a: Eclipse\n|-heal|p1a: Eclipse|74\/100\n|\n|-heal|p1a: Eclipse|80\/100|[from] item: Leftovers\n|upkeep\n|turn|6\n|\n|t:|1698586064\n|move|p2a: Necrozma|Earth Power|p1a: Eclipse\n|-supereffective|p1a: Eclipse\n|-damage|p1a: Eclipse|34\/100\n|move|p1a: Eclipse|Morning Sun|p1a: Eclipse\n|-heal|p1a: Eclipse|84\/100\n|\n|-heal|p1a: Eclipse|90\/100|[from] item: Leftovers\n|upkeep\n|turn|7\n|\n|t:|1698586068\n|move|p2a: Necrozma|Earth Power|p1a: Eclipse\n|-supereffective|p1a: Eclipse\n|-damage|p1a: Eclipse|49\/100\n|move|p1a: Eclipse|Sunsteel Strike|p2a: Necrozma\n|-damage|p2a: Necrozma|0 fnt\n|faint|p2a: Necrozma\n|\n|-heal|p1a: Eclipse|56\/100|[from] item: Leftovers\n|upkeep\n|\n|t:|1698586072\n|switch|p2a: Urshifu|Urshifu, M|100\/100\n|turn|8\n|\n|t:|1698586090\n|switch|p1a: Red Velvet|Yveltal|100\/100\n|-damage|p1a: Red Velvet|76\/100|[from] Stealth Rock\n|-ability|p1a: Red Velvet|Dark Aura\n|move|p2a: Urshifu|Wicked Blow|p1a: Red Velvet\n|-resisted|p1a: Red Velvet\n|-crit|p1a: Red Velvet\n|-damage|p1a: Red Velvet|32\/100\n|-damage|p2a: Urshifu|91\/100|[from] item: Life Orb\n|\n|upkeep\n|turn|9\n|\n|t:|1698586102\n|switch|p2a: Arceus|Arceus-Fairy|78\/100\n|move|p1a: Red Velvet|Oblivion Wing|p2a: Arceus\n|-damage|p2a: Arceus|37\/100\n|-heal|p1a: Red Velvet|67\/100|[from] drain|[of] p2a: Arceus\n|\n|upkeep\n|turn|10\n|\n|t:|1698586108\n|move|p2a: Arceus|Judgment|p1a: Red Velvet\n|-supereffective|p1a: Red Velvet\n|-damage|p1a: Red Velvet|0 fnt\n|faint|p1a: Red Velvet\n|\n|upkeep\n|\n|t:|1698586113\n|switch|p1a: Eclipse|Necrozma-Dusk-Mane|56\/100\n|-damage|p1a: Eclipse|49\/100|[from] Stealth Rock\n|turn|11\n|\n|t:|1698586116\n|switch|p2a: Urshifu|Urshifu, M|91\/100\n|move|p1a: Eclipse|Morning Sun|p1a: Eclipse\n|-heal|p1a: Eclipse|99\/100\n|\n|-heal|p1a: Eclipse|100\/100|[from] item: Leftovers\n|upkeep\n|turn|12\n|\n|t:|1698586142\n|switch|p1a: Revival|Ho-Oh|100\/100\n|move|p2a: Urshifu|Wicked Blow|p1a: Revival\n|-crit|p1a: Revival\n|-damage|p1a: Revival|51\/100\n|-damage|p2a: Urshifu|81\/100|[from] item: Life Orb\n|\n|upkeep\n|turn|13\n|\n|t:|1698586148\n|move|p2a: Urshifu|Wicked Blow|p1a: Revival\n|-crit|p1a: Revival\n|-damage|p1a: Revival|4\/100\n|-damage|p2a: Urshifu|71\/100|[from] item: Life Orb\n|move|p1a: Revival|Sacred Fire|p2a: Urshifu\n|-damage|p2a: Urshifu|27\/100\n|-status|p2a: Urshifu|brn\n|\n|-damage|p2a: Urshifu|21\/100 brn|[from] brn\n|upkeep\n|turn|14\n|\n|t:|1698586157\n|switch|p1a: Vesuvius|Groudon|100\/100\n|-damage|p1a: Vesuvius|94\/100|[from] Stealth Rock\n|detailschange|p1a: Vesuvius|Groudon-Primal\n|-primal|p1a: Vesuvius|Red Orb\n|-weather|DesolateLand|[from] ability: Desolate Land|[of] p1a: Vesuvius\n|move|p2a: Urshifu|Low Kick|p1a: Vesuvius\n|-damage|p1a: Vesuvius|69\/100\n|-damage|p2a: Urshifu|11\/100 brn|[from] item: Life Orb\n|\n|-weather|DesolateLand|[upkeep]\n|-damage|p2a: Urshifu|5\/100 brn|[from] brn\n|upkeep\n|turn|15\n|\n|t:|1698586166\n|move|p2a: Urshifu|Wicked Blow|p1a: Vesuvius\n|-crit|p1a: Vesuvius\n|-damage|p1a: Vesuvius|44\/100\n|-damage|p2a: Urshifu|0 fnt|[from] item: Life Orb\n|faint|p2a: Urshifu\n|move|p1a: Vesuvius|Rock Tomb|p2: Urshifu|[notarget]\n|-fail|p1a: Vesuvius\n|\n|-weather|DesolateLand|[upkeep]\n|upkeep\n|\n|t:|1698586175\n|switch|p2a: Ditto|Ditto, shiny|100\/100\n|-transform|p2a: Ditto|p1a: Vesuvius|[from] ability: Imposter\n|turn|16\n|\n|t:|1698586187\n|move|p2a: Ditto|Toxic|p1a: Vesuvius\n|-status|p1a: Vesuvius|tox\n|move|p1a: Vesuvius|Precipice Blades|p2a: Ditto\n|-supereffective|p2a: Ditto\n|-damage|p2a: Ditto|0 fnt\n|faint|p2a: Ditto\n|\n|-weather|DesolateLand|[upkeep]\n|-damage|p1a: Vesuvius|37\/100 tox|[from] psn\n|upkeep\n|\n|t:|1698586196\n|switch|p2a: Arceus|Arceus-Fairy|37\/100\n|turn|17\n|\n|t:|1698586202\n|move|p2a: Arceus|Recover|p2a: Arceus\n|-heal|p2a: Arceus|87\/100\n|move|p1a: Vesuvius|Toxic|p2a: Arceus\n|-status|p2a: Arceus|tox\n|\n|-weather|DesolateLand|[upkeep]\n|-damage|p2a: Arceus|81\/100 tox|[from] psn\n|-damage|p1a: Vesuvius|25\/100 tox|[from] psn\n|upkeep\n|turn|18\n|\n|t:|1698586205\n|move|p2a: Arceus|Judgment|p1a: Vesuvius\n|-resisted|p1a: Vesuvius\n|-damage|p1a: Vesuvius|0 fnt\n|faint|p1a: Vesuvius\n|-weather|none\n|\n|-damage|p2a: Arceus|69\/100 tox|[from] psn\n|upkeep\n|\n|t:|1698586210\n|switch|p1a: Eclipse|Necrozma-Dusk-Mane|100\/100\n|-damage|p1a: Eclipse|94\/100|[from] Stealth Rock\n|turn|19\n|\n|t:|1698586217\n|move|p2a: Arceus|Judgment|p1a: Eclipse\n|-resisted|p1a: Eclipse\n|-damage|p1a: Eclipse|80\/100\n|move|p1a: Eclipse|Dragon Dance|p1a: Eclipse\n|-boost|p1a: Eclipse|atk|1\n|-boost|p1a: Eclipse|spe|1\n|\n|-heal|p1a: Eclipse|87\/100|[from] item: Leftovers\n|-damage|p2a: Arceus|50\/100 tox|[from] psn\n|upkeep\n|turn|20\n|\n|t:|1698586225\n|move|p2a: Arceus|Taunt|p1a: Eclipse\n|-start|p1a: Eclipse|move: Taunt\n|cant|p1a: Eclipse|move: Taunt|Dragon Dance\n|\n|-heal|p1a: Eclipse|93\/100|[from] item: Leftovers\n|-damage|p2a: Arceus|26\/100 tox|[from] psn\n|upkeep\n|turn|21\n|\n|t:|1698586229\n|move|p2a: Arceus|Judgment|p1a: Eclipse\n|-resisted|p1a: Eclipse\n|-damage|p1a: Eclipse|80\/100\n|move|p1a: Eclipse|Sunsteel Strike|p2a: Arceus\n|-supereffective|p2a: Arceus\n|-damage|p2a: Arceus|0 fnt\n|faint|p2a: Arceus\n|\n|-heal|p1a: Eclipse|86\/100|[from] item: Leftovers\n|upkeep\n|\n|t:|1698586233\n|switch|p2a: Kingambit|Kingambit, M|100\/100\n|-activate|p2a: Kingambit|ability: Supreme Overlord\n|-start|p2a: Kingambit|fallen4|[silent]\n|turn|22\n|\n|t:|1698586238\n|-terastallize|p1a: Eclipse|Water\n|move|p2a: Kingambit|Sucker Punch|p1a: Eclipse\n|-damage|p1a: Eclipse|40\/100\n|move|p1a: Eclipse|Earthquake|p2a: Kingambit\n|-supereffective|p2a: Kingambit\n|-damage|p2a: Kingambit|25\/100\n|\n|-heal|p1a: Eclipse|46\/100|[from] item: Leftovers\n|-end|p1a: Eclipse|move: Taunt\n|upkeep\n|turn|23\n|\n|t:|1698586244\n|move|p1a: Eclipse|Morning Sun|p1a: Eclipse\n|-heal|p1a: Eclipse|96\/100\n|move|p2a: Kingambit|Knock Off|p1a: Eclipse\n|-damage|p1a: Eclipse|26\/100\n|-enditem|p1a: Eclipse|Leftovers|[from] move: Knock Off|[of] p2a: Kingambit\n|\n|upkeep\n|turn|24\n|\n|t:|1698586251\n|move|p1a: Eclipse|Morning Sun|p1a: Eclipse\n|-heal|p1a: Eclipse|76\/100\n|move|p2a: Kingambit|Swords Dance|p2a: Kingambit\n|-boost|p2a: Kingambit|atk|2\n|\n|upkeep\n|turn|25\n|\n|t:|1698586259\n|move|p2a: Kingambit|Sucker Punch|p1a: Eclipse\n|-damage|p1a: Eclipse|0 fnt\n|faint|p1a: Eclipse\n|\n|upkeep\n|\n|t:|1698586266\n|switch|p1a: Revival|Ho-Oh|37\/100\n|turn|26\n|\n|t:|1698586271\n|switch|p1a: The Council|Zygarde|100\/100\n|-damage|p1a: The Council|94\/100|[from] Stealth Rock\n|move|p2a: Kingambit|Sucker Punch||[still]\n|-fail|p2a: Kingambit\n|\n|-heal|p1a: The Council|100\/100|[from] item: Leftovers\n|upkeep\n|turn|27\n|\n|t:|1698586282\n|-terastallize|p2a: Kingambit|Ghost\n|move|p1a: The Council|Substitute|p1a: The Council\n|-start|p1a: The Council|Substitute\n|-damage|p1a: The Council|75\/100\n|move|p2a: Kingambit|Knock Off|p1a: The Council\n|-end|p1a: The Council|Substitute\n|\n|-heal|p1a: The Council|82\/100|[from] item: Leftovers\n|upkeep\n|turn|28\n|\n|t:|1698586292\n|move|p1a: The Council|Substitute|p1a: The Council\n|-start|p1a: The Council|Substitute\n|-damage|p1a: The Council|57\/100\n|move|p2a: Kingambit|Knock Off|p1a: The Council\n|-end|p1a: The Council|Substitute\n|\n|-heal|p1a: The Council|63\/100|[from] item: Leftovers\n|upkeep\n|turn|29\n|\n|t:|1698586295\n|move|p1a: The Council|Thousand Arrows|p2a: Kingambit\n|-damage|p2a: Kingambit|1\/100\n|move|p2a: Kingambit|Knock Off|p1a: The Council\n|-damage|p1a: The Council|0 fnt\n|-enditem|p1a: The Council|Leftovers|[from] move: Knock Off|[of] p2a: Kingambit\n|faint|p1a: The Council\n|\n|upkeep\n|\n|t:|1698586303\n|switch|p1a: Nucleus|Deoxys-Attack|100\/100\n|-damage|p1a: Nucleus|88\/100|[from] Stealth Rock\n|-ability|p1a: Nucleus|Pressure\n|turn|30\n|\n|t:|1698586310\n|switch|p1a: Revival|Ho-Oh|70\/100\n|move|p2a: Kingambit|Sucker Punch||[still]\n|-fail|p2a: Kingambit\n|\n|upkeep\n|turn|31\n|\n|t:|1698586320\n|move|p2a: Kingambit|Sucker Punch||[still]\n|-fail|p2a: Kingambit\n|move|p1a: Revival|Toxic|p2a: Kingambit\n|-status|p2a: Kingambit|tox\n|\n|-damage|p2a: Kingambit|0 fnt|[from] psn\n|faint|p2a: Kingambit\n|-end|p2a: Kingambit|fallen4|[silent]\n|upkeep\n|\n|t:|1698586323\n|switch|p2a: Mewtwo|Mewtwo|100\/100\n|-ability|p2a: Mewtwo|Pressure\n|turn|32\n|\n|t:|1698586329\n|detailschange|p2a: Mewtwo|Mewtwo-Mega-X\n|-mega|p2a: Mewtwo|Mewtwo|Mewtwonite X\n|move|p2a: Mewtwo|Knock Off|p1a: Revival\n|-damage|p1a: Revival|40\/100\n|-enditem|p1a: Revival|Heavy-Duty Boots|[from] move: Knock Off|[of] p2a: Mewtwo\n|move|p1a: Revival|Sacred Fire|p2a: Mewtwo\n|-damage|p2a: Mewtwo|61\/100\n|\n|upkeep\n|turn|33\n|\n|t:|1698586338\n|move|p2a: Mewtwo|Low Kick|p1a: Revival\n|-resisted|p1a: Revival\n|-damage|p1a: Revival|17\/100\n|move|p1a: Revival|Sacred Fire|p2a: Mewtwo\n|-damage|p2a: Mewtwo|21\/100\n|-status|p2a: Mewtwo|brn\n|\n|-damage|p2a: Mewtwo|15\/100 brn|[from] brn\n|upkeep\n|turn|34\n|\n|t:|1698586343\n|move|p2a: Mewtwo|Low Kick|p1a: Revival\n|-resisted|p1a: Revival\n|-damage|p1a: Revival|6\/100\n|move|p1a: Revival|Sacred Fire|p2a: Mewtwo\n|-damage|p2a: Mewtwo|0 fnt\n|faint|p2a: Mewtwo\n|\n|win|hexagonereal\n|raw|hexagonereal's rating: 1608 &rarr; <strong>1637<\/strong><br \/>(+29 for winning)\n|raw|MommyMikuNakano's rating: 1772 &rarr; <strong>1743<\/strong><br \/>(-29 for losing)\n|l|\u2606MommyMikuNakano\n","uploadtime":1698586353,"views":13,"p1id":"hexagonereal","p2id":"mommymikunakano","formatid":"gen9nationaldexubers","rating":1637,"private":0,"password":""}