{"id":"gen9nationaldexubers-1982820817","p1":"TheRar73","p2":"Nakuy","format":"[Gen 9] National Dex Ubers","log":"|j|\u2606TheRar73\n|j|\u2606Nakuy\n|t:|1699048145\n|gametype|singles\n|player|p1|TheRar73|nobunaga-conquest|\n|player|p2|Nakuy|byron|\n|teamsize|p1|6\n|teamsize|p2|6\n|gen|9\n|tier|[Gen 9] National Dex Ubers\n|rule|HP Percentage Mod: HP is shown in percentages\n|rule|Endless Battle Clause: Forcing endless battles is banned\n|rule|OHKO Clause: OHKO moves are banned\n|rule|Evasion Moves Clause: Evasion moves are banned\n|rule|Evasion Items Clause: Evasion items are banned\n|rule|Species Clause: Limit one of each Pok\u00e9mon\n|rule|Sleep Clause Mod: Limit one foe put to sleep\n|rule|Mega Rayquaza Clause: You cannot mega evolve Rayquaza\n|clearpoke\n|poke|p1|Pheromosa|\n|poke|p1|Pinsir, M|\n|poke|p1|Scizor, F|\n|poke|p1|Ribombee, M|\n|poke|p1|Rabsca, F|\n|poke|p1|Durant, M|\n|poke|p2|Kommo-o, F|\n|poke|p2|Kyurem|\n|poke|p2|Salamence, F|\n|poke|p2|Garchomp, M|\n|poke|p2|Haxorus, F|\n|poke|p2|Charizard, F|\n|teampreview\n|\n|t:|1699048172\n|start\n|switch|p1a: Lil Bugga|Ribombee, M|100\/100\n|switch|p2a: Garchomp|Garchomp, M|100\/100\n|turn|1\n|\n|t:|1699048237\n|move|p1a: Lil Bugga|Sticky Web|p2a: Garchomp\n|-sidestart|p2: Nakuy|move: Sticky Web\n|move|p2a: Garchomp|Stealth Rock|p1a: Lil Bugga\n|-sidestart|p1: TheRar73|move: Stealth Rock\n|\n|upkeep\n|turn|2\n|\n|t:|1699048249\n|move|p1a: Lil Bugga|Reflect|p1a: Lil Bugga\n|-sidestart|p1: TheRar73|Reflect\n|move|p2a: Garchomp|Rock Slide|p1a: Lil Bugga\n|-supereffective|p1a: Lil Bugga\n|-damage|p1a: Lil Bugga|51\/100\n|-enditem|p1a: Lil Bugga|Red Card|[of] p2a: Garchomp\n|drag|p2a: Kommo-o|Kommo-o, F|100\/100\n|-activate|p2a: Kommo-o|move: Sticky Web\n|-unboost|p2a: Kommo-o|spe|1\n|\n|upkeep\n|turn|3\n|\n|t:|1699048268\n|move|p2a: Kommo-o|Protect|p2a: Kommo-o\n|-singleturn|p2a: Kommo-o|Protect\n|move|p1a: Lil Bugga|Moonblast|p2a: Kommo-o\n|-activate|p2a: Kommo-o|move: Protect\n|\n|upkeep\n|turn|4\n|\n|t:|1699048275\n|-terastallize|p2a: Kommo-o|Steel\n|move|p1a: Lil Bugga|Moonblast|p2a: Kommo-o\n|-resisted|p2a: Kommo-o\n|-damage|p2a: Kommo-o|80\/100\n|-unboost|p2a: Kommo-o|spa|1\n|move|p2a: Kommo-o|Boomburst|p1a: Lil Bugga\n|-damage|p1a: Lil Bugga|8\/100\n|-enditem|p2a: Kommo-o|Throat Spray\n|-boost|p2a: Kommo-o|spa|1|[from] item: Throat Spray\n|\n|upkeep\n|turn|5\n|\n|t:|1699048301\n|move|p1a: Lil Bugga|Moonblast|p2a: Kommo-o\n|-resisted|p2a: Kommo-o\n|-damage|p2a: Kommo-o|58\/100\n|-unboost|p2a: Kommo-o|spa|1\n|move|p2a: Kommo-o|Boomburst|p1a: Lil Bugga\n|-damage|p1a: Lil Bugga|0 fnt\n|faint|p1a: Lil Bugga\n|\n|upkeep\n|\n|t:|1699048321\n|switch|p1a: Airbellum|Pinsir, M|100\/100\n|-damage|p1a: Airbellum|76\/100|[from] Stealth Rock\n|turn|6\n|\n|t:|1699048330\n|move|p1a: Airbellum|Earthquake|p2a: Kommo-o\n|-supereffective|p2a: Kommo-o\n|-damage|p2a: Kommo-o|0 fnt\n|faint|p2a: Kommo-o\n|-ability|p1a: Airbellum|Moxie|boost\n|-boost|p1a: Airbellum|atk|1\n|\n|-sideend|p1: TheRar73|Reflect\n|upkeep\n|\n|t:|1699048347\n|switch|p2a: Salamence|Salamence, F|100\/100\n|-ability|p2a: Salamence|Intimidate|boost\n|-unboost|p1a: Airbellum|atk|1\n|turn|7\n|\n|t:|1699048364\n|detailschange|p1a: Airbellum|Pinsir-Mega, M\n|-mega|p1a: Airbellum|Pinsir|Pinsirite\n|move|p1a: Airbellum|Return|p2a: Salamence\n|-damage|p2a: Salamence|17\/100\n|move|p2a: Salamence|Dragon Dance|p2a: Salamence\n|-boost|p2a: Salamence|atk|1\n|-boost|p2a: Salamence|spe|1\n|\n|-heal|p2a: Salamence|23\/100|[from] item: Leftovers\n|upkeep\n|turn|8\n|\n|t:|1699048383\n|move|p1a: Airbellum|Quick Attack|p2a: Salamence\n|-damage|p2a: Salamence|0 fnt\n|faint|p2a: Salamence\n|\n|upkeep\n|\n|t:|1699048411\n|switch|p2a: Garchomp|Garchomp, M|100\/100\n|-activate|p2a: Garchomp|move: Sticky Web\n|-unboost|p2a: Garchomp|spe|1\n|turn|9\n|\n|t:|1699048422\n|move|p1a: Airbellum|Return|p2a: Garchomp\n|-damage|p2a: Garchomp|29\/100\n|-damage|p1a: Airbellum|64\/100|[from] ability: Rough Skin|[of] p2a: Garchomp\n|-zpower|p2a: Garchomp\n|move|p2a: Garchomp|Continental Crush|p1a: Airbellum|[zeffect]\n|-supereffective|p1a: Airbellum\n|-damage|p1a: Airbellum|0 fnt\n|faint|p1a: Airbellum\n|\n|upkeep\n|\n|t:|1699048442\n|switch|p1a: The Smiths|Durant, M|100\/100\n|-damage|p1a: The Smiths|88\/100|[from] Stealth Rock\n|turn|10\n|\n|t:|1699048463\n|move|p1a: The Smiths|Entrainment|p2a: Garchomp\n|-endability|p2a: Garchomp|Rough Skin|[from] move: Entrainment\n|-ability|p2a: Garchomp|Truant|[from] move: Entrainment\n|move|p2a: Garchomp|Earthquake|p1a: The Smiths\n|-damage|p1a: The Smiths|27\/100\n|\n|upkeep\n|turn|11\n|\n|t:|1699048481\n|switch|p2a: Charizard|Charizard, F|100\/100\n|cant|p1a: The Smiths|ability: Truant\n|\n|upkeep\n|turn|12\n|\n|t:|1699048496\n|detailschange|p2a: Charizard|Charizard-Mega-X, F\n|-mega|p2a: Charizard|Charizard|Charizardite X\n|move|p1a: The Smiths|Entrainment|p2a: Charizard\n|-endability|p2a: Charizard|Tough Claws|[from] move: Entrainment\n|-ability|p2a: Charizard|Truant|[from] move: Entrainment\n|cant|p2a: Charizard|ability: Truant\n|\n|upkeep\n|turn|13\n|\n|t:|1699048512\n|cant|p1a: The Smiths|ability: Truant\n|move|p2a: Charizard|Dragon Dance|p2a: Charizard\n|-boost|p2a: Charizard|atk|1\n|-boost|p2a: Charizard|spe|1\n|\n|upkeep\n|turn|14\n|\n|t:|1699048518\n|cant|p2a: Charizard|ability: Truant\n|move|p1a: The Smiths|Infestation|p2a: Charizard\n|-resisted|p2a: Charizard\n|-damage|p2a: Charizard|98\/100\n|-activate|p2a: Charizard|move: Infestation|[of] p1a: The Smiths\n|\n|-damage|p2a: Charizard|86\/100|[from] move: Infestation|[partiallytrapped]\n|upkeep\n|turn|15\n|\n|t:|1699048526\n|move|p2a: Charizard|Fire Punch|p1a: The Smiths\n|-supereffective|p1a: The Smiths\n|-damage|p1a: The Smiths|0 fnt\n|faint|p1a: The Smiths\n|\n|-end|p2a: Charizard|Infestation|[partiallytrapped]|[silent]\n|upkeep\n|\n|t:|1699048532\n|switch|p1a: Capa|Pheromosa|100\/100\n|-damage|p1a: Capa|88\/100|[from] Stealth Rock\n|turn|16\n|\n|t:|1699048571\n|switch|p2a: Kyurem|Kyurem|100\/100\n|-activate|p2a: Kyurem|move: Sticky Web\n|-unboost|p2a: Kyurem|spe|1\n|-ability|p2a: Kyurem|Pressure\n|move|p1a: Capa|Focus Blast|p2a: Kyurem\n|-supereffective|p2a: Kyurem\n|-damage|p2a: Kyurem|0 fnt\n|faint|p2a: Kyurem\n|-ability|p1a: Capa|Beast Boost|boost\n|-boost|p1a: Capa|spa|1\n|\n|upkeep\n|\n|t:|1699048607\n|switch|p2a: Charizard|Charizard-Mega-X, F|86\/100\n|-activate|p2a: Charizard|move: Sticky Web\n|-unboost|p2a: Charizard|spe|1\n|turn|17\n|\n|t:|1699048614\n|move|p1a: Capa|Focus Blast|p2a: Charizard\n|-damage|p2a: Charizard|0 fnt\n|faint|p2a: Charizard\n|-ability|p1a: Capa|Beast Boost|boost\n|-boost|p1a: Capa|spa|1\n|\n|upkeep\n|\n|t:|1699048623\n|switch|p2a: Garchomp|Garchomp, M|29\/100\n|-activate|p2a: Garchomp|move: Sticky Web\n|-unboost|p2a: Garchomp|spe|1\n|turn|18\n|\n|t:|1699048627\n|move|p1a: Capa|Focus Blast|p2a: Garchomp\n|-damage|p2a: Garchomp|0 fnt\n|faint|p2a: Garchomp\n|-ability|p1a: Capa|Beast Boost|boost\n|-boost|p1a: Capa|spa|1\n|\n|upkeep\n|\n|t:|1699048632\n|switch|p2a: Haxorus|Haxorus, F|100\/100\n|-activate|p2a: Haxorus|move: Sticky Web\n|-unboost|p2a: Haxorus|spe|1\n|-ability|p2a: Haxorus|Mold Breaker\n|turn|19\n|\n|t:|1699048638\n|move|p1a: Capa|Focus Blast|p2a: Haxorus\n|-damage|p2a: Haxorus|0 fnt\n|faint|p2a: Haxorus\n|\n|win|TheRar73\n","uploadtime":1699048643,"views":8,"p1id":"therar73","p2id":"nakuy","formatid":"gen9nationaldexubers","rating":0,"private":0,"password":""}