{"id":"gen9nationaldexubers-1980128601","p1":"JarboXXL","p2":"Kaotic real","format":"[Gen 9] National Dex Ubers","log":"|j|\u2606JarboXXL\n|j|\u2606Kaotic real\n|t:|1698759858\n|gametype|singles\n|player|p1|JarboXXL|ghetsis-gen5bw|1088\n|player|p2|Kaotic real|mars|1175\n|teamsize|p1|6\n|teamsize|p2|5\n|gen|9\n|tier|[Gen 9] National Dex Ubers\n|rated|\n|rule|HP Percentage Mod: HP is shown in percentages\n|rule|Endless Battle Clause: Forcing endless battles is banned\n|rule|OHKO Clause: OHKO moves are banned\n|rule|Evasion Moves Clause: Evasion moves are banned\n|rule|Evasion Items Clause: Evasion items are banned\n|rule|Species Clause: Limit one of each Pok\u00e9mon\n|rule|Sleep Clause Mod: Limit one foe put to sleep\n|rule|Mega Rayquaza Clause: You cannot mega evolve Rayquaza\n|clearpoke\n|poke|p1|Venusaur, M|\n|poke|p1|Gliscor, M|\n|poke|p1|Corviknight, M|\n|poke|p1|Annihilape, F|\n|poke|p1|Torkoal, F|\n|poke|p1|Baxcalibur, F|\n|poke|p2|Scovillain, F|\n|poke|p2|Glalie, F|\n|poke|p2|Smeargle, F|\n|poke|p2|Bibarel, M|\n|poke|p2|Octillery, F|\n|teampreview\n|inactive|Battle timer is ON: inactive players will automatically lose when time's up. (requested by Kaotic real)\n|inactive|JarboXXL also wants the timer to be on.\n|\n|t:|1698759864\n|start\n|switch|p1a: Baxcalibur|Baxcalibur, F|100\/100\n|switch|p2a: The Vinci|Smeargle, F, shiny|100\/100\n|turn|1\n|\n|t:|1698759873\n|move|p1a: Baxcalibur|Scale Shot|p2a: The Vinci\n|-damage|p2a: The Vinci|67\/100\n|-damage|p2a: The Vinci|34\/100\n|-damage|p2a: The Vinci|0 fnt\n|faint|p2a: The Vinci\n|-hitcount|p2: The Vinci|3\n|-unboost|p1a: Baxcalibur|def|1\n|-boost|p1a: Baxcalibur|spe|1\n|\n|upkeep\n|\n|t:|1698759879\n|switch|p2a: Octillery|Octillery, F, shiny|100\/100\n|turn|2\n|\n|t:|1698759884\n|move|p1a: Baxcalibur|Swords Dance|p1a: Baxcalibur\n|-boost|p1a: Baxcalibur|atk|2\n|move|p2a: Octillery|Flash Cannon|p1a: Baxcalibur\n|-supereffective|p1a: Baxcalibur\n|-damage|p1a: Baxcalibur|17\/100\n|\n|-ability|p2a: Octillery|Moody|boost\n|-boost|p2a: Octillery|spa|2\n|-unboost|p2a: Octillery|spe|1\n|upkeep\n|turn|3\n|\n|t:|1698759897\n|move|p1a: Baxcalibur|Scale Shot|p2a: Octillery\n|-damage|p2a: Octillery|66\/100\n|-damage|p2a: Octillery|32\/100\n|-damage|p2a: Octillery|0 fnt\n|faint|p2a: Octillery\n|-hitcount|p2: Octillery|3\n|-unboost|p1a: Baxcalibur|def|1\n|-boost|p1a: Baxcalibur|spe|1\n|\n|upkeep\n|\n|t:|1698759901\n|switch|p2a: Peanut Butter|Bibarel, M, shiny|100\/100\n|turn|4\n|\n|t:|1698759910\n|move|p2a: Peanut Butter|Quick Attack|p1a: Baxcalibur\n|-damage|p1a: Baxcalibur|0 fnt\n|faint|p1a: Baxcalibur\n|\n|-ability|p2a: Peanut Butter|Moody|boost\n|-boost|p2a: Peanut Butter|spa|2\n|-unboost|p2a: Peanut Butter|spd|1\n|upkeep\n|\n|t:|1698759918\n|switch|p1a: Torkoal|Torkoal, F|100\/100\n|-weather|SunnyDay|[from] ability: Drought|[of] p1a: Torkoal\n|turn|5\n|\n|t:|1698759923\n|move|p2a: Peanut Butter|Quick Attack|p1a: Torkoal\n|-damage|p1a: Torkoal|86\/100\n|move|p1a: Torkoal|Flare Blitz|p2a: Peanut Butter\n|-resisted|p2a: Peanut Butter\n|-damage|p2a: Peanut Butter|46\/100\n|-damage|p1a: Torkoal|70\/100|[from] Recoil\n|\n|-weather|SunnyDay|[upkeep]\n|-ability|p2a: Peanut Butter|Moody|boost\n|-boost|p2a: Peanut Butter|atk|2\n|-unboost|p2a: Peanut Butter|spa|1\n|upkeep\n|turn|6\n|\n|t:|1698759934\n|move|p2a: Peanut Butter|Quick Attack|p1a: Torkoal\n|-damage|p1a: Torkoal|43\/100\n|move|p1a: Torkoal|Flare Blitz|p2a: Peanut Butter\n|-resisted|p2a: Peanut Butter\n|-damage|p2a: Peanut Butter|0 fnt\n|faint|p2a: Peanut Butter\n|-damage|p1a: Torkoal|30\/100|[from] Recoil\n|\n|-weather|SunnyDay|[upkeep]\n|upkeep\n|\n|t:|1698759939\n|switch|p2a: Pepperman|Scovillain, F|100\/100\n|turn|7\n|\n|t:|1698759946\n|move|p2a: Pepperman|Substitute|p2a: Pepperman\n|-start|p2a: Pepperman|Substitute\n|-damage|p2a: Pepperman|76\/100\n|move|p1a: Torkoal|Flare Blitz|p2a: Pepperman\n|-end|p2a: Pepperman|Substitute\n|-damage|p1a: Torkoal|22\/100|[from] Recoil|[of] p2a: Pepperman\n|\n|-weather|SunnyDay|[upkeep]\n|-heal|p2a: Pepperman|82\/100|[from] item: Leftovers\n|-ability|p2a: Pepperman|Moody|boost\n|-boost|p2a: Pepperman|spa|2\n|-unboost|p2a: Pepperman|atk|1\n|upkeep\n|turn|8\n|\n|t:|1698759958\n|move|p2a: Pepperman|Flamethrower|p1a: Torkoal\n|-resisted|p1a: Torkoal\n|-damage|p1a: Torkoal|0 fnt\n|faint|p1a: Torkoal\n|\n|-weather|SunnyDay|[upkeep]\n|-heal|p2a: Pepperman|88\/100|[from] item: Leftovers\n|-ability|p2a: Pepperman|Moody|boost\n|-boost|p2a: Pepperman|spa|2\n|-unboost|p2a: Pepperman|atk|1\n|upkeep\n|\n|t:|1698759968\n|switch|p1a: Venusaur|Venusaur, M|100\/100\n|turn|9\n|\n|t:|1698759973\n|move|p1a: Venusaur|Weather Ball|p2a: Pepperman\n|-damage|p2a: Pepperman|24\/100\n|-damage|p1a: Venusaur|91\/100|[from] item: Life Orb\n|move|p2a: Pepperman|Flamethrower|p1a: Venusaur\n|-supereffective|p1a: Venusaur\n|-damage|p1a: Venusaur|0 fnt\n|faint|p1a: Venusaur\n|\n|-weather|SunnyDay|[upkeep]\n|-heal|p2a: Pepperman|30\/100|[from] item: Leftovers\n|-ability|p2a: Pepperman|Moody|boost\n|-boost|p2a: Pepperman|def|2\n|-unboost|p2a: Pepperman|spe|1\n|upkeep\n|\n|t:|1698759990\n|switch|p1a: Annihilape|Annihilape, F|100\/100\n|turn|10\n|\n|t:|1698759993\n|move|p1a: Annihilape|Rage Fist|p2a: Pepperman\n|-damage|p2a: Pepperman|16\/100\n|move|p2a: Pepperman|Flamethrower|p1a: Annihilape\n|-damage|p1a: Annihilape|13\/100\n|\n|-weather|SunnyDay|[upkeep]\n|-heal|p1a: Annihilape|19\/100|[from] item: Leftovers\n|-heal|p2a: Pepperman|22\/100|[from] item: Leftovers\n|-ability|p2a: Pepperman|Moody|boost\n|-boost|p2a: Pepperman|spd|2\n|-unboost|p2a: Pepperman|spa|1\n|upkeep\n|turn|11\n|\n|t:|1698760008\n|move|p2a: Pepperman|Protect|p2a: Pepperman\n|-singleturn|p2a: Pepperman|Protect\n|move|p1a: Annihilape|Drain Punch|p2a: Pepperman\n|-activate|p2a: Pepperman|move: Protect\n|\n|-weather|SunnyDay|[upkeep]\n|-heal|p1a: Annihilape|25\/100|[from] item: Leftovers\n|-heal|p2a: Pepperman|28\/100|[from] item: Leftovers\n|-ability|p2a: Pepperman|Moody|boost\n|-boost|p2a: Pepperman|spe|2\n|-unboost|p2a: Pepperman|atk|1\n|upkeep\n|turn|12\n|\n|t:|1698760023\n|move|p2a: Pepperman|Flamethrower|p1a: Annihilape\n|-damage|p1a: Annihilape|0 fnt\n|faint|p1a: Annihilape\n|\n|-weather|none\n|-heal|p2a: Pepperman|34\/100|[from] item: Leftovers\n|-ability|p2a: Pepperman|Moody|boost\n|-boost|p2a: Pepperman|def|2\n|-unboost|p2a: Pepperman|atk|1\n|upkeep\n|\n|t:|1698760032\n|switch|p1a: Gliscor|Gliscor, M|100\/100\n|turn|13\n|\n|t:|1698760038\n|move|p1a: Gliscor|Earthquake|p2a: Pepperman\n|-damage|p2a: Pepperman|15\/100\n|move|p2a: Pepperman|Flamethrower|p1a: Gliscor\n|-damage|p1a: Gliscor|0 fnt\n|faint|p1a: Gliscor\n|\n|-heal|p2a: Pepperman|21\/100|[from] item: Leftovers\n|-ability|p2a: Pepperman|Moody|boost\n|-boost|p2a: Pepperman|spd|2\n|-unboost|p2a: Pepperman|atk|1\n|upkeep\n|-message|JarboXXL forfeited.\n|\n|win|Kaotic real\n|raw|JarboXXL's rating: 1088 &rarr; <strong>1070<\/strong><br \/>(-18 for losing)\n|raw|Kaotic real's rating: 1175 &rarr; <strong>1194<\/strong><br \/>(+19 for winning)\n|l|\u2606JarboXXL\n","uploadtime":1698760048,"views":9,"p1id":"jarboxxl","p2id":"kaoticreal","formatid":"gen9nationaldexubers","rating":1070,"private":0,"password":""}