{"id":"gen9nationaldexubers-1981978954","p1":"GibleJ523","p2":"Dragonnightwing","format":"[Gen 9] National Dex Ubers","log":"|j|\u2606GibleJ523\n|j|\u2606Dragonnightwing\n|t:|1698956646\n|gametype|singles\n|player|p1|GibleJ523|169|\n|player|p2|Dragonnightwing|lance|\n|teamsize|p1|6\n|teamsize|p2|6\n|gen|9\n|tier|[Gen 9] National Dex Ubers\n|rule|HP Percentage Mod: HP is shown in percentages\n|rule|Endless Battle Clause: Forcing endless battles is banned\n|rule|OHKO Clause: OHKO moves are banned\n|rule|Evasion Moves Clause: Evasion moves are banned\n|rule|Evasion Items Clause: Evasion items are banned\n|rule|Species Clause: Limit one of each Pok\u00e9mon\n|rule|Sleep Clause Mod: Limit one foe put to sleep\n|rule|Mega Rayquaza Clause: You cannot mega evolve Rayquaza\n|clearpoke\n|poke|p1|Hippowdon, M|\n|poke|p1|Clodsire, M|\n|poke|p1|Gliscor, F|\n|poke|p1|Camerupt, F|\n|poke|p1|Excadrill, M|\n|poke|p1|Garchomp, M|\n|poke|p2|Corviknight, F|\n|poke|p2|Empoleon, M|\n|poke|p2|Duraludon, M|\n|poke|p2|Aegislash, F|\n|poke|p2|Metagross|\n|poke|p2|Kingambit, F|\n|teampreview\n|\n|t:|1698956653\n|start\n|switch|p1a: The Don of Hip|Hippowdon, M|100\/100\n|switch|p2a: Sire|Corviknight, F|100\/100\n|-ability|p2a: Sire|Pressure\n|-weather|Sandstorm|[from] ability: Sand Stream|[of] p1a: The Don of Hip\n|turn|1\n|\n|t:|1698956664\n|move|p2a: Sire|Bulk Up|p2a: Sire\n|-boost|p2a: Sire|atk|1\n|-boost|p2a: Sire|def|1\n|move|p1a: The Don of Hip|Curse|p1a: The Don of Hip\n|-unboost|p1a: The Don of Hip|spe|1\n|-boost|p1a: The Don of Hip|atk|1\n|-boost|p1a: The Don of Hip|def|1\n|\n|-weather|Sandstorm|[upkeep]\n|upkeep\n|turn|2\n|\n|t:|1698956675\n|move|p2a: Sire|Bulk Up|p2a: Sire\n|-boost|p2a: Sire|atk|1\n|-boost|p2a: Sire|def|1\n|move|p1a: The Don of Hip|Curse|p1a: The Don of Hip\n|-unboost|p1a: The Don of Hip|spe|1\n|-boost|p1a: The Don of Hip|atk|1\n|-boost|p1a: The Don of Hip|def|1\n|\n|-weather|Sandstorm|[upkeep]\n|upkeep\n|turn|3\n|\n|t:|1698956685\n|move|p2a: Sire|Bulk Up|p2a: Sire\n|-boost|p2a: Sire|atk|1\n|-boost|p2a: Sire|def|1\n|move|p1a: The Don of Hip|Curse|p1a: The Don of Hip\n|-unboost|p1a: The Don of Hip|spe|1\n|-boost|p1a: The Don of Hip|atk|1\n|-boost|p1a: The Don of Hip|def|1\n|\n|-weather|Sandstorm|[upkeep]\n|upkeep\n|turn|4\n|c|\u2606GibleJ523|hm\n|\n|t:|1698956694\n|move|p2a: Sire|Bulk Up|p2a: Sire\n|-boost|p2a: Sire|atk|1\n|-boost|p2a: Sire|def|1\n|move|p1a: The Don of Hip|Curse|p1a: The Don of Hip\n|-unboost|p1a: The Don of Hip|spe|1\n|-boost|p1a: The Don of Hip|atk|1\n|-boost|p1a: The Don of Hip|def|1\n|\n|-weather|Sandstorm|[upkeep]\n|upkeep\n|turn|5\n|\n|t:|1698956706\n|move|p2a: Sire|Body Press|p1a: The Don of Hip\n|-damage|p1a: The Don of Hip|80\/100\n|move|p1a: The Don of Hip|Fire Fang|p2a: Sire\n|-supereffective|p2a: Sire\n|-damage|p2a: Sire|71\/100\n|-status|p2a: Sire|brn\n|-damage|p1a: The Don of Hip|64\/100|[from] item: Rocky Helmet|[of] p2a: Sire\n|\n|-weather|Sandstorm|[upkeep]\n|-damage|p2a: Sire|65\/100 brn|[from] brn\n|upkeep\n|turn|6\n|\n|t:|1698956723\n|move|p2a: Sire|Body Press|p1a: The Don of Hip\n|-damage|p1a: The Don of Hip|54\/100\n|move|p1a: The Don of Hip|Fire Fang|p2a: Sire\n|-supereffective|p2a: Sire\n|-damage|p2a: Sire|40\/100 brn\n|-damage|p1a: The Don of Hip|38\/100|[from] item: Rocky Helmet|[of] p2a: Sire\n|\n|-weather|Sandstorm|[upkeep]\n|-damage|p2a: Sire|33\/100 brn|[from] brn\n|upkeep\n|turn|7\n|\n|t:|1698956743\n|move|p2a: Sire|Body Press|p1a: The Don of Hip\n|-damage|p1a: The Don of Hip|29\/100\n|move|p1a: The Don of Hip|Fire Fang|p2a: Sire\n|-supereffective|p2a: Sire\n|-damage|p2a: Sire|7\/100 brn\n|-damage|p1a: The Don of Hip|12\/100|[from] item: Rocky Helmet|[of] p2a: Sire\n|\n|-weather|Sandstorm|[upkeep]\n|-damage|p2a: Sire|1\/100 brn|[from] brn\n|upkeep\n|turn|8\n|\n|t:|1698956759\n|move|p2a: Sire|U-turn|p1a: The Don of Hip\n|-damage|p1a: The Don of Hip|8\/100\n|\n|t:|1698956766\n|switch|p2a: Napoleon|Empoleon, M|100\/100|[from] U-turn\n|move|p1a: The Don of Hip|Fire Fang|p2a: Napoleon\n|-damage|p2a: Napoleon|38\/100\n|\n|-weather|none\n|upkeep\n|turn|9\n|\n|t:|1698956780\n|move|p2a: Napoleon|Surf|p1a: The Don of Hip\n|-supereffective|p1a: The Don of Hip\n|-damage|p1a: The Don of Hip|0 fnt\n|faint|p1a: The Don of Hip\n|\n|upkeep\n|\n|t:|1698956785\n|switch|p1a: The Sire of Clod|Clodsire, M|100\/100\n|turn|10\n|\n|t:|1698956796\n|move|p2a: Napoleon|Ice Beam|p1a: The Sire of Clod\n|-supereffective|p1a: The Sire of Clod\n|-damage|p1a: The Sire of Clod|69\/100\n|move|p1a: The Sire of Clod|Stealth Rock|p2a: Napoleon\n|-sidestart|p2: Dragonnightwing|move: Stealth Rock\n|\n|upkeep\n|turn|11\n|\n|t:|1698956803\n|move|p1a: The Sire of Clod|Protect|p1a: The Sire of Clod\n|-singleturn|p1a: The Sire of Clod|Protect\n|move|p2a: Napoleon|Ice Beam|p1a: The Sire of Clod\n|-activate|p1a: The Sire of Clod|move: Protect\n|\n|upkeep\n|turn|12\n|\n|t:|1698956809\n|move|p2a: Napoleon|Ice Beam|p1a: The Sire of Clod\n|-supereffective|p1a: The Sire of Clod\n|-damage|p1a: The Sire of Clod|34\/100\n|move|p1a: The Sire of Clod|Earthquake|p2a: Napoleon\n|-supereffective|p2a: Napoleon\n|-damage|p2a: Napoleon|0 fnt\n|faint|p2a: Napoleon\n|\n|upkeep\n|\n|t:|1698956826\n|switch|p2a: Donnie|Duraludon, M|100\/100\n|-damage|p2a: Donnie|94\/100|[from] Stealth Rock\n|turn|13\n|\n|t:|1698956838\n|move|p2a: Donnie|Dragon Pulse|p1a: The Sire of Clod\n|-damage|p1a: The Sire of Clod|9\/100\n|move|p1a: The Sire of Clod|Earthquake|p2a: Donnie\n|-supereffective|p2a: Donnie\n|-damage|p2a: Donnie|47\/100\n|\n|upkeep\n|turn|14\n|\n|t:|1698956845\n|move|p1a: The Sire of Clod|Protect|p1a: The Sire of Clod\n|-singleturn|p1a: The Sire of Clod|Protect\n|move|p2a: Donnie|Dragon Pulse|p1a: The Sire of Clod\n|-activate|p1a: The Sire of Clod|move: Protect\n|\n|upkeep\n|turn|15\n|\n|t:|1698956852\n|move|p2a: Donnie|Dragon Pulse|p1a: The Sire of Clod\n|-damage|p1a: The Sire of Clod|0 fnt\n|faint|p1a: The Sire of Clod\n|\n|upkeep\n|\n|t:|1698956858\n|switch|p1a: v ate uranium-90|Gliscor, F, shiny|100\/100\n|turn|16\n|\n|t:|1698956865\n|move|p1a: v ate uranium-90|Fire Fang|p2a: Donnie\n|-damage|p2a: Donnie|31\/100\n|move|p2a: Donnie|Iron Defense|p2a: Donnie\n|-boost|p2a: Donnie|def|2\n|\n|-status|p1a: v ate uranium-90|tox|[from] item: Toxic Orb\n|upkeep\n|turn|17\n|\n|t:|1698956877\n|move|p1a: v ate uranium-90|Earthquake|p2a: Donnie\n|-supereffective|p2a: Donnie\n|-damage|p2a: Donnie|0 fnt\n|faint|p2a: Donnie\n|\n|upkeep\n|\n|t:|1698956891\n|switch|p2a: Agatha|Aegislash, F|100\/100\n|-damage|p2a: Agatha|94\/100|[from] Stealth Rock\n|turn|18\n|\n|t:|1698956901\n|move|p1a: v ate uranium-90|Earthquake|p2a: Agatha\n|-supereffective|p2a: Agatha\n|-damage|p2a: Agatha|20\/100\n|-formechange|p2a: Agatha|Aegislash-Blade||[from] ability: Stance Change\n|move|p2a: Agatha|Hidden Power|p1a: v ate uranium-90\n|-supereffective|p1a: v ate uranium-90\n|-damage|p1a: v ate uranium-90|46\/100 tox\n|\n|-heal|p1a: v ate uranium-90|58\/100 tox|[from] ability: Poison Heal\n|upkeep\n|turn|19\n|\n|t:|1698956912\n|move|p1a: v ate uranium-90|Crabhammer|p2a: Agatha\n|-damage|p2a: Agatha|0 fnt\n|faint|p2a: Agatha\n|\n|-heal|p1a: v ate uranium-90|70\/100 tox|[from] ability: Poison Heal\n|upkeep\n|\n|t:|1698956920\n|switch|p2a: Shelldon|Metagross|100\/100\n|-damage|p2a: Shelldon|94\/100|[from] Stealth Rock\n|turn|20\n|\n|t:|1698956948\n|move|p1a: v ate uranium-90|Earthquake|p2a: Shelldon\n|-supereffective|p2a: Shelldon\n|-damage|p2a: Shelldon|29\/100\n|-enditem|p2a: Shelldon|Weakness Policy\n|-boost|p2a: Shelldon|atk|2|[from] item: Weakness Policy\n|-boost|p2a: Shelldon|spa|2|[from] item: Weakness Policy\n|move|p2a: Shelldon|Zen Headbutt|p1a: v ate uranium-90\n|-damage|p1a: v ate uranium-90|4\/100 tox\n|\n|-heal|p1a: v ate uranium-90|16\/100 tox|[from] ability: Poison Heal\n|upkeep\n|turn|21\n|\n|t:|1698956962\n|move|p1a: v ate uranium-90|Crabhammer|p2a: Shelldon\n|-damage|p2a: Shelldon|9\/100\n|move|p2a: Shelldon|Zen Headbutt|p1a: v ate uranium-90\n|-damage|p1a: v ate uranium-90|0 fnt\n|faint|p1a: v ate uranium-90\n|\n|upkeep\n|\n|t:|1698956970\n|switch|p1a: Umbreon?|Camerupt, F, shiny|100\/100\n|turn|22\n|\n|t:|1698956981\n|move|p2a: Shelldon|Rock Tomb|p1a: Umbreon?\n|-damage|p1a: Umbreon?|53\/100\n|-unboost|p1a: Umbreon?|spe|1\n|move|p1a: Umbreon?|Earth Power|p2a: Shelldon\n|-supereffective|p2a: Shelldon\n|-damage|p2a: Shelldon|0 fnt\n|faint|p2a: Shelldon\n|\n|upkeep\n|\n|t:|1698956991\n|switch|p2a: Sire|Corviknight, F|1\/100 brn\n|-damage|p2a: Sire|0 fnt|[from] Stealth Rock\n|faint|p2a: Sire\n|\n|t:|1698956995\n|switch|p2a: Chess|Kingambit, F|100\/100\n|-damage|p2a: Chess|94\/100|[from] Stealth Rock\n|-activate|p2a: Chess|ability: Supreme Overlord\n|-start|p2a: Chess|fallen5|[silent]\n|turn|23\n|c|\u2606GibleJ523|uh oh\n|c|\u2606Dragonnightwing|Hehehehehe\n|\n|t:|1698957013\n|move|p2a: Chess|Sucker Punch|p1a: Umbreon?\n|-damage|p1a: Umbreon?|0 fnt\n|faint|p1a: Umbreon?\n|\n|upkeep\n|\n|t:|1698957020\n|switch|p1a: The Drillinator|Excadrill, M, shiny|100\/100\n|turn|24\n|\n|t:|1698957031\n|move|p2a: Chess|Sucker Punch||[still]\n|-fail|p2a: Chess\n|move|p1a: The Drillinator|Sandstorm|p1a: The Drillinator\n|-weather|Sandstorm\n|\n|-weather|Sandstorm|[upkeep]\n|upkeep\n|turn|25\n|\n|t:|1698957041\n|move|p2a: Chess|Sucker Punch|p1a: The Drillinator\n|-damage|p1a: The Drillinator|17\/100\n|move|p1a: The Drillinator|Brick Break|p2a: Chess\n|-supereffective|p2a: Chess\n|-damage|p2a: Chess|15\/100\n|\n|-weather|Sandstorm|[upkeep]\n|upkeep\n|turn|26\n|\n|t:|1698957051\n|move|p2a: Chess|Sucker Punch|p1a: The Drillinator\n|-damage|p1a: The Drillinator|0 fnt\n|faint|p1a: The Drillinator\n|\n|-weather|Sandstorm|[upkeep]\n|upkeep\n|\n|t:|1698957055\n|switch|p1a: Gible (real)|Garchomp, M|100\/100\n|turn|27\n|\n|t:|1698957066\n|-terastallize|p1a: Gible (real)|Ground\n|move|p2a: Chess|Sucker Punch|p1a: Gible (real)\n|-damage|p1a: Gible (real)|35\/100\n|-damage|p2a: Chess|3\/100|[from] ability: Rough Skin|[of] p1a: Gible (real)\n|-damage|p2a: Chess|0 fnt|[from] item: Rocky Helmet|[of] p1a: Gible (real)\n|faint|p2a: Chess\n|-end|p2a: Chess|fallen5|[silent]\n|\n|win|GibleJ523\n|c|\u2606Dragonnightwing|GG!\n","uploadtime":1698957084,"views":15,"p1id":"giblej523","p2id":"dragonnightwing","formatid":"gen9nationaldexubers","rating":0,"private":0,"password":""}