{"id":"gen9nationaldexubers-1986404115","p1":"CharninjaGamingYT","p2":"techninja850","format":"[Gen 9] National Dex Ubers","log":"|j|\u2606CharninjaGamingYT\n|j|\u2606techninja850\n|t:|1699476111\n|gametype|singles\n|player|p1|CharninjaGamingYT|turo-ai|1158\n|player|p2|techninja850|266|1148\n|teamsize|p1|6\n|teamsize|p2|6\n|gen|9\n|tier|[Gen 9] National Dex Ubers\n|rated|\n|rule|HP Percentage Mod: HP is shown in percentages\n|rule|Endless Battle Clause: Forcing endless battles is banned\n|rule|OHKO Clause: OHKO moves are banned\n|rule|Evasion Moves Clause: Evasion moves are banned\n|rule|Evasion Items Clause: Evasion items are banned\n|rule|Species Clause: Limit one of each Pok\u00e9mon\n|rule|Sleep Clause Mod: Limit one foe put to sleep\n|rule|Mega Rayquaza Clause: You cannot mega evolve Rayquaza\n|clearpoke\n|poke|p1|Aegislash, M|\n|poke|p1|Magnezone|\n|poke|p1|Muk, F|\n|poke|p1|Porygon-Z|\n|poke|p1|Scizor, F|\n|poke|p1|Metagross|\n|poke|p2|Oshawott, M|\n|poke|p2|Greninja-*, M|\n|poke|p2|Blastoise, M|\n|poke|p2|Grimmsnarl, M|\n|poke|p2|Gengar, F|\n|poke|p2|Kingambit, M|\n|teampreview\n|inactive|Battle timer is ON: inactive players will automatically lose when time's up. (requested by CharninjaGamingYT)\n|\n|t:|1699476116\n|start\n|switch|p1a: T-1|Magnezone|100\/100\n|switch|p2a: Mr.Beast|Grimmsnarl, M, shiny|100\/100\n|turn|1\n|\n|t:|1699476122\n|move|p2a: Mr.Beast|Fake Out|p1a: T-1\n|-resisted|p1a: T-1\n|-damage|p1a: T-1|94\/100\n|cant|p1a: T-1|flinch\n|\n|upkeep\n|turn|2\n|\n|t:|1699476128\n|move|p2a: Mr.Beast|Taunt|p1a: T-1\n|-start|p1a: T-1|move: Taunt\n|move|p1a: T-1|Flash Cannon|p2a: Mr.Beast\n|-supereffective|p2a: Mr.Beast\n|-damage|p2a: Mr.Beast|0 fnt\n|faint|p2a: Mr.Beast\n|\n|upkeep\n|\n|t:|1699476136\n|switch|p2a: Masterbaiter|Gengar, F|100\/100\n|turn|3\n|\n|t:|1699476144\n|switch|p1a: T-1000 (polyalloy)|Muk, F|100\/100\n|move|p2a: Masterbaiter|Fire Punch|p1a: T-1000 (polyalloy)\n|-damage|p1a: T-1000 (polyalloy)|82\/100\n|\n|upkeep\n|turn|4\n|\n|t:|1699476150\n|move|p2a: Masterbaiter|Shadow Ball|p1a: T-1000 (polyalloy)\n|-damage|p1a: T-1000 (polyalloy)|63\/100\n|-unboost|p1a: T-1000 (polyalloy)|spd|1\n|move|p1a: T-1000 (polyalloy)|Knock Off|p2a: Masterbaiter\n|-supereffective|p2a: Masterbaiter\n|-enditem|p2a: Masterbaiter|Focus Sash\n|-damage|p2a: Masterbaiter|1\/100\n|\n|upkeep\n|turn|5\n|\n|t:|1699476158\n|move|p1a: T-1000 (polyalloy)|Shadow Sneak|p2a: Masterbaiter\n|-supereffective|p2a: Masterbaiter\n|-damage|p2a: Masterbaiter|0 fnt\n|faint|p2a: Masterbaiter\n|\n|upkeep\n|\n|t:|1699476172\n|switch|p2a: \u96c0\u8702\u96f7\u516c\u97ad|Blastoise, M|100\/100\n|turn|6\n|\n|t:|1699476178\n|detailschange|p2a: \u96c0\u8702\u96f7\u516c\u97ad|Blastoise-Mega, M\n|-mega|p2a: \u96c0\u8702\u96f7\u516c\u97ad|Blastoise|Blastoisinite\n|move|p2a: \u96c0\u8702\u96f7\u516c\u97ad|Hydro Pump|p1a: T-1000 (polyalloy)\n|-damage|p1a: T-1000 (polyalloy)|6\/100\n|move|p1a: T-1000 (polyalloy)|Knock Off|p2a: \u96c0\u8702\u96f7\u516c\u97ad\n|-crit|p2a: \u96c0\u8702\u96f7\u516c\u97ad\n|-damage|p2a: \u96c0\u8702\u96f7\u516c\u97ad|75\/100\n|\n|upkeep\n|turn|7\n|inactive|CharninjaGamingYT has 120 seconds left.\n|c|\u2606CharninjaGamingYT|Bird Bee Thunder Whip\n|\n|t:|1699476211\n|move|p1a: T-1000 (polyalloy)|Shadow Sneak|p2a: \u96c0\u8702\u96f7\u516c\u97ad\n|-damage|p2a: \u96c0\u8702\u96f7\u516c\u97ad|64\/100\n|move|p2a: \u96c0\u8702\u96f7\u516c\u97ad|Ice Beam|p1a: T-1000 (polyalloy)\n|-damage|p1a: T-1000 (polyalloy)|0 fnt\n|faint|p1a: T-1000 (polyalloy)\n|\n|upkeep\n|inactive|CharninjaGamingYT has 120 seconds left.\n|\n|t:|1699476217\n|switch|p1a: T-1|Magnezone|94\/100\n|turn|8\n|c|\u2606techninja850|what is bro yapping ab\n|\n|t:|1699476229\n|move|p2a: \u96c0\u8702\u96f7\u516c\u97ad|Hydro Pump|p1a: T-1|[miss]\n|-miss|p2a: \u96c0\u8702\u96f7\u516c\u97ad|p1a: T-1\n|move|p1a: T-1|Volt Switch|p2a: \u96c0\u8702\u96f7\u516c\u97ad\n|-supereffective|p2a: \u96c0\u8702\u96f7\u516c\u97ad\n|-damage|p2a: \u96c0\u8702\u96f7\u516c\u97ad|0 fnt\n|faint|p2a: \u96c0\u8702\u96f7\u516c\u97ad\n|c|\u2606CharninjaGamingYT|that's your blastoises nickname\n|\n|t:|1699476242\n|switch|p1a: T-1000|Scizor, F|100\/100|[from] Volt Switch\n|\n|upkeep\n|c|\u2606CharninjaGamingYT|and your gengars nickname :skull:\n|\n|t:|1699476253\n|switch|p2a: Dattebayo|Greninja, M, shiny|100\/100\n|turn|9\n|\n|t:|1699476262\n|move|p2a: Dattebayo|Low Kick|p1a: T-1000\n|-start|p2a: Dattebayo|typechange|Fighting|[from] ability: Protean\n|-damage|p1a: T-1000|70\/100\n|move|p1a: T-1000|U-turn|p2a: Dattebayo\n|-resisted|p2a: Dattebayo\n|-damage|p2a: Dattebayo|76\/100\n|\n|t:|1699476277\n|switch|p1a: Skynet|Porygon-Z|100\/100|[from] U-turn\n|\n|upkeep\n|turn|10\n|\n|t:|1699476283\n|-terastallize|p1a: Skynet|Normal\n|move|p1a: Skynet|Tri Attack|p2a: Dattebayo\n|-damage|p2a: Dattebayo|0 fnt\n|faint|p2a: Dattebayo\n|\n|upkeep\n|\n|t:|1699476289\n|switch|p2a: Oshiwashi :3|Oshawott, M|100\/100\n|turn|11\n|\n|t:|1699476297\n|move|p1a: Skynet|Tri Attack|p2a: Oshiwashi :3\n|-enditem|p2a: Oshiwashi :3|Focus Sash\n|-damage|p2a: Oshiwashi :3|1\/100\n|move|p2a: Oshiwashi :3|Icy Wind|p1a: Skynet\n|-damage|p1a: Skynet|83\/100\n|-unboost|p1a: Skynet|spe|1\n|\n|upkeep\n|turn|12\n|\n|t:|1699476307\n|switch|p1a: T-1000|Scizor, F|70\/100\n|move|p2a: Oshiwashi :3|Aqua Jet|p1a: T-1000\n|-damage|p1a: T-1000|59\/100\n|\n|-heal|p1a: T-1000|65\/100|[from] item: Leftovers\n|upkeep\n|turn|13\n|\n|t:|1699476315\n|move|p2a: Oshiwashi :3|Aqua Jet|p1a: T-1000\n|-damage|p1a: T-1000|55\/100\n|move|p1a: T-1000|U-turn|p2a: Oshiwashi :3\n|-damage|p2a: Oshiwashi :3|0 fnt\n|faint|p2a: Oshiwashi :3\n|\n|t:|1699476320\n|switch|p1a: T-1000 (Sword)|Aegislash, M|100\/100|[from] U-turn\n|\n|upkeep\n|\n|t:|1699476323\n|switch|p2a: Iguodala|Kingambit, M|100\/100\n|-activate|p2a: Iguodala|ability: Supreme Overlord\n|-start|p2a: Iguodala|fallen5|[silent]\n|-item|p2a: Iguodala|Air Balloon\n|turn|14\n|\n|t:|1699476328\n|-terastallize|p2a: Iguodala|Fairy\n|move|p1a: T-1000 (Sword)|King's Shield|p1a: T-1000 (Sword)\n|-singleturn|p1a: T-1000 (Sword)|Protect\n|move|p2a: Iguodala|Swords Dance|p2a: Iguodala\n|-boost|p2a: Iguodala|atk|2\n|\n|upkeep\n|turn|15\n|\n|t:|1699476344\n|-formechange|p1a: T-1000 (Sword)|Aegislash-Blade||[from] ability: Stance Change\n|move|p1a: T-1000 (Sword)|Shadow Ball|p2a: Iguodala\n|-damage|p2a: Iguodala|63\/100\n|-enditem|p2a: Iguodala|Air Balloon\n|move|p2a: Iguodala|Kowtow Cleave|p1a: T-1000 (Sword)\n|-supereffective|p1a: T-1000 (Sword)\n|-damage|p1a: T-1000 (Sword)|0 fnt\n|faint|p1a: T-1000 (Sword)\n|\n|upkeep\n|\n|t:|1699476354\n|switch|p1a: T-1|Magnezone|94\/100\n|turn|16\n|\n|t:|1699476358\n|switch|p1a: Skynet|Porygon-Z, tera:Normal|83\/100\n|move|p2a: Iguodala|Sucker Punch||[still]\n|-fail|p2a: Iguodala\n|\n|upkeep\n|turn|17\n|\n|t:|1699476364\n|switch|p1a: T-1|Magnezone|94\/100\n|move|p2a: Iguodala|Sucker Punch||[still]\n|-fail|p2a: Iguodala\n|\n|upkeep\n|turn|18\n|\n|t:|1699476369\n|switch|p1a: Skynet|Porygon-Z, tera:Normal|83\/100\n|move|p2a: Iguodala|Sucker Punch||[still]\n|-fail|p2a: Iguodala\n|\n|upkeep\n|turn|19\n|\n|t:|1699476374\n|move|p1a: Skynet|Tri Attack|p2a: Iguodala\n|-damage|p2a: Iguodala|0 fnt\n|faint|p2a: Iguodala\n|-end|p2a: Iguodala|fallen5|[silent]\n|\n|win|CharninjaGamingYT\n|raw|CharninjaGamingYT's rating: 1158 &rarr; <strong>1182<\/strong><br \/>(+24 for winning)\n|raw|techninja850's rating: 1148 &rarr; <strong>1124<\/strong><br \/>(-24 for losing)\n|l|\u2606techninja850\n|c|\u2606CharninjaGamingYT|your terminated\n","uploadtime":1699476389,"views":5,"p1id":"charninjagamingyt","p2id":"techninja850","formatid":"gen9nationaldexubers","rating":1124,"private":0,"password":""}