{"id":"gen9nationaldexubers-1988979614","p1":"Neosouls","p2":"Laewen","format":"[Gen 9] National Dex Ubers","log":"|j|\u2606Neosouls\n|j|\u2606Laewen\n|t:|1699797713\n|gametype|singles\n|player|p1|Neosouls|marlon|\n|player|p2|Laewen|cyrus|\n|teamsize|p1|3\n|teamsize|p2|3\n|gen|9\n|tier|[Gen 9] National Dex Ubers\n|rule|HP Percentage Mod: HP is shown in percentages\n|rule|Endless Battle Clause: Forcing endless battles is banned\n|rule|OHKO Clause: OHKO moves are banned\n|rule|Evasion Moves Clause: Evasion moves are banned\n|rule|Evasion Items Clause: Evasion items are banned\n|rule|Species Clause: Limit one of each Pok\u00e9mon\n|rule|Sleep Clause Mod: Limit one foe put to sleep\n|rule|Mega Rayquaza Clause: You cannot mega evolve Rayquaza\n|clearpoke\n|poke|p1|Pinsir, L30, F|\n|poke|p1|Electrode-Hisui, L27|\n|poke|p1|Centiskorch, L29, M|\n|poke|p2|Dartrix, L30, F|\n|poke|p2|Luxray, L30, F|\n|poke|p2|Fletchinder, L30, M|\n|teampreview\n|\n|t:|1699797734\n|start\n|switch|p1a: Centiskorch|Centiskorch, L29, M|100\/100\n|switch|p2a: Luxray|Luxray, L30, F|100\/100\n|turn|1\n|\n|t:|1699797752\n|move|p2a: Luxray|Spark|p1a: Centiskorch\n|-damage|p1a: Centiskorch|76\/100\n|move|p1a: Centiskorch|Fire Lash|p2a: Luxray\n|-damage|p2a: Luxray|51\/100\n|-unboost|p2a: Luxray|def|1\n|\n|upkeep\n|turn|2\n|\n|t:|1699797763\n|switch|p2a: Fletchinder|Fletchinder, L30, M|100\/100\n|move|p1a: Centiskorch|Bite|p2a: Fletchinder\n|-damage|p2a: Fletchinder|69\/100\n|\n|upkeep\n|turn|3\n|\n|t:|1699797777\n|move|p2a: Fletchinder|Acrobatics|p1a: Centiskorch\n|-supereffective|p1a: Centiskorch\n|-damage|p1a: Centiskorch|0 fnt\n|faint|p1a: Centiskorch\n|\n|upkeep\n|inactive|Battle timer is ON: inactive players will automatically lose when time's up. (requested by Laewen)\n|\n|t:|1699797783\n|switch|p1a: Electrode|Electrode-Hisui, L27|100\/100\n|turn|4\n|\n|t:|1699797793\n|move|p1a: Electrode|Thunderbolt|p2a: Fletchinder\n|-supereffective|p2a: Fletchinder\n|-damage|p2a: Fletchinder|0 fnt\n|faint|p2a: Fletchinder\n|\n|upkeep\n|\n|t:|1699797799\n|switch|p2a: Luxray|Luxray, L30, F|51\/100\n|turn|5\n|\n|t:|1699797805\n|move|p1a: Electrode|Giga Drain|p2a: Luxray\n|-damage|p2a: Luxray|20\/100\n|move|p2a: Luxray|Bite|p1a: Electrode\n|-damage|p1a: Electrode|56\/100\n|\n|upkeep\n|turn|6\n|\n|t:|1699797813\n|move|p1a: Electrode|Giga Drain|p2a: Luxray\n|-damage|p2a: Luxray|0 fnt\n|-heal|p1a: Electrode|69\/100|[from] drain|[of] p2a: Luxray\n|faint|p2a: Luxray\n|\n|upkeep\n|\n|t:|1699797817\n|switch|p2a: Dartrix|Dartrix, L30, F|100\/100\n|turn|7\n|\n|t:|1699797826\n|move|p1a: Electrode|Thunderbolt|p2a: Dartrix\n|-damage|p2a: Dartrix|59\/100\n|move|p2a: Dartrix|Pluck|p1a: Electrode\n|-damage|p1a: Electrode|21\/100\n|\n|upkeep\n|turn|8\n|\n|t:|1699797833\n|move|p2a: Dartrix|Shadow Sneak|p1a: Electrode\n|-damage|p1a: Electrode|0 fnt\n|faint|p1a: Electrode\n|\n|upkeep\n|\n|t:|1699797838\n|switch|p1a: Pinsir|Pinsir, L30, F|100\/100\n|turn|9\n|\n|t:|1699797848\n|move|p1a: Pinsir|Swords Dance|p1a: Pinsir\n|-boost|p1a: Pinsir|atk|2\n|move|p2a: Dartrix|Pluck|p1a: Pinsir\n|-supereffective|p1a: Pinsir\n|-damage|p1a: Pinsir|39\/100\n|\n|upkeep\n|turn|10\n|\n|t:|1699797859\n|move|p1a: Pinsir|Quick Attack|p2a: Dartrix\n|-damage|p2a: Dartrix|18\/100\n|move|p2a: Dartrix|Shadow Sneak|p1a: Pinsir\n|-damage|p1a: Pinsir|25\/100\n|\n|upkeep\n|turn|11\n|\n|t:|1699797865\n|move|p1a: Pinsir|Quick Attack|p2a: Dartrix\n|-damage|p2a: Dartrix|0 fnt\n|faint|p2a: Dartrix\n|\n|win|Neosouls\n","uploadtime":1699797873,"views":6,"p1id":"neosouls","p2id":"laewen","formatid":"gen9nationaldexubers","rating":0,"private":0,"password":""}