{"id":"gen9nationaldexubers-1992454724","p1":"yxszd","p2":"Siege Team X","format":"[Gen 9] National Dex Ubers","log":"|j|\u2606yxszd\n|j|\u2606Siege Team X\n|t:|1700189592\n|gametype|singles\n|player|p1|yxszd|dawn-gen4pt|1452\n|player|p2|Siege Team X|veteran|1551\n|teamsize|p1|6\n|teamsize|p2|6\n|gen|9\n|tier|[Gen 9] National Dex Ubers\n|rated|\n|rule|HP Percentage Mod: HP is shown in percentages\n|rule|Endless Battle Clause: Forcing endless battles is banned\n|rule|OHKO Clause: OHKO moves are banned\n|rule|Evasion Moves Clause: Evasion moves are banned\n|rule|Evasion Items Clause: Evasion items are banned\n|rule|Species Clause: Limit one of each Pok\u00e9mon\n|rule|Sleep Clause Mod: Limit one foe put to sleep\n|rule|Mega Rayquaza Clause: You cannot mega evolve Rayquaza\n|clearpoke\n|poke|p1|Banette, M|\n|poke|p1|Alomomola, M|\n|poke|p1|Landorus-Therian, M|\n|poke|p1|Heatran, M|\n|poke|p1|Gholdengo|\n|poke|p1|Ursaluna-Bloodmoon, M|\n|poke|p2|Annihilape, M|\n|poke|p2|Arceus-Flying|\n|poke|p2|Groudon|\n|poke|p2|Necrozma-Dusk-Mane|\n|poke|p2|Yveltal|\n|poke|p2|Genesect|\n|teampreview\n|inactive|Battle timer is ON: inactive players will automatically lose when time's up. (requested by Siege Team X)\n|\n|t:|1700189621\n|start\n|switch|p1a: Alomomola|Alomomola, M, shiny|100\/100\n|switch|p2a: Annihilape|Annihilape, M|100\/100\n|turn|1\n|\n|t:|1700189641\n|move|p2a: Annihilape|Final Gambit|p1a: Alomomola\n|-damage|p1a: Alomomola|21\/100\n|faint|p2a: Annihilape\n|move|p1a: Alomomola|Toxic|p2: Annihilape|[notarget]\n|-fail|p1a: Alomomola\n|\n|upkeep\n|\n|t:|1700189646\n|switch|p2a: Genesect|Genesect, shiny|100\/100\n|-ability|p2a: Genesect|Download|boost\n|-boost|p2a: Genesect|spa|1\n|turn|2\n|\n|t:|1700189652\n|switch|p1a: Heatran|Heatran, M|100\/100\n|move|p2a: Genesect|U-turn|p1a: Heatran\n|-resisted|p1a: Heatran\n|-damage|p1a: Heatran|90\/100\n|\n|t:|1700189660\n|switch|p2a: Groudon|Groudon|100\/100|[from] U-turn\n|detailschange|p2a: Groudon|Groudon-Primal\n|-primal|p2a: Groudon|Red Orb\n|-weather|DesolateLand|[from] ability: Desolate Land|[of] p2a: Groudon\n|\n|-weather|DesolateLand|[upkeep]\n|-heal|p1a: Heatran|96\/100|[from] item: Leftovers\n|upkeep\n|turn|3\n|\n|t:|1700189671\n|switch|p1a: Landorus|Landorus-Therian, M|100\/100\n|-ability|p1a: Landorus|Intimidate|boost\n|-unboost|p2a: Groudon|atk|1\n|move|p2a: Groudon|Rock Tomb|p1a: Landorus\n|-damage|p1a: Landorus|83\/100\n|-unboost|p1a: Landorus|spe|1\n|\n|-weather|DesolateLand|[upkeep]\n|upkeep\n|turn|4\n|\n|t:|1700189679\n|-weather|none\n|switch|p2a: Arceus|Arceus-Flying|100\/100\n|move|p1a: Landorus|Earthquake|p2a: Arceus\n|-immune|p2a: Arceus\n|\n|upkeep\n|turn|5\n|\n|t:|1700189687\n|switch|p1a: Heatran|Heatran, M|96\/100\n|move|p2a: Arceus|Ice Beam|p1a: Heatran\n|-resisted|p1a: Heatran\n|-damage|p1a: Heatran|92\/100\n|\n|-heal|p1a: Heatran|98\/100|[from] item: Leftovers\n|upkeep\n|turn|6\n|\n|t:|1700189706\n|switch|p2a: Necrozma|Necrozma-Dusk-Mane|100\/100\n|move|p1a: Heatran|Magma Storm|p2a: Necrozma\n|-supereffective|p2a: Necrozma\n|-damage|p2a: Necrozma|46\/100\n|-activate|p2a: Necrozma|move: Magma Storm|[of] p1a: Heatran\n|-enditem|p2a: Necrozma|Weakness Policy\n|-boost|p2a: Necrozma|atk|2|[from] item: Weakness Policy\n|-boost|p2a: Necrozma|spa|2|[from] item: Weakness Policy\n|\n|-heal|p1a: Heatran|100\/100|[from] item: Leftovers\n|-damage|p2a: Necrozma|34\/100|[from] move: Magma Storm|[partiallytrapped]\n|upkeep\n|turn|7\n|\n|t:|1700189725\n|-terastallize|p2a: Necrozma|Ground\n|move|p1a: Heatran|Magma Storm|p2a: Necrozma\n|-damage|p2a: Necrozma|0 fnt\n|faint|p2a: Necrozma\n|\n|upkeep\n|\n|t:|1700189732\n|switch|p2a: Groudon|Groudon-Primal|100\/100\n|-weather|DesolateLand|[from] ability: Desolate Land|[of] p2a: Groudon\n|turn|8\n|\n|t:|1700189755\n|switch|p1a: Landorus|Landorus-Therian, M|83\/100\n|-ability|p1a: Landorus|Intimidate|boost\n|-unboost|p2a: Groudon|atk|1\n|move|p2a: Groudon|Bulk Up|p2a: Groudon\n|-boost|p2a: Groudon|atk|1\n|-boost|p2a: Groudon|def|1\n|\n|-weather|DesolateLand|[upkeep]\n|upkeep\n|turn|9\n|inactive|yxszd has 120 seconds left.\n|\n|t:|1700189776\n|move|p1a: Landorus|Earthquake|p2a: Groudon\n|-supereffective|p2a: Groudon\n|-damage|p2a: Groudon|59\/100\n|move|p2a: Groudon|Rock Tomb|p1a: Landorus\n|-damage|p1a: Landorus|57\/100\n|-unboost|p1a: Landorus|spe|1\n|\n|-weather|DesolateLand|[upkeep]\n|upkeep\n|turn|10\n|\n|t:|1700189782\n|move|p2a: Groudon|Bulk Up|p2a: Groudon\n|-boost|p2a: Groudon|atk|1\n|-boost|p2a: Groudon|def|1\n|move|p1a: Landorus|Earthquake|p2a: Groudon\n|-supereffective|p2a: Groudon\n|-damage|p2a: Groudon|26\/100\n|\n|-weather|DesolateLand|[upkeep]\n|upkeep\n|turn|11\n|\n|t:|1700189791\n|move|p2a: Groudon|Heat Crash|p1a: Landorus\n|-damage|p1a: Landorus|0 fnt\n|faint|p1a: Landorus\n|\n|-weather|DesolateLand|[upkeep]\n|upkeep\n|\n|t:|1700189800\n|switch|p1a: Ursaluna|Ursaluna-Bloodmoon, M|100\/100\n|turn|12\n|\n|t:|1700189807\n|move|p2a: Groudon|Heat Crash|p1a: Ursaluna\n|-damage|p1a: Ursaluna|25\/100\n|move|p1a: Ursaluna|Earth Power|p2a: Groudon\n|-supereffective|p2a: Groudon\n|-damage|p2a: Groudon|0 fnt\n|faint|p2a: Groudon\n|-weather|none\n|\n|upkeep\n|\n|t:|1700189814\n|switch|p2a: Genesect|Genesect, shiny|100\/100\n|-ability|p2a: Genesect|Download|boost\n|-boost|p2a: Genesect|spa|1\n|turn|13\n|\n|t:|1700189822\n|move|p2a: Genesect|U-turn|p1a: Ursaluna\n|-damage|p1a: Ursaluna|0 fnt\n|faint|p1a: Ursaluna\n|\n|t:|1700189825\n|switch|p2a: Yveltal|Yveltal|100\/100|[from] U-turn\n|-ability|p2a: Yveltal|Dark Aura\n|\n|upkeep\n|\n|t:|1700189829\n|switch|p1a: Banette|Banette, M|100\/100\n|-item|p2a: Yveltal|Choice Scarf|[from] ability: Frisk|[of] p1a: Banette|[identify]\n|turn|14\n|\n|t:|1700189832\n|detailschange|p1a: Banette|Banette-Mega, M\n|-mega|p1a: Banette|Banette|Banettite\n|move|p1a: Banette|Destiny Bond|p1a: Banette\n|-singlemove|p1a: Banette|Destiny Bond\n|move|p2a: Yveltal|Oblivion Wing|p1a: Banette\n|-damage|p1a: Banette|41\/100\n|\n|upkeep\n|turn|15\n|\n|t:|1700189839\n|move|p2a: Yveltal|Oblivion Wing|p1a: Banette\n|-damage|p1a: Banette|0 fnt\n|faint|p1a: Banette\n|-activate|p1a: Banette|move: Destiny Bond\n|faint|p2a: Yveltal\n|\n|upkeep\n|\n|t:|1700189846\n|switch|p2a: Genesect|Genesect, shiny|100\/100\n|switch|p1a: Gholdengo|Gholdengo|100\/100\n|-ability|p2a: Genesect|Download|boost\n|-boost|p2a: Genesect|spa|1\n|turn|16\n|\n|t:|1700189851\n|move|p2a: Genesect|U-turn|p1a: Gholdengo\n|-resisted|p1a: Gholdengo\n|-damage|p1a: Gholdengo|87\/100\n|\n|t:|1700189854\n|switch|p2a: Arceus|Arceus-Flying|100\/100|[from] U-turn\n|move|p1a: Gholdengo|Shadow Ball|p2a: Arceus\n|-damage|p2a: Arceus|55\/100\n|\n|upkeep\n|turn|17\n|\n|t:|1700189863\n|switch|p1a: Alomomola|Alomomola, M, shiny|54\/100\n|move|p2a: Arceus|Judgment|p1a: Alomomola\n|-crit|p1a: Alomomola\n|-damage|p1a: Alomomola|0 fnt\n|faint|p1a: Alomomola\n|\n|upkeep\n|\n|t:|1700189867\n|switch|p1a: Gholdengo|Gholdengo|87\/100\n|turn|18\n|\n|t:|1700189871\n|move|p2a: Arceus|Judgment|p1a: Gholdengo\n|-resisted|p1a: Gholdengo\n|-damage|p1a: Gholdengo|53\/100\n|move|p1a: Gholdengo|Thunderbolt|p2a: Arceus\n|-supereffective|p2a: Arceus\n|-damage|p2a: Arceus|0 fnt\n|faint|p2a: Arceus\n|\n|upkeep\n|\n|t:|1700189877\n|switch|p2a: Genesect|Genesect, shiny|100\/100\n|-ability|p2a: Genesect|Download|boost\n|-boost|p2a: Genesect|spa|1\n|turn|19\n|\n|t:|1700189885\n|move|p2a: Genesect|Iron Head|p1a: Gholdengo\n|-resisted|p1a: Gholdengo\n|-damage|p1a: Gholdengo|18\/100\n|move|p1a: Gholdengo|Thunderbolt|p2a: Genesect\n|-damage|p2a: Genesect|46\/100\n|\n|upkeep\n|turn|20\n|\n|t:|1700189890\n|move|p2a: Genesect|Iron Head|p1a: Gholdengo\n|-resisted|p1a: Gholdengo\n|-damage|p1a: Gholdengo|0 fnt\n|faint|p1a: Gholdengo\n|\n|upkeep\n|\n|t:|1700189892\n|switch|p1a: Heatran|Heatran, M|100\/100\n|turn|21\n|\n|t:|1700189895\n|move|p2a: Genesect|Iron Head|p1a: Heatran\n|-resisted|p1a: Heatran\n|-damage|p1a: Heatran|89\/100\n|move|p1a: Heatran|Earth Power|p2a: Genesect\n|-damage|p2a: Genesect|15\/100\n|\n|-heal|p1a: Heatran|95\/100|[from] item: Leftovers\n|upkeep\n|turn|22\n|\n|t:|1700189902\n|move|p2a: Genesect|Iron Head|p1a: Heatran\n|-resisted|p1a: Heatran\n|-damage|p1a: Heatran|82\/100\n|cant|p1a: Heatran|flinch\n|\n|-heal|p1a: Heatran|88\/100|[from] item: Leftovers\n|upkeep\n|turn|23\n|\n|t:|1700189908\n|move|p1a: Heatran|Protect|p1a: Heatran\n|-singleturn|p1a: Heatran|Protect\n|move|p2a: Genesect|Iron Head|p1a: Heatran\n|-activate|p1a: Heatran|move: Protect\n|\n|-heal|p1a: Heatran|94\/100|[from] item: Leftovers\n|upkeep\n|turn|24\n|\n|t:|1700189914\n|move|p2a: Genesect|Iron Head|p1a: Heatran\n|-resisted|p1a: Heatran\n|-damage|p1a: Heatran|83\/100\n|move|p1a: Heatran|Earth Power|p2a: Genesect\n|-damage|p2a: Genesect|0 fnt\n|faint|p2a: Genesect\n|\n|win|yxszd\n|raw|yxszd's rating: 1452 &rarr; <strong>1478<\/strong><br \/>(+26 for winning)\n|raw|Siege Team X's rating: 1551 &rarr; <strong>1525<\/strong><br \/>(-26 for losing)\n|l|\u2606Siege Team X\n","uploadtime":1700189999,"views":14,"p1id":"yxszd","p2id":"siegeteamx","formatid":"gen9nationaldexubers","rating":1478,"private":0,"password":""}