{"id":"gen9nationaldexubers-1996003413","p1":"METAL-M0DE\u2702\ufe0f","p2":"Reivya","format":"[Gen 9] National Dex Ubers","log":"|j|\u203dMETAL-M0DE\u2702\ufe0f\n|j|\u2606Reivya\n|t:|1700627932\n|gametype|singles\n|player|p1|METAL-M0DE\u2702\ufe0f|jasmine-contest|1166\n|player|p2|Reivya|jupiter|1065\n|teamsize|p1|6\n|teamsize|p2|6\n|gen|9\n|tier|[Gen 9] National Dex Ubers\n|rated|\n|rule|HP Percentage Mod: HP is shown in percentages\n|rule|Endless Battle Clause: Forcing endless battles is banned\n|rule|OHKO Clause: OHKO moves are banned\n|rule|Evasion Moves Clause: Evasion moves are banned\n|rule|Evasion Items Clause: Evasion items are banned\n|rule|Species Clause: Limit one of each Pok\u00e9mon\n|rule|Sleep Clause Mod: Limit one foe put to sleep\n|rule|Mega Rayquaza Clause: You cannot mega evolve Rayquaza\n|clearpoke\n|poke|p1|Skarmory, M|\n|poke|p1|Lucario, M|\n|poke|p1|Kingambit, M|\n|poke|p1|Magnezone|\n|poke|p1|Tinkaton, F|\n|poke|p1|Necrozma-Dusk-Mane|\n|poke|p2|Gigalith, F|\n|poke|p2|Quagsire, M|\n|poke|p2|Pyukumuku, M|\n|poke|p2|Slurpuff, M|\n|poke|p2|Medicham, F|\n|poke|p2|Gardevoir, F|\n|teampreview\n|c|\u2606Reivya|good luck, have fun\n|\n|t:|1700627949\n|start\n|switch|p1a: Skarmory|Skarmory, M|100\/100\n|switch|p2a: puff|Slurpuff, M|100\/100\n|turn|1\n|\n|t:|1700627957\n|move|p2a: puff|Magic Coat|p2a: puff\n|-singleturn|p2a: puff|move: Magic Coat\n|move|p1a: Skarmory|Swords Dance|p1a: Skarmory\n|-boost|p1a: Skarmory|atk|2\n|\n|upkeep\n|turn|2\n|\n|t:|1700627964\n|move|p2a: puff|Magic Coat|p2a: puff\n|-singleturn|p2a: puff|move: Magic Coat\n|move|p1a: Skarmory|Steel Wing|p2a: puff\n|-supereffective|p2a: puff\n|-damage|p2a: puff|20\/100\n|\n|upkeep\n|turn|3\n|\n|t:|1700627974\n|switch|p2a: woah|Pyukumuku, M|100\/100\n|move|p1a: Skarmory|Metal Claw|p2a: woah\n|-resisted|p2a: woah\n|-damage|p2a: woah|86\/100\n|\n|upkeep\n|turn|4\n|\n|t:|1700627982\n|move|p1a: Skarmory|Swords Dance|p1a: Skarmory\n|-boost|p1a: Skarmory|atk|2\n|move|p2a: woah|Counter||[still]\n|-fail|p2a: woah\n|\n|upkeep\n|turn|5\n|\n|t:|1700627989\n|move|p1a: Skarmory|Swords Dance|p1a: Skarmory\n|-boost|p1a: Skarmory|atk|2\n|move|p2a: woah|Counter||[still]\n|-fail|p2a: woah\n|\n|upkeep\n|turn|6\n|\n|t:|1700627998\n|-zpower|p1a: Skarmory\n|move|p1a: Skarmory|Corkscrew Crash|p2a: woah|[zeffect]\n|-resisted|p2a: woah\n|-damage|p2a: woah|0 fnt\n|-damage|p1a: Skarmory|2\/100|[from] ability: Innards Out|[of] p2a: woah\n|faint|p2a: woah\n|\n|upkeep\n|\n|t:|1700628007\n|switch|p2a: ardhanari|Medicham, F|100\/100\n|turn|7\n|\n|t:|1700628011\n|detailschange|p2a: ardhanari|Medicham-Mega, F\n|-mega|p2a: ardhanari|Medicham|Medichamite\n|move|p2a: ardhanari|Fake Out|p1a: Skarmory\n|-resisted|p1a: Skarmory\n|-damage|p1a: Skarmory|0 fnt\n|faint|p1a: Skarmory\n|\n|upkeep\n|\n|t:|1700628020\n|switch|p1a: Lucario|Lucario, M, shiny|100\/100\n|turn|8\n|\n|t:|1700628027\n|detailschange|p1a: Lucario|Lucario-Mega, M, shiny\n|-mega|p1a: Lucario|Lucario|Lucarionite\n|move|p1a: Lucario|Meteor Mash|p2a: ardhanari\n|-damage|p2a: ardhanari|0 fnt\n|-boost|p1a: Lucario|atk|1\n|faint|p2a: ardhanari\n|\n|upkeep\n|\n|t:|1700628040\n|switch|p2a: quack|Quagsire, M|100\/100\n|turn|9\n|\n|t:|1700628044\n|move|p1a: Lucario|Meteor Mash|p2a: quack\n|-resisted|p2a: quack\n|-damage|p2a: quack|69\/100\n|move|p2a: quack|Curse|p2a: quack\n|-unboost|p2a: quack|spe|1\n|-boost|p2a: quack|atk|1\n|-boost|p2a: quack|def|1\n|\n|-heal|p2a: quack|75\/100|[from] item: Leftovers\n|upkeep\n|turn|10\n|\n|t:|1700628054\n|move|p1a: Lucario|Steel Beam|p2a: quack\n|-resisted|p2a: quack\n|-damage|p2a: quack|26\/100\n|-damage|p1a: Lucario|50\/100|[from] steelbeam\n|move|p2a: quack|Curse|p2a: quack\n|-unboost|p2a: quack|spe|1\n|-boost|p2a: quack|atk|1\n|-boost|p2a: quack|def|1\n|\n|-heal|p2a: quack|32\/100|[from] item: Leftovers\n|upkeep\n|turn|11\n|\n|t:|1700628067\n|move|p1a: Lucario|Steel Beam|p2a: quack\n|-resisted|p2a: quack\n|-damage|p2a: quack|0 fnt\n|-damage|p1a: Lucario|0 fnt|[from] steelbeam\n|faint|p1a: Lucario\n|faint|p2a: quack\n|\n|upkeep\n|\n|t:|1700628077\n|switch|p1a: Magnezone|Magnezone|100\/100\n|switch|p2a: subarashii|Gigalith, F|100\/100\n|turn|12\n|\n|t:|1700628084\n|move|p1a: Magnezone|Steel Beam|p2a: subarashii|[miss]\n|-miss|p1a: Magnezone|p2a: subarashii\n|-damage|p1a: Magnezone|50\/100|[from] steelbeam\n|move|p2a: subarashii|Stealth Rock|p1a: Magnezone\n|-sidestart|p1: METAL-M0DE\u2702\ufe0f|move: Stealth Rock\n|\n|upkeep\n|turn|13\n|\n|t:|1700628095\n|move|p1a: Magnezone|Steel Beam|p2a: subarashii\n|-supereffective|p2a: subarashii\n|-ability|p2a: subarashii|Sturdy\n|-damage|p2a: subarashii|1\/100\n|-damage|p1a: Magnezone|0 fnt|[from] steelbeam\n|faint|p1a: Magnezone\n|move|p2a: subarashii|Rest|p2a: subarashii\n|-status|p2a: subarashii|slp|[from] move: Rest\n|-heal|p2a: subarashii|100\/100 slp|[silent]\n|\n|upkeep\n|\n|t:|1700628107\n|switch|p1a: Tinkaton|Tinkaton, F, shiny|100\/100\n|-damage|p1a: Tinkaton|94\/100|[from] Stealth Rock\n|-ability|p1a: Tinkaton|Mold Breaker\n|turn|14\n|\n|t:|1700628116\n|cant|p2a: subarashii|slp\n|move|p1a: Tinkaton|Swords Dance|p1a: Tinkaton\n|-boost|p1a: Tinkaton|atk|2\n|\n|upkeep\n|turn|15\n|\n|t:|1700628132\n|-terastallize|p1a: Tinkaton|Steel\n|cant|p2a: subarashii|slp\n|move|p1a: Tinkaton|Gigaton Hammer|p2a: subarashii\n|-supereffective|p2a: subarashii\n|-damage|p2a: subarashii|0 fnt\n|faint|p2a: subarashii\n|\n|upkeep\n|\n|t:|1700628146\n|switch|p2a: puff|Slurpuff, M|20\/100\n|turn|16\n|\n|t:|1700628152\n|move|p1a: Tinkaton|Heavy Slam|p2a: puff\n|-supereffective|p2a: puff\n|-damage|p2a: puff|0 fnt\n|faint|p2a: puff\n|\n|upkeep\n|\n|t:|1700628157\n|switch|p2a: sita|Gardevoir, F|100\/100\n|turn|17\n|\n|t:|1700628164\n|-terastallize|p2a: sita|Electric\n|move|p1a: Tinkaton|Gigaton Hammer|p2a: sita\n|-resisted|p2a: sita\n|-damage|p2a: sita|0 fnt\n|faint|p2a: sita\n|\n|win|METAL-M0DE\u2702\ufe0f\n|raw|METAL-M0DE\u2702\ufe0f's rating: 1166 &rarr; <strong>1184<\/strong><br \/>(+18 for winning)\n|raw|Reivya's rating: 1065 &rarr; <strong>1051<\/strong><br \/>(-14 for losing)\n|c|\u2606Reivya|gg\n|l|\u2606Reivya\n","uploadtime":1700628348,"views":0,"p1id":"metalm0de","p2id":"reivya","formatid":"gen9nationaldexubers","rating":1051,"private":0,"password":""}