{"id":"gen9nationaldexubers-1993750214","p1":"Mage212","p2":"Sing & Play","format":"[Gen 9] National Dex Ubers","log":"|j|\u2606Mage212\n|j|\u2606Sing & Play\n|t:|1700352795\n|gametype|singles\n|player|p1|Mage212|supernerd|1152\n|player|p2|Sing & Play|veteranf|1000\n|teamsize|p1|6\n|teamsize|p2|6\n|gen|9\n|tier|[Gen 9] National Dex Ubers\n|rated|\n|rule|HP Percentage Mod: HP is shown in percentages\n|rule|Endless Battle Clause: Forcing endless battles is banned\n|rule|OHKO Clause: OHKO moves are banned\n|rule|Evasion Moves Clause: Evasion moves are banned\n|rule|Evasion Items Clause: Evasion items are banned\n|rule|Species Clause: Limit one of each Pok\u00e9mon\n|rule|Sleep Clause Mod: Limit one foe put to sleep\n|rule|Mega Rayquaza Clause: You cannot mega evolve Rayquaza\n|clearpoke\n|poke|p1|Steelix, M|\n|poke|p1|Hippowdon, F|\n|poke|p1|Kyurem-White|\n|poke|p1|Dracozolt|\n|poke|p1|Sandaconda, F|\n|poke|p1|Quagsire, M|\n|poke|p2|Clefable, F|\n|poke|p2|Unfezant, F|\n|poke|p2|Amoonguss, M|\n|poke|p2|Chandelure, F|\n|poke|p2|Melmetal|\n|poke|p2|Hawlucha, M|\n|teampreview\n|inactive|Battle timer is ON: inactive players will automatically lose when time's up. (requested by Mage212)\n|\n|t:|1700352817\n|start\n|switch|p1a: Kyurem|Kyurem-White|100\/100\n|switch|p2a: Clefable|Clefable, F|100\/100\n|-ability|p1a: Kyurem|Turboblaze\n|turn|1\n|\n|t:|1700352827\n|move|p1a: Kyurem|Freeze-Dry|p2a: Clefable\n|-damage|p2a: Clefable|69\/100\n|move|p2a: Clefable|Stealth Rock|p1a: Kyurem\n|-sidestart|p1: Mage212|move: Stealth Rock\n|\n|-heal|p2a: Clefable|75\/100|[from] item: Leftovers\n|upkeep\n|turn|2\n|\n|t:|1700352847\n|switch|p1a: Steelix|Steelix, M|100\/100\n|-damage|p1a: Steelix|97\/100|[from] Stealth Rock\n|move|p2a: Clefable|Moonblast|p1a: Steelix\n|-resisted|p1a: Steelix\n|-damage|p1a: Steelix|72\/100\n|\n|-heal|p2a: Clefable|81\/100|[from] item: Leftovers\n|upkeep\n|turn|3\n|\n|t:|1700352868\n|switch|p2a: Melmetal|Melmetal|100\/100\n|detailschange|p1a: Steelix|Steelix-Mega, M\n|-mega|p1a: Steelix|Steelix|Steelixite\n|move|p1a: Steelix|Heavy Slam|p2a: Melmetal\n|-resisted|p2a: Melmetal\n|-damage|p2a: Melmetal|95\/100\n|\n|upkeep\n|turn|4\n|inactive|Sing & Play has 120 seconds left.\n|\n|t:|1700352894\n|move|p1a: Steelix|Earthquake|p2a: Melmetal\n|-supereffective|p2a: Melmetal\n|-damage|p2a: Melmetal|38\/100\n|move|p2a: Melmetal|Body Press|p1a: Steelix\n|-supereffective|p1a: Steelix\n|-damage|p1a: Steelix|43\/100\n|\n|upkeep\n|turn|5\n|\n|t:|1700352907\n|switch|p2a: Hawlucha|Hawlucha, M|100\/100\n|move|p1a: Steelix|Earthquake|p2a: Hawlucha\n|-immune|p2a: Hawlucha\n|\n|upkeep\n|turn|6\n|\n|t:|1700352914\n|move|p2a: Hawlucha|Drain Punch|p1a: Steelix\n|-supereffective|p1a: Steelix\n|-damage|p1a: Steelix|5\/100\n|move|p1a: Steelix|Head Smash|p2a: Hawlucha\n|-damage|p2a: Hawlucha|14\/100\n|-damage|p1a: Steelix|0 fnt|[from] Recoil\n|faint|p1a: Steelix\n|\n|upkeep\n|\n|t:|1700352931\n|switch|p1a: Sandaconda|Sandaconda, F|100\/100\n|-damage|p1a: Sandaconda|94\/100|[from] Stealth Rock\n|turn|7\n|inactive|Sing & Play has 120 seconds left.\n|\n|t:|1700352942\n|move|p2a: Hawlucha|Brave Bird|p1a: Sandaconda\n|-damage|p1a: Sandaconda|53\/100\n|-weather|Sandstorm|[from] ability: Sand Spit|[of] p1a: Sandaconda\n|-damage|p2a: Hawlucha|0 fnt|[from] Recoil\n|-enditem|p1a: Sandaconda|Eject Button\n|faint|p2a: Hawlucha\n|\n|t:|1700352950\n|switch|p1a: Dracozolt|Dracozolt|100\/100\n|-damage|p1a: Dracozolt|88\/100|[from] Stealth Rock\n|\n|-weather|Sandstorm|[upkeep]\n|upkeep\n|inactive|Sing & Play has 120 seconds left.\n|\n|t:|1700352976\n|switch|p2a: Amoonguss|Amoonguss, M|100\/100\n|turn|8\n|\n|t:|1700352982\n|move|p1a: Dracozolt|Earthquake|p2a: Amoonguss\n|-damage|p2a: Amoonguss|62\/100\n|move|p2a: Amoonguss|Spore|p1a: Dracozolt\n|-status|p1a: Dracozolt|slp|[from] move: Spore\n|\n|-weather|Sandstorm|[upkeep]\n|-damage|p2a: Amoonguss|55\/100|[from] Sandstorm\n|-heal|p2a: Amoonguss|62\/100|[from] item: Leftovers\n|upkeep\n|turn|9\n|inactive|Sing & Play has 120 seconds left.\n|\n|t:|1700352999\n|cant|p1a: Dracozolt|slp\n|move|p2a: Amoonguss|Sludge Bomb|p1a: Dracozolt\n|-damage|p1a: Dracozolt|47\/100 slp\n|\n|-weather|Sandstorm|[upkeep]\n|-damage|p2a: Amoonguss|55\/100|[from] Sandstorm\n|-heal|p2a: Amoonguss|62\/100|[from] item: Leftovers\n|upkeep\n|turn|10\n|\n|t:|1700353009\n|cant|p1a: Dracozolt|slp\n|move|p2a: Amoonguss|Sludge Bomb|p1a: Dracozolt\n|-damage|p1a: Dracozolt|6\/100 slp\n|\n|-weather|Sandstorm|[upkeep]\n|-damage|p2a: Amoonguss|55\/100|[from] Sandstorm\n|-heal|p2a: Amoonguss|62\/100|[from] item: Leftovers\n|upkeep\n|turn|11\n|inactive|Sing & Play has 120 seconds left.\n|\n|t:|1700353018\n|-curestatus|p1a: Dracozolt|slp|[msg]\n|move|p1a: Dracozolt|Earthquake|p2a: Amoonguss\n|-crit|p2a: Amoonguss\n|-damage|p2a: Amoonguss|2\/100\n|move|p2a: Amoonguss|Sludge Bomb|p1a: Dracozolt\n|-damage|p1a: Dracozolt|0 fnt\n|faint|p1a: Dracozolt\n|\n|-weather|none\n|-heal|p2a: Amoonguss|8\/100|[from] item: Leftovers\n|upkeep\n|\n|t:|1700353030\n|switch|p1a: Kyurem|Kyurem-White|100\/100\n|-damage|p1a: Kyurem|76\/100|[from] Stealth Rock\n|-ability|p1a: Kyurem|Turboblaze\n|turn|12\n|\n|t:|1700353038\n|move|p1a: Kyurem|Earth Power|p2a: Amoonguss\n|-crit|p2a: Amoonguss\n|-damage|p2a: Amoonguss|0 fnt\n|faint|p2a: Amoonguss\n|\n|upkeep\n|inactive|Sing & Play has 120 seconds left.\n|\n|t:|1700353059\n|switch|p2a: Clefable|Clefable, F|81\/100\n|turn|13\n|inactive|Sing & Play has 120 seconds left.\n|\n|t:|1700353068\n|switch|p1a: Quagsire|Quagsire, M|100\/100\n|-damage|p1a: Quagsire|94\/100|[from] Stealth Rock\n|move|p2a: Clefable|Moonblast|p1a: Quagsire\n|-damage|p1a: Quagsire|52\/100\n|\n|-heal|p2a: Clefable|87\/100|[from] item: Leftovers\n|-heal|p1a: Quagsire|58\/100|[from] item: Leftovers\n|upkeep\n|turn|14\n|\n|t:|1700353079\n|switch|p2a: Unfezant|Unfezant, F|100\/100\n|move|p1a: Quagsire|Recover|p1a: Quagsire\n|-heal|p1a: Quagsire|100\/100\n|\n|upkeep\n|turn|15\n|\n|t:|1700353092\n|switch|p1a: Kyurem|Kyurem-White|76\/100\n|-damage|p1a: Kyurem|51\/100|[from] Stealth Rock\n|-ability|p1a: Kyurem|Turboblaze\n|move|p2a: Unfezant|Brave Bird|p1a: Kyurem\n|-damage|p1a: Kyurem|0 fnt\n|faint|p1a: Kyurem\n|-damage|p2a: Unfezant|79\/100|[from] Recoil\n|\n|upkeep\n|\n|t:|1700353105\n|switch|p1a: Quagsire|Quagsire, M|100\/100\n|-damage|p1a: Quagsire|94\/100|[from] Stealth Rock\n|turn|16\n|\n|t:|1700353125\n|switch|p2a: Melmetal|Melmetal|38\/100\n|move|p1a: Quagsire|Recover|p1a: Quagsire\n|-heal|p1a: Quagsire|100\/100\n|\n|upkeep\n|turn|17\n|inactive|Sing & Play has 120 seconds left.\n|\n|t:|1700353149\n|move|p1a: Quagsire|Earthquake|p2a: Melmetal\n|-supereffective|p2a: Melmetal\n|-damage|p2a: Melmetal|4\/100\n|move|p2a: Melmetal|Body Press|p1a: Quagsire\n|-crit|p1a: Quagsire\n|-damage|p1a: Quagsire|68\/100\n|\n|-heal|p1a: Quagsire|74\/100|[from] item: Leftovers\n|upkeep\n|turn|18\n|inactive|Sing & Play has 120 seconds left.\n|\n|t:|1700353165\n|move|p1a: Quagsire|Earthquake|p2a: Melmetal\n|-supereffective|p2a: Melmetal\n|-damage|p2a: Melmetal|0 fnt\n|faint|p2a: Melmetal\n|\n|-heal|p1a: Quagsire|80\/100|[from] item: Leftovers\n|upkeep\n|\n|t:|1700353192\n|switch|p2a: Clefable|Clefable, F|87\/100\n|turn|19\n|\n|t:|1700353200\n|move|p2a: Clefable|Thunder Wave|p1a: Quagsire\n|-immune|p1a: Quagsire\n|move|p1a: Quagsire|Yawn|p2a: Clefable\n|-start|p2a: Clefable|move: Yawn|[of] p1a: Quagsire\n|\n|-heal|p2a: Clefable|93\/100|[from] item: Leftovers\n|-heal|p1a: Quagsire|87\/100|[from] item: Leftovers\n|upkeep\n|turn|20\n|\n|t:|1700353214\n|move|p2a: Clefable|Moonblast|p1a: Quagsire\n|-damage|p1a: Quagsire|42\/100\n|move|p1a: Quagsire|Liquidation|p2a: Clefable\n|-damage|p2a: Clefable|67\/100\n|\n|-heal|p2a: Clefable|73\/100|[from] item: Leftovers\n|-heal|p1a: Quagsire|48\/100|[from] item: Leftovers\n|-end|p2a: Clefable|move: Yawn|[silent]\n|-status|p2a: Clefable|slp\n|upkeep\n|turn|21\n|\n|t:|1700353231\n|cant|p2a: Clefable|slp\n|move|p1a: Quagsire|Recover|p1a: Quagsire\n|-heal|p1a: Quagsire|98\/100\n|\n|-heal|p2a: Clefable|79\/100 slp|[from] item: Leftovers\n|-heal|p1a: Quagsire|100\/100|[from] item: Leftovers\n|upkeep\n|turn|22\n|\n|t:|1700353240\n|cant|p2a: Clefable|slp\n|move|p1a: Quagsire|Liquidation|p2a: Clefable\n|-damage|p2a: Clefable|50\/100 slp\n|\n|-heal|p2a: Clefable|56\/100 slp|[from] item: Leftovers\n|upkeep\n|turn|23\n|\n|t:|1700353248\n|-curestatus|p2a: Clefable|slp|[msg]\n|move|p2a: Clefable|Soft-Boiled|p2a: Clefable\n|-heal|p2a: Clefable|100\/100\n|move|p1a: Quagsire|Earthquake|p2a: Clefable\n|-damage|p2a: Clefable|65\/100\n|\n|-heal|p2a: Clefable|71\/100|[from] item: Leftovers\n|upkeep\n|turn|24\n|\n|t:|1700353259\n|move|p2a: Clefable|Moonblast|p1a: Quagsire\n|-damage|p1a: Quagsire|62\/100\n|move|p1a: Quagsire|Liquidation|p2a: Clefable\n|-damage|p2a: Clefable|41\/100\n|\n|-heal|p2a: Clefable|47\/100|[from] item: Leftovers\n|-heal|p1a: Quagsire|68\/100|[from] item: Leftovers\n|upkeep\n|turn|25\n|inactive|Sing & Play has 120 seconds left.\n|\n|t:|1700353272\n|move|p2a: Clefable|Moonblast|p1a: Quagsire\n|-damage|p1a: Quagsire|23\/100\n|-unboost|p1a: Quagsire|spa|1\n|move|p1a: Quagsire|Liquidation|p2a: Clefable\n|-damage|p2a: Clefable|17\/100\n|\n|-heal|p2a: Clefable|23\/100|[from] item: Leftovers\n|-heal|p1a: Quagsire|29\/100|[from] item: Leftovers\n|upkeep\n|turn|26\n|\n|t:|1700353283\n|move|p2a: Clefable|Moonblast|p1a: Quagsire\n|-damage|p1a: Quagsire|0 fnt\n|faint|p1a: Quagsire\n|\n|-heal|p2a: Clefable|29\/100|[from] item: Leftovers\n|upkeep\n|\n|t:|1700353295\n|switch|p1a: Sandaconda|Sandaconda, F|53\/100\n|-damage|p1a: Sandaconda|47\/100|[from] Stealth Rock\n|turn|27\n|\n|t:|1700353304\n|move|p1a: Sandaconda|Scorching Sands|p2a: Clefable\n|-damage|p2a: Clefable|15\/100\n|move|p2a: Clefable|Moonblast|p1a: Sandaconda\n|-damage|p1a: Sandaconda|14\/100\n|-weather|Sandstorm|[from] ability: Sand Spit|[of] p1a: Sandaconda\n|\n|-weather|Sandstorm|[upkeep]\n|-heal|p2a: Clefable|21\/100|[from] item: Leftovers\n|upkeep\n|turn|28\n|\n|t:|1700353317\n|move|p1a: Sandaconda|Scorching Sands|p2a: Clefable\n|-damage|p2a: Clefable|9\/100\n|move|p2a: Clefable|Soft-Boiled|p2a: Clefable\n|-heal|p2a: Clefable|59\/100\n|\n|-weather|Sandstorm|[upkeep]\n|-heal|p2a: Clefable|65\/100|[from] item: Leftovers\n|upkeep\n|turn|29\n|\n|t:|1700353327\n|move|p1a: Sandaconda|Glare|p2a: Clefable\n|-status|p2a: Clefable|par\n|cant|p2a: Clefable|par\n|\n|-weather|Sandstorm|[upkeep]\n|-heal|p2a: Clefable|71\/100 par|[from] item: Leftovers\n|upkeep\n|turn|30\n|\n|t:|1700353338\n|move|p1a: Sandaconda|Scorching Sands|p2a: Clefable\n|-damage|p2a: Clefable|59\/100 par\n|move|p2a: Clefable|Moonblast|p1a: Sandaconda\n|-damage|p1a: Sandaconda|0 fnt\n|faint|p1a: Sandaconda\n|\n|-weather|Sandstorm|[upkeep]\n|-heal|p2a: Clefable|65\/100 par|[from] item: Leftovers\n|upkeep\n|\n|t:|1700353349\n|switch|p1a: Hippowdon|Hippowdon, F|100\/100\n|-damage|p1a: Hippowdon|94\/100|[from] Stealth Rock\n|turn|31\n|\n|t:|1700353372\n|move|p1a: Hippowdon|Heavy Slam|p2a: Clefable\n|-supereffective|p2a: Clefable\n|-damage|p2a: Clefable|0 fnt\n|faint|p2a: Clefable\n|\n|-weather|none\n|upkeep\n|inactive|Sing & Play has 120 seconds left.\n|\n|t:|1700353397\n|switch|p2a: Chandelure|Chandelure, F|100\/100\n|turn|32\n|inactive|Sing & Play has 120 seconds left.\n|\n|t:|1700353405\n|-terastallize|p2a: Chandelure|Ghost\n|move|p2a: Chandelure|Energy Ball|p1a: Hippowdon\n|-supereffective|p1a: Hippowdon\n|-damage|p1a: Hippowdon|28\/100\n|move|p1a: Hippowdon|Yawn|p2a: Chandelure\n|-start|p2a: Chandelure|move: Yawn|[of] p1a: Hippowdon\n|\n|upkeep\n|turn|33\n|\n|t:|1700353417\n|-terastallize|p1a: Hippowdon|Water\n|move|p2a: Chandelure|Energy Ball|p1a: Hippowdon\n|-supereffective|p1a: Hippowdon\n|-damage|p1a: Hippowdon|0 fnt\n|faint|p1a: Hippowdon\n|\n|win|Sing & Play\n|raw|Mage212's rating: 1152 &rarr; <strong>1117<\/strong><br \/>(-35 for losing)\n|raw|Sing &amp; Play's rating: 1000 &rarr; <strong>1056<\/strong><br \/>(+56 for winning)\n","uploadtime":1700353424,"views":26,"p1id":"mage212","p2id":"singplay","formatid":"gen9nationaldexubers","rating":1056,"private":0,"password":""}