{"id":"gen9nationaldexubers-1986294013","p1":"AlastorTheOverlord","p2":"RedFRLG2004","format":"[Gen 9] National Dex Ubers","log":"|j|\u2606AlastorTheOverlord\n|j|\u2606RedFRLG2004\n|t:|1699466911\n|gametype|singles\n|player|p1|AlastorTheOverlord|n|\n|player|p2|RedFRLG2004|red-gen3|\n|teamsize|p1|6\n|teamsize|p2|6\n|gen|9\n|tier|[Gen 9] National Dex Ubers\n|rule|HP Percentage Mod: HP is shown in percentages\n|rule|Endless Battle Clause: Forcing endless battles is banned\n|rule|OHKO Clause: OHKO moves are banned\n|rule|Evasion Moves Clause: Evasion moves are banned\n|rule|Evasion Items Clause: Evasion items are banned\n|rule|Species Clause: Limit one of each Pok\u00e9mon\n|rule|Sleep Clause Mod: Limit one foe put to sleep\n|rule|Mega Rayquaza Clause: You cannot mega evolve Rayquaza\n|clearpoke\n|poke|p1|Blastoise, M|\n|poke|p1|Galvantula, M|\n|poke|p1|Garganacl, M|\n|poke|p1|Scream Tail|\n|poke|p1|Dracovish|\n|poke|p1|Yveltal|\n|poke|p2|Samurott, M|\n|poke|p2|Stoutland, F|\n|poke|p2|Sigilyph, M|\n|poke|p2|Zekrom|\n|poke|p2|Volcarona, F|\n|poke|p2|Metagross|\n|teampreview\n|inactive|Battle timer is ON: inactive players will automatically lose when time's up. (requested by AlastorTheOverlord)\n|\n|t:|1699466942\n|start\n|switch|p1a: Rock N' Roll|Scream Tail|100\/100\n|switch|p2a: Matilda|Stoutland, F|100\/100\n|turn|1\n|\n|t:|1699466964\n|move|p1a: Rock N' Roll|Wish|p1a: Rock N' Roll\n|move|p2a: Matilda|Return|p1a: Rock N' Roll\n|-damage|p1a: Rock N' Roll|35\/100\n|\n|-heal|p1a: Rock N' Roll|42\/100|[from] item: Leftovers\n|upkeep\n|turn|2\n|inactive|AlastorTheOverlord has 270 seconds left.\n|\n|t:|1699466985\n|move|p1a: Rock N' Roll|Protect|p1a: Rock N' Roll\n|-singleturn|p1a: Rock N' Roll|Protect\n|move|p2a: Matilda|Return|p1a: Rock N' Roll\n|-activate|p1a: Rock N' Roll|move: Protect\n|\n|-heal|p1a: Rock N' Roll|92\/100|[from] move: Wish|[wisher] Rock N' Roll\n|-heal|p1a: Rock N' Roll|98\/100|[from] item: Leftovers\n|upkeep\n|turn|3\n|\n|t:|1699466992\n|move|p1a: Rock N' Roll|Thunder Wave|p2a: Matilda\n|-status|p2a: Matilda|par\n|cant|p2a: Matilda|par\n|\n|-heal|p1a: Rock N' Roll|100\/100|[from] item: Leftovers\n|upkeep\n|turn|4\n|\n|t:|1699467000\n|move|p1a: Rock N' Roll|Wish|p1a: Rock N' Roll\n|move|p2a: Matilda|Return|p1a: Rock N' Roll\n|-damage|p1a: Rock N' Roll|39\/100\n|\n|-heal|p1a: Rock N' Roll|46\/100|[from] item: Leftovers\n|upkeep\n|turn|5\n|\n|t:|1699467015\n|switch|p2a: Metagross|Metagross|100\/100\n|move|p1a: Rock N' Roll|Dazzling Gleam|p2a: Metagross\n|-resisted|p2a: Metagross\n|-damage|p2a: Metagross|89\/100\n|\n|-heal|p1a: Rock N' Roll|96\/100|[from] move: Wish|[wisher] Rock N' Roll\n|-heal|p1a: Rock N' Roll|100\/100|[from] item: Leftovers\n|upkeep\n|turn|6\n|\n|t:|1699467023\n|detailschange|p2a: Metagross|Metagross-Mega\n|-mega|p2a: Metagross|Metagross|Metagrossite\n|move|p2a: Metagross|Iron Head|p1a: Rock N' Roll\n|-supereffective|p1a: Rock N' Roll\n|-damage|p1a: Rock N' Roll|13\/100\n|move|p1a: Rock N' Roll|Thunder Wave|p2a: Metagross\n|-status|p2a: Metagross|par\n|\n|-heal|p1a: Rock N' Roll|19\/100|[from] item: Leftovers\n|upkeep\n|turn|7\n|\n|t:|1699467031\n|cant|p2a: Metagross|par\n|move|p1a: Rock N' Roll|Wish|p1a: Rock N' Roll\n|\n|-heal|p1a: Rock N' Roll|25\/100|[from] item: Leftovers\n|upkeep\n|turn|8\n|\n|t:|1699467041\n|-end|p1a: Rock N' Roll|Protosynthesis|[silent]\n|switch|p1a: Elektrotula|Galvantula, M, shiny|100\/100\n|move|p2a: Metagross|Iron Head|p1a: Elektrotula\n|-resisted|p1a: Elektrotula\n|-damage|p1a: Elektrotula|50\/100\n|\n|-heal|p1a: Elektrotula|100\/100|[from] move: Wish|[wisher] Rock N' Roll\n|upkeep\n|turn|9\n|\n|t:|1699467048\n|move|p1a: Elektrotula|Sticky Web|p2a: Metagross\n|-sidestart|p2: RedFRLG2004|move: Sticky Web\n|move|p2a: Metagross|Zen Headbutt|p1a: Elektrotula\n|-damage|p1a: Elektrotula|2\/100\n|\n|upkeep\n|turn|10\n|\n|t:|1699467056\n|move|p2a: Metagross|Bullet Punch|p1a: Elektrotula\n|-resisted|p1a: Elektrotula\n|-damage|p1a: Elektrotula|0 fnt\n|faint|p1a: Elektrotula\n|\n|upkeep\n|\n|t:|1699467064\n|switch|p1a: Black Eagle|Yveltal|100\/100\n|-ability|p1a: Black Eagle|Dark Aura\n|turn|11\n|\n|t:|1699467078\n|move|p1a: Black Eagle|U-turn|p2a: Metagross\n|-damage|p2a: Metagross|63\/100 par\n|-damage|p1a: Black Eagle|91\/100|[from] item: Life Orb\n|\n|t:|1699467085\n|switch|p1a: Grito de Borracho|Dracovish|100\/100|[from] U-turn\n|move|p2a: Metagross|Iron Head|p1a: Grito de Borracho\n|-resisted|p1a: Grito de Borracho\n|-damage|p1a: Grito de Borracho|71\/100\n|\n|upkeep\n|turn|12\n|\n|t:|1699467097\n|move|p2a: Metagross|Bullet Punch|p1a: Grito de Borracho\n|-resisted|p1a: Grito de Borracho\n|-damage|p1a: Grito de Borracho|55\/100\n|move|p1a: Grito de Borracho|Fishious Rend|p2a: Metagross\n|-damage|p2a: Metagross|16\/100 par\n|\n|upkeep\n|turn|13\n|\n|t:|1699467104\n|cant|p2a: Metagross|par\n|move|p1a: Grito de Borracho|Fishious Rend|p2a: Metagross\n|-damage|p2a: Metagross|0 fnt\n|faint|p2a: Metagross\n|\n|upkeep\n|\n|t:|1699467111\n|switch|p2a: Matilda|Stoutland, F|100\/100 par\n|-activate|p2a: Matilda|move: Sticky Web\n|-unboost|p2a: Matilda|spe|1\n|turn|14\n|\n|t:|1699467117\n|move|p1a: Grito de Borracho|Fishious Rend|p2a: Matilda\n|-damage|p2a: Matilda|0 fnt\n|faint|p2a: Matilda\n|\n|upkeep\n|\n|t:|1699467123\n|switch|p2a: Samurott|Samurott, M|100\/100\n|-activate|p2a: Samurott|move: Sticky Web\n|-unboost|p2a: Samurott|spe|1\n|turn|15\n|\n|t:|1699467143\n|move|p1a: Grito de Borracho|Fishious Rend|p2a: Samurott\n|-resisted|p2a: Samurott\n|-damage|p2a: Samurott|40\/100\n|move|p2a: Samurott|Night Slash|p1a: Grito de Borracho\n|-damage|p1a: Grito de Borracho|30\/100\n|\n|upkeep\n|turn|16\n|\n|t:|1699467150\n|move|p2a: Samurott|Aqua Jet|p1a: Grito de Borracho\n|-resisted|p1a: Grito de Borracho\n|-damage|p1a: Grito de Borracho|25\/100\n|move|p1a: Grito de Borracho|Fishious Rend|p2a: Samurott\n|-resisted|p2a: Samurott\n|-damage|p2a: Samurott|10\/100\n|\n|upkeep\n|turn|17\n|\n|t:|1699467156\n|move|p2a: Samurott|Aqua Jet|p1a: Grito de Borracho\n|-resisted|p1a: Grito de Borracho\n|-damage|p1a: Grito de Borracho|18\/100\n|move|p1a: Grito de Borracho|Fishious Rend|p2a: Samurott\n|-resisted|p2a: Samurott\n|-damage|p2a: Samurott|0 fnt\n|faint|p2a: Samurott\n|\n|upkeep\n|\n|t:|1699467164\n|switch|p2a: Zekrom|Zekrom|100\/100\n|-activate|p2a: Zekrom|move: Sticky Web\n|-unboost|p2a: Zekrom|spe|1\n|-ability|p2a: Zekrom|Teravolt\n|turn|18\n|\n|t:|1699467171\n|move|p1a: Grito de Borracho|Fishious Rend|p2a: Zekrom\n|-resisted|p2a: Zekrom\n|-damage|p2a: Zekrom|61\/100\n|move|p2a: Zekrom|Reflect|p2a: Zekrom\n|-sidestart|p2: RedFRLG2004|Reflect\n|\n|upkeep\n|turn|19\n|\n|t:|1699467176\n|move|p1a: Grito de Borracho|Fishious Rend|p2a: Zekrom\n|-resisted|p2a: Zekrom\n|-damage|p2a: Zekrom|42\/100\n|move|p2a: Zekrom|Light Screen|p2a: Zekrom\n|-sidestart|p2: RedFRLG2004|move: Light Screen\n|\n|upkeep\n|turn|20\n|\n|t:|1699467182\n|switch|p2a: Mothra|Volcarona, F|100\/100\n|move|p1a: Grito de Borracho|Fishious Rend|p2a: Mothra\n|-supereffective|p2a: Mothra\n|-damage|p2a: Mothra|0 fnt\n|faint|p2a: Mothra\n|\n|upkeep\n|\n|t:|1699467184\n|switch|p2a: Sigilyph|Sigilyph, M|100\/100\n|turn|21\n|\n|t:|1699467187\n|move|p1a: Grito de Borracho|Fishious Rend|p2a: Sigilyph\n|-damage|p2a: Sigilyph|39\/100\n|move|p2a: Sigilyph|Cosmic Power|p2a: Sigilyph\n|-boost|p2a: Sigilyph|def|1\n|-boost|p2a: Sigilyph|spd|1\n|\n|upkeep\n|turn|22\n|\n|t:|1699467191\n|move|p1a: Grito de Borracho|Fishious Rend|p2a: Sigilyph\n|-damage|p2a: Sigilyph|0 fnt\n|faint|p2a: Sigilyph\n|\n|upkeep\n|\n|t:|1699467195\n|switch|p2a: Zekrom|Zekrom|42\/100\n|-activate|p2a: Zekrom|move: Sticky Web\n|-unboost|p2a: Zekrom|spe|1\n|-ability|p2a: Zekrom|Teravolt\n|turn|23\n|\n|t:|1699467198\n|move|p1a: Grito de Borracho|Fishious Rend|p2a: Zekrom\n|-resisted|p2a: Zekrom\n|-damage|p2a: Zekrom|23\/100\n|move|p2a: Zekrom|Dragon Claw|p1a: Grito de Borracho\n|-supereffective|p1a: Grito de Borracho\n|-damage|p1a: Grito de Borracho|0 fnt\n|faint|p1a: Grito de Borracho\n|\n|upkeep\n|\n|t:|1699467212\n|switch|p1a: Rock N' Roll|Scream Tail|25\/100\n|turn|24\n|\n|t:|1699467217\n|move|p1a: Rock N' Roll|Dazzling Gleam|p2a: Zekrom\n|-supereffective|p2a: Zekrom\n|-damage|p2a: Zekrom|8\/100\n|move|p2a: Zekrom|Fusion Bolt|p1a: Rock N' Roll\n|-damage|p1a: Rock N' Roll|0 fnt\n|faint|p1a: Rock N' Roll\n|-end|p1a: Rock N' Roll|Protosynthesis|[silent]\n|\n|upkeep\n|\n|t:|1699467223\n|switch|p1a: Black Eagle|Yveltal|91\/100\n|-ability|p1a: Black Eagle|Dark Aura\n|turn|25\n|\n|t:|1699467229\n|move|p1a: Black Eagle|Sucker Punch||[still]\n|-fail|p1a: Black Eagle\n|move|p2a: Zekrom|Light Screen||[still]\n|-fail|p2a: Zekrom\n|\n|-sideend|p2: RedFRLG2004|Reflect\n|upkeep\n|turn|26\n|\n|t:|1699467234\n|move|p1a: Black Eagle|Dual Wingbeat|p2a: Zekrom\n|-resisted|p2a: Zekrom\n|-damage|p2a: Zekrom|0 fnt\n|faint|p2a: Zekrom\n|-hitcount|p2: Zekrom|1\n|-damage|p1a: Black Eagle|81\/100|[from] item: Life Orb\n|\n|win|AlastorTheOverlord\n|l|\u2606RedFRLG2004\n|j|\u2606RedFRLG2004\n|player|p2|RedFRLG2004|red-gen3\n|l|\u2606RedFRLG2004\n|player|p2|\n","uploadtime":1699467247,"views":9,"p1id":"alastortheoverlord","p2id":"redfrlg2004","formatid":"gen9nationaldexubers","rating":0,"private":0,"password":""}