{"id":"gen9nationaldexubers-1991498682","p1":"Kemowastaken","p2":"PurpleRedSans15800","format":"[Gen 9] National Dex Ubers","log":"|j|\u2606Kemowastaken\n|j|\u2606PurpleRedSans15800\n|t:|1700082478\n|gametype|singles\n|player|p1|Kemowastaken|2|1043\n|player|p2|PurpleRedSans15800|red|1049\n|teamsize|p1|6\n|teamsize|p2|6\n|gen|9\n|tier|[Gen 9] National Dex Ubers\n|rated|\n|rule|HP Percentage Mod: HP is shown in percentages\n|rule|Endless Battle Clause: Forcing endless battles is banned\n|rule|OHKO Clause: OHKO moves are banned\n|rule|Evasion Moves Clause: Evasion moves are banned\n|rule|Evasion Items Clause: Evasion items are banned\n|rule|Species Clause: Limit one of each Pok\u00e9mon\n|rule|Sleep Clause Mod: Limit one foe put to sleep\n|rule|Mega Rayquaza Clause: You cannot mega evolve Rayquaza\n|clearpoke\n|poke|p1|Gardevoir, M|\n|poke|p1|Lucario, F|\n|poke|p1|Vaporeon, M|\n|poke|p1|Lopunny, F|\n|poke|p1|Zoroark, F|\n|poke|p1|Pheromosa|\n|poke|p2|Glimmora, F|\n|poke|p2|Kyurem-Black|\n|poke|p2|Mewtwo|\n|poke|p2|Groudon|\n|poke|p2|Kyogre|\n|poke|p2|Deoxys-Speed|\n|teampreview\n|\n|t:|1700082492\n|start\n|switch|p1a: Gardevoir|Gardevoir, M|100\/100\n|switch|p2a: Glimmora|Glimmora, F, shiny|100\/100\n|turn|1\n|\n|t:|1700082498\n|move|p1a: Gardevoir|Taunt|p2a: Glimmora\n|-start|p2a: Glimmora|move: Taunt\n|cant|p2a: Glimmora|move: Taunt|Toxic Spikes\n|\n|upkeep\n|turn|2\n|\n|t:|1700082509\n|-terastallize|p2a: Glimmora|Normal\n|move|p1a: Gardevoir|Reflect|p1a: Gardevoir\n|-sidestart|p1: Kemowastaken|Reflect\n|move|p2a: Glimmora|Sludge Wave|p1a: Gardevoir\n|-supereffective|p1a: Gardevoir\n|-damage|p1a: Gardevoir|22\/100\n|\n|-damage|p2a: Glimmora|88\/100|[from] item: Black Sludge\n|upkeep\n|turn|3\n|\n|t:|1700082517\n|move|p1a: Gardevoir|Light Screen|p1a: Gardevoir\n|-sidestart|p1: Kemowastaken|move: Light Screen\n|move|p2a: Glimmora|Sludge Wave|p1a: Gardevoir\n|-supereffective|p1a: Gardevoir\n|-damage|p1a: Gardevoir|0 fnt\n|faint|p1a: Gardevoir\n|\n|-damage|p2a: Glimmora|76\/100|[from] item: Black Sludge\n|-end|p2a: Glimmora|move: Taunt\n|upkeep\n|c|\u2606PurpleRedSans15800|you wuanted\n|\n|t:|1700082541\n|switch|p1a: Lopunny|Lopunny, F|100\/100\n|turn|4\n|c|\u2606PurpleRedSans15800|kkkkk\n|\n|t:|1700082547\n|move|p1a: Lopunny|Nasty Plot|p1a: Lopunny\n|-boost|p1a: Lopunny|spa|2\n|move|p2a: Glimmora|Toxic Spikes|p1a: Lopunny\n|-sidestart|p1: Kemowastaken|move: Toxic Spikes\n|\n|-damage|p2a: Glimmora|63\/100|[from] item: Black Sludge\n|upkeep\n|turn|5\n|\n|t:|1700082581\n|move|p1a: Lopunny|Nasty Plot|p1a: Lopunny\n|-boost|p1a: Lopunny|spa|2\n|move|p2a: Glimmora|Toxic Spikes|p1a: Lopunny\n|-sidestart|p1: Kemowastaken|move: Toxic Spikes\n|\n|-damage|p2a: Glimmora|51\/100|[from] item: Black Sludge\n|upkeep\n|turn|6\n|\n|t:|1700082606\n|move|p1a: Lopunny|Dark Pulse|p2a: Glimmora\n|-damage|p2a: Glimmora|0 fnt\n|faint|p2a: Glimmora\n|\n|upkeep\n|c|\u2606PurpleRedSans15800|i know it is zorowak\n|\n|t:|1700082615\n|switch|p2a: Deoxys|Deoxys-Speed|100\/100\n|-ability|p2a: Deoxys|Pressure\n|turn|7\n|c|\u2606Kemowastaken|Ok\n|\n|t:|1700082634\n|move|p2a: Deoxys|Calm Mind|p2a: Deoxys\n|-boost|p2a: Deoxys|spa|1\n|-boost|p2a: Deoxys|spd|1\n|move|p1a: Lopunny|Dark Pulse|p2a: Deoxys\n|-supereffective|p2a: Deoxys\n|-enditem|p2a: Deoxys|Focus Sash\n|-damage|p2a: Deoxys|1\/100\n|\n|upkeep\n|turn|8\n|\n|t:|1700082644\n|move|p2a: Deoxys|Psyshock|p1a: Lopunny\n|-immune|p1a: Lopunny\n|move|p1a: Lopunny|Dark Pulse|p2a: Deoxys\n|-supereffective|p2a: Deoxys\n|-damage|p2a: Deoxys|0 fnt\n|faint|p2a: Deoxys\n|\n|upkeep\n|c|\u2606Kemowastaken|Lol\n|c|\u2606PurpleRedSans15800|told\n|\n|t:|1700082658\n|switch|p2a: Kyogre|Kyogre, shiny|100\/100\n|detailschange|p2a: Kyogre|Kyogre-Primal, shiny\n|-primal|p2a: Kyogre|Blue Orb\n|-weather|PrimordialSea|[from] ability: Primordial Sea|[of] p2a: Kyogre\n|turn|9\n|c|\u2606Kemowastaken|If you knew then why use psyshock\n|c|\u2606PurpleRedSans15800|idk\n|\n|t:|1700082697\n|move|p1a: Lopunny|Dark Pulse|p2a: Kyogre\n|-damage|p2a: Kyogre|29\/100\n|move|p2a: Kyogre|Thunder|p1a: Lopunny\n|-damage|p1a: Lopunny|58\/100\n|replace|p1a: Zoroark|Zoroark, F\n|-end|p1a: Zoroark|Illusion\n|\n|-weather|PrimordialSea|[upkeep]\n|-sideend|p1: Kemowastaken|Reflect\n|upkeep\n|turn|10\n|\n|t:|1700082708\n|move|p1a: Zoroark|Dark Pulse|p2a: Kyogre\n|-damage|p2a: Kyogre|0 fnt\n|faint|p2a: Kyogre\n|-weather|none\n|\n|-sideend|p1: Kemowastaken|move: Light Screen\n|upkeep\n|\n|t:|1700082714\n|switch|p2a: Groudon|Groudon, shiny|100\/100\n|detailschange|p2a: Groudon|Groudon-Primal, shiny\n|-primal|p2a: Groudon|Red Orb\n|-weather|DesolateLand|[from] ability: Desolate Land|[of] p2a: Groudon\n|turn|11\n|\n|t:|1700082724\n|move|p1a: Zoroark|Dark Pulse|p2a: Groudon\n|-damage|p2a: Groudon|17\/100\n|cant|p2a: Groudon|flinch\n|\n|-weather|DesolateLand|[upkeep]\n|upkeep\n|turn|12\n|\n|t:|1700082731\n|move|p1a: Zoroark|Dark Pulse|p2a: Groudon\n|-damage|p2a: Groudon|0 fnt\n|faint|p2a: Groudon\n|-weather|none\n|\n|upkeep\n|\n|t:|1700082736\n|switch|p2a: Mewtwo|Mewtwo|100\/100\n|-ability|p2a: Mewtwo|Unnerve\n|turn|13\n|\n|t:|1700082746\n|detailschange|p2a: Mewtwo|Mewtwo-Mega-Y\n|-mega|p2a: Mewtwo|Mewtwo|Mewtwonite Y\n|move|p2a: Mewtwo|Calm Mind|p2a: Mewtwo\n|-boost|p2a: Mewtwo|spa|1\n|-boost|p2a: Mewtwo|spd|1\n|move|p1a: Zoroark|Dark Pulse|p2a: Mewtwo\n|-supereffective|p2a: Mewtwo\n|-damage|p2a: Mewtwo|0 fnt\n|faint|p2a: Mewtwo\n|\n|upkeep\n|\n|t:|1700082755\n|switch|p2a: Kyurem|Kyurem-Black, shiny|100\/100\n|-ability|p2a: Kyurem|Teravolt\n|turn|14\n|\n|t:|1700082775\n|move|p1a: Zoroark|Dark Pulse|p2a: Kyurem\n|-damage|p2a: Kyurem|16\/100\n|move|p2a: Kyurem|Freeze Shock||[still]\n|-prepare|p2a: Kyurem|Freeze Shock\n|\n|upkeep\n|turn|15\n|c|\u2606PurpleRedSans15800|noooo\n|c|\u2606Kemowastaken|Uhhh\n|c|\u2606PurpleRedSans15800|i missclick\n|c|\u2606Kemowastaken|What\n|c|\u2606PurpleRedSans15800|:(\n|c|\u2606PurpleRedSans15800|gg\n|c|\u2606Kemowastaken|Wait what does freeze shock even do?\n|\n|t:|1700082813\n|move|p1a: Zoroark|Dark Pulse|p2a: Kyurem\n|-damage|p2a: Kyurem|0 fnt\n|faint|p2a: Kyurem\n|\n|win|Kemowastaken\n|raw|Kemowastaken's rating: 1043 &rarr; <strong>1077<\/strong><br \/>(+34 for winning)\n|raw|PurpleRedSans15800's rating: 1049 &rarr; <strong>1031<\/strong><br \/>(-18 for losing)\n|c|\u2606Kemowastaken|Gg i guess\n|c|\u2606PurpleRedSans15800|!data freeze shock\n|raw|<ul class=\"utilichart\"><li class=\"result\"><span class=\"col movenamecol\"><a href=\"https:\/\/dex.pokemonshowdown.com\/moves\/freezeshock\">Freeze Shock<\/a><\/span> <span class=\"col typecol\"><img src=\"\/\/play.pokemonshowdown.com\/sprites\/types\/Ice.png\" alt=\"Ice\" width=\"32\" height=\"14\"><img src=\"\/\/play.pokemonshowdown.com\/sprites\/categories\/Physical.png\" alt=\"Physical\" width=\"32\" height=\"14\"><\/span> <span class=\"col labelcol\"><em>Power<\/em><br>140<\/span> <span class=\"col widelabelcol\"><em>Accuracy<\/em><br>90%<\/span> <span class=\"col pplabelcol\"><em>PP<\/em><br>8<\/span> <span class=\"col movedesccol\">Charges turn 1. Hits turn 2. 30% paralyze.<\/span> <\/li><li style=\"clear:both\"><\/li><\/ul>\n\n|l|\u2606PurpleRedSans15800\n|c|\u2606Kemowastaken|Ah\n|c|\u2606Kemowastaken|Never heard of this move ._.\n","uploadtime":1700082872,"views":7,"p1id":"kemowastaken","p2id":"purpleredsans15800","formatid":"gen9nationaldexubers","rating":1031,"private":0,"password":""}